市场代码,合约代码,时间,最新,持仓,增仓,成交额,成交量,开仓,平仓,成交类型,方向,买一价,买二价,买三价,买四价,买五价,卖一价,卖二价,卖三价,卖四价,卖五价,买一量,买二量,买三量,买四量,买五量,卖一量,卖二量,卖三量,卖四量,卖五量
SF,IH2012,2020-10-22 09:29:00.300,3340.2000,32717,0,13026780.000,13.000,-,-,-,-,3340.0000,3338.6000,3338.2000,3338.0000,3337.2000,3340.4000,3340.8000,3341.0000,3343.6000,3343.8000,2,1,1,1,1,4,4,6,1,2
SF,IH2012,2020-10-22 09:30:00.300,3339.8000,32711,-6,24049200.000,11,2,9,多平,S,3339.0000,3338.6000,3338.2000,3338.0000,3337.2000,3339.8000,3340.0000,3340.2000,3340.6000,3341.0000,1,1,2,1,1,4,3,1,4,3
SF,IH2012,2020-10-22 09:30:00.800,3338.8000,32707,-4,33064800.000,9,2,7,多平,S,3338.2000,3338.0000,3337.2000,3337.0000,3336.8000,3339.0000,3339.8000,3340.0000,3341.0000,3342.0000,2,1,1,2,1,10,1,3,3,1
SF,IH2012,2020-10-22 09:30:01.300,3339.0000,32705,-2,36069420.000,3,0,3,多平,S,3338.4000,3338.2000,3338.0000,3337.2000,3337.0000,3339.0000,3339.8000,3340.0000,3341.0000,3342.0000,1,1,1,1,2,14,1,4,3,1
SF,IH2012,2020-10-22 09:30:01.800,3338.6000,32701,-4,41076540.000,5,0,5,多平,S,3337.0000,3336.8000,3336.2000,3336.0000,3335.8000,3338.6000,3338.8000,3339.0000,3339.8000,3340.0000,2,1,1,1,1,4,2,24,1,9
SF,IH2012,2020-10-22 09:30:02.300,3338.6000,32701,0,47086020.000,6,3,3,多换,S,3337.0000,3336.8000,3336.2000,3336.0000,3335.8000,3338.6000,3339.0000,3339.8000,3340.0000,3340.8000,2,1,1,1,1,3,24,1,10,1
SF,IH2012,2020-10-22 09:30:02.800,3337.0000,32700,-1,49088700.000,2,0,2,多平,S,3337.0000,3336.8000,3336.2000,3336.0000,3335.8000,3338.4000,3339.0000,3339.8000,3340.0000,3340.8000,1,1,1,1,1,1,24,1,10,1
SF,IH2012,2020-10-22 09:30:03.300,3337.2000,32698,-2,51091380.000,2,0,2,双平,S,3337.0000,3336.8000,3336.2000,3336.0000,3335.8000,3339.0000,3339.2000,3339.8000,3340.0000,3340.8000,1,1,1,1,1,24,1,1,10,1
SF,IH2012,2020-10-22 09:30:03.800,3337.0000,32697,-1,52092480.000,1,0,1,双平,S,3336.8000,3336.2000,3336.0000,3335.8000,3335.2000,3337.0000,3338.8000,3339.0000,3339.2000,3339.8000,1,1,1,1,1,2,1,21,1,1
SF,IH2012,2020-10-22 09:30:04.300,3337.0000,32692,-5,57097980.000,5,0,5,双平,S,3337.4000,3337.2000,3337.0000,3336.8000,3336.2000,3338.8000,3339.0000,3339.2000,3339.8000,3340.0000,1,3,9,2,1,1,11,1,1,10
SF,IH2012,2020-10-22 09:30:04.800,3336.8000,32684,-8,65107440.000,8,0,8,双平,S,3336.2000,3336.0000,3335.8000,3335.2000,3335.0000,3336.8000,3339.0000,3339.2000,3339.8000,3340.0000,1,2,1,1,3,3,11,1,1,10
SF,IH2012,2020-10-22 09:30:05.300,3337.0000,32678,-6,71113740.000,6,0,6,双平,S,3336.8000,3336.4000,3336.2000,3336.0000,3335.8000,3339.0000,3339.2000,3339.8000,3340.0000,3340.8000,3,1,1,2,2,11,1,1,10,1
SF,IH2012,2020-10-22 09:30:05.800,3336.4000,32675,-3,75117840.000,4,0,4,多平,S,3336.6000,3336.2000,3336.0000,3335.8000,3335.2000,3338.8000,3339.0000,3339.2000,3339.8000,3340.0000,2,1,2,2,1,1,11,1,1,10
SF,IH2012,2020-10-22 09:30:06.300,3338.8000,32673,-2,77120460.000,2,0,2,双平,S,3336.8000,3336.6000,3336.2000,3336.0000,3335.8000,3339.0000,3339.2000,3339.8000,3340.0000,3340.8000,1,1,1,2,2,10,1,1,10,1
SF,IH2012,2020-10-22 09:30:06.800,3338.8000,32673,0,77120460.000,0,-,-,-,-,3337.6000,3336.8000,3336.6000,3336.2000,3336.0000,3338.6000,3338.8000,3339.0000,3339.2000,3339.8000,1,2,1,1,2,3,1,10,1,1
SF,IH2012,2020-10-22 09:30:07.300,3338.4000,32671,-2,79123260.000,2,0,2,双平,S,3336.8000,3336.6000,3336.2000,3336.0000,3335.8000,3337.4000,3337.6000,3338.6000,3338.8000,3339.0000,2,1,1,2,2,1,1,3,1,10
SF,IH2012,2020-10-22 09:30:07.800,3336.6000,32670,-1,81125280.000,2,0,2,多平,S,3336.2000,3336.0000,3335.8000,3335.6000,3335.2000,3336.6000,3337.6000,3338.6000,3338.8000,3339.0000,1,2,2,1,1,1,1,2,1,10
SF,IH2012,2020-10-22 09:30:08.300,3336.2000,32670,0,83127120.000,2,1,1,多换,S,3336.0000,3335.8000,3335.6000,3335.2000,3335.0000,3337.6000,3338.6000,3338.8000,3339.0000,3339.2000,2,2,1,1,3,1,2,2,10,1
SF,IH2012,2020-10-22 09:30:08.800,3337.6000,32668,-2,85129260.000,2,0,2,双平,S,3336.2000,3336.0000,3335.8000,3335.6000,3335.2000,3338.6000,3338.8000,3339.0000,3339.2000,3339.8000,1,2,2,1,2,2,2,10,1,1
SF,IH2012,2020-10-22 09:30:09.300,3337.6000,32668,0,85129260.000,0,-,-,-,-,3336.6000,3336.4000,3336.0000,3335.8000,3335.6000,3338.8000,3339.0000,3339.2000,3339.8000,3340.0000,5,4,2,2,1,1,10,1,1,11
SF,IH2012,2020-10-22 09:30:09.800,3336.8000,32667,-1,87131880.000,2,0,2,多平,S,3336.8000,3336.6000,3336.4000,3336.0000,3335.8000,3338.6000,3338.8000,3339.0000,3339.2000,3339.8000,2,5,1,2,2,1,1,10,1,1
SF,IH2012,2020-10-22 09:30:10.300,3337.2000,32664,-3,93138900.000,6,1,5,多平,S,3337.4000,3337.0000,3336.8000,3336.6000,3336.4000,3338.8000,3339.0000,3339.2000,3339.8000,3340.0000,2,2,2,1,1,1,10,1,1,8
SF,IH2012,2020-10-22 09:30:10.800,3337.2000,32664,0,93138900.000,0,-,-,-,-,3337.4000,3337.0000,3336.6000,3336.4000,3336.2000,3338.8000,3339.0000,3339.2000,3339.8000,3340.0000,3,3,1,1,1,1,10,1,1,8
SF,IH2012,2020-10-22 09:30:11.300,3337.4000,32663,-1,94140120.000,1,0,1,双平,S,3337.6000,3337.4000,3337.0000,3336.8000,3336.6000,3338.8000,3339.0000,3339.2000,3339.8000,3340.0000,2,3,3,1,1,1,10,1,1,8
SF,IH2012,2020-10-22 09:30:11.800,3337.0000,32659,-4,103150860.000,9,2,7,多平,S,3337.0000,3336.8000,3336.6000,3336.2000,3336.0000,3337.4000,3338.6000,3338.8000,3339.0000,3339.2000,1,1,1,1,2,1,2,2,10,1
SF,IH2012,2020-10-22 09:30:12.300,3337.4000,32659,0,104152080.000,1,0,1,多换,S,3337.4000,3337.0000,3336.8000,3336.6000,3336.2000,3338.6000,3338.8000,3339.0000,3339.2000,3340.0000,1,1,1,1,1,2,1,10,1,8
SF,IH2012,2020-10-22 09:30:12.800,3337.4000,32659,0,104152080.000,0,-,-,-,-,3337.0000,3336.8000,3336.6000,3336.2000,3336.0000,3338.2000,3338.4000,3338.6000,3338.8000,3339.0000,1,1,1,1,2,5,2,3,1,10
SF,IH2012,2020-10-22 09:30:13.300,3337.4000,32659,0,104152080.000,0,-,-,-,-,3337.0000,3336.8000,3336.6000,3336.2000,3336.0000,3337.4000,3338.4000,3338.8000,3339.2000,3340.0000,1,1,1,1,2,1,1,1,1,10
SF,IH2012,2020-10-22 09:30:13.800,3337.4000,32658,-1,105153300.000,1,0,1,双平,S,3337.4000,3337.0000,3336.8000,3336.6000,3336.2000,3338.4000,3338.8000,3339.2000,3340.0000,3340.8000,1,1,1,1,1,1,1,1,10,1
SF,IH2012,2020-10-22 09:30:14.300,3338.2000,32657,-1,106154760.000,1,0,1,双平,S,3337.0000,3336.8000,3336.6000,3336.2000,3336.0000,3338.2000,3338.4000,3338.8000,3339.2000,3340.0000,1,1,1,1,2,1,2,1,1,10
SF,IH2012,2020-10-22 09:30:14.800,3338.2000,32657,0,106154760.000,0,-,-,-,-,3337.2000,3337.0000,3336.8000,3336.6000,3336.2000,3337.6000,3338.4000,3338.8000,3339.2000,3340.0000,1,1,1,1,1,1,1,1,1,10
SF,IH2012,2020-10-22 09:30:15.300,3337.6000,32656,-1,107156040.000,1,0,1,双平,S,3337.4000,3337.0000,3336.8000,3336.6000,3336.2000,3338.4000,3338.8000,3339.2000,3340.0000,3340.8000,1,1,1,1,1,1,1,1,10,1
SF,IH2012,2020-10-22 09:30:15.800,3337.0000,32655,-1,109158360.000,2,0,2,多平,S,3336.8000,3336.6000,3336.2000,3336.0000,3335.8000,3337.0000,3337.2000,3338.4000,3338.8000,3339.2000,1,1,1,2,2,3,10,1,1,1
SF,IH2012,2020-10-22 09:30:16.300,3337.0000,32652,-3,112161660.000,3,0,3,双平,S,3336.8000,3336.6000,3336.2000,3336.0000,3335.8000,3337.2000,3338.4000,3338.8000,3339.2000,3340.0000,1,1,1,2,2,10,1,1,1,10
SF,IH2012,2020-10-22 09:30:16.800,3338.4000,32642,-10,123174780.000,11,0,11,多平,S,3337.2000,3336.8000,3336.6000,3336.2000,3336.0000,3338.8000,3339.2000,3340.0000,3340.8000,3341.0000,2,1,1,1,2,1,1,10,1,3
SF,IH2012,2020-10-22 09:30:17.300,3338.4000,32642,0,123174780.000,0,-,-,-,-,3337.4000,3337.2000,3337.0000,3336.8000,3336.6000,3338.8000,3339.2000,3340.0000,3340.8000,3341.0000,1,2,1,1,1,1,1,10,1,3
SF,IH2012,2020-10-22 09:30:17.800,3338.4000,32642,0,123174780.000,0,-,-,-,-,3338.0000,3337.2000,3337.0000,3336.8000,3336.6000,3338.8000,3339.2000,3340.0000,3340.8000,3341.0000,2,2,1,1,1,1,1,10,1,3
SF,IH2012,2020-10-22 09:30:18.300,3338.4000,32642,0,123174780.000,0,-,-,-,-,3338.0000,3337.2000,3337.0000,3336.8000,3336.6000,3338.8000,3339.2000,3340.0000,3340.4000,3340.8000,2,2,1,1,1,1,1,10,1,1
SF,IH2012,2020-10-22 09:30:18.800,3338.8000,32642,0,124176420.000,1,0,1,多换,S,3338.0000,3337.4000,3337.2000,3337.0000,3336.8000,3339.2000,3340.0000,3340.4000,3340.8000,3341.0000,2,1,1,1,1,1,10,1,1,3
SF,IH2012,2020-10-22 09:30:19.300,3338.8000,32642,0,124176420.000,0,-,-,-,-,3338.2000,3338.0000,3337.4000,3337.2000,3337.0000,3339.2000,3340.0000,3340.4000,3340.8000,3341.0000,1,2,1,2,2,1,10,1,1,3
SF,IH2012,2020-10-22 09:30:19.800,3339.2000,32641,-1,125178180.000,1,0,1,双平,S,3339.2000,3339.0000,3338.4000,3338.0000,3337.4000,3340.0000,3340.4000,3340.8000,3341.0000,3342.0000,1,1,3,2,1,10,1,1,3,1
SF,IH2012,2020-10-22 09:30:20.300,3339.2000,32640,-1,126179940.000,1,0,1,双平,S,3338.4000,3338.0000,3337.4000,3337.2000,3337.0000,3340.0000,3340.4000,3340.8000,3341.0000,3342.0000,2,2,1,2,2,10,1,1,3,1
SF,IH2012,2020-10-22 09:30:20.800,3340.0000,32640,0,127181940.000,1,0,1,多换,S,3338.8000,3338.6000,3338.4000,3338.0000,3337.2000,3340.0000,3340.4000,3340.8000,3341.0000,3342.0000,1,3,1,2,2,9,1,1,3,1
SF,IH2012,2020-10-22 09:30:21.300,3340.0000,32638,-2,129185940.000,2,0,2,双平,S,3339.0000,3338.8000,3338.4000,3338.0000,3337.2000,3340.0000,3340.4000,3340.8000,3341.0000,3342.0000,3,1,1,2,2,7,1,1,3,1
SF,IH2012,2020-10-22 09:30:21.800,3340.0000,32638,0,129185940.000,0,-,-,-,-,3339.4000,3339.0000,3338.4000,3338.0000,3337.2000,3340.0000,3340.4000,3340.8000,3341.0000,3342.0000,1,1,1,2,2,7,1,1,3,1
SF,IH2012,2020-10-22 09:30:22.300,3340.0000,32638,0,129185940.000,0,-,-,-,-,3339.4000,3338.4000,3338.0000,3337.2000,3337.0000,3340.0000,3340.4000,3340.8000,3341.0000,3342.0000,1,1,2,2,2,6,1,1,3,1
SF,IH2012,2020-10-22 09:30:22.800,3340.0000,32638,0,129185940.000,0,-,-,-,-,3338.4000,3338.0000,3337.2000,3337.0000,3336.8000,3340.0000,3340.4000,3340.8000,3341.0000,3342.0000,1,2,2,2,1,6,1,1,3,1
SF,IH2012,2020-10-22 09:30:23.300,3340.0000,32638,0,130187940.000,1,0,1,多换,S,3339.2000,3339.0000,3338.8000,3338.6000,3338.4000,3340.0000,3340.4000,3340.8000,3341.0000,3342.0000,1,2,3,3,1,5,1,1,3,1
SF,IH2012,2020-10-22 09:30:23.800,3340.0000,32637,-1,131189940.000,1,0,1,双平,S,3339.0000,3338.8000,3338.6000,3338.4000,3338.0000,3340.0000,3340.4000,3340.8000,3341.0000,3342.0000,2,3,2,1,2,4,1,1,3,1
SF,IH2012,2020-10-22 09:30:24.300,3340.0000,32634,-3,134195940.000,3,0,3,双平,S,3339.2000,3339.0000,3338.8000,3338.6000,3338.4000,3340.0000,3340.4000,3340.8000,3341.0000,3342.0000,3,1,3,2,1,1,1,1,3,1
SF,IH2012,2020-10-22 09:30:24.800,3340.0000,32633,-1,135197940.000,1,0,1,双平,S,3340.2000,3339.8000,3339.4000,3339.2000,3339.0000,3340.4000,3340.8000,3341.0000,3342.0000,3343.0000,1,1,2,1,1,1,1,3,1,1
SF,IH2012,2020-10-22 09:30:25.300,3340.4000,32632,-1,137202120.000,2,0,2,多平,S,3339.0000,3338.8000,3338.6000,3338.4000,3338.0000,3340.8000,3341.0000,3342.0000,3343.0000,3343.8000,1,3,2,1,2,1,3,1,1,2
SF,IH2012,2020-10-22 09:30:25.800,3340.0000,32632,0,138204120.000,1,0,1,多换,S,3339.6000,3339.2000,3339.0000,3338.8000,3338.6000,3340.8000,3341.0000,3342.0000,3343.0000,3343.8000,2,2,1,3,2,1,3,1,1,2
SF,IH2012,2020-10-22 09:30:26.300,3340.4000,32631,-1,139206240.000,1,0,1,双平,S,3339.8000,3339.6000,3339.2000,3339.0000,3338.8000,3340.8000,3341.0000,3342.0000,3343.0000,3343.8000,1,2,1,1,3,1,3,1,1,2
SF,IH2012,2020-10-22 09:30:26.800,3339.8000,32630,-1,140208180.000,1,0,1,双平,S,3339.6000,3339.2000,3339.0000,3338.8000,3338.6000,3340.8000,3341.0000,3342.0000,3343.0000,3343.8000,2,1,1,3,2,1,3,1,1,2
SF,IH2012,2020-10-22 09:30:27.300,3339.8000,32630,0,140208180.000,0,-,-,-,-,3339.6000,3339.2000,3339.0000,3338.8000,3338.6000,3340.0000,3340.8000,3341.0000,3342.0000,3343.0000,2,1,1,3,2,1,1,3,1,1
SF,IH2012,2020-10-22 09:30:27.800,3340.0000,32629,-1,141210180.000,1,0,1,双平,S,3340.0000,3339.8000,3339.0000,3338.8000,3338.6000,3340.8000,3341.0000,3342.0000,3343.0000,3343.8000,2,2,2,3,2,1,3,1,1,2
SF,IH2012,2020-10-22 09:30:28.300,3340.0000,32629,0,141210180.000,0,-,-,-,-,3340.0000,3339.8000,3339.0000,3338.8000,3338.6000,3340.8000,3341.0000,3342.0000,3343.0000,3343.8000,1,1,1,3,2,1,3,1,1,2
SF,IH2012,2020-10-22 09:30:28.800,3340.0000,32629,0,141210180.000,0,-,-,-,-,3340.2000,3340.0000,3339.8000,3339.0000,3338.8000,3340.8000,3341.0000,3342.0000,3343.0000,3343.8000,1,1,1,2,3,1,3,1,1,2
SF,IH2012,2020-10-22 09:30:29.300,3340.0000,32628,-1,142212180.000,1,0,1,双平,S,3340.0000,3339.8000,3339.0000,3338.8000,3338.6000,3340.6000,3340.8000,3341.0000,3342.0000,3343.0000,1,1,2,3,2,1,1,3,1,1
SF,IH2012,2020-10-22 09:30:29.800,3340.0000,32628,0,142212180.000,0,-,-,-,-,3340.2000,3340.0000,3339.8000,3339.0000,3338.8000,3340.6000,3340.8000,3341.0000,3342.0000,3343.0000,1,1,1,2,3,1,1,3,1,1
SF,IH2012,2020-10-22 09:30:30.300,3340.2000,32627,-1,143214240.000,1,0,1,双平,S,3340.0000,3339.8000,3339.0000,3338.8000,3338.6000,3340.6000,3340.8000,3341.0000,3342.0000,3343.0000,1,1,2,3,2,1,1,3,1,1
SF,IH2012,2020-10-22 09:30:30.800,3341.0000,32624,-3,146220960.000,3,0,3,双平,S,3340.0000,3339.8000,3339.0000,3338.8000,3338.6000,3340.6000,3341.0000,3342.0000,3343.0000,3343.8000,2,1,2,3,2,1,2,1,1,2
SF,IH2012,2020-10-22 09:30:31.300,3340.8000,32624,0,147223200.000,1,0,1,多换,S,3340.8000,3340.6000,3340.2000,3340.0000,3339.8000,3341.0000,3342.0000,3343.0000,3343.8000,3345.0000,1,1,1,4,1,2,1,1,2,3
SF,IH2012,2020-10-22 09:30:31.800,3340.0000,32623,-1,150229620.000,3,1,2,多平,S,3340.0000,3339.8000,3339.0000,3338.8000,3338.6000,3341.0000,3342.0000,3343.0000,3343.8000,3345.0000,3,2,2,3,2,2,1,1,2,3
SF,IH2012,2020-10-22 09:30:32.300,3340.0000,32623,0,150229620.000,0,-,-,-,-,3340.2000,3340.0000,3339.8000,3339.0000,3338.8000,3341.0000,3342.0000,3343.0000,3343.8000,3345.0000,2,3,2,2,3,2,1,1,2,3
SF,IH2012,2020-10-22 09:30:32.800,3341.0000,32622,-1,151231920.000,1,0,1,双平,S,3340.6000,3340.4000,3340.0000,3339.8000,3339.0000,3341.0000,3342.0000,3343.0000,3343.8000,3345.0000,1,2,3,2,2,1,1,1,2,3
SF,IH2012,2020-10-22 09:30:33.300,3341.0000,32621,-1,152234220.000,1,0,1,双平,S,3340.4000,3340.2000,3340.0000,3339.8000,3339.0000,3342.0000,3343.0000,3343.8000,3345.0000,3347.0000,2,1,2,2,2,1,1,2,3,1
SF,IH2012,2020-10-22 09:30:33.800,3341.0000,32621,0,152234220.000,0,-,-,-,-,3340.6000,3340.4000,3340.2000,3340.0000,3339.8000,3342.0000,3343.0000,3343.8000,3345.0000,3347.0000,1,2,1,3,2,1,1,2,3,1
SF,IH2012,2020-10-22 09:30:34.300,3341.0000,32621,0,152234220.000,0,-,-,-,-,3340.4000,3340.2000,3340.0000,3339.8000,3339.0000,3342.0000,3343.0000,3343.8000,3345.0000,3347.0000,2,1,3,2,2,1,1,2,3,1
SF,IH2012,2020-10-22 09:30:34.800,3341.0000,32621,0,152234220.000,0,-,-,-,-,3340.6000,3340.2000,3340.0000,3339.8000,3339.0000,3342.0000,3343.0000,3343.8000,3345.0000,3347.0000,3,1,3,2,2,1,1,2,3,1
SF,IH2012,2020-10-22 09:30:35.300,3341.0000,32621,0,152234220.000,0,-,-,-,-,3340.6000,3340.2000,3340.0000,3339.8000,3339.0000,3342.0000,3343.0000,3343.8000,3345.0000,3347.0000,1,1,3,1,2,1,1,2,3,1
SF,IH2012,2020-10-22 09:30:35.800,3341.0000,32621,0,152234220.000,0,-,-,-,-,3340.8000,3340.2000,3340.0000,3339.8000,3339.0000,3342.0000,3343.0000,3343.8000,3345.0000,3347.0000,3,1,4,1,2,1,1,2,3,1
SF,IH2012,2020-10-22 09:30:36.300,3341.0000,32621,0,152234220.000,0,-,-,-,-,3340.8000,3340.2000,3340.0000,3339.8000,3339.0000,3342.0000,3343.0000,3343.8000,3345.0000,3347.0000,1,2,3,1,2,1,1,2,3,1
SF,IH2012,2020-10-22 09:30:36.800,3341.0000,32621,0,152234220.000,0,-,-,-,-,3341.0000,3340.2000,3340.0000,3339.8000,3339.0000,3342.0000,3343.0000,3343.8000,3345.0000,3347.0000,1,2,3,4,2,1,1,2,3,1
SF,IH2012,2020-10-22 09:30:37.300,3342.0000,32620,-1,153236820.000,1,0,1,双平,S,3340.8000,3340.2000,3340.0000,3339.8000,3339.0000,3343.0000,3343.8000,3345.0000,3347.0000,3347.4000,1,2,3,4,2,1,2,3,1,1
SF,IH2012,2020-10-22 09:30:37.800,3342.0000,32620,0,153236820.000,0,-,-,-,-,3341.0000,3340.8000,3340.2000,3340.0000,3339.8000,3342.8000,3343.0000,3343.8000,3345.0000,3347.0000,2,1,2,3,4,1,1,2,3,1
SF,IH2012,2020-10-22 09:30:38.300,3342.0000,32620,0,153236820.000,0,-,-,-,-,3341.2000,3341.0000,3340.8000,3340.2000,3340.0000,3342.8000,3343.0000,3343.8000,3345.0000,3347.0000,1,2,1,2,3,1,1,2,3,1
SF,IH2012,2020-10-22 09:30:38.800,3341.4000,32619,-1,154239240.000,1,0,1,双平,S,3342.0000,3341.0000,3340.8000,3340.2000,3340.0000,3342.8000,3343.0000,3343.8000,3345.0000,3345.6000,1,2,1,2,3,1,1,2,3,1
SF,IH2012,2020-10-22 09:30:39.300,3342.0000,32619,0,155241840.000,1,0,1,多换,S,3340.8000,3340.2000,3340.0000,3339.8000,3339.0000,3343.0000,3343.8000,3345.0000,3345.6000,3347.0000,1,2,3,4,2,1,2,3,1,1
SF,IH2012,2020-10-22 09:30:39.800,3342.0000,32619,0,155241840.000,0,-,-,-,-,3342.0000,3341.2000,3340.8000,3340.2000,3340.0000,3342.8000,3343.0000,3343.8000,3345.0000,3345.6000,1,2,1,2,3,1,1,2,3,1
SF,IH2012,2020-10-22 09:30:40.300,3342.0000,32618,-1,156244440.000,1,0,1,双平,S,3342.0000,3340.8000,3340.2000,3340.0000,3339.8000,3343.0000,3343.8000,3345.0000,3345.6000,3347.0000,1,1,2,2,4,1,2,3,1,1
SF,IH2012,2020-10-22 09:30:40.800,3342.0000,32617,-1,157247040.000,1,0,1,双平,S,3342.8000,3340.8000,3340.2000,3340.0000,3339.8000,3343.0000,3343.8000,3345.0000,3345.6000,3347.0000,1,1,2,2,4,1,2,3,1,1
SF,IH2012,2020-10-22 09:30:41.300,3342.8000,32617,0,158249880.000,1,0,1,多换,S,3342.0000,3340.8000,3340.2000,3340.0000,3339.8000,3342.2000,3342.8000,3343.0000,3343.8000,3345.0000,1,1,2,2,4,2,4,1,2,3
SF,IH2012,2020-10-22 09:30:41.800,3342.0000,32617,0,160255080.000,2,1,1,多换,S,3340.8000,3340.2000,3340.0000,3339.8000,3339.0000,3341.8000,3342.2000,3342.6000,3342.8000,3343.0000,1,2,2,4,2,1,2,1,3,1
SF,IH2012,2020-10-22 09:30:42.300,3342.0000,32617,0,160255080.000,0,-,-,-,-,3340.2000,3340.0000,3339.8000,3339.0000,3338.8000,3341.8000,3342.2000,3342.6000,3342.8000,3343.0000,2,2,4,2,3,1,2,1,3,1
SF,IH2012,2020-10-22 09:30:42.800,3341.8000,32617,0,161257620.000,1,0,1,多换,S,3340.2000,3340.0000,3339.8000,3339.0000,3338.8000,3342.2000,3342.6000,3342.8000,3343.0000,3343.8000,2,2,4,2,3,2,1,3,1,2
SF,IH2012,2020-10-22 09:30:43.300,3340.2000,32616,-1,162259680.000,1,0,1,双平,S,3340.2000,3340.0000,3339.8000,3339.0000,3338.8000,3342.0000,3342.2000,3342.6000,3342.8000,3343.0000,1,2,4,2,3,3,2,1,3,1
SF,IH2012,2020-10-22 09:30:43.800,3340.0000,32614,-2,165265740.000,3,0,3,多平,S,3339.8000,3339.0000,3338.8000,3338.6000,3338.0000,3341.6000,3341.8000,3342.0000,3342.2000,3342.6000,4,2,3,2,3,1,5,3,2,1
SF,IH2012,2020-10-22 09:30:44.300,3341.4000,32614,0,166268160.000,1,0,1,多换,S,3339.8000,3339.0000,3338.8000,3338.6000,3338.0000,3341.4000,3341.6000,3341.8000,3342.0000,3342.2000,4,2,3,2,3,2,3,5,1,2
SF,IH2012,2020-10-22 09:30:44.800,3341.4000,32614,0,166268160.000,0,-,-,-,-,3339.8000,3339.0000,3338.8000,3338.6000,3338.0000,3341.2000,3341.4000,3341.6000,3341.8000,3342.0000,4,2,3,2,3,1,2,3,5,1
SF,IH2012,2020-10-22 09:30:45.300,3341.4000,32614,0,166268160.000,0,-,-,-,-,3339.8000,3339.0000,3338.8000,3338.6000,3338.0000,3341.0000,3341.4000,3341.6000,3341.8000,3342.0000,4,2,3,2,3,1,1,3,5,1
SF,IH2012,2020-10-22 09:30:45.800,3340.0000,32613,-1,168272460.000,2,0,2,多平,S,3339.8000,3339.0000,3338.8000,3338.6000,3338.0000,3341.0000,3341.4000,3341.6000,3341.8000,3342.2000,4,2,3,2,3,1,1,3,5,2
SF,IH2012,2020-10-22 09:30:46.300,3340.0000,32613,0,168272460.000,0,-,-,-,-,3340.0000,3339.8000,3339.0000,3338.8000,3338.6000,3341.0000,3341.4000,3341.6000,3341.8000,3342.0000,1,4,2,3,2,1,1,3,5,1
SF,IH2012,2020-10-22 09:30:46.800,3340.0000,32613,0,168272460.000,0,-,-,-,-,3340.0000,3339.8000,3339.0000,3338.8000,3338.6000,3341.0000,3341.4000,3341.6000,3341.8000,3342.0000,1,4,2,3,6,1,1,3,5,1
SF,IH2012,2020-10-22 09:30:47.300,3340.0000,32613,0,168272460.000,0,-,-,-,-,3340.0000,3339.8000,3339.0000,3338.8000,3338.6000,3341.0000,3341.4000,3341.6000,3341.8000,3342.0000,1,4,2,3,2,1,1,3,5,1
SF,IH2012,2020-10-22 09:30:47.800,3340.8000,32612,-1,169274700.000,1,0,1,双平,S,3340.0000,3339.8000,3339.0000,3338.8000,3338.6000,3341.0000,3341.4000,3341.6000,3341.8000,3342.0000,1,4,2,3,6,1,1,3,5,1
SF,IH2012,2020-10-22 09:30:48.300,3340.0000,32611,-1,171278700.000,2,0,2,多平,S,3340.0000,3339.8000,3339.0000,3338.8000,3338.6000,3341.4000,3342.0000,3342.2000,3342.6000,3342.8000,1,4,2,3,6,1,1,2,1,2
SF,IH2012,2020-10-22 09:30:48.800,3340.0000,32611,0,171278700.000,0,-,-,-,-,3340.0000,3339.8000,3339.0000,3338.8000,3338.6000,3341.2000,3342.0000,3342.2000,3342.6000,3342.8000,1,4,2,3,6,1,1,2,1,2
SF,IH2012,2020-10-22 09:30:49.300,3340.0000,32611,0,171278700.000,0,-,-,-,-,3340.0000,3339.8000,3339.0000,3338.8000,3338.6000,3341.0000,3341.2000,3342.0000,3342.2000,3342.6000,1,4,2,3,6,1,1,1,2,1
SF,IH2012,2020-10-22 09:30:49.800,3341.0000,32610,-1,172281000.000,1,0,1,双平,S,3340.0000,3339.8000,3339.0000,3338.8000,3338.6000,3341.2000,3342.0000,3342.2000,3342.8000,3343.0000,3,4,2,3,6,1,1,2,2,2
SF,IH2012,2020-10-22 09:30:50.300,3341.0000,32610,0,172281000.000,0,-,-,-,-,3340.2000,3340.0000,3339.8000,3339.0000,3338.8000,3342.0000,3342.2000,3342.8000,3343.0000,3343.8000,2,3,4,2,3,1,2,2,2,2
SF,IH2012,2020-10-22 09:30:50.800,3341.0000,32610,0,172281000.000,0,-,-,-,-,3340.4000,3340.2000,3340.0000,3339.8000,3339.0000,3342.0000,3342.2000,3342.8000,3343.0000,3343.8000,2,1,3,4,2,2,2,2,2,2
SF,IH2012,2020-10-22 09:30:51.300,3341.0000,32610,0,172281000.000,0,-,-,-,-,3340.4000,3340.2000,3340.0000,3339.8000,3339.0000,3341.8000,3342.0000,3342.2000,3342.8000,3343.0000,2,1,3,4,2,1,2,2,1,2
SF,IH2012,2020-10-22 09:30:51.800,3341.0000,32610,0,172281000.000,0,-,-,-,-,3341.8000,3340.6000,3340.4000,3340.0000,3339.8000,3342.0000,3342.2000,3342.8000,3343.0000,3343.8000,1,2,2,3,4,2,2,1,2,2
SF,IH2012,2020-10-22 09:30:52.300,3342.2000,32607,-3,175288800.000,3,0,3,双平,S,3340.6000,3340.4000,3340.0000,3339.8000,3339.0000,3342.2000,3342.8000,3343.0000,3343.8000,3345.0000,4,1,3,4,2,1,1,2,2,3
SF,IH2012,2020-10-22 09:30:52.800,3342.2000,32607,0,175288800.000,0,-,-,-,-,3341.0000,3340.8000,3340.4000,3340.0000,3339.8000,3343.0000,3343.8000,3345.0000,3345.6000,3347.0000,2,1,1,3,4,2,2,3,1,1
SF,IH2012,2020-10-22 09:30:53.300,3342.2000,32607,0,175288800.000,0,-,-,-,-,3341.2000,3340.2000,3340.0000,3339.8000,3339.0000,3342.0000,3342.8000,3343.0000,3343.8000,3345.0000,2,1,3,4,2,1,6,2,2,3
SF,IH2012,2020-10-22 09:30:53.800,3342.2000,32607,0,175288800.000,0,-,-,-,-,3340.2000,3340.0000,3339.8000,3339.0000,3338.8000,3342.0000,3342.8000,3343.0000,3343.8000,3345.0000,1,3,4,2,3,1,5,2,2,3
SF,IH2012,2020-10-22 09:30:54.300,3342.2000,32607,0,175288800.000,0,-,-,-,-,3340.8000,3340.4000,3340.2000,3340.0000,3339.8000,3342.0000,3342.8000,3343.0000,3343.8000,3345.0000,2,2,1,3,4,1,5,2,2,3
SF,IH2012,2020-10-22 09:30:54.800,3342.0000,32607,0,176291400.000,1,0,1,多换,S,3341.0000,3340.4000,3340.2000,3340.0000,3339.8000,3342.8000,3343.0000,3343.8000,3345.0000,3345.6000,2,1,1,3,4,5,2,2,3,1
SF,IH2012,2020-10-22 09:30:55.300,3342.0000,32607,0,176291400.000,0,-,-,-,-,3341.2000,3341.0000,3340.2000,3340.0000,3339.8000,3342.6000,3342.8000,3343.0000,3343.8000,3345.0000,1,2,1,3,4,2,5,2,2,3
SF,IH2012,2020-10-22 09:30:55.800,3342.0000,32607,0,176291400.000,0,-,-,-,-,3341.2000,3341.0000,3340.2000,3340.0000,3339.8000,3342.4000,3342.6000,3342.8000,3343.0000,3343.8000,1,2,1,3,4,1,2,4,2,2
SF,IH2012,2020-10-22 09:30:56.300,3342.0000,32607,0,176291400.000,0,-,-,-,-,3341.0000,3340.2000,3340.0000,3339.8000,3339.0000,3341.6000,3342.4000,3342.6000,3343.0000,3343.8000,2,1,3,4,2,1,1,1,2,2
SF,IH2012,2020-10-22 09:30:56.800,3342.4000,32606,-1,178296600.000,2,0,2,多平,S,3341.6000,3341.2000,3340.2000,3340.0000,3339.8000,3342.6000,3343.0000,3343.8000,3345.0000,3345.6000,3,2,1,3,4,1,2,2,3,1
SF,IH2012,2020-10-22 09:30:57.300,3342.4000,32606,0,178296600.000,0,-,-,-,-,3341.8000,3341.6000,3341.2000,3340.2000,3340.0000,3343.0000,3343.8000,3345.0000,3345.6000,3347.0000,1,2,2,1,2,2,2,3,1,1
SF,IH2012,2020-10-22 09:30:57.800,3342.4000,32606,0,178296600.000,0,-,-,-,-,3342.0000,3341.6000,3341.2000,3340.2000,3340.0000,3343.0000,3343.8000,3345.0000,3345.6000,3347.0000,1,3,2,1,2,3,2,3,1,1
SF,IH2012,2020-10-22 09:30:58.300,3341.6000,32606,0,179299080.000,1,0,1,多换,S,3341.6000,3341.2000,3340.2000,3340.0000,3339.8000,3342.8000,3343.0000,3343.8000,3345.0000,3345.6000,1,2,1,2,4,1,4,2,3,1
SF,IH2012,2020-10-22 09:30:58.800,3341.6000,32606,0,179299080.000,0,-,-,-,-,3341.6000,3341.2000,3340.2000,3340.0000,3339.8000,3342.6000,3342.8000,3343.0000,3343.8000,3345.0000,1,2,1,2,4,1,1,3,2,3
SF,IH2012,2020-10-22 09:30:59.300,3342.6000,32606,0,180301860.000,1,0,1,多换,S,3341.2000,3340.2000,3340.0000,3339.8000,3339.0000,3342.8000,3343.0000,3343.8000,3345.0000,3345.6000,2,1,2,4,2,1,3,2,3,1
SF,IH2012,2020-10-22 09:30:59.800,3342.6000,32606,0,180301860.000,0,-,-,-,-,3341.4000,3341.2000,3340.2000,3340.0000,3339.8000,3342.8000,3343.0000,3343.8000,3345.0000,3345.6000,1,2,1,2,4,1,3,2,3,1
SF,IH2012,2020-10-22 09:31:00.300,3341.4000,32604,-2,182306760.000,2,0,2,双平,S,3341.2000,3340.8000,3340.2000,3340.0000,3339.8000,3342.0000,3342.8000,3343.0000,3343.8000,3345.0000,2,2,1,6,4,1,1,3,2,3
SF,IH2012,2020-10-22 09:31:00.800,3341.4000,32604,0,182306760.000,0,-,-,-,-,3341.6000,3340.8000,3340.2000,3340.0000,3339.8000,3342.0000,3342.8000,3343.0000,3343.8000,3345.0000,1,2,1,2,4,1,1,3,2,3
SF,IH2012,2020-10-22 09:31:01.300,3342.0000,32603,-1,184311840.000,2,0,2,多平,S,3341.8000,3340.8000,3340.2000,3340.0000,3339.8000,3342.8000,3343.0000,3343.8000,3345.0000,3345.6000,1,2,3,2,4,1,3,2,3,1
SF,IH2012,2020-10-22 09:31:01.800,3343.0000,32598,-5,190328820.000,6,0,6,多平,S,3343.2000,3342.0000,3340.8000,3340.4000,3340.2000,3343.8000,3345.0000,3345.6000,3347.0000,3347.4000,5,1,2,2,3,2,3,1,1,1
SF,IH2012,2020-10-22 09:31:02.300,3343.2000,32597,-1,196346580.000,6,2,4,多平,S,3340.8000,3340.4000,3340.2000,3340.0000,3339.8000,3342.6000,3343.0000,3343.2000,3343.4000,3343.6000,2,2,3,2,4,1,1,4,3,6
SF,IH2012,2020-10-22 09:31:02.800,3343.2000,32597,0,196346580.000,0,-,-,-,-,3341.4000,3341.0000,3340.8000,3340.2000,3340.0000,3342.4000,3342.6000,3343.0000,3343.2000,3343.6000,2,4,2,3,2,1,1,1,4,5
SF,IH2012,2020-10-22 09:31:03.300,3342.4000,32596,-1,197349300.000,1,0,1,双平,S,3341.6000,3341.0000,3340.8000,3340.2000,3340.0000,3342.2000,3343.0000,3343.6000,3343.8000,3345.0000,4,1,2,3,2,1,1,5,3,3
SF,IH2012,2020-10-22 09:31:03.800,3342.4000,32595,-1,198352020.000,1,0,1,双平,S,3342.8000,3341.8000,3341.6000,3341.0000,3340.8000,3343.0000,3343.6000,3343.8000,3345.0000,3345.6000,1,1,3,1,2,1,5,3,3,1
SF,IH2012,2020-10-22 09:31:04.300,3342.8000,32594,-1,199354860.000,1,0,1,双平,S,3341.8000,3341.6000,3341.0000,3340.8000,3340.2000,3342.8000,3343.0000,3343.6000,3343.8000,3345.0000,1,1,1,2,3,2,1,5,3,3
SF,IH2012,2020-10-22 09:31:04.800,3342.8000,32594,0,199354860.000,0,-,-,-,-,3342.0000,3341.6000,3341.0000,3340.8000,3340.2000,3342.8000,3343.0000,3343.6000,3343.8000,3344.0000,1,1,2,2,1,1,2,5,3,1
SF,IH2012,2020-10-22 09:31:05.300,3341.6000,32592,-2,201359940.000,2,0,2,双平,S,3341.0000,3340.8000,3340.0000,3339.8000,3339.0000,3342.0000,3342.8000,3343.0000,3343.6000,3343.8000,2,2,2,4,1,1,1,2,5,3
SF,IH2012,2020-10-22 09:31:05.800,3341.6000,32592,0,201359940.000,0,-,-,-,-,3341.2000,3341.0000,3340.8000,3340.0000,3339.8000,3342.0000,3342.2000,3342.8000,3343.0000,3343.6000,3,1,2,2,4,1,1,1,2,5
SF,IH2012,2020-10-22 09:31:06.300,3341.6000,32592,0,201359940.000,0,-,-,-,-,3341.0000,3340.8000,3340.0000,3339.8000,3339.0000,3342.0000,3342.2000,3342.8000,3343.0000,3343.6000,1,2,2,4,1,1,1,1,2,5
SF,IH2012,2020-10-22 09:31:06.800,3341.6000,32592,0,201359940.000,0,-,-,-,-,3341.0000,3340.8000,3340.0000,3339.8000,3339.0000,3341.2000,3342.0000,3342.2000,3342.8000,3343.0000,1,2,2,8,1,1,1,1,1,3
SF,IH2012,2020-10-22 09:31:07.300,3341.2000,32591,-1,202362300.000,1,0,1,双平,S,3341.2000,3341.0000,3340.8000,3340.0000,3339.8000,3342.0000,3342.2000,3342.8000,3343.0000,3343.6000,1,2,2,2,8,1,1,1,3,5
SF,IH2012,2020-10-22 09:31:07.800,3341.2000,32591,0,202362300.000,0,-,-,-,-,3341.2000,3341.0000,3340.8000,3340.0000,3339.8000,3342.0000,3342.2000,3342.8000,3343.0000,3343.6000,1,1,2,2,8,1,1,1,3,5
SF,IH2012,2020-10-22 09:31:08.300,3341.2000,32591,0,202362300.000,0,-,-,-,-,3341.2000,3341.0000,3340.8000,3340.0000,3339.8000,3342.0000,3342.2000,3342.8000,3343.0000,3343.6000,1,1,2,2,8,1,1,1,3,5
SF,IH2012,2020-10-22 09:31:08.800,3341.2000,32591,0,202362300.000,0,-,-,-,-,3341.2000,3341.0000,3340.8000,3340.0000,3339.8000,3342.0000,3342.2000,3342.8000,3343.0000,3343.6000,1,1,2,2,8,1,1,1,4,5
SF,IH2012,2020-10-22 09:31:09.300,3342.0000,32591,0,204367440.000,2,1,1,多换,S,3342.0000,3341.2000,3341.0000,3340.8000,3340.0000,3342.2000,3342.8000,3343.0000,3343.6000,3343.8000,1,2,1,2,2,1,1,4,4,2
SF,IH2012,2020-10-22 09:31:09.800,3342.0000,32591,0,206372640.000,2,1,1,多换,S,3341.2000,3341.0000,3340.8000,3340.0000,3339.8000,3341.8000,3342.0000,3342.2000,3342.4000,3342.8000,2,1,2,2,4,3,3,1,1,1
SF,IH2012,2020-10-22 09:31:10.300,3341.2000,32591,0,207375000.000,1,0,1,多换,S,3341.2000,3341.0000,3340.8000,3340.0000,3339.8000,3341.8000,3342.0000,3342.2000,3342.4000,3342.8000,4,1,2,2,4,1,2,1,1,1
SF,IH2012,2020-10-22 09:31:10.800,3341.8000,32591,0,208377540.000,1,0,1,多换,S,3341.8000,3341.2000,3341.0000,3340.8000,3340.0000,3342.0000,3342.2000,3342.4000,3342.8000,3343.0000,2,4,1,2,2,2,1,1,1,4
SF,IH2012,2020-10-22 09:31:11.300,3341.8000,32591,0,210382620.000,2,1,1,多换,S,3341.2000,3341.0000,3340.8000,3340.0000,3339.8000,3341.6000,3342.0000,3342.2000,3342.4000,3342.8000,4,2,2,2,4,2,1,1,1,1
SF,IH2012,2020-10-22 09:31:11.800,3341.6000,32590,-1,212387580.000,2,0,2,多平,S,3341.6000,3341.2000,3341.0000,3340.8000,3340.0000,3342.0000,3342.2000,3342.4000,3342.8000,3343.0000,1,4,6,2,2,1,1,1,1,4
SF,IH2012,2020-10-22 09:31:12.300,3341.6000,32590,0,212387580.000,0,-,-,-,-,3341.2000,3341.0000,3340.8000,3340.6000,3340.0000,3342.0000,3342.2000,3342.4000,3342.8000,3343.0000,4,2,6,1,2,1,1,1,1,4
SF,IH2012,2020-10-22 09:31:12.800,3341.6000,32590,0,212387580.000,0,-,-,-,-,3341.2000,3341.0000,3340.8000,3340.6000,3340.0000,3342.0000,3342.2000,3342.4000,3342.8000,3343.0000,4,2,6,1,2,1,1,1,1,4
SF,IH2012,2020-10-22 09:31:13.300,3341.6000,32590,0,212387580.000,0,-,-,-,-,3341.2000,3341.0000,3340.8000,3340.6000,3340.0000,3342.0000,3342.2000,3342.4000,3342.8000,3343.0000,3,2,6,1,2,1,1,1,1,4
SF,IH2012,2020-10-22 09:31:13.800,3342.0000,32590,0,213390180.000,1,0,1,多换,S,3341.2000,3341.0000,3340.8000,3340.6000,3340.0000,3342.2000,3342.4000,3342.8000,3343.0000,3343.6000,4,2,6,1,2,1,1,1,4,3
SF,IH2012,2020-10-22 09:31:14.300,3342.0000,32590,0,213390180.000,0,-,-,-,-,3341.2000,3341.0000,3340.8000,3340.6000,3340.0000,3342.2000,3342.4000,3342.8000,3343.0000,3343.6000,4,2,6,1,1,1,1,1,4,3
SF,IH2012,2020-10-22 09:31:14.800,3342.0000,32590,0,213390180.000,0,-,-,-,-,3341.6000,3341.4000,3341.2000,3341.0000,3340.8000,3342.2000,3342.4000,3342.8000,3343.0000,3343.6000,1,1,4,2,6,1,1,1,4,3
SF,IH2012,2020-10-22 09:31:15.300,3341.6000,32589,-1,215395320.000,2,0,2,多平,S,3341.4000,3341.2000,3341.0000,3340.8000,3340.6000,3342.4000,3342.8000,3343.0000,3343.6000,3343.8000,1,4,2,6,1,1,1,4,3,3
SF,IH2012,2020-10-22 09:31:15.800,3341.6000,32589,0,215395320.000,0,-,-,-,-,3341.6000,3341.4000,3341.2000,3341.0000,3340.8000,3342.4000,3342.8000,3343.0000,3343.6000,3343.8000,2,1,3,2,6,1,1,4,2,3
SF,IH2012,2020-10-22 09:31:16.300,3341.6000,32589,0,215395320.000,0,-,-,-,-,3342.2000,3341.6000,3341.4000,3341.2000,3341.0000,3342.4000,3342.6000,3342.8000,3343.0000,3343.6000,4,2,1,3,2,1,1,1,4,2
SF,IH2012,2020-10-22 09:31:16.800,3342.4000,32588,-1,217400700.000,2,0,2,多平,S,3342.2000,3341.4000,3341.2000,3341.0000,3340.8000,3342.6000,3342.8000,3343.0000,3343.6000,3343.8000,3,1,3,2,6,1,1,4,2,3
SF,IH2012,2020-10-22 09:31:17.300,3342.4000,32588,0,217400700.000,0,-,-,-,-,3342.4000,3342.2000,3341.4000,3341.2000,3341.0000,3342.6000,3342.8000,3343.0000,3343.6000,3343.8000,1,3,1,3,2,1,1,4,2,3
SF,IH2012,2020-10-22 09:31:17.800,3342.6000,32585,-3,220409100.000,3,0,3,双平,S,3342.4000,3342.2000,3341.4000,3341.2000,3341.0000,3343.0000,3343.6000,3343.8000,3345.0000,3345.6000,1,3,1,3,2,4,1,3,2,3
SF,IH2012,2020-10-22 09:31:18.300,3343.0000,32583,-2,224420700.000,4,1,3,多平,S,3342.4000,3342.2000,3341.4000,3341.2000,3341.0000,3343.8000,3344.0000,3344.8000,3345.0000,3345.6000,1,3,1,3,2,3,1,1,2,3
SF,IH2012,2020-10-22 09:31:18.800,3342.6000,32581,-2,227429340.000,3,0,3,多平,S,3342.4000,3342.2000,3341.2000,3341.0000,3340.8000,3343.8000,3344.0000,3344.8000,3345.0000,3345.6000,1,3,3,2,6,3,1,1,2,4
SF,IH2012,2020-10-22 09:31:19.300,3342.6000,32580,-1,228432120.000,1,0,1,双平,S,3342.4000,3342.2000,3341.2000,3341.0000,3340.8000,3343.6000,3343.8000,3344.0000,3344.8000,3345.0000,1,3,3,2,6,2,3,1,1,2
SF,IH2012,2020-10-22 09:31:19.800,3342.6000,32580,0,228432120.000,0,-,-,-,-,3342.6000,3342.4000,3342.2000,3341.2000,3341.0000,3343.6000,3343.8000,3344.0000,3344.8000,3345.0000,1,1,3,3,3,1,3,1,1,2
SF,IH2012,2020-10-22 09:31:20.300,3342.6000,32579,-1,229434900.000,1,0,1,双平,S,3342.4000,3342.2000,3341.2000,3341.0000,3340.8000,3343.6000,3343.8000,3344.8000,3345.0000,3345.6000,1,3,3,3,6,1,3,1,2,4
SF,IH2012,2020-10-22 09:31:20.800,3342.4000,32578,-1,230437620.000,1,0,1,双平,S,3342.2000,3341.2000,3341.0000,3340.8000,3340.6000,3343.6000,3343.8000,3344.8000,3345.0000,3345.6000,3,3,3,6,1,1,3,1,2,4
SF,IH2012,2020-10-22 09:31:21.300,3342.4000,32578,0,230437620.000,0,-,-,-,-,3342.4000,3342.2000,3341.2000,3341.0000,3340.8000,3343.6000,3343.8000,3344.8000,3345.0000,3345.6000,2,3,3,3,6,1,3,1,2,3
SF,IH2012,2020-10-22 09:31:22.300,3342.4000,32578,0,230437620.000,0,-,-,-,-,3342.6000,3342.2000,3341.2000,3341.0000,3340.8000,3343.6000,3343.8000,3344.8000,3345.0000,3345.6000,2,3,3,3,6,5,3,1,2,3
SF,IH2012,2020-10-22 09:31:23.300,3342.4000,32577,-1,232443060.000,2,0,2,多平,S,3342.2000,3341.2000,3341.0000,3340.8000,3340.6000,3343.6000,3343.8000,3344.8000,3345.0000,3345.6000,3,3,3,6,1,5,3,1,2,3
SF,IH2012,2020-10-22 09:31:24.300,3343.6000,32577,0,235452300.000,3,1,2,多换,S,3342.4000,3341.2000,3341.0000,3340.8000,3340.6000,3343.6000,3343.8000,3344.8000,3345.0000,3345.6000,1,3,3,6,1,2,3,1,2,3
SF,IH2012,2020-10-22 09:31:24.800,3343.6000,32578,1,237458460.000,2,1,1,空开,S,3343.6000,3342.6000,3341.2000,3341.0000,3340.8000,3343.8000,3344.8000,3345.0000,3345.6000,3347.0000,1,1,3,3,6,3,1,2,3,1
SF,IH2012,2020-10-22 09:31:25.300,3343.6000,32578,0,238461540.000,1,0,1,多换,S,3342.8000,3342.6000,3341.2000,3341.0000,3340.8000,3343.6000,3343.8000,3344.8000,3345.0000,3345.6000,4,1,3,3,2,2,3,1,2,3
SF,IH2012,2020-10-22 09:31:25.800,3343.6000,32577,-1,239464620.000,1,0,1,双平,S,3342.8000,3342.6000,3341.2000,3341.0000,3340.8000,3343.8000,3344.8000,3345.0000,3345.6000,3347.0000,4,1,3,3,2,3,1,3,3,1
SF,IH2012,2020-10-22 09:31:26.300,3343.6000,32577,0,239464620.000,0,-,-,-,-,3342.8000,3342.6000,3341.2000,3341.0000,3340.8000,3343.8000,3344.8000,3345.0000,3345.6000,3347.0000,4,1,3,3,2,2,1,3,3,1
SF,IH2012,2020-10-22 09:31:26.800,3343.6000,32577,0,239464620.000,0,-,-,-,-,3342.8000,3341.2000,3341.0000,3340.8000,3340.0000,3343.8000,3344.8000,3345.0000,3345.6000,3346.8000,4,3,3,2,2,2,1,3,1,2
SF,IH2012,2020-10-22 09:31:27.300,3343.8000,32576,-1,241470900.000,2,0,2,多平,S,3342.8000,3341.2000,3341.0000,3340.8000,3340.0000,3344.8000,3345.0000,3345.6000,3346.8000,3347.0000,4,3,3,2,2,1,3,1,2,1
SF,IH2012,2020-10-22 09:31:27.800,3343.8000,32576,0,241470900.000,0,-,-,-,-,3343.8000,3343.0000,3342.8000,3341.2000,3341.0000,3344.6000,3344.8000,3345.0000,3345.6000,3346.6000,1,2,4,3,3,1,2,3,1,1
SF,IH2012,2020-10-22 09:31:28.300,3343.8000,32576,0,241470900.000,0,-,-,-,-,3343.8000,3343.0000,3342.8000,3341.2000,3341.0000,3344.6000,3344.8000,3345.0000,3345.6000,3346.6000,2,1,4,3,2,1,1,3,1,1
SF,IH2012,2020-10-22 09:31:28.800,3343.8000,32576,0,241470900.000,0,-,-,-,-,3343.8000,3343.0000,3342.8000,3341.2000,3341.0000,3344.8000,3345.0000,3345.6000,3346.6000,3346.8000,1,1,4,3,2,1,3,1,1,2
SF,IH2012,2020-10-22 09:31:29.300,3343.8000,32576,0,241470900.000,0,-,-,-,-,3343.8000,3343.0000,3342.8000,3341.2000,3341.0000,3344.8000,3345.0000,3345.6000,3346.6000,3346.8000,1,1,4,3,2,1,3,1,1,2
SF,IH2012,2020-10-22 09:31:29.800,3344.8000,32575,-1,242474340.000,1,0,1,双平,S,3343.8000,3343.0000,3342.8000,3341.2000,3341.0000,3344.8000,3345.0000,3345.6000,3346.6000,3346.8000,1,1,4,3,2,1,3,1,1,2
SF,IH2012,2020-10-22 09:31:30.300,3344.8000,32574,-1,243477780.000,1,0,1,双平,S,3344.0000,3343.8000,3343.0000,3342.8000,3341.2000,3345.0000,3345.6000,3346.6000,3346.8000,3347.0000,1,2,1,4,3,3,1,1,2,1
SF,IH2012,2020-10-22 09:31:31.300,3344.8000,32574,0,243477780.000,0,-,-,-,-,3344.8000,3343.8000,3343.0000,3342.8000,3341.2000,3345.0000,3345.6000,3346.6000,3346.8000,3347.0000,1,2,1,4,3,3,1,1,2,1
SF,IH2012,2020-10-22 09:31:31.800,3344.8000,32573,-1,244481220.000,1,0,1,双平,S,3344.8000,3343.8000,3343.0000,3342.8000,3341.2000,3345.0000,3345.6000,3346.6000,3346.8000,3347.0000,1,2,1,4,3,3,1,1,2,1
SF,IH2012,2020-10-22 09:31:32.300,3344.8000,32572,-1,245484660.000,1,0,1,双平,S,3344.8000,3343.8000,3343.0000,3342.8000,3341.2000,3345.0000,3345.6000,3346.6000,3346.8000,3347.0000,1,2,1,4,3,3,1,1,2,1
SF,IH2012,2020-10-22 09:31:32.800,3344.8000,32572,0,246488100.000,1,0,1,多换,S,3343.8000,3343.0000,3342.8000,3341.2000,3341.0000,3344.6000,3345.0000,3345.6000,3346.6000,3346.8000,2,1,4,3,2,1,3,1,1,2
SF,IH2012,2020-10-22 09:31:33.300,3344.0000,32569,-3,249497880.000,3,0,3,双平,S,3343.8000,3343.0000,3342.8000,3341.2000,3341.0000,3345.0000,3345.6000,3346.6000,3346.8000,3347.0000,2,1,4,3,2,3,1,1,2,1
SF,IH2012,2020-10-22 09:31:33.800,3344.0000,32569,0,249497880.000,0,-,-,-,-,3344.0000,3343.8000,3343.0000,3342.8000,3341.2000,3345.0000,3345.6000,3346.6000,3346.8000,3347.0000,6,3,1,5,3,3,1,1,2,1
SF,IH2012,2020-10-22 09:31:34.300,3344.0000,32568,-1,250501080.000,1,0,1,双平,S,3344.2000,3344.0000,3343.8000,3343.0000,3342.8000,3345.0000,3345.6000,3346.6000,3346.8000,3347.0000,1,5,2,1,5,3,1,1,2,1
SF,IH2012,2020-10-22 09:31:34.800,3344.0000,32567,-1,251504280.000,1,0,1,双平,S,3343.8000,3343.0000,3342.8000,3341.2000,3341.0000,3344.0000,3345.0000,3345.6000,3346.6000,3346.8000,2,1,5,3,2,3,3,1,1,2
SF,IH2012,2020-10-22 09:31:35.300,3344.2000,32565,-2,255517140.000,4,1,3,多平,S,3344.2000,3344.0000,3343.8000,3342.8000,3341.2000,3345.0000,3345.6000,3346.8000,3347.0000,3347.4000,2,4,4,5,3,3,1,2,1,1
SF,IH2012,2020-10-22 09:31:35.800,3344.2000,32565,0,255517140.000,0,-,-,-,-,3344.2000,3343.8000,3342.8000,3341.2000,3341.0000,3344.8000,3345.0000,3345.6000,3346.4000,3346.8000,1,2,5,3,2,1,3,1,1,2
SF,IH2012,2020-10-22 09:31:36.300,3344.2000,32564,-1,256520400.000,1,0,1,双平,S,3343.8000,3342.8000,3341.2000,3341.0000,3340.8000,3344.8000,3345.0000,3345.6000,3346.4000,3346.8000,2,5,3,2,2,1,3,1,1,2
SF,IH2012,2020-10-22 09:31:36.800,3343.8000,32563,-1,258526680.000,2,0,2,多平,S,3342.8000,3341.2000,3341.0000,3340.8000,3340.2000,3343.6000,3344.8000,3345.0000,3345.6000,3346.4000,5,3,2,2,2,2,1,3,1,1
SF,IH2012,2020-10-22 09:31:37.300,3343.6000,32561,-2,260532840.000,2,0,2,双平,S,3344.0000,3343.6000,3343.0000,3342.8000,3341.2000,3344.6000,3344.8000,3345.0000,3345.6000,3346.8000,1,1,1,6,3,1,1,3,1,2
SF,IH2012,2020-10-22 09:31:37.800,3343.8000,32559,-2,263542260.000,3,0,3,多平,S,3343.0000,3342.8000,3341.2000,3341.0000,3340.8000,3344.0000,3344.4000,3344.6000,3345.0000,3345.6000,1,6,3,2,2,1,1,1,3,1
SF,IH2012,2020-10-22 09:31:38.300,3342.8000,32559,0,264545100.000,1,0,1,多换,S,3342.8000,3342.6000,3341.2000,3341.0000,3340.8000,3344.4000,3344.6000,3345.0000,3345.6000,3346.8000,1,3,3,2,2,1,1,3,1,2
SF,IH2012,2020-10-22 09:31:38.800,3342.8000,32559,0,264545100.000,0,-,-,-,-,3342.8000,3342.2000,3341.2000,3341.0000,3340.8000,3344.2000,3344.4000,3344.6000,3345.0000,3345.6000,1,3,3,2,2,1,2,1,3,1
SF,IH2012,2020-10-22 09:31:39.300,3344.0000,32559,0,265548300.000,1,0,1,多换,S,3342.8000,3342.2000,3341.2000,3341.0000,3340.8000,3344.0000,3344.2000,3344.4000,3344.6000,3345.0000,2,3,3,2,2,2,1,1,1,3
SF,IH2012,2020-10-22 09:31:39.800,3344.0000,32559,0,265548300.000,0,-,-,-,-,3342.8000,3342.2000,3341.2000,3341.0000,3340.8000,3344.0000,3344.4000,3345.0000,3345.6000,3346.8000,2,3,3,2,2,3,1,3,1,2
SF,IH2012,2020-10-22 09:31:40.300,3344.0000,32559,0,265548300.000,0,-,-,-,-,3343.2000,3342.8000,3342.2000,3341.2000,3341.0000,3344.0000,3344.4000,3345.0000,3345.6000,3346.8000,1,2,3,3,2,2,1,3,1,2
SF,IH2012,2020-10-22 09:31:40.800,3344.0000,32558,-1,266551500.000,1,0,1,双平,S,3343.2000,3342.8000,3342.2000,3341.2000,3341.0000,3344.4000,3345.0000,3345.6000,3346.8000,3347.0000,1,1,3,3,1,1,3,1,2,1
SF,IH2012,2020-10-22 09:31:41.300,3344.0000,32558,0,266551500.000,0,-,-,-,-,3343.2000,3342.8000,3342.2000,3341.2000,3341.0000,3345.0000,3345.6000,3346.8000,3347.0000,3347.4000,2,1,3,3,1,2,1,2,1,1
SF,IH2012,2020-10-22 09:31:41.800,3344.0000,32558,0,266551500.000,0,-,-,-,-,3344.0000,3343.4000,3343.2000,3342.8000,3342.2000,3344.8000,3345.0000,3345.6000,3346.6000,3346.8000,1,2,1,1,3,2,2,1,1,2
SF,IH2012,2020-10-22 09:31:42.300,3344.8000,32558,0,267554940.000,1,0,1,多换,S,3344.0000,3343.4000,3343.2000,3342.8000,3342.2000,3344.8000,3345.0000,3345.6000,3346.6000,3346.8000,1,1,1,1,3,1,2,1,1,2
SF,IH2012,2020-10-22 09:31:42.800,3344.8000,32557,-1,268558380.000,1,0,1,双平,S,3344.0000,3343.4000,3343.2000,3342.8000,3342.2000,3345.0000,3345.6000,3346.6000,3346.8000,3347.0000,1,1,1,1,3,2,1,1,2,1
SF,IH2012,2020-10-22 09:31:43.800,3344.8000,32557,0,268558380.000,0,-,-,-,-,3344.0000,3343.4000,3343.2000,3342.8000,3342.2000,3345.0000,3345.6000,3346.6000,3346.8000,3347.0000,1,1,1,1,3,2,1,1,2,1
SF,IH2012,2020-10-22 09:31:44.300,3344.8000,32557,0,268558380.000,0,-,-,-,-,3344.0000,3343.4000,3343.2000,3342.8000,3342.2000,3345.0000,3345.6000,3346.6000,3346.8000,3347.0000,2,1,1,1,3,2,1,1,2,1
SF,IH2012,2020-10-22 09:31:44.800,3344.8000,32557,0,268558380.000,0,-,-,-,-,3344.2000,3344.0000,3343.4000,3343.2000,3342.8000,3345.0000,3345.6000,3346.6000,3346.8000,3347.0000,3,1,1,1,2,2,1,1,2,1
SF,IH2012,2020-10-22 09:31:45.300,3344.8000,32557,0,268558380.000,0,-,-,-,-,3344.2000,3344.0000,3343.4000,3343.2000,3342.8000,3345.0000,3345.6000,3346.6000,3346.8000,3347.0000,1,1,1,1,2,2,1,1,2,1
SF,IH2012,2020-10-22 09:31:45.800,3344.0000,32557,0,269561580.000,1,0,1,多换,S,3343.6000,3343.4000,3343.2000,3342.8000,3341.2000,3344.0000,3345.0000,3345.6000,3346.6000,3346.8000,3,1,1,2,3,1,2,1,1,2
SF,IH2012,2020-10-22 09:31:46.300,3344.0000,32556,-1,270564780.000,1,0,1,双平,S,3344.2000,3344.0000,3343.8000,3343.6000,3343.2000,3345.0000,3345.6000,3346.8000,3347.0000,3347.4000,1,3,4,1,1,2,1,2,1,1
SF,IH2012,2020-10-22 09:31:46.800,3344.0000,32556,0,270564780.000,0,-,-,-,-,3344.0000,3343.6000,3343.2000,3343.0000,3342.8000,3344.8000,3345.0000,3345.6000,3346.6000,3346.8000,1,3,1,1,2,1,2,1,1,2
SF,IH2012,2020-10-22 09:31:47.300,3344.0000,32556,0,270564780.000,0,-,-,-,-,3343.4000,3343.2000,3343.0000,3342.8000,3342.0000,3344.8000,3345.0000,3345.6000,3346.6000,3346.8000,3,1,1,2,1,1,2,1,1,2
SF,IH2012,2020-10-22 09:31:47.800,3344.8000,32556,0,271568220.000,1,0,1,多换,S,3343.6000,3343.4000,3343.2000,3343.0000,3342.8000,3345.0000,3345.6000,3346.6000,3346.8000,3347.0000,2,1,1,1,2,2,1,1,2,1
SF,IH2012,2020-10-22 09:31:48.300,3344.8000,32556,0,271568220.000,0,-,-,-,-,3343.8000,3343.6000,3343.4000,3343.2000,3343.0000,3345.0000,3345.6000,3346.6000,3346.8000,3347.0000,1,2,1,1,1,2,1,1,2,1
SF,IH2012,2020-10-22 09:31:48.800,3344.8000,32556,0,271568220.000,0,-,-,-,-,3344.0000,3343.8000,3343.4000,3343.2000,3343.0000,3345.0000,3345.6000,3346.6000,3346.8000,3347.0000,1,1,3,1,1,2,1,1,2,1
SF,IH2012,2020-10-22 09:31:49.300,3344.8000,32556,0,271568220.000,0,-,-,-,-,3344.0000,3343.8000,3343.6000,3343.4000,3343.2000,3345.0000,3345.6000,3346.6000,3346.8000,3347.0000,1,1,3,3,1,2,1,1,2,1
SF,IH2012,2020-10-22 09:31:49.800,3344.8000,32556,0,271568220.000,0,-,-,-,-,3344.0000,3343.6000,3343.4000,3343.2000,3343.0000,3345.0000,3345.6000,3346.6000,3346.8000,3347.0000,1,3,3,1,1,2,1,1,2,1
SF,IH2012,2020-10-22 09:31:51.300,3344.0000,32556,0,272571420.000,1,0,1,多换,S,3343.6000,3343.4000,3343.2000,3343.0000,3342.8000,3345.0000,3345.6000,3346.6000,3346.8000,3347.0000,3,3,1,1,2,2,1,1,2,1
SF,IH2012,2020-10-22 09:31:51.800,3344.0000,32556,0,272571420.000,0,-,-,-,-,3343.6000,3343.4000,3343.2000,3343.0000,3342.8000,3344.8000,3345.0000,3345.6000,3346.6000,3346.8000,4,3,1,1,2,1,3,1,1,2
SF,IH2012,2020-10-22 09:31:52.300,3344.0000,32556,0,272571420.000,0,-,-,-,-,3343.6000,3343.4000,3343.2000,3343.0000,3342.8000,3344.8000,3345.0000,3345.6000,3346.6000,3346.8000,4,3,1,1,2,1,3,1,1,2
SF,IH2012,2020-10-22 09:31:52.800,3344.0000,32556,0,272571420.000,0,-,-,-,-,3343.6000,3343.4000,3343.2000,3343.0000,3342.8000,3344.8000,3345.0000,3345.6000,3346.6000,3346.8000,4,3,1,1,2,1,4,1,1,2
SF,IH2012,2020-10-22 09:31:53.300,3344.0000,32556,0,272571420.000,0,-,-,-,-,3343.6000,3343.4000,3343.2000,3343.0000,3342.8000,3344.8000,3345.0000,3345.6000,3346.6000,3346.8000,3,3,1,1,2,1,4,1,1,2
SF,IH2012,2020-10-22 09:31:53.800,3344.0000,32556,0,272571420.000,0,-,-,-,-,3343.8000,3343.6000,3343.4000,3343.2000,3343.0000,3344.8000,3345.0000,3345.6000,3346.6000,3346.8000,1,3,3,1,1,1,4,1,1,2
SF,IH2012,2020-10-22 09:31:54.300,3344.0000,32556,0,272571420.000,0,-,-,-,-,3343.8000,3343.6000,3343.2000,3343.0000,3342.8000,3344.8000,3345.0000,3345.6000,3346.6000,3346.8000,1,3,4,1,2,1,4,1,1,2
SF,IH2012,2020-10-22 09:31:54.800,3344.0000,32556,0,272571420.000,0,-,-,-,-,3343.6000,3343.2000,3343.0000,3342.8000,3342.0000,3344.8000,3345.0000,3345.6000,3346.6000,3346.8000,3,4,1,2,1,1,4,1,1,2
SF,IH2012,2020-10-22 09:31:55.300,3344.0000,32556,0,272571420.000,0,-,-,-,-,3343.8000,3343.6000,3343.2000,3343.0000,3342.8000,3344.8000,3345.0000,3345.6000,3346.6000,3346.8000,1,3,4,1,2,1,4,1,1,2
SF,IH2012,2020-10-22 09:31:56.300,3344.8000,32555,-1,273574860.000,1,0,1,双平,S,3344.8000,3343.6000,3343.2000,3343.0000,3342.8000,3345.0000,3345.6000,3346.6000,3346.8000,3347.0000,1,3,3,1,2,4,1,1,2,1
SF,IH2012,2020-10-22 09:31:56.800,3344.8000,32554,-1,274578300.000,1,0,1,双平,S,3343.6000,3343.2000,3343.0000,3342.8000,3341.2000,3344.6000,3344.8000,3345.0000,3345.6000,3346.6000,3,3,1,2,3,2,1,4,1,1
SF,IH2012,2020-10-22 09:31:57.300,3344.8000,32554,0,274578300.000,0,-,-,-,-,3343.8000,3343.6000,3343.2000,3343.0000,3342.8000,3344.6000,3345.0000,3345.6000,3346.6000,3346.8000,2,3,3,1,2,2,4,1,1,2
SF,IH2012,2020-10-22 09:31:57.800,3344.8000,32554,0,274578300.000,0,-,-,-,-,3343.8000,3343.6000,3343.2000,3343.0000,3342.8000,3344.6000,3345.0000,3345.6000,3346.6000,3346.8000,1,3,3,1,2,2,4,1,1,2
SF,IH2012,2020-10-22 09:31:58.300,3344.8000,32554,0,274578300.000,0,-,-,-,-,3344.0000,3343.8000,3343.6000,3343.2000,3343.0000,3344.6000,3345.0000,3345.6000,3346.6000,3346.8000,1,1,3,3,1,2,4,1,1,2
SF,IH2012,2020-10-22 09:31:58.800,3344.6000,32552,-2,276585060.000,2,0,2,双平,S,3344.6000,3344.0000,3343.8000,3343.6000,3343.2000,3345.0000,3345.6000,3346.6000,3346.8000,3347.0000,1,2,1,3,3,4,1,1,2,1
SF,IH2012,2020-10-22 09:31:59.300,3344.6000,32551,-1,277588440.000,1,0,1,双平,S,3344.0000,3343.6000,3343.2000,3343.0000,3342.8000,3345.0000,3345.6000,3346.6000,3346.8000,3347.0000,1,3,3,1,2,4,1,1,2,1
SF,IH2012,2020-10-22 09:31:59.800,3344.6000,32551,0,277588440.000,0,-,-,-,-,3344.0000,3343.6000,3343.2000,3343.0000,3342.8000,3345.0000,3345.6000,3346.6000,3346.8000,3347.0000,1,3,3,1,2,5,1,1,2,1
SF,IH2012,2020-10-22 09:32:00.300,3344.6000,32551,0,277588440.000,0,-,-,-,-,3344.0000,3343.6000,3343.2000,3343.0000,3342.8000,3345.0000,3345.6000,3346.6000,3346.8000,3347.0000,1,3,3,1,2,5,1,1,2,1
SF,IH2012,2020-10-22 09:32:00.800,3344.6000,32551,0,277588440.000,0,-,-,-,-,3344.2000,3344.0000,3343.6000,3343.2000,3343.0000,3344.8000,3345.0000,3345.6000,3346.6000,3346.8000,1,1,3,3,1,1,5,1,1,2
SF,IH2012,2020-10-22 09:32:01.300,3344.0000,32549,-2,279594900.000,2,0,2,双平,S,3343.8000,3343.6000,3343.2000,3343.0000,3342.8000,3344.8000,3345.0000,3345.6000,3346.6000,3346.8000,1,3,3,1,2,1,5,1,1,2
SF,IH2012,2020-10-22 09:32:02.300,3344.0000,32549,0,279594900.000,0,-,-,-,-,3344.0000,3343.8000,3343.6000,3343.2000,3343.0000,3344.8000,3345.0000,3345.6000,3346.6000,3346.8000,1,3,3,3,1,1,6,1,1,2
SF,IH2012,2020-10-22 09:32:02.800,3344.0000,32549,0,279594900.000,0,-,-,-,-,3343.8000,3343.6000,3343.2000,3343.0000,3342.8000,3344.8000,3345.0000,3345.6000,3346.6000,3346.8000,3,3,3,1,2,2,6,1,1,2
SF,IH2012,2020-10-22 09:32:03.300,3344.0000,32549,0,279594900.000,0,-,-,-,-,3343.8000,3343.6000,3343.2000,3343.0000,3342.8000,3344.8000,3345.0000,3345.6000,3346.6000,3346.8000,4,3,3,1,2,2,6,1,1,2
SF,IH2012,2020-10-22 09:32:03.800,3344.0000,32549,0,279594900.000,0,-,-,-,-,3343.8000,3343.6000,3343.2000,3343.0000,3342.8000,3344.8000,3345.0000,3345.6000,3346.6000,3346.8000,4,3,3,1,2,1,6,1,1,2
SF,IH2012,2020-10-22 09:32:04.300,3344.0000,32549,0,279594900.000,0,-,-,-,-,3343.8000,3343.6000,3343.2000,3343.0000,3342.8000,3344.8000,3345.0000,3345.6000,3346.6000,3346.8000,4,3,3,1,2,1,7,1,1,2
SF,IH2012,2020-10-22 09:32:04.800,3344.0000,32549,0,279594900.000,0,-,-,-,-,3343.8000,3343.6000,3343.2000,3343.0000,3342.8000,3344.8000,3345.0000,3345.6000,3346.6000,3346.8000,4,3,3,1,2,2,7,1,1,2
SF,IH2012,2020-10-22 09:32:05.300,3343.8000,32548,-1,283607460.000,4,1,3,多平,S,3343.6000,3343.2000,3343.0000,3342.8000,3342.0000,3343.8000,3344.8000,3345.0000,3345.6000,3346.6000,3,3,1,2,1,2,2,7,1,1
SF,IH2012,2020-10-22 09:32:05.800,3343.8000,32548,0,285613740.000,2,1,1,多换,S,3344.2000,3344.0000,3343.8000,3343.6000,3343.2000,3344.8000,3345.0000,3345.6000,3346.8000,3347.0000,1,2,7,5,3,2,7,1,2,1
SF,IH2012,2020-10-22 09:32:06.300,3344.2000,32547,-1,286617000.000,1,0,1,双平,S,3344.0000,3343.8000,3343.6000,3343.2000,3343.0000,3344.8000,3345.0000,3345.6000,3346.6000,3346.8000,1,1,3,3,1,2,7,1,1,2
SF,IH2012,2020-10-22 09:32:06.800,3344.2000,32547,0,286617000.000,0,-,-,-,-,3344.0000,3343.8000,3343.6000,3343.2000,3343.0000,3344.6000,3344.8000,3345.0000,3345.6000,3346.6000,1,1,3,3,1,1,2,6,1,1
SF,IH2012,2020-10-22 09:32:07.800,3344.2000,32547,0,286617000.000,0,-,-,-,-,3344.0000,3343.8000,3343.6000,3343.2000,3343.0000,3344.6000,3344.8000,3345.0000,3345.6000,3346.6000,1,1,3,3,1,1,2,6,1,1
SF,IH2012,2020-10-22 09:32:08.300,3344.6000,32546,-1,287620380.000,1,0,1,双平,S,3344.6000,3344.0000,3343.8000,3343.6000,3343.2000,3344.8000,3345.0000,3345.6000,3346.6000,3346.8000,1,1,1,3,3,2,6,1,1,2
SF,IH2012,2020-10-22 09:32:08.800,3344.0000,32544,-2,289626960.000,2,0,2,双平,S,3343.8000,3343.6000,3343.2000,3343.0000,3342.8000,3344.6000,3344.8000,3345.0000,3345.6000,3346.6000,1,3,3,2,2,2,1,6,1,1
SF,IH2012,2020-10-22 09:32:09.300,3344.0000,32541,-3,292636920.000,3,0,3,双平,S,3343.8000,3343.6000,3343.2000,3343.0000,3342.8000,3344.8000,3345.0000,3345.6000,3346.6000,3346.8000,1,3,3,2,2,1,6,1,1,2
SF,IH2012,2020-10-22 09:32:09.800,3344.0000,32541,0,292636920.000,0,-,-,-,-,3343.8000,3343.6000,3343.2000,3343.0000,3342.8000,3344.8000,3345.0000,3345.6000,3346.6000,3346.8000,1,3,3,2,2,2,6,1,1,2
SF,IH2012,2020-10-22 09:32:11.300,3344.0000,32541,0,292636920.000,0,-,-,-,-,3344.0000,3343.8000,3343.6000,3343.2000,3343.0000,3344.8000,3345.0000,3345.6000,3346.6000,3346.8000,1,1,3,3,2,2,6,1,1,2
SF,IH2012,2020-10-22 09:32:11.800,3344.0000,32540,-1,293640120.000,1,0,1,双平,S,3343.8000,3343.6000,3343.2000,3343.0000,3342.8000,3344.8000,3345.0000,3345.6000,3346.6000,3346.8000,1,3,3,2,2,2,6,1,1,2
SF,IH2012,2020-10-22 09:32:12.300,3344.8000,32540,0,294643560.000,1,0,1,多换,S,3344.2000,3344.0000,3343.8000,3343.6000,3343.2000,3344.8000,3345.0000,3345.6000,3346.6000,3346.8000,1,2,1,3,3,1,6,1,1,2
SF,IH2012,2020-10-22 09:32:12.800,3344.8000,32540,0,294643560.000,0,-,-,-,-,3344.0000,3343.8000,3343.6000,3343.2000,3343.0000,3344.8000,3345.0000,3345.6000,3346.6000,3346.8000,1,1,3,3,2,1,6,1,1,2
SF,IH2012,2020-10-22 09:32:13.300,3344.8000,32539,-1,295647000.000,1,0,1,双平,S,3344.0000,3343.8000,3343.6000,3343.2000,3343.0000,3345.0000,3345.6000,3346.6000,3346.8000,3347.0000,1,1,3,3,2,6,1,1,2,1
SF,IH2012,2020-10-22 09:32:13.800,3344.8000,32539,0,295647000.000,0,-,-,-,-,3344.2000,3344.0000,3343.8000,3343.6000,3343.2000,3345.0000,3345.6000,3346.6000,3346.8000,3347.0000,2,1,1,3,3,6,1,1,2,1
SF,IH2012,2020-10-22 09:32:14.300,3345.0000,32538,-1,296650500.000,1,0,1,双平,S,3344.4000,3344.2000,3344.0000,3343.8000,3343.6000,3345.0000,3345.6000,3346.6000,3346.8000,3347.0000,1,1,1,1,3,5,1,1,2,1
SF,IH2012,2020-10-22 09:32:14.800,3345.0000,32537,-1,297654000.000,1,0,1,双平,S,3344.6000,3344.2000,3344.0000,3343.8000,3343.6000,3345.0000,3345.6000,3346.6000,3346.8000,3347.0000,1,1,1,1,3,4,1,1,2,1
SF,IH2012,2020-10-22 09:32:15.300,3345.0000,32533,-4,301668000.000,4,0,4,双平,S,3345.2000,3345.0000,3344.2000,3344.0000,3343.8000,3346.6000,3346.8000,3347.0000,3347.4000,3348.0000,1,3,1,1,1,1,2,1,1,1
SF,IH2012,2020-10-22 09:32:15.800,3345.0000,32533,0,301668000.000,0,-,-,-,-,3345.2000,3345.0000,3344.2000,3344.0000,3343.8000,3346.2000,3346.4000,3346.6000,3346.8000,3347.0000,2,3,1,1,1,1,1,1,2,1
SF,IH2012,2020-10-22 09:32:16.300,3345.0000,32533,0,301668000.000,0,-,-,-,-,3345.2000,3345.0000,3344.2000,3344.0000,3343.8000,3346.2000,3346.4000,3346.6000,3346.8000,3347.0000,2,3,1,1,1,1,1,1,2,1
SF,IH2012,2020-10-22 09:32:16.800,3345.0000,32533,0,301668000.000,0,-,-,-,-,3345.2000,3345.0000,3344.2000,3344.0000,3343.8000,3346.4000,3346.6000,3346.8000,3347.0000,3347.4000,2,4,1,1,1,1,1,2,1,2
SF,IH2012,2020-10-22 09:32:17.300,3345.0000,32533,0,301668000.000,0,-,-,-,-,3345.2000,3345.0000,3344.2000,3344.0000,3343.8000,3346.4000,3346.6000,3347.0000,3347.4000,3348.0000,2,4,1,1,1,1,1,1,2,1
SF,IH2012,2020-10-22 09:32:17.800,3345.0000,32533,0,301668000.000,0,-,-,-,-,3345.2000,3345.0000,3344.2000,3344.0000,3343.8000,3346.4000,3346.6000,3347.0000,3347.4000,3348.0000,2,4,1,1,1,1,1,1,2,1
SF,IH2012,2020-10-22 09:32:18.300,3345.2000,32532,-1,302671560.000,1,0,1,双平,S,3346.4000,3345.2000,3345.0000,3344.2000,3344.0000,3346.6000,3347.0000,3347.4000,3348.0000,3349.0000,1,1,4,1,1,1,1,2,1,3
SF,IH2012,2020-10-22 09:32:18.800,3346.4000,32532,0,303675480.000,1,0,1,多换,S,3345.4000,3345.2000,3345.0000,3344.2000,3344.0000,3346.2000,3346.4000,3346.6000,3347.0000,3347.4000,3,1,4,1,1,3,4,2,1,2
SF,IH2012,2020-10-22 09:32:19.300,3345.6000,32529,-3,308694420.000,5,1,4,多平,S,3345.4000,3345.2000,3345.0000,3344.2000,3344.0000,3346.4000,3346.6000,3347.0000,3347.4000,3348.0000,1,1,4,2,1,2,2,1,2,1
SF,IH2012,2020-10-22 09:32:19.800,3345.6000,32529,0,308694420.000,0,-,-,-,-,3345.2000,3345.0000,3344.2000,3344.0000,3343.6000,3346.4000,3346.6000,3347.0000,3347.4000,3348.0000,1,4,2,1,3,2,1,1,2,1
SF,IH2012,2020-10-22 09:32:20.300,3345.6000,32529,0,308694420.000,0,-,-,-,-,3345.4000,3345.2000,3345.0000,3344.8000,3344.2000,3346.4000,3346.6000,3347.0000,3347.4000,3348.0000,1,1,3,1,2,2,1,1,2,1
SF,IH2012,2020-10-22 09:32:20.800,3345.6000,32529,0,308694420.000,0,-,-,-,-,3345.4000,3345.2000,3345.0000,3344.8000,3344.2000,3346.4000,3346.6000,3347.0000,3347.4000,3348.0000,1,1,3,1,2,2,1,1,2,1
SF,IH2012,2020-10-22 09:32:22.300,3346.4000,32527,-2,310702260.000,2,0,2,双平,S,3346.4000,3345.4000,3345.2000,3345.0000,3344.8000,3347.0000,3347.4000,3348.0000,3349.0000,3350.0000,1,1,1,3,1,1,2,1,3,3
SF,IH2012,2020-10-22 09:32:22.800,3346.4000,32527,0,310702260.000,0,-,-,-,-,3346.4000,3345.4000,3345.2000,3345.0000,3344.8000,3347.0000,3347.4000,3348.0000,3349.0000,3350.0000,1,1,1,3,1,2,2,1,3,3
SF,IH2012,2020-10-22 09:32:23.300,3346.4000,32527,0,310702260.000,0,-,-,-,-,3346.4000,3345.4000,3345.2000,3345.0000,3344.8000,3347.0000,3347.4000,3348.0000,3348.2000,3349.0000,1,1,1,3,1,2,2,1,1,3
SF,IH2012,2020-10-22 09:32:23.800,3346.4000,32527,0,310702260.000,0,-,-,-,-,3346.4000,3345.4000,3345.2000,3345.0000,3344.8000,3347.0000,3347.4000,3348.0000,3348.2000,3349.0000,1,1,1,3,1,2,2,1,1,4
SF,IH2012,2020-10-22 09:32:24.300,3346.4000,32527,0,310702260.000,0,-,-,-,-,3346.4000,3345.4000,3345.2000,3345.0000,3344.8000,3347.0000,3347.4000,3348.0000,3348.2000,3349.0000,1,1,1,3,1,2,2,1,1,4
SF,IH2012,2020-10-22 09:32:24.800,3347.0000,32525,-2,313714380.000,3,0,3,多平,S,3345.4000,3345.2000,3345.0000,3344.8000,3344.2000,3347.4000,3348.0000,3348.2000,3349.0000,3349.6000,1,1,3,1,2,2,1,1,4,2
SF,IH2012,2020-10-22 09:32:25.300,3347.0000,32525,0,313714380.000,0,-,-,-,-,3345.6000,3345.4000,3345.2000,3345.0000,3344.8000,3346.4000,3347.2000,3347.4000,3348.0000,3348.2000,2,1,1,3,1,1,2,2,1,1
SF,IH2012,2020-10-22 09:32:25.800,3347.0000,32525,0,313714380.000,0,-,-,-,-,3345.4000,3345.2000,3345.0000,3344.8000,3344.2000,3346.4000,3347.2000,3347.4000,3348.0000,3348.2000,1,1,3,1,2,1,2,2,1,1
SF,IH2012,2020-10-22 09:32:26.800,3347.0000,32525,0,313714380.000,0,-,-,-,-,3345.4000,3345.2000,3345.0000,3344.8000,3344.2000,3346.4000,3347.2000,3347.4000,3348.0000,3348.2000,1,1,3,1,2,1,2,2,1,1
SF,IH2012,2020-10-22 09:32:27.300,3346.4000,32524,-1,314718300.000,1,0,1,双平,S,3345.4000,3345.2000,3345.0000,3344.8000,3344.2000,3347.2000,3347.4000,3348.0000,3348.2000,3349.0000,1,1,3,1,2,1,2,1,1,3
SF,IH2012,2020-10-22 09:32:27.800,3346.4000,32524,0,314718300.000,0,-,-,-,-,3345.6000,3345.4000,3345.2000,3345.0000,3344.8000,3347.0000,3347.2000,3347.4000,3348.0000,3348.2000,2,1,1,3,1,1,1,2,1,1
SF,IH2012,2020-10-22 09:32:29.300,3346.4000,32524,0,314718300.000,0,-,-,-,-,3345.6000,3345.4000,3345.2000,3345.0000,3344.8000,3347.0000,3347.2000,3347.4000,3348.0000,3348.2000,2,1,1,3,1,1,1,2,1,1
SF,IH2012,2020-10-22 09:32:29.800,3345.6000,32522,-2,316726080.000,2,0,2,双平,S,3345.6000,3345.4000,3345.2000,3345.0000,3344.8000,3347.0000,3347.2000,3347.4000,3348.0000,3348.2000,1,1,1,3,1,1,1,2,1,1
SF,IH2012,2020-10-22 09:32:30.300,3345.6000,32522,0,316726080.000,0,-,-,-,-,3345.4000,3345.2000,3345.0000,3344.8000,3344.2000,3347.0000,3347.2000,3347.4000,3348.0000,3348.2000,1,1,4,1,2,1,1,2,1,1
SF,IH2012,2020-10-22 09:32:30.800,3345.6000,32522,0,316726080.000,0,-,-,-,-,3345.4000,3345.2000,3345.0000,3344.8000,3344.2000,3347.0000,3347.2000,3347.4000,3348.0000,3348.2000,2,1,4,1,2,1,1,2,1,1
SF,IH2012,2020-10-22 09:32:31.300,3345.6000,32522,0,316726080.000,0,-,-,-,-,3345.6000,3345.4000,3345.2000,3345.0000,3344.8000,3347.0000,3347.2000,3347.4000,3348.0000,3348.2000,1,2,1,4,1,1,1,2,1,1
SF,IH2012,2020-10-22 09:32:31.800,3347.0000,32521,-1,317730180.000,1,0,1,双平,S,3345.4000,3345.2000,3345.0000,3344.8000,3344.2000,3347.2000,3347.4000,3348.0000,3348.2000,3349.0000,2,1,4,1,2,1,2,1,1,3
SF,IH2012,2020-10-22 09:32:32.300,3347.0000,32521,0,317730180.000,0,-,-,-,-,3345.6000,3345.4000,3345.2000,3345.0000,3344.8000,3347.4000,3348.0000,3348.2000,3349.0000,3349.2000,3,2,1,4,1,2,1,1,3,1
SF,IH2012,2020-10-22 09:32:32.800,3347.0000,32521,0,317730180.000,0,-,-,-,-,3345.8000,3345.6000,3345.4000,3345.2000,3345.0000,3347.4000,3348.0000,3348.2000,3349.0000,3349.2000,1,2,3,1,4,3,1,1,3,1
SF,IH2012,2020-10-22 09:32:33.300,3347.0000,32521,0,317730180.000,0,-,-,-,-,3346.0000,3345.6000,3345.4000,3345.2000,3345.0000,3347.4000,3348.0000,3348.2000,3349.0000,3349.2000,1,1,3,1,4,2,1,1,3,1
SF,IH2012,2020-10-22 09:32:33.800,3347.0000,32521,0,317730180.000,0,-,-,-,-,3346.2000,3345.6000,3345.4000,3345.2000,3345.0000,3347.4000,3348.0000,3348.2000,3349.0000,3349.2000,1,1,3,1,4,2,1,1,3,1
SF,IH2012,2020-10-22 09:32:34.300,3346.4000,32520,-1,318734100.000,1,0,1,双平,S,3345.6000,3345.4000,3345.2000,3345.0000,3344.8000,3347.0000,3347.4000,3348.0000,3348.2000,3349.0000,1,3,1,6,1,1,1,1,1,3
SF,IH2012,2020-10-22 09:32:34.800,3345.8000,32520,0,320741940.000,2,1,1,多换,S,3345.6000,3345.4000,3345.2000,3345.0000,3344.8000,3347.4000,3348.0000,3348.2000,3349.0000,3349.2000,1,3,1,6,1,1,1,1,3,1
SF,IH2012,2020-10-22 09:32:35.300,3345.8000,32520,0,320741940.000,0,-,-,-,-,3346.0000,3345.8000,3345.6000,3345.4000,3345.2000,3347.4000,3348.0000,3348.2000,3349.0000,3349.2000,3,2,1,3,1,1,1,1,3,1
SF,IH2012,2020-10-22 09:32:35.800,3345.8000,32520,0,320741940.000,0,-,-,-,-,3346.0000,3345.6000,3345.4000,3345.0000,3344.8000,3347.4000,3348.0000,3348.2000,3349.0000,3349.2000,2,1,3,6,1,1,1,1,3,1
SF,IH2012,2020-10-22 09:32:36.300,3345.8000,32520,0,320741940.000,0,-,-,-,-,3346.0000,3345.6000,3345.4000,3345.0000,3344.8000,3347.4000,3348.0000,3348.2000,3349.0000,3349.2000,1,1,3,6,1,1,1,1,3,1
SF,IH2012,2020-10-22 09:32:36.800,3345.8000,32520,0,320741940.000,0,-,-,-,-,3346.0000,3345.6000,3345.4000,3345.0000,3344.8000,3347.4000,3348.0000,3348.2000,3349.0000,3349.2000,1,1,3,6,1,1,1,1,3,1
SF,IH2012,2020-10-22 09:32:37.300,3345.8000,32520,0,320741940.000,0,-,-,-,-,3346.0000,3345.4000,3345.0000,3344.8000,3344.2000,3347.2000,3347.4000,3348.0000,3348.2000,3349.0000,1,3,6,1,1,1,1,1,1,3
SF,IH2012,2020-10-22 09:32:37.800,3345.8000,32520,0,320741940.000,0,-,-,-,-,3346.0000,3345.4000,3345.0000,3344.8000,3344.2000,3347.0000,3347.2000,3347.4000,3348.0000,3348.2000,1,3,6,1,1,1,1,1,1,1
SF,IH2012,2020-10-22 09:32:38.800,3345.8000,32520,0,320741940.000,0,-,-,-,-,3346.0000,3345.4000,3345.0000,3344.8000,3344.2000,3347.0000,3347.2000,3347.4000,3348.0000,3348.2000,1,2,6,1,1,1,2,1,1,1
SF,IH2012,2020-10-22 09:32:39.300,3345.8000,32520,0,320741940.000,0,-,-,-,-,3346.0000,3345.4000,3345.0000,3344.8000,3344.2000,3347.0000,3347.2000,3347.4000,3348.0000,3348.2000,1,2,6,1,1,2,2,1,1,1
SF,IH2012,2020-10-22 09:32:39.800,3345.8000,32520,0,320741940.000,0,-,-,-,-,3346.0000,3345.6000,3345.4000,3345.0000,3344.8000,3346.8000,3347.0000,3347.2000,3347.4000,3348.0000,1,3,2,6,1,1,2,2,1,1
SF,IH2012,2020-10-22 09:32:40.300,3345.8000,32520,0,320741940.000,0,-,-,-,-,3346.0000,3345.6000,3345.4000,3345.0000,3344.8000,3346.8000,3347.0000,3347.2000,3347.4000,3348.0000,1,3,2,6,1,1,2,2,1,1
SF,IH2012,2020-10-22 09:32:40.800,3345.8000,32520,0,320741940.000,0,-,-,-,-,3346.0000,3345.6000,3345.4000,3345.0000,3344.8000,3347.0000,3347.2000,3347.4000,3348.0000,3348.2000,1,3,2,6,1,1,2,1,1,1
SF,IH2012,2020-10-22 09:32:41.300,3346.8000,32520,0,321745980.000,1,0,1,多换,S,3346.0000,3345.6000,3345.4000,3345.0000,3344.8000,3347.0000,3347.2000,3347.4000,3348.0000,3348.2000,1,3,2,6,1,1,2,1,1,1
SF,IH2012,2020-10-22 09:32:41.800,3346.8000,32520,0,321745980.000,0,-,-,-,-,3346.0000,3345.6000,3345.4000,3345.0000,3344.8000,3347.0000,3347.2000,3347.4000,3348.0000,3348.2000,2,3,2,6,1,1,1,1,1,1
SF,IH2012,2020-10-22 09:32:42.300,3347.0000,32519,-1,322750080.000,1,0,1,双平,S,3346.0000,3345.6000,3345.4000,3345.0000,3344.8000,3347.4000,3348.0000,3348.2000,3349.0000,3349.6000,2,3,2,6,1,2,1,1,3,2
SF,IH2012,2020-10-22 09:32:42.800,3347.4000,32520,1,324758160.000,2,1,1,空开,S,3346.0000,3345.6000,3345.4000,3345.0000,3344.8000,3347.4000,3348.0000,3348.2000,3349.0000,3349.2000,1,3,2,6,1,2,1,1,3,1
SF,IH2012,2020-10-22 09:32:43.300,3347.4000,32520,0,324758160.000,0,-,-,-,-,3346.0000,3345.6000,3345.4000,3345.0000,3344.8000,3347.4000,3347.6000,3348.0000,3348.2000,3349.0000,1,3,2,6,1,2,1,1,1,3
SF,IH2012,2020-10-22 09:32:44.300,3347.4000,32520,0,324758160.000,0,-,-,-,-,3346.0000,3345.6000,3345.4000,3345.0000,3344.8000,3347.0000,3347.4000,3347.6000,3348.0000,3348.2000,1,3,2,6,1,1,2,1,1,1
SF,IH2012,2020-10-22 09:32:44.800,3346.0000,32519,-1,325761960.000,1,0,1,双平,S,3345.6000,3345.4000,3345.0000,3344.8000,3344.2000,3346.8000,3347.0000,3347.4000,3347.6000,3348.0000,3,2,6,1,1,1,1,2,1,1
SF,IH2012,2020-10-22 09:32:45.300,3346.8000,32520,1,326766000.000,1,1,0,双开,S,3345.6000,3345.4000,3345.0000,3344.8000,3344.2000,3347.0000,3347.4000,3347.6000,3348.0000,3348.2000,3,2,6,1,1,1,2,1,1,1
SF,IH2012,2020-10-22 09:32:45.800,3347.0000,32520,0,327770100.000,1,0,1,多换,S,3347.0000,3345.8000,3345.6000,3345.4000,3345.0000,3347.4000,3347.6000,3348.0000,3348.2000,3349.0000,4,6,3,2,6,2,1,1,1,3
SF,IH2012,2020-10-22 09:32:46.300,3347.4000,32520,0,328774320.000,1,0,1,多换,S,3347.0000,3345.8000,3345.6000,3345.4000,3345.0000,3347.6000,3348.0000,3348.2000,3349.0000,3349.6000,5,5,3,2,6,1,1,1,3,2
SF,IH2012,2020-10-22 09:32:46.800,3347.0000,32521,1,331787100.000,3,2,1,空开,S,3347.0000,3345.8000,3345.6000,3345.4000,3345.0000,3348.2000,3349.0000,3349.4000,3349.6000,3349.8000,4,5,3,2,6,1,3,1,2,1
SF,IH2012,2020-10-22 09:32:47.300,3347.0000,32521,0,331787100.000,0,-,-,-,-,3347.0000,3345.8000,3345.6000,3345.4000,3345.0000,3348.0000,3348.2000,3349.0000,3349.4000,3349.6000,4,5,3,2,6,1,2,3,1,2
SF,IH2012,2020-10-22 09:32:47.800,3347.0000,32521,0,331787100.000,0,-,-,-,-,3347.0000,3345.8000,3345.6000,3345.4000,3345.0000,3348.2000,3349.0000,3349.4000,3349.6000,3349.8000,4,5,3,2,6,2,3,1,2,1
SF,IH2012,2020-10-22 09:32:48.300,3347.0000,32522,1,332791200.000,1,1,0,双开,S,3347.0000,3345.8000,3345.6000,3345.4000,3345.0000,3348.2000,3349.0000,3349.4000,3349.6000,3349.8000,3,5,3,2,6,2,3,1,2,1
SF,IH2012,2020-10-22 09:32:48.800,3347.0000,32522,0,332791200.000,0,-,-,-,-,3347.0000,3345.8000,3345.6000,3345.4000,3345.0000,3348.0000,3348.2000,3349.0000,3349.4000,3349.6000,3,5,3,2,6,1,2,3,1,2
SF,IH2012,2020-10-22 09:32:49.300,3347.0000,32522,0,332791200.000,0,-,-,-,-,3347.0000,3345.8000,3345.6000,3345.4000,3345.0000,3347.8000,3348.0000,3348.2000,3349.0000,3349.4000,3,5,3,1,6,1,2,1,3,1
SF,IH2012,2020-10-22 09:32:49.800,3347.6000,32522,0,333795480.000,1,0,1,多换,S,3347.0000,3345.8000,3345.6000,3345.4000,3345.0000,3347.8000,3348.0000,3348.2000,3349.0000,3349.4000,3,5,3,1,6,1,1,1,3,1
SF,IH2012,2020-10-22 09:32:50.300,3347.0000,32522,0,335803680.000,2,1,1,多换,S,3347.0000,3345.8000,3345.6000,3345.0000,3343.6000,3347.8000,3348.0000,3348.2000,3349.0000,3349.4000,1,5,3,6,3,1,1,1,3,1
SF,IH2012,2020-10-22 09:32:50.800,3347.0000,32522,0,335803680.000,0,-,-,-,-,3346.4000,3345.8000,3345.6000,3345.0000,3343.6000,3347.8000,3348.0000,3348.2000,3349.0000,3349.4000,1,5,3,6,3,1,1,1,3,1
SF,IH2012,2020-10-22 09:32:51.300,3346.6000,32522,0,336807660.000,1,0,1,多换,S,3346.4000,3345.8000,3345.6000,3345.0000,3343.6000,3347.8000,3348.0000,3348.2000,3349.0000,3349.4000,1,5,3,6,3,1,1,1,3,1
SF,IH2012,2020-10-22 09:32:51.800,3346.6000,32522,0,336807660.000,0,-,-,-,-,3345.8000,3345.6000,3345.0000,3343.6000,3343.0000,3347.8000,3348.0000,3348.2000,3349.0000,3349.4000,6,3,6,3,1,1,1,1,3,1
SF,IH2012,2020-10-22 09:32:52.300,3346.6000,32522,0,336807660.000,0,-,-,-,-,3346.2000,3346.0000,3345.8000,3345.6000,3345.0000,3347.6000,3347.8000,3348.2000,3349.0000,3349.4000,1,2,6,3,6,1,1,1,3,1
SF,IH2012,2020-10-22 09:32:52.800,3346.6000,32522,0,336807660.000,0,-,-,-,-,3346.2000,3346.0000,3345.8000,3345.6000,3345.0000,3347.6000,3347.8000,3348.2000,3349.0000,3349.4000,1,1,5,4,6,1,1,1,3,1
SF,IH2012,2020-10-22 09:32:53.800,3346.6000,32522,0,336807660.000,0,-,-,-,-,3346.4000,3346.2000,3346.0000,3345.8000,3345.6000,3347.6000,3347.8000,3348.2000,3349.0000,3349.4000,1,1,1,5,4,1,1,1,3,1
SF,IH2012,2020-10-22 09:32:54.300,3346.6000,32522,0,336807660.000,0,-,-,-,-,3346.4000,3346.2000,3346.0000,3345.8000,3345.6000,3347.8000,3348.2000,3349.0000,3349.4000,3349.6000,1,1,1,5,4,1,1,3,1,2
SF,IH2012,2020-10-22 09:32:54.800,3346.6000,32522,0,336807660.000,0,-,-,-,-,3346.4000,3346.2000,3346.0000,3345.8000,3345.6000,3347.0000,3347.8000,3348.2000,3349.0000,3349.4000,1,1,1,5,4,1,1,1,3,1
SF,IH2012,2020-10-22 09:32:55.300,3347.8000,32520,-2,338816100.000,2,0,2,双平,S,3347.0000,3346.4000,3346.2000,3346.0000,3345.8000,3348.2000,3349.0000,3349.6000,3349.8000,3350.0000,1,2,1,1,5,1,3,2,1,3
SF,IH2012,2020-10-22 09:32:55.800,3347.8000,32520,0,338816100.000,0,-,-,-,-,3347.0000,3346.4000,3346.2000,3345.8000,3345.6000,3348.0000,3348.2000,3349.0000,3349.4000,3349.6000,2,2,1,5,4,1,1,3,1,2
SF,IH2012,2020-10-22 09:32:56.800,3347.8000,32520,0,338816100.000,0,-,-,-,-,3347.0000,3346.4000,3346.2000,3345.8000,3345.6000,3348.0000,3348.2000,3349.0000,3349.4000,3349.6000,1,2,1,5,4,1,1,3,1,2
SF,IH2012,2020-10-22 09:32:57.300,3347.0000,32519,-1,339820200.000,1,0,1,双平,S,3346.4000,3346.2000,3345.8000,3345.6000,3345.0000,3347.6000,3348.0000,3348.2000,3349.0000,3349.4000,2,1,5,4,6,1,1,1,3,1
SF,IH2012,2020-10-22 09:32:58.300,3347.0000,32519,0,339820200.000,0,-,-,-,-,3346.4000,3346.2000,3345.8000,3345.6000,3345.0000,3347.6000,3348.0000,3348.2000,3349.0000,3349.4000,1,1,5,4,6,1,1,1,3,1
SF,IH2012,2020-10-22 09:32:58.800,3347.0000,32519,0,339820200.000,0,-,-,-,-,3346.4000,3345.6000,3345.0000,3343.6000,3343.0000,3347.4000,3347.6000,3348.0000,3348.2000,3349.0000,1,4,6,3,1,1,1,1,1,3
SF,IH2012,2020-10-22 09:33:00.300,3347.0000,32519,0,339820200.000,0,-,-,-,-,3346.6000,3346.4000,3345.6000,3345.0000,3343.6000,3347.4000,3347.6000,3348.0000,3348.2000,3349.0000,1,1,4,6,3,1,1,1,1,3
SF,IH2012,2020-10-22 09:33:00.800,3347.0000,32519,0,339820200.000,0,-,-,-,-,3346.6000,3346.4000,3345.6000,3345.0000,3343.6000,3347.4000,3347.6000,3348.0000,3348.2000,3349.0000,1,1,4,6,3,1,1,1,1,3
SF,IH2012,2020-10-22 09:33:01.800,3346.4000,32518,-1,341828100.000,2,0,2,多平,S,3345.6000,3345.0000,3343.6000,3343.0000,3342.6000,3346.6000,3347.4000,3347.6000,3348.0000,3348.2000,4,6,3,1,1,1,1,1,1,1
SF,IH2012,2020-10-22 09:33:02.300,3346.6000,32518,0,342832080.000,1,0,1,多换,S,3346.6000,3345.8000,3345.6000,3345.0000,3343.6000,3347.4000,3347.6000,3348.0000,3348.2000,3349.0000,1,1,4,6,3,1,1,1,1,3
SF,IH2012,2020-10-22 09:33:02.800,3346.6000,32517,-1,344840040.000,2,0,2,多平,S,3345.8000,3345.6000,3345.0000,3343.6000,3343.0000,3346.4000,3347.2000,3347.4000,3347.6000,3348.2000,2,4,6,3,1,1,1,1,1,1
SF,IH2012,2020-10-22 09:33:03.300,3346.4000,32516,-1,345843960.000,1,0,1,双平,S,3346.6000,3346.4000,3345.8000,3345.6000,3345.0000,3347.4000,3347.6000,3348.2000,3349.0000,3349.8000,2,1,1,4,6,1,1,1,3,2
SF,IH2012,2020-10-22 09:33:03.800,3346.4000,32516,0,345843960.000,0,-,-,-,-,3346.4000,3346.2000,3345.8000,3345.6000,3345.0000,3347.4000,3347.6000,3348.2000,3349.0000,3349.8000,1,1,1,4,6,1,1,1,3,2
SF,IH2012,2020-10-22 09:33:04.300,3346.4000,32516,0,345843960.000,0,-,-,-,-,3346.4000,3345.8000,3345.6000,3345.0000,3343.6000,3347.6000,3348.2000,3349.0000,3349.8000,3350.0000,1,1,4,6,3,1,1,3,2,3
SF,IH2012,2020-10-22 09:33:04.800,3346.4000,32516,0,348856440.000,3,1,2,多换,S,3345.8000,3345.6000,3345.0000,3343.6000,3343.0000,3348.2000,3349.0000,3349.8000,3350.0000,3351.8000,1,4,6,3,1,1,3,2,3,1
SF,IH2012,2020-10-22 09:33:05.300,3346.4000,32516,0,348856440.000,0,-,-,-,-,3345.8000,3345.6000,3345.4000,3345.0000,3343.8000,3347.8000,3348.0000,3348.2000,3349.0000,3349.8000,1,3,1,6,1,1,2,1,3,2
SF,IH2012,2020-10-22 09:33:05.800,3346.4000,32516,0,348856440.000,0,-,-,-,-,3346.0000,3345.8000,3345.6000,3345.4000,3345.0000,3347.6000,3348.0000,3348.2000,3349.0000,3349.8000,2,1,3,1,6,4,1,1,3,2
SF,IH2012,2020-10-22 09:33:06.300,3346.4000,32516,0,348856440.000,0,-,-,-,-,3346.0000,3345.8000,3345.6000,3345.4000,3345.0000,3347.4000,3347.6000,3348.2000,3349.0000,3349.8000,2,1,3,1,6,1,4,1,3,2
SF,IH2012,2020-10-22 09:33:06.800,3347.2000,32516,0,349860600.000,1,0,1,多换,S,3346.0000,3345.8000,3345.6000,3345.4000,3345.0000,3347.4000,3347.6000,3348.2000,3349.0000,3349.8000,2,1,3,1,6,1,2,1,3,2
SF,IH2012,2020-10-22 09:33:07.300,3346.0000,32515,-1,350864400.000,1,0,1,双平,S,3346.0000,3345.8000,3345.6000,3345.4000,3345.0000,3347.2000,3347.4000,3347.6000,3348.2000,3349.0000,2,1,3,1,6,4,1,1,1,3
SF,IH2012,2020-10-22 09:33:07.800,3346.0000,32514,-1,351868200.000,1,0,1,双平,S,3345.8000,3345.6000,3345.4000,3345.0000,3343.8000,3346.0000,3346.8000,3347.0000,3347.2000,3347.6000,2,3,1,6,1,1,1,1,3,1
SF,IH2012,2020-10-22 09:33:08.300,3345.8000,32513,-1,354879480.000,3,1,2,多平,S,3345.6000,3345.4000,3345.0000,3343.8000,3343.6000,3347.0000,3347.2000,3347.6000,3348.2000,3349.0000,3,1,6,1,3,1,2,1,1,3
SF,IH2012,2020-10-22 09:33:08.800,3345.8000,32513,0,354879480.000,0,-,-,-,-,3345.6000,3345.4000,3345.0000,3343.8000,3343.6000,3346.8000,3347.0000,3347.2000,3347.6000,3348.2000,4,1,6,1,3,3,1,1,1,1
SF,IH2012,2020-10-22 09:33:09.300,3345.8000,32513,0,354879480.000,0,-,-,-,-,3345.6000,3345.4000,3345.0000,3343.8000,3343.6000,3346.6000,3346.8000,3347.2000,3347.6000,3348.2000,4,1,6,1,3,7,3,1,1,1
SF,IH2012,2020-10-22 09:33:09.800,3345.8000,32513,0,354879480.000,0,-,-,-,-,3345.6000,3345.4000,3345.0000,3343.8000,3343.6000,3346.4000,3346.6000,3346.8000,3347.2000,3347.6000,3,1,6,1,3,2,7,1,1,1
SF,IH2012,2020-10-22 09:33:10.300,3345.6000,32513,0,356886840.000,2,1,1,多换,S,3345.6000,3345.4000,3345.0000,3343.8000,3343.6000,3346.4000,3346.6000,3347.2000,3347.6000,3348.2000,1,1,6,1,3,3,7,1,1,1
SF,IH2012,2020-10-22 09:33:10.800,3345.6000,32513,0,357890520.000,1,0,1,多换,S,3346.0000,3345.0000,3343.8000,3343.6000,3343.0000,3346.2000,3346.4000,3346.6000,3347.2000,3347.6000,1,7,1,3,1,1,3,1,1,1
SF,IH2012,2020-10-22 09:33:11.300,3346.0000,32513,0,358894320.000,1,0,1,多换,S,3345.0000,3343.8000,3343.6000,3343.0000,3342.6000,3346.0000,3346.2000,3346.4000,3346.6000,3347.2000,7,1,3,1,1,1,1,2,1,1
SF,IH2012,2020-10-22 09:33:11.800,3346.0000,32513,0,358894320.000,0,-,-,-,-,3345.0000,3343.8000,3343.6000,3343.0000,3342.6000,3346.2000,3346.4000,3346.6000,3347.2000,3347.6000,8,1,3,1,1,1,2,1,1,1
SF,IH2012,2020-10-22 09:33:12.300,3345.2000,32512,-1,359897880.000,1,0,1,双平,S,3345.0000,3343.8000,3343.6000,3343.0000,3342.6000,3346.0000,3346.2000,3346.4000,3346.6000,3347.2000,7,1,3,1,1,1,1,2,1,1
SF,IH2012,2020-10-22 09:33:12.800,3345.2000,32512,0,359897880.000,0,-,-,-,-,3346.0000,3345.0000,3343.8000,3343.6000,3343.0000,3346.2000,3346.4000,3347.2000,3347.6000,3348.2000,1,7,1,3,1,1,2,1,1,1
SF,IH2012,2020-10-22 09:33:13.300,3346.0000,32510,-2,361905480.000,2,0,2,双平,S,3346.0000,3345.0000,3343.8000,3343.6000,3343.0000,3346.4000,3347.2000,3347.6000,3348.2000,3349.0000,1,7,1,3,1,1,1,1,1,3
SF,IH2012,2020-10-22 09:33:13.800,3346.0000,32510,0,361905480.000,0,-,-,-,-,3346.0000,3345.0000,3343.8000,3343.6000,3343.0000,3347.2000,3347.6000,3348.2000,3349.0000,3349.8000,1,7,1,3,1,1,1,1,3,3
SF,IH2012,2020-10-22 09:33:14.300,3346.0000,32510,0,361905480.000,0,-,-,-,-,3346.0000,3345.0000,3343.8000,3343.6000,3343.0000,3346.8000,3347.0000,3347.2000,3348.2000,3349.0000,1,7,1,3,1,1,2,1,1,3
SF,IH2012,2020-10-22 09:33:14.800,3346.0000,32510,0,361905480.000,0,-,-,-,-,3346.0000,3345.0000,3343.8000,3343.6000,3343.0000,3346.6000,3347.0000,3347.2000,3348.2000,3349.0000,1,7,1,3,1,3,1,1,1,3
SF,IH2012,2020-10-22 09:33:15.300,3346.0000,32509,-1,362909280.000,1,0,1,双平,S,3345.0000,3343.8000,3343.6000,3343.0000,3342.6000,3346.4000,3346.6000,3347.2000,3348.2000,3349.0000,7,1,3,1,1,1,3,1,1,3
SF,IH2012,2020-10-22 09:33:15.800,3346.0000,32509,0,362909280.000,0,-,-,-,-,3345.0000,3343.8000,3343.6000,3343.0000,3342.6000,3346.2000,3346.4000,3346.6000,3346.8000,3347.2000,7,1,3,1,1,1,1,2,1,1
SF,IH2012,2020-10-22 09:33:16.300,3346.0000,32509,0,362909280.000,0,-,-,-,-,3345.0000,3343.8000,3343.6000,3343.0000,3342.6000,3346.0000,3346.4000,3346.8000,3348.2000,3349.0000,7,1,3,1,1,4,1,1,1,3
SF,IH2012,2020-10-22 09:33:16.800,3346.0000,32507,-2,365920680.000,3,0,3,多平,S,3346.0000,3345.0000,3343.8000,3343.6000,3343.0000,3346.4000,3346.8000,3348.2000,3349.0000,3349.8000,1,7,1,3,1,1,1,1,3,3
SF,IH2012,2020-10-22 09:33:17.300,3346.0000,32505,-2,367928400.000,2,0,2,双平,S,3345.0000,3343.8000,3343.6000,3343.0000,3342.6000,3346.8000,3348.2000,3349.0000,3349.8000,3350.0000,7,1,3,1,1,1,1,3,3,3
SF,IH2012,2020-10-22 09:33:17.800,3346.0000,32505,0,367928400.000,0,-,-,-,-,3345.2000,3345.0000,3343.8000,3343.6000,3343.0000,3346.8000,3348.2000,3349.0000,3349.8000,3350.0000,3,7,1,3,1,2,1,3,3,3
SF,IH2012,2020-10-22 09:33:18.300,3346.0000,32505,0,367928400.000,0,-,-,-,-,3345.4000,3345.2000,3345.0000,3343.8000,3343.6000,3346.0000,3346.8000,3348.2000,3349.0000,3349.8000,1,2,7,1,3,1,1,1,3,3
SF,IH2012,2020-10-22 09:33:18.800,3346.0000,32504,-1,368932200.000,1,0,1,双平,S,3346.0000,3345.6000,3345.0000,3344.8000,3343.8000,3346.8000,3348.2000,3349.0000,3349.8000,3350.0000,2,1,6,1,1,1,1,3,3,3
SF,IH2012,2020-10-22 09:33:19.300,3346.0000,32502,-2,370939800.000,2,0,2,双平,S,3345.0000,3344.8000,3343.8000,3343.6000,3343.0000,3346.8000,3348.2000,3349.0000,3349.8000,3350.0000,6,1,1,3,1,1,1,3,3,3
SF,IH2012,2020-10-22 09:33:19.800,3346.0000,32502,0,370939800.000,0,-,-,-,-,3345.0000,3344.8000,3343.8000,3343.6000,3343.0000,3346.6000,3346.8000,3348.2000,3349.0000,3349.8000,6,1,1,3,1,3,5,1,3,3
SF,IH2012,2020-10-22 09:33:20.300,3346.0000,32502,0,370939800.000,0,-,-,-,-,3345.0000,3344.8000,3343.8000,3343.6000,3343.0000,3346.4000,3346.6000,3346.8000,3348.2000,3349.0000,6,1,1,3,1,1,3,5,1,3
SF,IH2012,2020-10-22 09:33:20.800,3346.0000,32502,0,370939800.000,0,-,-,-,-,3345.0000,3344.8000,3343.8000,3343.6000,3343.0000,3346.2000,3346.4000,3346.6000,3346.8000,3348.2000,5,1,1,3,1,2,3,1,5,1
SF,IH2012,2020-10-22 09:33:21.300,3345.0000,32502,0,371943300.000,1,0,1,多换,S,3345.0000,3344.8000,3343.8000,3343.6000,3343.0000,3346.0000,3346.2000,3346.4000,3346.6000,3346.8000,4,1,1,3,1,1,2,2,1,5
SF,IH2012,2020-10-22 09:33:21.800,3345.0000,32502,0,371943300.000,0,-,-,-,-,3345.0000,3344.8000,3343.8000,3343.6000,3343.0000,3345.8000,3346.0000,3346.4000,3346.6000,3346.8000,4,1,1,3,1,1,3,2,1,5
SF,IH2012,2020-10-22 09:33:22.300,3345.8000,32502,0,372947040.000,1,0,1,多换,S,3345.0000,3344.8000,3343.8000,3343.6000,3343.0000,3346.0000,3346.4000,3346.6000,3346.8000,3349.0000,4,1,1,3,1,3,2,1,5,3
SF,IH2012,2020-10-22 09:33:23.300,3345.0000,32502,0,376961040.000,4,2,2,多换,S,3344.8000,3343.8000,3343.6000,3343.0000,3342.6000,3345.0000,3346.0000,3346.4000,3346.6000,3346.8000,1,1,3,1,1,1,3,2,1,5
SF,IH2012,2020-10-22 09:33:23.800,3344.8000,32501,-1,378967920.000,2,0,2,多平,S,3344.2000,3343.8000,3343.6000,3343.0000,3342.6000,3344.8000,3345.0000,3346.0000,3346.4000,3346.6000,1,1,3,1,1,1,1,3,2,1
SF,IH2012,2020-10-22 09:33:24.300,3344.8000,32501,0,378967920.000,0,-,-,-,-,3344.2000,3344.0000,3343.8000,3343.6000,3343.0000,3345.0000,3346.0000,3346.4000,3346.6000,3346.8000,1,1,1,3,1,1,4,2,1,3
SF,IH2012,2020-10-22 09:33:24.800,3344.8000,32501,0,378967920.000,0,-,-,-,-,3344.2000,3344.0000,3343.8000,3343.6000,3343.0000,3345.0000,3346.0000,3346.6000,3346.8000,3347.0000,1,1,1,3,1,2,5,1,3,1
SF,IH2012,2020-10-22 09:33:25.300,3344.8000,32501,0,378967920.000,0,-,-,-,-,3344.2000,3344.0000,3343.8000,3343.6000,3343.0000,3345.0000,3346.0000,3346.6000,3346.8000,3347.0000,1,1,1,3,1,3,3,1,3,1
SF,IH2012,2020-10-22 09:33:26.300,3344.8000,32501,0,378967920.000,0,-,-,-,-,3344.2000,3344.0000,3343.8000,3343.0000,3342.6000,3345.0000,3346.0000,3346.6000,3346.8000,3347.0000,1,1,1,1,2,3,3,1,3,1
SF,IH2012,2020-10-22 09:33:27.300,3344.8000,32501,0,378967920.000,0,-,-,-,-,3344.2000,3344.0000,3343.8000,3343.0000,3342.6000,3345.0000,3345.6000,3346.0000,3346.6000,3346.8000,1,2,1,1,2,3,2,3,1,3
SF,IH2012,2020-10-22 09:33:27.800,3344.2000,32502,1,379971180.000,1,1,0,双开,S,3344.0000,3343.8000,3343.0000,3342.6000,3342.0000,3344.2000,3345.0000,3345.6000,3346.0000,3346.6000,2,1,1,2,1,4,3,2,3,1
SF,IH2012,2020-10-22 09:33:28.300,3344.0000,32500,-2,385990620.000,6,2,4,多平,S,3343.8000,3343.0000,3342.6000,3342.0000,3341.8000,3344.0000,3345.0000,3345.6000,3346.0000,3346.6000,1,1,2,1,1,1,3,2,3,1
SF,IH2012,2020-10-22 09:33:28.800,3344.0000,32500,0,385990620.000,0,-,-,-,-,3343.0000,3342.6000,3342.0000,3341.8000,3341.0000,3344.0000,3345.0000,3345.6000,3346.0000,3346.6000,1,2,1,1,1,1,3,2,2,1
SF,IH2012,2020-10-22 09:33:29.300,3344.0000,32500,0,385990620.000,0,-,-,-,-,3343.0000,3342.6000,3342.0000,3341.8000,3341.0000,3343.8000,3344.0000,3345.0000,3345.6000,3346.0000,2,2,1,1,1,1,1,3,2,2
SF,IH2012,2020-10-22 09:33:29.800,3344.0000,32499,-1,386993820.000,1,0,1,双平,S,3343.2000,3343.0000,3342.6000,3342.0000,3341.8000,3344.0000,3345.0000,3345.6000,3346.0000,3346.6000,1,2,2,1,1,1,3,2,2,1
SF,IH2012,2020-10-22 09:33:30.300,3344.0000,32499,0,386993820.000,0,-,-,-,-,3343.2000,3343.0000,3342.6000,3342.0000,3341.8000,3344.0000,3345.0000,3345.6000,3346.0000,3346.6000,1,2,2,1,1,1,3,2,3,1
SF,IH2012,2020-10-22 09:33:30.800,3343.0000,32497,-2,388999680.000,2,0,2,双平,S,3343.0000,3342.6000,3342.0000,3341.8000,3341.0000,3344.0000,3345.0000,3345.6000,3346.0000,3346.6000,1,2,1,1,1,1,3,2,3,1
SF,IH2012,2020-10-22 09:33:31.300,3343.2000,32496,-1,390002640.000,1,0,1,双平,S,3343.6000,3342.6000,3342.0000,3341.8000,3341.0000,3343.8000,3344.0000,3345.0000,3345.6000,3346.0000,2,2,1,1,1,1,1,3,2,3
SF,IH2012,2020-10-22 09:33:31.800,3343.6000,32496,0,392008800.000,2,1,1,多换,S,3342.6000,3342.0000,3341.8000,3341.0000,3340.2000,3343.6000,3343.8000,3344.0000,3345.0000,3345.6000,2,1,1,1,2,5,1,1,3,2
SF,IH2012,2020-10-22 09:33:32.300,3343.6000,32496,0,392008800.000,0,-,-,-,-,3342.6000,3342.0000,3341.8000,3341.0000,3340.2000,3343.6000,3343.8000,3344.0000,3345.0000,3345.6000,1,1,1,1,2,6,1,1,2,2
SF,IH2012,2020-10-22 09:33:32.800,3343.6000,32496,0,392008800.000,0,-,-,-,-,3342.6000,3342.0000,3341.8000,3341.0000,3340.2000,3343.4000,3343.6000,3344.0000,3345.0000,3345.6000,1,1,1,1,2,1,6,1,2,2
SF,IH2012,2020-10-22 09:33:33.300,3343.6000,32496,0,392008800.000,0,-,-,-,-,3342.6000,3342.0000,3341.8000,3341.6000,3341.0000,3343.4000,3343.6000,3344.0000,3345.0000,3345.6000,1,1,1,1,1,1,10,1,2,2
SF,IH2012,2020-10-22 09:33:33.800,3343.6000,32496,0,392008800.000,0,-,-,-,-,3343.4000,3342.6000,3342.0000,3341.8000,3341.6000,3343.6000,3344.0000,3345.0000,3345.6000,3346.0000,1,1,1,1,1,4,1,2,2,2
SF,IH2012,2020-10-22 09:33:34.300,3343.4000,32495,-1,394014900.000,2,0,2,多平,S,3342.6000,3342.0000,3341.8000,3341.6000,3341.0000,3343.6000,3344.0000,3345.0000,3345.6000,3346.0000,1,1,1,1,1,3,1,2,2,2
SF,IH2012,2020-10-22 09:33:34.800,3343.6000,32496,1,397024140.000,3,2,1,空开,S,3343.6000,3343.2000,3343.0000,3342.8000,3342.6000,3344.0000,3345.0000,3345.6000,3346.0000,3346.6000,2,1,1,1,1,1,2,2,2,1
SF,IH2012,2020-10-22 09:33:35.300,3344.0000,32494,-2,400033500.000,3,0,3,多平,S,3343.4000,3343.2000,3342.8000,3342.6000,3342.0000,3345.0000,3345.6000,3346.0000,3346.6000,3346.8000,1,1,1,1,1,2,2,2,1,3
SF,IH2012,2020-10-22 09:33:35.800,3342.8000,32492,-2,403042320.000,3,0,3,多平,S,3342.6000,3342.0000,3341.8000,3341.6000,3341.0000,3344.6000,3344.8000,3345.0000,3345.6000,3346.0000,1,1,1,1,1,1,4,3,2,2
SF,IH2012,2020-10-22 09:33:36.300,3342.8000,32492,0,403042320.000,0,-,-,-,-,3342.6000,3342.0000,3341.8000,3341.6000,3341.0000,3343.6000,3344.2000,3344.4000,3344.8000,3345.0000,1,1,1,1,1,1,1,3,2,2
SF,IH2012,2020-10-22 09:33:36.800,3342.8000,32492,0,403042320.000,0,-,-,-,-,3342.6000,3342.0000,3341.8000,3341.6000,3341.0000,3343.4000,3343.6000,3344.4000,3344.8000,3345.0000,1,1,1,1,1,1,1,3,1,2
SF,IH2012,2020-10-22 09:33:37.300,3342.8000,32492,0,403042320.000,0,-,-,-,-,3342.6000,3342.0000,3341.8000,3341.6000,3341.0000,3343.2000,3343.4000,3343.6000,3344.4000,3344.8000,1,1,1,1,1,1,1,1,2,1
SF,IH2012,2020-10-22 09:33:37.800,3342.8000,32492,0,403042320.000,0,-,-,-,-,3342.6000,3342.0000,3341.8000,3341.6000,3341.0000,3343.2000,3343.4000,3343.6000,3344.4000,3344.8000,1,1,1,1,1,1,2,1,2,1
SF,IH2012,2020-10-22 09:33:38.300,3342.6000,32492,0,404045100.000,1,0,1,多换,S,3342.0000,3341.8000,3341.6000,3341.0000,3340.2000,3342.6000,3343.2000,3343.4000,3343.6000,3344.4000,1,1,1,1,2,2,1,2,1,2
SF,IH2012,2020-10-22 09:33:38.800,3342.6000,32490,-2,406050660.000,2,0,2,双平,S,3342.6000,3342.2000,3342.0000,3341.8000,3341.6000,3343.2000,3343.4000,3343.6000,3344.4000,3344.8000,1,1,1,1,1,1,2,1,1,1
SF,IH2012,2020-10-22 09:33:39.300,3342.6000,32490,0,406050660.000,0,-,-,-,-,3342.6000,3342.0000,3341.8000,3341.6000,3341.0000,3343.2000,3343.4000,3343.6000,3344.4000,3344.8000,1,1,1,1,1,1,2,1,1,1
SF,IH2012,2020-10-22 09:33:39.800,3342.0000,32488,-2,408056040.000,2,0,2,双平,S,3341.8000,3341.6000,3341.0000,3340.2000,3340.0000,3343.2000,3343.4000,3343.6000,3344.4000,3344.8000,1,1,1,2,5,1,7,1,1,1
SF,IH2012,2020-10-22 09:33:40.300,3342.0000,32488,0,408056040.000,0,-,-,-,-,3342.0000,3341.8000,3341.6000,3341.0000,3340.2000,3342.2000,3343.2000,3343.4000,3343.6000,3344.4000,1,1,1,1,2,1,1,7,1,1
SF,IH2012,2020-10-22 09:33:40.800,3342.2000,32488,0,409058700.000,1,0,1,多换,S,3342.2000,3341.8000,3341.6000,3341.0000,3340.2000,3342.6000,3343.2000,3343.4000,3343.6000,3344.4000,2,1,1,1,2,3,1,7,1,1
SF,IH2012,2020-10-22 09:33:41.300,3342.2000,32488,0,409058700.000,0,-,-,-,-,3342.2000,3341.8000,3341.6000,3341.0000,3340.2000,3342.6000,3343.2000,3343.4000,3343.6000,3344.4000,1,1,1,1,2,3,1,7,1,1
SF,IH2012,2020-10-22 09:33:41.800,3342.2000,32488,0,409058700.000,0,-,-,-,-,3341.8000,3341.6000,3341.0000,3340.2000,3340.0000,3342.6000,3343.2000,3343.4000,3343.6000,3344.4000,1,1,1,2,4,3,1,7,1,1
SF,IH2012,2020-10-22 09:33:42.300,3341.8000,32487,-1,410061240.000,1,0,1,双平,S,3341.6000,3341.0000,3340.2000,3340.0000,3339.0000,3341.8000,3342.6000,3343.2000,3343.4000,3343.6000,1,1,2,4,2,1,4,1,6,1
SF,IH2012,2020-10-22 09:33:42.800,3341.8000,32486,-1,411063780.000,1,0,1,双平,S,3342.2000,3341.6000,3341.0000,3340.2000,3340.0000,3342.6000,3343.2000,3343.4000,3343.6000,3344.4000,1,2,1,2,4,4,1,6,1,1
SF,IH2012,2020-10-22 09:33:43.300,3342.2000,32487,1,412066440.000,1,1,0,双开,S,3341.0000,3340.2000,3340.0000,3339.0000,3338.6000,3342.2000,3342.6000,3343.2000,3343.4000,3343.6000,1,2,4,2,1,3,4,1,6,1
SF,IH2012,2020-10-22 09:33:43.800,3342.2000,32487,0,412066440.000,0,-,-,-,-,3341.2000,3341.0000,3340.2000,3340.0000,3339.0000,3342.2000,3342.4000,3342.6000,3343.4000,3343.6000,3,1,2,4,2,1,1,4,6,1
SF,IH2012,2020-10-22 09:33:44.300,3342.2000,32487,0,412066440.000,0,-,-,-,-,3341.2000,3341.0000,3340.2000,3340.0000,3339.0000,3342.2000,3342.4000,3342.6000,3343.4000,3343.6000,3,2,2,4,2,1,1,4,6,1
SF,IH2012,2020-10-22 09:33:44.800,3341.2000,32487,0,413068800.000,1,0,1,多换,S,3341.2000,3341.0000,3340.2000,3340.0000,3339.0000,3342.2000,3342.4000,3342.6000,3343.4000,3343.6000,1,2,2,4,2,1,1,4,6,1
SF,IH2012,2020-10-22 09:33:45.300,3341.2000,32487,0,413068800.000,0,-,-,-,-,3341.2000,3341.0000,3340.2000,3340.0000,3339.0000,3342.0000,3342.2000,3342.4000,3342.6000,3343.4000,1,2,2,4,2,2,1,1,3,6
SF,IH2012,2020-10-22 09:33:45.800,3341.8000,32485,-2,415073880.000,2,0,2,双平,S,3341.2000,3341.0000,3340.2000,3340.0000,3339.0000,3342.0000,3342.4000,3342.6000,3343.4000,3343.6000,1,2,2,4,2,2,1,3,6,1
SF,IH2012,2020-10-22 09:33:46.300,3341.8000,32485,0,415073880.000,0,-,-,-,-,3341.2000,3341.0000,3340.2000,3340.0000,3339.0000,3342.0000,3342.4000,3342.6000,3343.4000,3343.6000,1,2,3,4,2,1,1,3,6,1
SF,IH2012,2020-10-22 09:33:46.800,3341.8000,32485,0,415073880.000,0,-,-,-,-,3341.2000,3341.0000,3340.2000,3340.0000,3339.0000,3342.0000,3342.4000,3342.6000,3343.4000,3343.6000,1,2,3,4,2,2,1,3,6,1
SF,IH2012,2020-10-22 09:33:47.300,3341.8000,32485,0,415073880.000,0,-,-,-,-,3341.2000,3341.0000,3340.2000,3340.0000,3339.0000,3342.0000,3342.4000,3342.6000,3343.4000,3343.6000,1,2,3,4,2,1,1,3,6,1
SF,IH2012,2020-10-22 09:33:47.800,3341.8000,32485,0,415073880.000,0,-,-,-,-,3341.2000,3341.0000,3340.2000,3340.0000,3339.0000,3342.0000,3342.4000,3342.6000,3343.4000,3343.6000,2,2,3,4,2,1,1,3,6,1
SF,IH2012,2020-10-22 09:33:48.300,3342.0000,32486,1,416076480.000,1,1,0,双开,S,3342.0000,3341.6000,3341.2000,3341.0000,3340.2000,3342.4000,3342.6000,3343.4000,3343.6000,3344.4000,1,1,2,2,3,1,3,6,1,1
SF,IH2012,2020-10-22 09:33:48.800,3341.6000,32485,-1,418081560.000,2,0,2,多平,S,3341.2000,3341.0000,3340.2000,3340.0000,3339.0000,3342.0000,3342.4000,3342.6000,3343.4000,3343.6000,2,2,3,3,2,4,1,3,6,1
SF,IH2012,2020-10-22 09:33:49.300,3341.6000,32485,0,418081560.000,0,-,-,-,-,3341.2000,3341.0000,3340.2000,3340.0000,3339.0000,3342.0000,3342.4000,3342.6000,3343.4000,3343.6000,1,2,3,3,2,4,1,3,6,1
SF,IH2012,2020-10-22 09:33:49.800,3341.6000,32485,0,418081560.000,0,-,-,-,-,3341.2000,3341.0000,3340.2000,3340.0000,3339.0000,3341.8000,3342.0000,3342.4000,3343.4000,3343.6000,1,2,3,3,2,1,4,1,6,1
SF,IH2012,2020-10-22 09:33:50.300,3341.2000,32484,-1,419083920.000,1,0,1,双平,S,3341.0000,3340.2000,3340.0000,3339.0000,3338.6000,3341.2000,3341.8000,3342.0000,3342.4000,3343.4000,2,3,3,2,1,2,1,4,1,6
SF,IH2012,2020-10-22 09:33:50.800,3341.0000,32482,-2,421088520.000,2,0,2,双平,S,3340.2000,3340.0000,3339.0000,3338.6000,3338.0000,3341.0000,3341.2000,3341.8000,3342.0000,3342.4000,3,3,2,1,3,1,2,1,4,1
SF,IH2012,2020-10-22 09:33:51.300,3341.0000,32482,0,421088520.000,0,-,-,-,-,3340.2000,3340.0000,3339.0000,3338.6000,3338.0000,3341.0000,3341.2000,3341.8000,3342.0000,3343.4000,4,3,2,1,3,1,1,1,2,6
SF,IH2012,2020-10-22 09:33:51.800,3341.0000,32482,0,421088520.000,0,-,-,-,-,3340.2000,3340.0000,3339.0000,3338.6000,3338.0000,3340.8000,3341.0000,3341.2000,3342.0000,3343.4000,4,3,2,1,3,1,1,1,2,6
SF,IH2012,2020-10-22 09:33:52.300,3340.8000,32479,-3,424095240.000,3,0,3,双平,S,3340.2000,3340.0000,3339.0000,3338.6000,3338.0000,3341.2000,3342.0000,3343.4000,3343.6000,3344.8000,4,3,2,1,3,1,2,6,1,1
SF,IH2012,2020-10-22 09:33:52.800,3340.8000,32479,0,424095240.000,0,-,-,-,-,3340.4000,3340.2000,3340.0000,3339.0000,3338.6000,3341.2000,3342.0000,3343.4000,3343.6000,3344.8000,1,4,3,2,1,1,2,6,1,1
SF,IH2012,2020-10-22 09:33:53.300,3340.4000,32480,1,425097360.000,1,1,0,双开,S,3340.2000,3340.0000,3339.0000,3338.6000,3338.0000,3341.2000,3342.0000,3343.4000,3343.6000,3344.8000,4,3,2,1,3,1,2,6,1,1
SF,IH2012,2020-10-22 09:33:53.800,3340.4000,32480,0,425097360.000,0,-,-,-,-,3340.2000,3340.0000,3339.0000,3338.6000,3338.0000,3341.2000,3342.0000,3343.4000,3343.6000,3344.8000,4,3,2,1,3,2,2,6,1,1
SF,IH2012,2020-10-22 09:33:54.800,3340.2000,32479,-1,428103540.000,3,1,2,多平,S,3340.2000,3340.0000,3339.0000,3338.6000,3338.0000,3341.2000,3342.0000,3343.4000,3343.6000,3344.8000,1,3,2,1,3,2,2,6,1,1
SF,IH2012,2020-10-22 09:33:55.300,3340.2000,32479,0,429105600.000,1,0,1,多换,S,3340.0000,3339.0000,3338.6000,3338.0000,3337.2000,3341.0000,3341.2000,3342.0000,3343.4000,3343.6000,3,2,1,3,1,1,2,2,6,1
SF,IH2012,2020-10-22 09:33:55.800,3340.2000,32479,0,429105600.000,0,-,-,-,-,3340.0000,3339.0000,3338.6000,3338.0000,3337.2000,3340.8000,3341.0000,3341.2000,3342.0000,3343.4000,3,2,1,3,1,1,1,2,1,1
SF,IH2012,2020-10-22 09:33:56.300,3340.0000,32479,0,431109600.000,2,1,1,多换,S,3340.0000,3339.0000,3338.6000,3338.0000,3337.2000,3340.6000,3340.8000,3341.0000,3341.2000,3342.0000,1,2,1,3,1,1,1,1,1,1
SF,IH2012,2020-10-22 09:33:56.800,3340.0000,32478,-1,432111600.000,1,0,1,双平,S,3339.0000,3338.0000,3337.2000,3336.8000,3336.4000,3340.0000,3340.4000,3340.6000,3341.0000,3341.2000,2,3,1,2,1,2,1,1,1,1
SF,IH2012,2020-10-22 09:33:57.300,3340.0000,32478,0,432111600.000,0,-,-,-,-,3339.2000,3339.0000,3338.0000,3337.2000,3336.8000,3340.0000,3340.4000,3341.0000,3341.2000,3342.0000,4,2,3,1,2,1,1,1,1,1
SF,IH2012,2020-10-22 09:33:57.800,3340.0000,32478,0,432111600.000,0,-,-,-,-,3339.2000,3339.0000,3338.0000,3337.2000,3336.8000,3340.0000,3340.4000,3341.0000,3341.2000,3342.0000,2,2,3,1,2,2,1,1,1,1
SF,IH2012,2020-10-22 09:33:58.300,3340.0000,32478,0,432111600.000,0,-,-,-,-,3339.2000,3339.0000,3338.0000,3337.2000,3336.8000,3340.0000,3340.4000,3341.0000,3341.2000,3342.0000,1,2,3,1,2,6,1,1,1,1
SF,IH2012,2020-10-22 09:33:58.800,3339.2000,32478,0,433113360.000,1,0,1,多换,S,3339.0000,3338.0000,3337.2000,3336.8000,3336.4000,3339.8000,3340.0000,3341.0000,3341.2000,3342.0000,2,3,1,2,1,1,6,1,2,1
SF,IH2012,2020-10-22 09:33:59.300,3339.0000,32477,-1,435116760.000,2,0,2,多平,S,3338.0000,3337.2000,3336.8000,3336.4000,3336.2000,3339.0000,3339.2000,3339.6000,3339.8000,3340.0000,3,1,2,1,1,1,1,1,1,5
SF,IH2012,2020-10-22 09:33:59.800,3339.0000,32477,0,437120160.000,2,1,1,多换,S,3339.0000,3338.2000,3338.0000,3337.2000,3336.8000,3339.2000,3339.6000,3340.0000,3341.0000,3341.2000,1,3,3,1,2,1,1,5,1,2
SF,IH2012,2020-10-22 09:34:00.300,3339.0000,32475,-2,439123560.000,2,0,2,双平,S,3338.2000,3338.0000,3337.2000,3336.8000,3336.4000,3339.0000,3339.2000,3339.6000,3340.0000,3341.0000,3,3,1,2,1,5,1,1,5,1
SF,IH2012,2020-10-22 09:34:00.800,3338.2000,32475,0,443129640.000,4,2,2,多换,S,3338.0000,3337.2000,3336.8000,3336.4000,3336.2000,3339.0000,3339.2000,3339.6000,3340.0000,3341.2000,3,1,2,1,1,5,1,1,5,2
SF,IH2012,2020-10-22 09:34:01.300,3338.0000,32475,0,445132440.000,2,1,1,多换,S,3338.0000,3337.8000,3337.2000,3336.8000,3336.4000,3338.8000,3339.0000,3339.2000,3339.6000,3340.0000,1,1,1,2,1,1,6,1,1,6
SF,IH2012,2020-10-22 09:34:01.800,3337.8000,32473,-2,447135180.000,2,0,2,双平,S,3337.2000,3336.8000,3336.4000,3336.2000,3336.0000,3338.0000,3338.8000,3339.0000,3339.2000,3339.6000,1,2,1,1,3,1,1,6,8,1
SF,IH2012,2020-10-22 09:34:02.300,3337.8000,32473,0,447135180.000,0,-,-,-,-,3338.0000,3337.8000,3337.6000,3337.4000,3337.2000,3338.8000,3339.0000,3339.2000,3339.6000,3340.0000,2,3,2,5,3,1,3,8,1,6
SF,IH2012,2020-10-22 09:34:02.800,3337.8000,32471,-2,451140720.000,4,1,3,多平,S,3337.4000,3337.2000,3336.8000,3336.4000,3336.2000,3338.8000,3339.0000,3339.2000,3339.6000,3340.0000,2,1,2,1,1,1,3,8,1,6
SF,IH2012,2020-10-22 09:34:03.300,3337.8000,32471,0,451140720.000,0,-,-,-,-,3337.2000,3336.8000,3336.4000,3336.2000,3336.0000,3338.0000,3338.6000,3338.8000,3339.0000,3339.2000,1,2,1,1,3,1,2,1,3,7
SF,IH2012,2020-10-22 09:34:03.800,3336.8000,32470,-1,453142920.000,2,0,2,多平,S,3336.8000,3336.4000,3336.2000,3336.0000,3335.8000,3337.8000,3338.0000,3338.6000,3339.0000,3339.2000,1,1,1,3,2,1,1,1,2,7
SF,IH2012,2020-10-22 09:34:04.300,3336.8000,32469,-1,454143960.000,1,0,1,双平,S,3336.8000,3336.4000,3336.2000,3336.0000,3335.8000,3337.2000,3337.4000,3337.6000,3337.8000,3338.0000,1,1,1,3,2,1,1,1,1,1
SF,IH2012,2020-10-22 09:34:04.800,3336.6000,32466,-3,457146900.000,3,0,3,双平,S,3336.2000,3336.0000,3335.8000,3335.2000,3335.0000,3337.2000,3337.4000,3337.6000,3337.8000,3338.0000,1,2,2,2,3,1,1,1,1,1
SF,IH2012,2020-10-22 09:34:05.300,3336.6000,32466,0,457146900.000,0,-,-,-,-,3336.2000,3336.0000,3335.8000,3335.2000,3335.0000,3337.0000,3337.2000,3337.4000,3337.6000,3338.0000,1,2,2,2,3,1,2,1,1,1
SF,IH2012,2020-10-22 09:34:05.800,3336.0000,32464,-2,460149360.000,3,0,3,多平,S,3335.8000,3335.2000,3335.0000,3334.0000,3333.4000,3336.0000,3336.8000,3337.0000,3337.2000,3337.4000,2,2,3,1,1,1,1,1,1,1
SF,IH2012,2020-10-22 09:34:06.300,3335.8000,32461,-3,463151640.000,3,0,3,双平,S,3335.8000,3335.2000,3335.0000,3334.0000,3333.4000,3336.8000,3337.0000,3337.2000,3337.4000,3337.6000,3,2,3,1,1,1,1,1,1,1
SF,IH2012,2020-10-22 09:34:06.800,3335.8000,32460,-1,464152380.000,1,0,1,双平,S,3335.2000,3335.0000,3334.0000,3333.4000,3333.0000,3336.6000,3336.8000,3337.2000,3337.4000,3337.6000,2,3,1,1,2,1,1,1,1,1
SF,IH2012,2020-10-22 09:34:07.300,3336.6000,32460,0,465153360.000,1,0,1,多换,S,3335.4000,3335.2000,3335.0000,3334.0000,3333.4000,3336.6000,3336.8000,3337.2000,3337.4000,3337.6000,2,2,3,1,1,1,1,1,1,1
SF,IH2012,2020-10-22 09:34:07.800,3336.2000,32460,0,469157100.000,4,2,2,多换,S,3336.0000,3335.6000,3335.4000,3335.2000,3335.0000,3337.2000,3337.4000,3337.6000,3339.0000,3340.0000,1,2,3,2,3,2,1,1,1,5
SF,IH2012,2020-10-22 09:34:08.300,3336.2000,32460,0,469157100.000,0,-,-,-,-,3336.2000,3335.6000,3335.2000,3335.0000,3334.0000,3337.2000,3337.4000,3337.6000,3339.0000,3340.0000,2,1,2,3,1,2,1,1,1,5
SF,IH2012,2020-10-22 09:34:08.800,3336.4000,32459,-1,472160340.000,3,1,2,多平,S,3336.2000,3335.6000,3335.2000,3335.0000,3334.0000,3337.4000,3337.6000,3339.0000,3340.0000,3341.2000,1,1,2,3,1,1,1,1,5,2
SF,IH2012,2020-10-22 09:34:09.300,3336.2000,32458,-1,474162420.000,2,0,2,多平,S,3335.6000,3335.2000,3335.0000,3334.0000,3333.4000,3336.2000,3337.6000,3339.0000,3340.0000,3341.2000,1,2,3,1,1,1,1,1,6,2
SF,IH2012,2020-10-22 09:34:09.800,3336.2000,32457,-1,475163280.000,1,0,1,双平,S,3336.4000,3336.2000,3336.0000,3335.8000,3335.6000,3337.6000,3339.0000,3340.0000,3341.2000,3342.0000,1,5,16,9,2,1,1,6,2,1
SF,IH2012,2020-10-22 09:34:10.300,3336.2000,32457,0,484172580.000,9,4,5,多换,S,3336.0000,3335.8000,3335.6000,3335.2000,3335.0000,3336.2000,3339.0000,3340.0000,3341.2000,3342.0000,7,7,2,2,3,1,1,6,2,1
SF,IH2012,2020-10-22 09:34:10.800,3336.2000,32456,-1,485173440.000,1,0,1,双平,S,3337.2000,3336.6000,3336.4000,3336.2000,3336.0000,3339.0000,3340.0000,3341.2000,3342.0000,3342.8000,1,1,10,10,8,1,6,2,1,1
SF,IH2012,2020-10-22 09:34:11.300,3338.8000,32454,-2,487176720.000,2,0,2,双平,S,3337.4000,3337.2000,3336.6000,3336.4000,3336.2000,3338.2000,3338.8000,3339.0000,3340.0000,3341.2000,2,1,1,4,6,1,3,1,6,2
SF,IH2012,2020-10-22 09:34:11.800,3338.8000,32453,-1,489179820.000,2,0,2,多平,S,3337.6000,3337.4000,3336.4000,3336.2000,3336.0000,3338.8000,3339.0000,3340.0000,3341.2000,3342.0000,1,1,4,6,8,1,1,6,2,1
SF,IH2012,2020-10-22 09:34:12.300,3338.8000,32453,0,490181460.000,1,0,1,多换,S,3337.8000,3337.6000,3336.4000,3336.2000,3336.0000,3339.0000,3340.0000,3341.2000,3342.0000,3342.8000,1,2,4,6,8,1,6,2,1,1
SF,IH2012,2020-10-22 09:34:12.800,3338.8000,32452,-1,492184800.000,2,0,2,多平,S,3338.0000,3337.8000,3336.4000,3336.2000,3336.0000,3340.0000,3341.2000,3342.0000,3342.8000,3343.6000,7,2,4,5,4,6,2,1,1,1
SF,IH2012,2020-10-22 09:34:13.300,3338.6000,32451,-1,493186380.000,1,0,1,双平,S,3338.4000,3338.2000,3338.0000,3336.4000,3336.2000,3340.0000,3341.2000,3342.0000,3342.8000,3343.6000,3,4,8,4,4,7,2,1,1,1
SF,IH2012,2020-10-22 09:34:13.800,3338.6000,32451,0,493186380.000,0,-,-,-,-,3338.8000,3338.6000,3338.4000,3338.2000,3336.4000,3339.8000,3340.0000,3341.2000,3342.0000,3342.8000,4,4,4,3,4,1,7,1,1,1
SF,IH2012,2020-10-22 09:34:14.300,3338.6000,32449,-2,497192880.000,4,1,3,多平,S,3338.2000,3336.4000,3336.2000,3335.8000,3335.6000,3338.8000,3339.8000,3340.0000,3341.2000,3342.0000,2,4,4,2,1,1,2,7,1,1
SF,IH2012,2020-10-22 09:34:14.800,3338.6000,32449,0,497192880.000,0,-,-,-,-,3336.4000,3336.2000,3335.8000,3335.6000,3335.2000,3338.8000,3339.8000,3340.0000,3341.2000,3342.0000,4,4,2,1,2,2,2,6,1,1
SF,IH2012,2020-10-22 09:34:15.300,3338.6000,32449,0,498194460.000,1,0,1,多换,S,3336.8000,3336.6000,3336.4000,3336.2000,3335.8000,3338.6000,3338.8000,3340.0000,3341.2000,3342.0000,2,14,4,2,2,2,2,6,1,1
SF,IH2012,2020-10-22 09:34:15.800,3338.6000,32449,0,498194460.000,0,-,-,-,-,3337.6000,3337.2000,3337.0000,3336.8000,3336.6000,3338.4000,3338.6000,3338.8000,3340.0000,3341.2000,1,4,5,2,4,1,1,1,6,1
SF,IH2012,2020-10-22 09:34:16.300,3338.6000,32449,0,500197560.000,2,1,1,多换,S,3337.8000,3337.2000,3337.0000,3336.8000,3336.6000,3338.8000,3340.0000,3341.2000,3342.0000,3342.8000,1,3,3,2,4,1,6,1,1,1
SF,IH2012,2020-10-22 09:34:16.800,3338.8000,32448,-1,501199200.000,1,0,1,双平,S,3338.0000,3337.8000,3337.2000,3337.0000,3336.8000,3340.0000,3341.2000,3342.0000,3342.8000,3343.6000,1,1,3,3,2,5,1,1,1,1
SF,IH2012,2020-10-22 09:34:17.300,3338.2000,32447,-1,503202120.000,2,0,2,多平,S,3338.2000,3338.0000,3337.2000,3337.0000,3336.8000,3339.8000,3340.0000,3341.2000,3342.0000,3342.8000,2,3,3,1,2,4,5,1,1,1
SF,IH2012,2020-10-22 09:34:17.800,3338.2000,32447,0,503202120.000,0,-,-,-,-,3338.4000,3338.2000,3338.0000,3337.2000,3336.8000,3339.6000,3339.8000,3340.0000,3341.2000,3342.0000,6,1,3,3,1,1,3,5,1,1
SF,IH2012,2020-10-22 09:34:18.300,3339.6000,32447,0,504204000.000,1,0,1,多换,S,3338.6000,3338.4000,3338.0000,3337.2000,3337.0000,3339.8000,3340.0000,3341.2000,3342.0000,3342.8000,2,5,2,3,1,2,4,1,1,1
SF,IH2012,2020-10-22 09:34:18.800,3339.6000,32447,0,504204000.000,0,-,-,-,-,3338.8000,3338.6000,3338.4000,3337.2000,3337.0000,3339.8000,3340.0000,3341.2000,3342.0000,3342.8000,1,2,3,3,1,1,4,1,1,1
SF,IH2012,2020-10-22 09:34:19.300,3339.8000,32447,0,507209160.000,3,1,2,多换,S,3338.6000,3338.4000,3337.2000,3337.0000,3336.8000,3340.0000,3341.2000,3342.0000,3342.8000,3343.6000,1,3,3,1,1,4,1,1,1,1
SF,IH2012,2020-10-22 09:34:19.800,3339.8000,32447,0,507209160.000,0,-,-,-,-,3337.0000,3336.8000,3336.6000,3336.4000,3336.2000,3338.6000,3339.8000,3340.0000,3341.2000,3342.0000,1,1,4,4,2,1,6,4,1,1
SF,IH2012,2020-10-22 09:34:20.300,3338.6000,32448,1,509212320.000,2,1,1,空开,S,3337.2000,3337.0000,3336.8000,3336.6000,3336.4000,3338.6000,3339.8000,3340.0000,3341.2000,3342.0000,9,2,1,1,4,1,5,4,1,1
SF,IH2012,2020-10-22 09:34:20.800,3338.6000,32448,0,510213900.000,1,0,1,多换,S,3337.4000,3337.2000,3337.0000,3336.8000,3336.6000,3338.6000,3339.8000,3340.0000,3341.2000,3342.0000,1,8,1,1,1,2,4,4,1,1
SF,IH2012,2020-10-22 09:34:21.300,3338.6000,32448,0,513218640.000,3,1,2,多换,S,3337.6000,3337.4000,3337.2000,3337.0000,3336.8000,3339.4000,3339.8000,3340.0000,3341.2000,3342.0000,2,1,5,1,1,1,4,4,1,1
SF,IH2012,2020-10-22 09:34:21.800,3337.8000,32448,0,514219980.000,1,0,1,多换,S,3337.8000,3337.6000,3337.2000,3337.0000,3336.8000,3339.2000,3339.4000,3340.0000,3341.2000,3342.0000,1,2,5,1,1,1,1,4,1,1
SF,IH2012,2020-10-22 09:34:22.300,3337.8000,32448,0,514219980.000,0,-,-,-,-,3338.0000,3337.6000,3337.2000,3337.0000,3336.8000,3339.0000,3339.2000,3339.4000,3340.0000,3341.2000,2,1,2,1,1,7,1,1,4,1
SF,IH2012,2020-10-22 09:34:22.800,3338.0000,32448,0,516222780.000,2,1,1,多换,S,3337.6000,3337.2000,3337.0000,3336.8000,3336.4000,3338.0000,3338.8000,3339.0000,3339.4000,3340.0000,1,2,1,1,4,3,1,2,1,4
SF,IH2012,2020-10-22 09:34:23.300,3338.0000,32445,-3,519226980.000,3,0,3,双平,S,3337.2000,3337.0000,3336.8000,3336.4000,3336.2000,3337.6000,3338.8000,3339.0000,3340.0000,3341.2000,1,1,1,4,1,1,2,1,4,1
SF,IH2012,2020-10-22 09:34:23.800,3337.2000,32443,-2,521229420.000,2,0,2,双平,S,3337.0000,3336.8000,3336.4000,3336.2000,3335.8000,3338.8000,3339.0000,3340.0000,3341.2000,3342.0000,1,1,4,1,3,2,1,4,1,1
SF,IH2012,2020-10-22 09:34:24.300,3337.2000,32443,0,521229420.000,0,-,-,-,-,3337.2000,3337.0000,3336.8000,3336.4000,3336.2000,3338.2000,3338.6000,3338.8000,3340.0000,3341.2000,1,1,1,4,1,2,5,2,4,1
SF,IH2012,2020-10-22 09:34:24.800,3337.0000,32443,0,523231680.000,2,1,1,多换,S,3336.8000,3336.4000,3335.8000,3335.6000,3335.2000,3337.2000,3337.8000,3338.0000,3338.2000,3338.6000,1,4,2,1,3,1,4,3,1,3
SF,IH2012,2020-10-22 09:34:25.300,3337.0000,32440,-3,526234920.000,3,0,3,双平,S,3336.4000,3335.8000,3335.6000,3335.2000,3335.0000,3337.8000,3338.0000,3338.2000,3338.6000,3340.0000,4,2,1,3,3,2,2,1,3,4
SF,IH2012,2020-10-22 09:34:25.800,3337.0000,32440,0,526234920.000,0,-,-,-,-,3336.6000,3336.4000,3335.8000,3335.2000,3335.0000,3337.2000,3337.6000,3338.0000,3338.2000,3338.6000,1,4,2,3,3,7,4,1,1,2
