市场代码,合约代码,时间,最新,持仓,增仓,成交额,成交量,开仓,平仓,成交类型,方向,买一价,买二价,买三价,买四价,买五价,卖一价,卖二价,卖三价,卖四价,卖五价,买一量,买二量,买三量,买四量,买五量,卖一量,卖二量,卖三量,卖四量,卖五量
SF,IH2012,2020-09-29 09:29:00.400,3228.0000,31667,0,17431200.000,18.000,-,-,-,-,3227.8000,3227.2000,3226.0000,3225.8000,3225.0000,3228.0000,3228.6000,3228.8000,3229.0000,3229.2000,3,1,2,1,1,2,1,2,1,1
SF,IH2012,2020-09-29 09:30:00.400,3227.8000,31660,-7,26147040.000,9,1,8,多平,S,3228.0000,3227.6000,3227.2000,3226.0000,3225.8000,3228.8000,3229.0000,3229.2000,3229.6000,3229.8000,1,2,1,2,1,1,11,1,1,1
SF,IH2012,2020-09-29 09:30:00.900,3228.2000,31655,-5,30989520.000,5,0,5,双平,S,3228.8000,3228.2000,3228.0000,3227.6000,3227.2000,3229.0000,3229.2000,3229.6000,3229.8000,3230.0000,4,1,1,2,1,11,1,1,1,4
SF,IH2012,2020-09-29 09:30:01.400,3228.8000,31652,-3,33895380.000,3,0,3,双平,S,3228.8000,3228.2000,3228.0000,3227.6000,3227.2000,3229.0000,3229.2000,3229.6000,3229.8000,3230.0000,6,1,1,2,1,11,1,1,1,4
SF,IH2012,2020-09-29 09:30:01.900,3228.8000,31635,-17,51332100.000,18,0,18,多平,S,3228.8000,3228.0000,3227.6000,3227.2000,3226.8000,3229.8000,3230.0000,3230.4000,3231.0000,3232.0000,4,1,2,1,1,1,4,1,1,10
SF,IH2012,2020-09-29 09:30:02.400,3228.8000,31632,-3,57144360.000,6,1,5,多平,S,3228.8000,3228.0000,3227.6000,3227.2000,3226.8000,3230.0000,3230.4000,3231.0000,3232.0000,3232.8000,1,1,2,1,1,3,1,1,10,1
SF,IH2012,2020-09-29 09:30:02.900,3229.8000,31632,0,58113300.000,1,0,1,多换,S,3229.0000,3228.8000,3228.0000,3227.6000,3227.2000,3230.0000,3230.4000,3231.0000,3232.0000,3232.8000,2,1,1,2,1,3,1,1,10,1
SF,IH2012,2020-09-29 09:30:03.400,3230.0000,31631,-1,63926220.000,6,2,4,多平,S,3228.8000,3228.0000,3227.6000,3227.2000,3226.8000,3230.0000,3230.4000,3231.0000,3232.0000,3232.8000,1,1,2,1,1,1,1,1,10,1
SF,IH2012,2020-09-29 09:30:03.900,3229.4000,31628,-3,67800960.000,4,0,4,多平,S,3228.0000,3227.6000,3227.2000,3226.8000,3226.0000,3229.8000,3230.0000,3230.4000,3231.0000,3232.0000,1,2,1,1,3,3,1,1,1,10
SF,IH2012,2020-09-29 09:30:04.400,3229.6000,31625,-3,71676720.000,4,0,4,多平,S,3230.0000,3229.6000,3229.4000,3229.2000,3229.0000,3230.4000,3231.0000,3232.0000,3232.8000,3233.0000,1,3,2,2,4,1,1,10,1,2
SF,IH2012,2020-09-29 09:30:04.900,3230.0000,31624,-1,72645720.000,1,0,1,双平,S,3228.2000,3228.0000,3227.6000,3227.2000,3226.8000,3230.0000,3230.4000,3231.0000,3232.0000,3232.8000,3,1,2,1,1,1,1,1,10,1
SF,IH2012,2020-09-29 09:30:05.400,3230.0000,31624,0,72645720.000,0,-,-,-,-,3228.4000,3228.2000,3228.0000,3227.6000,3227.2000,3229.8000,3230.0000,3230.4000,3231.0000,3232.0000,4,3,1,2,1,1,1,1,1,10
SF,IH2012,2020-09-29 09:30:05.900,3228.6000,31621,-3,76521240.000,4,0,4,多平,S,3228.6000,3228.4000,3228.2000,3228.0000,3227.6000,3229.8000,3230.4000,3231.0000,3232.0000,3232.8000,1,3,3,1,2,1,1,1,10,1
SF,IH2012,2020-09-29 09:30:06.400,3229.8000,31618,-3,79428060.000,3,0,3,双平,S,3228.8000,3228.6000,3228.4000,3228.2000,3228.0000,3230.0000,3230.4000,3231.0000,3232.0000,3232.8000,2,1,3,3,2,1,1,1,10,1
SF,IH2012,2020-09-29 09:30:06.900,3229.0000,31615,-3,82334460.000,3,0,3,双平,S,3229.0000,3228.6000,3228.4000,3228.2000,3228.0000,3230.0000,3230.4000,3231.0000,3232.0000,3232.8000,1,1,3,3,3,1,1,1,10,1
SF,IH2012,2020-09-29 09:30:07.400,3230.0000,31615,0,86210220.000,4,2,2,多换,S,3229.2000,3229.0000,3228.6000,3228.4000,3228.2000,3230.4000,3231.0000,3232.0000,3232.8000,3233.0000,1,1,1,3,3,1,1,10,1,2
SF,IH2012,2020-09-29 09:30:07.900,3229.4000,31613,-2,88147980.000,2,0,2,双平,S,3229.4000,3229.0000,3228.6000,3228.4000,3228.2000,3230.4000,3231.0000,3232.0000,3232.8000,3233.0000,1,1,1,3,2,1,1,10,1,2
SF,IH2012,2020-09-29 09:30:08.400,3230.2000,31613,0,89117040.000,1,0,1,多换,S,3230.0000,3229.4000,3228.4000,3228.2000,3228.0000,3230.4000,3231.0000,3232.0000,3232.8000,3233.0000,1,1,3,2,3,1,1,10,1,2
SF,IH2012,2020-09-29 09:30:08.900,3229.4000,31612,-1,91054860.000,2,0,2,多平,S,3228.4000,3228.2000,3228.0000,3227.6000,3227.2000,3229.0000,3230.4000,3231.0000,3232.0000,3232.8000,3,2,3,2,1,9,1,1,10,1
SF,IH2012,2020-09-29 09:30:09.400,3228.4000,31610,-2,93960780.000,3,0,3,多平,S,3228.4000,3228.0000,3227.6000,3227.2000,3226.8000,3229.0000,3229.4000,3230.2000,3230.4000,3231.0000,1,3,2,1,1,7,2,2,2,1
SF,IH2012,2020-09-29 09:30:09.900,3229.0000,31605,-5,101709660.000,8,1,7,多平,S,3228.0000,3227.6000,3227.2000,3226.8000,3226.0000,3228.4000,3229.0000,3229.4000,3230.4000,3231.0000,3,2,1,1,2,1,3,2,3,1
SF,IH2012,2020-09-29 09:30:10.400,3228.0000,31603,-2,106551540.000,5,1,4,多平,S,3227.6000,3227.2000,3226.8000,3226.0000,3225.2000,3229.0000,3229.4000,3230.0000,3230.4000,3231.0000,1,1,1,2,2,3,2,4,3,1
SF,IH2012,2020-09-29 09:30:10.900,3227.6000,31603,0,107519820.000,1,0,1,多换,S,3227.2000,3226.8000,3226.0000,3225.2000,3225.0000,3228.8000,3229.0000,3229.4000,3230.0000,3230.4000,1,1,2,2,1,2,3,2,4,3
SF,IH2012,2020-09-29 09:30:11.400,3228.6000,31604,1,108488400.000,1,1,0,双开,S,3227.2000,3226.8000,3226.0000,3225.2000,3225.0000,3228.6000,3228.8000,3229.0000,3229.4000,3230.0000,1,1,2,2,1,1,2,3,2,4
SF,IH2012,2020-09-29 09:30:11.900,3228.4000,31604,0,110425080.000,2,1,1,多换,S,3226.8000,3226.0000,3225.2000,3225.0000,3224.0000,3228.4000,3228.8000,3229.0000,3229.4000,3230.0000,1,2,2,1,1,1,2,3,2,4
SF,IH2012,2020-09-29 09:30:12.400,3226.8000,31604,0,111393120.000,1,0,1,多换,S,3226.0000,3225.2000,3225.0000,3224.0000,3222.2000,3227.2000,3228.2000,3228.8000,3229.0000,3229.4000,2,2,1,1,1,1,1,2,3,2
SF,IH2012,2020-09-29 09:30:12.900,3226.0000,31603,-1,112360920.000,1,0,1,双平,S,3226.0000,3225.2000,3225.0000,3224.0000,3222.2000,3226.8000,3227.2000,3228.8000,3229.0000,3229.4000,1,2,1,1,1,1,1,2,3,2
SF,IH2012,2020-09-29 09:30:13.400,3226.0000,31603,0,112360920.000,0,-,-,-,-,3226.0000,3225.2000,3225.0000,3224.0000,3222.2000,3226.6000,3226.8000,3227.2000,3228.8000,3229.0000,1,2,1,1,1,1,1,1,2,4
SF,IH2012,2020-09-29 09:30:13.900,3226.0000,31603,0,112360920.000,0,-,-,-,-,3226.0000,3225.2000,3225.0000,3224.0000,3222.2000,3226.6000,3226.8000,3227.2000,3228.8000,3229.0000,1,2,1,1,1,1,1,1,2,4
SF,IH2012,2020-09-29 09:30:14.400,3228.0000,31600,-3,116233500.000,4,0,4,多平,S,3228.4000,3227.0000,3226.6000,3226.2000,3226.0000,3228.8000,3229.0000,3229.4000,3230.0000,3230.4000,1,1,1,1,1,2,4,2,4,3
SF,IH2012,2020-09-29 09:30:14.900,3227.0000,31599,-1,118170120.000,2,0,2,多平,S,3227.0000,3226.6000,3226.0000,3225.2000,3225.0000,3228.4000,3228.8000,3229.0000,3229.4000,3230.0000,1,2,1,2,1,2,2,4,2,4
SF,IH2012,2020-09-29 09:30:15.400,3227.0000,31598,-1,119138220.000,1,0,1,双平,S,3226.6000,3226.0000,3225.2000,3225.0000,3224.0000,3227.4000,3228.2000,3228.4000,3228.6000,3228.8000,1,2,2,2,1,2,2,9,2,2
SF,IH2012,2020-09-29 09:30:15.900,3227.0000,31598,0,119138220.000,0,-,-,-,-,3226.8000,3226.6000,3226.0000,3225.2000,3225.0000,3228.4000,3229.0000,3229.4000,3230.0000,3230.4000,1,1,2,2,2,3,4,2,4,3
SF,IH2012,2020-09-29 09:30:16.400,3227.0000,31598,0,119138220.000,0,-,-,-,-,3226.8000,3226.6000,3226.0000,3225.2000,3225.0000,3228.2000,3228.4000,3229.0000,3229.4000,3230.0000,1,1,2,2,2,4,2,4,2,4
SF,IH2012,2020-09-29 09:30:16.900,3226.6000,31596,-2,121074240.000,2,0,2,双平,S,3226.0000,3225.2000,3225.0000,3224.2000,3224.0000,3226.6000,3227.6000,3228.0000,3228.2000,3228.8000,2,2,2,2,1,1,2,3,3,1
SF,IH2012,2020-09-29 09:30:17.400,3226.6000,31596,0,122042220.000,1,0,1,多换,S,3226.2000,3226.0000,3225.2000,3225.0000,3224.2000,3226.6000,3228.2000,3228.8000,3229.0000,3229.4000,1,2,2,2,2,1,2,1,4,2
SF,IH2012,2020-09-29 09:30:17.900,3226.6000,31596,0,123010200.000,1,0,1,多换,S,3226.2000,3226.0000,3225.2000,3225.0000,3224.2000,3228.8000,3229.0000,3229.4000,3230.0000,3230.2000,1,2,2,2,2,1,9,2,4,1
SF,IH2012,2020-09-29 09:30:18.400,3226.6000,31596,0,123010200.000,0,-,-,-,-,3226.6000,3226.2000,3226.0000,3225.2000,3225.0000,3227.0000,3228.0000,3228.4000,3228.6000,3228.8000,1,1,3,2,1,1,1,4,3,1
SF,IH2012,2020-09-29 09:30:18.900,3226.6000,31595,-1,125914380.000,3,1,2,多平,S,3226.2000,3226.0000,3225.2000,3225.0000,3224.2000,3228.0000,3228.4000,3228.6000,3228.8000,3229.0000,1,3,2,1,2,1,3,2,1,9
SF,IH2012,2020-09-29 09:30:19.400,3226.6000,31595,0,125914380.000,0,-,-,-,-,3226.6000,3226.4000,3226.2000,3226.0000,3225.2000,3227.4000,3228.0000,3228.8000,3229.0000,3229.4000,1,1,1,3,2,1,1,1,9,2
SF,IH2012,2020-09-29 09:30:19.900,3227.4000,31595,0,126882600.000,1,0,1,多换,S,3226.8000,3226.6000,3226.4000,3226.0000,3225.2000,3228.0000,3228.8000,3229.0000,3229.4000,3230.0000,1,2,1,3,2,1,1,9,2,4
SF,IH2012,2020-09-29 09:30:20.400,3227.4000,31595,0,128819040.000,2,1,1,多换,S,3226.6000,3226.0000,3225.2000,3225.0000,3224.2000,3227.8000,3228.0000,3228.8000,3229.0000,3229.4000,2,3,2,1,2,1,1,1,9,2
SF,IH2012,2020-09-29 09:30:20.900,3227.4000,31595,0,128819040.000,0,-,-,-,-,3226.6000,3226.0000,3225.2000,3225.0000,3224.2000,3228.0000,3228.8000,3229.0000,3229.4000,3230.0000,2,3,2,1,2,1,1,9,2,5
SF,IH2012,2020-09-29 09:30:21.400,3227.8000,31595,0,131724060.000,3,1,2,多换,S,3226.6000,3226.0000,3225.2000,3225.0000,3224.8000,3226.8000,3227.8000,3228.0000,3228.8000,3229.0000,2,3,2,1,1,1,4,1,1,9
SF,IH2012,2020-09-29 09:30:21.900,3226.8000,31594,-1,132692100.000,1,0,1,双平,S,3226.8000,3226.6000,3226.0000,3225.2000,3225.0000,3228.0000,3228.8000,3229.0000,3229.4000,3230.0000,3,2,3,2,1,1,1,9,2,5
SF,IH2012,2020-09-29 09:30:22.400,3226.8000,31593,-1,133660140.000,1,0,1,双平,S,3226.8000,3226.6000,3226.0000,3225.2000,3225.0000,3227.8000,3228.0000,3228.8000,3229.0000,3229.4000,1,3,3,2,1,1,1,1,9,2
SF,IH2012,2020-09-29 09:30:22.900,3226.8000,31593,0,133660140.000,0,-,-,-,-,3227.8000,3226.8000,3226.6000,3226.0000,3225.2000,3228.0000,3228.8000,3229.0000,3229.4000,3230.0000,1,1,3,3,2,2,1,9,2,5
SF,IH2012,2020-09-29 09:30:23.400,3226.8000,31592,-1,135596520.000,2,0,2,多平,S,3226.6000,3226.0000,3225.2000,3225.0000,3224.8000,3227.8000,3228.0000,3228.4000,3228.8000,3229.0000,3,3,2,1,1,1,2,1,1,9
SF,IH2012,2020-09-29 09:30:23.900,3226.8000,31592,0,135596520.000,0,-,-,-,-,3226.6000,3226.0000,3225.2000,3225.0000,3224.8000,3228.0000,3228.4000,3228.8000,3229.0000,3229.4000,3,4,2,1,1,2,1,1,9,2
SF,IH2012,2020-09-29 09:30:24.400,3226.8000,31592,0,135596520.000,0,-,-,-,-,3227.8000,3226.6000,3226.0000,3225.2000,3225.0000,3228.0000,3228.4000,3228.8000,3229.0000,3229.4000,1,2,4,2,1,2,1,1,9,2
SF,IH2012,2020-09-29 09:30:24.900,3228.0000,31591,-1,138501660.000,3,1,2,多平,S,3227.0000,3226.6000,3226.0000,3225.2000,3225.0000,3228.4000,3228.8000,3229.0000,3229.4000,3230.0000,1,2,4,2,1,1,1,9,2,5
SF,IH2012,2020-09-29 09:30:25.400,3228.0000,31591,0,138501660.000,0,-,-,-,-,3227.2000,3227.0000,3226.6000,3226.0000,3225.2000,3228.4000,3229.0000,3229.4000,3230.0000,3230.2000,1,1,2,4,2,1,9,2,5,1
SF,IH2012,2020-09-29 09:30:25.900,3228.0000,31591,0,138501660.000,0,-,-,-,-,3227.2000,3227.0000,3226.6000,3226.0000,3225.2000,3228.4000,3229.0000,3229.4000,3230.0000,3230.2000,1,1,3,4,2,1,9,2,5,1
SF,IH2012,2020-09-29 09:30:26.400,3228.0000,31591,0,138501660.000,0,-,-,-,-,3227.2000,3227.0000,3226.6000,3226.0000,3225.2000,3228.4000,3229.0000,3229.4000,3230.0000,3230.2000,1,1,3,4,2,1,9,2,5,1
SF,IH2012,2020-09-29 09:30:26.900,3228.4000,31590,-1,139470180.000,1,0,1,双平,S,3227.2000,3227.0000,3226.6000,3226.0000,3225.2000,3229.0000,3229.4000,3229.8000,3230.0000,3230.2000,1,1,3,4,2,9,2,1,5,1
SF,IH2012,2020-09-29 09:30:27.400,3227.4000,31584,-6,145279500.000,6,0,6,双平,S,3228.4000,3227.2000,3227.0000,3226.6000,3226.0000,3228.8000,3229.0000,3229.4000,3229.8000,3230.0000,1,1,1,3,4,2,9,2,1,5
SF,IH2012,2020-09-29 09:30:27.900,3228.4000,31583,-1,147216660.000,2,0,2,多平,S,3227.2000,3227.0000,3226.6000,3226.0000,3225.2000,3229.0000,3229.4000,3229.8000,3230.0000,3230.2000,1,1,3,4,2,9,2,1,5,1
SF,IH2012,2020-09-29 09:30:28.400,3228.4000,31583,0,147216660.000,0,-,-,-,-,3227.4000,3227.2000,3227.0000,3226.6000,3226.0000,3228.8000,3229.0000,3229.4000,3229.8000,3230.0000,1,1,1,3,4,1,9,2,1,5
SF,IH2012,2020-09-29 09:30:28.900,3228.4000,31583,0,147216660.000,0,-,-,-,-,3227.6000,3227.4000,3227.0000,3226.6000,3226.4000,3228.8000,3229.0000,3229.4000,3229.8000,3230.0000,2,2,1,3,1,1,9,2,1,5
SF,IH2012,2020-09-29 09:30:29.400,3228.4000,31583,0,147216660.000,0,-,-,-,-,3227.6000,3227.0000,3226.6000,3226.4000,3226.0000,3228.6000,3229.0000,3229.4000,3229.8000,3230.0000,1,1,3,1,4,1,9,2,1,5
SF,IH2012,2020-09-29 09:30:29.900,3228.6000,31582,-1,148185240.000,1,0,1,双平,S,3228.6000,3227.6000,3227.0000,3226.6000,3226.4000,3229.0000,3229.4000,3229.8000,3230.0000,3230.2000,1,1,1,3,1,9,2,1,5,1
SF,IH2012,2020-09-29 09:30:30.400,3228.6000,31582,0,149153820.000,1,0,1,多换,S,3227.6000,3227.0000,3226.6000,3226.4000,3226.0000,3228.6000,3229.0000,3229.4000,3229.8000,3230.0000,1,1,3,1,3,1,9,2,1,5
SF,IH2012,2020-09-29 09:30:30.900,3228.6000,31582,0,150122400.000,1,0,1,多换,S,3227.6000,3227.0000,3226.6000,3226.4000,3226.0000,3229.0000,3229.4000,3229.8000,3230.0000,3230.2000,1,2,3,1,3,9,2,1,5,1
SF,IH2012,2020-09-29 09:30:31.400,3228.6000,31582,0,150122400.000,0,-,-,-,-,3227.6000,3227.0000,3226.8000,3226.6000,3226.4000,3228.8000,3229.0000,3229.4000,3229.8000,3230.0000,1,2,1,3,1,4,9,2,1,5
SF,IH2012,2020-09-29 09:30:32.400,3228.4000,31581,-1,151090920.000,1,0,1,双平,S,3227.6000,3227.0000,3226.8000,3226.6000,3226.4000,3228.8000,3229.0000,3229.4000,3229.8000,3230.0000,1,2,1,3,1,4,9,2,1,5
SF,IH2012,2020-09-29 09:30:32.900,3228.4000,31581,0,151090920.000,0,-,-,-,-,3227.6000,3227.0000,3226.8000,3226.6000,3226.4000,3229.0000,3229.4000,3229.8000,3230.0000,3230.2000,1,2,1,3,1,9,2,1,5,1
SF,IH2012,2020-09-29 09:30:34.400,3229.0000,31572,-9,159809220.000,9,0,9,双平,S,3229.0000,3227.6000,3227.0000,3226.8000,3226.6000,3229.2000,3229.4000,3229.8000,3230.0000,3230.2000,2,1,2,1,3,1,2,1,5,1
SF,IH2012,2020-09-29 09:30:34.900,3229.2000,31568,-4,163684380.000,4,0,4,双平,S,3229.4000,3229.2000,3229.0000,3227.6000,3227.0000,3229.8000,3230.0000,3230.2000,3230.4000,3231.0000,1,2,2,1,2,1,5,1,3,2
SF,IH2012,2020-09-29 09:30:35.400,3229.4000,31568,0,164653200.000,1,0,1,多换,S,3229.2000,3229.0000,3227.6000,3227.0000,3226.8000,3229.8000,3230.0000,3230.2000,3230.4000,3231.0000,1,2,1,2,1,1,5,1,3,2
SF,IH2012,2020-09-29 09:30:35.900,3229.4000,31568,0,164653200.000,0,-,-,-,-,3229.2000,3229.0000,3227.6000,3227.0000,3226.8000,3229.8000,3230.0000,3230.2000,3230.4000,3231.0000,1,3,1,2,1,1,5,1,3,2
SF,IH2012,2020-09-29 09:30:36.400,3229.2000,31567,-1,166590720.000,2,0,2,多平,S,3229.0000,3227.6000,3227.0000,3226.8000,3226.6000,3229.8000,3230.0000,3230.2000,3230.4000,3231.0000,2,1,2,1,3,1,5,1,3,2
SF,IH2012,2020-09-29 09:30:36.900,3229.0000,31567,0,168528120.000,2,1,1,多换,S,3227.6000,3227.0000,3226.8000,3226.6000,3226.4000,3229.0000,3229.8000,3230.0000,3230.2000,3230.4000,1,2,1,3,1,1,1,5,1,3
SF,IH2012,2020-09-29 09:30:37.400,3229.0000,31567,0,168528120.000,0,-,-,-,-,3228.6000,3227.8000,3227.6000,3227.0000,3226.8000,3229.8000,3230.0000,3230.2000,3230.4000,3231.0000,1,1,1,2,1,1,5,1,3,2
SF,IH2012,2020-09-29 09:30:37.900,3229.0000,31567,0,169496820.000,1,0,1,多换,S,3228.6000,3227.6000,3227.0000,3226.8000,3226.6000,3229.8000,3230.0000,3230.2000,3230.4000,3231.0000,1,1,2,1,3,1,5,1,3,2
SF,IH2012,2020-09-29 09:30:38.900,3229.0000,31567,0,169496820.000,0,-,-,-,-,3228.6000,3227.6000,3227.0000,3226.8000,3226.6000,3229.8000,3230.0000,3230.2000,3230.4000,3231.0000,1,2,2,1,3,1,4,1,3,2
SF,IH2012,2020-09-29 09:30:39.900,3229.0000,31567,0,169496820.000,0,-,-,-,-,3228.6000,3227.6000,3227.0000,3226.8000,3226.6000,3229.8000,3230.0000,3230.2000,3230.4000,3231.0000,1,2,2,1,3,1,4,1,3,2
SF,IH2012,2020-09-29 09:30:40.400,3228.6000,31566,-1,170465400.000,1,0,1,双平,S,3227.6000,3227.0000,3226.8000,3226.6000,3226.4000,3229.6000,3229.8000,3230.0000,3230.2000,3230.4000,2,2,1,3,2,4,1,4,1,3
SF,IH2012,2020-09-29 09:30:40.900,3228.6000,31566,0,171433980.000,1,0,1,多换,S,3227.8000,3227.6000,3227.0000,3226.8000,3226.6000,3229.4000,3229.6000,3229.8000,3230.0000,3230.2000,1,2,2,1,3,2,3,1,4,1
SF,IH2012,2020-09-29 09:30:41.400,3228.6000,31566,0,171433980.000,0,-,-,-,-,3228.0000,3227.6000,3227.0000,3226.8000,3226.6000,3229.4000,3229.6000,3229.8000,3230.0000,3230.2000,1,1,2,1,3,2,3,1,4,1
SF,IH2012,2020-09-29 09:30:42.400,3228.2000,31565,-1,172402440.000,1,0,1,双平,S,3228.0000,3227.6000,3227.0000,3226.8000,3226.6000,3229.4000,3229.6000,3229.8000,3230.0000,3230.2000,1,1,1,1,3,2,3,1,4,1
SF,IH2012,2020-09-29 09:30:42.900,3228.2000,31565,0,172402440.000,0,-,-,-,-,3228.0000,3227.6000,3227.0000,3226.8000,3226.6000,3228.6000,3229.2000,3229.4000,3229.6000,3229.8000,1,1,1,1,3,10,1,2,3,1
SF,IH2012,2020-09-29 09:30:43.400,3228.6000,31563,-2,174339600.000,2,0,2,双平,S,3228.0000,3227.6000,3227.0000,3226.8000,3226.6000,3228.6000,3229.4000,3229.6000,3229.8000,3230.0000,1,1,1,1,3,8,1,3,1,4
SF,IH2012,2020-09-29 09:30:43.900,3228.6000,31563,0,174339600.000,0,-,-,-,-,3227.6000,3227.0000,3226.8000,3226.6000,3226.4000,3228.0000,3228.6000,3229.4000,3229.6000,3229.8000,1,1,1,3,2,2,8,1,3,1
SF,IH2012,2020-09-29 09:30:44.400,3228.6000,31563,0,174339600.000,0,-,-,-,-,3227.6000,3227.4000,3227.0000,3226.8000,3226.6000,3228.0000,3228.4000,3228.6000,3229.4000,3229.6000,1,1,1,1,3,2,1,8,1,3
SF,IH2012,2020-09-29 09:30:44.900,3227.6000,31563,0,175307880.000,1,0,1,多换,S,3227.0000,3226.8000,3226.6000,3226.4000,3226.0000,3228.0000,3228.4000,3228.6000,3229.4000,3229.6000,1,1,3,2,2,3,1,8,1,3
SF,IH2012,2020-09-29 09:30:45.400,3227.6000,31562,-1,176276160.000,1,0,1,双平,S,3226.8000,3226.6000,3226.4000,3226.0000,3225.2000,3227.8000,3228.0000,3228.4000,3228.6000,3229.4000,1,3,2,2,2,1,3,1,8,1
SF,IH2012,2020-09-29 09:30:45.900,3228.6000,31552,-10,185961360.000,10,0,10,双平,S,3227.6000,3227.0000,3226.8000,3226.6000,3226.4000,3228.6000,3229.2000,3229.4000,3229.6000,3229.8000,1,1,1,3,2,2,1,1,3,2
SF,IH2012,2020-09-29 09:30:46.400,3227.6000,31551,-1,187897980.000,2,0,2,多平,S,3227.0000,3226.8000,3226.6000,3226.4000,3226.0000,3228.2000,3228.4000,3228.6000,3229.2000,3229.4000,1,1,3,1,2,4,1,2,1,1
SF,IH2012,2020-09-29 09:30:46.900,3228.0000,31551,0,188866380.000,1,0,1,多换,S,3227.2000,3226.8000,3226.6000,3226.4000,3226.0000,3228.2000,3228.4000,3228.6000,3229.2000,3229.4000,1,1,3,1,2,4,1,2,1,1
SF,IH2012,2020-09-29 09:30:47.400,3228.0000,31551,0,188866380.000,0,-,-,-,-,3227.2000,3226.8000,3226.6000,3226.4000,3226.0000,3228.0000,3228.2000,3228.4000,3228.6000,3229.2000,1,1,3,1,2,1,3,1,2,1
SF,IH2012,2020-09-29 09:30:47.900,3228.0000,31551,0,188866380.000,0,-,-,-,-,3227.4000,3226.8000,3226.6000,3226.4000,3226.0000,3228.2000,3228.4000,3228.6000,3229.2000,3229.4000,1,1,3,1,2,3,1,2,1,1
SF,IH2012,2020-09-29 09:30:48.400,3228.0000,31551,0,188866380.000,0,-,-,-,-,3227.6000,3227.4000,3226.8000,3226.6000,3226.4000,3228.2000,3228.4000,3228.6000,3229.2000,3229.4000,1,1,1,3,1,3,1,2,1,1
SF,IH2012,2020-09-29 09:30:48.900,3228.0000,31552,1,189834780.000,1,1,0,双开,S,3227.4000,3226.8000,3226.6000,3226.4000,3226.0000,3228.2000,3228.4000,3228.6000,3229.2000,3229.4000,1,1,3,1,2,3,1,2,1,1
SF,IH2012,2020-09-29 09:30:49.400,3228.2000,31553,1,191771700.000,2,1,1,空开,S,3227.4000,3226.8000,3226.6000,3226.4000,3226.0000,3228.2000,3228.4000,3228.6000,3229.2000,3229.4000,1,1,3,1,2,1,1,2,1,1
SF,IH2012,2020-09-29 09:30:49.900,3228.2000,31553,0,191771700.000,0,-,-,-,-,3227.4000,3226.8000,3226.6000,3226.4000,3226.0000,3228.2000,3228.4000,3228.6000,3229.2000,3229.4000,2,1,3,1,2,2,1,2,1,1
SF,IH2012,2020-09-29 09:30:50.400,3228.2000,31553,0,191771700.000,0,-,-,-,-,3227.4000,3226.8000,3226.6000,3226.4000,3226.0000,3228.0000,3228.2000,3228.4000,3228.6000,3229.2000,1,1,3,1,2,1,3,1,2,1
SF,IH2012,2020-09-29 09:30:50.900,3228.2000,31553,0,191771700.000,0,-,-,-,-,3227.4000,3226.8000,3226.6000,3226.4000,3226.0000,3228.2000,3228.4000,3228.6000,3229.2000,3229.4000,1,1,3,1,2,2,1,2,1,1
SF,IH2012,2020-09-29 09:30:51.400,3228.2000,31553,0,191771700.000,0,-,-,-,-,3227.4000,3226.8000,3226.6000,3226.4000,3226.0000,3228.2000,3228.4000,3228.6000,3229.2000,3229.4000,1,1,3,1,2,3,1,2,1,1
SF,IH2012,2020-09-29 09:30:51.900,3228.0000,31552,-1,192740100.000,1,0,1,双平,S,3227.4000,3226.8000,3226.6000,3226.4000,3226.0000,3228.2000,3228.4000,3228.6000,3229.2000,3229.4000,1,1,3,1,2,3,1,2,1,1
SF,IH2012,2020-09-29 09:30:52.400,3227.4000,31551,-1,193708320.000,1,0,1,双平,S,3226.8000,3226.6000,3226.4000,3226.0000,3225.2000,3228.0000,3228.2000,3228.4000,3228.6000,3229.2000,1,3,1,2,2,1,3,1,2,1
SF,IH2012,2020-09-29 09:30:52.900,3227.4000,31551,0,194676540.000,1,0,1,多换,S,3226.8000,3226.6000,3226.4000,3226.0000,3225.2000,3227.8000,3228.0000,3228.2000,3228.4000,3228.6000,1,3,1,2,2,3,1,1,1,2
SF,IH2012,2020-09-29 09:30:53.400,3227.4000,31551,0,194676540.000,0,-,-,-,-,3226.8000,3226.6000,3226.4000,3226.0000,3225.2000,3227.6000,3227.8000,3228.2000,3228.4000,3228.6000,1,3,1,2,2,2,2,1,1,2
SF,IH2012,2020-09-29 09:30:53.900,3226.8000,31550,-1,195644580.000,1,0,1,双平,S,3226.6000,3226.4000,3226.0000,3225.2000,3225.0000,3226.8000,3227.4000,3227.6000,3227.8000,3228.2000,3,1,2,2,1,7,2,1,1,1
SF,IH2012,2020-09-29 09:30:54.400,3226.6000,31548,-2,197580540.000,2,0,2,双平,S,3226.6000,3226.4000,3226.0000,3225.2000,3225.0000,3226.8000,3227.4000,3227.6000,3227.8000,3228.2000,1,1,2,2,1,8,2,1,1,1
SF,IH2012,2020-09-29 09:30:54.900,3226.6000,31548,0,197580540.000,0,-,-,-,-,3226.6000,3226.4000,3226.0000,3225.2000,3225.0000,3226.8000,3227.4000,3227.6000,3227.8000,3228.2000,1,1,2,2,1,8,2,1,1,1
SF,IH2012,2020-09-29 09:30:55.400,3226.6000,31547,-1,198548520.000,1,0,1,双平,S,3226.6000,3226.4000,3226.0000,3225.2000,3225.0000,3226.8000,3227.4000,3227.6000,3227.8000,3228.2000,1,1,2,2,1,8,2,2,1,1
SF,IH2012,2020-09-29 09:30:55.900,3226.6000,31546,-1,199516500.000,1,0,1,双平,S,3226.4000,3226.0000,3225.2000,3225.0000,3224.2000,3226.8000,3227.4000,3227.6000,3227.8000,3228.2000,1,2,2,1,2,8,2,2,1,1
SF,IH2012,2020-09-29 09:30:56.400,3226.6000,31546,0,199516500.000,0,-,-,-,-,3226.4000,3226.0000,3225.2000,3225.0000,3224.2000,3226.8000,3227.4000,3227.6000,3227.8000,3228.2000,1,2,2,1,2,9,2,2,1,1
SF,IH2012,2020-09-29 09:30:56.900,3226.6000,31546,0,199516500.000,0,-,-,-,-,3226.4000,3226.0000,3225.2000,3225.0000,3224.2000,3226.8000,3227.4000,3227.6000,3227.8000,3228.2000,1,2,2,1,2,9,2,2,1,1
SF,IH2012,2020-09-29 09:30:57.400,3226.8000,31546,0,201452460.000,2,1,1,多换,S,3226.0000,3225.2000,3225.0000,3224.2000,3224.0000,3226.8000,3227.4000,3227.6000,3227.8000,3228.2000,2,2,1,2,1,8,2,2,1,1
SF,IH2012,2020-09-29 09:30:57.900,3226.8000,31546,0,201452460.000,0,-,-,-,-,3226.0000,3225.2000,3225.0000,3224.2000,3224.0000,3226.8000,3227.4000,3227.6000,3227.8000,3228.2000,2,2,1,2,1,8,2,2,1,1
SF,IH2012,2020-09-29 09:30:58.400,3226.0000,31546,0,202420260.000,1,0,1,多换,S,3226.0000,3225.2000,3225.0000,3224.2000,3224.0000,3226.8000,3227.4000,3227.6000,3228.2000,3228.4000,1,2,1,2,1,9,2,2,1,1
SF,IH2012,2020-09-29 09:30:58.900,3226.0000,31546,0,202420260.000,0,-,-,-,-,3226.0000,3225.2000,3225.0000,3224.2000,3224.0000,3226.8000,3227.4000,3227.6000,3228.2000,3228.4000,1,2,1,2,1,9,1,2,1,1
SF,IH2012,2020-09-29 09:30:59.400,3226.0000,31546,0,202420260.000,0,-,-,-,-,3226.0000,3225.2000,3225.0000,3224.2000,3224.0000,3226.4000,3226.8000,3227.4000,3227.6000,3228.2000,2,2,1,2,1,1,8,1,2,1
SF,IH2012,2020-09-29 09:30:59.900,3226.0000,31544,-2,204355860.000,2,0,2,双平,S,3225.2000,3225.0000,3224.2000,3224.0000,3222.2000,3226.4000,3226.8000,3227.4000,3227.6000,3228.2000,2,1,2,1,1,1,8,1,2,1
SF,IH2012,2020-09-29 09:31:00.400,3226.0000,31544,0,204355860.000,0,-,-,-,-,3225.2000,3225.0000,3224.2000,3224.0000,3222.2000,3226.4000,3226.8000,3227.4000,3227.6000,3228.2000,2,1,2,1,1,2,8,1,2,1
SF,IH2012,2020-09-29 09:31:00.900,3225.2000,31544,0,206290980.000,2,1,1,多换,S,3225.2000,3225.0000,3224.2000,3224.0000,3222.2000,3226.4000,3226.8000,3227.4000,3227.6000,3228.2000,1,2,2,1,1,2,8,1,2,1
SF,IH2012,2020-09-29 09:31:01.400,3226.2000,31544,0,208226400.000,2,1,1,多换,S,3225.0000,3224.2000,3224.0000,3222.2000,3221.2000,3226.2000,3226.4000,3226.8000,3227.6000,3228.2000,2,2,1,1,1,1,2,8,2,1
SF,IH2012,2020-09-29 09:31:01.900,3226.2000,31544,0,208226400.000,0,-,-,-,-,3225.0000,3224.2000,3224.0000,3222.2000,3221.2000,3226.0000,3226.2000,3226.4000,3226.8000,3227.6000,2,2,1,1,1,1,1,2,8,2
SF,IH2012,2020-09-29 09:31:02.400,3226.2000,31544,0,208226400.000,0,-,-,-,-,3225.0000,3224.2000,3224.0000,3222.2000,3221.2000,3225.2000,3226.0000,3226.2000,3226.4000,3226.8000,3,2,1,1,1,1,1,1,3,8
SF,IH2012,2020-09-29 09:31:02.900,3225.2000,31543,-1,209193960.000,1,0,1,双平,S,3225.2000,3225.0000,3224.2000,3224.0000,3222.2000,3226.0000,3226.4000,3226.8000,3227.6000,3228.0000,2,3,2,1,1,1,3,8,1,1
SF,IH2012,2020-09-29 09:31:03.400,3225.0000,31543,0,211128960.000,2,1,1,多换,S,3225.0000,3224.2000,3224.0000,3222.2000,3221.2000,3225.2000,3226.0000,3226.2000,3226.4000,3226.8000,1,2,1,1,1,1,1,1,3,8
SF,IH2012,2020-09-29 09:31:03.900,3225.0000,31542,-1,213063960.000,2,0,2,多平,S,3224.2000,3224.0000,3222.2000,3221.2000,3221.0000,3225.0000,3225.2000,3226.0000,3226.2000,3226.4000,2,1,1,1,1,1,1,1,1,3
SF,IH2012,2020-09-29 09:31:04.400,3226.0000,31539,-3,216934380.000,4,0,4,多平,S,3224.2000,3224.0000,3222.2000,3221.2000,3221.0000,3225.0000,3226.2000,3226.4000,3226.8000,3227.6000,2,1,1,1,1,1,1,3,8,1
SF,IH2012,2020-09-29 09:31:04.900,3224.4000,31538,-1,217901700.000,1,0,1,双平,S,3224.2000,3224.0000,3222.2000,3221.2000,3221.0000,3225.0000,3225.2000,3226.2000,3226.4000,3226.8000,2,1,1,1,1,1,1,1,3,8
SF,IH2012,2020-09-29 09:31:05.400,3224.4000,31538,0,217901700.000,0,-,-,-,-,3224.2000,3224.0000,3222.2000,3221.8000,3221.2000,3225.0000,3225.2000,3226.2000,3226.4000,3226.8000,2,1,1,1,1,1,1,1,3,8
SF,IH2012,2020-09-29 09:31:05.900,3225.0000,31538,0,218869200.000,1,0,1,多换,S,3224.4000,3224.2000,3224.0000,3222.2000,3221.8000,3225.2000,3226.2000,3226.4000,3226.8000,3227.6000,1,2,1,2,1,2,1,3,8,1
SF,IH2012,2020-09-29 09:31:06.400,3224.6000,31538,0,221771520.000,3,1,2,多换,S,3224.4000,3224.2000,3224.0000,3222.2000,3221.8000,3225.2000,3226.2000,3226.4000,3226.8000,3227.6000,1,2,1,2,1,2,1,3,8,1
SF,IH2012,2020-09-29 09:31:06.900,3225.4000,31534,-4,225641820.000,4,0,4,双平,S,3225.2000,3224.6000,3224.4000,3224.2000,3224.0000,3226.2000,3226.4000,3226.8000,3227.6000,3228.0000,1,1,1,2,1,1,3,8,1,1
SF,IH2012,2020-09-29 09:31:07.400,3225.2000,31533,-1,226609380.000,1,0,1,双平,S,3224.6000,3224.4000,3224.2000,3224.0000,3223.8000,3226.0000,3226.2000,3226.4000,3226.8000,3227.6000,1,1,2,1,1,1,2,3,8,1
SF,IH2012,2020-09-29 09:31:07.900,3225.2000,31533,0,226609380.000,0,-,-,-,-,3224.8000,3224.6000,3224.2000,3224.0000,3223.8000,3226.2000,3226.4000,3226.8000,3227.6000,3228.2000,1,1,2,1,1,2,3,8,1,1
SF,IH2012,2020-09-29 09:31:08.400,3224.6000,31533,0,228544200.000,2,1,1,多换,S,3224.2000,3224.0000,3223.8000,3222.2000,3221.8000,3226.0000,3226.2000,3226.4000,3226.8000,3227.6000,2,1,1,2,1,1,1,4,8,1
SF,IH2012,2020-09-29 09:31:08.900,3225.8000,31533,0,229511940.000,1,0,1,多换,S,3224.4000,3224.2000,3224.0000,3223.8000,3222.4000,3225.8000,3226.0000,3226.2000,3226.4000,3226.8000,1,2,1,1,1,2,1,1,4,8
SF,IH2012,2020-09-29 09:31:09.400,3225.8000,31533,0,229511940.000,0,-,-,-,-,3225.0000,3224.6000,3224.4000,3224.2000,3224.0000,3225.8000,3226.0000,3226.2000,3226.4000,3226.8000,1,3,3,2,1,2,1,1,3,7
SF,IH2012,2020-09-29 09:31:09.900,3225.8000,31534,1,230479680.000,1,1,0,双开,S,3225.2000,3225.0000,3224.6000,3224.4000,3224.2000,3226.0000,3226.2000,3226.4000,3226.8000,3227.6000,3,1,1,2,2,1,1,3,7,1
SF,IH2012,2020-09-29 09:31:10.400,3225.8000,31534,0,230479680.000,0,-,-,-,-,3225.4000,3225.2000,3225.0000,3224.6000,3224.4000,3226.2000,3226.4000,3226.8000,3227.6000,3228.2000,1,2,1,1,2,1,3,7,1,1
SF,IH2012,2020-09-29 09:31:10.900,3225.8000,31534,0,232415160.000,2,1,1,多换,S,3225.6000,3225.2000,3225.0000,3224.6000,3224.4000,3226.2000,3226.4000,3226.8000,3227.6000,3228.2000,1,2,1,1,2,1,4,7,1,1
SF,IH2012,2020-09-29 09:31:11.400,3225.8000,31534,0,232415160.000,0,-,-,-,-,3225.8000,3225.2000,3225.0000,3224.6000,3224.4000,3226.2000,3226.4000,3226.8000,3227.6000,3228.2000,1,2,1,1,2,1,4,7,1,1
SF,IH2012,2020-09-29 09:31:11.900,3226.4000,31530,-4,237254700.000,5,0,5,多平,S,3225.8000,3225.2000,3225.0000,3224.6000,3224.4000,3226.4000,3226.8000,3227.6000,3228.2000,3228.6000,1,2,1,1,2,1,7,1,1,2
SF,IH2012,2020-09-29 09:31:12.400,3226.8000,31527,-3,240158700.000,3,0,3,双平,S,3226.6000,3226.4000,3226.0000,3225.2000,3225.0000,3226.8000,3227.6000,3228.2000,3228.6000,3229.0000,1,1,1,2,2,6,1,1,2,2
SF,IH2012,2020-09-29 09:31:12.900,3226.6000,31521,-6,246934920.000,7,0,7,多平,S,3226.4000,3226.0000,3225.2000,3225.0000,3224.6000,3227.6000,3228.2000,3228.6000,3229.0000,3229.6000,1,1,2,2,1,1,1,2,2,1
SF,IH2012,2020-09-29 09:31:13.400,3226.6000,31521,0,246934920.000,0,-,-,-,-,3226.4000,3226.0000,3225.2000,3225.0000,3224.6000,3227.4000,3227.6000,3228.2000,3228.6000,3229.0000,1,1,2,2,1,1,1,1,2,2
SF,IH2012,2020-09-29 09:31:13.900,3226.6000,31521,0,246934920.000,0,-,-,-,-,3227.2000,3226.8000,3226.6000,3226.4000,3226.0000,3227.6000,3228.2000,3228.6000,3229.0000,3229.6000,2,2,3,2,1,1,1,2,2,1
SF,IH2012,2020-09-29 09:31:14.400,3226.6000,31521,0,246934920.000,0,-,-,-,-,3226.6000,3226.4000,3226.0000,3225.6000,3225.2000,3227.6000,3228.2000,3228.6000,3229.0000,3229.6000,1,1,1,1,2,1,1,2,2,1
SF,IH2012,2020-09-29 09:31:14.900,3226.6000,31521,0,246934920.000,0,-,-,-,-,3226.8000,3226.6000,3226.4000,3226.0000,3225.6000,3227.4000,3227.6000,3228.2000,3228.6000,3229.0000,1,1,1,1,1,1,1,1,2,2
SF,IH2012,2020-09-29 09:31:15.400,3226.6000,31521,0,246934920.000,0,-,-,-,-,3226.6000,3226.4000,3226.0000,3225.6000,3225.0000,3227.4000,3227.6000,3228.2000,3228.6000,3229.0000,1,1,1,1,1,1,1,1,2,2
SF,IH2012,2020-09-29 09:31:15.900,3226.6000,31521,0,246934920.000,0,-,-,-,-,3226.6000,3226.4000,3226.0000,3225.6000,3225.0000,3227.4000,3227.6000,3228.2000,3228.6000,3229.0000,1,1,1,1,1,1,2,1,2,2
SF,IH2012,2020-09-29 09:31:16.400,3226.6000,31521,0,246934920.000,0,-,-,-,-,3226.4000,3226.0000,3225.6000,3225.0000,3224.8000,3227.4000,3227.6000,3228.2000,3228.6000,3229.0000,1,1,1,1,1,2,2,1,2,2
SF,IH2012,2020-09-29 09:31:16.900,3226.6000,31521,0,246934920.000,0,-,-,-,-,3226.4000,3226.0000,3225.6000,3225.0000,3224.8000,3227.4000,3227.6000,3228.2000,3228.6000,3229.0000,1,1,1,1,1,1,3,1,2,2
SF,IH2012,2020-09-29 09:31:17.400,3226.6000,31521,0,246934920.000,0,-,-,-,-,3226.8000,3226.4000,3226.0000,3225.6000,3225.0000,3227.4000,3227.6000,3228.2000,3228.6000,3229.0000,1,1,1,1,1,1,3,1,2,2
SF,IH2012,2020-09-29 09:31:17.900,3227.4000,31521,0,248871360.000,2,1,1,多换,S,3227.0000,3226.6000,3226.0000,3225.6000,3225.0000,3227.6000,3228.2000,3228.6000,3229.0000,3229.6000,2,1,1,1,1,3,1,2,2,1
SF,IH2012,2020-09-29 09:31:18.400,3227.0000,31520,-1,249839460.000,1,0,1,双平,S,3225.6000,3225.0000,3224.8000,3224.6000,3224.2000,3226.6000,3227.0000,3227.4000,3227.6000,3228.2000,1,1,1,1,2,1,1,1,3,1
SF,IH2012,2020-09-29 09:31:18.900,3227.0000,31519,-1,251775540.000,2,0,2,多平,S,3226.8000,3226.6000,3226.4000,3226.2000,3226.0000,3227.4000,3227.6000,3228.2000,3228.6000,3229.0000,2,1,2,2,1,1,3,1,2,2
SF,IH2012,2020-09-29 09:31:19.400,3226.8000,31517,-2,254679600.000,3,0,3,多平,S,3225.8000,3225.6000,3225.0000,3224.8000,3224.6000,3227.2000,3227.4000,3227.6000,3228.2000,3228.6000,2,2,1,1,1,2,1,3,1,2
SF,IH2012,2020-09-29 09:31:19.900,3226.8000,31517,0,254679600.000,0,-,-,-,-,3226.0000,3225.6000,3225.0000,3224.8000,3224.6000,3227.0000,3227.2000,3227.4000,3227.6000,3228.2000,2,1,1,1,1,2,2,1,3,1
SF,IH2012,2020-09-29 09:31:20.400,3226.8000,31517,0,254679600.000,0,-,-,-,-,3226.0000,3225.6000,3225.0000,3224.8000,3224.6000,3226.8000,3227.0000,3227.2000,3227.4000,3227.6000,2,1,1,1,1,1,2,1,1,3
SF,IH2012,2020-09-29 09:31:20.900,3226.8000,31517,0,254679600.000,0,-,-,-,-,3226.4000,3226.0000,3225.6000,3225.0000,3224.8000,3226.8000,3227.0000,3227.2000,3227.4000,3227.6000,1,2,1,1,1,1,2,2,1,3
SF,IH2012,2020-09-29 09:31:21.400,3226.8000,31515,-2,257583360.000,3,0,3,多平,S,3226.0000,3225.6000,3225.0000,3224.8000,3224.6000,3227.0000,3227.2000,3227.4000,3227.6000,3228.2000,1,1,1,1,1,2,2,1,3,1
SF,IH2012,2020-09-29 09:31:21.900,3226.0000,31514,-1,258551160.000,1,0,1,双平,S,3225.6000,3225.0000,3224.8000,3224.6000,3224.2000,3226.4000,3226.8000,3227.0000,3227.2000,3227.4000,1,1,1,1,2,1,1,2,3,1
SF,IH2012,2020-09-29 09:31:22.400,3226.0000,31514,0,258551160.000,0,-,-,-,-,3226.0000,3225.6000,3225.0000,3224.8000,3224.6000,3226.4000,3226.8000,3227.0000,3227.2000,3227.4000,1,2,1,1,1,1,1,2,3,1
SF,IH2012,2020-09-29 09:31:22.900,3226.0000,31514,0,258551160.000,0,-,-,-,-,3226.0000,3225.6000,3225.0000,3224.8000,3224.6000,3226.4000,3226.8000,3227.0000,3227.2000,3227.4000,2,3,1,1,1,1,1,2,3,1
SF,IH2012,2020-09-29 09:31:23.400,3226.4000,31514,0,259519080.000,1,0,1,多换,S,3226.0000,3225.6000,3225.0000,3224.8000,3224.2000,3226.8000,3227.0000,3227.2000,3227.4000,3227.6000,1,2,1,1,2,1,2,3,1,3
SF,IH2012,2020-09-29 09:31:23.900,3226.4000,31514,0,259519080.000,0,-,-,-,-,3226.0000,3225.6000,3225.0000,3224.8000,3224.2000,3226.6000,3226.8000,3227.0000,3227.2000,3227.4000,1,2,1,1,2,2,1,1,3,1
SF,IH2012,2020-09-29 09:31:24.400,3226.4000,31514,0,259519080.000,0,-,-,-,-,3226.4000,3226.0000,3225.6000,3225.0000,3224.8000,3226.6000,3226.8000,3227.0000,3227.2000,3227.4000,1,1,2,1,1,1,1,1,3,1
SF,IH2012,2020-09-29 09:31:24.900,3226.0000,31514,0,261454800.000,2,1,1,多换,S,3225.6000,3225.0000,3224.8000,3224.2000,3224.0000,3226.6000,3226.8000,3227.0000,3227.2000,3227.4000,2,1,1,2,1,1,1,1,3,1
SF,IH2012,2020-09-29 09:31:25.400,3226.0000,31514,0,261454800.000,0,-,-,-,-,3225.2000,3225.0000,3224.8000,3224.2000,3224.0000,3225.8000,3226.4000,3226.6000,3226.8000,3227.0000,1,1,1,2,1,2,1,1,1,1
SF,IH2012,2020-09-29 09:31:25.900,3225.4000,31511,-3,265325520.000,4,0,4,多平,S,3225.2000,3225.0000,3224.8000,3224.2000,3224.0000,3226.4000,3226.6000,3226.8000,3227.0000,3227.2000,3,1,1,2,2,1,1,1,1,3
SF,IH2012,2020-09-29 09:31:26.400,3225.4000,31511,0,265325520.000,0,-,-,-,-,3225.2000,3225.0000,3224.8000,3224.2000,3224.0000,3226.2000,3226.4000,3226.8000,3227.0000,3227.2000,2,1,1,2,2,4,1,1,1,3
SF,IH2012,2020-09-29 09:31:26.900,3225.4000,31511,0,265325520.000,0,-,-,-,-,3225.2000,3225.0000,3224.8000,3224.6000,3224.2000,3226.0000,3226.2000,3226.4000,3226.8000,3227.0000,2,1,1,1,2,1,4,1,1,1
SF,IH2012,2020-09-29 09:31:27.400,3226.2000,31510,-1,266293380.000,1,0,1,双平,S,3225.2000,3225.0000,3224.8000,3224.6000,3224.2000,3226.2000,3226.4000,3226.8000,3227.0000,3227.2000,2,1,1,1,2,3,1,1,1,3
SF,IH2012,2020-09-29 09:31:27.900,3226.2000,31510,0,266293380.000,0,-,-,-,-,3225.4000,3225.2000,3225.0000,3224.8000,3224.6000,3226.2000,3226.4000,3226.8000,3227.0000,3227.2000,1,2,1,1,1,3,1,1,1,2
SF,IH2012,2020-09-29 09:31:28.400,3226.2000,31510,0,266293380.000,0,-,-,-,-,3225.2000,3225.0000,3224.8000,3224.6000,3224.2000,3226.0000,3226.2000,3226.4000,3226.8000,3227.0000,2,1,1,1,2,1,3,1,1,1
SF,IH2012,2020-09-29 09:31:28.900,3226.2000,31510,0,267261240.000,1,0,1,多换,S,3225.2000,3225.0000,3224.8000,3224.6000,3224.2000,3226.0000,3226.2000,3226.4000,3226.8000,3227.0000,2,1,1,1,2,1,2,1,1,1
SF,IH2012,2020-09-29 09:31:29.400,3225.8000,31510,0,270164040.000,3,1,2,多换,S,3224.8000,3224.6000,3224.2000,3224.0000,3223.2000,3225.2000,3225.8000,3226.0000,3226.2000,3226.4000,1,1,2,2,1,1,1,1,2,1
SF,IH2012,2020-09-29 09:31:29.900,3224.8000,31509,-1,271131480.000,1,0,1,双平,S,3224.6000,3224.2000,3224.0000,3223.2000,3222.2000,3225.2000,3225.8000,3226.0000,3226.2000,3226.4000,1,2,2,1,2,1,2,2,2,1
SF,IH2012,2020-09-29 09:31:30.400,3224.8000,31509,0,271131480.000,0,-,-,-,-,3224.6000,3224.2000,3224.0000,3223.2000,3222.2000,3225.2000,3225.8000,3226.0000,3226.2000,3226.4000,1,2,2,1,2,1,2,2,2,1
SF,IH2012,2020-09-29 09:31:30.900,3224.8000,31509,0,271131480.000,0,-,-,-,-,3224.6000,3224.2000,3224.0000,3223.2000,3222.2000,3225.2000,3225.8000,3226.0000,3226.2000,3226.4000,1,2,2,1,2,2,2,2,2,1
SF,IH2012,2020-09-29 09:31:31.400,3224.8000,31509,0,271131480.000,0,-,-,-,-,3224.6000,3224.2000,3224.0000,3223.2000,3222.2000,3225.2000,3225.8000,3226.0000,3226.2000,3226.4000,1,2,2,1,2,1,2,2,2,1
SF,IH2012,2020-09-29 09:31:31.900,3224.6000,31507,-2,273066300.000,2,0,2,双平,S,3224.6000,3224.2000,3224.0000,3223.2000,3222.2000,3225.8000,3226.0000,3226.2000,3226.4000,3226.8000,1,2,2,1,2,2,2,2,1,2
SF,IH2012,2020-09-29 09:31:32.400,3224.6000,31506,-1,274033680.000,1,0,1,双平,S,3225.2000,3224.8000,3224.2000,3224.0000,3223.2000,3225.6000,3225.8000,3226.0000,3226.2000,3226.4000,1,1,2,2,1,1,1,1,2,1
SF,IH2012,2020-09-29 09:31:32.900,3224.6000,31506,0,275001060.000,1,0,1,多换,S,3224.8000,3224.2000,3224.0000,3223.2000,3222.2000,3225.4000,3226.0000,3226.2000,3226.4000,3226.8000,1,2,2,1,2,1,1,2,1,2
SF,IH2012,2020-09-29 09:31:33.400,3225.4000,31505,-1,275968680.000,1,0,1,双平,S,3225.4000,3224.8000,3224.2000,3224.0000,3223.2000,3226.0000,3226.2000,3226.4000,3226.8000,3227.2000,1,2,2,2,1,1,2,1,2,2
SF,IH2012,2020-09-29 09:31:33.900,3225.4000,31505,0,275968680.000,0,-,-,-,-,3224.8000,3224.2000,3224.0000,3223.2000,3222.2000,3225.4000,3225.8000,3226.0000,3226.2000,3226.4000,2,2,2,1,2,1,2,2,2,1
SF,IH2012,2020-09-29 09:31:34.400,3225.4000,31505,0,275968680.000,0,-,-,-,-,3224.8000,3224.2000,3224.0000,3223.2000,3222.2000,3225.4000,3225.8000,3226.0000,3226.2000,3226.4000,2,2,3,1,2,1,2,2,2,1
SF,IH2012,2020-09-29 09:31:34.900,3224.8000,31504,-1,276936120.000,1,0,1,双平,S,3224.8000,3224.2000,3224.0000,3223.2000,3222.2000,3225.4000,3225.8000,3226.0000,3226.2000,3226.4000,1,2,3,1,2,1,2,2,2,1
SF,IH2012,2020-09-29 09:31:35.900,3224.8000,31504,0,276936120.000,0,-,-,-,-,3225.4000,3224.8000,3224.2000,3224.0000,3223.2000,3225.8000,3226.0000,3226.2000,3226.4000,3226.8000,2,1,2,3,1,2,2,2,1,2
SF,IH2012,2020-09-29 09:31:36.400,3224.8000,31504,0,276936120.000,0,-,-,-,-,3225.4000,3224.8000,3224.2000,3224.0000,3223.2000,3225.8000,3226.0000,3226.2000,3226.4000,3226.8000,3,1,2,3,1,2,2,2,1,2
SF,IH2012,2020-09-29 09:31:36.900,3224.8000,31504,0,277903560.000,1,0,1,多换,S,3225.4000,3224.8000,3224.2000,3224.0000,3223.2000,3225.8000,3226.0000,3226.2000,3226.4000,3226.8000,2,1,2,3,1,2,1,2,1,2
SF,IH2012,2020-09-29 09:31:37.400,3224.8000,31504,0,277903560.000,0,-,-,-,-,3225.4000,3224.8000,3224.2000,3224.0000,3223.2000,3225.8000,3226.0000,3226.2000,3226.4000,3226.8000,2,1,2,3,1,1,1,2,1,2
SF,IH2012,2020-09-29 09:31:37.900,3225.2000,31504,0,279838680.000,2,1,1,多换,S,3224.8000,3224.2000,3224.0000,3223.2000,3222.2000,3225.4000,3225.8000,3226.0000,3226.2000,3226.4000,1,2,3,1,2,1,1,1,2,1
SF,IH2012,2020-09-29 09:31:38.400,3225.2000,31504,0,279838680.000,0,-,-,-,-,3224.8000,3224.2000,3224.0000,3223.6000,3223.2000,3225.4000,3225.8000,3226.0000,3226.2000,3226.4000,1,2,3,1,1,1,1,1,2,1
SF,IH2012,2020-09-29 09:31:38.900,3225.2000,31504,0,279838680.000,0,-,-,-,-,3225.0000,3224.8000,3224.2000,3224.0000,3223.6000,3225.4000,3225.8000,3226.0000,3226.2000,3226.4000,1,1,2,3,1,1,1,1,2,1
SF,IH2012,2020-09-29 09:31:39.400,3225.0000,31503,-1,280806180.000,1,0,1,双平,S,3224.8000,3224.2000,3224.0000,3223.6000,3223.2000,3225.0000,3225.4000,3225.8000,3226.0000,3226.2000,1,2,3,1,1,1,1,1,1,2
SF,IH2012,2020-09-29 09:31:39.900,3224.8000,31503,0,281773620.000,1,0,1,多换,S,3224.2000,3224.0000,3223.6000,3223.2000,3222.2000,3225.0000,3225.4000,3225.8000,3226.0000,3226.2000,2,3,1,1,2,1,1,1,1,2
SF,IH2012,2020-09-29 09:31:40.400,3224.8000,31503,0,282741060.000,1,0,1,多换,S,3224.2000,3224.0000,3223.6000,3223.2000,3222.2000,3225.0000,3225.4000,3225.8000,3226.0000,3226.2000,2,3,1,1,2,1,1,1,1,2
SF,IH2012,2020-09-29 09:31:40.900,3225.0000,31503,0,283708560.000,1,0,1,多换,S,3224.2000,3224.0000,3223.6000,3223.2000,3222.2000,3224.8000,3225.0000,3225.4000,3225.8000,3226.0000,2,3,1,1,2,1,1,1,1,1
SF,IH2012,2020-09-29 09:31:41.400,3225.0000,31503,0,283708560.000,0,-,-,-,-,3224.2000,3224.0000,3223.6000,3223.2000,3222.2000,3224.8000,3225.0000,3225.4000,3225.8000,3226.0000,2,3,1,1,2,2,1,1,1,1
SF,IH2012,2020-09-29 09:31:41.900,3225.0000,31503,0,283708560.000,0,-,-,-,-,3224.2000,3224.0000,3223.6000,3223.2000,3222.2000,3224.8000,3225.0000,3225.4000,3225.8000,3226.0000,2,3,1,1,2,1,1,1,1,1
SF,IH2012,2020-09-29 09:31:42.400,3225.0000,31503,0,283708560.000,0,-,-,-,-,3224.2000,3224.0000,3223.6000,3223.2000,3222.2000,3224.8000,3225.0000,3225.4000,3225.8000,3226.0000,2,3,1,1,2,1,1,1,1,1
SF,IH2012,2020-09-29 09:31:42.900,3225.0000,31503,0,283708560.000,0,-,-,-,-,3224.2000,3224.0000,3223.6000,3223.2000,3222.2000,3224.8000,3225.0000,3225.4000,3225.8000,3226.0000,2,3,1,1,2,1,1,1,1,1
SF,IH2012,2020-09-29 09:31:43.400,3224.2000,31503,0,285643080.000,2,1,1,多换,S,3224.0000,3223.6000,3223.2000,3222.2000,3222.0000,3224.8000,3225.0000,3225.4000,3225.8000,3226.0000,4,1,1,2,1,2,1,1,1,1
SF,IH2012,2020-09-29 09:31:43.900,3224.0000,31502,-1,286610280.000,1,0,1,双平,S,3224.0000,3223.6000,3223.2000,3222.2000,3222.0000,3224.2000,3224.6000,3224.8000,3225.4000,3225.8000,2,1,1,2,1,1,2,2,1,1
SF,IH2012,2020-09-29 09:31:44.400,3224.0000,31502,0,286610280.000,0,-,-,-,-,3224.0000,3223.6000,3223.2000,3222.2000,3222.0000,3224.2000,3224.6000,3224.8000,3225.4000,3225.8000,2,1,1,2,1,1,2,2,1,1
SF,IH2012,2020-09-29 09:31:44.900,3224.0000,31500,-2,288544680.000,2,0,2,双平,S,3223.6000,3223.2000,3222.2000,3222.0000,3221.8000,3224.2000,3224.6000,3224.8000,3225.4000,3225.8000,1,1,2,1,1,1,2,2,1,1
SF,IH2012,2020-09-29 09:31:45.400,3224.0000,31500,0,289511880.000,1,0,1,多换,S,3223.6000,3223.2000,3222.8000,3222.2000,3222.0000,3224.0000,3224.6000,3224.8000,3225.4000,3225.8000,1,1,1,2,1,7,2,2,1,1
SF,IH2012,2020-09-29 09:31:45.900,3224.0000,31500,0,289511880.000,0,-,-,-,-,3223.6000,3223.2000,3222.8000,3222.4000,3222.2000,3224.0000,3224.6000,3224.8000,3225.4000,3225.8000,1,1,1,1,2,7,2,2,1,1
SF,IH2012,2020-09-29 09:31:46.400,3224.0000,31500,0,289511880.000,0,-,-,-,-,3223.2000,3222.8000,3222.4000,3222.2000,3222.0000,3224.0000,3224.6000,3224.8000,3225.4000,3225.8000,1,1,1,2,2,7,2,2,1,1
SF,IH2012,2020-09-29 09:31:46.900,3224.0000,31500,0,289511880.000,0,-,-,-,-,3223.2000,3222.8000,3222.4000,3222.2000,3222.0000,3224.0000,3224.6000,3224.8000,3225.4000,3225.8000,1,1,1,2,2,7,2,2,1,1
SF,IH2012,2020-09-29 09:31:47.400,3224.0000,31500,0,289511880.000,0,-,-,-,-,3223.2000,3222.8000,3222.4000,3222.2000,3222.0000,3224.0000,3224.6000,3224.8000,3225.4000,3225.8000,1,1,1,2,2,11,2,2,1,1
SF,IH2012,2020-09-29 09:31:47.900,3224.0000,31500,0,290479080.000,1,0,1,多换,S,3223.2000,3222.8000,3222.4000,3222.2000,3222.0000,3224.0000,3224.6000,3224.8000,3225.4000,3225.8000,1,1,1,2,2,11,2,1,1,1
SF,IH2012,2020-09-29 09:31:48.400,3224.0000,31500,0,290479080.000,0,-,-,-,-,3223.2000,3222.8000,3222.4000,3222.2000,3222.0000,3224.0000,3224.6000,3224.8000,3225.4000,3225.8000,3,1,1,2,2,11,2,1,1,1
SF,IH2012,2020-09-29 09:31:48.900,3224.0000,31500,0,290479080.000,0,-,-,-,-,3223.2000,3222.8000,3222.4000,3222.2000,3222.0000,3224.0000,3224.6000,3224.8000,3225.4000,3225.8000,3,1,1,2,2,11,2,1,1,1
SF,IH2012,2020-09-29 09:31:49.400,3223.2000,31497,-3,293379960.000,3,0,3,双平,S,3222.8000,3222.4000,3222.2000,3222.0000,3221.8000,3223.2000,3224.0000,3224.6000,3224.8000,3225.4000,1,1,2,2,1,1,11,2,1,1
SF,IH2012,2020-09-29 09:31:49.900,3223.2000,31497,0,293379960.000,0,-,-,-,-,3222.4000,3222.2000,3222.0000,3221.8000,3221.6000,3223.2000,3223.8000,3224.0000,3224.6000,3224.8000,1,2,2,1,1,2,1,11,2,1
SF,IH2012,2020-09-29 09:31:50.400,3223.2000,31497,0,294346920.000,1,0,1,多换,S,3222.4000,3222.2000,3222.0000,3221.8000,3221.6000,3223.2000,3223.8000,3224.0000,3224.6000,3224.8000,1,2,2,1,1,2,1,11,2,1
SF,IH2012,2020-09-29 09:31:51.900,3223.2000,31497,0,294346920.000,0,-,-,-,-,3222.4000,3222.2000,3222.0000,3221.8000,3221.6000,3223.2000,3224.0000,3224.6000,3224.8000,3225.4000,1,2,2,1,1,1,11,2,1,1
SF,IH2012,2020-09-29 09:31:52.400,3223.2000,31497,0,295313880.000,1,0,1,多换,S,3223.2000,3222.6000,3222.4000,3222.2000,3222.0000,3224.0000,3224.6000,3224.8000,3225.4000,3226.0000,1,2,2,2,2,7,2,1,1,2
SF,IH2012,2020-09-29 09:31:52.900,3224.0000,31495,-2,297248280.000,2,0,2,双平,S,3223.2000,3222.6000,3222.4000,3222.2000,3222.0000,3224.0000,3224.6000,3224.8000,3225.4000,3226.0000,2,1,1,2,2,4,2,1,1,2
SF,IH2012,2020-09-29 09:31:53.400,3223.4000,31491,-4,302084100.000,5,0,5,多平,S,3223.2000,3222.6000,3222.4000,3222.2000,3222.0000,3224.6000,3224.8000,3225.0000,3225.4000,3226.0000,5,1,1,2,2,2,1,1,1,2
SF,IH2012,2020-09-29 09:31:53.900,3223.4000,31490,-1,303051120.000,1,0,1,双平,S,3223.4000,3223.2000,3222.6000,3222.4000,3222.2000,3224.6000,3224.8000,3225.0000,3225.4000,3226.0000,1,5,1,1,2,2,1,1,1,2
SF,IH2012,2020-09-29 09:31:54.400,3223.4000,31490,0,303051120.000,0,-,-,-,-,3223.4000,3223.2000,3222.6000,3222.4000,3222.2000,3224.6000,3224.8000,3225.0000,3225.4000,3226.0000,1,5,1,1,2,2,1,1,1,2
SF,IH2012,2020-09-29 09:31:54.900,3223.4000,31490,0,303051120.000,0,-,-,-,-,3223.2000,3222.6000,3222.4000,3222.2000,3222.0000,3224.0000,3224.4000,3224.6000,3224.8000,3225.0000,5,1,1,2,2,1,1,2,1,1
SF,IH2012,2020-09-29 09:31:55.400,3223.4000,31490,0,303051120.000,0,-,-,-,-,3223.2000,3222.6000,3222.4000,3222.2000,3222.0000,3224.0000,3224.4000,3224.6000,3224.8000,3225.0000,5,1,1,2,2,1,2,2,1,1
SF,IH2012,2020-09-29 09:31:55.900,3223.4000,31490,0,303051120.000,0,-,-,-,-,3223.2000,3222.6000,3222.4000,3222.2000,3222.0000,3223.8000,3224.0000,3224.4000,3224.6000,3224.8000,5,1,1,2,2,1,1,2,1,1
SF,IH2012,2020-09-29 09:31:56.400,3224.0000,31489,-1,304985460.000,2,0,2,多平,S,3223.8000,3223.2000,3223.0000,3222.6000,3222.4000,3224.4000,3224.6000,3224.8000,3225.0000,3225.4000,1,5,1,1,1,2,1,1,1,1
SF,IH2012,2020-09-29 09:31:56.900,3223.0000,31481,-8,313688940.000,9,0,9,多平,S,3222.6000,3222.4000,3222.2000,3222.0000,3221.8000,3223.0000,3224.8000,3225.0000,3225.4000,3226.0000,1,1,2,2,1,15,1,1,1,2
SF,IH2012,2020-09-29 09:31:57.400,3223.0000,31466,-15,328192440.000,15,0,15,双平,S,3223.0000,3222.6000,3222.4000,3222.2000,3222.0000,3224.8000,3225.0000,3226.0000,3227.0000,3227.2000,4,1,1,2,2,1,1,2,1,1
SF,IH2012,2020-09-29 09:31:57.900,3223.0000,31466,0,328192440.000,0,-,-,-,-,3223.2000,3223.0000,3222.8000,3222.6000,3222.4000,3223.8000,3224.6000,3224.8000,3225.0000,3226.0000,3,4,1,1,1,1,3,1,1,2
SF,IH2012,2020-09-29 09:31:58.400,3223.0000,31466,0,328192440.000,0,-,-,-,-,3223.2000,3223.0000,3222.8000,3222.6000,3222.4000,3223.8000,3224.6000,3224.8000,3225.0000,3225.6000,2,4,1,1,1,1,3,1,1,1
SF,IH2012,2020-09-29 09:31:58.900,3223.0000,31466,0,328192440.000,0,-,-,-,-,3223.2000,3223.0000,3222.6000,3222.4000,3222.2000,3223.8000,3224.6000,3224.8000,3225.0000,3225.6000,1,4,1,1,2,1,3,1,1,1
SF,IH2012,2020-09-29 09:31:59.400,3223.0000,31466,0,328192440.000,0,-,-,-,-,3223.2000,3223.0000,3222.6000,3222.4000,3222.2000,3223.8000,3224.6000,3224.8000,3225.0000,3225.6000,1,4,1,1,2,1,3,1,1,1
SF,IH2012,2020-09-29 09:31:59.900,3223.0000,31466,0,328192440.000,0,-,-,-,-,3223.2000,3223.0000,3222.6000,3222.4000,3222.2000,3223.8000,3224.6000,3224.8000,3225.0000,3225.6000,1,4,1,1,2,1,3,1,1,1
SF,IH2012,2020-09-29 09:32:00.400,3223.8000,31466,0,329159580.000,1,0,1,多换,S,3223.2000,3223.0000,3222.6000,3222.4000,3222.2000,3224.6000,3224.8000,3225.0000,3225.6000,3226.0000,1,4,1,1,2,3,1,1,1,2
SF,IH2012,2020-09-29 09:32:00.900,3223.4000,31464,-2,332061000.000,3,0,3,多平,S,3223.2000,3223.0000,3222.6000,3222.4000,3222.2000,3224.4000,3224.6000,3224.8000,3225.0000,3225.6000,1,4,1,1,2,1,2,1,1,1
SF,IH2012,2020-09-29 09:32:01.400,3223.4000,31464,0,332061000.000,0,-,-,-,-,3223.4000,3223.2000,3223.0000,3222.6000,3222.4000,3224.6000,3224.8000,3225.0000,3225.6000,3226.0000,4,1,5,1,1,1,1,1,1,2
SF,IH2012,2020-09-29 09:32:01.900,3223.4000,31462,-2,333995040.000,2,0,2,双平,S,3223.4000,3223.2000,3223.0000,3222.6000,3222.4000,3224.8000,3225.0000,3225.6000,3226.0000,3227.0000,6,1,5,1,1,1,1,1,2,1
SF,IH2012,2020-09-29 09:32:02.400,3223.4000,31462,0,333995040.000,0,-,-,-,-,3223.4000,3223.2000,3223.0000,3222.6000,3222.4000,3224.6000,3224.8000,3225.0000,3225.6000,3226.0000,5,1,5,1,1,1,1,1,1,2
SF,IH2012,2020-09-29 09:32:02.900,3223.4000,31462,0,333995040.000,0,-,-,-,-,3224.4000,3223.4000,3223.2000,3223.0000,3222.6000,3224.6000,3224.8000,3225.0000,3225.6000,3226.0000,1,4,1,5,1,1,1,1,1,2
SF,IH2012,2020-09-29 09:32:03.400,3224.4000,31461,-1,334962360.000,1,0,1,双平,S,3223.4000,3223.2000,3223.0000,3222.6000,3222.4000,3224.4000,3224.8000,3225.0000,3225.6000,3226.0000,4,1,4,1,1,2,1,1,1,2
SF,IH2012,2020-09-29 09:32:03.900,3224.4000,31461,0,335929680.000,1,0,1,多换,S,3223.4000,3223.2000,3223.0000,3222.6000,3222.4000,3224.4000,3224.8000,3225.0000,3225.6000,3226.0000,5,1,4,1,1,1,2,1,1,2
SF,IH2012,2020-09-29 09:32:04.400,3224.4000,31461,0,335929680.000,0,-,-,-,-,3224.4000,3223.6000,3223.4000,3223.2000,3223.0000,3224.8000,3225.0000,3225.6000,3226.0000,3227.0000,1,1,4,1,4,2,1,1,2,1
SF,IH2012,2020-09-29 09:32:04.900,3224.8000,31460,-1,337864560.000,2,0,2,多平,S,3224.6000,3224.4000,3223.8000,3223.6000,3223.4000,3225.0000,3225.6000,3226.0000,3227.0000,3227.2000,1,1,2,5,4,1,1,2,1,1
SF,IH2012,2020-09-29 09:32:05.400,3224.4000,31459,-1,338831880.000,1,0,1,双平,S,3223.6000,3223.4000,3223.0000,3222.6000,3222.4000,3225.0000,3225.6000,3226.0000,3227.0000,3227.2000,1,3,3,1,1,1,1,2,1,1
SF,IH2012,2020-09-29 09:32:05.900,3224.4000,31459,0,338831880.000,0,-,-,-,-,3224.4000,3223.8000,3223.4000,3223.0000,3222.6000,3224.6000,3224.8000,3225.0000,3225.6000,3226.0000,1,3,3,3,1,1,2,1,1,2
SF,IH2012,2020-09-29 09:32:06.400,3224.8000,31459,0,340766700.000,2,1,1,多换,S,3224.4000,3223.8000,3223.4000,3223.0000,3222.6000,3225.6000,3226.0000,3227.0000,3227.2000,3227.8000,1,3,3,3,1,1,1,1,1,3
SF,IH2012,2020-09-29 09:32:06.900,3224.8000,31459,0,340766700.000,0,-,-,-,-,3224.6000,3224.4000,3223.8000,3223.4000,3223.0000,3225.4000,3225.6000,3226.0000,3227.0000,3227.2000,1,1,1,3,3,3,2,1,1,1
SF,IH2012,2020-09-29 09:32:07.400,3224.4000,31458,-1,341734020.000,1,0,1,双平,S,3223.8000,3223.0000,3222.6000,3222.4000,3222.2000,3225.2000,3225.4000,3225.6000,3226.0000,3227.0000,1,3,1,1,3,1,3,2,1,1
SF,IH2012,2020-09-29 09:32:07.900,3224.0000,31457,-1,342701220.000,1,0,1,双平,S,3223.8000,3223.0000,3222.6000,3222.4000,3222.2000,3225.0000,3225.4000,3225.6000,3226.0000,3227.0000,1,2,1,1,3,3,3,1,1,1
SF,IH2012,2020-09-29 09:32:08.400,3224.0000,31457,0,342701220.000,0,-,-,-,-,3223.8000,3223.0000,3222.6000,3222.4000,3222.2000,3224.8000,3225.0000,3225.4000,3225.6000,3226.0000,1,2,1,1,3,1,2,1,1,1
SF,IH2012,2020-09-29 09:32:08.900,3224.0000,31457,0,342701220.000,0,-,-,-,-,3223.8000,3223.0000,3222.6000,3222.4000,3222.2000,3224.6000,3224.8000,3225.0000,3225.2000,3225.6000,4,2,1,1,3,2,3,1,1,1
SF,IH2012,2020-09-29 09:32:09.400,3223.8000,31456,-1,343668360.000,1,0,1,双平,S,3223.8000,3223.0000,3222.6000,3222.4000,3222.2000,3224.6000,3224.8000,3225.0000,3225.2000,3225.6000,3,2,1,1,3,2,1,1,1,1
SF,IH2012,2020-09-29 09:32:09.900,3223.8000,31456,0,343668360.000,0,-,-,-,-,3223.8000,3223.0000,3222.6000,3222.4000,3222.2000,3224.4000,3224.6000,3224.8000,3225.0000,3225.2000,3,2,1,1,3,1,1,1,1,1
SF,IH2012,2020-09-29 09:32:10.400,3223.8000,31456,0,343668360.000,0,-,-,-,-,3224.0000,3223.8000,3223.0000,3222.6000,3222.4000,3224.6000,3225.0000,3225.2000,3225.6000,3226.0000,1,3,2,1,1,1,1,1,1,1
SF,IH2012,2020-09-29 09:32:11.400,3223.8000,31456,0,343668360.000,0,-,-,-,-,3224.0000,3223.8000,3223.0000,3222.6000,3222.4000,3224.6000,3225.0000,3225.2000,3225.6000,3226.0000,1,3,2,1,1,1,2,1,1,1
SF,IH2012,2020-09-29 09:32:12.400,3223.8000,31451,-5,348504360.000,5,0,5,双平,S,3223.0000,3222.6000,3222.4000,3222.2000,3222.0000,3223.8000,3225.0000,3225.2000,3225.6000,3226.0000,2,1,1,3,1,1,2,1,1,1
SF,IH2012,2020-09-29 09:32:12.900,3223.8000,31451,0,348504360.000,0,-,-,-,-,3224.8000,3224.2000,3224.0000,3223.8000,3223.6000,3225.0000,3225.6000,3226.0000,3227.0000,3227.2000,1,1,2,5,1,2,1,1,2,1
SF,IH2012,2020-09-29 09:32:13.400,3224.0000,31449,-2,351406140.000,3,0,3,多平,S,3223.8000,3223.2000,3223.0000,3222.6000,3222.2000,3224.2000,3224.6000,3224.8000,3225.0000,3225.6000,1,1,3,1,3,1,1,5,3,1
SF,IH2012,2020-09-29 09:32:13.900,3223.8000,31447,-2,353340420.000,2,0,2,双平,S,3223.0000,3222.6000,3222.2000,3222.0000,3221.8000,3224.2000,3224.6000,3224.8000,3225.0000,3225.6000,3,1,4,1,1,1,1,2,3,1
SF,IH2012,2020-09-29 09:32:14.400,3223.8000,31447,0,353340420.000,0,-,-,-,-,3223.8000,3223.4000,3223.2000,3223.0000,3222.6000,3224.8000,3225.0000,3225.6000,3226.0000,3227.0000,3,4,4,3,1,2,3,1,1,2
SF,IH2012,2020-09-29 09:32:14.900,3223.8000,31447,0,353340420.000,0,-,-,-,-,3223.2000,3223.0000,3222.6000,3222.2000,3222.0000,3224.6000,3224.8000,3225.0000,3225.6000,3226.0000,2,3,1,4,2,3,2,3,1,1
SF,IH2012,2020-09-29 09:32:15.400,3223.8000,31447,0,353340420.000,0,-,-,-,-,3223.4000,3223.2000,3223.0000,3222.6000,3222.2000,3224.4000,3224.6000,3224.8000,3225.0000,3225.6000,1,1,3,1,4,1,2,2,3,1
SF,IH2012,2020-09-29 09:32:15.900,3224.6000,31447,0,354307800.000,1,0,1,多换,S,3223.6000,3223.0000,3222.6000,3222.2000,3222.0000,3224.6000,3224.8000,3225.0000,3225.6000,3226.0000,2,3,1,4,2,1,2,3,1,1
SF,IH2012,2020-09-29 09:32:16.400,3224.6000,31447,0,354307800.000,0,-,-,-,-,3223.6000,3223.0000,3222.6000,3222.2000,3222.0000,3224.4000,3224.6000,3224.8000,3225.0000,3225.6000,1,2,1,4,2,2,1,2,3,1
SF,IH2012,2020-09-29 09:32:16.900,3224.6000,31446,-1,355275180.000,1,0,1,双平,S,3223.6000,3223.0000,3222.6000,3222.2000,3222.0000,3224.8000,3225.0000,3225.6000,3226.0000,3226.8000,2,2,1,4,2,2,4,1,1,1
SF,IH2012,2020-09-29 09:32:17.400,3224.6000,31446,0,355275180.000,0,-,-,-,-,3223.6000,3223.0000,3222.6000,3222.2000,3222.0000,3224.6000,3224.8000,3225.0000,3225.6000,3226.0000,2,2,1,4,2,2,3,4,1,1
SF,IH2012,2020-09-29 09:32:17.900,3224.6000,31446,0,355275180.000,0,-,-,-,-,3223.6000,3223.0000,3222.6000,3222.2000,3222.0000,3224.6000,3224.8000,3225.0000,3225.6000,3226.0000,2,1,1,4,2,2,3,4,1,1
SF,IH2012,2020-09-29 09:32:18.400,3224.6000,31446,0,355275180.000,0,-,-,-,-,3223.6000,3223.0000,3222.6000,3222.2000,3222.0000,3224.6000,3224.8000,3225.0000,3225.6000,3226.0000,3,1,1,4,2,2,3,3,1,1
SF,IH2012,2020-09-29 09:32:18.900,3224.6000,31446,0,355275180.000,0,-,-,-,-,3223.8000,3223.6000,3223.0000,3222.6000,3222.2000,3224.6000,3224.8000,3225.0000,3225.6000,3226.0000,1,2,1,1,4,3,3,3,1,1
SF,IH2012,2020-09-29 09:32:19.400,3224.6000,31446,0,355275180.000,0,-,-,-,-,3223.8000,3223.6000,3223.0000,3222.6000,3222.2000,3224.6000,3224.8000,3225.0000,3225.6000,3226.0000,1,2,1,1,4,2,3,3,1,1
SF,IH2012,2020-09-29 09:32:20.900,3224.6000,31445,-1,356242560.000,1,0,1,双平,S,3223.8000,3223.6000,3223.0000,3222.6000,3222.2000,3224.6000,3224.8000,3225.0000,3225.6000,3226.0000,1,2,1,1,4,1,3,3,1,1
SF,IH2012,2020-09-29 09:32:21.400,3224.6000,31445,0,356242560.000,0,-,-,-,-,3224.0000,3223.6000,3223.0000,3222.6000,3222.2000,3224.6000,3224.8000,3225.0000,3225.6000,3226.0000,2,1,1,1,4,1,2,4,1,1
SF,IH2012,2020-09-29 09:32:21.900,3224.6000,31445,0,356242560.000,0,-,-,-,-,3224.0000,3223.6000,3223.0000,3222.6000,3222.2000,3224.6000,3224.8000,3225.0000,3225.6000,3226.0000,1,1,1,1,4,1,2,4,1,1
SF,IH2012,2020-09-29 09:32:22.400,3224.6000,31445,0,356242560.000,0,-,-,-,-,3224.0000,3223.6000,3223.0000,3222.6000,3222.2000,3224.6000,3224.8000,3225.0000,3225.6000,3226.0000,1,1,1,1,4,1,2,5,1,1
SF,IH2012,2020-09-29 09:32:23.400,3224.6000,31444,-1,357209940.000,1,0,1,双平,S,3224.2000,3224.0000,3223.6000,3223.0000,3222.6000,3224.8000,3225.0000,3225.6000,3226.0000,3226.8000,1,1,1,1,1,1,5,1,1,1
SF,IH2012,2020-09-29 09:32:23.900,3224.6000,31444,0,357209940.000,0,-,-,-,-,3224.4000,3224.2000,3223.0000,3222.6000,3222.2000,3224.8000,3225.0000,3225.6000,3226.0000,3226.8000,1,1,1,1,4,1,5,1,2,1
SF,IH2012,2020-09-29 09:32:24.400,3224.4000,31442,-2,359144580.000,2,0,2,双平,S,3224.8000,3224.2000,3223.0000,3222.6000,3222.2000,3225.0000,3225.6000,3226.0000,3226.8000,3227.0000,1,1,1,1,4,4,1,2,1,2
SF,IH2012,2020-09-29 09:32:24.900,3224.4000,31442,0,359144580.000,0,-,-,-,-,3224.2000,3223.0000,3222.6000,3222.2000,3222.0000,3225.0000,3225.6000,3226.0000,3226.8000,3227.0000,1,1,1,3,2,4,1,2,1,2
SF,IH2012,2020-09-29 09:32:25.400,3225.0000,31441,-1,360112080.000,1,0,1,双平,S,3224.4000,3224.2000,3223.0000,3222.6000,3222.2000,3225.0000,3225.6000,3226.0000,3226.8000,3227.0000,1,3,1,2,3,4,1,2,1,2
SF,IH2012,2020-09-29 09:32:25.900,3225.0000,31441,0,360112080.000,0,-,-,-,-,3224.4000,3224.2000,3223.0000,3222.6000,3222.2000,3225.0000,3225.6000,3226.0000,3226.8000,3227.0000,2,1,1,2,3,4,1,2,1,2
SF,IH2012,2020-09-29 09:32:26.400,3225.0000,31441,0,360112080.000,0,-,-,-,-,3224.4000,3224.2000,3223.0000,3222.6000,3222.2000,3225.0000,3225.6000,3226.0000,3226.8000,3227.0000,2,1,1,2,3,4,1,2,1,2
SF,IH2012,2020-09-29 09:32:26.900,3224.4000,31440,-1,361079400.000,1,0,1,双平,S,3224.6000,3223.0000,3222.6000,3222.2000,3222.0000,3225.0000,3225.6000,3226.0000,3226.8000,3227.0000,1,1,2,3,1,4,1,2,1,2
SF,IH2012,2020-09-29 09:32:27.400,3224.6000,31440,0,362046780.000,1,0,1,多换,S,3223.0000,3222.6000,3222.2000,3222.0000,3221.8000,3224.6000,3225.0000,3225.6000,3226.0000,3226.8000,1,2,3,1,1,1,4,1,2,1
SF,IH2012,2020-09-29 09:32:27.900,3224.6000,31440,0,362046780.000,0,-,-,-,-,3223.8000,3223.4000,3223.2000,3223.0000,3222.6000,3224.6000,3224.8000,3225.0000,3225.6000,3226.0000,2,5,10,3,2,2,1,4,1,2
SF,IH2012,2020-09-29 09:32:28.400,3224.6000,31440,0,362046780.000,0,-,-,-,-,3223.2000,3223.0000,3222.6000,3222.2000,3222.0000,3224.4000,3224.6000,3224.8000,3225.0000,3225.6000,1,2,2,3,1,4,2,1,4,1
SF,IH2012,2020-09-29 09:32:28.900,3224.6000,31440,0,362046780.000,0,-,-,-,-,3223.0000,3222.6000,3222.2000,3222.0000,3221.8000,3224.2000,3224.4000,3224.6000,3224.8000,3225.0000,2,2,3,1,1,1,3,2,1,4
SF,IH2012,2020-09-29 09:32:29.400,3224.6000,31440,0,362046780.000,0,-,-,-,-,3223.0000,3222.6000,3222.2000,3222.0000,3221.8000,3224.0000,3224.4000,3224.6000,3224.8000,3225.0000,1,2,3,1,1,3,2,2,1,4
SF,IH2012,2020-09-29 09:32:29.900,3224.2000,31440,0,363014040.000,1,0,1,多换,S,3223.0000,3222.6000,3222.2000,3222.0000,3221.8000,3224.0000,3224.4000,3224.6000,3224.8000,3225.0000,1,2,3,1,1,3,2,2,1,4
SF,IH2012,2020-09-29 09:32:30.400,3224.2000,31440,0,363981300.000,1,0,1,多换,S,3223.0000,3222.6000,3222.2000,3222.0000,3221.8000,3224.0000,3224.4000,3224.6000,3224.8000,3225.0000,1,2,3,1,1,2,2,2,1,4
SF,IH2012,2020-09-29 09:32:30.900,3224.2000,31440,0,363981300.000,0,-,-,-,-,3222.6000,3222.2000,3222.0000,3221.8000,3221.6000,3223.8000,3224.0000,3224.4000,3224.6000,3224.8000,2,3,1,1,1,2,1,2,2,1
SF,IH2012,2020-09-29 09:32:31.400,3224.2000,31440,0,364948560.000,1,0,1,多换,S,3222.6000,3222.2000,3222.0000,3221.8000,3221.6000,3223.6000,3224.4000,3224.6000,3224.8000,3225.0000,2,3,1,1,1,2,2,2,1,4
SF,IH2012,2020-09-29 09:32:31.900,3224.2000,31440,0,364948560.000,0,-,-,-,-,3222.6000,3222.2000,3222.0000,3221.8000,3221.6000,3223.4000,3223.6000,3224.4000,3224.6000,3224.8000,2,3,1,1,1,1,1,2,2,1
SF,IH2012,2020-09-29 09:32:32.400,3224.2000,31440,0,364948560.000,0,-,-,-,-,3222.6000,3222.2000,3222.0000,3221.8000,3221.6000,3223.4000,3224.4000,3224.6000,3224.8000,3225.0000,1,3,1,1,1,1,2,2,1,4
SF,IH2012,2020-09-29 09:32:32.900,3224.2000,31440,0,364948560.000,0,-,-,-,-,3222.8000,3222.6000,3222.2000,3222.0000,3221.8000,3224.4000,3224.6000,3224.8000,3225.0000,3225.6000,1,3,3,1,1,2,2,1,4,1
SF,IH2012,2020-09-29 09:32:33.400,3224.2000,31440,0,364948560.000,0,-,-,-,-,3222.6000,3222.2000,3222.0000,3221.8000,3221.6000,3224.2000,3224.4000,3224.6000,3224.8000,3225.0000,2,3,1,1,1,5,2,1,1,5
SF,IH2012,2020-09-29 09:32:33.900,3224.2000,31440,0,364948560.000,0,-,-,-,-,3222.8000,3222.6000,3222.2000,3222.0000,3221.8000,3224.0000,3224.2000,3224.4000,3224.6000,3224.8000,1,2,3,1,1,3,2,2,1,1
SF,IH2012,2020-09-29 09:32:34.400,3224.2000,31440,0,364948560.000,0,-,-,-,-,3223.0000,3222.8000,3222.6000,3222.2000,3222.0000,3223.8000,3224.0000,3224.2000,3224.6000,3224.8000,1,1,2,3,1,2,2,1,1,1
SF,IH2012,2020-09-29 09:32:34.900,3224.2000,31440,0,364948560.000,0,-,-,-,-,3223.2000,3223.0000,3222.6000,3222.2000,3222.0000,3224.6000,3224.8000,3225.0000,3225.4000,3225.6000,2,2,1,3,1,1,1,5,1,1
SF,IH2012,2020-09-29 09:32:35.400,3224.2000,31440,0,364948560.000,0,-,-,-,-,3223.4000,3223.2000,3223.0000,3222.6000,3222.2000,3224.4000,3224.6000,3224.8000,3225.0000,3225.4000,1,2,2,1,3,2,1,1,5,1
SF,IH2012,2020-09-29 09:32:35.900,3224.2000,31440,0,364948560.000,0,-,-,-,-,3223.4000,3223.2000,3223.0000,3222.6000,3222.2000,3224.2000,3224.4000,3224.6000,3224.8000,3225.0000,1,1,1,1,3,1,1,1,1,5
SF,IH2012,2020-09-29 09:32:36.400,3223.4000,31439,-1,365915580.000,1,0,1,双平,S,3223.0000,3222.6000,3222.2000,3222.0000,3221.8000,3223.4000,3224.0000,3224.2000,3224.6000,3224.8000,1,1,3,1,1,2,2,1,1,1
SF,IH2012,2020-09-29 09:32:36.900,3223.4000,31439,0,365915580.000,0,-,-,-,-,3222.6000,3222.2000,3222.0000,3221.8000,3221.6000,3224.0000,3224.2000,3224.6000,3224.8000,3225.0000,1,3,1,1,1,2,1,1,1,5
SF,IH2012,2020-09-29 09:32:37.400,3223.4000,31439,0,366882600.000,1,0,1,多换,S,3222.8000,3222.6000,3222.2000,3222.0000,3221.8000,3223.8000,3224.0000,3224.2000,3224.6000,3224.8000,1,1,3,1,1,2,1,1,1,1
SF,IH2012,2020-09-29 09:32:37.900,3222.6000,31438,-1,368816220.000,2,0,2,多平,S,3222.2000,3222.0000,3221.8000,3221.6000,3221.2000,3222.8000,3223.6000,3223.8000,3224.2000,3224.6000,3,1,1,1,1,2,2,3,1,1
SF,IH2012,2020-09-29 09:32:38.400,3222.6000,31438,0,368816220.000,0,-,-,-,-,3222.2000,3222.0000,3221.8000,3221.6000,3221.2000,3222.8000,3223.6000,3223.8000,3224.2000,3224.6000,4,1,1,1,1,1,2,1,1,1
SF,IH2012,2020-09-29 09:32:38.900,3221.8000,31433,-5,374616000.000,6,0,6,多平,S,3221.6000,3221.2000,3221.0000,3220.8000,3220.6000,3222.2000,3222.6000,3222.8000,3223.6000,3223.8000,1,1,2,1,1,1,2,1,2,1
SF,IH2012,2020-09-29 09:32:39.400,3221.8000,31433,0,374616000.000,0,-,-,-,-,3221.8000,3221.6000,3221.2000,3221.0000,3220.8000,3222.6000,3222.8000,3223.6000,3223.8000,3224.2000,1,2,1,2,1,2,1,2,1,1
SF,IH2012,2020-09-29 09:32:39.900,3222.6000,31433,0,375582780.000,1,0,1,多换,S,3221.6000,3221.2000,3221.0000,3220.8000,3220.6000,3222.6000,3222.8000,3223.6000,3223.8000,3224.2000,2,1,2,1,1,1,1,2,1,1
SF,IH2012,2020-09-29 09:32:40.400,3221.8000,31432,-1,376549320.000,1,0,1,双平,S,3221.6000,3221.2000,3221.0000,3220.8000,3220.6000,3222.6000,3222.8000,3223.6000,3223.8000,3224.2000,2,1,2,1,1,1,1,2,1,1
SF,IH2012,2020-09-29 09:32:40.900,3221.8000,31432,0,376549320.000,0,-,-,-,-,3221.8000,3221.6000,3221.2000,3221.0000,3220.8000,3222.6000,3222.8000,3223.6000,3223.8000,3224.2000,1,1,1,2,1,1,1,2,1,1
SF,IH2012,2020-09-29 09:32:41.400,3221.8000,31432,0,376549320.000,0,-,-,-,-,3221.8000,3221.6000,3221.2000,3221.0000,3220.8000,3222.6000,3222.8000,3223.6000,3223.8000,3224.2000,1,1,1,2,1,1,1,2,1,1
SF,IH2012,2020-09-29 09:32:41.900,3222.6000,31430,-2,378482880.000,2,0,2,双平,S,3222.6000,3222.0000,3221.6000,3221.2000,3221.0000,3223.6000,3223.8000,3224.2000,3224.8000,3225.0000,1,2,1,1,2,2,1,1,1,5
SF,IH2012,2020-09-29 09:32:42.400,3222.6000,31430,0,378482880.000,0,-,-,-,-,3222.0000,3221.6000,3221.2000,3221.0000,3220.8000,3223.6000,3223.8000,3224.2000,3224.8000,3225.0000,2,1,1,2,1,2,1,1,1,5
SF,IH2012,2020-09-29 09:32:42.900,3222.6000,31430,0,378482880.000,0,-,-,-,-,3222.2000,3222.0000,3221.6000,3221.2000,3221.0000,3223.6000,3223.8000,3224.2000,3224.8000,3225.0000,1,2,1,1,2,2,1,1,1,5
SF,IH2012,2020-09-29 09:32:43.400,3222.6000,31430,0,378482880.000,0,-,-,-,-,3222.2000,3222.0000,3221.6000,3221.2000,3221.0000,3223.6000,3223.8000,3224.2000,3224.8000,3225.0000,2,2,1,1,2,2,1,1,1,5
SF,IH2012,2020-09-29 09:32:43.900,3223.6000,31429,-1,379449960.000,1,0,1,双平,S,3222.6000,3222.2000,3222.0000,3221.6000,3221.2000,3223.6000,3223.8000,3224.2000,3224.8000,3225.0000,1,2,2,1,1,1,1,1,1,5
SF,IH2012,2020-09-29 09:32:44.400,3223.6000,31429,0,379449960.000,0,-,-,-,-,3222.8000,3222.6000,3222.4000,3222.0000,3221.6000,3223.6000,3223.8000,3224.2000,3224.8000,3225.0000,1,1,1,1,1,1,1,1,1,5
SF,IH2012,2020-09-29 09:32:44.900,3223.6000,31429,0,379449960.000,0,-,-,-,-,3222.8000,3222.6000,3222.4000,3222.0000,3221.6000,3223.6000,3223.8000,3224.2000,3224.8000,3225.0000,1,1,1,1,1,1,1,1,1,5
SF,IH2012,2020-09-29 09:32:46.400,3222.8000,31428,-1,380416800.000,1,0,1,双平,S,3222.6000,3222.4000,3222.0000,3221.6000,3221.2000,3223.6000,3223.8000,3224.2000,3224.8000,3225.0000,1,1,1,1,1,1,1,1,1,5
SF,IH2012,2020-09-29 09:32:46.900,3222.8000,31428,0,380416800.000,0,-,-,-,-,3223.0000,3222.6000,3222.0000,3221.6000,3221.2000,3223.4000,3223.6000,3223.8000,3224.2000,3224.8000,1,1,1,1,1,2,1,1,1,1
SF,IH2012,2020-09-29 09:32:47.400,3223.0000,31428,0,381383700.000,1,0,1,多换,S,3222.6000,3222.0000,3221.6000,3221.2000,3221.0000,3223.0000,3223.4000,3223.6000,3223.8000,3224.2000,1,1,1,1,2,3,3,1,1,1
SF,IH2012,2020-09-29 09:32:47.900,3223.0000,31428,0,381383700.000,0,-,-,-,-,3222.6000,3222.0000,3221.6000,3221.2000,3221.0000,3223.0000,3223.4000,3223.6000,3223.8000,3224.2000,1,1,1,1,2,1,2,1,1,1
SF,IH2012,2020-09-29 09:32:48.900,3222.6000,31428,0,382350480.000,1,0,1,多换,S,3222.0000,3221.6000,3221.2000,3221.0000,3220.8000,3222.6000,3223.4000,3223.6000,3223.8000,3224.2000,1,1,1,2,1,1,2,1,1,1
SF,IH2012,2020-09-29 09:32:49.900,3222.6000,31428,0,382350480.000,0,-,-,-,-,3222.0000,3221.6000,3221.2000,3221.0000,3220.8000,3223.2000,3223.4000,3223.6000,3223.8000,3224.2000,1,1,1,2,1,1,2,1,1,1
SF,IH2012,2020-09-29 09:32:50.400,3222.6000,31428,0,382350480.000,0,-,-,-,-,3222.0000,3221.6000,3221.2000,3221.0000,3220.8000,3223.0000,3223.2000,3223.4000,3223.6000,3223.8000,1,1,1,2,1,2,1,1,1,1
SF,IH2012,2020-09-29 09:32:50.900,3222.6000,31428,0,382350480.000,0,-,-,-,-,3221.6000,3221.2000,3221.0000,3220.8000,3220.6000,3222.0000,3223.0000,3223.2000,3223.4000,3223.6000,1,1,2,1,1,1,2,1,1,1
SF,IH2012,2020-09-29 09:32:51.400,3222.0000,31427,-1,383317080.000,1,0,1,双平,S,3221.8000,3221.6000,3221.2000,3221.0000,3220.8000,3222.0000,3223.0000,3223.2000,3223.4000,3223.6000,1,1,1,2,1,1,1,1,1,1
SF,IH2012,2020-09-29 09:32:51.900,3222.0000,31426,-1,384283680.000,1,0,1,双平,S,3222.6000,3221.8000,3221.6000,3221.2000,3221.0000,3223.0000,3223.2000,3223.4000,3223.6000,3223.8000,1,1,1,1,2,1,1,1,1,1
SF,IH2012,2020-09-29 09:32:52.400,3222.6000,31426,0,385250460.000,1,0,1,多换,S,3222.2000,3221.8000,3221.6000,3221.2000,3221.0000,3223.0000,3223.2000,3223.4000,3223.6000,3223.8000,1,1,1,1,2,1,1,1,1,1
SF,IH2012,2020-09-29 09:32:52.900,3222.6000,31426,0,385250460.000,0,-,-,-,-,3222.2000,3221.8000,3221.6000,3221.2000,3221.0000,3222.8000,3223.0000,3223.2000,3223.4000,3223.8000,1,1,1,1,2,1,1,1,1,1
SF,IH2012,2020-09-29 09:32:53.400,3222.6000,31426,0,385250460.000,0,-,-,-,-,3221.8000,3221.6000,3221.2000,3221.0000,3220.8000,3222.8000,3223.2000,3223.4000,3223.8000,3224.2000,1,1,1,2,1,1,1,1,1,1
SF,IH2012,2020-09-29 09:32:53.900,3222.6000,31426,0,385250460.000,0,-,-,-,-,3222.2000,3222.0000,3221.8000,3221.6000,3221.2000,3223.2000,3223.4000,3223.8000,3224.2000,3224.8000,1,3,1,1,1,1,1,1,1,1
SF,IH2012,2020-09-29 09:32:54.400,3222.6000,31426,0,385250460.000,0,-,-,-,-,3222.0000,3221.8000,3221.6000,3221.2000,3221.0000,3223.0000,3223.2000,3223.4000,3223.8000,3224.2000,1,2,1,1,2,1,1,1,1,1
SF,IH2012,2020-09-29 09:32:54.900,3222.6000,31426,0,385250460.000,0,-,-,-,-,3222.0000,3221.8000,3221.6000,3221.2000,3221.0000,3223.0000,3223.2000,3223.4000,3223.8000,3224.2000,1,2,1,1,2,1,1,1,1,1
SF,IH2012,2020-09-29 09:32:55.400,3222.6000,31426,0,385250460.000,0,-,-,-,-,3222.0000,3221.8000,3221.6000,3221.2000,3221.0000,3222.2000,3223.0000,3223.2000,3223.4000,3223.8000,1,2,1,1,2,1,1,1,1,1
SF,IH2012,2020-09-29 09:32:55.900,3223.0000,31426,0,387184020.000,2,1,1,多换,S,3222.0000,3221.8000,3221.6000,3221.2000,3221.0000,3223.2000,3223.4000,3223.8000,3224.2000,3224.8000,1,2,1,1,2,1,1,1,1,1
SF,IH2012,2020-09-29 09:32:56.400,3223.0000,31426,0,387184020.000,0,-,-,-,-,3222.2000,3222.0000,3221.8000,3221.6000,3221.2000,3223.2000,3223.4000,3223.8000,3224.2000,3224.8000,1,1,1,1,1,1,1,1,1,1
SF,IH2012,2020-09-29 09:32:56.900,3223.0000,31426,0,387184020.000,0,-,-,-,-,3222.2000,3222.0000,3221.8000,3221.6000,3221.2000,3223.0000,3223.2000,3223.8000,3224.2000,3224.8000,1,1,1,1,1,1,1,1,1,1
SF,IH2012,2020-09-29 09:32:57.400,3223.2000,31424,-2,389117880.000,2,0,2,双平,S,3222.4000,3222.2000,3222.0000,3221.8000,3221.6000,3223.8000,3224.2000,3224.8000,3225.0000,3225.6000,1,1,1,1,1,1,1,1,5,1
SF,IH2012,2020-09-29 09:32:57.900,3223.2000,31424,0,389117880.000,0,-,-,-,-,3222.6000,3222.4000,3221.8000,3221.6000,3221.2000,3223.6000,3223.8000,3224.2000,3224.8000,3225.0000,2,1,1,1,1,1,2,1,1,5
SF,IH2012,2020-09-29 09:32:58.400,3223.2000,31424,0,389117880.000,0,-,-,-,-,3222.6000,3222.4000,3221.8000,3221.6000,3221.2000,3223.6000,3223.8000,3224.2000,3224.8000,3225.0000,2,1,1,1,1,2,1,1,1,5
SF,IH2012,2020-09-29 09:32:58.900,3223.2000,31424,0,389117880.000,0,-,-,-,-,3222.6000,3222.4000,3221.8000,3221.6000,3221.2000,3223.6000,3223.8000,3224.2000,3224.8000,3225.0000,1,1,1,1,1,2,1,1,1,5
SF,IH2012,2020-09-29 09:32:59.400,3223.2000,31424,0,389117880.000,0,-,-,-,-,3222.4000,3221.8000,3221.6000,3221.2000,3221.0000,3223.4000,3223.6000,3223.8000,3224.2000,3224.8000,1,1,1,1,2,1,1,1,1,1
SF,IH2012,2020-09-29 09:33:00.400,3223.2000,31424,0,389117880.000,0,-,-,-,-,3222.4000,3221.8000,3221.6000,3221.2000,3221.0000,3222.6000,3223.4000,3223.6000,3223.8000,3224.2000,1,1,1,1,2,2,1,1,1,1
SF,IH2012,2020-09-29 09:33:00.900,3223.2000,31424,0,389117880.000,0,-,-,-,-,3221.8000,3221.6000,3221.2000,3221.0000,3220.8000,3222.6000,3223.4000,3223.6000,3223.8000,3224.2000,1,1,1,2,1,2,1,1,1,1
SF,IH2012,2020-09-29 09:33:01.400,3222.6000,31422,-2,391051440.000,2,0,2,双平,S,3222.0000,3221.8000,3221.6000,3221.2000,3221.0000,3223.0000,3223.4000,3223.6000,3223.8000,3224.2000,1,1,1,1,1,1,1,1,1,1
SF,IH2012,2020-09-29 09:33:01.900,3222.6000,31422,0,391051440.000,0,-,-,-,-,3221.8000,3221.6000,3221.2000,3221.0000,3220.8000,3222.8000,3223.0000,3223.2000,3223.6000,3223.8000,1,1,1,1,1,1,1,1,1,1
SF,IH2012,2020-09-29 09:33:02.400,3222.6000,31422,0,391051440.000,0,-,-,-,-,3222.2000,3222.0000,3221.8000,3221.6000,3221.2000,3223.0000,3223.2000,3223.6000,3223.8000,3224.2000,1,1,2,1,1,1,1,1,1,1
SF,IH2012,2020-09-29 09:33:02.900,3222.6000,31422,0,391051440.000,0,-,-,-,-,3222.2000,3222.0000,3221.8000,3221.6000,3221.2000,3223.0000,3223.2000,3223.6000,3223.8000,3224.2000,2,2,1,1,1,2,1,1,1,1
SF,IH2012,2020-09-29 09:33:03.400,3222.6000,31422,0,391051440.000,0,-,-,-,-,3222.4000,3222.2000,3221.8000,3221.6000,3221.2000,3223.0000,3223.2000,3223.6000,3223.8000,3224.2000,2,3,1,1,1,2,2,1,1,1
SF,IH2012,2020-09-29 09:33:03.900,3222.4000,31421,-1,392018160.000,1,0,1,双平,S,3222.2000,3221.8000,3221.6000,3221.2000,3221.0000,3223.0000,3223.2000,3223.6000,3223.8000,3224.2000,2,1,1,1,1,2,2,1,1,1
SF,IH2012,2020-09-29 09:33:04.400,3222.2000,31419,-2,393951480.000,2,0,2,双平,S,3221.8000,3221.6000,3221.2000,3221.0000,3220.8000,3223.0000,3223.2000,3223.6000,3223.8000,3224.2000,1,1,1,1,1,2,2,1,1,1
SF,IH2012,2020-09-29 09:33:04.900,3222.2000,31419,0,393951480.000,0,-,-,-,-,3222.6000,3222.0000,3221.8000,3221.6000,3221.2000,3223.0000,3223.2000,3223.6000,3223.8000,3224.2000,1,4,1,1,1,3,3,1,1,1
SF,IH2012,2020-09-29 09:33:05.400,3222.2000,31419,0,393951480.000,0,-,-,-,-,3222.6000,3222.0000,3221.8000,3221.6000,3221.2000,3223.0000,3223.2000,3223.6000,3223.8000,3224.2000,1,2,1,1,1,2,3,1,1,1
SF,IH2012,2020-09-29 09:33:05.900,3222.2000,31419,0,393951480.000,0,-,-,-,-,3222.6000,3222.0000,3221.8000,3221.6000,3221.2000,3223.0000,3223.2000,3223.6000,3223.8000,3224.2000,2,2,1,1,1,2,4,1,1,1
SF,IH2012,2020-09-29 09:33:06.900,3222.2000,31418,-1,394918140.000,1,0,1,双平,S,3222.6000,3222.0000,3221.8000,3221.6000,3221.2000,3223.0000,3223.2000,3223.6000,3223.8000,3224.2000,1,2,1,1,1,2,4,1,1,1
SF,IH2012,2020-09-29 09:33:08.400,3222.2000,31418,0,394918140.000,0,-,-,-,-,3222.6000,3222.0000,3221.8000,3221.6000,3221.2000,3223.0000,3223.2000,3223.6000,3223.8000,3224.2000,1,2,1,1,1,2,4,1,1,1
SF,IH2012,2020-09-29 09:33:08.900,3222.6000,31417,-1,395884920.000,1,0,1,双平,S,3222.0000,3221.8000,3221.6000,3221.2000,3221.0000,3223.0000,3223.2000,3223.6000,3223.8000,3224.2000,2,1,1,1,1,2,4,1,1,1
SF,IH2012,2020-09-29 09:33:09.400,3222.6000,31417,0,395884920.000,0,-,-,-,-,3222.0000,3221.8000,3221.6000,3221.2000,3221.0000,3223.0000,3223.2000,3223.6000,3223.8000,3224.2000,2,1,1,1,1,2,4,1,1,1
SF,IH2012,2020-09-29 09:33:09.900,3222.6000,31417,0,395884920.000,0,-,-,-,-,3222.2000,3222.0000,3221.8000,3221.6000,3221.2000,3223.0000,3223.2000,3223.6000,3223.8000,3224.2000,2,1,1,1,1,2,4,1,1,1
SF,IH2012,2020-09-29 09:33:10.400,3222.6000,31417,0,395884920.000,0,-,-,-,-,3222.2000,3222.0000,3221.6000,3221.2000,3221.0000,3223.0000,3223.2000,3223.6000,3223.8000,3224.2000,3,1,1,1,2,2,4,1,1,1
SF,IH2012,2020-09-29 09:33:10.900,3222.6000,31417,0,395884920.000,0,-,-,-,-,3222.2000,3222.0000,3221.6000,3221.2000,3221.0000,3223.0000,3223.2000,3223.6000,3223.8000,3224.2000,3,1,1,1,2,2,4,1,1,1
SF,IH2012,2020-09-29 09:33:11.400,3222.2000,31415,-2,397818240.000,2,0,2,双平,S,3222.0000,3221.6000,3221.2000,3221.0000,3220.8000,3223.0000,3223.2000,3223.6000,3223.8000,3224.2000,1,1,1,2,1,2,4,1,1,1
SF,IH2012,2020-09-29 09:33:11.900,3222.2000,31414,-1,398784900.000,1,0,1,双平,S,3222.0000,3221.6000,3221.2000,3221.0000,3220.8000,3223.0000,3223.2000,3223.6000,3223.8000,3224.2000,2,1,1,2,1,3,4,1,1,1
SF,IH2012,2020-09-29 09:33:12.400,3223.0000,31413,-1,399751800.000,1,0,1,双平,S,3222.2000,3222.0000,3221.6000,3221.2000,3221.0000,3223.0000,3223.2000,3223.6000,3223.8000,3224.2000,1,2,1,1,2,1,4,1,1,1
SF,IH2012,2020-09-29 09:33:12.900,3223.0000,31413,0,399751800.000,0,-,-,-,-,3222.2000,3222.0000,3221.6000,3221.2000,3221.0000,3223.0000,3223.2000,3223.6000,3223.8000,3224.8000,2,2,1,1,2,1,4,1,1,1
SF,IH2012,2020-09-29 09:33:13.900,3223.0000,31412,-1,400718700.000,1,0,1,双平,S,3222.2000,3222.0000,3221.6000,3221.2000,3221.0000,3223.2000,3223.6000,3223.8000,3224.8000,3225.0000,2,2,1,1,2,4,1,1,1,3
SF,IH2012,2020-09-29 09:33:14.400,3223.2000,31411,-1,401685660.000,1,0,1,双平,S,3222.6000,3222.4000,3222.2000,3222.0000,3221.6000,3223.2000,3223.6000,3223.8000,3224.8000,3225.0000,1,5,2,1,1,3,1,1,1,3
SF,IH2012,2020-09-29 09:33:14.900,3223.8000,31409,-2,405553680.000,4,1,3,多平,S,3223.4000,3223.2000,3222.8000,3222.6000,3222.4000,3224.8000,3225.0000,3225.6000,3225.8000,3226.0000,2,4,2,1,10,1,3,1,1,1
SF,IH2012,2020-09-29 09:33:15.400,3224.6000,31407,-2,408455820.000,3,0,3,多平,S,3223.6000,3223.4000,3223.2000,3223.0000,3222.8000,3224.8000,3225.0000,3225.6000,3225.8000,3226.0000,1,2,1,5,2,1,3,1,1,1
SF,IH2012,2020-09-29 09:33:15.900,3224.6000,31407,0,408455820.000,0,-,-,-,-,3223.8000,3223.6000,3223.2000,3223.0000,3222.8000,3224.6000,3224.8000,3225.0000,3225.6000,3225.8000,1,1,1,5,2,2,1,3,1,1
SF,IH2012,2020-09-29 09:33:16.400,3224.6000,31407,0,408455820.000,0,-,-,-,-,3224.0000,3223.6000,3223.2000,3223.0000,3222.8000,3224.4000,3224.6000,3224.8000,3225.0000,3225.6000,1,1,1,5,2,1,2,1,3,1
SF,IH2012,2020-09-29 09:33:16.900,3224.6000,31407,0,408455820.000,0,-,-,-,-,3223.6000,3223.2000,3223.0000,3222.8000,3222.4000,3224.4000,3224.6000,3224.8000,3225.0000,3225.6000,1,1,5,2,2,1,1,1,3,1
SF,IH2012,2020-09-29 09:33:17.400,3224.6000,31407,0,408455820.000,0,-,-,-,-,3223.8000,3223.6000,3223.2000,3223.0000,3222.8000,3224.4000,3224.6000,3224.8000,3225.0000,3225.6000,2,2,1,4,2,1,1,1,3,1
SF,IH2012,2020-09-29 09:33:17.900,3224.6000,31407,0,408455820.000,0,-,-,-,-,3224.0000,3223.8000,3223.6000,3223.2000,3223.0000,3224.4000,3224.6000,3224.8000,3225.0000,3225.6000,1,1,1,1,4,1,1,1,3,1
SF,IH2012,2020-09-29 09:33:18.400,3224.6000,31407,0,408455820.000,0,-,-,-,-,3223.6000,3223.2000,3223.0000,3222.8000,3222.2000,3224.0000,3224.4000,3224.6000,3224.8000,3225.0000,1,1,4,2,1,1,1,1,1,3
SF,IH2012,2020-09-29 09:33:18.900,3224.6000,31407,0,408455820.000,0,-,-,-,-,3224.0000,3223.6000,3223.2000,3223.0000,3222.8000,3224.4000,3224.6000,3224.8000,3225.0000,3225.6000,1,1,1,4,2,1,1,1,3,1
SF,IH2012,2020-09-29 09:33:19.400,3224.6000,31406,-1,409423200.000,1,0,1,双平,S,3223.6000,3223.2000,3222.2000,3222.0000,3221.2000,3224.6000,3224.8000,3225.0000,3225.6000,3225.8000,1,1,1,1,1,1,1,3,1,1
SF,IH2012,2020-09-29 09:33:19.900,3224.6000,31406,0,409423200.000,0,-,-,-,-,3223.8000,3223.6000,3223.2000,3222.2000,3222.0000,3224.0000,3224.6000,3224.8000,3225.0000,3225.6000,1,2,1,1,1,1,1,1,3,1
SF,IH2012,2020-09-29 09:33:20.400,3224.8000,31404,-2,412325220.000,3,0,3,多平,S,3224.0000,3223.6000,3223.2000,3222.2000,3222.0000,3225.0000,3225.6000,3225.8000,3226.0000,3226.8000,1,2,1,1,1,3,1,1,1,2
SF,IH2012,2020-09-29 09:33:20.900,3224.8000,31404,0,412325220.000,0,-,-,-,-,3224.2000,3223.6000,3223.2000,3222.2000,3222.0000,3225.0000,3225.6000,3225.8000,3226.0000,3226.8000,1,1,1,1,1,4,1,1,1,2
SF,IH2012,2020-09-29 09:33:21.400,3224.8000,31404,0,412325220.000,0,-,-,-,-,3224.2000,3223.6000,3223.2000,3222.2000,3222.0000,3225.0000,3225.6000,3225.8000,3226.0000,3226.8000,1,1,1,2,1,4,1,1,1,2
SF,IH2012,2020-09-29 09:33:21.900,3224.8000,31404,0,412325220.000,0,-,-,-,-,3224.2000,3223.6000,3223.2000,3222.2000,3222.0000,3224.8000,3225.0000,3225.6000,3225.8000,3226.0000,1,1,1,2,1,1,3,1,1,1
SF,IH2012,2020-09-29 09:33:22.400,3225.0000,31403,-1,413292720.000,1,0,1,双平,S,3224.4000,3224.2000,3223.6000,3223.2000,3222.2000,3225.0000,3225.6000,3225.8000,3226.0000,3226.8000,1,2,1,1,2,2,1,1,1,2
SF,IH2012,2020-09-29 09:33:22.900,3225.0000,31403,0,413292720.000,0,-,-,-,-,3224.4000,3224.2000,3223.6000,3223.2000,3222.2000,3225.0000,3225.6000,3225.8000,3226.0000,3226.8000,1,1,1,1,1,3,1,1,1,2
SF,IH2012,2020-09-29 09:33:23.400,3224.2000,31402,-1,415227300.000,2,0,2,多平,S,3223.6000,3223.2000,3222.2000,3221.2000,3221.0000,3224.4000,3225.0000,3225.6000,3225.8000,3226.0000,1,1,1,1,2,2,3,1,1,1
SF,IH2012,2020-09-29 09:33:23.900,3224.2000,31402,0,415227300.000,0,-,-,-,-,3223.8000,3223.6000,3223.2000,3222.2000,3221.2000,3225.0000,3225.6000,3225.8000,3226.0000,3226.8000,1,1,1,1,1,3,1,1,1,2
SF,IH2012,2020-09-29 09:33:24.400,3224.2000,31402,0,415227300.000,0,-,-,-,-,3224.0000,3223.6000,3223.2000,3222.2000,3221.2000,3224.8000,3225.0000,3225.6000,3225.8000,3226.0000,1,1,1,1,1,1,3,1,1,1
SF,IH2012,2020-09-29 09:33:24.900,3224.0000,31401,-1,416194500.000,1,0,1,双平,S,3223.2000,3222.2000,3221.2000,3221.0000,3220.8000,3224.0000,3224.8000,3225.0000,3225.6000,3225.8000,1,1,1,2,1,2,2,3,1,1
SF,IH2012,2020-09-29 09:33:25.400,3224.0000,31401,0,416194500.000,0,-,-,-,-,3222.2000,3221.2000,3221.0000,3220.8000,3220.6000,3223.8000,3224.0000,3224.8000,3225.0000,3225.6000,1,1,2,1,1,1,2,1,2,1
SF,IH2012,2020-09-29 09:33:25.900,3224.0000,31401,0,416194500.000,0,-,-,-,-,3222.4000,3222.2000,3221.2000,3221.0000,3220.8000,3223.6000,3223.8000,3224.0000,3225.0000,3225.6000,4,1,1,2,1,1,1,1,2,1
SF,IH2012,2020-09-29 09:33:26.400,3224.0000,31401,0,416194500.000,0,-,-,-,-,3222.8000,3222.6000,3222.4000,3222.2000,3221.2000,3223.8000,3224.0000,3225.0000,3225.6000,3225.8000,1,2,4,1,1,1,1,2,1,1
SF,IH2012,2020-09-29 09:33:26.900,3224.0000,31401,0,416194500.000,0,-,-,-,-,3222.6000,3222.4000,3222.2000,3221.2000,3221.0000,3223.4000,3223.6000,3223.8000,3224.0000,3225.0000,1,2,1,1,2,1,1,1,1,2
SF,IH2012,2020-09-29 09:33:27.400,3224.0000,31401,0,416194500.000,0,-,-,-,-,3222.6000,3222.4000,3222.2000,3221.2000,3221.0000,3223.4000,3223.6000,3223.8000,3224.0000,3225.0000,1,2,1,1,2,1,1,1,1,2
SF,IH2012,2020-09-29 09:33:27.900,3224.0000,31401,0,416194500.000,0,-,-,-,-,3222.8000,3222.6000,3222.4000,3222.2000,3221.2000,3223.6000,3223.8000,3224.0000,3225.0000,3225.6000,1,1,1,1,1,1,1,1,2,1
SF,IH2012,2020-09-29 09:33:28.400,3224.0000,31401,0,416194500.000,0,-,-,-,-,3222.6000,3222.4000,3222.2000,3221.2000,3221.0000,3223.6000,3224.0000,3225.0000,3225.6000,3226.0000,1,1,1,1,2,2,1,2,1,1
SF,IH2012,2020-09-29 09:33:28.900,3224.0000,31401,0,416194500.000,0,-,-,-,-,3222.4000,3222.2000,3221.2000,3221.0000,3220.6000,3223.4000,3224.0000,3225.0000,3225.2000,3225.6000,1,1,1,2,1,1,1,2,1,1
SF,IH2012,2020-09-29 09:33:29.400,3223.6000,31401,0,417161580.000,1,0,1,多换,S,3222.2000,3221.2000,3221.0000,3220.6000,3220.4000,3223.4000,3225.0000,3225.2000,3225.6000,3226.0000,1,1,2,1,1,1,2,1,1,1
SF,IH2012,2020-09-29 09:33:29.900,3222.2000,31401,0,418128240.000,1,0,1,多换,S,3221.2000,3221.0000,3220.6000,3220.4000,3220.0000,3223.2000,3224.8000,3225.0000,3225.2000,3225.6000,1,2,1,1,5,3,1,2,1,1
SF,IH2012,2020-09-29 09:33:30.400,3222.2000,31401,0,418128240.000,0,-,-,-,-,3221.4000,3221.2000,3221.0000,3220.6000,3220.4000,3223.0000,3223.2000,3224.8000,3225.0000,3225.2000,2,1,2,1,1,3,1,1,2,1
SF,IH2012,2020-09-29 09:33:30.900,3222.2000,31401,0,418128240.000,0,-,-,-,-,3221.6000,3221.4000,3221.2000,3221.0000,3220.6000,3222.8000,3223.0000,3224.8000,3225.0000,3225.2000,1,1,1,2,1,2,1,1,2,1
SF,IH2012,2020-09-29 09:33:31.400,3222.2000,31401,0,418128240.000,0,-,-,-,-,3221.8000,3221.6000,3221.2000,3221.0000,3220.6000,3222.8000,3223.0000,3224.8000,3225.0000,3225.2000,1,1,1,2,1,2,1,1,2,1
SF,IH2012,2020-09-29 09:33:31.900,3222.2000,31401,0,418128240.000,0,-,-,-,-,3222.0000,3221.8000,3221.2000,3221.0000,3220.6000,3224.8000,3225.0000,3225.2000,3225.6000,3226.0000,2,2,1,2,1,1,2,1,1,1
SF,IH2012,2020-09-29 09:33:32.400,3222.2000,31401,0,418128240.000,0,-,-,-,-,3222.2000,3222.0000,3221.2000,3221.0000,3220.6000,3224.2000,3224.6000,3224.8000,3225.0000,3225.2000,1,2,1,2,1,2,6,1,2,1
SF,IH2012,2020-09-29 09:33:32.900,3222.2000,31401,0,418128240.000,0,-,-,-,-,3222.4000,3222.2000,3221.2000,3221.0000,3220.6000,3224.0000,3224.2000,3224.6000,3224.8000,3225.0000,3,2,1,2,1,4,2,1,1,2
SF,IH2012,2020-09-29 09:33:33.400,3223.8000,31400,-1,419095380.000,1,0,1,双平,S,3222.4000,3222.2000,3221.2000,3221.0000,3220.6000,3223.8000,3224.0000,3224.2000,3224.6000,3224.8000,2,1,1,2,1,3,3,1,1,1
SF,IH2012,2020-09-29 09:33:33.900,3223.8000,31400,0,419095380.000,0,-,-,-,-,3222.4000,3222.2000,3221.2000,3221.0000,3220.6000,3223.6000,3223.8000,3224.0000,3224.2000,3224.6000,1,1,1,2,1,2,2,1,1,1
SF,IH2012,2020-09-29 09:33:34.400,3222.4000,31399,-1,420062100.000,1,0,1,双平,S,3222.2000,3221.2000,3221.0000,3220.6000,3220.4000,3223.4000,3223.6000,3223.8000,3224.0000,3224.2000,1,1,2,1,1,2,2,2,1,1
SF,IH2012,2020-09-29 09:33:34.900,3222.4000,31399,0,420062100.000,0,-,-,-,-,3221.2000,3221.0000,3220.6000,3220.4000,3220.0000,3223.2000,3223.4000,3223.8000,3224.0000,3224.2000,1,2,1,1,5,4,1,1,1,1
SF,IH2012,2020-09-29 09:33:35.400,3222.4000,31399,0,420062100.000,0,-,-,-,-,3221.4000,3221.2000,3221.0000,3220.6000,3220.4000,3223.0000,3223.2000,3223.4000,3223.8000,3224.2000,3,1,2,1,1,2,2,1,1,1
SF,IH2012,2020-09-29 09:33:35.900,3222.4000,31399,0,420062100.000,0,-,-,-,-,3222.2000,3222.0000,3221.6000,3221.4000,3221.2000,3223.0000,3223.2000,3223.4000,3223.8000,3224.2000,1,1,4,1,1,1,1,1,1,1
SF,IH2012,2020-09-29 09:33:36.400,3222.4000,31399,0,420062100.000,0,-,-,-,-,3222.4000,3222.2000,3222.0000,3221.6000,3221.2000,3223.2000,3224.2000,3224.6000,3224.8000,3225.0000,1,1,1,2,1,1,1,1,1,2
SF,IH2012,2020-09-29 09:33:36.900,3222.4000,31399,0,420062100.000,0,-,-,-,-,3222.4000,3222.2000,3222.0000,3221.6000,3221.2000,3223.0000,3223.2000,3224.2000,3224.6000,3224.8000,1,1,1,2,1,2,1,1,1,1
SF,IH2012,2020-09-29 09:33:37.400,3223.2000,31399,0,421029060.000,1,0,1,多换,S,3222.4000,3222.2000,3222.0000,3221.6000,3221.2000,3224.2000,3224.6000,3224.8000,3225.0000,3225.2000,2,1,1,2,1,1,1,1,2,1
SF,IH2012,2020-09-29 09:33:37.900,3223.2000,31399,0,421029060.000,0,-,-,-,-,3222.6000,3222.4000,3222.2000,3222.0000,3221.6000,3223.8000,3224.0000,3224.2000,3224.6000,3224.8000,1,2,1,1,1,1,7,1,1,1
SF,IH2012,2020-09-29 09:33:38.400,3223.2000,31399,0,421029060.000,0,-,-,-,-,3222.4000,3222.2000,3222.0000,3221.6000,3221.2000,3223.0000,3223.2000,3223.4000,3223.6000,3223.8000,2,1,1,1,1,1,1,1,3,3
SF,IH2012,2020-09-29 09:33:38.900,3223.2000,31399,0,421029060.000,0,-,-,-,-,3223.0000,3222.6000,3222.4000,3222.2000,3222.0000,3223.6000,3224.0000,3224.2000,3224.6000,3224.8000,1,2,2,1,1,2,3,1,1,1
SF,IH2012,2020-09-29 09:33:39.400,3223.4000,31398,-1,422963100.000,2,0,2,多平,S,3222.6000,3222.4000,3222.2000,3222.0000,3221.2000,3223.6000,3224.0000,3224.2000,3224.6000,3224.8000,2,2,1,1,1,2,2,1,1,1
SF,IH2012,2020-09-29 09:33:39.900,3223.4000,31398,0,422963100.000,0,-,-,-,-,3222.8000,3222.6000,3222.4000,3222.2000,3222.0000,3224.0000,3224.2000,3224.6000,3224.8000,3225.0000,2,2,1,1,1,2,1,1,1,2
SF,IH2012,2020-09-29 09:33:40.400,3223.4000,31398,0,422963100.000,0,-,-,-,-,3223.0000,3222.8000,3222.6000,3222.4000,3222.2000,3223.8000,3224.0000,3224.2000,3224.6000,3224.8000,1,2,1,1,1,2,3,1,1,1
SF,IH2012,2020-09-29 09:33:40.900,3223.4000,31398,0,422963100.000,0,-,-,-,-,3223.2000,3223.0000,3222.8000,3222.6000,3222.4000,3223.8000,3224.0000,3224.8000,3225.0000,3225.2000,1,1,1,1,1,1,3,1,2,1
SF,IH2012,2020-09-29 09:33:41.400,3223.4000,31398,0,422963100.000,0,-,-,-,-,3223.2000,3223.0000,3222.8000,3222.6000,3222.4000,3224.0000,3224.8000,3225.0000,3225.2000,3225.6000,1,1,1,1,1,2,1,2,1,1
SF,IH2012,2020-09-29 09:33:41.900,3223.4000,31398,0,422963100.000,0,-,-,-,-,3223.2000,3223.0000,3222.4000,3222.2000,3222.0000,3224.0000,3224.2000,3224.8000,3225.0000,3225.2000,2,1,1,1,1,2,1,1,3,2
SF,IH2012,2020-09-29 09:33:42.400,3223.8000,31398,0,423930240.000,1,0,1,多换,S,3223.2000,3223.0000,3222.4000,3222.2000,3222.0000,3223.8000,3224.0000,3224.2000,3224.8000,3225.0000,2,1,1,1,1,1,2,1,1,3
SF,IH2012,2020-09-29 09:33:42.900,3223.8000,31398,0,423930240.000,0,-,-,-,-,3223.2000,3223.0000,3222.4000,3222.2000,3222.0000,3223.8000,3224.0000,3224.2000,3224.8000,3225.0000,2,1,1,1,1,1,2,1,1,3
SF,IH2012,2020-09-29 09:33:43.400,3223.2000,31396,-2,425864160.000,2,0,2,双平,S,3222.4000,3222.2000,3222.0000,3221.2000,3221.0000,3223.2000,3223.8000,3224.0000,3224.2000,3224.8000,1,1,1,1,2,3,1,2,1,1
SF,IH2012,2020-09-29 09:33:43.900,3223.2000,31396,0,425864160.000,0,-,-,-,-,3222.6000,3222.4000,3222.2000,3222.0000,3221.2000,3224.0000,3224.2000,3224.8000,3225.0000,3225.2000,1,1,1,1,1,2,1,1,3,2
SF,IH2012,2020-09-29 09:33:44.400,3223.2000,31396,0,425864160.000,0,-,-,-,-,3222.4000,3222.2000,3222.0000,3221.2000,3221.0000,3223.8000,3224.0000,3224.2000,3224.8000,3225.0000,1,1,1,1,2,4,2,1,1,3
SF,IH2012,2020-09-29 09:33:44.900,3223.2000,31396,0,425864160.000,0,-,-,-,-,3222.6000,3222.4000,3222.2000,3222.0000,3221.2000,3223.6000,3223.8000,3224.0000,3224.2000,3224.8000,1,2,1,1,1,2,4,2,1,1
SF,IH2012,2020-09-29 09:33:45.400,3223.2000,31396,0,425864160.000,0,-,-,-,-,3222.6000,3222.4000,3222.2000,3222.0000,3221.2000,3223.6000,3223.8000,3224.0000,3224.2000,3224.8000,2,2,1,1,1,1,3,2,1,1
SF,IH2012,2020-09-29 09:33:45.900,3223.2000,31396,0,425864160.000,0,-,-,-,-,3222.6000,3222.4000,3222.2000,3222.0000,3221.2000,3223.6000,3223.8000,3224.0000,3224.2000,3224.8000,2,2,1,1,1,1,3,2,1,1
SF,IH2012,2020-09-29 09:33:46.400,3223.2000,31396,0,425864160.000,0,-,-,-,-,3222.8000,3222.6000,3222.4000,3222.2000,3222.0000,3223.8000,3224.0000,3224.2000,3224.8000,3225.0000,1,2,1,1,1,3,2,1,1,3
SF,IH2012,2020-09-29 09:33:46.900,3223.0000,31395,-1,427798200.000,2,0,2,多平,S,3222.8000,3222.6000,3222.4000,3222.2000,3222.0000,3224.0000,3224.8000,3225.0000,3225.2000,3226.0000,1,1,1,1,1,2,1,3,2,1
SF,IH2012,2020-09-29 09:33:47.400,3223.0000,31395,0,427798200.000,0,-,-,-,-,3223.0000,3222.8000,3222.4000,3222.2000,3222.0000,3223.8000,3224.0000,3224.8000,3225.0000,3225.2000,1,1,1,1,1,1,3,1,3,2
SF,IH2012,2020-09-29 09:33:47.900,3223.0000,31395,0,427798200.000,0,-,-,-,-,3223.0000,3222.8000,3222.4000,3222.2000,3222.0000,3223.6000,3223.8000,3224.0000,3224.8000,3225.0000,2,1,1,1,1,1,2,3,1,3
SF,IH2012,2020-09-29 09:33:48.400,3223.0000,31395,0,427798200.000,0,-,-,-,-,3223.0000,3222.8000,3222.4000,3222.2000,3222.0000,3223.6000,3223.8000,3224.0000,3224.8000,3225.0000,2,1,1,2,1,1,1,3,1,2
SF,IH2012,2020-09-29 09:33:48.900,3223.0000,31395,0,427798200.000,0,-,-,-,-,3223.0000,3222.8000,3222.4000,3222.2000,3222.0000,3223.6000,3223.8000,3224.0000,3224.2000,3224.8000,2,1,1,2,1,1,1,3,1,1
SF,IH2012,2020-09-29 09:33:49.400,3223.0000,31395,0,427798200.000,0,-,-,-,-,3223.0000,3222.8000,3222.4000,3222.2000,3222.0000,3223.6000,3223.8000,3224.0000,3224.2000,3224.8000,2,1,1,2,1,1,1,3,1,1
SF,IH2012,2020-09-29 09:33:49.900,3223.6000,31394,-1,428765280.000,1,0,1,双平,S,3223.0000,3222.4000,3222.2000,3222.0000,3221.2000,3224.0000,3224.2000,3224.8000,3225.0000,3225.2000,3,1,2,6,1,3,1,1,2,2
SF,IH2012,2020-09-29 09:33:50.400,3223.6000,31394,0,428765280.000,0,-,-,-,-,3223.0000,3222.4000,3222.2000,3222.0000,3221.2000,3224.0000,3224.2000,3224.8000,3225.0000,3225.2000,3,1,2,6,1,4,1,1,2,2
SF,IH2012,2020-09-29 09:33:51.400,3223.6000,31394,0,428765280.000,0,-,-,-,-,3223.0000,3222.4000,3222.2000,3222.0000,3221.2000,3224.0000,3224.2000,3224.8000,3225.0000,3225.2000,3,1,2,6,1,4,1,1,2,2
SF,IH2012,2020-09-29 09:33:51.900,3223.6000,31394,0,428765280.000,0,-,-,-,-,3223.2000,3223.0000,3222.4000,3222.2000,3222.0000,3224.0000,3224.2000,3224.8000,3225.0000,3225.2000,1,2,1,2,6,3,1,1,2,2
SF,IH2012,2020-09-29 09:33:52.400,3224.0000,31394,0,429732480.000,1,0,1,多换,S,3223.4000,3223.2000,3223.0000,3222.4000,3222.2000,3224.0000,3224.2000,3224.8000,3225.0000,3225.2000,1,2,1,1,2,1,1,1,2,2
SF,IH2012,2020-09-29 09:33:52.900,3224.0000,31394,0,429732480.000,0,-,-,-,-,3223.4000,3223.2000,3223.0000,3222.4000,3222.2000,3224.0000,3224.2000,3224.8000,3225.0000,3225.2000,1,2,1,1,2,3,1,1,2,2
SF,IH2012,2020-09-29 09:33:53.400,3223.4000,31393,-1,430699500.000,1,0,1,双平,S,3223.2000,3223.0000,3222.4000,3222.2000,3222.0000,3223.8000,3224.0000,3224.2000,3224.8000,3225.0000,1,1,1,2,6,1,2,1,1,2
SF,IH2012,2020-09-29 09:33:53.900,3223.2000,31393,0,431666460.000,1,0,1,多换,S,3222.4000,3222.2000,3222.0000,3221.2000,3221.0000,3223.6000,3223.8000,3224.0000,3224.2000,3224.8000,1,2,6,1,2,1,1,2,1,1
SF,IH2012,2020-09-29 09:33:54.400,3223.2000,31393,0,431666460.000,0,-,-,-,-,3222.6000,3222.4000,3222.2000,3222.0000,3221.2000,3223.4000,3223.6000,3224.0000,3224.2000,3224.8000,2,1,2,6,1,1,1,2,1,1
SF,IH2012,2020-09-29 09:33:54.900,3223.2000,31393,0,431666460.000,0,-,-,-,-,3222.6000,3222.4000,3222.2000,3222.0000,3221.2000,3224.0000,3224.2000,3224.8000,3225.0000,3225.2000,2,1,2,6,1,2,1,1,2,2
SF,IH2012,2020-09-29 09:33:55.400,3223.2000,31393,0,431666460.000,0,-,-,-,-,3223.6000,3222.8000,3222.6000,3222.4000,3222.2000,3223.8000,3224.0000,3224.2000,3224.8000,3225.0000,1,3,1,1,2,1,3,1,1,2
SF,IH2012,2020-09-29 09:33:55.900,3223.6000,31393,0,432633540.000,1,0,1,多换,S,3222.8000,3222.4000,3222.2000,3222.0000,3221.2000,3223.6000,3223.8000,3224.0000,3224.2000,3224.8000,2,1,2,6,1,2,1,2,1,1
SF,IH2012,2020-09-29 09:33:56.400,3223.6000,31393,0,432633540.000,0,-,-,-,-,3222.8000,3222.4000,3222.2000,3222.0000,3221.2000,3223.6000,3223.8000,3224.0000,3224.2000,3224.8000,2,1,2,6,1,2,1,2,1,1
SF,IH2012,2020-09-29 09:33:56.900,3223.6000,31393,0,432633540.000,0,-,-,-,-,3222.8000,3222.4000,3222.2000,3222.0000,3221.2000,3223.6000,3223.8000,3224.0000,3224.2000,3224.8000,1,1,3,5,1,2,1,2,1,1
SF,IH2012,2020-09-29 09:33:57.400,3223.6000,31392,-1,433600620.000,1,0,1,双平,S,3222.8000,3222.4000,3222.2000,3222.0000,3221.2000,3223.8000,3224.0000,3224.2000,3224.8000,3225.0000,1,1,3,5,1,1,2,1,1,2
SF,IH2012,2020-09-29 09:33:57.900,3223.6000,31392,0,433600620.000,0,-,-,-,-,3222.8000,3222.4000,3222.2000,3222.0000,3221.2000,3223.8000,3224.0000,3224.2000,3224.8000,3225.0000,1,1,3,5,1,1,1,1,1,2
SF,IH2012,2020-09-29 09:33:58.400,3223.6000,31392,0,433600620.000,0,-,-,-,-,3222.8000,3222.4000,3222.2000,3222.0000,3221.2000,3223.6000,3223.8000,3224.0000,3224.2000,3224.8000,2,1,3,5,1,1,2,1,1,2
SF,IH2012,2020-09-29 09:33:58.900,3222.8000,31391,-1,434567460.000,1,0,1,双平,S,3222.4000,3222.2000,3222.0000,3221.2000,3221.0000,3223.4000,3223.6000,3223.8000,3224.0000,3224.2000,1,3,5,1,2,2,1,2,1,1
SF,IH2012,2020-09-29 09:33:59.400,3222.8000,31391,0,434567460.000,0,-,-,-,-,3222.4000,3222.2000,3222.0000,3221.2000,3221.0000,3223.2000,3223.4000,3223.6000,3223.8000,3224.0000,1,3,5,1,2,4,1,1,1,1
SF,IH2012,2020-09-29 09:33:59.900,3222.8000,31391,0,434567460.000,0,-,-,-,-,3222.4000,3222.2000,3222.0000,3221.2000,3221.0000,3223.0000,3223.2000,3223.4000,3223.6000,3223.8000,1,3,5,1,2,1,2,1,1,1
SF,IH2012,2020-09-29 09:34:00.400,3223.0000,31390,-1,435534360.000,1,0,1,双平,S,3222.4000,3222.2000,3222.0000,3221.2000,3221.0000,3222.8000,3223.2000,3223.4000,3223.8000,3224.0000,1,3,5,1,2,1,1,1,1,1
SF,IH2012,2020-09-29 09:34:00.900,3223.0000,31389,-1,436501260.000,1,0,1,双平,S,3222.4000,3222.2000,3222.0000,3221.2000,3221.0000,3223.8000,3224.0000,3224.2000,3224.8000,3225.0000,1,3,5,1,2,1,1,1,1,2
SF,IH2012,2020-09-29 09:34:01.400,3223.0000,31389,0,436501260.000,0,-,-,-,-,3222.4000,3222.2000,3222.0000,3221.2000,3221.0000,3223.6000,3223.8000,3224.0000,3224.2000,3224.8000,2,3,5,1,2,2,1,1,1,1
SF,IH2012,2020-09-29 09:34:01.900,3223.0000,31389,0,436501260.000,0,-,-,-,-,3222.4000,3222.2000,3222.0000,3221.2000,3221.0000,3223.4000,3223.6000,3223.8000,3224.0000,3224.2000,1,3,5,1,2,1,4,1,1,1
SF,IH2012,2020-09-29 09:34:02.400,3222.4000,31389,0,437467980.000,1,0,1,多换,S,3222.2000,3222.0000,3221.2000,3221.0000,3220.6000,3223.2000,3223.4000,3223.8000,3224.0000,3224.2000,3,5,1,2,1,2,1,1,1,1
SF,IH2012,2020-09-29 09:34:02.900,3222.4000,31389,0,437467980.000,0,-,-,-,-,3222.2000,3222.0000,3221.2000,3221.0000,3220.6000,3223.2000,3223.4000,3223.8000,3224.0000,3224.2000,3,5,1,2,1,5,1,1,1,1
SF,IH2012,2020-09-29 09:34:03.400,3222.4000,31389,0,437467980.000,0,-,-,-,-,3222.2000,3222.0000,3221.2000,3221.0000,3220.6000,3222.4000,3223.0000,3223.2000,3224.0000,3224.2000,3,5,1,2,1,1,1,5,1,1
SF,IH2012,2020-09-29 09:34:03.900,3223.0000,31385,-4,441335040.000,4,0,4,双平,S,3222.4000,3222.2000,3222.0000,3221.2000,3221.0000,3223.2000,3224.0000,3224.2000,3224.8000,3225.0000,1,3,5,1,2,5,1,1,1,2
SF,IH2012,2020-09-29 09:34:04.400,3223.0000,31385,0,441335040.000,0,-,-,-,-,3222.2000,3222.0000,3221.2000,3221.0000,3220.6000,3223.2000,3224.0000,3224.2000,3224.8000,3225.0000,3,5,1,2,1,5,1,1,1,2
SF,IH2012,2020-09-29 09:34:04.900,3223.0000,31385,0,441335040.000,0,-,-,-,-,3222.2000,3222.0000,3221.2000,3221.0000,3220.6000,3222.4000,3223.2000,3224.0000,3224.2000,3224.8000,4,5,1,2,1,1,4,1,1,1
SF,IH2012,2020-09-29 09:34:05.400,3222.4000,31384,-1,442301760.000,1,0,1,双平,S,3222.2000,3222.0000,3221.2000,3221.0000,3220.6000,3223.2000,3224.0000,3224.2000,3224.8000,3225.0000,4,5,1,2,1,4,1,1,1,2
SF,IH2012,2020-09-29 09:34:05.900,3222.2000,31383,-1,443268420.000,1,0,1,双平,S,3222.2000,3222.0000,3221.2000,3221.0000,3220.6000,3223.0000,3223.2000,3224.0000,3224.2000,3224.8000,2,5,1,2,1,2,4,1,1,1
SF,IH2012,2020-09-29 09:34:06.400,3222.2000,31383,0,443268420.000,0,-,-,-,-,3222.2000,3222.0000,3221.2000,3221.0000,3220.6000,3222.8000,3223.0000,3223.2000,3224.0000,3224.2000,2,5,1,2,1,1,1,3,1,1
SF,IH2012,2020-09-29 09:34:07.400,3222.2000,31383,0,443268420.000,0,-,-,-,-,3222.2000,3222.0000,3221.2000,3221.0000,3220.6000,3222.8000,3223.0000,3223.2000,3224.0000,3224.2000,2,5,1,2,1,1,1,3,1,1
SF,IH2012,2020-09-29 09:34:07.900,3222.2000,31383,0,443268420.000,0,-,-,-,-,3222.2000,3222.0000,3221.2000,3221.0000,3220.6000,3222.8000,3224.0000,3224.2000,3224.8000,3225.0000,2,5,1,2,1,2,1,1,1,2
SF,IH2012,2020-09-29 09:34:08.400,3222.2000,31383,0,445201740.000,2,1,1,多换,S,3222.0000,3221.2000,3221.0000,3220.6000,3220.4000,3222.8000,3224.0000,3224.2000,3224.8000,3225.0000,5,1,2,1,1,5,1,1,1,2
SF,IH2012,2020-09-29 09:34:08.900,3222.0000,31381,-2,447134940.000,2,0,2,双平,S,3222.0000,3221.2000,3221.0000,3220.6000,3220.4000,3222.6000,3222.8000,3224.0000,3224.2000,3224.8000,3,1,2,1,1,5,4,1,1,1
SF,IH2012,2020-09-29 09:34:09.400,3222.0000,31378,-3,450034740.000,3,0,3,双平,S,3221.2000,3221.0000,3220.6000,3220.4000,3220.0000,3222.4000,3222.6000,3222.8000,3224.0000,3224.2000,1,2,1,1,4,2,4,3,1,1
SF,IH2012,2020-09-29 09:34:09.900,3222.0000,31378,0,450034740.000,0,-,-,-,-,3221.4000,3221.2000,3221.0000,3220.6000,3220.4000,3222.4000,3222.8000,3224.0000,3224.2000,3224.8000,2,1,2,1,1,2,3,1,1,1
SF,IH2012,2020-09-29 09:34:10.400,3222.0000,31378,0,450034740.000,0,-,-,-,-,3221.2000,3221.0000,3220.6000,3220.4000,3220.0000,3222.2000,3222.4000,3222.6000,3222.8000,3224.0000,1,2,1,1,4,1,2,1,3,1
SF,IH2012,2020-09-29 09:34:10.900,3222.0000,31378,0,450034740.000,0,-,-,-,-,3221.2000,3221.0000,3220.6000,3220.4000,3220.0000,3222.0000,3222.2000,3222.6000,3222.8000,3223.0000,1,2,1,1,4,2,1,1,3,1
SF,IH2012,2020-09-29 09:34:11.400,3222.0000,31378,0,450034740.000,0,-,-,-,-,3221.2000,3221.0000,3220.6000,3220.4000,3220.0000,3222.0000,3222.6000,3222.8000,3223.0000,3224.0000,1,2,1,1,4,3,1,3,1,1
SF,IH2012,2020-09-29 09:34:12.400,3222.0000,31378,0,450034740.000,0,-,-,-,-,3221.2000,3221.0000,3220.6000,3220.4000,3220.0000,3222.0000,3222.6000,3222.8000,3223.0000,3224.0000,1,2,1,1,4,2,1,3,1,1
SF,IH2012,2020-09-29 09:34:12.900,3221.2000,31377,-1,451001100.000,1,0,1,双平,S,3221.0000,3220.6000,3220.4000,3220.0000,3219.2000,3222.0000,3222.6000,3222.8000,3223.0000,3224.0000,2,1,1,3,1,2,1,3,1,1
SF,IH2012,2020-09-29 09:34:13.400,3221.2000,31377,0,451001100.000,0,-,-,-,-,3221.0000,3220.6000,3220.4000,3220.0000,3219.2000,3221.6000,3221.8000,3222.0000,3222.6000,3223.0000,2,1,1,3,1,1,1,2,1,1
SF,IH2012,2020-09-29 09:34:13.900,3221.2000,31377,0,451001100.000,0,-,-,-,-,3221.0000,3220.6000,3220.4000,3220.0000,3219.2000,3221.6000,3221.8000,3222.0000,3222.6000,3223.0000,2,1,1,3,1,3,1,2,1,1
SF,IH2012,2020-09-29 09:34:14.400,3221.6000,31376,-1,453900180.000,3,1,2,多平,S,3220.6000,3220.4000,3220.0000,3219.2000,3218.8000,3221.6000,3221.8000,3222.0000,3222.6000,3223.0000,1,1,3,1,1,2,1,2,1,1
SF,IH2012,2020-09-29 09:34:14.900,3221.6000,31375,-1,454866660.000,1,0,1,双平,S,3220.6000,3220.4000,3220.0000,3219.2000,3218.8000,3221.4000,3221.6000,3221.8000,3222.6000,3223.0000,1,1,3,1,1,1,2,1,1,1
SF,IH2012,2020-09-29 09:34:15.400,3221.6000,31375,0,455833140.000,1,0,1,多换,S,3220.6000,3220.4000,3220.0000,3219.2000,3218.8000,3221.6000,3222.6000,3223.0000,3224.0000,3224.2000,1,1,3,1,1,2,1,1,1,1
SF,IH2012,2020-09-29 09:34:15.900,3221.6000,31375,0,455833140.000,0,-,-,-,-,3220.8000,3220.6000,3220.4000,3220.0000,3219.2000,3221.6000,3222.6000,3223.0000,3224.0000,3224.2000,1,1,1,3,1,2,1,1,1,1
SF,IH2012,2020-09-29 09:34:16.400,3221.6000,31375,0,455833140.000,0,-,-,-,-,3221.0000,3220.8000,3220.6000,3220.4000,3220.0000,3221.6000,3222.6000,3223.0000,3224.0000,3224.2000,1,1,1,1,3,2,1,1,1,1
SF,IH2012,2020-09-29 09:34:16.900,3221.0000,31373,-2,457765800.000,2,0,2,双平,S,3220.6000,3220.4000,3220.0000,3219.2000,3218.8000,3221.6000,3222.6000,3223.0000,3224.0000,3224.2000,1,1,3,1,1,2,1,1,1,1
SF,IH2012,2020-09-29 09:34:17.400,3221.0000,31373,0,457765800.000,0,-,-,-,-,3220.8000,3220.6000,3220.4000,3220.0000,3219.2000,3221.6000,3222.6000,3223.0000,3224.0000,3224.2000,1,1,1,3,1,2,1,1,1,1
SF,IH2012,2020-09-29 09:34:17.900,3221.6000,31371,-2,459698760.000,2,0,2,双平,S,3221.0000,3220.8000,3220.6000,3220.4000,3220.0000,3222.6000,3223.0000,3224.0000,3224.2000,3224.8000,3,2,1,1,3,1,1,1,1,1
SF,IH2012,2020-09-29 09:34:18.400,3221.6000,31371,0,459698760.000,0,-,-,-,-,3221.2000,3221.0000,3220.8000,3220.6000,3220.4000,3222.4000,3222.6000,3223.0000,3224.0000,3224.2000,1,3,2,1,1,2,1,1,1,1
SF,IH2012,2020-09-29 09:34:18.900,3221.6000,31371,0,459698760.000,0,-,-,-,-,3221.6000,3221.4000,3221.2000,3221.0000,3220.8000,3222.4000,3222.6000,3223.0000,3224.0000,3224.2000,2,2,2,1,1,2,1,1,1,1
SF,IH2012,2020-09-29 09:34:19.400,3222.4000,31370,-1,460665480.000,1,0,1,双平,S,3221.6000,3221.4000,3220.8000,3220.6000,3220.4000,3222.4000,3222.6000,3223.0000,3224.0000,3224.2000,3,2,1,1,1,4,1,1,1,1
SF,IH2012,2020-09-29 09:34:19.900,3221.6000,31370,0,461631960.000,1,0,1,多换,S,3221.6000,3221.4000,3220.8000,3220.6000,3220.4000,3222.4000,3222.6000,3223.0000,3224.0000,3224.2000,2,2,1,1,1,3,1,1,1,1
SF,IH2012,2020-09-29 09:34:20.400,3221.6000,31370,0,461631960.000,0,-,-,-,-,3221.6000,3221.4000,3221.2000,3220.8000,3220.6000,3222.4000,3222.6000,3223.0000,3224.0000,3224.8000,1,2,1,1,1,3,1,1,1,1
SF,IH2012,2020-09-29 09:34:20.900,3221.6000,31370,0,461631960.000,0,-,-,-,-,3221.6000,3221.4000,3221.2000,3220.8000,3220.6000,3222.4000,3222.6000,3223.0000,3224.0000,3224.8000,1,2,1,1,1,4,1,1,1,1
SF,IH2012,2020-09-29 09:34:21.400,3221.6000,31370,0,461631960.000,0,-,-,-,-,3221.6000,3221.4000,3221.2000,3220.8000,3220.6000,3221.8000,3222.4000,3222.6000,3223.0000,3224.0000,1,2,1,1,1,1,4,1,1,1
SF,IH2012,2020-09-29 09:34:21.900,3221.6000,31370,0,462598440.000,1,0,1,多换,S,3221.4000,3221.2000,3220.8000,3220.6000,3220.4000,3221.8000,3222.4000,3222.6000,3223.0000,3224.0000,1,1,1,1,1,2,4,1,1,1
SF,IH2012,2020-09-29 09:34:22.400,3221.6000,31370,0,462598440.000,0,-,-,-,-,3221.4000,3221.2000,3220.8000,3220.6000,3220.4000,3221.8000,3222.4000,3222.6000,3223.0000,3224.0000,1,1,1,1,1,1,4,1,1,1
SF,IH2012,2020-09-29 09:34:22.900,3221.6000,31370,0,462598440.000,0,-,-,-,-,3221.4000,3221.2000,3220.8000,3220.6000,3220.4000,3221.8000,3222.4000,3222.6000,3223.0000,3223.8000,1,1,1,1,1,1,4,1,1,1
SF,IH2012,2020-09-29 09:34:23.400,3221.6000,31370,0,462598440.000,0,-,-,-,-,3221.6000,3221.4000,3221.2000,3220.8000,3220.6000,3221.8000,3222.4000,3222.6000,3223.0000,3223.8000,2,1,1,1,1,1,4,1,1,1
SF,IH2012,2020-09-29 09:34:23.900,3221.8000,31370,0,463564980.000,1,0,1,多换,S,3221.8000,3221.6000,3221.4000,3221.2000,3220.6000,3222.4000,3222.6000,3223.0000,3223.8000,3224.0000,1,2,1,1,1,4,1,1,1,1
SF,IH2012,2020-09-29 09:34:24.900,3222.4000,31370,0,465498240.000,2,1,1,多换,S,3221.6000,3221.4000,3221.2000,3220.6000,3220.4000,3222.6000,3223.0000,3223.8000,3224.0000,3224.8000,2,1,1,1,1,1,1,1,1,1
