市场代码,合约代码,时间,最新,持仓,增仓,成交额,成交量,开仓,平仓,成交类型,方向,买一价,买二价,买三价,买四价,买五价,卖一价,卖二价,卖三价,卖四价,卖五价,买一量,买二量,买三量,买四量,买五量,卖一量,卖二量,卖三量,卖四量,卖五量
SF,IH2006,2020-04-03 09:29:00.200,2655.0000,17457,0,9558000.000,12.000,-,-,-,-,2655.0000,2654.8000,2654.2000,2654.0000,2653.0000,2657.0000,2657.2000,2658.0000,2659.8000,2661.0000,1,1,1,2,3,2,4,1,1,1
SF,IH2006,2020-04-03 09:30:00.200,2654.4000,17452,-5,19913280.000,13,4,9,多平,S,2654.0000,2653.0000,2652.8000,2651.2000,2650.6000,2654.8000,2655.0000,2656.8000,2657.2000,2658.0000,2,3,1,2,1,1,1,4,4,1
SF,IH2006,2020-04-03 09:30:00.700,2657.0000,17450,-2,30273180.000,13,5,8,多平,S,2657.0000,2655.4000,2655.2000,2655.0000,2654.8000,2657.2000,2658.0000,2659.8000,2661.0000,2661.2000,7,1,1,3,2,3,1,2,1,5
SF,IH2006,2020-04-03 09:30:01.200,2657.0000,17447,-3,35055960.000,6,1,5,多平,S,2657.2000,2657.0000,2655.4000,2655.2000,2655.0000,2658.0000,2659.8000,2661.0000,2661.2000,2668.0000,1,7,3,1,9,1,2,1,5,1
SF,IH2006,2020-04-03 09:30:01.700,2657.0000,17447,0,35853060.000,1,0,1,多换,S,2657.4000,2657.2000,2657.0000,2655.4000,2655.2000,2658.0000,2659.8000,2661.0000,2661.2000,2667.6000,4,4,5,3,1,1,2,1,5,5
SF,IH2006,2020-04-03 09:30:02.200,2657.4000,17444,-3,40637040.000,6,1,5,多平,S,2657.4000,2657.2000,2657.0000,2655.4000,2655.2000,2659.8000,2661.0000,2661.2000,2667.6000,2668.0000,2,4,5,3,1,2,1,5,5,1
SF,IH2006,2020-04-03 09:30:02.700,2657.4000,17444,0,40637040.000,0,-,-,-,-,2657.6000,2657.4000,2657.2000,2657.0000,2655.4000,2659.6000,2659.8000,2660.0000,2660.6000,2661.0000,3,4,2,5,3,4,2,1,4,1
SF,IH2006,2020-04-03 09:30:03.200,2657.4000,17441,-3,43028700.000,3,0,3,双平,S,2657.6000,2657.4000,2657.2000,2657.0000,2655.4000,2659.4000,2659.6000,2659.8000,2660.0000,2660.6000,2,1,2,5,3,2,4,3,1,4
SF,IH2006,2020-04-03 09:30:03.700,2657.4000,17438,-3,45420480.000,3,0,3,双平,S,2657.2000,2657.0000,2655.4000,2655.2000,2655.0000,2659.2000,2659.4000,2659.8000,2660.6000,2661.0000,2,5,3,1,9,6,2,3,4,1
SF,IH2006,2020-04-03 09:30:04.200,2657.2000,17437,-1,47014800.000,2,0,2,多平,S,2657.4000,2657.0000,2655.4000,2655.2000,2655.0000,2657.6000,2659.0000,2659.2000,2659.8000,2660.6000,1,5,3,1,9,1,2,6,3,4
SF,IH2006,2020-04-03 09:30:04.700,2657.0000,17433,-4,51797700.000,6,1,5,多平,S,2658.2000,2657.4000,2657.2000,2657.0000,2656.6000,2659.0000,2659.2000,2659.8000,2661.0000,2667.6000,2,1,1,1,1,2,6,2,1,5
SF,IH2006,2020-04-03 09:30:05.200,2658.6000,17432,-1,52595280.000,1,0,1,双平,S,2657.4000,2657.2000,2657.0000,2656.6000,2655.4000,2658.2000,2658.8000,2659.0000,2659.2000,2659.8000,1,1,1,1,4,1,3,1,2,2
SF,IH2006,2020-04-03 09:30:05.700,2657.2000,17431,-1,54987240.000,3,1,2,多平,S,2657.0000,2656.6000,2655.4000,2655.2000,2655.0000,2658.0000,2658.2000,2658.8000,2659.0000,2659.2000,1,1,4,1,9,1,1,3,1,1
SF,IH2006,2020-04-03 09:30:06.200,2657.8000,17431,0,55784580.000,1,0,1,多换,S,2657.0000,2656.6000,2655.4000,2655.2000,2655.0000,2658.0000,2658.2000,2659.0000,2659.8000,2661.0000,1,1,1,1,7,5,1,1,2,1
SF,IH2006,2020-04-03 09:30:06.700,2656.6000,17430,-1,58176000.000,3,1,2,多平,S,2655.4000,2655.2000,2655.0000,2654.8000,2654.6000,2656.4000,2658.0000,2658.2000,2659.0000,2659.8000,1,1,7,2,1,4,5,1,1,2
SF,IH2006,2020-04-03 09:30:07.200,2656.8000,17425,-5,62958120.000,6,0,6,多平,S,2656.8000,2656.2000,2656.0000,2655.8000,2655.6000,2658.2000,2659.0000,2659.8000,2661.0000,2663.0000,1,2,2,8,3,1,1,2,1,1
SF,IH2006,2020-04-03 09:30:07.700,2656.8000,17425,0,62958120.000,0,-,-,-,-,2657.0000,2656.8000,2656.4000,2656.2000,2656.0000,2658.0000,2658.2000,2659.0000,2659.8000,2661.0000,1,3,1,1,2,2,1,1,2,1
SF,IH2006,2020-04-03 09:30:08.200,2658.0000,17425,0,63755520.000,1,0,1,多换,S,2657.2000,2657.0000,2656.8000,2655.6000,2655.4000,2658.0000,2658.2000,2659.0000,2659.8000,2661.0000,1,1,1,1,2,1,1,1,2,1
SF,IH2006,2020-04-03 09:30:08.700,2658.0000,17423,-2,66147180.000,3,0,3,多平,S,2656.8000,2655.6000,2655.4000,2655.2000,2655.0000,2657.2000,2658.2000,2659.0000,2659.8000,2661.0000,1,1,2,1,7,1,1,1,2,1
SF,IH2006,2020-04-03 09:30:09.200,2656.6000,17420,-3,70132500.000,5,1,4,多平,S,2655.6000,2655.4000,2655.2000,2655.0000,2654.8000,2656.2000,2657.8000,2658.2000,2659.0000,2659.8000,1,1,1,7,2,1,4,1,1,2
SF,IH2006,2020-04-03 09:30:09.700,2656.2000,17419,-1,70929360.000,1,0,1,双平,S,2657.2000,2655.8000,2655.6000,2655.4000,2655.2000,2657.8000,2658.2000,2659.0000,2659.8000,2661.0000,1,2,2,3,1,4,1,1,2,1
SF,IH2006,2020-04-03 09:30:10.200,2657.2000,17418,-1,71726520.000,1,0,1,双平,S,2655.4000,2655.2000,2655.0000,2654.8000,2654.6000,2655.6000,2655.8000,2656.4000,2656.6000,2657.6000,3,1,7,2,1,1,1,2,2,1
SF,IH2006,2020-04-03 09:30:10.700,2655.2000,17417,-1,73319700.000,2,0,2,多平,S,2655.0000,2654.8000,2654.6000,2654.4000,2654.0000,2655.8000,2656.4000,2656.6000,2657.6000,2659.0000,7,2,1,1,2,1,2,2,4,1
SF,IH2006,2020-04-03 09:30:11.200,2655.4000,17414,-3,75709680.000,3,0,3,双平,S,2655.4000,2655.2000,2655.0000,2654.8000,2654.6000,2655.6000,2655.8000,2656.4000,2656.6000,2657.6000,4,5,9,2,1,1,1,2,2,4
SF,IH2006,2020-04-03 09:30:11.700,2655.2000,17406,-8,82082400.000,8,0,8,双平,S,2655.0000,2654.8000,2654.6000,2654.4000,2654.0000,2655.2000,2655.8000,2656.4000,2656.6000,2657.6000,9,2,1,1,2,1,1,2,2,4
SF,IH2006,2020-04-03 09:30:12.200,2655.0000,17400,-6,87657960.000,7,0,7,多平,S,2655.0000,2654.8000,2654.6000,2654.4000,2654.0000,2655.8000,2656.4000,2656.6000,2657.2000,2657.6000,1,2,1,1,2,1,2,2,1,4
SF,IH2006,2020-04-03 09:30:12.700,2655.0000,17400,0,88454460.000,1,0,1,多换,S,2654.8000,2654.0000,2653.0000,2652.8000,2651.2000,2655.6000,2655.8000,2656.4000,2656.6000,2657.2000,2,1,3,1,2,2,1,2,2,1
SF,IH2006,2020-04-03 09:30:13.200,2655.0000,17400,0,88454460.000,0,-,-,-,-,2654.8000,2654.0000,2653.0000,2652.8000,2651.2000,2655.6000,2655.8000,2656.4000,2656.6000,2657.2000,2,1,3,1,2,2,1,2,2,1
SF,IH2006,2020-04-03 09:30:13.700,2655.4000,17397,-3,91640400.000,4,0,4,多平,S,2654.0000,2653.0000,2652.8000,2651.2000,2651.0000,2654.2000,2655.4000,2655.6000,2655.8000,2656.4000,1,3,1,2,3,5,4,2,1,2
SF,IH2006,2020-04-03 09:30:14.200,2654.2000,17392,-5,95621700.000,5,0,5,双平,S,2655.0000,2654.0000,2653.0000,2652.8000,2652.0000,2655.4000,2655.6000,2655.8000,2656.4000,2657.2000,1,1,3,1,1,4,2,1,2,1
SF,IH2006,2020-04-03 09:30:14.700,2654.2000,17391,-1,96417960.000,1,0,1,双平,S,2654.2000,2654.0000,2653.0000,2652.8000,2652.0000,2654.8000,2655.0000,2655.2000,2655.4000,2655.6000,1,1,3,1,1,1,3,2,5,1
SF,IH2006,2020-04-03 09:30:15.200,2654.0000,17390,-1,98010420.000,2,0,2,多平,S,2653.0000,2652.8000,2652.0000,2651.2000,2651.0000,2655.0000,2655.4000,2655.6000,2655.8000,2656.4000,4,1,1,2,3,3,2,1,1,2
SF,IH2006,2020-04-03 09:30:15.700,2654.0000,17390,0,98010420.000,0,-,-,-,-,2654.6000,2653.6000,2653.2000,2653.0000,2652.8000,2654.8000,2655.0000,2655.8000,2656.4000,2657.2000,1,1,11,5,1,5,3,1,2,1
SF,IH2006,2020-04-03 09:30:16.200,2653.2000,17383,-7,104379660.000,8,0,8,多平,S,2653.2000,2653.0000,2652.8000,2652.0000,2651.2000,2655.8000,2656.4000,2657.2000,2657.4000,2659.0000,8,6,1,1,2,1,2,1,1,1
SF,IH2006,2020-04-03 09:30:16.700,2653.2000,17384,1,108359460.000,5,3,2,空开,S,2653.2000,2653.0000,2652.8000,2652.0000,2651.2000,2655.4000,2655.6000,2655.8000,2657.2000,2657.4000,3,5,1,1,2,1,7,3,1,1
SF,IH2006,2020-04-03 09:30:17.200,2653.2000,17384,0,109155420.000,1,0,1,多换,S,2653.2000,2653.0000,2652.8000,2652.0000,2651.2000,2655.2000,2655.4000,2655.6000,2655.8000,2656.2000,2,5,1,1,2,8,1,1,3,1
SF,IH2006,2020-04-03 09:30:17.700,2653.2000,17384,0,109155420.000,0,-,-,-,-,2653.2000,2653.0000,2652.8000,2652.0000,2651.2000,2655.0000,2655.2000,2655.4000,2655.6000,2655.8000,1,5,1,1,2,1,8,1,1,3
SF,IH2006,2020-04-03 09:30:18.200,2653.0000,17380,-4,113930880.000,6,1,5,多平,S,2653.0000,2652.8000,2652.0000,2651.2000,2651.0000,2654.8000,2655.2000,2655.4000,2655.6000,2655.8000,1,1,1,2,3,8,2,1,1,3
SF,IH2006,2020-04-03 09:30:18.700,2653.0000,17379,-1,114726780.000,1,0,1,双平,S,2653.0000,2652.8000,2652.0000,2651.2000,2651.0000,2653.2000,2654.6000,2654.8000,2655.2000,2655.4000,2,1,1,2,3,1,1,8,1,1
SF,IH2006,2020-04-03 09:30:19.200,2653.0000,17379,0,114726780.000,0,-,-,-,-,2653.0000,2652.8000,2652.0000,2651.2000,2651.0000,2653.2000,2654.6000,2654.8000,2655.4000,2655.6000,2,1,1,2,3,1,3,7,2,1
SF,IH2006,2020-04-03 09:30:19.700,2653.2000,17376,-3,117910440.000,4,0,4,多平,S,2652.8000,2652.0000,2651.2000,2651.0000,2650.6000,2654.6000,2654.8000,2655.4000,2655.6000,2655.8000,1,1,2,3,1,3,7,2,1,2
SF,IH2006,2020-04-03 09:30:20.200,2652.8000,17375,-1,120298620.000,3,1,2,多平,S,2652.0000,2651.2000,2651.0000,2650.6000,2650.4000,2652.2000,2654.4000,2654.6000,2654.8000,2655.4000,1,2,3,1,1,3,10,3,1,2
SF,IH2006,2020-04-03 09:30:20.700,2654.4000,17370,-5,124278240.000,5,0,5,双平,S,2652.6000,2652.2000,2652.0000,2651.2000,2651.0000,2653.0000,2654.4000,2654.6000,2655.4000,2655.6000,2,4,8,2,3,1,6,3,2,1
SF,IH2006,2020-04-03 09:30:21.200,2653.0000,17369,-1,125074140.000,1,0,1,双平,S,2653.0000,2652.8000,2652.6000,2652.2000,2652.0000,2654.4000,2654.6000,2655.4000,2655.6000,2656.2000,2,1,2,3,7,6,3,2,1,1
SF,IH2006,2020-04-03 09:30:21.700,2653.0000,17369,0,125870040.000,1,0,1,多换,S,2653.0000,2652.8000,2652.6000,2652.2000,2652.0000,2654.2000,2654.4000,2655.4000,2655.6000,2656.2000,1,1,2,2,7,2,2,2,1,1
SF,IH2006,2020-04-03 09:30:22.200,2654.2000,17367,-2,127462500.000,2,0,2,双平,S,2653.0000,2652.8000,2652.6000,2652.2000,2652.0000,2654.2000,2654.4000,2655.4000,2655.6000,2656.2000,1,1,2,2,7,2,1,2,1,1
SF,IH2006,2020-04-03 09:30:22.700,2654.2000,17367,0,127462500.000,0,-,-,-,-,2653.2000,2653.0000,2652.8000,2652.6000,2652.2000,2654.0000,2654.2000,2654.4000,2655.4000,2655.6000,1,1,1,2,2,1,2,1,2,1
SF,IH2006,2020-04-03 09:30:23.200,2653.2000,17367,0,128258460.000,1,0,1,多换,S,2653.0000,2652.8000,2652.6000,2652.2000,2652.0000,2654.0000,2654.2000,2655.4000,2655.6000,2656.2000,1,1,2,2,7,1,1,2,1,2
SF,IH2006,2020-04-03 09:30:23.700,2653.2000,17367,0,128258460.000,0,-,-,-,-,2653.0000,2652.8000,2652.6000,2652.2000,2652.0000,2653.8000,2654.0000,2655.4000,2655.6000,2656.2000,1,2,2,2,7,1,1,2,1,2
SF,IH2006,2020-04-03 09:30:24.200,2652.6000,17362,-5,133033440.000,6,0,6,多平,S,2652.2000,2652.0000,2651.2000,2651.0000,2650.6000,2653.8000,2654.0000,2655.4000,2655.6000,2656.2000,2,7,3,3,1,1,1,2,1,2
SF,IH2006,2020-04-03 09:30:24.700,2652.6000,17362,0,133033440.000,0,-,-,-,-,2652.4000,2652.2000,2652.0000,2651.2000,2651.0000,2653.8000,2654.0000,2655.4000,2655.6000,2656.2000,2,2,7,3,3,1,1,2,1,2
SF,IH2006,2020-04-03 09:30:25.200,2653.6000,17361,-1,133829520.000,1,0,1,双平,S,2653.0000,2652.6000,2652.4000,2652.2000,2652.0000,2653.8000,2654.0000,2655.4000,2655.6000,2656.2000,2,2,3,1,7,1,1,2,1,2
SF,IH2006,2020-04-03 09:30:25.700,2653.0000,17360,-1,135421320.000,2,0,2,多平,S,2652.4000,2652.0000,2651.2000,2651.0000,2650.6000,2653.6000,2653.8000,2654.0000,2655.4000,2655.6000,1,5,3,3,1,2,1,1,2,1
SF,IH2006,2020-04-03 09:30:26.200,2652.0000,17356,-4,139399440.000,5,0,5,多平,S,2652.0000,2651.2000,2651.0000,2650.6000,2650.4000,2653.4000,2653.6000,2654.0000,2655.4000,2655.6000,1,3,3,1,1,1,1,1,2,1
SF,IH2006,2020-04-03 09:30:26.700,2652.0000,17356,0,139399440.000,0,-,-,-,-,2652.2000,2652.0000,2651.2000,2651.0000,2650.6000,2653.0000,2653.2000,2653.4000,2653.6000,2655.4000,2,3,3,3,1,1,1,1,1,2
SF,IH2006,2020-04-03 09:30:27.200,2653.0000,17355,-1,140195340.000,1,0,1,双平,S,2653.2000,2652.2000,2652.0000,2651.2000,2651.0000,2653.4000,2653.6000,2655.4000,2655.6000,2656.2000,1,2,3,3,3,1,1,1,1,1
SF,IH2006,2020-04-03 09:30:27.700,2653.6000,17353,-2,141787440.000,2,0,2,双平,S,2653.8000,2653.6000,2653.4000,2652.2000,2652.0000,2655.4000,2655.6000,2656.2000,2657.4000,2659.0000,1,1,1,2,3,1,1,1,1,1
SF,IH2006,2020-04-03 09:30:28.200,2653.6000,17351,-2,143379660.000,2,0,2,双平,S,2653.4000,2653.0000,2652.0000,2651.2000,2651.0000,2655.2000,2655.4000,2655.6000,2656.2000,2657.4000,1,3,1,3,3,6,2,1,1,1
SF,IH2006,2020-04-03 09:30:28.700,2653.0000,17349,-2,147359400.000,5,1,4,多平,S,2652.0000,2651.2000,2651.0000,2650.6000,2650.4000,2655.0000,2655.2000,2655.4000,2655.6000,2656.2000,1,3,3,1,1,1,7,2,1,1
SF,IH2006,2020-04-03 09:30:29.200,2653.0000,17349,0,147359400.000,0,-,-,-,-,2652.4000,2652.2000,2652.0000,2651.2000,2651.0000,2654.8000,2655.0000,2655.2000,2655.4000,2655.6000,3,8,4,3,3,8,1,1,2,1
SF,IH2006,2020-04-03 09:30:29.700,2653.0000,17349,0,147359400.000,0,-,-,-,-,2653.0000,2652.6000,2652.4000,2652.2000,2652.0000,2654.6000,2654.8000,2655.4000,2655.6000,2656.2000,1,5,3,8,8,1,8,2,1,1
SF,IH2006,2020-04-03 09:30:30.200,2653.0000,17349,0,147359400.000,0,-,-,-,-,2653.2000,2653.0000,2652.6000,2652.4000,2652.2000,2654.6000,2654.8000,2655.4000,2655.6000,2656.2000,6,4,1,3,7,1,5,2,1,1
SF,IH2006,2020-04-03 09:30:30.700,2653.0000,17349,0,147359400.000,0,-,-,-,-,2653.4000,2653.2000,2653.0000,2652.6000,2652.4000,2654.6000,2656.2000,2657.4000,2659.0000,2659.8000,1,6,4,1,3,1,1,1,1,1
SF,IH2006,2020-04-03 09:30:31.200,2654.4000,17348,-1,148155720.000,1,0,1,双平,S,2653.6000,2653.4000,2653.2000,2652.6000,2652.4000,2654.6000,2656.2000,2657.4000,2659.0000,2659.8000,1,1,1,1,1,1,1,1,1,1
SF,IH2006,2020-04-03 09:30:31.700,2653.2000,17344,-4,151339920.000,4,0,4,双平,S,2652.6000,2652.4000,2652.2000,2652.0000,2651.2000,2653.0000,2656.2000,2657.4000,2659.0000,2659.8000,1,1,7,7,3,1,1,1,1,1
SF,IH2006,2020-04-03 09:30:32.200,2653.0000,17343,-1,152135820.000,1,0,1,双平,S,2653.6000,2653.0000,2652.8000,2652.6000,2652.4000,2656.2000,2657.4000,2659.0000,2659.8000,2660.0000,1,5,5,1,1,1,1,1,1,5
SF,IH2006,2020-04-03 09:30:32.700,2653.0000,17342,-1,152931720.000,1,0,1,双平,S,2653.6000,2653.0000,2652.8000,2652.6000,2652.4000,2656.0000,2656.2000,2657.4000,2659.0000,2659.8000,1,7,5,1,1,7,1,1,1,1
SF,IH2006,2020-04-03 09:30:33.200,2653.0000,17342,0,152931720.000,0,-,-,-,-,2653.8000,2653.6000,2653.0000,2652.8000,2652.6000,2655.4000,2655.8000,2656.0000,2656.2000,2657.4000,1,3,7,5,1,1,4,5,1,1
SF,IH2006,2020-04-03 09:30:33.700,2653.2000,17338,-4,156115560.000,4,0,4,双平,S,2653.0000,2652.8000,2652.6000,2652.4000,2652.2000,2653.2000,2655.2000,2655.4000,2655.8000,2656.0000,7,4,1,1,5,1,5,2,1,2
SF,IH2006,2020-04-03 09:30:34.200,2655.8000,17337,-1,157708260.000,2,0,2,多平,S,2653.2000,2653.0000,2652.8000,2652.6000,2652.4000,2656.0000,2656.2000,2657.4000,2659.0000,2659.8000,10,10,3,1,1,2,1,1,1,1
SF,IH2006,2020-04-03 09:30:34.700,2655.8000,17337,0,157708260.000,0,-,-,-,-,2653.6000,2653.4000,2653.2000,2653.0000,2652.8000,2655.8000,2656.0000,2656.2000,2657.4000,2659.0000,2,5,5,6,2,1,2,1,1,1
SF,IH2006,2020-04-03 09:30:35.200,2653.8000,17337,0,158504400.000,1,0,1,多换,S,2653.8000,2653.6000,2653.4000,2653.2000,2653.0000,2655.6000,2655.8000,2656.2000,2657.4000,2659.0000,3,2,6,3,4,1,1,1,1,1
SF,IH2006,2020-04-03 09:30:35.700,2653.8000,17337,0,159300540.000,1,0,1,多换,S,2653.6000,2653.4000,2653.2000,2653.0000,2652.8000,2655.4000,2655.6000,2656.2000,2657.4000,2659.0000,2,2,3,4,2,6,3,1,1,1
SF,IH2006,2020-04-03 09:30:36.200,2653.2000,17332,-5,163280580.000,5,0,5,双平,S,2653.0000,2652.2000,2652.0000,2651.6000,2651.2000,2655.2000,2655.4000,2656.2000,2657.4000,2659.0000,3,2,4,1,3,2,5,1,1,1
SF,IH2006,2020-04-03 09:30:36.700,2653.2000,17332,0,163280580.000,0,-,-,-,-,2653.8000,2653.2000,2653.0000,2652.2000,2652.0000,2655.0000,2655.2000,2655.4000,2656.2000,2656.4000,3,1,1,2,4,3,5,1,1,1
SF,IH2006,2020-04-03 09:30:37.200,2653.8000,17331,-1,164076720.000,1,0,1,双平,S,2653.8000,2653.2000,2653.0000,2652.2000,2652.0000,2654.8000,2655.0000,2655.2000,2655.4000,2656.0000,2,1,2,2,4,7,3,2,3,1
SF,IH2006,2020-04-03 09:30:37.700,2653.8000,17329,-2,165669000.000,2,0,2,双平,S,2653.2000,2653.0000,2652.2000,2652.0000,2651.6000,2654.6000,2654.8000,2655.0000,2655.2000,2655.4000,2,2,2,4,1,2,7,2,1,3
SF,IH2006,2020-04-03 09:30:38.200,2653.8000,17329,0,165669000.000,0,-,-,-,-,2653.4000,2653.2000,2653.0000,2652.2000,2652.0000,2654.6000,2654.8000,2655.2000,2655.4000,2656.0000,1,2,2,2,4,2,6,1,2,1
SF,IH2006,2020-04-03 09:30:38.700,2654.6000,17328,-1,166465380.000,1,0,1,双平,S,2653.6000,2653.2000,2653.0000,2652.2000,2652.0000,2654.8000,2655.2000,2656.0000,2656.2000,2656.4000,2,1,2,2,4,5,1,1,1,1
SF,IH2006,2020-04-03 09:30:39.200,2654.6000,17328,0,166465380.000,0,-,-,-,-,2653.8000,2653.6000,2653.2000,2653.0000,2652.2000,2654.8000,2655.2000,2656.0000,2656.2000,2657.4000,1,3,1,2,2,2,1,1,1,1
SF,IH2006,2020-04-03 09:30:39.700,2654.6000,17328,0,166465380.000,0,-,-,-,-,2654.0000,2653.8000,2653.6000,2653.2000,2653.0000,2654.8000,2655.2000,2656.0000,2656.2000,2657.4000,1,1,2,1,2,2,1,1,2,1
SF,IH2006,2020-04-03 09:30:40.200,2654.8000,17328,0,167261820.000,1,0,1,多换,S,2654.0000,2653.8000,2653.6000,2653.2000,2653.0000,2654.8000,2656.0000,2656.2000,2657.4000,2659.0000,2,1,2,1,2,1,1,2,1,1
SF,IH2006,2020-04-03 09:30:40.700,2654.8000,17328,0,168058260.000,1,0,1,多换,S,2654.8000,2654.0000,2653.8000,2653.6000,2653.2000,2656.0000,2656.2000,2657.4000,2659.0000,2659.8000,4,1,1,2,1,1,2,1,1,1
SF,IH2006,2020-04-03 09:30:41.200,2654.8000,17324,-4,171244020.000,4,0,4,双平,S,2653.8000,2653.6000,2653.2000,2653.0000,2652.2000,2654.8000,2655.8000,2656.0000,2656.2000,2657.4000,1,1,1,2,2,1,4,1,2,1
SF,IH2006,2020-04-03 09:30:41.700,2654.0000,17323,-1,172040220.000,1,0,1,双平,S,2653.8000,2653.6000,2653.4000,2653.2000,2653.0000,2654.8000,2655.8000,2656.0000,2656.2000,2657.4000,1,1,1,1,2,1,3,1,1,1
SF,IH2006,2020-04-03 09:30:42.200,2654.0000,17323,0,172040220.000,0,-,-,-,-,2654.0000,2653.8000,2653.6000,2653.2000,2653.0000,2654.8000,2655.8000,2656.0000,2656.2000,2657.4000,1,1,1,1,1,1,1,1,1,1
SF,IH2006,2020-04-03 09:30:42.700,2654.8000,17322,-1,172836660.000,1,0,1,双平,S,2654.0000,2653.6000,2652.2000,2652.0000,2651.6000,2655.8000,2656.0000,2656.2000,2657.4000,2659.0000,1,1,3,4,1,1,2,1,1,1
SF,IH2006,2020-04-03 09:30:43.200,2654.8000,17322,0,172836660.000,0,-,-,-,-,2654.8000,2652.2000,2652.0000,2651.6000,2651.2000,2655.4000,2655.6000,2655.8000,2656.0000,2656.2000,1,3,4,1,3,1,8,1,2,1
SF,IH2006,2020-04-03 09:30:43.700,2654.8000,17321,-1,173633100.000,1,0,1,双平,S,2652.2000,2652.0000,2651.6000,2651.2000,2651.0000,2654.4000,2654.6000,2654.8000,2655.2000,2655.4000,3,4,1,3,3,2,1,2,6,1
SF,IH2006,2020-04-03 09:30:44.200,2654.4000,17319,-2,175225740.000,2,0,2,双平,S,2653.6000,2653.4000,2653.0000,2652.6000,2652.4000,2654.0000,2654.4000,2654.6000,2654.8000,2655.2000,1,2,1,5,5,1,1,1,2,5
SF,IH2006,2020-04-03 09:30:44.700,2654.0000,17318,-1,176021940.000,1,0,1,双平,S,2654.0000,2653.0000,2652.6000,2652.4000,2652.2000,2654.4000,2654.6000,2654.8000,2655.2000,2656.0000,1,1,2,6,2,1,1,3,2,1
SF,IH2006,2020-04-03 09:30:45.200,2654.0000,17317,-1,176818140.000,1,0,1,双平,S,2653.0000,2652.6000,2652.4000,2652.2000,2652.0000,2654.4000,2654.6000,2654.8000,2655.2000,2656.0000,1,2,4,2,4,1,1,3,1,1
SF,IH2006,2020-04-03 09:30:45.700,2654.0000,17317,0,176818140.000,0,-,-,-,-,2653.6000,2653.4000,2653.2000,2653.0000,2652.4000,2654.4000,2654.6000,2654.8000,2655.2000,2656.0000,1,4,4,3,3,1,1,3,1,1
SF,IH2006,2020-04-03 09:30:46.200,2654.0000,17317,0,176818140.000,0,-,-,-,-,2653.8000,2653.6000,2653.4000,2653.2000,2653.0000,2654.6000,2654.8000,2655.2000,2656.0000,2656.2000,2,1,4,3,3,1,3,1,1,1
SF,IH2006,2020-04-03 09:30:46.700,2654.0000,17317,0,176818140.000,0,-,-,-,-,2653.8000,2653.4000,2653.2000,2653.0000,2652.4000,2654.6000,2654.8000,2655.2000,2656.0000,2656.2000,4,4,3,2,2,1,3,1,1,1
SF,IH2006,2020-04-03 09:30:47.200,2654.0000,17317,0,177614340.000,1,0,1,多换,S,2653.8000,2653.2000,2653.0000,2652.4000,2652.2000,2654.6000,2654.8000,2655.2000,2656.0000,2656.2000,2,3,2,2,3,1,3,1,1,1
SF,IH2006,2020-04-03 09:30:47.700,2654.6000,17315,-2,179207040.000,2,0,2,双平,S,2654.6000,2654.0000,2653.8000,2653.0000,2652.4000,2654.8000,2655.2000,2656.0000,2656.2000,2656.6000,1,1,2,2,2,3,1,1,1,1
SF,IH2006,2020-04-03 09:30:48.200,2654.6000,17314,-1,180003420.000,1,0,1,双平,S,2654.0000,2652.6000,2652.4000,2652.2000,2652.0000,2654.6000,2654.8000,2655.2000,2656.0000,2656.2000,1,2,2,2,6,2,3,1,1,1
SF,IH2006,2020-04-03 09:30:48.700,2654.6000,17314,0,180799800.000,1,0,1,多换,S,2654.0000,2653.8000,2652.6000,2652.4000,2652.2000,2654.8000,2655.2000,2656.0000,2656.2000,2656.6000,1,1,2,2,2,3,1,1,1,1
SF,IH2006,2020-04-03 09:30:49.200,2654.6000,17314,0,180799800.000,0,-,-,-,-,2654.0000,2653.8000,2652.6000,2652.4000,2652.2000,2654.8000,2655.2000,2656.0000,2656.2000,2656.6000,1,1,2,1,2,3,1,1,1,1
SF,IH2006,2020-04-03 09:30:49.700,2654.0000,17313,-1,181596000.000,1,0,1,双平,S,2653.8000,2652.4000,2652.2000,2652.0000,2651.6000,2654.8000,2655.2000,2656.0000,2656.2000,2656.6000,1,1,2,6,1,3,1,1,1,1
SF,IH2006,2020-04-03 09:30:50.200,2654.0000,17313,0,181596000.000,0,-,-,-,-,2653.8000,2653.0000,2652.4000,2652.2000,2652.0000,2654.6000,2654.8000,2655.2000,2656.0000,2656.2000,1,1,1,2,6,1,3,1,1,1
SF,IH2006,2020-04-03 09:30:50.700,2654.6000,17312,-1,182392380.000,1,0,1,双平,S,2653.8000,2653.0000,2652.4000,2652.2000,2652.0000,2654.8000,2655.2000,2656.0000,2656.2000,2656.6000,1,1,1,2,6,3,1,1,1,1
SF,IH2006,2020-04-03 09:30:52.200,2654.6000,17312,0,182392380.000,0,-,-,-,-,2654.0000,2653.8000,2653.0000,2652.4000,2652.2000,2654.6000,2654.8000,2656.0000,2656.2000,2656.6000,1,1,1,1,2,6,3,1,1,1
SF,IH2006,2020-04-03 09:30:52.700,2654.0000,17311,-1,183188580.000,1,0,1,双平,S,2653.8000,2653.0000,2652.4000,2652.2000,2652.0000,2654.4000,2654.6000,2654.8000,2656.0000,2656.2000,1,1,1,2,5,1,2,3,1,1
SF,IH2006,2020-04-03 09:30:53.200,2654.0000,17310,-1,183984780.000,1,0,1,双平,S,2653.8000,2653.0000,2652.4000,2652.2000,2652.0000,2654.4000,2654.6000,2654.8000,2656.0000,2656.2000,1,1,1,2,5,1,1,3,1,1
SF,IH2006,2020-04-03 09:30:53.700,2654.0000,17310,0,183984780.000,0,-,-,-,-,2653.8000,2653.0000,2652.2000,2652.0000,2651.6000,2654.4000,2654.6000,2654.8000,2656.0000,2656.2000,1,1,2,5,1,1,1,3,1,1
SF,IH2006,2020-04-03 09:30:54.200,2654.0000,17310,0,183984780.000,0,-,-,-,-,2653.8000,2653.0000,2652.2000,2652.0000,2651.6000,2654.4000,2654.8000,2656.0000,2656.2000,2657.4000,1,1,2,5,1,1,3,1,1,1
SF,IH2006,2020-04-03 09:30:55.200,2654.0000,17310,0,183984780.000,0,-,-,-,-,2653.8000,2653.0000,2652.2000,2652.0000,2651.6000,2654.0000,2654.4000,2654.8000,2656.0000,2656.2000,1,1,3,2,1,1,1,3,1,1
SF,IH2006,2020-04-03 09:30:55.700,2654.4000,17306,-4,187169340.000,4,0,4,双平,S,2654.4000,2652.2000,2652.0000,2651.6000,2651.2000,2654.8000,2656.0000,2656.2000,2657.4000,2658.0000,2,3,2,1,3,3,1,1,1,1
SF,IH2006,2020-04-03 09:30:56.200,2654.4000,17304,-2,188761980.000,2,0,2,双平,S,2652.2000,2652.0000,2651.6000,2651.2000,2651.0000,2654.4000,2654.6000,2654.8000,2656.0000,2656.2000,3,2,1,3,3,1,1,1,1,1
SF,IH2006,2020-04-03 09:30:56.700,2654.4000,17304,0,188761980.000,0,-,-,-,-,2652.4000,2652.2000,2652.0000,2651.6000,2651.2000,2653.8000,2654.2000,2654.4000,2654.6000,2654.8000,6,3,3,1,3,1,5,1,2,1
SF,IH2006,2020-04-03 09:30:57.200,2654.4000,17304,0,188761980.000,0,-,-,-,-,2652.6000,2652.4000,2652.2000,2652.0000,2651.6000,2653.8000,2654.2000,2654.4000,2654.6000,2654.8000,1,6,1,4,1,1,5,1,2,1
SF,IH2006,2020-04-03 09:30:57.700,2654.4000,17304,0,188761980.000,0,-,-,-,-,2652.8000,2652.4000,2652.2000,2652.0000,2651.6000,2653.8000,2654.2000,2654.4000,2654.6000,2654.8000,2,4,1,4,1,1,5,1,2,1
SF,IH2006,2020-04-03 09:30:58.200,2654.4000,17304,0,188761980.000,0,-,-,-,-,2652.8000,2652.4000,2652.2000,2652.0000,2651.6000,2653.8000,2654.2000,2654.4000,2654.6000,2654.8000,1,4,1,2,1,1,5,1,2,1
SF,IH2006,2020-04-03 09:30:58.700,2654.4000,17304,0,188761980.000,0,-,-,-,-,2652.8000,2652.4000,2652.2000,2652.0000,2651.6000,2653.8000,2654.2000,2654.4000,2654.6000,2655.0000,1,4,1,2,1,1,5,1,2,1
SF,IH2006,2020-04-03 09:30:59.200,2654.4000,17304,0,188761980.000,0,-,-,-,-,2652.4000,2652.2000,2652.0000,2651.6000,2651.2000,2653.6000,2653.8000,2654.2000,2654.4000,2654.6000,3,1,2,1,3,1,1,4,1,2
SF,IH2006,2020-04-03 09:30:59.700,2654.4000,17304,0,188761980.000,0,-,-,-,-,2652.4000,2652.2000,2652.0000,2651.6000,2651.2000,2653.6000,2653.8000,2654.2000,2654.4000,2654.6000,2,1,2,1,3,1,1,4,1,2
SF,IH2006,2020-04-03 09:31:00.200,2654.4000,17304,0,188761980.000,0,-,-,-,-,2652.4000,2652.2000,2652.0000,2651.6000,2651.2000,2653.6000,2653.8000,2654.2000,2654.4000,2654.6000,2,1,2,1,3,1,1,4,1,2
SF,IH2006,2020-04-03 09:31:00.700,2654.4000,17304,0,188761980.000,0,-,-,-,-,2652.6000,2652.4000,2652.2000,2652.0000,2651.6000,2653.8000,2654.2000,2654.4000,2654.6000,2655.0000,2,2,1,2,1,1,4,1,2,1
SF,IH2006,2020-04-03 09:31:01.200,2653.6000,17304,0,189558060.000,1,0,1,多换,S,2652.6000,2652.4000,2652.2000,2652.0000,2651.6000,2653.8000,2654.2000,2654.4000,2654.6000,2655.0000,2,2,1,2,1,1,4,1,2,1
SF,IH2006,2020-04-03 09:31:01.700,2653.6000,17304,0,190354140.000,1,0,1,多换,S,2652.8000,2652.4000,2652.2000,2652.0000,2651.6000,2653.8000,2654.2000,2654.4000,2654.6000,2655.0000,1,2,1,2,1,1,4,1,2,1
SF,IH2006,2020-04-03 09:31:02.200,2653.8000,17303,-1,191150280.000,1,0,1,双平,S,2652.8000,2652.4000,2652.2000,2652.0000,2651.6000,2654.2000,2654.4000,2654.6000,2655.0000,2656.0000,1,2,1,2,1,4,1,2,1,1
SF,IH2006,2020-04-03 09:31:02.700,2653.8000,17303,0,191150280.000,0,-,-,-,-,2652.8000,2652.2000,2652.0000,2651.6000,2651.2000,2653.2000,2653.6000,2654.0000,2654.4000,2654.6000,1,1,2,1,3,1,2,6,4,2
SF,IH2006,2020-04-03 09:31:03.200,2653.0000,17301,-2,192742140.000,2,0,2,双平,S,2652.8000,2652.2000,2652.0000,2651.6000,2651.2000,2654.0000,2654.4000,2654.6000,2655.0000,2656.2000,1,1,2,1,3,4,1,2,1,1
SF,IH2006,2020-04-03 09:31:03.700,2652.8000,17301,0,193537980.000,1,0,1,多换,S,2652.2000,2652.0000,2651.6000,2651.2000,2651.0000,2653.8000,2654.0000,2654.4000,2654.6000,2655.0000,1,2,1,3,3,1,4,1,2,1
SF,IH2006,2020-04-03 09:31:04.200,2652.8000,17301,0,193537980.000,0,-,-,-,-,2652.4000,2652.2000,2652.0000,2651.6000,2651.2000,2654.4000,2654.6000,2655.0000,2656.2000,2657.4000,3,2,4,1,3,1,2,1,1,1
SF,IH2006,2020-04-03 09:31:04.700,2652.8000,17301,0,193537980.000,0,-,-,-,-,2652.4000,2652.2000,2652.0000,2651.6000,2651.2000,2654.2000,2654.4000,2654.6000,2655.0000,2656.2000,2,1,3,1,3,7,1,2,1,1
SF,IH2006,2020-04-03 09:31:05.200,2652.8000,17301,0,193537980.000,0,-,-,-,-,2652.4000,2652.2000,2652.0000,2651.6000,2651.2000,2654.2000,2654.4000,2654.6000,2655.0000,2656.2000,2,1,2,1,3,6,1,2,1,1
SF,IH2006,2020-04-03 09:31:05.700,2652.8000,17301,0,193537980.000,0,-,-,-,-,2652.6000,2652.4000,2652.2000,2652.0000,2651.6000,2654.2000,2654.4000,2654.6000,2655.0000,2656.2000,1,2,1,2,1,6,1,2,1,1
SF,IH2006,2020-04-03 09:31:06.200,2652.8000,17301,0,193537980.000,0,-,-,-,-,2652.8000,2652.4000,2652.2000,2652.0000,2651.6000,2653.6000,2654.0000,2654.2000,2654.4000,2654.6000,1,1,1,2,1,1,4,6,1,2
SF,IH2006,2020-04-03 09:31:06.700,2652.8000,17301,0,193537980.000,0,-,-,-,-,2652.8000,2652.4000,2652.2000,2652.0000,2651.6000,2653.6000,2654.0000,2654.2000,2654.4000,2654.6000,1,1,1,2,1,1,6,5,1,1
SF,IH2006,2020-04-03 09:31:07.200,2652.8000,17300,-1,194333820.000,1,0,1,双平,S,2653.0000,2652.4000,2652.2000,2652.0000,2651.6000,2653.6000,2654.0000,2654.2000,2654.4000,2654.6000,1,1,1,2,1,1,1,5,1,1
SF,IH2006,2020-04-03 09:31:07.700,2652.8000,17299,-1,195129660.000,1,0,1,双平,S,2652.2000,2652.0000,2651.6000,2651.2000,2651.0000,2653.6000,2654.0000,2654.2000,2654.4000,2654.6000,1,2,1,3,3,1,1,5,1,1
SF,IH2006,2020-04-03 09:31:08.200,2652.8000,17299,0,195129660.000,0,-,-,-,-,2652.2000,2652.0000,2651.6000,2651.2000,2651.0000,2653.4000,2653.6000,2654.0000,2654.2000,2654.4000,1,2,1,3,3,2,1,1,3,1
SF,IH2006,2020-04-03 09:31:08.700,2652.8000,17299,0,195129660.000,0,-,-,-,-,2652.2000,2652.0000,2651.6000,2651.2000,2651.0000,2653.4000,2653.6000,2654.0000,2654.2000,2654.4000,1,2,1,3,3,1,1,1,3,1
SF,IH2006,2020-04-03 09:31:09.200,2652.2000,17298,-1,195925320.000,1,0,1,双平,S,2652.0000,2651.6000,2651.2000,2651.0000,2650.6000,2653.4000,2653.6000,2654.0000,2654.2000,2654.4000,3,1,3,3,1,1,1,1,3,1
SF,IH2006,2020-04-03 09:31:09.700,2652.2000,17298,0,195925320.000,0,-,-,-,-,2652.0000,2651.6000,2651.2000,2651.0000,2650.6000,2653.4000,2653.6000,2654.0000,2654.2000,2654.4000,2,1,3,3,1,1,1,1,3,1
SF,IH2006,2020-04-03 09:31:10.200,2652.2000,17298,0,195925320.000,0,-,-,-,-,2652.6000,2652.2000,2652.0000,2651.6000,2651.2000,2653.6000,2654.0000,2654.2000,2654.4000,2654.6000,1,2,5,1,3,1,1,3,1,1
SF,IH2006,2020-04-03 09:31:10.700,2652.2000,17298,0,195925320.000,0,-,-,-,-,2652.6000,2652.2000,2652.0000,2651.6000,2651.2000,2653.6000,2654.0000,2654.2000,2654.4000,2654.6000,1,1,2,1,3,1,1,3,1,1
SF,IH2006,2020-04-03 09:31:11.700,2653.6000,17298,0,196721400.000,1,0,1,多换,S,2652.6000,2652.2000,2652.0000,2651.6000,2651.2000,2654.0000,2654.2000,2654.4000,2654.6000,2655.0000,1,1,2,1,3,2,3,1,1,1
SF,IH2006,2020-04-03 09:31:12.200,2653.6000,17298,0,196721400.000,0,-,-,-,-,2652.6000,2652.2000,2652.0000,2651.6000,2651.2000,2653.8000,2654.0000,2654.4000,2654.6000,2655.0000,1,1,2,1,3,6,2,1,1,1
SF,IH2006,2020-04-03 09:31:12.700,2653.6000,17298,0,196721400.000,0,-,-,-,-,2652.8000,2652.6000,2652.2000,2652.0000,2651.6000,2653.8000,2654.0000,2654.4000,2654.6000,2655.0000,1,3,1,2,1,1,2,1,1,1
SF,IH2006,2020-04-03 09:31:13.200,2653.6000,17298,0,197517480.000,1,0,1,多换,S,2652.6000,2652.2000,2652.0000,2651.6000,2651.2000,2653.8000,2654.0000,2654.4000,2654.6000,2655.0000,4,1,2,1,3,1,2,1,1,1
SF,IH2006,2020-04-03 09:31:13.700,2653.6000,17297,-1,198313560.000,1,0,1,双平,S,2652.6000,2652.2000,2652.0000,2651.6000,2651.2000,2653.6000,2653.8000,2654.0000,2654.4000,2654.6000,5,1,2,1,3,3,1,2,1,1
SF,IH2006,2020-04-03 09:31:14.200,2653.6000,17297,0,199109640.000,1,0,1,多换,S,2652.8000,2652.6000,2652.0000,2651.6000,2651.2000,2654.0000,2654.4000,2654.6000,2655.0000,2656.2000,3,4,2,1,3,2,1,1,1,1
SF,IH2006,2020-04-03 09:31:14.700,2654.0000,17296,-1,200702040.000,2,0,2,多平,S,2652.8000,2652.6000,2652.0000,2651.6000,2651.2000,2655.0000,2656.2000,2657.4000,2658.0000,2659.0000,5,4,2,1,3,1,1,1,1,1
SF,IH2006,2020-04-03 09:31:15.200,2654.0000,17296,0,200702040.000,0,-,-,-,-,2653.0000,2652.8000,2652.6000,2652.0000,2651.6000,2654.6000,2654.8000,2655.0000,2655.2000,2656.2000,1,2,2,2,1,1,5,1,3,1
SF,IH2006,2020-04-03 09:31:15.700,2654.0000,17296,0,200702040.000,0,-,-,-,-,2653.2000,2652.6000,2652.0000,2651.6000,2651.2000,2654.4000,2654.6000,2655.0000,2656.2000,2657.4000,2,2,2,1,3,5,1,1,1,1
SF,IH2006,2020-04-03 09:31:16.200,2654.0000,17296,0,200702040.000,0,-,-,-,-,2653.4000,2653.2000,2652.6000,2652.0000,2651.6000,2654.4000,2654.6000,2655.0000,2656.2000,2657.4000,2,2,2,2,1,1,1,1,1,1
SF,IH2006,2020-04-03 09:31:16.700,2654.0000,17296,0,200702040.000,0,-,-,-,-,2653.4000,2653.2000,2652.6000,2652.0000,2651.6000,2654.4000,2654.6000,2655.0000,2656.2000,2657.4000,2,2,2,2,1,1,1,1,1,1
SF,IH2006,2020-04-03 09:31:17.200,2654.0000,17296,0,200702040.000,0,-,-,-,-,2653.4000,2653.2000,2652.6000,2652.0000,2651.6000,2654.0000,2654.4000,2654.6000,2655.0000,2656.2000,2,2,2,2,1,1,1,1,1,1
SF,IH2006,2020-04-03 09:31:17.700,2654.0000,17296,0,201498240.000,1,0,1,多换,S,2653.4000,2653.2000,2652.6000,2652.0000,2651.6000,2654.4000,2654.6000,2655.0000,2656.2000,2657.4000,2,2,2,2,1,1,1,1,1,1
SF,IH2006,2020-04-03 09:31:18.200,2654.0000,17296,0,201498240.000,0,-,-,-,-,2653.6000,2653.4000,2652.6000,2652.0000,2651.6000,2654.6000,2655.0000,2656.2000,2657.4000,2658.0000,2,2,2,2,1,1,1,1,1,1
SF,IH2006,2020-04-03 09:31:18.700,2654.0000,17296,0,201498240.000,0,-,-,-,-,2653.6000,2653.4000,2652.6000,2652.0000,2651.6000,2655.0000,2656.2000,2657.4000,2658.0000,2659.0000,2,2,2,2,1,1,1,1,1,1
SF,IH2006,2020-04-03 09:31:19.200,2654.0000,17296,0,201498240.000,0,-,-,-,-,2653.6000,2653.4000,2652.6000,2652.0000,2651.6000,2654.0000,2654.6000,2654.8000,2655.0000,2656.2000,2,2,2,2,1,1,1,2,1,1
SF,IH2006,2020-04-03 09:31:19.700,2654.0000,17295,-1,202294440.000,1,0,1,双平,S,2654.0000,2653.6000,2653.4000,2652.6000,2652.0000,2655.0000,2656.2000,2657.4000,2658.0000,2659.0000,1,1,2,2,2,1,1,1,1,1
SF,IH2006,2020-04-03 09:31:20.200,2654.0000,17295,0,202294440.000,0,-,-,-,-,2654.2000,2653.6000,2653.4000,2652.6000,2652.0000,2655.0000,2656.2000,2657.4000,2658.0000,2659.0000,1,1,2,2,2,1,1,1,1,1
SF,IH2006,2020-04-03 09:31:20.700,2654.0000,17294,-1,203090640.000,1,0,1,双平,S,2653.6000,2653.4000,2652.6000,2652.0000,2651.6000,2655.0000,2656.2000,2657.4000,2658.0000,2659.0000,1,2,2,2,1,1,1,1,1,1
SF,IH2006,2020-04-03 09:31:21.700,2654.0000,17294,0,203090640.000,0,-,-,-,-,2653.6000,2653.4000,2652.6000,2652.0000,2651.6000,2654.6000,2655.0000,2656.2000,2657.4000,2658.0000,1,2,2,2,1,1,1,1,1,1
SF,IH2006,2020-04-03 09:31:22.200,2654.0000,17294,0,203090640.000,0,-,-,-,-,2653.6000,2653.4000,2652.6000,2652.0000,2651.6000,2654.6000,2655.0000,2656.2000,2657.4000,2658.0000,1,2,2,2,1,1,1,1,1,1
SF,IH2006,2020-04-03 09:31:22.700,2654.0000,17294,0,203090640.000,0,-,-,-,-,2654.4000,2653.6000,2653.4000,2652.6000,2652.0000,2655.0000,2656.2000,2657.4000,2658.0000,2659.0000,1,1,2,2,2,1,1,1,1,1
SF,IH2006,2020-04-03 09:31:23.200,2654.0000,17294,0,203090640.000,0,-,-,-,-,2654.4000,2653.6000,2653.4000,2652.6000,2652.0000,2654.6000,2655.0000,2656.2000,2657.4000,2658.0000,1,1,2,2,2,1,1,1,1,1
SF,IH2006,2020-04-03 09:31:23.700,2655.0000,17292,-2,204683520.000,2,0,2,双平,S,2654.4000,2653.6000,2653.4000,2652.6000,2652.0000,2656.2000,2657.4000,2658.0000,2659.0000,2659.8000,1,1,2,2,2,1,1,1,1,2
SF,IH2006,2020-04-03 09:31:24.200,2655.0000,17292,0,204683520.000,0,-,-,-,-,2654.4000,2653.6000,2653.4000,2652.6000,2652.0000,2655.4000,2656.0000,2656.2000,2657.4000,2658.0000,1,1,2,2,2,1,6,1,1,1
SF,IH2006,2020-04-03 09:31:24.700,2655.4000,17291,-1,205480140.000,1,0,1,双平,S,2654.6000,2654.4000,2653.4000,2652.6000,2652.0000,2657.4000,2658.0000,2659.0000,2659.8000,2661.0000,1,1,2,2,2,1,1,1,2,1
SF,IH2006,2020-04-03 09:31:25.200,2655.4000,17291,0,205480140.000,0,-,-,-,-,2654.8000,2654.6000,2654.4000,2653.4000,2652.6000,2657.2000,2657.4000,2658.0000,2659.0000,2659.8000,2,1,1,2,2,7,1,1,1,2
SF,IH2006,2020-04-03 09:31:25.700,2655.4000,17291,0,205480140.000,0,-,-,-,-,2655.0000,2654.8000,2654.4000,2653.4000,2652.6000,2657.0000,2657.2000,2657.4000,2658.0000,2659.0000,1,2,1,2,2,1,7,1,1,1
SF,IH2006,2020-04-03 09:31:26.200,2655.4000,17291,0,205480140.000,0,-,-,-,-,2655.2000,2655.0000,2654.8000,2654.4000,2653.4000,2656.8000,2657.0000,2657.2000,2657.4000,2658.0000,2,4,1,1,2,5,1,3,1,1
SF,IH2006,2020-04-03 09:31:26.700,2655.4000,17291,0,205480140.000,0,-,-,-,-,2655.4000,2655.2000,2654.4000,2653.4000,2652.6000,2656.6000,2656.8000,2657.2000,2657.4000,2658.0000,1,1,1,2,2,1,5,2,1,1
SF,IH2006,2020-04-03 09:31:27.200,2655.4000,17291,0,205480140.000,0,-,-,-,-,2655.4000,2654.4000,2653.4000,2652.6000,2652.0000,2656.4000,2656.6000,2657.2000,2657.4000,2658.0000,1,1,2,2,2,4,1,2,1,1
SF,IH2006,2020-04-03 09:31:27.700,2655.4000,17291,0,205480140.000,0,-,-,-,-,2655.4000,2654.4000,2653.4000,2652.6000,2652.0000,2656.4000,2656.6000,2656.8000,2657.2000,2657.4000,1,1,2,2,2,4,1,1,2,1
SF,IH2006,2020-04-03 09:31:28.200,2655.4000,17291,0,205480140.000,0,-,-,-,-,2655.4000,2654.4000,2653.4000,2652.6000,2652.0000,2656.4000,2656.6000,2657.2000,2657.4000,2658.0000,1,1,2,2,2,4,1,2,1,1
SF,IH2006,2020-04-03 09:31:28.700,2655.4000,17290,-1,206276760.000,1,0,1,双平,S,2654.4000,2653.4000,2652.6000,2652.0000,2651.6000,2655.4000,2656.2000,2656.4000,2657.2000,2657.4000,1,2,2,2,1,1,1,4,2,1
SF,IH2006,2020-04-03 09:31:29.200,2655.4000,17289,-1,207073380.000,1,0,1,双平,S,2654.8000,2654.6000,2654.4000,2653.4000,2652.6000,2655.4000,2656.2000,2656.4000,2656.8000,2657.2000,1,1,1,2,2,1,1,4,1,2
SF,IH2006,2020-04-03 09:31:29.700,2655.4000,17289,0,207073380.000,0,-,-,-,-,2654.6000,2654.4000,2653.4000,2652.6000,2652.0000,2655.4000,2656.4000,2656.8000,2657.2000,2657.4000,1,1,2,2,2,1,4,1,2,1
SF,IH2006,2020-04-03 09:31:30.200,2655.4000,17289,0,207073380.000,0,-,-,-,-,2654.6000,2654.4000,2653.4000,2652.6000,2652.0000,2655.4000,2656.4000,2656.8000,2657.2000,2657.4000,1,1,2,2,2,1,4,1,2,1
SF,IH2006,2020-04-03 09:31:30.700,2654.4000,17289,0,207869700.000,1,0,1,多换,S,2653.4000,2652.6000,2652.0000,2651.6000,2651.2000,2656.4000,2656.8000,2657.2000,2657.4000,2658.0000,2,2,2,1,3,4,1,2,1,1
SF,IH2006,2020-04-03 09:31:31.200,2654.4000,17289,0,207869700.000,0,-,-,-,-,2653.6000,2653.4000,2653.2000,2652.6000,2652.0000,2654.6000,2656.2000,2656.4000,2656.6000,2656.8000,3,2,1,2,2,1,8,4,3,1
SF,IH2006,2020-04-03 09:31:31.700,2654.4000,17289,0,207869700.000,0,-,-,-,-,2654.6000,2654.4000,2653.6000,2653.4000,2653.2000,2656.2000,2656.4000,2656.6000,2656.8000,2657.2000,1,1,3,2,1,7,4,3,1,2
SF,IH2006,2020-04-03 09:31:32.200,2654.6000,17289,0,208666080.000,1,0,1,多换,S,2653.6000,2653.4000,2653.2000,2652.8000,2652.6000,2656.0000,2656.2000,2656.6000,2656.8000,2657.2000,1,2,1,1,2,5,5,3,1,2
SF,IH2006,2020-04-03 09:31:32.700,2654.6000,17289,0,208666080.000,0,-,-,-,-,2653.6000,2653.4000,2653.2000,2652.8000,2652.6000,2655.8000,2656.0000,2656.2000,2656.6000,2656.8000,1,2,1,1,2,3,5,1,3,1
SF,IH2006,2020-04-03 09:31:33.200,2654.6000,17289,0,208666080.000,0,-,-,-,-,2653.6000,2653.4000,2653.2000,2652.8000,2652.6000,2655.6000,2655.8000,2656.0000,2656.2000,2656.6000,1,2,1,1,2,4,2,1,1,3
SF,IH2006,2020-04-03 09:31:33.700,2654.6000,17289,0,208666080.000,0,-,-,-,-,2654.6000,2653.8000,2653.6000,2653.4000,2653.2000,2655.6000,2655.8000,2656.0000,2656.2000,2656.6000,1,4,2,2,1,4,2,1,1,3
SF,IH2006,2020-04-03 09:31:34.200,2654.6000,17289,0,208666080.000,0,-,-,-,-,2654.8000,2654.4000,2653.8000,2653.6000,2653.4000,2655.6000,2656.8000,2657.2000,2657.4000,2658.0000,1,3,4,1,2,3,1,2,1,1
SF,IH2006,2020-04-03 09:31:34.700,2654.6000,17289,0,208666080.000,0,-,-,-,-,2654.8000,2653.8000,2653.4000,2653.2000,2652.8000,2656.0000,2656.8000,2657.2000,2657.4000,2658.0000,1,4,2,1,1,1,1,2,1,1
SF,IH2006,2020-04-03 09:31:35.200,2654.6000,17289,0,208666080.000,0,-,-,-,-,2653.8000,2653.4000,2653.2000,2653.0000,2652.8000,2655.8000,2656.0000,2656.8000,2657.2000,2657.4000,4,2,1,1,1,1,1,1,2,1
SF,IH2006,2020-04-03 09:31:35.700,2654.6000,17289,0,208666080.000,0,-,-,-,-,2654.8000,2654.0000,2653.8000,2653.4000,2653.2000,2656.0000,2656.8000,2657.2000,2657.4000,2658.0000,1,2,4,2,1,1,1,2,1,2
SF,IH2006,2020-04-03 09:31:36.200,2654.6000,17289,0,208666080.000,0,-,-,-,-,2654.0000,2653.8000,2653.4000,2653.2000,2653.0000,2655.8000,2656.0000,2656.8000,2657.2000,2657.4000,2,4,2,1,1,1,1,1,2,1
SF,IH2006,2020-04-03 09:31:36.700,2654.6000,17289,0,208666080.000,0,-,-,-,-,2654.2000,2654.0000,2653.8000,2653.4000,2653.2000,2656.0000,2656.8000,2657.2000,2657.4000,2658.0000,1,2,4,2,1,1,1,2,1,2
SF,IH2006,2020-04-03 09:31:37.200,2654.6000,17289,0,208666080.000,0,-,-,-,-,2655.0000,2654.4000,2654.2000,2653.8000,2653.4000,2656.0000,2656.8000,2657.2000,2657.4000,2658.0000,1,2,2,4,2,1,1,2,1,2
SF,IH2006,2020-04-03 09:31:37.700,2654.6000,17289,0,208666080.000,0,-,-,-,-,2654.6000,2654.4000,2654.2000,2653.8000,2653.4000,2656.0000,2656.8000,2657.2000,2657.4000,2658.0000,1,2,2,4,2,1,1,2,1,2
SF,IH2006,2020-04-03 09:31:38.200,2654.6000,17289,0,208666080.000,0,-,-,-,-,2654.8000,2654.4000,2654.2000,2653.8000,2653.4000,2656.0000,2656.8000,2657.2000,2657.4000,2658.0000,1,1,2,4,2,1,1,2,1,2
SF,IH2006,2020-04-03 09:31:38.700,2654.6000,17289,0,208666080.000,0,-,-,-,-,2654.8000,2654.6000,2654.4000,2654.2000,2653.8000,2656.0000,2656.8000,2657.2000,2657.4000,2658.0000,1,1,1,2,4,1,1,2,1,2
SF,IH2006,2020-04-03 09:31:39.200,2654.6000,17289,0,208666080.000,0,-,-,-,-,2654.8000,2654.4000,2654.2000,2653.8000,2653.4000,2656.0000,2656.8000,2657.2000,2657.4000,2658.0000,1,1,2,4,2,1,1,2,1,2
SF,IH2006,2020-04-03 09:31:39.700,2654.6000,17289,0,208666080.000,0,-,-,-,-,2654.8000,2654.4000,2654.2000,2653.8000,2653.4000,2656.0000,2656.8000,2657.2000,2657.4000,2658.0000,1,2,2,4,2,1,1,2,1,2
SF,IH2006,2020-04-03 09:31:40.200,2654.6000,17289,0,208666080.000,0,-,-,-,-,2654.8000,2654.4000,2654.2000,2653.8000,2653.4000,2656.0000,2656.8000,2657.2000,2657.4000,2658.0000,1,2,2,4,2,1,1,2,1,2
SF,IH2006,2020-04-03 09:31:42.200,2654.6000,17289,0,208666080.000,0,-,-,-,-,2654.8000,2654.4000,2654.2000,2653.8000,2653.4000,2656.0000,2656.8000,2657.2000,2657.4000,2658.0000,1,2,2,4,2,1,1,2,1,2
SF,IH2006,2020-04-03 09:31:42.700,2656.0000,17288,-1,209462880.000,1,0,1,双平,S,2656.0000,2655.6000,2655.2000,2655.0000,2654.8000,2656.8000,2657.2000,2657.4000,2658.0000,2659.0000,1,1,3,4,1,1,2,1,2,1
SF,IH2006,2020-04-03 09:31:43.200,2656.0000,17288,0,209462880.000,0,-,-,-,-,2656.0000,2655.4000,2655.2000,2655.0000,2654.8000,2656.8000,2657.4000,2658.0000,2659.0000,2659.8000,1,1,3,4,1,1,1,2,1,2
SF,IH2006,2020-04-03 09:31:43.700,2656.0000,17288,0,209462880.000,0,-,-,-,-,2656.0000,2655.4000,2655.0000,2654.8000,2654.6000,2656.8000,2657.4000,2658.0000,2659.0000,2659.8000,1,1,4,1,1,1,1,2,1,2
SF,IH2006,2020-04-03 09:31:44.200,2656.0000,17288,0,209462880.000,0,-,-,-,-,2656.2000,2656.0000,2655.0000,2654.8000,2654.6000,2656.8000,2657.4000,2658.0000,2659.0000,2659.8000,1,1,4,1,1,1,1,2,1,2
SF,IH2006,2020-04-03 09:31:44.700,2656.0000,17288,0,209462880.000,0,-,-,-,-,2656.2000,2656.0000,2655.0000,2654.8000,2654.6000,2657.4000,2658.0000,2659.0000,2659.8000,2661.0000,1,1,4,1,1,1,2,1,2,1
SF,IH2006,2020-04-03 09:31:45.200,2656.0000,17288,0,209462880.000,0,-,-,-,-,2656.8000,2656.2000,2656.0000,2655.0000,2654.8000,2657.2000,2657.4000,2658.0000,2659.0000,2659.8000,1,1,1,4,1,1,1,2,1,2
SF,IH2006,2020-04-03 09:31:45.700,2656.0000,17288,0,209462880.000,0,-,-,-,-,2656.8000,2656.2000,2656.0000,2655.0000,2654.8000,2657.4000,2658.0000,2659.0000,2659.8000,2661.0000,1,1,1,4,1,1,2,2,2,1
SF,IH2006,2020-04-03 09:31:46.200,2656.0000,17288,0,209462880.000,0,-,-,-,-,2656.2000,2656.0000,2655.0000,2654.8000,2654.6000,2656.8000,2657.4000,2658.0000,2659.0000,2659.8000,1,1,4,1,1,1,1,2,2,2
SF,IH2006,2020-04-03 09:31:46.700,2656.8000,17287,-1,210259920.000,1,0,1,双平,S,2656.2000,2656.0000,2655.0000,2654.8000,2654.6000,2657.4000,2658.0000,2659.0000,2659.8000,2661.0000,1,1,4,1,1,1,2,2,2,1
SF,IH2006,2020-04-03 09:31:47.200,2656.8000,17287,0,210259920.000,0,-,-,-,-,2656.4000,2656.2000,2656.0000,2655.0000,2654.6000,2657.4000,2658.0000,2659.0000,2659.8000,2661.0000,1,1,1,4,1,1,2,2,2,1
SF,IH2006,2020-04-03 09:31:47.700,2657.4000,17286,-1,211057140.000,1,0,1,双平,S,2656.4000,2656.2000,2656.0000,2655.0000,2654.6000,2658.0000,2659.0000,2659.8000,2660.0000,2661.0000,1,1,1,4,1,2,2,2,1,1
SF,IH2006,2020-04-03 09:31:48.200,2657.4000,17286,0,211057140.000,0,-,-,-,-,2657.4000,2656.6000,2656.4000,2656.2000,2656.0000,2658.0000,2659.0000,2659.8000,2660.0000,2661.0000,1,1,1,1,1,2,2,2,1,1
SF,IH2006,2020-04-03 09:31:48.700,2657.4000,17287,1,211854360.000,1,1,0,双开,S,2656.4000,2656.2000,2656.0000,2655.0000,2654.4000,2658.0000,2659.0000,2659.8000,2660.0000,2661.0000,1,1,1,4,2,2,2,2,1,1
SF,IH2006,2020-04-03 09:31:49.200,2657.4000,17287,0,211854360.000,0,-,-,-,-,2656.6000,2656.4000,2656.2000,2656.0000,2655.0000,2657.8000,2658.0000,2659.0000,2659.8000,2660.0000,1,1,1,1,5,2,2,2,2,1
SF,IH2006,2020-04-03 09:31:49.700,2656.6000,17285,-2,213448680.000,2,0,2,双平,S,2656.4000,2656.2000,2656.0000,2655.0000,2654.4000,2658.0000,2659.0000,2659.8000,2660.0000,2661.0000,1,1,1,5,1,2,2,2,1,1
SF,IH2006,2020-04-03 09:31:50.200,2656.6000,17285,0,213448680.000,0,-,-,-,-,2656.4000,2656.2000,2656.0000,2655.0000,2654.4000,2657.8000,2658.0000,2659.0000,2659.8000,2660.0000,1,1,1,5,1,2,2,2,2,1
SF,IH2006,2020-04-03 09:31:50.700,2657.8000,17285,0,214246020.000,1,0,1,多换,S,2656.6000,2656.4000,2656.2000,2656.0000,2655.0000,2657.8000,2658.0000,2659.0000,2659.8000,2660.0000,1,1,1,1,6,1,2,2,2,1
SF,IH2006,2020-04-03 09:31:51.200,2657.8000,17285,0,214246020.000,0,-,-,-,-,2656.8000,2656.0000,2655.0000,2654.4000,2654.2000,2658.0000,2659.0000,2659.8000,2660.0000,2661.0000,2,1,5,1,1,2,2,2,1,1
SF,IH2006,2020-04-03 09:31:51.700,2656.8000,17284,-1,215043060.000,1,0,1,双平,S,2656.8000,2656.0000,2655.0000,2654.4000,2654.2000,2658.0000,2659.0000,2659.8000,2660.0000,2661.0000,1,1,5,1,1,2,2,2,1,1
SF,IH2006,2020-04-03 09:31:52.200,2656.8000,17283,-1,215840100.000,1,0,1,双平,S,2656.4000,2656.0000,2655.0000,2654.4000,2654.2000,2658.0000,2659.0000,2659.8000,2660.0000,2661.0000,1,1,5,1,1,2,2,2,1,1
SF,IH2006,2020-04-03 09:31:52.700,2658.0000,17284,1,216637500.000,1,1,0,双开,S,2656.6000,2656.4000,2656.0000,2655.0000,2654.4000,2658.0000,2659.0000,2659.8000,2660.0000,2661.0000,3,1,1,5,1,2,2,2,1,1
SF,IH2006,2020-04-03 09:31:53.200,2658.0000,17284,0,216637500.000,0,-,-,-,-,2656.6000,2656.4000,2656.0000,2655.0000,2654.4000,2658.0000,2659.0000,2659.8000,2660.0000,2661.0000,3,1,1,5,1,2,2,2,1,1
SF,IH2006,2020-04-03 09:31:53.700,2658.0000,17284,0,216637500.000,0,-,-,-,-,2656.6000,2656.4000,2656.0000,2655.0000,2654.4000,2657.8000,2658.0000,2659.0000,2659.8000,2660.0000,3,1,1,5,1,1,2,2,2,1
SF,IH2006,2020-04-03 09:31:54.700,2658.0000,17284,0,216637500.000,0,-,-,-,-,2656.6000,2656.4000,2656.0000,2655.0000,2654.4000,2657.8000,2658.0000,2659.0000,2659.8000,2660.0000,3,1,1,5,1,1,2,2,2,1
SF,IH2006,2020-04-03 09:31:55.200,2658.0000,17284,0,216637500.000,0,-,-,-,-,2656.6000,2656.4000,2656.0000,2655.0000,2654.4000,2657.8000,2658.0000,2659.0000,2659.8000,2660.0000,2,1,1,5,1,1,2,2,2,1
SF,IH2006,2020-04-03 09:31:55.700,2658.0000,17284,0,216637500.000,0,-,-,-,-,2656.4000,2656.0000,2655.0000,2654.4000,2654.2000,2656.6000,2657.6000,2657.8000,2658.0000,2659.0000,1,1,5,1,1,1,1,1,2,2
SF,IH2006,2020-04-03 09:31:56.200,2656.4000,17283,-1,217434420.000,1,0,1,双平,S,2656.0000,2655.0000,2654.4000,2654.2000,2653.8000,2656.4000,2656.6000,2657.6000,2657.8000,2658.0000,2,5,1,1,2,1,2,1,1,2
SF,IH2006,2020-04-03 09:31:56.700,2656.4000,17283,0,217434420.000,0,-,-,-,-,2656.0000,2655.0000,2654.4000,2654.2000,2654.0000,2656.4000,2656.6000,2657.6000,2657.8000,2658.0000,2,4,1,1,1,1,2,1,1,2
SF,IH2006,2020-04-03 09:31:57.200,2656.4000,17283,0,219028260.000,2,1,1,多换,S,2656.0000,2655.0000,2654.4000,2654.2000,2654.0000,2656.4000,2656.6000,2657.8000,2658.0000,2659.0000,1,1,1,1,1,1,2,1,2,1
SF,IH2006,2020-04-03 09:31:57.700,2656.4000,17283,0,219028260.000,0,-,-,-,-,2656.0000,2655.0000,2654.4000,2654.2000,2654.0000,2656.4000,2656.6000,2657.8000,2658.0000,2659.0000,1,1,1,1,1,1,1,1,2,1
SF,IH2006,2020-04-03 09:31:58.200,2656.0000,17283,0,219825060.000,1,0,1,多换,S,2655.0000,2654.4000,2654.2000,2654.0000,2653.8000,2656.0000,2656.4000,2656.6000,2657.8000,2658.0000,1,1,1,1,2,1,1,1,1,2
SF,IH2006,2020-04-03 09:31:58.700,2656.0000,17283,0,219825060.000,0,-,-,-,-,2655.4000,2655.2000,2655.0000,2654.4000,2654.2000,2656.4000,2656.6000,2657.8000,2658.0000,2659.0000,1,3,1,1,1,1,1,1,2,1
SF,IH2006,2020-04-03 09:31:59.200,2655.2000,17282,-1,221418540.000,2,0,2,多平,S,2655.2000,2655.0000,2654.4000,2654.2000,2654.0000,2656.2000,2656.6000,2657.8000,2658.0000,2659.0000,1,1,1,1,1,1,1,1,2,1
SF,IH2006,2020-04-03 09:31:59.700,2656.2000,17283,1,222215400.000,1,1,0,双开,S,2655.4000,2655.2000,2655.0000,2654.4000,2654.2000,2656.6000,2657.8000,2658.0000,2659.0000,2659.8000,1,1,1,1,1,1,1,2,1,2
SF,IH2006,2020-04-03 09:32:00.200,2656.2000,17283,0,222215400.000,0,-,-,-,-,2656.6000,2656.2000,2656.0000,2655.6000,2655.4000,2657.8000,2658.0000,2659.0000,2659.8000,2661.0000,2,1,1,3,3,1,2,1,2,1
SF,IH2006,2020-04-03 09:32:00.700,2656.2000,17283,0,222215400.000,0,-,-,-,-,2656.8000,2656.6000,2656.4000,2656.2000,2655.6000,2657.6000,2657.8000,2658.0000,2659.0000,2659.8000,1,1,1,1,1,4,1,2,1,2
SF,IH2006,2020-04-03 09:32:01.200,2657.8000,17281,-2,223810020.000,2,0,2,双平,S,2657.6000,2656.8000,2656.6000,2656.4000,2656.2000,2658.0000,2659.0000,2659.2000,2659.8000,2661.0000,2,1,1,1,1,3,1,1,2,1
SF,IH2006,2020-04-03 09:32:01.700,2657.8000,17280,-1,224607360.000,1,0,1,双平,S,2657.8000,2656.8000,2656.6000,2656.4000,2656.2000,2658.0000,2659.0000,2659.2000,2659.8000,2661.0000,1,1,1,1,1,3,1,1,2,1
SF,IH2006,2020-04-03 09:32:02.200,2657.8000,17281,1,225404700.000,1,1,0,双开,S,2656.6000,2656.4000,2656.2000,2655.6000,2655.4000,2657.6000,2657.8000,2658.0000,2659.0000,2659.2000,1,1,1,1,2,1,3,3,1,1
SF,IH2006,2020-04-03 09:32:02.700,2657.6000,17281,0,226201980.000,1,0,1,多换,S,2656.8000,2656.6000,2656.4000,2656.2000,2655.6000,2657.8000,2658.0000,2658.6000,2659.0000,2659.2000,1,1,1,1,1,2,3,1,1,1
SF,IH2006,2020-04-03 09:32:03.200,2657.8000,17281,0,226999320.000,1,0,1,多换,S,2656.8000,2656.6000,2656.4000,2656.2000,2655.6000,2658.0000,2658.6000,2659.0000,2659.2000,2659.8000,1,1,1,1,1,3,1,1,1,3
SF,IH2006,2020-04-03 09:32:03.700,2657.8000,17281,0,226999320.000,0,-,-,-,-,2656.8000,2656.6000,2656.4000,2656.2000,2655.6000,2658.0000,2658.6000,2659.0000,2659.2000,2659.8000,1,1,1,1,1,3,1,1,1,3
SF,IH2006,2020-04-03 09:32:04.700,2657.8000,17281,0,226999320.000,0,-,-,-,-,2657.0000,2656.8000,2656.6000,2656.4000,2656.2000,2658.0000,2658.6000,2659.0000,2659.2000,2659.8000,1,2,1,1,1,2,1,1,1,3
SF,IH2006,2020-04-03 09:32:06.700,2657.8000,17281,0,226999320.000,0,-,-,-,-,2657.0000,2656.8000,2656.6000,2656.4000,2656.2000,2658.0000,2658.6000,2659.0000,2659.2000,2659.8000,1,2,1,1,1,2,1,1,1,3
SF,IH2006,2020-04-03 09:32:07.200,2657.8000,17281,0,226999320.000,0,-,-,-,-,2657.0000,2656.8000,2656.6000,2656.4000,2656.2000,2657.8000,2658.0000,2658.6000,2659.0000,2659.2000,1,1,1,1,1,1,2,1,1,1
SF,IH2006,2020-04-03 09:32:08.200,2657.8000,17281,0,226999320.000,0,-,-,-,-,2657.0000,2656.8000,2656.6000,2656.4000,2656.2000,2657.6000,2657.8000,2658.0000,2658.6000,2659.0000,1,1,1,1,1,2,1,2,1,1
SF,IH2006,2020-04-03 09:32:08.700,2656.8000,17279,-2,228593460.000,2,0,2,双平,S,2656.4000,2656.2000,2655.6000,2655.4000,2655.0000,2657.6000,2657.8000,2658.0000,2658.6000,2659.0000,1,1,1,1,1,4,1,2,1,1
SF,IH2006,2020-04-03 09:32:09.200,2656.8000,17279,0,228593460.000,0,-,-,-,-,2656.4000,2656.2000,2655.6000,2655.4000,2655.0000,2657.4000,2657.6000,2658.0000,2658.6000,2659.0000,1,1,1,1,1,6,4,2,1,1
SF,IH2006,2020-04-03 09:32:09.700,2656.8000,17279,0,228593460.000,0,-,-,-,-,2656.4000,2656.2000,2655.6000,2654.8000,2654.4000,2657.2000,2657.4000,2657.6000,2658.0000,2658.6000,1,1,1,1,1,5,6,4,2,1
SF,IH2006,2020-04-03 09:32:10.200,2656.4000,17278,-1,229390380.000,1,0,1,双平,S,2656.2000,2655.6000,2654.8000,2654.4000,2654.2000,2657.0000,2657.2000,2657.4000,2657.6000,2658.0000,1,1,1,1,1,4,5,1,4,2
SF,IH2006,2020-04-03 09:32:10.700,2656.4000,17278,0,229390380.000,0,-,-,-,-,2656.2000,2655.6000,2654.8000,2654.4000,2654.2000,2656.8000,2657.0000,2657.2000,2657.4000,2657.6000,1,1,1,1,1,1,5,5,1,4
SF,IH2006,2020-04-03 09:32:11.200,2656.4000,17278,0,229390380.000,0,-,-,-,-,2655.6000,2654.8000,2654.4000,2654.2000,2654.0000,2656.6000,2656.8000,2657.2000,2657.4000,2657.6000,1,1,1,1,1,4,2,3,1,4
SF,IH2006,2020-04-03 09:32:11.700,2656.4000,17278,0,229390380.000,0,-,-,-,-,2655.6000,2654.8000,2654.4000,2654.2000,2654.0000,2656.4000,2656.6000,2656.8000,2657.2000,2657.4000,1,1,1,1,2,1,4,2,3,1
SF,IH2006,2020-04-03 09:32:12.200,2656.4000,17278,0,229390380.000,0,-,-,-,-,2655.6000,2654.8000,2654.4000,2654.2000,2654.0000,2656.2000,2656.4000,2656.8000,2657.2000,2657.4000,1,1,1,1,2,5,1,3,3,1
SF,IH2006,2020-04-03 09:32:12.700,2656.4000,17278,0,229390380.000,0,-,-,-,-,2655.6000,2654.8000,2654.4000,2654.2000,2654.0000,2656.2000,2656.4000,2656.8000,2657.2000,2657.4000,1,1,1,1,2,2,1,2,3,1
SF,IH2006,2020-04-03 09:32:13.200,2656.4000,17278,0,229390380.000,0,-,-,-,-,2654.8000,2654.4000,2654.2000,2654.0000,2653.8000,2656.2000,2656.4000,2656.8000,2657.2000,2657.4000,1,1,1,2,2,2,1,2,3,1
SF,IH2006,2020-04-03 09:32:13.700,2656.4000,17278,0,229390380.000,0,-,-,-,-,2655.0000,2654.8000,2654.4000,2654.2000,2654.0000,2656.2000,2656.8000,2657.2000,2657.4000,2657.6000,2,1,1,1,2,2,2,3,1,3
SF,IH2006,2020-04-03 09:32:14.200,2656.4000,17278,0,229390380.000,0,-,-,-,-,2655.0000,2654.8000,2654.4000,2654.2000,2654.0000,2656.2000,2656.8000,2657.2000,2657.4000,2657.6000,2,1,1,1,2,2,2,3,1,3
SF,IH2006,2020-04-03 09:32:15.200,2656.4000,17278,0,229390380.000,0,-,-,-,-,2655.0000,2654.8000,2654.4000,2654.2000,2654.0000,2656.2000,2656.8000,2657.2000,2657.4000,2657.6000,1,1,1,1,2,2,2,3,1,3
SF,IH2006,2020-04-03 09:32:15.700,2656.4000,17278,0,229390380.000,0,-,-,-,-,2655.0000,2654.8000,2654.4000,2654.2000,2654.0000,2656.0000,2656.2000,2656.8000,2657.2000,2657.4000,1,1,1,1,2,1,2,2,3,1
SF,IH2006,2020-04-03 09:32:16.200,2656.4000,17278,0,229390380.000,0,-,-,-,-,2654.8000,2654.4000,2654.0000,2653.8000,2653.4000,2655.8000,2656.0000,2656.2000,2656.8000,2657.2000,2,1,2,2,2,1,4,2,2,3
SF,IH2006,2020-04-03 09:32:17.200,2656.2000,17278,0,230187240.000,1,0,1,多换,S,2654.8000,2654.4000,2654.0000,2653.8000,2653.4000,2655.6000,2656.0000,2656.2000,2656.8000,2657.2000,2,1,2,2,2,1,4,2,2,3
SF,IH2006,2020-04-03 09:32:17.700,2656.2000,17278,0,230187240.000,0,-,-,-,-,2654.8000,2654.4000,2654.0000,2653.8000,2653.4000,2655.6000,2656.0000,2656.2000,2656.8000,2657.2000,2,1,2,2,2,1,4,2,2,3
SF,IH2006,2020-04-03 09:32:18.200,2656.2000,17278,0,230187240.000,0,-,-,-,-,2654.8000,2654.4000,2654.0000,2653.8000,2653.4000,2655.6000,2656.0000,2656.2000,2656.8000,2657.2000,1,1,2,2,2,1,4,1,2,3
SF,IH2006,2020-04-03 09:32:18.700,2654.8000,17277,-1,230983680.000,1,0,1,双平,S,2654.4000,2654.0000,2653.8000,2653.4000,2653.2000,2655.4000,2655.6000,2656.0000,2656.2000,2656.8000,1,2,1,2,2,1,1,4,1,2
SF,IH2006,2020-04-03 09:32:19.200,2654.4000,17277,0,231780000.000,1,0,1,多换,S,2654.0000,2653.4000,2653.2000,2653.0000,2652.0000,2654.8000,2655.2000,2655.4000,2655.6000,2656.0000,2,2,2,3,2,1,2,2,1,4
SF,IH2006,2020-04-03 09:32:19.700,2654.8000,17276,-1,232576440.000,1,0,1,双平,S,2654.0000,2653.4000,2653.2000,2653.0000,2652.2000,2655.2000,2655.4000,2655.6000,2655.8000,2656.0000,2,2,1,3,1,5,2,1,1,1
SF,IH2006,2020-04-03 09:32:20.200,2654.8000,17276,0,232576440.000,0,-,-,-,-,2654.0000,2653.4000,2653.2000,2653.0000,2652.2000,2655.2000,2655.4000,2655.6000,2655.8000,2656.0000,2,2,1,3,1,5,1,1,1,1
SF,IH2006,2020-04-03 09:32:20.700,2654.8000,17276,0,232576440.000,0,-,-,-,-,2654.0000,2653.4000,2653.2000,2653.0000,2652.2000,2655.0000,2655.2000,2655.4000,2655.6000,2655.8000,2,2,1,3,1,4,5,2,1,1
SF,IH2006,2020-04-03 09:32:21.200,2654.8000,17276,0,232576440.000,0,-,-,-,-,2654.0000,2653.4000,2653.2000,2653.0000,2652.2000,2654.8000,2655.0000,2655.2000,2655.4000,2655.8000,2,2,1,3,1,1,3,4,2,1
SF,IH2006,2020-04-03 09:32:21.700,2654.8000,17276,0,232576440.000,0,-,-,-,-,2654.0000,2653.4000,2653.2000,2653.0000,2652.2000,2654.8000,2655.0000,2655.2000,2655.4000,2655.8000,2,2,1,3,1,1,3,4,1,1
SF,IH2006,2020-04-03 09:32:22.200,2654.8000,17276,0,233372880.000,1,0,1,多换,S,2654.0000,2653.4000,2653.2000,2653.0000,2652.2000,2655.0000,2655.2000,2655.4000,2655.8000,2656.0000,2,2,1,3,1,3,4,1,1,1
SF,IH2006,2020-04-03 09:32:22.700,2654.8000,17276,0,233372880.000,0,-,-,-,-,2654.0000,2653.4000,2653.2000,2653.0000,2652.2000,2654.6000,2655.0000,2655.2000,2655.4000,2655.8000,2,2,1,3,1,1,3,4,1,1
SF,IH2006,2020-04-03 09:32:23.200,2654.8000,17276,0,233372880.000,0,-,-,-,-,2654.2000,2654.0000,2653.4000,2653.2000,2653.0000,2654.6000,2655.0000,2655.2000,2655.4000,2655.8000,1,2,2,1,3,1,3,4,1,1
SF,IH2006,2020-04-03 09:32:23.700,2654.8000,17276,0,233372880.000,0,-,-,-,-,2654.0000,2653.4000,2653.2000,2653.0000,2652.2000,2655.2000,2655.4000,2655.8000,2656.0000,2657.6000,2,2,1,3,1,4,1,1,1,2
SF,IH2006,2020-04-03 09:32:24.200,2654.8000,17276,0,233372880.000,0,-,-,-,-,2654.6000,2654.0000,2653.4000,2653.2000,2653.0000,2655.0000,2655.2000,2655.4000,2655.8000,2656.0000,2,2,2,1,3,1,1,1,1,1
SF,IH2006,2020-04-03 09:32:24.700,2654.8000,17276,0,233372880.000,0,-,-,-,-,2655.2000,2655.0000,2654.6000,2654.2000,2654.0000,2655.4000,2655.8000,2656.0000,2657.6000,2658.0000,1,2,1,1,2,1,1,1,2,1
SF,IH2006,2020-04-03 09:32:25.200,2655.4000,17276,0,234169500.000,1,0,1,多换,S,2655.4000,2655.2000,2655.0000,2654.6000,2654.2000,2656.0000,2657.6000,2658.0000,2659.0000,2659.8000,3,1,2,1,1,1,2,1,2,2
SF,IH2006,2020-04-03 09:32:25.700,2655.4000,17276,0,234169500.000,0,-,-,-,-,2655.8000,2655.4000,2655.2000,2655.0000,2654.6000,2656.0000,2656.6000,2657.6000,2658.0000,2659.0000,1,2,1,2,1,1,1,2,1,2
SF,IH2006,2020-04-03 09:32:26.200,2655.6000,17274,-2,235762920.000,2,0,2,双平,S,2655.4000,2655.2000,2655.0000,2654.6000,2654.0000,2655.8000,2656.0000,2656.6000,2657.6000,2658.0000,3,1,2,1,2,2,1,1,2,1
SF,IH2006,2020-04-03 09:32:26.700,2655.8000,17273,-1,236559660.000,1,0,1,双平,S,2655.8000,2655.6000,2655.4000,2655.2000,2655.0000,2656.0000,2658.0000,2659.0000,2659.8000,2661.0000,1,1,3,1,2,1,1,2,2,1
SF,IH2006,2020-04-03 09:32:27.200,2656.0000,17273,0,237356460.000,1,0,1,多换,S,2656.0000,2655.8000,2655.4000,2655.2000,2655.0000,2658.0000,2659.0000,2659.8000,2661.0000,2661.2000,1,1,3,1,2,1,2,2,1,1
SF,IH2006,2020-04-03 09:32:27.700,2655.8000,17271,-2,238950000.000,2,0,2,双平,S,2656.2000,2655.4000,2655.2000,2655.0000,2654.6000,2657.8000,2658.0000,2659.0000,2659.8000,2661.0000,1,3,1,1,1,8,1,2,2,1
SF,IH2006,2020-04-03 09:32:28.200,2656.0000,17270,-1,239746800.000,1,0,1,双平,S,2655.4000,2655.2000,2655.0000,2654.6000,2654.0000,2656.0000,2657.0000,2657.4000,2657.8000,2658.0000,3,1,1,1,2,1,1,1,8,4
SF,IH2006,2020-04-03 09:32:28.700,2656.0000,17269,-1,240543600.000,1,0,1,双平,S,2655.4000,2655.2000,2655.0000,2654.6000,2654.2000,2657.0000,2657.4000,2657.6000,2657.8000,2658.0000,3,1,1,1,1,1,1,3,7,4
SF,IH2006,2020-04-03 09:32:29.200,2656.0000,17269,0,240543600.000,0,-,-,-,-,2655.4000,2655.2000,2655.0000,2654.6000,2654.2000,2656.8000,2657.0000,2657.4000,2657.6000,2657.8000,3,1,1,1,1,8,1,1,3,2
SF,IH2006,2020-04-03 09:32:29.700,2656.0000,17269,0,240543600.000,0,-,-,-,-,2655.4000,2655.2000,2655.0000,2654.6000,2654.2000,2656.4000,2656.8000,2657.4000,2657.6000,2657.8000,3,1,1,1,1,1,7,1,4,2
SF,IH2006,2020-04-03 09:32:30.200,2656.0000,17269,0,240543600.000,0,-,-,-,-,2655.4000,2655.2000,2655.0000,2654.6000,2654.2000,2656.4000,2656.8000,2657.4000,2657.6000,2657.8000,3,1,1,1,1,1,6,1,4,2
SF,IH2006,2020-04-03 09:32:30.700,2656.0000,17269,0,240543600.000,0,-,-,-,-,2655.4000,2655.2000,2655.0000,2654.6000,2654.2000,2656.2000,2656.4000,2656.8000,2657.4000,2657.6000,1,1,1,1,1,1,1,6,1,4
SF,IH2006,2020-04-03 09:32:31.200,2656.0000,17269,0,240543600.000,0,-,-,-,-,2655.4000,2655.2000,2655.0000,2654.6000,2654.2000,2656.2000,2656.4000,2656.8000,2657.4000,2657.6000,1,1,1,1,1,1,1,6,1,4
SF,IH2006,2020-04-03 09:32:31.700,2656.0000,17269,0,240543600.000,0,-,-,-,-,2655.4000,2655.2000,2655.0000,2654.6000,2654.2000,2656.0000,2656.2000,2656.8000,2657.4000,2657.6000,1,1,1,1,1,1,1,6,1,4
SF,IH2006,2020-04-03 09:32:32.200,2655.4000,17268,-1,241340220.000,1,0,1,双平,S,2654.6000,2654.2000,2654.0000,2653.4000,2653.0000,2655.2000,2655.8000,2656.0000,2656.2000,2656.8000,1,1,1,3,3,1,1,1,1,6
SF,IH2006,2020-04-03 09:32:32.700,2655.4000,17268,0,241340220.000,0,-,-,-,-,2655.4000,2655.2000,2654.6000,2654.2000,2654.0000,2655.8000,2656.0000,2656.8000,2657.4000,2657.6000,2,1,1,1,1,1,1,6,1,3
SF,IH2006,2020-04-03 09:32:33.200,2655.4000,17268,0,241340220.000,0,-,-,-,-,2655.4000,2655.2000,2654.6000,2654.2000,2654.0000,2655.8000,2656.8000,2657.4000,2657.6000,2657.8000,2,1,1,1,1,1,6,1,3,1
SF,IH2006,2020-04-03 09:32:33.700,2655.4000,17268,0,241340220.000,0,-,-,-,-,2655.2000,2654.6000,2654.2000,2654.0000,2653.4000,2655.8000,2656.8000,2657.4000,2657.6000,2657.8000,1,1,1,1,3,1,6,1,3,1
SF,IH2006,2020-04-03 09:32:34.700,2655.4000,17268,0,241340220.000,0,-,-,-,-,2655.2000,2654.6000,2654.2000,2654.0000,2653.4000,2655.6000,2655.8000,2656.8000,2657.4000,2657.6000,1,1,1,1,3,1,1,5,1,3
SF,IH2006,2020-04-03 09:32:35.200,2655.8000,17266,-2,242933640.000,2,0,2,双平,S,2655.6000,2655.2000,2654.6000,2654.2000,2654.0000,2656.8000,2657.4000,2657.6000,2657.8000,2658.0000,1,1,1,1,1,5,1,3,1,1
SF,IH2006,2020-04-03 09:32:35.700,2655.8000,17266,0,242933640.000,0,-,-,-,-,2655.2000,2654.6000,2654.2000,2654.0000,2653.4000,2656.6000,2656.8000,2657.4000,2657.6000,2657.8000,1,1,1,1,3,1,5,1,3,1
SF,IH2006,2020-04-03 09:32:36.200,2655.8000,17266,0,242933640.000,0,-,-,-,-,2655.4000,2655.2000,2654.6000,2654.2000,2654.0000,2656.4000,2656.8000,2657.4000,2657.6000,2657.8000,3,1,1,1,1,4,1,1,3,1
SF,IH2006,2020-04-03 09:32:36.700,2655.8000,17266,0,242933640.000,0,-,-,-,-,2655.4000,2655.2000,2654.6000,2654.2000,2654.0000,2656.8000,2657.4000,2657.6000,2657.8000,2658.0000,3,1,1,1,1,1,1,3,1,1
SF,IH2006,2020-04-03 09:32:37.200,2655.8000,17266,0,242933640.000,0,-,-,-,-,2655.2000,2654.6000,2654.2000,2654.0000,2653.4000,2656.6000,2656.8000,2657.4000,2657.6000,2657.8000,1,1,1,1,3,5,1,1,3,1
SF,IH2006,2020-04-03 09:32:37.700,2655.8000,17266,0,242933640.000,0,-,-,-,-,2654.6000,2654.2000,2654.0000,2653.4000,2653.0000,2655.2000,2656.4000,2656.6000,2657.4000,2657.6000,1,1,1,3,3,2,1,5,1,3
SF,IH2006,2020-04-03 09:32:38.200,2655.2000,17264,-2,244526760.000,2,0,2,双平,S,2655.4000,2655.2000,2654.8000,2654.6000,2654.2000,2656.4000,2656.6000,2657.4000,2657.6000,2657.8000,1,1,1,2,1,1,4,1,3,1
SF,IH2006,2020-04-03 09:32:38.700,2655.4000,17263,-1,245323380.000,1,0,1,双平,S,2655.2000,2654.6000,2654.2000,2654.0000,2653.4000,2655.4000,2656.2000,2656.4000,2656.6000,2657.4000,1,1,1,1,3,1,3,1,4,1
SF,IH2006,2020-04-03 09:32:39.200,2655.4000,17263,0,245323380.000,0,-,-,-,-,2654.6000,2654.2000,2654.0000,2653.4000,2653.0000,2655.2000,2655.4000,2656.2000,2656.4000,2657.4000,1,1,1,3,3,1,1,8,1,1
SF,IH2006,2020-04-03 09:32:39.700,2655.4000,17263,0,245323380.000,0,-,-,-,-,2654.6000,2654.2000,2654.0000,2653.4000,2653.0000,2655.4000,2656.2000,2656.4000,2657.4000,2657.6000,1,1,1,3,3,1,8,1,1,3
SF,IH2006,2020-04-03 09:32:40.200,2655.4000,17263,0,245323380.000,0,-,-,-,-,2654.6000,2654.2000,2654.0000,2653.4000,2653.0000,2655.4000,2656.2000,2656.4000,2657.4000,2657.6000,1,1,1,3,3,1,8,1,2,3
SF,IH2006,2020-04-03 09:32:40.700,2655.4000,17263,0,245323380.000,0,-,-,-,-,2654.6000,2654.2000,2654.0000,2653.4000,2653.0000,2655.4000,2656.2000,2656.4000,2657.4000,2657.6000,1,1,1,3,3,1,6,1,2,3
SF,IH2006,2020-04-03 09:32:41.200,2655.4000,17263,0,245323380.000,0,-,-,-,-,2654.6000,2654.2000,2654.0000,2653.4000,2653.0000,2655.4000,2656.2000,2656.4000,2657.4000,2657.6000,1,1,1,3,3,1,5,1,2,3
SF,IH2006,2020-04-03 09:32:42.700,2655.4000,17263,0,245323380.000,0,-,-,-,-,2655.0000,2654.6000,2654.2000,2654.0000,2653.4000,2655.4000,2656.2000,2656.4000,2657.4000,2657.6000,1,1,1,1,3,1,5,1,2,3
SF,IH2006,2020-04-03 09:32:43.200,2655.4000,17263,0,245323380.000,0,-,-,-,-,2655.0000,2654.6000,2654.2000,2654.0000,2653.4000,2655.2000,2655.4000,2656.2000,2656.4000,2657.4000,1,1,1,1,3,1,1,5,1,2
SF,IH2006,2020-04-03 09:32:44.200,2655.4000,17263,0,245323380.000,0,-,-,-,-,2655.0000,2654.6000,2654.2000,2654.0000,2653.4000,2655.2000,2655.4000,2656.2000,2656.4000,2657.4000,1,1,1,1,3,1,1,5,1,2
SF,IH2006,2020-04-03 09:32:44.700,2655.2000,17262,-1,246119940.000,1,0,1,双平,S,2655.0000,2654.6000,2654.2000,2654.0000,2653.4000,2655.4000,2656.2000,2656.4000,2657.4000,2657.6000,1,1,1,1,3,1,5,1,2,3
SF,IH2006,2020-04-03 09:32:45.200,2655.2000,17262,0,246119940.000,0,-,-,-,-,2655.0000,2654.6000,2654.2000,2654.0000,2653.4000,2655.4000,2656.2000,2656.4000,2656.8000,2657.4000,1,1,1,1,3,1,5,1,1,2
SF,IH2006,2020-04-03 09:32:47.200,2655.4000,17261,-1,246916560.000,1,0,1,双平,S,2655.0000,2654.6000,2654.2000,2654.0000,2653.4000,2656.2000,2656.4000,2656.8000,2657.4000,2657.6000,1,1,1,1,3,5,1,1,2,3
SF,IH2006,2020-04-03 09:32:47.700,2655.4000,17261,0,246916560.000,0,-,-,-,-,2655.0000,2654.6000,2654.2000,2654.0000,2653.4000,2656.0000,2656.2000,2656.4000,2656.8000,2657.4000,1,1,1,1,3,1,5,1,1,2
SF,IH2006,2020-04-03 09:32:48.200,2655.0000,17261,0,247713060.000,1,0,1,多换,S,2655.2000,2654.6000,2654.2000,2654.0000,2653.4000,2656.0000,2656.2000,2656.4000,2656.8000,2657.4000,1,1,1,1,3,1,5,1,1,2
SF,IH2006,2020-04-03 09:32:48.700,2655.2000,17259,-2,249306420.000,2,0,2,双平,S,2654.6000,2654.2000,2654.0000,2653.4000,2653.0000,2656.2000,2656.4000,2656.8000,2657.4000,2657.6000,1,1,1,3,2,5,1,1,2,3
SF,IH2006,2020-04-03 09:32:49.200,2656.2000,17259,0,250103280.000,1,0,1,多换,S,2654.8000,2654.6000,2654.2000,2654.0000,2653.4000,2656.2000,2656.4000,2656.8000,2657.4000,2657.6000,4,2,1,1,3,4,1,1,2,3
SF,IH2006,2020-04-03 09:32:49.700,2656.2000,17259,0,250103280.000,0,-,-,-,-,2655.0000,2654.8000,2654.6000,2654.2000,2654.0000,2656.0000,2656.2000,2656.4000,2656.8000,2657.4000,1,1,1,1,1,1,4,1,1,2
SF,IH2006,2020-04-03 09:32:50.200,2656.2000,17259,0,250103280.000,0,-,-,-,-,2655.0000,2654.8000,2654.6000,2654.2000,2654.0000,2656.0000,2656.2000,2656.4000,2656.8000,2657.4000,1,1,1,1,1,1,4,1,1,2
SF,IH2006,2020-04-03 09:32:50.700,2656.2000,17259,0,250103280.000,0,-,-,-,-,2654.8000,2654.6000,2654.2000,2654.0000,2653.4000,2656.0000,2656.2000,2656.4000,2656.8000,2657.4000,1,1,1,1,3,1,4,1,1,2
SF,IH2006,2020-04-03 09:32:51.200,2656.2000,17259,0,250103280.000,0,-,-,-,-,2654.8000,2654.6000,2654.2000,2654.0000,2653.4000,2655.8000,2656.0000,2656.2000,2656.4000,2656.8000,1,1,1,1,3,1,1,3,1,1
SF,IH2006,2020-04-03 09:32:51.700,2656.2000,17259,0,250103280.000,0,-,-,-,-,2654.8000,2654.6000,2654.2000,2654.0000,2653.4000,2655.8000,2656.0000,2656.4000,2656.8000,2657.4000,1,1,1,1,3,4,1,1,1,2
SF,IH2006,2020-04-03 09:32:52.200,2656.2000,17259,0,250103280.000,0,-,-,-,-,2654.8000,2654.6000,2654.2000,2654.0000,2653.4000,2656.0000,2656.4000,2656.8000,2657.4000,2657.6000,1,1,1,1,3,1,1,1,2,3
SF,IH2006,2020-04-03 09:32:52.700,2656.2000,17259,0,250103280.000,0,-,-,-,-,2654.8000,2654.6000,2654.2000,2654.0000,2653.4000,2656.0000,2656.4000,2656.8000,2657.4000,2657.6000,1,1,1,1,3,2,1,1,2,3
SF,IH2006,2020-04-03 09:32:53.200,2656.2000,17259,0,250103280.000,0,-,-,-,-,2654.6000,2654.2000,2654.0000,2653.4000,2653.0000,2656.0000,2656.4000,2656.8000,2657.4000,2657.6000,1,1,1,3,2,2,1,1,2,3
SF,IH2006,2020-04-03 09:32:53.700,2656.2000,17259,0,250103280.000,0,-,-,-,-,2654.6000,2654.2000,2654.0000,2653.4000,2653.0000,2655.8000,2656.0000,2656.4000,2656.8000,2657.4000,1,1,1,3,2,4,2,1,1,2
SF,IH2006,2020-04-03 09:32:54.200,2654.6000,17258,-1,251696040.000,2,0,2,多平,S,2654.2000,2654.0000,2653.4000,2653.0000,2652.2000,2654.6000,2655.8000,2656.0000,2656.4000,2656.8000,1,1,3,2,1,18,3,2,1,1
SF,IH2006,2020-04-03 09:32:54.700,2654.6000,17257,-1,252492420.000,1,0,1,双平,S,2654.2000,2654.0000,2653.4000,2653.0000,2652.2000,2654.6000,2655.6000,2655.8000,2656.0000,2656.4000,1,1,3,2,1,17,1,3,2,1
SF,IH2006,2020-04-03 09:32:56.700,2654.2000,17257,0,253288680.000,1,0,1,多换,S,2654.0000,2653.4000,2653.0000,2652.2000,2652.0000,2654.2000,2654.6000,2655.6000,2655.8000,2656.0000,1,3,2,1,5,10,17,1,3,2
SF,IH2006,2020-04-03 09:32:57.200,2654.2000,17252,-5,257269980.000,5,0,5,双平,S,2654.0000,2653.4000,2653.0000,2652.2000,2652.0000,2654.2000,2654.6000,2655.6000,2655.8000,2656.0000,1,3,2,1,5,5,17,1,3,2
SF,IH2006,2020-04-03 09:32:57.700,2654.0000,17253,1,258066180.000,1,1,0,双开,S,2653.4000,2653.0000,2652.2000,2652.0000,2651.6000,2654.2000,2654.6000,2655.6000,2655.8000,2656.0000,3,2,1,5,1,5,17,1,3,2
SF,IH2006,2020-04-03 09:32:58.200,2654.0000,17253,0,258066180.000,0,-,-,-,-,2653.4000,2653.2000,2653.0000,2652.2000,2652.0000,2654.0000,2654.2000,2654.6000,2655.6000,2655.8000,3,1,2,1,5,1,5,17,1,3
SF,IH2006,2020-04-03 09:32:58.700,2654.2000,17248,-5,262843680.000,6,0,6,多平,S,2654.0000,2653.8000,2653.6000,2653.4000,2653.2000,2654.6000,2655.6000,2655.8000,2656.0000,2657.4000,1,1,10,3,1,17,1,3,2,1
SF,IH2006,2020-04-03 09:32:59.200,2654.2000,17248,0,262843680.000,0,-,-,-,-,2654.0000,2653.6000,2653.4000,2653.2000,2653.0000,2654.6000,2655.6000,2655.8000,2656.0000,2657.4000,2,6,3,1,2,17,1,3,2,1
SF,IH2006,2020-04-03 09:32:59.700,2654.2000,17248,0,262843680.000,0,-,-,-,-,2654.2000,2654.0000,2653.6000,2653.4000,2653.2000,2654.6000,2655.6000,2655.8000,2656.0000,2657.4000,1,1,3,3,1,17,1,3,2,1
SF,IH2006,2020-04-03 09:33:00.700,2654.2000,17248,0,262843680.000,0,-,-,-,-,2654.0000,2653.6000,2653.4000,2653.2000,2653.0000,2654.6000,2655.6000,2655.8000,2656.0000,2657.4000,1,3,3,1,2,17,1,3,2,1
SF,IH2006,2020-04-03 09:33:01.200,2654.0000,17248,0,263639880.000,1,0,1,多换,S,2653.6000,2653.4000,2653.2000,2653.0000,2652.2000,2654.6000,2655.6000,2655.8000,2656.0000,2657.4000,3,3,1,2,1,17,1,3,2,1
SF,IH2006,2020-04-03 09:33:02.700,2654.0000,17248,0,263639880.000,0,-,-,-,-,2653.6000,2653.4000,2653.2000,2653.0000,2652.2000,2654.6000,2655.6000,2655.8000,2656.0000,2657.4000,2,3,1,2,1,17,1,3,2,1
SF,IH2006,2020-04-03 09:33:03.200,2654.0000,17248,0,263639880.000,0,-,-,-,-,2653.8000,2653.6000,2653.4000,2653.2000,2653.0000,2654.6000,2655.6000,2655.8000,2656.0000,2657.4000,1,1,4,1,2,17,1,3,2,1
SF,IH2006,2020-04-03 09:33:03.700,2654.0000,17248,0,263639880.000,0,-,-,-,-,2653.8000,2653.4000,2653.2000,2653.0000,2652.2000,2654.6000,2655.6000,2655.8000,2656.0000,2657.4000,1,4,1,2,1,17,1,3,2,1
SF,IH2006,2020-04-03 09:33:04.200,2654.0000,17248,0,263639880.000,0,-,-,-,-,2653.8000,2653.4000,2653.2000,2653.0000,2652.2000,2654.6000,2655.6000,2655.8000,2656.0000,2657.4000,1,4,1,2,1,17,1,3,2,1
SF,IH2006,2020-04-03 09:33:04.700,2654.0000,17248,0,263639880.000,0,-,-,-,-,2653.8000,2653.4000,2653.2000,2653.0000,2652.2000,2654.6000,2655.6000,2655.8000,2656.0000,2657.4000,1,4,1,2,1,17,1,3,2,1
SF,IH2006,2020-04-03 09:33:05.200,2654.0000,17248,0,263639880.000,0,-,-,-,-,2654.0000,2653.8000,2653.4000,2653.2000,2653.0000,2654.6000,2655.6000,2655.8000,2656.0000,2657.4000,1,2,4,1,2,17,1,3,2,1
SF,IH2006,2020-04-03 09:33:05.700,2654.6000,17244,-4,267621780.000,5,0,5,多平,S,2654.0000,2653.8000,2653.4000,2653.2000,2653.0000,2654.6000,2655.6000,2655.8000,2656.0000,2657.4000,1,1,4,1,2,12,1,3,2,1
SF,IH2006,2020-04-03 09:33:06.200,2654.6000,17244,0,267621780.000,0,-,-,-,-,2654.2000,2654.0000,2653.4000,2653.2000,2653.0000,2654.6000,2655.6000,2655.8000,2656.0000,2657.4000,2,1,3,1,2,12,1,3,2,1
SF,IH2006,2020-04-03 09:33:06.700,2654.2000,17240,-4,270806820.000,4,0,4,双平,S,2653.4000,2653.2000,2653.0000,2652.2000,2652.0000,2653.8000,2655.6000,2655.8000,2656.0000,2657.4000,3,1,2,1,5,8,1,3,2,1
SF,IH2006,2020-04-03 09:33:07.200,2653.8000,17232,-8,277972080.000,9,0,9,多平,S,2654.2000,2653.8000,2653.6000,2653.4000,2653.2000,2655.6000,2655.8000,2656.0000,2657.4000,2657.6000,1,1,4,2,1,1,3,2,1,3
SF,IH2006,2020-04-03 09:33:07.700,2653.8000,17232,0,277972080.000,0,-,-,-,-,2654.2000,2653.8000,2653.6000,2653.4000,2653.2000,2655.4000,2655.8000,2656.0000,2657.4000,2657.6000,1,1,4,2,1,4,3,1,1,3
SF,IH2006,2020-04-03 09:33:08.700,2655.4000,17231,-1,278768700.000,1,0,1,双平,S,2654.4000,2654.2000,2653.8000,2653.6000,2653.4000,2655.4000,2655.8000,2656.0000,2657.4000,2657.6000,1,1,1,4,2,3,3,1,1,3
SF,IH2006,2020-04-03 09:33:09.200,2655.4000,17231,0,278768700.000,0,-,-,-,-,2654.6000,2654.4000,2654.0000,2653.8000,2653.6000,2655.4000,2655.8000,2656.0000,2657.4000,2657.6000,1,1,1,1,4,2,3,1,1,3
SF,IH2006,2020-04-03 09:33:09.700,2654.6000,17231,0,279565080.000,1,0,1,多换,S,2654.6000,2654.0000,2653.8000,2653.6000,2653.4000,2655.4000,2655.8000,2656.0000,2657.4000,2657.6000,2,1,1,4,2,1,3,1,1,3
SF,IH2006,2020-04-03 09:33:10.200,2654.6000,17231,0,279565080.000,0,-,-,-,-,2654.8000,2654.6000,2654.0000,2653.8000,2653.6000,2655.4000,2655.8000,2656.0000,2657.4000,2657.6000,1,2,1,1,4,1,3,1,1,3
SF,IH2006,2020-04-03 09:33:10.700,2654.6000,17231,0,279565080.000,0,-,-,-,-,2655.0000,2654.8000,2654.6000,2654.4000,2654.0000,2655.8000,2656.0000,2657.6000,2657.8000,2658.0000,1,2,1,2,1,3,1,3,1,2
SF,IH2006,2020-04-03 09:33:11.200,2654.6000,17231,0,279565080.000,0,-,-,-,-,2655.0000,2654.6000,2654.0000,2653.8000,2653.6000,2656.0000,2657.6000,2657.8000,2658.0000,2659.0000,2,1,1,1,4,1,3,1,2,2
SF,IH2006,2020-04-03 09:33:12.200,2655.0000,17230,-1,280361580.000,1,0,1,双平,S,2655.0000,2654.6000,2654.0000,2653.8000,2653.6000,2656.0000,2657.6000,2657.8000,2658.0000,2659.0000,1,1,1,1,4,1,3,1,2,2
SF,IH2006,2020-04-03 09:33:12.700,2655.0000,17230,0,280361580.000,0,-,-,-,-,2655.0000,2654.6000,2654.0000,2653.8000,2653.6000,2655.8000,2656.0000,2657.6000,2657.8000,2658.0000,1,1,1,1,4,1,1,3,1,2
SF,IH2006,2020-04-03 09:33:14.200,2656.0000,17231,1,281955120.000,2,1,1,空开,S,2655.0000,2654.6000,2654.0000,2653.8000,2653.6000,2657.6000,2657.8000,2658.0000,2659.0000,2659.8000,1,1,1,1,4,3,1,2,2,2
SF,IH2006,2020-04-03 09:33:14.700,2655.2000,17230,-1,282751680.000,1,0,1,双平,S,2655.0000,2654.6000,2654.0000,2653.8000,2653.6000,2657.4000,2657.6000,2657.8000,2658.0000,2659.0000,1,1,1,1,4,12,3,4,2,2
SF,IH2006,2020-04-03 09:33:15.200,2655.2000,17230,0,282751680.000,0,-,-,-,-,2655.2000,2655.0000,2654.6000,2654.0000,2653.8000,2657.4000,2657.6000,2657.8000,2658.0000,2659.0000,1,1,1,1,1,12,3,4,2,2
SF,IH2006,2020-04-03 09:33:15.700,2655.2000,17230,0,282751680.000,0,-,-,-,-,2655.2000,2654.6000,2654.0000,2653.8000,2653.6000,2657.4000,2657.6000,2657.8000,2658.0000,2659.0000,2,1,1,1,4,12,3,4,2,2
SF,IH2006,2020-04-03 09:33:16.200,2655.2000,17230,0,282751680.000,0,-,-,-,-,2655.2000,2654.6000,2654.0000,2653.8000,2653.6000,2657.4000,2657.6000,2657.8000,2658.0000,2659.0000,2,1,1,1,4,12,3,4,2,2
SF,IH2006,2020-04-03 09:33:17.200,2655.2000,17230,0,282751680.000,0,-,-,-,-,2655.2000,2654.6000,2654.0000,2653.8000,2653.6000,2657.4000,2657.6000,2657.8000,2658.0000,2659.0000,2,1,1,1,3,10,3,4,2,2
SF,IH2006,2020-04-03 09:33:17.700,2655.2000,17230,0,282751680.000,0,-,-,-,-,2655.2000,2654.6000,2654.0000,2653.8000,2653.6000,2657.4000,2657.6000,2657.8000,2658.0000,2659.0000,2,1,1,1,3,8,3,1,2,2
SF,IH2006,2020-04-03 09:33:18.200,2655.2000,17230,0,282751680.000,0,-,-,-,-,2655.6000,2655.4000,2655.2000,2655.0000,2654.6000,2657.4000,2657.6000,2657.8000,2658.0000,2659.0000,1,1,2,1,1,8,1,1,2,2
SF,IH2006,2020-04-03 09:33:18.700,2657.2000,17230,0,283548840.000,1,0,1,多换,S,2655.8000,2655.6000,2655.4000,2655.0000,2654.6000,2657.4000,2657.6000,2657.8000,2658.0000,2659.0000,2,3,4,1,1,7,1,1,2,2
SF,IH2006,2020-04-03 09:33:19.200,2657.2000,17230,0,283548840.000,0,-,-,-,-,2656.0000,2655.8000,2655.6000,2655.4000,2655.0000,2657.4000,2657.6000,2657.8000,2658.0000,2659.0000,2,3,2,4,1,6,1,1,2,2
SF,IH2006,2020-04-03 09:33:19.700,2657.2000,17230,0,283548840.000,0,-,-,-,-,2656.0000,2655.8000,2655.4000,2655.0000,2654.6000,2657.4000,2657.6000,2657.8000,2658.0000,2659.0000,3,1,2,1,1,6,1,1,2,2
SF,IH2006,2020-04-03 09:33:20.700,2657.2000,17230,0,283548840.000,0,-,-,-,-,2656.2000,2656.0000,2655.8000,2655.4000,2655.0000,2657.4000,2657.6000,2657.8000,2658.0000,2659.0000,1,3,1,2,1,6,1,1,2,2
SF,IH2006,2020-04-03 09:33:21.200,2657.2000,17230,0,283548840.000,0,-,-,-,-,2656.4000,2656.2000,2656.0000,2655.8000,2655.4000,2657.4000,2657.6000,2657.8000,2658.0000,2659.0000,1,1,2,1,2,5,1,1,2,2
SF,IH2006,2020-04-03 09:33:21.700,2656.2000,17229,-1,284345700.000,1,0,1,双平,S,2655.8000,2655.4000,2655.0000,2654.6000,2654.0000,2656.4000,2657.4000,2657.6000,2657.8000,2658.0000,1,1,1,1,1,1,5,1,1,2
SF,IH2006,2020-04-03 09:33:22.200,2656.2000,17229,0,284345700.000,0,-,-,-,-,2655.8000,2654.6000,2654.0000,2653.8000,2653.6000,2657.4000,2657.6000,2657.8000,2658.0000,2659.0000,1,1,1,1,3,5,1,1,2,2
SF,IH2006,2020-04-03 09:33:22.700,2656.2000,17229,0,284345700.000,0,-,-,-,-,2656.0000,2655.8000,2654.6000,2654.0000,2653.8000,2657.2000,2657.4000,2657.6000,2657.8000,2658.0000,1,1,1,1,1,1,5,1,1,2
SF,IH2006,2020-04-03 09:33:23.200,2656.2000,17229,0,284345700.000,0,-,-,-,-,2656.2000,2655.8000,2654.6000,2654.0000,2653.8000,2657.0000,2657.2000,2657.4000,2657.6000,2657.8000,1,1,1,1,1,4,1,1,1,1
SF,IH2006,2020-04-03 09:33:23.700,2656.2000,17229,0,284345700.000,0,-,-,-,-,2656.4000,2656.2000,2655.8000,2654.6000,2654.0000,2657.0000,2657.2000,2657.4000,2657.6000,2658.0000,1,1,1,1,1,4,1,1,1,2
SF,IH2006,2020-04-03 09:33:24.200,2657.2000,17228,-1,285142860.000,1,0,1,双平,S,2656.2000,2655.8000,2654.6000,2654.0000,2653.8000,2657.4000,2657.6000,2658.0000,2659.0000,2659.8000,1,1,1,1,1,1,1,2,2,2
SF,IH2006,2020-04-03 09:33:24.700,2657.2000,17228,0,285142860.000,0,-,-,-,-,2656.4000,2655.8000,2654.6000,2654.0000,2653.8000,2657.2000,2657.4000,2657.6000,2658.0000,2659.0000,5,1,1,1,1,4,1,1,2,2
SF,IH2006,2020-04-03 09:33:25.200,2657.2000,17228,0,285142860.000,0,-,-,-,-,2656.6000,2656.4000,2654.6000,2654.0000,2653.8000,2657.6000,2658.0000,2659.0000,2659.8000,2661.0000,1,5,1,1,1,1,2,2,2,1
SF,IH2006,2020-04-03 09:33:25.700,2657.2000,17228,0,285142860.000,0,-,-,-,-,2656.8000,2656.6000,2656.4000,2654.6000,2654.0000,2657.6000,2658.0000,2659.0000,2659.8000,2661.0000,2,1,3,1,1,1,2,2,2,1
SF,IH2006,2020-04-03 09:33:26.200,2657.2000,17228,0,285142860.000,0,-,-,-,-,2656.8000,2656.6000,2656.4000,2654.6000,2654.0000,2657.6000,2658.0000,2659.0000,2659.8000,2661.0000,2,1,1,1,1,1,2,2,2,1
SF,IH2006,2020-04-03 09:33:26.700,2657.2000,17228,0,285142860.000,0,-,-,-,-,2657.0000,2656.8000,2656.6000,2656.4000,2654.6000,2657.6000,2658.0000,2659.0000,2659.8000,2661.0000,1,2,1,1,1,1,2,2,2,1
SF,IH2006,2020-04-03 09:33:27.200,2657.2000,17228,0,285142860.000,0,-,-,-,-,2657.2000,2656.8000,2656.6000,2656.4000,2654.6000,2657.6000,2658.0000,2659.0000,2659.8000,2661.0000,1,2,1,1,1,1,2,2,2,1
SF,IH2006,2020-04-03 09:33:27.700,2657.6000,17227,-1,285940140.000,1,0,1,双平,S,2657.2000,2656.8000,2656.6000,2656.4000,2654.6000,2658.0000,2659.0000,2659.8000,2661.0000,2661.2000,1,1,1,1,1,2,2,2,1,1
SF,IH2006,2020-04-03 09:33:29.200,2657.6000,17227,0,285940140.000,0,-,-,-,-,2657.4000,2657.2000,2656.8000,2656.6000,2656.4000,2658.0000,2659.0000,2659.8000,2661.0000,2661.2000,1,1,1,1,1,2,2,2,1,1
SF,IH2006,2020-04-03 09:33:29.700,2657.6000,17226,-1,286737420.000,1,0,1,双平,S,2656.8000,2656.6000,2656.4000,2654.6000,2654.0000,2657.2000,2658.0000,2659.0000,2659.8000,2661.0000,1,1,1,1,1,1,2,2,2,1
SF,IH2006,2020-04-03 09:33:30.200,2658.0000,17225,-1,288331980.000,2,0,2,多平,S,2657.0000,2656.8000,2656.6000,2656.4000,2654.6000,2658.0000,2659.0000,2659.8000,2661.0000,2661.2000,1,1,1,1,1,1,2,2,1,1
SF,IH2006,2020-04-03 09:33:30.700,2658.0000,17225,0,288331980.000,0,-,-,-,-,2656.8000,2656.6000,2656.4000,2654.6000,2654.0000,2658.0000,2659.0000,2659.8000,2661.0000,2661.2000,1,1,1,1,1,1,2,2,1,1
SF,IH2006,2020-04-03 09:33:31.200,2658.0000,17225,0,288331980.000,0,-,-,-,-,2657.0000,2656.8000,2656.6000,2656.4000,2654.6000,2658.0000,2659.0000,2659.8000,2661.0000,2661.2000,1,1,1,1,1,1,2,2,1,1
SF,IH2006,2020-04-03 09:33:31.700,2658.0000,17225,0,288331980.000,0,-,-,-,-,2657.2000,2656.8000,2656.6000,2656.4000,2654.6000,2657.4000,2658.0000,2659.0000,2659.8000,2661.0000,1,1,1,1,1,1,1,2,2,1
SF,IH2006,2020-04-03 09:33:32.200,2657.4000,17225,0,289129200.000,1,0,1,多换,S,2656.8000,2656.6000,2656.4000,2654.6000,2654.0000,2657.2000,2657.4000,2658.0000,2659.0000,2659.8000,1,1,1,1,1,1,1,1,2,2
SF,IH2006,2020-04-03 09:33:35.200,2657.4000,17225,0,289129200.000,0,-,-,-,-,2656.8000,2656.6000,2656.4000,2654.6000,2654.0000,2657.2000,2657.4000,2658.0000,2659.0000,2659.8000,1,1,1,1,1,1,1,1,2,2
SF,IH2006,2020-04-03 09:33:35.700,2657.4000,17225,0,289129200.000,0,-,-,-,-,2656.8000,2656.4000,2654.6000,2654.0000,2653.8000,2657.2000,2657.4000,2658.0000,2659.0000,2659.8000,1,1,1,1,1,1,1,1,2,2
SF,IH2006,2020-04-03 09:33:36.700,2656.8000,17225,0,289926240.000,1,0,1,多换,S,2656.4000,2654.6000,2654.0000,2653.8000,2653.6000,2657.4000,2658.0000,2659.0000,2659.8000,2661.0000,1,1,1,1,3,1,1,2,2,1
SF,IH2006,2020-04-03 09:33:37.200,2656.8000,17225,0,290723280.000,1,0,1,多换,S,2657.2000,2656.6000,2656.4000,2654.6000,2654.0000,2657.4000,2658.0000,2659.0000,2659.8000,2661.0000,1,1,1,1,1,1,1,2,2,1
SF,IH2006,2020-04-03 09:33:37.700,2657.2000,17224,-1,291520440.000,1,0,1,双平,S,2656.4000,2654.6000,2654.0000,2653.8000,2653.6000,2657.2000,2657.4000,2658.0000,2659.0000,2659.8000,1,1,1,1,3,2,1,1,2,2
SF,IH2006,2020-04-03 09:33:38.200,2657.2000,17224,0,291520440.000,0,-,-,-,-,2656.4000,2654.6000,2654.0000,2653.8000,2653.6000,2657.0000,2657.2000,2657.4000,2658.0000,2659.0000,1,1,1,1,3,3,1,1,1,2
SF,IH2006,2020-04-03 09:33:38.700,2657.2000,17224,0,291520440.000,0,-,-,-,-,2656.4000,2654.6000,2654.0000,2653.8000,2653.6000,2657.0000,2657.2000,2657.4000,2658.0000,2659.0000,1,1,1,1,3,1,1,1,1,2
SF,IH2006,2020-04-03 09:33:39.200,2657.2000,17224,0,291520440.000,0,-,-,-,-,2656.6000,2656.4000,2654.6000,2654.0000,2653.8000,2657.0000,2657.2000,2657.4000,2658.0000,2659.0000,1,1,1,1,1,1,1,1,1,2
SF,IH2006,2020-04-03 09:33:39.700,2657.2000,17224,0,291520440.000,0,-,-,-,-,2656.4000,2654.6000,2654.0000,2653.8000,2653.6000,2657.2000,2657.4000,2658.0000,2659.0000,2659.8000,1,1,1,1,3,1,1,1,2,2
SF,IH2006,2020-04-03 09:33:40.200,2657.2000,17224,0,291520440.000,0,-,-,-,-,2656.4000,2654.6000,2654.0000,2653.8000,2653.6000,2657.0000,2657.2000,2657.4000,2658.0000,2659.0000,1,1,1,1,3,2,1,1,1,2
SF,IH2006,2020-04-03 09:33:40.700,2656.4000,17223,-1,292317360.000,1,0,1,双平,S,2654.6000,2654.0000,2653.8000,2653.6000,2653.4000,2657.0000,2657.2000,2657.4000,2658.0000,2659.0000,1,1,1,3,2,4,1,1,1,2
SF,IH2006,2020-04-03 09:33:41.200,2656.4000,17223,0,292317360.000,0,-,-,-,-,2655.4000,2655.0000,2654.8000,2654.6000,2654.4000,2656.8000,2657.0000,2657.2000,2657.4000,2658.0000,1,2,5,3,2,4,4,1,1,1
SF,IH2006,2020-04-03 09:33:41.700,2656.6000,17223,0,293114340.000,1,0,1,多换,S,2655.6000,2654.8000,2654.6000,2654.4000,2654.0000,2656.6000,2656.8000,2657.0000,2657.2000,2657.4000,1,2,2,2,1,2,3,1,1,1
SF,IH2006,2020-04-03 09:33:42.200,2656.6000,17223,0,293114340.000,0,-,-,-,-,2655.8000,2654.8000,2654.6000,2654.4000,2654.0000,2656.6000,2656.8000,2657.0000,2657.2000,2657.4000,1,2,1,2,1,2,2,1,1,1
SF,IH2006,2020-04-03 09:33:42.700,2656.6000,17223,0,293114340.000,0,-,-,-,-,2656.0000,2654.8000,2654.6000,2654.4000,2654.0000,2656.6000,2656.8000,2657.0000,2657.2000,2657.4000,1,2,1,2,1,2,2,1,1,1
SF,IH2006,2020-04-03 09:33:43.200,2656.6000,17223,0,293114340.000,0,-,-,-,-,2654.8000,2654.6000,2654.4000,2654.0000,2653.8000,2656.6000,2656.8000,2657.0000,2657.2000,2657.4000,2,1,2,1,1,2,2,1,1,1
SF,IH2006,2020-04-03 09:33:43.700,2656.6000,17223,0,293114340.000,0,-,-,-,-,2655.0000,2654.8000,2654.6000,2654.4000,2654.0000,2656.4000,2656.6000,2656.8000,2657.0000,2657.2000,3,2,1,2,1,2,2,1,1,1
SF,IH2006,2020-04-03 09:33:44.200,2656.6000,17223,0,293911320.000,1,0,1,多换,S,2655.2000,2655.0000,2654.8000,2654.6000,2654.4000,2656.6000,2656.8000,2657.0000,2657.2000,2657.4000,1,3,1,1,2,2,1,1,1,1
SF,IH2006,2020-04-03 09:33:44.700,2656.6000,17223,0,293911320.000,0,-,-,-,-,2655.4000,2655.2000,2655.0000,2654.8000,2654.6000,2656.6000,2656.8000,2657.0000,2657.2000,2657.4000,2,1,1,1,1,2,1,1,1,1
SF,IH2006,2020-04-03 09:33:46.200,2656.6000,17223,0,293911320.000,0,-,-,-,-,2655.4000,2655.2000,2655.0000,2654.6000,2654.0000,2656.6000,2656.8000,2657.0000,2657.2000,2657.4000,2,1,1,1,1,3,1,1,1,1
SF,IH2006,2020-04-03 09:33:46.700,2656.6000,17223,0,293911320.000,0,-,-,-,-,2655.4000,2655.2000,2654.6000,2654.0000,2653.8000,2656.4000,2656.6000,2656.8000,2657.0000,2657.2000,1,1,1,1,1,1,3,1,1,1
SF,IH2006,2020-04-03 09:33:47.200,2656.6000,17223,0,293911320.000,0,-,-,-,-,2655.6000,2655.2000,2654.6000,2654.0000,2653.8000,2656.4000,2656.6000,2657.0000,2657.2000,2657.4000,1,1,1,1,1,1,3,1,1,1
SF,IH2006,2020-04-03 09:33:47.700,2656.6000,17223,0,293911320.000,0,-,-,-,-,2655.8000,2655.4000,2655.2000,2654.6000,2654.0000,2656.6000,2657.0000,2657.4000,2658.0000,2659.0000,1,1,1,1,1,3,1,1,1,2
SF,IH2006,2020-04-03 09:33:48.200,2656.6000,17223,0,293911320.000,0,-,-,-,-,2656.0000,2655.8000,2655.4000,2655.2000,2654.6000,2656.6000,2657.0000,2657.4000,2658.0000,2659.0000,1,1,1,1,1,1,1,1,1,2
SF,IH2006,2020-04-03 09:33:48.700,2656.6000,17223,0,294708300.000,1,0,1,多换,S,2656.2000,2655.8000,2655.4000,2655.2000,2654.6000,2657.0000,2657.4000,2658.0000,2659.0000,2659.8000,1,1,1,1,1,1,1,1,2,2
SF,IH2006,2020-04-03 09:33:49.200,2657.0000,17222,-1,295505400.000,1,0,1,双平,S,2655.8000,2655.4000,2655.2000,2654.6000,2654.0000,2657.4000,2658.0000,2659.0000,2659.8000,2660.0000,1,1,1,1,2,1,1,2,2,1
SF,IH2006,2020-04-03 09:33:49.700,2657.0000,17222,0,295505400.000,0,-,-,-,-,2656.0000,2655.8000,2655.4000,2654.6000,2654.0000,2657.4000,2658.0000,2659.0000,2659.8000,2660.0000,5,1,1,2,2,1,1,2,2,1
SF,IH2006,2020-04-03 09:33:50.200,2657.4000,17222,0,296302620.000,1,0,1,多换,S,2656.0000,2655.8000,2655.4000,2654.6000,2654.0000,2658.0000,2659.0000,2659.8000,2660.0000,2661.0000,5,1,1,1,2,1,2,2,1,1
SF,IH2006,2020-04-03 09:33:50.700,2657.4000,17222,0,296302620.000,0,-,-,-,-,2656.2000,2656.0000,2655.8000,2655.4000,2654.6000,2657.0000,2657.8000,2658.0000,2659.0000,2659.8000,1,5,1,1,1,1,3,1,2,2
SF,IH2006,2020-04-03 09:33:51.200,2657.4000,17222,0,296302620.000,0,-,-,-,-,2656.4000,2656.0000,2655.4000,2654.6000,2654.0000,2657.0000,2657.8000,2658.0000,2659.0000,2659.8000,2,1,1,1,2,1,2,1,2,2
SF,IH2006,2020-04-03 09:33:51.700,2657.4000,17222,0,296302620.000,0,-,-,-,-,2656.4000,2656.0000,2655.4000,2654.6000,2654.0000,2657.0000,2657.8000,2658.0000,2659.0000,2659.8000,2,1,1,1,2,1,2,1,2,2
SF,IH2006,2020-04-03 09:33:52.200,2657.4000,17222,0,296302620.000,0,-,-,-,-,2656.4000,2656.0000,2655.4000,2654.6000,2654.0000,2657.0000,2657.8000,2658.0000,2659.0000,2659.8000,2,1,1,1,2,1,2,1,2,3
SF,IH2006,2020-04-03 09:33:52.700,2657.4000,17222,0,296302620.000,0,-,-,-,-,2656.4000,2656.0000,2655.4000,2654.6000,2654.0000,2657.0000,2657.8000,2658.0000,2659.0000,2659.8000,2,1,1,1,2,1,2,1,2,3
SF,IH2006,2020-04-03 09:33:53.200,2656.4000,17222,0,297099540.000,1,0,1,多换,S,2656.4000,2656.0000,2655.4000,2654.6000,2654.0000,2657.0000,2657.8000,2658.0000,2659.0000,2659.8000,1,1,1,1,2,1,2,1,2,3
SF,IH2006,2020-04-03 09:33:53.700,2657.0000,17222,0,297896640.000,1,0,1,多换,S,2656.4000,2656.0000,2655.4000,2654.6000,2654.0000,2657.4000,2657.8000,2658.0000,2659.0000,2659.8000,1,1,1,1,2,1,2,1,2,3
SF,IH2006,2020-04-03 09:33:54.700,2657.0000,17222,0,297896640.000,0,-,-,-,-,2656.0000,2655.4000,2654.6000,2654.0000,2653.8000,2657.4000,2657.8000,2658.0000,2659.0000,2659.8000,1,1,1,2,1,1,2,1,2,3
SF,IH2006,2020-04-03 09:33:55.200,2657.0000,17222,0,297896640.000,0,-,-,-,-,2656.2000,2656.0000,2655.8000,2655.4000,2655.0000,2657.4000,2657.8000,2658.0000,2659.0000,2659.8000,5,1,1,1,1,1,1,1,2,3
SF,IH2006,2020-04-03 09:33:55.700,2657.0000,17222,0,297896640.000,0,-,-,-,-,2656.4000,2656.2000,2656.0000,2655.8000,2655.4000,2657.4000,2657.8000,2658.0000,2659.0000,2659.8000,3,3,1,1,1,1,1,1,2,3
SF,IH2006,2020-04-03 09:33:56.200,2657.0000,17222,0,297896640.000,0,-,-,-,-,2656.6000,2656.4000,2656.2000,2655.8000,2655.4000,2657.4000,2657.8000,2658.0000,2659.0000,2659.8000,2,3,2,1,1,1,1,1,2,3
SF,IH2006,2020-04-03 09:33:57.700,2657.0000,17222,0,297896640.000,0,-,-,-,-,2656.6000,2656.4000,2656.2000,2655.8000,2655.4000,2657.4000,2657.8000,2658.0000,2659.0000,2659.8000,2,1,2,1,1,1,1,1,2,3
SF,IH2006,2020-04-03 09:33:58.200,2657.0000,17222,0,297896640.000,0,-,-,-,-,2656.6000,2656.4000,2656.2000,2655.8000,2655.4000,2657.4000,2657.8000,2658.0000,2659.0000,2659.8000,2,1,2,1,1,1,1,1,2,3
SF,IH2006,2020-04-03 09:33:58.700,2657.0000,17222,0,297896640.000,0,-,-,-,-,2656.8000,2656.6000,2656.2000,2655.8000,2655.4000,2657.4000,2657.8000,2658.0000,2659.0000,2659.8000,1,2,2,1,1,1,1,1,2,3
SF,IH2006,2020-04-03 09:33:59.200,2657.0000,17222,0,297896640.000,0,-,-,-,-,2656.8000,2656.6000,2656.2000,2655.8000,2655.4000,2657.4000,2657.8000,2658.0000,2659.0000,2659.8000,1,2,2,1,1,1,1,1,2,3
SF,IH2006,2020-04-03 09:33:59.700,2656.8000,17221,-1,298693680.000,1,0,1,双平,S,2656.6000,2656.2000,2655.8000,2655.4000,2654.6000,2657.4000,2657.8000,2658.0000,2659.0000,2659.8000,2,2,1,1,1,1,1,1,2,3
SF,IH2006,2020-04-03 09:34:00.200,2656.8000,17221,0,298693680.000,0,-,-,-,-,2656.2000,2655.4000,2654.6000,2654.0000,2653.8000,2657.4000,2657.8000,2658.0000,2659.0000,2659.8000,1,1,1,2,1,1,1,1,2,3
SF,IH2006,2020-04-03 09:34:00.700,2656.8000,17221,0,298693680.000,0,-,-,-,-,2656.4000,2655.4000,2654.6000,2654.0000,2653.8000,2657.4000,2657.8000,2658.0000,2659.0000,2659.8000,1,1,1,2,1,1,1,1,2,3
SF,IH2006,2020-04-03 09:34:01.200,2656.8000,17221,0,298693680.000,0,-,-,-,-,2656.4000,2655.4000,2654.6000,2654.0000,2653.8000,2657.2000,2657.4000,2657.8000,2658.0000,2659.0000,2,1,1,2,1,1,1,1,1,2
SF,IH2006,2020-04-03 09:34:02.700,2656.8000,17221,0,298693680.000,0,-,-,-,-,2656.6000,2656.4000,2655.4000,2654.6000,2654.0000,2657.2000,2657.4000,2657.8000,2658.0000,2659.0000,1,2,1,1,2,1,1,1,1,2
SF,IH2006,2020-04-03 09:34:03.700,2656.8000,17221,0,298693680.000,0,-,-,-,-,2656.6000,2656.4000,2655.4000,2654.6000,2654.0000,2657.2000,2657.4000,2657.8000,2658.0000,2659.0000,1,2,1,1,2,1,1,1,1,2
SF,IH2006,2020-04-03 09:34:05.700,2656.8000,17221,0,298693680.000,0,-,-,-,-,2656.6000,2656.4000,2655.4000,2654.6000,2654.0000,2657.4000,2657.8000,2658.0000,2659.0000,2659.8000,1,2,1,1,2,1,1,1,2,3
SF,IH2006,2020-04-03 09:34:06.200,2656.8000,17221,0,298693680.000,0,-,-,-,-,2656.6000,2655.4000,2654.6000,2654.0000,2653.8000,2657.4000,2657.8000,2658.0000,2659.0000,2659.8000,1,1,1,2,1,1,1,1,2,3
SF,IH2006,2020-04-03 09:34:07.700,2656.8000,17221,0,298693680.000,0,-,-,-,-,2656.6000,2655.4000,2654.6000,2654.0000,2653.8000,2657.4000,2657.8000,2658.0000,2659.0000,2659.8000,1,1,1,2,1,1,1,1,2,3
SF,IH2006,2020-04-03 09:34:08.700,2656.8000,17221,0,298693680.000,0,-,-,-,-,2656.6000,2655.4000,2654.6000,2654.0000,2653.8000,2657.0000,2657.4000,2657.8000,2658.0000,2659.0000,1,1,1,2,1,1,1,1,1,2
SF,IH2006,2020-04-03 09:34:09.200,2656.8000,17221,0,298693680.000,0,-,-,-,-,2656.8000,2656.6000,2655.4000,2654.6000,2654.0000,2657.0000,2657.4000,2657.8000,2658.0000,2659.0000,1,1,1,1,2,1,1,1,1,2
SF,IH2006,2020-04-03 09:34:09.700,2656.8000,17221,0,299490720.000,1,0,1,多换,S,2656.8000,2655.4000,2654.6000,2654.0000,2653.8000,2657.0000,2657.4000,2657.8000,2658.0000,2659.0000,1,1,1,2,1,1,1,1,1,2
SF,IH2006,2020-04-03 09:34:10.200,2656.8000,17220,-1,300287760.000,1,0,1,双平,S,2655.4000,2654.6000,2654.0000,2653.8000,2653.6000,2656.8000,2657.0000,2657.4000,2657.8000,2658.0000,1,1,2,1,2,1,1,1,1,1
SF,IH2006,2020-04-03 09:34:10.700,2656.8000,17219,-1,301084800.000,1,0,1,双平,S,2656.4000,2656.2000,2656.0000,2655.8000,2655.6000,2657.0000,2657.4000,2657.8000,2658.0000,2659.0000,2,1,2,4,7,1,1,1,1,2
SF,IH2006,2020-04-03 09:34:11.200,2656.8000,17219,0,301084800.000,0,-,-,-,-,2656.6000,2656.0000,2655.8000,2655.6000,2655.4000,2657.0000,2657.4000,2657.8000,2658.0000,2659.0000,1,3,4,5,4,1,1,1,1,2
SF,IH2006,2020-04-03 09:34:11.700,2656.8000,17219,0,301084800.000,0,-,-,-,-,2656.6000,2656.0000,2655.8000,2655.6000,2655.4000,2657.0000,2657.4000,2657.8000,2658.0000,2659.0000,2,3,4,5,4,1,1,1,1,2
SF,IH2006,2020-04-03 09:34:12.200,2656.8000,17219,0,301084800.000,0,-,-,-,-,2656.6000,2656.0000,2655.8000,2655.6000,2655.4000,2657.0000,2657.4000,2657.8000,2658.0000,2659.0000,1,3,4,5,4,1,1,1,1,2
SF,IH2006,2020-04-03 09:34:12.700,2657.0000,17218,-1,301881900.000,1,0,1,双平,S,2656.6000,2656.0000,2655.8000,2655.6000,2655.4000,2657.4000,2657.8000,2658.0000,2659.0000,2659.8000,1,3,4,5,4,1,1,1,2,3
SF,IH2006,2020-04-03 09:34:14.700,2657.0000,17218,0,301881900.000,0,-,-,-,-,2656.6000,2656.0000,2655.8000,2655.6000,2655.4000,2657.4000,2657.8000,2658.0000,2659.0000,2659.8000,1,4,4,5,4,1,1,1,2,3
SF,IH2006,2020-04-03 09:34:16.200,2656.6000,17217,-1,302678880.000,1,0,1,双平,S,2656.0000,2655.8000,2655.6000,2655.4000,2655.2000,2657.4000,2657.8000,2658.0000,2659.0000,2659.8000,4,4,5,4,4,1,1,1,2,3
SF,IH2006,2020-04-03 09:34:16.700,2656.6000,17217,0,302678880.000,0,-,-,-,-,2656.6000,2656.4000,2656.2000,2656.0000,2655.8000,2657.4000,2657.8000,2658.0000,2659.0000,2659.8000,2,1,3,4,3,1,1,1,2,3
SF,IH2006,2020-04-03 09:34:17.200,2656.6000,17217,0,302678880.000,0,-,-,-,-,2656.2000,2656.0000,2655.8000,2655.6000,2655.4000,2657.4000,2657.8000,2658.0000,2659.0000,2659.8000,3,5,3,4,4,1,1,1,2,3
SF,IH2006,2020-04-03 09:34:17.700,2657.4000,17216,-1,303476100.000,1,0,1,双平,S,2656.4000,2656.2000,2656.0000,2655.8000,2655.6000,2657.8000,2658.0000,2659.0000,2659.8000,2660.0000,3,3,3,3,4,1,1,2,3,1
SF,IH2006,2020-04-03 09:34:18.200,2657.4000,17216,0,303476100.000,0,-,-,-,-,2656.6000,2656.4000,2656.2000,2656.0000,2655.8000,2658.0000,2659.0000,2659.8000,2660.0000,2661.0000,3,2,3,3,3,1,2,3,1,1
SF,IH2006,2020-04-03 09:34:18.700,2657.4000,17216,0,303476100.000,0,-,-,-,-,2656.6000,2656.4000,2656.2000,2656.0000,2655.8000,2658.0000,2659.0000,2659.8000,2660.0000,2661.0000,3,3,2,2,3,1,2,3,1,1
SF,IH2006,2020-04-03 09:34:21.700,2657.4000,17216,0,303476100.000,0,-,-,-,-,2656.6000,2656.4000,2656.2000,2656.0000,2655.8000,2658.0000,2659.0000,2659.8000,2660.0000,2661.0000,4,3,2,2,3,1,2,3,1,1
SF,IH2006,2020-04-03 09:34:22.200,2657.4000,17216,0,303476100.000,0,-,-,-,-,2656.6000,2656.4000,2656.2000,2656.0000,2655.8000,2657.8000,2658.0000,2659.0000,2659.8000,2660.0000,3,3,2,2,3,1,1,2,3,1
SF,IH2006,2020-04-03 09:34:24.200,2657.4000,17216,0,303476100.000,0,-,-,-,-,2656.8000,2656.6000,2656.4000,2656.2000,2656.0000,2657.8000,2658.0000,2659.0000,2659.8000,2660.0000,4,3,1,2,2,1,1,2,3,1
SF,IH2006,2020-04-03 09:34:24.700,2657.4000,17216,0,303476100.000,0,-,-,-,-,2657.0000,2656.8000,2656.6000,2656.4000,2656.2000,2657.8000,2658.0000,2659.0000,2659.8000,2660.0000,1,2,3,1,2,1,1,2,3,1
SF,IH2006,2020-04-03 09:34:25.700,2657.4000,17216,0,303476100.000,0,-,-,-,-,2657.0000,2656.6000,2656.4000,2656.2000,2656.0000,2657.8000,2658.0000,2659.0000,2659.8000,2660.0000,1,3,1,2,2,1,1,2,3,1
SF,IH2006,2020-04-03 09:34:26.200,2657.4000,17216,0,303476100.000,0,-,-,-,-,2657.0000,2656.8000,2656.6000,2656.4000,2656.2000,2658.0000,2659.0000,2659.8000,2660.0000,2661.0000,1,1,3,1,2,1,2,3,1,1
SF,IH2006,2020-04-03 09:34:26.700,2657.4000,17216,0,303476100.000,0,-,-,-,-,2657.0000,2656.6000,2656.4000,2656.2000,2656.0000,2658.0000,2659.0000,2659.8000,2660.0000,2661.0000,1,3,1,2,2,1,2,3,1,1
SF,IH2006,2020-04-03 09:34:27.700,2657.4000,17216,0,303476100.000,0,-,-,-,-,2657.0000,2656.6000,2656.4000,2656.2000,2656.0000,2658.0000,2659.0000,2659.8000,2660.0000,2661.0000,1,3,1,2,2,1,2,3,1,1
SF,IH2006,2020-04-03 09:34:30.200,2657.4000,17216,0,303476100.000,0,-,-,-,-,2657.0000,2656.6000,2656.4000,2656.2000,2656.0000,2658.0000,2659.0000,2659.8000,2660.0000,2661.0000,1,3,1,2,2,1,2,3,1,1
SF,IH2006,2020-04-03 09:34:33.700,2657.4000,17216,0,303476100.000,0,-,-,-,-,2657.0000,2656.8000,2656.6000,2656.4000,2656.2000,2658.0000,2659.0000,2659.8000,2660.0000,2661.0000,1,1,3,1,2,1,2,3,1,1
SF,IH2006,2020-04-03 09:34:34.200,2657.4000,17216,0,303476100.000,0,-,-,-,-,2657.0000,2656.6000,2656.4000,2656.2000,2656.0000,2658.0000,2659.0000,2659.8000,2660.0000,2661.0000,1,3,1,2,2,1,2,3,1,1
SF,IH2006,2020-04-03 09:34:34.700,2657.4000,17216,0,303476100.000,0,-,-,-,-,2657.0000,2656.6000,2656.4000,2656.2000,2656.0000,2657.8000,2658.0000,2659.0000,2659.8000,2660.0000,1,3,1,2,2,1,1,2,3,1
SF,IH2006,2020-04-03 09:34:35.200,2657.4000,17216,0,303476100.000,0,-,-,-,-,2657.0000,2656.6000,2656.4000,2656.2000,2656.0000,2657.8000,2658.0000,2659.0000,2659.8000,2660.0000,1,3,1,2,2,1,1,2,3,1
SF,IH2006,2020-04-03 09:34:35.700,2657.4000,17216,0,303476100.000,0,-,-,-,-,2657.2000,2657.0000,2656.6000,2656.4000,2656.2000,2657.8000,2658.0000,2659.0000,2659.8000,2660.0000,1,1,3,1,2,1,1,2,3,1
SF,IH2006,2020-04-03 09:34:36.200,2657.4000,17216,0,303476100.000,0,-,-,-,-,2657.6000,2657.4000,2657.2000,2656.8000,2656.6000,2657.8000,2658.0000,2659.0000,2659.8000,2660.0000,2,1,4,1,3,1,1,2,3,1
SF,IH2006,2020-04-03 09:34:36.700,2657.8000,17216,0,304273440.000,1,0,1,多换,S,2657.8000,2657.2000,2656.8000,2656.6000,2656.4000,2658.0000,2659.0000,2659.8000,2660.0000,2661.0000,1,1,1,3,1,1,2,3,1,1
SF,IH2006,2020-04-03 09:34:37.200,2658.0000,17214,-2,305868180.000,2,0,2,双平,S,2658.0000,2657.2000,2656.8000,2656.6000,2656.4000,2659.0000,2659.8000,2660.0000,2661.0000,2661.2000,1,1,1,3,1,2,3,1,1,1
SF,IH2006,2020-04-03 09:34:37.700,2658.0000,17214,0,305868180.000,0,-,-,-,-,2658.0000,2657.2000,2656.8000,2656.6000,2656.4000,2658.8000,2659.0000,2659.8000,2660.0000,2661.0000,1,1,1,3,1,2,2,3,1,1
SF,IH2006,2020-04-03 09:34:39.200,2658.0000,17213,-1,306665580.000,1,0,1,双平,S,2658.2000,2656.8000,2656.6000,2656.4000,2656.2000,2658.8000,2659.0000,2659.8000,2660.0000,2661.0000,1,1,3,1,2,2,2,3,1,1
SF,IH2006,2020-04-03 09:34:39.700,2658.0000,17212,-1,307462980.000,1,0,1,双平,S,2656.8000,2656.6000,2656.4000,2656.2000,2656.0000,2658.8000,2659.0000,2659.8000,2660.0000,2661.0000,1,3,1,2,2,2,2,3,1,1
SF,IH2006,2020-04-03 09:34:40.200,2658.0000,17212,0,307462980.000,0,-,-,-,-,2657.2000,2657.0000,2656.8000,2656.6000,2656.4000,2658.8000,2659.0000,2659.8000,2660.0000,2661.0000,1,7,1,2,1,1,2,3,1,1
SF,IH2006,2020-04-03 09:34:40.700,2658.0000,17212,0,307462980.000,0,-,-,-,-,2657.4000,2657.2000,2657.0000,2656.8000,2656.6000,2658.8000,2659.0000,2659.8000,2660.0000,2661.0000,3,1,4,1,2,1,2,3,1,1
SF,IH2006,2020-04-03 09:34:41.200,2658.0000,17212,0,307462980.000,0,-,-,-,-,2657.4000,2657.2000,2657.0000,2656.8000,2656.6000,2658.8000,2659.0000,2659.8000,2660.0000,2661.0000,4,1,3,1,2,1,2,3,1,1
SF,IH2006,2020-04-03 09:34:41.700,2658.0000,17212,0,307462980.000,0,-,-,-,-,2657.6000,2657.4000,2657.2000,2657.0000,2656.8000,2658.8000,2659.0000,2659.8000,2660.0000,2661.0000,1,4,2,3,1,1,2,3,1,1
SF,IH2006,2020-04-03 09:34:42.200,2658.0000,17212,0,307462980.000,0,-,-,-,-,2657.8000,2657.4000,2657.2000,2657.0000,2656.8000,2658.8000,2659.0000,2659.8000,2660.0000,2661.0000,1,3,2,3,1,1,2,3,1,1
SF,IH2006,2020-04-03 09:34:42.700,2658.0000,17212,0,307462980.000,0,-,-,-,-,2657.8000,2657.4000,2657.2000,2657.0000,2656.8000,2658.8000,2659.0000,2659.8000,2660.0000,2661.0000,3,1,1,3,1,1,2,3,1,1
SF,IH2006,2020-04-03 09:34:43.200,2658.0000,17212,0,307462980.000,0,-,-,-,-,2658.0000,2657.8000,2657.4000,2657.2000,2657.0000,2658.8000,2659.0000,2659.8000,2660.0000,2661.0000,1,4,1,1,2,1,2,3,1,1
SF,IH2006,2020-04-03 09:34:43.700,2658.0000,17212,0,307462980.000,0,-,-,-,-,2657.4000,2657.2000,2657.0000,2656.8000,2656.6000,2658.8000,2659.0000,2659.8000,2660.0000,2661.0000,1,2,2,1,2,1,2,3,1,1
SF,IH2006,2020-04-03 09:34:44.200,2658.0000,17212,0,307462980.000,0,-,-,-,-,2657.6000,2657.4000,2657.2000,2657.0000,2656.8000,2658.8000,2659.0000,2659.8000,2660.0000,2661.0000,2,1,3,2,1,1,2,3,1,1
SF,IH2006,2020-04-03 09:34:44.700,2658.0000,17212,0,307462980.000,0,-,-,-,-,2657.6000,2657.4000,2657.2000,2657.0000,2656.8000,2658.8000,2659.0000,2659.8000,2660.0000,2661.0000,3,1,3,2,1,1,2,3,1,1
SF,IH2006,2020-04-03 09:34:45.200,2658.0000,17212,0,307462980.000,0,-,-,-,-,2657.2000,2657.0000,2656.6000,2656.2000,2656.0000,2658.8000,2659.0000,2659.8000,2660.0000,2661.0000,1,1,2,2,2,1,2,3,1,1
SF,IH2006,2020-04-03 09:34:45.700,2658.0000,17212,0,307462980.000,0,-,-,-,-,2657.8000,2657.2000,2657.0000,2656.6000,2656.2000,2658.6000,2658.8000,2659.0000,2659.8000,2660.0000,2,1,1,1,2,4,1,2,3,1
SF,IH2006,2020-04-03 09:34:46.200,2658.0000,17212,0,307462980.000,0,-,-,-,-,2657.8000,2657.2000,2657.0000,2656.6000,2656.2000,2658.6000,2658.8000,2659.0000,2659.8000,2660.0000,2,1,1,1,2,1,1,2,3,1
SF,IH2006,2020-04-03 09:34:46.700,2658.0000,17212,0,307462980.000,0,-,-,-,-,2657.8000,2657.2000,2657.0000,2656.6000,2656.2000,2658.4000,2658.8000,2659.0000,2659.8000,2660.0000,2,1,1,1,2,1,1,2,3,1
SF,IH2006,2020-04-03 09:34:48.200,2658.0000,17212,0,307462980.000,0,-,-,-,-,2657.8000,2657.2000,2657.0000,2656.6000,2656.2000,2658.8000,2659.0000,2659.8000,2660.0000,2661.0000,2,1,1,2,2,1,2,3,1,1
SF,IH2006,2020-04-03 09:34:49.700,2658.0000,17212,0,307462980.000,0,-,-,-,-,2657.8000,2657.2000,2657.0000,2656.6000,2656.2000,2658.8000,2659.0000,2659.8000,2660.0000,2661.0000,3,1,1,1,2,1,2,3,1,1
SF,IH2006,2020-04-03 09:34:50.200,2658.0000,17212,0,307462980.000,0,-,-,-,-,2657.8000,2657.2000,2656.6000,2656.2000,2656.0000,2658.8000,2659.0000,2659.8000,2660.0000,2661.0000,3,1,1,2,3,1,2,3,1,1
SF,IH2006,2020-04-03 09:34:51.700,2658.0000,17212,0,307462980.000,0,-,-,-,-,2658.0000,2657.8000,2657.2000,2656.6000,2656.2000,2658.8000,2659.0000,2659.8000,2660.0000,2661.0000,1,3,1,1,2,1,2,3,1,1
SF,IH2006,2020-04-03 09:34:52.200,2658.8000,17211,-1,308260620.000,1,0,1,双平,S,2658.0000,2657.8000,2657.2000,2656.6000,2656.2000,2659.0000,2659.8000,2660.0000,2661.0000,2661.2000,1,3,1,1,2,2,3,1,1,1
SF,IH2006,2020-04-03 09:34:52.700,2658.8000,17211,0,308260620.000,0,-,-,-,-,2658.2000,2658.0000,2657.8000,2657.2000,2656.6000,2659.0000,2659.8000,2660.0000,2661.0000,2661.2000,1,1,3,1,1,2,3,1,1,1
SF,IH2006,2020-04-03 09:34:53.200,2658.8000,17211,0,308260620.000,0,-,-,-,-,2658.2000,2657.8000,2657.2000,2656.6000,2656.2000,2659.0000,2659.8000,2660.0000,2661.0000,2661.2000,1,3,1,1,2,2,3,1,1,1
SF,IH2006,2020-04-03 09:34:53.700,2658.8000,17211,0,308260620.000,0,-,-,-,-,2657.8000,2657.2000,2656.6000,2656.2000,2656.0000,2659.0000,2659.8000,2660.0000,2661.0000,2661.2000,3,1,1,2,3,2,3,1,1,1
SF,IH2006,2020-04-03 09:34:54.200,2659.0000,17210,-1,309058320.000,1,0,1,双平,S,2658.0000,2657.8000,2657.2000,2656.6000,2656.2000,2659.0000,2659.8000,2660.0000,2661.0000,2661.2000,5,3,1,1,2,1,3,1,1,1
SF,IH2006,2020-04-03 09:34:54.700,2659.0000,17210,0,309058320.000,0,-,-,-,-,2658.0000,2657.8000,2657.2000,2656.6000,2656.2000,2659.0000,2659.8000,2660.0000,2661.0000,2661.2000,2,3,1,1,2,1,3,1,1,1
SF,IH2006,2020-04-03 09:34:55.200,2659.0000,17210,0,309058320.000,0,-,-,-,-,2658.0000,2657.8000,2657.2000,2656.6000,2656.2000,2659.0000,2659.8000,2660.0000,2661.0000,2661.2000,1,3,1,1,2,1,3,1,1,1
SF,IH2006,2020-04-03 09:34:57.200,2659.0000,17209,-1,309856020.000,1,0,1,双平,S,2658.0000,2657.8000,2657.2000,2656.6000,2656.2000,2659.8000,2660.0000,2661.0000,2661.2000,2664.0000,1,3,1,1,2,3,1,1,1,1
SF,IH2006,2020-04-03 09:34:57.700,2659.0000,17209,0,309856020.000,0,-,-,-,-,2658.2000,2658.0000,2657.8000,2657.2000,2656.6000,2659.2000,2659.8000,2660.0000,2661.0000,2661.2000,1,1,3,1,1,1,3,1,1,1
SF,IH2006,2020-04-03 09:34:58.200,2659.0000,17209,0,309856020.000,0,-,-,-,-,2658.4000,2657.8000,2657.2000,2656.6000,2656.2000,2659.2000,2659.6000,2659.8000,2660.0000,2661.0000,1,3,1,1,2,1,1,3,1,1
