市场代码,合约代码,时间,最新,持仓,增仓,成交额,成交量,开仓,平仓,成交类型,方向,买一价,买二价,买三价,买四价,买五价,卖一价,卖二价,卖三价,卖四价,卖五价,买一量,买二量,买三量,买四量,买五量,卖一量,卖二量,卖三量,卖四量,卖五量
SF,IH2012,2020-08-12 09:29:00.000,3222.4000,16467,0,2900160.000,3.000,-,-,-,-,3219.6000,3215.2000,3215.0000,3211.6000,3211.4000,3224.8000,3226.0000,3227.2000,3227.4000,3229.0000,1,1,1,1,1,5,2,1,1,1
SF,IH2012,2020-08-12 09:30:00.500,3224.4000,16466,-1,3867480.000,1,0,1,双平,S,3223.0000,3222.2000,3219.8000,3219.6000,3216.0000,3224.4000,3224.8000,3226.0000,3227.2000,3227.4000,1,1,1,2,1,2,5,2,1,1
SF,IH2012,2020-08-12 09:30:01.000,3223.0000,16467,1,4834380.000,1,1,0,双开,S,3222.2000,3219.8000,3219.6000,3216.0000,3215.2000,3222.4000,3223.0000,3224.0000,3224.2000,3224.4000,1,1,1,1,1,1,1,1,3,2
SF,IH2012,2020-08-12 09:30:01.500,3222.2000,16466,-1,6767760.000,2,0,2,多平,S,3222.6000,3219.6000,3216.0000,3215.2000,3211.6000,3223.0000,3224.0000,3224.2000,3224.4000,3229.0000,1,1,1,1,1,1,1,3,2,1
SF,IH2012,2020-08-12 09:30:02.000,3223.0000,16465,-1,8701440.000,2,0,2,多平,S,3223.0000,3219.6000,3216.0000,3215.2000,3211.6000,3224.0000,3224.2000,3224.4000,3229.0000,3229.6000,1,1,1,1,1,1,3,2,1,5
SF,IH2012,2020-08-12 09:30:02.500,3224.2000,16462,-3,11602800.000,3,0,3,双平,S,3219.6000,3216.0000,3215.2000,3211.6000,3211.2000,3222.2000,3223.0000,3223.6000,3224.4000,3229.0000,1,1,1,1,1,9,1,1,2,1
SF,IH2012,2020-08-12 09:30:03.000,3221.2000,16457,-5,17403420.000,6,0,6,多平,S,3221.2000,3221.0000,3220.0000,3219.8000,3219.6000,3222.2000,3223.6000,3224.4000,3229.0000,3229.6000,1,1,3,4,2,5,1,2,1,5
SF,IH2012,2020-08-12 09:30:03.500,3222.2000,16456,-1,21270060.000,4,1,3,多平,S,3221.6000,3221.4000,3220.4000,3219.8000,3219.6000,3222.2000,3224.4000,3229.0000,3229.6000,3231.6000,5,2,2,1,2,1,2,1,5,1
SF,IH2012,2020-08-12 09:30:04.000,3222.2000,16455,-1,22236720.000,1,0,1,双平,S,3222.4000,3222.2000,3221.6000,3221.4000,3220.0000,3224.4000,3229.0000,3229.6000,3231.6000,3234.2000,1,1,3,1,1,2,1,5,1,1
SF,IH2012,2020-08-12 09:30:04.500,3222.2000,16455,0,22236720.000,0,-,-,-,-,3222.6000,3222.4000,3221.6000,3221.4000,3220.0000,3229.0000,3229.6000,3231.6000,3234.2000,3239.6000,2,1,1,1,1,1,5,1,1,1
SF,IH2012,2020-08-12 09:30:05.000,3222.2000,16455,0,22236720.000,0,-,-,-,-,3222.8000,3222.6000,3222.4000,3220.0000,3219.6000,3223.8000,3224.2000,3224.6000,3224.8000,3225.0000,1,2,2,1,2,1,1,1,1,1
SF,IH2012,2020-08-12 09:30:05.500,3225.6000,16455,0,23204400.000,1,0,1,多换,S,3222.4000,3220.0000,3219.6000,3216.0000,3215.2000,3228.0000,3228.6000,3228.8000,3229.0000,3229.6000,2,1,2,1,1,1,5,1,2,5
SF,IH2012,2020-08-12 09:30:06.000,3225.6000,16455,0,23204400.000,0,-,-,-,-,3222.6000,3222.4000,3220.0000,3219.6000,3216.0000,3226.2000,3227.4000,3227.8000,3228.0000,3228.6000,1,2,2,2,1,1,2,4,2,3
SF,IH2012,2020-08-12 09:30:06.500,3225.6000,16455,0,23204400.000,0,-,-,-,-,3222.4000,3220.0000,3219.6000,3216.0000,3215.2000,3222.8000,3223.4000,3223.8000,3224.2000,3224.4000,2,2,2,1,1,2,1,1,1,1
SF,IH2012,2020-08-12 09:30:07.000,3222.4000,16452,-3,26104800.000,3,0,3,双平,S,3222.4000,3220.0000,3219.6000,3216.0000,3215.2000,3225.8000,3226.0000,3226.2000,3227.0000,3227.4000,1,2,2,1,1,1,3,1,1,1
SF,IH2012,2020-08-12 09:30:07.500,3222.4000,16452,0,27071520.000,1,0,1,多换,S,3220.0000,3219.6000,3216.0000,3215.2000,3211.6000,3223.4000,3223.6000,3224.6000,3225.0000,3225.2000,2,1,1,1,1,1,1,1,1,1
SF,IH2012,2020-08-12 09:30:08.000,3222.4000,16453,1,28038240.000,1,1,0,双开,S,3220.2000,3220.0000,3219.6000,3216.0000,3215.2000,3223.0000,3223.2000,3224.6000,3225.0000,3225.8000,1,2,1,1,1,1,3,1,1,1
SF,IH2012,2020-08-12 09:30:08.500,3222.4000,16453,0,28038240.000,0,-,-,-,-,3220.2000,3220.0000,3219.6000,3216.0000,3215.2000,3222.4000,3222.8000,3223.0000,3223.2000,3224.6000,1,3,1,1,1,2,3,1,2,1
SF,IH2012,2020-08-12 09:30:09.000,3222.4000,16453,0,29004960.000,1,0,1,多换,S,3220.4000,3220.2000,3220.0000,3219.6000,3216.0000,3222.4000,3222.8000,3223.0000,3224.6000,3225.0000,1,1,3,1,1,2,1,1,1,1
SF,IH2012,2020-08-12 09:30:09.500,3222.4000,16451,-2,30938400.000,2,0,2,双平,S,3220.6000,3220.4000,3220.0000,3219.6000,3216.0000,3222.8000,3223.0000,3224.6000,3225.0000,3225.8000,1,1,3,1,1,1,1,1,1,1
SF,IH2012,2020-08-12 09:30:10.000,3222.4000,16451,0,30938400.000,0,-,-,-,-,3222.4000,3221.4000,3220.8000,3220.6000,3220.0000,3222.8000,3223.0000,3224.6000,3225.0000,3225.8000,1,1,1,1,3,1,1,1,1,1
SF,IH2012,2020-08-12 09:30:10.500,3223.0000,16449,-2,33838860.000,3,0,3,多平,S,3222.4000,3221.4000,3220.8000,3220.0000,3219.6000,3224.6000,3225.8000,3228.6000,3229.0000,3229.6000,11,1,1,3,1,1,1,1,1,5
SF,IH2012,2020-08-12 09:30:11.000,3223.0000,16449,0,33838860.000,0,-,-,-,-,3222.6000,3222.4000,3221.4000,3220.0000,3219.6000,3224.6000,3225.8000,3228.6000,3229.0000,3229.6000,4,11,1,3,1,1,1,1,1,5
SF,IH2012,2020-08-12 09:30:11.500,3223.0000,16449,0,33838860.000,0,-,-,-,-,3222.6000,3222.4000,3221.4000,3220.0000,3219.6000,3224.4000,3224.6000,3225.8000,3228.6000,3229.0000,4,11,1,3,1,1,1,1,1,1
SF,IH2012,2020-08-12 09:30:12.000,3224.6000,16448,-1,35773560.000,2,0,2,多平,S,3224.6000,3222.8000,3222.6000,3222.4000,3221.4000,3225.8000,3228.6000,3229.0000,3229.6000,3231.6000,1,1,4,11,1,1,1,1,5,1
SF,IH2012,2020-08-12 09:30:12.500,3225.8000,16446,-2,37708980.000,2,0,2,双平,S,3224.6000,3222.6000,3222.4000,3221.4000,3220.0000,3228.6000,3229.0000,3229.6000,3231.6000,3234.2000,1,2,11,1,3,1,1,5,1,1
SF,IH2012,2020-08-12 09:30:13.000,3225.8000,16446,0,37708980.000,0,-,-,-,-,3224.8000,3224.6000,3222.4000,3221.4000,3220.0000,3225.4000,3225.8000,3226.2000,3226.4000,3226.6000,2,1,11,1,3,1,1,1,1,1
SF,IH2012,2020-08-12 09:30:13.500,3225.4000,16445,-1,38676600.000,1,0,1,双平,S,3224.6000,3222.4000,3221.4000,3220.0000,3219.6000,3228.4000,3228.6000,3229.0000,3229.6000,3231.6000,1,11,1,3,1,1,1,1,5,1
SF,IH2012,2020-08-12 09:30:14.000,3225.4000,16445,0,38676600.000,0,-,-,-,-,3228.4000,3225.8000,3225.6000,3225.4000,3224.8000,3229.0000,3229.6000,3231.6000,3234.2000,3239.6000,1,1,1,1,2,1,5,1,1,1
SF,IH2012,2020-08-12 09:30:14.500,3227.6000,16444,-1,39644880.000,1,0,1,双平,S,3225.8000,3225.6000,3225.4000,3224.8000,3224.6000,3227.4000,3228.0000,3228.4000,3228.6000,3228.8000,1,1,1,2,1,2,1,1,1,1
SF,IH2012,2020-08-12 09:30:15.000,3226.0000,16443,-1,40612680.000,1,0,1,双平,S,3225.8000,3225.6000,3225.4000,3224.8000,3224.6000,3229.0000,3229.6000,3231.6000,3234.2000,3239.6000,1,1,1,1,1,1,5,1,1,1
SF,IH2012,2020-08-12 09:30:15.500,3226.0000,16443,0,40612680.000,0,-,-,-,-,3226.0000,3225.8000,3225.6000,3225.4000,3224.6000,3229.0000,3229.6000,3231.6000,3234.2000,3239.6000,3,1,1,1,1,1,5,1,1,1
SF,IH2012,2020-08-12 09:30:16.000,3229.0000,16443,0,41581380.000,1,0,1,多换,S,3229.0000,3226.0000,3225.8000,3225.6000,3224.6000,3229.6000,3231.6000,3234.2000,3239.6000,3240.0000,9,3,1,1,1,5,1,1,1,3
SF,IH2012,2020-08-12 09:30:16.500,3229.6000,16442,-1,47394660.000,6,2,4,多平,S,3229.0000,3226.6000,3226.0000,3225.8000,3225.6000,3229.6000,3231.6000,3234.2000,3239.6000,3240.0000,9,2,3,1,1,1,1,1,1,3
SF,IH2012,2020-08-12 09:30:17.000,3229.6000,16442,0,48363540.000,1,0,1,多换,S,3229.6000,3229.0000,3226.6000,3226.0000,3225.8000,3231.6000,3234.2000,3239.6000,3240.0000,3241.2000,1,9,2,2,1,1,1,1,3,1
SF,IH2012,2020-08-12 09:30:17.500,3229.6000,16441,-1,49332420.000,1,0,1,双平,S,3229.8000,3229.6000,3229.0000,3226.0000,3225.8000,3231.4000,3231.6000,3234.2000,3239.6000,3241.2000,1,1,9,1,1,3,1,1,1,1
SF,IH2012,2020-08-12 09:30:18.000,3229.0000,16440,-1,52238700.000,3,1,2,多平,S,3229.0000,3226.0000,3225.8000,3225.6000,3224.6000,3231.4000,3231.6000,3234.2000,3239.6000,3241.2000,7,1,1,1,1,3,1,1,1,1
SF,IH2012,2020-08-12 09:30:18.500,3229.2000,16439,-1,54176880.000,2,0,2,多平,S,3230.0000,3229.0000,3226.0000,3225.8000,3225.6000,3231.4000,3231.6000,3234.2000,3239.6000,3241.2000,1,7,1,1,1,1,1,1,1,1
SF,IH2012,2020-08-12 09:30:19.000,3231.6000,16437,-2,56115780.000,2,0,2,双平,S,3230.2000,3230.0000,3229.2000,3229.0000,3226.0000,3234.2000,3239.6000,3241.2000,3245.0000,3247.8000,1,1,1,7,2,1,1,1,1,1
SF,IH2012,2020-08-12 09:30:19.500,3230.6000,16436,-1,57084960.000,1,0,1,双平,S,3230.4000,3230.2000,3229.0000,3226.0000,3225.8000,3234.0000,3234.2000,3239.6000,3241.2000,3245.0000,1,1,7,2,1,3,2,1,1,1
SF,IH2012,2020-08-12 09:30:20.000,3230.6000,16436,0,57084960.000,0,-,-,-,-,3230.6000,3230.4000,3229.0000,3226.0000,3225.8000,3233.6000,3234.0000,3234.2000,3239.6000,3241.2000,1,1,7,2,1,1,3,1,1,1
SF,IH2012,2020-08-12 09:30:20.500,3230.6000,16436,0,57084960.000,0,-,-,-,-,3230.8000,3230.6000,3229.0000,3226.0000,3225.8000,3233.4000,3233.6000,3234.0000,3234.2000,3239.6000,1,1,7,2,1,3,1,2,1,1
SF,IH2012,2020-08-12 09:30:21.000,3234.0000,16439,3,62905500.000,6,4,2,空开,S,3234.0000,3231.0000,3230.8000,3229.0000,3226.0000,3234.2000,3239.6000,3241.2000,3245.0000,3247.8000,4,4,1,7,2,1,1,1,1,1
SF,IH2012,2020-08-12 09:30:21.500,3234.2000,16436,-3,69697080.000,7,2,5,多平,S,3231.0000,3230.8000,3229.0000,3226.0000,3225.8000,3234.0000,3239.6000,3241.2000,3245.0000,3247.8000,3,1,7,2,1,1,1,1,1,1
SF,IH2012,2020-08-12 09:30:22.000,3234.0000,16435,-1,70667280.000,1,0,1,双平,S,3231.2000,3231.0000,3229.0000,3226.0000,3225.8000,3239.6000,3241.2000,3245.0000,3247.8000,3249.0000,3,1,7,2,1,1,1,1,1,1
SF,IH2012,2020-08-12 09:30:22.500,3234.0000,16435,0,70667280.000,0,-,-,-,-,3231.6000,3231.4000,3231.2000,3229.0000,3226.0000,3233.2000,3233.4000,3233.6000,3234.0000,3234.4000,1,3,2,7,2,1,1,2,1,1
SF,IH2012,2020-08-12 09:30:23.000,3231.8000,16435,0,71636820.000,1,0,1,多换,S,3233.2000,3231.8000,3231.2000,3229.0000,3226.0000,3236.8000,3238.2000,3239.2000,3239.6000,3241.2000,1,2,2,7,1,1,1,5,2,1
SF,IH2012,2020-08-12 09:30:23.500,3235.6000,16433,-2,74547420.000,3,0,3,多平,S,3233.2000,3229.0000,3226.0000,3225.8000,3225.0000,3236.4000,3236.6000,3236.8000,3238.2000,3239.2000,1,7,1,1,2,2,3,2,1,1
SF,IH2012,2020-08-12 09:30:24.000,3233.2000,16432,-1,75517380.000,1,0,1,双平,S,3229.0000,3226.0000,3225.8000,3225.0000,3224.6000,3234.0000,3234.2000,3234.4000,3235.6000,3236.0000,7,1,1,2,1,1,1,2,1,2
SF,IH2012,2020-08-12 09:30:24.500,3233.8000,16431,-1,76487520.000,1,0,1,双平,S,3232.0000,3229.8000,3229.6000,3229.4000,3229.2000,3233.8000,3235.6000,3236.2000,3236.4000,3236.8000,2,1,5,5,5,2,1,2,1,2
SF,IH2012,2020-08-12 09:30:25.000,3233.8000,16431,0,76487520.000,0,-,-,-,-,3232.6000,3232.2000,3229.8000,3229.6000,3229.4000,3233.8000,3235.6000,3236.2000,3236.8000,3238.2000,1,2,1,5,3,2,1,2,2,1
SF,IH2012,2020-08-12 09:30:25.500,3233.8000,16431,0,76487520.000,0,-,-,-,-,3233.8000,3232.2000,3229.8000,3229.6000,3229.4000,3235.6000,3236.2000,3236.8000,3238.2000,3239.2000,1,2,1,5,3,1,2,2,1,1
SF,IH2012,2020-08-12 09:30:26.000,3233.8000,16431,0,76487520.000,0,-,-,-,-,3234.0000,3232.2000,3229.8000,3229.6000,3229.4000,3235.4000,3236.2000,3236.8000,3238.2000,3239.2000,1,1,1,5,3,1,2,2,1,1
SF,IH2012,2020-08-12 09:30:26.500,3233.8000,16431,0,76487520.000,0,-,-,-,-,3234.0000,3232.2000,3229.8000,3229.6000,3229.4000,3235.4000,3236.2000,3236.8000,3238.2000,3239.2000,1,1,1,5,3,1,2,2,1,1
SF,IH2012,2020-08-12 09:30:27.000,3233.8000,16431,0,76487520.000,0,-,-,-,-,3235.6000,3234.2000,3234.0000,3229.6000,3229.4000,3236.2000,3238.2000,3239.2000,3239.6000,3240.0000,1,1,1,5,3,2,1,1,1,1
SF,IH2012,2020-08-12 09:30:27.500,3234.2000,16429,-2,78428280.000,2,0,2,双平,S,3234.0000,3229.6000,3229.4000,3229.2000,3229.0000,3235.6000,3239.6000,3240.0000,3241.2000,3245.0000,1,5,3,3,8,1,1,1,1,1
SF,IH2012,2020-08-12 09:30:28.000,3234.4000,16427,-2,80369280.000,2,0,2,双平,S,3234.2000,3234.0000,3229.6000,3229.4000,3229.2000,3239.6000,3240.0000,3241.2000,3245.0000,3247.8000,1,1,5,3,3,1,1,1,1,1
SF,IH2012,2020-08-12 09:30:28.500,3234.4000,16427,0,80369280.000,0,-,-,-,-,3234.6000,3234.4000,3234.2000,3229.6000,3229.4000,3236.2000,3236.4000,3236.6000,3239.2000,3239.4000,1,1,1,5,3,1,1,2,5,1
SF,IH2012,2020-08-12 09:30:29.000,3234.4000,16425,-2,82309920.000,2,0,2,双平,S,3229.6000,3229.4000,3229.2000,3229.0000,3228.2000,3234.6000,3236.0000,3239.2000,3239.6000,3240.0000,5,3,1,8,1,1,1,4,3,1
SF,IH2012,2020-08-12 09:30:29.500,3234.4000,16425,0,82309920.000,0,-,-,-,-,3234.0000,3233.0000,3232.2000,3232.0000,3231.0000,3234.2000,3234.4000,3234.6000,3239.2000,3239.6000,1,1,3,1,1,1,1,1,4,3
SF,IH2012,2020-08-12 09:30:30.000,3234.0000,16424,-1,83280120.000,1,0,1,双平,S,3232.2000,3231.0000,3230.2000,3230.0000,3229.8000,3234.2000,3234.6000,3239.2000,3239.6000,3240.0000,2,1,1,5,3,1,1,4,3,1
SF,IH2012,2020-08-12 09:30:30.500,3234.2000,16422,-2,85220640.000,2,0,2,双平,S,3234.2000,3232.8000,3232.6000,3232.4000,3232.2000,3234.6000,3235.6000,3239.2000,3239.6000,3240.0000,1,3,1,2,2,1,1,4,3,1
SF,IH2012,2020-08-12 09:30:31.000,3234.6000,16421,-1,86191020.000,1,0,1,双平,S,3234.2000,3232.8000,3232.6000,3232.4000,3231.0000,3235.6000,3239.2000,3239.6000,3240.0000,3241.2000,7,3,1,2,1,1,4,3,1,1
SF,IH2012,2020-08-12 09:30:31.500,3235.6000,16420,-1,87161700.000,1,0,1,双平,S,3234.2000,3232.8000,3232.6000,3232.4000,3231.0000,3239.2000,3239.6000,3240.0000,3241.2000,3245.0000,7,3,1,2,1,3,3,1,1,1
SF,IH2012,2020-08-12 09:30:32.000,3235.6000,16420,0,87161700.000,0,-,-,-,-,3234.4000,3234.2000,3232.8000,3232.6000,3232.4000,3238.2000,3239.0000,3239.6000,3240.0000,3241.2000,1,7,3,1,1,1,3,3,1,1
SF,IH2012,2020-08-12 09:30:32.500,3235.6000,16420,0,87161700.000,0,-,-,-,-,3234.6000,3234.4000,3234.2000,3232.8000,3232.6000,3238.0000,3238.2000,3239.0000,3239.6000,3240.0000,1,1,7,3,1,1,1,2,3,1
SF,IH2012,2020-08-12 09:30:33.000,3235.6000,16420,0,87161700.000,0,-,-,-,-,3235.2000,3234.8000,3234.6000,3234.2000,3232.8000,3238.0000,3239.6000,3240.0000,3241.2000,3245.0000,1,2,1,7,1,1,3,1,1,1
SF,IH2012,2020-08-12 09:30:33.500,3238.0000,16419,-1,88133100.000,1,0,1,双平,S,3235.6000,3235.4000,3235.2000,3234.2000,3232.6000,3239.6000,3240.0000,3241.2000,3245.0000,3247.8000,2,3,1,7,1,3,1,1,1,1
SF,IH2012,2020-08-12 09:30:34.000,3238.0000,16419,0,88133100.000,0,-,-,-,-,3236.0000,3235.8000,3235.6000,3235.4000,3235.2000,3239.2000,3239.6000,3240.0000,3241.2000,3245.0000,1,2,2,1,1,1,3,1,1,1
SF,IH2012,2020-08-12 09:30:34.500,3238.0000,16419,0,88133100.000,0,-,-,-,-,3238.0000,3236.2000,3236.0000,3235.6000,3235.4000,3239.0000,3239.2000,3239.6000,3240.0000,3241.2000,1,2,1,2,1,1,1,2,1,1
SF,IH2012,2020-08-12 09:30:35.000,3239.6000,16419,0,91048260.000,3,1,2,多换,S,3239.6000,3237.4000,3235.6000,3235.4000,3234.2000,3240.0000,3241.2000,3245.0000,3247.8000,3249.0000,5,1,2,1,7,1,1,1,1,1
SF,IH2012,2020-08-12 09:30:35.500,3239.4000,16419,0,97850700.000,7,3,4,多换,S,3235.6000,3235.4000,3234.2000,3232.6000,3232.4000,3239.4000,3239.6000,3240.0000,3241.2000,3245.0000,2,1,7,1,1,2,1,2,1,1
SF,IH2012,2020-08-12 09:30:36.000,3239.4000,16419,0,97850700.000,0,-,-,-,-,3236.2000,3236.0000,3235.8000,3235.6000,3235.0000,3240.0000,3241.2000,3245.0000,3247.8000,3249.0000,4,2,6,2,1,1,1,1,1,1
SF,IH2012,2020-08-12 09:30:36.500,3239.4000,16419,0,97850700.000,0,-,-,-,-,3236.8000,3236.4000,3236.2000,3236.0000,3235.8000,3240.0000,3241.2000,3245.0000,3247.8000,3249.0000,1,3,4,2,4,1,1,1,1,1
SF,IH2012,2020-08-12 09:30:37.000,3239.4000,16419,0,97850700.000,0,-,-,-,-,3237.2000,3237.0000,3236.8000,3236.4000,3236.2000,3240.0000,3241.2000,3245.0000,3247.8000,3249.0000,2,3,1,1,1,1,1,1,1,1
SF,IH2012,2020-08-12 09:30:37.500,3239.4000,16419,0,97850700.000,0,-,-,-,-,3237.8000,3237.6000,3237.4000,3237.2000,3236.4000,3240.0000,3241.2000,3245.0000,3247.8000,3249.0000,1,1,2,2,1,1,1,1,1,1
SF,IH2012,2020-08-12 09:30:38.000,3240.0000,16418,-1,98822700.000,1,0,1,双平,S,3238.0000,3237.8000,3237.6000,3237.2000,3236.4000,3241.2000,3245.0000,3247.8000,3249.0000,3249.8000,2,1,1,2,1,1,1,1,1,1
SF,IH2012,2020-08-12 09:30:38.500,3240.0000,16418,0,98822700.000,0,-,-,-,-,3239.4000,3238.6000,3238.2000,3238.0000,3237.6000,3240.0000,3241.0000,3241.2000,3245.0000,3247.8000,1,1,2,2,1,1,1,1,1,1
SF,IH2012,2020-08-12 09:30:39.000,3240.0000,16418,0,100766520.000,2,1,1,多换,S,3238.2000,3238.0000,3237.6000,3236.2000,3235.8000,3241.0000,3241.2000,3245.0000,3247.8000,3249.0000,2,2,1,1,2,1,1,1,1,1
SF,IH2012,2020-08-12 09:30:39.500,3240.0000,16418,0,100766520.000,0,-,-,-,-,3238.4000,3238.2000,3237.6000,3236.2000,3235.6000,3241.0000,3241.2000,3245.0000,3247.8000,3249.0000,2,2,1,1,1,1,1,1,1,1
SF,IH2012,2020-08-12 09:30:40.000,3240.0000,16418,0,100766520.000,0,-,-,-,-,3239.0000,3238.4000,3237.6000,3236.2000,3235.6000,3239.6000,3239.8000,3241.0000,3241.2000,3245.0000,1,2,1,1,1,1,1,2,1,1
SF,IH2012,2020-08-12 09:30:40.500,3240.0000,16418,0,100766520.000,0,-,-,-,-,3239.6000,3239.0000,3237.6000,3236.2000,3235.6000,3240.0000,3241.0000,3241.2000,3245.0000,3247.8000,1,1,1,1,1,3,2,1,1,1
SF,IH2012,2020-08-12 09:30:41.000,3239.8000,16417,-1,101738460.000,1,0,1,双平,S,3236.2000,3235.6000,3235.0000,3230.2000,3230.0000,3239.0000,3240.0000,3241.0000,3241.2000,3245.0000,1,1,1,1,6,1,3,2,1,1
SF,IH2012,2020-08-12 09:30:41.500,3239.8000,16417,0,101738460.000,0,-,-,-,-,3237.6000,3236.8000,3236.4000,3236.2000,3235.6000,3238.8000,3239.0000,3240.0000,3241.0000,3241.2000,1,2,3,1,1,1,1,3,2,1
SF,IH2012,2020-08-12 09:30:42.000,3239.8000,16417,0,101738460.000,0,-,-,-,-,3238.2000,3236.8000,3236.4000,3236.2000,3235.6000,3239.0000,3240.0000,3241.0000,3241.2000,3247.8000,1,1,3,1,1,1,4,2,1,1
SF,IH2012,2020-08-12 09:30:42.500,3239.0000,16416,-1,103681620.000,2,0,2,多平,S,3236.8000,3236.4000,3236.2000,3235.6000,3235.0000,3240.0000,3241.0000,3241.2000,3247.8000,3249.0000,1,3,1,1,1,4,2,1,1,1
SF,IH2012,2020-08-12 09:30:43.000,3239.0000,16416,0,103681620.000,0,-,-,-,-,3237.2000,3237.0000,3236.8000,3236.4000,3236.2000,3239.8000,3240.0000,3241.0000,3241.2000,3247.8000,1,1,1,2,1,1,4,1,1,1
SF,IH2012,2020-08-12 09:30:43.500,3239.0000,16416,0,103681620.000,0,-,-,-,-,3237.8000,3237.4000,3237.2000,3236.4000,3236.2000,3239.8000,3240.0000,3241.0000,3241.2000,3247.8000,1,1,1,2,1,1,4,1,1,1
SF,IH2012,2020-08-12 09:30:44.000,3239.0000,16416,0,103681620.000,0,-,-,-,-,3237.8000,3237.4000,3237.2000,3236.4000,3236.2000,3239.6000,3239.8000,3240.0000,3241.0000,3241.2000,1,1,1,2,1,1,1,4,1,1
SF,IH2012,2020-08-12 09:30:44.500,3237.8000,16416,0,104652960.000,1,0,1,多换,S,3237.2000,3236.2000,3235.6000,3235.0000,3230.2000,3237.8000,3239.4000,3239.6000,3240.0000,3241.0000,1,1,1,2,1,1,1,1,4,1
SF,IH2012,2020-08-12 09:30:45.000,3237.2000,16415,-1,105624120.000,1,0,1,双平,S,3236.2000,3235.6000,3235.0000,3230.2000,3230.0000,3237.2000,3239.4000,3239.6000,3240.0000,3241.0000,1,1,2,1,5,1,1,1,4,1
SF,IH2012,2020-08-12 09:30:45.500,3236.2000,16415,0,106594980.000,1,0,1,多换,S,3235.6000,3235.0000,3230.2000,3230.0000,3229.6000,3239.4000,3239.6000,3240.0000,3240.4000,3241.0000,1,2,1,5,1,1,1,4,1,1
SF,IH2012,2020-08-12 09:30:46.000,3236.2000,16415,0,106594980.000,0,-,-,-,-,3235.6000,3235.0000,3230.2000,3230.0000,3229.6000,3236.8000,3237.0000,3237.2000,3238.2000,3238.6000,1,2,1,5,1,1,1,2,1,1
SF,IH2012,2020-08-12 09:30:46.500,3235.6000,16415,0,107565660.000,1,0,1,多换,S,3235.0000,3230.2000,3230.0000,3229.6000,3228.2000,3236.6000,3237.2000,3238.2000,3238.6000,3238.8000,2,1,5,1,1,2,1,1,1,2
SF,IH2012,2020-08-12 09:30:47.000,3235.0000,16415,0,108536160.000,1,0,1,多换,S,3235.0000,3233.2000,3230.2000,3230.0000,3229.6000,3236.6000,3237.2000,3238.2000,3238.6000,3238.8000,1,1,1,5,1,2,1,1,1,2
SF,IH2012,2020-08-12 09:30:47.500,3235.0000,16414,-1,110477640.000,2,0,2,多平,S,3233.2000,3230.2000,3230.0000,3229.6000,3228.2000,3236.6000,3237.2000,3238.2000,3238.6000,3238.8000,1,1,5,1,1,1,1,1,1,2
SF,IH2012,2020-08-12 09:30:48.000,3235.0000,16414,0,110477640.000,0,-,-,-,-,3233.4000,3233.2000,3230.2000,3230.0000,3229.6000,3236.4000,3236.6000,3237.2000,3238.2000,3238.6000,1,1,1,5,1,3,1,1,1,1
SF,IH2012,2020-08-12 09:30:48.500,3235.0000,16414,0,110477640.000,0,-,-,-,-,3233.4000,3233.2000,3230.2000,3230.0000,3229.6000,3235.0000,3235.4000,3236.2000,3236.4000,3237.2000,1,1,1,5,1,1,1,1,3,1
SF,IH2012,2020-08-12 09:30:49.000,3235.0000,16414,0,110477640.000,0,-,-,-,-,3233.6000,3233.4000,3233.2000,3230.2000,3230.0000,3234.8000,3235.0000,3235.4000,3236.4000,3237.2000,1,1,1,1,5,1,2,1,3,1
SF,IH2012,2020-08-12 09:30:49.500,3233.2000,16414,0,111447600.000,1,0,1,多换,S,3230.2000,3230.0000,3229.6000,3228.2000,3226.0000,3234.8000,3235.0000,3235.4000,3236.4000,3237.2000,1,4,1,1,1,1,2,1,3,1
SF,IH2012,2020-08-12 09:30:50.000,3233.2000,16414,0,111447600.000,0,-,-,-,-,3232.6000,3230.6000,3230.4000,3230.2000,3230.0000,3234.4000,3234.6000,3234.8000,3235.0000,3235.4000,1,1,3,1,1,1,3,1,2,1
SF,IH2012,2020-08-12 09:30:50.500,3234.2000,16414,0,112417860.000,1,0,1,多换,S,3230.4000,3230.2000,3229.6000,3228.2000,3226.0000,3234.2000,3235.0000,3235.4000,3237.0000,3237.2000,1,1,1,1,1,3,2,1,1,1
SF,IH2012,2020-08-12 09:30:51.000,3234.2000,16414,0,112417860.000,0,-,-,-,-,3230.6000,3230.4000,3230.2000,3229.6000,3228.2000,3234.0000,3234.2000,3235.0000,3235.4000,3237.0000,2,1,1,1,1,1,3,2,1,1
SF,IH2012,2020-08-12 09:30:51.500,3234.2000,16414,0,112417860.000,0,-,-,-,-,3230.8000,3230.6000,3230.2000,3229.6000,3228.2000,3233.6000,3233.8000,3234.0000,3235.0000,3235.4000,1,2,1,1,1,1,2,1,2,1
SF,IH2012,2020-08-12 09:30:52.000,3234.2000,16414,0,112417860.000,0,-,-,-,-,3230.8000,3230.6000,3230.2000,3228.2000,3226.0000,3233.4000,3233.6000,3235.0000,3235.4000,3237.0000,1,2,1,1,1,3,1,2,1,1
SF,IH2012,2020-08-12 09:30:52.500,3234.2000,16414,0,112417860.000,0,-,-,-,-,3228.2000,3226.0000,3224.6000,3222.4000,3220.0000,3233.0000,3233.4000,3235.0000,3235.4000,3237.0000,1,1,1,1,2,1,3,2,1,1
SF,IH2012,2020-08-12 09:30:53.000,3234.2000,16414,0,112417860.000,0,-,-,-,-,3230.6000,3228.4000,3228.2000,3226.0000,3224.6000,3232.4000,3232.8000,3233.0000,3235.0000,3235.4000,1,3,2,1,1,1,2,1,2,1
SF,IH2012,2020-08-12 09:30:53.500,3230.6000,16413,-1,113387040.000,1,0,1,双平,S,3230.8000,3228.4000,3228.2000,3226.0000,3224.6000,3231.8000,3232.2000,3232.4000,3232.8000,3233.0000,1,1,2,1,1,1,2,1,1,1
SF,IH2012,2020-08-12 09:30:54.000,3230.8000,16412,-1,114356280.000,1,0,1,双平,S,3228.4000,3228.2000,3226.0000,3224.6000,3222.4000,3231.4000,3231.6000,3231.8000,3232.2000,3232.8000,1,2,1,1,1,1,1,1,1,1
SF,IH2012,2020-08-12 09:30:54.500,3230.8000,16412,0,114356280.000,0,-,-,-,-,3229.6000,3228.6000,3228.4000,3228.2000,3226.0000,3231.2000,3231.4000,3231.8000,3232.8000,3233.0000,2,1,1,2,1,2,1,1,1,1
SF,IH2012,2020-08-12 09:30:55.000,3231.4000,16410,-2,117264420.000,3,0,3,多平,S,3231.2000,3229.8000,3228.6000,3228.2000,3226.0000,3231.8000,3232.8000,3233.0000,3233.8000,3235.0000,1,3,1,2,1,1,1,1,1,2
SF,IH2012,2020-08-12 09:30:55.500,3231.8000,16408,-2,119203320.000,2,0,2,双平,S,3229.8000,3228.6000,3228.2000,3226.0000,3224.6000,3232.8000,3233.0000,3233.8000,3235.0000,3235.4000,2,1,2,1,1,1,1,1,2,1
SF,IH2012,2020-08-12 09:30:56.000,3231.2000,16407,-1,121142520.000,2,0,2,多平,S,3230.0000,3229.8000,3228.6000,3228.2000,3226.0000,3233.0000,3233.8000,3235.0000,3235.4000,3237.0000,1,2,1,2,1,1,1,1,1,1
SF,IH2012,2020-08-12 09:30:56.500,3231.2000,16407,0,121142520.000,0,-,-,-,-,3230.2000,3230.0000,3229.8000,3228.6000,3228.2000,3231.2000,3233.0000,3233.8000,3235.0000,3235.4000,4,1,1,1,2,1,1,1,1,1
SF,IH2012,2020-08-12 09:30:57.000,3231.2000,16406,-1,122111880.000,1,0,1,双平,S,3232.2000,3230.4000,3230.2000,3229.8000,3228.6000,3233.8000,3235.0000,3235.4000,3237.0000,3239.0000,2,2,4,1,1,1,1,1,1,4
SF,IH2012,2020-08-12 09:30:57.500,3231.2000,16406,0,123081240.000,1,0,1,多换,S,3232.2000,3231.0000,3230.4000,3230.2000,3229.8000,3233.6000,3233.8000,3235.0000,3235.4000,3237.0000,2,5,1,4,1,2,1,1,1,1
SF,IH2012,2020-08-12 09:30:58.000,3233.6000,16405,-1,124051320.000,1,0,1,双平,S,3232.2000,3231.0000,3230.4000,3230.2000,3229.8000,3233.8000,3235.0000,3235.4000,3237.0000,3239.0000,2,5,1,4,1,1,1,1,1,4
SF,IH2012,2020-08-12 09:30:58.500,3233.6000,16405,0,124051320.000,0,-,-,-,-,3232.4000,3232.2000,3231.0000,3230.4000,3230.2000,3233.8000,3235.0000,3235.4000,3237.0000,3239.0000,1,2,5,1,4,1,1,1,1,4
SF,IH2012,2020-08-12 09:30:59.000,3233.6000,16405,0,124051320.000,0,-,-,-,-,3232.2000,3231.0000,3230.4000,3230.2000,3228.2000,3233.8000,3235.0000,3235.4000,3237.0000,3239.0000,2,5,1,2,2,1,1,1,1,4
SF,IH2012,2020-08-12 09:30:59.500,3233.6000,16405,0,124051320.000,0,-,-,-,-,3231.0000,3230.4000,3230.2000,3228.2000,3226.0000,3233.6000,3233.8000,3235.0000,3235.4000,3237.0000,5,1,2,2,1,1,1,1,1,1
SF,IH2012,2020-08-12 09:31:00.000,3233.6000,16405,0,124051320.000,0,-,-,-,-,3231.2000,3231.0000,3230.4000,3230.2000,3230.0000,3233.6000,3233.8000,3235.0000,3235.4000,3237.0000,5,5,1,1,1,1,1,1,1,1
SF,IH2012,2020-08-12 09:31:01.500,3233.6000,16405,0,124051320.000,0,-,-,-,-,3233.0000,3231.4000,3231.2000,3231.0000,3230.4000,3233.6000,3233.8000,3235.0000,3235.4000,3237.0000,1,2,5,5,1,1,1,1,1,1
SF,IH2012,2020-08-12 09:31:02.000,3233.6000,16404,-1,125991300.000,2,0,2,多平,S,3231.2000,3231.0000,3230.4000,3230.0000,3228.2000,3233.8000,3235.0000,3235.4000,3237.0000,3239.0000,5,5,1,1,2,1,1,1,1,4
SF,IH2012,2020-08-12 09:31:02.500,3233.6000,16404,0,125991300.000,0,-,-,-,-,3231.4000,3231.2000,3231.0000,3230.4000,3230.0000,3233.8000,3235.0000,3235.4000,3237.0000,3239.0000,2,5,6,1,1,1,1,1,1,4
SF,IH2012,2020-08-12 09:31:03.000,3233.6000,16404,0,125991300.000,0,-,-,-,-,3231.6000,3231.4000,3231.2000,3231.0000,3230.4000,3233.0000,3233.8000,3235.0000,3237.0000,3239.0000,3,2,3,6,1,1,1,1,1,4
SF,IH2012,2020-08-12 09:31:03.500,3233.0000,16402,-2,127931160.000,2,0,2,双平,S,3231.8000,3231.6000,3231.2000,3231.0000,3230.4000,3233.8000,3235.0000,3237.0000,3239.0000,3239.2000,1,3,3,6,1,1,1,1,4,1
SF,IH2012,2020-08-12 09:31:04.000,3232.0000,16401,-1,128900760.000,1,0,1,双平,S,3232.0000,3231.6000,3231.2000,3231.0000,3230.4000,3233.8000,3235.0000,3237.0000,3239.0000,3239.2000,2,1,3,6,1,1,1,1,4,1
SF,IH2012,2020-08-12 09:31:04.500,3232.0000,16401,0,128900760.000,0,-,-,-,-,3232.2000,3232.0000,3231.6000,3231.2000,3231.0000,3233.4000,3233.8000,3235.0000,3237.0000,3239.0000,1,2,1,3,6,1,1,1,1,4
SF,IH2012,2020-08-12 09:31:05.000,3233.4000,16401,0,129870780.000,1,0,1,多换,S,3233.4000,3232.4000,3232.2000,3232.0000,3231.6000,3233.8000,3235.0000,3237.0000,3239.0000,3239.2000,1,1,1,1,1,1,1,1,4,1
SF,IH2012,2020-08-12 09:31:05.500,3233.4000,16401,0,129870780.000,0,-,-,-,-,3232.2000,3232.0000,3231.6000,3231.2000,3231.0000,3233.8000,3235.0000,3237.0000,3239.0000,3239.2000,1,1,2,3,6,1,1,1,4,1
SF,IH2012,2020-08-12 09:31:06.000,3233.4000,16401,0,129870780.000,0,-,-,-,-,3232.4000,3232.2000,3232.0000,3231.6000,3231.2000,3233.8000,3235.0000,3237.0000,3239.0000,3239.2000,2,1,1,2,3,1,1,1,4,1
SF,IH2012,2020-08-12 09:31:06.500,3233.4000,16401,0,129870780.000,0,-,-,-,-,3232.6000,3232.4000,3232.0000,3231.6000,3231.2000,3233.8000,3235.0000,3237.0000,3239.0000,3239.2000,2,2,1,2,3,1,1,1,4,1
SF,IH2012,2020-08-12 09:31:07.000,3233.8000,16400,-1,130840920.000,1,0,1,双平,S,3233.8000,3232.8000,3232.6000,3232.4000,3232.0000,3235.0000,3237.0000,3239.0000,3239.2000,3239.4000,1,2,1,1,1,1,1,4,1,2
SF,IH2012,2020-08-12 09:31:07.500,3235.0000,16399,-1,131811420.000,1,0,1,双平,S,3234.0000,3233.8000,3232.8000,3232.6000,3232.4000,3237.0000,3239.0000,3239.2000,3239.4000,3239.8000,2,1,1,1,1,1,3,1,2,1
SF,IH2012,2020-08-12 09:31:08.000,3235.0000,16399,0,131811420.000,0,-,-,-,-,3234.2000,3234.0000,3233.8000,3232.8000,3232.6000,3236.8000,3237.0000,3239.0000,3239.2000,3239.4000,1,1,2,1,1,1,1,3,1,1
SF,IH2012,2020-08-12 09:31:08.500,3235.0000,16399,0,131811420.000,0,-,-,-,-,3234.4000,3234.2000,3233.8000,3232.8000,3232.6000,3236.8000,3237.0000,3239.0000,3239.2000,3239.4000,2,1,2,1,1,1,1,3,1,1
SF,IH2012,2020-08-12 09:31:09.000,3235.0000,16399,0,131811420.000,0,-,-,-,-,3234.6000,3234.4000,3233.8000,3232.8000,3232.6000,3236.8000,3237.0000,3239.2000,3239.4000,3239.8000,1,2,2,1,1,1,1,1,1,1
SF,IH2012,2020-08-12 09:31:09.500,3236.8000,16399,0,132782460.000,1,0,1,多换,S,3236.8000,3234.8000,3234.6000,3233.8000,3232.8000,3237.0000,3239.2000,3239.4000,3239.8000,3240.0000,4,1,1,2,1,1,1,1,1,5
SF,IH2012,2020-08-12 09:31:10.000,3236.8000,16397,-2,138608760.000,6,2,4,多平,S,3234.8000,3234.6000,3233.8000,3232.6000,3231.0000,3239.2000,3239.4000,3239.8000,3240.0000,3242.4000,1,1,1,1,6,1,1,1,5,1
SF,IH2012,2020-08-12 09:31:10.500,3236.8000,16397,0,138608760.000,0,-,-,-,-,3235.2000,3235.0000,3234.8000,3233.8000,3231.0000,3238.8000,3239.0000,3239.2000,3239.4000,3239.8000,1,1,1,1,6,1,4,1,1,1
SF,IH2012,2020-08-12 09:31:11.000,3236.8000,16397,0,138608760.000,0,-,-,-,-,3235.4000,3235.2000,3233.8000,3231.0000,3230.0000,3238.8000,3239.0000,3239.2000,3239.4000,3239.8000,2,1,1,6,1,1,1,1,1,1
SF,IH2012,2020-08-12 09:31:11.500,3236.8000,16397,0,138608760.000,0,-,-,-,-,3235.4000,3235.2000,3233.8000,3231.0000,3230.0000,3238.2000,3238.4000,3238.6000,3238.8000,3239.0000,2,1,1,6,1,1,1,1,1,1
SF,IH2012,2020-08-12 09:31:12.000,3236.8000,16397,0,138608760.000,0,-,-,-,-,3235.4000,3233.8000,3231.0000,3230.0000,3228.2000,3238.2000,3238.4000,3239.0000,3239.2000,3239.4000,2,1,6,1,2,1,1,1,1,1
SF,IH2012,2020-08-12 09:31:12.500,3236.8000,16397,0,138608760.000,0,-,-,-,-,3235.4000,3233.8000,3231.0000,3230.0000,3228.2000,3237.2000,3237.6000,3238.0000,3238.2000,3238.4000,2,1,6,1,2,1,1,1,1,1
SF,IH2012,2020-08-12 09:31:13.000,3236.8000,16397,0,138608760.000,0,-,-,-,-,3235.6000,3235.4000,3233.8000,3231.0000,3230.0000,3237.2000,3237.6000,3238.0000,3238.2000,3238.4000,1,2,1,6,1,1,1,1,1,1
SF,IH2012,2020-08-12 09:31:13.500,3236.8000,16397,0,138608760.000,0,-,-,-,-,3235.8000,3235.4000,3233.8000,3231.0000,3230.0000,3237.2000,3237.6000,3238.0000,3238.2000,3238.4000,2,1,1,6,1,1,1,1,1,1
SF,IH2012,2020-08-12 09:31:14.000,3235.8000,16395,-2,140550240.000,2,0,2,双平,S,3235.4000,3233.8000,3231.0000,3230.0000,3228.2000,3237.2000,3237.6000,3238.0000,3238.4000,3239.0000,1,1,6,1,2,1,1,1,1,1
SF,IH2012,2020-08-12 09:31:14.500,3235.8000,16395,0,140550240.000,0,-,-,-,-,3235.4000,3233.8000,3231.0000,3230.0000,3228.2000,3237.0000,3237.2000,3237.6000,3238.4000,3239.0000,1,1,6,1,2,1,1,1,1,1
SF,IH2012,2020-08-12 09:31:15.000,3237.2000,16394,-1,141521400.000,1,0,1,双平,S,3235.4000,3233.8000,3231.0000,3230.0000,3228.2000,3237.6000,3238.4000,3239.0000,3239.2000,3239.4000,1,1,6,1,2,1,1,1,1,1
SF,IH2012,2020-08-12 09:31:15.500,3237.2000,16394,0,141521400.000,0,-,-,-,-,3235.6000,3235.4000,3235.0000,3233.8000,3231.0000,3237.6000,3238.4000,3239.0000,3239.2000,3239.4000,2,1,1,1,6,1,1,1,1,1
SF,IH2012,2020-08-12 09:31:16.000,3237.2000,16394,0,141521400.000,0,-,-,-,-,3235.8000,3235.6000,3235.0000,3233.8000,3231.0000,3237.4000,3238.4000,3239.0000,3239.2000,3239.4000,1,2,1,1,6,2,1,1,1,1
SF,IH2012,2020-08-12 09:31:16.500,3237.2000,16394,0,141521400.000,0,-,-,-,-,3235.8000,3235.6000,3235.0000,3233.8000,3231.0000,3236.8000,3237.4000,3238.4000,3239.0000,3239.2000,1,1,1,1,6,1,1,1,1,1
SF,IH2012,2020-08-12 09:31:17.000,3237.0000,16393,-1,142492500.000,1,0,1,双平,S,3235.6000,3235.0000,3233.8000,3231.2000,3231.0000,3238.4000,3239.0000,3239.2000,3239.4000,3239.8000,1,1,1,1,6,1,1,1,1,1
SF,IH2012,2020-08-12 09:31:17.500,3235.8000,16391,-2,144433980.000,2,0,2,双平,S,3235.6000,3235.0000,3233.8000,3231.2000,3231.0000,3235.8000,3238.2000,3238.4000,3239.0000,3239.2000,1,1,1,1,6,3,2,1,1,1
SF,IH2012,2020-08-12 09:31:18.000,3235.8000,16388,-3,147346200.000,3,0,3,双平,S,3236.0000,3235.8000,3235.6000,3235.0000,3233.8000,3238.2000,3238.4000,3239.0000,3239.2000,3239.4000,4,2,1,1,1,2,1,1,1,1
SF,IH2012,2020-08-12 09:31:18.500,3235.8000,16388,0,147346200.000,0,-,-,-,-,3236.2000,3236.0000,3235.8000,3235.6000,3235.0000,3238.0000,3238.2000,3238.4000,3239.0000,3239.2000,1,4,2,1,1,1,2,1,1,1
SF,IH2012,2020-08-12 09:31:19.000,3235.8000,16388,0,147346200.000,0,-,-,-,-,3236.2000,3236.0000,3235.8000,3235.6000,3235.0000,3237.8000,3238.0000,3238.2000,3238.4000,3239.0000,1,5,2,1,1,2,1,1,1,1
SF,IH2012,2020-08-12 09:31:19.500,3237.8000,16386,-2,149288880.000,2,0,2,双平,S,3236.2000,3236.0000,3235.8000,3235.6000,3235.0000,3238.0000,3238.4000,3239.2000,3239.4000,3239.8000,1,5,2,1,1,1,1,1,1,1
SF,IH2012,2020-08-12 09:31:20.000,3238.0000,16385,-1,150260280.000,1,0,1,双平,S,3238.0000,3236.4000,3236.2000,3236.0000,3235.8000,3239.2000,3239.4000,3239.8000,3240.0000,3242.4000,1,3,1,5,2,1,1,1,5,1
SF,IH2012,2020-08-12 09:31:20.500,3238.0000,16385,0,151231680.000,1,0,1,多换,S,3236.4000,3236.2000,3236.0000,3235.8000,3235.6000,3238.6000,3239.0000,3239.2000,3239.4000,3239.8000,2,1,5,2,1,1,1,1,1,1
SF,IH2012,2020-08-12 09:31:21.000,3238.0000,16384,-1,152203080.000,1,0,1,双平,S,3236.4000,3236.2000,3236.0000,3235.8000,3235.6000,3239.2000,3239.4000,3239.8000,3240.0000,3242.4000,2,2,5,2,1,1,1,1,5,1
SF,IH2012,2020-08-12 09:31:21.500,3238.0000,16384,0,152203080.000,0,-,-,-,-,3236.8000,3236.4000,3236.2000,3236.0000,3235.8000,3239.2000,3239.4000,3239.8000,3240.0000,3242.4000,2,2,2,5,2,1,1,1,5,1
SF,IH2012,2020-08-12 09:31:22.000,3238.0000,16384,0,152203080.000,0,-,-,-,-,3237.0000,3236.4000,3236.2000,3236.0000,3235.8000,3239.2000,3239.4000,3239.8000,3240.0000,3242.4000,1,1,2,5,2,1,1,1,5,1
SF,IH2012,2020-08-12 09:31:22.500,3239.4000,16382,-2,154146660.000,2,0,2,双平,S,3237.2000,3237.0000,3236.4000,3236.2000,3236.0000,3239.8000,3240.0000,3242.4000,3247.0000,3247.8000,2,1,1,2,5,1,5,1,1,1
SF,IH2012,2020-08-12 09:31:23.000,3239.4000,16382,0,154146660.000,0,-,-,-,-,3237.4000,3237.2000,3236.4000,3236.2000,3236.0000,3239.8000,3240.0000,3242.4000,3247.0000,3247.8000,1,3,1,2,6,1,5,1,1,1
SF,IH2012,2020-08-12 09:31:23.500,3237.4000,16381,-1,155117880.000,1,0,1,双平,S,3237.2000,3236.4000,3236.2000,3236.0000,3235.8000,3239.8000,3240.0000,3242.4000,3247.0000,3247.8000,3,1,1,6,2,1,5,1,1,1
SF,IH2012,2020-08-12 09:31:24.000,3237.4000,16381,0,155117880.000,0,-,-,-,-,3237.4000,3237.2000,3237.0000,3236.2000,3236.0000,3239.8000,3240.0000,3242.4000,3247.0000,3247.8000,2,3,1,1,5,1,5,1,1,1
SF,IH2012,2020-08-12 09:31:24.500,3237.4000,16381,0,155117880.000,0,-,-,-,-,3239.0000,3237.4000,3237.2000,3237.0000,3236.2000,3239.8000,3240.0000,3242.4000,3247.0000,3247.8000,3,2,3,1,1,1,5,1,1,1
SF,IH2012,2020-08-12 09:31:25.000,3239.0000,16381,0,158032980.000,3,1,2,多换,S,3237.4000,3237.2000,3237.0000,3236.2000,3236.0000,3239.0000,3239.8000,3240.0000,3242.4000,3247.0000,2,3,1,1,5,1,1,5,1,1
SF,IH2012,2020-08-12 09:31:25.500,3239.0000,16381,0,158032980.000,0,-,-,-,-,3239.2000,3237.6000,3237.4000,3237.2000,3237.0000,3239.8000,3240.0000,3242.4000,3247.0000,3247.8000,1,2,2,3,1,1,5,1,1,1
SF,IH2012,2020-08-12 09:31:26.000,3239.0000,16381,0,158032980.000,0,-,-,-,-,3239.2000,3237.6000,3237.4000,3237.2000,3237.0000,3239.8000,3240.0000,3242.4000,3247.0000,3247.8000,1,1,2,1,1,1,5,1,1,1
SF,IH2012,2020-08-12 09:31:26.500,3239.8000,16380,-1,159004920.000,1,0,1,双平,S,3239.2000,3237.6000,3237.4000,3237.2000,3237.0000,3240.0000,3242.4000,3247.0000,3247.8000,3249.0000,1,1,2,1,1,5,1,1,1,2
SF,IH2012,2020-08-12 09:31:27.000,3240.0000,16380,0,160948920.000,2,1,1,多换,S,3239.2000,3237.6000,3237.4000,3237.2000,3237.0000,3240.0000,3242.4000,3247.0000,3247.8000,3249.0000,1,1,2,1,1,3,1,1,1,2
SF,IH2012,2020-08-12 09:31:27.500,3240.0000,16380,0,161920920.000,1,0,1,多换,S,3239.2000,3237.6000,3237.4000,3237.2000,3237.0000,3240.0000,3242.4000,3247.0000,3247.8000,3249.0000,1,1,2,1,1,2,1,1,1,2
SF,IH2012,2020-08-12 09:31:28.000,3240.0000,16379,-1,163864920.000,2,0,2,多平,S,3239.2000,3239.0000,3237.6000,3237.4000,3237.2000,3242.4000,3247.0000,3247.8000,3249.0000,3249.6000,1,1,1,2,1,1,1,1,2,3
SF,IH2012,2020-08-12 09:31:28.500,3240.0000,16379,0,163864920.000,0,-,-,-,-,3239.4000,3239.2000,3239.0000,3237.4000,3237.2000,3242.2000,3242.4000,3247.0000,3247.8000,3249.0000,1,1,1,1,1,1,1,1,1,2
SF,IH2012,2020-08-12 09:31:29.000,3240.0000,16379,0,163864920.000,0,-,-,-,-,3239.4000,3239.2000,3239.0000,3237.2000,3237.0000,3240.8000,3242.2000,3242.4000,3247.0000,3247.8000,1,2,1,1,1,1,1,1,1,1
SF,IH2012,2020-08-12 09:31:29.500,3239.2000,16375,-4,167752080.000,4,0,4,双平,S,3239.0000,3237.2000,3237.0000,3236.2000,3236.0000,3242.2000,3242.4000,3247.0000,3247.8000,3249.0000,1,1,1,1,2,1,1,1,1,2
SF,IH2012,2020-08-12 09:31:30.000,3239.2000,16375,0,167752080.000,0,-,-,-,-,3239.2000,3239.0000,3237.2000,3237.0000,3236.2000,3241.6000,3242.0000,3242.2000,3242.4000,3247.0000,1,1,1,1,1,1,2,2,1,1
SF,IH2012,2020-08-12 09:31:30.500,3239.0000,16373,-2,169695540.000,2,0,2,双平,S,3237.2000,3237.0000,3236.2000,3236.0000,3235.8000,3240.2000,3240.4000,3241.4000,3241.6000,3242.0000,1,1,1,2,1,1,1,2,2,1
SF,IH2012,2020-08-12 09:31:31.000,3239.0000,16373,0,169695540.000,0,-,-,-,-,3237.4000,3237.2000,3237.0000,3236.2000,3236.0000,3240.0000,3241.6000,3242.0000,3242.4000,3247.0000,1,1,1,1,2,3,2,1,1,1
SF,IH2012,2020-08-12 09:31:31.500,3239.0000,16373,0,169695540.000,0,-,-,-,-,3237.2000,3237.0000,3236.2000,3236.0000,3235.8000,3240.0000,3241.6000,3242.0000,3242.4000,3247.0000,1,1,1,2,1,3,2,1,1,1
SF,IH2012,2020-08-12 09:31:32.000,3239.0000,16373,0,169695540.000,0,-,-,-,-,3237.4000,3237.2000,3237.0000,3236.2000,3236.0000,3240.0000,3241.6000,3242.0000,3242.4000,3247.0000,1,1,1,1,2,3,2,1,1,1
SF,IH2012,2020-08-12 09:31:33.500,3239.0000,16373,0,169695540.000,0,-,-,-,-,3237.6000,3237.4000,3237.2000,3237.0000,3236.2000,3240.0000,3241.6000,3242.4000,3247.0000,3247.8000,1,1,1,1,1,3,2,1,1,1
SF,IH2012,2020-08-12 09:31:34.000,3239.0000,16373,0,169695540.000,0,-,-,-,-,3237.8000,3237.4000,3237.2000,3237.0000,3236.2000,3240.0000,3241.6000,3242.4000,3247.0000,3247.8000,1,2,1,1,1,2,2,1,1,1
SF,IH2012,2020-08-12 09:31:34.500,3239.0000,16373,0,169695540.000,0,-,-,-,-,3237.8000,3237.4000,3237.2000,3237.0000,3236.2000,3240.0000,3241.6000,3242.4000,3247.0000,3247.8000,2,2,1,1,1,2,2,1,1,1
SF,IH2012,2020-08-12 09:31:35.000,3237.8000,16371,-2,171638220.000,2,0,2,双平,S,3238.0000,3237.4000,3237.2000,3237.0000,3236.2000,3240.0000,3241.6000,3242.4000,3247.0000,3247.8000,1,2,1,1,1,2,2,1,1,1
SF,IH2012,2020-08-12 09:31:35.500,3237.4000,16370,-1,173580840.000,2,0,2,多平,S,3237.4000,3237.2000,3237.0000,3236.2000,3236.0000,3239.8000,3240.0000,3241.6000,3242.4000,3247.0000,1,1,1,1,2,2,2,2,1,1
SF,IH2012,2020-08-12 09:31:36.000,3237.2000,16368,-2,175523220.000,2,0,2,双平,S,3237.0000,3236.2000,3236.0000,3235.8000,3235.6000,3239.2000,3239.4000,3239.6000,3239.8000,3241.6000,1,1,2,1,1,1,1,2,1,1
SF,IH2012,2020-08-12 09:31:36.500,3237.2000,16368,0,175523220.000,0,-,-,-,-,3237.0000,3236.2000,3236.0000,3235.8000,3235.0000,3238.2000,3238.4000,3238.8000,3239.0000,3239.2000,1,1,2,1,1,1,1,1,2,1
SF,IH2012,2020-08-12 09:31:37.000,3238.0000,16368,0,176494620.000,1,0,1,多换,S,3237.0000,3236.2000,3236.0000,3235.8000,3235.0000,3238.4000,3238.8000,3239.0000,3239.2000,3239.8000,1,1,2,1,1,1,1,1,1,1
SF,IH2012,2020-08-12 09:31:37.500,3238.2000,16368,0,177466080.000,1,0,1,多换,S,3237.0000,3236.2000,3236.0000,3235.8000,3235.0000,3238.2000,3238.8000,3239.0000,3239.2000,3239.8000,1,1,2,1,1,1,1,1,1,1
SF,IH2012,2020-08-12 09:31:38.000,3238.2000,16368,0,178437540.000,1,0,1,多换,S,3238.2000,3237.0000,3236.2000,3236.0000,3235.8000,3238.8000,3239.0000,3239.2000,3239.8000,3241.6000,1,1,1,2,1,1,1,1,1,1
SF,IH2012,2020-08-12 09:31:38.500,3237.0000,16368,0,180380100.000,2,1,1,多换,S,3236.2000,3236.0000,3235.8000,3235.0000,3233.8000,3238.0000,3238.2000,3238.4000,3238.8000,3239.2000,1,2,1,1,1,1,1,2,1,1
SF,IH2012,2020-08-12 09:31:39.000,3237.0000,16368,0,180380100.000,0,-,-,-,-,3236.4000,3236.2000,3236.0000,3235.8000,3233.8000,3237.8000,3238.4000,3238.8000,3239.2000,3239.8000,2,1,3,1,1,1,1,1,1,1
SF,IH2012,2020-08-12 09:31:39.500,3237.8000,16367,-1,181351440.000,1,0,1,双平,S,3236.4000,3236.2000,3236.0000,3235.8000,3233.8000,3238.4000,3238.8000,3239.2000,3239.8000,3241.6000,3,1,3,1,1,1,1,1,1,1
SF,IH2012,2020-08-12 09:31:40.000,3238.2000,16367,0,182322900.000,1,0,1,多换,S,3238.2000,3236.6000,3236.4000,3236.2000,3236.0000,3238.4000,3238.8000,3239.2000,3239.8000,3241.6000,1,1,3,1,3,1,1,1,1,1
SF,IH2012,2020-08-12 09:31:40.500,3238.2000,16367,0,183294360.000,1,0,1,多换,S,3236.6000,3236.4000,3236.2000,3236.0000,3235.8000,3238.0000,3238.2000,3238.4000,3238.8000,3239.2000,1,2,1,3,1,1,5,1,1,1
SF,IH2012,2020-08-12 09:31:41.000,3236.6000,16366,-1,184265340.000,1,0,1,双平,S,3236.4000,3236.2000,3236.0000,3235.8000,3233.8000,3238.2000,3238.4000,3238.8000,3239.2000,3239.8000,2,1,3,1,1,1,1,1,1,1
SF,IH2012,2020-08-12 09:31:41.500,3236.6000,16366,0,184265340.000,0,-,-,-,-,3236.4000,3236.2000,3236.0000,3233.8000,3231.2000,3238.0000,3238.2000,3238.4000,3238.8000,3239.2000,2,1,3,1,1,1,1,1,1,1
SF,IH2012,2020-08-12 09:31:42.000,3238.2000,16365,-1,186208200.000,2,0,2,多平,S,3238.2000,3238.0000,3236.6000,3236.4000,3236.2000,3238.4000,3238.8000,3239.2000,3239.8000,3241.6000,3,1,1,2,1,1,1,1,1,1
SF,IH2012,2020-08-12 09:31:42.500,3238.2000,16365,0,189122820.000,3,1,2,多换,S,3238.2000,3238.0000,3236.4000,3236.2000,3236.0000,3239.8000,3241.6000,3242.4000,3247.0000,3247.8000,2,1,2,1,3,1,1,1,1,1
SF,IH2012,2020-08-12 09:31:43.000,3238.2000,16365,0,189122820.000,0,-,-,-,-,3238.4000,3238.2000,3238.0000,3236.6000,3236.4000,3239.8000,3241.6000,3242.4000,3247.0000,3247.8000,2,2,1,1,1,1,1,1,1,1
SF,IH2012,2020-08-12 09:31:43.500,3238.2000,16365,0,189122820.000,0,-,-,-,-,3238.6000,3238.4000,3238.2000,3238.0000,3236.6000,3239.8000,3241.6000,3242.4000,3247.0000,3247.8000,1,2,4,1,1,1,1,1,1,1
SF,IH2012,2020-08-12 09:31:44.000,3238.2000,16365,0,189122820.000,0,-,-,-,-,3238.4000,3238.2000,3238.0000,3236.6000,3236.4000,3239.8000,3241.6000,3242.4000,3247.0000,3247.8000,3,4,1,1,1,1,1,1,1,1
SF,IH2012,2020-08-12 09:31:44.500,3238.2000,16365,0,189122820.000,0,-,-,-,-,3239.8000,3238.6000,3238.4000,3238.2000,3238.0000,3241.6000,3242.4000,3247.0000,3247.8000,3249.0000,1,1,3,4,1,1,1,1,1,2
SF,IH2012,2020-08-12 09:31:45.000,3239.8000,16363,-2,191066700.000,2,0,2,双平,S,3238.4000,3238.2000,3238.0000,3236.4000,3236.2000,3239.8000,3240.0000,3240.2000,3241.4000,3241.6000,3,4,1,1,1,1,1,2,1,1
SF,IH2012,2020-08-12 09:31:45.500,3239.8000,16363,0,191066700.000,0,-,-,-,-,3238.6000,3238.4000,3238.2000,3238.0000,3236.4000,3241.0000,3241.4000,3241.6000,3242.4000,3247.0000,1,3,4,1,2,4,1,1,1,1
SF,IH2012,2020-08-12 09:31:46.000,3239.8000,16363,0,191066700.000,0,-,-,-,-,3238.8000,3238.4000,3238.2000,3238.0000,3236.4000,3240.8000,3241.0000,3241.6000,3242.4000,3247.0000,2,2,4,1,2,1,4,1,1,1
SF,IH2012,2020-08-12 09:31:46.500,3239.8000,16363,0,191066700.000,0,-,-,-,-,3239.0000,3238.8000,3238.4000,3238.2000,3238.0000,3240.0000,3240.8000,3241.0000,3241.6000,3242.4000,1,2,2,4,1,1,1,4,1,1
SF,IH2012,2020-08-12 09:31:47.000,3239.8000,16363,0,191066700.000,0,-,-,-,-,3239.2000,3239.0000,3238.4000,3238.2000,3238.0000,3240.0000,3240.8000,3241.6000,3242.4000,3247.0000,2,1,2,4,1,1,1,1,1,1
SF,IH2012,2020-08-12 09:31:47.500,3240.8000,16362,-1,193010940.000,2,0,2,多平,S,3239.2000,3239.0000,3238.4000,3238.2000,3238.0000,3241.6000,3242.4000,3247.0000,3247.8000,3249.0000,2,1,2,4,1,1,1,1,1,2
SF,IH2012,2020-08-12 09:31:48.000,3240.8000,16362,0,193010940.000,0,-,-,-,-,3239.2000,3239.0000,3238.4000,3238.2000,3238.0000,3241.4000,3241.6000,3242.4000,3247.0000,3247.8000,1,1,2,4,1,2,1,1,1,1
SF,IH2012,2020-08-12 09:31:48.500,3241.4000,16361,-1,195928200.000,3,1,2,多平,S,3239.4000,3239.2000,3239.0000,3238.4000,3238.2000,3242.0000,3242.4000,3247.0000,3247.8000,3249.0000,1,1,1,2,4,1,1,1,1,2
SF,IH2012,2020-08-12 09:31:49.000,3241.4000,16361,0,195928200.000,0,-,-,-,-,3239.6000,3239.4000,3239.0000,3238.4000,3238.2000,3240.6000,3240.8000,3242.0000,3242.4000,3247.0000,1,1,1,1,4,1,1,1,1,1
SF,IH2012,2020-08-12 09:31:49.500,3241.4000,16361,0,195928200.000,0,-,-,-,-,3240.6000,3239.8000,3239.6000,3239.0000,3238.4000,3242.0000,3242.4000,3247.0000,3247.8000,3249.0000,2,1,4,1,1,1,1,1,1,2
SF,IH2012,2020-08-12 09:31:50.000,3240.6000,16361,0,197872560.000,2,1,1,多换,S,3239.6000,3239.0000,3238.2000,3236.0000,3233.8000,3241.0000,3242.0000,3242.4000,3247.0000,3247.8000,4,1,4,1,1,2,1,1,1,1
SF,IH2012,2020-08-12 09:31:50.500,3240.6000,16361,0,197872560.000,0,-,-,-,-,3239.6000,3239.0000,3238.2000,3236.0000,3233.8000,3240.0000,3240.2000,3240.8000,3242.0000,3242.4000,4,1,4,1,1,1,1,1,1,1
SF,IH2012,2020-08-12 09:31:51.000,3240.0000,16360,-1,198844560.000,1,0,1,双平,S,3240.0000,3239.8000,3239.6000,3239.0000,3238.2000,3240.8000,3242.0000,3242.2000,3247.0000,3247.8000,1,1,3,1,4,1,1,1,1,1
SF,IH2012,2020-08-12 09:31:51.500,3240.0000,16360,0,198844560.000,0,-,-,-,-,3240.0000,3239.6000,3239.0000,3238.6000,3238.2000,3240.8000,3242.0000,3242.2000,3247.0000,3247.8000,1,3,1,1,4,1,1,1,1,1
SF,IH2012,2020-08-12 09:31:52.000,3240.0000,16359,-1,200788560.000,2,0,2,多平,S,3239.6000,3238.6000,3238.2000,3236.0000,3233.8000,3240.0000,3240.8000,3242.0000,3242.2000,3247.0000,3,1,4,1,1,3,1,1,1,1
SF,IH2012,2020-08-12 09:31:52.500,3239.6000,16357,-2,203704440.000,3,0,3,多平,S,3239.6000,3238.6000,3238.2000,3237.6000,3236.0000,3240.8000,3242.0000,3242.2000,3247.0000,3247.8000,3,1,4,1,1,1,1,1,1,1
SF,IH2012,2020-08-12 09:31:53.000,3240.8000,16354,-3,207592320.000,4,0,4,多平,S,3240.8000,3238.6000,3238.2000,3237.6000,3236.0000,3242.0000,3242.2000,3247.0000,3247.8000,3248.4000,1,1,4,1,1,1,1,1,1,1
SF,IH2012,2020-08-12 09:31:53.500,3240.8000,16354,0,208564560.000,1,0,1,多换,S,3238.6000,3238.2000,3236.0000,3233.8000,3231.2000,3240.4000,3240.6000,3240.8000,3241.4000,3241.6000,1,4,1,1,1,1,2,1,1,1
SF,IH2012,2020-08-12 09:31:54.000,3240.0000,16354,0,209536560.000,1,0,1,多换,S,3238.8000,3238.6000,3238.2000,3237.4000,3236.0000,3240.0000,3240.8000,3241.6000,3241.8000,3242.0000,3,1,4,1,1,13,1,1,3,3
SF,IH2012,2020-08-12 09:31:54.500,3238.8000,16354,0,211479840.000,2,1,1,多换,S,3238.8000,3238.6000,3238.2000,3237.4000,3236.0000,3240.0000,3240.8000,3241.6000,3241.8000,3242.0000,1,1,4,1,1,10,1,1,3,3
SF,IH2012,2020-08-12 09:31:55.000,3239.8000,16353,-1,213423420.000,2,0,2,多平,S,3238.6000,3238.2000,3237.4000,3236.0000,3233.8000,3240.0000,3240.8000,3241.6000,3241.8000,3242.0000,1,4,1,1,1,10,1,1,3,3
SF,IH2012,2020-08-12 09:31:55.500,3238.6000,16352,-1,214395000.000,1,0,1,双平,S,3238.2000,3237.4000,3236.2000,3236.0000,3233.8000,3238.6000,3239.0000,3239.2000,3239.8000,3240.0000,4,1,1,1,1,1,1,2,1,11
SF,IH2012,2020-08-12 09:31:56.000,3238.6000,16354,2,219252420.000,5,3,2,空开,S,3238.6000,3237.4000,3236.2000,3236.0000,3233.8000,3239.8000,3240.0000,3240.2000,3240.8000,3241.6000,2,1,1,1,1,1,11,1,1,1
SF,IH2012,2020-08-12 09:31:56.500,3238.6000,16354,0,219252420.000,0,-,-,-,-,3237.4000,3236.0000,3233.8000,3231.2000,3231.0000,3239.8000,3240.0000,3240.2000,3240.8000,3241.6000,1,1,1,1,1,1,11,1,1,1
SF,IH2012,2020-08-12 09:31:57.000,3238.6000,16354,0,219252420.000,0,-,-,-,-,3237.6000,3237.4000,3236.2000,3236.0000,3233.8000,3239.0000,3239.2000,3239.6000,3239.8000,3240.0000,2,1,1,1,1,1,3,1,1,11
SF,IH2012,2020-08-12 09:31:57.500,3238.6000,16354,0,219252420.000,0,-,-,-,-,3237.6000,3237.4000,3236.2000,3236.0000,3233.8000,3239.2000,3239.6000,3239.8000,3240.0000,3240.2000,2,1,1,1,1,3,1,1,11,1
SF,IH2012,2020-08-12 09:31:58.000,3237.8000,16354,0,220223760.000,1,0,1,多换,S,3237.6000,3237.4000,3236.2000,3236.0000,3233.8000,3239.0000,3239.6000,3239.8000,3240.0000,3240.2000,2,1,1,1,1,1,1,1,11,1
SF,IH2012,2020-08-12 09:31:58.500,3237.6000,16352,-2,222166320.000,2,0,2,双平,S,3236.2000,3236.0000,3233.8000,3231.2000,3231.0000,3238.4000,3238.8000,3239.6000,3239.8000,3240.0000,1,1,1,1,1,1,1,1,1,11
SF,IH2012,2020-08-12 09:31:59.000,3237.6000,16352,0,222166320.000,0,-,-,-,-,3236.4000,3236.2000,3236.0000,3233.8000,3231.2000,3238.2000,3239.8000,3240.0000,3241.4000,3241.6000,1,1,1,1,1,3,1,11,1,1
SF,IH2012,2020-08-12 09:31:59.500,3237.6000,16352,0,222166320.000,0,-,-,-,-,3236.4000,3236.2000,3236.0000,3234.4000,3233.8000,3238.0000,3238.2000,3239.8000,3240.0000,3241.4000,1,1,1,1,1,1,3,1,11,1
SF,IH2012,2020-08-12 09:32:00.000,3237.6000,16352,0,222166320.000,0,-,-,-,-,3236.6000,3236.4000,3236.2000,3236.0000,3234.4000,3238.2000,3240.0000,3241.4000,3241.8000,3242.0000,1,1,1,1,1,3,11,1,3,2
SF,IH2012,2020-08-12 09:32:00.500,3237.6000,16352,0,222166320.000,0,-,-,-,-,3236.4000,3236.2000,3236.0000,3234.4000,3233.8000,3238.0000,3238.2000,3240.0000,3241.4000,3241.8000,1,1,1,1,1,1,3,11,1,3
SF,IH2012,2020-08-12 09:32:01.000,3237.6000,16352,0,222166320.000,0,-,-,-,-,3236.4000,3236.2000,3236.0000,3234.4000,3233.8000,3238.2000,3240.0000,3241.4000,3241.8000,3242.0000,1,1,1,1,1,3,11,1,3,2
SF,IH2012,2020-08-12 09:32:01.500,3236.2000,16350,-2,224108100.000,2,0,2,双平,S,3236.0000,3234.4000,3233.8000,3231.2000,3231.0000,3236.2000,3236.4000,3237.6000,3238.0000,3238.2000,1,1,1,1,1,2,1,2,2,3
SF,IH2012,2020-08-12 09:32:02.000,3236.4000,16348,-2,227991540.000,4,1,3,多平,S,3234.4000,3233.8000,3231.2000,3231.0000,3230.0000,3236.4000,3237.6000,3238.0000,3238.2000,3240.0000,1,1,1,1,1,1,2,1,3,11
SF,IH2012,2020-08-12 09:32:02.500,3236.4000,16348,0,227991540.000,0,-,-,-,-,3234.6000,3234.4000,3233.8000,3233.0000,3231.2000,3236.2000,3236.4000,3238.0000,3238.2000,3240.0000,2,1,1,1,1,1,1,1,2,11
SF,IH2012,2020-08-12 09:32:03.000,3234.6000,16347,-1,228961920.000,1,0,1,双平,S,3234.4000,3233.8000,3233.0000,3231.2000,3231.0000,3236.0000,3236.2000,3236.4000,3237.6000,3238.0000,1,1,1,1,1,2,1,1,1,1
SF,IH2012,2020-08-12 09:32:03.500,3234.6000,16347,0,228961920.000,0,-,-,-,-,3233.8000,3233.0000,3231.2000,3231.0000,3228.2000,3235.6000,3235.8000,3236.0000,3236.2000,3236.4000,1,1,1,1,2,4,3,2,1,1
SF,IH2012,2020-08-12 09:32:04.000,3233.8000,16348,1,229932060.000,1,1,0,双开,S,3233.0000,3231.2000,3231.0000,3228.2000,3224.6000,3233.8000,3234.4000,3234.8000,3235.4000,3235.8000,1,1,1,2,1,1,1,1,4,3
SF,IH2012,2020-08-12 09:32:04.500,3233.0000,16347,-1,230901960.000,1,0,1,双平,S,3231.2000,3231.0000,3228.2000,3224.6000,3222.4000,3233.8000,3234.4000,3234.8000,3235.4000,3235.8000,1,1,2,1,1,1,1,1,3,2
SF,IH2012,2020-08-12 09:32:05.000,3233.0000,16347,0,230901960.000,0,-,-,-,-,3231.4000,3231.2000,3231.0000,3228.2000,3224.6000,3233.2000,3233.6000,3233.8000,3234.4000,3234.8000,1,1,1,2,1,1,2,1,1,1
SF,IH2012,2020-08-12 09:32:05.500,3233.0000,16347,0,230901960.000,0,-,-,-,-,3231.6000,3231.4000,3231.2000,3231.0000,3228.2000,3233.0000,3233.2000,3233.4000,3233.6000,3233.8000,1,1,1,1,2,1,1,4,1,3
SF,IH2012,2020-08-12 09:32:06.000,3233.0000,16347,0,230901960.000,0,-,-,-,-,3231.4000,3231.2000,3231.0000,3228.2000,3224.6000,3232.8000,3233.0000,3233.2000,3233.4000,3233.8000,1,1,1,2,1,1,1,1,4,3
SF,IH2012,2020-08-12 09:32:06.500,3222.4000,16342,-5,237681060.000,7,1,6,多平,S,3220.0000,3216.0000,3215.2000,3211.2000,3210.4000,3231.4000,3232.4000,3232.8000,3233.0000,3233.2000,2,1,1,1,2,1,1,1,1,1
SF,IH2012,2020-08-12 09:32:07.000,3222.4000,16342,0,237681060.000,0,-,-,-,-,3228.6000,3228.2000,3228.0000,3227.4000,3227.2000,3231.0000,3231.2000,3231.4000,3232.2000,3234.4000,1,5,2,1,1,2,4,2,1,1
SF,IH2012,2020-08-12 09:32:07.500,3222.4000,16342,0,237681060.000,0,-,-,-,-,3228.8000,3228.0000,3225.6000,3223.2000,3221.8000,3230.8000,3231.0000,3231.2000,3231.4000,3232.2000,3,1,1,1,1,2,1,1,2,1
SF,IH2012,2020-08-12 09:32:08.000,3222.4000,16342,0,237681060.000,0,-,-,-,-,3229.0000,3228.8000,3225.6000,3224.2000,3223.4000,3230.6000,3230.8000,3231.0000,3231.2000,3231.4000,2,3,1,1,1,1,2,1,1,1
SF,IH2012,2020-08-12 09:32:08.500,3222.4000,16342,0,237681060.000,0,-,-,-,-,3229.0000,3225.6000,3225.4000,3224.2000,3224.0000,3230.4000,3230.6000,3230.8000,3231.0000,3231.2000,1,1,1,2,1,2,1,1,1,1
SF,IH2012,2020-08-12 09:32:09.000,3229.0000,16341,-1,238649760.000,1,0,1,双平,S,3229.2000,3225.6000,3225.4000,3224.2000,3224.0000,3230.4000,3230.6000,3230.8000,3231.0000,3231.2000,2,1,1,2,1,1,1,1,1,1
SF,IH2012,2020-08-12 09:32:09.500,3229.2000,16340,-1,239618520.000,1,0,1,双平,S,3230.4000,3225.6000,3225.4000,3224.6000,3224.2000,3230.6000,3230.8000,3231.0000,3231.2000,3231.4000,1,1,1,1,3,1,1,1,1,1
SF,IH2012,2020-08-12 09:32:10.000,3229.6000,16339,-1,240587400.000,1,0,1,双平,S,3225.6000,3225.4000,3224.6000,3224.2000,3224.0000,3230.4000,3230.6000,3231.0000,3231.2000,3231.4000,1,1,1,3,1,3,2,1,1,1
SF,IH2012,2020-08-12 09:32:10.500,3229.6000,16339,0,240587400.000,0,-,-,-,-,3226.0000,3225.8000,3225.6000,3225.4000,3224.8000,3230.0000,3230.2000,3230.6000,3231.0000,3231.2000,4,3,1,1,1,1,2,2,1,1
SF,IH2012,2020-08-12 09:32:11.000,3229.6000,16339,0,240587400.000,0,-,-,-,-,3226.6000,3226.4000,3226.2000,3226.0000,3225.8000,3229.8000,3230.0000,3230.6000,3231.0000,3231.2000,1,5,4,3,2,2,1,2,1,1
SF,IH2012,2020-08-12 09:32:11.500,3230.0000,16336,-3,243494280.000,3,0,3,双平,S,3228.6000,3228.2000,3227.4000,3227.0000,3226.8000,3230.6000,3231.0000,3231.2000,3231.4000,3232.2000,1,5,1,4,7,1,1,1,1,1
SF,IH2012,2020-08-12 09:32:12.000,3230.0000,16336,0,243494280.000,0,-,-,-,-,3229.0000,3228.8000,3227.4000,3227.0000,3226.8000,3230.4000,3230.6000,3231.0000,3231.2000,3231.4000,1,4,1,1,4,1,1,1,1,1
SF,IH2012,2020-08-12 09:32:12.500,3229.0000,16334,-2,245431680.000,2,0,2,双平,S,3228.8000,3227.4000,3226.6000,3226.2000,3225.4000,3230.2000,3230.4000,3230.6000,3231.0000,3231.2000,2,1,1,1,1,1,1,1,1,1
SF,IH2012,2020-08-12 09:32:13.000,3228.8000,16332,-2,247368960.000,2,0,2,双平,S,3225.4000,3224.8000,3224.6000,3224.2000,3223.8000,3230.0000,3230.2000,3230.6000,3231.0000,3231.2000,1,1,1,4,2,1,1,1,1,1
SF,IH2012,2020-08-12 09:32:13.500,3229.8000,16333,1,249306780.000,2,1,1,空开,S,3225.8000,3225.6000,3225.4000,3224.8000,3224.6000,3229.6000,3229.8000,3230.0000,3230.2000,3230.6000,2,4,2,1,1,1,1,2,1,1
SF,IH2012,2020-08-12 09:32:14.000,3229.8000,16333,0,250275720.000,1,0,1,多换,S,3227.6000,3226.2000,3226.0000,3225.6000,3225.4000,3229.4000,3229.6000,3230.0000,3230.2000,3230.6000,1,1,3,2,2,1,1,1,1,1
SF,IH2012,2020-08-12 09:32:14.500,3227.8000,16332,-1,251244060.000,1,0,1,双平,S,3226.2000,3226.0000,3225.6000,3225.4000,3224.2000,3229.2000,3229.4000,3229.6000,3230.2000,3230.6000,1,2,1,1,3,3,1,1,1,1
SF,IH2012,2020-08-12 09:32:15.000,3227.8000,16332,0,251244060.000,0,-,-,-,-,3226.4000,3226.2000,3226.0000,3224.2000,3223.8000,3229.0000,3229.2000,3229.6000,3230.2000,3230.6000,1,1,1,3,1,2,2,1,1,1
SF,IH2012,2020-08-12 09:32:15.500,3227.8000,16332,0,251244060.000,0,-,-,-,-,3226.4000,3226.2000,3226.0000,3224.2000,3223.8000,3228.8000,3229.0000,3229.2000,3229.6000,3230.2000,1,1,1,2,1,1,2,1,1,1
SF,IH2012,2020-08-12 09:32:16.000,3228.2000,16331,-1,252212520.000,1,0,1,双平,S,3226.2000,3224.2000,3223.6000,3223.4000,3223.2000,3228.4000,3228.6000,3228.8000,3229.0000,3229.6000,1,2,1,1,5,1,3,1,1,1
SF,IH2012,2020-08-12 09:32:16.500,3228.2000,16331,0,252212520.000,0,-,-,-,-,3224.6000,3224.2000,3223.4000,3223.2000,3222.8000,3228.0000,3228.2000,3228.4000,3229.0000,3229.6000,1,2,1,4,1,1,2,1,1,1
SF,IH2012,2020-08-12 09:32:17.000,3228.2000,16331,0,252212520.000,0,-,-,-,-,3224.8000,3224.6000,3224.2000,3223.4000,3223.2000,3227.8000,3228.4000,3229.0000,3229.6000,3230.2000,3,1,1,1,3,2,1,1,1,1
SF,IH2012,2020-08-12 09:32:17.500,3228.2000,16331,0,252212520.000,0,-,-,-,-,3224.8000,3224.6000,3224.2000,3223.4000,3223.2000,3227.8000,3228.4000,3229.0000,3229.6000,3230.2000,3,1,1,1,2,2,1,1,1,1
SF,IH2012,2020-08-12 09:32:18.000,3227.8000,16329,-2,254149200.000,2,0,2,双平,S,3226.6000,3225.2000,3225.0000,3224.8000,3224.6000,3228.4000,3229.0000,3229.6000,3230.2000,3230.6000,1,1,1,3,1,1,1,1,1,1
SF,IH2012,2020-08-12 09:32:18.500,3226.8000,16328,-1,256085580.000,2,0,2,多平,S,3226.8000,3224.8000,3224.6000,3224.2000,3223.2000,3227.4000,3227.8000,3228.2000,3228.4000,3229.0000,1,2,1,1,2,3,2,2,1,1
SF,IH2012,2020-08-12 09:32:19.000,3228.2000,16322,-6,261895380.000,6,0,6,双平,S,3227.4000,3227.0000,3224.6000,3224.2000,3223.4000,3228.2000,3228.4000,3229.6000,3230.6000,3231.2000,5,2,1,1,1,1,1,1,1,1
SF,IH2012,2020-08-12 09:32:19.500,3228.4000,16322,0,263832360.000,2,1,1,多换,S,3228.2000,3227.8000,3227.6000,3227.4000,3227.0000,3229.6000,3230.6000,3231.2000,3234.4000,3235.4000,2,1,2,5,2,1,1,1,1,1
SF,IH2012,2020-08-12 09:32:20.000,3228.2000,16321,-1,265769340.000,2,0,2,多平,S,3228.2000,3227.6000,3227.4000,3227.0000,3226.6000,3229.4000,3229.6000,3230.6000,3231.2000,3234.4000,1,1,3,1,1,1,1,1,1,1
SF,IH2012,2020-08-12 09:32:20.500,3228.2000,16321,0,265769340.000,0,-,-,-,-,3227.4000,3227.0000,3226.6000,3224.2000,3223.8000,3229.2000,3229.6000,3230.6000,3231.2000,3234.4000,3,1,1,1,1,2,1,1,1,1
SF,IH2012,2020-08-12 09:32:21.000,3227.4000,16320,-1,267705840.000,2,0,2,多平,S,3227.4000,3227.0000,3226.6000,3224.2000,3223.8000,3228.2000,3229.2000,3229.6000,3230.6000,3231.2000,2,1,1,1,1,1,2,1,1,1
SF,IH2012,2020-08-12 09:32:21.500,3227.4000,16319,-1,269642280.000,2,0,2,多平,S,3227.0000,3226.6000,3224.2000,3223.4000,3223.2000,3228.2000,3229.6000,3230.0000,3230.6000,3231.2000,1,1,1,1,4,1,1,1,1,1
SF,IH2012,2020-08-12 09:32:22.000,3227.4000,16319,0,269642280.000,0,-,-,-,-,3227.0000,3226.6000,3225.2000,3224.2000,3223.4000,3227.4000,3228.0000,3229.6000,3230.0000,3230.6000,1,1,1,1,1,1,2,1,1,1
SF,IH2012,2020-08-12 09:32:22.500,3227.0000,16318,-1,270610380.000,1,0,1,双平,S,3226.6000,3225.2000,3224.2000,3223.4000,3223.2000,3227.4000,3228.0000,3229.6000,3230.6000,3231.2000,1,1,1,1,4,1,1,1,1,1
SF,IH2012,2020-08-12 09:32:23.000,3226.6000,16317,-1,271578360.000,1,0,1,双平,S,3225.2000,3224.2000,3223.4000,3223.2000,3222.8000,3227.4000,3228.0000,3229.6000,3230.6000,3231.2000,1,2,1,4,1,4,1,1,1,1
SF,IH2012,2020-08-12 09:32:23.500,3226.6000,16317,0,271578360.000,0,-,-,-,-,3225.2000,3224.2000,3223.2000,3222.8000,3222.2000,3227.2000,3227.4000,3229.6000,3230.6000,3231.2000,1,2,3,1,1,2,4,1,1,1
SF,IH2012,2020-08-12 09:32:24.000,3227.0000,16317,0,274482120.000,3,1,2,多换,S,3224.2000,3222.4000,3222.0000,3221.8000,3221.6000,3227.0000,3227.2000,3227.4000,3229.6000,3230.6000,1,1,2,2,3,1,2,4,1,1
SF,IH2012,2020-08-12 09:32:24.500,3227.0000,16317,0,274482120.000,0,-,-,-,-,3224.4000,3224.2000,3222.4000,3222.0000,3221.8000,3226.8000,3227.4000,3229.6000,3230.6000,3231.2000,2,1,1,1,2,3,4,1,1,1
SF,IH2012,2020-08-12 09:32:25.000,3224.4000,16316,-1,276416760.000,2,0,2,多平,S,3224.2000,3222.4000,3221.8000,3221.6000,3220.6000,3226.4000,3226.6000,3226.8000,3227.4000,3229.6000,1,1,2,1,1,1,1,3,4,1
SF,IH2012,2020-08-12 09:32:25.500,3224.4000,16316,0,276416760.000,0,-,-,-,-,3222.4000,3221.6000,3220.0000,3219.0000,3216.8000,3225.2000,3225.8000,3226.2000,3226.4000,3226.6000,1,1,3,4,1,5,1,3,1,1
SF,IH2012,2020-08-12 09:32:26.000,3222.6000,16314,-2,280285140.000,4,1,3,多平,S,3222.6000,3222.4000,3221.6000,3220.0000,3219.0000,3225.2000,3225.8000,3226.2000,3226.8000,3227.0000,3,2,1,3,4,4,1,1,1,1
SF,IH2012,2020-08-12 09:32:26.500,3225.2000,16311,-3,284155320.000,4,0,4,多平,S,3223.0000,3222.8000,3222.6000,3222.4000,3221.6000,3225.2000,3225.8000,3226.8000,3227.0000,3227.4000,1,2,2,1,1,1,1,1,1,4
SF,IH2012,2020-08-12 09:32:27.000,3225.2000,16310,-1,285122880.000,1,0,1,双平,S,3223.6000,3223.4000,3223.2000,3222.8000,3222.4000,3226.8000,3227.0000,3227.4000,3229.6000,3230.6000,1,1,3,2,1,1,1,4,1,1
SF,IH2012,2020-08-12 09:32:27.500,3225.2000,16310,0,285122880.000,0,-,-,-,-,3223.8000,3223.6000,3223.4000,3223.2000,3222.8000,3226.6000,3226.8000,3227.0000,3227.4000,3229.6000,3,1,1,3,1,1,1,1,4,1
SF,IH2012,2020-08-12 09:32:28.000,3225.2000,16310,0,285122880.000,0,-,-,-,-,3224.0000,3223.8000,3223.6000,3223.4000,3223.2000,3226.6000,3226.8000,3227.0000,3227.4000,3229.6000,1,4,1,1,2,1,1,1,4,1
SF,IH2012,2020-08-12 09:32:28.500,3225.2000,16310,0,285122880.000,0,-,-,-,-,3224.2000,3224.0000,3223.8000,3223.6000,3223.2000,3226.6000,3226.8000,3227.0000,3227.4000,3229.6000,3,1,2,1,2,1,1,1,4,1
SF,IH2012,2020-08-12 09:32:29.000,3225.2000,16310,0,285122880.000,0,-,-,-,-,3224.2000,3224.0000,3223.8000,3223.6000,3223.2000,3226.4000,3226.6000,3226.8000,3227.0000,3227.4000,2,1,2,1,2,1,1,1,1,4
SF,IH2012,2020-08-12 09:32:29.500,3225.2000,16310,0,285122880.000,0,-,-,-,-,3224.0000,3223.8000,3223.6000,3223.2000,3222.8000,3226.2000,3226.4000,3226.8000,3227.0000,3227.4000,1,2,1,1,1,2,1,1,1,2
SF,IH2012,2020-08-12 09:32:30.000,3225.2000,16310,0,285122880.000,0,-,-,-,-,3223.8000,3223.2000,3222.8000,3222.4000,3220.0000,3225.8000,3226.0000,3226.2000,3226.4000,3226.8000,1,1,1,1,3,1,2,2,1,1
SF,IH2012,2020-08-12 09:32:30.500,3225.6000,16311,1,287058120.000,2,1,1,空开,S,3224.0000,3223.8000,3223.2000,3222.8000,3222.4000,3225.6000,3225.8000,3226.4000,3226.8000,3227.0000,1,1,1,1,1,1,1,1,1,1
SF,IH2012,2020-08-12 09:32:31.000,3224.2000,16311,0,288025380.000,1,0,1,多换,S,3224.0000,3223.2000,3222.8000,3222.4000,3220.0000,3225.8000,3226.8000,3227.0000,3227.4000,3230.6000,1,1,1,1,3,1,1,1,2,1
SF,IH2012,2020-08-12 09:32:31.500,3224.2000,16311,0,288025380.000,0,-,-,-,-,3224.0000,3223.2000,3222.8000,3222.4000,3220.0000,3225.6000,3225.8000,3226.8000,3227.0000,3227.4000,1,1,1,1,3,1,1,1,1,2
SF,IH2012,2020-08-12 09:32:32.000,3224.2000,16311,0,288025380.000,0,-,-,-,-,3224.0000,3223.2000,3222.8000,3222.4000,3221.4000,3225.6000,3225.8000,3226.8000,3227.0000,3227.4000,1,1,1,1,1,1,1,1,1,2
SF,IH2012,2020-08-12 09:32:32.500,3224.0000,16310,-1,288992580.000,1,0,1,双平,S,3222.8000,3222.4000,3221.4000,3220.0000,3219.4000,3223.8000,3225.4000,3225.6000,3225.8000,3226.8000,1,1,1,2,1,3,1,1,1,1
SF,IH2012,2020-08-12 09:32:33.000,3224.0000,16310,0,288992580.000,0,-,-,-,-,3222.4000,3221.4000,3220.0000,3219.4000,3219.0000,3225.6000,3225.8000,3226.8000,3227.0000,3227.4000,1,1,2,1,4,1,1,1,1,2
SF,IH2012,2020-08-12 09:32:33.500,3224.0000,16310,0,288992580.000,0,-,-,-,-,3222.6000,3222.4000,3220.0000,3219.4000,3219.0000,3225.4000,3225.6000,3225.8000,3226.8000,3227.0000,1,1,2,1,4,2,1,1,1,1
SF,IH2012,2020-08-12 09:32:34.000,3224.0000,16310,0,288992580.000,0,-,-,-,-,3222.6000,3222.4000,3220.0000,3219.4000,3219.0000,3225.2000,3225.4000,3225.8000,3226.8000,3227.0000,1,1,2,1,4,1,2,1,1,1
SF,IH2012,2020-08-12 09:32:34.500,3224.0000,16310,0,288992580.000,0,-,-,-,-,3222.4000,3220.0000,3219.4000,3217.2000,3216.0000,3224.6000,3224.8000,3225.0000,3225.2000,3225.4000,1,2,1,4,1,1,1,3,1,1
SF,IH2012,2020-08-12 09:32:35.000,3224.0000,16310,0,288992580.000,0,-,-,-,-,3220.8000,3220.0000,3219.4000,3217.2000,3216.0000,3224.2000,3224.4000,3224.6000,3225.0000,3225.4000,1,2,1,4,1,1,4,1,2,1
SF,IH2012,2020-08-12 09:32:35.500,3224.0000,16310,0,290926980.000,2,1,1,多换,S,3221.0000,3220.8000,3220.0000,3217.2000,3216.0000,3224.0000,3224.2000,3224.4000,3224.6000,3225.0000,2,1,2,4,1,2,1,2,1,2
SF,IH2012,2020-08-12 09:32:36.000,3224.0000,16310,0,290926980.000,0,-,-,-,-,3221.2000,3221.0000,3220.8000,3220.0000,3217.2000,3223.6000,3224.0000,3224.4000,3224.6000,3225.0000,1,2,1,2,4,1,2,2,1,2
SF,IH2012,2020-08-12 09:32:36.500,3224.0000,16310,0,290926980.000,0,-,-,-,-,3221.4000,3221.2000,3220.8000,3220.0000,3217.2000,3223.4000,3223.6000,3224.0000,3224.4000,3224.6000,2,1,1,2,4,1,1,1,2,1
SF,IH2012,2020-08-12 09:32:37.000,3223.4000,16309,-1,291894000.000,1,0,1,双平,S,3221.6000,3221.4000,3221.2000,3220.8000,3220.0000,3224.4000,3224.6000,3224.8000,3225.0000,3227.0000,1,2,1,1,2,2,1,1,2,1
SF,IH2012,2020-08-12 09:32:37.500,3223.4000,16309,0,291894000.000,0,-,-,-,-,3222.2000,3221.8000,3221.6000,3221.2000,3220.8000,3224.2000,3224.6000,3224.8000,3225.0000,3227.0000,1,3,1,1,1,1,1,1,2,1
SF,IH2012,2020-08-12 09:32:38.000,3223.4000,16309,0,291894000.000,0,-,-,-,-,3222.4000,3222.2000,3221.8000,3221.6000,3221.2000,3225.0000,3227.0000,3227.4000,3234.4000,3236.4000,3,1,1,1,1,2,1,1,1,1
SF,IH2012,2020-08-12 09:32:38.500,3223.4000,16309,0,291894000.000,0,-,-,-,-,3223.0000,3222.6000,3222.4000,3222.2000,3221.8000,3227.0000,3227.4000,3234.4000,3236.4000,3236.8000,2,1,2,1,1,1,1,1,1,1
SF,IH2012,2020-08-12 09:32:39.000,3223.4000,16309,0,291894000.000,0,-,-,-,-,3223.2000,3223.0000,3222.2000,3221.8000,3221.6000,3226.6000,3226.8000,3227.0000,3227.4000,3234.4000,5,2,1,1,1,1,4,1,1,1
SF,IH2012,2020-08-12 09:32:39.500,3223.4000,16309,0,291894000.000,0,-,-,-,-,3223.2000,3223.0000,3222.2000,3221.6000,3220.8000,3226.0000,3226.4000,3226.6000,3226.8000,3227.0000,3,2,1,1,2,1,3,1,3,1
SF,IH2012,2020-08-12 09:32:40.000,3223.4000,16309,0,291894000.000,0,-,-,-,-,3223.2000,3223.0000,3222.2000,3221.6000,3220.8000,3225.8000,3226.4000,3226.8000,3227.0000,3227.4000,3,1,1,1,2,3,2,3,1,1
SF,IH2012,2020-08-12 09:32:40.500,3223.2000,16308,-1,293827920.000,2,0,2,多平,S,3223.0000,3221.6000,3221.0000,3220.8000,3220.0000,3225.4000,3225.6000,3225.8000,3226.4000,3226.8000,1,1,1,2,2,1,2,2,2,3
SF,IH2012,2020-08-12 09:32:41.000,3223.0000,16307,-1,294794820.000,1,0,1,双平,S,3221.0000,3220.8000,3220.0000,3217.2000,3216.0000,3225.0000,3225.2000,3225.6000,3225.8000,3226.4000,1,2,2,4,1,1,4,4,1,2
SF,IH2012,2020-08-12 09:32:41.500,3223.0000,16307,0,294794820.000,0,-,-,-,-,3221.4000,3221.2000,3221.0000,3220.8000,3220.0000,3224.6000,3224.8000,3225.0000,3225.2000,3225.6000,1,2,1,2,2,2,3,1,2,1
SF,IH2012,2020-08-12 09:32:42.000,3223.0000,16307,0,294794820.000,0,-,-,-,-,3222.0000,3221.6000,3221.4000,3221.0000,3220.8000,3223.0000,3224.4000,3224.6000,3224.8000,3225.0000,1,1,1,1,2,2,3,2,1,1
SF,IH2012,2020-08-12 09:32:42.500,3223.0000,16305,-2,296728620.000,2,0,2,双平,S,3223.0000,3222.0000,3221.6000,3221.0000,3220.8000,3224.4000,3224.6000,3224.8000,3225.6000,3227.0000,1,1,1,1,2,3,1,1,1,1
SF,IH2012,2020-08-12 09:32:43.000,3223.0000,16306,1,299629320.000,3,2,1,空开,S,3222.0000,3221.6000,3221.0000,3220.8000,3220.0000,3224.2000,3224.4000,3224.6000,3224.8000,3225.6000,1,1,1,2,2,1,3,1,1,1
SF,IH2012,2020-08-12 09:32:43.500,3223.0000,16306,0,299629320.000,0,-,-,-,-,3222.2000,3222.0000,3221.0000,3220.8000,3220.0000,3224.0000,3224.4000,3224.6000,3224.8000,3225.6000,1,1,1,2,2,3,1,1,1,1
SF,IH2012,2020-08-12 09:32:44.000,3224.0000,16305,-1,300596520.000,1,0,1,双平,S,3222.4000,3222.2000,3222.0000,3221.0000,3220.8000,3227.0000,3227.4000,3234.4000,3235.2000,3236.4000,2,1,1,1,2,1,1,1,2,1
SF,IH2012,2020-08-12 09:32:44.500,3222.8000,16305,0,301563360.000,1,0,1,多换,S,3222.8000,3222.6000,3222.4000,3222.0000,3221.0000,3224.2000,3226.6000,3226.8000,3227.0000,3227.4000,1,1,1,1,1,1,1,3,2,1
SF,IH2012,2020-08-12 09:32:45.000,3224.2000,16304,-1,302530620.000,1,0,1,双平,S,3224.2000,3222.6000,3222.4000,3222.0000,3221.0000,3226.6000,3226.8000,3227.0000,3227.4000,3234.4000,2,1,1,1,1,1,1,2,1,1
SF,IH2012,2020-08-12 09:32:45.500,3224.2000,16303,-1,305432400.000,3,1,2,多平,S,3222.6000,3222.0000,3221.0000,3220.8000,3220.0000,3224.2000,3224.6000,3224.8000,3225.4000,3225.6000,1,1,1,2,2,1,1,2,1,1
SF,IH2012,2020-08-12 09:32:46.000,3224.2000,16303,0,305432400.000,0,-,-,-,-,3223.2000,3222.6000,3222.0000,3221.0000,3220.8000,3223.8000,3225.6000,3226.4000,3227.0000,3227.4000,1,1,1,1,2,1,1,3,2,1
SF,IH2012,2020-08-12 09:32:46.500,3223.8000,16303,0,306399540.000,1,0,1,多换,S,3222.6000,3222.0000,3221.0000,3220.8000,3220.0000,3225.6000,3226.4000,3227.0000,3227.4000,3234.4000,1,1,1,2,2,1,3,2,1,1
SF,IH2012,2020-08-12 09:32:47.000,3223.8000,16303,0,306399540.000,0,-,-,-,-,3222.0000,3221.0000,3220.8000,3220.0000,3218.8000,3224.2000,3225.0000,3225.2000,3225.4000,3225.6000,1,1,2,2,1,1,1,1,4,2
SF,IH2012,2020-08-12 09:32:47.500,3223.8000,16303,0,306399540.000,0,-,-,-,-,3222.2000,3222.0000,3221.0000,3220.8000,3220.0000,3224.0000,3225.0000,3225.4000,3225.6000,3226.4000,1,1,1,2,2,3,1,2,2,1
SF,IH2012,2020-08-12 09:32:48.000,3224.0000,16304,1,308333880.000,2,1,1,空开,S,3222.2000,3222.0000,3221.0000,3220.8000,3220.0000,3224.0000,3225.0000,3225.4000,3225.6000,3226.4000,1,1,1,2,2,2,1,2,2,1
SF,IH2012,2020-08-12 09:32:48.500,3224.0000,16302,-2,310268280.000,2,0,2,双平,S,3222.4000,3222.2000,3222.0000,3221.0000,3220.8000,3226.4000,3227.0000,3227.4000,3234.4000,3235.2000,4,1,1,1,1,1,1,1,1,2
SF,IH2012,2020-08-12 09:32:49.000,3223.0000,16301,-1,311235180.000,1,0,1,双平,S,3223.0000,3222.8000,3222.4000,3222.0000,3221.0000,3226.2000,3226.4000,3227.0000,3227.4000,3234.4000,2,1,3,1,1,1,1,1,1,1
SF,IH2012,2020-08-12 09:32:49.500,3223.0000,16301,0,311235180.000,0,-,-,-,-,3223.2000,3223.0000,3222.8000,3222.4000,3222.0000,3226.2000,3226.4000,3227.0000,3227.4000,3234.4000,2,2,1,1,1,1,1,1,1,1
SF,IH2012,2020-08-12 09:32:50.000,3223.0000,16301,0,311235180.000,0,-,-,-,-,3223.8000,3223.6000,3223.2000,3222.4000,3222.0000,3226.0000,3226.2000,3226.4000,3227.0000,3227.4000,1,1,2,1,1,1,1,2,1,1
SF,IH2012,2020-08-12 09:32:50.500,3226.0000,16300,-1,312202980.000,1,0,1,双平,S,3224.0000,3223.8000,3223.6000,3222.4000,3222.0000,3226.4000,3227.0000,3227.4000,3234.4000,3235.2000,3,1,2,1,1,2,1,1,1,2
SF,IH2012,2020-08-12 09:32:51.000,3226.4000,16299,-1,314138820.000,2,0,2,多平,S,3226.4000,3224.8000,3224.6000,3224.4000,3224.2000,3227.0000,3227.4000,3234.4000,3235.2000,3236.4000,2,1,2,1,3,1,1,1,2,1
SF,IH2012,2020-08-12 09:32:51.500,3227.0000,16300,1,315106920.000,1,1,0,双开,S,3226.4000,3224.8000,3224.6000,3224.2000,3224.0000,3227.4000,3234.4000,3235.2000,3236.4000,3236.8000,2,1,2,2,3,1,1,2,1,1
SF,IH2012,2020-08-12 09:32:52.000,3227.4000,16300,0,316075140.000,1,0,1,多换,S,3226.4000,3224.8000,3224.6000,3224.2000,3224.0000,3234.4000,3235.2000,3236.4000,3236.8000,3240.0000,2,1,2,2,3,1,2,1,1,10
SF,IH2012,2020-08-12 09:32:52.500,3227.4000,16300,0,316075140.000,0,-,-,-,-,3227.0000,3226.8000,3226.6000,3226.4000,3224.8000,3228.2000,3228.4000,3229.0000,3229.2000,3229.8000,2,1,4,2,1,1,2,1,1,3
SF,IH2012,2020-08-12 09:32:53.000,3228.2000,16299,-1,318980640.000,3,1,2,多平,S,3227.2000,3227.0000,3226.6000,3226.4000,3224.8000,3229.8000,3230.0000,3231.0000,3233.8000,3234.0000,2,1,1,2,1,1,1,1,1,3
SF,IH2012,2020-08-12 09:32:53.500,3229.4000,16299,0,319949460.000,1,0,1,多换,S,3227.6000,3227.4000,3227.2000,3226.4000,3224.8000,3229.6000,3231.0000,3233.8000,3234.0000,3234.4000,2,1,1,2,1,1,1,1,3,2
SF,IH2012,2020-08-12 09:32:54.000,3229.4000,16299,0,319949460.000,0,-,-,-,-,3227.8000,3227.6000,3226.4000,3224.8000,3224.2000,3228.4000,3229.4000,3229.6000,3231.0000,3233.8000,3,3,2,1,2,1,2,1,1,1
SF,IH2012,2020-08-12 09:32:54.500,3229.4000,16298,-1,322855620.000,3,1,2,多平,S,3227.8000,3226.4000,3224.8000,3224.2000,3224.0000,3229.6000,3231.0000,3233.8000,3234.0000,3234.4000,1,2,1,2,1,1,1,1,3,2
SF,IH2012,2020-08-12 09:32:55.000,3229.4000,16298,0,322855620.000,0,-,-,-,-,3228.0000,3227.8000,3226.4000,3224.8000,3224.2000,3229.6000,3231.0000,3233.8000,3234.0000,3234.4000,2,1,2,1,2,1,1,1,3,2
SF,IH2012,2020-08-12 09:32:55.500,3229.4000,16298,0,322855620.000,0,-,-,-,-,3228.0000,3227.8000,3226.4000,3224.8000,3224.2000,3229.6000,3231.0000,3233.8000,3234.0000,3234.4000,2,1,2,1,2,1,1,1,3,2
SF,IH2012,2020-08-12 09:32:56.000,3228.2000,16298,0,323824080.000,1,0,1,多换,S,3228.2000,3228.0000,3226.4000,3224.8000,3224.2000,3231.0000,3233.8000,3234.0000,3234.4000,3235.2000,1,2,2,1,2,1,1,3,2,2
SF,IH2012,2020-08-12 09:32:56.500,3228.2000,16298,0,323824080.000,0,-,-,-,-,3228.8000,3228.4000,3228.2000,3226.4000,3224.2000,3231.0000,3233.8000,3234.0000,3234.4000,3235.2000,2,1,1,2,2,2,1,2,1,2
SF,IH2012,2020-08-12 09:32:57.000,3228.2000,16298,0,323824080.000,0,-,-,-,-,3229.4000,3229.2000,3229.0000,3228.8000,3226.4000,3233.8000,3234.0000,3234.4000,3235.2000,3236.4000,1,1,2,2,2,1,1,1,2,1
SF,IH2012,2020-08-12 09:32:57.500,3228.2000,16298,0,323824080.000,0,-,-,-,-,3230.0000,3229.6000,3229.4000,3229.2000,3229.0000,3233.4000,3233.6000,3233.8000,3234.4000,3235.2000,2,3,1,1,1,1,1,2,1,2
SF,IH2012,2020-08-12 09:32:58.000,3228.2000,16298,0,323824080.000,0,-,-,-,-,3230.2000,3230.0000,3229.6000,3229.4000,3226.4000,3233.2000,3233.4000,3233.8000,3234.4000,3236.4000,2,2,1,1,2,1,1,1,1,1
SF,IH2012,2020-08-12 09:32:58.500,3228.2000,16298,0,323824080.000,0,-,-,-,-,3230.8000,3230.4000,3230.2000,3229.6000,3229.4000,3233.2000,3233.8000,3234.4000,3234.8000,3236.4000,2,1,2,1,1,1,1,1,1,1
SF,IH2012,2020-08-12 09:32:59.000,3228.2000,16298,0,323824080.000,0,-,-,-,-,3231.4000,3231.0000,3230.8000,3230.4000,3229.6000,3233.2000,3234.4000,3234.8000,3236.4000,3236.8000,1,2,2,1,1,1,1,1,1,1
SF,IH2012,2020-08-12 09:32:59.500,3231.8000,16297,-1,326732460.000,3,1,2,多平,S,3231.8000,3231.0000,3230.4000,3229.6000,3229.4000,3232.0000,3233.0000,3233.2000,3234.4000,3234.8000,1,1,1,1,1,1,2,2,1,1
SF,IH2012,2020-08-12 09:33:00.000,3232.0000,16296,-1,329641200.000,3,1,2,多平,S,3231.0000,3230.4000,3229.6000,3229.4000,3224.2000,3233.2000,3234.4000,3234.8000,3236.4000,3236.8000,1,1,1,1,2,2,1,1,1,1
SF,IH2012,2020-08-12 09:33:00.500,3232.0000,16296,0,329641200.000,0,-,-,-,-,3231.4000,3231.2000,3231.0000,3230.4000,3229.6000,3233.2000,3234.4000,3234.8000,3236.4000,3236.8000,1,1,1,1,1,1,1,1,1,1
SF,IH2012,2020-08-12 09:33:01.000,3231.6000,16294,-2,331580160.000,2,0,2,双平,S,3230.4000,3229.6000,3229.4000,3224.2000,3223.8000,3232.4000,3233.0000,3233.2000,3234.4000,3234.8000,1,1,1,2,1,2,2,1,1,1
SF,IH2012,2020-08-12 09:33:01.500,3232.2000,16294,0,333519480.000,2,1,1,多换,S,3230.6000,3230.4000,3229.6000,3229.4000,3223.8000,3232.4000,3233.0000,3234.4000,3234.8000,3236.4000,2,1,1,1,1,1,1,1,1,1
SF,IH2012,2020-08-12 09:33:02.000,3232.2000,16294,0,333519480.000,0,-,-,-,-,3230.6000,3230.4000,3229.6000,3229.4000,3223.8000,3232.2000,3232.4000,3232.6000,3233.0000,3234.4000,2,1,1,1,1,1,1,1,1,1
SF,IH2012,2020-08-12 09:33:02.500,3230.4000,16292,-2,336426960.000,3,0,3,多平,S,3229.6000,3229.4000,3223.8000,3223.0000,3222.4000,3232.0000,3232.2000,3232.4000,3232.6000,3234.4000,1,1,1,1,1,1,1,1,1,1
SF,IH2012,2020-08-12 09:33:03.000,3230.4000,16292,0,336426960.000,0,-,-,-,-,3229.8000,3229.4000,3223.8000,3223.0000,3222.4000,3231.0000,3231.8000,3232.0000,3232.4000,3232.6000,2,1,1,1,1,1,2,1,1,1
SF,IH2012,2020-08-12 09:33:03.500,3231.0000,16291,-1,337396260.000,1,0,1,双平,S,3229.8000,3229.4000,3223.8000,3223.0000,3222.4000,3231.8000,3232.0000,3232.4000,3232.6000,3234.4000,2,1,1,1,1,2,1,1,1,1
SF,IH2012,2020-08-12 09:33:04.000,3231.0000,16291,0,337396260.000,0,-,-,-,-,3229.8000,3229.4000,3223.8000,3223.0000,3222.4000,3231.8000,3232.0000,3234.4000,3236.4000,3236.8000,1,1,1,1,1,2,1,1,1,1
SF,IH2012,2020-08-12 09:33:04.500,3229.8000,16290,-1,338365200.000,1,0,1,双平,S,3229.4000,3223.8000,3223.0000,3222.4000,3222.2000,3231.4000,3231.8000,3232.0000,3234.4000,3236.4000,1,1,1,1,1,1,3,1,1,1
SF,IH2012,2020-08-12 09:33:05.000,3229.8000,16290,0,338365200.000,0,-,-,-,-,3223.8000,3223.0000,3222.4000,3222.2000,3222.0000,3231.0000,3231.2000,3231.4000,3231.8000,3232.0000,1,1,1,1,1,1,4,1,1,1
SF,IH2012,2020-08-12 09:33:05.500,3230.0000,16290,0,340303140.000,2,1,1,多换,S,3225.8000,3225.0000,3224.4000,3224.2000,3224.0000,3230.6000,3230.8000,3231.0000,3231.2000,3232.0000,1,2,1,1,2,3,2,2,1,1
SF,IH2012,2020-08-12 09:33:06.000,3230.0000,16290,0,340303140.000,0,-,-,-,-,3226.0000,3225.8000,3224.4000,3224.0000,3223.8000,3230.2000,3230.4000,3230.6000,3231.0000,3231.2000,1,1,1,1,1,2,2,3,1,1
SF,IH2012,2020-08-12 09:33:06.500,3230.0000,16290,0,340303140.000,0,-,-,-,-,3226.4000,3226.0000,3224.4000,3224.0000,3223.8000,3229.2000,3229.8000,3230.0000,3230.2000,3230.6000,1,1,1,1,1,1,1,2,1,1
SF,IH2012,2020-08-12 09:33:07.000,3230.0000,16290,0,340303140.000,0,-,-,-,-,3226.6000,3224.4000,3224.0000,3223.8000,3223.0000,3228.8000,3229.0000,3229.2000,3230.2000,3230.6000,2,1,1,1,1,2,2,1,1,1
SF,IH2012,2020-08-12 09:33:07.500,3230.0000,16290,0,340303140.000,0,-,-,-,-,3224.4000,3224.0000,3223.8000,3223.0000,3222.4000,3228.6000,3228.8000,3229.2000,3230.2000,3230.6000,1,1,1,1,1,2,4,1,1,1
SF,IH2012,2020-08-12 09:33:08.000,3230.0000,16290,0,340303140.000,0,-,-,-,-,3224.8000,3224.6000,3224.4000,3224.0000,3223.8000,3228.2000,3228.4000,3228.6000,3228.8000,3229.2000,1,2,1,1,1,1,1,2,2,1
SF,IH2012,2020-08-12 09:33:08.500,3230.0000,16290,0,340303140.000,0,-,-,-,-,3225.2000,3225.0000,3224.8000,3224.6000,3224.0000,3228.0000,3228.2000,3228.4000,3228.8000,3229.2000,2,2,1,1,1,2,1,1,2,2
SF,IH2012,2020-08-12 09:33:09.000,3230.0000,16290,0,340303140.000,0,-,-,-,-,3225.6000,3225.4000,3225.2000,3225.0000,3224.6000,3228.0000,3228.8000,3229.2000,3230.2000,3230.6000,1,3,2,1,1,2,2,2,1,1
SF,IH2012,2020-08-12 09:33:09.500,3230.0000,16290,0,340303140.000,0,-,-,-,-,3225.8000,3225.4000,3225.0000,3224.6000,3224.0000,3228.0000,3228.8000,3229.2000,3230.2000,3230.6000,1,2,1,1,1,2,2,1,1,1
SF,IH2012,2020-08-12 09:33:10.000,3230.0000,16290,0,340303140.000,0,-,-,-,-,3225.4000,3224.0000,3223.8000,3223.0000,3222.4000,3227.4000,3228.0000,3228.8000,3229.2000,3230.2000,2,1,1,1,1,1,3,1,1,1
SF,IH2012,2020-08-12 09:33:10.500,3230.0000,16290,0,340303140.000,0,-,-,-,-,3223.8000,3223.0000,3222.4000,3222.2000,3222.0000,3227.0000,3227.2000,3227.4000,3228.8000,3229.2000,1,1,1,1,1,1,2,2,1,1
SF,IH2012,2020-08-12 09:33:11.000,3230.0000,16290,0,340303140.000,0,-,-,-,-,3224.0000,3223.8000,3223.0000,3222.4000,3222.2000,3226.8000,3227.4000,3228.8000,3229.2000,3229.8000,1,1,1,1,1,2,2,1,5,1
SF,IH2012,2020-08-12 09:33:11.500,3230.0000,16290,0,340303140.000,0,-,-,-,-,3224.0000,3223.8000,3223.0000,3222.6000,3222.4000,3226.2000,3226.8000,3227.4000,3229.2000,3229.8000,1,1,1,1,1,1,3,1,4,1
SF,IH2012,2020-08-12 09:33:12.000,3230.0000,16290,0,340303140.000,0,-,-,-,-,3224.2000,3223.8000,3223.0000,3222.6000,3222.4000,3226.0000,3226.2000,3226.8000,3227.4000,3229.2000,1,1,1,1,1,2,1,1,1,4
SF,IH2012,2020-08-12 09:33:12.500,3230.0000,16290,0,340303140.000,0,-,-,-,-,3223.8000,3223.0000,3222.6000,3222.4000,3222.0000,3225.4000,3226.0000,3226.2000,3229.2000,3229.8000,1,1,1,1,1,1,3,1,4,1
SF,IH2012,2020-08-12 09:33:13.000,3223.8000,16289,-1,341270280.000,1,0,1,双平,S,3223.0000,3222.6000,3222.4000,3222.0000,3221.4000,3225.4000,3226.0000,3226.2000,3227.2000,3229.2000,1,1,1,1,1,1,3,1,1,4
SF,IH2012,2020-08-12 09:33:13.500,3225.2000,16290,1,342237840.000,1,1,0,双开,S,3223.2000,3223.0000,3222.6000,3222.4000,3222.0000,3225.2000,3225.4000,3226.0000,3226.2000,3227.2000,1,1,1,1,1,1,1,1,1,1
SF,IH2012,2020-08-12 09:33:14.000,3225.2000,16290,0,342237840.000,0,-,-,-,-,3223.2000,3223.0000,3222.6000,3222.4000,3222.0000,3225.0000,3225.2000,3225.4000,3226.0000,3226.2000,1,1,1,1,1,1,1,1,1,1
SF,IH2012,2020-08-12 09:33:14.500,3223.2000,16289,-1,343204800.000,1,0,1,双平,S,3223.0000,3222.6000,3222.4000,3222.0000,3221.4000,3224.8000,3225.0000,3225.4000,3226.2000,3227.2000,1,1,1,1,1,1,2,1,1,1
SF,IH2012,2020-08-12 09:33:15.000,3223.0000,16288,-1,344171700.000,1,0,1,双平,S,3222.6000,3222.4000,3222.0000,3221.4000,3221.0000,3224.4000,3224.6000,3224.8000,3225.0000,3225.4000,1,1,1,1,1,1,2,2,1,1
SF,IH2012,2020-08-12 09:33:15.500,3222.4000,16288,0,346105200.000,2,1,1,多换,S,3222.0000,3221.4000,3221.0000,3220.0000,3218.8000,3224.0000,3224.2000,3224.4000,3224.8000,3225.4000,1,1,1,2,1,2,2,2,1,1
SF,IH2012,2020-08-12 09:33:16.000,3222.0000,16287,-1,347071800.000,1,0,1,双平,S,3221.4000,3221.0000,3220.0000,3218.8000,3216.0000,3222.4000,3223.4000,3223.6000,3223.8000,3224.0000,1,1,2,1,1,4,1,1,2,2
SF,IH2012,2020-08-12 09:33:16.500,3222.4000,16283,-4,351905100.000,5,0,5,多平,S,3221.0000,3220.0000,3218.8000,3216.0000,3215.2000,3223.6000,3223.8000,3224.0000,3224.2000,3224.4000,1,2,1,1,1,1,2,2,2,1
SF,IH2012,2020-08-12 09:33:17.000,3222.4000,16283,0,351905100.000,0,-,-,-,-,3222.4000,3221.2000,3221.0000,3220.0000,3218.8000,3223.0000,3223.4000,3223.6000,3224.0000,3224.4000,1,1,1,2,1,1,3,1,2,1
SF,IH2012,2020-08-12 09:33:17.500,3221.0000,16282,-1,353838120.000,2,0,2,多平,S,3220.0000,3218.8000,3216.0000,3215.2000,3214.0000,3222.4000,3222.6000,3223.0000,3223.4000,3223.6000,2,1,1,1,1,3,1,1,1,1
SF,IH2012,2020-08-12 09:33:18.000,3221.0000,16282,0,353838120.000,0,-,-,-,-,3220.2000,3220.0000,3218.8000,3216.0000,3215.2000,3221.8000,3222.2000,3222.4000,3222.6000,3223.0000,1,2,1,1,1,2,5,2,2,1
SF,IH2012,2020-08-12 09:33:18.500,3221.0000,16282,0,353838120.000,0,-,-,-,-,3220.2000,3220.0000,3218.8000,3216.0000,3215.2000,3221.6000,3221.8000,3222.2000,3222.4000,3222.6000,1,2,1,1,1,1,2,4,2,2
SF,IH2012,2020-08-12 09:33:19.000,3221.0000,16282,0,353838120.000,0,-,-,-,-,3220.0000,3218.8000,3216.0000,3215.2000,3214.0000,3221.4000,3221.6000,3221.8000,3222.2000,3222.4000,2,1,1,1,1,1,1,2,4,1
SF,IH2012,2020-08-12 09:33:19.500,3221.0000,16282,0,353838120.000,0,-,-,-,-,3220.0000,3218.8000,3216.0000,3215.2000,3214.0000,3220.2000,3221.6000,3221.8000,3222.2000,3222.4000,2,1,1,1,1,1,1,2,1,1
SF,IH2012,2020-08-12 09:33:20.000,3221.0000,16281,-1,354804420.000,1,0,1,双平,S,3220.0000,3218.8000,3216.0000,3215.2000,3214.0000,3221.6000,3221.8000,3222.2000,3222.4000,3222.6000,2,1,1,1,1,1,2,1,1,1
SF,IH2012,2020-08-12 09:33:20.500,3221.8000,16279,-2,357703980.000,3,0,3,多平,S,3220.2000,3220.0000,3218.8000,3216.0000,3215.2000,3222.4000,3222.6000,3223.0000,3223.6000,3224.4000,1,2,1,1,1,1,1,1,1,1
SF,IH2012,2020-08-12 09:33:21.000,3221.8000,16279,0,357703980.000,0,-,-,-,-,3220.6000,3220.4000,3220.2000,3220.0000,3218.8000,3222.4000,3222.6000,3223.0000,3223.6000,3224.4000,2,1,1,2,1,1,1,1,1,1
SF,IH2012,2020-08-12 09:33:21.500,3221.8000,16279,0,357703980.000,0,-,-,-,-,3220.8000,3220.0000,3218.8000,3216.0000,3215.2000,3222.6000,3227.2000,3229.8000,3230.0000,3231.2000,3,2,1,1,1,1,1,1,2,1
SF,IH2012,2020-08-12 09:33:22.000,3222.6000,16278,-1,358670760.000,1,0,1,双平,S,3221.4000,3221.2000,3220.8000,3220.0000,3218.8000,3227.2000,3229.8000,3230.0000,3231.2000,3233.4000,1,1,3,2,1,1,1,2,1,1
SF,IH2012,2020-08-12 09:33:22.500,3222.6000,16278,0,358670760.000,0,-,-,-,-,3221.8000,3221.6000,3221.4000,3221.2000,3220.8000,3226.8000,3227.0000,3227.2000,3229.8000,3230.0000,1,2,1,1,1,6,1,2,1,2
SF,IH2012,2020-08-12 09:33:23.000,3222.6000,16278,0,358670760.000,0,-,-,-,-,3222.0000,3221.8000,3221.4000,3221.2000,3220.0000,3226.4000,3226.6000,3226.8000,3227.2000,3229.8000,3,1,1,1,2,1,1,3,2,1
SF,IH2012,2020-08-12 09:33:23.500,3222.6000,16278,0,358670760.000,0,-,-,-,-,3222.0000,3221.8000,3221.2000,3220.0000,3218.8000,3225.2000,3225.8000,3226.0000,3226.2000,3226.4000,2,1,1,2,1,1,1,2,4,2
SF,IH2012,2020-08-12 09:33:24.000,3222.6000,16278,0,358670760.000,0,-,-,-,-,3222.4000,3222.2000,3222.0000,3221.8000,3221.2000,3225.0000,3225.2000,3225.8000,3226.4000,3226.8000,2,1,3,1,1,1,1,1,1,1
SF,IH2012,2020-08-12 09:33:24.500,3222.6000,16278,0,358670760.000,0,-,-,-,-,3222.8000,3222.6000,3222.4000,3222.2000,3222.0000,3224.8000,3225.8000,3226.4000,3226.8000,3227.2000,2,3,1,1,1,1,1,2,1,1
SF,IH2012,2020-08-12 09:33:25.000,3222.6000,16278,0,358670760.000,0,-,-,-,-,3223.2000,3223.0000,3222.8000,3222.4000,3222.2000,3224.8000,3226.4000,3226.8000,3227.2000,3230.0000,1,2,2,1,1,1,1,1,1,2
SF,IH2012,2020-08-12 09:33:25.500,3222.6000,16278,0,358670760.000,0,-,-,-,-,3223.4000,3223.2000,3223.0000,3222.8000,3222.4000,3226.4000,3226.8000,3227.2000,3230.0000,3233.4000,1,1,1,2,1,1,1,1,2,1
SF,IH2012,2020-08-12 09:33:26.000,3222.6000,16278,0,358670760.000,0,-,-,-,-,3223.6000,3223.4000,3223.0000,3222.4000,3222.0000,3226.0000,3226.2000,3226.4000,3226.8000,3227.0000,1,1,1,1,1,1,2,1,1,1
SF,IH2012,2020-08-12 09:33:26.500,3222.6000,16278,0,358670760.000,0,-,-,-,-,3224.0000,3223.8000,3223.6000,3222.4000,3222.0000,3226.2000,3226.4000,3227.0000,3227.2000,3230.0000,1,1,1,1,1,1,1,1,1,2
SF,IH2012,2020-08-12 09:33:27.000,3226.2000,16278,0,359638620.000,1,0,1,多换,S,3224.4000,3224.2000,3224.0000,3222.4000,3222.0000,3227.0000,3227.2000,3230.0000,3233.4000,3234.4000,1,2,1,1,1,1,1,2,1,1
SF,IH2012,2020-08-12 09:33:27.500,3227.2000,16277,-1,361574880.000,2,0,2,多平,S,3225.2000,3225.0000,3224.6000,3224.4000,3222.4000,3230.0000,3233.4000,3234.4000,3236.4000,3236.8000,1,2,3,2,1,2,1,1,1,1
SF,IH2012,2020-08-12 09:33:28.000,3227.2000,16277,0,361574880.000,0,-,-,-,-,3226.4000,3225.8000,3225.6000,3225.4000,3225.2000,3229.6000,3229.8000,3230.0000,3233.4000,3236.4000,1,1,1,2,1,2,1,3,1,1
SF,IH2012,2020-08-12 09:33:28.500,3227.2000,16277,0,361574880.000,0,-,-,-,-,3226.8000,3226.6000,3226.4000,3225.2000,3225.0000,3229.4000,3229.6000,3230.0000,3233.4000,3236.4000,2,2,1,1,1,2,1,3,1,1
SF,IH2012,2020-08-12 09:33:29.000,3227.2000,16277,0,361574880.000,0,-,-,-,-,3227.4000,3227.2000,3227.0000,3226.8000,3226.4000,3230.0000,3233.4000,3236.4000,3236.8000,3238.0000,1,2,2,1,1,2,1,1,1,1
SF,IH2012,2020-08-12 09:33:29.500,3227.2000,16277,0,361574880.000,0,-,-,-,-,3228.0000,3227.6000,3227.4000,3227.2000,3226.4000,3229.8000,3230.0000,3233.4000,3236.4000,3236.8000,1,3,1,2,1,1,2,1,1,1
SF,IH2012,2020-08-12 09:33:30.000,3227.2000,16277,0,361574880.000,0,-,-,-,-,3228.2000,3228.0000,3227.6000,3227.4000,3226.4000,3229.8000,3230.0000,3233.4000,3236.4000,3236.8000,2,1,1,1,1,1,2,1,1,1
SF,IH2012,2020-08-12 09:33:30.500,3228.0000,16276,-1,364480080.000,3,1,2,多平,S,3227.6000,3227.4000,3226.4000,3225.2000,3225.0000,3229.4000,3229.6000,3229.8000,3230.0000,3233.4000,1,1,1,1,1,1,1,2,2,1
SF,IH2012,2020-08-12 09:33:31.000,3227.6000,16276,0,365448360.000,1,0,1,多换,S,3226.4000,3225.2000,3225.0000,3222.4000,3220.0000,3229.2000,3229.4000,3229.6000,3229.8000,3230.0000,1,1,1,1,3,2,1,1,1,2
SF,IH2012,2020-08-12 09:33:31.500,3227.6000,16276,0,365448360.000,0,-,-,-,-,3226.6000,3225.2000,3225.0000,3222.4000,3221.6000,3228.6000,3228.8000,3229.0000,3229.2000,3229.6000,1,1,1,1,2,1,2,1,3,1
SF,IH2012,2020-08-12 09:33:32.000,3226.6000,16275,-1,366416340.000,1,0,1,双平,S,3225.2000,3225.0000,3222.4000,3221.6000,3220.0000,3228.2000,3228.4000,3228.6000,3229.0000,3229.6000,1,1,1,2,3,1,3,2,1,1
SF,IH2012,2020-08-12 09:33:32.500,3226.6000,16275,0,366416340.000,0,-,-,-,-,3225.4000,3225.0000,3222.4000,3221.6000,3220.0000,3227.8000,3228.0000,3228.4000,3228.6000,3229.0000,1,1,1,2,3,1,2,1,2,1
SF,IH2012,2020-08-12 09:33:33.000,3226.6000,16275,0,366416340.000,0,-,-,-,-,3222.4000,3221.6000,3220.0000,3218.8000,3216.0000,3227.6000,3227.8000,3228.6000,3229.0000,3230.0000,1,2,3,1,1,4,1,2,1,3
SF,IH2012,2020-08-12 09:33:33.500,3226.6000,16275,0,366416340.000,0,-,-,-,-,3223.2000,3222.6000,3222.4000,3221.6000,3220.0000,3227.2000,3227.4000,3227.6000,3228.6000,3229.0000,1,2,1,2,3,1,2,3,1,1
SF,IH2012,2020-08-12 09:33:34.000,3226.6000,16275,0,366416340.000,0,-,-,-,-,3223.6000,3223.4000,3223.2000,3222.6000,3222.4000,3227.0000,3227.4000,3227.6000,3228.6000,3230.0000,1,1,1,1,1,2,2,1,1,3
SF,IH2012,2020-08-12 09:33:34.500,3226.6000,16275,0,366416340.000,0,-,-,-,-,3224.6000,3224.0000,3223.8000,3223.2000,3222.6000,3227.0000,3227.6000,3228.6000,3230.0000,3233.4000,1,3,2,1,1,2,1,1,3,1
SF,IH2012,2020-08-12 09:33:35.000,3227.0000,16274,-1,368352540.000,2,0,2,多平,S,3225.0000,3224.8000,3224.6000,3224.0000,3223.8000,3228.6000,3230.0000,3233.4000,3236.8000,3238.0000,2,4,1,1,1,1,3,1,1,1
SF,IH2012,2020-08-12 09:33:35.500,3227.0000,16274,0,368352540.000,0,-,-,-,-,3226.0000,3225.2000,3225.0000,3224.8000,3224.6000,3228.4000,3228.6000,3230.0000,3233.4000,3236.8000,1,3,2,2,1,2,1,3,1,1
SF,IH2012,2020-08-12 09:33:36.000,3226.2000,16273,-1,370288260.000,2,0,2,多平,S,3225.2000,3225.0000,3224.6000,3224.0000,3223.2000,3228.2000,3228.4000,3230.0000,3233.4000,3236.8000,1,1,1,1,1,1,2,3,1,1
SF,IH2012,2020-08-12 09:33:36.500,3226.2000,16273,0,370288260.000,0,-,-,-,-,3225.6000,3225.4000,3225.0000,3224.6000,3224.0000,3228.0000,3228.2000,3228.4000,3230.0000,3233.4000,1,1,1,1,1,1,1,1,3,1
SF,IH2012,2020-08-12 09:33:37.000,3225.6000,16272,-1,371255940.000,1,0,1,双平,S,3225.4000,3225.0000,3224.6000,3224.0000,3223.2000,3225.6000,3227.8000,3228.0000,3228.4000,3230.0000,1,1,1,1,1,1,1,1,1,3
SF,IH2012,2020-08-12 09:33:37.500,3225.4000,16270,-2,373191240.000,2,0,2,双平,S,3223.2000,3222.4000,3221.6000,3220.0000,3218.8000,3225.4000,3227.8000,3228.0000,3228.4000,3230.0000,1,1,2,5,1,1,1,4,1,3
SF,IH2012,2020-08-12 09:33:38.000,3225.4000,16270,0,374158860.000,1,0,1,多换,S,3223.6000,3223.4000,3222.4000,3221.6000,3220.0000,3225.2000,3225.4000,3226.0000,3228.0000,3228.4000,1,2,1,2,5,1,1,1,3,1
SF,IH2012,2020-08-12 09:33:38.500,3225.4000,16270,0,374158860.000,0,-,-,-,-,3223.8000,3223.4000,3222.4000,3221.6000,3220.0000,3225.4000,3226.0000,3228.0000,3228.4000,3230.0000,1,1,1,2,5,1,1,3,1,3
SF,IH2012,2020-08-12 09:33:39.000,3225.4000,16270,0,374158860.000,0,-,-,-,-,3223.4000,3222.4000,3221.6000,3220.0000,3218.8000,3225.2000,3225.4000,3226.0000,3228.0000,3228.4000,1,1,2,5,1,1,1,1,3,1
SF,IH2012,2020-08-12 09:33:39.500,3225.4000,16270,0,374158860.000,0,-,-,-,-,3223.4000,3222.4000,3220.0000,3218.8000,3216.0000,3225.2000,3225.4000,3226.0000,3228.0000,3228.4000,1,1,5,1,1,1,1,1,3,1
SF,IH2012,2020-08-12 09:33:40.000,3223.4000,16270,0,375125880.000,1,0,1,多换,S,3222.4000,3220.0000,3218.8000,3216.0000,3215.2000,3225.0000,3225.2000,3225.4000,3226.0000,3228.0000,1,5,1,1,1,1,1,1,1,3
SF,IH2012,2020-08-12 09:33:40.500,3223.4000,16270,0,375125880.000,0,-,-,-,-,3222.6000,3222.4000,3220.0000,3218.8000,3217.6000,3224.8000,3225.0000,3225.4000,3226.0000,3228.0000,1,1,5,1,2,1,1,1,1,3
SF,IH2012,2020-08-12 09:33:41.000,3223.4000,16270,0,375125880.000,0,-,-,-,-,3222.6000,3222.4000,3220.0000,3218.8000,3217.6000,3224.6000,3224.8000,3225.4000,3226.0000,3228.0000,1,1,5,1,2,1,1,1,1,3
SF,IH2012,2020-08-12 09:33:41.500,3223.4000,16270,0,375125880.000,0,-,-,-,-,3222.6000,3222.4000,3220.0000,3218.8000,3217.6000,3224.4000,3224.6000,3225.4000,3226.0000,3228.0000,1,1,5,1,2,1,1,1,1,3
SF,IH2012,2020-08-12 09:33:42.000,3224.4000,16269,-1,377060460.000,2,0,2,多平,S,3223.8000,3223.2000,3222.8000,3222.6000,3222.4000,3225.4000,3226.0000,3228.0000,3228.4000,3230.0000,1,1,4,1,1,1,1,3,1,3
SF,IH2012,2020-08-12 09:33:42.500,3224.4000,16269,0,377060460.000,0,-,-,-,-,3223.2000,3222.8000,3222.6000,3222.4000,3220.0000,3226.0000,3228.0000,3228.4000,3230.0000,3233.4000,1,4,1,1,5,1,3,1,3,1
SF,IH2012,2020-08-12 09:33:43.000,3223.8000,16268,-1,378027600.000,1,0,1,双平,S,3223.4000,3222.8000,3222.4000,3220.0000,3218.8000,3225.8000,3226.0000,3228.0000,3228.4000,3230.0000,2,1,1,5,1,1,1,3,1,3
SF,IH2012,2020-08-12 09:33:44.500,3223.8000,16268,0,378027600.000,0,-,-,-,-,3224.0000,3223.4000,3222.8000,3222.4000,3220.0000,3225.8000,3226.0000,3228.0000,3228.4000,3230.0000,2,2,1,1,5,1,1,3,1,2
SF,IH2012,2020-08-12 09:33:45.000,3224.0000,16268,0,380929200.000,3,1,2,多换,S,3223.4000,3222.4000,3220.0000,3218.8000,3217.6000,3225.6000,3225.8000,3226.0000,3228.0000,3228.4000,1,1,5,1,2,2,1,1,3,1
SF,IH2012,2020-08-12 09:33:45.500,3224.6000,16267,-1,381896580.000,1,0,1,双平,S,3222.4000,3220.0000,3218.8000,3217.6000,3216.0000,3225.2000,3225.4000,3225.6000,3226.0000,3228.0000,1,5,1,2,1,1,2,3,1,3
SF,IH2012,2020-08-12 09:33:46.000,3224.8000,16268,1,382864020.000,1,1,0,双开,S,3222.4000,3220.0000,3218.8000,3217.6000,3216.0000,3224.8000,3225.0000,3225.4000,3225.6000,3226.0000,1,5,1,2,1,1,4,1,2,1
SF,IH2012,2020-08-12 09:33:46.500,3222.4000,16268,0,383830740.000,1,0,1,多换,S,3220.0000,3218.8000,3217.6000,3216.0000,3215.2000,3224.6000,3224.8000,3225.0000,3225.6000,3226.0000,5,1,2,1,1,3,3,1,1,1
SF,IH2012,2020-08-12 09:33:47.000,3222.4000,16268,0,383830740.000,0,-,-,-,-,3220.2000,3220.0000,3218.8000,3216.0000,3215.2000,3224.0000,3224.2000,3224.6000,3224.8000,3225.0000,2,5,1,1,1,1,1,3,1,1
SF,IH2012,2020-08-12 09:33:47.500,3222.4000,16268,0,383830740.000,0,-,-,-,-,3220.8000,3220.6000,3220.4000,3220.2000,3220.0000,3223.8000,3224.0000,3224.2000,3226.0000,3228.0000,1,1,1,1,5,2,1,1,1,3
SF,IH2012,2020-08-12 09:33:48.000,3223.8000,16267,-1,385765020.000,2,0,2,多平,S,3222.2000,3221.6000,3221.4000,3221.2000,3221.0000,3226.0000,3228.8000,3230.0000,3233.4000,3233.6000,1,1,1,1,1,1,1,2,1,1
SF,IH2012,2020-08-12 09:33:48.500,3223.8000,16267,0,385765020.000,0,-,-,-,-,3223.0000,3222.4000,3222.2000,3221.6000,3221.4000,3225.6000,3225.8000,3226.0000,3228.8000,3230.0000,1,2,1,1,1,3,2,2,1,2
SF,IH2012,2020-08-12 09:33:49.000,3223.8000,16267,0,385765020.000,0,-,-,-,-,3223.2000,3222.4000,3222.2000,3221.6000,3221.4000,3225.2000,3225.4000,3225.6000,3225.8000,3226.0000,1,1,1,1,1,1,1,1,1,2
SF,IH2012,2020-08-12 09:33:49.500,3223.2000,16267,0,386731980.000,1,0,1,多换,S,3222.2000,3221.6000,3220.0000,3218.8000,3216.0000,3224.8000,3225.0000,3225.4000,3225.8000,3226.0000,1,1,5,1,1,2,3,1,1,2
SF,IH2012,2020-08-12 09:33:50.000,3223.2000,16267,0,386731980.000,0,-,-,-,-,3222.2000,3220.0000,3218.8000,3216.0000,3215.2000,3224.4000,3224.6000,3224.8000,3225.4000,3225.8000,1,5,1,1,1,1,3,3,1,1
SF,IH2012,2020-08-12 09:33:50.500,3222.2000,16266,-1,387698640.000,1,0,1,双平,S,3220.0000,3218.8000,3216.0000,3215.2000,3214.0000,3224.0000,3224.2000,3224.6000,3224.8000,3225.4000,5,1,1,1,1,1,3,1,2,1
SF,IH2012,2020-08-12 09:33:51.000,3222.2000,16266,0,387698640.000,0,-,-,-,-,3222.2000,3220.2000,3220.0000,3218.8000,3216.0000,3223.8000,3224.0000,3224.8000,3225.4000,3226.0000,1,1,5,1,1,3,1,2,1,1
SF,IH2012,2020-08-12 09:33:51.500,3222.2000,16265,-1,388665300.000,1,0,1,双平,S,3220.2000,3220.0000,3218.8000,3216.0000,3215.2000,3223.8000,3224.0000,3224.8000,3225.4000,3226.0000,1,5,1,1,1,4,1,1,1,1
SF,IH2012,2020-08-12 09:33:52.000,3222.2000,16265,0,388665300.000,0,-,-,-,-,3220.2000,3220.0000,3218.8000,3216.0000,3215.2000,3223.8000,3224.0000,3225.4000,3226.0000,3228.2000,1,5,1,1,1,4,1,1,1,1
SF,IH2012,2020-08-12 09:33:53.500,3220.2000,16264,-1,389631360.000,1,0,1,双平,S,3220.0000,3218.8000,3216.0000,3215.2000,3214.6000,3223.8000,3224.0000,3225.4000,3226.0000,3228.2000,5,1,1,1,2,4,1,1,1,1
SF,IH2012,2020-08-12 09:33:54.000,3220.6000,16264,0,391564680.000,2,1,1,多换,S,3220.2000,3220.0000,3218.8000,3217.2000,3216.0000,3223.8000,3225.2000,3225.4000,3226.0000,3228.2000,2,5,1,1,1,3,1,1,1,1
SF,IH2012,2020-08-12 09:33:54.500,3220.6000,16264,0,391564680.000,0,-,-,-,-,3220.4000,3220.2000,3220.0000,3218.8000,3217.2000,3223.8000,3225.2000,3225.4000,3226.0000,3228.2000,1,2,5,1,1,2,1,1,1,1
SF,IH2012,2020-08-12 09:33:55.000,3223.8000,16262,-2,393498960.000,2,0,2,双平,S,3220.8000,3220.6000,3220.4000,3220.0000,3218.8000,3225.2000,3225.4000,3226.0000,3228.2000,3228.8000,3,2,1,5,1,1,1,1,1,1
SF,IH2012,2020-08-12 09:33:55.500,3223.8000,16262,0,393498960.000,0,-,-,-,-,3222.0000,3221.4000,3221.2000,3221.0000,3220.8000,3225.0000,3225.4000,3226.0000,3228.2000,3228.8000,1,1,1,2,3,1,1,1,1,1
SF,IH2012,2020-08-12 09:33:56.000,3223.8000,16262,0,393498960.000,0,-,-,-,-,3223.8000,3222.8000,3222.2000,3222.0000,3221.4000,3225.0000,3225.4000,3226.0000,3228.2000,3228.8000,2,1,3,1,1,1,1,1,1,1
SF,IH2012,2020-08-12 09:33:56.500,3225.4000,16261,-1,395434080.000,2,0,2,多平,S,3223.8000,3222.8000,3222.2000,3222.0000,3221.4000,3226.0000,3228.2000,3228.8000,3230.0000,3232.0000,2,1,3,1,1,1,1,1,2,1
SF,IH2012,2020-08-12 09:33:57.000,3225.4000,16261,0,395434080.000,0,-,-,-,-,3224.4000,3224.0000,3223.8000,3222.8000,3222.2000,3226.0000,3228.2000,3228.8000,3230.0000,3232.0000,1,2,2,1,1,1,1,1,2,1
SF,IH2012,2020-08-12 09:33:57.500,3225.4000,16261,0,395434080.000,0,-,-,-,-,3224.6000,3224.4000,3224.0000,3223.8000,3222.8000,3226.0000,3228.2000,3228.8000,3230.0000,3232.0000,1,1,1,2,1,1,1,1,2,1
SF,IH2012,2020-08-12 09:33:58.500,3224.4000,16259,-2,397368780.000,2,0,2,双平,S,3224.0000,3223.8000,3222.8000,3222.2000,3222.0000,3226.0000,3228.2000,3228.8000,3230.0000,3232.0000,1,2,1,1,1,1,1,1,2,1
SF,IH2012,2020-08-12 09:33:59.000,3224.0000,16259,0,398335980.000,1,0,1,多换,S,3223.8000,3222.8000,3222.0000,3221.4000,3220.8000,3225.8000,3226.0000,3228.2000,3228.8000,3230.0000,2,1,1,1,2,2,1,1,1,2
SF,IH2012,2020-08-12 09:33:59.500,3224.0000,16259,0,398335980.000,0,-,-,-,-,3223.8000,3220.8000,3220.0000,3218.8000,3217.2000,3225.4000,3225.8000,3226.0000,3228.2000,3228.8000,2,2,5,1,1,1,2,1,1,1
SF,IH2012,2020-08-12 09:34:00.000,3224.0000,16259,0,398335980.000,0,-,-,-,-,3223.8000,3220.8000,3220.0000,3218.8000,3217.2000,3225.2000,3225.4000,3225.8000,3226.0000,3228.2000,2,1,5,1,1,1,1,1,1,1
SF,IH2012,2020-08-12 09:34:00.500,3223.8000,16258,-1,400270260.000,2,0,2,多平,S,3220.8000,3220.0000,3218.8000,3217.2000,3216.0000,3225.2000,3225.4000,3225.8000,3226.0000,3228.2000,1,5,1,1,1,1,1,1,1,1
SF,IH2012,2020-08-12 09:34:01.000,3223.8000,16258,0,400270260.000,0,-,-,-,-,3222.0000,3221.8000,3221.4000,3221.0000,3220.8000,3223.8000,3224.8000,3225.0000,3225.2000,3225.4000,1,1,1,3,1,1,1,1,1,1
SF,IH2012,2020-08-12 09:34:01.500,3225.2000,16257,-1,403172100.000,3,1,2,多平,S,3222.2000,3222.0000,3221.8000,3221.4000,3221.0000,3226.0000,3228.2000,3228.8000,3230.0000,3232.0000,1,1,1,1,2,1,1,1,2,1
SF,IH2012,2020-08-12 09:34:02.000,3225.2000,16257,0,403172100.000,0,-,-,-,-,3223.6000,3222.4000,3222.2000,3222.0000,3221.8000,3225.8000,3226.0000,3228.2000,3228.8000,3230.0000,1,2,1,1,1,2,2,1,1,2
SF,IH2012,2020-08-12 09:34:02.500,3225.8000,16257,0,404139840.000,1,0,1,多换,S,3223.8000,3223.6000,3222.4000,3222.0000,3221.8000,3225.8000,3226.0000,3228.8000,3230.0000,3232.0000,2,1,2,1,1,1,2,1,2,1
SF,IH2012,2020-08-12 09:34:03.000,3225.8000,16257,0,404139840.000,0,-,-,-,-,3224.4000,3223.8000,3223.6000,3222.4000,3222.0000,3226.0000,3228.8000,3230.0000,3232.0000,3233.4000,1,2,1,2,1,1,1,2,1,1
SF,IH2012,2020-08-12 09:34:03.500,3226.0000,16256,-1,405107640.000,1,0,1,双平,S,3224.6000,3224.4000,3223.8000,3223.6000,3222.4000,3228.8000,3230.0000,3232.0000,3233.4000,3233.6000,2,1,1,1,2,1,2,1,1,1
SF,IH2012,2020-08-12 09:34:04.000,3226.0000,16256,0,405107640.000,0,-,-,-,-,3225.0000,3224.8000,3224.6000,3222.4000,3222.0000,3228.4000,3228.6000,3228.8000,3230.0000,3232.0000,1,1,2,2,1,2,1,2,2,1
SF,IH2012,2020-08-12 09:34:04.500,3226.0000,16256,0,405107640.000,0,-,-,-,-,3225.2000,3225.0000,3224.6000,3222.4000,3222.0000,3228.0000,3228.2000,3228.4000,3228.8000,3230.0000,2,1,1,2,1,1,1,1,2,2
SF,IH2012,2020-08-12 09:34:05.000,3226.0000,16256,0,405107640.000,0,-,-,-,-,3225.2000,3224.6000,3222.4000,3222.0000,3221.4000,3227.8000,3228.0000,3228.8000,3230.0000,3232.0000,2,1,1,1,1,2,2,1,2,1
SF,IH2012,2020-08-12 09:34:05.500,3226.0000,16256,0,405107640.000,0,-,-,-,-,3225.2000,3224.6000,3222.0000,3221.4000,3220.8000,3227.4000,3227.6000,3227.8000,3228.0000,3228.8000,2,1,1,1,1,2,2,2,1,1
SF,IH2012,2020-08-12 09:34:06.000,3225.2000,16257,1,406075200.000,1,1,0,双开,S,3222.0000,3221.4000,3220.8000,3220.0000,3218.8000,3227.0000,3227.2000,3227.4000,3227.6000,3228.8000,1,1,1,5,1,2,2,2,2,1
SF,IH2012,2020-08-12 09:34:06.500,3225.2000,16257,0,406075200.000,0,-,-,-,-,3222.2000,3222.0000,3221.4000,3220.8000,3220.0000,3226.6000,3226.8000,3227.0000,3227.4000,3228.8000,2,1,1,1,5,2,3,1,1,1
SF,IH2012,2020-08-12 09:34:07.000,3225.2000,16257,0,406075200.000,0,-,-,-,-,3222.6000,3222.2000,3221.4000,3220.8000,3220.0000,3226.2000,3226.4000,3226.6000,3226.8000,3228.8000,1,2,1,1,5,2,2,4,1,1
SF,IH2012,2020-08-12 09:34:07.500,3225.2000,16257,0,406075200.000,0,-,-,-,-,3222.8000,3222.6000,3222.2000,3220.8000,3220.2000,3225.8000,3226.0000,3226.2000,3226.6000,3226.8000,1,1,1,1,1,1,2,3,1,1
SF,IH2012,2020-08-12 09:34:08.000,3225.2000,16257,0,406075200.000,0,-,-,-,-,3223.0000,3222.8000,3222.2000,3220.8000,3220.2000,3225.4000,3225.6000,3226.2000,3226.6000,3226.8000,1,1,1,1,1,1,3,1,1,1
SF,IH2012,2020-08-12 09:34:08.500,3225.2000,16257,0,407042760.000,1,0,1,多换,S,3226.2000,3223.4000,3223.2000,3223.0000,3222.2000,3226.6000,3228.8000,3230.0000,3232.0000,3233.4000,1,1,4,1,1,1,1,2,1,1
SF,IH2012,2020-08-12 09:34:09.000,3226.6000,16258,1,408978540.000,2,1,1,空开,S,3223.2000,3223.0000,3222.2000,3220.8000,3220.2000,3228.8000,3230.0000,3232.0000,3233.4000,3233.6000,3,1,1,1,1,1,2,1,1,1
SF,IH2012,2020-08-12 09:34:09.500,3226.6000,16258,0,408978540.000,0,-,-,-,-,3224.0000,3223.6000,3223.2000,3223.0000,3222.2000,3228.4000,3228.6000,3228.8000,3230.0000,3232.0000,1,2,3,1,1,3,1,2,2,1
SF,IH2012,2020-08-12 09:34:10.000,3226.6000,16258,0,408978540.000,0,-,-,-,-,3224.2000,3224.0000,3223.8000,3223.6000,3223.2000,3228.0000,3228.2000,3228.4000,3228.8000,3230.0000,2,1,1,2,1,1,1,2,2,2
SF,IH2012,2020-08-12 09:34:10.500,3226.6000,16258,0,408978540.000,0,-,-,-,-,3224.2000,3223.2000,3223.0000,3220.8000,3220.2000,3227.6000,3227.8000,3228.0000,3228.8000,3230.0000,2,1,1,1,1,3,2,2,1,2
SF,IH2012,2020-08-12 09:34:11.000,3226.6000,16258,0,408978540.000,0,-,-,-,-,3224.2000,3223.0000,3220.8000,3220.2000,3220.0000,3226.8000,3227.2000,3227.4000,3227.6000,3227.8000,2,1,1,1,5,1,1,5,2,2
SF,IH2012,2020-08-12 09:34:11.500,3224.2000,16257,-1,410913060.000,2,0,2,多平,S,3223.0000,3220.8000,3220.2000,3220.0000,3218.8000,3226.0000,3226.4000,3226.6000,3226.8000,3227.2000,1,1,1,5,1,1,3,2,2,1
SF,IH2012,2020-08-12 09:34:12.000,3224.2000,16257,0,410913060.000,0,-,-,-,-,3223.2000,3223.0000,3220.8000,3220.2000,3220.0000,3225.6000,3225.8000,3226.0000,3226.4000,3226.6000,1,1,1,1,5,1,2,1,1,1
SF,IH2012,2020-08-12 09:34:12.500,3224.2000,16257,0,410913060.000,0,-,-,-,-,3223.2000,3223.0000,3220.8000,3220.2000,3220.0000,3225.4000,3226.0000,3226.4000,3226.6000,3226.8000,1,1,1,1,5,2,1,1,1,2
SF,IH2012,2020-08-12 09:34:13.000,3225.4000,16258,1,411880680.000,1,1,0,双开,S,3223.4000,3223.2000,3223.0000,3220.8000,3220.2000,3225.4000,3226.0000,3226.4000,3226.6000,3226.8000,1,1,1,1,1,1,1,1,1,2
SF,IH2012,2020-08-12 09:34:13.500,3225.4000,16258,0,411880680.000,0,-,-,-,-,3225.6000,3223.6000,3223.4000,3223.0000,3220.8000,3226.0000,3226.6000,3226.8000,3227.2000,3227.4000,1,2,1,1,1,1,1,2,1,1
SF,IH2012,2020-08-12 09:34:14.000,3225.6000,16259,1,412848360.000,1,1,0,双开,S,3223.6000,3223.4000,3223.0000,3220.8000,3220.2000,3226.8000,3227.4000,3228.8000,3230.0000,3230.8000,3,1,1,1,1,1,1,1,2,2
SF,IH2012,2020-08-12 09:34:14.500,3225.6000,16259,0,412848360.000,0,-,-,-,-,3223.8000,3223.6000,3223.0000,3220.8000,3220.2000,3226.6000,3227.4000,3228.8000,3230.0000,3230.8000,1,3,1,1,1,1,1,1,2,2
SF,IH2012,2020-08-12 09:34:15.000,3225.6000,16259,0,412848360.000,0,-,-,-,-,3224.2000,3224.0000,3223.8000,3223.6000,3223.0000,3228.8000,3230.8000,3232.0000,3233.4000,3233.6000,1,3,1,2,1,1,2,1,1,1
SF,IH2012,2020-08-12 09:34:15.500,3225.6000,16259,0,412848360.000,0,-,-,-,-,3224.4000,3224.2000,3224.0000,3223.6000,3223.0000,3228.4000,3228.6000,3228.8000,3230.8000,3232.0000,3,1,1,2,1,2,1,2,2,1
SF,IH2012,2020-08-12 09:34:16.000,3225.6000,16259,0,412848360.000,0,-,-,-,-,3224.4000,3224.2000,3224.0000,3223.6000,3223.0000,3228.2000,3228.4000,3228.8000,3230.8000,3232.0000,3,1,1,1,1,1,2,2,2,1
SF,IH2012,2020-08-12 09:34:16.500,3225.6000,16259,0,412848360.000,0,-,-,-,-,3224.4000,3224.2000,3223.6000,3223.0000,3220.8000,3227.8000,3228.0000,3228.2000,3228.8000,3230.8000,2,1,1,1,1,2,2,2,1,2
