市场代码,合约代码,时间,最新,持仓,增仓,成交额,成交量,开仓,平仓,成交类型,方向,买一价,买二价,买三价,买四价,买五价,卖一价,卖二价,卖三价,卖四价,卖五价,买一量,买二量,买三量,买四量,买五量,卖一量,卖二量,卖三量,卖四量,卖五量
SF,IH2002,2020-01-06 09:29:00.000,3088.8000,1683,0,0.000,0.000,-,-,-,-,3068.4000,3067.8000,3067.0000,3065.6000,3063.6000,3077.4000,3079.6000,3080.4000,3086.4000,3090.6000,1,1,1,1,2,1,2,1,1,1
SF,IH2002,2020-01-06 09:30:00.500,3077.4000,1684,1,1846440.000,2,1,1,空开,S,3072.0000,3069.6000,3068.8000,3067.0000,3065.6000,3079.6000,3090.6000,3098.0000,3102.0000,3308.2000,1,1,4,1,1,2,1,5,2,3
SF,IH2002,2020-01-06 09:30:01.000,3077.4000,1684,0,1846440.000,0,-,-,-,-,3072.4000,3072.2000,3072.0000,3069.6000,3067.0000,3079.2000,3079.4000,3079.6000,3090.6000,3098.0000,4,1,1,1,1,4,3,2,1,5
SF,IH2002,2020-01-06 09:30:01.500,3077.4000,1684,0,1846440.000,0,-,-,-,-,3072.6000,3072.4000,3072.0000,3069.6000,3040.2000,3079.0000,3079.2000,3079.4000,3090.6000,3098.0000,1,4,1,1,1,3,4,2,1,2
SF,IH2002,2020-01-06 09:30:02.000,3072.6000,1683,-1,2768220.000,1,0,1,双平,S,3073.0000,3072.0000,3069.6000,3040.2000,3001.6000,3078.6000,3079.0000,3079.4000,3090.6000,3098.0000,4,1,1,1,1,4,3,2,1,2
SF,IH2002,2020-01-06 09:30:02.500,3072.6000,1683,0,2768220.000,0,-,-,-,-,3073.2000,3073.0000,3072.0000,3069.6000,3040.2000,3078.4000,3078.6000,3079.0000,3079.4000,3090.6000,2,3,1,1,1,2,4,2,2,1
SF,IH2002,2020-01-06 09:30:03.000,3072.6000,1683,0,2768220.000,0,-,-,-,-,3073.2000,3072.0000,3069.6000,3040.2000,3001.6000,3078.0000,3078.2000,3078.4000,3079.0000,3079.4000,2,1,1,1,1,3,1,2,2,2
SF,IH2002,2020-01-06 09:30:03.500,3072.6000,1683,0,2768220.000,0,-,-,-,-,3073.2000,3072.0000,3070.4000,3069.6000,3040.2000,3076.8000,3077.6000,3077.8000,3078.0000,3078.4000,2,1,5,1,1,1,1,4,3,1
SF,IH2002,2020-01-06 09:30:04.000,3072.6000,1683,0,2768220.000,0,-,-,-,-,3073.2000,3072.0000,3070.4000,3069.6000,3040.2000,3076.6000,3076.8000,3077.6000,3077.8000,3078.0000,2,1,5,1,1,2,1,1,3,3
SF,IH2002,2020-01-06 09:30:04.500,3072.6000,1683,0,2768220.000,0,-,-,-,-,3073.2000,3072.0000,3070.4000,3069.6000,3040.2000,3076.6000,3076.8000,3077.6000,3077.8000,3078.0000,1,1,5,1,1,2,1,1,3,3
SF,IH2002,2020-01-06 09:30:05.000,3076.2000,1684,1,3691080.000,1,1,0,双开,S,3073.4000,3073.2000,3072.0000,3069.6000,3066.6000,3076.2000,3076.6000,3076.8000,3077.6000,3077.8000,1,1,1,1,5,2,2,1,1,3
SF,IH2002,2020-01-06 09:30:05.500,3076.2000,1684,0,3691080.000,0,-,-,-,-,3073.2000,3069.6000,3066.6000,3040.2000,3001.6000,3076.0000,3076.2000,3076.6000,3076.8000,3077.6000,1,1,5,1,1,4,2,1,1,1
SF,IH2002,2020-01-06 09:30:06.000,3076.2000,1684,0,3691080.000,0,-,-,-,-,3066.6000,3040.2000,3001.6000,2875.0000,2844.0000,3075.8000,3076.0000,3076.6000,3076.8000,3077.6000,5,1,1,3,5,2,4,1,1,1
SF,IH2002,2020-01-06 09:30:06.500,3076.2000,1684,0,3691080.000,0,-,-,-,-,3067.2000,3067.0000,3066.8000,3066.6000,3040.2000,3075.6000,3075.8000,3076.0000,3076.6000,3076.8000,1,4,1,5,1,2,2,3,1,1
SF,IH2002,2020-01-06 09:30:07.000,3076.2000,1684,0,3691080.000,0,-,-,-,-,3067.6000,3067.4000,3067.2000,3066.6000,3040.2000,3074.6000,3075.4000,3075.6000,3076.0000,3076.6000,4,1,1,5,1,1,2,2,3,1
SF,IH2002,2020-01-06 09:30:07.500,3076.2000,1684,0,3691080.000,0,-,-,-,-,3067.8000,3067.6000,3067.2000,3066.6000,3040.2000,3074.4000,3074.6000,3075.4000,3075.6000,3076.0000,1,4,1,5,1,2,1,2,1,3
SF,IH2002,2020-01-06 09:30:08.000,3076.2000,1684,0,3691080.000,0,-,-,-,-,3068.2000,3067.8000,3067.2000,3066.6000,3040.2000,3074.4000,3074.6000,3075.6000,3076.0000,3076.6000,4,1,1,5,1,2,1,1,3,1
SF,IH2002,2020-01-06 09:30:08.500,3076.2000,1684,0,3691080.000,0,-,-,-,-,3068.4000,3068.2000,3067.2000,3066.6000,3040.2000,3074.4000,3074.6000,3075.6000,3076.0000,3076.6000,1,4,1,5,1,2,1,1,3,1
SF,IH2002,2020-01-06 09:30:09.000,3076.2000,1684,0,3691080.000,0,-,-,-,-,3068.8000,3068.4000,3067.2000,3066.6000,3040.2000,3074.4000,3075.6000,3076.0000,3076.6000,3076.8000,4,1,1,5,1,1,1,3,1,1
SF,IH2002,2020-01-06 09:30:09.500,3076.2000,1684,0,3691080.000,0,-,-,-,-,3069.0000,3068.8000,3067.2000,3066.6000,3040.2000,3074.4000,3075.6000,3076.0000,3076.6000,3076.8000,1,4,1,5,1,1,1,3,1,1
SF,IH2002,2020-01-06 09:30:10.000,3076.2000,1684,0,3691080.000,0,-,-,-,-,3072.0000,3069.4000,3069.2000,3069.0000,3066.6000,3074.4000,3075.6000,3076.0000,3076.6000,3076.8000,1,4,1,1,5,1,1,3,1,1
SF,IH2002,2020-01-06 09:30:10.500,3076.2000,1684,0,3691080.000,0,-,-,-,-,3072.4000,3069.4000,3069.2000,3069.0000,3066.6000,3074.4000,3075.6000,3076.0000,3076.6000,3076.8000,1,3,1,1,5,1,1,3,1,1
SF,IH2002,2020-01-06 09:30:11.000,3076.2000,1684,0,3691080.000,0,-,-,-,-,3072.6000,3072.4000,3069.4000,3069.2000,3066.6000,3074.4000,3075.6000,3076.0000,3076.6000,3076.8000,2,1,3,1,5,1,1,3,1,1
SF,IH2002,2020-01-06 09:30:11.500,3076.2000,1684,0,3691080.000,0,-,-,-,-,3073.0000,3072.6000,3069.4000,3069.2000,3066.6000,3074.4000,3075.6000,3076.0000,3076.6000,3076.8000,1,2,3,1,5,1,1,3,1,1
SF,IH2002,2020-01-06 09:30:12.000,3076.2000,1684,0,3691080.000,0,-,-,-,-,3073.0000,3072.6000,3069.4000,3069.2000,3066.6000,3074.4000,3075.6000,3076.0000,3076.6000,3076.8000,1,2,3,1,5,1,1,3,1,1
SF,IH2002,2020-01-06 09:30:12.500,3074.6000,1684,0,4613460.000,1,0,1,多换,S,3073.0000,3072.6000,3069.4000,3069.2000,3066.6000,3074.4000,3075.6000,3076.0000,3076.6000,3076.8000,1,2,3,1,5,1,1,3,1,1
SF,IH2002,2020-01-06 09:30:13.000,3074.6000,1684,0,4613460.000,0,-,-,-,-,3073.2000,3073.0000,3072.6000,3069.4000,3069.2000,3075.6000,3076.0000,3076.6000,3076.8000,3077.6000,1,1,1,3,1,1,3,1,1,1
SF,IH2002,2020-01-06 09:30:13.500,3074.6000,1684,0,4613460.000,0,-,-,-,-,3073.6000,3072.6000,3069.4000,3069.2000,3066.6000,3075.4000,3075.6000,3076.0000,3076.6000,3076.8000,1,1,3,1,5,3,1,3,1,1
SF,IH2002,2020-01-06 09:30:14.000,3074.6000,1684,0,4613460.000,0,-,-,-,-,3073.6000,3072.6000,3069.4000,3066.6000,3040.2000,3075.2000,3075.4000,3075.6000,3076.0000,3076.6000,1,1,3,5,1,1,3,1,3,1
SF,IH2002,2020-01-06 09:30:14.500,3074.6000,1684,0,4613460.000,0,-,-,-,-,3073.6000,3072.6000,3069.4000,3066.6000,3040.2000,3075.0000,3075.2000,3076.0000,3076.6000,3077.6000,1,1,3,5,1,1,1,3,1,1
SF,IH2002,2020-01-06 09:30:15.000,3074.6000,1684,0,4613460.000,0,-,-,-,-,3073.6000,3072.6000,3069.4000,3066.6000,3040.2000,3075.0000,3075.2000,3076.0000,3076.6000,3077.6000,1,1,3,5,1,1,1,3,1,1
SF,IH2002,2020-01-06 09:30:15.500,3074.6000,1684,0,4613460.000,0,-,-,-,-,3073.6000,3072.6000,3069.4000,3066.6000,3040.2000,3075.0000,3076.0000,3076.6000,3077.6000,3077.8000,1,1,3,5,1,1,3,1,1,3
SF,IH2002,2020-01-06 09:30:16.000,3074.6000,1684,0,4613460.000,0,-,-,-,-,3073.6000,3072.6000,3069.4000,3066.6000,3040.2000,3075.0000,3076.0000,3076.6000,3077.6000,3077.8000,1,1,3,5,1,1,3,1,1,3
SF,IH2002,2020-01-06 09:30:16.500,3074.6000,1684,0,4613460.000,0,-,-,-,-,3073.6000,3069.4000,3066.6000,3040.2000,3001.6000,3075.0000,3076.0000,3076.6000,3077.6000,3077.8000,1,3,5,1,1,1,3,1,1,3
SF,IH2002,2020-01-06 09:30:17.000,3074.6000,1684,0,4613460.000,0,-,-,-,-,3073.6000,3069.4000,3066.6000,3040.2000,3001.6000,3075.0000,3076.0000,3076.6000,3077.6000,3077.8000,1,3,5,1,1,1,3,1,1,3
SF,IH2002,2020-01-06 09:30:17.500,3074.6000,1684,0,4613460.000,0,-,-,-,-,3073.6000,3069.4000,3066.6000,3040.2000,3001.6000,3075.0000,3076.0000,3076.6000,3077.6000,3077.8000,1,3,5,1,1,1,3,1,1,3
SF,IH2002,2020-01-06 09:30:18.000,3074.6000,1684,0,4613460.000,0,-,-,-,-,3073.6000,3069.4000,3066.6000,3040.2000,3001.6000,3075.0000,3076.0000,3076.6000,3077.6000,3077.8000,1,3,5,1,1,1,3,1,1,3
SF,IH2002,2020-01-06 09:30:18.500,3074.6000,1684,0,4613460.000,0,-,-,-,-,3073.6000,3069.4000,3066.6000,3040.2000,3001.6000,3075.0000,3076.0000,3076.6000,3077.6000,3077.8000,1,3,5,1,1,1,3,1,1,3
SF,IH2002,2020-01-06 09:30:19.000,3074.6000,1684,0,4613460.000,0,-,-,-,-,3073.6000,3069.4000,3066.6000,3040.2000,3001.6000,3075.0000,3076.0000,3076.6000,3077.6000,3077.8000,1,3,5,1,1,1,3,1,1,3
SF,IH2002,2020-01-06 09:30:19.500,3074.6000,1684,0,4613460.000,0,-,-,-,-,3073.6000,3069.4000,3066.6000,3040.2000,3001.6000,3075.0000,3076.0000,3076.6000,3077.6000,3077.8000,1,3,5,1,1,1,3,1,1,3
SF,IH2002,2020-01-06 09:30:20.000,3074.6000,1684,0,4613460.000,0,-,-,-,-,3073.6000,3069.4000,3066.6000,3040.2000,3001.6000,3075.0000,3076.0000,3076.6000,3077.6000,3077.8000,1,3,5,1,1,1,3,1,1,3
SF,IH2002,2020-01-06 09:30:20.500,3074.6000,1684,0,4613460.000,0,-,-,-,-,3073.6000,3069.4000,3066.6000,3040.2000,3001.6000,3075.0000,3076.0000,3076.6000,3077.6000,3077.8000,1,3,5,1,1,1,3,1,1,3
SF,IH2002,2020-01-06 09:30:21.000,3074.6000,1684,0,4613460.000,0,-,-,-,-,3073.6000,3069.4000,3066.6000,3040.2000,3001.6000,3075.0000,3076.0000,3076.6000,3077.6000,3077.8000,1,3,5,1,1,1,3,1,1,3
SF,IH2002,2020-01-06 09:30:21.500,3074.6000,1684,0,4613460.000,0,-,-,-,-,3073.6000,3069.4000,3066.6000,3040.2000,3001.6000,3075.0000,3076.0000,3076.6000,3077.6000,3077.8000,1,3,5,1,1,1,3,1,1,3
SF,IH2002,2020-01-06 09:30:22.000,3074.6000,1684,0,4613460.000,0,-,-,-,-,3073.6000,3069.4000,3066.6000,3040.2000,3001.6000,3075.0000,3076.0000,3076.6000,3077.6000,3077.8000,1,3,5,1,1,1,3,1,1,3
SF,IH2002,2020-01-06 09:30:22.500,3074.6000,1684,0,4613460.000,0,-,-,-,-,3073.6000,3069.4000,3066.6000,3040.2000,3001.6000,3075.0000,3076.0000,3076.6000,3077.6000,3077.8000,1,3,5,1,1,1,3,1,1,3
SF,IH2002,2020-01-06 09:30:23.000,3074.6000,1684,0,4613460.000,0,-,-,-,-,3069.4000,3066.6000,3040.2000,3001.6000,2875.0000,3075.0000,3076.0000,3076.6000,3077.6000,3077.8000,3,5,1,1,3,1,3,1,1,3
SF,IH2002,2020-01-06 09:30:23.500,3074.6000,1684,0,4613460.000,0,-,-,-,-,3072.0000,3069.8000,3069.6000,3069.4000,3066.6000,3074.8000,3075.0000,3076.0000,3076.6000,3077.6000,1,4,1,3,5,1,1,3,1,1
SF,IH2002,2020-01-06 09:30:24.000,3074.6000,1684,0,4613460.000,0,-,-,-,-,3072.4000,3072.2000,3072.0000,3069.8000,3069.4000,3074.6000,3074.8000,3076.0000,3076.6000,3077.6000,1,1,1,3,3,1,1,3,1,1
SF,IH2002,2020-01-06 09:30:24.500,3074.6000,1684,0,4613460.000,0,-,-,-,-,3072.6000,3072.4000,3072.0000,3069.8000,3069.4000,3074.4000,3074.6000,3076.0000,3076.6000,3077.6000,1,1,1,3,3,1,1,3,1,1
SF,IH2002,2020-01-06 09:30:25.000,3074.6000,1684,0,4613460.000,0,-,-,-,-,3073.0000,3072.6000,3072.0000,3069.8000,3069.4000,3074.4000,3074.6000,3076.0000,3076.6000,3077.6000,1,1,1,3,3,1,1,3,1,1
SF,IH2002,2020-01-06 09:30:25.500,3074.6000,1684,0,4613460.000,0,-,-,-,-,3073.2000,3073.0000,3072.0000,3069.4000,3066.6000,3074.4000,3074.6000,3076.0000,3076.6000,3077.6000,1,1,1,3,5,1,1,3,1,1
SF,IH2002,2020-01-06 09:30:26.000,3074.6000,1684,0,4613460.000,0,-,-,-,-,3073.2000,3073.0000,3072.0000,3069.4000,3066.6000,3074.6000,3076.0000,3076.6000,3077.6000,3077.8000,1,1,1,3,5,1,3,1,1,3
SF,IH2002,2020-01-06 09:30:26.500,3074.6000,1684,0,4613460.000,0,-,-,-,-,3073.2000,3073.0000,3072.0000,3069.4000,3066.6000,3074.6000,3076.0000,3076.6000,3077.6000,3077.8000,1,1,1,3,5,1,3,1,1,3
SF,IH2002,2020-01-06 09:30:27.000,3074.6000,1684,0,4613460.000,0,-,-,-,-,3073.4000,3073.2000,3072.0000,3069.4000,3066.6000,3074.6000,3076.0000,3076.6000,3077.6000,3077.8000,1,1,1,3,5,1,3,1,1,3
SF,IH2002,2020-01-06 09:30:27.500,3074.6000,1684,0,4613460.000,0,-,-,-,-,3073.4000,3073.2000,3072.0000,3069.4000,3066.6000,3076.0000,3076.6000,3077.6000,3077.8000,3078.4000,1,1,1,3,5,3,1,1,3,1
SF,IH2002,2020-01-06 09:30:28.000,3074.6000,1684,0,4613460.000,0,-,-,-,-,3073.6000,3073.4000,3072.0000,3069.4000,3066.6000,3075.8000,3076.0000,3076.6000,3077.6000,3077.8000,1,1,1,3,5,4,3,1,1,3
SF,IH2002,2020-01-06 09:30:28.500,3074.6000,1684,0,4613460.000,0,-,-,-,-,3073.8000,3073.6000,3072.0000,3069.4000,3066.6000,3075.6000,3075.8000,3076.0000,3076.6000,3077.6000,1,1,1,3,5,1,4,3,1,1
SF,IH2002,2020-01-06 09:30:29.000,3074.6000,1684,0,4613460.000,0,-,-,-,-,3073.8000,3073.6000,3072.0000,3069.4000,3066.6000,3075.4000,3075.6000,3075.8000,3076.0000,3076.6000,1,1,1,3,5,1,1,3,3,1
SF,IH2002,2020-01-06 09:30:29.500,3075.2000,1683,-1,6458580.000,2,0,2,多平,S,3073.8000,3073.6000,3072.0000,3069.4000,3066.6000,3075.4000,3075.6000,3075.8000,3076.0000,3076.6000,1,1,1,3,5,1,1,3,3,1
SF,IH2002,2020-01-06 09:30:30.000,3075.4000,1682,-1,7381200.000,1,0,1,双平,S,3074.0000,3073.8000,3072.0000,3069.4000,3066.6000,3075.8000,3076.0000,3076.6000,3077.6000,3077.8000,1,1,1,3,5,3,3,1,1,3
SF,IH2002,2020-01-06 09:30:30.500,3075.4000,1682,0,7381200.000,0,-,-,-,-,3074.2000,3074.0000,3072.0000,3069.4000,3066.6000,3075.6000,3075.8000,3076.0000,3076.6000,3077.6000,1,1,1,3,5,1,3,3,1,1
SF,IH2002,2020-01-06 09:30:31.000,3075.4000,1682,0,7381200.000,0,-,-,-,-,3074.2000,3074.0000,3072.0000,3069.4000,3066.6000,3075.6000,3075.8000,3076.0000,3076.6000,3077.6000,1,1,1,3,5,1,3,3,1,1
SF,IH2002,2020-01-06 09:30:31.500,3075.4000,1682,0,7381200.000,0,-,-,-,-,3074.2000,3074.0000,3072.0000,3069.4000,3066.6000,3075.6000,3075.8000,3076.0000,3076.6000,3077.6000,1,1,1,3,5,1,3,3,1,1
SF,IH2002,2020-01-06 09:30:32.000,3075.4000,1682,0,7381200.000,0,-,-,-,-,3074.2000,3074.0000,3072.0000,3069.4000,3066.6000,3075.8000,3076.0000,3076.6000,3077.6000,3077.8000,1,1,1,3,5,3,3,1,1,3
SF,IH2002,2020-01-06 09:30:32.500,3075.4000,1682,0,7381200.000,0,-,-,-,-,3074.2000,3074.0000,3072.0000,3069.4000,3066.6000,3075.6000,3075.8000,3076.0000,3076.6000,3077.6000,1,1,1,3,5,2,3,3,1,1
SF,IH2002,2020-01-06 09:30:33.000,3075.4000,1682,0,7381200.000,0,-,-,-,-,3074.2000,3074.0000,3072.0000,3069.4000,3066.6000,3075.8000,3076.0000,3076.6000,3077.6000,3077.8000,1,1,1,3,5,3,3,1,1,3
SF,IH2002,2020-01-06 09:30:33.500,3075.4000,1682,0,7381200.000,0,-,-,-,-,3074.4000,3074.2000,3074.0000,3072.0000,3069.4000,3076.0000,3076.6000,3077.6000,3077.8000,3078.4000,1,1,1,1,3,3,1,1,3,1
SF,IH2002,2020-01-06 09:30:34.000,3075.4000,1682,0,7381200.000,0,-,-,-,-,3074.6000,3074.4000,3074.2000,3074.0000,3072.0000,3076.0000,3076.6000,3077.6000,3077.8000,3078.4000,1,1,1,1,1,3,1,1,3,1
SF,IH2002,2020-01-06 09:30:34.500,3075.4000,1682,0,7381200.000,0,-,-,-,-,3075.0000,3074.6000,3074.2000,3074.0000,3072.0000,3076.6000,3077.8000,3078.4000,3079.0000,3079.4000,1,1,1,1,1,1,3,1,2,2
SF,IH2002,2020-01-06 09:30:35.000,3075.4000,1682,0,7381200.000,0,-,-,-,-,3075.2000,3075.0000,3074.6000,3074.2000,3074.0000,3077.8000,3078.4000,3079.0000,3079.4000,3085.6000,1,1,1,1,1,3,1,2,2,5
SF,IH2002,2020-01-06 09:30:35.500,3075.4000,1682,0,7381200.000,0,-,-,-,-,3075.6000,3075.2000,3074.6000,3074.0000,3072.0000,3077.6000,3077.8000,3078.4000,3079.0000,3079.4000,1,1,1,1,1,1,3,1,2,2
SF,IH2002,2020-01-06 09:30:36.000,3075.4000,1682,0,7381200.000,0,-,-,-,-,3075.2000,3074.0000,3072.0000,3069.4000,3066.6000,3077.4000,3077.6000,3077.8000,3078.4000,3079.0000,1,1,1,3,5,1,1,3,1,2
SF,IH2002,2020-01-06 09:30:36.500,3075.4000,1682,0,7381200.000,0,-,-,-,-,3074.0000,3072.0000,3069.4000,3066.6000,3045.0000,3077.2000,3077.4000,3077.6000,3077.8000,3078.4000,1,1,3,5,1,2,1,1,3,1
SF,IH2002,2020-01-06 09:30:37.000,3075.4000,1682,0,7381200.000,0,-,-,-,-,3074.4000,3074.0000,3072.0000,3069.4000,3066.6000,3077.2000,3077.4000,3077.6000,3077.8000,3078.4000,1,1,1,3,5,2,1,1,3,1
SF,IH2002,2020-01-06 09:30:37.500,3075.4000,1682,0,7381200.000,0,-,-,-,-,3074.4000,3074.0000,3072.0000,3069.4000,3066.6000,3077.0000,3077.2000,3077.4000,3077.6000,3077.8000,1,1,1,3,5,1,2,1,1,3
SF,IH2002,2020-01-06 09:30:38.000,3075.4000,1682,0,7381200.000,0,-,-,-,-,3074.4000,3072.0000,3069.4000,3066.6000,3045.0000,3076.8000,3077.0000,3077.4000,3077.8000,3078.4000,1,1,3,5,1,1,1,1,3,1
SF,IH2002,2020-01-06 09:30:38.500,3075.4000,1682,0,7381200.000,0,-,-,-,-,3074.4000,3072.0000,3069.4000,3066.6000,3045.0000,3076.8000,3077.0000,3077.4000,3077.8000,3078.4000,1,1,3,5,1,1,1,1,3,1
SF,IH2002,2020-01-06 09:30:39.000,3075.4000,1682,0,7381200.000,0,-,-,-,-,3074.4000,3072.0000,3069.4000,3066.6000,3045.0000,3076.6000,3076.8000,3077.0000,3077.4000,3077.8000,1,1,3,5,1,1,1,1,1,3
SF,IH2002,2020-01-06 09:30:39.500,3075.4000,1682,0,7381200.000,0,-,-,-,-,3074.4000,3072.0000,3069.4000,3066.6000,3045.0000,3076.6000,3077.0000,3077.4000,3078.4000,3079.0000,1,1,3,5,1,1,1,1,1,2
SF,IH2002,2020-01-06 09:30:40.000,3075.4000,1682,0,7381200.000,0,-,-,-,-,3074.4000,3072.0000,3069.4000,3066.6000,3045.0000,3076.4000,3076.6000,3077.0000,3077.4000,3078.4000,1,1,3,5,1,1,1,1,1,1
SF,IH2002,2020-01-06 09:30:40.500,3075.4000,1682,0,7381200.000,0,-,-,-,-,3074.6000,3074.4000,3072.0000,3069.4000,3066.6000,3076.4000,3076.6000,3077.0000,3078.4000,3079.0000,1,1,1,3,5,1,1,1,1,2
SF,IH2002,2020-01-06 09:30:41.000,3075.4000,1682,0,7381200.000,0,-,-,-,-,3075.0000,3074.6000,3072.0000,3069.4000,3066.6000,3078.4000,3079.0000,3079.4000,3085.6000,3095.0000,1,1,1,3,5,1,2,2,5,1
SF,IH2002,2020-01-06 09:30:41.500,3075.4000,1682,0,7381200.000,0,-,-,-,-,3075.2000,3075.0000,3074.6000,3072.0000,3069.4000,3078.2000,3078.4000,3079.0000,3079.4000,3085.6000,1,1,1,1,3,4,1,2,2,5
SF,IH2002,2020-01-06 09:30:42.000,3075.4000,1682,0,7381200.000,0,-,-,-,-,3075.6000,3075.2000,3074.6000,3072.0000,3069.4000,3078.2000,3078.4000,3079.0000,3079.4000,3085.6000,1,1,1,1,3,4,1,2,2,5
SF,IH2002,2020-01-06 09:30:42.500,3075.4000,1682,0,7381200.000,0,-,-,-,-,3075.8000,3075.6000,3075.2000,3074.6000,3072.0000,3078.2000,3078.4000,3079.0000,3079.4000,3085.6000,1,1,1,1,1,4,1,2,2,5
SF,IH2002,2020-01-06 09:30:43.000,3075.4000,1682,0,7381200.000,0,-,-,-,-,3076.0000,3075.8000,3075.2000,3074.6000,3072.0000,3078.2000,3078.4000,3079.0000,3079.4000,3085.6000,1,1,1,1,1,4,1,2,2,5
SF,IH2002,2020-01-06 09:30:43.500,3075.4000,1682,0,7381200.000,0,-,-,-,-,3076.0000,3075.8000,3075.2000,3072.0000,3069.4000,3078.2000,3078.4000,3079.0000,3079.4000,3085.6000,1,1,1,1,3,4,1,2,2,5
SF,IH2002,2020-01-06 09:30:44.000,3075.4000,1682,0,7381200.000,0,-,-,-,-,3076.0000,3074.2000,3072.0000,3069.4000,3066.6000,3078.0000,3078.2000,3078.4000,3079.0000,3079.4000,1,1,1,3,5,1,4,1,2,2
SF,IH2002,2020-01-06 09:30:44.500,3075.4000,1682,0,7381200.000,0,-,-,-,-,3076.0000,3074.2000,3072.0000,3069.4000,3066.6000,3077.8000,3078.0000,3078.2000,3078.4000,3079.0000,1,1,1,3,5,1,1,3,1,2
SF,IH2002,2020-01-06 09:30:45.000,3075.4000,1682,0,7381200.000,0,-,-,-,-,3076.0000,3074.2000,3072.0000,3069.4000,3066.6000,3077.6000,3078.0000,3078.2000,3078.4000,3079.0000,1,1,1,3,5,2,1,3,1,2
SF,IH2002,2020-01-06 09:30:45.500,3075.4000,1682,0,7381200.000,0,-,-,-,-,3076.0000,3074.2000,3072.0000,3069.4000,3066.6000,3077.4000,3077.6000,3078.0000,3078.2000,3078.4000,1,1,1,3,5,1,2,1,3,1
SF,IH2002,2020-01-06 09:30:46.000,3075.4000,1682,0,7381200.000,0,-,-,-,-,3076.0000,3074.2000,3072.0000,3069.4000,3066.6000,3077.6000,3078.0000,3078.2000,3078.4000,3079.0000,1,1,1,3,5,1,1,3,1,2
SF,IH2002,2020-01-06 09:30:46.500,3075.4000,1682,0,7381200.000,0,-,-,-,-,3076.0000,3074.2000,3072.0000,3069.4000,3066.6000,3077.4000,3077.6000,3078.0000,3078.2000,3078.4000,1,1,1,3,5,1,1,1,3,1
SF,IH2002,2020-01-06 09:30:49.000,3075.4000,1682,0,7381200.000,0,-,-,-,-,3074.2000,3072.0000,3069.4000,3066.6000,3045.0000,3077.4000,3077.6000,3078.0000,3078.2000,3078.4000,1,1,3,5,1,1,1,1,3,1
SF,IH2002,2020-01-06 09:30:49.500,3075.4000,1682,0,7381200.000,0,-,-,-,-,3074.6000,3074.4000,3074.2000,3072.0000,3069.4000,3077.4000,3077.6000,3078.2000,3078.4000,3079.0000,1,3,1,1,1,1,1,3,1,2
SF,IH2002,2020-01-06 09:30:50.000,3075.4000,1682,0,7381200.000,0,-,-,-,-,3074.6000,3074.4000,3074.2000,3072.0000,3069.4000,3077.4000,3078.2000,3078.4000,3079.0000,3079.4000,1,3,1,1,1,1,3,1,2,2
SF,IH2002,2020-01-06 09:30:50.500,3075.4000,1682,0,7381200.000,0,-,-,-,-,3074.6000,3074.4000,3074.2000,3072.0000,3069.4000,3077.4000,3078.2000,3078.4000,3079.0000,3079.4000,1,3,1,1,1,1,3,1,2,2
SF,IH2002,2020-01-06 09:30:51.000,3075.4000,1682,0,7381200.000,0,-,-,-,-,3074.8000,3074.6000,3074.4000,3074.2000,3072.0000,3077.4000,3078.2000,3078.4000,3079.0000,3079.4000,1,1,3,1,1,1,3,1,2,2
SF,IH2002,2020-01-06 09:30:51.500,3075.4000,1682,0,7381200.000,0,-,-,-,-,3075.2000,3074.8000,3074.4000,3074.2000,3072.0000,3077.4000,3078.2000,3078.4000,3079.0000,3079.4000,1,1,3,1,1,1,3,1,2,2
SF,IH2002,2020-01-06 09:30:52.000,3075.4000,1682,0,7381200.000,0,-,-,-,-,3075.4000,3075.2000,3074.8000,3074.4000,3074.2000,3077.4000,3078.2000,3078.4000,3079.0000,3079.4000,1,1,1,3,1,1,3,1,2,2
SF,IH2002,2020-01-06 09:30:52.500,3077.4000,1681,-1,8304420.000,1,0,1,双平,S,3075.8000,3075.4000,3074.8000,3074.4000,3074.2000,3078.2000,3078.4000,3079.0000,3079.4000,3085.6000,1,1,1,3,1,3,1,2,2,5
SF,IH2002,2020-01-06 09:30:53.000,3077.4000,1681,0,8304420.000,0,-,-,-,-,3076.0000,3075.8000,3075.4000,3074.8000,3074.4000,3079.0000,3079.4000,3085.6000,3095.0000,3098.0000,1,1,1,1,3,2,2,5,1,2
SF,IH2002,2020-01-06 09:30:53.500,3077.4000,1681,0,8304420.000,0,-,-,-,-,3076.4000,3076.0000,3075.4000,3074.8000,3074.4000,3078.8000,3079.0000,3079.4000,3085.6000,3095.0000,1,1,1,1,3,1,2,2,5,1
SF,IH2002,2020-01-06 09:30:54.000,3077.4000,1681,0,8304420.000,0,-,-,-,-,3076.6000,3076.4000,3076.0000,3075.4000,3074.8000,3078.8000,3079.0000,3079.4000,3085.6000,3095.0000,1,1,1,1,1,1,2,2,5,1
SF,IH2002,2020-01-06 09:30:54.500,3077.4000,1681,0,8304420.000,0,-,-,-,-,3077.0000,3076.6000,3076.0000,3075.4000,3074.8000,3078.8000,3079.0000,3079.4000,3085.6000,3095.0000,1,1,1,1,1,1,2,2,5,1
SF,IH2002,2020-01-06 09:30:55.000,3077.4000,1681,0,8304420.000,0,-,-,-,-,3077.0000,3076.6000,3076.0000,3074.4000,3074.2000,3078.6000,3078.8000,3079.0000,3079.4000,3085.6000,1,1,1,2,1,1,1,2,2,5
SF,IH2002,2020-01-06 09:30:55.500,3077.4000,1681,0,8304420.000,0,-,-,-,-,3077.0000,3076.6000,3074.4000,3074.2000,3072.0000,3078.6000,3078.8000,3079.0000,3079.4000,3085.6000,1,1,2,1,1,1,1,2,2,5
SF,IH2002,2020-01-06 09:30:56.000,3077.4000,1681,0,8304420.000,0,-,-,-,-,3074.4000,3074.2000,3072.0000,3069.4000,3066.6000,3078.4000,3078.6000,3078.8000,3079.0000,3079.4000,2,1,1,1,5,1,1,1,2,2
SF,IH2002,2020-01-06 09:30:56.500,3077.4000,1681,0,8304420.000,0,-,-,-,-,3074.8000,3074.4000,3074.2000,3072.0000,3066.6000,3078.2000,3078.4000,3078.6000,3078.8000,3079.0000,1,2,1,1,5,1,1,1,1,2
SF,IH2002,2020-01-06 09:30:57.000,3077.4000,1681,0,8304420.000,0,-,-,-,-,3074.8000,3074.4000,3074.2000,3072.0000,3066.6000,3078.0000,3078.2000,3078.4000,3078.8000,3079.0000,1,2,1,1,5,2,1,1,1,2
SF,IH2002,2020-01-06 09:30:57.500,3077.4000,1681,0,8304420.000,0,-,-,-,-,3075.0000,3074.8000,3074.4000,3074.2000,3072.0000,3078.0000,3078.4000,3078.8000,3079.0000,3079.4000,1,1,2,1,1,2,1,1,2,2
SF,IH2002,2020-01-06 09:30:58.000,3077.4000,1681,0,8304420.000,0,-,-,-,-,3076.0000,3075.4000,3075.0000,3074.4000,3074.2000,3078.0000,3078.4000,3078.8000,3079.0000,3079.4000,1,1,1,2,1,2,1,1,2,2
SF,IH2002,2020-01-06 09:30:58.500,3077.4000,1681,0,8304420.000,0,-,-,-,-,3076.2000,3076.0000,3075.0000,3074.4000,3074.2000,3078.0000,3078.4000,3078.8000,3079.0000,3079.4000,2,1,1,2,1,2,1,1,2,2
SF,IH2002,2020-01-06 09:30:59.000,3077.4000,1681,0,8304420.000,0,-,-,-,-,3076.2000,3076.0000,3075.0000,3074.4000,3074.2000,3078.4000,3078.8000,3079.0000,3079.4000,3085.6000,2,1,1,2,1,1,1,2,2,5
SF,IH2002,2020-01-06 09:30:59.500,3077.4000,1681,0,8304420.000,0,-,-,-,-,3076.2000,3076.0000,3074.4000,3074.2000,3072.0000,3078.2000,3078.4000,3078.8000,3079.0000,3079.4000,2,1,2,1,1,2,1,1,2,2
SF,IH2002,2020-01-06 09:31:00.000,3077.4000,1681,0,8304420.000,0,-,-,-,-,3076.2000,3076.0000,3074.4000,3074.2000,3072.0000,3078.2000,3078.4000,3078.8000,3079.0000,3079.4000,1,1,2,1,1,1,1,1,2,2
SF,IH2002,2020-01-06 09:31:00.500,3077.4000,1681,0,8304420.000,0,-,-,-,-,3076.4000,3076.2000,3076.0000,3074.4000,3074.2000,3078.8000,3079.0000,3079.4000,3085.6000,3095.0000,1,1,1,2,1,1,2,2,5,1
SF,IH2002,2020-01-06 09:31:01.000,3077.4000,1681,0,8304420.000,0,-,-,-,-,3076.8000,3076.4000,3076.0000,3074.4000,3074.2000,3078.6000,3078.8000,3079.0000,3079.4000,3085.6000,1,1,1,2,1,2,1,2,2,5
SF,IH2002,2020-01-06 09:31:01.500,3077.4000,1681,0,8304420.000,0,-,-,-,-,3077.0000,3076.4000,3076.0000,3074.4000,3074.2000,3078.6000,3078.8000,3079.0000,3079.4000,3085.6000,1,1,1,2,1,2,1,2,2,5
SF,IH2002,2020-01-06 09:31:02.000,3077.4000,1681,0,8304420.000,0,-,-,-,-,3077.0000,3076.0000,3074.4000,3074.2000,3072.0000,3078.6000,3078.8000,3079.0000,3079.4000,3085.6000,1,1,2,1,1,2,1,2,2,5
SF,IH2002,2020-01-06 09:31:02.500,3077.4000,1681,0,8304420.000,0,-,-,-,-,3076.0000,3074.4000,3074.2000,3072.0000,3066.6000,3078.4000,3078.6000,3078.8000,3079.0000,3079.4000,1,2,1,1,5,1,2,1,2,2
SF,IH2002,2020-01-06 09:31:03.000,3077.4000,1681,0,8304420.000,0,-,-,-,-,3076.2000,3076.0000,3074.4000,3072.0000,3066.6000,3078.2000,3078.4000,3078.6000,3078.8000,3079.0000,1,1,2,1,5,1,1,2,1,2
SF,IH2002,2020-01-06 09:31:03.500,3077.4000,1681,0,8304420.000,0,-,-,-,-,3076.2000,3076.0000,3074.4000,3072.0000,3066.6000,3078.0000,3078.2000,3078.6000,3078.8000,3079.0000,1,1,2,1,5,1,1,2,1,2
SF,IH2002,2020-01-06 09:31:05.500,3077.4000,1681,0,8304420.000,0,-,-,-,-,3076.2000,3076.0000,3074.4000,3072.0000,3066.6000,3078.0000,3078.6000,3078.8000,3079.0000,3079.4000,1,1,2,1,5,1,2,1,2,2
SF,IH2002,2020-01-06 09:31:06.000,3077.4000,1681,0,8304420.000,0,-,-,-,-,3076.4000,3076.2000,3076.0000,3074.4000,3072.0000,3078.6000,3078.8000,3079.0000,3079.4000,3085.6000,1,1,1,2,1,2,1,2,2,5
SF,IH2002,2020-01-06 09:31:06.500,3077.4000,1681,0,8304420.000,0,-,-,-,-,3076.6000,3076.4000,3076.2000,3076.0000,3074.4000,3078.4000,3078.6000,3078.8000,3079.0000,3079.4000,1,1,1,1,2,3,2,1,2,2
SF,IH2002,2020-01-06 09:31:07.000,3077.4000,1681,0,8304420.000,0,-,-,-,-,3076.8000,3076.6000,3076.4000,3076.2000,3076.0000,3078.4000,3078.6000,3078.8000,3079.0000,3079.4000,1,1,1,1,1,1,2,1,2,2
SF,IH2002,2020-01-06 09:31:07.500,3077.4000,1681,0,8304420.000,0,-,-,-,-,3077.0000,3076.8000,3076.4000,3076.0000,3074.4000,3078.6000,3078.8000,3079.0000,3079.4000,3085.6000,2,1,1,1,2,2,1,2,2,5
SF,IH2002,2020-01-06 09:31:08.000,3077.4000,1681,0,8304420.000,0,-,-,-,-,3077.2000,3077.0000,3076.8000,3076.4000,3076.0000,3079.0000,3079.4000,3085.6000,3095.0000,3098.0000,1,2,1,1,1,2,2,5,1,2
SF,IH2002,2020-01-06 09:31:08.500,3077.4000,1681,0,8304420.000,0,-,-,-,-,3077.4000,3077.2000,3076.8000,3076.4000,3076.0000,3085.6000,3095.0000,3098.0000,3102.0000,3120.0000,2,1,1,1,1,5,1,2,2,1
SF,IH2002,2020-01-06 09:31:09.000,3077.4000,1681,0,8304420.000,0,-,-,-,-,3077.6000,3077.4000,3077.2000,3076.8000,3076.4000,3081.6000,3085.2000,3085.4000,3085.6000,3095.0000,1,2,1,1,1,1,3,3,5,1
SF,IH2002,2020-01-06 09:31:09.500,3077.4000,1681,0,8304420.000,0,-,-,-,-,3077.8000,3077.6000,3077.2000,3076.8000,3076.4000,3081.2000,3081.4000,3081.6000,3085.4000,3085.6000,2,1,1,1,1,2,3,1,2,5
SF,IH2002,2020-01-06 09:31:10.000,3077.4000,1681,0,8304420.000,0,-,-,-,-,3078.0000,3077.8000,3077.6000,3077.2000,3076.8000,3081.0000,3081.2000,3081.4000,3081.6000,3085.4000,1,2,1,1,1,2,2,2,1,2
SF,IH2002,2020-01-06 09:31:10.500,3077.4000,1681,0,8304420.000,0,-,-,-,-,3078.4000,3078.2000,3078.0000,3077.6000,3077.2000,3080.6000,3081.0000,3081.4000,3081.6000,3085.4000,1,1,1,1,1,2,2,2,1,2
SF,IH2002,2020-01-06 09:31:11.000,3077.4000,1681,0,8304420.000,0,-,-,-,-,3078.6000,3078.0000,3077.6000,3077.2000,3076.8000,3080.4000,3081.0000,3081.4000,3081.6000,3085.4000,2,1,1,1,1,2,1,2,1,2
SF,IH2002,2020-01-06 09:31:12.000,3078.6000,1680,-1,10151580.000,2,0,2,多平,S,3078.0000,3077.6000,3077.2000,3076.8000,3076.4000,3080.4000,3081.0000,3081.4000,3081.6000,3085.4000,1,1,1,1,1,2,1,2,1,2
SF,IH2002,2020-01-06 09:31:12.500,3078.6000,1680,0,10151580.000,0,-,-,-,-,3078.2000,3078.0000,3077.6000,3077.2000,3076.8000,3080.2000,3080.4000,3081.0000,3081.4000,3081.6000,2,1,1,1,1,1,2,1,2,1
SF,IH2002,2020-01-06 09:31:13.000,3078.6000,1680,0,10151580.000,0,-,-,-,-,3078.0000,3077.6000,3077.2000,3076.0000,3074.4000,3080.0000,3080.2000,3080.4000,3081.0000,3081.4000,1,1,1,1,2,2,1,1,1,2
SF,IH2002,2020-01-06 09:31:13.500,3078.6000,1680,0,10151580.000,0,-,-,-,-,3078.0000,3077.6000,3076.0000,3074.4000,3074.2000,3079.8000,3080.0000,3080.2000,3080.4000,3081.0000,1,1,1,2,5,1,2,1,1,1
SF,IH2002,2020-01-06 09:31:14.000,3078.6000,1680,0,10151580.000,0,-,-,-,-,3078.2000,3078.0000,3077.6000,3076.0000,3074.4000,3079.6000,3079.8000,3080.0000,3080.4000,3081.0000,2,1,1,1,2,1,1,1,1,1
SF,IH2002,2020-01-06 09:31:14.500,3078.6000,1680,0,10151580.000,0,-,-,-,-,3078.2000,3078.0000,3077.6000,3076.0000,3074.4000,3079.6000,3080.0000,3080.4000,3081.0000,3081.4000,1,1,1,1,2,1,1,1,1,2
SF,IH2002,2020-01-06 09:31:15.000,3078.6000,1680,0,10151580.000,0,-,-,-,-,3078.2000,3078.0000,3077.6000,3076.0000,3074.4000,3079.6000,3080.4000,3081.0000,3081.4000,3081.6000,1,1,1,1,2,1,1,1,2,1
SF,IH2002,2020-01-06 09:31:15.500,3078.6000,1680,0,10151580.000,0,-,-,-,-,3078.0000,3077.6000,3076.0000,3074.4000,3074.2000,3079.6000,3080.4000,3081.0000,3081.4000,3081.6000,1,1,1,2,5,1,1,1,2,1
SF,IH2002,2020-01-06 09:31:16.000,3078.6000,1680,0,10151580.000,0,-,-,-,-,3078.0000,3076.0000,3074.4000,3074.2000,3045.0000,3079.4000,3079.6000,3080.4000,3081.0000,3081.4000,1,1,2,5,1,3,1,1,1,2
SF,IH2002,2020-01-06 09:31:16.500,3078.6000,1680,0,10151580.000,0,-,-,-,-,3078.0000,3076.0000,3074.4000,3074.2000,3045.0000,3079.2000,3079.4000,3080.4000,3081.0000,3081.4000,1,1,2,5,1,1,1,1,1,2
SF,IH2002,2020-01-06 09:31:17.000,3078.6000,1680,0,10151580.000,0,-,-,-,-,3078.0000,3076.0000,3074.4000,3074.2000,3045.0000,3079.2000,3080.4000,3081.0000,3081.4000,3081.6000,1,1,2,5,1,1,1,1,2,1
SF,IH2002,2020-01-06 09:31:20.000,3078.6000,1680,0,10151580.000,0,-,-,-,-,3078.2000,3078.0000,3076.0000,3074.4000,3074.2000,3079.2000,3080.4000,3081.0000,3081.4000,3081.6000,1,1,1,2,5,1,1,1,2,1
SF,IH2002,2020-01-06 09:31:20.500,3078.6000,1680,0,10151580.000,0,-,-,-,-,3078.2000,3078.0000,3076.0000,3074.4000,3074.2000,3080.4000,3081.0000,3081.4000,3081.6000,3085.4000,1,1,1,2,5,1,1,2,1,2
SF,IH2002,2020-01-06 09:31:21.000,3078.6000,1680,0,10151580.000,0,-,-,-,-,3078.6000,3078.4000,3078.2000,3078.0000,3076.0000,3080.2000,3080.4000,3081.0000,3081.4000,3081.6000,1,1,1,1,1,1,1,1,2,1
SF,IH2002,2020-01-06 09:31:21.500,3078.6000,1680,0,10151580.000,0,-,-,-,-,3078.8000,3078.6000,3078.2000,3078.0000,3076.0000,3080.2000,3080.4000,3081.0000,3081.4000,3081.6000,1,1,1,1,1,1,1,1,2,1
SF,IH2002,2020-01-06 09:31:22.500,3078.6000,1680,0,10151580.000,0,-,-,-,-,3078.8000,3078.2000,3078.0000,3076.0000,3074.4000,3080.2000,3080.4000,3081.0000,3081.4000,3081.6000,1,1,1,1,2,1,1,1,2,1
SF,IH2002,2020-01-06 09:31:23.000,3078.6000,1680,0,10151580.000,0,-,-,-,-,3078.2000,3076.0000,3074.4000,3074.2000,3045.0000,3080.2000,3080.4000,3081.0000,3081.4000,3081.6000,1,1,2,5,1,1,1,1,2,1
SF,IH2002,2020-01-06 09:31:23.500,3078.6000,1680,0,10151580.000,0,-,-,-,-,3078.2000,3076.0000,3074.4000,3074.2000,3045.0000,3080.0000,3080.2000,3080.4000,3081.0000,3081.4000,1,1,2,5,1,3,1,1,1,2
SF,IH2002,2020-01-06 09:31:24.000,3078.6000,1680,0,10151580.000,0,-,-,-,-,3078.2000,3076.0000,3074.4000,3074.2000,3045.0000,3079.8000,3080.0000,3080.4000,3081.0000,3081.4000,1,1,2,5,1,1,3,1,1,2
SF,IH2002,2020-01-06 09:31:24.500,3078.6000,1680,0,10151580.000,0,-,-,-,-,3078.4000,3078.2000,3076.0000,3074.4000,3074.2000,3079.8000,3080.0000,3080.4000,3081.0000,3081.4000,1,1,1,2,5,1,1,1,1,2
SF,IH2002,2020-01-06 09:31:25.000,3078.6000,1680,0,10151580.000,0,-,-,-,-,3078.6000,3078.4000,3076.0000,3074.4000,3074.2000,3080.4000,3081.0000,3081.4000,3081.6000,3085.4000,1,1,1,2,5,1,1,2,1,2
SF,IH2002,2020-01-06 09:31:25.500,3078.6000,1680,0,10151580.000,0,-,-,-,-,3078.6000,3078.4000,3076.0000,3074.4000,3074.2000,3080.2000,3080.4000,3081.0000,3081.4000,3081.6000,1,1,1,2,5,1,1,1,2,1
SF,IH2002,2020-01-06 09:31:26.000,3078.6000,1680,0,10151580.000,0,-,-,-,-,3078.8000,3078.6000,3076.0000,3074.4000,3074.2000,3080.2000,3080.4000,3081.0000,3081.4000,3081.6000,1,1,1,2,5,1,1,1,2,1
SF,IH2002,2020-01-06 09:31:26.500,3078.6000,1680,0,10151580.000,0,-,-,-,-,3079.0000,3078.8000,3076.0000,3074.4000,3074.2000,3080.2000,3081.0000,3081.4000,3085.4000,3085.6000,1,1,1,2,5,1,1,2,2,5
SF,IH2002,2020-01-06 09:31:27.000,3078.6000,1680,0,10151580.000,0,-,-,-,-,3076.0000,3074.4000,3074.2000,3045.0000,3001.6000,3080.2000,3081.0000,3081.4000,3085.4000,3085.6000,1,2,5,1,1,2,1,2,2,5
SF,IH2002,2020-01-06 09:31:27.500,3078.6000,1680,0,10151580.000,0,-,-,-,-,3076.8000,3076.4000,3076.2000,3076.0000,3074.2000,3080.2000,3081.0000,3081.4000,3085.4000,3085.6000,1,4,1,1,5,2,1,2,2,5
SF,IH2002,2020-01-06 09:31:28.000,3078.6000,1680,0,10151580.000,0,-,-,-,-,3077.2000,3077.0000,3076.8000,3076.4000,3076.0000,3080.2000,3081.0000,3081.4000,3085.4000,3085.6000,1,4,1,1,1,2,1,2,2,5
SF,IH2002,2020-01-06 09:31:28.500,3078.6000,1680,0,10151580.000,0,-,-,-,-,3077.4000,3077.2000,3077.0000,3076.8000,3076.4000,3080.2000,3081.0000,3081.4000,3085.4000,3085.6000,2,1,3,1,1,2,1,2,2,5
SF,IH2002,2020-01-06 09:31:29.000,3078.6000,1680,0,10151580.000,0,-,-,-,-,3077.8000,3077.4000,3077.0000,3076.8000,3076.4000,3080.2000,3081.0000,3081.4000,3085.4000,3085.6000,1,2,3,1,1,2,1,2,2,5
SF,IH2002,2020-01-06 09:31:29.500,3078.6000,1680,0,10151580.000,0,-,-,-,-,3078.0000,3077.8000,3077.4000,3077.0000,3076.8000,3080.2000,3081.0000,3081.4000,3085.4000,3085.6000,2,1,1,3,1,2,1,2,2,5
SF,IH2002,2020-01-06 09:31:30.000,3078.6000,1680,0,10151580.000,0,-,-,-,-,3078.4000,3078.0000,3077.4000,3077.0000,3076.8000,3080.2000,3081.0000,3081.4000,3085.4000,3085.6000,1,2,1,3,1,2,1,2,2,5
SF,IH2002,2020-01-06 09:31:30.500,3078.6000,1680,0,10151580.000,0,-,-,-,-,3078.6000,3078.4000,3078.0000,3077.4000,3077.0000,3080.2000,3081.4000,3085.4000,3085.6000,3095.0000,2,1,1,1,3,2,2,2,5,1
SF,IH2002,2020-01-06 09:31:31.000,3078.6000,1680,0,10151580.000,0,-,-,-,-,3079.0000,3078.8000,3078.6000,3078.0000,3077.4000,3080.2000,3081.4000,3085.4000,3085.6000,3095.0000,1,1,2,1,1,1,2,2,5,1
SF,IH2002,2020-01-06 09:31:31.500,3078.6000,1680,0,10151580.000,0,-,-,-,-,3079.2000,3079.0000,3078.8000,3078.6000,3078.0000,3080.2000,3081.4000,3085.4000,3085.6000,3095.0000,1,1,1,1,1,1,2,2,5,1
SF,IH2002,2020-01-06 09:31:32.000,3078.6000,1680,0,10151580.000,0,-,-,-,-,3079.6000,3079.2000,3078.8000,3078.6000,3078.0000,3080.2000,3081.4000,3085.4000,3085.6000,3095.0000,1,1,1,1,1,1,2,2,5,1
SF,IH2002,2020-01-06 09:31:32.500,3078.6000,1680,0,10151580.000,0,-,-,-,-,3079.6000,3079.2000,3078.8000,3078.6000,3078.0000,3080.2000,3085.4000,3085.6000,3095.0000,3098.0000,1,1,1,1,1,1,2,5,1,2
SF,IH2002,2020-01-06 09:31:33.000,3078.6000,1680,0,10151580.000,0,-,-,-,-,3079.6000,3079.2000,3078.8000,3078.6000,3078.0000,3080.2000,3085.4000,3085.6000,3095.0000,3098.0000,1,1,1,1,1,1,2,5,1,2
SF,IH2002,2020-01-06 09:31:33.500,3078.6000,1680,0,10151580.000,0,-,-,-,-,3079.6000,3079.2000,3078.8000,3078.6000,3078.0000,3080.2000,3085.4000,3085.6000,3095.0000,3098.0000,1,1,1,1,1,1,2,5,1,2
SF,IH2002,2020-01-06 09:31:34.000,3078.6000,1680,0,10151580.000,0,-,-,-,-,3079.6000,3079.2000,3078.8000,3078.6000,3078.0000,3080.2000,3085.4000,3085.6000,3095.0000,3098.0000,1,1,1,1,1,1,2,5,1,2
SF,IH2002,2020-01-06 09:31:34.500,3078.6000,1680,0,10151580.000,0,-,-,-,-,3079.6000,3079.2000,3078.8000,3078.6000,3078.0000,3080.2000,3085.4000,3085.6000,3095.0000,3098.0000,1,1,1,1,1,1,2,5,1,2
SF,IH2002,2020-01-06 09:31:35.000,3078.6000,1680,0,10151580.000,0,-,-,-,-,3079.6000,3079.2000,3078.8000,3078.6000,3078.0000,3080.2000,3085.4000,3089.4000,3095.0000,3098.0000,1,1,1,1,1,1,2,5,1,2
SF,IH2002,2020-01-06 09:31:35.500,3078.6000,1680,0,10151580.000,0,-,-,-,-,3079.6000,3079.2000,3078.8000,3078.6000,3078.0000,3080.2000,3085.4000,3089.4000,3095.0000,3098.0000,1,1,1,1,1,1,2,5,1,2
SF,IH2002,2020-01-06 09:31:36.000,3078.6000,1680,0,10151580.000,0,-,-,-,-,3079.6000,3079.2000,3078.8000,3078.6000,3078.0000,3080.2000,3085.4000,3089.4000,3095.0000,3098.0000,2,1,1,1,1,1,2,5,1,2
SF,IH2002,2020-01-06 09:31:36.500,3080.2000,1679,-1,11075640.000,1,0,1,双平,S,3079.6000,3079.2000,3078.8000,3078.6000,3078.0000,3085.4000,3089.4000,3095.0000,3098.0000,3102.0000,2,1,1,1,1,2,5,1,2,2
SF,IH2002,2020-01-06 09:31:37.000,3080.2000,1679,0,11075640.000,0,-,-,-,-,3079.8000,3079.6000,3078.8000,3078.6000,3078.0000,3085.0000,3085.2000,3085.4000,3089.4000,3095.0000,1,2,1,1,1,3,6,2,5,1
SF,IH2002,2020-01-06 09:31:37.500,3080.2000,1679,0,11075640.000,0,-,-,-,-,3080.0000,3079.8000,3079.6000,3078.8000,3078.6000,3084.8000,3085.0000,3085.2000,3085.4000,3089.4000,1,1,1,1,1,4,3,5,2,5
SF,IH2002,2020-01-06 09:31:38.000,3080.2000,1679,0,11075640.000,0,-,-,-,-,3080.2000,3080.0000,3079.6000,3078.8000,3078.6000,3084.4000,3084.8000,3085.2000,3085.4000,3089.4000,1,1,1,1,1,3,4,4,2,5
SF,IH2002,2020-01-06 09:31:38.500,3080.2000,1679,0,11075640.000,0,-,-,-,-,3080.2000,3080.0000,3079.6000,3078.8000,3078.6000,3084.2000,3084.4000,3084.8000,3085.2000,3085.4000,1,1,1,1,1,4,3,3,4,2
SF,IH2002,2020-01-06 09:31:39.000,3080.2000,1679,0,11075640.000,0,-,-,-,-,3080.2000,3080.0000,3079.6000,3078.8000,3078.0000,3083.8000,3084.0000,3084.2000,3084.8000,3085.2000,1,1,1,1,1,3,1,4,3,4
SF,IH2002,2020-01-06 09:31:39.500,3080.2000,1679,0,11075640.000,0,-,-,-,-,3080.2000,3080.0000,3079.6000,3078.8000,3078.0000,3083.6000,3083.8000,3084.0000,3084.2000,3084.8000,1,1,1,1,1,3,3,1,3,3
SF,IH2002,2020-01-06 09:31:40.000,3083.2000,1680,1,12000600.000,1,1,0,双开,S,3080.2000,3080.0000,3079.6000,3078.8000,3078.0000,3083.2000,3083.6000,3084.2000,3084.8000,3085.2000,1,1,1,1,1,2,4,3,3,4
SF,IH2002,2020-01-06 09:31:40.500,3083.2000,1680,0,12000600.000,0,-,-,-,-,3080.4000,3080.2000,3079.6000,3078.8000,3078.0000,3083.0000,3083.2000,3083.6000,3084.2000,3084.8000,2,1,1,1,1,3,1,2,3,3
SF,IH2002,2020-01-06 09:31:41.000,3080.6000,1679,-1,12924780.000,1,0,1,双平,S,3079.6000,3078.8000,3078.0000,3077.4000,3077.0000,3082.8000,3083.0000,3083.6000,3084.2000,3084.8000,1,1,1,1,2,1,3,2,3,3
SF,IH2002,2020-01-06 09:31:41.500,3080.6000,1679,0,12924780.000,0,-,-,-,-,3080.0000,3079.8000,3079.6000,3078.8000,3078.0000,3082.6000,3082.8000,3083.0000,3083.6000,3084.2000,2,1,1,1,1,6,1,2,2,3
SF,IH2002,2020-01-06 09:31:42.000,3080.6000,1679,0,12924780.000,0,-,-,-,-,3080.2000,3080.0000,3079.6000,3078.8000,3078.0000,3082.6000,3082.8000,3083.0000,3083.6000,3084.2000,1,2,1,1,1,5,1,2,2,3
SF,IH2002,2020-01-06 09:31:42.500,3080.6000,1679,0,12924780.000,0,-,-,-,-,3080.0000,3079.6000,3078.8000,3078.0000,3077.4000,3082.6000,3082.8000,3083.0000,3083.6000,3084.2000,2,1,1,1,1,4,1,2,2,3
SF,IH2002,2020-01-06 09:31:43.000,3080.6000,1679,0,12924780.000,0,-,-,-,-,3080.2000,3080.0000,3079.6000,3078.8000,3078.0000,3082.6000,3082.8000,3083.0000,3083.6000,3084.2000,1,2,1,1,1,4,1,2,2,3
SF,IH2002,2020-01-06 09:31:45.000,3080.6000,1679,0,12924780.000,0,-,-,-,-,3080.4000,3080.2000,3079.6000,3078.8000,3078.0000,3082.6000,3082.8000,3083.0000,3083.6000,3084.2000,2,1,1,1,1,4,1,2,2,3
SF,IH2002,2020-01-06 09:31:45.500,3080.6000,1679,0,12924780.000,0,-,-,-,-,3080.6000,3080.4000,3079.6000,3078.8000,3078.0000,3082.6000,3082.8000,3083.0000,3083.6000,3084.2000,1,2,1,1,1,4,1,2,2,3
SF,IH2002,2020-01-06 09:31:46.000,3080.6000,1679,0,12924780.000,0,-,-,-,-,3080.6000,3079.6000,3078.8000,3078.0000,3077.4000,3082.6000,3082.8000,3083.0000,3083.6000,3084.2000,2,1,1,1,1,4,1,2,2,3
SF,IH2002,2020-01-06 09:31:46.500,3080.6000,1679,0,12924780.000,0,-,-,-,-,3080.6000,3079.6000,3078.8000,3078.0000,3077.4000,3082.6000,3083.0000,3083.6000,3084.2000,3084.8000,2,1,1,1,1,4,2,2,3,3
SF,IH2002,2020-01-06 09:31:47.000,3080.6000,1679,0,12924780.000,0,-,-,-,-,3080.8000,3079.6000,3078.8000,3078.0000,3077.4000,3082.6000,3083.0000,3083.6000,3084.2000,3084.8000,2,1,1,1,1,4,2,2,3,3
SF,IH2002,2020-01-06 09:31:47.500,3080.6000,1679,0,12924780.000,0,-,-,-,-,3081.0000,3080.8000,3079.6000,3078.8000,3078.0000,3082.4000,3082.6000,3083.6000,3084.2000,3084.8000,2,2,1,1,1,1,1,2,3,3
SF,IH2002,2020-01-06 09:31:48.000,3080.6000,1679,0,12924780.000,0,-,-,-,-,3079.6000,3078.8000,3078.0000,3077.4000,3077.0000,3082.2000,3082.4000,3083.6000,3084.2000,3084.8000,1,1,1,1,2,1,1,2,3,3
SF,IH2002,2020-01-06 09:31:48.500,3080.6000,1679,0,12924780.000,0,-,-,-,-,3080.0000,3079.8000,3079.6000,3078.8000,3078.0000,3082.2000,3083.6000,3084.2000,3084.8000,3085.2000,2,1,1,1,1,1,2,3,3,4
SF,IH2002,2020-01-06 09:31:49.000,3080.6000,1679,0,12924780.000,0,-,-,-,-,3080.2000,3080.0000,3079.6000,3078.8000,3078.0000,3082.2000,3083.6000,3084.2000,3084.8000,3085.2000,2,4,1,1,1,1,2,3,3,4
SF,IH2002,2020-01-06 09:31:49.500,3080.6000,1679,0,12924780.000,0,-,-,-,-,3080.6000,3080.4000,3080.2000,3079.6000,3078.8000,3082.0000,3082.2000,3083.6000,3084.2000,3084.8000,2,2,2,1,1,1,1,2,3,3
SF,IH2002,2020-01-06 09:31:50.000,3080.6000,1679,0,12924780.000,0,-,-,-,-,3080.8000,3080.6000,3080.4000,3080.2000,3079.6000,3082.0000,3083.6000,3084.2000,3084.8000,3085.2000,2,2,2,1,1,1,2,3,3,4
SF,IH2002,2020-01-06 09:31:50.500,3080.6000,1679,0,12924780.000,0,-,-,-,-,3081.0000,3080.8000,3080.2000,3079.6000,3078.8000,3082.0000,3083.6000,3084.2000,3084.8000,3085.2000,1,1,1,1,1,1,2,3,3,4
SF,IH2002,2020-01-06 09:31:51.000,3080.6000,1679,0,12924780.000,0,-,-,-,-,3081.0000,3080.2000,3079.6000,3078.8000,3078.0000,3081.8000,3083.6000,3084.2000,3084.8000,3085.2000,1,1,1,1,1,1,2,3,3,4
SF,IH2002,2020-01-06 09:31:53.000,3080.6000,1679,0,12924780.000,0,-,-,-,-,3081.0000,3079.6000,3078.8000,3078.0000,3077.0000,3081.8000,3083.6000,3084.2000,3084.8000,3085.2000,1,1,1,1,1,1,2,3,3,4
SF,IH2002,2020-01-06 09:31:55.500,3081.0000,1678,-1,13849080.000,1,0,1,双平,S,3079.6000,3078.8000,3078.0000,3077.0000,3076.8000,3081.8000,3083.6000,3084.2000,3084.8000,3085.2000,1,1,1,1,1,1,2,3,3,4
SF,IH2002,2020-01-06 09:31:56.000,3081.0000,1678,0,13849080.000,0,-,-,-,-,3080.0000,3079.6000,3078.8000,3078.0000,3077.0000,3081.6000,3081.8000,3083.6000,3084.2000,3084.8000,2,1,1,1,1,1,1,2,3,3
SF,IH2002,2020-01-06 09:31:56.500,3081.0000,1678,0,13849080.000,0,-,-,-,-,3080.0000,3079.6000,3078.8000,3078.0000,3077.0000,3081.4000,3081.6000,3083.6000,3084.2000,3084.8000,2,1,1,1,1,1,1,2,3,3
SF,IH2002,2020-01-06 09:31:57.000,3081.0000,1678,0,13849080.000,0,-,-,-,-,3079.6000,3078.8000,3078.0000,3077.0000,3076.8000,3081.4000,3083.6000,3084.2000,3084.8000,3085.2000,1,1,1,1,1,1,2,3,3,4
SF,IH2002,2020-01-06 09:31:57.500,3081.0000,1678,0,13849080.000,0,-,-,-,-,3079.8000,3079.6000,3078.8000,3078.0000,3077.0000,3081.4000,3083.6000,3084.2000,3084.8000,3085.2000,3,1,1,1,1,1,2,3,3,4
SF,IH2002,2020-01-06 09:32:01.500,3081.0000,1678,0,13849080.000,0,-,-,-,-,3079.8000,3079.6000,3078.8000,3078.0000,3077.0000,3081.4000,3083.6000,3084.2000,3084.8000,3085.2000,1,1,1,1,1,1,2,3,3,4
SF,IH2002,2020-01-06 09:32:02.000,3081.0000,1678,0,13849080.000,0,-,-,-,-,3079.8000,3079.6000,3078.8000,3078.0000,3077.0000,3081.2000,3081.4000,3083.6000,3084.2000,3084.8000,1,1,1,1,1,1,1,2,3,3
SF,IH2002,2020-01-06 09:32:02.500,3081.0000,1678,0,13849080.000,0,-,-,-,-,3079.8000,3079.6000,3078.8000,3078.0000,3077.0000,3081.0000,3081.2000,3083.6000,3084.2000,3084.8000,1,1,1,1,1,1,1,2,3,3
SF,IH2002,2020-01-06 09:32:03.000,3081.0000,1678,0,13849080.000,0,-,-,-,-,3079.6000,3078.8000,3078.0000,3077.0000,3076.8000,3081.0000,3081.2000,3083.6000,3084.2000,3084.8000,1,1,1,1,1,1,1,2,3,3
SF,IH2002,2020-01-06 09:32:03.500,3079.6000,1677,-1,14772960.000,1,0,1,双平,S,3078.8000,3078.0000,3077.0000,3076.8000,3076.4000,3081.0000,3081.2000,3083.6000,3084.2000,3084.8000,1,1,1,1,1,1,1,2,3,3
SF,IH2002,2020-01-06 09:32:04.000,3079.6000,1677,0,14772960.000,0,-,-,-,-,3078.8000,3078.0000,3077.0000,3076.8000,3076.4000,3080.8000,3081.0000,3083.6000,3084.2000,3084.8000,1,1,1,1,1,1,1,2,3,3
SF,IH2002,2020-01-06 09:32:04.500,3079.6000,1677,0,14772960.000,0,-,-,-,-,3078.8000,3078.0000,3077.0000,3076.8000,3076.4000,3080.6000,3080.8000,3083.6000,3084.2000,3084.8000,1,1,1,1,1,1,1,2,3,3
SF,IH2002,2020-01-06 09:32:05.000,3079.6000,1677,0,14772960.000,0,-,-,-,-,3079.0000,3078.8000,3078.0000,3077.0000,3076.8000,3080.4000,3080.6000,3083.6000,3084.2000,3084.8000,2,1,1,1,1,1,1,2,3,3
SF,IH2002,2020-01-06 09:32:05.500,3079.6000,1677,0,14772960.000,0,-,-,-,-,3079.0000,3078.8000,3078.0000,3077.0000,3076.8000,3080.2000,3080.4000,3083.6000,3084.2000,3084.8000,2,1,1,1,1,1,1,2,3,3
SF,IH2002,2020-01-06 09:32:06.500,3079.6000,1677,0,14772960.000,0,-,-,-,-,3079.2000,3079.0000,3078.8000,3078.0000,3077.0000,3080.2000,3083.6000,3084.2000,3084.8000,3085.2000,1,2,1,1,1,1,2,3,3,4
SF,IH2002,2020-01-06 09:32:07.000,3079.6000,1677,0,14772960.000,0,-,-,-,-,3078.8000,3078.0000,3077.0000,3076.8000,3076.4000,3080.2000,3083.6000,3084.2000,3084.8000,3085.2000,1,1,1,1,1,1,2,3,3,4
SF,IH2002,2020-01-06 09:32:07.500,3079.6000,1677,0,14772960.000,0,-,-,-,-,3079.2000,3079.0000,3078.8000,3078.0000,3077.0000,3080.2000,3083.6000,3084.2000,3084.8000,3085.2000,2,1,1,1,1,1,2,3,3,4
SF,IH2002,2020-01-06 09:32:10.000,3079.6000,1677,0,14772960.000,0,-,-,-,-,3079.0000,3078.0000,3076.8000,3076.0000,3074.2000,3079.2000,3080.2000,3083.6000,3084.2000,3084.8000,1,1,1,1,5,1,1,2,3,3
SF,IH2002,2020-01-06 09:32:10.500,3079.0000,1676,-1,16620420.000,2,0,2,多平,S,3078.0000,3076.8000,3076.0000,3074.2000,3045.0000,3083.6000,3084.2000,3084.8000,3085.2000,3085.4000,1,1,1,5,1,2,3,3,4,2
SF,IH2002,2020-01-06 09:32:11.000,3079.0000,1676,0,16620420.000,0,-,-,-,-,3078.0000,3076.8000,3076.0000,3074.2000,3045.0000,3081.6000,3083.2000,3083.4000,3083.6000,3084.2000,1,1,1,5,1,1,2,4,2,3
SF,IH2002,2020-01-06 09:32:11.500,3079.0000,1676,0,16620420.000,0,-,-,-,-,3078.0000,3076.8000,3076.0000,3074.2000,3045.0000,3081.2000,3081.4000,3081.6000,3083.4000,3083.6000,1,1,1,5,1,2,5,1,3,2
SF,IH2002,2020-01-06 09:32:12.000,3079.0000,1676,0,16620420.000,0,-,-,-,-,3078.0000,3076.8000,3076.0000,3074.2000,3045.0000,3081.0000,3081.2000,3081.4000,3081.6000,3083.4000,1,1,1,5,1,6,2,4,1,3
SF,IH2002,2020-01-06 09:32:12.500,3079.0000,1676,0,16620420.000,0,-,-,-,-,3076.8000,3076.0000,3074.2000,3045.0000,3001.6000,3080.6000,3081.0000,3081.4000,3081.6000,3083.4000,1,1,5,1,1,2,6,4,1,3
SF,IH2002,2020-01-06 09:32:13.000,3079.0000,1676,0,16620420.000,0,-,-,-,-,3077.2000,3076.0000,3074.2000,3045.0000,3001.6000,3080.4000,3080.6000,3081.0000,3081.4000,3081.6000,2,1,5,1,1,3,1,5,4,1
SF,IH2002,2020-01-06 09:32:13.500,3079.0000,1676,0,16620420.000,0,-,-,-,-,3077.4000,3077.2000,3076.0000,3074.2000,3045.0000,3080.2000,3080.4000,3081.0000,3081.4000,3081.6000,1,2,1,5,1,1,3,5,4,1
SF,IH2002,2020-01-06 09:32:14.000,3079.0000,1676,0,16620420.000,0,-,-,-,-,3077.8000,3077.4000,3076.0000,3074.2000,3045.0000,3080.0000,3080.2000,3080.4000,3081.0000,3081.4000,2,1,1,5,1,1,1,2,4,4
SF,IH2002,2020-01-06 09:32:14.500,3079.0000,1676,0,16620420.000,0,-,-,-,-,3078.0000,3077.8000,3077.4000,3076.0000,3074.2000,3080.0000,3080.4000,3081.0000,3081.4000,3081.6000,1,2,1,1,5,1,2,4,4,1
SF,IH2002,2020-01-06 09:32:15.000,3079.0000,1676,0,16620420.000,0,-,-,-,-,3078.2000,3078.0000,3077.4000,3076.0000,3074.2000,3080.0000,3081.0000,3081.4000,3081.6000,3083.4000,2,1,1,1,5,1,4,4,1,3
SF,IH2002,2020-01-06 09:32:15.500,3079.0000,1676,0,16620420.000,0,-,-,-,-,3078.4000,3078.2000,3078.0000,3077.4000,3076.0000,3080.0000,3081.0000,3081.4000,3081.6000,3083.4000,1,2,1,1,1,1,4,4,1,3
SF,IH2002,2020-01-06 09:32:16.000,3079.0000,1676,0,16620420.000,0,-,-,-,-,3078.6000,3078.4000,3078.0000,3077.4000,3076.0000,3080.0000,3081.0000,3081.4000,3081.6000,3083.4000,2,1,1,1,1,1,4,4,1,3
SF,IH2002,2020-01-06 09:32:16.500,3079.0000,1676,0,16620420.000,0,-,-,-,-,3078.6000,3078.4000,3078.0000,3077.4000,3076.0000,3080.0000,3081.0000,3081.4000,3083.4000,3083.6000,2,1,1,1,1,1,4,4,3,1
SF,IH2002,2020-01-06 09:32:17.000,3079.0000,1676,0,16620420.000,0,-,-,-,-,3078.8000,3078.6000,3078.4000,3078.0000,3077.4000,3080.0000,3081.4000,3083.4000,3083.6000,3084.2000,2,2,1,1,1,1,4,3,1,2
SF,IH2002,2020-01-06 09:32:17.500,3079.0000,1676,0,16620420.000,0,-,-,-,-,3079.2000,3078.8000,3078.4000,3078.0000,3077.4000,3080.0000,3081.4000,3083.4000,3083.6000,3084.2000,2,1,1,1,1,1,3,3,1,2
SF,IH2002,2020-01-06 09:32:18.000,3079.0000,1676,0,16620420.000,0,-,-,-,-,3079.2000,3078.8000,3078.4000,3077.4000,3076.0000,3080.0000,3081.4000,3083.4000,3083.6000,3084.2000,2,1,1,1,1,1,3,3,1,2
SF,IH2002,2020-01-06 09:32:18.500,3080.0000,1676,0,17544420.000,1,0,1,多换,S,3079.2000,3076.0000,3074.2000,3045.0000,3001.6000,3081.4000,3083.4000,3083.6000,3084.2000,3084.8000,2,1,5,1,1,3,3,1,2,2
SF,IH2002,2020-01-06 09:32:19.000,3080.0000,1676,0,17544420.000,0,-,-,-,-,3079.2000,3076.0000,3074.2000,3045.0000,3001.6000,3081.2000,3081.4000,3083.4000,3083.6000,3084.2000,2,1,5,1,1,4,3,3,1,2
SF,IH2002,2020-01-06 09:32:19.500,3079.2000,1677,1,18468180.000,1,1,0,双开,S,3079.2000,3076.0000,3074.2000,3045.0000,3001.6000,3081.2000,3081.4000,3083.4000,3083.6000,3084.2000,1,1,5,1,1,2,3,3,1,2
SF,IH2002,2020-01-06 09:32:20.000,3079.2000,1677,0,18468180.000,0,-,-,-,-,3076.0000,3074.2000,3045.0000,3001.6000,2875.0000,3081.0000,3081.2000,3081.4000,3083.4000,3083.6000,1,5,1,1,3,2,2,3,3,1
SF,IH2002,2020-01-06 09:32:20.500,3079.2000,1677,0,18468180.000,0,-,-,-,-,3076.8000,3076.4000,3076.2000,3076.0000,3074.2000,3080.8000,3081.0000,3081.2000,3081.4000,3083.4000,1,4,1,1,5,2,2,1,3,3
SF,IH2002,2020-01-06 09:32:21.000,3079.2000,1677,0,18468180.000,0,-,-,-,-,3078.2000,3077.2000,3077.0000,3076.8000,3076.4000,3080.8000,3081.2000,3081.4000,3083.4000,3083.6000,1,1,1,1,2,2,1,3,3,1
SF,IH2002,2020-01-06 09:32:21.500,3079.2000,1677,0,18468180.000,0,-,-,-,-,3078.4000,3078.2000,3076.8000,3076.4000,3076.0000,3080.8000,3081.2000,3081.4000,3083.4000,3083.6000,1,1,1,2,1,2,1,3,3,1
SF,IH2002,2020-01-06 09:32:22.000,3079.2000,1677,0,18468180.000,0,-,-,-,-,3078.6000,3078.4000,3078.2000,3076.8000,3076.4000,3080.8000,3081.4000,3083.4000,3083.6000,3084.2000,1,1,1,1,2,2,3,3,1,2
SF,IH2002,2020-01-06 09:32:22.500,3079.2000,1677,0,18468180.000,0,-,-,-,-,3079.0000,3078.8000,3078.6000,3078.2000,3076.8000,3080.8000,3081.4000,3083.4000,3083.6000,3084.2000,1,1,1,1,1,2,3,3,1,2
SF,IH2002,2020-01-06 09:32:23.000,3080.8000,1677,0,19392420.000,1,0,1,多换,S,3080.0000,3078.8000,3078.6000,3076.8000,3076.4000,3081.4000,3083.4000,3083.6000,3084.2000,3084.8000,5,2,1,1,2,3,3,1,2,2
SF,IH2002,2020-01-06 09:32:23.500,3080.8000,1677,0,19392420.000,0,-,-,-,-,3080.0000,3078.8000,3076.8000,3076.4000,3076.0000,3081.0000,3081.2000,3081.4000,3083.4000,3083.6000,5,2,1,2,1,2,1,3,3,1
SF,IH2002,2020-01-06 09:32:24.000,3080.8000,1677,0,19392420.000,0,-,-,-,-,3080.2000,3080.0000,3078.8000,3076.8000,3076.4000,3083.4000,3083.6000,3084.2000,3084.8000,3085.2000,2,5,1,1,2,3,1,2,2,3
SF,IH2002,2020-01-06 09:32:24.500,3080.8000,1677,0,19392420.000,0,-,-,-,-,3080.4000,3080.2000,3080.0000,3078.8000,3076.8000,3083.0000,3083.2000,3083.4000,3083.6000,3084.2000,1,2,5,1,1,2,4,3,1,2
SF,IH2002,2020-01-06 09:32:25.000,3080.8000,1677,0,19392420.000,0,-,-,-,-,3080.6000,3080.4000,3080.0000,3078.8000,3076.8000,3082.8000,3083.0000,3083.2000,3083.4000,3083.6000,1,1,5,1,1,4,2,3,3,1
SF,IH2002,2020-01-06 09:32:25.500,3080.8000,1677,0,19392420.000,0,-,-,-,-,3080.0000,3078.8000,3076.8000,3076.4000,3076.0000,3082.6000,3082.8000,3083.2000,3083.4000,3083.6000,5,1,1,2,1,3,4,3,3,1
SF,IH2002,2020-01-06 09:32:26.000,3080.8000,1677,0,19392420.000,0,-,-,-,-,3080.0000,3078.8000,3076.8000,3076.4000,3076.0000,3082.4000,3082.6000,3082.8000,3083.2000,3083.4000,5,1,1,2,1,2,3,3,3,3
SF,IH2002,2020-01-06 09:32:26.500,3080.8000,1677,0,19392420.000,0,-,-,-,-,3080.2000,3080.0000,3078.8000,3076.8000,3076.4000,3082.2000,3082.4000,3082.6000,3082.8000,3083.2000,1,5,1,1,2,2,2,1,3,3
SF,IH2002,2020-01-06 09:32:27.000,3080.8000,1677,0,19392420.000,0,-,-,-,-,3080.2000,3080.0000,3078.8000,3076.8000,3076.4000,3082.0000,3082.2000,3082.4000,3082.6000,3082.8000,1,5,1,1,2,4,2,1,1,3
SF,IH2002,2020-01-06 09:32:27.500,3080.8000,1677,0,19392420.000,0,-,-,-,-,3080.2000,3080.0000,3078.8000,3076.8000,3076.4000,3082.0000,3082.2000,3082.4000,3082.8000,3083.2000,1,5,1,1,2,4,2,1,3,3
SF,IH2002,2020-01-06 09:32:28.000,3080.8000,1677,0,19392420.000,0,-,-,-,-,3080.0000,3078.8000,3076.8000,3076.4000,3076.0000,3082.0000,3082.2000,3082.4000,3082.8000,3083.2000,5,1,1,2,1,4,2,1,3,3
SF,IH2002,2020-01-06 09:32:28.500,3080.8000,1677,0,19392420.000,0,-,-,-,-,3080.2000,3080.0000,3076.8000,3076.4000,3076.0000,3082.0000,3082.2000,3082.4000,3082.8000,3083.2000,1,5,1,2,1,4,2,1,3,3
SF,IH2002,2020-01-06 09:32:29.000,3080.8000,1677,0,19392420.000,0,-,-,-,-,3080.2000,3080.0000,3076.8000,3076.4000,3076.0000,3082.0000,3082.2000,3082.4000,3082.8000,3083.2000,1,5,1,2,1,4,2,1,3,3
SF,IH2002,2020-01-06 09:32:29.500,3080.8000,1677,0,19392420.000,0,-,-,-,-,3080.2000,3080.0000,3076.8000,3076.4000,3076.0000,3082.0000,3082.2000,3082.4000,3082.8000,3083.2000,1,5,1,2,1,2,2,1,3,3
SF,IH2002,2020-01-06 09:32:30.000,3080.8000,1677,0,19392420.000,0,-,-,-,-,3080.2000,3080.0000,3076.8000,3076.4000,3076.0000,3081.8000,3082.0000,3082.2000,3082.4000,3082.8000,1,5,1,2,1,1,2,2,1,3
SF,IH2002,2020-01-06 09:32:30.500,3080.8000,1677,0,19392420.000,0,-,-,-,-,3080.2000,3080.0000,3076.8000,3076.4000,3076.0000,3081.6000,3081.8000,3082.0000,3082.2000,3082.4000,1,5,1,2,1,2,1,1,2,1
SF,IH2002,2020-01-06 09:32:31.000,3080.8000,1677,0,19392420.000,0,-,-,-,-,3080.2000,3080.0000,3076.8000,3076.4000,3076.0000,3081.4000,3081.6000,3081.8000,3082.0000,3082.2000,1,5,1,2,1,1,2,1,1,2
SF,IH2002,2020-01-06 09:32:31.500,3080.8000,1677,0,19392420.000,0,-,-,-,-,3080.0000,3076.8000,3076.4000,3076.0000,3074.2000,3081.0000,3081.2000,3081.4000,3081.6000,3081.8000,5,1,2,1,5,2,1,1,1,1
SF,IH2002,2020-01-06 09:32:32.000,3080.8000,1677,0,19392420.000,0,-,-,-,-,3080.0000,3076.8000,3076.4000,3076.0000,3074.2000,3080.8000,3081.0000,3081.4000,3081.6000,3081.8000,5,1,2,1,5,1,2,1,1,1
SF,IH2002,2020-01-06 09:32:32.500,3080.0000,1676,-1,20316420.000,1,0,1,双平,S,3080.0000,3076.4000,3076.0000,3074.2000,3072.0000,3080.8000,3081.4000,3081.6000,3081.8000,3082.0000,4,2,1,5,1,1,1,1,1,1
SF,IH2002,2020-01-06 09:32:33.000,3080.0000,1675,-1,21240420.000,1,0,1,双平,S,3080.0000,3076.4000,3076.0000,3074.2000,3072.0000,3080.8000,3081.4000,3081.6000,3081.8000,3082.0000,3,2,1,5,1,1,1,1,1,1
SF,IH2002,2020-01-06 09:32:33.500,3080.0000,1675,0,21240420.000,0,-,-,-,-,3080.0000,3076.4000,3076.0000,3074.2000,3072.0000,3080.6000,3080.8000,3081.4000,3081.6000,3081.8000,3,2,1,5,1,2,1,1,1,1
SF,IH2002,2020-01-06 09:32:34.000,3080.0000,1674,-1,22164420.000,1,0,1,双平,S,3080.0000,3076.4000,3076.0000,3074.2000,3072.0000,3080.6000,3080.8000,3081.4000,3081.6000,3081.8000,2,2,1,5,1,2,1,1,1,1
SF,IH2002,2020-01-06 09:32:34.500,3080.0000,1674,0,22164420.000,0,-,-,-,-,3080.0000,3076.4000,3076.0000,3074.2000,3072.0000,3080.6000,3080.8000,3081.4000,3081.6000,3081.8000,2,2,1,5,1,2,1,1,1,1
SF,IH2002,2020-01-06 09:32:35.000,3080.0000,1674,0,23088420.000,1,0,1,多换,S,3080.0000,3076.4000,3076.0000,3074.2000,3072.0000,3080.6000,3080.8000,3081.4000,3081.6000,3081.8000,1,2,1,5,1,2,1,1,1,1
SF,IH2002,2020-01-06 09:32:35.500,3080.0000,1674,0,23088420.000,0,-,-,-,-,3080.0000,3076.4000,3076.0000,3074.2000,3072.0000,3080.6000,3080.8000,3081.4000,3081.8000,3082.0000,1,2,1,5,1,2,1,1,1,1
SF,IH2002,2020-01-06 09:32:36.000,3080.0000,1674,0,24012420.000,1,0,1,多换,S,3076.4000,3076.0000,3074.2000,3072.0000,3045.0000,3080.8000,3081.4000,3081.8000,3082.4000,3082.8000,2,1,5,1,1,1,1,1,1,3
SF,IH2002,2020-01-06 09:32:36.500,3080.0000,1674,0,24012420.000,0,-,-,-,-,3076.8000,3076.6000,3076.4000,3076.0000,3074.2000,3080.8000,3081.4000,3081.8000,3082.4000,3082.8000,3,2,2,1,5,1,1,1,1,3
SF,IH2002,2020-01-06 09:32:37.000,3080.0000,1674,0,24012420.000,0,-,-,-,-,3078.6000,3077.2000,3077.0000,3076.8000,3076.6000,3080.8000,3081.4000,3081.8000,3082.4000,3082.8000,1,2,1,2,1,1,1,1,1,3
SF,IH2002,2020-01-06 09:32:37.500,3080.0000,1674,0,24012420.000,0,-,-,-,-,3078.8000,3078.6000,3076.8000,3076.6000,3076.0000,3080.8000,3081.4000,3081.8000,3082.4000,3082.8000,1,1,1,1,1,1,1,1,1,3
SF,IH2002,2020-01-06 09:32:38.000,3080.0000,1674,0,24012420.000,0,-,-,-,-,3078.6000,3076.8000,3076.0000,3074.2000,3072.0000,3080.4000,3080.6000,3080.8000,3081.4000,3081.8000,1,1,1,5,1,2,4,1,1,1
SF,IH2002,2020-01-06 09:32:38.500,3080.0000,1674,0,24012420.000,0,-,-,-,-,3078.8000,3078.6000,3076.8000,3076.0000,3074.2000,3080.2000,3080.6000,3081.4000,3081.8000,3082.4000,2,1,1,1,5,1,4,1,1,1
SF,IH2002,2020-01-06 09:32:39.000,3080.0000,1674,0,24012420.000,0,-,-,-,-,3078.8000,3078.6000,3076.8000,3076.0000,3074.2000,3080.2000,3080.6000,3081.4000,3081.8000,3082.4000,2,1,1,1,5,1,1,1,1,1
SF,IH2002,2020-01-06 09:32:39.500,3080.0000,1674,0,24012420.000,0,-,-,-,-,3078.8000,3078.6000,3076.8000,3076.0000,3074.2000,3080.2000,3081.4000,3081.8000,3082.4000,3082.8000,1,1,1,1,5,1,1,1,1,3
SF,IH2002,2020-01-06 09:32:40.000,3080.0000,1674,0,24012420.000,0,-,-,-,-,3079.0000,3078.8000,3076.8000,3076.0000,3074.2000,3080.2000,3081.4000,3081.8000,3082.4000,3082.8000,1,1,1,1,5,1,1,1,1,3
SF,IH2002,2020-01-06 09:32:41.000,3080.0000,1674,0,24012420.000,0,-,-,-,-,3079.2000,3079.0000,3078.8000,3076.8000,3076.0000,3080.2000,3081.4000,3081.8000,3082.4000,3082.8000,1,1,1,1,1,1,1,1,1,3
SF,IH2002,2020-01-06 09:32:41.500,3080.0000,1674,0,24012420.000,0,-,-,-,-,3079.0000,3078.8000,3076.8000,3076.0000,3074.2000,3080.2000,3081.4000,3081.8000,3082.4000,3082.8000,1,1,1,1,5,1,1,1,1,3
SF,IH2002,2020-01-06 09:32:42.000,3080.0000,1674,0,24012420.000,0,-,-,-,-,3079.2000,3079.0000,3078.8000,3076.8000,3076.0000,3080.2000,3081.4000,3081.8000,3082.4000,3082.8000,1,1,1,1,1,1,1,1,1,3
SF,IH2002,2020-01-06 09:32:42.500,3080.0000,1674,0,24012420.000,0,-,-,-,-,3079.0000,3078.8000,3076.8000,3076.0000,3074.2000,3080.2000,3081.4000,3081.8000,3082.4000,3082.8000,1,1,1,1,5,1,1,1,1,3
SF,IH2002,2020-01-06 09:32:43.000,3080.0000,1674,0,24012420.000,0,-,-,-,-,3079.2000,3079.0000,3078.8000,3076.8000,3076.0000,3080.2000,3081.4000,3081.8000,3082.4000,3082.8000,1,1,1,1,1,1,1,1,1,3
SF,IH2002,2020-01-06 09:32:44.500,3080.0000,1674,0,24012420.000,0,-,-,-,-,3079.0000,3078.8000,3076.8000,3076.0000,3074.2000,3080.2000,3081.4000,3081.8000,3082.4000,3082.8000,1,1,1,1,5,1,1,1,1,3
SF,IH2002,2020-01-06 09:32:46.000,3079.0000,1674,0,24936120.000,1,0,1,多换,S,3078.8000,3076.8000,3076.0000,3074.2000,3072.0000,3080.2000,3081.4000,3081.8000,3082.4000,3082.8000,1,1,1,5,1,1,1,1,1,3
SF,IH2002,2020-01-06 09:32:46.500,3079.0000,1674,0,24936120.000,0,-,-,-,-,3076.8000,3076.0000,3074.2000,3072.0000,3045.0000,3080.2000,3081.4000,3081.8000,3082.4000,3082.8000,1,1,5,1,1,1,1,1,1,3
SF,IH2002,2020-01-06 09:32:47.000,3079.0000,1674,0,24936120.000,0,-,-,-,-,3077.2000,3077.0000,3076.8000,3076.0000,3074.2000,3080.0000,3080.2000,3081.4000,3081.8000,3082.4000,1,2,1,1,5,1,1,1,1,1
SF,IH2002,2020-01-06 09:32:47.500,3079.0000,1674,0,24936120.000,0,-,-,-,-,3077.4000,3077.2000,3077.0000,3076.8000,3076.0000,3079.8000,3081.4000,3081.8000,3082.4000,3082.8000,1,1,1,1,1,1,1,1,1,3
SF,IH2002,2020-01-06 09:32:48.000,3079.0000,1674,0,24936120.000,0,-,-,-,-,3077.8000,3077.6000,3077.4000,3077.0000,3076.8000,3079.8000,3081.4000,3081.8000,3082.4000,3082.8000,1,1,1,1,1,1,1,1,1,3
SF,IH2002,2020-01-06 09:32:48.500,3079.0000,1674,0,24936120.000,0,-,-,-,-,3078.0000,3077.8000,3077.6000,3077.0000,3076.8000,3079.8000,3081.4000,3081.8000,3082.4000,3082.8000,1,1,1,1,1,1,1,1,1,3
SF,IH2002,2020-01-06 09:32:49.000,3079.0000,1674,0,24936120.000,0,-,-,-,-,3078.2000,3078.0000,3077.8000,3077.6000,3077.0000,3079.8000,3081.4000,3081.8000,3082.4000,3082.8000,1,1,1,1,1,1,1,1,1,3
SF,IH2002,2020-01-06 09:32:49.500,3079.0000,1674,0,24936120.000,0,-,-,-,-,3078.6000,3078.4000,3078.2000,3077.6000,3077.0000,3079.8000,3081.4000,3081.8000,3082.4000,3082.8000,1,1,1,1,1,1,1,1,1,3
SF,IH2002,2020-01-06 09:32:50.000,3079.0000,1674,0,24936120.000,0,-,-,-,-,3080.0000,3078.8000,3078.6000,3078.2000,3077.6000,3081.4000,3081.8000,3082.4000,3082.8000,3083.2000,5,1,1,1,1,1,1,1,3,3
SF,IH2002,2020-01-06 09:32:50.500,3079.0000,1674,0,24936120.000,0,-,-,-,-,3080.0000,3078.6000,3078.2000,3077.6000,3076.8000,3081.2000,3081.4000,3081.8000,3082.4000,3082.8000,5,1,1,1,1,2,1,1,1,3
SF,IH2002,2020-01-06 09:32:51.000,3080.0000,1674,0,25860120.000,1,0,1,多换,S,3080.0000,3078.6000,3078.2000,3076.8000,3076.0000,3081.2000,3081.4000,3081.8000,3082.4000,3082.8000,4,1,1,1,1,2,1,1,1,3
SF,IH2002,2020-01-06 09:32:51.500,3080.0000,1673,-1,26784120.000,1,0,1,双平,S,3080.0000,3076.8000,3076.0000,3074.2000,3072.0000,3080.8000,3081.2000,3081.4000,3081.8000,3082.4000,3,1,1,5,1,2,1,1,1,1
SF,IH2002,2020-01-06 09:32:52.000,3080.0000,1673,0,26784120.000,0,-,-,-,-,3080.0000,3076.8000,3076.0000,3074.2000,3072.0000,3081.2000,3081.4000,3081.8000,3082.4000,3082.8000,3,1,1,5,1,1,1,1,1,3
SF,IH2002,2020-01-06 09:32:52.500,3080.0000,1673,0,26784120.000,0,-,-,-,-,3080.0000,3076.8000,3076.0000,3074.2000,3072.0000,3081.0000,3081.2000,3081.4000,3081.8000,3082.4000,3,1,1,5,1,2,1,1,1,1
SF,IH2002,2020-01-06 09:32:55.000,3080.0000,1673,0,27708120.000,1,0,1,多换,S,3080.0000,3076.8000,3076.0000,3074.2000,3072.0000,3081.0000,3081.2000,3081.4000,3081.8000,3082.4000,2,1,1,5,1,2,1,1,1,1
SF,IH2002,2020-01-06 09:32:55.500,3080.0000,1673,0,27708120.000,0,-,-,-,-,3080.0000,3076.8000,3076.0000,3074.2000,3072.0000,3081.0000,3081.2000,3081.4000,3081.8000,3082.4000,2,1,1,5,1,2,1,1,1,1
SF,IH2002,2020-01-06 09:32:56.000,3080.0000,1673,0,27708120.000,0,-,-,-,-,3080.0000,3076.8000,3076.0000,3074.2000,3072.0000,3081.0000,3081.2000,3081.4000,3081.8000,3082.4000,2,1,1,5,1,2,1,1,1,1
SF,IH2002,2020-01-06 09:32:56.500,3080.0000,1673,0,27708120.000,0,-,-,-,-,3080.0000,3076.8000,3076.0000,3074.2000,3072.0000,3081.0000,3081.2000,3081.4000,3081.8000,3082.4000,2,1,1,5,1,2,1,1,1,1
SF,IH2002,2020-01-06 09:32:58.000,3080.0000,1673,0,28632120.000,1,0,1,多换,S,3080.0000,3076.8000,3076.0000,3074.2000,3072.0000,3081.0000,3081.4000,3081.8000,3082.4000,3082.8000,1,1,1,5,1,1,1,1,1,3
SF,IH2002,2020-01-06 09:32:59.500,3080.0000,1673,0,28632120.000,0,-,-,-,-,3080.0000,3076.8000,3076.0000,3074.2000,3072.0000,3080.8000,3081.0000,3081.4000,3081.8000,3082.4000,1,1,1,5,1,1,1,1,1,1
SF,IH2002,2020-01-06 09:33:00.500,3080.0000,1673,0,28632120.000,0,-,-,-,-,3080.0000,3076.8000,3076.0000,3074.2000,3072.0000,3081.0000,3081.4000,3081.8000,3082.4000,3082.8000,1,1,1,5,1,1,1,1,1,3
SF,IH2002,2020-01-06 09:33:01.500,3080.0000,1673,0,28632120.000,0,-,-,-,-,3080.0000,3076.8000,3076.0000,3074.2000,3072.0000,3080.8000,3081.0000,3081.4000,3081.8000,3082.4000,1,1,1,5,1,2,1,1,1,1
SF,IH2002,2020-01-06 09:33:02.000,3080.0000,1673,0,28632120.000,0,-,-,-,-,3080.0000,3076.8000,3076.0000,3074.2000,3072.0000,3080.8000,3081.0000,3081.4000,3081.8000,3082.4000,1,1,1,5,1,2,1,1,1,1
SF,IH2002,2020-01-06 09:33:02.500,3080.0000,1673,0,28632120.000,0,-,-,-,-,3080.0000,3076.8000,3076.0000,3074.2000,3072.0000,3080.8000,3081.0000,3081.4000,3081.8000,3082.4000,1,1,1,5,1,2,1,1,1,1
SF,IH2002,2020-01-06 09:33:03.500,3080.0000,1673,0,28632120.000,0,-,-,-,-,3080.0000,3076.8000,3076.0000,3074.2000,3072.0000,3081.0000,3081.4000,3081.8000,3082.4000,3082.8000,1,1,1,5,1,1,1,1,1,3
SF,IH2002,2020-01-06 09:33:04.000,3080.0000,1673,0,28632120.000,0,-,-,-,-,3080.0000,3076.8000,3076.0000,3074.2000,3072.0000,3081.4000,3081.8000,3082.4000,3082.8000,3083.2000,1,1,1,5,1,1,1,1,3,3
SF,IH2002,2020-01-06 09:33:04.500,3080.0000,1673,0,28632120.000,0,-,-,-,-,3080.0000,3076.8000,3076.0000,3074.2000,3072.0000,3081.2000,3081.4000,3081.8000,3082.4000,3082.8000,1,1,1,5,1,3,1,1,1,3
SF,IH2002,2020-01-06 09:33:05.000,3080.0000,1673,0,28632120.000,0,-,-,-,-,3080.0000,3076.8000,3076.0000,3074.2000,3072.0000,3081.2000,3081.4000,3081.8000,3082.4000,3082.8000,1,1,1,5,1,3,1,1,1,3
SF,IH2002,2020-01-06 09:33:05.500,3080.0000,1673,0,28632120.000,0,-,-,-,-,3080.0000,3076.8000,3076.0000,3074.2000,3072.0000,3080.8000,3081.2000,3081.4000,3081.8000,3082.4000,1,1,1,5,1,2,3,1,1,1
SF,IH2002,2020-01-06 09:33:06.000,3080.0000,1673,0,28632120.000,0,-,-,-,-,3080.0000,3076.8000,3076.0000,3074.2000,3072.0000,3080.6000,3081.2000,3081.4000,3081.8000,3082.4000,1,1,1,5,1,2,3,1,1,1
SF,IH2002,2020-01-06 09:33:08.500,3080.0000,1673,0,29556120.000,1,0,1,多换,S,3076.8000,3076.0000,3074.2000,3072.0000,3045.0000,3081.2000,3081.4000,3081.8000,3082.4000,3082.8000,1,1,5,1,1,3,1,1,1,3
SF,IH2002,2020-01-06 09:33:09.000,3080.0000,1673,0,29556120.000,0,-,-,-,-,3077.2000,3077.0000,3076.8000,3076.0000,3074.2000,3081.0000,3081.2000,3081.4000,3081.8000,3082.4000,1,2,1,1,5,6,3,1,1,1
SF,IH2002,2020-01-06 09:33:09.500,3080.0000,1673,0,29556120.000,0,-,-,-,-,3077.4000,3077.2000,3077.0000,3076.8000,3076.0000,3080.8000,3081.0000,3081.2000,3081.4000,3081.8000,2,1,1,1,1,1,6,2,1,1
SF,IH2002,2020-01-06 09:33:10.000,3080.0000,1673,0,29556120.000,0,-,-,-,-,3077.8000,3077.4000,3077.0000,3076.8000,3076.0000,3080.6000,3080.8000,3081.0000,3081.2000,3081.4000,1,1,1,1,1,6,1,4,2,1
SF,IH2002,2020-01-06 09:33:10.500,3080.0000,1673,0,29556120.000,0,-,-,-,-,3078.0000,3076.0000,3074.2000,3072.0000,3045.0000,3080.4000,3080.6000,3081.0000,3081.2000,3081.4000,1,1,5,1,1,1,6,4,2,1
SF,IH2002,2020-01-06 09:33:11.000,3080.0000,1673,0,29556120.000,0,-,-,-,-,3078.0000,3076.0000,3074.2000,3072.0000,3045.0000,3080.2000,3080.4000,3080.6000,3081.0000,3081.2000,1,1,5,1,1,1,1,4,4,2
SF,IH2002,2020-01-06 09:33:11.500,3080.0000,1673,0,29556120.000,0,-,-,-,-,3076.0000,3074.2000,3072.0000,3045.0000,3001.6000,3079.8000,3080.0000,3080.2000,3080.6000,3081.0000,1,5,1,1,1,2,2,1,4,4
SF,IH2002,2020-01-06 09:33:12.000,3080.0000,1673,0,29556120.000,0,-,-,-,-,3076.4000,3076.2000,3076.0000,3074.2000,3072.0000,3079.6000,3079.8000,3080.0000,3080.2000,3080.6000,1,2,1,5,1,3,2,1,1,4
SF,IH2002,2020-01-06 09:33:12.500,3080.0000,1673,0,29556120.000,0,-,-,-,-,3076.6000,3076.4000,3076.2000,3076.0000,3074.2000,3079.4000,3080.0000,3080.2000,3080.6000,3080.8000,4,1,1,1,5,1,1,1,4,1
SF,IH2002,2020-01-06 09:33:13.000,3080.0000,1673,0,29556120.000,0,-,-,-,-,3077.0000,3076.6000,3076.2000,3076.0000,3074.2000,3079.2000,3079.4000,3080.0000,3080.2000,3080.6000,1,2,1,1,5,1,1,1,1,4
SF,IH2002,2020-01-06 09:33:13.500,3080.0000,1673,0,29556120.000,0,-,-,-,-,3077.2000,3077.0000,3076.6000,3076.2000,3076.0000,3079.0000,3079.2000,3079.4000,3080.0000,3080.2000,1,1,1,1,1,1,1,1,1,1
SF,IH2002,2020-01-06 09:33:14.000,3080.0000,1673,0,29556120.000,0,-,-,-,-,3077.6000,3077.2000,3076.6000,3076.2000,3076.0000,3078.8000,3079.0000,3079.4000,3080.0000,3080.2000,1,1,1,1,1,1,1,1,1,1
SF,IH2002,2020-01-06 09:33:14.500,3080.0000,1673,0,30480120.000,1,0,1,多换,S,3077.2000,3076.6000,3076.2000,3076.0000,3074.2000,3079.0000,3079.4000,3080.0000,3080.2000,3080.6000,1,1,1,1,5,1,1,1,1,4
SF,IH2002,2020-01-06 09:33:15.000,3080.0000,1673,0,30480120.000,0,-,-,-,-,3077.4000,3077.2000,3076.6000,3076.2000,3076.0000,3079.4000,3080.0000,3080.2000,3080.6000,3080.8000,2,1,1,1,1,1,1,1,4,1
SF,IH2002,2020-01-06 09:33:15.500,3080.0000,1673,0,30480120.000,0,-,-,-,-,3077.6000,3077.4000,3076.2000,3076.0000,3074.2000,3079.2000,3079.4000,3080.0000,3080.2000,3080.6000,1,1,1,1,5,2,1,1,1,4
SF,IH2002,2020-01-06 09:33:16.000,3080.0000,1673,0,30480120.000,0,-,-,-,-,3077.6000,3076.2000,3076.0000,3074.2000,3072.0000,3079.0000,3079.2000,3079.4000,3080.0000,3080.2000,1,1,1,5,1,1,2,1,1,1
SF,IH2002,2020-01-06 09:33:16.500,3080.0000,1673,0,30480120.000,0,-,-,-,-,3076.0000,3072.0000,3070.4000,3045.0000,3001.6000,3078.8000,3079.0000,3079.2000,3079.4000,3080.0000,1,1,5,1,1,4,1,1,1,1
SF,IH2002,2020-01-06 09:33:17.000,3080.0000,1673,0,30480120.000,0,-,-,-,-,3076.4000,3076.2000,3076.0000,3072.0000,3070.4000,3078.6000,3078.8000,3079.0000,3079.2000,3079.4000,1,1,1,1,5,1,4,1,1,1
SF,IH2002,2020-01-06 09:33:17.500,3080.0000,1673,0,30480120.000,0,-,-,-,-,3076.6000,3076.4000,3076.0000,3072.0000,3070.4000,3078.6000,3079.2000,3079.4000,3080.0000,3080.2000,1,1,1,1,5,1,1,1,1,1
SF,IH2002,2020-01-06 09:33:18.000,3080.0000,1673,0,30480120.000,0,-,-,-,-,3077.0000,3076.6000,3076.0000,3072.0000,3070.4000,3078.6000,3079.2000,3079.4000,3080.0000,3080.2000,1,1,1,1,5,1,1,1,1,1
SF,IH2002,2020-01-06 09:33:18.500,3080.0000,1673,0,30480120.000,0,-,-,-,-,3077.2000,3076.0000,3072.0000,3070.4000,3045.0000,3078.6000,3079.2000,3079.4000,3080.0000,3080.2000,1,1,1,5,1,1,1,1,1,1
SF,IH2002,2020-01-06 09:33:19.000,3080.0000,1673,0,30480120.000,0,-,-,-,-,3076.0000,3072.0000,3070.4000,3045.0000,3001.6000,3078.4000,3078.6000,3079.2000,3079.4000,3080.0000,1,1,5,1,1,2,1,1,1,1
SF,IH2002,2020-01-06 09:33:19.500,3080.0000,1673,0,30480120.000,0,-,-,-,-,3076.4000,3076.2000,3076.0000,3072.0000,3070.4000,3078.2000,3078.4000,3078.6000,3079.2000,3079.4000,1,1,1,1,5,1,2,1,1,1
SF,IH2002,2020-01-06 09:33:20.000,3080.0000,1673,0,30480120.000,0,-,-,-,-,3076.6000,3076.4000,3076.0000,3072.0000,3070.4000,3078.2000,3078.4000,3078.6000,3079.2000,3079.4000,1,1,1,1,5,1,1,1,1,1
SF,IH2002,2020-01-06 09:33:20.500,3080.0000,1673,0,30480120.000,0,-,-,-,-,3077.0000,3076.8000,3076.6000,3076.0000,3072.0000,3078.6000,3079.2000,3079.4000,3080.0000,3080.2000,1,1,1,1,1,1,1,1,1,1
SF,IH2002,2020-01-06 09:33:21.000,3080.0000,1673,0,30480120.000,0,-,-,-,-,3077.2000,3077.0000,3076.8000,3076.0000,3072.0000,3078.6000,3079.2000,3079.4000,3080.0000,3080.2000,1,1,1,1,1,1,1,1,1,1
SF,IH2002,2020-01-06 09:33:21.500,3080.0000,1673,0,30480120.000,0,-,-,-,-,3077.2000,3077.0000,3076.0000,3072.0000,3070.4000,3078.6000,3079.2000,3079.4000,3080.0000,3080.2000,1,1,1,1,5,1,1,1,1,1
SF,IH2002,2020-01-06 09:33:22.000,3077.2000,1672,-1,31403280.000,1,0,1,双平,S,3076.0000,3072.0000,3070.4000,3045.0000,3001.6000,3077.0000,3078.4000,3078.6000,3079.2000,3080.2000,1,1,5,1,1,1,1,1,1,1
SF,IH2002,2020-01-06 09:33:22.500,3077.2000,1671,-1,32326440.000,1,0,1,双平,S,3076.4000,3076.2000,3076.0000,3072.0000,3070.4000,3079.2000,3080.2000,3080.6000,3080.8000,3081.0000,1,1,1,1,5,1,1,3,1,3
SF,IH2002,2020-01-06 09:33:23.000,3077.2000,1671,0,32326440.000,0,-,-,-,-,3076.6000,3076.4000,3076.2000,3076.0000,3072.0000,3079.0000,3079.2000,3080.2000,3080.6000,3080.8000,2,1,1,1,1,3,1,1,3,1
SF,IH2002,2020-01-06 09:33:23.500,3077.2000,1671,0,32326440.000,0,-,-,-,-,3077.0000,3076.6000,3076.2000,3076.0000,3072.0000,3079.0000,3079.2000,3080.2000,3080.6000,3080.8000,1,2,1,1,1,3,1,1,3,1
SF,IH2002,2020-01-06 09:33:24.000,3077.2000,1671,0,32326440.000,0,-,-,-,-,3077.2000,3077.0000,3076.6000,3076.0000,3072.0000,3079.0000,3079.2000,3080.2000,3080.6000,3080.8000,2,1,1,1,1,3,1,1,3,1
SF,IH2002,2020-01-06 09:33:24.500,3077.2000,1671,0,32326440.000,0,-,-,-,-,3077.2000,3076.0000,3072.0000,3070.4000,3045.0000,3079.0000,3079.2000,3080.2000,3080.6000,3080.8000,2,1,1,5,1,3,1,1,3,1
SF,IH2002,2020-01-06 09:33:25.000,3077.2000,1671,0,32326440.000,0,-,-,-,-,3077.2000,3076.0000,3072.0000,3070.4000,3045.0000,3078.8000,3079.0000,3079.2000,3080.2000,3080.6000,1,1,1,5,1,1,3,1,1,3
SF,IH2002,2020-01-06 09:33:25.500,3077.2000,1671,0,32326440.000,0,-,-,-,-,3076.0000,3072.0000,3070.4000,3045.0000,3001.6000,3078.6000,3078.8000,3079.0000,3079.2000,3080.2000,1,1,5,1,1,2,1,2,1,1
SF,IH2002,2020-01-06 09:33:26.000,3077.2000,1671,0,32326440.000,0,-,-,-,-,3076.4000,3076.2000,3076.0000,3072.0000,3070.4000,3078.4000,3078.6000,3078.8000,3079.0000,3079.2000,1,1,1,1,5,1,2,1,2,1
SF,IH2002,2020-01-06 09:33:26.500,3077.2000,1671,0,32326440.000,0,-,-,-,-,3076.2000,3076.0000,3072.0000,3070.4000,3045.0000,3078.2000,3078.4000,3078.6000,3078.8000,3079.0000,1,1,1,5,1,2,1,1,1,2
SF,IH2002,2020-01-06 09:33:27.000,3077.2000,1671,0,32326440.000,0,-,-,-,-,3076.2000,3076.0000,3072.0000,3070.4000,3045.0000,3078.0000,3078.2000,3078.4000,3078.6000,3078.8000,1,1,1,5,1,1,2,1,1,1
SF,IH2002,2020-01-06 09:33:27.500,3077.2000,1671,0,32326440.000,0,-,-,-,-,3076.2000,3076.0000,3072.0000,3070.4000,3045.0000,3077.8000,3078.0000,3078.2000,3078.4000,3078.6000,1,1,1,5,1,1,1,1,1,1
SF,IH2002,2020-01-06 09:33:28.000,3077.2000,1671,0,32326440.000,0,-,-,-,-,3076.2000,3076.0000,3072.0000,3070.4000,3045.0000,3077.8000,3078.0000,3078.2000,3078.4000,3078.6000,1,1,1,5,1,1,1,1,1,1
SF,IH2002,2020-01-06 09:33:28.500,3077.2000,1671,0,32326440.000,0,-,-,-,-,3076.0000,3072.0000,3070.4000,3045.0000,3001.6000,3077.6000,3077.8000,3078.0000,3078.2000,3078.4000,1,1,5,1,1,1,1,1,1,1
SF,IH2002,2020-01-06 09:33:29.000,3077.2000,1671,0,32326440.000,0,-,-,-,-,3076.0000,3072.0000,3070.4000,3045.0000,3001.6000,3077.4000,3077.6000,3078.0000,3078.2000,3078.4000,1,1,5,1,1,1,1,1,1,1
SF,IH2002,2020-01-06 09:33:29.500,3077.2000,1671,0,33249600.000,1,0,1,多换,S,3076.0000,3072.0000,3070.4000,3045.0000,3001.6000,3077.4000,3077.6000,3078.0000,3078.2000,3078.4000,1,1,5,1,1,1,1,1,1,1
SF,IH2002,2020-01-06 09:33:30.000,3077.2000,1671,0,33249600.000,0,-,-,-,-,3076.0000,3072.0000,3070.4000,3045.0000,3001.6000,3077.2000,3077.4000,3077.6000,3078.0000,3078.2000,1,1,5,1,1,1,1,1,1,1
SF,IH2002,2020-01-06 09:33:30.500,3077.2000,1671,0,33249600.000,0,-,-,-,-,3076.0000,3072.0000,3070.4000,3045.0000,3001.6000,3077.0000,3077.2000,3077.6000,3078.0000,3078.2000,1,1,5,1,1,1,1,1,1,1
SF,IH2002,2020-01-06 09:33:31.000,3076.0000,1671,0,34172400.000,1,0,1,多换,S,3072.0000,3070.4000,3045.0000,3001.6000,2875.0000,3076.8000,3077.2000,3077.6000,3078.0000,3078.2000,1,5,1,1,3,1,1,1,1,1
SF,IH2002,2020-01-06 09:33:31.500,3076.0000,1671,0,34172400.000,0,-,-,-,-,3072.4000,3072.2000,3072.0000,3070.4000,3045.0000,3076.6000,3076.8000,3077.2000,3077.6000,3078.0000,3,3,2,5,1,2,1,1,1,1
SF,IH2002,2020-01-06 09:33:32.000,3076.0000,1671,0,34172400.000,0,-,-,-,-,3072.6000,3072.4000,3072.2000,3072.0000,3070.4000,3076.6000,3076.8000,3077.2000,3078.0000,3078.2000,2,3,1,2,5,2,1,1,1,1
SF,IH2002,2020-01-06 09:33:32.500,3076.0000,1671,0,34172400.000,0,-,-,-,-,3073.0000,3072.8000,3072.6000,3072.2000,3072.0000,3076.6000,3076.8000,3077.2000,3078.0000,3078.2000,1,3,2,1,2,2,1,1,1,1
SF,IH2002,2020-01-06 09:33:33.000,3076.0000,1671,0,34172400.000,0,-,-,-,-,3073.2000,3073.0000,3072.8000,3072.6000,3072.2000,3076.6000,3076.8000,3077.2000,3078.2000,3078.6000,2,1,3,1,1,2,1,1,1,1
SF,IH2002,2020-01-06 09:33:33.500,3076.0000,1671,0,34172400.000,0,-,-,-,-,3073.6000,3073.2000,3072.8000,3072.6000,3072.2000,3076.4000,3076.6000,3076.8000,3077.2000,3078.2000,1,2,1,1,1,1,1,1,1,1
SF,IH2002,2020-01-06 09:33:34.000,3076.0000,1671,0,34172400.000,0,-,-,-,-,3073.8000,3073.6000,3073.2000,3072.6000,3072.2000,3076.2000,3076.8000,3077.2000,3078.2000,3078.6000,2,1,1,1,1,1,1,1,1,1
SF,IH2002,2020-01-06 09:33:34.500,3076.2000,1672,1,35095260.000,1,1,0,双开,S,3074.2000,3073.8000,3073.2000,3072.6000,3072.2000,3077.2000,3078.2000,3078.6000,3079.0000,3079.2000,1,1,1,1,1,1,1,1,2,1
SF,IH2002,2020-01-06 09:33:35.000,3076.2000,1672,0,35095260.000,0,-,-,-,-,3074.4000,3074.2000,3073.2000,3072.6000,3072.2000,3077.0000,3077.2000,3078.2000,3078.6000,3079.0000,2,1,1,1,1,2,1,1,1,2
SF,IH2002,2020-01-06 09:33:35.500,3076.2000,1672,0,35095260.000,0,-,-,-,-,3074.8000,3074.4000,3073.2000,3072.6000,3072.2000,3077.0000,3077.2000,3078.2000,3078.6000,3079.0000,1,2,1,1,1,2,1,1,1,2
SF,IH2002,2020-01-06 09:33:36.000,3076.2000,1672,0,35095260.000,0,-,-,-,-,3075.0000,3074.8000,3073.2000,3072.6000,3072.2000,3077.0000,3077.2000,3078.2000,3078.6000,3079.0000,1,1,1,1,1,2,1,1,1,2
SF,IH2002,2020-01-06 09:33:36.500,3076.2000,1672,0,35095260.000,0,-,-,-,-,3075.0000,3073.2000,3072.6000,3072.2000,3072.0000,3077.0000,3077.2000,3078.2000,3078.6000,3079.0000,1,1,1,1,2,2,1,1,1,2
SF,IH2002,2020-01-06 09:33:37.000,3075.0000,1671,-1,36017760.000,1,0,1,双平,S,3073.2000,3072.6000,3072.2000,3072.0000,3070.4000,3076.6000,3077.0000,3077.2000,3078.2000,3078.6000,1,1,1,2,5,2,2,1,1,1
SF,IH2002,2020-01-06 09:33:37.500,3075.0000,1671,0,36017760.000,0,-,-,-,-,3073.6000,3073.4000,3073.2000,3072.6000,3072.2000,3076.4000,3076.6000,3077.0000,3077.2000,3078.2000,1,2,1,1,1,4,2,1,1,1
SF,IH2002,2020-01-06 09:33:38.000,3075.0000,1671,0,36017760.000,0,-,-,-,-,3073.8000,3073.4000,3072.6000,3072.2000,3072.0000,3076.2000,3076.4000,3077.0000,3077.2000,3078.2000,1,1,1,1,2,2,4,1,1,1
SF,IH2002,2020-01-06 09:33:38.500,3075.0000,1671,0,36017760.000,0,-,-,-,-,3073.4000,3072.0000,3066.6000,3045.0000,3001.6000,3076.0000,3076.2000,3076.4000,3077.0000,3077.2000,1,1,5,1,1,4,2,3,1,1
SF,IH2002,2020-01-06 09:33:39.000,3075.0000,1671,0,36017760.000,0,-,-,-,-,3073.6000,3072.0000,3066.6000,3045.0000,3001.6000,3076.0000,3076.2000,3076.4000,3077.0000,3077.2000,1,1,5,1,1,4,2,3,1,1
SF,IH2002,2020-01-06 09:33:39.500,3075.0000,1671,0,36017760.000,0,-,-,-,-,3073.6000,3072.0000,3066.6000,3045.0000,3001.6000,3076.0000,3076.2000,3076.4000,3077.0000,3077.2000,1,1,5,1,1,4,2,3,1,1
SF,IH2002,2020-01-06 09:33:40.000,3075.0000,1671,0,36017760.000,0,-,-,-,-,3073.6000,3072.0000,3066.6000,3045.0000,3001.6000,3076.0000,3076.2000,3076.4000,3077.0000,3077.2000,1,1,5,1,1,4,2,3,1,1
SF,IH2002,2020-01-06 09:33:40.500,3075.0000,1671,0,36017760.000,0,-,-,-,-,3072.0000,3066.6000,3045.0000,3001.6000,2875.0000,3076.0000,3076.2000,3076.4000,3077.0000,3077.2000,1,5,1,1,3,4,2,3,1,1
SF,IH2002,2020-01-06 09:33:41.000,3075.0000,1671,0,36017760.000,0,-,-,-,-,3072.4000,3072.2000,3072.0000,3066.6000,3045.0000,3076.0000,3076.2000,3076.4000,3077.0000,3077.2000,1,3,2,5,1,4,2,3,1,1
SF,IH2002,2020-01-06 09:33:41.500,3075.0000,1671,0,36017760.000,0,-,-,-,-,3072.6000,3072.4000,3072.2000,3072.0000,3066.6000,3076.0000,3076.2000,3076.4000,3077.0000,3077.2000,1,1,2,2,5,4,2,3,1,1
SF,IH2002,2020-01-06 09:33:42.000,3075.0000,1671,0,36017760.000,0,-,-,-,-,3073.0000,3072.8000,3072.6000,3072.0000,3066.6000,3075.8000,3076.0000,3076.4000,3077.0000,3077.2000,1,1,1,1,5,2,4,3,1,1
SF,IH2002,2020-01-06 09:33:42.500,3075.0000,1671,0,36017760.000,0,-,-,-,-,3073.2000,3073.0000,3072.8000,3072.0000,3066.6000,3075.6000,3075.8000,3076.0000,3076.4000,3077.0000,1,1,1,1,5,4,2,3,3,1
SF,IH2002,2020-01-06 09:33:43.000,3075.0000,1671,0,36017760.000,0,-,-,-,-,3073.2000,3072.0000,3066.6000,3045.0000,3001.6000,3075.2000,3075.6000,3076.0000,3076.4000,3077.0000,1,1,5,1,1,2,4,3,3,1
SF,IH2002,2020-01-06 09:33:43.500,3075.0000,1671,0,36017760.000,0,-,-,-,-,3072.0000,3066.6000,3045.0000,3001.6000,2875.0000,3075.0000,3075.2000,3075.6000,3076.0000,3076.4000,1,5,1,1,3,2,2,3,3,3
SF,IH2002,2020-01-06 09:33:44.000,3075.0000,1671,0,36017760.000,0,-,-,-,-,3072.4000,3072.2000,3072.0000,3066.6000,3045.0000,3075.0000,3075.2000,3075.6000,3076.0000,3076.4000,1,2,2,5,1,2,2,3,3,3
SF,IH2002,2020-01-06 09:33:44.500,3075.0000,1671,0,36017760.000,0,-,-,-,-,3072.6000,3072.4000,3072.2000,3072.0000,3066.6000,3075.0000,3075.2000,3075.6000,3076.0000,3076.4000,1,1,1,2,5,2,2,3,3,3
SF,IH2002,2020-01-06 09:33:45.000,3075.0000,1671,0,36017760.000,0,-,-,-,-,3072.6000,3072.4000,3072.2000,3072.0000,3066.6000,3075.0000,3075.2000,3075.6000,3076.0000,3076.4000,1,1,1,2,5,1,2,3,3,3
SF,IH2002,2020-01-06 09:33:45.500,3075.0000,1671,0,36017760.000,0,-,-,-,-,3072.6000,3072.2000,3072.0000,3066.6000,3045.0000,3074.6000,3074.8000,3075.0000,3075.6000,3076.0000,1,1,2,5,1,2,1,1,3,3
SF,IH2002,2020-01-06 09:33:46.000,3075.0000,1671,0,36017760.000,0,-,-,-,-,3072.6000,3072.0000,3066.6000,3045.0000,3001.6000,3074.4000,3075.0000,3075.6000,3076.0000,3076.4000,1,1,5,1,1,1,1,3,3,3
SF,IH2002,2020-01-06 09:33:46.500,3075.0000,1671,0,36017760.000,0,-,-,-,-,3072.0000,3066.6000,3045.0000,3001.6000,2875.0000,3074.2000,3074.4000,3075.0000,3075.6000,3076.0000,1,5,1,1,3,1,1,1,3,3
SF,IH2002,2020-01-06 09:33:47.000,3075.0000,1671,0,36017760.000,0,-,-,-,-,3072.2000,3072.0000,3066.6000,3045.0000,3001.6000,3074.0000,3075.0000,3075.6000,3076.0000,3076.4000,3,2,5,1,1,1,1,3,3,3
SF,IH2002,2020-01-06 09:33:48.000,3075.0000,1671,0,36017760.000,0,-,-,-,-,3072.0000,3066.6000,3045.0000,3001.6000,2875.0000,3074.0000,3075.0000,3075.6000,3076.0000,3076.4000,1,5,1,1,3,1,1,3,3,3
SF,IH2002,2020-01-06 09:33:48.500,3075.0000,1671,0,36940260.000,1,0,1,多换,S,3072.0000,3066.6000,3045.0000,3001.6000,2875.0000,3073.8000,3074.0000,3075.0000,3075.6000,3076.0000,1,5,1,1,3,1,1,1,3,3
SF,IH2002,2020-01-06 09:33:49.000,3075.0000,1671,0,36940260.000,0,-,-,-,-,3072.2000,3072.0000,3066.6000,3045.0000,3001.6000,3073.6000,3075.0000,3075.6000,3076.0000,3076.4000,1,1,5,1,1,1,1,3,3,3
SF,IH2002,2020-01-06 09:33:49.500,3073.6000,1669,-2,38784420.000,2,0,2,双平,S,3072.6000,3072.4000,3072.2000,3072.0000,3066.6000,3075.0000,3075.6000,3076.0000,3076.4000,3077.0000,1,1,1,1,5,1,3,3,3,1
SF,IH2002,2020-01-06 09:33:50.000,3073.6000,1669,0,38784420.000,0,-,-,-,-,3072.8000,3072.6000,3072.2000,3072.0000,3066.6000,3074.8000,3075.0000,3075.6000,3076.0000,3076.4000,1,1,1,1,5,1,1,3,3,3
SF,IH2002,2020-01-06 09:33:50.500,3073.6000,1669,0,38784420.000,0,-,-,-,-,3073.0000,3072.8000,3072.0000,3066.6000,3045.0000,3075.0000,3075.6000,3076.0000,3076.4000,3077.0000,2,1,1,5,1,1,3,3,3,1
SF,IH2002,2020-01-06 09:33:51.000,3073.6000,1669,0,38784420.000,0,-,-,-,-,3073.2000,3073.0000,3072.0000,3066.6000,3045.0000,3075.0000,3075.6000,3076.0000,3076.4000,3077.0000,1,1,1,5,1,1,3,3,3,1
SF,IH2002,2020-01-06 09:33:51.500,3073.6000,1669,0,38784420.000,0,-,-,-,-,3073.2000,3072.0000,3066.6000,3045.0000,3001.6000,3074.8000,3075.0000,3075.6000,3076.0000,3076.4000,1,1,5,1,1,2,1,3,3,3
SF,IH2002,2020-01-06 09:33:52.500,3073.6000,1669,0,38784420.000,0,-,-,-,-,3073.2000,3072.0000,3071.0000,3066.6000,3045.0000,3074.8000,3075.0000,3075.6000,3076.0000,3076.4000,1,1,1,5,1,2,1,3,3,3
SF,IH2002,2020-01-06 09:33:53.000,3073.6000,1669,0,38784420.000,0,-,-,-,-,3072.0000,3071.0000,3066.6000,3045.0000,3001.6000,3074.4000,3074.8000,3075.0000,3075.6000,3076.0000,1,1,5,1,1,2,2,1,3,3
SF,IH2002,2020-01-06 09:33:53.500,3074.8000,1669,0,39706860.000,1,0,1,多换,S,3072.4000,3072.2000,3072.0000,3071.0000,3066.6000,3075.0000,3075.6000,3076.0000,3081.8000,3082.4000,1,2,1,1,5,1,3,3,5,1
SF,IH2002,2020-01-06 09:33:54.000,3074.8000,1669,0,39706860.000,0,-,-,-,-,3072.6000,3072.4000,3072.2000,3072.0000,3071.0000,3074.8000,3075.0000,3075.6000,3076.0000,3081.8000,1,1,1,1,1,1,1,3,3,5
SF,IH2002,2020-01-06 09:33:54.500,3074.8000,1669,0,39706860.000,0,-,-,-,-,3073.0000,3072.8000,3072.6000,3072.2000,3072.0000,3081.8000,3082.4000,3095.0000,3098.0000,3102.0000,1,2,1,1,1,5,1,1,2,2
SF,IH2002,2020-01-06 09:33:55.000,3074.8000,1669,0,39706860.000,0,-,-,-,-,3073.2000,3073.0000,3072.8000,3072.2000,3072.0000,3076.8000,3081.4000,3081.6000,3081.8000,3082.4000,2,1,2,1,1,1,3,2,5,1
SF,IH2002,2020-01-06 09:33:55.500,3074.8000,1669,0,39706860.000,0,-,-,-,-,3073.6000,3073.2000,3072.8000,3072.2000,3072.0000,3076.4000,3076.6000,3081.6000,3081.8000,3082.4000,1,2,2,1,1,2,4,1,5,1
SF,IH2002,2020-01-06 09:33:56.000,3074.8000,1669,0,39706860.000,0,-,-,-,-,3073.8000,3073.6000,3073.2000,3072.8000,3072.0000,3076.6000,3081.6000,3081.8000,3082.4000,3095.0000,3,1,1,2,1,3,1,5,1,1
SF,IH2002,2020-01-06 09:33:56.500,3074.8000,1669,0,39706860.000,0,-,-,-,-,3073.8000,3073.2000,3072.8000,3072.0000,3071.0000,3076.2000,3076.4000,3076.6000,3081.0000,3081.6000,3,1,2,1,1,3,1,3,1,1
SF,IH2002,2020-01-06 09:33:57.000,3074.8000,1669,0,39706860.000,0,-,-,-,-,3073.8000,3073.2000,3072.8000,3072.0000,3071.0000,3076.2000,3076.6000,3081.0000,3081.6000,3081.8000,2,1,1,1,1,2,3,1,1,5
SF,IH2002,2020-01-06 09:33:57.500,3074.8000,1669,0,39706860.000,0,-,-,-,-,3073.8000,3072.8000,3072.0000,3071.0000,3066.6000,3076.2000,3076.6000,3081.0000,3081.6000,3081.8000,1,1,1,1,5,2,3,1,1,5
SF,IH2002,2020-01-06 09:33:58.000,3074.8000,1669,0,39706860.000,0,-,-,-,-,3074.0000,3073.8000,3072.8000,3072.0000,3071.0000,3076.6000,3081.0000,3081.6000,3081.8000,3082.4000,1,1,1,1,1,3,1,1,5,1
SF,IH2002,2020-01-06 09:33:58.500,3074.8000,1669,0,39706860.000,0,-,-,-,-,3074.2000,3072.8000,3072.0000,3071.0000,3066.6000,3076.4000,3076.6000,3081.0000,3081.6000,3081.8000,2,1,1,1,5,3,3,1,1,5
SF,IH2002,2020-01-06 09:33:59.000,3074.8000,1669,0,39706860.000,0,-,-,-,-,3074.2000,3072.8000,3072.0000,3071.0000,3066.6000,3076.6000,3081.0000,3081.6000,3081.8000,3082.4000,2,1,1,1,5,3,1,1,5,1
SF,IH2002,2020-01-06 09:33:59.500,3074.8000,1669,0,39706860.000,0,-,-,-,-,3074.6000,3074.2000,3072.8000,3072.0000,3071.0000,3076.6000,3081.0000,3081.6000,3081.8000,3082.4000,1,2,1,1,1,3,1,1,5,1
SF,IH2002,2020-01-06 09:34:00.000,3074.8000,1669,0,39706860.000,0,-,-,-,-,3074.8000,3074.6000,3074.2000,3072.8000,3072.0000,3076.6000,3081.0000,3081.6000,3081.8000,3082.4000,3,1,1,1,1,3,1,1,5,1
SF,IH2002,2020-01-06 09:34:00.500,3074.8000,1669,0,39706860.000,0,-,-,-,-,3075.2000,3074.8000,3074.6000,3072.8000,3072.0000,3081.0000,3081.6000,3081.8000,3082.4000,3095.0000,1,3,1,1,1,1,1,5,1,1
SF,IH2002,2020-01-06 09:34:01.000,3074.8000,1669,0,39706860.000,0,-,-,-,-,3075.4000,3074.8000,3074.6000,3072.8000,3072.0000,3080.6000,3080.8000,3081.0000,3081.6000,3081.8000,1,1,1,1,1,3,4,1,1,5
SF,IH2002,2020-01-06 09:34:01.500,3074.8000,1669,0,39706860.000,0,-,-,-,-,3076.8000,3075.6000,3075.4000,3074.6000,3072.8000,3080.4000,3080.6000,3080.8000,3081.0000,3081.6000,4,1,1,1,1,4,3,3,1,1
SF,IH2002,2020-01-06 09:34:02.000,3076.8000,1665,-4,43399020.000,4,0,4,双平,S,3075.6000,3074.6000,3072.8000,3072.0000,3071.0000,3080.0000,3080.4000,3080.8000,3081.0000,3081.6000,1,1,1,1,1,3,1,3,1,1
SF,IH2002,2020-01-06 09:34:02.500,3076.8000,1665,0,43399020.000,0,-,-,-,-,3075.8000,3074.8000,3074.6000,3072.8000,3072.0000,3076.4000,3079.8000,3080.0000,3080.8000,3081.6000,2,1,1,1,1,1,3,3,3,1
SF,IH2002,2020-01-06 09:34:03.000,3076.0000,1668,3,49858620.000,7,5,2,空开,S,3075.8000,3074.8000,3074.6000,3072.8000,3072.0000,3076.0000,3076.4000,3076.8000,3079.0000,3079.8000,2,1,1,1,1,2,1,1,1,3
SF,IH2002,2020-01-06 09:34:03.500,3075.8000,1667,-1,51704100.000,2,0,2,多平,S,3074.8000,3074.6000,3072.8000,3072.0000,3071.0000,3075.8000,3076.8000,3079.0000,3079.8000,3080.8000,1,1,1,1,1,1,1,1,3,3
SF,IH2002,2020-01-06 09:34:04.000,3075.8000,1667,0,51704100.000,0,-,-,-,-,3074.8000,3074.6000,3072.8000,3072.0000,3071.0000,3075.8000,3076.8000,3079.0000,3079.8000,3080.8000,1,1,1,1,1,1,1,1,3,3
SF,IH2002,2020-01-06 09:34:04.500,3075.8000,1667,0,51704100.000,0,-,-,-,-,3075.0000,3074.8000,3074.6000,3072.8000,3072.0000,3075.8000,3076.8000,3079.0000,3079.8000,3080.8000,1,1,1,1,1,1,1,1,3,3
SF,IH2002,2020-01-06 09:34:05.000,3075.8000,1667,0,51704100.000,0,-,-,-,-,3075.0000,3074.8000,3074.6000,3072.8000,3072.0000,3075.8000,3076.8000,3079.0000,3079.8000,3080.8000,1,1,1,1,1,1,2,1,3,3
SF,IH2002,2020-01-06 09:34:06.500,3075.8000,1667,0,51704100.000,0,-,-,-,-,3075.0000,3074.8000,3074.6000,3072.8000,3072.0000,3075.8000,3076.8000,3079.0000,3079.8000,3080.8000,1,1,1,1,1,1,1,1,3,3
SF,IH2002,2020-01-06 09:34:07.000,3075.0000,1666,-1,52626600.000,1,0,1,双平,S,3074.8000,3074.6000,3072.8000,3072.0000,3071.0000,3075.8000,3076.8000,3079.0000,3079.8000,3080.8000,1,1,1,1,1,1,1,1,3,3
SF,IH2002,2020-01-06 09:34:08.000,3075.0000,1666,0,52626600.000,0,-,-,-,-,3074.8000,3074.6000,3072.8000,3072.0000,3071.0000,3075.8000,3079.0000,3079.8000,3080.8000,3081.6000,1,1,1,1,1,1,1,3,3,1
SF,IH2002,2020-01-06 09:34:08.500,3074.8000,1666,0,53549040.000,1,0,1,多换,S,3074.6000,3072.8000,3072.0000,3071.0000,3066.6000,3075.8000,3079.0000,3079.8000,3080.8000,3081.6000,1,1,1,1,5,1,1,3,3,1
SF,IH2002,2020-01-06 09:34:09.000,3074.8000,1666,0,53549040.000,0,-,-,-,-,3074.6000,3072.8000,3071.0000,3066.6000,3045.0000,3075.8000,3079.0000,3079.8000,3080.8000,3081.6000,1,1,1,5,1,1,1,3,3,1
SF,IH2002,2020-01-06 09:34:09.500,3074.8000,1666,0,53549040.000,0,-,-,-,-,3074.6000,3072.8000,3071.0000,3066.6000,3045.0000,3075.6000,3075.8000,3079.0000,3079.8000,3080.8000,1,1,1,5,1,1,1,1,2,3
SF,IH2002,2020-01-06 09:34:10.000,3074.8000,1666,0,53549040.000,0,-,-,-,-,3074.6000,3072.8000,3071.0000,3066.6000,3045.0000,3075.4000,3075.6000,3079.0000,3079.8000,3080.8000,1,1,1,5,1,1,1,1,2,3
SF,IH2002,2020-01-06 09:34:10.500,3075.4000,1666,0,54471660.000,1,0,1,多换,S,3074.6000,3072.8000,3071.0000,3066.6000,3045.0000,3075.6000,3079.0000,3079.8000,3080.8000,3081.6000,1,1,1,5,1,1,1,2,3,1
SF,IH2002,2020-01-06 09:34:11.000,3075.4000,1666,0,54471660.000,0,-,-,-,-,3074.6000,3072.8000,3071.0000,3066.6000,3045.0000,3079.8000,3080.8000,3081.6000,3081.8000,3082.4000,1,1,1,5,1,2,3,1,5,1
SF,IH2002,2020-01-06 09:34:11.500,3075.4000,1666,0,54471660.000,0,-,-,-,-,3074.8000,3074.6000,3072.8000,3071.0000,3066.6000,3079.4000,3079.6000,3079.8000,3080.8000,3081.6000,1,1,1,1,5,2,3,5,3,1
SF,IH2002,2020-01-06 09:34:12.000,3075.4000,1666,0,54471660.000,0,-,-,-,-,3074.8000,3074.6000,3072.8000,3071.0000,3066.6000,3079.2000,3079.4000,3079.6000,3079.8000,3080.8000,1,1,1,1,5,2,2,2,5,3
SF,IH2002,2020-01-06 09:34:12.500,3075.4000,1666,0,54471660.000,0,-,-,-,-,3075.0000,3074.8000,3074.6000,3072.8000,3071.0000,3078.8000,3079.2000,3079.6000,3079.8000,3080.8000,1,1,1,1,1,2,2,1,5,3
SF,IH2002,2020-01-06 09:34:13.000,3075.4000,1666,0,54471660.000,0,-,-,-,-,3075.2000,3075.0000,3074.6000,3072.8000,3071.0000,3078.6000,3078.8000,3079.2000,3079.6000,3079.8000,1,1,1,1,1,2,2,1,1,2
SF,IH2002,2020-01-06 09:34:13.500,3075.4000,1666,0,54471660.000,0,-,-,-,-,3075.2000,3074.6000,3072.8000,3071.0000,3066.6000,3078.2000,3078.4000,3078.6000,3079.2000,3079.6000,1,1,1,1,5,2,1,2,1,1
SF,IH2002,2020-01-06 09:34:14.000,3075.4000,1666,0,54471660.000,0,-,-,-,-,3075.2000,3074.6000,3072.8000,3071.0000,3066.6000,3078.0000,3078.2000,3078.4000,3078.6000,3079.2000,1,1,1,1,5,2,2,1,1,1
SF,IH2002,2020-01-06 09:34:14.500,3075.4000,1666,0,54471660.000,0,-,-,-,-,3075.2000,3074.6000,3072.8000,3071.0000,3066.6000,3077.6000,3077.8000,3078.0000,3078.2000,3078.4000,1,1,1,1,5,1,1,2,1,1
SF,IH2002,2020-01-06 09:34:15.000,3075.4000,1666,0,54471660.000,0,-,-,-,-,3075.2000,3074.6000,3072.8000,3071.0000,3066.6000,3077.4000,3077.6000,3077.8000,3078.0000,3078.2000,1,1,1,1,5,2,1,1,1,1
SF,IH2002,2020-01-06 09:34:15.500,3075.4000,1666,0,54471660.000,0,-,-,-,-,3075.4000,3075.2000,3074.6000,3072.8000,3071.0000,3077.4000,3077.6000,3078.0000,3078.2000,3078.6000,1,1,1,1,1,2,1,1,1,1
SF,IH2002,2020-01-06 09:34:16.000,3075.4000,1666,0,54471660.000,0,-,-,-,-,3075.6000,3075.4000,3074.6000,3072.8000,3071.0000,3077.4000,3077.6000,3078.0000,3078.2000,3078.6000,1,1,1,1,1,2,1,1,1,1
SF,IH2002,2020-01-06 09:34:16.500,3075.4000,1666,0,54471660.000,0,-,-,-,-,3075.6000,3074.6000,3072.8000,3071.0000,3066.6000,3077.2000,3077.4000,3077.6000,3078.0000,3078.2000,1,1,1,1,5,1,2,1,1,1
SF,IH2002,2020-01-06 09:34:17.000,3075.4000,1666,0,54471660.000,0,-,-,-,-,3075.6000,3074.6000,3072.8000,3071.0000,3066.6000,3077.2000,3077.4000,3078.0000,3078.6000,3079.2000,1,1,1,1,5,1,2,1,1,1
SF,IH2002,2020-01-06 09:34:17.500,3075.4000,1666,0,54471660.000,0,-,-,-,-,3075.6000,3074.6000,3072.8000,3071.0000,3066.6000,3077.0000,3077.2000,3077.4000,3078.0000,3078.6000,1,1,1,1,5,1,1,1,1,1
SF,IH2002,2020-01-06 09:34:18.000,3075.4000,1666,0,54471660.000,0,-,-,-,-,3075.6000,3074.6000,3072.8000,3071.0000,3066.6000,3078.0000,3078.6000,3079.2000,3079.6000,3079.8000,1,1,1,1,5,1,1,1,1,2
SF,IH2002,2020-01-06 09:34:18.500,3075.4000,1666,0,54471660.000,0,-,-,-,-,3076.0000,3075.8000,3075.6000,3074.6000,3072.8000,3077.8000,3078.6000,3079.2000,3079.6000,3079.8000,2,1,1,1,1,1,1,1,1,2
SF,IH2002,2020-01-06 09:34:19.000,3075.4000,1666,0,54471660.000,0,-,-,-,-,3076.2000,3075.8000,3074.6000,3072.8000,3071.0000,3077.8000,3078.6000,3079.2000,3079.6000,3079.8000,1,1,1,1,1,1,1,1,1,2
SF,IH2002,2020-01-06 09:34:19.500,3075.4000,1666,0,54471660.000,0,-,-,-,-,3076.4000,3076.2000,3075.8000,3074.6000,3072.8000,3077.8000,3078.6000,3079.2000,3079.6000,3079.8000,1,1,1,1,1,1,1,1,1,2
SF,IH2002,2020-01-06 09:34:20.000,3075.4000,1666,0,54471660.000,0,-,-,-,-,3076.6000,3076.4000,3074.6000,3072.8000,3071.0000,3078.6000,3079.2000,3079.6000,3079.8000,3080.8000,1,1,1,1,1,1,1,1,2,3
SF,IH2002,2020-01-06 09:34:20.500,3075.4000,1666,0,54471660.000,0,-,-,-,-,3076.6000,3074.6000,3072.8000,3071.0000,3066.6000,3078.4000,3078.6000,3079.2000,3079.6000,3079.8000,1,1,1,1,5,4,1,1,1,2
SF,IH2002,2020-01-06 09:34:21.000,3075.4000,1666,0,54471660.000,0,-,-,-,-,3074.6000,3072.8000,3071.0000,3066.6000,3045.0000,3078.4000,3078.6000,3079.2000,3079.6000,3079.8000,1,1,1,5,1,4,1,1,1,2
SF,IH2002,2020-01-06 09:34:21.500,3075.4000,1666,0,54471660.000,0,-,-,-,-,3075.0000,3074.8000,3074.6000,3072.8000,3071.0000,3078.4000,3078.6000,3079.2000,3079.6000,3079.8000,2,5,1,1,1,3,1,1,1,2
SF,IH2002,2020-01-06 09:34:22.000,3075.4000,1666,0,54471660.000,0,-,-,-,-,3075.2000,3075.0000,3074.8000,3074.6000,3072.8000,3078.4000,3078.6000,3079.2000,3079.6000,3079.8000,3,2,3,1,1,3,1,1,1,2
SF,IH2002,2020-01-06 09:34:22.500,3075.4000,1666,0,54471660.000,0,-,-,-,-,3075.6000,3075.4000,3075.2000,3074.8000,3074.6000,3078.4000,3079.2000,3079.6000,3079.8000,3080.8000,2,1,3,3,1,1,1,1,2,3
SF,IH2002,2020-01-06 09:34:23.000,3075.4000,1665,-1,58162140.000,4,1,3,多平,S,3075.2000,3074.8000,3074.6000,3072.8000,3071.0000,3078.4000,3079.2000,3079.6000,3079.8000,3080.8000,1,3,1,1,1,1,1,1,2,3
SF,IH2002,2020-01-06 09:34:23.500,3075.4000,1665,0,58162140.000,0,-,-,-,-,3075.4000,3075.2000,3074.8000,3074.6000,3072.8000,3078.2000,3078.4000,3079.2000,3079.6000,3079.8000,4,1,3,1,1,1,1,1,1,2
SF,IH2002,2020-01-06 09:34:24.000,3075.4000,1665,0,58162140.000,0,-,-,-,-,3075.6000,3075.4000,3075.2000,3074.8000,3074.6000,3078.0000,3078.2000,3079.2000,3079.6000,3079.8000,1,4,1,3,1,1,1,1,1,2
SF,IH2002,2020-01-06 09:34:24.500,3075.4000,1665,0,58162140.000,0,-,-,-,-,3075.8000,3075.6000,3075.4000,3075.2000,3074.8000,3077.8000,3078.0000,3078.2000,3079.2000,3079.6000,2,1,3,1,3,1,1,1,1,1
SF,IH2002,2020-01-06 09:34:25.000,3075.4000,1665,0,58162140.000,0,-,-,-,-,3075.8000,3075.6000,3075.4000,3075.2000,3074.8000,3077.6000,3077.8000,3079.2000,3079.6000,3079.8000,2,1,3,1,3,1,1,1,1,2
SF,IH2002,2020-01-06 09:34:25.500,3075.4000,1665,0,58162140.000,0,-,-,-,-,3075.8000,3075.6000,3075.4000,3075.2000,3074.8000,3077.4000,3077.6000,3077.8000,3079.2000,3079.6000,2,1,3,1,3,1,1,1,1,1
SF,IH2002,2020-01-06 09:34:26.000,3075.4000,1665,0,58162140.000,0,-,-,-,-,3075.8000,3075.6000,3075.4000,3075.2000,3074.8000,3077.2000,3077.4000,3077.8000,3079.2000,3079.6000,1,1,3,1,3,1,1,1,1,1
SF,IH2002,2020-01-06 09:34:26.500,3077.2000,1664,-1,59085300.000,1,0,1,双平,S,3075.6000,3075.4000,3075.2000,3074.8000,3074.6000,3077.4000,3077.8000,3079.2000,3079.6000,3079.8000,1,3,1,3,1,1,1,1,1,2
SF,IH2002,2020-01-06 09:34:27.000,3077.2000,1664,0,59085300.000,0,-,-,-,-,3075.8000,3075.6000,3075.4000,3075.2000,3074.8000,3077.2000,3077.4000,3077.8000,3079.2000,3079.6000,1,1,3,1,3,1,1,1,1,1
SF,IH2002,2020-01-06 09:34:27.500,3077.2000,1663,-1,60008460.000,1,0,1,双平,S,3075.8000,3075.4000,3075.2000,3074.8000,3074.6000,3077.4000,3077.8000,3079.2000,3079.6000,3079.8000,1,3,1,3,1,1,1,1,1,2
SF,IH2002,2020-01-06 09:34:28.500,3077.2000,1663,0,60008460.000,0,-,-,-,-,3076.2000,3075.8000,3075.4000,3075.2000,3074.8000,3077.4000,3077.8000,3079.2000,3079.6000,3079.8000,1,1,3,1,3,1,1,1,1,2
SF,IH2002,2020-01-06 09:34:30.500,3077.2000,1663,0,60008460.000,0,-,-,-,-,3075.8000,3075.4000,3075.2000,3074.8000,3074.6000,3077.4000,3077.8000,3079.2000,3079.6000,3079.8000,1,3,1,3,1,1,1,1,1,2
SF,IH2002,2020-01-06 09:34:31.000,3077.2000,1663,0,60008460.000,0,-,-,-,-,3076.0000,3075.8000,3075.4000,3075.2000,3074.8000,3079.2000,3079.6000,3079.8000,3080.8000,3081.6000,1,1,3,1,3,1,1,2,3,1
SF,IH2002,2020-01-06 09:34:31.500,3077.2000,1663,0,60008460.000,0,-,-,-,-,3076.2000,3076.0000,3075.4000,3075.2000,3074.8000,3078.8000,3079.0000,3079.2000,3079.6000,3079.8000,1,2,3,1,3,3,3,1,1,2
SF,IH2002,2020-01-06 09:34:32.000,3077.2000,1663,0,60008460.000,0,-,-,-,-,3076.2000,3076.0000,3075.4000,3075.2000,3074.8000,3078.6000,3078.8000,3079.0000,3079.2000,3079.6000,1,1,3,1,3,2,3,2,1,1
SF,IH2002,2020-01-06 09:34:32.500,3077.2000,1663,0,60008460.000,0,-,-,-,-,3076.2000,3076.0000,3075.4000,3075.2000,3074.8000,3078.4000,3078.6000,3079.0000,3079.2000,3079.6000,1,1,3,1,3,1,1,2,1,1
SF,IH2002,2020-01-06 09:34:33.000,3077.2000,1663,0,60008460.000,0,-,-,-,-,3076.2000,3076.0000,3075.4000,3075.2000,3074.8000,3078.2000,3078.4000,3079.0000,3079.2000,3079.6000,1,1,3,1,3,1,1,2,1,1
SF,IH2002,2020-01-06 09:34:33.500,3077.2000,1663,0,60008460.000,0,-,-,-,-,3076.2000,3075.4000,3075.2000,3074.8000,3074.6000,3078.2000,3078.4000,3079.0000,3079.2000,3079.6000,1,3,1,3,1,1,1,1,1,1
SF,IH2002,2020-01-06 09:34:34.000,3077.2000,1663,0,60008460.000,0,-,-,-,-,3076.2000,3075.4000,3075.2000,3074.8000,3074.6000,3078.0000,3078.2000,3079.0000,3079.2000,3079.6000,1,3,1,3,1,1,1,1,1,1
SF,IH2002,2020-01-06 09:34:34.500,3077.2000,1663,0,60008460.000,0,-,-,-,-,3076.6000,3076.2000,3075.4000,3075.2000,3074.8000,3078.0000,3078.2000,3079.0000,3079.2000,3079.6000,1,1,3,1,3,1,1,1,1,1
SF,IH2002,2020-01-06 09:34:35.000,3077.2000,1663,0,60008460.000,0,-,-,-,-,3076.8000,3076.6000,3075.4000,3075.2000,3074.8000,3079.0000,3079.2000,3079.6000,3079.8000,3080.8000,1,1,3,1,3,1,1,1,2,3
SF,IH2002,2020-01-06 09:34:35.500,3077.2000,1663,0,60008460.000,0,-,-,-,-,3076.8000,3076.6000,3075.4000,3075.2000,3074.8000,3078.8000,3079.6000,3079.8000,3080.8000,3081.6000,1,1,3,1,3,1,1,2,3,1
SF,IH2002,2020-01-06 09:34:36.000,3077.2000,1663,0,60008460.000,0,-,-,-,-,3076.8000,3076.6000,3075.4000,3075.2000,3074.8000,3079.8000,3080.8000,3081.6000,3082.4000,3085.6000,1,1,3,1,3,2,3,1,1,5
SF,IH2002,2020-01-06 09:34:36.500,3077.2000,1663,0,60008460.000,0,-,-,-,-,3076.8000,3076.6000,3075.4000,3075.2000,3074.8000,3079.6000,3079.8000,3080.8000,3081.6000,3082.4000,1,1,3,1,3,5,2,3,1,1
SF,IH2002,2020-01-06 09:34:37.000,3077.2000,1663,0,60008460.000,0,-,-,-,-,3077.0000,3076.8000,3076.6000,3075.4000,3075.2000,3079.4000,3079.6000,3079.8000,3080.8000,3081.6000,1,1,1,3,1,1,4,2,3,1
SF,IH2002,2020-01-06 09:34:37.500,3077.2000,1663,0,60008460.000,0,-,-,-,-,3077.2000,3077.0000,3076.6000,3075.4000,3075.2000,3079.2000,3079.4000,3079.6000,3079.8000,3080.8000,1,1,1,3,1,1,1,3,2,3
SF,IH2002,2020-01-06 09:34:38.000,3077.2000,1663,0,60008460.000,0,-,-,-,-,3077.2000,3077.0000,3075.4000,3075.2000,3074.8000,3079.0000,3079.2000,3079.4000,3079.8000,3080.8000,1,1,3,1,3,1,1,1,2,3
SF,IH2002,2020-01-06 09:34:38.500,3077.2000,1663,0,60008460.000,0,-,-,-,-,3077.4000,3077.2000,3077.0000,3075.4000,3075.2000,3079.0000,3079.2000,3079.4000,3079.8000,3080.8000,1,1,1,3,1,1,1,1,2,3
SF,IH2002,2020-01-06 09:34:39.000,3077.2000,1663,0,60008460.000,0,-,-,-,-,3077.6000,3077.4000,3077.0000,3075.4000,3075.2000,3080.8000,3081.6000,3082.4000,3085.6000,3086.0000,1,1,1,3,1,3,1,1,5,1
SF,IH2002,2020-01-06 09:34:39.500,3077.2000,1663,0,60008460.000,0,-,-,-,-,3077.6000,3077.4000,3077.0000,3075.4000,3075.2000,3080.4000,3080.6000,3080.8000,3081.6000,3082.4000,1,1,1,3,1,3,2,3,1,1
SF,IH2002,2020-01-06 09:34:40.000,3077.2000,1663,0,60008460.000,0,-,-,-,-,3077.6000,3077.4000,3077.0000,3075.4000,3075.2000,3080.2000,3080.6000,3080.8000,3081.6000,3082.4000,1,1,1,3,1,3,1,3,1,1
SF,IH2002,2020-01-06 09:34:40.500,3077.2000,1663,0,60008460.000,0,-,-,-,-,3077.8000,3077.6000,3077.4000,3077.0000,3075.4000,3080.2000,3080.8000,3081.6000,3082.4000,3085.6000,3,1,1,1,3,2,3,1,1,5
SF,IH2002,2020-01-06 09:34:41.000,3077.2000,1663,0,60008460.000,0,-,-,-,-,3078.0000,3077.4000,3077.0000,3075.4000,3075.2000,3080.0000,3080.2000,3080.8000,3081.6000,3085.6000,1,1,1,3,1,3,1,3,1,5
SF,IH2002,2020-01-06 09:34:41.500,3077.2000,1663,0,60008460.000,0,-,-,-,-,3078.0000,3077.4000,3077.0000,3075.4000,3075.2000,3079.8000,3080.0000,3080.8000,3081.6000,3085.6000,1,1,1,3,1,2,3,3,1,5
SF,IH2002,2020-01-06 09:34:42.000,3077.2000,1663,0,60008460.000,0,-,-,-,-,3078.0000,3077.4000,3077.0000,3075.4000,3075.2000,3079.8000,3080.8000,3081.6000,3085.6000,3086.0000,1,1,1,3,1,2,3,1,5,1
SF,IH2002,2020-01-06 09:34:42.500,3077.2000,1663,0,60008460.000,0,-,-,-,-,3078.0000,3077.4000,3077.0000,3075.4000,3075.2000,3080.8000,3081.6000,3085.6000,3086.0000,3095.0000,1,1,1,3,1,3,1,5,1,1
SF,IH2002,2020-01-06 09:34:43.000,3077.2000,1663,0,60008460.000,0,-,-,-,-,3078.8000,3078.0000,3077.4000,3077.0000,3075.4000,3080.6000,3081.6000,3085.6000,3086.0000,3095.0000,4,1,1,1,3,1,1,5,1,1
SF,IH2002,2020-01-06 09:34:43.500,3077.2000,1663,0,60008460.000,0,-,-,-,-,3079.0000,3078.8000,3078.2000,3077.4000,3077.0000,3080.4000,3080.6000,3081.6000,3085.6000,3086.0000,1,4,1,1,1,1,1,1,5,1
SF,IH2002,2020-01-06 09:34:44.000,3077.2000,1663,0,60008460.000,0,-,-,-,-,3079.0000,3078.8000,3077.4000,3077.0000,3075.4000,3080.4000,3080.6000,3081.6000,3085.6000,3086.0000,1,4,1,1,3,1,1,1,5,1
SF,IH2002,2020-01-06 09:34:47.000,3077.2000,1663,0,60008460.000,0,-,-,-,-,3079.0000,3078.8000,3077.4000,3077.0000,3075.4000,3080.0000,3080.2000,3080.4000,3080.6000,3081.6000,1,4,1,1,3,3,1,1,1,1
SF,IH2002,2020-01-06 09:34:47.500,3077.2000,1663,0,60008460.000,0,-,-,-,-,3078.8000,3077.4000,3077.0000,3075.4000,3075.2000,3079.8000,3080.0000,3080.2000,3080.4000,3081.6000,4,1,1,3,1,1,3,1,1,1
SF,IH2002,2020-01-06 09:34:48.000,3077.2000,1663,0,60008460.000,0,-,-,-,-,3078.8000,3077.4000,3077.0000,3075.4000,3075.2000,3079.8000,3080.0000,3080.2000,3080.4000,3081.6000,4,1,1,3,1,1,3,1,1,1
SF,IH2002,2020-01-06 09:34:48.500,3077.2000,1663,0,60008460.000,0,-,-,-,-,3078.8000,3077.4000,3077.0000,3075.4000,3075.2000,3079.8000,3080.0000,3080.2000,3080.4000,3081.6000,4,1,1,3,1,1,3,1,1,1
SF,IH2002,2020-01-06 09:34:49.000,3077.2000,1663,0,60008460.000,0,-,-,-,-,3078.8000,3077.4000,3077.0000,3075.4000,3075.2000,3079.8000,3080.0000,3080.2000,3080.4000,3081.6000,4,1,1,3,1,1,3,1,1,1
SF,IH2002,2020-01-06 09:34:50.500,3077.2000,1663,0,60008460.000,0,-,-,-,-,3078.8000,3077.4000,3077.0000,3075.4000,3075.2000,3079.8000,3080.4000,3081.6000,3085.6000,3086.0000,4,1,1,3,1,1,1,1,5,1
SF,IH2002,2020-01-06 09:34:51.000,3077.2000,1663,0,60008460.000,0,-,-,-,-,3078.8000,3077.4000,3077.0000,3075.4000,3075.2000,3081.6000,3085.6000,3086.0000,3095.0000,3098.0000,4,1,1,3,1,1,5,1,1,2
SF,IH2002,2020-01-06 09:34:51.500,3077.2000,1663,0,60008460.000,0,-,-,-,-,3079.0000,3078.8000,3077.4000,3077.0000,3075.4000,3081.2000,3081.4000,3081.6000,3085.6000,3086.0000,1,4,1,1,3,4,3,2,5,1
