市场代码,合约代码,时间,最新,持仓,增仓,成交额,成交量,开仓,平仓,成交类型,方向,买一价,买二价,买三价,买四价,买五价,卖一价,卖二价,卖三价,卖四价,卖五价,买一量,买二量,买三量,买四量,买五量,卖一量,卖二量,卖三量,卖四量,卖五量
SF,IH2001,2019-11-18 09:29:00.000,2961.8000,0,0,0.000,0.000,-,-,-,-,2950.0000,2947.4000,2947.0000,2946.4000,2945.8000,2962.2000,2963.0000,2963.4000,2964.4000,2964.8000,1,2,1,1,1,1,1,2,1,1
SF,IH2001,2019-11-18 09:30:00.500,2961.8000,0,0,0.000,0,-,-,-,-,2950.0000,2946.4000,2943.0000,2940.4000,2905.0000,2960.4000,2961.2000,2962.0000,2962.2000,2966.6000,1,1,5,1,3,1,1,1,1,1
SF,IH2001,2019-11-18 09:30:01.000,2961.8000,0,0,0.000,0,-,-,-,-,2950.2000,2950.0000,2946.4000,2943.0000,2940.4000,2960.2000,2960.4000,2961.2000,2962.2000,2966.6000,1,1,1,5,1,1,2,1,1,1
SF,IH2001,2019-11-18 09:30:01.500,2961.8000,0,0,0.000,0,-,-,-,-,2950.2000,2950.0000,2943.0000,2940.4000,2905.0000,2960.2000,2962.2000,2970.2000,2977.0000,2979.0000,1,1,5,1,3,1,1,1,3,2
SF,IH2001,2019-11-18 09:30:02.000,2961.8000,0,0,0.000,0,-,-,-,-,2950.4000,2950.2000,2950.0000,2943.0000,2940.4000,2960.2000,2962.2000,2970.2000,2977.0000,2979.0000,1,1,1,5,1,2,1,1,3,2
SF,IH2001,2019-11-18 09:30:02.500,2961.8000,0,0,0.000,0,-,-,-,-,2950.4000,2950.0000,2943.0000,2940.4000,2905.0000,2960.2000,2962.2000,2970.2000,2977.0000,2979.0000,1,1,5,1,3,1,1,1,3,2
SF,IH2001,2019-11-18 09:30:03.000,2961.8000,0,0,0.000,0,-,-,-,-,2950.6000,2950.4000,2950.0000,2943.0000,2940.4000,2960.2000,2962.2000,2970.2000,2977.0000,2979.0000,1,1,1,5,1,1,1,1,3,2
SF,IH2001,2019-11-18 09:30:03.500,2961.8000,0,0,0.000,0,-,-,-,-,2950.4000,2950.0000,2943.0000,2940.4000,2905.0000,2960.0000,2960.2000,2962.2000,2970.2000,2977.0000,1,1,5,1,3,1,2,1,1,3
SF,IH2001,2019-11-18 09:30:04.000,2961.8000,0,0,0.000,0,-,-,-,-,2950.6000,2950.4000,2950.0000,2943.0000,2940.4000,2959.8000,2962.2000,2970.2000,2977.0000,2979.0000,1,1,1,5,1,1,1,1,3,2
SF,IH2001,2019-11-18 09:30:04.500,2961.8000,0,0,0.000,0,-,-,-,-,2950.6000,2950.4000,2950.0000,2943.0000,2940.4000,2959.8000,2962.2000,2970.2000,2977.0000,2979.0000,1,1,1,5,1,2,1,1,3,2
SF,IH2001,2019-11-18 09:30:05.000,2961.8000,0,0,0.000,0,-,-,-,-,2950.4000,2950.0000,2943.0000,2940.4000,2905.0000,2959.8000,2962.2000,2970.2000,2977.0000,2979.0000,1,1,5,1,3,2,1,1,3,2
SF,IH2001,2019-11-18 09:30:05.500,2961.8000,0,0,0.000,0,-,-,-,-,2950.4000,2950.0000,2943.0000,2940.4000,2905.0000,2959.8000,2962.2000,2970.2000,2977.0000,2979.0000,1,1,5,1,3,3,1,1,3,2
SF,IH2001,2019-11-18 09:30:06.000,2961.8000,0,0,0.000,0,-,-,-,-,2950.6000,2950.4000,2950.0000,2943.0000,2940.4000,2959.6000,2959.8000,2962.2000,2970.2000,2977.0000,1,1,1,5,1,1,1,1,1,3
SF,IH2001,2019-11-18 09:30:06.500,2961.8000,0,0,0.000,0,-,-,-,-,2950.4000,2950.0000,2943.0000,2940.4000,2905.0000,2959.6000,2959.8000,2962.2000,2970.2000,2977.0000,1,1,5,1,3,1,1,1,1,3
SF,IH2001,2019-11-18 09:30:07.000,2961.8000,0,0,0.000,0,-,-,-,-,2950.4000,2950.0000,2943.0000,2940.4000,2905.0000,2959.8000,2962.2000,2970.2000,2977.0000,2979.0000,1,1,5,1,3,1,1,1,3,2
SF,IH2001,2019-11-18 09:30:07.500,2961.8000,0,0,0.000,0,-,-,-,-,2950.6000,2950.4000,2950.0000,2943.0000,2940.4000,2959.8000,2962.2000,2970.2000,2977.0000,2979.0000,1,1,1,5,1,2,1,1,3,2
SF,IH2001,2019-11-18 09:30:08.000,2961.8000,0,0,0.000,0,-,-,-,-,2950.6000,2950.4000,2950.0000,2943.0000,2940.4000,2959.8000,2962.2000,2970.2000,2977.0000,2979.0000,1,1,1,5,1,1,1,1,3,2
SF,IH2001,2019-11-18 09:30:08.500,2961.8000,0,0,0.000,0,-,-,-,-,2950.4000,2950.0000,2943.0000,2940.4000,2905.0000,2959.8000,2962.2000,2970.2000,2977.0000,2979.0000,1,1,5,1,3,3,1,1,3,2
SF,IH2001,2019-11-18 09:30:09.000,2961.8000,0,0,0.000,0,-,-,-,-,2950.6000,2950.4000,2950.0000,2943.0000,2940.4000,2959.8000,2962.2000,2970.2000,2977.0000,2979.0000,1,1,1,5,1,1,1,1,3,2
SF,IH2001,2019-11-18 09:30:09.500,2961.8000,0,0,0.000,0,-,-,-,-,2950.4000,2950.0000,2943.0000,2940.4000,2905.0000,2959.8000,2962.2000,2970.2000,2977.0000,2979.0000,1,1,5,1,3,3,1,1,3,2
SF,IH2001,2019-11-18 09:30:10.000,2961.8000,0,0,0.000,0,-,-,-,-,2950.4000,2950.0000,2943.0000,2940.4000,2905.0000,2959.8000,2962.2000,2970.2000,2977.0000,2979.0000,1,1,5,1,3,1,1,1,3,2
SF,IH2001,2019-11-18 09:30:10.500,2961.8000,0,0,0.000,0,-,-,-,-,2950.0000,2943.0000,2940.4000,2905.0000,2903.4000,2959.8000,2962.2000,2970.2000,2977.0000,2979.0000,1,5,1,3,3,2,1,1,3,2
SF,IH2001,2019-11-18 09:30:11.000,2961.8000,0,0,0.000,0,-,-,-,-,2950.2000,2950.0000,2943.0000,2940.4000,2905.0000,2959.8000,2962.2000,2970.2000,2977.0000,2979.0000,2,1,5,1,3,1,1,1,3,2
SF,IH2001,2019-11-18 09:30:11.500,2961.8000,0,0,0.000,0,-,-,-,-,2950.2000,2950.0000,2943.0000,2940.4000,2905.0000,2959.8000,2962.2000,2970.2000,2977.0000,2979.0000,1,1,5,1,3,2,1,1,3,2
SF,IH2001,2019-11-18 09:30:12.000,2961.8000,0,0,0.000,0,-,-,-,-,2950.0000,2943.0000,2940.4000,2905.0000,2903.4000,2959.8000,2962.2000,2970.2000,2977.0000,2979.0000,1,5,1,3,3,1,1,1,3,2
SF,IH2001,2019-11-18 09:30:12.500,2961.8000,0,0,0.000,0,-,-,-,-,2950.0000,2943.0000,2940.4000,2905.0000,2903.4000,2959.8000,2962.2000,2970.2000,2977.0000,2979.0000,2,5,1,3,3,1,1,1,3,2
SF,IH2001,2019-11-18 09:30:13.000,2961.8000,0,0,0.000,0,-,-,-,-,2950.0000,2943.0000,2940.4000,2905.0000,2903.4000,2959.8000,2962.2000,2970.2000,2977.0000,2979.0000,2,5,1,3,3,1,1,1,3,2
SF,IH2001,2019-11-18 09:30:18.500,2961.8000,0,0,0.000,0,-,-,-,-,2950.2000,2950.0000,2943.0000,2940.4000,2905.0000,2959.8000,2962.2000,2970.2000,2977.0000,2979.0000,1,2,5,1,3,1,1,1,3,2
SF,IH2001,2019-11-18 09:30:19.000,2961.8000,0,0,0.000,0,-,-,-,-,2950.2000,2950.0000,2943.0000,2940.4000,2905.0000,2959.8000,2962.2000,2970.2000,2977.0000,2979.0000,2,2,5,1,3,1,1,1,3,2
SF,IH2001,2019-11-18 09:30:19.500,2961.8000,0,0,0.000,0,-,-,-,-,2950.2000,2950.0000,2943.0000,2940.4000,2905.0000,2959.6000,2959.8000,2962.2000,2970.2000,2977.0000,1,2,5,1,3,1,1,1,1,3
SF,IH2001,2019-11-18 09:30:20.000,2961.8000,0,0,0.000,0,-,-,-,-,2950.2000,2950.0000,2943.0000,2940.4000,2905.0000,2959.4000,2962.2000,2970.2000,2977.0000,2979.0000,2,2,5,1,3,1,1,1,3,2
SF,IH2001,2019-11-18 09:30:20.500,2961.8000,0,0,0.000,0,-,-,-,-,2950.2000,2950.0000,2943.0000,2940.4000,2905.0000,2959.2000,2959.4000,2962.2000,2970.2000,2977.0000,1,2,5,1,3,1,1,1,1,3
SF,IH2001,2019-11-18 09:30:21.000,2961.8000,0,0,0.000,0,-,-,-,-,2950.2000,2950.0000,2943.0000,2940.4000,2905.0000,2959.4000,2962.2000,2970.2000,2977.0000,2979.0000,2,2,5,1,3,1,1,1,3,2
SF,IH2001,2019-11-18 09:30:21.500,2961.8000,0,0,0.000,0,-,-,-,-,2950.0000,2943.0000,2940.4000,2905.0000,2903.4000,2959.2000,2959.4000,2962.2000,2970.2000,2977.0000,2,5,1,3,3,1,1,1,1,3
SF,IH2001,2019-11-18 09:30:22.000,2961.8000,0,0,0.000,0,-,-,-,-,2950.2000,2950.0000,2943.0000,2940.4000,2905.0000,2959.4000,2962.2000,2970.2000,2977.0000,2979.0000,1,2,5,1,3,1,1,1,3,2
SF,IH2001,2019-11-18 09:30:22.500,2961.8000,0,0,0.000,0,-,-,-,-,2950.0000,2943.0000,2940.4000,2905.0000,2903.4000,2959.4000,2962.2000,2970.2000,2977.0000,2979.0000,2,5,1,3,3,1,1,1,3,2
SF,IH2001,2019-11-18 09:30:23.000,2961.8000,0,0,0.000,0,-,-,-,-,2950.2000,2950.0000,2943.0000,2940.4000,2905.0000,2959.4000,2962.2000,2970.2000,2977.0000,2979.0000,1,1,5,1,3,2,1,1,3,2
SF,IH2001,2019-11-18 09:30:23.500,2961.8000,0,0,0.000,0,-,-,-,-,2950.2000,2950.0000,2943.0000,2940.4000,2905.0000,2959.4000,2962.2000,2970.2000,2977.0000,2979.0000,1,1,5,1,3,1,1,1,3,2
SF,IH2001,2019-11-18 09:30:24.000,2961.8000,0,0,0.000,0,-,-,-,-,2950.2000,2950.0000,2943.0000,2940.4000,2905.0000,2959.4000,2962.2000,2970.2000,2977.0000,2979.0000,1,1,5,1,3,2,1,1,3,2
SF,IH2001,2019-11-18 09:30:24.500,2961.8000,0,0,0.000,0,-,-,-,-,2950.2000,2950.0000,2943.0000,2940.4000,2905.0000,2959.4000,2962.2000,2970.2000,2977.0000,2979.0000,1,1,5,1,3,1,1,1,3,2
SF,IH2001,2019-11-18 09:30:25.000,2961.8000,0,0,0.000,0,-,-,-,-,2950.2000,2950.0000,2943.0000,2940.4000,2905.0000,2959.4000,2962.2000,2970.2000,2977.0000,2979.0000,1,1,5,1,3,2,1,1,3,2
SF,IH2001,2019-11-18 09:30:25.500,2961.8000,0,0,0.000,0,-,-,-,-,2950.2000,2950.0000,2943.0000,2940.4000,2905.0000,2959.4000,2962.2000,2970.2000,2977.0000,2979.0000,1,1,5,1,3,1,1,1,3,2
SF,IH2001,2019-11-18 09:30:26.500,2961.8000,0,0,0.000,0,-,-,-,-,2950.4000,2950.2000,2950.0000,2943.0000,2940.4000,2959.4000,2962.2000,2970.2000,2977.0000,2979.0000,1,1,1,5,1,1,1,1,3,2
SF,IH2001,2019-11-18 09:30:27.000,2961.8000,0,0,0.000,0,-,-,-,-,2950.4000,2950.0000,2943.0000,2940.4000,2905.0000,2959.4000,2962.2000,2970.2000,2977.0000,2979.0000,1,1,5,1,3,2,1,1,3,2
SF,IH2001,2019-11-18 09:30:27.500,2961.8000,0,0,0.000,0,-,-,-,-,2950.0000,2943.0000,2940.4000,2905.0000,2903.4000,2959.4000,2962.2000,2970.2000,2977.0000,2979.0000,1,5,1,3,3,1,1,1,3,2
SF,IH2001,2019-11-18 09:30:28.000,2961.8000,0,0,0.000,0,-,-,-,-,2950.2000,2950.0000,2943.0000,2940.4000,2905.0000,2959.4000,2962.2000,2970.2000,2977.0000,2979.0000,2,1,5,1,3,1,1,1,3,2
SF,IH2001,2019-11-18 09:30:39.000,2961.8000,0,0,0.000,0,-,-,-,-,2950.2000,2950.0000,2943.0000,2940.4000,2905.0000,2959.4000,2962.2000,2970.2000,2977.0000,2979.0000,1,1,5,1,3,1,1,1,3,2
SF,IH2001,2019-11-18 09:30:40.000,2961.8000,0,0,0.000,0,-,-,-,-,2950.4000,2950.2000,2950.0000,2943.0000,2940.4000,2959.4000,2962.2000,2970.2000,2977.0000,2979.0000,1,1,1,5,1,1,1,1,3,2
SF,IH2001,2019-11-18 09:30:40.500,2961.8000,0,0,0.000,0,-,-,-,-,2950.2000,2950.0000,2943.0000,2940.4000,2905.0000,2959.4000,2962.2000,2970.2000,2977.0000,2979.0000,1,1,5,1,3,1,1,1,3,2
SF,IH2001,2019-11-18 09:30:41.000,2961.8000,0,0,0.000,0,-,-,-,-,2950.2000,2950.0000,2943.0000,2940.4000,2905.0000,2959.2000,2959.4000,2962.2000,2970.2000,2977.0000,1,1,5,1,3,1,1,1,1,3
SF,IH2001,2019-11-18 09:30:41.500,2961.8000,0,0,0.000,0,-,-,-,-,2950.2000,2950.0000,2943.0000,2940.4000,2905.0000,2959.0000,2959.2000,2962.2000,2970.2000,2977.0000,1,1,5,1,3,1,2,1,1,3
SF,IH2001,2019-11-18 09:30:42.000,2961.8000,0,0,0.000,0,-,-,-,-,2950.4000,2950.2000,2950.0000,2943.0000,2940.4000,2959.0000,2962.2000,2970.2000,2977.0000,2979.0000,1,1,1,5,1,1,1,1,3,2
SF,IH2001,2019-11-18 09:30:42.500,2961.8000,0,0,0.000,0,-,-,-,-,2950.2000,2950.0000,2943.0000,2940.4000,2905.0000,2959.0000,2962.2000,2970.2000,2977.0000,2979.0000,1,1,5,1,3,2,1,1,3,2
SF,IH2001,2019-11-18 09:30:43.000,2961.8000,0,0,0.000,0,-,-,-,-,2950.4000,2950.2000,2950.0000,2943.0000,2940.4000,2959.0000,2962.2000,2970.2000,2977.0000,2979.0000,1,1,1,5,1,1,1,1,3,2
SF,IH2001,2019-11-18 09:30:43.500,2961.8000,0,0,0.000,0,-,-,-,-,2950.2000,2950.0000,2943.0000,2940.4000,2905.0000,2959.0000,2962.2000,2970.2000,2977.0000,2979.0000,1,1,5,1,3,1,1,1,3,2
SF,IH2001,2019-11-18 09:30:44.000,2961.8000,0,0,0.000,0,-,-,-,-,2950.4000,2950.2000,2950.0000,2943.0000,2940.4000,2959.0000,2962.2000,2970.2000,2977.0000,2979.0000,1,1,1,5,1,1,1,1,3,2
SF,IH2001,2019-11-18 09:30:45.500,2961.8000,0,0,0.000,0,-,-,-,-,2950.2000,2950.0000,2943.0000,2940.4000,2905.0000,2959.0000,2962.2000,2970.2000,2977.0000,2979.0000,1,1,5,1,3,1,1,1,3,2
SF,IH2001,2019-11-18 09:30:46.000,2961.8000,0,0,0.000,0,-,-,-,-,2950.4000,2950.2000,2950.0000,2943.0000,2940.4000,2959.0000,2962.2000,2970.2000,2977.0000,2979.0000,1,1,1,5,1,1,1,1,3,2
SF,IH2001,2019-11-18 09:30:46.500,2961.8000,0,0,0.000,0,-,-,-,-,2950.4000,2950.2000,2950.0000,2943.0000,2940.4000,2959.0000,2962.2000,2970.2000,2977.0000,2979.0000,1,1,1,5,1,1,1,1,3,2
SF,IH2001,2019-11-18 09:30:50.000,2961.8000,0,0,0.000,0,-,-,-,-,2950.4000,2950.2000,2950.0000,2943.0000,2940.4000,2962.2000,2970.2000,2977.0000,2979.0000,2998.0000,1,1,1,5,1,1,1,3,2,3
SF,IH2001,2019-11-18 09:30:50.500,2961.8000,0,0,0.000,0,-,-,-,-,2950.2000,2950.0000,2943.0000,2940.4000,2905.0000,2962.0000,2962.2000,2970.2000,2977.0000,2979.0000,1,1,5,1,3,1,1,1,3,2
SF,IH2001,2019-11-18 09:30:51.000,2961.8000,0,0,0.000,0,-,-,-,-,2950.4000,2950.2000,2950.0000,2943.0000,2940.4000,2962.0000,2962.2000,2970.2000,2977.0000,2979.0000,1,1,1,5,1,1,1,1,3,2
SF,IH2001,2019-11-18 09:30:51.500,2961.8000,0,0,0.000,0,-,-,-,-,2950.2000,2950.0000,2943.0000,2940.4000,2903.4000,2961.8000,2962.0000,2962.2000,2970.2000,2977.0000,1,1,5,1,3,1,1,1,1,3
SF,IH2001,2019-11-18 09:30:52.000,2961.8000,0,0,0.000,0,-,-,-,-,2950.8000,2950.2000,2950.0000,2943.0000,2940.4000,2962.0000,2962.2000,2970.2000,2977.0000,2979.0000,1,1,1,5,1,1,1,1,3,2
SF,IH2001,2019-11-18 09:30:52.500,2961.8000,0,0,0.000,0,-,-,-,-,2951.0000,2950.8000,2950.2000,2950.0000,2943.0000,2962.0000,2962.2000,2970.2000,2977.0000,2979.0000,1,1,1,1,5,1,1,1,3,2
SF,IH2001,2019-11-18 09:30:53.500,2961.8000,0,0,0.000,0,-,-,-,-,2951.2000,2951.0000,2950.2000,2950.0000,2943.0000,2962.0000,2962.2000,2970.2000,2977.0000,2979.0000,1,1,1,1,5,1,1,1,3,2
SF,IH2001,2019-11-18 09:30:54.000,2961.8000,0,0,0.000,0,-,-,-,-,2951.2000,2951.0000,2950.0000,2943.0000,2940.4000,2962.0000,2962.2000,2970.2000,2977.0000,2979.0000,1,1,1,5,1,2,1,1,3,2
SF,IH2001,2019-11-18 09:30:54.500,2961.8000,0,0,0.000,0,-,-,-,-,2951.2000,2951.0000,2950.0000,2943.0000,2940.4000,2962.0000,2962.2000,2970.2000,2977.0000,2979.0000,1,1,1,5,1,1,1,1,3,2
SF,IH2001,2019-11-18 09:30:55.000,2961.8000,0,0,0.000,0,-,-,-,-,2951.2000,2951.0000,2950.0000,2943.0000,2940.4000,2962.0000,2962.2000,2970.2000,2977.0000,2979.0000,1,1,1,5,1,2,1,1,3,2
SF,IH2001,2019-11-18 09:30:55.500,2961.8000,0,0,0.000,0,-,-,-,-,2951.2000,2951.0000,2950.0000,2943.0000,2940.4000,2962.0000,2962.2000,2970.2000,2977.0000,2979.0000,1,1,1,5,1,1,1,1,3,2
SF,IH2001,2019-11-18 09:30:56.000,2961.8000,0,0,0.000,0,-,-,-,-,2951.2000,2951.0000,2950.0000,2943.0000,2940.4000,2961.8000,2962.0000,2962.2000,2970.2000,2977.0000,1,1,1,5,1,1,2,1,1,3
SF,IH2001,2019-11-18 09:30:56.500,2961.8000,0,0,0.000,0,-,-,-,-,2951.2000,2951.0000,2950.0000,2943.0000,2940.4000,2961.6000,2961.8000,2962.2000,2970.2000,2977.0000,1,1,1,5,1,1,1,1,1,3
SF,IH2001,2019-11-18 09:30:57.000,2961.8000,0,0,0.000,0,-,-,-,-,2951.2000,2951.0000,2950.0000,2943.0000,2940.4000,2961.6000,2962.2000,2970.2000,2977.0000,2979.0000,1,1,1,5,1,1,1,1,3,2
SF,IH2001,2019-11-18 09:30:57.500,2961.8000,0,0,0.000,0,-,-,-,-,2951.2000,2951.0000,2950.0000,2943.0000,2940.4000,2961.4000,2961.6000,2962.2000,2970.2000,2977.0000,2,1,1,5,1,1,1,1,1,3
SF,IH2001,2019-11-18 09:30:58.000,2961.8000,0,0,0.000,0,-,-,-,-,2951.2000,2951.0000,2950.0000,2943.0000,2940.4000,2961.4000,2961.6000,2962.2000,2970.2000,2977.0000,1,1,1,5,1,1,1,1,1,3
SF,IH2001,2019-11-18 09:30:58.500,2961.8000,0,0,0.000,0,-,-,-,-,2951.2000,2951.0000,2950.0000,2943.0000,2940.4000,2961.4000,2961.6000,2962.2000,2970.2000,2977.0000,2,1,1,5,1,1,1,1,1,3
SF,IH2001,2019-11-18 09:30:59.000,2961.8000,0,0,0.000,0,-,-,-,-,2951.2000,2951.0000,2950.0000,2943.0000,2940.4000,2961.4000,2961.6000,2962.2000,2970.2000,2977.0000,1,1,1,5,1,1,1,1,1,3
SF,IH2001,2019-11-18 09:30:59.500,2961.8000,0,0,0.000,0,-,-,-,-,2951.2000,2951.0000,2950.0000,2943.0000,2940.4000,2961.2000,2961.4000,2961.6000,2962.2000,2970.2000,2,1,1,5,1,1,1,1,1,1
SF,IH2001,2019-11-18 09:31:00.000,2961.8000,0,0,0.000,0,-,-,-,-,2951.2000,2951.0000,2950.2000,2950.0000,2943.0000,2961.0000,2961.2000,2962.2000,2970.2000,2977.0000,1,1,1,1,5,1,1,1,1,3
SF,IH2001,2019-11-18 09:31:00.500,2961.8000,0,0,0.000,0,-,-,-,-,2951.2000,2951.0000,2950.2000,2950.0000,2943.0000,2960.8000,2961.0000,2961.2000,2962.2000,2970.2000,2,1,1,1,5,1,1,1,1,1
SF,IH2001,2019-11-18 09:31:01.000,2961.8000,0,0,0.000,0,-,-,-,-,2951.2000,2951.0000,2950.2000,2950.0000,2943.0000,2960.8000,2961.0000,2961.2000,2962.2000,2970.2000,1,1,1,1,5,1,1,1,1,1
SF,IH2001,2019-11-18 09:31:01.500,2961.8000,0,0,0.000,0,-,-,-,-,2951.2000,2951.0000,2950.2000,2950.0000,2943.0000,2960.8000,2961.0000,2962.2000,2970.2000,2977.0000,2,1,1,1,5,1,1,1,1,3
SF,IH2001,2019-11-18 09:31:02.000,2961.8000,0,0,0.000,0,-,-,-,-,2951.0000,2950.2000,2950.0000,2943.0000,2940.4000,2960.8000,2961.0000,2962.2000,2970.2000,2977.0000,1,1,1,5,1,1,1,1,1,3
SF,IH2001,2019-11-18 09:31:02.500,2961.8000,0,0,0.000,0,-,-,-,-,2951.0000,2950.2000,2950.0000,2943.0000,2940.4000,2960.8000,2961.0000,2962.2000,2970.2000,2977.0000,2,1,1,5,1,1,1,1,1,3
SF,IH2001,2019-11-18 09:31:03.500,2961.8000,0,0,0.000,0,-,-,-,-,2951.0000,2950.2000,2950.0000,2943.0000,2940.4000,2960.6000,2960.8000,2962.2000,2970.2000,2977.0000,2,1,1,5,1,1,1,1,1,3
SF,IH2001,2019-11-18 09:31:04.000,2961.8000,0,0,0.000,0,-,-,-,-,2951.0000,2950.2000,2950.0000,2943.0000,2940.4000,2960.6000,2962.2000,2970.2000,2977.0000,2979.0000,1,1,1,5,1,1,1,1,3,2
SF,IH2001,2019-11-18 09:31:04.500,2961.8000,0,0,0.000,0,-,-,-,-,2951.0000,2950.2000,2950.0000,2943.0000,2940.4000,2960.4000,2960.6000,2962.2000,2970.2000,2977.0000,1,1,1,5,1,1,1,1,1,3
SF,IH2001,2019-11-18 09:31:05.500,2961.8000,0,0,0.000,0,-,-,-,-,2951.0000,2950.2000,2950.0000,2943.0000,2940.4000,2960.2000,2960.4000,2960.6000,2962.2000,2970.2000,1,1,1,5,1,1,1,1,1,1
SF,IH2001,2019-11-18 09:31:06.000,2961.8000,0,0,0.000,0,-,-,-,-,2951.0000,2950.2000,2950.0000,2943.0000,2940.4000,2960.2000,2960.6000,2962.2000,2970.2000,2977.0000,1,1,1,5,1,1,1,1,1,3
SF,IH2001,2019-11-18 09:31:06.500,2961.8000,0,0,0.000,0,-,-,-,-,2951.0000,2950.2000,2950.0000,2943.0000,2940.4000,2960.2000,2960.6000,2962.2000,2970.2000,2977.0000,2,1,1,5,1,2,1,1,1,3
SF,IH2001,2019-11-18 09:31:07.000,2961.8000,0,0,0.000,0,-,-,-,-,2951.0000,2950.2000,2950.0000,2943.0000,2940.4000,2960.2000,2962.2000,2970.2000,2977.0000,2979.0000,2,1,1,5,1,2,1,1,3,2
SF,IH2001,2019-11-18 09:31:08.500,2961.8000,0,0,0.000,0,-,-,-,-,2951.0000,2950.2000,2950.0000,2943.0000,2940.4000,2960.2000,2962.2000,2970.2000,2977.0000,2979.0000,2,1,1,5,1,1,1,1,3,2
SF,IH2001,2019-11-18 09:31:09.000,2961.8000,0,0,0.000,0,-,-,-,-,2951.0000,2950.2000,2950.0000,2943.0000,2940.4000,2962.2000,2970.2000,2977.0000,2979.0000,3013.0000,1,1,1,5,1,1,1,3,2,3
SF,IH2001,2019-11-18 09:31:09.500,2961.8000,0,0,0.000,0,-,-,-,-,2951.0000,2950.2000,2950.0000,2943.0000,2940.4000,2962.0000,2962.2000,2970.2000,2977.0000,2979.0000,1,1,1,5,1,2,1,1,3,2
SF,IH2001,2019-11-18 09:31:10.000,2961.8000,0,0,0.000,0,-,-,-,-,2951.0000,2950.2000,2950.0000,2943.0000,2940.4000,2962.0000,2962.2000,2970.2000,2977.0000,2979.0000,3,1,1,5,1,2,1,1,3,2
SF,IH2001,2019-11-18 09:31:10.500,2961.8000,0,0,0.000,0,-,-,-,-,2951.0000,2950.2000,2950.0000,2943.0000,2940.4000,2962.0000,2962.2000,2970.2000,2977.0000,2979.0000,1,1,1,5,1,2,1,1,3,2
SF,IH2001,2019-11-18 09:31:11.000,2961.8000,0,0,0.000,0,-,-,-,-,2951.0000,2950.2000,2950.0000,2943.0000,2940.4000,2962.0000,2962.2000,2970.2000,2977.0000,2979.0000,3,1,1,5,1,2,1,1,3,2
SF,IH2001,2019-11-18 09:31:11.500,2961.8000,0,0,0.000,0,-,-,-,-,2951.0000,2950.2000,2950.0000,2943.0000,2940.4000,2962.0000,2962.2000,2970.2000,2977.0000,2979.0000,1,1,1,5,1,2,1,1,3,2
SF,IH2001,2019-11-18 09:31:12.000,2961.8000,0,0,0.000,0,-,-,-,-,2951.0000,2950.2000,2950.0000,2943.0000,2940.4000,2962.0000,2962.2000,2970.2000,2977.0000,2979.0000,3,1,1,5,1,2,1,1,3,2
SF,IH2001,2019-11-18 09:31:12.500,2961.8000,0,0,0.000,0,-,-,-,-,2951.0000,2950.2000,2950.0000,2943.0000,2940.4000,2962.0000,2962.2000,2970.2000,2977.0000,2979.0000,1,1,1,5,1,2,1,1,3,2
SF,IH2001,2019-11-18 09:31:13.000,2961.8000,0,0,0.000,0,-,-,-,-,2951.0000,2950.2000,2950.0000,2943.0000,2940.4000,2962.0000,2962.2000,2970.2000,2977.0000,2979.0000,3,1,1,5,1,2,1,1,3,2
SF,IH2001,2019-11-18 09:31:13.500,2961.8000,0,0,0.000,0,-,-,-,-,2951.0000,2950.2000,2950.0000,2943.0000,2940.4000,2962.0000,2962.2000,2970.2000,2977.0000,2979.0000,1,1,1,5,1,2,1,1,3,2
SF,IH2001,2019-11-18 09:31:14.000,2961.8000,0,0,0.000,0,-,-,-,-,2951.0000,2950.2000,2950.0000,2943.0000,2940.4000,2962.0000,2962.2000,2970.2000,2977.0000,2979.0000,3,1,1,5,1,2,1,1,3,2
SF,IH2001,2019-11-18 09:31:14.500,2961.8000,0,0,0.000,0,-,-,-,-,2951.0000,2950.2000,2950.0000,2943.0000,2940.4000,2962.0000,2962.2000,2970.2000,2977.0000,2979.0000,1,1,1,5,1,2,1,1,3,2
SF,IH2001,2019-11-18 09:31:15.000,2961.8000,0,0,0.000,0,-,-,-,-,2951.0000,2950.2000,2950.0000,2943.0000,2940.4000,2962.0000,2962.2000,2970.2000,2977.0000,2979.0000,3,1,1,5,1,2,1,1,3,2
SF,IH2001,2019-11-18 09:31:15.500,2961.8000,0,0,0.000,0,-,-,-,-,2951.0000,2950.2000,2950.0000,2943.0000,2940.4000,2962.0000,2962.2000,2970.2000,2977.0000,2979.0000,1,1,1,5,1,2,1,1,3,2
SF,IH2001,2019-11-18 09:31:16.000,2961.8000,0,0,0.000,0,-,-,-,-,2951.0000,2950.2000,2950.0000,2943.0000,2940.4000,2962.0000,2962.2000,2970.2000,2977.0000,2979.0000,3,1,1,5,1,2,1,1,3,2
SF,IH2001,2019-11-18 09:31:16.500,2961.8000,0,0,0.000,0,-,-,-,-,2951.0000,2950.2000,2950.0000,2943.0000,2940.4000,2962.0000,2962.2000,2970.2000,2977.0000,2979.0000,1,1,1,5,1,2,1,1,3,2
SF,IH2001,2019-11-18 09:31:17.000,2961.8000,0,0,0.000,0,-,-,-,-,2951.0000,2950.2000,2950.0000,2943.0000,2940.4000,2962.0000,2962.2000,2970.2000,2977.0000,2979.0000,3,1,1,5,1,2,1,1,3,2
SF,IH2001,2019-11-18 09:31:17.500,2961.8000,0,0,0.000,0,-,-,-,-,2951.0000,2950.2000,2950.0000,2943.0000,2940.4000,2962.0000,2962.2000,2970.2000,2977.0000,2979.0000,1,1,1,5,1,2,1,1,3,2
SF,IH2001,2019-11-18 09:31:18.000,2961.8000,0,0,0.000,0,-,-,-,-,2951.0000,2950.2000,2950.0000,2943.0000,2940.4000,2962.0000,2962.2000,2970.2000,2977.0000,2979.0000,3,1,1,5,1,2,1,1,3,2
SF,IH2001,2019-11-18 09:31:18.500,2961.8000,0,0,0.000,0,-,-,-,-,2951.0000,2950.2000,2950.0000,2943.0000,2940.4000,2962.0000,2962.2000,2970.2000,2977.0000,2979.0000,1,1,1,5,1,2,1,1,3,2
SF,IH2001,2019-11-18 09:31:19.000,2961.8000,0,0,0.000,0,-,-,-,-,2951.0000,2950.2000,2950.0000,2943.0000,2940.4000,2962.0000,2962.2000,2970.2000,2977.0000,2979.0000,3,1,1,5,1,2,1,1,3,2
SF,IH2001,2019-11-18 09:31:19.500,2961.8000,0,0,0.000,0,-,-,-,-,2951.0000,2950.2000,2950.0000,2943.0000,2940.4000,2962.0000,2962.2000,2970.2000,2977.0000,2979.0000,1,1,1,5,1,2,1,1,3,2
SF,IH2001,2019-11-18 09:31:20.000,2961.8000,0,0,0.000,0,-,-,-,-,2951.0000,2950.2000,2950.0000,2943.0000,2940.4000,2962.0000,2962.2000,2970.2000,2977.0000,2979.0000,3,1,1,5,1,2,1,1,3,2
SF,IH2001,2019-11-18 09:31:20.500,2961.8000,0,0,0.000,0,-,-,-,-,2951.0000,2950.2000,2950.0000,2943.0000,2940.4000,2962.0000,2962.2000,2970.2000,2977.0000,2979.0000,1,1,1,5,1,2,1,1,3,2
SF,IH2001,2019-11-18 09:31:21.000,2961.8000,0,0,0.000,0,-,-,-,-,2951.0000,2950.2000,2950.0000,2943.0000,2940.4000,2962.0000,2962.2000,2970.2000,2977.0000,2979.0000,3,1,1,5,1,2,1,1,3,2
SF,IH2001,2019-11-18 09:31:22.000,2961.8000,0,0,0.000,0,-,-,-,-,2951.0000,2950.2000,2950.0000,2943.0000,2940.4000,2962.0000,2962.2000,2970.2000,2977.0000,2979.0000,3,1,1,5,1,1,1,1,3,2
SF,IH2001,2019-11-18 09:31:22.500,2961.8000,0,0,0.000,0,-,-,-,-,2951.0000,2950.2000,2950.0000,2943.0000,2940.4000,2962.0000,2962.2000,2970.2000,2977.0000,2979.0000,1,1,1,5,1,2,1,1,3,2
SF,IH2001,2019-11-18 09:31:23.000,2961.8000,0,0,0.000,0,-,-,-,-,2951.0000,2950.2000,2950.0000,2943.0000,2940.4000,2962.0000,2962.2000,2970.2000,2977.0000,2979.0000,3,1,1,5,1,1,1,1,3,2
SF,IH2001,2019-11-18 09:31:23.500,2961.8000,0,0,0.000,0,-,-,-,-,2951.0000,2950.2000,2950.0000,2943.0000,2940.4000,2962.2000,2970.2000,2977.0000,2979.0000,3013.0000,1,1,1,5,1,1,1,3,2,3
SF,IH2001,2019-11-18 09:31:24.000,2961.8000,0,0,0.000,0,-,-,-,-,2951.0000,2950.2000,2950.0000,2943.0000,2940.4000,2962.0000,2962.2000,2970.2000,2977.0000,2979.0000,3,1,1,5,1,1,1,1,3,2
SF,IH2001,2019-11-18 09:31:24.500,2961.8000,0,0,0.000,0,-,-,-,-,2951.2000,2951.0000,2950.2000,2950.0000,2943.0000,2962.0000,2962.2000,2970.2000,2977.0000,2979.0000,1,1,1,1,5,1,1,1,3,2
SF,IH2001,2019-11-18 09:31:25.000,2961.8000,0,0,0.000,0,-,-,-,-,2951.2000,2951.0000,2950.2000,2950.0000,2943.0000,2962.0000,2962.2000,2970.2000,2977.0000,2979.0000,2,1,1,1,5,1,1,1,3,2
SF,IH2001,2019-11-18 09:31:25.500,2961.8000,0,0,0.000,0,-,-,-,-,2951.2000,2951.0000,2950.2000,2950.0000,2943.0000,2962.0000,2962.2000,2970.2000,2977.0000,2979.0000,1,1,1,1,5,1,1,1,3,2
SF,IH2001,2019-11-18 09:31:26.000,2961.8000,0,0,0.000,0,-,-,-,-,2951.2000,2951.0000,2950.2000,2950.0000,2943.0000,2962.0000,2962.2000,2970.2000,2977.0000,2979.0000,2,1,1,1,5,1,1,1,3,2
SF,IH2001,2019-11-18 09:31:26.500,2961.8000,0,0,0.000,0,-,-,-,-,2951.2000,2951.0000,2950.2000,2950.0000,2943.0000,2962.0000,2962.2000,2970.2000,2977.0000,2979.0000,1,1,1,1,5,1,1,1,3,2
SF,IH2001,2019-11-18 09:31:27.000,2961.8000,0,0,0.000,0,-,-,-,-,2951.2000,2951.0000,2950.2000,2950.0000,2943.0000,2962.0000,2962.2000,2970.2000,2977.0000,2979.0000,2,1,1,1,5,1,1,1,3,2
SF,IH2001,2019-11-18 09:31:27.500,2961.8000,0,0,0.000,0,-,-,-,-,2951.2000,2951.0000,2950.2000,2950.0000,2943.0000,2962.2000,2970.2000,2977.0000,2979.0000,3013.0000,2,1,1,1,5,1,1,3,2,3
SF,IH2001,2019-11-18 09:31:28.000,2961.8000,0,0,0.000,0,-,-,-,-,2951.4000,2951.2000,2951.0000,2950.2000,2950.0000,2962.2000,2970.2000,2977.0000,2979.0000,3013.0000,1,2,1,1,1,1,1,3,2,3
SF,IH2001,2019-11-18 09:31:28.500,2961.8000,0,0,0.000,0,-,-,-,-,2951.6000,2951.4000,2951.0000,2950.2000,2950.0000,2962.2000,2970.2000,2977.0000,2979.0000,3013.0000,2,2,1,1,1,1,1,3,2,3
SF,IH2001,2019-11-18 09:31:29.000,2961.8000,0,0,0.000,0,-,-,-,-,2951.8000,2951.6000,2951.4000,2951.0000,2950.2000,2962.2000,2970.2000,2977.0000,2979.0000,3013.0000,1,2,1,1,1,1,1,3,2,3
SF,IH2001,2019-11-18 09:31:29.500,2961.8000,0,0,0.000,0,-,-,-,-,2951.8000,2951.6000,2951.4000,2951.0000,2950.2000,2962.2000,2970.2000,2977.0000,2979.0000,3013.0000,2,1,1,1,1,1,1,3,2,3
SF,IH2001,2019-11-18 09:31:30.000,2961.8000,0,0,0.000,0,-,-,-,-,2952.0000,2951.8000,2951.6000,2951.4000,2951.0000,2962.2000,2970.2000,2977.0000,2979.0000,3013.0000,1,1,1,1,1,1,1,3,2,3
SF,IH2001,2019-11-18 09:31:30.500,2961.8000,0,0,0.000,0,-,-,-,-,2953.2000,2952.2000,2952.0000,2951.8000,2951.6000,2962.2000,2970.2000,2977.0000,2979.0000,3013.0000,1,2,2,1,1,1,1,3,2,3
SF,IH2001,2019-11-18 09:31:31.000,2961.8000,0,0,0.000,0,-,-,-,-,2953.4000,2953.2000,2952.2000,2951.8000,2951.4000,2962.2000,2970.2000,2977.0000,2979.0000,3013.0000,2,1,1,1,1,1,1,3,2,3
SF,IH2001,2019-11-18 09:31:31.500,2961.8000,0,0,0.000,0,-,-,-,-,2953.4000,2953.2000,2952.2000,2951.8000,2951.4000,2962.2000,2970.2000,2977.0000,2979.0000,3013.0000,2,1,1,1,1,2,1,3,2,3
SF,IH2001,2019-11-18 09:31:32.000,2961.8000,0,0,0.000,0,-,-,-,-,2954.2000,2953.4000,2952.2000,2951.8000,2951.4000,2962.2000,2970.2000,2977.0000,2979.0000,3013.0000,1,2,1,1,1,2,1,3,2,3
SF,IH2001,2019-11-18 09:31:32.500,2961.8000,0,0,0.000,0,-,-,-,-,2954.4000,2954.2000,2953.4000,2952.2000,2951.8000,2962.2000,2970.2000,2977.0000,2979.0000,3013.0000,1,1,2,1,1,1,1,3,2,3
SF,IH2001,2019-11-18 09:31:33.000,2961.8000,0,0,0.000,0,-,-,-,-,2954.4000,2954.2000,2953.4000,2952.2000,2951.8000,2962.2000,2970.2000,2977.0000,2979.0000,3013.0000,1,1,2,1,1,2,1,3,2,3
SF,IH2001,2019-11-18 09:31:33.500,2961.8000,0,0,0.000,0,-,-,-,-,2955.0000,2954.4000,2953.4000,2952.2000,2951.8000,2962.2000,2970.2000,2977.0000,2979.0000,3013.0000,1,1,2,1,1,1,1,3,2,3
SF,IH2001,2019-11-18 09:31:34.000,2961.8000,0,0,0.000,0,-,-,-,-,2955.2000,2955.0000,2954.4000,2953.4000,2952.2000,2962.2000,2970.2000,2977.0000,2979.0000,3013.0000,1,1,1,2,1,2,1,3,2,3
SF,IH2001,2019-11-18 09:31:35.500,2961.8000,0,0,0.000,0,-,-,-,-,2955.2000,2954.4000,2953.4000,2952.2000,2951.8000,2962.2000,2970.2000,2977.0000,2979.0000,3013.0000,1,1,2,1,1,2,1,3,2,3
SF,IH2001,2019-11-18 09:31:36.500,2961.8000,0,0,0.000,0,-,-,-,-,2955.2000,2954.4000,2953.4000,2952.2000,2951.8000,2962.0000,2962.2000,2970.2000,2977.0000,2979.0000,1,1,1,1,1,2,2,1,3,2
SF,IH2001,2019-11-18 09:31:37.000,2961.8000,0,0,0.000,0,-,-,-,-,2955.2000,2954.4000,2953.4000,2952.2000,2951.8000,2962.0000,2962.2000,2970.2000,2977.0000,2979.0000,1,1,1,1,1,3,1,1,3,2
SF,IH2001,2019-11-18 09:31:38.500,2961.8000,0,0,0.000,0,-,-,-,-,2955.2000,2954.4000,2953.4000,2952.2000,2951.8000,2962.0000,2962.2000,2970.2000,2977.0000,2979.0000,1,1,1,1,1,2,1,1,3,2
SF,IH2001,2019-11-18 09:31:39.500,2961.8000,0,0,0.000,0,-,-,-,-,2955.2000,2954.4000,2953.4000,2952.2000,2951.8000,2961.8000,2962.0000,2970.2000,2977.0000,2979.0000,1,1,1,1,1,1,2,1,3,2
SF,IH2001,2019-11-18 09:31:40.000,2961.8000,0,0,0.000,0,-,-,-,-,2955.2000,2954.4000,2953.4000,2952.2000,2951.8000,2961.6000,2961.8000,2970.2000,2977.0000,2979.0000,1,1,1,1,1,1,2,1,3,2
SF,IH2001,2019-11-18 09:31:40.500,2961.8000,0,0,0.000,0,-,-,-,-,2955.2000,2954.4000,2953.4000,2952.2000,2951.8000,2961.6000,2961.8000,2970.2000,2977.0000,2979.0000,1,1,1,1,1,1,1,1,3,2
SF,IH2001,2019-11-18 09:31:41.000,2961.8000,0,0,0.000,0,-,-,-,-,2955.2000,2954.4000,2953.4000,2952.2000,2951.8000,2961.6000,2961.8000,2970.2000,2977.0000,2979.0000,1,1,1,1,1,2,1,1,3,2
SF,IH2001,2019-11-18 09:31:41.500,2961.8000,0,0,0.000,0,-,-,-,-,2955.2000,2954.4000,2953.4000,2952.2000,2951.8000,2961.6000,2961.8000,2970.2000,2977.0000,2979.0000,1,1,1,1,1,1,1,1,3,2
SF,IH2001,2019-11-18 09:31:46.000,2961.8000,0,0,0.000,0,-,-,-,-,2955.2000,2954.4000,2953.4000,2952.2000,2951.8000,2961.6000,2970.2000,2977.0000,2979.0000,3013.0000,1,1,1,1,1,1,1,3,2,3
SF,IH2001,2019-11-18 09:31:46.500,2961.8000,0,0,0.000,0,-,-,-,-,2955.2000,2954.4000,2953.4000,2952.2000,2951.8000,2961.4000,2961.6000,2970.2000,2977.0000,2979.0000,1,1,1,1,1,2,1,1,3,2
SF,IH2001,2019-11-18 09:31:47.000,2961.8000,0,0,0.000,0,-,-,-,-,2955.2000,2954.4000,2953.4000,2952.2000,2951.8000,2961.2000,2961.4000,2970.2000,2977.0000,2979.0000,2,1,1,1,1,1,2,1,3,2
SF,IH2001,2019-11-18 09:31:47.500,2961.8000,0,0,0.000,0,-,-,-,-,2955.2000,2954.4000,2953.4000,2952.2000,2951.8000,2961.2000,2961.4000,2970.2000,2977.0000,2979.0000,1,1,1,1,1,1,2,1,3,2
SF,IH2001,2019-11-18 09:31:48.500,2961.8000,0,0,0.000,0,-,-,-,-,2955.2000,2954.4000,2953.4000,2952.2000,2951.8000,2961.0000,2961.2000,2961.4000,2970.2000,2977.0000,1,1,1,1,1,1,1,1,1,3
SF,IH2001,2019-11-18 09:31:49.000,2961.8000,0,0,0.000,0,-,-,-,-,2955.2000,2954.4000,2953.4000,2952.2000,2951.8000,2961.0000,2961.2000,2961.4000,2965.8000,2970.2000,1,1,1,1,1,1,1,1,1,1
SF,IH2001,2019-11-18 09:31:50.500,2961.8000,0,0,0.000,0,-,-,-,-,2955.2000,2954.4000,2953.4000,2952.2000,2951.8000,2961.0000,2961.2000,2961.4000,2964.0000,2965.8000,1,1,1,1,1,1,1,1,5,1
SF,IH2001,2019-11-18 09:31:51.000,2961.8000,0,0,0.000,0,-,-,-,-,2955.2000,2954.4000,2953.4000,2952.2000,2951.8000,2960.8000,2961.0000,2961.4000,2964.0000,2965.8000,1,1,1,1,1,1,1,1,5,1
SF,IH2001,2019-11-18 09:31:54.000,2961.8000,0,0,0.000,0,-,-,-,-,2955.2000,2954.4000,2953.4000,2952.2000,2951.8000,2960.6000,2960.8000,2961.4000,2964.0000,2965.8000,1,1,1,1,1,1,1,1,5,1
SF,IH2001,2019-11-18 09:31:56.000,2961.8000,0,0,0.000,0,-,-,-,-,2955.2000,2954.4000,2953.4000,2952.2000,2951.8000,2960.4000,2960.6000,2961.4000,2964.0000,2965.8000,1,1,1,1,1,1,1,1,5,1
SF,IH2001,2019-11-18 09:31:56.500,2961.8000,0,0,0.000,0,-,-,-,-,2955.2000,2954.4000,2953.4000,2952.2000,2951.8000,2960.4000,2960.6000,2961.4000,2964.0000,2965.8000,1,1,1,1,1,2,1,1,5,1
SF,IH2001,2019-11-18 09:31:57.000,2961.8000,0,0,0.000,0,-,-,-,-,2955.2000,2954.4000,2953.4000,2952.2000,2951.8000,2960.4000,2960.6000,2961.4000,2964.0000,2965.8000,2,1,1,1,1,1,1,1,5,1
SF,IH2001,2019-11-18 09:31:57.500,2961.8000,0,0,0.000,0,-,-,-,-,2955.2000,2954.4000,2953.4000,2952.2000,2951.8000,2960.2000,2960.4000,2961.4000,2964.0000,2965.8000,1,1,1,1,1,1,1,1,5,1
SF,IH2001,2019-11-18 09:31:58.000,2961.8000,0,0,0.000,0,-,-,-,-,2955.2000,2954.4000,2953.4000,2952.2000,2951.8000,2960.2000,2960.4000,2961.4000,2964.0000,2965.8000,2,1,1,1,1,1,1,1,5,1
SF,IH2001,2019-11-18 09:31:58.500,2961.8000,0,0,0.000,0,-,-,-,-,2955.2000,2954.4000,2953.4000,2952.2000,2951.8000,2960.2000,2960.4000,2961.4000,2964.0000,2965.8000,1,1,1,1,1,1,1,1,5,1
SF,IH2001,2019-11-18 09:31:59.000,2961.8000,0,0,0.000,0,-,-,-,-,2955.2000,2954.4000,2953.4000,2952.2000,2951.8000,2960.2000,2960.4000,2961.4000,2964.0000,2965.8000,2,1,1,1,1,1,1,1,5,1
SF,IH2001,2019-11-18 09:31:59.500,2961.8000,0,0,0.000,0,-,-,-,-,2955.2000,2954.4000,2953.4000,2952.2000,2951.8000,2960.2000,2960.4000,2961.4000,2964.0000,2965.8000,1,1,1,1,1,1,1,1,5,1
SF,IH2001,2019-11-18 09:32:01.000,2961.8000,0,0,0.000,0,-,-,-,-,2954.4000,2953.4000,2952.2000,2951.8000,2950.2000,2960.0000,2960.2000,2961.4000,2964.0000,2965.8000,1,1,1,1,1,1,1,1,5,1
SF,IH2001,2019-11-18 09:32:01.500,2961.8000,0,0,0.000,0,-,-,-,-,2954.4000,2953.4000,2952.2000,2951.8000,2950.2000,2960.0000,2960.2000,2961.4000,2964.0000,2965.8000,1,1,1,1,1,2,1,1,5,1
SF,IH2001,2019-11-18 09:32:02.000,2961.8000,0,0,0.000,0,-,-,-,-,2953.4000,2952.2000,2951.8000,2950.2000,2950.0000,2960.0000,2960.2000,2961.4000,2964.0000,2965.8000,1,1,1,1,1,1,1,1,5,1
SF,IH2001,2019-11-18 09:32:02.500,2961.8000,0,0,0.000,0,-,-,-,-,2953.4000,2952.2000,2951.8000,2950.2000,2950.0000,2959.8000,2960.0000,2961.4000,2964.0000,2965.8000,1,1,1,1,1,1,2,1,5,1
SF,IH2001,2019-11-18 09:32:03.000,2961.8000,0,0,0.000,0,-,-,-,-,2953.4000,2952.2000,2951.8000,2950.2000,2950.0000,2959.8000,2960.0000,2961.4000,2964.0000,2965.8000,1,1,1,1,1,1,1,1,5,1
SF,IH2001,2019-11-18 09:32:04.500,2961.8000,0,0,0.000,0,-,-,-,-,2953.4000,2952.2000,2951.8000,2950.2000,2950.0000,2959.6000,2959.8000,2961.4000,2964.0000,2965.8000,1,1,1,1,1,1,1,1,5,1
SF,IH2001,2019-11-18 09:32:11.000,2961.8000,0,0,0.000,0,-,-,-,-,2953.4000,2952.2000,2951.8000,2950.2000,2950.0000,2959.6000,2959.8000,2961.4000,2964.0000,2965.8000,1,1,1,1,1,1,1,1,5,1
SF,IH2001,2019-11-18 09:32:12.500,2961.8000,0,0,0.000,0,-,-,-,-,2953.4000,2952.2000,2951.8000,2950.2000,2950.0000,2959.4000,2959.6000,2961.4000,2964.0000,2965.8000,1,1,1,1,1,1,1,1,5,1
SF,IH2001,2019-11-18 09:32:13.000,2961.8000,0,0,0.000,0,-,-,-,-,2953.4000,2952.2000,2951.8000,2950.2000,2950.0000,2959.2000,2959.4000,2961.4000,2964.0000,2965.8000,1,1,1,1,1,1,1,1,5,1
SF,IH2001,2019-11-18 09:32:13.500,2961.8000,0,0,0.000,0,-,-,-,-,2953.4000,2952.2000,2951.8000,2950.2000,2950.0000,2959.2000,2959.4000,2961.4000,2964.0000,2965.8000,2,1,1,1,1,1,1,1,5,1
SF,IH2001,2019-11-18 09:32:14.000,2961.8000,0,0,0.000,0,-,-,-,-,2953.4000,2952.2000,2951.8000,2950.2000,2950.0000,2959.0000,2959.2000,2961.4000,2964.0000,2965.8000,1,1,1,1,1,1,1,1,5,1
SF,IH2001,2019-11-18 09:32:14.500,2961.8000,0,0,0.000,0,-,-,-,-,2953.4000,2952.2000,2951.8000,2950.2000,2950.0000,2959.0000,2959.2000,2961.4000,2964.0000,2965.8000,2,1,1,1,1,1,1,1,5,1
SF,IH2001,2019-11-18 09:32:15.000,2961.8000,0,0,0.000,0,-,-,-,-,2953.4000,2952.2000,2951.8000,2950.2000,2950.0000,2959.0000,2959.2000,2961.4000,2964.0000,2965.8000,1,1,1,1,1,1,1,1,5,1
SF,IH2001,2019-11-18 09:32:15.500,2961.8000,0,0,0.000,0,-,-,-,-,2953.4000,2952.2000,2951.8000,2950.2000,2950.0000,2959.0000,2959.2000,2961.4000,2964.0000,2965.8000,1,1,1,1,1,2,1,1,5,1
SF,IH2001,2019-11-18 09:32:16.000,2961.8000,0,0,0.000,0,-,-,-,-,2953.4000,2952.2000,2951.8000,2950.2000,2950.0000,2959.0000,2959.2000,2961.4000,2964.0000,2965.8000,1,1,1,1,1,1,1,1,5,1
SF,IH2001,2019-11-18 09:32:16.500,2961.8000,0,0,0.000,0,-,-,-,-,2953.4000,2952.2000,2951.8000,2950.2000,2950.0000,2959.0000,2959.2000,2961.4000,2964.0000,2965.8000,1,1,1,1,1,2,1,1,5,1
SF,IH2001,2019-11-18 09:32:17.000,2961.8000,0,0,0.000,0,-,-,-,-,2953.4000,2952.2000,2951.8000,2950.2000,2950.0000,2959.0000,2959.2000,2961.4000,2964.0000,2965.8000,1,1,1,1,1,1,1,1,5,1
SF,IH2001,2019-11-18 09:32:17.500,2961.8000,0,0,0.000,0,-,-,-,-,2953.4000,2952.2000,2951.8000,2950.2000,2950.0000,2959.0000,2959.2000,2961.4000,2964.0000,2965.8000,1,1,1,1,1,2,1,1,5,1
SF,IH2001,2019-11-18 09:32:18.000,2961.8000,0,0,0.000,0,-,-,-,-,2953.4000,2952.2000,2951.8000,2950.2000,2950.0000,2959.0000,2959.2000,2961.4000,2964.0000,2965.8000,1,1,1,1,1,1,1,1,5,1
SF,IH2001,2019-11-18 09:32:18.500,2961.8000,0,0,0.000,0,-,-,-,-,2953.4000,2952.2000,2951.8000,2950.2000,2950.0000,2959.0000,2959.2000,2961.4000,2964.0000,2965.8000,1,1,1,1,1,2,1,1,5,1
SF,IH2001,2019-11-18 09:32:19.000,2961.8000,0,0,0.000,0,-,-,-,-,2953.4000,2952.2000,2951.8000,2950.2000,2950.0000,2959.0000,2959.2000,2961.4000,2964.0000,2965.8000,1,1,1,1,1,1,1,1,5,1
SF,IH2001,2019-11-18 09:32:19.500,2961.8000,0,0,0.000,0,-,-,-,-,2953.4000,2952.2000,2951.8000,2950.2000,2950.0000,2959.0000,2959.2000,2961.4000,2964.0000,2965.8000,1,1,1,1,1,2,1,1,5,1
SF,IH2001,2019-11-18 09:32:20.000,2961.8000,0,0,0.000,0,-,-,-,-,2953.4000,2952.2000,2951.8000,2950.2000,2950.0000,2959.0000,2959.2000,2961.4000,2964.0000,2965.8000,1,1,1,1,1,1,1,1,5,1
SF,IH2001,2019-11-18 09:32:21.500,2961.8000,0,0,0.000,0,-,-,-,-,2953.4000,2952.2000,2951.8000,2950.2000,2950.0000,2958.8000,2959.0000,2961.4000,2964.0000,2965.8000,1,1,1,1,1,1,1,1,5,1
SF,IH2001,2019-11-18 09:32:22.000,2961.8000,0,0,0.000,0,-,-,-,-,2953.4000,2952.2000,2951.8000,2950.2000,2950.0000,2958.8000,2959.0000,2961.4000,2964.0000,2965.8000,2,1,1,1,1,1,1,1,5,1
SF,IH2001,2019-11-18 09:32:23.000,2961.8000,0,0,0.000,0,-,-,-,-,2953.4000,2952.2000,2951.8000,2950.2000,2950.0000,2958.6000,2958.8000,2961.4000,2964.0000,2965.8000,2,1,1,1,1,1,1,1,5,1
SF,IH2001,2019-11-18 09:32:26.000,2961.8000,0,0,0.000,0,-,-,-,-,2953.4000,2952.2000,2951.8000,2950.2000,2950.0000,2958.6000,2958.8000,2961.4000,2964.0000,2970.2000,2,1,1,1,1,1,1,1,5,1
SF,IH2001,2019-11-18 09:32:27.500,2961.8000,0,0,0.000,0,-,-,-,-,2953.4000,2952.2000,2951.8000,2950.2000,2950.0000,2958.6000,2961.4000,2964.0000,2970.2000,2979.0000,2,1,1,1,1,1,1,5,1,2
SF,IH2001,2019-11-18 09:32:34.500,2961.8000,0,0,0.000,0,-,-,-,-,2953.4000,2952.2000,2951.8000,2950.2000,2950.0000,2958.6000,2961.4000,2964.0000,2970.2000,3013.0000,2,1,1,1,1,1,1,5,1,3
SF,IH2001,2019-11-18 09:32:35.000,2961.8000,0,0,0.000,0,-,-,-,-,2953.4000,2952.2000,2951.8000,2950.2000,2950.0000,2958.6000,2961.4000,2964.0000,2970.2000,3013.0000,1,1,1,1,1,1,1,5,1,3
SF,IH2001,2019-11-18 09:32:39.500,2961.8000,0,0,0.000,0,-,-,-,-,2952.2000,2951.8000,2950.2000,2950.0000,2948.8000,2958.6000,2961.4000,2964.0000,2970.2000,3013.0000,1,1,1,1,5,1,1,5,1,3
SF,IH2001,2019-11-18 09:32:40.500,2961.8000,0,0,0.000,0,-,-,-,-,2952.2000,2951.8000,2950.2000,2950.0000,2945.0000,2958.6000,2961.4000,2964.0000,2970.2000,3013.0000,1,1,1,1,5,1,1,5,1,3
SF,IH2001,2019-11-18 09:32:58.000,2961.8000,0,0,0.000,0,-,-,-,-,2952.2000,2951.8000,2950.2000,2950.0000,2945.0000,2958.4000,2958.6000,2961.4000,2964.0000,2970.2000,1,1,1,1,5,1,1,1,5,1
SF,IH2001,2019-11-18 09:33:02.500,2961.8000,0,0,0.000,0,-,-,-,-,2952.2000,2951.8000,2950.2000,2950.0000,2945.0000,2958.2000,2958.4000,2961.4000,2964.0000,2970.2000,1,1,1,1,5,1,1,1,5,1
SF,IH2001,2019-11-18 09:33:03.500,2961.8000,0,0,0.000,0,-,-,-,-,2952.2000,2951.8000,2950.2000,2950.0000,2945.0000,2958.2000,2961.4000,2964.0000,2970.2000,3013.0000,1,1,1,1,5,1,1,5,1,3
SF,IH2001,2019-11-18 09:33:04.000,2961.8000,0,0,0.000,0,-,-,-,-,2952.2000,2951.8000,2950.2000,2950.0000,2945.0000,2958.2000,2961.4000,2964.0000,2970.2000,3013.0000,1,1,1,1,5,2,1,5,1,3
SF,IH2001,2019-11-18 09:33:04.500,2961.8000,0,0,0.000,0,-,-,-,-,2952.2000,2951.8000,2950.2000,2950.0000,2945.0000,2958.2000,2961.4000,2964.0000,2970.2000,3013.0000,1,1,1,1,5,1,1,5,1,3
SF,IH2001,2019-11-18 09:33:05.000,2961.8000,0,0,0.000,0,-,-,-,-,2952.2000,2951.8000,2950.2000,2950.0000,2945.0000,2958.2000,2961.4000,2964.0000,2970.2000,3013.0000,1,1,1,1,5,2,1,5,1,3
SF,IH2001,2019-11-18 09:33:05.500,2961.8000,0,0,0.000,0,-,-,-,-,2952.2000,2951.8000,2950.2000,2950.0000,2945.0000,2958.2000,2961.4000,2964.0000,2970.2000,3013.0000,1,1,1,1,5,1,1,5,1,3
SF,IH2001,2019-11-18 09:33:06.000,2961.8000,0,0,0.000,0,-,-,-,-,2952.2000,2951.8000,2950.2000,2950.0000,2945.0000,2958.2000,2961.4000,2964.0000,2970.2000,3013.0000,1,1,1,1,5,2,1,5,1,3
SF,IH2001,2019-11-18 09:33:06.500,2961.8000,0,0,0.000,0,-,-,-,-,2952.2000,2951.8000,2950.2000,2950.0000,2945.0000,2958.2000,2961.4000,2964.0000,2970.2000,3013.0000,1,1,1,1,5,1,1,5,1,3
SF,IH2001,2019-11-18 09:33:08.000,2961.8000,0,0,0.000,0,-,-,-,-,2952.2000,2951.8000,2950.0000,2945.0000,2940.4000,2958.2000,2961.4000,2964.0000,2970.2000,3013.0000,1,1,1,5,1,1,1,5,1,3
SF,IH2001,2019-11-18 09:33:08.500,2961.8000,0,0,0.000,0,-,-,-,-,2952.2000,2951.8000,2950.0000,2945.0000,2940.4000,2958.2000,2961.4000,2964.0000,2970.2000,3013.0000,1,1,1,5,1,2,1,5,1,3
SF,IH2001,2019-11-18 09:33:09.000,2961.8000,0,0,0.000,0,-,-,-,-,2952.2000,2951.8000,2950.0000,2945.0000,2940.4000,2958.2000,2961.4000,2964.0000,2970.2000,3013.0000,1,1,1,5,1,1,1,5,1,3
SF,IH2001,2019-11-18 09:33:09.500,2961.8000,0,0,0.000,0,-,-,-,-,2952.2000,2951.8000,2950.0000,2945.0000,2940.4000,2958.2000,2961.4000,2964.0000,2970.2000,3013.0000,1,1,1,5,1,2,1,5,1,3
SF,IH2001,2019-11-18 09:33:19.000,2961.8000,0,0,0.000,0,-,-,-,-,2952.2000,2951.8000,2950.0000,2945.0000,2940.4000,2958.0000,2958.2000,2961.4000,2964.0000,2970.2000,1,1,1,5,1,1,2,1,5,1
SF,IH2001,2019-11-18 09:33:19.500,2961.8000,0,0,0.000,0,-,-,-,-,2952.2000,2951.8000,2950.0000,2945.0000,2940.4000,2958.0000,2958.2000,2961.4000,2964.0000,2970.2000,1,1,1,5,1,3,1,1,5,1
SF,IH2001,2019-11-18 09:33:20.000,2961.8000,0,0,0.000,0,-,-,-,-,2952.2000,2951.8000,2950.0000,2945.0000,2940.4000,2958.0000,2958.2000,2961.4000,2964.0000,2970.2000,1,1,1,5,1,2,1,1,5,1
SF,IH2001,2019-11-18 09:33:20.500,2961.8000,0,0,0.000,0,-,-,-,-,2951.8000,2950.0000,2945.0000,2940.4000,2903.4000,2957.6000,2958.0000,2958.2000,2961.4000,2964.0000,1,1,5,1,3,1,2,1,1,5
SF,IH2001,2019-11-18 09:33:21.000,2961.8000,0,0,0.000,0,-,-,-,-,2951.8000,2950.0000,2945.0000,2940.4000,2903.4000,2957.6000,2958.0000,2958.2000,2961.4000,2964.0000,1,1,5,1,3,2,1,1,1,5
SF,IH2001,2019-11-18 09:33:21.500,2961.8000,0,0,0.000,0,-,-,-,-,2951.8000,2950.0000,2945.0000,2940.4000,2903.4000,2957.0000,2957.4000,2958.2000,2961.4000,2964.0000,1,1,5,1,3,1,1,1,1,5
SF,IH2001,2019-11-18 09:33:22.000,2961.8000,0,0,0.000,0,-,-,-,-,2951.8000,2950.0000,2945.0000,2940.4000,2903.4000,2957.0000,2957.4000,2958.2000,2961.4000,2964.0000,1,1,5,1,3,2,1,1,1,5
SF,IH2001,2019-11-18 09:33:22.500,2961.8000,0,0,0.000,0,-,-,-,-,2951.8000,2950.0000,2945.0000,2940.4000,2903.4000,2957.0000,2958.2000,2961.4000,2964.0000,2970.2000,1,1,5,1,3,2,1,1,5,1
SF,IH2001,2019-11-18 09:33:23.500,2961.8000,0,0,0.000,0,-,-,-,-,2950.0000,2945.0000,2940.4000,2903.4000,2900.8000,2957.0000,2958.2000,2961.4000,2964.0000,2970.2000,1,5,1,3,1,2,1,1,5,1
SF,IH2001,2019-11-18 09:33:24.000,2961.8000,0,0,0.000,0,-,-,-,-,2950.0000,2945.0000,2940.4000,2903.4000,2900.8000,2957.0000,2958.2000,2961.4000,2964.0000,2970.2000,1,5,1,3,1,1,1,1,5,1
SF,IH2001,2019-11-18 09:33:24.500,2961.8000,0,0,0.000,0,-,-,-,-,2950.2000,2950.0000,2945.0000,2940.4000,2903.4000,2956.6000,2957.0000,2958.2000,2961.4000,2964.0000,1,1,5,1,3,1,1,1,1,5
SF,IH2001,2019-11-18 09:33:26.500,2961.8000,0,0,0.000,0,-,-,-,-,2950.2000,2950.0000,2945.0000,2940.4000,2903.4000,2956.4000,2956.6000,2957.0000,2961.4000,2964.0000,1,1,5,1,3,1,1,1,1,5
SF,IH2001,2019-11-18 09:33:27.000,2961.8000,0,0,0.000,0,-,-,-,-,2950.2000,2950.0000,2945.0000,2940.4000,2903.4000,2956.4000,2956.6000,2961.4000,2964.0000,2970.2000,1,1,5,1,3,1,1,1,5,1
SF,IH2001,2019-11-18 09:33:29.000,2961.8000,0,0,0.000,0,-,-,-,-,2950.2000,2950.0000,2945.0000,2940.4000,2903.4000,2956.4000,2956.6000,2961.4000,2970.2000,3013.0000,1,1,5,1,3,6,1,1,1,3
SF,IH2001,2019-11-18 09:33:29.500,2961.8000,0,0,0.000,0,-,-,-,-,2950.2000,2950.0000,2945.0000,2940.4000,2903.4000,2956.2000,2956.4000,2961.4000,2970.2000,3013.0000,2,1,5,1,3,1,6,1,1,3
SF,IH2001,2019-11-18 09:33:30.000,2961.8000,0,0,0.000,0,-,-,-,-,2950.2000,2950.0000,2945.0000,2940.4000,2903.4000,2956.2000,2956.4000,2961.4000,2970.2000,3013.0000,1,1,5,1,3,1,6,1,1,3
SF,IH2001,2019-11-18 09:33:31.000,2961.8000,0,0,0.000,0,-,-,-,-,2950.2000,2950.0000,2945.0000,2940.4000,2903.4000,2956.0000,2956.2000,2956.4000,2961.4000,2970.2000,1,1,5,1,3,2,1,6,1,1
SF,IH2001,2019-11-18 09:33:31.500,2961.8000,0,0,0.000,0,-,-,-,-,2950.2000,2950.0000,2945.0000,2940.4000,2903.4000,2956.0000,2956.2000,2956.4000,2961.4000,2970.2000,1,1,5,1,3,3,1,5,1,1
SF,IH2001,2019-11-18 09:33:32.000,2961.8000,0,0,0.000,0,-,-,-,-,2950.2000,2950.0000,2945.0000,2940.4000,2903.4000,2955.8000,2956.0000,2956.4000,2961.4000,2970.2000,1,1,5,1,3,1,3,5,1,1
SF,IH2001,2019-11-18 09:33:32.500,2961.8000,0,0,0.000,0,-,-,-,-,2950.2000,2950.0000,2945.0000,2940.4000,2903.4000,2955.8000,2956.0000,2956.4000,2961.4000,2970.2000,1,1,5,1,3,3,2,5,1,1
SF,IH2001,2019-11-18 09:33:33.000,2961.8000,0,0,0.000,0,-,-,-,-,2950.2000,2950.0000,2945.0000,2940.4000,2903.4000,2955.8000,2956.0000,2956.4000,2961.4000,2970.2000,1,1,5,1,3,2,2,5,1,1
SF,IH2001,2019-11-18 09:33:33.500,2961.8000,0,0,0.000,0,-,-,-,-,2950.2000,2950.0000,2945.0000,2940.4000,2903.4000,2955.6000,2955.8000,2956.0000,2956.4000,2961.4000,1,1,5,1,3,1,1,2,5,1
SF,IH2001,2019-11-18 09:33:34.000,2961.8000,0,0,0.000,0,-,-,-,-,2950.2000,2950.0000,2945.0000,2940.4000,2903.4000,2955.6000,2955.8000,2956.0000,2956.4000,2961.4000,1,1,5,1,3,2,1,2,5,1
SF,IH2001,2019-11-18 09:33:35.000,2961.8000,0,0,0.000,0,-,-,-,-,2950.0000,2945.0000,2940.4000,2903.4000,2900.8000,2955.6000,2955.8000,2956.0000,2956.4000,2961.4000,1,5,1,3,1,2,1,2,5,1
SF,IH2001,2019-11-18 09:33:35.500,2961.8000,0,0,0.000,0,-,-,-,-,2951.0000,2950.0000,2945.0000,2940.4000,2903.4000,2955.4000,2955.6000,2956.4000,2961.4000,2970.2000,1,1,5,1,3,1,2,5,1,1
SF,IH2001,2019-11-18 09:33:36.000,2961.8000,0,0,0.000,0,-,-,-,-,2951.0000,2950.0000,2945.0000,2940.4000,2903.4000,2955.4000,2955.6000,2956.4000,2961.4000,2970.2000,1,1,5,1,3,2,1,5,1,1
SF,IH2001,2019-11-18 09:33:36.500,2961.8000,0,0,0.000,0,-,-,-,-,2951.0000,2950.0000,2945.0000,2940.4000,2903.4000,2955.0000,2955.4000,2956.4000,2961.4000,2970.2000,1,1,5,1,3,1,1,5,1,1
SF,IH2001,2019-11-18 09:33:37.000,2961.8000,0,0,0.000,0,-,-,-,-,2951.0000,2950.0000,2945.0000,2940.4000,2903.4000,2955.0000,2955.4000,2956.4000,2961.4000,2970.2000,1,1,5,1,3,2,1,5,1,1
SF,IH2001,2019-11-18 09:33:37.500,2961.8000,0,0,0.000,0,-,-,-,-,2951.0000,2950.0000,2941.2000,2940.4000,2903.4000,2955.0000,2955.4000,2956.4000,2961.4000,2970.2000,1,1,5,1,3,2,1,5,1,1
SF,IH2001,2019-11-18 09:33:38.500,2961.8000,0,0,0.000,0,-,-,-,-,2951.0000,2950.0000,2946.2000,2941.2000,2940.4000,2955.0000,2955.4000,2956.4000,2961.4000,2970.2000,1,1,1,5,1,2,1,5,1,1
SF,IH2001,2019-11-18 09:33:39.000,2961.8000,0,0,0.000,0,-,-,-,-,2951.0000,2950.0000,2946.2000,2941.2000,2940.4000,2954.8000,2955.0000,2956.4000,2961.4000,2970.2000,1,1,1,5,1,1,1,5,1,1
SF,IH2001,2019-11-18 09:33:39.500,2961.8000,0,0,0.000,0,-,-,-,-,2951.0000,2950.0000,2946.2000,2941.2000,2940.4000,2954.8000,2955.0000,2956.4000,2961.4000,2970.2000,2,1,1,5,1,1,1,5,1,1
SF,IH2001,2019-11-18 09:33:40.500,2961.8000,0,0,0.000,0,-,-,-,-,2951.0000,2950.0000,2946.2000,2941.2000,2940.4000,2955.0000,2956.4000,2961.4000,2970.2000,3013.0000,2,1,1,5,1,1,5,1,1,3
SF,IH2001,2019-11-18 09:33:41.000,2961.8000,0,0,0.000,0,-,-,-,-,2951.0000,2950.0000,2946.2000,2941.2000,2940.4000,2956.4000,2961.4000,2970.2000,3013.0000,3013.8000,2,1,1,5,1,5,1,1,3,1
SF,IH2001,2019-11-18 09:33:44.000,2961.8000,0,0,0.000,0,-,-,-,-,2951.0000,2950.0000,2946.2000,2941.2000,2940.4000,2956.2000,2956.4000,2961.4000,2970.2000,3013.0000,2,1,1,5,1,1,5,1,1,3
SF,IH2001,2019-11-18 09:33:44.500,2961.8000,0,0,0.000,0,-,-,-,-,2951.0000,2950.0000,2946.2000,2941.2000,2940.4000,2956.2000,2956.4000,2961.4000,2970.2000,3013.0000,1,1,1,5,1,1,5,1,1,3
SF,IH2001,2019-11-18 09:33:45.000,2961.8000,0,0,0.000,0,-,-,-,-,2951.0000,2950.0000,2946.2000,2941.2000,2940.4000,2956.2000,2956.4000,2961.4000,2970.2000,3013.0000,2,1,1,5,1,1,5,1,1,3
SF,IH2001,2019-11-18 09:33:45.500,2961.8000,0,0,0.000,0,-,-,-,-,2951.0000,2950.0000,2946.2000,2941.2000,2940.4000,2956.2000,2956.4000,2961.4000,2970.2000,3013.0000,1,1,1,5,1,1,5,1,1,3
SF,IH2001,2019-11-18 09:33:46.000,2961.8000,0,0,0.000,0,-,-,-,-,2951.0000,2950.0000,2946.2000,2941.2000,2940.4000,2956.2000,2956.4000,2961.4000,2970.2000,3013.0000,2,1,1,5,1,1,5,1,1,3
SF,IH2001,2019-11-18 09:33:46.500,2961.8000,0,0,0.000,0,-,-,-,-,2951.0000,2950.0000,2946.2000,2941.2000,2940.4000,2956.2000,2956.4000,2961.4000,2970.2000,3013.0000,1,1,1,5,1,1,5,1,1,3
SF,IH2001,2019-11-18 09:33:53.000,2961.8000,0,0,0.000,0,-,-,-,-,2951.0000,2950.0000,2946.2000,2941.2000,2940.4000,2956.0000,2956.2000,2956.4000,2961.4000,2970.2000,1,1,1,5,1,1,1,5,1,1
SF,IH2001,2019-11-18 09:33:57.500,2961.8000,0,0,0.000,0,-,-,-,-,2951.0000,2950.0000,2946.2000,2941.2000,2940.4000,2955.8000,2956.0000,2956.4000,2961.4000,2970.2000,1,1,1,5,1,1,1,5,1,1
SF,IH2001,2019-11-18 09:33:58.000,2961.8000,0,0,0.000,0,-,-,-,-,2951.2000,2951.0000,2950.0000,2946.2000,2941.2000,2955.8000,2956.0000,2956.4000,2961.4000,2970.2000,1,2,1,1,5,1,1,5,1,1
SF,IH2001,2019-11-18 09:33:59.000,2961.8000,0,0,0.000,0,-,-,-,-,2951.2000,2951.0000,2950.0000,2946.2000,2941.2000,2955.8000,2956.4000,2961.4000,2970.2000,3013.0000,1,2,1,1,5,1,5,1,1,3
SF,IH2001,2019-11-18 09:34:03.500,2961.8000,0,0,0.000,0,-,-,-,-,2951.0000,2950.0000,2946.2000,2941.2000,2940.4000,2955.8000,2956.4000,2961.4000,2970.2000,3013.0000,2,1,1,5,1,1,5,1,1,3
SF,IH2001,2019-11-18 09:34:04.000,2961.8000,0,0,0.000,0,-,-,-,-,2951.0000,2950.0000,2946.2000,2941.2000,2940.4000,2955.8000,2956.4000,2961.4000,2970.2000,3013.0000,1,1,1,5,1,1,5,1,1,3
SF,IH2001,2019-11-18 09:34:04.500,2961.8000,0,0,0.000,0,-,-,-,-,2951.0000,2950.0000,2946.2000,2941.2000,2940.4000,2955.8000,2956.4000,2961.4000,2970.2000,3013.0000,2,1,1,5,1,1,5,1,1,3
SF,IH2001,2019-11-18 09:34:05.000,2961.8000,0,0,0.000,0,-,-,-,-,2951.0000,2950.0000,2946.2000,2941.2000,2940.4000,2955.8000,2956.4000,2961.4000,2970.2000,3013.0000,1,1,1,5,1,1,5,1,1,3
SF,IH2001,2019-11-18 09:34:05.500,2961.8000,0,0,0.000,0,-,-,-,-,2951.0000,2950.0000,2946.2000,2941.2000,2940.4000,2955.8000,2956.4000,2961.4000,2970.2000,3013.0000,2,1,1,5,1,1,5,1,1,3
SF,IH2001,2019-11-18 09:34:06.000,2961.8000,0,0,0.000,0,-,-,-,-,2951.0000,2950.0000,2946.2000,2941.2000,2940.4000,2955.8000,2956.4000,2961.4000,2970.2000,3013.0000,1,1,1,5,1,1,5,1,1,3
SF,IH2001,2019-11-18 09:34:06.500,2961.8000,0,0,0.000,0,-,-,-,-,2951.0000,2950.0000,2946.2000,2941.2000,2940.4000,2955.8000,2956.4000,2961.4000,2970.2000,3013.0000,2,1,1,5,1,1,5,1,1,3
SF,IH2001,2019-11-18 09:34:07.000,2961.8000,0,0,0.000,0,-,-,-,-,2951.0000,2950.0000,2946.2000,2941.2000,2940.4000,2955.8000,2956.4000,2961.4000,2970.2000,3013.0000,1,1,1,5,1,1,5,1,1,3
SF,IH2001,2019-11-18 09:34:07.500,2961.8000,0,0,0.000,0,-,-,-,-,2951.0000,2950.0000,2946.2000,2941.2000,2940.4000,2955.8000,2956.4000,2961.4000,2970.2000,3013.0000,2,1,1,5,1,1,5,1,1,3
SF,IH2001,2019-11-18 09:34:08.000,2961.8000,0,0,0.000,0,-,-,-,-,2951.0000,2950.0000,2946.2000,2941.2000,2940.4000,2955.8000,2956.4000,2961.4000,2970.2000,3013.0000,1,1,1,5,1,1,5,1,1,3
SF,IH2001,2019-11-18 09:34:10.500,2961.8000,0,0,0.000,0,-,-,-,-,2951.0000,2950.0000,2946.2000,2941.2000,2940.4000,2955.6000,2955.8000,2956.4000,2961.4000,2970.2000,1,1,1,5,1,1,1,5,1,1
SF,IH2001,2019-11-18 09:34:16.500,2961.8000,0,0,0.000,0,-,-,-,-,2951.0000,2950.0000,2946.2000,2941.2000,2940.4000,2954.4000,2955.6000,2955.8000,2956.4000,2961.4000,1,1,1,5,1,1,1,1,5,1
SF,IH2001,2019-11-18 09:34:21.500,2961.8000,0,0,0.000,0,-,-,-,-,2951.0000,2950.0000,2946.2000,2941.2000,2940.4000,2954.2000,2954.4000,2955.6000,2955.8000,2956.4000,1,1,1,5,1,1,1,1,1,5
SF,IH2001,2019-11-18 09:34:22.500,2961.8000,0,0,0.000,0,-,-,-,-,2951.0000,2950.0000,2946.2000,2941.2000,2940.4000,2954.2000,2955.6000,2955.8000,2956.4000,2961.4000,1,1,1,5,1,1,1,1,5,1
SF,IH2001,2019-11-18 09:34:24.500,2961.8000,0,0,0.000,0,-,-,-,-,2951.0000,2950.0000,2941.2000,2940.4000,2903.4000,2954.2000,2955.6000,2955.8000,2956.4000,2961.4000,1,1,5,1,3,1,1,1,5,1
SF,IH2001,2019-11-18 09:34:26.000,2961.8000,0,0,0.000,0,-,-,-,-,2951.0000,2950.0000,2941.2000,2940.4000,2903.4000,2954.0000,2954.2000,2955.6000,2955.8000,2956.4000,1,1,5,1,3,1,1,1,1,5
SF,IH2001,2019-11-18 09:34:27.000,2961.8000,0,0,0.000,0,-,-,-,-,2951.0000,2950.0000,2941.2000,2940.4000,2903.4000,2954.0000,2955.6000,2955.8000,2956.4000,2961.4000,1,1,5,1,3,1,1,1,5,1
SF,IH2001,2019-11-18 09:34:28.000,2961.8000,0,0,0.000,0,-,-,-,-,2951.0000,2950.0000,2941.2000,2940.4000,2903.4000,2953.6000,2954.0000,2955.6000,2955.8000,2956.4000,1,1,5,1,3,1,1,1,1,5
SF,IH2001,2019-11-18 09:34:28.500,2961.8000,0,0,0.000,0,-,-,-,-,2951.0000,2950.0000,2941.2000,2940.4000,2903.4000,2953.0000,2953.6000,2954.0000,2955.6000,2955.8000,1,1,5,1,3,1,1,1,1,1
SF,IH2001,2019-11-18 09:34:30.000,2961.8000,0,0,0.000,0,-,-,-,-,2951.0000,2950.0000,2941.2000,2940.4000,2903.4000,2953.0000,2953.6000,2955.6000,2955.8000,2956.4000,1,1,5,1,3,1,1,1,1,5
SF,IH2001,2019-11-18 09:34:30.500,2961.8000,0,0,0.000,0,-,-,-,-,2951.0000,2950.0000,2941.2000,2940.4000,2903.4000,2953.6000,2955.6000,2955.8000,2956.4000,2961.4000,1,1,5,1,3,1,1,1,5,1
SF,IH2001,2019-11-18 09:34:31.000,2961.8000,0,0,0.000,0,-,-,-,-,2951.0000,2950.0000,2941.2000,2940.4000,2903.4000,2955.6000,2955.8000,2956.4000,2961.4000,2970.2000,1,1,5,1,3,1,1,5,1,1
SF,IH2001,2019-11-18 09:34:31.500,2961.8000,0,0,0.000,0,-,-,-,-,2951.0000,2950.0000,2941.2000,2940.4000,2903.4000,2955.6000,2955.8000,2956.4000,2961.4000,2970.2000,1,1,5,1,3,2,1,5,1,1
SF,IH2001,2019-11-18 09:34:32.000,2961.8000,0,0,0.000,0,-,-,-,-,2951.0000,2950.0000,2941.2000,2940.4000,2903.4000,2955.4000,2955.6000,2955.8000,2956.4000,2961.4000,1,1,5,1,3,1,1,1,5,1
SF,IH2001,2019-11-18 09:34:33.000,2961.8000,0,0,0.000,0,-,-,-,-,2951.0000,2950.0000,2941.2000,2940.4000,2903.4000,2953.6000,2955.4000,2955.6000,2955.8000,2956.4000,1,1,5,1,3,1,1,1,1,5
SF,IH2001,2019-11-18 09:34:34.000,2951.0000,1,1,885300.000,1,1,0,双开,S,2950.0000,2941.2000,2940.4000,2903.4000,2900.8000,2953.6000,2955.4000,2955.6000,2955.8000,2956.4000,1,5,1,3,1,1,1,1,1,5
SF,IH2001,2019-11-18 09:34:36.000,2951.0000,1,0,885300.000,0,-,-,-,-,2950.0000,2941.2000,2940.4000,2903.4000,2900.8000,2955.4000,2955.6000,2955.8000,2956.4000,2961.4000,1,5,1,3,1,1,1,1,5,1
SF,IH2001,2019-11-18 09:34:37.000,2951.0000,1,0,885300.000,0,-,-,-,-,2950.2000,2950.0000,2941.2000,2940.4000,2903.4000,2955.4000,2955.6000,2955.8000,2956.4000,2961.4000,1,1,5,1,3,1,1,1,5,1
SF,IH2001,2019-11-18 09:34:37.500,2951.0000,1,0,885300.000,0,-,-,-,-,2950.2000,2950.0000,2941.2000,2940.4000,2903.4000,2955.0000,2955.4000,2955.8000,2956.4000,2961.4000,1,1,5,1,3,1,1,1,5,1
SF,IH2001,2019-11-18 09:34:38.000,2951.0000,1,0,885300.000,0,-,-,-,-,2950.2000,2950.0000,2941.2000,2940.4000,2903.4000,2954.8000,2955.0000,2955.4000,2955.8000,2956.4000,1,1,5,1,3,1,1,1,1,5
SF,IH2001,2019-11-18 09:34:38.500,2951.0000,1,0,885300.000,0,-,-,-,-,2950.2000,2950.0000,2941.2000,2940.4000,2903.4000,2954.8000,2955.0000,2955.4000,2956.4000,2961.4000,1,1,5,1,3,2,1,1,5,1
SF,IH2001,2019-11-18 09:34:39.000,2951.0000,1,0,885300.000,0,-,-,-,-,2950.0000,2941.2000,2940.4000,2903.4000,2900.8000,2954.8000,2955.0000,2955.4000,2956.4000,2961.4000,1,5,1,3,1,1,1,1,5,1
SF,IH2001,2019-11-18 09:34:39.500,2951.0000,1,0,885300.000,0,-,-,-,-,2950.0000,2941.2000,2940.4000,2903.4000,2900.8000,2954.6000,2954.8000,2955.0000,2955.4000,2956.4000,1,5,1,3,1,2,1,1,1,5
SF,IH2001,2019-11-18 09:34:40.000,2951.0000,1,0,885300.000,0,-,-,-,-,2950.0000,2941.2000,2940.4000,2903.4000,2900.8000,2954.2000,2954.6000,2954.8000,2955.0000,2955.4000,2,5,1,3,1,1,2,1,1,1
SF,IH2001,2019-11-18 09:34:40.500,2951.0000,1,0,885300.000,0,-,-,-,-,2950.0000,2941.2000,2940.4000,2903.4000,2900.8000,2954.2000,2954.6000,2954.8000,2955.0000,2955.4000,1,5,1,3,1,1,2,1,1,1
SF,IH2001,2019-11-18 09:34:41.000,2951.0000,1,0,885300.000,0,-,-,-,-,2950.0000,2941.2000,2940.4000,2903.4000,2900.8000,2954.0000,2954.2000,2954.8000,2955.4000,2956.4000,1,5,1,3,1,2,1,1,1,5
SF,IH2001,2019-11-18 09:34:41.500,2951.0000,1,0,885300.000,0,-,-,-,-,2950.0000,2941.2000,2940.4000,2903.4000,2900.8000,2954.0000,2954.2000,2954.8000,2955.4000,2956.4000,2,5,1,3,1,2,1,1,1,5
SF,IH2001,2019-11-18 09:34:42.000,2951.0000,1,0,885300.000,0,-,-,-,-,2950.0000,2941.2000,2940.4000,2903.4000,2900.8000,2954.0000,2954.8000,2955.4000,2956.4000,2961.4000,1,5,1,3,1,2,1,1,5,1
SF,IH2001,2019-11-18 09:34:46.000,2951.0000,1,0,885300.000,0,-,-,-,-,2950.0000,2941.2000,2940.4000,2903.4000,2900.8000,2953.4000,2954.0000,2954.8000,2955.4000,2956.4000,1,5,1,3,1,1,2,1,1,5
SF,IH2001,2019-11-18 09:34:47.000,2951.0000,1,0,885300.000,0,-,-,-,-,2950.2000,2950.0000,2941.2000,2940.4000,2903.4000,2953.4000,2954.0000,2955.4000,2956.4000,2961.4000,1,1,5,1,3,1,1,1,5,1
SF,IH2001,2019-11-18 09:34:48.000,2951.0000,1,0,885300.000,0,-,-,-,-,2950.2000,2950.0000,2941.2000,2940.4000,2903.4000,2953.4000,2955.4000,2956.4000,2961.4000,2970.2000,1,1,5,1,3,1,1,5,1,1
SF,IH2001,2019-11-18 09:34:50.000,2951.0000,1,0,885300.000,0,-,-,-,-,2950.2000,2950.0000,2941.2000,2940.4000,2903.4000,2955.4000,2956.4000,2961.4000,2970.2000,3013.0000,1,1,5,1,3,1,5,1,1,3
SF,IH2001,2019-11-18 09:34:52.000,2951.0000,1,0,885300.000,0,-,-,-,-,2950.2000,2950.0000,2941.2000,2940.4000,2903.4000,2954.4000,2956.4000,2961.4000,2970.2000,3013.0000,1,1,5,1,3,1,5,1,1,3
SF,IH2001,2019-11-18 09:34:54.000,2951.0000,1,0,885300.000,0,-,-,-,-,2950.2000,2950.0000,2941.2000,2940.4000,2903.4000,2954.2000,2954.4000,2956.4000,2961.4000,2970.2000,1,1,5,1,3,1,1,5,1,1
SF,IH2001,2019-11-18 09:34:54.500,2951.0000,1,0,885300.000,0,-,-,-,-,2950.2000,2950.0000,2941.2000,2940.4000,2903.4000,2954.2000,2954.4000,2956.4000,2961.4000,2970.2000,1,1,5,1,3,2,1,5,1,1
SF,IH2001,2019-11-18 09:34:55.000,2951.0000,1,0,885300.000,0,-,-,-,-,2950.2000,2950.0000,2941.2000,2940.4000,2903.4000,2954.2000,2954.4000,2956.4000,2961.4000,2970.2000,1,1,5,1,3,1,1,5,1,1
SF,IH2001,2019-11-18 09:34:55.500,2950.2000,2,1,1770360.000,1,1,0,双开,S,2950.0000,2941.2000,2940.4000,2903.4000,2900.8000,2954.2000,2956.4000,2961.4000,2970.2000,3013.0000,1,5,1,3,1,2,5,1,1,3
SF,IH2001,2019-11-18 09:34:56.000,2950.2000,2,0,1770360.000,0,-,-,-,-,2950.0000,2941.2000,2940.4000,2903.4000,2900.8000,2954.0000,2954.2000,2956.4000,2961.4000,2970.2000,1,5,1,3,1,1,1,5,1,1
SF,IH2001,2019-11-18 09:34:56.500,2950.2000,2,0,1770360.000,0,-,-,-,-,2950.2000,2950.0000,2941.2000,2940.4000,2903.4000,2954.0000,2956.4000,2961.4000,2970.2000,3013.0000,2,1,5,1,3,3,5,1,1,3
SF,IH2001,2019-11-18 09:34:57.000,2950.2000,2,0,1770360.000,0,-,-,-,-,2950.2000,2950.0000,2941.2000,2940.4000,2903.4000,2953.6000,2954.0000,2956.4000,2961.4000,2970.2000,2,1,5,1,3,1,2,5,1,1
SF,IH2001,2019-11-18 09:34:57.500,2950.2000,2,0,1770360.000,0,-,-,-,-,2950.2000,2950.0000,2941.2000,2940.4000,2903.4000,2953.4000,2953.6000,2954.0000,2956.4000,2961.4000,2,1,5,1,3,1,2,1,5,1
SF,IH2001,2019-11-18 09:34:58.000,2950.2000,2,0,1770360.000,0,-,-,-,-,2950.2000,2950.0000,2941.2000,2940.4000,2903.4000,2953.4000,2953.6000,2954.0000,2956.4000,2961.4000,1,1,5,1,3,2,1,1,5,1
SF,IH2001,2019-11-18 09:34:58.500,2950.2000,2,0,1770360.000,0,-,-,-,-,2950.2000,2950.0000,2941.2000,2940.4000,2903.4000,2953.2000,2953.4000,2954.0000,2956.4000,2961.4000,1,1,5,1,3,1,1,1,5,1
SF,IH2001,2019-11-18 09:34:59.000,2950.2000,2,0,1770360.000,0,-,-,-,-,2950.2000,2950.0000,2941.2000,2940.4000,2903.4000,2953.0000,2953.2000,2953.4000,2954.0000,2956.4000,1,1,5,1,3,1,2,1,1,5
SF,IH2001,2019-11-18 09:34:59.500,2950.2000,2,0,1770360.000,0,-,-,-,-,2950.2000,2950.0000,2941.2000,2940.4000,2903.4000,2953.0000,2953.2000,2953.4000,2954.0000,2956.4000,2,1,5,1,3,1,1,1,1,5
SF,IH2001,2019-11-18 09:35:00.000,2950.2000,2,0,1770360.000,0,-,-,-,-,2950.2000,2950.0000,2941.2000,2940.4000,2903.4000,2952.8000,2953.0000,2953.4000,2954.0000,2956.4000,1,1,5,1,3,1,2,1,1,5
SF,IH2001,2019-11-18 09:35:00.500,2950.2000,2,0,1770360.000,0,-,-,-,-,2950.2000,2950.0000,2941.2000,2940.4000,2903.4000,2952.6000,2952.8000,2953.0000,2953.4000,2954.0000,1,1,5,1,3,1,1,1,1,1
SF,IH2001,2019-11-18 09:35:01.000,2950.2000,2,0,1770360.000,0,-,-,-,-,2950.2000,2950.0000,2941.2000,2940.4000,2903.4000,2952.6000,2952.8000,2953.0000,2953.4000,2954.0000,1,1,5,1,3,2,1,1,1,1
SF,IH2001,2019-11-18 09:35:01.500,2950.2000,3,1,2655420.000,1,1,0,双开,S,2950.0000,2941.2000,2940.4000,2903.4000,2900.8000,2952.6000,2952.8000,2953.0000,2953.4000,2954.0000,1,5,1,3,1,2,1,1,1,1
SF,IH2001,2019-11-18 09:35:02.000,2950.2000,3,0,2655420.000,0,-,-,-,-,2950.0000,2941.2000,2940.4000,2903.4000,2900.8000,2952.4000,2952.6000,2953.0000,2953.4000,2954.0000,1,5,1,3,1,1,2,1,1,1
SF,IH2001,2019-11-18 09:35:02.500,2950.2000,3,0,2655420.000,0,-,-,-,-,2950.0000,2941.2000,2940.4000,2903.4000,2900.8000,2952.2000,2952.4000,2952.6000,2953.0000,2953.4000,1,5,1,3,1,1,2,1,1,1
SF,IH2001,2019-11-18 09:35:03.000,2950.2000,3,0,2655420.000,0,-,-,-,-,2950.0000,2941.2000,2940.4000,2903.4000,2900.8000,2952.2000,2952.4000,2952.6000,2953.0000,2953.4000,1,5,1,3,1,1,1,1,1,1
SF,IH2001,2019-11-18 09:35:03.500,2950.0000,4,1,3540420.000,1,1,0,双开,S,2941.2000,2940.4000,2903.4000,2900.8000,2891.2000,2952.2000,2952.4000,2952.6000,2953.0000,2953.4000,5,1,3,1,1,2,1,1,1,1
SF,IH2001,2019-11-18 09:35:04.000,2950.0000,4,0,3540420.000,0,-,-,-,-,2941.4000,2941.2000,2940.4000,2903.4000,2900.8000,2952.2000,2952.4000,2952.6000,2953.0000,2953.4000,6,5,1,3,1,1,1,1,1,1
SF,IH2001,2019-11-18 09:35:04.500,2950.0000,4,0,3540420.000,0,-,-,-,-,2948.4000,2941.4000,2941.2000,2940.4000,2903.4000,2952.2000,2952.4000,2952.6000,2953.0000,2953.4000,1,5,5,1,3,2,1,1,1,1
SF,IH2001,2019-11-18 09:35:05.000,2950.0000,4,0,3540420.000,0,-,-,-,-,2948.6000,2948.4000,2941.4000,2941.2000,2940.4000,2952.2000,2952.4000,2952.6000,2953.0000,2953.4000,1,1,3,5,1,1,1,1,1,1
SF,IH2001,2019-11-18 09:35:06.000,2950.0000,4,0,3540420.000,0,-,-,-,-,2948.6000,2948.4000,2944.8000,2944.6000,2941.4000,2952.2000,2952.4000,2952.6000,2953.0000,2953.4000,1,1,1,1,3,1,1,1,1,1
SF,IH2001,2019-11-18 09:35:07.000,2950.0000,4,0,3540420.000,0,-,-,-,-,2948.6000,2948.4000,2944.8000,2944.6000,2941.4000,2952.2000,2952.4000,2952.6000,2953.0000,2953.4000,1,1,1,1,3,1,1,1,1,1
SF,IH2001,2019-11-18 09:35:07.500,2950.0000,4,0,3540420.000,0,-,-,-,-,2949.0000,2948.6000,2948.4000,2944.8000,2944.6000,2952.2000,2952.4000,2952.6000,2953.0000,2953.4000,1,1,1,1,1,1,1,1,1,1
SF,IH2001,2019-11-18 09:35:08.000,2950.0000,4,0,3540420.000,0,-,-,-,-,2949.0000,2948.6000,2948.4000,2944.8000,2944.6000,2952.2000,2952.4000,2952.6000,2953.0000,2953.4000,1,1,1,1,1,2,1,1,1,1
SF,IH2001,2019-11-18 09:35:13.000,2950.0000,4,0,3540420.000,0,-,-,-,-,2949.2000,2949.0000,2948.6000,2948.4000,2944.8000,2952.2000,2952.4000,2952.6000,2953.0000,2953.4000,1,1,1,1,1,2,1,1,1,1
SF,IH2001,2019-11-18 09:35:13.500,2950.0000,4,0,3540420.000,0,-,-,-,-,2949.2000,2948.6000,2944.8000,2944.6000,2941.4000,2952.2000,2952.4000,2952.6000,2953.0000,2953.4000,2,1,1,1,2,1,1,1,1,1
SF,IH2001,2019-11-18 09:35:14.500,2950.0000,4,0,3540420.000,0,-,-,-,-,2949.2000,2948.6000,2944.8000,2944.6000,2941.4000,2952.2000,2952.6000,2953.0000,2953.4000,2954.0000,2,1,1,1,2,1,1,1,1,1
SF,IH2001,2019-11-18 09:35:17.000,2950.0000,4,0,3540420.000,0,-,-,-,-,2949.2000,2948.6000,2946.6000,2944.8000,2941.4000,2952.2000,2952.6000,2953.0000,2953.4000,2954.0000,1,1,1,1,2,1,1,1,1,1
SF,IH2001,2019-11-18 09:35:22.500,2950.0000,4,0,3540420.000,0,-,-,-,-,2949.4000,2949.2000,2948.6000,2946.6000,2944.8000,2952.2000,2952.6000,2953.0000,2953.4000,2954.0000,1,1,1,1,1,1,1,1,1,1
SF,IH2001,2019-11-18 09:35:23.000,2950.0000,4,0,3540420.000,0,-,-,-,-,2949.6000,2949.4000,2949.2000,2948.6000,2946.6000,2952.2000,2952.6000,2953.0000,2953.4000,2954.0000,1,1,1,1,1,1,1,1,1,1
SF,IH2001,2019-11-18 09:35:23.500,2950.0000,4,0,3540420.000,0,-,-,-,-,2949.6000,2949.2000,2948.6000,2946.6000,2944.8000,2952.2000,2952.6000,2953.0000,2953.4000,2954.0000,3,1,1,1,1,1,1,1,1,1
SF,IH2001,2019-11-18 09:35:24.000,2950.0000,4,0,3540420.000,0,-,-,-,-,2949.6000,2949.2000,2948.6000,2946.6000,2944.8000,2952.2000,2952.6000,2953.0000,2953.4000,2954.0000,2,1,1,1,1,1,1,1,1,1
SF,IH2001,2019-11-18 09:35:29.500,2950.0000,4,0,3540420.000,0,-,-,-,-,2949.8000,2949.6000,2949.2000,2948.6000,2946.6000,2952.2000,2952.6000,2953.0000,2953.4000,2954.0000,1,1,1,1,1,1,1,1,1,1
SF,IH2001,2019-11-18 09:35:30.000,2950.0000,4,0,3540420.000,0,-,-,-,-,2949.8000,2949.6000,2949.2000,2948.6000,2946.6000,2952.2000,2952.6000,2953.0000,2953.4000,2954.0000,2,1,1,1,1,1,1,1,1,1
SF,IH2001,2019-11-18 09:35:30.500,2950.0000,4,0,3540420.000,0,-,-,-,-,2950.0000,2949.8000,2949.6000,2949.2000,2946.6000,2952.2000,2952.6000,2953.0000,2953.4000,2954.0000,1,2,1,1,1,1,1,1,1,1
SF,IH2001,2019-11-18 09:35:32.000,2950.0000,4,0,3540420.000,0,-,-,-,-,2950.0000,2949.8000,2949.6000,2949.2000,2946.6000,2952.2000,2952.6000,2953.0000,2953.4000,2954.0000,1,2,2,1,1,1,1,1,1,1
SF,IH2001,2019-11-18 09:35:32.500,2950.0000,4,0,3540420.000,0,-,-,-,-,2950.0000,2949.8000,2949.6000,2949.2000,2946.6000,2952.2000,2952.6000,2953.0000,2953.4000,2954.0000,2,1,2,1,1,1,1,1,1,1
SF,IH2001,2019-11-18 09:35:33.000,2950.0000,4,0,3540420.000,0,-,-,-,-,2950.0000,2949.6000,2949.2000,2946.6000,2944.8000,2952.2000,2952.6000,2953.0000,2953.4000,2954.0000,2,2,1,1,1,1,1,1,1,1
SF,IH2001,2019-11-18 09:35:36.500,2950.0000,4,0,3540420.000,0,-,-,-,-,2950.0000,2949.6000,2949.2000,2946.6000,2944.8000,2952.2000,2952.6000,2953.0000,2953.4000,2954.0000,2,2,1,1,1,1,1,1,1,1
SF,IH2001,2019-11-18 09:35:37.000,2950.0000,4,0,3540420.000,0,-,-,-,-,2950.2000,2950.0000,2949.6000,2949.2000,2946.6000,2952.2000,2952.6000,2953.0000,2953.4000,2954.0000,1,1,2,1,1,1,1,1,1,1
SF,IH2001,2019-11-18 09:35:37.500,2950.0000,4,0,3540420.000,0,-,-,-,-,2950.4000,2950.2000,2950.0000,2949.6000,2946.6000,2952.2000,2952.6000,2953.0000,2953.4000,2954.0000,1,2,1,2,1,1,1,1,1,1
SF,IH2001,2019-11-18 09:35:38.000,2950.0000,4,0,3540420.000,0,-,-,-,-,2950.8000,2950.4000,2950.2000,2950.0000,2949.6000,2952.6000,2953.0000,2953.4000,2954.0000,2955.2000,1,2,1,1,2,1,1,1,1,1
SF,IH2001,2019-11-18 09:35:38.500,2950.0000,4,0,3540420.000,0,-,-,-,-,2950.8000,2950.4000,2950.2000,2950.0000,2949.6000,2952.6000,2953.0000,2953.4000,2954.0000,2955.2000,1,1,1,1,2,1,1,1,1,1
SF,IH2001,2019-11-18 09:35:39.000,2950.0000,4,0,3540420.000,0,-,-,-,-,2950.8000,2950.4000,2950.2000,2950.0000,2949.6000,2952.6000,2953.0000,2953.4000,2954.0000,2955.2000,1,1,1,1,2,2,1,1,1,1
SF,IH2001,2019-11-18 09:35:39.500,2950.0000,4,0,3540420.000,0,-,-,-,-,2950.4000,2950.2000,2950.0000,2949.6000,2946.6000,2952.6000,2953.0000,2953.4000,2954.0000,2955.2000,1,1,1,2,1,2,1,1,1,1
SF,IH2001,2019-11-18 09:35:40.000,2950.0000,4,0,3540420.000,0,-,-,-,-,2950.4000,2950.2000,2950.0000,2949.6000,2946.6000,2952.6000,2953.0000,2953.4000,2954.0000,2956.4000,1,1,1,2,1,2,1,1,1,5
SF,IH2001,2019-11-18 09:35:41.000,2950.0000,4,0,3540420.000,0,-,-,-,-,2950.4000,2950.2000,2950.0000,2949.6000,2946.6000,2952.6000,2953.0000,2953.4000,2954.0000,2956.4000,1,1,1,2,1,2,1,1,1,5
SF,IH2001,2019-11-18 09:35:41.500,2950.0000,4,0,3540420.000,0,-,-,-,-,2950.4000,2950.0000,2949.6000,2946.6000,2944.8000,2952.6000,2953.0000,2953.4000,2954.0000,2956.4000,2,1,2,1,1,2,1,1,1,5
SF,IH2001,2019-11-18 09:35:45.000,2950.0000,4,0,3540420.000,0,-,-,-,-,2950.6000,2950.4000,2950.0000,2949.6000,2946.6000,2952.6000,2953.0000,2953.4000,2954.0000,2956.4000,1,2,1,2,1,2,1,1,1,5
SF,IH2001,2019-11-18 09:35:45.500,2950.0000,4,0,3540420.000,0,-,-,-,-,2950.8000,2950.6000,2950.4000,2950.0000,2949.6000,2952.6000,2953.0000,2953.4000,2954.0000,2956.4000,1,1,2,1,1,1,1,1,1,5
SF,IH2001,2019-11-18 09:35:46.000,2950.0000,4,0,3540420.000,0,-,-,-,-,2950.8000,2950.4000,2950.0000,2949.6000,2946.6000,2952.6000,2953.0000,2953.4000,2954.0000,2956.4000,3,1,1,1,1,1,1,1,1,5
SF,IH2001,2019-11-18 09:35:46.500,2950.0000,4,0,3540420.000,0,-,-,-,-,2951.0000,2950.8000,2950.4000,2950.0000,2949.6000,2952.6000,2953.0000,2953.4000,2954.0000,2956.4000,1,2,1,1,1,1,1,1,1,5
SF,IH2001,2019-11-18 09:35:47.000,2950.0000,4,0,3540420.000,0,-,-,-,-,2951.0000,2950.8000,2950.4000,2950.0000,2949.6000,2952.6000,2953.0000,2953.4000,2954.0000,2956.4000,1,1,1,1,1,1,1,1,1,5
SF,IH2001,2019-11-18 09:35:49.000,2950.0000,4,0,3540420.000,0,-,-,-,-,2951.2000,2951.0000,2950.8000,2950.4000,2949.6000,2952.6000,2953.0000,2953.4000,2954.0000,2956.4000,1,1,1,1,1,1,1,1,1,5
SF,IH2001,2019-11-18 09:35:51.000,2950.0000,4,0,3540420.000,0,-,-,-,-,2951.2000,2951.0000,2950.8000,2950.4000,2949.6000,2953.0000,2953.4000,2954.0000,2956.4000,2961.4000,1,1,1,1,1,1,1,1,5,1
SF,IH2001,2019-11-18 09:35:54.000,2950.0000,4,0,3540420.000,0,-,-,-,-,2951.2000,2951.0000,2950.8000,2950.4000,2949.6000,2953.0000,2953.4000,2954.0000,2956.4000,2961.4000,1,1,1,1,1,1,1,1,5,1
SF,IH2001,2019-11-18 09:35:54.500,2950.0000,4,0,3540420.000,0,-,-,-,-,2951.2000,2950.8000,2950.4000,2949.6000,2944.8000,2953.0000,2953.4000,2954.0000,2956.4000,2961.4000,2,1,1,1,1,1,1,1,5,1
SF,IH2001,2019-11-18 09:35:57.000,2950.0000,4,0,3540420.000,0,-,-,-,-,2951.2000,2950.8000,2950.4000,2949.6000,2944.8000,2953.4000,2954.0000,2956.4000,2961.4000,2970.2000,2,1,1,1,1,1,1,5,1,1
SF,IH2001,2019-11-18 09:35:57.500,2950.0000,4,0,3540420.000,0,-,-,-,-,2951.2000,2950.8000,2950.4000,2949.6000,2944.8000,2952.8000,2953.4000,2954.0000,2956.4000,2961.4000,2,1,1,1,1,1,2,1,5,1
SF,IH2001,2019-11-18 09:35:58.000,2950.0000,4,0,3540420.000,0,-,-,-,-,2951.4000,2951.2000,2950.8000,2950.4000,2949.6000,2953.4000,2954.0000,2956.4000,2961.4000,2970.2000,1,2,1,1,1,1,1,5,1,1
SF,IH2001,2019-11-18 09:35:58.500,2950.0000,4,0,3540420.000,0,-,-,-,-,2951.8000,2951.6000,2951.4000,2951.2000,2950.8000,2954.0000,2960.2000,2961.4000,2970.2000,3013.0000,1,1,1,1,1,1,5,1,1,3
SF,IH2001,2019-11-18 09:35:59.000,2950.0000,4,0,3540420.000,0,-,-,-,-,2952.0000,2951.6000,2951.4000,2951.2000,2949.6000,2954.0000,2960.2000,2961.4000,2970.2000,3013.0000,2,1,1,1,1,1,5,1,1,3
SF,IH2001,2019-11-18 09:35:59.500,2950.0000,4,0,3540420.000,0,-,-,-,-,2952.0000,2951.6000,2951.2000,2949.6000,2944.8000,2954.0000,2960.2000,2961.4000,2970.2000,3013.0000,1,1,1,1,1,1,5,1,1,3
SF,IH2001,2019-11-18 09:36:00.000,2950.0000,4,0,3540420.000,0,-,-,-,-,2952.0000,2951.6000,2951.2000,2949.6000,2944.8000,2954.0000,2960.2000,2961.4000,2970.2000,3013.0000,2,1,1,1,1,1,5,1,1,3
SF,IH2001,2019-11-18 09:36:00.500,2950.0000,4,0,3540420.000,0,-,-,-,-,2952.0000,2951.6000,2951.2000,2949.6000,2944.8000,2954.0000,2960.2000,2961.4000,2970.2000,3013.0000,1,1,1,1,1,1,5,1,1,3
SF,IH2001,2019-11-18 09:36:04.000,2952.0000,5,1,4426020.000,1,1,0,双开,S,2951.6000,2951.2000,2949.6000,2944.8000,2941.4000,2954.0000,2960.2000,2961.4000,2970.2000,3013.0000,1,1,1,1,1,1,5,1,1,3
SF,IH2001,2019-11-18 09:36:10.500,2952.0000,5,0,4426020.000,0,-,-,-,-,2951.2000,2949.6000,2944.8000,2941.4000,2941.2000,2954.0000,2960.2000,2961.4000,2970.2000,3013.0000,1,1,1,1,5,1,5,1,1,3
SF,IH2001,2019-11-18 09:36:11.000,2952.0000,5,0,4426020.000,0,-,-,-,-,2951.2000,2949.6000,2944.8000,2941.4000,2941.2000,2953.8000,2954.0000,2960.2000,2961.4000,2970.2000,2,1,1,1,5,1,1,5,1,1
SF,IH2001,2019-11-18 09:36:11.500,2952.0000,5,0,4426020.000,0,-,-,-,-,2951.2000,2949.6000,2944.8000,2941.4000,2941.2000,2953.6000,2953.8000,2954.0000,2960.2000,2961.4000,2,1,1,1,5,1,1,1,5,1
SF,IH2001,2019-11-18 09:36:14.500,2952.0000,5,0,4426020.000,0,-,-,-,-,2951.2000,2949.6000,2944.8000,2941.4000,2941.2000,2953.6000,2954.0000,2960.2000,2961.4000,2970.2000,2,1,1,1,5,1,1,5,1,1
SF,IH2001,2019-11-18 09:36:23.000,2952.0000,5,0,4426020.000,0,-,-,-,-,2951.2000,2949.6000,2941.4000,2941.2000,2940.4000,2953.6000,2954.0000,2960.2000,2961.4000,2970.2000,2,1,1,5,1,1,1,5,1,1
SF,IH2001,2019-11-18 09:36:26.000,2952.0000,5,0,4426020.000,0,-,-,-,-,2951.2000,2949.6000,2941.4000,2941.2000,2940.4000,2953.6000,2954.0000,2960.2000,2961.4000,2970.2000,3,1,1,5,1,1,1,5,1,1
SF,IH2001,2019-11-18 09:36:30.500,2951.2000,8,3,7082100.000,3,3,0,双开,S,2949.6000,2941.4000,2941.2000,2940.4000,2903.4000,2953.6000,2954.0000,2960.2000,2961.4000,2970.2000,1,1,5,1,3,1,1,5,1,1
SF,IH2001,2019-11-18 09:36:31.000,2951.2000,8,0,7082100.000,0,-,-,-,-,2949.8000,2949.6000,2941.4000,2941.2000,2940.4000,2953.6000,2954.0000,2960.2000,2961.4000,2970.2000,1,1,1,5,1,1,1,5,1,1
SF,IH2001,2019-11-18 09:36:33.500,2951.2000,8,0,7082100.000,0,-,-,-,-,2950.0000,2949.8000,2949.6000,2941.4000,2941.2000,2953.6000,2954.0000,2960.2000,2961.4000,2970.2000,1,1,1,1,5,1,1,5,1,1
SF,IH2001,2019-11-18 09:36:34.000,2951.2000,8,0,7082100.000,0,-,-,-,-,2950.2000,2950.0000,2949.6000,2941.4000,2941.2000,2953.6000,2954.0000,2960.2000,2961.4000,2970.2000,1,1,1,1,5,1,1,5,1,1
SF,IH2001,2019-11-18 09:36:35.000,2951.2000,8,0,7082100.000,0,-,-,-,-,2950.4000,2950.2000,2949.6000,2941.4000,2941.2000,2953.6000,2954.0000,2960.2000,2961.4000,2970.2000,1,1,1,1,5,1,1,5,1,1
SF,IH2001,2019-11-18 09:36:35.500,2951.2000,8,0,7082100.000,0,-,-,-,-,2950.6000,2950.4000,2949.6000,2941.4000,2941.2000,2953.6000,2954.0000,2960.2000,2961.4000,2970.2000,1,1,1,1,5,1,1,5,1,1
SF,IH2001,2019-11-18 09:36:36.000,2951.2000,8,0,7082100.000,0,-,-,-,-,2950.6000,2950.4000,2949.6000,2941.4000,2941.2000,2953.6000,2954.0000,2960.2000,2961.4000,2970.2000,1,1,1,1,5,2,1,5,1,1
SF,IH2001,2019-11-18 09:36:36.500,2951.2000,8,0,7082100.000,0,-,-,-,-,2950.8000,2950.6000,2949.6000,2941.4000,2941.2000,2953.6000,2954.0000,2960.2000,2961.4000,2970.2000,1,1,1,1,5,1,1,5,1,1
SF,IH2001,2019-11-18 09:36:37.000,2951.2000,8,0,7082100.000,0,-,-,-,-,2951.0000,2950.8000,2949.6000,2941.4000,2941.2000,2953.6000,2954.0000,2960.2000,2961.4000,2970.2000,1,1,1,1,5,1,1,5,1,1
SF,IH2001,2019-11-18 09:36:37.500,2951.2000,8,0,7082100.000,0,-,-,-,-,2951.0000,2950.8000,2949.6000,2941.4000,2941.2000,2953.6000,2954.0000,2960.2000,2961.4000,2970.2000,1,1,1,1,5,2,1,5,1,1
SF,IH2001,2019-11-18 09:36:38.500,2951.0000,9,1,7967400.000,1,1,0,双开,S,2950.8000,2949.6000,2941.4000,2941.2000,2940.4000,2953.6000,2954.0000,2960.2000,2961.4000,2970.2000,1,1,1,5,1,2,1,5,1,1
SF,IH2001,2019-11-18 09:36:39.000,2951.0000,9,0,7967400.000,0,-,-,-,-,2949.6000,2941.4000,2941.2000,2940.4000,2903.4000,2953.6000,2954.0000,2960.2000,2961.4000,2970.2000,1,1,5,1,3,2,1,5,1,1
SF,IH2001,2019-11-18 09:36:39.500,2951.0000,9,0,7967400.000,0,-,-,-,-,2949.6000,2941.4000,2941.2000,2940.4000,2903.4000,2953.6000,2954.0000,2960.2000,2961.4000,2970.2000,1,1,5,1,3,1,1,5,1,1
SF,IH2001,2019-11-18 09:36:40.500,2951.0000,9,0,7967400.000,0,-,-,-,-,2950.0000,2949.8000,2949.6000,2941.4000,2941.2000,2953.6000,2954.0000,2960.2000,2961.4000,2970.2000,1,2,1,1,5,1,1,5,1,1
SF,IH2001,2019-11-18 09:36:42.000,2951.0000,9,0,7967400.000,0,-,-,-,-,2950.2000,2950.0000,2949.6000,2941.4000,2941.2000,2953.6000,2954.0000,2960.2000,2961.4000,2970.2000,3,1,1,1,5,1,1,5,1,1
SF,IH2001,2019-11-18 09:36:43.000,2951.0000,9,0,7967400.000,0,-,-,-,-,2950.4000,2950.2000,2949.6000,2941.4000,2941.2000,2953.6000,2954.0000,2960.2000,2961.4000,2970.2000,1,3,1,1,5,1,1,5,1,1
SF,IH2001,2019-11-18 09:36:43.500,2951.0000,9,0,7967400.000,0,-,-,-,-,2951.0000,2950.4000,2950.2000,2949.6000,2941.4000,2953.6000,2954.0000,2960.2000,2961.4000,2970.2000,1,1,2,1,1,1,1,5,1,1
SF,IH2001,2019-11-18 09:36:44.000,2951.0000,9,0,7967400.000,0,-,-,-,-,2951.0000,2950.4000,2950.2000,2949.6000,2941.4000,2953.6000,2954.0000,2960.2000,2961.4000,2970.2000,1,1,1,1,1,2,1,5,1,1
SF,IH2001,2019-11-18 09:36:44.500,2951.0000,9,0,7967400.000,0,-,-,-,-,2951.0000,2950.4000,2949.6000,2941.4000,2941.2000,2953.6000,2954.0000,2960.2000,2961.4000,2970.2000,1,1,1,1,5,1,1,5,1,1
SF,IH2001,2019-11-18 09:36:46.000,2951.0000,9,0,7967400.000,0,-,-,-,-,2951.2000,2951.0000,2950.4000,2949.6000,2941.4000,2953.6000,2954.0000,2960.2000,2961.4000,2970.2000,1,1,1,1,1,1,1,5,1,1
SF,IH2001,2019-11-18 09:36:48.000,2951.0000,9,0,7967400.000,0,-,-,-,-,2951.4000,2951.2000,2950.4000,2949.6000,2941.4000,2953.6000,2954.0000,2960.2000,2961.4000,2970.2000,1,1,1,1,1,1,1,5,1,1
SF,IH2001,2019-11-18 09:36:49.000,2951.0000,9,0,7967400.000,0,-,-,-,-,2951.6000,2951.4000,2950.4000,2949.6000,2941.4000,2953.6000,2954.0000,2960.2000,2961.4000,2970.2000,1,1,1,1,1,1,1,5,1,1
SF,IH2001,2019-11-18 09:36:50.500,2951.0000,9,0,7967400.000,0,-,-,-,-,2951.6000,2951.4000,2950.4000,2949.6000,2941.4000,2954.0000,2960.2000,2961.4000,2970.2000,3013.0000,1,1,1,1,1,1,5,1,1,3
SF,IH2001,2019-11-18 09:36:51.000,2951.0000,9,0,7967400.000,0,-,-,-,-,2951.6000,2951.4000,2950.4000,2949.6000,2941.4000,2954.0000,2960.2000,2961.4000,2970.2000,3013.0000,1,1,1,1,1,2,5,1,1,3
SF,IH2001,2019-11-18 09:36:54.000,2951.0000,9,0,7967400.000,0,-,-,-,-,2951.8000,2951.6000,2951.4000,2950.4000,2949.6000,2954.0000,2960.2000,2961.4000,2970.2000,3013.0000,1,1,1,1,1,2,5,1,1,3
SF,IH2001,2019-11-18 09:36:55.000,2951.0000,9,0,7967400.000,0,-,-,-,-,2951.8000,2951.6000,2950.4000,2949.6000,2941.4000,2954.0000,2960.2000,2961.4000,2970.2000,3013.0000,1,1,1,1,1,2,5,1,1,3
SF,IH2001,2019-11-18 09:36:55.500,2951.0000,9,0,7967400.000,0,-,-,-,-,2951.8000,2951.6000,2950.4000,2949.6000,2941.4000,2954.0000,2960.2000,2961.4000,2970.2000,3013.0000,1,1,1,1,1,1,5,1,1,3
SF,IH2001,2019-11-18 09:36:56.000,2951.0000,9,0,7967400.000,0,-,-,-,-,2951.6000,2950.4000,2949.6000,2941.4000,2941.2000,2954.0000,2960.2000,2961.4000,2970.2000,3013.0000,1,1,1,1,5,1,5,1,1,3
SF,IH2001,2019-11-18 09:36:58.000,2951.0000,9,0,7967400.000,0,-,-,-,-,2951.6000,2949.6000,2941.4000,2941.2000,2940.4000,2954.0000,2960.2000,2961.4000,2970.2000,3013.0000,1,1,1,5,1,1,5,1,1,3
SF,IH2001,2019-11-18 09:36:58.500,2951.0000,9,0,7967400.000,0,-,-,-,-,2951.6000,2949.6000,2941.4000,2941.2000,2940.4000,2954.0000,2960.2000,2961.4000,2970.2000,3013.0000,1,1,1,5,1,2,5,1,1,3
SF,IH2001,2019-11-18 09:37:03.500,2951.0000,9,0,7967400.000,0,-,-,-,-,2949.6000,2941.4000,2941.2000,2940.4000,2903.4000,2954.0000,2960.2000,2961.4000,2970.2000,3013.0000,1,1,5,1,3,2,5,1,1,3
SF,IH2001,2019-11-18 09:37:04.000,2951.0000,9,0,7967400.000,0,-,-,-,-,2949.6000,2941.4000,2941.2000,2940.4000,2903.4000,2954.0000,2960.2000,2961.4000,2970.2000,3013.0000,1,1,5,1,3,1,5,1,1,3
SF,IH2001,2019-11-18 09:37:04.500,2951.0000,9,0,7967400.000,0,-,-,-,-,2949.6000,2941.4000,2941.2000,2940.4000,2903.4000,2954.0000,2960.2000,2961.4000,2970.2000,3013.0000,1,1,5,1,3,2,5,1,1,3
SF,IH2001,2019-11-18 09:37:05.000,2951.0000,9,0,7967400.000,0,-,-,-,-,2949.6000,2941.4000,2941.2000,2940.4000,2903.4000,2954.0000,2960.2000,2961.4000,2970.2000,3013.0000,1,1,5,1,3,1,5,1,1,3
SF,IH2001,2019-11-18 09:37:05.500,2951.0000,9,0,7967400.000,0,-,-,-,-,2950.4000,2949.6000,2941.4000,2941.2000,2940.4000,2954.0000,2960.2000,2961.4000,2970.2000,3013.0000,1,1,1,5,1,1,5,1,1,3
SF,IH2001,2019-11-18 09:37:06.000,2951.0000,9,0,7967400.000,0,-,-,-,-,2950.4000,2949.6000,2941.4000,2941.2000,2940.4000,2954.0000,2960.2000,2961.4000,2970.2000,3013.0000,1,1,1,5,1,2,5,1,1,3
SF,IH2001,2019-11-18 09:37:10.000,2951.0000,9,0,7967400.000,0,-,-,-,-,2951.0000,2950.4000,2949.6000,2941.4000,2941.2000,2954.0000,2960.2000,2961.4000,2970.2000,3013.0000,1,1,1,1,5,2,5,1,1,3
SF,IH2001,2019-11-18 09:37:11.000,2951.0000,9,0,7967400.000,0,-,-,-,-,2951.0000,2950.4000,2941.4000,2941.2000,2940.4000,2954.0000,2960.2000,2961.4000,2970.2000,3013.0000,1,1,1,5,1,2,5,1,1,3
SF,IH2001,2019-11-18 09:37:16.500,2951.0000,9,0,7967400.000,0,-,-,-,-,2951.0000,2950.4000,2941.4000,2941.2000,2940.4000,2954.0000,2960.2000,2961.4000,2970.2000,3013.0000,1,1,1,5,1,1,5,1,1,3
SF,IH2001,2019-11-18 09:37:17.000,2951.0000,9,0,7967400.000,0,-,-,-,-,2951.4000,2951.0000,2941.4000,2941.2000,2940.4000,2954.0000,2960.2000,2961.4000,2970.2000,3013.0000,1,1,1,5,1,1,5,1,1,3
SF,IH2001,2019-11-18 09:37:18.000,2951.0000,9,0,7967400.000,0,-,-,-,-,2951.6000,2951.4000,2941.4000,2941.2000,2940.4000,2954.0000,2960.2000,2961.4000,2970.2000,3013.0000,1,1,1,5,1,1,5,1,1,3
SF,IH2001,2019-11-18 09:37:19.500,2951.0000,9,0,7967400.000,0,-,-,-,-,2952.0000,2951.6000,2941.4000,2941.2000,2940.4000,2954.0000,2960.2000,2961.4000,2970.2000,3013.0000,1,1,1,5,1,1,5,1,1,3
SF,IH2001,2019-11-18 09:37:20.000,2951.0000,9,0,7967400.000,0,-,-,-,-,2952.0000,2951.6000,2941.4000,2941.2000,2940.4000,2960.2000,2961.4000,2970.2000,3013.0000,3013.8000,1,1,1,5,1,5,1,1,3,1
SF,IH2001,2019-11-18 09:37:20.500,2951.0000,9,0,7967400.000,0,-,-,-,-,2952.0000,2951.6000,2941.4000,2941.2000,2940.4000,2960.0000,2960.2000,2961.4000,2970.2000,3013.0000,1,1,1,5,1,1,5,1,1,3
SF,IH2001,2019-11-18 09:37:21.000,2951.0000,9,0,7967400.000,0,-,-,-,-,2952.0000,2941.4000,2941.2000,2940.4000,2903.4000,2959.8000,2960.0000,2960.2000,2961.4000,2970.2000,1,1,5,1,3,1,2,5,1,1
SF,IH2001,2019-11-18 09:37:21.500,2951.0000,9,0,7967400.000,0,-,-,-,-,2952.0000,2941.4000,2941.2000,2940.4000,2903.4000,2959.6000,2959.8000,2960.0000,2960.2000,2961.4000,1,1,5,1,3,1,1,1,5,1
SF,IH2001,2019-11-18 09:37:22.000,2951.0000,9,0,7967400.000,0,-,-,-,-,2952.0000,2941.4000,2941.2000,2940.4000,2903.4000,2959.4000,2959.6000,2959.8000,2960.2000,2961.4000,1,1,5,1,3,1,2,1,5,1
SF,IH2001,2019-11-18 09:37:22.500,2951.0000,9,0,7967400.000,0,-,-,-,-,2952.0000,2941.4000,2941.2000,2940.4000,2903.4000,2956.2000,2959.2000,2959.4000,2959.6000,2959.8000,1,1,5,1,3,1,1,1,1,1
SF,IH2001,2019-11-18 09:37:23.000,2951.0000,9,0,7967400.000,0,-,-,-,-,2952.0000,2941.4000,2941.2000,2940.4000,2903.4000,2956.0000,2956.2000,2959.4000,2959.8000,2960.2000,1,1,5,1,3,1,1,1,1,5
SF,IH2001,2019-11-18 09:37:25.000,2951.0000,9,0,7967400.000,0,-,-,-,-,2952.0000,2941.4000,2941.2000,2940.4000,2903.4000,2955.8000,2956.0000,2956.2000,2959.4000,2959.8000,1,1,5,1,3,1,1,1,1,1
SF,IH2001,2019-11-18 09:37:25.500,2951.0000,9,0,7967400.000,0,-,-,-,-,2952.0000,2941.4000,2941.2000,2940.4000,2903.4000,2955.6000,2955.8000,2956.0000,2956.2000,2959.4000,1,1,5,1,3,1,1,1,1,1
SF,IH2001,2019-11-18 09:37:26.500,2951.0000,9,0,7967400.000,0,-,-,-,-,2952.0000,2941.4000,2941.2000,2940.4000,2903.4000,2955.6000,2956.0000,2956.2000,2959.4000,2959.8000,1,1,5,1,3,1,1,1,1,1
SF,IH2001,2019-11-18 09:37:30.000,2951.0000,9,0,7967400.000,0,-,-,-,-,2952.2000,2952.0000,2941.4000,2941.2000,2940.4000,2955.6000,2956.0000,2956.2000,2959.4000,2959.8000,1,1,1,5,1,1,1,1,1,1
SF,IH2001,2019-11-18 09:37:30.500,2951.0000,9,0,7967400.000,0,-,-,-,-,2952.0000,2941.4000,2941.2000,2940.4000,2903.4000,2955.6000,2956.0000,2956.2000,2959.4000,2959.8000,1,1,5,1,3,1,1,1,1,1
SF,IH2001,2019-11-18 09:37:31.000,2951.0000,9,0,7967400.000,0,-,-,-,-,2952.0000,2941.4000,2941.2000,2940.4000,2903.4000,2955.6000,2956.0000,2956.2000,2959.4000,2959.8000,1,1,5,1,3,2,1,1,1,1
SF,IH2001,2019-11-18 09:37:31.500,2951.0000,9,0,7967400.000,0,-,-,-,-,2952.0000,2941.4000,2941.2000,2940.4000,2903.4000,2955.6000,2956.0000,2956.2000,2959.4000,2959.8000,1,1,5,1,3,1,1,1,1,1
SF,IH2001,2019-11-18 09:37:32.000,2951.0000,9,0,7967400.000,0,-,-,-,-,2952.0000,2941.4000,2941.2000,2940.4000,2903.4000,2955.6000,2956.0000,2956.2000,2959.4000,2959.8000,1,1,5,1,3,2,1,1,1,1
SF,IH2001,2019-11-18 09:37:32.500,2951.0000,9,0,7967400.000,0,-,-,-,-,2952.0000,2941.4000,2941.2000,2940.4000,2903.4000,2955.6000,2956.0000,2956.2000,2959.4000,2959.8000,1,1,5,1,3,1,1,1,1,1
SF,IH2001,2019-11-18 09:37:33.500,2951.0000,9,0,7967400.000,0,-,-,-,-,2952.2000,2952.0000,2941.4000,2941.2000,2940.4000,2955.6000,2956.0000,2956.2000,2959.4000,2959.8000,1,1,1,5,1,1,1,1,1,1
SF,IH2001,2019-11-18 09:37:34.000,2951.0000,9,0,7967400.000,0,-,-,-,-,2952.2000,2952.0000,2941.4000,2941.2000,2940.4000,2955.6000,2956.0000,2956.2000,2959.4000,2959.8000,2,1,1,5,1,1,1,1,1,1
SF,IH2001,2019-11-18 09:37:34.500,2951.0000,9,0,7967400.000,0,-,-,-,-,2952.2000,2952.0000,2941.4000,2941.2000,2940.4000,2955.6000,2956.0000,2956.2000,2959.4000,2959.8000,2,1,1,5,1,2,1,1,1,1
SF,IH2001,2019-11-18 09:37:36.500,2951.0000,9,0,7967400.000,0,-,-,-,-,2952.2000,2952.0000,2941.4000,2941.2000,2940.4000,2955.6000,2956.0000,2956.2000,2959.4000,2959.8000,1,1,1,5,1,2,1,1,1,1
SF,IH2001,2019-11-18 09:37:37.000,2951.0000,9,0,7967400.000,0,-,-,-,-,2952.2000,2941.4000,2941.2000,2940.4000,2903.4000,2955.6000,2956.0000,2956.2000,2959.4000,2959.8000,1,1,5,1,3,1,1,1,1,1
SF,IH2001,2019-11-18 09:37:37.500,2951.0000,9,0,7967400.000,0,-,-,-,-,2952.2000,2941.4000,2941.2000,2940.4000,2903.4000,2955.6000,2956.0000,2959.4000,2959.8000,2960.2000,1,1,5,1,3,1,1,1,1,5
SF,IH2001,2019-11-18 09:37:38.000,2951.0000,9,0,7967400.000,0,-,-,-,-,2952.2000,2941.4000,2941.2000,2940.4000,2903.4000,2955.6000,2956.0000,2959.4000,2959.8000,2960.2000,1,1,5,1,3,2,1,1,1,5
SF,IH2001,2019-11-18 09:37:38.500,2951.0000,9,0,7967400.000,0,-,-,-,-,2952.2000,2941.4000,2941.2000,2940.4000,2903.4000,2955.6000,2956.0000,2959.4000,2959.8000,2960.2000,1,1,5,1,3,1,1,1,1,5
SF,IH2001,2019-11-18 09:37:39.500,2951.0000,9,0,7967400.000,0,-,-,-,-,2941.4000,2941.2000,2940.4000,2903.4000,2900.8000,2955.6000,2956.0000,2959.4000,2959.8000,2960.2000,1,5,1,3,1,1,1,1,1,5
SF,IH2001,2019-11-18 09:37:40.000,2951.0000,9,0,7967400.000,0,-,-,-,-,2945.0000,2943.8000,2941.6000,2941.4000,2941.2000,2955.6000,2956.0000,2959.4000,2959.8000,2960.2000,3,3,2,2,5,1,1,1,1,5
SF,IH2001,2019-11-18 09:37:40.500,2951.0000,9,0,7967400.000,0,-,-,-,-,2945.2000,2945.0000,2941.6000,2941.4000,2941.2000,2955.6000,2956.0000,2959.4000,2959.8000,2960.2000,3,3,1,1,5,2,1,1,1,5
SF,IH2001,2019-11-18 09:37:41.000,2951.0000,9,0,7967400.000,0,-,-,-,-,2945.2000,2945.0000,2941.6000,2941.4000,2941.2000,2955.6000,2956.0000,2959.4000,2959.8000,2960.2000,3,3,1,1,5,1,1,1,1,5
SF,IH2001,2019-11-18 09:37:41.500,2951.0000,9,0,7967400.000,0,-,-,-,-,2945.2000,2945.0000,2941.6000,2941.4000,2941.2000,2955.6000,2956.0000,2959.4000,2959.8000,2960.2000,3,3,1,1,5,2,1,1,1,5
SF,IH2001,2019-11-18 09:37:42.000,2951.0000,9,0,7967400.000,0,-,-,-,-,2950.2000,2945.2000,2945.0000,2941.6000,2941.4000,2955.6000,2956.0000,2959.4000,2959.8000,2960.2000,1,3,3,1,1,1,1,1,1,5
SF,IH2001,2019-11-18 09:37:42.500,2951.0000,9,0,7967400.000,0,-,-,-,-,2950.2000,2948.2000,2945.2000,2941.6000,2941.4000,2955.6000,2956.0000,2959.4000,2959.8000,2960.2000,1,1,1,1,1,2,1,1,1,5
SF,IH2001,2019-11-18 09:37:43.000,2951.0000,9,0,7967400.000,0,-,-,-,-,2950.4000,2950.2000,2948.2000,2945.2000,2941.4000,2955.6000,2956.0000,2959.4000,2959.8000,2960.2000,1,1,1,1,1,2,1,1,1,5
SF,IH2001,2019-11-18 09:37:45.000,2951.0000,9,0,7967400.000,0,-,-,-,-,2950.6000,2950.4000,2950.2000,2948.2000,2945.2000,2955.6000,2956.0000,2959.4000,2959.8000,2960.2000,1,1,1,1,1,2,1,1,1,5
SF,IH2001,2019-11-18 09:37:46.000,2951.0000,9,0,7967400.000,0,-,-,-,-,2951.2000,2950.6000,2950.4000,2948.2000,2945.2000,2955.6000,2956.0000,2959.4000,2959.8000,2960.2000,1,1,1,1,1,2,1,1,1,5
SF,IH2001,2019-11-18 09:37:46.500,2951.0000,9,0,7967400.000,0,-,-,-,-,2951.2000,2950.6000,2948.2000,2945.2000,2941.4000,2955.6000,2956.0000,2959.4000,2959.8000,2960.2000,2,1,1,1,1,2,1,1,1,5
SF,IH2001,2019-11-18 09:37:47.500,2951.0000,9,0,7967400.000,0,-,-,-,-,2951.6000,2951.2000,2950.6000,2948.2000,2948.0000,2955.6000,2956.0000,2959.4000,2959.8000,2960.2000,1,2,1,1,1,2,1,1,1,5
SF,IH2001,2019-11-18 09:37:48.000,2951.0000,9,0,7967400.000,0,-,-,-,-,2951.6000,2951.2000,2950.6000,2948.2000,2948.0000,2955.6000,2956.0000,2959.4000,2959.8000,2960.2000,1,2,1,1,1,1,1,1,1,5
SF,IH2001,2019-11-18 09:37:49.000,2951.0000,9,0,7967400.000,0,-,-,-,-,2951.8000,2951.6000,2951.2000,2950.6000,2948.2000,2955.6000,2956.0000,2959.4000,2959.8000,2960.2000,1,1,1,1,1,1,1,1,1,5
SF,IH2001,2019-11-18 09:37:50.000,2951.0000,9,0,7967400.000,0,-,-,-,-,2951.8000,2951.6000,2950.6000,2948.2000,2948.0000,2955.6000,2956.0000,2959.4000,2959.8000,2960.2000,1,1,1,1,1,1,1,1,1,5
SF,IH2001,2019-11-18 09:37:50.500,2951.0000,9,0,7967400.000,0,-,-,-,-,2951.8000,2951.6000,2950.6000,2948.2000,2948.0000,2955.6000,2956.0000,2959.4000,2959.8000,2960.2000,2,1,1,1,1,1,1,1,1,5
SF,IH2001,2019-11-18 09:37:51.000,2951.0000,9,0,7967400.000,0,-,-,-,-,2951.8000,2951.6000,2950.6000,2948.2000,2948.0000,2955.6000,2956.0000,2959.4000,2959.8000,2960.2000,2,1,1,1,1,2,1,1,1,5
SF,IH2001,2019-11-18 09:37:51.500,2951.0000,9,0,7967400.000,0,-,-,-,-,2951.8000,2951.6000,2950.6000,2948.2000,2948.0000,2955.4000,2955.6000,2956.0000,2959.4000,2959.8000,2,1,1,1,1,1,2,1,1,1
SF,IH2001,2019-11-18 09:37:52.000,2951.0000,9,0,7967400.000,0,-,-,-,-,2952.2000,2952.0000,2951.8000,2951.6000,2950.6000,2955.4000,2955.6000,2956.0000,2959.4000,2959.8000,2,1,2,1,1,1,2,1,1,1
SF,IH2001,2019-11-18 09:37:54.000,2951.0000,9,0,7967400.000,0,-,-,-,-,2952.2000,2952.0000,2951.8000,2951.6000,2950.6000,2955.4000,2955.6000,2956.0000,2959.4000,2959.8000,2,1,1,1,1,1,2,1,1,1
SF,IH2001,2019-11-18 09:37:56.000,2951.0000,9,0,7967400.000,0,-,-,-,-,2952.2000,2952.0000,2951.6000,2950.6000,2948.2000,2955.4000,2955.6000,2956.0000,2959.4000,2959.8000,2,1,1,1,1,1,2,1,1,1
SF,IH2001,2019-11-18 09:37:56.500,2951.0000,9,0,7967400.000,0,-,-,-,-,2952.2000,2952.0000,2951.6000,2950.6000,2948.2000,2955.4000,2955.6000,2956.0000,2959.4000,2959.8000,2,1,1,1,1,2,1,1,1,1
SF,IH2001,2019-11-18 09:37:58.500,2951.0000,9,0,7967400.000,0,-,-,-,-,2952.2000,2952.0000,2951.6000,2950.6000,2948.2000,2955.4000,2956.0000,2959.4000,2959.8000,2960.2000,2,1,1,1,1,2,1,1,1,5
SF,IH2001,2019-11-18 09:38:01.000,2951.0000,9,0,7967400.000,0,-,-,-,-,2952.2000,2952.0000,2951.6000,2950.6000,2948.2000,2955.2000,2955.4000,2956.0000,2959.4000,2959.8000,2,1,1,1,1,1,2,1,1,1
SF,IH2001,2019-11-18 09:38:01.500,2951.0000,9,0,7967400.000,0,-,-,-,-,2952.0000,2950.6000,2948.2000,2948.0000,2945.2000,2955.4000,2956.0000,2959.4000,2959.8000,2960.2000,1,1,1,1,1,2,1,1,1,5
SF,IH2001,2019-11-18 09:38:02.000,2951.0000,9,0,7967400.000,0,-,-,-,-,2952.0000,2950.6000,2948.2000,2948.0000,2945.2000,2955.2000,2955.4000,2956.0000,2959.4000,2959.8000,1,1,1,1,1,1,2,1,1,1
SF,IH2001,2019-11-18 09:38:02.500,2951.0000,9,0,7967400.000,0,-,-,-,-,2952.0000,2950.6000,2948.2000,2948.0000,2945.2000,2955.4000,2956.0000,2959.4000,2959.8000,2960.2000,1,1,1,1,1,2,1,1,1,5
SF,IH2001,2019-11-18 09:38:03.000,2951.0000,9,0,7967400.000,0,-,-,-,-,2952.0000,2950.6000,2948.2000,2948.0000,2945.2000,2955.4000,2956.0000,2959.4000,2959.8000,2960.2000,1,1,1,1,1,1,1,1,1,5
SF,IH2001,2019-11-18 09:38:04.000,2951.0000,9,0,7967400.000,0,-,-,-,-,2952.2000,2952.0000,2948.2000,2948.0000,2945.2000,2955.2000,2955.4000,2956.0000,2959.4000,2959.8000,1,1,1,1,1,1,1,1,1,1
SF,IH2001,2019-11-18 09:38:05.000,2951.0000,9,0,7967400.000,0,-,-,-,-,2952.2000,2952.0000,2948.2000,2948.0000,2945.2000,2955.4000,2956.0000,2959.4000,2959.8000,2960.2000,1,1,1,1,1,1,1,1,1,5
SF,IH2001,2019-11-18 09:38:06.500,2951.0000,9,0,7967400.000,0,-,-,-,-,2953.0000,2952.2000,2952.0000,2948.2000,2948.0000,2955.4000,2956.0000,2959.4000,2959.8000,2960.2000,1,1,1,1,1,1,1,1,1,5
SF,IH2001,2019-11-18 09:38:07.500,2951.0000,9,0,7967400.000,0,-,-,-,-,2953.0000,2952.2000,2952.0000,2948.2000,2948.0000,2955.2000,2955.4000,2956.0000,2959.4000,2959.8000,1,1,1,1,1,1,1,1,1,1
SF,IH2001,2019-11-18 09:38:08.000,2951.0000,9,0,7967400.000,0,-,-,-,-,2953.0000,2952.0000,2948.2000,2948.0000,2945.2000,2955.2000,2956.0000,2959.4000,2959.8000,2960.2000,1,1,1,1,1,1,1,1,1,5
SF,IH2001,2019-11-18 09:38:10.000,2951.0000,9,0,7967400.000,0,-,-,-,-,2953.0000,2952.0000,2948.2000,2948.0000,2945.2000,2956.0000,2959.4000,2959.8000,2960.2000,2961.4000,1,1,1,1,1,1,1,1,5,1
SF,IH2001,2019-11-18 09:38:15.500,2951.0000,9,0,7967400.000,0,-,-,-,-,2953.0000,2952.0000,2948.2000,2948.0000,2945.2000,2955.6000,2956.0000,2959.4000,2959.8000,2960.2000,1,1,1,1,1,1,1,1,1,5
SF,IH2001,2019-11-18 09:38:16.000,2951.0000,9,0,7967400.000,0,-,-,-,-,2953.0000,2952.0000,2948.2000,2948.0000,2945.2000,2955.4000,2955.6000,2956.0000,2959.4000,2959.8000,1,1,1,1,1,1,1,1,1,1
SF,IH2001,2019-11-18 09:38:29.000,2955.4000,10,1,8854020.000,1,1,0,双开,S,2953.0000,2952.0000,2948.2000,2948.0000,2945.2000,2955.6000,2956.0000,2959.4000,2959.8000,2960.2000,1,1,1,1,1,1,1,1,1,5
SF,IH2001,2019-11-18 09:38:29.500,2955.4000,10,0,8854020.000,0,-,-,-,-,2953.0000,2952.0000,2948.2000,2948.0000,2945.2000,2955.6000,2956.0000,2959.4000,2959.8000,2960.2000,1,1,1,1,1,1,1,1,1,5
SF,IH2001,2019-11-18 09:38:32.500,2955.4000,10,0,8854020.000,0,-,-,-,-,2953.0000,2952.0000,2948.2000,2948.0000,2945.2000,2955.4000,2955.6000,2956.0000,2959.4000,2959.8000,1,1,1,1,1,1,1,1,1,1
SF,IH2001,2019-11-18 09:38:33.000,2955.4000,10,0,8854020.000,0,-,-,-,-,2953.0000,2952.0000,2948.0000,2945.2000,2941.2000,2955.4000,2955.6000,2956.0000,2959.4000,2959.8000,1,1,1,1,5,1,1,1,1,1
SF,IH2001,2019-11-18 09:38:34.000,2955.4000,10,0,8854020.000,0,-,-,-,-,2953.0000,2952.0000,2948.0000,2945.2000,2941.2000,2955.2000,2955.4000,2955.6000,2956.0000,2959.4000,1,1,1,1,5,1,2,1,1,1
SF,IH2001,2019-11-18 09:38:36.000,2955.4000,10,0,8854020.000,0,-,-,-,-,2953.0000,2952.0000,2948.0000,2945.2000,2941.2000,2955.2000,2955.4000,2955.6000,2956.0000,2959.4000,1,1,1,1,5,1,1,1,1,1
SF,IH2001,2019-11-18 09:38:37.500,2955.4000,10,0,8854020.000,0,-,-,-,-,2953.0000,2952.0000,2948.0000,2945.2000,2941.2000,2955.2000,2955.4000,2955.6000,2956.0000,2959.4000,2,1,1,1,5,1,1,1,1,1
SF,IH2001,2019-11-18 09:38:38.000,2955.4000,10,0,8854020.000,0,-,-,-,-,2953.6000,2953.0000,2952.0000,2948.0000,2945.2000,2955.2000,2955.4000,2955.6000,2956.0000,2959.4000,1,2,1,1,1,1,1,1,1,1
SF,IH2001,2019-11-18 09:38:38.500,2955.4000,10,0,8854020.000,0,-,-,-,-,2953.6000,2953.0000,2952.0000,2948.0000,2941.2000,2955.6000,2956.0000,2959.4000,2959.8000,2960.2000,1,2,1,1,5,1,1,1,1,5
SF,IH2001,2019-11-18 09:38:39.000,2955.4000,10,0,8854020.000,0,-,-,-,-,2953.6000,2953.0000,2952.0000,2948.0000,2941.2000,2956.0000,2959.4000,2959.8000,2960.2000,2961.4000,1,2,1,1,5,1,1,1,5,1
SF,IH2001,2019-11-18 09:38:39.500,2955.4000,10,0,8854020.000,0,-,-,-,-,2954.2000,2953.0000,2952.0000,2948.0000,2941.2000,2959.4000,2959.8000,2960.2000,2961.4000,2970.2000,1,1,1,1,5,1,1,5,1,1
SF,IH2001,2019-11-18 09:38:40.000,2955.4000,10,0,8854020.000,0,-,-,-,-,2954.6000,2953.0000,2952.0000,2948.0000,2941.2000,2959.2000,2959.4000,2959.8000,2960.2000,2961.4000,1,1,1,1,5,3,1,1,5,1
SF,IH2001,2019-11-18 09:38:40.500,2955.4000,10,0,8854020.000,0,-,-,-,-,2954.8000,2953.0000,2952.0000,2948.0000,2941.2000,2958.6000,2959.0000,2959.2000,2959.4000,2959.8000,1,1,1,1,5,1,1,3,1,1
SF,IH2001,2019-11-18 09:38:41.000,2955.4000,10,0,8854020.000,0,-,-,-,-,2955.0000,2953.0000,2952.0000,2948.0000,2941.2000,2957.8000,2958.4000,2958.6000,2959.0000,2959.4000,1,1,1,1,5,1,1,2,1,1
SF,IH2001,2019-11-18 09:38:41.500,2955.4000,10,0,8854020.000,0,-,-,-,-,2955.0000,2953.0000,2952.0000,2948.0000,2941.2000,2957.6000,2957.8000,2958.4000,2958.6000,2959.0000,1,1,1,1,5,1,2,1,1,1
SF,IH2001,2019-11-18 09:38:42.000,2955.4000,10,0,8854020.000,0,-,-,-,-,2955.0000,2953.0000,2952.0000,2948.0000,2941.2000,2957.6000,2957.8000,2958.4000,2958.6000,2959.0000,1,1,1,1,5,2,1,1,1,1
SF,IH2001,2019-11-18 09:38:42.500,2955.4000,10,0,8854020.000,0,-,-,-,-,2955.2000,2953.0000,2952.0000,2948.0000,2941.2000,2957.4000,2957.6000,2957.8000,2958.4000,2958.6000,1,1,1,1,5,1,1,1,1,1
SF,IH2001,2019-11-18 09:38:43.000,2955.4000,10,0,8854020.000,0,-,-,-,-,2955.2000,2953.0000,2952.0000,2948.0000,2941.2000,2957.4000,2957.6000,2957.8000,2958.4000,2958.6000,1,1,1,1,5,2,1,1,1,1
SF,IH2001,2019-11-18 09:38:43.500,2955.4000,10,0,8854020.000,0,-,-,-,-,2955.2000,2953.0000,2952.0000,2948.0000,2941.2000,2957.2000,2957.4000,2957.6000,2957.8000,2958.4000,1,1,1,1,5,1,2,1,1,1
SF,IH2001,2019-11-18 09:38:44.000,2955.4000,10,0,8854020.000,0,-,-,-,-,2955.2000,2953.0000,2952.0000,2948.0000,2941.2000,2957.4000,2957.6000,2957.8000,2958.4000,2958.6000,1,1,1,1,5,1,1,1,1,1
SF,IH2001,2019-11-18 09:38:44.500,2955.4000,10,0,8854020.000,0,-,-,-,-,2955.2000,2953.0000,2952.0000,2948.0000,2941.2000,2957.4000,2957.6000,2957.8000,2958.4000,2958.6000,1,1,1,1,5,1,1,1,1,1
SF,IH2001,2019-11-18 09:38:45.500,2955.4000,10,0,8854020.000,0,-,-,-,-,2955.4000,2955.2000,2953.0000,2952.0000,2948.0000,2957.4000,2957.6000,2957.8000,2958.4000,2958.6000,1,1,1,1,1,1,1,1,1,1
SF,IH2001,2019-11-18 09:38:47.000,2955.4000,10,0,8854020.000,0,-,-,-,-,2955.4000,2955.2000,2953.0000,2952.0000,2948.0000,2957.4000,2957.6000,2957.8000,2958.4000,2958.6000,1,1,1,1,1,1,1,1,1,1
SF,IH2001,2019-11-18 09:38:47.500,2955.4000,10,0,8854020.000,0,-,-,-,-,2955.4000,2955.2000,2953.0000,2952.0000,2948.0000,2957.4000,2957.6000,2957.8000,2958.4000,2959.0000,1,1,1,1,1,1,1,1,1,1
SF,IH2001,2019-11-18 09:38:48.500,2955.4000,10,0,8854020.000,0,-,-,-,-,2955.6000,2953.0000,2952.0000,2948.0000,2941.2000,2957.4000,2957.6000,2957.8000,2958.4000,2959.0000,1,1,1,1,5,1,1,1,1,1
SF,IH2001,2019-11-18 09:38:49.000,2955.4000,10,0,8854020.000,0,-,-,-,-,2955.8000,2953.0000,2952.0000,2948.0000,2941.2000,2957.8000,2958.4000,2959.0000,2959.4000,2964.0000,1,1,1,1,5,1,1,1,1,5
SF,IH2001,2019-11-18 09:38:49.500,2955.4000,10,0,8854020.000,0,-,-,-,-,2955.8000,2953.0000,2952.0000,2948.0000,2941.2000,2958.4000,2959.0000,2959.4000,2964.0000,2970.2000,1,1,1,1,5,1,1,1,5,1
SF,IH2001,2019-11-18 09:38:50.000,2955.4000,10,0,8854020.000,0,-,-,-,-,2956.0000,2953.0000,2952.0000,2948.0000,2941.2000,2958.4000,2959.0000,2959.4000,2964.0000,2970.2000,1,1,1,1,5,1,1,1,5,1
SF,IH2001,2019-11-18 09:38:52.000,2955.4000,10,0,8854020.000,0,-,-,-,-,2956.0000,2953.0000,2952.0000,2948.0000,2941.2000,2959.0000,2959.4000,2964.0000,2970.2000,3013.0000,1,1,1,1,5,1,1,5,1,3
SF,IH2001,2019-11-18 09:38:52.500,2955.4000,10,0,8854020.000,0,-,-,-,-,2956.8000,2953.0000,2952.0000,2948.0000,2941.2000,2959.4000,2964.0000,2970.2000,3013.0000,3013.8000,1,1,1,1,5,1,5,1,3,1
SF,IH2001,2019-11-18 09:38:53.000,2955.4000,10,0,8854020.000,0,-,-,-,-,2956.8000,2953.0000,2952.0000,2948.0000,2941.2000,2959.4000,2964.0000,2970.2000,3013.0000,3013.8000,1,1,1,1,5,2,5,1,3,1
SF,IH2001,2019-11-18 09:38:53.500,2955.4000,10,0,8854020.000,0,-,-,-,-,2956.8000,2953.0000,2952.0000,2948.0000,2941.2000,2964.0000,2970.2000,3013.0000,3013.8000,3066.6000,1,1,1,1,5,5,1,3,1,1
SF,IH2001,2019-11-18 09:38:54.000,2955.4000,10,0,8854020.000,0,-,-,-,-,2956.8000,2953.0000,2952.0000,2948.0000,2941.2000,2963.8000,2964.0000,2970.2000,3013.0000,3013.8000,1,1,1,1,5,2,5,1,3,1
SF,IH2001,2019-11-18 09:38:54.500,2955.4000,10,0,8854020.000,0,-,-,-,-,2956.8000,2953.0000,2952.0000,2948.0000,2941.2000,2961.2000,2963.6000,2963.8000,2964.0000,2970.2000,1,1,1,1,5,1,1,2,5,1
SF,IH2001,2019-11-18 09:38:55.000,2955.4000,10,0,8854020.000,0,-,-,-,-,2956.8000,2953.0000,2952.0000,2948.0000,2941.2000,2961.0000,2961.2000,2963.6000,2964.0000,2970.2000,1,1,1,1,5,2,2,1,5,1
SF,IH2001,2019-11-18 09:38:55.500,2955.4000,10,0,8854020.000,0,-,-,-,-,2956.8000,2953.0000,2952.0000,2948.0000,2941.2000,2961.0000,2961.2000,2963.6000,2964.0000,2970.2000,1,1,1,1,5,2,1,1,5,1
SF,IH2001,2019-11-18 09:38:56.500,2955.4000,10,0,8854020.000,0,-,-,-,-,2957.2000,2953.0000,2952.0000,2948.0000,2941.2000,2961.0000,2961.2000,2963.6000,2964.0000,2970.2000,1,1,1,1,5,2,1,1,5,1
SF,IH2001,2019-11-18 09:38:57.000,2955.4000,10,0,8854020.000,0,-,-,-,-,2957.2000,2953.0000,2952.0000,2948.0000,2941.2000,2960.8000,2961.0000,2963.6000,2964.0000,2970.2000,1,1,1,1,5,1,2,1,5,1
SF,IH2001,2019-11-18 09:38:57.500,2955.4000,10,0,8854020.000,0,-,-,-,-,2957.2000,2953.0000,2952.0000,2948.0000,2941.2000,2960.6000,2960.8000,2961.0000,2963.6000,2964.0000,1,1,1,1,5,1,1,2,1,5
SF,IH2001,2019-11-18 09:38:58.000,2955.4000,10,0,8854020.000,0,-,-,-,-,2957.2000,2953.0000,2952.0000,2948.0000,2941.2000,2960.4000,2960.6000,2960.8000,2961.0000,2963.6000,1,1,1,1,5,1,1,1,2,1
SF,IH2001,2019-11-18 09:38:58.500,2955.4000,10,0,8854020.000,0,-,-,-,-,2953.0000,2952.0000,2948.0000,2941.2000,2940.4000,2959.4000,2960.2000,2960.4000,2960.6000,2960.8000,1,1,1,5,1,1,1,1,1,1
SF,IH2001,2019-11-18 09:38:59.000,2955.4000,10,0,8854020.000,0,-,-,-,-,2953.2000,2953.0000,2948.0000,2941.2000,2940.4000,2959.2000,2959.4000,2960.2000,2960.4000,2960.6000,1,1,1,5,1,1,1,1,1,1
SF,IH2001,2019-11-18 09:38:59.500,2955.4000,10,0,8854020.000,0,-,-,-,-,2956.4000,2953.4000,2953.2000,2953.0000,2948.8000,2959.2000,2959.4000,2960.2000,2960.4000,2960.6000,1,1,1,1,5,1,1,1,1,1
SF,IH2001,2019-11-18 09:39:00.000,2955.4000,10,0,8854020.000,0,-,-,-,-,2957.0000,2956.4000,2953.4000,2953.0000,2948.8000,2959.2000,2959.4000,2960.2000,2960.6000,2960.8000,1,1,1,1,5,2,1,1,1,1
SF,IH2001,2019-11-18 09:39:00.500,2955.4000,10,0,8854020.000,0,-,-,-,-,2956.4000,2953.4000,2953.0000,2948.8000,2948.0000,2959.2000,2959.4000,2960.2000,2960.6000,2960.8000,1,1,1,5,1,2,1,1,1,1
SF,IH2001,2019-11-18 09:39:01.000,2955.4000,10,0,8854020.000,0,-,-,-,-,2956.4000,2953.4000,2953.0000,2948.8000,2948.0000,2959.2000,2959.4000,2960.2000,2960.6000,2960.8000,1,1,1,5,1,1,1,1,1,1
SF,IH2001,2019-11-18 09:39:01.500,2955.4000,10,0,8854020.000,0,-,-,-,-,2956.4000,2953.4000,2953.0000,2948.8000,2948.0000,2959.2000,2959.4000,2960.2000,2960.6000,2960.8000,1,1,1,5,1,2,1,1,1,1
SF,IH2001,2019-11-18 09:39:05.500,2955.4000,10,0,8854020.000,0,-,-,-,-,2953.4000,2953.0000,2948.8000,2948.0000,2940.4000,2959.2000,2959.4000,2960.2000,2960.6000,2960.8000,1,1,5,1,1,2,1,1,1,1
SF,IH2001,2019-11-18 09:39:06.000,2955.4000,10,0,8854020.000,0,-,-,-,-,2953.4000,2953.0000,2948.8000,2948.0000,2940.4000,2958.6000,2959.2000,2960.2000,2960.6000,2960.8000,1,1,5,1,1,1,1,1,1,1
SF,IH2001,2019-11-18 09:39:06.500,2955.4000,10,0,8854020.000,0,-,-,-,-,2956.0000,2953.4000,2953.0000,2948.8000,2948.0000,2958.4000,2958.6000,2959.2000,2960.2000,2960.6000,1,1,1,5,1,1,2,1,1,1
SF,IH2001,2019-11-18 09:39:07.000,2955.4000,10,0,8854020.000,0,-,-,-,-,2956.0000,2953.4000,2953.0000,2948.8000,2948.0000,2958.4000,2958.6000,2959.2000,2960.2000,2960.6000,1,1,1,5,1,2,1,1,1,1
SF,IH2001,2019-11-18 09:39:08.500,2955.4000,10,0,8854020.000,0,-,-,-,-,2953.4000,2953.0000,2948.8000,2948.0000,2940.4000,2958.4000,2958.6000,2959.2000,2960.2000,2960.6000,1,1,5,1,1,2,1,1,1,1
SF,IH2001,2019-11-18 09:39:09.000,2955.4000,10,0,8854020.000,0,-,-,-,-,2953.4000,2953.0000,2948.8000,2948.0000,2940.4000,2958.4000,2958.6000,2959.2000,2960.2000,2960.6000,1,1,5,1,1,1,1,1,1,1
SF,IH2001,2019-11-18 09:39:09.500,2955.4000,10,0,8854020.000,0,-,-,-,-,2955.6000,2953.4000,2953.0000,2948.8000,2948.0000,2958.4000,2958.6000,2959.2000,2960.2000,2960.6000,1,2,1,5,1,2,1,1,1,1
