市场代码,合约代码,时间,最新,持仓,增仓,成交额,成交量,开仓,平仓,成交类型,方向,买一价,买二价,买三价,买四价,买五价,卖一价,卖二价,卖三价,卖四价,卖五价,买一量,买二量,买三量,买四量,买五量,卖一量,卖二量,卖三量,卖四量,卖五量
SF,IH2006,2020-03-09 09:29:00.400,2887.8000,15397,0,14727780.000,17.000,-,-,-,-,2885.6000,2885.0000,2883.0000,2881.2000,2880.0000,2888.0000,2888.6000,2890.0000,2894.0000,2894.4000,1,21,1,1,1,1,1,9,2,1
SF,IH2006,2020-03-09 09:30:00.400,2886.0000,15398,1,27712680.000,15,8,7,空开,S,2885.0000,2883.2000,2883.0000,2881.6000,2881.2000,2885.4000,2885.6000,2886.0000,2886.2000,2886.6000,22,1,1,1,1,1,1,1,1,2
SF,IH2006,2020-03-09 09:30:00.900,2884.0000,15375,-23,56266440.000,33,5,28,多平,S,2881.0000,2880.0000,2876.8000,2875.6000,2875.2000,2884.8000,2885.0000,2885.6000,2885.8000,2886.0000,2,1,1,1,2,1,3,1,9,1
SF,IH2006,2020-03-09 09:30:01.400,2881.0000,15373,-2,59724060.000,4,1,3,多平,S,2881.0000,2880.8000,2880.0000,2876.8000,2875.6000,2884.0000,2884.6000,2884.8000,2885.0000,2885.6000,1,1,1,1,1,1,3,1,5,1
SF,IH2006,2020-03-09 09:30:01.900,2883.6000,15371,-2,70096260.000,12,5,7,多平,S,2881.2000,2875.6000,2875.2000,2875.0000,2872.0000,2883.2000,2883.6000,2883.8000,2884.0000,2884.4000,1,1,2,1,1,1,8,3,2,1
SF,IH2006,2020-03-09 09:30:02.400,2883.0000,15371,0,75283860.000,6,3,3,多换,S,2881.4000,2880.0000,2878.0000,2875.6000,2875.2000,2882.8000,2883.0000,2884.0000,2884.4000,2884.8000,1,2,1,1,2,1,4,8,1,1
SF,IH2006,2020-03-09 09:30:02.900,2881.4000,15370,-1,76148280.000,1,0,1,双平,S,2881.6000,2881.4000,2880.0000,2878.0000,2875.6000,2882.6000,2882.8000,2883.0000,2884.0000,2884.8000,1,2,2,1,1,3,1,1,8,1
SF,IH2006,2020-03-09 09:30:03.400,2882.6000,15370,0,80471940.000,5,2,3,多换,S,2882.6000,2881.4000,2880.0000,2878.0000,2875.6000,2884.0000,2884.8000,2885.0000,2885.6000,2886.0000,2,2,2,1,1,8,1,7,1,1
SF,IH2006,2020-03-09 09:30:03.900,2883.6000,15371,1,87391020.000,8,4,4,空开,S,2881.4000,2880.0000,2878.0000,2875.6000,2875.2000,2883.6000,2883.8000,2884.0000,2884.8000,2885.0000,2,2,1,1,2,1,1,9,1,7
SF,IH2006,2020-03-09 09:30:04.400,2882.4000,15370,-1,89120160.000,2,0,2,多平,S,2881.4000,2880.0000,2878.6000,2878.0000,2875.6000,2882.6000,2883.2000,2883.4000,2883.6000,2884.4000,1,2,1,1,1,1,2,4,3,8
SF,IH2006,2020-03-09 09:30:04.900,2883.2000,15371,1,96037380.000,8,4,4,空开,S,2880.0000,2878.6000,2878.0000,2875.6000,2875.2000,2881.2000,2881.4000,2883.2000,2883.4000,2883.6000,1,1,1,1,2,1,1,1,2,3
SF,IH2006,2020-03-09 09:30:05.400,2881.0000,15371,0,102085620.000,7,3,4,多换,S,2878.0000,2875.6000,2875.2000,2875.0000,2872.0000,2881.0000,2881.2000,2882.4000,2882.6000,2883.2000,1,1,2,1,1,1,2,8,4,1
SF,IH2006,2020-03-09 09:30:05.900,2878.0000,15370,-1,104676240.000,3,1,2,多平,S,2876.8000,2875.6000,2875.2000,2875.0000,2872.0000,2878.0000,2880.8000,2881.0000,2881.2000,2882.4000,1,1,2,1,1,1,2,1,2,8
SF,IH2006,2020-03-09 09:30:06.400,2878.2000,15369,-1,110722980.000,7,3,4,多平,S,2878.2000,2878.0000,2877.8000,2877.2000,2877.0000,2881.2000,2882.4000,2882.6000,2883.2000,2883.4000,2,2,1,1,6,1,8,4,1,1
SF,IH2006,2020-03-09 09:30:06.900,2878.2000,15369,0,111586440.000,1,0,1,多换,S,2878.4000,2878.2000,2878.0000,2877.2000,2877.0000,2881.0000,2881.2000,2882.6000,2883.2000,2883.4000,6,2,1,1,1,9,1,4,1,1
SF,IH2006,2020-03-09 09:30:07.400,2878.2000,15367,-2,114176820.000,3,0,3,多平,S,2878.6000,2878.4000,2878.2000,2878.0000,2877.0000,2880.8000,2881.0000,2882.6000,2883.2000,2883.4000,1,4,2,1,1,2,1,4,1,1
SF,IH2006,2020-03-09 09:30:07.900,2878.6000,15366,-1,115040400.000,1,0,1,双平,S,2878.8000,2878.6000,2878.4000,2878.2000,2878.0000,2880.6000,2880.8000,2882.6000,2883.2000,2883.6000,2,1,2,2,2,2,2,4,1,2
SF,IH2006,2020-03-09 09:30:08.400,2878.8000,15365,-1,115904040.000,1,0,1,双平,S,2878.2000,2878.0000,2877.6000,2877.0000,2875.6000,2880.4000,2880.6000,2881.0000,2882.6000,2883.2000,2,2,1,1,1,2,2,8,4,1
SF,IH2006,2020-03-09 09:30:08.900,2878.8000,15365,0,117631320.000,2,1,1,多换,S,2878.6000,2878.4000,2878.2000,2878.0000,2877.6000,2880.2000,2880.4000,2881.0000,2882.6000,2883.2000,1,4,2,2,1,2,2,8,4,1
SF,IH2006,2020-03-09 09:30:09.400,2878.4000,15363,-2,119358360.000,2,0,2,双平,S,2878.2000,2878.0000,2877.6000,2877.0000,2875.6000,2880.0000,2880.2000,2881.0000,2882.6000,2883.2000,2,2,1,1,1,3,2,8,4,1
SF,IH2006,2020-03-09 09:30:09.900,2879.8000,15362,-1,121950180.000,3,1,2,多平,S,2878.8000,2878.4000,2878.2000,2878.0000,2877.6000,2880.0000,2881.0000,2882.6000,2883.2000,2883.6000,1,4,2,2,1,2,8,4,1,2
SF,IH2006,2020-03-09 09:30:10.400,2880.0000,15360,-2,126269640.000,5,1,4,多平,S,2879.0000,2878.4000,2878.2000,2878.0000,2877.6000,2880.0000,2881.0000,2882.6000,2883.2000,2883.6000,2,3,2,2,1,1,8,4,1,2
SF,IH2006,2020-03-09 09:30:10.900,2880.0000,15360,0,126269640.000,0,-,-,-,-,2879.0000,2878.8000,2878.4000,2878.2000,2878.0000,2880.0000,2881.0000,2882.6000,2883.2000,2883.6000,2,1,3,2,2,1,8,4,1,2
SF,IH2006,2020-03-09 09:30:11.400,2878.8000,15359,-1,127997040.000,2,0,2,多平,S,2878.4000,2878.2000,2878.0000,2877.6000,2877.0000,2879.8000,2880.0000,2881.0000,2882.6000,2883.2000,3,2,2,1,1,1,1,8,4,1
SF,IH2006,2020-03-09 09:30:11.900,2878.8000,15359,0,127997040.000,0,-,-,-,-,2878.2000,2878.0000,2877.6000,2877.0000,2875.6000,2879.6000,2879.8000,2880.0000,2881.0000,2882.6000,2,2,1,1,1,3,1,1,8,4
SF,IH2006,2020-03-09 09:30:12.400,2879.6000,15358,-1,131452500.000,4,1,3,多平,S,2879.6000,2878.4000,2878.2000,2878.0000,2877.0000,2880.0000,2881.0000,2882.6000,2883.2000,2883.6000,1,4,2,2,1,1,8,4,1,2
SF,IH2006,2020-03-09 09:30:12.900,2880.0000,15357,-1,134043900.000,3,1,2,多平,S,2880.0000,2879.8000,2878.4000,2878.2000,2878.0000,2881.0000,2882.6000,2883.2000,2883.6000,2885.0000,1,1,2,2,2,8,4,1,2,4
SF,IH2006,2020-03-09 09:30:13.400,2880.8000,15354,-3,140092080.000,7,2,5,多平,S,2878.4000,2878.2000,2878.0000,2877.0000,2875.6000,2881.0000,2882.6000,2883.2000,2883.6000,2885.0000,1,2,2,1,1,8,1,1,2,3
SF,IH2006,2020-03-09 09:30:13.900,2880.8000,15353,-1,140956320.000,1,0,1,双平,S,2878.6000,2878.2000,2878.0000,2877.0000,2875.6000,2880.8000,2881.0000,2882.6000,2883.2000,2883.6000,5,2,2,1,1,3,8,1,1,2
SF,IH2006,2020-03-09 09:30:14.400,2880.8000,15351,-2,143549040.000,3,0,3,多平,S,2880.8000,2880.0000,2878.8000,2878.6000,2878.4000,2881.6000,2882.6000,2883.2000,2883.6000,2885.0000,1,1,1,2,1,8,1,1,2,3
SF,IH2006,2020-03-09 09:30:14.900,2880.0000,15350,-1,146141520.000,3,1,2,多平,S,2878.6000,2878.2000,2878.0000,2877.0000,2875.6000,2880.8000,2881.0000,2881.2000,2881.4000,2881.6000,1,2,2,1,1,1,1,2,1,9
SF,IH2006,2020-03-09 09:30:15.400,2880.6000,15350,0,148733460.000,3,1,2,多换,S,2878.8000,2878.6000,2878.2000,2878.0000,2877.0000,2881.6000,2882.6000,2883.2000,2883.6000,2885.0000,1,1,2,2,1,8,1,1,2,3
SF,IH2006,2020-03-09 09:30:15.900,2880.6000,15350,0,148733460.000,0,-,-,-,-,2879.0000,2878.8000,2878.6000,2878.2000,2878.0000,2880.8000,2881.2000,2881.4000,2881.6000,2882.6000,1,1,1,2,2,1,1,2,8,1
SF,IH2006,2020-03-09 09:30:16.400,2879.8000,15351,1,150461160.000,2,1,1,空开,S,2879.0000,2878.6000,2878.2000,2878.0000,2877.0000,2880.0000,2880.6000,2880.8000,2881.2000,2881.4000,1,1,2,2,1,1,3,1,1,1
SF,IH2006,2020-03-09 09:30:16.900,2879.8000,15351,0,150461160.000,0,-,-,-,-,2879.2000,2879.0000,2878.6000,2878.2000,2878.0000,2880.6000,2881.0000,2881.2000,2881.6000,2882.6000,1,1,1,2,2,2,1,1,8,1
SF,IH2006,2020-03-09 09:30:17.400,2879.8000,15351,0,150461160.000,0,-,-,-,-,2879.0000,2878.6000,2878.2000,2878.0000,2877.0000,2880.4000,2880.6000,2880.8000,2881.0000,2881.2000,1,1,2,2,1,1,1,1,1,1
SF,IH2006,2020-03-09 09:30:17.900,2879.8000,15351,0,150461160.000,0,-,-,-,-,2879.2000,2879.0000,2878.6000,2878.2000,2878.0000,2880.2000,2881.0000,2881.2000,2881.6000,2882.6000,1,1,1,2,3,1,1,1,8,1
SF,IH2006,2020-03-09 09:30:18.400,2880.0000,15350,-1,151325160.000,1,0,1,双平,S,2878.6000,2878.2000,2878.0000,2877.0000,2875.6000,2880.2000,2881.0000,2881.2000,2881.6000,2882.6000,1,2,3,1,1,1,4,1,8,1
SF,IH2006,2020-03-09 09:30:18.900,2880.0000,15351,1,153053160.000,2,1,1,空开,S,2878.8000,2878.6000,2878.2000,2878.0000,2877.0000,2880.2000,2881.0000,2881.2000,2881.6000,2882.6000,1,1,2,3,1,1,4,1,8,1
SF,IH2006,2020-03-09 09:30:19.400,2879.0000,15349,-2,154780560.000,2,0,2,双平,S,2878.6000,2878.2000,2878.0000,2877.0000,2875.6000,2880.2000,2881.0000,2881.2000,2881.6000,2882.6000,1,2,3,1,1,1,3,1,8,1
SF,IH2006,2020-03-09 09:30:19.900,2880.0000,15348,-1,159964560.000,6,2,4,多平,S,2880.8000,2879.4000,2878.8000,2878.6000,2878.2000,2881.0000,2881.2000,2881.6000,2882.6000,2883.6000,16,3,2,1,3,3,1,8,1,2
SF,IH2006,2020-03-09 09:30:20.400,2880.8000,15354,6,173792400.000,16,11,5,空开,S,2879.4000,2878.8000,2878.6000,2878.2000,2878.0000,2879.8000,2880.6000,2880.8000,2881.0000,2881.8000,3,1,1,3,3,1,1,3,4,8
SF,IH2006,2020-03-09 09:30:20.900,2881.0000,15353,-1,178976700.000,6,2,4,多平,S,2880.6000,2880.0000,2879.4000,2878.6000,2878.2000,2881.0000,2881.8000,2882.6000,2883.6000,2884.8000,1,1,3,1,4,2,9,1,1,1
SF,IH2006,2020-03-09 09:30:21.400,2880.8000,15352,-1,180705120.000,2,0,2,多平,S,2880.0000,2879.4000,2878.6000,2878.2000,2878.0000,2881.0000,2881.8000,2882.6000,2883.6000,2884.8000,1,3,1,4,3,2,9,1,1,1
SF,IH2006,2020-03-09 09:30:21.900,2880.0000,15351,-1,181569120.000,1,0,1,双平,S,2879.8000,2879.4000,2878.6000,2878.2000,2878.0000,2880.8000,2881.0000,2881.8000,2882.6000,2883.6000,1,3,1,5,3,1,2,9,1,1
SF,IH2006,2020-03-09 09:30:22.400,2879.4000,15354,3,187618020.000,7,5,2,空开,S,2879.4000,2878.6000,2878.2000,2878.0000,2876.0000,2880.8000,2881.0000,2881.8000,2882.6000,2883.0000,2,1,5,3,1,1,2,9,1,1
SF,IH2006,2020-03-09 09:30:22.900,2879.4000,15352,-2,189345660.000,2,0,2,双平,S,2878.6000,2878.2000,2878.0000,2876.0000,2875.6000,2879.2000,2880.6000,2880.8000,2881.0000,2881.8000,1,5,3,1,1,1,4,1,2,9
SF,IH2006,2020-03-09 09:30:23.400,2879.8000,15350,-2,192801240.000,4,1,3,多平,S,2879.4000,2879.2000,2878.8000,2878.6000,2878.2000,2880.0000,2880.6000,2880.8000,2881.0000,2881.8000,2,2,2,1,5,8,3,1,2,1
SF,IH2006,2020-03-09 09:30:23.900,2878.8000,15346,-4,196256280.000,4,0,4,双平,S,2878.6000,2878.2000,2878.0000,2876.0000,2875.6000,2879.4000,2880.0000,2880.6000,2880.8000,2881.0000,1,5,3,1,1,3,8,3,1,2
SF,IH2006,2020-03-09 09:30:24.400,2878.2000,15344,-2,199710960.000,4,1,3,多平,S,2878.2000,2878.0000,2876.0000,2875.6000,2875.2000,2880.0000,2880.6000,2880.8000,2881.0000,2881.8000,4,3,1,1,2,8,3,1,2,1
SF,IH2006,2020-03-09 09:30:24.900,2879.8000,15344,0,200574900.000,1,0,1,多换,S,2879.2000,2878.4000,2878.2000,2878.0000,2876.0000,2879.8000,2880.0000,2880.6000,2880.8000,2881.0000,1,1,4,3,1,2,8,3,1,2
SF,IH2006,2020-03-09 09:30:25.400,2879.8000,15344,0,200574900.000,0,-,-,-,-,2879.4000,2878.2000,2878.0000,2876.0000,2875.6000,2879.8000,2880.4000,2880.6000,2880.8000,2881.0000,1,4,4,1,1,1,8,3,1,2
SF,IH2006,2020-03-09 09:30:25.900,2879.4000,15344,0,201438720.000,1,0,1,多换,S,2878.2000,2878.0000,2876.0000,2875.6000,2875.2000,2879.4000,2879.8000,2880.0000,2880.4000,2880.6000,4,4,1,1,2,1,2,1,8,3
SF,IH2006,2020-03-09 09:30:26.400,2879.4000,15344,0,201438720.000,0,-,-,-,-,2879.0000,2878.4000,2878.2000,2878.0000,2877.0000,2879.2000,2879.4000,2880.0000,2880.4000,2880.6000,1,1,4,4,1,3,1,1,8,3
SF,IH2006,2020-03-09 09:30:26.900,2878.2000,15344,0,203165640.000,2,1,1,多换,S,2878.2000,2878.0000,2877.0000,2876.0000,2875.6000,2878.4000,2879.0000,2879.4000,2880.0000,2880.4000,1,4,1,1,1,1,2,1,1,8
SF,IH2006,2020-03-09 09:30:27.400,2879.0000,15344,0,205756320.000,3,1,2,多换,S,2878.0000,2877.0000,2876.0000,2875.6000,2875.2000,2878.8000,2879.0000,2879.4000,2880.0000,2880.6000,4,1,1,1,2,3,9,1,1,3
SF,IH2006,2020-03-09 09:30:27.900,2878.0000,15339,-5,210073380.000,5,0,5,双平,S,2877.0000,2876.0000,2875.6000,2875.2000,2875.0000,2879.0000,2879.4000,2880.0000,2880.6000,2880.8000,1,1,1,2,2,1,9,1,3,1
SF,IH2006,2020-03-09 09:30:28.400,2878.0000,15339,0,210073380.000,0,-,-,-,-,2878.0000,2877.2000,2877.0000,2876.0000,2875.6000,2879.0000,2879.4000,2880.0000,2880.6000,2880.8000,1,3,1,1,1,1,9,1,3,1
SF,IH2006,2020-03-09 09:30:28.900,2879.0000,15337,-2,211800780.000,2,0,2,双平,S,2878.2000,2877.2000,2877.0000,2876.0000,2875.6000,2879.4000,2880.0000,2880.6000,2880.8000,2881.0000,2,1,1,1,1,9,1,3,1,2
SF,IH2006,2020-03-09 09:30:29.400,2878.4000,15328,-9,219574860.000,9,0,9,双平,S,2878.4000,2878.2000,2877.0000,2876.0000,2875.6000,2879.2000,2880.0000,2880.6000,2880.8000,2881.0000,3,2,1,1,1,10,1,3,1,2
SF,IH2006,2020-03-09 09:30:29.900,2879.2000,15327,-1,220438620.000,1,0,1,双平,S,2878.8000,2878.6000,2878.4000,2877.0000,2876.0000,2879.0000,2879.2000,2880.0000,2880.6000,2880.8000,1,2,3,1,1,1,9,1,3,1
SF,IH2006,2020-03-09 09:30:30.400,2879.8000,15315,-12,231667740.000,13,0,13,多平,S,2879.0000,2878.6000,2878.4000,2877.0000,2875.6000,2880.0000,2880.6000,2880.8000,2881.0000,2881.8000,5,1,3,1,1,1,3,1,2,1
SF,IH2006,2020-03-09 09:30:30.900,2879.2000,15313,-2,234259500.000,3,0,3,多平,S,2879.0000,2878.6000,2877.0000,2875.6000,2875.2000,2880.4000,2880.6000,2880.8000,2881.0000,2881.8000,4,1,3,1,2,8,3,1,2,1
SF,IH2006,2020-03-09 09:30:31.400,2879.0000,15313,0,235987320.000,2,1,1,多换,S,2879.0000,2878.6000,2878.4000,2877.0000,2875.6000,2879.8000,2880.6000,2880.8000,2881.0000,2881.8000,2,1,1,3,1,3,5,1,2,1
SF,IH2006,2020-03-09 09:30:31.900,2879.2000,15312,-1,239442900.000,4,1,3,多平,S,2880.0000,2879.0000,2878.6000,2878.4000,2877.0000,2880.6000,2880.8000,2881.0000,2881.8000,2883.0000,2,2,1,1,3,5,4,2,1,1
SF,IH2006,2020-03-09 09:30:32.400,2879.0000,15311,-1,242034600.000,3,1,2,多平,S,2878.6000,2878.4000,2877.0000,2875.6000,2875.2000,2878.8000,2879.8000,2880.0000,2880.4000,2880.6000,1,1,3,1,2,1,2,1,4,1
SF,IH2006,2020-03-09 09:30:32.900,2878.8000,15309,-2,245489280.000,4,1,3,多平,S,2878.8000,2878.6000,2878.4000,2877.0000,2875.6000,2879.0000,2879.8000,2880.4000,2880.6000,2880.8000,6,1,3,3,1,14,2,4,1,4
SF,IH2006,2020-03-09 09:30:33.400,2879.0000,15295,-14,257581080.000,14,0,14,双平,S,2879.2000,2879.0000,2878.8000,2878.6000,2878.4000,2879.8000,2880.0000,2880.4000,2880.6000,2880.8000,2,1,1,1,2,2,1,4,1,4
SF,IH2006,2020-03-09 09:30:33.900,2879.8000,15293,-2,259308960.000,2,0,2,双平,S,2879.4000,2878.6000,2878.4000,2877.0000,2875.6000,2880.0000,2880.4000,2880.6000,2880.8000,2881.0000,1,1,2,3,1,1,4,1,4,2
SF,IH2006,2020-03-09 09:30:34.400,2878.6000,15294,1,263627700.000,5,3,2,空开,S,2878.4000,2877.0000,2875.6000,2875.2000,2875.0000,2878.8000,2879.4000,2880.4000,2880.6000,2880.8000,2,3,1,2,2,3,1,4,1,4
SF,IH2006,2020-03-09 09:30:34.900,2878.8000,15294,0,266218620.000,3,1,2,多换,S,2878.8000,2878.6000,2878.4000,2878.2000,2877.0000,2879.0000,2879.2000,2879.4000,2880.6000,2880.8000,1,1,2,1,3,1,7,1,1,1
SF,IH2006,2020-03-09 09:30:35.400,2878.6000,15293,-1,268809540.000,3,1,2,多平,S,2879.0000,2878.4000,2877.0000,2875.6000,2875.2000,2879.4000,2880.6000,2880.8000,2881.0000,2881.8000,1,1,3,1,2,8,1,1,2,1
SF,IH2006,2020-03-09 09:30:35.900,2879.2000,15291,-2,270537000.000,2,0,2,双平,S,2878.4000,2877.0000,2875.6000,2875.2000,2875.0000,2879.2000,2879.4000,2880.6000,2880.8000,2881.0000,1,4,1,2,2,3,5,1,1,2
SF,IH2006,2020-03-09 09:30:36.400,2878.4000,15290,-1,271400520.000,1,0,1,双平,S,2878.2000,2877.0000,2875.6000,2875.2000,2875.0000,2879.4000,2879.6000,2880.6000,2880.8000,2881.0000,1,4,1,2,2,1,7,1,1,2
SF,IH2006,2020-03-09 09:30:36.900,2878.4000,15289,-1,272264040.000,1,0,1,双平,S,2879.0000,2878.4000,2878.2000,2877.0000,2875.6000,2879.4000,2879.6000,2880.6000,2880.8000,2881.0000,1,2,1,4,1,1,7,1,1,2
SF,IH2006,2020-03-09 09:30:37.400,2879.0000,15287,-2,275718420.000,4,1,3,多平,S,2877.0000,2875.6000,2875.2000,2875.0000,2874.0000,2879.0000,2879.2000,2879.4000,2879.6000,2880.6000,4,1,2,2,1,3,1,1,7,1
SF,IH2006,2020-03-09 09:30:37.900,2879.0000,15287,0,275718420.000,0,-,-,-,-,2877.0000,2875.6000,2875.2000,2875.0000,2874.0000,2878.8000,2879.0000,2879.4000,2879.6000,2880.6000,8,1,2,2,1,4,3,1,7,1
SF,IH2006,2020-03-09 09:30:38.400,2877.0000,15286,-1,276581520.000,1,0,1,双平,S,2877.0000,2875.6000,2875.2000,2875.0000,2874.0000,2878.6000,2878.8000,2879.0000,2879.4000,2879.6000,3,1,2,2,2,1,4,4,1,7
SF,IH2006,2020-03-09 09:30:38.900,2877.0000,15285,-1,277444620.000,1,0,1,双平,S,2877.0000,2875.6000,2875.2000,2875.0000,2874.0000,2878.4000,2878.6000,2878.8000,2879.0000,2879.4000,2,1,2,2,2,1,1,3,4,1
SF,IH2006,2020-03-09 09:30:39.400,2877.0000,15284,-1,280897740.000,4,1,3,多平,S,2875.6000,2875.2000,2875.0000,2874.0000,2873.6000,2878.2000,2878.8000,2879.0000,2879.4000,2879.6000,1,2,2,2,1,1,3,4,1,7
SF,IH2006,2020-03-09 09:30:39.900,2878.0000,15283,-1,282624540.000,2,0,2,多平,S,2876.4000,2876.0000,2875.8000,2875.6000,2875.2000,2879.0000,2879.4000,2879.6000,2880.6000,2880.8000,6,2,6,3,2,4,1,7,1,1
SF,IH2006,2020-03-09 09:30:40.400,2878.0000,15283,0,282624540.000,0,-,-,-,-,2878.0000,2877.0000,2876.6000,2875.8000,2875.6000,2878.6000,2878.8000,2879.0000,2879.4000,2879.6000,1,1,5,4,2,1,1,4,1,7
SF,IH2006,2020-03-09 09:30:40.900,2876.6000,15284,1,285214020.000,3,2,1,空开,S,2876.6000,2875.8000,2875.6000,2875.2000,2875.0000,2878.0000,2878.4000,2878.8000,2879.0000,2879.4000,4,3,2,2,2,1,1,1,2,1
SF,IH2006,2020-03-09 09:30:41.400,2878.0000,15284,0,287804160.000,3,1,2,多换,S,2878.0000,2876.8000,2876.6000,2875.8000,2875.6000,2878.4000,2879.0000,2880.6000,2880.8000,2881.0000,2,2,4,3,2,7,2,1,1,2
SF,IH2006,2020-03-09 09:30:41.900,2878.2000,15283,-1,292121400.000,5,2,3,多平,S,2876.8000,2875.8000,2875.6000,2875.2000,2875.0000,2878.2000,2878.4000,2879.0000,2880.6000,2880.8000,1,3,2,2,2,1,3,2,1,1
SF,IH2006,2020-03-09 09:30:42.400,2878.2000,15283,0,292121400.000,0,-,-,-,-,2878.6000,2877.0000,2876.8000,2876.0000,2875.8000,2879.0000,2880.6000,2880.8000,2881.0000,2881.8000,1,2,1,1,3,6,1,1,2,1
SF,IH2006,2020-03-09 09:30:42.900,2878.0000,15282,-1,294711480.000,3,1,2,多平,S,2876.0000,2875.8000,2875.6000,2875.2000,2875.0000,2876.8000,2878.0000,2878.6000,2879.0000,2880.6000,1,3,1,2,2,1,1,4,3,1
SF,IH2006,2020-03-09 09:30:43.400,2878.0000,15280,-2,297301320.000,3,0,3,多平,S,2877.0000,2876.8000,2876.4000,2876.2000,2876.0000,2878.6000,2879.0000,2880.6000,2880.8000,2881.0000,2,5,7,5,1,3,3,1,1,2
SF,IH2006,2020-03-09 09:30:43.900,2878.0000,15280,0,297301320.000,0,-,-,-,-,2878.4000,2877.2000,2877.0000,2876.8000,2876.4000,2879.0000,2879.2000,2880.6000,2880.8000,2881.0000,2,1,2,1,7,2,4,1,1,2
SF,IH2006,2020-03-09 09:30:44.400,2878.4000,15279,-1,299028360.000,2,0,2,多平,S,2878.0000,2877.0000,2876.8000,2876.4000,2876.2000,2879.0000,2879.4000,2880.6000,2880.8000,2881.0000,1,2,1,7,3,2,4,1,1,2
SF,IH2006,2020-03-09 09:30:44.900,2878.4000,15279,0,299028360.000,0,-,-,-,-,2878.0000,2877.0000,2876.8000,2876.4000,2876.2000,2878.8000,2879.0000,2879.4000,2880.6000,2880.8000,1,3,1,7,3,1,2,4,1,1
SF,IH2006,2020-03-09 09:30:45.400,2878.6000,15279,0,299891940.000,1,0,1,多换,S,2878.0000,2877.0000,2876.8000,2876.4000,2876.2000,2878.8000,2879.0000,2879.4000,2880.6000,2880.8000,1,3,1,7,3,1,2,4,1,1
SF,IH2006,2020-03-09 09:30:45.900,2878.6000,15279,0,299891940.000,0,-,-,-,-,2878.0000,2877.0000,2876.8000,2876.4000,2876.2000,2879.0000,2879.4000,2880.6000,2880.8000,2881.8000,1,2,1,5,3,2,4,1,1,1
SF,IH2006,2020-03-09 09:30:46.400,2878.0000,15278,-1,300755340.000,1,0,1,双平,S,2877.0000,2876.8000,2876.4000,2876.2000,2876.0000,2878.8000,2879.0000,2879.4000,2880.6000,2880.8000,2,1,5,3,1,1,2,4,1,1
SF,IH2006,2020-03-09 09:30:46.900,2878.0000,15278,0,300755340.000,0,-,-,-,-,2877.2000,2877.0000,2876.8000,2876.4000,2876.2000,2878.6000,2878.8000,2879.0000,2879.4000,2880.6000,2,3,1,5,3,1,1,2,4,1
SF,IH2006,2020-03-09 09:30:47.400,2877.2000,15276,-2,303344880.000,3,0,3,多平,S,2877.0000,2876.8000,2876.4000,2876.2000,2876.0000,2877.2000,2878.6000,2879.0000,2879.4000,2880.6000,4,1,5,3,1,2,1,2,4,1
SF,IH2006,2020-03-09 09:30:47.900,2877.2000,15273,-3,307660680.000,5,1,4,多平,S,2877.2000,2877.0000,2876.4000,2876.2000,2876.0000,2878.0000,2878.6000,2879.0000,2880.6000,2880.8000,2,3,4,3,1,4,1,2,1,1
SF,IH2006,2020-03-09 09:30:48.400,2877.8000,15273,0,308524020.000,1,0,1,多换,S,2877.0000,2876.2000,2876.0000,2875.6000,2875.2000,2877.8000,2878.6000,2879.0000,2880.6000,2880.8000,2,3,1,1,2,5,1,2,1,1
SF,IH2006,2020-03-09 09:30:48.900,2877.8000,15274,1,309387360.000,1,1,0,双开,S,2877.0000,2876.2000,2876.0000,2875.6000,2875.2000,2877.8000,2878.6000,2879.0000,2880.6000,2880.8000,4,3,1,1,2,1,1,2,1,1
SF,IH2006,2020-03-09 09:30:49.400,2878.4000,15273,-1,311114220.000,2,0,2,多平,S,2877.8000,2877.0000,2876.2000,2875.6000,2875.2000,2878.4000,2878.6000,2879.0000,2880.6000,2880.8000,1,4,3,1,2,7,1,2,1,1
SF,IH2006,2020-03-09 09:30:49.900,2878.4000,15273,0,311114220.000,0,-,-,-,-,2877.8000,2877.2000,2877.0000,2876.2000,2875.6000,2878.4000,2879.0000,2880.6000,2880.8000,2881.8000,1,1,4,3,1,3,2,1,1,1
SF,IH2006,2020-03-09 09:30:50.400,2878.4000,15273,0,311114220.000,0,-,-,-,-,2878.4000,2877.8000,2877.2000,2877.0000,2876.2000,2879.0000,2880.6000,2880.8000,2881.8000,2883.0000,1,2,1,4,3,9,1,1,1,1
SF,IH2006,2020-03-09 09:30:50.900,2878.4000,15273,0,311977740.000,1,0,1,多换,S,2877.8000,2877.0000,2876.2000,2875.6000,2875.2000,2878.4000,2879.0000,2880.6000,2880.8000,2881.8000,2,4,3,1,2,1,9,1,1,1
SF,IH2006,2020-03-09 09:30:51.400,2878.4000,15271,-2,313704780.000,2,0,2,双平,S,2878.4000,2877.8000,2877.0000,2876.2000,2875.6000,2879.0000,2880.6000,2880.8000,2881.8000,2883.0000,1,1,2,3,1,9,1,1,1,1
SF,IH2006,2020-03-09 09:30:51.900,2878.4000,15271,0,314568300.000,1,0,1,多换,S,2877.8000,2877.0000,2876.2000,2875.6000,2875.2000,2878.2000,2878.4000,2879.0000,2880.6000,2880.8000,1,2,3,1,2,2,3,9,1,1
SF,IH2006,2020-03-09 09:30:52.400,2877.0000,15265,-6,321475560.000,8,1,7,多平,S,2877.0000,2876.2000,2875.6000,2875.2000,2875.0000,2877.6000,2878.4000,2878.6000,2879.0000,2880.6000,1,3,1,2,2,1,1,5,9,1
SF,IH2006,2020-03-09 09:30:52.900,2877.8000,15266,1,322338900.000,1,1,0,双开,S,2877.6000,2877.2000,2877.0000,2876.2000,2876.0000,2877.8000,2878.0000,2878.4000,2878.6000,2879.0000,4,1,2,3,1,2,1,2,5,6
SF,IH2006,2020-03-09 09:30:53.400,2878.2000,15266,0,324929220.000,3,1,2,多换,S,2878.0000,2877.8000,2877.6000,2877.0000,2876.2000,2878.4000,2878.6000,2879.0000,2880.6000,2880.8000,2,2,3,2,3,2,5,6,1,1
SF,IH2006,2020-03-09 09:30:53.900,2878.4000,15265,-1,325792740.000,1,0,1,双平,S,2878.4000,2878.0000,2877.8000,2877.6000,2877.0000,2878.6000,2878.8000,2879.0000,2880.6000,2880.8000,5,2,2,3,2,5,5,6,1,1
SF,IH2006,2020-03-09 09:30:54.400,2878.6000,15264,-1,330974160.000,6,2,4,多平,S,2878.6000,2878.4000,2878.0000,2877.8000,2877.6000,2878.8000,2879.0000,2880.6000,2880.8000,2881.8000,1,4,2,2,3,5,6,1,1,1
SF,IH2006,2020-03-09 09:30:54.900,2878.4000,15263,-1,332701260.000,2,0,2,多平,S,2878.4000,2878.0000,2877.8000,2877.6000,2877.0000,2878.6000,2878.8000,2879.0000,2880.6000,2880.8000,4,2,2,3,1,2,5,6,1,1
SF,IH2006,2020-03-09 09:30:55.400,2878.8000,15261,-2,339609780.000,8,3,5,多平,S,2878.6000,2878.0000,2877.8000,2877.6000,2877.0000,2879.0000,2880.6000,2880.8000,2881.8000,2883.0000,6,2,2,3,1,9,1,1,1,1
SF,IH2006,2020-03-09 09:30:55.900,2878.6000,15261,0,340473360.000,1,0,1,多换,S,2878.6000,2878.0000,2877.8000,2877.6000,2877.0000,2879.0000,2880.2000,2880.6000,2880.8000,2881.8000,4,2,2,3,1,9,1,1,1,1
SF,IH2006,2020-03-09 09:30:56.400,2878.6000,15261,0,343927680.000,4,2,2,多换,S,2878.0000,2877.8000,2877.6000,2877.0000,2876.2000,2878.6000,2878.8000,2879.0000,2880.2000,2880.6000,2,2,3,1,3,1,5,9,1,1
SF,IH2006,2020-03-09 09:30:57.400,2878.6000,15259,-2,347381580.000,4,1,3,多平,S,2877.6000,2877.0000,2876.2000,2876.0000,2875.6000,2878.8000,2879.0000,2880.2000,2880.6000,2880.8000,3,1,3,3,1,5,9,1,1,1
SF,IH2006,2020-03-09 09:30:57.900,2878.0000,15259,0,348244980.000,1,0,1,多换,S,2878.0000,2877.6000,2877.0000,2876.2000,2876.0000,2878.8000,2879.0000,2880.2000,2880.6000,2880.8000,1,3,1,3,3,5,9,1,1,1
SF,IH2006,2020-03-09 09:30:58.400,2878.0000,15258,-1,349108380.000,1,0,1,双平,S,2877.6000,2877.0000,2876.2000,2876.0000,2875.6000,2878.6000,2878.8000,2879.0000,2880.2000,2880.6000,3,1,3,3,1,2,5,9,1,1
SF,IH2006,2020-03-09 09:30:58.900,2878.0000,15258,0,349108380.000,0,-,-,-,-,2877.8000,2877.6000,2877.0000,2876.2000,2876.0000,2878.6000,2878.8000,2879.0000,2880.2000,2880.6000,2,3,1,3,3,1,5,9,1,1
SF,IH2006,2020-03-09 09:30:59.400,2877.8000,15257,-1,349971720.000,1,0,1,双平,S,2877.8000,2877.6000,2877.0000,2876.2000,2876.0000,2878.6000,2878.8000,2879.0000,2880.2000,2880.6000,1,3,1,3,3,1,5,9,1,1
SF,IH2006,2020-03-09 09:30:59.900,2877.0000,15254,-3,354288000.000,5,1,4,多平,S,2876.2000,2876.0000,2875.6000,2875.2000,2875.0000,2877.8000,2878.4000,2878.6000,2878.8000,2879.0000,3,3,1,2,2,2,2,1,5,9
SF,IH2006,2020-03-09 09:31:00.400,2877.0000,15254,0,354288000.000,0,-,-,-,-,2876.4000,2876.2000,2876.0000,2875.6000,2875.2000,2877.8000,2878.6000,2878.8000,2879.0000,2880.2000,5,1,3,1,2,2,1,5,9,1
SF,IH2006,2020-03-09 09:31:00.900,2877.0000,15254,0,354288000.000,0,-,-,-,-,2876.4000,2876.2000,2876.0000,2875.6000,2875.2000,2877.0000,2877.8000,2878.6000,2878.8000,2879.0000,1,1,3,1,2,1,2,1,5,9
SF,IH2006,2020-03-09 09:31:01.400,2877.0000,15250,-4,358603140.000,5,0,5,多平,S,2876.2000,2876.0000,2875.6000,2875.2000,2875.0000,2877.8000,2878.8000,2879.0000,2880.2000,2880.6000,1,3,1,2,2,9,5,2,1,1
SF,IH2006,2020-03-09 09:31:01.900,2877.0000,15250,0,358603140.000,0,-,-,-,-,2876.0000,2875.6000,2875.2000,2875.0000,2874.2000,2877.6000,2877.8000,2878.8000,2879.0000,2880.2000,2,1,2,2,1,1,9,5,2,1
SF,IH2006,2020-03-09 09:31:02.400,2877.0000,15250,0,358603140.000,0,-,-,-,-,2876.0000,2875.6000,2875.2000,2875.0000,2874.2000,2877.4000,2877.8000,2878.2000,2878.8000,2879.0000,2,1,2,2,1,2,2,7,5,2
SF,IH2006,2020-03-09 09:31:02.900,2877.0000,15250,0,358603140.000,0,-,-,-,-,2876.2000,2876.0000,2875.6000,2875.2000,2875.0000,2877.4000,2877.8000,2878.2000,2878.8000,2879.0000,5,2,1,2,2,2,2,7,5,2
SF,IH2006,2020-03-09 09:31:03.400,2876.0000,15250,0,364643040.000,7,3,4,多换,S,2875.6000,2875.2000,2875.0000,2874.2000,2873.6000,2876.0000,2876.2000,2877.0000,2877.2000,2877.4000,1,2,2,1,1,1,1,1,1,2
SF,IH2006,2020-03-09 09:31:03.900,2875.8000,15250,0,366368460.000,2,1,1,多换,S,2875.2000,2875.0000,2874.2000,2873.6000,2873.0000,2876.0000,2876.8000,2877.0000,2877.2000,2877.8000,2,2,1,1,2,1,7,1,1,2
SF,IH2006,2020-03-09 09:31:04.400,2875.2000,15249,-1,368956140.000,3,1,2,多平,S,2875.0000,2874.2000,2873.6000,2873.0000,2872.8000,2875.8000,2876.8000,2877.0000,2877.2000,2877.8000,2,1,1,2,1,1,7,2,1,2
SF,IH2006,2020-03-09 09:31:04.900,2875.2000,15249,0,368956140.000,0,-,-,-,-,2875.0000,2874.2000,2873.6000,2873.0000,2872.8000,2875.6000,2876.8000,2877.0000,2877.2000,2877.8000,2,1,1,2,1,1,7,2,1,2
SF,IH2006,2020-03-09 09:31:05.900,2875.0000,15247,-2,372406320.000,4,1,3,多平,S,2874.2000,2873.6000,2873.0000,2872.8000,2872.0000,2875.6000,2876.8000,2877.0000,2877.2000,2877.8000,1,1,2,1,1,1,7,1,1,2
SF,IH2006,2020-03-09 09:31:06.400,2875.0000,15247,0,372406320.000,0,-,-,-,-,2875.0000,2874.4000,2874.2000,2873.6000,2873.0000,2875.6000,2876.8000,2877.0000,2877.8000,2878.8000,6,1,1,1,2,1,7,1,2,5
SF,IH2006,2020-03-09 09:31:06.900,2875.4000,15243,-4,377581920.000,6,1,5,多平,S,2875.0000,2874.4000,2874.2000,2873.6000,2873.0000,2875.6000,2876.8000,2877.0000,2877.8000,2878.8000,5,1,1,1,1,1,7,1,2,5
SF,IH2006,2020-03-09 09:31:07.400,2875.0000,15243,0,381031920.000,4,2,2,多换,S,2875.2000,2875.0000,2874.4000,2874.2000,2873.6000,2875.4000,2875.6000,2876.8000,2877.0000,2877.8000,1,3,1,1,1,1,5,7,1,2
SF,IH2006,2020-03-09 09:31:07.900,2875.2000,15241,-2,385344600.000,5,1,4,多平,S,2875.0000,2874.4000,2874.2000,2873.6000,2873.0000,2875.2000,2875.4000,2875.6000,2876.8000,2877.0000,1,1,1,1,1,1,1,1,7,1
SF,IH2006,2020-03-09 09:31:08.400,2875.4000,15237,-4,388794840.000,4,0,4,双平,S,2874.4000,2874.2000,2873.6000,2873.0000,2872.8000,2875.6000,2876.8000,2877.0000,2877.8000,2878.8000,1,1,1,1,1,1,7,1,2,5
SF,IH2006,2020-03-09 09:31:08.900,2875.6000,15232,-5,394833600.000,7,1,6,多平,S,2874.6000,2874.4000,2874.2000,2873.6000,2873.0000,2875.2000,2875.4000,2875.6000,2876.8000,2877.0000,2,1,1,1,1,4,3,1,7,1
SF,IH2006,2020-03-09 09:31:09.400,2875.4000,15233,1,395696220.000,1,1,0,双开,S,2874.8000,2874.6000,2874.4000,2874.2000,2873.6000,2877.0000,2877.8000,2878.8000,2879.0000,2879.2000,1,1,1,1,1,1,2,5,1,1
SF,IH2006,2020-03-09 09:31:09.900,2875.4000,15233,0,395696220.000,0,-,-,-,-,2875.0000,2874.4000,2874.2000,2873.6000,2873.0000,2876.4000,2876.6000,2876.8000,2877.0000,2877.8000,1,1,1,1,1,2,1,8,1,2
SF,IH2006,2020-03-09 09:31:10.400,2874.2000,15231,-2,398283300.000,3,0,3,多平,S,2873.6000,2873.0000,2872.8000,2872.0000,2870.0000,2874.6000,2875.6000,2876.2000,2876.8000,2877.0000,1,1,1,1,6,2,1,2,7,1
SF,IH2006,2020-03-09 09:31:10.900,2875.2000,15231,0,399145860.000,1,0,1,多换,S,2873.8000,2873.6000,2873.0000,2872.8000,2872.0000,2875.2000,2875.6000,2876.2000,2876.6000,2877.0000,1,1,1,1,1,5,1,2,1,1
SF,IH2006,2020-03-09 09:31:11.400,2874.0000,15231,0,400008060.000,1,0,1,多换,S,2873.6000,2873.0000,2872.8000,2872.0000,2870.0000,2875.2000,2875.6000,2876.2000,2876.6000,2877.0000,1,1,1,1,6,1,1,2,1,1
SF,IH2006,2020-03-09 09:31:11.900,2874.0000,15231,0,400008060.000,0,-,-,-,-,2874.0000,2873.6000,2873.0000,2872.8000,2872.0000,2875.2000,2875.6000,2876.2000,2876.6000,2877.0000,1,2,1,1,1,1,5,2,1,1
SF,IH2006,2020-03-09 09:31:12.400,2874.0000,15231,0,400008060.000,0,-,-,-,-,2874.2000,2874.0000,2873.6000,2873.0000,2872.8000,2875.0000,2875.2000,2875.6000,2876.2000,2876.6000,1,1,2,1,1,1,1,5,2,1
SF,IH2006,2020-03-09 09:31:12.900,2874.2000,15230,-1,400870320.000,1,0,1,双平,S,2874.0000,2873.6000,2873.0000,2872.8000,2872.0000,2875.0000,2875.4000,2875.6000,2876.2000,2876.6000,1,2,1,1,1,2,1,5,2,1
SF,IH2006,2020-03-09 09:31:13.400,2874.0000,15229,-1,401732520.000,1,0,1,双平,S,2873.6000,2873.0000,2872.8000,2872.0000,2870.0000,2874.0000,2875.0000,2875.4000,2875.6000,2876.2000,2,1,1,1,7,1,2,1,5,1
SF,IH2006,2020-03-09 09:31:13.900,2873.6000,15228,-1,404318760.000,3,1,2,多平,S,2873.2000,2873.0000,2872.8000,2872.0000,2870.0000,2874.0000,2874.2000,2874.8000,2875.4000,2875.6000,1,1,1,1,7,2,1,1,1,5
SF,IH2006,2020-03-09 09:31:14.400,2874.2000,15226,-2,406043220.000,2,0,2,双平,S,2874.0000,2873.4000,2873.2000,2873.0000,2872.8000,2874.8000,2875.0000,2875.4000,2875.6000,2876.2000,1,1,1,1,1,1,1,1,5,1
SF,IH2006,2020-03-09 09:31:14.900,2874.8000,15223,-3,408630420.000,3,0,3,双平,S,2874.2000,2873.2000,2873.0000,2872.8000,2872.0000,2874.8000,2875.0000,2875.4000,2875.6000,2876.0000,1,1,2,1,1,2,1,1,5,1
SF,IH2006,2020-03-09 09:31:15.400,2874.2000,15220,-3,411217200.000,3,0,3,双平,S,2873.2000,2873.0000,2872.8000,2872.0000,2870.0000,2874.0000,2874.2000,2875.0000,2875.4000,2875.6000,1,2,1,2,7,1,1,1,1,5
SF,IH2006,2020-03-09 09:31:15.900,2874.0000,15218,-2,413803860.000,3,0,3,多平,S,2873.4000,2873.2000,2873.0000,2872.8000,2872.0000,2875.0000,2875.4000,2875.6000,2876.0000,2877.0000,2,1,2,1,2,1,1,5,1,1
SF,IH2006,2020-03-09 09:31:16.400,2874.0000,15218,0,413803860.000,0,-,-,-,-,2873.4000,2873.2000,2873.0000,2872.8000,2872.0000,2874.8000,2875.0000,2875.4000,2875.6000,2876.0000,1,1,2,1,2,1,1,1,5,1
SF,IH2006,2020-03-09 09:31:16.900,2874.2000,15214,-4,417253140.000,4,0,4,双平,S,2873.6000,2873.2000,2873.0000,2872.8000,2872.0000,2875.4000,2875.6000,2876.0000,2877.4000,2877.8000,1,1,2,1,2,1,5,1,1,5
SF,IH2006,2020-03-09 09:31:17.400,2874.2000,15214,0,417253140.000,0,-,-,-,-,2873.2000,2873.0000,2872.8000,2872.0000,2870.0000,2874.4000,2875.2000,2875.4000,2875.6000,2876.0000,1,2,1,2,7,3,3,1,5,1
SF,IH2006,2020-03-09 09:31:17.900,2873.2000,15214,0,418115100.000,1,0,1,多换,S,2873.0000,2872.8000,2872.0000,2870.0000,2866.6000,2873.2000,2875.2000,2875.4000,2875.6000,2876.0000,2,1,2,7,1,2,2,1,5,1
SF,IH2006,2020-03-09 09:31:18.400,2873.0000,15208,-6,423286800.000,6,0,6,双平,S,2873.0000,2872.8000,2872.0000,2870.0000,2866.6000,2873.2000,2874.0000,2875.2000,2875.6000,2877.8000,1,1,2,7,1,9,5,2,1,5
SF,IH2006,2020-03-09 09:31:18.900,2872.0000,15206,-2,426734040.000,4,1,3,多平,S,2870.4000,2870.0000,2866.6000,2866.0000,2865.8000,2873.0000,2873.2000,2874.0000,2875.2000,2875.6000,1,7,1,2,1,1,9,5,2,1
SF,IH2006,2020-03-09 09:31:19.400,2872.0000,15206,0,426734040.000,0,-,-,-,-,2870.4000,2870.0000,2868.6000,2866.6000,2866.0000,2872.8000,2873.0000,2873.2000,2874.0000,2874.8000,1,7,1,1,2,1,2,9,5,1
SF,IH2006,2020-03-09 09:31:19.900,2870.6000,15206,0,427595220.000,1,0,1,多换,S,2870.4000,2870.0000,2868.6000,2866.6000,2866.0000,2872.6000,2872.8000,2873.0000,2873.2000,2874.0000,1,7,1,1,2,1,1,2,9,5
SF,IH2006,2020-03-09 09:31:20.400,2870.6000,15206,0,427595220.000,0,-,-,-,-,2870.4000,2870.0000,2868.6000,2866.6000,2866.0000,2872.4000,2872.6000,2873.0000,2873.2000,2874.8000,1,7,1,1,2,1,6,2,9,1
SF,IH2006,2020-03-09 09:31:20.900,2870.6000,15206,0,427595220.000,0,-,-,-,-,2870.6000,2870.4000,2870.0000,2868.6000,2866.6000,2872.2000,2872.4000,2872.6000,2873.0000,2873.2000,1,1,7,1,1,1,1,6,2,9
SF,IH2006,2020-03-09 09:31:21.400,2872.2000,15205,-1,428456880.000,1,0,1,双平,S,2871.4000,2870.8000,2870.4000,2870.0000,2868.6000,2872.4000,2872.6000,2873.0000,2873.2000,2875.2000,1,2,1,7,1,1,5,1,9,1
SF,IH2006,2020-03-09 09:31:21.900,2870.8000,15205,0,429318120.000,1,0,1,多换,S,2870.8000,2870.4000,2870.0000,2866.6000,2866.0000,2873.0000,2873.2000,2875.2000,2877.8000,2878.8000,1,1,6,1,2,6,9,1,5,5
SF,IH2006,2020-03-09 09:31:22.400,2870.8000,15205,0,429318120.000,0,-,-,-,-,2870.4000,2870.0000,2869.0000,2866.6000,2866.0000,2872.8000,2873.0000,2873.2000,2874.4000,2877.8000,1,6,1,1,2,5,7,9,1,5
SF,IH2006,2020-03-09 09:31:22.900,2870.8000,15205,0,429318120.000,0,-,-,-,-,2872.4000,2870.8000,2870.6000,2870.4000,2870.0000,2872.8000,2873.0000,2873.2000,2874.4000,2877.8000,1,1,2,1,6,4,6,9,1,5
SF,IH2006,2020-03-09 09:31:23.400,2872.4000,15204,-1,431041560.000,2,0,2,多平,S,2870.4000,2870.0000,2866.6000,2866.0000,2865.8000,2871.4000,2872.4000,2872.6000,2872.8000,2873.0000,1,6,1,2,1,1,1,1,3,7
SF,IH2006,2020-03-09 09:31:23.900,2871.4000,15203,-1,432764400.000,2,0,2,多平,S,2871.2000,2871.0000,2870.6000,2870.4000,2870.0000,2872.4000,2872.6000,2873.0000,2873.2000,2877.8000,1,1,3,1,6,1,1,6,9,5
SF,IH2006,2020-03-09 09:31:24.400,2871.2000,15203,0,433625760.000,1,0,1,多换,S,2870.4000,2870.0000,2866.6000,2866.0000,2865.8000,2871.0000,2871.2000,2872.2000,2872.4000,2872.6000,1,6,1,2,1,1,2,2,1,1
SF,IH2006,2020-03-09 09:31:24.900,2871.2000,15203,0,433625760.000,0,-,-,-,-,2870.0000,2866.6000,2866.0000,2865.8000,2865.6000,2870.4000,2871.2000,2872.2000,2872.4000,2872.6000,6,1,2,1,2,1,2,1,1,1
SF,IH2006,2020-03-09 09:31:25.400,2870.4000,15202,-1,435348000.000,2,0,2,多平,S,2871.0000,2870.6000,2870.4000,2870.2000,2870.0000,2871.2000,2871.6000,2872.2000,2872.4000,2872.6000,1,2,4,2,6,2,4,1,1,1
SF,IH2006,2020-03-09 09:31:25.900,2870.6000,15200,-2,437931720.000,3,0,3,多平,S,2870.4000,2870.2000,2870.0000,2869.6000,2868.8000,2871.0000,2871.2000,2871.8000,2872.0000,2872.2000,5,1,6,1,1,2,2,4,1,2
SF,IH2006,2020-03-09 09:31:26.400,2870.4000,15199,-1,441376200.000,4,1,3,多平,S,2870.2000,2870.0000,2869.6000,2868.8000,2866.6000,2871.0000,2871.2000,2871.8000,2872.0000,2872.2000,1,6,1,1,1,2,2,4,1,2
SF,IH2006,2020-03-09 09:31:26.900,2870.4000,15199,0,441376200.000,0,-,-,-,-,2870.6000,2870.4000,2870.2000,2870.0000,2869.6000,2871.0000,2871.2000,2871.8000,2872.2000,2872.4000,1,1,1,8,1,1,2,4,1,1
SF,IH2006,2020-03-09 09:31:27.400,2870.8000,15200,1,444820920.000,4,2,2,空开,S,2870.2000,2870.0000,2869.6000,2868.8000,2866.6000,2870.6000,2871.0000,2871.2000,2871.8000,2872.0000,1,6,1,1,1,1,1,2,4,1
SF,IH2006,2020-03-09 09:31:27.900,2870.2000,15199,-1,446543160.000,2,0,2,多平,S,2870.0000,2869.6000,2868.8000,2868.2000,2866.6000,2871.0000,2871.2000,2871.8000,2872.0000,2872.2000,7,1,1,1,1,1,2,4,1,1
SF,IH2006,2020-03-09 09:31:28.400,2871.0000,15199,0,447404460.000,1,0,1,多换,S,2870.0000,2869.6000,2868.8000,2868.2000,2866.6000,2871.0000,2871.2000,2871.8000,2872.0000,2872.2000,6,1,1,1,1,2,1,4,1,1
SF,IH2006,2020-03-09 09:31:28.900,2871.0000,15198,-1,448265760.000,1,0,1,双平,S,2870.0000,2869.6000,2868.8000,2868.2000,2866.6000,2871.0000,2871.2000,2871.8000,2872.0000,2872.2000,6,1,1,1,1,1,1,4,1,1
SF,IH2006,2020-03-09 09:31:29.400,2870.0000,15196,-2,449987760.000,2,0,2,双平,S,2870.0000,2869.6000,2868.8000,2868.2000,2866.6000,2871.0000,2871.2000,2871.8000,2872.0000,2872.2000,4,1,1,1,1,1,1,4,1,1
SF,IH2006,2020-03-09 09:31:29.900,2870.0000,15196,0,449987760.000,0,-,-,-,-,2870.0000,2869.6000,2868.8000,2868.2000,2866.6000,2871.0000,2871.2000,2871.6000,2871.8000,2872.0000,4,1,1,1,1,1,1,1,4,1
SF,IH2006,2020-03-09 09:31:30.900,2870.0000,15195,-1,450848760.000,1,0,1,双平,S,2870.2000,2870.0000,2869.8000,2869.6000,2868.8000,2870.8000,2871.0000,2871.2000,2871.6000,2871.8000,1,4,1,1,1,1,1,1,1,4
SF,IH2006,2020-03-09 09:31:31.400,2870.0000,15195,0,450848760.000,0,-,-,-,-,2870.0000,2869.8000,2869.6000,2868.8000,2868.2000,2871.0000,2871.2000,2871.6000,2871.8000,2872.0000,4,1,1,1,1,1,1,1,4,1
SF,IH2006,2020-03-09 09:31:31.900,2870.0000,15195,0,450848760.000,0,-,-,-,-,2870.0000,2869.8000,2869.6000,2868.8000,2868.2000,2871.0000,2871.2000,2871.6000,2871.8000,2872.0000,4,1,1,1,1,3,1,1,4,1
SF,IH2006,2020-03-09 09:31:32.400,2870.0000,15194,-1,454293060.000,4,1,3,多平,S,2870.0000,2869.8000,2869.6000,2868.8000,2868.2000,2871.0000,2871.2000,2871.6000,2871.8000,2872.0000,1,1,1,1,1,2,1,1,4,1
SF,IH2006,2020-03-09 09:31:32.900,2871.2000,15192,-2,456015720.000,2,0,2,双平,S,2870.2000,2870.0000,2869.8000,2869.6000,2868.8000,2871.4000,2871.6000,2872.2000,2877.8000,2878.8000,1,1,1,1,1,4,2,1,3,5
SF,IH2006,2020-03-09 09:31:33.400,2870.4000,15191,-1,456876840.000,1,0,1,双平,S,2870.4000,2870.0000,2869.8000,2869.6000,2868.8000,2871.6000,2872.2000,2877.8000,2878.8000,2879.0000,1,1,1,1,1,2,1,3,5,1
SF,IH2006,2020-03-09 09:31:33.900,2871.6000,15191,0,458599740.000,2,1,1,多换,S,2871.6000,2870.4000,2870.2000,2870.0000,2869.8000,2871.8000,2872.2000,2877.8000,2878.8000,2879.0000,1,1,1,1,1,5,1,3,5,1
SF,IH2006,2020-03-09 09:31:34.400,2871.8000,15190,-1,461184240.000,3,1,2,多平,S,2870.4000,2870.2000,2870.0000,2869.8000,2869.6000,2872.2000,2877.8000,2878.8000,2879.0000,2879.2000,1,1,1,1,1,1,3,5,1,1
SF,IH2006,2020-03-09 09:31:34.900,2870.6000,15187,-3,463767780.000,3,0,3,双平,S,2870.6000,2870.2000,2870.0000,2869.8000,2869.6000,2872.6000,2873.4000,2877.8000,2878.8000,2879.0000,1,1,1,1,1,9,1,3,5,1
SF,IH2006,2020-03-09 09:31:35.400,2870.6000,15187,0,463767780.000,0,-,-,-,-,2870.8000,2870.2000,2870.0000,2869.8000,2869.6000,2872.4000,2872.6000,2873.4000,2877.8000,2878.8000,2,2,1,1,1,2,9,1,3,5
SF,IH2006,2020-03-09 09:31:35.900,2870.6000,15187,0,463767780.000,0,-,-,-,-,2871.0000,2870.8000,2870.2000,2870.0000,2869.8000,2872.4000,2872.6000,2873.4000,2877.8000,2878.8000,2,2,2,1,1,2,9,1,3,5
SF,IH2006,2020-03-09 09:31:36.400,2870.6000,15187,0,463767780.000,0,-,-,-,-,2872.2000,2871.2000,2871.0000,2870.2000,2870.0000,2872.4000,2872.6000,2873.4000,2877.8000,2878.8000,1,1,1,2,1,3,9,1,3,5
SF,IH2006,2020-03-09 09:31:36.900,2872.2000,15184,-3,467214060.000,4,0,4,多平,S,2870.2000,2870.0000,2869.8000,2866.6000,2866.0000,2872.2000,2872.4000,2872.6000,2873.4000,2877.8000,2,1,1,1,3,2,2,9,1,3
SF,IH2006,2020-03-09 09:31:37.400,2872.2000,15184,0,467214060.000,0,-,-,-,-,2870.4000,2870.2000,2870.0000,2869.8000,2866.6000,2872.2000,2872.8000,2873.0000,2873.4000,2877.8000,1,2,1,1,1,1,5,9,1,3
SF,IH2006,2020-03-09 09:31:37.900,2872.2000,15185,1,468937380.000,2,1,1,空开,S,2871.0000,2870.6000,2870.2000,2870.0000,2869.8000,2872.0000,2872.8000,2873.0000,2873.4000,2877.8000,3,3,2,1,1,1,5,9,1,3
SF,IH2006,2020-03-09 09:31:38.400,2872.2000,15185,0,468937380.000,0,-,-,-,-,2871.0000,2870.6000,2870.2000,2870.0000,2869.8000,2872.0000,2872.8000,2873.0000,2873.4000,2877.8000,3,2,2,1,1,1,5,9,1,3
SF,IH2006,2020-03-09 09:31:38.900,2871.6000,15184,-1,470660220.000,2,0,2,多平,S,2871.0000,2870.6000,2870.2000,2870.0000,2869.8000,2871.6000,2872.0000,2872.8000,2873.0000,2873.4000,3,1,2,1,1,2,1,5,9,1
SF,IH2006,2020-03-09 09:31:39.400,2871.6000,15182,-2,472383180.000,2,0,2,双平,S,2871.6000,2871.0000,2870.2000,2870.0000,2869.8000,2872.8000,2873.0000,2873.4000,2877.8000,2878.8000,1,3,2,1,1,5,9,1,3,5
SF,IH2006,2020-03-09 09:31:39.900,2871.0000,15178,-4,475828380.000,4,0,4,双平,S,2870.2000,2870.0000,2869.8000,2866.6000,2866.0000,2870.4000,2872.6000,2872.8000,2873.0000,2873.4000,2,1,1,1,3,8,4,5,10,1
SF,IH2006,2020-03-09 09:31:40.400,2870.6000,15172,-6,489606540.000,16,5,11,多平,S,2870.4000,2870.2000,2870.0000,2869.8000,2866.6000,2870.6000,2872.6000,2872.8000,2873.0000,2877.8000,3,2,2,1,1,1,3,5,1,3
SF,IH2006,2020-03-09 09:31:40.900,2871.2000,15172,0,491329080.000,2,1,1,多换,S,2870.6000,2870.2000,2870.0000,2869.8000,2869.0000,2871.2000,2871.4000,2872.8000,2873.0000,2877.8000,3,2,1,1,1,4,5,6,1,3
SF,IH2006,2020-03-09 09:31:41.400,2870.6000,15170,-2,493051440.000,2,0,2,双平,S,2870.2000,2870.0000,2869.8000,2869.0000,2866.6000,2871.4000,2872.8000,2873.0000,2877.8000,2878.8000,2,1,1,1,1,5,6,1,3,5
SF,IH2006,2020-03-09 09:31:41.900,2870.2000,15169,-1,494773560.000,2,0,2,多平,S,2870.0000,2869.8000,2869.0000,2866.6000,2866.0000,2871.2000,2871.4000,2872.8000,2873.0000,2877.8000,1,1,1,1,3,5,5,6,1,3
SF,IH2006,2020-03-09 09:31:42.400,2870.0000,15169,0,495634560.000,1,0,1,多换,S,2869.8000,2869.0000,2866.6000,2866.0000,2865.8000,2871.0000,2871.2000,2871.4000,2872.8000,2873.0000,1,1,1,3,1,6,2,5,6,1
SF,IH2006,2020-03-09 09:31:42.900,2870.0000,15169,0,495634560.000,0,-,-,-,-,2870.0000,2869.8000,2869.6000,2869.0000,2866.6000,2870.8000,2871.0000,2871.2000,2871.4000,2872.8000,1,1,3,1,1,4,2,1,5,6
SF,IH2006,2020-03-09 09:31:43.400,2870.0000,15168,-1,497356560.000,2,0,2,多平,S,2869.8000,2869.0000,2866.6000,2866.0000,2865.8000,2870.8000,2871.0000,2871.2000,2871.4000,2872.8000,1,1,1,3,1,4,2,1,5,6
SF,IH2006,2020-03-09 09:31:43.900,2869.8000,15168,0,498217500.000,1,0,1,多换,S,2869.0000,2866.6000,2866.0000,2865.8000,2865.6000,2870.6000,2870.8000,2871.0000,2871.2000,2871.4000,1,1,3,1,2,2,4,2,1,5
SF,IH2006,2020-03-09 09:31:44.400,2870.4000,15167,-1,499939320.000,2,0,2,多平,S,2867.4000,2866.6000,2866.0000,2865.8000,2865.6000,2870.4000,2870.6000,2871.0000,2871.2000,2871.4000,1,1,3,1,2,1,2,4,1,5
SF,IH2006,2020-03-09 09:31:44.900,2870.4000,15167,0,499939320.000,0,-,-,-,-,2868.2000,2868.0000,2867.8000,2867.6000,2867.4000,2870.2000,2871.2000,2871.4000,2872.8000,2873.0000,1,1,1,5,1,1,5,5,6,1
SF,IH2006,2020-03-09 09:31:45.400,2868.4000,15167,0,500799840.000,1,0,1,多换,S,2867.6000,2867.4000,2867.2000,2866.6000,2866.0000,2870.0000,2870.2000,2871.2000,2871.4000,2872.8000,4,1,2,1,3,2,1,4,5,6
SF,IH2006,2020-03-09 09:31:45.900,2868.4000,15167,0,500799840.000,0,-,-,-,-,2867.6000,2867.4000,2867.2000,2866.6000,2866.0000,2869.8000,2870.0000,2870.2000,2871.2000,2872.8000,4,1,2,1,3,2,2,6,4,6
SF,IH2006,2020-03-09 09:31:46.400,2868.4000,15167,0,500799840.000,0,-,-,-,-,2866.6000,2866.0000,2865.8000,2865.6000,2865.0000,2867.6000,2869.6000,2869.8000,2870.0000,2870.2000,1,3,1,2,1,12,3,2,1,6
SF,IH2006,2020-03-09 09:31:46.900,2867.6000,15162,-5,505101240.000,5,0,5,双平,S,2867.0000,2866.8000,2866.6000,2866.0000,2865.8000,2867.6000,2869.6000,2869.8000,2870.0000,2870.2000,1,1,1,3,1,7,2,2,1,6
SF,IH2006,2020-03-09 09:31:47.400,2867.6000,15158,-4,509402640.000,5,0,5,多平,S,2867.0000,2866.8000,2866.6000,2866.0000,2865.8000,2867.6000,2869.4000,2869.6000,2869.8000,2870.0000,1,1,1,3,1,2,1,2,2,1
SF,IH2006,2020-03-09 09:31:47.900,2867.6000,15158,0,510262920.000,1,0,1,多换,S,2867.0000,2866.8000,2866.6000,2866.0000,2865.8000,2867.6000,2869.0000,2869.4000,2869.6000,2870.0000,1,1,1,3,1,1,4,1,2,1
SF,IH2006,2020-03-09 09:31:48.400,2867.6000,15157,-1,511123200.000,1,0,1,双平,S,2867.6000,2867.2000,2867.0000,2866.6000,2866.0000,2869.4000,2869.6000,2870.0000,2872.8000,2877.8000,1,2,1,1,3,1,2,1,6,3
SF,IH2006,2020-03-09 09:31:48.900,2868.0000,15157,0,511983600.000,1,0,1,多换,S,2867.6000,2867.0000,2866.6000,2866.0000,2865.8000,2869.2000,2869.4000,2869.6000,2870.0000,2870.2000,1,1,1,3,1,4,1,1,1,4
SF,IH2006,2020-03-09 09:31:49.400,2868.0000,15157,0,511983600.000,0,-,-,-,-,2867.6000,2867.0000,2866.6000,2866.0000,2865.8000,2869.2000,2869.6000,2870.0000,2870.2000,2870.8000,2,1,1,3,1,4,1,1,4,5
SF,IH2006,2020-03-09 09:31:49.900,2867.8000,15156,-1,513704700.000,2,0,2,多平,S,2867.8000,2867.6000,2867.0000,2866.6000,2866.0000,2869.6000,2870.0000,2870.2000,2870.8000,2872.8000,4,1,1,1,3,1,1,4,5,6
SF,IH2006,2020-03-09 09:31:50.400,2867.8000,15156,0,513704700.000,0,-,-,-,-,2868.0000,2867.8000,2867.6000,2867.0000,2866.6000,2870.0000,2872.8000,2877.8000,2878.8000,2879.0000,1,4,1,1,1,1,6,3,5,1
SF,IH2006,2020-03-09 09:31:50.900,2870.0000,15158,2,516287580.000,3,2,1,空开,S,2868.2000,2868.0000,2867.6000,2867.0000,2866.6000,2871.2000,2872.8000,2877.8000,2878.8000,2879.0000,4,2,1,1,1,4,6,3,5,1
SF,IH2006,2020-03-09 09:31:51.400,2871.0000,15158,0,517148880.000,1,0,1,多换,S,2868.4000,2868.2000,2868.0000,2867.0000,2866.6000,2871.0000,2871.2000,2872.8000,2877.8000,2878.8000,5,2,1,1,1,5,5,6,3,5
SF,IH2006,2020-03-09 09:31:51.900,2871.0000,15158,0,517148880.000,0,-,-,-,-,2868.6000,2868.4000,2868.2000,2868.0000,2867.6000,2870.8000,2871.0000,2872.8000,2877.8000,2878.8000,2,3,1,1,1,2,1,6,3,5
SF,IH2006,2020-03-09 09:31:52.400,2868.8000,15158,0,518009520.000,1,0,1,多换,S,2868.6000,2868.4000,2868.2000,2868.0000,2867.6000,2870.6000,2870.8000,2871.0000,2871.6000,2872.8000,3,2,1,1,1,1,2,1,9,6
SF,IH2006,2020-03-09 09:31:52.900,2868.8000,15158,0,518009520.000,0,-,-,-,-,2868.8000,2868.6000,2868.4000,2868.2000,2867.6000,2870.4000,2870.6000,2870.8000,2871.0000,2871.6000,1,2,2,1,1,3,1,2,2,9
SF,IH2006,2020-03-09 09:31:53.400,2868.8000,15158,0,518009520.000,0,-,-,-,-,2869.0000,2868.4000,2868.2000,2867.6000,2867.0000,2870.2000,2870.4000,2870.8000,2871.0000,2871.6000,2,2,1,1,1,1,2,2,2,9
SF,IH2006,2020-03-09 09:31:53.900,2868.8000,15158,0,518009520.000,0,-,-,-,-,2869.0000,2868.4000,2868.2000,2867.6000,2867.0000,2870.0000,2870.2000,2870.4000,2870.8000,2871.0000,2,2,1,1,1,1,1,2,2,2
SF,IH2006,2020-03-09 09:31:54.400,2869.0000,15158,0,518870220.000,1,0,1,多换,S,2869.0000,2868.4000,2868.2000,2867.6000,2867.0000,2869.8000,2870.0000,2870.4000,2870.8000,2871.0000,1,2,1,1,1,1,1,2,2,1
SF,IH2006,2020-03-09 09:31:54.900,2869.8000,15156,-2,520591860.000,2,0,2,双平,S,2868.4000,2868.2000,2867.6000,2867.0000,2866.6000,2870.0000,2870.4000,2870.8000,2871.0000,2872.8000,2,1,1,1,1,1,2,2,1,6
SF,IH2006,2020-03-09 09:31:55.400,2869.8000,15156,0,520591860.000,0,-,-,-,-,2868.6000,2868.4000,2868.2000,2867.6000,2867.0000,2871.0000,2872.8000,2877.8000,2878.8000,2879.0000,1,1,1,1,1,1,6,3,5,1
SF,IH2006,2020-03-09 09:31:55.900,2869.8000,15156,0,520591860.000,0,-,-,-,-,2868.4000,2867.6000,2867.0000,2866.6000,2866.0000,2869.6000,2870.4000,2870.6000,2870.8000,2871.0000,1,1,1,1,5,1,1,3,1,1
SF,IH2006,2020-03-09 09:31:56.400,2869.8000,15152,-4,524896080.000,5,0,5,多平,S,2868.4000,2867.6000,2867.0000,2866.6000,2866.0000,2870.4000,2870.6000,2870.8000,2871.0000,2872.0000,1,1,1,1,5,1,1,1,1,4
SF,IH2006,2020-03-09 09:31:56.900,2869.8000,15152,0,524896080.000,0,-,-,-,-,2868.6000,2868.4000,2867.6000,2867.0000,2866.6000,2870.6000,2871.0000,2872.0000,2872.4000,2872.8000,1,1,1,1,1,1,1,4,5,6
SF,IH2006,2020-03-09 09:31:57.400,2868.4000,15152,0,525756600.000,1,0,1,多换,S,2867.6000,2867.0000,2866.6000,2866.0000,2865.8000,2868.6000,2869.2000,2869.4000,2869.6000,2869.8000,1,1,1,6,1,1,2,2,1,1
SF,IH2006,2020-03-09 09:31:57.900,2868.4000,15152,0,525756600.000,0,-,-,-,-,2868.8000,2868.6000,2867.8000,2867.6000,2867.0000,2870.4000,2870.6000,2871.0000,2872.8000,2877.8000,3,2,2,1,1,2,1,6,6,3
SF,IH2006,2020-03-09 09:31:58.400,2868.4000,15152,0,525756600.000,0,-,-,-,-,2868.6000,2867.8000,2867.6000,2867.0000,2866.6000,2870.2000,2870.4000,2871.0000,2872.8000,2877.8000,1,1,1,1,1,1,6,6,6,3
SF,IH2006,2020-03-09 09:31:58.900,2870.0000,15151,-1,529200180.000,4,1,3,多平,S,2867.8000,2867.6000,2867.0000,2866.6000,2866.0000,2870.0000,2870.2000,2870.4000,2871.0000,2872.8000,1,1,1,1,6,2,1,6,6,6
SF,IH2006,2020-03-09 09:31:59.400,2870.0000,15151,0,529200180.000,0,-,-,-,-,2868.0000,2867.8000,2867.6000,2867.0000,2866.6000,2870.0000,2870.2000,2870.4000,2871.0000,2872.8000,1,1,1,1,1,2,1,1,5,6
SF,IH2006,2020-03-09 09:31:59.900,2868.2000,15151,0,530060640.000,1,0,1,多换,S,2868.2000,2868.0000,2867.8000,2867.6000,2867.0000,2869.8000,2870.0000,2870.2000,2870.4000,2870.8000,1,1,1,1,1,2,1,1,1,4
SF,IH2006,2020-03-09 09:32:00.400,2868.2000,15151,0,530060640.000,0,-,-,-,-,2868.4000,2867.8000,2867.6000,2867.0000,2866.6000,2869.8000,2870.0000,2870.4000,2871.0000,2872.8000,3,1,1,1,1,2,1,1,1,6
SF,IH2006,2020-03-09 09:32:00.900,2868.2000,15151,0,530060640.000,0,-,-,-,-,2868.6000,2868.4000,2867.6000,2867.0000,2866.6000,2869.8000,2870.4000,2871.0000,2872.8000,2877.8000,5,1,1,1,1,1,1,1,6,3
SF,IH2006,2020-03-09 09:32:01.400,2868.2000,15141,-10,538665240.000,10,0,10,双平,S,2868.6000,2868.4000,2867.6000,2867.0000,2866.6000,2869.2000,2869.6000,2870.4000,2871.0000,2872.8000,3,1,1,1,1,1,2,1,5,6
SF,IH2006,2020-03-09 09:32:01.900,2868.2000,15141,0,538665240.000,0,-,-,-,-,2868.6000,2867.6000,2867.0000,2866.6000,2866.0000,2869.6000,2870.4000,2870.6000,2871.0000,2872.8000,3,1,1,1,6,1,1,4,1,6
SF,IH2006,2020-03-09 09:32:02.400,2868.2000,15141,0,538665240.000,0,-,-,-,-,2868.6000,2867.6000,2867.0000,2866.6000,2866.0000,2869.4000,2869.6000,2870.4000,2870.6000,2871.0000,1,1,1,1,6,4,1,1,4,6
SF,IH2006,2020-03-09 09:32:02.900,2868.6000,15140,-1,539525820.000,1,0,1,双平,S,2867.6000,2867.0000,2866.6000,2866.0000,2865.8000,2869.4000,2870.4000,2871.0000,2872.8000,2877.8000,1,1,1,6,1,2,1,1,6,3
SF,IH2006,2020-03-09 09:32:03.400,2868.6000,15140,0,539525820.000,0,-,-,-,-,2867.8000,2867.6000,2867.0000,2866.6000,2866.0000,2869.2000,2870.4000,2870.6000,2870.8000,2871.0000,2,1,1,1,6,2,1,4,5,1
SF,IH2006,2020-03-09 09:32:04.400,2868.6000,15140,0,539525820.000,0,-,-,-,-,2867.8000,2867.6000,2867.0000,2866.6000,2866.0000,2869.0000,2869.2000,2870.4000,2870.6000,2870.8000,2,1,1,1,6,1,2,1,4,5
SF,IH2006,2020-03-09 09:32:04.900,2868.6000,15140,0,539525820.000,0,-,-,-,-,2867.6000,2867.0000,2866.6000,2866.0000,2865.8000,2868.8000,2869.2000,2870.4000,2870.8000,2871.0000,1,1,1,6,1,4,1,1,5,1
SF,IH2006,2020-03-09 09:32:05.400,2868.6000,15139,-1,542107260.000,3,1,2,多平,S,2867.0000,2866.6000,2866.0000,2865.8000,2865.6000,2868.6000,2868.8000,2869.0000,2869.2000,2870.4000,1,1,6,1,3,2,3,5,1,1
SF,IH2006,2020-03-09 09:32:05.900,2868.4000,15140,1,542967780.000,1,1,0,双开,S,2867.0000,2866.6000,2866.0000,2865.8000,2865.6000,2867.8000,2868.4000,2869.2000,2869.4000,2871.0000,1,1,6,1,3,1,7,1,5,1
SF,IH2006,2020-03-09 09:32:06.400,2866.6000,15138,-2,544687860.000,2,0,2,双平,S,2866.0000,2865.8000,2865.6000,2865.0000,2864.4000,2867.6000,2867.8000,2868.2000,2868.4000,2869.2000,6,1,3,1,2,1,2,3,3,1
SF,IH2006,2020-03-09 09:32:06.900,2866.6000,15138,0,544687860.000,0,-,-,-,-,2866.2000,2866.0000,2865.8000,2865.6000,2865.0000,2867.4000,2867.6000,2867.8000,2868.0000,2868.2000,2,6,1,3,1,3,1,1,5,3
SF,IH2006,2020-03-09 09:32:07.400,2866.2000,15136,-2,546407580.000,2,0,2,双平,S,2867.0000,2866.0000,2865.8000,2865.6000,2865.0000,2867.2000,2867.4000,2867.8000,2868.2000,2868.4000,1,6,1,3,1,3,1,1,3,2
SF,IH2006,2020-03-09 09:32:07.900,2867.0000,15135,-1,548127780.000,2,0,2,多平,S,2866.0000,2865.8000,2865.6000,2865.0000,2864.4000,2867.0000,2867.2000,2867.6000,2867.8000,2868.2000,6,1,3,1,2,3,1,5,1,3
SF,IH2006,2020-03-09 09:32:08.400,2866.0000,15135,0,551567220.000,4,2,2,多换,S,2866.0000,2865.8000,2865.6000,2865.0000,2864.4000,2866.8000,2867.0000,2867.6000,2867.8000,2868.2000,3,1,3,1,2,1,2,5,1,3
SF,IH2006,2020-03-09 09:32:08.900,2866.6000,15134,-1,552427200.000,1,0,1,双平,S,2866.2000,2866.0000,2865.8000,2865.6000,2865.0000,2866.8000,2867.6000,2867.8000,2868.2000,2868.4000,1,3,1,3,1,1,5,1,3,1
SF,IH2006,2020-03-09 09:32:09.400,2866.6000,15134,0,552427200.000,0,-,-,-,-,2866.2000,2866.0000,2865.8000,2865.6000,2865.0000,2866.8000,2867.6000,2867.8000,2868.2000,2868.4000,1,3,1,3,1,1,5,1,3,1
SF,IH2006,2020-03-09 09:32:09.900,2866.6000,15128,-6,558446880.000,7,0,7,多平,S,2866.0000,2865.8000,2865.6000,2865.0000,2864.4000,2867.6000,2867.8000,2868.2000,2868.4000,2871.0000,3,1,3,1,2,5,1,3,1,1
SF,IH2006,2020-03-09 09:32:10.400,2866.6000,15128,0,558446880.000,0,-,-,-,-,2866.0000,2865.8000,2865.6000,2865.0000,2864.4000,2866.6000,2867.4000,2867.6000,2867.8000,2868.2000,3,1,3,1,2,1,9,5,1,3
SF,IH2006,2020-03-09 09:32:10.900,2866.6000,15127,-1,559306860.000,1,0,1,双平,S,2866.2000,2866.0000,2865.8000,2865.6000,2865.0000,2867.4000,2867.6000,2867.8000,2868.2000,2868.4000,1,3,1,3,1,6,5,1,3,1
SF,IH2006,2020-03-09 09:32:11.400,2866.0000,15125,-2,561026520.000,2,0,2,双平,S,2866.0000,2865.8000,2865.6000,2865.0000,2864.4000,2866.4000,2866.6000,2867.0000,2867.2000,2867.4000,2,1,3,1,2,5,2,1,6,1
SF,IH2006,2020-03-09 09:32:11.900,2867.2000,15121,-4,565326120.000,5,0,5,多平,S,2865.8000,2865.6000,2865.0000,2864.4000,2862.8000,2867.2000,2867.4000,2867.6000,2867.8000,2868.2000,1,3,1,2,2,2,1,5,1,3
SF,IH2006,2020-03-09 09:32:12.400,2867.2000,15121,0,565326120.000,0,-,-,-,-,2866.0000,2865.8000,2865.6000,2865.0000,2864.4000,2867.0000,2867.2000,2867.4000,2867.6000,2867.8000,2,1,3,2,2,1,2,1,5,1
SF,IH2006,2020-03-09 09:32:12.900,2866.0000,15120,-1,566185920.000,1,0,1,双平,S,2865.8000,2865.6000,2865.0000,2864.4000,2862.8000,2867.0000,2867.4000,2867.6000,2867.8000,2868.2000,1,3,2,2,2,1,1,5,1,3
SF,IH2006,2020-03-09 09:32:13.400,2866.0000,15120,0,566185920.000,0,-,-,-,-,2865.8000,2865.6000,2865.0000,2864.4000,2862.8000,2867.4000,2867.6000,2867.8000,2868.2000,2871.0000,1,3,2,2,2,1,5,1,3,1
SF,IH2006,2020-03-09 09:32:13.900,2866.0000,15120,0,566185920.000,0,-,-,-,-,2865.8000,2865.6000,2865.0000,2864.4000,2862.8000,2867.2000,2867.4000,2867.6000,2867.8000,2868.2000,1,3,2,2,2,3,1,5,1,3
SF,IH2006,2020-03-09 09:32:14.400,2865.8000,15120,0,567045660.000,1,0,1,多换,S,2865.6000,2865.0000,2864.4000,2862.8000,2862.0000,2867.0000,2867.2000,2867.4000,2867.6000,2867.8000,3,2,2,2,4,2,3,1,9,1
SF,IH2006,2020-03-09 09:32:14.900,2865.6000,15123,3,569624700.000,3,3,0,双开,S,2865.0000,2864.4000,2862.8000,2862.0000,2861.2000,2866.8000,2867.0000,2867.4000,2867.6000,2867.8000,2,2,2,4,3,3,2,1,9,1
SF,IH2006,2020-03-09 09:32:15.400,2865.6000,15123,0,569624700.000,0,-,-,-,-,2865.2000,2865.0000,2864.4000,2862.8000,2862.0000,2866.6000,2867.4000,2867.6000,2867.8000,2868.2000,1,3,2,2,4,2,1,9,1,3
SF,IH2006,2020-03-09 09:32:15.900,2865.6000,15123,0,569624700.000,0,-,-,-,-,2865.0000,2864.4000,2862.8000,2862.0000,2861.2000,2866.4000,2867.4000,2867.6000,2867.8000,2868.2000,2,2,2,4,3,3,1,9,1,3
SF,IH2006,2020-03-09 09:32:16.400,2865.6000,15123,0,569624700.000,0,-,-,-,-,2865.0000,2864.4000,2862.8000,2862.0000,2861.2000,2866.2000,2866.4000,2867.4000,2867.6000,2867.8000,2,2,2,4,3,4,1,1,9,1
SF,IH2006,2020-03-09 09:32:16.900,2865.6000,15123,0,569624700.000,0,-,-,-,-,2865.0000,2864.4000,2862.8000,2862.0000,2861.2000,2866.0000,2866.2000,2866.4000,2867.4000,2867.6000,2,2,2,4,3,2,2,5,1,5
SF,IH2006,2020-03-09 09:32:17.400,2865.6000,15123,0,569624700.000,0,-,-,-,-,2865.0000,2864.4000,2862.8000,2862.0000,2861.2000,2865.8000,2866.2000,2866.4000,2867.4000,2867.6000,2,2,2,4,3,2,2,1,1,5
SF,IH2006,2020-03-09 09:32:17.900,2865.8000,15121,-2,571344180.000,2,0,2,双平,S,2865.0000,2864.4000,2862.8000,2862.0000,2861.2000,2866.4000,2867.4000,2867.6000,2867.8000,2868.2000,2,2,2,4,3,1,1,5,1,3
SF,IH2006,2020-03-09 09:32:18.400,2865.8000,15121,0,571344180.000,0,-,-,-,-,2865.2000,2865.0000,2864.4000,2862.8000,2862.0000,2866.2000,2866.4000,2867.4000,2867.6000,2867.8000,1,2,2,2,4,1,1,5,5,1
SF,IH2006,2020-03-09 09:32:18.900,2866.2000,15120,-1,572204040.000,1,0,1,双平,S,2865.0000,2864.4000,2862.8000,2862.0000,2861.2000,2866.4000,2867.4000,2867.6000,2867.8000,2868.2000,2,2,2,4,3,1,5,5,1,3
SF,IH2006,2020-03-09 09:32:19.400,2865.0000,15120,0,573063540.000,1,0,1,多换,S,2865.0000,2864.4000,2862.8000,2862.0000,2861.2000,2866.2000,2866.4000,2867.4000,2867.6000,2867.8000,1,2,2,4,3,1,1,5,5,1
SF,IH2006,2020-03-09 09:32:19.900,2865.0000,15120,0,573063540.000,0,-,-,-,-,2865.0000,2864.4000,2862.8000,2862.0000,2861.2000,2866.0000,2867.4000,2867.6000,2867.8000,2868.2000,1,2,2,4,3,1,5,5,1,3
SF,IH2006,2020-03-09 09:32:20.900,2865.0000,15119,-1,573923040.000,1,0,1,双平,S,2864.4000,2862.8000,2862.0000,2861.2000,2861.0000,2865.8000,2867.4000,2867.6000,2867.8000,2868.2000,2,2,4,3,20,1,5,5,1,3
SF,IH2006,2020-03-09 09:32:21.400,2865.0000,15119,0,573923040.000,0,-,-,-,-,2864.4000,2862.8000,2862.0000,2861.2000,2861.0000,2865.6000,2865.8000,2867.4000,2867.6000,2867.8000,2,2,4,3,20,2,6,5,5,1
SF,IH2006,2020-03-09 09:32:21.900,2864.4000,15119,0,575641680.000,2,1,1,多换,S,2862.8000,2862.0000,2861.2000,2861.0000,2860.0000,2865.2000,2865.4000,2865.6000,2865.8000,2866.2000,2,4,3,20,22,1,3,1,6,4
SF,IH2006,2020-03-09 09:32:22.400,2864.4000,15119,0,575641680.000,0,-,-,-,-,2862.8000,2862.0000,2861.2000,2861.0000,2860.0000,2865.0000,2865.4000,2865.8000,2866.2000,2867.4000,2,4,3,20,22,2,2,5,4,1
SF,IH2006,2020-03-09 09:32:22.900,2864.4000,15119,0,575641680.000,0,-,-,-,-,2863.0000,2862.8000,2862.0000,2861.2000,2861.0000,2864.8000,2865.0000,2865.8000,2866.2000,2867.4000,2,6,4,3,20,2,1,5,4,1
SF,IH2006,2020-03-09 09:32:23.400,2864.4000,15119,0,575641680.000,0,-,-,-,-,2863.2000,2862.8000,2862.0000,2861.2000,2861.0000,2864.6000,2864.8000,2865.8000,2866.2000,2867.4000,1,2,4,3,20,3,2,5,4,1
SF,IH2006,2020-03-09 09:32:23.900,2864.4000,15119,0,575641680.000,0,-,-,-,-,2863.4000,2863.0000,2862.8000,2862.0000,2861.2000,2864.6000,2865.8000,2866.2000,2867.4000,2867.6000,1,2,2,4,3,1,5,4,1,5
SF,IH2006,2020-03-09 09:32:24.400,2864.4000,15119,0,575641680.000,0,-,-,-,-,2862.8000,2862.0000,2861.2000,2861.0000,2860.0000,2864.4000,2865.8000,2866.2000,2867.4000,2867.6000,2,4,3,20,23,1,5,4,1,5
SF,IH2006,2020-03-09 09:32:24.900,2864.4000,15119,0,575641680.000,0,-,-,-,-,2864.6000,2863.0000,2862.8000,2862.0000,2861.2000,2865.8000,2866.2000,2867.4000,2867.6000,2868.2000,1,4,4,4,3,5,4,1,5,3
SF,IH2006,2020-03-09 09:32:25.400,2864.6000,15119,0,576501060.000,1,0,1,多换,S,2862.8000,2862.0000,2861.2000,2861.0000,2860.0000,2864.6000,2865.2000,2865.6000,2865.8000,2866.2000,4,4,3,20,23,1,1,2,5,4
SF,IH2006,2020-03-09 09:32:25.900,2864.6000,15119,0,576501060.000,0,-,-,-,-,2863.0000,2862.8000,2862.0000,2861.2000,2861.0000,2864.4000,2865.2000,2865.8000,2866.2000,2867.6000,1,2,4,3,20,1,1,5,4,5
SF,IH2006,2020-03-09 09:32:26.400,2864.6000,15119,0,576501060.000,0,-,-,-,-,2863.2000,2862.8000,2862.0000,2861.2000,2861.0000,2864.4000,2865.2000,2865.8000,2866.2000,2867.6000,1,2,4,3,20,1,1,5,4,5
SF,IH2006,2020-03-09 09:32:26.900,2864.6000,15119,0,576501060.000,0,-,-,-,-,2862.8000,2862.0000,2861.2000,2861.0000,2860.0000,2864.2000,2865.2000,2865.8000,2866.2000,2867.6000,2,4,3,20,23,2,1,5,4,5
SF,IH2006,2020-03-09 09:32:27.400,2864.6000,15119,0,576501060.000,0,-,-,-,-,2863.0000,2862.8000,2862.0000,2861.2000,2861.0000,2864.2000,2865.2000,2865.8000,2866.2000,2867.6000,1,2,4,3,20,2,1,5,4,5
SF,IH2006,2020-03-09 09:32:27.900,2864.6000,15119,0,576501060.000,0,-,-,-,-,2862.8000,2862.0000,2861.2000,2861.0000,2860.0000,2864.0000,2865.2000,2865.8000,2866.2000,2867.6000,2,4,3,20,23,1,1,5,4,5
SF,IH2006,2020-03-09 09:32:28.400,2864.6000,15119,0,576501060.000,0,-,-,-,-,2863.0000,2862.8000,2862.0000,2861.2000,2861.0000,2865.0000,2865.2000,2865.8000,2867.6000,2868.2000,1,2,4,3,20,4,1,5,5,3
SF,IH2006,2020-03-09 09:32:28.900,2864.6000,15119,0,576501060.000,0,-,-,-,-,2863.2000,2862.8000,2862.0000,2861.2000,2861.0000,2864.8000,2865.8000,2867.6000,2868.2000,2871.0000,1,2,4,3,20,2,5,5,3,3
SF,IH2006,2020-03-09 09:32:29.400,2864.6000,15119,0,576501060.000,0,-,-,-,-,2862.8000,2862.0000,2861.2000,2861.0000,2860.0000,2864.6000,2864.8000,2865.6000,2865.8000,2867.6000,2,4,3,20,24,2,1,4,5,5
SF,IH2006,2020-03-09 09:32:29.900,2864.6000,15120,1,577360440.000,1,1,0,双开,S,2863.0000,2862.8000,2862.0000,2861.2000,2861.0000,2864.4000,2864.6000,2865.6000,2865.8000,2867.6000,2,2,4,3,20,2,2,4,5,5
SF,IH2006,2020-03-09 09:32:30.400,2864.6000,15120,0,577360440.000,0,-,-,-,-,2863.0000,2862.8000,2862.0000,2861.2000,2861.0000,2865.6000,2865.8000,2867.6000,2868.2000,2871.0000,2,2,4,3,20,4,5,5,3,2
SF,IH2006,2020-03-09 09:32:30.900,2864.6000,15120,0,577360440.000,0,-,-,-,-,2864.0000,2863.0000,2862.8000,2862.0000,2861.2000,2865.0000,2865.2000,2865.4000,2865.6000,2865.8000,1,1,2,4,3,3,3,4,5,5
SF,IH2006,2020-03-09 09:32:31.400,2863.0000,15121,1,579078540.000,2,1,1,空开,S,2862.8000,2862.0000,2861.2000,2861.0000,2860.0000,2863.2000,2864.8000,2865.0000,2865.2000,2865.4000,2,4,3,20,24,1,1,3,1,4
SF,IH2006,2020-03-09 09:32:31.900,2863.2000,15120,-1,579937500.000,1,0,1,双平,S,2863.6000,2863.2000,2863.0000,2862.8000,2862.0000,2864.0000,2865.2000,2865.4000,2865.8000,2867.6000,1,1,2,2,4,4,1,3,5,5
SF,IH2006,2020-03-09 09:32:32.400,2863.6000,15118,-2,581655660.000,2,0,2,双平,S,2863.0000,2862.8000,2862.0000,2861.2000,2861.0000,2864.0000,2865.2000,2865.4000,2865.8000,2867.6000,1,2,4,3,20,4,1,3,5,5
SF,IH2006,2020-03-09 09:32:32.900,2863.8000,15118,0,582514800.000,1,0,1,多换,S,2863.0000,2862.8000,2862.0000,2861.2000,2861.0000,2863.8000,2865.2000,2865.4000,2865.8000,2867.6000,1,2,4,3,20,3,1,3,5,5
SF,IH2006,2020-03-09 09:32:33.400,2863.8000,15118,0,582514800.000,0,-,-,-,-,2863.0000,2862.8000,2862.0000,2861.2000,2861.0000,2864.6000,2865.2000,2865.4000,2865.8000,2868.2000,1,2,4,3,20,8,1,3,5,3
SF,IH2006,2020-03-09 09:32:33.900,2862.8000,15119,1,583373640.000,1,1,0,双开,S,2862.8000,2862.0000,2861.2000,2861.0000,2860.0000,2864.0000,2864.2000,2864.4000,2864.6000,2865.2000,7,4,3,20,24,1,5,3,3,1
SF,IH2006,2020-03-09 09:32:34.400,2863.8000,15119,0,584232780.000,1,0,1,多换,S,2863.2000,2862.8000,2862.0000,2861.2000,2861.0000,2863.8000,2864.4000,2864.6000,2865.2000,2865.4000,1,7,4,3,20,3,6,3,1,2
SF,IH2006,2020-03-09 09:32:34.900,2863.2000,15119,0,585091740.000,1,0,1,多换,S,2862.8000,2862.0000,2861.2000,2861.0000,2860.0000,2863.8000,2864.4000,2864.6000,2865.2000,2865.4000,7,4,3,20,24,1,5,3,1,2
SF,IH2006,2020-03-09 09:32:35.400,2862.8000,15119,0,585950580.000,1,0,1,多换,S,2862.8000,2862.0000,2861.2000,2861.0000,2860.0000,2863.8000,2864.4000,2864.6000,2865.2000,2865.4000,7,4,3,20,24,1,5,3,1,2
SF,IH2006,2020-03-09 09:32:35.900,2863.6000,15118,-1,588527520.000,3,1,2,多平,S,2862.8000,2862.0000,2861.2000,2861.0000,2860.0000,2863.6000,2863.8000,2864.4000,2864.6000,2865.2000,8,4,3,20,24,1,1,5,3,1
SF,IH2006,2020-03-09 09:32:36.400,2862.8000,15112,-6,595398420.000,8,1,7,多平,S,2862.8000,2862.0000,2861.2000,2861.0000,2860.0000,2863.8000,2864.4000,2864.6000,2865.2000,2865.4000,1,4,3,20,24,1,5,3,1,2
SF,IH2006,2020-03-09 09:32:36.900,2862.8000,15112,0,596257260.000,1,0,1,多换,S,2862.0000,2861.2000,2861.0000,2860.0000,2859.2000,2862.8000,2863.6000,2863.8000,2864.4000,2864.6000,4,3,20,24,1,1,5,1,5,3
SF,IH2006,2020-03-09 09:32:37.400,2862.8000,15112,0,597116100.000,1,0,1,多换,S,2862.0000,2861.2000,2861.0000,2860.0000,2859.2000,2863.6000,2864.4000,2864.6000,2865.2000,2865.4000,4,3,20,24,1,4,5,3,1,2
SF,IH2006,2020-03-09 09:32:37.900,2862.8000,15112,0,597116100.000,0,-,-,-,-,2862.0000,2861.2000,2861.0000,2860.0000,2859.2000,2863.2000,2863.4000,2863.6000,2864.4000,2865.2000,4,3,20,23,1,1,6,4,5,1
SF,IH2006,2020-03-09 09:32:38.400,2862.0000,15112,0,597974700.000,1,0,1,多换,S,2862.0000,2861.2000,2861.0000,2860.0000,2859.2000,2862.6000,2863.0000,2863.4000,2863.6000,2863.8000,3,3,20,23,1,1,4,1,3,3
SF,IH2006,2020-03-09 09:32:38.900,2862.0000,15112,0,597974700.000,0,-,-,-,-,2862.0000,2861.2000,2861.0000,2860.0000,2859.2000,2862.4000,2863.2000,2863.6000,2863.8000,2865.4000,3,3,20,23,1,3,5,3,3,2
SF,IH2006,2020-03-09 09:32:39.400,2862.0000,15111,-1,598833300.000,1,0,1,双平,S,2862.0000,2861.2000,2861.0000,2860.0000,2859.2000,2863.2000,2863.6000,2863.8000,2865.4000,2865.8000,2,3,20,23,1,5,3,3,2,5
SF,IH2006,2020-03-09 09:32:39.900,2862.0000,15110,-1,599691900.000,1,0,1,双平,S,2862.0000,2861.2000,2861.0000,2860.0000,2859.2000,2862.6000,2862.8000,2863.0000,2863.2000,2863.6000,1,3,20,23,1,1,1,8,5,2
SF,IH2006,2020-03-09 09:32:40.400,2862.0000,15109,-1,600550500.000,1,0,1,双平,S,2861.2000,2861.0000,2860.0000,2859.2000,2859.0000,2862.0000,2863.0000,2863.2000,2863.6000,2863.8000,3,20,23,1,20,9,5,5,2,3
SF,IH2006,2020-03-09 09:32:40.900,2862.0000,15101,-8,610853700.000,12,2,10,多平,S,2862.4000,2861.2000,2861.0000,2860.0000,2859.2000,2863.0000,2863.2000,2863.6000,2865.8000,2868.2000,1,3,20,23,1,3,5,2,5,3
SF,IH2006,2020-03-09 09:32:41.400,2862.4000,15101,0,611712420.000,1,0,1,多换,S,2861.4000,2861.2000,2861.0000,2860.0000,2859.2000,2862.4000,2862.6000,2862.8000,2863.0000,2863.2000,1,3,20,23,1,1,1,1,3,5
SF,IH2006,2020-03-09 09:32:41.900,2863.0000,15100,-1,614288820.000,3,1,2,多平,S,2862.4000,2861.6000,2861.2000,2861.0000,2860.0000,2863.0000,2863.6000,2863.8000,2865.8000,2868.2000,2,2,3,20,23,1,2,1,5,3
SF,IH2006,2020-03-09 09:32:42.400,2863.0000,15099,-1,616006620.000,2,0,2,多平,S,2862.4000,2861.2000,2861.0000,2860.0000,2859.2000,2862.8000,2863.6000,2863.8000,2865.8000,2868.2000,2,3,20,23,1,1,2,1,5,3
SF,IH2006,2020-03-09 09:32:42.900,2862.6000,15096,-3,623736780.000,9,3,6,多平,S,2862.4000,2861.2000,2861.0000,2860.0000,2859.2000,2865.8000,2866.0000,2868.2000,2872.8000,2877.8000,1,3,20,23,1,5,1,3,11,3
SF,IH2006,2020-03-09 09:32:43.400,2862.6000,15096,0,623736780.000,0,-,-,-,-,2863.0000,2862.6000,2862.4000,2861.2000,2861.0000,2865.2000,2865.4000,2865.6000,2865.8000,2866.0000,1,2,2,3,20,11,1,3,5,1
SF,IH2006,2020-03-09 09:32:43.900,2862.6000,15096,0,624595560.000,1,0,1,多换,S,2863.2000,2863.0000,2862.6000,2862.4000,2861.2000,2865.2000,2865.6000,2865.8000,2866.0000,2868.2000,1,1,2,2,3,1,3,5,1,3
SF,IH2006,2020-03-09 09:32:44.400,2862.6000,15096,0,624595560.000,0,-,-,-,-,2863.4000,2863.2000,2863.0000,2862.6000,2862.4000,2865.0000,2865.6000,2865.8000,2866.0000,2868.2000,1,1,1,2,2,1,2,5,10,3
SF,IH2006,2020-03-09 09:32:44.900,2862.6000,15095,-1,625454340.000,1,0,1,双平,S,2863.6000,2863.2000,2863.0000,2862.4000,2861.2000,2865.0000,2865.8000,2866.0000,2868.2000,2872.8000,4,1,1,2,3,1,5,10,3,11
SF,IH2006,2020-03-09 09:32:45.400,2862.6000,15095,0,625454340.000,0,-,-,-,-,2863.8000,2863.6000,2863.2000,2863.0000,2862.4000,2865.8000,2866.0000,2868.2000,2872.8000,2877.8000,4,4,1,1,2,5,10,3,11,3
SF,IH2006,2020-03-09 09:32:45.900,2862.6000,15095,0,625454340.000,0,-,-,-,-,2865.0000,2864.0000,2863.8000,2863.6000,2863.2000,2865.6000,2865.8000,2866.0000,2868.2000,2872.8000,2,1,2,2,1,1,5,10,3,11
SF,IH2006,2020-03-09 09:32:46.400,2863.6000,15095,0,628032420.000,3,1,2,多换,S,2863.6000,2863.2000,2863.0000,2862.4000,2861.2000,2865.0000,2865.8000,2867.0000,2868.2000,2872.8000,1,1,1,1,3,2,5,10,3,11
SF,IH2006,2020-03-09 09:32:46.900,2865.0000,15093,-2,629751420.000,2,0,2,双平,S,2865.0000,2864.4000,2863.8000,2863.6000,2863.2000,2865.8000,2868.2000,2872.8000,2877.8000,2878.8000,4,1,4,1,1,5,3,11,3,5
SF,IH2006,2020-03-09 09:32:47.400,2865.8000,15096,3,633190380.000,4,3,1,空开,S,2865.2000,2864.4000,2863.8000,2863.2000,2863.0000,2865.8000,2868.2000,2872.8000,2877.8000,2878.8000,2,1,3,1,1,1,3,11,3,5
SF,IH2006,2020-03-09 09:32:47.900,2865.8000,15093,-3,636629340.000,4,0,4,多平,S,2865.2000,2864.4000,2863.8000,2863.2000,2863.0000,2867.0000,2868.2000,2872.8000,2877.8000,2878.8000,2,1,3,1,1,10,3,11,3,5
SF,IH2006,2020-03-09 09:32:48.400,2865.8000,15093,0,636629340.000,0,-,-,-,-,2865.8000,2865.4000,2865.2000,2864.4000,2863.8000,2866.8000,2868.2000,2872.8000,2877.8000,2878.8000,2,1,3,1,3,1,3,11,3,5
SF,IH2006,2020-03-09 09:32:48.900,2865.8000,15092,-1,637489080.000,1,0,1,双平,S,2865.8000,2865.2000,2864.4000,2863.8000,2863.2000,2867.6000,2868.2000,2872.8000,2877.8000,2878.8000,2,3,1,2,1,10,3,11,3,5
SF,IH2006,2020-03-09 09:32:49.400,2865.8000,15092,0,637489080.000,0,-,-,-,-,2866.0000,2865.8000,2865.2000,2864.4000,2863.8000,2867.4000,2867.8000,2868.2000,2872.8000,2877.8000,1,2,3,1,2,2,10,3,11,3
SF,IH2006,2020-03-09 09:32:49.900,2865.8000,15092,0,639208560.000,2,1,1,多换,S,2865.2000,2864.4000,2863.8000,2863.2000,2863.0000,2866.0000,2867.2000,2867.4000,2867.8000,2868.2000,3,1,2,1,1,1,1,2,10,3
SF,IH2006,2020-03-09 09:32:50.400,2866.0000,15093,1,640068360.000,1,1,0,双开,S,2865.4000,2865.2000,2863.2000,2863.0000,2862.4000,2866.6000,2867.2000,2868.2000,2872.8000,2877.8000,3,3,1,2,1,10,1,3,11,3
SF,IH2006,2020-03-09 09:32:50.900,2865.2000,15093,0,642647160.000,3,1,2,多换,S,2865.2000,2863.2000,2863.0000,2862.4000,2861.6000,2866.4000,2866.6000,2868.2000,2872.8000,2877.8000,2,1,2,1,1,4,10,3,11,3
SF,IH2006,2020-03-09 09:32:51.400,2865.2000,15093,0,644366280.000,2,1,1,多换,S,2866.0000,2863.2000,2863.0000,2862.4000,2861.6000,2866.2000,2866.4000,2866.6000,2868.2000,2872.8000,1,1,2,1,1,4,3,10,3,11
SF,IH2006,2020-03-09 09:32:51.900,2866.0000,15092,-1,645226080.000,1,0,1,双平,S,2863.2000,2863.0000,2862.4000,2861.6000,2861.2000,2866.0000,2866.2000,2866.4000,2866.6000,2868.2000,1,2,1,1,3,4,2,2,10,3
SF,IH2006,2020-03-09 09:32:52.400,2864.4000,15091,-1,648664080.000,4,1,3,多平,S,2864.4000,2863.6000,2863.4000,2863.2000,2863.0000,2865.8000,2866.0000,2866.4000,2868.2000,2872.8000,2,2,7,1,2,1,1,1,3,11
SF,IH2006,2020-03-09 09:32:52.900,2864.4000,15091,0,648664080.000,0,-,-,-,-,2863.4000,2863.2000,2863.0000,2862.4000,2861.6000,2864.2000,2865.6000,2866.4000,2867.0000,2868.2000,6,1,2,1,1,2,1,1,10,3
SF,IH2006,2020-03-09 09:32:53.400,2864.2000,15092,1,650382600.000,2,1,1,空开,S,2864.2000,2863.4000,2863.2000,2863.0000,2862.4000,2865.6000,2866.4000,2867.0000,2868.2000,2872.8000,2,2,1,2,1,1,1,10,3,11
SF,IH2006,2020-03-09 09:32:53.900,2865.6000,15092,0,651242280.000,1,0,1,多换,S,2864.4000,2863.4000,2863.2000,2863.0000,2862.4000,2866.4000,2868.2000,2872.8000,2877.8000,2878.8000,3,2,1,2,1,1,3,11,3,5
SF,IH2006,2020-03-09 09:32:54.400,2865.6000,15092,0,651242280.000,0,-,-,-,-,2864.6000,2864.4000,2863.4000,2863.2000,2863.0000,2866.2000,2867.4000,2868.2000,2872.8000,2877.8000,1,1,2,1,2,5,10,3,11,3
SF,IH2006,2020-03-09 09:32:54.900,2865.6000,15092,0,651242280.000,0,-,-,-,-,2864.8000,2864.6000,2864.4000,2863.2000,2863.0000,2866.2000,2868.2000,2872.8000,2877.8000,2878.8000,2,1,1,1,2,2,3,11,3,5
SF,IH2006,2020-03-09 09:32:55.400,2866.2000,15091,-1,652962000.000,2,0,2,多平,S,2866.2000,2865.0000,2864.8000,2864.6000,2864.4000,2867.4000,2868.2000,2872.8000,2877.8000,2878.8000,1,1,2,1,1,10,3,11,3,5
SF,IH2006,2020-03-09 09:32:55.900,2866.2000,15091,0,652962000.000,0,-,-,-,-,2866.2000,2865.0000,2864.6000,2864.4000,2863.2000,2867.2000,2868.2000,2872.8000,2877.8000,2878.8000,1,1,1,2,1,3,3,11,3,5
SF,IH2006,2020-03-09 09:32:56.400,2866.2000,15091,0,652962000.000,0,-,-,-,-,2866.2000,2865.0000,2864.6000,2864.4000,2863.2000,2867.2000,2868.2000,2872.8000,2877.8000,2878.8000,1,1,1,1,1,3,3,11,3,5
SF,IH2006,2020-03-09 09:32:56.900,2866.2000,15091,0,652962000.000,0,-,-,-,-,2866.2000,2865.0000,2864.6000,2864.4000,2863.2000,2867.2000,2868.2000,2872.8000,2877.8000,2878.8000,1,2,1,1,1,3,8,11,3,5
SF,IH2006,2020-03-09 09:32:57.400,2867.0000,15091,0,653822100.000,1,0,1,多换,S,2865.0000,2864.6000,2864.4000,2863.2000,2863.0000,2867.0000,2867.2000,2868.2000,2872.8000,2877.8000,2,1,1,1,3,1,2,8,11,3
SF,IH2006,2020-03-09 09:32:57.900,2867.0000,15091,0,653822100.000,0,-,-,-,-,2865.8000,2865.6000,2865.4000,2865.2000,2865.0000,2867.0000,2868.2000,2872.8000,2877.8000,2878.8000,1,2,1,7,2,1,8,11,3,5
SF,IH2006,2020-03-09 09:32:58.400,2867.0000,15091,0,653822100.000,0,-,-,-,-,2866.0000,2865.4000,2865.2000,2865.0000,2864.6000,2868.2000,2868.4000,2872.8000,2877.8000,2878.8000,10,1,4,2,1,3,5,11,3,5
SF,IH2006,2020-03-09 09:32:58.900,2867.0000,15091,0,653822100.000,0,-,-,-,-,2866.2000,2866.0000,2865.2000,2865.0000,2864.6000,2868.2000,2868.8000,2872.8000,2877.8000,2878.8000,1,3,4,1,1,3,5,11,3,5
SF,IH2006,2020-03-09 09:32:59.400,2866.4000,15090,-1,654682020.000,1,0,1,双平,S,2866.4000,2866.2000,2866.0000,2865.2000,2865.0000,2868.0000,2868.2000,2872.8000,2877.8000,2878.8000,1,1,3,4,1,2,3,11,3,5
SF,IH2006,2020-03-09 09:32:59.900,2866.4000,15089,-1,655541940.000,1,0,1,双平,S,2866.6000,2866.2000,2865.2000,2865.0000,2864.6000,2868.0000,2868.2000,2872.8000,2876.6000,2877.8000,4,3,4,1,1,1,3,6,5,3
SF,IH2006,2020-03-09 09:33:00.400,2866.4000,15089,0,655541940.000,0,-,-,-,-,2866.6000,2865.2000,2865.0000,2864.6000,2864.4000,2868.0000,2868.2000,2872.8000,2876.6000,2877.8000,1,4,1,1,1,1,3,6,5,3
SF,IH2006,2020-03-09 09:33:00.900,2866.6000,15088,-1,658121880.000,3,1,2,多平,S,2865.2000,2865.0000,2864.6000,2864.4000,2863.6000,2866.6000,2868.0000,2868.2000,2872.8000,2876.6000,4,1,1,1,1,20,1,3,6,5
SF,IH2006,2020-03-09 09:33:01.400,2865.4000,15087,-1,664139820.000,7,3,4,多平,S,2865.4000,2865.0000,2864.6000,2864.4000,2863.6000,2866.6000,2868.0000,2868.2000,2872.8000,2876.6000,1,1,1,1,1,21,1,3,6,5
SF,IH2006,2020-03-09 09:33:01.900,2865.0000,15088,1,665858940.000,2,1,1,空开,S,2864.6000,2864.4000,2863.6000,2863.2000,2863.0000,2866.4000,2866.6000,2868.0000,2868.2000,2872.8000,1,1,1,1,3,4,21,1,3,6
SF,IH2006,2020-03-09 09:33:02.400,2864.6000,15088,0,666718320.000,1,0,1,多换,S,2864.4000,2863.6000,2863.2000,2863.0000,2862.4000,2865.8000,2866.2000,2866.4000,2866.6000,2868.2000,1,1,1,3,1,1,5,3,21,3
SF,IH2006,2020-03-09 09:33:02.900,2864.4000,15087,-1,667577640.000,1,0,1,双平,S,2863.6000,2863.2000,2863.0000,2862.4000,2861.6000,2865.6000,2865.8000,2866.2000,2866.4000,2866.6000,1,1,3,1,1,6,1,1,1,21
SF,IH2006,2020-03-09 09:33:03.400,2864.4000,15087,0,667577640.000,0,-,-,-,-,2863.6000,2863.2000,2863.0000,2862.4000,2861.6000,2865.4000,2865.6000,2865.8000,2866.4000,2866.6000,1,1,3,1,1,2,4,1,1,21
SF,IH2006,2020-03-09 09:33:03.900,2864.4000,15087,0,667577640.000,0,-,-,-,-,2863.6000,2863.2000,2863.0000,2862.4000,2861.6000,2865.0000,2865.2000,2865.4000,2865.6000,2865.8000,1,1,3,1,1,1,3,2,4,1
SF,IH2006,2020-03-09 09:33:04.400,2864.4000,15087,0,667577640.000,0,-,-,-,-,2863.8000,2863.6000,2863.2000,2863.0000,2862.4000,2864.8000,2865.0000,2865.2000,2865.4000,2865.6000,1,1,1,3,1,1,1,1,1,4
SF,IH2006,2020-03-09 09:33:04.900,2865.0000,15088,1,669296580.000,2,1,1,空开,S,2863.8000,2863.6000,2863.2000,2863.0000,2862.4000,2865.2000,2865.4000,2865.6000,2865.8000,2866.6000,1,1,1,3,1,1,1,1,1,21
SF,IH2006,2020-03-09 09:33:05.400,2865.4000,15088,0,671015760.000,2,1,1,多换,S,2864.0000,2863.8000,2863.6000,2863.2000,2863.0000,2865.0000,2866.6000,2868.2000,2872.8000,2876.6000,3,1,1,1,3,1,21,3,6,5
SF,IH2006,2020-03-09 09:33:05.900,2865.0000,15087,-1,672734760.000,2,0,2,多平,S,2864.4000,2864.0000,2863.8000,2863.6000,2863.2000,2866.6000,2868.2000,2872.8000,2876.6000,2877.8000,1,3,1,1,1,21,3,6,5,3
SF,IH2006,2020-03-09 09:33:06.400,2865.0000,15087,0,672734760.000,0,-,-,-,-,2864.6000,2864.0000,2863.8000,2863.6000,2863.2000,2866.4000,2866.6000,2868.2000,2872.8000,2876.6000,6,1,1,1,1,3,21,3,6,5
SF,IH2006,2020-03-09 09:33:06.900,2866.6000,15079,-8,679614540.000,8,0,8,双平,S,2865.0000,2864.6000,2864.4000,2864.0000,2863.8000,2866.6000,2868.2000,2872.8000,2876.6000,2877.8000,1,6,2,1,1,14,3,6,5,3
SF,IH2006,2020-03-09 09:33:07.400,2864.6000,15076,-3,690789780.000,13,5,8,多平,S,2864.4000,2864.0000,2863.8000,2863.6000,2863.2000,2864.6000,2866.6000,2868.2000,2872.8000,2876.6000,3,1,1,1,1,1,9,3,6,5
SF,IH2006,2020-03-09 09:33:07.900,2864.6000,15076,0,691649160.000,1,0,1,多换,S,2864.8000,2864.6000,2864.4000,2864.0000,2863.8000,2866.6000,2868.2000,2872.8000,2876.6000,2877.8000,1,1,2,1,1,9,3,6,5,3
SF,IH2006,2020-03-09 09:33:08.400,2864.4000,15076,0,695087220.000,4,2,2,多换,S,2863.8000,2863.6000,2863.2000,2863.0000,2862.4000,2864.4000,2866.4000,2866.6000,2868.2000,2872.8000,1,1,1,3,1,1,2,8,3,6
SF,IH2006,2020-03-09 09:33:08.900,2864.4000,15076,0,695946540.000,1,0,1,多换,S,2863.8000,2863.6000,2863.2000,2863.0000,2862.4000,2866.6000,2868.2000,2872.8000,2874.2000,2876.6000,1,1,1,3,1,8,3,6,1,5
SF,IH2006,2020-03-09 09:33:09.400,2866.4000,15075,-1,696806460.000,1,0,1,双平,S,2864.0000,2863.8000,2863.6000,2863.2000,2863.0000,2866.4000,2866.6000,2868.2000,2872.8000,2874.2000,1,1,1,1,3,2,8,3,6,1
SF,IH2006,2020-03-09 09:33:09.900,2866.4000,15075,0,696806460.000,0,-,-,-,-,2864.0000,2863.8000,2863.6000,2863.2000,2863.0000,2866.2000,2866.4000,2866.6000,2868.2000,2872.8000,1,1,1,1,3,2,2,8,3,6
SF,IH2006,2020-03-09 09:33:10.400,2866.4000,15075,0,696806460.000,0,-,-,-,-,2863.8000,2863.6000,2863.0000,2862.4000,2861.6000,2866.2000,2866.4000,2866.6000,2868.2000,2872.8000,1,1,3,1,1,2,2,8,3,6
SF,IH2006,2020-03-09 09:33:10.900,2866.4000,15075,0,696806460.000,0,-,-,-,-,2863.8000,2863.6000,2863.0000,2862.4000,2861.6000,2866.0000,2866.4000,2866.6000,2868.2000,2872.8000,1,1,3,1,1,2,1,8,3,6
SF,IH2006,2020-03-09 09:33:11.400,2866.4000,15075,0,696806460.000,0,-,-,-,-,2864.0000,2863.8000,2863.6000,2863.0000,2862.4000,2865.6000,2865.8000,2866.6000,2868.2000,2872.8000,2,1,1,3,1,3,4,8,3,6
SF,IH2006,2020-03-09 09:33:11.900,2866.2000,15072,-3,699386040.000,3,0,3,双平,S,2866.2000,2864.0000,2863.8000,2863.6000,2863.0000,2866.6000,2868.2000,2872.8000,2874.2000,2876.6000,4,2,1,1,3,8,3,6,1,5
SF,IH2006,2020-03-09 09:33:12.400,2866.2000,15070,-2,704545200.000,6,2,4,多平,S,2864.0000,2863.8000,2863.6000,2863.0000,2862.4000,2865.8000,2866.0000,2866.2000,2866.4000,2866.6000,2,2,1,3,1,1,4,14,1,10
SF,IH2006,2020-03-09 09:33:12.900,2866.2000,15070,0,704545200.000,0,-,-,-,-,2864.0000,2863.8000,2863.6000,2863.0000,2862.4000,2865.6000,2865.8000,2866.2000,2866.4000,2866.6000,2,4,1,3,1,1,1,6,1,8
SF,IH2006,2020-03-09 09:33:13.400,2866.2000,15070,0,704545200.000,0,-,-,-,-,2864.0000,2863.8000,2863.6000,2863.0000,2862.4000,2865.0000,2865.2000,2865.4000,2865.6000,2865.8000,2,4,1,4,1,1,1,2,1,1
SF,IH2006,2020-03-09 09:33:13.900,2866.2000,15070,0,704545200.000,0,-,-,-,-,2864.0000,2863.8000,2863.6000,2863.0000,2862.4000,2864.8000,2865.0000,2865.2000,2865.6000,2865.8000,3,4,1,4,1,1,1,1,1,1
SF,IH2006,2020-03-09 09:33:14.400,2863.8000,15070,0,710559360.000,7,3,4,多换,S,2863.6000,2863.0000,2861.6000,2861.2000,2861.0000,2864.8000,2865.0000,2865.2000,2865.6000,2865.8000,1,4,1,3,20,1,1,1,1,1
SF,IH2006,2020-03-09 09:33:14.900,2863.6000,15069,-1,711418440.000,1,0,1,双平,S,2863.0000,2861.6000,2861.2000,2861.0000,2860.0000,2863.4000,2863.6000,2864.4000,2864.6000,2864.8000,4,1,3,20,21,3,2,1,5,1
SF,IH2006,2020-03-09 09:33:15.400,2863.2000,15060,-9,719148960.000,9,0,9,双平,S,2863.0000,2861.6000,2861.2000,2861.0000,2860.0000,2863.6000,2864.4000,2864.6000,2865.0000,2865.2000,1,1,3,20,21,3,1,2,1,1
SF,IH2006,2020-03-09 09:33:15.900,2863.0000,15060,0,720007860.000,1,0,1,多换,S,2861.6000,2861.2000,2861.0000,2860.0000,2859.2000,2862.8000,2863.0000,2863.4000,2863.6000,2864.4000,1,3,20,21,1,1,1,1,2,1
SF,IH2006,2020-03-09 09:33:16.400,2862.6000,15063,3,724300920.000,5,4,1,空开,S,2861.2000,2861.0000,2860.0000,2859.2000,2859.0000,2862.6000,2863.0000,2863.4000,2863.6000,2864.6000,3,20,21,1,20,1,1,1,2,1
SF,IH2006,2020-03-09 09:33:16.900,2862.6000,15063,0,725159700.000,1,0,1,多换,S,2862.8000,2861.4000,2861.2000,2861.0000,2860.0000,2863.0000,2863.4000,2863.6000,2865.0000,2865.2000,1,2,3,20,21,1,1,2,1,1
SF,IH2006,2020-03-09 09:33:17.400,2862.8000,15062,-1,726877320.000,2,0,2,多平,S,2861.4000,2861.2000,2861.0000,2860.0000,2859.2000,2862.6000,2863.0000,2863.4000,2863.6000,2865.0000,2,3,20,21,1,1,1,1,2,1
SF,IH2006,2020-03-09 09:33:17.900,2862.8000,15062,0,726877320.000,0,-,-,-,-,2861.6000,2861.4000,2861.2000,2861.0000,2860.0000,2863.0000,2863.4000,2863.6000,2865.0000,2865.2000,2,2,3,20,21,1,1,2,1,1
SF,IH2006,2020-03-09 09:33:18.400,2862.8000,15062,0,726877320.000,0,-,-,-,-,2861.8000,2861.6000,2861.4000,2861.2000,2861.0000,2863.0000,2863.4000,2863.6000,2865.0000,2865.2000,1,2,2,3,20,1,1,2,1,1
SF,IH2006,2020-03-09 09:33:18.900,2863.0000,15062,0,727736220.000,1,0,1,多换,S,2862.0000,2861.8000,2861.4000,2861.2000,2861.0000,2863.0000,2863.4000,2863.6000,2865.0000,2865.2000,2,1,2,3,20,1,1,2,1,1
SF,IH2006,2020-03-09 09:33:19.400,2863.0000,15062,0,729454020.000,2,1,1,多换,S,2862.0000,2861.8000,2861.2000,2861.0000,2860.0000,2863.4000,2863.6000,2865.0000,2865.2000,2865.6000,2,1,3,20,21,1,2,1,1,2
SF,IH2006,2020-03-09 09:33:19.900,2863.0000,15062,0,729454020.000,0,-,-,-,-,2862.0000,2861.8000,2861.2000,2861.0000,2860.0000,2863.2000,2863.4000,2863.6000,2865.0000,2865.2000,2,1,3,20,21,1,1,2,1,1
SF,IH2006,2020-03-09 09:33:20.400,2863.0000,15062,0,729454020.000,0,-,-,-,-,2862.0000,2861.8000,2861.2000,2861.0000,2860.0000,2863.2000,2863.4000,2863.6000,2865.0000,2865.2000,2,1,3,20,21,1,1,2,1,1
SF,IH2006,2020-03-09 09:33:20.900,2863.0000,15062,0,729454020.000,0,-,-,-,-,2862.0000,2861.8000,2861.4000,2861.2000,2861.0000,2863.2000,2863.4000,2863.6000,2865.0000,2865.2000,1,1,1,3,20,1,1,2,1,1
SF,IH2006,2020-03-09 09:33:21.400,2863.2000,15062,0,730312980.000,1,0,1,多换,S,2862.0000,2861.4000,2861.2000,2861.0000,2860.0000,2863.4000,2863.6000,2865.0000,2865.2000,2865.6000,3,1,3,20,21,1,2,1,1,2
SF,IH2006,2020-03-09 09:33:21.900,2863.2000,15062,0,730312980.000,0,-,-,-,-,2862.2000,2862.0000,2861.4000,2861.2000,2861.0000,2863.4000,2863.6000,2865.0000,2865.2000,2865.6000,2,3,1,3,20,1,2,1,1,2
SF,IH2006,2020-03-09 09:33:22.400,2863.2000,15062,0,730312980.000,0,-,-,-,-,2862.2000,2862.0000,2861.4000,2861.2000,2861.0000,2863.4000,2863.6000,2865.0000,2865.2000,2865.6000,2,3,1,3,20,1,2,1,1,2
SF,IH2006,2020-03-09 09:33:22.900,2863.2000,15062,0,730312980.000,0,-,-,-,-,2862.2000,2862.0000,2861.4000,2861.2000,2861.0000,2863.4000,2863.6000,2865.0000,2865.2000,2865.6000,2,3,1,3,20,1,2,1,1,2
SF,IH2006,2020-03-09 09:33:23.400,2863.2000,15062,0,730312980.000,0,-,-,-,-,2862.8000,2862.4000,2862.2000,2862.0000,2861.4000,2863.6000,2865.0000,2865.2000,2865.6000,2866.6000,1,1,2,3,1,2,1,1,2,8
SF,IH2006,2020-03-09 09:33:23.900,2863.6000,15060,-2,732031140.000,2,0,2,双平,S,2862.8000,2862.2000,2862.0000,2861.4000,2861.2000,2865.0000,2865.2000,2865.6000,2866.6000,2868.2000,1,2,8,1,3,1,1,2,8,3
SF,IH2006,2020-03-09 09:33:24.400,2863.6000,15060,0,732031140.000,0,-,-,-,-,2863.0000,2862.8000,2862.0000,2861.6000,2861.4000,2863.2000,2864.6000,2865.0000,2865.2000,2865.6000,2,1,8,1,1,2,4,1,1,2
SF,IH2006,2020-03-09 09:33:24.900,2863.2000,15058,-2,733749060.000,2,0,2,双平,S,2863.6000,2863.4000,2863.2000,2862.8000,2862.0000,2865.0000,2865.2000,2865.6000,2866.6000,2868.2000,1,2,1,1,8,1,1,3,8,3
SF,IH2006,2020-03-09 09:33:25.400,2863.8000,15059,1,735467700.000,2,1,1,空开,S,2863.8000,2863.2000,2862.8000,2862.0000,2861.6000,2865.2000,2865.6000,2866.6000,2868.2000,2872.8000,3,1,1,8,1,1,3,8,3,11
SF,IH2006,2020-03-09 09:33:25.900,2865.2000,15059,0,736327260.000,1,0,1,多换,S,2865.4000,2864.0000,2863.8000,2863.2000,2862.8000,2865.6000,2866.6000,2868.2000,2872.8000,2874.2000,2,1,2,1,1,2,8,3,11,1
SF,IH2006,2020-03-09 09:33:26.400,2865.6000,15053,-6,741485100.000,6,0,6,双平,S,2863.8000,2863.2000,2862.8000,2862.0000,2861.6000,2866.6000,2868.2000,2872.8000,2874.2000,2877.8000,2,1,1,8,1,8,3,11,1,3
SF,IH2006,2020-03-09 09:33:26.900,2865.6000,15053,0,741485100.000,0,-,-,-,-,2864.2000,2863.8000,2863.2000,2862.8000,2862.0000,2866.6000,2868.2000,2872.8000,2874.2000,2877.8000,1,2,1,1,8,8,3,11,1,3
SF,IH2006,2020-03-09 09:33:27.400,2865.6000,15053,0,741485100.000,0,-,-,-,-,2864.4000,2864.2000,2863.2000,2862.8000,2862.0000,2866.6000,2868.2000,2872.8000,2874.2000,2877.8000,2,1,1,1,8,8,3,11,1,3
SF,IH2006,2020-03-09 09:33:27.900,2865.6000,15053,0,741485100.000,0,-,-,-,-,2864.4000,2864.2000,2862.8000,2862.0000,2861.6000,2866.6000,2866.8000,2868.2000,2872.8000,2874.2000,2,1,1,8,1,8,5,3,11,1
SF,IH2006,2020-03-09 09:33:28.400,2865.6000,15053,0,741485100.000,0,-,-,-,-,2864.4000,2864.2000,2862.8000,2862.0000,2861.6000,2866.4000,2866.6000,2866.8000,2868.2000,2872.8000,2,1,1,8,1,1,9,5,3,11
SF,IH2006,2020-03-09 09:33:28.900,2865.6000,15053,0,741485100.000,0,-,-,-,-,2864.6000,2864.4000,2864.2000,2862.8000,2862.0000,2866.2000,2866.4000,2866.6000,2866.8000,2868.2000,1,2,1,1,8,1,1,8,5,3
SF,IH2006,2020-03-09 09:33:29.400,2865.6000,15053,0,741485100.000,0,-,-,-,-,2864.8000,2864.4000,2864.2000,2862.8000,2862.0000,2866.2000,2866.6000,2866.8000,2868.2000,2872.8000,3,1,1,1,8,1,8,5,3,11
SF,IH2006,2020-03-09 09:33:29.900,2865.0000,15052,-1,742344600.000,1,0,1,双平,S,2864.8000,2864.2000,2862.8000,2862.0000,2861.6000,2866.0000,2866.6000,2866.8000,2868.2000,2872.8000,2,1,1,8,1,2,8,5,3,11
SF,IH2006,2020-03-09 09:33:30.400,2866.0000,15051,-1,743204400.000,1,0,1,双平,S,2865.0000,2864.8000,2864.2000,2862.8000,2862.0000,2866.0000,2866.6000,2866.8000,2868.2000,2872.8000,1,2,1,1,8,1,8,5,3,11
SF,IH2006,2020-03-09 09:33:30.900,2864.8000,15052,1,744923340.000,2,1,1,空开,S,2864.2000,2862.8000,2862.0000,2861.6000,2861.4000,2866.6000,2866.8000,2868.2000,2872.8000,2874.2000,1,1,8,1,1,8,5,3,11,1
SF,IH2006,2020-03-09 09:33:31.400,2864.8000,15052,0,744923340.000,0,-,-,-,-,2866.2000,2864.2000,2862.8000,2862.0000,2861.6000,2866.4000,2866.6000,2866.8000,2868.2000,2872.8000,1,1,1,8,1,2,8,5,3,11
SF,IH2006,2020-03-09 09:33:31.900,2866.2000,15051,-1,745783200.000,1,0,1,双平,S,2864.2000,2862.8000,2862.0000,2861.6000,2861.4000,2866.2000,2866.6000,2866.8000,2868.2000,2872.8000,1,1,8,1,1,6,8,5,3,11
SF,IH2006,2020-03-09 09:33:32.400,2866.2000,15051,0,745783200.000,0,-,-,-,-,2864.2000,2862.8000,2862.0000,2861.6000,2861.4000,2866.0000,2866.2000,2866.6000,2866.8000,2868.2000,1,1,8,1,1,5,4,8,5,3
SF,IH2006,2020-03-09 09:33:32.900,2866.2000,15051,0,745783200.000,0,-,-,-,-,2865.0000,2862.8000,2862.0000,2861.6000,2861.4000,2866.0000,2866.2000,2866.6000,2866.8000,2868.2000,1,1,10,1,1,5,3,8,5,3
SF,IH2006,2020-03-09 09:33:33.400,2866.2000,15051,0,745783200.000,0,-,-,-,-,2865.0000,2862.8000,2862.0000,2861.6000,2861.4000,2866.0000,2866.2000,2866.6000,2866.8000,2868.2000,1,1,10,1,1,5,3,8,5,3
SF,IH2006,2020-03-09 09:33:33.900,2865.0000,15050,-1,746642700.000,1,0,1,双平,S,2862.8000,2862.0000,2861.6000,2861.4000,2861.2000,2865.0000,2866.0000,2866.2000,2866.6000,2866.8000,1,10,1,1,3,1,5,2,8,5
SF,IH2006,2020-03-09 09:33:34.400,2865.0000,15050,0,747502200.000,1,0,1,多换,S,2866.0000,2863.8000,2863.4000,2863.0000,2862.8000,2866.2000,2866.6000,2866.8000,2868.2000,2868.4000,1,1,1,7,5,3,8,5,3,1
SF,IH2006,2020-03-09 09:33:34.900,2865.6000,15049,-1,748361880.000,1,0,1,双平,S,2865.0000,2863.4000,2863.0000,2862.8000,2862.6000,2866.0000,2866.2000,2866.6000,2866.8000,2868.2000,1,1,4,5,1,8,4,8,5,3
SF,IH2006,2020-03-09 09:33:35.400,2865.0000,15049,0,749221380.000,1,0,1,多换,S,2863.4000,2863.0000,2862.8000,2862.6000,2862.0000,2865.8000,2866.0000,2866.2000,2866.6000,2866.8000,1,4,5,1,9,4,2,1,8,6
SF,IH2006,2020-03-09 09:33:35.900,2865.0000,15049,0,749221380.000,0,-,-,-,-,2863.6000,2863.4000,2863.0000,2862.8000,2862.6000,2865.0000,2865.8000,2866.0000,2866.2000,2866.6000,3,1,1,5,1,2,4,2,1,8
SF,IH2006,2020-03-09 09:33:36.400,2865.0000,15049,0,749221380.000,0,-,-,-,-,2863.6000,2863.0000,2862.8000,2862.6000,2862.0000,2865.0000,2866.0000,2866.2000,2866.6000,2866.8000,3,1,5,1,9,2,2,1,8,6
SF,IH2006,2020-03-09 09:33:36.900,2865.0000,15048,-1,750940380.000,2,0,2,多平,S,2865.2000,2865.0000,2864.2000,2863.8000,2863.6000,2866.0000,2866.2000,2866.6000,2866.8000,2868.2000,1,1,1,1,3,2,1,8,6,3
SF,IH2006,2020-03-09 09:33:37.400,2865.2000,15049,1,751799940.000,1,1,0,双开,S,2865.0000,2863.8000,2863.6000,2863.0000,2862.8000,2866.0000,2866.2000,2866.6000,2866.8000,2868.2000,1,1,3,1,5,2,1,8,6,3
SF,IH2006,2020-03-09 09:33:37.900,2865.2000,15049,0,751799940.000,0,-,-,-,-,2865.0000,2863.8000,2863.6000,2863.0000,2862.8000,2865.8000,2866.0000,2866.2000,2866.6000,2866.8000,2,1,3,1,5,1,2,1,8,6
SF,IH2006,2020-03-09 09:33:38.400,2865.0000,15048,-1,753518940.000,2,0,2,多平,S,2863.8000,2863.6000,2863.0000,2862.8000,2862.6000,2865.8000,2866.0000,2866.2000,2866.6000,2866.8000,1,2,1,5,1,1,2,1,8,6
SF,IH2006,2020-03-09 09:33:38.900,2866.0000,15049,1,754378740.000,1,1,0,双开,S,2864.0000,2863.8000,2863.0000,2862.8000,2862.6000,2866.0000,2866.2000,2866.6000,2866.8000,2868.2000,2,1,1,5,1,1,1,8,6,3
SF,IH2006,2020-03-09 09:33:39.400,2866.0000,15049,0,754378740.000,0,-,-,-,-,2864.0000,2863.8000,2863.0000,2862.8000,2862.6000,2866.0000,2866.2000,2866.6000,2866.8000,2868.2000,2,1,1,5,1,1,1,8,6,3
SF,IH2006,2020-03-09 09:33:39.900,2866.0000,15049,0,754378740.000,0,-,-,-,-,2865.8000,2864.0000,2863.0000,2862.8000,2862.6000,2866.0000,2866.2000,2866.6000,2866.8000,2868.2000,1,2,1,5,1,1,1,8,6,3
SF,IH2006,2020-03-09 09:33:40.400,2865.8000,15049,0,755238480.000,1,0,1,多换,S,2864.0000,2863.0000,2862.8000,2862.6000,2862.0000,2866.0000,2866.2000,2866.6000,2866.8000,2868.2000,2,1,5,1,9,1,1,8,6,3
SF,IH2006,2020-03-09 09:33:40.900,2865.8000,15049,0,755238480.000,0,-,-,-,-,2864.4000,2864.2000,2864.0000,2863.0000,2862.8000,2866.2000,2866.6000,2866.8000,2868.2000,2868.4000,1,1,3,1,6,1,8,6,3,1
SF,IH2006,2020-03-09 09:33:41.400,2865.8000,15049,0,755238480.000,0,-,-,-,-,2864.4000,2864.2000,2864.0000,2863.0000,2862.8000,2866.2000,2866.6000,2866.8000,2868.2000,2868.4000,1,1,3,1,6,1,8,6,3,1
SF,IH2006,2020-03-09 09:33:41.900,2866.2000,15048,-1,756958140.000,2,0,2,多平,S,2866.0000,2865.2000,2864.6000,2864.4000,2864.2000,2866.6000,2866.8000,2868.2000,2868.4000,2872.8000,1,1,1,3,1,8,6,3,1,11
SF,IH2006,2020-03-09 09:33:42.400,2866.0000,15048,0,757817940.000,1,0,1,多换,S,2865.0000,2864.6000,2864.4000,2864.2000,2864.0000,2866.6000,2866.8000,2868.2000,2868.4000,2872.8000,1,1,3,1,1,8,6,3,1,11
SF,IH2006,2020-03-09 09:33:42.900,2866.0000,15048,0,757817940.000,0,-,-,-,-,2865.2000,2865.0000,2864.6000,2864.4000,2864.0000,2866.6000,2866.8000,2868.2000,2868.4000,2872.8000,2,1,1,3,1,8,6,3,1,11
SF,IH2006,2020-03-09 09:33:43.400,2866.6000,15048,0,758677920.000,1,0,1,多换,S,2865.2000,2865.0000,2864.6000,2864.4000,2864.0000,2866.6000,2866.8000,2868.2000,2868.4000,2872.8000,3,1,1,2,1,7,6,3,1,11
SF,IH2006,2020-03-09 09:33:43.900,2865.2000,15044,-4,768135360.000,11,3,8,多平,S,2865.2000,2865.0000,2864.6000,2864.4000,2864.0000,2866.6000,2866.8000,2868.2000,2868.4000,2872.8000,1,1,1,2,1,2,6,3,1,11
SF,IH2006,2020-03-09 09:33:44.400,2865.4000,15043,-1,771574740.000,4,1,3,多平,S,2865.0000,2864.6000,2864.4000,2864.0000,2862.8000,2866.8000,2868.2000,2868.4000,2872.8000,2874.2000,1,1,2,2,6,6,3,1,11,1
SF,IH2006,2020-03-09 09:33:44.900,2865.4000,15043,0,771574740.000,0,-,-,-,-,2865.8000,2865.6000,2865.2000,2865.0000,2864.4000,2866.8000,2868.2000,2868.4000,2872.8000,2874.2000,1,1,6,3,1,6,3,1,11,1
SF,IH2006,2020-03-09 09:33:45.400,2865.4000,15043,0,771574740.000,0,-,-,-,-,2865.2000,2865.0000,2864.4000,2864.0000,2862.8000,2866.8000,2868.2000,2868.4000,2872.8000,2874.2000,5,2,1,2,6,6,3,1,11,1
SF,IH2006,2020-03-09 09:33:45.900,2865.4000,15043,0,772434360.000,1,0,1,多换,S,2866.6000,2865.6000,2865.2000,2865.0000,2864.4000,2866.8000,2868.2000,2868.4000,2872.8000,2874.2000,1,1,5,2,1,6,3,1,11,1
SF,IH2006,2020-03-09 09:33:46.400,2866.6000,15042,-1,775014420.000,3,1,2,多平,S,2865.2000,2865.0000,2864.4000,2864.0000,2863.6000,2866.6000,2866.8000,2868.2000,2868.4000,2872.8000,2,2,1,2,1,2,4,3,1,11
SF,IH2006,2020-03-09 09:33:46.900,2866.8000,15042,0,775874460.000,1,0,1,多换,S,2865.8000,2865.6000,2865.4000,2865.2000,2865.0000,2866.8000,2868.2000,2868.4000,2872.8000,2874.2000,1,3,1,2,2,3,3,1,11,1
SF,IH2006,2020-03-09 09:33:47.400,2866.8000,15044,2,777594540.000,2,2,0,双开,S,2866.2000,2866.0000,2865.6000,2865.4000,2865.2000,2866.8000,2868.2000,2868.4000,2872.8000,2874.2000,1,1,1,1,2,1,3,1,6,1
SF,IH2006,2020-03-09 09:33:47.900,2866.8000,15044,0,777594540.000,0,-,-,-,-,2865.4000,2865.2000,2865.0000,2864.4000,2864.0000,2866.8000,2868.2000,2868.4000,2872.8000,2874.2000,1,2,2,1,2,1,3,1,6,1
SF,IH2006,2020-03-09 09:33:48.400,2866.8000,15044,0,777594540.000,0,-,-,-,-,2865.8000,2865.6000,2865.4000,2865.2000,2865.0000,2866.8000,2868.2000,2868.4000,2872.8000,2874.2000,3,4,1,2,3,1,3,1,6,1
SF,IH2006,2020-03-09 09:33:48.900,2866.8000,15043,-1,778454580.000,1,0,1,双平,S,2866.4000,2866.0000,2865.8000,2865.6000,2865.4000,2868.2000,2868.4000,2872.8000,2874.2000,2876.6000,1,6,4,1,1,3,1,6,1,5
SF,IH2006,2020-03-09 09:33:49.400,2866.8000,15043,0,778454580.000,0,-,-,-,-,2866.8000,2866.6000,2866.0000,2865.8000,2865.6000,2868.2000,2868.4000,2872.8000,2874.2000,2876.6000,1,1,4,4,1,3,1,6,1,5
SF,IH2006,2020-03-09 09:33:49.900,2866.8000,15043,0,778454580.000,0,-,-,-,-,2867.2000,2866.8000,2866.6000,2866.0000,2865.8000,2868.2000,2868.4000,2872.8000,2874.2000,2876.6000,1,1,1,4,3,3,1,6,1,5
SF,IH2006,2020-03-09 09:33:50.400,2866.8000,15043,0,778454580.000,0,-,-,-,-,2866.8000,2866.6000,2866.0000,2865.8000,2865.6000,2868.0000,2868.2000,2868.4000,2872.8000,2874.2000,2,1,4,2,1,2,3,1,6,1
SF,IH2006,2020-03-09 09:33:50.900,2866.8000,15043,0,778454580.000,0,-,-,-,-,2867.0000,2866.8000,2866.6000,2866.0000,2865.8000,2868.0000,2868.2000,2868.4000,2872.8000,2874.2000,1,2,1,4,2,2,3,1,6,1
SF,IH2006,2020-03-09 09:33:51.400,2866.8000,15043,0,778454580.000,0,-,-,-,-,2867.6000,2867.4000,2867.2000,2867.0000,2866.8000,2868.2000,2868.4000,2872.8000,2874.2000,2876.6000,1,2,2,1,2,3,1,6,1,5
SF,IH2006,2020-03-09 09:33:51.900,2868.2000,15042,-1,779315040.000,1,0,1,双平,S,2868.0000,2867.4000,2867.2000,2867.0000,2866.8000,2868.2000,2868.4000,2872.8000,2874.2000,2876.6000,1,1,2,1,2,2,1,6,1,5
SF,IH2006,2020-03-09 09:33:52.400,2868.4000,15040,-2,781896480.000,3,0,3,多平,S,2868.2000,2868.0000,2867.4000,2867.2000,2867.0000,2872.8000,2874.2000,2876.6000,2877.8000,2878.8000,1,1,1,2,1,6,1,5,3,5
SF,IH2006,2020-03-09 09:33:52.900,2868.4000,15040,0,781896480.000,0,-,-,-,-,2868.4000,2868.0000,2867.4000,2867.0000,2866.8000,2871.0000,2871.2000,2871.4000,2872.0000,2872.6000,1,1,1,1,2,1,1,1,1,7
SF,IH2006,2020-03-09 09:33:53.400,2868.4000,15040,0,781896480.000,0,-,-,-,-,2868.4000,2868.0000,2867.4000,2867.0000,2866.8000,2870.8000,2871.4000,2872.6000,2872.8000,2874.2000,1,1,1,1,2,2,1,5,7,1
SF,IH2006,2020-03-09 09:33:53.900,2868.4000,15040,0,781896480.000,0,-,-,-,-,2868.8000,2868.6000,2868.4000,2868.0000,2866.8000,2871.4000,2872.6000,2872.8000,2874.2000,2876.6000,1,4,1,2,2,1,2,7,1,5
SF,IH2006,2020-03-09 09:33:54.400,2871.4000,15041,1,782757900.000,1,1,0,双开,S,2869.0000,2868.8000,2868.6000,2868.0000,2866.8000,2871.2000,2872.6000,2872.8000,2874.2000,2876.6000,2,1,2,3,2,1,2,7,1,5
SF,IH2006,2020-03-09 09:33:54.900,2871.4000,15041,0,782757900.000,0,-,-,-,-,2871.2000,2869.6000,2869.2000,2869.0000,2868.0000,2872.8000,2874.2000,2876.6000,2877.8000,2878.8000,1,2,8,2,3,7,1,5,3,5
SF,IH2006,2020-03-09 09:33:55.400,2871.2000,15041,0,784480620.000,2,1,1,多换,S,2869.2000,2869.0000,2868.0000,2866.8000,2866.0000,2872.0000,2872.4000,2872.6000,2872.8000,2874.2000,6,2,3,1,1,3,2,4,7,1
SF,IH2006,2020-03-09 09:33:55.900,2872.8000,15041,0,785342460.000,1,0,1,多换,S,2870.0000,2869.6000,2869.4000,2869.2000,2868.0000,2872.8000,2874.2000,2876.6000,2877.8000,2878.8000,1,6,3,6,2,6,1,5,3,5
SF,IH2006,2020-03-09 09:33:56.400,2872.8000,15041,0,785342460.000,0,-,-,-,-,2870.2000,2869.6000,2869.4000,2869.2000,2868.0000,2872.4000,2872.6000,2872.8000,2874.2000,2876.6000,1,1,2,5,2,2,5,6,1,5
SF,IH2006,2020-03-09 09:33:56.900,2872.8000,15041,0,785342460.000,0,-,-,-,-,2872.4000,2871.2000,2870.4000,2870.2000,2870.0000,2872.6000,2872.8000,2874.2000,2877.8000,2878.8000,1,1,3,1,1,3,5,1,3,5
SF,IH2006,2020-03-09 09:33:57.400,2872.4000,15040,-1,787065900.000,2,0,2,多平,S,2871.2000,2870.2000,2869.6000,2869.2000,2868.0000,2872.4000,2872.6000,2872.8000,2874.2000,2877.8000,1,1,1,4,2,3,3,5,1,3
SF,IH2006,2020-03-09 09:33:57.900,2872.4000,15039,-1,788789340.000,2,0,2,多平,S,2871.2000,2870.2000,2869.6000,2869.2000,2868.0000,2872.4000,2872.8000,2874.2000,2877.8000,2878.8000,1,1,1,4,2,3,5,1,3,5
SF,IH2006,2020-03-09 09:33:58.400,2872.4000,15039,0,788789340.000,0,-,-,-,-,2871.2000,2870.2000,2870.0000,2869.6000,2869.2000,2872.4000,2872.8000,2874.2000,2877.8000,2878.8000,1,1,1,1,4,3,5,1,3,5
SF,IH2006,2020-03-09 09:33:58.900,2872.4000,15040,1,789651060.000,1,1,0,双开,S,2871.2000,2871.0000,2870.2000,2870.0000,2869.6000,2872.4000,2872.8000,2874.2000,2877.8000,2878.8000,1,1,1,1,1,2,5,1,3,5
SF,IH2006,2020-03-09 09:33:59.900,2872.4000,15040,0,789651060.000,0,-,-,-,-,2871.2000,2871.0000,2870.2000,2870.0000,2869.6000,2872.4000,2872.8000,2874.2000,2877.8000,2878.8000,1,1,1,1,1,2,5,1,3,5
SF,IH2006,2020-03-09 09:34:00.400,2872.4000,15040,0,789651060.000,0,-,-,-,-,2871.4000,2871.2000,2871.0000,2870.2000,2870.0000,2872.4000,2872.8000,2874.2000,2877.8000,2878.8000,3,1,1,1,1,2,5,1,3,5
SF,IH2006,2020-03-09 09:34:00.900,2872.4000,15040,0,789651060.000,0,-,-,-,-,2872.4000,2871.4000,2871.2000,2871.0000,2870.2000,2872.8000,2874.2000,2877.8000,2878.8000,2879.0000,1,3,1,1,1,4,1,3,5,1
SF,IH2006,2020-03-09 09:34:01.400,2871.2000,15040,0,791374140.000,2,1,1,多换,S,2871.0000,2870.2000,2870.0000,2869.6000,2869.2000,2872.8000,2874.2000,2877.8000,2878.8000,2879.0000,1,1,1,1,4,4,1,3,5,1
SF,IH2006,2020-03-09 09:34:01.900,2872.8000,15041,1,792235980.000,1,1,0,双开,S,2872.4000,2871.2000,2871.0000,2870.0000,2869.2000,2872.8000,2874.2000,2877.8000,2878.8000,2879.0000,1,1,1,1,4,3,1,3,5,1
SF,IH2006,2020-03-09 09:34:02.400,2872.4000,15038,-3,795682860.000,4,0,4,多平,S,2871.2000,2871.0000,2870.0000,2869.2000,2868.0000,2872.8000,2874.2000,2877.8000,2878.8000,2879.0000,1,1,1,4,2,3,1,3,5,1
SF,IH2006,2020-03-09 09:34:02.900,2871.2000,15040,2,797405640.000,2,2,0,双开,S,2871.0000,2870.0000,2869.2000,2868.0000,2866.0000,2872.6000,2872.8000,2874.2000,2877.8000,2878.8000,1,1,4,2,1,2,3,1,3,5
SF,IH2006,2020-03-09 09:34:03.400,2871.2000,15040,0,797405640.000,0,-,-,-,-,2871.0000,2869.2000,2868.0000,2866.0000,2865.8000,2872.4000,2872.8000,2874.2000,2877.8000,2878.8000,1,4,2,1,1,1,4,1,3,5
SF,IH2006,2020-03-09 09:34:03.900,2872.2000,15041,1,799128600.000,2,1,1,空开,S,2869.2000,2868.0000,2866.0000,2865.8000,2865.0000,2872.2000,2872.4000,2872.8000,2874.2000,2877.8000,4,2,1,1,4,1,1,4,1,3
SF,IH2006,2020-03-09 09:34:04.400,2872.2000,15042,1,799990260.000,1,1,0,双开,S,2870.0000,2869.6000,2869.4000,2869.2000,2868.0000,2872.2000,2872.4000,2872.8000,2874.2000,2877.8000,1,7,3,4,2,1,1,4,1,3
SF,IH2006,2020-03-09 09:34:04.900,2872.2000,15043,1,801713040.000,2,1,1,空开,S,2870.2000,2870.0000,2869.6000,2869.2000,2868.0000,2872.4000,2872.8000,2874.2000,2877.8000,2878.8000,3,2,5,4,2,1,4,1,3,5
SF,IH2006,2020-03-09 09:34:05.400,2872.2000,15043,0,801713040.000,0,-,-,-,-,2872.2000,2870.2000,2869.6000,2869.2000,2868.0000,2872.4000,2872.8000,2874.2000,2877.8000,2878.8000,1,1,3,4,2,1,4,1,3,5
SF,IH2006,2020-03-09 09:34:05.900,2872.2000,15042,-1,802574700.000,1,0,1,双平,S,2870.2000,2869.6000,2869.2000,2868.0000,2866.0000,2872.0000,2872.2000,2872.8000,2874.2000,2877.8000,1,3,4,2,1,1,2,4,1,3
SF,IH2006,2020-03-09 09:34:06.400,2872.2000,15042,0,806020200.000,4,2,2,多换,S,2870.4000,2870.2000,2870.0000,2869.6000,2869.2000,2872.2000,2872.8000,2874.2000,2877.8000,2878.8000,1,1,2,3,4,1,4,1,3,5
SF,IH2006,2020-03-09 09:34:06.900,2872.2000,15042,0,806020200.000,0,-,-,-,-,2870.6000,2870.4000,2870.0000,2869.6000,2869.2000,2872.0000,2872.2000,2872.8000,2874.2000,2877.8000,1,1,1,3,4,1,1,4,1,3
SF,IH2006,2020-03-09 09:34:07.400,2872.0000,15042,0,806881800.000,1,0,1,多换,S,2872.4000,2872.0000,2870.6000,2870.4000,2870.0000,2872.8000,2874.2000,2877.8000,2878.8000,2879.0000,1,2,1,1,1,4,1,3,5,1
SF,IH2006,2020-03-09 09:34:07.900,2872.8000,15043,1,810328980.000,4,2,2,空开,S,2872.4000,2872.0000,2871.2000,2870.6000,2870.4000,2874.2000,2877.8000,2878.8000,2879.0000,2879.2000,1,2,1,1,2,1,3,5,1,1
SF,IH2006,2020-03-09 09:34:08.400,2872.8000,15043,0,810328980.000,0,-,-,-,-,2872.6000,2872.4000,2872.0000,2871.2000,2870.4000,2873.8000,2874.0000,2874.2000,2877.8000,2878.8000,2,1,2,1,2,1,3,2,3,5
SF,IH2006,2020-03-09 09:34:08.900,2874.0000,15043,0,811191180.000,1,0,1,多换,S,2872.8000,2872.6000,2872.4000,2872.0000,2870.4000,2874.0000,2874.2000,2877.8000,2878.8000,2879.0000,2,2,1,2,2,1,2,3,5,1
SF,IH2006,2020-03-09 09:34:09.400,2874.0000,15043,0,811191180.000,0,-,-,-,-,2873.0000,2872.6000,2872.4000,2872.0000,2870.4000,2874.0000,2874.2000,2877.8000,2878.8000,2879.0000,2,2,1,2,2,2,2,3,5,1
SF,IH2006,2020-03-09 09:34:09.900,2874.0000,15043,0,811191180.000,0,-,-,-,-,2873.2000,2872.6000,2872.4000,2872.0000,2870.4000,2874.0000,2874.2000,2877.8000,2878.8000,2879.0000,1,1,1,2,2,3,2,3,5,1
SF,IH2006,2020-03-09 09:34:10.400,2874.0000,15043,0,811191180.000,0,-,-,-,-,2873.6000,2872.4000,2872.0000,2870.4000,2870.0000,2874.0000,2874.2000,2877.8000,2878.8000,2879.0000,1,1,2,2,1,1,2,3,5,1
SF,IH2006,2020-03-09 09:34:10.900,2874.0000,15041,-2,812915460.000,2,0,2,双平,S,2874.0000,2872.4000,2872.0000,2870.4000,2870.0000,2874.2000,2877.8000,2878.8000,2879.0000,2879.2000,1,1,2,2,1,1,3,5,1,1
SF,IH2006,2020-03-09 09:34:11.400,2874.0000,15041,0,813777660.000,1,0,1,多换,S,2872.4000,2872.0000,2871.2000,2870.4000,2870.0000,2874.2000,2877.8000,2878.8000,2879.0000,2879.2000,1,2,1,2,1,1,3,5,1,1
SF,IH2006,2020-03-09 09:34:11.900,2874.2000,15040,-1,814639920.000,1,0,1,双平,S,2873.0000,2872.8000,2872.6000,2872.4000,2872.0000,2877.8000,2878.8000,2879.0000,2879.2000,2880.2000,2,2,7,1,2,3,5,1,1,1
SF,IH2006,2020-03-09 09:34:12.400,2874.2000,15040,0,814639920.000,0,-,-,-,-,2873.2000,2873.0000,2872.8000,2872.6000,2872.4000,2875.6000,2875.8000,2876.0000,2876.4000,2877.0000,4,3,3,2,1,1,1,1,1,1
SF,IH2006,2020-03-09 09:34:12.900,2874.2000,15040,0,814639920.000,0,-,-,-,-,2874.2000,2873.4000,2873.2000,2873.0000,2872.8000,2875.6000,2876.0000,2876.4000,2877.6000,2877.8000,1,2,2,2,3,2,1,1,5,3
SF,IH2006,2020-03-09 09:34:13.400,2874.2000,15040,0,814639920.000,0,-,-,-,-,2874.2000,2874.0000,2873.2000,2873.0000,2872.8000,2875.4000,2875.6000,2876.4000,2877.4000,2877.6000,1,1,2,2,3,1,1,1,1,5
SF,IH2006,2020-03-09 09:34:13.900,2875.4000,15041,1,815502540.000,1,1,0,双开,S,2874.4000,2874.2000,2874.0000,2873.2000,2873.0000,2876.4000,2877.4000,2877.6000,2877.8000,2878.8000,4,1,1,2,2,1,1,3,3,5
