市场代码,合约代码,时间,最新,持仓,增仓,成交额,成交量,开仓,平仓,成交类型,方向,买一价,买二价,买三价,买四价,买五价,卖一价,卖二价,卖三价,卖四价,卖五价,买一量,买二量,买三量,买四量,买五量,卖一量,卖二量,卖三量,卖四量,卖五量
SF,IH2007,2020-07-17 09:29:00.100,3179.2000,18706,0,151647840.000,159.000,-,-,-,-,3179.0000,3178.0000,3177.4000,3176.6000,3175.4000,3179.6000,3180.0000,3182.0000,3183.0000,3184.0000,1,1,5,1,5,1,5,2,2,9
SF,IH2007,2020-07-17 09:30:00.100,3181.4000,18695,-11,167869920.000,17,3,14,多平,S,3181.4000,3180.2000,3180.0000,3179.4000,3179.2000,3183.0000,3184.0000,3185.0000,3185.6000,3185.8000,3,2,1,3,1,1,9,3,1,2
SF,IH2007,2020-07-17 09:30:00.600,3183.0000,18660,-35,203195760.000,37,1,36,多平,S,3181.6000,3181.4000,3180.0000,3179.6000,3179.4000,3184.0000,3185.0000,3185.6000,3185.8000,3186.0000,1,14,2,8,2,14,3,1,1,1
SF,IH2007,2020-07-17 09:30:01.100,3186.0000,18644,-16,227076480.000,25,4,21,多平,S,3183.0000,3182.8000,3181.8000,3181.6000,3181.4000,3186.4000,3187.6000,3188.0000,3188.2000,3190.0000,8,1,5,5,3,11,1,2,1,9
SF,IH2007,2020-07-17 09:30:01.600,3183.2000,18628,-16,242364420.000,16,0,16,双平,S,3183.2000,3183.0000,3182.8000,3181.6000,3181.4000,3186.0000,3186.2000,3186.4000,3187.0000,3187.6000,4,10,1,6,3,2,1,11,2,1
SF,IH2007,2020-07-17 09:30:02.100,3186.0000,18621,-7,249054120.000,7,0,7,双平,S,3183.4000,3183.2000,3183.0000,3182.8000,3181.6000,3186.4000,3187.0000,3187.6000,3188.0000,3188.2000,1,3,10,1,6,11,2,1,2,1
SF,IH2007,2020-07-17 09:30:02.600,3183.6000,18613,-8,256699620.000,8,0,8,双平,S,3183.6000,3183.4000,3183.0000,3182.8000,3181.6000,3186.0000,3186.4000,3187.0000,3187.6000,3188.0000,6,7,11,1,2,1,8,2,1,2
SF,IH2007,2020-07-17 09:30:03.100,3183.6000,18605,-8,264340260.000,8,0,8,双平,S,3183.6000,3183.4000,3183.0000,3182.8000,3181.6000,3185.8000,3186.0000,3186.2000,3186.4000,3187.0000,8,2,11,1,2,5,1,1,8,2
SF,IH2007,2020-07-17 09:30:03.600,3183.6000,18598,-7,271026420.000,7,0,7,双平,S,3183.6000,3183.4000,3183.2000,3183.0000,3182.8000,3185.6000,3185.8000,3186.4000,3187.0000,3187.6000,2,2,1,11,1,5,6,8,2,1
SF,IH2007,2020-07-17 09:30:04.100,3183.6000,18595,-3,273891660.000,3,0,3,双平,S,3183.6000,3183.4000,3183.2000,3183.0000,3182.8000,3185.4000,3185.6000,3186.0000,3186.4000,3187.0000,3,2,1,11,1,2,5,1,8,2
SF,IH2007,2020-07-17 09:30:04.600,3183.6000,18591,-4,277712460.000,4,0,4,双平,S,3183.6000,3183.4000,3183.2000,3183.0000,3182.8000,3185.2000,3185.4000,3185.6000,3186.0000,3186.4000,1,2,1,11,1,3,2,1,1,9
SF,IH2007,2020-07-17 09:30:05.100,3184.4000,18587,-4,283445640.000,6,1,5,多平,S,3183.6000,3183.4000,3183.2000,3183.0000,3182.8000,3185.0000,3185.4000,3185.6000,3185.8000,3186.0000,5,2,1,11,1,1,1,1,2,1
SF,IH2007,2020-07-17 09:30:05.600,3185.6000,18581,-6,289179420.000,6,0,6,双平,S,3185.6000,3185.2000,3185.0000,3184.4000,3183.6000,3185.8000,3186.0000,3186.4000,3187.0000,3187.6000,1,5,1,1,14,1,1,9,2,1
SF,IH2007,2020-07-17 09:30:06.100,3183.6000,18574,-7,295867440.000,7,0,7,双平,S,3183.6000,3183.4000,3183.0000,3182.8000,3181.6000,3186.0000,3186.4000,3187.0000,3187.6000,3188.0000,5,1,11,1,2,1,9,2,1,2
SF,IH2007,2020-07-17 09:30:06.600,3186.0000,18568,-6,301601640.000,6,0,6,双平,S,3186.2000,3185.8000,3183.8000,3183.6000,3183.4000,3186.4000,3187.0000,3187.6000,3188.0000,3188.2000,3,1,1,5,1,9,2,1,2,1
SF,IH2007,2020-07-17 09:30:07.100,3186.4000,18563,-5,307336860.000,6,0,6,多平,S,3186.0000,3185.8000,3183.8000,3183.6000,3183.0000,3186.4000,3187.0000,3187.6000,3188.0000,3188.2000,1,1,5,5,11,6,2,1,2,1
SF,IH2007,2020-07-17 09:30:07.600,3186.0000,18552,-11,319762500.000,13,1,12,多平,S,3185.8000,3183.8000,3183.6000,3183.0000,3182.8000,3186.0000,3186.4000,3187.0000,3187.6000,3188.0000,1,5,5,11,1,2,6,2,1,2
SF,IH2007,2020-07-17 09:30:08.100,3186.0000,18543,-9,328365120.000,9,0,9,双平,S,3186.2000,3186.0000,3184.0000,3183.8000,3183.6000,3186.4000,3187.0000,3187.6000,3188.0000,3188.2000,2,1,3,5,5,2,2,1,2,1
SF,IH2007,2020-07-17 09:30:08.600,3186.0000,18542,-1,330276720.000,2,0,2,多平,S,3184.0000,3183.8000,3183.6000,3183.0000,3182.8000,3186.0000,3186.2000,3186.4000,3187.0000,3187.6000,3,5,5,11,1,1,1,2,2,1
SF,IH2007,2020-07-17 09:30:09.100,3186.0000,18539,-3,333144120.000,3,0,3,双平,S,3184.0000,3183.8000,3183.6000,3183.0000,3182.8000,3185.8000,3186.0000,3186.2000,3186.4000,3187.0000,3,4,5,11,1,2,1,1,2,2
SF,IH2007,2020-07-17 09:30:09.600,3186.0000,18536,-3,336967080.000,4,0,4,多平,S,3186.0000,3184.2000,3184.0000,3183.6000,3183.0000,3186.2000,3186.4000,3187.0000,3187.6000,3188.0000,3,5,10,5,7,1,2,2,2,2
SF,IH2007,2020-07-17 09:30:10.100,3186.4000,18527,-9,345569580.000,9,0,9,双平,S,3186.4000,3184.2000,3184.0000,3183.6000,3183.0000,3187.0000,3187.6000,3188.0000,3188.2000,3189.0000,2,1,8,5,7,2,2,2,1,3
SF,IH2007,2020-07-17 09:30:10.600,3184.0000,18519,-8,355126980.000,10,1,9,多平,S,3184.0000,3183.6000,3183.0000,3182.8000,3181.6000,3186.4000,3186.8000,3187.0000,3187.6000,3188.0000,6,5,7,1,2,1,2,2,2,2
SF,IH2007,2020-07-17 09:30:11.100,3184.2000,18513,-6,362770500.000,8,1,7,多平,S,3184.2000,3184.0000,3183.6000,3183.0000,3181.4000,3186.8000,3187.0000,3187.6000,3188.0000,3188.2000,1,9,5,7,2,1,2,2,2,1
SF,IH2007,2020-07-17 09:30:11.600,3186.6000,18504,-9,371373180.000,9,0,9,双平,S,3184.4000,3184.2000,3184.0000,3183.8000,3183.6000,3187.0000,3187.6000,3188.0000,3188.2000,3189.0000,6,2,8,4,5,1,2,2,1,3
SF,IH2007,2020-07-17 09:30:12.100,3187.0000,18501,-3,375197940.000,4,0,4,多平,S,3185.4000,3184.6000,3184.4000,3184.2000,3184.0000,3186.8000,3188.0000,3188.2000,3189.0000,3190.0000,1,4,6,1,7,2,2,1,3,3
SF,IH2007,2020-07-17 09:30:12.600,3186.0000,18499,-2,378065100.000,3,0,3,多平,S,3185.6000,3185.4000,3184.8000,3184.6000,3184.4000,3186.8000,3187.8000,3188.0000,3188.2000,3189.0000,1,1,1,3,5,2,3,2,1,3
SF,IH2007,2020-07-17 09:30:13.100,3186.4000,18498,-1,379977000.000,2,0,2,多平,S,3185.8000,3185.4000,3184.8000,3184.6000,3184.4000,3186.0000,3186.6000,3186.8000,3187.8000,3188.0000,1,2,1,3,4,1,1,2,3,2
SF,IH2007,2020-07-17 09:30:13.600,3186.0000,18494,-4,384755760.000,5,0,5,多平,S,3185.4000,3184.6000,3184.4000,3184.2000,3184.0000,3186.6000,3187.8000,3188.0000,3188.2000,3189.0000,1,1,4,1,7,1,3,2,1,3
SF,IH2007,2020-07-17 09:30:14.100,3187.8000,18491,-3,387624420.000,3,0,3,双平,S,3186.0000,3185.6000,3185.4000,3184.8000,3184.6000,3187.8000,3188.0000,3188.2000,3189.0000,3190.0000,3,2,1,1,1,1,2,1,3,3
SF,IH2007,2020-07-17 09:30:14.600,3187.8000,18491,0,387624420.000,0,-,-,-,-,3186.8000,3186.2000,3186.0000,3185.6000,3185.4000,3187.6000,3187.8000,3188.0000,3188.2000,3189.0000,2,3,4,3,1,5,1,2,1,3
SF,IH2007,2020-07-17 09:30:15.100,3187.0000,18488,-3,390492720.000,3,0,3,双平,S,3186.8000,3186.6000,3186.2000,3186.0000,3185.6000,3188.0000,3188.2000,3189.0000,3190.0000,3190.8000,1,1,1,2,3,2,1,3,3,1
SF,IH2007,2020-07-17 09:30:15.600,3186.8000,18484,-4,395273760.000,5,0,5,多平,S,3186.6000,3186.2000,3186.0000,3185.6000,3184.8000,3187.6000,3188.2000,3189.0000,3190.0000,3190.8000,11,1,4,3,1,1,1,3,3,1
SF,IH2007,2020-07-17 09:30:16.100,3186.8000,18483,-1,396229800.000,1,0,1,双平,S,3186.8000,3186.6000,3186.2000,3186.0000,3184.8000,3187.6000,3188.2000,3189.0000,3190.0000,3190.8000,2,11,1,4,1,1,1,3,3,1
SF,IH2007,2020-07-17 09:30:16.600,3187.6000,18473,-10,408659220.000,13,1,12,多平,S,3186.8000,3186.6000,3186.2000,3186.0000,3185.0000,3187.6000,3188.2000,3189.0000,3190.0000,3190.8000,3,7,1,4,1,3,1,3,3,1
SF,IH2007,2020-07-17 09:30:17.100,3187.6000,18470,-3,411527760.000,3,0,3,双平,S,3187.2000,3187.0000,3186.8000,3186.6000,3186.0000,3187.6000,3188.2000,3189.0000,3190.0000,3190.8000,1,1,2,7,4,2,1,3,3,1
SF,IH2007,2020-07-17 09:30:17.600,3187.2000,18456,-14,424913940.000,14,0,14,双平,S,3186.8000,3186.6000,3186.0000,3185.8000,3185.0000,3187.2000,3188.2000,3189.0000,3190.0000,3190.8000,2,7,4,1,1,1,1,3,3,1
SF,IH2007,2020-07-17 09:30:18.100,3187.0000,18453,-3,430650480.000,6,1,5,多平,S,3187.0000,3186.6000,3186.0000,3185.8000,3185.0000,3188.2000,3189.0000,3190.0000,3190.8000,3192.0000,1,12,4,1,1,1,3,3,1,5
SF,IH2007,2020-07-17 09:30:18.600,3186.6000,18444,-9,440213760.000,10,0,10,多平,S,3186.6000,3186.0000,3185.8000,3185.0000,3184.8000,3187.0000,3187.2000,3188.0000,3188.2000,3188.8000,11,3,1,1,1,1,2,2,1,3
SF,IH2007,2020-07-17 09:30:19.100,3187.0000,18436,-8,454554000.000,15,3,12,多平,S,3186.6000,3186.0000,3185.8000,3185.0000,3184.8000,3187.2000,3187.4000,3188.2000,3188.8000,3189.0000,2,3,1,1,1,1,1,1,3,3
SF,IH2007,2020-07-17 09:30:19.600,3187.2000,18435,-1,455510160.000,1,0,1,双平,S,3186.6000,3186.0000,3185.8000,3185.0000,3184.8000,3187.4000,3188.2000,3188.8000,3189.0000,3190.0000,2,3,1,1,1,1,1,3,3,3
SF,IH2007,2020-07-17 09:30:20.100,3187.0000,18431,-4,459335040.000,4,0,4,双平,S,3186.6000,3186.0000,3185.8000,3185.0000,3184.8000,3187.2000,3188.8000,3189.0000,3190.0000,3190.8000,2,3,1,1,1,1,8,3,3,1
SF,IH2007,2020-07-17 09:30:20.600,3186.8000,18419,-12,470807700.000,12,0,12,双平,S,3186.8000,3186.6000,3186.0000,3185.8000,3185.0000,3187.0000,3188.8000,3189.0000,3190.0000,3190.8000,2,2,3,1,1,3,8,3,3,1
SF,IH2007,2020-07-17 09:30:21.100,3186.6000,18413,-6,476543940.000,6,0,6,双平,S,3186.0000,3185.8000,3185.0000,3184.8000,3183.6000,3186.4000,3186.8000,3187.0000,3188.8000,3189.0000,3,3,1,1,1,1,5,1,8,3
SF,IH2007,2020-07-17 09:30:21.600,3186.0000,18412,-1,479411340.000,3,1,2,多平,S,3185.8000,3185.0000,3184.8000,3183.6000,3183.0000,3186.0000,3186.4000,3186.8000,3188.8000,3189.0000,3,1,1,1,7,2,2,7,8,3
SF,IH2007,2020-07-17 09:30:22.100,3185.8000,18402,-10,490880880.000,12,1,11,多平,S,3183.6000,3183.0000,3181.4000,3180.0000,3179.6000,3185.8000,3186.8000,3187.6000,3188.8000,3189.0000,1,7,2,1,8,3,2,1,8,3
SF,IH2007,2020-07-17 09:30:22.600,3185.8000,18400,-2,492792360.000,2,0,2,双平,S,3183.8000,3183.6000,3183.0000,3181.4000,3180.0000,3185.6000,3185.8000,3186.8000,3187.0000,3187.6000,6,4,7,2,1,1,4,7,1,1
SF,IH2007,2020-07-17 09:30:23.100,3186.8000,18393,-7,499483140.000,7,0,7,双平,S,3185.6000,3184.0000,3183.8000,3183.6000,3183.0000,3186.8000,3187.0000,3187.6000,3188.8000,3189.0000,2,4,6,1,7,5,1,1,5,4
SF,IH2007,2020-07-17 09:30:23.600,3185.6000,18391,-2,502350240.000,3,0,3,多平,S,3184.0000,3183.8000,3183.6000,3183.0000,3181.4000,3186.8000,3187.0000,3187.6000,3188.8000,3189.0000,7,4,1,7,2,6,1,1,5,4
SF,IH2007,2020-07-17 09:30:24.100,3186.8000,18389,-2,504262260.000,2,0,2,双平,S,3185.8000,3185.0000,3184.8000,3184.4000,3184.2000,3186.4000,3186.6000,3186.8000,3187.0000,3187.6000,13,4,1,3,4,2,3,5,1,1
SF,IH2007,2020-07-17 09:30:24.600,3186.8000,18382,-7,510954240.000,7,0,7,双平,S,3186.0000,3185.8000,3185.0000,3184.8000,3184.4000,3186.8000,3187.0000,3187.6000,3188.8000,3189.0000,2,14,4,2,1,1,1,1,5,4
SF,IH2007,2020-07-17 09:30:25.100,3186.2000,18378,-4,515733720.000,5,0,5,多平,S,3186.2000,3186.0000,3185.8000,3185.0000,3184.8000,3187.0000,3187.6000,3188.8000,3189.0000,3190.0000,3,5,11,4,2,1,1,5,4,3
SF,IH2007,2020-07-17 09:30:25.600,3187.2000,18375,-3,519558120.000,4,0,4,多平,S,3187.2000,3186.4000,3186.2000,3186.0000,3185.8000,3188.8000,3189.0000,3190.0000,3190.8000,3191.6000,2,6,3,2,11,5,4,3,1,1
SF,IH2007,2020-07-17 09:30:26.100,3187.4000,18368,-7,526253700.000,7,0,7,双平,S,3186.8000,3186.6000,3186.4000,3186.2000,3186.0000,3188.8000,3189.0000,3190.0000,3190.8000,3191.6000,2,1,6,3,2,1,4,3,1,1
SF,IH2007,2020-07-17 09:30:26.600,3189.0000,18365,-3,529123740.000,3,0,3,双平,S,3187.0000,3186.8000,3186.4000,3186.0000,3185.8000,3189.0000,3190.0000,3190.8000,3191.6000,3192.0000,8,5,3,2,11,2,3,1,1,5
SF,IH2007,2020-07-17 09:30:27.100,3187.4000,18360,-5,533906160.000,5,0,5,双平,S,3187.2000,3187.0000,3186.8000,3186.4000,3186.0000,3188.0000,3189.0000,3190.0000,3190.8000,3191.6000,1,4,2,3,3,4,1,3,1,1
SF,IH2007,2020-07-17 09:30:27.600,3188.0000,18356,-4,538687680.000,5,0,5,多平,S,3187.4000,3187.2000,3187.0000,3186.8000,3186.4000,3189.0000,3190.0000,3190.8000,3191.6000,3192.0000,2,1,1,2,3,1,3,1,1,5
SF,IH2007,2020-07-17 09:30:28.100,3187.4000,18353,-3,541556340.000,3,0,3,双平,S,3187.2000,3187.0000,3186.8000,3186.6000,3186.4000,3188.6000,3188.8000,3189.0000,3189.8000,3190.0000,1,1,2,1,3,5,1,1,4,3
SF,IH2007,2020-07-17 09:30:28.600,3188.6000,18351,-2,543469440.000,2,0,2,双平,S,3188.0000,3187.6000,3187.2000,3187.0000,3186.8000,3188.6000,3188.8000,3189.0000,3189.8000,3190.0000,1,2,3,1,2,4,1,1,4,3
SF,IH2007,2020-07-17 09:30:29.100,3188.6000,18349,-2,545382600.000,2,0,2,双平,S,3188.6000,3188.2000,3188.0000,3187.6000,3187.2000,3189.0000,3189.8000,3190.0000,3190.8000,3191.6000,1,1,1,2,3,1,4,3,1,1
SF,IH2007,2020-07-17 09:30:29.600,3188.6000,18347,-2,547295880.000,2,0,2,双平,S,3188.2000,3188.0000,3187.2000,3187.0000,3186.8000,3189.8000,3190.0000,3190.8000,3191.6000,3192.0000,1,1,3,1,2,1,3,1,1,5
SF,IH2007,2020-07-17 09:30:30.100,3189.8000,18347,0,548252820.000,1,0,1,多换,S,3189.8000,3188.4000,3188.2000,3188.0000,3187.6000,3190.0000,3190.8000,3191.6000,3192.0000,3193.6000,2,1,1,1,1,3,1,1,5,1
SF,IH2007,2020-07-17 09:30:30.600,3188.4000,18342,-5,553994220.000,6,0,6,多平,S,3188.6000,3188.2000,3188.0000,3187.6000,3187.2000,3190.8000,3191.6000,3192.0000,3193.6000,3194.0000,1,1,1,1,3,1,1,5,1,1
SF,IH2007,2020-07-17 09:30:31.100,3190.6000,18340,-2,555907980.000,2,0,2,双平,S,3189.0000,3188.8000,3188.0000,3187.2000,3187.0000,3190.8000,3191.4000,3191.6000,3192.0000,3193.6000,2,1,1,2,2,3,3,1,5,1
SF,IH2007,2020-07-17 09:30:31.600,3190.8000,18336,-4,559736340.000,4,0,4,双平,S,3189.0000,3188.8000,3188.6000,3188.0000,3187.2000,3191.4000,3191.6000,3192.0000,3193.6000,3194.0000,2,1,2,1,2,3,1,5,1,1
SF,IH2007,2020-07-17 09:30:32.100,3189.2000,18334,-2,561649860.000,2,0,2,双平,S,3189.2000,3189.0000,3188.8000,3188.6000,3188.0000,3189.8000,3191.2000,3191.4000,3191.6000,3192.0000,2,2,1,2,1,1,3,3,1,5
SF,IH2007,2020-07-17 09:30:32.600,3189.2000,18328,-6,568348260.000,7,0,7,多平,S,3189.2000,3189.0000,3188.8000,3188.6000,3188.0000,3191.0000,3191.2000,3191.6000,3192.0000,3193.6000,4,2,1,2,1,3,1,1,5,1
SF,IH2007,2020-07-17 09:30:33.100,3190.2000,18325,-3,571219440.000,3,0,3,双平,S,3189.4000,3189.2000,3189.0000,3188.6000,3188.0000,3190.2000,3190.8000,3191.0000,3191.2000,3191.6000,3,4,2,2,1,2,1,3,1,1
SF,IH2007,2020-07-17 09:30:33.600,3190.2000,18325,0,571219440.000,0,-,-,-,-,3189.6000,3189.4000,3189.2000,3189.0000,3188.6000,3190.0000,3191.0000,3191.2000,3191.6000,3192.0000,1,5,4,2,2,5,2,1,1,5
SF,IH2007,2020-07-17 09:30:34.100,3186.4000,18302,-23,594174780.000,24,0,24,多平,S,3186.2000,3186.0000,3185.8000,3185.0000,3184.0000,3186.4000,3190.0000,3191.2000,3191.6000,3192.0000,1,2,10,4,2,36,5,1,1,5
SF,IH2007,2020-07-17 09:30:34.600,3186.4000,18277,-25,618072780.000,25,0,25,双平,S,3186.2000,3186.0000,3185.8000,3184.0000,3183.0000,3186.4000,3190.0000,3191.6000,3192.0000,3193.6000,2,2,10,2,7,11,5,1,6,1
SF,IH2007,2020-07-17 09:30:35.100,3186.4000,18265,-12,629543760.000,12,0,12,双平,S,3188.4000,3186.8000,3186.6000,3186.4000,3186.2000,3190.0000,3190.2000,3191.6000,3192.0000,3194.0000,1,1,1,1,5,5,1,2,6,1
SF,IH2007,2020-07-17 09:30:35.600,3188.6000,18262,-3,632412840.000,3,0,3,双平,S,3187.0000,3186.8000,3186.4000,3186.2000,3186.0000,3189.6000,3189.8000,3190.0000,3190.2000,3191.6000,3,2,2,2,2,1,7,10,1,2
SF,IH2007,2020-07-17 09:30:36.100,3189.4000,18257,-5,639110580.000,7,1,6,多平,S,3187.6000,3187.0000,3186.8000,3186.4000,3186.2000,3188.4000,3189.4000,3189.6000,3189.8000,3190.0000,1,3,1,3,2,3,1,2,6,5
SF,IH2007,2020-07-17 09:30:36.600,3188.4000,18253,-4,644848920.000,6,1,5,多平,S,3187.8000,3187.0000,3186.4000,3186.2000,3186.0000,3188.4000,3189.4000,3189.6000,3189.8000,3190.0000,2,1,3,4,2,6,2,2,3,5
SF,IH2007,2020-07-17 09:30:37.100,3187.0000,18250,-3,647717700.000,3,0,3,双平,S,3186.4000,3186.2000,3186.0000,3185.8000,3184.0000,3187.6000,3188.2000,3188.4000,3189.4000,3189.6000,3,4,2,10,2,5,4,1,1,2
SF,IH2007,2020-07-17 09:30:37.600,3186.4000,18244,-6,654409380.000,7,0,7,多平,S,3186.2000,3186.0000,3185.8000,3184.0000,3183.0000,3186.4000,3187.4000,3187.8000,3188.2000,3188.4000,7,2,10,2,7,3,3,1,3,1
SF,IH2007,2020-07-17 09:30:38.100,3187.4000,18228,-16,671616360.000,18,1,17,多平,S,3185.8000,3184.0000,3183.8000,3183.0000,3181.2000,3186.2000,3187.8000,3188.0000,3188.2000,3188.4000,10,2,1,7,1,1,1,1,2,1
SF,IH2007,2020-07-17 09:30:38.600,3187.4000,18228,0,671616360.000,0,-,-,-,-,3185.8000,3184.0000,3183.8000,3183.0000,3181.2000,3186.2000,3187.6000,3187.8000,3188.0000,3188.2000,10,2,1,7,1,6,3,2,1,1
SF,IH2007,2020-07-17 09:30:39.100,3185.8000,18227,-1,673527900.000,2,0,2,多平,S,3185.8000,3184.0000,3183.8000,3183.0000,3181.2000,3186.2000,3187.6000,3187.8000,3188.0000,3188.2000,9,2,1,7,1,6,3,2,1,1
SF,IH2007,2020-07-17 09:30:39.600,3187.6000,18232,5,683087700.000,10,7,3,空开,S,3186.2000,3186.0000,3185.8000,3184.0000,3183.8000,3187.8000,3188.0000,3188.2000,3188.4000,3189.2000,1,3,9,2,1,2,1,1,3,1
SF,IH2007,2020-07-17 09:30:40.100,3186.0000,18230,-2,684999360.000,2,0,2,双平,S,3186.2000,3186.0000,3185.8000,3183.8000,3183.0000,3187.6000,3187.8000,3188.0000,3188.2000,3188.4000,1,2,9,1,7,5,2,1,1,3
SF,IH2007,2020-07-17 09:30:40.600,3186.2000,18228,-2,686911080.000,2,0,2,双平,S,3186.0000,3185.8000,3183.8000,3183.0000,3181.2000,3186.2000,3187.6000,3187.8000,3188.0000,3188.2000,6,9,1,7,1,8,5,1,1,1
SF,IH2007,2020-07-17 09:30:41.100,3186.2000,18222,-6,692646240.000,6,0,6,双平,S,3186.0000,3185.8000,3183.8000,3183.0000,3181.2000,3186.2000,3187.4000,3187.6000,3187.8000,3188.0000,6,9,1,7,1,2,1,2,1,1
SF,IH2007,2020-07-17 09:30:41.600,3186.2000,18219,-3,695513820.000,3,0,3,双平,S,3186.4000,3186.2000,3186.0000,3185.8000,3183.8000,3187.4000,3187.6000,3187.8000,3188.0000,3188.2000,2,2,6,9,1,1,2,1,1,1
SF,IH2007,2020-07-17 09:30:42.100,3186.2000,18215,-4,701249760.000,6,1,5,多平,S,3186.2000,3186.0000,3185.8000,3183.8000,3183.6000,3186.4000,3187.2000,3187.4000,3187.6000,3187.8000,1,4,9,1,1,1,1,1,2,1
SF,IH2007,2020-07-17 09:30:42.600,3186.4000,18213,-2,703161600.000,2,0,2,双平,S,3186.4000,3186.0000,3185.8000,3183.8000,3183.6000,3187.2000,3187.4000,3187.6000,3187.8000,3188.0000,3,4,9,1,1,1,1,2,1,1
SF,IH2007,2020-07-17 09:30:43.100,3186.4000,18212,-1,704117520.000,1,0,1,双平,S,3186.0000,3185.8000,3184.8000,3183.8000,3183.6000,3186.4000,3187.0000,3187.2000,3187.4000,3187.6000,4,9,1,1,1,5,1,1,1,2
SF,IH2007,2020-07-17 09:30:43.600,3187.0000,18206,-6,709853220.000,6,0,6,双平,S,3186.4000,3186.2000,3185.8000,3184.8000,3183.8000,3187.2000,3187.4000,3187.6000,3187.8000,3188.2000,1,2,9,1,1,1,3,2,1,1
SF,IH2007,2020-07-17 09:30:44.100,3186.4000,18205,-1,710809140.000,1,0,1,双平,S,3186.4000,3186.2000,3185.8000,3184.8000,3183.8000,3187.2000,3187.4000,3187.6000,3187.8000,3188.2000,2,1,9,1,1,1,3,2,1,1
SF,IH2007,2020-07-17 09:30:44.600,3187.0000,18203,-2,712721340.000,2,0,2,双平,S,3186.4000,3186.2000,3185.8000,3184.8000,3183.8000,3187.2000,3187.4000,3187.6000,3187.8000,3188.2000,2,1,9,1,1,1,3,2,1,1
SF,IH2007,2020-07-17 09:30:45.100,3187.0000,18203,0,712721340.000,0,-,-,-,-,3186.4000,3186.2000,3185.8000,3184.8000,3183.8000,3187.2000,3187.4000,3187.6000,3187.8000,3188.2000,3,1,9,1,1,1,2,2,1,1
SF,IH2007,2020-07-17 09:30:45.600,3187.0000,18201,-2,716545620.000,4,1,3,多平,S,3186.4000,3186.2000,3185.8000,3184.8000,3183.8000,3187.0000,3187.4000,3187.6000,3187.8000,3188.2000,3,1,9,1,1,2,2,2,1,1
SF,IH2007,2020-07-17 09:30:46.100,3188.2000,18193,-8,725151840.000,9,0,9,多平,S,3187.4000,3186.6000,3186.4000,3186.2000,3185.8000,3188.4000,3188.8000,3189.6000,3190.0000,3190.2000,5,1,4,1,9,3,1,1,25,1
SF,IH2007,2020-07-17 09:30:46.600,3187.4000,18189,-4,729934260.000,5,0,5,多平,S,3187.4000,3187.0000,3186.6000,3186.4000,3186.2000,3188.0000,3188.2000,3189.6000,3190.0000,3190.2000,5,4,1,3,1,2,1,1,25,1
SF,IH2007,2020-07-17 09:30:47.100,3187.4000,18185,-4,733759320.000,4,0,4,双平,S,3187.4000,3187.0000,3186.6000,3186.4000,3186.2000,3188.2000,3189.6000,3190.0000,3190.2000,3191.0000,3,4,1,3,1,2,1,25,1,1
SF,IH2007,2020-07-17 09:30:47.600,3188.0000,18180,-5,738540600.000,5,0,5,双平,S,3187.8000,3187.6000,3187.4000,3187.0000,3186.6000,3188.2000,3189.4000,3189.6000,3190.0000,3190.2000,1,2,10,4,1,1,2,1,25,1
SF,IH2007,2020-07-17 09:30:48.600,3187.8000,18179,-1,739496940.000,1,0,1,双平,S,3187.6000,3187.4000,3187.0000,3186.6000,3186.4000,3188.2000,3189.4000,3189.6000,3190.0000,3190.2000,2,10,4,1,5,1,2,1,25,1
SF,IH2007,2020-07-17 09:30:49.100,3187.8000,18179,0,739496940.000,0,-,-,-,-,3187.6000,3187.4000,3187.0000,3186.6000,3186.4000,3188.2000,3189.4000,3189.6000,3190.0000,3190.2000,3,10,4,1,5,1,2,1,25,1
SF,IH2007,2020-07-17 09:30:49.600,3187.8000,18179,0,739496940.000,0,-,-,-,-,3187.8000,3187.6000,3187.4000,3186.6000,3186.4000,3188.2000,3188.6000,3189.4000,3189.6000,3190.0000,1,1,14,1,5,1,1,2,1,25
SF,IH2007,2020-07-17 09:30:50.100,3187.6000,18175,-4,746190900.000,7,1,6,多平,S,3187.4000,3186.6000,3186.4000,3186.2000,3185.8000,3188.2000,3188.6000,3189.4000,3189.6000,3190.0000,11,1,5,2,9,2,1,2,1,26
SF,IH2007,2020-07-17 09:30:50.600,3187.4000,18170,-5,757665660.000,12,3,9,多平,S,3186.4000,3186.2000,3185.8000,3184.8000,3183.8000,3187.4000,3187.8000,3188.0000,3188.2000,3188.6000,4,2,9,1,1,5,10,8,2,1
SF,IH2007,2020-07-17 09:30:51.100,3187.2000,18165,-5,763401960.000,6,0,6,多平,S,3186.2000,3185.8000,3184.8000,3183.8000,3183.6000,3187.4000,3187.8000,3188.0000,3188.2000,3188.6000,2,9,1,1,1,7,10,3,9,1
SF,IH2007,2020-07-17 09:30:51.600,3187.2000,18165,0,763401960.000,0,-,-,-,-,3186.2000,3185.8000,3184.8000,3183.8000,3183.6000,3187.2000,3187.4000,3187.8000,3188.0000,3188.2000,2,9,1,1,1,3,8,10,2,9
SF,IH2007,2020-07-17 09:30:52.100,3187.2000,18165,0,763401960.000,0,-,-,-,-,3186.2000,3185.8000,3184.8000,3183.8000,3183.6000,3187.0000,3187.2000,3187.4000,3187.8000,3188.0000,2,9,1,1,1,1,3,8,10,2
SF,IH2007,2020-07-17 09:30:52.600,3186.8000,18161,-4,767226120.000,4,0,4,双平,S,3186.2000,3185.8000,3184.8000,3183.6000,3183.0000,3187.0000,3187.2000,3187.4000,3187.8000,3188.0000,2,9,1,1,7,1,3,8,10,2
SF,IH2007,2020-07-17 09:30:53.100,3186.2000,18160,-1,769138080.000,2,0,2,多平,S,3186.2000,3185.8000,3184.8000,3183.6000,3183.0000,3186.8000,3187.2000,3187.4000,3187.8000,3188.0000,1,9,1,1,7,3,1,10,10,1
SF,IH2007,2020-07-17 09:30:53.600,3187.0000,18154,-6,774874500.000,6,0,6,双平,S,3186.2000,3185.8000,3184.8000,3183.6000,3183.0000,3187.4000,3187.8000,3188.0000,3188.2000,3188.6000,5,9,1,1,7,10,10,1,9,1
SF,IH2007,2020-07-17 09:30:54.100,3186.2000,18151,-3,777742320.000,3,0,3,双平,S,3186.2000,3185.8000,3184.8000,3183.6000,3183.0000,3187.4000,3187.8000,3188.0000,3188.2000,3188.6000,3,9,1,1,7,10,10,1,9,1
SF,IH2007,2020-07-17 09:30:54.600,3187.4000,18150,-1,778698540.000,1,0,1,双平,S,3187.0000,3186.4000,3186.2000,3185.8000,3184.8000,3187.4000,3187.8000,3188.0000,3188.2000,3188.6000,2,1,3,9,1,9,10,1,9,1
SF,IH2007,2020-07-17 09:30:55.100,3187.4000,18143,-7,785392080.000,7,0,7,双平,S,3187.4000,3187.0000,3186.2000,3185.8000,3184.8000,3187.8000,3188.0000,3188.2000,3188.6000,3188.8000,1,2,3,9,1,10,1,9,1,1
SF,IH2007,2020-07-17 09:30:55.600,3187.2000,18137,-6,791129040.000,6,0,6,双平,S,3186.4000,3186.2000,3185.8000,3184.8000,3183.6000,3187.4000,3187.8000,3188.2000,3188.6000,3189.4000,4,3,9,1,1,3,10,9,1,2
SF,IH2007,2020-07-17 09:30:56.100,3187.2000,18137,0,791129040.000,0,-,-,-,-,3186.4000,3186.2000,3185.8000,3184.8000,3183.6000,3187.4000,3187.8000,3188.2000,3188.6000,3189.4000,4,3,9,1,1,3,10,9,1,2
SF,IH2007,2020-07-17 09:30:56.600,3186.4000,18132,-5,795908640.000,5,0,5,双平,S,3186.2000,3185.8000,3184.8000,3183.6000,3183.0000,3187.4000,3187.8000,3188.2000,3188.6000,3189.4000,4,9,1,1,7,3,10,4,1,2
SF,IH2007,2020-07-17 09:30:57.100,3186.2000,18130,-2,797820360.000,2,0,2,双平,S,3186.2000,3185.8000,3184.8000,3183.6000,3183.0000,3186.4000,3187.4000,3187.8000,3188.2000,3188.6000,2,9,1,1,7,6,3,10,4,1
SF,IH2007,2020-07-17 09:30:57.600,3186.4000,18125,-5,802599780.000,5,0,5,双平,S,3185.8000,3184.8000,3183.6000,3183.0000,3181.2000,3186.4000,3187.2000,3187.4000,3187.8000,3188.2000,9,1,1,7,1,4,2,3,10,4
SF,IH2007,2020-07-17 09:30:58.100,3186.2000,18123,-2,804511560.000,2,0,2,双平,S,3185.8000,3184.8000,3183.6000,3183.0000,3181.2000,3186.4000,3187.2000,3187.4000,3187.8000,3188.2000,9,1,1,7,1,6,2,3,10,4
SF,IH2007,2020-07-17 09:30:58.600,3186.4000,18118,-5,809291100.000,5,0,5,双平,S,3185.8000,3184.8000,3183.6000,3183.0000,3181.2000,3186.4000,3187.2000,3187.4000,3187.8000,3188.2000,9,1,1,7,1,1,2,3,10,4
SF,IH2007,2020-07-17 09:30:59.100,3185.8000,18118,0,817892760.000,9,4,5,多换,S,3184.8000,3183.6000,3183.0000,3181.2000,3180.0000,3185.8000,3186.4000,3187.0000,3187.2000,3187.4000,1,1,7,1,2,1,1,3,2,3
SF,IH2007,2020-07-17 09:30:59.600,3186.4000,18116,-2,819804420.000,2,0,2,双平,S,3185.8000,3185.0000,3184.8000,3183.8000,3183.6000,3186.2000,3187.0000,3187.2000,3187.4000,3187.8000,1,2,2,2,1,1,3,2,3,11
SF,IH2007,2020-07-17 09:31:00.100,3185.8000,18112,-4,824583240.000,5,0,5,多平,S,3185.0000,3184.8000,3183.8000,3183.6000,3183.0000,3186.2000,3187.0000,3187.2000,3187.4000,3187.8000,1,1,2,1,7,1,3,2,3,11
SF,IH2007,2020-07-17 09:31:00.600,3185.0000,18111,-1,825538740.000,1,0,1,双平,S,3185.2000,3185.0000,3184.8000,3183.8000,3183.6000,3185.8000,3186.0000,3186.2000,3186.8000,3187.0000,1,1,1,2,1,1,4,1,2,3
SF,IH2007,2020-07-17 09:31:01.100,3186.0000,18103,-8,833183940.000,8,0,8,双平,S,3184.8000,3183.8000,3183.6000,3183.0000,3181.2000,3186.0000,3186.2000,3186.8000,3187.0000,3187.4000,1,2,1,7,1,5,1,2,3,3
SF,IH2007,2020-07-17 09:31:01.600,3185.8000,18101,-2,835095420.000,2,0,2,双平,S,3185.4000,3184.8000,3184.6000,3183.8000,3183.6000,3186.0000,3186.2000,3186.8000,3187.0000,3187.4000,1,1,1,2,1,6,1,2,3,3
SF,IH2007,2020-07-17 09:31:02.100,3184.8000,18100,-1,837961980.000,3,1,2,多平,S,3184.6000,3183.8000,3183.6000,3183.0000,3181.2000,3185.2000,3185.8000,3186.0000,3186.2000,3187.0000,1,2,1,7,1,1,1,6,1,3
SF,IH2007,2020-07-17 09:31:02.600,3185.2000,18092,-8,845605620.000,8,0,8,双平,S,3185.2000,3183.6000,3183.0000,3181.2000,3180.0000,3185.8000,3186.0000,3186.2000,3187.0000,3187.4000,4,1,7,1,2,1,6,1,3,3
SF,IH2007,2020-07-17 09:31:03.100,3185.2000,18084,-8,853250100.000,8,0,8,双平,S,3183.6000,3183.0000,3181.2000,3180.0000,3179.6000,3185.6000,3185.8000,3186.0000,3186.2000,3187.0000,1,7,1,2,8,2,1,2,1,4
SF,IH2007,2020-07-17 09:31:03.600,3185.4000,18082,-2,855160860.000,2,0,2,双平,S,3183.8000,3183.6000,3183.0000,3181.2000,3180.0000,3185.2000,3185.4000,3185.6000,3185.8000,3186.0000,1,1,7,1,2,1,1,2,1,1
SF,IH2007,2020-07-17 09:31:04.100,3185.4000,18082,0,855160860.000,0,-,-,-,-,3184.0000,3183.8000,3183.6000,3183.0000,3181.2000,3185.2000,3185.4000,3185.6000,3185.8000,3186.0000,1,1,1,7,1,2,1,2,1,1
SF,IH2007,2020-07-17 09:31:04.600,3185.8000,18073,-9,863761320.000,9,0,9,双平,S,3184.8000,3184.0000,3183.8000,3183.6000,3183.0000,3186.0000,3186.2000,3186.8000,3187.0000,3187.4000,1,1,1,1,7,1,1,1,4,3
SF,IH2007,2020-07-17 09:31:05.100,3184.0000,18068,-5,868537380.000,5,0,5,双平,S,3184.2000,3183.0000,3181.2000,3180.0000,3179.6000,3185.2000,3185.8000,3186.0000,3186.2000,3186.8000,1,7,1,2,8,1,3,1,1,1
SF,IH2007,2020-07-17 09:31:05.600,3184.8000,18065,-3,871403580.000,3,0,3,双平,S,3183.2000,3183.0000,3181.2000,3180.0000,3179.6000,3183.6000,3184.2000,3185.2000,3185.8000,3186.0000,1,7,1,2,8,1,1,1,3,1
SF,IH2007,2020-07-17 09:31:06.100,3183.6000,18064,-1,872358660.000,1,0,1,双平,S,3183.6000,3183.4000,3183.0000,3181.2000,3180.0000,3184.0000,3184.2000,3185.2000,3185.8000,3186.0000,1,2,7,1,2,1,1,1,2,1
SF,IH2007,2020-07-17 09:31:06.600,3184.2000,18059,-5,877134360.000,5,0,5,双平,S,3183.0000,3181.2000,3180.0000,3179.6000,3178.0000,3183.2000,3183.6000,3184.8000,3185.2000,3185.8000,7,1,2,7,1,1,2,1,1,2
SF,IH2007,2020-07-17 09:31:07.100,3184.2000,18059,0,877134360.000,0,-,-,-,-,3183.0000,3181.2000,3180.0000,3179.6000,3178.0000,3183.2000,3183.6000,3184.8000,3185.2000,3185.8000,7,1,2,7,1,1,2,1,1,2
SF,IH2007,2020-07-17 09:31:07.600,3183.2000,18059,0,878089320.000,1,0,1,多换,S,3183.2000,3183.0000,3181.2000,3180.0000,3179.6000,3183.6000,3184.8000,3185.2000,3185.8000,3186.2000,3,7,1,2,7,2,1,1,2,1
SF,IH2007,2020-07-17 09:31:08.100,3183.2000,18055,-4,883819080.000,6,1,5,多平,S,3183.2000,3183.0000,3181.2000,3180.0000,3179.6000,3183.4000,3183.6000,3184.8000,3185.2000,3185.8000,1,7,1,2,7,1,2,1,1,2
SF,IH2007,2020-07-17 09:31:08.600,3183.4000,18051,-4,887639160.000,4,0,4,双平,S,3183.0000,3181.2000,3180.0000,3179.6000,3178.0000,3183.4000,3183.6000,3184.8000,3185.2000,3185.8000,7,1,2,7,1,2,1,1,1,3
SF,IH2007,2020-07-17 09:31:09.100,3183.6000,18047,-4,891459360.000,4,0,4,双平,S,3183.0000,3181.2000,3181.0000,3180.0000,3179.6000,3183.4000,3184.8000,3185.2000,3185.8000,3187.0000,7,1,3,2,7,1,1,1,3,1
SF,IH2007,2020-07-17 09:31:09.600,3183.4000,18046,-1,892414380.000,1,0,1,双平,S,3183.0000,3181.2000,3181.0000,3180.0000,3179.6000,3183.2000,3184.6000,3184.8000,3185.2000,3185.8000,7,1,3,2,7,1,2,1,1,3
SF,IH2007,2020-07-17 09:31:10.100,3183.2000,18039,-7,901009860.000,9,1,8,多平,S,3183.2000,3183.0000,3181.4000,3181.2000,3181.0000,3184.0000,3184.8000,3185.2000,3185.4000,3185.8000,1,6,1,1,3,3,1,1,1,2
SF,IH2007,2020-07-17 09:31:10.600,3184.0000,18030,-9,909605760.000,9,0,9,双平,S,3183.2000,3183.0000,3181.2000,3181.0000,3180.0000,3184.8000,3185.2000,3185.4000,3185.8000,3187.0000,2,10,1,3,1,1,1,1,2,1
SF,IH2007,2020-07-17 09:31:11.100,3184.8000,18024,-6,915336900.000,6,0,6,双平,S,3184.8000,3183.2000,3183.0000,3181.2000,3181.0000,3185.2000,3185.8000,3187.0000,3187.8000,3188.2000,4,2,5,1,3,1,2,1,11,2
SF,IH2007,2020-07-17 09:31:11.600,3183.2000,18021,-3,920113620.000,5,1,4,多平,S,3183.2000,3183.0000,3181.2000,3181.0000,3180.0000,3184.8000,3185.0000,3185.2000,3185.8000,3186.2000,1,5,1,3,1,3,2,1,2,1
SF,IH2007,2020-07-17 09:31:12.100,3183.0000,18017,-4,923933280.000,4,0,4,双平,S,3183.0000,3181.2000,3181.0000,3180.0000,3179.6000,3184.6000,3184.8000,3185.2000,3185.8000,3187.0000,2,1,3,1,7,4,5,1,2,1
SF,IH2007,2020-07-17 09:31:12.600,3183.2000,18014,-3,926798040.000,3,0,3,双平,S,3181.4000,3181.2000,3181.0000,3180.0000,3179.6000,3184.6000,3184.8000,3185.2000,3185.8000,3187.0000,2,1,3,1,7,3,5,1,2,1
SF,IH2007,2020-07-17 09:31:13.100,3182.6000,18008,-6,933483900.000,7,0,7,多平,S,3182.6000,3182.2000,3182.0000,3181.8000,3181.6000,3184.0000,3184.4000,3184.6000,3184.8000,3185.2000,1,3,3,3,2,1,6,2,8,1
SF,IH2007,2020-07-17 09:31:13.600,3183.8000,18006,-2,935393820.000,2,0,2,双平,S,3182.8000,3181.8000,3181.4000,3181.2000,3180.6000,3184.0000,3184.4000,3184.6000,3184.8000,3185.2000,1,4,1,1,4,1,3,2,8,1
SF,IH2007,2020-07-17 09:31:14.100,3182.0000,18004,-2,937303260.000,2,0,2,双平,S,3181.8000,3181.2000,3180.6000,3180.0000,3179.6000,3183.8000,3184.0000,3184.4000,3184.6000,3184.8000,4,1,4,1,7,2,1,2,2,8
SF,IH2007,2020-07-17 09:31:14.600,3182.0000,18003,-1,938257860.000,1,0,1,双平,S,3182.2000,3181.8000,3181.2000,3180.6000,3180.0000,3182.6000,3183.6000,3183.8000,3184.0000,3184.6000,2,7,1,4,1,1,4,2,1,2
SF,IH2007,2020-07-17 09:31:15.100,3182.6000,18000,-3,943031340.000,5,1,4,多平,S,3181.8000,3181.2000,3180.6000,3180.0000,3179.6000,3183.4000,3183.6000,3183.8000,3184.0000,3184.6000,1,1,4,1,7,1,3,1,1,3
SF,IH2007,2020-07-17 09:31:15.600,3182.6000,17997,-3,945895440.000,3,0,3,双平,S,3181.2000,3180.6000,3180.0000,3179.6000,3178.0000,3183.2000,3183.4000,3183.6000,3184.0000,3184.6000,1,4,1,7,1,2,2,3,1,3
SF,IH2007,2020-07-17 09:31:16.100,3183.2000,17989,-8,953534340.000,8,0,8,双平,S,3181.4000,3181.2000,3180.6000,3180.0000,3179.6000,3182.2000,3183.2000,3183.4000,3183.6000,3184.0000,1,1,4,1,7,1,1,1,3,1
SF,IH2007,2020-07-17 09:31:16.600,3181.2000,17986,-3,957352320.000,4,0,4,多平,S,3180.6000,3180.0000,3179.6000,3178.0000,3171.2000,3181.2000,3181.8000,3183.0000,3183.2000,3183.4000,4,1,7,1,3,2,7,1,1,1
SF,IH2007,2020-07-17 09:31:17.100,3181.8000,17980,-6,963078960.000,6,0,6,双平,S,3180.0000,3179.6000,3178.0000,3171.2000,3170.0000,3180.8000,3181.8000,3183.0000,3183.2000,3183.4000,1,11,1,3,1,1,5,1,1,1
SF,IH2007,2020-07-17 09:31:17.600,3181.0000,17978,-2,964987560.000,2,0,2,双平,S,3180.0000,3179.6000,3178.0000,3171.2000,3170.0000,3181.6000,3181.8000,3183.0000,3183.4000,3183.6000,1,11,1,3,1,2,5,1,1,3
SF,IH2007,2020-07-17 09:31:18.100,3180.0000,17975,-3,967850220.000,3,0,3,双平,S,3179.6000,3178.0000,3171.2000,3170.0000,3166.0000,3181.6000,3181.8000,3182.4000,3183.4000,3183.6000,11,1,3,1,1,3,5,1,1,3
SF,IH2007,2020-07-17 09:31:18.600,3179.6000,17974,-1,970712400.000,3,1,2,多平,S,3179.6000,3178.0000,3171.2000,3170.0000,3166.0000,3180.6000,3181.6000,3181.8000,3183.4000,3183.6000,10,1,3,1,1,1,3,5,1,3
SF,IH2007,2020-07-17 09:31:19.100,3179.6000,17974,0,970712400.000,0,-,-,-,-,3179.8000,3179.6000,3178.0000,3171.2000,3170.0000,3180.0000,3180.4000,3180.6000,3181.6000,3181.8000,3,10,1,3,1,1,1,1,4,5
SF,IH2007,2020-07-17 09:31:19.600,3180.0000,17964,-10,980255100.000,10,0,10,双平,S,3180.0000,3179.8000,3179.6000,3178.0000,3171.2000,3181.8000,3183.4000,3183.6000,3184.6000,3184.8000,1,2,10,1,3,4,1,3,2,4
SF,IH2007,2020-07-17 09:31:20.100,3179.8000,17961,-3,983117040.000,3,0,3,双平,S,3179.8000,3179.6000,3178.0000,3171.2000,3170.0000,3181.6000,3181.8000,3183.4000,3183.6000,3184.6000,1,6,5,3,1,3,4,2,3,2
SF,IH2007,2020-07-17 09:31:20.600,3179.8000,17961,0,983117040.000,0,-,-,-,-,3180.2000,3179.6000,3178.0000,3171.2000,3170.0000,3181.4000,3181.6000,3181.8000,3183.4000,3183.6000,1,6,5,3,1,1,3,4,2,3
SF,IH2007,2020-07-17 09:31:21.100,3181.6000,17960,-1,984071520.000,1,0,1,双平,S,3179.6000,3178.0000,3171.2000,3170.0000,3166.0000,3181.4000,3181.6000,3181.8000,3183.4000,3183.6000,6,5,3,1,1,1,2,4,2,3
SF,IH2007,2020-07-17 09:31:21.600,3181.4000,17958,-2,985980060.000,2,0,2,双平,S,3179.8000,3179.6000,3178.0000,3171.2000,3170.0000,3181.6000,3181.8000,3183.4000,3183.6000,3184.6000,4,6,5,3,1,2,4,2,3,2
SF,IH2007,2020-07-17 09:31:22.100,3179.8000,17957,-1,987888000.000,2,0,2,多平,S,3179.8000,3179.6000,3178.0000,3171.2000,3170.0000,3181.4000,3181.6000,3181.8000,3183.4000,3183.6000,2,6,5,3,1,3,2,4,2,3
SF,IH2007,2020-07-17 09:31:22.600,3179.8000,17955,-2,989795880.000,2,0,2,双平,S,3179.6000,3178.0000,3171.2000,3170.0000,3166.0000,3179.8000,3181.2000,3181.4000,3181.6000,3181.8000,6,5,3,1,1,1,4,3,1,4
SF,IH2007,2020-07-17 09:31:23.100,3179.6000,17950,-5,997426440.000,8,1,7,多平,S,3178.0000,3171.2000,3170.0000,3166.0000,3165.2000,3179.4000,3179.6000,3181.0000,3181.2000,3181.6000,4,3,1,1,6,2,2,2,4,1
SF,IH2007,2020-07-17 09:31:23.600,3179.6000,17943,-7,1004103360.000,7,0,7,双平,S,3177.2000,3171.2000,3170.0000,3166.0000,3165.2000,3178.0000,3179.8000,3181.0000,3181.2000,3181.6000,4,3,1,1,6,2,1,1,3,1
SF,IH2007,2020-07-17 09:31:24.100,3178.0000,17941,-2,1006010160.000,2,0,2,双平,S,3178.0000,3177.4000,3177.2000,3171.2000,3170.0000,3179.4000,3179.8000,3181.0000,3181.2000,3181.6000,1,1,4,3,1,1,1,1,1,1
SF,IH2007,2020-07-17 09:31:24.600,3178.0000,17939,-2,1007917320.000,2,0,2,双平,S,3177.4000,3177.2000,3171.2000,3170.0000,3166.0000,3178.0000,3179.2000,3179.4000,3179.8000,3181.0000,1,4,3,1,1,1,4,1,1,1
SF,IH2007,2020-07-17 09:31:25.100,3177.4000,17937,-2,1009823760.000,2,0,2,双平,S,3177.2000,3171.2000,3170.0000,3166.0000,3165.2000,3177.4000,3177.8000,3178.0000,3179.2000,3179.4000,4,3,1,1,6,7,1,1,3,1
SF,IH2007,2020-07-17 09:31:25.600,3177.4000,17925,-12,1022215380.000,13,0,13,多平,S,3177.4000,3171.2000,3170.0000,3166.0000,3165.2000,3177.6000,3178.0000,3179.2000,3179.4000,3179.8000,3,3,1,1,6,1,1,1,1,1
SF,IH2007,2020-07-17 09:31:26.100,3177.4000,17920,-5,1026981540.000,5,0,5,双平,S,3171.2000,3170.0000,3166.0000,3165.2000,3163.2000,3178.0000,3179.2000,3179.4000,3179.8000,3180.0000,3,1,1,6,1,21,1,1,2,2
SF,IH2007,2020-07-17 09:31:26.600,3177.4000,17920,0,1026981540.000,0,-,-,-,-,3176.6000,3173.6000,3172.8000,3172.6000,3172.4000,3177.2000,3177.4000,3177.8000,3178.0000,3179.2000,4,1,5,1,1,1,1,7,21,1
SF,IH2007,2020-07-17 09:31:27.100,3177.2000,17913,-7,1033653000.000,7,0,7,双平,S,3177.0000,3176.6000,3172.8000,3172.6000,3172.4000,3177.8000,3178.0000,3179.2000,3179.4000,3179.8000,1,1,1,1,1,1,21,1,1,2
SF,IH2007,2020-07-17 09:31:27.600,3177.6000,17910,-3,1037465640.000,4,0,4,多平,S,3172.8000,3172.6000,3172.4000,3171.4000,3171.2000,3178.0000,3179.4000,3179.8000,3180.0000,3181.6000,1,1,1,3,3,22,1,2,2,1
SF,IH2007,2020-07-17 09:31:28.100,3177.8000,17909,-1,1038418980.000,1,0,1,双平,S,3175.4000,3174.0000,3173.8000,3173.6000,3173.0000,3177.8000,3178.0000,3179.4000,3179.6000,3179.8000,1,1,3,1,6,4,22,1,1,2
SF,IH2007,2020-07-17 09:31:28.600,3177.8000,17909,0,1038418980.000,0,-,-,-,-,3175.6000,3175.4000,3174.2000,3174.0000,3173.8000,3177.8000,3178.0000,3179.4000,3179.6000,3179.8000,1,1,1,1,2,4,22,1,1,2
SF,IH2007,2020-07-17 09:31:29.100,3177.8000,17908,-1,1039372320.000,1,0,1,双平,S,3175.8000,3175.6000,3175.4000,3174.2000,3174.0000,3177.8000,3178.0000,3179.4000,3179.6000,3179.8000,1,1,1,1,1,3,23,1,1,2
SF,IH2007,2020-07-17 09:31:29.600,3177.8000,17907,-1,1040325660.000,1,0,1,双平,S,3176.6000,3176.4000,3175.8000,3175.6000,3175.4000,3177.6000,3177.8000,3178.0000,3179.4000,3179.6000,2,5,1,1,1,1,3,23,1,1
SF,IH2007,2020-07-17 09:31:30.100,3176.8000,17906,-1,1041278700.000,1,0,1,双平,S,3176.8000,3176.6000,3175.8000,3175.6000,3175.4000,3177.6000,3177.8000,3178.0000,3179.4000,3179.6000,1,2,1,1,1,2,1,23,1,1
SF,IH2007,2020-07-17 09:31:30.600,3177.0000,17899,-7,1047950940.000,7,0,7,双平,S,3176.6000,3176.4000,3175.4000,3174.2000,3174.0000,3177.8000,3178.0000,3179.4000,3179.6000,3179.8000,2,1,1,1,1,1,23,1,1,2
SF,IH2007,2020-07-17 09:31:31.100,3177.8000,17897,-2,1050811020.000,3,0,3,多平,S,3176.8000,3176.6000,3176.4000,3175.4000,3174.2000,3178.0000,3179.4000,3179.6000,3179.8000,3180.0000,5,2,1,1,1,22,1,1,2,2
SF,IH2007,2020-07-17 09:31:31.600,3178.0000,17886,-11,1061298420.000,11,0,11,双平,S,3177.0000,3176.8000,3176.6000,3175.4000,3174.2000,3178.0000,3179.4000,3179.6000,3179.8000,3180.0000,1,9,2,1,1,11,1,1,2,2
SF,IH2007,2020-07-17 09:31:32.100,3178.0000,17881,-5,1066065420.000,5,0,5,双平,S,3177.2000,3177.0000,3176.8000,3176.6000,3175.4000,3178.0000,3179.6000,3179.8000,3180.0000,3180.6000,7,1,4,2,1,6,2,2,2,1
SF,IH2007,2020-07-17 09:31:32.600,3178.0000,17875,-6,1072738140.000,7,0,7,多平,S,3177.4000,3177.2000,3177.0000,3176.8000,3176.6000,3178.0000,3179.6000,3179.8000,3180.0000,3181.6000,1,7,1,4,2,6,2,2,2,1
SF,IH2007,2020-07-17 09:31:33.100,3177.2000,17873,-2,1074644580.000,2,0,2,双平,S,3177.2000,3176.8000,3176.6000,3175.4000,3174.2000,3178.0000,3179.6000,3179.8000,3180.0000,3181.6000,6,4,2,1,1,7,2,2,2,1
SF,IH2007,2020-07-17 09:31:33.600,3177.2000,17867,-6,1080363540.000,6,0,6,双平,S,3176.8000,3176.6000,3175.4000,3174.2000,3174.0000,3177.8000,3178.0000,3179.6000,3179.8000,3180.0000,1,2,1,1,1,7,7,2,2,2
SF,IH2007,2020-07-17 09:31:34.100,3177.6000,17862,-5,1085128740.000,5,0,5,双平,S,3177.2000,3175.4000,3174.8000,3174.2000,3174.0000,3177.6000,3177.8000,3178.0000,3179.6000,3179.8000,2,1,2,1,1,3,7,7,2,2
SF,IH2007,2020-07-17 09:31:34.600,3177.2000,17860,-2,1087035060.000,2,0,2,双平,S,3176.2000,3175.6000,3175.4000,3174.8000,3174.0000,3176.8000,3177.0000,3177.2000,3177.4000,3177.6000,1,2,1,2,1,1,1,5,2,3
SF,IH2007,2020-07-17 09:31:35.100,3176.2000,17858,-2,1088940960.000,2,0,2,双平,S,3176.8000,3176.4000,3175.4000,3174.8000,3174.0000,3177.0000,3177.2000,3177.4000,3177.6000,3177.8000,1,5,1,2,1,1,4,2,2,7
SF,IH2007,2020-07-17 09:31:35.600,3177.0000,17844,-14,1107051720.000,19,2,17,多平,S,3176.4000,3175.4000,3175.0000,3174.8000,3174.0000,3177.8000,3178.0000,3179.6000,3179.8000,3180.0000,5,1,10,2,1,2,7,3,2,2
SF,IH2007,2020-07-17 09:31:36.100,3176.6000,17843,-1,1109910780.000,3,1,2,多平,S,3176.6000,3176.4000,3175.4000,3175.0000,3174.8000,3177.4000,3177.6000,3177.8000,3178.0000,3179.6000,1,6,1,10,2,1,1,3,7,3
SF,IH2007,2020-07-17 09:31:36.600,3176.6000,17843,0,1109910780.000,0,-,-,-,-,3176.8000,3176.6000,3176.4000,3175.4000,3175.0000,3177.2000,3177.4000,3177.6000,3177.8000,3178.0000,4,1,1,1,10,1,1,1,3,7
SF,IH2007,2020-07-17 09:31:37.100,3177.0000,17838,-5,1114676520.000,5,0,5,双平,S,3177.0000,3176.8000,3176.6000,3176.4000,3175.4000,3177.4000,3177.8000,3178.0000,3179.6000,3179.8000,1,4,1,1,1,1,3,7,2,2
SF,IH2007,2020-07-17 09:31:37.600,3175.4000,17828,-10,1124206680.000,10,0,10,双平,S,3177.2000,3175.0000,3174.8000,3174.0000,3172.8000,3177.4000,3177.8000,3178.0000,3179.6000,3179.8000,1,10,2,1,1,1,3,7,2,2
SF,IH2007,2020-07-17 09:31:38.100,3177.2000,17827,-1,1125159840.000,1,0,1,双平,S,3175.2000,3175.0000,3174.8000,3174.0000,3172.6000,3176.8000,3177.0000,3177.2000,3177.4000,3177.8000,1,10,2,1,1,2,2,7,2,3
SF,IH2007,2020-07-17 09:31:38.600,3177.2000,17821,-6,1130878800.000,6,0,6,双平,S,3175.8000,3175.6000,3175.4000,3175.2000,3174.0000,3177.0000,3177.2000,3177.4000,3177.6000,3177.8000,1,14,2,1,1,1,10,2,1,3
SF,IH2007,2020-07-17 09:31:39.100,3177.2000,17819,-2,1132785120.000,2,0,2,双平,S,3176.2000,3176.0000,3175.8000,3175.6000,3175.4000,3177.0000,3177.2000,3177.4000,3177.6000,3177.8000,1,2,1,14,2,1,10,2,1,3
SF,IH2007,2020-07-17 09:31:39.600,3177.2000,17811,-8,1140410040.000,8,0,8,双平,S,3176.4000,3176.2000,3176.0000,3175.8000,3175.6000,3177.2000,3177.4000,3177.6000,3177.8000,3178.0000,1,1,2,1,14,4,2,1,3,7
SF,IH2007,2020-07-17 09:31:40.100,3177.2000,17810,-1,1142316360.000,2,0,2,多平,S,3176.8000,3176.6000,3176.4000,3176.2000,3176.0000,3177.2000,3177.4000,3177.6000,3177.8000,3178.0000,1,1,6,1,2,2,2,1,3,6
SF,IH2007,2020-07-17 09:31:40.600,3177.4000,17803,-7,1150894080.000,9,1,8,多平,S,3176.2000,3176.0000,3175.6000,3175.4000,3175.2000,3177.4000,3177.6000,3177.8000,3178.0000,3178.4000,1,1,14,1,1,1,1,3,6,1
SF,IH2007,2020-07-17 09:31:41.100,3176.4000,17798,-5,1155659340.000,5,0,5,双平,S,3177.4000,3177.2000,3177.0000,3176.8000,3176.0000,3177.8000,3178.0000,3178.4000,3179.6000,3179.8000,1,4,1,1,1,3,5,1,1,1
SF,IH2007,2020-07-17 09:31:41.600,3177.4000,17797,-1,1157565780.000,2,0,2,多平,S,3177.2000,3177.0000,3176.8000,3176.0000,3175.6000,3177.4000,3177.8000,3178.0000,3178.4000,3179.6000,5,1,1,11,4,2,3,5,1,2
SF,IH2007,2020-07-17 09:31:42.100,3177.2000,17790,-7,1164238320.000,7,0,7,双平,S,3177.2000,3177.0000,3176.8000,3176.4000,3176.0000,3177.8000,3178.0000,3178.4000,3179.6000,3179.8000,4,1,4,10,1,2,5,1,2,1
SF,IH2007,2020-07-17 09:31:42.600,3177.6000,17788,-2,1166144760.000,2,0,2,双平,S,3177.2000,3177.0000,3176.8000,3176.4000,3176.0000,3177.6000,3177.8000,3178.0000,3178.4000,3179.6000,2,1,4,10,1,1,2,5,1,2
SF,IH2007,2020-07-17 09:31:43.100,3177.4000,17783,-5,1170911280.000,5,0,5,双平,S,3177.2000,3177.0000,3176.8000,3176.4000,3176.0000,3178.0000,3178.4000,3179.0000,3179.6000,3179.8000,7,1,4,10,1,5,1,1,2,1
SF,IH2007,2020-07-17 09:31:43.600,3178.0000,17779,-4,1175678280.000,5,0,5,多平,S,3178.0000,3177.4000,3177.2000,3177.0000,3176.8000,3178.4000,3179.0000,3179.6000,3179.8000,3180.0000,1,7,2,1,4,1,1,2,1,3
SF,IH2007,2020-07-17 09:31:44.100,3177.4000,17777,-2,1180444740.000,5,1,4,多平,S,3177.4000,3177.2000,3177.0000,3176.8000,3176.0000,3178.4000,3179.0000,3179.6000,3179.8000,3180.0000,3,2,1,14,1,1,1,2,1,3
SF,IH2007,2020-07-17 09:31:44.600,3178.0000,17776,-1,1181398140.000,1,0,1,双平,S,3177.6000,3177.4000,3177.2000,3177.0000,3176.8000,3178.4000,3179.0000,3179.6000,3179.8000,3180.0000,1,3,2,1,4,1,1,2,1,3
SF,IH2007,2020-07-17 09:31:45.100,3179.6000,17771,-5,1186166280.000,5,0,5,双平,S,3177.4000,3177.2000,3177.0000,3176.8000,3176.2000,3179.6000,3179.8000,3180.0000,3180.2000,3180.8000,3,1,1,4,1,1,1,3,1,1
SF,IH2007,2020-07-17 09:31:45.600,3179.6000,17771,0,1186166280.000,0,-,-,-,-,3177.8000,3177.4000,3177.2000,3177.0000,3176.8000,3179.4000,3179.6000,3179.8000,3180.0000,3180.2000,1,4,1,1,4,6,1,1,3,1
SF,IH2007,2020-07-17 09:31:46.100,3177.8000,17768,-3,1189026300.000,3,0,3,双平,S,3177.4000,3177.2000,3177.0000,3176.8000,3176.2000,3177.6000,3177.8000,3179.2000,3179.4000,3179.6000,4,1,1,4,1,1,2,4,7,1
SF,IH2007,2020-07-17 09:31:46.600,3177.8000,17763,-5,1195698960.000,7,1,6,多平,S,3177.0000,3176.8000,3176.2000,3176.0000,3175.8000,3177.6000,3177.8000,3179.0000,3179.2000,3179.4000,1,4,1,1,10,1,1,1,3,5
SF,IH2007,2020-07-17 09:31:47.100,3177.4000,17760,-3,1198558500.000,3,0,3,双平,S,3177.0000,3176.2000,3176.0000,3175.8000,3175.2000,3177.4000,3177.6000,3177.8000,3178.0000,3179.2000,1,5,1,10,2,5,1,1,1,2
SF,IH2007,2020-07-17 09:31:47.600,3177.0000,17759,-1,1199511600.000,1,0,1,双平,S,3176.8000,3176.2000,3176.0000,3175.2000,3175.0000,3177.0000,3177.4000,3177.6000,3177.8000,3179.2000,10,5,1,2,2,4,4,1,1,1
SF,IH2007,2020-07-17 09:31:48.100,3177.0000,17750,-9,1208089320.000,9,0,9,双平,S,3176.8000,3176.2000,3176.0000,3175.2000,3175.0000,3177.0000,3177.4000,3177.6000,3177.8000,3179.2000,7,5,1,2,2,1,1,2,1,1
SF,IH2007,2020-07-17 09:31:48.600,3177.6000,17746,-4,1212854820.000,5,0,5,多平,S,3177.0000,3176.8000,3176.2000,3176.0000,3175.2000,3177.6000,3177.8000,3179.2000,3179.4000,3179.8000,1,4,5,1,2,1,1,1,4,1
SF,IH2007,2020-07-17 09:31:49.100,3177.4000,17745,-1,1213808040.000,1,0,1,双平,S,3177.0000,3176.2000,3176.0000,3175.2000,3175.0000,3177.4000,3177.6000,3177.8000,3179.2000,3179.4000,1,5,1,2,2,3,1,1,1,4
SF,IH2007,2020-07-17 09:31:49.600,3177.2000,17741,-4,1217620800.000,4,0,4,双平,S,3177.0000,3176.6000,3176.2000,3176.0000,3175.2000,3177.2000,3177.6000,3177.8000,3178.8000,3179.2000,2,1,5,1,2,4,1,1,1,1
SF,IH2007,2020-07-17 09:31:50.100,3177.2000,17736,-5,1222386600.000,5,0,5,双平,S,3177.2000,3177.0000,3176.6000,3176.2000,3176.0000,3177.4000,3177.6000,3177.8000,3179.2000,3179.4000,5,7,1,1,1,1,1,1,1,2
SF,IH2007,2020-07-17 09:31:50.600,3177.8000,17733,-3,1225246440.000,3,0,3,双平,S,3178.6000,3177.6000,3177.4000,3177.2000,3177.0000,3179.2000,3179.4000,3179.8000,3180.0000,3180.6000,1,1,1,8,7,1,2,1,3,1
SF,IH2007,2020-07-17 09:31:51.100,3177.6000,17728,-5,1230014460.000,5,0,5,双平,S,3177.2000,3177.0000,3176.6000,3176.2000,3175.2000,3178.2000,3178.6000,3179.0000,3179.2000,3179.4000,8,7,1,1,2,1,2,1,1,2
SF,IH2007,2020-07-17 09:31:51.600,3178.2000,17728,0,1230967920.000,1,0,1,多换,S,3178.2000,3177.4000,3177.2000,3177.0000,3176.6000,3178.6000,3179.0000,3179.2000,3179.4000,3179.8000,2,2,8,7,1,2,1,1,2,1
SF,IH2007,2020-07-17 09:31:52.100,3178.6000,17727,-1,1232875080.000,2,0,2,多平,S,3178.4000,3178.2000,3177.4000,3177.2000,3177.0000,3179.0000,3179.2000,3179.4000,3179.8000,3180.0000,1,1,1,8,7,1,1,2,1,1
SF,IH2007,2020-07-17 09:31:52.600,3178.6000,17724,-3,1235735820.000,3,0,3,双平,S,3179.0000,3178.4000,3178.0000,3177.4000,3177.2000,3179.2000,3179.4000,3179.8000,3180.0000,3180.6000,2,1,1,1,8,1,2,1,1,1
SF,IH2007,2020-07-17 09:31:53.100,3178.4000,17722,-2,1238596620.000,3,0,3,多平,S,3178.0000,3177.4000,3177.2000,3177.0000,3176.2000,3179.2000,3179.4000,3179.8000,3180.0000,3180.6000,1,2,8,2,1,1,2,1,1,1
SF,IH2007,2020-07-17 09:31:53.600,3178.2000,17722,0,1240503540.000,2,1,1,多换,S,3178.0000,3177.6000,3177.4000,3177.2000,3177.0000,3179.0000,3179.2000,3179.4000,3179.8000,3180.0000,1,4,2,4,2,2,2,2,1,1
SF,IH2007,2020-07-17 09:31:54.100,3178.0000,17723,1,1242410340.000,2,1,1,空开,S,3178.2000,3177.6000,3177.4000,3177.2000,3177.0000,3179.0000,3179.2000,3179.4000,3179.8000,3180.0000,1,4,2,5,2,4,2,1,1,1
SF,IH2007,2020-07-17 09:31:54.600,3178.2000,17722,-1,1245270720.000,3,1,2,多平,S,3177.6000,3177.4000,3177.2000,3177.0000,3176.2000,3178.8000,3179.0000,3179.2000,3179.4000,3179.8000,14,2,5,2,1,2,5,2,1,1
SF,IH2007,2020-07-17 09:31:55.100,3178.8000,17719,-3,1250038860.000,5,1,4,多平,S,3177.8000,3177.6000,3177.4000,3177.2000,3177.0000,3179.0000,3179.2000,3179.4000,3179.8000,3180.0000,1,14,1,5,2,1,2,1,1,1
SF,IH2007,2020-07-17 09:31:55.600,3178.0000,17718,-1,1250992260.000,1,0,1,双平,S,3178.0000,3177.8000,3177.6000,3177.2000,3177.0000,3179.0000,3179.2000,3179.4000,3179.8000,3180.0000,2,2,14,5,2,1,2,1,1,1
SF,IH2007,2020-07-17 09:31:56.100,3178.0000,17718,0,1250992260.000,0,-,-,-,-,3178.6000,3178.2000,3178.0000,3177.8000,3177.6000,3179.0000,3179.2000,3179.4000,3179.8000,3180.0000,1,1,1,1,14,1,2,1,1,1
SF,IH2007,2020-07-17 09:31:56.600,3177.8000,17710,-8,1258619460.000,8,0,8,双平,S,3177.8000,3177.6000,3177.2000,3177.0000,3176.2000,3179.0000,3179.2000,3179.4000,3179.8000,3180.0000,5,14,5,2,1,1,2,1,1,1
SF,IH2007,2020-07-17 09:31:57.100,3178.0000,17709,-1,1259572860.000,1,0,1,双平,S,3178.0000,3177.6000,3177.2000,3177.0000,3176.2000,3179.0000,3179.2000,3179.4000,3179.8000,3180.0000,2,10,9,2,1,3,2,1,1,1
SF,IH2007,2020-07-17 09:31:57.600,3178.0000,17709,0,1259572860.000,0,-,-,-,-,3178.0000,3177.6000,3177.2000,3177.0000,3176.2000,3178.8000,3179.0000,3179.2000,3179.4000,3179.8000,1,10,9,2,1,1,4,2,1,1
SF,IH2007,2020-07-17 09:31:58.100,3178.0000,17709,0,1260526260.000,1,0,1,多换,S,3177.6000,3177.2000,3177.0000,3176.2000,3176.0000,3177.8000,3178.8000,3179.0000,3179.2000,3179.4000,10,9,2,1,1,2,2,4,2,1
SF,IH2007,2020-07-17 09:31:58.600,3177.8000,17707,-2,1267199340.000,7,2,5,多平,S,3177.8000,3177.6000,3177.2000,3177.0000,3176.2000,3178.8000,3179.0000,3179.2000,3179.4000,3179.8000,1,5,9,2,1,1,4,2,1,1
SF,IH2007,2020-07-17 09:31:59.100,3177.8000,17705,-2,1269106020.000,2,0,2,双平,S,3177.6000,3177.2000,3177.0000,3176.2000,3176.0000,3178.0000,3178.6000,3178.8000,3179.0000,3179.2000,5,9,2,1,1,6,6,1,3,1
SF,IH2007,2020-07-17 09:31:59.600,3177.6000,17703,-2,1275779100.000,7,2,5,多平,S,3177.2000,3177.0000,3176.2000,3176.0000,3175.2000,3177.8000,3178.0000,3178.6000,3179.0000,3179.2000,9,2,1,1,2,2,6,5,3,1
SF,IH2007,2020-07-17 09:32:00.100,3177.4000,17699,-4,1279591800.000,4,0,4,双平,S,3177.2000,3177.0000,3176.8000,3176.2000,3176.0000,3177.8000,3178.0000,3178.6000,3179.0000,3179.2000,1,2,4,1,1,2,6,6,3,1
SF,IH2007,2020-07-17 09:32:00.600,3176.8000,17693,-6,1288170060.000,9,1,8,多平,S,3176.8000,3176.2000,3176.0000,3175.4000,3175.2000,3177.8000,3178.0000,3178.6000,3179.0000,3179.2000,2,1,1,1,2,1,6,6,3,1
SF,IH2007,2020-07-17 09:32:01.100,3176.8000,17693,0,1288170060.000,0,-,-,-,-,3176.8000,3176.2000,3176.0000,3175.4000,3175.2000,3177.0000,3177.6000,3177.8000,3178.0000,3178.6000,2,1,1,1,2,1,6,1,6,1
SF,IH2007,2020-07-17 09:32:01.600,3176.8000,17688,-5,1292935860.000,5,0,5,双平,S,3176.8000,3176.2000,3176.0000,3175.4000,3175.2000,3177.6000,3177.8000,3178.0000,3178.6000,3179.0000,1,1,1,1,2,2,1,6,1,3
SF,IH2007,2020-07-17 09:32:02.100,3178.0000,17678,-10,1303422480.000,11,0,11,多平,S,3176.2000,3176.0000,3175.4000,3175.2000,3175.0000,3178.6000,3179.0000,3179.4000,3179.8000,3180.0000,1,1,1,2,2,1,2,1,1,1
SF,IH2007,2020-07-17 09:32:02.600,3178.6000,17675,-3,1306282500.000,3,0,3,双平,S,3176.8000,3176.4000,3176.2000,3176.0000,3175.4000,3178.6000,3179.0000,3179.4000,3179.8000,3180.0000,1,3,1,1,1,1,2,1,1,1
SF,IH2007,2020-07-17 09:32:03.100,3177.0000,17674,-1,1312001100.000,6,2,4,多平,S,3177.0000,3176.8000,3176.6000,3176.4000,3176.2000,3178.4000,3178.6000,3179.0000,3179.4000,3179.8000,3,1,1,2,1,1,2,2,1,1
SF,IH2007,2020-07-17 09:32:03.600,3178.6000,17670,-4,1316768400.000,5,0,5,多平,S,3178.6000,3177.2000,3177.0000,3176.8000,3176.6000,3179.0000,3179.4000,3179.8000,3180.0000,3180.6000,1,2,4,1,1,2,1,1,1,1
SF,IH2007,2020-07-17 09:32:04.100,3178.6000,17669,-1,1317721980.000,1,0,1,双平,S,3177.4000,3177.2000,3177.0000,3176.8000,3176.6000,3179.0000,3179.4000,3179.8000,3180.0000,3180.6000,2,2,2,1,1,1,1,1,1,1
SF,IH2007,2020-07-17 09:32:04.600,3177.6000,17665,-4,1321536360.000,4,0,4,双平,S,3177.8000,3177.6000,3177.4000,3177.2000,3177.0000,3179.4000,3179.8000,3180.0000,3180.6000,3180.8000,2,6,2,2,2,1,1,1,1,1
SF,IH2007,2020-07-17 09:32:05.100,3177.6000,17665,0,1321536360.000,0,-,-,-,-,3178.4000,3178.0000,3177.8000,3177.6000,3177.4000,3179.8000,3180.0000,3180.6000,3180.8000,3183.0000,1,5,3,5,1,1,1,1,1,1
SF,IH2007,2020-07-17 09:32:05.600,3177.6000,17665,0,1321536360.000,0,-,-,-,-,3178.6000,3178.4000,3178.2000,3178.0000,3177.8000,3179.6000,3179.8000,3180.0000,3180.6000,3180.8000,5,1,1,4,2,1,1,1,1,1
SF,IH2007,2020-07-17 09:32:06.100,3178.6000,17665,0,1322489940.000,1,0,1,多换,S,3178.6000,3178.4000,3178.0000,3177.8000,3177.6000,3179.6000,3179.8000,3180.0000,3180.6000,3180.8000,5,2,1,1,5,1,1,1,1,1
SF,IH2007,2020-07-17 09:32:06.600,3179.8000,17663,-2,1324397760.000,2,0,2,双平,S,3178.8000,3178.6000,3178.4000,3178.0000,3177.8000,3180.0000,3180.6000,3180.8000,3183.0000,3183.4000,2,5,1,1,1,1,1,1,1,1
SF,IH2007,2020-07-17 09:32:07.100,3179.8000,17663,0,1324397760.000,0,-,-,-,-,3179.2000,3179.0000,3178.8000,3178.6000,3177.8000,3180.0000,3180.6000,3180.8000,3183.0000,3183.4000,1,7,3,1,1,1,1,1,1,1
SF,IH2007,2020-07-17 09:32:07.600,3180.0000,17661,-2,1326305760.000,2,0,2,双平,S,3179.8000,3179.6000,3179.4000,3179.2000,3179.0000,3180.6000,3180.8000,3183.0000,3183.4000,3185.0000,1,2,3,1,5,1,1,1,1,1
SF,IH2007,2020-07-17 09:32:08.100,3180.0000,17660,-1,1327259760.000,1,0,1,双平,S,3180.0000,3179.8000,3179.6000,3179.4000,3179.2000,3180.6000,3180.8000,3183.0000,3183.4000,3185.0000,3,1,2,3,1,1,1,1,1,1
SF,IH2007,2020-07-17 09:32:08.600,3180.6000,17659,-1,1328213940.000,1,0,1,双平,S,3180.2000,3180.0000,3179.8000,3179.6000,3179.4000,3180.8000,3183.0000,3183.4000,3185.0000,3185.2000,2,2,1,2,2,1,1,1,1,1
SF,IH2007,2020-07-17 09:32:09.100,3180.8000,17657,-2,1330122420.000,2,0,2,双平,S,3181.4000,3180.6000,3180.4000,3180.2000,3179.8000,3182.8000,3183.0000,3183.4000,3185.0000,3185.2000,3,1,3,4,1,1,1,1,1,1
SF,IH2007,2020-07-17 09:32:09.600,3181.2000,17652,-5,1335848820.000,6,0,6,多平,S,3181.6000,3180.4000,3180.2000,3179.8000,3179.6000,3182.6000,3183.0000,3183.4000,3185.0000,3185.2000,1,1,3,1,2,3,1,1,1,1
SF,IH2007,2020-07-17 09:32:10.100,3181.2000,17652,0,1335848820.000,0,-,-,-,-,3182.0000,3181.6000,3180.8000,3180.6000,3180.4000,3182.4000,3182.6000,3183.0000,3183.4000,3185.0000,1,1,1,1,1,1,1,1,1,1
SF,IH2007,2020-07-17 09:32:10.600,3182.6000,17649,-3,1338712920.000,3,0,3,双平,S,3182.8000,3182.6000,3182.0000,3181.6000,3180.8000,3183.0000,3183.4000,3185.0000,3185.2000,3185.8000,1,1,1,1,1,1,1,1,1,2
SF,IH2007,2020-07-17 09:32:11.100,3182.6000,17648,-1,1340622480.000,2,0,2,多平,S,3181.6000,3180.8000,3180.6000,3180.2000,3179.8000,3182.4000,3182.8000,3183.0000,3183.4000,3185.0000,1,1,1,3,1,1,5,1,1,1
SF,IH2007,2020-07-17 09:32:11.600,3182.6000,17645,-3,1343486820.000,3,0,3,双平,S,3181.6000,3180.8000,3180.6000,3180.2000,3179.8000,3182.4000,3182.8000,3183.0000,3183.4000,3185.0000,1,1,1,3,1,1,4,1,1,1
SF,IH2007,2020-07-17 09:32:12.100,3182.4000,17643,-2,1346350260.000,3,0,3,多平,S,3181.8000,3180.6000,3180.2000,3179.8000,3179.6000,3182.4000,3182.8000,3183.0000,3183.4000,3185.0000,1,1,3,1,2,1,4,1,1,1
SF,IH2007,2020-07-17 09:32:12.600,3182.4000,17643,0,1346350260.000,0,-,-,-,-,3181.8000,3180.6000,3180.2000,3179.8000,3179.6000,3182.0000,3182.4000,3182.8000,3183.0000,3183.4000,1,1,3,1,1,1,1,4,1,1
SF,IH2007,2020-07-17 09:32:13.100,3181.8000,17642,-1,1348259520.000,2,0,2,多平,S,3181.6000,3180.8000,3180.2000,3179.8000,3179.6000,3181.8000,3182.4000,3182.8000,3183.0000,3183.4000,1,1,3,1,1,1,1,4,1,1
SF,IH2007,2020-07-17 09:32:13.600,3181.8000,17641,-1,1350168600.000,2,0,2,多平,S,3182.0000,3181.8000,3181.6000,3180.8000,3180.2000,3182.4000,3182.8000,3183.0000,3183.4000,3185.0000,1,2,1,1,3,1,4,1,1,1
SF,IH2007,2020-07-17 09:32:14.100,3183.0000,17635,-6,1355897580.000,6,0,6,双平,S,3182.0000,3181.8000,3181.6000,3180.8000,3180.2000,3183.4000,3185.0000,3185.2000,3185.8000,3186.8000,2,2,1,1,3,1,1,1,2,1
SF,IH2007,2020-07-17 09:32:14.600,3183.0000,17635,0,1355897580.000,0,-,-,-,-,3182.4000,3182.2000,3182.0000,3181.8000,3181.6000,3183.4000,3184.8000,3185.0000,3185.2000,3185.8000,1,3,2,2,1,1,1,1,1,2
SF,IH2007,2020-07-17 09:32:15.100,3183.4000,17633,-2,1357807620.000,2,0,2,双平,S,3183.4000,3182.6000,3182.4000,3182.2000,3182.0000,3184.8000,3185.0000,3185.2000,3185.8000,3186.8000,3,2,5,3,2,1,1,1,2,1
SF,IH2007,2020-07-17 09:32:15.600,3183.4000,17633,0,1357807620.000,0,-,-,-,-,3183.6000,3182.8000,3182.6000,3182.4000,3182.2000,3185.0000,3185.2000,3185.8000,3186.8000,3187.0000,3,1,3,5,1,1,1,2,1,1
SF,IH2007,2020-07-17 09:32:16.100,3183.4000,17633,0,1357807620.000,0,-,-,-,-,3183.6000,3182.8000,3182.6000,3182.4000,3182.2000,3184.6000,3185.0000,3185.2000,3185.8000,3186.8000,2,1,3,5,1,1,1,1,2,1
SF,IH2007,2020-07-17 09:32:16.600,3183.6000,17631,-2,1359717780.000,2,0,2,双平,S,3183.0000,3182.8000,3182.6000,3182.4000,3182.2000,3183.4000,3184.6000,3185.0000,3185.2000,3185.8000,1,1,2,5,1,1,1,1,1,2
SF,IH2007,2020-07-17 09:32:17.100,3183.6000,17631,0,1359717780.000,0,-,-,-,-,3183.4000,3182.8000,3182.6000,3182.4000,3182.2000,3184.6000,3185.0000,3185.2000,3185.8000,3186.8000,2,1,2,5,1,1,1,1,2,1
SF,IH2007,2020-07-17 09:32:17.600,3183.6000,17631,0,1359717780.000,0,-,-,-,-,3183.6000,3183.4000,3182.8000,3182.6000,3182.4000,3184.6000,3185.0000,3185.2000,3185.8000,3186.8000,4,4,1,2,5,1,1,1,2,1
SF,IH2007,2020-07-17 09:32:18.100,3183.6000,17631,0,1359717780.000,0,-,-,-,-,3183.8000,3183.6000,3183.4000,3182.8000,3182.6000,3184.6000,3185.0000,3185.2000,3185.8000,3186.8000,2,3,3,1,2,1,1,1,2,1
SF,IH2007,2020-07-17 09:32:18.600,3183.8000,17630,-1,1360672920.000,1,0,1,双平,S,3184.0000,3183.8000,3183.6000,3183.4000,3182.8000,3184.6000,3185.0000,3185.2000,3185.8000,3186.8000,1,1,3,3,1,1,1,1,2,1
SF,IH2007,2020-07-17 09:32:19.100,3183.8000,17629,-1,1361628060.000,1,0,1,双平,S,3183.8000,3183.6000,3183.4000,3183.2000,3182.8000,3184.4000,3184.6000,3185.0000,3185.2000,3185.8000,1,3,3,2,1,1,1,1,1,2
SF,IH2007,2020-07-17 09:32:19.600,3184.6000,17628,-1,1362583440.000,1,0,1,双平,S,3184.4000,3184.2000,3184.0000,3183.8000,3183.6000,3185.0000,3185.2000,3185.8000,3186.8000,3187.0000,1,3,1,1,3,2,1,2,1,1
SF,IH2007,2020-07-17 09:32:20.100,3184.4000,17627,-1,1364494140.000,2,0,2,多平,S,3184.2000,3184.0000,3183.8000,3183.6000,3183.4000,3184.8000,3185.0000,3185.2000,3185.8000,3186.8000,3,5,1,3,3,1,2,1,2,1
SF,IH2007,2020-07-17 09:32:20.600,3184.8000,17626,-1,1365449580.000,1,0,1,双平,S,3184.2000,3184.0000,3183.8000,3183.6000,3183.4000,3184.4000,3185.0000,3185.2000,3185.8000,3186.8000,3,5,1,3,3,1,2,1,2,1
SF,IH2007,2020-07-17 09:32:21.100,3184.4000,17624,-2,1367360220.000,2,0,2,双平,S,3184.6000,3184.4000,3184.2000,3184.0000,3183.8000,3185.0000,3185.2000,3185.8000,3186.8000,3187.0000,1,1,3,5,1,2,1,2,1,1
SF,IH2007,2020-07-17 09:32:21.600,3184.6000,17623,-1,1369270980.000,2,0,2,多平,S,3184.4000,3184.2000,3184.0000,3183.8000,3183.6000,3185.0000,3185.2000,3185.8000,3186.8000,3187.0000,2,3,5,1,3,2,1,2,1,1
SF,IH2007,2020-07-17 09:32:22.100,3185.2000,17620,-3,1372137540.000,3,0,3,双平,S,3185.0000,3184.6000,3184.4000,3184.2000,3184.0000,3185.8000,3186.8000,3187.0000,3187.8000,3188.2000,1,2,1,3,5,2,1,1,10,1
SF,IH2007,2020-07-17 09:32:22.600,3185.2000,17620,0,1372137540.000,0,-,-,-,-,3185.2000,3185.0000,3184.6000,3184.4000,3184.2000,3185.8000,3186.6000,3186.8000,3187.0000,3187.8000,1,1,1,1,3,2,1,1,1,10
SF,IH2007,2020-07-17 09:32:23.100,3185.8000,17621,1,1373093280.000,1,1,0,双开,S,3185.4000,3185.2000,3185.0000,3184.4000,3184.2000,3185.8000,3186.8000,3187.0000,3187.8000,3188.2000,1,1,2,1,3,1,1,1,10,1
SF,IH2007,2020-07-17 09:32:23.600,3185.4000,17618,-3,1376915640.000,4,0,4,多平,S,3184.4000,3184.2000,3184.0000,3183.8000,3183.6000,3185.4000,3186.8000,3187.0000,3187.8000,3188.2000,1,3,4,1,1,1,1,1,10,1
SF,IH2007,2020-07-17 09:32:24.100,3185.0000,17615,-3,1379782380.000,3,0,3,双平,S,3184.8000,3184.6000,3184.4000,3184.2000,3184.0000,3186.6000,3186.8000,3187.0000,3187.8000,3188.2000,1,1,2,3,4,1,1,1,10,1
SF,IH2007,2020-07-17 09:32:24.600,3185.0000,17615,0,1379782380.000,0,-,-,-,-,3185.8000,3185.0000,3184.8000,3184.6000,3184.4000,3186.4000,3186.6000,3186.8000,3187.0000,3187.8000,1,8,1,1,2,2,4,1,1,10
SF,IH2007,2020-07-17 09:32:25.100,3185.8000,17613,-2,1382649840.000,3,0,3,多平,S,3185.2000,3185.0000,3184.8000,3184.6000,3184.4000,3185.8000,3186.2000,3186.4000,3186.8000,3187.0000,1,7,1,1,1,4,3,1,1,1
SF,IH2007,2020-07-17 09:32:25.600,3185.2000,17606,-7,1389339420.000,7,0,7,双平,S,3185.0000,3184.4000,3184.2000,3184.0000,3183.8000,3185.6000,3185.8000,3186.8000,3187.0000,3187.8000,6,1,3,4,1,1,2,1,1,10
SF,IH2007,2020-07-17 09:32:26.100,3185.6000,17605,-1,1390295100.000,1,0,1,双平,S,3185.6000,3185.4000,3185.2000,3185.0000,3184.4000,3185.8000,3186.8000,3187.0000,3187.8000,3188.2000,2,1,1,6,1,2,1,1,10,1
SF,IH2007,2020-07-17 09:32:26.600,3185.6000,17602,-3,1393162260.000,3,0,3,双平,S,3185.4000,3185.2000,3185.0000,3184.4000,3184.2000,3186.8000,3187.0000,3187.8000,3188.2000,3188.8000,1,1,6,1,3,1,1,10,1,1
SF,IH2007,2020-07-17 09:32:27.100,3185.8000,17601,-1,1395073740.000,2,0,2,多平,S,3186.4000,3185.6000,3185.4000,3185.2000,3185.0000,3186.8000,3187.0000,3187.8000,3188.2000,3188.8000,3,2,1,1,6,1,1,10,1,1
SF,IH2007,2020-07-17 09:32:27.600,3186.4000,17600,-1,1396985700.000,2,0,2,多平,S,3186.4000,3185.6000,3185.4000,3185.2000,3185.0000,3186.6000,3187.0000,3187.8000,3188.2000,3188.8000,2,2,1,1,6,6,1,10,1,1
SF,IH2007,2020-07-17 09:32:28.100,3186.6000,17600,0,1398897600.000,2,1,1,多换,S,3186.4000,3185.6000,3185.4000,3185.2000,3185.0000,3186.6000,3187.0000,3187.8000,3188.2000,3188.8000,1,2,1,1,6,5,1,10,1,1
SF,IH2007,2020-07-17 09:32:28.600,3186.4000,17598,-2,1401765480.000,3,0,3,多平,S,3185.6000,3185.4000,3185.2000,3185.0000,3184.8000,3186.6000,3187.0000,3187.8000,3188.2000,3188.8000,3,1,1,6,1,4,1,10,1,1
SF,IH2007,2020-07-17 09:32:29.100,3185.8000,17596,-2,1403677200.000,2,0,2,双平,S,3185.6000,3185.2000,3185.0000,3184.8000,3184.2000,3186.6000,3187.0000,3187.8000,3188.2000,3188.8000,3,1,6,1,3,3,1,10,1,1
SF,IH2007,2020-07-17 09:32:29.600,3185.6000,17594,-2,1405588860.000,2,0,2,双平,S,3185.6000,3185.2000,3185.0000,3184.8000,3184.2000,3186.6000,3187.0000,3187.8000,3188.2000,3188.8000,2,1,6,1,3,2,1,10,1,1
SF,IH2007,2020-07-17 09:32:30.100,3186.4000,17593,-1,1406544780.000,1,0,1,双平,S,3185.6000,3185.2000,3185.0000,3184.8000,3184.2000,3186.6000,3187.0000,3187.8000,3188.2000,3188.8000,2,1,6,1,3,3,1,10,1,1
SF,IH2007,2020-07-17 09:32:30.600,3186.4000,17593,0,1406544780.000,0,-,-,-,-,3185.6000,3185.4000,3185.2000,3185.0000,3184.8000,3186.4000,3186.6000,3187.0000,3187.8000,3188.2000,2,1,1,6,1,1,3,1,10,1
SF,IH2007,2020-07-17 09:32:31.100,3186.4000,17592,-1,1407500700.000,1,0,1,双平,S,3186.0000,3185.6000,3185.4000,3185.2000,3185.0000,3186.6000,3187.0000,3187.8000,3188.2000,3188.8000,5,1,1,1,1,3,1,10,1,1
SF,IH2007,2020-07-17 09:32:31.600,3186.0000,17588,-4,1411323900.000,4,0,4,双平,S,3186.0000,3185.6000,3185.4000,3185.2000,3185.0000,3186.4000,3186.6000,3187.0000,3187.8000,3188.2000,1,1,1,1,1,1,4,1,10,1
SF,IH2007,2020-07-17 09:32:32.100,3185.4000,17585,-3,1414191000.000,3,0,3,双平,S,3185.2000,3185.0000,3184.8000,3184.2000,3184.0000,3185.6000,3186.0000,3186.2000,3186.4000,3186.6000,1,1,1,3,1,1,1,1,1,5
SF,IH2007,2020-07-17 09:32:32.600,3185.6000,17580,-5,1418968920.000,5,0,5,双平,S,3184.8000,3184.2000,3184.0000,3183.8000,3183.6000,3186.2000,3186.4000,3186.6000,3186.8000,3187.0000,1,3,1,1,1,1,2,5,1,1
SF,IH2007,2020-07-17 09:32:33.100,3184.8000,17578,-2,1421835240.000,3,0,3,多平,S,3184.2000,3184.0000,3183.6000,3183.4000,3183.2000,3184.8000,3186.0000,3186.2000,3186.4000,3186.6000,3,1,1,1,2,1,3,2,2,5
SF,IH2007,2020-07-17 09:32:33.600,3184.6000,17577,-1,1423745880.000,2,0,2,多平,S,3184.2000,3184.0000,3183.6000,3183.4000,3183.2000,3184.6000,3185.6000,3185.8000,3186.0000,3186.2000,2,1,1,1,2,1,1,1,3,1
SF,IH2007,2020-07-17 09:32:34.100,3184.2000,17575,-2,1425656400.000,2,0,2,双平,S,3184.0000,3183.6000,3183.4000,3183.2000,3182.4000,3184.2000,3184.6000,3184.8000,3185.6000,3185.8000,1,1,1,2,4,4,1,1,1,1
SF,IH2007,2020-07-17 09:32:34.600,3184.2000,17571,-4,1429477380.000,4,0,4,双平,S,3183.6000,3183.4000,3183.2000,3182.4000,3181.4000,3184.2000,3184.6000,3184.8000,3185.6000,3185.8000,1,1,2,4,1,1,1,1,1,1
SF,IH2007,2020-07-17 09:32:35.100,3184.2000,17570,-1,1430432640.000,1,0,1,双平,S,3184.2000,3183.6000,3183.4000,3183.2000,3182.4000,3184.6000,3184.8000,3185.2000,3185.8000,3186.0000,1,1,1,2,4,1,1,1,1,3
SF,IH2007,2020-07-17 09:32:35.600,3184.2000,17569,-1,1431387900.000,1,0,1,双平,S,3183.6000,3183.4000,3183.2000,3182.4000,3181.4000,3184.2000,3184.4000,3184.6000,3184.8000,3185.2000,1,1,2,4,1,1,1,2,1,1
SF,IH2007,2020-07-17 09:32:36.100,3183.6000,17564,-5,1436164320.000,5,0,5,双平,S,3183.4000,3183.2000,3182.4000,3181.4000,3181.2000,3184.8000,3185.2000,3185.8000,3186.0000,3186.2000,1,3,4,11,1,1,1,1,3,1
SF,IH2007,2020-07-17 09:32:36.600,3183.6000,17564,0,1436164320.000,0,-,-,-,-,3183.8000,3183.4000,3183.2000,3182.4000,3181.4000,3184.8000,3185.2000,3185.8000,3186.0000,3186.2000,1,1,3,4,11,1,1,1,3,1
SF,IH2007,2020-07-17 09:32:37.100,3185.2000,17562,-2,1438075320.000,2,0,2,双平,S,3183.8000,3183.4000,3183.2000,3182.4000,3181.4000,3185.8000,3186.0000,3186.2000,3186.4000,3186.6000,1,1,3,4,11,1,3,1,2,5
SF,IH2007,2020-07-17 09:32:37.600,3184.2000,17558,-4,1441897620.000,4,0,4,双平,S,3183.8000,3183.2000,3182.4000,3181.4000,3181.2000,3185.8000,3186.0000,3186.2000,3186.4000,3186.6000,1,3,4,11,1,4,1,1,2,5
SF,IH2007,2020-07-17 09:32:38.100,3184.0000,17557,-1,1442852820.000,1,0,1,双平,S,3184.0000,3183.8000,3183.2000,3183.0000,3182.4000,3185.0000,3185.8000,3186.0000,3186.2000,3186.4000,3,1,3,4,4,1,1,1,1,2
SF,IH2007,2020-07-17 09:32:38.600,3185.0000,17557,0,1443808320.000,1,0,1,多换,S,3184.2000,3184.0000,3183.2000,3183.0000,3182.4000,3185.8000,3186.0000,3186.2000,3186.4000,3186.6000,1,3,3,4,4,2,2,1,2,4
SF,IH2007,2020-07-17 09:32:39.100,3185.0000,17557,0,1443808320.000,0,-,-,-,-,3185.6000,3184.4000,3184.2000,3184.0000,3183.2000,3185.8000,3186.0000,3186.2000,3186.4000,3186.6000,2,4,1,1,3,3,2,1,2,4
SF,IH2007,2020-07-17 09:32:39.600,3185.8000,17557,0,1444764060.000,1,0,1,多换,S,3185.6000,3184.4000,3184.2000,3184.0000,3183.2000,3185.8000,3186.0000,3186.2000,3186.4000,3186.6000,2,4,1,1,3,1,2,1,2,4
SF,IH2007,2020-07-17 09:32:40.600,3185.6000,17554,-3,1447631160.000,3,0,3,双平,S,3184.4000,3184.0000,3183.2000,3183.0000,3182.4000,3186.0000,3186.2000,3186.4000,3186.6000,3187.0000,4,1,3,4,4,2,1,2,4,1
SF,IH2007,2020-07-17 09:32:41.100,3185.6000,17554,0,1447631160.000,0,-,-,-,-,3184.4000,3184.0000,3183.2000,3183.0000,3182.4000,3185.6000,3185.8000,3186.0000,3186.4000,3186.6000,5,1,3,4,4,2,1,2,2,4
SF,IH2007,2020-07-17 09:32:41.600,3185.8000,17551,-3,1451453580.000,4,0,4,多平,S,3184.4000,3184.0000,3183.2000,3183.0000,3182.4000,3186.0000,3186.4000,3186.6000,3186.8000,3187.0000,3,1,3,4,4,2,2,4,1,1
SF,IH2007,2020-07-17 09:32:42.100,3185.8000,17551,0,1451453580.000,0,-,-,-,-,3185.6000,3184.4000,3184.2000,3184.0000,3183.2000,3185.8000,3186.0000,3186.4000,3186.6000,3186.8000,1,3,1,1,3,1,3,2,4,1
SF,IH2007,2020-07-17 09:32:42.600,3185.6000,17550,-1,1453364940.000,2,0,2,多平,S,3184.4000,3184.2000,3184.0000,3183.2000,3183.0000,3185.6000,3185.8000,3186.0000,3186.4000,3186.6000,3,1,1,3,4,2,1,3,2,4
SF,IH2007,2020-07-17 09:32:43.100,3185.6000,17550,0,1453364940.000,0,-,-,-,-,3184.4000,3184.2000,3184.0000,3183.2000,3183.0000,3185.6000,3185.8000,3186.0000,3186.4000,3186.6000,3,1,1,3,4,1,1,3,2,4
SF,IH2007,2020-07-17 09:32:43.600,3185.6000,17548,-2,1455276300.000,2,0,2,双平,S,3184.4000,3184.2000,3184.0000,3183.4000,3183.2000,3185.8000,3186.0000,3186.4000,3186.6000,3186.8000,2,1,1,1,3,1,3,2,4,1
SF,IH2007,2020-07-17 09:32:44.100,3185.6000,17548,0,1455276300.000,0,-,-,-,-,3184.4000,3184.2000,3184.0000,3183.4000,3183.2000,3185.8000,3186.0000,3186.4000,3186.6000,3186.8000,2,1,1,1,3,1,3,2,4,1
SF,IH2007,2020-07-17 09:32:44.600,3185.8000,17547,-1,1456232040.000,1,0,1,双平,S,3184.6000,3184.4000,3184.2000,3184.0000,3183.4000,3186.0000,3186.4000,3186.6000,3186.8000,3187.0000,1,2,1,1,1,3,2,4,1,1
SF,IH2007,2020-07-17 09:32:45.100,3186.0000,17543,-4,1460055240.000,4,0,4,双平,S,3185.8000,3185.6000,3184.8000,3184.6000,3184.4000,3186.4000,3186.6000,3186.8000,3187.0000,3187.8000,5,1,1,3,2,2,4,1,1,10
SF,IH2007,2020-07-17 09:32:45.600,3186.0000,17536,-7,1467702660.000,8,0,8,多平,S,3185.8000,3185.6000,3184.8000,3184.6000,3184.4000,3186.8000,3187.0000,3187.8000,3188.2000,3188.4000,5,1,1,3,2,1,1,10,1,1
SF,IH2007,2020-07-17 09:32:46.100,3185.8000,17534,-2,1469614200.000,2,0,2,双平,S,3185.8000,3185.6000,3184.8000,3184.6000,3184.4000,3186.4000,3186.8000,3187.0000,3187.8000,3188.2000,4,1,1,3,1,1,1,1,10,1
SF,IH2007,2020-07-17 09:32:46.600,3186.8000,17532,-2,1471526160.000,2,0,2,双平,S,3186.8000,3185.8000,3185.6000,3184.8000,3184.6000,3187.0000,3187.8000,3188.2000,3188.4000,3189.2000,12,5,1,1,3,1,10,1,1,1
SF,IH2007,2020-07-17 09:32:47.100,3187.0000,17519,-13,1483954740.000,13,0,13,双平,S,3185.8000,3185.6000,3185.0000,3184.8000,3184.6000,3187.8000,3188.2000,3188.4000,3189.2000,3189.4000,5,1,1,1,2,10,1,1,1,1
SF,IH2007,2020-07-17 09:32:47.600,3185.8000,17516,-3,1486821960.000,3,0,3,双平,S,3185.8000,3185.6000,3185.0000,3184.8000,3184.6000,3187.6000,3187.8000,3188.2000,3188.4000,3189.2000,2,1,1,1,1,3,15,1,1,1
SF,IH2007,2020-07-17 09:32:48.100,3185.8000,17514,-2,1488733440.000,2,0,2,双平,S,3186.8000,3185.6000,3185.0000,3184.8000,3184.6000,3187.2000,3187.4000,3187.6000,3187.8000,3188.2000,1,1,1,1,1,5,4,4,10,1
SF,IH2007,2020-07-17 09:32:48.600,3185.0000,17513,-1,1491600660.000,3,1,2,多平,S,3184.8000,3184.6000,3184.4000,3184.2000,3184.0000,3185.8000,3186.8000,3187.0000,3187.4000,3187.6000,1,1,1,1,11,5,2,3,2,2
SF,IH2007,2020-07-17 09:32:49.100,3185.0000,17513,0,1491600660.000,0,-,-,-,-,3185.0000,3184.8000,3184.6000,3184.4000,3184.2000,3185.6000,3185.8000,3186.8000,3187.0000,3187.6000,1,1,1,1,1,1,5,2,3,1
SF,IH2007,2020-07-17 09:32:49.600,3185.6000,17512,-1,1492556340.000,1,0,1,双平,S,3184.8000,3184.6000,3184.4000,3184.2000,3184.0000,3186.8000,3187.0000,3187.6000,3187.8000,3188.2000,1,1,1,1,10,2,3,1,10,1
SF,IH2007,2020-07-17 09:32:50.100,3185.6000,17512,0,1492556340.000,0,-,-,-,-,3184.8000,3184.6000,3184.4000,3184.2000,3184.0000,3186.6000,3186.8000,3187.0000,3187.6000,3187.8000,5,1,1,1,10,3,7,1,1,10
SF,IH2007,2020-07-17 09:32:50.600,3185.6000,17512,0,1492556340.000,0,-,-,-,-,3185.0000,3184.8000,3184.6000,3184.4000,3184.2000,3186.4000,3186.6000,3187.0000,3187.6000,3187.8000,1,5,1,1,1,2,2,1,1,10
SF,IH2007,2020-07-17 09:32:51.100,3186.6000,17509,-3,1495424220.000,3,0,3,双平,S,3185.2000,3185.0000,3184.8000,3184.6000,3184.4000,3186.4000,3187.6000,3187.8000,3188.2000,3189.2000,1,1,5,1,1,1,1,10,1,1
SF,IH2007,2020-07-17 09:32:51.600,3186.4000,17507,-2,1497336120.000,2,0,2,双平,S,3185.4000,3185.2000,3185.0000,3184.8000,3184.4000,3187.4000,3187.6000,3187.8000,3188.2000,3189.2000,4,1,1,5,1,1,1,10,1,1
SF,IH2007,2020-07-17 09:32:52.100,3185.6000,17506,-1,1498291800.000,1,0,1,双平,S,3185.6000,3185.4000,3185.0000,3184.8000,3184.4000,3187.4000,3187.6000,3187.8000,3188.2000,3189.2000,1,4,1,5,1,1,1,10,1,1
SF,IH2007,2020-07-17 09:32:52.600,3187.4000,17504,-2,1500204240.000,2,0,2,双平,S,3185.8000,3185.6000,3185.4000,3184.8000,3184.4000,3187.6000,3187.8000,3188.2000,3189.2000,3189.4000,2,1,3,5,1,1,10,1,1,1
SF,IH2007,2020-07-17 09:32:53.100,3187.4000,17502,-2,1502116260.000,2,0,2,双平,S,3186.0000,3185.8000,3185.4000,3184.8000,3184.4000,3187.4000,3187.6000,3187.8000,3188.2000,3189.2000,3,2,1,5,1,1,6,10,1,1
SF,IH2007,2020-07-17 09:32:53.600,3187.4000,17502,0,1502116260.000,0,-,-,-,-,3186.2000,3186.0000,3185.8000,3185.6000,3184.8000,3187.4000,3187.6000,3187.8000,3188.2000,3189.2000,2,2,11,4,5,2,6,10,1,1
SF,IH2007,2020-07-17 09:32:54.100,3187.4000,17502,0,1502116260.000,0,-,-,-,-,3186.2000,3186.0000,3185.8000,3185.6000,3184.8000,3187.4000,3187.6000,3187.8000,3188.2000,3189.2000,2,2,11,4,5,2,6,10,1,1
SF,IH2007,2020-07-17 09:32:54.600,3186.4000,17500,-2,1504028400.000,2,0,2,双平,S,3186.2000,3186.0000,3185.8000,3185.6000,3184.8000,3186.8000,3187.4000,3187.6000,3187.8000,3188.2000,2,1,11,4,5,5,2,1,10,1
SF,IH2007,2020-07-17 09:32:55.100,3186.0000,17498,-2,1505940060.000,2,0,2,双平,S,3185.8000,3185.6000,3184.8000,3184.4000,3184.2000,3186.2000,3186.6000,3187.0000,3187.4000,3187.6000,11,4,5,1,1,1,5,1,2,1
SF,IH2007,2020-07-17 09:32:55.600,3185.8000,17491,-7,1512630360.000,7,0,7,双平,S,3185.6000,3184.8000,3184.4000,3184.2000,3183.4000,3186.6000,3187.4000,3187.6000,3187.8000,3188.2000,4,5,1,1,1,5,3,1,10,1
SF,IH2007,2020-07-17 09:32:56.100,3185.6000,17488,-3,1515497400.000,3,0,3,双平,S,3185.6000,3184.8000,3184.4000,3184.2000,3183.4000,3186.0000,3186.4000,3186.6000,3187.4000,3187.8000,1,5,1,1,1,1,2,5,3,10
SF,IH2007,2020-07-17 09:32:56.600,3184.8000,17486,-2,1517408520.000,2,0,2,双平,S,3184.8000,3184.2000,3183.4000,3183.2000,3183.0000,3185.4000,3185.6000,3186.0000,3187.4000,3187.8000,4,1,1,3,4,1,2,1,3,10
SF,IH2007,2020-07-17 09:32:57.100,3185.4000,17485,-1,1518364140.000,1,0,1,双平,S,3185.4000,3184.8000,3184.2000,3183.6000,3183.4000,3185.6000,3186.0000,3187.4000,3187.8000,3188.2000,1,4,1,4,1,2,1,3,10,1
SF,IH2007,2020-07-17 09:32:57.600,3187.4000,17482,-3,1522187520.000,4,0,4,多平,S,3186.2000,3185.4000,3184.8000,3184.2000,3183.6000,3187.4000,3187.8000,3188.2000,3189.2000,3189.4000,1,1,4,1,4,2,10,1,1,1
SF,IH2007,2020-07-17 09:32:58.100,3187.4000,17479,-3,1526012040.000,4,0,4,多平,S,3187.4000,3186.2000,3185.6000,3184.8000,3184.2000,3187.8000,3188.2000,3189.2000,3189.4000,3190.0000,5,2,1,4,1,10,1,1,1,26
SF,IH2007,2020-07-17 09:32:58.600,3187.4000,17474,-5,1530793140.000,5,0,5,双平,S,3186.2000,3185.6000,3185.4000,3184.8000,3184.2000,3187.6000,3187.8000,3188.2000,3189.2000,3189.4000,2,1,1,4,1,1,10,1,1,1
SF,IH2007,2020-07-17 09:32:59.100,3187.4000,17474,0,1530793140.000,0,-,-,-,-,3187.4000,3186.4000,3186.2000,3185.6000,3185.4000,3187.6000,3187.8000,3188.2000,3189.2000,3189.4000,1,1,2,1,1,1,10,1,1,1
SF,IH2007,2020-07-17 09:32:59.600,3187.6000,17473,-1,1533661920.000,3,1,2,多平,S,3186.4000,3186.2000,3185.6000,3185.4000,3184.8000,3187.4000,3187.6000,3187.8000,3188.2000,3189.2000,2,2,1,1,4,1,5,10,1,1
SF,IH2007,2020-07-17 09:33:00.100,3187.6000,17473,0,1533661920.000,0,-,-,-,-,3186.6000,3186.4000,3186.2000,3185.6000,3185.4000,3187.4000,3187.6000,3187.8000,3188.2000,3189.2000,2,2,2,1,1,2,1,10,1,1
SF,IH2007,2020-07-17 09:33:00.600,3187.6000,17470,-3,1536530640.000,3,0,3,双平,S,3187.6000,3187.4000,3186.6000,3186.4000,3186.2000,3187.8000,3188.2000,3189.2000,3189.4000,3190.0000,1,1,1,1,2,10,1,1,1,26
SF,IH2007,2020-07-17 09:33:01.100,3187.4000,17469,-1,1537486860.000,1,0,1,双平,S,3187.4000,3186.6000,3186.4000,3186.2000,3185.6000,3187.6000,3187.8000,3188.2000,3189.2000,3189.4000,1,1,1,2,1,5,15,1,1,1
SF,IH2007,2020-07-17 09:33:01.600,3187.4000,17468,-1,1538443080.000,1,0,1,双平,S,3186.6000,3186.4000,3186.2000,3185.8000,3185.6000,3187.6000,3187.8000,3188.2000,3189.2000,3189.4000,1,1,2,1,1,5,10,2,1,1
SF,IH2007,2020-07-17 09:33:02.100,3186.6000,17466,-2,1540355340.000,2,0,2,双平,S,3186.4000,3186.2000,3185.8000,3185.6000,3185.4000,3187.6000,3187.8000,3188.2000,3188.8000,3189.2000,1,2,1,1,1,4,10,2,1,1
SF,IH2007,2020-07-17 09:33:02.600,3186.6000,17466,0,1540355340.000,0,-,-,-,-,3186.6000,3186.2000,3185.8000,3185.6000,3185.4000,3187.4000,3187.6000,3187.8000,3188.2000,3188.8000,1,2,1,1,11,1,5,10,2,1
SF,IH2007,2020-07-17 09:33:03.100,3186.6000,17465,-1,1541311320.000,1,0,1,双平,S,3186.2000,3185.8000,3185.6000,3185.4000,3184.8000,3187.4000,3187.6000,3187.8000,3188.2000,3188.8000,2,1,1,11,5,2,5,10,2,1
SF,IH2007,2020-07-17 09:33:03.600,3186.2000,17464,-1,1542267180.000,1,0,1,双平,S,3186.2000,3185.8000,3185.6000,3185.4000,3184.8000,3187.2000,3187.4000,3187.6000,3187.8000,3188.2000,1,1,1,11,5,2,1,5,10,2
SF,IH2007,2020-07-17 09:33:04.100,3186.2000,17464,0,1542267180.000,0,-,-,-,-,3186.2000,3185.8000,3185.6000,3185.4000,3184.8000,3187.0000,3187.2000,3187.4000,3187.6000,3187.8000,1,1,1,11,5,2,1,1,5,10
SF,IH2007,2020-07-17 09:33:04.600,3187.0000,17463,-1,1543223280.000,1,0,1,双平,S,3186.2000,3185.8000,3185.4000,3184.8000,3184.2000,3187.2000,3187.4000,3187.6000,3187.8000,3188.2000,1,1,11,5,1,1,1,5,10,2
SF,IH2007,2020-07-17 09:33:05.100,3187.0000,17463,0,1543223280.000,0,-,-,-,-,3186.2000,3185.8000,3185.4000,3184.8000,3184.2000,3186.4000,3187.2000,3187.4000,3187.6000,3187.8000,1,1,11,5,1,1,1,1,5,10
SF,IH2007,2020-07-17 09:33:05.600,3186.4000,17462,-1,1544179200.000,1,0,1,双平,S,3186.4000,3186.2000,3185.8000,3185.4000,3184.8000,3187.2000,3187.4000,3187.6000,3187.8000,3188.2000,1,1,11,1,5,1,1,5,10,2
SF,IH2007,2020-07-17 09:33:06.100,3187.2000,17461,-1,1546091280.000,2,0,2,多平,S,3186.2000,3185.8000,3185.4000,3184.8000,3184.2000,3187.2000,3187.4000,3187.6000,3187.8000,3188.2000,1,1,1,15,1,1,1,5,10,2
SF,IH2007,2020-07-17 09:33:06.600,3186.2000,17460,-1,1547047140.000,1,0,1,双平,S,3185.8000,3185.4000,3184.8000,3184.2000,3184.0000,3187.0000,3187.2000,3187.4000,3187.6000,3187.8000,1,1,15,1,1,1,2,2,5,10
SF,IH2007,2020-07-17 09:33:07.600,3186.2000,17460,0,1547047140.000,0,-,-,-,-,3185.8000,3185.4000,3184.8000,3184.2000,3184.0000,3186.2000,3187.0000,3187.2000,3187.4000,3187.6000,1,1,15,1,1,1,1,2,2,4
SF,IH2007,2020-07-17 09:33:08.100,3186.2000,17456,-4,1552783140.000,6,1,5,多平,S,3185.8000,3185.4000,3185.0000,3184.8000,3183.6000,3187.4000,3187.6000,3187.8000,3188.2000,3189.2000,2,1,2,15,4,2,4,10,2,1
SF,IH2007,2020-07-17 09:33:08.600,3187.4000,17455,-1,1553739360.000,1,0,1,双平,S,3186.0000,3185.8000,3185.4000,3185.0000,3184.8000,3187.4000,3187.6000,3187.8000,3188.2000,3189.2000,2,2,1,2,5,1,4,10,2,2
SF,IH2007,2020-07-17 09:33:09.100,3186.0000,17452,-3,1556607240.000,3,0,3,双平,S,3186.0000,3185.8000,3185.4000,3185.0000,3184.8000,3187.4000,3187.6000,3187.8000,3188.2000,3189.2000,1,1,1,2,5,1,4,10,2,2
SF,IH2007,2020-07-17 09:33:09.600,3186.0000,17452,0,1556607240.000,0,-,-,-,-,3186.0000,3185.8000,3185.4000,3185.0000,3184.8000,3187.2000,3187.4000,3187.6000,3187.8000,3188.2000,1,1,1,2,5,1,2,4,10,2
SF,IH2007,2020-07-17 09:33:10.100,3186.0000,17452,0,1556607240.000,0,-,-,-,-,3186.0000,3185.8000,3185.4000,3185.0000,3184.8000,3187.4000,3187.6000,3187.8000,3188.2000,3189.2000,1,1,1,2,5,2,4,10,2,2
SF,IH2007,2020-07-17 09:33:10.600,3186.0000,17450,-2,1558518840.000,2,0,2,双平,S,3186.0000,3185.8000,3185.4000,3185.0000,3184.8000,3187.4000,3187.6000,3187.8000,3188.2000,3189.2000,1,1,1,2,5,3,4,10,2,2
SF,IH2007,2020-07-17 09:33:11.100,3187.4000,17449,-1,1559475060.000,1,0,1,双平,S,3186.2000,3186.0000,3185.8000,3185.4000,3185.0000,3187.4000,3187.6000,3187.8000,3188.2000,3189.2000,14,1,2,1,2,2,4,10,2,2
SF,IH2007,2020-07-17 09:33:11.600,3187.6000,17446,-3,1562343780.000,3,0,3,双平,S,3187.4000,3186.6000,3186.4000,3186.2000,3186.0000,3187.6000,3187.8000,3188.2000,3189.2000,3189.4000,1,1,1,14,1,3,10,2,2,1
SF,IH2007,2020-07-17 09:33:12.100,3186.6000,17444,-2,1564256040.000,2,0,2,双平,S,3186.4000,3186.2000,3186.0000,3185.8000,3185.4000,3187.6000,3187.8000,3188.2000,3189.2000,3189.4000,1,3,1,2,1,3,10,2,2,1
SF,IH2007,2020-07-17 09:33:12.600,3187.6000,17439,-5,1569037440.000,5,0,5,双平,S,3187.6000,3186.8000,3186.6000,3186.4000,3186.2000,3187.8000,3188.2000,3189.2000,3189.4000,3190.0000,7,1,3,2,1,10,2,2,1,25
SF,IH2007,2020-07-17 09:33:13.600,3187.6000,17434,-5,1573818840.000,5,0,5,双平,S,3187.6000,3187.4000,3186.8000,3186.6000,3186.4000,3187.8000,3188.2000,3189.2000,3189.4000,3190.0000,2,10,1,3,2,11,2,2,1,25
SF,IH2007,2020-07-17 09:33:14.100,3187.6000,17431,-3,1576687680.000,3,0,3,双平,S,3186.8000,3186.6000,3186.4000,3186.2000,3186.0000,3187.4000,3187.6000,3187.8000,3188.2000,3189.2000,1,3,2,1,2,1,6,11,2,2
SF,IH2007,2020-07-17 09:33:14.600,3186.6000,17430,-1,1578599700.000,2,0,2,多平,S,3186.4000,3186.2000,3186.0000,3185.8000,3185.4000,3186.8000,3187.4000,3187.6000,3187.8000,3188.2000,1,1,2,2,1,2,1,8,11,2
SF,IH2007,2020-07-17 09:33:15.100,3186.8000,17423,-7,1585291860.000,7,0,7,双平,S,3186.2000,3186.0000,3185.8000,3185.4000,3185.0000,3186.8000,3187.4000,3187.6000,3187.8000,3188.2000,1,1,2,1,2,1,1,6,11,2
SF,IH2007,2020-07-17 09:33:15.600,3187.4000,17416,-7,1594851300.000,10,1,9,多平,S,3187.4000,3185.4000,3185.0000,3184.8000,3184.6000,3187.6000,3187.8000,3188.0000,3188.2000,3189.2000,14,1,2,4,1,7,11,1,2,1
SF,IH2007,2020-07-17 09:33:16.100,3187.4000,17403,-13,1607282160.000,13,0,13,双平,S,3187.4000,3185.4000,3185.0000,3184.8000,3183.6000,3187.6000,3187.8000,3188.0000,3188.2000,3189.2000,1,1,2,4,4,7,11,1,2,1
SF,IH2007,2020-07-17 09:33:16.600,3187.4000,17401,-2,1609194600.000,2,0,2,双平,S,3185.6000,3185.4000,3185.0000,3184.8000,3183.6000,3187.4000,3187.6000,3187.8000,3188.0000,3188.2000,1,1,2,4,4,1,7,11,1,2
SF,IH2007,2020-07-17 09:33:17.100,3187.4000,17401,0,1609194600.000,0,-,-,-,-,3185.6000,3185.4000,3185.0000,3184.8000,3183.6000,3187.2000,3187.4000,3187.6000,3187.8000,3188.0000,1,1,2,5,4,2,1,7,11,1
SF,IH2007,2020-07-17 09:33:17.600,3185.6000,17400,-1,1610150280.000,1,0,1,双平,S,3185.4000,3185.0000,3184.8000,3183.8000,3183.6000,3187.2000,3187.6000,3187.8000,3188.0000,3188.2000,1,2,5,1,4,2,7,11,1,2
SF,IH2007,2020-07-17 09:33:18.100,3185.6000,17400,0,1610150280.000,0,-,-,-,-,3185.4000,3185.0000,3184.8000,3183.8000,3183.6000,3186.8000,3187.0000,3187.2000,3187.6000,3187.8000,1,2,5,1,4,1,2,3,7,11
SF,IH2007,2020-07-17 09:33:18.600,3185.4000,17399,-1,1611105900.000,1,0,1,双平,S,3185.4000,3185.0000,3184.8000,3183.8000,3183.6000,3185.6000,3186.6000,3186.8000,3187.0000,3187.2000,10,2,5,1,4,7,1,2,2,1
SF,IH2007,2020-07-17 09:33:19.100,3187.0000,17388,-11,1621619460.000,11,0,11,双平,S,3185.0000,3184.8000,3183.8000,3183.6000,3183.4000,3187.0000,3187.2000,3187.6000,3187.8000,3188.0000,2,5,1,4,1,1,1,7,11,2
SF,IH2007,2020-07-17 09:33:19.600,3187.0000,17388,0,1621619460.000,0,-,-,-,-,3185.4000,3185.2000,3185.0000,3184.8000,3183.8000,3186.0000,3187.2000,3187.6000,3187.8000,3188.0000,1,1,3,5,1,2,1,7,11,2
SF,IH2007,2020-07-17 09:33:20.100,3186.0000,17385,-3,1624486620.000,3,0,3,双平,S,3185.6000,3185.0000,3184.8000,3183.8000,3183.6000,3187.2000,3187.6000,3187.8000,3188.0000,3188.2000,10,2,5,1,4,1,7,11,2,1
SF,IH2007,2020-07-17 09:33:20.600,3186.0000,17385,0,1624486620.000,0,-,-,-,-,3185.6000,3185.2000,3185.0000,3184.8000,3183.8000,3187.2000,3187.4000,3187.6000,3187.8000,3188.0000,11,4,2,5,1,1,1,7,10,2
SF,IH2007,2020-07-17 09:33:21.100,3185.6000,17382,-3,1628309820.000,4,0,4,多平,S,3185.6000,3185.2000,3185.0000,3184.8000,3183.8000,3187.2000,3187.4000,3187.6000,3187.8000,3188.0000,8,4,2,5,1,1,1,7,10,2
SF,IH2007,2020-07-17 09:33:22.100,3185.6000,17382,0,1628309820.000,0,-,-,-,-,3185.8000,3185.6000,3185.2000,3185.0000,3184.8000,3186.0000,3187.2000,3187.4000,3187.6000,3187.8000,1,8,4,2,5,1,2,1,7,10
SF,IH2007,2020-07-17 09:33:22.600,3187.0000,17380,-2,1630221720.000,2,0,2,双平,S,3186.0000,3185.8000,3185.6000,3185.2000,3185.0000,3187.2000,3187.6000,3187.8000,3188.0000,3188.2000,2,1,7,4,2,2,7,10,2,1
SF,IH2007,2020-07-17 09:33:23.100,3186.0000,17371,-9,1638825360.000,9,0,9,双平,S,3185.8000,3185.6000,3185.2000,3185.0000,3184.8000,3187.6000,3187.8000,3188.0000,3188.2000,3188.4000,1,7,4,2,5,1,10,2,1,7
SF,IH2007,2020-07-17 09:33:23.600,3185.0000,17360,-11,1650292860.000,12,0,12,多平,S,3185.0000,3184.8000,3183.8000,3183.4000,3183.2000,3185.8000,3187.6000,3187.8000,3188.0000,3188.2000,1,5,1,1,3,1,1,10,2,1
SF,IH2007,2020-07-17 09:33:24.100,3185.8000,17359,-1,1651248600.000,1,0,1,双平,S,3185.2000,3185.0000,3184.8000,3183.8000,3183.4000,3185.8000,3187.4000,3187.6000,3187.8000,3188.0000,2,1,5,1,1,1,1,1,10,2
SF,IH2007,2020-07-17 09:33:24.600,3185.8000,17359,0,1651248600.000,0,-,-,-,-,3185.2000,3185.0000,3184.8000,3183.8000,3183.4000,3185.6000,3185.8000,3187.4000,3187.6000,3187.8000,2,1,5,1,1,1,1,1,1,10
SF,IH2007,2020-07-17 09:33:25.100,3185.8000,17356,-3,1654115580.000,3,0,3,双平,S,3185.8000,3185.2000,3185.0000,3184.8000,3183.8000,3187.4000,3187.6000,3187.8000,3188.0000,3188.2000,1,1,1,5,1,1,1,10,2,1
SF,IH2007,2020-07-17 09:33:25.600,3185.0000,17354,-2,1656982380.000,3,0,3,多平,S,3184.8000,3183.8000,3183.4000,3183.2000,3183.0000,3185.2000,3185.4000,3187.0000,3187.4000,3187.6000,14,1,1,3,4,2,1,1,1,1
SF,IH2007,2020-07-17 09:33:26.100,3185.2000,17352,-2,1659848940.000,3,0,3,多平,S,3184.8000,3183.8000,3183.4000,3183.2000,3183.0000,3185.2000,3187.0000,3187.2000,3187.4000,3187.6000,14,1,1,3,4,1,1,1,1,1
SF,IH2007,2020-07-17 09:33:26.600,3185.2000,17351,-1,1660804500.000,1,0,1,双平,S,3185.2000,3185.0000,3184.8000,3183.8000,3183.4000,3186.8000,3187.0000,3187.2000,3187.6000,3187.8000,10,1,4,1,1,1,1,1,1,10
SF,IH2007,2020-07-17 09:33:27.100,3186.8000,17346,-5,1665584460.000,5,0,5,双平,S,3185.6000,3185.4000,3185.0000,3184.8000,3183.8000,3187.2000,3187.6000,3187.8000,3188.0000,3188.2000,1,2,1,4,1,1,1,10,2,1
SF,IH2007,2020-07-17 09:33:27.600,3186.8000,17346,0,1665584460.000,0,-,-,-,-,3185.8000,3185.6000,3185.4000,3184.8000,3183.8000,3186.8000,3187.6000,3187.8000,3188.0000,3188.2000,1,1,4,4,1,1,1,10,2,1
SF,IH2007,2020-07-17 09:33:28.100,3186.0000,17345,-1,1666540260.000,1,0,1,双平,S,3185.8000,3185.6000,3185.4000,3184.8000,3183.8000,3186.8000,3187.2000,3187.4000,3187.6000,3187.8000,1,1,2,4,1,1,1,1,1,10
SF,IH2007,2020-07-17 09:33:28.600,3186.0000,17345,0,1666540260.000,0,-,-,-,-,3186.0000,3185.6000,3185.4000,3184.8000,3183.8000,3186.8000,3187.2000,3187.4000,3187.6000,3187.8000,2,1,2,4,1,1,1,1,1,10
SF,IH2007,2020-07-17 09:33:29.100,3186.8000,17344,-1,1668452100.000,2,0,2,多平,S,3186.0000,3185.6000,3185.4000,3184.8000,3183.8000,3186.8000,3187.0000,3187.2000,3187.4000,3187.6000,1,1,2,4,1,1,1,1,1,1
SF,IH2007,2020-07-17 09:33:29.600,3186.0000,17343,-1,1669407900.000,1,0,1,双平,S,3185.6000,3185.4000,3184.8000,3183.8000,3183.4000,3186.6000,3186.8000,3187.0000,3187.2000,3187.4000,1,2,4,1,1,1,1,1,1,1
SF,IH2007,2020-07-17 09:33:30.100,3185.6000,17342,-1,1670363580.000,1,0,1,双平,S,3184.8000,3183.8000,3183.4000,3183.2000,3183.0000,3185.8000,3186.4000,3186.6000,3186.8000,3187.0000,4,1,1,3,4,1,1,2,2,4
SF,IH2007,2020-07-17 09:33:30.600,3185.0000,17341,-1,1671319080.000,1,0,1,双平,S,3185.0000,3184.8000,3183.8000,3183.4000,3183.2000,3185.8000,3186.4000,3186.6000,3186.8000,3187.0000,2,4,1,1,3,1,1,2,2,4
SF,IH2007,2020-07-17 09:33:31.100,3184.8000,17338,-3,1674185460.000,3,0,3,双平,S,3184.8000,3183.8000,3183.4000,3183.2000,3183.0000,3185.6000,3185.8000,3186.4000,3186.6000,3186.8000,2,1,1,3,4,1,1,1,2,2
SF,IH2007,2020-07-17 09:33:31.600,3184.8000,17336,-2,1677051780.000,3,0,3,多平,S,3183.8000,3183.4000,3183.2000,3183.0000,3182.4000,3185.6000,3185.8000,3186.4000,3186.6000,3186.8000,1,1,3,4,8,1,1,1,2,2
SF,IH2007,2020-07-17 09:33:32.100,3184.8000,17336,0,1677051780.000,0,-,-,-,-,3183.8000,3183.4000,3183.2000,3183.0000,3182.4000,3185.4000,3185.6000,3185.8000,3186.0000,3186.4000,1,1,3,4,8,1,1,1,1,1
SF,IH2007,2020-07-17 09:33:32.600,3184.8000,17336,0,1677051780.000,0,-,-,-,-,3183.8000,3183.4000,3183.2000,3183.0000,3182.4000,3185.0000,3185.4000,3185.6000,3185.8000,3186.0000,1,1,3,4,8,1,1,1,1,1
SF,IH2007,2020-07-17 09:33:33.100,3184.8000,17336,0,1677051780.000,0,-,-,-,-,3183.4000,3183.2000,3183.0000,3182.4000,3182.2000,3185.0000,3185.4000,3185.6000,3185.8000,3186.0000,1,3,4,8,4,3,1,1,1,1
SF,IH2007,2020-07-17 09:33:33.600,3184.8000,17336,0,1677051780.000,0,-,-,-,-,3183.4000,3183.2000,3183.0000,3182.4000,3182.2000,3183.8000,3184.8000,3185.0000,3185.4000,3185.6000,1,3,4,8,4,2,1,3,1,1
SF,IH2007,2020-07-17 09:33:34.100,3183.8000,17335,-1,1678961940.000,2,0,2,多平,S,3183.2000,3183.0000,3182.4000,3182.2000,3181.4000,3183.8000,3184.8000,3185.0000,3185.4000,3185.6000,3,4,8,4,1,1,2,3,1,1
SF,IH2007,2020-07-17 09:33:34.600,3183.8000,17334,-1,1680872040.000,2,0,2,多平,S,3183.2000,3183.0000,3182.4000,3182.2000,3181.4000,3183.8000,3184.6000,3184.8000,3185.0000,3185.4000,2,4,8,4,1,1,1,2,3,1
SF,IH2007,2020-07-17 09:33:35.100,3183.4000,17333,-1,1681827060.000,1,0,1,双平,S,3183.2000,3183.0000,3182.4000,3182.2000,3181.4000,3183.8000,3184.6000,3184.8000,3185.0000,3185.4000,2,4,8,4,1,1,1,2,3,1
SF,IH2007,2020-07-17 09:33:35.600,3183.2000,17332,-1,1683736980.000,2,0,2,多平,S,3183.0000,3182.4000,3182.2000,3181.4000,3181.2000,3183.8000,3184.6000,3184.8000,3185.0000,3185.4000,4,8,4,1,1,2,1,2,3,1
SF,IH2007,2020-07-17 09:33:36.100,3183.2000,17332,0,1683736980.000,0,-,-,-,-,3183.0000,3182.4000,3182.2000,3181.4000,3181.2000,3183.8000,3184.6000,3184.8000,3185.0000,3185.4000,4,8,4,1,1,3,1,2,3,1
SF,IH2007,2020-07-17 09:33:36.600,3183.0000,17331,-1,1684691880.000,1,0,1,双平,S,3183.0000,3182.4000,3182.2000,3181.4000,3181.2000,3183.8000,3184.6000,3184.8000,3185.0000,3185.4000,3,8,4,1,1,3,1,2,3,1
SF,IH2007,2020-07-17 09:33:37.100,3183.0000,17328,-3,1688511720.000,4,0,4,多平,S,3182.4000,3182.2000,3181.4000,3181.2000,3179.6000,3183.8000,3184.6000,3184.8000,3185.0000,3185.4000,8,4,1,1,1,2,1,2,3,1
SF,IH2007,2020-07-17 09:33:37.600,3183.0000,17328,0,1688511720.000,0,-,-,-,-,3183.4000,3182.6000,3182.4000,3182.2000,3181.4000,3183.6000,3183.8000,3184.4000,3184.6000,3184.8000,2,1,4,4,1,1,2,1,1,1
SF,IH2007,2020-07-17 09:33:38.100,3183.4000,17326,-2,1690421760.000,2,0,2,双平,S,3182.4000,3182.2000,3182.0000,3181.4000,3181.2000,3183.8000,3184.4000,3184.6000,3184.8000,3185.0000,4,4,1,1,1,2,1,1,1,2
SF,IH2007,2020-07-17 09:33:38.600,3182.4000,17325,-1,1691376480.000,1,0,1,双平,S,3182.4000,3182.2000,3182.0000,3181.4000,3181.2000,3183.4000,3183.6000,3183.8000,3184.4000,3184.6000,3,4,1,1,1,1,2,2,1,1
SF,IH2007,2020-07-17 09:33:39.100,3182.4000,17325,0,1691376480.000,0,-,-,-,-,3182.4000,3182.2000,3182.0000,3181.4000,3181.2000,3183.4000,3183.6000,3183.8000,3184.4000,3184.6000,3,4,1,1,1,2,1,2,1,1
SF,IH2007,2020-07-17 09:33:39.600,3182.4000,17325,0,1691376480.000,0,-,-,-,-,3182.4000,3182.2000,3182.0000,3181.4000,3181.2000,3183.0000,3183.2000,3183.4000,3183.8000,3184.4000,3,4,1,1,1,1,1,2,2,1
SF,IH2007,2020-07-17 09:33:40.100,3182.8000,17324,-1,1692331320.000,1,0,1,双平,S,3182.6000,3182.4000,3182.2000,3182.0000,3181.4000,3183.0000,3183.2000,3183.4000,3183.8000,3184.4000,2,3,4,1,1,1,1,1,2,1
SF,IH2007,2020-07-17 09:33:40.600,3183.0000,17321,-3,1695195780.000,3,0,3,双平,S,3182.4000,3182.2000,3182.0000,3181.4000,3181.2000,3183.2000,3183.4000,3183.8000,3184.4000,3184.6000,3,4,1,1,1,1,1,2,1,1
SF,IH2007,2020-07-17 09:33:41.100,3183.4000,17320,-1,1697105760.000,2,0,2,多平,S,3182.4000,3182.2000,3182.0000,3181.4000,3181.2000,3183.8000,3184.4000,3184.6000,3185.0000,3185.4000,3,4,1,1,1,2,1,1,1,1
SF,IH2007,2020-07-17 09:33:41.600,3183.2000,17315,-5,1701879720.000,5,0,5,双平,S,3182.4000,3182.2000,3182.0000,3181.4000,3181.2000,3183.4000,3183.8000,3184.4000,3184.6000,3185.0000,1,4,1,1,1,1,5,1,1,1
SF,IH2007,2020-07-17 09:33:42.100,3183.2000,17315,0,1701879720.000,0,-,-,-,-,3182.4000,3182.2000,3182.0000,3181.4000,3181.2000,3183.4000,3183.8000,3184.4000,3184.6000,3185.0000,1,4,1,1,1,2,2,1,1,1
SF,IH2007,2020-07-17 09:33:42.600,3182.4000,17313,-2,1703789220.000,2,0,2,双平,S,3182.2000,3182.0000,3181.4000,3181.2000,3180.2000,3183.4000,3183.8000,3184.4000,3184.6000,3185.0000,4,1,1,1,4,2,2,1,1,1
SF,IH2007,2020-07-17 09:33:43.100,3182.4000,17313,0,1703789220.000,0,-,-,-,-,3182.2000,3182.0000,3181.4000,3181.2000,3180.2000,3183.4000,3183.8000,3184.4000,3184.6000,3185.0000,4,1,1,1,4,2,2,1,1,1
SF,IH2007,2020-07-17 09:33:43.600,3182.2000,17309,-4,1707607860.000,4,0,4,双平,S,3182.0000,3181.4000,3181.2000,3180.2000,3179.6000,3183.4000,3183.8000,3184.4000,3184.6000,3185.0000,1,1,1,4,1,2,2,1,1,1
SF,IH2007,2020-07-17 09:33:44.100,3182.2000,17308,-1,1708562520.000,1,0,1,双平,S,3182.0000,3181.4000,3181.2000,3180.2000,3179.6000,3183.4000,3183.8000,3184.4000,3184.6000,3185.0000,1,1,1,4,1,3,1,1,1,1
SF,IH2007,2020-07-17 09:33:44.600,3182.2000,17308,0,1708562520.000,0,-,-,-,-,3182.2000,3182.0000,3181.4000,3181.2000,3180.2000,3182.4000,3183.4000,3183.8000,3184.4000,3184.6000,2,1,1,1,4,1,3,1,1,1
SF,IH2007,2020-07-17 09:33:45.100,3183.4000,17305,-3,1711426980.000,3,0,3,双平,S,3182.4000,3182.2000,3182.0000,3181.4000,3181.2000,3183.4000,3183.8000,3184.4000,3184.6000,3185.0000,3,2,1,1,1,2,1,1,1,2
SF,IH2007,2020-07-17 09:33:45.600,3183.4000,17305,0,1712382000.000,1,0,1,多换,S,3182.6000,3182.4000,3182.2000,3182.0000,3181.4000,3183.4000,3183.8000,3184.4000,3184.6000,3185.0000,1,2,2,1,1,2,1,1,1,2
SF,IH2007,2020-07-17 09:33:46.100,3183.4000,17305,0,1712382000.000,0,-,-,-,-,3183.0000,3182.6000,3182.4000,3182.2000,3182.0000,3183.4000,3183.8000,3184.4000,3184.6000,3185.0000,1,1,2,1,1,2,1,1,1,2
SF,IH2007,2020-07-17 09:33:46.600,3182.8000,17304,-1,1714291740.000,2,0,2,多平,S,3182.4000,3182.0000,3181.4000,3181.2000,3180.2000,3183.4000,3183.8000,3184.4000,3184.6000,3185.0000,2,1,1,1,4,2,1,1,1,2
SF,IH2007,2020-07-17 09:33:47.600,3183.0000,17303,-1,1715246640.000,1,0,1,双平,S,3182.4000,3182.0000,3181.4000,3181.2000,3180.2000,3183.4000,3183.8000,3184.4000,3184.6000,3185.0000,2,1,1,1,4,3,1,1,1,2
SF,IH2007,2020-07-17 09:33:48.100,3182.4000,17302,-1,1716201360.000,1,0,1,双平,S,3182.4000,3182.0000,3181.4000,3181.2000,3180.2000,3182.6000,3183.0000,3183.4000,3183.8000,3184.4000,1,1,1,1,4,1,1,4,1,1
SF,IH2007,2020-07-17 09:33:48.600,3182.6000,17301,-1,1717156140.000,1,0,1,双平,S,3182.4000,3182.0000,3181.4000,3181.2000,3180.2000,3183.0000,3183.2000,3183.4000,3183.8000,3184.4000,1,2,1,1,4,1,1,4,2,1
SF,IH2007,2020-07-17 09:33:49.100,3182.4000,17300,-1,1718110860.000,1,0,1,双平,S,3182.0000,3181.4000,3181.2000,3180.2000,3179.6000,3182.4000,3183.0000,3183.2000,3183.4000,3183.8000,2,1,1,4,1,1,2,2,4,2
SF,IH2007,2020-07-17 09:33:49.600,3182.0000,17299,-1,1720020060.000,2,0,2,多平,S,3182.6000,3181.4000,3181.2000,3180.2000,3179.6000,3183.0000,3183.2000,3183.4000,3183.8000,3184.4000,1,1,1,4,1,2,2,4,2,1
SF,IH2007,2020-07-17 09:33:50.100,3182.6000,17298,-1,1720974840.000,1,0,1,双平,S,3181.4000,3181.2000,3180.2000,3179.6000,3179.0000,3182.4000,3182.6000,3183.0000,3183.2000,3183.4000,1,1,4,1,1,3,1,2,2,3
SF,IH2007,2020-07-17 09:33:50.600,3182.6000,17298,0,1720974840.000,0,-,-,-,-,3181.4000,3181.2000,3180.2000,3179.6000,3179.0000,3182.4000,3182.6000,3183.0000,3183.2000,3183.4000,1,1,4,1,1,3,1,2,2,3
SF,IH2007,2020-07-17 09:33:51.100,3182.6000,17298,0,1720974840.000,0,-,-,-,-,3181.4000,3181.2000,3180.2000,3179.6000,3179.0000,3182.4000,3182.6000,3183.0000,3183.2000,3183.4000,1,1,4,1,1,4,1,2,2,2
SF,IH2007,2020-07-17 09:33:51.600,3182.6000,17298,0,1720974840.000,0,-,-,-,-,3181.4000,3181.2000,3180.2000,3179.6000,3179.0000,3182.0000,3182.4000,3182.6000,3183.0000,3183.2000,1,1,4,1,1,1,4,1,2,2
SF,IH2007,2020-07-17 09:33:52.100,3181.4000,17297,-1,1721929260.000,1,0,1,双平,S,3181.2000,3180.2000,3179.6000,3179.0000,3176.2000,3181.4000,3182.0000,3182.4000,3182.6000,3183.0000,1,4,1,1,1,9,1,4,1,2
SF,IH2007,2020-07-17 09:33:52.600,3181.4000,17295,-2,1724792400.000,3,0,3,多平,S,3181.2000,3180.2000,3179.6000,3179.0000,3176.2000,3181.4000,3182.0000,3182.4000,3182.6000,3183.0000,3,4,1,1,1,8,1,4,1,2
SF,IH2007,2020-07-17 09:33:53.100,3181.2000,17294,-1,1725746760.000,1,0,1,双平,S,3181.2000,3180.2000,3179.6000,3179.0000,3176.2000,3181.4000,3182.0000,3182.4000,3182.6000,3183.0000,2,4,1,1,1,8,1,4,1,2
SF,IH2007,2020-07-17 09:33:54.100,3181.2000,17292,-2,1727655480.000,2,0,2,双平,S,3180.2000,3179.0000,3176.2000,3175.0000,3174.6000,3181.2000,3181.4000,3182.0000,3182.4000,3182.6000,4,1,1,2,2,1,8,1,4,1
SF,IH2007,2020-07-17 09:33:54.600,3180.2000,17291,-1,1728609540.000,1,0,1,双平,S,3179.0000,3176.2000,3175.0000,3174.8000,3174.6000,3181.2000,3181.4000,3182.0000,3182.4000,3182.6000,1,1,2,4,2,2,8,1,4,1
SF,IH2007,2020-07-17 09:33:55.100,3180.6000,17291,0,1729563720.000,1,0,1,多换,S,3179.2000,3179.0000,3178.6000,3176.2000,3175.0000,3180.4000,3181.2000,3181.4000,3182.0000,3182.4000,2,1,2,1,2,1,2,8,1,4
SF,IH2007,2020-07-17 09:33:55.600,3179.2000,17289,-2,1731471240.000,2,0,2,双平,S,3179.0000,3178.6000,3176.2000,3175.0000,3174.8000,3180.2000,3180.4000,3181.2000,3181.4000,3182.0000,1,2,1,2,4,1,1,3,8,1
SF,IH2007,2020-07-17 09:33:56.100,3179.0000,17288,-1,1732424940.000,1,0,1,双平,S,3178.6000,3176.2000,3175.0000,3174.8000,3174.6000,3180.0000,3180.2000,3180.4000,3181.2000,3181.4000,2,1,2,4,2,2,1,1,3,8
SF,IH2007,2020-07-17 09:33:56.600,3178.6000,17287,-1,1733378520.000,1,0,1,双平,S,3178.6000,3176.2000,3175.0000,3174.8000,3174.6000,3180.0000,3180.2000,3180.4000,3181.2000,3181.4000,1,1,2,4,2,2,1,2,3,8
SF,IH2007,2020-07-17 09:33:57.100,3178.6000,17286,-1,1734332100.000,1,0,1,双平,S,3176.2000,3175.0000,3174.8000,3174.6000,3171.2000,3178.6000,3180.0000,3180.2000,3180.4000,3181.2000,1,2,4,2,3,9,3,1,2,3
SF,IH2007,2020-07-17 09:33:57.600,3178.6000,17286,0,1734332100.000,0,-,-,-,-,3176.6000,3176.4000,3176.2000,3175.0000,3174.8000,3178.4000,3178.6000,3179.0000,3180.0000,3180.2000,2,2,1,2,4,2,10,1,1,1
SF,IH2007,2020-07-17 09:33:58.100,3178.4000,17285,-1,1735285620.000,1,0,1,双平,S,3176.2000,3175.0000,3174.8000,3174.6000,3171.2000,3178.4000,3178.6000,3179.0000,3180.0000,3180.2000,1,2,4,2,3,1,12,1,1,1
SF,IH2007,2020-07-17 09:33:58.600,3178.4000,17285,0,1735285620.000,0,-,-,-,-,3176.2000,3175.0000,3174.8000,3174.6000,3171.2000,3178.4000,3178.6000,3179.0000,3180.0000,3180.2000,2,2,4,2,3,1,12,1,1,1
SF,IH2007,2020-07-17 09:33:59.100,3178.4000,17285,0,1735285620.000,0,-,-,-,-,3176.4000,3176.2000,3175.0000,3174.8000,3174.6000,3178.4000,3178.6000,3179.0000,3180.0000,3180.2000,1,3,2,4,2,1,12,1,1,1
SF,IH2007,2020-07-17 09:33:59.600,3178.4000,17285,0,1736239140.000,1,0,1,多换,S,3176.4000,3176.2000,3175.0000,3174.8000,3174.6000,3178.2000,3178.6000,3179.0000,3180.0000,3180.2000,1,3,2,4,2,1,12,1,1,1
SF,IH2007,2020-07-17 09:34:00.100,3178.4000,17285,0,1736239140.000,0,-,-,-,-,3176.6000,3176.4000,3176.2000,3175.0000,3174.8000,3178.0000,3178.2000,3178.6000,3179.0000,3180.0000,1,1,3,2,4,1,1,12,1,1
SF,IH2007,2020-07-17 09:34:00.600,3176.4000,17284,-1,1737192060.000,1,0,1,双平,S,3176.2000,3175.0000,3174.8000,3174.6000,3171.2000,3176.6000,3178.0000,3178.2000,3178.6000,3179.0000,3,2,4,2,3,1,1,1,12,1
SF,IH2007,2020-07-17 09:34:01.100,3176.4000,17284,0,1737192060.000,0,-,-,-,-,3176.2000,3175.0000,3174.8000,3174.6000,3171.2000,3176.4000,3176.6000,3178.0000,3178.2000,3178.6000,2,2,4,2,3,1,1,1,1,12
SF,IH2007,2020-07-17 09:34:01.600,3176.4000,17281,-3,1740050820.000,3,0,3,双平,S,3176.2000,3175.0000,3174.8000,3174.6000,3171.2000,3176.4000,3176.6000,3177.2000,3178.0000,3178.2000,2,2,4,2,3,4,1,1,1,1
SF,IH2007,2020-07-17 09:34:02.100,3176.4000,17275,-6,1745768400.000,6,0,6,双平,S,3176.4000,3176.2000,3175.0000,3174.8000,3174.6000,3177.2000,3178.2000,3178.6000,3179.0000,3179.8000,1,2,2,4,2,1,1,12,1,3
SF,IH2007,2020-07-17 09:34:02.600,3177.2000,17274,-1,1746721560.000,1,0,1,双平,S,3176.6000,3176.4000,3176.2000,3175.0000,3174.8000,3178.2000,3178.6000,3179.0000,3179.8000,3180.0000,1,8,2,2,4,1,12,1,3,1
SF,IH2007,2020-07-17 09:34:03.100,3178.2000,17271,-3,1749581100.000,3,0,3,双平,S,3176.6000,3176.4000,3176.2000,3175.0000,3174.8000,3178.6000,3179.0000,3179.8000,3180.0000,3180.2000,1,7,2,2,4,12,1,3,1,1
SF,IH2007,2020-07-17 09:34:03.600,3178.2000,17271,0,1749581100.000,0,-,-,-,-,3176.8000,3176.4000,3176.2000,3175.0000,3174.8000,3178.2000,3178.6000,3179.0000,3179.8000,3180.0000,4,7,2,2,4,3,16,1,3,1
SF,IH2007,2020-07-17 09:34:04.100,3178.2000,17271,0,1749581100.000,0,-,-,-,-,3177.0000,3176.8000,3176.4000,3176.2000,3175.0000,3178.2000,3178.6000,3179.0000,3179.8000,3180.0000,2,6,10,2,2,1,12,1,3,1
SF,IH2007,2020-07-17 09:34:04.600,3178.2000,17271,0,1749581100.000,0,-,-,-,-,3177.2000,3177.0000,3176.8000,3176.4000,3176.2000,3178.6000,3179.0000,3179.8000,3180.0000,3180.2000,10,2,4,10,2,12,1,3,1,1
SF,IH2007,2020-07-17 09:34:05.100,3178.2000,17271,0,1749581100.000,0,-,-,-,-,3177.4000,3177.2000,3176.8000,3176.4000,3176.2000,3178.6000,3179.0000,3179.8000,3180.2000,3181.2000,2,9,4,10,2,11,1,3,1,4
SF,IH2007,2020-07-17 09:34:05.600,3177.6000,17269,-2,1751487720.000,2,0,2,双平,S,3178.2000,3177.6000,3177.4000,3177.2000,3176.8000,3178.6000,3179.0000,3179.8000,3180.2000,3181.2000,1,1,2,7,3,15,1,3,1,4
SF,IH2007,2020-07-17 09:34:06.100,3177.2000,17266,-3,1755300660.000,4,0,4,多平,S,3177.2000,3176.8000,3176.4000,3176.2000,3175.0000,3178.6000,3179.0000,3179.8000,3180.2000,3181.2000,6,3,11,2,2,15,1,3,1,4
SF,IH2007,2020-07-17 09:34:06.600,3177.2000,17266,0,1755300660.000,0,-,-,-,-,3177.4000,3177.2000,3176.8000,3176.4000,3176.2000,3178.2000,3178.4000,3178.6000,3179.8000,3180.2000,2,6,3,11,2,1,3,15,3,1
SF,IH2007,2020-07-17 09:34:07.100,3177.2000,17266,0,1755300660.000,0,-,-,-,-,3177.6000,3177.4000,3177.2000,3176.8000,3176.4000,3178.0000,3178.2000,3178.4000,3178.6000,3179.8000,1,2,6,3,11,1,2,2,13,3
SF,IH2007,2020-07-17 09:34:07.600,3177.8000,17265,-1,1756254000.000,1,0,1,双平,S,3177.6000,3177.4000,3177.2000,3176.8000,3176.4000,3178.0000,3178.4000,3178.6000,3179.8000,3180.2000,2,1,6,2,11,2,2,13,3,1
SF,IH2007,2020-07-17 09:34:08.100,3177.6000,17263,-2,1758160560.000,2,0,2,双平,S,3177.8000,3177.6000,3177.2000,3176.8000,3176.4000,3178.0000,3178.4000,3178.6000,3179.8000,3180.2000,1,1,6,2,11,3,2,13,3,1
SF,IH2007,2020-07-17 09:34:08.600,3177.2000,17261,-2,1761020340.000,3,0,3,多平,S,3177.2000,3176.8000,3176.4000,3176.2000,3175.0000,3178.0000,3178.4000,3178.6000,3179.8000,3180.2000,5,2,11,2,2,2,2,13,3,1
SF,IH2007,2020-07-17 09:34:09.100,3177.8000,17258,-3,1763880180.000,3,0,3,双平,S,3177.2000,3176.8000,3176.4000,3176.2000,3175.0000,3177.8000,3178.0000,3178.4000,3178.6000,3179.8000,4,2,11,2,2,2,2,2,13,3
SF,IH2007,2020-07-17 09:34:09.600,3176.8000,17253,-5,1768645860.000,5,0,5,双平,S,3176.8000,3176.4000,3176.2000,3175.0000,3174.8000,3177.2000,3177.6000,3177.8000,3178.0000,3178.4000,1,11,1,2,4,2,1,2,1,2
SF,IH2007,2020-07-17 09:34:10.100,3176.8000,17252,-1,1769598900.000,1,0,1,双平,S,3176.4000,3176.2000,3175.0000,3174.8000,3174.6000,3177.0000,3177.2000,3177.8000,3178.0000,3178.4000,11,1,2,4,2,1,2,1,2,1
SF,IH2007,2020-07-17 09:34:10.600,3176.4000,17251,-1,1770551820.000,1,0,1,双平,S,3176.4000,3176.2000,3175.0000,3174.8000,3174.6000,3177.0000,3177.8000,3178.0000,3178.4000,3178.6000,10,1,2,4,2,2,1,2,1,13
SF,IH2007,2020-07-17 09:34:11.100,3176.4000,17243,-8,1778175420.000,8,0,8,双平,S,3176.4000,3176.2000,3175.0000,3174.8000,3174.6000,3177.0000,3177.2000,3177.8000,3178.0000,3178.4000,4,1,2,4,2,3,1,1,2,1
SF,IH2007,2020-07-17 09:34:11.600,3176.4000,17241,-2,1781034180.000,3,0,3,多平,S,3176.4000,3176.2000,3175.0000,3174.8000,3174.6000,3176.8000,3177.0000,3177.2000,3177.8000,3178.0000,1,1,2,4,2,1,3,1,1,2
SF,IH2007,2020-07-17 09:34:12.100,3176.2000,17240,-1,1782939960.000,2,0,2,多平,S,3175.0000,3174.8000,3174.6000,3173.2000,3172.6000,3176.4000,3176.6000,3176.8000,3177.0000,3177.2000,2,4,2,10,1,1,1,13,1,10
