市场代码,合约代码,时间,最新,持仓,增仓,成交额,成交量,开仓,平仓,成交类型,方向,买一价,买二价,买三价,买四价,买五价,卖一价,卖二价,卖三价,卖四价,卖五价,买一量,买二量,买三量,买四量,买五量,卖一量,卖二量,卖三量,卖四量,卖五量
SF,IH2009,2020-06-10 09:29:00.200,2815.0000,16911,0,5067000.000,6.000,-,-,-,-,2813.0000,2812.8000,2811.2000,2810.0000,2809.8000,2815.0000,2815.6000,2816.4000,2816.8000,2818.0000,3,3,1,1,4,1,2,1,3,1
SF,IH2009,2020-06-10 09:30:00.200,2815.6000,16910,-1,6756180.000,2,0,2,多平,S,2814.8000,2813.4000,2813.0000,2811.2000,2811.0000,2815.6000,2816.4000,2816.8000,2817.8000,2818.0000,1,2,2,1,1,1,1,3,1,2
SF,IH2009,2020-06-10 09:30:00.700,2813.4000,16903,-7,12667560.000,7,0,7,双平,S,2813.0000,2811.2000,2811.0000,2809.2000,2808.4000,2815.6000,2816.4000,2816.8000,2817.8000,2818.0000,2,1,1,1,1,1,1,3,1,1
SF,IH2009,2020-06-10 09:30:01.200,2813.4000,16903,0,12667560.000,0,-,-,-,-,2813.2000,2813.0000,2811.2000,2811.0000,2809.2000,2815.2000,2815.4000,2815.6000,2816.8000,2817.8000,2,2,1,1,1,2,2,1,3,1
SF,IH2009,2020-06-10 09:30:01.700,2813.0000,16901,-2,16043280.000,4,1,3,多平,S,2811.2000,2811.0000,2809.2000,2808.4000,2808.2000,2813.2000,2814.8000,2815.0000,2815.2000,2815.4000,1,1,1,1,1,1,1,4,10,1
SF,IH2009,2020-06-10 09:30:02.200,2815.0000,16904,3,22796340.000,8,5,3,空开,S,2811.4000,2811.2000,2811.0000,2809.2000,2808.4000,2815.2000,2815.4000,2816.8000,2817.8000,2818.0000,1,1,1,1,1,11,2,3,1,1
SF,IH2009,2020-06-10 09:30:02.700,2815.0000,16904,0,22796340.000,0,-,-,-,-,2812.2000,2811.6000,2811.4000,2811.2000,2811.0000,2815.0000,2815.2000,2815.4000,2816.8000,2817.8000,1,1,2,1,1,3,11,1,3,1
SF,IH2009,2020-06-10 09:30:03.200,2812.4000,16904,0,23640060.000,1,0,1,多换,S,2812.2000,2811.2000,2811.0000,2809.2000,2808.4000,2813.0000,2814.0000,2814.6000,2814.8000,2815.0000,1,1,1,1,1,5,2,7,1,4
SF,IH2009,2020-06-10 09:30:03.700,2812.4000,16904,0,23640060.000,0,-,-,-,-,2811.2000,2811.0000,2809.2000,2808.4000,2808.2000,2812.8000,2813.0000,2814.0000,2814.6000,2814.8000,1,1,1,1,1,1,5,2,7,1
SF,IH2009,2020-06-10 09:30:04.200,2812.4000,16904,0,23640060.000,0,-,-,-,-,2811.4000,2811.2000,2811.0000,2809.2000,2808.4000,2812.8000,2813.0000,2814.0000,2814.6000,2814.8000,1,2,1,1,1,1,5,2,7,2
SF,IH2009,2020-06-10 09:30:04.700,2811.4000,16903,-1,24483480.000,1,0,1,双平,S,2811.4000,2811.2000,2811.0000,2809.2000,2808.4000,2812.8000,2813.0000,2814.0000,2814.6000,2814.8000,1,1,1,1,1,1,5,2,7,2
SF,IH2009,2020-06-10 09:30:05.200,2811.4000,16903,0,24483480.000,0,-,-,-,-,2811.4000,2811.2000,2811.0000,2809.2000,2808.4000,2812.8000,2813.0000,2814.0000,2814.6000,2814.8000,1,1,1,1,1,1,5,2,7,2
SF,IH2009,2020-06-10 09:30:05.700,2811.4000,16903,0,24483480.000,0,-,-,-,-,2811.2000,2811.0000,2809.2000,2808.4000,2808.2000,2812.2000,2812.6000,2812.8000,2813.0000,2814.0000,1,1,1,1,1,1,2,1,5,1
SF,IH2009,2020-06-10 09:30:06.200,2811.4000,16903,0,24483480.000,0,-,-,-,-,2811.2000,2811.0000,2809.2000,2808.4000,2808.2000,2811.6000,2812.0000,2812.2000,2812.6000,2813.0000,1,1,1,1,1,1,2,1,2,5
SF,IH2009,2020-06-10 09:30:06.700,2811.2000,16902,-1,25326840.000,1,0,1,双平,S,2811.0000,2809.2000,2808.4000,2808.2000,2807.0000,2811.6000,2812.0000,2812.2000,2812.6000,2813.0000,1,1,1,1,3,1,1,1,2,5
SF,IH2009,2020-06-10 09:30:07.200,2811.2000,16902,0,25326840.000,0,-,-,-,-,2811.0000,2809.2000,2808.4000,2808.2000,2807.0000,2811.4000,2811.6000,2812.0000,2812.2000,2812.6000,1,1,1,1,3,1,1,1,2,2
SF,IH2009,2020-06-10 09:30:07.700,2811.0000,16901,-1,26170140.000,1,0,1,双平,S,2809.2000,2808.4000,2808.2000,2807.0000,2806.2000,2811.0000,2811.4000,2811.6000,2812.2000,2812.6000,1,1,1,3,1,1,1,1,2,2
SF,IH2009,2020-06-10 09:30:08.200,2811.0000,16901,0,26170140.000,0,-,-,-,-,2809.6000,2809.4000,2809.2000,2808.4000,2808.2000,2810.8000,2811.4000,2811.6000,2812.2000,2812.6000,1,1,2,1,1,1,1,1,2,2
SF,IH2009,2020-06-10 09:30:08.700,2811.0000,16901,0,26170140.000,0,-,-,-,-,2809.8000,2809.6000,2809.2000,2808.4000,2808.2000,2810.8000,2811.6000,2812.2000,2812.6000,2813.0000,1,1,2,1,1,1,1,2,2,1
SF,IH2009,2020-06-10 09:30:09.200,2810.8000,16900,-1,27013380.000,1,0,1,双平,S,2810.8000,2809.8000,2809.6000,2809.2000,2808.4000,2812.2000,2812.6000,2813.0000,2814.0000,2814.6000,1,2,1,1,1,2,2,1,1,7
SF,IH2009,2020-06-10 09:30:09.700,2810.8000,16900,0,27013380.000,0,-,-,-,-,2810.8000,2809.8000,2809.6000,2809.2000,2808.4000,2812.0000,2812.2000,2812.6000,2813.0000,2814.0000,2,2,1,1,1,1,2,2,1,1
SF,IH2009,2020-06-10 09:30:10.200,2810.8000,16900,0,27013380.000,0,-,-,-,-,2811.0000,2810.8000,2809.8000,2809.6000,2809.2000,2812.0000,2812.2000,2812.6000,2813.0000,2814.0000,2,2,1,1,1,1,2,2,1,1
SF,IH2009,2020-06-10 09:30:10.700,2810.8000,16900,0,27013380.000,0,-,-,-,-,2811.2000,2811.0000,2810.8000,2809.8000,2809.6000,2812.0000,2812.2000,2812.6000,2813.0000,2814.0000,1,2,1,1,1,1,2,1,1,1
SF,IH2009,2020-06-10 09:30:11.200,2810.8000,16900,0,27013380.000,0,-,-,-,-,2811.2000,2811.0000,2810.8000,2809.8000,2809.6000,2812.2000,2812.6000,2813.0000,2814.0000,2814.6000,1,2,2,1,1,2,1,1,1,7
SF,IH2009,2020-06-10 09:30:11.700,2810.8000,16900,0,27013380.000,0,-,-,-,-,2811.4000,2811.2000,2810.8000,2809.8000,2809.6000,2812.2000,2812.6000,2813.0000,2814.0000,2814.6000,1,1,2,1,1,2,1,1,1,7
SF,IH2009,2020-06-10 09:30:12.200,2810.8000,16900,0,27013380.000,0,-,-,-,-,2811.4000,2810.8000,2809.8000,2809.6000,2809.2000,2812.2000,2812.6000,2813.0000,2814.0000,2814.6000,2,2,1,1,1,2,1,1,1,7
SF,IH2009,2020-06-10 09:30:12.700,2812.2000,16900,0,28700700.000,2,1,1,多换,S,2811.4000,2810.8000,2809.8000,2809.6000,2809.2000,2812.6000,2813.0000,2814.0000,2814.6000,2815.0000,1,2,1,1,1,1,1,1,7,2
SF,IH2009,2020-06-10 09:30:13.200,2811.4000,16898,-2,30387540.000,2,0,2,双平,S,2810.8000,2809.8000,2809.6000,2809.2000,2808.2000,2812.4000,2813.0000,2814.0000,2814.6000,2815.0000,2,1,1,1,1,1,1,1,7,2
SF,IH2009,2020-06-10 09:30:13.700,2811.4000,16898,0,30387540.000,0,-,-,-,-,2811.0000,2810.8000,2809.8000,2809.6000,2809.2000,2812.4000,2813.0000,2814.0000,2814.6000,2815.0000,3,3,1,1,1,1,1,1,7,2
SF,IH2009,2020-06-10 09:30:14.200,2811.4000,16898,0,30387540.000,0,-,-,-,-,2811.2000,2811.0000,2810.8000,2809.8000,2809.6000,2812.4000,2813.0000,2814.0000,2814.6000,2815.0000,1,2,3,1,1,1,1,1,8,2
SF,IH2009,2020-06-10 09:30:14.700,2811.4000,16898,0,30387540.000,0,-,-,-,-,2811.4000,2811.2000,2811.0000,2810.8000,2809.8000,2812.4000,2813.0000,2814.0000,2814.6000,2814.8000,1,1,1,3,1,1,1,1,8,1
SF,IH2009,2020-06-10 09:30:15.200,2811.4000,16898,0,30387540.000,0,-,-,-,-,2811.2000,2811.0000,2810.8000,2809.8000,2809.6000,2812.4000,2813.0000,2814.0000,2814.6000,2814.8000,1,1,2,1,1,1,1,1,8,1
SF,IH2009,2020-06-10 09:30:15.700,2811.4000,16898,0,30387540.000,0,-,-,-,-,2811.4000,2811.2000,2811.0000,2810.8000,2809.8000,2812.4000,2813.0000,2814.0000,2814.6000,2814.8000,2,1,1,2,1,1,1,1,8,1
SF,IH2009,2020-06-10 09:30:16.200,2811.4000,16898,0,30387540.000,0,-,-,-,-,2811.4000,2811.0000,2810.8000,2810.0000,2809.8000,2812.4000,2813.0000,2814.0000,2814.6000,2814.8000,2,1,2,1,1,1,1,1,8,1
SF,IH2009,2020-06-10 09:30:16.700,2811.4000,16897,-1,31230960.000,1,0,1,双平,S,2810.8000,2810.0000,2809.8000,2809.6000,2809.2000,2812.4000,2813.0000,2814.0000,2814.6000,2814.8000,2,1,1,1,1,2,1,1,8,1
SF,IH2009,2020-06-10 09:30:17.200,2811.4000,16897,0,31230960.000,0,-,-,-,-,2811.0000,2810.8000,2810.0000,2809.8000,2809.6000,2812.2000,2812.4000,2813.0000,2814.0000,2814.6000,1,2,1,1,1,1,2,1,1,8
SF,IH2009,2020-06-10 09:30:17.700,2811.4000,16897,0,31230960.000,0,-,-,-,-,2810.8000,2810.0000,2809.8000,2809.6000,2809.2000,2812.0000,2812.2000,2813.0000,2814.0000,2814.6000,2,1,1,1,1,2,1,1,1,8
SF,IH2009,2020-06-10 09:30:18.200,2811.4000,16897,0,31230960.000,0,-,-,-,-,2810.8000,2810.0000,2809.8000,2809.6000,2809.2000,2812.0000,2813.0000,2814.0000,2814.6000,2814.8000,2,1,1,1,1,2,1,1,8,1
SF,IH2009,2020-06-10 09:30:18.700,2811.4000,16897,0,31230960.000,0,-,-,-,-,2811.0000,2810.8000,2810.0000,2809.8000,2809.6000,2812.0000,2813.0000,2814.0000,2814.6000,2814.8000,2,2,1,1,1,2,1,1,8,1
SF,IH2009,2020-06-10 09:30:19.200,2811.0000,16897,0,32074260.000,1,0,1,多换,S,2811.0000,2810.8000,2810.0000,2809.8000,2809.6000,2811.8000,2812.0000,2813.0000,2814.0000,2814.6000,1,2,1,1,1,1,2,1,1,8
SF,IH2009,2020-06-10 09:30:19.700,2811.0000,16897,0,32074260.000,0,-,-,-,-,2811.0000,2810.8000,2810.0000,2809.8000,2809.6000,2811.6000,2812.0000,2813.0000,2814.0000,2814.6000,1,2,1,1,1,1,1,1,1,8
SF,IH2009,2020-06-10 09:30:20.200,2812.0000,16897,0,32917860.000,1,0,1,多换,S,2811.6000,2811.0000,2810.8000,2810.0000,2809.8000,2813.0000,2814.0000,2814.6000,2814.8000,2815.0000,1,1,2,1,1,1,1,8,1,2
SF,IH2009,2020-06-10 09:30:20.700,2812.0000,16897,0,32917860.000,0,-,-,-,-,2811.6000,2811.0000,2810.8000,2810.0000,2809.8000,2812.6000,2812.8000,2813.0000,2814.0000,2814.6000,1,1,2,1,1,1,2,1,1,8
SF,IH2009,2020-06-10 09:30:21.200,2812.0000,16897,0,32917860.000,0,-,-,-,-,2810.8000,2810.0000,2809.8000,2809.6000,2809.2000,2812.4000,2812.6000,2812.8000,2813.0000,2814.0000,2,1,1,1,1,2,1,1,1,1
SF,IH2009,2020-06-10 09:30:21.700,2812.0000,16897,0,32917860.000,0,-,-,-,-,2811.0000,2810.8000,2810.0000,2809.8000,2809.6000,2812.2000,2812.4000,2813.0000,2814.0000,2814.6000,1,2,1,1,1,3,2,1,1,8
SF,IH2009,2020-06-10 09:30:22.200,2812.2000,16895,-2,34605120.000,2,0,2,双平,S,2811.0000,2810.8000,2810.0000,2809.8000,2809.6000,2812.2000,2813.0000,2814.0000,2814.6000,2814.8000,1,2,1,1,1,1,1,1,8,1
SF,IH2009,2020-06-10 09:30:22.700,2812.2000,16895,0,34605120.000,0,-,-,-,-,2811.0000,2810.8000,2810.0000,2809.8000,2809.6000,2813.0000,2814.0000,2814.6000,2814.8000,2815.0000,1,2,1,1,1,1,1,8,1,2
SF,IH2009,2020-06-10 09:30:23.200,2812.2000,16895,0,34605120.000,0,-,-,-,-,2811.0000,2810.8000,2810.0000,2809.8000,2809.6000,2812.6000,2812.8000,2813.0000,2814.0000,2814.6000,1,2,1,1,1,1,3,1,1,8
SF,IH2009,2020-06-10 09:30:23.700,2812.2000,16895,0,34605120.000,0,-,-,-,-,2811.0000,2810.8000,2810.0000,2809.8000,2809.6000,2812.0000,2812.4000,2812.6000,2812.8000,2813.0000,1,2,1,1,1,1,2,2,1,1
SF,IH2009,2020-06-10 09:30:24.200,2812.2000,16895,0,34605120.000,0,-,-,-,-,2811.0000,2810.8000,2810.0000,2809.8000,2809.6000,2812.0000,2812.4000,2813.0000,2814.0000,2814.6000,2,2,1,1,1,2,2,1,1,8
SF,IH2009,2020-06-10 09:30:24.700,2812.2000,16895,0,36292440.000,2,1,1,多换,S,2811.0000,2810.8000,2810.0000,2809.8000,2809.6000,2812.4000,2813.0000,2814.0000,2814.6000,2814.8000,2,2,1,1,1,2,1,1,8,1
SF,IH2009,2020-06-10 09:30:25.200,2812.2000,16895,0,36292440.000,0,-,-,-,-,2811.0000,2810.8000,2810.0000,2809.8000,2809.6000,2812.2000,2812.4000,2812.6000,2813.0000,2814.0000,2,2,1,1,1,1,1,1,1,1
SF,IH2009,2020-06-10 09:30:25.700,2812.2000,16895,0,36292440.000,0,-,-,-,-,2811.0000,2810.8000,2810.0000,2809.8000,2809.6000,2811.6000,2811.8000,2812.0000,2812.2000,2812.6000,2,2,1,1,1,1,1,2,1,1
SF,IH2009,2020-06-10 09:30:26.200,2812.2000,16895,0,36292440.000,0,-,-,-,-,2811.0000,2810.8000,2810.0000,2809.8000,2809.6000,2812.2000,2813.0000,2814.0000,2814.6000,2814.8000,2,2,1,1,1,1,1,1,8,1
SF,IH2009,2020-06-10 09:30:26.700,2811.0000,16895,0,37135740.000,1,0,1,多换,S,2811.0000,2810.8000,2810.0000,2809.8000,2809.6000,2812.2000,2813.0000,2814.0000,2814.6000,2814.8000,1,2,1,1,1,1,1,1,8,1
SF,IH2009,2020-06-10 09:30:27.200,2811.0000,16895,0,37135740.000,0,-,-,-,-,2811.0000,2810.8000,2810.0000,2809.8000,2809.6000,2811.6000,2812.0000,2813.0000,2814.0000,2814.6000,1,2,1,1,1,1,2,1,1,8
SF,IH2009,2020-06-10 09:30:27.700,2811.0000,16894,-1,38822340.000,2,0,2,多平,S,2811.0000,2810.8000,2810.0000,2809.8000,2809.6000,2812.0000,2813.0000,2814.0000,2814.6000,2814.8000,1,2,1,1,1,1,1,1,8,1
SF,IH2009,2020-06-10 09:30:28.200,2811.0000,16894,0,38822340.000,0,-,-,-,-,2810.8000,2810.0000,2809.8000,2809.6000,2809.2000,2811.8000,2812.0000,2813.0000,2814.0000,2814.6000,2,1,1,1,1,1,1,1,1,8
SF,IH2009,2020-06-10 09:30:28.700,2811.0000,16894,0,38822340.000,0,-,-,-,-,2811.0000,2810.8000,2810.0000,2809.8000,2809.6000,2811.8000,2813.0000,2814.0000,2814.6000,2814.8000,1,2,1,1,1,1,1,1,8,1
SF,IH2009,2020-06-10 09:30:29.200,2811.0000,16894,0,38822340.000,0,-,-,-,-,2811.0000,2810.8000,2810.0000,2809.8000,2809.6000,2811.8000,2813.0000,2814.0000,2814.6000,2814.8000,1,2,1,1,1,1,1,1,8,1
SF,IH2009,2020-06-10 09:30:29.700,2811.0000,16894,0,38822340.000,0,-,-,-,-,2810.8000,2810.0000,2809.8000,2809.6000,2809.2000,2811.8000,2813.2000,2814.0000,2814.6000,2814.8000,2,1,1,1,1,1,1,1,8,1
SF,IH2009,2020-06-10 09:30:30.700,2811.0000,16894,0,38822340.000,0,-,-,-,-,2810.8000,2810.0000,2809.8000,2809.6000,2809.2000,2811.8000,2813.2000,2814.0000,2814.6000,2814.8000,2,2,1,1,1,1,1,1,8,1
SF,IH2009,2020-06-10 09:30:31.200,2810.8000,16894,0,39665580.000,1,0,1,多换,S,2810.8000,2810.0000,2809.8000,2809.6000,2809.2000,2811.8000,2813.2000,2814.0000,2814.6000,2814.8000,1,2,1,1,1,1,1,1,8,1
SF,IH2009,2020-06-10 09:30:31.700,2810.8000,16894,0,39665580.000,0,-,-,-,-,2810.8000,2810.0000,2809.8000,2809.6000,2809.2000,2811.8000,2813.2000,2814.0000,2814.6000,2814.8000,2,2,1,1,1,1,1,1,8,1
SF,IH2009,2020-06-10 09:30:32.200,2810.8000,16894,0,39665580.000,0,-,-,-,-,2811.0000,2810.8000,2810.0000,2809.8000,2809.6000,2813.2000,2814.0000,2814.6000,2814.8000,2815.0000,1,1,2,1,1,1,1,8,1,2
SF,IH2009,2020-06-10 09:30:32.700,2810.8000,16894,0,39665580.000,0,-,-,-,-,2811.0000,2810.8000,2810.0000,2809.8000,2809.6000,2812.6000,2813.0000,2813.2000,2814.0000,2814.6000,1,1,2,1,1,1,1,1,1,8
SF,IH2009,2020-06-10 09:30:33.200,2811.0000,16894,0,40508880.000,1,0,1,多换,S,2811.0000,2810.8000,2810.0000,2809.8000,2809.6000,2812.4000,2812.6000,2813.2000,2814.0000,2814.6000,1,1,2,1,1,2,1,1,1,8
SF,IH2009,2020-06-10 09:30:33.700,2811.0000,16894,0,40508880.000,0,-,-,-,-,2811.2000,2811.0000,2810.8000,2810.0000,2809.8000,2812.4000,2812.6000,2813.2000,2814.0000,2814.6000,1,1,1,2,1,2,1,1,1,8
SF,IH2009,2020-06-10 09:30:34.200,2811.0000,16894,0,40508880.000,0,-,-,-,-,2811.2000,2810.8000,2810.0000,2809.8000,2809.6000,2812.4000,2812.6000,2813.2000,2814.0000,2814.6000,2,1,2,1,1,1,1,1,1,8
SF,IH2009,2020-06-10 09:30:34.700,2811.2000,16893,-1,41352240.000,1,0,1,双平,S,2811.2000,2810.8000,2810.0000,2809.8000,2809.6000,2812.4000,2812.6000,2813.2000,2814.0000,2814.6000,1,1,2,1,1,1,1,1,1,8
SF,IH2009,2020-06-10 09:30:35.200,2811.2000,16893,0,41352240.000,0,-,-,-,-,2811.4000,2811.2000,2810.8000,2810.0000,2809.8000,2812.4000,2812.6000,2813.2000,2814.0000,2814.6000,2,1,1,2,1,1,1,1,1,8
SF,IH2009,2020-06-10 09:30:35.700,2811.2000,16893,0,41352240.000,0,-,-,-,-,2811.6000,2811.4000,2810.8000,2810.0000,2809.8000,2812.4000,2812.6000,2813.2000,2814.0000,2814.6000,1,2,1,2,1,1,2,1,1,8
SF,IH2009,2020-06-10 09:30:36.200,2811.2000,16893,0,41352240.000,0,-,-,-,-,2812.0000,2811.6000,2810.8000,2810.0000,2809.8000,2812.2000,2812.4000,2812.6000,2813.2000,2814.0000,1,1,1,2,1,1,1,2,1,1
SF,IH2009,2020-06-10 09:30:36.700,2812.0000,16893,0,42195840.000,1,0,1,多换,S,2811.6000,2810.8000,2810.0000,2809.8000,2809.2000,2812.2000,2812.4000,2812.6000,2813.2000,2814.0000,1,1,2,1,1,1,1,2,1,1
SF,IH2009,2020-06-10 09:30:37.200,2812.2000,16892,-1,43039500.000,1,0,1,双平,S,2811.6000,2810.8000,2810.0000,2809.8000,2809.2000,2812.0000,2812.6000,2813.2000,2814.0000,2814.6000,1,1,2,1,1,1,2,1,1,1
SF,IH2009,2020-06-10 09:30:37.700,2812.2000,16892,0,43039500.000,0,-,-,-,-,2810.8000,2810.0000,2809.8000,2809.2000,2808.8000,2812.0000,2812.6000,2814.0000,2814.6000,2814.8000,1,2,1,1,1,1,2,1,1,1
SF,IH2009,2020-06-10 09:30:38.200,2812.2000,16892,0,43039500.000,0,-,-,-,-,2811.0000,2810.8000,2810.0000,2809.8000,2809.2000,2812.0000,2812.6000,2814.0000,2814.6000,2814.8000,3,1,2,1,1,1,2,1,1,1
SF,IH2009,2020-06-10 09:30:38.700,2812.0000,16891,-1,43883100.000,1,0,1,双平,S,2811.2000,2811.0000,2810.8000,2810.0000,2809.8000,2812.6000,2814.0000,2814.6000,2814.8000,2815.0000,2,1,1,2,1,2,1,1,1,2
SF,IH2009,2020-06-10 09:30:39.200,2812.0000,16891,0,43883100.000,0,-,-,-,-,2811.4000,2811.2000,2810.8000,2810.0000,2809.8000,2812.4000,2812.6000,2814.0000,2814.6000,2814.8000,2,2,1,2,1,1,2,1,1,1
SF,IH2009,2020-06-10 09:30:39.700,2812.0000,16891,0,43883100.000,0,-,-,-,-,2811.4000,2811.2000,2810.8000,2810.0000,2809.8000,2812.4000,2812.6000,2814.0000,2814.6000,2814.8000,2,1,1,2,1,1,2,1,1,1
SF,IH2009,2020-06-10 09:30:40.200,2812.0000,16891,0,43883100.000,0,-,-,-,-,2811.6000,2811.2000,2810.8000,2810.0000,2809.8000,2812.4000,2812.6000,2814.0000,2814.6000,2814.8000,1,1,1,2,1,1,2,1,1,1
SF,IH2009,2020-06-10 09:30:40.700,2812.0000,16891,0,43883100.000,0,-,-,-,-,2811.6000,2811.2000,2811.0000,2810.8000,2810.0000,2812.4000,2812.6000,2814.6000,2814.8000,2815.0000,1,1,1,2,2,1,2,1,1,2
SF,IH2009,2020-06-10 09:30:41.200,2812.0000,16891,0,43883100.000,0,-,-,-,-,2811.2000,2811.0000,2810.8000,2810.0000,2809.8000,2812.4000,2812.6000,2814.6000,2814.8000,2815.0000,1,1,2,2,1,1,2,1,1,2
SF,IH2009,2020-06-10 09:30:42.200,2812.0000,16891,0,43883100.000,0,-,-,-,-,2811.2000,2811.0000,2810.8000,2810.0000,2809.8000,2812.4000,2812.6000,2813.6000,2815.0000,2815.2000,1,1,2,2,1,1,2,1,2,2
SF,IH2009,2020-06-10 09:30:42.700,2812.0000,16891,0,43883100.000,0,-,-,-,-,2811.2000,2811.0000,2810.8000,2810.0000,2809.8000,2812.4000,2812.6000,2813.6000,2815.0000,2815.2000,2,1,2,2,1,1,2,1,2,2
SF,IH2009,2020-06-10 09:30:43.200,2812.0000,16891,0,43883100.000,0,-,-,-,-,2811.4000,2811.2000,2811.0000,2810.8000,2810.0000,2812.4000,2812.6000,2813.6000,2815.0000,2815.2000,2,2,1,2,2,1,2,1,2,2
SF,IH2009,2020-06-10 09:30:43.700,2812.0000,16891,0,43883100.000,0,-,-,-,-,2811.6000,2811.2000,2811.0000,2810.8000,2810.0000,2812.4000,2812.6000,2813.6000,2815.0000,2815.2000,1,1,1,2,3,1,2,1,2,2
SF,IH2009,2020-06-10 09:30:44.200,2812.0000,16891,0,43883100.000,0,-,-,-,-,2811.2000,2811.0000,2810.8000,2810.0000,2809.8000,2812.4000,2812.6000,2813.6000,2815.0000,2815.2000,1,1,2,3,1,1,2,1,2,2
SF,IH2009,2020-06-10 09:30:44.700,2812.0000,16891,0,43883100.000,0,-,-,-,-,2811.4000,2811.2000,2811.0000,2810.8000,2810.0000,2812.4000,2812.6000,2813.6000,2815.0000,2815.2000,2,1,1,2,3,1,2,1,2,2
SF,IH2009,2020-06-10 09:30:45.200,2812.0000,16891,0,43883100.000,0,-,-,-,-,2811.6000,2811.2000,2811.0000,2810.8000,2810.0000,2812.4000,2812.6000,2813.6000,2815.0000,2815.2000,1,1,1,2,3,1,2,1,2,2
SF,IH2009,2020-06-10 09:30:45.700,2812.6000,16889,-2,46414380.000,3,0,3,多平,S,2812.4000,2811.8000,2811.6000,2811.2000,2811.0000,2813.6000,2815.0000,2815.2000,2816.8000,2817.8000,1,2,1,1,1,1,1,2,3,1
SF,IH2009,2020-06-10 09:30:46.200,2812.6000,16889,0,46414380.000,0,-,-,-,-,2812.6000,2812.4000,2811.2000,2811.0000,2810.8000,2813.4000,2813.6000,2815.0000,2815.2000,2816.8000,1,1,1,1,2,2,1,1,2,3
SF,IH2009,2020-06-10 09:30:46.700,2812.6000,16889,0,46414380.000,0,-,-,-,-,2812.4000,2811.2000,2811.0000,2810.8000,2810.0000,2813.4000,2813.6000,2815.0000,2815.2000,2816.8000,1,1,1,2,3,2,1,1,2,3
SF,IH2009,2020-06-10 09:30:48.700,2812.6000,16889,0,46414380.000,0,-,-,-,-,2812.4000,2811.0000,2810.8000,2810.0000,2809.8000,2813.4000,2813.6000,2815.0000,2815.2000,2816.8000,1,1,2,3,1,2,1,1,2,3
SF,IH2009,2020-06-10 09:30:49.200,2812.6000,16889,0,46414380.000,0,-,-,-,-,2812.4000,2811.0000,2810.8000,2810.0000,2809.8000,2813.4000,2813.6000,2815.0000,2815.2000,2816.8000,2,1,2,3,1,1,1,1,2,3
SF,IH2009,2020-06-10 09:30:49.700,2812.6000,16889,0,46414380.000,0,-,-,-,-,2812.8000,2812.6000,2812.4000,2811.0000,2810.8000,2813.6000,2815.0000,2815.2000,2816.8000,2817.8000,2,3,1,1,2,1,1,1,3,1
SF,IH2009,2020-06-10 09:30:50.200,2812.6000,16889,0,46414380.000,0,-,-,-,-,2812.6000,2812.4000,2811.0000,2810.8000,2810.0000,2813.4000,2813.6000,2815.0000,2815.2000,2816.8000,2,1,1,2,3,1,1,1,1,3
SF,IH2009,2020-06-10 09:30:50.700,2812.6000,16889,0,46414380.000,0,-,-,-,-,2812.6000,2812.4000,2811.0000,2810.8000,2810.0000,2813.4000,2813.6000,2815.0000,2815.2000,2816.8000,1,1,1,2,3,1,1,1,1,3
SF,IH2009,2020-06-10 09:30:52.200,2812.6000,16888,-1,47258160.000,1,0,1,双平,S,2812.4000,2811.0000,2810.8000,2810.0000,2809.8000,2813.4000,2813.6000,2815.0000,2815.2000,2816.8000,1,1,2,3,1,1,1,1,1,3
SF,IH2009,2020-06-10 09:30:52.700,2812.6000,16888,0,47258160.000,0,-,-,-,-,2811.0000,2810.8000,2810.0000,2809.8000,2809.2000,2813.4000,2813.6000,2815.0000,2815.2000,2816.8000,1,2,3,1,1,1,1,1,1,3
SF,IH2009,2020-06-10 09:30:53.200,2812.6000,16888,0,47258160.000,0,-,-,-,-,2811.2000,2811.0000,2810.8000,2810.0000,2809.8000,2813.2000,2813.4000,2813.6000,2815.0000,2815.2000,3,2,2,3,1,1,1,1,1,1
SF,IH2009,2020-06-10 09:30:53.700,2812.6000,16888,0,47258160.000,0,-,-,-,-,2811.4000,2811.2000,2811.0000,2810.8000,2810.0000,2813.0000,2813.2000,2813.6000,2815.0000,2815.2000,1,2,2,2,3,1,1,1,1,1
SF,IH2009,2020-06-10 09:30:54.200,2812.6000,16888,0,47258160.000,0,-,-,-,-,2811.6000,2811.0000,2810.8000,2810.0000,2809.8000,2813.0000,2813.6000,2815.0000,2815.2000,2816.8000,2,2,2,3,1,1,1,1,1,3
SF,IH2009,2020-06-10 09:30:54.700,2812.6000,16888,0,47258160.000,0,-,-,-,-,2811.6000,2811.0000,2810.8000,2810.0000,2809.8000,2812.8000,2813.0000,2813.6000,2815.0000,2815.2000,1,1,2,3,1,1,1,1,1,1
SF,IH2009,2020-06-10 09:30:55.200,2812.6000,16888,0,47258160.000,0,-,-,-,-,2811.6000,2811.0000,2810.8000,2810.0000,2809.8000,2812.6000,2813.6000,2815.0000,2815.2000,2816.8000,1,1,2,3,1,1,1,1,1,3
SF,IH2009,2020-06-10 09:30:55.700,2812.6000,16888,0,47258160.000,0,-,-,-,-,2811.6000,2811.0000,2810.8000,2810.0000,2809.8000,2812.6000,2813.6000,2815.0000,2815.2000,2816.8000,1,1,2,3,1,1,2,1,1,3
SF,IH2009,2020-06-10 09:30:56.200,2812.6000,16888,0,47258160.000,0,-,-,-,-,2811.8000,2811.6000,2811.0000,2810.8000,2810.0000,2812.6000,2813.6000,2815.0000,2815.2000,2816.8000,1,2,1,2,3,1,2,1,1,3
SF,IH2009,2020-06-10 09:30:56.700,2812.6000,16888,0,47258160.000,0,-,-,-,-,2811.6000,2811.0000,2810.8000,2810.0000,2809.8000,2812.6000,2813.6000,2815.0000,2815.2000,2816.8000,1,1,2,3,1,1,2,1,1,3
SF,IH2009,2020-06-10 09:30:57.200,2812.6000,16888,0,47258160.000,0,-,-,-,-,2811.6000,2811.0000,2810.8000,2810.0000,2809.8000,2812.6000,2813.6000,2815.0000,2815.2000,2816.8000,1,1,2,2,1,1,2,1,1,3
SF,IH2009,2020-06-10 09:30:57.700,2812.6000,16888,0,47258160.000,0,-,-,-,-,2812.0000,2811.6000,2811.0000,2810.8000,2810.0000,2812.6000,2813.6000,2815.0000,2815.2000,2816.8000,1,1,1,2,2,1,2,1,1,3
SF,IH2009,2020-06-10 09:30:59.200,2812.6000,16888,0,47258160.000,0,-,-,-,-,2812.0000,2811.6000,2811.0000,2810.8000,2810.0000,2812.6000,2813.6000,2815.0000,2815.2000,2816.8000,1,1,1,2,2,1,2,1,1,3
SF,IH2009,2020-06-10 09:30:59.700,2812.6000,16888,0,47258160.000,0,-,-,-,-,2812.0000,2811.6000,2811.0000,2810.8000,2810.0000,2812.6000,2813.6000,2815.0000,2815.2000,2816.8000,2,1,1,2,2,1,2,1,1,3
SF,IH2009,2020-06-10 09:31:00.200,2812.0000,16887,-1,49788960.000,3,1,2,多平,S,2811.6000,2811.0000,2810.8000,2810.0000,2809.8000,2812.6000,2813.6000,2815.0000,2815.2000,2816.8000,1,1,2,2,1,1,2,1,1,3
SF,IH2009,2020-06-10 09:31:00.700,2812.0000,16887,0,49788960.000,0,-,-,-,-,2811.0000,2810.8000,2810.2000,2810.0000,2809.8000,2812.4000,2812.6000,2813.6000,2815.0000,2815.2000,1,2,1,2,1,1,1,2,1,1
SF,IH2009,2020-06-10 09:31:01.200,2812.0000,16887,0,49788960.000,0,-,-,-,-,2811.2000,2811.0000,2810.8000,2810.2000,2810.0000,2812.2000,2813.6000,2815.0000,2815.2000,2816.8000,2,1,2,1,2,1,2,3,1,3
SF,IH2009,2020-06-10 09:31:01.700,2812.0000,16887,0,49788960.000,0,-,-,-,-,2811.2000,2811.0000,2810.8000,2810.2000,2810.0000,2811.6000,2812.2000,2813.6000,2815.0000,2815.2000,2,1,2,1,2,1,2,2,3,1
SF,IH2009,2020-06-10 09:31:02.200,2812.0000,16887,0,49788960.000,0,-,-,-,-,2811.2000,2811.0000,2810.8000,2810.2000,2810.0000,2811.6000,2812.2000,2813.6000,2815.0000,2815.2000,1,2,2,1,2,1,2,2,3,1
SF,IH2009,2020-06-10 09:31:02.700,2812.0000,16887,0,49788960.000,0,-,-,-,-,2811.0000,2810.8000,2810.2000,2810.0000,2809.8000,2811.6000,2812.2000,2813.6000,2815.0000,2815.2000,2,2,1,2,1,1,2,2,3,1
SF,IH2009,2020-06-10 09:31:03.200,2812.0000,16887,0,49788960.000,0,-,-,-,-,2811.0000,2810.8000,2810.2000,2810.0000,2809.8000,2811.6000,2812.2000,2812.6000,2813.6000,2815.0000,2,2,1,2,1,1,2,1,2,3
SF,IH2009,2020-06-10 09:31:03.700,2812.0000,16887,0,49788960.000,0,-,-,-,-,2811.0000,2810.8000,2810.2000,2810.0000,2809.8000,2811.4000,2811.6000,2812.6000,2813.6000,2815.0000,2,2,1,2,1,1,1,1,2,3
SF,IH2009,2020-06-10 09:31:08.200,2811.0000,16887,0,51475560.000,2,1,1,多换,S,2810.8000,2810.2000,2810.0000,2809.8000,2809.2000,2811.4000,2811.6000,2812.6000,2813.6000,2815.0000,2,1,2,1,1,1,1,1,2,3
SF,IH2009,2020-06-10 09:31:09.200,2811.0000,16887,0,51475560.000,0,-,-,-,-,2810.8000,2810.2000,2810.0000,2809.8000,2809.2000,2811.4000,2811.6000,2812.6000,2813.6000,2815.0000,1,1,2,1,1,1,1,1,2,3
SF,IH2009,2020-06-10 09:31:09.700,2811.6000,16885,-2,53162460.000,2,0,2,双平,S,2811.4000,2811.0000,2810.8000,2810.2000,2810.0000,2812.6000,2813.6000,2815.0000,2815.2000,2816.8000,1,2,1,1,2,1,2,3,1,3
SF,IH2009,2020-06-10 09:31:10.200,2811.6000,16885,0,53162460.000,0,-,-,-,-,2811.4000,2810.8000,2810.2000,2810.0000,2809.8000,2812.4000,2812.6000,2813.6000,2815.0000,2815.2000,1,2,1,2,1,2,2,2,3,1
SF,IH2009,2020-06-10 09:31:10.700,2811.6000,16885,0,53162460.000,0,-,-,-,-,2811.4000,2810.8000,2810.2000,2810.0000,2809.8000,2812.4000,2812.6000,2813.6000,2815.0000,2815.2000,1,2,1,3,1,2,2,2,3,1
SF,IH2009,2020-06-10 09:31:11.200,2811.6000,16885,0,53162460.000,0,-,-,-,-,2811.4000,2810.8000,2810.2000,2810.0000,2809.8000,2812.2000,2812.4000,2812.6000,2813.6000,2815.0000,1,2,1,3,1,1,2,1,2,3
SF,IH2009,2020-06-10 09:31:11.700,2811.6000,16885,0,53162460.000,0,-,-,-,-,2811.4000,2810.8000,2810.2000,2810.0000,2809.8000,2812.0000,2812.6000,2813.6000,2815.0000,2815.2000,1,2,1,3,1,1,1,2,3,1
SF,IH2009,2020-06-10 09:31:12.200,2811.4000,16884,-1,54005880.000,1,0,1,双平,S,2810.8000,2810.2000,2810.0000,2809.8000,2809.2000,2812.0000,2812.6000,2813.6000,2815.0000,2815.2000,2,1,3,1,2,1,1,2,3,1
SF,IH2009,2020-06-10 09:31:12.700,2811.4000,16884,0,54005880.000,0,-,-,-,-,2811.0000,2810.8000,2810.2000,2810.0000,2809.8000,2812.0000,2812.6000,2813.6000,2815.0000,2815.2000,1,2,1,3,1,1,1,2,3,1
SF,IH2009,2020-06-10 09:31:13.200,2811.4000,16884,0,54005880.000,0,-,-,-,-,2811.0000,2810.8000,2810.2000,2810.0000,2809.8000,2812.0000,2812.6000,2813.6000,2815.0000,2815.2000,1,2,1,3,1,1,1,2,3,1
SF,IH2009,2020-06-10 09:31:15.200,2812.0000,16883,-1,54849480.000,1,0,1,双平,S,2811.2000,2811.0000,2810.8000,2810.2000,2810.0000,2812.0000,2812.6000,2813.6000,2815.0000,2815.2000,1,1,2,1,3,2,1,2,3,1
SF,IH2009,2020-06-10 09:31:15.700,2812.0000,16881,-2,56536680.000,2,0,2,双平,S,2812.0000,2811.4000,2811.2000,2811.0000,2810.8000,2812.6000,2813.6000,2815.0000,2815.2000,2816.8000,1,1,2,1,2,1,2,3,1,3
SF,IH2009,2020-06-10 09:31:16.200,2812.0000,16881,0,57380280.000,1,0,1,多换,S,2811.4000,2811.2000,2811.0000,2810.8000,2810.2000,2812.6000,2813.6000,2815.0000,2815.2000,2816.8000,1,2,1,2,1,1,2,3,1,3
SF,IH2009,2020-06-10 09:31:16.700,2812.0000,16881,0,57380280.000,0,-,-,-,-,2811.4000,2811.2000,2811.0000,2810.8000,2810.2000,2812.6000,2813.6000,2815.0000,2815.2000,2816.8000,2,1,1,2,1,1,2,3,1,3
SF,IH2009,2020-06-10 09:31:17.200,2812.0000,16881,0,57380280.000,0,-,-,-,-,2811.4000,2811.2000,2811.0000,2810.8000,2810.2000,2812.6000,2813.6000,2815.0000,2815.2000,2816.8000,2,1,1,2,1,1,2,3,1,3
SF,IH2009,2020-06-10 09:31:17.700,2811.4000,16880,-1,58223700.000,1,0,1,双平,S,2811.4000,2811.2000,2811.0000,2810.8000,2810.2000,2812.6000,2813.6000,2815.0000,2815.2000,2816.8000,1,1,1,2,1,1,2,3,1,3
SF,IH2009,2020-06-10 09:31:18.200,2811.4000,16880,0,58223700.000,0,-,-,-,-,2811.6000,2811.2000,2811.0000,2810.8000,2810.2000,2812.4000,2812.6000,2813.6000,2815.0000,2815.2000,1,1,1,2,1,1,1,2,3,1
SF,IH2009,2020-06-10 09:31:19.700,2811.4000,16880,0,58223700.000,0,-,-,-,-,2811.6000,2811.2000,2811.0000,2810.8000,2810.2000,2812.4000,2812.6000,2813.6000,2815.0000,2815.2000,1,1,1,2,1,1,1,2,3,1
SF,IH2009,2020-06-10 09:31:20.200,2811.4000,16880,0,58223700.000,0,-,-,-,-,2811.6000,2811.2000,2811.0000,2810.8000,2810.2000,2812.4000,2812.6000,2813.6000,2815.0000,2815.2000,1,1,1,2,1,1,1,2,3,1
SF,IH2009,2020-06-10 09:31:20.700,2811.4000,16880,0,58223700.000,0,-,-,-,-,2811.6000,2811.2000,2811.0000,2810.8000,2810.2000,2812.6000,2813.6000,2815.0000,2815.2000,2816.8000,1,1,1,2,1,1,2,3,1,3
SF,IH2009,2020-06-10 09:31:21.200,2811.4000,16880,0,58223700.000,0,-,-,-,-,2811.6000,2811.2000,2811.0000,2810.8000,2810.2000,2812.6000,2813.6000,2815.0000,2815.2000,2816.8000,2,1,1,2,1,1,2,3,1,3
SF,IH2009,2020-06-10 09:31:21.700,2811.4000,16880,0,58223700.000,0,-,-,-,-,2811.6000,2811.2000,2811.0000,2810.8000,2810.2000,2812.6000,2813.6000,2815.0000,2815.2000,2816.8000,2,1,1,2,1,1,2,3,1,3
SF,IH2009,2020-06-10 09:31:22.200,2811.4000,16880,0,58223700.000,0,-,-,-,-,2811.6000,2811.2000,2811.0000,2810.8000,2810.2000,2812.6000,2813.6000,2815.0000,2815.2000,2816.8000,2,1,1,2,1,1,2,3,1,3
SF,IH2009,2020-06-10 09:31:22.700,2811.4000,16880,0,58223700.000,0,-,-,-,-,2811.6000,2811.2000,2811.0000,2810.8000,2810.2000,2812.6000,2813.6000,2815.0000,2815.2000,2816.8000,2,1,1,2,1,1,2,3,1,3
SF,IH2009,2020-06-10 09:31:23.200,2811.4000,16880,0,58223700.000,0,-,-,-,-,2811.6000,2811.2000,2811.0000,2810.8000,2810.2000,2812.6000,2813.6000,2815.0000,2815.2000,2816.8000,1,1,1,2,1,1,2,3,1,3
SF,IH2009,2020-06-10 09:31:23.700,2811.4000,16880,0,58223700.000,0,-,-,-,-,2811.6000,2811.2000,2811.0000,2810.8000,2810.2000,2812.6000,2813.6000,2815.0000,2815.2000,2816.8000,2,1,1,2,1,1,2,3,1,3
SF,IH2009,2020-06-10 09:31:24.200,2811.4000,16880,0,58223700.000,0,-,-,-,-,2811.6000,2811.2000,2811.0000,2810.8000,2810.2000,2812.6000,2813.6000,2815.0000,2815.2000,2816.8000,2,1,1,2,1,1,2,3,1,3
SF,IH2009,2020-06-10 09:31:24.700,2811.4000,16880,0,58223700.000,0,-,-,-,-,2811.6000,2811.2000,2811.0000,2810.8000,2810.2000,2812.6000,2813.6000,2815.0000,2815.2000,2816.8000,2,1,1,2,1,1,2,3,1,3
SF,IH2009,2020-06-10 09:31:26.200,2811.4000,16880,0,58223700.000,0,-,-,-,-,2811.6000,2811.2000,2811.0000,2810.8000,2810.2000,2812.6000,2813.6000,2815.0000,2815.2000,2816.8000,2,1,1,2,1,1,2,3,1,3
SF,IH2009,2020-06-10 09:31:26.700,2811.4000,16880,0,58223700.000,0,-,-,-,-,2811.6000,2811.2000,2811.0000,2810.8000,2810.2000,2812.6000,2813.6000,2815.0000,2815.2000,2816.8000,1,1,1,2,1,1,2,3,1,3
SF,IH2009,2020-06-10 09:31:27.200,2811.4000,16880,0,58223700.000,0,-,-,-,-,2811.6000,2811.2000,2811.0000,2810.8000,2810.2000,2812.6000,2813.6000,2815.0000,2815.2000,2816.8000,2,1,1,2,1,1,2,3,1,3
SF,IH2009,2020-06-10 09:31:27.700,2811.4000,16880,0,58223700.000,0,-,-,-,-,2811.6000,2811.2000,2811.0000,2810.8000,2810.2000,2812.6000,2813.6000,2815.0000,2815.2000,2816.8000,2,1,1,2,1,1,1,3,1,3
SF,IH2009,2020-06-10 09:31:29.700,2812.6000,16880,0,59067480.000,1,0,1,多换,S,2811.6000,2811.2000,2811.0000,2810.8000,2810.2000,2813.6000,2815.0000,2815.2000,2816.8000,2817.8000,2,1,1,2,1,1,3,1,3,1
SF,IH2009,2020-06-10 09:31:30.200,2812.6000,16880,0,59067480.000,0,-,-,-,-,2811.8000,2811.6000,2811.2000,2811.0000,2810.8000,2812.4000,2813.4000,2813.6000,2815.0000,2815.2000,1,2,1,1,2,1,2,1,3,1
SF,IH2009,2020-06-10 09:31:30.700,2812.6000,16880,0,59067480.000,0,-,-,-,-,2811.6000,2811.2000,2811.0000,2810.8000,2810.2000,2812.4000,2813.4000,2813.6000,2815.0000,2815.2000,1,1,1,2,1,1,1,1,3,1
SF,IH2009,2020-06-10 09:31:33.700,2812.6000,16880,0,59067480.000,0,-,-,-,-,2811.6000,2811.2000,2811.0000,2810.8000,2810.2000,2812.4000,2813.0000,2813.4000,2813.6000,2815.0000,1,1,1,2,1,1,1,1,1,3
SF,IH2009,2020-06-10 09:31:34.200,2812.6000,16880,0,59067480.000,0,-,-,-,-,2811.6000,2811.2000,2811.0000,2810.8000,2810.2000,2812.4000,2813.0000,2813.4000,2813.6000,2815.0000,1,1,1,2,1,1,1,1,1,3
SF,IH2009,2020-06-10 09:31:35.200,2812.6000,16880,0,59067480.000,0,-,-,-,-,2812.2000,2811.6000,2811.2000,2811.0000,2810.8000,2812.4000,2813.0000,2813.4000,2813.6000,2815.0000,1,1,1,1,2,1,1,1,1,3
SF,IH2009,2020-06-10 09:31:35.700,2812.2000,16880,0,59911140.000,1,0,1,多换,S,2811.6000,2811.2000,2811.0000,2810.8000,2810.2000,2812.4000,2813.0000,2813.4000,2813.6000,2815.0000,1,1,1,2,1,1,1,1,1,3
SF,IH2009,2020-06-10 09:31:36.200,2811.6000,16879,-1,60754620.000,1,0,1,双平,S,2811.2000,2811.0000,2810.8000,2810.2000,2810.0000,2812.4000,2813.0000,2813.4000,2813.6000,2815.0000,1,1,2,1,3,2,1,1,1,3
SF,IH2009,2020-06-10 09:31:36.700,2811.6000,16879,0,60754620.000,0,-,-,-,-,2811.4000,2811.2000,2811.0000,2810.8000,2810.2000,2812.2000,2812.4000,2813.0000,2813.6000,2815.0000,1,1,1,2,1,1,2,1,1,3
SF,IH2009,2020-06-10 09:31:37.200,2811.6000,16879,0,60754620.000,0,-,-,-,-,2811.4000,2811.2000,2811.0000,2810.8000,2810.2000,2812.2000,2812.4000,2813.0000,2813.6000,2815.0000,1,1,2,2,1,4,1,1,1,3
SF,IH2009,2020-06-10 09:31:37.700,2811.6000,16879,0,60754620.000,0,-,-,-,-,2811.2000,2811.0000,2810.8000,2810.2000,2810.0000,2812.2000,2812.4000,2813.0000,2813.6000,2815.0000,1,2,2,1,3,3,1,1,1,3
SF,IH2009,2020-06-10 09:31:38.200,2811.6000,16879,0,60754620.000,0,-,-,-,-,2811.6000,2811.4000,2811.2000,2811.0000,2810.8000,2812.0000,2812.2000,2812.4000,2813.0000,2813.6000,2,1,1,2,2,1,3,1,1,1
SF,IH2009,2020-06-10 09:31:38.700,2812.0000,16878,-1,61598220.000,1,0,1,双平,S,2811.6000,2811.2000,2811.0000,2810.8000,2810.2000,2812.2000,2812.4000,2813.0000,2813.6000,2815.0000,2,1,2,2,1,3,1,1,1,3
SF,IH2009,2020-06-10 09:31:39.200,2812.0000,16878,0,61598220.000,0,-,-,-,-,2811.8000,2811.6000,2811.2000,2811.0000,2810.8000,2812.2000,2812.4000,2813.0000,2813.6000,2815.0000,1,2,1,2,2,3,1,1,1,3
SF,IH2009,2020-06-10 09:31:39.700,2812.4000,16874,-4,64972920.000,4,0,4,双平,S,2812.2000,2811.8000,2811.2000,2811.0000,2810.8000,2813.0000,2813.6000,2815.0000,2815.2000,2816.8000,1,1,1,2,2,1,1,3,1,3
SF,IH2009,2020-06-10 09:31:40.200,2812.4000,16874,0,64972920.000,0,-,-,-,-,2812.2000,2811.6000,2811.2000,2811.0000,2810.8000,2813.0000,2813.6000,2815.0000,2815.2000,2816.8000,1,1,1,3,2,1,1,3,1,3
SF,IH2009,2020-06-10 09:31:40.700,2812.4000,16874,0,64972920.000,0,-,-,-,-,2812.2000,2811.6000,2811.2000,2811.0000,2810.8000,2813.0000,2813.6000,2815.0000,2815.2000,2816.8000,2,1,1,3,2,1,1,3,1,3
SF,IH2009,2020-06-10 09:31:41.200,2812.4000,16874,0,64972920.000,0,-,-,-,-,2812.2000,2811.6000,2811.2000,2811.0000,2810.8000,2813.0000,2813.6000,2815.0000,2815.2000,2816.8000,1,1,1,3,2,1,1,3,1,3
SF,IH2009,2020-06-10 09:31:43.200,2813.0000,16873,-1,65816820.000,1,0,1,双平,S,2812.2000,2811.6000,2811.2000,2811.0000,2810.8000,2813.6000,2815.0000,2815.2000,2816.8000,2817.8000,1,1,1,3,2,1,3,1,3,1
SF,IH2009,2020-06-10 09:31:43.700,2813.0000,16873,0,65816820.000,0,-,-,-,-,2812.4000,2812.2000,2811.6000,2811.2000,2811.0000,2813.4000,2813.6000,2815.0000,2815.2000,2816.8000,1,1,1,1,3,2,1,3,1,3
SF,IH2009,2020-06-10 09:31:44.200,2813.0000,16873,0,65816820.000,0,-,-,-,-,2812.4000,2812.2000,2811.6000,2811.2000,2811.0000,2813.4000,2813.6000,2815.0000,2815.2000,2816.8000,2,1,1,1,3,2,1,3,1,3
SF,IH2009,2020-06-10 09:31:45.700,2813.0000,16873,0,65816820.000,0,-,-,-,-,2812.4000,2812.2000,2812.0000,2811.6000,2811.2000,2813.4000,2813.6000,2815.0000,2815.2000,2816.8000,2,1,1,1,1,2,1,3,1,3
SF,IH2009,2020-06-10 09:31:46.200,2813.0000,16873,0,65816820.000,0,-,-,-,-,2812.2000,2812.0000,2811.6000,2811.2000,2811.0000,2813.4000,2813.6000,2815.0000,2815.2000,2816.8000,1,1,1,1,3,2,1,3,1,3
SF,IH2009,2020-06-10 09:31:46.700,2813.0000,16873,0,65816820.000,0,-,-,-,-,2812.2000,2812.0000,2811.6000,2811.2000,2811.0000,2813.4000,2813.6000,2815.0000,2815.2000,2816.8000,1,1,1,1,3,2,1,3,1,3
SF,IH2009,2020-06-10 09:31:47.700,2813.0000,16873,0,65816820.000,0,-,-,-,-,2812.2000,2812.0000,2811.6000,2811.2000,2811.0000,2813.4000,2813.6000,2815.0000,2815.2000,2816.8000,1,1,1,1,3,2,1,3,1,3
SF,IH2009,2020-06-10 09:31:48.700,2813.0000,16873,0,65816820.000,0,-,-,-,-,2812.2000,2812.0000,2811.6000,2811.2000,2811.0000,2813.4000,2813.6000,2815.0000,2815.2000,2816.8000,1,1,1,1,3,2,1,3,1,3
SF,IH2009,2020-06-10 09:31:49.200,2813.0000,16873,0,65816820.000,0,-,-,-,-,2812.2000,2812.0000,2811.6000,2811.2000,2811.0000,2813.4000,2813.6000,2815.0000,2815.2000,2816.8000,2,1,1,1,3,2,1,3,1,3
SF,IH2009,2020-06-10 09:31:49.700,2813.0000,16873,0,65816820.000,0,-,-,-,-,2812.4000,2812.2000,2812.0000,2811.6000,2811.2000,2813.4000,2815.0000,2815.2000,2816.8000,2817.8000,1,2,1,1,1,1,3,1,3,1
SF,IH2009,2020-06-10 09:31:50.200,2813.0000,16873,0,65816820.000,0,-,-,-,-,2812.4000,2812.2000,2812.0000,2811.6000,2811.2000,2813.4000,2815.0000,2815.2000,2816.8000,2817.8000,1,1,1,1,1,1,3,1,3,1
SF,IH2009,2020-06-10 09:31:50.700,2813.0000,16873,0,65816820.000,0,-,-,-,-,2812.4000,2812.2000,2812.0000,2811.6000,2811.2000,2813.2000,2813.4000,2815.0000,2815.2000,2816.8000,1,1,1,1,1,1,1,3,1,3
SF,IH2009,2020-06-10 09:31:51.200,2812.2000,16872,-1,67504200.000,2,0,2,多平,S,2812.0000,2811.6000,2811.2000,2811.0000,2810.8000,2813.2000,2813.4000,2815.0000,2815.2000,2816.8000,1,1,1,2,2,1,1,3,1,3
SF,IH2009,2020-06-10 09:31:51.700,2812.2000,16872,0,67504200.000,0,-,-,-,-,2812.0000,2811.6000,2811.2000,2811.0000,2810.8000,2813.0000,2813.2000,2815.0000,2815.2000,2816.8000,1,1,1,2,2,1,1,3,1,3
SF,IH2009,2020-06-10 09:31:52.200,2812.2000,16872,0,67504200.000,0,-,-,-,-,2812.0000,2811.6000,2811.2000,2811.0000,2810.8000,2813.0000,2813.2000,2815.0000,2815.2000,2816.8000,1,1,1,2,2,1,1,3,1,3
SF,IH2009,2020-06-10 09:31:52.700,2812.2000,16872,0,67504200.000,0,-,-,-,-,2812.0000,2811.6000,2811.2000,2811.0000,2810.8000,2813.0000,2813.2000,2815.0000,2815.2000,2816.8000,2,1,1,2,2,1,1,3,1,3
SF,IH2009,2020-06-10 09:31:53.200,2812.2000,16872,0,67504200.000,0,-,-,-,-,2812.0000,2811.6000,2811.2000,2811.0000,2810.8000,2813.0000,2813.2000,2815.0000,2815.2000,2816.8000,1,1,1,2,2,1,1,3,1,3
SF,IH2009,2020-06-10 09:31:54.700,2812.2000,16872,0,67504200.000,0,-,-,-,-,2812.0000,2811.6000,2811.2000,2811.0000,2810.8000,2813.0000,2813.2000,2815.0000,2815.2000,2816.8000,1,1,1,2,2,1,1,3,1,3
SF,IH2009,2020-06-10 09:31:55.200,2812.2000,16872,0,67504200.000,0,-,-,-,-,2812.0000,2811.6000,2811.2000,2811.0000,2810.8000,2812.6000,2813.0000,2813.2000,2815.0000,2815.2000,1,1,1,2,2,1,1,1,3,1
SF,IH2009,2020-06-10 09:31:55.700,2812.0000,16871,-1,68347800.000,1,0,1,双平,S,2811.6000,2811.2000,2811.0000,2810.8000,2810.2000,2812.0000,2812.6000,2813.0000,2813.2000,2815.0000,1,1,2,2,1,1,1,1,1,3
SF,IH2009,2020-06-10 09:31:56.200,2812.0000,16871,0,68347800.000,0,-,-,-,-,2811.6000,2811.2000,2811.0000,2810.8000,2810.2000,2812.0000,2812.6000,2813.0000,2813.2000,2815.0000,1,1,2,2,1,1,1,2,1,3
SF,IH2009,2020-06-10 09:31:56.700,2812.0000,16871,0,68347800.000,0,-,-,-,-,2811.6000,2811.2000,2811.0000,2810.8000,2810.2000,2812.6000,2813.0000,2813.2000,2813.8000,2815.0000,1,1,2,2,1,1,2,1,1,3
SF,IH2009,2020-06-10 09:31:57.200,2812.0000,16871,0,68347800.000,0,-,-,-,-,2811.6000,2811.2000,2811.0000,2810.8000,2810.2000,2812.4000,2812.6000,2813.0000,2813.2000,2813.8000,2,1,2,2,1,1,1,1,1,1
SF,IH2009,2020-06-10 09:31:57.700,2812.0000,16871,0,68347800.000,0,-,-,-,-,2811.6000,2811.2000,2811.0000,2810.8000,2810.2000,2812.4000,2812.6000,2813.0000,2813.2000,2813.8000,1,1,2,2,1,1,1,1,1,1
SF,IH2009,2020-06-10 09:31:58.200,2812.0000,16871,0,68347800.000,0,-,-,-,-,2811.6000,2811.2000,2811.0000,2810.8000,2810.2000,2812.4000,2812.6000,2813.0000,2813.2000,2813.8000,2,1,2,2,1,1,1,1,1,1
SF,IH2009,2020-06-10 09:32:00.200,2812.0000,16871,0,68347800.000,0,-,-,-,-,2812.0000,2811.6000,2811.0000,2810.8000,2810.2000,2812.4000,2812.6000,2813.0000,2813.2000,2813.8000,1,2,2,2,1,1,1,1,1,1
SF,IH2009,2020-06-10 09:32:00.700,2812.0000,16870,-1,69191400.000,1,0,1,双平,S,2811.6000,2811.0000,2810.8000,2810.2000,2810.0000,2812.4000,2812.6000,2813.0000,2813.2000,2813.8000,1,2,2,1,2,1,1,1,1,1
SF,IH2009,2020-06-10 09:32:02.200,2811.6000,16869,-1,70878420.000,2,0,2,多平,S,2811.0000,2810.8000,2810.2000,2810.0000,2809.8000,2812.4000,2812.6000,2813.0000,2813.2000,2813.8000,2,2,1,2,3,1,1,1,1,1
SF,IH2009,2020-06-10 09:32:02.700,2811.6000,16869,0,70878420.000,0,-,-,-,-,2811.0000,2810.8000,2810.2000,2810.0000,2809.8000,2811.6000,2812.2000,2812.4000,2812.6000,2813.0000,2,2,1,3,3,1,1,1,1,1
SF,IH2009,2020-06-10 09:32:03.200,2811.6000,16869,0,70878420.000,0,-,-,-,-,2811.0000,2810.8000,2810.2000,2810.0000,2809.8000,2812.4000,2812.6000,2813.0000,2813.2000,2813.8000,2,2,1,3,3,1,1,1,1,1
SF,IH2009,2020-06-10 09:32:03.700,2811.6000,16869,0,70878420.000,0,-,-,-,-,2811.0000,2810.8000,2810.2000,2810.0000,2809.8000,2812.2000,2812.4000,2812.6000,2813.0000,2813.2000,2,2,1,3,3,1,1,1,1,1
SF,IH2009,2020-06-10 09:32:04.200,2811.6000,16869,0,70878420.000,0,-,-,-,-,2811.0000,2810.8000,2810.2000,2810.0000,2809.8000,2812.0000,2813.0000,2813.2000,2813.8000,2815.0000,2,2,1,3,3,1,1,1,1,3
SF,IH2009,2020-06-10 09:32:04.700,2811.6000,16869,0,70878420.000,0,-,-,-,-,2811.0000,2810.8000,2810.2000,2810.0000,2809.8000,2812.0000,2813.0000,2813.2000,2813.8000,2815.0000,2,2,1,3,3,2,1,1,1,3
SF,IH2009,2020-06-10 09:32:05.700,2811.6000,16869,0,70878420.000,0,-,-,-,-,2811.0000,2810.8000,2810.2000,2810.0000,2809.8000,2812.0000,2813.0000,2813.2000,2813.8000,2815.0000,2,2,1,3,3,2,1,1,1,4
SF,IH2009,2020-06-10 09:32:06.200,2811.6000,16869,0,70878420.000,0,-,-,-,-,2811.0000,2810.8000,2810.2000,2810.0000,2809.8000,2812.0000,2813.0000,2813.2000,2813.8000,2815.0000,2,2,1,3,3,2,1,1,1,4
SF,IH2009,2020-06-10 09:32:08.200,2812.0000,16868,-1,71722020.000,1,0,1,双平,S,2811.0000,2810.8000,2810.2000,2810.0000,2809.8000,2812.0000,2813.0000,2813.2000,2813.8000,2815.0000,2,2,1,3,3,1,1,1,1,4
SF,IH2009,2020-06-10 09:32:08.700,2812.0000,16868,0,71722020.000,0,-,-,-,-,2811.0000,2810.8000,2810.2000,2810.0000,2809.8000,2811.8000,2812.0000,2813.0000,2813.8000,2815.0000,2,2,1,3,3,1,1,1,1,4
SF,IH2009,2020-06-10 09:32:09.700,2812.0000,16868,0,71722020.000,0,-,-,-,-,2811.0000,2810.8000,2810.2000,2810.0000,2809.8000,2811.8000,2813.0000,2813.8000,2815.0000,2815.2000,2,2,1,3,3,1,1,1,4,1
SF,IH2009,2020-06-10 09:32:10.200,2812.0000,16868,0,71722020.000,0,-,-,-,-,2811.0000,2810.8000,2810.2000,2810.0000,2809.8000,2813.0000,2813.8000,2815.0000,2815.2000,2816.8000,2,2,1,3,3,1,1,4,1,3
SF,IH2009,2020-06-10 09:32:10.700,2812.0000,16868,0,71722020.000,0,-,-,-,-,2811.2000,2811.0000,2810.8000,2810.2000,2810.0000,2812.8000,2813.0000,2813.8000,2814.6000,2815.0000,1,2,2,1,3,3,1,1,1,4
SF,IH2009,2020-06-10 09:32:11.200,2812.0000,16868,0,71722020.000,0,-,-,-,-,2811.2000,2811.0000,2810.8000,2810.2000,2810.0000,2812.6000,2812.8000,2813.0000,2813.8000,2814.6000,1,2,2,1,3,1,2,1,1,1
SF,IH2009,2020-06-10 09:32:11.700,2812.0000,16868,0,71722020.000,0,-,-,-,-,2811.2000,2811.0000,2810.8000,2810.2000,2810.0000,2812.4000,2812.6000,2813.0000,2813.8000,2814.6000,1,2,2,1,3,2,1,1,1,1
SF,IH2009,2020-06-10 09:32:12.200,2812.0000,16868,0,71722020.000,0,-,-,-,-,2811.4000,2811.2000,2811.0000,2810.8000,2810.2000,2812.4000,2813.0000,2813.8000,2814.6000,2815.0000,1,1,2,2,1,1,1,1,1,4
SF,IH2009,2020-06-10 09:32:12.700,2812.0000,16868,0,71722020.000,0,-,-,-,-,2811.4000,2811.2000,2811.0000,2810.8000,2810.2000,2812.4000,2813.0000,2813.8000,2814.6000,2815.0000,1,1,2,2,1,1,1,1,1,4
SF,IH2009,2020-06-10 09:32:13.200,2812.0000,16868,0,71722020.000,0,-,-,-,-,2811.4000,2811.2000,2811.0000,2810.8000,2810.2000,2812.4000,2813.0000,2813.8000,2814.6000,2815.0000,2,1,2,2,1,1,1,1,1,4
SF,IH2009,2020-06-10 09:32:18.200,2812.0000,16868,0,71722020.000,0,-,-,-,-,2811.4000,2811.2000,2811.0000,2810.8000,2810.2000,2812.4000,2813.0000,2813.8000,2814.6000,2815.0000,2,1,3,2,1,1,1,1,1,4
SF,IH2009,2020-06-10 09:32:18.700,2812.0000,16868,0,71722020.000,0,-,-,-,-,2811.6000,2811.4000,2811.0000,2810.8000,2810.2000,2812.4000,2813.0000,2813.8000,2814.6000,2815.0000,1,2,3,2,1,1,1,1,1,4
SF,IH2009,2020-06-10 09:32:19.200,2812.4000,16867,-1,72565740.000,1,0,1,双平,S,2811.6000,2811.4000,2811.0000,2810.8000,2810.2000,2813.0000,2813.8000,2814.6000,2815.0000,2815.2000,1,1,3,2,1,1,1,1,4,1
SF,IH2009,2020-06-10 09:32:19.700,2812.4000,16867,0,72565740.000,0,-,-,-,-,2811.8000,2811.6000,2811.4000,2811.0000,2810.8000,2812.8000,2813.0000,2813.8000,2814.6000,2815.0000,1,1,1,3,2,1,1,1,1,4
SF,IH2009,2020-06-10 09:32:20.200,2812.4000,16867,0,72565740.000,0,-,-,-,-,2812.0000,2811.4000,2811.0000,2810.8000,2810.2000,2812.8000,2813.0000,2813.8000,2814.6000,2815.0000,1,1,3,2,1,1,1,1,1,4
SF,IH2009,2020-06-10 09:32:20.700,2812.4000,16867,0,72565740.000,0,-,-,-,-,2811.4000,2811.0000,2810.8000,2810.2000,2810.0000,2812.6000,2812.8000,2813.0000,2813.8000,2814.6000,1,3,2,1,3,1,1,1,1,1
SF,IH2009,2020-06-10 09:32:21.200,2812.4000,16867,0,72565740.000,0,-,-,-,-,2811.6000,2811.4000,2811.0000,2810.8000,2810.2000,2812.8000,2813.0000,2813.8000,2814.6000,2815.0000,1,1,3,2,1,1,1,1,1,4
SF,IH2009,2020-06-10 09:32:21.700,2812.4000,16867,0,72565740.000,0,-,-,-,-,2811.6000,2811.4000,2811.0000,2810.8000,2810.2000,2812.8000,2813.0000,2813.8000,2814.6000,2815.0000,2,1,3,2,1,1,1,1,1,4
SF,IH2009,2020-06-10 09:32:22.200,2812.4000,16867,0,72565740.000,0,-,-,-,-,2811.8000,2811.6000,2811.4000,2811.0000,2810.8000,2812.8000,2813.0000,2813.8000,2814.6000,2815.0000,1,1,1,3,2,1,1,1,1,4
SF,IH2009,2020-06-10 09:32:22.700,2812.4000,16867,0,72565740.000,0,-,-,-,-,2812.0000,2811.8000,2811.4000,2811.0000,2810.8000,2812.8000,2813.0000,2813.8000,2814.6000,2815.0000,1,1,1,3,2,1,1,1,1,4
SF,IH2009,2020-06-10 09:32:23.200,2812.0000,16866,-1,73409340.000,1,0,1,双平,S,2811.8000,2811.4000,2811.0000,2810.8000,2810.2000,2813.0000,2813.8000,2814.6000,2815.0000,2815.2000,1,1,3,2,1,1,1,1,4,1
SF,IH2009,2020-06-10 09:32:23.700,2812.0000,16866,0,73409340.000,0,-,-,-,-,2812.0000,2811.8000,2811.4000,2811.0000,2810.8000,2812.8000,2813.0000,2813.8000,2814.6000,2815.0000,1,1,1,2,2,1,1,1,1,4
SF,IH2009,2020-06-10 09:32:24.200,2812.0000,16866,0,73409340.000,0,-,-,-,-,2812.0000,2811.4000,2811.0000,2810.8000,2810.2000,2812.8000,2813.0000,2813.8000,2814.6000,2815.0000,1,1,2,2,1,2,1,1,1,4
SF,IH2009,2020-06-10 09:32:24.700,2812.0000,16866,0,73409340.000,0,-,-,-,-,2811.4000,2811.0000,2810.8000,2810.2000,2810.0000,2812.8000,2813.0000,2813.8000,2814.6000,2815.0000,1,2,2,1,3,2,1,1,1,4
SF,IH2009,2020-06-10 09:32:25.200,2812.0000,16866,0,73409340.000,0,-,-,-,-,2811.6000,2811.4000,2811.0000,2810.8000,2810.2000,2812.8000,2813.0000,2813.6000,2813.8000,2814.6000,1,1,2,2,1,2,1,1,1,1
SF,IH2009,2020-06-10 09:32:25.700,2812.0000,16866,0,73409340.000,0,-,-,-,-,2811.6000,2811.4000,2811.0000,2810.8000,2810.2000,2812.8000,2813.0000,2813.6000,2813.8000,2814.6000,1,1,2,2,1,1,1,1,1,1
SF,IH2009,2020-06-10 09:32:26.200,2812.0000,16866,0,73409340.000,0,-,-,-,-,2811.6000,2811.4000,2811.0000,2810.8000,2810.2000,2812.6000,2812.8000,2813.0000,2813.6000,2813.8000,1,1,2,2,1,1,1,1,1,1
SF,IH2009,2020-06-10 09:32:26.700,2812.0000,16866,0,73409340.000,0,-,-,-,-,2811.6000,2811.4000,2811.0000,2810.8000,2810.2000,2812.0000,2812.6000,2812.8000,2813.0000,2813.6000,1,1,2,2,1,1,1,1,1,1
SF,IH2009,2020-06-10 09:32:27.200,2812.0000,16866,0,73409340.000,0,-,-,-,-,2811.6000,2811.4000,2811.0000,2810.8000,2810.2000,2812.0000,2812.8000,2813.0000,2813.6000,2813.8000,1,1,2,2,1,1,1,1,1,1
SF,IH2009,2020-06-10 09:32:29.200,2812.0000,16865,-1,74252940.000,1,0,1,双平,S,2811.6000,2811.4000,2811.0000,2810.8000,2810.2000,2812.8000,2813.0000,2813.6000,2813.8000,2815.0000,1,1,2,2,1,1,1,1,1,4
SF,IH2009,2020-06-10 09:32:29.700,2812.0000,16865,0,74252940.000,0,-,-,-,-,2811.6000,2811.4000,2811.0000,2810.8000,2810.2000,2812.6000,2812.8000,2813.0000,2813.4000,2813.6000,1,1,2,2,1,2,1,1,1,1
SF,IH2009,2020-06-10 09:32:30.200,2812.0000,16865,0,74252940.000,0,-,-,-,-,2811.6000,2811.4000,2811.0000,2810.8000,2810.2000,2812.6000,2812.8000,2813.0000,2813.4000,2813.6000,1,1,2,2,1,1,1,1,1,1
SF,IH2009,2020-06-10 09:32:30.700,2812.0000,16865,0,74252940.000,0,-,-,-,-,2812.0000,2811.6000,2811.4000,2811.0000,2810.8000,2812.6000,2812.8000,2813.0000,2813.4000,2813.6000,1,1,1,2,2,1,1,1,1,1
SF,IH2009,2020-06-10 09:32:31.200,2812.0000,16865,0,74252940.000,0,-,-,-,-,2812.0000,2811.6000,2811.4000,2811.0000,2810.8000,2812.8000,2813.0000,2813.4000,2813.6000,2813.8000,1,1,1,2,2,1,1,1,1,1
SF,IH2009,2020-06-10 09:32:34.700,2812.8000,16864,-1,75096780.000,1,0,1,双平,S,2812.0000,2811.6000,2811.4000,2811.0000,2810.8000,2813.0000,2813.4000,2813.6000,2813.8000,2814.6000,1,1,1,2,2,1,1,1,1,1
SF,IH2009,2020-06-10 09:32:35.200,2812.8000,16864,0,75096780.000,0,-,-,-,-,2812.2000,2812.0000,2811.4000,2811.0000,2810.8000,2812.6000,2813.0000,2813.4000,2813.6000,2813.8000,1,1,1,2,2,3,1,1,1,1
SF,IH2009,2020-06-10 09:32:35.700,2812.8000,16864,0,75940620.000,1,0,1,多换,S,2812.2000,2812.0000,2811.4000,2811.0000,2810.8000,2812.6000,2813.0000,2813.4000,2813.6000,2813.8000,1,1,1,2,2,2,1,1,1,1
SF,IH2009,2020-06-10 09:32:36.200,2812.0000,16863,-1,77627880.000,2,0,2,多平,S,2811.4000,2811.0000,2810.8000,2810.2000,2810.0000,2812.6000,2813.0000,2813.4000,2813.6000,2813.8000,1,2,2,1,3,2,1,1,1,1
SF,IH2009,2020-06-10 09:32:36.700,2812.0000,16863,0,77627880.000,0,-,-,-,-,2811.6000,2811.4000,2811.0000,2810.8000,2810.2000,2812.6000,2813.0000,2813.4000,2813.6000,2813.8000,4,1,2,2,2,2,1,1,1,1
SF,IH2009,2020-06-10 09:32:37.200,2812.6000,16864,1,78471660.000,1,1,0,双开,S,2811.6000,2811.4000,2811.0000,2810.8000,2810.2000,2812.6000,2813.0000,2813.4000,2813.6000,2813.8000,3,1,2,2,2,1,1,1,1,1
SF,IH2009,2020-06-10 09:32:37.700,2812.6000,16864,0,78471660.000,0,-,-,-,-,2811.6000,2811.4000,2811.0000,2810.8000,2810.2000,2812.6000,2813.0000,2813.4000,2813.6000,2813.8000,3,1,2,2,2,1,1,1,1,1
SF,IH2009,2020-06-10 09:32:38.700,2812.6000,16864,0,78471660.000,0,-,-,-,-,2811.6000,2811.4000,2811.0000,2810.8000,2810.2000,2812.6000,2813.0000,2813.4000,2813.6000,2813.8000,3,1,2,2,2,1,1,1,1,1
SF,IH2009,2020-06-10 09:32:40.200,2812.6000,16864,0,78471660.000,0,-,-,-,-,2811.8000,2811.6000,2811.4000,2811.0000,2810.8000,2813.0000,2813.4000,2813.6000,2813.8000,2814.6000,1,3,1,2,2,1,1,1,1,1
SF,IH2009,2020-06-10 09:32:40.700,2812.6000,16864,0,78471660.000,0,-,-,-,-,2812.0000,2811.6000,2811.4000,2811.0000,2810.8000,2812.8000,2813.0000,2813.4000,2813.6000,2813.8000,1,2,1,2,2,1,1,1,1,1
SF,IH2009,2020-06-10 09:32:41.200,2812.6000,16864,0,78471660.000,0,-,-,-,-,2812.0000,2811.4000,2811.0000,2810.8000,2810.2000,2812.8000,2813.0000,2813.4000,2813.6000,2813.8000,1,1,2,2,2,2,1,1,1,1
SF,IH2009,2020-06-10 09:32:43.200,2812.0000,16863,-1,79315260.000,1,0,1,双平,S,2811.4000,2811.0000,2810.8000,2810.2000,2810.0000,2812.8000,2813.0000,2813.4000,2813.6000,2813.8000,1,2,2,2,3,2,1,1,1,1
SF,IH2009,2020-06-10 09:32:43.700,2812.0000,16863,0,79315260.000,0,-,-,-,-,2811.4000,2811.0000,2810.8000,2810.2000,2810.0000,2812.8000,2813.0000,2813.4000,2813.6000,2813.8000,1,2,2,2,3,2,1,1,1,1
SF,IH2009,2020-06-10 09:32:44.200,2812.0000,16863,0,79315260.000,0,-,-,-,-,2811.6000,2811.4000,2811.0000,2810.8000,2810.2000,2812.8000,2813.0000,2813.4000,2813.6000,2813.8000,1,1,2,2,2,2,1,1,1,1
SF,IH2009,2020-06-10 09:32:44.700,2812.0000,16863,0,79315260.000,0,-,-,-,-,2811.8000,2811.6000,2811.4000,2811.0000,2810.8000,2812.8000,2813.0000,2813.4000,2813.6000,2813.8000,1,1,1,2,2,1,1,1,1,1
SF,IH2009,2020-06-10 09:32:45.200,2812.0000,16863,0,79315260.000,0,-,-,-,-,2811.8000,2811.6000,2811.4000,2811.0000,2810.8000,2812.8000,2813.0000,2813.4000,2813.6000,2813.8000,1,1,1,2,2,1,1,1,1,1
SF,IH2009,2020-06-10 09:32:45.700,2812.8000,16862,-1,80159100.000,1,0,1,双平,S,2811.8000,2811.6000,2811.4000,2811.0000,2810.8000,2813.0000,2813.4000,2813.6000,2813.8000,2814.6000,1,1,1,2,2,1,1,1,1,1
SF,IH2009,2020-06-10 09:32:46.200,2812.8000,16862,0,80159100.000,0,-,-,-,-,2812.0000,2811.8000,2811.0000,2810.8000,2810.2000,2812.8000,2813.0000,2813.4000,2813.6000,2813.8000,1,1,2,2,2,1,1,1,1,1
SF,IH2009,2020-06-10 09:32:46.700,2812.8000,16862,0,80159100.000,0,-,-,-,-,2812.0000,2811.0000,2810.8000,2810.2000,2810.0000,2813.0000,2813.4000,2813.6000,2813.8000,2814.6000,2,2,2,2,3,1,1,1,1,1
SF,IH2009,2020-06-10 09:32:47.200,2812.8000,16862,0,80159100.000,0,-,-,-,-,2812.6000,2812.2000,2812.0000,2811.0000,2810.8000,2813.0000,2813.4000,2813.6000,2813.8000,2814.6000,1,1,2,3,2,1,1,1,1,1
SF,IH2009,2020-06-10 09:32:47.700,2812.8000,16862,0,80159100.000,0,-,-,-,-,2812.8000,2812.0000,2811.0000,2810.8000,2810.2000,2813.0000,2813.4000,2813.6000,2813.8000,2814.6000,2,1,3,2,1,1,1,1,1,1
SF,IH2009,2020-06-10 09:32:48.200,2812.8000,16863,1,81002940.000,1,1,0,双开,S,2813.0000,2812.8000,2812.0000,2811.0000,2810.8000,2813.4000,2813.6000,2813.8000,2814.6000,2815.0000,2,1,1,3,2,1,1,1,1,4
SF,IH2009,2020-06-10 09:32:48.700,2812.8000,16863,0,81002940.000,0,-,-,-,-,2813.0000,2812.8000,2812.0000,2811.0000,2810.8000,2813.6000,2813.8000,2814.6000,2815.0000,2815.2000,1,1,1,3,2,1,1,1,4,1
SF,IH2009,2020-06-10 09:32:49.200,2812.8000,16863,0,81002940.000,0,-,-,-,-,2813.0000,2812.8000,2812.4000,2812.0000,2811.0000,2813.6000,2813.8000,2814.6000,2815.0000,2815.2000,1,1,1,1,3,1,1,1,4,2
SF,IH2009,2020-06-10 09:32:49.700,2812.8000,16863,0,81002940.000,0,-,-,-,-,2813.0000,2812.8000,2812.4000,2812.0000,2811.8000,2813.6000,2813.8000,2814.6000,2815.0000,2815.2000,1,1,1,1,1,1,1,1,4,2
SF,IH2009,2020-06-10 09:32:50.700,2812.8000,16863,0,81002940.000,0,-,-,-,-,2812.8000,2812.4000,2812.0000,2811.8000,2811.0000,2813.0000,2813.6000,2813.8000,2814.6000,2815.0000,1,1,1,1,3,1,1,1,1,4
SF,IH2009,2020-06-10 09:32:51.200,2812.8000,16863,0,81846780.000,1,0,1,多换,S,2812.4000,2812.0000,2811.8000,2811.0000,2810.8000,2813.6000,2813.8000,2814.6000,2815.0000,2815.2000,1,1,1,3,2,1,1,1,4,2
SF,IH2009,2020-06-10 09:32:51.700,2812.8000,16863,0,81846780.000,0,-,-,-,-,2812.4000,2812.0000,2811.8000,2811.0000,2810.8000,2813.4000,2813.6000,2813.8000,2814.6000,2815.0000,1,1,1,3,2,3,1,1,1,4
SF,IH2009,2020-06-10 09:32:52.200,2812.8000,16863,0,81846780.000,0,-,-,-,-,2813.0000,2812.4000,2812.0000,2811.8000,2811.0000,2813.4000,2813.6000,2813.8000,2814.6000,2815.0000,1,1,1,1,3,3,1,1,1,4
SF,IH2009,2020-06-10 09:32:52.700,2813.0000,16863,0,82690680.000,1,0,1,多换,S,2812.4000,2812.0000,2811.8000,2811.0000,2810.8000,2813.0000,2813.4000,2813.6000,2813.8000,2814.6000,1,1,1,3,2,1,2,1,1,1
SF,IH2009,2020-06-10 09:32:53.700,2813.0000,16863,0,82690680.000,0,-,-,-,-,2812.4000,2812.0000,2811.8000,2811.0000,2810.8000,2813.0000,2813.4000,2813.6000,2813.8000,2814.6000,1,1,1,3,2,1,1,1,1,1
SF,IH2009,2020-06-10 09:32:54.200,2813.0000,16863,0,82690680.000,0,-,-,-,-,2812.4000,2812.0000,2811.8000,2811.0000,2810.8000,2813.0000,2813.4000,2813.6000,2813.8000,2814.6000,1,2,1,3,2,1,1,1,1,1
SF,IH2009,2020-06-10 09:32:57.200,2813.0000,16863,0,82690680.000,0,-,-,-,-,2812.4000,2812.0000,2811.8000,2811.0000,2810.8000,2813.0000,2813.4000,2813.6000,2813.8000,2814.6000,1,2,1,3,2,1,1,1,1,1
SF,IH2009,2020-06-10 09:32:59.200,2813.0000,16862,-1,83534580.000,1,0,1,双平,S,2812.4000,2812.0000,2811.8000,2811.0000,2810.8000,2813.4000,2813.6000,2813.8000,2814.6000,2815.0000,1,2,1,3,2,1,1,1,1,4
SF,IH2009,2020-06-10 09:32:59.700,2812.6000,16861,-1,84378360.000,1,0,1,双平,S,2812.4000,2812.0000,2811.8000,2811.0000,2810.8000,2813.4000,2813.6000,2813.8000,2814.6000,2815.0000,1,1,1,3,2,1,1,1,1,4
SF,IH2009,2020-06-10 09:33:00.200,2812.6000,16861,0,84378360.000,0,-,-,-,-,2812.6000,2812.4000,2812.0000,2811.8000,2811.0000,2813.4000,2813.6000,2813.8000,2814.6000,2815.0000,1,1,1,1,3,1,1,1,1,4
SF,IH2009,2020-06-10 09:33:01.200,2812.6000,16861,0,84378360.000,0,-,-,-,-,2812.8000,2812.6000,2812.4000,2812.0000,2811.8000,2813.4000,2813.6000,2813.8000,2814.6000,2815.0000,1,1,1,1,1,1,1,1,1,4
SF,IH2009,2020-06-10 09:33:01.700,2812.6000,16861,0,84378360.000,0,-,-,-,-,2812.6000,2812.4000,2812.0000,2811.8000,2811.0000,2813.4000,2813.6000,2813.8000,2814.6000,2815.0000,1,1,1,1,3,1,1,1,1,4
SF,IH2009,2020-06-10 09:33:02.700,2812.6000,16861,0,84378360.000,0,-,-,-,-,2812.8000,2812.6000,2812.4000,2812.0000,2811.8000,2813.4000,2813.6000,2813.8000,2814.6000,2815.0000,1,1,1,1,1,1,1,1,1,4
SF,IH2009,2020-06-10 09:33:03.200,2813.4000,16860,-1,85222380.000,1,0,1,双平,S,2812.8000,2812.6000,2812.4000,2812.0000,2811.8000,2813.6000,2813.8000,2814.6000,2815.0000,2815.2000,1,1,1,1,1,1,1,1,4,2
SF,IH2009,2020-06-10 09:33:04.200,2813.4000,16860,0,85222380.000,0,-,-,-,-,2813.4000,2812.8000,2812.6000,2812.4000,2812.0000,2813.6000,2813.8000,2814.6000,2815.0000,2815.2000,1,1,1,1,1,1,1,1,4,2
SF,IH2009,2020-06-10 09:33:04.700,2813.6000,16859,-1,86066460.000,1,0,1,双平,S,2813.6000,2813.4000,2812.8000,2812.6000,2812.4000,2813.8000,2814.6000,2815.0000,2815.2000,2816.8000,2,1,1,1,1,1,1,4,2,3
SF,IH2009,2020-06-10 09:33:05.200,2813.6000,16857,-2,88598760.000,3,0,3,多平,S,2813.4000,2812.8000,2812.6000,2812.4000,2812.0000,2814.6000,2815.0000,2815.2000,2815.8000,2816.8000,1,1,1,1,1,1,4,2,1,3
SF,IH2009,2020-06-10 09:33:05.700,2813.6000,16857,0,88598760.000,0,-,-,-,-,2813.8000,2813.6000,2813.4000,2812.8000,2812.4000,2814.4000,2814.6000,2815.0000,2815.2000,2815.8000,1,1,1,1,1,2,1,4,2,1
SF,IH2009,2020-06-10 09:33:06.200,2813.6000,16857,0,88598760.000,0,-,-,-,-,2813.8000,2813.6000,2813.4000,2812.8000,2812.4000,2814.4000,2814.6000,2815.0000,2815.2000,2815.8000,1,2,1,1,1,1,1,4,2,1
SF,IH2009,2020-06-10 09:33:06.700,2813.6000,16857,0,88598760.000,0,-,-,-,-,2813.8000,2813.6000,2813.4000,2812.4000,2812.0000,2814.4000,2814.6000,2815.0000,2815.2000,2815.8000,1,1,1,1,1,1,1,4,2,1
SF,IH2009,2020-06-10 09:33:07.200,2813.8000,16856,-1,89442900.000,1,0,1,双平,S,2813.6000,2813.4000,2812.4000,2812.0000,2811.8000,2814.4000,2814.6000,2815.0000,2815.2000,2815.8000,1,1,1,1,1,1,1,4,2,1
SF,IH2009,2020-06-10 09:33:07.700,2813.8000,16856,0,89442900.000,0,-,-,-,-,2813.4000,2812.4000,2812.0000,2811.8000,2811.0000,2813.6000,2814.4000,2814.6000,2815.0000,2815.2000,1,1,1,1,2,1,1,1,4,2
SF,IH2009,2020-06-10 09:33:08.200,2813.6000,16855,-1,90286980.000,1,0,1,双平,S,2813.8000,2813.6000,2813.4000,2812.4000,2812.0000,2814.4000,2814.6000,2815.0000,2815.2000,2815.8000,2,3,1,1,1,1,1,4,2,1
SF,IH2009,2020-06-10 09:33:08.700,2813.6000,16855,0,90286980.000,0,-,-,-,-,2813.8000,2813.4000,2813.2000,2812.4000,2812.0000,2814.4000,2814.6000,2815.0000,2815.2000,2815.8000,2,1,1,1,1,1,1,4,2,1
SF,IH2009,2020-06-10 09:33:09.200,2813.6000,16855,0,90286980.000,0,-,-,-,-,2813.8000,2813.4000,2813.2000,2812.4000,2812.0000,2814.6000,2815.0000,2815.2000,2815.8000,2816.4000,2,1,1,1,1,1,4,2,1,1
SF,IH2009,2020-06-10 09:33:09.700,2813.6000,16855,0,90286980.000,0,-,-,-,-,2814.6000,2814.4000,2814.2000,2814.0000,2813.8000,2815.0000,2815.2000,2815.8000,2816.4000,2816.8000,1,1,2,2,2,4,1,1,1,3
SF,IH2009,2020-06-10 09:33:10.200,2813.6000,16855,0,90286980.000,0,-,-,-,-,2814.4000,2814.0000,2813.8000,2813.4000,2813.2000,2814.6000,2815.0000,2815.2000,2815.8000,2816.4000,1,1,2,1,1,1,3,1,1,1
SF,IH2009,2020-06-10 09:33:10.700,2814.6000,16853,-2,91975740.000,2,0,2,双平,S,2814.6000,2814.4000,2814.0000,2813.8000,2813.4000,2815.0000,2815.2000,2815.8000,2816.4000,2816.8000,2,3,1,2,1,3,1,1,1,3
SF,IH2009,2020-06-10 09:33:11.200,2814.4000,16850,-3,94508820.000,3,0,3,双平,S,2814.0000,2813.8000,2813.4000,2813.2000,2812.4000,2814.4000,2814.6000,2814.8000,2815.0000,2815.2000,1,2,1,1,1,1,3,2,3,1
SF,IH2009,2020-06-10 09:33:11.700,2814.4000,16850,0,94508820.000,0,-,-,-,-,2813.8000,2813.4000,2813.2000,2812.4000,2812.0000,2814.4000,2814.8000,2815.0000,2815.2000,2815.8000,2,1,1,1,1,1,2,3,1,1
SF,IH2009,2020-06-10 09:33:12.200,2814.4000,16850,0,94508820.000,0,-,-,-,-,2813.4000,2813.2000,2812.4000,2812.0000,2811.0000,2814.0000,2814.4000,2814.8000,2815.0000,2815.2000,1,1,1,1,2,1,1,2,3,1
SF,IH2009,2020-06-10 09:33:12.700,2814.4000,16850,0,94508820.000,0,-,-,-,-,2813.6000,2813.4000,2813.2000,2812.4000,2812.0000,2814.0000,2814.4000,2814.8000,2815.0000,2815.2000,1,1,1,1,1,1,1,2,3,1
SF,IH2009,2020-06-10 09:33:13.200,2814.4000,16850,0,94508820.000,0,-,-,-,-,2813.4000,2813.2000,2812.4000,2812.0000,2811.8000,2814.0000,2814.4000,2814.8000,2815.0000,2815.2000,1,1,1,1,1,1,1,2,3,1
SF,IH2009,2020-06-10 09:33:13.700,2814.4000,16850,0,94508820.000,0,-,-,-,-,2813.4000,2813.2000,2812.4000,2812.0000,2811.8000,2814.4000,2815.0000,2815.2000,2815.8000,2816.8000,1,1,1,1,1,1,3,1,1,3
SF,IH2009,2020-06-10 09:33:14.200,2813.4000,16850,0,95352840.000,1,0,1,多换,S,2813.2000,2813.0000,2812.4000,2812.0000,2811.8000,2814.2000,2814.4000,2815.0000,2815.2000,2815.8000,1,1,1,1,1,1,1,3,1,1
SF,IH2009,2020-06-10 09:33:14.700,2813.4000,16850,0,95352840.000,0,-,-,-,-,2814.0000,2813.0000,2812.4000,2812.0000,2811.8000,2814.2000,2814.4000,2815.0000,2815.2000,2815.8000,1,1,1,1,1,2,1,3,1,1
SF,IH2009,2020-06-10 09:33:15.200,2814.0000,16850,0,96197040.000,1,0,1,多换,S,2813.0000,2812.4000,2812.0000,2811.8000,2811.0000,2814.0000,2814.2000,2814.4000,2815.0000,2815.2000,1,1,1,1,2,9,1,1,3,1
SF,IH2009,2020-06-10 09:33:15.700,2814.0000,16850,0,96197040.000,0,-,-,-,-,2813.4000,2813.2000,2813.0000,2812.4000,2812.0000,2813.8000,2814.0000,2814.2000,2814.4000,2815.0000,1,1,1,1,1,1,5,1,1,3
SF,IH2009,2020-06-10 09:33:16.200,2814.0000,16850,0,96197040.000,0,-,-,-,-,2813.0000,2812.4000,2812.0000,2811.8000,2811.0000,2813.8000,2814.0000,2814.2000,2814.4000,2815.0000,1,1,1,1,2,1,5,1,1,3
SF,IH2009,2020-06-10 09:33:16.700,2814.0000,16850,0,96197040.000,0,-,-,-,-,2813.0000,2812.4000,2812.0000,2811.8000,2811.0000,2814.0000,2814.2000,2814.4000,2815.0000,2815.2000,1,1,1,1,3,4,1,2,3,1
SF,IH2009,2020-06-10 09:33:17.200,2814.0000,16850,0,96197040.000,0,-,-,-,-,2813.0000,2812.4000,2812.0000,2811.8000,2811.0000,2813.8000,2814.0000,2814.4000,2815.0000,2815.2000,1,1,1,1,3,1,4,2,3,1
SF,IH2009,2020-06-10 09:33:17.700,2813.0000,16849,-1,97040940.000,1,0,1,双平,S,2812.4000,2812.0000,2811.8000,2811.0000,2810.8000,2813.8000,2814.0000,2814.4000,2815.0000,2815.2000,1,1,1,3,1,1,4,2,3,1
SF,IH2009,2020-06-10 09:33:18.200,2813.0000,16849,0,97040940.000,0,-,-,-,-,2812.6000,2812.4000,2812.0000,2811.8000,2811.0000,2813.8000,2814.0000,2814.4000,2815.0000,2815.2000,1,1,1,1,3,1,4,2,3,1
SF,IH2009,2020-06-10 09:33:18.700,2813.0000,16849,0,97040940.000,0,-,-,-,-,2812.8000,2812.6000,2812.4000,2812.0000,2811.8000,2813.8000,2814.0000,2814.4000,2815.0000,2815.2000,1,1,1,1,1,1,4,2,3,1
SF,IH2009,2020-06-10 09:33:19.700,2813.0000,16849,0,97040940.000,0,-,-,-,-,2812.8000,2812.6000,2812.4000,2812.0000,2811.8000,2813.8000,2814.0000,2814.4000,2815.0000,2815.2000,1,1,2,1,1,1,4,2,3,1
SF,IH2009,2020-06-10 09:33:20.200,2813.0000,16849,0,97040940.000,0,-,-,-,-,2813.6000,2813.2000,2813.0000,2812.4000,2812.0000,2814.0000,2814.4000,2815.0000,2815.2000,2815.8000,1,2,4,2,1,2,2,3,1,1
SF,IH2009,2020-06-10 09:33:20.700,2813.0000,16849,0,97040940.000,0,-,-,-,-,2813.6000,2813.0000,2812.4000,2812.0000,2811.8000,2814.0000,2814.4000,2815.0000,2815.2000,2815.8000,1,2,2,1,1,1,2,3,1,1
SF,IH2009,2020-06-10 09:33:21.200,2813.0000,16849,0,97040940.000,0,-,-,-,-,2813.0000,2812.4000,2812.0000,2811.8000,2811.0000,2814.4000,2815.0000,2815.2000,2815.8000,2816.8000,2,2,1,1,2,2,3,1,1,3
SF,IH2009,2020-06-10 09:33:21.700,2813.0000,16849,0,97040940.000,0,-,-,-,-,2813.0000,2812.4000,2812.0000,2811.8000,2811.2000,2814.2000,2814.4000,2815.0000,2815.2000,2815.8000,2,2,1,1,1,2,2,3,1,1
SF,IH2009,2020-06-10 09:33:22.200,2813.0000,16849,0,97040940.000,0,-,-,-,-,2813.2000,2813.0000,2812.4000,2812.0000,2811.8000,2814.2000,2814.4000,2815.0000,2815.2000,2815.8000,1,1,2,1,1,2,2,3,1,1
SF,IH2009,2020-06-10 09:33:22.700,2813.0000,16849,0,97040940.000,0,-,-,-,-,2813.2000,2813.0000,2812.4000,2812.0000,2811.8000,2814.2000,2814.4000,2815.0000,2815.2000,2815.8000,1,1,2,1,1,2,2,3,1,1
SF,IH2009,2020-06-10 09:33:24.200,2813.0000,16849,0,97040940.000,0,-,-,-,-,2813.2000,2813.0000,2812.4000,2812.0000,2811.8000,2814.2000,2814.4000,2815.0000,2815.2000,2815.8000,1,1,2,1,1,1,2,3,1,1
SF,IH2009,2020-06-10 09:33:24.700,2813.0000,16849,0,97040940.000,0,-,-,-,-,2813.6000,2813.4000,2813.2000,2812.4000,2812.0000,2814.4000,2815.0000,2815.2000,2815.8000,2816.4000,1,1,1,2,1,2,3,1,1,1
SF,IH2009,2020-06-10 09:33:25.200,2813.0000,16849,0,97040940.000,0,-,-,-,-,2813.4000,2813.2000,2812.4000,2812.0000,2811.8000,2814.4000,2815.0000,2815.2000,2815.8000,2816.4000,1,2,2,1,1,2,3,1,1,1
SF,IH2009,2020-06-10 09:33:25.700,2813.0000,16849,0,97040940.000,0,-,-,-,-,2813.4000,2813.2000,2812.4000,2812.0000,2811.8000,2814.4000,2815.0000,2815.2000,2815.8000,2816.4000,1,1,2,1,1,2,3,1,1,1
SF,IH2009,2020-06-10 09:33:26.200,2813.0000,16849,0,97040940.000,0,-,-,-,-,2813.8000,2813.4000,2813.2000,2812.4000,2812.0000,2814.4000,2815.0000,2815.2000,2815.8000,2816.4000,1,1,2,2,1,2,3,1,1,1
SF,IH2009,2020-06-10 09:33:27.200,2813.8000,16848,-1,97885080.000,1,0,1,双平,S,2813.4000,2813.2000,2812.4000,2812.0000,2811.8000,2814.4000,2815.0000,2815.2000,2815.8000,2816.4000,1,2,2,1,1,2,3,1,1,1
SF,IH2009,2020-06-10 09:33:27.700,2813.8000,16848,0,97885080.000,0,-,-,-,-,2813.4000,2813.2000,2812.4000,2812.0000,2811.8000,2814.2000,2814.4000,2815.0000,2815.2000,2815.8000,1,2,2,1,1,1,2,3,1,1
SF,IH2009,2020-06-10 09:33:28.200,2813.8000,16848,0,97885080.000,0,-,-,-,-,2813.2000,2812.4000,2812.0000,2811.8000,2811.0000,2814.2000,2814.4000,2815.0000,2815.2000,2815.8000,2,2,1,1,1,1,2,3,1,1
SF,IH2009,2020-06-10 09:33:28.700,2813.8000,16848,0,97885080.000,0,-,-,-,-,2813.2000,2812.4000,2812.0000,2811.8000,2811.0000,2814.2000,2814.4000,2815.0000,2815.2000,2815.8000,2,2,1,1,1,1,2,3,1,1
SF,IH2009,2020-06-10 09:33:29.200,2813.8000,16848,0,97885080.000,0,-,-,-,-,2813.2000,2812.4000,2812.0000,2811.8000,2811.0000,2814.0000,2814.2000,2814.4000,2815.0000,2815.2000,2,2,1,1,1,1,1,2,3,1
SF,IH2009,2020-06-10 09:33:29.700,2813.8000,16848,0,97885080.000,0,-,-,-,-,2813.2000,2812.4000,2812.0000,2811.8000,2811.0000,2813.8000,2814.0000,2814.4000,2815.0000,2815.2000,2,2,1,1,1,1,1,2,3,1
SF,IH2009,2020-06-10 09:33:30.200,2813.8000,16848,0,97885080.000,0,-,-,-,-,2813.2000,2812.4000,2812.0000,2811.8000,2811.0000,2814.0000,2814.4000,2815.0000,2815.2000,2815.8000,2,2,1,1,1,1,2,3,1,1
SF,IH2009,2020-06-10 09:33:31.200,2813.8000,16848,0,97885080.000,0,-,-,-,-,2813.2000,2812.4000,2812.0000,2811.8000,2811.0000,2814.4000,2815.0000,2815.2000,2815.8000,2816.8000,2,2,1,1,1,2,3,1,1,3
SF,IH2009,2020-06-10 09:33:31.700,2813.8000,16848,0,97885080.000,0,-,-,-,-,2813.4000,2813.2000,2812.4000,2812.0000,2811.8000,2814.2000,2814.4000,2815.0000,2815.2000,2815.8000,1,2,2,1,1,2,2,3,1,1
SF,IH2009,2020-06-10 09:33:32.200,2813.8000,16848,0,97885080.000,0,-,-,-,-,2814.0000,2813.4000,2813.2000,2812.4000,2812.0000,2814.2000,2814.4000,2815.0000,2815.2000,2815.8000,1,1,2,2,1,2,2,3,1,1
SF,IH2009,2020-06-10 09:33:32.700,2814.0000,16848,0,98729280.000,1,0,1,多换,S,2813.4000,2813.2000,2812.4000,2812.0000,2811.8000,2813.6000,2814.0000,2814.2000,2814.4000,2815.0000,1,2,2,1,1,1,6,1,2,3
SF,IH2009,2020-06-10 09:33:33.200,2813.6000,16847,-1,99573360.000,1,0,1,双平,S,2813.2000,2812.4000,2812.0000,2811.8000,2811.0000,2814.0000,2814.2000,2814.4000,2815.0000,2815.2000,2,2,1,1,1,3,1,2,3,1
SF,IH2009,2020-06-10 09:33:33.700,2813.4000,16846,-1,100417380.000,1,0,1,双平,S,2813.4000,2813.2000,2812.4000,2812.0000,2811.8000,2814.2000,2814.4000,2815.0000,2815.2000,2815.8000,1,2,2,1,1,1,2,3,1,1
SF,IH2009,2020-06-10 09:33:34.700,2813.4000,16846,0,100417380.000,0,-,-,-,-,2813.4000,2813.2000,2812.4000,2812.0000,2811.8000,2813.8000,2814.2000,2814.4000,2815.0000,2815.2000,1,2,2,1,1,1,1,2,3,1
SF,IH2009,2020-06-10 09:33:35.200,2813.4000,16846,0,100417380.000,0,-,-,-,-,2813.2000,2812.4000,2812.0000,2811.8000,2811.2000,2813.8000,2814.2000,2814.4000,2815.0000,2815.2000,2,2,1,1,1,1,1,2,3,1
SF,IH2009,2020-06-10 09:33:35.700,2813.4000,16846,0,100417380.000,0,-,-,-,-,2813.2000,2813.0000,2812.4000,2812.0000,2811.8000,2813.8000,2814.2000,2814.4000,2815.0000,2815.2000,2,1,2,1,1,1,1,2,3,1
SF,IH2009,2020-06-10 09:33:36.700,2813.8000,16845,-1,101261520.000,1,0,1,双平,S,2813.2000,2813.0000,2812.4000,2812.0000,2811.8000,2814.2000,2814.4000,2815.0000,2815.2000,2815.8000,2,1,2,1,1,1,2,3,1,1
SF,IH2009,2020-06-10 09:33:37.200,2813.4000,16844,-1,102105540.000,1,0,1,双平,S,2813.2000,2813.0000,2812.4000,2812.0000,2811.8000,2813.4000,2814.2000,2814.4000,2815.0000,2815.2000,2,1,2,1,1,1,1,2,3,1
SF,IH2009,2020-06-10 09:33:37.700,2813.4000,16843,-1,102949560.000,1,0,1,双平,S,2813.4000,2813.2000,2813.0000,2812.4000,2812.0000,2814.2000,2814.4000,2815.0000,2815.2000,2816.8000,3,2,1,1,1,1,2,3,1,3
SF,IH2009,2020-06-10 09:33:38.200,2813.4000,16843,0,102949560.000,0,-,-,-,-,2813.4000,2813.2000,2813.0000,2812.4000,2812.0000,2814.2000,2814.4000,2815.0000,2815.2000,2816.8000,4,3,1,1,1,1,2,3,1,3
SF,IH2009,2020-06-10 09:33:40.200,2813.4000,16843,0,102949560.000,0,-,-,-,-,2813.4000,2813.2000,2813.0000,2812.4000,2812.0000,2814.2000,2814.4000,2815.0000,2815.2000,2816.8000,5,2,1,1,1,1,2,3,1,3
SF,IH2009,2020-06-10 09:33:40.700,2813.4000,16843,0,102949560.000,0,-,-,-,-,2813.4000,2813.2000,2813.0000,2812.4000,2812.0000,2814.2000,2814.4000,2815.0000,2815.2000,2816.8000,4,2,1,1,1,1,2,3,1,3
SF,IH2009,2020-06-10 09:33:41.200,2813.4000,16843,0,102949560.000,0,-,-,-,-,2813.4000,2813.2000,2813.0000,2812.4000,2812.0000,2814.2000,2814.4000,2815.0000,2815.2000,2816.8000,3,2,1,1,1,1,2,3,1,3
SF,IH2009,2020-06-10 09:33:41.700,2813.4000,16843,0,102949560.000,0,-,-,-,-,2813.4000,2813.2000,2813.0000,2812.4000,2812.0000,2814.2000,2814.4000,2815.0000,2815.2000,2816.8000,2,2,1,1,1,1,2,3,1,3
SF,IH2009,2020-06-10 09:33:42.700,2813.4000,16843,0,102949560.000,0,-,-,-,-,2813.4000,2813.2000,2813.0000,2812.4000,2812.0000,2814.2000,2814.4000,2815.0000,2815.2000,2816.8000,2,1,1,1,1,1,2,3,1,3
SF,IH2009,2020-06-10 09:33:43.200,2813.4000,16843,0,102949560.000,0,-,-,-,-,2813.4000,2813.2000,2813.0000,2812.4000,2812.0000,2814.2000,2814.4000,2815.0000,2815.2000,2816.8000,3,1,1,1,1,1,2,3,1,3
SF,IH2009,2020-06-10 09:33:43.700,2813.4000,16843,0,102949560.000,0,-,-,-,-,2813.4000,2813.2000,2813.0000,2812.4000,2812.0000,2814.2000,2814.4000,2815.0000,2815.2000,2816.8000,3,1,1,1,1,1,2,3,1,3
SF,IH2009,2020-06-10 09:33:45.200,2813.4000,16843,0,102949560.000,0,-,-,-,-,2813.4000,2813.2000,2813.0000,2812.4000,2812.0000,2814.2000,2814.4000,2815.0000,2815.2000,2816.8000,2,1,1,1,1,1,2,3,1,3
SF,IH2009,2020-06-10 09:33:45.700,2813.4000,16843,0,102949560.000,0,-,-,-,-,2813.4000,2813.2000,2813.0000,2812.4000,2812.0000,2814.2000,2814.4000,2815.0000,2815.2000,2816.8000,2,1,1,1,1,1,2,3,1,3
SF,IH2009,2020-06-10 09:33:46.200,2813.4000,16841,-2,104637600.000,2,0,2,双平,S,2813.2000,2813.0000,2812.4000,2812.0000,2811.8000,2814.2000,2814.4000,2815.0000,2815.2000,2816.8000,1,1,1,1,1,1,2,3,1,3
SF,IH2009,2020-06-10 09:33:46.700,2813.4000,16841,0,104637600.000,0,-,-,-,-,2813.2000,2813.0000,2812.4000,2812.0000,2811.8000,2813.4000,2814.2000,2814.4000,2815.0000,2815.2000,1,1,1,1,1,1,1,2,3,1
SF,IH2009,2020-06-10 09:33:47.200,2813.2000,16840,-1,106325580.000,2,0,2,多平,S,2813.0000,2812.4000,2812.0000,2811.8000,2811.2000,2814.2000,2814.4000,2815.0000,2815.2000,2816.8000,1,1,1,1,1,1,2,3,1,3
SF,IH2009,2020-06-10 09:33:47.700,2813.2000,16840,0,106325580.000,0,-,-,-,-,2813.0000,2812.4000,2812.0000,2811.8000,2811.2000,2814.0000,2814.2000,2814.4000,2815.0000,2815.2000,1,1,1,1,1,1,1,2,3,1
SF,IH2009,2020-06-10 09:33:48.200,2813.2000,16840,0,106325580.000,0,-,-,-,-,2813.0000,2812.4000,2812.0000,2811.8000,2811.2000,2813.8000,2814.0000,2814.4000,2815.0000,2815.2000,1,1,1,1,1,1,1,2,3,1
SF,IH2009,2020-06-10 09:33:48.700,2813.2000,16840,0,106325580.000,0,-,-,-,-,2813.0000,2812.4000,2812.0000,2811.8000,2811.2000,2813.4000,2813.8000,2814.4000,2815.0000,2815.2000,1,1,1,1,1,1,1,2,3,1
SF,IH2009,2020-06-10 09:33:49.200,2813.2000,16840,0,106325580.000,0,-,-,-,-,2813.0000,2812.4000,2812.0000,2811.8000,2811.2000,2813.4000,2813.8000,2814.4000,2815.0000,2815.2000,1,1,1,1,1,1,1,2,3,1
SF,IH2009,2020-06-10 09:33:49.700,2813.4000,16839,-1,107169600.000,1,0,1,双平,S,2813.0000,2812.4000,2812.0000,2811.8000,2811.2000,2813.8000,2814.4000,2815.0000,2815.2000,2816.8000,1,1,1,1,1,1,2,3,1,3
SF,IH2009,2020-06-10 09:33:50.200,2813.4000,16839,0,107169600.000,0,-,-,-,-,2813.0000,2812.4000,2812.0000,2811.8000,2811.2000,2813.8000,2814.4000,2815.0000,2815.2000,2815.8000,1,1,1,1,1,1,2,3,1,1
SF,IH2009,2020-06-10 09:33:50.700,2813.4000,16839,0,107169600.000,0,-,-,-,-,2813.0000,2812.6000,2812.4000,2812.0000,2811.8000,2813.8000,2814.4000,2815.0000,2815.2000,2815.8000,1,1,1,1,1,1,2,3,1,1
SF,IH2009,2020-06-10 09:33:51.700,2813.4000,16839,0,107169600.000,0,-,-,-,-,2813.0000,2812.6000,2812.4000,2812.0000,2811.8000,2813.8000,2814.0000,2814.4000,2815.0000,2815.2000,1,1,1,1,1,1,1,2,3,1
SF,IH2009,2020-06-10 09:33:52.200,2813.4000,16839,0,107169600.000,0,-,-,-,-,2813.0000,2812.6000,2812.4000,2812.0000,2811.8000,2813.8000,2814.0000,2814.4000,2815.0000,2815.2000,1,1,1,1,1,2,1,2,3,1
SF,IH2009,2020-06-10 09:33:52.700,2813.4000,16839,0,107169600.000,0,-,-,-,-,2813.0000,2812.6000,2812.4000,2812.0000,2811.8000,2813.8000,2814.0000,2814.4000,2815.0000,2815.2000,1,1,1,1,1,2,1,2,4,1
SF,IH2009,2020-06-10 09:33:53.700,2813.0000,16839,0,108013500.000,1,0,1,多换,S,2812.6000,2812.4000,2812.0000,2811.8000,2811.2000,2813.8000,2814.0000,2814.4000,2815.0000,2815.2000,1,1,1,1,1,2,1,2,4,1
SF,IH2009,2020-06-10 09:33:54.200,2813.0000,16839,0,108013500.000,0,-,-,-,-,2812.6000,2812.4000,2812.0000,2811.8000,2811.2000,2813.0000,2813.6000,2813.8000,2814.0000,2814.4000,1,1,1,1,1,1,2,2,1,2
SF,IH2009,2020-06-10 09:33:54.700,2812.6000,16838,-1,108857280.000,1,0,1,双平,S,2812.4000,2812.0000,2811.8000,2811.2000,2811.0000,2813.0000,2813.8000,2814.0000,2814.4000,2815.0000,1,1,1,1,1,1,2,1,2,4
SF,IH2009,2020-06-10 09:33:55.200,2812.6000,16838,0,108857280.000,0,-,-,-,-,2812.0000,2811.8000,2811.2000,2811.0000,2810.8000,2813.0000,2813.8000,2814.0000,2814.4000,2815.0000,1,1,1,1,1,1,2,1,2,4
SF,IH2009,2020-06-10 09:33:59.700,2812.6000,16838,0,108857280.000,0,-,-,-,-,2812.0000,2811.8000,2811.2000,2811.0000,2810.8000,2812.8000,2813.0000,2813.8000,2814.0000,2814.4000,1,1,1,1,1,1,1,2,1,2
SF,IH2009,2020-06-10 09:34:00.200,2812.6000,16838,0,108857280.000,0,-,-,-,-,2812.0000,2811.8000,2811.2000,2811.0000,2810.8000,2812.6000,2813.0000,2813.8000,2814.0000,2814.4000,1,1,1,1,1,2,1,1,1,2
SF,IH2009,2020-06-10 09:34:00.700,2812.0000,16837,-1,109700880.000,1,0,1,双平,S,2811.8000,2811.2000,2811.0000,2810.8000,2810.4000,2812.0000,2812.6000,2813.0000,2813.8000,2814.0000,1,1,1,1,1,1,3,1,1,1
SF,IH2009,2020-06-10 09:34:01.200,2812.0000,16836,-1,110544480.000,1,0,1,双平,S,2812.0000,2811.2000,2811.0000,2810.8000,2810.4000,2812.6000,2813.0000,2813.8000,2814.0000,2814.4000,1,1,1,1,1,2,1,1,1,1
SF,IH2009,2020-06-10 09:34:01.700,2812.0000,16836,0,110544480.000,0,-,-,-,-,2811.2000,2811.0000,2810.8000,2810.4000,2810.2000,2812.6000,2813.0000,2813.8000,2814.0000,2814.4000,1,1,1,1,2,2,1,2,1,1
SF,IH2009,2020-06-10 09:34:02.200,2812.0000,16836,0,110544480.000,0,-,-,-,-,2811.4000,2811.2000,2811.0000,2810.8000,2810.4000,2812.6000,2813.0000,2813.8000,2814.0000,2814.4000,1,1,1,1,1,2,1,2,1,1
SF,IH2009,2020-06-10 09:34:02.700,2812.0000,16836,0,110544480.000,0,-,-,-,-,2812.0000,2811.2000,2811.0000,2810.8000,2810.4000,2812.4000,2812.6000,2813.0000,2813.8000,2814.0000,1,1,1,1,1,3,2,1,2,1
SF,IH2009,2020-06-10 09:34:03.200,2812.0000,16836,0,111388080.000,1,0,1,多换,S,2811.2000,2811.0000,2810.8000,2810.4000,2810.2000,2812.0000,2812.2000,2812.4000,2812.6000,2813.0000,1,1,1,1,2,4,2,3,1,1
SF,IH2009,2020-06-10 09:34:03.700,2811.0000,16836,0,112231380.000,1,0,1,多换,S,2810.8000,2810.4000,2810.2000,2810.0000,2809.8000,2811.8000,2812.0000,2812.2000,2812.4000,2813.0000,1,1,2,4,2,2,4,1,1,1
SF,IH2009,2020-06-10 09:34:04.200,2810.8000,16835,-1,113074620.000,1,0,1,双平,S,2810.4000,2810.2000,2810.0000,2809.8000,2809.2000,2811.2000,2811.8000,2812.0000,2812.2000,2812.4000,1,2,4,2,1,1,3,4,1,1
SF,IH2009,2020-06-10 09:34:04.700,2810.4000,16834,-1,113917740.000,1,0,1,双平,S,2810.2000,2810.0000,2809.8000,2809.2000,2808.8000,2811.2000,2811.6000,2811.8000,2812.0000,2812.2000,2,4,2,1,1,1,1,2,4,1
SF,IH2009,2020-06-10 09:34:05.200,2810.4000,16834,0,113917740.000,0,-,-,-,-,2810.2000,2810.0000,2809.8000,2809.2000,2808.8000,2811.0000,2811.2000,2811.8000,2812.0000,2812.2000,2,4,2,1,1,1,1,1,3,1
SF,IH2009,2020-06-10 09:34:05.700,2810.4000,16834,0,113917740.000,0,-,-,-,-,2810.2000,2810.0000,2809.8000,2809.2000,2808.8000,2811.0000,2811.2000,2811.8000,2812.0000,2812.2000,2,4,2,1,1,1,1,1,4,1
SF,IH2009,2020-06-10 09:34:06.200,2810.4000,16834,0,113917740.000,0,-,-,-,-,2810.2000,2810.0000,2809.8000,2809.2000,2808.8000,2811.0000,2811.2000,2811.8000,2812.0000,2812.2000,2,4,2,1,1,1,1,1,5,1
SF,IH2009,2020-06-10 09:34:07.700,2810.2000,16832,-2,115603860.000,2,0,2,双平,S,2810.0000,2809.8000,2809.2000,2808.8000,2808.2000,2810.2000,2811.0000,2811.2000,2811.8000,2812.0000,4,2,1,1,1,2,1,1,1,5
SF,IH2009,2020-06-10 09:34:08.200,2810.2000,16829,-3,118133040.000,3,0,3,双平,S,2810.2000,2810.0000,2809.8000,2809.2000,2808.8000,2811.0000,2811.2000,2812.0000,2812.2000,2812.4000,1,4,2,1,1,1,1,4,1,1
SF,IH2009,2020-06-10 09:34:08.700,2810.2000,16829,0,118133040.000,0,-,-,-,-,2810.2000,2810.0000,2809.8000,2809.2000,2808.8000,2811.0000,2811.2000,2812.0000,2812.2000,2812.4000,1,4,2,1,1,1,1,4,1,1
SF,IH2009,2020-06-10 09:34:09.700,2811.0000,16829,0,118976340.000,1,0,1,多换,S,2811.0000,2810.2000,2810.0000,2809.8000,2809.2000,2811.2000,2812.0000,2812.2000,2812.4000,2813.8000,1,1,4,2,1,1,4,1,1,1
SF,IH2009,2020-06-10 09:34:10.200,2809.8000,16825,-4,125720580.000,8,2,6,多平,S,2809.2000,2808.8000,2808.2000,2807.0000,2806.2000,2810.8000,2811.0000,2811.2000,2812.0000,2812.2000,1,1,1,1,1,1,6,2,4,1
SF,IH2009,2020-06-10 09:34:10.700,2809.8000,16825,0,125720580.000,0,-,-,-,-,2809.4000,2809.2000,2808.8000,2808.2000,2807.0000,2810.6000,2810.8000,2811.0000,2811.2000,2812.0000,3,1,1,1,1,2,1,3,2,4
SF,IH2009,2020-06-10 09:34:11.200,2809.8000,16825,0,125720580.000,0,-,-,-,-,2809.2000,2808.8000,2808.2000,2807.0000,2806.2000,2810.6000,2810.8000,2811.0000,2811.2000,2812.0000,1,1,1,1,1,5,1,3,1,3
SF,IH2009,2020-06-10 09:34:11.700,2809.8000,16825,0,125720580.000,0,-,-,-,-,2809.4000,2809.2000,2808.8000,2808.2000,2807.0000,2810.6000,2810.8000,2811.0000,2811.2000,2812.0000,1,1,1,1,1,4,1,3,1,3
SF,IH2009,2020-06-10 09:34:12.200,2809.8000,16824,-1,126563520.000,1,0,1,双平,S,2809.4000,2809.2000,2808.8000,2808.2000,2807.0000,2810.4000,2810.6000,2810.8000,2811.0000,2811.2000,1,1,1,1,1,1,4,1,3,1
SF,IH2009,2020-06-10 09:34:12.700,2809.2000,16823,-1,128249100.000,2,0,2,多平,S,2808.8000,2808.2000,2807.0000,2806.2000,2806.0000,2810.2000,2810.6000,2810.8000,2811.0000,2811.2000,1,1,1,1,1,4,1,1,3,1
SF,IH2009,2020-06-10 09:34:13.200,2809.2000,16823,0,128249100.000,0,-,-,-,-,2808.8000,2808.2000,2807.0000,2806.2000,2806.0000,2810.0000,2810.2000,2810.6000,2810.8000,2811.0000,1,1,1,1,1,1,3,1,1,3
SF,IH2009,2020-06-10 09:34:13.700,2809.2000,16823,0,128249100.000,0,-,-,-,-,2808.8000,2808.2000,2807.0000,2806.2000,2806.0000,2809.8000,2810.0000,2810.6000,2810.8000,2811.0000,1,1,1,1,1,2,1,1,1,3
SF,IH2009,2020-06-10 09:34:14.200,2809.2000,16823,0,128249100.000,0,-,-,-,-,2808.8000,2808.2000,2807.0000,2806.2000,2806.0000,2809.8000,2810.6000,2810.8000,2811.0000,2811.2000,1,1,1,1,1,2,1,1,3,1
SF,IH2009,2020-06-10 09:34:15.200,2809.2000,16823,0,128249100.000,0,-,-,-,-,2808.8000,2808.2000,2807.0000,2806.2000,2806.0000,2809.8000,2810.6000,2811.0000,2811.2000,2812.0000,1,1,1,1,1,2,1,3,1,2
SF,IH2009,2020-06-10 09:34:15.700,2809.2000,16823,0,128249100.000,0,-,-,-,-,2808.8000,2808.2000,2807.0000,2806.2000,2806.0000,2809.8000,2811.0000,2811.2000,2812.0000,2812.4000,1,1,1,1,1,2,3,1,2,1
SF,IH2009,2020-06-10 09:34:17.200,2808.8000,16823,0,129091740.000,1,0,1,多换,S,2808.2000,2807.0000,2806.2000,2806.0000,2805.0000,2809.6000,2809.8000,2811.0000,2811.2000,2812.0000,1,1,1,1,1,1,2,3,1,2
SF,IH2009,2020-06-10 09:34:17.700,2808.8000,16823,0,129091740.000,0,-,-,-,-,2808.8000,2808.2000,2807.0000,2806.2000,2806.0000,2809.4000,2809.6000,2810.0000,2811.0000,2811.2000,1,1,1,1,1,3,1,1,3,1
SF,IH2009,2020-06-10 09:34:18.200,2808.8000,16822,-1,129934380.000,1,0,1,双平,S,2808.2000,2807.0000,2806.2000,2806.0000,2805.0000,2809.2000,2809.4000,2809.6000,2811.0000,2811.2000,1,1,1,1,1,1,3,1,2,1
SF,IH2009,2020-06-10 09:34:18.700,2808.8000,16822,0,129934380.000,0,-,-,-,-,2808.2000,2807.0000,2806.2000,2806.0000,2805.0000,2809.0000,2809.2000,2809.4000,2809.6000,2811.0000,1,1,1,1,1,1,1,1,1,2
SF,IH2009,2020-06-10 09:34:19.200,2808.8000,16822,0,129934380.000,0,-,-,-,-,2808.2000,2807.0000,2806.2000,2806.0000,2805.0000,2809.0000,2809.2000,2811.0000,2811.2000,2813.8000,1,1,1,1,1,2,1,2,1,1
SF,IH2009,2020-06-10 09:34:19.700,2808.8000,16822,0,129934380.000,0,-,-,-,-,2808.2000,2807.0000,2806.2000,2806.0000,2805.0000,2809.0000,2811.0000,2811.2000,2813.8000,2814.0000,1,1,1,1,1,2,2,1,1,1
SF,IH2009,2020-06-10 09:34:20.200,2808.8000,16822,0,129934380.000,0,-,-,-,-,2808.2000,2807.0000,2806.2000,2806.0000,2805.0000,2808.8000,2809.0000,2811.0000,2811.2000,2813.8000,1,1,1,1,1,1,2,2,1,1
SF,IH2009,2020-06-10 09:34:20.700,2809.0000,16820,-2,131619720.000,2,0,2,双平,S,2808.2000,2807.0000,2806.2000,2806.0000,2805.0000,2811.0000,2813.8000,2814.0000,2815.0000,2815.8000,1,1,1,1,1,2,1,1,4,5
SF,IH2009,2020-06-10 09:34:21.200,2809.0000,16820,0,131619720.000,0,-,-,-,-,2808.4000,2808.2000,2807.0000,2806.2000,2806.0000,2810.8000,2811.0000,2811.2000,2814.0000,2815.0000,2,1,1,1,1,3,3,1,1,4
SF,IH2009,2020-06-10 09:34:21.700,2809.0000,16820,0,131619720.000,0,-,-,-,-,2809.0000,2808.4000,2808.2000,2807.0000,2806.2000,2810.6000,2810.8000,2811.0000,2811.2000,2814.0000,1,2,1,1,1,8,2,2,1,1
SF,IH2009,2020-06-10 09:34:22.200,2809.0000,16818,-2,133305120.000,2,0,2,双平,S,2808.2000,2807.0000,2806.2000,2806.0000,2805.0000,2810.0000,2810.4000,2810.8000,2811.0000,2811.2000,1,1,1,1,1,3,7,1,2,1
SF,IH2009,2020-06-10 09:34:22.700,2809.0000,16818,0,133305120.000,0,-,-,-,-,2808.4000,2808.2000,2807.0000,2806.2000,2806.0000,2809.8000,2810.4000,2811.0000,2811.2000,2814.0000,1,1,1,1,1,3,3,2,1,1
SF,IH2009,2020-06-10 09:34:23.200,2809.0000,16818,0,133305120.000,0,-,-,-,-,2808.6000,2808.2000,2807.0000,2806.2000,2806.0000,2809.8000,2811.0000,2811.2000,2814.0000,2815.0000,2,2,1,1,1,3,2,1,1,4
SF,IH2009,2020-06-10 09:34:23.700,2809.0000,16818,0,133305120.000,0,-,-,-,-,2808.6000,2808.2000,2807.0000,2806.2000,2806.0000,2809.8000,2811.0000,2811.2000,2814.0000,2815.0000,2,2,1,1,1,3,2,1,1,5
SF,IH2009,2020-06-10 09:34:24.200,2809.0000,16818,0,133305120.000,0,-,-,-,-,2808.2000,2807.0000,2806.2000,2806.0000,2805.0000,2809.6000,2809.8000,2811.0000,2811.2000,2814.0000,2,1,1,1,1,1,3,2,1,1
SF,IH2009,2020-06-10 09:34:24.700,2809.0000,16818,0,133305120.000,0,-,-,-,-,2808.8000,2808.4000,2808.2000,2807.0000,2806.2000,2809.4000,2811.0000,2811.2000,2814.0000,2815.0000,4,1,1,1,1,3,2,1,1,5
SF,IH2009,2020-06-10 09:34:25.200,2809.0000,16818,0,133305120.000,0,-,-,-,-,2808.8000,2808.4000,2808.2000,2807.0000,2806.2000,2809.0000,2809.4000,2811.0000,2811.2000,2814.0000,4,1,1,1,1,1,2,2,1,1
SF,IH2009,2020-06-10 09:34:25.700,2809.0000,16817,-1,134147820.000,1,0,1,双平,S,2809.0000,2808.8000,2808.4000,2808.2000,2807.0000,2809.4000,2811.0000,2811.2000,2812.0000,2814.0000,1,3,1,1,1,1,2,1,1,1
SF,IH2009,2020-06-10 09:34:26.200,2809.0000,16817,0,134147820.000,0,-,-,-,-,2808.8000,2808.4000,2808.2000,2807.0000,2806.2000,2809.2000,2809.4000,2811.0000,2811.2000,2812.0000,1,1,1,1,1,1,1,2,1,1
SF,IH2009,2020-06-10 09:34:26.700,2809.0000,16817,0,134147820.000,0,-,-,-,-,2808.8000,2808.4000,2808.2000,2807.0000,2806.2000,2809.4000,2811.0000,2811.2000,2812.0000,2814.0000,1,1,1,1,1,1,2,1,1,1
SF,IH2009,2020-06-10 09:34:28.200,2809.4000,16816,-1,134990640.000,1,0,1,双平,S,2808.8000,2808.4000,2808.2000,2807.0000,2806.2000,2811.0000,2811.2000,2812.0000,2814.0000,2815.0000,1,1,1,1,1,2,1,1,1,5
SF,IH2009,2020-06-10 09:34:28.700,2809.4000,16816,0,134990640.000,0,-,-,-,-,2809.0000,2808.8000,2808.2000,2807.0000,2806.2000,2810.4000,2810.6000,2810.8000,2811.0000,2811.2000,1,1,1,1,1,1,1,2,2,1
SF,IH2009,2020-06-10 09:34:29.200,2809.4000,16816,0,134990640.000,0,-,-,-,-,2809.0000,2808.8000,2808.2000,2807.0000,2806.2000,2810.2000,2810.6000,2811.0000,2811.2000,2812.0000,1,1,1,1,1,3,1,2,1,1
SF,IH2009,2020-06-10 09:34:29.700,2809.4000,16816,0,134990640.000,0,-,-,-,-,2809.0000,2808.8000,2808.2000,2807.0000,2806.2000,2810.2000,2810.6000,2811.0000,2811.2000,2812.0000,1,1,1,1,1,2,1,2,1,1
SF,IH2009,2020-06-10 09:34:30.200,2809.4000,16816,0,134990640.000,0,-,-,-,-,2809.2000,2809.0000,2808.8000,2808.2000,2807.0000,2810.2000,2811.0000,2811.2000,2812.0000,2814.0000,1,1,1,1,1,2,2,1,1,1
SF,IH2009,2020-06-10 09:34:30.700,2809.2000,16814,-2,136676220.000,2,0,2,双平,S,2808.8000,2808.2000,2807.0000,2806.2000,2806.0000,2811.0000,2811.2000,2812.0000,2814.0000,2815.0000,1,1,1,1,1,2,1,1,1,5
SF,IH2009,2020-06-10 09:34:31.200,2809.0000,16811,-3,139204380.000,3,0,3,双平,S,2808.8000,2808.2000,2807.0000,2806.2000,2806.0000,2810.8000,2811.0000,2811.2000,2812.0000,2814.0000,1,1,1,1,1,2,2,1,1,1
SF,IH2009,2020-06-10 09:34:31.700,2809.0000,16811,0,139204380.000,0,-,-,-,-,2809.0000,2808.8000,2808.2000,2807.0000,2806.2000,2810.6000,2810.8000,2811.0000,2812.0000,2814.0000,2,1,1,1,1,1,2,2,1,1
SF,IH2009,2020-06-10 09:34:32.200,2809.0000,16811,0,139204380.000,0,-,-,-,-,2809.0000,2808.8000,2808.2000,2807.0000,2806.2000,2810.4000,2810.8000,2811.0000,2812.0000,2814.0000,1,1,1,1,1,2,1,2,1,1
SF,IH2009,2020-06-10 09:34:32.700,2808.8000,16812,1,140047020.000,1,1,0,双开,S,2808.2000,2807.0000,2806.2000,2806.0000,2805.0000,2810.4000,2810.6000,2811.0000,2812.0000,2814.0000,1,1,1,1,1,4,1,2,1,1
SF,IH2009,2020-06-10 09:34:33.200,2808.8000,16812,0,140047020.000,0,-,-,-,-,2808.4000,2808.2000,2807.0000,2806.2000,2806.0000,2810.4000,2810.6000,2811.0000,2812.0000,2814.0000,4,1,1,1,1,2,1,2,1,1
SF,IH2009,2020-06-10 09:34:33.700,2808.8000,16812,0,140047020.000,0,-,-,-,-,2808.6000,2808.4000,2808.2000,2807.0000,2806.2000,2810.2000,2810.4000,2810.6000,2811.0000,2812.0000,1,4,1,1,1,1,2,1,2,1
SF,IH2009,2020-06-10 09:34:34.200,2808.8000,16812,0,140047020.000,0,-,-,-,-,2808.8000,2808.4000,2808.2000,2807.0000,2806.2000,2810.0000,2810.4000,2810.6000,2811.0000,2812.0000,2,3,1,1,1,1,1,1,2,1
SF,IH2009,2020-06-10 09:34:34.700,2808.8000,16812,0,140047020.000,0,-,-,-,-,2808.8000,2808.4000,2808.2000,2807.0000,2806.2000,2810.0000,2810.6000,2811.0000,2812.0000,2814.0000,1,2,1,1,1,2,1,2,1,1
SF,IH2009,2020-06-10 09:34:35.700,2808.8000,16812,0,140047020.000,0,-,-,-,-,2808.8000,2808.4000,2808.2000,2807.0000,2806.2000,2810.0000,2810.6000,2811.0000,2811.8000,2812.0000,1,2,1,1,1,2,1,2,1,1
SF,IH2009,2020-06-10 09:34:36.700,2808.8000,16812,0,140047020.000,0,-,-,-,-,2808.8000,2808.4000,2808.2000,2807.0000,2806.2000,2809.8000,2810.0000,2810.6000,2811.0000,2811.8000,1,2,1,1,1,2,2,1,2,2
SF,IH2009,2020-06-10 09:34:37.200,2808.8000,16812,0,140047020.000,0,-,-,-,-,2808.2000,2807.0000,2806.2000,2806.0000,2805.0000,2809.6000,2809.8000,2810.6000,2811.0000,2811.8000,1,1,1,1,1,2,3,1,2,2
SF,IH2009,2020-06-10 09:34:37.700,2808.8000,16812,0,140047020.000,0,-,-,-,-,2808.4000,2808.2000,2807.0000,2806.2000,2806.0000,2809.6000,2809.8000,2810.6000,2811.0000,2811.8000,1,1,1,1,1,2,2,1,2,2
SF,IH2009,2020-06-10 09:34:38.200,2808.8000,16812,0,140047020.000,0,-,-,-,-,2808.2000,2807.0000,2806.2000,2806.0000,2805.0000,2809.6000,2809.8000,2810.6000,2811.0000,2811.8000,1,1,1,1,1,2,2,1,2,2
SF,IH2009,2020-06-10 09:34:39.200,2808.8000,16812,0,140047020.000,0,-,-,-,-,2808.2000,2807.0000,2806.2000,2806.0000,2805.0000,2809.6000,2809.8000,2810.6000,2811.0000,2811.8000,1,1,1,1,1,2,3,1,2,2
SF,IH2009,2020-06-10 09:34:39.700,2808.8000,16812,0,140047020.000,0,-,-,-,-,2808.4000,2808.2000,2807.0000,2806.2000,2806.0000,2809.6000,2809.8000,2811.0000,2811.8000,2812.0000,1,1,1,1,1,2,1,2,2,1
SF,IH2009,2020-06-10 09:34:40.200,2808.8000,16812,0,140047020.000,0,-,-,-,-,2808.4000,2808.2000,2807.0000,2806.2000,2806.0000,2809.6000,2809.8000,2810.6000,2811.0000,2811.8000,1,1,1,1,1,2,1,1,2,2
SF,IH2009,2020-06-10 09:34:41.200,2808.8000,16812,0,140047020.000,0,-,-,-,-,2808.6000,2808.4000,2808.2000,2807.0000,2806.2000,2809.6000,2809.8000,2810.6000,2811.0000,2811.8000,1,1,1,1,1,2,1,1,2,2
SF,IH2009,2020-06-10 09:34:41.700,2808.8000,16812,0,140047020.000,0,-,-,-,-,2808.4000,2808.2000,2807.0000,2806.2000,2806.0000,2809.6000,2809.8000,2810.6000,2811.0000,2811.8000,1,1,1,1,1,2,1,1,2,2
SF,IH2009,2020-06-10 09:34:42.200,2808.8000,16812,0,140047020.000,0,-,-,-,-,2808.6000,2808.4000,2808.2000,2807.0000,2806.0000,2809.6000,2809.8000,2810.6000,2811.0000,2811.8000,1,1,1,1,1,2,1,1,2,2
SF,IH2009,2020-06-10 09:34:42.700,2808.8000,16812,0,140047020.000,0,-,-,-,-,2808.2000,2807.0000,2806.0000,2805.0000,2802.4000,2809.6000,2809.8000,2810.0000,2810.6000,2811.0000,1,1,1,1,1,2,1,1,1,2
SF,IH2009,2020-06-10 09:34:43.200,2808.8000,16812,0,140047020.000,0,-,-,-,-,2808.2000,2807.0000,2806.0000,2805.0000,2802.4000,2809.4000,2809.6000,2809.8000,2810.0000,2810.6000,1,1,1,1,1,1,2,1,1,1
SF,IH2009,2020-06-10 09:34:43.700,2808.8000,16812,0,140047020.000,0,-,-,-,-,2808.2000,2807.0000,2806.0000,2805.0000,2802.4000,2809.2000,2809.4000,2809.6000,2809.8000,2810.0000,1,1,1,1,1,1,1,1,1,1
SF,IH2009,2020-06-10 09:34:44.700,2808.8000,16812,0,140047020.000,0,-,-,-,-,2808.2000,2807.0000,2806.0000,2805.0000,2802.4000,2809.2000,2809.4000,2809.6000,2809.8000,2810.0000,1,1,1,1,1,1,1,1,1,1
SF,IH2009,2020-06-10 09:34:45.200,2808.8000,16812,0,140047020.000,0,-,-,-,-,2808.2000,2807.0000,2806.0000,2805.0000,2802.4000,2809.0000,2809.2000,2809.4000,2809.8000,2810.0000,1,1,1,1,1,1,1,1,1,1
SF,IH2009,2020-06-10 09:34:45.700,2808.8000,16811,-1,140889660.000,1,0,1,双平,S,2808.4000,2808.2000,2807.0000,2806.0000,2805.0000,2809.0000,2809.4000,2809.8000,2810.0000,2810.6000,1,1,1,1,1,1,1,1,1,1
SF,IH2009,2020-06-10 09:34:48.200,2808.8000,16811,0,140889660.000,0,-,-,-,-,2808.4000,2808.2000,2807.0000,2806.0000,2805.0000,2809.0000,2809.4000,2809.8000,2810.0000,2810.6000,1,1,1,1,1,1,1,1,1,1
SF,IH2009,2020-06-10 09:34:48.700,2808.8000,16811,0,140889660.000,0,-,-,-,-,2808.4000,2808.2000,2807.0000,2806.0000,2805.0000,2808.8000,2809.0000,2809.4000,2809.8000,2810.0000,1,1,1,1,1,1,1,1,1,1
SF,IH2009,2020-06-10 09:34:49.200,2808.8000,16811,0,140889660.000,0,-,-,-,-,2808.4000,2808.2000,2807.0000,2806.0000,2805.0000,2808.8000,2809.0000,2809.8000,2810.0000,2810.6000,1,1,1,1,1,1,1,1,1,1
SF,IH2009,2020-06-10 09:34:50.200,2808.2000,16810,-1,143417160.000,3,1,2,多平,S,2807.0000,2806.0000,2805.0000,2802.4000,2802.0000,2808.8000,2809.0000,2809.8000,2810.0000,2810.6000,1,1,1,1,1,1,1,1,1,1
SF,IH2009,2020-06-10 09:34:50.700,2808.2000,16810,0,143417160.000,0,-,-,-,-,2807.2000,2807.0000,2806.8000,2806.0000,2805.0000,2808.6000,2808.8000,2809.0000,2809.8000,2810.0000,4,1,1,1,1,2,1,1,1,1
SF,IH2009,2020-06-10 09:34:51.200,2808.2000,16810,0,143417160.000,0,-,-,-,-,2807.2000,2807.0000,2806.8000,2806.0000,2805.0000,2808.6000,2808.8000,2809.8000,2810.0000,2810.6000,3,1,1,1,1,3,1,1,1,1
SF,IH2009,2020-06-10 09:34:52.200,2808.2000,16810,0,143417160.000,0,-,-,-,-,2807.2000,2807.0000,2806.8000,2806.0000,2805.0000,2808.4000,2808.6000,2808.8000,2809.8000,2810.0000,3,1,1,1,1,1,3,1,1,1
SF,IH2009,2020-06-10 09:34:52.700,2808.2000,16810,0,143417160.000,0,-,-,-,-,2807.2000,2807.0000,2806.8000,2806.0000,2805.0000,2808.2000,2808.4000,2808.6000,2808.8000,2809.8000,3,1,1,1,1,1,1,2,1,1
SF,IH2009,2020-06-10 09:34:53.200,2808.2000,16809,-1,144259620.000,1,0,1,双平,S,2807.2000,2807.0000,2806.8000,2806.0000,2805.0000,2808.2000,2808.6000,2808.8000,2809.8000,2810.0000,1,1,1,1,1,1,1,1,1,1
SF,IH2009,2020-06-10 09:34:53.700,2808.2000,16809,0,144259620.000,0,-,-,-,-,2807.2000,2807.0000,2806.8000,2806.0000,2805.0000,2808.0000,2808.2000,2808.6000,2808.8000,2809.8000,1,1,1,1,1,2,1,1,1,1
SF,IH2009,2020-06-10 09:34:54.200,2808.2000,16809,0,144259620.000,0,-,-,-,-,2807.2000,2807.0000,2806.8000,2806.0000,2805.0000,2808.0000,2808.2000,2808.6000,2808.8000,2809.8000,1,1,1,1,1,2,2,1,1,1
SF,IH2009,2020-06-10 09:34:54.700,2808.2000,16809,0,144259620.000,0,-,-,-,-,2807.2000,2807.0000,2806.8000,2806.0000,2805.0000,2808.0000,2808.2000,2808.6000,2808.8000,2809.8000,1,1,1,1,1,2,2,1,1,1
SF,IH2009,2020-06-10 09:34:55.200,2807.2000,16809,0,145101780.000,1,0,1,多换,S,2807.0000,2806.8000,2806.0000,2805.0000,2802.4000,2807.2000,2808.0000,2808.2000,2808.8000,2809.8000,1,1,1,1,1,9,2,2,1,1
SF,IH2009,2020-06-10 09:34:55.700,2807.2000,16809,0,146786100.000,2,1,1,多换,S,2807.0000,2806.8000,2806.0000,2805.0000,2802.4000,2807.2000,2808.0000,2808.2000,2808.8000,2809.8000,1,1,1,1,1,7,1,2,1,1
SF,IH2009,2020-06-10 09:34:56.200,2807.2000,16809,0,150154740.000,4,2,2,多换,S,2807.0000,2806.8000,2806.0000,2805.0000,2802.4000,2807.2000,2808.0000,2808.2000,2808.8000,2809.8000,1,1,1,1,1,4,1,2,1,1
SF,IH2009,2020-06-10 09:34:56.700,2807.2000,16810,1,152681220.000,3,2,1,空开,S,2807.0000,2806.8000,2806.0000,2805.0000,2802.4000,2807.2000,2808.0000,2808.2000,2808.8000,2810.0000,1,1,1,1,1,1,1,2,1,1
SF,IH2009,2020-06-10 09:34:57.200,2807.0000,16810,0,154365480.000,2,1,1,多换,S,2806.8000,2806.0000,2805.0000,2802.4000,2802.2000,2808.0000,2808.2000,2808.8000,2810.0000,2810.6000,1,1,1,1,1,1,2,1,1,1
SF,IH2009,2020-06-10 09:34:57.700,2807.0000,16810,0,154365480.000,0,-,-,-,-,2806.8000,2806.0000,2805.0000,2802.4000,2802.2000,2807.0000,2807.8000,2808.0000,2808.2000,2808.8000,1,1,1,1,1,1,4,1,2,1
SF,IH2009,2020-06-10 09:34:58.200,2806.8000,16810,0,155207520.000,1,0,1,多换,S,2806.0000,2805.0000,2802.4000,2802.2000,2802.0000,2806.8000,2807.0000,2807.2000,2807.8000,2808.0000,1,1,1,1,1,2,1,1,1,2
SF,IH2009,2020-06-10 09:34:58.700,2806.8000,16810,0,155207520.000,0,-,-,-,-,2806.2000,2806.0000,2805.0000,2802.4000,2802.2000,2807.0000,2807.2000,2808.0000,2808.2000,2808.8000,2,1,1,1,1,1,2,1,1,1
SF,IH2009,2020-06-10 09:34:59.200,2806.8000,16810,0,155207520.000,0,-,-,-,-,2806.0000,2805.0000,2802.4000,2802.2000,2802.0000,2806.8000,2807.0000,2807.2000,2808.2000,2808.8000,1,1,1,1,1,1,1,2,1,1
SF,IH2009,2020-06-10 09:34:59.700,2806.8000,16810,0,155207520.000,0,-,-,-,-,2806.0000,2805.0000,2802.4000,2802.2000,2802.0000,2806.8000,2807.0000,2807.2000,2808.8000,2810.0000,1,1,1,1,1,1,1,2,1,1
SF,IH2009,2020-06-10 09:35:00.700,2806.0000,16809,-1,156049320.000,1,0,1,双平,S,2805.0000,2802.4000,2802.2000,2802.0000,2801.0000,2806.6000,2806.8000,2807.0000,2807.2000,2808.8000,1,1,1,1,3,1,1,1,1,1
SF,IH2009,2020-06-10 09:35:01.200,2805.2000,16808,-1,156890880.000,1,0,1,双平,S,2806.0000,2805.2000,2805.0000,2802.4000,2802.2000,2806.4000,2806.6000,2807.0000,2807.2000,2808.8000,1,1,1,1,1,4,1,1,1,1
SF,IH2009,2020-06-10 09:35:01.700,2806.0000,16806,-2,160257840.000,4,1,3,多平,S,2805.0000,2802.4000,2802.2000,2802.0000,2801.0000,2806.0000,2806.2000,2806.4000,2806.6000,2807.0000,1,1,1,1,3,2,1,4,1,1
SF,IH2009,2020-06-10 09:35:02.200,2806.0000,16806,0,160257840.000,0,-,-,-,-,2805.0000,2802.4000,2802.2000,2802.0000,2801.0000,2805.8000,2806.0000,2806.2000,2806.4000,2806.6000,1,1,1,1,3,3,3,1,2,1
SF,IH2009,2020-06-10 09:35:02.700,2805.0000,16806,0,161099340.000,1,0,1,多换,S,2802.4000,2802.2000,2802.0000,2801.0000,2800.6000,2805.8000,2806.0000,2806.2000,2807.0000,2807.2000,1,1,1,3,1,4,4,1,1,1
SF,IH2009,2020-06-10 09:35:03.200,2805.0000,16806,0,161099340.000,0,-,-,-,-,2804.4000,2803.0000,2802.6000,2802.4000,2802.2000,2805.6000,2805.8000,2806.0000,2806.2000,2807.0000,2,1,8,1,1,1,3,4,1,1
SF,IH2009,2020-06-10 09:35:03.700,2805.0000,16806,0,161099340.000,0,-,-,-,-,2803.2000,2802.6000,2802.4000,2802.2000,2802.0000,2805.4000,2805.8000,2806.0000,2806.2000,2807.0000,1,9,1,1,1,4,1,4,1,1
SF,IH2009,2020-06-10 09:35:04.200,2805.0000,16806,0,161099340.000,0,-,-,-,-,2803.6000,2803.4000,2803.2000,2802.6000,2802.4000,2805.4000,2805.8000,2806.0000,2806.2000,2807.0000,1,3,1,6,1,4,1,4,1,1
SF,IH2009,2020-06-10 09:35:04.700,2805.0000,16806,0,161099340.000,0,-,-,-,-,2803.8000,2803.6000,2803.2000,2802.6000,2802.4000,2805.4000,2805.8000,2806.0000,2806.2000,2807.0000,4,1,1,6,1,4,1,4,1,1
SF,IH2009,2020-06-10 09:35:05.200,2805.0000,16806,0,161099340.000,0,-,-,-,-,2803.8000,2803.2000,2802.6000,2802.4000,2802.2000,2805.2000,2805.4000,2805.8000,2806.0000,2806.2000,1,1,4,1,1,6,2,1,4,1
SF,IH2009,2020-06-10 09:35:05.700,2805.0000,16806,0,161099340.000,0,-,-,-,-,2803.6000,2803.2000,2802.6000,2802.4000,2802.2000,2803.8000,2805.0000,2805.2000,2805.8000,2806.0000,1,1,4,1,1,1,4,4,1,3
SF,IH2009,2020-06-10 09:35:06.200,2803.8000,16805,-1,162781980.000,2,0,2,多平,S,2803.6000,2802.6000,2802.4000,2802.2000,2802.0000,2803.8000,2805.0000,2806.0000,2806.2000,2807.0000,1,1,1,1,1,1,1,2,1,1
SF,IH2009,2020-06-10 09:35:06.700,2805.0000,16804,-1,165305760.000,3,1,2,多平,S,2805.6000,2803.8000,2803.6000,2802.6000,2802.4000,2806.0000,2806.2000,2807.0000,2807.2000,2808.8000,1,3,1,1,1,2,1,1,1,1
SF,IH2009,2020-06-10 09:35:07.200,2805.6000,16804,0,166147440.000,1,0,1,多换,S,2803.8000,2803.6000,2802.6000,2802.4000,2802.2000,2805.0000,2805.2000,2805.6000,2805.8000,2806.0000,3,1,1,1,1,3,3,6,5,2
SF,IH2009,2020-06-10 09:35:07.700,2803.8000,16801,-3,168670920.000,3,0,3,双平,S,2803.8000,2803.6000,2802.6000,2802.4000,2802.2000,2804.8000,2805.0000,2805.6000,2805.8000,2806.0000,1,1,1,1,1,1,3,3,3,2
SF,IH2009,2020-06-10 09:35:08.200,2803.8000,16801,0,168670920.000,0,-,-,-,-,2803.8000,2803.6000,2802.6000,2802.4000,2802.2000,2804.8000,2805.0000,2805.6000,2805.8000,2806.0000,1,1,1,1,1,1,3,2,3,2
SF,IH2009,2020-06-10 09:35:08.700,2803.8000,16801,0,168670920.000,0,-,-,-,-,2804.0000,2803.8000,2803.6000,2802.6000,2802.4000,2804.8000,2805.6000,2805.8000,2806.0000,2806.2000,1,1,1,1,1,1,2,2,2,1
SF,IH2009,2020-06-10 09:35:09.200,2804.8000,16800,-1,169512360.000,1,0,1,双平,S,2804.0000,2803.8000,2803.6000,2802.8000,2802.6000,2805.6000,2805.8000,2806.0000,2806.2000,2807.2000,1,1,1,1,1,2,1,2,1,1
SF,IH2009,2020-06-10 09:35:09.700,2804.8000,16800,0,169512360.000,0,-,-,-,-,2804.2000,2804.0000,2803.8000,2803.6000,2803.0000,2804.6000,2805.4000,2805.6000,2806.0000,2806.2000,1,1,2,1,1,1,1,2,2,1
SF,IH2009,2020-06-10 09:35:10.200,2804.6000,16799,-1,171195120.000,2,0,2,多平,S,2804.4000,2804.0000,2803.8000,2803.6000,2803.0000,2805.4000,2805.6000,2806.0000,2806.2000,2807.2000,1,1,1,1,1,3,2,2,1,1
SF,IH2009,2020-06-10 09:35:10.700,2804.6000,16799,0,171195120.000,0,-,-,-,-,2804.4000,2804.0000,2803.8000,2803.6000,2803.0000,2805.2000,2805.4000,2805.6000,2806.0000,2806.2000,1,1,1,1,1,1,1,2,2,1
SF,IH2009,2020-06-10 09:35:11.200,2804.4000,16799,0,172036440.000,1,0,1,多换,S,2803.8000,2803.6000,2803.0000,2802.8000,2802.6000,2805.0000,2805.2000,2805.6000,2806.0000,2806.2000,1,1,1,1,1,2,3,2,2,1
SF,IH2009,2020-06-10 09:35:11.700,2804.4000,16799,0,172036440.000,0,-,-,-,-,2804.0000,2803.8000,2803.6000,2803.0000,2802.8000,2805.0000,2805.2000,2805.6000,2806.0000,2807.2000,1,1,1,1,1,1,2,2,2,1
SF,IH2009,2020-06-10 09:35:12.700,2804.0000,16798,-1,172877640.000,1,0,1,双平,S,2803.8000,2803.6000,2803.0000,2802.8000,2802.6000,2805.0000,2805.2000,2805.6000,2806.0000,2807.2000,1,1,1,1,1,1,2,2,2,1
SF,IH2009,2020-06-10 09:35:13.200,2804.0000,16798,0,172877640.000,0,-,-,-,-,2803.8000,2803.6000,2803.0000,2802.8000,2802.6000,2804.8000,2805.0000,2805.6000,2806.0000,2807.2000,1,1,3,1,1,4,1,2,2,1
SF,IH2009,2020-06-10 09:35:13.700,2804.0000,16798,0,172877640.000,0,-,-,-,-,2803.8000,2803.6000,2803.0000,2802.8000,2802.6000,2804.6000,2804.8000,2805.0000,2805.6000,2806.0000,1,1,3,1,1,2,5,1,2,2
SF,IH2009,2020-06-10 09:35:14.200,2804.0000,16798,0,172877640.000,0,-,-,-,-,2803.8000,2803.6000,2803.0000,2802.8000,2802.6000,2804.6000,2805.6000,2806.0000,2807.2000,2808.8000,1,1,3,1,1,2,2,2,1,1
SF,IH2009,2020-06-10 09:35:14.700,2804.0000,16798,0,172877640.000,0,-,-,-,-,2803.8000,2803.6000,2803.0000,2802.8000,2802.6000,2804.6000,2805.6000,2806.0000,2807.2000,2808.8000,1,1,2,1,1,1,2,2,1,1
SF,IH2009,2020-06-10 09:35:15.200,2804.0000,16798,0,172877640.000,0,-,-,-,-,2803.8000,2803.6000,2803.0000,2802.8000,2802.6000,2804.4000,2804.6000,2805.6000,2806.0000,2807.2000,1,1,2,1,1,1,1,2,2,1
SF,IH2009,2020-06-10 09:35:15.700,2803.8000,16798,0,173718780.000,1,0,1,多换,S,2803.6000,2803.0000,2802.8000,2802.6000,2802.4000,2804.6000,2805.6000,2806.0000,2807.2000,2808.8000,1,2,1,1,1,1,1,2,1,1
SF,IH2009,2020-06-10 09:35:16.200,2803.8000,16798,0,173718780.000,0,-,-,-,-,2803.6000,2803.0000,2802.8000,2802.6000,2802.4000,2803.8000,2804.6000,2805.6000,2806.0000,2807.2000,1,2,1,1,1,1,1,1,1,1
SF,IH2009,2020-06-10 09:35:16.700,2803.8000,16797,-1,174559920.000,1,0,1,双平,S,2803.6000,2803.0000,2802.8000,2802.6000,2802.4000,2804.6000,2806.0000,2807.2000,2808.8000,2810.0000,1,2,1,1,1,1,1,1,1,1
SF,IH2009,2020-06-10 09:35:17.200,2803.8000,16797,0,174559920.000,0,-,-,-,-,2803.6000,2803.0000,2802.8000,2802.6000,2802.4000,2804.4000,2804.6000,2805.0000,2806.0000,2807.2000,1,2,1,1,1,1,1,1,1,1
SF,IH2009,2020-06-10 09:35:17.700,2803.8000,16797,0,174559920.000,0,-,-,-,-,2803.6000,2803.0000,2802.8000,2802.6000,2802.4000,2804.2000,2804.4000,2805.0000,2806.0000,2807.2000,1,2,1,1,1,1,1,3,1,1
SF,IH2009,2020-06-10 09:35:18.200,2803.6000,16797,0,175401000.000,1,0,1,多换,S,2803.0000,2802.8000,2802.6000,2802.4000,2802.2000,2803.6000,2804.2000,2804.4000,2805.0000,2806.0000,2,1,1,1,1,2,1,1,3,1
SF,IH2009,2020-06-10 09:35:18.700,2803.6000,16797,0,175401000.000,0,-,-,-,-,2803.0000,2802.8000,2802.6000,2802.4000,2802.2000,2803.6000,2804.2000,2804.4000,2805.0000,2806.0000,2,1,1,1,1,2,1,1,3,1
SF,IH2009,2020-06-10 09:35:19.700,2803.2000,16796,-1,177923760.000,3,1,2,多平,S,2802.8000,2802.6000,2802.4000,2802.2000,2802.0000,2803.6000,2804.2000,2804.4000,2805.0000,2806.0000,1,1,1,1,1,1,1,1,3,1
SF,IH2009,2020-06-10 09:35:20.200,2802.8000,16796,0,178764600.000,1,0,1,多换,S,2802.4000,2802.2000,2802.0000,2801.0000,2800.6000,2803.4000,2803.6000,2804.4000,2805.0000,2806.0000,1,1,1,2,1,1,1,1,3,1
