市场代码,合约代码,时间,最新,持仓,增仓,成交额,成交量,开仓,平仓,成交类型,方向,买一价,买二价,买三价,买四价,买五价,卖一价,卖二价,卖三价,卖四价,卖五价,买一量,买二量,买三量,买四量,买五量,卖一量,卖二量,卖三量,卖四量,卖五量
SF,IH2004,2020-03-05 09:29:00.000,2970.0000,3102,0,3564000.000,4.000,-,-,-,-,2970.0000,2968.0000,2967.4000,2967.0000,2966.0000,2975.4000,2978.4000,2979.4000,2981.4000,2982.0000,1,1,1,3,1,1,1,2,1,2
SF,IH2004,2020-03-05 09:30:00.500,2970.0000,3102,0,7128000.000,4,2,2,多换,S,2968.0000,2967.4000,2967.0000,2966.0000,2960.4000,2969.6000,2970.0000,2971.2000,2971.8000,2975.2000,1,1,3,1,2,1,2,3,1,1
SF,IH2004,2020-03-05 09:30:01.000,2970.0000,3101,-1,8019000.000,1,0,1,双平,S,2968.0000,2967.0000,2966.0000,2960.4000,2960.0000,2969.6000,2970.0000,2971.2000,2975.0000,2978.4000,1,3,1,2,1,4,1,3,1,1
SF,IH2004,2020-03-05 09:30:01.500,2969.6000,3099,-2,9800280.000,2,0,2,双平,S,2968.2000,2967.0000,2966.0000,2960.0000,2958.0000,2969.6000,2970.0000,2971.2000,2975.0000,2978.4000,1,3,1,1,2,3,1,2,1,1
SF,IH2004,2020-03-05 09:30:02.000,2970.0000,3098,-1,13363920.000,4,1,3,多平,S,2969.4000,2969.2000,2968.2000,2967.0000,2966.0000,2975.0000,2978.4000,2979.2000,2982.0000,2988.0000,1,1,1,3,1,1,1,5,2,1
SF,IH2004,2020-03-05 09:30:02.500,2970.0000,3098,0,13363920.000,0,-,-,-,-,2969.6000,2969.4000,2969.2000,2967.0000,2966.0000,2974.4000,2974.8000,2975.0000,2979.2000,2982.0000,5,1,1,3,1,1,4,1,5,2
SF,IH2004,2020-03-05 09:30:03.000,2970.0000,3098,0,13363920.000,0,-,-,-,-,2970.0000,2969.8000,2969.6000,2969.4000,2969.2000,2975.0000,2982.0000,2983.0000,2988.0000,2988.8000,2,2,5,1,1,1,2,5,1,1
SF,IH2004,2020-03-05 09:30:03.500,2970.0000,3098,0,13363920.000,0,-,-,-,-,2973.6000,2971.2000,2970.2000,2970.0000,2969.8000,2975.0000,2982.0000,2983.0000,2988.0000,2988.8000,1,3,5,2,2,1,2,5,1,1
SF,IH2004,2020-03-05 09:30:04.000,2970.0000,3098,0,13363920.000,0,-,-,-,-,2974.4000,2973.6000,2972.2000,2971.2000,2970.2000,2975.0000,2982.0000,2983.0000,2988.0000,2988.8000,1,1,1,3,5,1,2,5,1,1
SF,IH2004,2020-03-05 09:30:04.500,2975.0000,3098,0,14256420.000,1,0,1,多换,S,2974.6000,2974.4000,2973.6000,2972.2000,2971.2000,2982.0000,2983.0000,2988.0000,2988.8000,2989.8000,1,1,1,1,3,2,5,1,1,1
SF,IH2004,2020-03-05 09:30:05.000,2974.8000,3098,0,15148860.000,1,0,1,多换,S,2974.4000,2973.6000,2972.2000,2971.2000,2970.2000,2974.6000,2978.8000,2979.0000,2979.2000,2979.6000,1,1,1,3,1,1,1,1,1,1
SF,IH2004,2020-03-05 09:30:05.500,2974.6000,3098,0,16041240.000,1,0,1,多换,S,2974.8000,2974.4000,2973.6000,2972.2000,2971.2000,2978.4000,2978.8000,2979.0000,2979.2000,2979.6000,1,1,1,1,3,1,1,1,1,1
SF,IH2004,2020-03-05 09:30:06.000,2974.6000,3098,0,16041240.000,0,-,-,-,-,2974.4000,2973.6000,2972.2000,2971.2000,2970.2000,2976.0000,2976.6000,2978.2000,2979.0000,2980.8000,1,1,1,3,1,1,1,5,1,3
SF,IH2004,2020-03-05 09:30:06.500,2974.6000,3098,0,16041240.000,0,-,-,-,-,2973.6000,2972.2000,2971.2000,2970.2000,2970.0000,2975.8000,2976.0000,2976.6000,2977.0000,2978.2000,1,1,3,1,1,3,3,1,1,2
SF,IH2004,2020-03-05 09:30:07.000,2974.6000,3098,0,16041240.000,0,-,-,-,-,2975.0000,2973.6000,2971.2000,2970.2000,2970.0000,2975.6000,2975.8000,2976.0000,2976.6000,2978.2000,1,1,3,1,1,1,2,1,1,1
SF,IH2004,2020-03-05 09:30:07.500,2973.6000,3097,-1,17825700.000,2,0,2,多平,S,2974.4000,2971.2000,2970.2000,2970.0000,2969.6000,2975.8000,2978.2000,2979.0000,2980.0000,2980.8000,1,3,1,1,1,1,1,1,1,1
SF,IH2004,2020-03-05 09:30:09.500,2973.6000,3097,0,17825700.000,0,-,-,-,-,2972.6000,2971.2000,2970.2000,2970.0000,2969.6000,2975.8000,2978.2000,2979.0000,2980.0000,2980.8000,1,3,1,1,1,1,1,1,1,1
SF,IH2004,2020-03-05 09:30:10.000,2973.6000,3097,0,17825700.000,0,-,-,-,-,2972.8000,2972.6000,2971.2000,2970.2000,2970.0000,2975.6000,2975.8000,2978.2000,2979.0000,2980.0000,2,1,3,1,1,1,1,1,1,1
SF,IH2004,2020-03-05 09:30:10.500,2972.6000,3094,-3,20501160.000,3,0,3,双平,S,2971.2000,2970.2000,2970.0000,2969.6000,2967.0000,2975.6000,2975.8000,2978.2000,2979.0000,2980.0000,3,1,1,1,3,3,1,1,1,1
SF,IH2004,2020-03-05 09:30:11.000,2975.4000,3094,0,21393780.000,1,0,1,多换,S,2971.4000,2970.2000,2970.0000,2969.6000,2967.0000,2975.4000,2975.6000,2978.2000,2980.0000,2981.8000,2,1,1,1,3,3,3,1,1,4
SF,IH2004,2020-03-05 09:30:11.500,2975.4000,3094,0,21393780.000,0,-,-,-,-,2973.0000,2971.4000,2970.2000,2970.0000,2969.6000,2975.2000,2975.4000,2975.6000,2978.2000,2980.0000,1,1,1,1,1,1,2,2,1,1
SF,IH2004,2020-03-05 09:30:12.000,2973.2000,3094,0,22285740.000,1,0,1,多换,S,2973.0000,2971.4000,2970.2000,2970.0000,2969.6000,2975.0000,2975.2000,2975.6000,2978.2000,2980.0000,1,1,1,1,1,2,4,2,1,1
SF,IH2004,2020-03-05 09:30:12.500,2973.0000,3094,0,23177640.000,1,0,1,多换,S,2971.4000,2970.2000,2970.0000,2969.6000,2967.0000,2974.8000,2975.0000,2975.2000,2975.6000,2978.2000,1,1,1,1,3,1,2,4,2,1
SF,IH2004,2020-03-05 09:30:13.000,2973.0000,3094,0,23177640.000,0,-,-,-,-,2972.8000,2972.2000,2971.6000,2971.4000,2971.2000,2974.6000,2975.0000,2975.6000,2978.2000,2980.0000,1,1,2,1,1,2,1,2,1,1
SF,IH2004,2020-03-05 09:30:13.500,2973.0000,3094,0,23177640.000,0,-,-,-,-,2971.6000,2971.4000,2970.2000,2970.0000,2969.6000,2974.6000,2975.6000,2978.2000,2980.0000,2981.8000,1,1,1,1,1,4,2,1,1,4
SF,IH2004,2020-03-05 09:30:14.000,2973.0000,3094,0,23177640.000,0,-,-,-,-,2971.4000,2970.2000,2970.0000,2969.6000,2967.0000,2974.6000,2975.6000,2978.2000,2980.0000,2981.8000,1,1,1,1,3,3,2,1,1,4
SF,IH2004,2020-03-05 09:30:14.500,2973.0000,3094,0,23177640.000,0,-,-,-,-,2971.4000,2970.2000,2970.0000,2969.6000,2967.0000,2974.4000,2974.6000,2975.6000,2978.2000,2979.8000,1,1,1,1,3,1,3,2,1,1
SF,IH2004,2020-03-05 09:30:15.000,2973.0000,3094,0,23177640.000,0,-,-,-,-,2971.4000,2970.2000,2970.0000,2969.6000,2967.0000,2974.2000,2975.6000,2978.2000,2979.8000,2980.0000,1,1,1,1,3,3,2,1,1,1
SF,IH2004,2020-03-05 09:30:15.500,2973.0000,3094,0,23177640.000,0,-,-,-,-,2971.4000,2970.2000,2970.0000,2969.6000,2967.0000,2974.2000,2975.6000,2978.2000,2979.8000,2980.0000,1,1,1,1,3,3,2,1,1,1
SF,IH2004,2020-03-05 09:30:17.000,2973.0000,3094,0,23177640.000,0,-,-,-,-,2971.6000,2971.4000,2971.2000,2970.2000,2970.0000,2974.2000,2975.6000,2978.2000,2979.8000,2980.0000,1,1,1,1,1,2,2,1,1,1
SF,IH2004,2020-03-05 09:30:17.500,2973.0000,3094,0,23177640.000,0,-,-,-,-,2971.8000,2971.6000,2971.2000,2970.2000,2970.0000,2974.2000,2975.6000,2978.2000,2979.8000,2980.0000,2,1,1,1,1,1,2,1,1,1
SF,IH2004,2020-03-05 09:30:18.000,2973.0000,3094,0,23177640.000,0,-,-,-,-,2971.8000,2970.2000,2970.0000,2969.6000,2967.0000,2974.2000,2975.6000,2978.2000,2979.8000,2980.0000,2,1,1,1,3,1,2,1,1,1
SF,IH2004,2020-03-05 09:30:18.500,2973.0000,3094,0,23177640.000,0,-,-,-,-,2971.8000,2970.2000,2970.0000,2969.6000,2967.0000,2974.2000,2975.6000,2978.2000,2979.8000,2980.0000,2,1,1,1,3,1,2,1,1,1
SF,IH2004,2020-03-05 09:30:19.000,2973.0000,3094,0,23177640.000,0,-,-,-,-,2972.0000,2971.8000,2970.2000,2970.0000,2969.6000,2974.2000,2975.6000,2978.2000,2979.8000,2980.0000,2,2,1,1,1,1,2,1,1,1
SF,IH2004,2020-03-05 09:30:19.500,2973.0000,3094,0,23177640.000,0,-,-,-,-,2972.2000,2972.0000,2971.8000,2970.2000,2970.0000,2974.2000,2975.6000,2978.2000,2979.8000,2980.0000,1,2,1,1,1,1,2,1,1,1
SF,IH2004,2020-03-05 09:30:20.000,2973.0000,3094,0,23177640.000,0,-,-,-,-,2972.0000,2970.2000,2970.0000,2969.6000,2967.0000,2974.2000,2975.6000,2978.2000,2979.8000,2980.0000,2,1,1,1,3,1,2,1,1,1
SF,IH2004,2020-03-05 09:30:20.500,2973.0000,3094,0,23177640.000,0,-,-,-,-,2972.2000,2972.0000,2970.2000,2970.0000,2969.6000,2974.2000,2975.6000,2978.2000,2979.8000,2980.0000,1,2,1,1,1,1,2,1,1,1
SF,IH2004,2020-03-05 09:30:21.000,2973.0000,3094,0,23177640.000,0,-,-,-,-,2972.0000,2970.2000,2970.0000,2969.6000,2967.0000,2972.2000,2974.2000,2975.6000,2978.2000,2979.8000,2,1,1,1,3,1,1,2,1,1
SF,IH2004,2020-03-05 09:30:21.500,2974.2000,3094,0,24961560.000,2,1,1,多换,S,2974.2000,2972.4000,2970.2000,2970.0000,2969.6000,2978.2000,2979.8000,2980.0000,2981.8000,2982.0000,1,1,1,1,1,1,1,1,4,2
SF,IH2004,2020-03-05 09:30:22.000,2976.0000,3094,0,27639420.000,3,1,2,多换,S,2972.2000,2970.2000,2970.0000,2969.6000,2967.0000,2976.0000,2976.6000,2977.8000,2978.0000,2978.2000,2,1,1,1,3,3,1,1,9,1
SF,IH2004,2020-03-05 09:30:22.500,2976.0000,3094,0,27639420.000,0,-,-,-,-,2972.2000,2970.2000,2970.0000,2969.6000,2967.0000,2975.2000,2975.8000,2976.0000,2976.4000,2976.6000,1,1,1,1,3,1,5,3,1,1
SF,IH2004,2020-03-05 09:30:23.000,2976.0000,3094,0,27639420.000,0,-,-,-,-,2972.2000,2970.2000,2970.0000,2969.6000,2967.0000,2975.0000,2975.2000,2975.8000,2976.0000,2976.6000,1,1,1,1,3,2,1,3,3,1
SF,IH2004,2020-03-05 09:30:23.500,2976.0000,3094,0,27639420.000,0,-,-,-,-,2972.2000,2970.2000,2970.0000,2969.6000,2967.0000,2975.0000,2975.2000,2975.8000,2976.0000,2976.6000,1,1,1,1,3,3,1,3,3,1
SF,IH2004,2020-03-05 09:30:24.000,2976.0000,3094,0,27639420.000,0,-,-,-,-,2970.2000,2970.0000,2969.6000,2967.0000,2964.0000,2974.8000,2975.0000,2975.8000,2976.0000,2976.6000,1,1,1,3,5,1,3,3,3,1
SF,IH2004,2020-03-05 09:30:24.500,2976.0000,3094,0,27639420.000,0,-,-,-,-,2971.2000,2970.4000,2970.2000,2970.0000,2969.6000,2974.6000,2975.0000,2975.8000,2976.0000,2976.6000,2,2,1,1,1,4,1,4,3,1
SF,IH2004,2020-03-05 09:30:25.000,2976.0000,3094,0,27639420.000,0,-,-,-,-,2971.4000,2971.2000,2971.0000,2970.4000,2970.2000,2974.6000,2975.0000,2975.8000,2976.0000,2976.6000,1,2,1,1,1,4,1,4,3,1
SF,IH2004,2020-03-05 09:30:25.500,2976.0000,3094,0,27639420.000,0,-,-,-,-,2971.6000,2971.4000,2971.2000,2971.0000,2970.2000,2974.6000,2975.0000,2975.8000,2976.0000,2976.6000,1,2,3,1,1,2,1,4,3,1
SF,IH2004,2020-03-05 09:30:26.000,2976.0000,3092,-2,29425020.000,2,0,2,双平,S,2971.4000,2971.2000,2971.0000,2970.2000,2970.0000,2974.6000,2975.0000,2975.8000,2976.0000,2976.6000,1,2,1,1,1,1,1,4,3,1
SF,IH2004,2020-03-05 09:30:26.500,2976.0000,3092,0,29425020.000,0,-,-,-,-,2971.4000,2971.2000,2970.2000,2970.0000,2969.6000,2974.4000,2974.6000,2975.0000,2975.8000,2976.0000,1,2,1,1,1,1,1,1,4,3
SF,IH2004,2020-03-05 09:30:27.000,2976.0000,3092,0,29425020.000,0,-,-,-,-,2971.6000,2971.4000,2971.2000,2970.2000,2970.0000,2974.6000,2975.0000,2975.8000,2976.0000,2976.6000,2,1,3,1,1,1,1,4,3,1
SF,IH2004,2020-03-05 09:30:27.500,2976.0000,3092,0,29425020.000,0,-,-,-,-,2971.6000,2971.4000,2971.2000,2970.2000,2970.0000,2974.4000,2975.0000,2975.8000,2976.0000,2976.6000,1,1,2,1,1,4,2,4,3,1
SF,IH2004,2020-03-05 09:30:28.000,2976.0000,3092,0,29425020.000,0,-,-,-,-,2971.4000,2971.2000,2970.2000,2970.0000,2969.6000,2974.4000,2975.0000,2975.8000,2976.0000,2976.6000,1,2,1,1,1,4,2,4,3,1
SF,IH2004,2020-03-05 09:30:28.500,2976.0000,3092,0,29425020.000,0,-,-,-,-,2971.4000,2971.2000,2970.2000,2970.0000,2969.6000,2974.2000,2974.4000,2975.0000,2975.8000,2976.0000,1,2,1,1,1,3,2,2,4,3
SF,IH2004,2020-03-05 09:30:29.000,2976.0000,3092,0,29425020.000,0,-,-,-,-,2971.2000,2970.2000,2970.0000,2969.6000,2968.8000,2974.0000,2975.0000,2975.8000,2976.0000,2976.6000,2,1,1,1,1,2,2,4,3,1
SF,IH2004,2020-03-05 09:30:29.500,2974.4000,3091,-1,30317340.000,1,0,1,双平,S,2971.4000,2971.2000,2970.2000,2969.6000,2968.8000,2975.0000,2975.8000,2976.0000,2976.6000,2977.8000,1,2,1,1,1,2,4,3,1,1
SF,IH2004,2020-03-05 09:30:30.000,2974.4000,3091,0,30317340.000,0,-,-,-,-,2971.4000,2971.2000,2970.2000,2969.6000,2968.8000,2974.6000,2974.8000,2975.0000,2975.8000,2976.0000,2,2,1,1,1,1,4,2,4,3
SF,IH2004,2020-03-05 09:30:31.000,2974.4000,3091,0,30317340.000,0,-,-,-,-,2971.4000,2971.2000,2970.2000,2969.6000,2968.8000,2974.6000,2974.8000,2975.0000,2975.8000,2976.0000,2,2,1,1,1,1,4,1,4,3
SF,IH2004,2020-03-05 09:30:31.500,2974.4000,3091,0,30317340.000,0,-,-,-,-,2971.4000,2971.2000,2970.2000,2969.6000,2968.8000,2974.4000,2974.6000,2974.8000,2975.0000,2975.8000,1,2,1,1,1,1,1,3,1,4
SF,IH2004,2020-03-05 09:30:32.000,2974.4000,3091,0,30317340.000,0,-,-,-,-,2969.6000,2968.8000,2967.8000,2967.0000,2964.0000,2972.8000,2973.6000,2974.2000,2974.4000,2974.6000,1,1,3,3,5,1,1,1,3,1
SF,IH2004,2020-03-05 09:30:32.500,2973.0000,3091,0,31209240.000,1,0,1,多换,S,2972.8000,2971.6000,2971.2000,2970.0000,2969.8000,2975.8000,2978.0000,2979.8000,2980.0000,2981.8000,1,1,3,2,3,1,3,1,1,1
SF,IH2004,2020-03-05 09:30:33.000,2972.8000,3091,0,32101080.000,1,0,1,多换,S,2971.2000,2970.0000,2969.8000,2969.6000,2968.8000,2974.4000,2975.0000,2975.6000,2975.8000,2976.0000,2,2,1,1,1,1,1,3,1,1
SF,IH2004,2020-03-05 09:30:33.500,2972.8000,3091,0,32101080.000,0,-,-,-,-,2971.4000,2971.2000,2970.0000,2969.6000,2968.8000,2974.2000,2975.6000,2976.0000,2978.0000,2979.8000,2,2,2,1,1,1,2,1,3,1
SF,IH2004,2020-03-05 09:30:34.000,2972.8000,3091,0,32101080.000,0,-,-,-,-,2971.4000,2971.2000,2970.0000,2969.6000,2968.8000,2975.6000,2976.0000,2978.0000,2979.8000,2980.0000,2,2,2,1,1,2,1,3,1,1
SF,IH2004,2020-03-05 09:30:34.500,2972.8000,3091,0,32101080.000,0,-,-,-,-,2971.4000,2969.6000,2968.8000,2967.8000,2967.0000,2975.0000,2975.4000,2975.6000,2976.0000,2978.0000,1,1,1,3,3,1,1,2,1,3
SF,IH2004,2020-03-05 09:30:35.000,2972.8000,3091,0,32101080.000,0,-,-,-,-,2969.6000,2968.8000,2967.8000,2967.0000,2964.0000,2974.4000,2974.8000,2975.0000,2975.6000,2976.0000,1,1,3,3,5,1,2,3,2,1
SF,IH2004,2020-03-05 09:30:35.500,2972.8000,3091,0,32101080.000,0,-,-,-,-,2971.2000,2969.8000,2969.6000,2968.8000,2967.8000,2971.4000,2973.8000,2974.2000,2974.4000,2974.8000,2,2,2,1,3,2,1,2,1,1
SF,IH2004,2020-03-05 09:30:36.000,2971.4000,3089,-2,33883920.000,2,0,2,双平,S,2971.6000,2971.2000,2969.8000,2969.6000,2968.8000,2975.0000,2976.0000,2978.0000,2979.8000,2980.0000,1,2,2,2,1,1,1,3,1,1
SF,IH2004,2020-03-05 09:30:36.500,2971.4000,3089,0,33883920.000,0,-,-,-,-,2971.2000,2969.8000,2969.6000,2968.8000,2967.8000,2974.8000,2975.0000,2976.0000,2978.0000,2979.8000,2,2,2,1,3,4,1,1,3,1
SF,IH2004,2020-03-05 09:30:37.000,2971.4000,3089,0,33883920.000,0,-,-,-,-,2971.4000,2971.2000,2969.8000,2969.6000,2968.8000,2974.2000,2974.8000,2975.0000,2976.0000,2978.0000,1,2,1,2,1,1,4,1,1,3
SF,IH2004,2020-03-05 09:30:37.500,2971.4000,3089,0,33883920.000,0,-,-,-,-,2969.8000,2969.6000,2968.8000,2967.8000,2967.0000,2973.6000,2974.0000,2974.2000,2974.4000,2974.8000,2,2,1,3,3,1,2,1,2,3
SF,IH2004,2020-03-05 09:30:38.000,2971.4000,3089,0,33883920.000,0,-,-,-,-,2971.2000,2970.0000,2969.8000,2969.6000,2968.8000,2974.0000,2974.2000,2974.4000,2974.8000,2975.0000,2,4,2,2,1,2,1,1,3,1
SF,IH2004,2020-03-05 09:30:38.500,2971.4000,3089,0,33883920.000,0,-,-,-,-,2970.0000,2969.8000,2969.6000,2968.8000,2967.8000,2973.4000,2974.0000,2974.4000,2974.8000,2975.0000,1,2,2,1,3,1,2,1,3,1
SF,IH2004,2020-03-05 09:30:39.000,2971.4000,3089,0,33883920.000,0,-,-,-,-,2971.2000,2970.2000,2970.0000,2969.8000,2969.6000,2974.0000,2974.4000,2974.8000,2975.0000,2976.0000,2,2,3,1,2,2,1,3,1,1
SF,IH2004,2020-03-05 09:30:39.500,2971.4000,3089,0,33883920.000,0,-,-,-,-,2971.2000,2970.2000,2970.0000,2969.6000,2969.0000,2973.8000,2974.0000,2974.4000,2974.8000,2975.0000,2,2,3,2,1,1,2,1,3,1
SF,IH2004,2020-03-05 09:30:40.000,2971.4000,3089,0,33883920.000,0,-,-,-,-,2970.2000,2970.0000,2969.6000,2969.0000,2968.8000,2973.6000,2973.8000,2974.0000,2974.4000,2974.8000,1,1,2,1,1,1,1,1,1,3
SF,IH2004,2020-03-05 09:30:40.500,2971.4000,3089,0,33883920.000,0,-,-,-,-,2970.4000,2970.2000,2969.6000,2969.0000,2968.8000,2973.4000,2973.6000,2973.8000,2974.0000,2974.4000,1,1,2,1,1,3,1,1,1,1
SF,IH2004,2020-03-05 09:30:41.000,2971.4000,3089,0,33883920.000,0,-,-,-,-,2970.2000,2969.6000,2969.0000,2968.8000,2967.8000,2972.8000,2973.2000,2973.4000,2973.6000,2973.8000,1,2,1,2,3,1,1,3,1,1
SF,IH2004,2020-03-05 09:30:41.500,2971.4000,3089,0,33883920.000,0,-,-,-,-,2970.2000,2969.6000,2968.8000,2967.8000,2967.0000,2972.6000,2972.8000,2973.2000,2973.4000,2973.6000,1,2,2,3,3,1,1,1,3,1
SF,IH2004,2020-03-05 09:30:42.000,2971.4000,3089,0,33883920.000,0,-,-,-,-,2970.2000,2968.8000,2967.8000,2967.0000,2964.0000,2972.6000,2972.8000,2973.2000,2973.4000,2973.6000,1,2,3,3,5,1,1,1,3,1
SF,IH2004,2020-03-05 09:30:43.000,2971.4000,3089,0,33883920.000,0,-,-,-,-,2970.2000,2968.8000,2967.8000,2967.0000,2964.0000,2972.8000,2973.2000,2973.4000,2973.6000,2973.8000,1,2,3,3,5,1,1,3,1,1
SF,IH2004,2020-03-05 09:30:43.500,2971.4000,3089,0,33883920.000,0,-,-,-,-,2970.2000,2968.8000,2967.8000,2967.0000,2964.0000,2972.6000,2972.8000,2973.2000,2973.4000,2973.6000,1,2,3,3,5,1,1,1,3,1
SF,IH2004,2020-03-05 09:30:44.500,2971.4000,3089,0,33883920.000,0,-,-,-,-,2970.2000,2968.8000,2967.8000,2967.0000,2964.0000,2973.2000,2973.4000,2973.8000,2974.0000,2974.4000,1,2,3,3,5,1,3,1,1,1
SF,IH2004,2020-03-05 09:30:45.000,2971.4000,3089,0,33883920.000,0,-,-,-,-,2970.2000,2968.8000,2967.8000,2967.0000,2964.0000,2973.2000,2973.4000,2973.8000,2974.0000,2974.4000,1,2,3,3,5,1,3,1,2,1
SF,IH2004,2020-03-05 09:30:45.500,2971.4000,3089,0,33883920.000,0,-,-,-,-,2968.8000,2967.8000,2967.0000,2964.0000,2947.4000,2972.8000,2973.0000,2973.2000,2973.4000,2973.8000,2,3,3,5,1,1,2,1,3,1
SF,IH2004,2020-03-05 09:30:46.000,2971.4000,3089,0,33883920.000,0,-,-,-,-,2969.2000,2969.0000,2968.8000,2967.8000,2967.0000,2972.6000,2972.8000,2973.0000,2973.4000,2973.8000,1,2,1,3,3,4,1,2,3,1
SF,IH2004,2020-03-05 09:30:46.500,2971.4000,3089,0,33883920.000,0,-,-,-,-,2969.4000,2969.2000,2968.8000,2967.8000,2967.0000,2972.4000,2972.6000,2972.8000,2973.0000,2973.4000,2,1,1,3,3,1,4,1,2,3
SF,IH2004,2020-03-05 09:30:47.000,2971.4000,3089,0,33883920.000,0,-,-,-,-,2969.4000,2969.2000,2968.8000,2967.8000,2967.0000,2972.4000,2972.6000,2972.8000,2973.0000,2973.4000,2,1,1,3,3,1,1,1,1,3
SF,IH2004,2020-03-05 09:30:47.500,2972.4000,3088,-1,34775640.000,1,0,1,双平,S,2969.4000,2969.2000,2968.8000,2967.8000,2967.0000,2972.6000,2972.8000,2973.0000,2973.4000,2973.8000,2,1,1,3,3,1,1,1,3,1
SF,IH2004,2020-03-05 09:30:48.000,2972.4000,3088,0,34775640.000,0,-,-,-,-,2969.4000,2969.2000,2968.8000,2967.8000,2967.0000,2972.2000,2972.6000,2972.8000,2973.0000,2973.4000,2,1,1,3,3,2,1,1,1,3
SF,IH2004,2020-03-05 09:30:48.500,2972.4000,3088,0,34775640.000,0,-,-,-,-,2969.4000,2969.2000,2968.8000,2967.8000,2967.0000,2972.2000,2972.6000,2972.8000,2973.0000,2973.4000,2,1,1,3,3,2,1,1,1,3
SF,IH2004,2020-03-05 09:30:49.000,2972.4000,3088,0,34775640.000,0,-,-,-,-,2970.0000,2969.4000,2969.2000,2968.8000,2967.8000,2972.6000,2972.8000,2973.0000,2973.4000,2973.8000,1,2,1,1,3,1,1,1,3,1
SF,IH2004,2020-03-05 09:30:49.500,2972.4000,3088,0,34775640.000,0,-,-,-,-,2970.0000,2969.4000,2969.2000,2968.8000,2967.8000,2972.4000,2972.6000,2972.8000,2973.0000,2973.4000,1,2,1,1,3,1,1,1,1,3
SF,IH2004,2020-03-05 09:30:50.000,2972.4000,3088,0,34775640.000,0,-,-,-,-,2970.0000,2969.4000,2969.2000,2968.8000,2967.8000,2972.2000,2972.4000,2972.8000,2973.0000,2973.4000,1,2,1,1,3,1,1,1,1,3
SF,IH2004,2020-03-05 09:30:50.500,2972.4000,3088,0,34775640.000,0,-,-,-,-,2970.0000,2969.4000,2969.2000,2968.8000,2967.8000,2972.8000,2973.0000,2973.4000,2973.8000,2974.0000,1,2,1,1,3,1,1,3,1,2
SF,IH2004,2020-03-05 09:30:51.000,2972.4000,3088,0,34775640.000,0,-,-,-,-,2970.0000,2969.4000,2969.2000,2968.8000,2967.8000,2972.6000,2972.8000,2973.0000,2973.4000,2973.8000,1,2,1,1,3,2,1,1,3,1
SF,IH2004,2020-03-05 09:30:51.500,2972.4000,3088,0,34775640.000,0,-,-,-,-,2970.0000,2969.4000,2969.2000,2968.8000,2967.8000,2972.6000,2972.8000,2973.0000,2973.4000,2973.8000,1,1,1,1,3,2,1,1,3,1
SF,IH2004,2020-03-05 09:30:53.500,2972.4000,3088,0,34775640.000,0,-,-,-,-,2970.0000,2969.4000,2969.2000,2968.8000,2967.8000,2972.2000,2972.6000,2972.8000,2973.0000,2973.4000,1,1,1,1,3,1,2,1,1,3
SF,IH2004,2020-03-05 09:30:54.000,2972.4000,3088,0,34775640.000,0,-,-,-,-,2970.0000,2969.4000,2969.2000,2968.8000,2967.8000,2972.6000,2972.8000,2973.0000,2973.4000,2973.8000,1,1,1,1,3,2,1,1,3,1
SF,IH2004,2020-03-05 09:30:54.500,2972.4000,3088,0,34775640.000,0,-,-,-,-,2970.0000,2969.4000,2969.2000,2968.8000,2967.8000,2972.0000,2972.2000,2972.6000,2972.8000,2973.0000,1,1,1,1,3,3,1,2,1,1
SF,IH2004,2020-03-05 09:30:55.000,2972.4000,3088,0,34775640.000,0,-,-,-,-,2970.0000,2969.4000,2969.2000,2968.8000,2967.8000,2972.6000,2972.8000,2973.0000,2973.4000,2973.8000,1,1,1,1,3,2,1,1,3,1
SF,IH2004,2020-03-05 09:30:55.500,2972.4000,3088,0,34775640.000,0,-,-,-,-,2970.0000,2969.4000,2969.2000,2968.8000,2967.8000,2972.4000,2972.6000,2972.8000,2973.0000,2973.4000,1,1,1,1,3,2,2,1,1,3
SF,IH2004,2020-03-05 09:30:56.000,2972.4000,3088,0,34775640.000,0,-,-,-,-,2970.0000,2969.4000,2969.2000,2968.8000,2967.8000,2972.4000,2972.6000,2972.8000,2973.0000,2973.4000,1,1,1,1,3,2,2,1,1,3
SF,IH2004,2020-03-05 09:30:56.500,2972.4000,3088,0,34775640.000,0,-,-,-,-,2970.6000,2970.0000,2969.4000,2969.2000,2968.8000,2972.2000,2972.4000,2972.6000,2972.8000,2973.0000,1,1,1,1,1,1,2,1,1,1
SF,IH2004,2020-03-05 09:30:57.000,2972.4000,3088,0,34775640.000,0,-,-,-,-,2970.6000,2970.0000,2969.4000,2969.2000,2968.8000,2972.0000,2972.2000,2972.4000,2972.6000,2972.8000,1,1,1,1,1,1,2,2,1,1
SF,IH2004,2020-03-05 09:30:57.500,2972.4000,3088,0,34775640.000,0,-,-,-,-,2970.6000,2970.0000,2969.4000,2969.2000,2968.8000,2972.0000,2972.2000,2972.4000,2972.6000,2972.8000,1,1,1,1,1,1,2,2,1,1
SF,IH2004,2020-03-05 09:30:58.000,2970.6000,3088,0,35666820.000,1,0,1,多换,S,2970.0000,2969.4000,2969.2000,2968.8000,2967.8000,2971.8000,2972.0000,2972.2000,2972.4000,2972.6000,1,1,1,1,3,1,1,1,2,1
SF,IH2004,2020-03-05 09:30:58.500,2970.6000,3088,0,35666820.000,0,-,-,-,-,2970.0000,2969.4000,2969.2000,2968.8000,2967.8000,2971.6000,2971.8000,2972.0000,2972.2000,2972.4000,1,1,1,1,3,1,1,1,1,2
SF,IH2004,2020-03-05 09:30:59.000,2970.6000,3088,0,35666820.000,0,-,-,-,-,2970.0000,2969.4000,2969.2000,2968.8000,2967.8000,2971.4000,2971.6000,2972.0000,2972.2000,2972.4000,1,1,1,1,3,1,1,1,1,2
SF,IH2004,2020-03-05 09:30:59.500,2970.6000,3088,0,35666820.000,0,-,-,-,-,2970.0000,2969.4000,2969.2000,2968.8000,2967.8000,2971.4000,2971.6000,2972.0000,2972.4000,2972.6000,1,1,1,1,3,1,1,1,2,1
SF,IH2004,2020-03-05 09:31:00.000,2970.6000,3088,0,35666820.000,0,-,-,-,-,2970.0000,2969.4000,2969.2000,2968.8000,2967.8000,2971.6000,2972.0000,2972.4000,2972.6000,2972.8000,1,1,1,1,3,1,1,2,1,1
SF,IH2004,2020-03-05 09:31:00.500,2970.6000,3088,0,35666820.000,0,-,-,-,-,2970.0000,2969.4000,2969.2000,2968.8000,2967.8000,2971.2000,2971.6000,2972.0000,2972.4000,2972.6000,1,1,1,1,3,1,1,1,2,1
SF,IH2004,2020-03-05 09:31:01.000,2971.2000,3087,-1,36558180.000,1,0,1,双平,S,2970.0000,2969.4000,2969.2000,2968.8000,2967.8000,2971.6000,2972.0000,2972.4000,2972.6000,2972.8000,1,1,1,1,3,1,1,2,1,1
SF,IH2004,2020-03-05 09:31:01.500,2971.2000,3087,0,36558180.000,0,-,-,-,-,2970.0000,2969.4000,2969.2000,2968.8000,2967.8000,2972.0000,2972.4000,2972.6000,2972.8000,2973.0000,1,1,1,1,3,1,2,1,1,1
SF,IH2004,2020-03-05 09:31:02.000,2971.2000,3087,0,36558180.000,0,-,-,-,-,2970.0000,2969.4000,2969.2000,2968.8000,2967.8000,2971.4000,2972.0000,2972.4000,2972.6000,2972.8000,1,1,1,1,3,1,1,2,1,1
SF,IH2004,2020-03-05 09:31:03.500,2971.2000,3087,0,36558180.000,0,-,-,-,-,2971.2000,2970.0000,2969.4000,2969.2000,2968.8000,2971.4000,2972.0000,2972.4000,2972.6000,2972.8000,1,1,1,1,1,1,1,2,1,1
SF,IH2004,2020-03-05 09:31:04.000,2971.2000,3086,-1,38340900.000,2,0,2,多平,S,2970.0000,2969.4000,2969.2000,2968.8000,2967.8000,2972.0000,2972.4000,2972.6000,2972.8000,2973.0000,1,1,1,1,3,1,2,1,1,1
SF,IH2004,2020-03-05 09:31:04.500,2971.2000,3086,0,38340900.000,0,-,-,-,-,2970.0000,2969.4000,2969.2000,2968.8000,2967.8000,2971.2000,2972.0000,2972.4000,2972.6000,2972.8000,1,1,1,1,3,1,1,2,1,1
SF,IH2004,2020-03-05 09:31:05.000,2971.2000,3086,0,38340900.000,0,-,-,-,-,2970.0000,2969.4000,2969.2000,2968.8000,2967.8000,2972.0000,2972.4000,2972.6000,2972.8000,2973.0000,1,1,1,1,3,1,2,1,1,1
SF,IH2004,2020-03-05 09:31:05.500,2971.2000,3086,0,38340900.000,0,-,-,-,-,2970.0000,2969.4000,2969.2000,2968.8000,2967.8000,2972.4000,2972.6000,2972.8000,2973.0000,2974.0000,1,1,1,1,3,2,1,1,1,1
SF,IH2004,2020-03-05 09:31:06.000,2971.2000,3086,0,38340900.000,0,-,-,-,-,2970.2000,2970.0000,2969.4000,2969.2000,2968.8000,2971.0000,2973.0000,2974.0000,2975.0000,2975.8000,2,1,1,1,1,1,1,1,2,1
SF,IH2004,2020-03-05 09:31:06.500,2971.2000,3085,-1,39232260.000,1,0,1,双平,S,2971.2000,2970.2000,2970.0000,2969.4000,2969.2000,2973.0000,2974.0000,2975.0000,2975.8000,2976.0000,1,1,1,1,1,1,1,2,1,1
SF,IH2004,2020-03-05 09:31:07.000,2971.2000,3085,0,39232260.000,0,-,-,-,-,2970.0000,2969.4000,2969.2000,2968.8000,2967.8000,2972.8000,2973.0000,2974.0000,2975.0000,2975.8000,1,1,1,1,3,3,1,1,2,1
SF,IH2004,2020-03-05 09:31:07.500,2971.2000,3085,0,39232260.000,0,-,-,-,-,2970.2000,2970.0000,2969.4000,2969.2000,2968.8000,2973.0000,2974.0000,2975.0000,2975.8000,2976.0000,2,1,1,1,1,1,1,2,1,1
SF,IH2004,2020-03-05 09:31:08.000,2971.2000,3085,0,39232260.000,0,-,-,-,-,2970.2000,2970.0000,2969.4000,2969.2000,2968.8000,2972.6000,2972.8000,2973.0000,2974.0000,2975.0000,2,1,1,1,1,1,1,2,1,2
SF,IH2004,2020-03-05 09:31:08.500,2971.2000,3085,0,39232260.000,0,-,-,-,-,2971.2000,2970.4000,2970.2000,2970.0000,2969.2000,2974.0000,2975.0000,2976.0000,2976.8000,2978.0000,1,1,2,1,1,1,2,1,1,3
SF,IH2004,2020-03-05 09:31:09.000,2971.2000,3085,0,39232260.000,0,-,-,-,-,2971.4000,2971.2000,2970.4000,2970.2000,2970.0000,2973.8000,2974.0000,2975.0000,2976.0000,2976.8000,1,2,2,1,1,2,1,2,1,1
SF,IH2004,2020-03-05 09:31:09.500,2971.2000,3085,0,39232260.000,0,-,-,-,-,2971.4000,2970.4000,2970.2000,2970.0000,2969.2000,2973.6000,2973.8000,2974.0000,2975.0000,2976.0000,1,1,1,1,1,1,2,1,2,1
SF,IH2004,2020-03-05 09:31:10.000,2971.2000,3085,0,39232260.000,0,-,-,-,-,2971.4000,2970.4000,2970.2000,2970.0000,2969.2000,2973.4000,2973.6000,2973.8000,2974.0000,2975.0000,1,1,1,1,1,2,1,2,1,2
SF,IH2004,2020-03-05 09:31:10.500,2971.2000,3085,0,39232260.000,0,-,-,-,-,2971.4000,2970.4000,2970.2000,2970.0000,2969.2000,2973.4000,2973.8000,2974.0000,2975.0000,2976.0000,1,1,1,1,1,2,2,1,2,1
SF,IH2004,2020-03-05 09:31:11.000,2971.2000,3085,0,39232260.000,0,-,-,-,-,2971.4000,2970.4000,2970.2000,2970.0000,2969.2000,2973.4000,2973.8000,2974.0000,2975.0000,2976.0000,1,1,1,1,1,2,2,1,2,1
SF,IH2004,2020-03-05 09:31:11.500,2971.2000,3085,0,39232260.000,0,-,-,-,-,2971.4000,2970.4000,2970.2000,2970.0000,2969.2000,2973.2000,2973.4000,2973.8000,2974.0000,2975.0000,1,1,1,1,1,1,2,1,1,2
SF,IH2004,2020-03-05 09:31:12.500,2971.2000,3085,0,39232260.000,0,-,-,-,-,2971.4000,2970.4000,2970.2000,2970.0000,2969.2000,2973.0000,2973.2000,2973.4000,2973.8000,2974.0000,1,1,1,1,1,1,1,2,1,1
SF,IH2004,2020-03-05 09:31:13.000,2971.2000,3085,0,39232260.000,0,-,-,-,-,2970.4000,2970.2000,2970.0000,2969.2000,2968.8000,2972.8000,2973.0000,2973.2000,2973.4000,2973.8000,1,1,1,1,1,1,2,1,2,1
SF,IH2004,2020-03-05 09:31:13.500,2971.2000,3085,0,39232260.000,0,-,-,-,-,2970.6000,2970.4000,2970.2000,2970.0000,2969.2000,2973.0000,2973.2000,2973.4000,2973.8000,2974.0000,1,1,1,1,1,1,1,2,1,1
SF,IH2004,2020-03-05 09:31:14.000,2971.2000,3085,0,39232260.000,0,-,-,-,-,2970.2000,2970.0000,2969.2000,2968.8000,2967.8000,2972.8000,2973.0000,2973.2000,2973.4000,2973.8000,1,1,1,1,3,1,1,1,2,1
SF,IH2004,2020-03-05 09:31:14.500,2971.2000,3085,0,39232260.000,0,-,-,-,-,2970.0000,2969.2000,2968.8000,2967.8000,2967.0000,2972.2000,2972.6000,2972.8000,2973.0000,2973.4000,1,1,1,3,3,1,2,2,2,2
SF,IH2004,2020-03-05 09:31:15.000,2970.0000,3084,-1,40123260.000,1,0,1,双平,S,2969.2000,2968.8000,2967.8000,2967.0000,2964.0000,2972.0000,2972.2000,2972.6000,2972.8000,2973.0000,1,1,3,3,5,2,1,1,2,2
SF,IH2004,2020-03-05 09:31:15.500,2970.0000,3084,0,40123260.000,0,-,-,-,-,2968.8000,2967.8000,2967.0000,2964.0000,2958.2000,2972.0000,2972.2000,2972.6000,2972.8000,2973.0000,1,3,3,5,2,2,1,1,2,2
SF,IH2004,2020-03-05 09:31:16.000,2970.0000,3084,0,40123260.000,0,-,-,-,-,2968.8000,2967.8000,2967.0000,2964.0000,2958.2000,2971.2000,2971.8000,2972.0000,2972.2000,2972.6000,1,3,3,5,2,1,4,2,1,1
SF,IH2004,2020-03-05 09:31:16.500,2970.0000,3084,0,40123260.000,0,-,-,-,-,2969.2000,2969.0000,2968.8000,2967.8000,2967.0000,2971.8000,2972.0000,2972.2000,2972.6000,2972.8000,1,1,1,3,3,3,2,1,1,2
SF,IH2004,2020-03-05 09:31:17.000,2970.0000,3084,0,40123260.000,0,-,-,-,-,2969.0000,2968.8000,2967.8000,2967.0000,2964.0000,2971.0000,2971.2000,2971.6000,2972.0000,2972.2000,1,1,3,3,5,1,1,4,1,1
SF,IH2004,2020-03-05 09:31:17.500,2970.0000,3084,0,40123260.000,0,-,-,-,-,2969.2000,2969.0000,2968.8000,2967.8000,2967.0000,2971.6000,2972.0000,2972.2000,2972.6000,2972.8000,1,1,1,3,3,4,1,1,1,1
SF,IH2004,2020-03-05 09:31:18.000,2970.0000,3084,0,40123260.000,0,-,-,-,-,2968.8000,2967.8000,2967.0000,2964.0000,2958.2000,2970.8000,2971.2000,2971.4000,2971.6000,2972.0000,1,3,3,5,2,4,1,2,1,1
SF,IH2004,2020-03-05 09:31:18.500,2970.0000,3084,0,40123260.000,0,-,-,-,-,2969.2000,2969.0000,2968.8000,2967.8000,2967.0000,2970.8000,2971.4000,2972.0000,2972.2000,2972.6000,1,1,1,3,3,1,2,1,1,1
SF,IH2004,2020-03-05 09:31:19.000,2970.0000,3084,0,40123260.000,0,-,-,-,-,2969.2000,2969.0000,2968.8000,2967.8000,2967.0000,2972.0000,2972.2000,2972.6000,2972.8000,2973.0000,1,1,1,3,3,1,1,1,1,3
SF,IH2004,2020-03-05 09:31:19.500,2970.0000,3084,0,40123260.000,0,-,-,-,-,2969.2000,2969.0000,2968.8000,2967.8000,2967.0000,2971.8000,2972.0000,2972.2000,2972.6000,2972.8000,1,1,1,3,3,2,1,1,1,1
SF,IH2004,2020-03-05 09:31:20.000,2970.0000,3084,0,40123260.000,0,-,-,-,-,2970.0000,2968.8000,2967.8000,2967.0000,2964.0000,2971.2000,2971.6000,2971.8000,2972.0000,2972.2000,1,1,3,3,5,1,1,3,1,1
SF,IH2004,2020-03-05 09:31:20.500,2970.0000,3084,0,40123260.000,0,-,-,-,-,2970.0000,2969.2000,2968.8000,2967.8000,2967.0000,2971.6000,2971.8000,2972.0000,2972.2000,2972.6000,1,1,1,3,3,1,2,1,1,1
SF,IH2004,2020-03-05 09:31:21.000,2970.0000,3084,0,40123260.000,0,-,-,-,-,2970.0000,2969.2000,2968.8000,2967.8000,2967.0000,2971.0000,2971.4000,2971.6000,2971.8000,2972.0000,1,1,1,3,3,2,1,1,1,1
SF,IH2004,2020-03-05 09:31:21.500,2970.0000,3084,0,41014260.000,1,0,1,多换,S,2968.8000,2967.8000,2967.0000,2964.0000,2958.2000,2971.0000,2971.4000,2971.6000,2971.8000,2972.0000,1,3,3,5,2,2,1,1,1,1
SF,IH2004,2020-03-05 09:31:22.000,2970.0000,3084,0,41014260.000,0,-,-,-,-,2968.8000,2967.8000,2967.0000,2964.0000,2958.2000,2970.8000,2971.0000,2971.2000,2971.4000,2971.6000,1,3,3,5,2,1,2,1,1,1
SF,IH2004,2020-03-05 09:31:22.500,2970.0000,3084,0,41014260.000,0,-,-,-,-,2968.8000,2967.8000,2967.0000,2964.0000,2958.2000,2971.0000,2971.4000,2971.6000,2971.8000,2972.0000,1,3,3,5,2,2,1,1,1,1
SF,IH2004,2020-03-05 09:31:23.000,2970.0000,3084,0,41014260.000,0,-,-,-,-,2969.2000,2968.8000,2967.8000,2967.0000,2964.0000,2970.6000,2971.0000,2971.2000,2971.4000,2971.6000,1,1,3,3,5,1,2,1,1,1
SF,IH2004,2020-03-05 09:31:24.000,2970.0000,3084,0,41014260.000,0,-,-,-,-,2968.8000,2967.8000,2967.0000,2964.0000,2958.2000,2970.6000,2971.0000,2971.2000,2971.4000,2971.6000,1,3,3,5,2,1,2,1,1,1
SF,IH2004,2020-03-05 09:31:24.500,2970.0000,3084,0,41014260.000,0,-,-,-,-,2968.8000,2967.8000,2967.0000,2964.0000,2958.2000,2970.6000,2971.0000,2971.2000,2971.4000,2971.6000,1,3,3,5,2,1,2,1,1,1
SF,IH2004,2020-03-05 09:31:25.000,2970.0000,3084,0,41014260.000,0,-,-,-,-,2969.2000,2968.8000,2967.8000,2967.0000,2964.0000,2971.0000,2971.6000,2971.8000,2972.0000,2972.2000,1,1,3,3,5,2,1,1,1,1
SF,IH2004,2020-03-05 09:31:26.000,2969.2000,3083,-1,41905020.000,1,0,1,双平,S,2968.8000,2967.8000,2967.0000,2964.0000,2958.2000,2970.8000,2971.0000,2971.6000,2971.8000,2972.0000,1,3,3,5,2,1,2,1,1,1
SF,IH2004,2020-03-05 09:31:26.500,2970.8000,3082,-1,42796260.000,1,0,1,双平,S,2969.0000,2968.8000,2967.8000,2967.0000,2964.0000,2971.6000,2971.8000,2972.0000,2972.2000,2972.6000,1,1,3,3,5,1,1,1,1,1
SF,IH2004,2020-03-05 09:31:27.000,2970.8000,3082,0,42796260.000,0,-,-,-,-,2969.2000,2969.0000,2968.8000,2967.8000,2967.0000,2971.4000,2971.6000,2971.8000,2972.0000,2972.2000,1,2,1,3,3,1,1,1,1,1
SF,IH2004,2020-03-05 09:31:27.500,2970.8000,3082,0,42796260.000,0,-,-,-,-,2969.4000,2969.2000,2969.0000,2968.8000,2967.8000,2971.8000,2972.0000,2972.6000,2972.8000,2973.0000,1,1,1,1,3,1,1,1,1,2
SF,IH2004,2020-03-05 09:31:28.000,2970.8000,3082,0,42796260.000,0,-,-,-,-,2969.6000,2969.4000,2969.0000,2968.8000,2967.8000,2972.6000,2972.8000,2973.0000,2973.4000,2973.8000,1,3,1,1,3,1,1,2,2,1
SF,IH2004,2020-03-05 09:31:28.500,2970.8000,3082,0,42796260.000,0,-,-,-,-,2969.6000,2969.4000,2969.0000,2968.8000,2967.8000,2972.4000,2972.6000,2972.8000,2973.0000,2973.4000,1,1,1,1,3,2,1,1,2,2
SF,IH2004,2020-03-05 09:31:29.000,2970.8000,3082,0,42796260.000,0,-,-,-,-,2968.8000,2967.8000,2967.0000,2964.0000,2958.2000,2972.2000,2972.4000,2972.6000,2972.8000,2973.0000,2,3,3,5,2,2,2,1,1,2
SF,IH2004,2020-03-05 09:31:29.500,2970.8000,3082,0,42796260.000,0,-,-,-,-,2969.0000,2968.8000,2967.8000,2967.0000,2964.0000,2972.0000,2972.2000,2972.4000,2972.6000,2972.8000,1,2,3,3,5,4,2,1,1,1
SF,IH2004,2020-03-05 09:31:30.000,2970.8000,3082,0,42796260.000,0,-,-,-,-,2969.0000,2968.8000,2967.8000,2967.0000,2964.0000,2971.8000,2972.0000,2972.2000,2972.4000,2972.6000,1,2,3,3,5,1,4,2,1,1
SF,IH2004,2020-03-05 09:31:30.500,2970.8000,3082,0,42796260.000,0,-,-,-,-,2969.0000,2968.8000,2967.8000,2967.0000,2964.0000,2971.6000,2971.8000,2972.0000,2972.2000,2972.4000,1,2,3,3,5,3,1,3,2,1
SF,IH2004,2020-03-05 09:31:31.000,2970.8000,3082,0,42796260.000,0,-,-,-,-,2969.0000,2968.8000,2967.8000,2967.0000,2964.0000,2971.6000,2971.8000,2972.0000,2972.2000,2972.4000,1,2,3,3,5,2,1,3,2,1
SF,IH2004,2020-03-05 09:31:31.500,2970.8000,3082,0,42796260.000,0,-,-,-,-,2969.0000,2968.8000,2967.8000,2967.0000,2964.0000,2971.6000,2971.8000,2972.0000,2972.2000,2972.4000,1,2,3,3,5,2,1,3,2,1
SF,IH2004,2020-03-05 09:31:32.000,2970.8000,3082,0,42796260.000,0,-,-,-,-,2969.2000,2969.0000,2968.8000,2967.8000,2967.0000,2971.6000,2971.8000,2972.0000,2972.2000,2972.4000,1,1,2,3,3,2,1,3,2,1
SF,IH2004,2020-03-05 09:31:32.500,2970.8000,3082,0,42796260.000,0,-,-,-,-,2969.4000,2969.2000,2968.8000,2967.8000,2967.0000,2972.2000,2972.4000,2972.6000,2972.8000,2973.0000,1,2,2,3,3,1,1,1,1,2
SF,IH2004,2020-03-05 09:31:33.000,2970.8000,3082,0,42796260.000,0,-,-,-,-,2969.6000,2969.4000,2969.2000,2968.8000,2967.8000,2972.2000,2972.4000,2972.6000,2972.8000,2973.0000,2,1,2,2,3,1,1,1,1,2
SF,IH2004,2020-03-05 09:31:33.500,2970.8000,3082,0,42796260.000,0,-,-,-,-,2971.6000,2969.8000,2969.6000,2969.2000,2968.8000,2972.0000,2972.2000,2972.4000,2972.6000,2972.8000,1,1,2,2,2,3,1,1,1,1
SF,IH2004,2020-03-05 09:31:34.000,2971.4000,3083,1,43687680.000,1,1,0,双开,S,2969.2000,2968.8000,2967.8000,2967.0000,2964.0000,2971.6000,2971.8000,2972.0000,2972.2000,2972.4000,2,2,3,3,5,1,1,3,2,1
SF,IH2004,2020-03-05 09:31:34.500,2971.4000,3083,0,43687680.000,0,-,-,-,-,2969.4000,2969.2000,2968.8000,2967.8000,2967.0000,2971.6000,2972.0000,2972.2000,2972.4000,2972.6000,1,2,2,3,3,1,3,2,1,1
SF,IH2004,2020-03-05 09:31:35.000,2971.4000,3083,0,43687680.000,0,-,-,-,-,2969.4000,2969.2000,2968.8000,2967.8000,2967.0000,2972.0000,2972.2000,2972.4000,2972.6000,2972.8000,4,2,2,3,3,3,1,1,1,1
SF,IH2004,2020-03-05 09:31:36.000,2971.4000,3083,0,43687680.000,0,-,-,-,-,2969.6000,2969.4000,2969.2000,2968.8000,2967.8000,2972.4000,2972.6000,2972.8000,2973.0000,2973.4000,1,4,2,2,3,1,1,1,2,2
SF,IH2004,2020-03-05 09:31:36.500,2971.4000,3083,0,43687680.000,0,-,-,-,-,2969.4000,2968.8000,2967.8000,2967.0000,2964.0000,2971.8000,2972.2000,2972.4000,2972.6000,2972.8000,1,2,3,3,5,1,3,1,1,1
SF,IH2004,2020-03-05 09:31:37.000,2971.4000,3083,0,43687680.000,0,-,-,-,-,2969.4000,2968.8000,2967.8000,2967.0000,2964.0000,2972.2000,2972.4000,2972.6000,2972.8000,2973.0000,1,2,3,3,5,2,1,1,1,2
SF,IH2004,2020-03-05 09:31:37.500,2971.4000,3083,0,43687680.000,0,-,-,-,-,2969.4000,2968.8000,2967.8000,2967.0000,2964.0000,2972.0000,2972.2000,2972.4000,2972.6000,2972.8000,1,2,3,3,5,1,2,1,1,1
SF,IH2004,2020-03-05 09:31:40.000,2971.4000,3083,0,43687680.000,0,-,-,-,-,2969.4000,2968.8000,2967.8000,2967.0000,2964.0000,2971.8000,2972.0000,2972.2000,2972.4000,2972.6000,1,2,3,3,5,1,1,2,1,1
SF,IH2004,2020-03-05 09:31:40.500,2971.4000,3083,0,43687680.000,0,-,-,-,-,2969.4000,2968.8000,2967.8000,2967.0000,2964.0000,2971.6000,2971.8000,2972.0000,2972.2000,2972.4000,1,2,3,3,5,1,1,1,2,1
SF,IH2004,2020-03-05 09:31:42.000,2971.4000,3083,0,43687680.000,0,-,-,-,-,2969.4000,2968.8000,2967.8000,2967.0000,2964.0000,2971.6000,2971.8000,2972.0000,2972.2000,2972.4000,1,2,3,3,5,1,2,1,2,1
SF,IH2004,2020-03-05 09:31:43.000,2971.4000,3083,0,43687680.000,0,-,-,-,-,2969.4000,2968.8000,2967.8000,2967.0000,2964.0000,2971.6000,2971.8000,2972.0000,2972.2000,2972.4000,1,2,3,3,5,1,2,1,2,1
SF,IH2004,2020-03-05 09:31:45.500,2971.4000,3083,0,43687680.000,0,-,-,-,-,2969.4000,2968.8000,2967.8000,2967.0000,2964.0000,2971.4000,2971.6000,2971.8000,2972.0000,2972.2000,1,2,3,3,5,1,1,2,1,2
SF,IH2004,2020-03-05 09:31:46.000,2971.4000,3083,0,43687680.000,0,-,-,-,-,2969.4000,2968.8000,2967.8000,2967.0000,2964.0000,2971.2000,2971.4000,2971.6000,2971.8000,2972.0000,1,2,3,3,5,2,1,1,2,1
SF,IH2004,2020-03-05 09:31:47.000,2969.4000,3083,0,44578500.000,1,0,1,多换,S,2968.8000,2967.8000,2967.0000,2964.0000,2958.2000,2971.4000,2971.6000,2971.8000,2972.0000,2972.2000,2,3,3,5,2,1,1,2,1,2
SF,IH2004,2020-03-05 09:31:48.500,2969.4000,3083,0,44578500.000,0,-,-,-,-,2968.8000,2967.8000,2967.0000,2964.0000,2958.2000,2971.2000,2971.4000,2971.6000,2971.8000,2972.0000,2,3,3,5,2,3,1,1,2,1
SF,IH2004,2020-03-05 09:31:49.000,2969.4000,3083,0,44578500.000,0,-,-,-,-,2968.8000,2967.8000,2967.0000,2964.0000,2958.2000,2971.0000,2971.2000,2971.4000,2971.6000,2971.8000,2,3,3,5,2,1,3,1,1,2
SF,IH2004,2020-03-05 09:31:50.000,2968.8000,3083,0,45469140.000,1,0,1,多换,S,2968.8000,2967.8000,2967.0000,2964.0000,2958.2000,2970.8000,2971.0000,2971.2000,2971.4000,2971.6000,1,3,3,5,2,1,1,3,1,1
SF,IH2004,2020-03-05 09:31:50.500,2968.8000,3083,0,45469140.000,0,-,-,-,-,2968.8000,2967.8000,2967.0000,2964.0000,2958.2000,2970.8000,2971.0000,2971.2000,2971.4000,2971.6000,1,3,3,5,2,1,1,3,1,1
SF,IH2004,2020-03-05 09:31:51.000,2968.8000,3083,0,45469140.000,0,-,-,-,-,2968.8000,2967.8000,2967.0000,2964.0000,2958.2000,2970.6000,2970.8000,2971.2000,2971.4000,2971.6000,1,3,3,5,2,1,1,3,1,1
SF,IH2004,2020-03-05 09:31:51.500,2968.8000,3083,0,45469140.000,0,-,-,-,-,2968.8000,2967.8000,2967.0000,2964.0000,2958.2000,2970.6000,2970.8000,2971.2000,2971.4000,2971.6000,1,3,3,5,2,1,1,3,1,1
SF,IH2004,2020-03-05 09:31:52.000,2968.8000,3083,0,45469140.000,0,-,-,-,-,2968.8000,2967.8000,2967.0000,2964.0000,2958.2000,2970.6000,2970.8000,2971.2000,2971.4000,2971.6000,1,3,3,5,2,1,1,3,1,1
SF,IH2004,2020-03-05 09:31:52.500,2968.8000,3083,0,45469140.000,0,-,-,-,-,2968.8000,2967.8000,2967.0000,2964.0000,2958.2000,2970.6000,2970.8000,2971.2000,2971.4000,2971.6000,1,3,3,5,2,1,1,3,1,1
SF,IH2004,2020-03-05 09:31:55.500,2970.6000,3083,0,46360320.000,1,0,1,多换,S,2968.8000,2967.8000,2967.0000,2964.0000,2958.2000,2971.2000,2971.4000,2971.6000,2971.8000,2972.0000,1,3,3,5,2,3,1,1,1,1
SF,IH2004,2020-03-05 09:31:56.000,2970.6000,3083,0,46360320.000,0,-,-,-,-,2967.8000,2967.0000,2964.0000,2958.2000,2951.0000,2971.0000,2971.2000,2971.4000,2971.6000,2971.8000,3,3,5,2,1,3,3,1,1,1
SF,IH2004,2020-03-05 09:31:56.500,2970.6000,3083,0,46360320.000,0,-,-,-,-,2968.6000,2968.0000,2967.8000,2967.0000,2964.0000,2971.0000,2971.2000,2971.4000,2971.6000,2971.8000,1,3,3,3,5,3,3,1,1,1
SF,IH2004,2020-03-05 09:31:58.000,2970.6000,3083,0,46360320.000,0,-,-,-,-,2968.6000,2968.0000,2967.8000,2967.0000,2964.0000,2971.0000,2971.2000,2971.4000,2971.6000,2971.8000,1,3,3,3,5,3,4,1,1,1
SF,IH2004,2020-03-05 09:31:58.500,2970.6000,3083,0,46360320.000,0,-,-,-,-,2968.8000,2968.6000,2968.0000,2967.8000,2967.0000,2971.0000,2971.2000,2971.4000,2971.6000,2971.8000,1,1,2,3,3,3,3,1,1,1
SF,IH2004,2020-03-05 09:31:59.000,2970.6000,3083,0,46360320.000,0,-,-,-,-,2968.8000,2968.6000,2968.0000,2967.8000,2967.0000,2971.2000,2971.4000,2971.6000,2971.8000,2972.0000,4,1,2,3,3,3,1,1,1,1
SF,IH2004,2020-03-05 09:31:59.500,2970.6000,3083,0,46360320.000,0,-,-,-,-,2968.8000,2968.6000,2968.0000,2967.8000,2967.0000,2971.0000,2971.2000,2971.4000,2971.6000,2971.8000,1,1,2,3,3,3,3,1,1,1
SF,IH2004,2020-03-05 09:32:00.000,2970.6000,3083,0,46360320.000,0,-,-,-,-,2968.8000,2968.6000,2968.0000,2967.8000,2967.0000,2970.8000,2971.0000,2971.2000,2971.4000,2971.6000,1,1,2,3,3,1,3,3,1,1
SF,IH2004,2020-03-05 09:32:00.500,2970.6000,3083,0,46360320.000,0,-,-,-,-,2968.8000,2968.6000,2968.0000,2967.8000,2967.0000,2970.8000,2971.2000,2971.4000,2971.6000,2971.8000,1,1,2,3,3,1,3,1,1,1
SF,IH2004,2020-03-05 09:32:01.000,2970.6000,3083,0,46360320.000,0,-,-,-,-,2968.8000,2968.6000,2968.0000,2967.8000,2967.0000,2970.8000,2971.4000,2971.6000,2971.8000,2972.0000,1,1,2,3,3,1,1,1,1,1
SF,IH2004,2020-03-05 09:32:01.500,2970.6000,3083,0,46360320.000,0,-,-,-,-,2968.8000,2968.6000,2968.0000,2967.8000,2967.0000,2970.8000,2971.6000,2971.8000,2972.0000,2972.2000,1,1,2,3,3,1,1,1,1,1
SF,IH2004,2020-03-05 09:32:02.000,2970.6000,3083,0,46360320.000,0,-,-,-,-,2969.0000,2968.8000,2968.6000,2968.0000,2967.8000,2970.8000,2971.6000,2971.8000,2972.0000,2972.2000,4,1,1,2,3,1,1,1,1,1
SF,IH2004,2020-03-05 09:32:02.500,2970.6000,3083,0,46360320.000,0,-,-,-,-,2969.0000,2968.8000,2968.6000,2968.0000,2967.8000,2970.8000,2971.8000,2972.0000,2972.2000,2972.4000,4,1,1,2,3,1,1,1,1,1
SF,IH2004,2020-03-05 09:32:03.000,2970.6000,3083,0,46360320.000,0,-,-,-,-,2969.0000,2968.8000,2968.6000,2968.0000,2967.8000,2970.8000,2971.8000,2972.0000,2972.2000,2972.4000,2,1,1,2,3,1,1,1,1,1
SF,IH2004,2020-03-05 09:32:03.500,2970.8000,3083,0,47251560.000,1,0,1,多换,S,2969.0000,2968.8000,2968.6000,2968.0000,2967.8000,2971.8000,2972.0000,2972.2000,2972.4000,2972.6000,2,1,1,2,3,1,1,1,1,1
SF,IH2004,2020-03-05 09:32:04.000,2970.8000,3083,0,47251560.000,0,-,-,-,-,2969.2000,2969.0000,2968.6000,2968.0000,2967.8000,2972.0000,2972.2000,2972.4000,2972.6000,2972.8000,5,2,1,2,3,1,1,1,1,1
SF,IH2004,2020-03-05 09:32:04.500,2970.8000,3083,0,47251560.000,0,-,-,-,-,2969.4000,2969.2000,2968.6000,2968.0000,2967.8000,2972.2000,2972.4000,2972.6000,2972.8000,2973.0000,1,5,1,2,3,1,1,1,1,2
SF,IH2004,2020-03-05 09:32:05.000,2970.8000,3083,0,47251560.000,0,-,-,-,-,2969.8000,2969.6000,2969.4000,2969.2000,2968.6000,2972.2000,2972.4000,2972.6000,2972.8000,2973.0000,1,2,1,3,1,1,1,2,1,2
SF,IH2004,2020-03-05 09:32:05.500,2970.8000,3083,0,47251560.000,0,-,-,-,-,2970.0000,2969.8000,2969.6000,2969.4000,2969.2000,2972.4000,2972.6000,2972.8000,2973.0000,2973.4000,1,1,1,1,3,1,2,1,2,2
SF,IH2004,2020-03-05 09:32:06.000,2970.8000,3083,0,47251560.000,0,-,-,-,-,2970.0000,2969.8000,2969.6000,2969.4000,2969.2000,2972.2000,2972.4000,2972.6000,2972.8000,2973.0000,1,1,1,1,3,1,1,2,1,2
SF,IH2004,2020-03-05 09:32:06.500,2970.8000,3083,0,47251560.000,0,-,-,-,-,2970.0000,2969.8000,2969.6000,2969.4000,2969.2000,2972.2000,2972.4000,2972.6000,2972.8000,2973.0000,1,1,1,1,3,1,1,2,1,2
SF,IH2004,2020-03-05 09:32:07.000,2970.8000,3083,0,47251560.000,0,-,-,-,-,2970.0000,2969.8000,2969.6000,2969.4000,2969.2000,2972.2000,2972.4000,2972.6000,2972.8000,2973.0000,1,1,1,2,3,1,1,2,1,2
SF,IH2004,2020-03-05 09:32:07.500,2970.8000,3083,0,47251560.000,0,-,-,-,-,2970.0000,2969.6000,2969.4000,2968.6000,2968.0000,2972.0000,2972.2000,2972.4000,2972.6000,2972.8000,1,1,2,1,2,4,2,1,2,1
SF,IH2004,2020-03-05 09:32:08.000,2970.8000,3083,0,47251560.000,0,-,-,-,-,2970.0000,2969.6000,2969.4000,2968.6000,2968.0000,2972.2000,2972.6000,2972.8000,2973.0000,2973.4000,1,1,2,1,2,1,1,1,1,2
SF,IH2004,2020-03-05 09:32:08.500,2970.8000,3083,0,47251560.000,0,-,-,-,-,2971.2000,2970.2000,2970.0000,2969.4000,2968.6000,2972.6000,2973.0000,2973.4000,2973.8000,2974.0000,1,4,1,1,1,1,1,2,1,1
SF,IH2004,2020-03-05 09:32:09.000,2970.8000,3083,0,47251560.000,0,-,-,-,-,2970.2000,2970.0000,2969.4000,2968.6000,2968.0000,2972.0000,2972.4000,2972.6000,2973.0000,2973.4000,1,1,1,1,2,3,2,1,1,2
SF,IH2004,2020-03-05 09:32:09.500,2970.8000,3083,0,47251560.000,0,-,-,-,-,2970.0000,2969.4000,2968.6000,2968.0000,2967.8000,2972.4000,2972.6000,2973.0000,2973.4000,2973.8000,1,1,1,2,3,1,1,1,2,1
SF,IH2004,2020-03-05 09:32:10.000,2970.8000,3083,0,47251560.000,0,-,-,-,-,2970.0000,2969.4000,2968.6000,2968.0000,2967.8000,2972.4000,2972.6000,2973.0000,2973.4000,2973.8000,1,1,1,2,3,1,1,1,2,1
SF,IH2004,2020-03-05 09:32:10.500,2970.8000,3083,0,47251560.000,0,-,-,-,-,2971.2000,2970.2000,2970.0000,2969.4000,2968.6000,2972.6000,2973.0000,2973.4000,2973.8000,2974.0000,1,5,1,1,1,1,1,2,1,1
SF,IH2004,2020-03-05 09:32:11.000,2970.8000,3083,0,47251560.000,0,-,-,-,-,2970.0000,2969.4000,2968.6000,2968.0000,2967.8000,2972.4000,2972.6000,2973.0000,2973.4000,2973.8000,1,1,1,2,3,1,1,1,2,1
SF,IH2004,2020-03-05 09:32:11.500,2970.8000,3083,0,47251560.000,0,-,-,-,-,2970.2000,2970.0000,2969.4000,2968.6000,2968.0000,2972.4000,2972.6000,2973.0000,2973.4000,2973.8000,1,1,1,1,2,4,1,1,2,1
SF,IH2004,2020-03-05 09:32:12.000,2970.8000,3083,0,47251560.000,0,-,-,-,-,2970.4000,2970.2000,2969.4000,2968.6000,2968.0000,2972.4000,2972.6000,2973.0000,2973.4000,2973.8000,1,1,1,1,2,1,1,1,2,1
SF,IH2004,2020-03-05 09:32:14.000,2970.8000,3083,0,47251560.000,0,-,-,-,-,2970.4000,2970.2000,2969.4000,2968.6000,2968.0000,2972.2000,2972.4000,2972.6000,2973.0000,2973.4000,1,1,1,1,2,1,1,1,1,2
SF,IH2004,2020-03-05 09:32:14.500,2970.8000,3083,0,47251560.000,0,-,-,-,-,2970.2000,2969.4000,2968.6000,2968.0000,2967.8000,2972.2000,2972.4000,2972.6000,2973.0000,2973.4000,1,1,1,2,3,1,1,1,1,2
SF,IH2004,2020-03-05 09:32:15.000,2970.8000,3083,0,47251560.000,0,-,-,-,-,2969.4000,2968.6000,2968.0000,2967.8000,2967.0000,2972.4000,2972.6000,2973.0000,2973.4000,2973.8000,1,1,2,3,3,1,1,1,2,1
SF,IH2004,2020-03-05 09:32:15.500,2970.8000,3083,0,47251560.000,0,-,-,-,-,2969.6000,2969.4000,2968.6000,2968.0000,2967.8000,2972.0000,2972.2000,2972.4000,2972.6000,2973.0000,2,1,1,2,3,5,1,1,1,1
SF,IH2004,2020-03-05 09:32:18.000,2970.8000,3083,0,47251560.000,0,-,-,-,-,2969.6000,2969.4000,2968.6000,2968.0000,2967.8000,2972.0000,2972.4000,2972.6000,2973.0000,2973.4000,2,1,1,2,3,2,1,1,1,2
SF,IH2004,2020-03-05 09:32:18.500,2970.8000,3083,0,47251560.000,0,-,-,-,-,2969.4000,2968.6000,2968.0000,2967.8000,2967.0000,2971.8000,2972.0000,2972.6000,2973.0000,2973.4000,1,1,2,3,3,3,2,1,1,2
SF,IH2004,2020-03-05 09:32:19.500,2969.4000,3084,1,48142380.000,1,1,0,双开,S,2968.6000,2968.0000,2967.8000,2967.0000,2964.0000,2971.8000,2972.0000,2972.6000,2973.0000,2973.4000,1,2,3,3,5,3,2,1,1,2
SF,IH2004,2020-03-05 09:32:20.000,2969.4000,3084,0,48142380.000,0,-,-,-,-,2968.8000,2968.6000,2968.0000,2967.8000,2967.0000,2971.6000,2971.8000,2972.0000,2972.6000,2973.0000,3,1,2,3,3,1,3,2,1,1
SF,IH2004,2020-03-05 09:32:20.500,2969.4000,3084,0,48142380.000,0,-,-,-,-,2968.8000,2968.6000,2968.0000,2967.8000,2967.0000,2971.4000,2971.6000,2971.8000,2972.0000,2972.6000,3,1,2,3,3,3,1,2,2,1
SF,IH2004,2020-03-05 09:32:21.000,2969.4000,3084,0,48142380.000,0,-,-,-,-,2968.8000,2968.6000,2968.0000,2967.8000,2967.0000,2971.4000,2971.6000,2971.8000,2972.0000,2972.6000,3,1,2,3,3,1,1,2,2,1
SF,IH2004,2020-03-05 09:32:21.500,2969.4000,3084,0,48142380.000,0,-,-,-,-,2969.2000,2969.0000,2968.8000,2968.6000,2968.0000,2972.0000,2972.6000,2973.0000,2973.4000,2973.8000,1,1,3,1,2,2,1,1,2,1
SF,IH2004,2020-03-05 09:32:22.000,2969.4000,3084,0,48142380.000,0,-,-,-,-,2969.4000,2968.8000,2968.6000,2968.0000,2967.8000,2971.8000,2972.0000,2972.6000,2973.0000,2973.4000,2,3,1,2,3,2,2,1,1,2
SF,IH2004,2020-03-05 09:32:23.500,2969.4000,3084,0,48142380.000,0,-,-,-,-,2969.4000,2968.8000,2968.6000,2968.0000,2967.8000,2971.6000,2971.8000,2972.0000,2972.6000,2973.0000,2,3,1,2,3,1,2,2,1,1
SF,IH2004,2020-03-05 09:32:24.000,2969.4000,3084,0,48142380.000,0,-,-,-,-,2969.4000,2968.8000,2968.6000,2968.0000,2967.8000,2971.8000,2972.0000,2972.6000,2973.0000,2973.4000,1,3,1,2,3,1,2,1,1,2
SF,IH2004,2020-03-05 09:32:24.500,2969.4000,3084,0,48142380.000,0,-,-,-,-,2969.4000,2968.8000,2968.6000,2968.0000,2967.8000,2971.8000,2972.0000,2972.6000,2973.0000,2973.4000,1,3,1,2,3,1,2,1,1,2
SF,IH2004,2020-03-05 09:32:25.000,2969.4000,3084,0,48142380.000,0,-,-,-,-,2969.4000,2968.8000,2968.6000,2968.0000,2967.8000,2971.6000,2971.8000,2972.0000,2972.6000,2973.0000,1,3,1,2,3,2,1,2,1,1
SF,IH2004,2020-03-05 09:32:27.000,2969.4000,3084,0,48142380.000,0,-,-,-,-,2969.4000,2968.8000,2968.6000,2968.0000,2967.8000,2971.8000,2972.0000,2972.6000,2973.0000,2973.4000,1,3,1,2,3,1,2,1,1,2
SF,IH2004,2020-03-05 09:32:27.500,2969.4000,3084,0,48142380.000,0,-,-,-,-,2969.6000,2969.4000,2968.8000,2968.6000,2968.0000,2972.0000,2972.6000,2973.0000,2973.4000,2973.8000,4,1,2,1,2,2,1,1,2,1
SF,IH2004,2020-03-05 09:32:28.000,2969.4000,3084,0,48142380.000,0,-,-,-,-,2969.8000,2969.6000,2968.8000,2968.6000,2968.0000,2972.0000,2972.6000,2973.0000,2973.4000,2973.8000,1,4,2,1,2,2,1,1,2,1
SF,IH2004,2020-03-05 09:32:29.500,2969.4000,3084,0,48142380.000,0,-,-,-,-,2969.8000,2969.6000,2968.8000,2968.6000,2968.0000,2971.8000,2972.0000,2972.6000,2973.0000,2973.4000,1,1,2,1,2,1,2,1,1,2
SF,IH2004,2020-03-05 09:32:30.000,2969.4000,3084,0,48142380.000,0,-,-,-,-,2969.8000,2969.6000,2968.8000,2968.6000,2968.0000,2972.0000,2972.6000,2973.0000,2973.4000,2973.8000,1,1,2,1,2,2,1,1,2,1
SF,IH2004,2020-03-05 09:32:30.500,2969.4000,3084,0,48142380.000,0,-,-,-,-,2970.0000,2969.8000,2968.8000,2968.6000,2968.0000,2972.0000,2972.6000,2973.0000,2973.4000,2973.8000,5,1,2,1,2,2,1,1,2,1
SF,IH2004,2020-03-05 09:32:32.500,2969.4000,3084,0,48142380.000,0,-,-,-,-,2970.0000,2969.8000,2968.8000,2968.6000,2968.0000,2972.0000,2972.6000,2973.0000,2973.4000,2973.8000,2,1,2,1,2,2,1,1,2,1
SF,IH2004,2020-03-05 09:32:33.500,2972.0000,3086,2,49925580.000,2,2,0,双开,S,2972.0000,2970.0000,2969.8000,2968.8000,2968.6000,2972.6000,2973.0000,2973.4000,2973.8000,2974.0000,1,2,1,2,1,1,1,2,1,1
SF,IH2004,2020-03-05 09:32:34.000,2972.0000,3086,0,50817180.000,1,0,1,多换,S,2970.2000,2970.0000,2969.8000,2968.8000,2968.6000,2972.4000,2972.6000,2973.0000,2973.4000,2973.8000,1,1,1,2,1,1,1,1,2,1
SF,IH2004,2020-03-05 09:32:34.500,2972.0000,3086,0,50817180.000,0,-,-,-,-,2970.4000,2970.0000,2968.8000,2968.6000,2968.0000,2972.0000,2972.4000,2972.6000,2973.0000,2973.4000,1,1,2,1,2,1,1,1,1,2
SF,IH2004,2020-03-05 09:32:35.000,2972.0000,3086,0,51708780.000,1,0,1,多换,S,2970.0000,2968.8000,2968.6000,2968.0000,2967.8000,2972.6000,2973.0000,2973.4000,2973.8000,2974.0000,1,2,1,2,3,1,1,2,1,1
SF,IH2004,2020-03-05 09:32:35.500,2972.0000,3086,0,51708780.000,0,-,-,-,-,2970.2000,2970.0000,2968.8000,2968.6000,2968.0000,2972.4000,2972.6000,2973.0000,2973.4000,2973.8000,2,1,2,1,2,2,1,1,2,1
SF,IH2004,2020-03-05 09:32:36.000,2972.0000,3086,0,51708780.000,0,-,-,-,-,2971.2000,2970.4000,2970.2000,2968.8000,2968.6000,2972.6000,2973.0000,2973.4000,2973.8000,2974.0000,1,3,4,1,1,1,1,2,1,1
SF,IH2004,2020-03-05 09:32:36.500,2972.0000,3086,0,51708780.000,0,-,-,-,-,2971.2000,2970.4000,2970.2000,2968.8000,2968.6000,2972.6000,2973.4000,2973.8000,2974.0000,2975.0000,1,3,4,1,1,1,2,1,1,1
SF,IH2004,2020-03-05 09:32:37.000,2972.6000,3085,-1,52600560.000,1,0,1,双平,S,2971.4000,2971.2000,2970.2000,2968.8000,2968.6000,2973.4000,2973.8000,2974.0000,2975.0000,2976.8000,4,2,4,1,1,2,1,1,1,1
SF,IH2004,2020-03-05 09:32:37.500,2972.6000,3085,0,52600560.000,0,-,-,-,-,2971.4000,2971.2000,2970.2000,2968.8000,2968.6000,2973.8000,2974.0000,2975.0000,2976.8000,2978.0000,4,2,4,1,1,1,1,1,1,3
SF,IH2004,2020-03-05 09:32:38.000,2972.6000,3085,0,52600560.000,0,-,-,-,-,2971.6000,2971.2000,2970.2000,2968.8000,2968.6000,2973.6000,2973.8000,2974.0000,2975.0000,2976.8000,1,2,3,1,1,2,1,1,1,1
SF,IH2004,2020-03-05 09:32:38.500,2972.6000,3085,0,52600560.000,0,-,-,-,-,2971.6000,2970.2000,2968.8000,2968.6000,2968.0000,2973.4000,2973.6000,2973.8000,2974.0000,2975.0000,1,3,1,1,2,1,2,1,1,1
SF,IH2004,2020-03-05 09:32:39.000,2972.6000,3085,0,52600560.000,0,-,-,-,-,2971.6000,2970.2000,2968.8000,2968.6000,2968.0000,2973.4000,2973.8000,2974.0000,2975.0000,2976.8000,1,3,1,1,2,1,1,1,1,1
SF,IH2004,2020-03-05 09:32:39.500,2972.6000,3085,0,52600560.000,0,-,-,-,-,2971.6000,2970.2000,2968.8000,2968.6000,2968.0000,2973.2000,2973.4000,2973.8000,2974.0000,2975.0000,1,3,1,1,2,1,1,1,1,1
SF,IH2004,2020-03-05 09:32:40.000,2972.6000,3085,0,52600560.000,0,-,-,-,-,2970.2000,2968.8000,2968.6000,2968.0000,2967.8000,2973.4000,2973.8000,2974.0000,2975.0000,2976.8000,3,1,1,2,3,1,1,1,1,1
SF,IH2004,2020-03-05 09:32:40.500,2972.6000,3085,0,52600560.000,0,-,-,-,-,2971.2000,2970.6000,2970.2000,2968.8000,2968.6000,2973.8000,2974.0000,2975.0000,2976.8000,2978.0000,2,1,3,1,1,1,1,1,1,3
SF,IH2004,2020-03-05 09:32:41.000,2972.6000,3085,0,52600560.000,0,-,-,-,-,2971.2000,2970.6000,2970.2000,2968.8000,2968.6000,2973.8000,2974.0000,2975.0000,2976.8000,2978.0000,1,1,3,1,1,1,1,1,1,3
SF,IH2004,2020-03-05 09:32:41.500,2972.6000,3085,0,52600560.000,0,-,-,-,-,2971.2000,2970.6000,2970.2000,2968.8000,2968.6000,2973.6000,2973.8000,2974.0000,2975.0000,2976.8000,1,1,3,1,1,5,1,1,1,1
SF,IH2004,2020-03-05 09:32:42.000,2972.6000,3085,0,52600560.000,0,-,-,-,-,2971.2000,2970.6000,2970.2000,2968.8000,2968.6000,2973.6000,2973.8000,2974.0000,2975.0000,2976.8000,2,1,3,1,1,3,1,1,1,1
SF,IH2004,2020-03-05 09:32:42.500,2971.4000,3084,-1,53491980.000,1,0,1,双平,S,2971.2000,2970.6000,2970.2000,2968.8000,2968.6000,2973.4000,2973.6000,2973.8000,2974.0000,2975.0000,1,1,3,1,1,1,4,1,1,1
SF,IH2004,2020-03-05 09:32:43.000,2971.4000,3084,0,53491980.000,0,-,-,-,-,2971.4000,2971.2000,2970.6000,2970.2000,2968.8000,2973.4000,2973.6000,2973.8000,2974.0000,2975.0000,1,2,1,3,1,1,1,1,1,1
SF,IH2004,2020-03-05 09:32:44.000,2971.4000,3084,0,53491980.000,0,-,-,-,-,2971.4000,2971.2000,2970.6000,2970.2000,2968.8000,2973.4000,2973.6000,2973.8000,2974.0000,2975.0000,1,2,1,3,1,1,1,1,1,1
SF,IH2004,2020-03-05 09:32:44.500,2971.4000,3084,0,53491980.000,0,-,-,-,-,2971.6000,2971.4000,2971.2000,2970.6000,2970.2000,2973.4000,2973.8000,2974.0000,2975.0000,2976.8000,1,1,2,1,2,1,1,1,1,1
SF,IH2004,2020-03-05 09:32:45.500,2971.4000,3084,0,53491980.000,0,-,-,-,-,2971.6000,2971.4000,2971.2000,2970.6000,2970.2000,2973.4000,2974.0000,2975.0000,2976.8000,2978.0000,1,1,2,1,2,1,1,1,1,3
SF,IH2004,2020-03-05 09:32:46.000,2971.4000,3084,0,53491980.000,0,-,-,-,-,2971.6000,2971.4000,2971.2000,2970.6000,2970.2000,2973.4000,2974.0000,2975.0000,2976.8000,2978.0000,1,1,2,1,2,1,1,1,1,3
SF,IH2004,2020-03-05 09:32:48.500,2971.4000,3084,0,53491980.000,0,-,-,-,-,2971.6000,2971.4000,2971.2000,2970.6000,2970.2000,2973.4000,2974.0000,2975.0000,2976.8000,2978.0000,1,1,2,1,2,1,1,1,1,3
SF,IH2004,2020-03-05 09:32:50.000,2971.4000,3084,0,53491980.000,0,-,-,-,-,2971.6000,2971.4000,2971.2000,2970.6000,2970.2000,2973.4000,2974.0000,2975.0000,2976.8000,2978.0000,1,2,2,1,2,1,1,1,1,3
SF,IH2004,2020-03-05 09:32:54.500,2971.4000,3084,0,53491980.000,0,-,-,-,-,2971.6000,2971.4000,2971.2000,2970.6000,2970.2000,2973.4000,2974.0000,2975.0000,2976.8000,2978.0000,1,2,2,1,2,1,1,1,1,3
SF,IH2004,2020-03-05 09:32:56.000,2971.4000,3084,0,53491980.000,0,-,-,-,-,2971.8000,2971.6000,2971.4000,2971.2000,2970.6000,2973.4000,2974.0000,2975.0000,2976.8000,2978.0000,4,1,2,2,1,1,1,1,1,3
SF,IH2004,2020-03-05 09:32:56.500,2971.4000,3084,0,53491980.000,0,-,-,-,-,2971.8000,2971.6000,2971.4000,2971.2000,2970.6000,2974.0000,2975.0000,2976.8000,2978.0000,2979.0000,3,1,2,2,1,1,1,1,3,1
SF,IH2004,2020-03-05 09:32:57.000,2971.4000,3084,0,53491980.000,0,-,-,-,-,2971.6000,2971.4000,2971.2000,2970.6000,2970.2000,2973.8000,2974.0000,2976.8000,2978.0000,2979.0000,1,2,2,1,1,1,1,1,3,1
SF,IH2004,2020-03-05 09:32:57.500,2971.4000,3084,0,53491980.000,0,-,-,-,-,2971.6000,2971.4000,2971.2000,2970.2000,2968.8000,2973.8000,2974.0000,2976.8000,2978.0000,2979.0000,1,2,2,1,1,1,1,1,3,1
SF,IH2004,2020-03-05 09:33:00.500,2971.4000,3084,0,53491980.000,0,-,-,-,-,2971.8000,2971.6000,2971.4000,2971.2000,2970.2000,2973.8000,2974.0000,2976.8000,2978.0000,2979.0000,3,1,2,2,1,1,1,1,3,1
SF,IH2004,2020-03-05 09:33:01.000,2971.4000,3084,0,53491980.000,0,-,-,-,-,2972.2000,2972.0000,2971.8000,2971.4000,2971.2000,2973.8000,2974.0000,2976.8000,2978.0000,2979.0000,1,1,4,2,2,1,1,1,3,1
SF,IH2004,2020-03-05 09:33:01.500,2971.4000,3084,0,53491980.000,0,-,-,-,-,2972.2000,2972.0000,2971.8000,2971.4000,2971.2000,2974.0000,2976.8000,2978.0000,2979.0000,2979.8000,1,1,1,2,2,1,1,3,1,1
SF,IH2004,2020-03-05 09:33:02.000,2971.4000,3084,0,53491980.000,0,-,-,-,-,2972.0000,2971.8000,2971.4000,2971.2000,2970.2000,2974.0000,2976.8000,2978.0000,2979.0000,2979.8000,1,1,2,2,1,1,1,3,1,1
SF,IH2004,2020-03-05 09:33:02.500,2971.4000,3084,0,53491980.000,0,-,-,-,-,2972.0000,2971.8000,2971.4000,2971.2000,2970.2000,2974.0000,2976.8000,2978.0000,2979.0000,2979.8000,1,1,2,2,1,1,1,3,1,1
SF,IH2004,2020-03-05 09:33:03.000,2974.0000,3084,0,54384180.000,1,0,1,多换,S,2972.2000,2972.0000,2971.4000,2971.2000,2970.2000,2976.8000,2978.0000,2979.0000,2979.8000,2980.0000,1,1,2,2,1,1,3,1,1,1
SF,IH2004,2020-03-05 09:33:03.500,2974.0000,3084,0,54384180.000,0,-,-,-,-,2973.8000,2972.2000,2971.4000,2971.2000,2970.2000,2975.4000,2976.0000,2976.6000,2976.8000,2978.0000,2,1,2,2,1,1,3,6,1,3
SF,IH2004,2020-03-05 09:33:04.000,2974.0000,3084,0,54384180.000,0,-,-,-,-,2973.8000,2972.2000,2971.4000,2971.2000,2970.2000,2975.2000,2975.4000,2976.0000,2976.6000,2976.8000,2,1,2,2,1,3,1,4,7,1
SF,IH2004,2020-03-05 09:33:04.500,2973.8000,3084,0,56168460.000,2,1,1,多换,S,2972.2000,2971.4000,2971.2000,2970.2000,2968.8000,2975.2000,2976.0000,2976.6000,2976.8000,2978.0000,1,2,2,1,1,3,4,7,1,3
SF,IH2004,2020-03-05 09:33:05.000,2973.8000,3084,0,56168460.000,0,-,-,-,-,2971.4000,2971.2000,2970.2000,2968.8000,2968.6000,2973.8000,2974.4000,2974.8000,2975.0000,2975.2000,2,2,1,1,1,1,1,1,1,3
SF,IH2004,2020-03-05 09:33:05.500,2973.8000,3084,0,56168460.000,0,-,-,-,-,2971.6000,2971.4000,2971.2000,2970.2000,2968.8000,2973.6000,2973.8000,2974.8000,2975.2000,2976.0000,5,2,2,1,1,1,1,1,2,3
SF,IH2004,2020-03-05 09:33:06.000,2973.8000,3084,0,56168460.000,0,-,-,-,-,2971.6000,2971.4000,2971.2000,2970.2000,2968.8000,2973.6000,2973.8000,2974.8000,2975.2000,2976.0000,5,2,2,1,1,1,1,1,2,3
SF,IH2004,2020-03-05 09:33:06.500,2973.8000,3084,0,56168460.000,0,-,-,-,-,2971.6000,2971.4000,2971.2000,2970.2000,2968.8000,2973.6000,2973.8000,2974.8000,2975.2000,2976.0000,5,3,2,1,1,1,1,1,2,3
SF,IH2004,2020-03-05 09:33:07.000,2973.8000,3084,0,56168460.000,0,-,-,-,-,2971.8000,2971.6000,2971.4000,2971.2000,2970.2000,2973.6000,2973.8000,2974.8000,2975.2000,2976.0000,1,2,2,2,1,1,1,1,2,3
SF,IH2004,2020-03-05 09:33:07.500,2973.8000,3084,0,56168460.000,0,-,-,-,-,2972.0000,2971.8000,2971.6000,2971.4000,2971.2000,2973.6000,2973.8000,2974.8000,2975.2000,2976.0000,1,1,1,2,2,1,1,1,2,3
SF,IH2004,2020-03-05 09:33:08.000,2973.8000,3084,0,56168460.000,0,-,-,-,-,2972.0000,2971.8000,2971.6000,2971.4000,2971.2000,2973.8000,2974.8000,2975.2000,2976.0000,2976.6000,1,1,1,2,2,1,1,2,3,6
SF,IH2004,2020-03-05 09:33:08.500,2973.8000,3085,1,57060600.000,1,1,0,双开,S,2972.0000,2971.8000,2971.6000,2971.4000,2971.2000,2974.8000,2975.2000,2976.0000,2976.6000,2976.8000,1,1,1,2,2,1,2,3,6,1
SF,IH2004,2020-03-05 09:33:09.000,2973.8000,3085,0,57060600.000,0,-,-,-,-,2971.8000,2971.6000,2971.4000,2971.2000,2970.2000,2974.4000,2974.6000,2974.8000,2975.2000,2976.0000,1,1,2,2,1,1,4,1,2,3
SF,IH2004,2020-03-05 09:33:09.500,2973.8000,3085,0,57060600.000,0,-,-,-,-,2972.2000,2972.0000,2971.8000,2971.4000,2971.2000,2974.2000,2974.6000,2974.8000,2975.2000,2976.0000,1,3,1,2,2,1,3,1,2,3
SF,IH2004,2020-03-05 09:33:10.000,2973.8000,3085,0,57060600.000,0,-,-,-,-,2972.0000,2971.8000,2971.4000,2971.2000,2970.2000,2974.2000,2974.6000,2974.8000,2975.2000,2976.0000,1,1,2,2,1,1,3,1,2,3
SF,IH2004,2020-03-05 09:33:10.500,2973.8000,3085,0,57060600.000,0,-,-,-,-,2971.8000,2971.4000,2971.2000,2970.2000,2968.8000,2974.0000,2974.2000,2974.4000,2974.6000,2974.8000,1,2,2,1,1,4,1,1,2,1
SF,IH2004,2020-03-05 09:33:11.000,2973.8000,3085,0,57060600.000,0,-,-,-,-,2971.8000,2971.4000,2971.2000,2970.2000,2968.8000,2973.8000,2974.0000,2974.6000,2974.8000,2975.2000,1,2,2,1,1,1,1,2,1,2
SF,IH2004,2020-03-05 09:33:11.500,2973.8000,3085,0,57060600.000,0,-,-,-,-,2971.8000,2971.4000,2971.2000,2970.2000,2968.8000,2973.8000,2974.0000,2974.6000,2974.8000,2975.2000,1,2,2,1,1,1,1,2,1,2
SF,IH2004,2020-03-05 09:33:13.000,2973.8000,3085,0,57060600.000,0,-,-,-,-,2971.8000,2971.4000,2971.2000,2970.2000,2968.8000,2973.8000,2974.0000,2974.6000,2974.8000,2975.2000,1,2,2,1,1,1,1,2,1,2
SF,IH2004,2020-03-05 09:33:13.500,2973.8000,3085,0,57060600.000,0,-,-,-,-,2971.8000,2971.4000,2971.2000,2970.2000,2968.8000,2973.6000,2973.8000,2974.6000,2974.8000,2975.2000,1,2,2,1,1,1,1,2,1,2
SF,IH2004,2020-03-05 09:33:14.000,2973.8000,3085,0,57060600.000,0,-,-,-,-,2971.8000,2971.4000,2971.2000,2970.2000,2968.8000,2973.6000,2973.8000,2974.6000,2974.8000,2975.2000,1,2,2,1,1,4,1,2,1,2
SF,IH2004,2020-03-05 09:33:14.500,2973.8000,3085,0,57060600.000,0,-,-,-,-,2971.4000,2971.2000,2970.2000,2968.8000,2968.6000,2973.6000,2973.8000,2974.6000,2974.8000,2975.2000,2,2,1,1,1,1,1,2,1,2
SF,IH2004,2020-03-05 09:33:15.000,2973.8000,3085,0,57060600.000,0,-,-,-,-,2971.4000,2971.2000,2970.2000,2968.8000,2968.6000,2973.4000,2973.6000,2974.6000,2974.8000,2975.2000,2,1,1,1,1,5,2,2,1,2
SF,IH2004,2020-03-05 09:33:15.500,2973.8000,3085,0,57060600.000,0,-,-,-,-,2971.4000,2971.2000,2970.2000,2968.8000,2968.6000,2973.4000,2973.6000,2974.6000,2974.8000,2975.2000,2,1,1,1,1,1,1,2,1,2
SF,IH2004,2020-03-05 09:33:18.000,2973.8000,3085,0,57060600.000,0,-,-,-,-,2971.6000,2971.4000,2971.2000,2970.2000,2968.8000,2973.4000,2973.6000,2974.6000,2974.8000,2975.2000,3,2,1,1,1,1,1,2,1,2
SF,IH2004,2020-03-05 09:33:18.500,2973.8000,3085,0,57060600.000,0,-,-,-,-,2971.6000,2971.4000,2971.2000,2970.2000,2968.8000,2973.4000,2973.6000,2974.6000,2974.8000,2975.2000,3,2,1,1,1,1,1,2,1,2
SF,IH2004,2020-03-05 09:33:19.000,2973.8000,3085,0,57060600.000,0,-,-,-,-,2971.8000,2971.4000,2971.2000,2970.2000,2968.8000,2973.4000,2973.6000,2974.6000,2974.8000,2975.2000,1,2,1,1,1,1,1,2,1,2
SF,IH2004,2020-03-05 09:33:19.500,2973.8000,3085,0,57060600.000,0,-,-,-,-,2971.8000,2971.4000,2971.2000,2970.2000,2968.8000,2973.6000,2974.6000,2974.8000,2975.2000,2976.0000,1,2,1,1,1,1,2,1,2,3
SF,IH2004,2020-03-05 09:33:20.000,2973.8000,3085,0,57060600.000,0,-,-,-,-,2971.4000,2971.2000,2970.2000,2968.8000,2968.6000,2973.6000,2974.6000,2974.8000,2975.2000,2976.0000,2,1,1,1,1,1,2,1,2,3
SF,IH2004,2020-03-05 09:33:20.500,2973.8000,3085,0,57060600.000,0,-,-,-,-,2971.4000,2971.2000,2970.2000,2968.8000,2968.6000,2973.4000,2973.6000,2974.6000,2974.8000,2975.2000,2,1,1,1,1,1,1,2,1,2
SF,IH2004,2020-03-05 09:33:21.000,2973.8000,3085,0,57060600.000,0,-,-,-,-,2971.4000,2971.2000,2970.2000,2968.8000,2968.6000,2973.4000,2973.6000,2974.6000,2974.8000,2975.2000,2,1,1,1,1,1,1,2,1,2
SF,IH2004,2020-03-05 09:33:21.500,2973.8000,3085,0,57060600.000,0,-,-,-,-,2971.4000,2971.2000,2970.2000,2968.8000,2968.6000,2973.2000,2973.4000,2974.6000,2974.8000,2975.2000,2,1,1,1,1,2,1,2,1,2
SF,IH2004,2020-03-05 09:33:22.000,2973.8000,3085,0,57060600.000,0,-,-,-,-,2971.4000,2971.2000,2970.2000,2968.8000,2968.6000,2973.2000,2973.4000,2974.6000,2975.2000,2976.0000,2,1,1,1,1,2,1,2,2,3
SF,IH2004,2020-03-05 09:33:22.500,2973.8000,3085,0,57060600.000,0,-,-,-,-,2971.4000,2970.2000,2968.8000,2968.6000,2968.0000,2973.2000,2973.4000,2974.6000,2975.2000,2976.0000,2,1,1,1,2,2,1,2,2,3
SF,IH2004,2020-03-05 09:33:23.000,2973.8000,3085,0,57060600.000,0,-,-,-,-,2971.4000,2970.2000,2968.8000,2968.6000,2968.0000,2973.0000,2973.2000,2973.4000,2974.6000,2975.2000,2,1,1,1,2,1,2,1,2,2
SF,IH2004,2020-03-05 09:33:23.500,2973.8000,3085,0,57060600.000,0,-,-,-,-,2971.4000,2970.2000,2968.8000,2968.6000,2968.0000,2973.2000,2973.4000,2974.6000,2975.2000,2976.0000,2,1,1,1,2,2,1,2,2,3
SF,IH2004,2020-03-05 09:33:24.000,2973.8000,3085,0,57060600.000,0,-,-,-,-,2971.4000,2970.2000,2968.8000,2968.6000,2968.0000,2973.0000,2973.2000,2973.4000,2974.6000,2975.2000,2,1,1,1,2,1,3,1,2,2
SF,IH2004,2020-03-05 09:33:24.500,2973.8000,3085,0,57060600.000,0,-,-,-,-,2971.4000,2968.8000,2968.6000,2968.0000,2967.0000,2972.8000,2973.0000,2973.2000,2973.4000,2974.6000,2,1,1,2,2,3,3,2,1,2
SF,IH2004,2020-03-05 09:33:25.000,2973.8000,3085,0,57060600.000,0,-,-,-,-,2971.4000,2968.8000,2968.6000,2968.0000,2967.0000,2972.8000,2973.0000,2973.2000,2973.4000,2974.6000,2,1,1,2,2,3,2,2,1,2
SF,IH2004,2020-03-05 09:33:25.500,2973.8000,3085,0,57060600.000,0,-,-,-,-,2971.4000,2968.8000,2968.6000,2968.0000,2967.0000,2972.6000,2972.8000,2973.0000,2973.2000,2973.4000,2,1,1,2,2,1,3,2,2,1
SF,IH2004,2020-03-05 09:33:26.000,2973.8000,3085,0,57060600.000,0,-,-,-,-,2971.4000,2968.8000,2968.6000,2968.0000,2967.0000,2972.4000,2972.6000,2972.8000,2973.0000,2973.2000,2,1,1,2,2,3,1,3,2,2
SF,IH2004,2020-03-05 09:33:26.500,2971.4000,3085,0,58843440.000,2,1,1,多换,S,2968.8000,2968.6000,2968.0000,2967.0000,2964.0000,2972.6000,2972.8000,2973.0000,2973.2000,2973.4000,1,1,2,2,5,1,3,1,2,1
SF,IH2004,2020-03-05 09:33:27.000,2971.4000,3085,0,58843440.000,0,-,-,-,-,2969.2000,2969.0000,2968.8000,2968.6000,2968.0000,2972.2000,2972.4000,2972.6000,2972.8000,2973.0000,1,3,1,1,2,1,1,1,2,1
SF,IH2004,2020-03-05 09:33:27.500,2971.4000,3085,0,58843440.000,0,-,-,-,-,2969.6000,2969.4000,2969.2000,2969.0000,2968.8000,2972.0000,2972.6000,2972.8000,2973.0000,2973.2000,1,4,1,4,1,1,1,2,1,2
SF,IH2004,2020-03-05 09:33:28.000,2971.4000,3085,0,58843440.000,0,-,-,-,-,2969.8000,2969.4000,2969.2000,2969.0000,2968.8000,2972.0000,2972.6000,2972.8000,2973.0000,2973.2000,4,2,1,4,1,1,1,2,1,2
SF,IH2004,2020-03-05 09:33:28.500,2971.4000,3085,0,58843440.000,0,-,-,-,-,2969.8000,2969.0000,2968.8000,2968.6000,2968.0000,2972.0000,2972.6000,2972.8000,2973.0000,2973.2000,1,3,1,1,2,1,1,2,1,2
SF,IH2004,2020-03-05 09:33:31.000,2971.4000,3085,0,58843440.000,0,-,-,-,-,2969.8000,2969.0000,2968.8000,2968.6000,2968.0000,2971.8000,2972.0000,2972.6000,2972.8000,2973.0000,1,3,1,1,2,1,1,1,2,1
SF,IH2004,2020-03-05 09:33:31.500,2971.4000,3085,0,58843440.000,0,-,-,-,-,2970.0000,2969.8000,2969.0000,2968.8000,2968.6000,2972.0000,2972.6000,2972.8000,2973.0000,2973.2000,1,1,3,1,1,1,1,2,1,2
SF,IH2004,2020-03-05 09:33:32.000,2971.4000,3085,0,58843440.000,0,-,-,-,-,2969.8000,2969.0000,2968.8000,2968.6000,2968.0000,2972.0000,2972.6000,2972.8000,2973.0000,2973.2000,1,3,1,1,2,1,1,2,1,2
SF,IH2004,2020-03-05 09:33:32.500,2969.8000,3084,-1,59734380.000,1,0,1,双平,S,2969.0000,2968.8000,2968.6000,2968.0000,2967.0000,2971.8000,2972.0000,2972.6000,2972.8000,2973.0000,3,1,1,2,2,1,1,1,2,1
SF,IH2004,2020-03-05 09:33:33.000,2969.8000,3084,0,59734380.000,0,-,-,-,-,2970.0000,2969.6000,2969.2000,2969.0000,2968.8000,2971.6000,2972.6000,2972.8000,2973.0000,2973.2000,1,1,4,3,1,1,1,2,1,2
SF,IH2004,2020-03-05 09:33:33.500,2969.8000,3084,0,59734380.000,0,-,-,-,-,2969.2000,2969.0000,2968.8000,2968.6000,2968.0000,2969.8000,2972.6000,2972.8000,2973.0000,2973.2000,4,3,1,1,2,1,1,2,1,2
SF,IH2004,2020-03-05 09:33:34.000,2969.8000,3085,1,60625320.000,1,1,0,双开,S,2969.8000,2969.4000,2969.2000,2969.0000,2968.8000,2972.6000,2972.8000,2973.0000,2973.2000,2974.6000,1,2,3,3,1,1,2,1,2,2
SF,IH2004,2020-03-05 09:33:34.500,2969.8000,3085,0,60625320.000,0,-,-,-,-,2969.4000,2969.2000,2969.0000,2968.8000,2968.6000,2972.4000,2972.6000,2972.8000,2973.0000,2973.2000,2,3,3,1,1,5,1,2,1,2
SF,IH2004,2020-03-05 09:33:35.000,2969.8000,3085,0,60625320.000,0,-,-,-,-,2970.0000,2969.6000,2969.4000,2969.2000,2969.0000,2972.4000,2972.6000,2972.8000,2973.0000,2973.2000,1,3,2,2,3,5,1,2,1,2
SF,IH2004,2020-03-05 09:33:35.500,2969.8000,3085,0,61516260.000,1,0,1,多换,S,2969.6000,2969.0000,2968.8000,2968.6000,2968.0000,2972.4000,2972.6000,2972.8000,2973.0000,2973.2000,1,3,1,1,2,5,1,2,1,2
SF,IH2004,2020-03-05 09:33:36.000,2969.8000,3085,0,61516260.000,0,-,-,-,-,2969.6000,2969.0000,2968.8000,2968.6000,2968.0000,2972.4000,2972.8000,2973.0000,2973.2000,2974.6000,1,3,1,1,2,5,2,1,2,2
SF,IH2004,2020-03-05 09:33:36.500,2969.8000,3085,0,61516260.000,0,-,-,-,-,2969.6000,2969.0000,2968.8000,2968.6000,2968.0000,2972.2000,2972.4000,2972.8000,2973.0000,2973.2000,1,3,1,1,2,1,5,2,1,2
SF,IH2004,2020-03-05 09:33:37.000,2969.8000,3085,0,61516260.000,0,-,-,-,-,2969.6000,2969.0000,2968.8000,2968.0000,2967.0000,2972.0000,2972.2000,2972.4000,2972.8000,2973.0000,1,3,1,2,2,2,1,3,2,1
SF,IH2004,2020-03-05 09:33:37.500,2969.8000,3085,0,61516260.000,0,-,-,-,-,2969.6000,2969.2000,2969.0000,2968.8000,2968.0000,2972.0000,2972.4000,2972.8000,2973.0000,2973.2000,1,1,3,1,2,3,3,2,1,2
SF,IH2004,2020-03-05 09:33:38.000,2969.8000,3085,0,61516260.000,0,-,-,-,-,2969.2000,2969.0000,2968.8000,2968.0000,2967.0000,2971.0000,2972.0000,2972.4000,2972.8000,2973.0000,1,3,1,2,2,1,3,3,2,1
SF,IH2004,2020-03-05 09:33:38.500,2969.8000,3085,0,61516260.000,0,-,-,-,-,2969.2000,2969.0000,2968.8000,2968.0000,2967.0000,2971.0000,2972.0000,2972.4000,2972.8000,2973.0000,1,3,1,2,2,1,3,3,2,1
SF,IH2004,2020-03-05 09:33:40.000,2969.8000,3085,0,61516260.000,0,-,-,-,-,2969.2000,2968.0000,2967.0000,2964.0000,2963.2000,2971.0000,2972.0000,2972.4000,2972.8000,2973.0000,1,2,2,5,3,1,3,3,2,1
SF,IH2004,2020-03-05 09:33:41.000,2969.2000,3085,0,62407020.000,1,0,1,多换,S,2968.0000,2967.0000,2964.0000,2963.2000,2959.2000,2971.0000,2972.0000,2972.4000,2972.8000,2973.0000,2,2,5,3,1,1,3,3,2,1
SF,IH2004,2020-03-05 09:33:41.500,2969.2000,3085,0,62407020.000,0,-,-,-,-,2968.8000,2968.2000,2968.0000,2967.0000,2964.0000,2970.8000,2971.0000,2972.0000,2972.4000,2972.8000,1,4,2,2,5,1,1,2,3,2
SF,IH2004,2020-03-05 09:33:42.000,2969.2000,3085,0,62407020.000,0,-,-,-,-,2969.0000,2968.8000,2968.2000,2968.0000,2967.0000,2970.8000,2971.0000,2972.0000,2972.4000,2972.8000,1,1,6,2,2,1,1,2,3,2
SF,IH2004,2020-03-05 09:33:42.500,2969.2000,3085,0,62407020.000,0,-,-,-,-,2969.0000,2968.8000,2968.2000,2968.0000,2967.0000,2970.8000,2971.0000,2972.0000,2972.4000,2972.8000,2,1,5,2,2,1,1,2,3,2
SF,IH2004,2020-03-05 09:33:43.500,2969.0000,3085,0,63297720.000,1,0,1,多换,S,2968.8000,2968.2000,2968.0000,2967.0000,2964.0000,2970.8000,2971.0000,2972.0000,2972.4000,2972.8000,1,5,2,2,5,1,1,2,3,2
SF,IH2004,2020-03-05 09:33:44.000,2969.0000,3085,0,63297720.000,0,-,-,-,-,2969.2000,2969.0000,2968.8000,2968.2000,2968.0000,2970.6000,2970.8000,2971.0000,2972.0000,2972.4000,1,1,1,5,2,1,1,1,1,3
SF,IH2004,2020-03-05 09:33:44.500,2969.0000,3085,0,63297720.000,0,-,-,-,-,2968.8000,2968.2000,2968.0000,2967.0000,2964.0000,2970.6000,2971.0000,2972.0000,2972.4000,2972.8000,1,5,2,2,5,1,1,1,3,2
SF,IH2004,2020-03-05 09:33:45.000,2969.0000,3085,0,63297720.000,0,-,-,-,-,2968.8000,2968.6000,2968.2000,2968.0000,2967.0000,2970.6000,2971.0000,2972.0000,2972.4000,2972.8000,1,1,3,2,2,1,1,1,3,2
SF,IH2004,2020-03-05 09:33:45.500,2969.0000,3085,0,63297720.000,0,-,-,-,-,2968.6000,2968.2000,2968.0000,2967.0000,2964.0000,2970.6000,2971.0000,2972.0000,2972.4000,2972.8000,1,3,2,2,5,1,1,1,3,2
SF,IH2004,2020-03-05 09:33:46.000,2969.0000,3085,0,63297720.000,0,-,-,-,-,2968.8000,2968.6000,2968.2000,2968.0000,2967.0000,2970.6000,2971.0000,2972.0000,2972.4000,2972.8000,1,1,3,2,2,1,1,1,3,2
SF,IH2004,2020-03-05 09:33:46.500,2969.0000,3085,0,63297720.000,0,-,-,-,-,2968.8000,2968.6000,2968.2000,2968.0000,2967.0000,2970.6000,2971.0000,2972.0000,2972.4000,2972.8000,4,1,3,2,2,1,1,1,3,2
SF,IH2004,2020-03-05 09:33:47.000,2970.6000,3085,0,64188900.000,1,0,1,多换,S,2968.8000,2968.6000,2968.2000,2968.0000,2967.0000,2971.0000,2972.0000,2972.4000,2972.8000,2973.0000,3,1,3,2,2,1,1,3,2,1
SF,IH2004,2020-03-05 09:33:47.500,2968.8000,3084,-1,65079540.000,1,0,1,双平,S,2968.6000,2968.2000,2968.0000,2967.0000,2964.0000,2970.8000,2971.0000,2972.0000,2972.4000,2972.8000,1,3,2,2,5,1,1,1,3,2
SF,IH2004,2020-03-05 09:33:49.000,2968.8000,3084,0,65079540.000,0,-,-,-,-,2968.8000,2968.6000,2968.2000,2968.0000,2967.0000,2970.8000,2971.0000,2972.0000,2972.4000,2972.8000,1,1,3,2,2,1,1,1,3,2
SF,IH2004,2020-03-05 09:33:51.000,2970.8000,3083,-1,65970780.000,1,0,1,双平,S,2968.8000,2968.6000,2968.2000,2968.0000,2967.0000,2971.0000,2972.0000,2972.4000,2972.8000,2973.0000,1,1,3,2,2,1,1,3,2,1
SF,IH2004,2020-03-05 09:33:51.500,2970.8000,3083,0,65970780.000,0,-,-,-,-,2969.0000,2968.8000,2968.6000,2968.2000,2968.0000,2971.0000,2972.0000,2972.4000,2972.8000,2973.0000,2,1,1,3,2,1,1,3,2,1
SF,IH2004,2020-03-05 09:33:52.000,2970.8000,3083,0,65970780.000,0,-,-,-,-,2969.2000,2969.0000,2968.8000,2968.6000,2968.2000,2971.0000,2972.0000,2972.4000,2972.8000,2973.0000,3,3,1,1,3,1,1,3,2,1
SF,IH2004,2020-03-05 09:33:52.500,2970.8000,3083,0,65970780.000,0,-,-,-,-,2969.2000,2969.0000,2968.8000,2968.6000,2968.2000,2971.0000,2972.0000,2972.4000,2972.8000,2973.0000,1,3,1,1,3,1,1,3,2,1
SF,IH2004,2020-03-05 09:33:56.000,2970.8000,3083,0,65970780.000,0,-,-,-,-,2969.2000,2969.0000,2968.6000,2968.2000,2968.0000,2971.0000,2972.0000,2972.4000,2972.8000,2973.0000,1,2,1,3,2,1,1,3,2,1
SF,IH2004,2020-03-05 09:33:56.500,2970.8000,3083,0,65970780.000,0,-,-,-,-,2968.6000,2968.2000,2968.0000,2967.0000,2964.0000,2970.8000,2971.0000,2972.0000,2972.4000,2972.8000,1,3,2,2,5,2,1,1,3,2
SF,IH2004,2020-03-05 09:33:57.000,2970.8000,3083,0,65970780.000,0,-,-,-,-,2968.6000,2968.2000,2968.0000,2967.0000,2964.0000,2970.8000,2971.0000,2972.0000,2972.4000,2972.8000,1,3,2,2,5,1,1,1,3,2
SF,IH2004,2020-03-05 09:33:57.500,2970.8000,3083,0,65970780.000,0,-,-,-,-,2968.6000,2968.2000,2968.0000,2967.0000,2964.0000,2970.8000,2971.0000,2971.8000,2972.0000,2972.4000,1,3,2,2,5,1,1,1,1,3
SF,IH2004,2020-03-05 09:33:59.500,2970.8000,3083,0,65970780.000,0,-,-,-,-,2968.6000,2968.2000,2968.0000,2967.0000,2964.0000,2970.6000,2970.8000,2971.0000,2971.8000,2972.0000,1,3,2,2,5,4,1,1,1,1
SF,IH2004,2020-03-05 09:34:00.000,2970.8000,3083,0,65970780.000,0,-,-,-,-,2968.6000,2967.0000,2964.0000,2963.2000,2959.2000,2970.4000,2970.6000,2971.0000,2971.8000,2972.0000,1,2,5,3,1,2,5,1,1,1
SF,IH2004,2020-03-05 09:34:00.500,2968.6000,3082,-1,66861360.000,1,0,1,双平,S,2967.0000,2964.0000,2963.2000,2959.2000,2958.2000,2970.2000,2970.4000,2970.6000,2971.0000,2971.8000,2,5,3,1,2,4,2,4,1,1
SF,IH2004,2020-03-05 09:34:01.000,2968.6000,3082,0,66861360.000,0,-,-,-,-,2967.2000,2967.0000,2964.0000,2963.2000,2959.2000,2968.6000,2970.0000,2970.2000,2970.6000,2971.0000,2,2,5,3,1,1,1,5,4,1
SF,IH2004,2020-03-05 09:34:01.500,2968.6000,3082,0,66861360.000,0,-,-,-,-,2967.2000,2967.0000,2964.0000,2963.2000,2959.2000,2968.6000,2970.0000,2970.2000,2970.6000,2971.0000,1,2,5,3,1,1,3,5,4,1
SF,IH2004,2020-03-05 09:34:02.000,2968.6000,3082,0,67751940.000,1,0,1,多换,S,2967.4000,2967.2000,2967.0000,2964.0000,2963.2000,2970.0000,2970.2000,2970.6000,2971.0000,2971.8000,2,1,2,5,3,1,5,4,1,1
SF,IH2004,2020-03-05 09:34:02.500,2968.6000,3082,0,67751940.000,0,-,-,-,-,2967.4000,2967.2000,2967.0000,2964.0000,2963.2000,2969.8000,2970.0000,2970.2000,2970.6000,2971.0000,3,1,2,5,3,3,1,4,4,1
SF,IH2004,2020-03-05 09:34:03.000,2968.6000,3082,0,67751940.000,0,-,-,-,-,2967.2000,2967.0000,2964.0000,2963.2000,2959.2000,2969.8000,2970.0000,2970.2000,2970.6000,2971.0000,1,2,5,3,1,3,1,4,4,1
SF,IH2004,2020-03-05 09:34:03.500,2968.6000,3082,0,67751940.000,0,-,-,-,-,2967.4000,2967.2000,2967.0000,2964.0000,2963.2000,2969.8000,2970.0000,2970.2000,2970.6000,2971.0000,2,1,2,5,3,2,1,4,4,1
SF,IH2004,2020-03-05 09:34:04.000,2968.6000,3082,0,67751940.000,0,-,-,-,-,2967.6000,2967.4000,2967.0000,2964.0000,2963.2000,2969.8000,2970.6000,2971.0000,2971.8000,2972.0000,2,2,2,5,3,1,4,1,1,1
SF,IH2004,2020-03-05 09:34:04.500,2968.6000,3082,0,67751940.000,0,-,-,-,-,2967.8000,2967.6000,2967.4000,2967.0000,2964.0000,2970.6000,2971.0000,2971.8000,2972.0000,2972.4000,2,4,2,2,5,4,1,1,1,3
SF,IH2004,2020-03-05 09:34:05.000,2968.6000,3082,0,67751940.000,0,-,-,-,-,2968.0000,2967.8000,2967.6000,2967.4000,2967.0000,2970.4000,2970.6000,2971.0000,2971.8000,2972.0000,1,2,3,2,2,4,4,1,1,1
SF,IH2004,2020-03-05 09:34:05.500,2968.6000,3082,0,67751940.000,0,-,-,-,-,2968.0000,2967.8000,2967.6000,2967.4000,2967.0000,2970.4000,2970.6000,2971.0000,2971.8000,2972.0000,1,2,3,2,2,6,4,1,1,1
SF,IH2004,2020-03-05 09:34:06.000,2968.6000,3082,0,67751940.000,0,-,-,-,-,2968.2000,2968.0000,2967.8000,2967.6000,2967.4000,2970.4000,2970.6000,2971.0000,2971.8000,2972.0000,2,1,2,3,2,3,4,1,1,1
SF,IH2004,2020-03-05 09:34:06.500,2968.6000,3082,0,67751940.000,0,-,-,-,-,2968.4000,2967.8000,2967.6000,2967.4000,2967.0000,2970.4000,2970.6000,2971.0000,2971.8000,2972.0000,1,2,3,2,2,3,4,1,1,1
SF,IH2004,2020-03-05 09:34:08.500,2968.6000,3082,0,67751940.000,0,-,-,-,-,2968.4000,2967.8000,2967.6000,2967.4000,2967.0000,2970.2000,2970.4000,2970.6000,2971.0000,2971.8000,1,1,3,2,2,1,3,4,1,1
SF,IH2004,2020-03-05 09:34:09.000,2968.4000,3081,-1,68642460.000,1,0,1,双平,S,2968.6000,2967.0000,2964.0000,2963.2000,2959.2000,2970.0000,2970.2000,2970.4000,2970.6000,2971.0000,1,2,5,3,1,2,1,1,4,1
SF,IH2004,2020-03-05 09:34:09.500,2968.4000,3080,-1,69532980.000,1,0,1,双平,S,2967.0000,2964.0000,2963.2000,2959.2000,2958.2000,2970.0000,2970.2000,2970.4000,2970.6000,2971.0000,2,5,3,1,2,2,1,1,4,1
SF,IH2004,2020-03-05 09:34:10.000,2968.4000,3080,0,69532980.000,0,-,-,-,-,2967.0000,2964.0000,2963.2000,2959.2000,2958.2000,2969.8000,2970.0000,2970.2000,2970.4000,2970.6000,2,5,3,1,2,3,2,1,1,4
SF,IH2004,2020-03-05 09:34:10.500,2968.4000,3080,0,69532980.000,0,-,-,-,-,2967.0000,2963.2000,2960.2000,2959.2000,2958.2000,2969.2000,2969.6000,2969.8000,2970.0000,2970.2000,2,3,5,1,2,1,3,4,2,1
SF,IH2004,2020-03-05 09:34:11.000,2967.0000,3079,-1,70423080.000,1,0,1,双平,S,2967.0000,2963.2000,2960.2000,2959.2000,2958.2000,2969.0000,2969.6000,2969.8000,2970.2000,2970.4000,1,3,5,1,2,2,1,3,1,1
SF,IH2004,2020-03-05 09:34:11.500,2967.0000,3079,0,70423080.000,0,-,-,-,-,2967.0000,2963.2000,2960.2000,2959.2000,2958.2000,2968.8000,2969.0000,2969.2000,2969.8000,2970.2000,1,3,5,1,2,1,4,1,3,1
SF,IH2004,2020-03-05 09:34:12.000,2967.0000,3079,0,70423080.000,0,-,-,-,-,2967.0000,2963.2000,2960.2000,2959.2000,2958.2000,2968.6000,2968.8000,2969.0000,2969.2000,2969.8000,1,3,5,1,2,1,1,3,1,3
SF,IH2004,2020-03-05 09:34:12.500,2967.0000,3079,0,70423080.000,0,-,-,-,-,2967.0000,2963.2000,2960.2000,2959.2000,2958.2000,2968.6000,2968.8000,2969.0000,2969.2000,2969.8000,1,3,5,1,2,1,1,3,1,3
SF,IH2004,2020-03-05 09:34:13.000,2967.0000,3078,-1,71313180.000,1,0,1,双平,S,2963.2000,2960.2000,2959.2000,2958.2000,2951.0000,2968.6000,2968.8000,2969.0000,2969.2000,2969.8000,3,5,1,2,1,1,1,3,1,3
SF,IH2004,2020-03-05 09:34:13.500,2967.0000,3078,0,71313180.000,0,-,-,-,-,2966.4000,2965.2000,2964.0000,2963.4000,2963.2000,2968.4000,2968.6000,2969.0000,2969.2000,2969.8000,2,1,2,6,7,1,1,2,1,3
SF,IH2004,2020-03-05 09:34:14.000,2967.0000,3078,0,71313180.000,0,-,-,-,-,2966.4000,2965.2000,2964.0000,2963.4000,2963.2000,2968.2000,2968.4000,2968.6000,2969.0000,2969.2000,2,1,2,8,4,1,1,1,2,1
SF,IH2004,2020-03-05 09:34:16.000,2968.2000,3077,-1,72203640.000,1,0,1,双平,S,2966.4000,2965.2000,2964.0000,2963.4000,2963.2000,2968.4000,2968.6000,2969.0000,2969.2000,2969.8000,2,1,2,8,4,1,1,2,1,3
SF,IH2004,2020-03-05 09:34:16.500,2968.2000,3077,0,72203640.000,0,-,-,-,-,2966.6000,2966.4000,2965.2000,2964.0000,2963.4000,2968.4000,2968.6000,2969.8000,2970.0000,2970.2000,2,3,1,2,6,1,1,3,1,1
SF,IH2004,2020-03-05 09:34:17.000,2968.2000,3077,0,72203640.000,0,-,-,-,-,2966.6000,2966.4000,2965.2000,2964.0000,2963.4000,2968.4000,2968.6000,2969.8000,2970.0000,2970.2000,2,3,1,2,6,1,1,3,1,1
SF,IH2004,2020-03-05 09:34:17.500,2968.2000,3077,0,72203640.000,0,-,-,-,-,2966.6000,2966.4000,2965.2000,2964.0000,2963.4000,2968.4000,2969.8000,2970.0000,2970.2000,2970.4000,2,3,1,2,6,1,3,1,1,1
SF,IH2004,2020-03-05 09:34:18.000,2968.2000,3077,0,72203640.000,0,-,-,-,-,2966.6000,2966.4000,2965.2000,2964.0000,2963.4000,2968.4000,2969.8000,2970.0000,2970.2000,2970.4000,2,2,1,2,6,1,3,1,1,1
SF,IH2004,2020-03-05 09:34:19.000,2968.2000,3077,0,72203640.000,0,-,-,-,-,2966.6000,2966.4000,2965.2000,2964.0000,2963.4000,2968.4000,2969.8000,2970.0000,2970.2000,2970.4000,1,2,1,2,6,1,3,1,1,1
SF,IH2004,2020-03-05 09:34:19.500,2968.2000,3077,0,72203640.000,0,-,-,-,-,2966.6000,2966.4000,2965.2000,2964.0000,2963.4000,2968.4000,2969.8000,2970.0000,2970.2000,2970.4000,1,2,1,2,6,1,3,1,1,1
SF,IH2004,2020-03-05 09:34:20.000,2968.2000,3077,0,72203640.000,0,-,-,-,-,2966.4000,2965.2000,2964.0000,2963.4000,2963.2000,2968.4000,2969.8000,2970.0000,2970.2000,2970.4000,2,1,2,6,3,1,3,1,1,1
SF,IH2004,2020-03-05 09:34:24.000,2968.2000,3077,0,72203640.000,0,-,-,-,-,2966.4000,2965.2000,2964.0000,2963.4000,2963.2000,2968.4000,2969.8000,2970.0000,2970.2000,2970.4000,2,1,2,6,3,1,3,1,1,1
SF,IH2004,2020-03-05 09:34:26.500,2968.2000,3077,0,72203640.000,0,-,-,-,-,2966.4000,2964.0000,2963.4000,2963.2000,2963.0000,2968.2000,2968.4000,2969.8000,2970.0000,2970.2000,1,2,6,3,1,2,1,3,1,1
SF,IH2004,2020-03-05 09:34:27.000,2968.2000,3077,0,72203640.000,0,-,-,-,-,2966.4000,2964.0000,2963.4000,2963.2000,2963.0000,2968.4000,2969.8000,2970.0000,2970.2000,2970.4000,2,2,6,3,1,1,2,1,1,1
SF,IH2004,2020-03-05 09:34:27.500,2968.2000,3077,0,72203640.000,0,-,-,-,-,2964.0000,2963.4000,2963.2000,2963.0000,2960.2000,2968.0000,2968.2000,2968.4000,2969.8000,2970.0000,2,6,3,1,5,3,4,1,2,1
SF,IH2004,2020-03-05 09:34:28.000,2968.2000,3077,0,72203640.000,0,-,-,-,-,2964.2000,2964.0000,2963.4000,2963.2000,2963.0000,2967.8000,2968.0000,2968.2000,2969.8000,2970.0000,3,2,5,3,1,2,3,1,2,1
SF,IH2004,2020-03-05 09:34:28.500,2968.2000,3077,0,72203640.000,0,-,-,-,-,2964.2000,2964.0000,2963.4000,2963.2000,2963.0000,2967.6000,2967.8000,2968.0000,2968.2000,2969.8000,3,1,3,3,1,3,4,3,1,2
SF,IH2004,2020-03-05 09:34:29.000,2968.2000,3077,0,72203640.000,0,-,-,-,-,2964.2000,2964.0000,2963.4000,2963.2000,2963.0000,2967.4000,2967.6000,2967.8000,2968.0000,2968.2000,3,1,3,3,1,2,2,1,3,1
SF,IH2004,2020-03-05 09:34:29.500,2968.2000,3077,0,72203640.000,0,-,-,-,-,2964.2000,2964.0000,2963.4000,2963.2000,2963.0000,2966.4000,2967.4000,2967.6000,2967.8000,2968.0000,3,1,3,3,1,1,2,1,1,3
SF,IH2004,2020-03-05 09:34:30.000,2968.2000,3077,0,72203640.000,0,-,-,-,-,2964.2000,2964.0000,2963.4000,2963.2000,2963.0000,2966.2000,2966.4000,2967.2000,2967.4000,2967.8000,3,1,3,3,1,1,1,1,1,1
SF,IH2004,2020-03-05 09:34:30.500,2968.2000,3077,0,72203640.000,0,-,-,-,-,2964.2000,2963.4000,2963.2000,2963.0000,2960.2000,2966.2000,2966.4000,2967.4000,2967.8000,2968.0000,3,3,3,1,5,1,1,1,1,3
SF,IH2004,2020-03-05 09:34:31.000,2968.2000,3077,0,72203640.000,0,-,-,-,-,2964.2000,2963.4000,2963.2000,2963.0000,2960.2000,2966.0000,2966.2000,2966.4000,2967.4000,2967.8000,1,3,3,1,5,1,1,1,1,1
SF,IH2004,2020-03-05 09:34:31.500,2968.2000,3077,0,72203640.000,0,-,-,-,-,2964.2000,2963.4000,2963.2000,2963.0000,2960.2000,2966.2000,2966.4000,2967.4000,2967.8000,2968.2000,1,2,3,1,5,1,1,1,1,1
SF,IH2004,2020-03-05 09:34:32.000,2968.2000,3077,0,72203640.000,0,-,-,-,-,2964.2000,2963.4000,2963.2000,2963.0000,2960.2000,2966.2000,2966.4000,2967.4000,2967.8000,2968.2000,1,2,3,1,5,1,1,1,1,1
SF,IH2004,2020-03-05 09:34:34.000,2964.2000,3076,-1,73092900.000,1,0,1,双平,S,2963.2000,2963.0000,2959.2000,2958.2000,2956.4000,2966.0000,2966.2000,2966.4000,2967.8000,2968.2000,3,1,1,2,5,3,1,2,1,1
SF,IH2004,2020-03-05 09:34:34.500,2964.2000,3076,0,73092900.000,0,-,-,-,-,2963.2000,2963.0000,2959.2000,2958.2000,2956.4000,2965.8000,2966.0000,2966.4000,2967.8000,2968.2000,3,1,1,2,5,3,3,1,1,1
SF,IH2004,2020-03-05 09:34:35.000,2964.2000,3076,0,73092900.000,0,-,-,-,-,2963.2000,2963.0000,2959.2000,2958.2000,2956.4000,2965.6000,2965.8000,2966.0000,2966.4000,2967.8000,3,1,1,2,5,4,3,2,1,1
SF,IH2004,2020-03-05 09:34:35.500,2964.2000,3076,0,73092900.000,0,-,-,-,-,2963.2000,2963.0000,2959.2000,2958.2000,2956.4000,2965.4000,2965.6000,2966.0000,2966.4000,2967.8000,3,1,1,2,5,2,1,2,1,1
SF,IH2004,2020-03-05 09:34:36.500,2964.2000,3076,0,73092900.000,0,-,-,-,-,2963.2000,2963.0000,2959.2000,2958.2000,2956.4000,2965.2000,2965.4000,2966.0000,2966.4000,2967.8000,3,1,1,2,5,1,2,2,1,1
SF,IH2004,2020-03-05 09:34:39.000,2964.2000,3076,0,73092900.000,0,-,-,-,-,2963.4000,2963.2000,2963.0000,2959.2000,2958.2000,2965.2000,2965.4000,2966.0000,2966.4000,2967.8000,2,4,1,1,2,1,2,2,1,1
SF,IH2004,2020-03-05 09:34:39.500,2964.2000,3076,0,73092900.000,0,-,-,-,-,2963.6000,2963.4000,2963.2000,2963.0000,2959.2000,2965.4000,2966.4000,2967.8000,2968.2000,2969.8000,2,2,4,1,1,1,1,1,1,1
SF,IH2004,2020-03-05 09:34:40.000,2965.4000,3075,-1,73982520.000,1,0,1,双平,S,2963.8000,2963.6000,2963.4000,2963.2000,2963.0000,2967.8000,2968.2000,2969.8000,2970.0000,2970.2000,2,2,2,4,1,1,1,1,1,1
SF,IH2004,2020-03-05 09:34:40.500,2965.4000,3075,0,73982520.000,0,-,-,-,-,2964.0000,2963.6000,2963.4000,2963.2000,2963.0000,2966.4000,2966.8000,2967.0000,2967.6000,2967.8000,1,1,2,4,1,1,1,2,4,2
SF,IH2004,2020-03-05 09:34:41.000,2964.2000,3075,0,74871780.000,1,0,1,多换,S,2964.0000,2963.6000,2963.4000,2963.2000,2963.0000,2967.6000,2967.8000,2968.2000,2969.8000,2970.0000,4,1,2,4,1,4,2,1,1,1
SF,IH2004,2020-03-05 09:34:41.500,2964.2000,3075,0,74871780.000,0,-,-,-,-,2964.2000,2964.0000,2963.4000,2963.2000,2963.0000,2967.4000,2967.6000,2968.2000,2969.8000,2970.0000,2,6,2,4,1,1,2,1,1,1
SF,IH2004,2020-03-05 09:34:42.000,2964.2000,3075,0,74871780.000,0,-,-,-,-,2964.4000,2964.2000,2964.0000,2963.4000,2963.2000,2967.2000,2967.4000,2967.6000,2968.2000,2969.8000,2,2,2,2,4,1,2,1,1,1
SF,IH2004,2020-03-05 09:34:42.500,2964.2000,3075,0,74871780.000,0,-,-,-,-,2963.4000,2963.2000,2963.0000,2959.2000,2958.2000,2967.0000,2967.2000,2967.4000,2968.2000,2969.8000,2,4,1,1,2,3,2,2,1,1
SF,IH2004,2020-03-05 09:34:43.000,2964.2000,3075,0,74871780.000,0,-,-,-,-,2964.0000,2963.6000,2963.4000,2963.2000,2963.0000,2966.8000,2967.0000,2967.4000,2968.2000,2969.8000,1,4,3,4,1,1,1,1,1,1
SF,IH2004,2020-03-05 09:34:43.500,2964.2000,3075,0,74871780.000,0,-,-,-,-,2964.2000,2963.6000,2963.4000,2963.2000,2963.0000,2966.6000,2966.8000,2967.4000,2968.2000,2969.8000,2,3,2,4,1,1,3,1,1,1
SF,IH2004,2020-03-05 09:34:44.000,2964.2000,3075,0,74871780.000,0,-,-,-,-,2964.2000,2963.6000,2963.4000,2963.2000,2963.0000,2966.4000,2966.6000,2966.8000,2967.4000,2968.2000,2,3,2,4,1,1,1,3,1,1
SF,IH2004,2020-03-05 09:34:44.500,2964.2000,3075,0,74871780.000,0,-,-,-,-,2964.2000,2963.6000,2963.4000,2963.2000,2963.0000,2966.2000,2966.4000,2966.8000,2967.4000,2968.2000,1,3,2,4,1,1,5,2,1,1
SF,IH2004,2020-03-05 09:34:45.000,2964.2000,3075,0,74871780.000,0,-,-,-,-,2964.2000,2963.6000,2963.4000,2963.2000,2963.0000,2966.0000,2966.2000,2966.4000,2966.8000,2967.4000,1,3,2,4,1,1,1,5,2,1
SF,IH2004,2020-03-05 09:34:45.500,2964.2000,3075,0,74871780.000,0,-,-,-,-,2964.2000,2963.6000,2963.2000,2963.0000,2958.2000,2965.8000,2966.0000,2966.4000,2966.8000,2967.4000,1,1,3,1,2,1,1,5,2,1
SF,IH2004,2020-03-05 09:34:46.000,2964.2000,3075,0,74871780.000,0,-,-,-,-,2963.6000,2963.2000,2963.0000,2958.2000,2956.4000,2965.8000,2966.0000,2966.4000,2966.8000,2967.4000,1,3,1,2,5,1,1,5,2,1
SF,IH2004,2020-03-05 09:34:46.500,2964.2000,3075,0,74871780.000,0,-,-,-,-,2963.8000,2963.2000,2963.0000,2958.2000,2956.4000,2965.6000,2965.8000,2966.4000,2966.8000,2967.4000,1,3,1,2,5,1,1,4,2,1
SF,IH2004,2020-03-05 09:34:47.000,2965.6000,3076,1,76651080.000,2,1,1,空开,S,2963.8000,2963.2000,2963.0000,2958.2000,2956.4000,2966.4000,2966.8000,2967.4000,2968.2000,2970.0000,1,3,1,2,5,4,2,1,1,1
SF,IH2004,2020-03-05 09:34:47.500,2965.6000,3076,0,76651080.000,0,-,-,-,-,2963.8000,2963.2000,2963.0000,2958.2000,2956.4000,2966.0000,2966.2000,2966.4000,2966.8000,2967.4000,1,3,1,2,5,1,2,5,2,1
SF,IH2004,2020-03-05 09:34:48.000,2965.8000,3076,0,77540820.000,1,0,1,多换,S,2963.8000,2963.2000,2963.0000,2958.2000,2956.4000,2965.8000,2966.0000,2966.2000,2966.4000,2966.8000,1,3,1,2,5,3,1,2,4,2
SF,IH2004,2020-03-05 09:34:48.500,2965.8000,3076,0,77540820.000,0,-,-,-,-,2963.8000,2963.2000,2963.0000,2958.2000,2956.4000,2965.8000,2966.2000,2966.4000,2966.8000,2967.4000,1,3,1,2,5,3,2,4,2,1
SF,IH2004,2020-03-05 09:34:49.000,2965.8000,3076,0,77540820.000,0,-,-,-,-,2963.8000,2963.2000,2963.0000,2958.2000,2956.4000,2965.6000,2965.8000,2966.2000,2966.4000,2966.8000,1,3,1,2,5,2,3,1,4,2
SF,IH2004,2020-03-05 09:34:49.500,2965.8000,3076,0,77540820.000,0,-,-,-,-,2963.8000,2963.2000,2963.0000,2958.2000,2956.4000,2965.6000,2965.8000,2966.2000,2966.4000,2966.8000,1,3,1,2,5,2,3,1,4,2
SF,IH2004,2020-03-05 09:34:50.000,2965.8000,3076,0,77540820.000,0,-,-,-,-,2963.8000,2963.2000,2963.0000,2958.2000,2956.4000,2965.4000,2965.6000,2965.8000,2966.2000,2966.4000,1,3,1,2,5,1,2,3,1,4
SF,IH2004,2020-03-05 09:34:50.500,2965.8000,3076,0,77540820.000,0,-,-,-,-,2963.2000,2963.0000,2958.2000,2956.4000,2954.6000,2965.4000,2965.6000,2965.8000,2966.2000,2966.4000,3,1,2,5,1,1,1,3,1,4
SF,IH2004,2020-03-05 09:34:51.000,2965.8000,3076,0,77540820.000,0,-,-,-,-,2963.4000,2963.2000,2963.0000,2958.2000,2956.4000,2965.6000,2965.8000,2966.2000,2966.4000,2966.8000,2,3,1,2,5,1,3,1,4,2
SF,IH2004,2020-03-05 09:34:51.500,2965.8000,3076,0,77540820.000,0,-,-,-,-,2963.4000,2963.2000,2963.0000,2958.2000,2956.4000,2965.6000,2965.8000,2966.2000,2966.4000,2966.8000,2,3,1,2,5,1,3,1,4,2
SF,IH2004,2020-03-05 09:34:52.000,2965.8000,3076,0,77540820.000,0,-,-,-,-,2963.6000,2963.4000,2963.2000,2963.0000,2958.2000,2966.2000,2966.4000,2966.8000,2967.4000,2968.2000,1,2,3,1,2,1,4,2,1,1
SF,IH2004,2020-03-05 09:34:52.500,2965.8000,3076,0,77540820.000,0,-,-,-,-,2963.8000,2963.2000,2963.0000,2958.2000,2956.4000,2966.0000,2966.2000,2966.4000,2966.8000,2967.4000,2,3,1,2,5,4,1,4,2,1
SF,IH2004,2020-03-05 09:34:53.000,2965.8000,3076,0,77540820.000,0,-,-,-,-,2963.8000,2963.2000,2963.0000,2958.2000,2956.4000,2966.0000,2966.4000,2966.8000,2967.4000,2968.2000,2,3,1,2,5,1,3,2,1,1
SF,IH2004,2020-03-05 09:34:54.000,2965.8000,3076,0,77540820.000,0,-,-,-,-,2963.8000,2963.2000,2963.0000,2958.2000,2956.4000,2965.8000,2966.0000,2966.4000,2966.8000,2967.4000,2,3,1,2,5,3,1,3,2,1
SF,IH2004,2020-03-05 09:34:54.500,2965.8000,3076,0,77540820.000,0,-,-,-,-,2963.8000,2963.2000,2963.0000,2958.2000,2956.4000,2966.0000,2966.4000,2966.8000,2967.4000,2968.2000,1,3,1,2,5,1,3,2,1,1
SF,IH2004,2020-03-05 09:34:55.000,2965.8000,3076,0,77540820.000,0,-,-,-,-,2964.0000,2963.8000,2963.2000,2963.0000,2958.2000,2966.4000,2966.8000,2967.4000,2968.2000,2970.0000,1,1,3,1,2,3,2,1,1,1
SF,IH2004,2020-03-05 09:34:55.500,2965.8000,3076,0,77540820.000,0,-,-,-,-,2964.2000,2964.0000,2963.2000,2963.0000,2958.2000,2966.8000,2967.4000,2968.2000,2970.0000,2970.2000,1,1,3,1,2,2,1,1,1,1
SF,IH2004,2020-03-05 09:34:56.000,2965.8000,3076,0,77540820.000,0,-,-,-,-,2964.4000,2964.2000,2963.2000,2963.0000,2958.2000,2966.6000,2966.8000,2967.4000,2968.2000,2970.0000,1,1,3,1,2,3,2,1,1,1
SF,IH2004,2020-03-05 09:34:56.500,2965.8000,3076,0,77540820.000,0,-,-,-,-,2964.6000,2964.4000,2963.2000,2963.0000,2958.2000,2966.4000,2966.6000,2966.8000,2967.4000,2968.2000,1,1,3,1,2,1,4,2,1,1
SF,IH2004,2020-03-05 09:34:57.000,2965.8000,3076,0,77540820.000,0,-,-,-,-,2964.6000,2964.4000,2963.2000,2963.0000,2958.2000,2967.4000,2968.2000,2970.0000,2970.2000,2970.4000,1,1,3,1,2,1,1,1,1,1
SF,IH2004,2020-03-05 09:34:57.500,2965.8000,3076,0,77540820.000,0,-,-,-,-,2964.8000,2964.6000,2963.2000,2963.0000,2958.2000,2967.2000,2967.4000,2968.2000,2970.0000,2970.2000,1,1,3,1,2,1,1,1,1,1
SF,IH2004,2020-03-05 09:34:58.000,2965.8000,3076,0,77540820.000,0,-,-,-,-,2964.8000,2964.6000,2963.2000,2963.0000,2958.2000,2966.8000,2967.0000,2967.2000,2967.4000,2968.2000,1,1,3,1,2,1,2,1,1,1
SF,IH2004,2020-03-05 09:34:58.500,2965.8000,3076,0,77540820.000,0,-,-,-,-,2964.8000,2964.6000,2963.2000,2963.0000,2958.2000,2966.6000,2966.8000,2967.0000,2967.2000,2967.4000,1,1,3,1,2,1,1,2,1,1
SF,IH2004,2020-03-05 09:34:59.000,2965.8000,3076,0,77540820.000,0,-,-,-,-,2965.0000,2964.8000,2963.2000,2963.0000,2958.2000,2966.6000,2967.0000,2967.2000,2967.4000,2968.2000,1,1,3,1,2,1,1,1,1,1
SF,IH2004,2020-03-05 09:34:59.500,2965.8000,3076,0,77540820.000,0,-,-,-,-,2965.0000,2964.8000,2963.2000,2963.0000,2958.2000,2967.0000,2967.2000,2967.4000,2968.2000,2970.0000,1,1,3,1,2,1,1,1,1,1
SF,IH2004,2020-03-05 09:35:00.000,2965.8000,3076,0,77540820.000,0,-,-,-,-,2965.0000,2964.8000,2964.2000,2963.2000,2963.0000,2966.8000,2967.0000,2967.2000,2967.4000,2968.2000,1,1,1,3,1,1,1,1,1,1
SF,IH2004,2020-03-05 09:35:00.500,2965.8000,3076,0,77540820.000,0,-,-,-,-,2965.0000,2964.8000,2964.2000,2963.2000,2963.0000,2967.0000,2967.2000,2967.4000,2968.2000,2970.0000,1,1,1,3,1,1,1,1,1,1
SF,IH2004,2020-03-05 09:35:01.000,2965.8000,3076,0,77540820.000,0,-,-,-,-,2965.0000,2964.8000,2964.2000,2963.2000,2963.0000,2966.6000,2967.0000,2967.2000,2967.4000,2968.2000,1,1,1,3,1,1,1,1,1,1
SF,IH2004,2020-03-05 09:35:01.500,2965.8000,3076,0,77540820.000,0,-,-,-,-,2965.0000,2964.8000,2964.2000,2963.2000,2963.0000,2968.2000,2970.0000,2970.2000,2970.4000,2971.8000,1,1,1,3,1,1,1,1,1,1
SF,IH2004,2020-03-05 09:35:02.000,2965.8000,3076,0,77540820.000,0,-,-,-,-,2965.2000,2965.0000,2964.2000,2963.2000,2963.0000,2968.0000,2968.2000,2970.0000,2970.2000,2970.4000,2,1,1,3,1,1,1,1,1,1
SF,IH2004,2020-03-05 09:35:02.500,2965.8000,3076,0,77540820.000,0,-,-,-,-,2965.4000,2965.2000,2964.2000,2963.2000,2963.0000,2967.8000,2968.0000,2968.2000,2970.0000,2970.2000,1,1,1,3,1,2,3,1,1,1
SF,IH2004,2020-03-05 09:35:03.000,2965.8000,3076,0,77540820.000,0,-,-,-,-,2964.2000,2963.2000,2963.0000,2958.2000,2956.4000,2967.2000,2967.6000,2967.8000,2968.0000,2968.2000,1,3,1,2,5,1,3,2,3,1
SF,IH2004,2020-03-05 09:35:03.500,2965.8000,3076,0,77540820.000,0,-,-,-,-,2964.4000,2964.2000,2963.2000,2963.0000,2958.2000,2967.0000,2967.6000,2967.8000,2968.0000,2968.2000,1,1,3,1,2,2,3,2,3,1
SF,IH2004,2020-03-05 09:35:04.000,2965.8000,3076,0,77540820.000,0,-,-,-,-,2964.6000,2964.4000,2964.2000,2964.0000,2963.2000,2967.6000,2967.8000,2968.0000,2968.2000,2970.0000,2,6,1,1,3,2,1,3,1,1
SF,IH2004,2020-03-05 09:35:04.500,2965.8000,3076,0,77540820.000,0,-,-,-,-,2966.4000,2964.8000,2964.6000,2964.4000,2964.2000,2968.0000,2968.2000,2970.0000,2970.2000,2970.4000,1,3,3,4,1,3,1,1,1,1
SF,IH2004,2020-03-05 09:35:05.000,2965.8000,3076,0,77540820.000,0,-,-,-,-,2964.8000,2964.6000,2964.4000,2964.0000,2963.2000,2968.0000,2968.2000,2970.0000,2970.2000,2970.4000,2,2,4,1,3,3,1,1,1,1
SF,IH2004,2020-03-05 09:35:05.500,2965.8000,3076,0,77540820.000,0,-,-,-,-,2965.0000,2964.8000,2964.4000,2964.0000,2963.2000,2967.8000,2968.0000,2968.2000,2970.0000,2970.2000,1,2,4,1,3,3,3,1,1,1
SF,IH2004,2020-03-05 09:35:06.000,2965.8000,3076,0,77540820.000,0,-,-,-,-,2964.8000,2963.2000,2963.0000,2958.2000,2956.4000,2967.2000,2967.6000,2967.8000,2968.0000,2968.2000,2,3,1,2,5,1,1,6,3,1
SF,IH2004,2020-03-05 09:35:06.500,2965.8000,3076,0,77540820.000,0,-,-,-,-,2964.8000,2963.2000,2963.0000,2958.2000,2956.4000,2967.6000,2967.8000,2968.0000,2968.2000,2970.0000,1,3,1,2,5,1,4,3,1,1
SF,IH2004,2020-03-05 09:35:07.000,2965.8000,3076,0,77540820.000,0,-,-,-,-,2964.8000,2963.2000,2963.0000,2958.2000,2956.4000,2967.4000,2967.6000,2967.8000,2968.0000,2968.2000,1,3,1,2,5,1,1,4,3,1
SF,IH2004,2020-03-05 09:35:07.500,2965.8000,3076,0,77540820.000,0,-,-,-,-,2964.8000,2963.2000,2963.0000,2958.2000,2956.4000,2967.2000,2967.4000,2967.6000,2967.8000,2968.0000,1,3,1,2,5,1,1,1,4,3
SF,IH2004,2020-03-05 09:35:08.500,2965.8000,3076,0,77540820.000,0,-,-,-,-,2964.8000,2963.2000,2963.0000,2958.2000,2956.4000,2967.0000,2967.2000,2967.4000,2967.6000,2967.8000,1,3,1,2,5,1,1,1,1,4
SF,IH2004,2020-03-05 09:35:09.000,2965.8000,3076,0,77540820.000,0,-,-,-,-,2964.8000,2963.2000,2963.0000,2958.2000,2956.4000,2966.8000,2967.0000,2967.2000,2967.4000,2967.6000,1,3,1,2,5,1,1,1,1,1
SF,IH2004,2020-03-05 09:35:09.500,2965.8000,3076,0,77540820.000,0,-,-,-,-,2964.8000,2963.2000,2963.0000,2958.2000,2956.4000,2966.8000,2967.8000,2968.0000,2968.2000,2970.0000,1,3,1,2,5,1,4,3,1,1
SF,IH2004,2020-03-05 09:35:10.000,2965.8000,3076,0,77540820.000,0,-,-,-,-,2964.8000,2963.2000,2963.0000,2958.2000,2956.4000,2966.8000,2967.8000,2968.0000,2968.2000,2970.0000,1,3,1,2,5,1,5,3,1,1
SF,IH2004,2020-03-05 09:35:13.500,2965.8000,3076,0,77540820.000,0,-,-,-,-,2964.8000,2963.2000,2963.0000,2958.2000,2956.4000,2966.6000,2966.8000,2967.8000,2968.0000,2968.2000,1,3,1,2,5,1,1,5,3,1
SF,IH2004,2020-03-05 09:35:14.000,2965.8000,3076,0,77540820.000,0,-,-,-,-,2964.8000,2963.2000,2963.0000,2958.2000,2956.4000,2966.6000,2967.8000,2968.0000,2968.2000,2970.0000,1,3,1,2,5,1,5,3,1,1
SF,IH2004,2020-03-05 09:35:14.500,2965.8000,3076,0,77540820.000,0,-,-,-,-,2963.2000,2963.0000,2958.2000,2956.4000,2954.6000,2966.4000,2966.6000,2967.8000,2968.0000,2968.2000,3,1,2,5,1,1,1,5,3,1
SF,IH2004,2020-03-05 09:35:15.000,2965.8000,3076,0,77540820.000,0,-,-,-,-,2963.4000,2963.2000,2963.0000,2958.2000,2956.4000,2966.2000,2966.4000,2966.6000,2967.8000,2968.0000,5,4,1,2,5,3,3,1,5,3
SF,IH2004,2020-03-05 09:35:15.500,2965.8000,3076,0,77540820.000,0,-,-,-,-,2963.4000,2963.2000,2963.0000,2958.2000,2956.4000,2966.2000,2966.4000,2966.6000,2967.8000,2968.0000,5,4,1,2,5,3,2,1,5,3
SF,IH2004,2020-03-05 09:35:16.000,2965.8000,3076,0,77540820.000,0,-,-,-,-,2963.4000,2963.2000,2963.0000,2958.2000,2956.4000,2966.0000,2966.2000,2966.4000,2966.6000,2967.8000,5,4,1,2,5,1,3,2,1,5
SF,IH2004,2020-03-05 09:35:16.500,2963.4000,3076,0,78429840.000,1,0,1,多换,S,2963.4000,2963.2000,2963.0000,2958.2000,2956.4000,2965.8000,2966.0000,2966.2000,2966.4000,2966.6000,4,4,1,2,5,2,1,3,2,1
SF,IH2004,2020-03-05 09:35:17.000,2963.4000,3076,0,78429840.000,0,-,-,-,-,2963.4000,2963.2000,2963.0000,2958.2000,2956.4000,2965.8000,2966.0000,2966.2000,2966.4000,2966.6000,4,4,1,2,5,1,1,3,2,1
SF,IH2004,2020-03-05 09:35:17.500,2963.4000,3076,0,78429840.000,0,-,-,-,-,2963.4000,2963.2000,2963.0000,2958.2000,2956.4000,2965.8000,2966.2000,2966.4000,2966.6000,2967.8000,1,3,1,2,5,1,3,2,1,5
SF,IH2004,2020-03-05 09:35:18.000,2963.4000,3076,0,78429840.000,0,-,-,-,-,2963.4000,2963.2000,2963.0000,2958.2000,2956.4000,2965.4000,2965.8000,2966.2000,2966.4000,2966.6000,1,3,1,2,5,1,1,3,2,1
SF,IH2004,2020-03-05 09:35:19.000,2965.4000,3075,-1,79319460.000,1,0,1,双平,S,2963.4000,2963.2000,2963.0000,2958.2000,2956.4000,2965.8000,2966.2000,2966.4000,2966.6000,2967.8000,2,3,1,2,5,1,1,1,1,5
SF,IH2004,2020-03-05 09:35:19.500,2965.4000,3075,0,79319460.000,0,-,-,-,-,2963.4000,2963.2000,2963.0000,2958.2000,2956.4000,2965.8000,2966.4000,2966.6000,2967.8000,2968.0000,2,3,1,2,5,1,1,1,4,3
SF,IH2004,2020-03-05 09:35:20.000,2965.4000,3075,0,79319460.000,0,-,-,-,-,2963.6000,2963.4000,2963.2000,2963.0000,2958.2000,2965.8000,2966.4000,2966.6000,2967.8000,2968.0000,3,3,3,1,2,1,1,1,4,3
SF,IH2004,2020-03-05 09:35:20.500,2965.4000,3075,0,79319460.000,0,-,-,-,-,2963.8000,2963.6000,2963.4000,2963.2000,2963.0000,2965.8000,2966.4000,2966.6000,2967.8000,2968.0000,1,3,2,3,1,1,1,1,4,3
SF,IH2004,2020-03-05 09:35:21.000,2965.4000,3075,0,79319460.000,0,-,-,-,-,2964.0000,2963.8000,2963.6000,2963.4000,2963.2000,2965.8000,2966.6000,2967.8000,2968.0000,2968.2000,2,1,2,1,3,1,1,4,3,1
SF,IH2004,2020-03-05 09:35:21.500,2965.4000,3075,0,79319460.000,0,-,-,-,-,2964.2000,2964.0000,2963.6000,2963.4000,2963.2000,2965.8000,2967.8000,2968.0000,2968.2000,2970.0000,1,3,1,1,3,1,4,3,1,1
SF,IH2004,2020-03-05 09:35:22.000,2965.8000,3074,-1,80209200.000,1,0,1,双平,S,2964.2000,2964.0000,2963.4000,2963.2000,2963.0000,2967.8000,2968.0000,2968.2000,2970.0000,2970.2000,1,1,1,3,1,4,3,1,1,1
SF,IH2004,2020-03-05 09:35:22.500,2965.8000,3074,0,80209200.000,0,-,-,-,-,2964.0000,2963.4000,2963.2000,2963.0000,2958.2000,2966.4000,2966.8000,2967.0000,2967.6000,2967.8000,1,1,3,1,2,1,1,2,3,5
SF,IH2004,2020-03-05 09:35:23.000,2965.8000,3074,0,80209200.000,0,-,-,-,-,2964.2000,2964.0000,2963.2000,2963.0000,2958.2000,2966.8000,2967.0000,2967.6000,2967.8000,2968.0000,1,1,3,1,2,1,1,3,5,3
SF,IH2004,2020-03-05 09:35:23.500,2964.4000,3073,-1,81098520.000,1,0,1,双平,S,2964.2000,2963.2000,2963.0000,2958.2000,2956.4000,2966.6000,2966.8000,2967.0000,2967.6000,2967.8000,1,3,1,2,5,4,1,1,2,5
SF,IH2004,2020-03-05 09:35:24.000,2964.4000,3073,0,81098520.000,0,-,-,-,-,2963.2000,2963.0000,2958.2000,2956.4000,2954.6000,2966.6000,2967.0000,2967.6000,2967.8000,2968.0000,3,1,2,5,1,4,1,2,5,3
SF,IH2004,2020-03-05 09:35:24.500,2964.4000,3073,0,81098520.000,0,-,-,-,-,2963.4000,2963.2000,2963.0000,2958.2000,2956.4000,2966.2000,2966.6000,2967.0000,2967.6000,2967.8000,1,3,1,2,5,1,4,1,2,5
SF,IH2004,2020-03-05 09:35:25.000,2964.4000,3073,0,81098520.000,0,-,-,-,-,2963.4000,2963.2000,2963.0000,2958.2000,2956.4000,2966.0000,2966.2000,2966.6000,2967.0000,2967.6000,4,4,1,2,5,1,1,3,1,2
SF,IH2004,2020-03-05 09:35:25.500,2964.4000,3073,0,81098520.000,0,-,-,-,-,2963.6000,2963.4000,2963.2000,2963.0000,2958.2000,2966.0000,2966.2000,2966.6000,2967.0000,2967.6000,1,4,4,1,2,1,1,2,1,2
SF,IH2004,2020-03-05 09:35:26.000,2964.4000,3073,0,81098520.000,0,-,-,-,-,2963.8000,2963.4000,2963.2000,2963.0000,2958.2000,2966.0000,2966.2000,2966.6000,2967.0000,2967.6000,1,3,4,1,2,1,1,2,1,2
SF,IH2004,2020-03-05 09:35:26.500,2964.4000,3073,0,81098520.000,0,-,-,-,-,2963.8000,2963.4000,2963.2000,2963.0000,2958.2000,2965.8000,2966.0000,2966.2000,2966.6000,2967.0000,1,3,4,1,2,1,1,1,2,1
SF,IH2004,2020-03-05 09:35:27.000,2964.4000,3073,0,81098520.000,0,-,-,-,-,2963.8000,2963.4000,2963.2000,2963.0000,2958.2000,2965.8000,2966.0000,2966.2000,2966.6000,2967.0000,1,1,3,1,2,1,1,1,2,1
