市场代码,合约代码,时间,最新,持仓,增仓,成交额,成交量,开仓,平仓,成交类型,方向,买一价,买二价,买三价,买四价,买五价,卖一价,卖二价,卖三价,卖四价,卖五价,买一量,买二量,买三量,买四量,买五量,卖一量,卖二量,卖三量,卖四量,卖五量
SF,IH2012,2020-06-17 09:29:00.200,2726.8000,6298,0,8180400.000,10.000,-,-,-,-,2723.6000,2721.4000,2720.2000,2719.0000,2713.6000,2727.0000,2728.0000,2728.2000,2728.6000,2731.0000,1,1,1,1,1,1,1,3,1,2
SF,IH2012,2020-06-17 09:30:00.200,2723.6000,6297,-1,8997480.000,1,0,1,双平,S,2721.4000,2720.2000,2719.0000,2718.0000,2713.6000,2723.2000,2723.4000,2723.6000,2726.6000,2726.8000,1,1,1,1,1,2,2,1,4,1
SF,IH2012,2020-06-17 09:30:00.700,2723.6000,6297,0,8997480.000,0,-,-,-,-,2721.6000,2721.4000,2720.2000,2719.0000,2718.0000,2723.4000,2723.6000,2726.6000,2728.0000,2728.6000,1,1,2,1,1,1,1,4,1,1
SF,IH2012,2020-06-17 09:30:01.200,2723.6000,6296,-1,10631580.000,2,0,2,多平,S,2721.4000,2720.2000,2719.0000,2718.0000,2712.2000,2726.6000,2728.0000,2728.6000,2733.0000,2742.0000,1,2,1,1,1,4,1,1,1,1
SF,IH2012,2020-06-17 09:30:01.700,2723.6000,6296,0,10631580.000,0,-,-,-,-,2721.6000,2721.4000,2720.2000,2719.0000,2718.0000,2726.6000,2728.0000,2728.4000,2733.0000,2742.0000,1,1,2,1,1,4,1,5,1,1
SF,IH2012,2020-06-17 09:30:02.200,2726.4000,6295,-1,11449500.000,1,0,1,双平,S,2721.6000,2721.4000,2720.2000,2719.0000,2718.0000,2726.6000,2728.0000,2728.4000,2733.0000,2742.0000,1,1,2,1,1,4,1,5,1,1
SF,IH2012,2020-06-17 09:30:02.700,2726.6000,6294,-1,12267480.000,1,0,1,双平,S,2721.6000,2721.4000,2720.2000,2719.0000,2718.0000,2726.6000,2728.0000,2728.4000,2733.0000,2742.0000,1,1,2,1,1,3,1,5,1,1
SF,IH2012,2020-06-17 09:30:03.200,2726.6000,6294,0,12267480.000,0,-,-,-,-,2721.6000,2721.4000,2720.2000,2719.0000,2718.0000,2726.4000,2726.6000,2728.0000,2728.4000,2733.0000,1,1,2,1,1,1,3,1,5,1
SF,IH2012,2020-06-17 09:30:03.700,2726.2000,6292,-2,13901880.000,2,0,2,双平,S,2721.6000,2721.4000,2720.2000,2719.0000,2718.0000,2726.2000,2726.4000,2728.0000,2728.4000,2733.0000,1,1,2,1,1,2,1,1,5,1
SF,IH2012,2020-06-17 09:30:04.200,2726.2000,6292,0,13901880.000,0,-,-,-,-,2722.0000,2721.6000,2721.4000,2720.2000,2719.0000,2726.0000,2728.0000,2728.4000,2733.0000,2742.0000,2,1,1,2,1,1,1,5,1,1
SF,IH2012,2020-06-17 09:30:04.700,2722.2000,6291,-1,14718540.000,1,0,1,双平,S,2722.2000,2722.0000,2721.4000,2720.2000,2719.0000,2726.0000,2728.0000,2732.2000,2733.0000,2742.0000,1,2,1,2,1,1,1,5,1,1
SF,IH2012,2020-06-17 09:30:05.200,2722.2000,6291,0,14718540.000,0,-,-,-,-,2723.4000,2722.4000,2722.2000,2721.4000,2720.2000,2726.0000,2728.0000,2732.2000,2733.0000,2742.0000,2,2,1,1,2,1,1,5,1,1
SF,IH2012,2020-06-17 09:30:05.700,2722.2000,6291,0,14718540.000,0,-,-,-,-,2723.6000,2723.4000,2722.4000,2721.4000,2720.2000,2726.0000,2728.0000,2732.2000,2733.0000,2742.0000,1,2,3,1,2,1,1,5,1,1
SF,IH2012,2020-06-17 09:30:06.200,2722.2000,6291,0,14718540.000,0,-,-,-,-,2723.8000,2723.6000,2723.4000,2722.4000,2721.4000,2728.0000,2732.2000,2733.0000,2742.0000,2750.0000,1,1,2,4,1,1,5,1,1,1
SF,IH2012,2020-06-17 09:30:06.700,2722.2000,6291,0,14718540.000,0,-,-,-,-,2724.0000,2723.8000,2723.4000,2722.4000,2721.4000,2728.0000,2732.2000,2733.0000,2742.0000,2750.0000,3,1,2,2,1,1,5,1,1,1
SF,IH2012,2020-06-17 09:30:07.200,2722.2000,6291,0,14718540.000,0,-,-,-,-,2724.2000,2724.0000,2723.4000,2723.0000,2722.4000,2728.0000,2732.2000,2733.0000,2742.0000,2750.0000,1,3,2,1,2,1,5,1,1,1
SF,IH2012,2020-06-17 09:30:07.700,2722.2000,6291,0,14718540.000,0,-,-,-,-,2724.4000,2724.2000,2724.0000,2723.4000,2723.0000,2728.0000,2732.2000,2733.0000,2742.0000,2750.0000,1,1,2,2,1,1,5,1,1,1
SF,IH2012,2020-06-17 09:30:08.200,2722.2000,6291,0,14718540.000,0,-,-,-,-,2724.6000,2724.4000,2723.4000,2723.0000,2722.4000,2728.0000,2732.2000,2733.0000,2742.0000,2750.0000,1,1,2,1,1,1,5,1,1,1
SF,IH2012,2020-06-17 09:30:08.700,2722.2000,6291,0,14718540.000,0,-,-,-,-,2725.0000,2724.8000,2724.6000,2723.4000,2723.0000,2728.0000,2732.2000,2733.0000,2742.0000,2750.0000,1,1,1,2,1,1,5,1,1,1
SF,IH2012,2020-06-17 09:30:09.200,2722.2000,6291,0,14718540.000,0,-,-,-,-,2725.2000,2725.0000,2723.4000,2723.0000,2722.2000,2727.6000,2728.0000,2732.2000,2733.0000,2742.0000,2,1,2,1,1,2,1,5,1,1
SF,IH2012,2020-06-17 09:30:09.700,2722.2000,6291,0,14718540.000,0,-,-,-,-,2725.2000,2723.4000,2723.0000,2722.2000,2722.0000,2727.6000,2728.0000,2732.2000,2733.0000,2742.0000,2,2,1,1,1,2,1,5,1,1
SF,IH2012,2020-06-17 09:30:10.200,2722.2000,6291,0,14718540.000,0,-,-,-,-,2725.2000,2723.4000,2723.0000,2722.2000,2722.0000,2727.4000,2727.6000,2728.0000,2732.2000,2733.0000,2,2,1,1,1,1,2,1,5,1
SF,IH2012,2020-06-17 09:30:10.700,2722.2000,6291,0,14718540.000,0,-,-,-,-,2725.2000,2723.4000,2723.0000,2722.2000,2722.0000,2727.0000,2727.4000,2728.0000,2732.2000,2733.0000,2,2,1,1,1,2,1,1,5,1
SF,IH2012,2020-06-17 09:30:11.200,2722.2000,6291,0,14718540.000,0,-,-,-,-,2725.2000,2723.4000,2723.0000,2722.2000,2722.0000,2727.0000,2727.2000,2727.4000,2728.0000,2732.2000,2,2,1,1,1,2,1,1,1,5
SF,IH2012,2020-06-17 09:30:11.700,2725.2000,6289,-2,16353660.000,2,0,2,双平,S,2723.4000,2723.0000,2722.2000,2722.0000,2721.4000,2726.8000,2727.0000,2727.4000,2728.0000,2732.2000,2,1,1,1,1,1,2,1,1,5
SF,IH2012,2020-06-17 09:30:12.200,2725.2000,6289,0,16353660.000,0,-,-,-,-,2723.6000,2723.4000,2723.0000,2722.2000,2722.0000,2725.2000,2726.4000,2726.8000,2727.4000,2728.0000,1,2,1,1,1,1,2,1,1,1
SF,IH2012,2020-06-17 09:30:12.700,2725.2000,6289,0,16353660.000,0,-,-,-,-,2723.6000,2723.4000,2722.2000,2722.0000,2721.4000,2725.2000,2726.4000,2726.8000,2727.4000,2728.0000,1,2,1,1,1,1,2,1,1,1
SF,IH2012,2020-06-17 09:30:13.200,2725.2000,6289,0,16353660.000,0,-,-,-,-,2723.6000,2723.4000,2722.2000,2722.0000,2721.4000,2725.2000,2726.4000,2726.8000,2727.4000,2728.0000,1,2,1,1,1,1,2,1,1,1
SF,IH2012,2020-06-17 09:30:13.700,2725.2000,6289,0,16353660.000,0,-,-,-,-,2723.6000,2723.4000,2722.2000,2722.0000,2721.4000,2725.0000,2725.2000,2726.4000,2726.8000,2727.4000,1,2,1,1,1,1,1,2,1,1
SF,IH2012,2020-06-17 09:30:14.200,2725.2000,6289,0,16353660.000,0,-,-,-,-,2723.6000,2723.4000,2722.2000,2722.0000,2721.4000,2725.0000,2725.2000,2726.4000,2726.8000,2727.4000,1,2,1,1,1,1,1,2,1,1
SF,IH2012,2020-06-17 09:30:14.700,2725.2000,6289,0,16353660.000,0,-,-,-,-,2723.6000,2723.4000,2722.2000,2722.0000,2721.4000,2724.8000,2725.0000,2725.2000,2726.8000,2727.4000,1,2,1,1,1,2,1,1,1,1
SF,IH2012,2020-06-17 09:30:15.200,2725.2000,6289,0,16353660.000,0,-,-,-,-,2723.6000,2723.4000,2722.2000,2722.0000,2721.4000,2725.0000,2725.2000,2726.8000,2727.4000,2728.0000,1,2,1,1,1,1,1,1,1,1
SF,IH2012,2020-06-17 09:30:15.700,2725.2000,6289,0,16353660.000,0,-,-,-,-,2723.6000,2723.4000,2723.0000,2722.2000,2722.0000,2725.0000,2725.2000,2726.8000,2727.4000,2728.0000,1,2,1,1,1,1,1,1,1,1
SF,IH2012,2020-06-17 09:30:17.200,2723.6000,6288,-1,17170740.000,1,0,1,双平,S,2723.4000,2723.0000,2722.2000,2722.0000,2721.4000,2725.0000,2725.2000,2726.8000,2727.4000,2728.0000,2,1,1,1,1,1,1,1,1,1
SF,IH2012,2020-06-17 09:30:17.700,2723.6000,6288,0,17170740.000,0,-,-,-,-,2723.4000,2723.0000,2722.2000,2722.0000,2721.4000,2725.0000,2725.2000,2726.8000,2727.4000,2728.0000,2,1,1,1,1,1,1,1,1,1
SF,IH2012,2020-06-17 09:30:18.200,2723.4000,6288,0,17987760.000,1,0,1,多换,S,2723.4000,2723.0000,2722.2000,2722.0000,2721.4000,2725.0000,2725.2000,2726.8000,2727.4000,2728.0000,1,1,1,1,1,1,1,1,1,1
SF,IH2012,2020-06-17 09:30:18.700,2723.4000,6288,0,17987760.000,0,-,-,-,-,2723.4000,2723.0000,2722.2000,2721.4000,2720.2000,2725.2000,2726.8000,2727.4000,2728.0000,2732.0000,1,1,1,1,2,1,1,1,1,6
SF,IH2012,2020-06-17 09:30:19.200,2723.4000,6288,0,17987760.000,0,-,-,-,-,2723.4000,2723.0000,2722.2000,2721.4000,2720.2000,2724.8000,2725.0000,2725.2000,2727.4000,2728.0000,1,1,1,1,2,2,1,1,1,1
SF,IH2012,2020-06-17 09:30:20.700,2723.4000,6287,-1,19621800.000,2,0,2,多平,S,2723.0000,2722.2000,2721.4000,2720.2000,2720.0000,2724.8000,2725.0000,2725.2000,2727.4000,2728.0000,1,1,1,2,1,2,1,1,1,1
SF,IH2012,2020-06-17 09:30:21.200,2723.4000,6287,0,19621800.000,0,-,-,-,-,2723.0000,2722.2000,2721.4000,2720.2000,2720.0000,2724.6000,2725.2000,2727.4000,2728.0000,2732.0000,1,1,1,2,1,1,1,1,1,6
SF,IH2012,2020-06-17 09:30:21.700,2724.6000,6287,0,20439180.000,1,0,1,多换,S,2723.0000,2722.2000,2721.4000,2720.2000,2720.0000,2725.2000,2727.4000,2728.0000,2732.0000,2732.2000,1,1,1,2,1,1,1,1,6,5
SF,IH2012,2020-06-17 09:30:22.200,2723.0000,6285,-2,22890000.000,3,0,3,多平,S,2722.2000,2721.4000,2720.2000,2720.0000,2719.0000,2725.0000,2725.2000,2727.4000,2728.0000,2732.0000,1,1,2,1,1,1,1,1,1,6
SF,IH2012,2020-06-17 09:30:22.700,2723.0000,6285,0,22890000.000,0,-,-,-,-,2724.0000,2722.2000,2721.4000,2720.2000,2720.0000,2724.8000,2725.0000,2725.2000,2727.4000,2728.0000,1,1,1,2,1,2,1,1,1,1
SF,IH2012,2020-06-17 09:30:23.200,2724.0000,6285,0,23707200.000,1,0,1,多换,S,2722.2000,2721.4000,2720.2000,2720.0000,2719.0000,2724.8000,2725.2000,2727.4000,2728.0000,2732.0000,1,1,2,1,1,2,1,1,1,6
SF,IH2012,2020-06-17 09:30:23.700,2724.0000,6285,0,23707200.000,0,-,-,-,-,2722.2000,2721.4000,2720.2000,2720.0000,2719.0000,2723.8000,2724.6000,2724.8000,2725.2000,2727.4000,1,1,2,1,1,2,1,2,1,1
SF,IH2012,2020-06-17 09:30:24.200,2724.0000,6285,0,23707200.000,0,-,-,-,-,2722.2000,2721.4000,2720.2000,2720.0000,2719.0000,2724.6000,2724.8000,2725.2000,2728.0000,2732.0000,1,1,2,1,1,1,2,1,1,6
SF,IH2012,2020-06-17 09:30:25.200,2724.0000,6285,0,23707200.000,0,-,-,-,-,2722.2000,2721.4000,2720.2000,2720.0000,2719.0000,2724.2000,2724.6000,2725.2000,2728.0000,2732.0000,1,1,2,1,1,2,1,1,1,6
SF,IH2012,2020-06-17 09:30:25.700,2724.0000,6285,0,23707200.000,0,-,-,-,-,2722.2000,2721.4000,2720.2000,2720.0000,2719.0000,2724.0000,2724.4000,2725.2000,2728.0000,2732.0000,1,1,2,1,1,1,1,1,1,6
SF,IH2012,2020-06-17 09:30:26.200,2724.0000,6285,0,23707200.000,0,-,-,-,-,2723.6000,2722.2000,2721.4000,2720.2000,2720.0000,2724.0000,2724.4000,2725.2000,2728.0000,2732.0000,1,1,1,2,1,1,1,1,1,6
SF,IH2012,2020-06-17 09:30:26.700,2724.0000,6285,0,23707200.000,0,-,-,-,-,2724.0000,2723.6000,2722.2000,2721.4000,2720.2000,2724.4000,2725.2000,2728.0000,2732.0000,2732.2000,1,1,1,1,2,1,1,1,6,5
SF,IH2012,2020-06-17 09:30:27.700,2724.0000,6285,0,23707200.000,0,-,-,-,-,2723.6000,2722.2000,2721.4000,2720.2000,2720.0000,2724.4000,2725.2000,2728.0000,2732.0000,2732.2000,1,1,1,2,1,1,1,1,6,5
SF,IH2012,2020-06-17 09:30:28.200,2724.0000,6285,0,23707200.000,0,-,-,-,-,2723.6000,2722.2000,2721.4000,2720.2000,2720.0000,2724.4000,2725.2000,2728.0000,2732.0000,2732.2000,1,2,1,2,1,1,1,1,6,5
SF,IH2012,2020-06-17 09:30:30.700,2723.6000,6285,0,24524280.000,1,0,1,多换,S,2722.2000,2721.4000,2720.2000,2720.0000,2719.0000,2723.6000,2724.4000,2725.2000,2728.0000,2732.0000,2,1,2,1,1,1,1,1,1,6
SF,IH2012,2020-06-17 09:30:31.200,2723.6000,6285,0,24524280.000,0,-,-,-,-,2722.2000,2721.4000,2720.2000,2720.0000,2719.0000,2723.6000,2724.0000,2724.4000,2725.2000,2728.0000,2,1,2,1,1,1,2,1,1,1
SF,IH2012,2020-06-17 09:30:31.700,2723.6000,6285,0,24524280.000,0,-,-,-,-,2722.2000,2721.4000,2720.2000,2720.0000,2719.0000,2723.6000,2724.0000,2725.2000,2728.0000,2732.0000,2,1,2,1,1,2,2,1,1,6
SF,IH2012,2020-06-17 09:30:32.200,2723.6000,6285,0,24524280.000,0,-,-,-,-,2722.2000,2721.4000,2720.2000,2720.0000,2719.0000,2723.6000,2724.0000,2725.2000,2728.0000,2732.0000,1,1,2,1,1,2,2,1,1,6
SF,IH2012,2020-06-17 09:30:32.700,2723.6000,6285,0,24524280.000,0,-,-,-,-,2722.2000,2721.4000,2720.2000,2720.0000,2719.0000,2723.6000,2725.2000,2728.0000,2729.2000,2732.0000,1,1,2,1,1,2,1,1,1,6
SF,IH2012,2020-06-17 09:30:33.200,2723.6000,6285,0,24524280.000,0,-,-,-,-,2722.2000,2721.4000,2720.2000,2720.0000,2719.0000,2723.4000,2723.6000,2725.2000,2728.0000,2729.2000,1,1,2,1,1,1,2,1,1,1
SF,IH2012,2020-06-17 09:30:33.700,2723.6000,6285,0,24524280.000,0,-,-,-,-,2722.2000,2721.4000,2720.2000,2720.0000,2719.0000,2723.4000,2723.6000,2725.2000,2728.0000,2729.2000,1,1,2,1,1,1,2,1,1,1
SF,IH2012,2020-06-17 09:30:34.200,2723.4000,6284,-1,25341300.000,1,0,1,双平,S,2722.2000,2721.4000,2720.2000,2720.0000,2719.0000,2723.6000,2725.2000,2728.0000,2729.2000,2732.0000,1,1,2,1,1,2,1,1,1,6
SF,IH2012,2020-06-17 09:30:35.200,2723.4000,6284,0,25341300.000,0,-,-,-,-,2722.2000,2721.4000,2720.2000,2720.0000,2719.0000,2723.4000,2723.6000,2724.2000,2725.2000,2728.0000,1,1,2,1,1,1,2,1,1,1
SF,IH2012,2020-06-17 09:30:35.700,2723.4000,6284,0,25341300.000,0,-,-,-,-,2722.2000,2721.4000,2720.2000,2720.0000,2719.0000,2723.4000,2723.6000,2725.2000,2728.0000,2729.2000,1,1,2,1,1,1,2,1,1,1
SF,IH2012,2020-06-17 09:30:36.700,2722.2000,6283,-1,26157960.000,1,0,1,双平,S,2721.4000,2720.2000,2720.0000,2719.0000,2713.2000,2722.2000,2723.4000,2723.6000,2725.2000,2728.0000,1,2,1,1,5,1,1,2,1,1
SF,IH2012,2020-06-17 09:30:37.200,2722.2000,6283,0,26157960.000,0,-,-,-,-,2721.4000,2720.2000,2720.0000,2719.0000,2713.2000,2722.2000,2723.6000,2728.0000,2729.2000,2732.0000,1,2,1,1,5,1,2,1,1,6
SF,IH2012,2020-06-17 09:30:37.700,2722.2000,6283,0,26157960.000,0,-,-,-,-,2721.4000,2720.2000,2720.0000,2719.0000,2713.2000,2722.2000,2723.6000,2728.0000,2729.2000,2732.0000,1,2,1,1,5,1,2,1,1,6
SF,IH2012,2020-06-17 09:30:38.200,2722.2000,6283,0,26157960.000,0,-,-,-,-,2720.2000,2720.0000,2719.0000,2713.2000,2712.0000,2722.2000,2723.6000,2728.0000,2729.2000,2732.0000,2,1,1,5,1,1,2,1,1,6
SF,IH2012,2020-06-17 09:30:38.700,2722.2000,6283,0,26157960.000,0,-,-,-,-,2720.2000,2720.0000,2719.0000,2713.2000,2712.0000,2722.0000,2722.2000,2723.6000,2728.0000,2729.2000,2,1,1,5,1,2,1,2,1,1
SF,IH2012,2020-06-17 09:30:39.200,2722.2000,6283,0,26157960.000,0,-,-,-,-,2720.2000,2720.0000,2719.0000,2713.2000,2712.0000,2722.0000,2722.2000,2723.6000,2728.0000,2729.2000,2,1,1,5,1,2,1,2,1,1
SF,IH2012,2020-06-17 09:30:43.700,2722.0000,6281,-2,27791160.000,2,0,2,双平,S,2720.2000,2720.0000,2719.0000,2713.2000,2712.0000,2722.2000,2723.6000,2728.0000,2729.2000,2732.0000,2,1,1,5,1,1,2,1,1,6
SF,IH2012,2020-06-17 09:30:44.200,2722.0000,6281,0,27791160.000,0,-,-,-,-,2720.4000,2720.2000,2720.0000,2719.0000,2713.2000,2722.2000,2723.6000,2728.0000,2729.2000,2732.0000,1,2,1,1,5,1,2,1,1,6
SF,IH2012,2020-06-17 09:30:44.700,2722.0000,6281,0,27791160.000,0,-,-,-,-,2720.4000,2720.2000,2720.0000,2719.0000,2713.2000,2722.2000,2723.6000,2728.0000,2729.2000,2732.0000,1,2,1,1,5,1,2,1,1,6
SF,IH2012,2020-06-17 09:30:45.200,2722.0000,6281,0,27791160.000,0,-,-,-,-,2720.4000,2720.2000,2720.0000,2719.0000,2713.2000,2722.2000,2723.6000,2728.0000,2729.2000,2732.0000,1,2,1,1,5,1,2,1,1,6
SF,IH2012,2020-06-17 09:30:45.700,2722.0000,6281,0,27791160.000,0,-,-,-,-,2720.4000,2720.2000,2720.0000,2719.0000,2713.2000,2722.2000,2723.6000,2728.0000,2729.2000,2732.0000,2,2,1,1,5,1,2,1,1,6
SF,IH2012,2020-06-17 09:30:46.200,2722.0000,6281,0,27791160.000,0,-,-,-,-,2720.4000,2720.2000,2720.0000,2719.0000,2713.2000,2722.2000,2723.6000,2728.0000,2729.2000,2732.0000,2,2,1,1,5,1,2,1,1,6
SF,IH2012,2020-06-17 09:30:46.700,2722.0000,6281,0,27791160.000,0,-,-,-,-,2720.4000,2720.2000,2720.0000,2719.0000,2713.2000,2722.2000,2723.6000,2728.0000,2729.2000,2732.0000,2,2,1,1,5,1,2,1,1,6
SF,IH2012,2020-06-17 09:30:47.200,2722.0000,6281,0,27791160.000,0,-,-,-,-,2720.4000,2720.2000,2720.0000,2719.0000,2713.2000,2722.2000,2723.6000,2728.0000,2729.2000,2732.0000,2,2,1,1,5,1,2,1,1,6
SF,IH2012,2020-06-17 09:30:47.700,2722.0000,6281,0,27791160.000,0,-,-,-,-,2720.4000,2720.2000,2720.0000,2719.0000,2713.2000,2722.2000,2723.6000,2728.0000,2729.2000,2732.0000,2,2,1,1,5,1,2,1,1,6
SF,IH2012,2020-06-17 09:30:48.200,2720.6000,6281,0,28607340.000,1,0,1,多换,S,2720.4000,2720.2000,2720.0000,2719.0000,2713.2000,2723.6000,2728.0000,2729.2000,2732.0000,2732.2000,2,2,1,1,5,2,1,1,6,5
SF,IH2012,2020-06-17 09:30:49.700,2720.6000,6281,0,28607340.000,0,-,-,-,-,2720.6000,2720.4000,2720.2000,2720.0000,2719.0000,2723.6000,2728.0000,2729.2000,2732.0000,2732.2000,2,2,2,1,1,2,1,1,6,5
SF,IH2012,2020-06-17 09:30:50.200,2720.6000,6281,0,29423520.000,1,0,1,多换,S,2720.6000,2720.4000,2720.2000,2720.0000,2719.0000,2723.4000,2723.6000,2728.0000,2729.2000,2732.0000,2,1,2,1,1,1,2,1,1,6
SF,IH2012,2020-06-17 09:30:50.700,2720.6000,6281,0,29423520.000,0,-,-,-,-,2720.8000,2720.4000,2720.2000,2720.0000,2719.0000,2723.4000,2723.6000,2728.0000,2729.2000,2732.0000,1,1,2,1,1,1,2,1,1,6
SF,IH2012,2020-06-17 09:30:51.700,2720.6000,6281,0,29423520.000,0,-,-,-,-,2720.8000,2720.4000,2720.2000,2720.0000,2719.8000,2723.4000,2723.6000,2728.0000,2729.2000,2732.0000,1,1,2,1,1,1,2,1,1,6
SF,IH2012,2020-06-17 09:30:53.200,2720.6000,6281,0,29423520.000,0,-,-,-,-,2720.8000,2720.6000,2720.4000,2720.2000,2720.0000,2723.4000,2723.6000,2728.0000,2729.2000,2732.0000,1,1,1,2,1,1,2,1,1,6
SF,IH2012,2020-06-17 09:30:54.200,2720.6000,6281,0,29423520.000,0,-,-,-,-,2722.0000,2720.8000,2720.6000,2720.4000,2720.2000,2723.4000,2723.6000,2728.0000,2729.2000,2732.0000,1,1,1,1,2,1,2,1,1,6
SF,IH2012,2020-06-17 09:30:55.200,2722.0000,6280,-1,30240120.000,1,0,1,双平,S,2720.8000,2720.6000,2720.4000,2720.2000,2720.0000,2722.0000,2723.4000,2723.6000,2728.0000,2729.2000,1,1,1,2,1,5,1,2,1,1
SF,IH2012,2020-06-17 09:30:55.700,2722.0000,6279,-1,31056720.000,1,0,1,双平,S,2720.8000,2720.6000,2720.4000,2720.2000,2720.0000,2722.0000,2723.4000,2723.6000,2728.0000,2729.2000,2,1,1,2,1,4,1,2,1,1
SF,IH2012,2020-06-17 09:30:56.200,2721.0000,6278,-1,31873020.000,1,0,1,双平,S,2721.0000,2720.8000,2720.6000,2720.4000,2720.2000,2722.0000,2723.4000,2723.6000,2728.0000,2729.2000,2,2,1,1,2,4,1,2,1,1
SF,IH2012,2020-06-17 09:30:56.700,2722.0000,6274,-4,35955720.000,5,0,5,多平,S,2721.0000,2720.8000,2720.6000,2720.4000,2720.2000,2723.4000,2723.6000,2728.0000,2729.2000,2729.8000,2,2,1,1,2,1,2,1,1,1
SF,IH2012,2020-06-17 09:30:57.200,2722.0000,6274,0,35955720.000,0,-,-,-,-,2720.8000,2720.6000,2720.4000,2720.2000,2720.0000,2723.4000,2723.6000,2728.0000,2729.2000,2729.8000,1,1,1,2,1,1,2,1,1,1
SF,IH2012,2020-06-17 09:30:57.700,2722.0000,6274,0,35955720.000,0,-,-,-,-,2721.2000,2720.8000,2720.6000,2720.4000,2720.2000,2723.4000,2723.6000,2728.0000,2729.2000,2729.8000,1,1,1,1,2,1,2,1,1,1
SF,IH2012,2020-06-17 09:30:58.200,2722.0000,6274,0,35955720.000,0,-,-,-,-,2721.2000,2721.0000,2720.8000,2720.6000,2720.4000,2723.4000,2723.6000,2728.0000,2729.2000,2729.8000,1,1,1,1,1,1,2,1,1,1
SF,IH2012,2020-06-17 09:30:59.200,2720.8000,6271,-3,38404620.000,3,0,3,双平,S,2720.6000,2720.4000,2720.2000,2720.0000,2719.8000,2720.8000,2723.4000,2723.6000,2728.0000,2729.2000,1,1,2,1,1,3,1,2,1,1
SF,IH2012,2020-06-17 09:30:59.700,2720.8000,6269,-2,40853340.000,3,0,3,多平,S,2721.0000,2720.8000,2720.6000,2720.4000,2720.2000,2723.4000,2723.6000,2728.0000,2729.2000,2729.8000,1,2,1,1,2,1,1,1,1,1
SF,IH2012,2020-06-17 09:31:00.700,2720.8000,6269,0,40853340.000,0,-,-,-,-,2721.0000,2720.6000,2720.4000,2720.2000,2720.0000,2723.4000,2723.6000,2728.0000,2729.2000,2729.8000,1,1,1,2,1,1,1,1,1,1
SF,IH2012,2020-06-17 09:31:02.200,2720.8000,6269,0,40853340.000,0,-,-,-,-,2721.2000,2721.0000,2720.6000,2720.4000,2720.2000,2723.4000,2723.6000,2728.0000,2729.2000,2729.8000,1,1,1,1,2,1,1,1,1,1
SF,IH2012,2020-06-17 09:31:02.700,2720.8000,6269,0,40853340.000,0,-,-,-,-,2721.4000,2721.2000,2721.0000,2720.6000,2720.4000,2723.4000,2723.6000,2728.0000,2729.2000,2729.8000,1,2,1,1,1,1,1,1,1,1
SF,IH2012,2020-06-17 09:31:03.700,2720.8000,6269,0,40853340.000,0,-,-,-,-,2721.6000,2721.4000,2721.2000,2721.0000,2720.6000,2723.4000,2723.6000,2728.0000,2729.2000,2729.8000,1,1,1,1,1,1,1,1,1,1
SF,IH2012,2020-06-17 09:31:04.200,2721.2000,6266,-3,43302420.000,3,0,3,双平,S,2721.0000,2720.6000,2720.4000,2720.2000,2720.0000,2723.4000,2723.6000,2728.0000,2729.2000,2729.8000,1,1,1,2,1,1,1,1,1,1
SF,IH2012,2020-06-17 09:31:04.700,2721.2000,6266,0,43302420.000,0,-,-,-,-,2721.4000,2721.0000,2720.6000,2720.4000,2720.2000,2723.4000,2723.6000,2728.0000,2729.2000,2729.8000,2,1,1,1,2,1,1,1,1,1
SF,IH2012,2020-06-17 09:31:05.700,2721.2000,6266,0,43302420.000,0,-,-,-,-,2721.4000,2721.0000,2720.6000,2720.4000,2720.2000,2723.4000,2723.6000,2728.0000,2729.2000,2729.8000,2,1,1,1,2,1,1,1,1,1
SF,IH2012,2020-06-17 09:31:06.200,2723.4000,6265,-1,44119440.000,1,0,1,双平,S,2723.4000,2721.6000,2721.4000,2721.0000,2720.6000,2723.6000,2728.0000,2729.2000,2729.8000,2732.0000,3,1,2,1,1,1,1,1,1,6
SF,IH2012,2020-06-17 09:31:06.700,2723.4000,6262,-3,46570500.000,3,0,3,双平,S,2721.6000,2721.4000,2721.0000,2720.6000,2720.4000,2723.6000,2728.0000,2729.2000,2729.8000,2732.0000,2,2,1,1,1,1,1,1,1,6
SF,IH2012,2020-06-17 09:31:07.200,2723.4000,6262,0,46570500.000,0,-,-,-,-,2722.0000,2721.8000,2721.6000,2721.0000,2720.6000,2723.6000,2728.0000,2729.2000,2729.8000,2732.0000,2,1,2,1,1,1,1,1,1,6
SF,IH2012,2020-06-17 09:31:07.700,2723.6000,6262,0,47387580.000,1,0,1,多换,S,2722.0000,2721.8000,2721.6000,2721.0000,2720.6000,2728.0000,2729.2000,2729.8000,2732.0000,2732.2000,2,1,1,1,1,1,1,1,6,5
SF,IH2012,2020-06-17 09:31:08.200,2722.2000,6261,-1,48204240.000,1,0,1,双平,S,2721.0000,2720.6000,2720.4000,2720.2000,2720.0000,2722.0000,2727.6000,2727.8000,2728.0000,2729.2000,1,1,1,2,1,2,2,1,1,1
SF,IH2012,2020-06-17 09:31:08.700,2722.2000,6259,-2,49837560.000,2,0,2,双平,S,2722.4000,2722.2000,2721.2000,2720.6000,2720.4000,2727.6000,2727.8000,2728.0000,2729.2000,2729.8000,1,1,1,1,1,2,1,1,1,1
SF,IH2012,2020-06-17 09:31:09.200,2722.2000,6259,0,49837560.000,0,-,-,-,-,2722.4000,2722.2000,2721.2000,2720.6000,2720.4000,2727.2000,2727.4000,2727.6000,2728.0000,2729.2000,1,1,1,1,1,2,1,2,1,1
SF,IH2012,2020-06-17 09:31:09.700,2722.2000,6259,0,49837560.000,0,-,-,-,-,2722.6000,2722.4000,2722.2000,2721.2000,2720.6000,2725.0000,2727.0000,2727.2000,2727.6000,2728.0000,1,1,1,1,1,1,1,2,2,1
SF,IH2012,2020-06-17 09:31:10.200,2722.2000,6259,0,49837560.000,0,-,-,-,-,2723.6000,2722.4000,2722.2000,2721.2000,2720.6000,2724.8000,2725.0000,2726.0000,2727.2000,2727.6000,1,1,1,1,1,1,1,2,2,2
SF,IH2012,2020-06-17 09:31:10.700,2722.4000,6257,-2,51471360.000,2,0,2,双平,S,2722.2000,2721.2000,2720.6000,2720.4000,2720.2000,2722.4000,2723.4000,2725.0000,2726.0000,2727.2000,1,1,1,1,2,2,1,1,2,2
SF,IH2012,2020-06-17 09:31:11.200,2722.4000,6255,-2,53104800.000,2,0,2,双平,S,2722.6000,2722.2000,2721.2000,2720.6000,2720.4000,2723.4000,2725.0000,2726.0000,2727.2000,2727.6000,2,1,1,1,1,1,1,2,2,2
SF,IH2012,2020-06-17 09:31:11.700,2722.6000,6253,-2,54738600.000,2,0,2,双平,S,2721.2000,2720.6000,2720.4000,2720.2000,2720.0000,2725.0000,2726.0000,2727.2000,2727.6000,2728.0000,1,1,1,2,1,1,2,2,2,1
SF,IH2012,2020-06-17 09:31:12.200,2722.6000,6253,0,54738600.000,0,-,-,-,-,2721.2000,2720.6000,2720.4000,2720.2000,2720.0000,2724.8000,2725.0000,2726.0000,2727.2000,2727.6000,1,1,1,2,1,1,1,2,2,2
SF,IH2012,2020-06-17 09:31:12.700,2722.6000,6253,0,54738600.000,0,-,-,-,-,2722.2000,2722.0000,2721.2000,2720.6000,2720.4000,2724.8000,2725.0000,2726.0000,2727.2000,2727.6000,1,1,1,1,1,1,1,2,2,2
SF,IH2012,2020-06-17 09:31:13.200,2722.6000,6253,0,54738600.000,0,-,-,-,-,2722.0000,2721.2000,2720.6000,2720.4000,2720.2000,2724.4000,2724.8000,2726.0000,2727.2000,2727.6000,1,1,1,1,2,1,1,1,2,2
SF,IH2012,2020-06-17 09:31:13.700,2722.6000,6253,0,54738600.000,0,-,-,-,-,2721.2000,2720.6000,2720.4000,2720.2000,2720.0000,2724.2000,2724.4000,2726.0000,2727.2000,2727.6000,1,1,1,2,1,2,1,1,2,2
SF,IH2012,2020-06-17 09:31:14.700,2722.6000,6253,0,54738600.000,0,-,-,-,-,2721.6000,2721.4000,2721.2000,2720.6000,2720.4000,2724.2000,2724.4000,2726.0000,2727.2000,2727.6000,1,1,1,1,1,2,1,1,2,2
SF,IH2012,2020-06-17 09:31:15.200,2721.2000,6251,-2,57187860.000,3,0,3,多平,S,2720.6000,2720.4000,2720.2000,2720.0000,2719.8000,2724.2000,2724.4000,2726.0000,2727.2000,2727.6000,1,1,2,1,1,2,1,1,2,2
SF,IH2012,2020-06-17 09:31:15.700,2721.2000,6251,0,57187860.000,0,-,-,-,-,2720.6000,2720.4000,2720.2000,2720.0000,2719.8000,2724.2000,2724.4000,2726.0000,2727.2000,2727.6000,1,1,2,1,1,2,1,1,2,2
SF,IH2012,2020-06-17 09:31:17.200,2721.2000,6251,0,57187860.000,0,-,-,-,-,2720.8000,2720.6000,2720.4000,2720.2000,2720.0000,2724.2000,2724.4000,2726.0000,2727.2000,2727.6000,1,1,1,2,1,2,1,1,2,2
SF,IH2012,2020-06-17 09:31:17.700,2721.2000,6251,0,57187860.000,0,-,-,-,-,2721.2000,2720.8000,2720.6000,2720.4000,2720.2000,2724.2000,2724.4000,2726.0000,2727.2000,2727.6000,1,1,1,1,2,2,1,1,2,2
SF,IH2012,2020-06-17 09:31:18.200,2721.2000,6251,0,57187860.000,0,-,-,-,-,2721.4000,2721.2000,2720.6000,2720.4000,2720.2000,2724.2000,2724.4000,2726.0000,2727.2000,2727.6000,1,1,1,1,2,2,1,1,2,2
SF,IH2012,2020-06-17 09:31:18.700,2721.2000,6251,0,57187860.000,0,-,-,-,-,2721.4000,2721.2000,2720.6000,2720.4000,2720.2000,2724.2000,2726.0000,2727.2000,2727.6000,2729.2000,1,1,1,1,2,2,1,2,2,1
SF,IH2012,2020-06-17 09:31:19.700,2721.2000,6251,0,57187860.000,0,-,-,-,-,2721.2000,2720.6000,2720.4000,2720.2000,2720.0000,2723.8000,2724.2000,2727.2000,2727.6000,2729.2000,1,1,1,2,1,1,2,2,2,1
SF,IH2012,2020-06-17 09:31:20.200,2721.2000,6251,0,58004220.000,1,0,1,多换,S,2720.6000,2720.4000,2720.2000,2720.0000,2719.8000,2721.4000,2723.6000,2723.8000,2724.2000,2727.2000,1,1,2,1,1,1,1,2,1,2
SF,IH2012,2020-06-17 09:31:20.700,2721.4000,6250,-1,58820640.000,1,0,1,双平,S,2720.6000,2720.4000,2720.2000,2720.0000,2719.8000,2723.6000,2723.8000,2724.2000,2727.2000,2727.6000,1,1,2,1,1,1,2,1,2,2
SF,IH2012,2020-06-17 09:31:21.200,2721.4000,6250,0,58820640.000,0,-,-,-,-,2720.6000,2720.4000,2720.2000,2720.0000,2719.8000,2723.6000,2723.8000,2724.2000,2727.2000,2727.6000,1,1,2,1,1,1,1,1,2,2
SF,IH2012,2020-06-17 09:31:21.700,2721.4000,6250,0,58820640.000,0,-,-,-,-,2720.6000,2720.4000,2720.2000,2720.0000,2719.8000,2722.8000,2723.6000,2724.2000,2727.2000,2727.6000,1,1,2,1,1,1,1,1,2,2
SF,IH2012,2020-06-17 09:31:22.200,2721.4000,6250,0,58820640.000,0,-,-,-,-,2720.6000,2720.4000,2720.2000,2720.0000,2719.8000,2722.6000,2722.8000,2723.0000,2727.2000,2727.6000,1,1,2,1,1,1,1,1,2,2
SF,IH2012,2020-06-17 09:31:22.700,2721.4000,6250,0,58820640.000,0,-,-,-,-,2720.6000,2720.4000,2720.2000,2720.0000,2719.8000,2722.6000,2723.0000,2727.2000,2727.6000,2729.2000,1,1,2,1,1,1,1,2,2,1
SF,IH2012,2020-06-17 09:31:24.200,2721.4000,6250,0,58820640.000,0,-,-,-,-,2720.6000,2720.4000,2720.2000,2720.0000,2719.8000,2722.4000,2722.6000,2723.0000,2727.2000,2727.6000,1,1,2,1,1,1,1,1,2,2
SF,IH2012,2020-06-17 09:31:24.700,2721.4000,6250,0,58820640.000,0,-,-,-,-,2720.6000,2720.4000,2720.2000,2720.0000,2719.8000,2722.2000,2723.0000,2727.2000,2727.6000,2729.2000,1,1,2,1,1,1,1,2,2,1
SF,IH2012,2020-06-17 09:31:25.200,2721.4000,6250,0,58820640.000,0,-,-,-,-,2720.6000,2720.4000,2720.2000,2720.0000,2719.8000,2722.2000,2723.0000,2727.2000,2727.6000,2727.8000,1,1,2,1,1,1,1,2,2,1
SF,IH2012,2020-06-17 09:31:25.700,2721.4000,6250,0,58820640.000,0,-,-,-,-,2720.6000,2720.4000,2720.2000,2720.0000,2719.8000,2722.2000,2723.0000,2727.2000,2727.6000,2727.8000,1,1,2,1,1,1,1,2,2,1
SF,IH2012,2020-06-17 09:31:27.700,2721.4000,6250,0,58820640.000,0,-,-,-,-,2720.6000,2720.4000,2720.2000,2720.0000,2719.8000,2722.2000,2723.0000,2727.2000,2727.6000,2727.8000,1,1,2,1,1,1,1,2,2,1
SF,IH2012,2020-06-17 09:31:29.200,2721.4000,6250,0,58820640.000,0,-,-,-,-,2720.6000,2720.4000,2720.2000,2720.0000,2719.8000,2722.2000,2723.0000,2723.6000,2727.2000,2727.6000,1,1,2,1,1,1,1,1,2,2
SF,IH2012,2020-06-17 09:31:30.200,2720.6000,6251,1,59636820.000,1,1,0,双开,S,2720.4000,2720.2000,2720.0000,2719.8000,2719.0000,2722.2000,2723.0000,2723.6000,2727.2000,2727.6000,1,2,1,1,1,1,1,1,2,2
SF,IH2012,2020-06-17 09:31:31.200,2720.6000,6251,0,59636820.000,0,-,-,-,-,2720.4000,2720.2000,2720.0000,2719.8000,2719.0000,2721.4000,2722.2000,2723.0000,2723.6000,2727.2000,1,2,1,1,1,1,1,1,1,2
SF,IH2012,2020-06-17 09:31:35.200,2720.6000,6251,0,59636820.000,0,-,-,-,-,2720.4000,2720.2000,2720.0000,2719.8000,2719.0000,2721.4000,2722.2000,2723.0000,2723.6000,2727.2000,1,2,1,1,1,1,1,1,1,2
SF,IH2012,2020-06-17 09:31:35.700,2720.6000,6251,0,59636820.000,0,-,-,-,-,2720.4000,2720.2000,2720.0000,2719.8000,2719.0000,2721.4000,2722.2000,2723.6000,2727.2000,2727.6000,1,2,1,1,1,1,1,1,2,2
SF,IH2012,2020-06-17 09:31:36.200,2720.6000,6251,0,59636820.000,0,-,-,-,-,2720.4000,2720.2000,2720.0000,2719.8000,2719.0000,2721.4000,2722.2000,2723.6000,2727.2000,2727.6000,1,2,2,1,1,1,1,1,2,2
SF,IH2012,2020-06-17 09:31:37.700,2720.6000,6251,0,59636820.000,0,-,-,-,-,2720.4000,2720.2000,2720.0000,2719.8000,2719.0000,2722.2000,2723.6000,2727.2000,2727.6000,2727.8000,1,2,2,1,1,1,1,2,2,2
SF,IH2012,2020-06-17 09:31:39.700,2720.6000,6251,0,59636820.000,0,-,-,-,-,2720.4000,2720.2000,2720.0000,2719.8000,2719.0000,2721.6000,2722.2000,2723.6000,2727.2000,2727.6000,1,2,2,1,1,1,1,1,2,2
SF,IH2012,2020-06-17 09:31:41.700,2720.6000,6251,0,59636820.000,0,-,-,-,-,2720.4000,2720.2000,2720.0000,2719.8000,2719.0000,2722.2000,2727.2000,2727.6000,2727.8000,2729.2000,1,2,2,1,1,1,2,2,2,1
SF,IH2012,2020-06-17 09:31:42.700,2720.6000,6251,0,59636820.000,0,-,-,-,-,2720.4000,2720.2000,2720.0000,2719.8000,2719.0000,2722.0000,2722.2000,2727.2000,2727.6000,2727.8000,1,2,2,1,1,1,1,2,2,2
SF,IH2012,2020-06-17 09:31:47.200,2720.6000,6251,0,59636820.000,0,-,-,-,-,2720.4000,2720.2000,2720.0000,2719.8000,2719.0000,2722.0000,2722.2000,2727.2000,2727.6000,2727.8000,1,2,2,1,1,1,1,2,2,2
SF,IH2012,2020-06-17 09:31:48.700,2720.6000,6251,0,59636820.000,0,-,-,-,-,2720.6000,2720.4000,2720.2000,2720.0000,2719.8000,2722.0000,2722.2000,2727.2000,2727.6000,2727.8000,1,1,2,2,1,1,1,2,2,2
SF,IH2012,2020-06-17 09:31:49.200,2720.6000,6251,0,60453000.000,1,0,1,多换,S,2720.4000,2720.2000,2720.0000,2719.8000,2719.0000,2722.0000,2722.2000,2727.2000,2727.6000,2727.8000,1,2,2,1,1,1,1,2,2,2
SF,IH2012,2020-06-17 09:31:49.700,2720.4000,6251,0,61269120.000,1,0,1,多换,S,2720.2000,2720.0000,2719.8000,2719.0000,2717.6000,2722.0000,2722.2000,2727.2000,2727.6000,2727.8000,2,2,1,1,1,1,1,2,2,2
SF,IH2012,2020-06-17 09:31:50.200,2720.2000,6251,0,62085180.000,1,0,1,多换,S,2720.2000,2720.0000,2719.8000,2719.0000,2717.6000,2720.4000,2721.8000,2722.0000,2727.2000,2727.6000,1,2,1,1,1,1,1,1,2,2
SF,IH2012,2020-06-17 09:31:50.700,2720.4000,6251,0,62901300.000,1,0,1,多换,S,2720.2000,2720.0000,2719.8000,2719.0000,2717.6000,2721.8000,2722.0000,2727.2000,2727.6000,2727.8000,1,2,1,1,1,1,1,2,2,2
SF,IH2012,2020-06-17 09:31:51.700,2720.4000,6251,0,62901300.000,0,-,-,-,-,2720.2000,2720.0000,2719.8000,2719.0000,2717.6000,2721.8000,2727.2000,2727.6000,2727.8000,2729.2000,1,2,1,1,1,1,2,2,2,1
SF,IH2012,2020-06-17 09:31:52.200,2720.4000,6251,0,62901300.000,0,-,-,-,-,2720.2000,2720.0000,2719.8000,2719.0000,2717.6000,2721.6000,2721.8000,2727.2000,2727.6000,2727.8000,1,2,1,1,1,1,1,2,2,2
SF,IH2012,2020-06-17 09:31:52.700,2720.4000,6251,0,62901300.000,0,-,-,-,-,2720.2000,2720.0000,2719.8000,2719.0000,2717.6000,2721.6000,2721.8000,2727.2000,2727.6000,2727.8000,1,2,1,1,1,2,1,2,2,2
SF,IH2012,2020-06-17 09:31:53.700,2720.4000,6251,0,62901300.000,0,-,-,-,-,2720.2000,2720.0000,2719.8000,2719.0000,2717.6000,2721.4000,2721.6000,2721.8000,2727.2000,2727.6000,1,2,1,1,1,1,1,1,2,2
SF,IH2012,2020-06-17 09:31:54.200,2720.2000,6252,1,63717360.000,1,1,0,双开,S,2720.0000,2719.8000,2719.0000,2717.6000,2713.2000,2721.4000,2721.6000,2721.8000,2727.2000,2727.6000,2,1,1,1,5,1,1,1,2,2
SF,IH2012,2020-06-17 09:31:57.700,2720.2000,6252,0,63717360.000,0,-,-,-,-,2720.0000,2719.8000,2719.0000,2717.6000,2713.2000,2721.2000,2721.4000,2721.8000,2727.2000,2727.6000,2,1,1,1,5,1,1,1,2,2
SF,IH2012,2020-06-17 09:31:58.200,2720.0000,6251,-1,64533360.000,1,0,1,双平,S,2720.0000,2719.8000,2719.0000,2717.6000,2713.2000,2721.2000,2721.4000,2721.8000,2727.2000,2727.6000,1,1,1,1,5,1,1,1,2,2
SF,IH2012,2020-06-17 09:31:58.700,2720.0000,6251,0,65349360.000,1,0,1,多换,S,2719.8000,2719.0000,2717.6000,2713.2000,2712.0000,2721.2000,2721.4000,2721.8000,2727.2000,2727.6000,1,1,1,5,1,1,1,1,2,2
SF,IH2012,2020-06-17 09:32:00.700,2720.0000,6251,0,65349360.000,0,-,-,-,-,2719.8000,2719.0000,2717.6000,2713.2000,2712.0000,2721.2000,2721.8000,2727.2000,2727.6000,2727.8000,1,1,1,5,1,1,1,2,2,2
SF,IH2012,2020-06-17 09:32:01.200,2719.8000,6251,0,66165300.000,1,0,1,多换,S,2719.0000,2717.6000,2713.2000,2713.0000,2712.0000,2721.2000,2721.8000,2727.2000,2727.6000,2727.8000,1,1,5,1,1,1,1,2,2,2
SF,IH2012,2020-06-17 09:32:01.700,2719.8000,6251,0,66165300.000,0,-,-,-,-,2719.0000,2717.6000,2713.2000,2713.0000,2712.0000,2721.0000,2721.2000,2727.2000,2727.6000,2727.8000,1,1,5,1,1,1,1,2,2,2
SF,IH2012,2020-06-17 09:32:02.200,2719.8000,6251,0,66165300.000,0,-,-,-,-,2719.0000,2717.6000,2713.2000,2713.0000,2712.0000,2719.8000,2721.0000,2721.2000,2727.2000,2727.6000,1,1,5,1,1,1,1,1,2,2
SF,IH2012,2020-06-17 09:32:02.700,2719.8000,6252,1,66981240.000,1,1,0,双开,S,2719.0000,2717.6000,2713.2000,2713.0000,2712.0000,2721.0000,2721.2000,2727.2000,2727.6000,2727.8000,1,1,5,1,1,1,1,2,2,2
SF,IH2012,2020-06-17 09:32:03.200,2719.8000,6252,0,66981240.000,0,-,-,-,-,2719.0000,2717.6000,2713.2000,2713.0000,2712.0000,2721.0000,2721.2000,2727.2000,2727.6000,2727.8000,1,1,5,1,1,1,1,2,2,2
SF,IH2012,2020-06-17 09:32:04.700,2719.8000,6252,0,66981240.000,0,-,-,-,-,2719.0000,2717.6000,2713.2000,2713.0000,2712.0000,2720.8000,2721.0000,2721.2000,2727.2000,2727.6000,1,1,5,1,1,1,1,1,2,2
SF,IH2012,2020-06-17 09:32:05.200,2719.8000,6252,0,66981240.000,0,-,-,-,-,2719.0000,2717.6000,2713.2000,2713.0000,2712.0000,2720.6000,2720.8000,2721.2000,2727.2000,2727.6000,1,1,5,1,1,1,1,1,2,2
SF,IH2012,2020-06-17 09:32:06.200,2719.8000,6252,0,66981240.000,0,-,-,-,-,2719.0000,2717.6000,2713.2000,2713.0000,2712.0000,2720.6000,2721.2000,2727.2000,2727.6000,2727.8000,1,1,5,1,1,1,1,2,2,2
SF,IH2012,2020-06-17 09:32:07.700,2719.8000,6252,0,66981240.000,0,-,-,-,-,2719.0000,2717.6000,2713.2000,2713.0000,2712.0000,2720.6000,2721.2000,2724.6000,2727.2000,2727.6000,1,1,5,1,1,1,1,5,2,2
SF,IH2012,2020-06-17 09:32:08.700,2719.8000,6252,0,66981240.000,0,-,-,-,-,2719.0000,2717.6000,2713.2000,2713.0000,2712.0000,2720.6000,2721.2000,2727.2000,2727.6000,2727.8000,1,1,5,1,1,1,1,2,2,2
SF,IH2012,2020-06-17 09:32:13.700,2719.8000,6252,0,66981240.000,0,-,-,-,-,2719.0000,2717.6000,2713.2000,2713.0000,2712.0000,2720.6000,2721.2000,2727.2000,2727.6000,2727.8000,1,1,5,1,1,1,1,2,2,2
SF,IH2012,2020-06-17 09:32:17.200,2719.8000,6252,0,66981240.000,0,-,-,-,-,2719.0000,2717.6000,2713.2000,2713.0000,2712.0000,2720.4000,2720.6000,2721.2000,2727.2000,2727.6000,1,1,5,1,1,1,1,1,2,2
SF,IH2012,2020-06-17 09:32:18.700,2719.8000,6252,0,66981240.000,0,-,-,-,-,2719.0000,2717.6000,2713.2000,2713.0000,2712.0000,2720.4000,2720.6000,2723.8000,2727.2000,2727.6000,1,1,5,1,1,1,1,3,2,2
SF,IH2012,2020-06-17 09:32:21.700,2719.8000,6252,0,66981240.000,0,-,-,-,-,2719.4000,2719.0000,2717.6000,2713.2000,2713.0000,2720.4000,2720.6000,2723.8000,2727.2000,2727.6000,1,1,1,5,1,1,1,3,2,2
SF,IH2012,2020-06-17 09:32:22.200,2719.8000,6252,0,66981240.000,0,-,-,-,-,2719.4000,2719.0000,2717.6000,2713.2000,2713.0000,2720.4000,2723.8000,2727.2000,2727.6000,2727.8000,1,1,1,5,1,1,3,2,2,2
SF,IH2012,2020-06-17 09:32:26.200,2719.8000,6252,0,66981240.000,0,-,-,-,-,2719.4000,2719.0000,2717.6000,2717.0000,2713.2000,2720.4000,2723.8000,2727.2000,2727.6000,2727.8000,1,1,1,1,5,1,3,2,2,2
SF,IH2012,2020-06-17 09:32:26.700,2720.4000,6251,-1,67797360.000,1,0,1,双平,S,2720.6000,2719.4000,2719.0000,2717.6000,2717.0000,2723.8000,2727.2000,2727.6000,2727.8000,2728.4000,1,1,1,1,1,3,2,2,2,5
SF,IH2012,2020-06-17 09:32:27.200,2720.4000,6251,0,67797360.000,0,-,-,-,-,2720.6000,2719.4000,2719.0000,2717.6000,2717.0000,2723.6000,2723.8000,2727.2000,2727.6000,2727.8000,1,1,1,1,1,1,3,2,2,2
SF,IH2012,2020-06-17 09:32:27.700,2720.4000,6251,0,67797360.000,0,-,-,-,-,2720.6000,2719.4000,2719.0000,2717.6000,2717.0000,2723.6000,2723.8000,2727.2000,2727.6000,2727.8000,1,1,1,1,1,1,3,2,2,2
SF,IH2012,2020-06-17 09:32:28.200,2720.4000,6251,0,67797360.000,0,-,-,-,-,2720.6000,2719.4000,2719.0000,2717.6000,2717.0000,2723.6000,2727.2000,2727.6000,2727.8000,2728.4000,1,1,1,1,1,1,2,2,2,5
SF,IH2012,2020-06-17 09:32:28.700,2720.4000,6251,0,67797360.000,0,-,-,-,-,2720.6000,2719.4000,2719.0000,2717.6000,2717.0000,2723.2000,2723.6000,2727.2000,2727.6000,2727.8000,1,1,1,1,1,1,1,2,2,2
SF,IH2012,2020-06-17 09:32:29.200,2720.4000,6251,0,67797360.000,0,-,-,-,-,2720.6000,2719.4000,2719.0000,2717.6000,2717.0000,2723.0000,2723.2000,2727.2000,2727.6000,2727.8000,1,1,1,1,1,1,1,2,2,2
SF,IH2012,2020-06-17 09:32:31.200,2720.4000,6251,0,67797360.000,0,-,-,-,-,2720.6000,2720.4000,2719.4000,2719.0000,2717.6000,2723.0000,2723.2000,2727.2000,2727.6000,2727.8000,1,1,1,1,1,1,1,2,2,2
SF,IH2012,2020-06-17 09:32:33.700,2720.4000,6251,0,67797360.000,0,-,-,-,-,2720.6000,2720.4000,2719.4000,2719.0000,2717.6000,2723.0000,2726.0000,2727.2000,2727.6000,2727.8000,1,1,1,1,1,1,3,2,2,2
SF,IH2012,2020-06-17 09:32:35.700,2720.4000,6251,0,67797360.000,0,-,-,-,-,2720.6000,2720.4000,2719.4000,2719.0000,2717.6000,2722.8000,2723.0000,2727.2000,2727.6000,2727.8000,1,1,1,1,1,1,1,2,2,2
SF,IH2012,2020-06-17 09:32:36.200,2720.4000,6251,0,67797360.000,0,-,-,-,-,2720.6000,2720.4000,2719.4000,2719.0000,2717.6000,2722.6000,2722.8000,2727.2000,2727.6000,2727.8000,1,1,1,1,1,1,1,2,2,2
SF,IH2012,2020-06-17 09:32:37.200,2720.4000,6251,0,67797360.000,0,-,-,-,-,2720.6000,2720.4000,2719.4000,2719.0000,2717.6000,2722.6000,2722.8000,2727.2000,2727.6000,2727.8000,1,1,1,1,1,1,1,2,2,2
SF,IH2012,2020-06-17 09:32:37.700,2720.4000,6251,0,67797360.000,0,-,-,-,-,2720.6000,2720.4000,2719.4000,2719.0000,2717.6000,2722.6000,2722.8000,2727.2000,2727.6000,2727.8000,1,1,1,4,1,1,1,2,2,2
SF,IH2012,2020-06-17 09:32:40.700,2720.4000,6251,0,67797360.000,0,-,-,-,-,2720.6000,2720.4000,2719.4000,2719.0000,2717.6000,2722.4000,2722.6000,2725.4000,2727.2000,2727.6000,1,1,1,4,1,1,1,3,2,2
SF,IH2012,2020-06-17 09:32:41.200,2720.4000,6251,0,67797360.000,0,-,-,-,-,2720.6000,2720.4000,2719.4000,2719.0000,2717.6000,2722.2000,2722.4000,2725.4000,2727.2000,2727.6000,1,1,1,4,1,1,1,3,2,2
SF,IH2012,2020-06-17 09:32:44.200,2720.4000,6251,0,67797360.000,0,-,-,-,-,2720.6000,2720.4000,2719.4000,2719.0000,2717.6000,2722.2000,2725.4000,2727.2000,2727.6000,2727.8000,1,1,1,4,1,1,3,2,2,2
SF,IH2012,2020-06-17 09:32:45.200,2720.4000,6251,0,67797360.000,0,-,-,-,-,2720.6000,2720.4000,2720.0000,2719.4000,2719.0000,2722.2000,2725.4000,2727.2000,2727.6000,2727.8000,1,1,3,1,1,1,3,2,2,2
SF,IH2012,2020-06-17 09:32:45.700,2720.4000,6251,0,67797360.000,0,-,-,-,-,2720.6000,2720.4000,2720.0000,2719.4000,2719.0000,2722.2000,2725.4000,2727.2000,2727.6000,2727.8000,1,1,3,1,2,1,3,2,2,2
SF,IH2012,2020-06-17 09:32:49.700,2722.2000,6250,-1,69430200.000,2,0,2,多平,S,2722.2000,2720.4000,2720.0000,2719.4000,2719.0000,2725.4000,2727.2000,2727.6000,2727.8000,2728.4000,1,1,3,1,2,3,2,2,2,5
SF,IH2012,2020-06-17 09:32:50.200,2722.2000,6249,-1,70246860.000,1,0,1,双平,S,2720.4000,2720.0000,2719.4000,2719.0000,2717.6000,2725.2000,2725.4000,2727.2000,2727.6000,2727.8000,1,3,1,1,1,1,3,2,2,2
SF,IH2012,2020-06-17 09:32:50.700,2722.2000,6249,0,70246860.000,0,-,-,-,-,2720.6000,2720.4000,2720.0000,2719.4000,2719.0000,2725.4000,2727.2000,2727.6000,2727.8000,2728.4000,1,1,3,1,1,3,2,2,2,5
SF,IH2012,2020-06-17 09:32:51.200,2722.2000,6249,0,70246860.000,0,-,-,-,-,2720.6000,2720.4000,2720.0000,2719.4000,2719.0000,2725.0000,2725.4000,2727.2000,2727.6000,2727.8000,1,1,3,1,1,1,3,2,2,2
SF,IH2012,2020-06-17 09:32:51.700,2722.2000,6249,0,70246860.000,0,-,-,-,-,2720.6000,2720.4000,2720.0000,2719.4000,2719.0000,2724.2000,2724.4000,2725.0000,2725.2000,2727.8000,1,1,3,1,1,3,1,1,4,2
SF,IH2012,2020-06-17 09:32:52.200,2722.2000,6249,0,70246860.000,0,-,-,-,-,2720.6000,2720.4000,2720.0000,2719.4000,2719.0000,2721.0000,2724.2000,2724.4000,2725.0000,2725.2000,1,1,3,1,1,1,3,1,1,4
SF,IH2012,2020-06-17 09:32:52.700,2721.0000,6249,0,71063160.000,1,0,1,多换,S,2721.2000,2720.4000,2720.0000,2719.4000,2719.0000,2724.2000,2725.0000,2725.2000,2727.8000,2728.4000,2,1,3,1,1,3,1,4,2,5
SF,IH2012,2020-06-17 09:32:53.200,2721.0000,6249,0,71063160.000,0,-,-,-,-,2721.4000,2721.2000,2720.4000,2720.0000,2719.4000,2724.2000,2725.0000,2725.2000,2727.8000,2728.4000,1,2,1,3,1,3,1,4,2,5
SF,IH2012,2020-06-17 09:32:53.700,2721.0000,6249,0,71063160.000,0,-,-,-,-,2721.4000,2721.2000,2720.4000,2720.0000,2719.4000,2723.8000,2724.2000,2725.0000,2725.2000,2727.8000,1,2,1,3,1,1,3,1,4,2
SF,IH2012,2020-06-17 09:32:54.200,2721.0000,6249,0,71063160.000,0,-,-,-,-,2721.4000,2721.2000,2720.4000,2720.0000,2719.4000,2723.8000,2724.0000,2724.2000,2725.2000,2727.8000,1,2,1,3,1,1,1,3,4,2
SF,IH2012,2020-06-17 09:32:54.700,2721.0000,6249,0,71063160.000,0,-,-,-,-,2721.4000,2721.2000,2720.4000,2720.0000,2719.4000,2723.8000,2724.0000,2724.2000,2725.2000,2727.8000,1,2,1,3,1,1,1,3,4,2
SF,IH2012,2020-06-17 09:32:55.200,2721.0000,6249,0,71063160.000,0,-,-,-,-,2721.4000,2721.2000,2721.0000,2720.4000,2720.0000,2723.0000,2723.8000,2724.0000,2724.2000,2725.2000,1,2,1,1,3,1,1,1,3,4
SF,IH2012,2020-06-17 09:32:55.700,2721.4000,6248,-1,71879580.000,1,0,1,双平,S,2721.2000,2721.0000,2720.4000,2720.0000,2719.4000,2723.0000,2723.6000,2723.8000,2724.2000,2725.2000,2,1,1,3,1,1,1,1,3,4
SF,IH2012,2020-06-17 09:32:56.200,2721.0000,6247,-1,72695880.000,1,0,1,双平,S,2720.4000,2720.0000,2719.4000,2719.0000,2717.6000,2721.2000,2722.8000,2723.0000,2723.6000,2723.8000,1,3,1,1,1,1,1,1,1,1
SF,IH2012,2020-06-17 09:32:56.700,2721.0000,6247,0,72695880.000,0,-,-,-,-,2720.4000,2720.0000,2719.4000,2719.0000,2717.6000,2721.2000,2722.8000,2723.0000,2723.2000,2723.6000,1,3,1,1,1,1,1,1,1,1
SF,IH2012,2020-06-17 09:32:58.200,2721.0000,6247,0,72695880.000,0,-,-,-,-,2720.4000,2719.4000,2719.0000,2717.6000,2717.0000,2721.2000,2722.8000,2723.0000,2723.2000,2723.6000,1,1,1,1,1,1,1,1,1,1
SF,IH2012,2020-06-17 09:32:58.700,2721.0000,6247,0,72695880.000,0,-,-,-,-,2721.0000,2720.4000,2719.4000,2719.0000,2717.6000,2721.2000,2722.8000,2723.0000,2723.2000,2723.6000,3,1,1,1,1,1,1,1,1,1
SF,IH2012,2020-06-17 09:32:59.200,2721.0000,6244,-3,75144780.000,3,0,3,双平,S,2720.4000,2719.4000,2719.0000,2717.6000,2717.0000,2721.2000,2722.8000,2723.0000,2723.2000,2723.6000,1,1,1,1,1,1,1,1,1,1
SF,IH2012,2020-06-17 09:32:59.700,2721.0000,6244,0,75144780.000,0,-,-,-,-,2720.4000,2719.4000,2719.0000,2717.6000,2717.0000,2721.0000,2721.2000,2722.8000,2723.0000,2723.2000,1,1,1,1,1,1,1,1,1,1
SF,IH2012,2020-06-17 09:33:00.700,2720.4000,6244,0,75960900.000,1,0,1,多换,S,2719.4000,2719.0000,2717.6000,2717.0000,2713.2000,2720.4000,2721.0000,2721.2000,2722.8000,2723.0000,1,1,1,1,5,1,1,1,1,1
SF,IH2012,2020-06-17 09:33:01.200,2720.4000,6244,0,75960900.000,0,-,-,-,-,2719.4000,2719.0000,2717.6000,2717.0000,2713.2000,2721.0000,2721.2000,2722.8000,2723.0000,2723.6000,1,1,1,1,5,1,1,1,1,1
SF,IH2012,2020-06-17 09:33:01.700,2720.4000,6244,0,75960900.000,0,-,-,-,-,2719.4000,2719.0000,2717.6000,2717.0000,2713.2000,2721.0000,2721.2000,2722.2000,2722.8000,2723.6000,1,1,1,1,5,1,1,1,1,1
SF,IH2012,2020-06-17 09:33:06.200,2720.4000,6244,0,75960900.000,0,-,-,-,-,2719.4000,2719.0000,2717.6000,2717.0000,2713.2000,2720.8000,2721.0000,2721.2000,2722.2000,2722.8000,1,1,1,1,5,1,1,1,1,1
SF,IH2012,2020-06-17 09:33:06.700,2720.4000,6244,0,75960900.000,0,-,-,-,-,2719.4000,2719.0000,2717.6000,2717.0000,2713.2000,2720.6000,2720.8000,2721.0000,2721.2000,2722.2000,1,1,1,1,5,1,1,1,1,1
SF,IH2012,2020-06-17 09:33:07.200,2719.4000,6243,-1,76776720.000,1,0,1,双平,S,2719.0000,2717.6000,2717.0000,2713.2000,2713.0000,2720.6000,2720.8000,2721.0000,2721.2000,2722.2000,1,1,1,5,1,1,1,1,1,1
SF,IH2012,2020-06-17 09:33:07.700,2719.4000,6243,0,76776720.000,0,-,-,-,-,2719.0000,2717.6000,2717.0000,2713.2000,2713.0000,2720.6000,2720.8000,2721.0000,2721.2000,2722.2000,1,1,1,5,1,1,1,1,1,1
SF,IH2012,2020-06-17 09:33:08.700,2719.4000,6243,0,76776720.000,0,-,-,-,-,2719.0000,2717.6000,2717.0000,2713.2000,2713.0000,2720.6000,2721.0000,2721.2000,2722.2000,2722.8000,1,1,1,5,1,1,1,1,1,1
SF,IH2012,2020-06-17 09:33:09.200,2719.4000,6243,0,76776720.000,0,-,-,-,-,2719.0000,2717.6000,2717.0000,2713.2000,2713.0000,2720.6000,2721.0000,2721.2000,2722.2000,2722.8000,1,1,1,5,1,1,1,1,1,1
SF,IH2012,2020-06-17 09:33:09.700,2719.4000,6243,0,76776720.000,0,-,-,-,-,2719.0000,2717.6000,2717.0000,2713.0000,2712.0000,2720.4000,2720.6000,2721.0000,2721.2000,2722.2000,1,1,1,1,1,1,1,1,1,1
SF,IH2012,2020-06-17 09:33:10.200,2719.4000,6243,0,76776720.000,0,-,-,-,-,2719.0000,2717.6000,2717.0000,2713.0000,2712.0000,2720.4000,2720.6000,2721.0000,2721.2000,2722.2000,1,1,1,1,1,1,1,1,1,1
SF,IH2012,2020-06-17 09:33:10.700,2719.4000,6243,0,76776720.000,0,-,-,-,-,2719.0000,2717.6000,2717.0000,2713.0000,2712.0000,2720.4000,2720.6000,2721.0000,2721.2000,2722.2000,1,1,1,1,1,1,1,1,1,1
SF,IH2012,2020-06-17 09:33:22.200,2719.4000,6243,0,76776720.000,0,-,-,-,-,2719.0000,2717.6000,2717.0000,2713.0000,2712.0000,2720.4000,2720.6000,2721.0000,2721.2000,2722.2000,1,1,1,1,1,1,1,1,1,1
SF,IH2012,2020-06-17 09:33:22.700,2719.4000,6243,0,76776720.000,0,-,-,-,-,2719.0000,2717.6000,2717.0000,2713.0000,2712.0000,2720.4000,2721.0000,2721.2000,2722.2000,2722.8000,1,1,1,1,1,1,1,1,1,1
SF,IH2012,2020-06-17 09:33:27.700,2719.4000,6243,0,76776720.000,0,-,-,-,-,2719.2000,2719.0000,2717.6000,2717.0000,2713.0000,2720.4000,2721.0000,2721.2000,2722.2000,2722.8000,2,1,1,1,1,1,1,1,1,1
SF,IH2012,2020-06-17 09:33:28.700,2719.2000,6243,0,77592480.000,1,0,1,多换,S,2719.2000,2719.0000,2717.6000,2717.0000,2713.0000,2720.4000,2721.0000,2721.2000,2722.2000,2722.8000,1,1,1,1,1,1,1,1,1,1
SF,IH2012,2020-06-17 09:33:30.200,2720.4000,6243,0,78408600.000,1,0,1,多换,S,2720.4000,2719.2000,2719.0000,2717.6000,2717.0000,2721.0000,2721.2000,2722.2000,2722.8000,2724.2000,1,1,1,1,1,1,1,1,1,3
SF,IH2012,2020-06-17 09:33:30.700,2720.4000,6242,-1,79224720.000,1,0,1,双平,S,2719.2000,2719.0000,2717.6000,2717.0000,2713.0000,2721.0000,2721.2000,2722.2000,2722.8000,2724.2000,1,2,1,1,1,1,1,1,1,3
SF,IH2012,2020-06-17 09:33:31.200,2720.4000,6242,0,79224720.000,0,-,-,-,-,2720.6000,2719.4000,2719.2000,2719.0000,2717.8000,2720.8000,2721.0000,2721.2000,2722.2000,2724.2000,3,1,1,2,1,1,1,1,1,3
SF,IH2012,2020-06-17 09:33:31.700,2720.8000,6241,-1,80857200.000,2,0,2,多平,S,2720.6000,2719.4000,2719.2000,2719.0000,2717.6000,2721.0000,2721.2000,2722.2000,2724.2000,2725.2000,3,1,1,2,1,1,1,1,3,4
SF,IH2012,2020-06-17 09:33:32.200,2720.8000,6241,0,80857200.000,0,-,-,-,-,2721.0000,2720.6000,2719.4000,2719.2000,2719.0000,2721.2000,2722.2000,2724.2000,2725.2000,2727.8000,1,3,1,1,2,1,1,3,4,2
SF,IH2012,2020-06-17 09:33:32.700,2721.0000,6240,-1,81673500.000,1,0,1,双平,S,2720.6000,2720.2000,2719.4000,2719.2000,2719.0000,2722.2000,2723.0000,2724.2000,2725.2000,2727.8000,3,1,1,1,2,1,1,3,4,2
SF,IH2012,2020-06-17 09:33:33.200,2721.0000,6240,0,81673500.000,0,-,-,-,-,2720.6000,2720.2000,2719.6000,2719.2000,2719.0000,2722.2000,2723.0000,2723.6000,2724.2000,2725.2000,3,1,1,1,2,1,1,1,3,4
SF,IH2012,2020-06-17 09:33:35.200,2721.0000,6240,0,81673500.000,0,-,-,-,-,2720.6000,2720.2000,2719.6000,2719.2000,2719.0000,2722.2000,2723.0000,2723.6000,2724.2000,2725.2000,3,1,1,1,2,1,1,1,3,4
SF,IH2012,2020-06-17 09:33:40.200,2721.0000,6240,0,81673500.000,0,-,-,-,-,2720.6000,2720.2000,2720.0000,2719.6000,2719.2000,2722.2000,2723.0000,2723.6000,2724.2000,2725.2000,3,1,1,1,1,1,1,1,3,4
SF,IH2012,2020-06-17 09:33:44.700,2721.0000,6240,0,81673500.000,0,-,-,-,-,2720.6000,2720.2000,2720.0000,2719.6000,2719.2000,2722.0000,2722.2000,2723.0000,2723.6000,2724.2000,3,1,1,1,1,1,1,1,1,3
SF,IH2012,2020-06-17 09:33:45.200,2720.6000,6239,-1,82489680.000,1,0,1,双平,S,2720.6000,2720.2000,2720.0000,2719.6000,2719.2000,2722.0000,2722.2000,2723.0000,2723.6000,2724.2000,2,1,1,1,1,1,1,1,1,3
SF,IH2012,2020-06-17 09:33:45.700,2720.6000,6238,-1,83305860.000,1,0,1,双平,S,2720.6000,2720.2000,2720.0000,2719.6000,2719.2000,2722.0000,2722.2000,2723.0000,2723.6000,2724.2000,1,1,1,1,1,1,1,1,1,3
SF,IH2012,2020-06-17 09:33:46.700,2720.6000,6238,0,83305860.000,0,-,-,-,-,2720.6000,2720.2000,2720.0000,2719.6000,2719.2000,2721.8000,2722.0000,2722.2000,2723.0000,2723.6000,1,1,1,1,1,1,1,1,1,1
SF,IH2012,2020-06-17 09:33:48.700,2720.6000,6238,0,83305860.000,0,-,-,-,-,2720.6000,2720.2000,2720.0000,2719.6000,2719.2000,2722.2000,2723.0000,2723.6000,2725.2000,2727.8000,1,1,1,1,1,1,1,1,4,2
SF,IH2012,2020-06-17 09:33:49.700,2720.6000,6238,0,83305860.000,0,-,-,-,-,2720.6000,2720.2000,2720.0000,2719.6000,2719.2000,2722.2000,2723.0000,2723.6000,2724.0000,2725.2000,1,1,1,1,1,1,1,1,3,4
SF,IH2012,2020-06-17 09:33:51.700,2720.6000,6238,0,83305860.000,0,-,-,-,-,2720.6000,2720.2000,2720.0000,2719.6000,2719.2000,2722.0000,2722.2000,2723.0000,2723.6000,2724.0000,1,1,1,1,1,1,1,1,1,3
SF,IH2012,2020-06-17 09:33:54.700,2720.6000,6238,0,83305860.000,0,-,-,-,-,2720.6000,2720.2000,2720.0000,2719.6000,2719.2000,2722.0000,2722.2000,2723.0000,2723.6000,2724.0000,1,1,1,1,1,1,1,1,1,3
SF,IH2012,2020-06-17 09:34:02.700,2720.6000,6238,0,83305860.000,0,-,-,-,-,2720.6000,2720.2000,2720.0000,2719.6000,2719.2000,2721.8000,2722.0000,2722.2000,2723.0000,2723.6000,1,1,1,1,1,1,1,1,1,1
SF,IH2012,2020-06-17 09:34:03.700,2720.6000,6237,-1,84122040.000,1,0,1,双平,S,2720.2000,2720.0000,2719.6000,2719.2000,2719.0000,2721.8000,2722.0000,2722.2000,2723.0000,2723.6000,1,1,1,1,2,1,1,1,1,1
SF,IH2012,2020-06-17 09:34:04.700,2720.6000,6237,0,84122040.000,0,-,-,-,-,2720.2000,2720.0000,2719.6000,2719.2000,2719.0000,2721.8000,2722.0000,2722.2000,2723.0000,2723.6000,1,1,1,1,2,1,2,1,1,1
SF,IH2012,2020-06-17 09:34:05.200,2720.6000,6237,0,84122040.000,0,-,-,-,-,2720.2000,2720.0000,2719.6000,2719.2000,2719.0000,2721.6000,2721.8000,2722.0000,2722.2000,2723.0000,1,1,1,1,2,2,1,1,1,1
SF,IH2012,2020-06-17 09:34:05.700,2720.6000,6237,0,84122040.000,0,-,-,-,-,2720.2000,2720.0000,2719.6000,2719.2000,2719.0000,2721.8000,2722.0000,2722.2000,2723.0000,2723.6000,1,1,1,1,2,1,1,1,1,1
SF,IH2012,2020-06-17 09:34:07.200,2720.6000,6237,0,84122040.000,0,-,-,-,-,2720.2000,2720.0000,2719.6000,2719.2000,2719.0000,2721.4000,2721.8000,2722.0000,2722.2000,2723.0000,1,1,1,1,2,2,1,1,1,1
SF,IH2012,2020-06-17 09:34:08.700,2720.6000,6237,0,84122040.000,0,-,-,-,-,2720.2000,2720.0000,2719.6000,2719.2000,2719.0000,2722.0000,2722.2000,2723.0000,2723.6000,2724.0000,1,1,1,1,2,1,1,1,1,3
SF,IH2012,2020-06-17 09:34:09.200,2720.6000,6237,0,84122040.000,0,-,-,-,-,2720.2000,2720.0000,2719.6000,2719.2000,2719.0000,2721.8000,2722.0000,2722.2000,2723.0000,2723.6000,1,1,1,1,2,1,1,1,1,1
SF,IH2012,2020-06-17 09:34:09.700,2720.6000,6237,0,84122040.000,0,-,-,-,-,2720.2000,2720.0000,2719.6000,2719.2000,2719.0000,2721.8000,2722.0000,2722.2000,2723.0000,2723.6000,1,1,1,1,2,1,1,1,1,1
SF,IH2012,2020-06-17 09:34:10.200,2720.6000,6237,0,84122040.000,0,-,-,-,-,2720.2000,2720.0000,2719.6000,2719.2000,2719.0000,2721.8000,2722.0000,2722.2000,2723.0000,2723.6000,1,1,1,1,2,1,1,1,1,1
SF,IH2012,2020-06-17 09:34:10.700,2720.6000,6237,0,84122040.000,0,-,-,-,-,2720.0000,2719.6000,2719.2000,2719.0000,2717.6000,2720.2000,2721.6000,2721.8000,2722.0000,2722.2000,1,1,1,2,1,1,1,1,1,1
SF,IH2012,2020-06-17 09:34:11.200,2720.2000,6236,-1,84938100.000,1,0,1,双平,S,2720.6000,2720.0000,2719.6000,2719.2000,2719.0000,2721.0000,2721.6000,2721.8000,2722.0000,2722.2000,1,1,1,1,2,1,1,1,1,1
SF,IH2012,2020-06-17 09:34:11.700,2720.0000,6236,0,86570280.000,2,1,1,多换,S,2719.6000,2719.2000,2719.0000,2717.6000,2717.0000,2719.8000,2720.6000,2721.0000,2721.6000,2722.0000,1,1,2,1,1,1,1,1,1,1
SF,IH2012,2020-06-17 09:34:12.200,2719.8000,6235,-1,87386220.000,1,0,1,双平,S,2720.2000,2719.8000,2719.6000,2719.2000,2719.0000,2720.6000,2721.0000,2721.6000,2722.0000,2725.2000,1,1,1,1,2,1,1,1,1,4
SF,IH2012,2020-06-17 09:34:12.700,2720.2000,6235,0,88202280.000,1,0,1,多换,S,2720.0000,2719.8000,2719.6000,2719.2000,2719.0000,2720.2000,2721.6000,2722.0000,2725.2000,2727.8000,2,1,1,1,2,1,1,1,4,2
SF,IH2012,2020-06-17 09:34:13.200,2720.2000,6234,-1,89018340.000,1,0,1,双平,S,2720.0000,2719.8000,2719.6000,2719.2000,2719.0000,2721.4000,2721.6000,2722.0000,2725.2000,2727.8000,2,1,1,1,2,1,1,1,4,2
SF,IH2012,2020-06-17 09:34:13.700,2720.0000,6233,-1,90650340.000,2,0,2,多平,S,2719.8000,2719.6000,2719.2000,2719.0000,2718.4000,2721.4000,2721.6000,2722.0000,2725.2000,2727.8000,1,1,1,2,1,1,1,1,4,2
SF,IH2012,2020-06-17 09:34:14.700,2720.0000,6233,0,90650340.000,0,-,-,-,-,2719.8000,2719.6000,2719.2000,2719.0000,2718.4000,2721.4000,2722.0000,2725.2000,2727.8000,2728.4000,1,1,1,2,1,1,1,4,2,5
SF,IH2012,2020-06-17 09:34:15.200,2720.0000,6233,0,90650340.000,0,-,-,-,-,2719.8000,2719.6000,2719.2000,2719.0000,2718.4000,2721.2000,2721.8000,2722.0000,2725.2000,2727.8000,1,1,1,2,1,2,1,1,4,2
SF,IH2012,2020-06-17 09:34:16.700,2720.0000,6233,0,90650340.000,0,-,-,-,-,2719.8000,2719.6000,2719.2000,2719.0000,2718.4000,2720.8000,2721.2000,2721.8000,2722.0000,2725.2000,1,1,1,2,1,1,2,1,1,4
SF,IH2012,2020-06-17 09:34:17.200,2720.0000,6233,0,90650340.000,0,-,-,-,-,2719.8000,2719.6000,2719.2000,2719.0000,2718.4000,2720.6000,2720.8000,2721.2000,2722.0000,2725.2000,1,1,1,2,1,1,1,1,1,4
SF,IH2012,2020-06-17 09:34:18.200,2720.0000,6233,0,90650340.000,0,-,-,-,-,2719.8000,2719.6000,2719.2000,2719.0000,2718.4000,2720.6000,2721.2000,2722.0000,2725.2000,2727.8000,1,1,1,2,1,1,1,1,4,2
SF,IH2012,2020-06-17 09:34:18.700,2720.0000,6233,0,90650340.000,0,-,-,-,-,2719.8000,2719.6000,2719.2000,2719.0000,2718.4000,2721.0000,2721.2000,2722.0000,2725.2000,2727.8000,1,1,1,2,1,1,1,1,4,2
SF,IH2012,2020-06-17 09:34:19.700,2719.8000,6233,0,91466280.000,1,0,1,多换,S,2719.6000,2719.2000,2719.0000,2718.4000,2717.6000,2721.0000,2721.2000,2722.0000,2725.2000,2727.8000,1,1,2,1,1,1,1,1,4,2
SF,IH2012,2020-06-17 09:34:21.700,2719.8000,6233,0,91466280.000,0,-,-,-,-,2719.2000,2719.0000,2718.4000,2717.6000,2717.0000,2721.0000,2721.2000,2722.0000,2725.2000,2727.8000,1,2,1,1,1,1,1,1,4,2
SF,IH2012,2020-06-17 09:34:22.200,2719.8000,6233,0,91466280.000,0,-,-,-,-,2719.2000,2719.0000,2718.4000,2717.6000,2717.0000,2720.8000,2721.0000,2721.2000,2722.0000,2725.2000,1,2,1,1,1,1,1,1,1,4
SF,IH2012,2020-06-17 09:34:25.200,2719.8000,6233,0,91466280.000,0,-,-,-,-,2719.2000,2719.0000,2718.4000,2717.6000,2717.0000,2720.8000,2721.0000,2722.0000,2725.2000,2727.8000,1,2,1,1,1,1,1,1,4,2
SF,IH2012,2020-06-17 09:34:26.200,2719.8000,6233,0,91466280.000,0,-,-,-,-,2719.2000,2719.0000,2718.4000,2717.6000,2717.0000,2720.6000,2720.8000,2721.0000,2722.0000,2725.2000,1,2,1,1,1,1,1,1,1,4
SF,IH2012,2020-06-17 09:34:32.700,2719.8000,6233,0,91466280.000,0,-,-,-,-,2719.2000,2719.0000,2718.4000,2717.6000,2717.0000,2720.8000,2721.0000,2722.0000,2725.2000,2727.8000,1,2,1,1,1,1,1,1,4,2
SF,IH2012,2020-06-17 09:34:38.200,2719.8000,6233,0,91466280.000,0,-,-,-,-,2719.2000,2719.0000,2718.4000,2717.6000,2717.0000,2720.6000,2720.8000,2721.0000,2722.0000,2725.2000,1,2,1,1,1,1,1,1,1,4
SF,IH2012,2020-06-17 09:34:56.700,2720.6000,6233,0,92282460.000,1,0,1,多换,S,2720.6000,2719.2000,2719.0000,2718.4000,2717.6000,2720.8000,2721.0000,2722.0000,2725.2000,2727.8000,1,1,2,1,1,1,1,1,4,2
SF,IH2012,2020-06-17 09:34:57.200,2720.6000,6232,-1,93914880.000,2,0,2,多平,S,2719.2000,2719.0000,2718.4000,2717.6000,2717.0000,2722.0000,2725.2000,2727.8000,2728.4000,2729.2000,1,2,1,1,1,1,4,2,5,1
SF,IH2012,2020-06-17 09:34:57.700,2720.6000,6232,0,93914880.000,0,-,-,-,-,2719.4000,2719.2000,2719.0000,2718.4000,2717.6000,2722.0000,2725.2000,2727.8000,2728.4000,2729.2000,1,1,2,1,1,1,4,2,5,1
SF,IH2012,2020-06-17 09:34:58.200,2720.6000,6232,0,93914880.000,0,-,-,-,-,2719.4000,2719.2000,2719.0000,2718.4000,2717.6000,2722.0000,2725.2000,2727.8000,2728.4000,2729.2000,2,1,2,1,1,1,4,2,5,1
SF,IH2012,2020-06-17 09:35:02.200,2720.6000,6232,0,93914880.000,0,-,-,-,-,2719.4000,2719.2000,2719.0000,2718.4000,2717.6000,2721.8000,2722.0000,2725.2000,2727.8000,2728.4000,2,2,2,1,1,1,1,4,2,5
SF,IH2012,2020-06-17 09:35:02.700,2720.6000,6232,0,93914880.000,0,-,-,-,-,2719.4000,2719.2000,2719.0000,2718.4000,2717.6000,2721.8000,2722.0000,2725.2000,2727.8000,2728.4000,1,2,2,1,1,1,1,4,2,5
SF,IH2012,2020-06-17 09:35:04.700,2720.6000,6232,0,93914880.000,0,-,-,-,-,2719.4000,2719.2000,2719.0000,2718.4000,2717.6000,2721.4000,2721.8000,2722.0000,2725.2000,2727.8000,1,2,2,1,1,1,1,1,4,2
SF,IH2012,2020-06-17 09:35:05.200,2720.6000,6232,0,93914880.000,0,-,-,-,-,2719.4000,2719.2000,2719.0000,2718.4000,2717.6000,2721.4000,2721.6000,2721.8000,2722.0000,2725.2000,1,2,2,1,1,1,1,1,1,4
SF,IH2012,2020-06-17 09:35:05.700,2720.6000,6232,0,93914880.000,0,-,-,-,-,2719.4000,2719.2000,2719.0000,2718.4000,2717.6000,2721.2000,2721.4000,2721.8000,2722.0000,2725.2000,1,2,2,1,1,1,1,1,1,4
SF,IH2012,2020-06-17 09:35:06.200,2720.6000,6232,0,93914880.000,0,-,-,-,-,2719.4000,2719.2000,2719.0000,2718.4000,2717.6000,2721.2000,2721.4000,2721.8000,2722.0000,2725.2000,1,2,2,1,1,1,1,1,1,4
SF,IH2012,2020-06-17 09:35:06.700,2719.4000,6232,0,94730700.000,1,0,1,多换,S,2719.2000,2719.0000,2718.4000,2717.6000,2717.0000,2721.2000,2721.4000,2722.0000,2725.2000,2727.8000,2,2,1,1,1,1,1,1,4,2
SF,IH2012,2020-06-17 09:35:07.200,2719.4000,6232,0,94730700.000,0,-,-,-,-,2719.4000,2719.2000,2719.0000,2718.4000,2717.6000,2720.8000,2721.0000,2721.2000,2721.4000,2722.0000,1,2,2,1,1,1,1,1,1,1
SF,IH2012,2020-06-17 09:35:09.200,2719.4000,6232,0,94730700.000,0,-,-,-,-,2719.4000,2719.2000,2719.0000,2718.4000,2717.6000,2721.0000,2721.2000,2721.4000,2722.0000,2725.2000,1,2,2,1,1,1,1,1,1,4
SF,IH2012,2020-06-17 09:35:09.700,2719.4000,6232,0,94730700.000,0,-,-,-,-,2719.4000,2719.2000,2719.0000,2718.4000,2717.6000,2721.0000,2721.2000,2722.0000,2725.2000,2727.8000,1,2,2,1,1,1,1,1,4,2
SF,IH2012,2020-06-17 09:35:11.200,2719.4000,6232,0,94730700.000,0,-,-,-,-,2719.4000,2719.2000,2719.0000,2718.4000,2717.6000,2721.0000,2722.0000,2725.2000,2727.8000,2728.4000,1,2,2,1,1,1,1,4,2,5
SF,IH2012,2020-06-17 09:35:12.200,2721.0000,6233,1,95547000.000,1,1,0,双开,S,2719.4000,2719.2000,2719.0000,2718.4000,2717.6000,2722.0000,2725.2000,2727.8000,2728.4000,2729.2000,1,2,2,1,1,1,4,2,5,1
SF,IH2012,2020-06-17 09:35:12.700,2721.0000,6233,0,95547000.000,0,-,-,-,-,2719.2000,2719.0000,2718.4000,2717.6000,2717.0000,2721.8000,2722.0000,2725.2000,2727.8000,2728.4000,2,2,1,1,1,2,1,4,2,5
SF,IH2012,2020-06-17 09:35:13.200,2721.0000,6233,0,95547000.000,0,-,-,-,-,2719.2000,2719.0000,2718.4000,2717.6000,2717.0000,2721.8000,2722.0000,2725.2000,2727.8000,2728.4000,2,2,1,1,1,3,1,4,2,5
SF,IH2012,2020-06-17 09:35:13.700,2721.0000,6233,0,95547000.000,0,-,-,-,-,2719.2000,2719.0000,2718.4000,2717.6000,2717.0000,2721.2000,2721.6000,2721.8000,2722.0000,2725.2000,2,2,1,1,1,1,1,3,1,4
SF,IH2012,2020-06-17 09:35:14.200,2721.0000,6233,0,95547000.000,0,-,-,-,-,2719.4000,2719.2000,2719.0000,2718.4000,2717.6000,2721.0000,2721.2000,2721.6000,2722.0000,2725.2000,1,2,2,1,1,1,1,2,1,4
SF,IH2012,2020-06-17 09:35:15.200,2721.0000,6233,0,95547000.000,0,-,-,-,-,2719.4000,2719.2000,2719.0000,2718.4000,2717.6000,2720.8000,2721.0000,2721.6000,2722.0000,2725.2000,1,2,2,1,1,1,1,2,1,4
SF,IH2012,2020-06-17 09:35:17.200,2721.0000,6233,0,95547000.000,0,-,-,-,-,2719.4000,2719.2000,2719.0000,2718.4000,2717.6000,2720.4000,2720.8000,2721.0000,2721.6000,2722.0000,1,2,2,1,1,1,1,1,2,1
SF,IH2012,2020-06-17 09:35:17.700,2721.0000,6233,0,95547000.000,0,-,-,-,-,2719.4000,2719.2000,2719.0000,2718.4000,2717.6000,2720.8000,2721.0000,2721.6000,2722.0000,2725.2000,1,2,2,1,1,1,1,1,1,4
SF,IH2012,2020-06-17 09:35:20.200,2721.0000,6233,0,95547000.000,0,-,-,-,-,2719.4000,2719.2000,2719.0000,2718.4000,2717.6000,2721.0000,2721.6000,2722.0000,2725.2000,2727.8000,1,2,2,1,1,1,1,1,4,2
SF,IH2012,2020-06-17 09:35:20.700,2721.0000,6233,0,95547000.000,0,-,-,-,-,2719.4000,2719.2000,2719.0000,2718.4000,2717.6000,2721.6000,2722.0000,2725.2000,2727.8000,2728.4000,1,2,2,1,1,1,1,4,2,5
SF,IH2012,2020-06-17 09:35:21.200,2721.0000,6233,0,95547000.000,0,-,-,-,-,2719.6000,2719.4000,2719.2000,2719.0000,2718.4000,2721.4000,2721.6000,2722.0000,2725.2000,2727.8000,1,1,2,2,1,1,1,1,4,2
SF,IH2012,2020-06-17 09:35:22.200,2721.0000,6233,0,95547000.000,0,-,-,-,-,2719.6000,2719.4000,2719.2000,2719.0000,2718.4000,2721.4000,2722.0000,2725.2000,2727.8000,2728.4000,1,1,2,2,1,1,1,4,2,5
SF,IH2012,2020-06-17 09:35:23.700,2721.0000,6233,0,95547000.000,0,-,-,-,-,2719.6000,2719.4000,2719.2000,2719.0000,2718.4000,2721.4000,2722.0000,2725.2000,2727.8000,2728.4000,1,1,2,3,1,1,1,4,2,5
SF,IH2012,2020-06-17 09:35:24.700,2721.0000,6233,0,95547000.000,0,-,-,-,-,2719.6000,2719.4000,2719.2000,2719.0000,2718.4000,2721.2000,2721.4000,2722.0000,2725.2000,2727.8000,1,1,2,3,1,1,1,1,4,2
SF,IH2012,2020-06-17 09:35:26.200,2721.0000,6233,0,95547000.000,0,-,-,-,-,2719.6000,2719.4000,2719.2000,2719.0000,2718.4000,2721.2000,2722.0000,2725.2000,2727.8000,2728.4000,1,1,2,3,1,1,1,4,2,5
SF,IH2012,2020-06-17 09:35:26.700,2721.0000,6233,0,95547000.000,0,-,-,-,-,2719.6000,2719.4000,2719.2000,2719.0000,2718.4000,2721.0000,2721.2000,2722.0000,2725.2000,2727.8000,2,1,2,3,1,1,1,1,4,2
SF,IH2012,2020-06-17 09:35:29.200,2721.0000,6233,0,95547000.000,0,-,-,-,-,2719.6000,2719.4000,2719.2000,2719.0000,2718.4000,2721.2000,2722.0000,2725.2000,2727.8000,2728.4000,2,1,2,3,1,1,1,4,2,5
SF,IH2012,2020-06-17 09:35:33.700,2721.0000,6233,0,95547000.000,0,-,-,-,-,2719.6000,2719.4000,2719.2000,2719.0000,2718.4000,2721.0000,2721.2000,2722.0000,2725.2000,2727.8000,2,1,2,3,1,1,1,1,4,2
SF,IH2012,2020-06-17 09:35:34.200,2721.0000,6233,0,95547000.000,0,-,-,-,-,2719.6000,2719.4000,2719.2000,2719.0000,2718.4000,2721.2000,2722.0000,2725.2000,2727.8000,2728.4000,2,1,2,3,1,1,1,4,2,5
SF,IH2012,2020-06-17 09:35:38.200,2721.0000,6233,0,95547000.000,0,-,-,-,-,2719.8000,2719.6000,2719.4000,2719.2000,2719.0000,2722.0000,2725.2000,2727.8000,2728.4000,2729.2000,1,2,1,2,3,1,4,2,5,1
SF,IH2012,2020-06-17 09:35:38.700,2721.0000,6233,0,95547000.000,0,-,-,-,-,2720.0000,2719.8000,2719.6000,2719.4000,2719.2000,2722.0000,2725.2000,2727.8000,2728.4000,2729.2000,1,1,1,1,2,1,4,2,5,1
SF,IH2012,2020-06-17 09:35:39.700,2721.0000,6233,0,95547000.000,0,-,-,-,-,2720.2000,2720.0000,2719.6000,2719.4000,2719.2000,2722.0000,2725.2000,2727.8000,2728.4000,2729.2000,1,1,1,1,2,1,4,2,5,1
SF,IH2012,2020-06-17 09:35:40.200,2721.0000,6233,0,95547000.000,0,-,-,-,-,2720.4000,2720.2000,2719.6000,2719.4000,2719.2000,2722.0000,2725.2000,2727.8000,2728.4000,2729.2000,1,1,1,1,2,1,4,2,5,1
SF,IH2012,2020-06-17 09:35:41.200,2721.0000,6233,0,95547000.000,0,-,-,-,-,2720.4000,2720.2000,2719.6000,2719.4000,2719.2000,2722.0000,2724.6000,2725.2000,2727.8000,2728.4000,1,1,1,1,2,1,3,4,2,5
SF,IH2012,2020-06-17 09:35:41.700,2721.0000,6233,0,95547000.000,0,-,-,-,-,2720.4000,2720.2000,2719.6000,2719.4000,2719.2000,2722.0000,2724.6000,2727.8000,2728.4000,2729.2000,1,1,1,1,2,1,3,2,5,1
SF,IH2012,2020-06-17 09:35:43.200,2721.0000,6233,0,95547000.000,0,-,-,-,-,2720.4000,2720.2000,2719.6000,2719.2000,2719.0000,2722.0000,2724.6000,2727.8000,2728.4000,2729.2000,1,1,1,2,3,1,3,2,5,1
SF,IH2012,2020-06-17 09:35:43.700,2721.0000,6233,0,95547000.000,0,-,-,-,-,2720.2000,2719.6000,2719.2000,2719.0000,2718.4000,2722.0000,2724.6000,2727.8000,2728.4000,2729.2000,1,1,2,3,1,1,3,2,5,1
SF,IH2012,2020-06-17 09:35:44.200,2721.0000,6233,0,95547000.000,0,-,-,-,-,2720.2000,2719.6000,2719.2000,2719.0000,2718.4000,2721.0000,2721.8000,2722.0000,2724.6000,2727.8000,1,1,2,3,1,1,1,1,3,2
SF,IH2012,2020-06-17 09:35:45.200,2721.0000,6233,0,96363300.000,1,0,1,多换,S,2720.2000,2719.6000,2719.2000,2719.0000,2718.4000,2721.8000,2722.0000,2724.6000,2727.8000,2728.4000,1,1,2,3,1,1,1,3,2,5
SF,IH2012,2020-06-17 09:35:45.700,2721.0000,6233,0,96363300.000,0,-,-,-,-,2719.6000,2719.2000,2719.0000,2718.4000,2717.6000,2721.8000,2722.0000,2724.6000,2727.8000,2728.4000,1,2,3,1,1,1,1,3,2,5
SF,IH2012,2020-06-17 09:35:46.700,2721.0000,6233,0,96363300.000,0,-,-,-,-,2719.8000,2719.6000,2719.2000,2719.0000,2718.4000,2721.8000,2722.0000,2724.6000,2727.8000,2728.4000,1,1,2,3,1,1,1,3,2,5
SF,IH2012,2020-06-17 09:35:52.200,2721.8000,6233,0,97179840.000,1,0,1,多换,S,2721.8000,2720.0000,2719.8000,2719.6000,2719.2000,2722.0000,2724.6000,2727.8000,2728.4000,2729.2000,1,1,1,1,2,1,3,2,5,1
SF,IH2012,2020-06-17 09:35:52.700,2722.0000,6232,-1,97996440.000,1,0,1,双平,S,2721.8000,2720.2000,2720.0000,2719.8000,2719.6000,2724.6000,2727.8000,2729.2000,2729.8000,2732.0000,1,4,1,1,1,3,2,1,1,6
SF,IH2012,2020-06-17 09:35:53.200,2722.0000,6232,0,97996440.000,0,-,-,-,-,2722.0000,2721.8000,2720.2000,2720.0000,2719.6000,2724.6000,2727.8000,2729.2000,2729.8000,2732.0000,1,1,4,1,1,3,2,1,1,6
SF,IH2012,2020-06-17 09:35:53.700,2722.0000,6231,-1,98813040.000,1,0,1,双平,S,2720.0000,2719.6000,2719.2000,2719.0000,2717.6000,2724.4000,2724.6000,2727.8000,2729.2000,2729.8000,1,1,2,2,1,1,3,2,1,1
SF,IH2012,2020-06-17 09:35:54.200,2722.0000,6231,0,98813040.000,0,-,-,-,-,2720.2000,2720.0000,2719.6000,2719.2000,2719.0000,2724.4000,2724.6000,2727.8000,2729.2000,2729.8000,1,1,1,2,2,1,3,2,1,1
SF,IH2012,2020-06-17 09:35:54.700,2722.0000,6231,0,98813040.000,0,-,-,-,-,2720.2000,2720.0000,2719.6000,2719.2000,2719.0000,2724.6000,2727.8000,2729.2000,2729.8000,2732.0000,2,1,1,2,2,3,2,1,1,6
SF,IH2012,2020-06-17 09:35:55.200,2722.0000,6231,0,98813040.000,0,-,-,-,-,2720.2000,2720.0000,2719.6000,2719.2000,2719.0000,2724.0000,2724.6000,2727.8000,2729.2000,2729.8000,2,1,1,2,2,1,3,2,1,1
SF,IH2012,2020-06-17 09:35:55.700,2722.0000,6231,0,98813040.000,0,-,-,-,-,2720.2000,2720.0000,2719.6000,2719.2000,2719.0000,2724.0000,2724.2000,2724.6000,2727.8000,2729.2000,2,1,1,2,2,1,1,3,2,1
SF,IH2012,2020-06-17 09:35:56.700,2722.0000,6231,0,98813040.000,0,-,-,-,-,2720.2000,2720.0000,2719.6000,2719.2000,2719.0000,2723.8000,2724.0000,2724.6000,2727.8000,2729.2000,2,1,1,2,2,1,1,3,2,1
SF,IH2012,2020-06-17 09:35:57.200,2723.4000,6232,1,99630060.000,1,1,0,双开,S,2720.2000,2720.0000,2719.6000,2719.2000,2719.0000,2723.8000,2724.0000,2724.6000,2727.8000,2729.2000,2,1,1,2,2,1,1,3,2,1
SF,IH2012,2020-06-17 09:35:58.200,2723.4000,6232,0,99630060.000,0,-,-,-,-,2720.2000,2720.0000,2719.6000,2719.2000,2719.0000,2723.6000,2723.8000,2724.6000,2727.8000,2729.2000,2,2,1,2,2,2,1,3,2,1
SF,IH2012,2020-06-17 09:35:58.700,2723.4000,6232,0,99630060.000,0,-,-,-,-,2720.2000,2720.0000,2719.6000,2719.2000,2719.0000,2723.4000,2723.6000,2723.8000,2724.6000,2727.8000,2,2,1,2,2,1,2,1,3,2
SF,IH2012,2020-06-17 09:36:00.200,2723.4000,6232,0,99630060.000,0,-,-,-,-,2720.2000,2720.0000,2719.6000,2719.2000,2719.0000,2723.2000,2723.4000,2723.6000,2724.6000,2727.8000,2,2,1,2,2,1,1,2,3,2
SF,IH2012,2020-06-17 09:36:00.700,2723.4000,6232,0,99630060.000,0,-,-,-,-,2720.2000,2720.0000,2719.6000,2719.2000,2719.0000,2723.2000,2723.4000,2723.6000,2724.6000,2727.8000,2,2,1,2,2,1,1,2,3,2
SF,IH2012,2020-06-17 09:36:01.200,2723.4000,6232,0,99630060.000,0,-,-,-,-,2720.2000,2720.0000,2719.6000,2719.2000,2719.0000,2723.0000,2723.2000,2723.4000,2723.6000,2724.6000,2,2,1,2,2,1,1,1,1,3
SF,IH2012,2020-06-17 09:36:01.700,2723.4000,6232,0,99630060.000,0,-,-,-,-,2720.2000,2720.0000,2719.6000,2719.2000,2719.0000,2723.0000,2723.2000,2723.4000,2724.6000,2727.8000,2,2,1,2,2,1,1,1,3,2
SF,IH2012,2020-06-17 09:36:03.700,2723.4000,6232,0,99630060.000,0,-,-,-,-,2720.2000,2720.0000,2719.6000,2719.2000,2719.0000,2723.0000,2723.4000,2724.6000,2727.8000,2729.2000,2,2,1,2,2,1,1,3,2,1
SF,IH2012,2020-06-17 09:36:04.700,2723.4000,6232,0,99630060.000,0,-,-,-,-,2720.2000,2720.0000,2719.6000,2719.2000,2719.0000,2722.6000,2723.0000,2723.4000,2724.6000,2727.8000,2,2,1,2,2,1,1,1,3,2
SF,IH2012,2020-06-17 09:36:05.200,2723.4000,6232,0,99630060.000,0,-,-,-,-,2720.2000,2720.0000,2719.6000,2719.2000,2719.0000,2722.6000,2723.0000,2723.4000,2724.6000,2727.8000,2,2,1,2,2,1,1,1,3,2
SF,IH2012,2020-06-17 09:36:05.700,2723.4000,6232,0,99630060.000,0,-,-,-,-,2720.2000,2720.0000,2719.6000,2719.2000,2719.0000,2722.6000,2723.0000,2723.4000,2724.6000,2727.8000,2,2,1,2,2,1,1,1,3,2
SF,IH2012,2020-06-17 09:36:06.200,2723.4000,6232,0,99630060.000,0,-,-,-,-,2720.2000,2720.0000,2719.6000,2719.2000,2719.0000,2722.4000,2722.6000,2723.0000,2723.4000,2724.6000,1,2,1,2,2,2,1,1,1,3
SF,IH2012,2020-06-17 09:36:08.200,2723.4000,6232,0,99630060.000,0,-,-,-,-,2720.4000,2720.2000,2720.0000,2719.6000,2719.2000,2722.4000,2723.0000,2723.4000,2724.6000,2727.8000,3,1,2,1,2,2,1,1,3,2
SF,IH2012,2020-06-17 09:36:08.700,2723.4000,6232,0,99630060.000,0,-,-,-,-,2720.6000,2720.4000,2720.2000,2720.0000,2719.6000,2722.4000,2723.0000,2723.4000,2724.6000,2727.8000,1,3,1,2,1,1,1,1,3,2
SF,IH2012,2020-06-17 09:36:09.200,2723.4000,6232,0,99630060.000,0,-,-,-,-,2720.6000,2720.4000,2720.2000,2720.0000,2719.6000,2722.4000,2723.0000,2723.4000,2724.6000,2727.8000,2,3,1,2,1,1,1,1,3,2
SF,IH2012,2020-06-17 09:36:10.200,2723.4000,6232,0,99630060.000,0,-,-,-,-,2720.6000,2720.4000,2720.2000,2720.0000,2719.6000,2722.0000,2722.4000,2723.0000,2723.4000,2724.6000,2,3,1,2,1,1,1,1,1,3
SF,IH2012,2020-06-17 09:36:10.700,2723.4000,6232,0,99630060.000,0,-,-,-,-,2720.6000,2720.4000,2720.2000,2720.0000,2719.6000,2722.0000,2722.4000,2723.0000,2723.4000,2724.6000,2,3,1,2,1,1,1,1,1,3
SF,IH2012,2020-06-17 09:36:11.200,2723.4000,6232,0,99630060.000,0,-,-,-,-,2720.6000,2720.4000,2720.2000,2720.0000,2719.6000,2722.0000,2722.4000,2723.0000,2723.4000,2724.6000,2,3,1,2,1,1,1,2,1,3
SF,IH2012,2020-06-17 09:36:12.700,2723.4000,6232,0,99630060.000,0,-,-,-,-,2720.6000,2720.4000,2720.2000,2720.0000,2719.6000,2722.0000,2722.4000,2723.0000,2724.6000,2727.8000,2,3,1,2,1,1,1,2,3,2
SF,IH2012,2020-06-17 09:36:13.200,2723.4000,6232,0,99630060.000,0,-,-,-,-,2720.6000,2720.4000,2720.2000,2720.0000,2719.6000,2722.0000,2723.0000,2724.6000,2727.8000,2729.2000,2,3,1,2,1,1,2,3,2,1
SF,IH2012,2020-06-17 09:36:15.200,2723.4000,6232,0,99630060.000,0,-,-,-,-,2720.6000,2720.4000,2720.2000,2720.0000,2719.8000,2722.0000,2723.0000,2724.6000,2727.8000,2729.2000,2,3,1,2,1,1,2,3,2,1
SF,IH2012,2020-06-17 09:36:15.700,2723.4000,6232,0,99630060.000,0,-,-,-,-,2720.6000,2720.4000,2720.2000,2720.0000,2719.6000,2722.0000,2723.0000,2724.6000,2727.8000,2729.2000,2,3,1,2,1,1,2,3,2,1
SF,IH2012,2020-06-17 09:36:16.700,2722.4000,6232,0,100446780.000,1,0,1,多换,S,2720.8000,2720.6000,2720.4000,2720.2000,2720.0000,2723.0000,2724.6000,2727.8000,2729.2000,2729.8000,1,2,3,1,2,2,3,2,1,1
SF,IH2012,2020-06-17 09:36:17.200,2722.4000,6232,0,100446780.000,0,-,-,-,-,2721.0000,2720.8000,2720.6000,2720.4000,2720.2000,2723.0000,2724.6000,2727.8000,2729.2000,2729.8000,1,1,1,3,1,2,3,2,1,1
SF,IH2012,2020-06-17 09:36:17.700,2722.4000,6232,0,100446780.000,0,-,-,-,-,2721.0000,2720.8000,2720.6000,2720.4000,2720.2000,2723.0000,2724.6000,2727.8000,2729.2000,2729.8000,1,1,1,3,1,2,3,2,1,1
SF,IH2012,2020-06-17 09:36:18.700,2722.4000,6232,0,100446780.000,0,-,-,-,-,2721.0000,2720.8000,2720.6000,2720.4000,2720.2000,2723.0000,2724.6000,2727.8000,2729.2000,2729.8000,1,1,1,3,1,1,3,2,1,1
SF,IH2012,2020-06-17 09:36:20.200,2722.4000,6232,0,100446780.000,0,-,-,-,-,2721.2000,2721.0000,2720.6000,2720.4000,2720.2000,2723.0000,2724.6000,2727.8000,2729.2000,2729.8000,1,1,1,3,1,1,3,2,1,1
SF,IH2012,2020-06-17 09:36:20.700,2722.4000,6232,0,100446780.000,0,-,-,-,-,2721.4000,2721.2000,2720.6000,2720.4000,2720.2000,2723.0000,2724.6000,2727.8000,2729.2000,2729.8000,1,1,1,3,1,1,3,2,1,1
SF,IH2012,2020-06-17 09:36:21.200,2722.4000,6232,0,100446780.000,0,-,-,-,-,2721.4000,2721.2000,2720.6000,2720.4000,2720.0000,2723.0000,2724.6000,2725.0000,2727.8000,2729.2000,1,1,1,3,2,1,3,1,2,1
SF,IH2012,2020-06-17 09:36:21.700,2722.4000,6232,0,100446780.000,0,-,-,-,-,2721.4000,2721.2000,2720.4000,2720.0000,2719.6000,2723.0000,2724.6000,2725.0000,2727.8000,2729.2000,1,1,3,2,1,1,3,1,2,1
SF,IH2012,2020-06-17 09:36:22.700,2721.4000,6232,0,101263200.000,1,0,1,多换,S,2721.2000,2720.4000,2720.0000,2719.6000,2719.2000,2723.0000,2724.6000,2725.0000,2727.8000,2729.2000,1,3,2,1,2,1,3,1,2,1
SF,IH2012,2020-06-17 09:36:23.200,2721.4000,6232,0,101263200.000,0,-,-,-,-,2721.2000,2720.4000,2720.0000,2719.6000,2719.2000,2722.8000,2723.0000,2724.6000,2725.0000,2727.8000,1,3,2,1,2,1,1,3,1,2
SF,IH2012,2020-06-17 09:36:25.700,2721.4000,6232,0,101263200.000,0,-,-,-,-,2720.4000,2720.0000,2719.6000,2719.2000,2719.0000,2722.8000,2723.0000,2724.6000,2725.0000,2727.8000,3,2,1,2,2,1,1,3,1,2
SF,IH2012,2020-06-17 09:36:26.200,2721.4000,6232,0,101263200.000,0,-,-,-,-,2720.4000,2720.0000,2719.6000,2719.2000,2719.0000,2722.8000,2723.0000,2724.6000,2725.0000,2727.8000,3,2,1,2,2,1,1,3,1,2
SF,IH2012,2020-06-17 09:36:27.200,2721.4000,6232,0,101263200.000,0,-,-,-,-,2720.4000,2720.0000,2719.6000,2719.2000,2719.0000,2722.6000,2722.8000,2723.0000,2724.6000,2725.0000,3,2,1,2,2,1,1,1,3,1
SF,IH2012,2020-06-17 09:36:27.700,2721.4000,6232,0,101263200.000,0,-,-,-,-,2720.8000,2720.4000,2720.0000,2719.6000,2719.2000,2722.4000,2722.6000,2723.0000,2724.6000,2725.0000,1,3,2,1,2,1,1,1,3,1
SF,IH2012,2020-06-17 09:36:28.200,2721.4000,6232,0,101263200.000,0,-,-,-,-,2720.8000,2720.4000,2720.0000,2719.6000,2719.2000,2722.4000,2722.6000,2723.0000,2724.6000,2725.0000,1,3,2,1,2,1,1,1,3,1
SF,IH2012,2020-06-17 09:36:34.700,2721.4000,6232,0,101263200.000,0,-,-,-,-,2720.8000,2720.4000,2720.0000,2719.6000,2719.2000,2722.2000,2722.4000,2722.6000,2723.0000,2724.6000,1,3,2,1,2,1,1,1,1,3
SF,IH2012,2020-06-17 09:36:35.200,2722.2000,6232,0,102079860.000,1,0,1,多换,S,2722.2000,2720.8000,2720.0000,2719.6000,2719.2000,2722.4000,2723.0000,2724.6000,2725.0000,2727.8000,3,1,2,1,2,1,1,3,1,2
SF,IH2012,2020-06-17 09:36:35.700,2722.2000,6229,-3,104529840.000,3,0,3,双平,S,2720.8000,2720.0000,2719.6000,2719.2000,2719.0000,2722.2000,2723.0000,2724.6000,2725.0000,2727.8000,1,2,1,2,2,1,1,3,1,2
SF,IH2012,2020-06-17 09:36:36.200,2722.2000,6230,1,105346500.000,1,1,0,双开,S,2721.0000,2720.8000,2720.0000,2719.6000,2719.2000,2722.2000,2723.0000,2723.4000,2724.6000,2724.8000,1,1,2,1,2,1,1,1,3,1
SF,IH2012,2020-06-17 09:36:36.700,2722.2000,6230,0,105346500.000,0,-,-,-,-,2721.2000,2721.0000,2720.0000,2719.6000,2719.2000,2722.2000,2723.0000,2723.4000,2724.6000,2724.8000,1,1,2,1,2,1,1,1,3,1
SF,IH2012,2020-06-17 09:36:37.200,2722.2000,6231,1,106163160.000,1,1,0,双开,S,2721.2000,2721.0000,2720.0000,2719.6000,2719.2000,2723.0000,2723.4000,2724.6000,2724.8000,2725.0000,1,1,2,1,2,1,1,3,1,1
SF,IH2012,2020-06-17 09:36:37.700,2722.2000,6231,0,106163160.000,0,-,-,-,-,2721.2000,2721.0000,2720.0000,2719.6000,2719.2000,2722.8000,2723.0000,2723.4000,2724.6000,2724.8000,1,1,2,1,2,1,1,1,3,1
SF,IH2012,2020-06-17 09:36:38.200,2722.2000,6231,0,106163160.000,0,-,-,-,-,2721.4000,2721.0000,2720.0000,2719.6000,2719.2000,2722.8000,2723.0000,2723.4000,2724.6000,2724.8000,1,1,2,1,2,1,1,1,3,1
SF,IH2012,2020-06-17 09:36:39.700,2722.2000,6231,0,106163160.000,0,-,-,-,-,2721.4000,2720.0000,2719.6000,2719.2000,2719.0000,2722.8000,2723.0000,2723.4000,2724.6000,2724.8000,1,2,1,2,2,1,1,1,3,1
SF,IH2012,2020-06-17 09:36:40.200,2722.2000,6231,0,106163160.000,0,-,-,-,-,2721.4000,2720.0000,2719.6000,2719.2000,2719.0000,2722.8000,2723.0000,2723.4000,2724.6000,2724.8000,1,2,1,2,2,1,1,1,3,1
SF,IH2012,2020-06-17 09:36:41.700,2722.2000,6231,0,106163160.000,0,-,-,-,-,2721.4000,2720.0000,2719.6000,2719.2000,2719.0000,2722.8000,2723.0000,2723.4000,2724.6000,2724.8000,1,2,1,2,2,1,1,1,3,1
SF,IH2012,2020-06-17 09:36:45.200,2721.4000,6231,0,106979580.000,1,0,1,多换,S,2720.0000,2719.6000,2719.2000,2719.0000,2717.6000,2721.4000,2722.6000,2722.8000,2723.0000,2723.4000,2,1,2,2,1,1,2,1,1,1
SF,IH2012,2020-06-17 09:36:45.700,2721.4000,6231,0,108612420.000,2,1,1,多换,S,2720.2000,2720.0000,2719.6000,2719.2000,2719.0000,2722.6000,2722.8000,2723.0000,2723.4000,2725.0000,1,2,1,2,2,2,1,1,1,1
SF,IH2012,2020-06-17 09:36:46.200,2721.4000,6231,0,108612420.000,0,-,-,-,-,2720.2000,2720.0000,2719.6000,2719.2000,2719.0000,2722.4000,2722.6000,2723.0000,2723.4000,2725.0000,1,2,1,2,2,1,2,1,1,1
SF,IH2012,2020-06-17 09:36:46.700,2722.4000,6231,0,109429140.000,1,0,1,多换,S,2720.2000,2720.0000,2719.6000,2719.2000,2719.0000,2722.6000,2723.0000,2723.4000,2725.0000,2727.8000,1,2,1,2,2,2,1,1,1,2
SF,IH2012,2020-06-17 09:36:47.200,2722.4000,6231,0,109429140.000,0,-,-,-,-,2720.2000,2720.0000,2719.6000,2719.2000,2719.0000,2722.2000,2722.4000,2722.6000,2723.0000,2723.4000,1,2,1,2,2,1,1,2,1,1
SF,IH2012,2020-06-17 09:36:47.700,2722.4000,6231,0,109429140.000,0,-,-,-,-,2720.2000,2720.0000,2719.6000,2719.2000,2719.0000,2722.0000,2722.2000,2722.6000,2723.0000,2723.4000,1,2,1,2,2,1,1,2,1,1
SF,IH2012,2020-06-17 09:36:48.200,2722.4000,6232,1,110245860.000,1,1,0,双开,S,2720.4000,2720.2000,2720.0000,2719.6000,2719.2000,2722.2000,2722.6000,2723.0000,2723.4000,2725.0000,1,1,2,1,2,1,2,1,1,1
SF,IH2012,2020-06-17 09:36:48.700,2722.4000,6232,0,110245860.000,0,-,-,-,-,2720.6000,2720.4000,2720.2000,2720.0000,2719.6000,2722.6000,2723.0000,2723.4000,2725.0000,2727.8000,1,1,1,2,1,2,1,1,1,2
SF,IH2012,2020-06-17 09:36:49.200,2722.4000,6232,0,110245860.000,0,-,-,-,-,2720.8000,2720.6000,2720.2000,2720.0000,2719.6000,2722.6000,2723.0000,2723.4000,2725.0000,2727.8000,1,1,1,2,1,2,1,1,1,2
SF,IH2012,2020-06-17 09:36:49.700,2722.2000,6232,0,111062520.000,1,0,1,多换,S,2720.8000,2720.6000,2720.2000,2720.0000,2719.6000,2722.6000,2723.0000,2723.4000,2725.0000,2727.8000,1,1,1,2,1,2,1,1,1,2
SF,IH2012,2020-06-17 09:36:51.700,2722.2000,6232,0,111062520.000,0,-,-,-,-,2720.8000,2720.6000,2720.2000,2720.0000,2719.6000,2723.0000,2723.4000,2725.0000,2727.8000,2729.2000,1,1,1,2,1,1,1,1,2,1
SF,IH2012,2020-06-17 09:36:52.700,2722.2000,6232,0,111062520.000,0,-,-,-,-,2721.0000,2720.8000,2720.6000,2720.2000,2720.0000,2722.8000,2723.0000,2723.4000,2725.0000,2727.8000,1,1,1,1,2,1,1,1,1,2
SF,IH2012,2020-06-17 09:36:53.200,2722.2000,6232,0,111062520.000,0,-,-,-,-,2721.2000,2721.0000,2720.6000,2720.2000,2720.0000,2722.8000,2723.0000,2723.4000,2725.0000,2727.8000,1,1,1,1,2,1,1,1,1,2
SF,IH2012,2020-06-17 09:36:54.200,2722.2000,6232,0,111062520.000,0,-,-,-,-,2721.2000,2721.0000,2720.6000,2720.2000,2720.0000,2723.0000,2723.4000,2725.0000,2727.8000,2729.2000,1,1,1,1,2,1,1,1,2,1
SF,IH2012,2020-06-17 09:36:55.700,2722.2000,6232,0,111062520.000,0,-,-,-,-,2721.4000,2721.2000,2721.0000,2720.6000,2720.2000,2723.0000,2723.4000,2725.0000,2727.8000,2729.2000,1,2,1,1,1,1,1,1,2,1
SF,IH2012,2020-06-17 09:36:57.200,2722.2000,6232,0,111062520.000,0,-,-,-,-,2721.4000,2721.2000,2721.0000,2720.6000,2720.2000,2723.0000,2723.4000,2725.0000,2727.8000,2729.2000,1,2,2,1,1,1,1,1,2,1
SF,IH2012,2020-06-17 09:36:58.200,2723.0000,6232,0,111879420.000,1,0,1,多换,S,2721.4000,2721.2000,2721.0000,2720.6000,2720.2000,2723.4000,2725.0000,2727.8000,2729.2000,2729.8000,1,2,2,1,1,1,1,2,1,1
SF,IH2012,2020-06-17 09:36:58.700,2723.0000,6232,0,111879420.000,0,-,-,-,-,2721.6000,2721.4000,2721.2000,2721.0000,2720.6000,2723.4000,2725.0000,2725.2000,2727.8000,2729.2000,1,1,1,2,1,1,1,1,2,1
SF,IH2012,2020-06-17 09:36:59.200,2723.0000,6232,0,111879420.000,0,-,-,-,-,2721.6000,2721.4000,2721.2000,2721.0000,2720.6000,2723.2000,2723.4000,2725.0000,2725.2000,2727.8000,1,1,1,2,1,1,1,1,1,2
SF,IH2012,2020-06-17 09:37:00.200,2723.0000,6232,0,111879420.000,0,-,-,-,-,2721.6000,2721.2000,2721.0000,2720.6000,2720.2000,2723.2000,2723.4000,2725.0000,2725.2000,2727.8000,1,1,2,1,1,1,1,1,1,2
SF,IH2012,2020-06-17 09:37:00.700,2723.0000,6232,0,111879420.000,0,-,-,-,-,2721.6000,2721.2000,2721.0000,2720.6000,2720.2000,2723.2000,2723.4000,2725.0000,2725.2000,2727.8000,1,1,2,1,1,1,1,1,1,2
SF,IH2012,2020-06-17 09:37:01.700,2723.0000,6232,0,111879420.000,0,-,-,-,-,2721.6000,2721.2000,2721.0000,2720.6000,2720.2000,2723.0000,2723.2000,2723.4000,2725.0000,2725.2000,1,1,2,1,1,1,1,1,1,1
SF,IH2012,2020-06-17 09:37:02.200,2723.0000,6232,0,112696320.000,1,0,1,多换,S,2721.6000,2721.2000,2721.0000,2720.6000,2720.2000,2723.2000,2723.4000,2725.0000,2725.2000,2727.8000,1,1,2,1,1,1,1,1,1,2
SF,IH2012,2020-06-17 09:37:03.200,2723.0000,6232,0,112696320.000,0,-,-,-,-,2721.6000,2721.2000,2721.0000,2720.6000,2720.2000,2722.8000,2723.4000,2725.0000,2725.2000,2727.8000,1,1,2,1,1,2,1,1,1,2
SF,IH2012,2020-06-17 09:37:03.700,2723.0000,6232,0,112696320.000,0,-,-,-,-,2721.2000,2721.0000,2720.6000,2720.2000,2720.0000,2722.8000,2723.4000,2725.0000,2727.8000,2729.2000,1,2,1,1,2,2,1,1,2,1
SF,IH2012,2020-06-17 09:37:06.200,2723.0000,6232,0,112696320.000,0,-,-,-,-,2721.2000,2721.0000,2720.6000,2720.2000,2720.0000,2723.4000,2725.0000,2727.8000,2729.2000,2729.8000,1,2,1,1,2,1,1,2,1,1
SF,IH2012,2020-06-17 09:37:06.700,2723.0000,6232,0,112696320.000,0,-,-,-,-,2721.4000,2721.2000,2721.0000,2720.6000,2720.2000,2723.4000,2725.0000,2727.8000,2729.2000,2729.8000,1,1,2,1,1,1,2,2,1,1
SF,IH2012,2020-06-17 09:37:07.200,2723.0000,6232,0,112696320.000,0,-,-,-,-,2721.4000,2721.2000,2721.0000,2720.6000,2720.2000,2723.2000,2723.4000,2725.0000,2727.8000,2729.2000,1,1,2,1,1,2,1,2,2,1
SF,IH2012,2020-06-17 09:37:11.200,2723.0000,6232,0,112696320.000,0,-,-,-,-,2721.4000,2721.2000,2721.0000,2720.6000,2720.2000,2723.0000,2723.2000,2723.4000,2725.0000,2727.8000,1,1,2,1,1,1,2,1,2,2
SF,IH2012,2020-06-17 09:37:11.700,2723.0000,6233,1,113513220.000,1,1,0,双开,S,2721.4000,2721.2000,2721.0000,2720.6000,2720.2000,2723.2000,2723.4000,2725.0000,2727.8000,2729.2000,1,1,2,1,1,2,1,2,2,1
SF,IH2012,2020-06-17 09:37:12.200,2723.2000,6233,0,114330180.000,1,0,1,多换,S,2721.4000,2721.2000,2721.0000,2720.6000,2720.2000,2723.2000,2723.4000,2725.0000,2727.8000,2729.2000,1,1,2,1,1,1,1,2,2,1
SF,IH2012,2020-06-17 09:37:12.700,2723.2000,6233,0,115147140.000,1,0,1,多换,S,2721.8000,2721.4000,2721.2000,2721.0000,2720.6000,2723.4000,2725.0000,2727.8000,2729.2000,2729.8000,1,1,1,2,1,1,2,2,1,1
SF,IH2012,2020-06-17 09:37:13.200,2723.2000,6233,0,115147140.000,0,-,-,-,-,2721.8000,2721.4000,2721.2000,2721.0000,2720.6000,2725.0000,2727.8000,2729.2000,2729.8000,2732.0000,1,1,1,2,1,2,2,1,1,6
SF,IH2012,2020-06-17 09:37:13.700,2723.2000,6233,0,115147140.000,0,-,-,-,-,2722.0000,2721.8000,2721.2000,2721.0000,2720.6000,2725.0000,2726.8000,2727.8000,2729.2000,2729.8000,1,1,1,2,1,2,1,2,1,1
SF,IH2012,2020-06-17 09:37:14.200,2723.2000,6233,0,115147140.000,0,-,-,-,-,2722.0000,2721.2000,2721.0000,2720.6000,2720.2000,2725.0000,2726.8000,2727.8000,2729.2000,2729.8000,1,1,2,1,1,2,1,2,1,1
SF,IH2012,2020-06-17 09:37:15.200,2723.2000,6233,0,115147140.000,0,-,-,-,-,2722.0000,2721.2000,2721.0000,2720.6000,2720.2000,2724.4000,2724.8000,2725.0000,2726.8000,2727.8000,1,1,2,1,1,1,2,2,1,2
SF,IH2012,2020-06-17 09:37:15.700,2723.2000,6233,0,115147140.000,0,-,-,-,-,2722.0000,2721.2000,2721.0000,2720.6000,2720.2000,2724.4000,2724.8000,2725.0000,2727.8000,2729.2000,1,1,2,1,1,1,2,2,2,1
SF,IH2012,2020-06-17 09:37:16.200,2723.2000,6233,0,115147140.000,0,-,-,-,-,2722.2000,2722.0000,2721.2000,2721.0000,2720.6000,2724.2000,2725.0000,2727.8000,2729.2000,2729.8000,1,1,1,2,1,2,2,2,1,1
SF,IH2012,2020-06-17 09:37:16.700,2723.2000,6233,0,115147140.000,0,-,-,-,-,2722.4000,2722.2000,2721.2000,2721.0000,2720.6000,2724.2000,2725.0000,2727.8000,2729.2000,2729.8000,1,1,1,2,1,2,2,2,1,1
SF,IH2012,2020-06-17 09:37:17.200,2723.2000,6233,0,115147140.000,0,-,-,-,-,2722.4000,2722.2000,2721.2000,2721.0000,2720.6000,2724.2000,2725.0000,2727.8000,2729.2000,2729.8000,1,1,1,2,1,2,2,2,1,1
SF,IH2012,2020-06-17 09:37:17.700,2723.2000,6233,0,115147140.000,0,-,-,-,-,2722.4000,2722.2000,2721.2000,2721.0000,2720.6000,2725.0000,2727.8000,2729.2000,2729.8000,2732.0000,1,1,1,2,1,2,2,1,1,6
SF,IH2012,2020-06-17 09:37:18.200,2723.2000,6233,0,115147140.000,0,-,-,-,-,2722.4000,2722.2000,2721.2000,2721.0000,2720.6000,2725.0000,2727.0000,2727.8000,2729.2000,2729.8000,1,1,1,2,1,2,1,2,1,1
SF,IH2012,2020-06-17 09:37:18.700,2723.2000,6233,0,115147140.000,0,-,-,-,-,2722.4000,2721.2000,2721.0000,2720.0000,2719.6000,2724.8000,2725.0000,2727.0000,2727.8000,2729.2000,1,1,2,1,1,1,2,1,2,1
SF,IH2012,2020-06-17 09:37:19.200,2723.2000,6233,0,115147140.000,0,-,-,-,-,2722.4000,2721.2000,2721.0000,2720.0000,2719.6000,2724.8000,2725.0000,2727.0000,2727.8000,2729.2000,1,1,1,1,1,1,2,1,2,1
SF,IH2012,2020-06-17 09:37:20.200,2723.2000,6233,0,115147140.000,0,-,-,-,-,2722.4000,2721.2000,2721.0000,2720.0000,2719.6000,2725.0000,2727.0000,2727.8000,2729.2000,2729.8000,1,1,1,1,1,2,1,2,1,1
SF,IH2012,2020-06-17 09:37:20.700,2723.2000,6233,0,115147140.000,0,-,-,-,-,2722.4000,2721.2000,2721.0000,2720.0000,2719.6000,2724.6000,2725.0000,2727.0000,2727.8000,2729.2000,1,1,1,1,1,1,2,1,2,1
SF,IH2012,2020-06-17 09:37:21.200,2723.2000,6233,0,115147140.000,0,-,-,-,-,2722.4000,2721.2000,2721.0000,2720.0000,2719.6000,2724.6000,2725.0000,2727.8000,2729.2000,2729.8000,1,1,1,1,1,1,2,2,1,1
SF,IH2012,2020-06-17 09:37:22.200,2722.4000,6234,1,115963860.000,1,1,0,双开,S,2721.2000,2721.0000,2720.0000,2719.6000,2719.2000,2724.4000,2724.6000,2725.0000,2727.8000,2729.2000,1,1,1,1,2,1,1,2,2,1
SF,IH2012,2020-06-17 09:37:22.700,2722.4000,6234,0,115963860.000,0,-,-,-,-,2722.6000,2721.2000,2721.0000,2720.0000,2719.6000,2724.4000,2724.6000,2725.0000,2727.8000,2729.2000,1,1,1,1,1,1,1,2,2,1
SF,IH2012,2020-06-17 09:37:23.200,2722.6000,6234,0,116780640.000,1,0,1,多换,S,2721.2000,2721.0000,2720.0000,2719.6000,2719.2000,2722.6000,2724.4000,2724.6000,2725.0000,2727.8000,1,1,1,1,2,1,1,1,2,2
SF,IH2012,2020-06-17 09:37:23.700,2722.6000,6234,0,117597420.000,1,0,1,多换,S,2723.0000,2721.2000,2721.0000,2720.0000,2719.6000,2724.0000,2724.4000,2724.6000,2725.0000,2727.8000,1,1,1,1,1,1,1,1,1,2
SF,IH2012,2020-06-17 09:37:24.200,2723.0000,6235,1,118414320.000,1,1,0,双开,S,2721.4000,2721.2000,2721.0000,2720.0000,2719.6000,2722.8000,2724.0000,2724.4000,2724.6000,2725.0000,1,1,1,1,1,1,1,1,1,1
SF,IH2012,2020-06-17 09:37:24.700,2722.8000,6235,0,119231160.000,1,0,1,多换,S,2723.2000,2721.4000,2721.2000,2721.0000,2720.0000,2724.0000,2724.6000,2725.0000,2727.8000,2729.2000,1,1,1,1,1,1,1,1,2,1
SF,IH2012,2020-06-17 09:37:25.200,2723.2000,6236,1,120048120.000,1,1,0,双开,S,2721.2000,2721.0000,2720.0000,2719.6000,2719.2000,2724.0000,2724.6000,2725.0000,2727.8000,2729.2000,1,1,1,1,2,1,1,1,2,1
SF,IH2012,2020-06-17 09:37:25.700,2723.2000,6236,0,120048120.000,0,-,-,-,-,2721.8000,2721.4000,2721.2000,2721.0000,2720.0000,2724.0000,2724.6000,2725.0000,2727.8000,2729.2000,1,1,1,1,1,1,1,1,2,1
SF,IH2012,2020-06-17 09:37:26.200,2723.2000,6236,0,120048120.000,0,-,-,-,-,2722.0000,2721.8000,2721.4000,2721.2000,2721.0000,2723.8000,2724.0000,2725.0000,2727.8000,2729.2000,1,1,1,1,1,1,1,1,2,1
SF,IH2012,2020-06-17 09:37:27.700,2723.2000,6236,0,120048120.000,0,-,-,-,-,2722.2000,2722.0000,2721.4000,2721.2000,2721.0000,2723.8000,2724.0000,2725.0000,2727.8000,2729.2000,1,1,1,1,1,1,1,1,2,1
SF,IH2012,2020-06-17 09:37:28.200,2723.2000,6236,0,120048120.000,0,-,-,-,-,2722.2000,2722.0000,2721.4000,2721.2000,2721.0000,2723.6000,2723.8000,2725.0000,2727.8000,2729.2000,1,1,1,1,1,1,1,1,2,1
SF,IH2012,2020-06-17 09:37:29.200,2723.2000,6236,0,120048120.000,0,-,-,-,-,2722.4000,2722.2000,2722.0000,2721.4000,2721.2000,2723.6000,2723.8000,2725.0000,2727.8000,2729.2000,1,1,1,1,1,1,1,1,2,1
SF,IH2012,2020-06-17 09:37:29.700,2723.2000,6236,0,120048120.000,0,-,-,-,-,2722.4000,2722.2000,2722.0000,2721.4000,2721.2000,2723.4000,2723.6000,2725.0000,2727.8000,2729.2000,1,1,1,1,1,1,1,1,2,1
SF,IH2012,2020-06-17 09:37:30.200,2723.4000,6237,1,120865140.000,1,1,0,双开,S,2722.4000,2722.2000,2722.0000,2721.4000,2721.2000,2725.0000,2727.8000,2729.2000,2729.8000,2732.0000,1,1,2,1,1,1,2,1,1,6
SF,IH2012,2020-06-17 09:37:30.700,2723.4000,6237,0,120865140.000,0,-,-,-,-,2722.6000,2722.4000,2722.2000,2722.0000,2721.4000,2725.0000,2727.8000,2729.2000,2729.8000,2732.0000,1,1,1,1,1,1,2,1,1,6
SF,IH2012,2020-06-17 09:37:31.200,2723.4000,6237,0,120865140.000,0,-,-,-,-,2722.6000,2722.4000,2722.2000,2722.0000,2721.4000,2724.4000,2725.0000,2727.8000,2729.2000,2729.8000,1,1,1,1,1,1,1,2,1,1
SF,IH2012,2020-06-17 09:37:32.700,2722.6000,6238,1,121681920.000,1,1,0,双开,S,2722.4000,2722.2000,2722.0000,2721.4000,2721.2000,2724.2000,2724.4000,2725.0000,2727.8000,2729.2000,1,1,1,1,1,1,1,1,2,1
SF,IH2012,2020-06-17 09:37:33.200,2722.6000,6238,0,121681920.000,0,-,-,-,-,2722.4000,2722.2000,2722.0000,2721.2000,2721.0000,2724.2000,2724.4000,2725.0000,2727.8000,2729.2000,1,1,1,1,1,1,1,1,2,1
SF,IH2012,2020-06-17 09:37:33.700,2722.6000,6238,0,121681920.000,0,-,-,-,-,2722.2000,2722.0000,2721.2000,2721.0000,2720.0000,2724.2000,2724.4000,2724.6000,2725.0000,2727.8000,1,1,1,1,1,1,1,1,1,2
SF,IH2012,2020-06-17 09:37:34.200,2722.6000,6238,0,121681920.000,0,-,-,-,-,2722.2000,2722.0000,2721.2000,2721.0000,2720.0000,2724.0000,2724.2000,2724.6000,2725.0000,2727.8000,1,1,1,1,1,2,1,1,1,2
SF,IH2012,2020-06-17 09:37:34.700,2722.6000,6238,0,121681920.000,0,-,-,-,-,2722.0000,2721.2000,2721.0000,2720.0000,2719.6000,2723.8000,2724.0000,2724.6000,2725.0000,2727.8000,1,1,2,1,1,1,2,1,1,2
SF,IH2012,2020-06-17 09:37:35.700,2722.6000,6238,0,121681920.000,0,-,-,-,-,2722.0000,2721.2000,2721.0000,2720.0000,2719.6000,2723.6000,2723.8000,2724.0000,2724.6000,2725.0000,1,1,2,1,1,1,1,2,1,1
SF,IH2012,2020-06-17 09:37:36.200,2722.6000,6238,0,121681920.000,0,-,-,-,-,2722.0000,2721.2000,2721.0000,2720.0000,2719.6000,2723.6000,2723.8000,2724.0000,2724.6000,2725.0000,1,1,2,1,1,1,1,1,1,1
SF,IH2012,2020-06-17 09:37:36.700,2722.6000,6238,0,121681920.000,0,-,-,-,-,2722.0000,2721.2000,2721.0000,2720.0000,2719.6000,2723.4000,2723.6000,2723.8000,2724.6000,2725.0000,1,1,2,1,1,1,1,1,1,1
SF,IH2012,2020-06-17 09:37:37.200,2723.4000,6238,0,122498940.000,1,0,1,多换,S,2722.2000,2722.0000,2721.2000,2721.0000,2720.0000,2723.6000,2723.8000,2724.6000,2725.0000,2727.8000,1,1,1,2,1,1,1,1,1,2
SF,IH2012,2020-06-17 09:37:38.200,2723.4000,6238,0,122498940.000,0,-,-,-,-,2722.2000,2722.0000,2721.2000,2721.0000,2720.0000,2723.6000,2723.8000,2724.6000,2725.0000,2727.8000,1,1,1,2,1,1,1,1,1,2
SF,IH2012,2020-06-17 09:37:39.700,2723.4000,6238,0,122498940.000,0,-,-,-,-,2722.2000,2722.0000,2721.2000,2721.0000,2720.0000,2723.6000,2723.8000,2724.6000,2725.0000,2727.8000,1,1,1,1,1,1,1,1,1,2
SF,IH2012,2020-06-17 09:37:40.200,2723.4000,6238,0,122498940.000,0,-,-,-,-,2722.4000,2722.2000,2722.0000,2721.2000,2721.0000,2723.6000,2723.8000,2724.6000,2725.0000,2727.8000,3,1,1,1,1,1,1,1,1,2
SF,IH2012,2020-06-17 09:37:41.200,2723.8000,6240,2,124133160.000,2,2,0,双开,S,2722.6000,2722.4000,2722.2000,2722.0000,2721.2000,2724.6000,2725.0000,2727.8000,2729.2000,2729.8000,2,3,1,1,1,1,1,2,1,1
SF,IH2012,2020-06-17 09:37:41.700,2723.8000,6240,0,124133160.000,0,-,-,-,-,2723.8000,2722.8000,2722.6000,2722.4000,2722.2000,2724.6000,2725.0000,2727.8000,2729.2000,2729.8000,1,1,2,3,1,1,1,2,1,1
SF,IH2012,2020-06-17 09:37:42.200,2723.8000,6240,0,124950300.000,1,0,1,多换,S,2722.8000,2722.6000,2722.4000,2722.2000,2722.0000,2724.6000,2725.0000,2727.8000,2729.2000,2729.8000,1,2,3,1,1,1,1,2,1,1
SF,IH2012,2020-06-17 09:37:42.700,2723.8000,6240,0,124950300.000,0,-,-,-,-,2722.8000,2722.6000,2722.4000,2722.2000,2722.0000,2723.6000,2724.6000,2725.0000,2727.8000,2729.2000,1,1,3,1,1,2,1,1,2,1
SF,IH2012,2020-06-17 09:37:43.200,2723.8000,6240,0,124950300.000,0,-,-,-,-,2722.6000,2722.4000,2722.2000,2722.0000,2721.2000,2724.6000,2725.0000,2727.8000,2729.2000,2729.8000,1,3,1,1,1,1,1,2,1,1
SF,IH2012,2020-06-17 09:37:43.700,2723.8000,6240,0,124950300.000,0,-,-,-,-,2722.8000,2722.6000,2722.4000,2722.2000,2722.0000,2723.4000,2724.6000,2725.0000,2727.8000,2729.2000,1,1,3,1,1,1,1,1,2,1
SF,IH2012,2020-06-17 09:37:44.200,2722.8000,6240,0,125767140.000,1,0,1,多换,S,2722.6000,2722.4000,2722.2000,2722.0000,2721.2000,2723.4000,2724.6000,2725.0000,2727.8000,2729.2000,1,3,1,1,1,1,1,1,2,1
SF,IH2012,2020-06-17 09:37:44.700,2722.8000,6240,0,125767140.000,0,-,-,-,-,2722.4000,2722.2000,2722.0000,2721.2000,2721.0000,2723.4000,2724.6000,2725.0000,2727.8000,2729.2000,3,1,1,1,1,1,1,1,2,1
SF,IH2012,2020-06-17 09:37:45.200,2722.8000,6240,0,125767140.000,0,-,-,-,-,2722.4000,2722.2000,2722.0000,2721.8000,2721.2000,2723.4000,2724.6000,2725.0000,2727.8000,2729.2000,3,1,1,1,1,1,1,1,2,1
SF,IH2012,2020-06-17 09:37:45.700,2722.8000,6240,0,125767140.000,0,-,-,-,-,2722.4000,2722.2000,2722.0000,2721.8000,2721.2000,2723.2000,2723.4000,2724.6000,2727.8000,2729.2000,3,1,1,1,1,1,1,1,2,1
SF,IH2012,2020-06-17 09:37:46.200,2722.8000,6240,0,125767140.000,0,-,-,-,-,2722.4000,2722.2000,2722.0000,2721.2000,2721.0000,2723.0000,2723.2000,2723.4000,2724.6000,2727.8000,3,1,1,1,1,1,1,1,1,2
SF,IH2012,2020-06-17 09:37:46.700,2723.2000,6240,0,127401000.000,2,1,1,多换,S,2723.0000,2722.4000,2722.2000,2722.0000,2721.2000,2723.4000,2724.6000,2727.8000,2729.2000,2729.8000,1,3,1,1,1,1,1,2,1,1
SF,IH2012,2020-06-17 09:37:47.200,2723.4000,6241,1,128218020.000,1,1,0,双开,S,2723.4000,2723.0000,2722.4000,2722.2000,2722.0000,2724.6000,2727.8000,2729.2000,2729.8000,2730.0000,1,1,3,1,1,1,2,1,1,2
SF,IH2012,2020-06-17 09:37:47.700,2723.0000,6241,0,129851940.000,2,1,1,多换,S,2722.4000,2722.2000,2722.0000,2721.2000,2721.0000,2724.6000,2727.8000,2729.2000,2729.8000,2730.0000,3,1,1,1,1,1,2,1,1,2
SF,IH2012,2020-06-17 09:37:48.200,2723.0000,6241,0,129851940.000,0,-,-,-,-,2722.4000,2722.2000,2722.0000,2721.4000,2721.2000,2724.4000,2724.6000,2727.8000,2729.2000,2729.8000,3,1,1,1,1,1,1,2,1,1
SF,IH2012,2020-06-17 09:37:48.700,2723.0000,6241,0,129851940.000,0,-,-,-,-,2723.6000,2722.4000,2722.2000,2722.0000,2721.4000,2724.4000,2724.6000,2727.8000,2729.2000,2729.8000,1,3,1,1,1,1,1,2,1,1
SF,IH2012,2020-06-17 09:37:49.200,2723.6000,6241,0,130669020.000,1,0,1,多换,S,2722.4000,2722.2000,2722.0000,2721.4000,2721.2000,2723.4000,2724.6000,2727.8000,2729.2000,2729.8000,3,1,1,1,1,2,1,2,1,1
SF,IH2012,2020-06-17 09:37:49.700,2723.6000,6241,0,130669020.000,0,-,-,-,-,2722.4000,2722.2000,2722.0000,2721.4000,2721.2000,2724.6000,2727.8000,2729.2000,2729.8000,2730.0000,3,1,1,1,1,1,2,1,1,2
SF,IH2012,2020-06-17 09:37:50.200,2723.6000,6241,0,130669020.000,0,-,-,-,-,2722.4000,2722.2000,2722.0000,2721.4000,2721.2000,2724.4000,2724.6000,2727.8000,2729.2000,2729.8000,3,1,1,1,1,1,1,2,1,1
SF,IH2012,2020-06-17 09:37:50.700,2723.6000,6241,0,130669020.000,0,-,-,-,-,2722.4000,2722.2000,2722.0000,2721.4000,2721.2000,2724.4000,2724.6000,2727.8000,2729.2000,2729.8000,3,1,1,1,1,2,1,2,1,1
SF,IH2012,2020-06-17 09:37:51.200,2723.6000,6241,0,130669020.000,0,-,-,-,-,2722.4000,2722.2000,2722.0000,2721.4000,2721.2000,2724.4000,2724.6000,2727.8000,2729.2000,2729.8000,3,1,1,1,1,1,1,2,1,1
SF,IH2012,2020-06-17 09:37:51.700,2723.6000,6241,0,130669020.000,0,-,-,-,-,2722.4000,2722.2000,2722.0000,2721.4000,2721.2000,2724.2000,2724.4000,2724.6000,2727.8000,2729.2000,3,1,1,1,1,1,1,1,2,1
SF,IH2012,2020-06-17 09:37:52.200,2723.6000,6241,0,130669020.000,0,-,-,-,-,2722.2000,2722.0000,2721.4000,2721.2000,2721.0000,2724.0000,2724.2000,2724.6000,2727.8000,2729.2000,1,1,1,1,1,1,1,1,2,1
SF,IH2012,2020-06-17 09:37:52.700,2724.2000,6242,1,132303480.000,2,1,1,空开,S,2724.2000,2722.2000,2722.0000,2721.4000,2721.2000,2724.6000,2727.8000,2729.2000,2729.8000,2730.0000,1,1,1,1,1,1,2,1,1,2
SF,IH2012,2020-06-17 09:37:53.200,2724.2000,6241,-1,133120740.000,1,0,1,双平,S,2722.2000,2722.0000,2721.2000,2721.0000,2720.0000,2724.0000,2724.6000,2727.8000,2729.2000,2729.8000,1,1,1,1,1,2,1,2,1,1
SF,IH2012,2020-06-17 09:37:53.700,2724.2000,6241,0,133120740.000,0,-,-,-,-,2722.2000,2722.0000,2721.2000,2721.0000,2720.4000,2723.8000,2724.0000,2724.6000,2727.8000,2729.2000,1,1,1,1,1,1,2,1,2,1
SF,IH2012,2020-06-17 09:37:54.200,2724.2000,6241,0,133120740.000,0,-,-,-,-,2722.2000,2722.0000,2721.2000,2721.0000,2720.4000,2723.8000,2724.6000,2727.8000,2729.2000,2729.8000,1,1,1,1,1,1,1,2,1,1
SF,IH2012,2020-06-17 09:37:57.700,2724.2000,6241,0,133120740.000,0,-,-,-,-,2722.4000,2722.2000,2722.0000,2721.2000,2721.0000,2723.8000,2724.6000,2727.8000,2729.2000,2729.8000,3,1,1,1,1,1,1,2,1,1
SF,IH2012,2020-06-17 09:38:00.200,2724.2000,6241,0,133120740.000,0,-,-,-,-,2722.4000,2722.2000,2722.0000,2721.2000,2721.0000,2723.6000,2723.8000,2724.6000,2727.8000,2729.2000,3,1,1,1,1,1,1,1,2,1
SF,IH2012,2020-06-17 09:38:04.700,2724.2000,6241,0,133120740.000,0,-,-,-,-,2722.4000,2722.2000,2722.0000,2721.2000,2721.0000,2723.6000,2723.8000,2724.6000,2727.8000,2729.2000,3,2,1,1,1,1,1,1,2,1
SF,IH2012,2020-06-17 09:38:05.200,2724.2000,6241,0,133120740.000,0,-,-,-,-,2722.4000,2722.2000,2722.0000,2721.2000,2721.0000,2723.6000,2724.6000,2727.8000,2729.2000,2729.8000,3,2,1,1,1,1,1,2,1,1
SF,IH2012,2020-06-17 09:38:06.200,2724.2000,6241,0,133120740.000,0,-,-,-,-,2722.4000,2722.2000,2722.0000,2721.2000,2721.0000,2723.6000,2724.6000,2727.8000,2729.2000,2729.8000,3,2,1,1,1,1,1,2,1,1
SF,IH2012,2020-06-17 09:38:08.200,2724.2000,6241,0,133120740.000,0,-,-,-,-,2722.4000,2722.2000,2722.0000,2721.2000,2721.0000,2723.6000,2724.6000,2727.8000,2729.2000,2729.8000,3,2,2,1,1,1,1,2,1,1
SF,IH2012,2020-06-17 09:38:10.700,2724.2000,6241,0,133120740.000,0,-,-,-,-,2722.4000,2722.2000,2722.0000,2721.2000,2721.0000,2723.4000,2723.6000,2724.6000,2727.8000,2729.2000,3,2,2,1,1,1,1,1,2,1
SF,IH2012,2020-06-17 09:38:13.700,2723.4000,6242,1,133937760.000,1,1,0,双开,S,2723.4000,2722.4000,2722.2000,2722.0000,2721.2000,2723.6000,2724.6000,2727.8000,2729.2000,2729.8000,1,3,2,2,1,1,1,2,1,1
SF,IH2012,2020-06-17 09:38:14.200,2723.4000,6244,2,135571860.000,2,2,0,双开,S,2722.4000,2722.2000,2722.0000,2721.2000,2721.0000,2724.6000,2727.8000,2729.2000,2729.8000,2730.0000,3,2,2,1,1,1,2,1,1,2
SF,IH2012,2020-06-17 09:38:14.700,2723.4000,6244,0,135571860.000,0,-,-,-,-,2722.4000,2722.2000,2722.0000,2721.2000,2721.0000,2724.4000,2724.6000,2727.8000,2729.2000,2729.8000,3,2,2,1,1,1,1,2,1,1
SF,IH2012,2020-06-17 09:38:19.700,2723.4000,6244,0,135571860.000,0,-,-,-,-,2722.4000,2722.2000,2722.0000,2721.2000,2721.0000,2724.4000,2724.6000,2727.8000,2729.2000,2729.8000,3,2,2,1,1,1,1,2,1,1
SF,IH2012,2020-06-17 09:38:20.200,2723.4000,6244,0,135571860.000,0,-,-,-,-,2722.4000,2722.2000,2722.0000,2721.2000,2721.0000,2724.4000,2724.6000,2727.8000,2729.2000,2729.8000,3,1,2,1,1,1,1,2,1,1
SF,IH2012,2020-06-17 09:38:22.700,2723.4000,6244,0,135571860.000,0,-,-,-,-,2722.4000,2722.2000,2722.0000,2721.2000,2721.0000,2724.2000,2724.4000,2724.6000,2727.8000,2729.2000,3,1,2,1,1,1,1,1,2,1
SF,IH2012,2020-06-17 09:38:23.200,2723.4000,6244,0,135571860.000,0,-,-,-,-,2722.4000,2722.2000,2722.0000,2721.2000,2720.0000,2724.0000,2724.2000,2724.6000,2727.8000,2729.2000,3,1,2,1,1,1,1,1,2,1
SF,IH2012,2020-06-17 09:38:24.200,2723.4000,6244,0,135571860.000,0,-,-,-,-,2722.4000,2722.2000,2722.0000,2721.2000,2720.0000,2724.0000,2724.6000,2727.8000,2729.2000,2729.8000,3,1,2,1,1,1,1,2,1,1
SF,IH2012,2020-06-17 09:38:24.700,2723.4000,6244,0,135571860.000,0,-,-,-,-,2722.6000,2722.4000,2722.2000,2722.0000,2721.2000,2723.2000,2723.8000,2724.0000,2724.6000,2727.8000,1,3,1,2,1,1,1,1,1,2
SF,IH2012,2020-06-17 09:38:25.200,2723.2000,6243,-1,136388820.000,1,0,1,双平,S,2723.6000,2722.6000,2722.4000,2722.2000,2722.0000,2723.8000,2724.0000,2724.6000,2727.8000,2729.2000,1,1,3,1,1,1,1,1,2,1
SF,IH2012,2020-06-17 09:38:25.700,2723.6000,6243,0,137205900.000,1,0,1,多换,S,2722.6000,2722.4000,2722.2000,2722.0000,2721.2000,2723.6000,2723.8000,2724.6000,2727.8000,2729.2000,1,3,1,1,1,1,1,1,2,1
SF,IH2012,2020-06-17 09:38:26.200,2723.6000,6243,0,138022980.000,1,0,1,多换,S,2722.6000,2722.4000,2722.2000,2722.0000,2721.2000,2723.8000,2724.6000,2727.8000,2729.2000,2729.8000,1,3,1,1,1,1,1,2,1,1
SF,IH2012,2020-06-17 09:38:34.700,2723.8000,6244,1,138840120.000,1,1,0,双开,S,2722.6000,2722.4000,2722.2000,2722.0000,2721.2000,2724.6000,2727.8000,2729.2000,2729.8000,2730.0000,1,3,1,1,1,1,2,1,1,2
SF,IH2012,2020-06-17 09:38:35.200,2723.8000,6244,0,138840120.000,0,-,-,-,-,2722.4000,2722.2000,2722.0000,2721.2000,2720.0000,2724.4000,2724.6000,2727.8000,2729.2000,2729.8000,3,1,1,1,1,1,1,2,1,1
SF,IH2012,2020-06-17 09:38:35.700,2723.8000,6244,0,138840120.000,0,-,-,-,-,2722.4000,2722.2000,2722.0000,2721.2000,2720.8000,2724.4000,2724.6000,2727.8000,2729.2000,2729.8000,3,1,1,1,1,1,1,2,1,1
SF,IH2012,2020-06-17 09:38:36.200,2723.8000,6244,0,138840120.000,0,-,-,-,-,2722.4000,2722.2000,2722.0000,2721.2000,2720.8000,2724.2000,2724.4000,2724.6000,2727.8000,2729.2000,3,1,1,1,1,1,1,1,2,1
SF,IH2012,2020-06-17 09:38:36.700,2723.8000,6244,0,138840120.000,0,-,-,-,-,2722.4000,2722.2000,2722.0000,2721.2000,2720.8000,2724.0000,2724.2000,2724.6000,2727.8000,2729.2000,3,1,1,1,1,1,1,1,2,1
SF,IH2012,2020-06-17 09:38:38.200,2723.8000,6244,0,138840120.000,0,-,-,-,-,2722.4000,2722.2000,2722.0000,2721.2000,2720.8000,2724.0000,2724.6000,2727.8000,2729.2000,2729.8000,3,1,1,1,1,1,1,2,1,1
SF,IH2012,2020-06-17 09:38:43.200,2723.8000,6244,0,138840120.000,0,-,-,-,-,2722.4000,2722.2000,2722.0000,2721.2000,2720.8000,2723.8000,2724.0000,2724.6000,2727.8000,2729.2000,3,1,1,1,1,1,1,1,2,1
SF,IH2012,2020-06-17 09:38:43.700,2723.8000,6245,1,139657260.000,1,1,0,双开,S,2722.4000,2722.2000,2722.0000,2721.2000,2720.8000,2724.0000,2724.6000,2727.8000,2729.2000,2729.8000,3,1,1,1,1,1,1,2,1,1
SF,IH2012,2020-06-17 09:38:45.700,2723.8000,6245,0,139657260.000,0,-,-,-,-,2722.6000,2722.4000,2722.2000,2722.0000,2721.2000,2724.0000,2724.6000,2727.8000,2729.2000,2729.8000,1,3,1,1,1,1,1,2,1,1
SF,IH2012,2020-06-17 09:38:46.200,2723.8000,6245,0,139657260.000,0,-,-,-,-,2722.6000,2722.4000,2722.2000,2722.0000,2721.2000,2723.8000,2724.0000,2724.6000,2727.8000,2729.2000,1,3,1,1,1,1,1,1,2,1
SF,IH2012,2020-06-17 09:38:51.700,2723.8000,6245,0,139657260.000,0,-,-,-,-,2722.6000,2722.4000,2722.2000,2722.0000,2721.2000,2724.0000,2724.6000,2727.8000,2729.2000,2729.8000,1,3,1,1,1,1,1,2,1,1
