市场代码,合约代码,时间,最新,持仓,增仓,成交额,成交量,开仓,平仓,成交类型,方向,买一价,买二价,买三价,买四价,买五价,卖一价,卖二价,卖三价,卖四价,卖五价,买一量,买二量,买三量,买四量,买五量,卖一量,卖二量,卖三量,卖四量,卖五量
SF,IH2008,2020-07-07 09:29:00.200,3484.4000,4824,0,10453200.000,10.000,-,-,-,-,3484.2000,3475.0000,3471.0000,3470.0000,3465.0000,3488.8000,3489.0000,3494.6000,3498.0000,3499.0000,5,1,1,1,1,1,1,5,1,3
SF,IH2008,2020-07-07 09:30:00.200,3484.2000,4823,-1,23001480.000,12,5,7,多平,S,3481.0000,3471.0000,3468.0000,3465.0000,3460.0000,3484.2000,3494.6000,3498.0000,3499.0000,3501.2000,1,1,1,1,1,6,5,1,3,1
SF,IH2008,2020-07-07 09:30:00.700,3483.6000,4818,-5,29268900.000,6,0,6,多平,S,3481.0000,3471.0000,3468.0000,3465.0000,3460.0000,3481.6000,3483.6000,3484.0000,3484.2000,3488.6000,4,1,1,1,1,1,5,2,6,1
SF,IH2008,2020-07-07 09:30:01.200,3481.0000,4814,-4,35534880.000,6,1,5,多平,S,3481.6000,3471.0000,3468.0000,3465.0000,3460.0000,3483.6000,3484.0000,3484.2000,3488.6000,3498.0000,5,1,1,1,1,5,2,8,1,1
SF,IH2008,2020-07-07 09:30:01.700,3483.6000,4808,-6,47027220.000,11,2,9,多平,S,3481.6000,3471.0000,3468.0000,3465.0000,3460.0000,3484.0000,3484.2000,3488.6000,3498.0000,3499.0000,3,1,1,1,1,1,8,1,1,3
SF,IH2008,2020-07-07 09:30:02.200,3481.6000,4809,1,58516500.000,11,6,5,空开,S,3481.6000,3471.0000,3468.0000,3465.0000,3460.0000,3483.4000,3483.8000,3484.0000,3484.2000,3488.6000,2,1,1,1,1,1,1,1,9,1
SF,IH2008,2020-07-07 09:30:02.700,3484.0000,4809,0,61651320.000,3,1,2,多换,S,3483.6000,3481.6000,3471.0000,3468.0000,3465.0000,3484.2000,3488.0000,3488.6000,3498.0000,3499.0000,1,2,1,1,1,9,1,1,1,3
SF,IH2008,2020-07-07 09:30:03.200,3484.0000,4801,-8,75239340.000,13,2,11,多平,S,3484.0000,3483.6000,3481.6000,3471.0000,3468.0000,3488.0000,3488.6000,3498.0000,3499.0000,3501.2000,7,1,2,1,1,1,1,1,3,1
SF,IH2008,2020-07-07 09:30:03.700,3488.6000,4799,-2,79423920.000,4,1,3,多平,S,3488.8000,3484.0000,3483.6000,3481.6000,3471.0000,3498.0000,3499.0000,3501.2000,3502.0000,3510.0000,10,6,1,2,1,1,3,1,1,1
SF,IH2008,2020-07-07 09:30:04.200,3488.8000,4789,-10,89890200.000,10,0,10,双平,S,3484.2000,3484.0000,3483.6000,3481.6000,3471.0000,3488.8000,3493.2000,3497.4000,3498.0000,3499.0000,10,7,1,2,1,5,1,2,2,3
SF,IH2008,2020-07-07 09:30:04.700,3488.8000,4789,0,89890200.000,0,-,-,-,-,3484.2000,3484.0000,3483.6000,3481.6000,3471.0000,3488.8000,3493.2000,3497.4000,3497.8000,3498.0000,10,7,1,2,1,1,1,1,1,2
SF,IH2008,2020-07-07 09:30:05.200,3498.0000,4795,6,97231560.000,7,6,1,空开,S,3498.0000,3484.8000,3484.4000,3484.2000,3484.0000,3499.0000,3501.2000,3502.0000,3510.0000,3529.0000,3,1,1,10,7,3,1,1,1,1
SF,IH2008,2020-07-07 09:30:05.700,3498.0000,4795,0,100379760.000,3,1,2,多换,S,3488.0000,3484.8000,3484.4000,3484.2000,3484.0000,3496.4000,3497.4000,3497.6000,3498.0000,3498.8000,1,1,1,10,7,1,2,3,21,2
SF,IH2008,2020-07-07 09:30:06.200,3488.8000,4795,0,101426400.000,1,0,1,多换,S,3488.8000,3488.2000,3488.0000,3484.8000,3484.2000,3496.4000,3497.4000,3498.0000,3498.8000,3499.0000,8,1,2,1,10,1,2,10,2,3
SF,IH2008,2020-07-07 09:30:06.700,3488.8000,4795,0,103519680.000,2,1,1,多换,S,3488.8000,3488.0000,3484.8000,3484.2000,3484.0000,3496.4000,3497.4000,3498.0000,3499.0000,3501.2000,7,1,1,10,7,2,2,9,3,1
SF,IH2008,2020-07-07 09:30:07.200,3488.8000,4795,0,108759600.000,5,2,3,多换,S,3489.2000,3488.8000,3488.6000,3488.0000,3484.8000,3497.4000,3498.0000,3499.0000,3501.2000,3502.0000,1,6,1,1,1,2,10,3,1,1
SF,IH2008,2020-07-07 09:30:07.700,3488.8000,4795,0,108759600.000,0,-,-,-,-,3489.6000,3489.2000,3488.8000,3488.0000,3484.8000,3497.0000,3497.4000,3498.0000,3499.0000,3501.2000,1,2,6,1,1,1,2,3,3,1
SF,IH2008,2020-07-07 09:30:08.200,3489.6000,4796,1,110853360.000,2,1,1,空开,S,3489.4000,3489.2000,3488.8000,3488.0000,3484.8000,3496.8000,3497.4000,3498.0000,3499.0000,3501.2000,1,1,6,1,1,1,1,3,3,1
SF,IH2008,2020-07-07 09:30:08.700,3489.6000,4796,0,110853360.000,0,-,-,-,-,3490.2000,3489.8000,3488.8000,3488.0000,3484.8000,3490.8000,3496.8000,3497.4000,3498.0000,3499.0000,1,1,6,1,1,1,1,1,3,3
SF,IH2008,2020-07-07 09:30:09.200,3490.8000,4795,-1,111900600.000,1,0,1,双平,S,3490.2000,3489.8000,3488.8000,3488.0000,3484.8000,3496.8000,3497.4000,3498.0000,3499.0000,3501.2000,1,1,6,1,1,1,1,3,3,1
SF,IH2008,2020-07-07 09:30:09.700,3490.8000,4795,0,112947840.000,1,0,1,多换,S,3490.2000,3489.8000,3488.8000,3488.0000,3484.8000,3496.8000,3497.4000,3498.0000,3499.0000,3499.8000,1,1,6,1,1,1,1,3,3,1
SF,IH2008,2020-07-07 09:30:10.200,3490.8000,4795,0,112947840.000,0,-,-,-,-,3490.2000,3489.8000,3488.8000,3488.0000,3484.8000,3496.8000,3497.4000,3498.0000,3499.0000,3499.8000,1,1,6,1,1,1,1,3,3,1
SF,IH2008,2020-07-07 09:30:10.700,3490.2000,4795,0,115042020.000,2,1,1,多换,S,3488.8000,3488.0000,3484.8000,3484.2000,3484.0000,3490.8000,3496.8000,3497.4000,3498.0000,3499.0000,6,1,1,10,7,1,1,1,3,3
SF,IH2008,2020-07-07 09:30:11.200,3488.8000,4795,0,118182540.000,3,1,2,多换,S,3488.8000,3488.0000,3484.8000,3484.0000,3483.6000,3496.2000,3496.8000,3497.4000,3498.0000,3499.0000,4,1,1,7,1,1,1,1,3,3
SF,IH2008,2020-07-07 09:30:11.700,3488.8000,4795,0,119229180.000,1,0,1,多换,S,3488.0000,3484.8000,3484.0000,3483.6000,3482.2000,3496.0000,3496.2000,3497.4000,3498.0000,3499.0000,1,1,7,1,1,1,1,1,3,3
SF,IH2008,2020-07-07 09:30:12.200,3496.2000,4795,0,121326840.000,2,1,1,多换,S,3496.2000,3490.8000,3488.0000,3484.8000,3484.0000,3497.4000,3498.0000,3499.0000,3499.8000,3501.2000,9,20,1,1,7,1,3,3,1,1
SF,IH2008,2020-07-07 09:30:12.700,3496.2000,4791,-4,134962920.000,13,4,9,多平,S,3490.8000,3489.6000,3488.0000,3484.8000,3484.0000,3496.2000,3497.4000,3498.0000,3499.0000,3499.8000,20,1,1,1,7,1,1,3,3,1
SF,IH2008,2020-07-07 09:30:13.200,3496.2000,4791,0,134962920.000,0,-,-,-,-,3496.4000,3496.2000,3490.8000,3489.6000,3488.0000,3497.4000,3498.0000,3499.0000,3499.8000,3501.2000,1,5,20,1,2,1,3,3,1,1
SF,IH2008,2020-07-07 09:30:13.700,3497.2000,4784,-7,145454280.000,10,1,9,多平,S,3496.2000,3490.8000,3489.6000,3489.0000,3488.0000,3497.4000,3498.0000,3499.0000,3499.8000,3501.2000,5,20,1,3,2,1,3,3,1,1
SF,IH2008,2020-07-07 09:30:14.200,3497.4000,4784,0,147552360.000,2,1,1,多换,S,3496.2000,3490.8000,3489.6000,3489.0000,3488.0000,3498.0000,3499.0000,3501.2000,3502.0000,3504.6000,4,20,1,4,2,3,3,1,1,3
SF,IH2008,2020-07-07 09:30:14.700,3497.8000,4781,-3,151749240.000,4,0,4,多平,S,3496.2000,3490.8000,3489.6000,3489.0000,3488.0000,3498.0000,3499.0000,3501.2000,3502.0000,3504.6000,5,20,1,4,2,3,3,1,1,3
SF,IH2008,2020-07-07 09:30:15.200,3498.0000,4783,2,156995700.000,5,3,2,空开,S,3498.0000,3496.2000,3490.8000,3489.6000,3489.0000,3499.0000,3501.2000,3502.0000,3504.6000,3510.0000,6,5,20,1,3,3,1,1,4,1
SF,IH2008,2020-07-07 09:30:15.700,3498.0000,4783,0,159094500.000,2,1,1,多换,S,3498.0000,3496.2000,3490.8000,3489.6000,3489.0000,3499.0000,3501.2000,3502.0000,3504.6000,3510.0000,5,3,20,1,3,3,1,1,4,1
SF,IH2008,2020-07-07 09:30:16.200,3499.0000,4782,-1,162243300.000,3,1,2,多平,S,3498.0000,3496.2000,3490.8000,3489.6000,3489.0000,3499.0000,3501.2000,3502.0000,3504.6000,3506.2000,5,3,20,1,3,2,1,1,1,3
SF,IH2008,2020-07-07 09:30:16.700,3498.0000,4782,0,165391800.000,3,1,2,多换,S,3498.0000,3496.2000,3490.8000,3489.6000,3488.0000,3499.0000,3501.2000,3502.0000,3504.6000,3506.2000,3,3,23,1,2,1,1,1,1,3
SF,IH2008,2020-07-07 09:30:17.200,3498.0000,4782,0,166441200.000,1,0,1,多换,S,3498.0000,3496.2000,3490.8000,3489.6000,3488.0000,3499.0000,3501.2000,3502.0000,3504.6000,3506.2000,2,3,23,1,2,1,1,1,1,3
SF,IH2008,2020-07-07 09:30:17.700,3498.0000,4782,0,169589700.000,3,1,2,多换,S,3496.2000,3490.8000,3489.6000,3488.0000,3485.6000,3501.2000,3502.0000,3506.2000,3510.0000,3529.0000,3,23,1,1,1,1,1,3,1,1
SF,IH2008,2020-07-07 09:30:18.200,3498.0000,4782,0,169589700.000,0,-,-,-,-,3498.0000,3496.2000,3490.8000,3489.6000,3488.0000,3501.2000,3502.0000,3506.2000,3510.0000,3529.0000,1,3,23,1,1,1,1,3,1,1
SF,IH2008,2020-07-07 09:30:18.700,3498.0000,4782,0,169589700.000,0,-,-,-,-,3498.0000,3496.2000,3490.8000,3489.6000,3488.0000,3501.2000,3502.0000,3508.4000,3510.0000,3529.0000,1,3,23,1,1,1,1,3,1,1
SF,IH2008,2020-07-07 09:30:19.200,3498.0000,4782,0,169589700.000,0,-,-,-,-,3499.0000,3498.0000,3496.2000,3490.8000,3489.6000,3501.2000,3502.0000,3508.4000,3510.0000,3529.0000,1,1,3,23,1,1,1,3,1,1
SF,IH2008,2020-07-07 09:30:19.700,3501.2000,4783,1,172739160.000,3,2,1,空开,S,3501.2000,3499.0000,3498.0000,3496.2000,3490.8000,3502.0000,3508.4000,3510.0000,3529.0000,3544.0000,3,1,1,3,23,1,3,1,1,1
SF,IH2008,2020-07-07 09:30:20.200,3502.0000,4782,-1,174840120.000,2,0,2,多平,S,3501.2000,3499.0000,3498.0000,3496.2000,3490.8000,3508.4000,3510.0000,3529.0000,3544.0000,3551.2000,4,1,2,3,23,3,1,1,1,3
SF,IH2008,2020-07-07 09:30:20.700,3502.0000,4782,0,174840120.000,0,-,-,-,-,3501.4000,3501.2000,3499.0000,3498.0000,3496.2000,3507.8000,3508.4000,3510.0000,3529.0000,3544.0000,1,24,1,2,3,1,3,1,1,1
SF,IH2008,2020-07-07 09:30:21.200,3501.4000,4781,-1,175890540.000,1,0,1,双平,S,3501.2000,3500.0000,3499.0000,3498.0000,3496.2000,3507.6000,3510.0000,3515.0000,3529.0000,3544.0000,26,1,1,2,3,1,1,3,1,1
SF,IH2008,2020-07-07 09:30:21.700,3501.2000,4781,0,176940900.000,1,0,1,多换,S,3501.2000,3500.0000,3499.0000,3498.0000,3496.2000,3507.6000,3508.2000,3510.0000,3515.0000,3529.0000,25,1,1,2,3,1,1,1,3,1
SF,IH2008,2020-07-07 09:30:22.200,3501.2000,4781,0,176940900.000,0,-,-,-,-,3501.2000,3500.0000,3499.0000,3498.0000,3496.2000,3507.6000,3508.2000,3509.6000,3510.0000,3515.0000,26,1,1,2,2,1,1,1,1,3
SF,IH2008,2020-07-07 09:30:22.700,3501.2000,4781,0,177991260.000,1,0,1,多换,S,3501.2000,3500.0000,3499.0000,3498.0000,3496.2000,3507.6000,3508.2000,3509.6000,3510.0000,3515.0000,25,1,1,2,2,1,1,1,1,3
SF,IH2008,2020-07-07 09:30:23.200,3501.2000,4781,0,177991260.000,0,-,-,-,-,3501.2000,3500.0000,3498.0000,3496.2000,3494.2000,3507.6000,3508.2000,3509.6000,3510.0000,3515.0000,25,1,2,2,3,1,1,1,1,3
SF,IH2008,2020-07-07 09:30:23.700,3507.6000,4781,0,179043540.000,1,0,1,多换,S,3501.6000,3501.2000,3500.0000,3498.0000,3496.2000,3507.2000,3508.2000,3509.6000,3510.0000,3515.0000,1,25,1,2,2,1,1,1,1,3
SF,IH2008,2020-07-07 09:30:24.200,3507.6000,4781,0,179043540.000,0,-,-,-,-,3501.8000,3501.6000,3501.2000,3500.0000,3498.0000,3507.2000,3508.2000,3510.0000,3515.0000,3529.0000,1,1,24,1,2,1,1,1,3,1
SF,IH2008,2020-07-07 09:30:24.700,3502.0000,4780,-1,180094140.000,1,0,1,双平,S,3501.8000,3501.6000,3501.2000,3500.0000,3498.0000,3507.2000,3508.2000,3510.0000,3515.0000,3529.0000,1,1,24,1,2,1,1,1,3,1
SF,IH2008,2020-07-07 09:30:25.200,3502.0000,4780,0,180094140.000,0,-,-,-,-,3501.8000,3501.6000,3501.2000,3500.0000,3498.0000,3507.2000,3508.2000,3510.0000,3515.0000,3529.0000,1,1,24,1,2,1,1,1,3,1
SF,IH2008,2020-07-07 09:30:25.700,3507.2000,4781,1,182198460.000,2,1,1,空开,S,3502.0000,3501.8000,3501.2000,3500.0000,3498.0000,3508.2000,3510.0000,3515.0000,3529.0000,3544.0000,1,1,24,1,2,1,1,3,1,1
SF,IH2008,2020-07-07 09:30:26.200,3507.2000,4781,0,182198460.000,0,-,-,-,-,3507.2000,3502.0000,3501.8000,3501.2000,3500.0000,3508.2000,3510.0000,3515.0000,3529.0000,3544.0000,2,1,1,24,1,1,1,3,1,1
SF,IH2008,2020-07-07 09:30:26.700,3507.2000,4780,-1,184302780.000,2,0,2,多平,S,3502.0000,3501.8000,3501.2000,3500.0000,3498.0000,3508.2000,3510.0000,3515.0000,3529.0000,3544.0000,1,1,24,1,2,1,1,3,1,1
SF,IH2008,2020-07-07 09:30:27.200,3507.2000,4780,0,184302780.000,0,-,-,-,-,3502.0000,3501.8000,3501.2000,3500.0000,3498.0000,3508.2000,3510.0000,3515.0000,3529.0000,3544.0000,1,1,24,1,2,1,1,3,1,1
SF,IH2008,2020-07-07 09:30:27.700,3508.2000,4779,-1,185355240.000,1,0,1,双平,S,3508.2000,3507.2000,3502.6000,3502.0000,3501.8000,3510.0000,3515.0000,3529.0000,3544.0000,3551.2000,2,1,1,1,1,1,3,1,1,3
SF,IH2008,2020-07-07 09:30:28.200,3508.2000,4778,-1,189564780.000,4,1,3,多平,S,3505.8000,3502.6000,3502.0000,3501.8000,3501.2000,3508.2000,3510.0000,3515.0000,3529.0000,3544.0000,1,1,1,1,24,1,1,3,1,1
SF,IH2008,2020-07-07 09:30:28.700,3508.2000,4774,-4,193774500.000,4,0,4,双平,S,3505.8000,3503.2000,3502.0000,3501.8000,3501.2000,3515.0000,3529.0000,3544.0000,3551.2000,3554.6000,1,1,1,1,24,3,1,1,3,1
SF,IH2008,2020-07-07 09:30:29.200,3508.2000,4774,0,193774500.000,0,-,-,-,-,3508.2000,3505.8000,3503.2000,3502.0000,3501.2000,3515.0000,3529.0000,3544.0000,3551.2000,3554.6000,1,1,1,1,24,3,1,1,3,1
SF,IH2008,2020-07-07 09:30:29.700,3514.8000,4772,-2,195881400.000,2,0,2,双平,S,3505.8000,3503.2000,3502.0000,3501.2000,3501.0000,3508.2000,3522.2000,3529.0000,3544.0000,3551.2000,1,1,1,24,1,1,3,1,1,3
SF,IH2008,2020-07-07 09:30:30.200,3508.2000,4772,0,196933860.000,1,0,1,多换,S,3508.2000,3505.8000,3503.2000,3502.0000,3501.2000,3522.2000,3529.0000,3544.0000,3551.2000,3554.6000,2,1,1,1,24,3,1,1,3,1
SF,IH2008,2020-07-07 09:30:30.700,3510.4000,4770,-2,203252820.000,6,2,4,多平,S,3508.4000,3503.2000,3502.0000,3501.2000,3501.0000,3520.0000,3522.2000,3529.0000,3544.0000,3551.2000,1,1,1,24,1,1,3,1,1,3
SF,IH2008,2020-07-07 09:30:31.200,3510.4000,4770,0,203252820.000,0,-,-,-,-,3508.4000,3502.0000,3501.2000,3500.0000,3498.6000,3513.2000,3520.0000,3527.2000,3529.0000,3544.0000,1,1,24,1,3,1,1,3,1,1
SF,IH2008,2020-07-07 09:30:31.700,3510.4000,4770,0,203252820.000,0,-,-,-,-,3510.4000,3508.8000,3508.6000,3508.4000,3502.0000,3513.2000,3518.0000,3520.0000,3527.2000,3529.0000,1,1,1,1,1,1,1,1,3,1
SF,IH2008,2020-07-07 09:30:32.200,3510.6000,4768,-2,207468480.000,4,1,3,多平,S,3508.8000,3508.6000,3508.2000,3502.0000,3501.2000,3518.2000,3527.2000,3529.0000,3544.0000,3551.2000,1,1,1,1,27,1,3,1,1,3
SF,IH2008,2020-07-07 09:30:32.700,3518.2000,4768,0,209579400.000,2,1,1,多换,S,3509.0000,3508.8000,3508.6000,3508.2000,3502.0000,3514.2000,3516.4000,3525.4000,3529.0000,3544.0000,1,1,1,1,1,1,1,3,1,1
SF,IH2008,2020-07-07 09:30:33.200,3514.2000,4767,-1,210633660.000,1,0,1,双平,S,3513.2000,3509.0000,3508.8000,3508.2000,3502.0000,3514.2000,3516.4000,3525.4000,3529.0000,3544.0000,3,1,1,1,1,1,1,3,1,1
SF,IH2008,2020-07-07 09:30:33.700,3511.6000,4770,3,215902980.000,5,4,1,空开,S,3509.6000,3509.2000,3509.0000,3508.2000,3502.0000,3513.2000,3514.2000,3516.4000,3525.4000,3529.0000,1,1,1,1,1,2,1,1,3,1
SF,IH2008,2020-07-07 09:30:34.200,3513.2000,4767,-3,221169720.000,5,1,4,多平,S,3509.8000,3509.6000,3509.2000,3508.2000,3502.0000,3513.2000,3514.2000,3516.4000,3525.4000,3529.0000,1,1,1,1,1,1,1,1,3,1
SF,IH2008,2020-07-07 09:30:34.700,3513.2000,4766,-1,223277640.000,2,0,2,多平,S,3509.8000,3509.6000,3508.2000,3502.0000,3501.2000,3516.4000,3520.4000,3529.0000,3544.0000,3551.2000,1,1,1,1,27,1,3,1,1,3
SF,IH2008,2020-07-07 09:30:35.200,3516.4000,4765,-1,224332560.000,1,0,1,双平,S,3510.4000,3509.8000,3508.2000,3502.0000,3501.2000,3518.4000,3520.4000,3529.0000,3544.0000,3551.2000,1,1,1,1,27,1,3,1,1,3
SF,IH2008,2020-07-07 09:30:35.700,3510.6000,4764,-1,225385740.000,1,0,1,双平,S,3510.4000,3510.0000,3508.2000,3503.2000,3501.2000,3514.8000,3518.2000,3518.4000,3525.6000,3529.0000,3,1,1,3,24,1,1,1,3,1
SF,IH2008,2020-07-07 09:30:36.200,3514.8000,4763,-1,226440180.000,1,0,1,双平,S,3514.8000,3513.2000,3511.4000,3510.6000,3510.4000,3518.2000,3518.4000,3525.6000,3529.0000,3544.0000,1,20,1,1,3,1,1,3,1,1
SF,IH2008,2020-07-07 09:30:36.700,3514.8000,4763,0,231712380.000,5,2,3,多换,S,3513.2000,3511.4000,3510.8000,3510.6000,3510.4000,3518.2000,3518.4000,3525.6000,3529.0000,3544.0000,21,1,1,1,2,1,1,3,1,1
SF,IH2008,2020-07-07 09:30:37.200,3518.2000,4762,-1,232767840.000,1,0,1,双平,S,3513.2000,3512.0000,3511.4000,3511.0000,3510.8000,3518.4000,3525.6000,3529.0000,3544.0000,3551.2000,21,2,1,1,1,1,3,1,1,3
SF,IH2008,2020-07-07 09:30:37.700,3518.4000,4762,0,233823360.000,1,0,1,多换,S,3518.2000,3513.2000,3512.0000,3511.4000,3511.0000,3525.6000,3529.0000,3544.0000,3551.2000,3554.6000,2,21,2,1,1,3,1,1,3,1
SF,IH2008,2020-07-07 09:30:38.200,3518.2000,4763,1,236989740.000,3,2,1,空开,S,3513.8000,3513.2000,3512.0000,3511.4000,3508.2000,3518.2000,3524.4000,3525.0000,3525.6000,3529.0000,1,21,2,1,1,4,4,1,3,1
SF,IH2008,2020-07-07 09:30:38.700,3518.2000,4764,1,240156120.000,3,2,1,空开,S,3513.8000,3513.2000,3512.0000,3511.4000,3508.2000,3518.2000,3525.0000,3525.6000,3529.0000,3544.0000,1,22,2,1,1,1,1,3,1,1
SF,IH2008,2020-07-07 09:30:39.200,3518.2000,4763,-1,242267040.000,2,0,2,多平,S,3518.4000,3518.2000,3514.4000,3513.8000,3513.2000,3525.0000,3525.6000,3529.0000,3544.0000,3551.2000,1,7,1,1,21,1,3,1,1,3
SF,IH2008,2020-07-07 09:30:39.700,3518.2000,4762,-1,244378020.000,2,0,2,多平,S,3518.2000,3514.4000,3513.8000,3513.2000,3512.0000,3525.0000,3525.6000,3529.0000,3544.0000,3551.2000,3,1,1,21,2,1,3,1,1,3
SF,IH2008,2020-07-07 09:30:40.200,3524.8000,4759,-3,248601840.000,4,0,4,多平,S,3516.4000,3514.4000,3513.2000,3511.4000,3506.0000,3518.2000,3525.0000,3529.0000,3532.2000,3544.0000,2,2,21,1,3,1,1,1,3,1
SF,IH2008,2020-07-07 09:30:40.700,3525.0000,4759,0,251770260.000,3,1,2,多换,S,3519.0000,3516.6000,3514.4000,3513.2000,3511.4000,3529.0000,3532.2000,3544.0000,3551.2000,3554.6000,2,1,2,21,1,1,3,1,3,1
SF,IH2008,2020-07-07 09:30:41.200,3528.8000,4757,-2,253884600.000,2,0,2,双平,S,3519.2000,3519.0000,3513.2000,3511.4000,3509.2000,3519.8000,3529.0000,3532.2000,3544.0000,3551.2000,1,1,21,1,3,1,1,3,1,3
SF,IH2008,2020-07-07 09:30:41.700,3519.4000,4756,-1,257052180.000,3,1,2,多平,S,3525.0000,3520.0000,3519.8000,3519.2000,3519.0000,3529.0000,3536.0000,3544.0000,3551.2000,3554.6000,1,1,1,1,1,1,3,1,3,1
SF,IH2008,2020-07-07 09:30:42.200,3522.4000,4758,2,260223360.000,3,2,1,空开,S,3519.4000,3519.0000,3513.2000,3512.2000,3501.2000,3525.0000,3529.0000,3536.0000,3544.0000,3551.2000,1,1,21,3,24,8,1,3,1,3
SF,IH2008,2020-07-07 09:30:42.700,3525.0000,4758,0,261280860.000,1,0,1,多换,S,3520.8000,3519.8000,3519.4000,3513.2000,3512.2000,3525.0000,3529.0000,3536.0000,3544.0000,3551.2000,1,1,1,21,3,1,1,3,1,3
SF,IH2008,2020-07-07 09:30:43.200,3529.0000,4758,0,265509240.000,4,2,2,多换,S,3519.4000,3513.2000,3512.2000,3501.2000,3498.0000,3536.0000,3538.0000,3544.0000,3554.6000,3576.0000,1,21,3,24,1,3,1,1,1,20
SF,IH2008,2020-07-07 09:30:43.700,3529.0000,4758,0,265509240.000,0,-,-,-,-,3519.8000,3519.6000,3519.4000,3513.2000,3512.2000,3531.4000,3532.2000,3534.8000,3535.8000,3536.0000,1,1,1,21,3,1,12,2,1,3
SF,IH2008,2020-07-07 09:30:44.200,3525.0000,4758,0,266566740.000,1,0,1,多换,S,3525.0000,3519.8000,3519.6000,3513.2000,3512.2000,3528.8000,3531.4000,3532.2000,3535.8000,3538.6000,1,1,1,21,3,2,1,12,1,3
SF,IH2008,2020-07-07 09:30:44.700,3525.0000,4759,1,269739240.000,3,2,1,空开,S,3523.8000,3519.8000,3519.6000,3513.2000,3512.2000,3525.0000,3528.8000,3531.4000,3532.2000,3534.4000,1,1,1,21,3,3,2,1,12,1
SF,IH2008,2020-07-07 09:30:45.200,3523.8000,4756,-3,275026380.000,5,1,4,多平,S,3520.0000,3519.8000,3519.6000,3513.2000,3512.2000,3528.8000,3531.4000,3532.2000,3534.4000,3535.8000,1,1,1,21,3,2,1,12,1,1
SF,IH2008,2020-07-07 09:30:45.700,3528.8000,4754,-2,278202300.000,3,0,3,多平,S,3528.8000,3520.0000,3519.8000,3519.6000,3513.2000,3531.4000,3534.4000,3536.0000,3542.2000,3544.0000,4,1,1,1,21,1,1,3,1,1
SF,IH2008,2020-07-07 09:30:46.200,3528.8000,4754,0,284554140.000,6,3,3,多换,S,3520.6000,3520.2000,3519.8000,3513.2000,3501.2000,3523.8000,3528.8000,3531.2000,3534.4000,3542.2000,1,1,1,21,24,1,1,2,1,1
SF,IH2008,2020-07-07 09:30:46.700,3528.8000,4754,0,286670220.000,2,1,1,多换,S,3523.8000,3521.2000,3520.2000,3519.8000,3515.2000,3531.2000,3534.2000,3534.4000,3542.2000,3544.0000,4,1,1,1,3,2,3,1,1,1
SF,IH2008,2020-07-07 09:30:47.200,3524.0000,4752,-2,288786600.000,2,0,2,双平,S,3523.8000,3521.2000,3519.8000,3515.2000,3513.2000,3530.0000,3531.2000,3536.6000,3542.2000,3544.0000,2,1,1,3,21,1,2,3,1,1
SF,IH2008,2020-07-07 09:30:47.700,3530.0000,4750,-2,297258600.000,8,3,5,多平,S,3524.6000,3524.0000,3521.2000,3519.8000,3518.4000,3532.0000,3536.6000,3542.2000,3544.0000,3576.0000,2,2,1,1,3,1,3,1,1,20
SF,IH2008,2020-07-07 09:30:48.200,3531.2000,4748,-2,300436920.000,3,0,3,多平,S,3530.0000,3524.8000,3524.6000,3524.0000,3519.8000,3536.6000,3542.2000,3544.0000,3576.0000,3576.4000,1,1,2,1,1,3,1,1,20,1
SF,IH2008,2020-07-07 09:30:48.700,3530.0000,4748,0,303613920.000,3,1,2,多换,S,3524.8000,3524.6000,3524.0000,3522.6000,3519.8000,3535.0000,3536.4000,3536.6000,3542.2000,3544.0000,2,2,1,1,1,1,1,3,1,1
SF,IH2008,2020-07-07 09:30:49.200,3525.0000,4748,0,305731920.000,2,1,1,多换,S,3524.8000,3524.6000,3524.0000,3522.6000,3520.8000,3536.4000,3540.4000,3542.2000,3544.0000,3576.0000,2,2,1,1,1,1,3,1,1,20
SF,IH2008,2020-07-07 09:30:49.700,3525.0000,4748,0,305731920.000,0,-,-,-,-,3525.4000,3524.8000,3524.6000,3524.4000,3524.0000,3540.4000,3542.2000,3544.0000,3576.0000,3576.4000,1,2,2,1,1,3,1,1,20,1
SF,IH2008,2020-07-07 09:30:50.200,3525.0000,4748,0,305731920.000,0,-,-,-,-,3525.6000,3525.4000,3524.6000,3519.8000,3518.4000,3540.2000,3542.2000,3544.0000,3545.8000,3576.0000,1,2,2,1,3,1,1,1,3,20
SF,IH2008,2020-07-07 09:30:50.700,3525.0000,4748,0,305731920.000,0,-,-,-,-,3526.4000,3525.6000,3525.4000,3524.6000,3518.4000,3540.2000,3542.2000,3544.0000,3545.8000,3576.0000,1,1,1,2,3,1,1,1,3,20
SF,IH2008,2020-07-07 09:30:51.200,3540.0000,4749,1,306793920.000,1,1,0,双开,S,3526.6000,3526.4000,3524.6000,3518.4000,3513.2000,3538.4000,3540.2000,3542.2000,3544.0000,3545.8000,1,1,2,3,21,1,1,1,1,3
SF,IH2008,2020-07-07 09:30:51.700,3540.0000,4749,0,306793920.000,0,-,-,-,-,3527.6000,3526.8000,3526.6000,3526.4000,3525.2000,3538.2000,3538.4000,3539.4000,3542.2000,3544.0000,1,1,1,1,1,1,1,1,1,1
SF,IH2008,2020-07-07 09:30:52.200,3538.2000,4748,-1,308916840.000,2,0,2,多平,S,3527.8000,3527.6000,3526.8000,3526.4000,3525.2000,3538.2000,3538.4000,3539.4000,3542.2000,3544.0000,1,1,2,1,1,1,1,1,1,1
SF,IH2008,2020-07-07 09:30:52.700,3538.2000,4747,-1,309978300.000,1,0,1,双平,S,3531.2000,3528.4000,3528.0000,3527.8000,3527.6000,3537.2000,3538.2000,3539.4000,3544.0000,3545.8000,2,1,1,1,1,1,1,1,1,3
SF,IH2008,2020-07-07 09:30:53.200,3537.2000,4747,0,312098820.000,2,1,1,多换,S,3531.4000,3531.2000,3529.6000,3528.0000,3527.6000,3538.0000,3538.2000,3539.4000,3544.0000,3545.8000,1,1,1,1,1,1,1,1,1,3
SF,IH2008,2020-07-07 09:30:53.700,3537.2000,4747,0,312098820.000,0,-,-,-,-,3538.0000,3531.4000,3531.2000,3529.6000,3528.4000,3538.2000,3539.4000,3543.0000,3543.4000,3544.0000,1,1,1,1,2,1,1,1,3,1
SF,IH2008,2020-07-07 09:30:54.200,3538.0000,4745,-2,314221620.000,2,0,2,双平,S,3531.8000,3531.4000,3531.2000,3529.6000,3528.4000,3538.0000,3538.2000,3539.4000,3543.4000,3544.0000,3,1,1,1,2,9,1,1,3,1
SF,IH2008,2020-07-07 09:30:54.700,3538.0000,4745,0,314221620.000,0,-,-,-,-,3538.0000,3532.0000,3531.8000,3531.2000,3529.6000,3538.2000,3539.4000,3543.4000,3544.0000,3548.0000,1,1,3,1,1,1,1,3,1,1
SF,IH2008,2020-07-07 09:30:55.200,3537.2000,4743,-2,317405580.000,3,0,3,多平,S,3532.0000,3531.8000,3531.2000,3527.6000,3524.6000,3537.6000,3538.0000,3538.2000,3539.4000,3543.4000,1,3,1,1,2,1,9,1,1,3
SF,IH2008,2020-07-07 09:30:55.700,3537.6000,4741,-2,319528080.000,2,0,2,双平,S,3537.6000,3532.2000,3532.0000,3531.8000,3531.2000,3539.4000,3543.4000,3544.0000,3562.6000,3576.0000,2,1,1,3,1,1,3,1,2,20
SF,IH2008,2020-07-07 09:30:56.200,3537.6000,4739,-2,323773200.000,4,1,3,多平,S,3532.2000,3531.8000,3531.2000,3527.6000,3524.6000,3537.6000,3539.4000,3543.4000,3544.0000,3562.6000,2,3,1,1,2,5,1,3,1,2
SF,IH2008,2020-07-07 09:30:56.700,3537.6000,4739,0,328018320.000,4,2,2,多换,S,3532.4000,3532.2000,3531.8000,3531.2000,3527.6000,3539.4000,3543.0000,3543.4000,3544.0000,3562.6000,1,2,3,1,1,1,1,3,1,2
SF,IH2008,2020-07-07 09:30:57.200,3539.0000,4738,-1,329080020.000,1,0,1,双平,S,3532.6000,3532.2000,3531.2000,3530.8000,3527.6000,3539.4000,3543.0000,3543.4000,3544.0000,3562.6000,1,2,1,1,1,1,1,3,1,2
SF,IH2008,2020-07-07 09:30:57.700,3539.4000,4739,1,330141840.000,1,1,0,双开,S,3539.4000,3532.8000,3532.6000,3532.2000,3531.6000,3543.0000,3544.0000,3544.8000,3562.6000,3576.0000,2,1,1,1,1,1,1,3,2,20
SF,IH2008,2020-07-07 09:30:58.200,3539.4000,4735,-4,336512760.000,6,1,5,多平,S,3533.8000,3532.8000,3532.6000,3532.2000,3531.2000,3540.0000,3543.0000,3544.0000,3544.8000,3562.6000,1,1,1,1,1,1,1,1,3,2
SF,IH2008,2020-07-07 09:30:58.700,3540.0000,4734,-1,337574760.000,1,0,1,双平,S,3540.0000,3539.4000,3534.0000,3533.8000,3532.8000,3544.0000,3544.8000,3562.6000,3576.0000,3576.4000,1,1,2,1,1,1,3,2,20,1
SF,IH2008,2020-07-07 09:30:59.200,3540.0000,4732,-2,339698760.000,2,0,2,双平,S,3534.6000,3534.0000,3533.8000,3532.8000,3532.2000,3544.0000,3544.8000,3547.2000,3562.6000,3576.0000,3,3,1,1,1,1,3,1,2,20
SF,IH2008,2020-07-07 09:30:59.700,3544.0000,4732,0,340761960.000,1,0,1,多换,S,3544.4000,3534.8000,3534.6000,3534.4000,3534.0000,3547.2000,3549.4000,3562.6000,3576.0000,3576.4000,1,2,3,1,1,1,3,2,20,1
SF,IH2008,2020-07-07 09:31:00.200,3544.0000,4732,0,341825160.000,1,0,1,多换,S,3544.0000,3536.8000,3534.8000,3534.6000,3534.4000,3544.4000,3549.4000,3562.6000,3576.0000,3576.4000,1,1,2,3,1,12,3,2,20,1
SF,IH2008,2020-07-07 09:31:00.700,3536.8000,4730,-2,345010440.000,3,0,3,多平,S,3535.6000,3534.8000,3534.6000,3532.8000,3532.2000,3542.4000,3542.6000,3543.6000,3544.0000,3544.4000,1,2,3,1,1,2,2,1,4,12
SF,IH2008,2020-07-07 09:31:01.200,3542.4000,4729,-1,348194640.000,3,1,2,多平,S,3535.8000,3535.6000,3532.8000,3532.2000,3531.2000,3542.4000,3542.6000,3543.6000,3543.8000,3549.4000,2,1,1,1,1,1,2,1,1,3
SF,IH2008,2020-07-07 09:31:01.700,3542.4000,4728,-1,349257360.000,1,0,1,双平,S,3535.8000,3532.8000,3532.2000,3531.2000,3530.6000,3541.6000,3542.6000,3543.6000,3543.8000,3545.6000,3,1,1,1,1,1,2,1,1,1
SF,IH2008,2020-07-07 09:31:02.200,3541.6000,4727,-1,350319840.000,1,0,1,双平,S,3536.0000,3535.8000,3532.8000,3532.2000,3531.2000,3542.4000,3542.6000,3543.6000,3543.8000,3545.6000,2,2,1,1,1,1,2,1,1,1
SF,IH2008,2020-07-07 09:31:02.700,3542.4000,4726,-1,351382560.000,1,0,1,双平,S,3541.6000,3537.0000,3536.2000,3536.0000,3535.8000,3542.6000,3543.6000,3543.8000,3545.6000,3547.8000,1,2,1,2,2,2,1,1,1,3
SF,IH2008,2020-07-07 09:31:03.200,3541.6000,4725,-1,354570000.000,3,1,2,多平,S,3537.0000,3536.8000,3536.4000,3536.2000,3536.0000,3541.6000,3542.6000,3543.6000,3543.8000,3547.8000,2,1,1,2,1,2,2,1,1,3
SF,IH2008,2020-07-07 09:31:03.700,3541.6000,4724,-1,356693640.000,2,0,2,多平,S,3541.6000,3537.6000,3537.2000,3537.0000,3536.4000,3542.6000,3543.6000,3543.8000,3547.8000,3562.6000,1,1,1,2,1,2,1,1,3,2
SF,IH2008,2020-07-07 09:31:04.200,3541.6000,4723,-1,362005740.000,5,2,3,多平,S,3537.6000,3537.2000,3537.0000,3536.4000,3536.2000,3541.6000,3543.6000,3543.8000,3547.8000,3562.6000,1,1,2,1,4,1,1,1,3,2
SF,IH2008,2020-07-07 09:31:04.700,3541.6000,4720,-3,366254520.000,4,0,4,多平,S,3541.2000,3537.8000,3537.6000,3537.0000,3536.4000,3543.6000,3543.8000,3547.8000,3562.6000,3576.0000,1,1,1,2,1,1,1,3,2,20
SF,IH2008,2020-07-07 09:31:05.200,3541.2000,4721,1,369441600.000,3,2,1,空开,S,3537.8000,3537.6000,3536.2000,3535.8000,3535.0000,3543.6000,3543.8000,3547.8000,3562.6000,3576.0000,1,1,4,1,1,1,1,3,2,20
SF,IH2008,2020-07-07 09:31:05.700,3543.6000,4720,-1,370504680.000,1,0,1,双平,S,3538.0000,3537.8000,3536.2000,3535.8000,3532.8000,3543.8000,3547.8000,3562.6000,3576.0000,3576.4000,1,1,4,1,1,1,3,2,20,1
SF,IH2008,2020-07-07 09:31:06.200,3538.2000,4718,-2,374752200.000,4,1,3,多平,S,3538.4000,3538.2000,3538.0000,3537.6000,3536.2000,3547.8000,3562.6000,3576.0000,3576.4000,3579.0000,1,1,1,1,1,3,2,20,1,1
SF,IH2008,2020-07-07 09:31:06.700,3546.4000,4717,-1,377939100.000,3,1,2,多平,S,3543.6000,3539.2000,3538.6000,3537.6000,3536.2000,3547.6000,3553.2000,3562.6000,3576.0000,3576.4000,1,1,1,1,1,2,3,2,20,1
SF,IH2008,2020-07-07 09:31:07.200,3543.6000,4717,0,379002180.000,1,0,1,多换,S,3542.4000,3539.2000,3538.8000,3537.6000,3532.8000,3543.6000,3545.8000,3547.6000,3553.2000,3560.8000,1,1,2,1,1,4,1,2,3,1
SF,IH2008,2020-07-07 09:31:07.700,3542.4000,4716,-1,381127620.000,2,0,2,多平,S,3540.4000,3538.8000,3537.6000,3532.8000,3532.6000,3542.0000,3542.4000,3543.6000,3545.8000,3547.6000,1,2,1,1,3,1,3,4,1,2
SF,IH2008,2020-07-07 09:31:08.200,3541.8000,4713,-3,384314400.000,3,0,3,双平,S,3538.8000,3537.6000,3535.0000,3532.8000,3531.2000,3542.0000,3543.6000,3545.8000,3553.2000,3560.8000,2,1,3,1,1,1,1,1,3,1
SF,IH2008,2020-07-07 09:31:08.700,3538.8000,4710,-3,388561980.000,4,0,4,多平,S,3537.6000,3535.0000,3532.8000,3531.2000,3530.6000,3541.6000,3545.8000,3547.4000,3560.8000,3562.6000,1,3,1,1,1,1,1,3,1,2
SF,IH2008,2020-07-07 09:31:09.200,3541.6000,4709,-1,391748220.000,3,1,2,多平,S,3542.0000,3539.6000,3532.2000,3531.2000,3530.6000,3547.4000,3560.8000,3562.6000,3576.0000,3576.4000,19,1,3,1,1,3,1,2,20,1
SF,IH2008,2020-07-07 09:31:09.700,3542.0000,4724,15,411937620.000,19,17,2,空开,S,3532.2000,3531.2000,3530.6000,3530.0000,3527.8000,3541.2000,3542.0000,3547.4000,3548.0000,3560.8000,3,1,1,1,1,1,1,3,1,1
SF,IH2008,2020-07-07 09:31:10.200,3533.8000,4722,-2,414060120.000,2,0,2,双平,S,3532.4000,3532.2000,3531.2000,3530.6000,3530.0000,3541.0000,3542.0000,3547.4000,3548.0000,3560.8000,2,3,1,1,1,1,2,3,1,1
SF,IH2008,2020-07-07 09:31:10.700,3540.6000,4722,0,415122300.000,1,0,1,多换,S,3534.6000,3532.4000,3531.2000,3530.6000,3530.0000,3541.0000,3542.0000,3547.4000,3548.0000,3560.8000,1,3,1,1,1,1,2,3,1,1
SF,IH2008,2020-07-07 09:31:11.200,3541.0000,4721,-1,416184600.000,1,0,1,双平,S,3534.8000,3534.6000,3534.2000,3532.4000,3531.2000,3542.0000,3542.2000,3547.4000,3548.0000,3552.2000,2,1,1,1,1,5,1,3,1,1
SF,IH2008,2020-07-07 09:31:11.700,3535.0000,4720,-1,418307580.000,2,0,2,多平,S,3535.6000,3535.0000,3534.8000,3534.6000,3532.4000,3541.0000,3542.0000,3542.2000,3547.4000,3548.0000,1,1,1,1,1,1,4,1,3,1
SF,IH2008,2020-07-07 09:31:12.200,3535.6000,4719,-1,421491240.000,3,1,2,多平,S,3534.8000,3534.6000,3532.4000,3531.2000,3530.6000,3535.0000,3541.0000,3542.0000,3542.2000,3547.4000,1,1,1,1,1,1,1,2,1,3
SF,IH2008,2020-07-07 09:31:12.700,3541.0000,4717,-2,423614040.000,2,0,2,双平,S,3535.8000,3535.4000,3535.0000,3534.8000,3534.6000,3540.2000,3541.0000,3542.0000,3542.2000,3545.2000,1,1,6,1,1,1,1,2,1,1
SF,IH2008,2020-07-07 09:31:13.200,3535.4000,4715,-2,426797400.000,3,0,3,多平,S,3535.0000,3534.8000,3534.6000,3532.4000,3531.2000,3540.2000,3541.0000,3542.0000,3542.2000,3545.2000,1,1,1,1,1,1,1,2,1,1
SF,IH2008,2020-07-07 09:31:13.700,3536.6000,4713,-2,428920440.000,2,0,2,双平,S,3534.8000,3534.6000,3532.4000,3531.2000,3530.6000,3541.0000,3542.0000,3542.2000,3545.2000,3547.4000,1,1,1,1,1,1,2,1,1,3
SF,IH2008,2020-07-07 09:31:14.200,3540.6000,4712,-1,429982620.000,1,0,1,双平,S,3535.4000,3535.0000,3534.8000,3534.6000,3532.4000,3539.8000,3540.8000,3541.0000,3542.0000,3545.2000,1,1,1,1,1,1,1,1,2,1
SF,IH2008,2020-07-07 09:31:14.700,3535.6000,4710,-2,434226420.000,4,1,3,多平,S,3535.2000,3534.8000,3534.6000,3532.4000,3531.2000,3535.8000,3539.8000,3540.6000,3540.8000,3541.0000,1,1,1,1,1,5,1,3,1,1
SF,IH2008,2020-07-07 09:31:15.200,3537.4000,4705,-5,442714500.000,8,1,7,多平,S,3535.8000,3535.2000,3534.8000,3534.6000,3532.4000,3538.8000,3540.6000,3540.8000,3541.0000,3542.0000,2,1,1,1,1,1,3,1,1,2
SF,IH2008,2020-07-07 09:31:15.700,3538.8000,4705,0,443776140.000,1,0,1,多换,S,3539.0000,3535.8000,3535.2000,3534.8000,3534.6000,3540.6000,3540.8000,3541.0000,3542.0000,3544.2000,1,1,1,1,1,3,1,1,2,3
SF,IH2008,2020-07-07 09:31:16.200,3540.4000,4704,-1,446961660.000,3,1,2,多平,S,3535.2000,3534.8000,3534.6000,3532.4000,3530.6000,3535.8000,3539.0000,3540.6000,3541.0000,3542.0000,1,1,1,1,1,1,2,1,2,2
SF,IH2008,2020-07-07 09:31:16.700,3535.8000,4704,0,451204620.000,4,2,2,多换,S,3535.8000,3535.2000,3534.8000,3534.6000,3532.4000,3539.0000,3540.6000,3541.0000,3542.0000,3545.2000,1,1,1,1,1,2,1,2,1,1
SF,IH2008,2020-07-07 09:31:17.200,3538.8000,4703,-1,452266260.000,1,0,1,双平,S,3535.8000,3534.8000,3534.6000,3532.4000,3530.6000,3539.0000,3540.6000,3541.0000,3542.0000,3545.2000,1,1,1,1,1,2,1,2,1,1
SF,IH2008,2020-07-07 09:31:17.700,3535.6000,4701,-2,455449320.000,3,0,3,多平,S,3534.8000,3534.6000,3532.4000,3532.2000,3530.6000,3539.0000,3540.6000,3541.0000,3542.0000,3545.2000,1,1,1,1,1,2,1,2,1,1
SF,IH2008,2020-07-07 09:31:18.200,3539.0000,4701,0,456511020.000,1,0,1,多换,S,3534.8000,3534.6000,3532.4000,3530.6000,3530.0000,3535.8000,3538.8000,3541.0000,3542.0000,3544.4000,1,1,1,1,1,1,1,2,1,3
SF,IH2008,2020-07-07 09:31:18.700,3535.0000,4695,-6,464995860.000,8,1,7,多平,S,3534.8000,3534.6000,3532.4000,3530.6000,3530.0000,3538.8000,3540.0000,3541.0000,3542.0000,3544.4000,1,1,1,1,1,1,1,2,1,3
SF,IH2008,2020-07-07 09:31:19.200,3538.8000,4694,-1,470303040.000,5,2,3,多平,S,3539.0000,3534.8000,3534.6000,3532.4000,3530.6000,3540.0000,3541.0000,3542.0000,3544.4000,3545.2000,17,1,1,1,1,1,2,1,3,1
SF,IH2008,2020-07-07 09:31:19.700,3539.0000,4703,9,489413520.000,18,13,5,空开,S,3534.8000,3534.6000,3532.4000,3530.6000,3530.0000,3540.0000,3541.0000,3542.0000,3544.4000,3545.2000,1,1,1,1,1,1,2,1,4,1
SF,IH2008,2020-07-07 09:31:20.200,3539.8000,4702,-1,490475460.000,1,0,1,双平,S,3535.0000,3534.8000,3534.6000,3532.4000,3530.6000,3540.0000,3541.0000,3542.0000,3544.4000,3545.2000,1,1,1,1,1,1,2,1,3,1
SF,IH2008,2020-07-07 09:31:20.700,3539.8000,4701,-1,491537400.000,1,0,1,双平,S,3534.8000,3534.6000,3532.4000,3530.6000,3530.0000,3539.8000,3540.0000,3541.0000,3542.0000,3544.4000,1,1,1,1,1,1,1,2,1,3
SF,IH2008,2020-07-07 09:31:21.200,3534.8000,4699,-2,494720280.000,3,0,3,多平,S,3534.6000,3532.4000,3530.6000,3530.0000,3529.6000,3539.2000,3539.8000,3540.0000,3541.0000,3542.0000,1,1,1,1,3,1,1,1,2,1
SF,IH2008,2020-07-07 09:31:21.700,3534.6000,4697,-2,496842360.000,2,0,2,双平,S,3532.4000,3530.6000,3530.0000,3529.6000,3527.8000,3539.2000,3539.4000,3539.8000,3540.0000,3541.0000,1,1,1,3,1,1,1,1,1,2
SF,IH2008,2020-07-07 09:31:22.200,3538.8000,4697,0,497904000.000,1,0,1,多换,S,3532.6000,3532.4000,3530.6000,3530.0000,3529.6000,3538.6000,3539.2000,3539.8000,3540.0000,3541.0000,2,1,1,1,3,1,1,1,1,2
SF,IH2008,2020-07-07 09:31:22.700,3532.4000,4694,-3,504264300.000,6,1,5,多平,S,3530.6000,3530.0000,3527.8000,3527.6000,3527.2000,3532.4000,3538.6000,3539.8000,3540.0000,3541.0000,1,1,1,1,3,1,1,1,1,2
SF,IH2008,2020-07-07 09:31:23.200,3532.4000,4693,-1,505324020.000,1,0,1,双平,S,3533.0000,3532.4000,3532.0000,3530.6000,3530.0000,3534.6000,3538.6000,3539.8000,3540.0000,3541.0000,1,3,1,1,1,8,1,1,1,2
SF,IH2008,2020-07-07 09:31:23.700,3533.0000,4692,-1,510624840.000,5,2,3,多平,S,3532.4000,3532.0000,3530.6000,3530.0000,3527.8000,3534.4000,3534.6000,3537.6000,3537.8000,3539.2000,1,1,1,1,1,1,8,1,1,1
SF,IH2008,2020-07-07 09:31:24.200,3532.4000,4691,-1,511684560.000,1,0,1,双平,S,3532.0000,3530.6000,3530.0000,3527.8000,3527.6000,3534.4000,3534.6000,3537.6000,3537.8000,3539.0000,1,1,1,1,1,1,8,1,1,1
SF,IH2008,2020-07-07 09:31:24.700,3532.2000,4691,0,512744220.000,1,0,1,多换,S,3532.0000,3530.6000,3530.0000,3527.8000,3527.6000,3534.2000,3534.6000,3537.6000,3537.8000,3539.0000,1,1,1,1,1,2,8,1,1,1
SF,IH2008,2020-07-07 09:31:25.200,3532.0000,4691,0,513803820.000,1,0,1,多换,S,3530.6000,3530.0000,3527.8000,3527.6000,3527.2000,3534.2000,3534.6000,3537.8000,3539.8000,3540.0000,1,1,1,1,3,2,8,1,3,1
SF,IH2008,2020-07-07 09:31:25.700,3534.2000,4691,0,518044860.000,4,2,2,多换,S,3534.4000,3530.8000,3530.6000,3530.0000,3527.8000,3534.6000,3537.8000,3538.8000,3539.8000,3540.0000,6,1,1,1,1,8,1,1,3,2
SF,IH2008,2020-07-07 09:31:26.200,3534.4000,4695,4,524406780.000,6,5,1,空开,S,3530.6000,3530.0000,3527.8000,3527.6000,3527.2000,3534.2000,3534.4000,3534.6000,3537.8000,3538.8000,1,1,1,1,3,1,3,8,1,1
SF,IH2008,2020-07-07 09:31:26.700,3530.6000,4695,0,525465960.000,1,0,1,多换,S,3530.0000,3527.8000,3527.6000,3525.2000,3517.8000,3530.2000,3532.0000,3534.2000,3534.4000,3534.6000,1,1,1,3,1,1,1,1,2,8
SF,IH2008,2020-07-07 09:31:27.200,3532.0000,4693,-2,527584620.000,2,0,2,双平,S,3532.2000,3530.2000,3530.0000,3527.8000,3527.6000,3534.2000,3534.4000,3534.6000,3537.8000,3538.8000,2,1,2,1,1,1,2,8,1,1
SF,IH2008,2020-07-07 09:31:27.700,3532.2000,4690,-3,531825180.000,4,0,4,多平,S,3532.2000,3530.8000,3530.0000,3527.8000,3527.6000,3534.6000,3537.8000,3538.8000,3539.8000,3540.0000,1,1,2,1,1,8,1,1,3,2
SF,IH2008,2020-07-07 09:31:28.200,3532.2000,4690,0,531825180.000,0,-,-,-,-,3530.8000,3530.0000,3527.8000,3527.6000,3525.2000,3534.6000,3537.8000,3539.8000,3540.0000,3540.4000,1,2,1,1,3,8,1,3,2,1
SF,IH2008,2020-07-07 09:31:28.700,3531.0000,4689,-1,533943780.000,2,0,2,多平,S,3530.8000,3530.0000,3527.8000,3527.6000,3525.2000,3534.2000,3534.6000,3537.8000,3539.8000,3540.0000,1,1,1,1,3,1,8,1,3,2
SF,IH2008,2020-07-07 09:31:29.200,3530.8000,4688,-1,535003020.000,1,0,1,双平,S,3530.0000,3527.8000,3527.6000,3525.2000,3517.8000,3534.0000,3534.2000,3534.6000,3537.8000,3539.8000,1,1,1,3,1,1,1,8,1,3
SF,IH2008,2020-07-07 09:31:29.700,3530.0000,4687,-1,538181280.000,3,1,2,多平,S,3527.8000,3527.6000,3525.2000,3517.8000,3514.0000,3534.2000,3534.6000,3537.8000,3539.8000,3540.0000,1,1,3,1,1,1,8,1,3,1
SF,IH2008,2020-07-07 09:31:30.200,3534.2000,4688,1,539241540.000,1,1,0,双开,S,3528.2000,3528.0000,3527.8000,3527.6000,3525.2000,3533.8000,3534.6000,3537.8000,3539.8000,3540.0000,1,1,1,1,3,1,8,1,3,1
SF,IH2008,2020-07-07 09:31:30.700,3528.4000,4688,0,540300060.000,1,0,1,多换,S,3528.4000,3528.2000,3527.8000,3527.6000,3522.8000,3533.6000,3533.8000,3534.6000,3535.0000,3537.8000,1,1,1,1,3,1,1,8,1,1
SF,IH2008,2020-07-07 09:31:31.200,3528.4000,4688,0,542417100.000,2,1,1,多换,S,3529.0000,3528.2000,3527.8000,3527.6000,3527.2000,3533.6000,3533.8000,3534.6000,3535.0000,3537.8000,1,1,1,1,1,1,1,8,1,1
SF,IH2008,2020-07-07 09:31:31.700,3533.2000,4689,1,543477060.000,1,1,0,双开,S,3529.0000,3528.8000,3528.2000,3527.8000,3527.6000,3533.6000,3533.8000,3534.6000,3535.0000,3539.8000,1,1,1,1,1,1,1,8,1,3
SF,IH2008,2020-07-07 09:31:32.200,3529.2000,4686,-3,547714800.000,4,0,4,多平,S,3529.2000,3529.0000,3528.8000,3527.8000,3527.6000,3534.6000,3535.0000,3539.8000,3540.0000,3540.4000,1,1,2,1,1,8,1,3,1,1
SF,IH2008,2020-07-07 09:31:32.700,3529.2000,4680,-6,554075460.000,6,0,6,双平,S,3533.6000,3529.0000,3527.8000,3527.6000,3522.8000,3534.6000,3535.0000,3539.8000,3540.0000,3540.4000,1,2,1,1,3,3,1,3,1,1
SF,IH2008,2020-07-07 09:31:33.200,3529.8000,4677,-3,557254560.000,3,0,3,双平,S,3529.4000,3528.6000,3527.8000,3527.6000,3522.8000,3533.2000,3534.6000,3535.0000,3539.8000,3540.0000,2,1,1,1,3,2,3,1,3,1
SF,IH2008,2020-07-07 09:31:33.700,3533.2000,4675,-2,559374480.000,2,0,2,双平,S,3529.4000,3529.2000,3527.8000,3527.6000,3522.8000,3534.6000,3535.0000,3539.8000,3540.0000,3540.4000,2,1,1,1,3,3,1,3,1,1
SF,IH2008,2020-07-07 09:31:34.200,3529.6000,4674,-1,561493320.000,2,0,2,多平,S,3533.2000,3530.0000,3529.8000,3529.4000,3529.2000,3534.0000,3534.6000,3535.0000,3539.8000,3540.0000,1,1,1,1,1,1,3,1,3,1
SF,IH2008,2020-07-07 09:31:34.700,3532.8000,4673,-1,562553160.000,1,0,1,双平,S,3530.0000,3529.8000,3529.6000,3527.8000,3527.6000,3532.8000,3533.0000,3534.0000,3534.6000,3535.0000,2,1,1,1,1,2,1,1,3,1
SF,IH2008,2020-07-07 09:31:35.200,3530.2000,4671,-2,564672060.000,2,0,2,双平,S,3530.0000,3529.6000,3527.8000,3527.6000,3524.2000,3533.0000,3533.6000,3534.0000,3534.6000,3535.0000,1,1,1,1,3,1,1,1,3,1
SF,IH2008,2020-07-07 09:31:35.700,3533.0000,4671,0,565731960.000,1,0,1,多换,S,3530.0000,3529.6000,3527.8000,3527.6000,3524.2000,3533.6000,3534.0000,3534.6000,3535.0000,3539.8000,1,1,1,1,3,1,1,3,1,3
SF,IH2008,2020-07-07 09:31:36.200,3533.0000,4671,0,566791860.000,1,0,1,多换,S,3530.2000,3530.0000,3529.0000,3527.8000,3527.6000,3533.6000,3534.0000,3534.6000,3535.0000,3539.8000,1,1,1,1,1,1,1,3,1,3
SF,IH2008,2020-07-07 09:31:36.700,3533.0000,4671,0,566791860.000,0,-,-,-,-,3530.2000,3530.0000,3529.0000,3527.8000,3527.6000,3533.6000,3534.0000,3534.6000,3535.0000,3539.8000,1,1,1,1,1,1,1,3,1,3
SF,IH2008,2020-07-07 09:31:37.200,3530.0000,4672,1,568909920.000,2,1,1,空开,S,3529.0000,3527.8000,3527.6000,3524.2000,3517.8000,3530.2000,3533.6000,3534.0000,3534.6000,3535.0000,1,1,1,3,1,1,1,1,3,1
SF,IH2008,2020-07-07 09:31:37.700,3530.2000,4669,-3,572087100.000,3,0,3,双平,S,3529.4000,3527.8000,3527.6000,3524.2000,3517.8000,3533.6000,3534.0000,3534.6000,3535.0000,3539.8000,1,1,1,3,1,1,1,3,1,3
SF,IH2008,2020-07-07 09:31:38.200,3530.2000,4669,0,572087100.000,0,-,-,-,-,3529.4000,3527.8000,3527.6000,3524.2000,3517.8000,3531.8000,3532.4000,3533.6000,3534.0000,3534.6000,1,1,1,3,1,1,1,1,1,3
SF,IH2008,2020-07-07 09:31:38.700,3530.2000,4669,0,572087100.000,0,-,-,-,-,3527.8000,3527.6000,3525.0000,3524.2000,3517.8000,3531.0000,3532.4000,3533.6000,3534.0000,3534.6000,1,1,1,3,1,1,1,1,1,3
SF,IH2008,2020-07-07 09:31:39.200,3528.0000,4668,-1,574203900.000,2,0,2,多平,S,3527.8000,3527.6000,3525.0000,3524.2000,3517.8000,3530.6000,3531.0000,3533.6000,3534.0000,3534.6000,1,1,1,3,1,1,1,1,1,3
SF,IH2008,2020-07-07 09:31:39.700,3530.6000,4669,1,576322020.000,2,1,1,空开,S,3527.8000,3527.6000,3525.0000,3522.4000,3517.8000,3532.0000,3533.6000,3534.6000,3535.0000,3536.0000,1,1,1,3,1,1,1,3,1,3
SF,IH2008,2020-07-07 09:31:40.200,3530.6000,4669,0,576322020.000,0,-,-,-,-,3527.8000,3527.6000,3525.0000,3522.4000,3517.8000,3530.2000,3532.0000,3533.6000,3533.8000,3534.6000,1,1,1,3,1,1,1,1,1,3
SF,IH2008,2020-07-07 09:31:40.700,3528.2000,4669,0,578439540.000,2,1,1,多换,S,3527.8000,3527.6000,3525.0000,3522.4000,3517.8000,3531.2000,3532.0000,3533.6000,3533.8000,3534.6000,1,1,1,3,1,1,1,1,1,3
SF,IH2008,2020-07-07 09:31:41.200,3527.8000,4669,0,579497880.000,1,0,1,多换,S,3527.6000,3525.0000,3522.4000,3517.8000,3514.0000,3531.2000,3532.0000,3533.6000,3533.8000,3534.6000,1,1,3,1,1,1,1,1,1,3
SF,IH2008,2020-07-07 09:31:41.700,3527.6000,4670,1,580556160.000,1,1,0,双开,S,3525.0000,3522.4000,3517.8000,3514.0000,3513.2000,3527.6000,3531.2000,3533.6000,3533.8000,3534.6000,1,3,1,1,21,1,1,1,1,3
SF,IH2008,2020-07-07 09:31:42.200,3527.6000,4669,-1,581614440.000,1,0,1,双平,S,3525.0000,3522.4000,3517.8000,3514.0000,3513.2000,3531.2000,3533.6000,3533.8000,3534.6000,3535.0000,1,3,1,1,21,1,1,1,3,1
SF,IH2008,2020-07-07 09:31:42.700,3527.6000,4669,0,581614440.000,0,-,-,-,-,3525.0000,3519.6000,3517.8000,3514.0000,3513.2000,3531.2000,3533.6000,3533.8000,3534.6000,3535.0000,1,3,1,1,1,1,1,1,3,1
SF,IH2008,2020-07-07 09:31:43.200,3525.4000,4669,0,582672060.000,1,0,1,多换,S,3525.2000,3525.0000,3519.6000,3517.8000,3514.0000,3531.0000,3533.6000,3533.8000,3534.6000,3535.0000,1,1,3,1,1,1,1,1,3,1
SF,IH2008,2020-07-07 09:31:43.700,3525.4000,4669,0,582672060.000,0,-,-,-,-,3525.8000,3525.2000,3525.0000,3519.6000,3517.8000,3531.0000,3533.6000,3533.8000,3534.6000,3535.0000,1,1,1,3,1,1,1,1,3,1
SF,IH2008,2020-07-07 09:31:44.200,3525.4000,4670,1,583729680.000,1,1,0,双开,S,3525.2000,3525.0000,3519.6000,3514.0000,3513.2000,3531.0000,3533.6000,3533.8000,3534.6000,3535.0000,1,1,3,1,1,1,1,1,3,1
SF,IH2008,2020-07-07 09:31:44.700,3525.2000,4669,-1,584787240.000,1,0,1,双平,S,3525.0000,3519.6000,3514.0000,3513.2000,3510.0000,3525.8000,3529.6000,3531.0000,3533.6000,3533.8000,1,3,1,1,1,2,1,1,1,1
SF,IH2008,2020-07-07 09:31:45.200,3525.8000,4668,-1,586902720.000,2,0,2,多平,S,3525.0000,3519.6000,3514.0000,3513.2000,3510.0000,3529.6000,3531.0000,3533.6000,3533.8000,3534.6000,1,3,1,1,1,1,1,1,1,3
SF,IH2008,2020-07-07 09:31:45.700,3525.8000,4668,0,586902720.000,0,-,-,-,-,3525.0000,3519.6000,3514.0000,3513.2000,3510.0000,3529.4000,3529.6000,3530.6000,3533.6000,3533.8000,1,3,1,1,1,1,1,1,1,1
SF,IH2008,2020-07-07 09:31:46.200,3525.8000,4668,0,586902720.000,0,-,-,-,-,3525.0000,3519.6000,3514.0000,3513.2000,3510.0000,3528.6000,3529.4000,3530.6000,3533.6000,3533.8000,1,3,1,1,1,1,1,1,1,1
SF,IH2008,2020-07-07 09:31:46.700,3525.8000,4668,0,586902720.000,0,-,-,-,-,3525.0000,3519.6000,3514.0000,3513.2000,3510.0000,3528.4000,3528.6000,3530.6000,3533.6000,3533.8000,1,3,1,1,1,1,1,1,1,1
SF,IH2008,2020-07-07 09:31:47.200,3525.8000,4668,0,586902720.000,0,-,-,-,-,3525.0000,3519.6000,3514.0000,3513.2000,3510.0000,3528.4000,3528.6000,3530.6000,3533.6000,3533.8000,1,3,1,1,1,1,1,1,1,1
SF,IH2008,2020-07-07 09:31:47.700,3525.8000,4668,0,586902720.000,0,-,-,-,-,3525.0000,3519.6000,3514.0000,3513.2000,3510.0000,3528.4000,3528.6000,3533.6000,3533.8000,3534.6000,1,3,1,1,1,1,1,1,4,3
SF,IH2008,2020-07-07 09:31:48.200,3525.8000,4668,0,586902720.000,0,-,-,-,-,3525.0000,3519.6000,3514.0000,3513.2000,3510.0000,3528.4000,3528.6000,3533.6000,3533.8000,3534.6000,1,3,1,1,1,1,1,1,4,3
SF,IH2008,2020-07-07 09:31:48.700,3525.0000,4669,1,587960220.000,1,1,0,双开,S,3519.6000,3514.0000,3513.2000,3510.0000,3501.2000,3528.4000,3528.6000,3533.6000,3533.8000,3534.6000,3,1,1,1,2,1,1,1,4,3
SF,IH2008,2020-07-07 09:31:49.200,3525.0000,4669,0,587960220.000,0,-,-,-,-,3519.6000,3514.0000,3513.2000,3510.0000,3501.2000,3528.4000,3528.6000,3533.6000,3533.8000,3534.6000,3,1,1,1,2,1,1,1,4,3
SF,IH2008,2020-07-07 09:31:49.700,3525.0000,4669,0,587960220.000,0,-,-,-,-,3514.2000,3514.0000,3513.2000,3510.0000,3501.2000,3525.0000,3527.6000,3528.4000,3533.8000,3535.0000,3,1,1,1,2,3,2,1,4,2
SF,IH2008,2020-07-07 09:31:50.200,3525.0000,4669,0,589017720.000,1,0,1,多换,S,3514.2000,3514.0000,3513.2000,3510.0000,3501.2000,3525.0000,3527.6000,3533.8000,3535.0000,3541.0000,3,1,1,1,2,3,2,4,2,2
SF,IH2008,2020-07-07 09:31:50.700,3525.0000,4669,0,589017720.000,0,-,-,-,-,3514.6000,3514.0000,3513.2000,3510.0000,3508.8000,3519.6000,3524.6000,3525.0000,3527.6000,3533.8000,1,1,1,1,3,1,1,4,1,4
SF,IH2008,2020-07-07 09:31:51.200,3519.6000,4668,-1,590073600.000,1,0,1,双平,S,3519.6000,3514.6000,3514.0000,3513.2000,3510.0000,3524.4000,3524.6000,3525.0000,3527.6000,3530.4000,8,1,1,1,1,1,1,4,1,3
SF,IH2008,2020-07-07 09:31:51.700,3519.6000,4668,0,590073600.000,0,-,-,-,-,3519.8000,3519.6000,3514.6000,3514.0000,3513.2000,3524.4000,3524.6000,3525.0000,3527.6000,3530.4000,1,2,1,1,1,1,1,4,1,3
SF,IH2008,2020-07-07 09:31:52.200,3524.4000,4668,0,591130920.000,1,0,1,多换,S,3519.8000,3514.6000,3514.0000,3513.2000,3510.0000,3524.6000,3525.0000,3527.6000,3530.4000,3533.8000,1,1,1,1,1,1,4,1,3,1
SF,IH2008,2020-07-07 09:31:52.700,3524.4000,4668,0,591130920.000,0,-,-,-,-,3519.8000,3514.6000,3514.4000,3514.0000,3513.2000,3524.6000,3525.0000,3527.6000,3530.4000,3533.8000,1,1,3,1,1,1,4,1,3,1
SF,IH2008,2020-07-07 09:31:53.700,3524.6000,4667,-1,592188300.000,1,0,1,双平,S,3520.0000,3519.8000,3514.4000,3514.0000,3513.2000,3525.0000,3527.6000,3530.4000,3533.8000,3535.0000,1,1,3,1,1,4,1,3,1,2
SF,IH2008,2020-07-07 09:31:54.200,3524.6000,4667,0,592188300.000,0,-,-,-,-,3520.0000,3519.8000,3514.4000,3514.0000,3513.2000,3523.8000,3524.4000,3525.0000,3530.4000,3533.8000,1,1,3,1,1,1,1,4,3,1
SF,IH2008,2020-07-07 09:31:54.700,3523.8000,4667,0,593245440.000,1,0,1,多换,S,3523.8000,3520.0000,3514.4000,3514.0000,3513.2000,3524.4000,3525.0000,3530.4000,3533.8000,3535.0000,2,1,3,1,1,1,4,3,1,2
SF,IH2008,2020-07-07 09:31:55.200,3524.0000,4665,-2,600645780.000,7,2,5,多平,S,3524.6000,3524.0000,3520.0000,3514.4000,3514.0000,3525.0000,3530.4000,3533.8000,3535.0000,3541.0000,2,1,1,3,1,4,3,1,2,2
SF,IH2008,2020-07-07 09:31:55.700,3520.0000,4663,-2,604873620.000,4,1,3,多平,S,3514.4000,3514.0000,3513.2000,3510.0000,3501.2000,3524.6000,3525.0000,3530.4000,3533.8000,3535.0000,3,1,1,1,2,1,4,3,1,2
SF,IH2008,2020-07-07 09:31:56.200,3520.0000,4663,0,604873620.000,0,-,-,-,-,3516.0000,3514.4000,3514.0000,3513.2000,3510.0000,3524.6000,3525.0000,3530.4000,3533.8000,3535.0000,1,3,1,1,1,1,4,3,1,2
SF,IH2008,2020-07-07 09:31:56.700,3520.0000,4663,0,604873620.000,0,-,-,-,-,3516.0000,3514.0000,3513.2000,3510.6000,3510.0000,3523.6000,3524.2000,3524.6000,3525.0000,3530.4000,1,1,1,3,1,1,1,1,4,3
SF,IH2008,2020-07-07 09:31:57.200,3520.0000,4663,0,604873620.000,0,-,-,-,-,3518.0000,3516.0000,3514.0000,3513.2000,3510.6000,3523.6000,3524.0000,3524.2000,3524.6000,3525.0000,1,1,1,1,3,2,1,1,1,4
SF,IH2008,2020-07-07 09:31:57.700,3520.0000,4663,0,604873620.000,0,-,-,-,-,3518.0000,3516.0000,3514.0000,3513.2000,3510.6000,3523.2000,3523.6000,3524.0000,3524.6000,3525.0000,1,1,1,1,3,1,2,1,1,4
SF,IH2008,2020-07-07 09:31:58.200,3520.0000,4663,0,604873620.000,0,-,-,-,-,3518.0000,3516.0000,3514.0000,3513.2000,3510.6000,3523.2000,3523.6000,3524.6000,3525.0000,3528.6000,1,1,1,1,3,1,2,1,4,3
SF,IH2008,2020-07-07 09:31:58.700,3520.0000,4663,0,604873620.000,0,-,-,-,-,3518.0000,3516.0000,3514.0000,3513.2000,3512.6000,3523.2000,3523.6000,3524.6000,3525.0000,3528.6000,1,1,1,1,3,1,2,1,4,3
SF,IH2008,2020-07-07 09:31:59.200,3518.2000,4661,-2,606984540.000,2,0,2,双平,S,3518.0000,3516.0000,3515.6000,3514.0000,3513.2000,3523.2000,3523.6000,3524.6000,3525.0000,3528.6000,1,1,1,1,1,1,2,1,4,3
SF,IH2008,2020-07-07 09:31:59.700,3518.2000,4661,0,606984540.000,0,-,-,-,-,3518.0000,3516.0000,3515.6000,3514.0000,3513.2000,3523.2000,3523.6000,3524.6000,3525.0000,3528.6000,2,1,1,1,1,1,2,1,4,3
SF,IH2008,2020-07-07 09:32:00.200,3518.2000,4661,0,606984540.000,0,-,-,-,-,3518.4000,3518.0000,3516.0000,3515.6000,3514.0000,3523.0000,3523.2000,3523.6000,3524.6000,3525.0000,1,1,1,1,1,1,1,2,1,4
SF,IH2008,2020-07-07 09:32:00.700,3518.2000,4661,0,606984540.000,0,-,-,-,-,3518.4000,3518.0000,3517.8000,3516.0000,3515.6000,3523.0000,3523.2000,3523.6000,3524.6000,3525.0000,1,1,1,1,1,1,1,2,1,4
SF,IH2008,2020-07-07 09:32:01.200,3523.2000,4662,1,608041500.000,1,1,0,双开,S,3518.6000,3518.4000,3518.0000,3517.8000,3516.0000,3523.6000,3524.6000,3525.0000,3528.6000,3530.0000,1,1,1,1,1,2,1,4,3,1
SF,IH2008,2020-07-07 09:32:01.700,3523.2000,4662,0,608041500.000,0,-,-,-,-,3519.6000,3518.4000,3518.0000,3517.8000,3516.0000,3523.6000,3524.6000,3525.0000,3528.6000,3530.0000,1,1,1,1,1,2,1,3,3,1
SF,IH2008,2020-07-07 09:32:02.200,3523.6000,4661,-1,609098580.000,1,0,1,双平,S,3519.6000,3519.4000,3518.0000,3517.8000,3516.0000,3523.6000,3524.6000,3525.0000,3528.6000,3530.0000,1,1,1,1,1,1,1,3,3,1
SF,IH2008,2020-07-07 09:32:02.700,3523.6000,4660,-1,610155660.000,1,0,1,双平,S,3521.2000,3519.6000,3519.4000,3517.8000,3516.0000,3524.6000,3525.0000,3528.6000,3530.0000,3532.2000,1,1,1,1,1,1,3,3,1,1
SF,IH2008,2020-07-07 09:32:03.200,3523.8000,4661,1,612270180.000,2,1,1,空开,S,3521.2000,3519.6000,3519.4000,3517.8000,3516.0000,3525.0000,3528.6000,3530.0000,3533.8000,3535.0000,1,1,1,1,1,3,3,1,1,2
SF,IH2008,2020-07-07 09:32:03.700,3521.2000,4660,-1,615441540.000,3,1,2,多平,S,3522.4000,3520.4000,3519.6000,3517.8000,3516.0000,3525.0000,3530.0000,3530.4000,3533.8000,3535.0000,1,1,1,1,1,1,1,3,1,2
SF,IH2008,2020-07-07 09:32:04.200,3522.4000,4660,0,616498260.000,1,0,1,多换,S,3520.4000,3519.6000,3517.8000,3516.0000,3515.8000,3525.0000,3530.0000,3530.4000,3533.8000,3535.0000,1,1,1,1,3,1,1,3,1,2
SF,IH2008,2020-07-07 09:32:04.700,3525.0000,4659,-1,617555760.000,1,0,1,双平,S,3520.4000,3519.6000,3517.8000,3516.0000,3515.8000,3524.0000,3530.0000,3530.4000,3533.8000,3535.0000,1,1,1,1,3,1,1,3,1,2
SF,IH2008,2020-07-07 09:32:05.200,3524.0000,4659,0,618612960.000,1,0,1,多换,S,3521.0000,3519.6000,3517.8000,3516.0000,3515.8000,3530.0000,3530.4000,3533.8000,3535.0000,3538.2000,1,1,1,1,3,1,3,1,2,1
SF,IH2008,2020-07-07 09:32:05.700,3524.0000,4659,0,618612960.000,0,-,-,-,-,3521.4000,3521.0000,3519.6000,3517.8000,3516.0000,3530.0000,3530.4000,3533.8000,3535.0000,3538.2000,1,1,1,1,1,1,3,1,2,1
SF,IH2008,2020-07-07 09:32:06.200,3521.4000,4660,1,620725800.000,2,1,1,空开,S,3519.6000,3517.8000,3516.0000,3515.8000,3514.0000,3529.6000,3529.8000,3530.0000,3533.8000,3535.0000,1,1,1,3,1,1,2,1,1,2
SF,IH2008,2020-07-07 09:32:06.700,3521.4000,4659,-1,621782220.000,1,0,1,双平,S,3521.4000,3519.6000,3517.8000,3516.0000,3515.8000,3526.4000,3529.6000,3533.8000,3535.0000,3535.4000,2,1,1,1,3,1,1,1,2,3
SF,IH2008,2020-07-07 09:32:07.200,3521.4000,4658,-1,624951480.000,3,1,2,多平,S,3520.6000,3519.6000,3517.8000,3516.0000,3515.8000,3524.8000,3529.6000,3533.8000,3535.0000,3535.4000,1,1,1,1,3,1,1,1,2,3
SF,IH2008,2020-07-07 09:32:07.700,3521.4000,4658,0,624951480.000,0,-,-,-,-,3520.6000,3519.6000,3517.8000,3516.0000,3515.8000,3524.8000,3529.6000,3530.8000,3533.8000,3535.0000,1,1,1,1,3,1,1,1,1,2
SF,IH2008,2020-07-07 09:32:08.200,3521.4000,4658,0,624951480.000,0,-,-,-,-,3519.6000,3517.8000,3516.0000,3515.8000,3514.0000,3523.8000,3529.6000,3530.2000,3530.8000,3533.8000,1,1,1,3,1,1,1,3,1,1
SF,IH2008,2020-07-07 09:32:08.700,3523.8000,4655,-3,629180040.000,4,0,4,多平,S,3519.6000,3517.8000,3516.0000,3515.8000,3514.0000,3529.0000,3530.2000,3530.8000,3533.8000,3535.0000,1,1,1,3,1,1,3,1,1,2
SF,IH2008,2020-07-07 09:32:09.200,3523.8000,4655,0,629180040.000,0,-,-,-,-,3519.6000,3517.8000,3516.0000,3514.2000,3514.0000,3528.8000,3529.0000,3530.2000,3530.8000,3533.8000,1,1,1,3,1,1,1,3,1,1
SF,IH2008,2020-07-07 09:32:09.700,3523.8000,4655,0,629180040.000,0,-,-,-,-,3519.6000,3517.8000,3516.0000,3514.2000,3514.0000,3523.8000,3528.0000,3528.8000,3530.8000,3533.8000,1,1,1,3,1,1,1,1,1,1
SF,IH2008,2020-07-07 09:32:10.200,3523.8000,4655,0,630237180.000,1,0,1,多换,S,3523.8000,3519.8000,3519.6000,3517.8000,3516.0000,3528.0000,3528.4000,3530.8000,3533.8000,3534.2000,1,1,1,1,1,1,1,1,1,3
SF,IH2008,2020-07-07 09:32:10.700,3523.8000,4655,0,630237180.000,0,-,-,-,-,3519.8000,3519.6000,3517.8000,3514.2000,3514.0000,3528.0000,3528.4000,3530.8000,3533.8000,3534.2000,1,1,1,3,1,1,1,1,1,3
SF,IH2008,2020-07-07 09:32:11.200,3523.8000,4655,0,630237180.000,0,-,-,-,-,3520.4000,3519.6000,3517.8000,3514.2000,3514.0000,3527.6000,3528.0000,3528.4000,3530.8000,3531.8000,1,1,1,3,1,1,1,1,1,1
SF,IH2008,2020-07-07 09:32:11.700,3523.8000,4655,0,630237180.000,0,-,-,-,-,3520.8000,3520.4000,3519.6000,3517.8000,3514.2000,3527.2000,3527.4000,3527.6000,3528.0000,3528.4000,1,1,1,1,3,1,1,1,1,1
SF,IH2008,2020-07-07 09:32:12.200,3520.8000,4655,0,631293420.000,1,0,1,多换,S,3521.0000,3519.6000,3517.8000,3514.2000,3514.0000,3527.0000,3527.4000,3527.6000,3528.0000,3528.4000,1,1,1,3,1,1,1,1,1,1
SF,IH2008,2020-07-07 09:32:12.700,3520.8000,4655,0,631293420.000,0,-,-,-,-,3521.0000,3519.6000,3517.8000,3514.2000,3514.0000,3526.4000,3526.8000,3527.0000,3527.4000,3527.6000,1,1,1,3,1,1,1,1,1,1
SF,IH2008,2020-07-07 09:32:13.200,3519.6000,4655,0,633405540.000,2,1,1,多换,S,3517.8000,3515.4000,3514.0000,3513.2000,3510.0000,3519.6000,3526.2000,3526.4000,3526.8000,3527.6000,1,3,1,1,1,2,1,1,1,1
SF,IH2008,2020-07-07 09:32:13.700,3519.6000,4654,-1,636573180.000,3,1,2,多平,S,3519.6000,3517.8000,3515.4000,3514.0000,3513.2000,3523.4000,3527.6000,3528.4000,3530.8000,3531.8000,3,1,3,1,1,1,1,1,1,1
SF,IH2008,2020-07-07 09:32:14.200,3519.6000,4654,0,640797960.000,4,2,2,多换,S,3519.6000,3517.8000,3514.2000,3514.0000,3513.2000,3527.6000,3528.4000,3530.8000,3531.8000,3532.4000,2,1,3,1,1,2,1,1,1,3
SF,IH2008,2020-07-07 09:32:14.700,3519.6000,4655,1,645021480.000,4,2,2,空开,S,3517.8000,3514.2000,3514.0000,3513.2000,3510.0000,3527.4000,3527.6000,3528.4000,3530.8000,3531.8000,1,3,1,1,1,1,2,1,1,1
SF,IH2008,2020-07-07 09:32:15.200,3519.6000,4655,0,645021480.000,0,-,-,-,-,3517.8000,3514.2000,3514.0000,3513.2000,3510.0000,3519.6000,3527.0000,3527.4000,3527.6000,3530.0000,1,3,1,1,1,1,1,1,2,4
SF,IH2008,2020-07-07 09:32:15.700,3519.6000,4655,0,646077360.000,1,0,1,多换,S,3519.6000,3517.8000,3514.0000,3513.2000,3512.4000,3527.0000,3527.4000,3527.6000,3530.0000,3530.8000,1,1,1,1,3,1,2,2,4,1
SF,IH2008,2020-07-07 09:32:16.200,3517.8000,4657,2,648188040.000,2,2,0,双开,S,3514.0000,3513.2000,3512.4000,3510.0000,3505.0000,3517.8000,3520.8000,3526.6000,3526.8000,3527.0000,1,1,3,1,1,1,1,1,2,1
SF,IH2008,2020-07-07 09:32:16.700,3517.8000,4657,0,649243380.000,1,0,1,多换,S,3519.2000,3517.8000,3514.0000,3513.2000,3512.4000,3520.8000,3526.6000,3526.8000,3527.0000,3527.4000,1,2,1,1,3,1,1,3,1,1
SF,IH2008,2020-07-07 09:32:17.200,3520.8000,4656,-1,652411140.000,3,1,2,多平,S,3514.0000,3513.2000,3512.4000,3510.0000,3505.0000,3521.2000,3523.8000,3526.4000,3526.6000,3526.8000,1,1,3,1,1,1,1,1,1,1
SF,IH2008,2020-07-07 09:32:17.700,3520.8000,4656,0,652411140.000,0,-,-,-,-,3514.0000,3513.2000,3512.4000,3510.0000,3505.0000,3520.6000,3521.2000,3526.4000,3526.6000,3527.0000,1,1,3,1,1,1,1,1,4,1
SF,IH2008,2020-07-07 09:32:18.200,3520.8000,4656,0,652411140.000,0,-,-,-,-,3514.0000,3513.2000,3508.6000,3505.0000,3501.2000,3520.6000,3521.2000,3526.4000,3526.6000,3527.0000,1,1,3,1,2,1,1,1,4,1
SF,IH2008,2020-07-07 09:32:18.700,3520.6000,4656,0,653467320.000,1,0,1,多换,S,3514.0000,3513.2000,3508.6000,3505.0000,3502.2000,3518.6000,3520.2000,3521.2000,3526.4000,3526.6000,1,1,3,1,1,14,1,1,1,4
SF,IH2008,2020-07-07 09:32:19.200,3518.6000,4656,0,654522900.000,1,0,1,多换,S,3515.6000,3514.0000,3513.2000,3508.6000,3505.0000,3518.6000,3520.2000,3521.2000,3526.4000,3526.6000,1,1,1,3,1,13,1,1,1,4
SF,IH2008,2020-07-07 09:32:19.700,3518.6000,4656,0,655578480.000,1,0,1,多换,S,3515.6000,3514.0000,3513.2000,3508.6000,3505.0000,3518.6000,3519.2000,3520.2000,3521.2000,3526.4000,1,1,1,3,1,12,1,1,1,1
SF,IH2008,2020-07-07 09:32:20.200,3518.6000,4656,0,656634060.000,1,0,1,多换,S,3514.0000,3513.2000,3508.6000,3505.0000,3502.2000,3518.6000,3519.2000,3520.2000,3521.2000,3526.4000,1,1,3,1,1,11,1,1,1,1
SF,IH2008,2020-07-07 09:32:20.700,3518.6000,4656,0,658745220.000,2,1,1,多换,S,3514.0000,3513.6000,3513.2000,3508.6000,3505.0000,3518.6000,3519.2000,3520.2000,3521.2000,3524.0000,1,1,1,3,1,9,1,1,1,3
SF,IH2008,2020-07-07 09:32:21.700,3518.6000,4656,0,658745220.000,0,-,-,-,-,3514.2000,3514.0000,3513.2000,3508.6000,3505.0000,3518.6000,3519.2000,3520.2000,3521.2000,3524.0000,1,1,1,3,1,9,1,1,1,3
SF,IH2008,2020-07-07 09:32:22.200,3514.0000,4657,1,660853620.000,2,1,1,空开,S,3513.2000,3508.6000,3505.0000,3502.2000,3501.2000,3514.0000,3518.4000,3518.6000,3519.2000,3521.2000,1,3,1,1,2,1,1,9,1,1
SF,IH2008,2020-07-07 09:32:22.700,3514.0000,4658,1,662962020.000,2,1,1,空开,S,3514.0000,3513.2000,3508.6000,3505.0000,3502.2000,3518.4000,3518.6000,3521.2000,3524.0000,3526.4000,6,1,3,1,1,1,9,1,3,1
SF,IH2008,2020-07-07 09:32:23.200,3514.0000,4658,0,662962020.000,0,-,-,-,-,3514.0000,3513.2000,3508.6000,3505.0000,3502.2000,3518.4000,3518.6000,3521.2000,3524.0000,3526.4000,1,1,3,1,1,1,9,1,3,1
SF,IH2008,2020-07-07 09:32:23.700,3514.0000,4658,0,662962020.000,0,-,-,-,-,3513.2000,3508.6000,3505.0000,3502.2000,3501.2000,3517.4000,3518.6000,3521.2000,3524.0000,3526.4000,1,3,1,1,2,1,9,1,3,1
SF,IH2008,2020-07-07 09:32:24.700,3517.4000,4659,1,664017240.000,1,1,0,双开,S,3514.0000,3513.2000,3508.6000,3505.0000,3502.2000,3518.6000,3521.2000,3524.0000,3526.4000,3527.0000,1,1,3,1,1,9,1,3,1,1
SF,IH2008,2020-07-07 09:32:25.200,3517.4000,4659,0,665072460.000,1,0,1,多换,S,3514.0000,3513.2000,3508.6000,3505.0000,3502.2000,3518.6000,3521.2000,3524.0000,3526.4000,3527.0000,1,1,3,1,1,9,1,3,1,1
SF,IH2008,2020-07-07 09:32:25.700,3518.6000,4660,1,666128040.000,1,1,0,双开,S,3514.2000,3514.0000,3513.2000,3508.6000,3505.0000,3518.6000,3521.2000,3524.0000,3526.4000,3527.0000,1,1,1,3,1,8,1,3,1,1
SF,IH2008,2020-07-07 09:32:26.200,3518.6000,4660,0,666128040.000,0,-,-,-,-,3514.4000,3514.2000,3514.0000,3513.2000,3508.6000,3518.6000,3521.2000,3524.0000,3526.4000,3527.0000,2,1,1,1,3,8,1,3,1,1
SF,IH2008,2020-07-07 09:32:26.700,3518.6000,4660,0,674572680.000,8,4,4,多换,S,3514.4000,3514.2000,3514.0000,3513.2000,3508.6000,3521.2000,3524.0000,3526.4000,3527.0000,3527.6000,2,1,1,1,3,1,3,1,1,1
SF,IH2008,2020-07-07 09:32:27.200,3518.6000,4660,0,674572680.000,0,-,-,-,-,3514.8000,3514.4000,3514.0000,3513.2000,3508.6000,3521.2000,3524.0000,3526.4000,3527.0000,3527.6000,1,2,1,1,3,1,3,1,1,1
SF,IH2008,2020-07-07 09:32:27.700,3515.0000,4661,1,675627180.000,1,1,0,双开,S,3515.0000,3514.8000,3514.0000,3513.2000,3508.6000,3521.2000,3526.4000,3526.6000,3527.0000,3527.6000,1,1,1,1,3,1,1,3,1,1
SF,IH2008,2020-07-07 09:32:28.200,3515.0000,4661,0,675627180.000,0,-,-,-,-,3515.0000,3514.8000,3514.0000,3513.8000,3513.2000,3521.2000,3526.4000,3526.6000,3527.6000,3535.0000,1,1,1,1,1,1,1,3,1,1
SF,IH2008,2020-07-07 09:32:28.700,3515.0000,4661,0,676681680.000,1,0,1,多换,S,3515.2000,3514.0000,3513.8000,3513.2000,3508.6000,3521.2000,3526.4000,3526.6000,3527.6000,3533.6000,1,1,1,1,3,1,1,3,1,1
SF,IH2008,2020-07-07 09:32:29.200,3515.2000,4661,0,677736240.000,1,0,1,多换,S,3515.2000,3513.8000,3513.2000,3508.6000,3505.0000,3520.0000,3521.2000,3524.6000,3526.4000,3526.6000,1,1,1,3,1,1,1,1,1,3
SF,IH2008,2020-07-07 09:32:29.700,3515.2000,4661,0,677736240.000,0,-,-,-,-,3517.2000,3515.2000,3513.8000,3513.2000,3508.6000,3519.8000,3520.0000,3521.2000,3524.6000,3526.4000,1,1,1,1,3,1,1,1,1,1
SF,IH2008,2020-07-07 09:32:30.200,3516.6000,4661,0,678791220.000,1,0,1,多换,S,3515.2000,3513.8000,3513.2000,3508.6000,3505.0000,3517.2000,3519.6000,3519.8000,3520.0000,3521.2000,1,1,1,3,1,1,1,1,1,1
SF,IH2008,2020-07-07 09:32:31.200,3517.2000,4660,-1,679846380.000,1,0,1,双平,S,3515.4000,3515.2000,3513.8000,3513.2000,3508.6000,3519.6000,3519.8000,3520.0000,3521.2000,3524.6000,1,1,1,1,3,1,1,1,1,1
SF,IH2008,2020-07-07 09:32:31.700,3517.2000,4660,0,679846380.000,0,-,-,-,-,3515.4000,3515.2000,3514.0000,3513.8000,3513.2000,3519.6000,3519.8000,3520.0000,3521.2000,3524.6000,1,1,1,1,1,1,1,1,1,1
SF,IH2008,2020-07-07 09:32:32.200,3517.2000,4660,0,679846380.000,0,-,-,-,-,3517.2000,3515.4000,3515.2000,3514.0000,3513.8000,3519.6000,3519.8000,3520.0000,3521.2000,3524.6000,1,1,1,1,1,1,1,1,1,1
SF,IH2008,2020-07-07 09:32:32.700,3517.2000,4659,-1,680901540.000,1,0,1,双平,S,3515.4000,3515.2000,3514.0000,3513.8000,3513.2000,3519.6000,3519.8000,3520.0000,3521.2000,3525.0000,1,1,1,1,1,1,1,1,1,3
SF,IH2008,2020-07-07 09:32:33.200,3519.6000,4658,-1,681957420.000,1,0,1,双平,S,3515.2000,3514.0000,3513.8000,3513.2000,3511.8000,3519.8000,3520.0000,3521.2000,3525.0000,3527.0000,1,1,1,1,3,1,1,1,3,1
SF,IH2008,2020-07-07 09:32:33.700,3515.2000,4659,1,684066540.000,2,1,1,空开,S,3514.0000,3513.8000,3513.2000,3509.8000,3505.0000,3515.2000,3519.8000,3520.0000,3521.2000,3525.0000,1,1,1,3,1,1,1,1,1,3
SF,IH2008,2020-07-07 09:32:34.200,3515.2000,4659,0,685121100.000,1,0,1,多换,S,3515.2000,3514.0000,3513.8000,3513.2000,3509.8000,3519.8000,3521.2000,3525.0000,3527.0000,3527.6000,2,1,1,1,3,1,1,3,1,1
SF,IH2008,2020-07-07 09:32:34.700,3515.2000,4659,0,685121100.000,0,-,-,-,-,3515.2000,3514.0000,3513.8000,3513.2000,3509.8000,3519.8000,3521.2000,3525.0000,3527.0000,3527.6000,1,1,1,1,3,1,1,3,1,1
SF,IH2008,2020-07-07 09:32:35.200,3515.2000,4659,0,685121100.000,0,-,-,-,-,3514.0000,3513.8000,3513.2000,3509.8000,3505.0000,3515.2000,3519.6000,3519.8000,3521.2000,3525.0000,1,1,1,3,1,1,1,1,1,3
SF,IH2008,2020-07-07 09:32:35.700,3515.2000,4661,2,688284780.000,3,2,1,空开,S,3515.2000,3514.0000,3513.8000,3513.2000,3509.8000,3519.6000,3519.8000,3521.2000,3525.0000,3527.0000,3,1,1,1,3,1,1,1,3,1
SF,IH2008,2020-07-07 09:32:36.200,3515.2000,4662,1,689339340.000,1,1,0,双开,S,3514.0000,3513.8000,3513.2000,3509.8000,3505.0000,3515.2000,3519.8000,3521.2000,3525.0000,3527.0000,1,1,1,3,1,1,1,1,3,1
SF,IH2008,2020-07-07 09:32:36.700,3515.2000,4662,0,691448460.000,2,1,1,多换,S,3515.2000,3514.0000,3513.8000,3513.2000,3509.8000,3519.8000,3521.2000,3525.0000,3527.0000,3527.6000,2,1,1,1,3,1,1,3,1,1
SF,IH2008,2020-07-07 09:32:37.200,3515.2000,4662,0,691448460.000,0,-,-,-,-,3514.0000,3513.8000,3513.2000,3509.8000,3505.0000,3515.2000,3519.8000,3521.2000,3525.0000,3527.0000,1,1,1,3,1,1,1,1,3,1
SF,IH2008,2020-07-07 09:32:37.700,3515.2000,4662,0,692503020.000,1,0,1,多换,S,3515.2000,3514.0000,3513.8000,3513.2000,3509.8000,3519.8000,3521.2000,3525.0000,3527.0000,3527.6000,2,1,1,1,3,1,1,3,1,1
SF,IH2008,2020-07-07 09:32:38.200,3515.2000,4661,-1,693557580.000,1,0,1,双平,S,3519.8000,3514.0000,3513.8000,3513.2000,3509.8000,3521.2000,3525.0000,3527.6000,3533.4000,3533.6000,10,1,1,1,3,1,3,1,1,1
SF,IH2008,2020-07-07 09:32:38.700,3519.8000,4662,1,704116980.000,10,5,5,空开,S,3514.0000,3513.8000,3513.2000,3509.8000,3505.0000,3518.6000,3519.8000,3521.0000,3521.2000,3525.0000,1,1,1,3,1,1,4,1,1,3
SF,IH2008,2020-07-07 09:32:39.200,3518.6000,4661,-1,705172560.000,1,0,1,双平,S,3514.2000,3514.0000,3513.8000,3513.2000,3509.8000,3519.8000,3521.0000,3521.2000,3525.0000,3527.6000,2,1,1,1,3,4,1,1,3,1
SF,IH2008,2020-07-07 09:32:39.700,3518.6000,4661,0,705172560.000,0,-,-,-,-,3516.0000,3515.8000,3514.8000,3514.2000,3514.0000,3519.8000,3520.6000,3521.0000,3521.2000,3525.0000,1,1,1,2,1,4,1,1,1,3
SF,IH2008,2020-07-07 09:32:40.200,3518.6000,4661,0,705172560.000,0,-,-,-,-,3516.0000,3515.8000,3515.4000,3515.0000,3514.2000,3519.6000,3519.8000,3521.0000,3521.2000,3525.0000,1,1,1,1,2,3,4,1,1,3
SF,IH2008,2020-07-07 09:32:40.700,3519.4000,4660,-1,706228380.000,1,0,1,双平,S,3516.0000,3515.8000,3515.4000,3515.0000,3514.2000,3519.6000,3519.8000,3521.0000,3521.2000,3525.0000,1,1,1,1,2,3,4,1,1,3
SF,IH2008,2020-07-07 09:32:41.200,3515.4000,4660,0,709393620.000,3,1,2,多换,S,3515.0000,3514.2000,3514.0000,3513.8000,3513.2000,3515.2000,3519.4000,3519.6000,3519.8000,3521.0000,1,2,1,1,1,8,1,1,4,1
SF,IH2008,2020-07-07 09:32:41.700,3515.2000,4664,4,717830160.000,8,6,2,空开,S,3515.2000,3515.0000,3514.2000,3514.0000,3513.8000,3519.4000,3519.6000,3519.8000,3521.0000,3521.2000,4,1,2,1,1,1,1,3,1,1
SF,IH2008,2020-07-07 09:32:42.200,3515.2000,4664,0,717830160.000,0,-,-,-,-,3515.2000,3515.0000,3514.2000,3514.0000,3513.8000,3519.0000,3519.6000,3519.8000,3521.0000,3521.2000,1,1,2,1,1,1,1,3,1,1
SF,IH2008,2020-07-07 09:32:42.700,3515.2000,4664,0,717830160.000,0,-,-,-,-,3515.0000,3514.2000,3514.0000,3513.8000,3513.2000,3518.8000,3519.6000,3519.8000,3521.0000,3521.2000,1,2,1,1,1,2,1,3,1,1
SF,IH2008,2020-07-07 09:32:43.200,3518.4000,4663,-1,718885680.000,1,0,1,双平,S,3515.0000,3514.2000,3514.0000,3513.8000,3513.2000,3518.6000,3518.8000,3519.6000,3519.8000,3521.0000,1,2,1,1,1,1,2,1,3,1
SF,IH2008,2020-07-07 09:32:43.700,3515.2000,4664,1,722050380.000,3,2,1,空开,S,3514.2000,3514.0000,3513.8000,3513.2000,3509.8000,3515.0000,3518.2000,3519.6000,3519.8000,3521.0000,2,1,1,1,3,1,1,1,3,1
SF,IH2008,2020-07-07 09:32:44.200,3515.0000,4664,0,724159440.000,2,1,1,多换,S,3514.2000,3514.0000,3513.8000,3513.2000,3509.8000,3518.2000,3519.6000,3519.8000,3521.0000,3521.2000,2,1,1,1,3,1,1,3,1,1
SF,IH2008,2020-07-07 09:32:44.700,3515.0000,4664,0,724159440.000,0,-,-,-,-,3514.2000,3514.0000,3513.8000,3513.2000,3509.8000,3518.2000,3518.4000,3519.6000,3519.8000,3521.0000,2,1,1,1,3,1,1,1,3,1
SF,IH2008,2020-07-07 09:32:45.200,3514.2000,4663,-1,727323600.000,3,1,2,多平,S,3514.2000,3514.0000,3513.8000,3513.2000,3509.8000,3517.4000,3518.4000,3519.6000,3519.8000,3521.0000,1,1,1,1,3,1,1,1,3,1
SF,IH2008,2020-07-07 09:32:45.700,3514.2000,4663,0,727323600.000,0,-,-,-,-,3514.2000,3514.0000,3513.8000,3513.2000,3509.8000,3517.2000,3517.4000,3518.0000,3519.6000,3519.8000,1,1,1,1,3,1,1,1,1,3
SF,IH2008,2020-07-07 09:32:46.200,3514.2000,4663,0,731540640.000,4,2,2,多换,S,3515.2000,3514.2000,3514.0000,3513.8000,3513.2000,3517.2000,3517.4000,3518.0000,3519.6000,3519.8000,16,1,1,1,1,1,1,1,1,3
SF,IH2008,2020-07-07 09:32:46.700,3514.2000,4663,0,731540640.000,0,-,-,-,-,3515.2000,3514.2000,3514.0000,3513.8000,3513.2000,3517.0000,3517.2000,3517.4000,3519.6000,3519.8000,16,1,1,1,1,1,1,1,1,3
SF,IH2008,2020-07-07 09:32:47.200,3515.2000,4663,0,732595200.000,1,0,1,多换,S,3515.4000,3515.2000,3514.2000,3514.0000,3513.2000,3516.8000,3517.0000,3519.6000,3519.8000,3521.0000,1,15,1,1,1,1,1,1,3,1
SF,IH2008,2020-07-07 09:32:47.700,3515.2000,4661,-2,736813920.000,4,1,3,多平,S,3515.2000,3514.2000,3514.0000,3513.2000,3509.8000,3518.6000,3519.6000,3519.8000,3521.0000,3521.2000,13,1,1,1,3,1,1,3,1,1
SF,IH2008,2020-07-07 09:32:48.200,3515.2000,4663,2,738923040.000,2,2,0,双开,S,3516.8000,3515.2000,3514.2000,3514.0000,3513.2000,3518.4000,3518.6000,3519.6000,3519.8000,3521.0000,1,13,1,1,1,4,1,1,3,1
SF,IH2008,2020-07-07 09:32:48.700,3516.6000,4664,1,739978020.000,1,1,0,双开,S,3515.2000,3514.2000,3514.0000,3513.2000,3509.8000,3516.8000,3518.4000,3518.6000,3519.6000,3519.8000,13,1,1,1,3,1,4,15,1,3
SF,IH2008,2020-07-07 09:32:49.200,3515.2000,4664,0,743141700.000,3,1,2,多换,S,3515.2000,3514.2000,3514.0000,3513.2000,3509.8000,3516.8000,3518.4000,3518.6000,3519.6000,3519.8000,10,1,1,1,3,1,2,14,1,3
SF,IH2008,2020-07-07 09:32:49.700,3515.2000,4662,-2,745251240.000,2,0,2,双平,S,3515.2000,3514.2000,3514.0000,3513.2000,3509.8000,3516.8000,3518.4000,3518.6000,3518.8000,3519.6000,9,1,1,1,3,1,2,14,1,1
SF,IH2008,2020-07-07 09:32:50.200,3515.2000,4663,1,748414920.000,3,2,1,空开,S,3515.2000,3514.8000,3514.2000,3514.0000,3513.2000,3516.6000,3516.8000,3518.4000,3518.6000,3518.8000,7,1,1,2,1,1,1,1,14,1
SF,IH2008,2020-07-07 09:32:50.700,3515.2000,4661,-2,751579020.000,3,0,3,多平,S,3515.2000,3514.8000,3514.2000,3514.0000,3513.2000,3516.8000,3518.4000,3518.6000,3518.8000,3519.6000,5,1,1,2,1,1,1,14,1,1
SF,IH2008,2020-07-07 09:32:51.200,3515.2000,4656,-5,756851820.000,5,0,5,双平,S,3514.8000,3514.2000,3514.0000,3513.2000,3509.8000,3515.2000,3516.6000,3516.8000,3518.4000,3518.6000,1,1,2,1,3,2,2,1,1,14
SF,IH2008,2020-07-07 09:32:51.700,3515.2000,4658,2,761070060.000,4,3,1,空开,S,3515.2000,3514.8000,3514.2000,3514.0000,3513.2000,3516.6000,3516.8000,3518.4000,3518.6000,3519.2000,1,1,1,2,1,2,1,1,14,1
SF,IH2008,2020-07-07 09:32:52.200,3515.2000,4659,1,763179180.000,2,1,1,空开,S,3514.8000,3514.2000,3514.0000,3513.2000,3509.8000,3515.2000,3516.6000,3516.8000,3518.0000,3518.4000,1,1,2,1,3,1,2,1,1,1
SF,IH2008,2020-07-07 09:32:52.700,3515.2000,4660,1,764233740.000,1,1,0,双开,S,3515.2000,3514.8000,3514.2000,3514.0000,3513.2000,3516.8000,3518.4000,3518.6000,3519.6000,3519.8000,1,1,1,2,1,1,1,14,1,4
SF,IH2008,2020-07-07 09:32:53.200,3515.2000,4660,0,765288300.000,1,0,1,多换,S,3515.0000,3514.8000,3514.2000,3514.0000,3513.2000,3518.4000,3518.6000,3519.6000,3519.8000,3521.0000,1,1,1,2,1,1,14,1,4,1
SF,IH2008,2020-07-07 09:32:53.700,3515.2000,4660,0,765288300.000,0,-,-,-,-,3515.2000,3515.0000,3514.8000,3514.2000,3514.0000,3518.2000,3518.6000,3519.6000,3519.8000,3521.0000,1,1,1,1,2,1,14,1,4,1
SF,IH2008,2020-07-07 09:32:54.200,3515.2000,4659,-1,766342860.000,1,0,1,双平,S,3515.2000,3515.0000,3514.8000,3514.2000,3514.0000,3518.0000,3518.2000,3518.6000,3519.6000,3519.8000,1,1,1,1,2,1,1,14,1,4
SF,IH2008,2020-07-07 09:32:54.700,3515.2000,4659,0,767397420.000,1,0,1,多换,S,3515.0000,3514.8000,3514.2000,3514.0000,3513.2000,3515.2000,3518.0000,3518.2000,3518.6000,3519.6000,1,1,1,2,1,2,2,1,14,1
SF,IH2008,2020-07-07 09:32:55.200,3515.2000,4657,-2,769506540.000,2,0,2,双平,S,3515.4000,3515.2000,3514.8000,3514.2000,3514.0000,3518.2000,3518.6000,3519.6000,3519.8000,3521.0000,1,2,1,1,2,1,14,1,4,1
SF,IH2008,2020-07-07 09:32:55.700,3515.2000,4657,0,770561100.000,1,0,1,多换,S,3514.8000,3514.2000,3514.0000,3513.2000,3509.8000,3518.6000,3519.6000,3519.8000,3521.0000,3521.2000,1,1,2,1,3,14,1,4,1,1
SF,IH2008,2020-07-07 09:32:56.200,3515.2000,4657,0,770561100.000,0,-,-,-,-,3516.2000,3514.8000,3514.2000,3514.0000,3513.2000,3518.6000,3519.0000,3519.8000,3521.0000,3521.2000,1,1,1,2,1,14,1,4,1,1
SF,IH2008,2020-07-07 09:32:56.700,3516.2000,4656,-1,771615960.000,1,0,1,双平,S,3514.8000,3514.2000,3514.0000,3513.2000,3509.8000,3518.4000,3518.6000,3519.0000,3519.8000,3521.0000,1,1,2,1,3,2,14,1,4,1
SF,IH2008,2020-07-07 09:32:57.200,3514.8000,4657,1,772670400.000,1,1,0,双开,S,3514.2000,3514.0000,3513.2000,3509.8000,3505.0000,3518.4000,3518.6000,3519.0000,3519.8000,3521.0000,1,2,1,3,1,2,14,1,4,1
SF,IH2008,2020-07-07 09:32:57.700,3514.8000,4657,0,772670400.000,0,-,-,-,-,3514.2000,3514.0000,3513.2000,3509.8000,3505.0000,3518.4000,3518.6000,3519.0000,3519.8000,3520.0000,1,2,1,3,1,2,14,1,4,1
SF,IH2008,2020-07-07 09:32:58.200,3514.8000,4657,0,772670400.000,0,-,-,-,-,3514.2000,3514.0000,3513.2000,3509.8000,3505.0000,3518.2000,3518.4000,3518.6000,3519.0000,3519.8000,1,2,1,3,1,1,2,14,1,4
SF,IH2008,2020-07-07 09:32:58.700,3518.2000,4658,1,773725860.000,1,1,0,双开,S,3515.4000,3514.2000,3514.0000,3513.2000,3509.8000,3518.4000,3518.6000,3519.0000,3519.8000,3520.0000,1,1,2,2,3,2,14,1,4,1
SF,IH2008,2020-07-07 09:32:59.200,3518.2000,4657,-1,774781320.000,1,0,1,双平,S,3515.4000,3514.2000,3514.0000,3513.2000,3509.8000,3518.0000,3518.2000,3518.4000,3518.6000,3519.0000,1,1,2,1,3,1,1,2,14,1
SF,IH2008,2020-07-07 09:32:59.700,3515.4000,4655,-2,780057600.000,5,1,4,多平,S,3514.2000,3514.0000,3513.2000,3509.8000,3505.0000,3515.4000,3518.6000,3519.0000,3519.8000,3520.0000,1,2,1,3,1,1,14,1,4,1
SF,IH2008,2020-07-07 09:33:00.200,3515.4000,4657,2,782166840.000,2,2,0,双开,S,3515.4000,3514.4000,3514.2000,3514.0000,3513.2000,3518.2000,3518.6000,3519.0000,3519.8000,3520.0000,5,1,1,2,1,1,14,1,4,1
SF,IH2008,2020-07-07 09:33:00.700,3515.4000,4659,2,785330700.000,3,2,1,空开,S,3514.2000,3514.0000,3513.2000,3510.0000,3509.8000,3518.2000,3518.6000,3519.0000,3519.8000,3520.0000,1,2,1,2,3,1,14,1,4,1
SF,IH2008,2020-07-07 09:33:01.200,3515.4000,4659,0,785330700.000,0,-,-,-,-,3514.2000,3514.0000,3513.2000,3510.0000,3509.8000,3518.2000,3518.6000,3519.0000,3519.8000,3520.0000,1,2,1,2,3,1,14,1,4,1
SF,IH2008,2020-07-07 09:33:01.700,3514.2000,4660,1,787439220.000,2,1,1,空开,S,3514.0000,3513.2000,3510.0000,3509.8000,3505.0000,3514.2000,3518.0000,3518.2000,3518.6000,3519.0000,2,1,2,3,1,1,2,1,14,1
SF,IH2008,2020-07-07 09:33:02.200,3514.2000,4660,0,788493480.000,1,0,1,多换,S,3516.8000,3514.2000,3514.0000,3513.2000,3510.0000,3518.0000,3518.2000,3518.6000,3519.0000,3519.8000,1,6,2,1,2,3,1,14,1,4
SF,IH2008,2020-07-07 09:33:02.700,3518.2000,4652,-8,803267580.000,14,3,11,多平,S,3518.4000,3514.0000,3513.2000,3510.0000,3509.8000,3518.6000,3519.0000,3519.8000,3520.0000,3523.6000,7,2,1,2,3,14,1,4,1,3
SF,IH2008,2020-07-07 09:33:03.200,3518.4000,4647,-5,811711740.000,8,1,7,多平,S,3514.0000,3513.2000,3510.0000,3509.8000,3505.0000,3518.6000,3519.0000,3519.8000,3520.0000,3523.6000,2,1,2,3,1,14,1,4,1,3
SF,IH2008,2020-07-07 09:33:03.700,3518.4000,4647,0,811711740.000,0,-,-,-,-,3514.4000,3514.0000,3513.2000,3510.0000,3509.8000,3518.4000,3518.6000,3519.0000,3519.8000,3520.0000,4,2,1,2,3,2,14,1,4,1
SF,IH2008,2020-07-07 09:33:04.200,3518.4000,4647,0,811711740.000,0,-,-,-,-,3517.2000,3514.4000,3514.0000,3513.2000,3510.0000,3518.4000,3518.6000,3519.0000,3519.8000,3520.0000,10,4,2,1,2,2,14,1,4,1
SF,IH2008,2020-07-07 09:33:04.700,3517.2000,4653,6,822263340.000,10,8,2,空开,S,3514.0000,3513.2000,3510.0000,3509.8000,3505.0000,3518.4000,3518.6000,3519.0000,3519.8000,3520.0000,2,1,2,3,2,2,14,1,4,1
SF,IH2008,2020-07-07 09:33:05.200,3517.2000,4653,0,822263340.000,0,-,-,-,-,3514.2000,3514.0000,3513.2000,3510.0000,3509.8000,3518.4000,3518.6000,3519.0000,3519.8000,3520.0000,4,2,1,2,3,2,14,1,4,1
SF,IH2008,2020-07-07 09:33:05.700,3517.2000,4653,0,822263340.000,0,-,-,-,-,3514.4000,3514.2000,3514.0000,3513.2000,3510.0000,3518.6000,3519.0000,3519.8000,3520.0000,3523.6000,2,4,2,1,2,14,1,4,1,3
SF,IH2008,2020-07-07 09:33:06.200,3517.2000,4653,0,822263340.000,0,-,-,-,-,3515.0000,3514.4000,3514.2000,3514.0000,3513.2000,3518.6000,3519.0000,3519.8000,3520.0000,3523.6000,1,2,4,2,1,14,1,4,1,3
SF,IH2008,2020-07-07 09:33:06.700,3515.0000,4653,0,823317840.000,1,0,1,多换,S,3514.4000,3514.2000,3514.0000,3513.2000,3510.0000,3515.0000,3518.6000,3519.0000,3519.8000,3520.0000,2,5,2,1,2,2,14,1,4,1
SF,IH2008,2020-07-07 09:33:07.200,3515.0000,4653,0,828590340.000,5,2,3,多换,S,3514.4000,3514.2000,3514.0000,3513.2000,3510.0000,3518.6000,3519.0000,3519.8000,3520.0000,3523.6000,2,5,2,1,2,14,1,4,1,3
SF,IH2008,2020-07-07 09:33:07.700,3515.0000,4653,0,828590340.000,0,-,-,-,-,3514.2000,3514.0000,3513.2000,3510.0000,3509.8000,3518.4000,3518.6000,3519.0000,3519.4000,3519.8000,1,2,1,2,3,2,14,1,1,4
SF,IH2008,2020-07-07 09:33:08.200,3514.2000,4654,1,829644600.000,1,1,0,双开,S,3514.0000,3513.2000,3510.0000,3509.8000,3505.0000,3514.2000,3518.2000,3518.4000,3518.6000,3519.0000,2,1,2,3,2,1,2,2,14,1
SF,IH2008,2020-07-07 09:33:08.700,3518.4000,4654,0,835975140.000,6,3,3,多换,S,3518.4000,3514.4000,3514.2000,3514.0000,3513.2000,3518.6000,3519.0000,3519.8000,3520.0000,3523.6000,6,3,3,2,1,14,1,4,1,3
SF,IH2008,2020-07-07 09:33:09.200,3517.2000,4652,-2,844418580.000,8,3,5,多平,S,3517.2000,3514.0000,3513.2000,3510.0000,3509.8000,3518.0000,3518.4000,3518.6000,3519.0000,3519.8000,8,2,1,2,3,1,2,14,1,4
SF,IH2008,2020-07-07 09:33:09.700,3517.2000,4656,4,852859860.000,8,6,2,空开,S,3514.0000,3513.2000,3510.0000,3509.8000,3505.0000,3518.0000,3518.4000,3518.6000,3519.0000,3519.8000,2,1,2,3,2,1,2,14,1,4
SF,IH2008,2020-07-07 09:33:10.200,3514.0000,4658,2,854968260.000,2,2,0,双开,S,3513.2000,3510.0000,3509.8000,3505.0000,3502.2000,3518.4000,3518.6000,3519.0000,3519.8000,3520.0000,1,2,3,2,1,3,14,1,4,1
SF,IH2008,2020-07-07 09:33:10.700,3514.0000,4658,0,854968260.000,0,-,-,-,-,3513.6000,3513.4000,3513.2000,3510.0000,3509.8000,3518.0000,3518.4000,3518.6000,3519.0000,3519.8000,1,1,1,2,3,1,3,14,1,4
SF,IH2008,2020-07-07 09:33:11.200,3514.0000,4658,0,854968260.000,0,-,-,-,-,3513.8000,3513.6000,3513.2000,3510.0000,3508.2000,3518.0000,3518.4000,3518.6000,3519.0000,3519.8000,1,1,1,2,3,1,3,14,1,4
SF,IH2008,2020-07-07 09:33:11.700,3513.8000,4659,1,857076600.000,2,1,1,空开,S,3513.8000,3513.6000,3513.2000,3510.0000,3508.2000,3518.0000,3518.4000,3518.6000,3519.0000,3519.8000,4,1,1,2,3,1,3,14,1,4
SF,IH2008,2020-07-07 09:33:12.200,3513.8000,4660,1,858130740.000,1,1,0,双开,S,3513.6000,3513.2000,3510.0000,3508.2000,3505.0000,3513.8000,3518.0000,3518.4000,3518.6000,3519.0000,1,1,2,3,2,2,1,3,14,1
SF,IH2008,2020-07-07 09:33:12.700,3513.6000,4659,-1,862347180.000,4,1,3,多平,S,3513.8000,3513.6000,3513.2000,3510.0000,3508.2000,3517.4000,3518.4000,3518.6000,3519.0000,3519.8000,1,1,1,2,3,1,3,14,1,4
SF,IH2008,2020-07-07 09:33:13.200,3513.6000,4659,0,863401260.000,1,0,1,多换,S,3513.2000,3510.0000,3508.2000,3505.0000,3502.2000,3513.6000,3513.8000,3517.4000,3518.4000,3518.6000,1,2,3,2,1,1,6,1,1,14
SF,IH2008,2020-07-07 09:33:13.700,3517.4000,4656,-3,871835400.000,8,2,6,多平,S,3517.8000,3513.2000,3510.0000,3508.2000,3505.0000,3518.4000,3518.6000,3519.0000,3519.8000,3520.0000,9,1,2,3,2,1,14,1,4,1
SF,IH2008,2020-07-07 09:33:14.200,3517.8000,4657,1,881333100.000,9,5,4,空开,S,3513.2000,3510.0000,3508.2000,3505.0000,3502.2000,3513.8000,3517.8000,3518.2000,3518.4000,3518.6000,1,2,3,2,1,2,5,1,1,14
SF,IH2008,2020-07-07 09:33:14.700,3513.8000,4658,1,883441380.000,2,1,1,空开,S,3513.2000,3510.0000,3508.2000,3505.0000,3502.2000,3517.8000,3518.2000,3518.4000,3518.6000,3519.0000,1,2,3,2,1,4,1,1,14,1
SF,IH2008,2020-07-07 09:33:15.200,3513.2000,4659,1,884495340.000,1,1,0,双开,S,3510.0000,3508.2000,3505.0000,3502.2000,3501.2000,3513.2000,3517.8000,3518.2000,3518.4000,3518.6000,2,3,2,1,2,1,3,1,1,15
SF,IH2008,2020-07-07 09:33:15.700,3510.4000,4661,2,887655540.000,3,2,1,空开,S,3510.4000,3510.2000,3510.0000,3508.2000,3505.0000,3513.2000,3517.6000,3517.8000,3518.2000,3518.4000,3,1,2,3,2,2,2,1,1,1
SF,IH2008,2020-07-07 09:33:16.200,3513.2000,4661,0,889763460.000,2,1,1,多换,S,3510.4000,3510.2000,3510.0000,3505.0000,3502.2000,3517.2000,3517.6000,3517.8000,3518.2000,3518.4000,3,1,2,5,1,1,1,1,1,1
SF,IH2008,2020-07-07 09:33:16.700,3510.4000,4663,2,892922940.000,3,2,1,空开,S,3510.4000,3510.0000,3505.0000,3502.2000,3501.2000,3517.0000,3517.2000,3517.6000,3517.8000,3518.2000,1,2,5,1,2,1,1,1,1,1
SF,IH2008,2020-07-07 09:33:17.200,3510.4000,4663,0,892922940.000,0,-,-,-,-,3513.2000,3510.8000,3510.6000,3510.0000,3505.0000,3516.6000,3516.8000,3517.0000,3517.6000,3517.8000,1,1,1,2,5,1,1,2,1,1
SF,IH2008,2020-07-07 09:33:17.700,3513.2000,4664,1,895030860.000,2,1,1,空开,S,3510.8000,3510.6000,3510.0000,3505.0000,3502.2000,3513.2000,3516.4000,3516.6000,3516.8000,3517.0000,1,1,2,5,1,3,3,1,1,2
SF,IH2008,2020-07-07 09:33:18.200,3513.2000,4666,2,898192740.000,3,2,1,空开,S,3511.0000,3510.6000,3510.0000,3505.0000,3502.2000,3516.2000,3516.4000,3516.6000,3516.8000,3517.0000,3,1,2,5,1,1,3,1,1,1
SF,IH2008,2020-07-07 09:33:18.700,3511.0000,4667,1,900299400.000,2,1,1,空开,S,3511.0000,3510.0000,3505.0000,3502.2000,3501.2000,3516.0000,3516.2000,3516.4000,3516.6000,3517.0000,2,2,5,1,2,2,1,2,1,1
SF,IH2008,2020-07-07 09:33:19.200,3516.0000,4667,0,901354200.000,1,0,1,多换,S,3511.0000,3510.0000,3505.0000,3502.2000,3501.2000,3516.0000,3516.2000,3516.4000,3516.6000,3517.0000,2,2,5,1,2,1,1,2,1,1
SF,IH2008,2020-07-07 09:33:19.700,3513.2000,4667,0,904516080.000,3,1,2,多换,S,3513.2000,3511.0000,3510.0000,3505.0000,3502.2000,3515.4000,3516.0000,3516.4000,3516.6000,3517.0000,17,2,2,5,1,1,1,2,1,1
SF,IH2008,2020-07-07 09:33:20.200,3513.2000,4664,-3,908732520.000,4,0,4,多平,S,3513.2000,3511.4000,3511.0000,3510.0000,3505.0000,3515.2000,3515.4000,3516.4000,3517.8000,3518.2000,14,1,1,2,5,1,2,2,1,1
SF,IH2008,2020-07-07 09:33:20.700,3513.2000,4664,0,912948360.000,4,2,2,多换,S,3513.2000,3511.4000,3511.0000,3510.0000,3505.0000,3515.2000,3515.4000,3516.4000,3517.8000,3518.2000,10,1,1,2,5,1,2,2,1,1
SF,IH2008,2020-07-07 09:33:21.200,3513.2000,4664,0,914002320.000,1,0,1,多换,S,3513.2000,3510.0000,3507.8000,3505.0000,3502.2000,3515.0000,3515.2000,3515.4000,3516.4000,3517.8000,9,2,3,2,1,1,1,1,3,1
SF,IH2008,2020-07-07 09:33:21.700,3513.2000,4662,-2,917164200.000,3,0,3,多平,S,3513.2000,3510.0000,3507.8000,3505.0000,3502.2000,3514.8000,3515.0000,3515.4000,3516.4000,3517.6000,6,2,3,2,1,1,1,1,2,1
SF,IH2008,2020-07-07 09:33:22.700,3513.2000,4658,-4,921380040.000,4,0,4,双平,S,3513.2000,3510.0000,3507.8000,3505.0000,3502.2000,3514.8000,3515.0000,3515.4000,3516.4000,3517.6000,2,2,3,2,1,1,1,1,1,1
SF,IH2008,2020-07-07 09:33:23.200,3513.2000,4656,-2,923487960.000,2,0,2,双平,S,3510.0000,3507.8000,3505.0000,3502.2000,3501.2000,3513.2000,3514.8000,3515.0000,3515.4000,3516.4000,2,3,2,1,2,1,1,1,1,1
SF,IH2008,2020-07-07 09:33:23.700,3513.2000,4656,0,923487960.000,0,-,-,-,-,3510.0000,3507.8000,3505.0000,3502.2000,3501.2000,3513.0000,3513.2000,3515.0000,3515.4000,3516.4000,2,3,2,1,2,1,1,1,1,1
SF,IH2008,2020-07-07 09:33:24.200,3513.2000,4656,0,923487960.000,0,-,-,-,-,3510.0000,3505.0000,3504.6000,3502.2000,3501.2000,3513.0000,3513.2000,3515.0000,3515.4000,3516.4000,2,2,3,1,2,1,1,1,1,1
SF,IH2008,2020-07-07 09:33:24.700,3513.2000,4656,0,923487960.000,0,-,-,-,-,3510.6000,3510.0000,3505.0000,3504.6000,3502.2000,3513.0000,3513.2000,3515.0000,3515.4000,3516.4000,1,2,2,3,1,1,1,1,1,1
SF,IH2008,2020-07-07 09:33:25.200,3513.2000,4656,0,923487960.000,0,-,-,-,-,3510.0000,3505.0000,3504.6000,3501.2000,3496.2000,3512.6000,3513.0000,3513.2000,3515.0000,3515.4000,2,2,3,2,1,1,1,1,1,1
SF,IH2008,2020-07-07 09:33:25.700,3513.2000,4656,0,923487960.000,0,-,-,-,-,3510.0000,3505.0000,3504.6000,3501.2000,3496.2000,3512.4000,3513.2000,3515.0000,3515.4000,3516.4000,2,2,3,2,1,2,1,1,1,1
SF,IH2008,2020-07-07 09:33:26.700,3512.4000,4656,0,925595400.000,2,1,1,多换,S,3510.0000,3505.0000,3504.6000,3501.2000,3496.2000,3513.2000,3515.0000,3516.4000,3517.8000,3518.0000,2,2,3,2,1,1,1,1,1,1
SF,IH2008,2020-07-07 09:33:27.200,3512.4000,4656,0,925595400.000,0,-,-,-,-,3510.0000,3505.0000,3504.6000,3501.2000,3496.2000,3513.0000,3513.2000,3515.0000,3516.4000,3517.8000,2,2,3,2,1,1,1,1,1,1
SF,IH2008,2020-07-07 09:33:27.700,3512.4000,4656,0,925595400.000,0,-,-,-,-,3510.2000,3510.0000,3505.0000,3504.6000,3501.2000,3513.0000,3513.2000,3515.0000,3516.4000,3517.8000,1,2,2,3,2,1,1,1,1,1
SF,IH2008,2020-07-07 09:33:28.200,3512.4000,4656,0,925595400.000,0,-,-,-,-,3510.2000,3510.0000,3505.0000,3504.6000,3501.2000,3513.0000,3513.2000,3515.0000,3516.4000,3517.8000,1,3,2,3,2,1,1,1,1,1
SF,IH2008,2020-07-07 09:33:28.700,3510.0000,4656,0,928754400.000,3,1,2,多换,S,3507.6000,3505.0000,3504.6000,3501.2000,3496.2000,3513.0000,3513.2000,3515.0000,3516.4000,3517.8000,1,2,3,2,1,1,1,1,1,1
SF,IH2008,2020-07-07 09:33:29.200,3510.0000,4656,0,928754400.000,0,-,-,-,-,3508.0000,3507.6000,3505.0000,3504.6000,3501.2000,3512.6000,3513.0000,3513.2000,3515.0000,3516.4000,1,1,2,3,2,1,1,1,1,1
SF,IH2008,2020-07-07 09:33:29.700,3510.0000,4656,0,928754400.000,0,-,-,-,-,3508.0000,3507.6000,3505.0000,3502.6000,3501.2000,3512.4000,3512.6000,3513.0000,3513.2000,3515.0000,1,1,2,3,2,1,2,1,1,1
SF,IH2008,2020-07-07 09:33:30.200,3510.0000,4656,0,928754400.000,0,-,-,-,-,3508.0000,3507.6000,3505.0000,3502.6000,3501.2000,3512.2000,3512.4000,3512.6000,3513.0000,3513.2000,1,1,2,3,2,1,1,1,1,1
SF,IH2008,2020-07-07 09:33:30.700,3508.0000,4657,1,929806800.000,1,1,0,双开,S,3507.6000,3505.0000,3502.6000,3501.2000,3496.2000,3512.0000,3512.2000,3512.4000,3513.0000,3513.2000,1,2,3,2,1,1,1,1,1,1
SF,IH2008,2020-07-07 09:33:31.200,3507.6000,4657,0,930859080.000,1,0,1,多换,S,3505.0000,3502.6000,3501.2000,3496.2000,3493.8000,3508.0000,3508.2000,3511.6000,3512.0000,3512.4000,2,3,2,1,1,1,3,1,2,1
SF,IH2008,2020-07-07 09:33:31.700,3507.6000,4657,0,930859080.000,0,-,-,-,-,3505.0000,3502.6000,3501.2000,3496.2000,3493.8000,3508.0000,3508.2000,3510.6000,3511.6000,3512.0000,2,3,2,1,1,1,3,1,1,1
SF,IH2008,2020-07-07 09:33:32.200,3507.6000,4657,0,930859080.000,0,-,-,-,-,3505.0000,3501.2000,3499.6000,3496.2000,3493.8000,3508.0000,3508.2000,3510.6000,3511.6000,3512.0000,2,2,3,1,1,1,3,1,1,1
SF,IH2008,2020-07-07 09:33:32.700,3507.6000,4657,0,930859080.000,0,-,-,-,-,3505.0000,3501.2000,3499.6000,3496.2000,3493.8000,3508.0000,3508.2000,3509.2000,3511.6000,3512.0000,2,2,3,1,1,1,3,1,1,1
SF,IH2008,2020-07-07 09:33:33.200,3507.6000,4657,0,930859080.000,0,-,-,-,-,3505.0000,3501.2000,3499.6000,3496.2000,3493.8000,3508.0000,3508.2000,3509.2000,3511.6000,3512.4000,2,2,3,1,1,1,3,1,1,1
SF,IH2008,2020-07-07 09:33:33.700,3507.6000,4657,0,930859080.000,0,-,-,-,-,3505.0000,3501.2000,3499.6000,3496.2000,3493.8000,3508.0000,3508.2000,3511.6000,3512.4000,3513.0000,2,2,3,1,1,2,3,1,1,1
SF,IH2008,2020-07-07 09:33:34.200,3507.6000,4657,0,930859080.000,0,-,-,-,-,3505.0000,3501.2000,3499.6000,3496.2000,3493.8000,3508.0000,3508.2000,3511.4000,3511.6000,3512.4000,2,2,3,1,1,2,3,1,1,1
SF,IH2008,2020-07-07 09:33:34.700,3507.6000,4657,0,930859080.000,0,-,-,-,-,3505.0000,3501.2000,3499.6000,3496.2000,3493.8000,3508.0000,3508.2000,3511.4000,3511.6000,3512.4000,2,2,3,1,1,2,3,1,1,1
SF,IH2008,2020-07-07 09:33:35.200,3507.6000,4657,0,930859080.000,0,-,-,-,-,3505.0000,3501.2000,3499.6000,3496.2000,3493.8000,3508.0000,3508.2000,3511.6000,3512.4000,3513.0000,2,2,3,1,1,2,3,1,1,1
SF,IH2008,2020-07-07 09:33:35.700,3508.0000,4656,-1,932962980.000,2,0,2,多平,S,3505.0000,3501.2000,3499.6000,3496.2000,3493.8000,3508.0000,3508.2000,3511.6000,3512.4000,3513.0000,1,2,3,1,1,1,3,1,1,1
SF,IH2008,2020-07-07 09:33:36.700,3505.0000,4657,1,934014480.000,1,1,0,双开,S,3501.2000,3499.6000,3496.2000,3493.8000,3468.0000,3507.8000,3508.0000,3508.2000,3512.4000,3513.0000,2,3,1,1,1,1,1,3,1,1
SF,IH2008,2020-07-07 09:33:37.200,3505.0000,4657,0,934014480.000,0,-,-,-,-,3501.4000,3501.2000,3499.6000,3496.2000,3493.8000,3507.6000,3507.8000,3508.2000,3512.4000,3513.0000,1,2,3,1,1,1,1,3,1,1
SF,IH2008,2020-07-07 09:33:37.700,3505.0000,4657,0,934014480.000,0,-,-,-,-,3501.4000,3501.2000,3496.2000,3496.0000,3493.8000,3507.4000,3507.6000,3507.8000,3508.2000,3512.4000,1,2,1,3,1,1,1,1,3,1
SF,IH2008,2020-07-07 09:33:38.200,3505.0000,4657,0,934014480.000,0,-,-,-,-,3501.2000,3500.6000,3496.2000,3496.0000,3493.8000,3507.0000,3507.2000,3507.4000,3508.2000,3512.4000,2,1,1,3,1,1,2,1,3,1
SF,IH2008,2020-07-07 09:33:38.700,3505.0000,4657,0,934014480.000,0,-,-,-,-,3501.2000,3500.6000,3496.2000,3496.0000,3493.8000,3506.8000,3507.4000,3508.2000,3512.4000,3513.0000,2,1,1,3,1,3,1,3,1,1
SF,IH2008,2020-07-07 09:33:39.200,3505.0000,4657,0,934014480.000,0,-,-,-,-,3501.2000,3500.6000,3496.2000,3496.0000,3493.8000,3506.0000,3506.4000,3506.8000,3507.4000,3508.2000,2,1,1,3,1,1,1,2,1,3
SF,IH2008,2020-07-07 09:33:39.700,3505.0000,4657,0,934014480.000,0,-,-,-,-,3501.2000,3500.6000,3496.2000,3496.0000,3493.8000,3505.8000,3506.0000,3506.6000,3507.4000,3508.2000,2,1,1,3,1,3,1,1,1,3
SF,IH2008,2020-07-07 09:33:40.200,3505.0000,4657,0,934014480.000,0,-,-,-,-,3501.2000,3500.6000,3496.2000,3496.0000,3468.0000,3505.4000,3505.8000,3506.0000,3506.6000,3507.4000,2,1,1,3,1,1,2,1,1,1
SF,IH2008,2020-07-07 09:33:40.700,3505.0000,4657,0,934014480.000,0,-,-,-,-,3501.2000,3500.6000,3496.2000,3496.0000,3485.6000,3505.0000,3505.2000,3505.4000,3506.6000,3507.4000,2,1,1,3,1,1,2,1,1,1
SF,IH2008,2020-07-07 09:33:41.200,3501.2000,4657,0,935064840.000,1,0,1,多换,S,3501.2000,3500.6000,3496.2000,3496.0000,3485.6000,3504.8000,3505.0000,3507.4000,3508.2000,3510.8000,1,1,1,3,1,3,2,1,3,3
SF,IH2008,2020-07-07 09:33:41.700,3501.2000,4657,0,936115200.000,1,0,1,多换,S,3500.6000,3496.2000,3496.0000,3485.6000,3468.0000,3501.2000,3504.8000,3505.0000,3507.4000,3508.2000,1,1,3,1,1,1,3,2,1,3
SF,IH2008,2020-07-07 09:33:42.200,3501.2000,4656,-1,939266100.000,3,1,2,多平,S,3501.2000,3496.2000,3496.0000,3485.6000,3468.0000,3504.2000,3504.8000,3505.0000,3508.2000,3510.8000,19,1,3,1,1,1,2,1,3,3
SF,IH2008,2020-07-07 09:33:42.700,3501.2000,4654,-2,945568260.000,6,2,4,多平,S,3501.2000,3496.2000,3496.0000,3485.6000,3468.0000,3504.0000,3504.2000,3504.8000,3505.0000,3508.2000,13,1,3,1,1,1,1,1,1,3
SF,IH2008,2020-07-07 09:33:43.200,3501.2000,4654,0,950820060.000,5,2,3,多换,S,3501.2000,3496.2000,3496.0000,3485.6000,3468.0000,3503.8000,3504.0000,3504.2000,3504.8000,3505.0000,8,1,4,1,1,1,1,1,1,1
SF,IH2008,2020-07-07 09:33:43.700,3501.2000,4654,0,950820060.000,0,-,-,-,-,3501.2000,3496.2000,3496.0000,3485.6000,3468.0000,3503.6000,3503.8000,3504.2000,3504.8000,3505.0000,8,1,4,1,1,1,1,1,1,1
SF,IH2008,2020-07-07 09:33:44.200,3503.6000,4655,1,951871140.000,1,1,0,双开,S,3501.2000,3496.2000,3496.0000,3485.6000,3468.0000,3503.8000,3504.2000,3504.8000,3508.2000,3509.4000,8,1,4,1,1,1,1,1,3,3
SF,IH2008,2020-07-07 09:33:44.700,3501.2000,4655,0,953972640.000,2,1,1,多换,S,3501.2000,3496.2000,3496.0000,3485.6000,3468.0000,3504.2000,3504.8000,3508.2000,3509.4000,3513.2000,7,1,4,1,1,1,1,3,3,1
SF,IH2008,2020-07-07 09:33:45.200,3501.2000,4655,0,955023000.000,1,0,1,多换,S,3501.2000,3496.2000,3496.0000,3485.6000,3468.0000,3504.2000,3504.8000,3508.2000,3509.4000,3513.2000,6,1,4,1,1,1,1,3,3,1
SF,IH2008,2020-07-07 09:33:45.700,3501.2000,4655,0,955023000.000,0,-,-,-,-,3501.2000,3496.2000,3496.0000,3485.6000,3468.0000,3503.6000,3504.8000,3508.2000,3509.4000,3513.2000,6,1,4,1,1,1,1,3,3,1
SF,IH2008,2020-07-07 09:33:46.200,3501.2000,4654,-1,956073360.000,1,0,1,双平,S,3501.2000,3496.2000,3496.0000,3485.6000,3468.0000,3503.4000,3503.6000,3504.8000,3508.2000,3509.4000,5,1,4,1,1,1,1,1,3,3
SF,IH2008,2020-07-07 09:33:46.700,3501.2000,4654,0,956073360.000,0,-,-,-,-,3501.2000,3496.2000,3496.0000,3485.6000,3468.0000,3503.6000,3504.8000,3505.8000,3508.2000,3509.4000,5,1,4,1,1,1,1,1,3,3
SF,IH2008,2020-07-07 09:33:47.200,3501.2000,4654,0,956073360.000,0,-,-,-,-,3501.2000,3496.2000,3496.0000,3485.6000,3468.0000,3503.4000,3503.6000,3504.8000,3508.2000,3509.4000,5,1,4,1,1,1,1,1,3,3
SF,IH2008,2020-07-07 09:33:47.700,3503.4000,4653,-1,957124380.000,1,0,1,双平,S,3501.2000,3499.2000,3496.2000,3496.0000,3485.6000,3504.8000,3508.2000,3509.4000,3513.2000,3514.6000,5,1,1,4,1,1,3,3,1,1
SF,IH2008,2020-07-07 09:33:48.200,3503.4000,4653,0,957124380.000,0,-,-,-,-,3501.2000,3499.2000,3496.2000,3496.0000,3485.6000,3504.8000,3508.2000,3509.4000,3510.0000,3513.2000,5,1,1,4,1,1,3,3,1,1
SF,IH2008,2020-07-07 09:33:48.700,3501.2000,4651,-2,959225100.000,2,0,2,双平,S,3501.4000,3501.2000,3499.2000,3496.2000,3496.0000,3503.4000,3504.8000,3508.2000,3509.4000,3510.0000,2,3,1,1,4,1,1,3,3,1
SF,IH2008,2020-07-07 09:33:49.200,3501.4000,4651,0,961326540.000,2,1,1,多换,S,3501.4000,3501.2000,3499.2000,3496.2000,3496.0000,3504.0000,3504.8000,3508.2000,3509.4000,3510.0000,1,3,1,1,4,1,1,3,3,1
SF,IH2008,2020-07-07 09:33:49.700,3501.4000,4651,0,961326540.000,0,-,-,-,-,3501.4000,3501.2000,3499.2000,3496.2000,3496.0000,3503.8000,3504.8000,3508.2000,3509.4000,3510.0000,1,3,1,1,4,1,1,3,3,1
SF,IH2008,2020-07-07 09:33:50.200,3501.4000,4651,0,963428100.000,2,1,1,多换,S,3501.2000,3499.2000,3496.2000,3496.0000,3485.6000,3501.4000,3504.8000,3508.2000,3509.4000,3510.0000,3,1,1,4,1,2,1,3,3,1
SF,IH2008,2020-07-07 09:33:50.700,3501.4000,4650,-1,966579360.000,3,1,2,多平,S,3501.2000,3499.2000,3496.2000,3496.0000,3485.6000,3504.8000,3508.2000,3509.4000,3510.0000,3513.2000,3,1,1,4,1,1,3,3,1,1
SF,IH2008,2020-07-07 09:33:51.700,3501.4000,4650,0,966579360.000,0,-,-,-,-,3501.2000,3499.2000,3496.2000,3496.0000,3485.6000,3504.6000,3504.8000,3509.4000,3510.0000,3513.2000,3,1,1,4,1,2,1,3,1,1
SF,IH2008,2020-07-07 09:33:52.200,3501.4000,4650,0,966579360.000,0,-,-,-,-,3501.2000,3499.2000,3496.2000,3496.0000,3485.6000,3504.0000,3504.4000,3504.6000,3504.8000,3509.4000,3,1,1,4,1,1,1,2,1,3
SF,IH2008,2020-07-07 09:33:52.700,3503.8000,4646,-4,970781580.000,4,0,4,双平,S,3499.2000,3496.2000,3496.0000,3485.6000,3468.0000,3504.4000,3504.6000,3504.8000,3509.4000,3510.0000,1,1,4,1,1,1,2,1,3,1
SF,IH2008,2020-07-07 09:33:53.200,3503.8000,4646,0,970781580.000,0,-,-,-,-,3499.6000,3499.2000,3496.2000,3496.0000,3485.6000,3504.0000,3504.2000,3504.4000,3504.6000,3504.8000,1,1,1,4,1,1,1,1,2,1
SF,IH2008,2020-07-07 09:33:53.700,3503.8000,4646,0,970781580.000,0,-,-,-,-,3499.6000,3499.2000,3496.2000,3496.0000,3494.2000,3504.0000,3504.2000,3504.4000,3504.6000,3504.8000,1,1,1,1,3,1,1,1,2,1
SF,IH2008,2020-07-07 09:33:54.200,3503.8000,4646,0,970781580.000,0,-,-,-,-,3499.6000,3499.2000,3496.2000,3496.0000,3494.2000,3503.8000,3504.0000,3504.2000,3504.4000,3504.6000,1,1,1,1,3,2,2,1,1,2
SF,IH2008,2020-07-07 09:33:54.700,3503.6000,4645,-1,974984700.000,4,1,3,多平,S,3499.2000,3496.2000,3496.0000,3494.2000,3485.6000,3503.8000,3504.2000,3504.4000,3504.6000,3504.8000,1,1,1,3,1,3,1,1,2,1
SF,IH2008,2020-07-07 09:33:55.200,3503.6000,4645,0,974984700.000,0,-,-,-,-,3499.2000,3496.2000,3496.0000,3494.2000,3485.6000,3499.6000,3503.2000,3503.4000,3503.6000,3503.8000,1,1,1,3,1,1,2,1,1,1
SF,IH2008,2020-07-07 09:33:55.700,3499.6000,4647,2,977084520.000,2,2,0,双开,S,3499.2000,3496.2000,3496.0000,3494.2000,3485.6000,3503.2000,3503.4000,3503.6000,3503.8000,3504.2000,1,1,1,3,1,3,1,1,1,1
SF,IH2008,2020-07-07 09:33:56.200,3499.2000,4646,-1,978134280.000,1,0,1,双平,S,3496.2000,3496.0000,3494.2000,3485.6000,3468.0000,3499.0000,3499.2000,3502.8000,3503.2000,3503.6000,1,1,3,1,1,1,1,5,3,1
SF,IH2008,2020-07-07 09:33:56.700,3496.2000,4647,1,980232900.000,2,1,1,空开,S,3496.0000,3494.2000,3485.6000,3468.0000,3463.0000,3498.8000,3499.0000,3502.4000,3502.6000,3502.8000,1,3,1,1,1,1,1,1,2,5
SF,IH2008,2020-07-07 09:33:57.200,3496.2000,4647,0,980232900.000,0,-,-,-,-,3496.0000,3490.6000,3485.6000,3468.0000,3463.0000,3498.8000,3499.0000,3502.4000,3502.6000,3502.8000,1,3,1,1,1,1,1,1,1,5
SF,IH2008,2020-07-07 09:33:57.700,3499.2000,4645,-2,983382000.000,3,0,3,多平,S,3499.6000,3496.0000,3490.6000,3485.6000,3468.0000,3502.0000,3502.4000,3502.6000,3502.8000,3503.0000,7,1,3,1,1,2,1,1,4,1
SF,IH2008,2020-07-07 09:33:58.200,3499.6000,4642,-3,990731160.000,7,2,5,多平,S,3496.0000,3490.6000,3485.6000,3468.0000,3463.0000,3499.4000,3499.6000,3500.8000,3502.0000,3502.4000,1,3,1,1,1,1,2,2,2,1
SF,IH2008,2020-07-07 09:33:58.700,3499.6000,4642,0,990731160.000,0,-,-,-,-,3496.0000,3490.6000,3485.6000,3468.0000,3463.0000,3499.2000,3499.4000,3499.6000,3500.8000,3502.0000,1,3,1,1,1,1,1,2,2,2
SF,IH2008,2020-07-07 09:33:59.200,3496.0000,4641,-1,991779960.000,1,0,1,双平,S,3490.6000,3485.6000,3468.0000,3463.0000,3460.0000,3499.2000,3499.4000,3499.6000,3500.8000,3501.2000,3,1,1,1,1,1,1,2,2,1
SF,IH2008,2020-07-07 09:33:59.700,3491.0000,4641,0,992827260.000,1,0,1,多换,S,3490.6000,3485.6000,3468.0000,3463.0000,3460.0000,3499.0000,3499.2000,3499.4000,3499.6000,3500.8000,3,1,1,1,1,1,1,1,2,2
SF,IH2008,2020-07-07 09:34:00.200,3491.0000,4641,0,992827260.000,0,-,-,-,-,3485.6000,3485.2000,3468.0000,3463.0000,3460.0000,3498.8000,3499.0000,3499.2000,3499.4000,3499.6000,1,3,1,1,1,1,1,1,1,2
SF,IH2008,2020-07-07 09:34:00.700,3491.0000,4641,0,992827260.000,0,-,-,-,-,3485.8000,3485.6000,3485.2000,3468.0000,3463.0000,3497.6000,3498.6000,3498.8000,3499.2000,3499.4000,1,1,3,1,1,1,1,1,1,1
SF,IH2008,2020-07-07 09:34:01.200,3486.0000,4640,-1,993873060.000,1,0,1,双平,S,3485.8000,3480.4000,3468.0000,3463.0000,3460.0000,3496.8000,3497.4000,3497.6000,3498.8000,3499.2000,1,3,1,1,1,1,1,1,1,1
SF,IH2008,2020-07-07 09:34:01.700,3486.0000,4640,0,993873060.000,0,-,-,-,-,3480.4000,3477.2000,3468.0000,3463.0000,3460.0000,3496.6000,3496.8000,3497.6000,3498.8000,3499.2000,3,1,1,1,1,2,1,1,1,1
SF,IH2008,2020-07-07 09:34:02.200,3486.0000,4640,0,993873060.000,0,-,-,-,-,3486.4000,3482.0000,3481.0000,3480.4000,3477.2000,3496.2000,3496.6000,3496.8000,3498.8000,3499.2000,1,1,4,3,1,1,1,1,1,1
SF,IH2008,2020-07-07 09:34:02.700,3486.0000,4640,0,993873060.000,0,-,-,-,-,3480.4000,3477.2000,3468.0000,3463.0000,3460.0000,3495.8000,3496.0000,3496.2000,3498.8000,3499.2000,3,1,1,1,1,1,2,1,1,1
SF,IH2008,2020-07-07 09:34:03.200,3486.0000,4640,0,993873060.000,0,-,-,-,-,3482.0000,3481.4000,3480.4000,3477.2000,3468.0000,3495.6000,3495.8000,3496.0000,3496.2000,3499.2000,1,4,3,1,1,2,1,1,1,1
SF,IH2008,2020-07-07 09:34:03.700,3486.0000,4640,0,993873060.000,0,-,-,-,-,3482.2000,3481.4000,3477.2000,3476.6000,3468.0000,3495.2000,3495.4000,3495.6000,3495.8000,3496.0000,1,6,1,3,1,1,2,2,1,1
SF,IH2008,2020-07-07 09:34:04.200,3486.0000,4640,0,993873060.000,0,-,-,-,-,3482.4000,3481.4000,3477.2000,3476.6000,3468.0000,3494.4000,3495.0000,3495.2000,3495.4000,3495.8000,2,5,1,3,1,1,2,1,1,1
SF,IH2008,2020-07-07 09:34:04.700,3486.0000,4640,0,993873060.000,0,-,-,-,-,3482.4000,3481.8000,3481.4000,3477.2000,3476.6000,3493.0000,3493.8000,3494.2000,3495.0000,3495.2000,2,1,5,1,3,1,1,1,1,1
SF,IH2008,2020-07-07 09:34:05.200,3486.0000,4640,0,993873060.000,0,-,-,-,-,3483.8000,3482.6000,3482.4000,3481.8000,3481.4000,3492.6000,3492.8000,3493.8000,3495.2000,3495.8000,1,1,2,1,5,1,1,1,1,1
SF,IH2008,2020-07-07 09:34:05.700,3486.0000,4640,0,993873060.000,0,-,-,-,-,3484.0000,3483.8000,3482.6000,3482.4000,3481.8000,3492.2000,3492.4000,3492.6000,3495.2000,3496.0000,1,1,1,2,1,1,2,1,1,1
SF,IH2008,2020-07-07 09:34:06.200,3486.0000,4640,0,993873060.000,0,-,-,-,-,3484.2000,3484.0000,3483.8000,3482.6000,3482.4000,3492.0000,3492.2000,3495.2000,3496.0000,3498.4000,1,1,1,1,2,1,1,1,1,3
SF,IH2008,2020-07-07 09:34:06.700,3492.0000,4640,0,994920660.000,1,0,1,多换,S,3484.4000,3484.2000,3484.0000,3483.8000,3482.6000,3492.2000,3495.2000,3496.0000,3498.4000,3499.4000,1,1,1,1,1,1,1,1,3,1
SF,IH2008,2020-07-07 09:34:07.200,3484.8000,4640,0,997013760.000,2,1,1,多换,S,3484.6000,3484.4000,3484.2000,3484.0000,3483.8000,3492.0000,3495.2000,3496.0000,3498.4000,3499.4000,1,1,1,1,1,1,1,1,3,1
SF,IH2008,2020-07-07 09:34:07.700,3492.0000,4642,2,1000156560.000,3,2,1,空开,S,3485.6000,3485.0000,3484.8000,3484.6000,3484.4000,3495.2000,3496.0000,3498.4000,3499.4000,3499.6000,1,1,2,1,1,1,1,3,1,2
SF,IH2008,2020-07-07 09:34:08.200,3486.4000,4643,1,1001202480.000,1,1,0,双开,S,3485.8000,3485.6000,3485.0000,3484.8000,3484.6000,3495.2000,3498.4000,3499.6000,3505.0000,3507.0000,2,1,1,1,1,1,3,2,1,2
SF,IH2008,2020-07-07 09:34:08.700,3486.4000,4643,0,1001202480.000,0,-,-,-,-,3487.4000,3486.8000,3486.6000,3486.0000,3485.8000,3495.2000,3499.6000,3500.6000,3505.0000,3507.0000,1,1,2,2,2,1,2,3,1,2
SF,IH2008,2020-07-07 09:34:09.200,3486.4000,4643,0,1001202480.000,0,-,-,-,-,3487.6000,3487.4000,3486.8000,3486.6000,3486.4000,3495.2000,3499.6000,3500.6000,3505.0000,3507.0000,2,1,2,2,1,1,2,3,1,2
SF,IH2008,2020-07-07 09:34:09.700,3486.4000,4643,0,1001202480.000,0,-,-,-,-,3488.0000,3487.6000,3486.6000,3486.4000,3486.2000,3495.2000,3499.6000,3500.6000,3505.0000,3507.0000,1,3,2,1,1,1,2,3,1,2
SF,IH2008,2020-07-07 09:34:10.200,3486.4000,4643,0,1001202480.000,0,-,-,-,-,3489.0000,3488.4000,3488.2000,3488.0000,3487.6000,3495.0000,3495.2000,3499.6000,3500.6000,3505.0000,1,1,4,1,2,1,1,2,3,1
SF,IH2008,2020-07-07 09:34:10.700,3495.2000,4641,-2,1003299540.000,2,0,2,双平,S,3489.2000,3489.0000,3488.8000,3488.4000,3488.2000,3499.6000,3500.6000,3505.0000,3507.0000,3510.0000,3,1,1,1,2,2,3,1,2,1
SF,IH2008,2020-07-07 09:34:11.200,3495.2000,4641,0,1003299540.000,0,-,-,-,-,3489.6000,3489.2000,3489.0000,3488.8000,3488.2000,3499.6000,3500.6000,3505.0000,3507.0000,3510.0000,1,4,1,1,2,2,3,1,2,1
SF,IH2008,2020-07-07 09:34:11.700,3495.2000,4641,0,1003299540.000,0,-,-,-,-,3490.6000,3489.8000,3489.6000,3489.2000,3488.8000,3499.4000,3499.6000,3505.0000,3507.0000,3510.0000,1,1,1,3,1,1,2,4,2,1
SF,IH2008,2020-07-07 09:34:12.200,3495.2000,4641,0,1003299540.000,0,-,-,-,-,3490.8000,3490.6000,3489.6000,3489.2000,3488.8000,3499.6000,3505.0000,3507.0000,3517.8000,3518.4000,1,1,1,2,1,2,4,2,1,1
SF,IH2008,2020-07-07 09:34:12.700,3490.8000,4641,0,1004346780.000,1,0,1,多换,S,3490.8000,3490.6000,3489.6000,3489.2000,3488.2000,3499.4000,3499.6000,3505.0000,3507.0000,3517.8000,1,1,1,2,2,1,2,4,2,1
SF,IH2008,2020-07-07 09:34:13.200,3490.8000,4641,0,1004346780.000,0,-,-,-,-,3491.8000,3491.2000,3490.8000,3489.2000,3489.0000,3499.0000,3499.6000,3505.0000,3507.0000,3517.8000,1,1,1,2,5,1,2,4,2,1
SF,IH2008,2020-07-07 09:34:13.700,3490.8000,4641,0,1004346780.000,0,-,-,-,-,3493.0000,3491.8000,3491.2000,3490.8000,3489.2000,3498.8000,3499.0000,3499.6000,3505.0000,3507.0000,1,1,1,1,1,1,1,2,4,2
SF,IH2008,2020-07-07 09:34:14.200,3498.8000,4642,1,1005396420.000,1,1,0,双开,S,3498.8000,3493.0000,3491.8000,3491.2000,3490.8000,3499.0000,3499.6000,3505.0000,3507.0000,3517.8000,9,1,1,1,1,1,2,4,2,1
SF,IH2008,2020-07-07 09:34:14.700,3499.0000,4648,6,1015892880.000,10,8,2,空开,S,3494.0000,3493.0000,3491.8000,3490.8000,3489.0000,3498.6000,3498.8000,3499.6000,3505.0000,3507.0000,1,1,1,1,5,5,2,2,4,2
SF,IH2008,2020-07-07 09:34:15.200,3499.0000,4648,0,1016942580.000,1,0,1,多换,S,3494.0000,3493.0000,3491.8000,3490.8000,3489.0000,3498.4000,3498.6000,3498.8000,3499.6000,3505.0000,1,1,1,1,5,1,4,2,2,4
SF,IH2008,2020-07-07 09:34:15.700,3499.0000,4648,0,1016942580.000,0,-,-,-,-,3494.0000,3493.0000,3491.8000,3489.0000,3488.6000,3498.0000,3498.4000,3498.6000,3498.8000,3499.6000,1,1,1,5,3,1,1,4,2,2
