市场代码,合约代码,时间,最新,持仓,增仓,成交额,成交量,开仓,平仓,成交类型,方向,买一价,买二价,买三价,买四价,买五价,卖一价,卖二价,卖三价,卖四价,卖五价,买一量,买二量,买三量,买四量,买五量,卖一量,卖二量,卖三量,卖四量,卖五量
SF,IH2002,2020-01-17 09:29:00.300,3062.6000,14650,0,20213160.000,22.000,-,-,-,-,3062.0000,3061.2000,3060.6000,3060.2000,3060.0000,3063.0000,3063.6000,3064.0000,3064.8000,3065.0000,2,1,2,8,3,1,1,2,4,4
SF,IH2002,2020-01-17 09:30:00.300,3062.0000,14646,-4,35830380.000,17,6,11,多平,S,3061.2000,3060.6000,3060.2000,3060.0000,3059.8000,3062.0000,3062.8000,3063.0000,3063.6000,3064.0000,1,2,8,3,6,8,6,1,2,2
SF,IH2002,2020-01-17 09:30:00.800,3061.4000,14638,-8,53282040.000,19,5,14,多平,S,3060.6000,3060.4000,3060.2000,3060.0000,3059.8000,3061.2000,3061.8000,3062.0000,3062.4000,3062.6000,2,1,8,3,6,1,1,5,1,1
SF,IH2002,2020-01-17 09:30:01.300,3061.4000,14642,4,65221260.000,13,8,5,空开,S,3061.4000,3060.6000,3060.4000,3060.2000,3060.0000,3062.0000,3062.4000,3063.0000,3063.6000,3064.0000,1,10,18,15,3,2,1,4,2,2
SF,IH2002,2020-01-17 09:30:01.800,3061.2000,14639,-3,71651160.000,7,2,5,多平,S,3061.2000,3060.6000,3060.4000,3060.2000,3060.0000,3061.4000,3062.8000,3063.0000,3063.6000,3064.0000,7,2,39,15,3,8,1,4,2,2
SF,IH2002,2020-01-17 09:30:02.300,3062.6000,14639,0,88182900.000,18,9,9,多换,S,3062.0000,3061.4000,3061.2000,3060.8000,3060.6000,3063.0000,3063.6000,3064.0000,3064.8000,3065.0000,1,3,6,1,2,4,2,2,2,6
SF,IH2002,2020-01-17 09:30:02.800,3061.4000,14634,-5,95531820.000,8,1,7,多平,S,3061.2000,3060.6000,3060.4000,3060.2000,3060.0000,3062.8000,3063.6000,3064.0000,3064.8000,3065.0000,7,2,37,15,3,1,3,2,2,6
SF,IH2002,2020-01-17 09:30:03.300,3062.0000,14635,1,97368840.000,2,1,1,空开,S,3062.0000,3061.4000,3061.2000,3060.8000,3060.4000,3062.6000,3062.8000,3063.4000,3063.6000,3064.0000,13,13,7,1,5,2,1,5,3,2
SF,IH2002,2020-01-17 09:30:03.800,3062.2000,14635,0,101043360.000,4,2,2,多换,S,3062.2000,3062.0000,3061.2000,3060.4000,3060.0000,3062.4000,3062.6000,3062.8000,3063.6000,3064.0000,11,12,6,5,3,1,3,1,3,2
SF,IH2002,2020-01-17 09:30:04.300,3062.8000,14637,2,111149340.000,11,6,5,空开,S,3062.2000,3062.0000,3061.2000,3060.4000,3060.0000,3063.6000,3064.0000,3064.8000,3065.0000,3066.0000,7,12,1,1,3,3,2,2,6,1
SF,IH2002,2020-01-17 09:30:04.800,3063.6000,14634,-3,114825060.000,4,0,4,多平,S,3062.4000,3062.2000,3062.0000,3061.2000,3060.4000,3063.6000,3063.8000,3064.0000,3064.8000,3065.0000,5,8,2,1,1,4,1,2,2,6
SF,IH2002,2020-01-17 09:30:05.300,3062.6000,14634,0,117581400.000,3,1,2,多换,S,3062.6000,3062.4000,3062.2000,3062.0000,3061.2000,3063.4000,3063.6000,3064.0000,3064.8000,3065.0000,4,4,3,2,1,6,6,2,2,6
SF,IH2002,2020-01-17 09:30:05.800,3062.6000,14634,0,117581400.000,0,-,-,-,-,3062.8000,3062.6000,3062.4000,3062.2000,3062.0000,3063.2000,3063.4000,3063.6000,3064.0000,3064.8000,2,6,2,2,2,3,6,1,2,2
SF,IH2002,2020-01-17 09:30:06.300,3062.8000,14634,0,124013580.000,7,3,4,多换,S,3062.8000,3062.6000,3062.4000,3062.2000,3062.0000,3063.2000,3063.4000,3063.6000,3064.0000,3064.8000,2,2,1,2,2,3,3,1,2,2
SF,IH2002,2020-01-17 09:30:06.800,3062.6000,14632,-2,127688820.000,4,1,3,多平,S,3062.2000,3062.0000,3061.2000,3061.0000,3060.4000,3063.0000,3063.2000,3063.4000,3063.6000,3064.0000,2,2,1,1,1,2,3,1,1,2
SF,IH2002,2020-01-17 09:30:07.300,3062.2000,14633,1,129526320.000,2,1,1,空开,S,3062.6000,3062.4000,3062.2000,3062.0000,3061.2000,3062.8000,3063.0000,3063.6000,3064.0000,3064.8000,1,1,2,2,1,4,3,1,2,2
SF,IH2002,2020-01-17 09:30:07.800,3062.2000,14632,-1,133201260.000,4,1,3,多平,S,3062.2000,3062.0000,3061.2000,3061.0000,3060.4000,3062.6000,3062.8000,3063.6000,3064.0000,3064.8000,1,2,2,1,1,2,5,1,2,2
SF,IH2002,2020-01-17 09:30:08.300,3062.4000,14631,-1,136875960.000,4,1,3,多平,S,3062.0000,3061.2000,3061.0000,3060.4000,3060.0000,3062.4000,3062.6000,3062.8000,3063.4000,3063.6000,1,1,1,1,3,2,3,1,1,1
SF,IH2002,2020-01-17 09:30:08.800,3062.4000,14629,-2,138713400.000,2,0,2,双平,S,3062.0000,3061.2000,3061.0000,3060.4000,3060.0000,3062.6000,3062.8000,3063.2000,3063.4000,3063.6000,1,1,1,1,3,3,1,1,1,1
SF,IH2002,2020-01-17 09:30:09.300,3062.0000,14630,1,139632000.000,1,1,0,双开,S,3061.4000,3061.2000,3061.0000,3060.4000,3060.0000,3062.2000,3062.6000,3062.8000,3063.2000,3063.4000,1,1,1,1,3,2,3,1,1,1
SF,IH2002,2020-01-17 09:30:09.800,3061.6000,14627,-3,142387500.000,3,0,3,双平,S,3061.6000,3061.4000,3061.2000,3061.0000,3060.4000,3062.2000,3062.6000,3062.8000,3063.2000,3063.4000,1,5,1,1,1,2,3,1,1,1
SF,IH2002,2020-01-17 09:30:10.300,3061.8000,14625,-2,146061720.000,4,1,3,多平,S,3061.8000,3061.4000,3061.2000,3061.0000,3060.4000,3062.2000,3062.6000,3062.8000,3063.2000,3063.4000,4,1,1,1,1,2,3,1,1,1
SF,IH2002,2020-01-17 09:30:10.800,3061.2000,14623,-2,151572660.000,6,2,4,多平,S,3061.0000,3060.4000,3060.0000,3059.4000,3059.2000,3061.4000,3062.0000,3062.2000,3062.6000,3062.8000,1,1,4,1,1,2,3,2,1,1
SF,IH2002,2020-01-17 09:30:11.300,3061.0000,14616,-7,160755960.000,10,1,9,多平,S,3061.0000,3060.4000,3060.0000,3059.4000,3059.2000,3061.4000,3062.0000,3062.2000,3062.6000,3062.8000,5,1,6,1,1,1,5,2,1,1
SF,IH2002,2020-01-17 09:30:11.800,3061.2000,14615,-1,163511100.000,3,1,2,多平,S,3061.2000,3061.0000,3060.4000,3060.0000,3059.4000,3062.0000,3062.6000,3062.8000,3063.2000,3063.4000,1,5,1,7,1,4,3,1,1,1
SF,IH2002,2020-01-17 09:30:12.300,3061.2000,14615,0,163511100.000,0,-,-,-,-,3061.4000,3061.2000,3061.0000,3060.4000,3060.0000,3062.0000,3062.6000,3062.8000,3063.2000,3063.4000,3,3,15,1,7,4,3,1,1,1
SF,IH2002,2020-01-17 09:30:12.800,3061.2000,14615,0,164429460.000,1,0,1,多换,S,3061.4000,3061.2000,3061.0000,3060.4000,3060.0000,3062.0000,3062.6000,3062.8000,3063.2000,3063.4000,6,2,1,1,7,4,3,1,1,1
SF,IH2002,2020-01-17 09:30:13.300,3061.2000,14614,-1,165347820.000,1,0,1,双平,S,3061.4000,3061.2000,3061.0000,3060.4000,3060.0000,3061.8000,3062.0000,3062.4000,3062.6000,3062.8000,9,1,1,1,7,4,5,1,3,1
SF,IH2002,2020-01-17 09:30:13.800,3061.4000,14614,0,166266240.000,1,0,1,多换,S,3061.6000,3061.4000,3061.2000,3061.0000,3060.4000,3061.8000,3062.0000,3062.2000,3062.4000,3062.6000,1,9,1,1,1,4,5,1,1,3
SF,IH2002,2020-01-17 09:30:14.300,3061.4000,14614,0,166266240.000,0,-,-,-,-,3061.6000,3061.4000,3061.2000,3061.0000,3060.4000,3061.8000,3062.0000,3062.2000,3062.4000,3062.6000,3,8,1,1,1,4,5,1,1,3
SF,IH2002,2020-01-17 09:30:14.800,3061.6000,14611,-3,176369160.000,11,4,7,多平,S,3061.4000,3061.2000,3061.0000,3060.4000,3060.0000,3061.8000,3062.0000,3062.2000,3062.4000,3062.6000,3,1,1,1,7,5,5,1,1,3
SF,IH2002,2020-01-17 09:30:15.300,3061.4000,14607,-4,182798340.000,7,1,6,多平,S,3061.2000,3061.0000,3060.4000,3060.0000,3059.4000,3061.4000,3061.8000,3062.0000,3062.2000,3062.4000,1,1,1,7,1,3,5,5,1,1
SF,IH2002,2020-01-17 09:30:15.800,3061.8000,14604,-3,186472140.000,4,0,4,多平,S,3061.4000,3061.2000,3061.0000,3060.4000,3060.0000,3061.8000,3062.0000,3062.2000,3062.4000,3062.6000,3,3,1,1,7,2,5,1,1,3
SF,IH2002,2020-01-17 09:30:16.300,3061.8000,14604,0,186472140.000,0,-,-,-,-,3061.4000,3061.2000,3061.0000,3060.4000,3060.0000,3061.8000,3062.0000,3062.2000,3062.4000,3062.6000,1,3,1,1,7,2,5,1,1,3
SF,IH2002,2020-01-17 09:30:16.800,3061.8000,14603,-1,189227760.000,3,1,2,多平,S,3061.8000,3061.4000,3061.2000,3060.4000,3060.0000,3062.0000,3062.2000,3062.4000,3062.6000,3062.8000,1,2,3,1,7,5,1,1,3,1
SF,IH2002,2020-01-17 09:30:17.300,3062.0000,14599,-4,193820520.000,5,0,5,多平,S,3061.6000,3061.4000,3061.2000,3060.4000,3060.0000,3062.0000,3062.2000,3062.4000,3062.6000,3062.8000,1,1,3,1,7,2,1,1,1,1
SF,IH2002,2020-01-17 09:30:17.800,3062.0000,14599,0,193820520.000,0,-,-,-,-,3061.6000,3061.4000,3061.2000,3060.6000,3060.4000,3062.0000,3062.2000,3062.4000,3062.6000,3062.8000,3,2,3,2,1,2,1,1,1,1
SF,IH2002,2020-01-17 09:30:18.300,3062.0000,14599,0,193820520.000,0,-,-,-,-,3061.6000,3061.4000,3061.2000,3060.6000,3060.4000,3062.0000,3062.2000,3062.4000,3062.6000,3062.8000,3,2,2,2,1,2,1,1,1,1
SF,IH2002,2020-01-17 09:30:18.800,3062.0000,14599,0,193820520.000,0,-,-,-,-,3061.8000,3061.6000,3061.4000,3061.2000,3060.6000,3062.0000,3062.2000,3062.4000,3062.6000,3062.8000,1,1,2,4,2,2,1,1,1,1
SF,IH2002,2020-01-17 09:30:19.300,3061.8000,14596,-3,196576260.000,3,0,3,双平,S,3061.6000,3061.4000,3061.2000,3060.6000,3060.4000,3062.2000,3062.4000,3062.6000,3062.8000,3063.2000,1,2,6,2,1,1,1,1,1,1
SF,IH2002,2020-01-17 09:30:19.800,3061.6000,14595,-1,197494740.000,1,0,1,双平,S,3061.4000,3061.2000,3060.6000,3060.4000,3060.0000,3062.2000,3062.4000,3062.6000,3062.8000,3063.2000,2,6,2,1,7,1,1,1,1,1
SF,IH2002,2020-01-17 09:30:20.300,3061.6000,14594,-1,198413220.000,1,0,1,双平,S,3061.4000,3061.2000,3060.6000,3060.4000,3060.0000,3062.2000,3062.4000,3062.6000,3062.8000,3063.2000,2,6,2,1,7,2,1,1,1,1
SF,IH2002,2020-01-17 09:30:20.800,3061.6000,14594,0,198413220.000,0,-,-,-,-,3061.6000,3061.4000,3061.2000,3060.6000,3060.4000,3062.2000,3062.4000,3062.6000,3062.8000,3063.2000,1,2,6,2,1,2,1,1,1,1
SF,IH2002,2020-01-17 09:30:21.300,3061.6000,14593,-1,199331700.000,1,0,1,双平,S,3061.4000,3061.2000,3060.6000,3060.4000,3060.0000,3061.6000,3062.2000,3062.4000,3062.6000,3062.8000,2,4,2,1,7,4,2,1,1,1
SF,IH2002,2020-01-17 09:30:21.800,3061.4000,14587,-6,205760640.000,7,0,7,多平,S,3061.2000,3060.6000,3060.4000,3060.0000,3059.4000,3061.6000,3062.2000,3062.4000,3062.6000,3062.8000,5,2,1,7,1,4,3,1,1,1
SF,IH2002,2020-01-17 09:30:22.300,3061.4000,14585,-2,212189280.000,7,2,5,多平,S,3060.6000,3060.4000,3060.0000,3059.4000,3059.2000,3061.4000,3061.6000,3062.2000,3062.4000,3062.6000,2,1,7,1,1,2,4,3,1,1
SF,IH2002,2020-01-17 09:30:22.800,3061.4000,14585,0,212189280.000,0,-,-,-,-,3060.4000,3060.0000,3059.4000,3059.2000,3059.0000,3061.4000,3061.6000,3062.2000,3062.4000,3062.6000,1,7,1,1,1,2,5,2,1,1
SF,IH2002,2020-01-17 09:30:23.300,3061.4000,14585,0,212189280.000,0,-,-,-,-,3060.4000,3060.0000,3059.4000,3059.2000,3059.0000,3061.2000,3061.4000,3061.6000,3062.0000,3062.2000,1,7,1,1,1,2,2,5,1,2
SF,IH2002,2020-01-17 09:30:23.800,3061.4000,14582,-3,214944540.000,3,0,3,双平,S,3060.4000,3060.0000,3059.4000,3059.2000,3059.0000,3061.4000,3061.6000,3062.0000,3062.2000,3062.4000,1,7,1,1,1,1,5,1,2,1
SF,IH2002,2020-01-17 09:30:24.300,3061.4000,14582,0,214944540.000,0,-,-,-,-,3060.6000,3060.4000,3060.0000,3059.4000,3059.2000,3060.8000,3061.4000,3061.6000,3062.0000,3062.2000,3,1,7,1,1,1,1,5,1,2
SF,IH2002,2020-01-17 09:30:24.800,3060.8000,14580,-2,216781020.000,2,0,2,双平,S,3061.0000,3060.6000,3060.4000,3060.0000,3059.4000,3061.6000,3062.0000,3062.2000,3062.4000,3062.6000,1,1,1,5,1,5,1,2,1,1
SF,IH2002,2020-01-17 09:30:25.300,3060.8000,14580,0,216781020.000,0,-,-,-,-,3061.2000,3061.0000,3060.4000,3060.0000,3059.4000,3061.6000,3062.0000,3062.2000,3062.4000,3062.6000,1,2,1,5,1,5,1,2,1,1
SF,IH2002,2020-01-17 09:30:25.800,3060.8000,14580,0,217699260.000,1,0,1,多换,S,3061.2000,3061.0000,3060.4000,3060.0000,3059.4000,3061.6000,3062.0000,3062.2000,3062.4000,3062.6000,1,2,1,5,1,5,1,2,1,1
SF,IH2002,2020-01-17 09:30:26.300,3061.6000,14578,-2,219536160.000,2,0,2,双平,S,3061.2000,3061.0000,3060.4000,3060.0000,3059.4000,3061.6000,3062.0000,3062.2000,3062.4000,3062.6000,1,2,2,5,1,4,1,2,1,1
SF,IH2002,2020-01-17 09:30:26.800,3061.6000,14578,0,219536160.000,0,-,-,-,-,3061.4000,3061.2000,3061.0000,3060.4000,3060.0000,3061.6000,3062.0000,3062.2000,3062.4000,3062.6000,1,2,1,2,5,4,1,2,1,1
SF,IH2002,2020-01-17 09:30:27.300,3061.2000,14574,-4,224128260.000,5,0,5,多平,S,3061.0000,3060.4000,3060.0000,3059.4000,3059.2000,3061.4000,3061.6000,3062.0000,3062.2000,3062.4000,1,2,5,1,1,1,2,1,1,1
SF,IH2002,2020-01-17 09:30:27.800,3061.2000,14574,0,224128260.000,0,-,-,-,-,3061.0000,3060.4000,3060.0000,3059.4000,3059.2000,3061.4000,3061.6000,3062.0000,3062.2000,3062.4000,1,2,7,1,1,1,2,1,1,1
SF,IH2002,2020-01-17 09:30:28.300,3061.4000,14574,0,225046680.000,1,0,1,多换,S,3061.2000,3061.0000,3060.4000,3060.0000,3059.4000,3061.6000,3062.0000,3062.2000,3062.4000,3062.6000,1,1,2,7,1,2,1,1,1,1
SF,IH2002,2020-01-17 09:30:28.800,3061.0000,14573,-1,226883340.000,2,0,2,多平,S,3060.4000,3060.0000,3059.4000,3059.2000,3059.0000,3061.2000,3061.6000,3062.0000,3062.2000,3062.4000,2,7,1,1,2,2,2,1,1,1
SF,IH2002,2020-01-17 09:30:29.300,3061.4000,14570,-3,230556900.000,4,0,4,多平,S,3060.6000,3060.4000,3060.0000,3059.4000,3059.2000,3061.4000,3061.6000,3062.0000,3062.2000,3062.4000,6,2,7,1,1,1,2,1,1,1
SF,IH2002,2020-01-17 09:30:29.800,3061.4000,14570,0,230556900.000,0,-,-,-,-,3060.6000,3060.4000,3060.0000,3059.4000,3059.2000,3061.4000,3061.6000,3062.0000,3062.2000,3062.4000,5,2,7,1,1,1,2,1,3,1
SF,IH2002,2020-01-17 09:30:30.300,3061.2000,14568,-2,233311620.000,3,0,3,多平,S,3060.8000,3060.6000,3060.4000,3060.0000,3059.4000,3061.2000,3061.4000,3061.6000,3062.0000,3062.2000,1,1,2,7,1,3,1,2,1,3
SF,IH2002,2020-01-17 09:30:30.800,3060.8000,14568,0,234229860.000,1,0,1,多换,S,3061.0000,3060.8000,3060.6000,3060.4000,3060.0000,3061.2000,3061.4000,3061.6000,3062.0000,3062.2000,1,1,1,2,7,3,1,2,1,3
SF,IH2002,2020-01-17 09:30:31.300,3061.0000,14567,-1,235148160.000,1,0,1,双平,S,3061.0000,3060.6000,3060.4000,3060.0000,3059.4000,3061.2000,3061.4000,3061.6000,3062.2000,3062.4000,1,1,2,7,1,3,1,3,3,1
SF,IH2002,2020-01-17 09:30:31.800,3061.0000,14567,0,235148160.000,0,-,-,-,-,3061.0000,3060.6000,3060.4000,3060.0000,3059.4000,3061.4000,3061.6000,3062.2000,3062.4000,3062.6000,2,1,2,7,1,1,3,3,1,1
SF,IH2002,2020-01-17 09:30:32.300,3061.0000,14567,0,236066460.000,1,0,1,多换,S,3061.2000,3061.0000,3060.6000,3060.4000,3060.0000,3061.4000,3061.6000,3062.2000,3062.6000,3062.8000,3,2,1,2,7,2,3,3,1,2
SF,IH2002,2020-01-17 09:30:32.800,3061.2000,14566,-1,239740020.000,4,1,3,多平,S,3061.2000,3061.0000,3060.6000,3060.4000,3060.0000,3061.6000,3062.2000,3062.6000,3062.8000,3063.2000,1,1,1,2,7,3,3,1,2,1
SF,IH2002,2020-01-17 09:30:33.300,3061.2000,14566,0,240658380.000,1,0,1,多换,S,3061.2000,3061.0000,3060.6000,3060.4000,3060.0000,3061.6000,3062.2000,3062.6000,3062.8000,3063.2000,1,1,1,2,7,3,3,1,2,1
SF,IH2002,2020-01-17 09:30:33.800,3061.4000,14564,-2,242495220.000,2,0,2,双平,S,3061.2000,3061.0000,3060.6000,3060.4000,3060.0000,3061.6000,3062.2000,3062.6000,3062.8000,3063.2000,1,1,1,2,7,3,3,1,2,1
SF,IH2002,2020-01-17 09:30:34.300,3061.4000,14564,0,243413640.000,1,0,1,多换,S,3061.2000,3061.0000,3060.8000,3060.6000,3060.4000,3061.4000,3061.6000,3062.2000,3062.6000,3062.8000,1,2,1,1,2,1,3,3,1,2
SF,IH2002,2020-01-17 09:30:34.800,3061.6000,14562,-2,246169020.000,3,0,3,多平,S,3061.2000,3061.0000,3060.8000,3060.6000,3060.4000,3061.6000,3062.2000,3062.6000,3062.8000,3063.2000,2,2,1,1,2,1,3,1,1,1
SF,IH2002,2020-01-17 09:30:35.300,3061.6000,14562,0,247087500.000,1,0,1,多换,S,3061.4000,3061.2000,3061.0000,3060.8000,3060.6000,3061.6000,3062.2000,3062.6000,3062.8000,3063.2000,1,3,2,1,1,1,3,1,1,1
SF,IH2002,2020-01-17 09:30:35.800,3061.6000,14563,1,248005980.000,1,1,0,双开,S,3061.6000,3061.4000,3061.2000,3061.0000,3060.8000,3062.2000,3062.6000,3062.8000,3063.2000,3063.6000,1,1,4,2,1,1,1,1,1,1
SF,IH2002,2020-01-17 09:30:36.300,3061.8000,14562,-1,248924520.000,1,0,1,双平,S,3061.8000,3061.6000,3061.4000,3061.2000,3061.0000,3062.0000,3062.2000,3062.6000,3062.8000,3063.2000,1,2,1,4,2,1,2,1,1,1
SF,IH2002,2020-01-17 09:30:36.800,3061.8000,14562,0,248924520.000,0,-,-,-,-,3061.8000,3061.6000,3061.4000,3061.2000,3061.0000,3062.2000,3062.6000,3062.8000,3063.2000,3063.6000,1,2,1,6,2,2,1,1,1,1
SF,IH2002,2020-01-17 09:30:37.300,3061.8000,14562,0,248924520.000,0,-,-,-,-,3061.8000,3061.6000,3061.4000,3061.2000,3061.0000,3062.0000,3062.2000,3062.6000,3062.8000,3063.2000,1,2,1,9,2,1,2,1,1,1
SF,IH2002,2020-01-17 09:30:37.800,3062.0000,14561,-1,249843120.000,1,0,1,双平,S,3061.8000,3061.6000,3061.4000,3061.2000,3061.0000,3062.2000,3062.6000,3062.8000,3063.2000,3063.6000,1,2,1,9,2,2,1,1,1,1
SF,IH2002,2020-01-17 09:30:38.300,3062.0000,14560,-1,250761720.000,1,0,1,双平,S,3061.8000,3061.6000,3061.2000,3061.0000,3060.8000,3062.2000,3062.4000,3062.6000,3062.8000,3063.2000,1,2,8,2,1,2,1,1,1,1
SF,IH2002,2020-01-17 09:30:38.800,3062.0000,14560,0,250761720.000,0,-,-,-,-,3062.0000,3061.8000,3061.6000,3061.2000,3061.0000,3062.2000,3062.4000,3062.6000,3062.8000,3063.2000,2,1,2,8,2,2,1,1,1,1
SF,IH2002,2020-01-17 09:30:39.300,3062.2000,14560,0,251680380.000,1,0,1,多换,S,3062.0000,3061.6000,3061.2000,3061.0000,3060.8000,3062.2000,3062.4000,3062.6000,3062.8000,3063.2000,3,2,8,1,1,1,1,1,1,1
SF,IH2002,2020-01-17 09:30:39.800,3062.0000,14557,-3,254436360.000,3,0,3,双平,S,3062.0000,3061.6000,3061.2000,3061.0000,3060.8000,3062.6000,3062.8000,3063.2000,3063.6000,3064.0000,4,2,8,1,1,1,1,1,1,4
SF,IH2002,2020-01-17 09:30:40.300,3062.0000,14557,0,254436360.000,0,-,-,-,-,3062.0000,3061.6000,3061.2000,3061.0000,3060.8000,3062.6000,3062.8000,3063.0000,3063.2000,3063.6000,4,2,8,1,1,1,1,1,1,1
SF,IH2002,2020-01-17 09:30:40.800,3062.0000,14557,0,254436360.000,0,-,-,-,-,3062.0000,3061.6000,3061.2000,3061.0000,3060.8000,3062.6000,3062.8000,3063.0000,3063.2000,3063.6000,4,2,8,1,1,1,1,1,1,1
SF,IH2002,2020-01-17 09:30:41.300,3062.2000,14554,-3,257192460.000,3,0,3,双平,S,3062.0000,3061.6000,3061.2000,3061.0000,3060.8000,3062.8000,3063.0000,3063.2000,3063.6000,3064.0000,3,2,8,1,1,1,1,1,1,4
SF,IH2002,2020-01-17 09:30:41.800,3062.0000,14550,-4,260866860.000,4,0,4,双平,S,3061.6000,3061.2000,3061.0000,3060.8000,3060.6000,3062.0000,3062.8000,3063.0000,3063.2000,3063.6000,2,8,1,1,1,1,1,1,1,1
SF,IH2002,2020-01-17 09:30:42.300,3062.0000,14549,-1,261785460.000,1,0,1,双平,S,3062.4000,3062.0000,3061.8000,3061.6000,3061.2000,3062.8000,3063.0000,3063.2000,3063.6000,3064.0000,1,2,3,2,8,1,1,1,1,4
SF,IH2002,2020-01-17 09:30:42.800,3062.6000,14547,-2,263622840.000,2,0,2,双平,S,3062.0000,3061.8000,3061.6000,3061.2000,3061.0000,3062.4000,3062.6000,3062.8000,3063.0000,3063.2000,2,2,2,8,1,3,2,1,1,1
SF,IH2002,2020-01-17 09:30:43.300,3062.6000,14546,-1,264541620.000,1,0,1,双平,S,3062.0000,3061.8000,3061.6000,3061.2000,3061.0000,3062.2000,3062.4000,3062.6000,3062.8000,3063.0000,2,1,2,8,1,2,3,2,1,1
SF,IH2002,2020-01-17 09:30:43.800,3062.0000,14543,-3,267297540.000,3,0,3,双平,S,3062.0000,3061.8000,3061.6000,3061.2000,3061.0000,3062.4000,3062.6000,3062.8000,3063.0000,3063.2000,1,1,2,8,1,3,2,1,1,1
SF,IH2002,2020-01-17 09:30:44.300,3062.0000,14543,0,267297540.000,0,-,-,-,-,3062.0000,3061.8000,3061.6000,3061.2000,3061.0000,3062.4000,3062.6000,3062.8000,3063.0000,3063.2000,1,1,2,8,1,3,2,1,1,1
SF,IH2002,2020-01-17 09:30:44.800,3062.0000,14543,0,267297540.000,0,-,-,-,-,3062.2000,3062.0000,3061.8000,3061.6000,3061.2000,3062.4000,3062.6000,3062.8000,3063.0000,3063.2000,1,3,1,2,8,3,2,1,1,1
SF,IH2002,2020-01-17 09:30:45.300,3062.0000,14543,0,267297540.000,0,-,-,-,-,3062.2000,3062.0000,3061.8000,3061.6000,3061.2000,3062.4000,3062.6000,3062.8000,3063.0000,3063.2000,3,1,1,2,8,3,2,1,1,1
SF,IH2002,2020-01-17 09:30:45.800,3062.4000,14540,-3,270972420.000,4,0,4,多平,S,3062.2000,3062.0000,3061.8000,3061.6000,3061.2000,3062.6000,3062.8000,3063.0000,3063.2000,3063.6000,3,1,1,1,8,2,1,1,1,1
SF,IH2002,2020-01-17 09:30:46.300,3062.2000,14539,-1,272809740.000,2,0,2,多平,S,3062.2000,3062.0000,3061.8000,3061.2000,3061.0000,3062.6000,3062.8000,3063.0000,3063.2000,3063.6000,2,1,1,8,1,2,1,1,1,1
SF,IH2002,2020-01-17 09:30:46.800,3062.2000,14538,-1,273728400.000,1,0,1,双平,S,3062.4000,3062.2000,3062.0000,3061.8000,3061.2000,3062.6000,3062.8000,3063.0000,3063.2000,3063.6000,2,2,1,1,8,2,1,1,1,1
SF,IH2002,2020-01-17 09:30:47.300,3062.2000,14538,0,274647060.000,1,0,1,多换,S,3062.4000,3062.2000,3062.0000,3061.8000,3061.2000,3062.6000,3062.8000,3063.0000,3063.2000,3063.6000,1,2,1,1,8,2,1,1,1,1
SF,IH2002,2020-01-17 09:30:47.800,3062.2000,14537,-1,276484440.000,2,0,2,多平,S,3062.2000,3062.0000,3061.8000,3061.2000,3061.0000,3062.4000,3062.6000,3062.8000,3063.0000,3063.2000,1,1,1,8,1,1,2,1,1,1
SF,IH2002,2020-01-17 09:30:48.300,3062.6000,14536,-1,277403220.000,1,0,1,双平,S,3062.2000,3062.0000,3061.8000,3061.2000,3061.0000,3062.6000,3062.8000,3063.0000,3063.2000,3063.6000,2,1,1,8,1,1,1,1,1,1
SF,IH2002,2020-01-17 09:30:49.300,3062.2000,14537,1,279240660.000,2,1,1,空开,S,3062.2000,3062.0000,3061.8000,3061.2000,3061.0000,3062.8000,3063.0000,3063.2000,3063.6000,3063.8000,2,1,1,8,1,1,1,1,1,1
SF,IH2002,2020-01-17 09:30:49.800,3062.2000,14537,0,279240660.000,0,-,-,-,-,3062.2000,3062.0000,3061.8000,3061.2000,3061.0000,3062.4000,3062.8000,3063.2000,3063.6000,3063.8000,1,1,1,8,1,2,1,1,1,1
SF,IH2002,2020-01-17 09:30:50.300,3062.4000,14535,-2,281078040.000,2,0,2,双平,S,3062.2000,3062.0000,3061.8000,3061.2000,3060.8000,3062.4000,3062.8000,3063.2000,3063.6000,3063.8000,1,1,1,8,1,1,1,1,1,1
SF,IH2002,2020-01-17 09:30:50.800,3062.2000,14534,-1,281996700.000,1,0,1,双平,S,3061.8000,3061.2000,3060.8000,3060.4000,3060.0000,3062.2000,3062.4000,3062.8000,3063.2000,3063.6000,1,8,1,3,7,1,1,1,1,1
SF,IH2002,2020-01-17 09:30:51.300,3062.2000,14533,-1,282915360.000,1,0,1,双平,S,3062.0000,3061.8000,3061.2000,3061.0000,3060.8000,3062.2000,3062.4000,3062.8000,3063.2000,3063.6000,1,1,8,1,1,2,1,1,1,1
SF,IH2002,2020-01-17 09:30:51.800,3062.2000,14530,-3,286590000.000,4,0,4,多平,S,3062.2000,3061.8000,3061.6000,3061.2000,3061.0000,3062.4000,3062.8000,3063.2000,3063.6000,3063.8000,1,1,1,8,1,1,1,1,1,1
SF,IH2002,2020-01-17 09:30:52.300,3062.2000,14530,0,286590000.000,0,-,-,-,-,3062.2000,3061.8000,3061.6000,3061.2000,3061.0000,3062.4000,3062.6000,3062.8000,3063.2000,3063.6000,1,1,1,8,1,1,1,1,1,1
SF,IH2002,2020-01-17 09:30:52.800,3062.4000,14529,-1,287508720.000,1,0,1,双平,S,3062.2000,3061.8000,3061.6000,3061.2000,3061.0000,3062.6000,3062.8000,3063.2000,3063.6000,3063.8000,1,1,1,8,1,1,1,1,1,1
SF,IH2002,2020-01-17 09:30:53.300,3062.4000,14528,-1,288427440.000,1,0,1,双平,S,3062.2000,3061.8000,3061.6000,3061.2000,3061.0000,3062.4000,3062.6000,3062.8000,3063.2000,3063.6000,1,1,1,8,1,1,1,1,1,1
SF,IH2002,2020-01-17 09:30:54.800,3062.4000,14528,0,289346160.000,1,0,1,多换,S,3062.2000,3061.8000,3061.6000,3061.2000,3061.0000,3062.6000,3062.8000,3063.0000,3063.2000,3063.6000,1,1,1,8,1,1,1,1,1,1
SF,IH2002,2020-01-17 09:30:55.800,3062.4000,14528,0,289346160.000,0,-,-,-,-,3062.2000,3061.8000,3061.6000,3061.2000,3061.0000,3062.4000,3062.6000,3062.8000,3063.0000,3063.2000,1,1,1,8,1,2,1,1,1,1
SF,IH2002,2020-01-17 09:30:56.300,3062.4000,14529,1,290264880.000,1,1,0,双开,S,3061.8000,3061.6000,3061.2000,3061.0000,3060.8000,3062.4000,3062.6000,3062.8000,3063.0000,3063.2000,1,1,8,1,2,1,1,1,1,1
SF,IH2002,2020-01-17 09:30:56.800,3061.6000,14529,0,292101900.000,2,1,1,多换,S,3061.2000,3061.0000,3060.8000,3060.4000,3060.0000,3062.4000,3062.6000,3062.8000,3063.0000,3063.2000,8,1,2,3,7,1,1,1,1,1
SF,IH2002,2020-01-17 09:30:57.300,3061.6000,14529,0,292101900.000,0,-,-,-,-,3061.4000,3061.2000,3061.0000,3060.8000,3060.4000,3062.0000,3062.4000,3062.6000,3062.8000,3063.0000,7,8,1,2,3,6,1,1,1,1
SF,IH2002,2020-01-17 09:30:57.800,3061.6000,14528,-1,293020380.000,1,0,1,双平,S,3061.4000,3061.2000,3061.0000,3060.8000,3060.4000,3062.0000,3062.4000,3062.6000,3062.8000,3063.0000,4,8,1,2,3,6,1,1,1,1
SF,IH2002,2020-01-17 09:30:58.300,3062.0000,14528,0,297613380.000,5,2,3,多换,S,3061.4000,3061.2000,3061.0000,3060.8000,3060.4000,3062.0000,3062.4000,3062.6000,3062.8000,3063.0000,4,8,1,2,3,1,1,1,1,1
SF,IH2002,2020-01-17 09:30:58.800,3062.0000,14528,0,299450580.000,2,1,1,多换,S,3061.4000,3061.2000,3061.0000,3060.8000,3060.4000,3062.4000,3062.6000,3062.8000,3063.0000,3063.2000,4,8,1,2,3,2,1,1,3,1
SF,IH2002,2020-01-17 09:30:59.300,3062.0000,14528,0,299450580.000,0,-,-,-,-,3062.0000,3061.4000,3061.2000,3061.0000,3060.8000,3062.4000,3062.6000,3062.8000,3063.0000,3063.2000,1,5,8,1,2,2,1,1,3,1
SF,IH2002,2020-01-17 09:30:59.800,3062.0000,14528,0,299450580.000,0,-,-,-,-,3062.0000,3061.2000,3061.0000,3060.8000,3060.4000,3062.4000,3062.6000,3062.8000,3063.0000,3063.2000,3,8,1,2,3,3,1,1,1,1
SF,IH2002,2020-01-17 09:31:00.300,3062.0000,14528,0,299450580.000,0,-,-,-,-,3062.0000,3061.2000,3061.0000,3060.8000,3060.4000,3062.4000,3062.6000,3062.8000,3063.0000,3063.2000,2,8,1,2,3,6,1,1,1,1
SF,IH2002,2020-01-17 09:31:00.800,3062.0000,14527,-1,302206380.000,3,1,2,多平,S,3061.2000,3061.0000,3060.8000,3060.4000,3060.0000,3062.0000,3062.4000,3062.6000,3062.8000,3063.0000,8,1,2,3,7,3,7,1,1,1
SF,IH2002,2020-01-17 09:31:01.300,3061.4000,14526,-1,310472880.000,9,4,5,多平,S,3061.6000,3061.4000,3061.2000,3061.0000,3060.8000,3062.0000,3062.2000,3062.4000,3062.6000,3062.8000,4,5,8,1,2,1,1,3,1,1
SF,IH2002,2020-01-17 09:31:01.800,3062.0000,14524,-2,312310080.000,2,0,2,双平,S,3062.0000,3061.8000,3061.6000,3061.4000,3061.2000,3062.2000,3062.4000,3062.6000,3062.8000,3063.0000,1,3,28,5,8,1,3,1,1,3
SF,IH2002,2020-01-17 09:31:02.300,3062.6000,14527,3,317822340.000,6,4,2,空开,S,3062.2000,3062.0000,3061.8000,3061.6000,3061.4000,3062.8000,3063.0000,3063.2000,3063.6000,3063.8000,7,1,5,28,34,1,3,1,1,1
SF,IH2002,2020-01-17 09:31:02.800,3063.6000,14527,0,321498120.000,4,2,2,多换,S,3062.8000,3062.6000,3062.4000,3062.2000,3062.0000,3063.8000,3064.0000,3064.4000,3064.8000,3065.0000,1,4,1,5,1,3,4,1,21,4
SF,IH2002,2020-01-17 09:31:03.300,3062.8000,14528,1,327012120.000,6,3,3,空开,S,3062.2000,3062.0000,3061.8000,3061.6000,3061.4000,3063.6000,3063.8000,3064.0000,3064.4000,3064.8000,4,1,3,24,15,3,2,4,1,21
SF,IH2002,2020-01-17 09:31:03.800,3062.8000,14528,0,327012120.000,0,-,-,-,-,3062.4000,3062.2000,3062.0000,3061.8000,3061.6000,3063.4000,3063.6000,3063.8000,3064.0000,3064.4000,3,4,1,3,15,2,5,1,4,1
SF,IH2002,2020-01-17 09:31:04.300,3062.8000,14528,0,327012120.000,0,-,-,-,-,3062.6000,3062.4000,3062.2000,3062.0000,3061.8000,3063.4000,3063.8000,3064.0000,3064.4000,3064.8000,2,4,3,2,2,2,1,4,1,21
SF,IH2002,2020-01-17 09:31:04.800,3062.8000,14528,0,327012120.000,0,-,-,-,-,3062.6000,3062.4000,3062.2000,3062.0000,3061.8000,3063.8000,3064.0000,3064.4000,3064.8000,3065.0000,2,2,3,2,2,1,4,1,21,4
SF,IH2002,2020-01-17 09:31:05.300,3063.6000,14527,-1,327931200.000,1,0,1,双平,S,3062.8000,3062.6000,3062.4000,3062.2000,3062.0000,3063.6000,3063.8000,3064.0000,3064.4000,3064.8000,2,1,2,3,2,4,1,4,1,21
SF,IH2002,2020-01-17 09:31:05.800,3062.6000,14526,-1,329768820.000,2,0,2,多平,S,3062.4000,3062.2000,3062.0000,3061.8000,3061.6000,3063.6000,3063.8000,3064.0000,3064.4000,3064.8000,1,4,2,2,2,3,2,4,1,21
SF,IH2002,2020-01-17 09:31:06.300,3062.6000,14526,0,329768820.000,0,-,-,-,-,3062.6000,3062.4000,3062.2000,3062.0000,3061.8000,3062.8000,3063.4000,3063.6000,3063.8000,3064.0000,2,1,4,2,2,1,2,2,2,4
SF,IH2002,2020-01-17 09:31:06.800,3062.8000,14526,0,330687660.000,1,0,1,多换,S,3062.8000,3062.6000,3062.4000,3062.2000,3062.0000,3063.6000,3063.8000,3064.0000,3064.4000,3064.8000,4,2,1,4,2,1,2,4,1,21
SF,IH2002,2020-01-17 09:31:07.300,3062.8000,14526,0,331606500.000,1,0,1,多换,S,3062.8000,3062.4000,3062.2000,3062.0000,3061.8000,3063.4000,3063.6000,3063.8000,3064.0000,3064.4000,3,1,4,2,2,1,1,2,4,1
SF,IH2002,2020-01-17 09:31:07.800,3062.8000,14526,0,331606500.000,0,-,-,-,-,3062.8000,3062.4000,3062.2000,3062.0000,3061.8000,3063.2000,3063.6000,3063.8000,3064.0000,3064.4000,3,1,4,2,2,1,1,2,4,1
SF,IH2002,2020-01-17 09:31:08.300,3062.8000,14526,0,331606500.000,0,-,-,-,-,3062.8000,3062.4000,3062.2000,3062.0000,3061.8000,3063.2000,3063.6000,3063.8000,3064.0000,3064.4000,4,1,4,2,2,1,1,2,4,1
SF,IH2002,2020-01-17 09:31:08.800,3062.8000,14526,0,331606500.000,0,-,-,-,-,3062.8000,3062.6000,3062.4000,3062.2000,3062.0000,3063.2000,3063.6000,3063.8000,3064.0000,3064.4000,4,1,1,4,2,1,1,2,4,1
SF,IH2002,2020-01-17 09:31:09.300,3062.8000,14526,0,331606500.000,0,-,-,-,-,3062.8000,3062.6000,3062.4000,3062.2000,3062.0000,3063.2000,3063.6000,3063.8000,3064.0000,3064.4000,4,1,1,4,3,1,1,3,4,1
SF,IH2002,2020-01-17 09:31:09.800,3063.0000,14526,0,333444240.000,2,1,1,多换,S,3062.8000,3062.6000,3062.4000,3062.2000,3062.0000,3063.0000,3063.2000,3063.6000,3063.8000,3064.0000,3,1,1,4,3,1,1,1,3,4
SF,IH2002,2020-01-17 09:31:10.800,3062.6000,14526,0,338038380.000,5,2,3,多换,S,3062.4000,3062.2000,3062.0000,3061.8000,3061.6000,3062.8000,3063.0000,3063.2000,3063.8000,3064.0000,1,4,3,2,2,1,1,1,3,4
SF,IH2002,2020-01-17 09:31:11.300,3062.6000,14526,0,339876000.000,2,1,1,多换,S,3062.4000,3062.2000,3062.0000,3061.8000,3061.6000,3063.0000,3063.2000,3063.8000,3064.0000,3064.4000,2,4,3,1,2,1,1,3,4,1
SF,IH2002,2020-01-17 09:31:11.800,3062.6000,14526,0,340794780.000,1,0,1,多换,S,3062.4000,3062.2000,3062.0000,3061.6000,3061.4000,3062.6000,3063.0000,3063.2000,3063.8000,3064.0000,2,4,3,2,2,1,1,1,3,4
SF,IH2002,2020-01-17 09:31:12.300,3062.6000,14526,0,341713560.000,1,0,1,多换,S,3062.6000,3062.4000,3062.2000,3062.0000,3061.6000,3063.0000,3063.2000,3063.8000,3064.0000,3064.4000,18,3,4,3,2,1,1,3,4,1
SF,IH2002,2020-01-17 09:31:12.800,3063.0000,14527,1,342632460.000,1,1,0,双开,S,3062.6000,3062.4000,3062.2000,3062.0000,3061.6000,3063.2000,3063.8000,3064.0000,3064.4000,3064.8000,18,3,4,2,2,1,3,4,1,21
SF,IH2002,2020-01-17 09:31:13.300,3063.0000,14527,0,342632460.000,0,-,-,-,-,3062.4000,3062.2000,3062.0000,3061.6000,3061.4000,3063.0000,3063.2000,3063.8000,3064.0000,3064.4000,3,4,2,2,2,1,1,3,4,1
SF,IH2002,2020-01-17 09:31:13.800,3063.0000,14526,-1,344470080.000,2,0,2,多平,S,3062.6000,3062.4000,3062.2000,3062.0000,3061.6000,3063.2000,3063.8000,3064.0000,3064.4000,3064.8000,1,2,4,2,2,1,3,4,1,21
SF,IH2002,2020-01-17 09:31:14.300,3063.0000,14526,0,344470080.000,0,-,-,-,-,3062.6000,3062.4000,3062.2000,3062.0000,3061.6000,3063.2000,3063.4000,3063.8000,3064.0000,3064.4000,1,2,4,2,2,1,1,3,4,1
SF,IH2002,2020-01-17 09:31:14.800,3063.0000,14526,0,344470080.000,0,-,-,-,-,3062.6000,3062.4000,3062.2000,3062.0000,3061.6000,3062.8000,3063.2000,3063.4000,3063.8000,3064.0000,1,2,4,2,2,1,1,1,3,4
SF,IH2002,2020-01-17 09:31:15.300,3062.8000,14524,-2,347226540.000,3,0,3,多平,S,3062.8000,3062.6000,3062.4000,3062.2000,3062.0000,3063.2000,3063.4000,3063.8000,3064.0000,3064.4000,1,1,6,4,2,1,1,3,4,1
SF,IH2002,2020-01-17 09:31:15.800,3063.2000,14523,-1,348145500.000,1,0,1,双平,S,3062.8000,3062.6000,3062.4000,3062.2000,3062.0000,3063.4000,3063.8000,3064.0000,3064.4000,3064.8000,2,1,6,3,2,1,3,4,1,21
SF,IH2002,2020-01-17 09:31:16.300,3063.2000,14523,0,348145500.000,0,-,-,-,-,3062.8000,3062.6000,3062.4000,3062.2000,3062.0000,3063.4000,3063.6000,3063.8000,3064.0000,3064.4000,6,1,6,3,2,1,3,3,4,1
SF,IH2002,2020-01-17 09:31:16.800,3063.2000,14523,0,348145500.000,0,-,-,-,-,3062.8000,3062.6000,3062.4000,3062.2000,3062.0000,3063.4000,3063.6000,3063.8000,3064.0000,3064.4000,7,1,6,3,2,1,3,3,4,1
SF,IH2002,2020-01-17 09:31:17.300,3063.2000,14523,0,348145500.000,0,-,-,-,-,3063.0000,3062.8000,3062.6000,3062.4000,3062.2000,3063.4000,3063.6000,3063.8000,3064.0000,3064.4000,11,7,1,2,3,1,3,3,4,1
SF,IH2002,2020-01-17 09:31:17.800,3063.4000,14522,-1,349064520.000,1,0,1,双平,S,3063.4000,3063.2000,3063.0000,3062.8000,3062.6000,3063.6000,3063.8000,3064.0000,3064.4000,3064.8000,2,8,26,7,1,3,3,3,1,21
SF,IH2002,2020-01-17 09:31:18.300,3063.6000,14522,0,352740840.000,4,2,2,多换,S,3063.6000,3063.4000,3063.2000,3063.0000,3062.8000,3063.8000,3064.0000,3064.4000,3064.8000,3065.0000,7,26,8,26,7,2,3,1,21,4
SF,IH2002,2020-01-17 09:31:18.800,3063.8000,14522,0,353659980.000,1,0,1,多换,S,3063.4000,3062.8000,3062.6000,3062.4000,3062.2000,3063.6000,3063.8000,3064.0000,3064.4000,3064.8000,2,7,1,2,3,2,1,4,1,21
SF,IH2002,2020-01-17 09:31:19.300,3063.8000,14519,-3,358255320.000,5,1,4,多平,S,3062.8000,3062.6000,3062.4000,3062.2000,3062.0000,3063.2000,3064.0000,3064.4000,3064.8000,3065.0000,7,1,2,3,2,1,4,1,21,4
SF,IH2002,2020-01-17 09:31:19.800,3063.2000,14518,-1,359174280.000,1,0,1,双平,S,3062.8000,3062.6000,3062.4000,3062.2000,3062.0000,3063.0000,3063.4000,3064.0000,3064.4000,3064.8000,6,1,2,3,2,1,1,4,1,21
SF,IH2002,2020-01-17 09:31:20.300,3063.0000,14515,-3,366525060.000,8,2,6,多平,S,3062.6000,3062.4000,3062.2000,3062.0000,3061.6000,3062.8000,3063.0000,3063.2000,3063.4000,3064.0000,1,2,3,2,2,3,2,1,1,4
SF,IH2002,2020-01-17 09:31:20.800,3062.6000,14514,-1,367443840.000,1,0,1,双平,S,3062.4000,3062.2000,3062.0000,3061.6000,3061.4000,3062.6000,3062.8000,3063.2000,3063.4000,3064.0000,2,3,2,2,2,1,4,1,1,4
SF,IH2002,2020-01-17 09:31:21.300,3062.6000,14513,-1,368362620.000,1,0,1,双平,S,3062.4000,3062.2000,3062.0000,3061.6000,3061.4000,3062.6000,3062.8000,3063.2000,3063.4000,3064.0000,2,3,2,2,2,3,4,1,1,4
SF,IH2002,2020-01-17 09:31:21.800,3062.6000,14513,0,369281400.000,1,0,1,多换,S,3062.4000,3062.2000,3062.0000,3061.6000,3061.4000,3062.6000,3062.8000,3063.2000,3063.4000,3064.0000,2,3,2,2,2,2,4,1,2,4
SF,IH2002,2020-01-17 09:31:22.300,3062.6000,14510,-3,372037740.000,3,0,3,双平,S,3062.6000,3062.4000,3062.2000,3062.0000,3061.6000,3062.8000,3063.2000,3063.4000,3064.0000,3064.4000,8,2,3,2,2,4,1,2,4,1
SF,IH2002,2020-01-17 09:31:22.800,3062.8000,14509,-1,372956580.000,1,0,1,双平,S,3062.8000,3062.6000,3062.4000,3062.2000,3062.0000,3063.2000,3063.4000,3064.0000,3064.4000,3064.8000,3,10,2,3,2,1,2,4,1,21
SF,IH2002,2020-01-17 09:31:23.300,3062.8000,14509,0,372956580.000,0,-,-,-,-,3062.8000,3062.6000,3062.4000,3062.2000,3062.0000,3063.4000,3064.0000,3064.4000,3064.8000,3065.0000,3,10,2,3,2,2,4,1,21,4
SF,IH2002,2020-01-17 09:31:23.800,3062.8000,14509,0,372956580.000,0,-,-,-,-,3062.8000,3062.6000,3062.4000,3062.2000,3062.0000,3063.0000,3063.4000,3064.0000,3064.4000,3064.8000,3,10,2,3,2,1,3,4,1,21
SF,IH2002,2020-01-17 09:31:24.300,3062.8000,14509,0,373875420.000,1,0,1,多换,S,3062.8000,3062.6000,3062.4000,3062.2000,3062.0000,3063.0000,3063.4000,3064.0000,3064.4000,3064.8000,2,10,2,3,2,2,3,4,1,21
SF,IH2002,2020-01-17 09:31:24.800,3062.8000,14507,-2,375713100.000,2,0,2,双平,S,3062.6000,3062.4000,3062.2000,3062.0000,3061.6000,3063.0000,3063.4000,3064.0000,3064.4000,3064.8000,10,2,3,2,2,2,3,4,1,21
SF,IH2002,2020-01-17 09:31:25.300,3062.8000,14507,0,375713100.000,0,-,-,-,-,3062.6000,3062.4000,3062.2000,3062.0000,3061.6000,3063.0000,3063.4000,3064.0000,3064.4000,3064.8000,11,2,3,2,2,2,3,4,1,21
SF,IH2002,2020-01-17 09:31:25.800,3062.6000,14506,-1,377550660.000,2,0,2,多平,S,3062.6000,3062.4000,3062.2000,3062.0000,3061.6000,3063.0000,3063.4000,3064.0000,3064.4000,3064.8000,8,2,3,2,2,2,3,4,1,21
SF,IH2002,2020-01-17 09:31:26.300,3062.6000,14506,0,377550660.000,0,-,-,-,-,3062.6000,3062.4000,3062.2000,3062.0000,3061.6000,3063.0000,3063.4000,3064.0000,3064.4000,3064.8000,8,3,3,3,2,2,3,4,1,21
SF,IH2002,2020-01-17 09:31:26.800,3062.6000,14505,-1,378469440.000,1,0,1,双平,S,3062.6000,3062.4000,3062.2000,3062.0000,3061.6000,3062.8000,3063.0000,3063.4000,3064.0000,3064.4000,7,3,3,3,2,2,1,3,4,1
SF,IH2002,2020-01-17 09:31:27.300,3062.6000,14505,0,379388220.000,1,0,1,多换,S,3062.6000,3062.4000,3062.2000,3062.0000,3061.6000,3062.8000,3063.0000,3063.4000,3063.8000,3064.0000,7,3,3,3,2,4,1,3,1,4
SF,IH2002,2020-01-17 09:31:27.800,3062.6000,14503,-2,381225780.000,2,0,2,双平,S,3062.6000,3062.4000,3062.2000,3062.0000,3061.6000,3062.8000,3063.0000,3063.4000,3063.8000,3064.0000,5,3,3,3,2,4,1,3,1,4
SF,IH2002,2020-01-17 09:31:28.300,3062.6000,14502,-1,382144560.000,1,0,1,双平,S,3062.6000,3062.4000,3062.2000,3062.0000,3061.6000,3062.8000,3063.0000,3063.4000,3063.8000,3064.0000,4,3,3,3,2,3,1,3,1,4
SF,IH2002,2020-01-17 09:31:29.300,3062.6000,14502,0,382144560.000,0,-,-,-,-,3062.6000,3062.4000,3062.2000,3062.0000,3061.6000,3062.8000,3063.0000,3063.4000,3063.8000,3064.0000,4,3,3,3,2,3,2,3,1,4
SF,IH2002,2020-01-17 09:31:29.800,3062.6000,14502,0,383063340.000,1,0,1,多换,S,3062.6000,3062.4000,3062.2000,3062.0000,3061.6000,3062.8000,3063.0000,3063.4000,3063.8000,3064.0000,3,3,3,3,2,2,2,3,1,4
SF,IH2002,2020-01-17 09:31:30.800,3062.4000,14502,0,387657120.000,5,2,3,多换,S,3062.4000,3062.2000,3062.0000,3061.6000,3061.4000,3062.8000,3063.0000,3063.4000,3063.8000,3064.0000,1,3,3,2,2,2,2,3,1,4
SF,IH2002,2020-01-17 09:31:31.300,3062.2000,14501,-1,389494500.000,2,0,2,多平,S,3062.2000,3062.0000,3061.6000,3061.4000,3061.2000,3062.6000,3062.8000,3063.0000,3063.4000,3063.8000,2,3,2,2,10,4,2,3,2,1
SF,IH2002,2020-01-17 09:31:31.800,3062.2000,14500,-1,392250600.000,3,1,2,多平,S,3062.0000,3061.6000,3061.4000,3061.2000,3061.0000,3062.6000,3062.8000,3063.0000,3063.4000,3063.8000,3,2,2,10,1,3,1,3,2,1
SF,IH2002,2020-01-17 09:31:32.300,3062.0000,14500,0,394087800.000,2,1,1,多换,S,3062.0000,3061.6000,3061.4000,3061.2000,3061.0000,3062.2000,3062.6000,3062.8000,3063.0000,3063.4000,1,2,2,10,1,1,3,1,3,2
SF,IH2002,2020-01-17 09:31:32.800,3062.0000,14500,0,394087800.000,0,-,-,-,-,3062.0000,3061.6000,3061.2000,3060.8000,3060.4000,3062.2000,3062.4000,3062.6000,3062.8000,3063.0000,1,2,10,2,3,2,1,4,1,3
SF,IH2002,2020-01-17 09:31:33.300,3061.6000,14498,-2,396843540.000,3,0,3,多平,S,3061.8000,3061.6000,3061.2000,3060.8000,3060.4000,3062.2000,3062.4000,3062.6000,3062.8000,3063.0000,1,1,10,2,3,2,1,4,1,3
SF,IH2002,2020-01-17 09:31:33.800,3062.0000,14498,0,401436540.000,5,2,3,多换,S,3061.8000,3061.6000,3061.2000,3060.8000,3060.4000,3062.2000,3062.4000,3062.6000,3062.8000,3063.0000,1,4,10,2,3,2,1,4,1,3
SF,IH2002,2020-01-17 09:31:34.800,3061.6000,14498,0,402355020.000,1,0,1,多换,S,3061.6000,3061.2000,3060.8000,3060.4000,3060.2000,3062.2000,3062.4000,3062.6000,3062.8000,3063.0000,1,10,2,3,1,2,1,4,1,3
SF,IH2002,2020-01-17 09:31:35.300,3061.6000,14498,0,402355020.000,0,-,-,-,-,3061.6000,3061.2000,3060.8000,3060.4000,3060.2000,3062.2000,3062.4000,3062.6000,3062.8000,3063.0000,1,10,2,3,1,2,1,4,2,3
SF,IH2002,2020-01-17 09:31:35.800,3061.6000,14498,0,403273500.000,1,0,1,多换,S,3061.4000,3061.2000,3060.8000,3060.4000,3060.2000,3061.8000,3062.2000,3062.4000,3062.6000,3062.8000,1,10,2,3,1,1,2,1,4,2
SF,IH2002,2020-01-17 09:31:36.300,3061.6000,14498,0,403273500.000,0,-,-,-,-,3061.6000,3061.4000,3061.2000,3060.8000,3060.4000,3061.8000,3062.2000,3062.4000,3062.6000,3062.8000,1,2,11,2,3,3,2,1,4,2
SF,IH2002,2020-01-17 09:31:36.800,3061.6000,14495,-3,408784920.000,6,1,5,多平,S,3061.8000,3061.2000,3060.8000,3060.4000,3060.2000,3062.4000,3062.6000,3062.8000,3063.0000,3063.4000,3,11,2,3,1,1,4,2,3,2
SF,IH2002,2020-01-17 09:31:37.300,3061.6000,14495,0,408784920.000,0,-,-,-,-,3061.8000,3061.2000,3060.8000,3060.4000,3060.2000,3062.4000,3062.6000,3062.8000,3063.0000,3063.4000,3,11,2,3,1,3,5,2,3,4
SF,IH2002,2020-01-17 09:31:37.800,3061.8000,14492,-3,411540420.000,3,0,3,双平,S,3061.2000,3060.8000,3060.4000,3060.2000,3060.0000,3062.4000,3062.6000,3062.8000,3063.0000,3063.4000,11,2,3,1,8,3,5,2,3,3
SF,IH2002,2020-01-17 09:31:38.300,3061.8000,14492,0,411540420.000,0,-,-,-,-,3061.4000,3061.2000,3060.8000,3060.4000,3060.2000,3061.8000,3062.2000,3062.4000,3062.6000,3062.8000,1,12,2,3,1,1,8,1,5,2
SF,IH2002,2020-01-17 09:31:38.800,3061.4000,14491,-1,412458840.000,1,0,1,双平,S,3061.2000,3060.8000,3060.4000,3060.2000,3060.0000,3061.6000,3061.8000,3062.2000,3062.4000,3062.6000,14,2,3,1,8,1,1,5,1,5
SF,IH2002,2020-01-17 09:31:39.300,3061.6000,14491,0,413377320.000,1,0,1,多换,S,3061.6000,3061.4000,3061.2000,3060.8000,3060.4000,3061.8000,3062.4000,3062.6000,3062.8000,3063.0000,2,1,12,2,3,2,1,5,2,2
SF,IH2002,2020-01-17 09:31:39.800,3061.6000,14489,-2,415214280.000,2,0,2,双平,S,3061.2000,3060.8000,3060.4000,3060.2000,3060.0000,3061.8000,3062.0000,3062.4000,3062.6000,3062.8000,10,2,3,1,8,2,2,1,5,2
SF,IH2002,2020-01-17 09:31:40.300,3061.6000,14489,0,415214280.000,0,-,-,-,-,3061.4000,3061.2000,3060.8000,3060.4000,3060.2000,3061.8000,3062.0000,3062.4000,3062.6000,3062.8000,1,9,2,3,1,2,2,1,5,2
SF,IH2002,2020-01-17 09:31:40.800,3061.4000,14489,0,416132700.000,1,0,1,多换,S,3061.2000,3060.8000,3060.4000,3060.2000,3060.0000,3061.6000,3061.8000,3062.0000,3062.4000,3062.6000,8,2,3,1,8,1,2,2,1,3
SF,IH2002,2020-01-17 09:31:41.300,3061.2000,14490,1,417051060.000,1,1,0,双开,S,3061.2000,3060.8000,3060.4000,3060.2000,3060.0000,3061.6000,3061.8000,3062.0000,3062.4000,3062.6000,7,2,3,1,8,1,2,2,1,3
SF,IH2002,2020-01-17 09:31:41.800,3061.2000,14490,0,417969420.000,1,0,1,多换,S,3061.2000,3060.8000,3060.4000,3060.2000,3060.0000,3061.6000,3061.8000,3062.0000,3062.4000,3062.6000,7,2,3,1,8,1,2,2,1,3
SF,IH2002,2020-01-17 09:31:42.300,3061.2000,14490,0,418887780.000,1,0,1,多换,S,3061.2000,3060.8000,3060.4000,3060.2000,3060.0000,3061.6000,3061.8000,3062.0000,3062.4000,3062.6000,6,2,3,1,8,1,2,2,1,3
SF,IH2002,2020-01-17 09:31:42.800,3060.8000,14491,1,426234420.000,8,4,4,空开,S,3060.4000,3060.2000,3060.0000,3059.4000,3059.2000,3061.4000,3061.6000,3061.8000,3062.0000,3062.4000,3,1,8,1,1,2,1,2,2,1
SF,IH2002,2020-01-17 09:31:43.300,3061.2000,14491,0,428070960.000,2,1,1,多换,S,3060.6000,3060.4000,3060.2000,3060.0000,3059.4000,3061.4000,3061.6000,3061.8000,3062.0000,3062.4000,2,5,2,8,1,4,1,2,2,1
SF,IH2002,2020-01-17 09:31:43.800,3061.2000,14491,0,428070960.000,0,-,-,-,-,3060.6000,3060.4000,3060.2000,3060.0000,3059.4000,3060.8000,3061.4000,3061.6000,3061.8000,3062.0000,2,5,2,8,1,1,3,1,2,2
SF,IH2002,2020-01-17 09:31:44.300,3061.2000,14491,0,432662400.000,5,2,3,多换,S,3061.2000,3060.8000,3060.6000,3060.4000,3060.2000,3061.4000,3061.8000,3062.0000,3062.6000,3062.8000,1,4,3,4,2,3,2,2,3,1
SF,IH2002,2020-01-17 09:31:44.800,3061.2000,14490,-1,435417480.000,3,1,2,多平,S,3060.8000,3060.6000,3060.4000,3060.2000,3060.0000,3061.2000,3061.4000,3061.8000,3062.0000,3062.6000,1,2,4,2,6,6,3,2,2,2
SF,IH2002,2020-01-17 09:31:45.300,3060.8000,14489,-1,436335720.000,1,0,1,双平,S,3060.6000,3060.4000,3060.2000,3060.0000,3059.4000,3060.8000,3061.2000,3061.4000,3061.8000,3062.0000,2,4,2,6,1,1,5,3,1,2
SF,IH2002,2020-01-17 09:31:45.800,3060.6000,14489,0,439090320.000,3,1,2,多换,S,3060.4000,3060.2000,3060.0000,3059.4000,3059.2000,3060.8000,3061.2000,3061.4000,3061.8000,3062.0000,4,2,6,1,1,1,5,3,1,2
SF,IH2002,2020-01-17 09:31:46.300,3060.8000,14488,-1,440008560.000,1,0,1,双平,S,3060.4000,3060.2000,3060.0000,3059.4000,3059.2000,3061.2000,3061.4000,3061.8000,3062.0000,3062.6000,3,5,6,1,1,5,3,1,2,2
SF,IH2002,2020-01-17 09:31:46.800,3060.6000,14488,0,440926740.000,1,0,1,多换,S,3060.4000,3060.2000,3060.0000,3059.4000,3059.2000,3061.0000,3061.2000,3061.4000,3061.8000,3062.0000,3,5,6,1,1,1,5,3,1,2
SF,IH2002,2020-01-17 09:31:47.300,3060.6000,14488,0,440926740.000,0,-,-,-,-,3060.4000,3060.2000,3060.0000,3059.4000,3059.2000,3061.0000,3061.2000,3061.4000,3061.8000,3062.0000,3,5,6,1,1,1,5,3,1,2
SF,IH2002,2020-01-17 09:31:47.800,3060.8000,14487,-1,441844980.000,1,0,1,双平,S,3060.4000,3060.2000,3060.0000,3059.4000,3059.2000,3060.6000,3060.8000,3061.0000,3061.2000,3061.4000,3,5,6,1,1,1,1,1,5,3
SF,IH2002,2020-01-17 09:31:48.300,3060.4000,14485,-2,444599340.000,3,0,3,多平,S,3060.2000,3060.0000,3059.4000,3059.2000,3059.0000,3060.4000,3060.6000,3061.0000,3061.2000,3061.4000,5,6,1,1,2,6,1,1,5,3
SF,IH2002,2020-01-17 09:31:48.800,3060.2000,14485,0,448271580.000,4,2,2,多换,S,3060.2000,3060.0000,3059.4000,3059.2000,3059.0000,3060.4000,3060.6000,3061.0000,3061.2000,3061.4000,3,6,1,1,2,6,1,1,5,3
SF,IH2002,2020-01-17 09:31:49.300,3060.0000,14481,-4,454698000.000,7,1,6,多平,S,3060.0000,3059.4000,3059.2000,3059.0000,3058.0000,3060.4000,3060.6000,3061.0000,3061.2000,3061.4000,7,1,1,2,1,5,1,1,5,3
SF,IH2002,2020-01-17 09:31:49.800,3060.2000,14481,0,455616060.000,1,0,1,多换,S,3060.0000,3059.8000,3059.4000,3059.2000,3059.0000,3060.2000,3060.4000,3060.6000,3061.0000,3061.2000,7,1,1,1,2,1,5,1,1,5
SF,IH2002,2020-01-17 09:31:50.300,3060.4000,14481,0,459288360.000,4,2,2,多换,S,3060.2000,3060.0000,3059.8000,3059.4000,3059.2000,3060.4000,3060.6000,3061.0000,3061.2000,3061.4000,1,7,1,1,1,4,1,1,5,3
SF,IH2002,2020-01-17 09:31:50.800,3060.2000,14480,-1,460206420.000,1,0,1,双平,S,3060.0000,3059.4000,3059.2000,3059.0000,3058.8000,3060.4000,3060.6000,3061.0000,3061.2000,3061.4000,8,1,1,2,1,4,1,1,5,3
SF,IH2002,2020-01-17 09:31:51.300,3060.0000,14481,1,461124420.000,1,1,0,双开,S,3060.0000,3059.4000,3059.2000,3059.0000,3058.8000,3060.4000,3060.6000,3061.0000,3061.2000,3061.4000,7,1,1,2,1,4,1,1,5,3
SF,IH2002,2020-01-17 09:31:51.800,3060.0000,14480,-1,463878420.000,3,1,2,多平,S,3060.0000,3059.4000,3059.2000,3059.0000,3058.8000,3060.4000,3060.6000,3061.0000,3061.2000,3061.4000,4,1,1,2,1,4,1,1,5,3
SF,IH2002,2020-01-17 09:31:52.300,3060.0000,14480,0,463878420.000,0,-,-,-,-,3060.0000,3059.4000,3059.2000,3059.0000,3058.8000,3060.4000,3061.0000,3061.2000,3061.4000,3062.0000,5,1,1,2,1,4,1,5,3,2
SF,IH2002,2020-01-17 09:31:52.800,3060.0000,14480,0,463878420.000,0,-,-,-,-,3060.0000,3059.4000,3059.2000,3059.0000,3058.8000,3060.4000,3061.0000,3061.2000,3061.4000,3062.0000,4,1,1,2,1,4,1,5,3,2
SF,IH2002,2020-01-17 09:31:53.300,3060.0000,14480,0,463878420.000,0,-,-,-,-,3060.0000,3059.4000,3059.2000,3059.0000,3058.8000,3060.2000,3060.4000,3061.0000,3061.2000,3061.4000,4,1,1,2,1,1,4,1,5,2
SF,IH2002,2020-01-17 09:31:53.800,3060.2000,14480,0,466632600.000,3,1,2,多换,S,3060.2000,3060.0000,3059.4000,3059.2000,3059.0000,3060.4000,3061.0000,3061.2000,3061.4000,3062.0000,3,5,1,1,2,5,1,5,2,2
SF,IH2002,2020-01-17 09:31:54.300,3060.2000,14475,-5,474895680.000,9,2,7,多平,S,3060.2000,3060.0000,3059.4000,3059.2000,3059.0000,3061.2000,3061.4000,3062.0000,3062.6000,3062.8000,1,4,1,1,2,5,2,2,1,1
SF,IH2002,2020-01-17 09:31:54.800,3060.2000,14475,0,474895680.000,0,-,-,-,-,3060.2000,3060.0000,3059.4000,3059.2000,3059.0000,3061.0000,3061.2000,3061.4000,3062.0000,3062.6000,1,4,1,1,4,4,4,2,2,1
SF,IH2002,2020-01-17 09:31:55.300,3060.2000,14475,0,474895680.000,0,-,-,-,-,3060.4000,3060.2000,3060.0000,3059.4000,3059.2000,3060.6000,3061.0000,3061.2000,3061.4000,3062.0000,3,1,4,1,1,1,3,3,2,2
SF,IH2002,2020-01-17 09:31:55.800,3060.2000,14472,-3,478568160.000,4,0,4,多平,S,3060.0000,3059.4000,3059.2000,3059.0000,3058.8000,3060.4000,3061.0000,3061.2000,3061.4000,3062.0000,4,1,1,4,1,1,3,3,2,2
SF,IH2002,2020-01-17 09:31:56.300,3060.4000,14471,-1,479486280.000,1,0,1,双平,S,3060.0000,3059.4000,3059.2000,3059.0000,3058.8000,3060.4000,3061.0000,3061.2000,3061.4000,3062.0000,4,1,1,4,1,3,3,3,2,2
SF,IH2002,2020-01-17 09:31:56.800,3060.0000,14471,0,480404280.000,1,0,1,多换,S,3060.2000,3060.0000,3059.4000,3059.2000,3059.0000,3060.4000,3061.2000,3061.4000,3062.0000,3062.6000,1,3,1,1,4,3,3,2,2,1
SF,IH2002,2020-01-17 09:31:57.300,3060.4000,14468,-3,483158640.000,3,0,3,双平,S,3060.2000,3060.0000,3059.4000,3059.2000,3059.0000,3061.2000,3061.4000,3062.0000,3062.6000,3062.8000,1,3,1,1,4,3,2,2,1,1
SF,IH2002,2020-01-17 09:31:57.800,3060.4000,14469,1,484076760.000,1,1,0,双开,S,3060.2000,3060.0000,3059.4000,3059.2000,3059.0000,3060.6000,3061.0000,3061.2000,3061.4000,3062.0000,1,3,1,1,4,1,3,3,2,2
SF,IH2002,2020-01-17 09:31:58.300,3060.6000,14469,0,484994940.000,1,0,1,多换,S,3060.2000,3060.0000,3059.4000,3059.2000,3059.0000,3061.0000,3061.2000,3061.4000,3062.0000,3062.6000,2,3,1,1,4,2,3,2,2,1
SF,IH2002,2020-01-17 09:31:58.800,3060.6000,14469,0,484994940.000,0,-,-,-,-,3060.2000,3060.0000,3059.4000,3059.2000,3059.0000,3060.6000,3061.0000,3061.2000,3061.4000,3062.0000,2,3,1,1,4,1,2,2,2,2
SF,IH2002,2020-01-17 09:31:59.300,3060.2000,14468,-1,485913000.000,1,0,1,双平,S,3060.2000,3060.0000,3059.4000,3059.2000,3059.0000,3060.6000,3061.0000,3061.2000,3061.4000,3062.0000,1,3,1,1,4,1,2,2,2,2
SF,IH2002,2020-01-17 09:31:59.800,3060.2000,14468,0,485913000.000,0,-,-,-,-,3060.0000,3059.4000,3059.2000,3059.0000,3058.8000,3060.6000,3061.0000,3061.2000,3061.4000,3062.0000,3,1,1,4,1,1,2,2,2,2
SF,IH2002,2020-01-17 09:32:00.300,3060.6000,14468,0,487749360.000,2,1,1,多换,S,3060.0000,3059.4000,3059.2000,3059.0000,3058.8000,3061.0000,3061.2000,3061.4000,3062.0000,3062.6000,3,1,1,4,1,2,2,2,2,1
SF,IH2002,2020-01-17 09:32:00.800,3060.0000,14472,4,493257840.000,6,5,1,空开,S,3060.0000,3059.4000,3059.2000,3059.0000,3058.8000,3060.2000,3060.8000,3061.0000,3061.2000,3061.4000,2,1,1,4,1,1,1,2,2,2
SF,IH2002,2020-01-17 09:32:01.300,3060.0000,14471,-1,496011900.000,3,1,2,多平,S,3059.4000,3059.2000,3059.0000,3058.8000,3058.0000,3060.0000,3060.2000,3061.0000,3061.2000,3061.4000,1,1,4,1,1,1,2,2,2,2
SF,IH2002,2020-01-17 09:32:01.800,3060.0000,14471,0,496011900.000,0,-,-,-,-,3059.6000,3059.4000,3059.2000,3059.0000,3058.8000,3060.0000,3060.2000,3061.0000,3061.2000,3061.4000,1,2,1,2,1,2,5,2,2,2
SF,IH2002,2020-01-17 09:32:02.300,3060.0000,14470,-1,497847900.000,2,0,2,多平,S,3060.0000,3059.6000,3059.4000,3059.2000,3059.0000,3060.2000,3061.0000,3061.2000,3061.4000,3062.0000,1,3,2,1,2,5,2,2,2,2
SF,IH2002,2020-01-17 09:32:02.800,3060.2000,14468,-2,503356140.000,6,2,4,多平,S,3060.0000,3059.6000,3059.4000,3059.2000,3059.0000,3060.2000,3061.0000,3061.2000,3061.4000,3062.0000,1,1,2,1,2,1,2,2,2,2
SF,IH2002,2020-01-17 09:32:03.300,3060.0000,14465,-3,507028260.000,4,0,4,多平,S,3059.8000,3059.6000,3059.4000,3059.2000,3059.0000,3060.0000,3061.0000,3061.4000,3062.0000,3062.6000,1,1,2,1,2,3,2,4,2,1
SF,IH2002,2020-01-17 09:32:03.800,3060.0000,14460,-5,511618260.000,5,0,5,双平,S,3060.0000,3059.8000,3059.6000,3059.4000,3059.2000,3061.4000,3062.0000,3062.6000,3062.8000,3063.0000,6,1,1,2,1,4,2,1,1,2
SF,IH2002,2020-01-17 09:32:04.300,3060.0000,14460,0,511618260.000,0,-,-,-,-,3060.2000,3060.0000,3059.8000,3059.6000,3059.4000,3061.0000,3061.2000,3061.4000,3061.8000,3062.0000,5,5,1,1,1,1,5,2,1,1
SF,IH2002,2020-01-17 09:32:04.800,3060.8000,14460,0,512536500.000,1,0,1,多换,S,3060.4000,3060.2000,3060.0000,3059.8000,3059.6000,3060.8000,3061.0000,3061.2000,3061.4000,3062.0000,1,3,4,1,1,1,1,4,2,2
SF,IH2002,2020-01-17 09:32:05.300,3060.8000,14460,0,512536500.000,0,-,-,-,-,3060.4000,3060.2000,3060.0000,3059.8000,3059.6000,3061.0000,3061.4000,3062.0000,3062.6000,3062.8000,1,3,3,1,1,4,2,2,1,1
SF,IH2002,2020-01-17 09:32:05.800,3061.0000,14460,0,513454800.000,1,0,1,多换,S,3060.8000,3060.6000,3060.4000,3060.2000,3060.0000,3061.0000,3061.4000,3062.0000,3062.6000,3062.8000,2,3,1,3,3,4,2,2,1,1
SF,IH2002,2020-01-17 09:32:06.300,3061.0000,14461,1,517128000.000,4,2,2,空开,S,3061.0000,3060.8000,3060.6000,3060.2000,3060.0000,3061.4000,3062.0000,3062.6000,3062.8000,3063.0000,1,3,3,3,3,2,2,1,1,1
SF,IH2002,2020-01-17 09:32:06.800,3061.0000,14461,0,518964600.000,2,1,1,多换,S,3060.8000,3060.6000,3060.2000,3060.0000,3059.4000,3061.0000,3061.4000,3061.6000,3062.0000,3062.6000,3,3,3,3,1,1,2,1,2,1
SF,IH2002,2020-01-17 09:32:07.300,3061.4000,14460,-1,520801320.000,2,0,2,多平,S,3061.0000,3060.8000,3060.6000,3060.2000,3060.0000,3061.4000,3061.6000,3062.0000,3062.6000,3062.8000,1,4,3,3,3,1,1,2,1,1
SF,IH2002,2020-01-17 09:32:07.800,3061.2000,14461,1,521719680.000,1,1,0,双开,S,3061.0000,3060.8000,3060.6000,3060.2000,3060.0000,3061.4000,3061.6000,3062.0000,3062.6000,3062.8000,1,4,3,3,3,1,1,2,1,1
SF,IH2002,2020-01-17 09:32:08.300,3061.4000,14461,0,522638100.000,1,0,1,多换,S,3061.2000,3061.0000,3060.8000,3060.6000,3060.4000,3061.6000,3062.0000,3062.6000,3062.8000,3063.0000,1,1,4,3,1,1,2,1,1,1
SF,IH2002,2020-01-17 09:32:08.800,3062.0000,14462,1,523556700.000,1,1,0,双开,S,3061.4000,3061.2000,3061.0000,3060.8000,3060.6000,3062.0000,3062.6000,3062.8000,3063.0000,3063.2000,4,1,1,4,3,1,1,1,1,2
SF,IH2002,2020-01-17 09:32:09.300,3062.8000,14459,-3,526312920.000,3,0,3,双平,S,3061.6000,3061.4000,3061.0000,3060.8000,3060.6000,3063.0000,3063.2000,3063.4000,3063.8000,3064.0000,1,5,1,4,3,1,2,3,1,1
SF,IH2002,2020-01-17 09:32:09.800,3062.8000,14459,0,526312920.000,0,-,-,-,-,3061.8000,3061.6000,3061.4000,3061.0000,3060.8000,3062.8000,3063.0000,3063.2000,3063.4000,3063.8000,3,2,5,1,4,5,2,2,3,1
SF,IH2002,2020-01-17 09:32:10.300,3062.8000,14458,-1,527231760.000,1,0,1,双平,S,3062.0000,3061.8000,3061.6000,3061.4000,3061.0000,3062.6000,3062.8000,3063.0000,3063.2000,3063.4000,1,3,1,5,1,1,3,5,2,3
SF,IH2002,2020-01-17 09:32:10.800,3061.8000,14459,1,529068900.000,2,1,1,空开,S,3061.8000,3061.4000,3061.0000,3060.8000,3060.6000,3062.4000,3062.8000,3063.0000,3063.2000,3063.4000,1,5,1,4,3,1,1,5,2,3
SF,IH2002,2020-01-17 09:32:11.300,3062.0000,14461,2,532743540.000,4,3,1,空开,S,3062.0000,3061.8000,3061.4000,3061.0000,3060.8000,3063.0000,3063.2000,3063.4000,3063.8000,3064.0000,1,1,5,1,2,4,2,3,1,1
SF,IH2002,2020-01-17 09:32:11.800,3062.0000,14461,0,534580800.000,2,1,1,多换,S,3062.2000,3062.0000,3061.8000,3061.4000,3061.0000,3062.8000,3063.0000,3063.2000,3063.4000,3063.8000,1,1,1,5,1,2,4,2,3,1
SF,IH2002,2020-01-17 09:32:12.300,3062.2000,14461,0,537336780.000,3,1,2,多换,S,3062.0000,3061.8000,3061.4000,3061.0000,3060.8000,3062.4000,3062.8000,3063.0000,3063.2000,3063.4000,1,1,5,1,1,1,2,4,2,3
SF,IH2002,2020-01-17 09:32:12.800,3062.4000,14461,0,538255500.000,1,0,1,多换,S,3062.2000,3062.0000,3061.8000,3061.4000,3061.0000,3063.0000,3063.2000,3063.4000,3063.8000,3064.0000,1,2,1,5,1,4,2,3,1,1
SF,IH2002,2020-01-17 09:32:13.300,3062.4000,14461,0,538255500.000,0,-,-,-,-,3062.2000,3062.0000,3061.8000,3061.4000,3061.0000,3062.4000,3062.8000,3063.0000,3063.2000,3063.4000,1,2,1,5,1,1,2,4,2,1
SF,IH2002,2020-01-17 09:32:13.800,3062.4000,14462,1,539174220.000,1,1,0,双开,S,3062.4000,3062.2000,3062.0000,3061.8000,3061.4000,3062.8000,3063.0000,3063.2000,3063.4000,3063.8000,1,1,2,1,4,3,4,1,1,1
SF,IH2002,2020-01-17 09:32:14.300,3062.6000,14462,0,541930620.000,3,1,2,多换,S,3062.4000,3062.2000,3062.0000,3061.8000,3061.0000,3062.8000,3063.0000,3063.2000,3063.4000,3063.8000,3,1,2,1,1,2,4,1,1,1
SF,IH2002,2020-01-17 09:32:14.800,3062.4000,14462,0,543768060.000,2,1,1,多换,S,3062.4000,3062.2000,3062.0000,3061.8000,3061.0000,3062.8000,3063.0000,3063.2000,3063.4000,3063.8000,2,1,2,1,1,2,4,1,1,1
SF,IH2002,2020-01-17 09:32:15.300,3062.4000,14462,0,543768060.000,0,-,-,-,-,3062.6000,3062.4000,3062.2000,3062.0000,3061.0000,3062.8000,3063.0000,3063.2000,3063.4000,3063.8000,3,2,1,2,1,2,1,1,1,1
SF,IH2002,2020-01-17 09:32:15.800,3062.2000,14465,3,549280440.000,6,4,2,空开,S,3062.0000,3061.0000,3060.6000,3060.4000,3060.0000,3062.8000,3063.0000,3063.2000,3063.4000,3063.8000,2,1,3,1,1,2,1,1,1,1
SF,IH2002,2020-01-17 09:32:16.300,3062.2000,14465,0,549280440.000,0,-,-,-,-,3062.2000,3062.0000,3061.2000,3061.0000,3060.4000,3062.6000,3062.8000,3063.0000,3063.2000,3063.4000,1,2,5,1,1,4,2,1,1,1
SF,IH2002,2020-01-17 09:32:16.800,3062.2000,14465,0,549280440.000,0,-,-,-,-,3062.2000,3062.0000,3061.0000,3060.4000,3060.0000,3062.6000,3062.8000,3063.0000,3063.2000,3063.4000,1,2,1,1,1,3,2,1,1,1
SF,IH2002,2020-01-17 09:32:17.300,3062.4000,14466,1,550199160.000,1,1,0,双开,S,3062.2000,3062.0000,3061.0000,3060.4000,3060.0000,3062.6000,3062.8000,3063.0000,3063.2000,3063.4000,2,1,1,1,1,3,2,1,1,1
SF,IH2002,2020-01-17 09:32:17.800,3062.6000,14467,1,552036720.000,2,1,1,空开,S,3062.4000,3062.2000,3062.0000,3061.0000,3060.4000,3062.6000,3062.8000,3063.0000,3063.2000,3063.4000,1,1,1,1,1,1,3,1,1,1
SF,IH2002,2020-01-17 09:32:18.300,3062.4000,14467,0,552955440.000,1,0,1,多换,S,3062.4000,3062.2000,3061.0000,3060.4000,3060.0000,3062.6000,3062.8000,3063.0000,3063.2000,3063.4000,1,1,1,1,1,1,2,1,1,1
SF,IH2002,2020-01-17 09:32:18.800,3062.4000,14467,0,553874160.000,1,0,1,多换,S,3062.2000,3061.0000,3060.4000,3060.0000,3059.4000,3062.4000,3062.6000,3062.8000,3063.0000,3063.2000,1,1,1,1,1,1,1,2,1,1
SF,IH2002,2020-01-17 09:32:19.300,3062.2000,14467,0,555711480.000,2,1,1,多换,S,3061.0000,3060.4000,3060.0000,3059.4000,3059.2000,3062.2000,3062.4000,3062.6000,3062.8000,3063.0000,1,1,1,1,1,5,1,1,2,1
SF,IH2002,2020-01-17 09:32:19.800,3061.4000,14468,1,557548560.000,2,1,1,空开,S,3061.4000,3061.2000,3061.0000,3060.4000,3060.0000,3062.0000,3062.2000,3062.4000,3062.6000,3062.8000,2,3,2,1,1,6,2,1,1,2
SF,IH2002,2020-01-17 09:32:20.300,3061.6000,14468,0,558467040.000,1,0,1,多换,S,3061.0000,3060.4000,3060.0000,3059.4000,3059.2000,3061.6000,3061.8000,3062.0000,3062.2000,3062.4000,2,1,1,1,1,2,1,1,2,1
SF,IH2002,2020-01-17 09:32:20.800,3061.6000,14469,1,560304000.000,2,1,1,空开,S,3061.2000,3061.0000,3060.4000,3060.0000,3059.4000,3061.8000,3062.0000,3062.2000,3062.4000,3062.6000,1,1,1,1,1,1,1,2,1,1
SF,IH2002,2020-01-17 09:32:21.300,3061.2000,14469,0,561222360.000,1,0,1,多换,S,3061.2000,3061.0000,3060.4000,3060.0000,3059.4000,3061.8000,3062.0000,3062.2000,3062.4000,3062.6000,1,1,1,1,1,1,1,2,1,1
SF,IH2002,2020-01-17 09:32:21.800,3061.0000,14468,-1,562140660.000,1,0,1,双平,S,3060.4000,3060.0000,3059.4000,3059.2000,3059.0000,3061.8000,3062.0000,3062.2000,3062.4000,3062.6000,1,1,1,1,2,1,1,2,1,1
SF,IH2002,2020-01-17 09:32:22.300,3061.0000,14468,0,562140660.000,0,-,-,-,-,3060.6000,3060.4000,3060.0000,3059.4000,3059.2000,3061.6000,3061.8000,3062.0000,3062.2000,3062.4000,2,2,1,1,1,4,1,1,2,1
SF,IH2002,2020-01-17 09:32:22.800,3060.8000,14468,0,563058900.000,1,0,1,多换,S,3060.6000,3060.4000,3060.0000,3059.4000,3059.2000,3060.8000,3061.4000,3061.6000,3061.8000,3062.0000,3,2,1,1,1,1,1,3,1,1
SF,IH2002,2020-01-17 09:32:23.300,3060.8000,14467,-1,563977140.000,1,0,1,双平,S,3060.8000,3060.6000,3060.4000,3059.4000,3059.2000,3061.4000,3061.8000,3062.0000,3062.2000,3062.4000,5,2,3,1,1,1,1,1,2,1
SF,IH2002,2020-01-17 09:32:23.800,3060.8000,14465,-2,566731860.000,3,0,3,多平,S,3061.0000,3060.6000,3060.4000,3059.4000,3059.2000,3062.0000,3062.2000,3062.4000,3062.6000,3063.0000,1,1,2,1,1,1,2,1,1,1
SF,IH2002,2020-01-17 09:32:24.300,3061.0000,14466,1,567650160.000,1,1,0,双开,S,3060.4000,3059.4000,3059.2000,3059.0000,3058.8000,3061.8000,3062.0000,3062.2000,3062.4000,3062.6000,2,1,1,2,2,1,12,6,1,1
SF,IH2002,2020-01-17 09:32:24.800,3061.6000,14466,0,568568640.000,1,0,1,多换,S,3060.6000,3060.4000,3059.6000,3059.4000,3059.2000,3061.6000,3061.8000,3062.0000,3062.2000,3062.4000,1,2,4,1,1,3,1,11,6,1
SF,IH2002,2020-01-17 09:32:25.300,3061.6000,14466,0,568568640.000,0,-,-,-,-,3060.8000,3060.6000,3060.4000,3060.2000,3059.6000,3061.4000,3061.6000,3062.0000,3062.2000,3062.4000,1,1,3,1,4,3,2,6,6,1
SF,IH2002,2020-01-17 09:32:25.800,3061.0000,14467,1,570405360.000,2,1,1,空开,S,3060.8000,3060.6000,3060.4000,3059.6000,3059.4000,3061.4000,3061.6000,3062.0000,3062.2000,3062.4000,1,1,3,4,1,2,1,6,6,1
SF,IH2002,2020-01-17 09:32:26.300,3061.0000,14467,0,570405360.000,0,-,-,-,-,3061.0000,3060.6000,3060.4000,3059.6000,3059.4000,3061.4000,3062.2000,3062.4000,3063.0000,3063.2000,1,1,3,4,1,1,6,1,1,1
SF,IH2002,2020-01-17 09:32:26.800,3061.0000,14467,0,571323660.000,1,0,1,多换,S,3061.4000,3060.6000,3060.4000,3059.6000,3059.4000,3062.2000,3062.4000,3063.0000,3063.2000,3063.4000,4,1,3,4,1,6,1,1,1,1
SF,IH2002,2020-01-17 09:32:27.300,3061.0000,14467,0,571323660.000,0,-,-,-,-,3061.6000,3061.4000,3060.6000,3060.4000,3060.0000,3062.2000,3062.4000,3063.0000,3063.2000,3063.4000,1,4,2,3,1,4,1,1,1,1
SF,IH2002,2020-01-17 09:32:27.800,3061.0000,14467,0,571323660.000,0,-,-,-,-,3061.6000,3061.4000,3060.6000,3060.4000,3060.0000,3062.0000,3062.2000,3062.4000,3063.0000,3063.2000,1,4,2,3,1,1,4,1,1,1
SF,IH2002,2020-01-17 09:32:28.300,3061.8000,14467,0,572242200.000,1,0,1,多换,S,3061.8000,3061.6000,3061.4000,3060.6000,3060.4000,3062.0000,3062.2000,3062.4000,3063.0000,3063.2000,1,1,4,2,2,1,3,1,1,1
SF,IH2002,2020-01-17 09:32:28.800,3061.8000,14465,-2,574079280.000,2,0,2,双平,S,3061.6000,3061.4000,3060.6000,3060.4000,3060.2000,3061.8000,3062.0000,3062.2000,3062.4000,3063.0000,1,4,1,2,1,1,1,3,1,1
SF,IH2002,2020-01-17 09:32:29.300,3061.8000,14463,-2,575916300.000,2,0,2,双平,S,3061.8000,3061.6000,3061.4000,3060.6000,3060.4000,3062.0000,3062.2000,3062.4000,3063.0000,3063.2000,1,2,4,2,2,2,3,1,1,1
SF,IH2002,2020-01-17 09:32:29.800,3062.0000,14463,0,578672040.000,3,1,2,多换,S,3061.8000,3061.6000,3061.4000,3060.6000,3060.4000,3062.2000,3062.4000,3063.0000,3063.2000,3063.4000,1,2,4,2,2,3,1,3,1,1
SF,IH2002,2020-01-17 09:32:30.300,3061.8000,14462,-1,579590580.000,1,0,1,双平,S,3061.6000,3061.4000,3060.6000,3060.4000,3060.2000,3062.2000,3062.4000,3063.0000,3063.2000,3063.4000,2,4,2,2,1,3,1,3,1,1
SF,IH2002,2020-01-17 09:32:30.800,3061.8000,14462,0,579590580.000,0,-,-,-,-,3061.6000,3061.4000,3060.6000,3060.4000,3060.2000,3062.2000,3062.4000,3063.0000,3063.2000,3063.4000,2,2,2,2,1,3,1,3,1,1
SF,IH2002,2020-01-17 09:32:31.300,3061.6000,14461,-1,581427540.000,2,0,2,多平,S,3061.4000,3060.6000,3060.4000,3060.2000,3060.0000,3062.2000,3062.4000,3063.0000,3063.2000,3063.4000,2,2,2,1,2,3,1,3,1,1
SF,IH2002,2020-01-17 09:32:31.800,3061.4000,14460,-1,583264440.000,2,0,2,多平,S,3060.6000,3060.4000,3060.2000,3060.0000,3059.6000,3062.0000,3062.2000,3062.4000,3063.0000,3063.2000,2,2,1,2,4,2,3,1,3,1
SF,IH2002,2020-01-17 09:32:32.300,3061.4000,14460,0,583264440.000,0,-,-,-,-,3060.8000,3060.6000,3060.4000,3060.2000,3060.0000,3061.8000,3062.0000,3062.2000,3062.4000,3063.0000,5,5,2,1,2,2,2,4,1,3
SF,IH2002,2020-01-17 09:32:32.800,3061.6000,14460,0,585101400.000,2,1,1,多换,S,3061.2000,3061.0000,3060.8000,3060.6000,3060.4000,3061.8000,3062.2000,3062.4000,3063.0000,3063.2000,1,4,4,5,2,1,4,1,3,1
SF,IH2002,2020-01-17 09:32:33.300,3061.8000,14459,-1,586019940.000,1,0,1,双平,S,3061.2000,3061.0000,3060.8000,3060.6000,3060.4000,3062.2000,3062.4000,3063.0000,3063.2000,3063.4000,3,4,1,5,2,4,1,3,1,1
SF,IH2002,2020-01-17 09:32:33.800,3061.8000,14459,0,586019940.000,0,-,-,-,-,3061.4000,3061.2000,3061.0000,3060.8000,3060.6000,3062.0000,3062.2000,3062.4000,3063.0000,3063.2000,6,1,3,1,5,1,4,1,3,1
SF,IH2002,2020-01-17 09:32:34.300,3061.8000,14459,0,586019940.000,0,-,-,-,-,3061.4000,3061.2000,3061.0000,3060.8000,3060.6000,3062.0000,3062.2000,3062.4000,3063.0000,3063.2000,8,1,3,1,10,2,4,1,3,1
SF,IH2002,2020-01-17 09:32:34.800,3061.8000,14459,0,586019940.000,0,-,-,-,-,3061.4000,3061.2000,3060.8000,3060.6000,3060.4000,3062.0000,3062.2000,3062.4000,3063.0000,3063.2000,5,1,1,10,2,2,4,1,3,1
SF,IH2002,2020-01-17 09:32:35.300,3061.8000,14458,-1,587857020.000,2,0,2,多平,S,3061.4000,3061.2000,3060.8000,3060.6000,3060.4000,3061.8000,3062.0000,3062.2000,3062.4000,3063.0000,1,1,1,6,2,3,1,4,1,3
SF,IH2002,2020-01-17 09:32:35.800,3061.4000,14458,0,588775440.000,1,0,1,多换,S,3061.6000,3061.4000,3061.2000,3060.8000,3060.6000,3061.8000,3062.0000,3062.2000,3062.4000,3063.0000,1,5,1,1,6,3,1,4,1,3
SF,IH2002,2020-01-17 09:32:36.300,3061.6000,14458,0,589693920.000,1,0,1,多换,S,3061.4000,3061.2000,3060.6000,3060.4000,3060.2000,3061.6000,3061.8000,3062.0000,3062.2000,3062.4000,5,1,6,2,1,4,3,1,4,1
SF,IH2002,2020-01-17 09:32:36.800,3061.6000,14460,2,593367720.000,4,3,1,空开,S,3061.4000,3061.2000,3060.6000,3060.4000,3060.2000,3061.6000,3061.8000,3062.0000,3062.2000,3062.4000,4,1,6,2,1,3,3,1,4,1
SF,IH2002,2020-01-17 09:32:37.300,3061.6000,14460,0,596123100.000,3,1,2,多换,S,3061.4000,3061.2000,3060.6000,3060.4000,3060.2000,3061.6000,3061.8000,3062.0000,3062.2000,3062.4000,3,1,6,2,1,1,3,1,4,1
SF,IH2002,2020-01-17 09:32:37.800,3061.6000,14459,-1,598878420.000,3,1,2,多平,S,3061.6000,3061.4000,3061.2000,3060.6000,3060.4000,3061.8000,3062.0000,3062.2000,3062.4000,3063.0000,2,1,1,6,2,3,2,4,1,3
SF,IH2002,2020-01-17 09:32:38.300,3061.6000,14458,-1,601633860.000,3,1,2,多平,S,3061.4000,3060.6000,3060.4000,3060.2000,3060.0000,3061.6000,3061.8000,3062.0000,3062.2000,3062.4000,1,6,2,1,2,5,3,2,4,1
SF,IH2002,2020-01-17 09:32:38.800,3061.4000,14457,-1,602552280.000,1,0,1,双平,S,3060.6000,3060.4000,3060.2000,3060.0000,3059.6000,3061.4000,3061.6000,3061.8000,3062.0000,3062.2000,6,2,1,2,4,1,5,3,2,4
SF,IH2002,2020-01-17 09:32:39.300,3061.6000,14462,5,611736420.000,10,7,3,空开,S,3061.4000,3061.2000,3061.0000,3060.8000,3060.6000,3062.0000,3062.2000,3062.4000,3063.0000,3063.2000,36,24,16,3,6,2,4,1,3,1
SF,IH2002,2020-01-17 09:32:39.800,3061.6000,14462,0,615410580.000,4,2,2,多换,S,3061.6000,3061.0000,3060.8000,3060.6000,3060.4000,3062.2000,3062.4000,3063.0000,3063.2000,3063.4000,2,7,3,6,2,4,1,5,1,1
SF,IH2002,2020-01-17 09:32:40.300,3061.6000,14462,0,615410580.000,0,-,-,-,-,3061.0000,3060.6000,3060.4000,3060.2000,3060.0000,3062.2000,3062.4000,3063.0000,3063.2000,3063.4000,7,6,2,1,2,4,1,5,1,1
SF,IH2002,2020-01-17 09:32:40.800,3061.6000,14462,0,615410580.000,0,-,-,-,-,3062.0000,3061.6000,3061.4000,3061.2000,3061.0000,3062.2000,3062.4000,3063.0000,3063.2000,3063.4000,3,1,18,3,7,4,1,5,1,1
SF,IH2002,2020-01-17 09:32:41.300,3062.0000,14462,0,618166380.000,3,1,2,多换,S,3061.4000,3061.0000,3060.6000,3060.4000,3060.2000,3062.0000,3062.2000,3062.4000,3063.0000,3063.2000,18,2,6,2,1,5,4,1,5,1
SF,IH2002,2020-01-17 09:32:41.800,3062.0000,14462,0,618166380.000,0,-,-,-,-,3061.6000,3061.4000,3061.0000,3060.6000,3060.4000,3062.0000,3062.2000,3062.4000,3063.0000,3063.2000,1,10,2,6,2,5,4,1,5,1
SF,IH2002,2020-01-17 09:32:42.300,3061.8000,14463,1,619084920.000,1,1,0,双开,S,3061.6000,3061.0000,3060.6000,3060.4000,3060.2000,3061.8000,3062.0000,3062.2000,3062.4000,3063.0000,1,2,6,2,1,1,5,4,1,5
SF,IH2002,2020-01-17 09:32:42.800,3061.6000,14461,-2,620921880.000,2,0,2,双平,S,3061.6000,3061.0000,3060.6000,3060.4000,3060.2000,3061.8000,3062.0000,3062.2000,3062.4000,3063.0000,1,2,6,2,1,1,5,4,1,5
SF,IH2002,2020-01-17 09:32:43.300,3061.6000,14462,1,627351300.000,7,4,3,空开,S,3061.8000,3061.0000,3060.6000,3060.4000,3060.2000,3062.0000,3062.2000,3062.4000,3063.0000,3063.2000,28,2,6,2,1,5,4,1,5,1
SF,IH2002,2020-01-17 09:32:43.800,3061.8000,14464,2,631944060.000,5,3,2,空开,S,3061.8000,3061.0000,3060.6000,3060.4000,3060.2000,3062.0000,3062.2000,3062.4000,3063.0000,3063.2000,2,3,6,2,1,4,4,1,5,1
SF,IH2002,2020-01-17 09:32:44.300,3061.8000,14462,-2,633781140.000,2,0,2,双平,S,3061.0000,3060.6000,3060.4000,3060.2000,3060.0000,3061.8000,3062.0000,3062.2000,3062.4000,3063.0000,3,6,2,1,2,6,4,4,1,5
SF,IH2002,2020-01-17 09:32:44.800,3061.8000,14462,0,633781140.000,0,-,-,-,-,3061.6000,3061.4000,3061.0000,3060.6000,3060.4000,3061.8000,3062.0000,3062.2000,3062.4000,3063.0000,1,18,3,6,2,3,5,4,1,5
SF,IH2002,2020-01-17 09:32:45.300,3061.8000,14462,0,634699680.000,1,0,1,多换,S,3061.6000,3061.4000,3061.0000,3060.6000,3060.4000,3061.8000,3062.0000,3062.2000,3062.4000,3063.0000,16,39,3,6,2,2,2,4,1,5
SF,IH2002,2020-01-17 09:32:45.800,3062.0000,14458,-4,638373960.000,4,0,4,双平,S,3062.0000,3061.8000,3061.6000,3061.4000,3061.0000,3062.2000,3062.4000,3063.0000,3063.2000,3063.4000,1,11,1,18,3,3,1,5,1,1
SF,IH2002,2020-01-17 09:32:46.300,3062.2000,14454,-4,642967200.000,5,0,5,多平,S,3061.8000,3061.6000,3061.4000,3061.0000,3060.6000,3062.4000,3063.0000,3063.2000,3063.4000,3063.8000,6,1,12,3,6,1,5,1,1,1
SF,IH2002,2020-01-17 09:32:46.800,3062.2000,14454,0,642967200.000,0,-,-,-,-,3062.0000,3061.8000,3061.6000,3061.4000,3061.0000,3063.0000,3063.2000,3063.4000,3063.8000,3064.0000,1,4,1,12,3,5,1,1,1,1
SF,IH2002,2020-01-17 09:32:47.300,3062.2000,14454,0,642967200.000,0,-,-,-,-,3062.2000,3062.0000,3061.8000,3061.6000,3061.4000,3062.4000,3062.8000,3063.0000,3063.2000,3063.4000,1,1,4,1,12,1,2,3,3,1
SF,IH2002,2020-01-17 09:32:47.800,3061.8000,14453,-1,644804460.000,2,0,2,多平,S,3061.8000,3061.6000,3061.4000,3061.0000,3060.6000,3062.0000,3062.8000,3063.0000,3063.2000,3063.4000,3,1,12,3,5,3,1,3,3,1
SF,IH2002,2020-01-17 09:32:48.300,3062.0000,14450,-3,647560260.000,3,0,3,双平,S,3062.0000,3061.8000,3061.6000,3061.4000,3061.0000,3062.8000,3063.0000,3063.2000,3063.4000,3063.8000,3,3,1,12,3,1,3,3,1,1
SF,IH2002,2020-01-17 09:32:48.800,3062.0000,14450,0,647560260.000,0,-,-,-,-,3062.0000,3061.8000,3061.6000,3061.4000,3061.0000,3062.8000,3063.0000,3063.2000,3063.4000,3063.8000,4,3,1,12,3,1,3,3,1,1
SF,IH2002,2020-01-17 09:32:49.300,3062.0000,14450,0,647560260.000,0,-,-,-,-,3062.0000,3061.8000,3061.6000,3061.4000,3061.0000,3062.2000,3062.8000,3063.0000,3063.2000,3063.4000,4,3,1,12,3,1,1,2,3,1
SF,IH2002,2020-01-17 09:32:49.800,3062.2000,14450,0,648478920.000,1,0,1,多换,S,3062.2000,3062.0000,3061.8000,3061.6000,3061.4000,3062.8000,3063.0000,3063.2000,3063.4000,3063.8000,4,3,3,1,12,1,2,3,1,1
SF,IH2002,2020-01-17 09:32:50.300,3062.2000,14450,0,648478920.000,0,-,-,-,-,3062.2000,3062.0000,3061.8000,3061.6000,3061.4000,3062.8000,3063.0000,3063.2000,3063.4000,3063.8000,2,3,3,1,12,1,2,3,1,1
SF,IH2002,2020-01-17 09:32:50.800,3062.2000,14450,0,648478920.000,0,-,-,-,-,3062.2000,3062.0000,3061.8000,3061.6000,3061.4000,3062.8000,3063.0000,3063.2000,3063.4000,3063.8000,2,3,3,1,12,1,2,3,1,1
SF,IH2002,2020-01-17 09:32:51.300,3062.8000,14450,0,649397760.000,1,0,1,多换,S,3062.4000,3062.2000,3062.0000,3061.8000,3061.6000,3063.0000,3063.2000,3063.4000,3063.8000,3064.0000,1,2,3,3,1,2,3,1,1,1
SF,IH2002,2020-01-17 09:32:51.800,3062.8000,14450,0,649397760.000,0,-,-,-,-,3062.4000,3062.2000,3062.0000,3061.8000,3061.6000,3062.8000,3063.0000,3063.2000,3063.4000,3063.8000,1,2,3,4,1,1,2,3,1,1
SF,IH2002,2020-01-17 09:32:52.800,3062.4000,14451,1,650316480.000,1,1,0,双开,S,3062.2000,3062.0000,3061.8000,3061.6000,3061.0000,3062.6000,3062.8000,3063.0000,3063.2000,3063.4000,2,3,4,1,2,2,1,2,3,1
SF,IH2002,2020-01-17 09:32:53.300,3062.4000,14451,0,650316480.000,0,-,-,-,-,3062.2000,3062.0000,3061.8000,3061.6000,3061.0000,3062.6000,3062.8000,3063.0000,3063.2000,3063.4000,2,3,4,1,2,2,2,2,3,1
SF,IH2002,2020-01-17 09:32:53.800,3062.4000,14450,-1,653072580.000,3,1,2,多平,S,3062.0000,3061.8000,3061.6000,3061.0000,3060.6000,3062.2000,3062.6000,3062.8000,3063.0000,3063.2000,1,4,1,2,5,1,2,2,2,3
SF,IH2002,2020-01-17 09:32:54.300,3062.0000,14450,0,654909840.000,2,1,1,多换,S,3062.2000,3061.8000,3061.6000,3061.0000,3060.6000,3062.6000,3062.8000,3063.0000,3063.2000,3063.4000,2,4,1,2,5,1,2,2,3,1
SF,IH2002,2020-01-17 09:32:54.800,3062.0000,14450,0,654909840.000,0,-,-,-,-,3062.2000,3061.8000,3061.6000,3061.0000,3060.6000,3062.4000,3062.6000,3062.8000,3063.0000,3063.2000,2,4,1,2,5,1,2,2,2,3
SF,IH2002,2020-01-17 09:32:55.300,3062.2000,14450,0,656747160.000,2,1,1,多换,S,3061.8000,3061.6000,3061.0000,3060.6000,3060.4000,3062.2000,3062.4000,3062.6000,3062.8000,3063.0000,4,1,2,5,2,1,1,2,2,2
SF,IH2002,2020-01-17 09:32:55.800,3062.2000,14450,0,656747160.000,0,-,-,-,-,3061.8000,3061.6000,3061.0000,3060.6000,3060.4000,3062.0000,3062.2000,3062.4000,3062.6000,3062.8000,4,1,2,5,2,1,1,1,2,1
SF,IH2002,2020-01-17 09:32:56.300,3061.8000,14450,0,657665700.000,1,0,1,多换,S,3061.8000,3061.6000,3061.0000,3060.6000,3060.4000,3062.0000,3062.2000,3062.4000,3062.6000,3062.8000,3,1,2,5,2,1,1,1,2,1
SF,IH2002,2020-01-17 09:32:56.800,3061.8000,14453,3,661339920.000,4,3,1,空开,S,3061.6000,3061.0000,3060.6000,3060.4000,3060.2000,3062.2000,3062.4000,3062.6000,3062.8000,3063.0000,1,2,5,2,1,1,1,2,1,2
SF,IH2002,2020-01-17 09:32:57.300,3061.8000,14453,0,661339920.000,0,-,-,-,-,3061.8000,3061.6000,3061.0000,3060.6000,3060.4000,3062.2000,3062.4000,3062.6000,3062.8000,3063.0000,1,1,2,5,2,1,1,2,1,2
SF,IH2002,2020-01-17 09:32:57.800,3062.8000,14455,2,665933160.000,5,3,2,空开,S,3062.8000,3062.6000,3062.4000,3062.2000,3062.0000,3063.0000,3063.2000,3063.4000,3063.8000,3064.0000,15,30,9,24,22,2,3,1,1,1
SF,IH2002,2020-01-17 09:32:58.300,3062.8000,14453,-2,682472400.000,18,8,10,多平,S,3062.2000,3062.0000,3061.8000,3061.6000,3061.0000,3062.8000,3063.2000,3063.4000,3063.8000,3064.0000,6,16,7,1,2,3,2,1,1,1
SF,IH2002,2020-01-17 09:32:58.800,3062.8000,14450,-3,685228920.000,3,0,3,双平,S,3061.8000,3061.6000,3061.0000,3060.6000,3060.4000,3062.8000,3063.0000,3063.2000,3063.4000,3063.8000,1,1,2,5,2,2,1,2,1,1
SF,IH2002,2020-01-17 09:32:59.300,3062.8000,14450,0,685228920.000,0,-,-,-,-,3062.0000,3061.8000,3061.6000,3061.0000,3060.6000,3062.6000,3062.8000,3063.0000,3063.2000,3063.4000,42,1,1,2,5,1,2,1,1,1
SF,IH2002,2020-01-17 09:32:59.800,3062.8000,14450,0,686147760.000,1,0,1,多换,S,3062.2000,3062.0000,3061.8000,3061.6000,3061.0000,3062.8000,3063.0000,3063.2000,3063.4000,3063.8000,13,11,1,1,2,1,2,1,1,1
SF,IH2002,2020-01-17 09:33:00.300,3062.8000,14449,-1,687985260.000,2,0,2,多平,S,3062.4000,3062.0000,3061.8000,3061.6000,3061.0000,3063.0000,3063.2000,3063.4000,3063.8000,3064.0000,1,11,1,1,2,2,1,1,1,1
SF,IH2002,2020-01-17 09:33:00.800,3062.4000,14450,1,689822700.000,2,1,1,空开,S,3062.0000,3061.8000,3061.6000,3061.0000,3060.6000,3062.4000,3062.6000,3062.8000,3063.0000,3063.2000,11,1,1,2,5,5,2,3,2,3
SF,IH2002,2020-01-17 09:33:01.300,3062.6000,14450,0,695335080.000,6,3,3,多换,S,3062.0000,3061.8000,3061.6000,3061.0000,3060.6000,3062.6000,3062.8000,3063.0000,3063.2000,3063.4000,1,1,1,2,5,4,4,2,3,1
SF,IH2002,2020-01-17 09:33:01.800,3062.0000,14448,-2,697172280.000,2,0,2,双平,S,3062.2000,3061.8000,3061.6000,3061.0000,3060.6000,3062.6000,3062.8000,3063.0000,3063.2000,3063.4000,1,1,1,4,5,4,4,2,3,1
SF,IH2002,2020-01-17 09:33:02.300,3062.2000,14447,-1,698090940.000,1,0,1,双平,S,3061.8000,3061.6000,3061.0000,3060.6000,3060.4000,3062.2000,3062.6000,3062.8000,3063.0000,3063.2000,1,1,4,5,2,1,4,4,2,3
SF,IH2002,2020-01-17 09:33:02.800,3062.0000,14447,0,699009540.000,1,0,1,多换,S,3062.0000,3061.6000,3061.0000,3060.6000,3060.4000,3062.2000,3062.6000,3062.8000,3063.0000,3063.2000,1,1,4,5,2,1,4,3,2,3
SF,IH2002,2020-01-17 09:33:03.300,3062.0000,14449,2,700846740.000,2,2,0,双开,S,3061.6000,3061.0000,3060.6000,3060.4000,3060.2000,3062.2000,3062.6000,3062.8000,3063.0000,3063.2000,1,4,5,2,1,1,4,3,2,3
SF,IH2002,2020-01-17 09:33:03.800,3061.6000,14449,0,701765220.000,1,0,1,多换,S,3061.0000,3060.6000,3060.4000,3060.2000,3060.0000,3062.2000,3062.4000,3062.6000,3062.8000,3063.0000,4,5,2,1,2,1,1,4,3,2
SF,IH2002,2020-01-17 09:33:04.300,3062.0000,14447,-2,704521020.000,3,0,3,多平,S,3061.2000,3061.0000,3060.8000,3060.6000,3060.4000,3062.2000,3062.4000,3062.6000,3062.8000,3063.0000,5,4,3,5,2,2,1,4,3,2
SF,IH2002,2020-01-17 09:33:04.800,3061.4000,14447,0,705439440.000,1,0,1,多换,S,3061.6000,3061.4000,3061.2000,3061.0000,3060.8000,3062.2000,3062.4000,3062.6000,3062.8000,3063.0000,4,7,6,3,3,1,1,4,3,2
SF,IH2002,2020-01-17 09:33:05.300,3061.8000,14448,1,706357980.000,1,1,0,双开,S,3061.6000,3061.4000,3061.2000,3061.0000,3060.8000,3062.2000,3062.4000,3062.6000,3062.8000,3063.0000,6,7,3,3,3,1,1,4,3,2
SF,IH2002,2020-01-17 09:33:05.800,3061.8000,14448,0,706357980.000,0,-,-,-,-,3061.6000,3061.4000,3061.2000,3061.0000,3060.8000,3062.2000,3062.4000,3062.6000,3062.8000,3063.0000,1,7,2,3,3,1,1,4,3,2
SF,IH2002,2020-01-17 09:33:06.300,3061.6000,14447,-1,707276460.000,1,0,1,双平,S,3061.4000,3061.2000,3061.0000,3060.8000,3060.6000,3062.2000,3062.4000,3062.6000,3062.8000,3063.0000,7,2,3,3,5,1,1,4,3,2
SF,IH2002,2020-01-17 09:33:06.800,3061.6000,14447,0,707276460.000,0,-,-,-,-,3061.4000,3061.2000,3061.0000,3060.8000,3060.6000,3062.0000,3062.2000,3062.4000,3062.6000,3062.8000,2,1,3,3,5,3,1,1,4,3
SF,IH2002,2020-01-17 09:33:07.300,3061.6000,14447,0,707276460.000,0,-,-,-,-,3061.4000,3061.2000,3061.0000,3060.8000,3060.6000,3062.0000,3062.2000,3062.4000,3062.6000,3062.8000,1,1,3,3,5,3,1,1,4,3
SF,IH2002,2020-01-17 09:33:07.800,3061.4000,14447,0,708194880.000,1,0,1,多换,S,3061.2000,3061.0000,3060.8000,3060.6000,3060.4000,3062.0000,3062.2000,3062.4000,3062.6000,3062.8000,1,3,3,5,2,3,1,1,4,3
SF,IH2002,2020-01-17 09:33:08.300,3061.4000,14447,0,708194880.000,0,-,-,-,-,3061.2000,3061.0000,3060.8000,3060.6000,3060.4000,3062.0000,3062.2000,3062.4000,3062.6000,3062.8000,2,3,3,5,2,3,1,1,4,3
SF,IH2002,2020-01-17 09:33:08.800,3061.4000,14447,0,708194880.000,0,-,-,-,-,3061.2000,3061.0000,3060.8000,3060.6000,3060.4000,3062.0000,3062.2000,3062.4000,3062.6000,3062.8000,2,3,3,5,2,3,1,1,4,3
SF,IH2002,2020-01-17 09:33:09.300,3061.4000,14447,0,708194880.000,0,-,-,-,-,3061.4000,3061.2000,3061.0000,3060.8000,3060.6000,3061.8000,3062.0000,3062.2000,3062.4000,3062.6000,1,2,3,3,5,1,3,1,1,4
SF,IH2002,2020-01-17 09:33:09.800,3061.4000,14447,0,709113300.000,1,0,1,多换,S,3061.4000,3061.2000,3061.0000,3060.8000,3060.6000,3061.8000,3062.0000,3062.2000,3062.4000,3062.6000,1,2,3,3,5,1,4,1,1,4
SF,IH2002,2020-01-17 09:33:10.300,3061.6000,14445,-2,710950200.000,2,0,2,双平,S,3061.2000,3061.0000,3060.8000,3060.6000,3060.4000,3061.8000,3062.0000,3062.2000,3062.4000,3062.6000,2,3,3,5,2,1,4,1,1,4
SF,IH2002,2020-01-17 09:33:10.800,3061.6000,14445,0,710950200.000,0,-,-,-,-,3061.2000,3061.0000,3060.8000,3060.6000,3060.4000,3062.0000,3062.2000,3062.4000,3062.6000,3062.8000,1,3,3,5,2,1,1,1,4,2
SF,IH2002,2020-01-17 09:33:11.300,3061.0000,14445,0,713705220.000,3,1,2,多换,S,3061.0000,3060.8000,3060.6000,3060.4000,3060.2000,3061.6000,3061.8000,3062.0000,3062.2000,3062.4000,2,3,2,2,1,1,2,1,1,1
SF,IH2002,2020-01-17 09:33:11.800,3061.0000,14445,0,713705220.000,0,-,-,-,-,3061.0000,3060.8000,3060.6000,3060.4000,3060.2000,3061.6000,3061.8000,3062.0000,3062.4000,3062.6000,2,3,2,2,1,1,4,1,1,4
SF,IH2002,2020-01-17 09:33:12.300,3061.4000,14445,0,714623640.000,1,0,1,多换,S,3061.4000,3061.0000,3060.8000,3060.6000,3060.4000,3061.6000,3061.8000,3062.0000,3062.4000,3062.6000,2,2,3,2,2,1,4,1,1,4
SF,IH2002,2020-01-17 09:33:12.800,3061.4000,14447,2,716460480.000,2,2,0,双开,S,3061.0000,3060.8000,3060.6000,3060.4000,3060.2000,3061.6000,3061.8000,3062.0000,3062.4000,3062.6000,2,3,2,2,1,1,4,1,1,4
SF,IH2002,2020-01-17 09:33:13.300,3061.4000,14447,0,716460480.000,0,-,-,-,-,3061.0000,3060.8000,3060.6000,3060.4000,3060.2000,3061.4000,3061.8000,3062.0000,3062.4000,3062.6000,1,2,2,2,1,1,4,1,1,4
SF,IH2002,2020-01-17 09:33:13.800,3061.0000,14446,-1,718297200.000,2,0,2,多平,S,3060.8000,3060.6000,3060.4000,3060.2000,3060.0000,3061.8000,3062.0000,3062.4000,3062.6000,3062.8000,2,2,2,1,3,4,1,1,4,1
SF,IH2002,2020-01-17 09:33:14.300,3061.0000,14446,0,718297200.000,0,-,-,-,-,3061.4000,3061.0000,3060.8000,3060.6000,3060.4000,3061.8000,3062.0000,3062.4000,3062.6000,3062.8000,1,3,3,2,2,4,1,1,4,1
SF,IH2002,2020-01-17 09:33:14.800,3061.0000,14444,-2,720133920.000,2,0,2,双平,S,3061.0000,3060.8000,3060.6000,3060.4000,3060.2000,3061.4000,3061.8000,3062.0000,3062.4000,3062.6000,2,2,2,2,1,1,4,1,1,4
SF,IH2002,2020-01-17 09:33:15.300,3061.0000,14444,0,720133920.000,0,-,-,-,-,3060.6000,3060.4000,3060.2000,3060.0000,3059.6000,3061.0000,3061.4000,3061.8000,3062.0000,3062.4000,2,2,1,4,5,1,1,5,1,1
SF,IH2002,2020-01-17 09:33:15.800,3060.8000,14444,0,722888760.000,3,1,2,多换,S,3060.6000,3060.4000,3060.2000,3060.0000,3059.6000,3061.4000,3061.8000,3062.0000,3062.4000,3062.6000,3,2,1,3,1,1,5,1,1,2
SF,IH2002,2020-01-17 09:33:16.300,3060.8000,14444,0,722888760.000,0,-,-,-,-,3060.6000,3060.4000,3060.2000,3060.0000,3059.6000,3061.0000,3061.2000,3061.4000,3061.6000,3061.8000,3,2,1,3,1,1,2,1,1,6
SF,IH2002,2020-01-17 09:33:16.800,3061.0000,14445,1,723807060.000,1,1,0,双开,S,3060.6000,3060.4000,3060.2000,3060.0000,3059.6000,3061.2000,3061.4000,3061.6000,3061.8000,3062.0000,3,2,1,3,1,2,1,1,6,1
SF,IH2002,2020-01-17 09:33:17.300,3061.0000,14445,0,723807060.000,0,-,-,-,-,3060.6000,3060.4000,3060.2000,3060.0000,3059.6000,3060.8000,3061.2000,3061.4000,3061.6000,3061.8000,2,2,1,3,1,1,2,1,1,6
SF,IH2002,2020-01-17 09:33:17.800,3061.4000,14444,-1,725643720.000,2,0,2,多平,S,3060.8000,3060.6000,3060.4000,3060.2000,3060.0000,3061.6000,3061.8000,3062.0000,3062.4000,3062.6000,1,2,2,1,3,1,6,1,1,3
SF,IH2002,2020-01-17 09:33:18.300,3061.4000,14444,0,725643720.000,0,-,-,-,-,3060.8000,3060.6000,3060.4000,3060.2000,3060.0000,3061.6000,3061.8000,3062.0000,3062.4000,3062.6000,1,2,2,1,3,1,4,1,1,3
SF,IH2002,2020-01-17 09:33:18.800,3061.4000,14444,0,725643720.000,0,-,-,-,-,3060.8000,3060.6000,3060.4000,3060.2000,3060.0000,3061.6000,3061.8000,3062.0000,3062.4000,3062.6000,1,2,2,1,3,1,5,1,1,4
SF,IH2002,2020-01-17 09:33:19.300,3061.4000,14444,0,725643720.000,0,-,-,-,-,3061.2000,3060.8000,3060.6000,3060.4000,3060.2000,3061.6000,3061.8000,3062.0000,3062.4000,3062.6000,1,1,2,2,1,1,5,1,1,4
SF,IH2002,2020-01-17 09:33:19.800,3060.8000,14443,-1,727480320.000,2,0,2,多平,S,3060.6000,3060.4000,3060.2000,3060.0000,3059.6000,3061.6000,3061.8000,3062.4000,3062.6000,3062.8000,2,2,1,3,1,1,4,1,4,1
SF,IH2002,2020-01-17 09:33:20.300,3060.8000,14443,0,727480320.000,0,-,-,-,-,3060.6000,3060.4000,3060.2000,3060.0000,3059.6000,3061.4000,3061.6000,3061.8000,3062.4000,3062.6000,3,2,1,2,1,1,1,4,1,4
SF,IH2002,2020-01-17 09:33:20.800,3060.8000,14443,0,727480320.000,0,-,-,-,-,3060.6000,3060.4000,3060.2000,3060.0000,3059.6000,3061.4000,3061.6000,3061.8000,3062.4000,3062.6000,2,2,1,2,1,1,1,4,1,4
SF,IH2002,2020-01-17 09:33:21.300,3061.4000,14444,1,729317100.000,2,1,1,空开,S,3061.4000,3060.6000,3060.4000,3060.2000,3060.0000,3061.6000,3061.8000,3062.4000,3062.6000,3062.8000,1,2,2,1,2,1,4,1,4,1
SF,IH2002,2020-01-17 09:33:21.800,3061.4000,14445,1,730235520.000,1,1,0,双开,S,3060.6000,3060.4000,3060.2000,3060.0000,3059.6000,3061.4000,3061.6000,3061.8000,3062.4000,3062.6000,2,2,1,2,1,2,1,5,1,4
SF,IH2002,2020-01-17 09:33:22.300,3060.8000,14445,0,732990240.000,3,1,2,多换,S,3060.6000,3060.4000,3060.2000,3060.0000,3059.6000,3061.0000,3061.4000,3061.6000,3061.8000,3062.4000,2,2,1,2,1,1,2,1,4,1
SF,IH2002,2020-01-17 09:33:22.800,3060.6000,14445,0,735745020.000,3,1,2,多换,S,3060.6000,3060.4000,3060.2000,3060.0000,3059.6000,3061.4000,3061.6000,3061.8000,3062.4000,3062.6000,1,2,1,2,1,2,1,4,1,4
SF,IH2002,2020-01-17 09:33:23.300,3060.6000,14445,0,737581380.000,2,1,1,多换,S,3060.4000,3060.2000,3060.0000,3059.6000,3059.4000,3061.2000,3061.4000,3061.6000,3061.8000,3062.4000,2,1,2,1,1,2,2,1,3,1
SF,IH2002,2020-01-17 09:33:23.800,3060.6000,14445,0,737581380.000,0,-,-,-,-,3060.4000,3060.2000,3060.0000,3059.6000,3059.4000,3061.2000,3061.4000,3061.6000,3061.8000,3062.4000,2,1,2,1,1,2,2,1,3,1
SF,IH2002,2020-01-17 09:33:24.300,3060.6000,14445,0,737581380.000,0,-,-,-,-,3060.4000,3060.2000,3060.0000,3059.6000,3059.4000,3061.2000,3061.4000,3061.6000,3061.8000,3062.4000,2,1,2,1,1,2,2,1,3,1
SF,IH2002,2020-01-17 09:33:24.800,3060.6000,14445,0,737581380.000,0,-,-,-,-,3060.8000,3060.4000,3060.2000,3060.0000,3059.6000,3061.2000,3061.4000,3061.6000,3061.8000,3062.4000,1,2,1,2,1,2,2,1,3,1
SF,IH2002,2020-01-17 09:33:25.300,3060.8000,14443,-2,739417860.000,2,0,2,双平,S,3060.4000,3060.2000,3060.0000,3059.6000,3059.4000,3061.2000,3061.4000,3061.8000,3062.4000,3062.6000,3,1,2,1,1,2,2,3,1,4
SF,IH2002,2020-01-17 09:33:25.800,3061.0000,14443,0,740336160.000,1,0,1,多换,S,3061.0000,3060.4000,3060.2000,3060.0000,3059.6000,3061.2000,3061.4000,3061.8000,3062.4000,3062.6000,1,3,1,2,1,2,4,3,1,4
SF,IH2002,2020-01-17 09:33:26.300,3061.2000,14443,0,741254520.000,1,0,1,多换,S,3060.4000,3060.2000,3060.0000,3059.6000,3059.4000,3061.0000,3061.4000,3061.8000,3062.4000,3062.6000,3,1,2,1,1,1,1,3,1,4
SF,IH2002,2020-01-17 09:33:26.800,3061.4000,14442,-1,742172940.000,1,0,1,双平,S,3060.8000,3060.6000,3060.4000,3060.2000,3060.0000,3061.8000,3062.4000,3062.6000,3062.8000,3063.0000,6,2,3,1,2,3,1,4,2,3
SF,IH2002,2020-01-17 09:33:27.300,3061.4000,14442,0,742172940.000,0,-,-,-,-,3061.0000,3060.6000,3060.4000,3060.2000,3060.0000,3061.6000,3061.8000,3062.4000,3062.6000,3062.8000,2,2,3,1,2,2,2,1,4,2
SF,IH2002,2020-01-17 09:33:27.800,3061.4000,14441,-1,743091360.000,1,0,1,双平,S,3060.4000,3060.2000,3060.0000,3059.6000,3059.4000,3061.2000,3061.4000,3061.6000,3061.8000,3062.4000,3,1,2,1,1,2,2,1,2,1
SF,IH2002,2020-01-17 09:33:28.300,3061.4000,14441,0,743091360.000,0,-,-,-,-,3060.8000,3060.4000,3060.2000,3060.0000,3059.6000,3061.2000,3061.4000,3061.6000,3061.8000,3062.4000,1,4,1,2,1,2,2,1,2,1
SF,IH2002,2020-01-17 09:33:28.800,3061.4000,14441,0,744009780.000,1,0,1,多换,S,3060.8000,3060.4000,3060.2000,3060.0000,3059.6000,3061.2000,3061.6000,3061.8000,3062.4000,3062.6000,2,4,1,2,1,1,1,2,1,4
SF,IH2002,2020-01-17 09:33:29.300,3061.4000,14441,0,744009780.000,0,-,-,-,-,3060.8000,3060.4000,3060.2000,3060.0000,3059.6000,3061.0000,3061.2000,3061.6000,3061.8000,3062.4000,2,4,1,2,1,1,1,1,2,1
SF,IH2002,2020-01-17 09:33:29.800,3061.0000,14441,0,744928080.000,1,0,1,多换,S,3061.0000,3060.8000,3060.4000,3060.2000,3060.0000,3061.2000,3061.6000,3061.8000,3062.4000,3062.6000,2,2,4,1,2,1,1,2,1,4
SF,IH2002,2020-01-17 09:33:30.300,3061.2000,14440,-1,745846440.000,1,0,1,双平,S,3061.0000,3060.8000,3060.6000,3060.4000,3060.2000,3061.4000,3061.6000,3061.8000,3062.4000,3062.6000,2,2,3,4,1,1,1,2,1,4
SF,IH2002,2020-01-17 09:33:30.800,3061.2000,14440,0,745846440.000,0,-,-,-,-,3061.0000,3060.8000,3060.6000,3060.4000,3060.2000,3061.2000,3061.6000,3061.8000,3062.4000,3062.6000,2,2,4,4,1,1,1,2,1,4
SF,IH2002,2020-01-17 09:33:31.300,3061.0000,14441,1,747683040.000,2,1,1,空开,S,3061.0000,3060.8000,3060.6000,3060.4000,3060.2000,3061.2000,3061.4000,3061.6000,3061.8000,3062.0000,1,2,4,4,1,1,1,1,2,1
SF,IH2002,2020-01-17 09:33:31.800,3061.2000,14440,-1,749519700.000,2,0,2,多平,S,3060.8000,3060.6000,3060.4000,3060.2000,3060.0000,3061.4000,3061.6000,3061.8000,3062.0000,3062.4000,2,4,4,3,3,1,1,2,1,1
SF,IH2002,2020-01-17 09:33:32.300,3061.2000,14440,0,749519700.000,0,-,-,-,-,3060.8000,3060.6000,3060.4000,3060.2000,3060.0000,3061.0000,3061.2000,3061.4000,3061.6000,3061.8000,2,4,4,3,3,1,1,1,1,2
SF,IH2002,2020-01-17 09:33:32.800,3061.2000,14441,1,750438060.000,1,1,0,双开,S,3060.8000,3060.6000,3060.4000,3060.2000,3060.0000,3061.2000,3061.4000,3061.6000,3061.8000,3062.0000,3,4,4,3,3,1,1,1,2,1
SF,IH2002,2020-01-17 09:33:34.300,3060.8000,14439,-2,752274540.000,2,0,2,双平,S,3060.8000,3060.6000,3060.4000,3060.2000,3060.0000,3061.0000,3061.2000,3061.4000,3061.6000,3061.8000,1,4,4,3,3,12,2,1,1,2
SF,IH2002,2020-01-17 09:33:34.800,3060.6000,14439,0,754110960.000,2,1,1,多换,S,3060.6000,3060.4000,3060.2000,3060.0000,3059.6000,3060.8000,3061.0000,3061.2000,3061.4000,3061.6000,3,3,3,3,1,4,13,1,1,1
SF,IH2002,2020-01-17 09:33:35.300,3060.6000,14436,-3,756865500.000,3,0,3,双平,S,3060.4000,3060.2000,3060.0000,3059.6000,3059.4000,3060.6000,3060.8000,3061.0000,3061.2000,3061.4000,3,3,3,1,1,2,3,12,1,1
SF,IH2002,2020-01-17 09:33:35.800,3060.6000,14434,-2,758701800.000,2,0,2,双平,S,3060.4000,3060.2000,3060.0000,3059.6000,3059.4000,3060.8000,3061.0000,3061.2000,3061.4000,3061.6000,2,3,3,1,1,3,12,1,1,1
SF,IH2002,2020-01-17 09:33:36.300,3060.4000,14435,1,759619920.000,1,1,0,双开,S,3060.4000,3060.2000,3060.0000,3059.6000,3059.4000,3060.8000,3061.0000,3061.2000,3061.4000,3061.6000,1,3,3,1,1,9,12,1,1,1
SF,IH2002,2020-01-17 09:33:36.800,3060.4000,14434,-1,761456160.000,2,0,2,多平,S,3060.2000,3060.0000,3059.4000,3059.2000,3059.0000,3060.4000,3060.8000,3061.0000,3061.2000,3061.4000,3,3,1,1,1,2,8,12,1,1
SF,IH2002,2020-01-17 09:33:37.300,3060.4000,14433,-1,762374280.000,1,0,1,双平,S,3060.2000,3060.0000,3059.4000,3059.2000,3059.0000,3060.8000,3061.0000,3061.2000,3061.4000,3061.6000,3,3,1,1,1,9,12,1,1,1
SF,IH2002,2020-01-17 09:33:37.800,3060.8000,14432,-1,763292520.000,1,0,1,双平,S,3060.2000,3060.0000,3059.4000,3059.2000,3059.0000,3060.8000,3061.0000,3061.2000,3061.4000,3061.6000,3,3,1,1,1,8,12,1,1,1
SF,IH2002,2020-01-17 09:33:38.300,3060.4000,14431,-1,765128880.000,2,0,2,多平,S,3060.2000,3060.0000,3059.4000,3059.2000,3059.0000,3060.6000,3060.8000,3061.0000,3061.2000,3061.4000,3,3,1,1,1,1,8,12,1,1
SF,IH2002,2020-01-17 09:33:38.800,3060.8000,14432,1,766965300.000,2,1,1,空开,S,3060.2000,3060.0000,3059.4000,3059.2000,3059.0000,3060.8000,3061.0000,3061.2000,3061.4000,3061.8000,3,3,1,1,1,7,12,1,1,2
SF,IH2002,2020-01-17 09:33:39.300,3060.8000,14432,0,766965300.000,0,-,-,-,-,3060.2000,3060.0000,3059.4000,3059.2000,3059.0000,3060.4000,3060.8000,3061.0000,3061.2000,3061.8000,3,3,1,1,1,4,7,12,1,2
SF,IH2002,2020-01-17 09:33:39.800,3060.2000,14432,0,768801480.000,2,1,1,多换,S,3060.2000,3060.0000,3059.4000,3059.2000,3059.0000,3060.4000,3060.8000,3061.0000,3061.2000,3061.8000,2,3,1,1,1,1,7,12,1,2
SF,IH2002,2020-01-17 09:33:40.800,3060.4000,14433,1,771555720.000,3,2,1,空开,S,3060.2000,3060.0000,3059.4000,3059.2000,3059.0000,3060.8000,3061.0000,3061.2000,3061.8000,3062.0000,1,3,1,1,1,7,12,1,2,3
SF,IH2002,2020-01-17 09:33:41.300,3060.2000,14432,-1,772473780.000,1,0,1,双平,S,3060.0000,3059.4000,3059.2000,3059.0000,3058.8000,3060.8000,3061.0000,3061.2000,3061.8000,3062.0000,3,1,1,1,2,7,13,1,2,3
SF,IH2002,2020-01-17 09:33:41.800,3060.8000,14433,1,774310200.000,2,1,1,空开,S,3060.0000,3059.4000,3059.2000,3059.0000,3058.8000,3060.4000,3060.8000,3061.0000,3061.2000,3061.8000,3,1,1,1,2,1,6,13,1,2
SF,IH2002,2020-01-17 09:33:42.300,3060.8000,14434,1,776146560.000,2,1,1,空开,S,3060.4000,3060.0000,3059.4000,3059.2000,3059.0000,3060.8000,3061.0000,3061.2000,3061.8000,3062.0000,1,3,1,1,1,5,13,1,2,3
SF,IH2002,2020-01-17 09:33:42.800,3060.8000,14434,0,776146560.000,0,-,-,-,-,3060.4000,3060.0000,3059.4000,3059.2000,3059.0000,3060.8000,3061.0000,3061.2000,3061.8000,3062.0000,1,3,1,1,1,5,15,1,2,3
SF,IH2002,2020-01-17 09:33:43.300,3060.8000,14434,0,777064800.000,1,0,1,多换,S,3060.4000,3060.2000,3060.0000,3059.4000,3059.2000,3060.6000,3060.8000,3061.0000,3061.2000,3061.8000,1,1,3,1,1,11,5,4,1,2
SF,IH2002,2020-01-17 09:33:43.800,3060.4000,14434,0,777982920.000,1,0,1,多换,S,3060.2000,3060.0000,3059.4000,3059.2000,3059.0000,3060.6000,3060.8000,3061.0000,3061.2000,3061.8000,1,3,1,1,1,11,5,4,1,2
SF,IH2002,2020-01-17 09:33:44.300,3060.6000,14433,-1,779819160.000,2,0,2,多平,S,3060.2000,3060.0000,3059.4000,3059.2000,3059.0000,3060.6000,3060.8000,3061.0000,3061.2000,3061.8000,1,3,1,1,1,10,5,4,1,2
SF,IH2002,2020-01-17 09:33:44.800,3060.6000,14433,0,781655400.000,2,1,1,多换,S,3060.0000,3059.4000,3059.2000,3059.0000,3058.8000,3060.6000,3060.8000,3061.0000,3061.2000,3061.8000,3,1,1,1,2,9,6,4,1,2
SF,IH2002,2020-01-17 09:33:45.300,3060.6000,14433,0,781655400.000,0,-,-,-,-,3060.0000,3059.4000,3059.2000,3059.0000,3058.8000,3060.6000,3060.8000,3061.0000,3061.2000,3061.8000,3,1,1,1,2,9,5,4,1,2
SF,IH2002,2020-01-17 09:33:45.800,3060.6000,14433,0,782573580.000,1,0,1,多换,S,3060.2000,3060.0000,3059.4000,3059.2000,3059.0000,3060.6000,3060.8000,3061.0000,3061.2000,3061.8000,1,3,1,1,1,9,5,2,1,2
SF,IH2002,2020-01-17 09:33:46.300,3060.6000,14434,1,783491760.000,1,1,0,双开,S,3060.4000,3060.2000,3060.0000,3059.4000,3059.2000,3060.6000,3060.8000,3061.0000,3061.2000,3061.8000,4,1,3,1,1,8,5,2,1,2
SF,IH2002,2020-01-17 09:33:46.800,3060.8000,14437,3,791755440.000,9,6,3,空开,S,3060.4000,3060.2000,3060.0000,3059.4000,3059.2000,3060.8000,3061.0000,3061.2000,3061.8000,3062.0000,4,3,3,1,1,5,2,1,2,4
SF,IH2002,2020-01-17 09:33:47.300,3060.8000,14435,-2,796346640.000,5,1,4,多平,S,3060.8000,3060.6000,3060.4000,3060.2000,3060.0000,3061.0000,3061.2000,3061.8000,3062.0000,3062.4000,1,5,4,3,3,2,1,2,4,1
SF,IH2002,2020-01-17 09:33:47.800,3061.0000,14434,-1,799101540.000,3,1,2,多平,S,3060.8000,3060.6000,3060.4000,3060.2000,3060.0000,3061.2000,3061.8000,3062.0000,3062.4000,3062.6000,3,3,4,3,3,1,2,4,1,3
SF,IH2002,2020-01-17 09:33:48.300,3061.2000,14434,0,800019900.000,1,0,1,多换,S,3061.2000,3061.0000,3060.8000,3060.6000,3060.4000,3061.8000,3062.0000,3062.4000,3062.6000,3062.8000,2,2,3,3,4,2,4,1,3,1
SF,IH2002,2020-01-17 09:33:48.800,3061.2000,14434,0,800019900.000,0,-,-,-,-,3061.2000,3060.8000,3060.6000,3060.4000,3060.2000,3061.8000,3062.0000,3062.4000,3062.6000,3062.8000,1,2,3,4,5,2,5,1,3,1
SF,IH2002,2020-01-17 09:33:49.300,3061.2000,14434,0,800019900.000,0,-,-,-,-,3061.4000,3061.2000,3060.8000,3060.6000,3060.2000,3061.8000,3062.0000,3062.4000,3062.6000,3062.8000,1,1,2,3,5,2,5,1,3,1
SF,IH2002,2020-01-17 09:33:49.800,3061.8000,14433,-1,801856860.000,2,0,2,多平,S,3061.4000,3060.8000,3060.6000,3060.2000,3060.0000,3061.8000,3062.0000,3062.4000,3062.6000,3062.8000,2,2,3,5,3,1,5,1,3,1
SF,IH2002,2020-01-17 09:33:50.300,3061.4000,14432,-1,803693700.000,2,0,2,多平,S,3060.8000,3060.6000,3060.2000,3060.0000,3059.4000,3061.4000,3061.8000,3062.0000,3062.4000,3062.6000,2,3,5,3,1,1,1,5,1,3
SF,IH2002,2020-01-17 09:33:50.800,3061.0000,14432,0,804612000.000,1,0,1,多换,S,3060.8000,3060.6000,3060.2000,3060.0000,3059.4000,3061.4000,3061.8000,3062.0000,3062.4000,3062.6000,2,3,5,3,1,4,1,5,1,3
SF,IH2002,2020-01-17 09:33:51.300,3061.0000,14432,0,804612000.000,0,-,-,-,-,3061.0000,3060.8000,3060.6000,3060.2000,3060.0000,3061.4000,3061.8000,3062.0000,3062.4000,3062.6000,1,2,3,5,3,4,1,5,1,3
SF,IH2002,2020-01-17 09:33:51.800,3061.0000,14432,0,804612000.000,0,-,-,-,-,3061.0000,3060.8000,3060.6000,3060.2000,3060.0000,3061.4000,3061.6000,3061.8000,3062.0000,3062.4000,1,2,3,5,3,4,1,1,5,1
SF,IH2002,2020-01-17 09:33:52.300,3061.0000,14430,-2,807367140.000,3,0,3,多平,S,3060.8000,3060.6000,3060.2000,3060.0000,3059.4000,3061.4000,3061.6000,3061.8000,3062.0000,3062.4000,2,3,5,3,1,2,1,1,5,1
SF,IH2002,2020-01-17 09:33:52.800,3060.8000,14430,0,809203680.000,2,1,1,多换,S,3061.0000,3060.6000,3060.2000,3060.0000,3059.4000,3061.2000,3061.4000,3061.6000,3061.8000,3062.0000,1,3,5,3,1,1,2,1,1,5
SF,IH2002,2020-01-17 09:33:53.300,3061.0000,14429,-1,811040280.000,2,0,2,多平,S,3060.6000,3060.2000,3060.0000,3059.4000,3059.2000,3060.8000,3061.0000,3061.4000,3061.6000,3061.8000,3,5,3,1,1,3,1,2,1,1
SF,IH2002,2020-01-17 09:33:53.800,3061.0000,14429,0,811040280.000,0,-,-,-,-,3060.6000,3060.2000,3060.0000,3059.4000,3059.2000,3061.0000,3061.4000,3061.6000,3061.8000,3062.0000,3,5,3,1,1,2,2,1,1,5
SF,IH2002,2020-01-17 09:33:54.300,3061.0000,14428,-1,811958580.000,1,0,1,双平,S,3060.2000,3060.0000,3059.4000,3059.2000,3059.0000,3061.4000,3061.6000,3061.8000,3062.0000,3062.4000,5,3,1,1,1,2,1,1,5,1
SF,IH2002,2020-01-17 09:33:54.800,3061.0000,14428,0,811958580.000,0,-,-,-,-,3060.4000,3060.2000,3060.0000,3059.4000,3059.2000,3061.2000,3061.4000,3061.6000,3061.8000,3062.0000,1,5,3,1,1,4,2,1,1,5
SF,IH2002,2020-01-17 09:33:55.300,3061.0000,14428,0,811958580.000,0,-,-,-,-,3060.2000,3060.0000,3059.4000,3059.2000,3059.0000,3060.8000,3061.2000,3061.4000,3061.6000,3061.8000,5,3,1,1,1,1,4,2,1,1
SF,IH2002,2020-01-17 09:33:55.800,3061.0000,14428,0,812876880.000,1,0,1,多换,S,3060.6000,3060.2000,3060.0000,3059.4000,3059.2000,3061.2000,3061.4000,3061.6000,3061.8000,3062.0000,1,5,3,1,1,3,2,1,1,5
SF,IH2002,2020-01-17 09:33:56.300,3061.4000,14427,-1,813795300.000,1,0,1,双平,S,3060.6000,3060.2000,3060.0000,3059.4000,3059.2000,3060.8000,3061.4000,3061.6000,3061.8000,3062.0000,2,8,4,1,1,1,1,1,1,5
SF,IH2002,2020-01-17 09:33:56.800,3060.8000,14427,0,814713540.000,1,0,1,多换,S,3060.8000,3060.6000,3060.2000,3060.0000,3059.4000,3061.4000,3061.6000,3061.8000,3062.0000,3062.4000,1,2,8,4,1,1,2,1,5,2
SF,IH2002,2020-01-17 09:33:57.300,3061.4000,14426,-1,816550200.000,2,0,2,多平,S,3060.6000,3060.2000,3060.0000,3059.4000,3059.2000,3061.6000,3061.8000,3062.0000,3062.4000,3062.6000,2,8,4,1,1,2,1,5,2,3
SF,IH2002,2020-01-17 09:33:57.800,3061.4000,14426,0,816550200.000,0,-,-,-,-,3060.6000,3060.2000,3060.0000,3059.4000,3059.2000,3061.4000,3061.6000,3061.8000,3062.0000,3062.4000,2,8,4,1,1,4,3,1,5,2
SF,IH2002,2020-01-17 09:33:58.300,3061.4000,14426,0,817468620.000,1,0,1,多换,S,3060.6000,3060.2000,3060.0000,3059.4000,3059.2000,3061.4000,3061.6000,3061.8000,3062.0000,3062.4000,2,8,4,1,1,4,3,1,5,2
SF,IH2002,2020-01-17 09:33:58.800,3061.4000,14426,0,817468620.000,0,-,-,-,-,3060.6000,3060.2000,3060.0000,3059.4000,3059.2000,3061.4000,3061.6000,3061.8000,3062.0000,3062.4000,2,8,4,1,1,2,3,1,5,2
SF,IH2002,2020-01-17 09:33:59.300,3061.4000,14426,0,817468620.000,0,-,-,-,-,3060.6000,3060.2000,3060.0000,3059.4000,3059.2000,3061.4000,3061.6000,3061.8000,3062.0000,3062.4000,2,8,4,1,1,2,3,1,5,2
SF,IH2002,2020-01-17 09:33:59.800,3061.4000,14426,0,817468620.000,0,-,-,-,-,3060.6000,3060.2000,3060.0000,3059.4000,3059.2000,3061.4000,3061.6000,3061.8000,3062.0000,3062.4000,2,8,4,1,1,2,3,1,5,2
SF,IH2002,2020-01-17 09:34:00.300,3061.4000,14426,0,817468620.000,0,-,-,-,-,3060.8000,3060.6000,3060.2000,3060.0000,3059.4000,3061.2000,3061.4000,3061.6000,3061.8000,3062.0000,1,2,8,4,1,1,1,3,1,5
SF,IH2002,2020-01-17 09:34:00.800,3061.4000,14426,0,817468620.000,0,-,-,-,-,3060.6000,3060.2000,3060.0000,3059.4000,3059.2000,3060.8000,3061.0000,3061.2000,3061.4000,3061.6000,2,8,4,1,1,4,2,1,1,3
SF,IH2002,2020-01-17 09:34:01.300,3061.0000,14426,0,822978180.000,6,3,3,多换,S,3061.0000,3060.8000,3060.6000,3060.2000,3060.0000,3061.2000,3061.4000,3061.6000,3061.8000,3062.0000,2,3,2,8,4,1,2,3,1,5
SF,IH2002,2020-01-17 09:34:01.800,3061.0000,14424,-2,827569680.000,5,1,4,多平,S,3060.8000,3060.6000,3060.2000,3060.0000,3059.4000,3061.2000,3061.4000,3061.6000,3062.0000,3062.4000,1,2,8,4,1,9,2,3,5,3
SF,IH2002,2020-01-17 09:34:02.300,3060.8000,14423,-1,828487920.000,1,0,1,双平,S,3060.6000,3060.2000,3060.0000,3059.4000,3059.2000,3060.8000,3061.0000,3061.2000,3061.4000,3061.6000,2,8,4,1,1,2,2,11,2,3
SF,IH2002,2020-01-17 09:34:02.800,3060.6000,14423,0,829406100.000,1,0,1,多换,S,3060.6000,3060.2000,3060.0000,3059.4000,3059.2000,3061.0000,3061.2000,3061.4000,3061.6000,3062.0000,1,8,4,1,1,1,11,2,3,5
SF,IH2002,2020-01-17 09:34:03.300,3060.6000,14423,0,830324280.000,1,0,1,多换,S,3060.2000,3060.0000,3059.4000,3059.2000,3059.0000,3060.6000,3060.8000,3061.0000,3061.2000,3061.4000,8,4,1,1,2,3,1,1,11,2
SF,IH2002,2020-01-17 09:34:03.800,3060.6000,14423,0,830324280.000,0,-,-,-,-,3060.2000,3060.0000,3059.4000,3059.2000,3059.0000,3060.6000,3060.8000,3061.0000,3061.4000,3061.6000,8,4,1,1,2,6,7,1,3,2
SF,IH2002,2020-01-17 09:34:04.300,3060.2000,14425,2,835832640.000,6,4,2,空开,S,3060.2000,3060.0000,3059.4000,3059.2000,3059.0000,3060.6000,3060.8000,3061.0000,3061.4000,3061.6000,2,4,1,1,2,6,1,1,2,2
SF,IH2002,2020-01-17 09:34:04.800,3060.0000,14425,0,838586760.000,3,1,2,多换,S,3060.0000,3059.4000,3059.2000,3059.0000,3058.8000,3060.2000,3060.4000,3060.6000,3060.8000,3061.4000,3,1,1,2,2,8,3,4,2,2
SF,IH2002,2020-01-17 09:34:05.300,3059.4000,14426,1,842258580.000,4,2,2,空开,S,3059.2000,3059.0000,3058.8000,3058.6000,3058.0000,3060.2000,3060.4000,3060.6000,3060.8000,3061.4000,1,2,2,1,1,1,3,3,2,2
SF,IH2002,2020-01-17 09:34:05.800,3060.0000,14427,1,844094400.000,2,1,1,空开,S,3059.4000,3059.2000,3059.0000,3058.8000,3058.6000,3060.2000,3060.6000,3060.8000,3061.4000,3061.6000,2,3,3,2,1,1,3,2,2,2
SF,IH2002,2020-01-17 09:34:06.300,3060.0000,14427,0,844094400.000,0,-,-,-,-,3060.0000,3059.6000,3059.4000,3059.2000,3059.0000,3060.2000,3060.4000,3060.6000,3060.8000,3061.4000,1,1,3,3,3,1,2,3,2,2
SF,IH2002,2020-01-17 09:34:06.800,3060.0000,14427,0,844094400.000,0,-,-,-,-,3060.0000,3059.2000,3059.0000,3058.8000,3058.6000,3060.2000,3060.4000,3060.6000,3060.8000,3061.4000,1,3,3,2,1,1,2,3,2,2
SF,IH2002,2020-01-17 09:34:07.300,3060.0000,14426,-1,845012400.000,1,0,1,双平,S,3060.0000,3059.2000,3059.0000,3058.8000,3058.6000,3060.2000,3060.4000,3060.6000,3060.8000,3061.4000,1,2,3,2,1,1,2,3,2,2
SF,IH2002,2020-01-17 09:34:07.800,3060.0000,14425,-1,845930400.000,1,0,1,双平,S,3059.6000,3059.2000,3059.0000,3058.8000,3058.6000,3060.0000,3060.2000,3060.4000,3060.6000,3060.8000,1,3,3,2,1,1,1,2,3,1
SF,IH2002,2020-01-17 09:34:08.300,3060.2000,14423,-2,848684460.000,3,0,3,多平,S,3060.0000,3059.8000,3059.6000,3059.2000,3059.0000,3060.2000,3060.4000,3060.6000,3060.8000,3061.4000,15,4,1,3,3,1,2,3,1,2
SF,IH2002,2020-01-17 09:34:08.800,3060.6000,14421,-2,854193300.000,6,2,4,多平,S,3060.4000,3060.2000,3060.0000,3059.8000,3059.6000,3060.8000,3061.4000,3061.6000,3062.0000,3062.4000,3,9,4,2,1,1,2,2,5,3
SF,IH2002,2020-01-17 09:34:09.300,3061.2000,14422,1,856029900.000,2,1,1,空开,S,3060.8000,3060.6000,3060.4000,3060.2000,3060.0000,3061.4000,3061.6000,3062.0000,3062.4000,3062.6000,4,1,4,5,4,2,2,5,3,1
SF,IH2002,2020-01-17 09:34:09.800,3061.2000,14422,0,856029900.000,0,-,-,-,-,3060.6000,3060.4000,3060.2000,3060.0000,3059.8000,3061.4000,3061.6000,3062.0000,3062.4000,3062.6000,1,2,4,3,2,2,3,5,3,1
SF,IH2002,2020-01-17 09:34:10.300,3061.2000,14422,0,856029900.000,0,-,-,-,-,3061.0000,3060.8000,3060.6000,3060.4000,3060.2000,3061.2000,3061.4000,3061.6000,3061.8000,3062.0000,1,1,2,2,5,1,2,2,1,5
SF,IH2002,2020-01-17 09:34:10.800,3061.2000,14422,0,857866560.000,2,1,1,多换,S,3060.6000,3060.4000,3060.2000,3060.0000,3059.8000,3061.4000,3061.6000,3061.8000,3062.0000,3062.4000,1,1,5,3,1,2,2,1,5,2
SF,IH2002,2020-01-17 09:34:11.300,3060.8000,14423,1,858784800.000,1,1,0,双开,S,3060.6000,3060.4000,3060.2000,3060.0000,3059.8000,3061.2000,3061.4000,3061.6000,3061.8000,3062.0000,1,1,5,3,1,1,1,2,1,5
SF,IH2002,2020-01-17 09:34:11.800,3061.2000,14423,0,859703160.000,1,0,1,多换,S,3060.6000,3060.4000,3060.2000,3060.0000,3059.8000,3061.4000,3061.6000,3061.8000,3062.0000,3062.4000,1,1,5,3,1,1,2,1,5,2
SF,IH2002,2020-01-17 09:34:12.300,3061.2000,14423,0,859703160.000,0,-,-,-,-,3060.6000,3060.4000,3060.2000,3060.0000,3059.8000,3061.0000,3061.4000,3061.6000,3061.8000,3062.0000,1,1,5,4,1,1,1,2,1,5
SF,IH2002,2020-01-17 09:34:12.800,3061.0000,14423,0,860621460.000,1,0,1,多换,S,3061.0000,3060.4000,3060.2000,3060.0000,3059.6000,3061.4000,3061.6000,3061.8000,3062.0000,3062.4000,2,1,5,4,1,1,2,1,5,2
SF,IH2002,2020-01-17 09:34:13.300,3061.0000,14423,0,860621460.000,0,-,-,-,-,3061.2000,3060.4000,3060.2000,3060.0000,3059.6000,3061.4000,3061.6000,3061.8000,3062.0000,3062.4000,1,1,5,4,1,1,2,1,5,2
SF,IH2002,2020-01-17 09:34:13.800,3060.8000,14423,0,863376420.000,3,1,2,多换,S,3060.4000,3060.2000,3060.0000,3059.6000,3059.2000,3061.2000,3061.4000,3061.6000,3061.8000,3062.0000,1,5,4,1,3,1,10,2,2,5
SF,IH2002,2020-01-17 09:34:14.300,3060.8000,14423,0,863376420.000,0,-,-,-,-,3060.6000,3060.4000,3060.2000,3060.0000,3059.6000,3061.2000,3061.4000,3061.6000,3061.8000,3062.0000,1,2,5,4,1,1,10,2,2,5
SF,IH2002,2020-01-17 09:34:14.800,3060.8000,14423,0,863376420.000,0,-,-,-,-,3060.8000,3060.6000,3060.4000,3060.2000,3060.0000,3061.2000,3061.4000,3061.6000,3061.8000,3062.0000,4,1,2,5,6,1,10,2,2,5
SF,IH2002,2020-01-17 09:34:15.300,3061.0000,14423,0,866131320.000,3,1,2,多换,S,3061.0000,3060.4000,3060.2000,3060.0000,3059.6000,3061.2000,3061.4000,3061.6000,3061.8000,3062.0000,1,2,5,6,1,1,1,2,2,5
SF,IH2002,2020-01-17 09:34:15.800,3061.2000,14425,2,868886280.000,3,2,1,空开,S,3061.2000,3060.4000,3060.2000,3060.0000,3059.6000,3061.4000,3061.6000,3061.8000,3062.0000,3062.4000,2,2,5,6,1,1,2,2,5,2
SF,IH2002,2020-01-17 09:34:16.300,3061.2000,14425,0,870723000.000,2,1,1,多换,S,3060.4000,3060.2000,3060.0000,3059.6000,3059.2000,3061.2000,3061.4000,3061.6000,3061.8000,3062.0000,2,4,5,1,3,1,1,2,2,5
SF,IH2002,2020-01-17 09:34:16.800,3061.2000,14426,1,871641360.000,1,1,0,双开,S,3060.6000,3060.4000,3060.2000,3060.0000,3059.6000,3061.2000,3061.4000,3061.6000,3061.8000,3062.0000,1,3,4,5,1,1,1,2,2,5
