市场代码,合约代码,时间,最新,持仓,增仓,成交额,成交量,开仓,平仓,成交类型,方向,买一价,买二价,买三价,买四价,买五价,卖一价,卖二价,卖三价,卖四价,卖五价,买一量,买二量,买三量,买四量,买五量,卖一量,卖二量,卖三量,卖四量,卖五量
SF,IH2009,2020-02-21 09:29:00.300,2936.8000,4344,0,881040.000,1.000,-,-,-,-,2931.0000,2930.0000,2924.0000,2921.6000,2920.2000,2937.0000,2939.0000,2939.6000,2941.8000,2950.0000,1,1,3,2,1,2,1,1,2,2
SF,IH2009,2020-02-21 09:30:00.300,2936.8000,4344,0,881040.000,0,-,-,-,-,2932.0000,2931.2000,2931.0000,2930.0000,2929.0000,2935.8000,2936.8000,2937.0000,2939.0000,2939.6000,1,5,1,1,2,2,1,1,1,1
SF,IH2009,2020-02-21 09:30:00.800,2932.0000,4343,-1,1760640.000,1,0,1,双平,S,2931.2000,2931.0000,2930.0000,2929.0000,2924.0000,2935.8000,2937.0000,2939.6000,2941.8000,2950.0000,5,1,1,2,3,2,1,1,2,2
SF,IH2009,2020-02-21 09:30:01.300,2932.0000,4343,0,1760640.000,0,-,-,-,-,2931.4000,2931.2000,2931.0000,2930.0000,2929.0000,2935.6000,2935.8000,2936.0000,2937.0000,2939.6000,1,5,1,1,2,1,2,1,1,1
SF,IH2009,2020-02-21 09:30:01.800,2932.0000,4343,0,1760640.000,0,-,-,-,-,2931.4000,2931.2000,2931.0000,2930.0000,2929.0000,2935.6000,2935.8000,2936.0000,2937.0000,2937.4000,2,5,1,1,2,1,2,1,1,5
SF,IH2009,2020-02-21 09:30:02.300,2932.0000,4343,0,1760640.000,0,-,-,-,-,2932.0000,2931.4000,2931.2000,2931.0000,2930.0000,2935.6000,2935.8000,2936.0000,2937.0000,2937.4000,1,2,5,1,1,1,2,1,1,5
SF,IH2009,2020-02-21 09:30:02.800,2932.0000,4343,0,1760640.000,0,-,-,-,-,2932.0000,2931.4000,2931.2000,2931.0000,2930.0000,2935.6000,2935.8000,2936.0000,2937.0000,2937.4000,1,1,5,1,1,1,2,1,1,5
SF,IH2009,2020-02-21 09:30:03.300,2932.0000,4343,0,1760640.000,0,-,-,-,-,2932.0000,2931.4000,2931.2000,2931.0000,2930.0000,2935.6000,2935.8000,2936.0000,2937.0000,2937.4000,2,1,5,1,1,1,2,1,1,5
SF,IH2009,2020-02-21 09:30:03.800,2932.0000,4343,0,1760640.000,0,-,-,-,-,2932.0000,2931.4000,2931.2000,2931.0000,2930.0000,2935.6000,2935.8000,2936.0000,2937.0000,2941.2000,2,1,5,1,1,1,2,1,1,5
SF,IH2009,2020-02-21 09:30:04.300,2932.0000,4343,0,1760640.000,0,-,-,-,-,2932.0000,2931.2000,2931.0000,2930.0000,2929.4000,2935.6000,2935.8000,2936.0000,2937.0000,2941.2000,2,5,1,1,1,1,2,1,1,5
SF,IH2009,2020-02-21 09:30:04.800,2932.0000,4343,0,1760640.000,0,-,-,-,-,2932.0000,2931.2000,2931.0000,2930.0000,2929.4000,2935.0000,2935.6000,2935.8000,2936.0000,2937.0000,2,5,1,1,1,1,1,2,1,1
SF,IH2009,2020-02-21 09:30:05.300,2932.0000,4343,0,1760640.000,0,-,-,-,-,2932.0000,2931.2000,2931.0000,2930.0000,2929.4000,2934.8000,2935.0000,2935.8000,2936.0000,2937.0000,2,5,1,1,1,1,1,2,1,1
SF,IH2009,2020-02-21 09:30:07.300,2934.8000,4343,0,2641080.000,1,0,1,多换,S,2932.2000,2932.0000,2931.2000,2931.0000,2930.0000,2935.0000,2935.8000,2936.0000,2937.0000,2941.2000,1,3,5,1,1,1,2,1,1,5
SF,IH2009,2020-02-21 09:30:07.800,2932.2000,4343,0,3520740.000,1,0,1,多换,S,2932.0000,2931.2000,2931.0000,2930.0000,2929.4000,2934.8000,2935.0000,2935.8000,2936.0000,2937.0000,3,5,1,1,1,1,1,2,1,1
SF,IH2009,2020-02-21 09:30:08.800,2932.2000,4343,0,3520740.000,0,-,-,-,-,2932.2000,2932.0000,2931.2000,2931.0000,2930.0000,2934.8000,2935.0000,2936.0000,2937.0000,2941.2000,1,3,5,1,1,1,1,1,1,5
SF,IH2009,2020-02-21 09:30:09.300,2932.2000,4343,0,3520740.000,0,-,-,-,-,2932.0000,2931.2000,2931.0000,2930.0000,2929.4000,2934.8000,2935.0000,2936.0000,2937.0000,2941.2000,3,5,1,1,1,1,1,1,1,5
SF,IH2009,2020-02-21 09:30:10.800,2932.2000,4343,0,3520740.000,0,-,-,-,-,2932.2000,2932.0000,2931.2000,2931.0000,2930.0000,2934.8000,2935.0000,2936.0000,2937.0000,2941.2000,1,3,5,1,1,1,1,1,1,5
SF,IH2009,2020-02-21 09:30:11.300,2932.2000,4343,0,3520740.000,0,-,-,-,-,2932.4000,2932.2000,2932.0000,2931.2000,2931.0000,2934.8000,2935.0000,2936.0000,2937.0000,2941.2000,1,1,2,5,1,1,1,1,1,5
SF,IH2009,2020-02-21 09:30:11.800,2934.8000,4343,0,4401180.000,1,0,1,多换,S,2932.6000,2932.4000,2932.2000,2932.0000,2931.2000,2935.0000,2936.0000,2937.0000,2941.2000,2950.0000,2,1,1,2,5,1,1,1,5,2
SF,IH2009,2020-02-21 09:30:12.300,2935.0000,4342,-1,5281680.000,1,0,1,双平,S,2932.8000,2932.6000,2932.4000,2932.2000,2932.0000,2936.0000,2937.0000,2941.2000,2950.0000,2951.2000,1,2,1,1,2,1,1,5,2,1
SF,IH2009,2020-02-21 09:30:12.800,2935.0000,4342,0,5281680.000,0,-,-,-,-,2933.0000,2932.8000,2932.6000,2932.2000,2932.0000,2936.0000,2937.0000,2941.2000,2950.0000,2951.2000,2,1,1,1,2,1,1,5,2,1
SF,IH2009,2020-02-21 09:30:13.300,2935.0000,4342,0,5281680.000,0,-,-,-,-,2933.0000,2932.6000,2932.2000,2932.0000,2931.2000,2935.8000,2936.0000,2937.0000,2941.2000,2950.0000,2,1,1,2,5,1,1,1,5,2
SF,IH2009,2020-02-21 09:30:14.800,2935.0000,4342,0,5281680.000,0,-,-,-,-,2933.2000,2933.0000,2932.6000,2932.2000,2932.0000,2936.0000,2937.0000,2941.2000,2950.0000,2951.2000,1,2,1,1,2,1,1,5,2,1
SF,IH2009,2020-02-21 09:30:15.300,2935.0000,4342,0,5281680.000,0,-,-,-,-,2933.4000,2933.2000,2933.0000,2932.6000,2932.2000,2936.0000,2937.0000,2945.0000,2950.0000,2951.2000,2,1,1,1,1,1,1,5,2,1
SF,IH2009,2020-02-21 09:30:15.800,2935.0000,4342,0,5281680.000,0,-,-,-,-,2933.4000,2933.0000,2932.6000,2932.2000,2932.0000,2935.8000,2936.0000,2937.0000,2945.0000,2950.0000,2,1,1,1,2,1,1,1,5,2
SF,IH2009,2020-02-21 09:30:16.800,2935.0000,4342,0,5281680.000,0,-,-,-,-,2933.4000,2933.0000,2932.6000,2932.2000,2932.0000,2935.8000,2936.0000,2937.0000,2945.0000,2950.0000,2,1,1,1,2,1,1,1,5,2
SF,IH2009,2020-02-21 09:30:17.300,2935.0000,4342,0,5281680.000,0,-,-,-,-,2933.6000,2933.4000,2933.0000,2932.6000,2932.2000,2936.0000,2937.0000,2945.0000,2950.0000,2951.2000,1,2,1,1,1,1,1,5,2,1
SF,IH2009,2020-02-21 09:30:17.800,2935.0000,4342,0,5281680.000,0,-,-,-,-,2933.8000,2933.6000,2933.4000,2933.0000,2932.6000,2936.0000,2937.0000,2945.0000,2950.0000,2951.2000,1,1,1,1,2,1,1,5,2,1
SF,IH2009,2020-02-21 09:30:18.300,2935.0000,4342,0,5281680.000,0,-,-,-,-,2933.8000,2932.6000,2932.2000,2932.0000,2931.2000,2935.8000,2936.0000,2937.0000,2945.0000,2950.0000,1,2,1,2,6,1,1,1,5,2
SF,IH2009,2020-02-21 09:30:18.800,2935.0000,4342,0,5281680.000,0,-,-,-,-,2933.8000,2932.6000,2932.2000,2932.0000,2931.2000,2935.8000,2936.0000,2937.0000,2945.0000,2950.0000,1,2,1,2,6,1,1,1,5,2
SF,IH2009,2020-02-21 09:30:21.300,2933.8000,4342,0,6161820.000,1,0,1,多换,S,2932.6000,2932.2000,2932.0000,2931.2000,2931.0000,2935.8000,2936.0000,2937.0000,2945.0000,2950.0000,2,1,2,6,1,1,1,1,5,2
SF,IH2009,2020-02-21 09:30:21.800,2933.8000,4342,0,6161820.000,0,-,-,-,-,2934.0000,2932.8000,2932.6000,2932.2000,2932.0000,2936.0000,2937.0000,2945.0000,2950.0000,2951.2000,2,2,2,1,2,1,1,5,2,1
SF,IH2009,2020-02-21 09:30:22.300,2933.8000,4342,0,6161820.000,0,-,-,-,-,2934.0000,2932.8000,2932.6000,2932.2000,2932.0000,2936.0000,2937.0000,2945.0000,2950.0000,2951.2000,2,1,2,1,2,1,1,5,2,1
SF,IH2009,2020-02-21 09:30:22.800,2933.8000,4342,0,6161820.000,0,-,-,-,-,2934.2000,2934.0000,2932.8000,2932.6000,2932.2000,2936.0000,2937.0000,2945.0000,2950.0000,2951.2000,1,3,1,2,1,1,1,5,2,1
SF,IH2009,2020-02-21 09:30:23.300,2933.8000,4342,0,6161820.000,0,-,-,-,-,2934.2000,2934.0000,2932.6000,2932.2000,2932.0000,2936.0000,2937.0000,2945.0000,2950.0000,2951.2000,1,3,2,1,2,1,1,5,2,1
SF,IH2009,2020-02-21 09:30:23.800,2933.8000,4342,0,6161820.000,0,-,-,-,-,2934.2000,2934.0000,2932.6000,2932.2000,2932.0000,2936.0000,2937.0000,2945.0000,2950.0000,2951.0000,1,3,2,1,2,1,1,5,2,1
SF,IH2009,2020-02-21 09:30:24.300,2933.8000,4342,0,6161820.000,0,-,-,-,-,2934.0000,2932.6000,2932.2000,2932.0000,2931.2000,2935.8000,2936.0000,2937.0000,2945.0000,2950.0000,2,2,1,2,6,1,1,1,5,2
SF,IH2009,2020-02-21 09:30:25.300,2933.8000,4342,0,6161820.000,0,-,-,-,-,2934.2000,2934.0000,2932.6000,2932.2000,2932.0000,2936.0000,2937.0000,2945.0000,2950.0000,2951.0000,1,2,2,1,2,1,1,5,2,1
SF,IH2009,2020-02-21 09:30:25.800,2933.8000,4342,0,6161820.000,0,-,-,-,-,2934.2000,2934.0000,2932.6000,2932.2000,2932.0000,2936.0000,2937.0000,2945.0000,2950.0000,2951.0000,1,2,2,1,2,1,1,5,2,1
SF,IH2009,2020-02-21 09:30:26.300,2933.8000,4342,0,6161820.000,0,-,-,-,-,2934.0000,2932.6000,2932.2000,2932.0000,2931.2000,2935.8000,2936.0000,2937.0000,2945.0000,2950.0000,2,2,1,2,6,1,1,1,5,2
SF,IH2009,2020-02-21 09:30:26.800,2933.8000,4342,0,6161820.000,0,-,-,-,-,2934.0000,2932.6000,2932.2000,2932.0000,2931.2000,2935.8000,2936.0000,2937.0000,2945.0000,2950.0000,2,2,1,2,6,1,1,1,5,2
SF,IH2009,2020-02-21 09:30:27.300,2933.8000,4342,0,6161820.000,0,-,-,-,-,2934.2000,2934.0000,2932.6000,2932.2000,2932.0000,2936.0000,2937.0000,2945.0000,2950.0000,2951.0000,1,2,2,1,2,1,1,5,2,1
SF,IH2009,2020-02-21 09:30:27.800,2933.8000,4342,0,6161820.000,0,-,-,-,-,2934.2000,2934.0000,2932.6000,2932.2000,2932.0000,2936.0000,2937.0000,2945.0000,2950.0000,2951.0000,1,2,2,1,2,1,1,5,2,1
SF,IH2009,2020-02-21 09:30:28.300,2933.8000,4342,0,6161820.000,0,-,-,-,-,2934.0000,2932.6000,2932.2000,2932.0000,2931.2000,2935.8000,2936.0000,2937.0000,2945.0000,2950.0000,3,2,1,2,6,1,1,1,5,2
SF,IH2009,2020-02-21 09:30:29.300,2933.8000,4342,0,6161820.000,0,-,-,-,-,2934.2000,2934.0000,2932.6000,2932.2000,2932.0000,2936.0000,2937.0000,2945.0000,2950.0000,2951.0000,1,3,1,1,2,1,1,5,2,1
SF,IH2009,2020-02-21 09:30:30.800,2933.8000,4342,0,6161820.000,0,-,-,-,-,2934.0000,2932.6000,2932.2000,2932.0000,2931.2000,2935.8000,2936.0000,2937.0000,2945.0000,2950.0000,3,1,1,2,6,1,1,1,5,2
SF,IH2009,2020-02-21 09:30:31.300,2933.8000,4342,0,6161820.000,0,-,-,-,-,2934.0000,2932.6000,2932.2000,2932.0000,2931.2000,2935.8000,2936.0000,2937.0000,2945.0000,2950.0000,3,1,1,1,6,1,1,1,5,2
SF,IH2009,2020-02-21 09:30:31.800,2933.8000,4342,0,6161820.000,0,-,-,-,-,2934.2000,2934.0000,2932.6000,2932.2000,2932.0000,2935.8000,2936.0000,2937.0000,2945.0000,2950.0000,1,3,1,1,1,1,1,1,5,2
SF,IH2009,2020-02-21 09:30:32.800,2935.8000,4342,0,7042560.000,1,0,1,多换,S,2934.2000,2934.0000,2932.6000,2932.2000,2932.0000,2935.8000,2936.0000,2937.0000,2945.0000,2950.0000,1,3,1,1,1,2,1,1,5,2
SF,IH2009,2020-02-21 09:30:33.300,2935.8000,4342,0,7042560.000,0,-,-,-,-,2934.2000,2934.0000,2932.6000,2932.2000,2932.0000,2936.0000,2937.0000,2945.0000,2950.0000,2951.0000,1,3,1,1,1,1,1,5,2,1
SF,IH2009,2020-02-21 09:30:33.800,2935.8000,4342,0,7042560.000,0,-,-,-,-,2934.0000,2932.6000,2932.2000,2932.0000,2931.2000,2936.0000,2937.0000,2945.0000,2950.0000,2951.0000,3,1,1,1,6,1,1,5,2,1
SF,IH2009,2020-02-21 09:30:34.300,2935.8000,4342,0,7042560.000,0,-,-,-,-,2934.4000,2934.0000,2932.6000,2932.2000,2932.0000,2936.0000,2937.0000,2945.0000,2950.0000,2951.0000,1,3,1,1,1,1,1,5,2,1
SF,IH2009,2020-02-21 09:30:34.800,2935.8000,4342,0,7042560.000,0,-,-,-,-,2934.4000,2934.0000,2933.0000,2932.6000,2932.2000,2936.0000,2937.0000,2945.0000,2950.0000,2951.0000,1,3,1,1,1,1,1,5,2,1
SF,IH2009,2020-02-21 09:30:35.300,2935.8000,4342,0,7042560.000,0,-,-,-,-,2934.4000,2934.0000,2933.0000,2932.6000,2932.2000,2936.0000,2937.0000,2945.0000,2950.0000,2951.0000,1,3,1,1,1,1,1,5,2,1
SF,IH2009,2020-02-21 09:30:35.800,2935.8000,4342,0,7042560.000,0,-,-,-,-,2934.0000,2933.0000,2932.6000,2932.2000,2932.0000,2936.0000,2937.0000,2945.0000,2950.0000,2951.0000,3,1,1,1,1,1,1,5,2,1
SF,IH2009,2020-02-21 09:30:36.300,2935.8000,4342,0,7042560.000,0,-,-,-,-,2934.6000,2934.0000,2933.0000,2932.6000,2932.2000,2936.0000,2937.0000,2945.0000,2950.0000,2951.0000,1,3,1,1,1,1,1,5,2,1
SF,IH2009,2020-02-21 09:30:39.300,2935.8000,4342,0,7042560.000,0,-,-,-,-,2934.6000,2934.0000,2933.0000,2932.6000,2932.2000,2936.0000,2937.0000,2945.0000,2950.0000,2951.0000,1,3,1,1,1,1,1,5,2,1
SF,IH2009,2020-02-21 09:30:39.800,2935.8000,4342,0,7042560.000,0,-,-,-,-,2934.6000,2934.0000,2933.0000,2932.6000,2932.2000,2936.0000,2937.0000,2945.0000,2950.0000,2951.0000,1,3,1,1,1,1,1,5,2,1
SF,IH2009,2020-02-21 09:30:40.300,2935.8000,4342,0,7042560.000,0,-,-,-,-,2934.6000,2934.0000,2933.0000,2932.6000,2932.2000,2936.0000,2937.0000,2945.0000,2950.0000,2951.0000,1,3,1,1,1,1,1,5,2,1
SF,IH2009,2020-02-21 09:30:40.800,2936.0000,4341,-1,7923360.000,1,0,1,双平,S,2934.6000,2934.0000,2933.0000,2932.6000,2932.2000,2937.0000,2945.0000,2950.0000,2951.0000,2951.2000,1,3,1,1,1,1,5,2,1,1
SF,IH2009,2020-02-21 09:30:41.300,2936.0000,4341,0,7923360.000,0,-,-,-,-,2935.4000,2934.8000,2934.6000,2934.0000,2933.0000,2937.0000,2945.0000,2950.0000,2951.0000,2951.2000,1,1,1,3,1,1,5,2,1,1
SF,IH2009,2020-02-21 09:30:41.800,2936.0000,4341,0,7923360.000,0,-,-,-,-,2935.4000,2934.8000,2934.0000,2933.0000,2932.6000,2937.0000,2945.0000,2950.0000,2951.0000,2951.2000,1,1,3,1,1,1,5,2,1,1
SF,IH2009,2020-02-21 09:30:42.300,2936.0000,4341,0,7923360.000,0,-,-,-,-,2935.6000,2935.4000,2934.8000,2934.0000,2933.0000,2937.0000,2945.0000,2950.0000,2951.0000,2951.2000,1,1,1,3,1,1,5,2,1,1
SF,IH2009,2020-02-21 09:30:42.800,2936.0000,4341,0,7923360.000,0,-,-,-,-,2935.6000,2935.4000,2934.8000,2934.0000,2933.0000,2937.0000,2945.0000,2950.0000,2951.0000,2951.2000,1,1,1,3,1,1,5,2,1,1
SF,IH2009,2020-02-21 09:30:43.300,2936.0000,4341,0,7923360.000,0,-,-,-,-,2935.4000,2934.8000,2934.0000,2933.0000,2932.6000,2937.0000,2945.0000,2950.0000,2951.0000,2951.2000,1,1,2,1,1,1,5,2,1,1
SF,IH2009,2020-02-21 09:30:43.800,2936.0000,4341,0,7923360.000,0,-,-,-,-,2935.4000,2934.0000,2933.0000,2932.6000,2932.2000,2937.0000,2945.0000,2950.0000,2951.0000,2951.2000,1,2,1,1,1,1,5,2,1,1
SF,IH2009,2020-02-21 09:30:44.300,2936.0000,4341,0,7923360.000,0,-,-,-,-,2935.6000,2935.4000,2934.0000,2933.0000,2932.6000,2937.0000,2945.0000,2950.0000,2951.0000,2951.2000,1,1,2,1,1,1,5,2,1,1
SF,IH2009,2020-02-21 09:30:45.300,2936.0000,4341,0,7923360.000,0,-,-,-,-,2935.4000,2934.0000,2933.0000,2932.6000,2932.2000,2937.0000,2945.0000,2950.0000,2951.0000,2951.2000,1,2,1,1,1,1,5,2,1,1
SF,IH2009,2020-02-21 09:30:45.800,2936.0000,4341,0,7923360.000,0,-,-,-,-,2935.4000,2934.0000,2933.0000,2932.6000,2932.2000,2937.0000,2945.0000,2950.0000,2951.0000,2951.2000,1,2,1,1,1,1,5,2,1,1
SF,IH2009,2020-02-21 09:30:46.300,2936.0000,4341,0,7923360.000,0,-,-,-,-,2935.6000,2935.4000,2934.0000,2933.0000,2932.6000,2937.0000,2945.0000,2950.0000,2951.0000,2951.2000,1,1,2,1,1,1,5,2,1,1
SF,IH2009,2020-02-21 09:30:47.300,2936.0000,4341,0,7923360.000,0,-,-,-,-,2935.4000,2934.0000,2933.0000,2932.6000,2932.2000,2937.0000,2945.0000,2950.0000,2951.0000,2951.2000,1,2,1,1,1,1,5,2,1,1
SF,IH2009,2020-02-21 09:30:47.800,2936.0000,4341,0,7923360.000,0,-,-,-,-,2935.4000,2935.2000,2934.0000,2933.0000,2932.6000,2937.0000,2945.0000,2950.0000,2951.0000,2951.2000,1,1,2,1,1,1,5,2,1,1
SF,IH2009,2020-02-21 09:30:48.300,2936.0000,4341,0,7923360.000,0,-,-,-,-,2935.6000,2935.4000,2935.2000,2934.0000,2933.0000,2937.0000,2945.0000,2950.0000,2951.0000,2951.2000,1,1,1,2,1,1,5,2,1,1
SF,IH2009,2020-02-21 09:30:48.800,2936.0000,4341,0,7923360.000,0,-,-,-,-,2935.6000,2935.4000,2935.2000,2934.0000,2933.0000,2937.0000,2945.0000,2950.0000,2951.0000,2951.2000,1,1,1,2,1,1,5,2,1,1
SF,IH2009,2020-02-21 09:30:49.300,2936.0000,4341,0,7923360.000,0,-,-,-,-,2935.4000,2935.2000,2934.0000,2933.0000,2932.6000,2937.0000,2945.0000,2950.0000,2951.0000,2951.2000,1,1,2,1,1,1,5,2,1,1
SF,IH2009,2020-02-21 09:30:50.800,2936.0000,4341,0,7923360.000,0,-,-,-,-,2935.6000,2935.4000,2935.2000,2934.0000,2933.0000,2937.0000,2945.0000,2950.0000,2951.0000,2951.2000,1,1,1,2,1,1,5,2,1,1
SF,IH2009,2020-02-21 09:30:51.300,2937.0000,4341,0,8804460.000,1,0,1,多换,S,2935.6000,2935.4000,2935.2000,2934.0000,2933.0000,2945.0000,2950.0000,2951.0000,2951.2000,2955.0000,1,1,1,2,1,5,2,1,1,2
SF,IH2009,2020-02-21 09:30:51.800,2937.0000,4341,0,8804460.000,0,-,-,-,-,2935.8000,2935.4000,2935.2000,2934.0000,2933.0000,2940.0000,2944.0000,2944.4000,2944.8000,2945.0000,1,1,1,2,1,3,3,1,3,5
SF,IH2009,2020-02-21 09:30:52.300,2937.0000,4341,0,8804460.000,0,-,-,-,-,2935.8000,2935.4000,2935.2000,2934.0000,2933.0000,2939.8000,2940.0000,2944.0000,2944.4000,2944.8000,1,1,1,2,1,1,3,3,1,1
SF,IH2009,2020-02-21 09:30:52.800,2937.0000,4341,0,8804460.000,0,-,-,-,-,2935.8000,2935.4000,2935.2000,2934.0000,2932.6000,2939.8000,2940.0000,2944.0000,2944.4000,2944.8000,1,1,1,2,1,1,3,3,1,1
SF,IH2009,2020-02-21 09:30:53.300,2937.0000,4341,0,8804460.000,0,-,-,-,-,2935.4000,2935.2000,2934.0000,2932.6000,2932.2000,2939.8000,2940.0000,2944.0000,2944.4000,2944.8000,1,1,2,1,1,1,3,3,1,1
SF,IH2009,2020-02-21 09:30:53.800,2937.0000,4341,0,8804460.000,0,-,-,-,-,2935.4000,2935.2000,2934.0000,2932.6000,2932.2000,2939.8000,2940.0000,2944.0000,2944.4000,2944.8000,1,1,2,1,1,1,3,3,1,1
SF,IH2009,2020-02-21 09:30:54.300,2937.0000,4341,0,8804460.000,0,-,-,-,-,2935.4000,2935.2000,2934.0000,2932.6000,2932.2000,2939.8000,2940.0000,2944.0000,2944.4000,2944.8000,1,1,2,1,1,1,3,3,1,1
SF,IH2009,2020-02-21 09:30:54.800,2939.6000,4342,1,13213860.000,5,3,2,空开,S,2935.4000,2935.2000,2934.0000,2932.6000,2932.2000,2939.8000,2940.0000,2944.0000,2944.4000,2944.8000,1,1,2,1,1,1,3,3,1,1
SF,IH2009,2020-02-21 09:30:55.300,2939.6000,4342,0,13213860.000,0,-,-,-,-,2935.4000,2935.2000,2934.0000,2932.6000,2932.2000,2939.8000,2940.0000,2944.0000,2944.4000,2944.8000,1,1,2,1,1,1,3,3,1,1
SF,IH2009,2020-02-21 09:30:55.800,2939.6000,4342,0,13213860.000,0,-,-,-,-,2935.4000,2935.2000,2934.0000,2932.6000,2932.2000,2939.8000,2940.0000,2944.0000,2944.4000,2944.8000,1,1,2,1,1,1,3,3,1,1
SF,IH2009,2020-02-21 09:30:56.300,2939.6000,4342,0,13213860.000,0,-,-,-,-,2935.4000,2935.2000,2934.0000,2932.6000,2932.2000,2939.4000,2939.8000,2940.0000,2944.0000,2944.4000,1,1,2,1,1,1,1,3,3,1
SF,IH2009,2020-02-21 09:30:56.800,2939.6000,4342,0,13213860.000,0,-,-,-,-,2935.4000,2935.2000,2934.0000,2932.6000,2932.2000,2939.2000,2939.4000,2940.0000,2944.0000,2944.4000,1,1,2,1,1,1,1,3,3,1
SF,IH2009,2020-02-21 09:30:57.800,2939.6000,4342,0,13213860.000,0,-,-,-,-,2935.4000,2935.2000,2934.0000,2933.2000,2932.6000,2939.2000,2939.4000,2940.0000,2944.0000,2944.4000,1,1,2,1,1,1,2,3,3,1
SF,IH2009,2020-02-21 09:30:58.300,2939.6000,4342,0,13213860.000,0,-,-,-,-,2935.4000,2935.2000,2934.0000,2933.2000,2932.6000,2935.8000,2939.2000,2939.4000,2940.0000,2944.0000,1,1,2,1,1,2,1,3,1,3
SF,IH2009,2020-02-21 09:30:58.800,2935.6000,4342,0,14975220.000,2,1,1,多换,S,2935.4000,2935.2000,2934.0000,2933.2000,2932.6000,2939.0000,2939.2000,2939.4000,2940.0000,2944.4000,1,1,2,1,1,1,1,3,1,1
SF,IH2009,2020-02-21 09:30:59.300,2935.4000,4342,0,15855840.000,1,0,1,多换,S,2935.2000,2934.0000,2933.2000,2932.6000,2932.2000,2939.0000,2939.4000,2940.0000,2944.4000,2944.8000,1,2,1,1,1,1,2,1,1,1
SF,IH2009,2020-02-21 09:30:59.800,2935.4000,4342,0,15855840.000,0,-,-,-,-,2935.2000,2934.0000,2933.2000,2932.6000,2932.2000,2938.8000,2939.4000,2940.0000,2944.4000,2944.8000,1,2,1,1,1,1,2,1,1,1
SF,IH2009,2020-02-21 09:31:00.300,2935.4000,4342,0,15855840.000,0,-,-,-,-,2935.4000,2935.2000,2934.0000,2933.2000,2932.6000,2938.8000,2939.4000,2940.0000,2944.4000,2944.8000,1,1,2,1,1,1,2,1,1,1
SF,IH2009,2020-02-21 09:31:00.800,2935.4000,4342,0,15855840.000,0,-,-,-,-,2935.2000,2934.0000,2933.2000,2932.6000,2932.2000,2938.6000,2938.8000,2939.4000,2940.0000,2944.4000,1,2,1,1,1,2,1,1,1,1
SF,IH2009,2020-02-21 09:31:01.800,2938.6000,4342,0,16737420.000,1,0,1,多换,S,2935.2000,2934.0000,2933.2000,2932.6000,2932.2000,2938.2000,2938.6000,2939.4000,2940.0000,2944.4000,1,2,1,1,1,1,1,1,1,1
SF,IH2009,2020-02-21 09:31:02.300,2938.6000,4342,0,16737420.000,0,-,-,-,-,2935.4000,2935.2000,2934.0000,2933.2000,2932.6000,2938.2000,2938.6000,2939.4000,2940.0000,2944.4000,2,1,2,1,1,1,1,1,1,1
SF,IH2009,2020-02-21 09:31:02.800,2938.6000,4342,0,16737420.000,0,-,-,-,-,2935.4000,2935.2000,2934.0000,2933.2000,2932.6000,2938.0000,2938.2000,2939.4000,2940.0000,2944.4000,2,2,1,1,1,1,1,1,1,1
SF,IH2009,2020-02-21 09:31:03.300,2938.6000,4342,0,16737420.000,0,-,-,-,-,2935.4000,2935.2000,2934.0000,2933.2000,2932.6000,2938.0000,2939.4000,2940.0000,2944.4000,2944.8000,1,2,1,1,1,2,1,1,1,1
SF,IH2009,2020-02-21 09:31:03.800,2938.6000,4342,0,16737420.000,0,-,-,-,-,2935.2000,2934.0000,2933.2000,2932.6000,2932.2000,2935.8000,2937.8000,2938.0000,2939.4000,2940.0000,2,1,1,1,1,2,1,2,1,1
SF,IH2009,2020-02-21 09:31:04.300,2935.4000,4342,0,17618040.000,1,0,1,多换,S,2935.2000,2934.0000,2933.2000,2932.6000,2932.0000,2935.8000,2937.8000,2938.0000,2939.4000,2940.0000,2,1,1,1,1,2,2,1,1,1
SF,IH2009,2020-02-21 09:31:05.300,2935.2000,4342,0,19379160.000,2,1,1,多换,S,2934.0000,2933.2000,2932.6000,2932.0000,2931.2000,2935.8000,2937.8000,2938.0000,2939.4000,2940.0000,1,1,1,1,1,2,2,1,1,1
SF,IH2009,2020-02-21 09:31:05.800,2935.2000,4342,0,19379160.000,0,-,-,-,-,2934.2000,2934.0000,2933.2000,2932.6000,2932.0000,2935.8000,2937.8000,2938.0000,2939.4000,2940.0000,1,1,1,1,1,2,1,1,1,1
SF,IH2009,2020-02-21 09:31:06.300,2935.2000,4342,0,19379160.000,0,-,-,-,-,2934.2000,2934.0000,2933.2000,2932.6000,2932.0000,2935.8000,2937.8000,2938.0000,2939.4000,2940.0000,1,1,1,1,1,2,1,2,1,1
SF,IH2009,2020-02-21 09:31:07.300,2935.2000,4342,0,19379160.000,0,-,-,-,-,2934.0000,2933.2000,2932.6000,2932.0000,2931.2000,2935.8000,2937.8000,2938.0000,2939.4000,2940.0000,1,1,1,1,1,2,1,2,1,1
SF,IH2009,2020-02-21 09:31:07.800,2935.2000,4342,0,19379160.000,0,-,-,-,-,2934.0000,2933.2000,2932.6000,2932.0000,2931.2000,2935.8000,2937.8000,2938.0000,2939.4000,2940.0000,1,1,1,1,1,2,1,1,1,1
SF,IH2009,2020-02-21 09:31:08.300,2935.2000,4342,0,19379160.000,0,-,-,-,-,2934.2000,2934.0000,2933.2000,2932.6000,2932.0000,2935.6000,2935.8000,2937.8000,2938.0000,2939.4000,1,1,1,1,1,1,2,1,1,1
SF,IH2009,2020-02-21 09:31:08.800,2935.2000,4342,0,19379160.000,0,-,-,-,-,2934.2000,2934.0000,2933.2000,2932.6000,2932.0000,2935.8000,2937.8000,2938.0000,2939.4000,2940.0000,1,1,1,1,1,2,1,1,1,1
SF,IH2009,2020-02-21 09:31:09.300,2935.2000,4342,0,19379160.000,0,-,-,-,-,2934.0000,2933.2000,2932.6000,2932.0000,2931.2000,2935.8000,2937.8000,2938.0000,2939.4000,2940.0000,1,1,1,1,1,2,1,1,1,1
SF,IH2009,2020-02-21 09:31:09.800,2935.2000,4342,0,19379160.000,0,-,-,-,-,2934.4000,2934.0000,2933.2000,2932.6000,2932.0000,2935.8000,2937.8000,2938.0000,2939.4000,2940.0000,1,1,1,1,1,2,1,1,1,1
SF,IH2009,2020-02-21 09:31:10.300,2935.2000,4342,0,19379160.000,0,-,-,-,-,2934.4000,2934.0000,2933.2000,2932.6000,2932.0000,2935.8000,2937.8000,2938.0000,2939.4000,2940.0000,1,1,1,1,1,2,1,1,1,1
SF,IH2009,2020-02-21 09:31:10.800,2935.2000,4342,0,19379160.000,0,-,-,-,-,2934.4000,2934.0000,2933.2000,2932.6000,2932.0000,2935.6000,2935.8000,2937.8000,2938.0000,2939.4000,1,1,1,1,1,1,2,1,1,1
SF,IH2009,2020-02-21 09:31:11.300,2935.2000,4342,0,19379160.000,0,-,-,-,-,2935.0000,2934.0000,2933.2000,2932.6000,2932.0000,2935.4000,2935.6000,2935.8000,2937.8000,2938.0000,1,1,1,1,1,1,1,2,1,1
SF,IH2009,2020-02-21 09:31:11.800,2934.0000,4341,-1,21139860.000,2,0,2,多平,S,2933.2000,2932.6000,2932.0000,2931.2000,2931.0000,2935.0000,2935.4000,2935.6000,2935.8000,2937.8000,1,1,1,1,1,1,1,1,2,1
SF,IH2009,2020-02-21 09:31:12.300,2934.0000,4341,0,21139860.000,0,-,-,-,-,2933.4000,2933.2000,2932.6000,2932.0000,2931.2000,2935.6000,2935.8000,2937.8000,2938.0000,2940.0000,2,1,1,1,1,1,2,1,1,1
SF,IH2009,2020-02-21 09:31:12.800,2933.4000,4340,-1,22019880.000,1,0,1,双平,S,2933.4000,2933.2000,2932.6000,2932.0000,2931.2000,2935.4000,2935.6000,2935.8000,2938.0000,2940.0000,1,1,1,1,1,1,1,2,1,1
SF,IH2009,2020-02-21 09:31:13.300,2933.4000,4340,0,22019880.000,0,-,-,-,-,2933.4000,2933.2000,2932.6000,2932.0000,2931.2000,2935.4000,2935.6000,2938.0000,2940.0000,2941.2000,1,1,1,1,1,1,1,1,1,5
SF,IH2009,2020-02-21 09:31:13.800,2933.4000,4340,0,22019880.000,0,-,-,-,-,2933.4000,2933.2000,2932.6000,2932.0000,2931.2000,2935.4000,2935.6000,2938.0000,2940.0000,2941.2000,2,1,1,1,1,1,1,1,1,5
SF,IH2009,2020-02-21 09:31:14.300,2933.4000,4340,0,22019880.000,0,-,-,-,-,2933.4000,2933.2000,2932.6000,2932.0000,2931.2000,2935.4000,2935.6000,2938.0000,2940.0000,2941.2000,1,1,1,1,1,1,1,1,1,5
SF,IH2009,2020-02-21 09:31:15.300,2933.4000,4340,0,22019880.000,0,-,-,-,-,2933.6000,2933.4000,2933.2000,2932.6000,2932.0000,2935.4000,2935.6000,2938.0000,2940.0000,2941.2000,1,1,1,1,1,1,1,1,1,5
SF,IH2009,2020-02-21 09:31:15.800,2933.4000,4340,0,22019880.000,0,-,-,-,-,2933.6000,2933.4000,2933.2000,2932.6000,2932.0000,2935.4000,2935.6000,2938.0000,2940.0000,2941.2000,1,1,1,1,1,1,1,1,1,5
SF,IH2009,2020-02-21 09:31:16.300,2935.4000,4340,0,22900500.000,1,0,1,多换,S,2933.6000,2933.4000,2933.2000,2932.6000,2932.0000,2935.6000,2938.0000,2940.0000,2941.2000,2944.8000,1,1,1,1,1,1,1,1,5,1
SF,IH2009,2020-02-21 09:31:16.800,2935.6000,4339,-1,23781180.000,1,0,1,双平,S,2933.6000,2933.4000,2933.2000,2932.6000,2932.0000,2938.0000,2940.0000,2941.2000,2944.8000,2950.0000,1,1,1,1,1,1,1,5,1,2
SF,IH2009,2020-02-21 09:31:17.300,2935.6000,4339,0,23781180.000,0,-,-,-,-,2933.8000,2933.6000,2933.4000,2933.2000,2932.6000,2937.8000,2938.0000,2940.0000,2941.2000,2944.8000,1,1,1,1,1,1,1,1,5,1
SF,IH2009,2020-02-21 09:31:17.800,2935.6000,4339,0,23781180.000,0,-,-,-,-,2934.0000,2933.8000,2933.6000,2933.4000,2933.2000,2937.8000,2938.0000,2940.0000,2941.2000,2944.8000,1,1,1,1,1,1,1,1,5,1
SF,IH2009,2020-02-21 09:31:18.300,2935.6000,4339,0,23781180.000,0,-,-,-,-,2934.2000,2934.0000,2933.4000,2933.2000,2932.6000,2937.8000,2938.0000,2940.0000,2941.2000,2944.8000,1,1,1,1,1,1,1,1,5,1
SF,IH2009,2020-02-21 09:31:18.800,2935.6000,4339,0,23781180.000,0,-,-,-,-,2934.4000,2934.2000,2934.0000,2933.4000,2933.2000,2937.8000,2938.0000,2940.0000,2941.2000,2944.8000,1,1,1,1,1,1,1,1,5,1
SF,IH2009,2020-02-21 09:31:19.300,2935.6000,4339,0,23781180.000,0,-,-,-,-,2934.6000,2934.4000,2934.0000,2933.4000,2933.2000,2937.8000,2938.0000,2940.0000,2941.2000,2944.8000,1,1,1,1,1,1,1,1,5,1
SF,IH2009,2020-02-21 09:31:19.800,2937.8000,4338,-1,24662520.000,1,0,1,双平,S,2934.6000,2934.4000,2934.0000,2933.4000,2933.2000,2940.0000,2941.2000,2944.8000,2950.0000,2951.0000,1,1,1,1,1,1,5,1,2,1
SF,IH2009,2020-02-21 09:31:20.300,2937.8000,4338,0,24662520.000,0,-,-,-,-,2934.6000,2934.0000,2933.4000,2933.2000,2932.6000,2940.0000,2941.2000,2944.8000,2950.0000,2951.0000,1,1,1,1,1,3,5,1,2,1
SF,IH2009,2020-02-21 09:31:20.800,2937.8000,4338,0,24662520.000,0,-,-,-,-,2934.8000,2934.6000,2934.0000,2933.4000,2933.2000,2939.0000,2940.0000,2941.2000,2950.0000,2951.0000,1,1,1,1,1,1,3,5,2,1
SF,IH2009,2020-02-21 09:31:21.300,2937.8000,4338,0,24662520.000,0,-,-,-,-,2935.0000,2934.8000,2934.0000,2933.4000,2933.2000,2939.0000,2940.0000,2941.2000,2950.0000,2951.0000,1,1,1,1,1,1,3,5,2,1
SF,IH2009,2020-02-21 09:31:23.300,2937.8000,4338,0,24662520.000,0,-,-,-,-,2935.2000,2935.0000,2934.8000,2934.0000,2933.4000,2939.0000,2940.0000,2941.2000,2950.0000,2951.0000,1,1,1,1,1,1,3,5,2,1
SF,IH2009,2020-02-21 09:31:23.800,2935.4000,4338,0,25543140.000,1,0,1,多换,S,2935.2000,2935.0000,2934.0000,2933.4000,2933.2000,2938.8000,2939.0000,2940.0000,2941.2000,2950.0000,1,1,1,1,1,1,1,3,5,1
SF,IH2009,2020-02-21 09:31:24.300,2935.4000,4338,0,25543140.000,0,-,-,-,-,2935.4000,2935.0000,2934.0000,2933.4000,2933.2000,2938.8000,2939.0000,2940.0000,2941.2000,2950.0000,1,1,1,1,1,1,1,3,5,1
SF,IH2009,2020-02-21 09:31:24.800,2935.4000,4338,0,25543140.000,0,-,-,-,-,2935.4000,2935.0000,2934.0000,2933.4000,2933.2000,2938.6000,2938.8000,2939.0000,2940.0000,2941.2000,1,1,1,1,1,1,1,1,3,5
SF,IH2009,2020-02-21 09:31:25.300,2935.4000,4338,0,25543140.000,0,-,-,-,-,2935.0000,2934.0000,2933.4000,2933.2000,2932.6000,2938.4000,2938.6000,2939.0000,2940.0000,2941.2000,1,1,1,1,1,1,1,1,3,5
SF,IH2009,2020-02-21 09:31:25.800,2935.4000,4338,0,25543140.000,0,-,-,-,-,2935.6000,2935.0000,2934.8000,2934.0000,2933.4000,2938.2000,2938.4000,2938.6000,2940.0000,2941.2000,2,1,1,1,1,2,1,1,3,5
SF,IH2009,2020-02-21 09:31:26.300,2935.4000,4338,0,25543140.000,0,-,-,-,-,2935.6000,2935.0000,2934.8000,2934.0000,2933.4000,2938.0000,2938.2000,2938.6000,2940.0000,2941.2000,2,1,1,1,1,1,2,1,3,5
SF,IH2009,2020-02-21 09:31:26.800,2935.4000,4338,0,25543140.000,0,-,-,-,-,2935.6000,2935.0000,2934.8000,2933.4000,2933.2000,2938.0000,2938.2000,2938.6000,2940.0000,2941.2000,1,1,1,1,1,1,1,1,3,5
SF,IH2009,2020-02-21 09:31:27.300,2935.4000,4338,0,25543140.000,0,-,-,-,-,2935.6000,2935.0000,2934.8000,2933.4000,2933.2000,2938.0000,2938.2000,2938.6000,2939.6000,2940.0000,1,1,1,1,1,1,1,1,1,2
SF,IH2009,2020-02-21 09:31:27.800,2935.4000,4338,0,25543140.000,0,-,-,-,-,2935.6000,2935.0000,2934.8000,2933.4000,2933.2000,2938.0000,2938.2000,2938.6000,2939.6000,2940.0000,1,1,1,1,1,1,1,1,1,2
SF,IH2009,2020-02-21 09:31:28.300,2935.4000,4338,0,25543140.000,0,-,-,-,-,2935.6000,2935.0000,2934.8000,2933.4000,2933.2000,2938.0000,2938.2000,2938.6000,2939.6000,2940.0000,1,1,1,1,1,1,1,1,1,2
SF,IH2009,2020-02-21 09:31:28.800,2935.4000,4338,0,25543140.000,0,-,-,-,-,2935.6000,2935.0000,2934.8000,2933.4000,2933.2000,2938.0000,2938.2000,2938.6000,2940.0000,2945.0000,1,1,1,1,1,1,1,1,2,5
SF,IH2009,2020-02-21 09:31:29.300,2935.4000,4338,0,25543140.000,0,-,-,-,-,2935.6000,2935.0000,2934.8000,2933.4000,2933.2000,2938.0000,2938.2000,2938.6000,2940.0000,2945.0000,1,1,1,1,1,1,1,1,2,5
SF,IH2009,2020-02-21 09:31:29.800,2935.4000,4338,0,25543140.000,0,-,-,-,-,2935.6000,2935.0000,2934.8000,2933.4000,2933.2000,2938.0000,2938.2000,2938.6000,2940.0000,2945.0000,1,1,1,1,1,1,1,1,2,5
SF,IH2009,2020-02-21 09:31:30.300,2938.0000,4339,1,26424540.000,1,1,0,双开,S,2935.8000,2935.6000,2935.0000,2934.8000,2933.4000,2940.0000,2945.0000,2950.0000,2951.0000,2951.2000,1,1,1,1,1,2,5,1,1,1
SF,IH2009,2020-02-21 09:31:30.800,2938.0000,4339,0,26424540.000,0,-,-,-,-,2936.0000,2935.8000,2935.6000,2935.0000,2934.8000,2945.0000,2950.0000,2951.0000,2951.2000,2954.4000,1,2,1,1,1,5,1,1,1,1
SF,IH2009,2020-02-21 09:31:31.300,2938.0000,4339,0,26424540.000,0,-,-,-,-,2936.2000,2936.0000,2935.8000,2935.0000,2934.8000,2944.2000,2944.6000,2945.0000,2950.0000,2951.0000,2,1,1,1,1,2,1,5,1,1
SF,IH2009,2020-02-21 09:31:31.800,2938.0000,4339,0,26424540.000,0,-,-,-,-,2936.4000,2936.2000,2935.8000,2935.0000,2934.8000,2944.0000,2944.2000,2944.6000,2945.0000,2950.0000,1,2,1,1,1,1,2,1,5,1
SF,IH2009,2020-02-21 09:31:32.300,2938.0000,4339,0,26424540.000,0,-,-,-,-,2936.6000,2936.4000,2936.2000,2936.0000,2935.8000,2942.2000,2944.0000,2944.2000,2944.6000,2945.0000,1,3,1,1,1,1,1,2,1,5
SF,IH2009,2020-02-21 09:31:32.800,2938.0000,4339,0,26424540.000,0,-,-,-,-,2936.6000,2936.4000,2936.2000,2936.0000,2935.8000,2940.0000,2942.0000,2942.2000,2944.0000,2944.6000,1,1,1,1,1,2,1,1,1,1
SF,IH2009,2020-02-21 09:31:33.300,2938.0000,4339,0,26424540.000,0,-,-,-,-,2936.8000,2936.6000,2936.4000,2936.0000,2935.8000,2940.0000,2942.0000,2942.2000,2944.0000,2944.6000,1,1,1,1,1,2,1,1,1,1
SF,IH2009,2020-02-21 09:31:33.800,2938.0000,4339,0,26424540.000,0,-,-,-,-,2937.0000,2936.8000,2936.0000,2935.8000,2935.0000,2940.0000,2942.0000,2942.2000,2944.0000,2944.6000,1,1,1,1,1,3,1,1,1,1
SF,IH2009,2020-02-21 09:31:34.300,2938.0000,4339,0,26424540.000,0,-,-,-,-,2937.0000,2936.0000,2935.0000,2934.8000,2933.4000,2940.0000,2942.0000,2942.2000,2944.0000,2944.6000,1,1,1,1,1,3,1,1,1,1
SF,IH2009,2020-02-21 09:31:34.800,2938.0000,4339,0,26424540.000,0,-,-,-,-,2937.0000,2936.0000,2935.0000,2934.8000,2934.0000,2939.8000,2940.0000,2942.0000,2942.2000,2944.0000,1,1,1,1,1,1,3,1,1,1
SF,IH2009,2020-02-21 09:31:35.300,2940.0000,4335,-4,29952480.000,4,0,4,双平,S,2937.0000,2936.0000,2935.0000,2934.8000,2934.0000,2942.0000,2942.2000,2944.0000,2944.6000,2945.0000,1,1,1,1,1,1,1,1,1,5
SF,IH2009,2020-02-21 09:31:35.800,2940.0000,4335,0,29952480.000,0,-,-,-,-,2937.2000,2937.0000,2936.0000,2935.0000,2934.8000,2942.0000,2942.2000,2944.0000,2944.6000,2945.0000,1,1,1,1,1,1,1,1,1,5
SF,IH2009,2020-02-21 09:31:36.300,2940.0000,4335,0,29952480.000,0,-,-,-,-,2937.4000,2937.2000,2936.0000,2935.0000,2934.8000,2942.0000,2942.2000,2944.0000,2944.6000,2945.0000,1,1,1,1,1,1,1,1,1,5
SF,IH2009,2020-02-21 09:31:36.800,2940.0000,4335,0,29952480.000,0,-,-,-,-,2937.4000,2936.0000,2935.0000,2934.8000,2934.0000,2942.0000,2942.2000,2944.0000,2944.6000,2945.0000,1,1,3,1,1,1,1,1,1,5
SF,IH2009,2020-02-21 09:31:37.300,2940.0000,4335,0,29952480.000,0,-,-,-,-,2937.4000,2936.0000,2935.0000,2934.8000,2934.0000,2941.8000,2942.0000,2944.0000,2944.6000,2945.0000,1,1,3,1,1,2,1,1,1,5
SF,IH2009,2020-02-21 09:31:37.800,2940.0000,4335,0,29952480.000,0,-,-,-,-,2937.6000,2937.4000,2936.0000,2935.0000,2934.8000,2941.6000,2941.8000,2942.0000,2944.6000,2945.0000,1,1,1,3,1,1,1,1,1,5
SF,IH2009,2020-02-21 09:31:38.300,2940.0000,4335,0,29952480.000,0,-,-,-,-,2937.8000,2937.6000,2936.0000,2935.0000,2934.8000,2941.2000,2941.6000,2942.0000,2944.6000,2945.0000,1,1,1,3,1,1,1,1,1,5
SF,IH2009,2020-02-21 09:31:38.800,2940.0000,4335,0,29952480.000,0,-,-,-,-,2937.8000,2935.0000,2934.8000,2934.0000,2933.4000,2941.0000,2941.2000,2941.6000,2944.6000,2945.0000,1,3,1,1,1,1,1,1,1,5
SF,IH2009,2020-02-21 09:31:39.300,2941.0000,4335,0,30834780.000,1,0,1,多换,S,2938.0000,2937.8000,2935.0000,2934.8000,2934.0000,2941.2000,2941.6000,2944.6000,2945.0000,2949.0000,1,1,3,1,1,1,1,1,5,1
SF,IH2009,2020-02-21 09:31:39.800,2941.0000,4334,-1,31717080.000,1,0,1,双平,S,2938.2000,2938.0000,2936.2000,2935.0000,2934.8000,2940.8000,2944.6000,2945.0000,2949.0000,2950.0000,1,2,1,3,1,1,1,5,1,1
SF,IH2009,2020-02-21 09:31:40.300,2941.0000,4334,0,31717080.000,0,-,-,-,-,2938.4000,2938.2000,2938.0000,2936.2000,2935.0000,2940.8000,2944.6000,2945.0000,2949.0000,2950.0000,2,1,2,1,3,1,1,5,1,1
SF,IH2009,2020-02-21 09:31:40.800,2938.6000,4332,-2,33480240.000,2,0,2,双平,S,2938.6000,2938.4000,2938.0000,2936.2000,2935.0000,2940.6000,2944.6000,2945.0000,2949.0000,2950.0000,1,2,2,1,3,1,1,5,1,1
SF,IH2009,2020-02-21 09:31:41.300,2938.6000,4332,0,33480240.000,0,-,-,-,-,2938.6000,2938.4000,2938.0000,2936.2000,2935.0000,2940.4000,2944.6000,2945.0000,2949.0000,2950.0000,1,2,2,1,3,1,1,5,1,1
SF,IH2009,2020-02-21 09:31:41.800,2938.6000,4332,0,33480240.000,0,-,-,-,-,2938.6000,2938.4000,2938.0000,2936.2000,2935.0000,2944.6000,2945.0000,2949.0000,2950.0000,2951.0000,1,2,2,1,3,1,5,1,1,1
SF,IH2009,2020-02-21 09:31:42.300,2938.6000,4332,0,33480240.000,0,-,-,-,-,2938.6000,2938.4000,2938.0000,2936.2000,2935.0000,2944.6000,2945.0000,2949.0000,2950.0000,2951.0000,1,2,1,1,3,1,5,1,1,1
SF,IH2009,2020-02-21 09:31:42.800,2938.6000,4332,0,33480240.000,0,-,-,-,-,2938.6000,2938.4000,2938.0000,2936.2000,2935.0000,2943.6000,2944.6000,2945.0000,2949.0000,2950.0000,1,1,1,1,3,1,1,5,1,1
SF,IH2009,2020-02-21 09:31:43.300,2938.6000,4332,0,33480240.000,0,-,-,-,-,2938.8000,2938.6000,2938.4000,2938.0000,2936.2000,2943.2000,2943.4000,2943.6000,2944.6000,2945.0000,1,1,1,1,1,1,1,1,1,5
SF,IH2009,2020-02-21 09:31:43.800,2938.6000,4332,0,33480240.000,0,-,-,-,-,2939.0000,2938.8000,2938.4000,2938.0000,2936.2000,2942.6000,2943.2000,2943.4000,2944.6000,2945.0000,1,1,1,1,1,1,1,1,1,5
SF,IH2009,2020-02-21 09:31:44.300,2938.6000,4332,0,33480240.000,0,-,-,-,-,2939.2000,2939.0000,2938.8000,2938.4000,2938.0000,2942.6000,2943.2000,2944.6000,2945.0000,2949.0000,1,1,1,1,1,1,1,1,5,1
SF,IH2009,2020-02-21 09:31:44.800,2938.6000,4332,0,33480240.000,0,-,-,-,-,2939.4000,2939.2000,2938.8000,2938.4000,2938.0000,2942.6000,2943.2000,2944.6000,2945.0000,2949.0000,1,2,1,1,1,1,1,1,5,1
SF,IH2009,2020-02-21 09:31:45.300,2938.6000,4332,0,33480240.000,0,-,-,-,-,2939.4000,2939.2000,2938.4000,2938.0000,2936.2000,2942.6000,2943.2000,2944.6000,2945.0000,2949.0000,1,2,1,1,1,1,1,1,5,1
SF,IH2009,2020-02-21 09:31:45.800,2938.6000,4332,0,33480240.000,0,-,-,-,-,2939.6000,2939.4000,2939.2000,2938.4000,2938.0000,2942.6000,2943.2000,2944.6000,2945.0000,2949.0000,1,1,1,1,1,1,1,1,5,1
SF,IH2009,2020-02-21 09:31:46.300,2938.6000,4332,0,33480240.000,0,-,-,-,-,2939.8000,2939.6000,2939.2000,2938.4000,2938.0000,2942.6000,2943.2000,2944.6000,2945.0000,2949.0000,1,1,1,1,1,1,1,1,5,1
SF,IH2009,2020-02-21 09:31:46.800,2938.6000,4332,0,33480240.000,0,-,-,-,-,2940.0000,2939.8000,2939.6000,2939.2000,2938.4000,2942.6000,2943.2000,2945.0000,2949.0000,2950.0000,1,1,1,1,1,1,1,5,1,1
SF,IH2009,2020-02-21 09:31:47.300,2938.6000,4332,0,33480240.000,0,-,-,-,-,2940.2000,2940.0000,2939.6000,2939.2000,2938.4000,2942.6000,2943.2000,2945.0000,2949.0000,2950.0000,1,1,1,1,1,1,1,5,1,1
SF,IH2009,2020-02-21 09:31:47.800,2940.2000,4332,0,34362300.000,1,0,1,多换,S,2940.0000,2939.6000,2939.2000,2938.4000,2938.0000,2940.2000,2942.6000,2945.0000,2949.0000,2950.0000,1,1,1,1,1,1,1,5,1,1
SF,IH2009,2020-02-21 09:31:48.300,2940.2000,4331,-1,35244360.000,1,0,1,双平,S,2940.0000,2939.6000,2939.2000,2938.4000,2938.0000,2942.6000,2945.0000,2949.0000,2950.0000,2951.0000,1,1,1,1,1,1,5,1,1,2
SF,IH2009,2020-02-21 09:31:48.800,2940.2000,4331,0,35244360.000,0,-,-,-,-,2940.0000,2939.2000,2938.4000,2938.0000,2936.2000,2942.6000,2945.0000,2949.0000,2950.0000,2951.0000,1,1,1,1,1,1,5,1,1,2
SF,IH2009,2020-02-21 09:31:49.800,2940.2000,4331,0,35244360.000,0,-,-,-,-,2940.0000,2939.2000,2938.4000,2938.0000,2936.2000,2945.0000,2949.0000,2950.0000,2951.0000,2951.2000,1,1,1,1,1,5,1,1,2,1
SF,IH2009,2020-02-21 09:31:50.300,2940.2000,4331,0,35244360.000,0,-,-,-,-,2940.0000,2939.2000,2938.4000,2938.0000,2936.2000,2944.2000,2945.0000,2949.0000,2950.0000,2951.0000,1,1,1,1,1,1,5,1,1,2
SF,IH2009,2020-02-21 09:31:50.800,2940.2000,4331,0,35244360.000,0,-,-,-,-,2939.2000,2938.4000,2938.0000,2936.2000,2935.0000,2944.2000,2945.0000,2949.0000,2950.0000,2951.0000,1,1,1,1,3,1,5,1,1,2
SF,IH2009,2020-02-21 09:31:51.300,2940.2000,4331,0,35244360.000,0,-,-,-,-,2940.2000,2939.2000,2938.4000,2938.0000,2936.2000,2943.8000,2944.2000,2945.0000,2949.0000,2950.0000,1,1,1,1,1,1,1,5,1,1
SF,IH2009,2020-02-21 09:31:51.800,2940.2000,4331,0,35244360.000,0,-,-,-,-,2940.2000,2939.2000,2938.4000,2938.0000,2936.2000,2943.6000,2943.8000,2945.0000,2949.0000,2950.0000,1,1,1,1,1,1,1,5,1,1
SF,IH2009,2020-02-21 09:31:52.300,2940.2000,4331,0,35244360.000,0,-,-,-,-,2940.2000,2940.0000,2939.2000,2938.4000,2938.0000,2943.6000,2943.8000,2945.0000,2949.0000,2950.0000,1,1,1,1,1,1,1,5,1,1
SF,IH2009,2020-02-21 09:31:52.800,2940.2000,4331,0,35244360.000,0,-,-,-,-,2940.0000,2939.2000,2938.4000,2938.0000,2936.2000,2943.6000,2943.8000,2945.0000,2949.0000,2950.0000,1,1,1,1,1,1,1,5,1,1
SF,IH2009,2020-02-21 09:31:53.800,2940.2000,4331,0,35244360.000,0,-,-,-,-,2940.0000,2939.2000,2938.4000,2938.0000,2936.2000,2943.6000,2943.8000,2945.0000,2949.0000,2950.0000,2,1,1,1,1,1,1,5,1,1
SF,IH2009,2020-02-21 09:31:54.300,2940.2000,4331,0,35244360.000,0,-,-,-,-,2940.2000,2940.0000,2939.2000,2938.4000,2938.0000,2942.0000,2943.6000,2943.8000,2945.0000,2949.0000,1,2,2,1,1,1,1,1,5,1
SF,IH2009,2020-02-21 09:31:54.800,2940.2000,4331,0,36126420.000,1,0,1,多换,S,2940.2000,2940.0000,2939.2000,2938.8000,2938.4000,2942.0000,2943.6000,2943.8000,2945.0000,2949.0000,1,3,2,1,1,1,1,1,5,1
SF,IH2009,2020-02-21 09:31:55.300,2940.2000,4331,0,36126420.000,0,-,-,-,-,2940.2000,2940.0000,2939.2000,2938.8000,2938.4000,2942.0000,2943.6000,2945.0000,2949.0000,2950.0000,1,3,2,1,1,1,1,5,1,1
SF,IH2009,2020-02-21 09:31:55.800,2942.0000,4331,0,37009020.000,1,0,1,多换,S,2940.0000,2939.2000,2938.8000,2938.4000,2938.0000,2943.6000,2945.0000,2949.0000,2950.0000,2951.0000,3,2,1,1,1,1,5,1,1,2
SF,IH2009,2020-02-21 09:31:56.300,2940.0000,4331,0,37891020.000,1,0,1,多换,S,2940.0000,2939.2000,2938.8000,2938.4000,2938.0000,2943.6000,2945.0000,2949.0000,2950.0000,2951.0000,2,2,1,1,1,1,5,1,1,2
SF,IH2009,2020-02-21 09:31:56.800,2940.0000,4331,0,37891020.000,0,-,-,-,-,2940.0000,2939.2000,2938.8000,2938.4000,2938.0000,2943.6000,2945.0000,2949.0000,2950.0000,2951.0000,2,2,1,1,1,1,5,1,1,2
SF,IH2009,2020-02-21 09:31:57.300,2940.0000,4331,0,37891020.000,0,-,-,-,-,2940.0000,2939.2000,2938.8000,2938.4000,2938.0000,2943.6000,2945.0000,2949.0000,2950.0000,2951.0000,2,2,1,1,1,1,5,1,1,2
SF,IH2009,2020-02-21 09:31:57.800,2940.0000,4331,0,37891020.000,0,-,-,-,-,2940.0000,2939.2000,2938.8000,2938.4000,2938.0000,2943.4000,2943.6000,2945.0000,2949.0000,2950.0000,2,2,1,1,1,1,1,5,1,1
SF,IH2009,2020-02-21 09:31:58.300,2940.0000,4331,0,37891020.000,0,-,-,-,-,2940.0000,2939.2000,2938.8000,2938.4000,2938.0000,2943.2000,2943.4000,2943.6000,2945.0000,2949.0000,2,2,1,1,1,1,1,1,5,1
SF,IH2009,2020-02-21 09:31:58.800,2940.0000,4331,0,37891020.000,0,-,-,-,-,2940.0000,2939.2000,2938.8000,2938.4000,2938.0000,2943.2000,2945.0000,2949.0000,2950.0000,2951.0000,2,2,1,1,1,2,5,1,1,2
SF,IH2009,2020-02-21 09:31:59.300,2940.0000,4331,0,37891020.000,0,-,-,-,-,2940.0000,2939.2000,2938.8000,2938.4000,2938.0000,2943.0000,2943.2000,2945.0000,2949.0000,2950.0000,2,2,1,1,1,1,1,5,1,1
SF,IH2009,2020-02-21 09:31:59.800,2940.0000,4331,0,37891020.000,0,-,-,-,-,2940.0000,2939.2000,2938.8000,2938.4000,2938.0000,2942.8000,2943.0000,2943.2000,2945.0000,2949.0000,2,1,1,1,1,1,1,1,5,1
SF,IH2009,2020-02-21 09:32:00.300,2940.0000,4331,0,39655020.000,2,1,1,多换,S,2939.2000,2938.8000,2938.4000,2938.0000,2936.2000,2942.4000,2942.6000,2942.8000,2943.2000,2945.0000,1,1,1,1,1,1,1,1,1,5
SF,IH2009,2020-02-21 09:32:00.800,2940.0000,4331,0,39655020.000,0,-,-,-,-,2939.4000,2939.2000,2938.8000,2938.4000,2938.0000,2942.2000,2942.4000,2942.6000,2943.2000,2945.0000,1,1,1,1,1,1,1,2,1,5
SF,IH2009,2020-02-21 09:32:01.300,2940.0000,4331,0,39655020.000,0,-,-,-,-,2939.4000,2939.2000,2938.8000,2938.4000,2938.0000,2941.6000,2942.2000,2942.4000,2942.6000,2945.0000,1,1,1,1,1,1,2,1,2,5
SF,IH2009,2020-02-21 09:32:01.800,2940.0000,4331,0,39655020.000,0,-,-,-,-,2939.8000,2939.4000,2939.2000,2938.8000,2938.4000,2941.4000,2941.6000,2942.4000,2945.0000,2949.0000,1,1,1,1,1,1,1,1,5,1
SF,IH2009,2020-02-21 09:32:02.300,2940.0000,4331,0,39655020.000,0,-,-,-,-,2940.0000,2939.8000,2939.2000,2938.8000,2938.4000,2941.6000,2942.4000,2945.0000,2949.0000,2950.0000,1,1,1,1,1,1,1,5,1,2
SF,IH2009,2020-02-21 09:32:03.300,2940.0000,4331,0,39655020.000,0,-,-,-,-,2940.0000,2939.8000,2939.2000,2938.8000,2938.4000,2942.4000,2945.0000,2949.0000,2950.0000,2951.0000,1,1,1,1,1,1,5,1,2,2
SF,IH2009,2020-02-21 09:32:03.800,2940.0000,4331,0,39655020.000,0,-,-,-,-,2939.8000,2939.2000,2938.8000,2938.4000,2938.0000,2942.2000,2942.4000,2945.0000,2949.0000,2950.0000,1,1,1,1,1,1,1,5,1,2
SF,IH2009,2020-02-21 09:32:06.300,2940.0000,4331,0,39655020.000,0,-,-,-,-,2940.6000,2940.0000,2939.8000,2939.2000,2938.8000,2942.2000,2942.4000,2945.0000,2949.0000,2950.0000,1,1,1,1,1,1,1,5,1,2
SF,IH2009,2020-02-21 09:32:06.800,2940.0000,4331,0,39655020.000,0,-,-,-,-,2940.8000,2940.6000,2940.0000,2939.2000,2938.8000,2945.0000,2949.0000,2950.0000,2951.0000,2951.2000,1,1,1,1,1,5,1,2,2,1
SF,IH2009,2020-02-21 09:32:07.300,2940.0000,4331,0,39655020.000,0,-,-,-,-,2940.8000,2940.6000,2940.0000,2939.2000,2938.8000,2944.8000,2945.0000,2949.0000,2950.0000,2951.0000,1,1,1,1,1,1,5,1,2,2
SF,IH2009,2020-02-21 09:32:07.800,2940.0000,4331,0,39655020.000,0,-,-,-,-,2940.8000,2940.6000,2940.0000,2939.2000,2938.8000,2944.4000,2944.8000,2945.0000,2949.0000,2950.0000,2,1,1,1,1,1,1,5,1,2
SF,IH2009,2020-02-21 09:32:08.300,2940.0000,4331,0,39655020.000,0,-,-,-,-,2940.8000,2940.6000,2940.0000,2939.2000,2938.8000,2944.2000,2944.4000,2945.0000,2949.0000,2950.0000,1,1,1,1,1,1,1,5,1,2
SF,IH2009,2020-02-21 09:32:08.800,2940.0000,4331,0,39655020.000,0,-,-,-,-,2941.0000,2940.8000,2940.6000,2940.0000,2939.2000,2943.8000,2944.2000,2945.0000,2949.0000,2950.0000,1,1,1,1,1,1,2,5,1,2
SF,IH2009,2020-02-21 09:32:09.300,2940.0000,4331,0,39655020.000,0,-,-,-,-,2941.0000,2940.8000,2940.6000,2940.0000,2939.2000,2943.6000,2943.8000,2944.2000,2945.0000,2949.0000,1,1,1,1,1,1,1,1,5,1
SF,IH2009,2020-02-21 09:32:09.800,2940.0000,4331,0,39655020.000,0,-,-,-,-,2941.4000,2941.0000,2940.8000,2940.6000,2940.0000,2943.6000,2943.8000,2945.0000,2949.0000,2950.0000,1,1,1,1,1,1,1,5,1,2
SF,IH2009,2020-02-21 09:32:10.300,2941.4000,4330,-1,40537440.000,1,0,1,双平,S,2941.4000,2941.0000,2940.8000,2940.6000,2940.0000,2943.6000,2943.8000,2945.0000,2949.0000,2950.0000,1,1,1,1,1,1,1,5,1,2
SF,IH2009,2020-02-21 09:32:10.800,2941.4000,4330,0,40537440.000,0,-,-,-,-,2940.8000,2940.6000,2940.0000,2939.2000,2938.8000,2943.0000,2943.6000,2945.0000,2949.0000,2950.0000,1,1,1,1,1,1,1,5,1,2
SF,IH2009,2020-02-21 09:32:11.300,2941.2000,4330,0,41419800.000,1,0,1,多换,S,2940.8000,2940.6000,2940.0000,2939.2000,2938.8000,2942.8000,2943.0000,2945.0000,2949.0000,2950.0000,1,1,1,1,1,1,1,5,1,2
SF,IH2009,2020-02-21 09:32:11.800,2941.2000,4330,0,41419800.000,0,-,-,-,-,2941.0000,2940.8000,2940.6000,2940.0000,2939.2000,2942.8000,2943.0000,2945.0000,2949.0000,2950.0000,1,1,1,1,1,1,1,5,1,2
SF,IH2009,2020-02-21 09:32:12.300,2941.2000,4330,0,41419800.000,0,-,-,-,-,2941.2000,2941.0000,2940.8000,2940.6000,2940.0000,2942.8000,2943.0000,2945.0000,2949.0000,2950.0000,1,1,1,1,1,1,1,5,1,2
SF,IH2009,2020-02-21 09:32:12.800,2941.2000,4330,0,41419800.000,0,-,-,-,-,2941.2000,2941.0000,2940.8000,2940.6000,2940.0000,2943.0000,2945.0000,2949.0000,2950.0000,2951.0000,1,1,1,1,1,1,5,1,2,2
SF,IH2009,2020-02-21 09:32:13.300,2941.2000,4330,0,41419800.000,0,-,-,-,-,2941.2000,2941.0000,2940.8000,2940.6000,2940.0000,2943.0000,2945.0000,2949.0000,2950.0000,2951.0000,1,1,1,1,1,1,5,1,2,2
SF,IH2009,2020-02-21 09:32:13.800,2941.2000,4330,0,41419800.000,0,-,-,-,-,2941.2000,2941.0000,2940.8000,2940.6000,2940.0000,2943.0000,2945.0000,2949.0000,2950.0000,2951.0000,1,1,1,1,1,1,5,1,2,2
SF,IH2009,2020-02-21 09:32:15.300,2941.2000,4330,0,41419800.000,0,-,-,-,-,2941.2000,2941.0000,2940.8000,2940.6000,2940.0000,2943.0000,2945.0000,2949.0000,2950.0000,2951.0000,2,1,1,1,1,1,5,1,2,2
SF,IH2009,2020-02-21 09:32:15.800,2941.2000,4330,0,41419800.000,0,-,-,-,-,2941.2000,2941.0000,2940.8000,2940.6000,2940.0000,2943.0000,2945.0000,2949.0000,2950.0000,2951.0000,2,1,1,1,1,1,5,1,2,2
SF,IH2009,2020-02-21 09:32:20.300,2943.0000,4330,0,42302700.000,1,0,1,多换,S,2941.2000,2941.0000,2940.8000,2940.6000,2940.0000,2945.0000,2949.0000,2950.0000,2951.0000,2951.2000,2,1,1,1,1,5,1,2,2,1
SF,IH2009,2020-02-21 09:32:20.800,2941.2000,4330,0,44067420.000,2,1,1,多换,S,2940.8000,2940.6000,2940.0000,2939.2000,2938.8000,2942.8000,2944.8000,2945.0000,2949.0000,2950.0000,1,1,1,1,1,1,2,5,1,2
SF,IH2009,2020-02-21 09:32:21.800,2941.2000,4330,0,44067420.000,0,-,-,-,-,2941.0000,2940.8000,2940.6000,2940.0000,2939.2000,2942.8000,2944.8000,2945.0000,2949.0000,2950.0000,1,1,1,1,1,1,1,5,1,2
SF,IH2009,2020-02-21 09:32:22.300,2941.2000,4330,0,44067420.000,0,-,-,-,-,2941.0000,2940.8000,2940.6000,2940.0000,2939.2000,2942.8000,2944.4000,2944.8000,2945.0000,2949.0000,1,1,1,1,1,1,1,1,5,1
SF,IH2009,2020-02-21 09:32:22.800,2941.0000,4331,1,45832500.000,2,1,1,空开,S,2940.8000,2940.6000,2940.0000,2939.2000,2938.8000,2942.6000,2944.4000,2944.8000,2945.0000,2949.0000,1,1,1,1,1,2,1,1,5,1
SF,IH2009,2020-02-21 09:32:23.300,2941.0000,4331,0,45832500.000,0,-,-,-,-,2940.8000,2940.6000,2940.0000,2939.2000,2938.8000,2942.4000,2942.6000,2944.4000,2944.8000,2945.0000,1,1,1,1,1,2,1,1,1,5
SF,IH2009,2020-02-21 09:32:23.800,2941.0000,4330,-1,46714800.000,1,0,1,双平,S,2940.8000,2940.6000,2940.0000,2939.2000,2938.8000,2941.0000,2942.4000,2942.6000,2944.4000,2944.8000,1,1,1,1,1,1,2,1,1,1
SF,IH2009,2020-02-21 09:32:24.300,2941.0000,4329,-1,47597100.000,1,0,1,双平,S,2940.8000,2940.6000,2940.0000,2939.2000,2938.8000,2944.4000,2944.8000,2945.0000,2949.0000,2950.0000,1,1,1,1,1,1,1,5,1,2
SF,IH2009,2020-02-21 09:32:24.800,2941.0000,4329,0,47597100.000,0,-,-,-,-,2940.8000,2940.6000,2940.0000,2939.2000,2938.8000,2944.2000,2944.4000,2945.0000,2949.0000,2950.0000,1,1,1,1,1,1,1,5,1,2
SF,IH2009,2020-02-21 09:32:25.300,2941.0000,4329,0,47597100.000,0,-,-,-,-,2940.8000,2940.6000,2940.0000,2939.2000,2938.8000,2944.0000,2944.2000,2945.0000,2949.0000,2950.0000,1,1,1,1,1,1,1,5,1,2
SF,IH2009,2020-02-21 09:32:25.800,2941.0000,4329,0,47597100.000,0,-,-,-,-,2940.8000,2940.6000,2940.0000,2939.2000,2938.8000,2943.8000,2944.0000,2945.0000,2949.0000,2950.0000,1,1,1,1,1,1,1,5,1,2
SF,IH2009,2020-02-21 09:32:26.300,2941.0000,4329,0,47597100.000,0,-,-,-,-,2940.8000,2940.6000,2940.0000,2939.2000,2938.8000,2943.6000,2943.8000,2944.0000,2945.0000,2949.0000,1,1,1,1,1,1,3,1,5,1
SF,IH2009,2020-02-21 09:32:26.800,2941.0000,4329,0,47597100.000,0,-,-,-,-,2940.8000,2940.6000,2940.0000,2939.2000,2938.8000,2943.4000,2943.6000,2943.8000,2945.0000,2949.0000,1,1,1,1,1,3,1,1,5,1
SF,IH2009,2020-02-21 09:32:27.300,2941.0000,4329,0,47597100.000,0,-,-,-,-,2940.8000,2940.6000,2940.0000,2939.2000,2938.8000,2943.4000,2943.8000,2945.0000,2949.0000,2950.0000,1,1,1,1,1,2,1,5,1,2
SF,IH2009,2020-02-21 09:32:28.800,2941.0000,4329,0,47597100.000,0,-,-,-,-,2940.8000,2940.6000,2940.0000,2939.2000,2938.8000,2943.0000,2943.4000,2943.8000,2945.0000,2949.0000,1,1,1,1,1,1,2,1,5,1
SF,IH2009,2020-02-21 09:32:29.300,2941.0000,4329,0,47597100.000,0,-,-,-,-,2940.8000,2940.6000,2940.0000,2939.2000,2938.8000,2942.8000,2943.0000,2945.0000,2949.0000,2950.0000,1,1,1,1,1,1,2,5,1,2
SF,IH2009,2020-02-21 09:32:29.800,2941.0000,4329,0,47597100.000,0,-,-,-,-,2940.8000,2940.6000,2940.0000,2939.2000,2938.8000,2942.8000,2945.0000,2949.0000,2950.0000,2951.0000,1,1,1,1,1,1,5,1,2,2
SF,IH2009,2020-02-21 09:32:30.300,2941.0000,4329,0,47597100.000,0,-,-,-,-,2940.8000,2940.6000,2940.0000,2939.2000,2939.0000,2942.6000,2942.8000,2945.0000,2949.0000,2950.0000,1,1,1,1,1,1,1,5,1,2
SF,IH2009,2020-02-21 09:32:31.800,2941.0000,4329,0,47597100.000,0,-,-,-,-,2940.8000,2940.6000,2940.0000,2939.2000,2939.0000,2942.8000,2944.0000,2945.0000,2949.0000,2950.0000,1,1,1,1,1,1,1,5,1,2
SF,IH2009,2020-02-21 09:32:32.300,2941.0000,4329,0,47597100.000,0,-,-,-,-,2940.8000,2940.6000,2940.0000,2939.2000,2939.0000,2942.4000,2942.8000,2944.0000,2945.0000,2949.0000,1,1,1,1,1,1,1,1,5,1
SF,IH2009,2020-02-21 09:32:32.800,2941.0000,4329,0,47597100.000,0,-,-,-,-,2940.8000,2940.6000,2940.0000,2939.2000,2939.0000,2942.4000,2942.6000,2942.8000,2944.0000,2945.0000,1,1,1,1,1,1,1,1,1,5
SF,IH2009,2020-02-21 09:32:34.300,2941.0000,4329,0,47597100.000,0,-,-,-,-,2940.8000,2940.6000,2940.0000,2939.2000,2939.0000,2942.4000,2942.6000,2942.8000,2944.0000,2945.0000,1,1,1,1,1,1,1,1,1,5
SF,IH2009,2020-02-21 09:32:34.800,2941.0000,4329,0,47597100.000,0,-,-,-,-,2940.8000,2940.6000,2940.0000,2939.2000,2939.0000,2942.4000,2942.8000,2944.0000,2945.0000,2949.0000,1,1,1,1,1,1,1,1,5,1
SF,IH2009,2020-02-21 09:32:35.800,2941.0000,4329,0,47597100.000,0,-,-,-,-,2940.8000,2940.6000,2940.0000,2939.2000,2939.0000,2942.2000,2942.4000,2942.8000,2944.0000,2945.0000,1,1,1,1,1,1,1,1,1,5
SF,IH2009,2020-02-21 09:32:36.300,2940.8000,4329,0,48479340.000,1,0,1,多换,S,2940.6000,2940.0000,2939.2000,2939.0000,2938.8000,2942.2000,2942.8000,2944.0000,2945.0000,2949.0000,1,1,1,1,1,1,1,1,5,1
SF,IH2009,2020-02-21 09:32:36.800,2940.8000,4329,0,48479340.000,0,-,-,-,-,2940.6000,2940.0000,2939.2000,2939.0000,2938.8000,2942.0000,2942.2000,2942.8000,2944.0000,2945.0000,1,1,1,1,1,1,1,1,1,5
SF,IH2009,2020-02-21 09:32:37.300,2940.8000,4329,0,48479340.000,0,-,-,-,-,2940.6000,2940.0000,2939.2000,2939.0000,2938.8000,2942.8000,2944.0000,2945.0000,2949.0000,2950.0000,1,1,1,1,1,1,1,5,1,2
SF,IH2009,2020-02-21 09:32:37.800,2940.8000,4329,0,48479340.000,0,-,-,-,-,2940.6000,2940.0000,2939.2000,2939.0000,2938.8000,2942.4000,2942.8000,2944.0000,2945.0000,2949.0000,1,1,1,1,1,1,1,1,5,1
SF,IH2009,2020-02-21 09:32:38.300,2940.8000,4329,0,48479340.000,0,-,-,-,-,2940.6000,2940.0000,2939.2000,2939.0000,2938.8000,2942.4000,2942.6000,2942.8000,2944.0000,2945.0000,1,1,1,1,1,1,1,1,1,5
SF,IH2009,2020-02-21 09:32:38.800,2940.8000,4329,0,48479340.000,0,-,-,-,-,2940.6000,2940.0000,2939.2000,2939.0000,2938.8000,2942.6000,2942.8000,2944.0000,2945.0000,2949.0000,1,1,1,1,1,1,1,1,5,1
SF,IH2009,2020-02-21 09:32:39.300,2940.8000,4329,0,48479340.000,0,-,-,-,-,2940.6000,2940.0000,2939.2000,2939.0000,2938.8000,2942.0000,2942.8000,2944.0000,2945.0000,2949.0000,1,1,1,1,1,1,1,1,5,1
SF,IH2009,2020-02-21 09:32:45.300,2940.6000,4329,0,49361520.000,1,0,1,多换,S,2940.0000,2939.2000,2939.0000,2938.8000,2938.4000,2942.0000,2942.8000,2944.0000,2945.0000,2949.0000,1,1,1,1,1,1,1,1,5,1
SF,IH2009,2020-02-21 09:32:46.300,2940.6000,4329,0,49361520.000,0,-,-,-,-,2940.0000,2939.2000,2939.0000,2938.8000,2938.4000,2941.8000,2942.0000,2942.8000,2944.0000,2945.0000,1,1,1,1,1,1,1,1,1,5
SF,IH2009,2020-02-21 09:32:47.300,2940.6000,4329,0,49361520.000,0,-,-,-,-,2940.0000,2939.2000,2939.0000,2938.8000,2938.4000,2942.0000,2942.8000,2944.0000,2945.0000,2949.0000,1,1,1,1,1,1,1,1,5,1
SF,IH2009,2020-02-21 09:32:47.800,2940.6000,4329,0,49361520.000,0,-,-,-,-,2940.0000,2939.2000,2939.0000,2938.8000,2938.4000,2941.6000,2942.0000,2942.8000,2944.0000,2945.0000,1,1,1,1,1,1,1,1,1,5
SF,IH2009,2020-02-21 09:32:48.800,2941.6000,4329,0,50244000.000,1,0,1,多换,S,2940.0000,2939.2000,2939.0000,2938.8000,2938.4000,2942.0000,2942.8000,2944.0000,2945.0000,2949.0000,1,1,1,1,1,1,1,1,5,1
SF,IH2009,2020-02-21 09:32:49.300,2941.6000,4329,0,50244000.000,0,-,-,-,-,2941.0000,2940.2000,2940.0000,2939.2000,2939.0000,2942.0000,2942.8000,2944.0000,2945.0000,2949.0000,1,1,1,1,1,1,1,1,5,1
SF,IH2009,2020-02-21 09:32:51.800,2941.6000,4329,0,50244000.000,0,-,-,-,-,2941.0000,2940.2000,2940.0000,2939.2000,2939.0000,2941.8000,2942.0000,2942.8000,2944.0000,2945.0000,1,1,1,1,1,1,1,1,1,5
SF,IH2009,2020-02-21 09:32:52.300,2941.6000,4329,0,50244000.000,0,-,-,-,-,2941.0000,2940.0000,2939.2000,2939.0000,2938.8000,2941.8000,2942.0000,2942.8000,2944.0000,2945.0000,1,1,1,1,1,1,1,1,1,5
SF,IH2009,2020-02-21 09:32:52.800,2941.6000,4329,0,50244000.000,0,-,-,-,-,2941.0000,2940.0000,2939.2000,2939.0000,2938.8000,2941.8000,2942.0000,2942.8000,2944.0000,2945.0000,2,1,1,1,1,1,1,1,1,5
SF,IH2009,2020-02-21 09:32:53.300,2941.6000,4329,0,50244000.000,0,-,-,-,-,2941.0000,2940.0000,2939.2000,2939.0000,2938.8000,2941.8000,2942.0000,2942.8000,2944.0000,2945.0000,2,1,1,1,1,1,1,1,1,5
SF,IH2009,2020-02-21 09:32:55.300,2941.6000,4329,0,50244000.000,0,-,-,-,-,2941.0000,2940.0000,2939.2000,2939.0000,2938.8000,2941.8000,2942.8000,2944.0000,2945.0000,2949.0000,2,1,1,1,1,1,1,1,5,1
SF,IH2009,2020-02-21 09:32:56.300,2941.8000,4330,1,51126540.000,1,1,0,双开,S,2941.8000,2941.0000,2940.0000,2939.2000,2939.0000,2942.8000,2944.0000,2945.0000,2949.0000,2950.0000,1,2,1,1,1,1,1,5,1,2
SF,IH2009,2020-02-21 09:32:56.800,2941.0000,4331,1,52891380.000,2,1,1,空开,S,2941.0000,2940.0000,2939.2000,2939.0000,2938.8000,2942.6000,2944.0000,2945.0000,2949.0000,2950.0000,1,1,1,1,1,1,1,5,1,2
SF,IH2009,2020-02-21 09:32:57.300,2941.0000,4331,0,52891380.000,0,-,-,-,-,2941.0000,2940.0000,2939.2000,2939.0000,2938.8000,2942.4000,2942.6000,2944.0000,2945.0000,2949.0000,1,1,1,1,1,1,1,1,5,1
SF,IH2009,2020-02-21 09:32:58.300,2941.0000,4331,0,52891380.000,0,-,-,-,-,2941.0000,2940.0000,2939.2000,2939.0000,2938.8000,2942.2000,2942.4000,2944.0000,2945.0000,2949.0000,1,1,1,1,1,1,1,1,5,1
SF,IH2009,2020-02-21 09:32:58.800,2941.0000,4331,0,52891380.000,0,-,-,-,-,2941.0000,2940.0000,2939.2000,2939.0000,2938.8000,2942.2000,2942.4000,2944.0000,2945.0000,2949.0000,1,1,1,1,1,1,1,1,5,1
SF,IH2009,2020-02-21 09:32:59.300,2941.0000,4331,0,52891380.000,0,-,-,-,-,2941.0000,2940.0000,2939.2000,2939.0000,2938.8000,2942.2000,2942.4000,2944.0000,2945.0000,2949.0000,1,1,1,1,1,1,1,1,5,1
SF,IH2009,2020-02-21 09:32:59.800,2941.0000,4331,0,52891380.000,0,-,-,-,-,2941.0000,2940.0000,2939.2000,2939.0000,2938.8000,2942.2000,2944.0000,2945.0000,2949.0000,2950.0000,1,1,1,1,1,1,1,5,1,2
SF,IH2009,2020-02-21 09:33:00.300,2941.0000,4331,0,52891380.000,0,-,-,-,-,2941.0000,2940.0000,2939.2000,2939.0000,2938.8000,2942.2000,2944.0000,2945.0000,2949.0000,2950.0000,1,1,1,1,1,1,1,5,1,2
SF,IH2009,2020-02-21 09:33:00.800,2941.0000,4331,0,52891380.000,0,-,-,-,-,2941.0000,2940.0000,2939.2000,2939.0000,2938.8000,2942.2000,2944.0000,2945.0000,2949.0000,2950.0000,1,1,1,1,1,1,1,5,1,2
SF,IH2009,2020-02-21 09:33:01.300,2941.0000,4331,0,52891380.000,0,-,-,-,-,2941.0000,2940.0000,2939.2000,2939.0000,2938.8000,2944.0000,2945.0000,2949.0000,2950.0000,2951.0000,2,1,1,1,1,1,5,1,2,2
SF,IH2009,2020-02-21 09:33:01.800,2941.0000,4331,0,52891380.000,0,-,-,-,-,2941.0000,2940.0000,2939.2000,2939.0000,2938.8000,2943.8000,2944.0000,2945.0000,2949.0000,2950.0000,2,1,1,1,1,1,1,5,1,2
SF,IH2009,2020-02-21 09:33:02.300,2941.0000,4331,0,52891380.000,0,-,-,-,-,2941.4000,2941.0000,2940.0000,2939.2000,2939.0000,2943.8000,2944.0000,2945.0000,2949.0000,2950.0000,1,2,1,1,1,1,1,5,1,2
SF,IH2009,2020-02-21 09:33:02.800,2941.0000,4331,0,53773680.000,1,0,1,多换,S,2941.0000,2940.0000,2939.2000,2939.0000,2938.8000,2943.6000,2944.0000,2945.0000,2949.0000,2950.0000,1,1,1,1,1,1,1,5,1,2
SF,IH2009,2020-02-21 09:33:04.300,2941.0000,4331,0,53773680.000,0,-,-,-,-,2941.2000,2941.0000,2940.0000,2939.2000,2939.0000,2944.0000,2945.0000,2949.0000,2950.0000,2951.0000,1,1,1,1,1,1,5,1,2,2
SF,IH2009,2020-02-21 09:33:05.300,2941.0000,4331,0,53773680.000,0,-,-,-,-,2941.0000,2940.0000,2939.2000,2939.0000,2938.8000,2943.8000,2944.0000,2945.0000,2949.0000,2950.0000,1,1,1,1,1,2,1,5,1,2
SF,IH2009,2020-02-21 09:33:06.800,2941.0000,4331,0,53773680.000,0,-,-,-,-,2941.2000,2941.0000,2940.0000,2939.2000,2939.0000,2943.8000,2944.0000,2945.0000,2949.0000,2950.0000,1,1,1,1,1,2,1,5,1,2
SF,IH2009,2020-02-21 09:33:07.300,2941.0000,4331,0,53773680.000,0,-,-,-,-,2941.2000,2941.0000,2940.0000,2939.2000,2939.0000,2943.4000,2943.8000,2944.0000,2945.0000,2949.0000,1,1,1,1,1,2,2,1,5,1
SF,IH2009,2020-02-21 09:33:07.800,2941.0000,4331,0,53773680.000,0,-,-,-,-,2941.2000,2941.0000,2940.0000,2939.2000,2939.0000,2943.2000,2943.4000,2943.8000,2944.0000,2945.0000,1,1,1,1,1,1,2,2,1,5
SF,IH2009,2020-02-21 09:33:08.300,2941.0000,4331,0,53773680.000,0,-,-,-,-,2941.2000,2941.0000,2940.0000,2939.2000,2939.0000,2943.2000,2943.4000,2943.8000,2944.0000,2945.0000,1,1,1,1,1,1,2,1,1,5
SF,IH2009,2020-02-21 09:33:08.800,2941.0000,4331,0,53773680.000,0,-,-,-,-,2941.0000,2940.0000,2939.2000,2939.0000,2938.8000,2943.2000,2943.4000,2943.8000,2944.0000,2945.0000,1,1,1,1,1,1,2,1,1,5
SF,IH2009,2020-02-21 09:33:09.300,2941.0000,4331,0,53773680.000,0,-,-,-,-,2941.0000,2940.0000,2939.2000,2939.0000,2938.8000,2943.2000,2943.4000,2943.8000,2944.0000,2945.0000,1,1,1,1,1,1,2,1,1,5
SF,IH2009,2020-02-21 09:33:09.800,2941.0000,4331,0,53773680.000,0,-,-,-,-,2941.0000,2940.0000,2939.2000,2939.0000,2938.8000,2942.8000,2943.2000,2944.0000,2945.0000,2949.0000,1,1,1,1,1,2,1,1,5,1
SF,IH2009,2020-02-21 09:33:10.300,2941.0000,4331,0,53773680.000,0,-,-,-,-,2941.0000,2940.0000,2939.2000,2939.0000,2938.8000,2942.6000,2942.8000,2943.2000,2944.0000,2945.0000,1,1,1,1,1,1,2,1,1,5
SF,IH2009,2020-02-21 09:33:10.800,2941.0000,4331,0,53773680.000,0,-,-,-,-,2941.0000,2940.0000,2939.2000,2939.0000,2938.8000,2942.6000,2943.2000,2944.0000,2945.0000,2949.0000,1,1,1,1,1,1,1,1,5,1
SF,IH2009,2020-02-21 09:33:12.800,2941.0000,4331,0,53773680.000,0,-,-,-,-,2941.0000,2940.0000,2939.2000,2939.0000,2938.8000,2942.6000,2942.8000,2943.2000,2944.0000,2945.0000,1,1,1,1,1,1,1,1,1,5
SF,IH2009,2020-02-21 09:33:13.800,2941.0000,4332,1,55538760.000,2,1,1,空开,S,2941.0000,2940.0000,2939.2000,2939.0000,2938.8000,2942.8000,2943.2000,2944.0000,2945.0000,2949.0000,2,1,1,1,1,1,1,1,5,1
SF,IH2009,2020-02-21 09:33:14.800,2941.0000,4332,0,55538760.000,0,-,-,-,-,2941.0000,2940.0000,2939.2000,2939.0000,2938.8000,2942.6000,2942.8000,2943.2000,2944.0000,2945.0000,2,1,1,1,1,1,1,1,1,5
SF,IH2009,2020-02-21 09:33:15.800,2941.0000,4332,0,55538760.000,0,-,-,-,-,2941.0000,2940.0000,2939.2000,2939.0000,2938.8000,2942.6000,2942.8000,2943.2000,2944.0000,2945.0000,2,1,1,1,1,1,1,1,1,5
SF,IH2009,2020-02-21 09:33:17.800,2941.0000,4332,0,55538760.000,0,-,-,-,-,2941.0000,2940.0000,2939.2000,2939.0000,2938.8000,2942.6000,2942.8000,2943.2000,2944.0000,2945.0000,2,1,1,1,1,1,1,1,2,5
SF,IH2009,2020-02-21 09:33:21.300,2941.0000,4332,0,55538760.000,0,-,-,-,-,2941.0000,2940.0000,2939.2000,2939.0000,2938.8000,2942.6000,2942.8000,2943.2000,2944.0000,2945.0000,2,1,1,1,1,1,1,1,2,5
SF,IH2009,2020-02-21 09:33:22.300,2941.0000,4332,0,55538760.000,0,-,-,-,-,2941.0000,2940.0000,2939.2000,2939.0000,2938.8000,2942.6000,2942.8000,2943.2000,2944.0000,2945.0000,3,1,1,1,1,1,1,1,2,5
SF,IH2009,2020-02-21 09:33:23.800,2941.0000,4332,0,55538760.000,0,-,-,-,-,2941.0000,2940.0000,2939.2000,2939.0000,2938.8000,2942.6000,2942.8000,2943.2000,2944.0000,2945.0000,3,1,1,1,1,1,1,1,2,5
SF,IH2009,2020-02-21 09:33:32.800,2942.6000,4332,0,56421540.000,1,0,1,多换,S,2941.0000,2940.0000,2939.2000,2939.0000,2938.8000,2942.8000,2943.2000,2944.0000,2945.8000,2948.8000,3,1,1,1,1,1,1,2,1,5
SF,IH2009,2020-02-21 09:33:33.300,2942.6000,4332,0,56421540.000,0,-,-,-,-,2941.2000,2941.0000,2940.0000,2939.2000,2939.0000,2942.8000,2944.0000,2945.8000,2948.8000,2949.0000,3,3,1,1,1,1,2,1,5,1
SF,IH2009,2020-02-21 09:33:33.800,2942.8000,4331,-1,57304380.000,1,0,1,双平,S,2941.2000,2941.0000,2940.0000,2939.2000,2939.0000,2944.0000,2945.8000,2948.8000,2949.0000,2950.0000,3,3,1,1,1,2,1,5,1,2
SF,IH2009,2020-02-21 09:33:34.300,2942.8000,4331,0,57304380.000,0,-,-,-,-,2941.4000,2941.2000,2941.0000,2940.0000,2939.2000,2943.8000,2944.0000,2945.8000,2948.8000,2949.0000,1,3,3,1,1,1,2,1,5,1
SF,IH2009,2020-02-21 09:33:34.800,2942.8000,4331,0,57304380.000,0,-,-,-,-,2941.6000,2941.4000,2941.2000,2941.0000,2940.0000,2943.8000,2944.0000,2945.8000,2948.8000,2949.0000,2,1,3,3,1,1,2,1,5,1
SF,IH2009,2020-02-21 09:33:35.300,2942.8000,4331,0,57304380.000,0,-,-,-,-,2942.0000,2941.8000,2941.6000,2941.2000,2941.0000,2943.8000,2944.0000,2945.8000,2948.8000,2949.0000,1,1,2,2,3,1,2,1,5,1
SF,IH2009,2020-02-21 09:33:35.800,2942.8000,4331,0,57304380.000,0,-,-,-,-,2942.2000,2942.0000,2941.6000,2941.2000,2941.0000,2943.8000,2944.0000,2945.8000,2948.8000,2949.0000,1,1,2,2,3,1,2,1,5,1
SF,IH2009,2020-02-21 09:33:36.300,2942.8000,4331,0,57304380.000,0,-,-,-,-,2942.2000,2941.6000,2941.2000,2941.0000,2940.0000,2944.0000,2945.8000,2948.8000,2949.0000,2950.0000,2,2,1,3,1,2,1,5,1,2
SF,IH2009,2020-02-21 09:33:37.800,2942.8000,4331,0,57304380.000,0,-,-,-,-,2942.2000,2941.6000,2941.2000,2941.0000,2940.0000,2943.8000,2944.0000,2945.8000,2948.8000,2949.0000,2,1,1,3,1,1,2,1,5,1
SF,IH2009,2020-02-21 09:33:38.300,2942.8000,4331,0,57304380.000,0,-,-,-,-,2941.6000,2941.2000,2941.0000,2940.0000,2939.2000,2943.6000,2943.8000,2944.0000,2945.8000,2948.8000,1,1,3,1,1,1,1,2,1,5
SF,IH2009,2020-02-21 09:33:38.800,2942.8000,4331,0,57304380.000,0,-,-,-,-,2942.4000,2941.2000,2941.0000,2940.0000,2939.2000,2943.6000,2943.8000,2944.0000,2945.8000,2948.8000,1,1,3,1,1,1,1,2,1,5
SF,IH2009,2020-02-21 09:33:39.300,2943.6000,4331,0,59070540.000,2,1,1,多换,S,2942.4000,2941.2000,2941.0000,2940.0000,2939.2000,2943.8000,2944.0000,2945.8000,2948.8000,2949.0000,1,1,3,1,1,1,2,1,5,1
SF,IH2009,2020-02-21 09:33:39.800,2943.6000,4331,0,59070540.000,0,-,-,-,-,2941.2000,2941.0000,2940.0000,2939.2000,2939.0000,2944.0000,2945.8000,2948.8000,2949.0000,2950.0000,1,3,1,1,1,2,1,5,1,2
SF,IH2009,2020-02-21 09:33:40.300,2943.6000,4331,0,59070540.000,0,-,-,-,-,2941.4000,2941.2000,2941.0000,2940.0000,2939.2000,2943.6000,2944.0000,2945.8000,2948.8000,2949.0000,2,1,3,1,1,1,2,1,5,1
SF,IH2009,2020-02-21 09:33:40.800,2943.6000,4331,0,59070540.000,0,-,-,-,-,2941.8000,2941.4000,2941.2000,2941.0000,2940.0000,2944.0000,2945.8000,2948.8000,2949.0000,2950.0000,1,2,1,3,1,2,1,5,1,2
SF,IH2009,2020-02-21 09:33:41.300,2943.6000,4331,0,59070540.000,0,-,-,-,-,2942.0000,2941.2000,2941.0000,2940.0000,2939.2000,2943.6000,2944.0000,2945.8000,2948.8000,2949.0000,1,1,3,1,1,1,2,1,5,1
SF,IH2009,2020-02-21 09:33:41.800,2943.6000,4331,0,59070540.000,0,-,-,-,-,2942.0000,2941.2000,2941.0000,2940.0000,2939.2000,2943.6000,2944.0000,2945.8000,2948.8000,2949.0000,2,1,3,1,1,1,2,1,5,1
SF,IH2009,2020-02-21 09:33:44.300,2943.6000,4332,1,59953620.000,1,1,0,双开,S,2943.6000,2942.0000,2941.2000,2941.0000,2940.0000,2944.0000,2945.8000,2948.8000,2949.0000,2950.0000,1,2,1,3,1,2,1,5,1,2
SF,IH2009,2020-02-21 09:33:44.800,2943.6000,4333,1,60836700.000,1,1,0,双开,S,2941.2000,2941.0000,2940.0000,2939.2000,2939.0000,2943.2000,2944.0000,2945.8000,2948.8000,2949.0000,1,3,1,1,1,1,2,1,5,1
SF,IH2009,2020-02-21 09:33:45.300,2943.2000,4333,0,61719660.000,1,0,1,多换,S,2941.2000,2941.0000,2940.0000,2939.2000,2939.0000,2944.0000,2945.8000,2948.8000,2949.0000,2950.0000,1,3,1,1,1,2,1,5,1,2
SF,IH2009,2020-02-21 09:33:45.800,2943.2000,4333,0,61719660.000,0,-,-,-,-,2941.4000,2941.2000,2941.0000,2940.0000,2939.2000,2944.0000,2945.8000,2948.8000,2949.0000,2950.0000,2,1,3,1,1,2,1,5,1,2
SF,IH2009,2020-02-21 09:33:47.300,2943.2000,4333,0,61719660.000,0,-,-,-,-,2941.8000,2941.4000,2941.2000,2941.0000,2940.0000,2944.0000,2945.8000,2948.8000,2949.0000,2950.0000,1,2,1,3,1,2,1,5,1,2
SF,IH2009,2020-02-21 09:33:47.800,2943.2000,4333,0,61719660.000,0,-,-,-,-,2941.2000,2941.0000,2940.0000,2939.2000,2939.0000,2943.8000,2944.0000,2945.8000,2948.8000,2949.0000,1,3,1,1,1,2,2,1,5,1
SF,IH2009,2020-02-21 09:33:48.300,2943.2000,4333,0,61719660.000,0,-,-,-,-,2941.4000,2941.2000,2941.0000,2940.0000,2939.2000,2943.8000,2944.0000,2945.8000,2948.8000,2949.0000,1,1,3,1,1,2,2,1,5,1
SF,IH2009,2020-02-21 09:33:48.800,2943.2000,4333,0,61719660.000,0,-,-,-,-,2941.2000,2941.0000,2940.0000,2939.2000,2939.0000,2943.8000,2944.0000,2945.8000,2948.8000,2949.0000,1,3,1,1,1,2,2,1,5,1
SF,IH2009,2020-02-21 09:33:49.300,2943.2000,4333,0,61719660.000,0,-,-,-,-,2941.0000,2940.0000,2939.2000,2939.0000,2938.8000,2943.8000,2944.0000,2945.8000,2948.8000,2949.0000,3,1,1,1,1,2,2,1,5,1
SF,IH2009,2020-02-21 09:33:49.800,2943.2000,4333,0,61719660.000,0,-,-,-,-,2941.2000,2941.0000,2940.0000,2939.2000,2939.0000,2943.8000,2944.0000,2945.8000,2948.8000,2949.0000,1,3,1,1,1,2,2,1,5,1
SF,IH2009,2020-02-21 09:33:51.800,2943.2000,4333,0,61719660.000,0,-,-,-,-,2941.6000,2941.2000,2941.0000,2940.0000,2939.2000,2943.8000,2944.0000,2945.8000,2948.8000,2949.0000,1,1,3,1,1,2,2,1,5,1
SF,IH2009,2020-02-21 09:33:52.300,2943.2000,4333,0,61719660.000,0,-,-,-,-,2941.6000,2941.0000,2940.0000,2939.2000,2939.0000,2943.8000,2944.0000,2945.8000,2948.8000,2949.0000,1,3,1,1,1,1,2,1,5,1
SF,IH2009,2020-02-21 09:33:52.800,2943.2000,4333,0,61719660.000,0,-,-,-,-,2942.0000,2941.8000,2941.0000,2940.0000,2939.2000,2943.8000,2944.0000,2945.8000,2948.8000,2949.0000,2,2,3,1,1,1,2,1,5,1
SF,IH2009,2020-02-21 09:33:53.300,2943.2000,4333,0,61719660.000,0,-,-,-,-,2942.0000,2941.8000,2941.0000,2940.0000,2939.2000,2944.0000,2945.8000,2948.8000,2949.0000,2950.0000,2,1,3,1,1,2,1,5,1,2
SF,IH2009,2020-02-21 09:33:53.800,2943.2000,4333,0,61719660.000,0,-,-,-,-,2942.2000,2941.8000,2941.0000,2940.0000,2939.2000,2944.0000,2945.8000,2948.8000,2949.0000,2950.0000,2,1,3,1,1,2,1,5,1,2
SF,IH2009,2020-02-21 09:33:54.300,2943.2000,4333,0,61719660.000,0,-,-,-,-,2942.2000,2941.8000,2941.0000,2940.0000,2939.2000,2944.0000,2945.8000,2948.8000,2949.0000,2950.0000,3,1,3,1,1,2,1,5,1,2
SF,IH2009,2020-02-21 09:33:54.800,2943.2000,4333,0,61719660.000,0,-,-,-,-,2942.4000,2942.2000,2941.8000,2941.0000,2940.0000,2944.0000,2945.8000,2948.8000,2949.0000,2950.0000,2,2,1,3,1,2,1,5,1,2
SF,IH2009,2020-02-21 09:33:55.300,2943.2000,4333,0,61719660.000,0,-,-,-,-,2942.6000,2942.4000,2942.2000,2941.8000,2941.0000,2944.0000,2945.8000,2948.8000,2949.0000,2950.0000,1,2,1,1,3,2,1,5,1,2
SF,IH2009,2020-02-21 09:33:55.800,2943.2000,4333,0,61719660.000,0,-,-,-,-,2942.6000,2942.4000,2942.2000,2941.0000,2940.0000,2944.0000,2945.8000,2948.8000,2949.0000,2950.0000,1,2,1,3,1,2,1,5,1,2
SF,IH2009,2020-02-21 09:33:56.300,2943.2000,4333,0,61719660.000,0,-,-,-,-,2942.6000,2941.0000,2940.0000,2939.2000,2939.0000,2944.0000,2945.8000,2948.8000,2949.0000,2950.0000,1,3,1,1,1,2,1,5,1,2
SF,IH2009,2020-02-21 09:33:56.800,2942.8000,4334,1,62602500.000,1,1,0,双开,S,2942.8000,2941.0000,2940.0000,2939.2000,2939.0000,2943.8000,2944.0000,2945.8000,2948.8000,2949.0000,1,3,1,1,1,1,2,1,5,1
SF,IH2009,2020-02-21 09:33:58.800,2942.8000,4334,0,62602500.000,0,-,-,-,-,2941.0000,2940.0000,2939.2000,2939.0000,2938.8000,2943.8000,2944.0000,2945.8000,2948.8000,2949.0000,3,1,1,1,1,1,2,1,5,1
SF,IH2009,2020-02-21 09:33:59.300,2942.8000,4334,0,62602500.000,0,-,-,-,-,2943.0000,2941.2000,2941.0000,2940.0000,2939.2000,2944.0000,2945.8000,2948.8000,2949.0000,2950.0000,1,2,3,1,1,2,1,5,1,2
SF,IH2009,2020-02-21 09:33:59.800,2942.8000,4334,0,62602500.000,0,-,-,-,-,2941.2000,2941.0000,2940.0000,2939.2000,2939.0000,2943.8000,2944.0000,2945.8000,2948.8000,2949.0000,2,3,1,1,1,1,2,1,5,1
SF,IH2009,2020-02-21 09:34:00.300,2942.8000,4334,0,62602500.000,0,-,-,-,-,2941.6000,2941.2000,2941.0000,2940.0000,2939.2000,2943.8000,2944.0000,2945.8000,2948.8000,2949.0000,1,2,3,1,1,1,2,1,5,1
SF,IH2009,2020-02-21 09:34:00.800,2942.8000,4334,0,62602500.000,0,-,-,-,-,2941.6000,2941.0000,2940.0000,2939.2000,2939.0000,2944.0000,2948.8000,2949.0000,2950.0000,2951.0000,1,3,1,1,1,2,5,1,2,2
SF,IH2009,2020-02-21 09:34:01.300,2942.8000,4334,0,62602500.000,0,-,-,-,-,2941.8000,2941.0000,2940.0000,2939.2000,2939.0000,2943.8000,2944.0000,2947.4000,2948.8000,2949.0000,2,3,1,1,1,1,2,1,5,1
SF,IH2009,2020-02-21 09:34:01.800,2942.8000,4334,0,62602500.000,0,-,-,-,-,2941.8000,2941.0000,2940.0000,2939.2000,2939.0000,2944.0000,2947.4000,2948.8000,2949.0000,2950.0000,3,3,1,1,1,2,1,5,1,2
SF,IH2009,2020-02-21 09:34:02.300,2942.8000,4334,0,62602500.000,0,-,-,-,-,2942.2000,2941.8000,2941.2000,2941.0000,2940.0000,2944.0000,2947.4000,2948.8000,2949.0000,2950.0000,1,2,1,2,1,2,1,5,1,2
SF,IH2009,2020-02-21 09:34:02.800,2942.8000,4334,0,62602500.000,0,-,-,-,-,2942.2000,2942.0000,2941.8000,2941.2000,2941.0000,2944.0000,2947.4000,2948.8000,2949.0000,2950.0000,1,1,2,1,2,2,1,5,1,2
SF,IH2009,2020-02-21 09:34:03.300,2942.8000,4334,0,62602500.000,0,-,-,-,-,2942.0000,2941.8000,2941.2000,2941.0000,2940.0000,2944.0000,2947.4000,2948.8000,2949.0000,2950.0000,2,2,1,2,1,2,1,5,1,2
SF,IH2009,2020-02-21 09:34:03.800,2942.8000,4334,0,62602500.000,0,-,-,-,-,2942.0000,2941.8000,2941.2000,2941.0000,2940.0000,2944.0000,2947.4000,2948.8000,2949.0000,2950.0000,2,1,1,2,1,2,1,5,1,2
SF,IH2009,2020-02-21 09:34:04.300,2942.8000,4334,0,62602500.000,0,-,-,-,-,2942.2000,2942.0000,2941.8000,2941.2000,2941.0000,2944.0000,2947.4000,2948.8000,2949.0000,2950.0000,1,2,1,1,2,2,1,5,1,2
SF,IH2009,2020-02-21 09:34:04.800,2942.8000,4334,0,62602500.000,0,-,-,-,-,2942.4000,2942.2000,2942.0000,2941.8000,2941.2000,2944.0000,2947.4000,2948.8000,2949.0000,2950.0000,1,1,2,1,1,2,1,5,1,2
SF,IH2009,2020-02-21 09:34:05.300,2942.8000,4334,0,62602500.000,0,-,-,-,-,2942.4000,2942.0000,2941.8000,2941.2000,2941.0000,2944.0000,2947.4000,2948.8000,2949.0000,2950.0000,1,2,1,1,2,2,1,5,1,2
SF,IH2009,2020-02-21 09:34:05.800,2942.8000,4334,0,62602500.000,0,-,-,-,-,2942.6000,2942.4000,2942.0000,2941.8000,2941.2000,2944.0000,2947.4000,2948.8000,2949.0000,2950.0000,1,1,2,1,1,2,1,5,1,2
SF,IH2009,2020-02-21 09:34:06.300,2942.8000,4334,0,62602500.000,0,-,-,-,-,2942.6000,2942.4000,2942.0000,2941.8000,2941.2000,2943.8000,2944.0000,2947.4000,2948.8000,2949.0000,2,1,1,1,1,1,2,1,5,1
SF,IH2009,2020-02-21 09:34:06.800,2942.8000,4334,0,62602500.000,0,-,-,-,-,2942.6000,2942.4000,2942.0000,2941.8000,2941.0000,2943.8000,2944.0000,2947.4000,2948.8000,2949.0000,2,1,1,1,2,1,2,1,5,1
SF,IH2009,2020-02-21 09:34:09.800,2942.8000,4334,0,62602500.000,0,-,-,-,-,2942.6000,2942.4000,2942.0000,2941.8000,2941.0000,2943.8000,2944.0000,2947.4000,2948.8000,2949.0000,2,1,1,1,2,1,2,1,5,1
SF,IH2009,2020-02-21 09:34:10.300,2943.8000,4334,0,63485640.000,1,0,1,多换,S,2942.6000,2942.4000,2942.0000,2941.8000,2941.0000,2944.0000,2947.4000,2948.8000,2949.0000,2950.0000,1,1,1,1,2,2,1,5,1,2
SF,IH2009,2020-02-21 09:34:10.800,2943.8000,4334,0,63485640.000,0,-,-,-,-,2942.6000,2942.4000,2942.0000,2941.8000,2941.0000,2944.0000,2947.4000,2948.8000,2949.0000,2950.0000,2,1,1,1,2,2,1,5,1,2
SF,IH2009,2020-02-21 09:34:11.300,2943.8000,4334,0,63485640.000,0,-,-,-,-,2942.6000,2942.4000,2942.0000,2941.8000,2941.0000,2944.0000,2947.4000,2948.8000,2949.0000,2950.0000,2,1,1,1,2,2,1,5,1,2
SF,IH2009,2020-02-21 09:34:11.800,2943.8000,4334,0,63485640.000,0,-,-,-,-,2942.8000,2942.6000,2942.4000,2942.0000,2941.8000,2944.0000,2947.4000,2948.8000,2949.0000,2950.0000,1,2,1,1,1,2,1,5,1,2
SF,IH2009,2020-02-21 09:34:12.300,2943.8000,4334,0,63485640.000,0,-,-,-,-,2942.8000,2942.6000,2942.4000,2942.0000,2941.8000,2944.0000,2947.4000,2948.8000,2949.0000,2950.0000,1,1,1,1,1,2,1,5,1,2
SF,IH2009,2020-02-21 09:34:12.800,2943.8000,4334,0,63485640.000,0,-,-,-,-,2943.0000,2942.8000,2942.6000,2942.4000,2942.0000,2944.0000,2947.4000,2948.8000,2949.0000,2950.0000,1,2,1,1,1,2,1,5,1,2
SF,IH2009,2020-02-21 09:34:13.300,2944.0000,4332,-2,65252040.000,2,0,2,双平,S,2943.0000,2942.8000,2942.6000,2942.4000,2942.0000,2947.4000,2948.8000,2949.0000,2950.0000,2951.0000,1,4,1,1,1,1,5,1,2,2
SF,IH2009,2020-02-21 09:34:13.800,2944.0000,4332,0,65252040.000,0,-,-,-,-,2943.2000,2942.8000,2942.6000,2942.4000,2942.0000,2947.0000,2947.2000,2947.4000,2948.8000,2949.0000,1,4,1,1,1,1,1,1,5,1
SF,IH2009,2020-02-21 09:34:14.300,2944.0000,4332,0,65252040.000,0,-,-,-,-,2943.4000,2943.2000,2942.8000,2942.6000,2942.4000,2947.0000,2947.4000,2948.8000,2949.0000,2950.0000,1,1,4,1,1,1,1,5,1,2
SF,IH2009,2020-02-21 09:34:14.800,2944.0000,4332,0,65252040.000,0,-,-,-,-,2943.4000,2943.2000,2942.8000,2942.6000,2942.4000,2946.8000,2947.0000,2947.4000,2948.8000,2949.0000,1,1,4,1,1,1,1,1,5,1
SF,IH2009,2020-02-21 09:34:15.300,2944.0000,4332,0,65252040.000,0,-,-,-,-,2943.6000,2943.4000,2943.2000,2942.8000,2942.6000,2946.8000,2947.0000,2947.4000,2948.8000,2949.0000,1,1,1,4,1,1,1,1,5,1
SF,IH2009,2020-02-21 09:34:15.800,2944.0000,4332,0,65252040.000,0,-,-,-,-,2943.6000,2943.2000,2942.8000,2942.6000,2942.4000,2946.8000,2947.0000,2947.4000,2948.8000,2949.0000,1,1,4,1,1,1,1,1,5,1
SF,IH2009,2020-02-21 09:34:16.300,2944.0000,4332,0,65252040.000,0,-,-,-,-,2943.8000,2943.6000,2943.2000,2942.8000,2942.6000,2946.8000,2947.0000,2947.4000,2948.8000,2949.0000,1,1,1,4,1,1,1,1,5,1
SF,IH2009,2020-02-21 09:34:16.800,2944.0000,4332,0,65252040.000,0,-,-,-,-,2944.0000,2943.6000,2943.2000,2942.8000,2942.6000,2946.8000,2947.0000,2947.4000,2948.8000,2949.0000,1,1,1,4,1,1,1,1,5,1
SF,IH2009,2020-02-21 09:34:17.300,2944.0000,4332,0,65252040.000,0,-,-,-,-,2944.2000,2944.0000,2943.2000,2942.8000,2942.6000,2946.8000,2947.0000,2947.4000,2948.8000,2949.0000,1,1,1,4,1,1,1,1,5,1
SF,IH2009,2020-02-21 09:34:17.800,2944.0000,4332,0,65252040.000,0,-,-,-,-,2944.4000,2944.0000,2943.2000,2942.8000,2942.6000,2946.8000,2947.0000,2947.4000,2948.8000,2949.0000,1,1,1,4,1,1,1,1,5,1
SF,IH2009,2020-02-21 09:34:18.800,2944.0000,4332,0,65252040.000,0,-,-,-,-,2944.4000,2944.0000,2943.2000,2942.8000,2942.6000,2946.8000,2947.4000,2948.8000,2949.0000,2950.0000,1,1,1,4,1,1,1,5,1,2
SF,IH2009,2020-02-21 09:34:19.300,2944.0000,4332,0,65252040.000,0,-,-,-,-,2944.6000,2944.4000,2944.0000,2943.2000,2942.8000,2947.4000,2948.8000,2949.0000,2950.0000,2951.0000,1,1,1,1,4,1,5,1,2,2
SF,IH2009,2020-02-21 09:34:19.800,2944.0000,4332,0,65252040.000,0,-,-,-,-,2944.8000,2944.6000,2944.4000,2944.0000,2943.2000,2947.2000,2947.4000,2948.8000,2949.0000,2950.0000,1,1,1,1,1,1,1,5,1,2
SF,IH2009,2020-02-21 09:34:20.300,2944.0000,4332,0,65252040.000,0,-,-,-,-,2944.8000,2944.4000,2944.0000,2943.2000,2942.8000,2947.2000,2947.4000,2948.8000,2949.0000,2950.0000,1,1,1,1,4,1,1,5,1,2
SF,IH2009,2020-02-21 09:34:20.800,2944.0000,4332,0,65252040.000,0,-,-,-,-,2945.0000,2944.8000,2944.4000,2944.0000,2943.2000,2947.4000,2948.8000,2949.0000,2950.0000,2951.0000,1,1,1,1,1,1,5,1,2,2
SF,IH2009,2020-02-21 09:34:21.300,2944.0000,4332,0,65252040.000,0,-,-,-,-,2945.2000,2944.8000,2944.4000,2944.0000,2943.2000,2947.2000,2947.4000,2948.8000,2949.0000,2950.0000,1,1,1,1,1,1,1,5,1,2
SF,IH2009,2020-02-21 09:34:22.800,2944.0000,4332,0,65252040.000,0,-,-,-,-,2945.2000,2944.8000,2944.4000,2944.0000,2943.2000,2947.0000,2947.2000,2947.4000,2948.8000,2949.0000,1,1,1,1,1,1,1,1,5,1
SF,IH2009,2020-02-21 09:34:23.300,2944.0000,4332,0,65252040.000,0,-,-,-,-,2945.2000,2944.8000,2944.0000,2943.2000,2942.8000,2947.0000,2947.2000,2947.4000,2948.8000,2949.0000,1,1,1,1,4,1,1,1,5,1
SF,IH2009,2020-02-21 09:34:23.800,2944.0000,4332,0,65252040.000,0,-,-,-,-,2944.8000,2944.0000,2943.2000,2942.8000,2941.8000,2947.0000,2947.4000,2948.8000,2949.0000,2950.0000,1,1,1,4,1,1,1,5,1,2
SF,IH2009,2020-02-21 09:34:24.300,2944.0000,4332,0,65252040.000,0,-,-,-,-,2945.4000,2944.8000,2944.0000,2943.2000,2942.8000,2946.8000,2947.0000,2947.4000,2948.8000,2949.0000,1,1,1,1,4,1,1,1,5,1
SF,IH2009,2020-02-21 09:34:25.300,2944.0000,4332,0,65252040.000,0,-,-,-,-,2945.4000,2944.8000,2944.0000,2943.2000,2942.8000,2946.8000,2947.4000,2948.8000,2949.0000,2950.0000,1,1,1,1,4,1,1,5,1,2
SF,IH2009,2020-02-21 09:34:25.800,2944.0000,4332,0,65252040.000,0,-,-,-,-,2945.6000,2945.4000,2944.8000,2944.0000,2943.2000,2947.4000,2948.8000,2949.0000,2950.0000,2951.0000,1,1,1,1,1,1,5,1,2,2
SF,IH2009,2020-02-21 09:34:26.300,2944.0000,4332,0,65252040.000,0,-,-,-,-,2945.8000,2945.4000,2944.8000,2944.0000,2943.2000,2947.2000,2947.4000,2948.8000,2949.0000,2950.0000,1,1,1,1,1,1,1,5,1,2
SF,IH2009,2020-02-21 09:34:26.800,2945.4000,4333,1,66135660.000,1,1,0,双开,S,2945.4000,2944.8000,2944.0000,2943.2000,2942.8000,2947.2000,2947.4000,2948.8000,2949.0000,2950.0000,1,1,1,1,4,1,1,5,1,2
SF,IH2009,2020-02-21 09:34:28.300,2945.4000,4333,0,66135660.000,0,-,-,-,-,2945.4000,2944.8000,2944.0000,2943.2000,2942.8000,2947.2000,2947.4000,2949.0000,2950.0000,2951.0000,1,1,1,1,4,1,1,1,2,2
SF,IH2009,2020-02-21 09:34:28.800,2945.4000,4333,0,66135660.000,0,-,-,-,-,2945.6000,2945.4000,2944.8000,2944.0000,2943.2000,2947.4000,2949.0000,2950.0000,2951.0000,2951.2000,1,1,1,1,1,1,1,2,2,1
SF,IH2009,2020-02-21 09:34:29.300,2945.4000,4333,0,66135660.000,0,-,-,-,-,2945.8000,2945.6000,2945.4000,2944.8000,2944.0000,2947.4000,2949.0000,2950.0000,2951.0000,2951.2000,1,1,1,1,1,1,1,2,2,1
SF,IH2009,2020-02-21 09:34:29.800,2945.8000,4334,1,67019400.000,1,1,0,双开,S,2945.6000,2944.8000,2944.0000,2943.2000,2942.8000,2947.4000,2949.0000,2950.0000,2951.0000,2951.2000,1,1,1,1,4,1,1,2,2,1
SF,IH2009,2020-02-21 09:34:30.300,2945.8000,4334,0,67019400.000,0,-,-,-,-,2944.8000,2944.0000,2943.2000,2942.8000,2941.8000,2947.2000,2947.4000,2949.0000,2950.0000,2951.0000,1,1,1,3,1,2,1,1,2,2
SF,IH2009,2020-02-21 09:34:30.800,2945.8000,4334,0,67019400.000,0,-,-,-,-,2945.0000,2944.8000,2944.0000,2942.8000,2941.8000,2947.2000,2947.4000,2949.0000,2950.0000,2951.0000,1,1,1,3,1,2,1,1,2,2
SF,IH2009,2020-02-21 09:34:31.300,2945.8000,4334,0,67019400.000,0,-,-,-,-,2944.8000,2942.8000,2941.8000,2941.2000,2941.0000,2947.2000,2947.4000,2949.0000,2950.0000,2951.0000,1,3,1,1,2,2,1,1,2,2
SF,IH2009,2020-02-21 09:34:31.800,2945.8000,4334,0,67019400.000,0,-,-,-,-,2942.8000,2941.8000,2941.2000,2941.0000,2939.0000,2947.2000,2947.4000,2949.0000,2950.0000,2951.0000,3,1,1,2,1,2,1,1,2,2
SF,IH2009,2020-02-21 09:34:32.300,2945.8000,4334,0,67019400.000,0,-,-,-,-,2943.0000,2942.8000,2941.8000,2941.2000,2941.0000,2947.0000,2947.4000,2949.0000,2950.0000,2951.0000,1,3,1,1,2,1,1,1,2,2
SF,IH2009,2020-02-21 09:34:32.800,2945.8000,4334,0,67019400.000,0,-,-,-,-,2943.2000,2943.0000,2942.8000,2941.8000,2941.2000,2946.8000,2947.0000,2947.4000,2949.0000,2950.0000,1,1,3,1,1,1,1,1,1,2
SF,IH2009,2020-02-21 09:34:33.300,2945.8000,4334,0,67019400.000,0,-,-,-,-,2943.2000,2942.8000,2941.8000,2941.2000,2941.0000,2946.6000,2947.4000,2949.0000,2950.0000,2951.0000,1,3,1,1,2,1,1,1,2,2
SF,IH2009,2020-02-21 09:34:33.800,2945.8000,4334,0,67019400.000,0,-,-,-,-,2943.4000,2943.2000,2942.8000,2941.8000,2941.2000,2946.6000,2947.4000,2949.0000,2950.0000,2951.0000,1,1,3,1,1,1,1,1,2,2
SF,IH2009,2020-02-21 09:34:34.300,2945.8000,4334,0,67019400.000,0,-,-,-,-,2943.6000,2943.4000,2943.2000,2942.8000,2941.8000,2946.6000,2947.4000,2949.0000,2950.0000,2951.0000,1,1,1,3,1,1,1,1,2,2
SF,IH2009,2020-02-21 09:34:34.800,2945.8000,4334,0,67019400.000,0,-,-,-,-,2943.6000,2943.2000,2942.8000,2941.8000,2941.2000,2946.6000,2947.4000,2949.0000,2950.0000,2951.0000,1,1,3,1,1,1,1,1,2,2
SF,IH2009,2020-02-21 09:34:35.300,2945.8000,4334,0,67019400.000,0,-,-,-,-,2943.8000,2943.6000,2943.2000,2942.8000,2941.8000,2946.4000,2946.6000,2947.4000,2949.0000,2950.0000,1,1,1,3,1,2,1,1,1,2
SF,IH2009,2020-02-21 09:34:36.300,2945.8000,4334,0,67019400.000,0,-,-,-,-,2943.8000,2943.6000,2943.2000,2942.8000,2941.8000,2946.4000,2947.4000,2949.0000,2950.0000,2951.0000,1,1,1,3,1,2,1,1,2,2
SF,IH2009,2020-02-21 09:34:36.800,2945.8000,4334,0,67019400.000,0,-,-,-,-,2943.8000,2943.6000,2943.2000,2942.8000,2941.8000,2946.4000,2947.4000,2949.0000,2950.0000,2951.0000,1,1,1,3,1,1,1,1,2,2
SF,IH2009,2020-02-21 09:34:37.300,2945.8000,4334,0,67019400.000,0,-,-,-,-,2943.8000,2943.6000,2943.2000,2942.8000,2941.8000,2947.4000,2949.0000,2950.0000,2951.0000,2951.2000,1,1,1,3,1,1,1,2,2,1
SF,IH2009,2020-02-21 09:34:37.800,2945.8000,4334,0,67019400.000,0,-,-,-,-,2943.8000,2943.6000,2943.2000,2942.8000,2941.8000,2947.2000,2947.4000,2949.0000,2950.0000,2951.0000,1,1,1,3,1,2,1,1,2,2
SF,IH2009,2020-02-21 09:34:39.300,2945.8000,4334,0,67019400.000,0,-,-,-,-,2943.8000,2943.6000,2943.2000,2942.8000,2941.8000,2946.8000,2947.2000,2947.4000,2949.0000,2950.0000,1,1,1,3,1,1,2,1,1,2
SF,IH2009,2020-02-21 09:34:39.800,2945.8000,4334,0,67019400.000,0,-,-,-,-,2944.2000,2943.8000,2943.6000,2943.2000,2942.8000,2946.6000,2947.2000,2947.4000,2949.0000,2950.0000,1,1,1,1,3,1,1,1,1,2
SF,IH2009,2020-02-21 09:34:40.300,2945.8000,4334,0,67019400.000,0,-,-,-,-,2944.2000,2943.8000,2943.6000,2943.2000,2942.8000,2946.4000,2946.6000,2947.2000,2947.4000,2949.0000,1,1,1,1,3,1,1,1,1,1
SF,IH2009,2020-02-21 09:34:40.800,2945.8000,4334,0,67019400.000,0,-,-,-,-,2944.6000,2943.6000,2943.2000,2942.8000,2941.8000,2946.4000,2946.6000,2947.4000,2949.0000,2950.0000,1,1,1,3,1,1,1,1,1,2
SF,IH2009,2020-02-21 09:34:41.300,2945.8000,4334,0,67019400.000,0,-,-,-,-,2944.6000,2943.6000,2943.2000,2942.8000,2941.8000,2946.2000,2946.4000,2947.4000,2949.0000,2950.0000,1,1,1,3,1,1,1,1,1,2
SF,IH2009,2020-02-21 09:34:41.800,2945.8000,4334,0,67019400.000,0,-,-,-,-,2944.6000,2943.6000,2943.2000,2942.8000,2941.8000,2946.2000,2947.4000,2949.0000,2950.0000,2951.0000,1,1,1,3,1,1,1,1,2,2
SF,IH2009,2020-02-21 09:34:42.300,2945.8000,4334,0,67019400.000,0,-,-,-,-,2944.6000,2943.6000,2943.2000,2942.8000,2941.2000,2946.2000,2947.4000,2949.0000,2950.0000,2951.0000,1,1,1,3,1,1,1,1,2,2
SF,IH2009,2020-02-21 09:34:42.800,2946.2000,4335,1,67903260.000,1,1,0,双开,S,2946.6000,2944.6000,2943.6000,2943.2000,2942.8000,2947.4000,2949.0000,2950.0000,2951.0000,2951.2000,1,2,1,1,3,1,1,2,2,1
SF,IH2009,2020-02-21 09:34:43.300,2944.6000,4337,2,69670500.000,2,2,0,双开,S,2943.6000,2943.2000,2942.8000,2941.2000,2941.0000,2946.6000,2947.0000,2947.4000,2949.0000,2950.0000,1,1,3,1,2,2,1,1,1,2
SF,IH2009,2020-02-21 09:34:43.800,2944.6000,4337,0,69670500.000,0,-,-,-,-,2944.0000,2943.8000,2943.6000,2943.2000,2942.8000,2946.0000,2946.4000,2947.0000,2947.4000,2949.0000,1,1,1,1,3,1,1,1,1,1
SF,IH2009,2020-02-21 09:34:44.300,2944.6000,4337,0,69670500.000,0,-,-,-,-,2944.0000,2943.6000,2943.2000,2942.8000,2941.2000,2946.0000,2947.0000,2947.4000,2949.0000,2950.0000,1,1,1,3,1,1,1,1,1,2
SF,IH2009,2020-02-21 09:34:44.800,2944.6000,4337,0,69670500.000,0,-,-,-,-,2944.2000,2944.0000,2943.6000,2943.2000,2942.8000,2946.0000,2947.0000,2947.4000,2949.0000,2950.0000,1,1,1,1,3,1,1,1,1,2
SF,IH2009,2020-02-21 09:34:45.300,2944.6000,4337,0,69670500.000,0,-,-,-,-,2943.6000,2943.2000,2942.8000,2941.2000,2941.0000,2946.0000,2947.0000,2947.4000,2949.0000,2950.0000,1,1,3,1,2,1,1,1,1,2
SF,IH2009,2020-02-21 09:34:45.800,2944.6000,4337,0,69670500.000,0,-,-,-,-,2943.8000,2943.6000,2943.2000,2942.8000,2941.2000,2946.0000,2947.0000,2947.4000,2949.0000,2950.0000,2,1,1,3,1,1,1,1,1,2
SF,IH2009,2020-02-21 09:34:46.800,2944.6000,4337,0,69670500.000,0,-,-,-,-,2944.2000,2943.8000,2943.6000,2943.2000,2942.8000,2946.0000,2947.0000,2947.4000,2949.0000,2950.0000,1,2,1,1,3,1,1,1,1,2
SF,IH2009,2020-02-21 09:34:47.300,2944.6000,4337,0,69670500.000,0,-,-,-,-,2944.4000,2943.8000,2943.6000,2943.2000,2942.8000,2946.0000,2947.0000,2947.4000,2949.0000,2950.0000,3,1,1,1,3,1,1,1,1,2
SF,IH2009,2020-02-21 09:34:47.800,2944.6000,4337,0,69670500.000,0,-,-,-,-,2944.6000,2944.4000,2943.8000,2943.6000,2943.2000,2946.0000,2947.0000,2947.4000,2949.0000,2950.0000,1,3,1,1,1,1,1,1,1,2
SF,IH2009,2020-02-21 09:34:48.300,2944.6000,4337,0,69670500.000,0,-,-,-,-,2944.8000,2944.6000,2944.4000,2944.2000,2943.8000,2946.0000,2947.0000,2947.4000,2949.0000,2950.0000,1,1,2,2,1,1,1,1,1,2
SF,IH2009,2020-02-21 09:34:48.800,2946.0000,4336,-1,70554300.000,1,0,1,双平,S,2944.8000,2944.4000,2943.8000,2943.6000,2943.2000,2947.0000,2947.4000,2949.0000,2950.0000,2951.0000,2,1,1,1,1,1,1,1,2,2
SF,IH2009,2020-02-21 09:34:49.300,2946.0000,4336,0,70554300.000,0,-,-,-,-,2945.2000,2945.0000,2944.8000,2944.4000,2943.6000,2947.0000,2947.4000,2949.0000,2950.0000,2951.0000,1,1,2,1,1,1,1,2,2,2
SF,IH2009,2020-02-21 09:34:49.800,2946.0000,4336,0,70554300.000,0,-,-,-,-,2945.4000,2945.2000,2945.0000,2944.8000,2943.6000,2947.0000,2947.4000,2949.0000,2950.0000,2951.0000,1,1,1,1,1,1,1,2,2,2
SF,IH2009,2020-02-21 09:34:51.300,2946.0000,4336,0,70554300.000,0,-,-,-,-,2945.2000,2945.0000,2944.8000,2943.6000,2943.2000,2947.0000,2947.4000,2949.0000,2950.0000,2951.0000,1,1,1,1,1,1,1,2,2,2
SF,IH2009,2020-02-21 09:34:51.800,2946.0000,4336,0,70554300.000,0,-,-,-,-,2945.4000,2945.0000,2944.8000,2943.6000,2943.2000,2946.8000,2947.0000,2947.4000,2949.0000,2950.0000,1,1,1,1,1,1,1,1,2,2
SF,IH2009,2020-02-21 09:34:53.300,2946.0000,4336,0,70554300.000,0,-,-,-,-,2945.0000,2944.8000,2943.6000,2943.2000,2942.8000,2946.8000,2947.0000,2947.4000,2949.0000,2950.0000,1,1,1,1,3,1,1,1,2,2
SF,IH2009,2020-02-21 09:34:53.800,2946.0000,4336,0,70554300.000,0,-,-,-,-,2944.8000,2943.6000,2943.2000,2942.8000,2941.2000,2946.8000,2947.0000,2947.4000,2949.0000,2950.0000,1,1,1,3,1,1,1,1,2,2
SF,IH2009,2020-02-21 09:34:54.300,2946.0000,4336,0,70554300.000,0,-,-,-,-,2945.2000,2945.0000,2944.8000,2943.6000,2943.2000,2947.0000,2947.4000,2949.0000,2950.0000,2951.0000,2,2,1,1,1,1,1,2,2,2
SF,IH2009,2020-02-21 09:34:55.800,2946.0000,4336,0,70554300.000,0,-,-,-,-,2945.4000,2945.2000,2945.0000,2944.8000,2943.6000,2947.0000,2947.4000,2949.0000,2950.0000,2951.0000,1,1,2,1,1,1,1,2,2,2
SF,IH2009,2020-02-21 09:34:56.300,2946.0000,4336,0,70554300.000,0,-,-,-,-,2946.8000,2945.4000,2945.0000,2944.8000,2943.6000,2947.0000,2947.4000,2949.0000,2950.0000,2951.0000,1,1,2,1,1,1,1,2,2,2
SF,IH2009,2020-02-21 09:34:56.800,2946.8000,4335,-1,71438340.000,1,0,1,双平,S,2945.0000,2944.8000,2943.6000,2943.2000,2942.8000,2946.4000,2947.0000,2947.4000,2949.0000,2950.0000,1,1,1,1,3,1,1,1,2,2
SF,IH2009,2020-02-21 09:34:57.300,2946.8000,4335,0,71438340.000,0,-,-,-,-,2945.2000,2945.0000,2944.8000,2943.6000,2943.2000,2945.4000,2946.4000,2947.0000,2947.4000,2949.0000,2,1,1,1,1,1,1,1,1,2
SF,IH2009,2020-02-21 09:34:57.800,2945.4000,4335,0,72321960.000,1,0,1,多换,S,2945.0000,2944.8000,2943.6000,2943.2000,2942.8000,2946.4000,2947.0000,2947.4000,2949.0000,2950.0000,1,1,1,1,3,1,1,1,2,2
SF,IH2009,2020-02-21 09:34:58.300,2945.4000,4335,0,72321960.000,0,-,-,-,-,2944.8000,2943.6000,2943.2000,2942.8000,2941.2000,2946.4000,2947.0000,2947.4000,2949.0000,2950.0000,1,1,1,3,1,1,1,1,2,2
SF,IH2009,2020-02-21 09:34:58.800,2945.4000,4335,0,72321960.000,0,-,-,-,-,2944.8000,2943.6000,2943.2000,2942.8000,2941.2000,2946.4000,2947.0000,2947.4000,2949.0000,2950.0000,1,1,1,3,1,1,1,1,2,2
SF,IH2009,2020-02-21 09:35:00.300,2945.4000,4335,0,72321960.000,0,-,-,-,-,2944.8000,2943.6000,2943.2000,2942.8000,2941.2000,2946.0000,2946.4000,2947.0000,2947.4000,2949.0000,1,1,1,3,1,1,1,1,1,2
SF,IH2009,2020-02-21 09:35:03.800,2944.8000,4336,1,73205400.000,1,1,0,双开,S,2943.6000,2943.2000,2942.8000,2941.2000,2941.0000,2946.0000,2946.4000,2947.0000,2947.4000,2949.0000,1,1,3,1,2,1,1,1,1,2
SF,IH2009,2020-02-21 09:35:04.300,2944.8000,4336,0,73205400.000,0,-,-,-,-,2943.2000,2942.8000,2941.2000,2941.0000,2940.0000,2945.8000,2946.0000,2946.4000,2947.0000,2947.4000,1,3,1,2,1,3,1,1,1,1
SF,IH2009,2020-02-21 09:35:05.300,2944.8000,4336,0,73205400.000,0,-,-,-,-,2942.8000,2941.2000,2941.0000,2940.0000,2939.0000,2945.4000,2945.8000,2946.0000,2946.4000,2947.0000,2,1,2,1,1,1,3,1,1,1
SF,IH2009,2020-02-21 09:35:05.800,2944.8000,4336,0,73205400.000,0,-,-,-,-,2943.0000,2942.8000,2941.2000,2941.0000,2940.0000,2945.2000,2945.4000,2945.8000,2946.0000,2946.4000,1,2,1,2,1,1,1,1,1,1
SF,IH2009,2020-02-21 09:35:06.300,2944.8000,4336,0,73205400.000,0,-,-,-,-,2943.0000,2942.8000,2941.2000,2941.0000,2940.0000,2944.8000,2945.0000,2945.2000,2945.8000,2946.0000,1,2,1,2,1,1,1,1,1,1
SF,IH2009,2020-02-21 09:35:06.800,2944.8000,4336,0,73205400.000,0,-,-,-,-,2943.0000,2942.8000,2941.2000,2941.0000,2940.0000,2944.8000,2945.2000,2945.8000,2946.0000,2946.4000,1,2,1,2,1,1,1,1,1,1
SF,IH2009,2020-02-21 09:35:07.300,2944.8000,4336,0,73205400.000,0,-,-,-,-,2943.0000,2942.8000,2941.2000,2941.0000,2940.0000,2944.8000,2945.0000,2945.2000,2945.8000,2946.0000,1,2,1,2,1,1,1,1,1,1
SF,IH2009,2020-02-21 09:35:07.800,2943.2000,4337,1,74088360.000,1,1,0,双开,S,2943.0000,2942.8000,2941.2000,2941.0000,2940.0000,2945.0000,2945.2000,2945.8000,2946.0000,2947.0000,1,2,1,2,1,1,1,1,1,1
SF,IH2009,2020-02-21 09:35:08.300,2943.2000,4337,0,74088360.000,0,-,-,-,-,2943.2000,2943.0000,2942.8000,2941.2000,2941.0000,2945.0000,2945.2000,2945.8000,2946.0000,2947.0000,1,1,2,1,2,1,1,1,1,1
SF,IH2009,2020-02-21 09:35:08.800,2943.2000,4337,0,74088360.000,0,-,-,-,-,2943.2000,2942.8000,2941.2000,2941.0000,2940.0000,2945.0000,2945.2000,2945.8000,2946.0000,2947.0000,1,2,1,2,1,1,1,1,1,1
SF,IH2009,2020-02-21 09:35:09.300,2943.2000,4337,0,74088360.000,0,-,-,-,-,2943.4000,2942.8000,2941.2000,2941.0000,2940.0000,2945.0000,2945.2000,2945.8000,2946.0000,2947.0000,1,2,1,2,1,1,1,1,1,1
SF,IH2009,2020-02-21 09:35:09.800,2943.2000,4337,0,74088360.000,0,-,-,-,-,2942.8000,2941.2000,2941.0000,2940.0000,2939.0000,2945.0000,2945.2000,2945.8000,2946.0000,2947.0000,2,1,2,1,1,1,1,1,1,1
SF,IH2009,2020-02-21 09:35:10.300,2943.2000,4337,0,74088360.000,0,-,-,-,-,2943.0000,2942.8000,2941.2000,2941.0000,2940.0000,2944.8000,2945.0000,2945.8000,2946.0000,2947.0000,1,2,1,2,1,1,1,1,1,1
SF,IH2009,2020-02-21 09:35:10.800,2943.2000,4337,0,74088360.000,0,-,-,-,-,2943.2000,2943.0000,2942.8000,2941.2000,2941.0000,2944.8000,2945.0000,2945.8000,2946.0000,2947.0000,3,1,2,1,2,1,1,1,1,1
SF,IH2009,2020-02-21 09:35:11.300,2943.2000,4337,0,74088360.000,0,-,-,-,-,2943.2000,2942.8000,2941.2000,2941.0000,2940.0000,2945.0000,2945.8000,2946.0000,2947.0000,2947.4000,4,2,1,2,1,1,1,1,1,1
SF,IH2009,2020-02-21 09:35:11.800,2943.2000,4337,0,74088360.000,0,-,-,-,-,2943.4000,2943.2000,2942.8000,2941.2000,2941.0000,2945.0000,2945.8000,2946.0000,2947.0000,2947.4000,1,4,2,1,2,1,1,1,1,1
SF,IH2009,2020-02-21 09:35:12.300,2943.2000,4337,0,74088360.000,0,-,-,-,-,2943.6000,2943.4000,2943.2000,2942.8000,2941.2000,2945.0000,2946.0000,2947.0000,2947.4000,2949.0000,1,1,4,2,1,1,1,1,1,2
SF,IH2009,2020-02-21 09:35:12.800,2945.0000,4336,-1,74971860.000,1,0,1,双平,S,2944.0000,2943.6000,2943.2000,2942.8000,2941.2000,2946.0000,2947.0000,2947.4000,2949.0000,2950.0000,1,2,4,2,1,1,1,1,2,2
SF,IH2009,2020-02-21 09:35:13.300,2945.0000,4336,0,74971860.000,0,-,-,-,-,2944.2000,2944.0000,2943.6000,2943.2000,2942.8000,2946.0000,2947.0000,2947.4000,2949.0000,2950.0000,2,1,2,4,2,1,1,1,2,2
SF,IH2009,2020-02-21 09:35:13.800,2945.0000,4336,0,74971860.000,0,-,-,-,-,2944.2000,2943.6000,2943.2000,2942.8000,2941.2000,2946.0000,2947.0000,2947.4000,2949.0000,2950.0000,2,2,4,2,1,1,1,1,2,2
SF,IH2009,2020-02-21 09:35:14.300,2945.0000,4336,0,74971860.000,0,-,-,-,-,2944.4000,2944.2000,2943.6000,2943.2000,2942.8000,2946.0000,2947.0000,2947.4000,2949.0000,2950.0000,1,2,2,3,2,1,1,1,2,2
SF,IH2009,2020-02-21 09:35:14.800,2945.0000,4336,0,74971860.000,0,-,-,-,-,2944.4000,2944.2000,2943.6000,2943.2000,2942.8000,2946.0000,2947.0000,2947.4000,2949.0000,2950.0000,1,2,1,3,2,1,1,1,2,2
SF,IH2009,2020-02-21 09:35:15.300,2945.0000,4336,0,74971860.000,0,-,-,-,-,2944.4000,2944.2000,2943.6000,2943.2000,2942.8000,2946.0000,2947.0000,2947.4000,2949.0000,2950.0000,1,1,1,3,2,1,1,1,2,2
SF,IH2009,2020-02-21 09:35:15.800,2945.0000,4336,0,74971860.000,0,-,-,-,-,2944.6000,2944.4000,2943.6000,2943.2000,2942.8000,2946.0000,2947.0000,2947.4000,2949.0000,2950.0000,1,1,1,3,2,1,1,1,2,2
SF,IH2009,2020-02-21 09:35:17.300,2945.0000,4336,0,74971860.000,0,-,-,-,-,2944.6000,2944.4000,2943.6000,2943.2000,2942.8000,2946.0000,2947.0000,2947.4000,2949.0000,2950.0000,1,1,1,3,2,1,1,1,2,2
SF,IH2009,2020-02-21 09:35:17.800,2945.0000,4336,0,74971860.000,0,-,-,-,-,2944.6000,2943.6000,2943.2000,2942.8000,2941.2000,2946.0000,2947.0000,2947.4000,2949.0000,2950.0000,1,1,3,2,1,1,1,1,2,2
SF,IH2009,2020-02-21 09:35:19.300,2945.0000,4336,0,74971860.000,0,-,-,-,-,2944.6000,2943.6000,2943.2000,2942.8000,2941.2000,2946.0000,2947.0000,2947.4000,2949.0000,2950.0000,1,1,3,2,1,1,1,1,2,2
SF,IH2009,2020-02-21 09:35:20.300,2945.0000,4336,0,74971860.000,0,-,-,-,-,2944.6000,2943.6000,2943.2000,2942.8000,2942.2000,2946.0000,2947.0000,2947.4000,2949.0000,2950.0000,1,1,3,2,2,1,1,1,2,2
SF,IH2009,2020-02-21 09:35:22.800,2945.0000,4336,0,74971860.000,0,-,-,-,-,2944.6000,2943.6000,2943.2000,2942.8000,2942.2000,2946.0000,2947.0000,2947.4000,2949.0000,2950.0000,1,1,3,2,2,1,1,1,2,2
SF,IH2009,2020-02-21 09:35:24.300,2945.0000,4336,0,74971860.000,0,-,-,-,-,2944.6000,2943.6000,2943.2000,2942.8000,2942.2000,2945.8000,2946.0000,2947.0000,2947.4000,2949.0000,1,1,3,2,2,1,1,1,1,2
SF,IH2009,2020-02-21 09:35:24.800,2945.0000,4336,0,74971860.000,0,-,-,-,-,2944.6000,2943.6000,2943.2000,2942.8000,2942.2000,2946.0000,2947.0000,2947.4000,2949.0000,2950.0000,1,1,3,2,2,1,1,1,2,2
SF,IH2009,2020-02-21 09:35:26.300,2945.0000,4336,0,74971860.000,0,-,-,-,-,2944.6000,2943.6000,2943.2000,2942.8000,2942.2000,2946.0000,2947.0000,2949.0000,2949.8000,2950.0000,1,1,3,2,2,1,1,2,1,2
SF,IH2009,2020-02-21 09:35:26.800,2945.0000,4336,0,74971860.000,0,-,-,-,-,2944.8000,2944.6000,2943.6000,2943.2000,2942.8000,2946.0000,2947.0000,2949.0000,2949.8000,2950.0000,1,1,1,3,2,1,1,2,1,2
SF,IH2009,2020-02-21 09:35:27.300,2945.0000,4336,0,74971860.000,0,-,-,-,-,2944.8000,2944.6000,2943.6000,2943.2000,2942.8000,2946.0000,2947.0000,2949.0000,2949.8000,2950.0000,1,1,1,3,2,1,1,2,1,2
SF,IH2009,2020-02-21 09:35:28.800,2946.0000,4335,-1,75855660.000,1,0,1,双平,S,2944.8000,2944.6000,2943.6000,2943.2000,2942.8000,2947.0000,2949.0000,2949.8000,2950.0000,2951.0000,1,1,1,3,2,1,2,1,2,2
SF,IH2009,2020-02-21 09:35:29.300,2946.0000,4335,0,75855660.000,0,-,-,-,-,2944.8000,2944.6000,2943.6000,2943.2000,2942.8000,2946.8000,2947.0000,2949.0000,2949.8000,2950.0000,1,1,1,3,2,1,1,2,1,2
SF,IH2009,2020-02-21 09:35:29.800,2946.0000,4335,0,75855660.000,0,-,-,-,-,2945.0000,2944.8000,2944.6000,2943.6000,2943.2000,2946.8000,2947.0000,2949.0000,2949.8000,2950.0000,1,1,1,1,3,1,1,2,1,2
SF,IH2009,2020-02-21 09:35:30.300,2946.0000,4335,0,75855660.000,0,-,-,-,-,2945.0000,2944.6000,2943.6000,2943.2000,2942.8000,2946.0000,2946.8000,2947.0000,2949.0000,2949.8000,1,1,1,3,2,1,1,1,2,1
SF,IH2009,2020-02-21 09:35:30.800,2946.0000,4335,0,75855660.000,0,-,-,-,-,2944.6000,2943.6000,2943.2000,2942.8000,2942.2000,2946.0000,2946.6000,2946.8000,2947.0000,2949.0000,1,1,3,2,2,1,2,1,1,2
SF,IH2009,2020-02-21 09:35:31.300,2946.0000,4335,0,75855660.000,0,-,-,-,-,2944.6000,2943.6000,2943.2000,2942.8000,2942.2000,2946.0000,2946.8000,2947.0000,2949.0000,2949.8000,1,1,3,2,2,1,1,1,2,1
SF,IH2009,2020-02-21 09:35:35.300,2946.0000,4335,0,75855660.000,0,-,-,-,-,2944.6000,2943.2000,2942.8000,2942.2000,2941.2000,2945.8000,2946.0000,2946.8000,2947.0000,2949.0000,1,3,2,2,1,2,1,1,1,2
SF,IH2009,2020-02-21 09:35:39.800,2946.0000,4335,0,75855660.000,0,-,-,-,-,2944.6000,2943.2000,2942.8000,2942.2000,2941.2000,2945.6000,2945.8000,2946.0000,2946.8000,2947.0000,1,3,2,2,1,1,2,1,1,1
SF,IH2009,2020-02-21 09:35:40.300,2946.0000,4335,0,75855660.000,0,-,-,-,-,2944.6000,2943.2000,2942.8000,2942.2000,2941.2000,2945.6000,2946.0000,2946.8000,2947.0000,2949.0000,1,3,2,2,1,1,1,1,1,2
SF,IH2009,2020-02-21 09:35:45.800,2945.6000,4335,0,76739340.000,1,0,1,多换,S,2944.6000,2944.0000,2943.2000,2942.8000,2942.2000,2946.0000,2946.8000,2947.0000,2949.0000,2949.8000,1,1,3,2,2,1,1,1,2,1
SF,IH2009,2020-02-21 09:35:46.300,2945.6000,4335,0,76739340.000,0,-,-,-,-,2944.8000,2944.6000,2944.0000,2943.2000,2942.8000,2946.0000,2947.0000,2949.0000,2949.8000,2950.0000,2,1,1,3,2,1,1,2,1,2
SF,IH2009,2020-02-21 09:35:46.800,2945.6000,4335,0,76739340.000,0,-,-,-,-,2944.8000,2944.6000,2944.0000,2943.2000,2942.8000,2946.0000,2947.0000,2949.0000,2949.8000,2950.0000,1,2,1,3,2,1,1,2,1,2
SF,IH2009,2020-02-21 09:35:47.300,2946.0000,4334,-1,77623140.000,1,0,1,双平,S,2944.8000,2944.6000,2944.0000,2943.2000,2942.8000,2947.0000,2949.0000,2949.8000,2950.0000,2951.0000,1,2,1,3,2,1,2,1,2,2
SF,IH2009,2020-02-21 09:35:47.800,2946.0000,4334,0,77623140.000,0,-,-,-,-,2945.0000,2944.8000,2944.6000,2944.0000,2943.2000,2947.0000,2949.0000,2949.8000,2950.0000,2951.0000,1,1,2,1,3,1,2,1,2,2
SF,IH2009,2020-02-21 09:35:48.300,2946.0000,4334,0,77623140.000,0,-,-,-,-,2945.0000,2944.8000,2944.6000,2944.0000,2943.2000,2947.0000,2949.0000,2949.8000,2950.0000,2951.0000,2,1,2,1,3,1,2,1,2,2
SF,IH2009,2020-02-21 09:35:48.800,2946.0000,4334,0,77623140.000,0,-,-,-,-,2945.0000,2944.6000,2944.0000,2943.2000,2942.8000,2947.0000,2949.0000,2949.8000,2950.0000,2951.0000,2,2,1,3,2,1,2,1,2,2
SF,IH2009,2020-02-21 09:35:49.300,2946.0000,4334,0,77623140.000,0,-,-,-,-,2945.4000,2945.0000,2944.6000,2944.0000,2943.2000,2947.0000,2949.0000,2949.8000,2950.0000,2951.0000,1,2,2,1,3,1,2,1,2,2
SF,IH2009,2020-02-21 09:35:49.800,2946.0000,4334,0,77623140.000,0,-,-,-,-,2945.6000,2945.4000,2945.0000,2944.6000,2944.0000,2947.0000,2949.0000,2949.8000,2950.0000,2951.0000,1,1,2,2,1,1,2,1,2,2
SF,IH2009,2020-02-21 09:35:54.300,2946.0000,4334,0,77623140.000,0,-,-,-,-,2945.6000,2945.4000,2945.0000,2944.6000,2944.0000,2946.8000,2947.0000,2949.0000,2949.8000,2950.0000,1,1,2,2,1,2,1,2,1,2
SF,IH2009,2020-02-21 09:35:54.800,2946.0000,4334,0,77623140.000,0,-,-,-,-,2945.6000,2945.4000,2945.0000,2944.6000,2944.0000,2946.6000,2946.8000,2947.0000,2949.0000,2949.8000,1,1,2,1,1,6,2,1,2,1
SF,IH2009,2020-02-21 09:35:55.300,2945.6000,4334,0,78506820.000,1,0,1,多换,S,2944.6000,2944.0000,2943.2000,2942.8000,2942.2000,2946.4000,2946.6000,2947.0000,2949.0000,2949.8000,1,1,3,2,2,2,1,1,2,1
SF,IH2009,2020-02-21 09:35:55.800,2945.6000,4334,0,78506820.000,0,-,-,-,-,2945.0000,2944.6000,2944.0000,2943.2000,2942.8000,2946.2000,2946.6000,2947.0000,2949.0000,2949.8000,1,1,1,3,2,1,1,1,2,1
SF,IH2009,2020-02-21 09:35:56.800,2945.6000,4334,0,78506820.000,0,-,-,-,-,2945.0000,2944.6000,2944.0000,2943.2000,2942.8000,2946.2000,2946.6000,2947.0000,2949.0000,2949.8000,1,1,1,3,2,1,1,1,2,1
SF,IH2009,2020-02-21 09:35:57.300,2945.6000,4334,0,78506820.000,0,-,-,-,-,2945.0000,2944.6000,2944.0000,2943.2000,2942.8000,2946.6000,2947.0000,2949.0000,2949.8000,2950.0000,1,1,1,3,2,1,1,2,1,2
SF,IH2009,2020-02-21 09:35:57.800,2945.6000,4334,0,78506820.000,0,-,-,-,-,2945.2000,2945.0000,2944.6000,2944.0000,2943.2000,2946.6000,2947.0000,2949.0000,2949.8000,2950.0000,1,1,1,1,3,1,1,2,1,2
SF,IH2009,2020-02-21 09:35:59.300,2945.6000,4334,0,78506820.000,0,-,-,-,-,2945.2000,2945.0000,2944.0000,2943.2000,2942.8000,2946.6000,2947.0000,2949.0000,2949.8000,2950.0000,1,1,1,3,2,1,1,2,1,2
SF,IH2009,2020-02-21 09:35:59.800,2945.6000,4334,0,78506820.000,0,-,-,-,-,2945.2000,2945.0000,2944.0000,2943.2000,2942.8000,2946.4000,2946.6000,2947.0000,2949.0000,2949.8000,1,1,1,3,2,1,1,1,2,1
SF,IH2009,2020-02-21 09:36:00.800,2945.6000,4334,0,78506820.000,0,-,-,-,-,2945.4000,2945.2000,2945.0000,2944.0000,2943.2000,2946.4000,2946.6000,2947.0000,2949.0000,2949.8000,1,1,1,1,3,1,1,1,2,1
SF,IH2009,2020-02-21 09:36:01.300,2945.6000,4334,0,78506820.000,0,-,-,-,-,2945.4000,2945.2000,2944.0000,2943.2000,2942.8000,2946.4000,2947.0000,2949.0000,2949.8000,2950.0000,1,1,1,3,2,1,1,2,1,2
SF,IH2009,2020-02-21 09:36:01.800,2945.6000,4334,0,78506820.000,0,-,-,-,-,2945.4000,2945.2000,2944.0000,2943.2000,2942.8000,2946.4000,2947.0000,2949.0000,2949.8000,2950.0000,1,1,1,3,2,1,1,2,1,2
SF,IH2009,2020-02-21 09:36:02.300,2945.6000,4334,0,78506820.000,0,-,-,-,-,2945.4000,2945.2000,2944.0000,2943.2000,2942.8000,2946.2000,2946.8000,2947.0000,2949.0000,2949.8000,1,1,1,3,2,1,1,1,2,1
SF,IH2009,2020-02-21 09:36:02.800,2945.6000,4334,0,78506820.000,0,-,-,-,-,2945.4000,2945.2000,2944.0000,2943.2000,2942.8000,2946.2000,2946.8000,2947.0000,2949.0000,2949.8000,1,1,1,3,2,2,1,1,2,1
SF,IH2009,2020-02-21 09:36:03.300,2945.6000,4334,0,78506820.000,0,-,-,-,-,2945.4000,2945.2000,2944.0000,2943.2000,2942.8000,2946.0000,2947.0000,2949.0000,2949.8000,2950.0000,1,1,1,3,2,1,1,2,1,2
SF,IH2009,2020-02-21 09:36:03.800,2945.6000,4334,0,78506820.000,0,-,-,-,-,2945.4000,2945.2000,2944.0000,2943.2000,2942.8000,2946.2000,2946.8000,2947.0000,2949.0000,2949.8000,1,1,1,3,2,1,1,1,2,1
SF,IH2009,2020-02-21 09:36:12.800,2945.6000,4334,0,78506820.000,0,-,-,-,-,2945.2000,2944.0000,2943.2000,2942.8000,2942.2000,2946.2000,2946.8000,2947.0000,2949.0000,2949.8000,1,1,3,2,2,1,1,1,2,1
SF,IH2009,2020-02-21 09:36:14.300,2945.2000,4335,1,79390380.000,1,1,0,双开,S,2944.0000,2943.2000,2942.8000,2942.2000,2941.2000,2946.8000,2947.0000,2949.0000,2949.8000,2950.0000,1,3,2,2,1,1,1,2,1,2
