市场代码,合约代码,时间,最新,持仓,增仓,成交额,成交量,开仓,平仓,成交类型,方向,买一价,买二价,买三价,买四价,买五价,卖一价,卖二价,卖三价,卖四价,卖五价,买一量,买二量,买三量,买四量,买五量,卖一量,卖二量,卖三量,卖四量,卖五量
SF,IH2007,2020-06-01 09:29:00.400,2762.8000,5146,0,4144200.000,5.000,-,-,-,-,2762.6000,2760.6000,2759.0000,2758.0000,2757.0000,2763.0000,2763.8000,2768.8000,2772.2000,2778.2000,1,1,1,1,5,1,1,4,1,1
SF,IH2007,2020-06-01 09:30:00.400,2763.2000,5145,-1,9117660.000,6,2,4,多平,S,2763.0000,2762.8000,2762.6000,2759.0000,2758.0000,2763.8000,2766.8000,2768.8000,2771.8000,2774.2000,2,4,2,1,1,1,1,4,1,2
SF,IH2007,2020-06-01 09:30:00.900,2764.0000,5143,-2,13264320.000,5,1,4,多平,S,2764.0000,2763.8000,2763.2000,2763.0000,2762.6000,2768.0000,2771.8000,2774.2000,2778.8000,2797.0000,1,1,4,2,1,1,1,2,1,3
SF,IH2007,2020-06-01 09:30:01.400,2767.6000,5142,-1,15754440.000,3,1,2,多平,S,2764.8000,2764.2000,2764.0000,2763.0000,2758.0000,2767.8000,2771.8000,2774.2000,2778.8000,2797.0000,2,6,4,2,1,1,1,2,1,3
SF,IH2007,2020-06-01 09:30:01.900,2765.0000,5141,-1,17414280.000,2,0,2,多平,S,2765.0000,2764.8000,2764.2000,2764.0000,2763.0000,2771.8000,2774.2000,2777.8000,2778.8000,2797.0000,4,2,2,4,2,1,2,5,1,3
SF,IH2007,2020-06-01 09:30:02.400,2765.0000,5141,0,17414280.000,0,-,-,-,-,2765.2000,2765.0000,2764.8000,2764.0000,2763.0000,2770.2000,2771.0000,2771.6000,2771.8000,2774.2000,1,5,2,4,2,1,3,1,1,2
SF,IH2007,2020-06-01 09:30:02.900,2770.2000,5141,0,18245340.000,1,0,1,多换,S,2768.4000,2765.8000,2765.4000,2765.2000,2765.0000,2771.0000,2771.8000,2774.2000,2778.8000,2781.6000,1,1,5,1,2,2,1,2,1,5
SF,IH2007,2020-06-01 09:30:03.400,2768.4000,5139,-2,20736900.000,3,0,3,多平,S,2768.6000,2765.8000,2765.4000,2765.2000,2764.8000,2770.8000,2771.8000,2774.2000,2778.8000,2781.6000,3,1,2,1,1,1,1,2,1,5
SF,IH2007,2020-06-01 09:30:03.900,2765.8000,5139,0,24058380.000,4,2,2,多换,S,2765.4000,2765.2000,2764.8000,2764.0000,2763.0000,2768.6000,2769.4000,2770.6000,2770.8000,2771.8000,2,1,1,4,2,1,1,1,1,1
SF,IH2007,2020-06-01 09:30:04.400,2769.4000,5138,-1,26550360.000,3,1,2,多平,S,2768.6000,2767.4000,2767.2000,2765.6000,2765.4000,2770.6000,2771.8000,2774.2000,2778.8000,2781.6000,2,1,2,2,3,1,1,2,1,5
SF,IH2007,2020-06-01 09:30:04.900,2770.6000,5137,-1,27381540.000,1,0,1,双平,S,2768.6000,2767.4000,2767.2000,2765.6000,2765.4000,2771.8000,2774.2000,2778.8000,2781.6000,2797.0000,2,1,2,1,3,1,2,1,5,3
SF,IH2007,2020-06-01 09:30:05.400,2768.8000,5137,0,28212180.000,1,0,1,多换,S,2768.8000,2768.6000,2767.4000,2767.2000,2765.4000,2771.8000,2774.2000,2778.8000,2781.6000,2797.0000,1,1,1,2,1,1,2,1,5,3
SF,IH2007,2020-06-01 09:30:05.900,2768.8000,5137,0,28212180.000,0,-,-,-,-,2768.8000,2768.6000,2767.4000,2767.2000,2765.4000,2770.6000,2771.6000,2771.8000,2778.8000,2781.6000,1,1,1,2,1,1,1,1,1,5
SF,IH2007,2020-06-01 09:30:06.400,2770.6000,5138,1,29874540.000,2,1,1,空开,S,2770.6000,2769.6000,2769.0000,2768.8000,2765.4000,2771.6000,2771.8000,2778.8000,2781.6000,2797.0000,1,1,1,1,1,1,1,1,5,3
SF,IH2007,2020-06-01 09:30:06.900,2770.6000,5138,0,30705720.000,1,0,1,多换,S,2769.0000,2768.8000,2768.4000,2768.0000,2765.4000,2770.6000,2771.6000,2771.8000,2778.8000,2781.6000,1,1,1,1,1,1,1,1,1,5
SF,IH2007,2020-06-01 09:30:07.400,2770.6000,5138,0,30705720.000,0,-,-,-,-,2771.4000,2769.4000,2769.2000,2769.0000,2768.4000,2771.6000,2771.8000,2778.8000,2781.6000,2797.0000,1,1,3,1,1,1,1,1,5,3
SF,IH2007,2020-06-01 09:30:07.900,2771.8000,5137,-1,33200160.000,3,1,2,多平,S,2771.8000,2769.4000,2769.2000,2769.0000,2768.4000,2778.8000,2781.6000,2797.0000,2799.0000,2799.8000,1,1,3,1,1,1,5,3,3,1
SF,IH2007,2020-06-01 09:30:08.400,2771.8000,5137,0,34031700.000,1,0,1,多换,S,2769.4000,2769.2000,2769.0000,2768.4000,2768.0000,2770.0000,2771.4000,2771.6000,2771.8000,2773.6000,1,2,1,1,1,1,1,3,1,2
SF,IH2007,2020-06-01 09:30:08.900,2771.4000,5135,-2,35694120.000,2,0,2,双平,S,2770.6000,2770.0000,2769.6000,2769.4000,2769.0000,2773.6000,2776.2000,2778.6000,2778.8000,2781.6000,2,2,1,1,1,2,1,2,1,5
SF,IH2007,2020-06-01 09:30:09.400,2773.6000,5133,-2,37358280.000,2,0,2,双平,S,2770.8000,2770.6000,2770.0000,2769.8000,2769.6000,2777.4000,2778.6000,2778.8000,2779.8000,2781.6000,2,4,2,1,1,2,2,1,1,5
SF,IH2007,2020-06-01 09:30:09.900,2773.6000,5133,0,37358280.000,0,-,-,-,-,2771.4000,2770.8000,2770.6000,2770.0000,2769.8000,2771.6000,2773.8000,2776.2000,2777.2000,2777.4000,1,2,4,1,1,1,1,1,3,2
SF,IH2007,2020-06-01 09:30:10.400,2771.6000,5133,0,38189760.000,1,0,1,多换,S,2773.0000,2771.6000,2771.4000,2770.6000,2770.0000,2776.2000,2777.2000,2777.4000,2778.6000,2778.8000,2,1,1,2,1,1,2,2,1,1
SF,IH2007,2020-06-01 09:30:10.900,2773.0000,5132,-1,39021660.000,1,0,1,双平,S,2771.6000,2771.4000,2768.0000,2765.4000,2764.0000,2772.8000,2773.0000,2773.6000,2774.4000,2776.0000,1,1,1,1,3,3,2,2,1,5
SF,IH2007,2020-06-01 09:30:11.400,2772.8000,5128,-4,47339100.000,10,3,7,多平,S,2768.0000,2765.4000,2764.0000,2763.0000,2762.6000,2773.0000,2776.0000,2778.6000,2778.8000,2779.8000,1,1,3,2,5,2,3,1,1,1
SF,IH2007,2020-06-01 09:30:11.900,2770.6000,5128,0,48170280.000,1,0,1,多换,S,2770.6000,2770.4000,2769.6000,2768.2000,2768.0000,2772.8000,2776.0000,2778.6000,2778.8000,2779.8000,1,1,1,2,2,1,1,1,1,1
SF,IH2007,2020-06-01 09:30:12.400,2772.8000,5126,-2,49833960.000,2,0,2,双平,S,2772.8000,2770.8000,2770.6000,2770.4000,2769.6000,2776.0000,2778.6000,2778.8000,2779.8000,2781.6000,1,1,1,1,1,1,1,1,1,5
SF,IH2007,2020-06-01 09:30:12.900,2774.0000,5126,0,50666160.000,1,0,1,多换,S,2773.0000,2772.8000,2770.6000,2770.4000,2769.6000,2774.8000,2775.8000,2778.6000,2778.8000,2779.8000,1,1,1,1,1,1,1,1,1,1
SF,IH2007,2020-06-01 09:30:13.400,2775.8000,5125,-1,52331340.000,2,0,2,多平,S,2773.2000,2773.0000,2770.6000,2770.4000,2770.2000,2778.8000,2779.8000,2789.2000,2797.0000,2799.0000,1,2,1,1,5,1,1,5,3,3
SF,IH2007,2020-06-01 09:30:13.900,2775.8000,5125,0,52331340.000,0,-,-,-,-,2773.4000,2773.2000,2773.0000,2770.6000,2770.4000,2776.8000,2778.0000,2778.6000,2778.8000,2779.8000,2,1,1,1,1,1,1,2,1,1
SF,IH2007,2020-06-01 09:30:14.400,2773.4000,5123,-2,53995380.000,2,0,2,双平,S,2773.6000,2773.0000,2770.6000,2770.4000,2770.2000,2776.6000,2776.8000,2778.0000,2778.6000,2778.8000,1,1,1,1,5,1,1,1,1,1
SF,IH2007,2020-06-01 09:30:14.900,2773.4000,5123,0,53995380.000,0,-,-,-,-,2773.0000,2770.6000,2770.4000,2770.2000,2769.6000,2776.4000,2776.6000,2776.8000,2778.0000,2778.6000,1,1,1,5,1,2,1,1,1,1
SF,IH2007,2020-06-01 09:30:15.400,2773.4000,5123,0,53995380.000,0,-,-,-,-,2773.2000,2773.0000,2770.6000,2770.4000,2770.2000,2776.2000,2776.4000,2776.8000,2778.0000,2778.6000,1,1,1,1,5,1,2,1,1,1
SF,IH2007,2020-06-01 09:30:15.900,2773.4000,5123,0,53995380.000,0,-,-,-,-,2773.2000,2773.0000,2770.6000,2770.4000,2770.2000,2773.4000,2776.0000,2776.2000,2776.4000,2778.0000,1,1,1,1,5,1,1,1,1,1
SF,IH2007,2020-06-01 09:30:16.400,2773.2000,5122,-1,56491320.000,3,1,2,多平,S,2773.4000,2773.0000,2770.6000,2770.4000,2770.2000,2776.0000,2776.2000,2778.0000,2778.6000,2778.8000,1,1,1,1,5,1,1,1,1,1
SF,IH2007,2020-06-01 09:30:16.900,2773.2000,5122,0,56491320.000,0,-,-,-,-,2773.4000,2773.0000,2770.6000,2770.4000,2770.2000,2775.4000,2775.8000,2776.0000,2778.0000,2778.6000,1,1,1,1,5,1,1,1,1,1
SF,IH2007,2020-06-01 09:30:17.400,2773.4000,5121,-1,57323340.000,1,0,1,双平,S,2773.0000,2770.6000,2770.4000,2770.2000,2769.6000,2775.2000,2775.4000,2778.0000,2778.6000,2778.8000,1,1,1,5,1,3,1,1,1,1
SF,IH2007,2020-06-01 09:30:17.900,2773.4000,5121,0,57323340.000,0,-,-,-,-,2773.0000,2770.6000,2770.4000,2769.6000,2768.0000,2775.2000,2775.4000,2776.0000,2778.0000,2778.6000,1,1,1,1,1,3,1,1,1,1
SF,IH2007,2020-06-01 09:30:18.400,2773.4000,5121,0,57323340.000,0,-,-,-,-,2773.0000,2770.6000,2770.4000,2769.6000,2768.0000,2775.2000,2775.4000,2776.0000,2778.0000,2778.6000,1,1,1,1,1,3,1,1,1,1
SF,IH2007,2020-06-01 09:30:18.900,2773.4000,5121,0,57323340.000,0,-,-,-,-,2773.0000,2770.6000,2770.4000,2769.6000,2768.0000,2775.2000,2775.4000,2776.0000,2778.0000,2778.6000,1,1,1,1,1,3,1,1,1,1
SF,IH2007,2020-06-01 09:30:19.400,2773.0000,5122,1,58155240.000,1,1,0,双开,S,2770.6000,2770.4000,2766.4000,2764.0000,2763.0000,2775.0000,2775.2000,2775.4000,2776.0000,2778.0000,1,1,5,3,3,2,3,1,1,1
SF,IH2007,2020-06-01 09:30:19.900,2773.0000,5122,0,58155240.000,0,-,-,-,-,2770.8000,2770.6000,2770.4000,2766.4000,2764.0000,2774.8000,2775.0000,2775.4000,2776.0000,2778.0000,2,1,1,5,3,1,1,1,1,1
SF,IH2007,2020-06-01 09:30:20.400,2774.6000,5122,0,58987620.000,1,0,1,多换,S,2770.8000,2766.4000,2764.0000,2763.0000,2758.0000,2774.6000,2774.8000,2776.0000,2776.8000,2778.0000,2,5,3,3,2,1,1,1,1,1
SF,IH2007,2020-06-01 09:30:20.900,2770.8000,5121,-1,59818860.000,1,0,1,双平,S,2766.4000,2764.0000,2763.0000,2758.0000,2755.0000,2773.4000,2774.4000,2774.6000,2776.0000,2776.8000,5,3,3,2,5,3,5,1,1,1
SF,IH2007,2020-06-01 09:30:21.400,2770.8000,5121,0,59818860.000,0,-,-,-,-,2766.6000,2766.4000,2764.0000,2763.0000,2758.0000,2773.2000,2773.4000,2774.4000,2774.6000,2776.0000,1,6,3,3,2,1,3,2,1,1
SF,IH2007,2020-06-01 09:30:21.900,2770.8000,5121,0,59818860.000,0,-,-,-,-,2769.6000,2766.8000,2766.6000,2766.4000,2764.0000,2773.0000,2773.2000,2774.4000,2774.6000,2776.0000,1,1,6,5,3,1,1,1,1,1
SF,IH2007,2020-06-01 09:30:22.400,2773.0000,5117,-4,64807260.000,6,1,5,多平,S,2773.4000,2764.0000,2763.0000,2762.6000,2758.0000,2774.4000,2774.8000,2776.0000,2776.8000,2778.0000,16,3,3,5,2,1,1,1,1,1
SF,IH2007,2020-06-01 09:30:22.900,2773.4000,5104,-13,78119580.000,16,1,15,多平,S,2768.8000,2764.0000,2763.0000,2762.6000,2758.0000,2773.4000,2773.8000,2774.0000,2774.2000,2774.4000,1,3,3,5,2,3,2,1,1,1
SF,IH2007,2020-06-01 09:30:23.400,2773.4000,5104,0,78119580.000,0,-,-,-,-,2769.0000,2768.8000,2764.0000,2763.0000,2762.6000,2773.4000,2773.8000,2774.2000,2774.4000,2776.0000,1,1,3,3,5,3,2,1,1,1
SF,IH2007,2020-06-01 09:30:23.900,2773.4000,5104,0,78119580.000,0,-,-,-,-,2769.2000,2769.0000,2768.8000,2764.0000,2763.0000,2772.8000,2773.2000,2773.4000,2773.8000,2774.2000,1,1,1,3,3,1,1,3,2,1
SF,IH2007,2020-06-01 09:30:24.400,2773.4000,5104,0,78119580.000,0,-,-,-,-,2769.2000,2768.8000,2764.0000,2763.0000,2762.6000,2772.6000,2772.8000,2773.4000,2774.2000,2774.4000,1,1,3,3,5,1,1,3,1,1
SF,IH2007,2020-06-01 09:30:24.900,2773.0000,5104,0,78951480.000,1,0,1,多换,S,2769.8000,2769.6000,2769.4000,2769.2000,2768.8000,2774.2000,2774.4000,2776.0000,2776.8000,2778.0000,2,1,1,1,1,1,1,1,1,1
SF,IH2007,2020-06-01 09:30:25.400,2773.0000,5104,0,78951480.000,0,-,-,-,-,2770.2000,2769.8000,2769.6000,2769.2000,2768.8000,2774.0000,2776.0000,2776.8000,2778.0000,2778.8000,1,2,1,1,1,1,1,1,1,1
SF,IH2007,2020-06-01 09:30:25.900,2773.0000,5104,0,78951480.000,0,-,-,-,-,2770.4000,2770.2000,2769.8000,2769.6000,2769.2000,2774.0000,2776.0000,2776.8000,2778.0000,2778.8000,2,1,2,1,1,1,1,1,1,1
SF,IH2007,2020-06-01 09:30:26.400,2774.0000,5103,-1,79783680.000,1,0,1,双平,S,2770.6000,2770.4000,2770.2000,2769.6000,2769.2000,2776.0000,2776.8000,2778.0000,2778.8000,2779.8000,1,2,1,1,1,1,1,1,1,1
SF,IH2007,2020-06-01 09:30:26.900,2774.0000,5103,0,79783680.000,0,-,-,-,-,2770.8000,2770.6000,2769.6000,2769.2000,2764.0000,2775.6000,2775.8000,2776.0000,2776.8000,2778.0000,1,1,1,1,3,2,1,1,1,1
SF,IH2007,2020-06-01 09:30:27.400,2774.0000,5103,0,79783680.000,0,-,-,-,-,2774.0000,2772.0000,2771.0000,2770.8000,2770.6000,2775.6000,2776.0000,2776.8000,2778.0000,2778.8000,10,1,1,1,1,2,1,1,1,1
SF,IH2007,2020-06-01 09:30:27.900,2774.0000,5101,-2,82280280.000,3,0,3,多平,S,2774.0000,2772.0000,2771.0000,2770.8000,2770.6000,2775.4000,2775.6000,2776.0000,2776.8000,2778.8000,7,1,1,1,1,2,2,1,1,1
SF,IH2007,2020-06-01 09:30:28.400,2774.0000,5097,-4,85609080.000,4,0,4,双平,S,2774.0000,2772.0000,2771.0000,2770.8000,2769.6000,2775.4000,2775.6000,2776.0000,2776.8000,2778.8000,3,1,1,1,1,2,2,1,1,1
SF,IH2007,2020-06-01 09:30:28.900,2774.0000,5097,0,85609080.000,0,-,-,-,-,2774.0000,2772.0000,2771.0000,2770.8000,2769.6000,2775.4000,2775.6000,2776.0000,2776.8000,2778.8000,3,1,1,1,1,1,2,1,1,1
SF,IH2007,2020-06-01 09:30:29.400,2776.0000,5091,-6,91436460.000,7,0,7,多平,S,2772.0000,2771.0000,2770.8000,2769.6000,2766.4000,2776.8000,2778.8000,2779.8000,2781.6000,2797.0000,1,1,1,1,5,1,1,1,5,3
SF,IH2007,2020-06-01 09:30:29.900,2776.0000,5091,0,91436460.000,0,-,-,-,-,2772.2000,2772.0000,2769.6000,2766.4000,2764.0000,2776.0000,2776.6000,2776.8000,2778.8000,2779.8000,2,1,1,5,3,1,1,1,1,1
SF,IH2007,2020-06-01 09:30:30.400,2776.0000,5091,0,91436460.000,0,-,-,-,-,2773.2000,2772.4000,2772.2000,2772.0000,2769.6000,2774.0000,2776.0000,2776.6000,2776.8000,2778.8000,2,1,2,1,1,1,1,1,1,1
SF,IH2007,2020-06-01 09:30:30.900,2774.0000,5090,-1,92268660.000,1,0,1,双平,S,2774.0000,2773.2000,2772.2000,2769.6000,2766.4000,2776.0000,2776.6000,2776.8000,2778.8000,2779.8000,1,2,2,1,5,1,1,1,1,1
SF,IH2007,2020-06-01 09:30:31.400,2774.0000,5090,0,92268660.000,0,-,-,-,-,2774.2000,2774.0000,2773.2000,2769.6000,2766.4000,2775.8000,2776.0000,2776.8000,2778.8000,2779.8000,1,1,2,1,5,1,1,1,1,1
SF,IH2007,2020-06-01 09:30:31.900,2776.0000,5089,-1,93934200.000,2,0,2,多平,S,2776.4000,2774.4000,2774.2000,2773.2000,2769.6000,2776.8000,2778.8000,2779.8000,2785.4000,2797.0000,2,1,1,2,1,1,1,1,5,3
SF,IH2007,2020-06-01 09:30:32.400,2776.4000,5089,0,95600040.000,2,1,1,多换,S,2774.4000,2774.2000,2773.2000,2769.6000,2766.4000,2776.8000,2778.8000,2779.8000,2785.4000,2797.0000,1,1,2,1,5,1,1,1,5,3
SF,IH2007,2020-06-01 09:30:32.900,2776.4000,5089,0,95600040.000,0,-,-,-,-,2774.6000,2774.4000,2773.2000,2769.6000,2766.4000,2776.6000,2776.8000,2778.8000,2779.8000,2785.4000,1,1,2,1,5,1,1,1,1,5
SF,IH2007,2020-06-01 09:30:33.400,2776.4000,5089,0,95600040.000,0,-,-,-,-,2774.6000,2773.2000,2769.6000,2766.4000,2763.0000,2776.6000,2776.8000,2778.8000,2779.8000,2785.4000,1,2,1,5,1,1,1,1,1,5
SF,IH2007,2020-06-01 09:30:33.900,2776.4000,5089,0,95600040.000,0,-,-,-,-,2774.8000,2774.6000,2769.6000,2766.4000,2763.0000,2776.6000,2776.8000,2778.8000,2779.8000,2785.4000,1,1,1,5,1,1,1,1,1,5
SF,IH2007,2020-06-01 09:30:34.400,2776.4000,5089,0,95600040.000,0,-,-,-,-,2775.0000,2774.8000,2769.6000,2766.4000,2763.0000,2776.8000,2778.8000,2779.8000,2785.4000,2797.0000,1,1,1,5,1,1,1,1,5,3
SF,IH2007,2020-06-01 09:30:34.900,2775.2000,5088,-1,96432600.000,1,0,1,双平,S,2775.0000,2774.8000,2769.6000,2766.4000,2763.0000,2776.6000,2776.8000,2778.8000,2779.8000,2785.4000,1,1,1,5,1,1,1,1,1,5
SF,IH2007,2020-06-01 09:30:35.400,2769.6000,5087,-1,98095980.000,2,0,2,多平,S,2766.4000,2763.0000,2760.4000,2758.0000,2755.0000,2775.0000,2776.6000,2776.8000,2778.8000,2779.8000,5,1,1,2,5,1,1,1,1,1
SF,IH2007,2020-06-01 09:30:35.900,2769.6000,5087,0,98095980.000,0,-,-,-,-,2772.2000,2772.0000,2771.4000,2767.8000,2766.6000,2774.4000,2774.8000,2775.0000,2776.0000,2776.6000,2,1,1,4,4,2,2,1,1,1
SF,IH2007,2020-06-01 09:30:36.400,2769.6000,5087,0,98095980.000,0,-,-,-,-,2767.8000,2766.6000,2766.4000,2763.0000,2760.4000,2774.2000,2774.4000,2774.8000,2775.0000,2776.0000,4,3,6,1,1,1,3,1,1,1
SF,IH2007,2020-06-01 09:30:36.900,2769.6000,5087,0,98095980.000,0,-,-,-,-,2770.2000,2770.0000,2768.0000,2767.8000,2766.6000,2774.2000,2774.4000,2774.8000,2775.0000,2776.0000,2,2,2,1,2,1,3,1,1,1
SF,IH2007,2020-06-01 09:30:37.400,2769.6000,5087,0,98095980.000,0,-,-,-,-,2770.4000,2770.2000,2770.0000,2769.4000,2769.0000,2774.2000,2774.4000,2775.0000,2776.0000,2776.8000,1,2,1,1,1,1,3,1,1,1
SF,IH2007,2020-06-01 09:30:37.900,2769.6000,5087,0,98095980.000,0,-,-,-,-,2770.6000,2770.4000,2769.0000,2768.0000,2766.6000,2774.2000,2774.4000,2775.0000,2776.0000,2776.8000,1,2,1,1,2,1,2,1,1,1
SF,IH2007,2020-06-01 09:30:38.400,2774.2000,5086,-1,98928240.000,1,0,1,双平,S,2771.0000,2770.8000,2770.6000,2770.4000,2768.0000,2774.4000,2775.0000,2776.0000,2776.8000,2778.8000,2,2,1,2,1,3,1,1,1,1
SF,IH2007,2020-06-01 09:30:38.900,2774.2000,5086,0,98928240.000,0,-,-,-,-,2774.2000,2771.2000,2771.0000,2770.8000,2770.4000,2774.4000,2775.0000,2776.0000,2776.8000,2778.8000,1,1,2,1,2,3,1,1,1,1
SF,IH2007,2020-06-01 09:30:39.400,2774.2000,5085,-1,99760500.000,1,0,1,双平,S,2771.2000,2771.0000,2770.8000,2770.4000,2770.0000,2773.8000,2774.2000,2774.4000,2775.0000,2776.0000,1,2,1,1,1,2,1,1,1,1
SF,IH2007,2020-06-01 09:30:39.900,2774.2000,5084,-1,100592760.000,1,0,1,双平,S,2771.4000,2771.2000,2771.0000,2770.8000,2770.4000,2774.2000,2774.4000,2775.0000,2776.0000,2776.8000,1,1,2,1,1,1,1,1,1,1
SF,IH2007,2020-06-01 09:30:40.400,2774.2000,5083,-1,101425020.000,1,0,1,双平,S,2771.6000,2771.4000,2771.2000,2766.4000,2763.0000,2774.0000,2774.4000,2775.0000,2776.0000,2776.8000,2,1,1,5,1,1,1,1,1,1
SF,IH2007,2020-06-01 09:30:40.900,2774.4000,5083,0,103089600.000,2,1,1,多换,S,2772.0000,2771.8000,2771.6000,2771.2000,2770.0000,2775.0000,2776.0000,2776.8000,2778.8000,2779.8000,2,1,2,1,1,1,1,1,1,1
SF,IH2007,2020-06-01 09:30:41.400,2774.4000,5083,0,103089600.000,0,-,-,-,-,2772.2000,2772.0000,2771.8000,2771.6000,2771.2000,2775.0000,2776.0000,2776.8000,2778.8000,2779.8000,2,2,1,1,1,1,1,1,1,1
SF,IH2007,2020-06-01 09:30:41.900,2774.4000,5083,0,103089600.000,0,-,-,-,-,2772.2000,2772.0000,2771.8000,2771.6000,2771.2000,2775.0000,2776.0000,2776.8000,2778.8000,2779.8000,2,2,1,1,1,1,1,1,1,1
SF,IH2007,2020-06-01 09:30:42.400,2774.4000,5083,0,103089600.000,0,-,-,-,-,2772.4000,2772.2000,2772.0000,2771.6000,2771.2000,2776.0000,2776.8000,2778.8000,2779.8000,2780.0000,1,2,2,1,1,1,1,1,1,1
SF,IH2007,2020-06-01 09:30:42.900,2774.4000,5083,0,103089600.000,0,-,-,-,-,2773.0000,2772.6000,2772.4000,2772.2000,2771.6000,2776.0000,2776.8000,2778.8000,2779.8000,2780.0000,1,2,1,1,1,1,1,1,1,1
SF,IH2007,2020-06-01 09:30:43.400,2774.4000,5083,0,103089600.000,0,-,-,-,-,2773.4000,2773.2000,2773.0000,2772.6000,2772.4000,2776.0000,2776.8000,2778.8000,2779.8000,2780.0000,2,3,1,1,1,1,1,1,1,1
SF,IH2007,2020-06-01 09:30:43.900,2774.4000,5083,0,103089600.000,0,-,-,-,-,2773.6000,2773.4000,2773.2000,2773.0000,2772.6000,2776.0000,2776.8000,2778.8000,2779.8000,2780.0000,2,2,1,1,1,1,1,1,1,1
SF,IH2007,2020-06-01 09:30:44.400,2773.8000,5081,-2,104753880.000,2,0,2,双平,S,2773.6000,2773.4000,2773.2000,2773.0000,2772.6000,2776.0000,2778.8000,2779.8000,2780.0000,2785.4000,2,2,1,1,1,1,1,1,1,5
SF,IH2007,2020-06-01 09:30:44.900,2773.8000,5081,0,104753880.000,0,-,-,-,-,2773.6000,2773.4000,2773.2000,2773.0000,2772.6000,2778.8000,2779.8000,2780.0000,2785.4000,2794.0000,2,2,1,1,1,1,1,1,5,1
SF,IH2007,2020-06-01 09:30:45.400,2773.8000,5081,0,104753880.000,0,-,-,-,-,2773.6000,2773.4000,2773.2000,2773.0000,2772.6000,2778.0000,2778.6000,2778.8000,2779.8000,2780.0000,2,2,1,1,1,1,2,1,1,1
SF,IH2007,2020-06-01 09:30:45.900,2773.8000,5081,0,104753880.000,0,-,-,-,-,2773.6000,2773.4000,2773.2000,2773.0000,2772.6000,2777.8000,2778.6000,2778.8000,2779.8000,2780.0000,1,2,1,1,1,2,2,1,1,1
SF,IH2007,2020-06-01 09:30:46.400,2773.8000,5081,0,104753880.000,0,-,-,-,-,2773.6000,2773.2000,2773.0000,2772.6000,2772.2000,2777.6000,2777.8000,2778.6000,2778.8000,2779.8000,1,1,1,1,2,1,2,2,1,1
SF,IH2007,2020-06-01 09:30:46.900,2773.8000,5081,0,104753880.000,0,-,-,-,-,2773.6000,2773.2000,2772.6000,2772.2000,2771.6000,2776.8000,2777.4000,2777.6000,2778.6000,2778.8000,1,1,1,2,1,2,1,1,2,1
SF,IH2007,2020-06-01 09:30:47.900,2773.8000,5081,0,104753880.000,0,-,-,-,-,2772.2000,2771.6000,2771.2000,2770.8000,2770.2000,2776.8000,2777.4000,2777.6000,2778.6000,2778.8000,2,1,1,1,1,2,1,1,2,1
SF,IH2007,2020-06-01 09:30:48.400,2773.8000,5081,0,104753880.000,0,-,-,-,-,2772.6000,2772.4000,2772.2000,2771.6000,2771.2000,2777.4000,2777.6000,2778.6000,2778.8000,2779.8000,1,1,2,1,1,1,1,1,1,1
SF,IH2007,2020-06-01 09:30:48.900,2773.8000,5081,0,104753880.000,0,-,-,-,-,2773.8000,2772.8000,2772.6000,2772.4000,2772.2000,2777.6000,2778.6000,2778.8000,2779.8000,2780.0000,2,1,1,1,2,1,1,1,1,1
SF,IH2007,2020-06-01 09:30:49.400,2772.8000,5080,-1,105585720.000,1,0,1,双平,S,2772.6000,2772.2000,2771.6000,2771.2000,2770.8000,2777.6000,2778.6000,2778.8000,2779.8000,2780.0000,1,2,1,1,1,1,1,1,1,1
SF,IH2007,2020-06-01 09:30:49.900,2772.8000,5080,0,105585720.000,0,-,-,-,-,2773.4000,2772.8000,2772.6000,2772.2000,2771.6000,2777.6000,2778.6000,2778.8000,2779.8000,2780.0000,2,1,1,2,1,1,1,1,1,1
SF,IH2007,2020-06-01 09:30:50.400,2772.8000,5080,0,105585720.000,0,-,-,-,-,2773.6000,2772.8000,2772.6000,2772.2000,2771.6000,2777.2000,2777.6000,2778.6000,2778.8000,2779.8000,1,1,1,2,1,1,1,1,1,1
SF,IH2007,2020-06-01 09:30:50.900,2772.8000,5080,0,105585720.000,0,-,-,-,-,2773.6000,2772.8000,2772.6000,2772.2000,2771.6000,2777.0000,2777.2000,2777.6000,2778.6000,2778.8000,1,1,1,2,1,1,1,1,1,1
SF,IH2007,2020-06-01 09:30:51.400,2772.8000,5080,0,105585720.000,0,-,-,-,-,2773.8000,2773.6000,2773.0000,2772.8000,2772.6000,2777.0000,2777.6000,2778.6000,2778.8000,2779.8000,1,1,1,1,1,1,1,1,1,1
SF,IH2007,2020-06-01 09:30:51.900,2772.8000,5080,0,105585720.000,0,-,-,-,-,2773.8000,2773.6000,2773.0000,2772.8000,2772.6000,2776.4000,2777.0000,2777.6000,2778.6000,2778.8000,1,1,1,1,1,1,1,1,1,1
SF,IH2007,2020-06-01 09:30:52.400,2772.8000,5080,0,105585720.000,0,-,-,-,-,2773.8000,2773.6000,2773.0000,2772.8000,2772.6000,2776.4000,2777.0000,2777.6000,2778.6000,2778.8000,1,1,1,1,1,1,1,1,1,1
SF,IH2007,2020-06-01 09:30:52.900,2772.8000,5080,0,105585720.000,0,-,-,-,-,2774.0000,2773.8000,2773.6000,2773.0000,2772.8000,2776.4000,2777.0000,2777.6000,2778.6000,2778.8000,1,1,1,1,1,1,1,1,1,1
SF,IH2007,2020-06-01 09:30:53.400,2773.8000,5080,0,106417860.000,1,0,1,多换,S,2773.0000,2772.8000,2772.6000,2772.2000,2771.8000,2776.2000,2776.4000,2777.0000,2777.6000,2778.6000,1,1,1,1,1,1,1,1,1,1
SF,IH2007,2020-06-01 09:30:53.900,2773.8000,5080,0,106417860.000,0,-,-,-,-,2773.2000,2772.6000,2772.2000,2771.8000,2771.6000,2776.2000,2776.4000,2777.0000,2777.6000,2778.6000,1,1,1,1,1,1,1,1,1,1
SF,IH2007,2020-06-01 09:30:54.400,2773.8000,5080,0,106417860.000,0,-,-,-,-,2772.2000,2771.8000,2771.6000,2771.2000,2770.2000,2776.2000,2776.4000,2776.6000,2777.0000,2777.6000,1,1,1,1,1,1,1,10,1,1
SF,IH2007,2020-06-01 09:30:54.900,2773.8000,5080,0,106417860.000,0,-,-,-,-,2772.4000,2772.2000,2771.8000,2771.6000,2771.2000,2776.2000,2776.4000,2776.6000,2777.0000,2777.6000,2,2,1,1,1,1,1,10,1,1
SF,IH2007,2020-06-01 09:30:55.400,2773.8000,5080,0,106417860.000,0,-,-,-,-,2772.6000,2772.4000,2772.2000,2771.8000,2771.6000,2776.2000,2776.4000,2776.6000,2777.0000,2777.6000,1,2,2,1,1,1,1,10,1,1
SF,IH2007,2020-06-01 09:30:55.900,2773.8000,5080,0,106417860.000,0,-,-,-,-,2772.2000,2771.8000,2771.6000,2771.2000,2770.2000,2774.0000,2776.2000,2776.4000,2776.6000,2777.0000,1,1,1,1,1,1,1,1,10,1
SF,IH2007,2020-06-01 09:30:56.400,2772.4000,5078,-2,108913980.000,3,0,3,多平,S,2772.2000,2771.8000,2771.6000,2771.2000,2770.2000,2776.4000,2776.6000,2777.6000,2778.6000,2778.8000,3,1,1,1,1,1,10,1,1,1
SF,IH2007,2020-06-01 09:30:56.900,2772.4000,5078,0,108913980.000,0,-,-,-,-,2772.2000,2771.8000,2771.6000,2771.2000,2770.2000,2776.2000,2776.4000,2776.6000,2777.6000,2778.6000,1,1,1,1,1,2,1,10,1,1
SF,IH2007,2020-06-01 09:30:57.400,2772.4000,5078,0,108913980.000,0,-,-,-,-,2772.4000,2772.2000,2771.8000,2771.6000,2771.2000,2776.2000,2776.4000,2776.6000,2777.6000,2778.6000,1,3,1,1,1,2,1,10,1,1
SF,IH2007,2020-06-01 09:30:57.900,2772.4000,5078,0,108913980.000,0,-,-,-,-,2772.6000,2772.4000,2772.2000,2771.8000,2771.6000,2776.0000,2776.2000,2776.4000,2776.6000,2777.6000,1,1,3,1,2,1,2,1,10,1
SF,IH2007,2020-06-01 09:30:58.400,2772.4000,5078,0,108913980.000,0,-,-,-,-,2772.6000,2772.4000,2772.2000,2771.8000,2771.6000,2776.0000,2776.2000,2776.6000,2777.6000,2778.6000,1,1,1,1,2,1,2,10,1,1
SF,IH2007,2020-06-01 09:30:58.900,2772.4000,5078,0,108913980.000,0,-,-,-,-,2772.6000,2772.4000,2772.2000,2771.8000,2771.6000,2776.0000,2776.2000,2776.6000,2777.6000,2778.6000,3,1,1,1,2,1,1,10,1,1
SF,IH2007,2020-06-01 09:30:59.400,2772.4000,5078,0,108913980.000,0,-,-,-,-,2772.8000,2772.6000,2772.2000,2771.8000,2771.6000,2776.0000,2776.2000,2776.6000,2777.6000,2778.6000,2,3,1,1,2,1,1,10,1,1
SF,IH2007,2020-06-01 09:30:59.900,2772.4000,5078,0,108913980.000,0,-,-,-,-,2773.0000,2772.8000,2772.6000,2772.2000,2771.8000,2776.0000,2776.2000,2776.6000,2777.6000,2778.6000,1,2,3,1,1,1,1,10,1,1
SF,IH2007,2020-06-01 09:31:00.400,2772.4000,5078,0,108913980.000,0,-,-,-,-,2773.2000,2773.0000,2772.8000,2772.6000,2772.4000,2776.0000,2776.2000,2776.6000,2777.6000,2778.6000,1,1,1,3,1,1,1,10,1,1
SF,IH2007,2020-06-01 09:31:00.900,2776.0000,5077,-1,110578560.000,2,0,2,多平,S,2773.2000,2773.0000,2772.6000,2772.4000,2772.2000,2776.2000,2776.6000,2777.6000,2778.6000,2778.8000,1,1,3,1,1,1,10,1,1,1
SF,IH2007,2020-06-01 09:31:01.400,2776.6000,5077,0,119741220.000,11,5,6,多换,S,2773.4000,2773.2000,2773.0000,2772.6000,2772.4000,2777.6000,2778.6000,2778.8000,2779.8000,2780.0000,1,1,1,3,1,1,1,1,1,1
SF,IH2007,2020-06-01 09:31:01.900,2776.6000,5077,0,119741220.000,0,-,-,-,-,2773.6000,2773.4000,2773.0000,2772.6000,2772.4000,2778.6000,2778.8000,2779.8000,2780.0000,2781.8000,3,1,1,1,1,1,1,1,1,2
SF,IH2007,2020-06-01 09:31:02.400,2778.8000,5078,1,120574860.000,1,1,0,双开,S,2774.2000,2773.6000,2773.4000,2773.0000,2772.6000,2779.8000,2780.0000,2781.8000,2785.4000,2786.0000,2,3,1,1,1,1,1,2,5,1
SF,IH2007,2020-06-01 09:31:02.900,2778.8000,5078,0,120574860.000,0,-,-,-,-,2774.4000,2774.2000,2773.6000,2773.4000,2773.0000,2777.2000,2779.6000,2779.8000,2780.0000,2781.8000,1,2,1,1,1,1,2,1,1,2
SF,IH2007,2020-06-01 09:31:03.400,2777.2000,5077,-1,121408020.000,1,0,1,双平,S,2774.4000,2773.6000,2773.4000,2773.0000,2772.6000,2779.6000,2779.8000,2780.0000,2785.4000,2786.0000,2,1,1,1,1,2,1,1,5,1
SF,IH2007,2020-06-01 09:31:03.900,2777.2000,5077,0,121408020.000,0,-,-,-,-,2776.0000,2774.6000,2774.4000,2774.0000,2773.6000,2779.6000,2779.8000,2780.0000,2785.4000,2786.0000,2,1,2,5,1,1,1,1,5,1
SF,IH2007,2020-06-01 09:31:04.400,2777.2000,5077,0,121408020.000,0,-,-,-,-,2776.2000,2776.0000,2774.6000,2774.4000,2773.6000,2779.6000,2779.8000,2780.0000,2785.4000,2786.0000,1,2,1,1,1,1,1,1,5,1
SF,IH2007,2020-06-01 09:31:04.900,2777.2000,5077,0,121408020.000,0,-,-,-,-,2776.4000,2776.2000,2776.0000,2774.6000,2774.4000,2779.6000,2779.8000,2780.0000,2785.4000,2786.0000,1,1,2,1,1,1,1,1,5,1
SF,IH2007,2020-06-01 09:31:05.400,2777.2000,5077,0,121408020.000,0,-,-,-,-,2776.6000,2774.6000,2774.4000,2773.6000,2772.4000,2779.4000,2779.6000,2779.8000,2780.0000,2783.6000,1,1,1,1,1,1,1,1,1,2
SF,IH2007,2020-06-01 09:31:05.900,2776.6000,5077,0,122241000.000,1,0,1,多换,S,2774.6000,2774.4000,2773.6000,2772.4000,2771.8000,2779.2000,2779.6000,2779.8000,2780.0000,2783.6000,1,1,1,1,1,1,1,1,1,2
SF,IH2007,2020-06-01 09:31:06.400,2776.6000,5077,0,122241000.000,0,-,-,-,-,2776.2000,2776.0000,2774.6000,2774.4000,2773.6000,2779.2000,2779.6000,2779.8000,2780.0000,2783.6000,2,1,1,1,1,1,1,1,1,2
SF,IH2007,2020-06-01 09:31:06.900,2776.6000,5077,0,122241000.000,0,-,-,-,-,2776.4000,2776.2000,2776.0000,2774.6000,2774.4000,2779.2000,2779.6000,2779.8000,2780.0000,2783.6000,1,2,1,1,1,1,1,1,1,2
SF,IH2007,2020-06-01 09:31:07.400,2776.6000,5077,0,122241000.000,0,-,-,-,-,2776.4000,2774.6000,2774.4000,2773.6000,2772.4000,2779.2000,2779.6000,2779.8000,2780.0000,2783.6000,1,1,1,1,1,1,1,1,1,2
SF,IH2007,2020-06-01 09:31:07.900,2779.2000,5076,-1,123074760.000,1,0,1,双平,S,2778.4000,2778.2000,2776.6000,2776.4000,2774.6000,2779.6000,2779.8000,2780.0000,2783.6000,2786.0000,2,1,2,1,1,1,1,1,2,1
SF,IH2007,2020-06-01 09:31:08.400,2779.6000,5073,-3,127242840.000,5,1,4,多平,S,2776.8000,2776.6000,2776.4000,2774.4000,2772.4000,2779.8000,2780.0000,2783.6000,2786.0000,2789.2000,1,2,1,1,1,1,1,2,1,5
SF,IH2007,2020-06-01 09:31:08.900,2779.6000,5073,0,127242840.000,0,-,-,-,-,2777.6000,2777.4000,2777.0000,2776.8000,2776.6000,2779.8000,2780.0000,2783.6000,2786.0000,2789.2000,1,2,3,1,1,1,1,2,1,5
SF,IH2007,2020-06-01 09:31:09.400,2779.6000,5073,0,127242840.000,0,-,-,-,-,2777.8000,2777.6000,2777.4000,2777.0000,2776.8000,2779.8000,2780.0000,2786.0000,2789.2000,2792.0000,2,2,2,2,1,1,1,1,5,1
SF,IH2007,2020-06-01 09:31:09.900,2779.6000,5073,0,127242840.000,0,-,-,-,-,2777.8000,2777.6000,2777.4000,2777.0000,2776.8000,2779.8000,2780.0000,2786.0000,2789.2000,2792.0000,2,2,2,1,1,1,1,1,5,1
SF,IH2007,2020-06-01 09:31:10.900,2779.6000,5073,0,127242840.000,0,-,-,-,-,2778.0000,2777.8000,2777.6000,2777.4000,2777.0000,2779.8000,2780.0000,2786.0000,2789.2000,2792.0000,1,2,1,2,1,1,1,1,5,1
SF,IH2007,2020-06-01 09:31:11.400,2779.6000,5073,0,127242840.000,0,-,-,-,-,2778.2000,2778.0000,2777.8000,2777.6000,2777.4000,2779.8000,2780.0000,2786.0000,2789.2000,2792.0000,2,1,1,1,2,1,1,1,5,1
SF,IH2007,2020-06-01 09:31:11.900,2780.0000,5072,-1,128910780.000,2,0,2,多平,S,2779.8000,2779.2000,2778.2000,2778.0000,2777.8000,2786.0000,2789.2000,2792.0000,2794.0000,2797.0000,3,2,2,1,1,1,5,1,1,3
SF,IH2007,2020-06-01 09:31:12.400,2779.8000,5071,-1,130578720.000,2,0,2,多平,S,2779.8000,2778.2000,2778.0000,2777.8000,2777.0000,2780.0000,2783.0000,2783.8000,2784.0000,2785.8000,2,1,1,1,1,4,2,1,1,5
SF,IH2007,2020-06-01 09:31:12.900,2780.0000,5071,0,133914720.000,4,2,2,多换,S,2780.2000,2780.0000,2779.8000,2778.2000,2778.0000,2783.0000,2783.8000,2784.0000,2785.8000,2789.2000,1,3,1,1,1,2,1,1,5,5
SF,IH2007,2020-06-01 09:31:13.400,2780.0000,5071,0,133914720.000,0,-,-,-,-,2779.8000,2778.2000,2778.0000,2777.8000,2772.4000,2782.8000,2783.0000,2784.0000,2785.8000,2789.2000,1,1,1,1,1,2,2,1,4,5
SF,IH2007,2020-06-01 09:31:14.400,2780.0000,5071,0,133914720.000,0,-,-,-,-,2779.8000,2778.2000,2778.0000,2777.8000,2772.4000,2782.8000,2783.0000,2784.0000,2785.8000,2789.2000,1,1,1,1,1,2,2,1,4,5
SF,IH2007,2020-06-01 09:31:14.900,2780.0000,5071,0,133914720.000,0,-,-,-,-,2779.8000,2778.2000,2778.0000,2777.8000,2772.4000,2782.4000,2782.8000,2784.0000,2785.8000,2789.2000,1,1,1,1,1,1,2,1,4,5
SF,IH2007,2020-06-01 09:31:15.400,2780.0000,5071,0,133914720.000,0,-,-,-,-,2779.8000,2778.2000,2778.0000,2777.8000,2772.4000,2782.2000,2784.0000,2785.8000,2789.2000,2790.0000,1,1,1,1,1,3,1,4,5,1
SF,IH2007,2020-06-01 09:31:15.900,2780.0000,5071,0,133914720.000,0,-,-,-,-,2779.8000,2778.2000,2778.0000,2777.8000,2772.4000,2782.2000,2785.8000,2789.2000,2790.0000,2792.0000,1,1,1,1,1,1,4,5,1,1
SF,IH2007,2020-06-01 09:31:16.400,2780.0000,5071,0,133914720.000,0,-,-,-,-,2780.4000,2780.0000,2779.8000,2778.2000,2778.0000,2782.0000,2782.2000,2785.8000,2789.2000,2790.0000,1,2,1,1,1,1,1,4,5,1
SF,IH2007,2020-06-01 09:31:17.400,2780.0000,5071,0,133914720.000,0,-,-,-,-,2780.4000,2780.0000,2779.8000,2778.2000,2778.0000,2782.0000,2782.2000,2785.8000,2789.2000,2790.0000,1,2,1,1,1,1,1,4,5,1
SF,IH2007,2020-06-01 09:31:17.900,2782.0000,5071,0,134749320.000,1,0,1,多换,S,2780.8000,2780.6000,2780.4000,2780.0000,2779.8000,2782.2000,2783.8000,2785.8000,2790.0000,2793.0000,1,2,1,2,1,1,1,4,1,5
SF,IH2007,2020-06-01 09:31:18.400,2782.0000,5070,-1,135583920.000,1,0,1,双平,S,2781.0000,2780.8000,2780.6000,2780.4000,2780.0000,2782.2000,2783.8000,2785.8000,2790.0000,2793.0000,2,1,2,1,2,1,1,4,1,5
SF,IH2007,2020-06-01 09:31:18.900,2782.0000,5070,0,135583920.000,0,-,-,-,-,2781.0000,2780.8000,2780.6000,2780.4000,2780.0000,2783.8000,2785.8000,2790.0000,2793.0000,2794.0000,2,1,2,1,2,1,4,1,5,1
SF,IH2007,2020-06-01 09:31:19.400,2782.0000,5070,0,135583920.000,0,-,-,-,-,2781.0000,2780.8000,2780.6000,2780.4000,2780.0000,2783.6000,2783.8000,2785.8000,2790.0000,2793.0000,2,1,2,1,2,1,1,1,1,5
SF,IH2007,2020-06-01 09:31:19.900,2782.0000,5070,0,135583920.000,0,-,-,-,-,2781.0000,2780.8000,2780.6000,2780.0000,2779.8000,2783.6000,2783.8000,2785.8000,2790.0000,2793.0000,1,1,2,2,1,1,1,1,1,5
SF,IH2007,2020-06-01 09:31:20.400,2782.0000,5070,0,135583920.000,0,-,-,-,-,2781.6000,2781.0000,2780.8000,2780.6000,2780.0000,2783.4000,2783.6000,2783.8000,2785.8000,2790.0000,1,1,1,2,1,1,1,1,1,1
SF,IH2007,2020-06-01 09:31:20.900,2782.0000,5070,0,135583920.000,0,-,-,-,-,2781.8000,2781.6000,2781.0000,2780.8000,2780.6000,2783.2000,2783.4000,2783.8000,2785.8000,2790.0000,1,1,1,1,2,1,1,1,1,1
SF,IH2007,2020-06-01 09:31:21.400,2782.0000,5070,0,135583920.000,0,-,-,-,-,2781.8000,2781.6000,2781.0000,2780.8000,2780.6000,2783.2000,2783.8000,2785.8000,2790.0000,2793.0000,1,1,1,1,2,1,1,1,1,5
SF,IH2007,2020-06-01 09:31:22.400,2782.0000,5069,-1,137253480.000,2,0,2,多平,S,2781.8000,2781.6000,2781.0000,2780.6000,2780.0000,2783.8000,2785.8000,2790.0000,2793.0000,2794.0000,1,1,1,2,1,1,1,1,5,1
SF,IH2007,2020-06-01 09:31:22.900,2782.0000,5069,0,138088080.000,1,0,1,多换,S,2782.0000,2781.8000,2781.6000,2781.0000,2780.0000,2783.8000,2785.8000,2790.0000,2793.0000,2794.0000,2,1,1,1,1,1,1,1,5,1
SF,IH2007,2020-06-01 09:31:23.400,2782.0000,5069,0,138088080.000,0,-,-,-,-,2782.0000,2781.8000,2781.0000,2780.0000,2779.8000,2783.8000,2785.8000,2790.0000,2793.0000,2794.0000,1,1,1,1,1,1,1,1,5,1
SF,IH2007,2020-06-01 09:31:23.900,2782.0000,5069,0,138088080.000,0,-,-,-,-,2782.4000,2782.2000,2782.0000,2781.8000,2781.0000,2783.8000,2785.8000,2790.0000,2793.0000,2794.0000,1,1,1,1,1,1,1,1,5,1
SF,IH2007,2020-06-01 09:31:24.400,2782.2000,5067,-2,139757400.000,2,0,2,双平,S,2782.0000,2781.8000,2781.0000,2780.0000,2778.0000,2783.8000,2785.8000,2790.0000,2793.0000,2794.0000,1,1,1,1,1,1,1,1,5,1
SF,IH2007,2020-06-01 09:31:25.900,2782.2000,5067,0,139757400.000,0,-,-,-,-,2782.2000,2782.0000,2781.8000,2781.0000,2780.0000,2783.8000,2785.8000,2790.0000,2793.0000,2794.0000,4,1,1,1,1,1,1,1,5,1
SF,IH2007,2020-06-01 09:31:26.400,2782.2000,5067,0,140592060.000,1,0,1,多换,S,2782.2000,2782.0000,2781.8000,2781.0000,2780.0000,2783.8000,2785.8000,2790.0000,2793.0000,2794.0000,2,1,1,1,1,1,1,1,5,1
SF,IH2007,2020-06-01 09:31:26.900,2782.2000,5067,0,140592060.000,0,-,-,-,-,2782.4000,2782.0000,2781.8000,2781.0000,2780.0000,2783.8000,2785.8000,2790.0000,2793.0000,2794.0000,1,1,1,1,1,1,1,1,5,1
SF,IH2007,2020-06-01 09:31:27.400,2782.2000,5067,0,141426720.000,1,0,1,多换,S,2782.4000,2782.0000,2781.8000,2781.0000,2780.0000,2783.8000,2785.8000,2790.0000,2793.0000,2794.0000,1,1,1,1,1,1,1,1,5,1
SF,IH2007,2020-06-01 09:31:27.900,2782.4000,5066,-1,142261440.000,1,0,1,双平,S,2782.0000,2781.8000,2781.0000,2780.0000,2778.0000,2783.8000,2785.8000,2790.0000,2793.0000,2794.0000,1,1,1,1,1,1,1,1,5,1
SF,IH2007,2020-06-01 09:31:28.400,2782.4000,5066,0,142261440.000,0,-,-,-,-,2782.2000,2782.0000,2781.8000,2781.0000,2780.0000,2783.8000,2785.8000,2790.0000,2793.0000,2794.0000,2,1,1,1,1,1,1,1,5,1
SF,IH2007,2020-06-01 09:31:28.900,2782.4000,5066,0,142261440.000,0,-,-,-,-,2782.2000,2782.0000,2781.8000,2781.0000,2780.0000,2783.8000,2785.8000,2790.0000,2793.0000,2794.0000,3,1,1,1,1,1,1,1,5,1
SF,IH2007,2020-06-01 09:31:29.400,2782.4000,5066,0,142261440.000,0,-,-,-,-,2782.4000,2782.2000,2782.0000,2781.8000,2781.0000,2783.8000,2785.8000,2790.0000,2793.0000,2794.0000,1,2,1,1,1,1,1,1,5,1
SF,IH2007,2020-06-01 09:31:29.900,2782.4000,5066,0,143096160.000,1,0,1,多换,S,2782.0000,2781.8000,2781.0000,2780.0000,2778.0000,2782.4000,2783.8000,2785.8000,2790.0000,2793.0000,1,1,1,1,1,12,1,1,1,5
SF,IH2007,2020-06-01 09:31:30.400,2782.0000,5063,-3,145599900.000,3,0,3,双平,S,2781.0000,2780.0000,2778.0000,2777.8000,2770.6000,2782.4000,2783.8000,2785.8000,2790.0000,2793.0000,1,1,1,5,1,12,1,1,1,5
SF,IH2007,2020-06-01 09:31:30.900,2782.0000,5063,0,145599900.000,0,-,-,-,-,2781.2000,2781.0000,2780.0000,2778.0000,2777.8000,2782.4000,2783.8000,2785.8000,2790.0000,2793.0000,2,1,1,1,5,12,1,1,1,5
SF,IH2007,2020-06-01 09:31:31.400,2782.4000,5061,-2,148938780.000,4,1,3,多平,S,2781.6000,2781.4000,2781.2000,2781.0000,2780.0000,2782.4000,2783.8000,2785.8000,2790.0000,2793.0000,1,5,2,1,1,8,1,1,1,5
SF,IH2007,2020-06-01 09:31:31.900,2782.4000,5061,0,148938780.000,0,-,-,-,-,2781.4000,2781.2000,2781.0000,2780.0000,2778.0000,2782.4000,2783.8000,2785.8000,2790.0000,2793.0000,5,2,1,1,1,8,1,1,1,5
SF,IH2007,2020-06-01 09:31:32.400,2782.4000,5061,0,150608220.000,2,1,1,多换,S,2781.4000,2781.2000,2781.0000,2780.0000,2778.0000,2782.4000,2783.8000,2785.8000,2790.0000,2793.0000,5,2,1,1,1,6,1,1,1,5
SF,IH2007,2020-06-01 09:31:32.900,2782.4000,5061,0,150608220.000,0,-,-,-,-,2781.4000,2781.0000,2780.0000,2778.0000,2777.8000,2782.4000,2783.8000,2785.8000,2789.8000,2790.0000,5,1,1,1,5,6,1,1,10,1
SF,IH2007,2020-06-01 09:31:34.900,2782.4000,5061,0,152277660.000,2,1,1,多换,S,2781.4000,2781.0000,2780.0000,2778.0000,2777.8000,2782.4000,2783.8000,2785.8000,2789.8000,2790.0000,5,1,1,1,5,4,1,1,10,1
SF,IH2007,2020-06-01 09:31:36.400,2782.4000,5061,0,152277660.000,0,-,-,-,-,2781.4000,2781.0000,2780.0000,2778.0000,2777.8000,2782.4000,2783.8000,2785.8000,2789.8000,2790.0000,4,1,1,1,5,4,2,1,10,1
SF,IH2007,2020-06-01 09:31:36.900,2782.4000,5061,0,154781820.000,3,1,2,多换,S,2781.6000,2781.4000,2781.0000,2780.0000,2778.0000,2782.4000,2783.8000,2785.8000,2786.0000,2789.8000,2,4,1,1,1,1,2,1,1,10
SF,IH2007,2020-06-01 09:31:37.400,2782.4000,5060,-1,155616540.000,1,0,1,双平,S,2781.8000,2781.4000,2781.0000,2780.0000,2778.0000,2783.8000,2785.8000,2786.0000,2789.8000,2790.0000,1,4,1,1,1,2,1,1,10,1
SF,IH2007,2020-06-01 09:31:37.900,2782.4000,5060,0,155616540.000,0,-,-,-,-,2781.0000,2780.0000,2778.0000,2777.8000,2770.6000,2783.6000,2783.8000,2785.8000,2786.0000,2789.8000,1,1,1,5,1,1,2,1,1,10
SF,IH2007,2020-06-01 09:31:38.400,2782.4000,5060,0,155616540.000,0,-,-,-,-,2781.0000,2780.0000,2778.0000,2777.8000,2770.6000,2781.4000,2783.6000,2783.8000,2785.8000,2786.0000,1,1,1,5,1,1,1,2,1,1
SF,IH2007,2020-06-01 09:31:38.900,2781.4000,5059,-1,156450960.000,1,0,1,双平,S,2781.4000,2781.0000,2780.0000,2778.0000,2777.8000,2783.6000,2783.8000,2785.8000,2786.0000,2789.8000,1,1,1,1,5,1,2,1,1,10
SF,IH2007,2020-06-01 09:31:39.400,2781.4000,5059,0,156450960.000,0,-,-,-,-,2781.0000,2780.0000,2778.0000,2777.8000,2770.6000,2783.4000,2783.6000,2783.8000,2785.8000,2786.0000,1,1,1,5,1,1,1,2,1,1
SF,IH2007,2020-06-01 09:31:39.900,2781.4000,5059,0,156450960.000,0,-,-,-,-,2781.0000,2780.0000,2778.0000,2777.8000,2770.6000,2783.2000,2783.4000,2783.8000,2785.8000,2786.0000,1,1,1,5,1,1,1,2,1,1
SF,IH2007,2020-06-01 09:31:40.400,2781.4000,5059,0,156450960.000,0,-,-,-,-,2781.2000,2781.0000,2780.0000,2778.0000,2777.8000,2783.0000,2783.2000,2783.8000,2785.8000,2786.0000,1,1,1,1,5,1,1,2,1,1
SF,IH2007,2020-06-01 09:31:40.900,2781.4000,5059,0,156450960.000,0,-,-,-,-,2781.2000,2781.0000,2780.0000,2778.0000,2777.8000,2782.8000,2783.0000,2783.8000,2785.8000,2786.0000,1,1,1,1,5,1,1,2,1,1
SF,IH2007,2020-06-01 09:31:41.400,2781.4000,5059,0,156450960.000,0,-,-,-,-,2781.2000,2781.0000,2780.0000,2778.0000,2777.8000,2782.6000,2782.8000,2783.8000,2785.8000,2786.0000,1,1,1,1,5,1,1,2,1,1
SF,IH2007,2020-06-01 09:31:42.400,2781.4000,5059,0,156450960.000,0,-,-,-,-,2781.2000,2781.0000,2780.0000,2778.0000,2777.8000,2782.6000,2782.8000,2783.8000,2785.8000,2786.0000,1,2,1,1,5,1,1,2,1,1
SF,IH2007,2020-06-01 09:31:42.900,2781.4000,5059,0,157285380.000,1,0,1,多换,S,2781.2000,2781.0000,2780.0000,2778.0000,2777.8000,2782.6000,2782.8000,2783.8000,2785.8000,2786.0000,1,2,1,1,5,1,1,2,1,1
SF,IH2007,2020-06-01 09:31:43.900,2781.4000,5059,0,157285380.000,0,-,-,-,-,2781.4000,2781.2000,2781.0000,2780.0000,2778.0000,2782.6000,2782.8000,2783.8000,2785.8000,2786.0000,1,1,2,1,1,1,1,2,1,1
SF,IH2007,2020-06-01 09:31:44.900,2781.4000,5059,0,157285380.000,0,-,-,-,-,2781.4000,2781.2000,2781.0000,2780.0000,2778.0000,2782.6000,2782.8000,2783.8000,2785.8000,2786.0000,1,1,2,1,1,1,1,2,1,1
SF,IH2007,2020-06-01 09:31:47.900,2781.4000,5059,0,157285380.000,0,-,-,-,-,2781.4000,2781.2000,2781.0000,2780.0000,2778.0000,2782.8000,2783.8000,2785.8000,2786.0000,2789.8000,1,1,2,1,1,1,2,1,1,10
SF,IH2007,2020-06-01 09:31:48.400,2781.4000,5059,0,157285380.000,0,-,-,-,-,2781.6000,2781.4000,2781.2000,2781.0000,2780.0000,2782.8000,2783.8000,2785.8000,2786.0000,2789.8000,1,1,1,2,1,1,2,1,1,10
SF,IH2007,2020-06-01 09:31:48.900,2781.4000,5059,0,157285380.000,0,-,-,-,-,2781.6000,2781.4000,2781.2000,2781.0000,2780.0000,2783.8000,2785.8000,2786.0000,2789.8000,2793.0000,1,1,1,2,1,2,1,1,10,5
SF,IH2007,2020-06-01 09:31:49.400,2781.4000,5059,0,157285380.000,0,-,-,-,-,2782.0000,2781.8000,2781.6000,2781.4000,2781.2000,2783.6000,2783.8000,2785.8000,2786.0000,2789.8000,2,2,1,2,1,2,2,1,1,10
SF,IH2007,2020-06-01 09:31:49.900,2781.4000,5059,0,157285380.000,0,-,-,-,-,2781.8000,2781.6000,2781.4000,2781.2000,2781.0000,2783.6000,2783.8000,2785.8000,2786.0000,2789.8000,1,1,1,1,2,2,2,1,1,10
SF,IH2007,2020-06-01 09:31:50.400,2781.4000,5059,0,157285380.000,0,-,-,-,-,2781.8000,2781.6000,2781.2000,2781.0000,2780.0000,2783.6000,2783.8000,2785.8000,2786.0000,2789.8000,1,1,1,2,1,2,2,1,1,10
SF,IH2007,2020-06-01 09:31:50.900,2781.4000,5059,0,157285380.000,0,-,-,-,-,2782.0000,2781.8000,2781.6000,2781.2000,2781.0000,2783.6000,2783.8000,2785.8000,2786.0000,2789.8000,2,2,1,1,2,2,2,1,1,10
SF,IH2007,2020-06-01 09:31:51.400,2781.4000,5059,0,157285380.000,0,-,-,-,-,2781.8000,2781.6000,2781.2000,2781.0000,2780.0000,2782.0000,2783.6000,2783.8000,2785.8000,2786.0000,2,1,1,2,1,1,2,2,1,1
SF,IH2007,2020-06-01 09:31:51.900,2782.0000,5059,0,158119980.000,1,0,1,多换,S,2781.8000,2781.6000,2781.2000,2781.0000,2780.0000,2783.6000,2783.8000,2785.8000,2786.0000,2789.8000,2,1,1,2,1,2,2,1,1,10
SF,IH2007,2020-06-01 09:31:52.400,2782.0000,5059,0,158119980.000,0,-,-,-,-,2781.8000,2781.6000,2781.2000,2781.0000,2780.0000,2783.6000,2783.8000,2785.8000,2786.0000,2789.8000,1,1,1,2,1,2,2,1,1,10
SF,IH2007,2020-06-01 09:31:52.900,2782.0000,5059,0,158119980.000,0,-,-,-,-,2782.0000,2781.8000,2781.6000,2781.2000,2781.0000,2783.6000,2783.8000,2785.8000,2786.0000,2789.8000,2,1,1,1,2,2,2,1,1,10
SF,IH2007,2020-06-01 09:31:53.400,2782.0000,5059,0,158119980.000,0,-,-,-,-,2782.2000,2782.0000,2781.6000,2781.2000,2781.0000,2783.6000,2783.8000,2785.8000,2786.0000,2789.8000,1,2,1,1,2,2,2,1,1,10
SF,IH2007,2020-06-01 09:31:53.900,2782.0000,5059,0,158119980.000,0,-,-,-,-,2782.2000,2782.0000,2781.6000,2781.2000,2781.0000,2783.4000,2783.6000,2783.8000,2785.8000,2786.0000,1,2,1,1,2,1,2,2,1,1
SF,IH2007,2020-06-01 09:31:54.400,2782.0000,5059,0,158119980.000,0,-,-,-,-,2782.2000,2782.0000,2781.6000,2781.2000,2781.0000,2783.2000,2783.4000,2783.6000,2783.8000,2785.8000,1,2,1,1,2,1,1,1,2,1
SF,IH2007,2020-06-01 09:31:54.900,2783.2000,5059,0,158954940.000,1,0,1,多换,S,2782.2000,2782.0000,2781.6000,2781.2000,2781.0000,2783.6000,2783.8000,2785.8000,2786.0000,2789.8000,1,2,1,1,2,1,2,1,1,10
SF,IH2007,2020-06-01 09:31:55.400,2783.2000,5059,0,158954940.000,0,-,-,-,-,2782.2000,2782.0000,2781.6000,2781.2000,2781.0000,2783.6000,2783.8000,2785.8000,2786.0000,2789.8000,2,2,1,1,2,1,2,1,1,10
SF,IH2007,2020-06-01 09:31:55.900,2783.2000,5059,0,158954940.000,0,-,-,-,-,2781.6000,2781.2000,2781.0000,2780.0000,2778.0000,2782.2000,2783.6000,2783.8000,2785.8000,2786.0000,1,1,2,1,1,1,1,2,1,1
SF,IH2007,2020-06-01 09:31:56.400,2782.4000,5058,-1,159789660.000,1,0,1,双平,S,2782.2000,2781.6000,2781.2000,2781.0000,2780.0000,2783.6000,2783.8000,2785.8000,2786.0000,2789.8000,2,1,1,2,1,1,2,1,1,10
SF,IH2007,2020-06-01 09:31:56.900,2782.4000,5058,0,159789660.000,0,-,-,-,-,2782.4000,2782.2000,2781.6000,2781.2000,2781.0000,2783.6000,2783.8000,2785.8000,2786.0000,2789.8000,1,4,1,1,2,1,2,1,1,10
SF,IH2007,2020-06-01 09:31:57.400,2782.4000,5058,0,159789660.000,0,-,-,-,-,2782.4000,2782.2000,2781.6000,2781.2000,2781.0000,2783.8000,2785.8000,2786.0000,2789.8000,2793.0000,1,4,1,1,2,2,1,1,10,5
SF,IH2007,2020-06-01 09:31:58.400,2782.4000,5057,-1,160624380.000,1,0,1,双平,S,2782.2000,2781.6000,2781.2000,2781.0000,2780.6000,2783.8000,2785.8000,2786.0000,2789.8000,2793.0000,3,1,1,2,1,2,1,1,10,5
SF,IH2007,2020-06-01 09:31:58.900,2782.4000,5057,0,160624380.000,0,-,-,-,-,2782.2000,2781.6000,2781.2000,2781.0000,2780.6000,2783.6000,2783.8000,2785.8000,2786.0000,2789.8000,3,1,1,2,1,2,2,1,1,10
SF,IH2007,2020-06-01 09:31:59.400,2783.6000,5058,1,162294540.000,2,1,1,空开,S,2782.2000,2781.6000,2781.2000,2781.0000,2780.6000,2783.8000,2785.8000,2786.0000,2789.8000,2793.0000,3,1,1,2,1,2,1,1,10,5
SF,IH2007,2020-06-01 09:31:59.900,2783.8000,5059,1,163129680.000,1,1,0,双开,S,2782.2000,2781.6000,2781.2000,2781.0000,2780.6000,2783.8000,2785.8000,2786.0000,2789.8000,2793.0000,3,1,1,2,1,1,1,1,10,5
SF,IH2007,2020-06-01 09:32:00.400,2783.8000,5059,0,163129680.000,0,-,-,-,-,2782.4000,2781.6000,2781.2000,2781.0000,2780.6000,2783.8000,2785.8000,2786.0000,2789.8000,2793.0000,1,1,1,2,1,1,1,1,10,5
SF,IH2007,2020-06-01 09:32:01.400,2783.2000,5059,0,164799780.000,2,1,1,多换,S,2783.2000,2783.0000,2782.4000,2781.6000,2781.2000,2785.8000,2786.0000,2789.8000,2793.0000,2794.0000,1,1,1,1,1,1,1,10,5,1
SF,IH2007,2020-06-01 09:32:01.900,2783.2000,5059,0,165634740.000,1,0,1,多换,S,2783.0000,2781.6000,2781.2000,2781.0000,2778.0000,2785.6000,2786.0000,2789.8000,2793.0000,2794.0000,1,1,1,2,1,2,1,10,5,1
SF,IH2007,2020-06-01 09:32:02.400,2783.2000,5059,0,165634740.000,0,-,-,-,-,2783.2000,2783.0000,2781.6000,2781.2000,2781.0000,2785.6000,2786.0000,2789.8000,2794.0000,2796.8000,1,1,1,1,3,2,1,10,1,5
SF,IH2007,2020-06-01 09:32:02.900,2783.2000,5059,0,165634740.000,0,-,-,-,-,2783.4000,2783.2000,2783.0000,2781.6000,2781.2000,2785.6000,2786.0000,2789.8000,2794.0000,2796.8000,1,1,1,1,1,1,1,10,1,5
SF,IH2007,2020-06-01 09:32:03.400,2783.4000,5059,0,166469760.000,1,0,1,多换,S,2783.2000,2783.0000,2781.6000,2781.2000,2781.0000,2783.4000,2785.6000,2786.0000,2789.8000,2794.0000,1,1,1,1,3,1,1,1,10,1
SF,IH2007,2020-06-01 09:32:03.900,2783.2000,5057,-2,169809660.000,4,1,3,多平,S,2783.0000,2781.6000,2781.2000,2781.0000,2778.0000,2785.6000,2786.0000,2789.8000,2794.0000,2796.8000,1,1,1,3,1,1,1,10,1,5
SF,IH2007,2020-06-01 09:32:04.400,2783.2000,5057,0,169809660.000,0,-,-,-,-,2781.6000,2781.2000,2781.0000,2778.0000,2777.8000,2785.4000,2785.6000,2786.0000,2789.8000,2794.0000,1,1,3,1,5,1,1,1,10,1
SF,IH2007,2020-06-01 09:32:04.900,2783.2000,5057,0,169809660.000,0,-,-,-,-,2782.4000,2781.6000,2781.2000,2781.0000,2778.0000,2785.2000,2785.4000,2786.0000,2789.8000,2794.0000,1,1,1,3,1,1,1,1,10,1
SF,IH2007,2020-06-01 09:32:05.400,2783.2000,5057,0,169809660.000,0,-,-,-,-,2781.6000,2781.2000,2781.0000,2778.0000,2777.8000,2785.0000,2785.2000,2785.4000,2786.0000,2789.8000,1,1,3,1,5,1,1,1,1,10
SF,IH2007,2020-06-01 09:32:05.900,2783.2000,5057,0,169809660.000,0,-,-,-,-,2781.8000,2781.6000,2781.2000,2781.0000,2778.0000,2783.2000,2784.8000,2785.0000,2786.0000,2789.8000,1,1,1,3,1,1,1,1,1,10
SF,IH2007,2020-06-01 09:32:06.400,2783.2000,5058,1,170644620.000,1,1,0,双开,S,2781.8000,2781.6000,2781.2000,2781.0000,2778.0000,2784.8000,2786.0000,2789.8000,2794.0000,2796.8000,1,1,1,3,1,1,1,10,1,5
SF,IH2007,2020-06-01 09:32:07.400,2783.2000,5058,0,170644620.000,0,-,-,-,-,2782.4000,2782.0000,2781.8000,2781.6000,2781.2000,2784.8000,2786.0000,2789.8000,2794.0000,2796.8000,1,1,1,1,1,1,1,10,1,5
SF,IH2007,2020-06-01 09:32:07.900,2782.6000,5057,-1,171479400.000,1,0,1,双平,S,2782.4000,2782.0000,2781.8000,2781.6000,2781.2000,2784.6000,2784.8000,2786.0000,2789.0000,2789.8000,1,1,1,1,1,1,1,1,1,10
SF,IH2007,2020-06-01 09:32:08.400,2784.6000,5056,-1,172314780.000,1,0,1,双平,S,2782.6000,2782.4000,2782.0000,2781.6000,2781.2000,2784.4000,2786.0000,2789.8000,2790.0000,2794.0000,1,1,1,1,1,1,1,10,1,1
SF,IH2007,2020-06-01 09:32:08.900,2784.6000,5056,0,172314780.000,0,-,-,-,-,2783.8000,2782.6000,2782.4000,2782.0000,2781.6000,2784.4000,2786.0000,2789.8000,2790.0000,2794.0000,1,1,1,1,1,1,1,10,1,1
SF,IH2007,2020-06-01 09:32:09.400,2784.4000,5055,-1,173150100.000,1,0,1,双平,S,2784.0000,2783.8000,2783.0000,2782.6000,2782.4000,2786.0000,2789.8000,2790.0000,2794.0000,2796.8000,1,1,1,1,1,1,10,1,1,5
SF,IH2007,2020-06-01 09:32:09.900,2784.0000,5055,0,173985300.000,1,0,1,多换,S,2783.8000,2783.0000,2782.6000,2782.4000,2782.0000,2785.8000,2786.0000,2789.8000,2790.0000,2794.0000,1,1,1,1,1,2,1,10,1,1
SF,IH2007,2020-06-01 09:32:10.400,2784.0000,5055,0,173985300.000,0,-,-,-,-,2784.2000,2784.0000,2783.8000,2782.6000,2782.0000,2785.8000,2786.0000,2789.8000,2790.0000,2794.0000,1,1,1,1,1,1,1,10,1,1
SF,IH2007,2020-06-01 09:32:10.900,2784.0000,5055,0,173985300.000,0,-,-,-,-,2784.4000,2784.2000,2783.8000,2782.6000,2781.6000,2785.8000,2786.0000,2789.8000,2790.0000,2794.0000,1,1,1,1,1,1,1,10,1,1
SF,IH2007,2020-06-01 09:32:11.400,2784.0000,5055,0,173985300.000,0,-,-,-,-,2784.6000,2784.4000,2784.2000,2783.8000,2782.6000,2785.8000,2786.0000,2789.8000,2790.0000,2794.0000,1,1,1,1,1,1,1,10,1,1
SF,IH2007,2020-06-01 09:32:11.900,2784.0000,5055,0,173985300.000,0,-,-,-,-,2784.6000,2784.4000,2784.2000,2783.8000,2781.6000,2786.0000,2789.8000,2790.0000,2794.0000,2796.8000,1,1,1,1,1,1,10,1,1,5
SF,IH2007,2020-06-01 09:32:12.400,2784.0000,5055,0,173985300.000,0,-,-,-,-,2784.6000,2784.4000,2784.2000,2781.6000,2781.4000,2786.0000,2789.8000,2790.0000,2794.0000,2796.8000,1,1,1,1,1,1,10,1,1,5
SF,IH2007,2020-06-01 09:32:12.900,2784.0000,5055,0,173985300.000,0,-,-,-,-,2785.4000,2784.8000,2784.6000,2784.4000,2781.6000,2786.0000,2789.8000,2790.0000,2794.0000,2796.8000,1,1,1,1,1,1,10,1,1,5
SF,IH2007,2020-06-01 09:32:13.400,2784.8000,5054,-1,175656300.000,2,0,2,多平,S,2784.6000,2781.4000,2781.2000,2781.0000,2778.0000,2785.4000,2786.0000,2789.8000,2790.0000,2794.0000,1,1,1,2,1,1,1,10,1,1
SF,IH2007,2020-06-01 09:32:13.900,2785.4000,5053,-1,177327300.000,2,0,2,多平,S,2781.4000,2781.2000,2781.0000,2778.0000,2777.8000,2785.8000,2786.0000,2789.8000,2790.0000,2794.0000,1,1,2,1,5,1,1,10,1,1
SF,IH2007,2020-06-01 09:32:14.400,2785.4000,5053,0,177327300.000,0,-,-,-,-,2784.0000,2781.6000,2781.4000,2781.2000,2781.0000,2785.4000,2785.6000,2785.8000,2786.0000,2789.8000,1,3,2,1,2,1,1,1,1,10
SF,IH2007,2020-06-01 09:32:14.900,2784.2000,5052,-1,178162560.000,1,0,1,双平,S,2781.6000,2781.4000,2781.2000,2781.0000,2778.0000,2785.4000,2785.6000,2785.8000,2786.0000,2789.8000,3,2,1,2,1,1,1,1,1,10
SF,IH2007,2020-06-01 09:32:15.400,2784.2000,5052,0,178162560.000,0,-,-,-,-,2781.6000,2781.4000,2781.2000,2781.0000,2778.0000,2785.2000,2785.4000,2785.8000,2786.0000,2789.8000,4,1,1,2,1,1,1,1,1,10
SF,IH2007,2020-06-01 09:32:15.900,2784.2000,5052,0,178162560.000,0,-,-,-,-,2783.6000,2781.8000,2781.6000,2781.4000,2781.2000,2785.2000,2785.4000,2785.8000,2786.0000,2789.8000,1,1,4,1,1,1,1,1,1,10
SF,IH2007,2020-06-01 09:32:16.400,2785.2000,5052,0,178998120.000,1,0,1,多换,S,2785.2000,2783.8000,2783.6000,2781.8000,2781.6000,2785.4000,2785.8000,2786.0000,2789.8000,2790.0000,1,2,1,2,3,1,1,1,10,1
SF,IH2007,2020-06-01 09:32:16.900,2785.4000,5053,1,180669300.000,2,1,1,空开,S,2783.8000,2781.6000,2781.4000,2781.2000,2781.0000,2785.2000,2785.8000,2786.0000,2789.8000,2790.0000,1,2,1,1,2,1,1,1,10,1
SF,IH2007,2020-06-01 09:32:17.400,2785.2000,5053,0,181504860.000,1,0,1,多换,S,2785.4000,2783.8000,2781.6000,2781.4000,2781.2000,2785.8000,2786.0000,2789.8000,2790.0000,2794.0000,2,1,2,1,1,1,1,10,1,1
SF,IH2007,2020-06-01 09:32:17.900,2785.4000,5051,-2,183176100.000,2,0,2,双平,S,2783.8000,2781.6000,2781.4000,2781.2000,2781.0000,2785.4000,2785.8000,2786.0000,2789.8000,2790.0000,1,2,1,1,2,2,1,1,10,1
SF,IH2007,2020-06-01 09:32:18.400,2785.4000,5051,0,183176100.000,0,-,-,-,-,2784.0000,2783.8000,2781.6000,2781.4000,2781.2000,2785.4000,2785.8000,2786.0000,2789.8000,2790.0000,1,1,2,1,1,2,1,1,10,1
SF,IH2007,2020-06-01 09:32:18.900,2785.4000,5051,0,183176100.000,0,-,-,-,-,2784.6000,2784.0000,2783.8000,2781.6000,2781.4000,2785.8000,2786.0000,2789.8000,2790.0000,2794.0000,1,1,1,2,1,1,1,10,1,1
SF,IH2007,2020-06-01 09:32:19.400,2785.4000,5051,0,183176100.000,0,-,-,-,-,2781.6000,2781.4000,2781.2000,2781.0000,2778.0000,2784.6000,2785.8000,2786.0000,2789.8000,2790.0000,2,1,1,2,1,2,1,1,12,1
SF,IH2007,2020-06-01 09:32:19.900,2784.6000,5051,0,184011480.000,1,0,1,多换,S,2781.8000,2781.6000,2781.4000,2781.2000,2781.0000,2784.6000,2785.8000,2786.0000,2786.2000,2789.8000,3,3,1,1,2,1,1,1,1,12
SF,IH2007,2020-06-01 09:32:20.400,2784.6000,5051,0,184011480.000,0,-,-,-,-,2782.0000,2781.8000,2781.6000,2781.4000,2781.2000,2784.6000,2785.8000,2786.0000,2786.2000,2789.8000,1,4,1,1,1,1,1,1,1,12
SF,IH2007,2020-06-01 09:32:20.900,2784.6000,5051,0,184011480.000,0,-,-,-,-,2782.0000,2781.8000,2781.4000,2781.2000,2781.0000,2784.6000,2785.8000,2786.0000,2786.2000,2789.8000,1,2,1,1,2,1,1,1,1,12
SF,IH2007,2020-06-01 09:32:21.900,2784.6000,5051,0,184011480.000,0,-,-,-,-,2782.4000,2782.0000,2781.8000,2781.4000,2781.2000,2784.6000,2785.8000,2786.0000,2786.2000,2789.8000,1,2,2,1,1,1,1,1,1,12
SF,IH2007,2020-06-01 09:32:22.400,2782.6000,5050,-1,184846260.000,1,0,1,双平,S,2782.6000,2782.4000,2782.0000,2781.8000,2781.4000,2784.4000,2784.6000,2785.8000,2786.0000,2786.2000,2,1,1,2,1,1,1,1,1,1
SF,IH2007,2020-06-01 09:32:22.900,2784.4000,5049,-1,185681580.000,1,0,1,双平,S,2783.6000,2782.8000,2782.6000,2782.4000,2782.0000,2784.6000,2785.8000,2786.0000,2786.2000,2789.8000,1,1,3,1,1,1,1,1,1,12
SF,IH2007,2020-06-01 09:32:23.400,2784.4000,5049,0,185681580.000,0,-,-,-,-,2782.8000,2782.6000,2782.4000,2782.0000,2781.8000,2783.6000,2785.8000,2786.0000,2786.2000,2789.8000,1,3,1,1,2,1,1,1,1,12
SF,IH2007,2020-06-01 09:32:23.900,2783.6000,5048,-1,186516660.000,1,0,1,双平,S,2783.6000,2782.6000,2782.0000,2781.8000,2781.4000,2785.8000,2786.0000,2789.8000,2790.0000,2794.0000,1,3,1,2,1,1,1,12,1,1
SF,IH2007,2020-06-01 09:32:24.400,2783.6000,5047,-1,188186820.000,2,0,2,多平,S,2783.0000,2782.6000,2782.0000,2781.8000,2781.4000,2785.6000,2785.8000,2786.0000,2789.8000,2790.0000,1,3,1,2,1,1,1,1,12,1
SF,IH2007,2020-06-01 09:32:24.900,2783.6000,5047,0,188186820.000,0,-,-,-,-,2783.0000,2782.6000,2781.8000,2781.4000,2781.2000,2785.6000,2785.8000,2786.0000,2789.8000,2790.0000,2,3,2,1,1,1,1,1,12,1
SF,IH2007,2020-06-01 09:32:25.400,2783.6000,5047,0,188186820.000,0,-,-,-,-,2783.2000,2783.0000,2782.6000,2781.8000,2781.4000,2785.6000,2785.8000,2786.0000,2789.8000,2790.0000,2,2,2,2,1,1,1,1,12,1
SF,IH2007,2020-06-01 09:32:25.900,2783.6000,5047,0,188186820.000,0,-,-,-,-,2783.2000,2783.0000,2782.6000,2781.8000,2781.4000,2785.6000,2785.8000,2786.0000,2789.8000,2790.0000,2,1,2,2,1,1,1,1,12,1
SF,IH2007,2020-06-01 09:32:26.400,2783.6000,5047,0,188186820.000,0,-,-,-,-,2783.6000,2783.4000,2783.2000,2782.6000,2781.4000,2785.6000,2785.8000,2786.0000,2789.8000,2790.0000,1,1,3,1,1,1,1,1,12,1
SF,IH2007,2020-06-01 09:32:26.900,2783.6000,5046,-1,189856980.000,2,0,2,多平,S,2783.4000,2783.2000,2782.6000,2781.4000,2781.2000,2785.4000,2785.6000,2785.8000,2786.0000,2789.8000,1,1,1,1,1,2,1,1,1,12
SF,IH2007,2020-06-01 09:32:27.400,2783.4000,5045,-1,190692000.000,1,0,1,双平,S,2782.6000,2781.4000,2781.2000,2781.0000,2778.0000,2785.2000,2785.4000,2785.8000,2786.0000,2789.8000,1,1,1,2,1,2,1,1,1,12
SF,IH2007,2020-06-01 09:32:27.900,2782.8000,5044,-1,191526840.000,1,0,1,双平,S,2782.6000,2781.4000,2781.2000,2781.0000,2778.0000,2785.2000,2785.4000,2785.8000,2786.0000,2789.8000,1,1,1,2,1,2,1,1,1,12
SF,IH2007,2020-06-01 09:32:28.400,2782.8000,5044,0,191526840.000,0,-,-,-,-,2781.4000,2781.2000,2781.0000,2778.0000,2777.8000,2782.6000,2785.0000,2785.2000,2785.4000,2785.8000,1,1,2,1,5,1,2,2,1,1
SF,IH2007,2020-06-01 09:32:28.900,2782.6000,5043,-1,192361620.000,1,0,1,双平,S,2782.6000,2781.6000,2781.4000,2781.2000,2781.0000,2785.0000,2785.2000,2785.8000,2786.0000,2789.8000,2,1,2,1,2,2,1,1,1,12
SF,IH2007,2020-06-01 09:32:29.400,2782.6000,5042,-1,194031180.000,2,0,2,多平,S,2782.6000,2781.6000,2781.4000,2781.2000,2781.0000,2784.8000,2785.0000,2785.8000,2786.0000,2789.8000,1,1,2,1,2,2,1,1,1,12
SF,IH2007,2020-06-01 09:32:29.900,2782.6000,5042,0,194865960.000,1,0,1,多换,S,2782.8000,2782.6000,2781.6000,2781.4000,2781.2000,2784.8000,2785.8000,2786.0000,2789.8000,2790.0000,1,1,1,2,1,2,1,1,12,1
SF,IH2007,2020-06-01 09:32:30.400,2782.6000,5042,0,194865960.000,0,-,-,-,-,2783.0000,2782.8000,2781.6000,2781.4000,2781.2000,2784.8000,2785.8000,2786.0000,2789.8000,2790.0000,2,1,1,2,1,1,1,1,12,1
SF,IH2007,2020-06-01 09:32:30.900,2782.6000,5042,0,194865960.000,0,-,-,-,-,2783.0000,2782.8000,2781.6000,2781.4000,2781.2000,2784.8000,2785.4000,2785.8000,2786.0000,2789.8000,2,1,1,2,1,1,1,1,1,12
SF,IH2007,2020-06-01 09:32:31.400,2784.8000,5041,-1,195701400.000,1,0,1,双平,S,2783.2000,2783.0000,2782.8000,2781.6000,2781.4000,2785.4000,2785.8000,2786.0000,2789.8000,2790.0000,1,4,2,1,1,1,1,1,12,1
SF,IH2007,2020-06-01 09:32:31.900,2785.4000,5042,1,196537020.000,1,1,0,双开,S,2783.4000,2783.2000,2783.0000,2782.8000,2781.6000,2785.8000,2786.0000,2789.8000,2790.0000,2794.0000,2,2,2,2,1,1,1,12,1,1
SF,IH2007,2020-06-01 09:32:32.400,2785.4000,5042,0,196537020.000,0,-,-,-,-,2783.6000,2783.4000,2783.2000,2783.0000,2782.8000,2785.8000,2786.0000,2789.8000,2790.0000,2794.0000,2,3,1,1,2,1,1,12,1,1
SF,IH2007,2020-06-01 09:32:32.900,2785.4000,5042,0,196537020.000,0,-,-,-,-,2783.8000,2783.6000,2783.4000,2783.0000,2782.8000,2785.8000,2786.0000,2789.8000,2790.0000,2794.0000,1,3,2,1,2,1,1,12,1,1
SF,IH2007,2020-06-01 09:32:33.400,2785.4000,5042,0,196537020.000,0,-,-,-,-,2784.0000,2783.8000,2783.6000,2783.4000,2783.0000,2785.8000,2786.0000,2789.8000,2790.0000,2794.0000,1,2,1,2,1,1,1,12,1,1
SF,IH2007,2020-06-01 09:32:33.900,2785.4000,5042,0,196537020.000,0,-,-,-,-,2784.2000,2784.0000,2783.8000,2783.4000,2783.0000,2785.6000,2785.8000,2786.0000,2789.8000,2790.0000,1,2,1,2,1,1,1,1,12,1
SF,IH2007,2020-06-01 09:32:34.400,2785.6000,5043,1,197372700.000,1,1,0,双开,S,2784.2000,2784.0000,2783.4000,2783.0000,2782.8000,2785.8000,2786.0000,2789.8000,2790.0000,2794.0000,1,1,2,1,1,1,1,12,1,1
SF,IH2007,2020-06-01 09:32:34.900,2785.6000,5043,0,197372700.000,0,-,-,-,-,2784.4000,2784.2000,2783.4000,2782.8000,2781.6000,2785.8000,2786.0000,2789.8000,2790.0000,2794.0000,1,1,2,1,1,1,1,12,1,1
SF,IH2007,2020-06-01 09:32:35.400,2784.4000,5043,0,198208020.000,1,0,1,多换,S,2784.2000,2783.4000,2782.8000,2781.6000,2781.4000,2785.6000,2785.8000,2786.0000,2789.8000,2790.0000,1,2,1,1,1,1,1,1,12,1
SF,IH2007,2020-06-01 09:32:35.900,2785.4000,5044,1,199878900.000,2,1,1,空开,S,2783.4000,2782.8000,2781.6000,2781.4000,2781.2000,2785.6000,2785.8000,2786.0000,2789.8000,2790.0000,2,1,1,1,1,2,1,1,12,1
SF,IH2007,2020-06-01 09:32:36.400,2785.4000,5044,0,199878900.000,0,-,-,-,-,2783.6000,2783.4000,2782.8000,2781.6000,2781.4000,2785.6000,2785.8000,2786.0000,2789.8000,2790.0000,1,2,1,1,1,2,1,1,12,1
SF,IH2007,2020-06-01 09:32:36.900,2785.4000,5044,0,199878900.000,0,-,-,-,-,2783.8000,2783.6000,2782.8000,2781.6000,2781.4000,2785.6000,2785.8000,2786.0000,2789.8000,2790.0000,1,1,1,1,1,2,1,1,12,1
SF,IH2007,2020-06-01 09:32:37.400,2785.8000,5047,3,202386000.000,3,3,0,双开,S,2784.0000,2783.8000,2782.8000,2781.6000,2781.4000,2786.0000,2789.8000,2790.0000,2790.2000,2794.0000,1,1,1,1,1,1,12,1,1,1
SF,IH2007,2020-06-01 09:32:37.900,2784.0000,5046,-1,203221200.000,1,0,1,双平,S,2783.8000,2782.8000,2781.6000,2781.4000,2781.2000,2785.8000,2786.0000,2789.8000,2790.0000,2790.2000,1,1,1,1,1,1,1,12,1,1
SF,IH2007,2020-06-01 09:32:38.400,2784.0000,5046,0,203221200.000,0,-,-,-,-,2783.8000,2782.8000,2781.6000,2781.4000,2781.2000,2785.8000,2786.0000,2789.8000,2790.0000,2790.2000,1,1,1,1,1,1,2,12,1,1
SF,IH2007,2020-06-01 09:32:40.400,2784.0000,5046,0,203221200.000,0,-,-,-,-,2783.8000,2783.4000,2782.8000,2781.6000,2781.4000,2785.8000,2786.0000,2789.8000,2790.0000,2790.2000,1,1,1,1,1,1,2,12,1,1
SF,IH2007,2020-06-01 09:32:40.900,2784.0000,5046,0,203221200.000,0,-,-,-,-,2783.8000,2783.4000,2782.8000,2782.0000,2781.6000,2785.8000,2786.0000,2789.8000,2790.0000,2790.2000,1,1,1,1,1,1,2,12,1,1
SF,IH2007,2020-06-01 09:32:41.400,2783.8000,5045,-1,204056340.000,1,0,1,双平,S,2783.4000,2782.8000,2782.0000,2781.6000,2781.4000,2785.8000,2786.0000,2789.8000,2790.0000,2790.2000,1,1,1,1,1,1,2,12,1,1
SF,IH2007,2020-06-01 09:32:41.900,2783.8000,5045,0,204056340.000,0,-,-,-,-,2783.6000,2783.4000,2782.8000,2782.0000,2781.6000,2785.8000,2786.0000,2789.8000,2790.0000,2790.2000,1,1,1,1,1,1,2,12,1,1
SF,IH2007,2020-06-01 09:32:42.400,2783.8000,5045,0,204056340.000,0,-,-,-,-,2783.6000,2783.4000,2782.8000,2782.0000,2781.6000,2785.8000,2786.0000,2789.8000,2790.0000,2790.2000,1,1,1,1,1,1,2,12,1,1
SF,IH2007,2020-06-01 09:32:42.900,2783.8000,5045,0,204056340.000,0,-,-,-,-,2783.6000,2783.4000,2782.8000,2782.0000,2781.6000,2785.8000,2786.0000,2789.8000,2790.0000,2790.2000,1,1,1,1,1,1,2,12,1,1
SF,IH2007,2020-06-01 09:32:43.400,2783.8000,5045,0,204056340.000,0,-,-,-,-,2783.4000,2782.8000,2782.0000,2781.6000,2781.4000,2785.8000,2786.0000,2789.8000,2790.0000,2790.2000,1,1,1,1,1,1,2,12,1,1
SF,IH2007,2020-06-01 09:32:43.900,2783.8000,5045,0,204056340.000,0,-,-,-,-,2783.4000,2782.8000,2782.0000,2781.6000,2781.4000,2785.8000,2786.0000,2789.8000,2790.0000,2790.2000,1,1,1,1,1,1,2,12,1,1
SF,IH2007,2020-06-01 09:32:44.400,2783.8000,5045,0,204056340.000,0,-,-,-,-,2783.4000,2782.8000,2782.0000,2781.6000,2781.4000,2785.8000,2786.0000,2789.8000,2790.0000,2790.2000,1,1,1,1,1,1,2,12,1,1
SF,IH2007,2020-06-01 09:32:44.900,2783.8000,5045,0,204056340.000,0,-,-,-,-,2784.0000,2783.4000,2782.8000,2782.0000,2781.6000,2785.8000,2786.0000,2789.8000,2790.0000,2790.2000,1,1,1,1,1,1,2,12,1,1
SF,IH2007,2020-06-01 09:32:45.400,2783.8000,5045,0,204056340.000,0,-,-,-,-,2784.0000,2783.4000,2782.8000,2782.0000,2781.6000,2785.8000,2786.0000,2789.8000,2790.0000,2790.2000,1,1,1,1,1,1,2,12,1,1
SF,IH2007,2020-06-01 09:32:45.900,2785.8000,5045,0,209070480.000,6,3,3,多换,S,2784.2000,2784.0000,2783.4000,2782.8000,2782.0000,2786.0000,2789.8000,2790.0000,2790.2000,2794.0000,2,1,1,1,1,2,12,1,1,1
SF,IH2007,2020-06-01 09:32:46.400,2785.8000,5045,0,209070480.000,0,-,-,-,-,2784.2000,2784.0000,2783.4000,2782.8000,2782.0000,2786.0000,2789.8000,2790.0000,2790.2000,2794.0000,4,1,1,1,1,2,12,1,1,1
SF,IH2007,2020-06-01 09:32:46.900,2784.0000,5047,2,213246720.000,5,3,2,空开,S,2783.4000,2782.8000,2782.0000,2781.6000,2781.2000,2785.8000,2786.0000,2789.8000,2790.0000,2790.2000,1,1,1,1,1,1,2,12,1,1
SF,IH2007,2020-06-01 09:32:47.400,2784.0000,5047,0,213246720.000,0,-,-,-,-,2783.6000,2783.4000,2782.8000,2782.0000,2781.6000,2785.6000,2785.8000,2786.0000,2789.8000,2790.0000,1,1,1,1,1,1,1,2,12,1
SF,IH2007,2020-06-01 09:32:47.900,2783.6000,5046,-1,214081800.000,1,0,1,双平,S,2783.4000,2782.8000,2782.0000,2781.6000,2781.2000,2785.4000,2785.6000,2786.0000,2789.8000,2790.0000,1,1,1,1,1,1,1,2,12,1
SF,IH2007,2020-06-01 09:32:49.900,2783.6000,5046,0,214081800.000,0,-,-,-,-,2783.6000,2783.4000,2782.8000,2782.0000,2781.6000,2785.4000,2785.6000,2786.0000,2789.8000,2790.0000,1,1,1,1,1,1,1,2,12,1
SF,IH2007,2020-06-01 09:32:50.400,2783.6000,5046,0,214081800.000,0,-,-,-,-,2783.8000,2783.6000,2783.4000,2782.8000,2782.0000,2785.4000,2786.0000,2789.8000,2790.0000,2790.2000,1,1,1,1,1,1,2,12,1,1
SF,IH2007,2020-06-01 09:32:50.900,2783.6000,5046,0,214081800.000,0,-,-,-,-,2783.8000,2783.6000,2783.4000,2782.8000,2782.0000,2785.2000,2785.4000,2786.0000,2789.8000,2790.0000,1,1,1,1,1,1,1,2,12,1
SF,IH2007,2020-06-01 09:32:51.400,2783.6000,5046,0,214081800.000,0,-,-,-,-,2783.8000,2783.4000,2782.8000,2782.0000,2781.6000,2785.2000,2785.4000,2786.0000,2789.8000,2790.0000,1,1,1,1,1,1,1,2,12,1
SF,IH2007,2020-06-01 09:32:52.400,2783.6000,5046,0,214081800.000,0,-,-,-,-,2783.8000,2783.4000,2782.8000,2782.0000,2781.6000,2785.0000,2785.2000,2785.4000,2786.0000,2789.2000,1,1,1,1,1,1,1,1,2,2
SF,IH2007,2020-06-01 09:32:52.900,2783.8000,5045,-1,214916940.000,1,0,1,双平,S,2783.4000,2782.8000,2782.0000,2781.6000,2781.2000,2783.8000,2785.0000,2785.2000,2785.4000,2786.0000,1,1,1,1,1,1,1,1,1,2
SF,IH2007,2020-06-01 09:32:53.400,2783.8000,5044,-1,218257740.000,4,1,3,多平,S,2783.6000,2782.8000,2782.0000,2781.6000,2781.2000,2785.2000,2785.4000,2786.0000,2789.2000,2789.8000,1,1,1,1,1,1,1,2,2,12
SF,IH2007,2020-06-01 09:32:53.900,2783.6000,5043,-1,219092820.000,1,0,1,双平,S,2782.8000,2782.0000,2781.6000,2781.2000,2780.0000,2785.2000,2785.4000,2786.0000,2789.2000,2789.8000,1,1,1,1,1,1,1,2,2,12
SF,IH2007,2020-06-01 09:32:54.400,2782.8000,5042,-1,219927660.000,1,0,1,双平,S,2782.0000,2781.6000,2781.2000,2780.0000,2778.0000,2785.0000,2785.2000,2786.0000,2789.2000,2789.8000,1,1,1,1,1,1,1,2,2,12
SF,IH2007,2020-06-01 09:32:54.900,2782.8000,5042,0,219927660.000,0,-,-,-,-,2782.0000,2781.6000,2781.2000,2780.0000,2778.0000,2783.6000,2785.0000,2785.2000,2786.0000,2789.2000,1,1,1,1,1,1,2,1,2,2
SF,IH2007,2020-06-01 09:32:55.400,2783.6000,5043,1,220762740.000,1,1,0,双开,S,2782.2000,2782.0000,2781.6000,2781.2000,2780.0000,2785.0000,2785.2000,2786.0000,2789.2000,2789.8000,1,1,1,1,1,2,1,2,2,12
SF,IH2007,2020-06-01 09:32:55.900,2783.6000,5043,0,220762740.000,0,-,-,-,-,2782.0000,2781.6000,2781.2000,2780.0000,2778.0000,2785.0000,2785.2000,2786.0000,2789.2000,2789.8000,1,1,1,1,1,2,1,2,2,12
SF,IH2007,2020-06-01 09:32:56.400,2785.0000,5043,0,222433740.000,2,1,1,多换,S,2782.4000,2782.2000,2782.0000,2781.6000,2781.2000,2785.2000,2786.0000,2789.2000,2789.8000,2790.0000,1,2,1,1,1,1,2,2,12,1
SF,IH2007,2020-06-01 09:32:56.900,2785.2000,5042,-1,223269300.000,1,0,1,双平,S,2784.0000,2782.4000,2782.0000,2781.6000,2781.2000,2786.0000,2789.2000,2789.8000,2790.0000,2790.2000,1,1,1,1,1,2,2,12,1,1
SF,IH2007,2020-06-01 09:32:57.400,2784.2000,5042,0,224104560.000,1,0,1,多换,S,2784.0000,2782.8000,2782.0000,2781.6000,2781.2000,2785.8000,2786.0000,2789.2000,2789.8000,2790.0000,1,1,1,1,1,1,2,2,12,1
SF,IH2007,2020-06-01 09:32:57.900,2784.0000,5042,0,224939760.000,1,0,1,多换,S,2782.0000,2781.6000,2781.2000,2780.0000,2778.0000,2785.6000,2785.8000,2786.0000,2789.2000,2789.8000,1,1,1,1,1,1,1,2,2,12
SF,IH2007,2020-06-01 09:32:58.400,2784.0000,5042,0,224939760.000,0,-,-,-,-,2782.2000,2782.0000,2781.8000,2781.6000,2781.2000,2785.0000,2785.4000,2785.6000,2786.0000,2789.2000,1,1,1,1,1,1,1,1,2,2
SF,IH2007,2020-06-01 09:32:58.900,2784.0000,5042,0,224939760.000,0,-,-,-,-,2782.8000,2782.2000,2782.0000,2781.8000,2781.6000,2784.8000,2785.0000,2785.6000,2786.0000,2789.2000,1,1,1,1,1,1,1,1,2,2
SF,IH2007,2020-06-01 09:32:59.400,2784.0000,5042,0,224939760.000,0,-,-,-,-,2782.4000,2782.0000,2781.6000,2781.2000,2780.0000,2784.8000,2785.0000,2785.6000,2786.0000,2789.2000,1,1,1,1,1,1,1,1,2,2
SF,IH2007,2020-06-01 09:32:59.900,2784.0000,5042,0,224939760.000,0,-,-,-,-,2782.0000,2781.6000,2781.2000,2780.0000,2778.0000,2784.8000,2785.0000,2785.6000,2786.0000,2789.2000,1,1,1,1,1,1,1,1,2,2
SF,IH2007,2020-06-01 09:33:00.400,2784.0000,5042,0,224939760.000,0,-,-,-,-,2782.2000,2782.0000,2781.6000,2781.2000,2780.0000,2784.8000,2785.0000,2785.6000,2786.0000,2789.2000,1,1,1,1,1,1,1,1,2,2
SF,IH2007,2020-06-01 09:33:00.900,2784.0000,5042,0,224939760.000,0,-,-,-,-,2782.4000,2782.0000,2781.2000,2780.0000,2778.0000,2784.8000,2785.0000,2785.6000,2786.0000,2789.2000,1,1,1,1,1,1,1,1,2,2
SF,IH2007,2020-06-01 09:33:01.400,2782.4000,5041,-1,225774480.000,1,0,1,双平,S,2782.0000,2781.2000,2780.0000,2778.0000,2777.8000,2784.8000,2785.0000,2785.6000,2786.0000,2789.2000,1,1,1,1,5,1,1,1,2,2
SF,IH2007,2020-06-01 09:33:01.900,2782.4000,5041,0,225774480.000,0,-,-,-,-,2782.2000,2782.0000,2781.2000,2780.0000,2778.0000,2784.0000,2784.8000,2785.0000,2786.0000,2789.8000,1,1,1,1,1,1,1,1,2,12
SF,IH2007,2020-06-01 09:33:02.400,2784.0000,5040,-1,227444820.000,2,0,2,多平,S,2782.4000,2782.2000,2782.0000,2781.2000,2780.0000,2785.0000,2786.0000,2789.8000,2790.0000,2790.2000,3,1,1,1,1,1,2,12,1,1
SF,IH2007,2020-06-01 09:33:02.900,2784.0000,5040,0,227444820.000,0,-,-,-,-,2782.4000,2782.0000,2781.2000,2780.0000,2778.0000,2785.0000,2786.0000,2789.8000,2790.0000,2790.2000,3,1,1,1,1,1,2,12,1,1
SF,IH2007,2020-06-01 09:33:03.400,2784.0000,5040,0,227444820.000,0,-,-,-,-,2783.0000,2782.4000,2782.0000,2781.2000,2780.0000,2785.0000,2786.0000,2789.8000,2790.0000,2790.2000,1,3,1,1,1,1,2,12,1,1
SF,IH2007,2020-06-01 09:33:03.900,2784.0000,5040,0,227444820.000,0,-,-,-,-,2783.2000,2783.0000,2782.4000,2782.0000,2781.2000,2784.8000,2785.0000,2786.0000,2789.8000,2790.0000,2,1,2,1,1,1,1,2,12,1
SF,IH2007,2020-06-01 09:33:04.400,2784.0000,5040,0,227444820.000,0,-,-,-,-,2783.2000,2783.0000,2782.4000,2782.0000,2781.2000,2784.8000,2785.0000,2786.0000,2789.8000,2790.0000,2,1,2,1,1,1,1,2,12,1
SF,IH2007,2020-06-01 09:33:04.900,2784.0000,5040,0,227444820.000,0,-,-,-,-,2783.2000,2783.0000,2782.4000,2782.0000,2781.2000,2784.6000,2784.8000,2785.0000,2786.0000,2789.8000,2,1,2,1,1,1,1,1,2,12
SF,IH2007,2020-06-01 09:33:05.400,2784.6000,5040,0,228280200.000,1,0,1,多换,S,2783.4000,2783.2000,2782.4000,2782.0000,2781.2000,2785.0000,2786.0000,2789.8000,2790.0000,2790.2000,1,2,2,1,1,1,2,12,1,1
SF,IH2007,2020-06-01 09:33:05.900,2784.6000,5040,0,228280200.000,0,-,-,-,-,2783.4000,2783.2000,2782.4000,2782.0000,2781.2000,2784.8000,2785.0000,2786.0000,2789.8000,2790.0000,2,2,2,1,1,1,1,2,12,1
SF,IH2007,2020-06-01 09:33:06.400,2784.8000,5040,0,230785680.000,3,1,2,多换,S,2782.4000,2782.2000,2782.0000,2781.2000,2780.0000,2785.0000,2786.0000,2789.8000,2790.0000,2790.2000,1,1,1,1,1,1,2,12,1,1
SF,IH2007,2020-06-01 09:33:06.900,2786.0000,5041,1,232456980.000,2,1,1,空开,S,2782.6000,2782.4000,2782.0000,2781.2000,2780.0000,2786.0000,2789.8000,2790.0000,2790.2000,2794.0000,5,1,1,1,1,1,12,1,1,1
SF,IH2007,2020-06-01 09:33:07.400,2786.0000,5041,0,232456980.000,0,-,-,-,-,2783.4000,2782.4000,2782.0000,2781.2000,2780.0000,2786.0000,2789.8000,2790.0000,2790.2000,2794.0000,1,1,1,1,1,1,12,1,1,1
SF,IH2007,2020-06-01 09:33:08.900,2786.0000,5041,0,232456980.000,0,-,-,-,-,2783.8000,2783.4000,2782.4000,2782.0000,2781.2000,2786.0000,2789.8000,2790.0000,2790.2000,2794.0000,1,1,1,1,1,1,12,1,1,1
SF,IH2007,2020-06-01 09:33:09.400,2783.8000,5041,0,233292120.000,1,0,1,多换,S,2783.4000,2782.4000,2782.0000,2781.2000,2780.0000,2786.0000,2789.8000,2790.0000,2790.2000,2794.0000,1,1,1,1,1,1,12,1,1,1
SF,IH2007,2020-06-01 09:33:09.900,2783.4000,5041,0,234127140.000,1,0,1,多换,S,2782.0000,2781.2000,2780.0000,2778.0000,2777.8000,2786.0000,2789.8000,2790.0000,2790.2000,2794.0000,1,1,1,1,5,1,12,1,1,1
SF,IH2007,2020-06-01 09:33:10.400,2782.0000,5040,-1,234961740.000,1,0,1,双平,S,2781.2000,2780.0000,2778.0000,2777.8000,2764.4000,2785.0000,2786.0000,2789.8000,2790.0000,2790.2000,1,1,1,5,1,1,1,12,1,1
SF,IH2007,2020-06-01 09:33:10.900,2782.0000,5040,0,234961740.000,0,-,-,-,-,2781.4000,2781.2000,2780.0000,2778.0000,2777.8000,2785.0000,2786.0000,2789.8000,2790.0000,2790.2000,1,1,1,1,5,1,1,12,1,1
SF,IH2007,2020-06-01 09:33:11.400,2782.0000,5040,0,234961740.000,0,-,-,-,-,2781.6000,2781.4000,2781.2000,2780.0000,2778.0000,2785.0000,2786.0000,2789.8000,2790.0000,2790.2000,2,1,1,1,1,2,1,12,1,1
SF,IH2007,2020-06-01 09:33:11.900,2782.0000,5040,0,234961740.000,0,-,-,-,-,2781.8000,2781.6000,2781.4000,2781.2000,2780.0000,2785.0000,2786.0000,2789.8000,2790.0000,2790.2000,2,2,1,2,1,2,1,10,1,1
SF,IH2007,2020-06-01 09:33:12.400,2782.0000,5040,0,234961740.000,0,-,-,-,-,2782.0000,2781.6000,2781.4000,2781.2000,2780.0000,2785.0000,2786.0000,2789.8000,2790.0000,2790.2000,3,1,1,1,1,2,1,10,1,1
SF,IH2007,2020-06-01 09:33:12.900,2782.0000,5040,0,234961740.000,0,-,-,-,-,2782.2000,2782.0000,2781.4000,2781.2000,2780.0000,2785.0000,2786.0000,2789.8000,2790.0000,2790.2000,1,3,1,1,1,2,1,10,1,1
SF,IH2007,2020-06-01 09:33:13.400,2782.0000,5040,0,234961740.000,0,-,-,-,-,2782.2000,2782.0000,2781.4000,2781.2000,2780.0000,2783.8000,2785.0000,2786.0000,2789.8000,2790.0000,1,1,1,1,1,1,2,1,10,1
SF,IH2007,2020-06-01 09:33:13.900,2782.0000,5040,0,234961740.000,0,-,-,-,-,2782.2000,2781.4000,2781.2000,2780.0000,2778.0000,2783.8000,2785.0000,2786.0000,2789.8000,2790.0000,1,1,1,1,1,1,2,1,10,1
SF,IH2007,2020-06-01 09:33:14.400,2782.0000,5040,0,234961740.000,0,-,-,-,-,2782.2000,2781.4000,2781.2000,2780.0000,2778.0000,2783.8000,2785.0000,2786.0000,2789.8000,2790.0000,1,1,1,1,1,1,2,1,10,1
SF,IH2007,2020-06-01 09:33:14.900,2782.0000,5040,0,234961740.000,0,-,-,-,-,2782.2000,2781.4000,2781.2000,2780.0000,2778.0000,2783.8000,2785.0000,2786.0000,2789.8000,2790.0000,1,1,1,1,1,1,2,1,10,1
SF,IH2007,2020-06-01 09:33:15.400,2782.0000,5039,-1,235796340.000,1,0,1,双平,S,2781.2000,2780.0000,2778.0000,2777.8000,2764.4000,2782.0000,2783.8000,2785.0000,2786.0000,2789.8000,1,1,1,5,1,1,1,2,1,10
SF,IH2007,2020-06-01 09:33:15.900,2782.0000,5039,0,235796340.000,0,-,-,-,-,2782.0000,2781.4000,2781.2000,2780.0000,2778.0000,2783.8000,2785.0000,2786.0000,2789.8000,2790.0000,1,1,1,1,1,1,2,1,10,1
SF,IH2007,2020-06-01 09:33:16.400,2782.0000,5039,0,237465540.000,2,1,1,多换,S,2781.4000,2781.2000,2780.0000,2778.0000,2777.8000,2783.8000,2785.0000,2786.0000,2789.8000,2790.0000,1,1,1,1,5,1,2,1,10,1
SF,IH2007,2020-06-01 09:33:16.900,2782.0000,5039,0,237465540.000,0,-,-,-,-,2781.6000,2781.2000,2780.0000,2778.0000,2777.8000,2783.8000,2785.0000,2786.0000,2789.8000,2790.0000,1,1,1,1,5,1,2,1,10,1
SF,IH2007,2020-06-01 09:33:17.400,2782.0000,5039,0,237465540.000,0,-,-,-,-,2781.6000,2781.2000,2780.0000,2778.0000,2777.8000,2783.8000,2785.0000,2786.0000,2789.8000,2790.0000,1,1,1,1,5,1,2,1,10,1
SF,IH2007,2020-06-01 09:33:18.900,2783.8000,5039,0,238300680.000,1,0,1,多换,S,2781.6000,2781.2000,2780.0000,2778.0000,2777.8000,2785.0000,2786.0000,2789.8000,2790.0000,2790.2000,1,1,1,1,5,2,1,10,1,1
SF,IH2007,2020-06-01 09:33:19.400,2783.8000,5039,0,238300680.000,0,-,-,-,-,2781.2000,2780.0000,2778.0000,2777.8000,2764.4000,2785.0000,2786.0000,2789.8000,2790.0000,2790.2000,1,1,1,5,1,2,1,10,1,1
SF,IH2007,2020-06-01 09:33:19.900,2783.8000,5039,0,238300680.000,0,-,-,-,-,2781.2000,2780.0000,2778.0000,2777.8000,2764.4000,2784.8000,2785.0000,2786.0000,2789.8000,2790.0000,1,1,1,5,1,1,2,1,10,1
SF,IH2007,2020-06-01 09:33:20.400,2783.8000,5039,0,238300680.000,0,-,-,-,-,2781.6000,2781.2000,2780.0000,2778.0000,2777.8000,2784.8000,2785.0000,2786.0000,2789.8000,2790.0000,1,1,1,1,5,1,2,1,10,1
SF,IH2007,2020-06-01 09:33:22.400,2783.8000,5039,0,238300680.000,0,-,-,-,-,2781.2000,2780.0000,2778.0000,2777.8000,2764.4000,2784.8000,2785.0000,2786.0000,2789.8000,2790.0000,1,1,1,5,1,1,2,1,10,1
SF,IH2007,2020-06-01 09:33:22.900,2783.8000,5039,0,238300680.000,0,-,-,-,-,2781.4000,2781.2000,2780.0000,2778.0000,2777.8000,2783.6000,2784.8000,2785.0000,2786.0000,2789.8000,2,1,1,1,5,1,1,2,1,10
SF,IH2007,2020-06-01 09:33:23.400,2781.4000,5038,-1,239969520.000,2,0,2,多平,S,2781.2000,2780.0000,2778.0000,2777.8000,2764.4000,2783.4000,2783.6000,2784.8000,2785.0000,2786.0000,1,1,1,5,1,1,1,1,2,1
SF,IH2007,2020-06-01 09:33:23.900,2781.4000,5038,0,239969520.000,0,-,-,-,-,2781.2000,2780.0000,2778.0000,2777.8000,2764.4000,2783.4000,2784.8000,2785.0000,2786.0000,2789.8000,1,1,1,5,1,1,1,2,1,10
SF,IH2007,2020-06-01 09:33:24.400,2781.4000,5038,0,239969520.000,0,-,-,-,-,2781.4000,2781.2000,2780.0000,2778.0000,2777.8000,2783.4000,2784.8000,2785.0000,2786.0000,2789.8000,1,5,1,1,5,1,1,2,1,10
SF,IH2007,2020-06-01 09:33:24.900,2781.4000,5038,0,239969520.000,0,-,-,-,-,2781.2000,2780.0000,2778.0000,2777.8000,2764.4000,2782.8000,2783.4000,2785.0000,2786.0000,2789.8000,1,1,1,5,1,1,1,2,1,10
SF,IH2007,2020-06-01 09:33:26.400,2781.4000,5038,0,239969520.000,0,-,-,-,-,2781.2000,2780.0000,2778.0000,2777.8000,2764.4000,2782.8000,2783.0000,2783.4000,2785.0000,2789.8000,1,1,1,5,1,1,1,1,2,10
SF,IH2007,2020-06-01 09:33:27.400,2781.4000,5038,0,239969520.000,0,-,-,-,-,2781.2000,2780.0000,2778.0000,2777.8000,2764.4000,2782.8000,2783.0000,2783.4000,2785.0000,2788.0000,1,1,1,5,1,1,1,1,2,1
SF,IH2007,2020-06-01 09:33:27.900,2781.4000,5038,0,239969520.000,0,-,-,-,-,2781.2000,2780.0000,2778.0000,2777.8000,2764.4000,2782.8000,2783.0000,2783.4000,2785.0000,2788.0000,1,1,1,5,1,1,1,1,2,1
SF,IH2007,2020-06-01 09:33:28.400,2781.4000,5038,0,239969520.000,0,-,-,-,-,2781.2000,2780.0000,2778.0000,2777.8000,2764.4000,2782.8000,2783.0000,2783.4000,2785.0000,2788.0000,1,1,1,5,1,1,1,1,2,1
SF,IH2007,2020-06-01 09:33:28.900,2781.2000,5038,0,240803880.000,1,0,1,多换,S,2781.4000,2780.0000,2778.0000,2777.8000,2764.4000,2782.8000,2783.0000,2783.4000,2785.0000,2788.0000,1,1,1,5,1,1,1,1,2,1
SF,IH2007,2020-06-01 09:33:29.400,2781.2000,5038,0,240803880.000,0,-,-,-,-,2781.4000,2780.0000,2778.0000,2777.8000,2764.4000,2782.8000,2783.0000,2783.4000,2785.0000,2788.0000,1,1,1,5,1,1,1,1,2,1
SF,IH2007,2020-06-01 09:33:29.900,2781.4000,5038,0,241638300.000,1,0,1,多换,S,2780.0000,2778.0000,2777.8000,2764.4000,2763.0000,2782.6000,2782.8000,2783.0000,2783.4000,2785.0000,1,1,5,1,1,1,1,1,1,2
SF,IH2007,2020-06-01 09:33:30.400,2781.4000,5038,0,241638300.000,0,-,-,-,-,2780.2000,2780.0000,2778.0000,2777.8000,2764.4000,2782.0000,2782.4000,2782.6000,2783.0000,2785.0000,1,1,1,5,1,1,1,1,1,2
SF,IH2007,2020-06-01 09:33:30.900,2781.4000,5038,0,241638300.000,0,-,-,-,-,2780.2000,2780.0000,2778.0000,2777.8000,2764.4000,2781.8000,2782.0000,2782.6000,2782.8000,2783.0000,1,1,1,5,1,1,1,1,1,1
SF,IH2007,2020-06-01 09:33:31.400,2781.4000,5038,0,241638300.000,0,-,-,-,-,2780.4000,2780.2000,2780.0000,2778.0000,2777.8000,2781.8000,2782.8000,2783.0000,2785.0000,2788.0000,2,1,1,1,5,1,1,1,2,1
SF,IH2007,2020-06-01 09:33:31.900,2781.4000,5038,0,241638300.000,0,-,-,-,-,2780.4000,2780.0000,2778.0000,2777.8000,2764.4000,2781.8000,2782.8000,2783.0000,2785.0000,2788.0000,2,1,1,5,1,2,1,1,2,1
SF,IH2007,2020-06-01 09:33:32.400,2781.4000,5038,0,241638300.000,0,-,-,-,-,2780.4000,2780.0000,2778.0000,2777.8000,2764.4000,2781.8000,2782.8000,2783.0000,2785.0000,2788.0000,1,1,1,5,1,2,1,1,2,1
SF,IH2007,2020-06-01 09:33:32.900,2781.4000,5038,0,241638300.000,0,-,-,-,-,2780.4000,2780.0000,2778.0000,2777.8000,2764.4000,2781.4000,2781.8000,2782.8000,2783.0000,2785.0000,1,1,1,5,1,1,2,1,1,2
SF,IH2007,2020-06-01 09:33:33.400,2781.4000,5038,0,241638300.000,0,-,-,-,-,2780.0000,2778.4000,2778.0000,2777.8000,2764.4000,2781.4000,2781.8000,2782.8000,2783.0000,2785.0000,1,1,1,5,1,1,1,1,1,2
SF,IH2007,2020-06-01 09:33:33.900,2781.4000,5038,0,241638300.000,0,-,-,-,-,2780.0000,2778.4000,2778.0000,2777.8000,2764.4000,2780.6000,2781.4000,2781.8000,2782.8000,2783.0000,1,1,1,5,1,1,1,1,1,1
SF,IH2007,2020-06-01 09:33:34.400,2781.4000,5038,0,241638300.000,0,-,-,-,-,2780.0000,2778.4000,2778.0000,2777.8000,2764.4000,2780.6000,2781.4000,2781.8000,2782.8000,2783.0000,1,1,1,5,1,1,1,1,1,1
SF,IH2007,2020-06-01 09:33:35.400,2780.0000,5038,0,242472300.000,1,0,1,多换,S,2778.4000,2778.0000,2777.8000,2764.4000,2764.0000,2780.6000,2781.4000,2781.8000,2782.8000,2783.0000,1,1,5,1,1,1,1,1,1,1
SF,IH2007,2020-06-01 09:33:35.900,2780.0000,5038,0,242472300.000,0,-,-,-,-,2778.6000,2778.0000,2774.0000,2764.4000,2764.0000,2780.4000,2780.6000,2781.4000,2782.8000,2783.0000,2,1,5,1,1,1,1,1,1,1
SF,IH2007,2020-06-01 09:33:36.400,2780.0000,5038,0,242472300.000,0,-,-,-,-,2778.6000,2778.0000,2774.0000,2764.4000,2764.0000,2780.4000,2781.4000,2782.8000,2783.0000,2785.0000,1,1,5,1,1,1,1,1,1,2
SF,IH2007,2020-06-01 09:33:36.900,2780.0000,5038,0,242472300.000,0,-,-,-,-,2778.0000,2774.0000,2764.4000,2764.0000,2763.0000,2779.6000,2780.0000,2780.4000,2781.4000,2782.8000,1,5,1,1,1,1,1,1,1,1
SF,IH2007,2020-06-01 09:33:37.400,2779.6000,5037,-1,243306180.000,1,0,1,双平,S,2778.2000,2778.0000,2774.0000,2764.4000,2764.0000,2780.0000,2780.4000,2781.4000,2782.8000,2783.0000,1,1,5,1,1,1,1,1,1,1
SF,IH2007,2020-06-01 09:33:37.900,2778.4000,5037,0,244139700.000,1,0,1,多换,S,2778.2000,2778.0000,2774.0000,2764.4000,2764.0000,2779.8000,2780.0000,2781.4000,2782.8000,2783.0000,1,1,5,1,1,1,1,1,1,1
SF,IH2007,2020-06-01 09:33:38.400,2778.0000,5038,1,244973100.000,1,1,0,双开,S,2774.0000,2764.4000,2764.0000,2763.0000,2760.4000,2778.6000,2779.8000,2780.0000,2781.4000,2782.8000,5,1,1,1,1,1,1,1,1,1
SF,IH2007,2020-06-01 09:33:38.900,2778.6000,5038,0,246640260.000,2,1,1,多换,S,2775.6000,2774.6000,2774.2000,2774.0000,2764.4000,2780.0000,2781.4000,2782.8000,2783.0000,2785.0000,1,4,5,5,1,1,1,1,1,2
SF,IH2007,2020-06-01 09:33:39.400,2778.6000,5038,0,246640260.000,0,-,-,-,-,2775.8000,2775.6000,2775.4000,2774.6000,2774.2000,2780.0000,2781.4000,2782.8000,2783.0000,2785.0000,2,1,1,4,3,1,1,1,1,2
SF,IH2007,2020-06-01 09:33:39.900,2778.6000,5038,0,246640260.000,0,-,-,-,-,2777.2000,2776.6000,2775.8000,2774.2000,2774.0000,2780.0000,2781.4000,2782.8000,2783.0000,2785.0000,1,1,1,3,5,1,1,1,1,2
SF,IH2007,2020-06-01 09:33:40.400,2777.4000,5038,0,247473480.000,1,0,1,多换,S,2777.2000,2776.6000,2776.4000,2774.2000,2774.0000,2779.8000,2780.0000,2781.4000,2782.8000,2783.0000,1,1,1,1,5,1,1,1,1,1
SF,IH2007,2020-06-01 09:33:40.900,2777.4000,5038,0,247473480.000,0,-,-,-,-,2777.4000,2777.2000,2776.6000,2776.4000,2774.2000,2779.8000,2780.0000,2781.4000,2782.8000,2783.0000,1,1,1,1,1,1,1,1,1,1
SF,IH2007,2020-06-01 09:33:41.400,2777.4000,5038,0,247473480.000,0,-,-,-,-,2777.2000,2776.6000,2776.4000,2774.0000,2764.4000,2779.6000,2779.8000,2780.0000,2781.4000,2782.8000,1,1,1,5,1,2,1,1,1,1
SF,IH2007,2020-06-01 09:33:41.900,2777.4000,5038,0,247473480.000,0,-,-,-,-,2777.4000,2777.2000,2776.6000,2776.4000,2774.0000,2779.4000,2779.6000,2780.0000,2781.4000,2782.8000,1,1,1,1,5,1,1,1,1,1
SF,IH2007,2020-06-01 09:33:42.400,2777.2000,5038,0,248306640.000,1,0,1,多换,S,2776.6000,2776.4000,2774.0000,2764.4000,2764.0000,2779.2000,2779.4000,2780.0000,2781.4000,2782.8000,1,1,5,1,1,1,1,1,1,1
SF,IH2007,2020-06-01 09:33:42.900,2777.2000,5038,0,248306640.000,0,-,-,-,-,2776.8000,2776.6000,2776.4000,2774.0000,2764.4000,2779.0000,2779.2000,2780.0000,2781.4000,2782.8000,1,1,1,5,1,1,1,1,1,1
SF,IH2007,2020-06-01 09:33:43.400,2777.2000,5038,0,248306640.000,0,-,-,-,-,2777.0000,2776.8000,2776.6000,2776.4000,2774.0000,2779.0000,2779.2000,2780.0000,2782.8000,2783.0000,1,1,1,1,5,1,1,1,1,1
SF,IH2007,2020-06-01 09:33:43.900,2777.2000,5038,0,249139800.000,1,0,1,多换,S,2777.0000,2776.8000,2776.6000,2776.4000,2774.0000,2779.0000,2780.0000,2782.8000,2783.0000,2785.0000,1,1,1,1,5,1,1,1,1,2
SF,IH2007,2020-06-01 09:33:44.400,2777.2000,5038,0,249139800.000,0,-,-,-,-,2777.2000,2777.0000,2776.8000,2776.6000,2776.4000,2779.0000,2780.0000,2782.8000,2783.0000,2785.0000,1,1,1,1,1,1,1,1,1,2
SF,IH2007,2020-06-01 09:33:44.900,2779.0000,5038,0,249973500.000,1,0,1,多换,S,2779.0000,2777.4000,2777.2000,2777.0000,2776.8000,2780.0000,2782.8000,2783.0000,2785.0000,2788.0000,1,3,2,1,1,1,1,1,2,1
SF,IH2007,2020-06-01 09:33:45.400,2779.0000,5036,-2,251640900.000,2,0,2,双平,S,2777.4000,2777.0000,2776.8000,2776.4000,2774.0000,2780.0000,2782.8000,2783.0000,2785.0000,2788.0000,3,1,1,1,5,1,1,1,2,1
SF,IH2007,2020-06-01 09:33:45.900,2779.0000,5036,0,251640900.000,0,-,-,-,-,2777.6000,2777.4000,2777.0000,2776.8000,2776.4000,2780.0000,2782.8000,2785.0000,2788.0000,2789.8000,3,3,1,1,1,1,1,2,1,10
SF,IH2007,2020-06-01 09:33:46.400,2779.0000,5036,0,251640900.000,0,-,-,-,-,2778.0000,2777.8000,2777.6000,2777.4000,2777.0000,2780.0000,2782.8000,2785.0000,2788.0000,2789.8000,1,2,3,2,1,2,1,2,1,10
SF,IH2007,2020-06-01 09:33:46.900,2779.0000,5036,0,251640900.000,0,-,-,-,-,2778.2000,2778.0000,2777.8000,2777.6000,2777.4000,2780.0000,2782.8000,2785.0000,2788.0000,2789.8000,1,2,1,3,1,2,1,2,1,10
SF,IH2007,2020-06-01 09:33:47.400,2779.0000,5036,0,251640900.000,0,-,-,-,-,2778.4000,2778.2000,2778.0000,2777.8000,2777.6000,2780.0000,2782.8000,2785.0000,2789.8000,2790.0000,1,1,2,1,3,2,1,2,10,1
SF,IH2007,2020-06-01 09:33:47.900,2779.0000,5036,0,251640900.000,0,-,-,-,-,2778.4000,2778.2000,2778.0000,2777.6000,2777.4000,2780.0000,2782.8000,2785.0000,2789.8000,2790.0000,1,1,2,2,1,2,1,2,10,1
SF,IH2007,2020-06-01 09:33:48.400,2779.0000,5036,0,251640900.000,0,-,-,-,-,2778.4000,2778.2000,2778.0000,2777.6000,2777.4000,2780.0000,2782.8000,2785.0000,2789.8000,2790.0000,1,1,2,1,1,2,1,2,10,1
SF,IH2007,2020-06-01 09:33:48.900,2779.0000,5036,0,251640900.000,0,-,-,-,-,2778.4000,2778.2000,2778.0000,2777.4000,2777.0000,2779.8000,2780.0000,2782.8000,2785.0000,2789.8000,1,1,1,1,1,1,2,1,2,10
SF,IH2007,2020-06-01 09:33:49.400,2778.4000,5036,0,252474420.000,1,0,1,多换,S,2778.0000,2777.4000,2776.8000,2776.4000,2774.0000,2779.8000,2780.0000,2782.8000,2785.0000,2789.8000,1,1,1,1,5,1,2,1,2,10
SF,IH2007,2020-06-01 09:33:49.900,2778.4000,5036,0,252474420.000,0,-,-,-,-,2778.0000,2776.8000,2776.4000,2774.0000,2764.4000,2779.8000,2780.0000,2782.8000,2785.0000,2789.8000,1,1,1,5,1,1,2,1,2,10
SF,IH2007,2020-06-01 09:33:50.400,2778.4000,5036,0,252474420.000,0,-,-,-,-,2776.8000,2776.4000,2774.0000,2764.4000,2764.0000,2779.8000,2780.0000,2782.8000,2785.0000,2789.8000,1,1,5,1,1,1,2,1,2,10
SF,IH2007,2020-06-01 09:33:50.900,2778.4000,5036,0,252474420.000,0,-,-,-,-,2777.0000,2776.8000,2776.4000,2774.0000,2764.4000,2779.8000,2780.0000,2782.8000,2785.0000,2789.8000,1,1,1,5,1,1,2,1,2,10
SF,IH2007,2020-06-01 09:33:51.400,2778.4000,5036,0,252474420.000,0,-,-,-,-,2777.2000,2777.0000,2776.8000,2774.0000,2764.4000,2779.8000,2780.0000,2782.8000,2785.0000,2789.8000,1,2,1,5,1,1,2,1,2,10
SF,IH2007,2020-06-01 09:33:51.900,2778.4000,5036,0,252474420.000,0,-,-,-,-,2777.4000,2777.2000,2777.0000,2776.8000,2774.0000,2779.8000,2780.0000,2782.8000,2785.0000,2789.8000,2,1,2,1,5,1,2,1,2,10
SF,IH2007,2020-06-01 09:33:52.400,2778.4000,5036,0,252474420.000,0,-,-,-,-,2777.4000,2777.2000,2777.0000,2776.8000,2774.0000,2780.0000,2782.8000,2785.0000,2789.8000,2790.0000,2,1,2,1,5,2,1,2,10,1
SF,IH2007,2020-06-01 09:33:52.900,2778.4000,5036,0,252474420.000,0,-,-,-,-,2777.4000,2777.2000,2777.0000,2776.8000,2774.0000,2780.0000,2782.8000,2785.0000,2789.8000,2790.0000,2,1,2,1,5,2,1,2,10,1
SF,IH2007,2020-06-01 09:33:53.400,2778.4000,5036,0,252474420.000,0,-,-,-,-,2777.6000,2777.4000,2777.2000,2777.0000,2776.8000,2780.0000,2782.8000,2785.0000,2789.8000,2790.0000,1,2,1,2,1,2,1,2,10,1
SF,IH2007,2020-06-01 09:33:53.900,2778.4000,5036,0,252474420.000,0,-,-,-,-,2777.8000,2777.6000,2777.4000,2777.2000,2777.0000,2780.0000,2782.8000,2785.0000,2789.8000,2790.0000,1,2,2,1,1,2,1,2,10,1
SF,IH2007,2020-06-01 09:33:54.400,2778.4000,5036,0,252474420.000,0,-,-,-,-,2778.0000,2777.8000,2777.6000,2777.4000,2777.2000,2780.0000,2782.8000,2785.0000,2789.8000,2790.0000,1,1,1,2,1,2,1,2,10,1
SF,IH2007,2020-06-01 09:33:54.900,2778.4000,5036,0,252474420.000,0,-,-,-,-,2778.0000,2777.8000,2777.6000,2777.4000,2777.2000,2779.8000,2780.0000,2782.8000,2785.0000,2789.8000,1,1,1,2,1,1,2,1,2,10
SF,IH2007,2020-06-01 09:33:55.400,2778.4000,5036,0,252474420.000,0,-,-,-,-,2778.0000,2777.8000,2777.6000,2777.2000,2776.8000,2779.8000,2780.0000,2782.8000,2785.0000,2789.8000,1,1,1,1,1,1,2,1,2,10
SF,IH2007,2020-06-01 09:33:55.900,2779.8000,5035,-1,253308360.000,1,0,1,双平,S,2777.8000,2777.6000,2777.2000,2776.8000,2774.0000,2780.0000,2782.8000,2785.0000,2789.8000,2790.0000,1,1,1,1,5,2,1,2,10,1
SF,IH2007,2020-06-01 09:33:56.900,2779.8000,5035,0,253308360.000,0,-,-,-,-,2777.8000,2777.2000,2776.8000,2774.0000,2773.2000,2778.0000,2780.0000,2782.8000,2785.0000,2789.8000,1,1,1,5,1,1,2,1,2,10
SF,IH2007,2020-06-01 09:33:57.400,2778.2000,5035,0,254141820.000,1,0,1,多换,S,2778.0000,2777.8000,2776.8000,2774.0000,2773.2000,2780.0000,2782.8000,2785.0000,2789.8000,2790.0000,1,1,1,5,1,2,1,2,10,1
SF,IH2007,2020-06-01 09:33:57.900,2778.2000,5035,0,254141820.000,0,-,-,-,-,2776.8000,2774.0000,2773.2000,2764.4000,2764.0000,2779.8000,2780.0000,2782.8000,2785.0000,2789.8000,1,5,1,1,1,1,2,1,2,10
SF,IH2007,2020-06-01 09:33:58.400,2778.2000,5035,0,254141820.000,0,-,-,-,-,2774.0000,2773.2000,2764.4000,2764.0000,2763.0000,2779.8000,2780.0000,2782.8000,2785.0000,2789.8000,5,1,1,1,1,1,2,1,2,10
SF,IH2007,2020-06-01 09:33:59.400,2778.2000,5035,0,254141820.000,0,-,-,-,-,2775.6000,2774.2000,2774.0000,2773.2000,2764.4000,2779.8000,2780.0000,2782.8000,2785.0000,2789.8000,1,2,5,1,1,1,2,1,2,10
SF,IH2007,2020-06-01 09:33:59.900,2778.2000,5035,0,254141820.000,0,-,-,-,-,2775.8000,2775.6000,2774.2000,2774.0000,2773.2000,2779.8000,2780.0000,2782.8000,2785.0000,2789.8000,1,3,2,5,1,1,2,1,2,10
SF,IH2007,2020-06-01 09:34:00.400,2778.2000,5035,0,254141820.000,0,-,-,-,-,2776.2000,2776.0000,2775.8000,2775.6000,2774.2000,2779.8000,2780.0000,2782.8000,2785.0000,2789.8000,1,1,1,3,2,1,2,1,2,10
SF,IH2007,2020-06-01 09:34:00.900,2778.2000,5035,0,254141820.000,0,-,-,-,-,2776.6000,2776.4000,2776.2000,2776.0000,2775.6000,2779.6000,2779.8000,2780.0000,2782.8000,2785.0000,1,2,1,1,2,1,1,2,1,2
SF,IH2007,2020-06-01 09:34:01.400,2778.2000,5035,0,254141820.000,0,-,-,-,-,2776.8000,2776.6000,2776.4000,2776.2000,2776.0000,2779.6000,2780.0000,2782.8000,2785.0000,2789.8000,1,2,2,1,1,1,2,1,2,10
SF,IH2007,2020-06-01 09:34:01.900,2778.2000,5035,0,254141820.000,0,-,-,-,-,2777.0000,2776.8000,2776.6000,2776.4000,2776.0000,2779.6000,2780.0000,2782.8000,2785.0000,2789.8000,1,2,2,2,1,1,2,1,2,10
SF,IH2007,2020-06-01 09:34:02.400,2778.2000,5035,0,254141820.000,0,-,-,-,-,2777.0000,2776.8000,2776.6000,2776.4000,2776.0000,2779.6000,2780.0000,2782.8000,2785.0000,2789.8000,1,2,2,2,1,1,2,1,2,10
SF,IH2007,2020-06-01 09:34:02.900,2778.2000,5035,0,254141820.000,0,-,-,-,-,2777.6000,2777.2000,2777.0000,2776.8000,2776.6000,2779.6000,2780.0000,2782.8000,2785.0000,2789.8000,1,1,1,1,1,1,2,1,2,10
SF,IH2007,2020-06-01 09:34:03.400,2778.2000,5035,0,254141820.000,0,-,-,-,-,2777.8000,2777.6000,2777.2000,2776.8000,2776.6000,2779.6000,2780.0000,2782.8000,2785.0000,2789.8000,3,1,1,1,1,1,2,1,2,10
SF,IH2007,2020-06-01 09:34:03.900,2779.6000,5034,-1,254975700.000,1,0,1,双平,S,2779.6000,2777.8000,2777.6000,2776.8000,2776.6000,2780.0000,2782.8000,2785.0000,2789.8000,2790.0000,1,3,1,1,1,2,1,2,10,1
SF,IH2007,2020-06-01 09:34:04.400,2780.0000,5031,-3,257477580.000,3,0,3,双平,S,2777.8000,2777.6000,2776.8000,2776.6000,2774.2000,2782.8000,2785.0000,2789.8000,2790.0000,2790.2000,1,2,1,1,2,1,2,10,1,1
SF,IH2007,2020-06-01 09:34:04.900,2780.0000,5031,0,257477580.000,0,-,-,-,-,2778.0000,2777.8000,2777.6000,2776.8000,2776.6000,2782.0000,2782.6000,2782.8000,2785.0000,2789.8000,1,1,2,1,1,1,1,1,2,10
SF,IH2007,2020-06-01 09:34:05.400,2780.0000,5031,0,257477580.000,0,-,-,-,-,2778.2000,2778.0000,2777.8000,2777.6000,2776.8000,2782.6000,2782.8000,2785.0000,2789.8000,2790.0000,1,1,1,2,1,1,2,2,10,1
SF,IH2007,2020-06-01 09:34:05.900,2780.0000,5031,0,257477580.000,0,-,-,-,-,2778.6000,2778.4000,2777.8000,2777.6000,2776.8000,2782.6000,2782.8000,2785.0000,2789.8000,2790.0000,1,1,1,2,1,1,1,2,10,1
SF,IH2007,2020-06-01 09:34:06.400,2780.0000,5031,0,257477580.000,0,-,-,-,-,2778.8000,2778.6000,2778.0000,2777.8000,2777.6000,2782.6000,2782.8000,2785.0000,2789.8000,2790.0000,1,1,1,1,2,1,1,2,10,1
SF,IH2007,2020-06-01 09:34:07.400,2780.0000,5031,0,257477580.000,0,-,-,-,-,2779.0000,2778.8000,2778.6000,2778.0000,2777.8000,2782.6000,2782.8000,2785.0000,2789.8000,2790.0000,1,1,1,1,1,1,1,2,10,1
SF,IH2007,2020-06-01 09:34:07.900,2780.0000,5031,0,257477580.000,0,-,-,-,-,2779.4000,2779.2000,2779.0000,2778.6000,2778.0000,2782.6000,2782.8000,2785.0000,2789.8000,2790.0000,1,1,2,1,1,1,1,2,10,1
SF,IH2007,2020-06-01 09:34:08.400,2780.0000,5031,0,257477580.000,0,-,-,-,-,2779.6000,2779.4000,2779.0000,2778.6000,2777.8000,2782.6000,2782.8000,2785.0000,2789.8000,2790.0000,1,1,1,1,1,1,1,2,10,1
SF,IH2007,2020-06-01 09:34:09.900,2780.0000,5031,0,257477580.000,0,-,-,-,-,2779.8000,2779.6000,2777.8000,2777.6000,2776.8000,2782.6000,2782.8000,2783.4000,2785.0000,2789.8000,1,1,1,1,1,1,1,1,2,10
SF,IH2007,2020-06-01 09:34:10.400,2780.0000,5031,0,257477580.000,0,-,-,-,-,2779.8000,2777.8000,2777.6000,2776.8000,2774.2000,2782.6000,2782.8000,2783.4000,2785.0000,2789.8000,1,1,1,1,2,1,1,1,2,10
SF,IH2007,2020-06-01 09:34:10.900,2780.0000,5031,0,257477580.000,0,-,-,-,-,2779.8000,2777.8000,2777.6000,2776.8000,2774.2000,2782.6000,2782.8000,2783.4000,2785.0000,2789.8000,1,1,1,1,2,1,1,1,2,10
SF,IH2007,2020-06-01 09:34:11.400,2780.0000,5031,0,257477580.000,0,-,-,-,-,2780.0000,2777.8000,2777.6000,2776.8000,2774.2000,2782.6000,2782.8000,2783.4000,2785.0000,2789.8000,1,1,1,1,2,1,1,1,2,10
SF,IH2007,2020-06-01 09:34:11.900,2780.0000,5031,0,257477580.000,0,-,-,-,-,2780.0000,2777.8000,2774.2000,2774.0000,2764.4000,2782.4000,2782.6000,2782.8000,2783.4000,2785.0000,1,1,2,5,1,1,1,1,1,2
SF,IH2007,2020-06-01 09:34:12.400,2780.0000,5031,0,257477580.000,0,-,-,-,-,2780.2000,2780.0000,2777.8000,2774.2000,2774.0000,2782.2000,2782.6000,2782.8000,2783.4000,2785.0000,2,1,1,2,5,1,1,1,1,2
SF,IH2007,2020-06-01 09:34:12.900,2780.0000,5031,0,257477580.000,0,-,-,-,-,2780.4000,2777.8000,2774.2000,2774.0000,2764.4000,2782.2000,2782.6000,2782.8000,2783.4000,2785.0000,3,1,2,5,1,1,1,1,1,2
SF,IH2007,2020-06-01 09:34:13.400,2780.0000,5031,0,257477580.000,0,-,-,-,-,2780.4000,2777.8000,2774.2000,2774.0000,2764.4000,2782.6000,2782.8000,2783.4000,2785.0000,2789.8000,3,1,2,5,1,1,1,1,2,10
SF,IH2007,2020-06-01 09:34:13.900,2780.0000,5031,0,257477580.000,0,-,-,-,-,2780.8000,2780.4000,2777.8000,2774.2000,2774.0000,2782.6000,2782.8000,2783.4000,2785.0000,2789.8000,1,3,1,2,5,1,1,1,2,10
SF,IH2007,2020-06-01 09:34:14.400,2780.0000,5031,0,257477580.000,0,-,-,-,-,2781.0000,2780.8000,2780.4000,2777.8000,2774.2000,2782.4000,2782.6000,2782.8000,2783.4000,2785.0000,1,1,1,1,2,1,1,1,1,2
SF,IH2007,2020-06-01 09:34:14.900,2781.0000,5031,0,258311880.000,1,0,1,多换,S,2780.4000,2777.8000,2774.2000,2774.0000,2764.4000,2782.4000,2782.6000,2782.8000,2783.4000,2785.0000,1,1,2,5,1,1,1,1,1,2
SF,IH2007,2020-06-01 09:34:15.400,2780.4000,5030,-1,259146000.000,1,0,1,双平,S,2777.8000,2774.2000,2774.0000,2764.4000,2764.0000,2782.2000,2782.4000,2782.6000,2782.8000,2783.4000,1,2,5,1,1,1,1,1,1,1
SF,IH2007,2020-06-01 09:34:16.400,2780.4000,5030,0,259146000.000,0,-,-,-,-,2777.8000,2774.2000,2774.0000,2764.4000,2764.0000,2781.6000,2782.2000,2782.4000,2782.6000,2782.8000,1,2,5,1,1,1,1,1,1,1
SF,IH2007,2020-06-01 09:34:16.900,2780.4000,5030,0,259146000.000,0,-,-,-,-,2778.8000,2778.2000,2777.8000,2774.8000,2774.2000,2781.4000,2781.6000,2782.4000,2782.6000,2782.8000,1,1,1,1,2,1,1,1,1,1
SF,IH2007,2020-06-01 09:34:17.400,2780.4000,5030,0,259146000.000,0,-,-,-,-,2778.8000,2777.8000,2774.8000,2774.2000,2774.0000,2781.4000,2782.4000,2782.6000,2782.8000,2783.4000,1,1,1,2,5,1,1,1,1,1
SF,IH2007,2020-06-01 09:34:17.900,2780.4000,5030,0,259146000.000,0,-,-,-,-,2777.8000,2774.8000,2774.2000,2774.0000,2764.4000,2780.8000,2781.4000,2782.4000,2782.6000,2782.8000,1,1,2,5,1,1,1,1,1,1
SF,IH2007,2020-06-01 09:34:18.400,2780.4000,5030,0,259146000.000,0,-,-,-,-,2777.8000,2774.8000,2774.2000,2774.0000,2764.4000,2780.6000,2780.8000,2782.4000,2782.6000,2782.8000,1,1,2,5,1,1,1,1,1,1
SF,IH2007,2020-06-01 09:34:18.900,2780.4000,5030,0,259146000.000,0,-,-,-,-,2777.8000,2774.8000,2774.2000,2774.0000,2764.4000,2780.6000,2780.8000,2782.6000,2782.8000,2783.4000,1,1,2,5,1,1,1,1,1,1
SF,IH2007,2020-06-01 09:34:19.400,2780.4000,5030,0,259146000.000,0,-,-,-,-,2777.8000,2774.8000,2774.2000,2774.0000,2764.4000,2780.6000,2782.6000,2782.8000,2783.4000,2785.0000,1,1,2,5,1,1,1,1,1,2
SF,IH2007,2020-06-01 09:34:19.900,2780.4000,5030,0,259146000.000,0,-,-,-,-,2778.0000,2777.8000,2774.8000,2774.2000,2774.0000,2780.6000,2782.6000,2782.8000,2783.4000,2785.0000,1,1,1,2,5,2,1,1,1,2
SF,IH2007,2020-06-01 09:34:21.400,2780.4000,5030,0,259146000.000,0,-,-,-,-,2778.0000,2777.8000,2774.8000,2774.2000,2774.0000,2780.6000,2782.6000,2782.8000,2783.4000,2785.0000,1,1,1,2,5,1,1,1,1,2
SF,IH2007,2020-06-01 09:34:21.900,2780.4000,5030,0,259146000.000,0,-,-,-,-,2778.0000,2777.8000,2774.8000,2774.2000,2774.0000,2780.6000,2782.6000,2782.8000,2783.4000,2785.0000,1,1,1,2,5,2,1,1,1,2
SF,IH2007,2020-06-01 09:34:22.400,2780.4000,5030,0,259146000.000,0,-,-,-,-,2778.0000,2777.8000,2774.8000,2774.2000,2774.0000,2780.6000,2782.6000,2782.8000,2783.4000,2785.0000,2,1,1,2,5,1,1,1,1,2
SF,IH2007,2020-06-01 09:34:22.900,2780.4000,5030,0,259146000.000,0,-,-,-,-,2778.2000,2778.0000,2777.8000,2774.8000,2774.2000,2780.6000,2782.6000,2782.8000,2783.4000,2785.0000,1,2,1,1,2,1,1,1,1,2
SF,IH2007,2020-06-01 09:34:23.400,2780.4000,5030,0,259146000.000,0,-,-,-,-,2778.4000,2778.2000,2778.0000,2777.8000,2774.8000,2780.6000,2782.6000,2782.8000,2783.4000,2785.0000,3,1,2,1,1,1,1,1,1,2
SF,IH2007,2020-06-01 09:34:24.400,2780.4000,5030,0,259146000.000,0,-,-,-,-,2778.6000,2778.4000,2778.2000,2778.0000,2777.8000,2780.6000,2782.6000,2782.8000,2783.4000,2785.0000,2,3,1,2,1,1,1,1,1,2
SF,IH2007,2020-06-01 09:34:24.900,2780.4000,5030,0,259146000.000,0,-,-,-,-,2778.6000,2778.4000,2778.2000,2778.0000,2777.8000,2780.6000,2782.6000,2782.8000,2783.4000,2785.0000,1,1,1,1,1,1,1,1,1,2
SF,IH2007,2020-06-01 09:34:25.400,2780.4000,5030,0,259146000.000,0,-,-,-,-,2778.2000,2778.0000,2777.8000,2774.8000,2774.2000,2780.6000,2782.6000,2782.8000,2783.4000,2785.0000,1,1,1,1,2,1,1,1,1,2
SF,IH2007,2020-06-01 09:34:25.900,2780.4000,5030,0,259146000.000,0,-,-,-,-,2778.0000,2777.8000,2774.8000,2774.2000,2774.0000,2780.6000,2782.6000,2782.8000,2783.4000,2785.0000,1,1,1,2,5,1,1,1,1,2
SF,IH2007,2020-06-01 09:34:26.400,2780.4000,5030,0,259146000.000,0,-,-,-,-,2778.2000,2778.0000,2777.8000,2774.8000,2774.2000,2780.6000,2782.6000,2782.8000,2783.4000,2785.0000,1,1,1,1,2,1,1,1,1,2
SF,IH2007,2020-06-01 09:34:27.400,2780.4000,5030,0,259146000.000,0,-,-,-,-,2778.4000,2778.2000,2778.0000,2777.8000,2774.8000,2780.6000,2782.6000,2782.8000,2783.4000,2785.0000,1,1,1,1,1,1,1,1,1,2
SF,IH2007,2020-06-01 09:34:27.900,2780.4000,5030,0,259146000.000,0,-,-,-,-,2778.6000,2778.4000,2778.2000,2778.0000,2777.8000,2780.6000,2782.6000,2782.8000,2783.4000,2785.0000,1,1,1,1,1,1,1,1,1,2
SF,IH2007,2020-06-01 09:34:29.900,2780.4000,5030,0,259146000.000,0,-,-,-,-,2778.8000,2778.6000,2778.4000,2778.2000,2778.0000,2780.6000,2782.6000,2782.8000,2783.4000,2785.0000,1,1,1,1,1,1,1,1,1,2
SF,IH2007,2020-06-01 09:34:30.400,2780.4000,5030,0,259146000.000,0,-,-,-,-,2778.6000,2778.0000,2777.8000,2774.8000,2774.2000,2780.6000,2782.6000,2782.8000,2783.4000,2785.0000,1,1,1,1,2,1,1,1,1,2
SF,IH2007,2020-06-01 09:34:30.900,2780.4000,5030,0,259146000.000,0,-,-,-,-,2778.8000,2778.0000,2777.8000,2774.8000,2774.2000,2780.6000,2782.6000,2782.8000,2783.4000,2785.0000,1,1,1,1,2,1,1,1,1,2
SF,IH2007,2020-06-01 09:34:31.900,2780.4000,5030,0,259146000.000,0,-,-,-,-,2779.0000,2778.8000,2778.0000,2777.8000,2774.8000,2780.6000,2782.6000,2782.8000,2783.4000,2785.0000,1,1,1,1,1,1,1,1,1,2
SF,IH2007,2020-06-01 09:34:32.400,2780.6000,5030,0,259980180.000,1,0,1,多换,S,2779.2000,2779.0000,2778.0000,2777.8000,2774.8000,2782.6000,2782.8000,2783.4000,2785.0000,2789.8000,2,1,1,1,1,1,1,1,2,10
SF,IH2007,2020-06-01 09:34:32.900,2780.6000,5030,0,259980180.000,0,-,-,-,-,2779.4000,2779.2000,2779.0000,2778.0000,2777.8000,2782.4000,2782.6000,2782.8000,2783.4000,2785.0000,1,2,1,1,1,1,1,1,1,2
SF,IH2007,2020-06-01 09:34:33.400,2779.4000,5030,0,260814000.000,1,0,1,多换,S,2779.6000,2779.4000,2779.2000,2779.0000,2778.0000,2782.2000,2782.4000,2782.6000,2782.8000,2783.4000,1,1,2,1,1,1,1,1,1,1
SF,IH2007,2020-06-01 09:34:33.900,2779.6000,5030,0,261647880.000,1,0,1,多换,S,2779.6000,2779.2000,2779.0000,2778.0000,2777.8000,2782.2000,2782.4000,2782.6000,2782.8000,2783.4000,1,2,1,1,1,1,1,1,1,1
SF,IH2007,2020-06-01 09:34:34.400,2779.6000,5030,0,261647880.000,0,-,-,-,-,2779.2000,2778.0000,2777.8000,2774.8000,2774.2000,2782.2000,2782.4000,2782.6000,2782.8000,2783.4000,2,1,1,1,2,1,1,1,1,1
SF,IH2007,2020-06-01 09:34:34.900,2779.6000,5030,0,261647880.000,0,-,-,-,-,2779.2000,2778.0000,2777.8000,2774.8000,2774.2000,2782.2000,2782.4000,2782.6000,2782.8000,2783.4000,2,1,1,1,2,1,1,1,1,1
SF,IH2007,2020-06-01 09:34:35.400,2779.6000,5030,0,261647880.000,0,-,-,-,-,2779.8000,2779.4000,2779.2000,2778.0000,2777.8000,2782.2000,2782.4000,2782.6000,2782.8000,2783.4000,1,1,2,1,1,1,1,1,1,1
SF,IH2007,2020-06-01 09:34:35.900,2779.6000,5030,0,261647880.000,0,-,-,-,-,2779.8000,2779.4000,2778.0000,2777.8000,2774.8000,2782.2000,2782.4000,2782.6000,2782.8000,2783.4000,1,1,1,1,1,1,1,1,1,1
SF,IH2007,2020-06-01 09:34:36.400,2779.6000,5030,0,261647880.000,0,-,-,-,-,2779.8000,2779.4000,2778.0000,2777.8000,2774.8000,2781.8000,2782.2000,2782.4000,2782.6000,2782.8000,1,1,1,1,1,1,1,1,1,1
SF,IH2007,2020-06-01 09:34:36.900,2779.6000,5030,0,261647880.000,0,-,-,-,-,2780.0000,2779.8000,2778.0000,2777.8000,2774.8000,2781.6000,2781.8000,2782.4000,2782.6000,2782.8000,2,1,1,1,1,2,1,1,1,1
SF,IH2007,2020-06-01 09:34:37.400,2779.6000,5030,0,261647880.000,0,-,-,-,-,2779.8000,2778.0000,2777.8000,2774.8000,2774.2000,2781.6000,2781.8000,2782.4000,2782.6000,2782.8000,1,1,1,1,2,2,1,1,1,1
SF,IH2007,2020-06-01 09:34:37.900,2779.6000,5030,0,261647880.000,0,-,-,-,-,2778.0000,2777.8000,2774.8000,2774.2000,2774.0000,2781.6000,2782.4000,2782.6000,2782.8000,2783.4000,1,1,1,2,5,2,1,1,1,1
SF,IH2007,2020-06-01 09:34:38.400,2779.6000,5030,0,261647880.000,0,-,-,-,-,2778.0000,2777.8000,2774.8000,2774.2000,2774.0000,2781.0000,2781.6000,2782.4000,2782.6000,2782.8000,1,1,1,2,5,1,2,1,1,1
SF,IH2007,2020-06-01 09:34:38.900,2779.6000,5030,0,261647880.000,0,-,-,-,-,2778.0000,2777.8000,2774.8000,2774.2000,2774.0000,2780.8000,2781.0000,2781.4000,2782.4000,2782.6000,1,1,1,2,5,1,1,1,1,1
SF,IH2007,2020-06-01 09:34:39.400,2779.6000,5030,0,261647880.000,0,-,-,-,-,2778.2000,2778.0000,2777.8000,2774.8000,2774.2000,2780.8000,2781.0000,2781.4000,2782.4000,2782.6000,1,1,1,1,2,1,1,1,1,1
SF,IH2007,2020-06-01 09:34:39.900,2779.6000,5030,0,261647880.000,0,-,-,-,-,2778.2000,2778.0000,2777.8000,2774.8000,2774.2000,2780.6000,2780.8000,2782.4000,2782.6000,2782.8000,1,1,1,1,2,1,1,1,1,1
SF,IH2007,2020-06-01 09:34:40.400,2779.6000,5030,0,261647880.000,0,-,-,-,-,2778.4000,2778.0000,2777.8000,2774.8000,2774.2000,2780.4000,2780.6000,2780.8000,2782.4000,2782.6000,1,1,1,1,2,1,1,1,1,1
SF,IH2007,2020-06-01 09:34:40.900,2779.6000,5030,0,261647880.000,0,-,-,-,-,2778.0000,2777.8000,2774.8000,2774.2000,2774.0000,2780.4000,2780.8000,2782.4000,2782.6000,2782.8000,1,1,1,2,5,1,1,1,1,1
