市场代码,合约代码,时间,最新,持仓,增仓,成交额,成交量,开仓,平仓,成交类型,方向,买一价,买二价,买三价,买四价,买五价,卖一价,卖二价,卖三价,卖四价,卖五价,买一量,买二量,买三量,买四量,买五量,卖一量,卖二量,卖三量,卖四量,卖五量
SF,IH2012,2020-06-05 09:29:00.100,2754.4000,4360,0,826320.000,1.000,-,-,-,-,2754.2000,2752.8000,2750.4000,2748.8000,2748.0000,2756.0000,2757.8000,2759.8000,2760.0000,2761.4000,1,1,5,3,2,1,2,1,1,1
SF,IH2012,2020-06-05 09:30:00.100,2754.4000,4360,0,826320.000,0,-,-,-,-,2754.2000,2752.8000,2750.4000,2748.8000,2748.0000,2756.0000,2757.8000,2758.0000,2759.8000,2760.0000,1,1,5,3,2,1,2,1,1,1
SF,IH2012,2020-06-05 09:30:00.600,2754.4000,4360,0,826320.000,0,-,-,-,-,2754.4000,2752.8000,2750.4000,2748.0000,2745.4000,2755.8000,2756.0000,2757.8000,2758.0000,2759.8000,1,1,5,2,5,3,1,2,1,1
SF,IH2012,2020-06-05 09:30:01.100,2754.4000,4360,0,826320.000,0,-,-,-,-,2754.6000,2754.4000,2752.8000,2750.4000,2748.0000,2755.2000,2755.8000,2756.0000,2757.8000,2758.0000,1,1,1,5,2,2,2,1,2,1
SF,IH2012,2020-06-05 09:30:01.600,2754.4000,4360,0,826320.000,0,-,-,-,-,2754.6000,2751.6000,2750.4000,2750.2000,2748.0000,2755.2000,2755.8000,2756.0000,2757.8000,2758.0000,1,1,5,1,2,2,2,1,2,1
SF,IH2012,2020-06-05 09:30:02.100,2754.6000,4359,-1,1652700.000,1,0,1,双平,S,2751.6000,2750.4000,2750.2000,2748.0000,2747.4000,2755.2000,2755.8000,2756.0000,2757.8000,2758.0000,1,5,1,2,5,2,2,1,2,1
SF,IH2012,2020-06-05 09:30:02.600,2754.6000,4359,0,1652700.000,0,-,-,-,-,2752.0000,2751.6000,2750.4000,2750.2000,2748.0000,2755.0000,2755.2000,2755.8000,2756.0000,2757.8000,6,1,5,1,2,2,1,2,1,2
SF,IH2012,2020-06-05 09:30:03.100,2754.6000,4359,0,1652700.000,0,-,-,-,-,2752.0000,2751.6000,2750.4000,2750.2000,2748.0000,2755.0000,2755.2000,2755.8000,2756.0000,2757.8000,6,1,5,1,2,2,1,2,1,2
SF,IH2012,2020-06-05 09:30:03.600,2754.6000,4359,0,1652700.000,0,-,-,-,-,2752.0000,2751.6000,2750.4000,2750.2000,2748.0000,2755.0000,2756.0000,2757.8000,2758.0000,2759.8000,6,1,5,1,2,2,1,2,1,1
SF,IH2012,2020-06-05 09:30:04.100,2754.6000,4359,0,1652700.000,0,-,-,-,-,2752.0000,2751.6000,2750.4000,2750.2000,2748.0000,2755.0000,2756.0000,2757.8000,2758.0000,2759.8000,6,1,5,1,2,2,1,2,1,1
SF,IH2012,2020-06-05 09:30:04.600,2754.6000,4359,0,1652700.000,0,-,-,-,-,2752.0000,2751.6000,2750.4000,2750.2000,2748.0000,2755.0000,2756.0000,2757.8000,2758.0000,2759.8000,6,1,5,1,2,2,1,2,1,1
SF,IH2012,2020-06-05 09:30:05.100,2754.6000,4359,0,1652700.000,0,-,-,-,-,2751.6000,2750.4000,2750.2000,2748.0000,2747.4000,2755.0000,2756.0000,2757.8000,2758.0000,2759.8000,1,5,1,2,5,2,1,2,1,1
SF,IH2012,2020-06-05 09:30:05.600,2754.6000,4359,0,1652700.000,0,-,-,-,-,2752.0000,2751.6000,2750.4000,2750.2000,2748.0000,2755.0000,2756.0000,2757.8000,2758.0000,2759.8000,6,1,5,1,2,2,1,2,1,1
SF,IH2012,2020-06-05 09:30:06.100,2754.6000,4359,0,1652700.000,0,-,-,-,-,2751.6000,2750.4000,2750.2000,2748.0000,2747.4000,2755.0000,2756.0000,2757.8000,2758.0000,2759.8000,1,5,1,2,5,2,1,2,1,1
SF,IH2012,2020-06-05 09:30:06.600,2754.6000,4359,0,1652700.000,0,-,-,-,-,2751.6000,2750.4000,2750.2000,2748.0000,2747.4000,2755.0000,2756.0000,2757.8000,2758.0000,2759.8000,1,5,1,2,5,2,1,2,1,1
SF,IH2012,2020-06-05 09:30:07.100,2754.6000,4359,0,1652700.000,0,-,-,-,-,2751.6000,2750.4000,2750.2000,2748.0000,2747.4000,2754.4000,2754.8000,2755.0000,2756.0000,2757.8000,1,5,1,2,5,2,2,2,1,2
SF,IH2012,2020-06-05 09:30:07.600,2754.6000,4359,0,1652700.000,0,-,-,-,-,2751.6000,2750.4000,2750.2000,2748.0000,2747.4000,2754.2000,2754.4000,2754.8000,2756.0000,2757.8000,1,5,1,2,5,1,2,2,1,2
SF,IH2012,2020-06-05 09:30:08.100,2754.6000,4359,0,1652700.000,0,-,-,-,-,2752.0000,2751.6000,2750.4000,2750.2000,2748.0000,2754.0000,2754.2000,2756.0000,2757.8000,2758.0000,1,1,5,1,2,1,1,1,2,1
SF,IH2012,2020-06-05 09:30:08.600,2754.6000,4359,0,1652700.000,0,-,-,-,-,2752.0000,2751.6000,2750.4000,2750.2000,2748.0000,2753.8000,2754.0000,2756.0000,2757.8000,2758.0000,1,1,5,1,2,1,1,1,2,1
SF,IH2012,2020-06-05 09:30:09.100,2754.6000,4359,0,1652700.000,0,-,-,-,-,2752.0000,2751.6000,2750.4000,2750.2000,2748.0000,2753.8000,2756.0000,2757.8000,2758.0000,2759.8000,1,1,5,1,2,1,1,2,1,1
SF,IH2012,2020-06-05 09:30:09.600,2754.6000,4359,0,1652700.000,0,-,-,-,-,2752.0000,2751.6000,2750.4000,2750.2000,2748.0000,2753.6000,2753.8000,2756.0000,2757.8000,2758.0000,1,1,5,1,2,1,1,1,2,1
SF,IH2012,2020-06-05 09:30:11.100,2754.6000,4359,0,1652700.000,0,-,-,-,-,2751.6000,2750.4000,2750.2000,2748.0000,2747.4000,2753.6000,2753.8000,2756.0000,2757.8000,2758.0000,1,5,1,2,5,1,1,1,2,1
SF,IH2012,2020-06-05 09:30:11.600,2754.6000,4359,0,1652700.000,0,-,-,-,-,2751.6000,2750.4000,2750.2000,2748.0000,2747.4000,2753.4000,2753.6000,2756.0000,2757.8000,2758.0000,1,5,1,2,5,1,1,1,2,1
SF,IH2012,2020-06-05 09:30:12.100,2754.6000,4359,0,1652700.000,0,-,-,-,-,2751.8000,2751.6000,2750.4000,2750.2000,2748.0000,2753.4000,2756.0000,2757.8000,2758.0000,2759.8000,1,1,5,1,2,1,1,2,1,1
SF,IH2012,2020-06-05 09:30:12.600,2754.6000,4359,0,1652700.000,0,-,-,-,-,2751.8000,2751.6000,2750.4000,2750.2000,2748.4000,2753.4000,2756.0000,2757.8000,2758.0000,2759.8000,1,1,5,1,1,1,1,2,1,1
SF,IH2012,2020-06-05 09:30:13.100,2754.6000,4359,0,1652700.000,0,-,-,-,-,2751.8000,2751.6000,2750.4000,2750.2000,2748.4000,2753.2000,2753.4000,2756.0000,2757.8000,2758.0000,1,1,5,1,1,1,1,1,2,1
SF,IH2012,2020-06-05 09:30:14.100,2754.6000,4359,0,1652700.000,0,-,-,-,-,2751.6000,2750.4000,2750.2000,2748.4000,2748.0000,2753.2000,2753.4000,2756.0000,2757.8000,2758.0000,1,5,1,1,2,1,1,1,2,1
SF,IH2012,2020-06-05 09:30:14.600,2754.6000,4359,0,1652700.000,0,-,-,-,-,2751.6000,2750.4000,2750.2000,2748.4000,2748.0000,2753.2000,2753.4000,2754.0000,2757.8000,2758.0000,1,5,1,1,2,1,1,1,2,1
SF,IH2012,2020-06-05 09:30:15.100,2754.6000,4359,0,1652700.000,0,-,-,-,-,2751.6000,2750.4000,2750.2000,2748.4000,2748.0000,2753.2000,2753.4000,2754.0000,2757.8000,2758.0000,1,5,1,1,1,1,1,1,2,1
SF,IH2012,2020-06-05 09:30:15.600,2754.6000,4359,0,1652700.000,0,-,-,-,-,2751.6000,2750.4000,2750.2000,2748.4000,2748.0000,2753.2000,2753.4000,2754.0000,2757.8000,2758.0000,1,5,1,1,1,1,1,1,2,1
SF,IH2012,2020-06-05 09:30:17.600,2754.6000,4359,0,1652700.000,0,-,-,-,-,2752.0000,2751.6000,2750.4000,2750.2000,2748.4000,2753.2000,2753.4000,2754.0000,2757.8000,2758.0000,1,1,5,1,1,1,1,1,2,1
SF,IH2012,2020-06-05 09:30:18.100,2754.6000,4359,0,1652700.000,0,-,-,-,-,2752.0000,2751.6000,2750.4000,2750.2000,2748.4000,2753.2000,2754.0000,2757.8000,2758.0000,2759.8000,1,1,5,1,1,1,1,2,1,1
SF,IH2012,2020-06-05 09:30:19.100,2754.6000,4359,0,1652700.000,0,-,-,-,-,2752.0000,2751.6000,2750.4000,2750.2000,2748.4000,2753.2000,2754.0000,2754.6000,2757.8000,2758.0000,1,1,5,1,1,1,1,1,2,1
SF,IH2012,2020-06-05 09:30:19.600,2754.6000,4359,0,1652700.000,0,-,-,-,-,2752.0000,2751.6000,2750.4000,2750.2000,2748.4000,2753.2000,2754.0000,2754.6000,2757.8000,2758.0000,1,1,5,1,1,1,1,1,2,1
SF,IH2012,2020-06-05 09:30:21.100,2752.0000,4358,-1,2478300.000,1,0,1,双平,S,2751.6000,2750.4000,2750.2000,2748.4000,2748.0000,2752.0000,2753.2000,2754.0000,2754.6000,2757.8000,1,5,1,1,1,1,1,1,1,2
SF,IH2012,2020-06-05 09:30:21.600,2752.0000,4358,0,3303900.000,1,0,1,多换,S,2751.6000,2750.4000,2750.2000,2748.4000,2748.0000,2753.2000,2754.0000,2754.6000,2757.8000,2758.0000,1,5,1,1,1,1,1,1,2,1
SF,IH2012,2020-06-05 09:30:23.100,2752.0000,4358,0,3303900.000,0,-,-,-,-,2752.0000,2751.6000,2750.4000,2750.2000,2748.4000,2753.0000,2753.2000,2754.0000,2754.6000,2757.8000,1,1,5,1,1,1,1,1,1,2
SF,IH2012,2020-06-05 09:30:23.600,2752.0000,4357,-1,4129500.000,1,0,1,双平,S,2751.6000,2750.4000,2750.2000,2748.4000,2748.0000,2752.0000,2752.6000,2753.0000,2754.0000,2754.6000,1,5,1,1,1,1,1,2,1,1
SF,IH2012,2020-06-05 09:30:24.100,2751.6000,4356,-1,4954980.000,1,0,1,双平,S,2750.4000,2750.2000,2748.4000,2748.0000,2745.4000,2752.0000,2752.6000,2753.0000,2754.0000,2754.6000,5,1,1,1,5,1,1,2,1,1
SF,IH2012,2020-06-05 09:30:24.600,2751.6000,4356,0,4954980.000,0,-,-,-,-,2750.4000,2750.2000,2748.4000,2748.0000,2745.4000,2751.6000,2752.0000,2753.0000,2754.0000,2754.6000,5,1,1,1,5,1,1,1,1,1
SF,IH2012,2020-06-05 09:30:25.100,2751.6000,4356,0,4954980.000,0,-,-,-,-,2750.4000,2750.2000,2748.4000,2748.0000,2745.4000,2752.0000,2753.0000,2754.0000,2754.6000,2757.8000,5,1,1,1,5,1,1,1,1,2
SF,IH2012,2020-06-05 09:30:25.600,2751.6000,4356,0,4954980.000,0,-,-,-,-,2751.6000,2750.4000,2750.2000,2748.4000,2748.0000,2753.0000,2754.0000,2754.6000,2757.8000,2758.0000,1,5,1,1,1,1,1,1,2,1
SF,IH2012,2020-06-05 09:30:26.100,2751.6000,4356,0,4954980.000,0,-,-,-,-,2751.6000,2750.4000,2750.2000,2748.4000,2748.0000,2752.6000,2752.8000,2753.0000,2754.0000,2754.6000,1,5,1,1,1,2,1,1,1,1
SF,IH2012,2020-06-05 09:30:26.600,2751.6000,4356,0,4954980.000,0,-,-,-,-,2750.4000,2750.2000,2748.4000,2748.0000,2745.4000,2752.6000,2752.8000,2753.0000,2754.0000,2754.6000,5,1,1,1,5,2,1,1,1,1
SF,IH2012,2020-06-05 09:30:27.100,2751.6000,4356,0,4954980.000,0,-,-,-,-,2750.6000,2750.4000,2750.2000,2748.4000,2748.0000,2752.4000,2752.6000,2752.8000,2753.0000,2754.0000,1,5,1,1,1,1,2,1,1,1
SF,IH2012,2020-06-05 09:30:27.600,2751.6000,4356,0,4954980.000,0,-,-,-,-,2750.6000,2750.4000,2750.2000,2748.4000,2748.0000,2752.4000,2752.6000,2752.8000,2753.0000,2754.0000,1,5,1,1,1,1,2,1,1,1
SF,IH2012,2020-06-05 09:30:28.100,2751.6000,4356,0,4954980.000,0,-,-,-,-,2750.6000,2750.4000,2750.2000,2748.4000,2748.0000,2752.4000,2752.6000,2754.0000,2754.6000,2755.0000,1,5,1,1,1,1,2,1,1,1
SF,IH2012,2020-06-05 09:30:29.600,2751.6000,4356,0,4954980.000,0,-,-,-,-,2750.6000,2750.4000,2750.2000,2748.4000,2748.0000,2752.4000,2752.6000,2754.0000,2754.6000,2755.0000,1,5,1,1,1,1,2,1,1,1
SF,IH2012,2020-06-05 09:30:30.100,2751.6000,4356,0,4954980.000,0,-,-,-,-,2750.4000,2750.2000,2748.4000,2748.0000,2745.4000,2752.2000,2752.4000,2752.6000,2754.0000,2754.6000,5,1,1,1,5,1,1,2,1,1
SF,IH2012,2020-06-05 09:30:30.600,2751.6000,4356,0,4954980.000,0,-,-,-,-,2750.4000,2750.2000,2748.4000,2748.0000,2745.4000,2752.2000,2752.6000,2754.0000,2754.6000,2755.0000,5,1,1,1,5,1,2,1,1,1
SF,IH2012,2020-06-05 09:30:31.100,2750.4000,4355,-1,10730940.000,7,3,4,多平,S,2750.2000,2748.4000,2748.0000,2745.4000,2743.6000,2750.4000,2752.0000,2752.6000,2754.0000,2754.6000,1,1,1,5,5,3,2,2,1,1
SF,IH2012,2020-06-05 09:30:31.600,2750.4000,4354,-1,13206300.000,3,1,2,多平,S,2750.4000,2750.2000,2748.4000,2748.0000,2745.4000,2752.0000,2752.6000,2754.0000,2754.6000,2755.0000,1,1,1,1,5,2,2,1,1,1
SF,IH2012,2020-06-05 09:30:33.100,2750.4000,4354,0,13206300.000,0,-,-,-,-,2750.8000,2750.4000,2750.2000,2748.0000,2745.4000,2752.0000,2752.6000,2753.0000,2754.0000,2754.6000,1,1,1,1,5,2,2,1,1,1
SF,IH2012,2020-06-05 09:30:33.600,2750.4000,4354,0,13206300.000,0,-,-,-,-,2750.8000,2750.6000,2750.4000,2750.2000,2748.0000,2752.0000,2752.6000,2753.0000,2754.0000,2754.6000,1,1,1,1,1,1,2,1,1,1
SF,IH2012,2020-06-05 09:30:34.600,2750.4000,4354,0,13206300.000,0,-,-,-,-,2750.8000,2750.4000,2750.2000,2748.0000,2745.4000,2752.0000,2752.6000,2753.0000,2754.0000,2754.6000,1,1,1,1,5,1,2,1,1,1
SF,IH2012,2020-06-05 09:30:35.100,2750.4000,4354,0,13206300.000,0,-,-,-,-,2750.8000,2750.4000,2750.2000,2748.0000,2745.4000,2752.0000,2752.6000,2753.0000,2754.0000,2754.6000,1,1,1,1,5,1,2,1,1,1
SF,IH2012,2020-06-05 09:30:36.100,2750.4000,4354,0,13206300.000,0,-,-,-,-,2750.4000,2750.2000,2748.0000,2745.4000,2743.6000,2752.0000,2752.6000,2753.0000,2754.0000,2754.6000,1,1,1,5,5,1,2,1,1,1
SF,IH2012,2020-06-05 09:30:36.600,2750.4000,4354,0,13206300.000,0,-,-,-,-,2750.4000,2750.2000,2748.0000,2745.4000,2743.6000,2752.0000,2752.6000,2753.0000,2754.0000,2754.6000,2,1,1,5,5,1,2,1,1,1
SF,IH2012,2020-06-05 09:30:40.600,2750.4000,4354,0,13206300.000,0,-,-,-,-,2750.4000,2750.2000,2748.0000,2745.4000,2743.6000,2752.0000,2752.6000,2753.0000,2754.0000,2755.0000,2,1,1,5,5,2,2,1,1,1
SF,IH2012,2020-06-05 09:30:41.100,2750.4000,4354,0,13206300.000,0,-,-,-,-,2750.4000,2750.2000,2748.0000,2745.4000,2743.6000,2751.6000,2752.0000,2752.6000,2753.0000,2754.0000,2,1,1,5,5,1,2,2,1,1
SF,IH2012,2020-06-05 09:30:42.100,2750.4000,4354,0,13206300.000,0,-,-,-,-,2750.8000,2750.4000,2750.2000,2748.0000,2745.4000,2751.6000,2752.0000,2752.6000,2753.0000,2754.0000,1,2,1,1,5,1,2,2,1,1
SF,IH2012,2020-06-05 09:30:42.600,2750.4000,4354,0,13206300.000,0,-,-,-,-,2750.8000,2750.4000,2750.2000,2748.0000,2745.4000,2751.6000,2752.0000,2752.6000,2753.0000,2754.0000,2,1,1,1,5,1,2,2,1,1
SF,IH2012,2020-06-05 09:30:43.100,2752.0000,4351,-3,15682980.000,3,0,3,双平,S,2751.6000,2750.8000,2750.4000,2750.2000,2748.0000,2752.6000,2753.0000,2754.0000,2755.0000,2757.8000,1,2,1,1,1,2,1,1,1,2
SF,IH2012,2020-06-05 09:30:43.600,2752.0000,4351,0,15682980.000,0,-,-,-,-,2751.6000,2750.8000,2750.4000,2750.2000,2748.0000,2752.6000,2753.0000,2754.0000,2755.0000,2757.8000,1,2,1,1,1,1,1,1,1,2
SF,IH2012,2020-06-05 09:30:44.100,2752.0000,4351,0,15682980.000,0,-,-,-,-,2751.6000,2750.8000,2750.4000,2750.2000,2748.0000,2753.0000,2754.0000,2755.0000,2757.8000,2758.0000,1,2,1,1,1,1,1,1,2,1
SF,IH2012,2020-06-05 09:30:44.600,2752.0000,4351,0,15682980.000,0,-,-,-,-,2751.8000,2751.6000,2750.8000,2750.4000,2750.2000,2753.0000,2754.0000,2755.0000,2757.8000,2758.0000,1,1,2,1,1,1,1,1,2,1
SF,IH2012,2020-06-05 09:30:45.600,2752.0000,4351,0,15682980.000,0,-,-,-,-,2751.8000,2751.6000,2750.8000,2750.4000,2750.2000,2753.0000,2754.0000,2755.0000,2757.8000,2758.0000,1,1,1,1,1,1,1,1,2,1
SF,IH2012,2020-06-05 09:30:47.600,2752.0000,4351,0,15682980.000,0,-,-,-,-,2751.8000,2751.6000,2750.8000,2750.4000,2750.2000,2753.0000,2754.0000,2755.0000,2757.8000,2758.0000,1,1,1,1,1,1,1,1,2,1
SF,IH2012,2020-06-05 09:30:48.100,2753.0000,4350,-1,16508880.000,1,0,1,双平,S,2751.8000,2751.6000,2750.8000,2750.4000,2750.2000,2755.0000,2757.8000,2758.0000,2758.8000,2759.8000,1,1,1,1,1,1,2,1,6,1
SF,IH2012,2020-06-05 09:30:48.600,2753.0000,4350,0,16508880.000,0,-,-,-,-,2751.8000,2751.6000,2750.8000,2750.4000,2750.2000,2752.0000,2753.8000,2754.8000,2755.0000,2757.8000,1,1,1,1,1,1,2,2,1,2
SF,IH2012,2020-06-05 09:30:49.100,2752.0000,4349,-1,17334480.000,1,0,1,双平,S,2751.8000,2751.6000,2750.8000,2750.4000,2750.2000,2753.8000,2754.8000,2755.0000,2757.8000,2758.0000,1,1,1,1,1,2,2,1,2,1
SF,IH2012,2020-06-05 09:30:49.600,2752.0000,4349,0,17334480.000,0,-,-,-,-,2752.0000,2751.8000,2751.6000,2750.8000,2750.4000,2753.6000,2753.8000,2754.8000,2755.0000,2757.8000,1,1,1,1,1,1,2,1,1,2
SF,IH2012,2020-06-05 09:30:50.100,2752.0000,4349,0,17334480.000,0,-,-,-,-,2752.0000,2751.8000,2751.6000,2750.8000,2750.2000,2753.6000,2753.8000,2754.8000,2755.0000,2757.8000,2,1,1,1,1,1,1,1,1,2
SF,IH2012,2020-06-05 09:30:50.600,2753.6000,4348,-1,18160560.000,1,0,1,双平,S,2753.8000,2752.0000,2751.8000,2751.6000,2750.8000,2755.0000,2757.8000,2758.0000,2759.8000,2760.0000,1,2,1,1,1,1,2,1,1,3
SF,IH2012,2020-06-05 09:30:51.100,2753.6000,4348,0,18160560.000,0,-,-,-,-,2753.8000,2752.4000,2752.0000,2751.8000,2751.6000,2755.0000,2757.8000,2758.0000,2759.8000,2760.0000,1,7,4,1,1,1,2,1,1,3
SF,IH2012,2020-06-05 09:30:51.600,2753.6000,4348,0,18160560.000,0,-,-,-,-,2753.8000,2752.2000,2752.0000,2751.8000,2751.6000,2755.0000,2757.8000,2758.0000,2759.8000,2760.0000,1,1,4,1,1,1,2,1,1,3
SF,IH2012,2020-06-05 09:30:52.600,2753.6000,4348,0,18160560.000,0,-,-,-,-,2754.0000,2753.8000,2752.2000,2752.0000,2751.8000,2755.0000,2757.8000,2758.0000,2759.8000,2760.0000,1,1,1,3,1,1,2,1,1,3
SF,IH2012,2020-06-05 09:30:53.100,2753.6000,4348,0,18160560.000,0,-,-,-,-,2754.0000,2753.8000,2752.2000,2752.0000,2751.8000,2755.0000,2757.8000,2758.0000,2759.8000,2760.0000,1,1,1,3,1,1,2,1,1,3
SF,IH2012,2020-06-05 09:30:54.100,2753.6000,4348,0,18160560.000,0,-,-,-,-,2754.0000,2753.8000,2752.2000,2752.0000,2751.8000,2755.0000,2757.8000,2758.0000,2759.8000,2760.0000,1,1,1,3,1,2,2,1,1,3
SF,IH2012,2020-06-05 09:30:57.600,2753.6000,4348,0,18160560.000,0,-,-,-,-,2754.0000,2753.8000,2752.2000,2752.0000,2751.8000,2755.0000,2757.8000,2758.0000,2759.8000,2760.0000,1,1,1,2,1,2,2,1,1,3
SF,IH2012,2020-06-05 09:30:59.100,2755.0000,4346,-2,19813560.000,2,0,2,双平,S,2754.0000,2753.8000,2752.2000,2752.0000,2751.8000,2757.8000,2758.0000,2759.8000,2760.0000,2762.6000,1,1,1,1,1,2,1,1,3,6
SF,IH2012,2020-06-05 09:30:59.600,2755.0000,4346,0,19813560.000,0,-,-,-,-,2754.2000,2754.0000,2753.8000,2752.2000,2752.0000,2756.6000,2757.6000,2757.8000,2758.0000,2759.8000,1,1,1,1,1,2,3,2,1,1
SF,IH2012,2020-06-05 09:31:00.100,2755.0000,4346,0,19813560.000,0,-,-,-,-,2754.4000,2754.2000,2753.8000,2752.2000,2752.0000,2756.6000,2757.6000,2757.8000,2758.0000,2759.8000,1,1,1,1,1,2,3,2,1,1
SF,IH2012,2020-06-05 09:31:00.600,2755.0000,4346,0,19813560.000,0,-,-,-,-,2754.6000,2754.4000,2753.8000,2752.2000,2752.0000,2756.6000,2757.6000,2757.8000,2758.0000,2759.8000,1,1,1,1,1,2,2,2,1,1
SF,IH2012,2020-06-05 09:31:01.100,2755.0000,4346,0,19813560.000,0,-,-,-,-,2754.6000,2754.4000,2753.8000,2752.2000,2752.0000,2757.8000,2758.0000,2759.8000,2760.0000,2763.0000,1,1,1,1,1,2,1,1,3,1
SF,IH2012,2020-06-05 09:31:01.600,2755.0000,4346,0,19813560.000,0,-,-,-,-,2754.6000,2754.4000,2753.8000,2752.2000,2752.0000,2757.0000,2757.6000,2757.8000,2758.0000,2759.8000,1,1,1,1,1,2,1,2,1,1
SF,IH2012,2020-06-05 09:31:02.100,2755.0000,4346,0,19813560.000,0,-,-,-,-,2754.8000,2754.6000,2754.4000,2753.8000,2752.2000,2757.0000,2757.6000,2757.8000,2758.0000,2759.8000,1,1,1,1,1,2,1,2,1,1
SF,IH2012,2020-06-05 09:31:02.600,2755.0000,4346,0,19813560.000,0,-,-,-,-,2755.0000,2754.8000,2754.4000,2753.8000,2752.2000,2757.0000,2757.8000,2758.0000,2759.8000,2760.0000,1,1,1,1,1,1,2,1,1,3
SF,IH2012,2020-06-05 09:31:03.100,2755.0000,4346,0,19813560.000,0,-,-,-,-,2755.0000,2754.8000,2754.4000,2753.8000,2752.2000,2757.8000,2758.0000,2759.8000,2760.0000,2763.0000,1,3,1,1,1,2,1,1,3,1
SF,IH2012,2020-06-05 09:31:03.600,2755.0000,4346,0,19813560.000,0,-,-,-,-,2755.2000,2755.0000,2754.8000,2753.8000,2752.2000,2757.8000,2758.0000,2759.8000,2760.0000,2763.0000,3,1,1,1,1,2,1,1,3,1
SF,IH2012,2020-06-05 09:31:04.100,2755.0000,4346,0,19813560.000,0,-,-,-,-,2755.4000,2755.2000,2754.8000,2753.8000,2752.2000,2757.8000,2758.0000,2759.8000,2760.0000,2763.0000,1,3,1,1,1,2,1,1,3,1
SF,IH2012,2020-06-05 09:31:04.600,2757.8000,4346,0,20640900.000,1,0,1,多换,S,2755.4000,2755.2000,2754.8000,2753.8000,2752.2000,2757.8000,2758.0000,2759.8000,2760.0000,2763.0000,1,3,1,1,1,1,1,1,3,1
SF,IH2012,2020-06-05 09:31:05.100,2757.8000,4346,0,20640900.000,0,-,-,-,-,2755.4000,2755.2000,2754.8000,2753.8000,2752.2000,2757.6000,2757.8000,2758.0000,2759.8000,2760.0000,1,3,1,1,1,1,1,1,1,4
SF,IH2012,2020-06-05 09:31:05.600,2757.8000,4346,0,20640900.000,0,-,-,-,-,2755.6000,2755.4000,2755.2000,2754.8000,2753.8000,2757.6000,2757.8000,2758.0000,2759.8000,2760.0000,2,1,1,1,1,1,1,1,1,4
SF,IH2012,2020-06-05 09:31:06.100,2757.8000,4346,0,20640900.000,0,-,-,-,-,2755.8000,2755.6000,2755.2000,2754.8000,2753.8000,2757.6000,2757.8000,2758.0000,2759.8000,2760.0000,1,2,1,1,1,1,1,1,1,4
SF,IH2012,2020-06-05 09:31:06.600,2757.8000,4346,0,20640900.000,0,-,-,-,-,2755.8000,2755.6000,2755.2000,2753.8000,2752.2000,2757.6000,2757.8000,2758.0000,2759.8000,2760.0000,1,2,1,1,1,1,1,1,1,4
SF,IH2012,2020-06-05 09:31:07.100,2757.8000,4346,0,20640900.000,0,-,-,-,-,2756.0000,2755.8000,2753.8000,2752.2000,2752.0000,2757.6000,2757.8000,2758.0000,2759.8000,2760.0000,2,1,1,1,1,1,1,1,1,4
SF,IH2012,2020-06-05 09:31:07.600,2756.0000,4344,-2,22294500.000,2,0,2,双平,S,2755.8000,2753.8000,2752.2000,2752.0000,2751.2000,2757.6000,2757.8000,2758.0000,2759.8000,2760.0000,1,1,1,1,5,1,1,1,1,4
SF,IH2012,2020-06-05 09:31:08.100,2756.0000,4344,0,22294500.000,0,-,-,-,-,2756.0000,2755.8000,2753.8000,2752.2000,2752.0000,2757.4000,2757.6000,2757.8000,2758.0000,2759.8000,1,1,1,1,1,1,1,1,1,1
SF,IH2012,2020-06-05 09:31:09.100,2756.0000,4343,-1,23121300.000,1,0,1,双平,S,2755.8000,2753.8000,2752.2000,2752.0000,2751.2000,2757.4000,2757.6000,2757.8000,2758.0000,2759.8000,1,1,1,1,5,1,1,1,1,1
SF,IH2012,2020-06-05 09:31:09.600,2756.0000,4343,0,23121300.000,0,-,-,-,-,2755.8000,2753.8000,2752.2000,2752.0000,2751.2000,2757.4000,2757.6000,2757.8000,2758.0000,2759.8000,1,1,1,1,5,1,1,1,1,1
SF,IH2012,2020-06-05 09:31:10.100,2755.8000,4342,-1,23948040.000,1,0,1,双平,S,2753.8000,2752.2000,2752.0000,2751.2000,2750.8000,2757.4000,2757.6000,2757.8000,2758.0000,2759.8000,1,1,1,5,1,1,1,1,1,1
SF,IH2012,2020-06-05 09:31:10.600,2755.8000,4342,0,23948040.000,0,-,-,-,-,2753.8000,2752.2000,2752.0000,2751.2000,2750.8000,2757.2000,2757.4000,2757.6000,2757.8000,2758.0000,1,1,1,5,1,1,1,1,1,1
SF,IH2012,2020-06-05 09:31:11.100,2755.8000,4342,0,23948040.000,0,-,-,-,-,2753.8000,2752.2000,2752.0000,2751.2000,2750.8000,2757.0000,2757.2000,2757.6000,2757.8000,2758.0000,1,1,1,5,1,2,2,1,1,1
SF,IH2012,2020-06-05 09:31:11.600,2755.8000,4342,0,23948040.000,0,-,-,-,-,2753.8000,2752.2000,2752.0000,2750.8000,2750.2000,2754.6000,2756.8000,2757.0000,2757.2000,2757.6000,1,1,1,1,1,1,1,2,1,1
SF,IH2012,2020-06-05 09:31:12.100,2755.8000,4342,0,23948040.000,0,-,-,-,-,2753.8000,2752.2000,2752.0000,2750.8000,2750.2000,2754.6000,2756.8000,2757.0000,2757.2000,2757.6000,1,1,1,1,1,1,4,2,1,1
SF,IH2012,2020-06-05 09:31:12.600,2754.6000,4341,-1,24774420.000,1,0,1,双平,S,2754.6000,2753.8000,2752.2000,2752.0000,2750.8000,2756.8000,2757.0000,2757.2000,2757.6000,2757.8000,1,1,1,1,1,4,2,1,1,1
SF,IH2012,2020-06-05 09:31:13.100,2754.6000,4341,0,24774420.000,0,-,-,-,-,2754.6000,2753.8000,2752.2000,2752.0000,2750.8000,2756.8000,2757.0000,2757.2000,2757.6000,2757.8000,1,1,1,1,1,2,2,1,1,1
SF,IH2012,2020-06-05 09:31:13.600,2754.6000,4341,0,24774420.000,0,-,-,-,-,2754.6000,2753.8000,2752.2000,2752.0000,2750.8000,2756.8000,2757.0000,2757.6000,2757.8000,2758.0000,1,1,1,1,1,2,2,1,1,1
SF,IH2012,2020-06-05 09:31:14.100,2754.6000,4341,0,24774420.000,0,-,-,-,-,2754.6000,2753.8000,2752.0000,2750.2000,2750.0000,2756.8000,2757.0000,2757.6000,2757.8000,2758.0000,1,1,1,1,2,1,2,1,1,1
SF,IH2012,2020-06-05 09:31:15.100,2754.6000,4341,0,24774420.000,0,-,-,-,-,2754.6000,2753.8000,2752.0000,2750.2000,2750.0000,2756.8000,2757.0000,2757.6000,2757.8000,2758.0000,1,1,1,1,2,1,1,1,1,1
SF,IH2012,2020-06-05 09:31:15.600,2754.6000,4341,0,24774420.000,0,-,-,-,-,2754.6000,2753.8000,2752.0000,2750.2000,2750.0000,2756.8000,2757.6000,2757.8000,2758.0000,2759.8000,1,1,1,1,2,1,1,1,1,1
SF,IH2012,2020-06-05 09:31:17.100,2754.6000,4341,0,24774420.000,0,-,-,-,-,2754.6000,2753.8000,2752.0000,2750.2000,2750.0000,2756.8000,2757.6000,2757.8000,2758.0000,2759.8000,1,1,1,1,2,1,1,1,1,1
SF,IH2012,2020-06-05 09:31:17.600,2754.6000,4341,0,24774420.000,0,-,-,-,-,2754.8000,2754.6000,2753.8000,2750.2000,2750.0000,2756.8000,2757.6000,2757.8000,2758.0000,2759.8000,1,1,1,1,2,1,1,1,1,1
SF,IH2012,2020-06-05 09:31:19.100,2754.6000,4341,0,24774420.000,0,-,-,-,-,2754.6000,2753.8000,2750.2000,2750.0000,2747.4000,2756.8000,2757.6000,2757.8000,2758.0000,2759.8000,1,1,1,2,5,1,1,1,1,1
SF,IH2012,2020-06-05 09:31:19.600,2754.6000,4341,0,24774420.000,0,-,-,-,-,2754.6000,2753.8000,2750.2000,2750.0000,2747.4000,2756.8000,2757.6000,2757.8000,2758.0000,2759.8000,1,1,1,2,5,1,1,1,1,1
SF,IH2012,2020-06-05 09:31:20.100,2754.6000,4341,0,24774420.000,0,-,-,-,-,2754.6000,2753.8000,2750.2000,2750.0000,2747.4000,2756.6000,2756.8000,2757.6000,2757.8000,2758.0000,1,1,1,2,5,1,1,1,1,1
SF,IH2012,2020-06-05 09:31:20.600,2754.6000,4341,0,24774420.000,0,-,-,-,-,2754.6000,2753.8000,2750.2000,2750.0000,2747.4000,2756.4000,2756.6000,2757.6000,2757.8000,2758.0000,1,1,1,2,5,1,1,1,1,1
SF,IH2012,2020-06-05 09:31:22.600,2754.6000,4341,0,24774420.000,0,-,-,-,-,2754.6000,2753.8000,2750.2000,2750.0000,2747.4000,2756.4000,2756.6000,2757.6000,2757.8000,2758.0000,1,1,1,2,5,1,1,1,1,1
SF,IH2012,2020-06-05 09:31:24.100,2754.6000,4341,0,24774420.000,0,-,-,-,-,2754.6000,2753.8000,2750.2000,2750.0000,2747.4000,2756.2000,2756.4000,2756.6000,2757.6000,2757.8000,1,1,1,2,5,1,1,1,1,1
SF,IH2012,2020-06-05 09:31:25.100,2754.6000,4341,0,24774420.000,0,-,-,-,-,2754.6000,2753.8000,2750.2000,2750.0000,2747.4000,2756.2000,2756.4000,2756.6000,2757.6000,2757.8000,1,1,1,2,5,1,1,1,1,1
SF,IH2012,2020-06-05 09:31:25.600,2754.6000,4341,0,24774420.000,0,-,-,-,-,2754.6000,2753.8000,2750.2000,2750.0000,2747.4000,2756.2000,2756.4000,2756.6000,2757.6000,2757.8000,1,1,1,2,5,1,1,1,1,1
SF,IH2012,2020-06-05 09:31:26.600,2754.6000,4341,0,24774420.000,0,-,-,-,-,2754.6000,2753.8000,2750.2000,2750.0000,2747.4000,2756.2000,2756.4000,2756.6000,2757.6000,2757.8000,1,1,1,2,5,1,1,1,1,1
SF,IH2012,2020-06-05 09:31:27.100,2754.6000,4341,0,24774420.000,0,-,-,-,-,2754.6000,2753.8000,2750.2000,2750.0000,2747.4000,2756.2000,2756.4000,2756.6000,2757.6000,2757.8000,1,1,1,2,5,1,1,1,1,1
SF,IH2012,2020-06-05 09:31:27.600,2754.6000,4341,0,24774420.000,0,-,-,-,-,2754.6000,2753.8000,2750.2000,2750.0000,2747.4000,2756.2000,2756.4000,2756.6000,2757.6000,2757.8000,1,1,1,2,5,1,1,1,1,1
SF,IH2012,2020-06-05 09:31:28.100,2754.6000,4341,0,24774420.000,0,-,-,-,-,2754.6000,2753.8000,2750.2000,2750.0000,2747.4000,2756.2000,2756.4000,2756.6000,2757.6000,2757.8000,1,1,1,2,5,1,1,1,1,1
SF,IH2012,2020-06-05 09:31:28.600,2754.6000,4341,0,24774420.000,0,-,-,-,-,2754.6000,2753.8000,2750.2000,2750.0000,2747.4000,2756.2000,2756.4000,2756.6000,2757.6000,2757.8000,1,1,1,2,5,1,1,1,1,1
SF,IH2012,2020-06-05 09:31:29.100,2754.6000,4341,0,24774420.000,0,-,-,-,-,2753.8000,2750.2000,2750.0000,2747.4000,2747.0000,2754.4000,2755.8000,2756.0000,2756.2000,2756.4000,1,1,2,5,2,2,2,1,1,1
SF,IH2012,2020-06-05 09:31:29.600,2753.8000,4341,0,25600560.000,1,0,1,多换,S,2751.8000,2750.2000,2750.0000,2747.4000,2747.0000,2754.4000,2755.8000,2756.0000,2756.2000,2756.4000,1,1,2,5,2,2,2,1,1,2
SF,IH2012,2020-06-05 09:31:30.100,2753.8000,4341,0,25600560.000,0,-,-,-,-,2752.0000,2751.8000,2750.2000,2750.0000,2747.4000,2754.2000,2754.4000,2755.8000,2756.0000,2756.2000,7,1,1,2,5,1,2,2,1,1
SF,IH2012,2020-06-05 09:31:30.600,2753.8000,4341,0,25600560.000,0,-,-,-,-,2752.0000,2751.8000,2750.2000,2750.0000,2747.4000,2754.2000,2754.4000,2755.8000,2756.0000,2756.4000,7,1,1,2,5,1,2,2,1,1
SF,IH2012,2020-06-05 09:31:31.100,2753.8000,4341,0,25600560.000,0,-,-,-,-,2752.0000,2751.8000,2750.2000,2750.0000,2747.4000,2754.2000,2754.4000,2755.8000,2756.0000,2756.4000,7,1,1,2,5,1,2,2,1,1
SF,IH2012,2020-06-05 09:31:32.100,2753.8000,4341,0,25600560.000,0,-,-,-,-,2752.2000,2752.0000,2751.8000,2750.2000,2750.0000,2754.2000,2754.4000,2755.8000,2756.0000,2756.4000,1,7,1,1,2,1,2,2,1,1
SF,IH2012,2020-06-05 09:31:33.100,2753.8000,4341,0,25600560.000,0,-,-,-,-,2752.4000,2752.2000,2752.0000,2751.8000,2750.2000,2754.2000,2754.4000,2755.8000,2756.0000,2756.4000,1,1,7,1,1,1,2,2,1,1
SF,IH2012,2020-06-05 09:31:34.100,2753.8000,4341,0,25600560.000,0,-,-,-,-,2752.2000,2751.8000,2750.2000,2750.0000,2747.4000,2754.2000,2754.4000,2755.8000,2756.0000,2756.4000,1,1,1,2,5,1,2,2,1,1
SF,IH2012,2020-06-05 09:31:35.600,2753.8000,4341,0,25600560.000,0,-,-,-,-,2751.8000,2750.2000,2750.0000,2747.4000,2747.0000,2754.2000,2754.4000,2755.8000,2756.0000,2756.4000,1,1,2,5,2,1,2,2,1,1
SF,IH2012,2020-06-05 09:31:36.100,2753.8000,4341,0,25600560.000,0,-,-,-,-,2752.0000,2751.8000,2750.2000,2750.0000,2749.8000,2754.0000,2754.2000,2754.4000,2755.8000,2756.0000,1,1,1,2,1,1,1,2,2,1
SF,IH2012,2020-06-05 09:31:36.600,2753.8000,4341,0,25600560.000,0,-,-,-,-,2752.0000,2751.8000,2750.2000,2750.0000,2749.8000,2753.8000,2754.0000,2754.4000,2755.8000,2756.0000,1,1,1,2,1,1,1,2,2,1
SF,IH2012,2020-06-05 09:31:37.100,2753.8000,4341,0,25600560.000,0,-,-,-,-,2752.0000,2751.8000,2750.2000,2750.0000,2749.8000,2753.6000,2753.8000,2754.4000,2755.8000,2756.0000,1,1,1,2,1,1,1,2,2,1
SF,IH2012,2020-06-05 09:31:41.100,2752.0000,4340,-1,26426160.000,1,0,1,双平,S,2751.8000,2750.2000,2750.0000,2749.8000,2747.4000,2753.6000,2753.8000,2754.4000,2755.8000,2756.0000,1,1,2,1,5,1,1,2,2,1
SF,IH2012,2020-06-05 09:31:41.600,2752.0000,4340,0,26426160.000,0,-,-,-,-,2751.8000,2750.2000,2750.0000,2749.8000,2747.4000,2753.4000,2753.6000,2754.4000,2755.8000,2756.0000,1,1,2,1,5,1,1,2,2,1
SF,IH2012,2020-06-05 09:31:42.100,2752.0000,4340,0,26426160.000,0,-,-,-,-,2751.8000,2750.2000,2750.0000,2749.8000,2747.4000,2753.2000,2753.4000,2754.4000,2755.8000,2756.0000,1,1,2,1,5,1,1,2,2,1
SF,IH2012,2020-06-05 09:31:45.100,2751.8000,4339,-1,27251700.000,1,0,1,双平,S,2750.2000,2750.0000,2749.8000,2748.4000,2747.4000,2753.2000,2753.4000,2754.4000,2755.8000,2756.0000,1,2,1,1,5,1,1,2,2,1
SF,IH2012,2020-06-05 09:31:45.600,2751.8000,4339,0,27251700.000,0,-,-,-,-,2750.4000,2750.2000,2750.0000,2749.8000,2748.4000,2753.0000,2753.2000,2754.4000,2755.8000,2756.0000,1,1,2,1,1,1,1,2,2,1
SF,IH2012,2020-06-05 09:31:46.100,2751.8000,4339,0,27251700.000,0,-,-,-,-,2750.4000,2750.2000,2750.0000,2749.8000,2748.4000,2752.8000,2753.0000,2754.4000,2755.8000,2756.0000,1,1,2,1,1,1,1,2,2,1
SF,IH2012,2020-06-05 09:31:46.600,2751.8000,4339,0,27251700.000,0,-,-,-,-,2750.4000,2750.2000,2750.0000,2749.8000,2748.4000,2752.6000,2752.8000,2754.4000,2755.8000,2756.0000,1,1,2,1,1,1,1,2,2,1
SF,IH2012,2020-06-05 09:31:47.100,2751.8000,4339,0,27251700.000,0,-,-,-,-,2750.4000,2750.2000,2750.0000,2749.8000,2748.4000,2752.4000,2752.6000,2754.4000,2755.8000,2756.0000,1,1,2,1,1,1,1,2,2,1
SF,IH2012,2020-06-05 09:31:47.600,2751.8000,4339,0,27251700.000,0,-,-,-,-,2750.4000,2750.2000,2750.0000,2749.8000,2748.4000,2752.2000,2752.4000,2754.4000,2755.8000,2756.0000,1,1,2,1,1,1,1,2,2,1
SF,IH2012,2020-06-05 09:31:48.100,2751.8000,4339,0,27251700.000,0,-,-,-,-,2750.4000,2750.2000,2750.0000,2749.8000,2748.4000,2752.0000,2752.2000,2754.4000,2755.8000,2756.0000,1,1,2,1,1,1,1,2,2,1
SF,IH2012,2020-06-05 09:31:48.600,2751.8000,4339,0,27251700.000,0,-,-,-,-,2750.4000,2750.2000,2750.0000,2749.8000,2748.4000,2752.0000,2752.2000,2755.8000,2756.0000,2757.6000,1,1,2,1,1,1,1,2,1,1
SF,IH2012,2020-06-05 09:31:49.100,2751.8000,4339,0,27251700.000,0,-,-,-,-,2750.4000,2750.2000,2750.0000,2749.8000,2748.4000,2752.0000,2752.2000,2755.8000,2756.0000,2757.6000,1,1,2,1,1,1,1,2,1,1
SF,IH2012,2020-06-05 09:31:49.600,2751.8000,4339,0,27251700.000,0,-,-,-,-,2750.2000,2750.0000,2749.8000,2748.4000,2747.4000,2752.0000,2752.2000,2755.8000,2756.0000,2757.6000,1,2,1,1,5,1,1,2,1,1
SF,IH2012,2020-06-05 09:31:50.100,2751.8000,4339,0,27251700.000,0,-,-,-,-,2750.2000,2750.0000,2749.8000,2748.4000,2747.4000,2751.8000,2752.0000,2755.8000,2756.0000,2757.6000,1,2,1,1,5,1,1,2,1,1
SF,IH2012,2020-06-05 09:31:50.600,2751.8000,4339,0,27251700.000,0,-,-,-,-,2750.2000,2750.0000,2749.8000,2748.4000,2747.0000,2751.6000,2751.8000,2755.8000,2756.0000,2757.6000,1,2,1,1,2,1,1,2,1,1
SF,IH2012,2020-06-05 09:31:53.600,2751.8000,4339,0,27251700.000,0,-,-,-,-,2750.2000,2750.0000,2749.8000,2748.4000,2747.0000,2751.6000,2751.8000,2755.8000,2756.0000,2757.6000,1,2,1,2,2,1,1,2,1,1
SF,IH2012,2020-06-05 09:31:56.100,2751.6000,4339,0,28077180.000,1,0,1,多换,S,2750.2000,2750.0000,2749.8000,2748.4000,2747.0000,2751.8000,2755.8000,2756.0000,2757.6000,2757.8000,1,2,1,2,2,1,2,1,1,1
SF,IH2012,2020-06-05 09:31:56.600,2751.6000,4339,0,28077180.000,0,-,-,-,-,2750.4000,2750.2000,2750.0000,2749.8000,2748.4000,2751.8000,2755.8000,2756.0000,2757.6000,2757.8000,1,1,2,1,2,1,2,1,1,1
SF,IH2012,2020-06-05 09:31:57.600,2751.8000,4338,-1,28902720.000,1,0,1,双平,S,2751.8000,2750.4000,2750.2000,2750.0000,2749.8000,2755.8000,2756.0000,2757.6000,2757.8000,2758.0000,1,1,1,2,1,2,1,1,1,1
SF,IH2012,2020-06-05 09:31:58.100,2751.8000,4338,0,28902720.000,0,-,-,-,-,2752.0000,2751.8000,2750.4000,2750.2000,2750.0000,2755.6000,2755.8000,2756.0000,2757.6000,2757.8000,1,1,1,1,2,3,2,1,1,1
SF,IH2012,2020-06-05 09:31:58.600,2752.0000,4337,-1,29728320.000,1,0,1,双平,S,2751.8000,2750.4000,2750.2000,2750.0000,2749.8000,2755.4000,2755.6000,2755.8000,2756.0000,2757.6000,1,1,1,2,1,1,3,1,1,1
SF,IH2012,2020-06-05 09:31:59.100,2752.0000,4337,0,29728320.000,0,-,-,-,-,2751.8000,2750.4000,2750.2000,2750.0000,2749.8000,2755.2000,2755.4000,2755.6000,2755.8000,2756.0000,1,1,1,2,1,2,1,2,1,1
SF,IH2012,2020-06-05 09:31:59.600,2752.0000,4337,0,29728320.000,0,-,-,-,-,2751.8000,2750.4000,2750.2000,2750.0000,2749.8000,2755.0000,2755.2000,2755.6000,2755.8000,2756.0000,1,1,1,2,1,1,2,2,1,1
SF,IH2012,2020-06-05 09:32:00.100,2752.0000,4337,0,29728320.000,0,-,-,-,-,2752.0000,2751.8000,2750.2000,2750.0000,2749.8000,2754.8000,2755.0000,2755.2000,2755.6000,2755.8000,1,1,1,2,1,2,1,1,2,1
SF,IH2012,2020-06-05 09:32:00.600,2752.0000,4337,0,29728320.000,0,-,-,-,-,2751.8000,2750.2000,2750.0000,2749.8000,2748.4000,2754.6000,2754.8000,2755.2000,2755.6000,2755.8000,1,1,2,1,1,1,2,1,2,1
SF,IH2012,2020-06-05 09:32:01.100,2752.0000,4337,0,29728320.000,0,-,-,-,-,2752.0000,2751.8000,2750.2000,2750.0000,2749.8000,2754.4000,2754.6000,2754.8000,2755.2000,2755.6000,1,1,1,2,1,2,1,1,1,2
SF,IH2012,2020-06-05 09:32:01.600,2752.0000,4337,0,29728320.000,0,-,-,-,-,2751.8000,2750.2000,2750.0000,2749.8000,2748.4000,2754.2000,2754.4000,2754.8000,2755.2000,2755.6000,1,1,2,1,1,2,2,1,1,2
SF,IH2012,2020-06-05 09:32:02.100,2752.0000,4337,0,29728320.000,0,-,-,-,-,2751.8000,2750.2000,2750.0000,2749.8000,2748.4000,2752.4000,2754.0000,2754.2000,2754.4000,2754.8000,1,1,2,1,1,1,3,1,1,1
SF,IH2012,2020-06-05 09:32:02.600,2752.0000,4337,0,29728320.000,0,-,-,-,-,2750.2000,2750.0000,2749.8000,2748.4000,2747.0000,2752.4000,2754.0000,2754.2000,2754.4000,2754.8000,1,2,1,1,2,1,2,1,1,1
SF,IH2012,2020-06-05 09:32:03.100,2752.0000,4337,0,29728320.000,0,-,-,-,-,2750.4000,2750.2000,2750.0000,2749.8000,2748.4000,2752.2000,2754.0000,2754.4000,2754.8000,2755.2000,1,1,2,1,1,2,1,1,1,1
SF,IH2012,2020-06-05 09:32:03.600,2752.0000,4337,0,29728320.000,0,-,-,-,-,2750.4000,2750.2000,2750.0000,2749.8000,2748.4000,2751.8000,2752.2000,2754.0000,2754.4000,2754.8000,1,1,2,1,1,1,3,1,1,1
SF,IH2012,2020-06-05 09:32:04.600,2752.0000,4337,0,29728320.000,0,-,-,-,-,2750.4000,2750.2000,2750.0000,2749.8000,2748.4000,2751.8000,2752.2000,2754.0000,2754.4000,2754.8000,1,1,2,1,1,1,2,1,1,1
SF,IH2012,2020-06-05 09:32:06.100,2752.0000,4337,0,29728320.000,0,-,-,-,-,2750.4000,2750.2000,2750.0000,2749.8000,2748.4000,2752.2000,2754.0000,2754.4000,2754.8000,2755.2000,1,1,2,1,1,2,1,1,1,1
SF,IH2012,2020-06-05 09:32:07.600,2752.0000,4337,0,29728320.000,0,-,-,-,-,2750.6000,2750.4000,2750.2000,2750.0000,2749.8000,2752.2000,2754.0000,2754.4000,2754.8000,2755.2000,1,1,1,2,1,2,1,1,1,1
SF,IH2012,2020-06-05 09:32:08.100,2752.0000,4337,0,29728320.000,0,-,-,-,-,2750.8000,2750.2000,2750.0000,2749.8000,2748.4000,2752.2000,2754.0000,2754.4000,2754.8000,2755.2000,2,1,2,1,1,1,1,1,1,1
SF,IH2012,2020-06-05 09:32:08.600,2752.0000,4337,0,29728320.000,0,-,-,-,-,2750.8000,2750.2000,2750.0000,2749.8000,2748.4000,2752.2000,2754.0000,2754.4000,2754.8000,2755.2000,1,1,2,1,1,1,1,1,1,1
SF,IH2012,2020-06-05 09:32:11.600,2752.2000,4336,-1,30553980.000,1,0,1,双平,S,2752.2000,2750.8000,2750.2000,2750.0000,2749.8000,2754.0000,2754.4000,2754.8000,2755.2000,2755.6000,1,1,1,2,1,1,1,1,1,2
SF,IH2012,2020-06-05 09:32:12.100,2752.2000,4336,0,30553980.000,0,-,-,-,-,2750.8000,2750.2000,2750.0000,2748.4000,2747.0000,2752.2000,2753.4000,2753.8000,2754.0000,2754.4000,1,1,2,1,2,1,1,4,1,1
SF,IH2012,2020-06-05 09:32:12.600,2752.2000,4336,0,30553980.000,0,-,-,-,-,2750.8000,2750.2000,2750.0000,2748.4000,2747.0000,2753.4000,2753.8000,2754.0000,2754.4000,2754.8000,1,1,2,1,2,1,3,1,1,1
SF,IH2012,2020-06-05 09:32:13.100,2752.2000,4336,0,30553980.000,0,-,-,-,-,2750.8000,2750.2000,2750.0000,2748.4000,2747.0000,2753.2000,2753.4000,2753.8000,2754.0000,2754.4000,1,1,2,1,2,1,1,2,1,1
SF,IH2012,2020-06-05 09:32:13.600,2752.2000,4336,0,30553980.000,0,-,-,-,-,2751.0000,2750.8000,2750.2000,2750.0000,2748.4000,2753.2000,2753.4000,2754.0000,2754.4000,2754.8000,1,1,1,2,1,1,1,1,1,1
SF,IH2012,2020-06-05 09:32:14.100,2752.2000,4336,0,30553980.000,0,-,-,-,-,2751.2000,2751.0000,2750.2000,2750.0000,2748.4000,2753.2000,2753.4000,2754.0000,2754.4000,2754.8000,1,1,1,2,1,1,1,1,1,1
SF,IH2012,2020-06-05 09:32:14.600,2752.2000,4336,0,30553980.000,0,-,-,-,-,2751.4000,2751.2000,2750.2000,2750.0000,2748.4000,2753.2000,2753.4000,2754.0000,2754.4000,2754.8000,1,1,1,2,1,1,1,1,1,1
SF,IH2012,2020-06-05 09:32:18.600,2752.2000,4336,0,30553980.000,0,-,-,-,-,2751.2000,2750.2000,2750.0000,2748.4000,2747.0000,2753.2000,2753.4000,2754.0000,2754.4000,2754.8000,1,1,2,1,2,1,1,1,1,1
SF,IH2012,2020-06-05 09:32:19.100,2752.2000,4336,0,30553980.000,0,-,-,-,-,2751.2000,2750.2000,2750.0000,2748.4000,2747.0000,2753.0000,2753.2000,2753.4000,2754.0000,2754.4000,1,1,2,1,2,1,1,1,1,1
SF,IH2012,2020-06-05 09:32:19.600,2752.2000,4336,0,30553980.000,0,-,-,-,-,2751.2000,2750.2000,2750.0000,2748.4000,2747.0000,2752.8000,2753.0000,2753.4000,2754.0000,2754.4000,1,1,2,1,2,1,3,1,1,1
SF,IH2012,2020-06-05 09:32:20.100,2752.2000,4336,0,30553980.000,0,-,-,-,-,2751.2000,2750.2000,2750.0000,2748.4000,2747.0000,2752.8000,2753.4000,2754.0000,2754.4000,2754.8000,1,1,2,1,2,1,1,1,1,1
SF,IH2012,2020-06-05 09:32:21.100,2752.2000,4336,0,30553980.000,0,-,-,-,-,2751.2000,2750.2000,2750.0000,2748.4000,2747.0000,2752.6000,2752.8000,2753.4000,2754.0000,2754.4000,1,1,2,1,2,1,1,1,1,1
SF,IH2012,2020-06-05 09:32:21.600,2751.2000,4335,-1,31379340.000,1,0,1,双平,S,2750.2000,2750.0000,2748.4000,2747.0000,2745.4000,2752.4000,2752.6000,2753.4000,2754.0000,2754.4000,1,2,1,2,5,1,1,1,1,1
SF,IH2012,2020-06-05 09:32:22.100,2751.2000,4335,0,31379340.000,0,-,-,-,-,2750.4000,2750.2000,2750.0000,2748.4000,2747.0000,2752.4000,2753.4000,2754.0000,2754.4000,2754.8000,1,1,2,1,2,1,1,1,1,1
SF,IH2012,2020-06-05 09:32:24.100,2751.2000,4335,0,31379340.000,0,-,-,-,-,2750.6000,2750.4000,2750.2000,2750.0000,2748.4000,2752.4000,2753.4000,2754.0000,2754.4000,2754.8000,1,1,1,2,1,1,1,1,1,1
SF,IH2012,2020-06-05 09:32:27.600,2751.2000,4335,0,31379340.000,0,-,-,-,-,2750.4000,2750.2000,2750.0000,2748.4000,2747.0000,2752.4000,2753.4000,2754.0000,2754.4000,2754.8000,1,1,2,1,2,1,1,1,1,1
SF,IH2012,2020-06-05 09:32:28.100,2751.2000,4335,0,31379340.000,0,-,-,-,-,2750.4000,2750.2000,2750.0000,2748.4000,2747.0000,2752.2000,2752.4000,2753.4000,2754.0000,2754.4000,1,1,2,1,2,2,1,1,1,1
SF,IH2012,2020-06-05 09:32:28.600,2751.2000,4335,0,31379340.000,0,-,-,-,-,2750.4000,2750.2000,2750.0000,2748.4000,2747.0000,2752.0000,2752.2000,2753.4000,2754.0000,2754.4000,1,1,3,1,2,1,1,1,1,1
SF,IH2012,2020-06-05 09:32:29.600,2751.2000,4335,0,31379340.000,0,-,-,-,-,2750.4000,2750.2000,2750.0000,2748.4000,2747.0000,2751.8000,2752.0000,2753.4000,2754.0000,2754.4000,1,1,3,1,2,1,1,1,1,1
SF,IH2012,2020-06-05 09:32:30.100,2751.2000,4335,0,31379340.000,0,-,-,-,-,2750.2000,2750.0000,2748.4000,2747.0000,2745.4000,2751.6000,2751.8000,2753.4000,2754.0000,2754.4000,1,3,1,2,5,1,1,1,1,1
SF,IH2012,2020-06-05 09:32:32.100,2751.2000,4335,0,31379340.000,0,-,-,-,-,2750.2000,2750.0000,2748.4000,2747.0000,2745.4000,2751.4000,2751.6000,2753.4000,2754.0000,2754.4000,1,3,1,2,5,1,1,1,1,1
SF,IH2012,2020-06-05 09:32:32.600,2751.2000,4335,0,31379340.000,0,-,-,-,-,2750.2000,2750.0000,2748.4000,2747.0000,2745.4000,2751.2000,2751.4000,2753.4000,2754.0000,2754.4000,1,3,1,2,5,1,1,1,1,1
SF,IH2012,2020-06-05 09:32:33.100,2751.2000,4335,0,31379340.000,0,-,-,-,-,2750.2000,2750.0000,2748.4000,2747.0000,2745.4000,2751.2000,2753.4000,2754.0000,2754.4000,2754.8000,1,3,1,2,5,1,1,1,1,1
SF,IH2012,2020-06-05 09:32:36.100,2751.2000,4335,0,31379340.000,0,-,-,-,-,2750.2000,2750.0000,2748.4000,2747.0000,2745.4000,2751.2000,2753.4000,2754.0000,2754.4000,2754.8000,2,3,1,2,5,1,1,1,1,1
SF,IH2012,2020-06-05 09:32:37.600,2750.2000,4334,-1,32204400.000,1,0,1,双平,S,2750.2000,2750.0000,2748.4000,2747.0000,2745.4000,2751.0000,2751.2000,2754.0000,2754.4000,2754.8000,1,3,1,2,5,1,1,1,1,1
SF,IH2012,2020-06-05 09:32:38.100,2750.2000,4335,1,33029460.000,1,1,0,双开,S,2750.0000,2748.4000,2747.0000,2745.4000,2743.6000,2750.2000,2751.2000,2754.0000,2754.4000,2754.8000,3,1,2,5,5,1,1,1,1,1
SF,IH2012,2020-06-05 09:32:38.600,2750.2000,4335,0,33854520.000,1,0,1,多换,S,2750.2000,2750.0000,2748.4000,2747.0000,2745.4000,2751.2000,2754.0000,2754.4000,2754.8000,2755.2000,1,3,1,2,5,1,1,1,1,1
SF,IH2012,2020-06-05 09:32:39.100,2750.0000,4336,1,35504580.000,2,1,1,空开,S,2750.0000,2749.4000,2748.6000,2748.4000,2747.0000,2751.2000,2754.0000,2754.4000,2754.8000,2755.2000,2,1,1,1,2,1,1,1,1,1
SF,IH2012,2020-06-05 09:32:39.600,2750.0000,4336,0,35504580.000,0,-,-,-,-,2750.0000,2749.4000,2748.6000,2748.4000,2747.0000,2751.0000,2751.2000,2754.0000,2754.4000,2754.8000,2,1,1,1,2,1,1,1,1,1
SF,IH2012,2020-06-05 09:32:40.100,2750.0000,4336,0,35504580.000,0,-,-,-,-,2750.0000,2749.4000,2748.6000,2748.4000,2747.0000,2750.8000,2754.0000,2754.4000,2754.8000,2755.2000,2,1,1,1,2,1,1,1,1,1
SF,IH2012,2020-06-05 09:32:43.100,2750.0000,4338,2,37154580.000,2,2,0,双开,S,2749.4000,2748.6000,2748.4000,2747.0000,2745.4000,2750.6000,2750.8000,2754.0000,2754.4000,2754.8000,1,1,1,2,5,1,1,1,1,1
SF,IH2012,2020-06-05 09:32:43.600,2750.0000,4338,0,37154580.000,0,-,-,-,-,2749.4000,2748.6000,2748.4000,2747.8000,2747.0000,2750.8000,2754.0000,2754.4000,2754.8000,2755.2000,1,1,1,1,2,1,1,1,1,1
SF,IH2012,2020-06-05 09:32:45.100,2750.0000,4338,0,37154580.000,0,-,-,-,-,2749.4000,2748.6000,2748.4000,2747.8000,2747.0000,2750.6000,2750.8000,2754.0000,2754.4000,2754.8000,1,1,1,1,2,1,1,1,1,1
SF,IH2012,2020-06-05 09:32:45.600,2750.0000,4338,0,37154580.000,0,-,-,-,-,2749.4000,2748.6000,2748.4000,2747.8000,2747.0000,2750.6000,2750.8000,2754.0000,2754.4000,2754.8000,1,1,1,1,2,1,1,1,1,1
SF,IH2012,2020-06-05 09:32:46.100,2750.0000,4338,0,37154580.000,0,-,-,-,-,2749.4000,2748.6000,2747.8000,2747.0000,2745.4000,2750.4000,2750.6000,2754.0000,2754.4000,2754.8000,1,1,1,3,5,1,1,1,1,1
SF,IH2012,2020-06-05 09:32:46.600,2749.4000,4338,0,37979400.000,1,0,1,多换,S,2748.6000,2747.8000,2747.0000,2746.6000,2745.4000,2749.4000,2750.4000,2754.0000,2754.4000,2754.8000,1,1,3,1,5,1,1,1,1,1
SF,IH2012,2020-06-05 09:32:47.100,2749.4000,4338,0,38804220.000,1,0,1,多换,S,2748.6000,2747.8000,2747.0000,2746.6000,2745.4000,2750.2000,2750.4000,2754.0000,2754.4000,2754.8000,1,1,3,1,5,1,1,1,1,1
SF,IH2012,2020-06-05 09:32:47.600,2749.4000,4338,0,38804220.000,0,-,-,-,-,2749.4000,2748.8000,2748.6000,2747.8000,2747.0000,2750.4000,2754.0000,2754.4000,2754.8000,2755.2000,1,3,1,1,3,1,1,1,1,1
SF,IH2012,2020-06-05 09:32:48.100,2749.4000,4338,0,38804220.000,0,-,-,-,-,2749.4000,2748.8000,2748.6000,2747.8000,2747.0000,2750.4000,2754.0000,2754.4000,2754.8000,2755.2000,1,2,1,1,3,1,1,1,1,1
SF,IH2012,2020-06-05 09:32:54.600,2750.4000,4337,-1,39629340.000,1,0,1,双平,S,2749.4000,2748.8000,2748.6000,2747.8000,2747.0000,2754.0000,2754.4000,2754.8000,2755.2000,2755.6000,1,2,1,1,3,1,1,1,1,2
SF,IH2012,2020-06-05 09:32:55.100,2750.4000,4337,0,39629340.000,0,-,-,-,-,2749.6000,2749.4000,2748.6000,2747.8000,2747.0000,2753.6000,2753.8000,2754.0000,2754.4000,2754.8000,1,1,1,1,3,7,3,1,1,1
SF,IH2012,2020-06-05 09:32:55.600,2750.4000,4337,0,39629340.000,0,-,-,-,-,2749.6000,2749.4000,2748.6000,2747.8000,2747.0000,2753.4000,2753.6000,2753.8000,2754.0000,2754.4000,1,1,1,1,3,3,7,2,1,1
SF,IH2012,2020-06-05 09:32:56.100,2750.4000,4337,0,39629340.000,0,-,-,-,-,2749.6000,2749.4000,2748.6000,2747.8000,2747.0000,2752.2000,2753.4000,2753.8000,2754.0000,2754.4000,1,1,1,1,3,1,4,2,1,1
SF,IH2012,2020-06-05 09:32:56.600,2750.4000,4337,0,39629340.000,0,-,-,-,-,2749.8000,2749.6000,2749.4000,2748.6000,2747.8000,2752.0000,2752.2000,2753.4000,2753.8000,2754.0000,1,1,1,1,1,4,1,3,2,1
SF,IH2012,2020-06-05 09:32:57.100,2750.4000,4337,0,39629340.000,0,-,-,-,-,2750.0000,2749.8000,2749.4000,2748.6000,2747.8000,2752.0000,2752.2000,2753.4000,2753.8000,2754.0000,1,1,1,1,1,4,1,2,2,1
SF,IH2012,2020-06-05 09:32:57.600,2750.4000,4337,0,39629340.000,0,-,-,-,-,2750.2000,2750.0000,2749.4000,2748.6000,2747.8000,2752.0000,2753.4000,2753.8000,2754.0000,2754.4000,1,1,1,1,1,3,2,2,1,1
SF,IH2012,2020-06-05 09:32:58.100,2750.4000,4337,0,39629340.000,0,-,-,-,-,2750.2000,2750.0000,2749.4000,2748.6000,2747.0000,2751.6000,2751.8000,2752.0000,2753.4000,2753.8000,1,1,1,1,3,1,1,3,2,2
SF,IH2012,2020-06-05 09:32:59.100,2750.4000,4337,0,39629340.000,0,-,-,-,-,2750.2000,2750.0000,2749.4000,2748.6000,2747.0000,2751.4000,2751.6000,2752.0000,2753.4000,2753.8000,1,1,1,1,3,1,1,3,2,2
SF,IH2012,2020-06-05 09:32:59.600,2750.2000,4337,0,40454400.000,1,0,1,多换,S,2749.4000,2748.6000,2747.0000,2745.4000,2745.0000,2750.2000,2751.2000,2751.4000,2751.6000,2752.0000,1,1,3,5,2,1,1,1,1,2
SF,IH2012,2020-06-05 09:33:00.100,2750.2000,4337,0,40454400.000,0,-,-,-,-,2749.4000,2748.6000,2747.0000,2745.4000,2745.0000,2750.2000,2751.2000,2751.4000,2751.6000,2752.0000,1,1,3,5,2,1,1,1,1,3
SF,IH2012,2020-06-05 09:33:00.600,2750.2000,4337,0,40454400.000,0,-,-,-,-,2748.6000,2747.0000,2745.4000,2745.0000,2743.6000,2749.4000,2750.2000,2751.2000,2751.4000,2751.6000,1,3,5,2,5,1,1,1,1,1
SF,IH2012,2020-06-05 09:33:01.100,2750.2000,4337,0,40454400.000,0,-,-,-,-,2749.4000,2748.6000,2747.0000,2745.4000,2745.0000,2750.2000,2751.2000,2751.4000,2751.6000,2752.0000,1,1,3,5,2,1,1,2,1,2
SF,IH2012,2020-06-05 09:33:01.600,2750.2000,4337,0,40454400.000,0,-,-,-,-,2748.6000,2747.6000,2747.0000,2745.4000,2745.0000,2749.4000,2750.2000,2751.2000,2751.4000,2752.0000,1,1,3,5,2,1,1,1,2,2
SF,IH2012,2020-06-05 09:33:03.600,2749.4000,4337,0,41279220.000,1,0,1,多换,S,2747.6000,2747.0000,2745.4000,2745.0000,2743.6000,2750.2000,2751.2000,2751.4000,2752.0000,2752.2000,1,3,5,2,5,1,1,2,2,1
SF,IH2012,2020-06-05 09:33:04.100,2749.4000,4337,0,41279220.000,0,-,-,-,-,2747.8000,2747.6000,2747.0000,2746.6000,2745.4000,2750.0000,2750.2000,2751.4000,2752.0000,2752.2000,1,1,3,1,5,3,1,2,2,1
SF,IH2012,2020-06-05 09:33:04.600,2749.4000,4337,0,41279220.000,0,-,-,-,-,2747.8000,2747.6000,2747.0000,2746.6000,2745.4000,2750.0000,2750.2000,2751.4000,2752.0000,2752.2000,1,1,3,1,5,2,1,2,2,1
SF,IH2012,2020-06-05 09:33:05.100,2749.4000,4337,0,41279220.000,0,-,-,-,-,2747.8000,2747.6000,2747.0000,2746.6000,2745.4000,2750.0000,2750.2000,2751.4000,2752.0000,2752.2000,1,1,3,1,5,2,1,2,2,1
SF,IH2012,2020-06-05 09:33:06.600,2749.4000,4337,0,41279220.000,0,-,-,-,-,2747.8000,2747.6000,2747.0000,2746.6000,2745.4000,2749.8000,2750.0000,2750.2000,2751.4000,2752.0000,1,1,3,1,5,1,2,1,2,2
SF,IH2012,2020-06-05 09:33:07.100,2749.4000,4337,0,41279220.000,0,-,-,-,-,2748.0000,2747.8000,2747.6000,2747.0000,2746.6000,2749.6000,2750.0000,2750.2000,2751.4000,2752.0000,1,1,1,3,1,1,1,1,2,2
SF,IH2012,2020-06-05 09:33:07.600,2749.4000,4337,0,41279220.000,0,-,-,-,-,2747.8000,2747.6000,2747.0000,2746.6000,2745.4000,2749.6000,2750.0000,2750.2000,2751.4000,2752.0000,1,1,3,1,5,1,1,1,2,2
SF,IH2012,2020-06-05 09:33:08.100,2749.4000,4337,0,41279220.000,0,-,-,-,-,2748.2000,2747.8000,2747.6000,2747.0000,2746.6000,2749.4000,2749.6000,2750.2000,2751.4000,2752.0000,1,1,1,3,1,1,1,1,2,2
SF,IH2012,2020-06-05 09:33:09.600,2749.4000,4337,0,41279220.000,0,-,-,-,-,2747.8000,2747.6000,2747.0000,2746.6000,2745.4000,2749.4000,2749.6000,2750.2000,2751.4000,2752.0000,1,1,3,1,5,1,1,1,2,2
SF,IH2012,2020-06-05 09:33:10.100,2749.4000,4337,0,41279220.000,0,-,-,-,-,2748.0000,2747.8000,2747.6000,2747.0000,2746.6000,2749.4000,2749.6000,2750.2000,2751.4000,2752.0000,2,1,1,3,1,1,1,1,2,2
SF,IH2012,2020-06-05 09:33:10.600,2749.4000,4337,0,41279220.000,0,-,-,-,-,2748.2000,2748.0000,2747.6000,2747.0000,2746.6000,2749.6000,2750.2000,2751.4000,2752.0000,2753.4000,1,2,1,2,1,1,1,2,2,2
SF,IH2012,2020-06-05 09:33:12.600,2748.2000,4337,0,42103680.000,1,0,1,多换,S,2748.0000,2747.6000,2747.0000,2746.6000,2745.4000,2749.6000,2750.2000,2751.4000,2752.0000,2753.4000,2,1,2,1,5,1,1,2,2,2
SF,IH2012,2020-06-05 09:33:13.600,2749.6000,4338,1,42928560.000,1,1,0,双开,S,2748.0000,2747.6000,2747.0000,2746.6000,2745.4000,2750.2000,2751.4000,2752.0000,2753.4000,2753.8000,2,1,2,1,5,1,2,2,2,2
SF,IH2012,2020-06-05 09:33:14.100,2749.6000,4338,0,42928560.000,0,-,-,-,-,2748.2000,2748.0000,2747.6000,2747.0000,2746.6000,2750.0000,2750.2000,2751.4000,2752.0000,2753.4000,1,1,1,2,1,3,1,2,2,2
SF,IH2012,2020-06-05 09:33:16.100,2749.6000,4338,0,42928560.000,0,-,-,-,-,2748.2000,2748.0000,2747.6000,2747.0000,2746.6000,2749.6000,2750.0000,2750.2000,2751.4000,2752.0000,1,1,1,2,1,1,3,1,2,2
SF,IH2012,2020-06-05 09:33:17.100,2749.6000,4338,0,42928560.000,0,-,-,-,-,2748.2000,2748.0000,2747.6000,2747.0000,2746.6000,2750.0000,2750.2000,2751.4000,2752.0000,2753.4000,1,1,1,2,1,1,1,2,2,2
SF,IH2012,2020-06-05 09:33:17.600,2749.6000,4338,0,42928560.000,0,-,-,-,-,2748.4000,2748.2000,2748.0000,2747.6000,2747.0000,2750.0000,2750.2000,2751.4000,2752.0000,2753.4000,1,1,1,1,2,1,1,2,2,2
SF,IH2012,2020-06-05 09:33:19.600,2749.6000,4338,0,42928560.000,0,-,-,-,-,2748.4000,2748.2000,2747.6000,2747.0000,2746.6000,2750.0000,2750.2000,2751.4000,2752.0000,2753.4000,1,1,1,2,1,1,1,2,2,2
SF,IH2012,2020-06-05 09:33:20.100,2749.6000,4338,0,42928560.000,0,-,-,-,-,2748.6000,2748.4000,2748.2000,2747.6000,2747.0000,2750.0000,2750.2000,2751.4000,2752.0000,2753.4000,2,1,1,1,2,1,1,2,2,2
SF,IH2012,2020-06-05 09:33:27.100,2749.6000,4338,0,42928560.000,0,-,-,-,-,2748.6000,2748.4000,2748.2000,2747.6000,2747.0000,2750.0000,2750.2000,2751.4000,2752.0000,2753.4000,2,1,1,1,2,1,1,2,2,2
SF,IH2012,2020-06-05 09:33:27.600,2749.6000,4338,0,42928560.000,0,-,-,-,-,2748.6000,2748.4000,2747.6000,2747.0000,2746.6000,2750.0000,2750.2000,2751.4000,2752.0000,2753.4000,2,1,1,2,1,1,1,2,2,2
SF,IH2012,2020-06-05 09:33:28.100,2749.6000,4338,0,42928560.000,0,-,-,-,-,2748.6000,2748.4000,2747.6000,2747.0000,2746.6000,2750.0000,2750.2000,2751.4000,2752.0000,2753.4000,1,1,1,2,1,1,1,2,2,2
SF,IH2012,2020-06-05 09:33:29.100,2750.0000,4337,-1,43753560.000,1,0,1,双平,S,2748.6000,2748.4000,2747.6000,2747.0000,2746.6000,2750.2000,2751.4000,2752.0000,2753.4000,2753.8000,1,1,1,2,1,1,2,2,2,2
SF,IH2012,2020-06-05 09:33:30.600,2750.0000,4337,0,43753560.000,0,-,-,-,-,2748.4000,2747.6000,2747.0000,2746.6000,2745.4000,2750.2000,2751.4000,2752.0000,2753.4000,2753.8000,1,1,2,1,5,1,2,2,2,2
SF,IH2012,2020-06-05 09:33:39.100,2750.0000,4337,0,43753560.000,0,-,-,-,-,2748.6000,2748.4000,2747.6000,2747.0000,2746.6000,2750.2000,2751.4000,2752.0000,2753.4000,2753.8000,1,1,1,2,1,1,2,2,2,2
SF,IH2012,2020-06-05 09:33:39.600,2750.0000,4337,0,43753560.000,0,-,-,-,-,2748.8000,2747.6000,2747.0000,2746.6000,2745.4000,2750.2000,2751.4000,2752.0000,2753.4000,2753.8000,2,1,2,1,5,1,2,2,2,2
SF,IH2012,2020-06-05 09:33:40.600,2750.0000,4337,0,43753560.000,0,-,-,-,-,2749.0000,2748.8000,2747.6000,2747.0000,2746.6000,2750.2000,2751.4000,2752.0000,2753.4000,2753.8000,1,1,1,2,1,1,2,2,2,2
SF,IH2012,2020-06-05 09:33:41.100,2750.0000,4337,0,43753560.000,0,-,-,-,-,2749.2000,2749.0000,2747.6000,2747.0000,2745.4000,2750.2000,2751.4000,2752.0000,2753.4000,2753.8000,1,1,1,2,5,1,2,2,2,2
SF,IH2012,2020-06-05 09:33:42.600,2750.0000,4337,0,43753560.000,0,-,-,-,-,2749.2000,2749.0000,2747.6000,2747.0000,2745.4000,2750.2000,2751.0000,2751.4000,2752.0000,2753.4000,1,1,1,2,5,1,1,2,2,2
SF,IH2012,2020-06-05 09:33:46.100,2749.2000,4336,-1,44578320.000,1,0,1,双平,S,2749.0000,2747.6000,2747.0000,2745.4000,2745.0000,2750.2000,2751.0000,2751.4000,2752.0000,2753.4000,1,1,2,5,3,1,1,2,2,2
SF,IH2012,2020-06-05 09:33:46.600,2749.2000,4336,0,44578320.000,0,-,-,-,-,2747.6000,2747.0000,2745.4000,2745.0000,2743.6000,2749.0000,2750.0000,2750.2000,2751.0000,2751.4000,1,2,5,3,5,2,1,1,1,2
SF,IH2012,2020-06-05 09:33:47.100,2749.2000,4336,0,44578320.000,0,-,-,-,-,2747.8000,2747.6000,2747.0000,2745.4000,2745.0000,2750.0000,2750.2000,2751.0000,2751.4000,2752.0000,1,1,2,5,3,1,1,1,1,2
SF,IH2012,2020-06-05 09:33:47.600,2749.2000,4336,0,44578320.000,0,-,-,-,-,2747.8000,2747.6000,2747.0000,2745.8000,2745.4000,2750.0000,2750.2000,2751.0000,2751.4000,2752.0000,1,1,2,1,5,1,1,1,1,3
SF,IH2012,2020-06-05 09:33:51.600,2749.2000,4336,0,44578320.000,0,-,-,-,-,2747.8000,2747.6000,2747.0000,2745.8000,2745.4000,2749.8000,2750.0000,2750.2000,2751.0000,2751.4000,1,1,2,1,5,1,1,1,1,1
SF,IH2012,2020-06-05 09:33:52.100,2749.2000,4336,0,44578320.000,0,-,-,-,-,2748.0000,2747.8000,2747.6000,2747.0000,2745.8000,2749.6000,2749.8000,2750.2000,2751.0000,2751.4000,2,1,1,2,1,1,1,1,1,1
SF,IH2012,2020-06-05 09:33:52.600,2749.2000,4336,0,44578320.000,0,-,-,-,-,2748.2000,2748.0000,2747.8000,2747.6000,2747.0000,2749.6000,2749.8000,2750.2000,2751.0000,2751.4000,1,1,1,1,2,1,1,1,1,1
SF,IH2012,2020-06-05 09:33:53.100,2749.2000,4336,0,44578320.000,0,-,-,-,-,2748.2000,2748.0000,2747.8000,2747.6000,2747.0000,2749.6000,2749.8000,2750.2000,2751.0000,2751.4000,1,1,1,1,2,1,1,1,1,1
SF,IH2012,2020-06-05 09:33:57.100,2749.2000,4336,0,44578320.000,0,-,-,-,-,2748.0000,2747.8000,2747.6000,2747.0000,2745.4000,2749.6000,2749.8000,2750.2000,2751.0000,2751.4000,1,1,1,2,5,1,1,1,1,1
SF,IH2012,2020-06-05 09:33:57.600,2749.2000,4336,0,44578320.000,0,-,-,-,-,2747.8000,2747.6000,2747.0000,2746.2000,2745.4000,2749.4000,2749.6000,2749.8000,2750.2000,2751.0000,1,1,2,1,5,1,1,1,1,1
SF,IH2012,2020-06-05 09:33:58.100,2749.2000,4336,0,44578320.000,0,-,-,-,-,2747.6000,2747.0000,2746.2000,2745.4000,2745.0000,2749.2000,2749.4000,2749.8000,2750.2000,2751.0000,1,2,1,5,3,1,1,1,1,1
SF,IH2012,2020-06-05 09:33:59.100,2749.2000,4336,0,44578320.000,0,-,-,-,-,2747.8000,2747.6000,2747.0000,2746.2000,2745.4000,2749.2000,2749.8000,2750.2000,2751.0000,2751.4000,1,1,2,1,5,1,1,1,1,1
SF,IH2012,2020-06-05 09:34:00.100,2749.2000,4336,0,44578320.000,0,-,-,-,-,2747.8000,2747.6000,2747.0000,2746.2000,2745.4000,2749.2000,2749.8000,2750.2000,2751.0000,2751.4000,1,1,2,1,5,1,1,1,1,1
SF,IH2012,2020-06-05 09:34:00.600,2749.2000,4336,0,44578320.000,0,-,-,-,-,2747.8000,2747.6000,2747.0000,2746.2000,2745.4000,2749.0000,2749.2000,2749.8000,2750.2000,2751.0000,1,1,2,1,5,1,1,1,1,1
SF,IH2012,2020-06-05 09:34:01.100,2749.2000,4336,0,44578320.000,0,-,-,-,-,2747.6000,2747.0000,2746.2000,2745.4000,2745.0000,2749.0000,2749.2000,2749.8000,2750.2000,2751.0000,1,2,1,5,3,1,1,1,1,1
SF,IH2012,2020-06-05 09:34:01.600,2749.2000,4336,0,44578320.000,0,-,-,-,-,2747.6000,2747.0000,2746.2000,2745.4000,2745.0000,2748.8000,2749.0000,2749.8000,2750.2000,2751.0000,1,2,1,5,3,1,1,1,1,1
SF,IH2012,2020-06-05 09:34:06.100,2749.2000,4336,0,44578320.000,0,-,-,-,-,2747.6000,2747.0000,2746.2000,2745.4000,2745.0000,2748.8000,2749.0000,2749.8000,2750.2000,2751.0000,1,2,1,5,3,1,1,1,1,1
SF,IH2012,2020-06-05 09:34:06.600,2749.2000,4336,0,44578320.000,0,-,-,-,-,2747.0000,2746.2000,2745.4000,2745.0000,2743.0000,2748.6000,2748.8000,2749.8000,2750.2000,2751.0000,2,1,5,3,5,1,1,1,1,1
SF,IH2012,2020-06-05 09:34:07.100,2749.2000,4336,0,44578320.000,0,-,-,-,-,2747.0000,2746.2000,2745.4000,2745.0000,2743.0000,2748.6000,2748.8000,2749.8000,2750.2000,2751.0000,2,1,5,4,5,1,1,1,1,1
SF,IH2012,2020-06-05 09:34:07.600,2749.2000,4336,0,44578320.000,0,-,-,-,-,2747.0000,2746.2000,2745.4000,2745.0000,2743.0000,2748.4000,2748.6000,2749.8000,2750.2000,2751.0000,2,1,5,4,5,2,1,1,1,1
SF,IH2012,2020-06-05 09:34:08.600,2747.0000,4334,-2,46226520.000,2,0,2,双平,S,2746.2000,2745.4000,2745.0000,2743.0000,2742.8000,2748.4000,2748.6000,2749.8000,2750.2000,2751.0000,1,5,4,5,1,2,1,1,1,1
SF,IH2012,2020-06-05 09:34:09.100,2747.0000,4334,0,46226520.000,0,-,-,-,-,2746.4000,2746.2000,2745.4000,2745.0000,2743.0000,2748.4000,2748.6000,2749.8000,2750.2000,2751.0000,2,1,5,4,5,2,1,1,1,1
SF,IH2012,2020-06-05 09:34:09.600,2747.0000,4334,0,46226520.000,0,-,-,-,-,2746.4000,2746.2000,2745.4000,2745.0000,2743.0000,2748.2000,2748.4000,2748.6000,2749.8000,2750.2000,2,1,5,4,5,1,1,1,1,1
SF,IH2012,2020-06-05 09:34:10.100,2747.0000,4334,0,46226520.000,0,-,-,-,-,2746.4000,2746.2000,2745.4000,2745.0000,2743.0000,2748.0000,2748.2000,2748.6000,2749.8000,2750.2000,1,1,5,4,5,1,3,1,1,1
SF,IH2012,2020-06-05 09:34:10.600,2747.0000,4334,0,46226520.000,0,-,-,-,-,2746.2000,2745.4000,2745.0000,2743.0000,2742.8000,2747.8000,2748.0000,2748.2000,2748.6000,2749.8000,1,5,4,5,1,3,2,2,1,1
SF,IH2012,2020-06-05 09:34:11.100,2747.0000,4334,0,46226520.000,0,-,-,-,-,2746.2000,2745.4000,2745.0000,2743.0000,2742.8000,2748.0000,2748.2000,2749.8000,2751.0000,2751.4000,1,5,4,5,1,2,2,1,1,1
SF,IH2012,2020-06-05 09:34:11.600,2747.0000,4334,0,46226520.000,0,-,-,-,-,2746.4000,2746.2000,2745.4000,2745.0000,2743.0000,2748.0000,2748.2000,2749.8000,2751.0000,2751.4000,3,1,5,4,5,1,2,1,1,1
SF,IH2012,2020-06-05 09:34:12.100,2747.0000,4334,0,46226520.000,0,-,-,-,-,2746.4000,2746.2000,2745.4000,2745.0000,2743.0000,2747.8000,2748.0000,2748.2000,2749.8000,2751.0000,2,1,5,4,5,1,1,2,1,1
SF,IH2012,2020-06-05 09:34:13.100,2747.0000,4334,0,46226520.000,0,-,-,-,-,2746.4000,2746.2000,2745.4000,2745.0000,2743.0000,2747.8000,2748.0000,2748.2000,2749.8000,2751.0000,1,1,5,4,5,1,1,2,1,1
SF,IH2012,2020-06-05 09:34:14.600,2746.4000,4333,-1,47050440.000,1,0,1,双平,S,2746.2000,2745.4000,2745.0000,2743.0000,2742.8000,2747.8000,2748.0000,2748.2000,2749.8000,2751.0000,1,5,4,5,1,1,1,2,1,1
SF,IH2012,2020-06-05 09:34:15.100,2746.4000,4333,0,47050440.000,0,-,-,-,-,2746.2000,2745.4000,2745.0000,2743.0000,2742.8000,2747.6000,2747.8000,2749.8000,2751.0000,2751.4000,1,5,4,5,1,1,1,1,1,1
SF,IH2012,2020-06-05 09:34:15.600,2746.4000,4333,0,47050440.000,0,-,-,-,-,2746.2000,2745.4000,2745.0000,2743.0000,2742.8000,2747.6000,2747.8000,2749.8000,2751.0000,2751.4000,1,5,3,5,1,1,1,1,1,1
SF,IH2012,2020-06-05 09:34:18.600,2746.4000,4333,0,47050440.000,0,-,-,-,-,2746.2000,2745.4000,2745.0000,2743.0000,2742.8000,2747.6000,2749.8000,2751.0000,2751.4000,2752.0000,2,5,3,5,1,1,1,1,1,2
SF,IH2012,2020-06-05 09:34:25.600,2746.4000,4333,0,47050440.000,0,-,-,-,-,2746.2000,2745.4000,2745.0000,2743.0000,2742.8000,2747.6000,2751.0000,2751.4000,2752.0000,2753.4000,2,5,3,5,1,1,1,1,2,2
SF,IH2012,2020-06-05 09:34:29.100,2747.6000,4332,-1,47874720.000,1,0,1,双平,S,2746.2000,2745.4000,2745.0000,2743.0000,2742.8000,2751.0000,2751.4000,2752.0000,2753.4000,2753.8000,2,5,3,5,1,1,1,2,2,2
SF,IH2012,2020-06-05 09:34:29.600,2747.6000,4332,0,47874720.000,0,-,-,-,-,2746.4000,2746.2000,2745.4000,2745.0000,2743.0000,2750.8000,2751.0000,2751.4000,2752.0000,2753.4000,2,2,5,3,5,11,1,1,2,2
SF,IH2012,2020-06-05 09:34:30.100,2747.6000,4332,0,47874720.000,0,-,-,-,-,2746.4000,2746.2000,2745.4000,2745.0000,2743.0000,2750.8000,2751.0000,2751.4000,2752.0000,2753.4000,2,2,5,3,5,4,1,1,2,2
SF,IH2012,2020-06-05 09:34:30.600,2747.6000,4332,0,47874720.000,0,-,-,-,-,2746.4000,2746.2000,2745.4000,2745.0000,2743.0000,2749.8000,2750.8000,2751.0000,2751.4000,2752.0000,2,2,5,3,5,1,4,1,1,2
SF,IH2012,2020-06-05 09:34:31.100,2747.6000,4332,0,47874720.000,0,-,-,-,-,2746.4000,2746.2000,2745.4000,2745.0000,2743.0000,2749.6000,2749.8000,2750.8000,2751.0000,2751.4000,2,2,5,3,5,3,1,3,1,1
SF,IH2012,2020-06-05 09:34:32.600,2747.6000,4332,0,47874720.000,0,-,-,-,-,2746.6000,2746.4000,2746.2000,2745.4000,2745.0000,2749.6000,2749.8000,2750.8000,2751.0000,2751.4000,1,2,2,5,3,1,1,2,1,1
SF,IH2012,2020-06-05 09:34:33.100,2747.6000,4332,0,47874720.000,0,-,-,-,-,2746.8000,2746.6000,2746.2000,2745.4000,2745.0000,2749.6000,2750.8000,2751.0000,2751.4000,2752.0000,2,1,2,5,3,1,2,1,1,2
SF,IH2012,2020-06-05 09:34:33.600,2747.6000,4332,0,47874720.000,0,-,-,-,-,2746.8000,2746.2000,2745.4000,2745.0000,2743.0000,2749.6000,2750.8000,2751.0000,2751.4000,2752.0000,4,2,5,3,5,1,2,1,1,2
SF,IH2012,2020-06-05 09:34:34.100,2747.6000,4332,0,47874720.000,0,-,-,-,-,2746.8000,2746.2000,2745.4000,2745.0000,2743.0000,2749.6000,2750.8000,2751.0000,2751.4000,2752.0000,3,2,5,3,5,1,2,1,1,2
SF,IH2012,2020-06-05 09:34:34.600,2747.6000,4332,0,47874720.000,0,-,-,-,-,2746.8000,2746.2000,2745.4000,2745.0000,2743.0000,2749.6000,2750.8000,2751.0000,2751.4000,2752.0000,1,2,5,3,5,1,2,1,1,2
SF,IH2012,2020-06-05 09:34:35.100,2747.6000,4332,0,47874720.000,0,-,-,-,-,2746.8000,2746.2000,2745.4000,2745.0000,2743.0000,2749.4000,2749.6000,2750.8000,2751.0000,2751.4000,1,2,5,3,5,1,1,2,1,1
SF,IH2012,2020-06-05 09:34:35.600,2747.6000,4332,0,47874720.000,0,-,-,-,-,2746.8000,2746.2000,2745.4000,2745.0000,2743.0000,2749.2000,2749.4000,2750.8000,2751.0000,2751.4000,1,2,5,3,5,1,2,2,1,1
SF,IH2012,2020-06-05 09:34:36.100,2747.6000,4332,0,47874720.000,0,-,-,-,-,2747.0000,2746.8000,2746.2000,2745.4000,2745.0000,2749.2000,2749.4000,2750.8000,2751.0000,2751.4000,1,1,2,5,3,1,2,2,1,1
SF,IH2012,2020-06-05 09:34:38.600,2747.6000,4332,0,47874720.000,0,-,-,-,-,2747.0000,2746.8000,2746.2000,2745.4000,2745.0000,2749.2000,2749.4000,2750.8000,2751.0000,2751.4000,1,1,2,5,3,1,1,2,1,1
SF,IH2012,2020-06-05 09:34:39.100,2747.6000,4332,0,47874720.000,0,-,-,-,-,2747.2000,2747.0000,2746.2000,2745.4000,2745.0000,2749.2000,2749.4000,2750.8000,2751.0000,2751.4000,1,1,2,5,3,1,1,2,1,1
SF,IH2012,2020-06-05 09:34:39.600,2747.6000,4332,0,47874720.000,0,-,-,-,-,2747.2000,2747.0000,2746.2000,2745.4000,2745.0000,2749.0000,2749.2000,2749.4000,2750.8000,2751.0000,1,1,2,5,3,1,1,1,2,1
SF,IH2012,2020-06-05 09:34:40.100,2747.6000,4332,0,47874720.000,0,-,-,-,-,2747.2000,2747.0000,2746.2000,2745.4000,2745.0000,2748.8000,2749.0000,2749.4000,2750.8000,2751.0000,1,1,2,5,3,1,1,1,2,1
SF,IH2012,2020-06-05 09:34:40.600,2747.6000,4332,0,47874720.000,0,-,-,-,-,2747.4000,2747.2000,2746.2000,2745.4000,2745.0000,2748.8000,2749.0000,2750.8000,2751.0000,2751.4000,1,1,2,5,3,1,1,2,1,1
SF,IH2012,2020-06-05 09:34:41.100,2747.6000,4332,0,47874720.000,0,-,-,-,-,2747.4000,2747.2000,2746.2000,2745.4000,2745.0000,2748.8000,2749.0000,2750.8000,2751.0000,2751.4000,1,1,2,5,2,1,1,2,1,1
SF,IH2012,2020-06-05 09:34:45.600,2747.6000,4332,0,47874720.000,0,-,-,-,-,2747.2000,2746.2000,2745.4000,2745.0000,2743.0000,2748.8000,2749.0000,2750.8000,2751.0000,2751.4000,1,2,5,2,5,1,1,2,1,1
SF,IH2012,2020-06-05 09:34:46.100,2747.6000,4332,0,47874720.000,0,-,-,-,-,2747.4000,2747.2000,2746.2000,2745.4000,2745.0000,2749.0000,2750.8000,2751.0000,2751.4000,2752.0000,1,1,2,5,2,1,2,1,1,2
SF,IH2012,2020-06-05 09:34:46.600,2747.6000,4332,0,47874720.000,0,-,-,-,-,2747.6000,2746.2000,2745.4000,2745.0000,2743.0000,2749.0000,2750.8000,2751.0000,2751.4000,2752.0000,2,2,5,2,5,1,2,1,1,2
SF,IH2012,2020-06-05 09:34:47.100,2747.6000,4332,0,47874720.000,0,-,-,-,-,2747.6000,2746.2000,2745.4000,2745.0000,2743.0000,2749.0000,2750.8000,2751.0000,2751.4000,2752.0000,1,2,5,2,5,1,2,1,1,2
SF,IH2012,2020-06-05 09:34:47.600,2747.6000,4332,0,47874720.000,0,-,-,-,-,2747.6000,2746.2000,2745.4000,2745.0000,2743.0000,2748.8000,2749.0000,2750.8000,2751.0000,2751.4000,1,2,5,2,5,1,1,2,1,1
SF,IH2012,2020-06-05 09:34:48.100,2747.6000,4332,0,47874720.000,0,-,-,-,-,2746.2000,2745.4000,2745.0000,2743.0000,2742.8000,2748.6000,2748.8000,2749.0000,2750.8000,2751.0000,2,5,2,5,1,1,1,1,2,1
SF,IH2012,2020-06-05 09:34:48.600,2747.6000,4332,0,47874720.000,0,-,-,-,-,2746.4000,2746.2000,2745.4000,2745.0000,2744.8000,2748.6000,2748.8000,2749.0000,2750.8000,2751.0000,2,2,5,2,1,1,1,1,2,1
SF,IH2012,2020-06-05 09:34:49.100,2747.6000,4332,0,47874720.000,0,-,-,-,-,2746.4000,2746.2000,2745.4000,2745.0000,2744.8000,2748.6000,2748.8000,2749.0000,2750.8000,2751.0000,2,2,5,2,1,1,1,1,2,1
SF,IH2012,2020-06-05 09:34:49.600,2747.6000,4332,0,47874720.000,0,-,-,-,-,2746.2000,2745.4000,2745.0000,2744.8000,2743.0000,2748.2000,2748.6000,2748.8000,2749.0000,2750.8000,2,5,2,1,5,1,1,1,1,2
SF,IH2012,2020-06-05 09:34:50.100,2747.6000,4332,0,47874720.000,0,-,-,-,-,2746.2000,2745.4000,2745.0000,2744.8000,2743.0000,2748.0000,2748.4000,2748.8000,2749.0000,2750.8000,2,5,2,1,5,2,1,1,1,2
SF,IH2012,2020-06-05 09:34:50.600,2747.6000,4332,0,47874720.000,0,-,-,-,-,2746.2000,2745.4000,2745.0000,2744.8000,2743.0000,2748.0000,2748.6000,2748.8000,2749.0000,2750.8000,2,5,2,1,5,2,1,1,1,2
SF,IH2012,2020-06-05 09:34:51.600,2747.6000,4332,0,47874720.000,0,-,-,-,-,2746.2000,2745.4000,2745.0000,2744.8000,2743.0000,2748.0000,2748.6000,2749.0000,2750.8000,2751.0000,2,5,2,1,5,2,1,1,2,1
SF,IH2012,2020-06-05 09:34:56.100,2747.6000,4332,0,47874720.000,0,-,-,-,-,2746.2000,2745.4000,2745.0000,2744.8000,2743.0000,2748.0000,2748.6000,2749.0000,2750.8000,2751.0000,2,5,2,1,5,2,1,1,2,1
SF,IH2012,2020-06-05 09:34:56.600,2747.6000,4332,0,47874720.000,0,-,-,-,-,2746.2000,2745.4000,2745.0000,2744.8000,2743.0000,2748.0000,2748.6000,2749.0000,2750.8000,2751.0000,2,5,2,1,5,2,1,1,2,1
SF,IH2012,2020-06-05 09:34:57.100,2747.6000,4332,0,47874720.000,0,-,-,-,-,2746.4000,2746.2000,2745.4000,2745.0000,2744.8000,2748.0000,2748.6000,2749.0000,2750.8000,2751.0000,1,2,5,2,1,1,1,1,2,1
SF,IH2012,2020-06-05 09:34:57.600,2747.6000,4332,0,47874720.000,0,-,-,-,-,2746.6000,2746.4000,2746.2000,2745.4000,2745.0000,2748.0000,2748.6000,2749.0000,2750.8000,2751.0000,1,1,2,5,2,1,1,1,2,1
SF,IH2012,2020-06-05 09:35:06.100,2747.6000,4332,0,47874720.000,0,-,-,-,-,2746.4000,2746.2000,2745.4000,2745.0000,2744.8000,2748.0000,2748.6000,2749.0000,2750.8000,2751.0000,1,2,5,2,1,1,1,1,2,1
SF,IH2012,2020-06-05 09:35:06.600,2747.6000,4332,0,47874720.000,0,-,-,-,-,2746.2000,2745.4000,2745.0000,2744.8000,2743.0000,2747.8000,2748.0000,2748.6000,2749.0000,2750.8000,2,5,2,1,5,1,1,1,1,2
SF,IH2012,2020-06-05 09:35:07.100,2747.6000,4332,0,47874720.000,0,-,-,-,-,2746.2000,2745.4000,2745.0000,2744.8000,2743.0000,2747.6000,2748.6000,2749.0000,2750.8000,2751.0000,2,5,2,1,5,2,1,1,2,1
SF,IH2012,2020-06-05 09:35:09.600,2747.6000,4332,0,47874720.000,0,-,-,-,-,2746.2000,2745.4000,2745.0000,2744.8000,2743.0000,2747.2000,2747.4000,2747.6000,2748.6000,2749.0000,2,5,2,1,5,1,1,2,1,1
SF,IH2012,2020-06-05 09:35:10.100,2747.6000,4332,0,47874720.000,0,-,-,-,-,2746.2000,2745.4000,2745.0000,2744.8000,2743.0000,2747.2000,2747.6000,2748.6000,2749.0000,2750.8000,2,5,2,1,5,1,1,1,1,2
SF,IH2012,2020-06-05 09:35:11.100,2747.6000,4332,0,47874720.000,0,-,-,-,-,2746.2000,2745.4000,2745.0000,2744.8000,2743.0000,2747.6000,2748.6000,2749.0000,2750.8000,2751.0000,2,5,2,1,5,1,1,1,2,1
SF,IH2012,2020-06-05 09:35:12.600,2747.6000,4332,0,47874720.000,0,-,-,-,-,2746.2000,2745.4000,2745.0000,2744.8000,2743.0000,2747.4000,2747.6000,2748.6000,2749.0000,2750.8000,2,5,2,1,5,1,1,1,1,2
SF,IH2012,2020-06-05 09:35:13.100,2747.6000,4332,0,47874720.000,0,-,-,-,-,2746.2000,2745.4000,2745.0000,2744.8000,2743.0000,2747.2000,2747.4000,2748.6000,2749.0000,2750.8000,2,5,2,1,5,1,1,1,1,2
SF,IH2012,2020-06-05 09:35:14.100,2746.2000,4332,0,48698580.000,1,0,1,多换,S,2746.2000,2745.4000,2745.0000,2744.8000,2743.6000,2747.2000,2747.4000,2748.6000,2749.0000,2750.8000,1,5,2,1,1,1,1,1,1,2
SF,IH2012,2020-06-05 09:35:14.600,2746.2000,4332,0,49522440.000,1,0,1,多换,S,2745.4000,2745.0000,2744.8000,2743.0000,2742.8000,2746.2000,2747.0000,2747.2000,2747.4000,2748.6000,5,2,1,5,1,1,6,1,1,1
SF,IH2012,2020-06-05 09:35:15.100,2746.2000,4332,0,49522440.000,0,-,-,-,-,2745.4000,2745.0000,2744.8000,2743.0000,2742.8000,2746.2000,2747.0000,2747.2000,2747.4000,2748.6000,5,2,1,5,1,1,2,1,1,1
SF,IH2012,2020-06-05 09:35:15.600,2746.2000,4332,0,49522440.000,0,-,-,-,-,2745.4000,2745.0000,2744.8000,2743.0000,2742.8000,2746.2000,2747.0000,2747.2000,2747.4000,2748.6000,5,2,1,5,1,1,2,1,2,1
SF,IH2012,2020-06-05 09:35:16.100,2746.2000,4332,0,49522440.000,0,-,-,-,-,2745.4000,2745.0000,2744.8000,2743.0000,2742.8000,2746.0000,2746.2000,2747.0000,2747.4000,2748.6000,5,2,1,5,1,1,1,2,2,1
SF,IH2012,2020-06-05 09:35:16.600,2745.4000,4332,0,50346060.000,1,0,1,多换,S,2745.4000,2745.0000,2744.8000,2743.0000,2742.8000,2746.2000,2747.4000,2748.6000,2749.0000,2750.8000,4,2,1,5,1,1,2,1,1,2
SF,IH2012,2020-06-05 09:35:17.100,2745.4000,4332,0,50346060.000,0,-,-,-,-,2745.4000,2745.0000,2744.8000,2744.0000,2743.0000,2746.2000,2747.4000,2748.2000,2748.6000,2749.0000,4,2,1,1,5,1,2,1,1,1
SF,IH2012,2020-06-05 09:35:19.100,2745.4000,4328,-4,53640540.000,4,0,4,双平,S,2745.0000,2744.8000,2744.0000,2743.0000,2742.8000,2746.2000,2747.4000,2748.2000,2748.6000,2749.0000,2,1,1,5,1,1,2,1,1,1
SF,IH2012,2020-06-05 09:35:19.600,2745.4000,4326,-2,56111160.000,3,0,3,多平,S,2744.8000,2744.0000,2743.0000,2742.8000,2742.4000,2746.0000,2746.2000,2747.4000,2748.2000,2748.6000,1,1,6,1,1,1,1,2,1,1
SF,IH2012,2020-06-05 09:35:20.100,2745.4000,4326,0,56111160.000,0,-,-,-,-,2744.8000,2744.0000,2743.0000,2742.8000,2742.4000,2746.0000,2746.2000,2747.4000,2748.2000,2748.6000,1,1,6,1,1,1,1,2,1,1
SF,IH2012,2020-06-05 09:35:20.600,2745.4000,4326,0,56111160.000,0,-,-,-,-,2744.8000,2744.0000,2743.0000,2742.8000,2742.4000,2745.4000,2746.0000,2746.2000,2747.4000,2748.2000,1,1,6,1,1,2,1,1,2,1
SF,IH2012,2020-06-05 09:35:21.100,2745.4000,4326,0,56111160.000,0,-,-,-,-,2744.8000,2744.0000,2743.0000,2742.8000,2742.4000,2745.4000,2746.0000,2746.2000,2747.4000,2748.6000,1,1,6,1,1,2,1,1,2,1
SF,IH2012,2020-06-05 09:35:23.600,2745.4000,4326,0,56111160.000,0,-,-,-,-,2744.0000,2743.0000,2742.8000,2742.4000,2742.2000,2745.4000,2746.0000,2746.2000,2747.4000,2748.6000,1,6,1,1,2,2,1,1,2,1
SF,IH2012,2020-06-05 09:35:24.100,2745.4000,4326,0,56111160.000,0,-,-,-,-,2744.0000,2743.0000,2742.8000,2742.4000,2742.2000,2744.8000,2745.4000,2746.0000,2746.2000,2747.4000,1,6,1,2,2,1,2,1,1,2
SF,IH2012,2020-06-05 09:35:24.600,2745.4000,4326,0,56111160.000,0,-,-,-,-,2744.0000,2743.0000,2742.8000,2742.4000,2742.2000,2744.8000,2745.4000,2746.0000,2746.2000,2747.4000,1,6,1,2,2,1,2,1,1,1
SF,IH2012,2020-06-05 09:35:26.100,2744.8000,4326,0,56934600.000,1,0,1,多换,S,2744.8000,2744.0000,2743.0000,2742.8000,2742.4000,2745.4000,2746.0000,2746.2000,2747.4000,2748.6000,1,1,6,1,2,2,1,1,1,1
SF,IH2012,2020-06-05 09:35:26.600,2744.8000,4326,0,56934600.000,0,-,-,-,-,2744.8000,2744.0000,2743.0000,2742.8000,2742.4000,2745.4000,2746.0000,2746.2000,2747.4000,2748.6000,1,1,6,1,1,2,1,1,1,1
SF,IH2012,2020-06-05 09:35:28.600,2744.8000,4326,0,56934600.000,0,-,-,-,-,2744.8000,2744.0000,2743.0000,2742.8000,2742.4000,2745.4000,2746.0000,2746.2000,2747.4000,2748.6000,1,1,6,1,1,2,1,1,1,1
SF,IH2012,2020-06-05 09:35:33.100,2744.8000,4326,0,56934600.000,0,-,-,-,-,2744.8000,2744.0000,2743.0000,2742.8000,2742.4000,2745.4000,2746.0000,2746.2000,2747.4000,2748.6000,1,1,6,1,1,2,1,1,1,1
SF,IH2012,2020-06-05 09:35:34.100,2744.8000,4326,0,57758040.000,1,0,1,多换,S,2744.0000,2743.0000,2742.8000,2742.4000,2740.2000,2745.4000,2746.0000,2746.2000,2747.4000,2748.6000,1,6,1,2,1,2,1,1,1,1
SF,IH2012,2020-06-05 09:35:37.100,2744.8000,4326,0,57758040.000,0,-,-,-,-,2744.0000,2743.0000,2742.8000,2742.4000,2740.2000,2745.4000,2746.0000,2746.2000,2747.4000,2748.6000,1,6,1,2,3,2,1,1,1,1
SF,IH2012,2020-06-05 09:35:38.100,2745.4000,4326,0,59405280.000,2,1,1,多换,S,2745.6000,2744.0000,2743.0000,2742.8000,2742.4000,2746.0000,2746.2000,2747.4000,2748.6000,2749.0000,1,1,6,1,2,1,1,1,1,1
SF,IH2012,2020-06-05 09:35:38.600,2745.4000,4326,0,59405280.000,0,-,-,-,-,2744.0000,2743.0000,2742.8000,2742.4000,2740.2000,2746.0000,2746.2000,2747.4000,2748.6000,2749.0000,1,5,1,1,3,1,1,1,1,1
SF,IH2012,2020-06-05 09:35:39.100,2745.4000,4326,0,59405280.000,0,-,-,-,-,2744.2000,2744.0000,2743.0000,2742.8000,2742.4000,2745.6000,2746.0000,2746.2000,2747.4000,2748.6000,3,1,5,2,1,1,1,1,1,1
SF,IH2012,2020-06-05 09:35:39.600,2745.4000,4326,0,59405280.000,0,-,-,-,-,2744.2000,2744.0000,2743.0000,2742.8000,2742.4000,2745.6000,2746.0000,2746.2000,2747.4000,2747.6000,2,1,5,2,1,1,1,1,1,1
SF,IH2012,2020-06-05 09:35:40.600,2745.6000,4326,0,60228960.000,1,0,1,多换,S,2745.6000,2744.2000,2744.0000,2743.0000,2742.8000,2746.0000,2746.2000,2747.4000,2747.6000,2748.6000,1,2,1,5,2,1,1,1,1,1
SF,IH2012,2020-06-05 09:35:41.100,2746.0000,4325,-1,61052760.000,1,0,1,双平,S,2745.6000,2744.2000,2744.0000,2743.0000,2742.8000,2747.4000,2747.6000,2748.6000,2749.0000,2750.8000,1,2,1,5,1,1,1,1,1,2
SF,IH2012,2020-06-05 09:35:41.600,2746.0000,4325,0,61052760.000,0,-,-,-,-,2745.8000,2745.6000,2744.2000,2744.0000,2743.0000,2747.2000,2747.4000,2747.6000,2748.6000,2748.8000,1,1,1,1,5,3,1,1,1,1
SF,IH2012,2020-06-05 09:35:42.100,2746.0000,4325,0,61052760.000,0,-,-,-,-,2745.8000,2745.6000,2744.2000,2744.0000,2743.0000,2747.2000,2747.4000,2747.6000,2748.6000,2748.8000,1,1,1,1,5,2,1,1,1,1
SF,IH2012,2020-06-05 09:35:42.600,2746.0000,4325,0,61052760.000,0,-,-,-,-,2745.8000,2745.6000,2744.2000,2744.0000,2743.0000,2747.2000,2747.6000,2748.6000,2748.8000,2749.0000,1,1,1,1,5,2,1,1,1,1
SF,IH2012,2020-06-05 09:35:48.600,2746.0000,4325,0,61052760.000,0,-,-,-,-,2745.8000,2745.6000,2744.2000,2744.0000,2743.0000,2747.2000,2747.6000,2748.6000,2748.8000,2749.0000,1,1,1,1,5,2,1,1,1,1
SF,IH2012,2020-06-05 09:35:49.100,2746.0000,4325,0,61052760.000,0,-,-,-,-,2746.0000,2745.8000,2745.6000,2744.0000,2743.0000,2747.2000,2747.6000,2748.8000,2749.0000,2750.8000,1,1,1,1,5,2,1,1,1,2
SF,IH2012,2020-06-05 09:35:49.600,2746.0000,4325,0,61052760.000,0,-,-,-,-,2746.0000,2745.8000,2745.6000,2744.0000,2743.0000,2747.2000,2747.6000,2748.8000,2749.0000,2750.8000,1,1,1,1,5,1,1,1,1,2
SF,IH2012,2020-06-05 09:35:55.600,2746.0000,4325,0,61052760.000,0,-,-,-,-,2746.0000,2745.8000,2745.6000,2744.0000,2743.0000,2747.2000,2747.6000,2748.8000,2749.0000,2750.8000,3,1,1,1,5,1,1,1,1,2
SF,IH2012,2020-06-05 09:35:56.100,2746.0000,4325,0,61052760.000,0,-,-,-,-,2746.0000,2745.8000,2745.6000,2744.0000,2743.0000,2747.2000,2747.6000,2748.8000,2749.0000,2750.8000,3,1,1,1,5,1,1,1,1,2
SF,IH2012,2020-06-05 09:36:02.100,2745.6000,4328,3,65171580.000,5,4,1,空开,S,2744.0000,2743.0000,2742.8000,2742.4000,2741.2000,2747.2000,2747.6000,2748.8000,2749.0000,2750.8000,1,5,2,1,1,1,1,1,1,2
SF,IH2012,2020-06-05 09:36:02.600,2745.6000,4328,0,65171580.000,0,-,-,-,-,2744.2000,2744.0000,2743.0000,2742.8000,2742.4000,2747.0000,2747.2000,2747.6000,2748.8000,2749.0000,2,1,5,2,1,2,1,1,1,1
SF,IH2012,2020-06-05 09:36:03.100,2745.6000,4328,0,65171580.000,0,-,-,-,-,2744.2000,2744.0000,2743.0000,2742.8000,2742.4000,2747.0000,2747.2000,2747.6000,2748.8000,2749.0000,2,1,5,2,1,3,1,1,1,1
SF,IH2012,2020-06-05 09:36:03.600,2745.6000,4328,0,65171580.000,0,-,-,-,-,2744.2000,2744.0000,2743.0000,2742.8000,2742.4000,2747.0000,2747.2000,2747.6000,2748.8000,2749.0000,2,1,5,2,1,2,1,1,1,1
SF,IH2012,2020-06-05 09:36:05.100,2745.6000,4328,0,65171580.000,0,-,-,-,-,2744.2000,2744.0000,2743.0000,2742.8000,2742.4000,2745.8000,2747.0000,2747.2000,2747.6000,2748.8000,2,1,5,2,1,1,2,1,1,1
SF,IH2012,2020-06-05 09:36:05.600,2745.6000,4328,0,65171580.000,0,-,-,-,-,2744.4000,2744.2000,2744.0000,2743.0000,2742.8000,2745.8000,2747.0000,2747.2000,2747.6000,2749.0000,1,2,1,5,2,1,2,1,1,1
SF,IH2012,2020-06-05 09:36:06.100,2745.6000,4328,0,65171580.000,0,-,-,-,-,2744.6000,2744.4000,2744.2000,2744.0000,2743.0000,2745.8000,2747.0000,2747.2000,2747.6000,2749.0000,1,1,2,1,5,1,2,1,1,1
SF,IH2012,2020-06-05 09:36:06.600,2745.6000,4328,0,65171580.000,0,-,-,-,-,2744.6000,2744.2000,2744.0000,2743.0000,2742.8000,2745.8000,2747.0000,2747.6000,2749.0000,2750.8000,1,2,1,5,2,1,2,1,1,2
SF,IH2012,2020-06-05 09:36:07.600,2745.6000,4328,0,65171580.000,0,-,-,-,-,2745.0000,2744.6000,2744.2000,2744.0000,2743.0000,2745.8000,2747.0000,2747.6000,2749.0000,2750.8000,1,1,2,1,5,1,2,1,1,2
SF,IH2012,2020-06-05 09:36:08.600,2745.6000,4328,0,65171580.000,0,-,-,-,-,2745.0000,2744.6000,2744.2000,2744.0000,2743.0000,2745.8000,2747.0000,2747.6000,2749.0000,2750.8000,1,2,2,1,5,1,2,1,1,2
SF,IH2012,2020-06-05 09:36:18.100,2745.6000,4328,0,65171580.000,0,-,-,-,-,2745.0000,2744.6000,2744.2000,2744.0000,2743.0000,2745.8000,2747.0000,2747.6000,2749.0000,2750.8000,1,2,2,1,5,1,2,1,1,2
SF,IH2012,2020-06-05 09:36:18.600,2745.6000,4328,0,65171580.000,0,-,-,-,-,2745.0000,2744.6000,2744.2000,2744.0000,2743.0000,2745.8000,2747.0000,2747.6000,2749.0000,2750.8000,1,2,1,1,5,1,2,1,1,2
SF,IH2012,2020-06-05 09:36:19.100,2745.6000,4328,0,65171580.000,0,-,-,-,-,2745.0000,2744.6000,2744.2000,2744.0000,2743.0000,2745.8000,2747.0000,2747.6000,2749.0000,2750.8000,1,1,1,1,5,1,2,1,1,2
SF,IH2012,2020-06-05 09:36:20.600,2745.8000,4328,0,65995320.000,1,0,1,多换,S,2745.0000,2744.6000,2744.2000,2744.0000,2743.0000,2747.0000,2747.6000,2749.0000,2750.8000,2751.0000,1,1,1,1,5,2,1,1,2,1
SF,IH2012,2020-06-05 09:36:21.100,2745.8000,4328,0,65995320.000,0,-,-,-,-,2745.0000,2744.6000,2744.2000,2744.0000,2743.0000,2746.8000,2747.0000,2747.6000,2748.4000,2749.0000,1,1,1,1,5,1,2,1,1,1
SF,IH2012,2020-06-05 09:36:21.600,2745.8000,4328,0,65995320.000,0,-,-,-,-,2745.0000,2744.6000,2744.2000,2744.0000,2743.0000,2746.6000,2747.6000,2748.4000,2749.0000,2750.8000,1,1,1,1,5,2,1,1,1,2
SF,IH2012,2020-06-05 09:36:22.100,2745.8000,4328,0,65995320.000,0,-,-,-,-,2745.2000,2745.0000,2744.6000,2744.2000,2744.0000,2746.6000,2747.6000,2748.4000,2749.0000,2750.8000,1,1,1,1,1,2,1,1,1,2
SF,IH2012,2020-06-05 09:36:22.600,2745.8000,4328,0,65995320.000,0,-,-,-,-,2745.2000,2745.0000,2744.6000,2744.2000,2744.0000,2746.6000,2747.6000,2748.4000,2749.0000,2750.8000,1,1,1,1,1,2,1,1,1,2
SF,IH2012,2020-06-05 09:36:26.100,2745.8000,4328,0,65995320.000,0,-,-,-,-,2745.2000,2745.0000,2744.6000,2744.2000,2744.0000,2746.2000,2746.6000,2747.6000,2748.4000,2749.0000,1,1,1,1,1,1,2,1,1,1
SF,IH2012,2020-06-05 09:36:37.600,2745.8000,4328,0,65995320.000,0,-,-,-,-,2745.2000,2745.0000,2744.6000,2744.2000,2744.0000,2746.6000,2747.6000,2748.4000,2749.0000,2750.8000,1,1,1,1,1,2,1,1,1,2
SF,IH2012,2020-06-05 09:36:38.100,2745.0000,4328,0,66818820.000,1,0,1,多换,S,2744.6000,2744.2000,2744.0000,2743.0000,2742.8000,2745.2000,2746.4000,2746.6000,2747.6000,2748.4000,1,1,1,5,1,1,1,2,1,1
SF,IH2012,2020-06-05 09:36:38.600,2745.0000,4328,0,66818820.000,0,-,-,-,-,2744.6000,2744.2000,2744.0000,2743.0000,2742.8000,2746.4000,2746.6000,2749.0000,2750.8000,2751.0000,1,1,1,5,1,3,2,1,2,1
SF,IH2012,2020-06-05 09:36:39.100,2744.6000,4328,0,67642200.000,1,0,1,多换,S,2744.0000,2743.0000,2742.8000,2742.4000,2741.2000,2744.4000,2746.2000,2746.4000,2749.0000,2750.8000,1,5,1,1,1,2,3,3,1,2
SF,IH2012,2020-06-05 09:36:39.600,2744.6000,4328,0,67642200.000,0,-,-,-,-,2744.0000,2743.0000,2742.8000,2742.4000,2741.2000,2744.4000,2745.8000,2746.0000,2746.2000,2746.4000,1,5,1,2,1,2,1,1,2,3
SF,IH2012,2020-06-05 09:36:40.100,2744.6000,4328,0,67642200.000,0,-,-,-,-,2743.0000,2742.8000,2742.4000,2741.2000,2740.2000,2745.8000,2746.0000,2746.2000,2746.4000,2749.0000,5,1,2,1,2,1,1,2,3,1
SF,IH2012,2020-06-05 09:36:40.600,2744.6000,4328,0,67642200.000,0,-,-,-,-,2743.2000,2743.0000,2742.8000,2742.4000,2741.2000,2745.6000,2745.8000,2746.0000,2746.4000,2749.0000,1,5,1,2,1,4,1,1,3,1
SF,IH2012,2020-06-05 09:36:41.100,2744.6000,4328,0,67642200.000,0,-,-,-,-,2743.0000,2742.8000,2742.4000,2741.2000,2740.2000,2745.4000,2745.6000,2746.0000,2746.4000,2749.0000,5,1,2,1,2,1,4,1,3,1
SF,IH2012,2020-06-05 09:36:41.600,2744.6000,4328,0,67642200.000,0,-,-,-,-,2743.0000,2742.8000,2742.4000,2741.2000,2740.2000,2745.2000,2745.6000,2746.0000,2746.4000,2749.0000,5,1,1,1,2,5,2,1,3,1
SF,IH2012,2020-06-05 09:36:42.100,2744.6000,4328,0,67642200.000,0,-,-,-,-,2743.0000,2742.8000,2742.4000,2741.2000,2740.2000,2745.2000,2745.6000,2746.0000,2746.4000,2749.0000,5,1,1,1,2,5,2,1,2,1
SF,IH2012,2020-06-05 09:36:42.600,2744.6000,4328,0,67642200.000,0,-,-,-,-,2743.2000,2743.0000,2742.8000,2742.4000,2741.2000,2745.2000,2745.6000,2746.0000,2746.4000,2749.0000,1,5,1,1,1,5,2,1,2,1
SF,IH2012,2020-06-05 09:36:43.100,2744.6000,4328,0,67642200.000,0,-,-,-,-,2743.2000,2743.0000,2742.8000,2742.4000,2741.2000,2745.0000,2745.2000,2745.6000,2746.0000,2746.4000,1,5,1,1,1,1,4,2,1,2
SF,IH2012,2020-06-05 09:36:43.600,2744.6000,4328,0,67642200.000,0,-,-,-,-,2743.2000,2743.0000,2742.8000,2742.4000,2741.2000,2744.8000,2745.0000,2745.2000,2745.6000,2746.0000,1,5,1,1,1,2,1,2,2,1
SF,IH2012,2020-06-05 09:36:44.100,2744.6000,4328,0,67642200.000,0,-,-,-,-,2743.0000,2742.8000,2742.4000,2741.2000,2740.2000,2744.6000,2744.8000,2745.2000,2745.6000,2746.0000,5,1,1,1,2,1,2,2,2,1
SF,IH2012,2020-06-05 09:36:44.600,2744.6000,4328,0,67642200.000,0,-,-,-,-,2743.0000,2742.8000,2742.4000,2741.2000,2740.2000,2744.4000,2744.6000,2744.8000,2745.2000,2745.6000,5,1,1,1,2,1,1,1,2,2
SF,IH2012,2020-06-05 09:36:45.100,2744.6000,4328,0,67642200.000,0,-,-,-,-,2743.2000,2743.0000,2742.8000,2742.4000,2741.2000,2744.4000,2744.8000,2745.2000,2745.6000,2746.0000,2,5,1,1,1,1,1,2,2,1
SF,IH2012,2020-06-05 09:36:45.600,2744.6000,4328,0,67642200.000,0,-,-,-,-,2743.2000,2743.0000,2742.8000,2742.4000,2741.2000,2744.8000,2745.6000,2746.0000,2746.4000,2749.0000,1,5,1,1,1,1,2,1,2,1
SF,IH2012,2020-06-05 09:36:46.100,2744.6000,4328,0,67642200.000,0,-,-,-,-,2743.4000,2743.2000,2743.0000,2742.8000,2742.4000,2744.8000,2746.0000,2746.4000,2749.0000,2750.8000,1,1,5,1,1,1,1,2,1,2
SF,IH2012,2020-06-05 09:36:50.100,2744.6000,4328,0,67642200.000,0,-,-,-,-,2744.0000,2743.4000,2743.2000,2743.0000,2742.8000,2744.8000,2746.0000,2746.4000,2749.0000,2750.8000,1,1,1,5,1,1,1,2,1,2
SF,IH2012,2020-06-05 09:36:50.600,2744.6000,4328,0,67642200.000,0,-,-,-,-,2744.0000,2743.0000,2742.8000,2742.4000,2741.2000,2746.0000,2746.4000,2749.0000,2750.8000,2751.0000,1,5,1,1,1,1,2,1,2,1
SF,IH2012,2020-06-05 09:36:51.100,2744.6000,4328,0,67642200.000,0,-,-,-,-,2744.0000,2743.0000,2742.8000,2742.4000,2741.2000,2745.8000,2746.0000,2746.4000,2749.0000,2750.8000,1,5,1,1,1,4,1,2,1,2
SF,IH2012,2020-06-05 09:36:51.600,2744.4000,4329,1,68465520.000,1,1,0,双开,S,2744.4000,2744.0000,2743.0000,2742.8000,2742.4000,2745.6000,2745.8000,2746.0000,2746.4000,2749.0000,1,1,5,1,1,1,3,1,2,1
SF,IH2012,2020-06-05 09:36:52.100,2744.4000,4329,0,68465520.000,0,-,-,-,-,2744.4000,2744.0000,2743.0000,2742.8000,2742.4000,2745.4000,2745.8000,2746.0000,2746.4000,2749.0000,1,1,5,1,1,1,2,1,2,1
SF,IH2012,2020-06-05 09:36:53.100,2744.4000,4329,0,69288840.000,1,0,1,多换,S,2744.0000,2743.0000,2742.8000,2742.4000,2741.2000,2744.4000,2745.4000,2745.8000,2746.0000,2746.4000,1,5,1,1,1,1,1,2,1,2
SF,IH2012,2020-06-05 09:36:54.600,2744.4000,4329,0,70112160.000,1,0,1,多换,S,2744.0000,2743.0000,2742.8000,2742.4000,2741.2000,2745.4000,2745.8000,2746.0000,2746.4000,2749.0000,1,5,1,1,1,1,2,1,2,1
SF,IH2012,2020-06-05 09:36:55.100,2744.0000,4328,-1,70935360.000,1,0,1,双平,S,2743.0000,2742.8000,2742.4000,2741.2000,2740.2000,2745.4000,2745.8000,2746.0000,2746.4000,2749.0000,5,1,1,1,2,1,2,1,2,1
SF,IH2012,2020-06-05 09:36:55.600,2744.0000,4328,0,70935360.000,0,-,-,-,-,2743.2000,2743.0000,2742.8000,2742.4000,2741.2000,2745.2000,2745.4000,2745.8000,2746.0000,2746.4000,1,5,1,1,1,1,1,1,1,2
SF,IH2012,2020-06-05 09:36:56.100,2744.0000,4328,0,70935360.000,0,-,-,-,-,2743.2000,2743.0000,2742.8000,2742.4000,2741.2000,2745.0000,2745.2000,2745.8000,2746.0000,2746.4000,2,5,1,1,1,1,1,1,1,2
SF,IH2012,2020-06-05 09:36:56.600,2744.0000,4328,0,70935360.000,0,-,-,-,-,2743.4000,2743.2000,2743.0000,2742.8000,2742.4000,2744.8000,2745.0000,2746.0000,2746.4000,2749.0000,1,1,5,1,1,1,1,1,2,1
SF,IH2012,2020-06-05 09:36:57.100,2744.0000,4328,0,70935360.000,0,-,-,-,-,2743.6000,2743.0000,2742.8000,2742.4000,2741.2000,2744.8000,2745.0000,2746.0000,2746.4000,2749.0000,1,5,1,1,1,1,1,1,2,1
SF,IH2012,2020-06-05 09:36:57.600,2744.0000,4328,0,70935360.000,0,-,-,-,-,2743.6000,2743.0000,2742.8000,2742.4000,2741.2000,2745.0000,2746.0000,2746.4000,2749.0000,2750.8000,1,5,1,1,1,1,1,2,1,2
SF,IH2012,2020-06-05 09:37:05.100,2743.6000,4328,0,71758440.000,1,0,1,多换,S,2743.0000,2742.8000,2742.4000,2741.2000,2740.2000,2745.0000,2746.0000,2746.4000,2749.0000,2750.8000,5,1,1,1,2,1,1,2,1,2
SF,IH2012,2020-06-05 09:37:05.600,2743.0000,4324,-4,75873000.000,5,0,5,多平,S,2743.0000,2742.8000,2742.4000,2741.2000,2740.2000,2744.8000,2745.0000,2746.0000,2746.4000,2749.0000,1,1,1,1,2,1,1,1,2,1
SF,IH2012,2020-06-05 09:37:06.100,2743.0000,4324,0,75873000.000,0,-,-,-,-,2743.0000,2742.8000,2742.4000,2741.2000,2740.2000,2744.6000,2744.8000,2746.0000,2746.4000,2749.0000,1,1,1,1,2,1,1,1,2,1
SF,IH2012,2020-06-05 09:37:09.600,2743.0000,4324,0,75873000.000,0,-,-,-,-,2743.2000,2743.0000,2742.8000,2742.4000,2741.2000,2744.4000,2744.6000,2744.8000,2746.0000,2746.4000,1,1,1,1,1,1,1,1,1,2
SF,IH2012,2020-06-05 09:37:10.100,2743.0000,4324,0,75873000.000,0,-,-,-,-,2743.2000,2743.0000,2742.8000,2742.4000,2741.2000,2744.2000,2744.4000,2744.8000,2746.0000,2746.4000,1,1,1,1,1,1,1,1,1,2
SF,IH2012,2020-06-05 09:37:11.600,2743.0000,4324,0,75873000.000,0,-,-,-,-,2743.0000,2742.8000,2742.4000,2741.2000,2740.2000,2744.2000,2744.4000,2744.8000,2746.0000,2746.4000,1,1,1,1,2,1,1,1,1,2
SF,IH2012,2020-06-05 09:37:13.600,2743.0000,4324,0,75873000.000,0,-,-,-,-,2743.0000,2742.8000,2742.4000,2741.2000,2740.2000,2744.2000,2744.4000,2744.8000,2746.0000,2746.4000,1,1,2,1,2,1,1,1,1,2
SF,IH2012,2020-06-05 09:37:14.100,2743.0000,4324,0,75873000.000,0,-,-,-,-,2743.0000,2742.8000,2742.4000,2741.2000,2740.2000,2744.2000,2744.8000,2746.0000,2746.4000,2749.0000,1,1,2,1,2,1,1,1,2,1
SF,IH2012,2020-06-05 09:37:14.600,2743.0000,4324,0,75873000.000,0,-,-,-,-,2743.0000,2742.8000,2742.4000,2741.2000,2740.2000,2744.2000,2744.8000,2746.0000,2746.4000,2749.0000,2,1,2,1,2,1,1,1,2,1
SF,IH2012,2020-06-05 09:37:15.100,2743.0000,4324,0,75873000.000,0,-,-,-,-,2743.2000,2743.0000,2742.8000,2742.4000,2741.2000,2744.2000,2744.8000,2746.0000,2746.4000,2749.0000,1,2,1,2,1,1,1,1,2,1
SF,IH2012,2020-06-05 09:37:15.600,2743.0000,4324,0,75873000.000,0,-,-,-,-,2743.2000,2743.0000,2742.8000,2742.4000,2741.2000,2744.0000,2744.2000,2744.8000,2746.0000,2746.4000,1,2,1,2,1,1,1,1,1,2
SF,IH2012,2020-06-05 09:37:18.600,2743.0000,4323,-1,76695900.000,1,0,1,双平,S,2743.0000,2742.8000,2742.4000,2741.2000,2740.2000,2744.0000,2744.2000,2744.8000,2746.0000,2746.4000,2,1,2,1,2,1,1,1,1,2
SF,IH2012,2020-06-05 09:37:20.100,2743.0000,4323,0,76695900.000,0,-,-,-,-,2743.0000,2742.8000,2742.4000,2741.2000,2740.2000,2744.0000,2744.2000,2744.8000,2746.0000,2746.4000,2,1,2,1,2,1,1,1,1,2
SF,IH2012,2020-06-05 09:37:20.600,2743.0000,4323,0,76695900.000,0,-,-,-,-,2743.2000,2743.0000,2742.8000,2742.4000,2741.2000,2744.0000,2744.2000,2744.8000,2746.0000,2746.4000,4,2,1,2,1,1,1,1,1,2
SF,IH2012,2020-06-05 09:37:21.600,2744.2000,4322,-1,78342360.000,2,0,2,多平,S,2743.2000,2743.0000,2742.8000,2742.4000,2741.2000,2744.8000,2746.0000,2746.4000,2748.0000,2749.0000,3,2,1,2,1,1,1,2,1,1
SF,IH2012,2020-06-05 09:37:22.100,2744.2000,4322,0,78342360.000,0,-,-,-,-,2743.2000,2743.0000,2742.8000,2742.4000,2741.2000,2744.6000,2744.8000,2746.0000,2746.4000,2748.0000,3,2,1,2,1,2,1,1,2,1
SF,IH2012,2020-06-05 09:37:22.600,2744.2000,4322,0,78342360.000,0,-,-,-,-,2743.2000,2743.0000,2742.8000,2742.4000,2741.2000,2744.6000,2744.8000,2746.0000,2746.4000,2748.0000,3,2,1,2,1,2,1,1,2,1
SF,IH2012,2020-06-05 09:37:23.600,2744.2000,4322,0,78342360.000,0,-,-,-,-,2743.4000,2743.2000,2743.0000,2742.8000,2742.4000,2744.6000,2744.8000,2746.0000,2746.4000,2748.0000,1,3,2,1,2,2,1,1,2,1
SF,IH2012,2020-06-05 09:37:26.100,2744.2000,4322,0,78342360.000,0,-,-,-,-,2743.4000,2743.2000,2743.0000,2742.8000,2742.4000,2744.6000,2744.8000,2746.0000,2746.4000,2748.0000,1,3,2,1,2,2,1,1,2,1
SF,IH2012,2020-06-05 09:37:27.600,2744.2000,4322,0,78342360.000,0,-,-,-,-,2743.8000,2743.2000,2743.0000,2742.8000,2742.4000,2744.6000,2744.8000,2746.0000,2746.4000,2748.0000,1,3,2,1,2,2,1,1,2,1
SF,IH2012,2020-06-05 09:37:28.100,2744.2000,4322,0,78342360.000,0,-,-,-,-,2743.8000,2743.2000,2743.0000,2742.8000,2742.4000,2744.6000,2746.0000,2746.4000,2748.0000,2750.8000,1,3,2,1,2,2,1,2,1,2
SF,IH2012,2020-06-05 09:37:30.100,2744.2000,4322,0,78342360.000,0,-,-,-,-,2743.8000,2743.2000,2743.0000,2742.8000,2742.4000,2744.6000,2746.0000,2746.4000,2748.0000,2750.8000,1,3,1,1,2,2,1,2,1,2
SF,IH2012,2020-06-05 09:37:39.100,2744.2000,4322,0,78342360.000,0,-,-,-,-,2743.8000,2743.2000,2743.0000,2742.8000,2742.4000,2744.6000,2746.0000,2746.4000,2748.0000,2750.8000,1,3,1,1,2,2,1,2,1,2
SF,IH2012,2020-06-05 09:37:39.600,2744.2000,4322,0,78342360.000,0,-,-,-,-,2743.8000,2743.2000,2743.0000,2742.8000,2742.4000,2744.6000,2746.0000,2748.0000,2750.8000,2751.0000,1,3,1,1,2,1,1,1,2,1
SF,IH2012,2020-06-05 09:37:40.100,2744.2000,4322,0,78342360.000,0,-,-,-,-,2743.8000,2743.2000,2743.0000,2742.8000,2742.4000,2745.8000,2746.0000,2748.0000,2750.8000,2751.0000,1,3,1,1,2,1,1,1,2,1
SF,IH2012,2020-06-05 09:37:40.600,2744.2000,4322,0,78342360.000,0,-,-,-,-,2744.0000,2743.8000,2743.2000,2743.0000,2742.8000,2745.6000,2745.8000,2746.0000,2748.0000,2750.8000,1,1,3,1,1,2,1,1,1,2
SF,IH2012,2020-06-05 09:37:46.100,2744.2000,4322,0,78342360.000,0,-,-,-,-,2744.0000,2743.8000,2743.2000,2743.0000,2742.8000,2745.6000,2745.8000,2746.0000,2748.0000,2750.8000,1,1,3,1,1,2,1,1,1,2
SF,IH2012,2020-06-05 09:37:46.600,2744.2000,4322,0,78342360.000,0,-,-,-,-,2743.8000,2743.2000,2743.0000,2742.8000,2742.4000,2745.4000,2745.6000,2745.8000,2746.0000,2748.0000,1,3,1,1,2,1,2,1,1,1
SF,IH2012,2020-06-05 09:37:47.100,2744.2000,4322,0,78342360.000,0,-,-,-,-,2743.8000,2743.2000,2743.0000,2742.8000,2742.4000,2745.6000,2745.8000,2746.0000,2748.0000,2750.8000,1,3,1,1,2,2,1,1,1,2
SF,IH2012,2020-06-05 09:37:50.100,2744.2000,4322,0,78342360.000,0,-,-,-,-,2744.0000,2743.8000,2743.2000,2743.0000,2742.8000,2745.6000,2745.8000,2746.0000,2748.0000,2750.8000,1,1,3,1,1,2,1,1,1,2
SF,IH2012,2020-06-05 09:37:50.600,2744.2000,4322,0,78342360.000,0,-,-,-,-,2744.0000,2743.8000,2743.2000,2743.0000,2742.8000,2745.4000,2745.6000,2745.8000,2746.0000,2748.0000,1,1,3,1,1,2,2,1,1,1
SF,IH2012,2020-06-05 09:37:51.100,2744.2000,4322,0,78342360.000,0,-,-,-,-,2743.8000,2743.2000,2743.0000,2742.8000,2742.4000,2745.2000,2745.4000,2745.6000,2746.0000,2748.0000,1,3,1,1,2,1,2,1,1,1
SF,IH2012,2020-06-05 09:37:56.100,2744.2000,4322,0,78342360.000,0,-,-,-,-,2743.8000,2743.2000,2743.0000,2742.8000,2742.4000,2745.2000,2745.4000,2745.6000,2746.0000,2748.0000,1,3,1,1,2,1,2,1,1,1
SF,IH2012,2020-06-05 09:37:58.100,2744.2000,4322,0,78342360.000,0,-,-,-,-,2743.8000,2743.2000,2743.0000,2742.8000,2742.4000,2745.2000,2745.4000,2745.6000,2746.0000,2748.0000,1,3,2,1,2,1,2,1,1,1
SF,IH2012,2020-06-05 09:37:59.100,2744.2000,4322,0,78342360.000,0,-,-,-,-,2743.8000,2743.2000,2743.0000,2742.8000,2742.4000,2745.2000,2745.4000,2745.6000,2746.0000,2748.0000,2,3,2,1,2,1,2,1,1,1
SF,IH2012,2020-06-05 09:38:05.100,2744.2000,4322,0,78342360.000,0,-,-,-,-,2743.8000,2743.2000,2743.0000,2742.8000,2742.4000,2745.2000,2745.6000,2746.0000,2748.0000,2750.8000,2,3,2,1,2,1,1,1,1,2
SF,IH2012,2020-06-05 09:38:15.100,2744.2000,4322,0,78342360.000,0,-,-,-,-,2744.0000,2743.8000,2743.2000,2743.0000,2742.8000,2745.2000,2745.6000,2746.0000,2748.0000,2750.8000,1,2,3,2,1,1,1,1,1,2
SF,IH2012,2020-06-05 09:38:21.600,2744.2000,4322,0,78342360.000,0,-,-,-,-,2744.2000,2744.0000,2743.8000,2743.2000,2743.0000,2745.2000,2745.6000,2746.0000,2748.0000,2750.8000,1,1,2,3,2,1,1,1,1,2
SF,IH2012,2020-06-05 09:38:22.100,2744.2000,4322,0,78342360.000,0,-,-,-,-,2744.2000,2744.0000,2743.8000,2743.2000,2743.0000,2745.6000,2746.0000,2748.0000,2750.8000,2751.0000,1,1,2,3,2,1,1,1,2,1
SF,IH2012,2020-06-05 09:38:26.600,2744.2000,4322,0,78342360.000,0,-,-,-,-,2745.0000,2744.2000,2744.0000,2743.8000,2743.2000,2745.6000,2746.0000,2748.0000,2750.8000,2751.0000,1,1,1,2,3,1,1,1,2,1
SF,IH2012,2020-06-05 09:38:27.100,2744.2000,4322,0,78342360.000,0,-,-,-,-,2745.0000,2744.2000,2744.0000,2743.8000,2743.2000,2746.0000,2748.0000,2750.8000,2751.0000,2751.4000,1,1,1,2,3,1,1,2,1,1
SF,IH2012,2020-06-05 09:38:40.100,2744.2000,4322,0,78342360.000,0,-,-,-,-,2745.0000,2744.2000,2744.0000,2743.8000,2743.2000,2748.0000,2750.8000,2751.0000,2751.4000,2752.0000,1,1,1,2,3,1,2,1,1,2
SF,IH2012,2020-06-05 09:38:40.600,2744.2000,4322,0,78342360.000,0,-,-,-,-,2745.2000,2745.0000,2744.2000,2744.0000,2743.8000,2747.8000,2748.0000,2750.8000,2751.0000,2751.4000,1,1,1,1,2,2,1,2,1,1
SF,IH2012,2020-06-05 09:38:41.100,2744.2000,4322,0,78342360.000,0,-,-,-,-,2745.2000,2745.0000,2744.2000,2744.0000,2743.8000,2745.8000,2747.4000,2747.8000,2748.0000,2750.8000,1,1,1,1,2,1,1,2,1,2
SF,IH2012,2020-06-05 09:38:41.600,2745.8000,4321,-1,79166100.000,1,0,1,双平,S,2745.0000,2744.2000,2744.0000,2743.8000,2743.2000,2747.8000,2748.0000,2750.8000,2751.0000,2751.4000,1,1,1,2,3,2,1,2,1,1
SF,IH2012,2020-06-05 09:38:42.100,2745.8000,4321,0,79166100.000,0,-,-,-,-,2745.2000,2745.0000,2744.2000,2744.0000,2743.8000,2747.6000,2747.8000,2748.0000,2750.8000,2751.0000,1,1,1,1,2,1,2,1,2,1
SF,IH2012,2020-06-05 09:38:42.600,2745.8000,4321,0,79166100.000,0,-,-,-,-,2745.2000,2745.0000,2744.2000,2744.0000,2743.8000,2747.4000,2747.6000,2747.8000,2748.0000,2750.8000,1,1,1,1,2,2,1,1,1,2
SF,IH2012,2020-06-05 09:38:43.100,2745.8000,4321,0,79166100.000,0,-,-,-,-,2745.2000,2745.0000,2744.2000,2744.0000,2743.8000,2747.2000,2747.4000,2747.6000,2748.0000,2750.8000,1,1,1,1,2,1,2,1,1,2
SF,IH2012,2020-06-05 09:38:43.600,2745.8000,4321,0,79166100.000,0,-,-,-,-,2745.2000,2744.2000,2744.0000,2743.8000,2743.2000,2747.0000,2747.2000,2747.4000,2747.6000,2748.0000,1,1,1,2,3,1,1,1,1,1
SF,IH2012,2020-06-05 09:38:44.100,2745.8000,4321,0,79166100.000,0,-,-,-,-,2745.2000,2744.2000,2744.0000,2743.8000,2743.2000,2746.8000,2747.0000,2747.4000,2747.6000,2748.0000,1,1,1,2,3,1,1,1,1,1
SF,IH2012,2020-06-05 09:38:44.600,2745.8000,4321,0,79166100.000,0,-,-,-,-,2745.2000,2744.2000,2744.0000,2743.8000,2743.2000,2746.8000,2747.0000,2748.0000,2750.8000,2751.0000,1,1,1,2,3,1,1,1,2,1
SF,IH2012,2020-06-05 09:38:46.100,2745.8000,4321,0,79166100.000,0,-,-,-,-,2745.2000,2744.2000,2744.0000,2743.8000,2743.2000,2746.8000,2747.0000,2748.0000,2750.8000,2751.0000,1,1,1,2,3,1,1,1,2,1
SF,IH2012,2020-06-05 09:38:48.600,2745.8000,4321,0,79166100.000,0,-,-,-,-,2746.0000,2745.2000,2744.2000,2744.0000,2743.8000,2746.8000,2747.0000,2748.0000,2750.8000,2751.0000,1,1,1,1,2,1,1,1,2,1
SF,IH2012,2020-06-05 09:38:49.100,2745.8000,4321,0,79166100.000,0,-,-,-,-,2746.0000,2745.2000,2744.2000,2744.0000,2743.8000,2746.8000,2748.0000,2750.8000,2751.0000,2751.4000,1,1,1,1,2,1,1,2,1,1
SF,IH2012,2020-06-05 09:38:52.600,2745.8000,4321,0,79166100.000,0,-,-,-,-,2746.0000,2745.2000,2744.2000,2744.0000,2743.8000,2746.8000,2748.0000,2750.8000,2751.0000,2751.4000,1,1,1,1,1,1,1,2,1,1
SF,IH2012,2020-06-05 09:38:53.100,2745.8000,4321,0,79166100.000,0,-,-,-,-,2746.0000,2745.2000,2744.2000,2744.0000,2743.8000,2748.0000,2750.8000,2751.0000,2751.4000,2752.0000,2,1,1,1,1,1,2,1,1,2
SF,IH2012,2020-06-05 09:38:53.600,2745.8000,4321,0,79166100.000,0,-,-,-,-,2746.0000,2745.2000,2744.2000,2743.8000,2743.2000,2747.8000,2748.0000,2750.8000,2751.0000,2751.4000,2,1,1,1,3,4,1,2,1,1
SF,IH2012,2020-06-05 09:38:54.100,2745.8000,4321,0,79166100.000,0,-,-,-,-,2746.0000,2745.2000,2744.2000,2743.8000,2743.2000,2747.8000,2748.0000,2750.8000,2751.0000,2751.4000,2,1,1,1,3,4,1,2,1,1
SF,IH2012,2020-06-05 09:38:56.100,2745.8000,4321,0,79166100.000,0,-,-,-,-,2746.0000,2745.2000,2744.2000,2743.8000,2743.2000,2747.8000,2748.0000,2750.8000,2751.0000,2751.4000,1,1,1,1,3,4,1,2,1,1
SF,IH2012,2020-06-05 09:38:56.600,2745.8000,4321,0,79166100.000,0,-,-,-,-,2746.0000,2745.2000,2744.2000,2743.8000,2743.2000,2747.8000,2748.0000,2750.8000,2751.0000,2751.4000,1,1,1,1,3,4,1,2,1,1
SF,IH2012,2020-06-05 09:38:57.600,2745.8000,4321,0,79166100.000,0,-,-,-,-,2746.0000,2745.2000,2744.2000,2743.8000,2743.2000,2747.8000,2748.0000,2750.8000,2751.0000,2751.4000,1,1,1,1,3,4,1,2,1,1
SF,IH2012,2020-06-05 09:38:58.100,2745.8000,4321,0,79166100.000,0,-,-,-,-,2746.0000,2745.2000,2744.2000,2743.8000,2743.2000,2747.8000,2748.0000,2750.8000,2751.0000,2751.4000,1,1,1,1,3,4,1,2,1,1
SF,IH2012,2020-06-05 09:39:04.100,2745.8000,4321,0,79166100.000,0,-,-,-,-,2746.0000,2745.2000,2744.2000,2743.8000,2743.2000,2747.8000,2748.0000,2750.8000,2751.0000,2751.4000,1,3,1,1,3,2,1,2,1,1
SF,IH2012,2020-06-05 09:39:08.100,2747.8000,4320,-1,79990440.000,1,0,1,双平,S,2746.0000,2745.2000,2744.2000,2743.8000,2743.2000,2747.8000,2748.0000,2750.8000,2751.0000,2751.4000,1,3,1,1,3,1,1,2,1,1
SF,IH2012,2020-06-05 09:39:08.600,2747.8000,4320,0,79990440.000,0,-,-,-,-,2746.2000,2746.0000,2745.2000,2744.2000,2743.8000,2747.8000,2748.0000,2750.8000,2751.0000,2751.4000,1,1,2,1,1,1,1,2,1,1
SF,IH2012,2020-06-05 09:39:09.600,2747.8000,4320,0,79990440.000,0,-,-,-,-,2746.4000,2746.2000,2746.0000,2745.2000,2743.8000,2747.8000,2748.0000,2750.8000,2751.0000,2751.4000,1,1,1,2,1,1,1,2,1,1
SF,IH2012,2020-06-05 09:39:10.100,2747.8000,4320,0,79990440.000,0,-,-,-,-,2746.4000,2746.2000,2746.0000,2745.2000,2743.8000,2747.6000,2747.8000,2748.0000,2750.8000,2751.0000,1,2,1,2,1,1,1,1,2,1
SF,IH2012,2020-06-05 09:39:10.600,2747.8000,4320,0,79990440.000,0,-,-,-,-,2746.4000,2746.2000,2746.0000,2745.2000,2743.8000,2747.8000,2748.0000,2750.8000,2751.0000,2751.4000,1,2,1,2,1,1,1,2,1,1
SF,IH2012,2020-06-05 09:39:13.100,2746.4000,4319,-1,80814360.000,1,0,1,双平,S,2746.2000,2746.0000,2745.2000,2743.8000,2743.2000,2747.8000,2748.0000,2750.8000,2751.0000,2751.4000,2,1,2,1,3,1,1,2,1,1
SF,IH2012,2020-06-05 09:39:13.600,2746.4000,4319,0,80814360.000,0,-,-,-,-,2746.2000,2746.0000,2745.2000,2743.8000,2743.2000,2747.6000,2747.8000,2748.0000,2750.8000,2751.0000,1,1,2,1,3,3,1,1,2,1
SF,IH2012,2020-06-05 09:39:14.100,2746.4000,4319,0,80814360.000,0,-,-,-,-,2746.2000,2746.0000,2745.2000,2743.8000,2743.2000,2747.6000,2747.8000,2748.0000,2750.8000,2751.0000,1,1,2,1,3,3,1,1,2,1
SF,IH2012,2020-06-05 09:39:14.600,2746.4000,4319,0,80814360.000,0,-,-,-,-,2746.2000,2746.0000,2745.2000,2743.8000,2743.2000,2747.6000,2747.8000,2748.0000,2750.8000,2751.0000,1,1,2,1,3,3,1,1,2,1
SF,IH2012,2020-06-05 09:39:15.100,2746.4000,4319,0,80814360.000,0,-,-,-,-,2746.2000,2746.0000,2745.2000,2743.8000,2743.2000,2747.6000,2747.8000,2748.0000,2750.8000,2751.0000,1,1,2,1,3,1,1,1,2,1
SF,IH2012,2020-06-05 09:39:15.600,2746.4000,4319,0,80814360.000,0,-,-,-,-,2746.0000,2745.2000,2743.8000,2743.2000,2743.0000,2747.6000,2747.8000,2748.0000,2750.8000,2751.0000,1,2,1,3,2,1,1,1,2,1
SF,IH2012,2020-06-05 09:39:16.100,2746.4000,4319,0,80814360.000,0,-,-,-,-,2746.0000,2745.2000,2743.8000,2743.2000,2743.0000,2747.4000,2747.6000,2747.8000,2748.0000,2750.8000,1,2,1,3,2,2,1,1,1,2
SF,IH2012,2020-06-05 09:39:23.100,2746.0000,4319,0,81638160.000,1,0,1,多换,S,2745.2000,2743.8000,2743.2000,2743.0000,2742.0000,2747.4000,2747.6000,2747.8000,2748.0000,2750.8000,2,1,3,2,1,2,1,1,1,2
SF,IH2012,2020-06-05 09:39:23.600,2746.0000,4319,0,81638160.000,0,-,-,-,-,2745.4000,2745.2000,2743.8000,2743.2000,2743.0000,2747.2000,2748.0000,2750.8000,2751.0000,2751.4000,1,2,1,3,2,2,1,2,1,1
SF,IH2012,2020-06-05 09:39:24.100,2745.2000,4316,-3,84108900.000,3,0,3,双平,S,2743.8000,2743.2000,2743.0000,2742.0000,2741.6000,2747.0000,2747.2000,2748.0000,2750.8000,2751.0000,1,3,2,1,2,2,2,1,2,1
SF,IH2012,2020-06-05 09:39:24.600,2745.2000,4316,0,84108900.000,0,-,-,-,-,2744.0000,2743.8000,2743.2000,2743.0000,2742.0000,2746.8000,2748.0000,2750.8000,2751.0000,2751.4000,1,1,3,2,1,2,1,2,1,1
SF,IH2012,2020-06-05 09:39:25.100,2745.2000,4316,0,84108900.000,0,-,-,-,-,2744.2000,2744.0000,2743.8000,2743.2000,2743.0000,2746.8000,2748.0000,2750.8000,2751.0000,2751.4000,1,1,1,3,2,2,1,2,1,1
SF,IH2012,2020-06-05 09:39:25.600,2745.2000,4316,0,84108900.000,0,-,-,-,-,2744.4000,2744.2000,2743.8000,2743.2000,2743.0000,2746.8000,2748.0000,2750.8000,2751.0000,2751.4000,1,1,1,3,2,2,1,2,1,1
SF,IH2012,2020-06-05 09:39:26.600,2745.2000,4316,0,84108900.000,0,-,-,-,-,2744.6000,2744.4000,2744.2000,2743.8000,2743.2000,2746.8000,2748.0000,2750.8000,2751.0000,2751.4000,1,1,1,1,3,2,1,2,1,1
SF,IH2012,2020-06-05 09:39:27.100,2745.2000,4316,0,84108900.000,0,-,-,-,-,2744.8000,2744.6000,2744.2000,2743.8000,2743.2000,2746.8000,2748.0000,2750.8000,2751.0000,2751.4000,1,1,1,1,3,2,1,2,1,1
SF,IH2012,2020-06-05 09:39:28.100,2745.2000,4316,0,84108900.000,0,-,-,-,-,2744.8000,2744.6000,2744.2000,2743.8000,2743.2000,2746.6000,2746.8000,2748.0000,2750.8000,2751.0000,1,1,1,1,3,1,2,1,2,1
SF,IH2012,2020-06-05 09:39:28.600,2745.2000,4316,0,84108900.000,0,-,-,-,-,2744.8000,2744.6000,2744.2000,2743.8000,2743.2000,2746.4000,2746.6000,2748.0000,2750.8000,2751.0000,1,1,1,1,3,2,1,1,2,1
SF,IH2012,2020-06-05 09:39:29.100,2745.2000,4316,0,84108900.000,0,-,-,-,-,2744.8000,2744.6000,2744.2000,2743.8000,2743.2000,2746.4000,2748.0000,2750.8000,2751.0000,2751.4000,1,1,1,1,3,2,1,2,1,1
SF,IH2012,2020-06-05 09:39:32.600,2745.2000,4316,0,84108900.000,0,-,-,-,-,2744.8000,2744.6000,2744.2000,2743.8000,2743.2000,2746.2000,2746.4000,2748.0000,2750.8000,2751.0000,1,1,1,1,3,2,2,1,2,1
SF,IH2012,2020-06-05 09:39:33.600,2745.2000,4316,0,84108900.000,0,-,-,-,-,2744.8000,2744.6000,2744.2000,2743.8000,2743.0000,2746.2000,2746.4000,2748.0000,2750.8000,2751.0000,1,1,1,1,2,2,2,1,2,1
SF,IH2012,2020-06-05 09:39:34.100,2745.2000,4316,0,84108900.000,0,-,-,-,-,2744.8000,2744.6000,2743.8000,2743.0000,2742.0000,2746.2000,2746.4000,2748.0000,2750.8000,2751.0000,1,1,1,2,1,2,2,1,2,1
SF,IH2012,2020-06-05 09:39:34.600,2745.2000,4316,0,84108900.000,0,-,-,-,-,2743.8000,2743.0000,2742.0000,2741.6000,2741.2000,2746.0000,2746.2000,2746.4000,2748.0000,2750.8000,1,2,1,2,1,1,2,1,1,2
SF,IH2012,2020-06-05 09:39:35.100,2745.2000,4316,0,84108900.000,0,-,-,-,-,2743.8000,2743.0000,2742.0000,2741.6000,2741.2000,2745.8000,2746.0000,2748.0000,2750.8000,2751.0000,1,2,1,2,1,1,1,1,2,1
SF,IH2012,2020-06-05 09:39:35.600,2745.2000,4316,0,84108900.000,0,-,-,-,-,2744.0000,2743.8000,2743.0000,2742.0000,2741.6000,2745.6000,2745.8000,2746.2000,2748.0000,2750.8000,1,1,2,1,2,1,1,10,1,2
