市场代码,合约代码,时间,最新,持仓,增仓,成交额,成交量,开仓,平仓,成交类型,方向,买一价,买二价,买三价,买四价,买五价,卖一价,卖二价,卖三价,卖四价,卖五价,买一量,买二量,买三量,买四量,买五量,卖一量,卖二量,卖三量,卖四量,卖五量
SF,IH2003,2020-02-06 09:29:00.100,2802.8000,24954,0,5885880.000,7.000,-,-,-,-,2802.6000,2800.4000,2800.0000,2795.2000,2795.0000,2805.0000,2806.0000,2806.2000,2806.8000,2807.0000,1,3,5,1,5,2,1,1,10,1
SF,IH2003,2020-02-06 09:30:00.100,2805.6000,24953,-1,21880980.000,19,9,10,多平,S,2805.6000,2805.4000,2805.2000,2805.0000,2804.0000,2806.8000,2807.0000,2808.0000,2809.0000,2809.8000,1,2,6,9,1,3,1,3,1,11
SF,IH2003,2020-02-06 09:30:00.600,2805.8000,24942,-11,37038420.000,18,3,15,多平,S,2805.8000,2805.4000,2805.0000,2804.0000,2803.0000,2809.0000,2809.8000,2810.0000,2811.0000,2812.0000,7,1,20,1,1,1,11,5,2,1
SF,IH2003,2020-02-06 09:30:01.100,2806.4000,24942,0,39564180.000,3,1,2,多换,S,2806.4000,2806.0000,2805.8000,2805.6000,2805.4000,2808.0000,2808.8000,2809.0000,2809.8000,2810.0000,1,2,7,1,1,3,2,1,11,5
SF,IH2003,2020-02-06 09:30:01.600,2807.4000,24939,-3,43774380.000,5,1,4,多平,S,2806.6000,2806.4000,2806.0000,2805.8000,2805.6000,2807.8000,2808.0000,2808.4000,2808.8000,2809.0000,2,3,1,3,1,1,3,1,1,1
SF,IH2003,2020-02-06 09:30:02.100,2805.8000,24936,-3,47141820.000,4,0,4,多平,S,2805.6000,2805.4000,2805.0000,2803.0000,2802.8000,2805.8000,2807.8000,2808.0000,2808.4000,2809.8000,2,1,19,1,2,1,5,8,1,11
SF,IH2003,2020-02-06 09:30:02.600,2807.0000,24934,-2,49667700.000,3,0,3,多平,S,2805.6000,2805.4000,2805.0000,2804.0000,2803.0000,2807.0000,2807.8000,2808.0000,2808.4000,2809.8000,2,1,19,1,1,2,4,8,1,11
SF,IH2003,2020-02-06 09:30:03.100,2805.8000,24932,-2,51351180.000,2,0,2,双平,S,2805.8000,2805.6000,2805.0000,2804.0000,2803.0000,2807.0000,2807.8000,2808.0000,2808.4000,2809.8000,6,5,15,1,1,4,3,12,1,11
SF,IH2003,2020-02-06 09:30:03.600,2806.6000,24931,-1,53034900.000,2,0,2,多平,S,2805.8000,2805.6000,2805.0000,2804.0000,2803.0000,2807.0000,2807.8000,2808.0000,2808.4000,2809.8000,6,2,15,1,2,4,3,9,1,11
SF,IH2003,2020-02-06 09:30:04.100,2807.0000,24932,1,57244620.000,5,3,2,空开,S,2805.8000,2805.6000,2805.0000,2804.0000,2803.0000,2806.8000,2807.0000,2807.8000,2808.0000,2808.4000,1,2,15,1,2,1,2,3,6,1
SF,IH2003,2020-02-06 09:30:04.600,2805.6000,24930,-2,61453500.000,5,1,4,多平,S,2805.0000,2804.0000,2803.0000,2802.6000,2800.6000,2805.2000,2805.6000,2806.8000,2807.0000,2807.8000,15,1,2,4,5,1,7,6,4,3
SF,IH2003,2020-02-06 09:30:05.100,2805.0000,24927,-3,69869280.000,10,3,7,多平,S,2805.0000,2804.0000,2803.0000,2802.6000,2800.6000,2805.2000,2805.6000,2806.8000,2807.0000,2807.8000,14,1,2,4,5,2,5,3,1,3
SF,IH2003,2020-02-06 09:30:05.600,2805.2000,24928,1,71552400.000,2,1,1,空开,S,2805.2000,2805.0000,2804.0000,2803.0000,2802.6000,2805.6000,2807.8000,2808.0000,2809.8000,2810.0000,3,14,1,2,4,6,3,5,11,6
SF,IH2003,2020-02-06 09:30:06.100,2805.2000,24927,-1,73235520.000,2,0,2,多平,S,2805.0000,2804.0000,2803.0000,2802.6000,2800.6000,2805.2000,2805.6000,2805.8000,2807.0000,2807.8000,14,1,2,4,5,1,10,1,1,3
SF,IH2003,2020-02-06 09:30:06.600,2805.0000,24925,-2,77443080.000,5,1,4,多平,S,2805.0000,2804.0000,2803.0000,2802.6000,2800.6000,2805.2000,2805.6000,2805.8000,2807.0000,2807.8000,10,1,2,4,5,5,6,1,1,3
SF,IH2003,2020-02-06 09:30:07.100,2805.2000,24923,-2,85017240.000,9,3,6,多平,S,2805.2000,2805.0000,2804.0000,2803.0000,2802.6000,2805.6000,2805.8000,2807.0000,2807.8000,2808.0000,6,11,1,2,4,5,1,3,3,5
SF,IH2003,2020-02-06 09:30:07.600,2805.2000,24923,0,85017240.000,0,-,-,-,-,2805.2000,2805.0000,2804.0000,2803.6000,2803.0000,2805.6000,2805.8000,2807.0000,2807.4000,2807.8000,5,11,1,1,2,5,3,3,1,3
SF,IH2003,2020-02-06 09:30:08.100,2805.2000,24922,-1,86700360.000,2,0,2,多平,S,2805.2000,2805.0000,2804.0000,2803.6000,2803.0000,2805.6000,2805.8000,2807.0000,2807.4000,2807.8000,6,11,1,1,2,5,3,3,1,3
SF,IH2003,2020-02-06 09:30:08.600,2805.8000,24919,-3,94275540.000,9,3,6,多平,S,2805.6000,2805.2000,2805.0000,2804.0000,2803.6000,2807.0000,2807.4000,2807.8000,2808.0000,2809.6000,2,6,11,1,1,3,1,3,5,1
SF,IH2003,2020-02-06 09:30:09.100,2805.6000,24917,-2,96800580.000,3,0,3,多平,S,2805.2000,2805.0000,2804.0000,2803.6000,2803.0000,2806.8000,2807.0000,2807.4000,2807.8000,2808.0000,5,11,1,1,2,1,3,1,3,2
SF,IH2003,2020-02-06 09:30:09.600,2805.6000,24917,0,97642260.000,1,0,1,多换,S,2805.4000,2805.2000,2805.0000,2804.0000,2803.6000,2806.8000,2807.0000,2807.4000,2807.8000,2808.0000,1,6,11,1,1,3,3,1,4,2
SF,IH2003,2020-02-06 09:30:10.100,2805.6000,24917,0,97642260.000,0,-,-,-,-,2805.2000,2805.0000,2804.0000,2803.6000,2803.0000,2806.0000,2806.6000,2806.8000,2807.0000,2807.4000,2,11,1,1,1,2,3,3,3,1
SF,IH2003,2020-02-06 09:30:10.600,2805.8000,24914,-3,105216120.000,9,3,6,多平,S,2805.0000,2804.0000,2803.6000,2803.0000,2802.6000,2805.8000,2806.0000,2806.6000,2806.8000,2807.0000,5,1,1,1,4,1,2,6,1,3
SF,IH2003,2020-02-06 09:30:11.100,2805.8000,24914,0,105216120.000,0,-,-,-,-,2805.2000,2805.0000,2804.0000,2803.6000,2803.0000,2805.8000,2806.0000,2806.6000,2806.8000,2807.0000,2,4,1,1,1,1,1,4,1,3
SF,IH2003,2020-02-06 09:30:11.600,2805.0000,24913,-1,108582240.000,4,1,3,多平,S,2805.0000,2804.0000,2803.6000,2803.0000,2802.6000,2805.2000,2805.6000,2805.8000,2806.0000,2806.6000,2,1,1,1,3,1,2,2,1,4
SF,IH2003,2020-02-06 09:30:12.100,2805.0000,24911,-2,111948240.000,4,1,3,多平,S,2804.0000,2803.6000,2802.6000,2800.0000,2796.8000,2805.0000,2805.2000,2805.6000,2805.8000,2806.0000,1,1,3,7,5,1,2,1,2,1
SF,IH2003,2020-02-06 09:30:12.600,2804.0000,24911,0,114472140.000,3,1,2,多换,S,2803.6000,2802.6000,2800.0000,2796.8000,2796.2000,2804.0000,2805.0000,2805.2000,2805.6000,2805.8000,1,3,7,5,1,1,2,1,1,1
SF,IH2003,2020-02-06 09:30:13.100,2803.6000,24911,0,115313220.000,1,0,1,多换,S,2802.6000,2800.0000,2796.8000,2796.2000,2795.0000,2804.0000,2804.6000,2805.0000,2805.2000,2805.6000,3,7,5,1,5,1,2,2,2,1
SF,IH2003,2020-02-06 09:30:13.600,2803.6000,24911,0,116154300.000,1,0,1,多换,S,2802.6000,2800.0000,2796.8000,2796.2000,2795.0000,2804.0000,2804.6000,2805.0000,2805.2000,2805.6000,3,7,5,1,5,2,2,1,2,1
SF,IH2003,2020-02-06 09:30:14.100,2802.6000,24911,0,116995080.000,1,0,1,多换,S,2803.6000,2802.6000,2800.0000,2796.8000,2796.2000,2803.8000,2804.0000,2804.6000,2805.0000,2805.2000,1,5,7,5,1,3,2,2,1,3
SF,IH2003,2020-02-06 09:30:14.600,2802.6000,24908,-3,119517720.000,3,0,3,双平,S,2800.0000,2796.8000,2796.2000,2795.0000,2793.8000,2803.4000,2803.8000,2804.0000,2804.2000,2805.0000,7,5,1,5,5,1,6,2,1,1
SF,IH2003,2020-02-06 09:30:15.100,2803.2000,24909,1,121199460.000,2,1,1,空开,S,2800.6000,2800.2000,2800.0000,2796.8000,2796.2000,2802.8000,2803.2000,2803.4000,2803.6000,2803.8000,1,2,11,5,1,1,4,1,1,6
SF,IH2003,2020-02-06 09:30:15.600,2803.2000,24909,0,121199460.000,0,-,-,-,-,2801.8000,2801.4000,2801.2000,2800.8000,2800.6000,2802.6000,2802.8000,2803.2000,2803.6000,2804.0000,3,1,1,3,2,3,2,7,3,6
SF,IH2003,2020-02-06 09:30:16.100,2801.8000,24908,-1,122040000.000,1,0,1,双平,S,2801.8000,2801.4000,2801.2000,2800.8000,2800.6000,2802.4000,2802.6000,2802.8000,2803.2000,2803.6000,2,1,1,1,2,1,2,1,6,3
SF,IH2003,2020-02-06 09:30:16.600,2802.4000,24908,0,122880720.000,1,0,1,多换,S,2800.8000,2800.6000,2800.2000,2800.0000,2796.8000,2802.6000,2802.8000,2803.2000,2803.6000,2804.0000,1,1,1,11,5,2,3,6,3,3
SF,IH2003,2020-02-06 09:30:17.100,2802.4000,24908,0,122880720.000,0,-,-,-,-,2801.0000,2800.8000,2800.6000,2800.2000,2800.0000,2802.4000,2802.6000,2802.8000,2803.6000,2804.0000,7,2,1,1,11,1,2,3,3,3
SF,IH2003,2020-02-06 09:30:17.600,2801.2000,24908,0,124561440.000,2,1,1,多换,S,2801.2000,2801.0000,2800.8000,2800.6000,2800.2000,2802.4000,2802.6000,2802.8000,2803.6000,2804.0000,6,7,1,1,1,1,2,1,3,3
SF,IH2003,2020-02-06 09:30:18.100,2802.4000,24907,-1,127924200.000,4,1,3,多平,S,2801.2000,2801.0000,2800.6000,2800.2000,2800.0000,2802.6000,2802.8000,2803.6000,2804.0000,2804.2000,6,5,1,1,11,2,1,2,3,1
SF,IH2003,2020-02-06 09:30:18.600,2801.2000,24906,-1,129604980.000,2,0,2,多平,S,2801.2000,2801.0000,2800.6000,2800.2000,2800.0000,2801.8000,2802.6000,2802.8000,2803.0000,2803.6000,8,5,1,1,11,1,3,1,2,2
SF,IH2003,2020-02-06 09:30:19.100,2801.8000,24907,1,131286060.000,2,1,1,空开,S,2802.2000,2801.8000,2801.2000,2800.6000,2800.2000,2802.6000,2802.8000,2803.0000,2803.6000,2804.0000,1,1,10,1,1,3,4,2,2,3
SF,IH2003,2020-02-06 09:30:19.600,2802.4000,24907,0,133807980.000,3,1,2,多换,S,2800.6000,2800.2000,2800.0000,2796.8000,2796.2000,2802.4000,2802.6000,2802.8000,2803.0000,2803.6000,1,2,11,5,1,1,3,4,2,2
SF,IH2003,2020-02-06 09:30:20.100,2802.4000,24907,0,133807980.000,0,-,-,-,-,2800.8000,2800.6000,2800.2000,2800.0000,2796.8000,2801.2000,2802.2000,2802.6000,2802.8000,2803.6000,6,1,2,11,5,1,3,2,5,2
SF,IH2003,2020-02-06 09:30:20.600,2802.2000,24903,-4,139690980.000,7,1,6,多平,S,2800.8000,2800.2000,2800.0000,2796.8000,2796.2000,2802.6000,2802.8000,2803.2000,2803.6000,2804.0000,6,1,8,5,1,2,5,2,2,3
SF,IH2003,2020-02-06 09:30:21.100,2800.2000,24903,0,141371340.000,2,1,1,多换,S,2800.0000,2796.8000,2796.2000,2795.0000,2793.8000,2802.4000,2802.6000,2802.8000,2803.2000,2803.6000,8,5,1,5,5,2,3,1,2,2
SF,IH2003,2020-02-06 09:30:21.600,2800.2000,24903,0,141371340.000,0,-,-,-,-,2800.4000,2800.2000,2800.0000,2796.8000,2796.2000,2800.8000,2802.4000,2802.6000,2802.8000,2803.6000,5,6,8,5,1,2,1,2,4,2
SF,IH2003,2020-02-06 09:30:22.100,2800.8000,24901,-2,143892060.000,3,0,3,多平,S,2801.0000,2800.8000,2800.6000,2800.2000,2800.0000,2802.4000,2802.6000,2802.8000,2803.6000,2804.0000,4,1,3,4,4,1,2,1,2,3
SF,IH2003,2020-02-06 09:30:22.600,2800.0000,24901,0,144732060.000,1,0,1,多换,S,2800.0000,2796.8000,2796.2000,2795.0000,2793.8000,2802.2000,2802.4000,2802.6000,2802.8000,2803.6000,4,5,1,5,5,2,2,1,1,2
SF,IH2003,2020-02-06 09:30:23.100,2800.0000,24900,-1,146412060.000,2,0,2,多平,S,2800.8000,2800.0000,2796.8000,2796.2000,2795.0000,2802.0000,2802.2000,2802.4000,2802.6000,2802.8000,1,2,5,1,5,2,1,1,1,1
SF,IH2003,2020-02-06 09:30:23.600,2800.0000,24900,0,146412060.000,0,-,-,-,-,2800.8000,2800.4000,2800.0000,2796.8000,2796.2000,2801.8000,2802.4000,2802.6000,2802.8000,2803.2000,1,6,3,5,1,2,1,1,1,3
SF,IH2003,2020-02-06 09:30:24.100,2800.8000,24899,-1,147252300.000,1,0,1,双平,S,2800.0000,2796.2000,2795.0000,2793.8000,2793.0000,2800.8000,2801.8000,2802.6000,2802.8000,2803.2000,2,1,5,5,7,1,2,1,1,3
SF,IH2003,2020-02-06 09:30:24.600,2800.8000,24899,0,147252300.000,0,-,-,-,-,2800.0000,2796.2000,2795.0000,2793.8000,2793.0000,2800.8000,2801.4000,2801.8000,2802.6000,2802.8000,3,1,5,5,7,7,1,1,1,1
SF,IH2003,2020-02-06 09:30:25.100,2800.0000,24899,0,148092300.000,1,0,1,多换,S,2800.0000,2796.2000,2795.0000,2793.8000,2793.0000,2800.8000,2802.6000,2802.8000,2803.0000,2803.6000,2,1,5,5,7,8,1,1,1,2
SF,IH2003,2020-02-06 09:30:25.600,2800.6000,24898,-1,148932480.000,1,0,1,双平,S,2800.0000,2796.2000,2795.0000,2793.8000,2793.0000,2800.8000,2802.6000,2802.8000,2803.0000,2803.6000,1,1,5,5,7,8,1,1,1,2
SF,IH2003,2020-02-06 09:30:26.100,2800.0000,24898,0,150612480.000,2,1,1,多换,S,2796.2000,2795.0000,2793.8000,2793.0000,2792.8000,2800.8000,2802.6000,2803.0000,2803.6000,2803.8000,1,5,5,7,1,8,1,1,2,2
SF,IH2003,2020-02-06 09:30:26.600,2800.0000,24898,0,151452480.000,1,0,1,多换,S,2800.4000,2800.2000,2800.0000,2799.8000,2798.8000,2800.6000,2800.8000,2802.0000,2802.6000,2803.0000,5,1,3,3,1,3,8,1,1,1
SF,IH2003,2020-02-06 09:30:27.100,2800.8000,24895,-3,157333440.000,7,2,5,多平,S,2797.2000,2796.8000,2796.4000,2796.2000,2795.0000,2800.4000,2800.8000,2802.0000,2802.6000,2803.0000,1,1,7,2,2,3,7,1,1,1
SF,IH2003,2020-02-06 09:30:27.600,2799.0000,24895,0,158173140.000,1,0,1,多换,S,2797.4000,2797.2000,2796.8000,2796.4000,2796.2000,2800.2000,2800.4000,2800.8000,2802.0000,2802.6000,4,5,1,2,2,4,3,7,1,1
SF,IH2003,2020-02-06 09:30:28.100,2800.2000,24894,-1,159853260.000,2,0,2,多平,S,2800.2000,2799.8000,2799.6000,2799.2000,2799.0000,2800.4000,2800.8000,2802.0000,2802.6000,2803.0000,1,3,3,1,1,3,7,1,1,1
SF,IH2003,2020-02-06 09:30:28.600,2800.4000,24894,0,162373080.000,3,1,2,多换,S,2798.8000,2798.4000,2797.6000,2797.4000,2797.2000,2800.8000,2802.0000,2802.6000,2803.0000,2803.6000,1,1,2,4,5,7,1,1,1,2
SF,IH2003,2020-02-06 09:30:29.100,2800.4000,24894,0,162373080.000,0,-,-,-,-,2799.2000,2799.0000,2798.8000,2798.4000,2797.4000,2800.6000,2800.8000,2802.0000,2802.6000,2803.0000,1,4,1,1,4,5,8,1,1,1
SF,IH2003,2020-02-06 09:30:29.600,2800.4000,24894,0,162373080.000,0,-,-,-,-,2799.4000,2799.2000,2799.0000,2798.8000,2798.4000,2800.6000,2800.8000,2802.0000,2802.6000,2803.0000,1,1,6,1,1,3,8,1,1,1
SF,IH2003,2020-02-06 09:30:30.100,2800.4000,24894,0,163213200.000,1,0,1,多换,S,2799.6000,2799.4000,2799.2000,2799.0000,2798.8000,2800.6000,2800.8000,2802.0000,2802.6000,2803.0000,1,1,4,3,1,3,8,1,1,1
SF,IH2003,2020-02-06 09:30:30.600,2800.4000,24894,0,163213200.000,0,-,-,-,-,2799.8000,2799.6000,2799.4000,2799.2000,2799.0000,2800.4000,2800.6000,2800.8000,2802.0000,2803.0000,1,1,1,4,3,1,2,8,1,1
SF,IH2003,2020-02-06 09:30:31.100,2800.4000,24893,-1,164893320.000,2,0,2,多平,S,2799.6000,2799.4000,2799.2000,2799.0000,2798.8000,2799.8000,2800.8000,2801.4000,2801.6000,2802.0000,1,1,1,3,1,1,8,1,1,1
SF,IH2003,2020-02-06 09:30:31.600,2799.8000,24892,-1,167413140.000,3,1,2,多平,S,2800.4000,2800.0000,2799.8000,2799.6000,2799.4000,2800.8000,2801.4000,2802.0000,2803.0000,2803.6000,1,1,2,1,1,8,1,1,1,2
SF,IH2003,2020-02-06 09:30:32.100,2800.8000,24890,-2,169093560.000,2,0,2,双平,S,2800.4000,2800.0000,2799.8000,2799.4000,2799.0000,2800.8000,2801.4000,2802.0000,2803.0000,2803.6000,1,1,2,1,2,7,1,1,1,2
SF,IH2003,2020-02-06 09:30:32.600,2800.4000,24885,-5,175815360.000,8,1,7,多平,S,2800.0000,2799.8000,2799.4000,2799.0000,2798.8000,2800.4000,2801.4000,2802.0000,2803.0000,2803.6000,1,2,1,2,1,1,1,1,1,2
SF,IH2003,2020-02-06 09:30:33.100,2800.4000,24883,-2,177495600.000,2,0,2,双平,S,2800.4000,2800.2000,2800.0000,2799.8000,2799.4000,2802.0000,2803.0000,2803.6000,2804.0000,2805.0000,4,1,3,2,1,1,1,2,3,1
SF,IH2003,2020-02-06 09:30:33.600,2800.4000,24883,0,178335720.000,1,0,1,多换,S,2800.0000,2799.8000,2799.4000,2799.0000,2798.8000,2800.6000,2802.0000,2802.8000,2803.0000,2803.6000,2,2,1,2,1,1,1,1,1,2
SF,IH2003,2020-02-06 09:30:34.100,2800.6000,24882,-1,180016080.000,2,0,2,多平,S,2800.6000,2800.2000,2800.0000,2799.8000,2799.4000,2802.0000,2802.8000,2803.0000,2803.6000,2804.0000,1,2,2,2,1,1,1,1,2,3
SF,IH2003,2020-02-06 09:30:34.600,2800.6000,24882,0,180016080.000,0,-,-,-,-,2800.0000,2799.8000,2799.4000,2799.0000,2798.8000,2801.8000,2802.0000,2802.8000,2803.0000,2803.6000,2,2,1,2,2,1,2,2,1,2
SF,IH2003,2020-02-06 09:30:35.100,2800.2000,24883,1,181696320.000,2,1,1,空开,S,2800.2000,2800.0000,2799.8000,2799.4000,2799.0000,2802.0000,2802.6000,2802.8000,2803.0000,2803.4000,3,2,2,1,2,1,2,2,1,1
SF,IH2003,2020-02-06 09:30:35.600,2800.0000,24881,-2,184216380.000,3,0,3,多平,S,2799.8000,2799.4000,2799.0000,2798.8000,2798.4000,2800.0000,2801.4000,2801.8000,2802.0000,2802.6000,2,1,2,2,1,5,1,5,1,2
SF,IH2003,2020-02-06 09:30:36.100,2800.0000,24875,-6,189256380.000,6,0,6,双平,S,2800.0000,2799.8000,2799.4000,2799.0000,2798.8000,2801.8000,2802.0000,2802.6000,2802.8000,2803.0000,3,2,1,2,2,2,1,2,2,1
SF,IH2003,2020-02-06 09:30:36.600,2800.0000,24873,-2,192616320.000,4,1,3,多平,S,2799.8000,2799.4000,2799.0000,2798.8000,2798.4000,2800.0000,2801.6000,2801.8000,2802.0000,2802.6000,1,1,2,2,1,8,1,3,2,2
SF,IH2003,2020-02-06 09:30:37.100,2800.0000,24873,0,192616320.000,0,-,-,-,-,2799.8000,2799.4000,2799.0000,2798.8000,2798.4000,2800.0000,2801.6000,2801.8000,2802.0000,2802.8000,1,1,2,2,1,8,1,1,3,2
SF,IH2003,2020-02-06 09:30:37.600,2799.8000,24870,-3,195976260.000,4,0,4,多平,S,2799.4000,2799.0000,2798.8000,2798.4000,2797.6000,2800.0000,2800.8000,2801.6000,2801.8000,2802.0000,1,2,2,1,1,5,1,1,1,3
SF,IH2003,2020-02-06 09:30:38.100,2799.6000,24870,0,196816140.000,1,0,1,多换,S,2799.4000,2799.0000,2798.8000,2798.4000,2797.6000,2799.8000,2800.0000,2800.4000,2800.8000,2802.0000,1,2,2,1,1,1,7,2,1,4
SF,IH2003,2020-02-06 09:30:38.600,2799.6000,24870,0,196816140.000,0,-,-,-,-,2799.0000,2798.8000,2798.4000,2797.6000,2797.4000,2799.8000,2800.0000,2800.4000,2800.8000,2802.0000,1,2,1,1,2,2,7,2,1,4
SF,IH2003,2020-02-06 09:30:39.100,2799.6000,24870,0,196816140.000,0,-,-,-,-,2799.0000,2798.8000,2798.4000,2797.4000,2797.2000,2799.6000,2799.8000,2800.0000,2800.4000,2800.8000,1,2,1,2,4,2,2,7,2,1
SF,IH2003,2020-02-06 09:30:39.600,2799.0000,24870,0,197655840.000,1,0,1,多换,S,2798.8000,2798.4000,2797.4000,2797.2000,2796.8000,2799.6000,2799.8000,2800.0000,2800.4000,2800.8000,2,1,2,4,1,3,2,6,2,1
SF,IH2003,2020-02-06 09:30:40.100,2799.0000,24870,0,197655840.000,0,-,-,-,-,2798.8000,2798.4000,2797.4000,2797.2000,2796.8000,2799.4000,2799.6000,2799.8000,2800.0000,2800.4000,2,1,2,4,1,1,3,1,6,2
SF,IH2003,2020-02-06 09:30:40.600,2799.0000,24868,-2,199335180.000,2,0,2,双平,S,2798.8000,2798.4000,2797.4000,2797.2000,2796.2000,2799.4000,2799.6000,2799.8000,2800.0000,2800.4000,1,1,2,3,1,1,3,1,6,2
SF,IH2003,2020-02-06 09:30:41.100,2799.2000,24866,-2,201014700.000,2,0,2,双平,S,2798.8000,2797.4000,2797.2000,2796.2000,2796.0000,2799.4000,2799.6000,2799.8000,2800.0000,2800.4000,1,2,3,1,2,1,3,1,6,2
SF,IH2003,2020-02-06 09:30:41.600,2799.2000,24864,-2,202694100.000,2,0,2,双平,S,2797.4000,2797.2000,2796.2000,2796.0000,2795.0000,2799.2000,2799.4000,2799.6000,2799.8000,2800.0000,2,3,1,2,2,1,1,3,1,6
SF,IH2003,2020-02-06 09:30:42.100,2799.2000,24864,0,202694100.000,0,-,-,-,-,2798.8000,2798.6000,2798.4000,2798.2000,2798.0000,2799.0000,2799.2000,2799.6000,2799.8000,2800.0000,6,1,2,2,1,1,1,3,2,1
SF,IH2003,2020-02-06 09:30:42.600,2798.8000,24860,-4,208572060.000,7,1,6,多平,S,2799.0000,2798.8000,2798.6000,2798.4000,2798.2000,2799.6000,2799.8000,2800.0000,2800.4000,2800.6000,2,2,2,1,4,3,2,1,2,1
SF,IH2003,2020-02-06 09:30:43.100,2798.8000,24860,0,209411700.000,1,0,1,多换,S,2799.0000,2798.8000,2798.6000,2798.4000,2798.2000,2799.4000,2799.6000,2799.8000,2800.0000,2800.4000,2,2,2,1,4,1,1,1,1,2
SF,IH2003,2020-02-06 09:30:43.600,2799.0000,24859,-1,210251400.000,1,0,1,双平,S,2797.6000,2797.4000,2797.2000,2796.2000,2796.0000,2799.4000,2799.6000,2799.8000,2800.0000,2800.4000,1,3,3,1,2,1,1,1,1,2
SF,IH2003,2020-02-06 09:30:44.100,2799.4000,24858,-1,211091220.000,1,0,1,双平,S,2798.4000,2798.0000,2797.8000,2797.6000,2797.4000,2799.6000,2799.8000,2800.0000,2800.4000,2800.6000,6,1,5,2,3,1,1,1,2,1
SF,IH2003,2020-02-06 09:30:44.600,2799.6000,24857,-1,211931100.000,1,0,1,双平,S,2799.6000,2799.4000,2799.0000,2798.6000,2798.4000,2799.8000,2800.0000,2800.4000,2800.6000,2802.0000,1,2,3,9,6,1,1,2,1,4
SF,IH2003,2020-02-06 09:30:45.100,2799.4000,24854,-3,214450620.000,3,0,3,双平,S,2798.6000,2798.4000,2798.0000,2797.8000,2797.6000,2799.4000,2799.6000,2799.8000,2800.0000,2800.4000,4,1,2,4,1,1,1,1,1,4
SF,IH2003,2020-02-06 09:30:45.600,2799.4000,24854,0,214450620.000,0,-,-,-,-,2799.4000,2798.6000,2798.4000,2798.0000,2797.8000,2799.8000,2800.0000,2800.4000,2800.6000,2802.0000,2,4,1,2,3,1,1,4,1,4
SF,IH2003,2020-02-06 09:30:46.100,2798.6000,24852,-2,216969840.000,3,0,3,多平,S,2798.8000,2798.4000,2798.0000,2797.8000,2797.6000,2799.4000,2799.6000,2799.8000,2800.0000,2800.4000,1,1,2,3,1,1,1,1,1,4
SF,IH2003,2020-02-06 09:30:46.600,2799.6000,24851,-1,218649540.000,2,0,2,多平,S,2798.8000,2798.4000,2798.0000,2797.8000,2797.6000,2799.8000,2800.0000,2800.4000,2800.6000,2802.0000,1,1,2,3,1,1,1,4,1,4
SF,IH2003,2020-02-06 09:30:47.100,2799.6000,24851,0,218649540.000,0,-,-,-,-,2798.8000,2798.4000,2798.0000,2797.8000,2797.6000,2799.8000,2800.0000,2800.4000,2800.6000,2802.0000,1,1,2,3,1,2,1,4,1,4
SF,IH2003,2020-02-06 09:30:47.600,2799.6000,24851,0,218649540.000,0,-,-,-,-,2798.8000,2798.4000,2798.0000,2797.8000,2797.6000,2799.8000,2800.0000,2800.4000,2800.6000,2802.0000,1,1,2,3,1,2,1,4,1,4
SF,IH2003,2020-02-06 09:30:48.100,2799.6000,24849,-2,221168820.000,3,0,3,多平,S,2798.8000,2798.4000,2798.0000,2797.8000,2797.6000,2799.8000,2800.0000,2800.4000,2800.6000,2802.0000,2,1,2,3,1,2,1,4,1,4
SF,IH2003,2020-02-06 09:30:48.600,2799.4000,24846,-3,223688160.000,3,0,3,双平,S,2798.8000,2798.4000,2798.0000,2797.8000,2797.6000,2799.6000,2799.8000,2800.0000,2800.4000,2800.6000,2,1,2,3,1,1,2,2,4,1
SF,IH2003,2020-02-06 09:30:49.100,2799.6000,24846,0,225367680.000,2,1,1,多换,S,2798.8000,2798.4000,2798.0000,2797.8000,2797.6000,2799.6000,2799.8000,2800.0000,2800.4000,2800.6000,1,1,2,3,1,1,1,2,4,1
SF,IH2003,2020-02-06 09:30:49.600,2799.6000,24846,0,225367680.000,0,-,-,-,-,2798.8000,2798.4000,2798.0000,2797.8000,2797.6000,2799.6000,2799.8000,2800.0000,2800.4000,2800.6000,1,1,2,3,1,1,1,2,4,2
SF,IH2003,2020-02-06 09:30:50.100,2799.6000,24846,0,225367680.000,0,-,-,-,-,2798.8000,2798.4000,2798.0000,2797.8000,2797.6000,2799.6000,2799.8000,2800.0000,2800.4000,2800.6000,1,1,2,3,1,1,1,2,4,2
SF,IH2003,2020-02-06 09:30:50.600,2799.6000,24846,0,225367680.000,0,-,-,-,-,2798.8000,2798.4000,2798.0000,2797.8000,2797.6000,2799.6000,2799.8000,2800.0000,2800.4000,2800.6000,1,1,2,3,1,1,1,2,4,2
SF,IH2003,2020-02-06 09:30:51.100,2798.8000,24846,0,226207320.000,1,0,1,多换,S,2798.4000,2798.0000,2797.8000,2797.6000,2797.4000,2798.8000,2799.6000,2799.8000,2800.0000,2800.4000,1,2,3,1,3,1,1,1,2,4
SF,IH2003,2020-02-06 09:30:51.600,2798.8000,24846,0,226207320.000,0,-,-,-,-,2798.4000,2798.0000,2797.8000,2797.6000,2797.4000,2798.8000,2799.6000,2799.8000,2800.0000,2800.4000,1,2,2,1,3,1,1,1,2,4
SF,IH2003,2020-02-06 09:30:52.100,2798.8000,24846,0,227046960.000,1,0,1,多换,S,2798.4000,2798.0000,2797.8000,2797.6000,2797.4000,2799.8000,2800.0000,2800.4000,2800.6000,2801.0000,1,2,2,1,3,1,2,4,2,1
SF,IH2003,2020-02-06 09:30:52.600,2798.8000,24846,0,227046960.000,0,-,-,-,-,2798.0000,2797.6000,2797.4000,2797.2000,2797.0000,2799.6000,2799.8000,2800.0000,2800.4000,2800.6000,1,1,3,3,1,2,2,2,4,2
SF,IH2003,2020-02-06 09:30:53.100,2798.8000,24846,0,227046960.000,0,-,-,-,-,2798.0000,2797.6000,2797.4000,2797.0000,2796.2000,2798.4000,2799.6000,2799.8000,2800.0000,2800.4000,1,1,2,1,1,1,4,1,2,2
SF,IH2003,2020-02-06 09:30:53.600,2798.4000,24845,-1,228726000.000,2,0,2,多平,S,2798.4000,2798.2000,2798.0000,2797.6000,2797.4000,2799.6000,2799.8000,2800.0000,2800.4000,2800.6000,3,1,1,1,2,2,1,4,2,2
SF,IH2003,2020-02-06 09:30:54.100,2798.4000,24845,0,228726000.000,0,-,-,-,-,2798.4000,2798.2000,2798.0000,2797.6000,2797.4000,2799.6000,2799.8000,2800.0000,2800.4000,2800.6000,7,1,1,1,2,2,1,4,1,2
SF,IH2003,2020-02-06 09:30:54.600,2798.4000,24845,0,228726000.000,0,-,-,-,-,2798.6000,2798.4000,2798.2000,2798.0000,2797.6000,2799.6000,2799.8000,2800.0000,2800.4000,2800.6000,2,7,1,1,1,2,1,4,1,2
SF,IH2003,2020-02-06 09:30:55.100,2798.4000,24845,0,228726000.000,0,-,-,-,-,2798.4000,2798.2000,2798.0000,2797.6000,2797.4000,2799.6000,2799.8000,2800.0000,2800.4000,2800.6000,7,2,1,1,1,4,1,4,3,2
SF,IH2003,2020-02-06 09:30:55.600,2799.6000,24846,1,229565880.000,1,1,0,双开,S,2798.6000,2798.4000,2798.2000,2798.0000,2797.6000,2799.6000,2799.8000,2800.0000,2800.4000,2800.6000,1,7,2,1,1,2,1,4,3,2
SF,IH2003,2020-02-06 09:30:56.100,2799.6000,24846,0,230405760.000,1,0,1,多换,S,2799.6000,2798.4000,2798.2000,2798.0000,2797.6000,2799.8000,2800.0000,2800.4000,2800.6000,2801.0000,5,6,2,1,1,1,4,3,2,1
SF,IH2003,2020-02-06 09:30:56.600,2799.8000,24847,1,237124920.000,8,4,4,空开,S,2798.8000,2798.4000,2798.2000,2798.0000,2797.6000,2800.0000,2800.4000,2800.6000,2801.0000,2802.0000,1,6,2,1,1,4,3,2,1,4
SF,IH2003,2020-02-06 09:30:57.100,2798.8000,24847,0,237964560.000,1,0,1,多换,S,2798.4000,2798.2000,2798.0000,2797.6000,2797.4000,2799.4000,2800.0000,2800.4000,2800.6000,2801.0000,6,2,1,1,1,4,4,1,2,1
SF,IH2003,2020-02-06 09:30:57.600,2800.0000,24848,1,242163840.000,5,3,2,空开,S,2799.6000,2799.0000,2798.6000,2798.4000,2798.2000,2800.0000,2800.4000,2800.6000,2801.0000,2802.0000,1,1,2,6,2,3,1,2,1,4
SF,IH2003,2020-02-06 09:30:58.100,2799.6000,24848,0,243003720.000,1,0,1,多换,S,2799.0000,2798.6000,2798.4000,2798.2000,2798.0000,2799.4000,2799.6000,2799.8000,2800.0000,2800.4000,1,2,6,2,1,1,2,5,3,1
SF,IH2003,2020-02-06 09:30:58.600,2799.6000,24848,0,243003720.000,0,-,-,-,-,2798.6000,2798.4000,2798.2000,2798.0000,2797.6000,2799.4000,2799.6000,2799.8000,2800.0000,2800.4000,2,6,2,1,1,1,2,1,3,1
SF,IH2003,2020-02-06 09:30:59.100,2798.8000,24848,0,243843360.000,1,0,1,多换,S,2798.6000,2798.4000,2798.2000,2798.0000,2797.0000,2799.6000,2799.8000,2800.0000,2800.2000,2800.4000,2,6,2,1,1,1,1,3,2,1
SF,IH2003,2020-02-06 09:30:59.600,2798.8000,24848,0,243843360.000,0,-,-,-,-,2799.4000,2798.4000,2798.2000,2798.0000,2797.0000,2799.6000,2799.8000,2800.0000,2800.2000,2800.4000,5,6,2,1,1,1,1,3,2,1
SF,IH2003,2020-02-06 09:31:00.100,2799.4000,24849,1,248042460.000,5,3,2,空开,S,2798.4000,2798.2000,2798.0000,2797.0000,2796.2000,2799.2000,2799.4000,2799.8000,2800.0000,2800.2000,6,2,1,1,1,5,2,1,3,2
SF,IH2003,2020-02-06 09:31:00.600,2799.4000,24849,0,248042460.000,0,-,-,-,-,2798.4000,2798.2000,2798.0000,2797.0000,2796.2000,2798.6000,2799.2000,2799.4000,2799.8000,2800.0000,6,2,1,1,1,1,5,2,1,3
SF,IH2003,2020-02-06 09:31:01.100,2799.2000,24849,0,252241260.000,5,2,3,多换,S,2798.4000,2798.2000,2798.0000,2797.0000,2796.2000,2799.2000,2799.4000,2799.8000,2800.0000,2800.4000,6,2,1,1,1,2,2,1,3,1
SF,IH2003,2020-02-06 09:31:01.600,2798.4000,24848,-1,257278380.000,6,2,4,多平,S,2798.2000,2798.0000,2797.0000,2796.2000,2796.0000,2799.2000,2799.4000,2799.8000,2800.0000,2800.4000,2,1,1,1,2,2,2,1,3,1
SF,IH2003,2020-02-06 09:31:02.100,2798.2000,24848,0,258957300.000,2,1,1,多换,S,2798.0000,2797.0000,2796.2000,2796.0000,2795.2000,2798.2000,2798.4000,2799.0000,2799.2000,2799.4000,1,1,1,2,1,1,1,1,2,2
SF,IH2003,2020-02-06 09:31:02.600,2797.0000,24845,-3,261475260.000,3,0,3,双平,S,2796.2000,2796.0000,2795.2000,2795.0000,2794.0000,2798.0000,2798.4000,2799.0000,2799.2000,2799.4000,1,2,1,2,1,1,1,1,2,2
SF,IH2003,2020-02-06 09:31:03.100,2798.0000,24845,0,262314660.000,1,0,1,多换,S,2797.0000,2796.6000,2796.4000,2796.2000,2796.0000,2798.4000,2798.6000,2799.2000,2799.4000,2799.8000,5,1,5,1,3,1,2,2,1,1
SF,IH2003,2020-02-06 09:31:03.600,2798.0000,24845,0,262314660.000,0,-,-,-,-,2796.4000,2796.2000,2796.0000,2795.2000,2795.0000,2798.2000,2798.4000,2798.6000,2799.2000,2799.4000,2,1,3,1,2,5,4,3,1,1
SF,IH2003,2020-02-06 09:31:04.100,2798.0000,24845,0,262314660.000,0,-,-,-,-,2797.2000,2796.6000,2796.4000,2796.2000,2796.0000,2798.0000,2798.2000,2798.4000,2798.6000,2799.2000,3,1,2,1,3,1,5,7,3,1
SF,IH2003,2020-02-06 09:31:04.600,2797.2000,24844,-1,263153820.000,1,0,1,双平,S,2797.2000,2796.4000,2796.0000,2795.2000,2795.0000,2798.0000,2798.2000,2798.4000,2798.6000,2799.0000,2,1,3,1,2,1,5,8,3,1
SF,IH2003,2020-02-06 09:31:05.100,2797.2000,24844,0,263153820.000,0,-,-,-,-,2796.4000,2796.0000,2795.2000,2795.0000,2794.0000,2797.8000,2798.0000,2798.2000,2798.4000,2798.6000,1,3,1,2,1,5,2,1,7,3
SF,IH2003,2020-02-06 09:31:05.600,2797.2000,24844,0,263153820.000,0,-,-,-,-,2796.4000,2796.0000,2795.2000,2795.0000,2794.0000,2797.8000,2798.0000,2798.2000,2798.4000,2798.6000,3,2,1,2,1,5,2,1,4,3
SF,IH2003,2020-02-06 09:31:06.100,2797.2000,24844,0,263153820.000,0,-,-,-,-,2796.4000,2796.0000,2795.2000,2795.0000,2794.0000,2797.8000,2798.0000,2798.2000,2798.4000,2798.6000,4,2,1,2,1,1,1,1,4,3
SF,IH2003,2020-02-06 09:31:06.600,2797.2000,24844,0,263153820.000,0,-,-,-,-,2796.6000,2796.4000,2796.0000,2795.2000,2795.0000,2798.0000,2798.2000,2798.4000,2798.6000,2799.0000,1,4,2,1,2,1,1,4,3,1
SF,IH2003,2020-02-06 09:31:07.100,2797.2000,24844,0,263153820.000,0,-,-,-,-,2796.8000,2796.6000,2796.4000,2796.0000,2795.2000,2797.8000,2798.0000,2798.2000,2798.4000,2798.6000,2,2,4,2,1,1,1,1,4,1
SF,IH2003,2020-02-06 09:31:07.600,2797.8000,24843,-1,263993160.000,1,0,1,双平,S,2796.8000,2796.4000,2796.0000,2795.2000,2795.0000,2797.8000,2798.2000,2798.4000,2798.6000,2799.0000,1,4,2,1,2,1,1,4,1,1
SF,IH2003,2020-02-06 09:31:08.100,2797.8000,24843,0,264832500.000,1,0,1,多换,S,2797.0000,2796.8000,2796.4000,2796.0000,2795.2000,2797.8000,2798.0000,2798.4000,2798.6000,2799.0000,1,1,4,2,1,1,1,4,1,1
SF,IH2003,2020-02-06 09:31:08.600,2797.8000,24841,-2,267350580.000,3,0,3,多平,S,2797.0000,2796.8000,2796.4000,2796.0000,2795.2000,2798.4000,2798.6000,2799.2000,2799.4000,2800.0000,3,1,4,2,1,4,1,1,1,4
SF,IH2003,2020-02-06 09:31:09.100,2797.8000,24841,0,267350580.000,0,-,-,-,-,2797.2000,2797.0000,2796.8000,2796.4000,2796.0000,2798.2000,2798.4000,2799.2000,2799.4000,2800.0000,3,2,1,4,2,2,3,1,1,4
SF,IH2003,2020-02-06 09:31:09.600,2797.8000,24841,0,268189920.000,1,0,1,多换,S,2797.4000,2797.2000,2797.0000,2796.8000,2796.4000,2798.2000,2798.4000,2799.2000,2799.4000,2800.0000,2,6,1,1,3,2,4,1,1,4
SF,IH2003,2020-02-06 09:31:10.100,2797.8000,24841,0,268189920.000,0,-,-,-,-,2797.8000,2797.4000,2797.2000,2797.0000,2796.4000,2798.2000,2798.4000,2799.2000,2799.4000,2800.0000,1,1,4,1,1,2,5,1,1,4
SF,IH2003,2020-02-06 09:31:10.600,2797.2000,24834,-7,274064580.000,7,0,7,双平,S,2797.0000,2796.4000,2796.0000,2795.2000,2795.0000,2798.4000,2799.2000,2799.4000,2800.0000,2800.4000,1,1,2,1,2,6,1,1,4,1
SF,IH2003,2020-02-06 09:31:11.100,2797.2000,24834,0,274064580.000,0,-,-,-,-,2797.4000,2797.2000,2797.0000,2796.4000,2796.0000,2798.2000,2798.4000,2799.2000,2799.4000,2800.0000,1,2,3,1,2,1,6,1,1,4
SF,IH2003,2020-02-06 09:31:11.600,2798.4000,24833,-1,275743560.000,2,0,2,多平,S,2797.6000,2797.4000,2797.2000,2797.0000,2796.4000,2798.4000,2799.2000,2799.4000,2800.0000,2800.4000,1,1,1,3,1,6,1,1,4,1
SF,IH2003,2020-02-06 09:31:12.100,2798.4000,24833,0,275743560.000,0,-,-,-,-,2798.2000,2797.8000,2797.6000,2797.4000,2797.0000,2798.4000,2799.2000,2799.4000,2800.0000,2801.0000,2,5,4,1,3,6,1,1,5,1
SF,IH2003,2020-02-06 09:31:12.600,2798.4000,24827,-6,280780680.000,6,0,6,双平,S,2798.2000,2798.0000,2797.6000,2797.4000,2797.0000,2799.2000,2799.4000,2800.0000,2801.0000,2802.0000,1,1,2,1,3,1,1,5,1,3
SF,IH2003,2020-02-06 09:31:13.100,2798.4000,24827,0,280780680.000,0,-,-,-,-,2798.2000,2798.0000,2797.6000,2797.4000,2797.0000,2799.2000,2799.4000,2800.0000,2801.0000,2802.0000,1,2,1,1,1,1,1,5,1,3
SF,IH2003,2020-02-06 09:31:13.600,2798.4000,24827,0,280780680.000,0,-,-,-,-,2798.2000,2798.0000,2797.6000,2797.4000,2797.0000,2799.0000,2799.2000,2799.4000,2800.0000,2801.0000,1,1,1,1,1,1,1,1,5,1
SF,IH2003,2020-02-06 09:31:14.100,2799.2000,24825,-2,282460140.000,2,0,2,双平,S,2799.0000,2798.2000,2798.0000,2797.6000,2797.4000,2799.4000,2800.0000,2801.0000,2802.0000,2802.8000,1,1,1,1,1,1,5,1,3,1
SF,IH2003,2020-02-06 09:31:14.600,2799.2000,24825,0,282460140.000,0,-,-,-,-,2799.0000,2798.2000,2798.0000,2797.6000,2797.0000,2799.6000,2800.0000,2801.0000,2802.0000,2802.8000,1,1,1,1,1,1,5,1,3,1
SF,IH2003,2020-02-06 09:31:15.100,2799.6000,24824,-1,283300020.000,1,0,1,双平,S,2799.6000,2799.4000,2799.2000,2799.0000,2798.2000,2799.8000,2800.0000,2801.0000,2802.0000,2802.8000,2,2,1,2,1,1,5,1,3,1
SF,IH2003,2020-02-06 09:31:15.600,2799.8000,24823,-1,284139960.000,1,0,1,双平,S,2799.8000,2799.6000,2799.4000,2799.0000,2798.4000,2800.0000,2801.0000,2802.0000,2802.8000,2803.0000,3,2,2,3,1,6,1,3,1,1
SF,IH2003,2020-02-06 09:31:16.100,2799.4000,24819,-4,288339540.000,5,0,5,多平,S,2799.0000,2798.4000,2798.2000,2798.0000,2797.8000,2800.0000,2801.0000,2802.0000,2802.8000,2803.0000,3,1,1,1,1,5,1,3,1,1
SF,IH2003,2020-02-06 09:31:16.600,2799.4000,24819,0,288339540.000,0,-,-,-,-,2799.2000,2799.0000,2798.4000,2798.2000,2798.0000,2799.6000,2800.0000,2800.2000,2801.0000,2802.0000,1,2,1,1,1,1,5,1,1,3
SF,IH2003,2020-02-06 09:31:17.100,2799.0000,24817,-2,290858700.000,3,0,3,多平,S,2798.4000,2798.2000,2798.0000,2797.8000,2797.6000,2799.2000,2800.0000,2800.2000,2801.0000,2802.0000,1,1,1,1,1,1,5,1,1,3
SF,IH2003,2020-02-06 09:31:17.600,2798.4000,24818,1,291698220.000,1,1,0,双开,S,2798.2000,2798.0000,2797.8000,2797.6000,2797.0000,2799.2000,2799.8000,2800.0000,2800.2000,2801.0000,1,1,1,1,2,1,3,5,1,1
SF,IH2003,2020-02-06 09:31:18.100,2798.2000,24817,-1,292537680.000,1,0,1,双平,S,2798.0000,2797.8000,2797.6000,2797.0000,2796.6000,2798.2000,2799.2000,2799.8000,2800.0000,2800.2000,1,1,1,2,1,1,1,3,5,1
SF,IH2003,2020-02-06 09:31:18.600,2798.2000,24816,-1,293377140.000,1,0,1,双平,S,2798.4000,2798.2000,2798.0000,2797.8000,2797.6000,2799.2000,2799.8000,2800.0000,2800.2000,2801.0000,1,2,1,1,1,1,3,5,1,1
SF,IH2003,2020-02-06 09:31:19.100,2798.2000,24816,0,293377140.000,0,-,-,-,-,2798.4000,2798.0000,2797.8000,2797.6000,2797.0000,2799.2000,2799.8000,2800.0000,2800.2000,2801.0000,1,1,1,1,2,1,3,5,1,1
SF,IH2003,2020-02-06 09:31:19.600,2798.2000,24816,0,293377140.000,0,-,-,-,-,2798.0000,2797.8000,2797.6000,2797.0000,2796.6000,2799.2000,2799.8000,2800.0000,2800.2000,2801.0000,1,1,1,2,1,1,3,5,1,1
SF,IH2003,2020-02-06 09:31:20.100,2798.2000,24816,0,293377140.000,0,-,-,-,-,2798.0000,2797.8000,2797.6000,2797.0000,2796.6000,2799.0000,2799.2000,2799.8000,2800.0000,2800.2000,1,1,1,2,1,5,1,3,5,1
SF,IH2003,2020-02-06 09:31:20.600,2798.8000,24814,-2,295896060.000,3,0,3,多平,S,2798.4000,2798.2000,2798.0000,2797.8000,2797.6000,2798.8000,2799.0000,2799.2000,2799.8000,2800.0000,4,5,4,1,1,1,5,1,3,5
SF,IH2003,2020-02-06 09:31:21.100,2798.2000,24813,-1,297575040.000,2,0,2,多平,S,2798.2000,2798.0000,2797.8000,2797.6000,2797.0000,2798.4000,2798.8000,2799.0000,2799.2000,2799.8000,2,3,1,1,3,1,1,5,1,3
SF,IH2003,2020-02-06 09:31:21.600,2798.0000,24811,-2,300093360.000,3,0,3,多平,S,2798.0000,2797.0000,2796.6000,2796.4000,2796.0000,2798.2000,2798.4000,2798.6000,2798.8000,2799.0000,1,3,1,1,2,1,1,1,1,5
SF,IH2003,2020-02-06 09:31:22.100,2798.0000,24811,0,300932760.000,1,0,1,多换,S,2797.0000,2796.6000,2796.4000,2796.0000,2795.2000,2797.8000,2798.0000,2798.2000,2798.4000,2798.6000,2,1,1,2,1,1,3,2,1,2
SF,IH2003,2020-02-06 09:31:22.600,2798.0000,24810,-1,301772160.000,1,0,1,双平,S,2797.4000,2797.0000,2796.6000,2796.4000,2796.0000,2798.2000,2798.4000,2798.6000,2799.0000,2799.8000,1,4,1,1,3,2,1,1,5,3
SF,IH2003,2020-02-06 09:31:23.100,2798.2000,24809,-1,302611620.000,1,0,1,双平,S,2797.0000,2796.6000,2796.4000,2796.0000,2795.2000,2798.2000,2798.4000,2798.6000,2799.0000,2799.2000,3,1,1,3,1,1,1,1,5,1
SF,IH2003,2020-02-06 09:31:23.600,2798.2000,24809,0,302611620.000,0,-,-,-,-,2797.2000,2797.0000,2796.6000,2796.4000,2796.0000,2798.0000,2798.2000,2798.4000,2798.6000,2799.0000,2,3,1,1,3,1,1,1,1,5
SF,IH2003,2020-02-06 09:31:24.100,2798.2000,24809,0,302611620.000,0,-,-,-,-,2797.8000,2797.0000,2796.6000,2796.4000,2796.0000,2798.0000,2798.2000,2798.4000,2798.6000,2799.0000,1,2,1,1,3,1,1,1,1,5
SF,IH2003,2020-02-06 09:31:24.600,2797.8000,24808,-1,303450960.000,1,0,1,双平,S,2797.0000,2796.6000,2796.4000,2796.0000,2795.2000,2797.8000,2798.0000,2798.2000,2798.4000,2798.6000,2,1,1,3,1,4,1,1,1,1
SF,IH2003,2020-02-06 09:31:25.100,2796.6000,24806,-2,305968140.000,3,0,3,多平,S,2796.4000,2796.0000,2795.2000,2795.0000,2794.2000,2797.0000,2797.8000,2798.0000,2798.4000,2798.6000,1,3,1,2,1,1,4,1,1,1
SF,IH2003,2020-02-06 09:31:25.600,2797.0000,24806,0,306807240.000,1,0,1,多换,S,2796.8000,2796.6000,2796.4000,2796.0000,2795.2000,2797.8000,2798.0000,2798.4000,2798.6000,2799.0000,2,1,2,3,1,3,1,1,1,5
SF,IH2003,2020-02-06 09:31:26.100,2797.0000,24806,0,306807240.000,0,-,-,-,-,2796.8000,2796.4000,2796.0000,2795.2000,2795.0000,2797.8000,2798.0000,2798.4000,2798.6000,2799.0000,2,1,3,1,2,3,1,1,1,5
SF,IH2003,2020-02-06 09:31:26.600,2796.8000,24804,-2,308485320.000,2,0,2,双平,S,2796.4000,2796.0000,2795.2000,2795.0000,2794.2000,2797.8000,2798.0000,2798.4000,2798.6000,2799.0000,1,3,1,2,1,3,1,1,1,5
SF,IH2003,2020-02-06 09:31:27.100,2796.8000,24804,0,308485320.000,0,-,-,-,-,2796.4000,2796.0000,2795.2000,2795.0000,2794.2000,2797.6000,2797.8000,2798.0000,2798.4000,2798.6000,1,3,1,2,1,1,3,1,1,1
SF,IH2003,2020-02-06 09:31:27.600,2796.8000,24804,0,308485320.000,0,-,-,-,-,2796.8000,2796.4000,2796.0000,2795.2000,2795.0000,2797.4000,2797.6000,2797.8000,2798.0000,2798.4000,1,1,3,1,2,1,1,3,1,1
SF,IH2003,2020-02-06 09:31:28.100,2797.6000,24805,1,310163820.000,2,1,1,空开,S,2797.6000,2796.0000,2795.2000,2795.0000,2794.2000,2797.8000,2798.0000,2798.4000,2798.6000,2799.0000,2,3,1,2,1,3,1,1,3,3
SF,IH2003,2020-02-06 09:31:28.600,2797.6000,24805,0,311842380.000,2,1,1,多换,S,2796.0000,2795.2000,2795.0000,2794.2000,2793.8000,2797.4000,2797.8000,2798.0000,2798.4000,2798.6000,3,1,2,1,1,2,3,1,1,1
SF,IH2003,2020-02-06 09:31:29.100,2797.4000,24805,0,312681600.000,1,0,1,多换,S,2796.4000,2796.2000,2796.0000,2795.2000,2795.0000,2797.6000,2797.8000,2798.0000,2798.4000,2798.6000,1,5,4,1,2,2,3,1,1,1
SF,IH2003,2020-02-06 09:31:29.600,2797.4000,24805,0,312681600.000,0,-,-,-,-,2797.4000,2797.2000,2796.8000,2796.6000,2796.4000,2797.6000,2797.8000,2798.0000,2798.4000,2798.6000,5,1,1,3,7,2,3,1,1,1
SF,IH2003,2020-02-06 09:31:30.100,2797.6000,24804,-1,313520880.000,1,0,1,双平,S,2797.4000,2796.6000,2796.4000,2796.2000,2796.0000,2797.8000,2798.0000,2798.4000,2798.6000,2799.0000,5,3,2,1,3,3,1,1,1,3
SF,IH2003,2020-02-06 09:31:30.600,2797.8000,24804,0,314360220.000,1,0,1,多换,S,2797.6000,2797.4000,2796.6000,2796.4000,2796.2000,2797.8000,2798.0000,2798.4000,2798.6000,2799.0000,1,5,6,2,1,1,1,1,1,3
SF,IH2003,2020-02-06 09:31:31.100,2798.0000,24802,-2,316038960.000,2,0,2,双平,S,2797.8000,2797.6000,2797.4000,2796.6000,2796.4000,2798.4000,2798.6000,2799.0000,2799.2000,2799.8000,3,2,5,6,1,1,1,3,1,5
SF,IH2003,2020-02-06 09:31:31.600,2798.0000,24802,0,316038960.000,0,-,-,-,-,2797.8000,2797.6000,2797.4000,2797.0000,2796.6000,2798.6000,2799.0000,2799.2000,2799.8000,2800.0000,3,2,5,1,3,1,5,1,5,5
SF,IH2003,2020-02-06 09:31:32.100,2797.8000,24801,-1,318556980.000,3,1,2,多平,S,2797.6000,2797.4000,2797.0000,2796.6000,2796.0000,2798.2000,2798.4000,2798.6000,2799.0000,2799.2000,1,5,1,2,3,1,7,2,5,1
SF,IH2003,2020-02-06 09:31:32.600,2798.2000,24800,-1,319396440.000,1,0,1,双平,S,2797.8000,2797.6000,2797.4000,2797.0000,2796.6000,2798.6000,2799.0000,2799.2000,2799.8000,2800.0000,1,1,5,1,2,1,6,1,5,5
SF,IH2003,2020-02-06 09:31:33.100,2798.2000,24800,0,319396440.000,0,-,-,-,-,2798.0000,2797.8000,2797.4000,2797.0000,2796.6000,2798.6000,2799.0000,2799.2000,2799.8000,2800.0000,2,1,5,1,2,1,4,1,5,5
SF,IH2003,2020-02-06 09:31:33.600,2798.6000,24799,-1,320236020.000,1,0,1,双平,S,2798.6000,2798.4000,2798.2000,2798.0000,2797.8000,2799.0000,2799.2000,2799.8000,2800.0000,2800.2000,1,2,3,2,1,4,1,5,5,1
SF,IH2003,2020-02-06 09:31:34.100,2799.0000,24798,-1,322755000.000,3,1,2,多平,S,2798.4000,2798.2000,2798.0000,2797.8000,2797.4000,2799.0000,2799.2000,2799.8000,2800.0000,2800.2000,2,3,3,1,5,2,1,5,5,1
SF,IH2003,2020-02-06 09:31:34.600,2799.0000,24798,0,322755000.000,0,-,-,-,-,2798.2000,2798.0000,2797.8000,2797.4000,2797.0000,2798.6000,2799.0000,2799.2000,2799.8000,2800.0000,1,2,1,5,1,1,2,1,5,5
SF,IH2003,2020-02-06 09:31:35.100,2799.0000,24798,0,322755000.000,0,-,-,-,-,2798.0000,2797.8000,2797.4000,2797.0000,2796.6000,2799.0000,2799.2000,2799.8000,2800.0000,2800.2000,2,1,5,1,2,2,1,6,5,1
SF,IH2003,2020-02-06 09:31:35.600,2799.0000,24798,0,322755000.000,0,-,-,-,-,2798.6000,2798.0000,2797.8000,2797.4000,2797.0000,2799.0000,2799.2000,2799.4000,2799.8000,2800.0000,1,2,1,5,1,2,1,2,6,5
SF,IH2003,2020-02-06 09:31:36.100,2798.6000,24799,1,323594580.000,1,1,0,双开,S,2798.2000,2798.0000,2797.8000,2797.4000,2797.0000,2798.6000,2799.0000,2799.2000,2799.4000,2799.8000,1,2,1,5,1,1,2,1,2,6
SF,IH2003,2020-02-06 09:31:36.600,2798.6000,24799,0,323594580.000,0,-,-,-,-,2798.2000,2798.0000,2797.8000,2797.4000,2797.0000,2798.6000,2798.8000,2799.0000,2799.2000,2799.4000,1,1,1,5,1,1,1,2,1,2
SF,IH2003,2020-02-06 09:31:37.100,2798.6000,24799,0,323594580.000,0,-,-,-,-,2798.2000,2798.0000,2797.8000,2797.4000,2797.0000,2798.6000,2798.8000,2799.0000,2799.2000,2799.8000,1,1,1,5,1,1,1,2,1,6
SF,IH2003,2020-02-06 09:31:37.600,2798.6000,24799,0,323594580.000,0,-,-,-,-,2798.0000,2797.8000,2797.4000,2797.0000,2796.6000,2798.6000,2798.8000,2799.0000,2799.2000,2799.8000,1,1,5,1,2,1,1,2,1,6
SF,IH2003,2020-02-06 09:31:38.100,2798.2000,24798,-1,324434040.000,1,0,1,双平,S,2798.4000,2798.0000,2797.8000,2797.4000,2797.0000,2798.6000,2798.8000,2799.0000,2799.2000,2799.8000,3,2,1,5,1,1,1,2,1,6
SF,IH2003,2020-02-06 09:31:38.600,2798.4000,24795,-3,326952600.000,3,0,3,双平,S,2798.0000,2797.8000,2797.4000,2797.0000,2796.6000,2798.6000,2798.8000,2799.0000,2799.2000,2799.8000,2,1,5,1,2,1,1,2,1,6
SF,IH2003,2020-02-06 09:31:39.100,2798.6000,24795,0,327792180.000,1,0,1,多换,S,2798.4000,2798.2000,2798.0000,2797.8000,2797.4000,2798.8000,2799.0000,2799.2000,2799.8000,2800.0000,1,1,2,1,5,1,2,1,6,5
SF,IH2003,2020-02-06 09:31:39.600,2798.4000,24793,-2,329471220.000,2,0,2,双平,S,2798.0000,2797.8000,2797.4000,2797.0000,2796.6000,2798.4000,2799.0000,2799.2000,2799.8000,2800.0000,2,1,5,1,2,1,2,1,6,5
SF,IH2003,2020-02-06 09:31:40.100,2798.4000,24793,0,329471220.000,0,-,-,-,-,2798.0000,2797.8000,2797.4000,2797.0000,2796.6000,2798.4000,2799.0000,2799.2000,2799.8000,2800.0000,2,1,5,1,1,1,2,1,6,5
SF,IH2003,2020-02-06 09:31:40.600,2798.0000,24793,0,330310620.000,1,0,1,多换,S,2798.0000,2797.8000,2797.4000,2797.0000,2796.6000,2798.4000,2799.0000,2799.2000,2799.8000,2800.0000,1,1,5,1,1,1,2,1,6,4
SF,IH2003,2020-02-06 09:31:41.100,2798.0000,24793,0,330310620.000,0,-,-,-,-,2797.8000,2797.4000,2797.0000,2796.6000,2796.0000,2798.2000,2798.4000,2799.0000,2799.2000,2799.8000,1,5,1,1,3,1,1,2,1,6
SF,IH2003,2020-02-06 09:31:41.600,2798.0000,24793,0,330310620.000,0,-,-,-,-,2798.0000,2797.8000,2797.4000,2797.0000,2796.6000,2798.2000,2798.4000,2799.0000,2799.2000,2799.8000,2,1,5,1,1,1,1,2,1,6
SF,IH2003,2020-02-06 09:31:42.100,2798.0000,24793,0,330310620.000,0,-,-,-,-,2798.0000,2797.8000,2797.4000,2797.0000,2796.6000,2798.2000,2798.4000,2798.8000,2799.0000,2799.2000,3,1,5,1,1,1,1,2,2,1
SF,IH2003,2020-02-06 09:31:42.600,2797.4000,24790,-3,333667980.000,4,0,4,多平,S,2797.4000,2797.0000,2796.6000,2796.0000,2795.2000,2798.2000,2798.4000,2798.8000,2799.0000,2799.2000,4,1,1,3,2,1,1,2,2,1
SF,IH2003,2020-02-06 09:31:43.100,2797.4000,24790,0,333667980.000,0,-,-,-,-,2798.0000,2797.6000,2797.4000,2797.0000,2796.6000,2798.2000,2798.4000,2798.8000,2799.0000,2799.2000,1,1,4,1,1,1,1,2,2,1
SF,IH2003,2020-02-06 09:31:43.600,2798.2000,24789,-1,335346840.000,2,0,2,多平,S,2798.2000,2797.6000,2797.4000,2797.0000,2796.6000,2798.4000,2798.8000,2799.0000,2799.2000,2799.8000,1,1,4,1,1,1,2,2,1,7
SF,IH2003,2020-02-06 09:31:44.100,2798.2000,24789,0,335346840.000,0,-,-,-,-,2798.2000,2797.6000,2797.4000,2797.0000,2796.6000,2798.4000,2798.8000,2799.0000,2799.2000,2799.8000,1,1,4,1,2,1,2,2,1,4
SF,IH2003,2020-02-06 09:31:44.600,2798.2000,24788,-1,337025760.000,2,0,2,多平,S,2797.6000,2797.4000,2797.0000,2796.6000,2796.0000,2798.2000,2798.4000,2798.8000,2799.0000,2799.2000,1,4,1,2,3,1,1,2,2,1
SF,IH2003,2020-02-06 09:31:45.100,2798.2000,24787,-1,337865220.000,1,0,1,双平,S,2798.0000,2797.8000,2797.4000,2797.0000,2796.6000,2798.8000,2799.0000,2799.2000,2799.8000,2800.0000,3,1,4,2,2,2,2,1,4,4
SF,IH2003,2020-02-06 09:31:45.600,2798.2000,24787,0,337865220.000,0,-,-,-,-,2798.2000,2798.0000,2797.8000,2797.4000,2797.0000,2798.4000,2798.8000,2799.0000,2799.2000,2799.8000,5,3,1,4,2,1,2,2,1,4
SF,IH2003,2020-02-06 09:31:46.100,2798.4000,24787,0,338704740.000,1,0,1,多换,S,2798.4000,2798.2000,2798.0000,2797.8000,2797.4000,2798.8000,2799.0000,2799.2000,2799.8000,2800.0000,1,5,3,1,4,2,2,1,4,4
SF,IH2003,2020-02-06 09:31:46.600,2798.8000,24789,2,340384020.000,2,2,0,双开,S,2798.8000,2798.4000,2798.2000,2798.0000,2797.8000,2799.0000,2799.2000,2799.8000,2800.0000,2801.0000,3,1,5,3,1,2,1,4,3,1
SF,IH2003,2020-02-06 09:31:47.100,2798.8000,24789,0,342902940.000,3,1,2,多换,S,2798.4000,2798.2000,2798.0000,2797.8000,2797.4000,2798.8000,2799.0000,2799.2000,2799.6000,2799.8000,1,5,3,1,4,1,2,1,3,4
SF,IH2003,2020-02-06 09:31:48.100,2799.0000,24789,0,344582280.000,2,1,1,多换,S,2798.8000,2798.4000,2798.2000,2798.0000,2797.8000,2799.0000,2799.2000,2799.6000,2799.8000,2800.0000,4,1,5,3,1,1,1,3,2,3
SF,IH2003,2020-02-06 09:31:48.600,2798.8000,24789,0,346261560.000,2,1,1,多换,S,2798.8000,2798.4000,2798.2000,2798.0000,2797.8000,2799.0000,2799.2000,2799.6000,2799.8000,2800.0000,2,1,5,3,1,1,1,3,2,3
SF,IH2003,2020-02-06 09:31:49.100,2798.8000,24790,1,347940840.000,2,1,1,空开,S,2798.4000,2798.2000,2798.0000,2797.8000,2797.4000,2799.0000,2799.2000,2799.6000,2799.8000,2800.0000,1,5,3,1,4,1,1,3,2,3
SF,IH2003,2020-02-06 09:31:49.600,2798.8000,24790,0,347940840.000,0,-,-,-,-,2798.4000,2798.2000,2798.0000,2797.8000,2797.4000,2798.8000,2799.0000,2799.2000,2799.6000,2799.8000,1,5,3,1,4,1,1,1,3,2
SF,IH2003,2020-02-06 09:31:50.600,2798.4000,24789,-1,348780360.000,1,0,1,双平,S,2798.2000,2798.0000,2797.8000,2797.4000,2797.0000,2798.4000,2799.0000,2799.2000,2799.6000,2799.8000,5,4,1,4,2,1,2,1,3,2
SF,IH2003,2020-02-06 09:31:51.100,2798.4000,24788,-1,349619880.000,1,0,1,双平,S,2798.8000,2798.6000,2798.4000,2798.2000,2798.0000,2799.0000,2799.6000,2799.8000,2800.0000,2801.0000,2,1,3,5,4,2,3,2,3,1
SF,IH2003,2020-02-06 09:31:51.600,2798.4000,24788,0,350459400.000,1,0,1,多换,S,2798.4000,2798.2000,2798.0000,2797.8000,2797.4000,2799.0000,2799.6000,2799.8000,2800.0000,2801.0000,3,5,4,1,4,2,3,2,3,1
SF,IH2003,2020-02-06 09:31:52.100,2798.4000,24788,0,350459400.000,0,-,-,-,-,2798.4000,2798.2000,2798.0000,2797.8000,2797.4000,2799.0000,2799.6000,2799.8000,2800.0000,2801.0000,3,5,4,1,4,4,3,2,3,1
SF,IH2003,2020-02-06 09:31:53.100,2799.0000,24786,-2,354657360.000,5,1,4,多平,S,2798.0000,2797.8000,2797.4000,2797.0000,2796.6000,2799.0000,2799.6000,2799.8000,2800.0000,2801.0000,4,1,4,2,2,2,3,2,3,1
SF,IH2003,2020-02-06 09:31:53.600,2799.0000,24785,-1,358856220.000,5,2,3,多平,S,2798.0000,2797.8000,2797.4000,2797.0000,2796.6000,2799.6000,2799.8000,2800.0000,2801.0000,2802.0000,4,1,4,2,2,1,2,3,1,8
SF,IH2003,2020-02-06 09:31:54.100,2799.0000,24785,0,358856220.000,0,-,-,-,-,2798.2000,2798.0000,2797.8000,2797.4000,2797.0000,2799.6000,2799.8000,2800.0000,2801.0000,2802.0000,2,4,1,4,2,1,2,3,1,8
SF,IH2003,2020-02-06 09:31:54.600,2799.0000,24785,0,358856220.000,0,-,-,-,-,2798.2000,2798.0000,2797.8000,2797.4000,2797.0000,2799.6000,2799.8000,2800.0000,2801.0000,2802.0000,4,5,1,4,2,1,2,3,1,8
SF,IH2003,2020-02-06 09:31:55.100,2799.0000,24785,0,358856220.000,0,-,-,-,-,2798.2000,2798.0000,2797.8000,2797.4000,2797.0000,2799.6000,2799.8000,2800.0000,2801.0000,2802.0000,3,4,1,4,2,1,2,3,1,8
SF,IH2003,2020-02-06 09:31:55.600,2799.0000,24785,0,358856220.000,0,-,-,-,-,2798.2000,2798.0000,2797.8000,2797.4000,2797.0000,2799.6000,2799.8000,2800.0000,2801.0000,2802.0000,2,4,1,4,2,1,2,3,1,8
SF,IH2003,2020-02-06 09:31:56.100,2798.2000,24784,-1,359695680.000,1,0,1,双平,S,2798.2000,2798.0000,2797.8000,2797.4000,2797.0000,2799.4000,2799.6000,2799.8000,2800.0000,2801.0000,1,4,1,4,2,1,1,2,3,1
SF,IH2003,2020-02-06 09:31:56.600,2798.2000,24783,-1,360535140.000,1,0,1,双平,S,2798.0000,2797.8000,2797.4000,2797.0000,2796.6000,2799.2000,2799.6000,2799.8000,2800.0000,2801.0000,4,1,4,2,2,1,1,2,3,1
SF,IH2003,2020-02-06 09:31:57.100,2798.2000,24783,0,360535140.000,0,-,-,-,-,2798.0000,2797.8000,2797.4000,2797.0000,2796.6000,2799.0000,2799.6000,2799.8000,2800.0000,2800.6000,4,1,4,2,2,2,1,2,3,1
SF,IH2003,2020-02-06 09:31:57.600,2799.0000,24783,0,362214540.000,2,1,1,多换,S,2799.2000,2798.0000,2797.8000,2797.4000,2797.0000,2799.6000,2799.8000,2800.0000,2800.6000,2801.0000,3,4,1,4,2,1,2,3,1,1
SF,IH2003,2020-02-06 09:31:58.100,2799.0000,24783,0,364733640.000,3,1,2,多换,S,2798.0000,2797.8000,2797.4000,2797.0000,2796.6000,2799.2000,2799.4000,2799.6000,2799.8000,2800.0000,4,1,4,2,2,5,4,1,2,3
SF,IH2003,2020-02-06 09:31:58.600,2798.0000,24782,-1,365573040.000,1,0,1,双平,S,2798.0000,2797.8000,2797.4000,2797.0000,2796.6000,2799.0000,2799.2000,2799.6000,2799.8000,2800.0000,3,1,4,2,2,4,6,1,2,3
SF,IH2003,2020-02-06 09:31:59.100,2798.0000,24782,0,365573040.000,0,-,-,-,-,2798.0000,2797.8000,2797.4000,2797.0000,2796.6000,2798.8000,2799.0000,2799.2000,2799.8000,2800.0000,3,1,4,2,2,1,5,6,2,3
SF,IH2003,2020-02-06 09:31:59.600,2798.0000,24782,0,365573040.000,0,-,-,-,-,2798.0000,2797.8000,2797.4000,2797.0000,2796.6000,2798.4000,2798.6000,2798.8000,2799.0000,2799.2000,3,1,4,2,1,1,1,1,4,6
SF,IH2003,2020-02-06 09:32:00.100,2797.8000,24781,-1,368930580.000,4,1,3,多平,S,2797.4000,2797.0000,2796.6000,2796.0000,2795.2000,2798.0000,2798.4000,2798.6000,2798.8000,2799.2000,4,2,1,3,2,1,3,5,1,3
SF,IH2003,2020-02-06 09:32:00.600,2797.4000,24781,0,370609020.000,2,1,1,多换,S,2797.4000,2797.0000,2796.6000,2796.0000,2795.2000,2798.0000,2798.2000,2798.6000,2798.8000,2799.2000,2,2,1,3,2,2,4,1,1,1
SF,IH2003,2020-02-06 09:32:01.100,2797.4000,24782,1,372287460.000,2,1,1,空开,S,2797.0000,2796.6000,2796.0000,2795.2000,2795.0000,2797.4000,2798.0000,2798.2000,2798.6000,2798.8000,2,1,3,2,2,1,2,5,1,1
SF,IH2003,2020-02-06 09:32:01.600,2797.4000,24780,-2,373965780.000,2,0,2,双平,S,2797.0000,2796.6000,2796.0000,2795.2000,2795.0000,2797.6000,2797.8000,2798.0000,2798.2000,2798.6000,1,1,3,2,2,1,5,2,1,1
SF,IH2003,2020-02-06 09:32:02.100,2797.4000,24780,0,373965780.000,0,-,-,-,-,2797.6000,2796.6000,2796.0000,2795.2000,2795.0000,2797.8000,2798.0000,2798.6000,2798.8000,2799.2000,6,1,3,2,2,4,2,1,1,1
SF,IH2003,2020-02-06 09:32:02.600,2797.6000,24779,-1,379001460.000,6,2,4,多平,S,2796.6000,2796.0000,2795.2000,2795.0000,2794.2000,2797.6000,2797.8000,2798.0000,2798.6000,2798.8000,1,4,2,2,1,5,4,1,1,1
SF,IH2003,2020-02-06 09:32:03.100,2797.6000,24779,0,379001460.000,0,-,-,-,-,2797.2000,2796.6000,2796.0000,2795.2000,2795.0000,2797.8000,2798.0000,2798.6000,2799.2000,2799.6000,1,3,4,2,2,4,1,1,1,1
SF,IH2003,2020-02-06 09:32:03.600,2797.2000,24779,0,379840620.000,1,0,1,多换,S,2797.0000,2796.6000,2796.0000,2795.2000,2795.0000,2797.8000,2798.0000,2798.6000,2799.2000,2799.6000,1,3,4,2,2,4,1,1,1,1
SF,IH2003,2020-02-06 09:32:04.100,2797.0000,24779,0,380679720.000,1,0,1,多换,S,2796.6000,2796.0000,2795.2000,2795.0000,2794.2000,2797.2000,2797.6000,2797.8000,2798.0000,2799.2000,1,4,2,2,1,1,2,4,2,1
SF,IH2003,2020-02-06 09:32:04.600,2797.2000,24779,0,381518880.000,1,0,1,多换,S,2797.4000,2797.2000,2796.6000,2796.0000,2795.2000,2798.0000,2799.2000,2799.6000,2799.8000,2800.0000,1,2,2,4,2,2,1,1,2,3
SF,IH2003,2020-02-06 09:32:05.100,2798.0000,24779,0,383197680.000,2,1,1,多换,S,2798.0000,2797.4000,2797.2000,2796.6000,2796.0000,2799.2000,2799.6000,2799.8000,2800.0000,2800.6000,1,2,2,1,4,1,1,2,3,1
SF,IH2003,2020-02-06 09:32:05.600,2798.4000,24778,-1,384037200.000,1,0,1,双平,S,2798.0000,2797.2000,2796.6000,2796.0000,2795.2000,2798.4000,2799.0000,2799.2000,2799.4000,2799.6000,2,2,1,4,2,2,9,1,3,1
SF,IH2003,2020-02-06 09:32:06.100,2798.4000,24778,0,384876720.000,1,0,1,多换,S,2798.0000,2797.2000,2796.6000,2796.0000,2795.2000,2799.0000,2799.2000,2799.4000,2799.6000,2799.8000,2,2,1,3,2,7,1,3,1,2
SF,IH2003,2020-02-06 09:32:06.600,2798.0000,24777,-1,385716120.000,1,0,1,双平,S,2797.2000,2796.6000,2796.0000,2795.2000,2795.0000,2799.0000,2799.2000,2799.4000,2799.6000,2799.8000,2,1,3,2,2,7,1,3,1,2
SF,IH2003,2020-02-06 09:32:07.100,2798.0000,24777,0,385716120.000,0,-,-,-,-,2797.4000,2797.2000,2796.6000,2796.0000,2795.2000,2798.4000,2798.8000,2799.0000,2799.2000,2799.4000,1,3,1,3,2,1,2,7,1,3
SF,IH2003,2020-02-06 09:32:07.600,2798.0000,24777,0,385716120.000,0,-,-,-,-,2797.4000,2797.2000,2796.6000,2796.0000,2795.2000,2799.0000,2799.2000,2799.6000,2799.8000,2800.0000,5,2,1,3,2,7,1,1,2,3
SF,IH2003,2020-02-06 09:32:08.100,2798.0000,24777,0,385716120.000,0,-,-,-,-,2797.6000,2797.4000,2797.2000,2796.6000,2796.0000,2798.8000,2799.0000,2799.2000,2799.6000,2799.8000,1,4,2,1,3,2,7,1,1,2
SF,IH2003,2020-02-06 09:32:08.600,2798.0000,24777,0,385716120.000,0,-,-,-,-,2797.6000,2797.2000,2796.6000,2796.0000,2795.2000,2798.0000,2798.8000,2799.0000,2799.2000,2799.6000,2,2,1,3,2,1,2,5,1,1
SF,IH2003,2020-02-06 09:32:09.100,2798.0000,24776,-1,386555520.000,1,0,1,双平,S,2798.0000,2797.6000,2797.2000,2796.6000,2796.0000,2798.8000,2799.0000,2799.2000,2799.6000,2799.8000,5,1,3,1,3,1,4,1,1,2
SF,IH2003,2020-02-06 09:32:09.600,2798.0000,24775,-1,387394920.000,1,0,1,双平,S,2798.2000,2798.0000,2797.2000,2796.6000,2796.0000,2798.8000,2799.0000,2799.2000,2799.6000,2799.8000,2,3,3,1,3,1,4,1,1,2
SF,IH2003,2020-02-06 09:32:10.100,2798.0000,24772,-3,389913240.000,3,0,3,双平,S,2798.0000,2797.2000,2796.6000,2796.0000,2795.2000,2798.8000,2799.0000,2799.2000,2799.6000,2799.8000,2,3,1,3,2,1,4,1,1,2
SF,IH2003,2020-02-06 09:32:10.600,2798.0000,24772,0,390752640.000,1,0,1,多换,S,2798.0000,2797.2000,2796.6000,2796.0000,2795.2000,2798.8000,2799.2000,2799.6000,2799.8000,2800.0000,1,3,1,3,2,2,1,1,2,4
SF,IH2003,2020-02-06 09:32:11.100,2798.0000,24772,0,391592040.000,1,0,1,多换,S,2797.2000,2796.6000,2796.0000,2795.2000,2795.0000,2798.8000,2799.2000,2799.4000,2799.6000,2799.8000,3,1,3,2,2,2,1,3,1,3
SF,IH2003,2020-02-06 09:32:11.600,2798.0000,24772,0,391592040.000,0,-,-,-,-,2797.4000,2797.2000,2796.6000,2796.0000,2795.2000,2798.6000,2798.8000,2799.2000,2799.4000,2799.6000,1,4,3,3,2,1,1,1,3,1
SF,IH2003,2020-02-06 09:32:12.100,2798.0000,24772,0,391592040.000,0,-,-,-,-,2797.6000,2797.2000,2796.6000,2796.0000,2795.2000,2798.6000,2798.8000,2799.2000,2799.4000,2799.6000,1,4,3,3,2,1,1,1,3,1
SF,IH2003,2020-02-06 09:32:12.600,2798.0000,24772,0,391592040.000,0,-,-,-,-,2797.2000,2796.6000,2796.0000,2795.2000,2795.0000,2798.8000,2799.2000,2799.4000,2799.6000,2799.8000,4,3,3,2,2,1,1,3,1,3
SF,IH2003,2020-02-06 09:32:13.100,2798.0000,24772,0,391592040.000,0,-,-,-,-,2797.4000,2797.2000,2796.6000,2796.0000,2795.2000,2797.6000,2798.8000,2799.2000,2799.4000,2799.6000,1,4,3,3,2,1,1,1,3,1
SF,IH2003,2020-02-06 09:32:13.600,2797.6000,24772,0,392431320.000,1,0,1,多换,S,2798.0000,2797.8000,2797.6000,2797.4000,2797.2000,2798.8000,2799.2000,2799.4000,2799.6000,2799.8000,2,1,5,3,6,1,1,3,1,3
SF,IH2003,2020-02-06 09:32:14.100,2798.8000,24772,0,393270960.000,1,0,1,多换,S,2798.8000,2798.2000,2798.0000,2797.6000,2797.4000,2799.2000,2799.4000,2799.6000,2799.8000,2800.0000,1,2,2,4,2,1,3,1,3,4
SF,IH2003,2020-02-06 09:32:14.600,2798.8000,24772,0,393270960.000,0,-,-,-,-,2798.8000,2798.2000,2798.0000,2797.6000,2797.2000,2799.2000,2799.4000,2799.6000,2799.8000,2800.0000,1,4,2,3,6,1,4,1,3,4
SF,IH2003,2020-02-06 09:32:15.100,2798.8000,24772,0,394110600.000,1,0,1,多换,S,2798.2000,2798.0000,2797.6000,2797.2000,2796.6000,2798.8000,2799.4000,2799.6000,2799.8000,2800.0000,4,2,3,4,3,1,1,1,3,4
SF,IH2003,2020-02-06 09:32:15.600,2799.0000,24770,-2,395789940.000,2,0,2,双平,S,2799.0000,2798.8000,2798.4000,2798.2000,2798.0000,2799.6000,2799.8000,2800.0000,2800.2000,2800.6000,2,5,1,4,3,1,3,4,3,1
SF,IH2003,2020-02-06 09:32:16.100,2799.8000,24770,0,397469760.000,2,1,1,多换,S,2799.0000,2798.8000,2798.4000,2798.2000,2798.0000,2799.8000,2800.0000,2800.2000,2800.6000,2801.0000,1,5,1,4,3,2,4,3,1,1
SF,IH2003,2020-02-06 09:32:16.600,2799.2000,24767,-3,399989400.000,3,0,3,双平,S,2799.6000,2799.2000,2798.8000,2798.4000,2798.2000,2800.0000,2800.6000,2801.0000,2801.4000,2802.0000,1,2,5,3,2,4,1,1,1,8
SF,IH2003,2020-02-06 09:32:17.100,2799.2000,24765,-2,401668920.000,2,0,2,双平,S,2799.2000,2798.8000,2798.4000,2798.2000,2798.0000,2800.0000,2800.6000,2801.0000,2801.4000,2802.0000,1,4,2,2,3,4,1,1,1,8
SF,IH2003,2020-02-06 09:32:17.600,2799.2000,24765,0,402508680.000,1,0,1,多换,S,2798.8000,2798.4000,2798.2000,2798.0000,2797.2000,2799.6000,2800.0000,2800.6000,2801.0000,2801.4000,4,2,2,3,3,1,4,1,1,1
SF,IH2003,2020-02-06 09:32:18.100,2799.2000,24765,0,402508680.000,0,-,-,-,-,2798.8000,2798.4000,2798.2000,2798.0000,2797.2000,2799.6000,2800.0000,2800.6000,2801.0000,2801.4000,4,2,2,3,3,1,4,1,1,1
SF,IH2003,2020-02-06 09:32:18.600,2799.0000,24763,-2,404188080.000,2,0,2,双平,S,2798.8000,2798.6000,2798.4000,2798.2000,2798.0000,2800.0000,2800.6000,2801.0000,2801.4000,2802.0000,4,1,2,2,3,4,1,1,1,8
SF,IH2003,2020-02-06 09:32:19.100,2799.0000,24763,0,404188080.000,0,-,-,-,-,2798.8000,2798.6000,2798.4000,2798.2000,2798.0000,2799.8000,2800.0000,2800.6000,2801.0000,2801.4000,4,1,2,2,3,1,5,1,1,1
SF,IH2003,2020-02-06 09:32:19.600,2799.0000,24763,0,404188080.000,0,-,-,-,-,2799.0000,2798.8000,2798.4000,2798.2000,2798.0000,2799.6000,2800.0000,2800.6000,2801.0000,2801.4000,1,4,2,2,3,1,6,1,1,1
SF,IH2003,2020-02-06 09:32:20.100,2799.6000,24762,-1,407547600.000,4,1,3,多平,S,2799.6000,2798.8000,2798.4000,2798.2000,2798.0000,2800.0000,2800.6000,2801.0000,2801.4000,2802.0000,2,4,2,2,3,6,1,1,1,8
SF,IH2003,2020-02-06 09:32:20.600,2799.8000,24759,-3,413427540.000,7,2,5,多平,S,2799.6000,2798.8000,2798.4000,2798.2000,2798.0000,2800.6000,2801.0000,2801.4000,2802.0000,2802.8000,1,4,2,2,3,1,1,1,8,1
SF,IH2003,2020-02-06 09:32:21.100,2799.8000,24759,0,413427540.000,0,-,-,-,-,2799.8000,2799.6000,2798.8000,2798.4000,2798.2000,2800.6000,2801.0000,2801.4000,2802.0000,2802.8000,1,2,4,2,2,1,1,1,8,1
SF,IH2003,2020-02-06 09:32:21.600,2799.6000,24759,0,414267420.000,1,0,1,多换,S,2798.8000,2798.4000,2798.2000,2798.0000,2797.2000,2800.0000,2800.6000,2801.0000,2801.4000,2802.0000,4,2,2,3,2,1,1,1,1,8
SF,IH2003,2020-02-06 09:32:22.100,2799.8000,24760,1,415107360.000,1,1,0,双开,S,2799.2000,2799.0000,2798.8000,2798.6000,2798.4000,2800.0000,2800.6000,2801.0000,2801.4000,2802.0000,1,4,4,1,2,1,1,1,1,8
SF,IH2003,2020-02-06 09:32:22.600,2799.8000,24760,0,415107360.000,0,-,-,-,-,2799.0000,2798.8000,2798.6000,2798.4000,2798.2000,2800.0000,2800.6000,2800.8000,2801.0000,2801.4000,1,4,1,2,2,1,1,3,1,1
SF,IH2003,2020-02-06 09:32:23.100,2800.0000,24759,-1,415947360.000,1,0,1,双平,S,2799.2000,2799.0000,2798.8000,2798.6000,2798.4000,2800.6000,2800.8000,2801.0000,2801.4000,2802.0000,1,1,4,1,2,1,3,1,1,8
SF,IH2003,2020-02-06 09:32:23.600,2800.6000,24759,0,417627720.000,2,1,1,多换,S,2799.4000,2799.0000,2798.8000,2798.6000,2798.4000,2800.8000,2801.0000,2801.4000,2802.0000,2802.8000,1,1,4,1,2,3,1,1,8,1
SF,IH2003,2020-02-06 09:32:24.100,2799.6000,24758,-1,418467600.000,1,0,1,双平,S,2798.8000,2798.6000,2798.4000,2798.2000,2798.0000,2800.8000,2801.0000,2801.4000,2802.0000,2802.8000,4,1,2,2,3,3,1,1,8,1
SF,IH2003,2020-02-06 09:32:24.600,2799.2000,24757,-1,420147180.000,2,0,2,多平,S,2799.0000,2798.8000,2798.6000,2798.4000,2798.2000,2800.6000,2800.8000,2801.0000,2801.4000,2802.0000,7,4,1,2,2,2,3,1,1,8
SF,IH2003,2020-02-06 09:32:25.100,2800.6000,24757,0,420987360.000,1,0,1,多换,S,2799.0000,2798.8000,2798.6000,2798.4000,2798.2000,2800.6000,2801.0000,2801.4000,2802.0000,2802.8000,8,4,1,2,2,1,1,1,8,1
SF,IH2003,2020-02-06 09:32:25.600,2800.6000,24757,0,420987360.000,0,-,-,-,-,2799.2000,2799.0000,2798.8000,2798.6000,2798.4000,2801.0000,2801.4000,2801.6000,2802.0000,2802.8000,1,7,4,1,2,1,1,3,8,1
SF,IH2003,2020-02-06 09:32:26.100,2800.6000,24757,0,420987360.000,0,-,-,-,-,2799.4000,2799.2000,2799.0000,2798.8000,2798.6000,2800.8000,2801.0000,2801.4000,2801.6000,2802.0000,1,6,5,4,1,2,1,1,3,8
SF,IH2003,2020-02-06 09:32:27.100,2800.6000,24757,0,420987360.000,0,-,-,-,-,2799.6000,2799.4000,2799.2000,2799.0000,2798.8000,2800.6000,2800.8000,2801.0000,2801.4000,2801.6000,1,1,2,4,4,4,2,1,1,3
SF,IH2003,2020-02-06 09:32:27.600,2800.6000,24757,0,420987360.000,0,-,-,-,-,2799.8000,2799.6000,2799.2000,2798.8000,2798.4000,2800.4000,2800.6000,2801.0000,2801.4000,2801.6000,2,1,1,4,2,2,5,1,1,3
SF,IH2003,2020-02-06 09:32:28.100,2799.8000,24756,-1,422667240.000,2,0,2,多平,S,2799.6000,2799.2000,2798.8000,2798.4000,2798.2000,2800.4000,2800.6000,2801.0000,2801.4000,2801.6000,1,1,4,2,2,2,4,1,1,3
SF,IH2003,2020-02-06 09:32:28.600,2799.6000,24755,-1,423507120.000,1,0,1,双平,S,2799.2000,2798.8000,2798.4000,2798.2000,2798.0000,2799.6000,2800.4000,2800.6000,2801.0000,2801.4000,1,4,2,2,3,1,2,5,1,1
SF,IH2003,2020-02-06 09:32:29.100,2799.6000,24755,0,424347000.000,1,0,1,多换,S,2798.8000,2798.4000,2798.2000,2798.0000,2797.2000,2800.4000,2800.6000,2801.0000,2801.4000,2802.0000,4,2,2,3,1,1,5,1,1,8
SF,IH2003,2020-02-06 09:32:29.600,2799.6000,24755,0,424347000.000,0,-,-,-,-,2799.0000,2798.8000,2798.4000,2798.2000,2798.0000,2800.2000,2800.4000,2800.6000,2801.0000,2801.4000,1,4,2,2,4,4,2,6,4,1
SF,IH2003,2020-02-06 09:32:30.100,2800.2000,24755,0,428547120.000,5,2,3,多换,S,2799.6000,2799.0000,2798.8000,2798.4000,2798.2000,2800.6000,2801.0000,2801.4000,2802.0000,2802.8000,1,1,4,2,2,6,4,1,8,1
SF,IH2003,2020-02-06 09:32:30.600,2799.6000,24754,-1,429387000.000,1,0,1,双平,S,2798.8000,2798.4000,2798.2000,2798.0000,2797.2000,2799.4000,2800.4000,2800.6000,2801.0000,2801.4000,4,2,2,4,1,2,2,6,1,1
SF,IH2003,2020-02-06 09:32:31.100,2799.0000,24754,0,430226700.000,1,0,1,多换,S,2798.8000,2798.4000,2798.2000,2798.0000,2797.2000,2799.2000,2800.4000,2800.6000,2800.8000,2801.0000,2,2,2,2,1,2,2,6,3,1
SF,IH2003,2020-02-06 09:32:31.600,2799.2000,24752,-2,432745740.000,3,0,3,多平,S,2798.4000,2798.2000,2798.0000,2797.2000,2796.6000,2799.2000,2800.4000,2800.6000,2801.0000,2801.4000,2,2,2,1,1,1,2,6,1,1
SF,IH2003,2020-02-06 09:32:32.100,2799.2000,24752,0,432745740.000,0,-,-,-,-,2798.4000,2798.2000,2798.0000,2797.2000,2796.6000,2799.2000,2800.2000,2800.4000,2800.6000,2800.8000,2,2,2,1,1,1,3,2,6,1
SF,IH2003,2020-02-06 09:32:32.600,2799.2000,24751,-1,433585500.000,1,0,1,双平,S,2798.4000,2798.2000,2798.0000,2797.2000,2796.6000,2799.2000,2800.2000,2800.4000,2800.6000,2800.8000,2,2,2,1,1,2,3,1,6,1
SF,IH2003,2020-02-06 09:32:33.100,2798.4000,24750,-1,434425020.000,1,0,1,双平,S,2798.4000,2798.2000,2798.0000,2797.2000,2796.6000,2799.0000,2799.2000,2800.2000,2800.4000,2800.6000,1,2,2,1,1,1,2,3,1,6
SF,IH2003,2020-02-06 09:32:33.600,2798.4000,24750,0,434425020.000,0,-,-,-,-,2798.4000,2798.2000,2798.0000,2797.2000,2796.6000,2799.0000,2799.2000,2800.2000,2800.6000,2800.8000,1,2,2,1,1,1,2,3,6,1
SF,IH2003,2020-02-06 09:32:34.100,2798.4000,24749,-1,435264540.000,1,0,1,双平,S,2798.6000,2798.2000,2798.0000,2797.2000,2796.6000,2799.0000,2799.2000,2800.2000,2800.6000,2800.8000,1,2,2,1,1,1,2,3,6,1
SF,IH2003,2020-02-06 09:32:34.600,2798.6000,24748,-1,436104120.000,1,0,1,双平,S,2798.2000,2798.0000,2797.2000,2796.6000,2796.0000,2798.6000,2799.0000,2799.2000,2800.2000,2800.6000,2,2,1,1,3,1,1,2,3,6
SF,IH2003,2020-02-06 09:32:35.100,2798.6000,24748,0,436104120.000,0,-,-,-,-,2798.2000,2798.0000,2797.2000,2796.6000,2796.0000,2798.6000,2798.8000,2799.0000,2799.2000,2800.2000,2,2,1,1,3,1,2,1,2,3
SF,IH2003,2020-02-06 09:32:35.600,2798.6000,24748,0,436104120.000,0,-,-,-,-,2798.4000,2798.2000,2798.0000,2797.2000,2796.6000,2798.6000,2798.8000,2799.0000,2799.2000,2800.2000,1,2,2,1,1,1,2,1,1,3
SF,IH2003,2020-02-06 09:32:36.100,2798.8000,24747,-1,437783340.000,2,0,2,多平,S,2798.6000,2798.2000,2798.0000,2797.2000,2796.6000,2798.8000,2799.0000,2799.2000,2800.2000,2800.6000,2,2,2,1,1,1,1,1,3,6
SF,IH2003,2020-02-06 09:32:36.600,2798.8000,24744,-3,442821180.000,6,1,5,多平,S,2798.6000,2798.2000,2798.0000,2797.2000,2796.6000,2799.2000,2800.2000,2800.6000,2800.8000,2801.0000,8,2,2,1,1,1,3,6,1,1
SF,IH2003,2020-02-06 09:32:37.100,2799.2000,24743,-1,443660940.000,1,0,1,双平,S,2798.6000,2798.2000,2798.0000,2797.2000,2796.6000,2800.2000,2800.6000,2800.8000,2801.0000,2801.4000,8,2,3,1,1,3,6,1,1,1
SF,IH2003,2020-02-06 09:32:37.600,2798.6000,24744,1,445340160.000,2,1,1,空开,S,2798.6000,2798.2000,2798.0000,2797.2000,2796.6000,2800.0000,2800.6000,2800.8000,2801.0000,2801.4000,8,2,2,1,1,9,2,1,1,1
SF,IH2003,2020-02-06 09:32:38.100,2798.6000,24744,0,445340160.000,0,-,-,-,-,2798.6000,2798.2000,2798.0000,2797.2000,2796.6000,2800.0000,2800.6000,2800.8000,2801.0000,2801.4000,8,2,2,1,1,5,2,4,1,1
SF,IH2003,2020-02-06 09:32:38.600,2800.0000,24745,1,449540100.000,5,3,2,空开,S,2798.8000,2798.6000,2798.2000,2798.0000,2797.2000,2799.2000,2800.0000,2800.6000,2800.8000,2801.0000,1,8,2,2,1,1,1,2,4,1
SF,IH2003,2020-02-06 09:32:39.100,2799.2000,24745,0,451219620.000,2,1,1,多换,S,2799.4000,2799.2000,2799.0000,2798.8000,2798.6000,2800.6000,2800.8000,2801.0000,2801.4000,2802.0000,1,1,3,1,6,2,4,1,1,8
SF,IH2003,2020-02-06 09:32:39.600,2799.2000,24745,0,452059380.000,1,0,1,多换,S,2799.6000,2799.0000,2798.6000,2798.2000,2798.0000,2800.4000,2800.6000,2800.8000,2801.0000,2801.4000,1,1,6,2,3,4,2,4,1,1
SF,IH2003,2020-02-06 09:32:40.100,2799.6000,24744,-1,452899260.000,1,0,1,双平,S,2799.6000,2799.0000,2798.6000,2798.2000,2798.0000,2800.4000,2800.6000,2800.8000,2801.0000,2801.4000,1,1,6,2,3,4,2,4,1,1
SF,IH2003,2020-02-06 09:32:40.600,2799.6000,24744,0,453739140.000,1,0,1,多换,S,2799.6000,2799.0000,2798.6000,2798.2000,2798.0000,2800.4000,2800.6000,2800.8000,2801.0000,2801.4000,1,1,6,2,3,4,2,4,1,1
SF,IH2003,2020-02-06 09:32:41.100,2799.6000,24744,0,454579020.000,1,0,1,多换,S,2799.6000,2799.0000,2798.6000,2798.2000,2798.0000,2800.4000,2800.6000,2800.8000,2801.0000,2801.4000,1,1,6,2,3,1,1,4,1,1
SF,IH2003,2020-02-06 09:32:41.600,2799.6000,24744,0,454579020.000,0,-,-,-,-,2799.0000,2798.6000,2798.2000,2798.0000,2797.2000,2799.6000,2800.4000,2800.6000,2800.8000,2801.0000,1,6,2,3,1,1,1,2,4,1
SF,IH2003,2020-02-06 09:32:42.100,2799.6000,24744,0,454579020.000,0,-,-,-,-,2799.0000,2798.6000,2798.2000,2798.0000,2797.2000,2799.6000,2800.4000,2800.6000,2800.8000,2801.0000,1,1,2,3,1,1,1,2,1,1
SF,IH2003,2020-02-06 09:32:42.600,2799.0000,24743,-1,455418720.000,1,0,1,双平,S,2798.6000,2798.2000,2798.0000,2797.2000,2796.6000,2800.2000,2800.4000,2800.6000,2800.8000,2801.0000,1,2,3,1,1,1,1,2,1,1
SF,IH2003,2020-02-06 09:32:43.100,2799.0000,24743,0,455418720.000,0,-,-,-,-,2798.8000,2798.2000,2798.0000,2797.2000,2796.6000,2800.0000,2800.2000,2800.6000,2800.8000,2801.0000,1,2,3,1,1,7,2,2,4,1
SF,IH2003,2020-02-06 09:32:43.600,2799.0000,24743,0,456258420.000,1,0,1,多换,S,2798.2000,2798.0000,2797.2000,2796.6000,2796.0000,2799.8000,2800.0000,2800.2000,2800.6000,2800.8000,2,3,1,1,3,1,7,2,2,4
SF,IH2003,2020-02-06 09:32:44.100,2799.0000,24743,0,456258420.000,0,-,-,-,-,2798.4000,2798.2000,2798.0000,2797.2000,2796.6000,2800.0000,2800.2000,2800.6000,2800.8000,2801.0000,1,2,3,1,1,7,2,2,4,1
SF,IH2003,2020-02-06 09:32:44.600,2798.4000,24743,0,457097940.000,1,0,1,多换,S,2798.2000,2798.0000,2797.2000,2796.6000,2796.0000,2799.2000,2799.4000,2799.6000,2799.8000,2800.0000,2,3,1,1,3,1,3,4,3,5
SF,IH2003,2020-02-06 09:32:45.100,2798.4000,24743,0,457097940.000,0,-,-,-,-,2798.2000,2798.0000,2797.2000,2796.6000,2796.0000,2799.0000,2799.6000,2800.0000,2800.2000,2800.6000,2,3,1,1,3,1,3,4,3,1
SF,IH2003,2020-02-06 09:32:45.600,2798.4000,24743,0,457097940.000,0,-,-,-,-,2798.2000,2798.0000,2797.2000,2796.6000,2796.0000,2799.0000,2799.6000,2800.0000,2800.2000,2800.6000,2,3,1,1,3,4,1,5,4,1
SF,IH2003,2020-02-06 09:32:46.100,2798.4000,24743,0,457097940.000,0,-,-,-,-,2798.2000,2798.0000,2797.2000,2796.6000,2796.0000,2798.8000,2799.0000,2799.6000,2800.0000,2800.2000,2,3,1,1,3,1,2,1,3,4
SF,IH2003,2020-02-06 09:32:46.600,2798.4000,24743,0,457097940.000,0,-,-,-,-,2798.2000,2798.0000,2797.2000,2796.6000,2796.0000,2798.8000,2799.0000,2799.6000,2800.0000,2800.2000,2,3,1,1,3,2,2,1,3,4
SF,IH2003,2020-02-06 09:32:47.100,2798.8000,24743,0,461296020.000,5,2,3,多换,S,2798.2000,2798.0000,2797.2000,2796.6000,2796.0000,2799.0000,2799.6000,2800.0000,2800.2000,2800.6000,3,3,1,1,3,2,1,3,1,1
SF,IH2003,2020-02-06 09:32:47.600,2798.2000,24742,-1,462135480.000,1,0,1,双平,S,2798.2000,2798.0000,2797.2000,2796.6000,2796.0000,2799.0000,2799.6000,2800.0000,2800.2000,2800.6000,1,3,1,1,3,2,4,3,1,1
SF,IH2003,2020-02-06 09:32:48.100,2798.2000,24742,0,462974940.000,1,0,1,多换,S,2798.0000,2797.2000,2796.6000,2796.0000,2795.2000,2798.2000,2798.4000,2798.8000,2799.0000,2799.6000,3,1,1,3,2,4,2,4,2,3
SF,IH2003,2020-02-06 09:32:48.600,2798.0000,24740,-2,465493140.000,3,0,3,多平,S,2797.2000,2796.6000,2796.0000,2795.2000,2795.0000,2798.2000,2798.8000,2799.0000,2800.0000,2800.2000,1,1,3,2,2,4,5,2,2,1
SF,IH2003,2020-02-06 09:32:49.100,2798.4000,24735,-5,470529900.000,6,0,6,多平,S,2797.2000,2796.6000,2796.0000,2795.2000,2795.0000,2798.0000,2798.4000,2798.8000,2799.0000,2800.0000,1,1,3,2,2,1,1,5,2,2
SF,IH2003,2020-02-06 09:32:49.600,2798.8000,24736,1,476407020.000,7,4,3,空开,S,2798.0000,2797.2000,2796.6000,2796.0000,2795.2000,2799.0000,2800.0000,2800.2000,2800.6000,2800.8000,6,1,1,3,2,4,2,1,1,1
SF,IH2003,2020-02-06 09:32:50.100,2798.0000,24736,0,481443420.000,6,3,3,多换,S,2797.2000,2796.6000,2796.0000,2795.2000,2795.0000,2798.2000,2798.8000,2799.0000,2800.0000,2800.2000,1,1,3,2,2,1,5,7,1,1
SF,IH2003,2020-02-06 09:32:50.600,2798.0000,24736,0,482282820.000,1,0,1,多换,S,2797.2000,2796.6000,2796.0000,2795.2000,2795.0000,2798.0000,2798.2000,2798.4000,2798.6000,2798.8000,1,1,2,2,2,3,5,1,1,6
SF,IH2003,2020-02-06 09:32:51.100,2798.0000,24736,0,482282820.000,0,-,-,-,-,2797.2000,2796.6000,2796.0000,2795.2000,2795.0000,2798.0000,2798.2000,2798.4000,2798.6000,2798.8000,1,1,2,2,2,4,5,1,1,6
SF,IH2003,2020-02-06 09:32:51.600,2798.0000,24736,0,482282820.000,0,-,-,-,-,2797.2000,2796.6000,2796.0000,2795.2000,2795.0000,2798.0000,2798.2000,2798.4000,2798.6000,2798.8000,1,1,2,2,2,4,5,1,1,6
SF,IH2003,2020-02-06 09:32:52.100,2798.0000,24736,0,482282820.000,0,-,-,-,-,2797.2000,2796.6000,2796.0000,2795.2000,2795.0000,2798.0000,2798.2000,2798.8000,2799.0000,2800.0000,1,1,2,2,2,3,2,6,6,1
SF,IH2003,2020-02-06 09:32:52.600,2797.2000,24735,-1,483121980.000,1,0,1,双平,S,2796.6000,2796.0000,2795.2000,2795.0000,2794.2000,2798.0000,2798.2000,2798.8000,2799.0000,2799.8000,1,2,2,2,1,2,2,6,6,1
SF,IH2003,2020-02-06 09:32:53.100,2797.2000,24735,0,483121980.000,0,-,-,-,-,2796.6000,2796.0000,2795.2000,2795.0000,2794.2000,2797.8000,2798.0000,2798.2000,2798.8000,2799.0000,1,2,2,2,1,4,2,2,6,5
SF,IH2003,2020-02-06 09:32:53.600,2797.2000,24735,0,483121980.000,0,-,-,-,-,2796.6000,2796.0000,2795.2000,2795.0000,2794.2000,2797.6000,2797.8000,2798.2000,2798.8000,2799.0000,1,2,2,2,1,1,4,2,6,5
SF,IH2003,2020-02-06 09:32:54.100,2797.6000,24735,0,483961260.000,1,0,1,多换,S,2796.6000,2796.0000,2795.2000,2795.0000,2794.2000,2797.8000,2798.2000,2798.8000,2799.0000,2799.8000,1,2,2,2,1,1,2,6,5,1
SF,IH2003,2020-02-06 09:32:54.600,2797.6000,24735,0,483961260.000,0,-,-,-,-,2796.6000,2796.0000,2795.2000,2795.0000,2794.2000,2797.6000,2797.8000,2798.2000,2798.4000,2798.8000,1,2,2,2,1,2,1,2,2,6
SF,IH2003,2020-02-06 09:32:55.100,2797.6000,24735,0,483961260.000,0,-,-,-,-,2796.6000,2796.0000,2795.2000,2795.0000,2794.2000,2797.4000,2797.6000,2797.8000,2798.2000,2798.8000,1,2,2,2,1,1,3,1,2,6
SF,IH2003,2020-02-06 09:32:55.600,2796.6000,24734,-1,486478680.000,3,1,2,多平,S,2796.0000,2795.2000,2795.0000,2794.2000,2793.8000,2796.6000,2797.2000,2797.4000,2797.6000,2797.8000,2,2,2,1,1,1,2,1,2,2
SF,IH2003,2020-02-06 09:32:56.100,2796.6000,24734,0,486478680.000,0,-,-,-,-,2796.0000,2795.2000,2795.0000,2794.2000,2793.8000,2796.6000,2797.2000,2797.6000,2797.8000,2798.2000,2,2,2,1,1,1,3,1,2,2
SF,IH2003,2020-02-06 09:32:56.600,2796.0000,24734,0,487317480.000,1,0,1,多换,S,2796.0000,2795.2000,2795.0000,2794.2000,2793.8000,2796.6000,2797.2000,2797.6000,2797.8000,2798.2000,1,2,2,1,1,1,3,1,2,2
SF,IH2003,2020-02-06 09:32:57.100,2796.0000,24734,0,487317480.000,0,-,-,-,-,2796.0000,2795.2000,2795.0000,2794.2000,2793.8000,2796.4000,2796.6000,2797.2000,2797.6000,2797.8000,1,2,2,1,1,1,1,3,1,1
SF,IH2003,2020-02-06 09:32:57.600,2795.2000,24732,-2,488994840.000,2,0,2,双平,S,2795.2000,2795.0000,2794.2000,2793.8000,2793.0000,2796.4000,2796.6000,2797.2000,2797.6000,2797.8000,1,2,1,1,1,1,1,5,1,1
SF,IH2003,2020-02-06 09:32:58.100,2795.2000,24731,-1,489833400.000,1,0,1,双平,S,2795.0000,2794.2000,2793.8000,2793.0000,2792.8000,2796.2000,2796.4000,2796.6000,2797.2000,2797.6000,2,1,1,1,2,1,1,1,3,1
SF,IH2003,2020-02-06 09:32:58.600,2795.2000,24731,0,489833400.000,0,-,-,-,-,2795.0000,2794.2000,2793.8000,2793.0000,2792.8000,2796.4000,2796.6000,2797.2000,2797.6000,2797.8000,2,1,1,1,2,1,3,3,1,1
SF,IH2003,2020-02-06 09:32:59.100,2796.4000,24731,0,490672320.000,1,0,1,多换,S,2796.4000,2795.2000,2795.0000,2794.2000,2793.8000,2796.6000,2797.2000,2797.6000,2797.8000,2798.2000,1,3,2,1,1,2,6,1,1,2
SF,IH2003,2020-02-06 09:32:59.600,2796.4000,24731,0,491511240.000,1,0,1,多换,S,2795.2000,2795.0000,2794.2000,2793.8000,2793.0000,2796.4000,2796.6000,2797.2000,2797.6000,2797.8000,3,2,1,1,1,1,2,3,1,1
SF,IH2003,2020-02-06 09:33:00.100,2796.4000,24731,0,493189080.000,2,1,1,多换,S,2795.2000,2795.0000,2794.2000,2793.8000,2793.0000,2796.4000,2796.6000,2797.2000,2797.6000,2797.8000,3,2,1,1,1,1,2,3,1,1
SF,IH2003,2020-02-06 09:33:00.600,2795.2000,24730,-1,494027640.000,1,0,1,双平,S,2795.0000,2794.2000,2793.8000,2793.0000,2792.8000,2796.2000,2796.6000,2797.2000,2797.6000,2797.8000,2,1,1,1,2,2,2,1,1,1
SF,IH2003,2020-02-06 09:33:01.100,2795.2000,24730,0,494027640.000,0,-,-,-,-,2795.0000,2794.2000,2793.8000,2793.0000,2792.8000,2795.2000,2796.0000,2796.2000,2796.4000,2796.6000,3,1,1,1,2,1,1,2,1,2
SF,IH2003,2020-02-06 09:33:01.600,2795.0000,24728,-2,496543140.000,3,0,3,多平,S,2794.2000,2793.8000,2793.0000,2792.8000,2792.4000,2794.8000,2795.2000,2796.0000,2796.2000,2796.4000,1,1,1,2,3,1,2,4,2,1
SF,IH2003,2020-02-06 09:33:02.100,2795.0000,24728,0,496543140.000,0,-,-,-,-,2794.2000,2793.8000,2793.0000,2792.8000,2792.4000,2794.8000,2795.2000,2796.0000,2796.2000,2796.4000,1,1,1,2,3,1,3,4,2,1
SF,IH2003,2020-02-06 09:33:02.600,2794.2000,24728,0,499057920.000,3,1,2,多换,S,2793.8000,2793.0000,2792.8000,2792.4000,2792.0000,2794.8000,2795.2000,2796.0000,2796.2000,2796.4000,1,1,2,3,1,1,3,4,2,1
SF,IH2003,2020-02-06 09:33:03.100,2794.2000,24728,0,499057920.000,0,-,-,-,-,2793.8000,2793.0000,2792.8000,2792.4000,2792.0000,2794.6000,2794.8000,2795.0000,2795.2000,2796.0000,1,1,2,3,1,1,1,2,3,4
SF,IH2003,2020-02-06 09:33:03.600,2794.2000,24728,0,499057920.000,0,-,-,-,-,2793.8000,2793.0000,2792.8000,2792.4000,2792.0000,2794.6000,2795.0000,2795.2000,2796.0000,2796.2000,1,1,2,3,1,1,10,2,4,2
SF,IH2003,2020-02-06 09:33:04.100,2794.2000,24728,0,499057920.000,0,-,-,-,-,2793.8000,2793.0000,2792.8000,2792.4000,2792.0000,2794.2000,2794.6000,2795.0000,2795.2000,2796.0000,1,1,2,3,1,1,1,10,4,4
SF,IH2003,2020-02-06 09:33:04.600,2794.2000,24728,0,499896180.000,1,0,1,多换,S,2793.8000,2793.0000,2792.8000,2792.4000,2792.0000,2794.2000,2795.0000,2795.2000,2796.0000,2796.2000,1,1,2,3,1,1,10,4,4,2
SF,IH2003,2020-02-06 09:33:05.100,2794.2000,24729,1,501572700.000,2,1,1,空开,S,2793.8000,2793.0000,2792.8000,2792.4000,2792.0000,2794.8000,2795.0000,2795.2000,2796.0000,2796.2000,1,1,2,3,1,2,10,4,2,2
SF,IH2003,2020-02-06 09:33:05.600,2793.8000,24729,0,502410840.000,1,0,1,多换,S,2793.0000,2792.8000,2792.4000,2792.0000,2791.0000,2794.8000,2795.0000,2795.2000,2796.0000,2796.2000,1,2,3,1,2,3,10,4,2,2
SF,IH2003,2020-02-06 09:33:06.100,2793.2000,24729,0,503248800.000,1,0,1,多换,S,2793.2000,2793.0000,2792.8000,2792.4000,2792.0000,2794.6000,2794.8000,2795.0000,2795.2000,2796.0000,5,1,2,3,1,2,3,2,4,2
SF,IH2003,2020-02-06 09:33:06.600,2793.2000,24729,0,503248800.000,0,-,-,-,-,2793.2000,2793.0000,2792.8000,2792.4000,2792.0000,2794.4000,2794.6000,2794.8000,2795.0000,2795.2000,3,1,2,3,1,2,8,3,2,4
SF,IH2003,2020-02-06 09:33:07.100,2793.2000,24729,0,503248800.000,0,-,-,-,-,2793.4000,2793.2000,2793.0000,2792.8000,2792.4000,2794.2000,2794.4000,2794.6000,2794.8000,2795.2000,1,2,1,2,3,1,2,3,1,4
SF,IH2003,2020-02-06 09:33:07.600,2793.0000,24726,-3,508276380.000,6,1,5,多平,S,2792.8000,2792.4000,2792.2000,2792.0000,2791.0000,2793.0000,2794.4000,2794.6000,2794.8000,2795.2000,2,3,1,1,2,2,1,1,1,4
SF,IH2003,2020-02-06 09:33:08.100,2793.2000,24724,-2,510790140.000,3,0,3,多平,S,2793.0000,2792.8000,2792.4000,2792.2000,2792.0000,2794.6000,2795.2000,2796.2000,2796.4000,2799.0000,9,2,3,1,1,1,4,2,1,2
SF,IH2003,2020-02-06 09:33:08.600,2793.2000,24724,0,510790140.000,0,-,-,-,-,2793.4000,2793.0000,2792.8000,2792.4000,2792.2000,2794.4000,2794.6000,2794.8000,2795.2000,2796.2000,1,5,2,3,1,1,2,1,2,2
SF,IH2003,2020-02-06 09:33:09.100,2793.2000,24724,0,510790140.000,0,-,-,-,-,2793.4000,2793.2000,2793.0000,2792.8000,2792.4000,2794.6000,2794.8000,2795.2000,2796.2000,2796.4000,1,2,5,2,3,1,2,4,2,1
SF,IH2003,2020-02-06 09:33:09.600,2793.0000,24722,-2,513303900.000,3,0,3,多平,S,2793.0000,2792.8000,2792.4000,2792.2000,2792.0000,2793.4000,2794.4000,2794.6000,2794.8000,2795.0000,3,2,3,1,1,1,1,2,3,1
SF,IH2003,2020-02-06 09:33:10.100,2793.4000,24721,-1,514141920.000,1,0,1,双平,S,2793.4000,2793.0000,2792.8000,2792.4000,2792.2000,2794.6000,2794.8000,2795.0000,2795.2000,2796.2000,2,3,2,3,1,2,3,1,3,2
SF,IH2003,2020-02-06 09:33:10.600,2793.4000,24724,3,517494000.000,4,3,1,空开,S,2793.0000,2792.8000,2792.4000,2792.2000,2792.0000,2793.4000,2794.4000,2794.6000,2794.8000,2795.0000,3,2,3,1,1,1,3,2,3,1
SF,IH2003,2020-02-06 09:33:11.100,2793.4000,24725,1,518332020.000,1,1,0,双开,S,2793.4000,2792.8000,2792.4000,2792.2000,2792.0000,2794.4000,2794.6000,2794.8000,2795.0000,2795.2000,2,2,3,1,1,2,2,3,1,1
SF,IH2003,2020-02-06 09:33:11.600,2793.4000,24725,0,520846080.000,3,1,2,多换,S,2793.2000,2792.8000,2792.4000,2792.2000,2792.0000,2794.2000,2794.4000,2794.6000,2794.8000,2795.0000,2,2,3,1,1,3,2,3,1,1
SF,IH2003,2020-02-06 09:33:12.100,2793.4000,24725,0,520846080.000,0,-,-,-,-,2793.4000,2792.8000,2792.4000,2792.2000,2792.0000,2794.0000,2794.2000,2794.6000,2794.8000,2795.0000,1,2,3,1,1,1,1,1,1,1
SF,IH2003,2020-02-06 09:33:12.600,2793.4000,24725,0,520846080.000,0,-,-,-,-,2793.4000,2793.2000,2792.8000,2792.4000,2792.2000,2793.8000,2794.0000,2794.6000,2794.8000,2795.0000,1,1,2,3,1,1,4,1,1,1
SF,IH2003,2020-02-06 09:33:13.100,2794.0000,24724,-1,521684280.000,1,0,1,双平,S,2793.8000,2793.2000,2792.8000,2792.4000,2792.2000,2794.0000,2794.6000,2794.8000,2795.0000,2795.2000,1,3,2,3,1,2,3,1,1,1
SF,IH2003,2020-02-06 09:33:13.600,2794.0000,24724,0,521684280.000,0,-,-,-,-,2793.2000,2792.8000,2792.4000,2792.2000,2792.0000,2794.0000,2794.6000,2794.8000,2795.0000,2795.2000,3,2,3,1,2,2,3,1,1,1
SF,IH2003,2020-02-06 09:33:14.600,2794.0000,24724,0,521684280.000,0,-,-,-,-,2793.2000,2793.0000,2792.8000,2792.4000,2792.2000,2793.8000,2794.0000,2794.6000,2794.8000,2795.0000,4,1,2,3,1,1,2,3,1,1
SF,IH2003,2020-02-06 09:33:15.100,2794.0000,24724,0,521684280.000,0,-,-,-,-,2793.2000,2793.0000,2792.8000,2792.4000,2792.2000,2793.6000,2794.0000,2794.6000,2794.8000,2795.0000,5,1,2,3,1,1,2,3,1,1
SF,IH2003,2020-02-06 09:33:15.600,2793.2000,24723,-1,522522240.000,1,0,1,双平,S,2793.2000,2793.0000,2792.8000,2792.4000,2792.2000,2794.0000,2794.6000,2794.8000,2795.0000,2795.2000,4,1,2,3,1,2,3,1,1,1
SF,IH2003,2020-02-06 09:33:16.100,2793.2000,24723,0,522522240.000,0,-,-,-,-,2793.6000,2793.4000,2793.2000,2793.0000,2792.8000,2794.0000,2794.6000,2794.8000,2795.0000,2795.2000,1,1,4,2,2,2,3,1,1,1
SF,IH2003,2020-02-06 09:33:16.600,2794.0000,24723,0,524198640.000,2,1,1,多换,S,2793.6000,2793.4000,2793.2000,2793.0000,2792.8000,2794.6000,2794.8000,2795.0000,2795.2000,2796.2000,1,1,4,2,2,3,1,1,2,2
SF,IH2003,2020-02-06 09:33:17.100,2794.0000,24723,0,525036840.000,1,0,1,多换,S,2794.0000,2793.6000,2793.2000,2793.0000,2792.8000,2794.4000,2794.6000,2794.8000,2795.0000,2795.2000,1,1,4,2,2,3,3,1,1,2
SF,IH2003,2020-02-06 09:33:17.600,2794.0000,24723,0,525036840.000,0,-,-,-,-,2794.0000,2793.6000,2793.2000,2793.0000,2792.8000,2794.4000,2794.6000,2794.8000,2795.0000,2795.2000,2,1,4,2,2,3,3,1,1,2
SF,IH2003,2020-02-06 09:33:18.100,2794.0000,24723,0,525875040.000,1,0,1,多换,S,2794.0000,2793.6000,2793.2000,2793.0000,2792.8000,2794.4000,2794.6000,2794.8000,2795.0000,2795.2000,1,1,4,2,2,1,3,1,1,2
SF,IH2003,2020-02-06 09:33:18.600,2794.0000,24724,1,526713240.000,1,1,0,双开,S,2794.0000,2793.6000,2793.2000,2793.0000,2792.8000,2794.4000,2794.6000,2794.8000,2795.0000,2795.2000,1,1,4,2,2,1,3,1,1,2
SF,IH2003,2020-02-06 09:33:19.100,2794.0000,24724,0,527551440.000,1,0,1,多换,S,2793.6000,2793.2000,2793.0000,2792.8000,2792.4000,2794.6000,2794.8000,2795.0000,2795.2000,2796.2000,1,4,2,2,3,3,1,1,2,2
SF,IH2003,2020-02-06 09:33:19.600,2793.2000,24721,-3,530903400.000,4,0,4,多平,S,2793.2000,2793.0000,2792.8000,2792.4000,2792.2000,2794.0000,2794.6000,2794.8000,2795.0000,2795.2000,1,2,2,3,1,1,4,1,1,2
SF,IH2003,2020-02-06 09:33:20.100,2794.6000,24720,-1,535094940.000,5,2,3,多平,S,2794.4000,2794.2000,2794.0000,2793.4000,2793.2000,2794.6000,2794.8000,2795.0000,2795.2000,2796.2000,1,2,1,1,2,1,1,1,2,2
SF,IH2003,2020-02-06 09:33:20.600,2794.6000,24719,-1,535933320.000,1,0,1,双平,S,2794.6000,2794.4000,2794.2000,2794.0000,2793.4000,2794.8000,2795.0000,2795.2000,2796.2000,2796.4000,4,1,2,4,6,3,1,2,2,1
SF,IH2003,2020-02-06 09:33:21.100,2794.8000,24718,-1,540964020.000,6,2,4,多平,S,2794.8000,2794.6000,2794.4000,2794.2000,2794.0000,2795.2000,2796.2000,2796.4000,2799.0000,2799.8000,3,7,2,2,3,2,2,1,1,2
SF,IH2003,2020-02-06 09:33:21.600,2795.2000,24717,-1,542641140.000,2,0,2,多平,S,2795.2000,2794.8000,2794.6000,2794.4000,2794.2000,2796.2000,2796.4000,2799.0000,2799.8000,2800.0000,2,2,7,2,2,2,1,1,2,2
SF,IH2003,2020-02-06 09:33:22.100,2795.2000,24717,0,543479700.000,1,0,1,多换,S,2795.4000,2795.2000,2795.0000,2794.8000,2794.6000,2796.0000,2796.2000,2796.4000,2799.0000,2799.8000,1,1,2,2,5,2,2,1,1,2
SF,IH2003,2020-02-06 09:33:22.600,2795.4000,24716,-1,545156940.000,2,0,2,多平,S,2795.4000,2795.0000,2794.8000,2794.6000,2794.4000,2796.0000,2796.2000,2796.4000,2799.0000,2799.8000,1,2,2,5,2,2,2,1,1,2
SF,IH2003,2020-02-06 09:33:23.100,2795.4000,24715,-1,545995560.000,1,0,1,双平,S,2795.0000,2794.8000,2794.6000,2794.4000,2794.2000,2795.4000,2796.0000,2796.2000,2796.4000,2799.0000,1,2,5,2,2,1,3,2,1,1
SF,IH2003,2020-02-06 09:33:23.600,2795.4000,24715,0,545995560.000,0,-,-,-,-,2795.0000,2794.8000,2794.6000,2794.4000,2794.2000,2796.0000,2796.2000,2796.4000,2799.0000,2799.8000,2,2,5,2,2,2,2,1,1,2
SF,IH2003,2020-02-06 09:33:24.100,2795.0000,24715,0,546834060.000,1,0,1,多换,S,2795.0000,2794.8000,2794.6000,2794.4000,2794.2000,2795.4000,2796.0000,2796.2000,2796.4000,2799.0000,1,2,5,1,2,1,3,2,1,1
SF,IH2003,2020-02-06 09:33:24.600,2795.0000,24715,0,546834060.000,0,-,-,-,-,2795.0000,2794.8000,2794.6000,2794.4000,2794.2000,2795.4000,2796.0000,2796.2000,2796.4000,2799.0000,1,1,5,1,2,1,3,2,1,1
SF,IH2003,2020-02-06 09:33:25.100,2795.0000,24714,-1,547672560.000,1,0,1,双平,S,2794.6000,2794.4000,2794.2000,2794.0000,2793.6000,2795.4000,2796.0000,2796.2000,2796.4000,2799.0000,4,1,2,3,1,1,3,2,1,1
SF,IH2003,2020-02-06 09:33:25.600,2795.0000,24714,0,547672560.000,0,-,-,-,-,2794.6000,2794.4000,2794.2000,2794.0000,2793.6000,2794.8000,2795.4000,2796.0000,2796.4000,2799.0000,1,1,2,3,1,1,2,2,1,1
SF,IH2003,2020-02-06 09:33:26.100,2794.4000,24713,-1,549349260.000,2,0,2,多平,S,2794.2000,2794.0000,2793.6000,2793.4000,2793.2000,2794.6000,2794.8000,2795.4000,2796.0000,2796.2000,2,3,1,1,1,2,1,2,2,3
SF,IH2003,2020-02-06 09:33:26.600,2794.4000,24713,0,549349260.000,0,-,-,-,-,2794.2000,2794.0000,2793.6000,2793.4000,2793.2000,2794.6000,2794.8000,2795.4000,2796.0000,2796.2000,3,3,1,1,1,2,1,2,2,3
SF,IH2003,2020-02-06 09:33:27.100,2794.4000,24713,0,549349260.000,0,-,-,-,-,2794.2000,2794.0000,2793.6000,2793.4000,2793.2000,2794.6000,2794.8000,2795.4000,2796.0000,2796.2000,3,3,1,1,1,2,1,2,2,3
SF,IH2003,2020-02-06 09:33:27.600,2794.6000,24712,-1,551026020.000,2,0,2,多平,S,2794.6000,2794.2000,2794.0000,2793.6000,2793.4000,2794.8000,2795.4000,2796.0000,2796.2000,2796.4000,1,3,3,1,1,1,2,2,3,1
SF,IH2003,2020-02-06 09:33:28.100,2794.8000,24711,-1,551864460.000,1,0,1,双平,S,2794.8000,2794.6000,2794.2000,2794.0000,2793.6000,2795.4000,2796.0000,2796.4000,2799.0000,2799.8000,1,1,3,3,1,2,2,1,1,2
SF,IH2003,2020-02-06 09:33:28.600,2794.6000,24710,-1,553541280.000,2,0,2,多平,S,2794.2000,2794.0000,2793.6000,2793.4000,2793.2000,2794.8000,2795.2000,2795.4000,2796.0000,2796.4000,3,3,1,1,1,1,2,4,1,1
SF,IH2003,2020-02-06 09:33:29.100,2794.6000,24710,0,553541280.000,0,-,-,-,-,2794.2000,2794.0000,2793.6000,2793.4000,2793.2000,2794.8000,2795.2000,2795.4000,2796.0000,2796.4000,3,3,1,1,1,1,2,1,1,1
SF,IH2003,2020-02-06 09:33:29.600,2794.6000,24710,0,553541280.000,0,-,-,-,-,2794.2000,2794.0000,2793.6000,2793.4000,2793.2000,2794.8000,2795.2000,2795.4000,2796.0000,2796.4000,3,3,1,1,1,2,2,1,1,1
SF,IH2003,2020-02-06 09:33:30.100,2794.6000,24710,0,553541280.000,0,-,-,-,-,2794.2000,2794.0000,2793.6000,2793.4000,2793.2000,2794.8000,2795.4000,2796.0000,2796.4000,2799.0000,3,3,1,1,1,1,1,1,1,1
SF,IH2003,2020-02-06 09:33:30.600,2794.2000,24709,-1,554379540.000,1,0,1,双平,S,2794.2000,2794.0000,2793.6000,2793.4000,2793.2000,2795.4000,2796.0000,2796.4000,2799.0000,2799.8000,3,3,1,1,1,1,1,1,1,2
SF,IH2003,2020-02-06 09:33:31.100,2794.2000,24709,0,554379540.000,0,-,-,-,-,2794.2000,2794.0000,2793.6000,2793.4000,2793.2000,2794.8000,2795.2000,2795.4000,2796.0000,2796.4000,2,3,1,1,1,1,4,2,1,1
SF,IH2003,2020-02-06 09:33:31.600,2794.0000,24705,-4,557732460.000,4,0,4,双平,S,2793.6000,2793.4000,2793.2000,2793.0000,2792.8000,2794.2000,2794.8000,2795.2000,2795.4000,2795.8000,1,1,1,6,2,2,1,4,2,1
SF,IH2003,2020-02-06 09:33:32.100,2794.0000,24705,0,557732460.000,0,-,-,-,-,2793.6000,2793.4000,2793.2000,2793.0000,2792.8000,2794.2000,2794.6000,2794.8000,2795.2000,2795.4000,1,1,1,6,2,1,2,1,4,2
SF,IH2003,2020-02-06 09:33:32.600,2794.2000,24704,-1,558570720.000,1,0,1,双平,S,2793.6000,2793.4000,2793.0000,2792.8000,2792.4000,2794.6000,2794.8000,2795.2000,2795.4000,2795.8000,1,1,6,2,3,2,1,2,2,1
SF,IH2003,2020-02-06 09:33:33.100,2793.6000,24703,-1,559408800.000,1,0,1,双平,S,2793.4000,2793.0000,2792.8000,2792.4000,2792.2000,2794.2000,2794.6000,2794.8000,2795.2000,2795.4000,1,6,2,3,1,1,3,3,2,1
SF,IH2003,2020-02-06 09:33:33.600,2793.6000,24703,0,559408800.000,0,-,-,-,-,2793.4000,2793.0000,2792.8000,2792.4000,2792.2000,2794.2000,2794.6000,2794.8000,2795.2000,2795.4000,1,6,2,3,1,2,2,4,3,1
SF,IH2003,2020-02-06 09:33:34.100,2793.6000,24703,0,559408800.000,0,-,-,-,-,2793.4000,2793.0000,2792.8000,2792.4000,2792.2000,2794.0000,2794.2000,2794.8000,2795.2000,2795.4000,1,6,2,3,1,2,2,4,3,1
SF,IH2003,2020-02-06 09:33:34.600,2793.4000,24702,-1,560246820.000,1,0,1,双平,S,2793.4000,2793.0000,2792.8000,2792.4000,2792.2000,2793.6000,2794.0000,2794.2000,2794.8000,2795.2000,1,6,2,3,1,1,2,2,4,3
SF,IH2003,2020-02-06 09:33:35.100,2793.4000,24701,-1,561084840.000,1,0,1,双平,S,2793.0000,2792.8000,2792.4000,2792.2000,2792.0000,2793.4000,2793.6000,2794.0000,2794.2000,2794.8000,6,2,3,1,1,1,1,1,2,1
SF,IH2003,2020-02-06 09:33:35.600,2793.4000,24698,-3,563598900.000,3,0,3,双平,S,2793.0000,2792.8000,2792.4000,2792.2000,2792.0000,2793.6000,2794.0000,2794.2000,2794.8000,2795.2000,6,2,3,1,1,1,1,5,1,3
SF,IH2003,2020-02-06 09:33:36.100,2793.6000,24699,1,564436980.000,1,1,0,双开,S,2793.8000,2793.6000,2793.0000,2792.8000,2792.4000,2794.0000,2794.2000,2794.8000,2795.2000,2795.4000,2,2,6,2,3,1,4,1,3,1
SF,IH2003,2020-02-06 09:33:36.600,2794.0000,24698,-1,566951640.000,3,1,2,多平,S,2794.0000,2793.8000,2793.6000,2793.0000,2792.8000,2794.2000,2794.8000,2795.2000,2795.4000,2796.0000,1,2,2,6,2,3,1,3,1,1
SF,IH2003,2020-02-06 09:33:37.100,2794.2000,24698,0,569466420.000,3,1,2,多换,S,2794.2000,2793.8000,2793.6000,2793.0000,2792.8000,2794.8000,2795.2000,2795.4000,2796.0000,2796.4000,2,2,2,6,2,4,3,1,1,1
SF,IH2003,2020-02-06 09:33:37.600,2794.2000,24698,0,569466420.000,0,-,-,-,-,2794.2000,2793.8000,2793.6000,2793.0000,2792.8000,2794.6000,2794.8000,2795.2000,2795.4000,2796.0000,3,2,2,6,2,1,1,3,1,1
SF,IH2003,2020-02-06 09:33:38.100,2794.8000,24697,-1,570304860.000,1,0,1,双平,S,2794.8000,2794.6000,2794.2000,2793.8000,2793.6000,2795.2000,2795.4000,2796.0000,2796.4000,2799.0000,2,4,2,2,2,2,1,1,1,1
SF,IH2003,2020-02-06 09:33:38.600,2795.4000,24696,-1,571982040.000,2,0,2,多平,S,2795.2000,2795.0000,2794.8000,2794.6000,2794.4000,2796.0000,2796.4000,2799.0000,2799.8000,2800.0000,1,3,2,4,2,1,1,1,2,1
SF,IH2003,2020-02-06 09:33:39.100,2795.4000,24696,0,571982040.000,0,-,-,-,-,2795.4000,2795.2000,2795.0000,2794.8000,2794.6000,2795.8000,2796.0000,2796.4000,2796.6000,2799.0000,1,1,2,1,1,1,2,1,3,1
SF,IH2003,2020-02-06 09:33:39.600,2795.4000,24696,0,571982040.000,0,-,-,-,-,2795.4000,2795.2000,2795.0000,2794.8000,2794.6000,2796.0000,2796.4000,2796.6000,2799.0000,2799.8000,1,1,2,1,1,2,1,3,1,2
SF,IH2003,2020-02-06 09:33:40.100,2795.8000,24695,-1,573659400.000,2,0,2,多平,S,2795.0000,2794.8000,2794.6000,2794.4000,2793.6000,2796.0000,2796.4000,2799.0000,2799.8000,2800.0000,2,1,1,1,1,2,1,1,2,1
SF,IH2003,2020-02-06 09:33:40.600,2795.8000,24695,0,573659400.000,0,-,-,-,-,2794.8000,2794.6000,2794.4000,2793.6000,2793.0000,2795.4000,2796.0000,2796.4000,2799.0000,2799.8000,1,1,1,1,7,1,2,1,1,2
SF,IH2003,2020-02-06 09:33:41.100,2795.8000,24695,0,573659400.000,0,-,-,-,-,2794.8000,2794.6000,2794.4000,2793.6000,2793.0000,2795.0000,2795.4000,2795.8000,2796.0000,2796.4000,1,1,1,1,7,2,1,3,1,1
SF,IH2003,2020-02-06 09:33:41.600,2795.4000,24693,-2,576175020.000,3,0,3,多平,S,2795.4000,2795.0000,2794.8000,2794.6000,2794.4000,2796.0000,2796.4000,2796.6000,2799.0000,2799.8000,1,1,1,1,1,1,1,3,1,2
SF,IH2003,2020-02-06 09:33:42.100,2794.8000,24691,-2,578690400.000,3,0,3,多平,S,2794.6000,2794.4000,2793.6000,2793.0000,2792.8000,2795.2000,2795.4000,2796.0000,2796.4000,2796.6000,1,1,1,7,2,1,2,1,1,3
SF,IH2003,2020-02-06 09:33:42.600,2794.8000,24691,0,578690400.000,0,-,-,-,-,2795.0000,2794.8000,2794.6000,2794.4000,2793.6000,2795.2000,2795.4000,2796.0000,2796.4000,2799.0000,1,1,1,1,1,1,1,1,1,1
SF,IH2003,2020-02-06 09:33:43.100,2795.0000,24690,-1,579528900.000,1,0,1,双平,S,2794.6000,2794.4000,2793.6000,2793.0000,2792.8000,2794.8000,2795.4000,2795.8000,2796.0000,2796.4000,1,1,1,7,2,1,1,3,1,1
SF,IH2003,2020-02-06 09:33:43.600,2794.8000,24689,-1,580367340.000,1,0,1,双平,S,2794.8000,2794.6000,2794.4000,2793.6000,2793.0000,2795.4000,2795.8000,2796.0000,2796.4000,2799.0000,5,1,1,1,7,1,3,1,1,1
SF,IH2003,2020-02-06 09:33:44.100,2794.8000,24689,0,580367340.000,0,-,-,-,-,2794.8000,2794.6000,2794.4000,2793.6000,2793.0000,2795.4000,2795.8000,2796.0000,2796.4000,2799.0000,4,1,1,1,7,1,3,1,1,1
SF,IH2003,2020-02-06 09:33:44.600,2794.8000,24689,0,580367340.000,0,-,-,-,-,2794.8000,2794.6000,2794.4000,2793.6000,2793.0000,2795.4000,2795.8000,2796.0000,2796.4000,2799.0000,4,1,1,1,7,1,3,1,1,1
SF,IH2003,2020-02-06 09:33:45.100,2794.8000,24686,-3,583721100.000,4,0,4,多平,S,2794.6000,2794.4000,2793.6000,2793.0000,2792.8000,2795.2000,2795.4000,2795.8000,2796.0000,2796.4000,1,1,1,7,2,1,1,3,1,1
SF,IH2003,2020-02-06 09:33:45.600,2794.6000,24686,0,584559480.000,1,0,1,多换,S,2794.4000,2793.8000,2793.6000,2793.0000,2792.8000,2794.6000,2795.0000,2795.4000,2795.8000,2796.0000,1,1,1,7,2,2,1,1,3,1
SF,IH2003,2020-02-06 09:33:46.100,2794.6000,24684,-2,586236240.000,2,0,2,双平,S,2793.8000,2793.6000,2793.2000,2793.0000,2792.8000,2795.0000,2795.4000,2795.8000,2796.0000,2796.4000,1,1,1,7,2,1,1,3,1,1
SF,IH2003,2020-02-06 09:33:46.600,2794.6000,24684,0,586236240.000,0,-,-,-,-,2793.8000,2793.6000,2793.2000,2793.0000,2792.8000,2794.8000,2795.0000,2795.4000,2795.8000,2796.0000,1,1,1,6,2,1,1,1,3,1
SF,IH2003,2020-02-06 09:33:47.100,2794.6000,24684,0,586236240.000,0,-,-,-,-,2793.8000,2793.6000,2793.2000,2793.0000,2792.8000,2794.8000,2795.2000,2795.4000,2796.0000,2796.4000,1,1,1,6,2,2,3,1,1,1
SF,IH2003,2020-02-06 09:33:47.600,2794.8000,24683,-1,587074680.000,1,0,1,双平,S,2793.8000,2793.6000,2793.2000,2793.0000,2792.8000,2794.8000,2795.0000,2795.2000,2795.4000,2796.0000,1,1,1,6,2,1,1,3,1,1
SF,IH2003,2020-02-06 09:33:48.100,2794.8000,24683,0,587074680.000,0,-,-,-,-,2793.8000,2793.6000,2793.2000,2793.0000,2792.8000,2795.0000,2795.2000,2795.4000,2796.0000,2796.4000,1,1,1,6,2,1,3,1,1,1
SF,IH2003,2020-02-06 09:33:48.600,2795.0000,24682,-1,587913180.000,1,0,1,双平,S,2794.8000,2794.0000,2793.8000,2793.6000,2793.2000,2795.2000,2795.4000,2796.0000,2796.4000,2799.0000,1,3,1,1,1,3,1,1,1,1
SF,IH2003,2020-02-06 09:33:49.100,2795.2000,24680,-2,592106040.000,5,1,4,多平,S,2795.2000,2795.0000,2794.0000,2793.8000,2793.6000,2795.8000,2796.0000,2796.4000,2799.0000,2799.8000,3,1,2,1,1,3,1,1,1,1
SF,IH2003,2020-02-06 09:33:49.600,2795.8000,24681,1,594622260.000,3,2,1,空开,S,2795.8000,2795.4000,2795.2000,2795.0000,2794.0000,2796.0000,2796.4000,2799.0000,2799.8000,2800.0000,2,2,1,1,2,1,1,1,1,1
SF,IH2003,2020-02-06 09:33:50.100,2796.0000,24681,0,595461060.000,1,0,1,多换,S,2796.0000,2795.8000,2795.4000,2795.2000,2795.0000,2796.4000,2799.0000,2799.8000,2800.0000,2800.6000,2,2,1,1,1,1,1,1,1,1
SF,IH2003,2020-02-06 09:33:50.600,2796.4000,24681,0,596299980.000,1,0,1,多换,S,2796.4000,2796.2000,2796.0000,2795.8000,2795.4000,2799.0000,2799.8000,2800.0000,2800.6000,2800.8000,2,1,1,1,1,1,1,2,1,1
SF,IH2003,2020-02-06 09:33:51.100,2796.4000,24681,0,596299980.000,0,-,-,-,-,2796.6000,2796.4000,2796.2000,2796.0000,2795.8000,2797.8000,2798.2000,2798.4000,2798.6000,2798.8000,1,2,2,1,1,2,1,2,3,7
SF,IH2003,2020-02-06 09:33:51.600,2796.4000,24681,0,596299980.000,0,-,-,-,-,2796.4000,2796.2000,2796.0000,2795.8000,2795.4000,2796.6000,2797.6000,2797.8000,2798.0000,2798.2000,2,2,1,1,1,1,2,4,2,2
SF,IH2003,2020-02-06 09:33:52.100,2796.6000,24680,-1,597138960.000,1,0,1,双平,S,2797.0000,2796.8000,2796.6000,2796.4000,2796.0000,2797.6000,2797.8000,2798.6000,2798.8000,2799.0000,1,4,3,2,1,2,1,1,2,1
SF,IH2003,2020-02-06 09:33:52.600,2796.6000,24680,0,597138960.000,0,-,-,-,-,2797.2000,2797.0000,2796.8000,2796.6000,2796.4000,2799.0000,2799.8000,2800.0000,2800.6000,2800.8000,1,1,2,2,2,1,1,2,1,1
SF,IH2003,2020-02-06 09:33:53.100,2796.6000,24680,0,597138960.000,0,-,-,-,-,2797.4000,2797.2000,2797.0000,2796.8000,2796.6000,2798.8000,2799.0000,2799.8000,2800.0000,2800.6000,1,1,1,1,1,5,1,1,2,1
SF,IH2003,2020-02-06 09:33:53.600,2798.6000,24679,-1,597978540.000,1,0,1,双平,S,2797.4000,2797.2000,2797.0000,2796.6000,2796.4000,2798.8000,2799.0000,2799.8000,2800.0000,2800.6000,2,1,1,1,2,3,1,1,2,1
SF,IH2003,2020-02-06 09:33:54.100,2798.6000,24679,0,597978540.000,0,-,-,-,-,2797.8000,2797.6000,2797.4000,2797.0000,2796.6000,2798.8000,2799.0000,2799.8000,2800.0000,2800.6000,1,1,2,1,1,3,1,1,2,1
SF,IH2003,2020-02-06 09:33:54.600,2798.6000,24679,0,597978540.000,0,-,-,-,-,2797.8000,2797.6000,2797.4000,2797.0000,2796.6000,2798.8000,2799.0000,2799.8000,2800.0000,2800.6000,1,1,1,1,1,3,1,1,2,1
SF,IH2003,2020-02-06 09:33:55.100,2798.6000,24679,0,597978540.000,0,-,-,-,-,2797.8000,2797.6000,2797.4000,2797.0000,2796.6000,2798.8000,2799.0000,2799.8000,2800.0000,2800.6000,2,1,1,1,1,2,1,1,2,1
SF,IH2003,2020-02-06 09:33:55.600,2797.8000,24680,1,598817880.000,1,1,0,双开,S,2797.6000,2797.4000,2797.0000,2796.6000,2796.4000,2799.0000,2799.8000,2800.0000,2800.6000,2800.8000,1,1,1,1,2,1,1,2,1,1
SF,IH2003,2020-02-06 09:33:56.100,2797.8000,24680,0,598817880.000,0,-,-,-,-,2798.0000,2797.4000,2797.0000,2796.6000,2796.4000,2798.8000,2799.0000,2799.8000,2800.0000,2800.6000,1,1,1,1,2,2,4,1,2,1
SF,IH2003,2020-02-06 09:33:56.600,2798.0000,24678,-2,600496680.000,2,0,2,双平,S,2797.4000,2797.0000,2796.4000,2796.0000,2795.8000,2798.0000,2798.6000,2798.8000,2799.0000,2799.8000,1,1,2,1,1,4,1,4,4,1
SF,IH2003,2020-02-06 09:33:57.100,2797.0000,24678,0,601335780.000,1,0,1,多换,S,2796.4000,2796.0000,2795.8000,2794.6000,2794.0000,2798.0000,2798.6000,2798.8000,2799.0000,2799.8000,2,1,1,1,1,2,1,3,4,1
SF,IH2003,2020-02-06 09:33:57.600,2796.6000,24678,0,602174760.000,1,0,1,多换,S,2796.6000,2796.4000,2796.0000,2795.8000,2794.6000,2798.0000,2798.6000,2798.8000,2799.0000,2799.8000,2,2,1,1,1,2,1,3,4,1
SF,IH2003,2020-02-06 09:33:58.100,2796.6000,24678,0,602174760.000,0,-,-,-,-,2796.8000,2796.6000,2796.4000,2796.0000,2795.8000,2798.0000,2798.8000,2799.0000,2799.8000,2800.0000,1,4,1,1,1,2,2,4,1,2
SF,IH2003,2020-02-06 09:33:58.600,2796.6000,24678,0,602174760.000,0,-,-,-,-,2796.6000,2796.4000,2796.0000,2795.8000,2794.6000,2798.0000,2798.8000,2799.0000,2799.8000,2800.0000,3,1,1,1,1,3,2,3,1,2
SF,IH2003,2020-02-06 09:33:59.100,2796.6000,24678,0,602174760.000,0,-,-,-,-,2796.4000,2796.0000,2795.8000,2794.6000,2794.0000,2797.8000,2798.0000,2798.8000,2799.0000,2799.8000,1,1,1,1,1,2,2,2,3,1
SF,IH2003,2020-02-06 09:33:59.600,2796.6000,24678,0,602174760.000,0,-,-,-,-,2796.8000,2796.4000,2796.0000,2795.8000,2794.6000,2797.6000,2797.8000,2798.0000,2798.2000,2798.8000,3,1,1,1,1,1,2,2,1,2
SF,IH2003,2020-02-06 09:34:00.100,2796.6000,24678,0,602174760.000,0,-,-,-,-,2797.0000,2796.8000,2796.4000,2796.0000,2795.8000,2797.6000,2798.0000,2798.2000,2798.8000,2799.0000,1,3,1,1,1,1,3,1,2,3
SF,IH2003,2020-02-06 09:34:00.600,2796.6000,24678,0,602174760.000,0,-,-,-,-,2797.0000,2796.6000,2796.4000,2796.0000,2795.8000,2797.6000,2798.0000,2798.2000,2798.8000,2799.0000,1,1,1,1,1,1,3,1,2,3
SF,IH2003,2020-02-06 09:34:01.100,2797.0000,24676,-2,605530920.000,4,1,3,多平,S,2796.6000,2796.4000,2796.0000,2795.8000,2794.6000,2797.6000,2798.0000,2798.2000,2798.4000,2798.8000,1,1,1,1,1,1,3,1,3,2
SF,IH2003,2020-02-06 09:34:01.600,2796.6000,24674,-2,608047860.000,3,0,3,多平,S,2796.4000,2796.0000,2795.8000,2794.6000,2794.0000,2797.4000,2797.6000,2797.8000,2798.0000,2798.2000,1,1,1,1,1,4,3,1,3,1
SF,IH2003,2020-02-06 09:34:02.100,2796.4000,24673,-1,609725580.000,2,0,2,多平,S,2794.6000,2793.8000,2793.0000,2792.8000,2792.4000,2797.2000,2797.4000,2797.6000,2797.8000,2798.0000,1,1,5,2,3,3,5,1,1,1
SF,IH2003,2020-02-06 09:34:02.600,2794.6000,24671,-2,612240840.000,3,0,3,多平,S,2793.8000,2793.0000,2792.8000,2792.4000,2792.0000,2794.6000,2796.8000,2797.0000,2797.2000,2797.4000,2,5,2,3,1,2,1,6,5,5
SF,IH2003,2020-02-06 09:34:03.100,2794.6000,24669,-2,613917600.000,2,0,2,双平,S,2794.8000,2794.6000,2794.0000,2793.8000,2793.0000,2795.6000,2797.0000,2797.2000,2797.8000,2798.0000,2,5,1,2,5,3,8,5,1,1
SF,IH2003,2020-02-06 09:34:03.600,2794.8000,24666,-3,617271180.000,4,0,4,多平,S,2794.0000,2793.8000,2793.0000,2792.8000,2792.4000,2794.8000,2795.4000,2795.6000,2797.0000,2797.2000,1,2,5,2,3,4,4,3,5,5
SF,IH2003,2020-02-06 09:34:04.100,2794.0000,24665,-1,618109380.000,1,0,1,双平,S,2793.8000,2793.0000,2792.8000,2792.4000,2792.0000,2794.6000,2794.8000,2795.4000,2795.6000,2797.0000,2,5,2,3,1,1,4,4,3,5
SF,IH2003,2020-02-06 09:34:04.600,2793.8000,24664,-1,619785660.000,2,0,2,多平,S,2793.0000,2792.8000,2792.4000,2792.0000,2791.0000,2793.6000,2794.4000,2794.6000,2794.8000,2795.4000,5,2,3,1,2,2,1,4,2,1
SF,IH2003,2020-02-06 09:34:05.100,2793.8000,24663,-1,620623800.000,1,0,1,双平,S,2793.0000,2792.8000,2792.4000,2792.0000,2791.0000,2793.6000,2794.4000,2794.6000,2794.8000,2795.4000,5,2,3,1,2,1,1,4,2,1
SF,IH2003,2020-02-06 09:34:05.600,2793.0000,24662,-1,621461700.000,1,0,1,双平,S,2793.0000,2792.8000,2792.4000,2792.0000,2791.0000,2793.6000,2794.4000,2794.6000,2794.8000,2795.4000,4,2,3,1,2,1,1,3,2,1
SF,IH2003,2020-02-06 09:34:06.100,2793.6000,24661,-1,622299780.000,1,0,1,双平,S,2793.0000,2792.8000,2792.4000,2792.0000,2791.0000,2794.4000,2794.6000,2794.8000,2795.4000,2797.0000,4,2,3,1,2,1,3,2,1,4
SF,IH2003,2020-02-06 09:34:06.600,2794.6000,24660,-1,623976480.000,2,0,2,多平,S,2793.6000,2793.2000,2793.0000,2792.8000,2792.4000,2794.6000,2794.8000,2795.2000,2797.0000,2797.2000,1,2,4,2,3,2,2,3,4,5
SF,IH2003,2020-02-06 09:34:07.100,2793.2000,24659,-1,625652820.000,2,0,2,多平,S,2793.2000,2793.0000,2792.8000,2792.4000,2792.0000,2793.4000,2793.6000,2794.0000,2794.2000,2794.4000,1,4,2,3,1,1,1,1,1,2
SF,IH2003,2020-02-06 09:34:07.600,2794.4000,24654,-5,629843700.000,5,0,5,双平,S,2794.4000,2793.8000,2793.6000,2793.4000,2793.2000,2794.8000,2797.0000,2797.2000,2797.8000,2798.0000,1,1,3,4,1,2,4,4,1,1
SF,IH2003,2020-02-06 09:34:08.100,2794.8000,24652,-2,631520580.000,2,0,2,双平,S,2794.8000,2794.4000,2793.8000,2793.6000,2793.4000,2797.0000,2797.2000,2797.6000,2797.8000,2798.0000,1,1,1,2,5,4,4,1,1,1
SF,IH2003,2020-02-06 09:34:08.600,2794.8000,24652,0,631520580.000,0,-,-,-,-,2795.0000,2794.8000,2794.6000,2794.4000,2793.6000,2796.8000,2797.0000,2797.2000,2797.6000,2797.8000,1,2,1,1,1,4,2,5,1,1
SF,IH2003,2020-02-06 09:34:09.100,2794.8000,24652,0,631520580.000,0,-,-,-,-,2795.0000,2794.8000,2794.6000,2794.4000,2793.6000,2796.6000,2796.8000,2797.0000,2797.2000,2797.6000,2,1,1,1,1,3,4,1,5,1
SF,IH2003,2020-02-06 09:34:09.600,2796.8000,24655,3,636554040.000,6,4,2,空开,S,2795.2000,2795.0000,2794.8000,2794.6000,2794.4000,2796.8000,2797.2000,2797.6000,2797.8000,2798.0000,4,2,1,1,1,1,4,1,1,1
SF,IH2003,2020-02-06 09:34:10.100,2795.2000,24650,-5,640747020.000,5,0,5,双平,S,2795.2000,2795.0000,2794.8000,2794.4000,2793.6000,2797.6000,2797.8000,2798.0000,2799.0000,2799.8000,5,1,1,1,6,1,1,1,2,2
SF,IH2003,2020-02-06 09:34:10.600,2795.2000,24650,0,641585580.000,1,0,1,多换,S,2795.2000,2794.8000,2794.4000,2793.6000,2793.4000,2797.2000,2797.4000,2797.6000,2797.8000,2798.0000,1,1,1,6,1,1,4,1,1,1
SF,IH2003,2020-02-06 09:34:11.100,2795.2000,24650,0,641585580.000,0,-,-,-,-,2795.4000,2795.2000,2794.8000,2794.4000,2793.6000,2797.0000,2797.2000,2797.4000,2797.6000,2797.8000,1,2,1,1,6,2,1,2,1,1
SF,IH2003,2020-02-06 09:34:11.600,2795.2000,24650,0,641585580.000,0,-,-,-,-,2795.6000,2795.4000,2794.8000,2794.4000,2793.6000,2797.0000,2797.2000,2797.6000,2797.8000,2798.0000,3,2,1,1,6,1,1,1,1,1
SF,IH2003,2020-02-06 09:34:12.100,2795.2000,24650,0,641585580.000,0,-,-,-,-,2795.8000,2795.6000,2794.8000,2794.4000,2793.6000,2797.0000,2797.2000,2797.6000,2797.8000,2798.0000,2,3,1,1,6,1,1,1,1,1
SF,IH2003,2020-02-06 09:34:12.600,2795.2000,24650,0,641585580.000,0,-,-,-,-,2796.0000,2795.8000,2795.6000,2794.8000,2794.4000,2797.0000,2797.2000,2797.6000,2797.8000,2798.0000,1,1,1,1,1,1,1,1,1,1
SF,IH2003,2020-02-06 09:34:13.100,2795.2000,24650,0,641585580.000,0,-,-,-,-,2796.0000,2795.8000,2795.6000,2794.8000,2794.4000,2797.0000,2797.2000,2797.6000,2797.8000,2798.0000,1,1,1,1,1,1,1,1,1,1
SF,IH2003,2020-02-06 09:34:13.600,2795.2000,24650,0,642424140.000,1,0,1,多换,S,2795.8000,2795.6000,2794.8000,2794.4000,2794.0000,2797.0000,2797.2000,2797.6000,2797.8000,2798.0000,1,1,1,1,1,1,1,4,1,1
