市场代码,合约代码,时间,最新,持仓,增仓,成交额,成交量,开仓,平仓,成交类型,方向,买一价,买二价,买三价,买四价,买五价,卖一价,卖二价,卖三价,卖四价,卖五价,买一量,买二量,买三量,买四量,买五量,卖一量,卖二量,卖三量,卖四量,卖五量
SF,IH2009,2020-04-21 09:29:00.000,2674.0000,11367,0,802200.000,1.000,-,-,-,-,2670.0000,2668.0000,2667.4000,2666.0000,2665.0000,2674.2000,2674.6000,2676.0000,2676.6000,2677.0000,1,1,1,1,2,1,1,1,1,1
SF,IH2009,2020-04-21 09:30:00.500,2674.0000,11367,0,802200.000,0,-,-,-,-,2670.4000,2670.0000,2668.0000,2667.6000,2667.4000,2674.0000,2674.2000,2676.0000,2677.0000,2678.0000,9,2,1,1,1,2,1,1,1,1
SF,IH2009,2020-04-21 09:30:01.000,2674.2000,11365,-2,3208860.000,3,0,3,多平,S,2674.2000,2673.0000,2672.8000,2672.6000,2672.4000,2676.0000,2677.0000,2677.8000,2678.0000,2680.0000,5,3,1,1,4,1,1,7,1,1
SF,IH2009,2020-04-21 09:30:01.500,2674.2000,11365,0,3208860.000,0,-,-,-,-,2674.4000,2674.2000,2673.0000,2672.8000,2672.6000,2676.0000,2677.0000,2677.8000,2678.0000,2679.0000,2,5,1,1,1,1,1,7,1,5
SF,IH2009,2020-04-21 09:30:02.000,2674.2000,11358,-7,11231460.000,10,1,9,多平,S,2673.0000,2671.2000,2670.6000,2670.4000,2670.0000,2673.6000,2674.2000,2674.8000,2675.4000,2675.8000,1,2,3,9,2,1,4,1,2,3
SF,IH2009,2020-04-21 09:30:02.500,2674.0000,11356,-2,13637940.000,3,0,3,多平,S,2674.4000,2673.8000,2673.0000,2671.2000,2670.6000,2675.8000,2676.0000,2677.0000,2677.8000,2678.0000,8,1,1,2,3,1,1,1,7,1
SF,IH2009,2020-04-21 09:30:03.000,2674.0000,11356,0,13637940.000,0,-,-,-,-,2674.4000,2673.8000,2671.2000,2670.6000,2670.4000,2675.6000,2675.8000,2677.0000,2677.8000,2678.0000,8,1,2,3,9,8,1,1,7,1
SF,IH2009,2020-04-21 09:30:03.500,2675.4000,11355,-1,14440560.000,1,0,1,双平,S,2674.4000,2673.8000,2671.2000,2670.6000,2670.4000,2675.8000,2677.0000,2677.8000,2678.0000,2679.0000,8,1,2,3,9,1,1,7,1,5
SF,IH2009,2020-04-21 09:30:04.000,2674.4000,11354,-1,15242880.000,1,0,1,双平,S,2674.4000,2673.8000,2671.2000,2670.6000,2670.4000,2675.4000,2675.8000,2676.0000,2677.0000,2677.8000,7,1,2,3,9,1,4,1,1,7
SF,IH2009,2020-04-21 09:30:04.500,2674.4000,11349,-5,19254480.000,5,0,5,双平,S,2674.4000,2673.8000,2670.6000,2670.4000,2670.0000,2674.8000,2675.4000,2675.8000,2676.0000,2677.0000,2,1,3,9,2,1,2,4,1,1
SF,IH2009,2020-04-21 09:30:05.000,2674.4000,11347,-2,20859120.000,2,0,2,双平,S,2673.8000,2670.6000,2670.0000,2668.0000,2667.6000,2674.4000,2674.6000,2674.8000,2675.4000,2675.8000,1,3,2,1,1,1,8,2,2,4
SF,IH2009,2020-04-21 09:30:05.500,2673.8000,11346,-1,21661260.000,1,0,1,双平,S,2670.6000,2670.0000,2668.0000,2667.6000,2667.4000,2674.4000,2674.8000,2675.4000,2675.8000,2676.0000,3,2,1,1,1,1,2,2,4,1
SF,IH2009,2020-04-21 09:30:06.000,2673.8000,11346,0,21661260.000,0,-,-,-,-,2671.2000,2670.6000,2670.0000,2668.0000,2667.6000,2674.4000,2674.8000,2675.4000,2675.8000,2676.0000,1,3,2,1,1,1,2,2,4,1
SF,IH2009,2020-04-21 09:30:06.500,2673.8000,11346,0,21661260.000,0,-,-,-,-,2671.2000,2670.0000,2668.0000,2667.6000,2667.4000,2674.4000,2674.8000,2675.4000,2675.8000,2676.0000,1,2,1,1,1,1,2,2,4,1
SF,IH2009,2020-04-21 09:30:07.000,2673.8000,11346,0,21661260.000,0,-,-,-,-,2670.0000,2668.0000,2667.6000,2667.4000,2666.0000,2674.0000,2674.2000,2674.4000,2674.8000,2675.4000,2,1,1,1,1,1,1,1,2,1
SF,IH2009,2020-04-21 09:30:07.500,2673.8000,11346,0,21661260.000,0,-,-,-,-,2670.0000,2668.0000,2667.6000,2667.4000,2666.0000,2673.6000,2674.0000,2674.2000,2674.4000,2674.8000,2,1,1,1,1,8,1,1,1,2
SF,IH2009,2020-04-21 09:30:08.000,2673.8000,11346,0,21661260.000,0,-,-,-,-,2670.2000,2670.0000,2668.0000,2667.6000,2667.4000,2673.6000,2674.0000,2674.2000,2674.4000,2674.8000,1,2,1,1,1,8,1,1,1,2
SF,IH2009,2020-04-21 09:30:08.500,2673.8000,11346,0,21661260.000,0,-,-,-,-,2670.0000,2668.0000,2667.6000,2667.4000,2666.0000,2673.6000,2674.0000,2674.2000,2674.4000,2674.8000,2,1,1,1,1,8,1,1,1,2
SF,IH2009,2020-04-21 09:30:09.000,2673.8000,11346,0,21661260.000,0,-,-,-,-,2670.0000,2668.0000,2667.6000,2667.4000,2666.0000,2672.8000,2673.0000,2673.6000,2674.0000,2674.2000,2,1,1,1,1,1,2,8,1,1
SF,IH2009,2020-04-21 09:30:10.000,2673.8000,11346,0,21661260.000,0,-,-,-,-,2670.0000,2668.0000,2667.6000,2667.4000,2666.0000,2670.2000,2672.4000,2672.8000,2673.0000,2673.6000,2,1,1,1,1,1,4,1,2,8
SF,IH2009,2020-04-21 09:30:10.500,2672.4000,11345,-1,23264040.000,2,0,2,多平,S,2670.0000,2668.0000,2667.6000,2667.4000,2666.0000,2672.4000,2672.8000,2673.0000,2673.6000,2674.0000,2,1,1,1,1,3,1,2,8,1
SF,IH2009,2020-04-21 09:30:11.000,2672.4000,11345,0,23264040.000,0,-,-,-,-,2670.0000,2668.0000,2667.6000,2667.4000,2666.0000,2672.4000,2672.6000,2672.8000,2673.0000,2673.6000,2,1,1,1,1,4,1,1,2,8
SF,IH2009,2020-04-21 09:30:11.500,2672.4000,11345,0,23264040.000,0,-,-,-,-,2670.0000,2668.0000,2667.6000,2667.4000,2666.0000,2672.2000,2672.4000,2672.6000,2672.8000,2673.0000,2,1,1,1,1,2,5,1,1,2
SF,IH2009,2020-04-21 09:30:12.000,2672.4000,11345,0,23264040.000,0,-,-,-,-,2670.0000,2668.0000,2667.6000,2667.4000,2666.0000,2671.6000,2672.2000,2672.4000,2672.8000,2673.0000,2,1,1,1,1,1,2,1,1,2
SF,IH2009,2020-04-21 09:30:12.500,2670.0000,11344,-1,24866040.000,2,0,2,多平,S,2668.0000,2667.6000,2667.4000,2666.0000,2665.0000,2671.6000,2672.2000,2672.4000,2672.8000,2673.0000,1,1,1,1,2,1,2,1,1,2
SF,IH2009,2020-04-21 09:30:13.000,2671.6000,11343,-1,25667520.000,1,0,1,双平,S,2669.4000,2668.4000,2668.2000,2668.0000,2667.6000,2672.4000,2672.8000,2673.0000,2673.6000,2674.8000,1,1,3,1,1,1,1,2,8,2
SF,IH2009,2020-04-21 09:30:14.000,2671.6000,11343,0,25667520.000,0,-,-,-,-,2669.4000,2668.4000,2668.2000,2668.0000,2667.6000,2672.2000,2672.4000,2672.8000,2673.0000,2673.6000,1,1,3,1,1,1,4,1,2,8
SF,IH2009,2020-04-21 09:30:14.500,2671.6000,11343,0,25667520.000,0,-,-,-,-,2669.4000,2668.4000,2668.2000,2668.0000,2667.6000,2672.2000,2672.4000,2672.8000,2673.0000,2673.6000,1,2,3,1,1,1,4,1,2,8
SF,IH2009,2020-04-21 09:30:15.500,2671.6000,11343,0,25667520.000,0,-,-,-,-,2669.6000,2669.4000,2668.4000,2668.2000,2668.0000,2670.0000,2672.2000,2672.8000,2673.0000,2673.6000,2,1,2,3,1,4,1,1,2,8
SF,IH2009,2020-04-21 09:30:16.000,2670.2000,11339,-4,28872000.000,4,0,4,双平,S,2670.0000,2669.4000,2668.4000,2668.2000,2668.0000,2672.2000,2672.8000,2673.0000,2673.6000,2674.8000,2,1,1,3,1,1,1,2,8,2
SF,IH2009,2020-04-21 09:30:16.500,2670.2000,11339,0,28872000.000,0,-,-,-,-,2670.0000,2669.4000,2668.4000,2668.2000,2668.0000,2672.8000,2673.0000,2673.6000,2674.8000,2675.8000,2,1,1,3,1,1,2,8,2,1
SF,IH2009,2020-04-21 09:30:17.000,2670.2000,11339,0,28872000.000,0,-,-,-,-,2670.0000,2669.4000,2668.4000,2668.2000,2668.0000,2672.8000,2673.0000,2673.6000,2674.8000,2675.8000,2,1,1,3,1,1,2,8,2,1
SF,IH2009,2020-04-21 09:30:17.500,2670.2000,11339,0,28872000.000,0,-,-,-,-,2670.0000,2669.4000,2668.4000,2668.2000,2668.0000,2672.8000,2673.0000,2674.8000,2675.8000,2677.0000,2,1,1,3,1,1,2,2,1,1
SF,IH2009,2020-04-21 09:30:18.000,2670.2000,11339,0,28872000.000,0,-,-,-,-,2670.4000,2670.2000,2670.0000,2669.4000,2668.4000,2674.8000,2675.8000,2677.0000,2677.8000,2678.0000,1,8,2,1,1,2,1,1,7,1
SF,IH2009,2020-04-21 09:30:18.500,2670.2000,11339,0,28872000.000,0,-,-,-,-,2670.6000,2670.2000,2670.0000,2669.4000,2668.4000,2674.4000,2674.6000,2674.8000,2675.8000,2677.0000,2,1,2,1,1,1,8,2,1,1
SF,IH2009,2020-04-21 09:30:19.000,2670.2000,11339,0,28872000.000,0,-,-,-,-,2670.6000,2670.0000,2669.4000,2668.4000,2668.2000,2674.0000,2674.4000,2674.6000,2674.8000,2675.8000,1,2,1,1,3,1,1,8,2,1
SF,IH2009,2020-04-21 09:30:19.500,2670.2000,11339,0,28872000.000,0,-,-,-,-,2671.2000,2670.0000,2668.4000,2668.2000,2668.0000,2672.8000,2673.0000,2673.8000,2674.0000,2674.6000,1,2,1,3,1,1,2,2,1,8
SF,IH2009,2020-04-21 09:30:20.000,2670.2000,11339,0,28872000.000,0,-,-,-,-,2670.0000,2668.4000,2668.2000,2668.0000,2667.6000,2673.8000,2674.0000,2674.6000,2674.8000,2675.8000,2,1,3,1,1,1,1,8,2,1
SF,IH2009,2020-04-21 09:30:20.500,2670.2000,11339,0,28872000.000,0,-,-,-,-,2670.0000,2668.4000,2668.2000,2668.0000,2667.6000,2674.0000,2674.6000,2674.8000,2675.8000,2677.0000,2,1,3,1,1,1,8,2,1,1
SF,IH2009,2020-04-21 09:30:21.000,2670.2000,11339,0,28872000.000,0,-,-,-,-,2670.0000,2668.4000,2668.2000,2668.0000,2667.6000,2673.6000,2674.0000,2674.6000,2674.8000,2675.8000,2,1,3,1,1,1,1,8,2,1
SF,IH2009,2020-04-21 09:30:21.500,2670.2000,11339,0,28872000.000,0,-,-,-,-,2670.2000,2670.0000,2668.4000,2668.2000,2668.0000,2674.0000,2674.6000,2674.8000,2675.8000,2677.0000,1,2,1,3,1,1,8,2,1,1
SF,IH2009,2020-04-21 09:30:22.000,2670.2000,11339,0,28872000.000,0,-,-,-,-,2670.2000,2670.0000,2668.4000,2668.2000,2668.0000,2673.8000,2674.0000,2674.6000,2674.8000,2675.8000,2,2,1,3,1,1,1,8,2,1
SF,IH2009,2020-04-21 09:30:23.500,2670.2000,11339,0,28872000.000,0,-,-,-,-,2670.2000,2670.0000,2668.4000,2668.2000,2668.0000,2672.8000,2673.0000,2673.8000,2674.0000,2674.6000,3,2,1,3,1,1,2,1,1,8
SF,IH2009,2020-04-21 09:30:24.000,2670.2000,11339,0,28872000.000,0,-,-,-,-,2670.2000,2670.0000,2668.4000,2668.2000,2668.0000,2672.8000,2673.0000,2673.8000,2674.0000,2674.6000,3,2,1,3,1,1,2,1,1,8
SF,IH2009,2020-04-21 09:30:24.500,2670.2000,11339,0,28872000.000,0,-,-,-,-,2670.2000,2670.0000,2668.4000,2668.2000,2668.0000,2672.8000,2673.0000,2673.8000,2674.0000,2674.6000,3,2,1,3,1,1,2,1,1,8
SF,IH2009,2020-04-21 09:30:25.000,2670.2000,11338,-1,29673060.000,1,0,1,双平,S,2670.2000,2670.0000,2668.4000,2668.2000,2668.0000,2672.8000,2673.0000,2673.8000,2674.0000,2674.6000,2,2,1,3,1,1,2,1,1,8
SF,IH2009,2020-04-21 09:30:25.500,2670.2000,11338,0,29673060.000,0,-,-,-,-,2670.2000,2670.0000,2668.4000,2668.2000,2668.0000,2672.8000,2673.0000,2673.8000,2674.0000,2674.6000,2,2,1,3,2,1,2,1,1,8
SF,IH2009,2020-04-21 09:30:27.500,2670.2000,11337,-1,30474120.000,1,0,1,双平,S,2670.2000,2670.0000,2668.4000,2668.2000,2668.0000,2672.8000,2673.0000,2673.8000,2674.0000,2674.6000,1,2,1,3,2,1,2,1,1,8
SF,IH2009,2020-04-21 09:30:28.000,2670.2000,11337,0,30474120.000,0,-,-,-,-,2670.2000,2670.0000,2669.8000,2668.4000,2668.2000,2672.8000,2673.0000,2673.8000,2674.0000,2674.6000,1,3,1,1,3,1,2,1,1,8
SF,IH2009,2020-04-21 09:30:28.500,2670.2000,11337,0,30474120.000,0,-,-,-,-,2670.2000,2670.0000,2669.8000,2668.4000,2668.2000,2672.8000,2673.0000,2673.8000,2674.0000,2674.6000,1,3,1,1,3,1,2,1,1,8
SF,IH2009,2020-04-21 09:30:29.000,2670.2000,11337,0,30474120.000,0,-,-,-,-,2670.2000,2670.0000,2669.8000,2668.4000,2668.2000,2672.4000,2672.6000,2672.8000,2673.0000,2673.8000,1,3,1,1,3,3,1,1,2,1
SF,IH2009,2020-04-21 09:30:30.000,2670.2000,11337,0,30474120.000,0,-,-,-,-,2670.2000,2670.0000,2669.8000,2669.0000,2668.4000,2672.4000,2672.6000,2672.8000,2673.0000,2673.8000,1,3,1,1,1,3,1,1,2,1
SF,IH2009,2020-04-21 09:30:30.500,2670.2000,11337,0,30474120.000,0,-,-,-,-,2670.2000,2670.0000,2669.8000,2669.0000,2668.4000,2672.8000,2673.0000,2673.8000,2674.6000,2674.8000,1,3,1,1,1,1,2,1,8,2
SF,IH2009,2020-04-21 09:30:31.000,2670.2000,11337,0,30474120.000,0,-,-,-,-,2670.2000,2670.0000,2669.8000,2669.0000,2668.4000,2672.4000,2672.6000,2672.8000,2673.0000,2673.8000,1,3,1,1,1,3,1,1,2,1
SF,IH2009,2020-04-21 09:30:32.000,2670.2000,11337,0,30474120.000,0,-,-,-,-,2670.2000,2670.0000,2669.8000,2669.0000,2668.4000,2672.0000,2672.4000,2672.6000,2672.8000,2673.0000,1,3,1,1,1,1,3,1,1,2
SF,IH2009,2020-04-21 09:30:32.500,2670.2000,11337,0,30474120.000,0,-,-,-,-,2670.2000,2670.0000,2669.8000,2669.0000,2668.4000,2671.8000,2672.0000,2672.4000,2672.6000,2672.8000,1,3,1,1,1,1,1,3,1,1
SF,IH2009,2020-04-21 09:30:33.000,2670.2000,11337,0,30474120.000,0,-,-,-,-,2670.2000,2670.0000,2669.8000,2669.0000,2668.4000,2671.6000,2672.0000,2672.4000,2672.6000,2672.8000,1,3,1,1,1,1,1,3,1,1
SF,IH2009,2020-04-21 09:30:33.500,2670.2000,11337,0,30474120.000,0,-,-,-,-,2670.2000,2670.0000,2669.8000,2669.0000,2668.4000,2671.4000,2672.0000,2672.4000,2672.6000,2672.8000,1,3,1,1,1,1,1,3,1,1
SF,IH2009,2020-04-21 09:30:34.000,2670.2000,11337,0,30474120.000,0,-,-,-,-,2670.2000,2670.0000,2669.8000,2669.0000,2668.4000,2671.2000,2672.0000,2672.4000,2672.6000,2672.8000,1,3,1,1,1,1,1,3,1,1
SF,IH2009,2020-04-21 09:30:34.500,2672.0000,11338,1,31275720.000,1,1,0,双开,S,2670.2000,2670.0000,2669.8000,2669.0000,2668.4000,2672.4000,2672.6000,2672.8000,2673.0000,2674.4000,1,3,1,1,1,3,1,1,2,1
SF,IH2009,2020-04-21 09:30:35.000,2672.0000,11338,0,31275720.000,0,-,-,-,-,2670.2000,2670.0000,2669.8000,2669.0000,2668.4000,2672.2000,2672.4000,2672.6000,2672.8000,2673.0000,1,3,1,1,1,1,3,1,1,2
SF,IH2009,2020-04-21 09:30:35.500,2672.0000,11338,0,31275720.000,0,-,-,-,-,2670.2000,2670.0000,2669.8000,2669.0000,2668.8000,2672.0000,2672.2000,2672.4000,2672.6000,2672.8000,1,3,1,1,1,1,1,3,1,1
SF,IH2009,2020-04-21 09:30:36.000,2670.2000,11337,-1,32877900.000,2,0,2,多平,S,2670.0000,2669.8000,2669.0000,2668.8000,2668.4000,2671.8000,2672.2000,2672.4000,2672.6000,2672.8000,3,1,1,1,1,1,1,3,1,1
SF,IH2009,2020-04-21 09:30:36.500,2671.2000,11336,-1,33679260.000,1,0,1,双平,S,2670.0000,2669.8000,2669.0000,2668.8000,2668.4000,2671.6000,2672.2000,2672.4000,2672.6000,2672.8000,4,1,1,1,1,1,1,3,1,1
SF,IH2009,2020-04-21 09:30:37.000,2671.2000,11336,0,33679260.000,0,-,-,-,-,2670.0000,2669.8000,2669.0000,2668.8000,2668.4000,2671.4000,2672.2000,2672.4000,2672.6000,2672.8000,4,1,1,1,1,1,1,3,1,1
SF,IH2009,2020-04-21 09:30:37.500,2671.2000,11336,0,33679260.000,0,-,-,-,-,2670.2000,2670.0000,2669.8000,2669.0000,2668.8000,2672.2000,2672.4000,2672.6000,2672.8000,2673.0000,2,4,1,1,1,1,3,1,1,2
SF,IH2009,2020-04-21 09:30:38.000,2671.2000,11336,0,33679260.000,0,-,-,-,-,2670.2000,2670.0000,2669.8000,2669.0000,2668.8000,2672.0000,2672.2000,2672.4000,2672.6000,2672.8000,2,5,1,1,1,1,1,3,1,1
SF,IH2009,2020-04-21 09:30:38.500,2671.2000,11336,0,33679260.000,0,-,-,-,-,2670.6000,2670.4000,2670.2000,2670.0000,2669.8000,2671.8000,2672.2000,2672.4000,2672.6000,2672.8000,1,1,2,5,1,1,1,3,1,1
SF,IH2009,2020-04-21 09:30:39.000,2671.2000,11336,0,33679260.000,0,-,-,-,-,2670.6000,2670.4000,2670.2000,2670.0000,2669.8000,2671.6000,2672.2000,2672.4000,2672.6000,2672.8000,1,1,2,5,1,1,1,3,1,1
SF,IH2009,2020-04-21 09:30:39.500,2671.2000,11336,0,33679260.000,0,-,-,-,-,2670.6000,2670.2000,2670.0000,2669.8000,2669.0000,2672.2000,2672.4000,2672.6000,2672.8000,2673.0000,1,2,5,1,1,1,3,1,1,2
SF,IH2009,2020-04-21 09:30:40.000,2671.2000,11336,0,33679260.000,0,-,-,-,-,2670.6000,2670.2000,2670.0000,2669.8000,2669.0000,2672.0000,2672.2000,2672.4000,2672.6000,2672.8000,1,2,5,1,1,1,1,3,1,1
SF,IH2009,2020-04-21 09:30:40.500,2671.2000,11336,0,33679260.000,0,-,-,-,-,2670.6000,2670.2000,2670.0000,2669.8000,2669.0000,2672.2000,2672.4000,2672.6000,2672.8000,2673.0000,1,2,5,1,1,1,3,1,1,2
SF,IH2009,2020-04-21 09:30:41.000,2671.2000,11336,0,33679260.000,0,-,-,-,-,2670.8000,2670.6000,2670.2000,2670.0000,2669.8000,2672.2000,2672.4000,2672.8000,2673.0000,2674.4000,1,1,2,5,1,1,3,1,2,1
SF,IH2009,2020-04-21 09:30:41.500,2671.2000,11336,0,33679260.000,0,-,-,-,-,2670.6000,2670.2000,2670.0000,2669.8000,2669.0000,2672.2000,2672.8000,2673.0000,2674.4000,2674.6000,1,2,5,1,1,1,1,2,1,9
SF,IH2009,2020-04-21 09:30:42.000,2671.2000,11336,0,33679260.000,0,-,-,-,-,2670.6000,2670.2000,2670.0000,2669.8000,2669.0000,2672.0000,2672.2000,2672.4000,2672.8000,2673.0000,1,2,5,1,1,1,1,2,1,2
SF,IH2009,2020-04-21 09:30:42.500,2671.2000,11336,0,33679260.000,0,-,-,-,-,2670.6000,2670.2000,2670.0000,2669.8000,2669.0000,2672.2000,2672.4000,2672.8000,2673.0000,2674.4000,1,2,5,1,1,1,2,1,2,1
SF,IH2009,2020-04-21 09:30:43.000,2671.2000,11336,0,33679260.000,0,-,-,-,-,2670.8000,2670.6000,2670.2000,2670.0000,2669.8000,2672.2000,2672.8000,2673.0000,2674.4000,2674.6000,1,1,2,5,1,1,1,2,1,9
SF,IH2009,2020-04-21 09:30:43.500,2671.2000,11336,0,33679260.000,0,-,-,-,-,2670.6000,2670.2000,2670.0000,2669.8000,2669.0000,2672.0000,2672.2000,2672.4000,2672.8000,2673.0000,1,2,5,1,1,1,1,2,1,2
SF,IH2009,2020-04-21 09:30:44.000,2671.2000,11336,0,33679260.000,0,-,-,-,-,2670.6000,2670.2000,2670.0000,2669.8000,2669.0000,2672.2000,2672.4000,2672.8000,2673.0000,2674.4000,1,2,5,1,1,1,2,1,2,1
SF,IH2009,2020-04-21 09:30:44.500,2671.2000,11336,0,33679260.000,0,-,-,-,-,2670.8000,2670.6000,2670.2000,2670.0000,2669.8000,2672.8000,2673.0000,2674.4000,2674.6000,2674.8000,1,1,2,5,1,1,2,1,9,1
SF,IH2009,2020-04-21 09:30:45.000,2671.2000,11336,0,33679260.000,0,-,-,-,-,2670.6000,2670.0000,2669.8000,2669.0000,2668.8000,2672.4000,2672.6000,2672.8000,2673.0000,2674.4000,1,5,1,1,1,3,2,1,2,1
SF,IH2009,2020-04-21 09:30:45.500,2671.2000,11336,0,33679260.000,0,-,-,-,-,2670.8000,2670.6000,2670.0000,2669.8000,2669.0000,2672.2000,2672.4000,2672.8000,2673.0000,2674.4000,1,1,5,1,1,1,3,1,2,1
SF,IH2009,2020-04-21 09:30:46.000,2671.2000,11336,0,33679260.000,0,-,-,-,-,2670.6000,2670.0000,2669.8000,2669.0000,2668.8000,2672.0000,2672.4000,2672.8000,2673.0000,2674.4000,1,5,1,1,1,1,3,1,2,1
SF,IH2009,2020-04-21 09:30:46.500,2672.4000,11336,0,34480980.000,1,0,1,多换,S,2670.6000,2670.0000,2669.8000,2669.0000,2668.8000,2672.0000,2672.4000,2672.8000,2673.0000,2674.4000,1,5,1,1,1,1,2,1,2,1
SF,IH2009,2020-04-21 09:30:47.000,2672.4000,11336,0,34480980.000,0,-,-,-,-,2670.8000,2670.6000,2670.0000,2669.8000,2669.0000,2672.4000,2672.8000,2673.0000,2674.4000,2674.6000,1,1,5,1,1,2,1,2,1,9
SF,IH2009,2020-04-21 09:30:47.500,2670.6000,11335,-1,35282160.000,1,0,1,双平,S,2670.0000,2669.8000,2669.0000,2668.8000,2668.4000,2672.2000,2672.4000,2672.6000,2672.8000,2673.0000,5,1,1,1,1,1,3,1,1,2
SF,IH2009,2020-04-21 09:30:48.000,2670.6000,11335,0,35282160.000,0,-,-,-,-,2670.0000,2669.8000,2669.0000,2668.8000,2668.4000,2672.4000,2672.6000,2672.8000,2673.0000,2674.4000,5,1,1,1,1,3,1,1,2,1
SF,IH2009,2020-04-21 09:30:49.000,2670.6000,11335,0,35282160.000,0,-,-,-,-,2670.0000,2669.8000,2669.0000,2668.8000,2668.4000,2672.4000,2672.6000,2672.8000,2673.0000,2674.4000,6,1,1,1,1,3,1,1,2,1
SF,IH2009,2020-04-21 09:30:52.500,2670.6000,11335,0,35282160.000,0,-,-,-,-,2670.0000,2669.8000,2669.0000,2668.8000,2668.4000,2672.4000,2672.8000,2673.0000,2674.4000,2674.6000,6,1,1,1,1,3,1,2,1,9
SF,IH2009,2020-04-21 09:30:53.000,2670.6000,11335,0,35282160.000,0,-,-,-,-,2670.2000,2670.0000,2669.8000,2669.0000,2668.8000,2672.4000,2672.8000,2673.0000,2674.4000,2674.6000,3,6,1,1,1,3,1,2,1,9
SF,IH2009,2020-04-21 09:30:53.500,2670.6000,11335,0,35282160.000,0,-,-,-,-,2670.2000,2670.0000,2669.8000,2669.0000,2668.8000,2672.4000,2672.8000,2673.0000,2674.4000,2674.6000,3,6,1,1,1,1,1,2,1,9
SF,IH2009,2020-04-21 09:30:54.000,2670.6000,11335,0,35282160.000,0,-,-,-,-,2670.2000,2670.0000,2669.8000,2669.0000,2668.8000,2672.8000,2673.0000,2674.4000,2674.6000,2674.8000,3,6,1,1,1,1,2,1,9,1
SF,IH2009,2020-04-21 09:30:54.500,2670.6000,11335,0,35282160.000,0,-,-,-,-,2670.2000,2670.0000,2669.8000,2669.0000,2668.8000,2672.8000,2673.0000,2674.4000,2674.6000,2674.8000,3,6,1,1,1,1,2,1,9,1
SF,IH2009,2020-04-21 09:30:57.500,2670.2000,11333,-2,37685340.000,3,0,3,多平,S,2670.0000,2669.8000,2669.0000,2668.8000,2668.4000,2672.8000,2673.0000,2673.2000,2674.4000,2674.6000,6,1,1,1,1,1,2,1,1,9
SF,IH2009,2020-04-21 09:31:00.000,2670.2000,11333,0,37685340.000,0,-,-,-,-,2670.4000,2670.0000,2669.8000,2669.0000,2668.8000,2672.8000,2673.0000,2673.2000,2674.4000,2674.6000,1,7,1,1,1,1,2,1,1,9
SF,IH2009,2020-04-21 09:31:02.500,2670.2000,11333,0,37685340.000,0,-,-,-,-,2671.2000,2670.4000,2670.0000,2669.8000,2669.0000,2672.8000,2673.0000,2673.2000,2674.4000,2674.6000,1,1,7,1,1,1,2,1,1,9
SF,IH2009,2020-04-21 09:31:03.000,2670.2000,11333,0,37685340.000,0,-,-,-,-,2671.4000,2670.4000,2670.0000,2669.8000,2669.0000,2672.6000,2672.8000,2673.0000,2673.2000,2674.4000,2,1,7,1,1,1,1,2,1,1
SF,IH2009,2020-04-21 09:31:03.500,2670.2000,11333,0,37685340.000,0,-,-,-,-,2671.4000,2671.2000,2670.4000,2670.0000,2669.8000,2673.2000,2674.4000,2674.6000,2674.8000,2675.8000,2,1,1,5,1,1,1,9,1,1
SF,IH2009,2020-04-21 09:31:04.000,2670.2000,11333,0,37685340.000,0,-,-,-,-,2671.4000,2671.2000,2670.4000,2670.0000,2669.8000,2673.0000,2673.2000,2674.4000,2674.6000,2674.8000,2,1,1,5,1,1,1,1,1,1
SF,IH2009,2020-04-21 09:31:06.000,2670.2000,11333,0,37685340.000,0,-,-,-,-,2671.4000,2671.2000,2670.4000,2670.0000,2669.8000,2673.0000,2673.2000,2674.4000,2674.6000,2674.8000,2,1,1,4,1,1,1,1,1,1
SF,IH2009,2020-04-21 09:31:07.500,2670.2000,11333,0,37685340.000,0,-,-,-,-,2671.4000,2671.2000,2670.6000,2670.4000,2670.0000,2673.0000,2673.2000,2674.4000,2674.6000,2674.8000,2,1,1,1,4,1,1,1,1,1
SF,IH2009,2020-04-21 09:31:09.500,2670.2000,11333,0,37685340.000,0,-,-,-,-,2671.4000,2671.2000,2670.6000,2670.4000,2670.0000,2673.0000,2673.2000,2674.4000,2674.6000,2674.8000,2,1,1,1,5,1,1,1,1,1
SF,IH2009,2020-04-21 09:31:10.000,2670.2000,11333,0,37685340.000,0,-,-,-,-,2671.4000,2671.2000,2670.6000,2670.4000,2670.0000,2673.2000,2674.4000,2674.6000,2674.8000,2675.8000,2,1,1,1,5,1,1,1,1,1
SF,IH2009,2020-04-21 09:31:10.500,2670.2000,11333,0,37685340.000,0,-,-,-,-,2671.4000,2671.2000,2670.6000,2670.4000,2670.0000,2673.0000,2673.2000,2674.4000,2674.6000,2674.8000,2,1,1,1,5,1,1,1,1,1
SF,IH2009,2020-04-21 09:31:11.000,2670.2000,11333,0,37685340.000,0,-,-,-,-,2671.4000,2671.2000,2670.6000,2670.4000,2670.0000,2673.0000,2673.2000,2674.4000,2674.6000,2674.8000,2,1,1,1,5,1,1,1,1,1
SF,IH2009,2020-04-21 09:31:13.500,2670.2000,11333,0,37685340.000,0,-,-,-,-,2671.4000,2671.2000,2670.4000,2670.0000,2669.8000,2673.0000,2673.2000,2674.4000,2674.6000,2674.8000,2,1,1,5,1,1,1,1,1,1
SF,IH2009,2020-04-21 09:31:14.000,2670.2000,11333,0,37685340.000,0,-,-,-,-,2671.4000,2671.2000,2670.4000,2670.0000,2669.8000,2673.0000,2673.2000,2674.4000,2674.6000,2674.8000,2,1,1,5,1,1,1,1,1,1
SF,IH2009,2020-04-21 09:31:14.500,2670.2000,11333,0,37685340.000,0,-,-,-,-,2671.4000,2671.2000,2670.4000,2670.0000,2669.8000,2672.8000,2673.0000,2673.2000,2674.4000,2674.6000,2,1,1,6,1,1,1,1,1,1
SF,IH2009,2020-04-21 09:31:15.000,2670.2000,11333,0,37685340.000,0,-,-,-,-,2671.6000,2671.4000,2671.2000,2670.4000,2670.0000,2672.6000,2673.2000,2674.4000,2674.6000,2674.8000,1,1,1,1,6,2,1,1,1,1
SF,IH2009,2020-04-21 09:31:15.500,2671.6000,11332,-1,38486820.000,1,0,1,双平,S,2671.2000,2670.4000,2670.0000,2669.8000,2669.0000,2672.6000,2672.8000,2673.2000,2674.4000,2674.6000,1,1,6,1,1,2,1,1,1,1
SF,IH2009,2020-04-21 09:31:16.000,2671.6000,11332,0,38486820.000,0,-,-,-,-,2671.2000,2670.8000,2670.4000,2670.0000,2669.8000,2672.6000,2673.2000,2674.4000,2674.6000,2674.8000,1,1,1,6,1,2,1,1,1,1
SF,IH2009,2020-04-21 09:31:16.500,2671.6000,11332,0,38486820.000,0,-,-,-,-,2670.8000,2670.4000,2670.0000,2669.8000,2669.0000,2672.6000,2672.8000,2673.2000,2674.4000,2674.6000,1,1,6,1,1,2,1,1,1,1
SF,IH2009,2020-04-21 09:31:17.000,2671.6000,11332,0,38486820.000,0,-,-,-,-,2671.2000,2671.0000,2670.8000,2670.4000,2670.0000,2672.6000,2673.2000,2674.4000,2674.6000,2674.8000,1,2,1,1,6,2,1,1,1,1
SF,IH2009,2020-04-21 09:31:17.500,2671.6000,11332,0,38486820.000,0,-,-,-,-,2671.4000,2671.2000,2670.8000,2670.4000,2670.0000,2672.6000,2673.2000,2674.4000,2674.6000,2674.8000,1,2,1,1,6,2,1,1,1,1
SF,IH2009,2020-04-21 09:31:18.000,2671.6000,11332,0,38486820.000,0,-,-,-,-,2671.4000,2670.8000,2670.4000,2670.0000,2669.8000,2672.6000,2673.2000,2674.4000,2674.6000,2674.8000,1,1,1,6,1,2,1,1,1,1
SF,IH2009,2020-04-21 09:31:18.500,2671.6000,11332,0,38486820.000,0,-,-,-,-,2670.8000,2670.4000,2670.0000,2669.8000,2669.0000,2672.6000,2673.2000,2674.4000,2674.6000,2674.8000,1,1,6,1,1,2,1,1,1,1
SF,IH2009,2020-04-21 09:31:19.000,2671.6000,11332,0,38486820.000,0,-,-,-,-,2671.0000,2670.8000,2670.4000,2670.0000,2669.8000,2672.6000,2672.8000,2673.2000,2674.4000,2674.6000,1,1,1,6,1,2,1,1,1,1
SF,IH2009,2020-04-21 09:31:20.500,2672.6000,11332,0,39288600.000,1,0,1,多换,S,2671.0000,2670.8000,2670.4000,2670.0000,2669.8000,2672.6000,2672.8000,2673.2000,2674.4000,2674.6000,1,1,1,6,1,1,1,1,1,1
SF,IH2009,2020-04-21 09:31:21.000,2672.6000,11332,0,39288600.000,0,-,-,-,-,2671.2000,2671.0000,2670.8000,2670.4000,2670.0000,2673.2000,2674.4000,2674.6000,2674.8000,2675.8000,2,1,1,1,6,1,1,1,1,1
SF,IH2009,2020-04-21 09:31:21.500,2672.6000,11332,0,39288600.000,0,-,-,-,-,2671.4000,2671.2000,2670.8000,2670.4000,2670.0000,2672.8000,2673.0000,2673.2000,2674.4000,2674.6000,1,1,1,1,6,1,2,1,1,1
SF,IH2009,2020-04-21 09:31:22.000,2672.6000,11332,0,39288600.000,0,-,-,-,-,2671.4000,2670.8000,2670.4000,2670.0000,2669.8000,2672.6000,2673.2000,2674.4000,2674.6000,2674.8000,1,1,1,6,1,1,1,1,1,1
SF,IH2009,2020-04-21 09:31:22.500,2672.6000,11332,0,39288600.000,0,-,-,-,-,2671.4000,2670.8000,2670.4000,2670.0000,2669.8000,2672.4000,2672.6000,2672.8000,2673.2000,2674.4000,1,1,1,6,1,1,1,1,1,1
SF,IH2009,2020-04-21 09:31:23.000,2672.6000,11332,0,39288600.000,0,-,-,-,-,2671.4000,2670.8000,2670.4000,2670.0000,2669.8000,2672.6000,2672.8000,2673.2000,2674.4000,2674.6000,1,1,1,6,1,1,1,1,1,1
SF,IH2009,2020-04-21 09:31:23.500,2672.6000,11332,0,39288600.000,0,-,-,-,-,2671.4000,2670.8000,2670.4000,2670.0000,2669.8000,2672.4000,2672.6000,2672.8000,2673.2000,2674.4000,1,1,1,6,1,1,1,1,1,1
SF,IH2009,2020-04-21 09:31:24.000,2671.4000,11331,-1,40090020.000,1,0,1,双平,S,2671.2000,2670.8000,2670.4000,2670.0000,2669.8000,2672.6000,2672.8000,2673.2000,2674.4000,2674.6000,1,1,1,6,1,1,1,1,1,1
SF,IH2009,2020-04-21 09:31:24.500,2671.4000,11331,0,40090020.000,0,-,-,-,-,2671.2000,2670.8000,2670.4000,2670.0000,2669.8000,2672.4000,2672.6000,2672.8000,2673.2000,2674.4000,1,1,1,6,1,1,1,1,1,1
SF,IH2009,2020-04-21 09:31:25.000,2671.4000,11331,0,40090020.000,0,-,-,-,-,2671.2000,2670.8000,2670.4000,2670.0000,2669.8000,2672.2000,2672.4000,2672.6000,2672.8000,2673.2000,1,1,1,6,1,2,2,1,1,1
SF,IH2009,2020-04-21 09:31:25.500,2671.4000,11331,0,40090020.000,0,-,-,-,-,2671.2000,2671.0000,2670.8000,2670.4000,2670.0000,2672.2000,2672.4000,2672.6000,2672.8000,2673.2000,1,1,1,1,6,2,2,1,1,1
SF,IH2009,2020-04-21 09:31:26.000,2671.2000,11330,-1,40891380.000,1,0,1,双平,S,2671.0000,2670.8000,2670.4000,2670.0000,2669.8000,2672.2000,2672.4000,2672.6000,2672.8000,2673.2000,1,1,1,6,1,2,2,1,1,1
SF,IH2009,2020-04-21 09:31:26.500,2671.2000,11330,0,40891380.000,0,-,-,-,-,2671.0000,2670.8000,2670.4000,2670.0000,2669.8000,2672.0000,2672.2000,2672.8000,2673.2000,2674.4000,1,1,1,6,1,1,2,1,1,1
SF,IH2009,2020-04-21 09:31:27.000,2671.2000,11330,0,40891380.000,0,-,-,-,-,2671.0000,2670.8000,2670.4000,2670.0000,2669.8000,2672.0000,2672.2000,2672.8000,2673.2000,2674.4000,1,1,1,6,1,1,1,1,1,1
SF,IH2009,2020-04-21 09:31:27.500,2671.0000,11329,-1,41692680.000,1,0,1,双平,S,2670.8000,2670.4000,2670.0000,2669.8000,2669.0000,2672.0000,2672.2000,2672.8000,2673.2000,2674.4000,1,1,6,1,1,1,1,1,1,1
SF,IH2009,2020-04-21 09:31:28.000,2670.8000,11328,-1,42493920.000,1,0,1,双平,S,2670.4000,2670.0000,2669.8000,2669.0000,2668.8000,2672.2000,2672.8000,2673.2000,2674.4000,2674.8000,1,6,1,1,1,1,1,1,1,1
SF,IH2009,2020-04-21 09:31:28.500,2670.8000,11328,0,42493920.000,0,-,-,-,-,2670.6000,2670.4000,2670.0000,2669.8000,2669.0000,2672.0000,2672.2000,2672.4000,2672.8000,2673.2000,2,1,6,1,1,1,1,1,1,1
SF,IH2009,2020-04-21 09:31:29.000,2670.8000,11328,0,42493920.000,0,-,-,-,-,2670.6000,2670.4000,2670.0000,2669.8000,2669.0000,2672.2000,2672.4000,2672.8000,2673.2000,2674.4000,2,1,6,1,1,2,1,1,1,1
SF,IH2009,2020-04-21 09:31:29.500,2670.8000,11328,0,42493920.000,0,-,-,-,-,2670.6000,2670.4000,2670.0000,2669.8000,2669.0000,2671.8000,2672.0000,2672.2000,2672.4000,2672.8000,1,1,6,1,1,1,3,3,1,1
SF,IH2009,2020-04-21 09:31:30.000,2670.8000,11328,0,42493920.000,0,-,-,-,-,2670.4000,2670.0000,2669.8000,2669.0000,2668.8000,2671.6000,2671.8000,2672.0000,2672.2000,2672.4000,1,6,1,1,1,2,1,2,2,1
SF,IH2009,2020-04-21 09:31:30.500,2670.8000,11328,0,42493920.000,0,-,-,-,-,2670.4000,2670.0000,2669.8000,2669.0000,2668.8000,2671.6000,2671.8000,2672.0000,2672.2000,2672.4000,1,6,1,1,1,2,1,2,1,1
SF,IH2009,2020-04-21 09:31:31.000,2670.8000,11328,0,42493920.000,0,-,-,-,-,2670.4000,2670.0000,2669.8000,2669.0000,2668.8000,2671.4000,2671.6000,2671.8000,2672.0000,2672.2000,1,6,1,1,1,2,2,1,2,1
SF,IH2009,2020-04-21 09:31:31.500,2670.4000,11328,0,43295040.000,1,0,1,多换,S,2670.0000,2669.8000,2669.0000,2668.8000,2668.4000,2671.4000,2671.6000,2671.8000,2672.0000,2672.2000,6,1,1,1,1,2,1,1,2,1
SF,IH2009,2020-04-21 09:31:32.000,2670.4000,11328,0,43295040.000,0,-,-,-,-,2670.0000,2669.8000,2669.0000,2668.8000,2668.4000,2671.2000,2671.4000,2672.0000,2672.2000,2672.4000,6,1,1,1,1,3,2,2,1,1
SF,IH2009,2020-04-21 09:31:32.500,2670.4000,11328,0,43295040.000,0,-,-,-,-,2670.0000,2669.8000,2669.0000,2668.8000,2668.4000,2671.2000,2671.4000,2672.0000,2672.2000,2672.4000,6,1,1,1,1,2,2,2,1,1
SF,IH2009,2020-04-21 09:31:33.000,2670.4000,11328,0,43295040.000,0,-,-,-,-,2670.0000,2669.8000,2669.0000,2668.8000,2668.4000,2671.2000,2671.4000,2672.0000,2672.2000,2672.4000,6,1,1,1,1,3,2,2,1,1
SF,IH2009,2020-04-21 09:31:33.500,2670.4000,11328,0,43295040.000,0,-,-,-,-,2670.0000,2669.8000,2669.0000,2668.8000,2668.4000,2671.2000,2671.4000,2672.0000,2672.2000,2672.4000,6,1,1,1,1,3,1,2,1,1
SF,IH2009,2020-04-21 09:31:34.000,2670.4000,11328,0,43295040.000,0,-,-,-,-,2670.0000,2669.8000,2669.0000,2668.8000,2668.4000,2671.0000,2671.2000,2671.4000,2672.0000,2672.2000,6,1,1,1,1,1,3,1,2,1
SF,IH2009,2020-04-21 09:31:34.500,2670.4000,11328,0,43295040.000,0,-,-,-,-,2670.0000,2669.8000,2669.0000,2668.8000,2668.4000,2671.0000,2671.2000,2671.4000,2672.0000,2672.2000,7,1,1,1,1,2,2,1,2,1
SF,IH2009,2020-04-21 09:31:35.000,2670.4000,11328,0,43295040.000,0,-,-,-,-,2670.0000,2669.8000,2669.0000,2668.8000,2668.4000,2671.0000,2671.2000,2671.4000,2672.0000,2672.2000,7,1,1,1,1,2,2,1,2,1
SF,IH2009,2020-04-21 09:31:35.500,2670.4000,11328,0,43295040.000,0,-,-,-,-,2670.0000,2669.8000,2669.0000,2668.8000,2668.4000,2671.0000,2671.2000,2671.4000,2672.0000,2672.2000,8,1,1,1,1,2,2,1,1,1
SF,IH2009,2020-04-21 09:31:36.000,2670.4000,11328,0,43295040.000,0,-,-,-,-,2670.0000,2669.8000,2669.0000,2668.8000,2668.4000,2671.0000,2671.2000,2672.0000,2672.2000,2672.4000,8,1,1,1,1,2,1,1,1,1
SF,IH2009,2020-04-21 09:31:36.500,2670.4000,11328,0,43295040.000,0,-,-,-,-,2670.0000,2669.8000,2669.0000,2668.8000,2668.4000,2671.0000,2671.2000,2672.0000,2672.2000,2672.4000,8,1,1,1,1,2,1,1,1,1
SF,IH2009,2020-04-21 09:31:37.000,2670.4000,11328,0,43295040.000,0,-,-,-,-,2670.0000,2669.8000,2669.0000,2668.8000,2668.4000,2671.0000,2671.2000,2672.0000,2672.2000,2672.4000,8,1,1,1,1,2,1,1,1,1
SF,IH2009,2020-04-21 09:31:37.500,2670.0000,11327,-1,44096040.000,1,0,1,双平,S,2670.0000,2669.8000,2669.0000,2668.8000,2668.4000,2670.6000,2671.0000,2671.2000,2672.0000,2672.2000,7,1,1,1,1,3,3,2,1,1
SF,IH2009,2020-04-21 09:31:38.000,2670.0000,11327,0,44096040.000,0,-,-,-,-,2670.0000,2669.8000,2669.0000,2668.8000,2668.4000,2671.0000,2671.2000,2672.0000,2672.2000,2672.4000,7,1,1,1,1,3,2,1,1,1
SF,IH2009,2020-04-21 09:31:39.500,2670.0000,11327,0,44096040.000,0,-,-,-,-,2670.0000,2669.8000,2669.0000,2668.8000,2668.4000,2671.0000,2671.2000,2672.0000,2672.2000,2672.4000,7,1,1,1,1,3,3,1,1,1
SF,IH2009,2020-04-21 09:31:40.000,2670.0000,11327,0,44096040.000,0,-,-,-,-,2670.0000,2669.8000,2669.0000,2668.8000,2668.4000,2671.0000,2671.2000,2672.0000,2672.2000,2672.4000,7,1,1,1,1,3,2,1,1,1
SF,IH2009,2020-04-21 09:31:41.500,2670.0000,11327,0,44096040.000,0,-,-,-,-,2670.0000,2669.8000,2669.0000,2668.8000,2668.4000,2671.0000,2671.2000,2672.0000,2672.2000,2672.4000,7,1,1,1,1,3,1,1,1,1
SF,IH2009,2020-04-21 09:31:42.000,2670.0000,11327,0,44096040.000,0,-,-,-,-,2670.0000,2669.8000,2669.0000,2668.8000,2668.4000,2671.0000,2671.2000,2672.0000,2672.2000,2672.4000,6,1,1,1,1,3,1,1,1,1
SF,IH2009,2020-04-21 09:31:42.500,2670.0000,11326,-1,45698040.000,2,0,2,多平,S,2670.0000,2669.8000,2669.0000,2668.8000,2668.4000,2671.0000,2671.2000,2672.0000,2672.2000,2672.4000,4,1,1,1,1,2,1,1,1,1
SF,IH2009,2020-04-21 09:31:43.000,2671.0000,11326,0,46499340.000,1,0,1,多换,S,2670.0000,2669.8000,2669.0000,2668.8000,2668.4000,2671.0000,2671.2000,2672.0000,2672.2000,2672.4000,4,1,1,1,1,1,1,1,1,1
SF,IH2009,2020-04-21 09:31:44.000,2670.0000,11326,0,47300340.000,1,0,1,多换,S,2670.0000,2669.8000,2669.0000,2668.8000,2668.4000,2671.0000,2671.2000,2671.6000,2672.0000,2672.2000,3,1,1,1,1,1,1,1,1,1
SF,IH2009,2020-04-21 09:31:44.500,2670.0000,11326,0,47300340.000,0,-,-,-,-,2670.0000,2669.8000,2669.0000,2668.8000,2668.4000,2670.8000,2671.0000,2671.2000,2671.6000,2672.0000,3,1,1,1,1,2,1,1,1,1
SF,IH2009,2020-04-21 09:31:45.000,2670.0000,11326,0,47300340.000,0,-,-,-,-,2670.0000,2669.8000,2669.0000,2668.8000,2668.4000,2670.8000,2671.0000,2671.2000,2671.6000,2672.2000,3,1,1,1,1,2,1,1,1,1
SF,IH2009,2020-04-21 09:31:45.500,2670.0000,11326,0,47300340.000,0,-,-,-,-,2670.0000,2669.8000,2669.0000,2668.8000,2668.4000,2670.8000,2671.0000,2671.2000,2671.6000,2672.2000,4,1,1,1,1,2,1,1,1,1
SF,IH2009,2020-04-21 09:31:46.000,2670.0000,11325,-1,49703340.000,3,1,2,多平,S,2670.0000,2669.8000,2669.0000,2668.8000,2668.4000,2670.8000,2671.0000,2671.2000,2671.6000,2672.2000,1,1,1,1,1,2,1,1,1,1
SF,IH2009,2020-04-21 09:31:46.500,2670.0000,11325,0,50504340.000,1,0,1,多换,S,2669.8000,2669.0000,2668.8000,2668.4000,2668.0000,2670.8000,2671.0000,2671.2000,2671.6000,2672.2000,1,1,1,1,3,2,1,1,1,1
SF,IH2009,2020-04-21 09:31:47.000,2669.8000,11325,0,51305280.000,1,0,1,多换,S,2669.0000,2668.8000,2668.4000,2668.0000,2667.6000,2670.6000,2670.8000,2671.0000,2671.6000,2672.2000,1,1,1,3,1,1,2,1,1,1
SF,IH2009,2020-04-21 09:31:47.500,2669.8000,11325,0,51305280.000,0,-,-,-,-,2669.0000,2668.8000,2668.4000,2668.0000,2667.6000,2670.4000,2670.6000,2670.8000,2671.0000,2671.6000,1,1,1,3,1,2,1,2,1,1
SF,IH2009,2020-04-21 09:31:48.000,2669.8000,11325,0,51305280.000,0,-,-,-,-,2669.0000,2668.8000,2668.4000,2668.0000,2667.6000,2670.2000,2670.4000,2670.8000,2671.0000,2671.6000,1,1,1,3,1,3,2,2,1,1
SF,IH2009,2020-04-21 09:31:48.500,2669.0000,11325,0,52105980.000,1,0,1,多换,S,2668.8000,2668.4000,2668.0000,2667.6000,2667.4000,2670.0000,2670.2000,2670.8000,2671.0000,2671.6000,1,1,3,1,1,1,3,2,1,1
SF,IH2009,2020-04-21 09:31:49.000,2669.0000,11325,0,52105980.000,0,-,-,-,-,2668.8000,2668.4000,2668.0000,2667.6000,2667.4000,2669.8000,2670.2000,2670.8000,2671.0000,2671.6000,1,1,3,1,1,1,3,2,1,1
SF,IH2009,2020-04-21 09:31:49.500,2668.8000,11325,0,52906620.000,1,0,1,多换,S,2668.4000,2668.0000,2667.6000,2667.4000,2666.2000,2670.2000,2670.8000,2671.0000,2671.6000,2672.2000,1,3,1,1,1,3,2,1,1,1
SF,IH2009,2020-04-21 09:31:50.000,2670.0000,11325,0,53707620.000,1,0,1,多换,S,2668.6000,2668.4000,2668.0000,2667.6000,2667.4000,2670.0000,2670.2000,2670.8000,2671.0000,2671.6000,1,1,3,1,1,2,3,2,1,1
SF,IH2009,2020-04-21 09:31:50.500,2670.0000,11325,0,53707620.000,0,-,-,-,-,2668.8000,2668.4000,2668.0000,2667.6000,2667.4000,2670.2000,2670.8000,2671.0000,2671.6000,2672.2000,2,1,3,1,1,2,2,1,1,1
SF,IH2009,2020-04-21 09:31:51.000,2670.0000,11325,0,53707620.000,0,-,-,-,-,2668.8000,2668.4000,2668.0000,2667.6000,2667.4000,2670.2000,2671.0000,2671.6000,2672.2000,2672.4000,2,1,3,1,1,3,1,1,1,1
SF,IH2009,2020-04-21 09:31:51.500,2670.0000,11325,0,53707620.000,0,-,-,-,-,2668.8000,2668.4000,2668.0000,2667.6000,2667.4000,2670.2000,2671.0000,2671.6000,2672.2000,2672.4000,2,1,3,1,1,3,1,1,1,1
SF,IH2009,2020-04-21 09:31:52.500,2670.0000,11325,0,53707620.000,0,-,-,-,-,2668.8000,2668.4000,2668.0000,2667.6000,2667.4000,2670.2000,2671.0000,2671.6000,2672.2000,2672.4000,2,1,3,1,1,2,1,1,1,1
SF,IH2009,2020-04-21 09:31:53.000,2670.0000,11325,0,53707620.000,0,-,-,-,-,2668.8000,2668.4000,2668.0000,2667.6000,2667.4000,2670.2000,2671.0000,2671.6000,2672.2000,2672.4000,2,1,3,1,1,3,1,1,1,1
SF,IH2009,2020-04-21 09:31:53.500,2668.8000,11324,-1,54508260.000,1,0,1,双平,S,2668.8000,2668.4000,2668.0000,2667.6000,2667.4000,2670.2000,2671.0000,2671.6000,2672.2000,2672.4000,1,1,3,1,1,3,1,1,1,1
SF,IH2009,2020-04-21 09:31:54.000,2668.8000,11324,0,54508260.000,0,-,-,-,-,2668.4000,2668.0000,2667.6000,2667.4000,2666.2000,2670.2000,2671.0000,2671.6000,2672.2000,2672.4000,1,3,1,1,1,3,1,1,1,1
SF,IH2009,2020-04-21 09:31:54.500,2668.8000,11324,0,54508260.000,0,-,-,-,-,2668.6000,2668.4000,2668.0000,2667.6000,2667.4000,2670.0000,2670.2000,2671.0000,2671.6000,2672.2000,2,1,3,1,1,2,3,1,1,1
SF,IH2009,2020-04-21 09:31:55.000,2668.8000,11324,0,54508260.000,0,-,-,-,-,2668.6000,2668.4000,2668.0000,2667.6000,2667.4000,2670.2000,2671.0000,2671.6000,2672.2000,2672.4000,2,1,3,1,1,2,1,1,1,1
SF,IH2009,2020-04-21 09:31:55.500,2668.8000,11324,0,54508260.000,0,-,-,-,-,2668.6000,2668.4000,2668.0000,2667.6000,2667.4000,2669.8000,2670.2000,2671.0000,2671.6000,2672.2000,2,2,3,1,1,1,3,1,1,1
SF,IH2009,2020-04-21 09:31:56.500,2668.6000,11323,-1,55308840.000,1,0,1,双平,S,2668.6000,2668.4000,2668.0000,2667.6000,2667.4000,2669.8000,2670.2000,2671.0000,2671.6000,2672.2000,1,2,3,1,1,1,3,1,1,1
SF,IH2009,2020-04-21 09:31:57.000,2668.6000,11323,0,55308840.000,0,-,-,-,-,2668.8000,2668.4000,2668.0000,2667.6000,2667.4000,2670.2000,2671.0000,2671.6000,2672.2000,2672.4000,1,2,3,1,1,3,1,1,1,1
SF,IH2009,2020-04-21 09:31:57.500,2668.6000,11323,0,55308840.000,0,-,-,-,-,2669.0000,2668.4000,2668.0000,2667.6000,2667.4000,2670.2000,2671.0000,2671.6000,2672.2000,2672.4000,1,2,3,1,1,3,1,1,1,1
SF,IH2009,2020-04-21 09:31:58.000,2668.6000,11323,0,55308840.000,0,-,-,-,-,2669.2000,2668.4000,2668.0000,2667.6000,2667.4000,2669.8000,2670.2000,2671.6000,2672.2000,2672.4000,1,2,3,1,1,1,3,1,1,1
SF,IH2009,2020-04-21 09:31:58.500,2668.6000,11323,0,55308840.000,0,-,-,-,-,2668.4000,2668.0000,2667.6000,2667.4000,2666.2000,2669.8000,2670.2000,2671.6000,2672.2000,2672.4000,2,3,1,1,1,1,3,1,1,1
SF,IH2009,2020-04-21 09:31:59.000,2668.6000,11323,0,55308840.000,0,-,-,-,-,2668.6000,2668.4000,2668.0000,2667.6000,2667.4000,2668.8000,2669.8000,2670.2000,2671.6000,2672.2000,2,2,3,1,1,1,1,3,1,1
SF,IH2009,2020-04-21 09:31:59.500,2668.8000,11322,-1,56109480.000,1,0,1,双平,S,2668.8000,2668.6000,2668.4000,2668.0000,2667.6000,2669.8000,2670.2000,2671.6000,2672.2000,2672.4000,2,2,2,3,1,1,3,1,1,1
SF,IH2009,2020-04-21 09:32:00.000,2668.8000,11322,0,56109480.000,0,-,-,-,-,2669.0000,2668.8000,2668.6000,2668.4000,2668.0000,2669.8000,2670.2000,2671.6000,2672.2000,2672.4000,1,2,1,2,3,1,3,1,1,1
SF,IH2009,2020-04-21 09:32:00.500,2668.8000,11322,0,56109480.000,0,-,-,-,-,2668.8000,2668.6000,2668.4000,2668.0000,2667.6000,2669.8000,2670.0000,2670.2000,2671.6000,2672.2000,2,1,2,3,1,1,1,3,1,1
SF,IH2009,2020-04-21 09:32:01.000,2668.8000,11322,0,56109480.000,0,-,-,-,-,2669.0000,2668.8000,2668.6000,2668.4000,2668.0000,2669.8000,2670.2000,2671.6000,2672.2000,2672.4000,1,2,2,2,3,1,3,1,1,1
SF,IH2009,2020-04-21 09:32:01.500,2668.8000,11322,0,56109480.000,0,-,-,-,-,2668.8000,2668.6000,2668.4000,2668.0000,2667.6000,2669.8000,2670.2000,2671.6000,2672.2000,2672.4000,2,2,2,3,1,1,3,1,1,1
SF,IH2009,2020-04-21 09:32:02.000,2668.8000,11322,0,56109480.000,0,-,-,-,-,2668.8000,2668.6000,2668.4000,2668.0000,2667.6000,2669.8000,2670.0000,2670.2000,2671.6000,2672.2000,2,2,2,3,1,1,1,2,1,1
SF,IH2009,2020-04-21 09:32:02.500,2668.8000,11322,0,56109480.000,0,-,-,-,-,2668.8000,2668.6000,2668.4000,2668.0000,2667.6000,2669.4000,2669.6000,2669.8000,2670.0000,2670.2000,1,1,2,3,1,1,2,2,1,1
SF,IH2009,2020-04-21 09:32:03.000,2668.6000,11321,-1,57710700.000,2,0,2,多平,S,2668.4000,2668.0000,2667.6000,2667.4000,2666.2000,2669.2000,2669.4000,2669.6000,2669.8000,2670.0000,2,3,1,1,1,1,1,1,2,1
SF,IH2009,2020-04-21 09:32:03.500,2668.4000,11321,0,58511220.000,1,0,1,多换,S,2668.4000,2668.0000,2667.6000,2667.4000,2666.2000,2669.2000,2669.4000,2669.6000,2669.8000,2670.0000,1,3,1,1,1,2,1,1,2,1
SF,IH2009,2020-04-21 09:32:04.000,2669.0000,11320,-1,60112440.000,2,0,2,多平,S,2668.0000,2667.6000,2667.4000,2666.2000,2666.0000,2669.0000,2669.2000,2669.4000,2669.8000,2670.0000,3,1,1,1,1,2,2,1,2,1
SF,IH2009,2020-04-21 09:32:04.500,2669.0000,11319,-1,60913140.000,1,0,1,双平,S,2668.2000,2668.0000,2667.6000,2667.4000,2666.2000,2669.2000,2669.4000,2669.8000,2670.0000,2670.2000,1,3,1,1,1,1,1,2,1,1
SF,IH2009,2020-04-21 09:32:05.000,2669.2000,11318,-1,61713900.000,1,0,1,双平,S,2668.4000,2668.2000,2668.0000,2667.6000,2667.4000,2669.4000,2669.8000,2670.0000,2670.2000,2671.6000,1,1,3,1,1,1,1,1,1,1
SF,IH2009,2020-04-21 09:32:05.500,2669.2000,11318,0,61713900.000,0,-,-,-,-,2668.2000,2668.0000,2667.6000,2667.4000,2666.2000,2669.4000,2669.8000,2670.0000,2670.2000,2671.6000,1,3,1,1,1,1,1,1,1,1
SF,IH2009,2020-04-21 09:32:06.000,2669.2000,11318,0,61713900.000,0,-,-,-,-,2668.4000,2668.2000,2668.0000,2667.6000,2667.4000,2669.4000,2669.8000,2670.0000,2670.2000,2671.6000,2,1,3,1,1,1,1,1,1,1
SF,IH2009,2020-04-21 09:32:07.000,2669.2000,11318,0,61713900.000,0,-,-,-,-,2668.6000,2668.4000,2668.2000,2668.0000,2667.6000,2669.4000,2669.8000,2670.0000,2670.2000,2671.6000,1,2,1,3,1,1,1,1,1,1
SF,IH2009,2020-04-21 09:32:07.500,2669.2000,11318,0,61713900.000,0,-,-,-,-,2668.6000,2668.4000,2668.2000,2668.0000,2667.6000,2669.4000,2669.8000,2670.0000,2670.2000,2671.6000,1,2,1,3,1,1,1,1,1,1
SF,IH2009,2020-04-21 09:32:08.000,2668.6000,11318,0,62514480.000,1,0,1,多换,S,2668.4000,2668.2000,2668.0000,2667.6000,2667.4000,2669.0000,2669.4000,2669.8000,2670.0000,2670.2000,2,1,3,1,1,2,1,1,1,1
SF,IH2009,2020-04-21 09:32:08.500,2668.6000,11318,0,62514480.000,0,-,-,-,-,2669.0000,2668.4000,2668.2000,2668.0000,2667.6000,2669.4000,2669.8000,2670.0000,2670.2000,2671.6000,1,2,1,3,1,1,1,1,1,1
SF,IH2009,2020-04-21 09:32:09.000,2668.6000,11318,0,62514480.000,0,-,-,-,-,2669.0000,2668.4000,2668.2000,2668.0000,2667.6000,2669.4000,2669.6000,2669.8000,2670.0000,2670.2000,1,2,1,3,1,1,1,1,1,1
SF,IH2009,2020-04-21 09:32:09.500,2668.8000,11318,0,63315120.000,1,0,1,多换,S,2668.4000,2668.2000,2668.0000,2667.6000,2667.4000,2669.4000,2669.6000,2669.8000,2670.0000,2670.2000,2,1,3,1,1,1,1,1,1,1
SF,IH2009,2020-04-21 09:32:10.000,2668.8000,11318,0,63315120.000,0,-,-,-,-,2668.6000,2668.4000,2668.2000,2668.0000,2667.6000,2669.4000,2669.6000,2669.8000,2670.0000,2670.2000,1,2,1,3,1,1,1,1,1,1
SF,IH2009,2020-04-21 09:32:10.500,2668.8000,11318,0,63315120.000,0,-,-,-,-,2668.8000,2668.4000,2668.2000,2668.0000,2667.6000,2669.4000,2669.6000,2669.8000,2670.0000,2670.2000,1,2,1,3,1,1,1,1,1,1
SF,IH2009,2020-04-21 09:32:11.000,2668.8000,11318,0,63315120.000,0,-,-,-,-,2668.4000,2668.2000,2668.0000,2667.6000,2667.4000,2669.4000,2669.6000,2669.8000,2670.0000,2670.2000,2,1,3,1,1,1,1,1,2,1
SF,IH2009,2020-04-21 09:32:11.500,2668.8000,11318,0,63315120.000,0,-,-,-,-,2668.6000,2668.4000,2668.2000,2668.0000,2667.6000,2669.4000,2669.6000,2669.8000,2670.0000,2670.2000,1,2,1,3,1,1,1,1,2,1
SF,IH2009,2020-04-21 09:32:12.000,2668.8000,11318,0,63315120.000,0,-,-,-,-,2668.4000,2668.2000,2668.0000,2667.6000,2667.4000,2669.4000,2669.6000,2669.8000,2670.0000,2670.2000,2,1,3,1,1,1,1,1,2,1
SF,IH2009,2020-04-21 09:32:12.500,2668.8000,11318,0,63315120.000,0,-,-,-,-,2668.6000,2668.4000,2668.2000,2668.0000,2667.6000,2669.4000,2669.6000,2669.8000,2670.0000,2670.2000,1,2,1,4,1,1,1,1,2,1
SF,IH2009,2020-04-21 09:32:13.000,2668.8000,11318,0,63315120.000,0,-,-,-,-,2668.8000,2668.4000,2668.2000,2668.0000,2667.6000,2669.4000,2669.6000,2669.8000,2670.0000,2670.2000,1,2,1,4,1,1,1,1,2,1
SF,IH2009,2020-04-21 09:32:13.500,2668.8000,11318,0,63315120.000,0,-,-,-,-,2668.4000,2668.2000,2668.0000,2667.6000,2667.4000,2669.4000,2669.6000,2669.8000,2670.0000,2670.2000,2,1,4,1,1,1,1,1,2,1
SF,IH2009,2020-04-21 09:32:14.000,2668.8000,11318,0,63315120.000,0,-,-,-,-,2668.6000,2668.4000,2668.2000,2668.0000,2667.6000,2669.4000,2669.6000,2669.8000,2670.0000,2670.2000,1,2,1,4,1,1,1,1,2,1
SF,IH2009,2020-04-21 09:32:14.500,2668.8000,11318,0,63315120.000,0,-,-,-,-,2668.4000,2668.2000,2668.0000,2667.6000,2667.4000,2669.4000,2669.6000,2669.8000,2670.0000,2670.2000,2,1,4,1,1,1,1,1,2,1
SF,IH2009,2020-04-21 09:32:15.000,2668.6000,11317,-1,64115700.000,1,0,1,双平,S,2668.4000,2668.2000,2668.0000,2667.6000,2667.4000,2669.4000,2669.6000,2669.8000,2670.0000,2670.2000,2,1,4,1,1,1,1,1,2,1
SF,IH2009,2020-04-21 09:32:15.500,2668.6000,11317,0,64115700.000,0,-,-,-,-,2668.4000,2668.2000,2668.0000,2667.6000,2667.4000,2669.0000,2669.2000,2669.4000,2669.6000,2669.8000,1,1,4,1,1,1,2,1,1,1
SF,IH2009,2020-04-21 09:32:16.000,2668.6000,11317,0,64115700.000,0,-,-,-,-,2668.4000,2668.2000,2668.0000,2667.6000,2667.4000,2669.0000,2669.2000,2669.4000,2669.6000,2669.8000,1,1,4,1,1,1,2,1,1,1
SF,IH2009,2020-04-21 09:32:16.500,2668.4000,11316,-1,64916220.000,1,0,1,双平,S,2668.2000,2668.0000,2667.6000,2667.4000,2666.2000,2669.0000,2669.2000,2669.4000,2669.6000,2669.8000,1,4,1,1,1,1,2,1,1,1
SF,IH2009,2020-04-21 09:32:17.000,2668.4000,11316,0,64916220.000,0,-,-,-,-,2668.4000,2668.2000,2668.0000,2667.6000,2667.4000,2669.0000,2669.2000,2669.4000,2669.6000,2669.8000,1,1,4,1,1,2,2,1,1,1
SF,IH2009,2020-04-21 09:32:17.500,2668.4000,11316,0,64916220.000,0,-,-,-,-,2668.4000,2668.2000,2668.0000,2667.6000,2667.4000,2669.0000,2669.2000,2669.4000,2669.6000,2669.8000,1,1,4,1,1,1,2,1,1,1
SF,IH2009,2020-04-21 09:32:18.000,2668.4000,11316,0,64916220.000,0,-,-,-,-,2668.4000,2668.2000,2668.0000,2667.6000,2667.4000,2669.2000,2669.4000,2669.6000,2669.8000,2670.0000,1,1,4,1,1,2,1,1,1,2
SF,IH2009,2020-04-21 09:32:18.500,2668.4000,11316,0,64916220.000,0,-,-,-,-,2668.4000,2668.2000,2668.0000,2667.6000,2667.4000,2669.0000,2669.2000,2669.4000,2669.6000,2669.8000,3,1,4,1,1,1,2,1,1,1
SF,IH2009,2020-04-21 09:32:19.500,2668.4000,11316,0,64916220.000,0,-,-,-,-,2668.4000,2668.2000,2668.0000,2667.6000,2667.4000,2669.0000,2669.2000,2669.4000,2669.6000,2669.8000,3,1,4,1,1,1,2,1,1,1
SF,IH2009,2020-04-21 09:32:20.500,2668.4000,11316,0,64916220.000,0,-,-,-,-,2668.4000,2668.2000,2668.0000,2667.6000,2667.4000,2669.0000,2669.2000,2669.4000,2669.6000,2669.8000,3,1,4,1,1,2,1,1,1,1
SF,IH2009,2020-04-21 09:32:21.000,2668.4000,11316,0,64916220.000,0,-,-,-,-,2668.4000,2668.2000,2668.0000,2667.6000,2667.4000,2669.0000,2669.2000,2669.4000,2669.6000,2669.8000,3,1,5,1,1,2,1,1,1,1
SF,IH2009,2020-04-21 09:32:22.000,2668.4000,11313,-3,67317780.000,3,0,3,双平,S,2668.2000,2668.0000,2667.6000,2667.4000,2666.2000,2669.0000,2669.2000,2669.4000,2669.6000,2669.8000,1,5,1,1,1,2,1,1,1,1
SF,IH2009,2020-04-21 09:32:22.500,2668.2000,11312,-1,68118240.000,1,0,1,双平,S,2668.0000,2667.6000,2667.4000,2666.2000,2666.0000,2669.0000,2669.2000,2669.4000,2669.6000,2669.8000,6,1,1,1,1,2,1,1,1,1
SF,IH2009,2020-04-21 09:32:23.500,2668.2000,11312,0,68118240.000,0,-,-,-,-,2668.0000,2667.6000,2667.4000,2666.2000,2666.0000,2669.0000,2669.2000,2669.4000,2669.6000,2669.8000,6,1,1,1,1,2,1,1,1,1
SF,IH2009,2020-04-21 09:32:24.000,2668.2000,11312,0,68118240.000,0,-,-,-,-,2668.0000,2667.6000,2667.4000,2666.2000,2666.0000,2669.0000,2669.2000,2669.4000,2669.6000,2670.0000,6,1,1,1,1,2,1,1,1,2
SF,IH2009,2020-04-21 09:32:24.500,2668.2000,11312,0,68118240.000,0,-,-,-,-,2668.0000,2667.6000,2667.4000,2666.2000,2666.0000,2668.6000,2668.8000,2669.0000,2669.2000,2669.4000,6,1,1,1,1,1,1,2,1,1
SF,IH2009,2020-04-21 09:32:25.000,2668.2000,11312,0,68118240.000,0,-,-,-,-,2668.0000,2667.6000,2667.4000,2666.2000,2666.0000,2668.6000,2668.8000,2669.0000,2669.2000,2669.4000,6,1,1,1,1,1,1,2,1,1
SF,IH2009,2020-04-21 09:32:25.500,2668.2000,11312,0,68118240.000,0,-,-,-,-,2668.0000,2667.6000,2667.4000,2666.2000,2666.0000,2668.6000,2669.0000,2669.2000,2669.4000,2669.6000,6,1,1,1,1,1,2,1,1,1
SF,IH2009,2020-04-21 09:32:27.500,2668.2000,11312,0,68118240.000,0,-,-,-,-,2668.0000,2667.6000,2667.4000,2666.2000,2666.0000,2668.6000,2669.0000,2669.2000,2669.4000,2669.6000,7,1,1,1,1,1,2,1,1,1
SF,IH2009,2020-04-21 09:32:28.000,2668.2000,11312,0,68118240.000,0,-,-,-,-,2668.0000,2667.6000,2667.4000,2666.2000,2666.0000,2668.4000,2668.6000,2669.0000,2669.2000,2669.4000,7,1,1,1,1,2,1,2,1,1
SF,IH2009,2020-04-21 09:32:28.500,2668.0000,11311,-1,68918640.000,1,0,1,双平,S,2668.0000,2667.6000,2667.4000,2666.2000,2666.0000,2668.4000,2668.6000,2669.0000,2669.2000,2669.4000,6,1,1,1,1,2,1,2,1,1
SF,IH2009,2020-04-21 09:32:29.000,2668.0000,11310,-1,69719040.000,1,0,1,双平,S,2668.0000,2667.6000,2667.4000,2666.2000,2666.0000,2668.6000,2669.0000,2669.2000,2669.4000,2669.6000,5,1,1,1,1,1,2,1,1,1
SF,IH2009,2020-04-21 09:32:29.500,2668.0000,11310,0,69719040.000,0,-,-,-,-,2668.0000,2667.6000,2667.4000,2666.2000,2666.0000,2668.2000,2668.6000,2669.0000,2669.2000,2669.4000,5,1,1,1,1,1,1,2,1,1
SF,IH2009,2020-04-21 09:32:30.000,2668.0000,11310,0,69719040.000,0,-,-,-,-,2668.0000,2667.6000,2667.4000,2666.2000,2666.0000,2668.2000,2668.4000,2668.6000,2669.0000,2669.2000,5,1,1,1,1,1,1,1,2,1
SF,IH2009,2020-04-21 09:32:30.500,2668.0000,11310,0,69719040.000,0,-,-,-,-,2668.0000,2667.6000,2667.4000,2666.2000,2666.0000,2668.6000,2669.0000,2669.2000,2669.4000,2669.6000,5,1,1,1,1,1,2,1,1,1
SF,IH2009,2020-04-21 09:32:31.000,2668.0000,11309,-1,70519440.000,1,0,1,双平,S,2668.0000,2667.6000,2667.4000,2666.2000,2666.0000,2668.6000,2669.0000,2669.2000,2669.4000,2669.6000,4,1,1,1,1,1,2,1,1,1
SF,IH2009,2020-04-21 09:32:31.500,2668.0000,11309,0,71319840.000,1,0,1,多换,S,2668.0000,2667.6000,2667.4000,2666.2000,2666.0000,2668.4000,2668.6000,2669.0000,2669.2000,2669.4000,3,1,1,1,2,1,1,2,1,1
SF,IH2009,2020-04-21 09:32:32.000,2668.4000,11310,1,72120360.000,1,1,0,双开,S,2668.0000,2667.6000,2667.4000,2666.2000,2666.0000,2668.6000,2669.0000,2669.2000,2669.4000,2669.6000,3,1,1,1,2,1,2,1,1,1
SF,IH2009,2020-04-21 09:32:32.500,2668.0000,11307,-3,74521560.000,3,0,3,双平,S,2667.6000,2667.4000,2666.2000,2666.0000,2665.0000,2668.4000,2668.6000,2669.0000,2669.2000,2669.4000,1,1,1,2,3,1,1,2,1,1
SF,IH2009,2020-04-21 09:32:33.000,2668.0000,11307,0,74521560.000,0,-,-,-,-,2667.6000,2667.4000,2666.2000,2666.0000,2665.0000,2668.4000,2668.6000,2669.0000,2669.2000,2669.4000,1,1,1,2,3,1,1,2,1,1
SF,IH2009,2020-04-21 09:32:33.500,2667.6000,11308,1,75321840.000,1,1,0,双开,S,2667.4000,2666.2000,2666.0000,2665.0000,2664.2000,2668.4000,2668.6000,2669.0000,2669.2000,2669.4000,1,1,2,3,1,1,1,2,1,1
SF,IH2009,2020-04-21 09:32:35.000,2667.6000,11308,0,75321840.000,0,-,-,-,-,2667.4000,2666.2000,2666.0000,2665.0000,2664.2000,2668.4000,2668.6000,2669.0000,2669.2000,2669.4000,2,1,2,3,1,1,1,2,1,1
SF,IH2009,2020-04-21 09:32:37.500,2668.4000,11307,-1,76122360.000,1,0,1,双平,S,2667.4000,2666.2000,2666.0000,2665.0000,2664.2000,2668.6000,2669.0000,2669.2000,2669.4000,2669.6000,2,1,2,3,1,1,2,1,1,1
SF,IH2009,2020-04-21 09:32:38.000,2668.4000,11307,0,76122360.000,0,-,-,-,-,2667.6000,2667.4000,2666.2000,2666.0000,2665.0000,2668.6000,2669.0000,2669.2000,2669.4000,2669.6000,2,2,1,2,3,1,2,1,1,1
SF,IH2009,2020-04-21 09:32:38.500,2668.4000,11307,0,76122360.000,0,-,-,-,-,2667.6000,2667.4000,2666.2000,2666.0000,2665.0000,2668.6000,2669.0000,2669.2000,2669.4000,2669.6000,2,2,1,2,3,1,2,1,1,1
SF,IH2009,2020-04-21 09:32:40.500,2668.4000,11307,0,76122360.000,0,-,-,-,-,2667.6000,2667.4000,2666.2000,2666.0000,2665.0000,2668.6000,2669.0000,2669.2000,2669.4000,2669.6000,2,2,1,3,3,1,2,1,1,1
SF,IH2009,2020-04-21 09:32:41.000,2668.6000,11306,-1,77723220.000,2,0,2,多平,S,2667.6000,2667.4000,2666.2000,2666.0000,2665.0000,2669.0000,2669.2000,2669.4000,2669.6000,2670.0000,1,2,1,3,3,2,1,1,1,2
SF,IH2009,2020-04-21 09:32:41.500,2667.6000,11305,-1,78523500.000,1,0,1,双平,S,2667.4000,2666.2000,2666.0000,2665.0000,2664.2000,2668.8000,2669.0000,2669.2000,2669.4000,2669.6000,2,1,3,3,1,1,2,1,1,1
SF,IH2009,2020-04-21 09:32:42.000,2667.6000,11305,0,78523500.000,0,-,-,-,-,2667.6000,2667.4000,2666.2000,2666.0000,2665.0000,2669.0000,2669.2000,2669.4000,2669.6000,2670.0000,1,2,1,3,3,2,1,1,1,2
SF,IH2009,2020-04-21 09:32:42.500,2667.6000,11305,0,78523500.000,0,-,-,-,-,2667.6000,2667.4000,2666.2000,2666.0000,2665.0000,2668.8000,2669.0000,2669.4000,2669.6000,2670.0000,1,2,1,3,3,2,2,1,1,2
SF,IH2009,2020-04-21 09:32:43.000,2667.6000,11305,0,78523500.000,0,-,-,-,-,2667.6000,2667.4000,2666.2000,2666.0000,2665.0000,2668.8000,2669.4000,2669.6000,2670.0000,2670.2000,1,2,1,3,3,2,1,1,2,1
SF,IH2009,2020-04-21 09:32:43.500,2667.6000,11305,0,78523500.000,0,-,-,-,-,2667.6000,2667.4000,2666.2000,2666.0000,2665.0000,2668.8000,2669.4000,2669.6000,2670.0000,2670.2000,1,2,1,3,3,2,1,1,2,1
SF,IH2009,2020-04-21 09:32:44.500,2667.6000,11305,0,78523500.000,0,-,-,-,-,2668.0000,2667.6000,2667.4000,2666.2000,2666.0000,2668.8000,2669.4000,2669.6000,2670.0000,2670.2000,10,1,2,1,3,2,1,1,2,1
SF,IH2009,2020-04-21 09:32:45.000,2668.8000,11304,-1,79324140.000,1,0,1,双平,S,2668.0000,2667.6000,2667.4000,2666.2000,2666.0000,2669.4000,2669.6000,2670.0000,2670.2000,2671.6000,10,2,2,1,3,1,1,2,1,1
SF,IH2009,2020-04-21 09:32:45.500,2668.0000,11304,0,80124540.000,1,0,1,多换,S,2668.0000,2667.6000,2667.4000,2666.2000,2666.0000,2669.4000,2669.6000,2670.0000,2670.2000,2671.6000,9,1,2,1,3,1,1,2,1,1
SF,IH2009,2020-04-21 09:32:46.000,2668.0000,11304,0,80124540.000,0,-,-,-,-,2668.2000,2668.0000,2667.6000,2667.4000,2666.2000,2669.2000,2669.4000,2669.6000,2670.0000,2670.2000,1,9,1,2,1,1,1,1,2,1
SF,IH2009,2020-04-21 09:32:46.500,2668.0000,11303,-1,80924940.000,1,0,1,双平,S,2668.0000,2667.6000,2667.4000,2666.2000,2666.0000,2669.4000,2669.6000,2670.0000,2670.2000,2671.6000,9,1,2,1,3,1,1,2,1,1
SF,IH2009,2020-04-21 09:32:49.000,2669.4000,11303,0,81725760.000,1,0,1,多换,S,2668.0000,2667.6000,2667.4000,2666.2000,2666.0000,2669.6000,2670.0000,2670.2000,2671.6000,2673.2000,9,1,2,1,3,1,2,1,1,1
SF,IH2009,2020-04-21 09:32:49.500,2669.4000,11303,0,81725760.000,0,-,-,-,-,2668.0000,2667.6000,2667.4000,2666.2000,2666.0000,2669.6000,2670.0000,2670.2000,2671.6000,2673.2000,9,1,2,1,3,1,2,1,1,1
SF,IH2009,2020-04-21 09:32:50.000,2669.6000,11302,-1,83327520.000,2,0,2,多平,S,2668.0000,2667.6000,2667.4000,2666.2000,2666.0000,2670.0000,2670.2000,2671.6000,2673.2000,2674.4000,9,1,2,1,3,1,1,1,1,1
SF,IH2009,2020-04-21 09:32:50.500,2669.6000,11302,0,83327520.000,0,-,-,-,-,2668.0000,2667.6000,2667.4000,2666.2000,2666.0000,2669.8000,2670.0000,2670.2000,2671.6000,2673.2000,9,1,2,1,3,1,1,1,1,1
SF,IH2009,2020-04-21 09:32:51.000,2669.6000,11302,0,83327520.000,0,-,-,-,-,2668.0000,2667.6000,2667.4000,2666.2000,2666.0000,2669.8000,2670.0000,2671.6000,2673.2000,2674.4000,9,1,2,1,3,1,1,1,1,1
SF,IH2009,2020-04-21 09:32:51.500,2669.6000,11302,0,83327520.000,0,-,-,-,-,2668.0000,2667.6000,2667.4000,2666.2000,2666.0000,2669.8000,2670.0000,2671.6000,2673.2000,2674.4000,9,1,2,1,3,1,1,1,1,1
SF,IH2009,2020-04-21 09:32:52.000,2668.0000,11300,-2,86529240.000,4,1,3,多平,S,2668.0000,2667.6000,2667.4000,2666.2000,2666.0000,2669.8000,2670.0000,2671.6000,2673.2000,2674.4000,7,1,2,1,3,1,1,1,1,1
SF,IH2009,2020-04-21 09:32:53.000,2668.0000,11300,0,86529240.000,0,-,-,-,-,2668.0000,2667.6000,2667.4000,2666.2000,2666.0000,2669.6000,2669.8000,2670.0000,2671.6000,2673.2000,7,1,2,1,3,1,1,1,1,1
SF,IH2009,2020-04-21 09:32:53.500,2668.0000,11300,0,86529240.000,0,-,-,-,-,2668.0000,2667.6000,2667.4000,2666.2000,2666.0000,2670.0000,2671.6000,2673.2000,2674.4000,2675.2000,7,1,2,1,3,1,1,1,1,5
SF,IH2009,2020-04-21 09:32:54.000,2668.0000,11300,0,86529240.000,0,-,-,-,-,2668.0000,2667.6000,2667.4000,2666.2000,2666.0000,2669.8000,2670.0000,2670.2000,2671.6000,2673.2000,7,1,2,1,3,2,1,1,1,1
SF,IH2009,2020-04-21 09:32:55.000,2669.8000,11300,0,87330180.000,1,0,1,多换,S,2668.2000,2668.0000,2667.6000,2667.4000,2666.2000,2669.8000,2670.0000,2670.2000,2671.6000,2673.2000,1,7,1,2,1,1,1,1,1,1
SF,IH2009,2020-04-21 09:32:55.500,2669.8000,11300,0,88131120.000,1,0,1,多换,S,2668.4000,2668.0000,2667.6000,2667.4000,2666.2000,2670.0000,2670.2000,2671.6000,2673.2000,2674.4000,1,7,1,2,1,1,1,1,1,1
SF,IH2009,2020-04-21 09:32:56.000,2669.8000,11300,0,88131120.000,0,-,-,-,-,2668.6000,2668.4000,2668.2000,2668.0000,2667.6000,2670.0000,2671.6000,2673.2000,2674.4000,2675.2000,1,1,1,7,1,1,1,1,1,5
SF,IH2009,2020-04-21 09:32:56.500,2669.8000,11300,0,88131120.000,0,-,-,-,-,2668.8000,2668.2000,2668.0000,2667.6000,2667.4000,2670.0000,2671.6000,2673.2000,2674.4000,2675.2000,1,1,7,1,2,1,1,1,1,5
SF,IH2009,2020-04-21 09:32:57.000,2669.8000,11300,0,88131120.000,0,-,-,-,-,2668.2000,2668.0000,2667.6000,2667.4000,2666.2000,2670.0000,2670.2000,2671.6000,2673.2000,2674.4000,1,7,1,2,1,1,1,1,1,1
SF,IH2009,2020-04-21 09:32:57.500,2669.8000,11300,0,88131120.000,0,-,-,-,-,2668.4000,2668.2000,2668.0000,2667.6000,2667.4000,2669.8000,2670.0000,2670.2000,2671.6000,2673.2000,1,1,7,1,2,1,3,1,1,1
SF,IH2009,2020-04-21 09:32:58.000,2669.8000,11300,0,88131120.000,0,-,-,-,-,2668.2000,2668.0000,2667.6000,2667.4000,2666.2000,2670.0000,2670.2000,2671.6000,2673.2000,2674.4000,1,7,1,2,1,1,1,1,1,1
SF,IH2009,2020-04-21 09:32:58.500,2669.8000,11300,0,88131120.000,0,-,-,-,-,2668.4000,2668.2000,2668.0000,2667.6000,2667.4000,2669.8000,2670.0000,2670.2000,2671.6000,2673.2000,1,1,7,1,2,1,3,1,1,1
SF,IH2009,2020-04-21 09:32:59.000,2669.8000,11300,0,88131120.000,0,-,-,-,-,2668.2000,2668.0000,2667.6000,2667.4000,2666.2000,2669.6000,2670.0000,2670.2000,2671.6000,2673.2000,1,7,1,2,1,1,3,1,1,1
SF,IH2009,2020-04-21 09:32:59.500,2669.8000,11300,0,88131120.000,0,-,-,-,-,2668.2000,2668.0000,2667.6000,2667.4000,2666.2000,2669.4000,2670.0000,2670.2000,2671.6000,2673.2000,1,7,1,2,1,1,3,1,1,1
SF,IH2009,2020-04-21 09:33:00.000,2669.8000,11300,0,88131120.000,0,-,-,-,-,2668.2000,2668.0000,2667.6000,2667.4000,2666.2000,2669.8000,2670.0000,2670.2000,2671.6000,2673.2000,1,8,1,2,1,1,3,1,1,1
SF,IH2009,2020-04-21 09:33:00.500,2669.8000,11300,0,88131120.000,0,-,-,-,-,2668.2000,2668.0000,2667.6000,2667.4000,2666.2000,2669.6000,2669.8000,2670.0000,2670.2000,2671.6000,1,8,1,2,1,1,1,3,1,1
SF,IH2009,2020-04-21 09:33:01.000,2669.8000,11300,0,88131120.000,0,-,-,-,-,2668.2000,2668.0000,2667.6000,2667.4000,2666.2000,2669.8000,2670.0000,2670.2000,2671.6000,2673.2000,1,8,1,2,1,1,3,1,1,1
SF,IH2009,2020-04-21 09:33:01.500,2669.8000,11300,0,88131120.000,0,-,-,-,-,2668.4000,2668.2000,2668.0000,2667.6000,2667.4000,2669.8000,2670.0000,2670.2000,2671.6000,2673.2000,1,1,8,1,2,1,3,1,1,1
SF,IH2009,2020-04-21 09:33:02.000,2669.8000,11300,0,88131120.000,0,-,-,-,-,2668.2000,2668.0000,2667.6000,2667.4000,2666.2000,2669.8000,2670.0000,2670.2000,2671.6000,2673.2000,1,8,1,2,1,1,3,1,1,1
SF,IH2009,2020-04-21 09:33:02.500,2669.8000,11300,0,88131120.000,0,-,-,-,-,2668.2000,2668.0000,2667.6000,2667.4000,2666.2000,2669.6000,2669.8000,2670.0000,2670.2000,2671.6000,1,8,1,2,1,1,1,3,1,1
SF,IH2009,2020-04-21 09:33:03.000,2669.8000,11300,0,88131120.000,0,-,-,-,-,2668.2000,2668.0000,2667.6000,2667.4000,2666.2000,2669.8000,2670.0000,2670.2000,2671.6000,2673.2000,1,8,1,2,1,1,3,1,1,1
SF,IH2009,2020-04-21 09:33:03.500,2669.8000,11300,0,88131120.000,0,-,-,-,-,2668.2000,2668.0000,2667.6000,2667.4000,2666.2000,2669.6000,2669.8000,2670.0000,2670.2000,2671.6000,1,8,1,2,1,1,1,3,1,1
SF,IH2009,2020-04-21 09:33:04.000,2669.8000,11300,0,88131120.000,0,-,-,-,-,2668.2000,2668.0000,2667.6000,2667.4000,2666.2000,2669.4000,2669.8000,2670.0000,2670.2000,2671.6000,1,8,1,2,1,1,1,3,1,1
SF,IH2009,2020-04-21 09:33:04.500,2669.8000,11300,0,88131120.000,0,-,-,-,-,2668.2000,2668.0000,2667.6000,2667.4000,2666.2000,2669.8000,2670.0000,2670.2000,2671.6000,2673.2000,1,8,1,2,1,1,3,1,1,1
SF,IH2009,2020-04-21 09:33:05.000,2669.8000,11300,0,88131120.000,0,-,-,-,-,2668.2000,2668.0000,2667.6000,2667.4000,2666.2000,2669.6000,2669.8000,2670.0000,2670.2000,2671.6000,1,8,1,2,1,1,1,3,1,1
SF,IH2009,2020-04-21 09:33:05.500,2669.8000,11300,0,88131120.000,0,-,-,-,-,2668.2000,2668.0000,2667.6000,2667.4000,2666.2000,2669.4000,2669.8000,2670.0000,2670.2000,2671.6000,1,8,1,2,1,1,1,3,1,1
SF,IH2009,2020-04-21 09:33:06.000,2669.8000,11300,0,88131120.000,0,-,-,-,-,2668.2000,2668.0000,2667.6000,2667.4000,2666.2000,2669.8000,2670.0000,2670.2000,2671.6000,2673.2000,1,8,1,2,1,1,3,1,1,1
SF,IH2009,2020-04-21 09:33:06.500,2669.8000,11300,0,88131120.000,0,-,-,-,-,2668.4000,2668.2000,2668.0000,2667.6000,2667.4000,2669.6000,2669.8000,2670.0000,2670.2000,2671.6000,1,1,8,1,2,1,1,3,1,1
SF,IH2009,2020-04-21 09:33:07.000,2669.8000,11300,0,88131120.000,0,-,-,-,-,2668.2000,2668.0000,2667.6000,2667.4000,2666.2000,2669.8000,2670.0000,2670.2000,2671.6000,2673.2000,1,8,1,2,1,1,3,1,1,1
SF,IH2009,2020-04-21 09:33:07.500,2669.8000,11300,0,88131120.000,0,-,-,-,-,2668.4000,2668.2000,2668.0000,2667.6000,2667.4000,2669.8000,2670.0000,2670.2000,2671.6000,2673.2000,1,1,8,1,2,1,3,1,1,1
SF,IH2009,2020-04-21 09:33:08.000,2668.2000,11300,0,88931580.000,1,0,1,多换,S,2668.0000,2667.6000,2667.4000,2666.6000,2666.2000,2668.4000,2669.0000,2669.4000,2669.6000,2669.8000,8,1,2,1,1,1,2,8,2,1
SF,IH2009,2020-04-21 09:33:08.500,2668.4000,11299,-1,89732100.000,1,0,1,双平,S,2668.0000,2667.6000,2667.4000,2666.6000,2666.2000,2669.8000,2670.0000,2670.2000,2671.6000,2673.2000,8,1,2,1,1,2,3,1,1,1
SF,IH2009,2020-04-21 09:33:09.000,2668.4000,11299,0,89732100.000,0,-,-,-,-,2668.0000,2667.6000,2667.4000,2666.6000,2666.2000,2669.0000,2669.6000,2669.8000,2670.0000,2670.2000,8,1,2,1,1,2,1,2,3,1
SF,IH2009,2020-04-21 09:33:09.500,2668.4000,11299,0,89732100.000,0,-,-,-,-,2668.0000,2667.6000,2667.4000,2666.6000,2666.2000,2669.0000,2669.8000,2670.0000,2670.2000,2671.0000,8,1,2,1,1,2,2,3,1,1
SF,IH2009,2020-04-21 09:33:10.000,2668.4000,11299,0,89732100.000,0,-,-,-,-,2668.0000,2667.6000,2667.4000,2666.6000,2666.2000,2668.8000,2669.0000,2669.8000,2670.0000,2670.2000,8,1,2,1,1,1,2,2,3,1
SF,IH2009,2020-04-21 09:33:10.500,2668.4000,11299,0,89732100.000,0,-,-,-,-,2668.0000,2667.6000,2667.4000,2666.6000,2666.2000,2669.0000,2669.8000,2670.0000,2670.2000,2671.0000,8,1,2,1,1,2,2,3,1,1
SF,IH2009,2020-04-21 09:33:11.000,2668.0000,11299,0,90532500.000,1,0,1,多换,S,2668.0000,2667.6000,2667.4000,2666.6000,2666.2000,2668.8000,2669.0000,2669.8000,2670.0000,2670.2000,7,1,2,1,1,1,2,2,3,1
SF,IH2009,2020-04-21 09:33:11.500,2668.0000,11299,0,90532500.000,0,-,-,-,-,2668.0000,2667.6000,2667.4000,2666.6000,2666.2000,2669.0000,2669.8000,2670.0000,2670.2000,2671.0000,8,1,2,1,1,2,2,3,1,1
SF,IH2009,2020-04-21 09:33:12.000,2668.0000,11299,0,90532500.000,0,-,-,-,-,2668.0000,2667.6000,2667.4000,2666.6000,2666.2000,2668.8000,2669.0000,2669.8000,2670.0000,2670.2000,9,1,2,1,1,2,2,2,3,1
SF,IH2009,2020-04-21 09:33:13.500,2668.0000,11299,0,91332900.000,1,0,1,多换,S,2668.0000,2667.6000,2667.4000,2666.6000,2666.2000,2668.8000,2669.0000,2669.8000,2670.0000,2670.2000,8,1,2,1,1,2,2,2,3,1
SF,IH2009,2020-04-21 09:33:14.000,2668.0000,11299,0,91332900.000,0,-,-,-,-,2668.0000,2667.6000,2667.4000,2666.6000,2666.2000,2668.8000,2669.0000,2669.8000,2670.0000,2670.2000,8,1,2,1,1,1,2,2,3,1
SF,IH2009,2020-04-21 09:33:17.000,2668.0000,11300,1,92133300.000,1,1,0,双开,S,2668.0000,2667.6000,2667.4000,2666.6000,2666.2000,2668.8000,2669.0000,2669.8000,2670.0000,2670.2000,7,1,2,1,1,1,2,2,3,1
SF,IH2009,2020-04-21 09:33:18.000,2668.0000,11300,0,92133300.000,0,-,-,-,-,2668.2000,2668.0000,2667.6000,2667.4000,2666.6000,2668.8000,2669.0000,2669.8000,2670.0000,2670.2000,1,7,1,2,1,1,2,2,3,1
SF,IH2009,2020-04-21 09:33:18.500,2668.0000,11300,0,92133300.000,0,-,-,-,-,2668.2000,2668.0000,2667.6000,2667.4000,2666.6000,2668.8000,2669.0000,2669.8000,2670.0000,2670.2000,1,7,1,3,1,1,2,2,3,1
SF,IH2009,2020-04-21 09:33:20.000,2668.0000,11300,0,92933700.000,1,0,1,多换,S,2668.0000,2667.6000,2667.4000,2666.6000,2666.2000,2668.8000,2669.0000,2669.8000,2670.0000,2670.2000,8,1,3,1,1,1,2,2,3,1
SF,IH2009,2020-04-21 09:33:20.500,2668.0000,11300,0,93734100.000,1,0,1,多换,S,2668.0000,2667.6000,2667.4000,2666.6000,2666.2000,2669.8000,2670.0000,2670.2000,2671.0000,2671.6000,7,1,3,1,1,2,3,1,1,1
SF,IH2009,2020-04-21 09:33:21.000,2668.0000,11300,0,93734100.000,0,-,-,-,-,2668.2000,2668.0000,2667.6000,2667.4000,2666.6000,2669.6000,2669.8000,2670.0000,2670.2000,2671.0000,2,7,1,3,1,2,2,3,1,1
SF,IH2009,2020-04-21 09:33:22.500,2668.0000,11300,0,93734100.000,0,-,-,-,-,2668.2000,2668.0000,2667.6000,2667.4000,2666.6000,2669.6000,2669.8000,2670.0000,2670.2000,2671.0000,2,8,1,3,1,2,2,3,1,1
SF,IH2009,2020-04-21 09:33:24.000,2668.0000,11300,0,93734100.000,0,-,-,-,-,2668.2000,2668.0000,2667.6000,2667.4000,2666.6000,2669.6000,2669.8000,2670.0000,2670.2000,2671.0000,2,8,1,3,1,1,2,3,1,1
SF,IH2009,2020-04-21 09:33:27.500,2669.6000,11300,0,94534980.000,1,0,1,多换,S,2668.2000,2668.0000,2667.6000,2667.4000,2666.6000,2669.8000,2670.0000,2670.2000,2671.0000,2671.6000,2,8,1,3,1,1,3,1,1,1
SF,IH2009,2020-04-21 09:33:28.000,2668.2000,11299,-1,95335440.000,1,0,1,双平,S,2668.2000,2668.0000,2667.6000,2667.4000,2666.6000,2669.8000,2670.0000,2670.2000,2671.0000,2671.6000,1,8,1,3,1,1,3,1,1,1
SF,IH2009,2020-04-21 09:33:28.500,2668.2000,11299,0,95335440.000,0,-,-,-,-,2668.2000,2668.0000,2667.6000,2667.4000,2666.6000,2669.6000,2670.0000,2670.2000,2671.0000,2671.6000,1,8,1,3,1,1,1,1,1,1
SF,IH2009,2020-04-21 09:33:29.000,2668.2000,11299,0,95335440.000,0,-,-,-,-,2668.2000,2668.0000,2667.6000,2667.4000,2666.6000,2670.0000,2670.2000,2671.0000,2671.6000,2671.8000,1,8,1,3,1,1,1,1,1,1
SF,IH2009,2020-04-21 09:33:29.500,2668.2000,11299,0,95335440.000,0,-,-,-,-,2668.4000,2668.2000,2668.0000,2667.6000,2667.4000,2670.0000,2670.2000,2671.0000,2671.6000,2671.8000,1,1,8,1,3,1,1,1,1,1
SF,IH2009,2020-04-21 09:33:30.000,2668.2000,11299,0,95335440.000,0,-,-,-,-,2668.6000,2668.4000,2668.0000,2667.6000,2667.4000,2670.0000,2670.2000,2671.0000,2671.6000,2671.8000,1,1,8,1,3,1,1,1,1,1
SF,IH2009,2020-04-21 09:33:31.000,2668.2000,11298,-1,96135900.000,1,0,1,双平,S,2668.4000,2668.0000,2667.6000,2667.4000,2666.6000,2670.0000,2670.2000,2671.0000,2671.6000,2671.8000,1,8,1,3,1,1,1,1,1,1
SF,IH2009,2020-04-21 09:33:31.500,2668.2000,11298,0,96135900.000,0,-,-,-,-,2668.6000,2668.0000,2667.6000,2667.4000,2666.6000,2669.8000,2670.0000,2671.0000,2671.6000,2671.8000,1,8,1,3,1,1,1,1,1,1
SF,IH2009,2020-04-21 09:33:32.000,2668.2000,11298,0,96135900.000,0,-,-,-,-,2668.6000,2668.0000,2667.6000,2667.4000,2666.6000,2669.6000,2670.0000,2671.0000,2671.6000,2671.8000,1,8,1,3,1,1,1,1,1,1
SF,IH2009,2020-04-21 09:33:32.500,2668.2000,11298,0,96135900.000,0,-,-,-,-,2669.6000,2668.6000,2668.0000,2667.6000,2667.4000,2670.0000,2671.0000,2671.6000,2671.8000,2674.4000,1,1,8,1,3,1,1,1,1,1
SF,IH2009,2020-04-21 09:33:33.000,2669.6000,11298,0,96936780.000,1,0,1,多换,S,2668.6000,2668.0000,2667.6000,2667.4000,2666.6000,2669.6000,2669.8000,2670.0000,2670.2000,2671.0000,1,8,1,3,1,1,1,1,1,1
SF,IH2009,2020-04-21 09:33:33.500,2669.6000,11298,0,96936780.000,0,-,-,-,-,2668.6000,2668.0000,2667.6000,2667.4000,2666.6000,2669.6000,2670.0000,2670.2000,2671.0000,2671.6000,1,8,1,3,1,1,1,1,1,1
SF,IH2009,2020-04-21 09:33:34.000,2669.6000,11298,0,96936780.000,0,-,-,-,-,2668.6000,2668.0000,2667.6000,2667.4000,2666.6000,2670.0000,2670.2000,2671.0000,2671.6000,2671.8000,1,8,1,3,1,1,1,1,1,1
SF,IH2009,2020-04-21 09:33:34.500,2669.6000,11298,0,96936780.000,0,-,-,-,-,2668.6000,2668.0000,2667.6000,2667.4000,2666.6000,2669.8000,2670.0000,2670.2000,2671.0000,2671.6000,1,8,1,3,1,1,1,1,1,1
SF,IH2009,2020-04-21 09:33:35.000,2669.6000,11298,0,96936780.000,0,-,-,-,-,2668.6000,2668.0000,2667.6000,2667.4000,2666.6000,2670.0000,2671.0000,2671.6000,2671.8000,2674.4000,1,8,1,3,1,1,1,1,1,1
SF,IH2009,2020-04-21 09:33:35.500,2669.6000,11298,0,96936780.000,0,-,-,-,-,2668.6000,2668.0000,2667.6000,2667.4000,2666.6000,2669.8000,2670.0000,2671.0000,2671.6000,2671.8000,1,8,1,3,1,1,1,1,1,1
SF,IH2009,2020-04-21 09:33:36.000,2669.6000,11298,0,96936780.000,0,-,-,-,-,2668.6000,2668.0000,2667.6000,2667.4000,2666.6000,2670.0000,2671.0000,2671.6000,2671.8000,2674.4000,1,8,1,3,1,1,1,1,1,1
SF,IH2009,2020-04-21 09:33:36.500,2669.6000,11298,0,96936780.000,0,-,-,-,-,2668.6000,2668.0000,2667.6000,2667.4000,2666.6000,2669.8000,2670.0000,2671.0000,2671.6000,2671.8000,1,9,1,3,1,1,1,1,1,1
SF,IH2009,2020-04-21 09:33:37.000,2668.6000,11297,-1,97737360.000,1,0,1,双平,S,2668.0000,2667.6000,2667.4000,2666.6000,2666.2000,2669.6000,2670.0000,2671.0000,2671.6000,2671.8000,9,1,3,1,1,1,1,1,1,1
SF,IH2009,2020-04-21 09:33:37.500,2668.6000,11297,0,97737360.000,0,-,-,-,-,2668.2000,2668.0000,2667.4000,2666.6000,2666.2000,2669.4000,2670.0000,2671.0000,2671.6000,2671.8000,1,9,3,1,1,1,1,1,1,1
SF,IH2009,2020-04-21 09:33:38.000,2668.6000,11297,0,97737360.000,0,-,-,-,-,2668.4000,2668.2000,2668.0000,2667.4000,2666.6000,2670.0000,2671.0000,2671.6000,2674.4000,2675.2000,1,1,8,3,1,1,1,1,1,5
SF,IH2009,2020-04-21 09:33:38.500,2668.6000,11297,0,97737360.000,0,-,-,-,-,2668.6000,2668.4000,2668.0000,2667.4000,2666.6000,2669.8000,2670.0000,2670.2000,2671.0000,2671.6000,1,2,8,3,1,2,1,1,1,1
SF,IH2009,2020-04-21 09:33:39.000,2668.6000,11297,0,97737360.000,0,-,-,-,-,2668.6000,2668.4000,2668.0000,2667.4000,2666.6000,2669.8000,2670.0000,2670.2000,2671.0000,2671.6000,1,2,8,3,1,3,1,1,1,1
SF,IH2009,2020-04-21 09:33:40.500,2668.6000,11297,0,97737360.000,0,-,-,-,-,2668.6000,2668.4000,2668.0000,2667.4000,2666.6000,2669.8000,2670.0000,2670.2000,2671.0000,2671.6000,1,1,8,3,1,3,1,1,1,1
SF,IH2009,2020-04-21 09:33:41.000,2668.6000,11297,0,97737360.000,0,-,-,-,-,2668.6000,2668.4000,2668.0000,2667.4000,2666.6000,2669.8000,2670.0000,2670.2000,2671.0000,2671.6000,1,1,8,3,1,4,1,1,1,1
SF,IH2009,2020-04-21 09:33:45.500,2668.6000,11297,0,97737360.000,0,-,-,-,-,2668.6000,2668.4000,2668.0000,2667.4000,2666.6000,2669.8000,2670.0000,2670.2000,2671.0000,2671.6000,1,1,10,3,1,4,1,1,1,1
SF,IH2009,2020-04-21 09:33:46.000,2668.6000,11297,0,97737360.000,0,-,-,-,-,2668.6000,2668.4000,2668.0000,2667.4000,2666.6000,2669.8000,2670.0000,2671.0000,2671.6000,2674.4000,1,1,10,3,1,4,1,1,1,1
SF,IH2009,2020-04-21 09:33:46.500,2668.6000,11296,-1,98537940.000,1,0,1,双平,S,2668.6000,2668.4000,2668.0000,2667.4000,2666.6000,2669.8000,2670.0000,2671.0000,2671.6000,2674.4000,1,2,10,3,1,3,1,1,1,1
SF,IH2009,2020-04-21 09:33:48.500,2668.6000,11296,0,98537940.000,0,-,-,-,-,2668.8000,2668.6000,2668.4000,2668.0000,2667.4000,2669.8000,2670.0000,2671.0000,2671.6000,2674.4000,1,1,2,10,3,3,1,1,1,1
SF,IH2009,2020-04-21 09:33:49.000,2668.6000,11296,0,98537940.000,0,-,-,-,-,2668.6000,2668.4000,2668.0000,2667.4000,2666.6000,2669.8000,2670.0000,2671.0000,2671.6000,2674.4000,1,2,10,3,1,3,1,1,1,1
SF,IH2009,2020-04-21 09:33:49.500,2668.6000,11296,0,98537940.000,0,-,-,-,-,2668.8000,2668.6000,2668.4000,2668.0000,2667.4000,2669.8000,2670.0000,2671.0000,2671.6000,2674.4000,1,1,2,10,3,2,1,1,1,1
SF,IH2009,2020-04-21 09:33:50.500,2668.6000,11296,0,98537940.000,0,-,-,-,-,2668.8000,2668.6000,2668.4000,2668.0000,2667.4000,2669.8000,2670.0000,2671.0000,2671.6000,2674.4000,1,1,1,10,3,2,1,1,1,1
SF,IH2009,2020-04-21 09:33:51.000,2668.6000,11296,0,98537940.000,0,-,-,-,-,2668.6000,2668.4000,2668.0000,2667.4000,2666.6000,2669.8000,2670.0000,2671.0000,2671.6000,2674.4000,1,1,10,3,1,2,1,1,1,1
SF,IH2009,2020-04-21 09:33:53.500,2668.6000,11296,0,98537940.000,0,-,-,-,-,2668.8000,2668.6000,2668.4000,2668.0000,2667.4000,2669.8000,2670.0000,2671.0000,2671.6000,2674.4000,1,1,1,10,3,2,1,1,1,1
SF,IH2009,2020-04-21 09:33:56.500,2668.6000,11296,0,98537940.000,0,-,-,-,-,2668.8000,2668.6000,2668.4000,2668.0000,2667.4000,2669.8000,2670.0000,2671.0000,2671.6000,2674.4000,1,1,1,10,2,2,1,1,1,1
SF,IH2009,2020-04-21 09:33:57.500,2668.6000,11296,0,98537940.000,0,-,-,-,-,2668.8000,2668.6000,2668.4000,2668.0000,2667.4000,2669.8000,2670.0000,2671.0000,2671.6000,2674.4000,1,1,1,10,2,2,2,1,1,1
SF,IH2009,2020-04-21 09:33:58.000,2668.6000,11296,0,98537940.000,0,-,-,-,-,2668.8000,2668.4000,2668.0000,2667.4000,2666.6000,2669.6000,2669.8000,2670.0000,2671.0000,2671.6000,1,1,10,2,1,1,2,2,1,1
SF,IH2009,2020-04-21 09:33:58.500,2668.6000,11296,0,98537940.000,0,-,-,-,-,2668.8000,2668.4000,2668.0000,2667.4000,2666.6000,2669.4000,2669.6000,2669.8000,2670.0000,2671.0000,1,1,10,2,1,1,1,1,1,1
SF,IH2009,2020-04-21 09:33:59.000,2668.6000,11296,0,98537940.000,0,-,-,-,-,2668.8000,2668.4000,2668.0000,2667.4000,2666.6000,2669.6000,2669.8000,2670.0000,2671.0000,2671.6000,1,1,10,2,1,1,1,1,1,1
SF,IH2009,2020-04-21 09:33:59.500,2668.6000,11296,0,98537940.000,0,-,-,-,-,2668.8000,2668.4000,2668.0000,2667.4000,2666.6000,2669.4000,2669.6000,2669.8000,2670.0000,2671.0000,1,1,10,2,1,1,1,1,1,1
SF,IH2009,2020-04-21 09:34:00.000,2668.8000,11295,-1,99338580.000,1,0,1,双平,S,2668.8000,2668.4000,2668.0000,2667.4000,2666.6000,2669.2000,2669.6000,2669.8000,2670.0000,2671.0000,1,1,10,2,1,1,1,1,1,1
SF,IH2009,2020-04-21 09:34:00.500,2668.8000,11295,0,99338580.000,0,-,-,-,-,2668.8000,2668.4000,2668.0000,2667.4000,2666.6000,2669.6000,2669.8000,2670.0000,2671.0000,2671.6000,1,1,10,2,1,1,1,1,1,1
SF,IH2009,2020-04-21 09:34:01.000,2668.8000,11295,0,99338580.000,0,-,-,-,-,2668.8000,2668.4000,2668.0000,2667.4000,2666.6000,2669.4000,2669.6000,2669.8000,2670.0000,2671.0000,1,1,10,2,1,1,1,1,1,1
SF,IH2009,2020-04-21 09:34:01.500,2668.8000,11295,0,99338580.000,0,-,-,-,-,2668.8000,2668.4000,2668.0000,2667.4000,2666.6000,2669.8000,2670.0000,2671.0000,2671.6000,2674.4000,1,1,10,2,1,1,1,1,2,1
SF,IH2009,2020-04-21 09:34:02.000,2668.8000,11295,0,99338580.000,0,-,-,-,-,2668.8000,2668.4000,2668.0000,2667.4000,2666.6000,2669.6000,2669.8000,2670.0000,2671.0000,2671.6000,1,1,10,2,1,1,1,1,1,2
SF,IH2009,2020-04-21 09:34:02.500,2668.8000,11295,0,99338580.000,0,-,-,-,-,2668.8000,2668.4000,2668.0000,2667.4000,2666.6000,2669.4000,2669.8000,2670.0000,2671.0000,2671.6000,1,1,10,2,1,1,1,1,1,2
SF,IH2009,2020-04-21 09:34:03.000,2668.8000,11295,0,99338580.000,0,-,-,-,-,2668.8000,2668.4000,2668.0000,2667.4000,2666.6000,2669.8000,2670.0000,2671.0000,2671.6000,2674.4000,1,1,10,2,1,1,1,1,2,1
SF,IH2009,2020-04-21 09:34:03.500,2668.8000,11295,0,99338580.000,0,-,-,-,-,2668.8000,2668.4000,2668.0000,2667.4000,2666.6000,2669.6000,2669.8000,2670.0000,2671.0000,2671.6000,1,1,10,2,1,1,1,1,1,2
SF,IH2009,2020-04-21 09:34:04.000,2669.4000,11295,0,100139400.000,1,0,1,多换,S,2669.4000,2668.8000,2668.4000,2668.0000,2667.4000,2669.8000,2670.0000,2671.0000,2671.6000,2674.4000,1,1,1,10,2,1,1,1,2,1
SF,IH2009,2020-04-21 09:34:05.000,2669.8000,11294,-1,100940340.000,1,0,1,双平,S,2669.4000,2668.8000,2668.4000,2668.0000,2667.4000,2670.0000,2671.0000,2671.6000,2674.4000,2675.2000,1,1,1,10,2,1,1,2,1,5
SF,IH2009,2020-04-21 09:34:05.500,2670.0000,11293,-1,101741340.000,1,0,1,双平,S,2669.4000,2668.8000,2668.4000,2668.0000,2667.4000,2671.0000,2671.6000,2674.4000,2675.2000,2675.8000,1,1,1,10,2,1,2,1,5,1
SF,IH2009,2020-04-21 09:34:06.000,2670.0000,11293,0,101741340.000,0,-,-,-,-,2669.6000,2669.4000,2668.8000,2668.4000,2668.0000,2670.8000,2671.0000,2671.2000,2671.6000,2672.2000,1,1,1,1,8,2,1,1,2,1
SF,IH2009,2020-04-21 09:34:07.500,2670.0000,11293,0,101741340.000,0,-,-,-,-,2669.6000,2669.4000,2668.8000,2668.4000,2668.0000,2670.8000,2671.0000,2671.2000,2671.6000,2672.2000,1,1,1,1,8,1,1,1,2,1
SF,IH2009,2020-04-21 09:34:08.000,2670.0000,11293,0,101741340.000,0,-,-,-,-,2669.6000,2669.4000,2668.8000,2668.4000,2668.2000,2670.8000,2671.0000,2671.2000,2671.6000,2672.2000,1,1,1,1,1,1,1,1,2,1
SF,IH2009,2020-04-21 09:34:08.500,2669.6000,11292,-1,102542220.000,1,0,1,双平,S,2669.4000,2668.8000,2668.4000,2668.2000,2668.0000,2670.8000,2671.0000,2671.6000,2672.2000,2674.4000,1,1,1,1,8,1,1,2,1,1
SF,IH2009,2020-04-21 09:34:09.000,2669.6000,11291,-1,104143980.000,2,0,2,多平,S,2669.4000,2668.8000,2668.4000,2668.2000,2668.0000,2670.6000,2670.8000,2671.0000,2671.6000,2672.2000,2,1,1,1,8,1,1,1,2,1
SF,IH2009,2020-04-21 09:34:09.500,2669.6000,11291,0,104143980.000,0,-,-,-,-,2669.4000,2668.8000,2668.4000,2668.2000,2668.0000,2670.8000,2671.0000,2671.6000,2672.2000,2674.4000,2,1,1,1,8,1,1,2,1,1
SF,IH2009,2020-04-21 09:34:10.000,2669.6000,11291,0,104143980.000,0,-,-,-,-,2669.4000,2668.8000,2668.2000,2668.0000,2667.4000,2670.6000,2670.8000,2671.0000,2671.6000,2672.2000,2,1,1,8,2,1,1,1,2,1
SF,IH2009,2020-04-21 09:34:10.500,2669.6000,11291,0,104143980.000,0,-,-,-,-,2669.4000,2668.8000,2668.2000,2668.0000,2667.4000,2670.4000,2671.0000,2671.6000,2672.2000,2674.4000,1,1,1,8,2,2,1,2,1,1
SF,IH2009,2020-04-21 09:34:11.000,2669.6000,11291,0,104143980.000,0,-,-,-,-,2669.4000,2668.8000,2668.2000,2668.0000,2667.4000,2670.4000,2671.0000,2671.6000,2672.2000,2674.4000,1,2,1,7,2,2,1,2,1,1
SF,IH2009,2020-04-21 09:34:12.500,2669.6000,11291,0,104143980.000,0,-,-,-,-,2669.4000,2668.8000,2668.2000,2668.0000,2667.4000,2670.4000,2671.0000,2671.6000,2672.2000,2674.4000,2,2,1,7,2,2,1,2,1,1
SF,IH2009,2020-04-21 09:34:14.500,2669.6000,11291,0,104143980.000,0,-,-,-,-,2669.4000,2668.8000,2668.2000,2668.0000,2667.4000,2670.4000,2671.0000,2671.6000,2672.2000,2674.4000,2,2,1,7,2,3,1,2,1,1
SF,IH2009,2020-04-21 09:34:15.000,2669.6000,11291,0,104143980.000,0,-,-,-,-,2669.4000,2668.8000,2668.2000,2668.0000,2667.4000,2669.8000,2670.4000,2671.0000,2671.6000,2672.2000,2,2,1,7,2,1,3,1,2,1
SF,IH2009,2020-04-21 09:34:15.500,2669.8000,11290,-1,104944920.000,1,0,1,双平,S,2669.4000,2668.8000,2668.2000,2668.0000,2667.4000,2670.4000,2671.0000,2671.6000,2674.4000,2675.2000,3,2,1,7,2,2,1,2,1,5
SF,IH2009,2020-04-21 09:34:16.000,2669.8000,11290,0,104944920.000,0,-,-,-,-,2669.4000,2668.8000,2668.2000,2668.0000,2667.4000,2670.2000,2670.4000,2671.0000,2671.6000,2672.4000,2,2,1,7,2,1,2,1,2,1
SF,IH2009,2020-04-21 09:34:16.500,2669.8000,11290,0,104944920.000,0,-,-,-,-,2669.4000,2668.8000,2668.2000,2668.0000,2667.4000,2670.0000,2670.4000,2671.0000,2671.6000,2672.4000,1,2,1,7,2,1,2,1,2,1
SF,IH2009,2020-04-21 09:34:17.000,2669.8000,11290,0,104944920.000,0,-,-,-,-,2669.4000,2668.8000,2668.2000,2668.0000,2667.4000,2670.4000,2671.0000,2671.6000,2674.4000,2675.2000,1,2,1,7,2,2,1,2,1,5
SF,IH2009,2020-04-21 09:34:17.500,2669.8000,11290,0,104944920.000,0,-,-,-,-,2669.4000,2668.8000,2668.2000,2668.0000,2667.4000,2670.2000,2670.4000,2671.0000,2671.6000,2672.4000,1,2,1,7,2,1,2,1,2,1
SF,IH2009,2020-04-21 09:34:18.000,2669.8000,11290,0,104944920.000,0,-,-,-,-,2669.4000,2668.8000,2668.2000,2668.0000,2667.4000,2670.0000,2670.4000,2671.0000,2671.6000,2672.4000,1,2,1,7,2,1,2,1,2,1
SF,IH2009,2020-04-21 09:34:18.500,2669.8000,11290,0,104944920.000,0,-,-,-,-,2669.4000,2668.8000,2668.2000,2668.0000,2667.4000,2670.4000,2671.0000,2671.6000,2674.4000,2675.2000,1,2,1,7,2,2,1,2,1,5
SF,IH2009,2020-04-21 09:34:19.000,2669.8000,11290,0,104944920.000,0,-,-,-,-,2669.4000,2668.8000,2668.2000,2668.0000,2667.4000,2670.2000,2670.4000,2671.0000,2671.6000,2672.4000,1,2,1,7,2,2,2,1,2,1
SF,IH2009,2020-04-21 09:34:19.500,2669.8000,11290,0,104944920.000,0,-,-,-,-,2669.4000,2668.8000,2668.2000,2668.0000,2667.4000,2670.2000,2670.4000,2671.0000,2671.6000,2672.4000,1,2,1,7,2,1,2,1,2,1
SF,IH2009,2020-04-21 09:34:20.000,2669.8000,11290,0,104944920.000,0,-,-,-,-,2669.4000,2668.8000,2668.2000,2668.0000,2667.4000,2670.0000,2670.4000,2671.0000,2671.6000,2672.4000,1,2,1,7,2,1,2,1,2,1
SF,IH2009,2020-04-21 09:34:20.500,2669.8000,11290,0,104944920.000,0,-,-,-,-,2669.4000,2668.8000,2668.2000,2668.0000,2667.4000,2670.4000,2671.0000,2671.6000,2674.4000,2675.2000,1,2,1,7,2,2,1,2,1,5
SF,IH2009,2020-04-21 09:34:21.000,2669.8000,11290,0,104944920.000,0,-,-,-,-,2669.4000,2668.8000,2668.2000,2668.0000,2667.4000,2670.2000,2670.4000,2671.0000,2671.6000,2672.4000,1,2,1,7,2,1,2,1,2,1
SF,IH2009,2020-04-21 09:34:21.500,2669.8000,11290,0,104944920.000,0,-,-,-,-,2669.4000,2668.8000,2668.2000,2668.0000,2667.4000,2670.0000,2670.4000,2671.0000,2671.6000,2672.4000,1,2,1,7,2,1,2,1,2,1
SF,IH2009,2020-04-21 09:34:22.000,2669.8000,11290,0,104944920.000,0,-,-,-,-,2669.4000,2668.8000,2668.2000,2668.0000,2667.4000,2670.4000,2671.0000,2671.6000,2674.4000,2675.2000,1,2,1,7,2,1,1,2,1,5
SF,IH2009,2020-04-21 09:34:22.500,2669.8000,11290,0,104944920.000,0,-,-,-,-,2669.4000,2668.8000,2668.2000,2668.0000,2667.4000,2670.2000,2670.4000,2671.0000,2671.6000,2672.4000,1,2,1,7,2,1,1,1,2,1
SF,IH2009,2020-04-21 09:34:23.000,2669.8000,11290,0,104944920.000,0,-,-,-,-,2669.4000,2668.8000,2668.2000,2668.0000,2667.4000,2670.0000,2670.4000,2671.0000,2671.6000,2672.4000,1,2,1,7,2,1,1,1,2,1
SF,IH2009,2020-04-21 09:34:23.500,2669.8000,11290,0,104944920.000,0,-,-,-,-,2669.4000,2668.8000,2668.2000,2668.0000,2667.4000,2670.4000,2671.0000,2671.6000,2674.4000,2675.2000,1,2,1,7,2,1,1,2,1,5
SF,IH2009,2020-04-21 09:34:24.000,2669.8000,11290,0,104944920.000,0,-,-,-,-,2669.4000,2668.8000,2668.2000,2668.0000,2667.4000,2670.2000,2670.4000,2671.0000,2671.6000,2672.4000,1,2,1,7,2,1,1,1,2,1
SF,IH2009,2020-04-21 09:34:24.500,2669.8000,11290,0,104944920.000,0,-,-,-,-,2669.4000,2668.8000,2668.2000,2668.0000,2667.4000,2670.0000,2670.4000,2671.0000,2671.6000,2672.4000,1,2,1,7,2,1,1,1,2,1
SF,IH2009,2020-04-21 09:34:25.000,2669.8000,11290,0,104944920.000,0,-,-,-,-,2669.4000,2668.8000,2668.2000,2668.0000,2667.4000,2670.4000,2671.0000,2671.6000,2674.4000,2675.2000,1,2,1,7,2,1,1,2,1,5
SF,IH2009,2020-04-21 09:34:25.500,2669.8000,11290,0,104944920.000,0,-,-,-,-,2669.4000,2668.8000,2668.2000,2668.0000,2667.4000,2670.2000,2670.4000,2671.0000,2671.6000,2672.4000,1,2,1,7,2,1,1,1,2,1
SF,IH2009,2020-04-21 09:34:26.000,2669.8000,11290,0,104944920.000,0,-,-,-,-,2669.4000,2668.8000,2668.2000,2668.0000,2667.4000,2670.0000,2670.4000,2671.0000,2671.6000,2672.4000,1,2,1,7,2,1,1,1,2,1
SF,IH2009,2020-04-21 09:34:26.500,2669.8000,11290,0,104944920.000,0,-,-,-,-,2669.4000,2668.8000,2668.2000,2668.0000,2667.4000,2670.4000,2671.0000,2671.6000,2674.4000,2675.2000,1,2,1,7,2,1,1,2,1,5
SF,IH2009,2020-04-21 09:34:27.000,2669.8000,11290,0,104944920.000,0,-,-,-,-,2669.4000,2668.8000,2668.2000,2668.0000,2667.4000,2670.2000,2670.4000,2671.0000,2671.6000,2672.4000,1,2,1,7,2,1,1,1,2,1
SF,IH2009,2020-04-21 09:34:27.500,2669.8000,11290,0,104944920.000,0,-,-,-,-,2669.4000,2668.8000,2668.2000,2668.0000,2667.4000,2670.4000,2671.0000,2671.6000,2672.4000,2674.4000,1,2,1,7,2,1,1,2,1,1
SF,IH2009,2020-04-21 09:34:28.000,2669.8000,11290,0,104944920.000,0,-,-,-,-,2669.4000,2668.8000,2668.2000,2668.0000,2667.4000,2670.2000,2670.4000,2671.0000,2671.6000,2672.4000,1,2,1,7,2,1,1,1,2,1
SF,IH2009,2020-04-21 09:34:28.500,2669.8000,11290,0,104944920.000,0,-,-,-,-,2669.4000,2668.8000,2668.2000,2668.0000,2667.4000,2670.4000,2671.0000,2671.6000,2672.4000,2674.4000,1,2,1,7,2,1,1,2,1,1
SF,IH2009,2020-04-21 09:34:29.000,2669.8000,11290,0,104944920.000,0,-,-,-,-,2669.4000,2668.8000,2668.2000,2668.0000,2667.4000,2670.2000,2670.4000,2671.0000,2671.6000,2672.4000,1,2,1,7,2,1,1,1,2,1
SF,IH2009,2020-04-21 09:34:29.500,2669.8000,11290,0,104944920.000,0,-,-,-,-,2669.4000,2668.8000,2668.2000,2668.0000,2667.4000,2670.4000,2671.0000,2671.6000,2672.4000,2674.4000,1,2,1,7,2,1,1,2,1,1
SF,IH2009,2020-04-21 09:34:30.000,2669.8000,11290,0,104944920.000,0,-,-,-,-,2669.4000,2668.8000,2668.2000,2668.0000,2667.4000,2670.2000,2670.4000,2671.0000,2671.6000,2672.4000,1,2,1,7,2,1,1,1,2,1
SF,IH2009,2020-04-21 09:34:30.500,2669.8000,11290,0,104944920.000,0,-,-,-,-,2669.4000,2668.8000,2668.2000,2668.0000,2667.4000,2670.0000,2670.4000,2671.0000,2671.6000,2672.4000,1,2,1,7,2,1,1,1,2,1
SF,IH2009,2020-04-21 09:34:31.000,2669.8000,11290,0,104944920.000,0,-,-,-,-,2669.4000,2668.8000,2668.2000,2668.0000,2667.4000,2670.4000,2671.0000,2671.6000,2674.4000,2675.2000,1,2,1,7,2,1,1,2,1,5
SF,IH2009,2020-04-21 09:34:31.500,2669.8000,11290,0,104944920.000,0,-,-,-,-,2669.4000,2668.8000,2668.2000,2668.0000,2667.4000,2670.2000,2670.4000,2671.0000,2671.6000,2672.4000,1,2,1,7,2,1,1,1,2,1
SF,IH2009,2020-04-21 09:34:32.000,2669.8000,11290,0,104944920.000,0,-,-,-,-,2669.4000,2668.8000,2668.2000,2668.0000,2667.4000,2670.0000,2670.4000,2671.0000,2671.6000,2672.4000,1,2,1,7,2,1,1,1,2,1
SF,IH2009,2020-04-21 09:34:32.500,2669.8000,11290,0,104944920.000,0,-,-,-,-,2669.4000,2668.8000,2668.2000,2668.0000,2667.4000,2670.4000,2671.0000,2671.6000,2674.4000,2675.2000,1,2,1,6,2,1,1,2,1,5
SF,IH2009,2020-04-21 09:34:33.000,2669.8000,11290,0,104944920.000,0,-,-,-,-,2669.6000,2669.4000,2668.8000,2668.2000,2668.0000,2670.2000,2670.4000,2671.0000,2671.6000,2672.4000,1,1,2,1,6,1,1,1,2,1
SF,IH2009,2020-04-21 09:34:33.500,2669.8000,11290,0,104944920.000,0,-,-,-,-,2669.6000,2669.4000,2668.8000,2668.2000,2668.0000,2670.0000,2670.4000,2671.0000,2671.6000,2672.4000,1,2,2,1,6,1,1,1,2,1
SF,IH2009,2020-04-21 09:34:34.000,2669.8000,11290,0,104944920.000,0,-,-,-,-,2669.6000,2669.4000,2668.8000,2668.2000,2668.0000,2669.8000,2670.2000,2670.4000,2671.0000,2671.6000,1,1,2,1,6,1,1,1,1,2
SF,IH2009,2020-04-21 09:34:34.500,2669.8000,11290,0,104944920.000,0,-,-,-,-,2669.6000,2669.4000,2668.8000,2668.2000,2668.0000,2670.2000,2670.4000,2671.0000,2671.6000,2674.4000,1,1,2,1,6,1,1,1,2,1
SF,IH2009,2020-04-21 09:34:35.000,2669.8000,11290,0,104944920.000,0,-,-,-,-,2669.6000,2669.4000,2668.8000,2668.2000,2668.0000,2670.0000,2670.2000,2670.4000,2671.0000,2671.6000,1,1,2,1,6,1,1,1,1,2
SF,IH2009,2020-04-21 09:34:35.500,2669.8000,11290,0,104944920.000,0,-,-,-,-,2669.4000,2668.8000,2668.2000,2668.0000,2667.6000,2670.4000,2671.0000,2671.6000,2672.2000,2674.4000,1,2,1,6,1,1,1,2,1,1
SF,IH2009,2020-04-21 09:34:36.000,2669.8000,11290,0,104944920.000,0,-,-,-,-,2669.4000,2668.8000,2668.2000,2668.0000,2667.6000,2670.2000,2670.4000,2671.0000,2671.6000,2672.2000,1,2,1,6,1,1,1,1,2,1
SF,IH2009,2020-04-21 09:34:36.500,2669.8000,11290,0,104944920.000,0,-,-,-,-,2669.4000,2668.8000,2668.2000,2668.0000,2667.6000,2670.4000,2671.0000,2671.6000,2672.2000,2674.4000,1,2,1,6,1,1,1,2,1,1
SF,IH2009,2020-04-21 09:34:37.000,2669.8000,11290,0,104944920.000,0,-,-,-,-,2670.0000,2669.4000,2668.8000,2668.2000,2668.0000,2670.2000,2670.4000,2671.0000,2671.6000,2672.2000,1,1,2,1,6,1,1,1,2,1
SF,IH2009,2020-04-21 09:34:37.500,2670.0000,11290,0,105745920.000,1,0,1,多换,S,2669.4000,2668.8000,2668.2000,2668.0000,2667.6000,2669.6000,2670.4000,2671.0000,2671.6000,2672.2000,1,2,1,6,1,2,1,1,2,1
SF,IH2009,2020-04-21 09:34:38.000,2669.6000,11288,-2,107347680.000,2,0,2,双平,S,2669.4000,2668.8000,2668.2000,2668.0000,2667.6000,2670.4000,2671.0000,2671.6000,2672.4000,2674.4000,1,2,1,6,1,1,1,2,1,1
SF,IH2009,2020-04-21 09:34:38.500,2669.6000,11288,0,107347680.000,0,-,-,-,-,2669.4000,2668.8000,2668.2000,2668.0000,2667.6000,2670.2000,2670.4000,2671.0000,2671.6000,2672.4000,1,2,1,6,1,1,1,1,2,1
SF,IH2009,2020-04-21 09:34:39.000,2670.0000,11288,0,108148680.000,1,0,1,多换,S,2669.4000,2668.8000,2668.2000,2668.0000,2667.6000,2670.4000,2671.0000,2671.6000,2672.4000,2674.4000,1,2,1,6,1,1,1,2,1,1
SF,IH2009,2020-04-21 09:34:40.000,2670.0000,11288,0,108148680.000,0,-,-,-,-,2669.4000,2668.8000,2668.2000,2668.0000,2667.6000,2670.2000,2670.4000,2671.0000,2671.6000,2672.4000,1,2,1,6,1,1,1,1,2,1
SF,IH2009,2020-04-21 09:34:40.500,2670.0000,11288,0,108148680.000,0,-,-,-,-,2669.4000,2668.8000,2668.2000,2668.0000,2667.6000,2670.4000,2671.0000,2671.6000,2672.4000,2674.4000,1,2,1,6,1,1,1,2,1,1
SF,IH2009,2020-04-21 09:34:41.000,2670.0000,11288,0,108148680.000,0,-,-,-,-,2669.4000,2668.8000,2668.2000,2668.0000,2667.6000,2670.4000,2671.0000,2671.6000,2672.4000,2674.4000,1,2,1,6,1,1,1,2,1,1
SF,IH2009,2020-04-21 09:34:42.000,2670.0000,11288,0,108148680.000,0,-,-,-,-,2669.4000,2668.8000,2668.2000,2668.0000,2667.6000,2670.4000,2671.0000,2671.6000,2672.4000,2674.4000,2,2,1,6,1,1,1,2,1,1
SF,IH2009,2020-04-21 09:34:42.500,2670.0000,11288,0,108148680.000,0,-,-,-,-,2669.4000,2668.8000,2668.2000,2668.0000,2667.6000,2669.8000,2670.4000,2671.0000,2671.6000,2672.4000,2,2,1,6,1,1,1,1,2,1
SF,IH2009,2020-04-21 09:34:43.000,2670.0000,11288,0,108148680.000,0,-,-,-,-,2669.4000,2668.8000,2668.2000,2668.0000,2667.6000,2669.8000,2670.4000,2671.0000,2671.6000,2674.4000,2,2,1,6,1,1,1,1,2,1
SF,IH2009,2020-04-21 09:34:45.500,2670.0000,11288,0,108148680.000,0,-,-,-,-,2669.4000,2668.8000,2668.2000,2668.0000,2667.6000,2669.8000,2670.0000,2670.4000,2671.0000,2671.6000,2,2,1,6,1,1,1,1,1,2
SF,IH2009,2020-04-21 09:34:46.000,2670.0000,11288,0,108148680.000,0,-,-,-,-,2669.4000,2668.8000,2668.2000,2668.0000,2667.6000,2669.8000,2670.4000,2671.0000,2671.6000,2674.4000,2,2,1,6,1,1,1,1,2,1
SF,IH2009,2020-04-21 09:34:47.000,2669.4000,11287,-1,108949500.000,1,0,1,双平,S,2669.4000,2668.8000,2668.2000,2668.0000,2667.6000,2669.8000,2670.4000,2671.0000,2671.6000,2674.4000,1,2,1,6,1,1,1,1,2,1
SF,IH2009,2020-04-21 09:34:48.000,2669.4000,11287,0,109750320.000,1,0,1,多换,S,2668.8000,2668.2000,2668.0000,2667.6000,2667.4000,2669.8000,2670.4000,2671.0000,2671.6000,2674.4000,2,1,6,1,2,1,1,1,2,1
SF,IH2009,2020-04-21 09:34:51.000,2669.4000,11287,0,109750320.000,0,-,-,-,-,2668.8000,2668.2000,2668.0000,2667.4000,2666.6000,2669.8000,2670.4000,2671.0000,2671.6000,2674.4000,2,1,6,2,1,1,1,1,2,1
SF,IH2009,2020-04-21 09:34:51.500,2669.4000,11287,0,109750320.000,0,-,-,-,-,2668.8000,2668.6000,2668.2000,2668.0000,2667.4000,2669.8000,2670.4000,2671.0000,2671.6000,2674.4000,2,1,1,6,2,1,1,1,2,1
SF,IH2009,2020-04-21 09:34:54.500,2669.4000,11287,0,109750320.000,0,-,-,-,-,2668.8000,2668.6000,2668.2000,2668.0000,2667.4000,2669.4000,2670.4000,2671.0000,2671.6000,2674.4000,2,1,1,6,2,1,1,1,2,1
SF,IH2009,2020-04-21 09:34:55.000,2669.4000,11286,-1,110551140.000,1,0,1,双平,S,2668.8000,2668.6000,2668.2000,2668.0000,2667.4000,2670.4000,2671.0000,2671.6000,2674.4000,2675.2000,2,1,1,6,2,1,1,2,1,5
SF,IH2009,2020-04-21 09:34:55.500,2669.4000,11286,0,110551140.000,0,-,-,-,-,2668.8000,2668.6000,2668.2000,2668.0000,2667.4000,2670.2000,2670.4000,2671.0000,2671.6000,2672.4000,2,1,1,6,2,2,1,1,2,1
SF,IH2009,2020-04-21 09:34:56.000,2669.4000,11286,0,110551140.000,0,-,-,-,-,2668.8000,2668.6000,2668.2000,2668.0000,2667.4000,2670.0000,2670.2000,2671.0000,2671.6000,2672.4000,2,1,1,6,2,3,2,1,2,1
SF,IH2009,2020-04-21 09:34:56.500,2669.4000,11286,0,110551140.000,0,-,-,-,-,2668.8000,2668.6000,2668.2000,2668.0000,2667.4000,2669.8000,2670.0000,2670.2000,2671.0000,2671.6000,2,1,1,6,2,1,3,1,1,2
SF,IH2009,2020-04-21 09:34:57.000,2668.8000,11285,-1,111351780.000,1,0,1,双平,S,2668.8000,2668.6000,2668.2000,2668.0000,2667.4000,2670.0000,2670.2000,2671.0000,2671.6000,2674.4000,1,1,1,6,2,1,1,1,2,1
SF,IH2009,2020-04-21 09:34:57.500,2668.8000,11285,0,111351780.000,0,-,-,-,-,2668.8000,2668.6000,2668.2000,2668.0000,2667.4000,2669.8000,2670.0000,2670.2000,2671.0000,2671.6000,1,1,1,6,2,1,3,1,1,2
SF,IH2009,2020-04-21 09:34:58.000,2668.8000,11285,0,111351780.000,0,-,-,-,-,2668.8000,2668.6000,2668.2000,2668.0000,2667.4000,2670.0000,2670.2000,2671.0000,2671.6000,2674.4000,1,1,1,6,2,1,1,1,2,1
SF,IH2009,2020-04-21 09:34:58.500,2668.8000,11285,0,111351780.000,0,-,-,-,-,2668.8000,2668.6000,2668.2000,2668.0000,2667.4000,2669.8000,2670.0000,2670.2000,2671.0000,2671.6000,1,1,1,6,2,1,3,1,1,2
SF,IH2009,2020-04-21 09:34:59.000,2668.8000,11285,0,111351780.000,0,-,-,-,-,2668.8000,2668.6000,2668.0000,2667.4000,2666.6000,2670.0000,2670.2000,2671.0000,2671.6000,2674.4000,1,1,6,2,1,3,1,1,2,1
SF,IH2009,2020-04-21 09:34:59.500,2668.8000,11285,0,111351780.000,0,-,-,-,-,2668.8000,2668.6000,2668.0000,2667.4000,2666.6000,2669.8000,2670.0000,2670.2000,2671.0000,2671.6000,1,1,6,2,1,1,1,1,1,2
SF,IH2009,2020-04-21 09:35:00.000,2668.8000,11285,0,111351780.000,0,-,-,-,-,2668.8000,2668.6000,2668.0000,2667.4000,2666.6000,2670.0000,2670.2000,2671.0000,2671.6000,2674.4000,1,1,6,2,1,1,1,1,2,1
SF,IH2009,2020-04-21 09:35:01.500,2668.6000,11283,-2,112953000.000,2,0,2,双平,S,2668.0000,2667.4000,2666.6000,2666.2000,2666.0000,2668.4000,2669.8000,2670.0000,2670.2000,2671.0000,6,2,1,1,3,1,1,3,1,1
SF,IH2009,2020-04-21 09:35:02.000,2668.6000,11283,0,112953000.000,0,-,-,-,-,2668.0000,2667.4000,2666.6000,2666.2000,2666.0000,2668.4000,2670.0000,2670.2000,2671.6000,2674.4000,6,2,1,1,3,2,3,1,1,1
SF,IH2009,2020-04-21 09:35:02.500,2668.6000,11283,0,112953000.000,0,-,-,-,-,2668.0000,2667.4000,2666.6000,2666.2000,2666.0000,2668.4000,2669.6000,2670.0000,2670.2000,2671.6000,6,2,1,1,3,2,1,3,1,1
SF,IH2009,2020-04-21 09:35:03.000,2668.6000,11283,0,112953000.000,0,-,-,-,-,2668.0000,2667.4000,2666.6000,2666.2000,2666.0000,2668.4000,2669.6000,2670.0000,2670.2000,2670.4000,6,2,1,1,3,2,1,3,1,1
SF,IH2009,2020-04-21 09:35:03.500,2668.4000,11282,-1,113753520.000,1,0,1,双平,S,2668.0000,2667.4000,2666.6000,2666.2000,2666.0000,2669.6000,2670.0000,2670.2000,2670.4000,2671.6000,6,2,1,1,3,1,3,1,1,1
SF,IH2009,2020-04-21 09:35:04.000,2668.4000,11282,0,113753520.000,0,-,-,-,-,2668.0000,2667.4000,2666.6000,2666.2000,2666.0000,2669.4000,2669.6000,2670.0000,2670.2000,2670.4000,6,2,1,1,3,2,1,2,1,1
SF,IH2009,2020-04-21 09:35:07.500,2668.4000,11282,0,113753520.000,0,-,-,-,-,2668.0000,2667.4000,2666.6000,2666.2000,2666.0000,2669.0000,2669.2000,2669.4000,2669.6000,2670.0000,6,2,1,1,3,2,2,2,1,2
SF,IH2009,2020-04-21 09:35:08.000,2668.4000,11282,0,113753520.000,0,-,-,-,-,2668.0000,2667.4000,2666.6000,2666.2000,2666.0000,2669.2000,2669.4000,2669.6000,2670.0000,2670.2000,6,2,1,1,3,2,1,1,2,1
SF,IH2009,2020-04-21 09:35:08.500,2668.4000,11282,0,113753520.000,0,-,-,-,-,2668.0000,2667.4000,2666.6000,2666.2000,2666.0000,2669.0000,2669.2000,2669.6000,2670.0000,2670.2000,6,2,1,1,3,4,2,1,2,1
SF,IH2009,2020-04-21 09:35:09.000,2668.4000,11282,0,113753520.000,0,-,-,-,-,2668.0000,2667.4000,2666.6000,2666.2000,2666.0000,2669.0000,2669.2000,2669.6000,2670.0000,2670.2000,6,2,1,1,3,4,3,1,2,1
SF,IH2009,2020-04-21 09:35:10.000,2668.4000,11282,0,113753520.000,0,-,-,-,-,2668.0000,2667.4000,2666.6000,2666.2000,2666.0000,2669.0000,2669.2000,2669.6000,2670.0000,2670.2000,6,2,1,1,3,2,3,1,2,1
SF,IH2009,2020-04-21 09:35:10.500,2668.4000,11282,0,113753520.000,0,-,-,-,-,2668.0000,2667.4000,2666.6000,2666.2000,2666.0000,2669.0000,2669.2000,2669.6000,2670.0000,2670.2000,6,2,1,1,3,1,3,1,2,1
SF,IH2009,2020-04-21 09:35:13.000,2668.4000,11282,0,113753520.000,0,-,-,-,-,2668.0000,2667.4000,2666.6000,2666.2000,2666.0000,2669.0000,2669.2000,2669.6000,2670.0000,2670.2000,6,2,1,1,3,1,2,1,2,1
SF,IH2009,2020-04-21 09:35:13.500,2668.4000,11282,0,113753520.000,0,-,-,-,-,2668.0000,2667.4000,2666.6000,2666.2000,2666.0000,2669.0000,2669.2000,2669.6000,2670.0000,2670.2000,6,2,1,1,3,1,1,1,2,1
SF,IH2009,2020-04-21 09:35:14.000,2668.4000,11282,0,113753520.000,0,-,-,-,-,2668.0000,2667.4000,2666.6000,2666.2000,2666.0000,2669.0000,2669.6000,2670.0000,2670.2000,2670.4000,6,2,1,1,3,1,1,2,1,1
SF,IH2009,2020-04-21 09:35:17.000,2668.4000,11282,0,113753520.000,0,-,-,-,-,2668.0000,2667.4000,2666.6000,2666.2000,2666.0000,2669.0000,2669.6000,2670.0000,2670.2000,2670.4000,6,2,1,1,3,3,1,2,1,1
SF,IH2009,2020-04-21 09:35:18.000,2668.4000,11282,0,113753520.000,0,-,-,-,-,2668.0000,2667.4000,2666.6000,2666.2000,2666.0000,2669.0000,2669.6000,2670.0000,2670.2000,2670.4000,6,2,1,1,3,1,1,2,1,1
SF,IH2009,2020-04-21 09:35:19.000,2668.4000,11282,0,113753520.000,0,-,-,-,-,2668.0000,2667.4000,2666.6000,2666.2000,2666.0000,2669.0000,2669.6000,2670.0000,2670.2000,2670.4000,6,2,1,1,3,3,1,2,1,1
SF,IH2009,2020-04-21 09:35:19.500,2668.4000,11282,0,113753520.000,0,-,-,-,-,2668.0000,2667.4000,2666.6000,2666.2000,2666.0000,2669.0000,2669.6000,2670.0000,2670.2000,2670.4000,6,2,1,1,3,1,1,2,1,1
SF,IH2009,2020-04-21 09:35:20.000,2668.4000,11282,0,113753520.000,0,-,-,-,-,2668.0000,2667.4000,2666.6000,2666.2000,2666.0000,2669.0000,2669.6000,2670.0000,2670.2000,2670.4000,6,2,1,1,3,3,1,2,1,1
SF,IH2009,2020-04-21 09:35:20.500,2668.4000,11282,0,113753520.000,0,-,-,-,-,2668.0000,2667.4000,2666.6000,2666.2000,2666.0000,2669.0000,2669.6000,2670.0000,2670.2000,2670.4000,6,2,1,1,3,1,1,2,1,1
SF,IH2009,2020-04-21 09:35:21.500,2668.4000,11282,0,113753520.000,0,-,-,-,-,2668.0000,2667.4000,2666.6000,2666.2000,2666.0000,2669.0000,2669.6000,2670.0000,2670.2000,2670.4000,6,2,1,1,3,3,1,2,1,1
SF,IH2009,2020-04-21 09:35:22.000,2668.4000,11282,0,113753520.000,0,-,-,-,-,2668.0000,2667.4000,2666.6000,2666.2000,2666.0000,2668.8000,2669.0000,2669.6000,2670.0000,2670.2000,6,2,1,1,3,1,1,1,2,1
SF,IH2009,2020-04-21 09:35:22.500,2668.4000,11282,0,113753520.000,0,-,-,-,-,2668.0000,2667.4000,2666.6000,2666.2000,2666.0000,2668.8000,2669.0000,2669.6000,2670.0000,2670.2000,6,2,1,1,3,1,2,1,2,1
SF,IH2009,2020-04-21 09:35:23.500,2668.4000,11282,0,113753520.000,0,-,-,-,-,2668.0000,2667.4000,2666.6000,2666.2000,2666.0000,2668.8000,2669.0000,2669.6000,2670.0000,2670.2000,6,2,1,1,3,1,1,1,2,1
SF,IH2009,2020-04-21 09:35:25.000,2668.4000,11282,0,113753520.000,0,-,-,-,-,2668.0000,2667.4000,2666.6000,2666.2000,2666.0000,2668.8000,2669.0000,2669.6000,2670.0000,2670.2000,6,2,1,1,3,1,2,1,2,1
SF,IH2009,2020-04-21 09:35:25.500,2668.4000,11282,0,113753520.000,0,-,-,-,-,2668.0000,2667.4000,2666.6000,2666.2000,2666.0000,2668.8000,2669.0000,2669.6000,2670.0000,2670.2000,6,2,1,1,3,1,1,1,2,1
SF,IH2009,2020-04-21 09:35:26.000,2668.4000,11282,0,113753520.000,0,-,-,-,-,2668.0000,2667.4000,2666.6000,2666.2000,2666.0000,2669.0000,2669.6000,2670.0000,2670.2000,2670.4000,6,2,1,1,3,1,1,2,1,1
SF,IH2009,2020-04-21 09:35:27.000,2668.4000,11282,0,113753520.000,0,-,-,-,-,2668.0000,2667.4000,2666.6000,2666.2000,2666.0000,2669.0000,2669.6000,2670.0000,2670.2000,2670.4000,7,2,1,1,3,1,1,2,1,1
SF,IH2009,2020-04-21 09:35:28.000,2668.4000,11282,0,113753520.000,0,-,-,-,-,2668.2000,2668.0000,2667.4000,2666.6000,2666.2000,2669.0000,2669.6000,2670.0000,2670.2000,2670.4000,1,7,2,1,1,1,1,2,1,1
SF,IH2009,2020-04-21 09:35:28.500,2668.4000,11282,0,113753520.000,0,-,-,-,-,2668.0000,2667.4000,2666.6000,2666.2000,2666.0000,2669.0000,2669.6000,2670.0000,2670.2000,2670.4000,7,2,1,1,3,1,1,2,1,1
SF,IH2009,2020-04-21 09:35:29.000,2668.4000,11282,0,113753520.000,0,-,-,-,-,2668.0000,2667.4000,2666.6000,2666.2000,2666.0000,2669.0000,2669.6000,2670.0000,2670.2000,2670.4000,7,2,1,1,3,3,1,2,1,1
SF,IH2009,2020-04-21 09:35:29.500,2668.4000,11282,0,113753520.000,0,-,-,-,-,2668.0000,2667.4000,2666.6000,2666.2000,2666.0000,2669.0000,2669.6000,2670.0000,2670.2000,2670.4000,7,2,1,1,3,1,1,2,1,1
SF,IH2009,2020-04-21 09:35:31.000,2668.4000,11282,0,113753520.000,0,-,-,-,-,2668.0000,2667.4000,2666.6000,2666.2000,2666.0000,2669.0000,2669.6000,2670.0000,2670.2000,2670.4000,8,2,1,1,13,3,1,2,1,1
SF,IH2009,2020-04-21 09:35:31.500,2668.4000,11282,0,113753520.000,0,-,-,-,-,2668.0000,2667.4000,2666.6000,2666.2000,2666.0000,2669.0000,2669.6000,2670.0000,2670.2000,2670.4000,8,2,1,1,13,1,1,2,1,1
SF,IH2009,2020-04-21 09:35:32.000,2668.4000,11282,0,113753520.000,0,-,-,-,-,2668.0000,2667.4000,2666.6000,2666.2000,2666.0000,2669.0000,2669.6000,2670.0000,2670.2000,2670.4000,8,2,1,1,13,3,1,2,1,1
SF,IH2009,2020-04-21 09:35:32.500,2668.4000,11282,0,113753520.000,0,-,-,-,-,2668.0000,2667.4000,2666.6000,2666.2000,2666.0000,2669.0000,2669.6000,2670.0000,2670.2000,2670.4000,8,2,1,1,13,1,1,2,1,1
SF,IH2009,2020-04-21 09:35:34.000,2668.4000,11282,0,113753520.000,0,-,-,-,-,2668.0000,2667.4000,2666.6000,2666.2000,2666.0000,2669.0000,2669.6000,2670.0000,2670.2000,2670.4000,8,2,1,1,13,1,1,2,1,1
SF,IH2009,2020-04-21 09:35:37.000,2668.4000,11282,0,113753520.000,0,-,-,-,-,2668.0000,2667.4000,2666.6000,2666.2000,2666.0000,2669.0000,2669.6000,2670.0000,2670.2000,2670.4000,8,2,1,1,13,3,1,2,1,1
SF,IH2009,2020-04-21 09:35:37.500,2668.4000,11282,0,113753520.000,0,-,-,-,-,2668.2000,2668.0000,2667.4000,2666.6000,2666.2000,2669.0000,2669.6000,2670.0000,2670.2000,2670.4000,1,8,2,1,1,3,1,2,1,1
SF,IH2009,2020-04-21 09:35:38.000,2668.4000,11282,0,113753520.000,0,-,-,-,-,2668.2000,2668.0000,2667.4000,2666.6000,2666.2000,2668.8000,2669.0000,2669.6000,2670.0000,2670.2000,1,8,2,1,1,1,3,1,2,1
SF,IH2009,2020-04-21 09:35:38.500,2668.2000,11281,-1,114553980.000,1,0,1,双平,S,2668.0000,2667.4000,2666.6000,2666.2000,2666.0000,2668.4000,2668.8000,2669.0000,2669.6000,2670.0000,8,2,1,1,13,3,2,3,1,2
SF,IH2009,2020-04-21 09:35:39.000,2668.2000,11281,0,114553980.000,0,-,-,-,-,2668.0000,2667.4000,2666.6000,2666.2000,2666.0000,2668.4000,2668.8000,2669.0000,2669.6000,2670.0000,8,2,1,1,13,3,2,3,1,2
SF,IH2009,2020-04-21 09:35:40.000,2668.2000,11281,0,114553980.000,0,-,-,-,-,2668.0000,2667.4000,2666.6000,2666.2000,2666.0000,2668.4000,2668.8000,2669.0000,2669.6000,2670.0000,8,2,1,1,13,3,2,3,1,3
SF,IH2009,2020-04-21 09:35:41.000,2668.0000,11281,0,115354380.000,1,0,1,多换,S,2668.0000,2667.4000,2666.6000,2666.2000,2666.0000,2668.4000,2668.8000,2669.0000,2669.6000,2670.0000,7,2,1,1,13,3,2,3,1,3
SF,IH2009,2020-04-21 09:35:42.000,2668.0000,11281,0,115354380.000,0,-,-,-,-,2668.0000,2667.4000,2666.6000,2666.2000,2666.0000,2668.4000,2668.8000,2669.0000,2669.6000,2670.0000,7,2,1,1,13,3,2,3,1,3
SF,IH2009,2020-04-21 09:35:44.000,2668.4000,11281,0,116154900.000,1,0,1,多换,S,2668.0000,2667.4000,2666.6000,2666.2000,2666.0000,2668.4000,2668.8000,2669.0000,2669.6000,2670.0000,7,2,1,1,13,2,2,3,1,3
SF,IH2009,2020-04-21 09:35:44.500,2668.4000,11281,0,116154900.000,0,-,-,-,-,2668.0000,2667.4000,2666.6000,2666.2000,2666.0000,2668.4000,2668.8000,2669.0000,2669.6000,2670.0000,7,2,1,1,13,2,2,3,1,4
SF,IH2009,2020-04-21 09:35:45.000,2668.4000,11281,0,117755940.000,2,1,1,多换,S,2668.0000,2667.4000,2666.6000,2666.2000,2666.0000,2668.8000,2669.0000,2669.6000,2670.0000,2670.2000,7,2,1,1,13,2,3,1,4,1
SF,IH2009,2020-04-21 09:35:45.500,2668.4000,11281,0,117755940.000,0,-,-,-,-,2668.0000,2667.4000,2666.6000,2666.2000,2666.0000,2668.8000,2669.0000,2669.6000,2670.0000,2670.2000,7,2,1,1,13,2,1,1,4,1
SF,IH2009,2020-04-21 09:35:46.000,2668.4000,11281,0,117755940.000,0,-,-,-,-,2668.0000,2667.4000,2666.6000,2666.2000,2666.0000,2668.8000,2669.0000,2669.6000,2670.0000,2670.2000,7,2,1,1,13,1,1,1,4,1
SF,IH2009,2020-04-21 09:35:47.500,2668.4000,11281,0,117755940.000,0,-,-,-,-,2668.0000,2667.4000,2666.6000,2666.2000,2666.0000,2668.8000,2669.0000,2669.6000,2670.0000,2670.2000,7,2,1,1,13,1,2,1,4,1
