市场代码,合约代码,时间,最新,持仓,增仓,成交额,成交量,开仓,平仓,成交类型,方向,买一价,买二价,买三价,买四价,买五价,卖一价,卖二价,卖三价,卖四价,卖五价,买一量,买二量,买三量,买四量,买五量,卖一量,卖二量,卖三量,卖四量,卖五量
SF,IH2009,2020-06-09 09:29:00.400,2797.0000,17234,0,5034600.000,6.000,-,-,-,-,2795.6000,2795.0000,2793.8000,2791.0000,2790.4000,2797.4000,2797.6000,2797.8000,2798.0000,2799.0000,1,1,1,2,4,1,1,1,1,1
SF,IH2009,2020-06-09 09:30:00.400,2797.4000,17232,-2,7552140.000,3,0,3,多平,S,2795.0000,2793.8000,2790.4000,2790.2000,2790.0000,2796.0000,2797.0000,2797.8000,2798.0000,2798.6000,1,1,4,1,1,1,3,1,2,1
SF,IH2009,2020-06-09 09:30:00.900,2797.4000,17231,-1,8391360.000,1,0,1,双平,S,2795.0000,2793.8000,2790.2000,2790.0000,2789.0000,2797.0000,2797.8000,2798.0000,2798.6000,2799.0000,2,1,1,1,2,3,1,2,1,1
SF,IH2009,2020-06-09 09:30:01.400,2797.4000,17231,0,8391360.000,0,-,-,-,-,2795.0000,2793.8000,2790.2000,2790.0000,2789.2000,2796.8000,2797.0000,2797.8000,2798.0000,2798.6000,2,1,1,1,5,1,4,1,2,1
SF,IH2009,2020-06-09 09:30:01.900,2795.6000,17230,-1,10068540.000,2,0,2,多平,S,2795.0000,2794.8000,2793.8000,2790.2000,2790.0000,2796.8000,2797.0000,2797.8000,2798.0000,2798.6000,1,2,1,1,1,1,4,1,2,1
SF,IH2009,2020-06-09 09:30:02.400,2795.6000,17230,0,10068540.000,0,-,-,-,-,2793.8000,2790.2000,2790.0000,2789.2000,2789.0000,2796.8000,2797.0000,2797.8000,2798.0000,2798.6000,1,1,1,5,1,1,4,1,2,1
SF,IH2009,2020-06-09 09:30:02.900,2795.6000,17230,0,10068540.000,0,-,-,-,-,2794.2000,2793.8000,2793.6000,2790.2000,2790.0000,2795.0000,2796.8000,2797.0000,2797.8000,2798.0000,2,1,1,1,1,1,2,4,1,2
SF,IH2009,2020-06-09 09:30:03.400,2795.0000,17229,-1,10907040.000,1,0,1,双平,S,2794.2000,2794.0000,2793.8000,2793.6000,2790.2000,2796.8000,2797.0000,2797.8000,2798.0000,2798.6000,2,5,1,1,1,1,4,1,2,1
SF,IH2009,2020-06-09 09:30:03.900,2795.0000,17229,0,10907040.000,0,-,-,-,-,2794.4000,2794.2000,2794.0000,2793.8000,2793.6000,2796.6000,2796.8000,2797.0000,2797.8000,2798.0000,1,2,5,1,1,1,2,4,1,2
SF,IH2009,2020-06-09 09:30:04.400,2795.0000,17229,0,10907040.000,0,-,-,-,-,2794.4000,2794.2000,2793.8000,2793.6000,2790.2000,2796.0000,2796.4000,2796.6000,2797.0000,2797.8000,1,2,1,1,1,1,1,1,4,1
SF,IH2009,2020-06-09 09:30:04.900,2796.0000,17228,-1,11745840.000,1,0,1,双平,S,2794.8000,2794.2000,2793.8000,2793.6000,2790.2000,2796.4000,2797.0000,2797.6000,2797.8000,2798.0000,1,1,1,1,1,1,4,1,1,2
SF,IH2009,2020-06-09 09:30:05.400,2796.0000,17228,0,11745840.000,0,-,-,-,-,2794.2000,2793.8000,2793.6000,2790.2000,2790.0000,2796.4000,2797.0000,2797.6000,2797.8000,2798.0000,1,1,1,1,1,1,4,1,1,2
SF,IH2009,2020-06-09 09:30:05.900,2796.0000,17228,0,11745840.000,0,-,-,-,-,2794.4000,2794.2000,2793.8000,2793.6000,2790.2000,2796.4000,2797.0000,2797.6000,2797.8000,2798.0000,1,1,1,1,1,1,4,1,1,2
SF,IH2009,2020-06-09 09:30:06.400,2796.0000,17228,0,11745840.000,0,-,-,-,-,2794.8000,2794.4000,2793.8000,2793.6000,2790.2000,2796.4000,2797.0000,2797.6000,2797.8000,2798.0000,3,2,1,1,1,1,4,1,1,2
SF,IH2009,2020-06-09 09:30:07.400,2796.4000,17228,0,13423200.000,2,1,1,多换,S,2794.4000,2793.8000,2793.6000,2790.2000,2790.0000,2797.0000,2797.6000,2797.8000,2798.0000,2798.6000,1,1,1,1,1,4,1,1,2,1
SF,IH2009,2020-06-09 09:30:07.900,2794.4000,17227,-1,14261520.000,1,0,1,双平,S,2794.4000,2793.8000,2793.6000,2790.2000,2790.0000,2796.8000,2797.0000,2797.6000,2797.8000,2798.0000,1,1,1,1,1,1,4,1,1,2
SF,IH2009,2020-06-09 09:30:08.400,2794.4000,17227,0,14261520.000,0,-,-,-,-,2794.4000,2793.8000,2793.6000,2790.2000,2790.0000,2796.6000,2796.8000,2797.0000,2797.6000,2797.8000,1,1,1,1,1,1,1,4,1,1
SF,IH2009,2020-06-09 09:30:08.900,2794.4000,17227,0,14261520.000,0,-,-,-,-,2794.4000,2793.8000,2793.6000,2790.2000,2790.0000,2796.6000,2797.0000,2797.6000,2797.8000,2798.0000,1,1,1,1,1,1,4,1,1,2
SF,IH2009,2020-06-09 09:30:09.900,2794.4000,17227,0,14261520.000,0,-,-,-,-,2794.8000,2794.4000,2793.8000,2793.6000,2790.2000,2796.6000,2797.0000,2797.6000,2797.8000,2798.0000,2,2,1,1,1,1,4,1,1,2
SF,IH2009,2020-06-09 09:30:10.400,2794.4000,17227,0,14261520.000,0,-,-,-,-,2796.6000,2795.0000,2794.8000,2794.4000,2793.8000,2797.0000,2797.6000,2797.8000,2798.0000,2798.6000,1,1,2,2,1,4,1,1,2,1
SF,IH2009,2020-06-09 09:30:10.900,2796.6000,17227,0,15100500.000,1,0,1,多换,S,2795.0000,2794.8000,2794.4000,2793.8000,2793.6000,2796.4000,2796.6000,2797.0000,2797.6000,2797.8000,1,2,2,1,1,1,2,5,1,1
SF,IH2009,2020-06-09 09:30:11.400,2795.2000,17226,-1,15939060.000,1,0,1,双平,S,2795.2000,2795.0000,2794.8000,2794.4000,2793.8000,2796.6000,2797.0000,2797.6000,2797.8000,2798.0000,1,1,2,1,1,2,4,1,1,2
SF,IH2009,2020-06-09 09:30:11.900,2795.2000,17226,0,15939060.000,0,-,-,-,-,2795.4000,2795.2000,2795.0000,2794.8000,2794.4000,2796.6000,2797.0000,2797.2000,2797.6000,2797.8000,6,3,1,2,1,2,4,1,1,1
SF,IH2009,2020-06-09 09:30:12.400,2795.2000,17226,0,15939060.000,0,-,-,-,-,2795.4000,2795.2000,2795.0000,2794.8000,2794.4000,2796.6000,2797.0000,2797.2000,2797.6000,2797.8000,6,3,1,2,1,2,4,1,1,1
SF,IH2009,2020-06-09 09:30:12.900,2795.2000,17225,-1,16777620.000,1,0,1,双平,S,2795.4000,2795.0000,2794.8000,2794.4000,2793.8000,2796.6000,2797.0000,2797.2000,2797.6000,2797.8000,5,1,2,1,1,2,4,1,1,1
SF,IH2009,2020-06-09 09:30:13.400,2795.2000,17225,0,16777620.000,0,-,-,-,-,2795.8000,2795.6000,2795.4000,2794.8000,2794.4000,2796.4000,2796.6000,2797.0000,2797.2000,2797.6000,1,1,1,2,1,1,2,4,1,1
SF,IH2009,2020-06-09 09:30:13.900,2795.8000,17226,1,17616360.000,1,1,0,双开,S,2796.0000,2795.6000,2794.8000,2794.4000,2793.8000,2796.4000,2796.6000,2797.0000,2797.2000,2797.6000,1,1,2,1,1,1,2,4,1,1
SF,IH2009,2020-06-09 09:30:14.400,2796.4000,17225,-1,18455280.000,1,0,1,双平,S,2796.2000,2795.8000,2795.6000,2794.8000,2793.8000,2796.6000,2797.0000,2797.2000,2797.6000,2797.8000,1,1,1,2,1,2,4,1,1,1
SF,IH2009,2020-06-09 09:30:14.900,2796.4000,17225,0,18455280.000,0,-,-,-,-,2796.4000,2796.2000,2795.8000,2794.8000,2793.8000,2797.0000,2797.2000,2797.6000,2797.8000,2798.0000,2,1,1,2,1,4,1,1,1,2
SF,IH2009,2020-06-09 09:30:15.400,2797.0000,17224,-1,19294380.000,1,0,1,双平,S,2796.4000,2796.2000,2795.8000,2794.8000,2793.8000,2797.0000,2797.2000,2797.6000,2797.8000,2798.0000,1,1,1,2,1,3,1,1,1,2
SF,IH2009,2020-06-09 09:30:15.900,2797.0000,17224,0,20972460.000,2,1,1,多换,S,2796.4000,2796.2000,2795.8000,2794.8000,2793.8000,2797.0000,2797.2000,2797.6000,2797.8000,2798.0000,1,1,1,2,1,2,1,1,1,2
SF,IH2009,2020-06-09 09:30:16.400,2797.0000,17224,0,20972460.000,0,-,-,-,-,2796.4000,2796.2000,2794.8000,2793.8000,2793.6000,2797.0000,2797.2000,2797.6000,2797.8000,2798.0000,1,1,2,1,1,2,1,1,1,2
SF,IH2009,2020-06-09 09:30:16.900,2796.4000,17224,0,21811380.000,1,0,1,多换,S,2796.2000,2794.8000,2793.8000,2793.6000,2790.2000,2797.0000,2797.2000,2797.6000,2797.8000,2798.0000,1,2,1,1,1,2,1,1,1,2
SF,IH2009,2020-06-09 09:30:17.400,2796.2000,17223,-1,22650240.000,1,0,1,双平,S,2794.8000,2793.8000,2793.6000,2790.2000,2790.0000,2796.2000,2796.4000,2796.8000,2797.0000,2797.2000,2,1,1,1,2,1,1,1,2,1
SF,IH2009,2020-06-09 09:30:17.900,2796.2000,17223,0,22650240.000,0,-,-,-,-,2795.4000,2795.2000,2794.8000,2793.8000,2793.6000,2796.2000,2796.4000,2796.8000,2797.0000,2797.2000,3,4,3,1,1,1,1,1,2,1
SF,IH2009,2020-06-09 09:30:18.400,2796.2000,17223,0,22650240.000,0,-,-,-,-,2794.8000,2793.8000,2793.6000,2790.2000,2790.0000,2796.2000,2796.4000,2796.8000,2797.0000,2797.2000,3,1,1,1,2,3,1,1,2,1
SF,IH2009,2020-06-09 09:30:18.900,2796.2000,17223,0,22650240.000,0,-,-,-,-,2795.0000,2794.8000,2793.8000,2793.6000,2790.2000,2795.8000,2796.2000,2796.4000,2797.0000,2797.2000,4,3,1,1,1,1,4,1,2,1
SF,IH2009,2020-06-09 09:30:19.400,2796.2000,17223,0,23489100.000,1,0,1,多换,S,2795.0000,2794.8000,2793.8000,2793.6000,2790.2000,2796.0000,2796.2000,2796.4000,2797.0000,2797.2000,4,3,1,1,1,1,4,1,2,1
SF,IH2009,2020-06-09 09:30:19.900,2796.2000,17222,-1,24327960.000,1,0,1,双平,S,2795.0000,2794.8000,2793.8000,2793.6000,2790.2000,2796.2000,2796.4000,2797.0000,2797.2000,2797.6000,4,3,1,1,1,4,1,2,1,1
SF,IH2009,2020-06-09 09:30:20.400,2796.2000,17222,0,25166820.000,1,0,1,多换,S,2795.0000,2794.8000,2793.8000,2793.6000,2790.2000,2796.2000,2796.4000,2797.0000,2797.2000,2797.6000,4,3,1,1,1,3,1,2,1,1
SF,IH2009,2020-06-09 09:30:20.900,2796.2000,17222,0,25166820.000,0,-,-,-,-,2795.0000,2794.8000,2793.8000,2793.6000,2790.2000,2796.2000,2796.4000,2797.0000,2797.2000,2797.6000,5,3,1,1,1,3,1,2,1,1
SF,IH2009,2020-06-09 09:30:21.400,2796.2000,17222,0,25166820.000,0,-,-,-,-,2795.0000,2794.8000,2793.8000,2793.6000,2790.2000,2796.2000,2796.4000,2797.0000,2797.2000,2797.6000,4,3,1,1,1,3,1,2,1,1
SF,IH2009,2020-06-09 09:30:21.900,2796.2000,17222,0,25166820.000,0,-,-,-,-,2795.0000,2794.8000,2793.8000,2793.6000,2790.2000,2796.2000,2796.4000,2797.0000,2797.2000,2797.6000,1,3,1,1,1,3,1,2,1,1
SF,IH2009,2020-06-09 09:30:22.400,2796.2000,17220,-2,26844540.000,2,0,2,双平,S,2795.0000,2794.8000,2793.8000,2793.6000,2790.2000,2796.2000,2796.4000,2797.0000,2797.2000,2797.6000,1,3,1,1,1,3,1,2,1,1
SF,IH2009,2020-06-09 09:30:23.400,2796.2000,17220,0,26844540.000,0,-,-,-,-,2793.8000,2793.6000,2790.2000,2790.0000,2789.2000,2796.0000,2796.2000,2796.4000,2797.0000,2797.2000,1,1,2,2,5,1,3,1,2,1
SF,IH2009,2020-06-09 09:30:23.900,2796.2000,17220,0,26844540.000,0,-,-,-,-,2794.8000,2794.4000,2794.0000,2793.8000,2793.6000,2796.2000,2796.4000,2797.0000,2797.2000,2797.6000,2,1,4,2,1,3,1,2,1,1
SF,IH2009,2020-06-09 09:30:24.400,2796.2000,17220,0,26844540.000,0,-,-,-,-,2794.4000,2794.0000,2793.8000,2793.6000,2790.2000,2796.0000,2796.2000,2796.4000,2797.0000,2797.2000,1,4,2,1,2,1,3,1,2,1
SF,IH2009,2020-06-09 09:30:24.900,2796.2000,17220,0,26844540.000,0,-,-,-,-,2794.8000,2794.6000,2794.4000,2794.0000,2793.8000,2796.2000,2796.4000,2797.0000,2797.2000,2797.6000,2,1,2,4,2,3,1,2,1,1
SF,IH2009,2020-06-09 09:30:25.400,2796.2000,17220,0,26844540.000,0,-,-,-,-,2794.8000,2794.4000,2794.0000,2793.8000,2793.6000,2796.2000,2796.4000,2797.0000,2797.2000,2797.6000,2,1,4,2,1,3,1,2,1,1
SF,IH2009,2020-06-09 09:30:26.400,2796.2000,17220,0,26844540.000,0,-,-,-,-,2795.4000,2795.0000,2794.8000,2794.4000,2794.0000,2796.2000,2796.4000,2797.0000,2797.2000,2797.6000,1,1,3,1,4,3,1,2,1,1
SF,IH2009,2020-06-09 09:30:26.900,2796.2000,17220,0,26844540.000,0,-,-,-,-,2795.6000,2795.4000,2795.0000,2794.8000,2794.4000,2796.2000,2796.4000,2797.0000,2797.2000,2797.6000,1,1,4,3,1,3,1,2,1,1
SF,IH2009,2020-06-09 09:30:27.400,2796.2000,17220,0,26844540.000,0,-,-,-,-,2795.4000,2794.8000,2794.4000,2793.8000,2793.6000,2796.2000,2796.4000,2797.0000,2797.2000,2797.6000,1,3,1,2,1,3,1,2,1,1
SF,IH2009,2020-06-09 09:30:28.400,2795.4000,17219,-1,27683160.000,1,0,1,双平,S,2794.8000,2794.4000,2793.8000,2793.6000,2790.2000,2795.6000,2796.2000,2796.4000,2797.0000,2797.2000,3,1,2,1,2,1,3,1,2,1
SF,IH2009,2020-06-09 09:30:28.900,2795.4000,17219,0,27683160.000,0,-,-,-,-,2794.8000,2794.4000,2793.8000,2793.6000,2790.2000,2795.6000,2796.2000,2796.4000,2797.0000,2797.2000,3,1,2,1,2,1,3,1,2,1
SF,IH2009,2020-06-09 09:30:29.400,2795.4000,17219,0,27683160.000,0,-,-,-,-,2794.8000,2794.4000,2793.8000,2793.6000,2790.2000,2795.6000,2796.2000,2796.4000,2797.0000,2797.2000,4,1,2,1,2,1,3,1,2,1
SF,IH2009,2020-06-09 09:30:29.900,2795.4000,17219,0,27683160.000,0,-,-,-,-,2795.0000,2794.8000,2794.4000,2793.8000,2793.6000,2795.4000,2795.6000,2796.0000,2796.2000,2796.4000,1,2,1,2,1,1,1,1,3,1
SF,IH2009,2020-06-09 09:30:30.400,2795.4000,17218,-1,28521780.000,1,0,1,双平,S,2795.4000,2795.0000,2794.8000,2794.4000,2793.8000,2795.6000,2796.0000,2796.2000,2796.4000,2797.0000,1,1,3,1,2,1,1,3,1,2
SF,IH2009,2020-06-09 09:30:30.900,2795.4000,17217,-1,29360400.000,1,0,1,双平,S,2795.0000,2794.8000,2794.4000,2793.8000,2793.6000,2795.4000,2795.6000,2796.0000,2796.2000,2796.4000,1,2,1,2,1,1,1,1,3,1
SF,IH2009,2020-06-09 09:30:32.900,2795.4000,17217,0,29360400.000,0,-,-,-,-,2795.0000,2793.8000,2793.6000,2790.2000,2790.0000,2795.4000,2795.6000,2796.0000,2796.2000,2796.4000,1,2,1,2,2,1,1,1,3,1
SF,IH2009,2020-06-09 09:30:33.400,2795.4000,17217,0,29360400.000,0,-,-,-,-,2793.8000,2793.6000,2790.2000,2790.0000,2789.2000,2795.4000,2795.6000,2796.0000,2796.2000,2796.4000,2,1,2,2,5,1,1,1,3,1
SF,IH2009,2020-06-09 09:30:33.900,2795.4000,17217,0,30199020.000,1,0,1,多换,S,2794.0000,2793.8000,2793.6000,2790.2000,2790.0000,2795.6000,2796.0000,2796.2000,2796.4000,2797.0000,2,2,1,2,2,1,1,3,1,2
SF,IH2009,2020-06-09 09:30:34.400,2795.4000,17217,0,30199020.000,0,-,-,-,-,2794.8000,2794.6000,2794.4000,2794.0000,2793.8000,2795.6000,2796.0000,2796.2000,2796.4000,2797.0000,2,1,1,2,3,1,1,3,1,2
SF,IH2009,2020-06-09 09:30:34.900,2795.4000,17217,0,30199020.000,0,-,-,-,-,2795.0000,2793.8000,2793.6000,2790.2000,2790.0000,2795.6000,2796.0000,2796.2000,2796.4000,2797.0000,1,3,1,2,2,1,1,3,1,2
SF,IH2009,2020-06-09 09:30:35.400,2795.4000,17217,0,30199020.000,0,-,-,-,-,2795.0000,2794.8000,2793.8000,2793.6000,2790.2000,2795.6000,2796.0000,2796.2000,2796.4000,2797.0000,1,2,3,1,2,1,1,3,1,2
SF,IH2009,2020-06-09 09:30:35.900,2795.0000,17216,-1,31037520.000,1,0,1,双平,S,2793.8000,2793.6000,2790.2000,2790.0000,2789.2000,2795.2000,2795.6000,2796.0000,2796.2000,2796.4000,3,1,2,2,5,1,1,1,3,1
SF,IH2009,2020-06-09 09:30:36.400,2795.2000,17215,-1,31876080.000,1,0,1,双平,S,2794.0000,2793.8000,2793.6000,2790.2000,2790.0000,2794.4000,2795.6000,2796.0000,2796.2000,2796.4000,2,3,1,2,2,1,1,1,3,1
SF,IH2009,2020-06-09 09:30:36.900,2794.4000,17214,-1,32714400.000,1,0,1,双平,S,2795.0000,2794.6000,2794.4000,2794.2000,2794.0000,2795.6000,2795.8000,2796.0000,2796.2000,2796.4000,1,1,2,3,2,1,1,1,3,1
SF,IH2009,2020-06-09 09:30:37.400,2794.4000,17214,0,32714400.000,0,-,-,-,-,2795.0000,2794.6000,2794.4000,2794.0000,2793.8000,2795.6000,2795.8000,2796.0000,2796.2000,2796.4000,1,1,3,1,3,1,1,2,3,1
SF,IH2009,2020-06-09 09:30:37.900,2794.4000,17214,0,32714400.000,0,-,-,-,-,2795.2000,2795.0000,2794.6000,2794.4000,2794.0000,2795.6000,2795.8000,2796.0000,2796.2000,2796.4000,1,1,1,3,1,2,1,2,3,1
SF,IH2009,2020-06-09 09:30:38.400,2795.0000,17213,-1,33552900.000,1,0,1,双平,S,2794.6000,2794.4000,2794.0000,2793.8000,2793.6000,2795.2000,2795.6000,2795.8000,2796.0000,2796.2000,1,1,1,3,1,1,2,1,2,3
SF,IH2009,2020-06-09 09:30:38.900,2795.0000,17213,0,33552900.000,0,-,-,-,-,2794.4000,2794.0000,2793.8000,2793.6000,2790.2000,2795.2000,2795.6000,2795.8000,2796.0000,2796.2000,1,1,3,1,2,1,2,1,2,3
SF,IH2009,2020-06-09 09:30:40.400,2795.2000,17212,-1,34391460.000,1,0,1,双平,S,2794.4000,2794.0000,2793.8000,2793.6000,2790.2000,2795.2000,2795.6000,2796.0000,2796.2000,2796.4000,2,1,3,1,2,1,2,2,3,1
SF,IH2009,2020-06-09 09:30:40.900,2795.2000,17211,-1,35230020.000,1,0,1,双平,S,2794.4000,2794.0000,2793.8000,2793.6000,2790.2000,2795.0000,2795.6000,2796.0000,2796.2000,2796.4000,2,1,3,1,2,1,1,2,3,1
SF,IH2009,2020-06-09 09:30:41.400,2795.0000,17210,-1,36068520.000,1,0,1,双平,S,2794.4000,2794.0000,2793.8000,2793.6000,2790.2000,2795.6000,2796.0000,2796.2000,2796.4000,2797.0000,2,1,3,1,2,1,2,3,1,1
SF,IH2009,2020-06-09 09:30:41.900,2795.0000,17210,0,36068520.000,0,-,-,-,-,2794.6000,2794.4000,2794.0000,2793.8000,2793.6000,2795.6000,2796.0000,2796.2000,2796.4000,2797.0000,1,3,1,3,1,1,2,3,1,1
SF,IH2009,2020-06-09 09:30:42.400,2794.8000,17210,0,36906960.000,1,0,1,多换,S,2794.8000,2794.4000,2794.0000,2793.8000,2793.6000,2795.6000,2796.0000,2796.2000,2796.4000,2797.0000,1,3,1,3,1,1,2,3,1,1
SF,IH2009,2020-06-09 09:30:42.900,2794.8000,17210,0,36906960.000,0,-,-,-,-,2794.8000,2794.4000,2794.0000,2793.8000,2793.6000,2795.6000,2796.0000,2796.2000,2796.4000,2797.0000,1,2,1,3,1,2,2,3,1,1
SF,IH2009,2020-06-09 09:30:43.400,2794.8000,17210,0,36906960.000,0,-,-,-,-,2794.8000,2794.4000,2794.0000,2793.8000,2793.6000,2795.6000,2796.0000,2796.2000,2796.4000,2797.0000,2,2,1,3,1,2,2,2,1,1
SF,IH2009,2020-06-09 09:30:43.900,2794.8000,17209,-1,37745400.000,1,0,1,双平,S,2794.8000,2794.4000,2794.0000,2793.8000,2793.6000,2795.6000,2795.8000,2796.0000,2796.2000,2796.4000,1,2,1,3,1,1,1,2,2,1
SF,IH2009,2020-06-09 09:30:45.400,2794.8000,17209,0,37745400.000,0,-,-,-,-,2794.8000,2794.4000,2794.0000,2793.8000,2793.6000,2795.6000,2795.8000,2796.0000,2796.2000,2796.4000,2,1,1,3,1,1,1,2,2,1
SF,IH2009,2020-06-09 09:30:45.900,2794.8000,17209,0,37745400.000,0,-,-,-,-,2794.8000,2794.4000,2794.0000,2793.8000,2793.6000,2795.6000,2795.8000,2796.0000,2796.2000,2796.4000,2,1,1,3,1,1,1,2,2,1
SF,IH2009,2020-06-09 09:30:46.400,2794.8000,17209,0,37745400.000,0,-,-,-,-,2794.8000,2794.4000,2794.0000,2793.8000,2793.6000,2795.6000,2795.8000,2796.0000,2796.2000,2796.4000,1,1,1,3,1,1,1,2,2,1
SF,IH2009,2020-06-09 09:30:46.900,2794.8000,17208,-1,38583840.000,1,0,1,双平,S,2794.4000,2794.0000,2793.8000,2793.6000,2790.2000,2795.6000,2795.8000,2796.0000,2796.2000,2796.4000,1,1,3,1,2,1,1,2,2,1
SF,IH2009,2020-06-09 09:30:47.400,2794.8000,17208,0,38583840.000,0,-,-,-,-,2794.4000,2794.0000,2793.8000,2793.6000,2790.2000,2795.6000,2795.8000,2796.0000,2796.2000,2796.4000,1,1,3,1,2,1,1,2,2,1
SF,IH2009,2020-06-09 09:30:47.900,2794.8000,17208,0,38583840.000,0,-,-,-,-,2794.4000,2794.0000,2793.8000,2793.6000,2790.2000,2795.4000,2795.8000,2796.0000,2796.2000,2796.4000,1,1,3,1,2,1,1,2,2,1
SF,IH2009,2020-06-09 09:30:48.400,2794.4000,17208,0,39422160.000,1,0,1,多换,S,2794.0000,2793.8000,2793.6000,2790.2000,2790.0000,2795.4000,2795.8000,2796.0000,2796.2000,2796.4000,1,3,1,2,2,1,1,2,2,1
SF,IH2009,2020-06-09 09:30:48.900,2794.4000,17208,0,39422160.000,0,-,-,-,-,2794.4000,2794.2000,2794.0000,2793.8000,2793.6000,2795.4000,2795.8000,2796.0000,2796.2000,2796.4000,1,1,1,3,1,1,1,2,2,1
SF,IH2009,2020-06-09 09:30:49.400,2794.4000,17208,0,39422160.000,0,-,-,-,-,2794.4000,2794.2000,2794.0000,2793.8000,2793.6000,2795.4000,2795.8000,2796.0000,2796.2000,2796.4000,1,1,1,3,1,1,1,2,2,1
SF,IH2009,2020-06-09 09:30:49.900,2794.4000,17208,0,39422160.000,0,-,-,-,-,2794.4000,2794.0000,2793.8000,2793.6000,2790.2000,2795.4000,2796.0000,2796.2000,2796.4000,2797.0000,1,1,3,1,2,2,2,2,1,1
SF,IH2009,2020-06-09 09:30:50.400,2794.4000,17208,0,39422160.000,0,-,-,-,-,2794.4000,2794.0000,2793.8000,2793.6000,2790.2000,2795.4000,2796.0000,2796.2000,2796.4000,2797.0000,1,1,3,1,2,1,2,2,1,1
SF,IH2009,2020-06-09 09:30:50.900,2794.4000,17208,0,39422160.000,0,-,-,-,-,2794.4000,2794.0000,2793.8000,2793.6000,2790.2000,2795.4000,2796.0000,2796.2000,2796.4000,2797.0000,1,1,3,1,2,2,2,2,1,1
SF,IH2009,2020-06-09 09:30:52.400,2794.4000,17208,0,39422160.000,0,-,-,-,-,2794.6000,2794.4000,2794.0000,2793.8000,2793.6000,2795.4000,2796.0000,2796.2000,2796.4000,2797.0000,1,1,1,2,1,2,2,2,1,1
SF,IH2009,2020-06-09 09:30:52.900,2794.6000,17207,-1,40260540.000,1,0,1,双平,S,2794.4000,2794.0000,2793.8000,2793.6000,2790.2000,2795.2000,2795.4000,2796.0000,2796.2000,2796.4000,1,1,2,1,2,1,2,2,2,1
SF,IH2009,2020-06-09 09:30:53.400,2794.0000,17206,-1,41937060.000,2,0,2,多平,S,2793.8000,2790.2000,2790.0000,2786.6000,2785.4000,2794.4000,2795.0000,2795.2000,2795.4000,2796.0000,1,2,2,1,5,3,3,1,1,2
SF,IH2009,2020-06-09 09:30:53.900,2794.0000,17206,0,41937060.000,0,-,-,-,-,2793.8000,2793.6000,2790.2000,2790.0000,2786.6000,2794.4000,2795.2000,2795.4000,2796.0000,2796.2000,1,1,2,2,1,3,1,1,2,2
SF,IH2009,2020-06-09 09:30:54.400,2794.2000,17204,-2,43613580.000,2,0,2,双平,S,2793.8000,2790.2000,2790.0000,2786.6000,2785.4000,2794.2000,2794.4000,2795.4000,2796.0000,2796.2000,1,2,2,1,5,1,4,1,2,2
SF,IH2009,2020-06-09 09:30:54.900,2790.2000,17203,-1,45288780.000,2,0,2,多平,S,2790.2000,2790.0000,2786.6000,2785.4000,2785.0000,2793.8000,2794.2000,2794.4000,2795.4000,2796.0000,1,2,1,5,1,2,1,4,1,2
SF,IH2009,2020-06-09 09:30:55.400,2790.2000,17203,0,45288780.000,0,-,-,-,-,2792.6000,2791.6000,2791.4000,2790.8000,2790.6000,2792.8000,2793.6000,2794.4000,2795.4000,2796.0000,2,1,1,1,4,1,1,3,1,2
SF,IH2009,2020-06-09 09:30:55.900,2792.8000,17202,-1,46126620.000,1,0,1,双平,S,2793.4000,2792.8000,2792.6000,2792.0000,2791.8000,2794.4000,2795.4000,2796.0000,2796.2000,2797.2000,1,3,2,1,1,1,1,2,2,1
SF,IH2009,2020-06-09 09:30:56.400,2793.4000,17201,-1,46964640.000,1,0,1,双平,S,2792.8000,2792.0000,2791.8000,2791.6000,2791.4000,2793.4000,2794.2000,2794.4000,2795.0000,2795.4000,3,1,1,2,1,2,1,2,1,1
SF,IH2009,2020-06-09 09:30:56.900,2793.4000,17201,0,46964640.000,0,-,-,-,-,2792.8000,2791.8000,2791.6000,2791.4000,2791.0000,2793.2000,2793.4000,2794.0000,2794.4000,2795.0000,2,1,2,1,1,1,2,2,1,1
SF,IH2009,2020-06-09 09:30:57.400,2793.4000,17201,0,46964640.000,0,-,-,-,-,2791.8000,2791.6000,2791.4000,2791.2000,2791.0000,2793.2000,2793.4000,2794.4000,2795.0000,2795.4000,1,2,1,1,2,1,1,1,1,1
SF,IH2009,2020-06-09 09:30:57.900,2793.4000,17201,0,46964640.000,0,-,-,-,-,2792.0000,2791.8000,2791.6000,2791.4000,2791.2000,2793.2000,2793.4000,2794.4000,2795.0000,2795.4000,1,2,2,1,1,1,1,1,1,1
SF,IH2009,2020-06-09 09:30:58.400,2793.4000,17201,0,46964640.000,0,-,-,-,-,2792.4000,2792.2000,2791.8000,2791.6000,2791.4000,2793.2000,2793.4000,2794.4000,2795.0000,2795.4000,1,1,2,2,1,1,1,1,1,1
SF,IH2009,2020-06-09 09:30:58.900,2793.4000,17201,0,46964640.000,0,-,-,-,-,2792.4000,2791.8000,2791.6000,2791.4000,2791.2000,2793.4000,2794.4000,2795.0000,2795.4000,2796.0000,1,2,2,1,1,1,1,1,1,2
SF,IH2009,2020-06-09 09:30:59.400,2793.4000,17200,-1,47802660.000,1,0,1,双平,S,2793.2000,2792.4000,2791.8000,2791.6000,2791.4000,2794.4000,2795.0000,2795.4000,2796.0000,2796.2000,1,1,2,2,1,1,1,1,2,2
SF,IH2009,2020-06-09 09:30:59.900,2793.4000,17200,0,47802660.000,0,-,-,-,-,2793.2000,2791.8000,2791.6000,2791.4000,2791.2000,2794.2000,2794.4000,2795.0000,2795.4000,2796.0000,1,2,2,1,1,1,2,1,1,2
SF,IH2009,2020-06-09 09:31:00.400,2793.4000,17200,0,47802660.000,0,-,-,-,-,2793.2000,2791.8000,2791.6000,2791.4000,2791.2000,2794.2000,2794.4000,2795.0000,2795.4000,2796.0000,1,2,2,1,1,1,1,1,1,2
SF,IH2009,2020-06-09 09:31:00.900,2793.4000,17200,0,47802660.000,0,-,-,-,-,2793.2000,2791.8000,2791.6000,2791.4000,2791.2000,2794.4000,2795.0000,2795.4000,2796.0000,2796.2000,1,2,2,1,1,1,1,1,2,2
SF,IH2009,2020-06-09 09:31:01.400,2793.4000,17200,0,47802660.000,0,-,-,-,-,2793.2000,2792.0000,2791.8000,2791.6000,2791.4000,2794.2000,2794.4000,2795.0000,2795.4000,2796.0000,1,1,2,2,1,1,2,1,1,2
SF,IH2009,2020-06-09 09:31:01.900,2793.4000,17200,0,47802660.000,0,-,-,-,-,2793.2000,2792.0000,2791.8000,2791.6000,2791.4000,2794.4000,2795.0000,2795.4000,2796.0000,2796.2000,1,1,2,2,1,1,1,1,2,2
SF,IH2009,2020-06-09 09:31:02.400,2793.4000,17199,-1,48640680.000,1,0,1,双平,S,2793.2000,2793.0000,2792.0000,2791.8000,2791.6000,2794.4000,2795.0000,2795.4000,2796.0000,2796.2000,1,1,1,2,1,2,1,1,2,2
SF,IH2009,2020-06-09 09:31:02.900,2793.4000,17199,0,48640680.000,0,-,-,-,-,2793.2000,2793.0000,2792.0000,2791.8000,2791.6000,2794.4000,2795.0000,2795.4000,2796.0000,2796.2000,1,1,2,2,1,2,1,1,2,2
SF,IH2009,2020-06-09 09:31:03.400,2793.4000,17199,0,48640680.000,0,-,-,-,-,2793.2000,2792.0000,2791.8000,2791.6000,2791.4000,2794.4000,2795.0000,2795.4000,2796.0000,2796.2000,1,2,2,1,1,1,1,1,2,2
SF,IH2009,2020-06-09 09:31:03.900,2794.4000,17198,-1,49479000.000,1,0,1,双平,S,2793.4000,2793.2000,2793.0000,2792.0000,2791.8000,2795.0000,2795.4000,2796.0000,2796.2000,2797.2000,1,2,1,2,2,1,1,2,2,1
SF,IH2009,2020-06-09 09:31:04.400,2794.4000,17198,0,49479000.000,0,-,-,-,-,2793.2000,2793.0000,2792.0000,2791.8000,2791.4000,2794.8000,2795.0000,2795.4000,2796.0000,2796.2000,1,2,2,2,1,1,2,1,2,2
SF,IH2009,2020-06-09 09:31:04.900,2794.4000,17198,0,49479000.000,0,-,-,-,-,2794.8000,2793.4000,2793.2000,2793.0000,2792.0000,2795.0000,2795.4000,2796.0000,2796.2000,2797.2000,1,1,1,2,2,1,1,2,2,1
SF,IH2009,2020-06-09 09:31:05.400,2794.8000,17198,0,50317440.000,1,0,1,多换,S,2793.2000,2793.0000,2792.0000,2791.8000,2791.4000,2794.8000,2795.0000,2795.4000,2796.0000,2796.2000,2,2,1,2,1,3,1,1,2,2
SF,IH2009,2020-06-09 09:31:05.900,2794.8000,17198,0,50317440.000,0,-,-,-,-,2793.4000,2793.2000,2793.0000,2792.2000,2792.0000,2794.6000,2794.8000,2795.0000,2795.4000,2796.0000,1,2,2,1,1,1,2,1,1,2
SF,IH2009,2020-06-09 09:31:06.400,2794.8000,17198,0,50317440.000,0,-,-,-,-,2793.2000,2793.0000,2792.2000,2792.0000,2791.8000,2794.8000,2795.0000,2795.4000,2796.0000,2796.2000,2,1,1,1,2,2,1,1,2,2
SF,IH2009,2020-06-09 09:31:06.900,2794.8000,17198,0,50317440.000,0,-,-,-,-,2793.4000,2793.2000,2793.0000,2792.2000,2792.0000,2794.6000,2794.8000,2795.0000,2795.4000,2796.0000,1,2,2,1,1,1,2,1,1,2
SF,IH2009,2020-06-09 09:31:07.400,2794.8000,17198,0,50317440.000,0,-,-,-,-,2793.2000,2793.0000,2792.2000,2792.0000,2791.8000,2794.8000,2795.0000,2795.4000,2796.0000,2796.2000,3,1,1,1,2,2,1,1,2,2
SF,IH2009,2020-06-09 09:31:07.900,2794.8000,17198,0,50317440.000,0,-,-,-,-,2793.4000,2793.2000,2793.0000,2792.2000,2792.0000,2794.6000,2794.8000,2795.0000,2795.4000,2796.0000,1,2,2,1,1,1,2,1,1,2
SF,IH2009,2020-06-09 09:31:08.400,2794.8000,17198,0,50317440.000,0,-,-,-,-,2793.4000,2793.2000,2793.0000,2792.2000,2792.0000,2794.6000,2794.8000,2795.0000,2795.4000,2796.0000,1,2,2,1,1,1,2,1,1,2
SF,IH2009,2020-06-09 09:31:08.900,2794.8000,17198,0,50317440.000,0,-,-,-,-,2793.4000,2793.2000,2793.0000,2792.2000,2792.0000,2794.6000,2794.8000,2795.0000,2795.4000,2796.0000,1,2,2,1,1,1,2,2,1,2
SF,IH2009,2020-06-09 09:31:09.400,2794.8000,17198,0,50317440.000,0,-,-,-,-,2793.2000,2793.0000,2792.2000,2792.0000,2791.8000,2794.4000,2794.6000,2794.8000,2795.0000,2795.4000,2,1,1,1,2,1,1,2,2,1
SF,IH2009,2020-06-09 09:31:09.900,2794.8000,17198,0,50317440.000,0,-,-,-,-,2793.2000,2793.0000,2792.2000,2792.0000,2791.8000,2794.4000,2794.8000,2795.0000,2795.4000,2796.0000,2,1,1,1,2,2,2,2,1,2
SF,IH2009,2020-06-09 09:31:10.400,2794.8000,17198,0,50317440.000,0,-,-,-,-,2793.2000,2792.2000,2792.0000,2791.8000,2791.4000,2794.4000,2794.8000,2795.0000,2795.4000,2796.0000,1,1,1,2,1,3,2,2,1,2
SF,IH2009,2020-06-09 09:31:10.900,2793.2000,17198,0,51155400.000,1,0,1,多换,S,2792.2000,2792.0000,2791.8000,2791.4000,2791.2000,2794.2000,2794.4000,2794.8000,2795.0000,2795.4000,1,1,3,1,3,1,2,2,2,1
SF,IH2009,2020-06-09 09:31:11.400,2793.2000,17198,0,51155400.000,0,-,-,-,-,2792.4000,2792.2000,2792.0000,2791.8000,2791.4000,2794.0000,2794.2000,2794.4000,2794.8000,2795.0000,1,1,1,3,1,1,1,2,2,3
SF,IH2009,2020-06-09 09:31:11.900,2793.2000,17198,0,51155400.000,0,-,-,-,-,2792.8000,2792.6000,2792.4000,2792.2000,2792.0000,2794.0000,2794.4000,2794.8000,2795.0000,2795.4000,1,1,1,1,1,1,2,2,3,1
SF,IH2009,2020-06-09 09:31:12.400,2793.2000,17198,0,51155400.000,0,-,-,-,-,2792.4000,2792.2000,2792.0000,2791.8000,2791.4000,2794.0000,2794.4000,2794.8000,2795.0000,2795.4000,1,1,1,2,1,1,2,2,3,1
SF,IH2009,2020-06-09 09:31:12.900,2793.2000,17198,0,51155400.000,0,-,-,-,-,2792.8000,2792.6000,2792.4000,2792.2000,2792.0000,2794.4000,2794.8000,2795.0000,2795.4000,2796.0000,1,1,1,1,1,2,2,3,1,2
SF,IH2009,2020-06-09 09:31:13.400,2793.2000,17198,0,51155400.000,0,-,-,-,-,2792.8000,2792.4000,2792.2000,2792.0000,2791.8000,2794.2000,2794.4000,2794.8000,2795.0000,2795.4000,1,1,1,1,2,2,2,2,3,1
SF,IH2009,2020-06-09 09:31:13.900,2793.2000,17198,0,51155400.000,0,-,-,-,-,2792.8000,2792.4000,2792.2000,2792.0000,2791.8000,2794.0000,2794.2000,2794.4000,2794.8000,2795.0000,1,1,1,1,2,1,1,2,2,3
SF,IH2009,2020-06-09 09:31:14.400,2793.2000,17198,0,51155400.000,0,-,-,-,-,2792.8000,2792.4000,2792.2000,2792.0000,2791.8000,2794.0000,2794.4000,2794.8000,2795.0000,2795.4000,1,1,1,1,2,1,2,2,3,1
SF,IH2009,2020-06-09 09:31:14.900,2793.2000,17198,0,51155400.000,0,-,-,-,-,2792.4000,2792.2000,2792.0000,2791.8000,2791.4000,2793.8000,2794.0000,2794.4000,2794.8000,2795.0000,1,1,1,2,1,1,1,2,2,2
SF,IH2009,2020-06-09 09:31:15.400,2793.2000,17198,0,51155400.000,0,-,-,-,-,2792.6000,2792.4000,2792.2000,2792.0000,2791.8000,2793.8000,2794.4000,2794.8000,2795.0000,2795.4000,1,1,1,1,2,2,2,2,2,1
SF,IH2009,2020-06-09 09:31:15.900,2793.2000,17198,0,51155400.000,0,-,-,-,-,2792.6000,2792.4000,2792.2000,2792.0000,2791.8000,2793.8000,2794.4000,2794.8000,2795.0000,2795.4000,1,1,1,1,2,2,2,2,2,1
SF,IH2009,2020-06-09 09:31:16.400,2793.2000,17198,0,51155400.000,0,-,-,-,-,2792.4000,2792.2000,2792.0000,2791.8000,2791.4000,2793.8000,2794.4000,2794.8000,2795.0000,2795.4000,1,1,1,2,1,2,2,2,2,1
SF,IH2009,2020-06-09 09:31:17.400,2793.2000,17198,0,51155400.000,0,-,-,-,-,2792.4000,2792.2000,2792.0000,2791.8000,2791.4000,2793.8000,2794.4000,2794.8000,2795.0000,2795.4000,2,1,1,2,1,2,2,2,2,1
SF,IH2009,2020-06-09 09:31:17.900,2793.2000,17198,0,51155400.000,0,-,-,-,-,2792.4000,2792.2000,2792.0000,2791.8000,2791.4000,2793.8000,2794.4000,2794.8000,2795.0000,2795.4000,2,1,1,2,1,1,2,2,2,1
SF,IH2009,2020-06-09 09:31:18.400,2793.2000,17198,0,51155400.000,0,-,-,-,-,2792.6000,2792.4000,2792.2000,2792.0000,2791.8000,2793.8000,2794.4000,2794.8000,2795.0000,2795.4000,1,2,1,1,2,2,2,2,2,1
SF,IH2009,2020-06-09 09:31:18.900,2793.2000,17198,0,51155400.000,0,-,-,-,-,2792.4000,2792.2000,2792.0000,2791.8000,2791.4000,2793.8000,2794.4000,2794.8000,2795.0000,2796.0000,1,1,1,2,1,2,2,2,2,2
SF,IH2009,2020-06-09 09:31:19.400,2793.2000,17198,0,51155400.000,0,-,-,-,-,2792.6000,2792.4000,2792.2000,2792.0000,2791.8000,2793.8000,2794.4000,2794.8000,2795.0000,2796.0000,1,1,1,1,2,2,2,2,2,2
SF,IH2009,2020-06-09 09:31:19.900,2793.2000,17198,0,51155400.000,0,-,-,-,-,2792.4000,2792.2000,2792.0000,2791.8000,2791.4000,2793.8000,2794.4000,2794.8000,2795.0000,2796.0000,2,1,1,2,1,2,2,2,2,2
SF,IH2009,2020-06-09 09:31:20.400,2793.2000,17198,0,51155400.000,0,-,-,-,-,2792.4000,2792.2000,2792.0000,2791.8000,2791.4000,2793.8000,2794.4000,2794.8000,2795.0000,2796.0000,2,1,1,2,1,1,2,2,2,2
SF,IH2009,2020-06-09 09:31:20.900,2793.2000,17198,0,51155400.000,0,-,-,-,-,2792.4000,2792.2000,2792.0000,2791.8000,2791.4000,2793.6000,2793.8000,2794.4000,2794.8000,2795.0000,2,1,1,2,1,1,2,2,2,2
SF,IH2009,2020-06-09 09:31:21.400,2793.2000,17198,0,51155400.000,0,-,-,-,-,2792.4000,2792.2000,2792.0000,2791.8000,2791.4000,2793.6000,2793.8000,2794.4000,2794.8000,2795.0000,2,1,1,2,1,2,1,2,2,2
SF,IH2009,2020-06-09 09:31:22.900,2792.4000,17198,0,51993120.000,1,0,1,多换,S,2792.4000,2792.2000,2792.0000,2791.8000,2791.4000,2793.6000,2793.8000,2794.4000,2794.8000,2795.0000,1,1,1,2,1,2,1,2,2,2
SF,IH2009,2020-06-09 09:31:23.400,2792.4000,17198,0,51993120.000,0,-,-,-,-,2792.2000,2792.0000,2791.8000,2791.4000,2791.0000,2792.6000,2793.4000,2793.6000,2793.8000,2794.4000,1,1,2,1,4,1,1,2,1,2
SF,IH2009,2020-06-09 09:31:23.900,2792.4000,17198,0,51993120.000,0,-,-,-,-,2792.2000,2792.0000,2791.8000,2791.4000,2791.0000,2792.6000,2793.6000,2794.4000,2795.0000,2796.0000,1,1,2,1,4,1,2,1,2,2
SF,IH2009,2020-06-09 09:31:24.400,2792.4000,17198,0,51993120.000,0,-,-,-,-,2792.0000,2791.4000,2791.0000,2790.6000,2790.4000,2792.6000,2793.6000,2793.8000,2794.4000,2795.0000,1,1,3,6,4,1,1,1,1,2
SF,IH2009,2020-06-09 09:31:24.900,2792.4000,17198,0,51993120.000,0,-,-,-,-,2792.0000,2791.4000,2791.0000,2790.6000,2790.4000,2792.6000,2793.6000,2793.8000,2794.4000,2795.0000,1,1,2,6,4,2,1,1,1,2
SF,IH2009,2020-06-09 09:31:25.900,2792.4000,17198,0,51993120.000,0,-,-,-,-,2792.0000,2791.4000,2791.0000,2790.6000,2790.4000,2792.4000,2792.6000,2793.6000,2793.8000,2794.4000,1,1,2,6,5,1,2,1,1,1
SF,IH2009,2020-06-09 09:31:26.400,2792.4000,17198,0,51993120.000,0,-,-,-,-,2792.0000,2791.4000,2791.0000,2790.6000,2790.4000,2792.4000,2792.6000,2793.6000,2793.8000,2794.4000,1,1,2,6,5,1,2,1,1,1
SF,IH2009,2020-06-09 09:31:27.400,2792.4000,17198,0,51993120.000,0,-,-,-,-,2792.0000,2791.4000,2791.0000,2790.6000,2790.4000,2792.4000,2792.6000,2793.6000,2793.8000,2794.4000,1,1,2,6,5,1,2,1,1,1
SF,IH2009,2020-06-09 09:31:27.900,2792.0000,17197,-1,52830720.000,1,0,1,双平,S,2791.4000,2791.0000,2790.6000,2790.4000,2790.2000,2792.0000,2792.4000,2792.6000,2793.6000,2793.8000,1,2,6,5,4,1,1,1,1,1
SF,IH2009,2020-06-09 09:31:28.400,2792.0000,17196,-1,53668320.000,1,0,1,双平,S,2792.0000,2791.8000,2791.6000,2791.4000,2791.0000,2792.4000,2792.6000,2793.6000,2793.8000,2794.4000,1,1,5,1,2,1,1,1,1,1
SF,IH2009,2020-06-09 09:31:28.900,2792.6000,17196,0,55343820.000,2,1,1,多换,S,2791.6000,2791.4000,2791.0000,2790.6000,2790.4000,2793.6000,2793.8000,2794.4000,2795.0000,2796.0000,4,1,2,6,2,1,1,1,2,2
SF,IH2009,2020-06-09 09:31:29.400,2792.6000,17196,0,55343820.000,0,-,-,-,-,2793.0000,2791.8000,2791.6000,2791.4000,2791.0000,2793.4000,2793.6000,2793.8000,2794.4000,2795.0000,1,1,3,1,2,1,3,1,1,2
SF,IH2009,2020-06-09 09:31:29.900,2793.0000,17196,0,56181720.000,1,0,1,多换,S,2791.6000,2791.4000,2791.0000,2790.6000,2790.4000,2793.0000,2793.6000,2793.8000,2794.4000,2795.0000,4,1,2,6,3,5,2,1,1,2
SF,IH2009,2020-06-09 09:31:30.400,2793.0000,17196,0,56181720.000,0,-,-,-,-,2791.8000,2791.6000,2791.4000,2791.0000,2790.6000,2793.0000,2793.6000,2793.8000,2794.4000,2795.0000,1,3,1,2,7,2,2,1,1,2
SF,IH2009,2020-06-09 09:31:30.900,2793.0000,17196,0,56181720.000,0,-,-,-,-,2791.4000,2791.0000,2790.6000,2790.4000,2790.2000,2793.0000,2793.6000,2793.8000,2794.4000,2795.0000,1,2,7,3,3,2,1,1,1,2
SF,IH2009,2020-06-09 09:31:31.400,2791.8000,17195,-1,57857160.000,2,0,2,多平,S,2791.6000,2791.4000,2791.0000,2790.6000,2790.4000,2793.6000,2793.8000,2794.4000,2795.0000,2796.0000,6,2,2,7,3,1,1,1,1,2
SF,IH2009,2020-06-09 09:31:31.900,2791.8000,17195,0,57857160.000,0,-,-,-,-,2791.6000,2791.4000,2791.0000,2790.6000,2790.4000,2793.4000,2793.6000,2793.8000,2794.4000,2795.0000,6,2,2,5,3,1,1,1,1,1
SF,IH2009,2020-06-09 09:31:32.400,2791.8000,17195,0,57857160.000,0,-,-,-,-,2792.0000,2791.6000,2791.4000,2791.0000,2790.6000,2793.6000,2793.8000,2794.4000,2795.0000,2796.0000,1,6,2,2,5,1,1,1,1,2
SF,IH2009,2020-06-09 09:31:32.900,2791.8000,17195,0,57857160.000,0,-,-,-,-,2792.2000,2792.0000,2791.8000,2791.6000,2791.4000,2793.6000,2793.8000,2794.4000,2795.0000,2796.0000,4,1,2,2,2,1,1,1,1,2
SF,IH2009,2020-06-09 09:31:33.400,2791.8000,17195,0,57857160.000,0,-,-,-,-,2792.2000,2792.0000,2791.8000,2791.6000,2791.4000,2793.6000,2793.8000,2794.4000,2795.0000,2796.0000,4,1,2,2,2,1,1,1,1,2
SF,IH2009,2020-06-09 09:31:33.900,2791.8000,17195,0,57857160.000,0,-,-,-,-,2792.2000,2792.0000,2791.8000,2791.6000,2791.4000,2793.6000,2793.8000,2794.4000,2795.0000,2796.0000,4,1,2,2,2,1,1,1,1,2
SF,IH2009,2020-06-09 09:31:34.900,2791.8000,17195,0,57857160.000,0,-,-,-,-,2792.2000,2792.0000,2791.8000,2791.6000,2791.4000,2793.6000,2793.8000,2794.4000,2795.0000,2796.0000,4,1,2,2,2,1,1,1,1,2
SF,IH2009,2020-06-09 09:31:35.400,2791.8000,17195,0,57857160.000,0,-,-,-,-,2792.2000,2792.0000,2791.6000,2791.4000,2791.0000,2793.6000,2793.8000,2794.4000,2795.0000,2796.0000,4,1,2,2,1,1,1,1,1,2
SF,IH2009,2020-06-09 09:31:35.900,2791.8000,17195,0,57857160.000,0,-,-,-,-,2792.2000,2792.0000,2791.6000,2791.4000,2791.0000,2793.6000,2793.8000,2794.4000,2795.0000,2796.0000,4,1,2,2,1,1,1,1,1,2
SF,IH2009,2020-06-09 09:31:36.900,2791.8000,17195,0,57857160.000,0,-,-,-,-,2792.2000,2792.0000,2791.8000,2791.6000,2791.4000,2793.6000,2793.8000,2794.4000,2795.0000,2796.0000,2,1,1,2,2,1,1,1,1,2
SF,IH2009,2020-06-09 09:31:37.900,2793.6000,17195,0,58695240.000,1,0,1,多换,S,2792.2000,2792.0000,2791.8000,2791.6000,2791.4000,2793.8000,2794.4000,2795.0000,2796.0000,2796.2000,2,1,1,2,2,1,1,1,2,2
SF,IH2009,2020-06-09 09:31:38.900,2793.6000,17195,0,58695240.000,0,-,-,-,-,2792.2000,2792.0000,2791.8000,2791.6000,2791.4000,2793.8000,2794.4000,2795.0000,2796.0000,2796.2000,2,1,1,2,3,1,1,1,2,2
SF,IH2009,2020-06-09 09:31:39.400,2793.6000,17195,0,58695240.000,0,-,-,-,-,2792.2000,2792.0000,2791.8000,2791.6000,2791.4000,2793.6000,2793.8000,2794.4000,2795.0000,2796.0000,2,1,1,2,3,1,2,1,1,2
SF,IH2009,2020-06-09 09:31:39.900,2793.6000,17195,0,58695240.000,0,-,-,-,-,2792.2000,2792.0000,2791.8000,2791.6000,2791.4000,2793.6000,2793.8000,2794.4000,2795.0000,2796.0000,2,1,1,2,3,1,1,1,1,2
SF,IH2009,2020-06-09 09:31:40.900,2793.6000,17195,0,58695240.000,0,-,-,-,-,2792.2000,2792.0000,2791.8000,2791.6000,2791.4000,2793.6000,2793.8000,2794.4000,2795.0000,2796.0000,2,1,1,2,2,1,1,1,1,2
SF,IH2009,2020-06-09 09:31:41.900,2792.2000,17194,-1,59532900.000,1,0,1,双平,S,2792.2000,2792.0000,2791.8000,2791.6000,2791.4000,2793.6000,2793.8000,2794.4000,2795.0000,2796.0000,1,1,1,2,2,1,1,1,1,2
SF,IH2009,2020-06-09 09:31:42.400,2792.2000,17194,0,59532900.000,0,-,-,-,-,2792.0000,2791.8000,2791.6000,2791.4000,2791.0000,2793.8000,2794.4000,2795.0000,2796.0000,2796.2000,1,1,2,2,1,1,1,1,2,2
SF,IH2009,2020-06-09 09:31:42.900,2792.2000,17194,0,59532900.000,0,-,-,-,-,2792.2000,2792.0000,2791.8000,2791.6000,2791.4000,2793.6000,2793.8000,2794.4000,2795.0000,2796.0000,1,1,1,2,2,1,2,1,1,2
SF,IH2009,2020-06-09 09:31:43.400,2792.2000,17194,0,59532900.000,0,-,-,-,-,2792.2000,2792.0000,2791.8000,2791.6000,2791.4000,2793.6000,2793.8000,2794.4000,2795.0000,2796.0000,1,1,1,2,2,1,2,1,1,2
SF,IH2009,2020-06-09 09:31:44.400,2792.2000,17194,0,59532900.000,0,-,-,-,-,2792.2000,2792.0000,2791.8000,2791.6000,2791.4000,2793.6000,2793.8000,2794.4000,2795.0000,2796.0000,1,1,1,2,2,1,2,1,1,2
SF,IH2009,2020-06-09 09:31:44.900,2792.2000,17194,0,59532900.000,0,-,-,-,-,2792.2000,2792.0000,2791.8000,2791.6000,2791.4000,2793.4000,2793.6000,2793.8000,2794.4000,2795.0000,1,1,1,2,2,1,1,2,1,1
SF,IH2009,2020-06-09 09:31:45.400,2792.2000,17194,0,59532900.000,0,-,-,-,-,2792.0000,2791.8000,2791.6000,2791.4000,2791.0000,2793.6000,2793.8000,2794.4000,2795.0000,2796.0000,1,1,2,2,1,1,2,1,1,2
SF,IH2009,2020-06-09 09:31:45.900,2792.2000,17194,0,59532900.000,0,-,-,-,-,2792.0000,2791.8000,2791.6000,2791.4000,2791.0000,2792.2000,2793.4000,2793.8000,2794.4000,2795.0000,1,1,2,2,1,1,1,2,1,1
SF,IH2009,2020-06-09 09:31:46.400,2792.2000,17194,0,60370560.000,1,0,1,多换,S,2792.6000,2792.2000,2792.0000,2791.8000,2791.6000,2793.8000,2794.4000,2795.0000,2796.0000,2796.2000,1,5,2,1,2,2,1,1,2,2
SF,IH2009,2020-06-09 09:31:46.900,2792.2000,17194,0,60370560.000,0,-,-,-,-,2793.0000,2792.6000,2792.4000,2792.2000,2792.0000,2793.8000,2794.4000,2795.0000,2796.0000,2796.2000,1,1,1,4,2,2,1,1,2,2
SF,IH2009,2020-06-09 09:31:47.400,2792.2000,17194,0,60370560.000,0,-,-,-,-,2793.4000,2792.6000,2792.4000,2792.2000,2792.0000,2793.8000,2794.4000,2795.0000,2796.0000,2796.2000,1,1,1,3,2,2,1,1,2,2
SF,IH2009,2020-06-09 09:31:47.900,2793.2000,17194,0,61208520.000,1,0,1,多换,S,2792.6000,2792.4000,2792.2000,2792.0000,2791.8000,2793.8000,2794.4000,2795.0000,2796.0000,2796.2000,1,1,3,2,1,2,1,2,2,2
SF,IH2009,2020-06-09 09:31:48.400,2793.8000,17194,0,62884800.000,2,1,1,多换,S,2792.6000,2792.4000,2792.2000,2792.0000,2791.8000,2794.4000,2795.0000,2796.0000,2796.2000,2797.8000,1,1,3,2,1,1,2,2,2,1
SF,IH2009,2020-06-09 09:31:48.900,2793.8000,17194,0,62884800.000,0,-,-,-,-,2792.8000,2792.6000,2792.4000,2792.2000,2792.0000,2794.4000,2795.0000,2796.0000,2796.2000,2797.8000,1,1,1,3,2,1,2,2,2,1
SF,IH2009,2020-06-09 09:31:49.400,2793.8000,17194,0,62884800.000,0,-,-,-,-,2793.0000,2792.6000,2792.4000,2792.2000,2792.0000,2794.4000,2795.0000,2796.0000,2796.2000,2797.8000,1,1,1,3,3,1,2,2,2,1
SF,IH2009,2020-06-09 09:31:49.900,2793.8000,17194,0,62884800.000,0,-,-,-,-,2792.6000,2792.4000,2792.2000,2792.0000,2791.8000,2794.2000,2794.4000,2795.0000,2796.0000,2796.2000,1,1,3,3,1,1,1,2,2,2
SF,IH2009,2020-06-09 09:31:50.400,2793.8000,17194,0,62884800.000,0,-,-,-,-,2792.8000,2792.6000,2792.4000,2792.2000,2792.0000,2794.4000,2795.0000,2796.0000,2796.2000,2797.8000,1,1,1,3,3,1,2,2,2,1
SF,IH2009,2020-06-09 09:31:50.900,2793.8000,17194,0,62884800.000,0,-,-,-,-,2793.0000,2792.6000,2792.4000,2792.2000,2792.0000,2794.4000,2795.0000,2796.0000,2796.2000,2797.8000,1,1,1,3,3,1,2,2,2,1
SF,IH2009,2020-06-09 09:31:51.400,2794.4000,17193,-1,63723120.000,1,0,1,双平,S,2794.4000,2792.6000,2792.4000,2792.2000,2792.0000,2795.0000,2796.0000,2796.2000,2797.8000,2799.6000,1,1,1,3,3,2,2,2,1,5
SF,IH2009,2020-06-09 09:31:51.900,2794.4000,17192,-1,64561440.000,1,0,1,双平,S,2792.6000,2792.4000,2792.2000,2792.0000,2791.8000,2794.2000,2794.4000,2794.8000,2795.0000,2796.0000,1,1,3,3,1,3,2,5,2,2
SF,IH2009,2020-06-09 09:31:52.400,2794.4000,17192,0,64561440.000,0,-,-,-,-,2792.8000,2792.6000,2792.4000,2792.2000,2792.0000,2794.2000,2794.4000,2794.8000,2795.0000,2796.0000,1,1,1,2,3,1,1,3,2,2
SF,IH2009,2020-06-09 09:31:52.900,2794.4000,17192,0,64561440.000,0,-,-,-,-,2793.0000,2792.6000,2792.4000,2792.2000,2792.0000,2794.2000,2794.4000,2794.8000,2795.0000,2796.0000,1,1,1,2,3,1,1,3,2,2
SF,IH2009,2020-06-09 09:31:53.400,2794.4000,17192,0,64561440.000,0,-,-,-,-,2793.2000,2792.6000,2792.4000,2792.2000,2792.0000,2794.2000,2794.4000,2794.8000,2795.0000,2796.0000,1,1,1,2,3,1,1,3,2,2
SF,IH2009,2020-06-09 09:31:53.900,2794.4000,17192,0,64561440.000,0,-,-,-,-,2793.4000,2792.6000,2792.4000,2792.2000,2792.0000,2794.2000,2794.4000,2794.8000,2795.0000,2796.0000,1,1,1,2,3,1,1,3,2,2
SF,IH2009,2020-06-09 09:31:54.900,2794.8000,17188,-4,68753400.000,5,0,5,多平,S,2794.4000,2793.4000,2792.6000,2792.4000,2792.2000,2795.0000,2796.0000,2796.2000,2797.8000,2799.6000,1,1,1,1,2,2,2,2,1,5
SF,IH2009,2020-06-09 09:31:55.400,2795.0000,17189,1,69591900.000,1,1,0,双开,S,2794.4000,2793.4000,2793.2000,2792.6000,2792.4000,2795.0000,2796.0000,2796.2000,2797.8000,2799.6000,1,1,1,1,1,1,2,2,1,5
SF,IH2009,2020-06-09 09:31:55.900,2795.0000,17189,0,70430400.000,1,0,1,多换,S,2794.4000,2794.2000,2793.4000,2793.2000,2792.6000,2796.0000,2796.2000,2797.8000,2799.6000,2800.0000,1,1,1,1,1,2,2,1,5,3
SF,IH2009,2020-06-09 09:31:56.400,2795.0000,17189,0,70430400.000,0,-,-,-,-,2794.4000,2794.2000,2793.4000,2793.2000,2792.6000,2795.8000,2796.0000,2796.2000,2797.8000,2799.6000,1,1,1,1,1,1,2,2,1,5
SF,IH2009,2020-06-09 09:31:56.900,2795.0000,17189,0,70430400.000,0,-,-,-,-,2794.4000,2794.2000,2793.4000,2793.2000,2792.6000,2796.0000,2796.2000,2797.8000,2799.6000,2800.0000,1,1,1,1,1,2,2,1,5,3
SF,IH2009,2020-06-09 09:31:57.400,2795.0000,17189,0,70430400.000,0,-,-,-,-,2794.6000,2794.4000,2794.2000,2793.2000,2792.6000,2795.8000,2796.0000,2796.2000,2797.8000,2799.6000,1,1,1,1,1,1,2,2,1,5
SF,IH2009,2020-06-09 09:31:57.900,2795.0000,17189,0,70430400.000,0,-,-,-,-,2794.6000,2794.4000,2794.2000,2793.2000,2792.6000,2795.8000,2796.0000,2796.2000,2797.8000,2799.6000,1,1,1,1,1,1,2,2,1,5
SF,IH2009,2020-06-09 09:31:59.900,2795.0000,17189,0,70430400.000,0,-,-,-,-,2794.6000,2794.4000,2794.2000,2793.2000,2792.6000,2795.6000,2795.8000,2796.0000,2796.2000,2797.8000,1,1,1,1,1,2,1,2,2,1
SF,IH2009,2020-06-09 09:32:00.400,2795.0000,17189,0,70430400.000,0,-,-,-,-,2794.6000,2794.4000,2794.2000,2793.2000,2792.6000,2795.4000,2795.6000,2796.0000,2796.2000,2797.8000,1,1,1,1,1,1,2,1,2,1
SF,IH2009,2020-06-09 09:32:00.900,2795.0000,17189,0,70430400.000,0,-,-,-,-,2794.4000,2794.2000,2793.2000,2792.6000,2792.4000,2795.4000,2796.0000,2796.2000,2797.8000,2798.0000,1,1,1,1,2,1,1,2,1,1
SF,IH2009,2020-06-09 09:32:01.400,2795.0000,17189,0,70430400.000,0,-,-,-,-,2794.6000,2794.4000,2794.2000,2793.2000,2792.6000,2795.4000,2795.6000,2796.0000,2796.2000,2797.8000,1,1,1,1,1,1,1,1,2,1
SF,IH2009,2020-06-09 09:32:02.400,2795.4000,17189,0,71269020.000,1,0,1,多换,S,2794.8000,2794.6000,2794.4000,2794.2000,2793.2000,2795.6000,2796.0000,2796.2000,2797.8000,2798.0000,1,1,1,1,1,1,1,2,1,1
SF,IH2009,2020-06-09 09:32:02.900,2795.4000,17189,0,71269020.000,0,-,-,-,-,2794.8000,2794.6000,2794.4000,2794.2000,2793.2000,2795.6000,2796.0000,2796.2000,2797.8000,2798.0000,1,1,1,1,1,1,1,2,1,1
SF,IH2009,2020-06-09 09:32:03.900,2795.6000,17188,-1,72107700.000,1,0,1,双平,S,2794.8000,2794.6000,2794.4000,2794.2000,2793.2000,2796.0000,2796.2000,2797.8000,2798.0000,2799.6000,1,1,1,1,1,1,2,1,1,5
SF,IH2009,2020-06-09 09:32:04.400,2795.6000,17188,0,72107700.000,0,-,-,-,-,2795.6000,2795.0000,2794.8000,2794.4000,2794.2000,2796.0000,2796.2000,2797.8000,2798.0000,2799.6000,1,3,1,1,1,1,2,1,1,5
SF,IH2009,2020-06-09 09:32:04.900,2795.6000,17188,0,72107700.000,0,-,-,-,-,2795.0000,2794.8000,2794.4000,2794.2000,2793.0000,2796.0000,2796.2000,2797.8000,2798.0000,2799.6000,1,1,1,1,1,1,2,1,1,5
SF,IH2009,2020-06-09 09:32:05.400,2795.6000,17188,0,72107700.000,0,-,-,-,-,2795.0000,2794.8000,2794.4000,2794.2000,2793.6000,2796.0000,2796.2000,2797.8000,2798.0000,2799.6000,1,1,1,1,1,1,2,1,1,5
SF,IH2009,2020-06-09 09:32:06.900,2795.6000,17188,0,72107700.000,0,-,-,-,-,2794.8000,2794.4000,2794.2000,2793.6000,2793.0000,2795.8000,2796.0000,2796.2000,2797.8000,2798.0000,1,1,1,1,1,1,1,2,1,1
SF,IH2009,2020-06-09 09:32:07.400,2795.6000,17188,0,72107700.000,0,-,-,-,-,2795.2000,2794.8000,2794.4000,2794.2000,2793.6000,2795.8000,2796.0000,2796.2000,2797.8000,2798.0000,1,1,1,1,1,1,1,2,1,1
SF,IH2009,2020-06-09 09:32:07.900,2795.6000,17188,0,72107700.000,0,-,-,-,-,2794.8000,2794.4000,2794.2000,2793.6000,2793.0000,2795.8000,2796.0000,2796.2000,2797.8000,2798.0000,1,1,1,1,1,1,1,2,1,1
SF,IH2009,2020-06-09 09:32:08.400,2795.6000,17188,0,72107700.000,0,-,-,-,-,2794.8000,2794.4000,2794.2000,2793.6000,2793.0000,2796.0000,2796.2000,2797.8000,2798.0000,2799.6000,1,1,1,1,1,1,2,1,1,5
SF,IH2009,2020-06-09 09:32:08.900,2795.6000,17188,0,72107700.000,0,-,-,-,-,2794.8000,2794.4000,2794.2000,2793.6000,2793.0000,2795.8000,2796.0000,2796.2000,2797.8000,2798.0000,1,1,1,1,1,2,1,2,1,1
SF,IH2009,2020-06-09 09:32:09.400,2795.6000,17188,0,72107700.000,0,-,-,-,-,2795.0000,2794.8000,2794.4000,2794.2000,2793.6000,2796.0000,2796.2000,2797.8000,2798.0000,2799.6000,1,1,1,1,1,1,2,1,1,5
SF,IH2009,2020-06-09 09:32:09.900,2795.6000,17188,0,72107700.000,0,-,-,-,-,2794.8000,2794.4000,2794.2000,2793.6000,2793.0000,2796.0000,2796.2000,2797.8000,2798.0000,2799.6000,1,1,1,1,1,1,2,1,1,5
SF,IH2009,2020-06-09 09:32:10.400,2795.6000,17188,0,72107700.000,0,-,-,-,-,2794.8000,2794.4000,2794.2000,2793.6000,2793.0000,2795.8000,2796.0000,2796.2000,2797.8000,2798.0000,1,1,1,1,1,1,1,2,1,1
SF,IH2009,2020-06-09 09:32:11.900,2795.6000,17188,0,72107700.000,0,-,-,-,-,2794.8000,2794.4000,2794.2000,2793.6000,2793.0000,2795.6000,2795.8000,2796.0000,2796.2000,2797.8000,1,1,1,1,1,1,1,1,2,1
SF,IH2009,2020-06-09 09:32:12.400,2795.6000,17188,0,72107700.000,0,-,-,-,-,2794.8000,2794.4000,2794.2000,2793.6000,2793.0000,2796.0000,2796.2000,2797.8000,2798.0000,2799.6000,1,1,1,1,1,1,2,1,1,5
SF,IH2009,2020-06-09 09:32:12.900,2795.6000,17188,0,72107700.000,0,-,-,-,-,2795.0000,2794.8000,2794.4000,2794.2000,2793.6000,2796.0000,2796.2000,2797.8000,2798.0000,2799.6000,1,1,1,1,1,1,2,1,1,5
SF,IH2009,2020-06-09 09:32:13.400,2795.0000,17187,-1,72946200.000,1,0,1,双平,S,2795.0000,2794.8000,2794.4000,2794.2000,2793.6000,2796.0000,2796.2000,2797.8000,2798.0000,2799.6000,1,1,1,1,1,1,2,1,1,5
SF,IH2009,2020-06-09 09:32:13.900,2795.0000,17187,0,72946200.000,0,-,-,-,-,2794.8000,2794.4000,2794.2000,2793.6000,2793.0000,2796.0000,2796.2000,2797.8000,2798.0000,2799.6000,1,1,1,1,1,2,3,1,1,5
SF,IH2009,2020-06-09 09:32:14.900,2795.0000,17187,0,72946200.000,0,-,-,-,-,2794.8000,2794.4000,2794.2000,2793.6000,2793.0000,2796.0000,2796.2000,2797.8000,2798.0000,2799.6000,1,1,1,1,1,2,3,1,1,5
SF,IH2009,2020-06-09 09:32:15.900,2795.0000,17187,0,72946200.000,0,-,-,-,-,2794.8000,2794.4000,2794.2000,2793.6000,2793.0000,2795.8000,2796.0000,2796.2000,2797.8000,2798.0000,1,1,1,1,1,2,2,3,1,1
SF,IH2009,2020-06-09 09:32:16.400,2795.0000,17187,0,72946200.000,0,-,-,-,-,2794.8000,2794.4000,2794.2000,2793.6000,2793.0000,2795.8000,2796.0000,2796.2000,2797.8000,2798.0000,1,1,1,1,1,1,2,3,1,1
SF,IH2009,2020-06-09 09:32:16.900,2795.0000,17187,0,72946200.000,0,-,-,-,-,2795.0000,2794.8000,2794.4000,2794.2000,2793.6000,2795.8000,2796.0000,2796.2000,2797.8000,2798.0000,1,1,1,1,1,1,2,3,1,1
SF,IH2009,2020-06-09 09:32:17.400,2795.0000,17186,-1,73784700.000,1,0,1,双平,S,2794.8000,2794.4000,2794.2000,2793.6000,2793.0000,2795.8000,2796.0000,2796.2000,2797.8000,2798.0000,1,1,1,1,1,1,2,3,1,1
SF,IH2009,2020-06-09 09:32:17.900,2795.0000,17186,0,73784700.000,0,-,-,-,-,2794.8000,2794.4000,2794.2000,2793.6000,2793.0000,2795.6000,2795.8000,2796.0000,2796.2000,2797.8000,1,1,1,1,1,1,1,2,3,1
SF,IH2009,2020-06-09 09:32:18.400,2794.8000,17185,-1,74623140.000,1,0,1,双平,S,2794.4000,2794.2000,2793.6000,2793.0000,2792.8000,2795.4000,2795.6000,2796.0000,2796.2000,2797.8000,1,1,1,1,1,1,1,2,3,1
SF,IH2009,2020-06-09 09:32:18.900,2794.8000,17185,0,74623140.000,0,-,-,-,-,2794.4000,2794.2000,2793.6000,2793.0000,2792.8000,2795.2000,2795.6000,2796.0000,2796.2000,2797.8000,1,1,1,1,1,1,1,2,3,1
SF,IH2009,2020-06-09 09:32:19.400,2794.8000,17185,0,74623140.000,0,-,-,-,-,2794.4000,2794.2000,2793.6000,2793.0000,2792.8000,2795.6000,2796.0000,2796.2000,2797.8000,2798.0000,1,1,1,1,1,1,2,3,1,1
SF,IH2009,2020-06-09 09:32:19.900,2794.8000,17185,0,74623140.000,0,-,-,-,-,2794.4000,2794.2000,2793.6000,2793.0000,2792.8000,2795.4000,2795.6000,2796.0000,2796.2000,2797.8000,1,1,1,1,1,2,1,2,3,1
SF,IH2009,2020-06-09 09:32:20.400,2794.8000,17185,0,74623140.000,0,-,-,-,-,2794.4000,2794.2000,2793.6000,2793.0000,2792.8000,2795.4000,2795.6000,2795.8000,2796.0000,2796.2000,1,1,1,1,1,2,1,1,2,3
SF,IH2009,2020-06-09 09:32:21.400,2794.8000,17185,0,74623140.000,0,-,-,-,-,2794.4000,2794.2000,2793.6000,2793.0000,2792.8000,2795.4000,2795.6000,2795.8000,2796.0000,2796.2000,1,1,1,1,1,2,1,1,2,4
SF,IH2009,2020-06-09 09:32:21.900,2794.8000,17185,0,74623140.000,0,-,-,-,-,2794.4000,2794.2000,2793.6000,2793.0000,2792.8000,2795.4000,2795.6000,2795.8000,2796.0000,2796.2000,1,1,1,1,1,2,1,1,2,4
SF,IH2009,2020-06-09 09:32:22.400,2794.8000,17185,0,74623140.000,0,-,-,-,-,2794.4000,2794.2000,2793.6000,2793.0000,2792.8000,2795.2000,2795.4000,2795.6000,2795.8000,2796.0000,1,1,1,1,1,1,2,1,1,2
SF,IH2009,2020-06-09 09:32:22.900,2794.8000,17185,0,74623140.000,0,-,-,-,-,2794.4000,2794.2000,2793.6000,2793.0000,2792.8000,2795.2000,2795.6000,2795.8000,2796.0000,2796.2000,1,1,1,1,1,1,1,1,2,4
SF,IH2009,2020-06-09 09:32:23.400,2794.8000,17185,0,74623140.000,0,-,-,-,-,2794.2000,2793.6000,2793.0000,2792.8000,2792.4000,2795.6000,2795.8000,2796.0000,2796.2000,2797.8000,1,1,1,1,1,1,1,2,4,1
SF,IH2009,2020-06-09 09:32:23.900,2794.8000,17185,0,74623140.000,0,-,-,-,-,2794.2000,2793.6000,2793.0000,2792.8000,2792.4000,2795.2000,2795.4000,2795.6000,2795.8000,2796.0000,1,1,1,1,1,1,2,1,1,2
SF,IH2009,2020-06-09 09:32:24.400,2794.8000,17185,0,74623140.000,0,-,-,-,-,2794.2000,2793.6000,2793.0000,2792.8000,2792.4000,2795.0000,2795.2000,2795.4000,2795.6000,2795.8000,1,1,1,1,1,1,2,1,1,1
SF,IH2009,2020-06-09 09:32:24.900,2794.8000,17185,0,74623140.000,0,-,-,-,-,2794.2000,2793.6000,2793.0000,2792.8000,2792.4000,2795.0000,2795.2000,2795.6000,2795.8000,2796.0000,1,1,1,1,1,1,1,1,1,2
SF,IH2009,2020-06-09 09:32:28.400,2795.0000,17184,-1,75461640.000,1,0,1,双平,S,2794.2000,2793.6000,2793.0000,2792.8000,2792.4000,2795.2000,2795.8000,2796.0000,2796.2000,2797.8000,1,1,1,1,1,1,1,2,4,1
SF,IH2009,2020-06-09 09:32:28.900,2795.0000,17184,0,75461640.000,0,-,-,-,-,2794.2000,2793.6000,2793.0000,2792.8000,2792.4000,2795.2000,2795.8000,2796.0000,2796.2000,2797.8000,1,1,1,1,1,1,1,2,4,1
SF,IH2009,2020-06-09 09:32:29.400,2795.0000,17184,0,75461640.000,0,-,-,-,-,2794.4000,2794.2000,2793.6000,2793.0000,2792.8000,2795.2000,2795.8000,2796.0000,2796.2000,2797.8000,1,1,1,1,1,1,1,2,4,1
SF,IH2009,2020-06-09 09:32:30.900,2795.0000,17184,0,75461640.000,0,-,-,-,-,2794.6000,2794.4000,2794.2000,2793.6000,2793.0000,2795.2000,2795.8000,2796.0000,2796.2000,2797.8000,1,1,1,1,1,1,1,2,4,1
SF,IH2009,2020-06-09 09:32:31.400,2795.0000,17184,0,75461640.000,0,-,-,-,-,2794.4000,2794.2000,2793.6000,2793.0000,2792.8000,2795.2000,2795.8000,2796.0000,2796.2000,2797.8000,1,1,1,1,1,1,1,2,4,1
SF,IH2009,2020-06-09 09:32:32.400,2794.4000,17183,-1,76299960.000,1,0,1,双平,S,2794.2000,2793.6000,2793.0000,2792.8000,2792.4000,2795.2000,2795.8000,2796.0000,2796.2000,2797.8000,1,1,1,1,1,1,1,2,4,1
SF,IH2009,2020-06-09 09:32:32.900,2794.4000,17183,0,76299960.000,0,-,-,-,-,2794.2000,2793.6000,2793.0000,2792.8000,2792.4000,2795.2000,2795.8000,2796.0000,2796.2000,2797.8000,1,1,1,1,1,1,1,2,4,1
SF,IH2009,2020-06-09 09:32:33.400,2794.4000,17183,0,76299960.000,0,-,-,-,-,2794.4000,2794.2000,2793.6000,2793.0000,2792.8000,2795.2000,2795.8000,2796.0000,2796.2000,2797.8000,1,1,1,1,1,1,1,2,4,1
SF,IH2009,2020-06-09 09:32:33.900,2794.4000,17183,0,76299960.000,0,-,-,-,-,2794.2000,2793.6000,2793.0000,2792.8000,2792.4000,2795.2000,2795.8000,2796.0000,2796.2000,2797.8000,1,1,1,1,1,1,1,2,4,1
SF,IH2009,2020-06-09 09:32:34.400,2794.4000,17183,0,76299960.000,0,-,-,-,-,2794.4000,2794.2000,2793.6000,2793.0000,2792.8000,2795.2000,2795.8000,2796.0000,2796.2000,2797.8000,1,1,1,1,1,1,1,2,4,1
SF,IH2009,2020-06-09 09:32:34.900,2795.2000,17182,-1,77138520.000,1,0,1,双平,S,2794.2000,2793.6000,2793.0000,2792.8000,2792.4000,2795.8000,2796.0000,2796.2000,2797.8000,2798.0000,1,1,1,1,1,1,2,4,1,1
SF,IH2009,2020-06-09 09:32:35.400,2795.2000,17182,0,77138520.000,0,-,-,-,-,2794.4000,2794.2000,2793.6000,2793.0000,2792.8000,2795.6000,2795.8000,2796.0000,2796.2000,2797.8000,1,1,1,1,1,2,1,2,4,1
SF,IH2009,2020-06-09 09:32:35.900,2795.2000,17182,0,77138520.000,0,-,-,-,-,2794.2000,2793.6000,2793.0000,2792.8000,2792.4000,2795.6000,2795.8000,2796.0000,2796.2000,2797.8000,1,1,1,1,1,2,1,2,4,1
SF,IH2009,2020-06-09 09:32:36.400,2795.2000,17182,0,77138520.000,0,-,-,-,-,2794.4000,2794.2000,2793.6000,2793.0000,2792.8000,2795.8000,2796.0000,2796.2000,2797.8000,2798.0000,1,1,1,1,1,1,2,4,1,1
SF,IH2009,2020-06-09 09:32:36.900,2795.2000,17182,0,77138520.000,0,-,-,-,-,2794.2000,2793.6000,2793.0000,2792.8000,2792.4000,2795.6000,2795.8000,2796.0000,2796.2000,2797.8000,1,1,1,1,1,2,1,2,4,1
SF,IH2009,2020-06-09 09:32:37.400,2795.6000,17181,-1,77977200.000,1,0,1,双平,S,2795.6000,2794.4000,2794.2000,2793.6000,2793.0000,2795.8000,2796.0000,2796.2000,2797.8000,2798.0000,1,1,1,1,1,1,2,4,1,1
SF,IH2009,2020-06-09 09:32:37.900,2795.6000,17180,-1,78815880.000,1,0,1,双平,S,2794.4000,2794.2000,2793.6000,2793.0000,2792.4000,2795.4000,2795.6000,2795.8000,2796.0000,2796.2000,3,2,1,1,1,1,3,1,2,4
SF,IH2009,2020-06-09 09:32:38.400,2795.6000,17179,-1,80493180.000,2,0,2,多平,S,2794.6000,2794.4000,2794.2000,2793.6000,2793.0000,2795.6000,2795.8000,2796.0000,2796.2000,2796.6000,2,3,2,1,1,1,1,2,4,1
SF,IH2009,2020-06-09 09:32:38.900,2795.6000,17179,0,81331860.000,1,0,1,多换,S,2794.8000,2794.6000,2794.4000,2794.2000,2793.6000,2795.8000,2796.0000,2796.2000,2796.6000,2797.6000,1,1,3,2,1,1,2,4,1,1
SF,IH2009,2020-06-09 09:32:39.400,2795.6000,17179,0,81331860.000,0,-,-,-,-,2795.6000,2795.0000,2794.8000,2794.2000,2793.6000,2795.8000,2796.0000,2796.2000,2796.6000,2797.6000,1,1,1,2,1,1,2,4,1,1
SF,IH2009,2020-06-09 09:32:39.900,2795.6000,17178,-1,82170540.000,1,0,1,双平,S,2794.2000,2793.6000,2793.0000,2792.4000,2792.2000,2795.8000,2796.0000,2796.2000,2796.6000,2797.6000,2,1,1,1,1,1,2,4,1,1
SF,IH2009,2020-06-09 09:32:40.400,2795.6000,17178,0,82170540.000,0,-,-,-,-,2794.4000,2794.2000,2793.6000,2793.0000,2792.6000,2795.8000,2796.0000,2796.2000,2796.6000,2797.6000,2,3,1,1,1,1,2,4,1,1
SF,IH2009,2020-06-09 09:32:40.900,2795.6000,17178,0,82170540.000,0,-,-,-,-,2794.8000,2794.4000,2794.2000,2793.6000,2793.0000,2795.8000,2796.0000,2796.2000,2796.6000,2797.6000,2,3,3,1,1,1,2,4,1,1
SF,IH2009,2020-06-09 09:32:41.400,2795.6000,17178,0,82170540.000,0,-,-,-,-,2794.8000,2794.4000,2794.2000,2793.6000,2793.0000,2795.8000,2796.0000,2796.2000,2796.6000,2797.6000,2,1,3,1,1,1,2,4,1,1
SF,IH2009,2020-06-09 09:32:41.900,2794.8000,17177,-1,83008980.000,1,0,1,双平,S,2794.8000,2794.4000,2794.2000,2793.6000,2793.0000,2795.8000,2796.0000,2796.2000,2796.6000,2797.6000,1,1,3,1,1,1,2,4,1,1
SF,IH2009,2020-06-09 09:32:42.400,2794.8000,17177,0,83008980.000,0,-,-,-,-,2795.0000,2794.8000,2794.4000,2794.2000,2793.6000,2795.8000,2796.0000,2796.2000,2796.6000,2797.6000,1,3,1,3,1,1,2,4,1,1
SF,IH2009,2020-06-09 09:32:42.900,2794.8000,17177,0,83008980.000,0,-,-,-,-,2794.8000,2794.2000,2793.6000,2793.0000,2792.4000,2795.6000,2795.8000,2796.0000,2796.2000,2796.6000,1,3,1,1,1,1,1,2,4,1
SF,IH2009,2020-06-09 09:32:43.400,2794.8000,17177,0,83008980.000,0,-,-,-,-,2794.8000,2794.2000,2793.6000,2793.0000,2792.4000,2795.6000,2795.8000,2796.0000,2796.2000,2796.6000,1,3,1,1,1,1,1,2,4,1
SF,IH2009,2020-06-09 09:32:43.900,2794.8000,17176,-1,83847420.000,1,0,1,双平,S,2794.2000,2793.6000,2793.0000,2792.4000,2792.0000,2795.6000,2795.8000,2796.0000,2796.2000,2796.6000,3,1,1,1,2,1,1,2,4,1
SF,IH2009,2020-06-09 09:32:44.400,2794.8000,17176,0,83847420.000,0,-,-,-,-,2794.4000,2794.2000,2793.6000,2793.0000,2792.8000,2795.8000,2796.0000,2796.2000,2796.6000,2797.6000,1,3,1,1,1,1,2,4,1,1
SF,IH2009,2020-06-09 09:32:44.900,2794.8000,17176,0,83847420.000,0,-,-,-,-,2794.6000,2794.2000,2793.6000,2793.0000,2792.8000,2795.8000,2796.0000,2796.2000,2796.6000,2797.6000,1,3,1,1,1,1,2,4,1,1
SF,IH2009,2020-06-09 09:32:45.400,2794.8000,17176,0,83847420.000,0,-,-,-,-,2794.6000,2794.2000,2793.6000,2793.0000,2792.8000,2794.8000,2795.6000,2795.8000,2796.0000,2796.2000,1,3,1,1,1,1,1,1,2,4
SF,IH2009,2020-06-09 09:32:45.900,2794.8000,17176,0,84685860.000,1,0,1,多换,S,2795.0000,2794.8000,2794.6000,2794.2000,2793.6000,2795.8000,2796.0000,2796.2000,2796.6000,2797.8000,2,5,1,1,1,1,2,4,1,1
SF,IH2009,2020-06-09 09:32:46.400,2794.8000,17176,0,84685860.000,0,-,-,-,-,2795.0000,2794.8000,2794.6000,2793.6000,2793.0000,2795.8000,2796.0000,2796.2000,2796.6000,2797.4000,1,3,1,1,1,1,2,4,1,1
SF,IH2009,2020-06-09 09:32:46.900,2794.8000,17176,0,84685860.000,0,-,-,-,-,2795.0000,2794.8000,2793.6000,2793.0000,2792.8000,2795.8000,2796.0000,2796.2000,2796.6000,2797.4000,1,3,1,1,1,1,2,4,1,1
SF,IH2009,2020-06-09 09:32:47.400,2794.8000,17176,0,85524300.000,1,0,1,多换,S,2794.8000,2793.6000,2793.0000,2792.8000,2792.4000,2795.8000,2796.0000,2796.2000,2796.6000,2797.4000,3,1,1,1,1,1,2,4,1,1
SF,IH2009,2020-06-09 09:32:48.400,2794.8000,17176,0,85524300.000,0,-,-,-,-,2794.8000,2793.6000,2793.0000,2792.8000,2792.4000,2795.6000,2795.8000,2796.0000,2796.2000,2796.6000,3,1,1,1,1,1,1,2,4,1
SF,IH2009,2020-06-09 09:32:48.900,2794.8000,17176,0,85524300.000,0,-,-,-,-,2794.8000,2793.6000,2793.0000,2792.8000,2792.4000,2795.6000,2795.8000,2796.0000,2796.2000,2796.6000,1,1,1,1,1,1,1,2,4,1
SF,IH2009,2020-06-09 09:32:51.400,2794.8000,17176,0,85524300.000,0,-,-,-,-,2793.6000,2793.0000,2792.8000,2792.4000,2792.0000,2795.6000,2795.8000,2796.0000,2796.2000,2796.6000,1,1,1,1,2,1,1,2,4,1
SF,IH2009,2020-06-09 09:32:51.900,2794.8000,17176,0,85524300.000,0,-,-,-,-,2794.4000,2794.0000,2793.8000,2793.6000,2793.0000,2795.6000,2795.8000,2796.0000,2796.2000,2796.6000,2,1,3,2,1,1,1,2,4,1
SF,IH2009,2020-06-09 09:32:52.400,2794.8000,17176,0,85524300.000,0,-,-,-,-,2794.4000,2794.0000,2793.8000,2793.6000,2793.0000,2795.6000,2795.8000,2796.0000,2796.2000,2796.6000,2,1,1,2,1,1,1,2,4,1
SF,IH2009,2020-06-09 09:32:52.900,2794.8000,17176,0,85524300.000,0,-,-,-,-,2794.6000,2794.4000,2794.0000,2793.8000,2793.6000,2795.6000,2795.8000,2796.0000,2796.2000,2796.6000,1,2,1,1,2,1,1,2,4,1
SF,IH2009,2020-06-09 09:32:53.400,2794.8000,17176,0,85524300.000,0,-,-,-,-,2794.4000,2794.0000,2793.8000,2793.6000,2793.0000,2795.6000,2795.8000,2796.0000,2796.2000,2796.6000,2,1,1,2,1,1,1,2,4,1
SF,IH2009,2020-06-09 09:32:54.400,2794.8000,17176,0,85524300.000,0,-,-,-,-,2794.4000,2794.0000,2793.8000,2793.6000,2793.0000,2795.6000,2795.8000,2796.0000,2796.2000,2796.6000,2,1,1,2,1,1,1,2,4,1
SF,IH2009,2020-06-09 09:32:54.900,2794.8000,17176,0,85524300.000,0,-,-,-,-,2794.6000,2794.4000,2794.0000,2793.8000,2793.6000,2795.4000,2795.6000,2795.8000,2796.0000,2796.2000,1,2,1,1,2,1,1,1,2,4
SF,IH2009,2020-06-09 09:32:55.400,2795.6000,17177,1,86362980.000,1,1,0,双开,S,2794.4000,2794.0000,2793.8000,2793.6000,2793.0000,2795.8000,2796.0000,2796.2000,2796.6000,2797.4000,2,1,1,2,1,1,2,4,1,1
SF,IH2009,2020-06-09 09:32:55.900,2795.6000,17177,0,86362980.000,0,-,-,-,-,2794.6000,2794.4000,2794.0000,2793.8000,2793.6000,2795.8000,2796.0000,2796.2000,2796.6000,2797.4000,1,2,1,1,2,1,2,4,1,1
SF,IH2009,2020-06-09 09:32:56.400,2795.6000,17177,0,86362980.000,0,-,-,-,-,2794.4000,2794.0000,2793.8000,2793.6000,2793.0000,2795.8000,2796.0000,2796.2000,2796.6000,2797.4000,2,1,1,2,1,1,2,4,1,1
SF,IH2009,2020-06-09 09:32:56.900,2795.6000,17177,0,86362980.000,0,-,-,-,-,2794.6000,2794.4000,2794.0000,2793.8000,2793.6000,2795.8000,2796.0000,2796.2000,2796.6000,2797.4000,1,2,1,1,2,1,2,4,1,1
SF,IH2009,2020-06-09 09:32:57.400,2795.6000,17177,0,86362980.000,0,-,-,-,-,2794.4000,2794.0000,2793.8000,2793.6000,2793.0000,2795.8000,2796.0000,2796.2000,2796.6000,2797.4000,2,1,1,2,1,1,2,4,1,1
SF,IH2009,2020-06-09 09:32:57.900,2795.6000,17177,0,86362980.000,0,-,-,-,-,2794.6000,2794.0000,2793.8000,2793.6000,2793.0000,2795.8000,2796.0000,2796.2000,2796.6000,2797.4000,2,1,1,2,1,1,2,4,1,1
SF,IH2009,2020-06-09 09:32:58.400,2795.6000,17177,0,86362980.000,0,-,-,-,-,2794.6000,2794.0000,2793.8000,2793.6000,2793.0000,2795.8000,2796.0000,2796.2000,2796.6000,2797.4000,1,1,1,2,1,1,2,4,1,1
SF,IH2009,2020-06-09 09:32:58.900,2795.6000,17177,0,86362980.000,0,-,-,-,-,2794.8000,2794.0000,2793.8000,2793.6000,2793.0000,2795.8000,2796.0000,2796.2000,2796.6000,2797.4000,1,1,1,2,1,1,2,4,1,1
SF,IH2009,2020-06-09 09:32:59.400,2795.6000,17177,0,86362980.000,0,-,-,-,-,2794.0000,2793.8000,2793.6000,2793.0000,2792.8000,2795.6000,2795.8000,2796.0000,2796.2000,2796.6000,1,1,2,1,1,1,1,2,4,1
SF,IH2009,2020-06-09 09:32:59.900,2795.6000,17177,0,86362980.000,0,-,-,-,-,2794.2000,2794.0000,2793.6000,2793.0000,2792.8000,2795.8000,2796.0000,2796.2000,2796.6000,2797.4000,2,1,2,1,1,1,2,4,1,1
SF,IH2009,2020-06-09 09:33:00.400,2795.6000,17177,0,86362980.000,0,-,-,-,-,2795.0000,2794.8000,2794.4000,2794.2000,2794.0000,2795.8000,2796.0000,2796.2000,2796.6000,2797.4000,2,2,5,2,1,1,2,4,1,1
SF,IH2009,2020-06-09 09:33:00.900,2795.6000,17177,0,86362980.000,0,-,-,-,-,2795.0000,2794.8000,2794.4000,2794.2000,2794.0000,2795.8000,2796.0000,2796.2000,2796.6000,2797.4000,2,2,4,1,1,1,2,4,1,1
SF,IH2009,2020-06-09 09:33:01.400,2795.6000,17177,0,86362980.000,0,-,-,-,-,2794.4000,2794.2000,2794.0000,2793.6000,2793.0000,2795.8000,2796.0000,2796.2000,2796.6000,2797.4000,1,1,1,2,1,1,2,4,1,1
SF,IH2009,2020-06-09 09:33:01.900,2795.6000,17177,0,86362980.000,0,-,-,-,-,2794.8000,2794.6000,2794.4000,2794.2000,2794.0000,2795.8000,2796.0000,2796.2000,2796.6000,2797.4000,2,1,1,1,1,1,2,4,1,1
SF,IH2009,2020-06-09 09:33:02.400,2795.6000,17177,0,86362980.000,0,-,-,-,-,2795.0000,2794.8000,2794.4000,2794.2000,2794.0000,2795.6000,2795.8000,2796.0000,2796.2000,2796.6000,1,2,2,1,1,1,1,2,4,1
SF,IH2009,2020-06-09 09:33:02.900,2795.6000,17177,0,87201660.000,1,0,1,多换,S,2794.4000,2794.2000,2794.0000,2793.6000,2793.0000,2795.0000,2795.8000,2796.0000,2796.2000,2796.6000,1,1,1,2,1,2,1,2,4,1
SF,IH2009,2020-06-09 09:33:03.400,2795.6000,17177,0,88879020.000,2,1,1,多换,S,2795.2000,2795.0000,2794.8000,2794.6000,2794.4000,2795.8000,2796.0000,2796.2000,2796.6000,2797.8000,3,10,5,2,2,1,2,4,1,1
SF,IH2009,2020-06-09 09:33:03.900,2795.6000,17177,0,88879020.000,0,-,-,-,-,2795.2000,2795.0000,2794.8000,2794.6000,2794.4000,2795.8000,2796.0000,2796.2000,2796.6000,2797.8000,3,5,2,1,2,1,2,4,1,1
SF,IH2009,2020-06-09 09:33:04.400,2795.6000,17177,0,88879020.000,0,-,-,-,-,2795.2000,2795.0000,2794.8000,2794.6000,2794.4000,2795.8000,2796.0000,2796.2000,2796.6000,2797.8000,2,3,2,1,2,1,2,4,1,1
SF,IH2009,2020-06-09 09:33:05.400,2795.6000,17177,0,88879020.000,0,-,-,-,-,2795.2000,2795.0000,2794.8000,2794.6000,2794.4000,2795.8000,2796.0000,2796.2000,2796.6000,2797.8000,2,2,2,1,2,1,2,4,1,1
SF,IH2009,2020-06-09 09:33:05.900,2795.2000,17176,-1,89717580.000,1,0,1,双平,S,2795.2000,2795.0000,2794.8000,2794.4000,2794.2000,2795.8000,2796.0000,2796.2000,2796.6000,2797.8000,1,2,2,2,1,1,2,4,1,1
SF,IH2009,2020-06-09 09:33:06.400,2795.2000,17176,0,89717580.000,0,-,-,-,-,2795.2000,2795.0000,2794.8000,2794.4000,2794.2000,2795.8000,2796.0000,2796.2000,2796.6000,2797.8000,1,2,2,2,1,1,2,3,1,1
SF,IH2009,2020-06-09 09:33:06.900,2795.2000,17176,0,89717580.000,0,-,-,-,-,2795.2000,2795.0000,2794.8000,2794.4000,2794.2000,2795.8000,2796.0000,2796.2000,2796.6000,2797.2000,1,2,2,2,1,1,2,3,1,1
SF,IH2009,2020-06-09 09:33:07.400,2795.2000,17176,0,89717580.000,0,-,-,-,-,2795.2000,2795.0000,2794.8000,2794.4000,2794.2000,2795.8000,2796.0000,2796.2000,2796.6000,2797.2000,1,2,2,2,1,1,2,3,1,1
SF,IH2009,2020-06-09 09:33:08.400,2795.2000,17176,0,89717580.000,0,-,-,-,-,2795.2000,2795.0000,2794.8000,2794.4000,2794.2000,2795.8000,2796.0000,2796.2000,2796.6000,2797.2000,1,2,2,2,1,1,2,3,1,1
SF,IH2009,2020-06-09 09:33:08.900,2795.8000,17175,-1,90556320.000,1,0,1,双平,S,2795.2000,2795.0000,2794.8000,2794.4000,2794.2000,2796.0000,2796.2000,2796.6000,2797.2000,2797.8000,1,2,2,2,1,2,3,1,1,2
SF,IH2009,2020-06-09 09:33:09.400,2795.8000,17175,0,90556320.000,0,-,-,-,-,2795.0000,2794.8000,2794.4000,2794.2000,2794.0000,2796.0000,2796.2000,2796.6000,2797.2000,2797.8000,2,2,2,1,1,2,3,1,1,2
SF,IH2009,2020-06-09 09:33:09.900,2795.8000,17175,0,90556320.000,0,-,-,-,-,2795.2000,2795.0000,2794.8000,2794.4000,2794.2000,2796.0000,2796.2000,2796.6000,2797.2000,2797.8000,1,2,2,1,1,2,3,1,1,2
SF,IH2009,2020-06-09 09:33:10.400,2795.8000,17175,0,90556320.000,0,-,-,-,-,2795.4000,2795.2000,2795.0000,2794.8000,2794.4000,2796.0000,2796.2000,2796.6000,2797.2000,2797.8000,1,1,2,2,1,2,3,1,1,2
SF,IH2009,2020-06-09 09:33:10.900,2795.2000,17173,-2,92233500.000,2,0,2,双平,S,2795.0000,2794.8000,2794.4000,2794.2000,2794.0000,2796.0000,2796.2000,2796.6000,2797.2000,2797.8000,2,2,1,1,1,2,3,1,1,2
SF,IH2009,2020-06-09 09:33:11.400,2795.2000,17173,0,92233500.000,0,-,-,-,-,2795.4000,2795.2000,2795.0000,2794.8000,2794.4000,2795.8000,2796.0000,2796.2000,2796.6000,2797.2000,1,1,3,2,1,1,2,3,1,1
SF,IH2009,2020-06-09 09:33:11.900,2795.2000,17173,0,92233500.000,0,-,-,-,-,2795.4000,2795.0000,2794.8000,2794.4000,2794.2000,2795.8000,2796.0000,2796.2000,2796.6000,2797.2000,1,3,2,1,1,1,2,3,1,1
SF,IH2009,2020-06-09 09:33:12.400,2795.2000,17173,0,92233500.000,0,-,-,-,-,2795.0000,2794.8000,2794.4000,2794.2000,2794.0000,2795.8000,2796.0000,2796.2000,2796.6000,2797.2000,3,2,1,1,1,1,2,3,1,1
SF,IH2009,2020-06-09 09:33:12.900,2795.2000,17173,0,92233500.000,0,-,-,-,-,2795.6000,2795.2000,2795.0000,2794.8000,2794.4000,2795.8000,2796.0000,2796.2000,2796.6000,2797.2000,1,1,3,2,1,1,2,3,1,1
SF,IH2009,2020-06-09 09:33:13.400,2795.2000,17173,0,92233500.000,0,-,-,-,-,2795.0000,2794.8000,2794.4000,2794.2000,2794.0000,2795.8000,2796.0000,2796.2000,2796.6000,2797.2000,3,2,1,1,1,1,2,3,1,1
SF,IH2009,2020-06-09 09:33:13.900,2795.2000,17173,0,92233500.000,0,-,-,-,-,2795.6000,2795.2000,2795.0000,2794.8000,2794.4000,2795.8000,2796.0000,2796.2000,2796.6000,2797.2000,1,1,3,2,1,1,2,3,1,1
SF,IH2009,2020-06-09 09:33:14.400,2795.2000,17173,0,92233500.000,0,-,-,-,-,2795.6000,2795.2000,2795.0000,2794.8000,2794.4000,2795.8000,2796.0000,2796.2000,2796.6000,2797.2000,1,1,3,2,1,1,2,3,1,1
SF,IH2009,2020-06-09 09:33:15.900,2795.8000,17172,-1,93072240.000,1,0,1,双平,S,2795.6000,2795.2000,2795.0000,2794.8000,2794.4000,2796.0000,2796.2000,2796.6000,2797.2000,2797.8000,1,1,4,2,1,2,3,1,1,2
SF,IH2009,2020-06-09 09:33:17.900,2795.8000,17172,0,93072240.000,0,-,-,-,-,2795.8000,2795.6000,2795.2000,2795.0000,2794.8000,2796.0000,2796.2000,2796.6000,2797.2000,2797.8000,1,1,1,4,2,2,3,1,1,2
SF,IH2009,2020-06-09 09:33:18.400,2795.8000,17172,0,93072240.000,0,-,-,-,-,2795.8000,2795.0000,2794.8000,2794.4000,2794.2000,2796.0000,2796.2000,2796.6000,2797.2000,2797.8000,1,4,2,1,1,2,3,1,1,2
SF,IH2009,2020-06-09 09:33:18.900,2796.0000,17170,-2,94749840.000,2,0,2,双平,S,2796.0000,2795.8000,2795.0000,2794.8000,2794.4000,2796.2000,2796.6000,2797.2000,2797.8000,2798.0000,2,2,4,2,1,3,1,1,2,3
SF,IH2009,2020-06-09 09:33:19.400,2796.2000,17169,-1,95588700.000,1,0,1,双平,S,2796.0000,2795.8000,2795.0000,2794.8000,2794.4000,2796.2000,2796.6000,2797.2000,2797.8000,2798.0000,2,2,4,2,1,2,1,1,2,3
SF,IH2009,2020-06-09 09:33:19.900,2796.2000,17168,-1,96427560.000,1,0,1,双平,S,2796.0000,2795.8000,2795.0000,2794.8000,2794.4000,2796.2000,2796.6000,2796.8000,2797.2000,2797.8000,2,2,4,2,1,1,1,1,1,2
SF,IH2009,2020-06-09 09:33:20.400,2796.2000,17168,0,96427560.000,0,-,-,-,-,2796.0000,2795.8000,2795.0000,2794.8000,2794.4000,2796.2000,2796.6000,2796.8000,2797.0000,2797.2000,2,2,4,2,1,1,1,1,1,1
SF,IH2009,2020-06-09 09:33:20.900,2796.2000,17169,1,97266420.000,1,1,0,双开,S,2796.0000,2795.8000,2795.0000,2794.8000,2794.2000,2796.6000,2796.8000,2797.0000,2797.2000,2797.4000,1,2,4,2,1,1,1,1,1,1
SF,IH2009,2020-06-09 09:33:21.400,2796.2000,17169,0,97266420.000,0,-,-,-,-,2795.8000,2795.0000,2794.8000,2794.2000,2793.6000,2796.6000,2796.8000,2797.0000,2797.2000,2797.4000,1,4,2,1,1,1,1,1,1,1
SF,IH2009,2020-06-09 09:33:21.900,2796.2000,17169,0,97266420.000,0,-,-,-,-,2795.8000,2795.0000,2794.8000,2794.2000,2793.6000,2796.6000,2796.8000,2797.0000,2797.2000,2797.4000,1,4,2,1,1,1,1,1,1,1
SF,IH2009,2020-06-09 09:33:22.900,2796.6000,17169,0,98105400.000,1,0,1,多换,S,2796.0000,2795.8000,2795.0000,2794.8000,2794.2000,2796.8000,2797.0000,2797.2000,2797.4000,2797.6000,1,1,4,2,1,2,1,1,1,1
SF,IH2009,2020-06-09 09:33:23.400,2796.6000,17169,0,98105400.000,0,-,-,-,-,2796.0000,2795.8000,2795.0000,2794.8000,2794.2000,2796.8000,2797.0000,2797.2000,2797.4000,2797.6000,1,1,4,2,1,2,1,1,1,1
SF,IH2009,2020-06-09 09:33:23.900,2796.6000,17169,0,98105400.000,0,-,-,-,-,2796.0000,2795.8000,2795.0000,2794.8000,2794.2000,2796.8000,2797.0000,2797.2000,2797.4000,2797.6000,1,1,4,2,1,2,1,1,1,1
SF,IH2009,2020-06-09 09:33:25.400,2796.6000,17169,0,98105400.000,0,-,-,-,-,2796.0000,2795.8000,2795.0000,2794.8000,2794.2000,2796.4000,2796.8000,2797.0000,2797.2000,2797.4000,1,1,4,2,1,1,2,1,1,1
SF,IH2009,2020-06-09 09:33:25.900,2796.4000,17168,-1,98944320.000,1,0,1,双平,S,2796.0000,2795.8000,2795.0000,2794.8000,2794.2000,2796.8000,2797.0000,2797.2000,2797.4000,2797.6000,1,1,4,2,1,2,1,1,1,1
SF,IH2009,2020-06-09 09:33:27.900,2796.4000,17168,0,98944320.000,0,-,-,-,-,2796.2000,2796.0000,2795.0000,2794.8000,2794.2000,2796.8000,2797.0000,2797.2000,2797.4000,2797.6000,1,1,4,2,1,2,1,1,1,1
SF,IH2009,2020-06-09 09:33:28.400,2796.8000,17167,-1,99783360.000,1,0,1,双平,S,2796.2000,2796.0000,2795.0000,2794.8000,2794.2000,2796.8000,2797.0000,2797.2000,2797.4000,2797.6000,1,1,4,2,1,1,1,1,1,1
SF,IH2009,2020-06-09 09:33:30.900,2796.8000,17167,0,99783360.000,0,-,-,-,-,2796.2000,2796.0000,2795.0000,2794.8000,2794.2000,2796.8000,2797.0000,2797.2000,2797.4000,2797.6000,1,1,4,2,1,1,2,1,1,1
SF,IH2009,2020-06-09 09:33:31.400,2796.8000,17167,0,99783360.000,0,-,-,-,-,2796.2000,2796.0000,2795.0000,2794.8000,2794.2000,2796.8000,2797.0000,2797.2000,2797.4000,2797.6000,1,1,4,2,1,1,2,1,1,1
SF,IH2009,2020-06-09 09:33:31.900,2796.8000,17167,0,99783360.000,0,-,-,-,-,2796.2000,2795.0000,2794.8000,2794.2000,2793.6000,2796.8000,2797.0000,2797.2000,2797.4000,2797.6000,1,4,2,1,1,1,2,1,1,1
SF,IH2009,2020-06-09 09:33:32.400,2796.8000,17166,-1,100622400.000,1,0,1,双平,S,2796.2000,2795.0000,2794.8000,2794.2000,2793.6000,2797.0000,2797.2000,2797.4000,2797.6000,2797.8000,1,4,2,1,1,2,1,1,1,2
SF,IH2009,2020-06-09 09:33:32.900,2797.0000,17165,-1,101461500.000,1,0,1,双平,S,2796.2000,2795.0000,2794.8000,2794.2000,2793.6000,2797.2000,2797.4000,2797.6000,2797.8000,2798.0000,1,4,2,1,1,1,1,1,2,3
SF,IH2009,2020-06-09 09:33:33.400,2797.0000,17165,0,101461500.000,0,-,-,-,-,2796.4000,2796.2000,2795.0000,2794.8000,2794.2000,2797.2000,2797.4000,2797.6000,2797.8000,2798.0000,1,2,4,2,1,1,1,1,2,3
SF,IH2009,2020-06-09 09:33:33.900,2797.0000,17165,0,101461500.000,0,-,-,-,-,2796.6000,2796.4000,2796.2000,2795.0000,2794.8000,2797.2000,2797.4000,2797.6000,2797.8000,2798.0000,1,1,2,2,2,1,1,1,2,3
SF,IH2009,2020-06-09 09:33:34.400,2797.0000,17165,0,101461500.000,0,-,-,-,-,2797.0000,2796.4000,2796.2000,2795.0000,2794.8000,2797.2000,2797.4000,2797.6000,2797.8000,2798.0000,1,1,2,2,2,1,1,1,2,3
SF,IH2009,2020-06-09 09:33:34.900,2797.0000,17164,-1,102300600.000,1,0,1,双平,S,2796.2000,2795.0000,2794.8000,2794.2000,2793.0000,2797.0000,2797.2000,2797.4000,2797.6000,2797.8000,2,2,2,1,1,1,1,1,1,2
SF,IH2009,2020-06-09 09:33:35.400,2797.0000,17164,0,102300600.000,0,-,-,-,-,2796.6000,2796.4000,2796.2000,2795.0000,2794.8000,2797.0000,2797.2000,2797.4000,2797.6000,2797.8000,1,1,2,2,2,1,1,1,1,2
SF,IH2009,2020-06-09 09:33:35.900,2796.6000,17164,0,103139580.000,1,0,1,多换,S,2796.2000,2795.0000,2794.8000,2794.2000,2793.0000,2797.0000,2797.2000,2797.4000,2797.6000,2797.8000,2,2,2,1,1,1,1,1,2,2
SF,IH2009,2020-06-09 09:33:36.900,2797.0000,17163,-1,103978680.000,1,0,1,双平,S,2797.0000,2796.4000,2796.2000,2795.0000,2794.8000,2797.2000,2797.4000,2797.6000,2797.8000,2798.0000,1,1,2,2,2,1,1,2,2,3
SF,IH2009,2020-06-09 09:33:37.400,2797.0000,17162,-1,104817780.000,1,0,1,双平,S,2796.4000,2796.2000,2795.0000,2794.8000,2794.2000,2797.0000,2797.2000,2797.4000,2797.6000,2797.8000,1,2,2,2,1,4,1,1,2,2
SF,IH2009,2020-06-09 09:33:37.900,2796.4000,17160,-2,106495800.000,2,0,2,双平,S,2796.2000,2795.0000,2794.8000,2794.2000,2793.0000,2797.0000,2797.2000,2797.4000,2797.6000,2797.8000,1,2,2,1,1,1,1,1,2,2
SF,IH2009,2020-06-09 09:33:38.900,2796.4000,17160,0,106495800.000,0,-,-,-,-,2796.2000,2795.0000,2794.8000,2794.2000,2793.0000,2797.2000,2797.4000,2797.6000,2797.8000,2798.0000,1,2,2,1,1,1,1,2,2,3
SF,IH2009,2020-06-09 09:33:41.400,2796.4000,17160,0,106495800.000,0,-,-,-,-,2796.4000,2796.2000,2795.0000,2794.8000,2794.2000,2797.4000,2797.6000,2797.8000,2798.0000,2798.4000,1,1,2,2,1,1,2,2,3,1
SF,IH2009,2020-06-09 09:33:42.900,2796.4000,17160,0,106495800.000,0,-,-,-,-,2796.4000,2796.2000,2795.0000,2794.8000,2794.2000,2797.4000,2797.6000,2797.8000,2798.0000,2798.4000,1,1,2,2,1,1,2,2,3,1
SF,IH2009,2020-06-09 09:33:44.400,2796.4000,17160,0,106495800.000,0,-,-,-,-,2796.4000,2796.2000,2795.0000,2794.8000,2794.2000,2797.4000,2797.6000,2797.8000,2798.0000,2798.4000,1,1,2,2,1,1,2,2,3,1
SF,IH2009,2020-06-09 09:33:45.400,2796.4000,17160,0,106495800.000,0,-,-,-,-,2796.4000,2796.2000,2795.0000,2794.8000,2794.2000,2797.4000,2797.6000,2797.8000,2798.0000,2798.4000,1,1,2,2,1,1,2,2,3,1
SF,IH2009,2020-06-09 09:33:46.900,2796.4000,17160,0,106495800.000,0,-,-,-,-,2796.4000,2796.2000,2795.0000,2794.8000,2794.2000,2797.4000,2797.6000,2797.8000,2798.0000,2798.4000,1,1,2,2,1,1,2,2,3,1
SF,IH2009,2020-06-09 09:33:47.400,2796.4000,17160,0,106495800.000,0,-,-,-,-,2796.4000,2796.2000,2795.0000,2794.8000,2794.2000,2797.4000,2797.6000,2797.8000,2798.0000,2798.4000,1,2,2,2,1,1,2,2,3,1
SF,IH2009,2020-06-09 09:33:47.900,2796.4000,17160,0,106495800.000,0,-,-,-,-,2796.4000,2796.2000,2795.0000,2794.8000,2794.2000,2797.4000,2797.6000,2797.8000,2798.0000,2798.4000,1,2,2,2,1,1,2,2,3,1
SF,IH2009,2020-06-09 09:33:48.400,2796.4000,17160,0,106495800.000,0,-,-,-,-,2796.4000,2796.2000,2795.0000,2794.8000,2794.2000,2797.6000,2797.8000,2798.0000,2798.4000,2798.8000,1,2,2,2,1,2,2,4,1,1
SF,IH2009,2020-06-09 09:33:48.900,2796.4000,17160,0,106495800.000,0,-,-,-,-,2796.4000,2796.2000,2795.0000,2794.8000,2794.2000,2797.6000,2797.8000,2798.0000,2798.4000,2798.8000,1,2,2,2,1,2,2,4,1,1
SF,IH2009,2020-06-09 09:33:49.900,2796.4000,17160,0,106495800.000,0,-,-,-,-,2796.4000,2796.2000,2795.0000,2794.8000,2794.2000,2797.0000,2797.4000,2797.6000,2797.8000,2798.0000,1,2,2,2,1,1,1,2,2,4
SF,IH2009,2020-06-09 09:33:50.400,2796.4000,17160,0,106495800.000,0,-,-,-,-,2796.4000,2796.2000,2795.0000,2794.8000,2794.2000,2797.0000,2797.4000,2797.6000,2797.8000,2798.0000,1,2,2,2,1,1,1,2,2,4
SF,IH2009,2020-06-09 09:33:50.900,2797.0000,17160,0,107334900.000,1,0,1,多换,S,2796.4000,2796.2000,2795.0000,2794.8000,2794.2000,2797.4000,2797.6000,2797.8000,2798.0000,2798.4000,1,2,2,2,1,1,2,2,4,1
SF,IH2009,2020-06-09 09:33:51.400,2797.0000,17160,0,107334900.000,0,-,-,-,-,2797.0000,2796.4000,2796.2000,2795.0000,2794.8000,2797.2000,2797.4000,2797.6000,2797.8000,2798.0000,1,1,2,2,2,1,1,2,2,4
SF,IH2009,2020-06-09 09:33:51.900,2797.0000,17160,0,107334900.000,0,-,-,-,-,2797.0000,2796.4000,2796.2000,2796.0000,2795.0000,2797.2000,2797.6000,2797.8000,2798.0000,2798.4000,1,1,2,1,2,1,2,2,4,1
SF,IH2009,2020-06-09 09:33:52.400,2797.2000,17159,-1,108174060.000,1,0,1,双平,S,2797.0000,2796.4000,2796.2000,2796.0000,2795.2000,2797.6000,2797.8000,2798.0000,2798.4000,2798.8000,1,1,2,1,1,2,2,4,1,1
SF,IH2009,2020-06-09 09:33:53.400,2797.2000,17159,0,108174060.000,0,-,-,-,-,2797.0000,2796.4000,2796.2000,2796.0000,2795.2000,2797.6000,2797.8000,2798.0000,2798.4000,2798.8000,1,1,2,1,1,1,2,4,1,1
SF,IH2009,2020-06-09 09:33:54.400,2797.8000,17157,-2,109852680.000,2,0,2,双平,S,2797.0000,2796.4000,2796.2000,2796.0000,2795.2000,2798.0000,2798.4000,2798.8000,2799.2000,2799.6000,1,1,2,1,1,4,1,1,1,5
SF,IH2009,2020-06-09 09:33:54.900,2797.8000,17157,0,109852680.000,0,-,-,-,-,2797.0000,2796.4000,2796.2000,2796.0000,2795.2000,2797.4000,2798.0000,2798.4000,2798.8000,2799.2000,1,1,2,1,1,1,4,1,1,1
SF,IH2009,2020-06-09 09:33:55.400,2797.8000,17157,0,109852680.000,0,-,-,-,-,2797.0000,2796.4000,2796.2000,2796.0000,2795.2000,2797.4000,2798.0000,2798.4000,2798.8000,2799.2000,1,1,2,1,1,1,4,1,1,1
SF,IH2009,2020-06-09 09:33:57.900,2797.8000,17157,0,109852680.000,0,-,-,-,-,2797.0000,2796.4000,2796.2000,2796.0000,2795.2000,2797.4000,2798.0000,2798.4000,2798.8000,2799.2000,2,1,2,1,1,1,4,1,1,1
SF,IH2009,2020-06-09 09:33:58.400,2797.8000,17157,0,109852680.000,0,-,-,-,-,2797.0000,2796.4000,2796.2000,2796.0000,2795.2000,2797.4000,2798.0000,2798.4000,2798.8000,2799.2000,3,1,2,1,1,1,4,1,1,1
SF,IH2009,2020-06-09 09:33:58.900,2797.4000,17157,0,110691900.000,1,0,1,多换,S,2797.0000,2796.4000,2796.2000,2796.0000,2795.2000,2798.0000,2798.4000,2798.8000,2799.2000,2799.6000,2,1,2,1,1,4,1,1,1,5
SF,IH2009,2020-06-09 09:33:59.400,2797.4000,17157,0,110691900.000,0,-,-,-,-,2797.0000,2796.4000,2796.2000,2796.0000,2795.6000,2798.0000,2798.4000,2798.8000,2799.2000,2799.6000,2,1,2,1,1,4,1,2,1,5
SF,IH2009,2020-06-09 09:33:59.900,2797.4000,17157,0,110691900.000,0,-,-,-,-,2797.0000,2796.4000,2796.2000,2796.0000,2795.6000,2798.0000,2798.4000,2798.8000,2799.2000,2799.6000,2,1,2,1,1,4,1,2,1,5
SF,IH2009,2020-06-09 09:34:00.400,2797.4000,17157,0,110691900.000,0,-,-,-,-,2797.0000,2796.4000,2796.2000,2796.0000,2795.6000,2797.8000,2798.0000,2798.4000,2798.8000,2799.2000,2,1,2,1,1,1,4,1,2,1
SF,IH2009,2020-06-09 09:34:00.900,2797.0000,17156,-1,111531000.000,1,0,1,双平,S,2797.0000,2796.4000,2796.2000,2796.0000,2795.6000,2797.8000,2798.0000,2798.4000,2798.8000,2799.2000,1,1,2,1,1,1,4,1,2,1
SF,IH2009,2020-06-09 09:34:01.400,2797.0000,17156,0,112370100.000,1,0,1,多换,S,2796.4000,2796.2000,2796.0000,2795.6000,2795.2000,2797.8000,2798.0000,2798.4000,2798.8000,2799.2000,1,2,1,1,1,1,4,1,2,1
SF,IH2009,2020-06-09 09:34:01.900,2797.0000,17156,0,112370100.000,0,-,-,-,-,2796.4000,2796.2000,2796.0000,2795.6000,2795.2000,2797.0000,2797.6000,2797.8000,2798.0000,2798.4000,1,2,1,1,1,1,2,1,4,1
SF,IH2009,2020-06-09 09:34:02.400,2797.0000,17156,0,112370100.000,0,-,-,-,-,2796.4000,2796.2000,2796.0000,2795.6000,2795.2000,2797.6000,2797.8000,2798.0000,2798.4000,2798.8000,1,2,1,1,1,1,1,4,1,2
SF,IH2009,2020-06-09 09:34:02.900,2797.0000,17156,0,112370100.000,0,-,-,-,-,2796.4000,2796.2000,2796.0000,2795.6000,2795.2000,2797.4000,2797.6000,2798.0000,2798.4000,2798.8000,1,2,1,1,1,2,1,4,1,2
SF,IH2009,2020-06-09 09:34:04.400,2797.0000,17156,0,112370100.000,0,-,-,-,-,2796.4000,2796.2000,2796.0000,2795.6000,2795.2000,2797.4000,2797.6000,2798.0000,2798.4000,2798.8000,1,2,1,1,1,1,1,4,1,2
SF,IH2009,2020-06-09 09:34:04.900,2797.0000,17156,0,112370100.000,0,-,-,-,-,2796.4000,2796.2000,2796.0000,2795.6000,2795.2000,2797.4000,2798.0000,2798.4000,2798.8000,2799.2000,1,2,1,1,1,1,4,1,2,1
SF,IH2009,2020-06-09 09:34:05.400,2797.0000,17156,0,112370100.000,0,-,-,-,-,2796.4000,2796.2000,2796.0000,2795.6000,2795.2000,2797.2000,2797.8000,2798.0000,2798.4000,2798.8000,1,2,1,1,1,1,1,4,1,2
SF,IH2009,2020-06-09 09:34:05.900,2797.0000,17156,0,112370100.000,0,-,-,-,-,2796.2000,2796.0000,2795.6000,2795.2000,2795.0000,2797.2000,2797.8000,2798.0000,2798.4000,2798.8000,2,1,1,1,2,1,1,4,1,2
SF,IH2009,2020-06-09 09:34:06.400,2797.0000,17156,0,112370100.000,0,-,-,-,-,2796.2000,2796.0000,2795.6000,2795.2000,2795.0000,2797.8000,2798.0000,2798.4000,2798.8000,2799.2000,2,1,1,1,2,1,4,1,2,1
SF,IH2009,2020-06-09 09:34:06.900,2797.0000,17156,0,112370100.000,0,-,-,-,-,2796.2000,2796.0000,2795.6000,2795.2000,2795.0000,2797.4000,2797.6000,2797.8000,2798.0000,2798.4000,2,1,1,1,2,1,2,2,4,1
SF,IH2009,2020-06-09 09:34:07.400,2797.0000,17156,0,112370100.000,0,-,-,-,-,2796.2000,2796.0000,2795.6000,2795.2000,2795.0000,2797.4000,2797.6000,2797.8000,2798.0000,2798.4000,2,1,1,1,2,1,1,1,4,1
SF,IH2009,2020-06-09 09:34:07.900,2797.0000,17156,0,112370100.000,0,-,-,-,-,2796.4000,2796.2000,2796.0000,2795.6000,2795.2000,2797.4000,2797.8000,2798.0000,2798.4000,2798.8000,1,2,1,1,1,1,1,4,1,2
SF,IH2009,2020-06-09 09:34:08.900,2797.0000,17156,0,112370100.000,0,-,-,-,-,2796.6000,2796.4000,2796.2000,2796.0000,2795.6000,2797.4000,2797.8000,2798.0000,2798.4000,2798.8000,3,1,2,1,1,1,1,4,1,2
SF,IH2009,2020-06-09 09:34:09.400,2797.0000,17156,0,112370100.000,0,-,-,-,-,2796.6000,2796.4000,2796.2000,2796.0000,2795.6000,2797.4000,2797.8000,2798.0000,2798.4000,2798.8000,3,1,2,1,1,1,1,4,1,2
SF,IH2009,2020-06-09 09:34:09.900,2797.0000,17156,0,112370100.000,0,-,-,-,-,2796.6000,2796.2000,2796.0000,2795.6000,2795.2000,2797.4000,2797.8000,2798.0000,2798.4000,2798.8000,3,2,1,1,1,1,1,4,1,2
SF,IH2009,2020-06-09 09:34:10.400,2797.0000,17156,0,112370100.000,0,-,-,-,-,2796.8000,2796.6000,2796.2000,2796.0000,2795.6000,2797.4000,2798.0000,2798.4000,2798.8000,2799.2000,3,3,2,1,1,1,4,1,2,1
SF,IH2009,2020-06-09 09:34:10.900,2797.0000,17156,0,112370100.000,0,-,-,-,-,2796.8000,2796.6000,2796.2000,2796.0000,2795.6000,2798.0000,2798.4000,2798.8000,2799.2000,2799.6000,3,3,2,1,1,4,1,2,1,5
SF,IH2009,2020-06-09 09:34:11.400,2797.0000,17156,0,112370100.000,0,-,-,-,-,2796.8000,2796.6000,2796.2000,2796.0000,2795.6000,2797.8000,2798.0000,2798.4000,2798.8000,2799.2000,3,3,2,1,1,2,4,1,2,1
SF,IH2009,2020-06-09 09:34:13.400,2797.0000,17156,0,112370100.000,0,-,-,-,-,2796.8000,2796.6000,2796.2000,2796.0000,2795.6000,2797.8000,2798.0000,2798.4000,2798.8000,2799.2000,3,3,2,1,1,1,4,1,2,1
SF,IH2009,2020-06-09 09:34:15.900,2797.0000,17156,0,112370100.000,0,-,-,-,-,2796.8000,2796.6000,2796.2000,2796.0000,2795.6000,2797.8000,2798.0000,2798.4000,2798.8000,2799.2000,3,3,2,1,1,1,4,1,2,1
SF,IH2009,2020-06-09 09:34:16.900,2797.0000,17156,0,112370100.000,0,-,-,-,-,2796.8000,2796.6000,2796.2000,2796.0000,2795.6000,2797.8000,2798.0000,2798.4000,2798.8000,2799.2000,3,3,2,1,1,1,5,1,2,1
SF,IH2009,2020-06-09 09:34:17.400,2797.0000,17156,0,112370100.000,0,-,-,-,-,2796.8000,2796.6000,2796.2000,2796.0000,2795.6000,2797.8000,2798.0000,2798.4000,2798.8000,2799.2000,3,3,2,2,1,1,5,1,2,1
SF,IH2009,2020-06-09 09:34:17.900,2797.0000,17156,0,112370100.000,0,-,-,-,-,2797.0000,2796.8000,2796.6000,2796.2000,2796.0000,2797.8000,2798.0000,2798.4000,2798.8000,2799.2000,3,3,3,2,2,1,5,1,2,1
SF,IH2009,2020-06-09 09:34:18.400,2797.0000,17156,0,112370100.000,0,-,-,-,-,2797.0000,2796.8000,2796.6000,2796.2000,2796.0000,2798.0000,2798.4000,2798.8000,2799.2000,2799.6000,3,3,3,2,2,5,1,2,1,5
SF,IH2009,2020-06-09 09:34:18.900,2797.0000,17156,0,112370100.000,0,-,-,-,-,2797.0000,2796.8000,2796.2000,2796.0000,2795.6000,2798.0000,2798.4000,2798.8000,2799.2000,2799.6000,3,3,2,2,1,5,1,2,1,5
SF,IH2009,2020-06-09 09:34:19.400,2797.0000,17156,0,112370100.000,0,-,-,-,-,2797.0000,2796.8000,2796.2000,2796.0000,2795.6000,2798.0000,2798.4000,2798.8000,2799.2000,2799.6000,3,3,2,2,1,5,1,2,1,5
SF,IH2009,2020-06-09 09:34:20.400,2797.0000,17156,0,112370100.000,0,-,-,-,-,2797.0000,2796.8000,2796.2000,2796.0000,2795.6000,2798.0000,2798.4000,2798.8000,2799.2000,2799.6000,4,3,2,2,1,5,1,2,1,5
SF,IH2009,2020-06-09 09:34:20.900,2797.0000,17155,-1,113209200.000,1,0,1,双平,S,2797.0000,2796.8000,2796.2000,2796.0000,2795.6000,2798.0000,2798.4000,2798.8000,2799.2000,2799.6000,4,3,2,2,1,5,1,2,1,5
SF,IH2009,2020-06-09 09:34:21.400,2797.0000,17155,0,113209200.000,0,-,-,-,-,2797.6000,2797.4000,2797.2000,2797.0000,2796.8000,2798.0000,2798.4000,2798.8000,2799.2000,2799.6000,1,2,3,4,3,5,1,2,1,5
SF,IH2009,2020-06-09 09:34:21.900,2798.0000,17154,-1,114048600.000,1,0,1,双平,S,2797.8000,2797.6000,2797.2000,2797.0000,2796.8000,2798.0000,2798.4000,2798.8000,2799.2000,2799.6000,6,1,3,4,3,4,1,2,1,5
SF,IH2009,2020-06-09 09:34:22.400,2798.0000,17152,-2,115727400.000,2,0,2,双平,S,2797.8000,2797.6000,2797.2000,2797.0000,2796.8000,2798.0000,2798.4000,2798.8000,2799.2000,2799.6000,6,2,2,4,3,2,1,2,1,5
SF,IH2009,2020-06-09 09:34:22.900,2798.0000,17151,-1,117406200.000,2,0,2,多平,S,2798.0000,2797.8000,2797.6000,2797.2000,2797.0000,2798.4000,2798.8000,2799.2000,2799.6000,2800.0000,1,6,2,2,4,1,2,1,5,6
SF,IH2009,2020-06-09 09:34:23.400,2798.0000,17151,0,117406200.000,0,-,-,-,-,2797.8000,2797.6000,2797.2000,2797.0000,2796.8000,2798.8000,2799.2000,2799.6000,2800.0000,2802.8000,6,2,2,4,3,2,1,5,6,1
SF,IH2009,2020-06-09 09:34:23.900,2798.0000,17151,0,117406200.000,0,-,-,-,-,2797.8000,2797.6000,2797.2000,2797.0000,2796.8000,2798.8000,2799.2000,2799.6000,2800.0000,2802.8000,6,2,2,4,3,2,1,6,6,1
SF,IH2009,2020-06-09 09:34:24.400,2798.0000,17151,0,117406200.000,0,-,-,-,-,2797.8000,2797.6000,2797.2000,2797.0000,2796.8000,2798.8000,2799.2000,2799.6000,2800.0000,2800.6000,6,1,2,4,3,2,1,6,6,1
SF,IH2009,2020-06-09 09:34:24.900,2798.0000,17151,0,117406200.000,0,-,-,-,-,2798.0000,2797.8000,2797.6000,2797.2000,2797.0000,2798.8000,2799.2000,2799.6000,2800.0000,2800.6000,3,6,1,2,4,2,1,6,6,1
SF,IH2009,2020-06-09 09:34:25.400,2798.0000,17151,0,117406200.000,0,-,-,-,-,2798.0000,2797.8000,2797.6000,2797.2000,2797.0000,2798.8000,2799.2000,2799.6000,2800.0000,2800.6000,3,6,1,2,4,1,1,6,6,1
SF,IH2009,2020-06-09 09:34:25.900,2798.0000,17151,0,117406200.000,0,-,-,-,-,2798.6000,2798.2000,2798.0000,2797.8000,2797.6000,2798.8000,2799.2000,2799.6000,2800.0000,2800.6000,2,2,3,7,1,1,1,6,6,1
SF,IH2009,2020-06-09 09:34:26.400,2798.0000,17151,0,117406200.000,0,-,-,-,-,2798.0000,2797.8000,2797.6000,2797.2000,2797.0000,2798.6000,2798.8000,2799.2000,2799.6000,2800.0000,3,7,1,2,4,3,1,1,6,6
SF,IH2009,2020-06-09 09:34:26.900,2798.8000,17151,0,119085480.000,2,1,1,多换,S,2798.8000,2798.2000,2798.0000,2797.8000,2797.6000,2799.2000,2799.6000,2800.0000,2800.6000,2802.8000,1,2,3,6,1,1,6,6,1,1
SF,IH2009,2020-06-09 09:34:27.400,2798.8000,17151,0,119925120.000,1,0,1,多换,S,2798.2000,2798.0000,2797.8000,2797.6000,2797.2000,2798.8000,2799.2000,2799.6000,2800.0000,2800.6000,1,4,6,1,2,1,1,6,6,1
SF,IH2009,2020-06-09 09:34:27.900,2798.8000,17151,0,119925120.000,0,-,-,-,-,2798.4000,2798.2000,2798.0000,2797.8000,2797.6000,2798.8000,2799.2000,2799.6000,2800.0000,2800.6000,2,2,4,3,1,1,1,6,6,1
SF,IH2009,2020-06-09 09:34:28.400,2798.8000,17151,0,119925120.000,0,-,-,-,-,2798.4000,2798.2000,2798.0000,2797.6000,2797.2000,2798.8000,2799.2000,2799.6000,2800.0000,2800.6000,5,2,4,1,2,1,1,6,6,1
SF,IH2009,2020-06-09 09:34:28.900,2798.8000,17151,0,119925120.000,0,-,-,-,-,2798.6000,2798.4000,2798.2000,2798.0000,2797.6000,2798.8000,2799.2000,2799.6000,2800.0000,2800.6000,4,5,2,4,1,1,1,6,6,1
SF,IH2009,2020-06-09 09:34:29.400,2798.8000,17151,0,120764760.000,1,0,1,多换,S,2798.6000,2798.4000,2798.2000,2798.0000,2797.6000,2799.2000,2799.6000,2800.0000,2800.6000,2802.8000,4,5,2,4,1,1,6,6,1,1
SF,IH2009,2020-06-09 09:34:29.900,2798.8000,17151,0,120764760.000,0,-,-,-,-,2798.6000,2798.4000,2798.2000,2798.0000,2797.6000,2799.2000,2799.6000,2800.0000,2800.6000,2801.0000,4,3,2,4,1,1,6,6,1,1
SF,IH2009,2020-06-09 09:34:30.400,2798.8000,17151,0,120764760.000,0,-,-,-,-,2798.6000,2798.4000,2798.2000,2798.0000,2797.6000,2799.6000,2800.0000,2800.6000,2801.0000,2802.8000,4,3,2,4,1,6,6,1,1,1
SF,IH2009,2020-06-09 09:34:30.900,2798.8000,17151,0,120764760.000,0,-,-,-,-,2798.6000,2798.4000,2798.2000,2798.0000,2797.6000,2799.6000,2800.0000,2800.6000,2801.0000,2801.4000,4,3,2,4,1,6,6,1,1,1
SF,IH2009,2020-06-09 09:34:32.400,2798.8000,17151,0,120764760.000,0,-,-,-,-,2798.6000,2798.4000,2798.2000,2798.0000,2797.6000,2799.6000,2800.0000,2800.6000,2801.0000,2801.4000,3,3,2,4,1,6,6,1,1,1
SF,IH2009,2020-06-09 09:34:33.900,2798.8000,17151,0,120764760.000,0,-,-,-,-,2799.0000,2798.6000,2798.4000,2798.2000,2798.0000,2799.6000,2800.0000,2800.6000,2801.0000,2801.4000,1,3,3,2,4,6,6,1,1,1
SF,IH2009,2020-06-09 09:34:34.400,2799.0000,17151,0,121604460.000,1,0,1,多换,S,2798.6000,2798.4000,2798.2000,2798.0000,2797.6000,2799.6000,2800.0000,2800.6000,2801.0000,2801.4000,3,3,2,4,1,6,6,1,1,1
SF,IH2009,2020-06-09 09:34:35.400,2799.0000,17151,0,121604460.000,0,-,-,-,-,2798.6000,2798.4000,2798.2000,2798.0000,2797.6000,2799.6000,2800.0000,2800.6000,2801.0000,2801.4000,3,3,2,4,1,6,6,1,1,1
SF,IH2009,2020-06-09 09:34:35.900,2799.0000,17151,0,121604460.000,0,-,-,-,-,2798.6000,2798.4000,2798.2000,2798.0000,2797.6000,2799.4000,2799.6000,2800.0000,2800.6000,2801.0000,3,3,2,4,1,1,6,6,1,1
SF,IH2009,2020-06-09 09:34:38.400,2799.0000,17151,0,121604460.000,0,-,-,-,-,2798.6000,2798.4000,2798.2000,2798.0000,2797.6000,2799.4000,2799.6000,2800.0000,2800.6000,2801.0000,3,3,1,4,1,1,6,6,1,1
SF,IH2009,2020-06-09 09:34:39.400,2798.6000,17150,-1,122444040.000,1,0,1,双平,S,2798.6000,2798.4000,2798.2000,2798.0000,2797.6000,2799.4000,2799.6000,2800.0000,2800.6000,2801.0000,2,3,1,4,1,1,6,6,1,1
SF,IH2009,2020-06-09 09:34:41.400,2799.2000,17149,-1,123283800.000,1,0,1,双平,S,2798.6000,2798.4000,2798.2000,2798.0000,2797.6000,2799.4000,2799.6000,2800.0000,2800.6000,2801.0000,2,3,1,4,1,1,6,6,1,1
SF,IH2009,2020-06-09 09:34:41.900,2799.2000,17149,0,123283800.000,0,-,-,-,-,2798.8000,2798.6000,2798.4000,2798.2000,2798.0000,2799.2000,2799.4000,2799.6000,2800.0000,2800.6000,3,2,3,1,1,1,1,6,6,1
SF,IH2009,2020-06-09 09:34:42.400,2798.6000,17144,-5,127481880.000,5,0,5,双平,S,2798.4000,2798.0000,2797.0000,2796.0000,2795.0000,2798.8000,2799.2000,2799.6000,2800.0000,2800.6000,3,1,4,1,1,5,1,6,6,1
SF,IH2009,2020-06-09 09:34:42.900,2798.8000,17144,0,128321520.000,1,0,1,多换,S,2798.4000,2798.0000,2797.0000,2796.0000,2795.0000,2798.8000,2799.0000,2799.6000,2800.0000,2800.6000,3,1,4,1,1,1,1,6,6,1
SF,IH2009,2020-06-09 09:34:43.400,2798.4000,17142,-2,130840080.000,3,0,3,多平,S,2798.0000,2797.0000,2796.0000,2795.0000,2794.8000,2798.4000,2798.6000,2799.0000,2799.6000,2800.0000,1,4,1,1,1,1,1,1,6,6
SF,IH2009,2020-06-09 09:34:43.900,2798.0000,17143,1,131679480.000,1,1,0,双开,S,2797.0000,2796.0000,2795.0000,2794.8000,2794.6000,2798.4000,2798.6000,2799.0000,2799.6000,2800.0000,4,1,1,1,1,2,1,1,6,6
SF,IH2009,2020-06-09 09:34:44.400,2798.0000,17143,0,131679480.000,0,-,-,-,-,2797.2000,2797.0000,2796.0000,2795.0000,2794.8000,2798.4000,2799.0000,2799.6000,2800.0000,2800.6000,1,4,1,1,1,2,1,6,6,1
SF,IH2009,2020-06-09 09:34:44.900,2798.0000,17143,0,131679480.000,0,-,-,-,-,2797.0000,2796.0000,2795.0000,2794.8000,2794.6000,2797.8000,2798.2000,2798.4000,2799.0000,2799.6000,3,1,1,1,1,1,1,2,1,6
SF,IH2009,2020-06-09 09:34:45.400,2798.0000,17143,0,131679480.000,0,-,-,-,-,2797.0000,2796.0000,2795.0000,2794.8000,2794.6000,2797.8000,2798.4000,2799.0000,2799.6000,2800.0000,3,1,1,1,1,1,2,1,6,7
SF,IH2009,2020-06-09 09:34:45.900,2798.0000,17143,0,131679480.000,0,-,-,-,-,2797.2000,2797.0000,2796.0000,2795.0000,2794.8000,2798.4000,2799.0000,2799.6000,2800.0000,2802.8000,1,4,1,1,1,2,1,6,7,1
SF,IH2009,2020-06-09 09:34:46.400,2798.0000,17143,0,131679480.000,0,-,-,-,-,2797.0000,2796.0000,2795.0000,2794.8000,2794.6000,2797.8000,2798.2000,2798.4000,2799.0000,2799.6000,3,1,1,1,1,1,1,2,1,6
SF,IH2009,2020-06-09 09:34:46.900,2798.0000,17143,0,131679480.000,0,-,-,-,-,2797.0000,2796.0000,2795.0000,2794.8000,2794.6000,2797.8000,2798.2000,2798.4000,2799.0000,2799.6000,3,1,1,1,1,1,1,2,1,6
SF,IH2009,2020-06-09 09:34:47.400,2798.0000,17143,0,131679480.000,0,-,-,-,-,2797.0000,2796.0000,2795.0000,2794.8000,2794.6000,2797.6000,2797.8000,2798.4000,2799.0000,2799.6000,3,1,1,1,1,1,1,2,1,6
SF,IH2009,2020-06-09 09:34:47.900,2798.0000,17143,0,131679480.000,0,-,-,-,-,2797.0000,2796.0000,2795.0000,2794.8000,2794.6000,2797.6000,2798.4000,2799.0000,2799.6000,2800.0000,3,1,1,1,1,1,2,1,6,6
SF,IH2009,2020-06-09 09:34:48.400,2797.2000,17142,-1,133357740.000,2,0,2,多平,S,2797.0000,2796.0000,2795.0000,2794.8000,2794.6000,2798.2000,2798.4000,2799.0000,2799.6000,2800.0000,2,1,1,1,1,1,1,1,6,6
SF,IH2009,2020-06-09 09:34:48.900,2797.2000,17142,0,133357740.000,0,-,-,-,-,2797.0000,2796.0000,2795.0000,2794.8000,2794.6000,2798.0000,2798.2000,2798.4000,2799.0000,2799.6000,2,1,1,1,1,2,1,1,2,6
SF,IH2009,2020-06-09 09:34:49.400,2797.2000,17142,0,133357740.000,0,-,-,-,-,2797.0000,2796.0000,2795.0000,2794.8000,2794.6000,2798.0000,2798.2000,2798.4000,2799.0000,2799.6000,2,1,1,1,1,2,2,1,2,6
SF,IH2009,2020-06-09 09:34:49.900,2797.2000,17142,0,133357740.000,0,-,-,-,-,2797.0000,2796.0000,2795.0000,2794.8000,2794.6000,2798.0000,2798.2000,2798.4000,2799.0000,2799.6000,2,1,1,1,1,2,2,1,2,6
SF,IH2009,2020-06-09 09:34:50.400,2797.2000,17142,0,133357740.000,0,-,-,-,-,2797.0000,2796.0000,2795.0000,2794.8000,2794.6000,2798.0000,2798.2000,2798.4000,2799.0000,2799.6000,2,1,1,1,1,2,1,1,2,6
SF,IH2009,2020-06-09 09:34:50.900,2797.2000,17142,0,133357740.000,0,-,-,-,-,2797.0000,2796.0000,2795.0000,2794.8000,2794.6000,2798.0000,2798.2000,2798.4000,2799.0000,2799.6000,2,1,1,1,1,2,1,1,2,6
SF,IH2009,2020-06-09 09:34:52.400,2797.2000,17142,0,133357740.000,0,-,-,-,-,2797.0000,2796.0000,2795.0000,2794.8000,2794.6000,2798.0000,2798.2000,2798.4000,2799.0000,2799.6000,2,1,1,1,1,3,1,1,2,6
SF,IH2009,2020-06-09 09:34:52.900,2797.2000,17142,0,133357740.000,0,-,-,-,-,2797.0000,2796.0000,2795.0000,2794.8000,2794.6000,2798.0000,2798.4000,2799.0000,2799.6000,2800.0000,2,1,1,1,1,2,1,1,6,6
SF,IH2009,2020-06-09 09:34:53.900,2797.2000,17142,0,133357740.000,0,-,-,-,-,2797.0000,2796.0000,2795.0000,2794.8000,2794.6000,2797.8000,2798.0000,2798.4000,2798.8000,2799.0000,2,1,1,1,1,1,2,1,1,1
SF,IH2009,2020-06-09 09:34:54.400,2797.2000,17142,0,133357740.000,0,-,-,-,-,2797.0000,2796.0000,2795.0000,2794.8000,2794.6000,2797.8000,2798.0000,2798.4000,2798.8000,2799.0000,2,1,1,1,1,1,2,1,1,1
SF,IH2009,2020-06-09 09:34:54.900,2797.0000,17140,-2,135035940.000,2,0,2,双平,S,2796.0000,2795.0000,2794.8000,2794.6000,2791.6000,2797.6000,2797.8000,2798.0000,2798.4000,2798.8000,1,1,1,1,1,1,1,1,1,1
SF,IH2009,2020-06-09 09:34:55.400,2797.0000,17140,0,135035940.000,0,-,-,-,-,2796.2000,2796.0000,2795.0000,2794.8000,2794.6000,2797.6000,2797.8000,2798.0000,2798.4000,2798.8000,1,2,1,1,1,1,1,1,1,1
SF,IH2009,2020-06-09 09:34:55.900,2797.0000,17140,0,135035940.000,0,-,-,-,-,2796.4000,2796.2000,2796.0000,2795.0000,2794.8000,2797.6000,2797.8000,2798.4000,2798.8000,2799.0000,1,1,2,1,1,1,1,1,1,1
SF,IH2009,2020-06-09 09:34:56.400,2797.0000,17140,0,135035940.000,0,-,-,-,-,2796.0000,2795.0000,2794.8000,2794.6000,2791.6000,2797.4000,2797.6000,2797.8000,2798.4000,2798.8000,2,1,1,1,1,2,1,1,1,1
SF,IH2009,2020-06-09 09:34:56.900,2797.0000,17140,0,135035940.000,0,-,-,-,-,2796.2000,2796.0000,2795.0000,2794.8000,2794.6000,2797.2000,2797.4000,2797.8000,2798.4000,2798.8000,1,1,1,1,1,2,2,1,1,1
SF,IH2009,2020-06-09 09:34:57.400,2797.0000,17140,0,135035940.000,0,-,-,-,-,2796.0000,2795.0000,2794.8000,2794.6000,2791.6000,2797.2000,2797.4000,2797.8000,2798.4000,2798.8000,1,1,1,1,1,3,1,1,1,1
SF,IH2009,2020-06-09 09:34:57.900,2797.0000,17140,0,135035940.000,0,-,-,-,-,2796.0000,2795.0000,2794.8000,2794.6000,2791.6000,2797.0000,2797.2000,2797.8000,2798.4000,2798.8000,1,1,1,1,1,2,3,1,1,1
SF,IH2009,2020-06-09 09:34:58.900,2797.0000,17140,0,135035940.000,0,-,-,-,-,2796.0000,2795.0000,2794.8000,2794.6000,2791.6000,2797.0000,2797.2000,2797.8000,2798.4000,2798.8000,1,1,1,1,1,2,2,1,1,1
SF,IH2009,2020-06-09 09:34:59.400,2797.0000,17140,0,135035940.000,0,-,-,-,-,2796.2000,2796.0000,2795.0000,2794.8000,2794.6000,2797.0000,2797.2000,2797.8000,2798.4000,2798.8000,1,1,1,1,1,2,2,1,1,1
SF,IH2009,2020-06-09 09:34:59.900,2797.0000,17140,0,135035940.000,0,-,-,-,-,2796.0000,2795.0000,2794.8000,2794.6000,2791.6000,2797.0000,2797.2000,2797.8000,2798.4000,2798.8000,1,1,1,1,1,2,2,1,1,1
SF,IH2009,2020-06-09 09:35:00.400,2796.2000,17139,-1,135874800.000,1,0,1,双平,S,2796.0000,2795.0000,2794.8000,2794.6000,2791.6000,2797.0000,2797.2000,2797.8000,2798.4000,2798.8000,1,1,1,1,1,1,1,1,1,1
SF,IH2009,2020-06-09 09:35:00.900,2796.2000,17139,0,135874800.000,0,-,-,-,-,2796.0000,2795.0000,2794.8000,2794.6000,2791.6000,2796.6000,2797.0000,2797.2000,2797.8000,2798.4000,1,1,1,1,1,1,1,1,1,1
SF,IH2009,2020-06-09 09:35:01.400,2796.2000,17139,0,135874800.000,0,-,-,-,-,2796.6000,2796.0000,2795.0000,2794.8000,2794.6000,2797.2000,2797.8000,2798.4000,2798.8000,2799.6000,1,1,1,1,1,2,1,1,1,5
SF,IH2009,2020-06-09 09:35:01.900,2796.2000,17139,0,135874800.000,0,-,-,-,-,2796.6000,2796.0000,2795.0000,2794.8000,2794.6000,2797.0000,2797.2000,2797.8000,2798.4000,2798.8000,1,1,1,1,1,1,2,1,1,1
SF,IH2009,2020-06-09 09:35:02.400,2796.2000,17139,0,135874800.000,0,-,-,-,-,2796.6000,2796.0000,2795.0000,2794.8000,2794.6000,2797.2000,2797.8000,2798.4000,2798.8000,2799.6000,1,1,1,1,1,1,1,1,1,5
SF,IH2009,2020-06-09 09:35:03.400,2797.2000,17138,-1,136713960.000,1,0,1,双平,S,2796.0000,2795.6000,2795.0000,2794.8000,2794.6000,2797.8000,2798.4000,2798.8000,2799.6000,2800.0000,1,1,1,1,1,1,1,1,5,5
SF,IH2009,2020-06-09 09:35:03.900,2797.2000,17138,0,136713960.000,0,-,-,-,-,2796.8000,2796.2000,2796.0000,2795.6000,2795.0000,2797.4000,2797.6000,2797.8000,2798.4000,2798.8000,1,1,1,1,1,2,1,1,1,1
SF,IH2009,2020-06-09 09:35:04.400,2797.2000,17138,0,136713960.000,0,-,-,-,-,2796.8000,2796.0000,2795.6000,2795.0000,2794.8000,2797.4000,2797.8000,2798.4000,2798.8000,2799.6000,1,1,1,1,1,2,1,1,1,5
SF,IH2009,2020-06-09 09:35:05.900,2797.2000,17138,0,136713960.000,0,-,-,-,-,2796.8000,2796.0000,2795.6000,2795.0000,2794.8000,2797.4000,2797.8000,2798.4000,2798.8000,2799.6000,1,1,1,1,1,1,1,1,1,5
SF,IH2009,2020-06-09 09:35:06.400,2797.2000,17138,0,136713960.000,0,-,-,-,-,2796.0000,2795.6000,2795.0000,2794.8000,2794.6000,2797.8000,2798.4000,2798.8000,2799.6000,2800.0000,1,1,1,1,1,1,1,1,5,5
SF,IH2009,2020-06-09 09:35:06.900,2797.2000,17138,0,136713960.000,0,-,-,-,-,2797.4000,2796.2000,2796.0000,2795.6000,2795.0000,2798.4000,2798.8000,2799.6000,2800.0000,2802.8000,1,2,1,1,1,1,1,5,5,1
SF,IH2009,2020-06-09 09:35:07.400,2797.2000,17138,0,136713960.000,0,-,-,-,-,2796.0000,2795.6000,2795.0000,2794.8000,2794.6000,2798.0000,2798.2000,2798.4000,2798.8000,2799.6000,1,1,1,1,1,1,1,1,1,5
SF,IH2009,2020-06-09 09:35:07.900,2797.2000,17138,0,136713960.000,0,-,-,-,-,2796.2000,2796.0000,2795.6000,2795.0000,2794.8000,2798.4000,2798.8000,2799.6000,2800.0000,2802.8000,3,1,1,1,1,1,1,5,5,1
SF,IH2009,2020-06-09 09:35:08.400,2797.2000,17138,0,136713960.000,0,-,-,-,-,2796.6000,2796.2000,2796.0000,2795.6000,2795.0000,2798.4000,2798.8000,2799.6000,2800.0000,2802.8000,1,1,1,1,1,1,1,5,5,1
SF,IH2009,2020-06-09 09:35:08.900,2797.2000,17138,0,136713960.000,0,-,-,-,-,2796.8000,2796.6000,2796.2000,2796.0000,2795.6000,2798.2000,2798.4000,2798.8000,2799.6000,2800.0000,1,1,1,1,1,1,1,1,5,5
SF,IH2009,2020-06-09 09:35:09.400,2797.2000,17138,0,136713960.000,0,-,-,-,-,2796.6000,2796.2000,2796.0000,2795.6000,2795.0000,2798.0000,2798.4000,2798.8000,2799.6000,2800.0000,1,1,1,1,1,1,1,1,5,5
SF,IH2009,2020-06-09 09:35:09.900,2797.2000,17138,0,136713960.000,0,-,-,-,-,2796.8000,2796.6000,2796.2000,2796.0000,2795.6000,2798.4000,2798.8000,2799.6000,2800.0000,2802.8000,1,1,1,1,1,1,1,5,5,1
SF,IH2009,2020-06-09 09:35:10.400,2797.2000,17138,0,136713960.000,0,-,-,-,-,2796.0000,2795.6000,2795.0000,2794.8000,2794.6000,2798.0000,2798.2000,2798.4000,2798.8000,2799.6000,1,1,1,1,1,1,2,1,1,5
SF,IH2009,2020-06-09 09:35:10.900,2797.2000,17138,0,136713960.000,0,-,-,-,-,2796.2000,2796.0000,2795.6000,2795.0000,2794.8000,2797.8000,2798.4000,2798.8000,2799.6000,2800.0000,2,1,1,1,1,1,1,1,5,5
SF,IH2009,2020-06-09 09:35:11.400,2797.2000,17138,0,136713960.000,0,-,-,-,-,2797.0000,2796.4000,2796.2000,2796.0000,2795.6000,2798.4000,2798.8000,2799.6000,2800.0000,2802.8000,1,1,1,1,1,1,1,5,5,1
SF,IH2009,2020-06-09 09:35:11.900,2797.2000,17138,0,136713960.000,0,-,-,-,-,2797.0000,2796.0000,2795.6000,2795.0000,2794.8000,2797.8000,2798.0000,2798.2000,2798.4000,2798.8000,1,1,1,1,1,1,2,2,1,1
SF,IH2009,2020-06-09 09:35:12.400,2797.2000,17138,0,136713960.000,0,-,-,-,-,2797.0000,2796.0000,2795.6000,2795.0000,2794.8000,2797.8000,2798.0000,2798.2000,2798.4000,2798.8000,1,1,1,1,1,1,2,1,1,1
SF,IH2009,2020-06-09 09:35:12.900,2797.2000,17138,0,136713960.000,0,-,-,-,-,2797.0000,2796.0000,2795.6000,2795.0000,2794.8000,2797.8000,2798.0000,2798.4000,2798.8000,2799.6000,1,1,1,1,1,1,2,1,1,5
SF,IH2009,2020-06-09 09:35:13.400,2797.2000,17138,0,136713960.000,0,-,-,-,-,2797.0000,2796.0000,2795.6000,2795.0000,2794.8000,2797.6000,2797.8000,2798.0000,2798.4000,2798.8000,1,1,1,1,1,2,1,1,1,1
SF,IH2009,2020-06-09 09:35:13.900,2797.2000,17138,0,136713960.000,0,-,-,-,-,2797.0000,2795.6000,2795.0000,2794.8000,2794.6000,2797.6000,2797.8000,2798.0000,2798.4000,2798.8000,1,1,1,1,1,2,1,1,1,1
SF,IH2009,2020-06-09 09:35:14.400,2797.2000,17138,0,136713960.000,0,-,-,-,-,2797.0000,2795.6000,2795.0000,2794.8000,2794.6000,2797.6000,2797.8000,2798.4000,2798.8000,2799.6000,1,1,1,1,1,1,1,1,1,5
