市场代码,合约代码,时间,最新,持仓,增仓,成交额,成交量,开仓,平仓,成交类型,方向,买一价,买二价,买三价,买四价,买五价,卖一价,卖二价,卖三价,卖四价,卖五价,买一量,买二量,买三量,买四量,买五量,卖一量,卖二量,卖三量,卖四量,卖五量
SF,IH2010,2020-08-28 09:29:00.000,3278.6000,708,0,0.000,0.000,-,-,-,-,3275.8000,3274.0000,3272.2000,3269.2000,3268.8000,3284.8000,3286.0000,3286.8000,3288.0000,3289.0000,1,1,1,4,1,1,1,4,1,1
SF,IH2010,2020-08-28 09:30:00.500,3278.6000,708,0,0.000,0,-,-,-,-,3276.2000,3276.0000,3275.8000,3274.0000,3268.0000,3284.2000,3284.8000,3298.0000,3305.0000,3361.0000,2,1,1,1,1,1,1,1,6,1
SF,IH2010,2020-08-28 09:30:01.000,3278.6000,708,0,0.000,0,-,-,-,-,3276.4000,3276.2000,3274.0000,3268.0000,3266.2000,3284.8000,3298.0000,3305.0000,3361.0000,3373.2000,5,1,1,1,2,1,1,6,1,1
SF,IH2010,2020-08-28 09:30:01.500,3278.6000,708,0,0.000,0,-,-,-,-,3276.6000,3276.4000,3276.2000,3274.0000,3268.0000,3280.0000,3284.8000,3298.0000,3305.0000,3361.0000,1,5,1,1,1,1,2,1,6,1
SF,IH2010,2020-08-28 09:30:02.000,3278.6000,708,0,0.000,0,-,-,-,-,3280.0000,3276.8000,3276.4000,3274.0000,3271.8000,3284.8000,3287.0000,3305.0000,3350.8000,3361.0000,3,3,3,1,5,1,5,6,1,1
SF,IH2010,2020-08-28 09:30:02.500,3280.2000,707,-1,984060.000,1,0,1,双平,S,3280.2000,3274.0000,3268.0000,3266.2000,3261.0000,3280.8000,3281.4000,3281.8000,3282.2000,3284.8000,2,1,6,2,1,1,2,1,1,1
SF,IH2010,2020-08-28 09:30:03.000,3280.2000,706,-1,1968120.000,1,0,1,双平,S,3274.0000,3268.0000,3266.2000,3261.0000,3253.0000,3280.0000,3280.2000,3284.8000,3287.0000,3305.0000,1,6,2,1,3,2,2,1,5,6
SF,IH2010,2020-08-28 09:30:03.500,3280.0000,704,-2,3936120.000,2,0,2,双平,S,3280.0000,3276.8000,3276.0000,3274.2000,3274.0000,3280.2000,3284.8000,3287.0000,3305.0000,3350.8000,1,1,1,1,1,1,1,5,6,1
SF,IH2010,2020-08-28 09:30:04.000,3280.2000,702,-2,5904180.000,2,0,2,双平,S,3274.2000,3274.0000,3268.0000,3266.2000,3261.0000,3284.8000,3287.0000,3305.0000,3350.8000,3361.0000,1,1,6,2,1,1,5,6,1,1
SF,IH2010,2020-08-28 09:30:04.500,3280.2000,702,0,5904180.000,0,-,-,-,-,3274.4000,3274.0000,3268.0000,3266.2000,3261.0000,3279.2000,3279.4000,3279.6000,3279.8000,3284.6000,1,1,6,2,1,2,1,1,1,3
SF,IH2010,2020-08-28 09:30:05.000,3280.2000,702,0,5904180.000,0,-,-,-,-,3274.4000,3274.0000,3268.0000,3266.2000,3261.0000,3279.0000,3279.8000,3284.8000,3287.0000,3305.0000,1,1,6,2,1,1,1,1,5,6
SF,IH2010,2020-08-28 09:30:05.500,3274.6000,701,-1,6886560.000,1,0,1,双平,S,3274.4000,3274.0000,3268.0000,3266.2000,3261.0000,3279.0000,3279.8000,3284.8000,3287.0000,3305.0000,1,1,6,2,1,1,1,1,5,6
SF,IH2010,2020-08-28 09:30:06.000,3274.6000,701,0,6886560.000,0,-,-,-,-,3276.4000,3274.4000,3274.0000,3268.0000,3266.2000,3279.0000,3279.8000,3284.8000,3287.0000,3305.0000,1,1,1,6,2,1,1,1,5,6
SF,IH2010,2020-08-28 09:30:06.500,3276.4000,699,-2,8852340.000,2,0,2,双平,S,3274.0000,3268.0000,3266.2000,3264.2000,3261.0000,3277.4000,3277.6000,3277.8000,3278.8000,3279.0000,1,1,2,5,1,2,1,1,1,1
SF,IH2010,2020-08-28 09:30:07.000,3276.4000,699,0,8852340.000,0,-,-,-,-,3276.4000,3274.2000,3274.0000,3268.0000,3266.2000,3277.2000,3284.8000,3287.0000,3305.0000,3350.8000,1,1,1,1,2,1,1,5,6,1
SF,IH2010,2020-08-28 09:30:07.500,3276.4000,699,0,8852340.000,0,-,-,-,-,3277.2000,3274.0000,3268.0000,3266.2000,3264.2000,3284.8000,3287.0000,3305.0000,3350.8000,3361.0000,2,1,1,2,5,1,5,6,1,1
SF,IH2010,2020-08-28 09:30:08.000,3277.2000,697,-2,10818660.000,2,0,2,双平,S,3274.0000,3268.0000,3266.2000,3264.2000,3261.0000,3277.0000,3277.2000,3277.4000,3277.8000,3279.6000,1,1,2,5,1,2,1,1,1,1
SF,IH2010,2020-08-28 09:30:08.500,3277.2000,697,0,10818660.000,0,-,-,-,-,3274.2000,3274.0000,3268.0000,3266.2000,3264.2000,3276.8000,3279.6000,3281.2000,3282.4000,3284.4000,1,1,1,2,5,1,1,1,1,1
SF,IH2010,2020-08-28 09:30:09.000,3277.2000,697,0,10818660.000,0,-,-,-,-,3274.2000,3274.0000,3268.0000,3266.2000,3264.2000,3276.8000,3279.6000,3282.4000,3284.4000,3284.6000,1,1,1,2,5,1,1,1,1,2
SF,IH2010,2020-08-28 09:30:09.500,3277.2000,697,0,10818660.000,0,-,-,-,-,3274.2000,3274.0000,3268.0000,3266.2000,3264.2000,3276.8000,3279.6000,3279.8000,3284.6000,3284.8000,1,1,1,2,5,1,1,1,2,2
SF,IH2010,2020-08-28 09:30:10.000,3277.2000,697,0,10818660.000,0,-,-,-,-,3274.2000,3274.0000,3268.0000,3266.2000,3264.2000,3276.8000,3279.6000,3279.8000,3284.6000,3284.8000,1,1,1,2,5,1,1,1,1,2
SF,IH2010,2020-08-28 09:30:11.500,3277.2000,697,0,10818660.000,0,-,-,-,-,3274.2000,3274.0000,3268.0000,3266.2000,3264.2000,3276.8000,3279.6000,3279.8000,3284.6000,3284.8000,1,1,1,2,5,1,1,1,1,2
SF,IH2010,2020-08-28 09:30:14.000,3276.8000,697,0,11801700.000,1,0,1,多换,S,3274.2000,3274.0000,3268.0000,3266.2000,3264.2000,3279.6000,3279.8000,3284.6000,3284.8000,3287.0000,1,1,1,2,5,1,1,1,2,5
SF,IH2010,2020-08-28 09:30:14.500,3276.8000,697,0,11801700.000,0,-,-,-,-,3274.4000,3274.2000,3274.0000,3268.0000,3266.2000,3277.0000,3279.4000,3279.6000,3279.8000,3284.6000,1,1,1,1,2,2,1,1,1,1
SF,IH2010,2020-08-28 09:30:15.000,3274.4000,697,0,12784020.000,1,0,1,多换,S,3274.2000,3274.0000,3268.0000,3266.2000,3264.2000,3279.6000,3279.8000,3284.6000,3284.8000,3287.0000,1,1,1,2,5,1,1,1,2,5
SF,IH2010,2020-08-28 09:30:15.500,3274.4000,697,0,12784020.000,0,-,-,-,-,3275.6000,3274.2000,3274.0000,3268.0000,3266.2000,3279.4000,3279.6000,3284.6000,3284.8000,3287.0000,1,1,1,1,2,2,1,1,2,5
SF,IH2010,2020-08-28 09:30:16.000,3274.4000,697,0,12784020.000,0,-,-,-,-,3274.2000,3274.0000,3268.0000,3266.2000,3264.2000,3277.4000,3277.6000,3279.4000,3279.6000,3284.6000,1,1,1,2,5,2,1,2,1,1
SF,IH2010,2020-08-28 09:30:16.500,3274.4000,697,0,12784020.000,0,-,-,-,-,3274.2000,3274.0000,3268.0000,3266.2000,3264.2000,3277.2000,3279.6000,3284.6000,3284.8000,3287.0000,1,1,1,2,5,1,1,1,2,5
SF,IH2010,2020-08-28 09:30:21.000,3274.4000,697,0,12784020.000,0,-,-,-,-,3274.2000,3274.0000,3270.0000,3268.0000,3266.2000,3277.2000,3279.6000,3284.6000,3284.8000,3287.0000,1,1,1,1,2,1,1,1,2,5
SF,IH2010,2020-08-28 09:30:21.500,3274.4000,697,0,12784020.000,0,-,-,-,-,3274.4000,3274.2000,3274.0000,3270.0000,3268.0000,3279.6000,3284.6000,3284.8000,3287.0000,3305.0000,1,1,1,1,1,1,1,2,5,6
SF,IH2010,2020-08-28 09:30:22.000,3274.4000,697,0,12784020.000,0,-,-,-,-,3274.4000,3274.2000,3274.0000,3270.0000,3268.0000,3276.4000,3276.6000,3276.8000,3279.4000,3284.6000,1,1,1,1,1,2,1,1,1,1
SF,IH2010,2020-08-28 09:30:22.500,3274.4000,697,0,12784020.000,0,-,-,-,-,3274.2000,3274.0000,3270.0000,3268.0000,3266.2000,3279.4000,3284.6000,3284.8000,3305.0000,3315.8000,1,1,1,1,2,5,1,2,6,4
SF,IH2010,2020-08-28 09:30:23.000,3274.4000,697,0,12784020.000,0,-,-,-,-,3274.4000,3274.2000,3274.0000,3270.0000,3268.0000,3276.6000,3276.8000,3279.2000,3283.2000,3284.6000,1,1,1,1,1,2,1,1,5,1
SF,IH2010,2020-08-28 09:30:23.500,3274.4000,697,0,12784020.000,0,-,-,-,-,3274.2000,3274.0000,3270.0000,3268.0000,3267.4000,3283.2000,3284.6000,3284.8000,3305.0000,3315.8000,1,1,1,1,2,5,1,2,6,4
SF,IH2010,2020-08-28 09:30:24.000,3274.4000,697,0,12784020.000,0,-,-,-,-,3274.4000,3274.2000,3274.0000,3270.0000,3268.0000,3276.8000,3277.2000,3279.0000,3280.6000,3281.8000,1,1,1,1,1,1,1,1,1,2
SF,IH2010,2020-08-28 09:30:24.500,3274.4000,697,0,12784020.000,0,-,-,-,-,3274.6000,3274.4000,3274.2000,3274.0000,3270.0000,3279.0000,3281.8000,3283.0000,3283.2000,3284.8000,2,1,1,1,1,1,1,1,6,1
SF,IH2010,2020-08-28 09:30:25.000,3274.4000,697,0,12784020.000,0,-,-,-,-,3274.8000,3274.6000,3274.2000,3274.0000,3270.0000,3278.8000,3279.0000,3281.8000,3283.0000,3283.2000,1,2,1,1,1,2,1,1,1,6
SF,IH2010,2020-08-28 09:30:25.500,3274.4000,697,0,12784020.000,0,-,-,-,-,3274.8000,3274.6000,3274.2000,3274.0000,3270.0000,3276.4000,3276.6000,3276.8000,3278.8000,3279.0000,1,2,1,1,1,2,1,1,2,1
SF,IH2010,2020-08-28 09:30:26.000,3276.4000,695,-2,14749860.000,2,0,2,双平,S,3275.0000,3274.6000,3274.2000,3274.0000,3270.0000,3278.8000,3279.0000,3281.8000,3283.0000,3283.2000,1,2,1,1,1,2,1,1,1,6
SF,IH2010,2020-08-28 09:30:26.500,3276.4000,695,0,14749860.000,0,-,-,-,-,3275.2000,3275.0000,3274.6000,3274.2000,3274.0000,3278.8000,3279.0000,3283.0000,3283.2000,3284.8000,1,1,2,1,1,2,1,1,6,1
SF,IH2010,2020-08-28 09:30:27.000,3276.4000,695,0,14749860.000,0,-,-,-,-,3275.4000,3275.2000,3275.0000,3274.6000,3274.2000,3278.8000,3279.0000,3283.0000,3283.2000,3284.8000,2,1,1,2,1,2,1,1,6,1
SF,IH2010,2020-08-28 09:30:27.500,3276.4000,695,0,14749860.000,0,-,-,-,-,3275.6000,3275.4000,3275.0000,3274.6000,3274.2000,3283.0000,3283.2000,3284.8000,3288.0000,3305.0000,1,2,1,2,1,1,5,1,1,6
SF,IH2010,2020-08-28 09:30:28.000,3276.4000,695,0,14749860.000,0,-,-,-,-,3275.8000,3275.6000,3275.4000,3275.0000,3274.6000,3277.8000,3278.0000,3278.4000,3280.0000,3281.6000,1,1,2,1,2,1,1,1,1,1
SF,IH2010,2020-08-28 09:30:28.500,3276.4000,695,0,14749860.000,0,-,-,-,-,3275.8000,3275.4000,3275.0000,3274.6000,3274.2000,3280.0000,3281.6000,3282.8000,3283.0000,3283.2000,1,2,1,2,1,1,1,4,1,5
SF,IH2010,2020-08-28 09:30:29.000,3276.4000,695,0,14749860.000,0,-,-,-,-,3276.0000,3275.8000,3275.4000,3275.0000,3274.6000,3279.8000,3280.0000,3283.2000,3284.8000,3288.0000,1,1,2,1,2,1,1,5,1,1
SF,IH2010,2020-08-28 09:30:29.500,3276.4000,695,0,14749860.000,0,-,-,-,-,3276.0000,3275.8000,3275.4000,3275.0000,3274.6000,3277.4000,3277.6000,3278.0000,3279.8000,3280.0000,1,1,2,1,2,1,1,1,1,1
SF,IH2010,2020-08-28 09:30:30.000,3276.4000,695,0,14749860.000,0,-,-,-,-,3275.8000,3275.4000,3275.0000,3274.6000,3274.2000,3280.0000,3283.2000,3284.8000,3288.0000,3305.0000,1,2,1,2,1,1,5,1,1,6
SF,IH2010,2020-08-28 09:30:30.500,3276.4000,695,0,14749860.000,0,-,-,-,-,3275.0000,3274.6000,3274.2000,3274.0000,3270.0000,3279.8000,3283.2000,3284.8000,3288.0000,3305.0000,1,2,1,1,1,2,5,1,1,6
SF,IH2010,2020-08-28 09:30:31.000,3276.4000,695,0,14749860.000,0,-,-,-,-,3275.0000,3274.6000,3274.2000,3274.0000,3270.0000,3277.2000,3277.4000,3279.4000,3279.8000,3283.2000,1,2,1,1,1,1,1,1,2,5
SF,IH2010,2020-08-28 09:30:31.500,3276.4000,695,0,14749860.000,0,-,-,-,-,3275.0000,3274.6000,3274.2000,3274.0000,3270.0000,3279.4000,3279.8000,3283.2000,3284.8000,3288.0000,1,2,1,1,1,1,1,5,1,1
SF,IH2010,2020-08-28 09:30:32.000,3276.4000,695,0,14749860.000,0,-,-,-,-,3275.0000,3274.6000,3274.2000,3274.0000,3270.0000,3279.2000,3279.4000,3283.2000,3284.8000,3288.0000,1,2,1,1,1,2,1,5,1,1
SF,IH2010,2020-08-28 09:30:34.000,3276.4000,695,0,14749860.000,0,-,-,-,-,3275.0000,3274.6000,3274.2000,3274.0000,3268.0000,3279.2000,3279.4000,3283.2000,3284.8000,3288.0000,1,2,1,1,1,2,1,5,1,1
SF,IH2010,2020-08-28 09:30:34.500,3276.4000,695,0,14749860.000,0,-,-,-,-,3275.0000,3274.6000,3274.2000,3274.0000,3268.0000,3276.8000,3277.0000,3279.2000,3279.4000,3283.2000,1,2,1,1,1,1,1,2,1,5
SF,IH2010,2020-08-28 09:30:35.000,3276.4000,695,0,14749860.000,0,-,-,-,-,3275.0000,3274.6000,3274.2000,3274.0000,3268.0000,3279.2000,3279.4000,3283.2000,3284.8000,3288.0000,1,2,1,1,1,1,1,5,1,1
SF,IH2010,2020-08-28 09:30:35.500,3276.4000,695,0,14749860.000,0,-,-,-,-,3275.0000,3274.6000,3274.2000,3274.0000,3268.0000,3276.8000,3279.0000,3279.2000,3279.4000,3283.2000,1,2,1,1,1,1,1,1,1,5
SF,IH2010,2020-08-28 09:30:36.000,3276.4000,695,0,14749860.000,0,-,-,-,-,3275.0000,3274.6000,3274.2000,3274.0000,3268.0000,3279.4000,3283.2000,3284.8000,3288.0000,3305.0000,1,2,1,1,1,1,5,1,1,6
SF,IH2010,2020-08-28 09:30:36.500,3276.4000,695,0,14749860.000,0,-,-,-,-,3275.2000,3275.0000,3274.6000,3274.2000,3274.0000,3276.8000,3277.2000,3279.2000,3283.2000,3284.8000,1,1,2,1,1,1,1,1,5,1
SF,IH2010,2020-08-28 09:30:37.000,3276.4000,695,0,14749860.000,0,-,-,-,-,3275.0000,3274.6000,3274.2000,3274.0000,3268.0000,3283.2000,3284.8000,3288.0000,3305.0000,3315.8000,1,2,1,1,1,5,1,1,6,4
SF,IH2010,2020-08-28 09:30:37.500,3276.4000,695,0,14749860.000,0,-,-,-,-,3275.0000,3274.6000,3274.2000,3274.0000,3268.0000,3277.0000,3279.6000,3281.2000,3282.4000,3282.6000,1,2,1,1,1,1,1,1,2,4
SF,IH2010,2020-08-28 09:30:38.000,3276.4000,695,0,14749860.000,0,-,-,-,-,3275.0000,3274.6000,3274.2000,3274.0000,3268.0000,3279.6000,3281.2000,3282.4000,3283.0000,3283.2000,1,2,1,1,1,1,1,1,2,6
SF,IH2010,2020-08-28 09:30:38.500,3276.4000,695,0,14749860.000,0,-,-,-,-,3275.2000,3275.0000,3274.6000,3274.2000,3274.0000,3277.4000,3279.4000,3279.6000,3282.4000,3283.0000,1,1,2,1,1,1,1,1,1,1
SF,IH2010,2020-08-28 09:30:39.000,3276.4000,695,0,14749860.000,0,-,-,-,-,3275.0000,3274.6000,3274.2000,3274.0000,3268.0000,3279.6000,3282.4000,3283.0000,3283.2000,3284.8000,1,2,1,1,1,1,1,1,6,1
SF,IH2010,2020-08-28 09:30:39.500,3276.4000,695,0,14749860.000,0,-,-,-,-,3275.2000,3275.0000,3274.6000,3274.2000,3274.0000,3277.2000,3279.4000,3279.6000,3282.4000,3283.0000,1,1,2,1,1,1,1,1,1,1
SF,IH2010,2020-08-28 09:30:40.000,3276.4000,695,0,14749860.000,0,-,-,-,-,3275.0000,3274.6000,3274.2000,3274.0000,3268.0000,3279.6000,3282.4000,3283.0000,3283.2000,3284.8000,1,2,1,1,1,1,1,1,6,1
SF,IH2010,2020-08-28 09:30:40.500,3276.4000,695,0,14749860.000,0,-,-,-,-,3275.2000,3275.0000,3274.6000,3274.2000,3274.0000,3277.2000,3279.4000,3279.6000,3282.4000,3283.0000,1,1,2,1,1,1,1,1,1,1
SF,IH2010,2020-08-28 09:30:41.000,3276.4000,695,0,14749860.000,0,-,-,-,-,3275.0000,3274.6000,3274.2000,3274.0000,3268.0000,3279.6000,3282.4000,3283.0000,3283.2000,3284.8000,1,2,1,1,1,1,1,1,6,1
SF,IH2010,2020-08-28 09:30:41.500,3276.4000,695,0,14749860.000,0,-,-,-,-,3275.2000,3275.0000,3274.6000,3274.2000,3274.0000,3277.0000,3279.4000,3279.6000,3282.4000,3283.0000,1,1,2,1,1,1,1,1,1,1
SF,IH2010,2020-08-28 09:30:42.000,3276.4000,695,0,14749860.000,0,-,-,-,-,3275.0000,3274.6000,3274.2000,3274.0000,3268.0000,3279.6000,3282.4000,3283.0000,3283.2000,3284.8000,1,2,1,1,1,1,1,1,6,1
SF,IH2010,2020-08-28 09:30:42.500,3276.4000,695,0,14749860.000,0,-,-,-,-,3275.2000,3275.0000,3274.6000,3274.2000,3274.0000,3276.8000,3277.0000,3277.4000,3279.4000,3279.6000,1,1,2,1,1,1,1,1,1,1
SF,IH2010,2020-08-28 09:30:43.000,3276.4000,695,0,14749860.000,0,-,-,-,-,3275.0000,3274.6000,3274.2000,3274.0000,3268.0000,3279.6000,3283.0000,3283.2000,3284.8000,3288.0000,1,2,1,1,1,1,1,6,1,1
SF,IH2010,2020-08-28 09:30:43.500,3276.4000,695,0,14749860.000,0,-,-,-,-,3275.0000,3274.6000,3274.2000,3274.0000,3268.0000,3279.4000,3283.0000,3283.2000,3284.8000,3288.0000,1,2,1,1,1,2,1,6,1,1
SF,IH2010,2020-08-28 09:30:44.000,3276.4000,695,0,14749860.000,0,-,-,-,-,3275.0000,3274.6000,3274.2000,3274.0000,3268.0000,3276.8000,3277.0000,3279.0000,3279.4000,3283.0000,1,2,1,1,1,1,1,1,2,1
SF,IH2010,2020-08-28 09:30:44.500,3279.0000,694,-1,15733560.000,1,0,1,双平,S,3275.0000,3274.6000,3274.2000,3274.0000,3268.0000,3279.4000,3283.0000,3283.2000,3284.8000,3288.0000,1,2,1,1,1,1,1,6,1,1
SF,IH2010,2020-08-28 09:30:45.000,3279.0000,694,0,15733560.000,0,-,-,-,-,3275.0000,3274.6000,3274.2000,3274.0000,3268.0000,3279.2000,3279.4000,3283.0000,3283.2000,3284.8000,1,2,1,1,1,1,1,1,6,1
SF,IH2010,2020-08-28 09:30:45.500,3279.0000,694,0,15733560.000,0,-,-,-,-,3274.2000,3274.0000,3268.0000,3267.4000,3266.2000,3276.2000,3276.4000,3276.8000,3279.0000,3279.2000,1,1,1,2,2,1,1,1,1,1
SF,IH2010,2020-08-28 09:30:46.000,3279.0000,694,0,15733560.000,0,-,-,-,-,3274.2000,3274.0000,3268.0000,3267.4000,3266.2000,3278.6000,3279.0000,3283.0000,3283.2000,3284.8000,1,1,1,2,2,1,1,1,6,1
SF,IH2010,2020-08-28 09:30:46.500,3279.0000,694,0,15733560.000,0,-,-,-,-,3274.2000,3274.0000,3268.0000,3267.4000,3266.2000,3278.4000,3278.6000,3283.0000,3283.2000,3284.8000,1,1,1,2,2,2,1,1,6,1
SF,IH2010,2020-08-28 09:30:47.000,3279.0000,694,0,15733560.000,0,-,-,-,-,3274.2000,3274.0000,3268.0000,3267.4000,3266.2000,3276.2000,3276.4000,3278.0000,3278.4000,3278.8000,1,1,1,2,2,1,1,1,2,1
SF,IH2010,2020-08-28 09:30:47.500,3279.0000,694,0,15733560.000,0,-,-,-,-,3274.2000,3274.0000,3268.0000,3267.4000,3266.2000,3278.0000,3278.4000,3278.8000,3283.0000,3283.2000,1,1,1,2,2,1,1,1,1,6
SF,IH2010,2020-08-28 09:30:48.000,3279.0000,694,0,15733560.000,0,-,-,-,-,3274.2000,3274.0000,3268.0000,3267.4000,3266.2000,3277.8000,3278.0000,3278.8000,3283.0000,3283.2000,1,1,1,2,2,2,1,1,1,6
SF,IH2010,2020-08-28 09:30:48.500,3279.0000,694,0,15733560.000,0,-,-,-,-,3274.2000,3274.0000,3268.0000,3267.4000,3266.2000,3276.0000,3277.8000,3278.0000,3278.8000,3283.0000,1,1,1,2,2,1,2,1,1,1
SF,IH2010,2020-08-28 09:30:49.000,3279.0000,694,0,15733560.000,0,-,-,-,-,3274.2000,3274.0000,3268.0000,3267.4000,3266.2000,3277.8000,3278.0000,3278.8000,3283.0000,3283.2000,1,1,1,2,2,2,1,1,1,6
SF,IH2010,2020-08-28 09:30:49.500,3279.0000,694,0,15733560.000,0,-,-,-,-,3274.2000,3274.0000,3268.0000,3267.4000,3266.2000,3277.8000,3278.0000,3278.8000,3283.0000,3283.2000,1,1,1,2,2,2,1,1,1,6
SF,IH2010,2020-08-28 09:30:50.000,3279.0000,694,0,15733560.000,0,-,-,-,-,3274.2000,3274.0000,3268.0000,3267.4000,3266.2000,3275.8000,3276.0000,3277.8000,3278.0000,3278.8000,1,1,1,2,2,1,1,2,1,1
SF,IH2010,2020-08-28 09:30:50.500,3279.0000,694,0,15733560.000,0,-,-,-,-,3274.2000,3274.0000,3268.0000,3267.4000,3266.2000,3277.8000,3278.0000,3278.8000,3283.0000,3283.2000,1,1,1,2,2,1,1,1,1,6
SF,IH2010,2020-08-28 09:30:51.000,3279.0000,694,0,15733560.000,0,-,-,-,-,3274.2000,3274.0000,3268.0000,3267.4000,3266.2000,3277.6000,3277.8000,3278.0000,3278.8000,3283.0000,1,1,1,2,2,1,1,1,1,1
SF,IH2010,2020-08-28 09:30:51.500,3279.0000,694,0,15733560.000,0,-,-,-,-,3274.2000,3274.0000,3268.0000,3267.4000,3266.2000,3277.4000,3277.6000,3278.8000,3283.0000,3283.2000,1,1,1,2,2,1,1,1,1,6
SF,IH2010,2020-08-28 09:30:52.000,3279.0000,694,0,15733560.000,0,-,-,-,-,3274.4000,3274.2000,3274.0000,3268.0000,3267.4000,3277.4000,3277.6000,3278.8000,3283.0000,3283.2000,1,1,1,1,2,1,1,1,1,6
SF,IH2010,2020-08-28 09:30:52.500,3279.0000,694,0,15733560.000,0,-,-,-,-,3274.4000,3274.2000,3274.0000,3268.0000,3267.4000,3277.4000,3277.6000,3278.2000,3278.8000,3283.0000,2,1,1,1,2,1,1,1,1,1
SF,IH2010,2020-08-28 09:30:53.500,3279.0000,694,0,15733560.000,0,-,-,-,-,3274.4000,3274.2000,3274.0000,3268.0000,3267.4000,3277.4000,3277.6000,3278.2000,3283.0000,3283.2000,1,1,1,1,2,1,1,1,1,6
SF,IH2010,2020-08-28 09:30:54.500,3279.0000,694,0,15733560.000,0,-,-,-,-,3274.4000,3274.2000,3274.0000,3268.0000,3267.4000,3277.2000,3277.4000,3277.6000,3278.2000,3283.0000,1,1,1,1,2,1,1,1,1,1
SF,IH2010,2020-08-28 09:30:55.000,3279.0000,694,0,15733560.000,0,-,-,-,-,3274.4000,3274.2000,3274.0000,3268.0000,3267.4000,3277.0000,3283.0000,3283.2000,3284.8000,3288.0000,1,1,1,1,2,1,1,6,1,1
SF,IH2010,2020-08-28 09:30:55.500,3279.0000,694,0,15733560.000,0,-,-,-,-,3274.6000,3274.4000,3274.2000,3274.0000,3268.0000,3277.0000,3277.4000,3283.0000,3283.2000,3284.8000,1,1,1,1,1,1,1,1,6,1
SF,IH2010,2020-08-28 09:30:56.000,3279.0000,694,0,15733560.000,0,-,-,-,-,3274.6000,3274.4000,3274.2000,3274.0000,3268.0000,3283.0000,3283.2000,3284.8000,3288.0000,3305.0000,1,1,1,1,1,1,6,1,1,6
SF,IH2010,2020-08-28 09:30:56.500,3279.0000,694,0,15733560.000,0,-,-,-,-,3274.8000,3274.6000,3274.4000,3274.2000,3274.0000,3276.8000,3277.0000,3277.4000,3281.6000,3282.6000,1,1,1,1,1,1,1,1,2,4
SF,IH2010,2020-08-28 09:30:57.000,3276.8000,694,0,16716600.000,1,0,1,多换,S,3275.0000,3274.6000,3274.4000,3274.2000,3274.0000,3281.6000,3282.8000,3283.0000,3283.2000,3284.8000,1,1,1,1,1,1,6,2,5,1
SF,IH2010,2020-08-28 09:30:57.500,3276.8000,694,0,16716600.000,0,-,-,-,-,3275.2000,3274.4000,3274.2000,3274.0000,3273.0000,3279.6000,3280.8000,3281.4000,3281.6000,3282.8000,1,1,1,1,1,1,1,7,1,6
SF,IH2010,2020-08-28 09:30:58.000,3276.8000,694,0,16716600.000,0,-,-,-,-,3275.2000,3274.4000,3274.2000,3274.0000,3273.0000,3276.8000,3277.2000,3279.4000,3279.6000,3281.4000,1,1,1,1,1,1,1,2,1,3
SF,IH2010,2020-08-28 09:30:58.500,3276.8000,694,0,16716600.000,0,-,-,-,-,3275.4000,3274.4000,3274.2000,3274.0000,3273.0000,3279.4000,3281.4000,3282.8000,3283.2000,3284.8000,3,1,1,1,1,2,3,6,5,1
SF,IH2010,2020-08-28 09:30:59.000,3276.8000,694,0,16716600.000,0,-,-,-,-,3275.6000,3274.4000,3274.2000,3274.0000,3273.0000,3279.4000,3281.4000,3282.8000,3283.2000,3284.8000,1,1,1,1,1,2,3,6,5,1
SF,IH2010,2020-08-28 09:30:59.500,3276.8000,694,0,16716600.000,0,-,-,-,-,3275.6000,3274.4000,3274.2000,3274.0000,3273.0000,3276.8000,3277.2000,3279.0000,3279.4000,3281.4000,1,1,1,1,1,1,1,1,2,3
SF,IH2010,2020-08-28 09:31:00.000,3276.8000,693,-1,17699640.000,1,0,1,双平,S,3274.4000,3274.2000,3274.0000,3273.0000,3268.0000,3279.0000,3279.4000,3281.4000,3282.8000,3283.2000,1,1,1,1,1,1,2,3,6,5
SF,IH2010,2020-08-28 09:31:00.500,3276.8000,693,0,17699640.000,0,-,-,-,-,3274.4000,3274.2000,3274.0000,3273.0000,3268.0000,3278.8000,3279.0000,3279.4000,3282.8000,3283.2000,1,1,1,1,1,2,1,2,3,5
SF,IH2010,2020-08-28 09:31:01.000,3276.8000,693,0,17699640.000,0,-,-,-,-,3274.6000,3274.4000,3274.2000,3274.0000,3273.0000,3278.6000,3278.8000,3279.0000,3279.4000,3282.8000,1,1,1,1,1,1,2,1,2,3
SF,IH2010,2020-08-28 09:31:01.500,3276.8000,693,0,17699640.000,0,-,-,-,-,3274.6000,3274.4000,3274.2000,3274.0000,3273.0000,3278.4000,3278.6000,3278.8000,3279.0000,3279.4000,1,1,1,1,1,2,1,1,1,2
SF,IH2010,2020-08-28 09:31:02.000,3276.8000,693,0,17699640.000,0,-,-,-,-,3274.6000,3274.4000,3274.2000,3274.0000,3273.0000,3278.2000,3278.4000,3278.8000,3279.0000,3279.4000,1,1,1,1,1,1,2,1,1,2
SF,IH2010,2020-08-28 09:31:02.500,3276.8000,693,0,17699640.000,0,-,-,-,-,3275.8000,3274.6000,3274.4000,3274.2000,3274.0000,3278.0000,3278.2000,3278.4000,3278.8000,3279.0000,1,1,1,1,1,1,1,1,1,1
SF,IH2010,2020-08-28 09:31:03.000,3275.8000,691,-2,19665180.000,2,0,2,双平,S,3274.4000,3274.2000,3274.0000,3273.0000,3268.0000,3276.8000,3277.8000,3278.4000,3278.8000,3279.0000,1,1,1,1,1,1,1,1,1,1
SF,IH2010,2020-08-28 09:31:03.500,3275.8000,691,0,19665180.000,0,-,-,-,-,3274.6000,3274.4000,3274.2000,3274.0000,3273.0000,3277.8000,3279.0000,3282.8000,3283.2000,3284.8000,2,1,1,1,1,1,1,3,5,1
SF,IH2010,2020-08-28 09:31:04.000,3275.8000,691,0,19665180.000,0,-,-,-,-,3274.6000,3274.4000,3274.2000,3274.0000,3273.0000,3277.6000,3277.8000,3279.0000,3282.8000,3283.2000,2,1,1,1,1,2,1,1,3,5
SF,IH2010,2020-08-28 09:31:04.500,3275.8000,691,0,19665180.000,0,-,-,-,-,3274.6000,3274.4000,3274.2000,3274.0000,3273.0000,3277.4000,3277.6000,3279.0000,3282.8000,3283.2000,2,1,1,1,1,1,2,1,3,5
SF,IH2010,2020-08-28 09:31:05.000,3275.8000,691,0,19665180.000,0,-,-,-,-,3274.6000,3274.4000,3274.2000,3274.0000,3273.0000,3277.2000,3277.4000,3277.6000,3279.0000,3282.8000,2,1,1,1,1,1,1,1,1,3
SF,IH2010,2020-08-28 09:31:05.500,3275.8000,691,0,19665180.000,0,-,-,-,-,3274.6000,3274.4000,3274.2000,3274.0000,3273.0000,3277.0000,3277.2000,3277.6000,3279.0000,3282.8000,2,1,1,1,1,1,1,1,1,3
SF,IH2010,2020-08-28 09:31:06.000,3275.8000,691,0,19665180.000,0,-,-,-,-,3274.6000,3274.4000,3274.2000,3274.0000,3273.0000,3277.2000,3279.0000,3282.8000,3283.2000,3284.8000,2,1,1,1,1,1,1,3,5,1
SF,IH2010,2020-08-28 09:31:06.500,3275.8000,691,0,19665180.000,0,-,-,-,-,3274.6000,3274.4000,3274.2000,3274.0000,3273.0000,3277.0000,3277.2000,3279.0000,3282.8000,3283.2000,2,1,1,1,1,1,1,1,3,5
SF,IH2010,2020-08-28 09:31:07.000,3275.8000,691,0,19665180.000,0,-,-,-,-,3274.8000,3274.6000,3274.4000,3274.2000,3274.0000,3277.0000,3277.2000,3279.0000,3282.8000,3283.2000,3,2,1,1,1,1,1,1,3,5
SF,IH2010,2020-08-28 09:31:07.500,3275.8000,691,0,19665180.000,0,-,-,-,-,3275.0000,3274.8000,3274.6000,3274.4000,3274.2000,3277.0000,3277.2000,3279.0000,3282.8000,3283.2000,1,3,1,1,1,1,1,1,3,5
SF,IH2010,2020-08-28 09:31:08.000,3275.8000,691,0,19665180.000,0,-,-,-,-,3275.0000,3274.8000,3274.6000,3274.4000,3274.2000,3277.0000,3279.0000,3282.8000,3283.2000,3284.8000,1,3,1,1,1,1,1,3,5,1
SF,IH2010,2020-08-28 09:31:09.500,3275.8000,691,0,19665180.000,0,-,-,-,-,3275.2000,3275.0000,3274.8000,3274.6000,3274.4000,3277.0000,3279.0000,3282.8000,3283.2000,3284.8000,3,1,3,1,1,1,1,3,5,1
SF,IH2010,2020-08-28 09:31:10.000,3275.8000,691,0,19665180.000,0,-,-,-,-,3275.4000,3274.8000,3274.6000,3274.4000,3274.2000,3277.0000,3279.0000,3282.8000,3283.2000,3284.8000,1,3,1,1,1,1,1,3,5,1
SF,IH2010,2020-08-28 09:31:12.000,3275.8000,691,0,19665180.000,0,-,-,-,-,3275.4000,3274.6000,3274.4000,3274.2000,3274.0000,3277.0000,3279.0000,3282.8000,3283.2000,3284.8000,1,1,1,1,1,1,1,3,5,1
SF,IH2010,2020-08-28 09:31:13.500,3275.8000,691,0,19665180.000,0,-,-,-,-,3275.4000,3274.6000,3274.4000,3274.2000,3274.0000,3277.0000,3279.0000,3282.8000,3283.2000,3284.8000,1,1,1,1,1,1,1,3,5,1
SF,IH2010,2020-08-28 09:31:15.500,3275.8000,691,0,19665180.000,0,-,-,-,-,3275.4000,3274.6000,3274.4000,3274.2000,3274.0000,3277.0000,3282.8000,3283.2000,3284.8000,3288.0000,1,1,1,1,1,1,3,5,1,1
SF,IH2010,2020-08-28 09:31:16.000,3275.8000,691,0,19665180.000,0,-,-,-,-,3275.4000,3274.6000,3274.4000,3274.2000,3274.0000,3276.8000,3277.0000,3282.8000,3283.2000,3284.8000,1,1,1,1,1,3,1,3,5,1
SF,IH2010,2020-08-28 09:31:16.500,3275.4000,690,-1,20647800.000,1,0,1,双平,S,3274.6000,3274.4000,3274.2000,3274.0000,3273.0000,3276.8000,3277.0000,3282.8000,3283.2000,3284.8000,1,1,1,1,1,3,1,3,5,1
SF,IH2010,2020-08-28 09:31:17.000,3275.4000,690,0,20647800.000,0,-,-,-,-,3274.8000,3274.6000,3274.4000,3274.0000,3273.0000,3276.6000,3276.8000,3282.8000,3283.2000,3284.8000,1,1,1,1,1,1,3,3,5,1
SF,IH2010,2020-08-28 09:31:17.500,3275.4000,690,0,20647800.000,0,-,-,-,-,3274.8000,3274.6000,3274.4000,3274.0000,3273.0000,3276.4000,3276.6000,3276.8000,3282.8000,3283.2000,1,1,1,1,1,2,1,3,3,5
SF,IH2010,2020-08-28 09:31:18.000,3275.4000,690,0,20647800.000,0,-,-,-,-,3274.8000,3274.6000,3274.4000,3274.0000,3273.0000,3276.6000,3276.8000,3282.8000,3283.2000,3284.8000,1,1,1,1,1,1,3,3,5,1
SF,IH2010,2020-08-28 09:31:19.000,3275.4000,690,0,20647800.000,0,-,-,-,-,3274.8000,3274.6000,3274.4000,3274.0000,3273.0000,3276.6000,3276.8000,3282.8000,3283.2000,3284.8000,1,1,1,1,1,1,3,3,5,1
SF,IH2010,2020-08-28 09:31:22.000,3274.6000,689,-1,22612620.000,2,0,2,多平,S,3274.4000,3274.0000,3273.0000,3270.2000,3268.0000,3276.6000,3276.8000,3282.8000,3283.2000,3284.8000,1,1,1,6,1,1,3,3,5,1
SF,IH2010,2020-08-28 09:31:22.500,3274.6000,689,0,22612620.000,0,-,-,-,-,3274.4000,3274.0000,3273.0000,3270.2000,3268.0000,3275.6000,3276.6000,3276.8000,3282.8000,3283.2000,1,1,1,6,1,1,1,3,3,5
SF,IH2010,2020-08-28 09:31:23.000,3274.6000,689,0,22612620.000,0,-,-,-,-,3274.4000,3274.0000,3273.0000,3270.2000,3268.0000,3276.6000,3276.8000,3282.8000,3283.2000,3284.8000,1,1,1,6,1,1,3,3,5,1
SF,IH2010,2020-08-28 09:31:23.500,3274.4000,688,-1,23594940.000,1,0,1,双平,S,3274.0000,3273.0000,3270.2000,3268.0000,3267.4000,3274.4000,3276.6000,3276.8000,3282.8000,3283.2000,1,1,6,1,2,2,1,3,3,5
SF,IH2010,2020-08-28 09:31:24.000,3274.4000,688,0,25559580.000,2,1,1,多换,S,3274.0000,3273.0000,3270.2000,3268.0000,3267.4000,3276.6000,3282.8000,3283.2000,3284.8000,3288.0000,1,1,6,1,2,1,3,5,1,1
SF,IH2010,2020-08-28 09:31:24.500,3274.0000,689,1,27524040.000,2,1,1,空开,S,3273.0000,3270.2000,3268.0000,3267.4000,3266.2000,3275.4000,3276.4000,3276.6000,3282.8000,3283.2000,1,6,1,2,1,1,1,1,3,5
SF,IH2010,2020-08-28 09:31:25.000,3274.0000,689,0,27524040.000,0,-,-,-,-,3273.2000,3273.0000,3270.2000,3268.0000,3267.4000,3275.2000,3276.0000,3276.4000,3282.8000,3283.2000,2,1,6,1,2,1,1,1,3,5
SF,IH2010,2020-08-28 09:31:25.500,3274.0000,689,0,27524040.000,0,-,-,-,-,3273.0000,3270.2000,3268.0000,3267.4000,3266.2000,3275.2000,3276.4000,3282.8000,3283.2000,3284.8000,1,6,1,2,1,1,1,3,5,1
SF,IH2010,2020-08-28 09:31:27.500,3274.0000,689,0,27524040.000,0,-,-,-,-,3273.0000,3270.2000,3268.0000,3267.4000,3266.2000,3275.2000,3276.4000,3278.0000,3282.8000,3283.2000,1,6,1,2,1,1,1,1,3,5
SF,IH2010,2020-08-28 09:31:29.500,3273.0000,690,1,28505940.000,1,1,0,双开,S,3270.2000,3268.0000,3267.4000,3266.2000,3264.2000,3275.2000,3276.4000,3278.0000,3282.8000,3283.2000,6,1,2,1,5,1,1,1,3,5
SF,IH2010,2020-08-28 09:31:30.000,3273.0000,690,0,28505940.000,0,-,-,-,-,3270.4000,3270.2000,3268.0000,3267.4000,3266.2000,3275.0000,3275.2000,3276.4000,3278.0000,3282.8000,5,6,1,2,1,1,1,1,1,3
SF,IH2010,2020-08-28 09:31:30.500,3273.0000,690,0,28505940.000,0,-,-,-,-,3270.4000,3270.2000,3268.0000,3267.4000,3266.2000,3274.8000,3275.0000,3276.4000,3278.0000,3282.8000,5,6,1,2,1,1,1,1,1,3
SF,IH2010,2020-08-28 09:31:31.000,3273.0000,690,0,28505940.000,0,-,-,-,-,3270.4000,3270.2000,3268.0000,3267.4000,3266.2000,3274.6000,3274.8000,3276.4000,3278.0000,3282.8000,5,6,1,2,1,1,1,1,1,3
SF,IH2010,2020-08-28 09:31:31.500,3273.0000,690,0,28505940.000,0,-,-,-,-,3270.4000,3270.2000,3268.0000,3267.4000,3266.2000,3274.4000,3274.6000,3276.4000,3278.0000,3282.8000,5,6,1,2,1,1,1,1,1,3
SF,IH2010,2020-08-28 09:31:32.000,3273.0000,690,0,28505940.000,0,-,-,-,-,3270.4000,3270.2000,3268.0000,3267.4000,3266.2000,3274.2000,3274.4000,3278.0000,3282.8000,3283.2000,5,6,1,2,1,1,1,1,3,5
SF,IH2010,2020-08-28 09:31:32.500,3273.0000,690,0,28505940.000,0,-,-,-,-,3270.4000,3270.2000,3268.0000,3267.4000,3266.2000,3274.0000,3274.2000,3278.0000,3282.8000,3283.2000,5,6,1,2,1,1,1,1,3,5
SF,IH2010,2020-08-28 09:31:33.000,3273.0000,690,0,28505940.000,0,-,-,-,-,3270.4000,3270.2000,3268.0000,3267.4000,3266.2000,3273.8000,3274.0000,3278.0000,3282.8000,3283.2000,5,6,1,2,1,1,1,1,3,5
SF,IH2010,2020-08-28 09:31:33.500,3273.0000,690,0,28505940.000,0,-,-,-,-,3270.4000,3270.2000,3268.0000,3267.4000,3266.2000,3273.6000,3273.8000,3278.0000,3282.8000,3283.2000,5,6,1,2,1,1,1,1,3,5
SF,IH2010,2020-08-28 09:31:34.000,3273.0000,690,0,28505940.000,0,-,-,-,-,3270.4000,3270.2000,3268.0000,3267.4000,3266.2000,3273.4000,3273.6000,3278.0000,3282.8000,3283.2000,5,6,1,2,1,1,1,1,3,5
SF,IH2010,2020-08-28 09:31:34.500,3273.0000,690,0,28505940.000,0,-,-,-,-,3270.4000,3270.2000,3268.0000,3267.4000,3266.2000,3273.2000,3273.4000,3278.0000,3282.8000,3283.2000,5,6,1,2,1,1,1,1,3,5
SF,IH2010,2020-08-28 09:31:35.000,3273.0000,690,0,28505940.000,0,-,-,-,-,3270.4000,3270.2000,3268.0000,3267.4000,3266.2000,3273.0000,3273.2000,3278.0000,3282.8000,3283.2000,5,6,1,2,1,1,1,1,3,5
SF,IH2010,2020-08-28 09:31:35.500,3273.0000,690,0,28505940.000,0,-,-,-,-,3270.4000,3270.2000,3268.0000,3267.4000,3266.2000,3272.8000,3273.0000,3278.0000,3282.8000,3283.2000,5,6,1,2,1,1,1,1,3,5
SF,IH2010,2020-08-28 09:31:36.000,3273.0000,689,-1,30469740.000,2,0,2,多平,S,3270.4000,3270.2000,3268.0000,3267.4000,3266.2000,3278.0000,3282.8000,3283.2000,3284.8000,3288.0000,5,6,1,2,1,1,3,5,1,1
SF,IH2010,2020-08-28 09:31:36.500,3273.0000,689,0,30469740.000,0,-,-,-,-,3270.6000,3270.4000,3270.2000,3268.0000,3267.4000,3277.8000,3278.0000,3282.8000,3283.2000,3284.8000,1,5,6,1,2,3,1,1,5,1
SF,IH2010,2020-08-28 09:31:37.000,3273.0000,689,0,30469740.000,0,-,-,-,-,3270.6000,3270.4000,3270.2000,3268.0000,3267.4000,3277.6000,3277.8000,3278.0000,3282.8000,3283.2000,1,4,6,1,2,2,3,1,1,5
SF,IH2010,2020-08-28 09:31:37.500,3273.0000,689,0,30469740.000,0,-,-,-,-,3270.8000,3270.6000,3270.4000,3270.2000,3268.0000,3277.6000,3277.8000,3278.0000,3282.8000,3283.2000,1,1,4,6,1,2,2,1,1,5
SF,IH2010,2020-08-28 09:31:38.000,3273.0000,689,0,30469740.000,0,-,-,-,-,3271.0000,3270.8000,3270.4000,3270.2000,3268.0000,3277.4000,3277.6000,3277.8000,3278.0000,3282.8000,2,1,4,6,1,2,2,2,1,1
SF,IH2010,2020-08-28 09:31:38.500,3273.0000,689,0,30469740.000,0,-,-,-,-,3271.0000,3270.4000,3270.2000,3268.0000,3267.4000,3277.4000,3277.6000,3277.8000,3278.0000,3282.8000,2,4,6,1,2,2,2,2,1,1
SF,IH2010,2020-08-28 09:31:39.000,3273.0000,689,0,30469740.000,0,-,-,-,-,3271.2000,3271.0000,3270.4000,3270.2000,3268.0000,3277.4000,3277.6000,3277.8000,3278.0000,3282.8000,1,2,4,6,1,2,2,2,1,1
SF,IH2010,2020-08-28 09:31:39.500,3273.0000,689,0,30469740.000,0,-,-,-,-,3271.4000,3271.2000,3271.0000,3270.4000,3270.2000,3277.4000,3277.6000,3277.8000,3278.0000,3282.8000,4,1,1,4,6,2,2,2,1,1
SF,IH2010,2020-08-28 09:31:40.000,3273.0000,689,0,30469740.000,0,-,-,-,-,3271.4000,3271.0000,3270.4000,3270.2000,3268.0000,3277.4000,3277.6000,3277.8000,3278.0000,3279.4000,4,1,4,6,1,2,2,2,1,1
SF,IH2010,2020-08-28 09:31:40.500,3273.0000,689,0,30469740.000,0,-,-,-,-,3271.6000,3271.4000,3271.0000,3270.4000,3270.2000,3277.4000,3277.6000,3277.8000,3278.0000,3279.4000,1,4,1,4,6,2,2,2,1,1
SF,IH2010,2020-08-28 09:31:41.000,3273.0000,689,0,30469740.000,0,-,-,-,-,3271.8000,3271.6000,3271.4000,3271.0000,3270.4000,3277.4000,3277.6000,3277.8000,3278.0000,3279.4000,2,1,3,1,4,2,2,2,1,1
SF,IH2010,2020-08-28 09:31:41.500,3273.0000,689,0,30469740.000,0,-,-,-,-,3273.6000,3271.8000,3271.4000,3271.0000,3270.4000,3274.6000,3277.4000,3277.6000,3277.8000,3278.0000,1,2,3,1,4,1,2,2,2,1
SF,IH2010,2020-08-28 09:31:42.000,3273.0000,689,0,30469740.000,0,-,-,-,-,3273.6000,3271.8000,3271.4000,3271.0000,3270.4000,3274.4000,3277.4000,3277.6000,3277.8000,3278.0000,1,2,3,1,4,1,2,2,2,1
SF,IH2010,2020-08-28 09:31:42.500,3274.4000,689,0,31452060.000,1,0,1,多换,S,3274.0000,3273.8000,3271.8000,3270.4000,3270.2000,3277.4000,3277.6000,3277.8000,3278.0000,3282.8000,1,1,2,3,6,1,2,1,1,1
SF,IH2010,2020-08-28 09:31:43.000,3274.4000,689,0,31452060.000,0,-,-,-,-,3274.2000,3274.0000,3273.8000,3270.4000,3270.2000,3277.2000,3277.4000,3277.6000,3277.8000,3278.0000,2,2,1,3,6,1,1,2,1,1
SF,IH2010,2020-08-28 09:31:43.500,3274.4000,689,0,31452060.000,0,-,-,-,-,3274.2000,3274.0000,3270.4000,3270.2000,3268.0000,3275.8000,3277.0000,3277.2000,3277.6000,3277.8000,2,2,3,6,1,1,1,1,2,1
SF,IH2010,2020-08-28 09:31:44.000,3274.4000,689,0,31452060.000,0,-,-,-,-,3274.2000,3274.0000,3270.4000,3270.2000,3268.0000,3275.6000,3277.2000,3277.8000,3278.0000,3282.8000,1,2,3,6,1,1,1,1,1,1
SF,IH2010,2020-08-28 09:31:44.500,3274.4000,689,0,31452060.000,0,-,-,-,-,3274.2000,3270.4000,3270.2000,3268.0000,3266.2000,3275.6000,3277.2000,3277.8000,3278.0000,3282.8000,3,3,6,1,1,1,1,1,1,1
SF,IH2010,2020-08-28 09:31:46.500,3274.4000,689,0,31452060.000,0,-,-,-,-,3274.2000,3270.4000,3270.2000,3268.0000,3266.2000,3275.6000,3277.2000,3277.8000,3278.0000,3282.8000,1,3,6,1,1,1,1,1,1,1
SF,IH2010,2020-08-28 09:31:47.000,3274.4000,689,0,31452060.000,0,-,-,-,-,3270.4000,3270.2000,3268.0000,3266.2000,3261.0000,3275.6000,3277.2000,3277.8000,3278.0000,3282.8000,3,6,1,1,1,1,1,1,1,1
SF,IH2010,2020-08-28 09:31:47.500,3274.4000,689,0,31452060.000,0,-,-,-,-,3273.6000,3270.6000,3270.4000,3270.2000,3268.0000,3275.6000,3277.2000,3277.8000,3278.0000,3282.8000,2,5,3,6,1,1,1,1,1,1
SF,IH2010,2020-08-28 09:31:48.000,3274.4000,689,0,31452060.000,0,-,-,-,-,3273.8000,3270.6000,3270.4000,3270.2000,3268.0000,3275.6000,3277.2000,3277.8000,3278.0000,3282.8000,2,4,3,6,1,1,1,1,1,1
SF,IH2010,2020-08-28 09:31:50.500,3274.4000,689,0,31452060.000,0,-,-,-,-,3270.6000,3270.4000,3270.2000,3268.0000,3266.2000,3275.6000,3277.2000,3277.8000,3278.0000,3282.8000,4,3,6,1,1,1,1,1,1,1
SF,IH2010,2020-08-28 09:31:51.000,3274.4000,689,0,31452060.000,0,-,-,-,-,3273.4000,3270.8000,3270.6000,3270.4000,3270.2000,3275.6000,3277.2000,3277.8000,3278.0000,3282.8000,2,1,4,3,6,1,1,1,1,1
SF,IH2010,2020-08-28 09:31:52.000,3274.4000,689,0,31452060.000,0,-,-,-,-,3270.8000,3270.6000,3270.4000,3270.2000,3268.0000,3275.6000,3277.2000,3277.8000,3278.0000,3282.8000,1,4,3,6,1,1,1,1,1,1
SF,IH2010,2020-08-28 09:31:52.500,3274.4000,689,0,31452060.000,0,-,-,-,-,3272.4000,3271.0000,3270.8000,3270.6000,3270.4000,3275.4000,3275.6000,3277.2000,3277.8000,3278.0000,2,2,1,3,3,2,1,1,1,1
SF,IH2010,2020-08-28 09:31:53.000,3274.4000,689,0,31452060.000,0,-,-,-,-,3272.8000,3272.6000,3271.0000,3270.6000,3270.4000,3275.2000,3275.4000,3277.2000,3277.8000,3278.0000,2,1,1,3,3,1,2,1,1,1
SF,IH2010,2020-08-28 09:31:53.500,3274.4000,689,0,31452060.000,0,-,-,-,-,3273.0000,3272.8000,3272.6000,3271.0000,3270.4000,3275.2000,3275.4000,3277.8000,3278.0000,3282.8000,1,2,1,1,3,1,2,1,1,1
SF,IH2010,2020-08-28 09:31:54.000,3274.4000,689,0,31452060.000,0,-,-,-,-,3273.0000,3272.8000,3272.6000,3270.4000,3270.2000,3275.2000,3275.4000,3277.8000,3278.0000,3282.8000,1,2,1,3,6,1,2,1,1,1
SF,IH2010,2020-08-28 09:31:54.500,3274.4000,689,0,31452060.000,0,-,-,-,-,3273.0000,3272.6000,3270.4000,3270.2000,3268.0000,3275.0000,3275.2000,3275.4000,3277.8000,3278.0000,1,1,3,6,1,1,1,2,1,1
SF,IH2010,2020-08-28 09:31:55.000,3274.4000,689,0,31452060.000,0,-,-,-,-,3273.0000,3272.6000,3270.4000,3270.2000,3268.0000,3274.8000,3275.0000,3275.4000,3277.8000,3278.0000,1,1,3,6,1,1,1,2,1,1
SF,IH2010,2020-08-28 09:31:55.500,3274.4000,689,0,31452060.000,0,-,-,-,-,3273.0000,3270.4000,3270.2000,3268.0000,3266.2000,3274.8000,3275.0000,3275.4000,3277.8000,3278.0000,1,3,6,1,1,1,1,2,1,1
SF,IH2010,2020-08-28 09:31:56.000,3274.4000,689,0,31452060.000,0,-,-,-,-,3273.0000,3270.4000,3270.2000,3268.0000,3266.2000,3274.8000,3275.4000,3277.8000,3278.0000,3282.8000,1,3,6,1,1,1,2,1,1,1
SF,IH2010,2020-08-28 09:31:58.000,3274.4000,689,0,31452060.000,0,-,-,-,-,3273.0000,3270.4000,3270.2000,3268.0000,3266.2000,3274.8000,3275.4000,3277.8000,3278.0000,3282.8000,3,3,6,1,1,1,2,1,1,1
SF,IH2010,2020-08-28 09:31:59.000,3274.4000,689,0,31452060.000,0,-,-,-,-,3273.0000,3270.4000,3270.2000,3268.0000,3266.2000,3274.8000,3277.8000,3278.0000,3282.8000,3283.2000,3,3,6,1,1,1,1,1,1,5
SF,IH2010,2020-08-28 09:32:00.000,3274.4000,689,0,31452060.000,0,-,-,-,-,3273.2000,3273.0000,3270.4000,3270.2000,3268.0000,3274.8000,3277.8000,3278.0000,3282.8000,3283.2000,2,1,3,6,1,1,1,1,1,5
SF,IH2010,2020-08-28 09:32:00.500,3274.4000,689,0,31452060.000,0,-,-,-,-,3273.2000,3270.4000,3270.2000,3268.0000,3266.2000,3274.8000,3277.8000,3278.0000,3282.8000,3283.2000,2,3,6,1,1,1,1,1,1,5
SF,IH2010,2020-08-28 09:32:01.500,3274.4000,689,0,31452060.000,0,-,-,-,-,3270.4000,3270.2000,3268.0000,3266.2000,3261.0000,3274.8000,3277.8000,3278.0000,3282.8000,3283.2000,3,6,1,1,1,1,1,1,1,5
SF,IH2010,2020-08-28 09:32:02.000,3274.4000,689,0,31452060.000,0,-,-,-,-,3272.4000,3270.6000,3270.4000,3270.2000,3268.0000,3274.8000,3277.8000,3278.0000,3282.8000,3283.2000,2,3,3,6,1,1,1,1,1,5
SF,IH2010,2020-08-28 09:32:02.500,3274.4000,689,0,31452060.000,0,-,-,-,-,3272.4000,3270.6000,3270.4000,3270.2000,3268.0000,3274.6000,3274.8000,3277.8000,3278.0000,3282.8000,2,2,3,6,1,1,1,1,1,1
SF,IH2010,2020-08-28 09:32:03.000,3274.4000,689,0,31452060.000,0,-,-,-,-,3270.6000,3270.2000,3268.0000,3266.2000,3261.0000,3274.4000,3274.6000,3277.8000,3278.0000,3282.8000,2,6,1,1,1,1,1,1,1,1
SF,IH2010,2020-08-28 09:32:03.500,3274.4000,689,0,31452060.000,0,-,-,-,-,3271.8000,3270.8000,3270.6000,3270.2000,3268.0000,3274.2000,3274.4000,3274.6000,3277.8000,3278.0000,2,1,2,6,1,3,1,1,1,1
SF,IH2010,2020-08-28 09:32:04.000,3274.4000,689,0,31452060.000,0,-,-,-,-,3272.6000,3272.0000,3270.6000,3268.0000,3266.2000,3274.0000,3277.8000,3278.0000,3282.8000,3283.2000,2,1,2,1,1,1,1,1,1,5
SF,IH2010,2020-08-28 09:32:04.500,3274.2000,688,-1,32434320.000,1,0,1,双平,S,3272.6000,3272.0000,3270.6000,3268.0000,3266.2000,3277.8000,3278.0000,3282.8000,3283.2000,3284.8000,2,1,2,1,1,1,1,1,5,1
SF,IH2010,2020-08-28 09:32:05.000,3274.2000,688,0,32434320.000,0,-,-,-,-,3272.8000,3272.6000,3272.0000,3270.6000,3268.0000,3274.2000,3277.6000,3277.8000,3278.0000,3282.8000,2,2,1,1,1,1,4,1,1,1
SF,IH2010,2020-08-28 09:32:05.500,3274.2000,688,0,32434320.000,0,-,-,-,-,3272.8000,3272.6000,3272.0000,3270.6000,3268.0000,3277.6000,3277.8000,3278.0000,3282.8000,3283.2000,1,2,1,1,1,4,1,1,1,5
SF,IH2010,2020-08-28 09:32:06.000,3274.2000,688,0,32434320.000,0,-,-,-,-,3273.0000,3272.8000,3272.6000,3272.0000,3270.6000,3277.4000,3277.6000,3277.8000,3278.0000,3282.8000,1,1,2,1,1,1,4,1,1,1
SF,IH2010,2020-08-28 09:32:06.500,3274.2000,688,0,32434320.000,0,-,-,-,-,3273.0000,3272.6000,3272.0000,3270.6000,3268.0000,3274.4000,3277.2000,3277.4000,3277.6000,3277.8000,1,2,1,1,1,1,1,1,4,1
SF,IH2010,2020-08-28 09:32:07.000,3274.2000,688,0,32434320.000,0,-,-,-,-,3272.8000,3272.6000,3272.0000,3270.6000,3268.0000,3277.2000,3277.4000,3277.6000,3277.8000,3278.0000,1,2,1,1,1,1,1,4,1,1
SF,IH2010,2020-08-28 09:32:07.500,3274.2000,688,0,32434320.000,0,-,-,-,-,3273.0000,3272.8000,3268.0000,3266.2000,3261.0000,3277.2000,3277.6000,3277.8000,3278.0000,3282.8000,2,1,1,1,1,1,4,1,1,1
SF,IH2010,2020-08-28 09:32:08.000,3274.2000,688,0,32434320.000,0,-,-,-,-,3273.0000,3272.8000,3268.0000,3266.2000,3261.0000,3274.0000,3277.0000,3277.2000,3277.6000,3277.8000,2,1,1,1,1,1,1,1,4,1
SF,IH2010,2020-08-28 09:32:08.500,3274.2000,688,0,32434320.000,0,-,-,-,-,3273.0000,3272.8000,3268.0000,3266.2000,3261.0000,3277.0000,3277.6000,3277.8000,3278.0000,3282.8000,1,1,1,1,1,1,2,1,1,1
SF,IH2010,2020-08-28 09:32:09.000,3274.2000,688,0,32434320.000,0,-,-,-,-,3273.2000,3273.0000,3272.8000,3268.0000,3266.2000,3276.8000,3277.0000,3277.6000,3277.8000,3278.0000,1,1,1,1,1,1,1,2,1,1
SF,IH2010,2020-08-28 09:32:09.500,3274.2000,688,0,32434320.000,0,-,-,-,-,3273.2000,3272.8000,3268.0000,3266.2000,3261.0000,3273.8000,3276.8000,3277.6000,3277.8000,3278.0000,1,1,1,1,1,1,1,2,1,1
SF,IH2010,2020-08-28 09:32:10.000,3274.2000,688,0,32434320.000,0,-,-,-,-,3272.8000,3268.0000,3266.2000,3261.0000,3260.4000,3273.8000,3276.8000,3277.6000,3277.8000,3278.0000,1,1,1,1,5,1,1,2,1,1
SF,IH2010,2020-08-28 09:32:10.500,3274.2000,688,0,32434320.000,0,-,-,-,-,3272.8000,3268.0000,3266.2000,3261.0000,3260.4000,3276.8000,3277.6000,3277.8000,3278.0000,3282.8000,1,1,1,1,5,1,2,1,1,1
SF,IH2010,2020-08-28 09:32:11.000,3274.2000,688,0,32434320.000,0,-,-,-,-,3273.0000,3272.8000,3268.0000,3266.2000,3261.0000,3276.8000,3277.6000,3277.8000,3278.0000,3282.8000,2,1,1,1,1,1,2,1,1,1
SF,IH2010,2020-08-28 09:32:11.500,3272.8000,686,-2,35379960.000,3,0,3,多平,S,3268.0000,3266.2000,3261.0000,3260.4000,3256.0000,3272.8000,3273.2000,3276.6000,3276.8000,3277.6000,1,1,1,5,1,1,1,2,1,2
SF,IH2010,2020-08-28 09:32:12.000,3272.8000,686,0,35379960.000,0,-,-,-,-,3272.0000,3268.2000,3268.0000,3266.2000,3261.0000,3272.6000,3276.6000,3276.8000,3277.6000,3277.8000,2,6,1,1,1,1,1,1,2,1
SF,IH2010,2020-08-28 09:32:12.500,3272.6000,685,-1,39306720.000,4,1,3,多平,S,3272.6000,3268.2000,3268.0000,3266.2000,3261.0000,3276.6000,3276.8000,3277.6000,3277.8000,3278.0000,1,6,1,1,1,1,1,2,1,1
SF,IH2010,2020-08-28 09:32:13.000,3272.8000,686,1,40288560.000,1,1,0,双开,S,3272.6000,3268.2000,3268.0000,3266.2000,3261.0000,3272.8000,3273.8000,3276.4000,3276.6000,3276.8000,1,6,1,1,1,1,1,1,1,1
SF,IH2010,2020-08-28 09:32:13.500,3272.8000,686,0,40288560.000,0,-,-,-,-,3268.2000,3268.0000,3266.2000,3261.0000,3260.4000,3272.8000,3276.4000,3276.6000,3276.8000,3277.6000,6,1,1,1,5,1,1,1,1,2
SF,IH2010,2020-08-28 09:32:14.000,3272.8000,686,0,40288560.000,0,-,-,-,-,3271.6000,3268.4000,3268.2000,3268.0000,3266.2000,3272.6000,3277.6000,3277.8000,3278.0000,3282.8000,1,1,6,1,1,2,2,1,1,1
SF,IH2010,2020-08-28 09:32:14.500,3271.6000,686,0,41270040.000,1,0,1,多换,S,3268.4000,3268.2000,3268.0000,3266.2000,3261.0000,3272.4000,3272.6000,3277.6000,3277.8000,3278.0000,1,3,1,1,1,1,1,2,1,1
SF,IH2010,2020-08-28 09:32:15.000,3271.6000,686,0,41270040.000,0,-,-,-,-,3268.6000,3268.4000,3268.2000,3268.0000,3266.2000,3272.2000,3272.4000,3272.6000,3277.6000,3277.8000,1,1,3,1,1,1,2,1,2,1
SF,IH2010,2020-08-28 09:32:15.500,3271.6000,686,0,41270040.000,0,-,-,-,-,3268.6000,3268.2000,3268.0000,3266.2000,3261.0000,3271.8000,3272.0000,3272.2000,3272.6000,3277.6000,1,3,1,1,1,2,1,1,1,2
SF,IH2010,2020-08-28 09:32:16.000,3271.6000,686,0,41270040.000,0,-,-,-,-,3268.6000,3268.2000,3268.0000,3266.2000,3261.0000,3271.6000,3271.8000,3272.6000,3277.6000,3277.8000,1,3,1,1,1,1,2,1,2,1
SF,IH2010,2020-08-28 09:32:16.500,3271.6000,686,0,41270040.000,0,-,-,-,-,3268.6000,3268.2000,3268.0000,3266.2000,3261.0000,3271.4000,3271.6000,3272.6000,3277.6000,3277.8000,1,3,1,1,1,1,1,1,2,1
SF,IH2010,2020-08-28 09:32:17.000,3271.4000,685,-1,43232880.000,2,0,2,多平,S,3268.8000,3268.6000,3268.2000,3268.0000,3266.2000,3272.6000,3277.6000,3277.8000,3278.0000,3282.8000,1,1,3,1,1,1,2,1,1,1
SF,IH2010,2020-08-28 09:32:17.500,3271.4000,685,0,43232880.000,0,-,-,-,-,3269.0000,3268.8000,3268.6000,3268.2000,3268.0000,3272.4000,3272.6000,3277.6000,3277.8000,3278.0000,1,1,1,3,1,2,1,2,1,1
SF,IH2010,2020-08-28 09:32:18.000,3271.4000,685,0,43232880.000,0,-,-,-,-,3269.2000,3269.0000,3268.6000,3268.2000,3268.0000,3272.2000,3272.6000,3277.6000,3277.8000,3278.0000,1,1,1,3,1,2,1,2,1,1
SF,IH2010,2020-08-28 09:32:18.500,3271.4000,685,0,43232880.000,0,-,-,-,-,3269.4000,3269.2000,3269.0000,3268.6000,3268.2000,3271.6000,3272.6000,3275.6000,3277.6000,3277.8000,2,1,1,1,3,2,1,5,2,1
SF,IH2010,2020-08-28 09:32:20.500,3271.4000,685,0,43232880.000,0,-,-,-,-,3269.4000,3269.2000,3269.0000,3268.6000,3268.2000,3271.2000,3272.6000,3275.6000,3277.6000,3277.8000,2,1,1,1,3,2,1,5,2,1
SF,IH2010,2020-08-28 09:32:21.000,3271.4000,685,0,43232880.000,0,-,-,-,-,3269.4000,3269.0000,3268.6000,3268.2000,3268.0000,3271.2000,3272.6000,3275.6000,3277.6000,3277.8000,2,1,1,3,1,2,1,5,2,1
SF,IH2010,2020-08-28 09:32:21.500,3271.4000,685,0,43232880.000,0,-,-,-,-,3269.4000,3269.0000,3268.6000,3268.0000,3266.2000,3270.8000,3272.6000,3275.6000,3277.6000,3277.8000,2,1,1,1,1,2,1,5,2,1
SF,IH2010,2020-08-28 09:32:22.000,3271.4000,685,0,43232880.000,0,-,-,-,-,3269.0000,3268.6000,3268.0000,3266.2000,3261.0000,3270.6000,3272.6000,3275.6000,3277.6000,3277.8000,1,1,1,1,1,2,1,5,2,1
SF,IH2010,2020-08-28 09:32:22.500,3271.4000,685,0,43232880.000,0,-,-,-,-,3268.6000,3268.0000,3266.2000,3261.0000,3260.4000,3270.0000,3272.6000,3275.6000,3277.6000,3277.8000,1,1,1,1,5,2,1,5,2,1
SF,IH2010,2020-08-28 09:32:23.000,3271.4000,685,0,43232880.000,0,-,-,-,-,3268.6000,3268.0000,3266.2000,3261.0000,3260.4000,3275.6000,3277.6000,3277.8000,3278.0000,3282.8000,1,1,1,1,5,5,2,1,1,1
SF,IH2010,2020-08-28 09:32:23.500,3271.4000,685,0,43232880.000,0,-,-,-,-,3268.8000,3268.6000,3268.0000,3266.2000,3261.0000,3270.4000,3271.2000,3275.4000,3275.6000,3278.0000,1,1,1,1,1,2,1,2,5,1
SF,IH2010,2020-08-28 09:32:24.000,3271.4000,685,0,43232880.000,0,-,-,-,-,3268.6000,3268.0000,3266.2000,3261.0000,3260.4000,3270.0000,3275.4000,3275.6000,3278.0000,3282.8000,1,1,1,1,5,2,1,5,1,1
SF,IH2010,2020-08-28 09:32:24.500,3271.4000,685,0,43232880.000,0,-,-,-,-,3268.6000,3268.0000,3266.2000,3261.0000,3260.4000,3275.6000,3278.0000,3282.8000,3284.8000,3288.0000,1,1,1,1,5,5,1,1,1,1
SF,IH2010,2020-08-28 09:32:25.000,3271.4000,685,0,43232880.000,0,-,-,-,-,3268.8000,3268.6000,3268.0000,3266.2000,3261.0000,3270.4000,3271.2000,3275.4000,3275.6000,3278.0000,1,1,1,1,1,2,1,4,5,1
SF,IH2010,2020-08-28 09:32:25.500,3271.4000,685,0,43232880.000,0,-,-,-,-,3268.6000,3268.0000,3266.2000,3261.0000,3260.4000,3270.4000,3275.4000,3275.6000,3278.0000,3282.8000,1,1,1,1,5,2,3,5,1,1
SF,IH2010,2020-08-28 09:32:26.500,3271.4000,685,0,43232880.000,0,-,-,-,-,3268.6000,3268.0000,3266.2000,3261.0000,3260.4000,3275.4000,3275.6000,3278.0000,3282.8000,3284.8000,1,1,1,1,5,3,5,1,1,1
SF,IH2010,2020-08-28 09:32:27.000,3271.4000,685,0,43232880.000,0,-,-,-,-,3268.8000,3268.6000,3268.0000,3266.2000,3261.0000,3271.0000,3272.0000,3275.2000,3275.4000,3275.6000,1,1,1,1,1,2,1,1,3,5
SF,IH2010,2020-08-28 09:32:27.500,3271.4000,685,0,43232880.000,0,-,-,-,-,3268.6000,3268.0000,3266.2000,3261.0000,3260.4000,3271.0000,3275.4000,3275.6000,3278.0000,3282.8000,1,1,1,1,5,2,3,5,1,1
SF,IH2010,2020-08-28 09:32:28.500,3271.4000,685,0,43232880.000,0,-,-,-,-,3268.8000,3268.6000,3268.0000,3266.2000,3261.0000,3271.0000,3275.4000,3275.6000,3278.0000,3282.8000,3,1,1,1,1,2,3,5,1,1
SF,IH2010,2020-08-28 09:32:29.500,3271.4000,685,0,43232880.000,0,-,-,-,-,3268.8000,3268.6000,3268.0000,3266.2000,3261.0000,3271.0000,3275.4000,3275.6000,3276.8000,3278.0000,3,1,1,1,1,2,3,5,3,1
SF,IH2010,2020-08-28 09:32:31.000,3271.4000,685,0,43232880.000,0,-,-,-,-,3268.8000,3268.6000,3268.0000,3266.2000,3261.0000,3270.8000,3275.4000,3275.6000,3276.8000,3278.0000,3,1,1,1,1,2,3,5,3,1
SF,IH2010,2020-08-28 09:32:31.500,3271.4000,685,0,43232880.000,0,-,-,-,-,3268.8000,3268.6000,3268.0000,3266.2000,3261.0000,3275.4000,3275.6000,3276.8000,3278.0000,3282.8000,3,1,1,1,1,3,5,3,1,1
SF,IH2010,2020-08-28 09:32:32.000,3271.4000,685,0,43232880.000,0,-,-,-,-,3269.0000,3268.8000,3268.6000,3268.0000,3266.2000,3271.8000,3275.2000,3275.4000,3275.6000,3276.8000,1,3,1,1,1,2,1,3,5,3
SF,IH2010,2020-08-28 09:32:32.500,3271.4000,685,0,43232880.000,0,-,-,-,-,3269.0000,3268.8000,3268.6000,3268.0000,3266.2000,3271.8000,3275.4000,3275.6000,3276.8000,3278.0000,1,3,1,1,1,2,3,5,3,1
SF,IH2010,2020-08-28 09:32:35.000,3271.4000,685,0,43232880.000,0,-,-,-,-,3269.2000,3269.0000,3268.8000,3268.6000,3268.0000,3271.8000,3275.4000,3275.6000,3276.8000,3278.0000,1,1,3,1,1,2,3,5,3,1
SF,IH2010,2020-08-28 09:32:35.500,3271.4000,685,0,43232880.000,0,-,-,-,-,3269.2000,3269.0000,3268.8000,3268.6000,3268.0000,3271.4000,3275.4000,3275.6000,3276.8000,3278.0000,1,1,3,1,1,2,3,5,3,1
SF,IH2010,2020-08-28 09:32:36.500,3269.0000,687,2,45194340.000,2,2,0,双开,S,3268.8000,3268.6000,3268.0000,3266.2000,3261.0000,3269.0000,3271.0000,3275.4000,3275.6000,3276.8000,3,1,1,1,1,2,2,3,5,3
SF,IH2010,2020-08-28 09:32:37.000,3269.0000,688,1,47155740.000,2,1,1,空开,S,3269.0000,3268.8000,3268.6000,3268.0000,3266.2000,3271.0000,3275.4000,3275.6000,3276.8000,3278.0000,4,3,1,1,1,2,3,5,3,1
SF,IH2010,2020-08-28 09:32:37.500,3269.0000,688,0,47155740.000,0,-,-,-,-,3269.2000,3268.8000,3268.6000,3268.0000,3266.2000,3271.0000,3275.4000,3275.6000,3276.8000,3278.0000,1,3,1,1,1,2,3,5,3,1
SF,IH2010,2020-08-28 09:32:38.500,3269.0000,688,0,47155740.000,0,-,-,-,-,3268.8000,3268.6000,3268.0000,3266.2000,3261.0000,3270.4000,3275.4000,3275.6000,3276.8000,3278.0000,3,1,1,1,1,2,3,5,3,1
SF,IH2010,2020-08-28 09:32:39.500,3269.0000,688,0,47155740.000,0,-,-,-,-,3268.8000,3268.6000,3268.0000,3266.2000,3261.0000,3270.2000,3275.4000,3275.6000,3276.8000,3278.0000,3,1,1,1,1,2,3,5,3,1
SF,IH2010,2020-08-28 09:32:40.000,3269.0000,688,0,47155740.000,0,-,-,-,-,3268.8000,3268.6000,3268.0000,3266.2000,3261.0000,3270.0000,3275.4000,3275.6000,3276.8000,3278.0000,3,1,1,1,1,2,3,5,3,1
SF,IH2010,2020-08-28 09:32:40.500,3269.0000,688,0,47155740.000,0,-,-,-,-,3268.8000,3268.6000,3268.0000,3266.2000,3261.0000,3275.4000,3275.6000,3276.8000,3278.0000,3282.8000,3,1,1,1,1,3,5,3,1,1
SF,IH2010,2020-08-28 09:32:41.000,3269.0000,688,0,47155740.000,0,-,-,-,-,3268.8000,3268.6000,3268.0000,3266.2000,3261.0000,3270.2000,3271.0000,3275.2000,3275.4000,3275.6000,3,1,1,1,1,2,1,2,5,5
SF,IH2010,2020-08-28 09:32:41.500,3269.0000,688,0,47155740.000,0,-,-,-,-,3268.8000,3268.6000,3268.0000,3266.2000,3261.0000,3270.2000,3275.2000,3275.4000,3275.6000,3276.8000,3,1,1,1,1,2,2,4,5,3
SF,IH2010,2020-08-28 09:32:42.500,3269.0000,688,0,47155740.000,0,-,-,-,-,3268.0000,3266.2000,3261.0000,3260.4000,3256.0000,3269.8000,3275.2000,3275.4000,3275.6000,3276.8000,1,1,1,5,1,2,2,3,5,3
SF,IH2010,2020-08-28 09:32:43.000,3269.0000,688,0,47155740.000,0,-,-,-,-,3268.2000,3268.0000,3266.2000,3261.0000,3256.6000,3269.4000,3275.2000,3275.4000,3275.6000,3276.8000,2,1,1,1,5,2,2,3,5,3
SF,IH2010,2020-08-28 09:32:43.500,3269.0000,688,0,47155740.000,0,-,-,-,-,3268.2000,3268.0000,3266.2000,3261.0000,3256.6000,3275.2000,3275.4000,3275.6000,3276.8000,3278.0000,2,1,1,1,5,1,3,5,3,1
SF,IH2010,2020-08-28 09:32:44.000,3269.0000,688,0,47155740.000,0,-,-,-,-,3268.2000,3268.0000,3266.2000,3261.0000,3256.6000,3270.2000,3271.0000,3275.0000,3275.2000,3275.4000,2,1,1,1,5,2,1,1,1,3
SF,IH2010,2020-08-28 09:32:44.500,3269.0000,688,0,47155740.000,0,-,-,-,-,3268.2000,3268.0000,3266.2000,3261.0000,3256.6000,3269.8000,3275.4000,3275.6000,3276.8000,3278.0000,2,1,1,1,5,2,3,5,3,1
SF,IH2010,2020-08-28 09:32:45.000,3269.0000,688,0,47155740.000,0,-,-,-,-,3268.2000,3268.0000,3266.2000,3261.0000,3256.6000,3269.6000,3275.4000,3275.6000,3276.8000,3278.0000,2,1,1,1,5,2,3,5,3,1
SF,IH2010,2020-08-28 09:32:45.500,3269.0000,688,0,47155740.000,0,-,-,-,-,3268.0000,3266.2000,3261.0000,3256.6000,3256.0000,3269.4000,3275.4000,3275.6000,3276.8000,3278.0000,1,1,1,5,1,2,3,5,3,1
SF,IH2010,2020-08-28 09:32:46.000,3269.0000,688,0,47155740.000,0,-,-,-,-,3268.0000,3266.2000,3261.0000,3256.6000,3256.0000,3269.2000,3275.4000,3275.6000,3276.8000,3278.0000,1,1,1,5,1,2,3,5,3,1
SF,IH2010,2020-08-28 09:32:48.000,3269.0000,688,0,47155740.000,0,-,-,-,-,3268.2000,3268.0000,3266.2000,3261.0000,3256.6000,3269.2000,3275.4000,3275.6000,3276.8000,3278.0000,1,1,1,1,5,2,3,5,3,1
SF,IH2010,2020-08-28 09:32:48.500,3269.0000,688,0,47155740.000,0,-,-,-,-,3268.0000,3266.2000,3261.0000,3256.6000,3256.0000,3269.2000,3275.4000,3275.6000,3276.8000,3278.0000,1,1,1,5,1,2,3,5,3,1
SF,IH2010,2020-08-28 09:32:49.000,3269.0000,688,0,47155740.000,0,-,-,-,-,3268.2000,3268.0000,3266.2000,3261.0000,3256.6000,3275.4000,3275.6000,3276.8000,3278.0000,3282.8000,2,1,1,1,5,3,5,3,1,1
SF,IH2010,2020-08-28 09:32:49.500,3269.0000,688,0,47155740.000,0,-,-,-,-,3268.2000,3268.0000,3266.2000,3261.0000,3256.6000,3269.8000,3270.6000,3275.0000,3275.2000,3275.4000,2,1,1,1,5,2,1,2,4,3
SF,IH2010,2020-08-28 09:32:50.000,3269.0000,688,0,47155740.000,0,-,-,-,-,3268.2000,3268.0000,3266.2000,3261.0000,3256.6000,3269.8000,3275.0000,3275.2000,3275.4000,3275.6000,2,1,1,1,5,2,1,4,3,5
SF,IH2010,2020-08-28 09:32:50.500,3269.8000,688,0,49117620.000,2,1,1,多换,S,3268.2000,3268.0000,3266.2000,3261.0000,3256.6000,3275.2000,3275.4000,3275.6000,3276.8000,3278.0000,2,1,1,1,5,4,3,5,3,1
SF,IH2010,2020-08-28 09:32:51.000,3269.8000,688,0,49117620.000,0,-,-,-,-,3269.2000,3268.2000,3268.0000,3266.2000,3261.0000,3271.2000,3275.2000,3275.4000,3275.6000,3276.8000,2,2,1,1,1,1,4,3,5,3
SF,IH2010,2020-08-28 09:32:51.500,3269.8000,688,0,49117620.000,0,-,-,-,-,3269.4000,3268.2000,3268.0000,3266.2000,3261.0000,3275.2000,3275.4000,3275.6000,3276.8000,3278.0000,1,2,1,1,1,3,3,5,3,1
SF,IH2010,2020-08-28 09:32:52.000,3269.8000,688,0,49117620.000,0,-,-,-,-,3270.2000,3269.6000,3269.4000,3268.2000,3268.0000,3275.2000,3275.4000,3275.6000,3276.8000,3278.0000,2,1,1,2,1,3,3,5,3,1
SF,IH2010,2020-08-28 09:32:52.500,3269.8000,688,0,49117620.000,0,-,-,-,-,3270.4000,3270.2000,3269.4000,3268.2000,3268.0000,3271.8000,3275.2000,3275.4000,3275.6000,3276.8000,1,2,1,2,1,1,3,3,5,3
SF,IH2010,2020-08-28 09:32:53.000,3269.8000,688,0,49117620.000,0,-,-,-,-,3270.2000,3269.4000,3268.2000,3268.0000,3266.2000,3275.2000,3275.4000,3275.6000,3276.8000,3278.0000,2,1,2,1,1,3,3,5,3,1
SF,IH2010,2020-08-28 09:32:53.500,3269.8000,688,0,49117620.000,0,-,-,-,-,3270.4000,3268.2000,3268.0000,3266.2000,3261.0000,3275.2000,3275.4000,3275.6000,3276.8000,3278.0000,1,2,1,1,1,3,3,5,3,1
SF,IH2010,2020-08-28 09:32:54.000,3269.8000,688,0,49117620.000,0,-,-,-,-,3270.4000,3268.2000,3268.0000,3266.2000,3261.0000,3271.2000,3275.2000,3275.4000,3275.6000,3276.8000,1,2,1,1,1,1,3,3,5,3
SF,IH2010,2020-08-28 09:32:54.500,3270.4000,688,0,50098740.000,1,0,1,多换,S,3268.2000,3268.0000,3266.2000,3261.0000,3256.6000,3270.4000,3275.2000,3275.4000,3275.6000,3276.8000,2,1,1,1,5,1,3,3,5,3
SF,IH2010,2020-08-28 09:32:55.000,3270.4000,688,0,50098740.000,0,-,-,-,-,3269.8000,3268.4000,3268.2000,3268.0000,3266.2000,3270.4000,3275.2000,3275.4000,3275.6000,3276.8000,2,2,2,1,1,1,3,3,5,3
SF,IH2010,2020-08-28 09:32:55.500,3270.4000,688,0,50098740.000,0,-,-,-,-,3269.8000,3268.4000,3268.2000,3268.0000,3266.2000,3275.2000,3275.4000,3275.6000,3276.8000,3278.0000,2,2,2,1,1,3,3,5,3,1
SF,IH2010,2020-08-28 09:32:56.000,3270.4000,688,0,50098740.000,0,-,-,-,-,3269.8000,3268.4000,3268.2000,3268.0000,3266.2000,3271.6000,3275.0000,3275.2000,3275.4000,3275.6000,2,2,2,1,1,1,2,3,3,5
SF,IH2010,2020-08-28 09:32:56.500,3270.4000,688,0,50098740.000,0,-,-,-,-,3269.8000,3268.4000,3268.2000,3268.0000,3266.2000,3275.0000,3275.4000,3275.6000,3276.8000,3278.0000,2,2,2,1,1,2,3,5,3,1
SF,IH2010,2020-08-28 09:32:57.000,3270.4000,688,0,50098740.000,0,-,-,-,-,3269.8000,3268.4000,3268.2000,3268.0000,3266.2000,3274.8000,3275.0000,3275.4000,3275.6000,3276.8000,2,2,2,1,1,1,1,3,5,3
SF,IH2010,2020-08-28 09:32:57.500,3270.4000,688,0,50098740.000,0,-,-,-,-,3269.8000,3268.4000,3268.2000,3268.0000,3266.2000,3271.6000,3274.6000,3274.8000,3275.4000,3275.6000,2,2,2,1,1,1,1,1,3,5
SF,IH2010,2020-08-28 09:32:58.000,3270.4000,688,0,50098740.000,0,-,-,-,-,3269.8000,3268.4000,3268.2000,3268.0000,3266.2000,3270.6000,3273.8000,3274.6000,3275.4000,3275.6000,2,2,2,1,1,1,1,1,3,5
SF,IH2010,2020-08-28 09:32:58.500,3270.6000,687,-1,51079920.000,1,0,1,双平,S,3269.8000,3268.4000,3268.2000,3268.0000,3266.2000,3273.8000,3274.6000,3275.4000,3275.6000,3276.8000,2,2,2,1,1,1,1,3,5,3
SF,IH2010,2020-08-28 09:32:59.000,3270.6000,687,0,51079920.000,0,-,-,-,-,3269.8000,3268.4000,3268.2000,3268.0000,3266.2000,3271.6000,3273.6000,3273.8000,3275.4000,3275.6000,2,2,2,1,1,1,2,1,3,5
SF,IH2010,2020-08-28 09:32:59.500,3270.6000,687,0,51079920.000,0,-,-,-,-,3268.4000,3268.2000,3268.0000,3266.2000,3261.0000,3273.6000,3273.8000,3275.4000,3275.6000,3276.8000,2,2,1,1,1,1,1,3,5,3
SF,IH2010,2020-08-28 09:33:00.000,3270.6000,687,0,51079920.000,0,-,-,-,-,3269.8000,3268.4000,3268.2000,3268.0000,3266.2000,3273.4000,3273.6000,3273.8000,3275.4000,3275.6000,2,2,2,1,1,1,1,1,3,5
SF,IH2010,2020-08-28 09:33:00.500,3270.6000,687,0,51079920.000,0,-,-,-,-,3269.8000,3268.4000,3268.2000,3268.0000,3266.2000,3273.2000,3273.4000,3273.8000,3275.4000,3275.6000,2,2,2,1,1,1,1,1,3,5
SF,IH2010,2020-08-28 09:33:01.000,3270.6000,687,0,51079920.000,0,-,-,-,-,3268.4000,3268.2000,3268.0000,3266.2000,3261.0000,3273.2000,3273.4000,3273.8000,3275.4000,3275.6000,2,2,1,1,1,1,1,1,3,5
SF,IH2010,2020-08-28 09:33:01.500,3270.6000,687,0,51079920.000,0,-,-,-,-,3270.4000,3268.6000,3268.4000,3268.2000,3268.0000,3273.2000,3273.4000,3275.4000,3275.6000,3276.8000,2,1,2,2,1,1,1,3,5,3
SF,IH2010,2020-08-28 09:33:02.000,3270.6000,687,0,51079920.000,0,-,-,-,-,3268.6000,3268.0000,3266.2000,3261.0000,3256.6000,3273.2000,3275.4000,3276.8000,3278.0000,3279.4000,1,1,1,1,5,1,3,3,1,5
SF,IH2010,2020-08-28 09:33:02.500,3270.6000,687,0,51079920.000,0,-,-,-,-,3272.6000,3268.8000,3268.6000,3268.0000,3266.2000,3273.2000,3276.8000,3278.0000,3279.4000,3282.8000,2,4,1,1,1,1,3,1,5,1
SF,IH2010,2020-08-28 09:33:03.000,3270.6000,687,0,51079920.000,0,-,-,-,-,3272.6000,3268.8000,3268.6000,3268.0000,3266.2000,3276.8000,3278.0000,3279.4000,3282.8000,3284.8000,2,3,1,1,1,3,1,5,1,1
SF,IH2010,2020-08-28 09:33:03.500,3270.6000,687,0,51079920.000,0,-,-,-,-,3272.6000,3268.8000,3268.0000,3266.2000,3261.0000,3274.4000,3276.6000,3276.8000,3278.0000,3279.4000,2,3,1,1,1,1,2,3,1,5
SF,IH2010,2020-08-28 09:33:04.000,3270.6000,687,0,51079920.000,0,-,-,-,-,3268.8000,3268.0000,3266.2000,3261.0000,3256.6000,3276.6000,3276.8000,3278.0000,3279.4000,3282.8000,3,1,1,1,5,1,3,1,5,1
SF,IH2010,2020-08-28 09:33:04.500,3270.6000,687,0,51079920.000,0,-,-,-,-,3273.0000,3269.0000,3268.8000,3268.0000,3266.2000,3276.4000,3276.6000,3276.8000,3278.0000,3279.4000,2,2,3,1,1,1,1,3,1,5
SF,IH2010,2020-08-28 09:33:05.000,3270.6000,687,0,51079920.000,0,-,-,-,-,3269.0000,3268.8000,3268.0000,3266.2000,3261.0000,3274.0000,3276.2000,3276.4000,3276.8000,3278.0000,1,3,1,1,1,1,1,1,3,1
SF,IH2010,2020-08-28 09:33:05.500,3270.6000,687,0,51079920.000,0,-,-,-,-,3272.6000,3269.0000,3268.8000,3268.0000,3266.2000,3273.8000,3276.4000,3276.8000,3278.0000,3279.4000,2,1,3,1,1,1,1,3,1,5
SF,IH2010,2020-08-28 09:33:06.000,3270.6000,687,0,51079920.000,0,-,-,-,-,3272.6000,3269.0000,3268.8000,3268.0000,3266.2000,3276.4000,3276.8000,3278.0000,3279.4000,3282.8000,2,1,3,1,1,1,3,1,5,1
SF,IH2010,2020-08-28 09:33:06.500,3270.6000,687,0,51079920.000,0,-,-,-,-,3272.8000,3270.4000,3269.0000,3268.8000,3268.0000,3276.2000,3276.4000,3276.8000,3278.0000,3279.4000,2,1,1,3,1,1,1,3,1,5
SF,IH2010,2020-08-28 09:33:07.000,3270.6000,687,0,51079920.000,0,-,-,-,-,3273.0000,3272.8000,3270.4000,3269.0000,3268.8000,3276.0000,3276.2000,3276.4000,3276.8000,3278.0000,2,2,1,1,3,1,1,1,3,1
SF,IH2010,2020-08-28 09:33:07.500,3270.6000,687,0,51079920.000,0,-,-,-,-,3273.0000,3270.4000,3269.0000,3268.8000,3268.0000,3274.6000,3275.8000,3276.0000,3276.4000,3276.8000,2,1,1,3,1,1,1,1,1,3
SF,IH2010,2020-08-28 09:33:08.000,3270.6000,687,0,51079920.000,0,-,-,-,-,3270.4000,3269.0000,3268.8000,3268.0000,3266.2000,3275.8000,3276.0000,3276.4000,3276.8000,3278.0000,1,1,3,1,1,1,1,1,3,1
SF,IH2010,2020-08-28 09:33:08.500,3270.6000,687,0,51079920.000,0,-,-,-,-,3272.6000,3270.6000,3270.4000,3269.0000,3268.8000,3275.6000,3275.8000,3276.0000,3276.4000,3276.8000,2,1,1,1,3,1,1,1,1,3
SF,IH2010,2020-08-28 09:33:09.000,3270.6000,687,0,52061100.000,1,0,1,多换,S,3272.6000,3270.6000,3270.4000,3269.0000,3268.8000,3275.4000,3275.6000,3276.0000,3276.4000,3276.8000,1,1,1,1,3,1,1,1,1,3
SF,IH2010,2020-08-28 09:33:09.500,3270.6000,687,0,52061100.000,0,-,-,-,-,3272.8000,3272.6000,3270.6000,3270.4000,3269.0000,3275.4000,3275.6000,3276.0000,3276.4000,3276.8000,1,1,1,1,1,1,1,1,1,3
SF,IH2010,2020-08-28 09:33:10.000,3270.6000,687,0,52061100.000,0,-,-,-,-,3273.0000,3272.8000,3270.6000,3270.4000,3269.0000,3275.4000,3275.6000,3276.0000,3276.4000,3276.8000,1,1,1,1,1,1,1,1,1,3
SF,IH2010,2020-08-28 09:33:10.500,3270.6000,687,0,52061100.000,0,-,-,-,-,3273.2000,3272.8000,3270.6000,3270.4000,3269.0000,3275.4000,3276.0000,3276.4000,3276.8000,3278.0000,1,1,1,1,1,1,1,1,3,1
SF,IH2010,2020-08-28 09:33:11.000,3270.6000,687,0,52061100.000,0,-,-,-,-,3273.2000,3272.8000,3270.6000,3270.4000,3269.0000,3276.0000,3276.4000,3276.8000,3278.0000,3279.4000,1,1,1,1,1,1,1,3,1,5
SF,IH2010,2020-08-28 09:33:11.500,3270.6000,687,0,52061100.000,0,-,-,-,-,3273.2000,3272.8000,3270.6000,3270.4000,3269.0000,3275.8000,3276.0000,3276.4000,3276.8000,3278.0000,1,1,1,1,1,2,1,1,3,1
SF,IH2010,2020-08-28 09:33:12.000,3270.6000,687,0,52061100.000,0,-,-,-,-,3273.2000,3270.6000,3270.4000,3269.0000,3268.8000,3275.8000,3276.4000,3276.8000,3278.0000,3279.4000,1,1,1,1,3,1,1,3,1,5
SF,IH2010,2020-08-28 09:33:12.500,3273.2000,687,0,53043060.000,1,0,1,多换,S,3270.6000,3270.4000,3269.0000,3268.8000,3268.0000,3275.8000,3276.8000,3278.0000,3279.4000,3282.8000,1,1,1,3,1,1,3,1,5,1
SF,IH2010,2020-08-28 09:33:13.000,3273.2000,687,0,53043060.000,0,-,-,-,-,3273.2000,3271.2000,3270.4000,3269.0000,3268.8000,3275.6000,3275.8000,3276.8000,3278.0000,3279.4000,1,1,1,1,3,1,1,3,1,5
SF,IH2010,2020-08-28 09:33:13.500,3273.2000,687,0,53043060.000,0,-,-,-,-,3273.2000,3271.2000,3270.4000,3269.0000,3268.8000,3275.6000,3275.8000,3276.8000,3278.0000,3279.4000,1,1,1,1,3,1,1,3,1,5
SF,IH2010,2020-08-28 09:33:14.000,3273.2000,687,0,53043060.000,0,-,-,-,-,3273.2000,3270.4000,3269.0000,3268.8000,3268.0000,3275.8000,3276.8000,3278.0000,3279.4000,3282.8000,1,1,1,3,1,1,3,1,5,1
SF,IH2010,2020-08-28 09:33:14.500,3273.2000,687,0,53043060.000,0,-,-,-,-,3273.2000,3270.4000,3269.0000,3268.8000,3268.0000,3275.6000,3275.8000,3276.8000,3278.0000,3279.4000,1,1,1,3,1,3,1,3,1,5
SF,IH2010,2020-08-28 09:33:17.000,3273.2000,687,0,53043060.000,0,-,-,-,-,3270.4000,3268.8000,3268.0000,3266.2000,3261.0000,3275.6000,3275.8000,3276.8000,3278.0000,3279.4000,1,3,1,1,1,3,1,3,1,5
SF,IH2010,2020-08-28 09:33:17.500,3273.2000,687,0,53043060.000,0,-,-,-,-,3272.8000,3270.6000,3270.4000,3268.8000,3268.0000,3275.4000,3275.6000,3276.8000,3278.0000,3279.4000,1,1,1,3,1,1,3,3,1,5
SF,IH2010,2020-08-28 09:33:18.000,3273.2000,687,0,53043060.000,0,-,-,-,-,3272.8000,3270.4000,3268.8000,3268.0000,3266.2000,3275.4000,3275.6000,3276.8000,3278.0000,3279.4000,1,1,3,1,1,1,3,3,1,5
SF,IH2010,2020-08-28 09:33:19.000,3273.2000,687,0,53043060.000,0,-,-,-,-,3273.0000,3270.4000,3268.8000,3268.0000,3266.2000,3275.4000,3275.6000,3276.8000,3278.0000,3279.4000,1,1,3,1,1,1,3,3,1,5
SF,IH2010,2020-08-28 09:33:19.500,3273.2000,687,0,53043060.000,0,-,-,-,-,3273.0000,3270.4000,3268.8000,3268.0000,3266.2000,3275.4000,3275.6000,3276.8000,3278.0000,3279.4000,1,1,3,1,1,1,3,3,1,5
SF,IH2010,2020-08-28 09:33:20.000,3273.2000,687,0,53043060.000,0,-,-,-,-,3270.4000,3268.8000,3268.0000,3266.2000,3261.0000,3275.4000,3276.8000,3278.0000,3279.4000,3282.8000,1,3,1,1,1,1,3,1,5,1
SF,IH2010,2020-08-28 09:33:20.500,3273.2000,687,0,53043060.000,0,-,-,-,-,3273.4000,3270.6000,3270.4000,3268.0000,3266.2000,3275.4000,3276.8000,3278.0000,3279.4000,3282.8000,1,1,1,1,1,1,3,1,5,1
SF,IH2010,2020-08-28 09:33:21.000,3273.2000,687,0,53043060.000,0,-,-,-,-,3273.4000,3268.0000,3266.2000,3261.0000,3256.6000,3276.8000,3278.0000,3279.4000,3282.8000,3284.8000,1,1,1,1,5,3,1,5,1,1
SF,IH2010,2020-08-28 09:33:21.500,3273.2000,687,0,53043060.000,0,-,-,-,-,3273.4000,3268.0000,3266.2000,3261.0000,3256.6000,3275.2000,3276.6000,3276.8000,3278.0000,3279.4000,1,1,1,1,5,1,1,3,1,5
SF,IH2010,2020-08-28 09:33:22.000,3273.4000,687,0,54025080.000,1,0,1,多换,S,3268.0000,3266.2000,3261.0000,3256.6000,3256.0000,3276.6000,3276.8000,3278.0000,3279.4000,3282.8000,1,1,1,5,1,1,3,1,5,1
SF,IH2010,2020-08-28 09:33:22.500,3273.4000,687,0,54025080.000,0,-,-,-,-,3269.2000,3268.2000,3268.0000,3266.2000,3261.0000,3276.6000,3276.8000,3278.0000,3279.4000,3282.8000,1,4,1,1,1,1,3,1,5,1
SF,IH2010,2020-08-28 09:33:23.000,3273.4000,687,0,54025080.000,0,-,-,-,-,3268.2000,3268.0000,3266.2000,3261.0000,3256.6000,3276.6000,3276.8000,3278.0000,3279.4000,3282.8000,4,1,1,1,5,1,3,1,5,1
SF,IH2010,2020-08-28 09:33:23.500,3273.4000,687,0,54025080.000,0,-,-,-,-,3268.4000,3268.2000,3268.0000,3266.2000,3261.0000,3276.4000,3276.6000,3276.8000,3278.0000,3279.4000,1,4,1,1,1,1,1,3,1,5
SF,IH2010,2020-08-28 09:33:24.000,3273.4000,687,0,54025080.000,0,-,-,-,-,3268.6000,3268.4000,3268.2000,3268.0000,3266.2000,3276.2000,3276.4000,3276.8000,3278.0000,3279.4000,1,1,4,1,1,1,1,3,1,5
SF,IH2010,2020-08-28 09:33:24.500,3273.4000,687,0,54025080.000,0,-,-,-,-,3269.2000,3268.6000,3268.4000,3268.2000,3268.0000,3276.0000,3276.2000,3276.4000,3276.8000,3278.0000,1,1,1,4,1,1,1,1,3,1
SF,IH2010,2020-08-28 09:33:25.000,3273.4000,687,0,54025080.000,0,-,-,-,-,3269.4000,3269.2000,3268.6000,3268.4000,3268.2000,3275.6000,3275.8000,3276.0000,3276.4000,3276.8000,1,1,1,1,4,1,1,1,1,3
SF,IH2010,2020-08-28 09:33:25.500,3273.4000,687,0,54025080.000,0,-,-,-,-,3270.4000,3269.4000,3269.2000,3268.6000,3268.2000,3275.4000,3275.6000,3276.0000,3276.4000,3276.8000,1,1,1,1,4,2,1,1,1,3
SF,IH2010,2020-08-28 09:33:26.000,3273.4000,687,0,54025080.000,0,-,-,-,-,3270.6000,3270.4000,3269.8000,3269.4000,3268.6000,3275.4000,3275.6000,3276.0000,3276.4000,3276.8000,1,1,1,1,1,2,1,1,1,3
SF,IH2010,2020-08-28 09:33:27.000,3273.4000,687,0,54025080.000,0,-,-,-,-,3271.0000,3270.8000,3270.6000,3269.8000,3269.4000,3275.4000,3275.6000,3276.0000,3276.4000,3276.8000,1,1,1,1,1,2,1,1,1,3
SF,IH2010,2020-08-28 09:33:27.500,3273.4000,687,0,54025080.000,0,-,-,-,-,3271.2000,3271.0000,3270.8000,3270.6000,3269.8000,3275.4000,3275.6000,3276.0000,3276.4000,3276.8000,1,1,1,1,1,2,1,1,1,3
SF,IH2010,2020-08-28 09:33:28.000,3273.4000,687,0,54025080.000,0,-,-,-,-,3271.2000,3270.8000,3270.6000,3269.8000,3269.4000,3275.4000,3275.6000,3276.0000,3276.4000,3276.8000,1,1,1,1,1,2,1,1,1,3
SF,IH2010,2020-08-28 09:33:29.000,3273.4000,687,0,54025080.000,0,-,-,-,-,3271.2000,3270.6000,3269.8000,3269.4000,3268.2000,3275.4000,3275.6000,3276.0000,3276.4000,3276.8000,1,1,1,1,3,2,1,1,1,3
SF,IH2010,2020-08-28 09:33:31.000,3273.4000,687,0,54025080.000,0,-,-,-,-,3271.2000,3270.6000,3269.8000,3269.4000,3268.2000,3275.4000,3276.0000,3276.4000,3276.8000,3278.0000,1,1,1,1,3,2,1,1,3,1
SF,IH2010,2020-08-28 09:33:31.500,3273.4000,687,0,54025080.000,0,-,-,-,-,3271.2000,3270.6000,3269.8000,3269.4000,3268.2000,3275.0000,3275.4000,3276.0000,3276.4000,3276.8000,1,1,1,1,3,1,2,1,1,3
SF,IH2010,2020-08-28 09:33:32.000,3273.4000,687,0,54025080.000,0,-,-,-,-,3271.2000,3270.6000,3269.8000,3269.4000,3268.2000,3274.8000,3275.0000,3275.4000,3276.0000,3276.4000,1,1,1,1,3,1,1,1,1,1
SF,IH2010,2020-08-28 09:33:33.500,3273.4000,687,0,54025080.000,0,-,-,-,-,3271.2000,3270.6000,3269.8000,3269.4000,3268.2000,3274.8000,3275.4000,3276.0000,3276.4000,3276.8000,1,1,1,1,3,1,1,1,1,3
SF,IH2010,2020-08-28 09:33:34.000,3273.4000,687,0,54025080.000,0,-,-,-,-,3271.2000,3270.6000,3269.8000,3269.4000,3268.2000,3274.4000,3274.6000,3274.8000,3275.4000,3276.0000,1,1,1,1,3,1,1,1,1,1
SF,IH2010,2020-08-28 09:33:34.500,3273.4000,687,0,54025080.000,0,-,-,-,-,3271.2000,3270.6000,3269.4000,3268.2000,3268.0000,3274.2000,3274.4000,3274.6000,3275.4000,3276.0000,1,1,1,3,1,3,1,1,1,1
SF,IH2010,2020-08-28 09:33:35.500,3273.4000,687,0,54025080.000,0,-,-,-,-,3271.2000,3270.6000,3269.4000,3268.2000,3268.0000,3274.2000,3274.6000,3275.4000,3276.0000,3276.4000,1,1,1,3,1,3,1,1,1,1
SF,IH2010,2020-08-28 09:33:36.000,3273.4000,687,0,54025080.000,0,-,-,-,-,3270.6000,3269.4000,3268.2000,3268.0000,3266.2000,3273.8000,3274.2000,3274.6000,3275.4000,3276.0000,1,1,3,1,1,1,3,1,1,1
SF,IH2010,2020-08-28 09:33:36.500,3273.4000,687,0,54025080.000,0,-,-,-,-,3270.8000,3270.6000,3269.4000,3268.2000,3268.0000,3273.6000,3273.8000,3274.2000,3274.6000,3275.4000,1,1,1,3,1,2,1,2,1,1
SF,IH2010,2020-08-28 09:33:38.000,3273.4000,687,0,54025080.000,0,-,-,-,-,3270.8000,3270.6000,3269.4000,3268.2000,3268.0000,3273.6000,3273.8000,3274.2000,3274.6000,3275.4000,1,1,1,3,1,2,1,2,1,1
SF,IH2010,2020-08-28 09:33:38.500,3273.4000,687,0,54025080.000,0,-,-,-,-,3270.8000,3270.6000,3269.4000,3268.2000,3268.0000,3273.6000,3273.8000,3274.2000,3274.6000,3275.4000,1,1,1,3,1,1,1,2,1,1
SF,IH2010,2020-08-28 09:33:40.000,3273.4000,687,0,54025080.000,0,-,-,-,-,3270.6000,3269.4000,3268.2000,3268.0000,3266.2000,3273.6000,3273.8000,3274.2000,3274.6000,3275.4000,1,1,3,1,1,1,1,2,1,1
SF,IH2010,2020-08-28 09:33:40.500,3273.4000,687,0,54025080.000,0,-,-,-,-,3270.8000,3270.6000,3269.4000,3268.2000,3268.0000,3273.0000,3273.6000,3274.2000,3274.6000,3275.4000,1,1,1,3,1,1,1,2,1,1
SF,IH2010,2020-08-28 09:33:41.000,3273.4000,687,0,54025080.000,0,-,-,-,-,3269.4000,3268.2000,3268.0000,3266.2000,3261.0000,3273.0000,3273.6000,3274.2000,3274.6000,3276.8000,1,3,1,1,1,1,1,2,1,3
SF,IH2010,2020-08-28 09:33:41.500,3273.4000,687,0,54025080.000,0,-,-,-,-,3269.6000,3269.4000,3268.2000,3268.0000,3266.2000,3272.8000,3273.0000,3274.2000,3274.6000,3276.8000,1,1,3,1,1,1,1,2,1,3
SF,IH2010,2020-08-28 09:33:42.000,3273.4000,687,0,54025080.000,0,-,-,-,-,3269.6000,3269.4000,3268.2000,3268.0000,3266.2000,3272.8000,3273.0000,3274.2000,3274.6000,3276.8000,1,1,3,1,1,1,1,2,1,3
SF,IH2010,2020-08-28 09:33:42.500,3273.4000,687,0,54025080.000,0,-,-,-,-,3269.4000,3268.0000,3266.2000,3261.0000,3256.6000,3272.8000,3273.0000,3274.2000,3274.6000,3276.8000,1,1,1,1,5,1,1,2,1,3
SF,IH2010,2020-08-28 09:33:43.000,3273.4000,687,0,54025080.000,0,-,-,-,-,3269.6000,3269.4000,3268.0000,3266.2000,3261.0000,3272.8000,3273.0000,3274.2000,3274.6000,3276.8000,1,1,1,1,1,1,1,2,1,3
SF,IH2010,2020-08-28 09:33:43.500,3273.4000,687,0,54025080.000,0,-,-,-,-,3269.4000,3268.0000,3266.2000,3261.0000,3256.6000,3272.8000,3273.0000,3274.2000,3274.6000,3276.8000,1,1,1,1,5,1,1,2,1,3
SF,IH2010,2020-08-28 09:33:44.000,3273.4000,687,0,54025080.000,0,-,-,-,-,3269.6000,3269.4000,3268.0000,3266.2000,3261.0000,3272.8000,3273.0000,3274.2000,3274.6000,3276.8000,1,1,1,1,1,1,1,2,1,3
SF,IH2010,2020-08-28 09:33:44.500,3273.4000,687,0,54025080.000,0,-,-,-,-,3269.4000,3268.0000,3266.2000,3261.0000,3256.6000,3272.8000,3273.0000,3274.2000,3274.6000,3276.8000,1,1,1,1,5,1,1,2,1,3
SF,IH2010,2020-08-28 09:33:45.000,3273.4000,687,0,54025080.000,0,-,-,-,-,3269.6000,3269.4000,3268.0000,3266.2000,3261.0000,3272.8000,3273.0000,3274.2000,3274.6000,3276.8000,1,1,1,1,1,1,1,2,1,3
SF,IH2010,2020-08-28 09:33:47.000,3273.4000,687,0,54025080.000,0,-,-,-,-,3269.4000,3268.0000,3266.2000,3261.0000,3256.6000,3272.8000,3273.0000,3274.2000,3274.6000,3276.8000,1,1,1,1,5,1,1,2,1,3
SF,IH2010,2020-08-28 09:33:47.500,3273.4000,687,0,54025080.000,0,-,-,-,-,3269.6000,3269.4000,3268.0000,3266.2000,3261.0000,3272.6000,3272.8000,3273.0000,3274.2000,3274.6000,1,1,1,1,1,1,1,1,2,1
SF,IH2010,2020-08-28 09:33:48.000,3273.4000,687,0,54025080.000,0,-,-,-,-,3269.6000,3269.4000,3268.0000,3266.2000,3261.0000,3272.4000,3273.0000,3274.2000,3276.8000,3278.0000,1,1,1,1,1,1,1,2,3,1
SF,IH2010,2020-08-28 09:33:49.000,3273.4000,687,0,54025080.000,0,-,-,-,-,3269.6000,3269.4000,3268.0000,3266.2000,3261.0000,3272.4000,3274.2000,3276.8000,3278.0000,3279.4000,1,1,1,1,1,1,2,3,1,5
SF,IH2010,2020-08-28 09:33:51.000,3273.4000,687,0,54025080.000,0,-,-,-,-,3269.4000,3268.0000,3266.2000,3261.0000,3256.6000,3272.4000,3274.2000,3276.8000,3278.0000,3279.4000,1,1,1,1,5,1,2,3,1,5
SF,IH2010,2020-08-28 09:33:51.500,3273.4000,687,0,54025080.000,0,-,-,-,-,3269.6000,3269.4000,3268.0000,3266.2000,3261.0000,3272.4000,3274.2000,3276.8000,3278.0000,3279.4000,2,1,1,1,1,1,2,3,1,5
SF,IH2010,2020-08-28 09:33:52.000,3273.4000,687,0,54025080.000,0,-,-,-,-,3269.6000,3269.4000,3268.0000,3266.2000,3261.0000,3272.4000,3274.2000,3276.8000,3278.0000,3279.4000,1,1,1,1,1,1,2,3,1,5
SF,IH2010,2020-08-28 09:33:55.000,3272.4000,687,0,55006800.000,1,0,1,多换,S,3269.8000,3269.6000,3269.4000,3268.0000,3266.2000,3274.2000,3276.8000,3278.0000,3279.4000,3282.8000,1,1,1,1,1,2,3,1,5,1
SF,IH2010,2020-08-28 09:33:56.000,3272.4000,687,0,55006800.000,0,-,-,-,-,3270.0000,3269.8000,3269.6000,3269.4000,3268.0000,3274.2000,3276.8000,3278.0000,3279.4000,3282.8000,1,1,1,1,1,2,3,1,5,1
SF,IH2010,2020-08-28 09:33:56.500,3272.4000,687,0,55006800.000,0,-,-,-,-,3270.2000,3270.0000,3269.6000,3269.4000,3268.0000,3274.2000,3276.8000,3278.0000,3279.4000,3282.8000,1,1,1,1,1,2,3,1,5,1
SF,IH2010,2020-08-28 09:33:57.000,3272.4000,687,0,55006800.000,0,-,-,-,-,3270.4000,3270.2000,3270.0000,3269.6000,3269.4000,3274.0000,3274.2000,3276.8000,3278.0000,3279.4000,1,1,1,1,1,1,2,3,1,5
SF,IH2010,2020-08-28 09:33:57.500,3272.4000,687,0,55006800.000,0,-,-,-,-,3270.6000,3270.4000,3270.0000,3269.6000,3269.4000,3274.0000,3276.8000,3278.0000,3279.4000,3282.8000,1,1,1,1,1,1,3,1,5,1
SF,IH2010,2020-08-28 09:33:58.000,3272.4000,687,0,55006800.000,0,-,-,-,-,3270.8000,3270.6000,3270.0000,3269.6000,3269.4000,3274.0000,3276.8000,3278.0000,3279.4000,3282.8000,1,1,1,1,1,1,3,1,5,1
SF,IH2010,2020-08-28 09:33:58.500,3272.4000,687,0,55006800.000,0,-,-,-,-,3271.0000,3270.8000,3270.0000,3269.6000,3269.4000,3274.0000,3276.8000,3278.0000,3279.4000,3282.8000,1,1,1,1,1,1,3,1,5,1
SF,IH2010,2020-08-28 09:33:59.000,3272.4000,687,0,55006800.000,0,-,-,-,-,3271.2000,3271.0000,3270.0000,3269.6000,3269.4000,3274.0000,3276.8000,3278.0000,3279.4000,3282.8000,2,1,1,1,1,1,3,1,5,1
SF,IH2010,2020-08-28 09:33:59.500,3272.4000,687,0,55006800.000,0,-,-,-,-,3271.4000,3271.2000,3270.0000,3269.6000,3269.4000,3274.0000,3276.8000,3278.0000,3279.4000,3282.8000,1,2,1,1,1,1,3,1,5,1
SF,IH2010,2020-08-28 09:34:00.000,3272.4000,687,0,55006800.000,0,-,-,-,-,3271.6000,3271.4000,3271.2000,3270.0000,3269.6000,3274.0000,3276.8000,3278.0000,3279.4000,3282.8000,2,1,1,1,1,1,3,1,5,1
SF,IH2010,2020-08-28 09:34:00.500,3272.4000,687,0,55006800.000,0,-,-,-,-,3271.8000,3271.6000,3271.4000,3271.2000,3270.0000,3274.0000,3276.8000,3278.0000,3279.4000,3282.8000,1,2,1,1,1,1,3,1,5,1
SF,IH2010,2020-08-28 09:34:01.000,3272.4000,687,0,55006800.000,0,-,-,-,-,3272.0000,3271.8000,3271.6000,3271.4000,3271.2000,3274.0000,3276.8000,3278.0000,3279.4000,3282.8000,2,1,1,1,1,1,3,1,5,1
SF,IH2010,2020-08-28 09:34:03.000,3272.4000,687,0,55006800.000,0,-,-,-,-,3272.0000,3271.8000,3271.6000,3271.4000,3271.2000,3274.0000,3276.8000,3278.0000,3279.4000,3282.8000,1,1,1,1,1,1,3,1,5,1
SF,IH2010,2020-08-28 09:34:03.500,3272.4000,687,0,55006800.000,0,-,-,-,-,3272.2000,3272.0000,3271.6000,3271.2000,3270.0000,3274.0000,3276.8000,3278.0000,3279.4000,3282.8000,1,1,1,1,1,1,3,1,5,1
SF,IH2010,2020-08-28 09:34:05.000,3272.0000,687,0,56970060.000,2,1,1,多换,S,3270.0000,3268.0000,3266.2000,3261.0000,3256.6000,3272.0000,3274.0000,3276.8000,3278.0000,3279.4000,1,1,1,1,5,1,1,3,1,5
SF,IH2010,2020-08-28 09:34:05.500,3272.0000,687,0,56970060.000,0,-,-,-,-,3270.2000,3268.0000,3266.2000,3261.0000,3256.6000,3272.0000,3274.0000,3276.8000,3278.0000,3279.4000,2,1,1,1,5,1,2,3,1,5
SF,IH2010,2020-08-28 09:34:06.000,3272.0000,687,0,56970060.000,0,-,-,-,-,3270.2000,3268.0000,3266.2000,3261.0000,3256.6000,3271.8000,3272.0000,3274.0000,3276.8000,3278.0000,2,1,1,1,5,1,1,1,3,1
SF,IH2010,2020-08-28 09:34:08.000,3272.0000,687,0,56970060.000,0,-,-,-,-,3270.2000,3268.0000,3266.2000,3261.0000,3256.6000,3271.8000,3272.0000,3274.0000,3276.8000,3278.0000,1,1,1,1,5,1,1,1,3,1
SF,IH2010,2020-08-28 09:34:09.000,3272.0000,687,0,56970060.000,0,-,-,-,-,3270.4000,3270.2000,3268.0000,3266.2000,3261.0000,3271.8000,3272.0000,3274.0000,3276.8000,3278.0000,1,1,1,1,1,1,1,1,3,1
SF,IH2010,2020-08-28 09:34:11.000,3272.0000,687,0,56970060.000,0,-,-,-,-,3270.2000,3268.0000,3266.2000,3261.0000,3256.6000,3271.8000,3272.0000,3274.0000,3276.8000,3278.0000,1,1,1,1,5,1,1,1,3,1
SF,IH2010,2020-08-28 09:34:12.000,3272.0000,687,0,56970060.000,0,-,-,-,-,3270.4000,3270.2000,3268.0000,3266.2000,3261.0000,3271.8000,3272.0000,3274.0000,3276.8000,3278.0000,1,1,1,1,1,1,1,1,3,1
SF,IH2010,2020-08-28 09:34:12.500,3272.0000,687,0,56970060.000,0,-,-,-,-,3270.2000,3268.0000,3266.2000,3261.0000,3256.6000,3271.8000,3272.0000,3274.0000,3276.8000,3278.0000,1,1,1,1,5,1,1,1,3,1
SF,IH2010,2020-08-28 09:34:22.000,3272.0000,687,0,56970060.000,0,-,-,-,-,3270.2000,3268.0000,3266.2000,3261.0000,3256.6000,3271.8000,3272.0000,3274.0000,3276.8000,3278.0000,1,1,1,1,5,2,1,1,3,1
SF,IH2010,2020-08-28 09:34:22.500,3272.0000,687,0,56970060.000,0,-,-,-,-,3270.4000,3270.2000,3268.0000,3266.2000,3261.0000,3271.8000,3272.0000,3274.0000,3276.8000,3278.0000,1,1,1,1,1,2,1,1,3,1
SF,IH2010,2020-08-28 09:34:23.500,3272.0000,687,0,56970060.000,0,-,-,-,-,3270.2000,3268.0000,3266.2000,3261.0000,3256.6000,3271.6000,3271.8000,3272.0000,3274.0000,3276.8000,1,1,1,1,5,1,1,1,1,3
SF,IH2010,2020-08-28 09:34:24.000,3272.0000,687,0,56970060.000,0,-,-,-,-,3268.0000,3266.2000,3261.0000,3256.6000,3256.0000,3271.0000,3271.4000,3272.0000,3276.8000,3278.0000,1,1,1,5,1,1,1,1,3,1
SF,IH2010,2020-08-28 09:34:24.500,3272.0000,687,0,56970060.000,0,-,-,-,-,3268.2000,3268.0000,3266.2000,3261.0000,3256.6000,3270.8000,3271.0000,3272.0000,3276.8000,3278.0000,2,1,1,1,5,2,1,1,3,1
SF,IH2010,2020-08-28 09:34:26.500,3272.0000,687,0,56970060.000,0,-,-,-,-,3268.2000,3268.0000,3266.2000,3261.0000,3256.6000,3270.8000,3272.0000,3276.8000,3278.0000,3278.6000,2,1,1,1,5,2,1,3,1,3
SF,IH2010,2020-08-28 09:34:27.500,3272.0000,687,0,56970060.000,0,-,-,-,-,3268.4000,3268.2000,3268.0000,3266.2000,3261.0000,3270.8000,3272.0000,3276.8000,3278.0000,3278.6000,1,2,1,1,1,2,1,3,1,3
SF,IH2010,2020-08-28 09:34:28.000,3272.0000,687,0,56970060.000,0,-,-,-,-,3268.6000,3268.4000,3268.2000,3268.0000,3266.2000,3270.8000,3272.0000,3276.8000,3278.0000,3278.6000,2,1,1,1,1,1,1,3,1,3
SF,IH2010,2020-08-28 09:34:31.000,3272.0000,687,0,56970060.000,0,-,-,-,-,3268.6000,3268.4000,3268.2000,3268.0000,3266.2000,3270.8000,3272.0000,3276.8000,3278.0000,3278.6000,2,1,1,1,1,1,1,3,1,3
SF,IH2010,2020-08-28 09:34:32.500,3270.8000,687,0,57951300.000,1,0,1,多换,S,3268.6000,3268.4000,3268.2000,3268.0000,3266.2000,3272.0000,3276.8000,3278.0000,3278.6000,3279.4000,2,1,1,1,1,1,3,1,3,5
SF,IH2010,2020-08-28 09:34:33.000,3270.8000,687,0,57951300.000,0,-,-,-,-,3268.6000,3268.4000,3268.2000,3268.0000,3266.2000,3271.8000,3272.0000,3276.8000,3278.0000,3278.6000,2,1,1,1,1,2,1,3,1,3
SF,IH2010,2020-08-28 09:34:35.000,3270.8000,687,0,57951300.000,0,-,-,-,-,3268.8000,3268.6000,3268.4000,3268.2000,3268.0000,3271.8000,3272.0000,3276.8000,3278.0000,3278.6000,1,2,1,1,1,2,1,3,1,3
SF,IH2010,2020-08-28 09:34:35.500,3270.8000,687,0,57951300.000,0,-,-,-,-,3269.0000,3268.8000,3268.6000,3268.4000,3268.2000,3271.8000,3272.0000,3276.8000,3278.0000,3278.6000,2,1,1,1,1,2,1,3,1,3
SF,IH2010,2020-08-28 09:34:38.000,3270.8000,687,0,57951300.000,0,-,-,-,-,3269.0000,3268.8000,3268.6000,3268.4000,3268.2000,3271.8000,3272.0000,3276.8000,3278.0000,3278.6000,2,1,1,1,1,2,1,3,2,3
SF,IH2010,2020-08-28 09:34:51.500,3270.8000,687,0,57951300.000,0,-,-,-,-,3269.0000,3268.6000,3268.4000,3268.2000,3268.0000,3271.8000,3272.0000,3276.8000,3278.0000,3278.6000,2,1,1,1,1,2,1,3,2,3
SF,IH2010,2020-08-28 09:34:52.000,3270.8000,687,0,57951300.000,0,-,-,-,-,3269.2000,3269.0000,3268.6000,3268.4000,3268.2000,3271.8000,3272.0000,3276.8000,3278.0000,3278.6000,1,2,1,1,1,2,1,3,2,3
SF,IH2010,2020-08-28 09:34:52.500,3270.8000,687,0,57951300.000,0,-,-,-,-,3269.4000,3269.2000,3269.0000,3268.6000,3268.4000,3271.8000,3272.0000,3276.8000,3278.0000,3278.6000,2,1,1,1,1,2,1,3,2,3
SF,IH2010,2020-08-28 09:34:53.000,3270.8000,687,0,57951300.000,0,-,-,-,-,3269.4000,3269.2000,3269.0000,3268.6000,3268.2000,3271.8000,3272.0000,3276.8000,3278.0000,3278.6000,2,1,1,1,1,2,1,3,2,3
SF,IH2010,2020-08-28 09:34:59.500,3270.8000,687,0,57951300.000,0,-,-,-,-,3269.4000,3269.0000,3268.6000,3268.2000,3268.0000,3271.8000,3272.0000,3276.8000,3278.0000,3278.6000,2,1,1,1,1,2,1,3,2,3
SF,IH2010,2020-08-28 09:35:00.000,3270.8000,687,0,57951300.000,0,-,-,-,-,3269.6000,3269.4000,3269.0000,3268.6000,3268.2000,3271.6000,3271.8000,3272.0000,3276.8000,3278.0000,1,2,1,1,1,1,2,1,3,2
SF,IH2010,2020-08-28 09:35:00.500,3270.8000,687,0,57951300.000,0,-,-,-,-,3269.8000,3269.6000,3269.4000,3269.0000,3268.6000,3271.4000,3271.6000,3272.0000,3276.8000,3278.0000,1,1,1,1,1,1,1,1,3,2
SF,IH2010,2020-08-28 09:35:01.000,3270.8000,687,0,57951300.000,0,-,-,-,-,3270.0000,3269.8000,3269.6000,3269.4000,3269.0000,3271.4000,3271.6000,3272.0000,3276.8000,3278.0000,1,1,1,1,1,1,1,1,3,2
SF,IH2010,2020-08-28 09:35:01.500,3270.8000,687,0,57951300.000,0,-,-,-,-,3269.8000,3269.6000,3269.4000,3269.0000,3268.6000,3271.4000,3272.0000,3276.8000,3278.0000,3278.6000,1,1,1,1,1,1,1,3,2,3
SF,IH2010,2020-08-28 09:35:02.000,3270.8000,687,0,57951300.000,0,-,-,-,-,3270.0000,3269.8000,3269.6000,3269.4000,3269.0000,3272.0000,3276.8000,3278.0000,3278.6000,3279.4000,1,1,1,1,1,1,3,2,3,5
SF,IH2010,2020-08-28 09:35:02.500,3270.8000,687,0,57951300.000,0,-,-,-,-,3270.2000,3270.0000,3269.6000,3269.4000,3269.0000,3271.8000,3272.0000,3273.6000,3276.8000,3278.0000,1,1,1,1,1,1,1,1,3,2
SF,IH2010,2020-08-28 09:35:04.000,3270.8000,687,0,57951300.000,0,-,-,-,-,3270.2000,3270.0000,3269.6000,3269.4000,3269.0000,3271.8000,3272.0000,3273.6000,3276.8000,3278.0000,1,1,1,1,1,1,1,1,3,2
SF,IH2010,2020-08-28 09:35:05.000,3271.8000,687,0,58932840.000,1,0,1,多换,S,3270.4000,3270.2000,3270.0000,3269.6000,3269.4000,3272.0000,3273.6000,3276.8000,3278.0000,3278.6000,1,1,1,1,1,1,1,3,2,3
SF,IH2010,2020-08-28 09:35:05.500,3271.8000,687,0,58932840.000,0,-,-,-,-,3270.6000,3270.4000,3270.0000,3269.6000,3269.4000,3273.6000,3276.8000,3278.0000,3278.6000,3279.4000,1,1,1,1,1,1,3,2,3,5
SF,IH2010,2020-08-28 09:35:06.000,3271.8000,687,0,58932840.000,0,-,-,-,-,3270.8000,3270.6000,3270.4000,3270.0000,3269.4000,3273.4000,3273.6000,3275.2000,3276.8000,3278.0000,1,1,1,1,1,1,1,1,3,2
SF,IH2010,2020-08-28 09:35:06.500,3271.8000,687,0,58932840.000,0,-,-,-,-,3271.0000,3270.8000,3270.4000,3270.0000,3269.4000,3273.4000,3273.6000,3275.2000,3276.8000,3278.0000,1,1,1,1,1,1,1,1,3,2
SF,IH2010,2020-08-28 09:35:07.000,3273.4000,686,-1,59914860.000,1,0,1,双平,S,3271.0000,3270.8000,3270.4000,3270.0000,3269.4000,3273.6000,3275.2000,3278.0000,3278.6000,3279.4000,1,1,1,1,1,1,1,2,3,5
SF,IH2010,2020-08-28 09:35:07.500,3273.4000,686,0,59914860.000,0,-,-,-,-,3271.2000,3271.0000,3270.8000,3270.4000,3270.0000,3275.2000,3278.0000,3278.6000,3279.4000,3279.8000,2,1,1,1,1,1,2,3,5,1
SF,IH2010,2020-08-28 09:35:08.000,3273.4000,686,0,59914860.000,0,-,-,-,-,3271.4000,3271.2000,3270.4000,3270.0000,3269.4000,3275.0000,3275.2000,3278.0000,3278.6000,3279.4000,3,2,1,1,1,1,1,2,3,5
SF,IH2010,2020-08-28 09:35:10.500,3273.4000,686,0,59914860.000,0,-,-,-,-,3271.4000,3271.2000,3270.4000,3270.0000,3268.0000,3275.0000,3275.2000,3278.0000,3278.6000,3279.4000,3,2,1,1,1,1,1,2,3,5
SF,IH2010,2020-08-28 09:35:11.000,3273.4000,686,0,59914860.000,0,-,-,-,-,3271.6000,3271.4000,3271.2000,3270.4000,3270.0000,3274.8000,3275.0000,3275.2000,3278.0000,3278.6000,1,2,2,1,1,1,1,1,2,3
SF,IH2010,2020-08-28 09:35:11.500,3273.4000,686,0,59914860.000,0,-,-,-,-,3271.8000,3271.6000,3271.4000,3271.2000,3270.4000,3274.6000,3274.8000,3275.2000,3278.0000,3278.6000,1,1,1,2,1,1,1,1,2,3
SF,IH2010,2020-08-28 09:35:12.000,3273.4000,686,0,59914860.000,0,-,-,-,-,3272.0000,3271.8000,3271.6000,3271.4000,3271.2000,3275.2000,3278.0000,3278.6000,3279.4000,3279.8000,1,1,1,1,2,1,2,3,5,1
SF,IH2010,2020-08-28 09:35:12.500,3273.4000,686,0,59914860.000,0,-,-,-,-,3272.2000,3272.0000,3271.6000,3271.4000,3271.2000,3275.0000,3275.2000,3278.0000,3278.6000,3279.8000,2,1,1,1,2,1,1,2,3,1
SF,IH2010,2020-08-28 09:35:13.000,3273.4000,686,0,59914860.000,0,-,-,-,-,3272.4000,3272.2000,3271.6000,3271.4000,3271.2000,3275.0000,3275.2000,3278.0000,3278.6000,3279.8000,1,2,1,1,2,1,1,2,3,1
SF,IH2010,2020-08-28 09:35:13.500,3273.4000,686,0,59914860.000,0,-,-,-,-,3272.6000,3272.4000,3272.2000,3271.6000,3271.4000,3275.0000,3275.2000,3278.0000,3278.6000,3279.8000,2,1,1,1,1,1,1,2,3,1
SF,IH2010,2020-08-28 09:35:14.500,3273.4000,686,0,59914860.000,0,-,-,-,-,3272.6000,3272.4000,3272.2000,3271.4000,3271.2000,3275.0000,3275.2000,3278.0000,3278.6000,3279.8000,2,1,1,1,2,1,1,2,3,1
SF,IH2010,2020-08-28 09:35:16.500,3273.4000,686,0,59914860.000,0,-,-,-,-,3272.6000,3272.4000,3272.2000,3271.4000,3271.2000,3275.0000,3275.2000,3278.0000,3278.6000,3279.8000,2,1,1,1,2,1,1,2,3,1
SF,IH2010,2020-08-28 09:35:17.000,3273.4000,686,0,59914860.000,0,-,-,-,-,3272.6000,3272.4000,3272.2000,3271.4000,3268.0000,3275.2000,3278.0000,3278.6000,3279.8000,3282.8000,2,1,1,1,1,1,2,3,1,1
SF,IH2010,2020-08-28 09:35:17.500,3273.4000,686,0,59914860.000,0,-,-,-,-,3272.6000,3272.4000,3272.2000,3271.4000,3268.0000,3275.0000,3275.2000,3278.0000,3278.6000,3279.8000,2,1,1,1,1,1,1,2,3,1
SF,IH2010,2020-08-28 09:35:18.000,3273.4000,686,0,59914860.000,0,-,-,-,-,3272.6000,3272.4000,3272.2000,3271.4000,3268.0000,3275.0000,3275.2000,3278.0000,3278.6000,3279.8000,2,1,1,1,1,1,1,2,3,1
SF,IH2010,2020-08-28 09:35:18.500,3273.4000,686,0,59914860.000,0,-,-,-,-,3272.6000,3272.2000,3271.4000,3268.0000,3266.2000,3275.0000,3275.2000,3278.0000,3278.6000,3279.8000,2,1,1,1,1,1,1,2,3,1
SF,IH2010,2020-08-28 09:35:19.000,3273.4000,686,0,59914860.000,0,-,-,-,-,3272.6000,3272.2000,3271.4000,3268.0000,3266.2000,3275.0000,3275.2000,3278.0000,3278.6000,3279.8000,2,1,1,1,1,1,1,2,3,1
SF,IH2010,2020-08-28 09:35:26.000,3275.0000,686,0,60897360.000,1,0,1,多换,S,3272.8000,3272.6000,3272.2000,3271.4000,3268.0000,3275.2000,3278.0000,3278.6000,3279.8000,3282.8000,1,2,1,1,1,1,2,3,1,1
SF,IH2010,2020-08-28 09:35:26.500,3275.2000,685,-1,61879920.000,1,0,1,双平,S,3273.0000,3272.8000,3272.6000,3272.2000,3271.4000,3278.0000,3278.6000,3279.8000,3282.8000,3283.2000,3,1,1,1,1,2,3,1,1,5
SF,IH2010,2020-08-28 09:35:27.000,3275.2000,685,0,61879920.000,0,-,-,-,-,3273.0000,3272.8000,3272.6000,3272.2000,3271.4000,3277.8000,3278.0000,3278.6000,3279.8000,3282.8000,3,1,1,1,1,3,2,3,1,1
SF,IH2010,2020-08-28 09:35:29.000,3275.2000,685,0,61879920.000,0,-,-,-,-,3273.0000,3272.8000,3272.6000,3272.2000,3271.4000,3277.8000,3278.0000,3278.6000,3279.8000,3282.8000,2,1,1,1,1,3,2,3,1,1
SF,IH2010,2020-08-28 09:35:29.500,3275.2000,685,0,61879920.000,0,-,-,-,-,3273.0000,3272.8000,3272.6000,3272.2000,3271.4000,3277.8000,3278.0000,3278.6000,3279.8000,3282.8000,2,1,1,1,1,3,2,3,1,1
SF,IH2010,2020-08-28 09:35:30.000,3275.2000,685,0,61879920.000,0,-,-,-,-,3273.0000,3272.6000,3272.2000,3271.4000,3268.0000,3277.6000,3277.8000,3278.0000,3278.6000,3279.8000,2,1,1,1,1,3,3,2,3,1
SF,IH2010,2020-08-28 09:35:30.500,3275.2000,685,0,61879920.000,0,-,-,-,-,3273.0000,3272.6000,3272.2000,3271.4000,3268.0000,3277.4000,3277.6000,3277.8000,3278.0000,3278.6000,2,1,1,1,1,3,3,1,2,3
SF,IH2010,2020-08-28 09:35:31.000,3275.2000,685,0,61879920.000,0,-,-,-,-,3273.0000,3272.6000,3272.2000,3271.4000,3268.0000,3277.4000,3277.6000,3277.8000,3278.0000,3278.6000,2,1,1,1,1,3,3,1,2,3
SF,IH2010,2020-08-28 09:35:31.500,3275.2000,685,0,61879920.000,0,-,-,-,-,3273.0000,3272.6000,3272.2000,3271.4000,3268.0000,3277.4000,3277.6000,3277.8000,3278.0000,3278.6000,2,1,1,1,1,3,3,1,2,3
SF,IH2010,2020-08-28 09:35:32.000,3275.2000,685,0,61879920.000,0,-,-,-,-,3273.0000,3272.6000,3272.2000,3271.4000,3268.0000,3277.4000,3277.6000,3277.8000,3278.0000,3278.6000,2,1,1,1,1,3,3,1,2,3
SF,IH2010,2020-08-28 09:35:32.500,3275.2000,685,0,61879920.000,0,-,-,-,-,3273.0000,3272.6000,3272.2000,3271.4000,3268.0000,3277.4000,3277.6000,3277.8000,3278.0000,3278.6000,2,1,1,1,1,3,3,1,2,3
SF,IH2010,2020-08-28 09:35:33.000,3275.2000,685,0,61879920.000,0,-,-,-,-,3273.0000,3272.2000,3271.4000,3268.0000,3266.2000,3274.8000,3277.4000,3277.6000,3277.8000,3278.0000,1,1,1,1,1,1,3,3,1,2
SF,IH2010,2020-08-28 09:35:33.500,3273.0000,685,0,62861820.000,1,0,1,多换,S,3272.2000,3271.4000,3268.0000,3266.2000,3261.0000,3277.4000,3277.6000,3277.8000,3278.0000,3278.6000,1,1,1,1,1,3,3,1,2,3
SF,IH2010,2020-08-28 09:35:34.000,3273.0000,685,0,62861820.000,0,-,-,-,-,3272.4000,3272.2000,3271.4000,3268.0000,3266.2000,3277.4000,3277.6000,3277.8000,3278.0000,3278.6000,2,1,1,1,1,3,3,1,2,3
SF,IH2010,2020-08-28 09:35:34.500,3273.0000,685,0,62861820.000,0,-,-,-,-,3272.4000,3272.2000,3271.4000,3268.0000,3266.2000,3277.4000,3277.6000,3277.8000,3278.0000,3278.6000,2,1,1,1,1,3,3,1,2,3
SF,IH2010,2020-08-28 09:35:35.000,3273.0000,685,0,62861820.000,0,-,-,-,-,3272.6000,3272.4000,3272.2000,3271.4000,3268.0000,3277.4000,3277.6000,3277.8000,3278.0000,3278.6000,1,2,1,1,1,2,3,1,2,3
SF,IH2010,2020-08-28 09:35:35.500,3273.0000,685,0,62861820.000,0,-,-,-,-,3272.8000,3272.6000,3272.4000,3272.2000,3271.4000,3274.6000,3277.4000,3277.6000,3277.8000,3278.0000,2,1,1,1,1,1,2,2,1,2
SF,IH2010,2020-08-28 09:35:36.000,3274.6000,684,-1,63844200.000,1,0,1,双平,S,3272.8000,3272.4000,3272.2000,3271.4000,3268.0000,3277.4000,3277.6000,3277.8000,3278.0000,3278.6000,2,1,1,1,1,2,2,1,2,3
SF,IH2010,2020-08-28 09:35:36.500,3274.6000,684,0,63844200.000,0,-,-,-,-,3273.0000,3272.8000,3272.4000,3272.2000,3271.4000,3277.2000,3277.4000,3277.6000,3277.8000,3278.0000,1,2,1,1,1,1,2,2,1,2
SF,IH2010,2020-08-28 09:35:37.000,3274.6000,684,0,63844200.000,0,-,-,-,-,3273.2000,3273.0000,3272.4000,3272.2000,3271.4000,3277.0000,3277.2000,3277.4000,3277.6000,3277.8000,1,1,1,1,1,2,1,1,2,1
SF,IH2010,2020-08-28 09:35:37.500,3274.6000,684,0,63844200.000,0,-,-,-,-,3273.4000,3273.2000,3272.4000,3272.2000,3271.4000,3276.8000,3277.0000,3277.2000,3277.4000,3277.6000,1,1,1,1,1,1,2,1,1,2
SF,IH2010,2020-08-28 09:35:38.000,3274.6000,684,0,63844200.000,0,-,-,-,-,3273.6000,3273.4000,3272.4000,3272.2000,3271.4000,3276.6000,3276.8000,3277.0000,3277.2000,3277.4000,1,1,1,1,1,4,1,1,1,1
SF,IH2010,2020-08-28 09:35:38.500,3274.6000,684,0,63844200.000,0,-,-,-,-,3273.8000,3273.6000,3272.4000,3272.2000,3271.4000,3276.6000,3276.8000,3277.0000,3277.2000,3277.4000,1,1,1,1,1,4,1,1,1,1
SF,IH2010,2020-08-28 09:35:39.000,3274.6000,684,0,63844200.000,0,-,-,-,-,3274.0000,3273.8000,3272.4000,3272.2000,3271.4000,3276.6000,3276.8000,3277.0000,3277.4000,3277.6000,1,1,1,1,1,4,1,1,1,2
SF,IH2010,2020-08-28 09:35:39.500,3274.6000,684,0,63844200.000,0,-,-,-,-,3274.0000,3273.8000,3272.4000,3272.2000,3271.4000,3276.6000,3277.0000,3277.4000,3277.6000,3277.8000,1,1,1,1,1,4,1,1,2,1
SF,IH2010,2020-08-28 09:35:41.500,3273.8000,684,0,65808540.000,2,1,1,多换,S,3272.4000,3272.2000,3271.4000,3268.0000,3266.2000,3276.6000,3277.0000,3277.4000,3277.6000,3277.8000,1,1,1,1,1,4,1,1,2,1
SF,IH2010,2020-08-28 09:35:42.000,3273.8000,684,0,65808540.000,0,-,-,-,-,3272.6000,3272.4000,3272.2000,3271.4000,3268.0000,3276.4000,3276.6000,3277.0000,3277.4000,3277.6000,2,1,1,1,1,1,4,1,1,2
SF,IH2010,2020-08-28 09:35:42.500,3273.8000,684,0,65808540.000,0,-,-,-,-,3272.6000,3272.4000,3272.2000,3271.4000,3268.0000,3276.2000,3276.4000,3276.6000,3277.0000,3277.4000,2,1,1,1,1,4,1,3,1,1
SF,IH2010,2020-08-28 09:35:43.000,3273.8000,684,0,65808540.000,0,-,-,-,-,3272.6000,3272.4000,3272.2000,3271.4000,3268.0000,3276.0000,3276.2000,3276.6000,3277.0000,3277.4000,2,1,1,1,1,1,4,3,1,1
SF,IH2010,2020-08-28 09:35:43.500,3273.8000,684,0,65808540.000,0,-,-,-,-,3272.6000,3272.2000,3271.4000,3268.0000,3266.2000,3275.8000,3276.0000,3276.2000,3276.6000,3277.0000,1,1,1,1,1,2,1,3,3,1
SF,IH2010,2020-08-28 09:35:44.000,3273.8000,684,0,65808540.000,0,-,-,-,-,3272.6000,3272.2000,3271.4000,3268.0000,3266.2000,3275.6000,3275.8000,3276.2000,3276.6000,3277.0000,1,1,1,1,1,1,2,3,3,1
SF,IH2010,2020-08-28 09:35:44.500,3273.8000,684,0,65808540.000,0,-,-,-,-,3272.8000,3272.6000,3272.2000,3271.4000,3268.0000,3275.4000,3275.6000,3275.8000,3276.2000,3276.6000,1,1,1,1,1,1,1,1,3,3
SF,IH2010,2020-08-28 09:35:45.000,3273.8000,684,0,65808540.000,0,-,-,-,-,3273.0000,3272.8000,3272.2000,3271.4000,3268.0000,3275.4000,3275.6000,3275.8000,3276.2000,3276.6000,1,1,1,1,1,1,1,1,3,3
SF,IH2010,2020-08-28 09:35:46.000,3273.8000,684,0,65808540.000,0,-,-,-,-,3273.0000,3272.8000,3272.2000,3271.4000,3268.0000,3275.4000,3275.6000,3276.2000,3276.6000,3277.0000,1,1,1,1,1,1,1,3,3,1
SF,IH2010,2020-08-28 09:35:46.500,3273.8000,684,0,65808540.000,0,-,-,-,-,3273.0000,3272.2000,3271.4000,3268.0000,3266.2000,3275.4000,3275.6000,3276.2000,3276.6000,3277.0000,1,1,1,1,1,1,1,3,3,1
SF,IH2010,2020-08-28 09:35:47.000,3273.8000,684,0,65808540.000,0,-,-,-,-,3273.0000,3272.2000,3271.4000,3268.0000,3266.2000,3275.4000,3275.6000,3276.2000,3276.6000,3277.0000,1,1,1,1,1,1,1,3,3,1
SF,IH2010,2020-08-28 09:35:47.500,3273.8000,684,0,65808540.000,0,-,-,-,-,3273.0000,3272.2000,3271.4000,3268.0000,3266.2000,3275.4000,3275.6000,3276.2000,3276.6000,3277.0000,1,1,1,1,1,1,1,3,3,1
SF,IH2010,2020-08-28 09:35:48.000,3273.8000,684,0,65808540.000,0,-,-,-,-,3273.0000,3272.2000,3271.4000,3271.0000,3268.0000,3275.4000,3275.6000,3276.2000,3276.6000,3277.0000,1,1,1,1,1,1,1,3,3,1
SF,IH2010,2020-08-28 09:35:51.500,3273.8000,684,0,65808540.000,0,-,-,-,-,3273.0000,3272.2000,3271.4000,3271.0000,3268.0000,3275.4000,3275.6000,3276.2000,3276.6000,3277.0000,1,1,1,1,1,2,1,3,3,1
SF,IH2010,2020-08-28 09:35:52.500,3273.0000,684,0,66790440.000,1,0,1,多换,S,3272.2000,3271.4000,3271.0000,3268.0000,3266.2000,3275.4000,3275.6000,3276.2000,3276.6000,3277.0000,1,1,1,1,1,2,1,3,3,1
SF,IH2010,2020-08-28 09:35:53.000,3273.0000,684,0,66790440.000,0,-,-,-,-,3272.4000,3272.2000,3271.4000,3271.0000,3268.0000,3275.2000,3275.4000,3276.2000,3276.6000,3277.0000,2,1,1,1,1,1,2,3,3,1
SF,IH2010,2020-08-28 09:35:53.500,3273.0000,684,0,66790440.000,0,-,-,-,-,3272.4000,3272.2000,3271.4000,3271.0000,3268.0000,3275.0000,3275.2000,3275.4000,3276.2000,3276.6000,2,1,1,1,1,1,1,1,3,3
SF,IH2010,2020-08-28 09:35:54.000,3273.0000,684,0,66790440.000,0,-,-,-,-,3271.0000,3268.0000,3266.2000,3261.0000,3260.0000,3273.8000,3275.0000,3275.2000,3275.4000,3276.2000,1,1,1,1,1,1,1,1,1,3
SF,IH2010,2020-08-28 09:35:54.500,3273.0000,684,0,66790440.000,0,-,-,-,-,3271.2000,3271.0000,3268.0000,3266.2000,3261.0000,3273.6000,3276.2000,3276.6000,3277.6000,3278.0000,2,1,1,1,1,2,3,3,2,2
SF,IH2010,2020-08-28 09:35:55.000,3273.0000,684,0,66790440.000,0,-,-,-,-,3271.2000,3271.0000,3268.0000,3266.2000,3261.0000,3273.6000,3276.2000,3276.6000,3277.6000,3278.0000,1,1,1,1,1,2,3,3,2,2
SF,IH2010,2020-08-28 09:35:57.000,3273.0000,684,0,66790440.000,0,-,-,-,-,3271.4000,3271.2000,3271.0000,3268.0000,3266.2000,3273.6000,3276.2000,3276.6000,3277.6000,3278.0000,1,1,1,1,1,2,3,3,2,2
SF,IH2010,2020-08-28 09:35:57.500,3273.0000,684,0,66790440.000,0,-,-,-,-,3271.6000,3271.4000,3271.0000,3268.0000,3266.2000,3273.6000,3276.2000,3276.6000,3277.6000,3278.0000,1,1,1,1,1,1,3,3,2,2
SF,IH2010,2020-08-28 09:35:58.500,3273.0000,684,0,66790440.000,0,-,-,-,-,3271.6000,3271.4000,3271.0000,3268.0000,3266.2000,3273.6000,3277.6000,3278.0000,3278.6000,3279.8000,1,1,1,1,1,1,2,2,3,1
SF,IH2010,2020-08-28 09:35:59.000,3273.0000,684,0,66790440.000,0,-,-,-,-,3271.6000,3271.0000,3268.0000,3266.2000,3261.0000,3273.6000,3277.6000,3278.0000,3278.6000,3279.8000,1,1,1,1,1,1,2,2,3,1
SF,IH2010,2020-08-28 09:35:59.500,3273.0000,684,0,66790440.000,0,-,-,-,-,3271.0000,3268.0000,3266.2000,3261.0000,3260.0000,3273.6000,3277.6000,3278.0000,3278.6000,3279.8000,1,1,1,1,1,1,2,2,3,1
SF,IH2010,2020-08-28 09:36:00.000,3273.0000,684,0,66790440.000,0,-,-,-,-,3271.2000,3271.0000,3268.0000,3266.2000,3261.0000,3273.6000,3277.6000,3278.0000,3278.6000,3279.8000,2,1,1,1,1,1,2,2,3,1
SF,IH2010,2020-08-28 09:36:03.000,3273.0000,684,0,66790440.000,0,-,-,-,-,3271.2000,3271.0000,3268.0000,3266.2000,3261.0000,3273.4000,3273.6000,3277.6000,3278.0000,3278.6000,1,1,1,1,1,1,1,2,2,3
SF,IH2010,2020-08-28 09:36:03.500,3273.0000,684,0,66790440.000,0,-,-,-,-,3271.2000,3271.0000,3268.0000,3266.2000,3261.0000,3273.2000,3277.6000,3278.0000,3278.6000,3279.8000,1,1,1,1,1,1,2,2,3,1
SF,IH2010,2020-08-28 09:36:04.000,3273.0000,684,0,66790440.000,0,-,-,-,-,3271.4000,3271.2000,3271.0000,3268.0000,3266.2000,3273.2000,3277.6000,3278.0000,3278.6000,3279.8000,1,1,1,1,1,1,2,2,3,1
SF,IH2010,2020-08-28 09:36:04.500,3273.0000,684,0,66790440.000,0,-,-,-,-,3271.2000,3271.0000,3268.0000,3266.2000,3261.0000,3273.2000,3277.6000,3278.0000,3278.6000,3279.8000,1,1,1,1,1,1,2,2,3,1
SF,IH2010,2020-08-28 09:36:06.000,3273.0000,684,0,66790440.000,0,-,-,-,-,3271.2000,3271.0000,3268.0000,3266.2000,3261.0000,3273.2000,3275.6000,3277.6000,3278.0000,3278.6000,1,1,1,1,1,1,5,2,2,3
SF,IH2010,2020-08-28 09:36:06.500,3273.0000,684,0,66790440.000,0,-,-,-,-,3271.0000,3268.0000,3266.2000,3261.0000,3260.0000,3273.0000,3273.2000,3275.6000,3277.6000,3278.0000,1,1,1,1,1,1,2,5,2,2
SF,IH2010,2020-08-28 09:36:07.000,3273.0000,684,0,66790440.000,0,-,-,-,-,3271.0000,3268.0000,3266.2000,3261.0000,3260.0000,3272.8000,3273.2000,3275.6000,3277.6000,3278.0000,1,1,1,1,1,1,1,5,2,2
SF,IH2010,2020-08-28 09:36:08.000,3273.0000,684,0,66790440.000,0,-,-,-,-,3271.0000,3268.0000,3266.2000,3261.0000,3260.0000,3272.8000,3273.2000,3277.6000,3278.0000,3278.6000,1,1,1,1,1,1,1,2,2,3
SF,IH2010,2020-08-28 09:36:08.500,3273.0000,684,0,66790440.000,0,-,-,-,-,3271.2000,3271.0000,3268.0000,3266.2000,3261.0000,3272.8000,3273.2000,3277.6000,3278.0000,3278.6000,1,1,1,1,1,1,1,2,2,3
SF,IH2010,2020-08-28 09:36:09.500,3273.0000,684,0,66790440.000,0,-,-,-,-,3271.2000,3271.0000,3268.0000,3266.2000,3261.0000,3272.8000,3277.6000,3278.0000,3278.6000,3279.4000,1,1,1,1,1,1,2,2,3,5
SF,IH2010,2020-08-28 09:36:12.000,3273.0000,684,0,66790440.000,0,-,-,-,-,3271.2000,3271.0000,3268.0000,3266.2000,3261.0000,3272.8000,3277.6000,3278.0000,3278.6000,3279.4000,1,1,1,1,1,2,2,2,3,5
SF,IH2010,2020-08-28 09:36:13.000,3273.0000,684,0,66790440.000,0,-,-,-,-,3271.2000,3271.0000,3268.0000,3266.2000,3261.0000,3272.8000,3277.6000,3278.0000,3278.6000,3279.4000,1,1,1,1,1,1,2,2,3,5
SF,IH2010,2020-08-28 09:36:15.000,3272.8000,684,0,67772280.000,1,0,1,多换,S,3271.2000,3271.0000,3268.0000,3266.2000,3261.0000,3277.6000,3278.0000,3278.6000,3279.4000,3279.8000,1,1,1,1,1,2,2,3,5,1
SF,IH2010,2020-08-28 09:36:15.500,3272.8000,684,0,67772280.000,0,-,-,-,-,3271.4000,3271.2000,3271.0000,3268.0000,3266.2000,3274.0000,3277.4000,3277.6000,3278.0000,3278.6000,1,1,1,1,1,1,4,2,2,3
SF,IH2010,2020-08-28 09:36:16.000,3272.8000,684,0,67772280.000,0,-,-,-,-,3271.6000,3271.4000,3271.0000,3268.0000,3266.2000,3273.8000,3277.4000,3277.6000,3278.0000,3278.6000,1,1,1,1,1,1,3,2,2,3
SF,IH2010,2020-08-28 09:36:16.500,3272.8000,684,0,67772280.000,0,-,-,-,-,3271.8000,3271.6000,3271.4000,3271.0000,3268.0000,3273.8000,3277.4000,3277.6000,3278.0000,3278.6000,1,1,1,1,1,1,3,2,2,3
SF,IH2010,2020-08-28 09:36:17.000,3272.8000,684,0,67772280.000,0,-,-,-,-,3272.0000,3271.8000,3271.4000,3271.0000,3268.0000,3273.8000,3277.4000,3277.6000,3278.0000,3278.6000,1,1,1,1,1,1,3,2,2,3
SF,IH2010,2020-08-28 09:36:17.500,3272.8000,684,0,67772280.000,0,-,-,-,-,3272.0000,3271.4000,3271.0000,3268.0000,3266.2000,3273.8000,3277.4000,3277.6000,3278.0000,3278.6000,1,1,1,1,1,1,3,2,2,3
SF,IH2010,2020-08-28 09:36:18.000,3272.8000,684,0,67772280.000,0,-,-,-,-,3272.0000,3271.4000,3271.0000,3268.0000,3266.2000,3273.8000,3277.4000,3277.6000,3278.0000,3278.6000,1,1,1,1,1,1,3,2,2,3
SF,IH2010,2020-08-28 09:36:18.500,3272.8000,684,0,67772280.000,0,-,-,-,-,3272.0000,3271.0000,3268.0000,3266.2000,3261.0000,3273.8000,3277.4000,3277.6000,3278.0000,3278.6000,1,1,1,1,1,1,3,2,2,3
SF,IH2010,2020-08-28 09:36:19.000,3272.8000,684,0,67772280.000,0,-,-,-,-,3271.0000,3268.0000,3266.2000,3261.0000,3260.0000,3273.8000,3277.4000,3277.6000,3278.0000,3278.6000,1,1,1,1,1,1,3,2,2,3
SF,IH2010,2020-08-28 09:36:19.500,3272.8000,684,0,67772280.000,0,-,-,-,-,3271.2000,3271.0000,3268.0000,3266.2000,3261.0000,3273.6000,3273.8000,3277.4000,3277.6000,3278.0000,2,1,1,1,1,1,2,2,2,2
SF,IH2010,2020-08-28 09:36:20.000,3272.8000,684,0,67772280.000,0,-,-,-,-,3271.2000,3271.0000,3268.0000,3266.2000,3261.0000,3273.4000,3273.6000,3273.8000,3277.4000,3277.6000,2,1,1,1,1,1,1,1,2,2
SF,IH2010,2020-08-28 09:36:20.500,3272.8000,684,0,67772280.000,0,-,-,-,-,3271.2000,3271.0000,3268.0000,3266.2000,3261.0000,3273.4000,3273.6000,3273.8000,3277.4000,3277.6000,1,1,1,1,1,1,1,1,2,2
SF,IH2010,2020-08-28 09:36:21.000,3272.8000,684,0,67772280.000,0,-,-,-,-,3271.4000,3271.2000,3271.0000,3268.0000,3266.2000,3273.4000,3273.6000,3273.8000,3277.4000,3277.6000,1,1,1,1,1,1,1,1,2,2
SF,IH2010,2020-08-28 09:36:21.500,3272.8000,684,0,67772280.000,0,-,-,-,-,3271.6000,3271.4000,3271.0000,3268.0000,3266.2000,3273.4000,3277.4000,3277.6000,3278.0000,3278.6000,1,1,1,1,1,1,2,2,2,3
SF,IH2010,2020-08-28 09:36:22.000,3272.8000,684,0,67772280.000,0,-,-,-,-,3271.8000,3271.6000,3271.4000,3271.0000,3268.0000,3273.4000,3277.4000,3277.6000,3278.0000,3278.6000,1,1,1,1,1,1,2,2,2,3
