市场代码,合约代码,时间,最新,持仓,增仓,成交额,成交量,开仓,平仓,成交类型,方向,买一价,买二价,买三价,买四价,买五价,卖一价,卖二价,卖三价,卖四价,卖五价,买一量,买二量,买三量,买四量,买五量,卖一量,卖二量,卖三量,卖四量,卖五量
SF,IH2009,2020-04-08 09:29:00.000,2648.6000,10201,0,5562060.000,7.000,-,-,-,-,2648.0000,2646.2000,2645.0000,2643.0000,2642.0000,2648.8000,2653.6000,2655.0000,2658.2000,2659.0000,2,1,3,1,1,2,1,1,1,1
SF,IH2009,2020-04-08 09:30:00.500,2648.8000,10199,-2,7945980.000,3,0,3,多平,S,2648.8000,2648.0000,2646.2000,2645.0000,2643.0000,2655.0000,2655.6000,2658.2000,2659.0000,2659.8000,1,4,1,7,1,1,4,1,1,3
SF,IH2009,2020-04-08 09:30:01.000,2648.8000,10199,0,7945980.000,0,-,-,-,-,2649.0000,2648.8000,2648.6000,2648.0000,2646.2000,2654.8000,2655.0000,2655.6000,2658.2000,2659.0000,31,4,2,4,1,1,2,4,1,1
SF,IH2009,2020-04-08 09:30:01.500,2648.8000,10199,0,7945980.000,0,-,-,-,-,2649.2000,2649.0000,2648.8000,2648.6000,2648.0000,2653.6000,2654.8000,2655.0000,2655.6000,2656.2000,1,28,2,2,4,2,4,5,4,5
SF,IH2009,2020-04-08 09:30:02.000,2648.8000,10199,0,8740620.000,1,0,1,多换,S,2649.4000,2649.2000,2649.0000,2648.8000,2648.6000,2653.6000,2654.8000,2655.0000,2655.6000,2656.2000,2,1,25,2,2,2,5,5,4,5
SF,IH2009,2020-04-08 09:30:02.500,2648.8000,10199,0,8740620.000,0,-,-,-,-,2649.6000,2649.4000,2649.0000,2648.8000,2648.6000,2654.8000,2655.0000,2655.6000,2656.2000,2659.0000,1,2,25,2,2,2,3,4,5,1
SF,IH2009,2020-04-08 09:30:03.000,2648.8000,10199,0,8740620.000,0,-,-,-,-,2649.8000,2649.6000,2649.4000,2649.0000,2648.8000,2653.6000,2654.4000,2654.8000,2655.0000,2655.6000,2,1,1,25,2,2,3,2,3,4
SF,IH2009,2020-04-08 09:30:03.500,2648.8000,10199,0,8740620.000,0,-,-,-,-,2650.0000,2649.8000,2649.4000,2649.0000,2648.8000,2653.6000,2654.8000,2655.0000,2655.6000,2656.2000,1,2,1,25,2,2,2,3,4,5
SF,IH2009,2020-04-08 09:30:04.000,2648.8000,10199,0,8740620.000,0,-,-,-,-,2650.2000,2650.0000,2649.8000,2649.0000,2648.8000,2653.0000,2654.8000,2655.0000,2655.6000,2656.2000,1,1,2,24,2,1,1,3,4,5
SF,IH2009,2020-04-08 09:30:04.500,2648.8000,10199,0,8740620.000,0,-,-,-,-,2650.2000,2650.0000,2649.8000,2649.0000,2648.8000,2652.8000,2653.0000,2654.8000,2655.0000,2655.6000,1,1,2,23,1,1,3,1,3,4
SF,IH2009,2020-04-08 09:30:05.000,2648.8000,10199,0,8740620.000,0,-,-,-,-,2650.4000,2650.2000,2650.0000,2649.8000,2649.0000,2652.8000,2654.8000,2655.0000,2655.6000,2656.2000,1,1,1,1,23,1,1,3,4,5
SF,IH2009,2020-04-08 09:30:05.500,2654.8000,10199,0,9537060.000,1,0,1,多换,S,2650.6000,2650.4000,2649.8000,2649.0000,2648.8000,2655.0000,2655.6000,2656.2000,2659.0000,2659.8000,3,1,1,23,1,3,4,5,1,3
SF,IH2009,2020-04-08 09:30:06.000,2654.8000,10199,0,9537060.000,0,-,-,-,-,2652.8000,2650.8000,2650.6000,2649.8000,2649.0000,2654.4000,2654.8000,2655.0000,2655.6000,2659.0000,1,1,3,1,23,2,1,2,4,1
SF,IH2009,2020-04-08 09:30:06.500,2654.8000,10199,0,9537060.000,0,-,-,-,-,2652.8000,2650.8000,2650.6000,2649.8000,2649.0000,2655.0000,2655.6000,2659.0000,2659.8000,2660.0000,1,1,3,1,23,1,4,1,3,9
SF,IH2009,2020-04-08 09:30:07.000,2654.8000,10199,0,9537060.000,0,-,-,-,-,2653.0000,2652.8000,2650.8000,2650.6000,2649.8000,2655.0000,2655.6000,2659.0000,2659.8000,2660.0000,2,1,1,1,1,1,4,1,3,9
SF,IH2009,2020-04-08 09:30:07.500,2654.8000,10199,0,9537060.000,0,-,-,-,-,2654.4000,2653.0000,2652.8000,2650.8000,2650.6000,2655.0000,2659.0000,2659.8000,2660.0000,2663.8000,2,2,1,1,1,1,1,3,9,1
SF,IH2009,2020-04-08 09:30:08.000,2654.4000,10197,-2,11129700.000,2,0,2,双平,S,2653.0000,2652.8000,2650.8000,2650.6000,2649.0000,2654.4000,2655.0000,2659.0000,2659.8000,2660.0000,2,1,1,1,23,1,1,1,3,9
SF,IH2009,2020-04-08 09:30:08.500,2654.4000,10197,0,11129700.000,0,-,-,-,-,2653.0000,2652.8000,2650.8000,2650.6000,2649.0000,2655.0000,2659.0000,2659.8000,2660.0000,2663.8000,2,1,1,1,23,1,1,3,9,1
SF,IH2009,2020-04-08 09:30:09.000,2653.0000,10196,-1,11925600.000,1,0,1,双平,S,2652.8000,2650.8000,2650.6000,2649.0000,2648.8000,2654.8000,2655.0000,2659.0000,2659.8000,2660.0000,1,1,1,23,1,1,1,1,3,9
SF,IH2009,2020-04-08 09:30:09.500,2653.0000,10196,0,11925600.000,0,-,-,-,-,2650.8000,2650.6000,2649.0000,2648.8000,2648.6000,2654.8000,2655.0000,2659.0000,2659.8000,2660.0000,1,1,23,1,3,1,3,1,3,9
SF,IH2009,2020-04-08 09:30:10.000,2653.0000,10196,0,11925600.000,0,-,-,-,-,2651.0000,2649.0000,2648.8000,2648.6000,2648.0000,2654.6000,2654.8000,2655.0000,2658.6000,2659.0000,1,23,1,3,4,1,1,1,4,1
SF,IH2009,2020-04-08 09:30:10.500,2653.0000,10196,0,11925600.000,0,-,-,-,-,2649.0000,2648.8000,2648.6000,2648.0000,2647.0000,2654.4000,2654.6000,2655.0000,2658.6000,2659.0000,23,1,3,4,1,3,1,1,4,1
SF,IH2009,2020-04-08 09:30:11.000,2653.0000,10196,0,11925600.000,0,-,-,-,-,2651.2000,2649.2000,2649.0000,2648.8000,2648.6000,2654.2000,2654.4000,2655.0000,2658.6000,2659.0000,1,5,24,1,3,1,1,1,4,1
SF,IH2009,2020-04-08 09:30:11.500,2653.0000,10196,0,11925600.000,0,-,-,-,-,2651.2000,2650.4000,2649.4000,2649.2000,2649.0000,2654.0000,2655.0000,2658.6000,2659.0000,2659.8000,1,1,3,5,25,1,1,4,1,3
SF,IH2009,2020-04-08 09:30:12.000,2653.0000,10196,0,11925600.000,0,-,-,-,-,2653.0000,2651.2000,2650.4000,2649.4000,2649.2000,2654.0000,2655.0000,2658.6000,2659.0000,2659.8000,1,1,1,3,5,1,1,4,1,3
SF,IH2009,2020-04-08 09:30:12.500,2653.0000,10196,0,11925600.000,0,-,-,-,-,2653.0000,2651.2000,2650.4000,2649.4000,2649.2000,2655.0000,2658.6000,2659.0000,2659.8000,2660.0000,1,1,1,3,5,1,4,1,3,9
SF,IH2009,2020-04-08 09:30:13.000,2653.0000,10196,0,11925600.000,0,-,-,-,-,2653.0000,2650.4000,2649.4000,2649.2000,2649.0000,2654.8000,2655.0000,2658.6000,2659.0000,2659.8000,1,1,3,5,25,1,2,4,1,3
SF,IH2009,2020-04-08 09:30:13.500,2653.0000,10196,0,11925600.000,0,-,-,-,-,2653.0000,2650.4000,2649.4000,2649.2000,2649.0000,2654.2000,2654.6000,2654.8000,2655.0000,2658.6000,1,1,3,5,25,2,1,1,3,4
SF,IH2009,2020-04-08 09:30:14.000,2653.0000,10196,0,11925600.000,0,-,-,-,-,2653.0000,2650.4000,2649.4000,2649.2000,2649.0000,2654.6000,2654.8000,2655.0000,2658.6000,2659.0000,1,1,3,5,25,1,1,2,4,1
SF,IH2009,2020-04-08 09:30:14.500,2653.0000,10196,0,11925600.000,0,-,-,-,-,2653.0000,2650.4000,2649.6000,2649.4000,2649.2000,2654.6000,2654.8000,2655.0000,2658.6000,2659.0000,1,1,1,3,5,1,1,2,4,1
SF,IH2009,2020-04-08 09:30:15.500,2653.0000,10196,0,11925600.000,0,-,-,-,-,2654.0000,2653.0000,2650.4000,2649.6000,2649.4000,2654.6000,2654.8000,2655.0000,2658.6000,2659.0000,1,1,1,1,3,1,1,2,4,1
SF,IH2009,2020-04-08 09:30:16.000,2654.6000,10195,-1,12721980.000,1,0,1,双平,S,2654.0000,2653.0000,2650.4000,2650.0000,2649.6000,2655.0000,2658.6000,2659.0000,2659.8000,2660.0000,2,1,1,1,1,2,4,1,3,9
SF,IH2009,2020-04-08 09:30:17.000,2655.0000,10194,-1,14314980.000,2,0,2,多平,S,2654.0000,2653.0000,2650.4000,2650.0000,2649.6000,2658.6000,2659.0000,2659.8000,2660.0000,2663.8000,2,1,1,1,1,4,1,3,9,1
SF,IH2009,2020-04-08 09:30:17.500,2654.2000,10193,-1,15111240.000,1,0,1,双平,S,2654.2000,2654.0000,2653.0000,2650.4000,2650.0000,2656.2000,2656.8000,2657.2000,2658.0000,2658.2000,2,2,1,1,1,1,1,1,2,3
SF,IH2009,2020-04-08 09:30:18.000,2654.2000,10193,0,15111240.000,0,-,-,-,-,2654.2000,2654.0000,2653.0000,2650.0000,2649.6000,2656.2000,2656.8000,2658.0000,2658.2000,2658.6000,3,1,1,1,1,1,1,2,3,4
SF,IH2009,2020-04-08 09:30:18.500,2654.2000,10193,0,15111240.000,0,-,-,-,-,2654.2000,2654.0000,2653.0000,2650.0000,2649.6000,2655.8000,2656.2000,2656.8000,2658.0000,2658.2000,3,1,1,1,1,2,1,1,2,3
SF,IH2009,2020-04-08 09:30:19.000,2654.2000,10193,0,15111240.000,0,-,-,-,-,2654.2000,2654.0000,2653.0000,2650.0000,2649.6000,2656.2000,2656.8000,2658.0000,2658.2000,2658.6000,3,1,1,1,1,1,1,2,3,4
SF,IH2009,2020-04-08 09:30:19.500,2654.2000,10193,0,15111240.000,0,-,-,-,-,2654.8000,2654.2000,2654.0000,2653.0000,2650.0000,2656.2000,2656.8000,2658.0000,2658.2000,2658.6000,1,3,1,1,1,3,1,2,3,4
SF,IH2009,2020-04-08 09:30:20.000,2654.2000,10193,0,17500380.000,3,1,2,多换,S,2654.2000,2654.0000,2653.0000,2650.0000,2649.6000,2656.2000,2656.8000,2658.0000,2658.2000,2658.6000,1,1,1,1,1,1,1,2,3,4
SF,IH2009,2020-04-08 09:30:20.500,2654.2000,10193,0,17500380.000,0,-,-,-,-,2654.2000,2654.0000,2653.0000,2650.0000,2649.6000,2655.6000,2656.0000,2656.2000,2656.8000,2658.0000,1,1,1,1,1,2,1,1,1,2
SF,IH2009,2020-04-08 09:30:21.000,2654.2000,10192,-1,18296640.000,1,0,1,双平,S,2654.0000,2653.0000,2650.0000,2649.6000,2649.4000,2654.2000,2656.0000,2656.2000,2656.8000,2658.0000,1,1,1,1,3,1,1,1,1,2
SF,IH2009,2020-04-08 09:30:21.500,2654.2000,10192,0,19092900.000,1,0,1,多换,S,2655.6000,2654.2000,2654.0000,2653.0000,2650.0000,2656.0000,2656.2000,2656.8000,2658.0000,2658.2000,1,1,1,1,1,1,1,1,2,3
SF,IH2009,2020-04-08 09:30:22.000,2655.4000,10192,0,19889520.000,1,0,1,多换,S,2654.2000,2654.0000,2653.0000,2650.0000,2649.6000,2655.6000,2656.2000,2656.8000,2658.0000,2658.2000,6,1,1,1,1,2,1,1,2,3
SF,IH2009,2020-04-08 09:30:22.500,2654.2000,10191,-1,20685780.000,1,0,1,双平,S,2654.2000,2654.0000,2653.0000,2650.0000,2649.6000,2655.6000,2655.8000,2656.2000,2656.8000,2658.0000,5,1,1,1,1,2,2,1,1,2
SF,IH2009,2020-04-08 09:30:23.000,2654.2000,10191,0,21482040.000,1,0,1,多换,S,2654.2000,2654.0000,2653.0000,2650.0000,2649.6000,2655.6000,2656.2000,2656.8000,2658.0000,2658.2000,4,1,1,1,1,2,1,1,2,3
SF,IH2009,2020-04-08 09:30:23.500,2654.2000,10192,1,22278300.000,1,1,0,双开,S,2654.2000,2654.0000,2653.0000,2650.0000,2649.6000,2655.6000,2656.2000,2656.8000,2658.0000,2658.2000,3,1,1,1,1,2,1,1,2,3
SF,IH2009,2020-04-08 09:30:24.000,2654.2000,10192,0,22278300.000,0,-,-,-,-,2654.2000,2654.0000,2653.0000,2650.0000,2649.6000,2655.6000,2656.2000,2656.8000,2658.0000,2658.2000,4,1,1,1,1,2,1,1,2,3
SF,IH2009,2020-04-08 09:30:24.500,2654.2000,10192,0,22278300.000,0,-,-,-,-,2654.2000,2654.0000,2653.0000,2650.0000,2649.6000,2655.6000,2656.2000,2656.8000,2658.0000,2658.2000,4,1,1,1,1,4,1,1,2,3
SF,IH2009,2020-04-08 09:30:25.000,2654.2000,10192,0,22278300.000,0,-,-,-,-,2654.2000,2654.0000,2653.0000,2650.0000,2649.6000,2655.6000,2656.2000,2656.8000,2658.0000,2658.2000,3,1,1,1,1,4,1,1,2,3
SF,IH2009,2020-04-08 09:30:25.500,2654.2000,10192,0,23074560.000,1,0,1,多换,S,2654.2000,2654.0000,2653.0000,2650.0000,2649.6000,2655.6000,2656.2000,2656.8000,2658.0000,2658.2000,2,1,1,1,1,2,1,1,2,3
SF,IH2009,2020-04-08 09:30:26.000,2654.2000,10192,0,23074560.000,0,-,-,-,-,2654.2000,2654.0000,2653.0000,2650.0000,2649.6000,2655.6000,2656.2000,2656.8000,2658.0000,2658.2000,2,1,1,1,1,2,1,1,2,3
SF,IH2009,2020-04-08 09:30:28.000,2655.6000,10192,0,23871240.000,1,0,1,多换,S,2654.2000,2654.0000,2653.0000,2650.0000,2649.6000,2655.6000,2656.2000,2656.8000,2658.0000,2658.2000,2,1,1,1,1,1,1,1,2,3
SF,IH2009,2020-04-08 09:30:28.500,2655.6000,10192,0,23871240.000,0,-,-,-,-,2654.2000,2654.0000,2653.0000,2650.0000,2649.6000,2655.6000,2655.8000,2656.2000,2656.8000,2658.0000,2,1,1,1,1,1,1,1,1,2
SF,IH2009,2020-04-08 09:30:29.000,2655.6000,10192,0,23871240.000,0,-,-,-,-,2654.2000,2654.0000,2653.0000,2650.0000,2649.6000,2655.6000,2655.8000,2656.2000,2656.8000,2658.0000,2,1,1,1,1,3,1,1,1,2
SF,IH2009,2020-04-08 09:30:29.500,2654.0000,10192,0,26259960.000,3,1,2,多换,S,2653.0000,2650.0000,2649.6000,2649.4000,2649.2000,2655.6000,2655.8000,2656.2000,2656.8000,2658.0000,1,1,1,3,4,1,1,1,1,2
SF,IH2009,2020-04-08 09:30:30.000,2654.0000,10192,0,26259960.000,0,-,-,-,-,2653.2000,2653.0000,2650.0000,2649.6000,2649.4000,2655.4000,2655.6000,2655.8000,2656.2000,2656.8000,1,1,1,1,3,1,3,1,1,1
SF,IH2009,2020-04-08 09:30:30.500,2654.0000,10192,0,26259960.000,0,-,-,-,-,2653.2000,2653.0000,2650.0000,2649.6000,2649.4000,2655.4000,2655.6000,2655.8000,2656.2000,2656.8000,1,1,1,1,3,1,1,1,1,1
SF,IH2009,2020-04-08 09:30:31.000,2654.0000,10192,0,26259960.000,0,-,-,-,-,2653.2000,2653.0000,2650.0000,2649.6000,2649.4000,2655.4000,2655.6000,2655.8000,2656.2000,2656.8000,1,1,1,1,3,1,1,1,1,1
SF,IH2009,2020-04-08 09:30:31.500,2654.0000,10192,0,26259960.000,0,-,-,-,-,2653.0000,2650.0000,2649.6000,2649.4000,2649.2000,2655.4000,2655.6000,2655.8000,2656.2000,2656.8000,1,1,1,3,4,3,1,1,1,1
SF,IH2009,2020-04-08 09:30:32.000,2654.0000,10192,0,26259960.000,0,-,-,-,-,2653.0000,2650.0000,2649.6000,2649.4000,2649.2000,2655.4000,2655.6000,2655.8000,2656.2000,2656.8000,1,1,1,3,4,1,1,1,1,1
SF,IH2009,2020-04-08 09:30:32.500,2654.0000,10192,0,26259960.000,0,-,-,-,-,2653.0000,2650.0000,2649.6000,2649.4000,2649.2000,2655.4000,2655.6000,2655.8000,2656.2000,2656.8000,1,1,1,3,4,3,1,1,1,1
SF,IH2009,2020-04-08 09:30:33.000,2654.0000,10192,0,26259960.000,0,-,-,-,-,2653.0000,2650.0000,2649.6000,2649.4000,2649.2000,2655.4000,2655.6000,2655.8000,2656.2000,2656.8000,1,1,1,3,4,1,1,1,1,1
SF,IH2009,2020-04-08 09:30:33.500,2654.0000,10192,0,26259960.000,0,-,-,-,-,2653.0000,2650.0000,2649.6000,2649.4000,2649.2000,2655.4000,2655.6000,2655.8000,2656.2000,2656.8000,1,1,1,3,4,1,1,1,1,1
SF,IH2009,2020-04-08 09:30:34.000,2654.0000,10192,0,26259960.000,0,-,-,-,-,2653.0000,2650.0000,2649.6000,2649.4000,2649.2000,2655.4000,2655.6000,2655.8000,2656.2000,2656.8000,1,1,1,3,4,1,1,1,1,1
SF,IH2009,2020-04-08 09:30:34.500,2654.0000,10192,0,26259960.000,0,-,-,-,-,2653.0000,2650.0000,2649.6000,2649.4000,2649.2000,2653.2000,2655.4000,2655.6000,2655.8000,2656.2000,1,1,1,3,4,1,1,1,1,1
SF,IH2009,2020-04-08 09:30:35.000,2653.2000,10192,0,27055920.000,1,0,1,多换,S,2653.0000,2650.0000,2649.6000,2649.4000,2649.2000,2655.4000,2655.8000,2656.2000,2656.8000,2658.0000,1,1,1,3,4,1,1,1,1,2
SF,IH2009,2020-04-08 09:30:35.500,2655.4000,10191,-1,27852540.000,1,0,1,双平,S,2653.2000,2653.0000,2650.0000,2649.6000,2649.4000,2655.8000,2656.2000,2656.8000,2658.0000,2658.2000,1,1,1,1,3,1,1,1,2,3
SF,IH2009,2020-04-08 09:30:36.000,2655.4000,10191,0,27852540.000,0,-,-,-,-,2653.2000,2653.0000,2650.0000,2649.6000,2649.4000,2655.8000,2656.2000,2656.8000,2658.0000,2658.2000,1,1,1,1,3,1,1,1,2,3
SF,IH2009,2020-04-08 09:30:36.500,2653.2000,10191,0,28648500.000,1,0,1,多换,S,2653.0000,2650.0000,2649.6000,2649.4000,2649.2000,2655.4000,2655.6000,2655.8000,2656.2000,2656.8000,1,1,1,3,4,2,1,1,1,1
SF,IH2009,2020-04-08 09:30:37.000,2653.2000,10191,0,28648500.000,0,-,-,-,-,2653.0000,2650.0000,2649.6000,2649.4000,2649.2000,2655.2000,2655.4000,2655.8000,2656.2000,2656.8000,1,1,1,3,4,1,1,1,1,1
SF,IH2009,2020-04-08 09:30:37.500,2653.2000,10191,0,28648500.000,0,-,-,-,-,2653.0000,2650.0000,2649.6000,2649.4000,2649.2000,2655.0000,2655.2000,2655.8000,2656.2000,2656.8000,1,1,1,3,4,5,1,1,1,1
SF,IH2009,2020-04-08 09:30:38.000,2653.2000,10191,0,28648500.000,0,-,-,-,-,2653.4000,2653.0000,2650.0000,2649.6000,2649.4000,2654.8000,2655.0000,2655.8000,2656.2000,2656.8000,1,1,1,1,3,2,5,1,1,1
SF,IH2009,2020-04-08 09:30:38.500,2653.2000,10191,0,28648500.000,0,-,-,-,-,2653.4000,2653.0000,2650.0000,2649.6000,2649.4000,2654.8000,2655.4000,2655.8000,2656.2000,2656.8000,1,2,1,1,3,2,1,1,1,1
SF,IH2009,2020-04-08 09:30:39.000,2653.2000,10191,0,28648500.000,0,-,-,-,-,2653.4000,2653.0000,2650.0000,2649.6000,2649.4000,2654.8000,2655.4000,2655.8000,2656.2000,2656.8000,1,2,1,1,3,2,1,1,1,1
SF,IH2009,2020-04-08 09:30:39.500,2653.2000,10191,0,28648500.000,0,-,-,-,-,2653.6000,2653.4000,2653.0000,2650.0000,2649.6000,2654.8000,2655.4000,2655.8000,2656.2000,2656.8000,1,1,2,1,1,1,1,1,1,1
SF,IH2009,2020-04-08 09:30:40.000,2653.2000,10191,0,28648500.000,0,-,-,-,-,2653.4000,2653.0000,2650.0000,2649.6000,2649.4000,2655.4000,2655.8000,2656.2000,2656.8000,2658.0000,1,3,1,1,3,1,1,1,1,2
SF,IH2009,2020-04-08 09:30:40.500,2653.2000,10191,0,28648500.000,0,-,-,-,-,2653.6000,2653.4000,2653.0000,2650.0000,2649.6000,2655.2000,2655.4000,2655.8000,2656.2000,2656.8000,1,1,3,1,1,2,1,1,1,1
SF,IH2009,2020-04-08 09:30:41.000,2653.2000,10191,0,28648500.000,0,-,-,-,-,2654.8000,2653.4000,2653.0000,2650.0000,2649.6000,2655.2000,2655.4000,2655.8000,2656.2000,2656.8000,1,1,3,1,1,3,1,1,1,1
SF,IH2009,2020-04-08 09:30:41.500,2654.8000,10190,-1,29444940.000,1,0,1,双平,S,2653.8000,2653.4000,2653.0000,2650.0000,2649.6000,2655.2000,2655.4000,2655.8000,2658.0000,2658.2000,2,1,3,1,1,1,1,1,2,3
SF,IH2009,2020-04-08 09:30:42.000,2654.8000,10190,0,29444940.000,0,-,-,-,-,2654.0000,2653.4000,2653.0000,2650.0000,2649.6000,2655.0000,2655.8000,2658.0000,2658.2000,2659.0000,1,1,3,1,1,1,1,2,3,9
SF,IH2009,2020-04-08 09:30:42.500,2654.8000,10190,0,29444940.000,0,-,-,-,-,2654.2000,2654.0000,2653.4000,2653.0000,2650.0000,2655.8000,2658.0000,2658.2000,2659.0000,2659.4000,1,1,1,3,1,1,2,3,9,1
SF,IH2009,2020-04-08 09:30:43.000,2654.8000,10190,0,29444940.000,0,-,-,-,-,2654.2000,2654.0000,2653.4000,2653.0000,2650.0000,2655.6000,2655.8000,2658.0000,2658.2000,2659.0000,1,1,1,3,1,1,1,2,3,9
SF,IH2009,2020-04-08 09:30:43.500,2654.8000,10190,0,29444940.000,0,-,-,-,-,2654.2000,2654.0000,2653.4000,2653.0000,2650.0000,2655.4000,2655.8000,2658.0000,2658.2000,2659.0000,1,1,1,3,1,1,1,2,3,9
SF,IH2009,2020-04-08 09:30:44.000,2654.2000,10190,0,30241200.000,1,0,1,多换,S,2654.0000,2653.4000,2653.0000,2650.0000,2649.6000,2655.2000,2655.8000,2658.0000,2658.2000,2659.0000,1,1,2,1,1,1,1,2,3,9
SF,IH2009,2020-04-08 09:30:44.500,2654.2000,10190,0,30241200.000,0,-,-,-,-,2654.0000,2653.4000,2653.0000,2650.0000,2649.6000,2655.0000,2655.8000,2658.0000,2658.2000,2659.0000,1,1,2,1,1,1,1,2,3,9
SF,IH2009,2020-04-08 09:30:45.000,2654.2000,10190,0,30241200.000,0,-,-,-,-,2654.0000,2653.4000,2653.0000,2650.0000,2649.6000,2654.8000,2655.8000,2658.0000,2658.2000,2659.0000,1,1,2,1,1,1,1,2,3,9
SF,IH2009,2020-04-08 09:30:45.500,2654.2000,10190,0,30241200.000,0,-,-,-,-,2654.0000,2653.4000,2653.0000,2650.0000,2649.6000,2654.6000,2655.8000,2658.0000,2658.2000,2659.0000,1,1,2,1,1,1,1,2,3,9
SF,IH2009,2020-04-08 09:30:46.000,2654.2000,10190,0,30241200.000,0,-,-,-,-,2654.0000,2653.4000,2653.0000,2650.0000,2649.6000,2655.8000,2658.0000,2658.2000,2659.0000,2659.4000,1,1,2,1,1,1,2,3,9,1
SF,IH2009,2020-04-08 09:30:46.500,2654.2000,10190,0,30241200.000,0,-,-,-,-,2654.0000,2653.6000,2653.4000,2653.0000,2650.0000,2655.6000,2658.0000,2658.2000,2659.0000,2659.4000,1,1,1,2,1,2,2,3,9,1
SF,IH2009,2020-04-08 09:30:47.000,2654.0000,10189,-1,31037400.000,1,0,1,双平,S,2653.6000,2653.4000,2653.0000,2650.0000,2649.6000,2655.0000,2655.6000,2658.0000,2658.2000,2659.0000,1,1,2,1,1,1,2,2,3,9
SF,IH2009,2020-04-08 09:30:47.500,2654.0000,10189,0,31037400.000,0,-,-,-,-,2653.6000,2653.4000,2653.0000,2650.0000,2649.6000,2654.8000,2655.6000,2658.0000,2658.2000,2659.0000,1,1,2,1,1,1,1,2,3,9
SF,IH2009,2020-04-08 09:30:48.000,2654.0000,10189,0,31037400.000,0,-,-,-,-,2653.6000,2653.4000,2653.0000,2650.0000,2649.6000,2654.6000,2655.6000,2658.0000,2658.2000,2659.0000,1,1,2,1,1,1,1,2,3,9
SF,IH2009,2020-04-08 09:30:48.500,2654.0000,10189,0,31037400.000,0,-,-,-,-,2653.6000,2653.4000,2653.0000,2650.0000,2649.6000,2655.6000,2658.0000,2658.2000,2659.0000,2659.4000,1,1,2,1,1,1,2,3,9,1
SF,IH2009,2020-04-08 09:30:49.000,2654.0000,10189,0,31037400.000,0,-,-,-,-,2653.6000,2653.4000,2653.0000,2650.0000,2649.6000,2655.4000,2655.6000,2658.0000,2658.2000,2659.0000,1,1,2,1,1,1,1,2,3,9
SF,IH2009,2020-04-08 09:30:49.500,2654.0000,10189,0,31037400.000,0,-,-,-,-,2653.8000,2653.6000,2653.0000,2650.0000,2649.6000,2655.0000,2655.2000,2658.0000,2658.2000,2659.0000,3,1,2,1,1,1,3,2,3,9
SF,IH2009,2020-04-08 09:30:50.000,2654.0000,10189,0,31037400.000,0,-,-,-,-,2653.6000,2653.0000,2650.0000,2649.6000,2649.4000,2655.0000,2655.2000,2658.0000,2658.2000,2659.0000,1,2,1,1,3,1,1,2,3,9
SF,IH2009,2020-04-08 09:30:50.500,2654.0000,10189,0,31037400.000,0,-,-,-,-,2653.6000,2653.0000,2650.0000,2649.6000,2649.4000,2654.8000,2655.0000,2655.2000,2658.0000,2658.2000,1,2,1,1,3,1,1,1,2,3
SF,IH2009,2020-04-08 09:30:51.000,2654.0000,10189,0,31037400.000,0,-,-,-,-,2653.6000,2653.0000,2650.0000,2649.6000,2649.4000,2655.2000,2658.0000,2658.2000,2659.0000,2659.4000,1,2,1,1,3,1,2,3,9,1
SF,IH2009,2020-04-08 09:30:51.500,2654.0000,10189,0,31037400.000,0,-,-,-,-,2653.8000,2653.6000,2653.0000,2650.0000,2649.6000,2655.2000,2658.0000,2658.2000,2659.0000,2659.4000,2,1,2,1,1,1,2,3,9,1
SF,IH2009,2020-04-08 09:30:52.000,2654.0000,10189,0,31037400.000,0,-,-,-,-,2653.8000,2653.6000,2653.0000,2650.0000,2649.6000,2655.0000,2655.2000,2658.0000,2658.2000,2659.0000,1,1,2,1,1,1,1,2,3,9
SF,IH2009,2020-04-08 09:30:52.500,2654.0000,10189,0,31037400.000,0,-,-,-,-,2653.8000,2653.6000,2653.0000,2650.0000,2649.6000,2654.8000,2655.2000,2658.0000,2658.2000,2659.0000,1,1,2,1,1,1,1,2,3,9
SF,IH2009,2020-04-08 09:30:53.000,2654.0000,10189,0,31037400.000,0,-,-,-,-,2653.8000,2653.6000,2653.0000,2650.0000,2649.6000,2654.6000,2655.2000,2658.0000,2658.2000,2659.0000,1,1,2,1,1,1,1,2,3,9
SF,IH2009,2020-04-08 09:30:53.500,2654.0000,10189,0,31037400.000,0,-,-,-,-,2653.8000,2653.6000,2653.0000,2650.0000,2649.6000,2655.2000,2658.0000,2658.2000,2659.0000,2659.4000,1,1,2,1,1,1,2,3,9,1
SF,IH2009,2020-04-08 09:30:54.000,2654.0000,10189,0,31037400.000,0,-,-,-,-,2653.8000,2653.6000,2653.0000,2650.0000,2649.6000,2655.0000,2655.2000,2658.0000,2658.2000,2659.0000,1,1,2,1,1,1,1,2,3,9
SF,IH2009,2020-04-08 09:30:54.500,2654.0000,10189,0,31037400.000,0,-,-,-,-,2654.0000,2653.6000,2653.0000,2650.0000,2649.6000,2655.2000,2658.0000,2658.2000,2659.0000,2659.4000,1,1,2,1,1,1,2,3,9,1
SF,IH2009,2020-04-08 09:30:55.000,2654.0000,10189,0,31037400.000,0,-,-,-,-,2654.0000,2653.6000,2653.0000,2650.0000,2649.6000,2655.0000,2658.0000,2658.2000,2659.0000,2659.4000,1,1,2,1,1,1,2,3,9,1
SF,IH2009,2020-04-08 09:30:55.500,2654.0000,10189,0,31037400.000,0,-,-,-,-,2654.0000,2653.6000,2653.0000,2650.0000,2649.6000,2654.8000,2658.0000,2658.2000,2659.0000,2659.4000,1,1,2,1,1,1,5,3,6,1
SF,IH2009,2020-04-08 09:30:56.000,2654.0000,10189,0,31037400.000,0,-,-,-,-,2654.8000,2654.0000,2653.6000,2653.0000,2650.0000,2658.0000,2658.2000,2659.0000,2659.4000,2659.8000,1,1,1,1,1,5,3,6,1,2
SF,IH2009,2020-04-08 09:30:56.500,2654.0000,10189,0,31037400.000,0,-,-,-,-,2654.8000,2654.0000,2653.6000,2653.0000,2650.0000,2655.0000,2657.8000,2658.0000,2659.0000,2659.4000,2,1,1,1,1,1,5,5,6,1
SF,IH2009,2020-04-08 09:30:57.000,2655.0000,10188,-1,31833900.000,1,0,1,双平,S,2654.8000,2654.0000,2653.6000,2653.0000,2650.0000,2657.8000,2658.0000,2659.0000,2659.4000,2659.8000,2,1,1,1,1,5,5,6,1,2
SF,IH2009,2020-04-08 09:30:57.500,2655.0000,10188,0,31833900.000,0,-,-,-,-,2654.8000,2654.0000,2653.6000,2653.0000,2650.0000,2657.6000,2657.8000,2658.0000,2659.0000,2659.4000,2,1,1,1,1,1,5,5,6,1
SF,IH2009,2020-04-08 09:30:58.000,2655.0000,10188,0,31833900.000,0,-,-,-,-,2655.0000,2654.8000,2654.0000,2653.6000,2653.0000,2655.2000,2656.6000,2657.4000,2657.6000,2657.8000,1,2,1,1,1,1,1,2,1,3
SF,IH2009,2020-04-08 09:30:58.500,2655.2000,10188,0,32630460.000,1,0,1,多换,S,2655.4000,2655.2000,2655.0000,2654.8000,2654.0000,2656.6000,2657.0000,2657.4000,2657.6000,2657.8000,1,2,1,2,1,1,1,2,1,3
SF,IH2009,2020-04-08 09:30:59.000,2655.2000,10188,0,32630460.000,0,-,-,-,-,2655.4000,2655.2000,2655.0000,2654.8000,2654.0000,2656.4000,2656.6000,2657.0000,2657.4000,2657.8000,1,2,1,2,1,1,1,1,2,3
SF,IH2009,2020-04-08 09:30:59.500,2655.2000,10188,0,32630460.000,0,-,-,-,-,2655.4000,2655.2000,2655.0000,2654.8000,2654.6000,2656.2000,2656.6000,2657.0000,2657.4000,2657.8000,1,2,1,2,1,2,1,1,2,3
SF,IH2009,2020-04-08 09:31:00.000,2655.2000,10188,0,32630460.000,0,-,-,-,-,2655.4000,2655.2000,2655.0000,2654.8000,2654.6000,2656.2000,2656.6000,2657.0000,2657.4000,2658.0000,1,2,1,2,1,2,1,1,2,5
SF,IH2009,2020-04-08 09:31:00.500,2655.4000,10187,-1,33427080.000,1,0,1,双平,S,2655.0000,2654.8000,2654.6000,2653.6000,2653.0000,2656.2000,2657.0000,2657.4000,2658.0000,2659.0000,1,2,1,1,1,3,1,2,5,6
SF,IH2009,2020-04-08 09:31:01.000,2655.4000,10187,0,33427080.000,0,-,-,-,-,2655.0000,2654.8000,2654.6000,2653.6000,2653.0000,2656.2000,2657.0000,2657.4000,2658.0000,2659.0000,1,2,1,1,1,3,1,2,5,6
SF,IH2009,2020-04-08 09:31:01.500,2655.4000,10187,0,33427080.000,0,-,-,-,-,2655.0000,2654.8000,2654.6000,2653.6000,2653.0000,2656.2000,2657.0000,2657.4000,2658.0000,2659.0000,1,2,1,1,1,2,1,2,5,6
SF,IH2009,2020-04-08 09:31:02.500,2655.4000,10187,0,33427080.000,0,-,-,-,-,2655.0000,2654.8000,2654.6000,2653.6000,2653.0000,2656.2000,2657.0000,2657.4000,2658.0000,2659.0000,1,2,1,1,1,4,1,2,5,6
SF,IH2009,2020-04-08 09:31:03.000,2655.0000,10187,0,34223580.000,1,0,1,多换,S,2654.8000,2654.6000,2653.6000,2653.0000,2650.0000,2656.2000,2657.0000,2657.4000,2658.0000,2658.6000,2,1,1,1,1,2,1,2,5,1
SF,IH2009,2020-04-08 09:31:03.500,2655.0000,10187,0,34223580.000,0,-,-,-,-,2654.8000,2654.6000,2653.6000,2653.0000,2650.0000,2656.0000,2656.2000,2657.0000,2657.4000,2658.0000,2,1,1,1,1,1,4,1,2,5
SF,IH2009,2020-04-08 09:31:04.000,2654.8000,10187,0,35020020.000,1,0,1,多换,S,2654.8000,2654.6000,2653.6000,2653.0000,2650.0000,2655.8000,2656.0000,2656.2000,2657.0000,2657.4000,1,1,1,1,1,1,1,2,1,2
SF,IH2009,2020-04-08 09:31:04.500,2654.8000,10187,0,35020020.000,0,-,-,-,-,2654.8000,2654.6000,2653.6000,2653.0000,2650.0000,2655.6000,2656.0000,2656.2000,2657.0000,2657.4000,1,1,1,1,1,1,2,2,1,2
SF,IH2009,2020-04-08 09:31:05.000,2654.8000,10187,0,35816460.000,1,0,1,多换,S,2654.6000,2653.6000,2653.0000,2650.0000,2649.6000,2655.4000,2656.0000,2656.2000,2657.0000,2657.4000,1,1,1,1,1,1,2,2,1,2
SF,IH2009,2020-04-08 09:31:05.500,2654.8000,10187,0,35816460.000,0,-,-,-,-,2654.6000,2653.6000,2653.0000,2650.0000,2649.6000,2655.2000,2656.0000,2656.2000,2657.0000,2657.4000,1,1,1,1,1,1,2,2,1,2
SF,IH2009,2020-04-08 09:31:06.000,2654.6000,10186,-1,36612840.000,1,0,1,双平,S,2653.6000,2653.0000,2650.0000,2649.6000,2649.4000,2655.0000,2656.0000,2656.2000,2657.0000,2657.4000,1,1,1,1,3,1,2,2,1,2
SF,IH2009,2020-04-08 09:31:06.500,2654.6000,10186,0,36612840.000,0,-,-,-,-,2653.6000,2653.0000,2650.0000,2649.6000,2649.4000,2654.8000,2656.0000,2656.2000,2657.0000,2657.4000,1,1,1,1,3,1,2,2,1,2
SF,IH2009,2020-04-08 09:31:07.000,2654.6000,10186,0,36612840.000,0,-,-,-,-,2653.6000,2653.0000,2650.0000,2649.6000,2649.4000,2656.0000,2656.2000,2657.4000,2658.0000,2658.6000,1,1,1,1,3,2,2,2,5,1
SF,IH2009,2020-04-08 09:31:07.500,2654.6000,10186,0,36612840.000,0,-,-,-,-,2653.8000,2653.6000,2653.0000,2650.0000,2649.6000,2655.8000,2656.0000,2656.2000,2657.4000,2658.0000,1,1,1,1,1,2,2,2,1,5
SF,IH2009,2020-04-08 09:31:08.000,2654.6000,10186,0,36612840.000,0,-,-,-,-,2653.8000,2653.6000,2653.0000,2650.0000,2649.6000,2655.4000,2655.6000,2655.8000,2656.0000,2656.2000,1,2,1,1,1,1,2,2,1,2
SF,IH2009,2020-04-08 09:31:08.500,2654.6000,10186,0,36612840.000,0,-,-,-,-,2653.8000,2653.6000,2653.0000,2650.0000,2649.6000,2655.2000,2655.4000,2655.8000,2656.0000,2656.2000,1,2,1,1,1,2,1,2,1,2
SF,IH2009,2020-04-08 09:31:09.000,2654.6000,10186,0,36612840.000,0,-,-,-,-,2653.6000,2653.0000,2650.0000,2649.6000,2649.4000,2655.2000,2655.8000,2656.0000,2656.2000,2657.4000,2,1,1,1,3,2,2,1,2,1
SF,IH2009,2020-04-08 09:31:09.500,2654.6000,10186,0,36612840.000,0,-,-,-,-,2653.6000,2653.0000,2650.0000,2649.6000,2649.4000,2655.0000,2655.2000,2655.8000,2656.0000,2656.2000,2,1,1,1,3,2,2,2,1,1
SF,IH2009,2020-04-08 09:31:10.000,2654.6000,10186,0,36612840.000,0,-,-,-,-,2653.6000,2653.0000,2650.0000,2649.6000,2649.4000,2654.8000,2655.0000,2655.2000,2655.8000,2656.0000,2,1,1,1,3,1,1,1,2,1
SF,IH2009,2020-04-08 09:31:10.500,2654.6000,10186,0,36612840.000,0,-,-,-,-,2653.6000,2653.0000,2650.0000,2649.6000,2649.4000,2655.0000,2655.2000,2655.8000,2656.0000,2656.2000,2,1,1,1,3,2,1,2,1,1
SF,IH2009,2020-04-08 09:31:11.000,2654.6000,10186,0,36612840.000,0,-,-,-,-,2653.8000,2653.6000,2653.0000,2650.0000,2649.6000,2654.8000,2655.0000,2655.2000,2655.8000,2656.0000,1,2,1,1,1,1,2,1,2,1
SF,IH2009,2020-04-08 09:31:11.500,2654.6000,10186,0,36612840.000,0,-,-,-,-,2653.8000,2653.6000,2650.0000,2649.6000,2649.4000,2655.0000,2655.2000,2655.8000,2656.0000,2656.2000,1,2,1,1,3,2,1,2,1,1
SF,IH2009,2020-04-08 09:31:12.000,2654.6000,10186,0,36612840.000,0,-,-,-,-,2654.6000,2653.8000,2653.6000,2650.0000,2649.6000,2654.8000,2655.0000,2655.2000,2655.8000,2656.0000,1,1,1,1,1,1,2,1,2,1
SF,IH2009,2020-04-08 09:31:12.500,2654.6000,10186,0,37409220.000,1,0,1,多换,S,2653.8000,2653.6000,2650.0000,2649.6000,2649.4000,2654.6000,2655.0000,2655.2000,2655.8000,2656.0000,1,1,1,1,3,1,2,1,1,1
SF,IH2009,2020-04-08 09:31:13.000,2654.6000,10186,0,37409220.000,0,-,-,-,-,2653.8000,2653.6000,2650.0000,2649.6000,2649.4000,2655.0000,2655.2000,2655.8000,2656.0000,2657.4000,1,1,1,1,3,2,1,1,1,1
SF,IH2009,2020-04-08 09:31:14.000,2654.6000,10186,0,37409220.000,0,-,-,-,-,2653.8000,2653.6000,2650.0000,2649.6000,2649.4000,2655.0000,2655.2000,2655.8000,2656.0000,2657.4000,1,1,2,1,3,1,1,2,1,1
SF,IH2009,2020-04-08 09:31:14.500,2654.6000,10186,0,37409220.000,0,-,-,-,-,2653.8000,2653.6000,2650.0000,2649.6000,2649.4000,2654.8000,2655.0000,2655.2000,2655.8000,2656.0000,1,1,2,1,3,1,1,1,2,1
SF,IH2009,2020-04-08 09:31:15.000,2654.6000,10186,0,37409220.000,0,-,-,-,-,2653.8000,2653.6000,2650.0000,2649.6000,2649.4000,2654.6000,2655.0000,2655.2000,2655.8000,2656.0000,1,1,2,1,3,1,1,1,2,1
SF,IH2009,2020-04-08 09:31:15.500,2654.6000,10186,0,37409220.000,0,-,-,-,-,2653.8000,2653.6000,2650.0000,2649.6000,2649.4000,2654.4000,2655.0000,2655.2000,2655.8000,2656.0000,1,1,2,1,3,1,1,1,2,1
SF,IH2009,2020-04-08 09:31:16.000,2654.6000,10186,0,37409220.000,0,-,-,-,-,2653.8000,2653.6000,2650.0000,2649.6000,2649.4000,2654.4000,2655.0000,2655.2000,2655.8000,2656.0000,1,1,2,1,3,1,1,1,4,1
SF,IH2009,2020-04-08 09:31:16.500,2654.6000,10186,0,37409220.000,0,-,-,-,-,2653.8000,2653.6000,2650.0000,2649.6000,2649.4000,2655.0000,2655.2000,2655.8000,2656.0000,2657.4000,1,1,2,1,3,1,1,4,1,1
SF,IH2009,2020-04-08 09:31:17.000,2654.6000,10186,0,37409220.000,0,-,-,-,-,2653.8000,2653.6000,2650.0000,2649.6000,2649.4000,2654.8000,2655.0000,2655.8000,2656.0000,2657.4000,1,1,2,1,3,2,1,4,1,1
SF,IH2009,2020-04-08 09:31:18.000,2654.6000,10186,0,37409220.000,0,-,-,-,-,2653.8000,2653.6000,2650.0000,2649.6000,2649.4000,2654.8000,2655.0000,2655.8000,2656.0000,2657.4000,1,1,2,1,3,2,1,4,1,1
SF,IH2009,2020-04-08 09:31:21.500,2654.6000,10186,0,37409220.000,0,-,-,-,-,2654.0000,2653.8000,2653.6000,2650.0000,2649.6000,2654.8000,2655.0000,2655.8000,2656.0000,2657.4000,1,1,1,2,1,2,1,4,1,1
SF,IH2009,2020-04-08 09:31:22.000,2654.6000,10186,0,37409220.000,0,-,-,-,-,2654.0000,2653.8000,2653.6000,2650.0000,2649.6000,2654.8000,2655.0000,2655.8000,2656.0000,2657.4000,1,1,1,2,1,2,2,4,1,1
SF,IH2009,2020-04-08 09:31:23.000,2654.6000,10186,0,37409220.000,0,-,-,-,-,2654.0000,2653.8000,2653.6000,2650.0000,2649.6000,2654.8000,2655.0000,2655.8000,2656.0000,2657.4000,1,1,1,2,1,2,2,4,1,1
SF,IH2009,2020-04-08 09:31:23.500,2654.6000,10186,0,37409220.000,0,-,-,-,-,2654.0000,2653.8000,2653.6000,2650.0000,2649.6000,2654.8000,2655.0000,2655.8000,2656.0000,2657.4000,1,1,1,2,1,2,2,4,1,1
SF,IH2009,2020-04-08 09:31:24.500,2654.0000,10185,-1,38205420.000,1,0,1,双平,S,2653.8000,2653.6000,2650.0000,2649.6000,2649.4000,2654.8000,2655.0000,2655.8000,2656.0000,2657.4000,1,1,2,1,3,2,2,4,1,1
SF,IH2009,2020-04-08 09:31:25.000,2654.0000,10185,0,38205420.000,0,-,-,-,-,2653.8000,2653.6000,2653.2000,2650.0000,2649.6000,2654.8000,2655.0000,2655.8000,2656.0000,2657.4000,1,1,1,2,1,2,2,4,1,1
SF,IH2009,2020-04-08 09:31:26.000,2654.0000,10185,0,38205420.000,0,-,-,-,-,2653.8000,2653.6000,2653.2000,2650.0000,2649.6000,2654.8000,2655.0000,2655.4000,2655.8000,2656.0000,1,1,1,2,1,2,2,1,4,1
SF,IH2009,2020-04-08 09:31:26.500,2654.0000,10185,0,38205420.000,0,-,-,-,-,2653.8000,2653.6000,2653.2000,2650.0000,2649.6000,2654.6000,2654.8000,2655.0000,2655.4000,2655.8000,1,1,1,2,1,1,2,2,1,4
SF,IH2009,2020-04-08 09:31:27.000,2653.8000,10185,0,39001560.000,1,0,1,多换,S,2653.6000,2653.2000,2650.0000,2649.6000,2649.4000,2654.4000,2654.6000,2654.8000,2655.0000,2655.4000,1,1,2,1,3,1,1,2,2,1
SF,IH2009,2020-04-08 09:31:27.500,2653.8000,10185,0,39001560.000,0,-,-,-,-,2653.6000,2653.2000,2650.0000,2649.6000,2649.4000,2654.2000,2654.6000,2654.8000,2655.0000,2655.4000,1,1,2,1,3,1,1,2,2,1
SF,IH2009,2020-04-08 09:31:28.000,2653.8000,10185,0,39001560.000,0,-,-,-,-,2653.6000,2653.2000,2650.0000,2649.6000,2649.4000,2654.6000,2654.8000,2655.0000,2655.4000,2655.8000,1,1,2,1,3,1,2,2,1,4
SF,IH2009,2020-04-08 09:31:28.500,2653.8000,10185,0,39001560.000,0,-,-,-,-,2653.6000,2653.2000,2650.0000,2649.6000,2649.4000,2654.4000,2654.6000,2654.8000,2655.0000,2655.4000,1,1,3,1,3,2,1,2,2,1
SF,IH2009,2020-04-08 09:31:29.000,2653.8000,10185,0,39001560.000,0,-,-,-,-,2653.6000,2653.2000,2650.0000,2649.6000,2649.4000,2654.6000,2654.8000,2655.0000,2655.4000,2655.8000,1,1,3,1,3,1,1,2,1,4
SF,IH2009,2020-04-08 09:31:29.500,2653.8000,10185,0,39001560.000,0,-,-,-,-,2653.6000,2653.2000,2650.0000,2649.6000,2649.4000,2654.4000,2654.6000,2654.8000,2655.0000,2655.4000,1,1,3,1,3,1,1,1,2,1
SF,IH2009,2020-04-08 09:31:30.000,2653.8000,10185,0,39001560.000,0,-,-,-,-,2653.6000,2653.2000,2650.0000,2649.6000,2649.4000,2654.4000,2654.6000,2654.8000,2655.0000,2655.4000,1,1,3,1,3,1,1,1,2,1
SF,IH2009,2020-04-08 09:31:30.500,2653.6000,10184,-1,39797640.000,1,0,1,双平,S,2653.2000,2650.0000,2649.6000,2649.4000,2649.2000,2654.4000,2654.8000,2655.0000,2655.4000,2655.8000,1,3,1,3,3,1,1,2,1,4
SF,IH2009,2020-04-08 09:31:31.000,2653.6000,10184,0,39797640.000,0,-,-,-,-,2653.2000,2650.0000,2649.6000,2649.4000,2649.2000,2654.4000,2654.8000,2655.0000,2655.4000,2655.8000,1,3,1,3,3,1,1,5,1,4
SF,IH2009,2020-04-08 09:31:31.500,2653.6000,10184,0,39797640.000,0,-,-,-,-,2653.6000,2653.2000,2650.0000,2649.6000,2649.4000,2654.2000,2654.4000,2654.8000,2655.0000,2655.4000,1,1,3,1,3,1,1,1,5,1
SF,IH2009,2020-04-08 09:31:32.000,2653.6000,10184,0,39797640.000,0,-,-,-,-,2653.6000,2653.2000,2650.0000,2649.6000,2649.4000,2654.0000,2654.4000,2654.8000,2655.0000,2655.4000,1,1,3,1,3,1,1,1,5,1
SF,IH2009,2020-04-08 09:31:32.500,2653.6000,10184,0,39797640.000,0,-,-,-,-,2653.2000,2650.0000,2649.6000,2649.4000,2649.2000,2654.0000,2654.4000,2654.8000,2655.0000,2655.4000,1,3,1,3,3,1,1,1,5,1
SF,IH2009,2020-04-08 09:31:33.000,2653.6000,10184,0,39797640.000,0,-,-,-,-,2653.4000,2653.2000,2650.0000,2649.6000,2649.4000,2653.6000,2654.0000,2654.4000,2654.8000,2655.0000,1,1,3,1,3,1,1,1,1,5
SF,IH2009,2020-04-08 09:31:33.500,2653.2000,10183,-1,41389620.000,2,0,2,多平,S,2650.0000,2649.6000,2649.4000,2649.2000,2649.0000,2653.4000,2653.6000,2654.0000,2654.4000,2654.8000,3,1,3,3,27,1,1,1,1,1
SF,IH2009,2020-04-08 09:31:34.000,2653.2000,10183,0,41389620.000,0,-,-,-,-,2650.2000,2650.0000,2649.6000,2649.4000,2649.2000,2653.2000,2653.4000,2653.6000,2654.0000,2654.4000,8,3,1,3,3,1,1,1,1,1
SF,IH2009,2020-04-08 09:31:34.500,2653.2000,10183,0,41389620.000,0,-,-,-,-,2650.2000,2650.0000,2649.6000,2649.4000,2649.2000,2653.0000,2653.2000,2653.4000,2653.6000,2654.0000,8,3,1,3,3,1,1,1,1,1
SF,IH2009,2020-04-08 09:31:35.000,2653.2000,10183,0,41389620.000,0,-,-,-,-,2650.2000,2650.0000,2649.6000,2649.4000,2649.2000,2652.8000,2653.0000,2653.4000,2653.6000,2654.0000,8,3,1,3,3,1,1,1,1,1
SF,IH2009,2020-04-08 09:31:35.500,2653.2000,10183,0,41389620.000,0,-,-,-,-,2650.2000,2650.0000,2649.6000,2649.4000,2649.2000,2652.6000,2652.8000,2653.4000,2653.6000,2654.0000,8,3,1,3,3,1,1,1,1,1
SF,IH2009,2020-04-08 09:31:36.000,2653.2000,10183,0,41389620.000,0,-,-,-,-,2650.2000,2650.0000,2649.6000,2649.4000,2649.2000,2652.4000,2652.6000,2653.4000,2653.6000,2654.0000,8,3,1,3,3,1,1,1,1,1
SF,IH2009,2020-04-08 09:31:36.500,2652.4000,10181,-2,42981060.000,2,0,2,双平,S,2652.4000,2650.2000,2650.0000,2649.6000,2649.4000,2653.4000,2653.6000,2654.0000,2654.4000,2655.0000,1,8,3,1,3,1,1,1,1,5
SF,IH2009,2020-04-08 09:31:37.000,2652.4000,10181,0,42981060.000,0,-,-,-,-,2650.2000,2650.0000,2649.6000,2649.4000,2649.2000,2653.4000,2653.6000,2654.0000,2654.4000,2655.0000,6,3,1,3,3,1,1,1,1,5
SF,IH2009,2020-04-08 09:31:37.500,2652.4000,10181,0,42981060.000,0,-,-,-,-,2650.2000,2650.0000,2649.6000,2649.4000,2649.2000,2653.2000,2653.4000,2653.6000,2654.0000,2654.4000,6,3,1,3,3,1,1,1,1,1
SF,IH2009,2020-04-08 09:31:38.000,2652.4000,10181,0,42981060.000,0,-,-,-,-,2650.4000,2650.2000,2650.0000,2649.6000,2649.2000,2653.2000,2653.4000,2653.6000,2654.0000,2654.4000,6,6,3,1,3,1,1,1,1,1
SF,IH2009,2020-04-08 09:31:38.500,2652.4000,10181,0,42981060.000,0,-,-,-,-,2650.8000,2650.6000,2650.4000,2650.2000,2650.0000,2653.2000,2653.4000,2653.6000,2654.0000,2654.4000,3,5,7,3,3,1,1,1,1,1
SF,IH2009,2020-04-08 09:31:39.000,2652.4000,10181,0,42981060.000,0,-,-,-,-,2651.0000,2650.8000,2650.6000,2650.4000,2650.2000,2653.2000,2653.4000,2653.6000,2654.0000,2654.4000,6,3,3,6,3,1,1,1,1,1
SF,IH2009,2020-04-08 09:31:39.500,2652.4000,10181,0,42981060.000,0,-,-,-,-,2651.0000,2650.6000,2650.4000,2650.2000,2650.0000,2653.2000,2653.4000,2653.6000,2654.0000,2654.4000,4,3,3,3,3,1,1,1,1,1
SF,IH2009,2020-04-08 09:31:40.000,2651.0000,10180,-1,43776360.000,1,0,1,双平,S,2651.0000,2650.6000,2650.4000,2650.2000,2650.0000,2653.2000,2653.4000,2653.6000,2654.0000,2654.4000,3,3,3,3,3,1,1,1,1,1
SF,IH2009,2020-04-08 09:31:40.500,2651.0000,10180,0,43776360.000,0,-,-,-,-,2651.2000,2651.0000,2650.6000,2650.4000,2650.2000,2653.2000,2653.4000,2653.6000,2654.0000,2654.4000,1,3,3,3,3,1,1,1,1,1
SF,IH2009,2020-04-08 09:31:41.000,2653.2000,10179,-1,44572320.000,1,0,1,双平,S,2651.4000,2651.2000,2650.6000,2650.4000,2650.2000,2653.4000,2653.6000,2654.0000,2654.4000,2655.0000,4,1,3,3,3,1,1,1,1,5
SF,IH2009,2020-04-08 09:31:41.500,2653.2000,10179,0,44572320.000,0,-,-,-,-,2651.6000,2651.4000,2650.6000,2650.4000,2650.2000,2653.2000,2653.4000,2653.6000,2654.0000,2654.4000,1,4,3,3,3,1,1,1,1,1
SF,IH2009,2020-04-08 09:31:42.000,2653.2000,10179,0,44572320.000,0,-,-,-,-,2651.8000,2651.6000,2651.4000,2650.6000,2650.4000,2653.2000,2653.4000,2653.6000,2654.0000,2654.4000,3,1,1,2,2,1,1,1,1,1
SF,IH2009,2020-04-08 09:31:42.500,2653.2000,10178,-1,45368280.000,1,0,1,双平,S,2651.8000,2651.6000,2651.4000,2650.6000,2650.4000,2653.4000,2653.6000,2654.0000,2654.4000,2655.0000,3,1,1,2,2,1,1,1,1,5
SF,IH2009,2020-04-08 09:31:43.000,2653.2000,10178,0,45368280.000,0,-,-,-,-,2651.8000,2651.6000,2651.4000,2650.6000,2650.4000,2653.4000,2653.6000,2654.0000,2654.4000,2655.0000,3,1,1,2,2,1,1,1,1,5
SF,IH2009,2020-04-08 09:31:43.500,2653.2000,10178,0,45368280.000,0,-,-,-,-,2651.8000,2651.6000,2651.4000,2650.6000,2650.4000,2653.2000,2653.4000,2653.6000,2654.0000,2654.4000,3,1,1,2,2,1,1,1,1,1
SF,IH2009,2020-04-08 09:31:44.500,2653.2000,10177,-1,46164240.000,1,0,1,双平,S,2651.8000,2651.6000,2651.4000,2650.6000,2650.4000,2653.4000,2653.6000,2654.0000,2654.4000,2655.0000,3,1,1,2,2,1,1,1,1,5
SF,IH2009,2020-04-08 09:31:46.500,2653.2000,10177,0,46164240.000,0,-,-,-,-,2651.8000,2651.6000,2651.4000,2650.6000,2650.4000,2653.4000,2654.0000,2654.4000,2655.0000,2655.4000,3,1,1,2,2,1,1,1,5,1
SF,IH2009,2020-04-08 09:31:47.000,2653.2000,10177,0,46960200.000,1,0,1,多换,S,2651.8000,2651.6000,2651.4000,2650.6000,2650.4000,2653.4000,2654.0000,2654.4000,2655.0000,2655.4000,3,1,1,2,2,1,1,1,5,1
SF,IH2009,2020-04-08 09:31:47.500,2653.2000,10177,0,46960200.000,0,-,-,-,-,2652.0000,2651.8000,2651.4000,2650.6000,2650.4000,2653.4000,2654.0000,2654.4000,2655.0000,2655.4000,1,3,1,2,2,1,1,1,5,1
SF,IH2009,2020-04-08 09:31:48.000,2653.2000,10177,0,46960200.000,0,-,-,-,-,2652.2000,2652.0000,2651.4000,2650.6000,2650.4000,2653.4000,2654.0000,2654.4000,2655.0000,2655.4000,3,1,1,2,2,1,1,1,5,1
SF,IH2009,2020-04-08 09:31:48.500,2653.2000,10177,0,46960200.000,0,-,-,-,-,2652.0000,2651.4000,2650.6000,2650.4000,2650.2000,2653.4000,2654.0000,2654.4000,2655.0000,2655.4000,1,1,2,2,3,1,1,1,5,1
SF,IH2009,2020-04-08 09:31:49.000,2653.2000,10177,0,46960200.000,0,-,-,-,-,2652.0000,2651.4000,2650.6000,2650.2000,2650.0000,2653.4000,2654.0000,2654.4000,2655.0000,2655.4000,1,1,2,3,5,1,1,1,5,1
SF,IH2009,2020-04-08 09:31:49.500,2653.2000,10177,0,46960200.000,0,-,-,-,-,2652.0000,2651.4000,2650.2000,2650.0000,2649.2000,2653.2000,2653.4000,2654.0000,2654.4000,2655.0000,1,1,3,5,3,1,1,1,1,5
SF,IH2009,2020-04-08 09:31:50.000,2653.2000,10177,0,46960200.000,0,-,-,-,-,2651.4000,2650.0000,2649.2000,2649.0000,2648.8000,2653.0000,2653.4000,2654.0000,2654.4000,2655.0000,1,5,3,27,1,1,1,1,1,5
SF,IH2009,2020-04-08 09:31:50.500,2653.2000,10177,0,46960200.000,0,-,-,-,-,2651.6000,2651.4000,2650.0000,2649.2000,2649.0000,2653.4000,2654.0000,2654.4000,2655.0000,2655.8000,2,1,5,3,27,1,4,1,2,1
SF,IH2009,2020-04-08 09:31:51.000,2653.2000,10177,0,46960200.000,0,-,-,-,-,2651.8000,2651.6000,2650.0000,2649.2000,2649.0000,2653.2000,2653.4000,2654.0000,2654.4000,2654.8000,1,2,5,3,27,3,1,4,1,1
SF,IH2009,2020-04-08 09:31:51.500,2653.0000,10177,0,47756100.000,1,0,1,多换,S,2651.8000,2651.6000,2650.0000,2649.2000,2649.0000,2652.8000,2653.2000,2653.4000,2654.0000,2654.4000,1,1,5,3,27,1,3,1,4,1
SF,IH2009,2020-04-08 09:31:52.000,2653.0000,10177,0,47756100.000,0,-,-,-,-,2651.6000,2650.0000,2649.2000,2649.0000,2648.8000,2652.8000,2653.2000,2653.4000,2654.0000,2654.4000,1,5,3,27,1,1,3,1,4,1
SF,IH2009,2020-04-08 09:31:52.500,2653.0000,10177,0,47756100.000,0,-,-,-,-,2651.8000,2651.6000,2650.0000,2649.2000,2649.0000,2652.8000,2653.2000,2653.4000,2654.0000,2654.4000,1,1,5,3,27,1,3,1,4,1
SF,IH2009,2020-04-08 09:31:53.000,2651.6000,10176,-1,48551580.000,1,0,1,双平,S,2650.0000,2649.2000,2649.0000,2648.8000,2648.6000,2652.8000,2653.2000,2653.4000,2654.0000,2654.4000,5,3,27,1,2,1,3,1,4,1
SF,IH2009,2020-04-08 09:31:53.500,2651.6000,10176,0,48551580.000,0,-,-,-,-,2650.2000,2650.0000,2649.2000,2649.0000,2648.8000,2652.6000,2652.8000,2653.2000,2653.4000,2654.0000,5,5,3,27,1,1,1,1,1,4
SF,IH2009,2020-04-08 09:31:54.500,2651.6000,10176,0,48551580.000,0,-,-,-,-,2650.2000,2650.0000,2649.2000,2649.0000,2648.8000,2652.6000,2652.8000,2653.2000,2653.4000,2654.0000,5,5,3,27,1,1,1,1,1,4
SF,IH2009,2020-04-08 09:31:55.000,2651.6000,10176,0,48551580.000,0,-,-,-,-,2650.2000,2650.0000,2649.2000,2649.0000,2648.8000,2652.6000,2652.8000,2653.0000,2653.2000,2653.4000,3,5,3,27,1,1,1,1,1,1
SF,IH2009,2020-04-08 09:31:55.500,2651.6000,10176,0,48551580.000,0,-,-,-,-,2650.2000,2650.0000,2649.2000,2649.0000,2648.8000,2652.6000,2652.8000,2653.0000,2653.4000,2654.0000,3,5,3,27,1,1,1,1,1,4
SF,IH2009,2020-04-08 09:31:56.000,2651.6000,10176,0,48551580.000,0,-,-,-,-,2650.2000,2650.0000,2649.2000,2649.0000,2648.8000,2652.4000,2652.6000,2652.8000,2653.0000,2653.4000,3,5,3,27,1,1,1,1,1,1
SF,IH2009,2020-04-08 09:31:56.500,2651.6000,10176,0,48551580.000,0,-,-,-,-,2650.2000,2650.0000,2649.2000,2649.0000,2648.8000,2652.2000,2652.8000,2653.0000,2653.4000,2654.0000,3,5,3,27,1,1,1,1,1,4
SF,IH2009,2020-04-08 09:31:57.000,2650.4000,10176,0,49346700.000,1,0,1,多换,S,2650.2000,2650.0000,2649.2000,2649.0000,2648.8000,2652.2000,2652.8000,2653.0000,2653.4000,2654.0000,3,5,3,27,1,1,1,1,1,4
SF,IH2009,2020-04-08 09:31:57.500,2650.4000,10176,0,49346700.000,0,-,-,-,-,2650.2000,2650.0000,2649.2000,2649.0000,2648.8000,2652.0000,2652.2000,2652.8000,2653.0000,2653.4000,3,5,3,27,1,1,1,1,1,1
SF,IH2009,2020-04-08 09:31:58.000,2652.2000,10175,-1,50142360.000,1,0,1,双平,S,2652.0000,2650.4000,2650.2000,2650.0000,2649.2000,2652.8000,2653.0000,2653.4000,2654.0000,2654.4000,2,1,4,5,3,1,1,1,4,1
SF,IH2009,2020-04-08 09:31:58.500,2652.2000,10175,0,50142360.000,0,-,-,-,-,2652.0000,2650.4000,2650.2000,2650.0000,2649.2000,2652.6000,2652.8000,2653.0000,2653.4000,2654.0000,2,1,4,6,3,2,1,1,1,4
SF,IH2009,2020-04-08 09:31:59.000,2652.2000,10175,0,50142360.000,0,-,-,-,-,2652.0000,2650.4000,2650.2000,2650.0000,2649.2000,2652.6000,2652.8000,2653.0000,2653.4000,2654.0000,2,1,4,6,3,1,1,1,1,4
SF,IH2009,2020-04-08 09:31:59.500,2652.2000,10175,0,50142360.000,0,-,-,-,-,2652.0000,2650.4000,2650.2000,2650.0000,2649.2000,2652.4000,2653.0000,2653.4000,2654.0000,2654.4000,2,1,4,6,3,1,1,1,4,1
SF,IH2009,2020-04-08 09:32:00.000,2652.2000,10175,0,50142360.000,0,-,-,-,-,2652.0000,2650.4000,2650.2000,2650.0000,2649.2000,2653.0000,2653.4000,2654.0000,2654.4000,2655.0000,2,1,4,6,3,1,1,4,1,2
SF,IH2009,2020-04-08 09:32:00.500,2652.2000,10174,-1,50938020.000,1,0,1,双平,S,2652.0000,2650.4000,2650.2000,2650.0000,2649.2000,2652.8000,2653.0000,2653.4000,2654.0000,2654.4000,2,1,4,6,3,2,1,1,4,1
SF,IH2009,2020-04-08 09:32:01.000,2652.2000,10174,0,50938020.000,0,-,-,-,-,2652.0000,2650.4000,2650.2000,2650.0000,2649.2000,2652.8000,2653.0000,2653.4000,2654.0000,2654.4000,2,2,3,6,3,1,1,1,4,2
SF,IH2009,2020-04-08 09:32:01.500,2652.2000,10174,0,50938020.000,0,-,-,-,-,2652.8000,2652.0000,2651.0000,2650.4000,2650.2000,2653.0000,2653.4000,2654.0000,2654.4000,2655.0000,2,2,1,2,3,1,1,4,2,2
SF,IH2009,2020-04-08 09:32:02.000,2653.0000,10174,0,51733920.000,1,0,1,多换,S,2653.0000,2652.8000,2652.0000,2651.0000,2650.4000,2654.0000,2654.4000,2655.0000,2655.8000,2658.6000,1,2,2,1,2,4,2,2,1,1
SF,IH2009,2020-04-08 09:32:02.500,2653.0000,10174,0,51733920.000,0,-,-,-,-,2653.4000,2653.2000,2653.0000,2652.8000,2652.0000,2653.8000,2654.0000,2654.4000,2655.0000,2655.8000,1,1,1,2,2,2,4,2,2,1
SF,IH2009,2020-04-08 09:32:03.000,2653.2000,10173,-1,52529880.000,1,0,1,双平,S,2653.2000,2653.0000,2652.8000,2652.0000,2650.4000,2653.8000,2654.0000,2654.4000,2655.0000,2655.8000,1,1,2,2,2,1,4,2,2,1
SF,IH2009,2020-04-08 09:32:03.500,2653.2000,10172,-1,53325840.000,1,0,1,双平,S,2652.8000,2652.0000,2650.4000,2650.2000,2650.0000,2653.6000,2654.0000,2654.4000,2655.0000,2655.2000,2,2,2,3,5,1,4,2,2,1
SF,IH2009,2020-04-08 09:32:04.000,2653.2000,10172,0,53325840.000,0,-,-,-,-,2652.0000,2651.2000,2650.4000,2650.2000,2650.0000,2652.6000,2652.8000,2653.0000,2653.4000,2653.6000,2,1,2,3,5,1,1,1,1,1
SF,IH2009,2020-04-08 09:32:04.500,2653.2000,10172,0,53325840.000,0,-,-,-,-,2652.0000,2651.2000,2650.4000,2650.2000,2650.0000,2652.8000,2653.0000,2653.6000,2654.0000,2654.4000,2,1,2,3,5,1,1,1,4,2
SF,IH2009,2020-04-08 09:32:05.000,2653.2000,10172,0,53325840.000,0,-,-,-,-,2652.0000,2651.2000,2650.4000,2650.2000,2650.0000,2652.8000,2653.0000,2653.4000,2653.6000,2654.0000,2,1,1,3,5,1,1,1,1,4
SF,IH2009,2020-04-08 09:32:05.500,2653.2000,10172,0,53325840.000,0,-,-,-,-,2652.0000,2651.2000,2650.4000,2650.2000,2650.0000,2652.8000,2653.0000,2653.4000,2653.6000,2654.0000,2,1,2,3,5,1,1,1,1,4
SF,IH2009,2020-04-08 09:32:06.000,2653.2000,10172,0,53325840.000,0,-,-,-,-,2652.0000,2651.2000,2650.4000,2650.2000,2650.0000,2652.8000,2653.0000,2653.4000,2653.6000,2654.0000,2,1,2,3,5,1,1,1,1,4
SF,IH2009,2020-04-08 09:32:06.500,2653.2000,10172,0,53325840.000,0,-,-,-,-,2652.0000,2651.2000,2650.4000,2650.2000,2650.0000,2652.8000,2653.0000,2653.4000,2653.6000,2654.0000,2,1,2,3,5,1,1,1,1,4
SF,IH2009,2020-04-08 09:32:07.000,2652.8000,10172,0,54121680.000,1,0,1,多换,S,2652.0000,2651.2000,2650.4000,2650.2000,2650.0000,2653.0000,2653.4000,2653.6000,2654.0000,2654.4000,2,1,2,3,7,1,1,1,4,2
SF,IH2009,2020-04-08 09:32:07.500,2652.8000,10172,0,54121680.000,0,-,-,-,-,2652.0000,2651.2000,2650.4000,2650.2000,2650.0000,2653.0000,2653.4000,2653.6000,2654.0000,2654.4000,2,1,2,3,7,1,1,1,4,2
SF,IH2009,2020-04-08 09:32:08.000,2652.8000,10172,0,54121680.000,0,-,-,-,-,2652.0000,2651.2000,2650.4000,2650.2000,2650.0000,2653.0000,2653.4000,2653.6000,2654.0000,2654.2000,2,1,2,3,7,1,1,1,4,1
SF,IH2009,2020-04-08 09:32:08.500,2652.8000,10172,0,54121680.000,0,-,-,-,-,2652.0000,2651.2000,2650.4000,2650.2000,2650.0000,2653.0000,2653.4000,2653.6000,2654.0000,2654.2000,2,1,2,3,7,1,1,1,4,1
SF,IH2009,2020-04-08 09:32:09.500,2652.2000,10171,-1,54917340.000,1,0,1,双平,S,2652.0000,2651.2000,2650.4000,2650.2000,2650.0000,2653.0000,2653.4000,2653.6000,2654.0000,2654.2000,2,1,2,3,7,1,1,1,5,1
SF,IH2009,2020-04-08 09:32:11.000,2652.2000,10171,0,54917340.000,0,-,-,-,-,2652.4000,2652.0000,2651.2000,2650.4000,2650.2000,2653.0000,2653.4000,2653.6000,2654.0000,2654.2000,1,3,1,2,3,1,1,1,5,1
SF,IH2009,2020-04-08 09:32:11.500,2652.2000,10171,0,54917340.000,0,-,-,-,-,2652.4000,2652.0000,2651.2000,2650.4000,2650.2000,2653.0000,2653.4000,2653.6000,2654.0000,2654.2000,1,3,1,2,3,1,1,1,5,1
SF,IH2009,2020-04-08 09:32:12.000,2652.2000,10171,0,54917340.000,0,-,-,-,-,2652.4000,2652.2000,2652.0000,2651.2000,2650.4000,2653.0000,2653.4000,2653.6000,2654.0000,2654.2000,1,1,3,1,2,1,1,1,5,1
SF,IH2009,2020-04-08 09:32:13.000,2652.2000,10171,0,54917340.000,0,-,-,-,-,2652.4000,2652.2000,2652.0000,2651.2000,2650.4000,2653.0000,2653.4000,2653.6000,2654.0000,2654.2000,1,1,3,1,2,1,1,1,5,1
SF,IH2009,2020-04-08 09:32:14.000,2652.2000,10171,0,54917340.000,0,-,-,-,-,2652.4000,2652.2000,2652.0000,2651.2000,2650.4000,2653.0000,2653.4000,2653.6000,2654.0000,2654.2000,1,1,3,1,2,1,1,1,5,1
SF,IH2009,2020-04-08 09:32:15.000,2652.2000,10171,0,54917340.000,0,-,-,-,-,2652.6000,2652.4000,2652.2000,2652.0000,2651.2000,2652.8000,2653.0000,2653.4000,2653.6000,2654.0000,1,1,1,3,1,1,1,1,1,5
SF,IH2009,2020-04-08 09:32:15.500,2652.2000,10171,0,54917340.000,0,-,-,-,-,2652.6000,2652.4000,2652.2000,2652.0000,2651.2000,2653.0000,2653.4000,2653.6000,2654.0000,2654.2000,1,1,1,3,1,1,1,2,5,1
SF,IH2009,2020-04-08 09:32:16.000,2652.2000,10171,0,54917340.000,0,-,-,-,-,2652.6000,2652.4000,2652.2000,2652.0000,2651.2000,2653.0000,2653.4000,2653.6000,2654.0000,2654.2000,1,1,1,3,1,1,1,2,6,1
SF,IH2009,2020-04-08 09:32:16.500,2652.2000,10171,0,54917340.000,0,-,-,-,-,2652.6000,2652.4000,2652.2000,2652.0000,2651.2000,2653.0000,2653.4000,2653.6000,2654.0000,2654.2000,1,1,1,3,1,1,1,2,6,1
SF,IH2009,2020-04-08 09:32:17.000,2652.2000,10171,0,54917340.000,0,-,-,-,-,2652.6000,2652.4000,2652.2000,2652.0000,2651.2000,2653.4000,2653.6000,2654.0000,2654.2000,2654.4000,1,1,1,3,1,1,2,6,1,2
SF,IH2009,2020-04-08 09:32:17.500,2652.2000,10171,0,54917340.000,0,-,-,-,-,2652.6000,2652.4000,2652.2000,2652.0000,2651.2000,2653.4000,2653.6000,2654.0000,2654.2000,2654.4000,1,1,1,3,1,1,2,6,1,2
SF,IH2009,2020-04-08 09:32:18.000,2652.2000,10171,0,54917340.000,0,-,-,-,-,2652.6000,2652.4000,2652.2000,2652.0000,2651.2000,2653.2000,2653.4000,2653.6000,2654.0000,2654.2000,1,1,1,3,1,1,1,2,6,1
SF,IH2009,2020-04-08 09:32:18.500,2652.2000,10171,0,54917340.000,0,-,-,-,-,2652.6000,2652.4000,2652.2000,2652.0000,2651.2000,2653.0000,2653.4000,2653.6000,2654.0000,2654.2000,1,1,1,3,1,1,1,1,6,1
SF,IH2009,2020-04-08 09:32:19.000,2652.2000,10171,0,54917340.000,0,-,-,-,-,2652.6000,2652.4000,2652.2000,2652.0000,2651.2000,2653.4000,2653.6000,2654.0000,2654.2000,2654.4000,1,1,1,3,1,1,1,6,1,2
SF,IH2009,2020-04-08 09:32:19.500,2652.2000,10171,0,54917340.000,0,-,-,-,-,2652.6000,2652.4000,2652.2000,2652.0000,2651.2000,2653.2000,2653.4000,2653.6000,2654.0000,2654.2000,1,1,1,3,1,2,1,1,6,1
SF,IH2009,2020-04-08 09:32:20.000,2652.2000,10171,0,54917340.000,0,-,-,-,-,2652.6000,2652.4000,2652.2000,2652.0000,2651.2000,2653.2000,2653.4000,2653.6000,2654.0000,2654.2000,1,1,1,3,1,1,1,1,6,1
SF,IH2009,2020-04-08 09:32:20.500,2652.2000,10171,0,54917340.000,0,-,-,-,-,2652.6000,2652.4000,2652.2000,2652.0000,2651.2000,2653.0000,2653.4000,2653.6000,2654.0000,2654.2000,1,1,1,3,1,1,1,1,6,1
SF,IH2009,2020-04-08 09:32:21.000,2652.2000,10171,0,54917340.000,0,-,-,-,-,2652.6000,2652.4000,2652.2000,2652.0000,2651.2000,2653.4000,2653.6000,2654.0000,2654.2000,2654.4000,1,1,1,3,1,1,1,6,1,2
SF,IH2009,2020-04-08 09:32:21.500,2652.2000,10171,0,56508660.000,2,1,1,多换,S,2652.2000,2652.0000,2651.2000,2650.4000,2650.2000,2653.0000,2653.2000,2653.4000,2653.6000,2654.0000,1,3,1,2,3,1,1,1,1,6
SF,IH2009,2020-04-08 09:32:22.000,2652.2000,10171,0,56508660.000,0,-,-,-,-,2652.2000,2652.0000,2651.2000,2650.4000,2650.2000,2653.4000,2653.6000,2654.0000,2654.2000,2654.4000,1,3,1,2,3,1,1,6,1,2
SF,IH2009,2020-04-08 09:32:22.500,2652.2000,10171,0,56508660.000,0,-,-,-,-,2652.2000,2652.0000,2651.2000,2650.4000,2650.2000,2653.2000,2653.4000,2653.6000,2654.0000,2654.2000,1,3,1,2,3,2,1,1,6,1
SF,IH2009,2020-04-08 09:32:26.000,2652.2000,10170,-1,57304320.000,1,0,1,双平,S,2652.0000,2651.2000,2650.4000,2650.2000,2650.0000,2653.2000,2653.4000,2653.6000,2654.0000,2654.2000,3,1,2,3,7,2,1,1,6,1
SF,IH2009,2020-04-08 09:32:26.500,2652.2000,10170,0,57304320.000,0,-,-,-,-,2652.0000,2651.2000,2650.4000,2650.2000,2650.0000,2653.2000,2653.4000,2653.6000,2654.0000,2654.2000,3,1,2,3,7,1,1,1,6,1
SF,IH2009,2020-04-08 09:32:27.000,2652.2000,10170,0,57304320.000,0,-,-,-,-,2652.0000,2651.2000,2650.4000,2650.2000,2650.0000,2653.0000,2653.4000,2653.6000,2654.0000,2654.2000,3,1,2,3,7,2,1,1,6,1
SF,IH2009,2020-04-08 09:32:27.500,2652.2000,10170,0,57304320.000,0,-,-,-,-,2652.0000,2651.2000,2650.4000,2650.2000,2650.0000,2653.0000,2653.4000,2653.6000,2654.0000,2654.2000,3,1,2,3,7,1,1,1,6,1
SF,IH2009,2020-04-08 09:32:28.000,2652.2000,10170,0,57304320.000,0,-,-,-,-,2652.0000,2651.2000,2650.4000,2650.2000,2650.0000,2653.4000,2653.6000,2654.0000,2654.2000,2654.4000,3,1,2,3,7,1,1,6,1,2
SF,IH2009,2020-04-08 09:32:28.500,2652.0000,10170,0,58895520.000,2,1,1,多换,S,2652.0000,2651.2000,2650.4000,2650.2000,2650.0000,2653.0000,2653.2000,2653.4000,2653.6000,2654.0000,1,1,2,3,7,2,1,1,1,6
SF,IH2009,2020-04-08 09:32:29.000,2653.0000,10167,-3,61283160.000,3,0,3,双平,S,2653.2000,2652.0000,2651.2000,2650.4000,2650.2000,2653.4000,2653.6000,2654.0000,2654.2000,2654.4000,5,1,1,1,3,1,1,6,1,2
SF,IH2009,2020-04-08 09:32:29.500,2653.2000,10162,-5,65262960.000,5,0,5,双平,S,2652.0000,2651.2000,2650.2000,2650.0000,2649.2000,2652.8000,2653.0000,2653.4000,2653.6000,2654.0000,1,1,3,8,3,2,1,1,1,6
SF,IH2009,2020-04-08 09:32:30.000,2653.2000,10162,0,65262960.000,0,-,-,-,-,2652.2000,2652.0000,2651.2000,2650.2000,2650.0000,2652.8000,2653.0000,2653.4000,2653.6000,2654.0000,1,1,1,3,8,2,1,1,1,6
SF,IH2009,2020-04-08 09:32:30.500,2652.8000,10161,-1,66058800.000,1,0,1,双平,S,2652.2000,2652.0000,2651.2000,2650.2000,2650.0000,2652.8000,2653.4000,2653.6000,2654.0000,2654.2000,1,1,1,3,8,1,1,1,6,1
SF,IH2009,2020-04-08 09:32:31.000,2652.8000,10161,0,66058800.000,0,-,-,-,-,2652.4000,2652.2000,2652.0000,2651.2000,2650.2000,2653.4000,2653.6000,2654.0000,2654.2000,2654.4000,1,1,1,1,3,1,1,6,1,2
SF,IH2009,2020-04-08 09:32:31.500,2652.8000,10161,0,66058800.000,0,-,-,-,-,2652.2000,2652.0000,2651.2000,2650.2000,2650.0000,2653.0000,2653.2000,2653.4000,2653.6000,2654.0000,1,1,1,3,5,1,1,1,1,6
SF,IH2009,2020-04-08 09:32:32.000,2652.8000,10161,0,66058800.000,0,-,-,-,-,2652.2000,2652.0000,2651.2000,2650.4000,2650.2000,2653.0000,2653.4000,2653.6000,2654.0000,2654.2000,1,3,1,1,3,1,1,1,6,1
SF,IH2009,2020-04-08 09:32:34.000,2652.0000,10160,-1,67650060.000,2,0,2,多平,S,2652.0000,2651.2000,2650.4000,2650.2000,2650.0000,2653.0000,2653.4000,2653.6000,2654.0000,2654.2000,2,1,1,3,5,1,1,1,6,1
SF,IH2009,2020-04-08 09:32:34.500,2652.0000,10160,0,67650060.000,0,-,-,-,-,2652.0000,2651.2000,2650.4000,2650.2000,2650.0000,2653.0000,2653.4000,2653.6000,2654.0000,2654.2000,2,1,1,3,5,1,1,1,6,1
SF,IH2009,2020-04-08 09:32:35.000,2652.0000,10160,0,67650060.000,0,-,-,-,-,2652.0000,2651.2000,2650.4000,2650.2000,2650.0000,2653.0000,2653.4000,2653.6000,2654.0000,2654.2000,2,1,1,3,5,1,1,1,6,1
SF,IH2009,2020-04-08 09:32:35.500,2652.0000,10160,0,67650060.000,0,-,-,-,-,2652.2000,2652.0000,2651.2000,2650.4000,2650.2000,2653.0000,2653.4000,2653.6000,2654.0000,2654.2000,1,2,1,1,3,1,1,1,6,1
SF,IH2009,2020-04-08 09:32:38.500,2652.0000,10160,0,67650060.000,0,-,-,-,-,2652.2000,2652.0000,2651.2000,2650.4000,2650.2000,2652.8000,2653.0000,2653.4000,2653.6000,2654.0000,1,2,1,1,3,1,1,1,1,6
SF,IH2009,2020-04-08 09:32:39.000,2652.0000,10160,0,67650060.000,0,-,-,-,-,2652.2000,2652.0000,2651.2000,2650.4000,2650.2000,2653.0000,2653.4000,2653.6000,2654.0000,2654.2000,1,2,1,1,3,1,1,1,6,1
SF,IH2009,2020-04-08 09:32:39.500,2652.0000,10160,0,67650060.000,0,-,-,-,-,2652.2000,2652.0000,2651.2000,2650.4000,2650.2000,2652.8000,2653.0000,2653.4000,2653.6000,2654.0000,1,2,1,1,3,1,1,1,1,6
SF,IH2009,2020-04-08 09:32:40.000,2652.0000,10160,0,67650060.000,0,-,-,-,-,2652.2000,2652.0000,2651.2000,2650.4000,2650.2000,2653.0000,2653.4000,2653.6000,2654.0000,2654.2000,1,2,1,1,3,1,1,1,6,1
SF,IH2009,2020-04-08 09:32:40.500,2652.8000,10160,0,69241560.000,2,1,1,多换,S,2652.0000,2651.2000,2650.4000,2650.2000,2650.0000,2653.0000,2653.4000,2653.6000,2654.0000,2654.2000,2,1,1,3,5,1,1,1,6,1
SF,IH2009,2020-04-08 09:32:41.000,2652.0000,10159,-1,70037160.000,1,0,1,双平,S,2652.0000,2651.2000,2650.4000,2650.2000,2650.0000,2653.0000,2653.4000,2653.6000,2654.0000,2654.2000,1,1,1,3,5,1,1,1,6,1
SF,IH2009,2020-04-08 09:32:41.500,2652.0000,10158,-1,70832760.000,1,0,1,双平,S,2651.2000,2650.4000,2650.2000,2650.0000,2649.2000,2652.8000,2653.0000,2653.4000,2653.6000,2654.0000,1,1,3,5,3,1,1,1,1,6
SF,IH2009,2020-04-08 09:32:42.000,2652.0000,10158,0,70832760.000,0,-,-,-,-,2651.2000,2650.4000,2650.2000,2650.0000,2649.4000,2652.8000,2653.0000,2653.4000,2653.6000,2654.0000,1,1,3,5,1,1,2,1,1,6
SF,IH2009,2020-04-08 09:32:42.500,2652.0000,10158,0,70832760.000,0,-,-,-,-,2651.2000,2650.4000,2650.2000,2650.0000,2649.4000,2652.8000,2653.0000,2653.2000,2653.4000,2653.6000,1,1,3,5,1,1,2,1,1,1
SF,IH2009,2020-04-08 09:32:43.000,2652.0000,10158,0,70832760.000,0,-,-,-,-,2651.2000,2650.4000,2650.2000,2650.0000,2649.4000,2652.8000,2653.0000,2653.2000,2653.4000,2653.6000,1,1,3,5,1,1,2,1,1,1
SF,IH2009,2020-04-08 09:32:43.500,2652.0000,10158,0,70832760.000,0,-,-,-,-,2651.2000,2650.4000,2650.2000,2650.0000,2649.4000,2652.6000,2652.8000,2653.0000,2653.2000,2653.4000,1,1,3,5,1,1,1,2,1,1
SF,IH2009,2020-04-08 09:32:44.000,2652.0000,10158,0,70832760.000,0,-,-,-,-,2651.2000,2650.4000,2650.2000,2650.0000,2649.4000,2652.4000,2652.6000,2652.8000,2653.0000,2653.2000,1,1,3,5,1,1,1,1,1,1
SF,IH2009,2020-04-08 09:32:44.500,2652.0000,10158,0,70832760.000,0,-,-,-,-,2651.2000,2650.4000,2650.2000,2650.0000,2649.4000,2651.6000,2652.4000,2652.6000,2652.8000,2653.0000,1,1,3,5,1,1,1,1,1,1
SF,IH2009,2020-04-08 09:32:45.000,2651.6000,10158,0,71628240.000,1,0,1,多换,S,2651.6000,2651.2000,2650.4000,2650.2000,2650.0000,2652.4000,2652.6000,2653.0000,2653.2000,2653.4000,1,1,1,3,5,1,1,1,1,1
SF,IH2009,2020-04-08 09:32:45.500,2651.6000,10158,0,71628240.000,0,-,-,-,-,2651.2000,2650.4000,2650.2000,2650.0000,2649.4000,2652.4000,2652.6000,2653.0000,2653.2000,2653.4000,1,1,3,5,1,2,1,1,1,1
SF,IH2009,2020-04-08 09:32:46.000,2651.6000,10158,0,71628240.000,0,-,-,-,-,2651.6000,2651.2000,2650.4000,2650.2000,2650.0000,2652.4000,2652.6000,2653.0000,2653.2000,2653.4000,1,1,1,3,5,2,1,1,1,1
SF,IH2009,2020-04-08 09:32:47.000,2651.6000,10158,0,71628240.000,0,-,-,-,-,2651.6000,2651.2000,2650.4000,2650.2000,2650.0000,2652.4000,2652.6000,2653.0000,2653.2000,2653.4000,1,1,1,3,5,1,1,1,1,1
SF,IH2009,2020-04-08 09:32:48.000,2651.6000,10158,0,71628240.000,0,-,-,-,-,2651.6000,2651.2000,2650.4000,2650.2000,2650.0000,2652.4000,2652.6000,2653.0000,2653.2000,2653.4000,1,1,1,3,5,2,1,1,1,1
SF,IH2009,2020-04-08 09:32:48.500,2651.6000,10158,0,71628240.000,0,-,-,-,-,2651.6000,2651.2000,2650.4000,2650.2000,2650.0000,2652.4000,2652.6000,2653.0000,2653.2000,2653.4000,1,1,1,3,5,3,1,1,1,1
SF,IH2009,2020-04-08 09:32:49.000,2651.6000,10158,0,71628240.000,0,-,-,-,-,2651.6000,2651.2000,2650.4000,2650.2000,2650.0000,2652.4000,2652.6000,2653.0000,2653.2000,2653.4000,1,1,1,3,5,1,1,1,1,1
SF,IH2009,2020-04-08 09:32:49.500,2651.6000,10158,0,71628240.000,0,-,-,-,-,2651.6000,2651.2000,2650.4000,2650.2000,2650.0000,2652.2000,2652.4000,2653.0000,2653.2000,2653.4000,1,1,1,3,5,1,1,1,1,1
SF,IH2009,2020-04-08 09:32:50.000,2651.6000,10158,0,71628240.000,0,-,-,-,-,2651.6000,2651.2000,2650.4000,2650.2000,2650.0000,2652.2000,2653.0000,2653.2000,2653.4000,2653.6000,1,1,1,3,5,1,1,1,1,1
SF,IH2009,2020-04-08 09:32:50.500,2651.6000,10158,0,71628240.000,0,-,-,-,-,2651.6000,2651.2000,2650.4000,2650.2000,2650.0000,2652.2000,2652.4000,2653.0000,2653.2000,2653.4000,1,1,1,3,5,1,1,1,1,1
SF,IH2009,2020-04-08 09:32:51.000,2651.6000,10158,0,71628240.000,0,-,-,-,-,2651.6000,2651.2000,2650.4000,2650.2000,2650.0000,2652.2000,2653.2000,2653.4000,2653.6000,2654.0000,1,1,1,3,5,1,1,1,1,5
SF,IH2009,2020-04-08 09:32:52.000,2651.6000,10158,0,71628240.000,0,-,-,-,-,2651.6000,2651.2000,2650.4000,2650.2000,2650.0000,2652.2000,2653.2000,2653.4000,2653.6000,2654.0000,1,1,1,3,5,1,1,1,1,5
SF,IH2009,2020-04-08 09:32:52.500,2651.6000,10158,0,71628240.000,0,-,-,-,-,2651.6000,2651.2000,2650.4000,2650.2000,2650.0000,2652.2000,2652.4000,2653.2000,2653.4000,2653.6000,1,1,1,3,5,1,1,1,1,1
SF,IH2009,2020-04-08 09:32:53.000,2651.6000,10158,0,71628240.000,0,-,-,-,-,2651.6000,2651.2000,2650.4000,2650.2000,2650.0000,2652.2000,2653.2000,2653.4000,2653.6000,2654.0000,1,1,1,3,5,1,1,1,1,5
SF,IH2009,2020-04-08 09:32:53.500,2652.2000,10157,-1,72423900.000,1,0,1,双平,S,2651.6000,2651.2000,2650.4000,2650.2000,2650.0000,2653.2000,2653.4000,2653.6000,2654.0000,2654.2000,1,1,1,3,5,1,1,1,5,1
SF,IH2009,2020-04-08 09:32:54.000,2652.2000,10157,0,72423900.000,0,-,-,-,-,2651.6000,2651.2000,2650.4000,2650.2000,2650.0000,2652.4000,2653.0000,2653.2000,2653.4000,2653.6000,1,1,1,3,6,1,2,1,1,1
SF,IH2009,2020-04-08 09:32:54.500,2652.2000,10157,0,72423900.000,0,-,-,-,-,2651.6000,2651.2000,2650.4000,2650.2000,2650.0000,2652.4000,2652.6000,2653.0000,2653.2000,2653.4000,1,1,1,3,6,1,1,2,1,1
SF,IH2009,2020-04-08 09:32:55.500,2652.2000,10157,0,72423900.000,0,-,-,-,-,2652.2000,2651.2000,2650.4000,2650.2000,2650.0000,2652.4000,2652.6000,2653.0000,2653.2000,2653.4000,1,1,1,3,6,1,1,2,1,1
SF,IH2009,2020-04-08 09:32:56.000,2652.2000,10157,0,73219560.000,1,0,1,多换,S,2651.2000,2650.4000,2650.2000,2650.0000,2649.0000,2652.0000,2652.2000,2652.4000,2652.6000,2653.0000,1,1,3,6,17,1,1,1,1,2
SF,IH2009,2020-04-08 09:32:56.500,2652.2000,10157,0,73219560.000,0,-,-,-,-,2651.6000,2651.2000,2650.4000,2650.2000,2650.0000,2652.4000,2652.6000,2653.0000,2653.2000,2653.4000,1,1,1,3,6,1,1,2,1,1
SF,IH2009,2020-04-08 09:32:57.000,2652.2000,10157,0,73219560.000,0,-,-,-,-,2651.6000,2651.2000,2650.4000,2650.2000,2650.0000,2652.4000,2652.6000,2653.0000,2653.2000,2653.4000,1,1,1,3,6,1,1,2,1,1
SF,IH2009,2020-04-08 09:32:58.000,2652.2000,10157,0,73219560.000,0,-,-,-,-,2651.6000,2651.2000,2650.4000,2650.2000,2650.0000,2652.4000,2653.0000,2653.2000,2653.4000,2653.6000,1,1,1,3,6,1,2,1,1,1
SF,IH2009,2020-04-08 09:32:58.500,2652.2000,10157,0,73219560.000,0,-,-,-,-,2651.6000,2651.2000,2650.4000,2650.2000,2650.0000,2652.4000,2652.6000,2653.0000,2653.2000,2653.4000,1,1,1,3,6,3,2,2,1,1
SF,IH2009,2020-04-08 09:32:59.000,2652.2000,10157,0,73219560.000,0,-,-,-,-,2651.6000,2651.2000,2650.4000,2650.2000,2650.0000,2652.4000,2652.6000,2653.0000,2653.2000,2653.4000,1,1,1,3,6,2,2,2,1,1
SF,IH2009,2020-04-08 09:32:59.500,2652.2000,10157,0,73219560.000,0,-,-,-,-,2651.6000,2651.4000,2651.2000,2650.4000,2650.2000,2652.4000,2652.6000,2653.0000,2653.2000,2653.4000,1,1,1,1,3,1,2,2,1,1
SF,IH2009,2020-04-08 09:33:00.000,2652.2000,10157,0,73219560.000,0,-,-,-,-,2651.8000,2651.6000,2651.4000,2651.2000,2650.4000,2652.4000,2652.6000,2653.0000,2653.2000,2653.4000,1,1,1,1,1,1,2,1,1,1
SF,IH2009,2020-04-08 09:33:00.500,2652.4000,10157,0,74015280.000,1,0,1,多换,S,2651.6000,2651.4000,2651.2000,2650.4000,2650.2000,2652.6000,2653.0000,2653.2000,2653.4000,2653.6000,1,1,1,1,3,2,1,1,1,1
SF,IH2009,2020-04-08 09:33:01.000,2652.4000,10157,0,74015280.000,0,-,-,-,-,2651.6000,2651.4000,2651.2000,2650.4000,2650.2000,2652.4000,2652.6000,2653.0000,2653.2000,2653.4000,1,1,1,1,3,2,2,1,1,1
SF,IH2009,2020-04-08 09:33:01.500,2652.4000,10156,-1,74811000.000,1,0,1,双平,S,2651.8000,2651.6000,2651.4000,2651.2000,2650.4000,2652.6000,2653.0000,2653.2000,2653.4000,2653.6000,1,1,1,1,1,2,1,1,1,1
SF,IH2009,2020-04-08 09:33:02.000,2652.4000,10156,0,74811000.000,0,-,-,-,-,2651.6000,2651.4000,2651.2000,2650.4000,2650.2000,2652.6000,2653.0000,2653.2000,2653.4000,2653.6000,1,1,1,1,3,2,3,1,1,1
SF,IH2009,2020-04-08 09:33:03.500,2652.4000,10156,0,74811000.000,0,-,-,-,-,2651.6000,2651.4000,2651.2000,2650.4000,2650.2000,2652.4000,2652.6000,2653.0000,2653.2000,2653.4000,1,1,1,1,3,1,2,3,1,1
SF,IH2009,2020-04-08 09:33:04.000,2651.4000,10155,-1,76401900.000,2,0,2,多平,S,2650.4000,2650.2000,2650.0000,2649.6000,2649.0000,2652.6000,2653.0000,2653.2000,2653.4000,2653.6000,1,3,6,1,17,2,3,1,1,1
SF,IH2009,2020-04-08 09:33:04.500,2651.4000,10155,0,76401900.000,0,-,-,-,-,2650.6000,2650.4000,2650.2000,2650.0000,2649.6000,2652.4000,2652.6000,2653.0000,2653.2000,2653.4000,1,1,2,6,1,2,2,2,1,1
SF,IH2009,2020-04-08 09:33:05.000,2652.4000,10155,0,77197620.000,1,0,1,多换,S,2650.8000,2650.6000,2650.4000,2650.2000,2650.0000,2652.4000,2652.6000,2653.0000,2653.2000,2653.4000,1,1,1,2,6,1,2,2,1,1
SF,IH2009,2020-04-08 09:33:05.500,2652.4000,10155,0,77197620.000,0,-,-,-,-,2651.0000,2650.6000,2650.4000,2650.2000,2650.0000,2652.2000,2652.4000,2652.6000,2653.0000,2653.2000,1,1,1,2,6,1,1,2,2,1
SF,IH2009,2020-04-08 09:33:06.000,2652.4000,10155,0,77197620.000,0,-,-,-,-,2651.2000,2650.6000,2650.4000,2650.2000,2650.0000,2652.2000,2652.4000,2652.6000,2653.0000,2653.2000,1,1,1,2,6,1,1,2,2,1
SF,IH2009,2020-04-08 09:33:06.500,2652.4000,10155,0,77197620.000,0,-,-,-,-,2650.6000,2650.4000,2650.2000,2650.0000,2649.6000,2652.2000,2652.4000,2652.6000,2653.0000,2653.2000,1,1,2,6,1,1,1,2,2,1
SF,IH2009,2020-04-08 09:33:07.000,2652.4000,10155,0,77197620.000,0,-,-,-,-,2650.8000,2650.6000,2650.4000,2650.2000,2650.0000,2652.2000,2652.4000,2652.6000,2653.0000,2653.2000,1,1,1,2,6,1,1,2,2,1
SF,IH2009,2020-04-08 09:33:07.500,2652.4000,10155,0,77197620.000,0,-,-,-,-,2651.0000,2650.6000,2650.4000,2650.2000,2650.0000,2652.2000,2652.4000,2652.6000,2653.0000,2653.2000,1,1,1,2,6,1,1,2,2,1
SF,IH2009,2020-04-08 09:33:08.000,2652.4000,10155,0,77197620.000,0,-,-,-,-,2650.6000,2650.4000,2650.2000,2650.0000,2649.6000,2652.2000,2652.6000,2653.0000,2653.2000,2653.4000,1,1,2,6,1,1,2,2,1,3
SF,IH2009,2020-04-08 09:33:08.500,2652.4000,10155,0,77197620.000,0,-,-,-,-,2650.8000,2650.6000,2650.4000,2650.2000,2650.0000,2652.2000,2652.6000,2653.0000,2653.2000,2653.4000,2,1,1,2,6,1,2,2,1,3
SF,IH2009,2020-04-08 09:33:09.000,2652.4000,10155,0,77197620.000,0,-,-,-,-,2651.0000,2650.8000,2650.6000,2650.4000,2650.2000,2652.0000,2652.2000,2652.6000,2653.0000,2653.2000,1,2,1,1,2,1,1,2,2,1
SF,IH2009,2020-04-08 09:33:09.500,2652.4000,10155,0,77197620.000,0,-,-,-,-,2651.0000,2650.8000,2650.6000,2650.4000,2650.2000,2652.2000,2652.6000,2653.0000,2653.2000,2653.4000,1,1,1,1,2,1,2,2,1,3
SF,IH2009,2020-04-08 09:33:10.000,2652.4000,10155,0,77197620.000,0,-,-,-,-,2651.0000,2650.8000,2650.6000,2650.4000,2650.2000,2651.6000,2652.2000,2652.4000,2652.6000,2653.0000,1,1,1,1,2,1,1,1,2,2
SF,IH2009,2020-04-08 09:33:10.500,2652.4000,10155,0,77197620.000,0,-,-,-,-,2651.2000,2651.0000,2650.8000,2650.6000,2650.4000,2652.2000,2652.6000,2653.0000,2653.2000,2653.4000,1,1,1,1,1,1,2,2,1,3
SF,IH2009,2020-04-08 09:33:11.000,2652.4000,10155,0,77197620.000,0,-,-,-,-,2651.0000,2650.8000,2650.6000,2650.4000,2650.2000,2652.2000,2652.6000,2653.0000,2653.2000,2653.4000,1,1,1,1,2,1,2,2,1,3
SF,IH2009,2020-04-08 09:33:11.500,2652.4000,10155,0,77197620.000,0,-,-,-,-,2651.0000,2650.8000,2650.6000,2650.4000,2650.2000,2651.8000,2652.2000,2652.6000,2653.0000,2653.2000,1,1,1,1,2,1,1,2,2,1
SF,IH2009,2020-04-08 09:33:12.000,2652.4000,10155,0,77197620.000,0,-,-,-,-,2651.0000,2650.8000,2650.6000,2650.4000,2650.2000,2652.2000,2652.6000,2653.0000,2653.2000,2653.4000,1,1,1,1,2,1,2,2,1,3
SF,IH2009,2020-04-08 09:33:12.500,2651.0000,10154,-1,77992920.000,1,0,1,双平,S,2650.8000,2650.6000,2650.4000,2650.2000,2650.0000,2651.4000,2652.0000,2652.2000,2652.4000,2652.6000,1,1,1,2,6,1,2,1,1,2
SF,IH2009,2020-04-08 09:33:13.000,2650.8000,10153,-1,78788160.000,1,0,1,双平,S,2650.4000,2650.2000,2650.0000,2649.6000,2649.0000,2650.8000,2651.0000,2652.0000,2652.2000,2652.4000,1,2,6,1,17,2,2,2,1,1
SF,IH2009,2020-04-08 09:33:13.500,2650.6000,10149,-4,81968580.000,4,0,4,双平,S,2650.0000,2649.6000,2649.0000,2648.8000,2648.6000,2650.2000,2650.8000,2651.0000,2651.2000,2652.0000,6,1,17,2,1,1,2,2,1,2
SF,IH2009,2020-04-08 09:33:14.000,2650.0000,10149,0,82763580.000,1,0,1,多换,S,2650.0000,2649.6000,2649.0000,2648.8000,2648.6000,2650.2000,2650.8000,2651.0000,2651.2000,2652.0000,7,1,17,2,1,1,2,2,1,2
SF,IH2009,2020-04-08 09:33:14.500,2650.0000,10149,0,83558580.000,1,0,1,多换,S,2650.0000,2649.6000,2649.2000,2649.0000,2648.8000,2650.2000,2650.8000,2651.0000,2651.2000,2652.0000,6,1,1,17,2,2,2,2,1,2
SF,IH2009,2020-04-08 09:33:15.000,2650.0000,10149,0,84353580.000,1,0,1,多换,S,2650.0000,2649.6000,2649.2000,2649.0000,2648.8000,2650.2000,2650.8000,2651.0000,2651.2000,2652.0000,5,1,1,17,2,2,2,2,1,2
SF,IH2009,2020-04-08 09:33:15.500,2650.0000,10149,0,85148580.000,1,0,1,多换,S,2650.0000,2649.6000,2649.2000,2649.0000,2648.8000,2650.2000,2650.8000,2651.0000,2651.2000,2652.0000,4,1,1,17,2,1,2,2,1,2
SF,IH2009,2020-04-08 09:33:16.000,2650.0000,10148,-1,87533580.000,3,1,2,多平,S,2650.0000,2649.6000,2649.4000,2649.2000,2649.0000,2650.8000,2651.0000,2651.2000,2652.0000,2652.2000,1,1,1,1,17,2,2,2,2,1
SF,IH2009,2020-04-08 09:33:16.500,2650.0000,10148,0,87533580.000,0,-,-,-,-,2650.0000,2649.6000,2649.4000,2649.2000,2649.0000,2650.6000,2650.8000,2651.0000,2651.2000,2652.0000,1,1,1,1,18,1,2,2,2,2
SF,IH2009,2020-04-08 09:33:17.000,2650.0000,10148,0,87533580.000,0,-,-,-,-,2650.0000,2649.6000,2649.4000,2649.2000,2649.0000,2650.2000,2650.6000,2650.8000,2651.0000,2651.2000,1,1,1,1,18,1,1,5,2,2
SF,IH2009,2020-04-08 09:33:17.500,2650.0000,10148,0,88328580.000,1,0,1,多换,S,2649.6000,2649.4000,2649.2000,2649.0000,2648.8000,2650.2000,2650.6000,2650.8000,2651.0000,2651.2000,1,1,1,18,2,1,1,5,2,2
SF,IH2009,2020-04-08 09:33:18.000,2650.0000,10148,0,88328580.000,0,-,-,-,-,2649.4000,2649.2000,2649.0000,2648.8000,2648.6000,2650.0000,2650.2000,2650.6000,2650.8000,2651.0000,1,1,18,2,1,2,1,1,5,2
SF,IH2009,2020-04-08 09:33:18.500,2650.0000,10148,0,88328580.000,0,-,-,-,-,2649.2000,2649.0000,2648.8000,2648.6000,2648.2000,2650.0000,2650.6000,2650.8000,2651.0000,2651.2000,1,18,2,1,1,3,1,5,2,2
SF,IH2009,2020-04-08 09:33:19.000,2650.0000,10148,0,88328580.000,0,-,-,-,-,2649.2000,2649.0000,2648.8000,2648.6000,2648.2000,2650.0000,2650.6000,2650.8000,2651.0000,2651.2000,1,18,2,1,1,4,1,5,2,2
SF,IH2009,2020-04-08 09:33:19.500,2650.0000,10148,0,88328580.000,0,-,-,-,-,2649.2000,2649.0000,2648.8000,2648.6000,2648.2000,2650.0000,2650.6000,2650.8000,2651.0000,2651.2000,1,18,2,1,1,3,1,5,2,2
SF,IH2009,2020-04-08 09:33:20.000,2650.0000,10148,0,88328580.000,0,-,-,-,-,2649.2000,2649.0000,2648.8000,2648.6000,2648.2000,2649.8000,2650.0000,2650.6000,2650.8000,2651.0000,1,18,2,1,1,1,3,1,5,2
SF,IH2009,2020-04-08 09:33:20.500,2650.0000,10148,0,88328580.000,0,-,-,-,-,2649.0000,2648.8000,2648.6000,2648.2000,2648.0000,2649.8000,2650.0000,2650.6000,2650.8000,2651.0000,18,2,1,1,4,1,4,1,5,2
SF,IH2009,2020-04-08 09:33:21.000,2650.0000,10148,0,88328580.000,0,-,-,-,-,2649.0000,2648.8000,2648.6000,2648.2000,2648.0000,2649.8000,2650.0000,2650.6000,2650.8000,2651.0000,18,2,1,1,4,1,4,1,5,2
SF,IH2009,2020-04-08 09:33:21.500,2649.2000,10149,1,89123340.000,1,1,0,双开,S,2649.0000,2648.8000,2648.6000,2648.2000,2648.0000,2649.8000,2650.0000,2650.6000,2650.8000,2651.0000,18,2,1,1,4,1,4,1,5,2
SF,IH2009,2020-04-08 09:33:22.000,2649.2000,10149,0,89123340.000,0,-,-,-,-,2649.0000,2648.8000,2648.6000,2648.2000,2648.0000,2650.0000,2650.6000,2650.8000,2651.0000,2651.2000,17,2,1,1,4,4,1,5,2,2
SF,IH2009,2020-04-08 09:33:22.500,2649.2000,10149,0,89123340.000,0,-,-,-,-,2649.0000,2648.8000,2648.6000,2648.2000,2648.0000,2649.2000,2649.8000,2650.0000,2650.6000,2650.8000,17,2,1,1,4,1,2,4,1,5
SF,IH2009,2020-04-08 09:33:23.000,2649.0000,10145,-4,93096900.000,5,0,5,多平,S,2649.2000,2649.0000,2648.8000,2648.6000,2648.2000,2649.4000,2649.8000,2650.0000,2650.6000,2650.8000,1,13,2,1,1,1,1,4,1,5
SF,IH2009,2020-04-08 09:33:23.500,2649.4000,10144,-1,93891720.000,1,0,1,双平,S,2649.6000,2649.4000,2649.2000,2649.0000,2648.8000,2650.0000,2650.6000,2650.8000,2651.0000,2651.2000,1,1,1,13,2,3,1,5,2,2
SF,IH2009,2020-04-08 09:33:24.000,2649.4000,10144,0,93891720.000,0,-,-,-,-,2649.6000,2649.4000,2649.2000,2649.0000,2648.8000,2650.0000,2650.6000,2650.8000,2651.0000,2651.2000,1,1,1,13,2,3,1,5,2,2
SF,IH2009,2020-04-08 09:33:24.500,2649.4000,10144,0,93891720.000,0,-,-,-,-,2649.4000,2649.2000,2649.0000,2648.8000,2648.6000,2650.0000,2650.6000,2650.8000,2651.0000,2651.2000,1,1,13,2,1,3,1,4,2,2
SF,IH2009,2020-04-08 09:33:25.000,2649.4000,10144,0,93891720.000,0,-,-,-,-,2649.4000,2649.2000,2649.0000,2648.8000,2648.6000,2650.0000,2650.6000,2650.8000,2651.0000,2651.2000,1,1,14,2,1,3,1,4,2,2
SF,IH2009,2020-04-08 09:33:25.500,2650.0000,10144,0,94686720.000,1,0,1,多换,S,2649.4000,2649.2000,2649.0000,2648.8000,2648.6000,2650.0000,2650.6000,2650.8000,2651.0000,2651.2000,1,1,14,2,1,2,1,4,2,2
SF,IH2009,2020-04-08 09:33:26.000,2650.0000,10144,0,94686720.000,0,-,-,-,-,2649.4000,2649.2000,2649.0000,2648.8000,2648.6000,2650.0000,2650.6000,2650.8000,2651.0000,2651.2000,1,1,14,2,1,2,1,4,2,2
SF,IH2009,2020-04-08 09:33:26.500,2650.0000,10144,0,94686720.000,0,-,-,-,-,2649.4000,2649.2000,2649.0000,2648.8000,2648.6000,2650.0000,2650.2000,2650.6000,2650.8000,2651.0000,1,1,14,2,1,1,1,1,4,2
SF,IH2009,2020-04-08 09:33:28.000,2650.0000,10144,0,94686720.000,0,-,-,-,-,2649.4000,2649.2000,2649.0000,2648.8000,2648.6000,2650.0000,2650.2000,2650.6000,2650.8000,2651.0000,1,1,14,2,1,2,1,1,4,2
SF,IH2009,2020-04-08 09:33:31.500,2650.0000,10144,0,94686720.000,0,-,-,-,-,2649.4000,2649.2000,2649.0000,2648.8000,2648.6000,2650.0000,2650.2000,2650.6000,2650.8000,2651.0000,1,1,14,2,1,1,1,1,4,2
SF,IH2009,2020-04-08 09:33:32.000,2650.0000,10143,-1,95481720.000,1,0,1,双平,S,2649.4000,2649.2000,2649.0000,2648.8000,2648.6000,2650.2000,2650.6000,2650.8000,2651.0000,2651.2000,1,1,14,2,1,1,1,4,2,2
SF,IH2009,2020-04-08 09:33:33.000,2649.4000,10142,-1,96276540.000,1,0,1,双平,S,2649.2000,2649.0000,2648.8000,2648.6000,2648.2000,2650.2000,2650.6000,2650.8000,2651.0000,2651.2000,1,14,2,1,1,2,1,4,2,2
SF,IH2009,2020-04-08 09:33:33.500,2649.4000,10142,0,96276540.000,0,-,-,-,-,2649.2000,2649.0000,2648.8000,2648.6000,2648.2000,2650.2000,2650.6000,2650.8000,2651.0000,2651.2000,2,14,2,1,1,2,1,4,2,2
SF,IH2009,2020-04-08 09:33:34.000,2649.4000,10142,0,96276540.000,0,-,-,-,-,2649.2000,2649.0000,2648.8000,2648.6000,2648.2000,2650.2000,2650.6000,2650.8000,2651.0000,2651.2000,2,14,2,1,1,1,1,1,2,2
SF,IH2009,2020-04-08 09:33:34.500,2649.4000,10142,0,96276540.000,0,-,-,-,-,2649.2000,2649.0000,2648.8000,2648.6000,2648.2000,2650.0000,2650.2000,2650.6000,2650.8000,2651.0000,2,14,2,1,1,1,1,1,1,2
SF,IH2009,2020-04-08 09:33:35.000,2649.4000,10142,0,96276540.000,0,-,-,-,-,2649.2000,2649.0000,2648.8000,2648.6000,2648.2000,2650.2000,2650.6000,2650.8000,2651.0000,2651.2000,2,14,2,1,1,2,1,1,2,2
SF,IH2009,2020-04-08 09:33:35.500,2649.4000,10142,0,96276540.000,0,-,-,-,-,2649.2000,2649.0000,2648.8000,2648.6000,2648.2000,2649.8000,2650.2000,2650.6000,2650.8000,2651.0000,2,14,2,1,1,1,2,1,1,2
SF,IH2009,2020-04-08 09:33:36.000,2649.8000,10141,-1,97071480.000,1,0,1,双平,S,2649.2000,2649.0000,2648.8000,2648.6000,2648.2000,2650.2000,2650.6000,2650.8000,2651.0000,2651.2000,2,14,2,1,1,2,1,1,2,2
SF,IH2009,2020-04-08 09:33:37.000,2649.2000,10140,-1,97866240.000,1,0,1,双平,S,2649.2000,2649.0000,2648.8000,2648.6000,2648.2000,2650.2000,2650.6000,2650.8000,2651.0000,2651.2000,1,14,2,1,1,2,1,1,2,2
SF,IH2009,2020-04-08 09:33:37.500,2649.2000,10139,-1,98661000.000,1,0,1,双平,S,2649.0000,2648.8000,2648.6000,2648.2000,2648.0000,2650.2000,2650.6000,2650.8000,2651.0000,2651.2000,14,2,1,1,4,2,1,1,2,2
SF,IH2009,2020-04-08 09:33:38.000,2649.2000,10139,0,98661000.000,0,-,-,-,-,2649.0000,2648.8000,2648.6000,2648.2000,2648.0000,2650.0000,2650.2000,2650.6000,2650.8000,2651.0000,14,2,1,1,4,1,2,1,1,2
SF,IH2009,2020-04-08 09:33:38.500,2649.2000,10139,0,98661000.000,0,-,-,-,-,2649.0000,2648.8000,2648.6000,2648.2000,2648.0000,2650.2000,2650.6000,2650.8000,2651.0000,2651.2000,14,2,1,1,4,2,1,1,2,2
SF,IH2009,2020-04-08 09:33:39.500,2649.2000,10139,0,98661000.000,0,-,-,-,-,2649.2000,2649.0000,2648.8000,2648.6000,2648.2000,2650.2000,2650.6000,2650.8000,2651.0000,2651.2000,1,14,2,1,1,2,1,1,2,2
SF,IH2009,2020-04-08 09:33:40.000,2649.2000,10139,0,98661000.000,0,-,-,-,-,2649.4000,2649.0000,2648.8000,2648.6000,2648.2000,2650.2000,2650.6000,2650.8000,2651.0000,2651.2000,1,14,2,1,1,2,1,1,2,2
SF,IH2009,2020-04-08 09:33:40.500,2649.2000,10140,1,99455760.000,1,1,0,双开,S,2649.0000,2648.8000,2648.6000,2648.2000,2648.0000,2650.0000,2650.2000,2650.6000,2650.8000,2651.0000,14,2,1,1,4,1,2,1,1,1
SF,IH2009,2020-04-08 09:33:41.000,2649.2000,10140,0,99455760.000,0,-,-,-,-,2649.0000,2648.8000,2648.6000,2648.2000,2648.0000,2650.2000,2650.6000,2650.8000,2651.0000,2651.2000,14,2,1,1,4,2,1,1,1,2
SF,IH2009,2020-04-08 09:33:41.500,2649.2000,10140,0,99455760.000,0,-,-,-,-,2649.2000,2649.0000,2648.8000,2648.6000,2648.2000,2650.2000,2650.6000,2650.8000,2651.0000,2651.2000,1,14,2,1,1,2,1,1,1,2
SF,IH2009,2020-04-08 09:33:42.000,2649.2000,10140,0,99455760.000,0,-,-,-,-,2649.0000,2648.8000,2648.6000,2648.2000,2648.0000,2650.2000,2650.6000,2650.8000,2651.0000,2651.2000,14,2,1,1,4,2,1,1,1,2
SF,IH2009,2020-04-08 09:33:43.500,2649.2000,10140,0,99455760.000,0,-,-,-,-,2649.0000,2648.8000,2648.6000,2648.2000,2648.0000,2650.2000,2650.6000,2650.8000,2651.0000,2651.2000,14,2,1,1,4,1,1,1,1,2
SF,IH2009,2020-04-08 09:33:44.000,2649.2000,10140,0,99455760.000,0,-,-,-,-,2649.0000,2648.8000,2648.6000,2648.2000,2648.0000,2649.2000,2650.2000,2650.6000,2650.8000,2651.0000,14,2,1,1,4,3,1,1,1,1
SF,IH2009,2020-04-08 09:33:44.500,2649.2000,10137,-3,101840040.000,3,0,3,双平,S,2649.0000,2648.8000,2648.6000,2648.2000,2648.0000,2650.2000,2650.6000,2650.8000,2651.0000,2651.2000,14,2,1,1,4,1,1,1,1,2
SF,IH2009,2020-04-08 09:33:45.500,2649.0000,10136,-1,105813540.000,5,2,3,多平,S,2649.0000,2648.8000,2648.6000,2648.2000,2648.0000,2650.0000,2650.2000,2650.6000,2650.8000,2651.0000,9,2,1,1,4,1,1,1,1,1
SF,IH2009,2020-04-08 09:33:46.000,2649.0000,10135,-1,106608240.000,1,0,1,双平,S,2649.0000,2648.8000,2648.6000,2648.2000,2648.0000,2650.2000,2650.6000,2650.8000,2651.0000,2651.2000,8,2,1,1,4,1,1,1,1,2
SF,IH2009,2020-04-08 09:33:46.500,2649.0000,10135,0,106608240.000,0,-,-,-,-,2649.0000,2648.8000,2648.6000,2648.2000,2648.0000,2650.0000,2650.2000,2650.8000,2651.0000,2651.2000,8,2,1,1,4,3,1,1,1,2
SF,IH2009,2020-04-08 09:33:47.000,2648.6000,10130,-5,115349700.000,11,3,8,多平,S,2648.2000,2648.0000,2647.6000,2647.0000,2646.0000,2648.8000,2650.0000,2650.2000,2650.8000,2651.0000,1,4,1,1,1,2,4,1,1,1
SF,IH2009,2020-04-08 09:33:47.500,2648.8000,10127,-3,117733440.000,3,0,3,双平,S,2648.4000,2648.0000,2647.6000,2647.0000,2646.0000,2649.0000,2650.0000,2650.2000,2650.8000,2651.0000,1,4,1,1,1,4,3,1,1,1
SF,IH2009,2020-04-08 09:33:48.000,2648.8000,10127,0,117733440.000,0,-,-,-,-,2648.0000,2647.6000,2647.0000,2646.0000,2645.0000,2649.0000,2650.0000,2650.2000,2650.8000,2651.0000,4,1,1,1,8,4,3,1,1,1
SF,IH2009,2020-04-08 09:33:48.500,2648.8000,10127,0,117733440.000,0,-,-,-,-,2648.0000,2647.6000,2647.0000,2646.0000,2645.0000,2649.0000,2650.0000,2650.2000,2650.8000,2651.0000,4,1,1,1,8,4,3,1,1,1
SF,IH2009,2020-04-08 09:33:49.500,2648.8000,10127,0,117733440.000,0,-,-,-,-,2648.2000,2648.0000,2647.6000,2647.0000,2646.0000,2649.0000,2650.0000,2650.2000,2650.8000,2651.0000,1,4,1,1,1,4,3,1,1,1
SF,IH2009,2020-04-08 09:33:50.000,2648.4000,10127,0,118527960.000,1,0,1,多换,S,2648.0000,2647.6000,2647.0000,2646.0000,2645.0000,2649.0000,2650.0000,2650.2000,2650.8000,2651.0000,4,1,1,1,8,4,3,1,1,1
SF,IH2009,2020-04-08 09:33:50.500,2648.0000,10127,0,120116820.000,2,1,1,多换,S,2648.0000,2647.6000,2647.0000,2646.0000,2645.0000,2648.8000,2649.0000,2650.0000,2650.2000,2650.8000,3,1,1,1,8,1,4,3,1,1
SF,IH2009,2020-04-08 09:33:51.000,2648.0000,10127,0,120911220.000,1,0,1,多换,S,2648.0000,2647.6000,2647.0000,2646.0000,2645.0000,2648.8000,2649.0000,2650.0000,2650.2000,2650.8000,2,1,1,1,8,2,4,3,1,1
SF,IH2009,2020-04-08 09:33:52.000,2648.0000,10127,0,120911220.000,0,-,-,-,-,2648.0000,2647.6000,2647.0000,2646.0000,2645.0000,2648.8000,2649.0000,2650.0000,2650.2000,2650.8000,2,1,1,1,8,1,4,3,1,1
SF,IH2009,2020-04-08 09:33:52.500,2648.0000,10127,0,120911220.000,0,-,-,-,-,2648.0000,2647.6000,2647.0000,2646.0000,2645.0000,2648.8000,2649.0000,2650.0000,2650.2000,2650.8000,2,1,1,1,8,1,4,3,1,1
SF,IH2009,2020-04-08 09:33:53.000,2648.0000,10129,2,122500020.000,2,2,0,双开,S,2647.6000,2647.0000,2646.0000,2645.0000,2643.0000,2648.0000,2648.8000,2650.0000,2650.2000,2650.8000,1,1,1,8,2,2,1,3,1,1
SF,IH2009,2020-04-08 09:33:53.500,2648.0000,10129,0,124088820.000,2,1,1,多换,S,2647.6000,2647.0000,2646.0000,2645.0000,2643.0000,2648.8000,2650.0000,2650.2000,2651.2000,2652.0000,1,1,1,8,2,1,3,1,1,2
SF,IH2009,2020-04-08 09:33:54.000,2648.0000,10129,0,124088820.000,0,-,-,-,-,2648.0000,2647.6000,2647.0000,2646.0000,2645.0000,2648.8000,2650.0000,2650.2000,2651.2000,2652.0000,1,1,1,1,8,1,3,1,1,2
SF,IH2009,2020-04-08 09:33:54.500,2648.0000,10129,0,124088820.000,0,-,-,-,-,2648.0000,2647.6000,2647.0000,2646.0000,2645.0000,2648.8000,2650.0000,2650.2000,2651.2000,2652.0000,1,1,1,1,8,1,3,1,1,2
SF,IH2009,2020-04-08 09:33:55.000,2648.8000,10129,0,124883460.000,1,0,1,多换,S,2648.0000,2647.6000,2647.0000,2646.0000,2645.0000,2650.0000,2650.2000,2651.2000,2652.0000,2652.4000,1,1,1,1,8,3,1,1,2,1
SF,IH2009,2020-04-08 09:33:55.500,2648.8000,10129,0,124883460.000,0,-,-,-,-,2648.4000,2648.2000,2648.0000,2647.6000,2647.0000,2649.4000,2649.8000,2650.0000,2650.2000,2651.2000,1,2,1,1,1,1,2,3,1,1
SF,IH2009,2020-04-08 09:33:56.000,2648.6000,10129,0,125678040.000,1,0,1,多换,S,2648.6000,2648.4000,2648.2000,2648.0000,2647.6000,2649.8000,2650.0000,2650.2000,2651.2000,2652.0000,1,1,1,2,1,1,1,1,1,2
SF,IH2009,2020-04-08 09:33:56.500,2648.6000,10129,0,125678040.000,0,-,-,-,-,2648.8000,2648.4000,2648.2000,2648.0000,2647.6000,2649.6000,2650.0000,2650.2000,2651.2000,2652.0000,1,1,1,2,1,1,1,1,1,2
SF,IH2009,2020-04-08 09:33:57.000,2648.6000,10129,0,125678040.000,0,-,-,-,-,2648.4000,2648.2000,2648.0000,2647.6000,2647.0000,2650.0000,2650.2000,2651.2000,2652.0000,2652.4000,1,1,1,1,1,1,1,1,2,1
SF,IH2009,2020-04-08 09:33:57.500,2648.6000,10129,0,125678040.000,0,-,-,-,-,2648.4000,2648.2000,2648.0000,2647.6000,2647.0000,2649.4000,2649.8000,2650.0000,2650.2000,2651.2000,1,1,1,1,1,1,1,1,1,1
SF,IH2009,2020-04-08 09:33:58.000,2648.6000,10129,0,125678040.000,0,-,-,-,-,2648.4000,2648.2000,2648.0000,2647.6000,2647.0000,2650.0000,2650.2000,2651.2000,2652.0000,2652.4000,1,1,1,1,1,1,1,1,2,1
SF,IH2009,2020-04-08 09:33:58.500,2648.6000,10129,0,125678040.000,0,-,-,-,-,2648.6000,2648.4000,2648.2000,2648.0000,2647.6000,2649.4000,2650.0000,2650.2000,2651.2000,2652.0000,1,1,1,1,1,1,1,1,1,2
SF,IH2009,2020-04-08 09:33:59.000,2648.6000,10129,0,125678040.000,0,-,-,-,-,2648.4000,2648.2000,2648.0000,2647.6000,2647.0000,2650.0000,2650.2000,2651.0000,2651.2000,2652.0000,1,1,1,1,1,1,1,1,1,2
SF,IH2009,2020-04-08 09:33:59.500,2648.6000,10129,0,125678040.000,0,-,-,-,-,2648.6000,2648.4000,2648.0000,2647.6000,2647.0000,2649.8000,2650.0000,2650.2000,2651.0000,2651.2000,2,1,1,1,1,1,1,1,1,1
SF,IH2009,2020-04-08 09:34:00.000,2648.6000,10129,0,125678040.000,0,-,-,-,-,2648.8000,2648.6000,2648.0000,2647.6000,2647.0000,2650.0000,2650.2000,2651.0000,2651.2000,2652.0000,1,2,1,1,1,1,1,1,1,2
SF,IH2009,2020-04-08 09:34:00.500,2648.6000,10129,0,125678040.000,0,-,-,-,-,2649.2000,2649.0000,2648.8000,2648.6000,2648.0000,2649.8000,2650.0000,2650.2000,2651.0000,2651.2000,1,1,1,1,1,1,1,1,1,1
SF,IH2009,2020-04-08 09:34:01.000,2650.2000,10127,-2,128063040.000,3,0,3,多平,S,2649.8000,2649.2000,2648.8000,2648.6000,2648.0000,2651.0000,2651.2000,2652.0000,2652.4000,2652.6000,1,1,2,1,1,1,1,2,1,2
SF,IH2009,2020-04-08 09:34:01.500,2650.2000,10127,0,128063040.000,0,-,-,-,-,2650.0000,2649.8000,2649.2000,2648.8000,2648.0000,2651.0000,2652.0000,2652.4000,2652.6000,2653.0000,3,1,1,1,1,1,1,1,2,2
SF,IH2009,2020-04-08 09:34:02.000,2650.2000,10127,0,128063040.000,0,-,-,-,-,2650.0000,2649.8000,2648.8000,2648.0000,2647.0000,2651.0000,2652.6000,2653.0000,2653.4000,2654.0000,3,1,1,1,1,1,2,2,3,4
SF,IH2009,2020-04-08 09:34:02.500,2650.2000,10127,0,128063040.000,0,-,-,-,-,2650.6000,2650.0000,2649.8000,2648.8000,2648.0000,2651.0000,2652.6000,2653.0000,2653.4000,2654.0000,1,3,1,1,1,1,2,2,3,4
SF,IH2009,2020-04-08 09:34:03.000,2651.0000,10126,-1,128858340.000,1,0,1,双平,S,2650.6000,2650.0000,2649.8000,2648.8000,2648.0000,2652.6000,2653.0000,2653.4000,2654.0000,2654.2000,1,2,1,1,1,2,2,3,4,1
SF,IH2009,2020-04-08 09:34:03.500,2651.0000,10126,0,128858340.000,0,-,-,-,-,2650.8000,2650.6000,2650.0000,2649.8000,2648.8000,2652.4000,2652.6000,2653.0000,2653.4000,2654.0000,3,1,1,1,1,1,2,2,3,4
SF,IH2009,2020-04-08 09:34:04.000,2651.0000,10126,0,128858340.000,0,-,-,-,-,2650.8000,2650.0000,2649.8000,2648.8000,2648.0000,2652.2000,2652.4000,2652.6000,2653.0000,2653.4000,3,1,1,1,3,1,1,2,2,3
SF,IH2009,2020-04-08 09:34:04.500,2651.0000,10126,0,128858340.000,0,-,-,-,-,2651.6000,2650.8000,2650.0000,2649.8000,2648.8000,2652.4000,2652.6000,2653.0000,2653.4000,2654.0000,1,3,1,1,1,1,2,2,3,4
SF,IH2009,2020-04-08 09:34:05.000,2651.0000,10126,0,128858340.000,0,-,-,-,-,2650.8000,2650.0000,2648.8000,2648.0000,2647.0000,2652.4000,2652.6000,2653.0000,2653.4000,2654.0000,1,1,1,3,1,1,2,2,3,4
SF,IH2009,2020-04-08 09:34:05.500,2651.0000,10126,0,128858340.000,0,-,-,-,-,2651.2000,2651.0000,2650.8000,2648.8000,2648.0000,2652.2000,2652.4000,2652.6000,2653.0000,2653.4000,1,1,1,1,3,1,1,2,2,3
SF,IH2009,2020-04-08 09:34:06.000,2651.0000,10126,0,128858340.000,0,-,-,-,-,2651.2000,2650.8000,2648.8000,2648.0000,2647.0000,2652.2000,2652.4000,2652.6000,2653.0000,2653.4000,1,1,1,5,1,1,1,2,2,3
SF,IH2009,2020-04-08 09:34:06.500,2652.2000,10125,-1,129654000.000,1,0,1,双平,S,2651.4000,2651.2000,2650.8000,2648.8000,2648.0000,2652.4000,2652.6000,2653.0000,2653.4000,2654.0000,1,1,1,1,5,1,2,2,3,1
SF,IH2009,2020-04-08 09:34:07.000,2652.2000,10125,0,129654000.000,0,-,-,-,-,2651.6000,2651.2000,2650.8000,2648.8000,2648.0000,2652.6000,2653.0000,2653.4000,2654.0000,2654.2000,1,1,1,1,5,2,2,3,1,1
SF,IH2009,2020-04-08 09:34:07.500,2652.2000,10125,0,129654000.000,0,-,-,-,-,2651.8000,2651.2000,2650.8000,2648.8000,2648.0000,2652.6000,2653.0000,2653.4000,2654.0000,2654.8000,1,1,1,1,5,2,2,3,1,1
SF,IH2009,2020-04-08 09:34:08.000,2652.2000,10125,0,129654000.000,0,-,-,-,-,2651.6000,2651.2000,2650.8000,2648.8000,2648.0000,2652.6000,2653.0000,2653.4000,2654.0000,2654.8000,1,1,1,1,5,2,2,3,1,1
SF,IH2009,2020-04-08 09:34:08.500,2652.2000,10125,0,129654000.000,0,-,-,-,-,2651.6000,2651.2000,2650.8000,2648.8000,2648.0000,2652.4000,2652.6000,2653.0000,2653.4000,2654.0000,1,1,1,1,5,2,2,2,3,1
SF,IH2009,2020-04-08 09:34:09.000,2652.2000,10125,0,129654000.000,0,-,-,-,-,2651.6000,2651.2000,2650.8000,2648.8000,2648.0000,2652.6000,2653.0000,2653.4000,2654.0000,2654.8000,1,1,1,1,5,2,2,3,1,1
SF,IH2009,2020-04-08 09:34:09.500,2652.6000,10125,0,131245560.000,2,1,1,多换,S,2651.6000,2651.2000,2650.8000,2648.8000,2648.0000,2653.0000,2653.4000,2654.0000,2654.8000,2655.0000,1,1,1,1,5,2,3,1,1,1
SF,IH2009,2020-04-08 09:34:10.000,2652.6000,10125,0,131245560.000,0,-,-,-,-,2651.8000,2651.6000,2651.2000,2650.8000,2648.8000,2652.4000,2652.8000,2653.0000,2653.4000,2654.0000,1,1,1,1,1,1,2,2,3,1
SF,IH2009,2020-04-08 09:34:10.500,2652.6000,10125,0,131245560.000,0,-,-,-,-,2651.6000,2650.8000,2648.8000,2648.0000,2647.0000,2653.0000,2653.4000,2654.0000,2654.8000,2655.0000,1,1,1,5,1,3,3,1,1,1
SF,IH2009,2020-04-08 09:34:11.000,2652.6000,10125,0,131245560.000,0,-,-,-,-,2652.0000,2651.8000,2651.6000,2650.8000,2648.8000,2653.0000,2653.4000,2654.0000,2654.8000,2655.0000,1,1,1,1,1,2,3,1,1,1
SF,IH2009,2020-04-08 09:34:11.500,2652.6000,10125,0,131245560.000,0,-,-,-,-,2652.0000,2651.6000,2650.8000,2648.8000,2648.0000,2653.0000,2653.4000,2654.0000,2654.8000,2655.0000,1,1,1,1,5,2,3,1,1,1
SF,IH2009,2020-04-08 09:34:12.000,2652.6000,10125,0,131245560.000,0,-,-,-,-,2652.2000,2652.0000,2651.6000,2650.8000,2648.8000,2653.0000,2653.4000,2654.0000,2654.8000,2655.0000,1,1,1,1,1,2,3,1,1,1
SF,IH2009,2020-04-08 09:34:12.500,2653.0000,10125,0,132041460.000,1,0,1,多换,S,2652.0000,2651.6000,2650.8000,2648.8000,2648.0000,2653.0000,2653.4000,2654.0000,2654.8000,2655.0000,1,1,1,1,5,1,3,1,1,1
SF,IH2009,2020-04-08 09:34:13.000,2653.0000,10125,0,132837360.000,1,0,1,多换,S,2652.0000,2651.6000,2650.8000,2648.8000,2648.0000,2653.4000,2654.0000,2654.8000,2655.0000,2655.8000,1,1,1,1,5,3,1,1,1,1
SF,IH2009,2020-04-08 09:34:13.500,2653.0000,10125,0,132837360.000,0,-,-,-,-,2652.0000,2651.6000,2650.8000,2648.8000,2648.0000,2653.2000,2653.4000,2654.0000,2654.8000,2655.0000,1,1,1,1,5,1,3,1,1,1
SF,IH2009,2020-04-08 09:34:14.000,2652.0000,10125,0,133632960.000,1,0,1,多换,S,2651.6000,2650.8000,2648.8000,2648.0000,2647.0000,2652.2000,2653.0000,2653.2000,2653.4000,2654.0000,1,1,1,5,1,1,2,1,3,1
SF,IH2009,2020-04-08 09:34:14.500,2652.0000,10125,0,133632960.000,0,-,-,-,-,2651.8000,2651.6000,2650.8000,2648.8000,2648.0000,2652.2000,2653.0000,2653.2000,2653.4000,2654.0000,1,1,1,1,5,1,1,1,3,1
SF,IH2009,2020-04-08 09:34:15.000,2651.6000,10124,-1,135223980.000,2,0,2,多平,S,2650.8000,2648.8000,2648.0000,2647.0000,2646.0000,2652.2000,2653.0000,2653.2000,2653.4000,2654.0000,1,1,5,1,1,1,1,1,3,1
SF,IH2009,2020-04-08 09:34:18.000,2650.8000,10123,-1,136019220.000,1,0,1,双平,S,2648.8000,2648.0000,2647.0000,2646.0000,2645.6000,2652.2000,2653.0000,2653.2000,2653.4000,2654.0000,1,5,1,1,1,1,1,1,3,1
SF,IH2009,2020-04-08 09:34:18.500,2650.8000,10123,0,136019220.000,0,-,-,-,-,2649.0000,2648.8000,2648.6000,2648.0000,2647.0000,2651.6000,2652.0000,2652.2000,2653.2000,2653.4000,3,1,1,5,1,1,1,1,1,3
SF,IH2009,2020-04-08 09:34:19.000,2650.8000,10123,0,136019220.000,0,-,-,-,-,2649.2000,2649.0000,2648.8000,2648.6000,2648.0000,2651.4000,2652.2000,2653.2000,2653.4000,2654.0000,1,3,1,1,5,1,1,1,3,1
SF,IH2009,2020-04-08 09:34:19.500,2650.8000,10123,0,136019220.000,0,-,-,-,-,2649.4000,2649.2000,2649.0000,2648.8000,2648.6000,2651.4000,2652.2000,2653.2000,2653.4000,2654.0000,2,1,1,1,1,1,1,1,3,1
SF,IH2009,2020-04-08 09:34:20.000,2650.8000,10123,0,136019220.000,0,-,-,-,-,2649.4000,2649.2000,2649.0000,2648.8000,2648.6000,2651.4000,2652.2000,2653.2000,2653.4000,2654.0000,2,1,1,1,1,1,1,1,3,1
SF,IH2009,2020-04-08 09:34:20.500,2650.8000,10123,0,136019220.000,0,-,-,-,-,2649.6000,2649.4000,2649.2000,2649.0000,2648.8000,2651.2000,2651.4000,2652.2000,2653.2000,2653.4000,1,2,1,1,1,1,1,1,1,3
SF,IH2009,2020-04-08 09:34:21.000,2650.8000,10123,0,136019220.000,0,-,-,-,-,2649.8000,2649.2000,2649.0000,2648.8000,2648.6000,2651.4000,2652.2000,2653.2000,2653.4000,2654.0000,2,1,1,1,1,1,1,1,3,1
SF,IH2009,2020-04-08 09:34:21.500,2650.8000,10123,0,136019220.000,0,-,-,-,-,2649.8000,2649.2000,2648.8000,2648.6000,2648.0000,2651.2000,2651.4000,2652.2000,2653.2000,2653.4000,1,1,1,1,5,1,1,1,1,3
SF,IH2009,2020-04-08 09:34:22.000,2650.8000,10123,0,136019220.000,0,-,-,-,-,2649.2000,2648.8000,2648.6000,2648.0000,2647.0000,2651.0000,2651.2000,2652.2000,2653.2000,2653.4000,1,1,1,5,1,1,1,1,1,3
SF,IH2009,2020-04-08 09:34:22.500,2650.8000,10123,0,136019220.000,0,-,-,-,-,2648.8000,2648.6000,2648.0000,2647.0000,2646.0000,2651.0000,2651.2000,2652.2000,2653.2000,2653.4000,1,1,5,1,1,1,1,1,1,3
SF,IH2009,2020-04-08 09:34:23.000,2650.8000,10123,0,136019220.000,0,-,-,-,-,2649.0000,2648.8000,2648.6000,2648.0000,2647.0000,2651.0000,2651.2000,2652.2000,2653.2000,2653.4000,1,1,1,5,1,1,1,1,1,3
SF,IH2009,2020-04-08 09:34:23.500,2650.8000,10123,0,136019220.000,0,-,-,-,-,2649.0000,2648.8000,2648.0000,2647.0000,2646.0000,2651.0000,2651.2000,2652.2000,2653.2000,2653.4000,1,1,5,1,1,1,1,1,1,3
SF,IH2009,2020-04-08 09:34:24.000,2650.8000,10123,0,136019220.000,0,-,-,-,-,2649.0000,2648.8000,2648.0000,2647.0000,2646.0000,2651.0000,2651.2000,2652.2000,2653.0000,2653.2000,1,1,5,1,1,1,1,1,1,1
SF,IH2009,2020-04-08 09:34:24.500,2650.8000,10123,0,136019220.000,0,-,-,-,-,2649.0000,2648.8000,2648.0000,2647.0000,2646.0000,2651.0000,2651.2000,2652.2000,2653.0000,2653.2000,1,1,5,1,1,1,1,1,1,1
SF,IH2009,2020-04-08 09:34:25.000,2650.8000,10123,0,136019220.000,0,-,-,-,-,2649.2000,2649.0000,2648.8000,2648.0000,2647.0000,2651.0000,2651.2000,2652.2000,2653.0000,2653.2000,1,1,1,5,1,1,1,1,1,1
SF,IH2009,2020-04-08 09:34:25.500,2649.4000,10123,0,136814040.000,1,0,1,多换,S,2649.2000,2648.8000,2648.0000,2647.0000,2646.0000,2651.0000,2651.2000,2652.2000,2653.0000,2653.2000,1,1,5,1,1,1,1,1,1,1
SF,IH2009,2020-04-08 09:34:26.000,2649.4000,10123,0,136814040.000,0,-,-,-,-,2649.4000,2649.2000,2648.8000,2648.0000,2647.0000,2651.0000,2651.2000,2652.2000,2653.0000,2653.2000,1,1,1,5,1,1,1,1,1,1
SF,IH2009,2020-04-08 09:34:26.500,2649.4000,10123,0,136814040.000,0,-,-,-,-,2649.4000,2649.2000,2648.8000,2648.0000,2647.0000,2650.8000,2651.0000,2651.2000,2652.2000,2653.0000,1,1,1,5,1,1,1,1,1,1
SF,IH2009,2020-04-08 09:34:27.000,2649.4000,10123,0,136814040.000,0,-,-,-,-,2649.4000,2649.2000,2648.8000,2648.0000,2647.0000,2651.0000,2652.2000,2653.0000,2653.2000,2653.4000,1,1,1,5,1,1,1,1,1,3
SF,IH2009,2020-04-08 09:34:27.500,2649.4000,10123,0,136814040.000,0,-,-,-,-,2649.4000,2649.2000,2648.8000,2648.0000,2647.0000,2650.6000,2651.0000,2652.2000,2653.0000,2653.2000,1,1,1,5,1,1,1,1,1,1
SF,IH2009,2020-04-08 09:34:29.500,2649.4000,10123,0,136814040.000,0,-,-,-,-,2649.4000,2649.2000,2648.8000,2648.0000,2647.0000,2650.4000,2650.6000,2651.0000,2652.2000,2653.0000,1,1,1,5,1,1,1,1,1,1
SF,IH2009,2020-04-08 09:34:30.000,2650.4000,10122,-1,137609160.000,1,0,1,双平,S,2649.4000,2648.8000,2648.0000,2647.0000,2646.0000,2651.0000,2652.2000,2653.0000,2653.2000,2653.4000,1,1,5,1,1,1,1,1,1,3
SF,IH2009,2020-04-08 09:34:30.500,2650.4000,10122,0,137609160.000,0,-,-,-,-,2649.4000,2648.8000,2648.0000,2647.0000,2646.0000,2650.8000,2651.0000,2652.2000,2653.0000,2653.2000,1,1,5,1,1,1,1,1,1,1
SF,IH2009,2020-04-08 09:34:31.000,2650.4000,10122,0,137609160.000,0,-,-,-,-,2649.4000,2648.8000,2648.0000,2647.0000,2646.0000,2651.0000,2652.2000,2653.0000,2653.2000,2653.4000,1,1,5,1,1,1,1,1,1,3
SF,IH2009,2020-04-08 09:34:32.000,2650.4000,10122,0,137609160.000,0,-,-,-,-,2649.4000,2648.8000,2648.0000,2647.0000,2646.0000,2651.0000,2652.2000,2653.0000,2653.2000,2653.4000,1,1,5,1,1,1,1,1,1,3
SF,IH2009,2020-04-08 09:34:32.500,2650.4000,10122,0,137609160.000,0,-,-,-,-,2649.4000,2648.8000,2648.0000,2647.0000,2646.0000,2650.8000,2651.0000,2652.2000,2653.0000,2653.2000,1,1,5,1,1,1,1,1,1,1
SF,IH2009,2020-04-08 09:34:33.000,2650.4000,10122,0,137609160.000,0,-,-,-,-,2649.4000,2648.8000,2648.0000,2647.0000,2646.0000,2651.0000,2652.2000,2653.0000,2653.2000,2653.4000,1,1,5,1,1,1,1,1,1,3
SF,IH2009,2020-04-08 09:34:33.500,2650.4000,10122,0,137609160.000,0,-,-,-,-,2649.4000,2648.8000,2648.0000,2647.0000,2646.0000,2650.0000,2650.8000,2651.0000,2652.2000,2653.0000,1,1,5,1,1,1,1,1,1,1
SF,IH2009,2020-04-08 09:34:34.000,2650.0000,10121,-1,138404160.000,1,0,1,双平,S,2650.0000,2649.4000,2648.8000,2648.0000,2647.0000,2651.0000,2652.2000,2652.4000,2653.0000,2653.4000,1,1,1,5,1,1,1,1,1,3
SF,IH2009,2020-04-08 09:34:34.500,2650.0000,10121,0,138404160.000,0,-,-,-,-,2650.0000,2649.4000,2648.8000,2648.0000,2647.0000,2652.2000,2652.4000,2653.0000,2653.4000,2654.0000,1,1,1,5,1,1,1,1,3,1
SF,IH2009,2020-04-08 09:34:35.000,2650.0000,10121,0,138404160.000,0,-,-,-,-,2650.2000,2650.0000,2648.8000,2648.0000,2647.0000,2651.6000,2652.0000,2652.2000,2652.4000,2653.0000,2,1,1,5,1,1,1,1,1,1
SF,IH2009,2020-04-08 09:34:36.500,2651.6000,10122,1,139199640.000,1,1,0,双开,S,2650.2000,2650.0000,2648.8000,2648.0000,2647.0000,2652.0000,2652.2000,2652.4000,2653.0000,2653.4000,2,1,1,5,1,1,1,1,1,3
SF,IH2009,2020-04-08 09:34:37.000,2651.6000,10122,0,139199640.000,0,-,-,-,-,2650.8000,2650.2000,2650.0000,2648.8000,2648.0000,2651.6000,2652.0000,2652.2000,2652.4000,2653.0000,1,2,1,1,5,1,1,1,1,1
SF,IH2009,2020-04-08 09:34:37.500,2651.6000,10122,0,139199640.000,0,-,-,-,-,2650.8000,2650.2000,2650.0000,2648.8000,2648.0000,2652.0000,2652.2000,2652.4000,2653.0000,2653.4000,1,2,1,1,5,1,1,1,1,3
SF,IH2009,2020-04-08 09:34:38.000,2651.6000,10122,0,139199640.000,0,-,-,-,-,2650.8000,2650.2000,2650.0000,2648.8000,2648.0000,2651.6000,2652.0000,2652.2000,2652.4000,2653.0000,1,2,1,1,5,1,1,1,1,1
SF,IH2009,2020-04-08 09:34:41.500,2651.6000,10122,0,139995120.000,1,0,1,多换,S,2650.8000,2650.2000,2650.0000,2648.8000,2648.0000,2652.0000,2652.2000,2652.4000,2653.0000,2653.4000,1,2,1,1,5,1,1,1,1,3
SF,IH2009,2020-04-08 09:34:45.000,2651.6000,10122,0,139995120.000,0,-,-,-,-,2650.8000,2650.2000,2650.0000,2648.8000,2648.0000,2652.0000,2652.2000,2652.4000,2653.0000,2653.4000,1,2,1,1,5,1,1,1,2,3
SF,IH2009,2020-04-08 09:34:47.500,2651.6000,10122,0,139995120.000,0,-,-,-,-,2650.8000,2650.2000,2650.0000,2648.8000,2648.0000,2652.0000,2652.2000,2652.4000,2653.0000,2653.4000,1,2,1,1,5,1,1,1,2,3
SF,IH2009,2020-04-08 09:34:48.000,2650.8000,10122,0,140790360.000,1,0,1,多换,S,2650.2000,2650.0000,2648.8000,2648.2000,2648.0000,2651.8000,2652.0000,2652.2000,2652.4000,2653.0000,2,1,1,1,5,1,1,1,1,2
SF,IH2009,2020-04-08 09:34:48.500,2650.8000,10122,0,140790360.000,0,-,-,-,-,2650.6000,2650.2000,2650.0000,2648.8000,2648.2000,2651.4000,2651.6000,2651.8000,2652.2000,2652.4000,1,2,1,1,1,1,1,1,1,1
SF,IH2009,2020-04-08 09:34:49.000,2650.8000,10122,0,140790360.000,0,-,-,-,-,2650.6000,2650.2000,2650.0000,2648.8000,2648.2000,2651.6000,2651.8000,2652.2000,2652.4000,2653.0000,1,1,1,1,1,1,1,1,1,2
SF,IH2009,2020-04-08 09:34:49.500,2650.8000,10122,0,140790360.000,0,-,-,-,-,2650.6000,2650.2000,2650.0000,2648.8000,2648.2000,2651.2000,2651.6000,2651.8000,2652.2000,2652.4000,1,1,1,1,1,1,1,1,1,1
SF,IH2009,2020-04-08 09:34:50.000,2650.8000,10122,0,140790360.000,0,-,-,-,-,2650.2000,2650.0000,2648.8000,2648.2000,2648.0000,2651.6000,2651.8000,2652.2000,2652.4000,2653.0000,1,1,1,1,5,1,1,1,1,2
SF,IH2009,2020-04-08 09:34:50.500,2650.8000,10122,0,140790360.000,0,-,-,-,-,2650.4000,2650.2000,2650.0000,2648.8000,2648.2000,2651.2000,2651.6000,2651.8000,2652.2000,2652.4000,1,1,1,1,1,1,1,1,1,1
SF,IH2009,2020-04-08 09:34:51.000,2650.8000,10122,0,140790360.000,0,-,-,-,-,2650.4000,2650.2000,2650.0000,2648.8000,2648.2000,2651.6000,2651.8000,2652.2000,2652.4000,2653.0000,1,1,1,1,1,1,1,1,1,2
SF,IH2009,2020-04-08 09:34:51.500,2650.8000,10122,0,140790360.000,0,-,-,-,-,2650.4000,2650.2000,2650.0000,2648.8000,2648.2000,2651.2000,2651.6000,2651.8000,2652.2000,2652.4000,1,1,1,1,1,1,1,1,1,1
SF,IH2009,2020-04-08 09:34:52.000,2650.8000,10122,0,140790360.000,0,-,-,-,-,2650.4000,2650.2000,2650.0000,2648.8000,2648.2000,2651.6000,2651.8000,2652.2000,2652.4000,2653.0000,1,1,1,1,1,1,1,1,1,2
SF,IH2009,2020-04-08 09:34:52.500,2650.8000,10122,0,140790360.000,0,-,-,-,-,2650.4000,2650.2000,2650.0000,2648.8000,2648.2000,2651.2000,2651.6000,2651.8000,2652.2000,2652.4000,1,1,1,1,1,1,1,1,1,1
SF,IH2009,2020-04-08 09:34:53.000,2650.8000,10122,0,140790360.000,0,-,-,-,-,2650.4000,2650.2000,2650.0000,2648.8000,2648.2000,2651.6000,2651.8000,2652.2000,2652.4000,2653.0000,1,1,1,1,1,1,1,1,1,2
SF,IH2009,2020-04-08 09:34:53.500,2650.8000,10122,0,140790360.000,0,-,-,-,-,2650.4000,2650.2000,2650.0000,2648.8000,2648.2000,2651.2000,2651.6000,2651.8000,2652.2000,2652.4000,1,1,1,1,1,1,1,1,1,1
SF,IH2009,2020-04-08 09:34:54.000,2650.8000,10122,0,140790360.000,0,-,-,-,-,2650.4000,2650.2000,2650.0000,2648.8000,2648.2000,2651.4000,2651.6000,2651.8000,2652.2000,2652.4000,1,1,1,1,1,3,1,1,1,1
SF,IH2009,2020-04-08 09:34:54.500,2650.8000,10122,0,140790360.000,0,-,-,-,-,2650.4000,2650.2000,2650.0000,2648.8000,2648.2000,2651.0000,2651.4000,2651.6000,2651.8000,2652.2000,1,1,1,1,1,1,3,1,1,1
SF,IH2009,2020-04-08 09:34:55.000,2650.8000,10122,0,140790360.000,0,-,-,-,-,2650.4000,2650.2000,2650.0000,2648.8000,2648.2000,2651.4000,2651.6000,2651.8000,2652.2000,2652.4000,1,1,1,1,1,3,1,1,1,1
SF,IH2009,2020-04-08 09:34:55.500,2650.8000,10122,0,140790360.000,0,-,-,-,-,2650.4000,2650.2000,2650.0000,2648.8000,2648.2000,2651.2000,2651.4000,2651.6000,2651.8000,2652.2000,1,1,1,1,1,1,3,1,1,1
SF,IH2009,2020-04-08 09:34:56.000,2650.8000,10122,0,140790360.000,0,-,-,-,-,2650.4000,2650.2000,2650.0000,2648.8000,2648.2000,2651.4000,2651.6000,2651.8000,2652.2000,2652.4000,1,1,1,1,1,3,1,1,1,1
SF,IH2009,2020-04-08 09:34:56.500,2650.8000,10122,0,140790360.000,0,-,-,-,-,2650.4000,2650.2000,2650.0000,2648.8000,2648.2000,2651.4000,2651.6000,2651.8000,2652.2000,2652.4000,1,1,1,1,1,3,1,1,1,1
SF,IH2009,2020-04-08 09:34:58.500,2650.8000,10122,0,140790360.000,0,-,-,-,-,2650.4000,2650.2000,2650.0000,2648.8000,2648.2000,2651.4000,2651.6000,2652.2000,2652.4000,2653.0000,1,1,1,1,1,3,1,1,1,2
SF,IH2009,2020-04-08 09:35:02.000,2650.8000,10122,0,140790360.000,0,-,-,-,-,2650.4000,2650.2000,2650.0000,2648.8000,2648.2000,2651.4000,2651.6000,2652.2000,2652.4000,2653.0000,1,1,1,1,1,3,1,1,1,2
SF,IH2009,2020-04-08 09:35:04.000,2650.8000,10122,0,140790360.000,0,-,-,-,-,2650.4000,2650.2000,2650.0000,2648.8000,2648.2000,2651.4000,2651.6000,2652.2000,2652.4000,2653.0000,1,1,2,1,1,3,1,1,1,2
SF,IH2009,2020-04-08 09:35:04.500,2650.8000,10122,0,140790360.000,0,-,-,-,-,2650.4000,2650.2000,2650.0000,2648.8000,2648.2000,2651.2000,2651.4000,2651.6000,2652.2000,2652.4000,1,1,2,1,1,1,3,1,1,1
SF,IH2009,2020-04-08 09:35:05.000,2650.8000,10122,0,140790360.000,0,-,-,-,-,2650.4000,2650.2000,2650.0000,2648.8000,2648.2000,2651.4000,2651.6000,2652.2000,2652.4000,2653.0000,1,1,2,1,1,3,1,1,1,2
