市场代码,合约代码,时间,最新,持仓,增仓,成交额,成交量,开仓,平仓,成交类型,方向,买一价,买二价,买三价,买四价,买五价,卖一价,卖二价,卖三价,卖四价,卖五价,买一量,买二量,买三量,买四量,买五量,卖一量,卖二量,卖三量,卖四量,卖五量
SF,IH2012,2020-09-02 09:29:00.200,3348.2000,22377,0,11049060.000,11.000,-,-,-,-,3348.0000,3346.8000,3346.4000,3341.8000,3341.4000,3349.0000,3350.0000,3352.0000,3353.0000,3353.6000,1,1,1,4,1,2,1,1,6,2
SF,IH2012,2020-09-02 09:30:00.200,3348.0000,22376,-1,13057860.000,2,0,2,多平,S,3346.8000,3346.4000,3341.8000,3341.4000,3341.2000,3347.6000,3348.0000,3348.6000,3349.0000,3349.8000,1,1,4,1,1,1,2,1,3,1
SF,IH2012,2020-09-02 09:30:00.700,3348.0000,22375,-1,17075040.000,4,1,3,多平,S,3347.6000,3346.8000,3341.2000,3341.0000,3340.2000,3348.4000,3348.6000,3349.0000,3349.8000,3350.0000,1,1,1,2,3,4,1,4,1,1
SF,IH2012,2020-09-02 09:30:01.200,3348.4000,22373,-2,19084020.000,2,0,2,双平,S,3347.6000,3346.8000,3341.2000,3341.0000,3340.2000,3348.0000,3348.6000,3349.0000,3349.8000,3350.0000,1,1,1,2,3,1,3,4,1,1
SF,IH2012,2020-09-02 09:30:01.700,3348.0000,22371,-2,21092820.000,2,0,2,双平,S,3348.0000,3347.6000,3346.8000,3342.0000,3341.2000,3348.6000,3348.8000,3349.0000,3349.8000,3350.0000,1,1,1,1,1,1,2,4,1,1
SF,IH2012,2020-09-02 09:30:02.200,3347.6000,22370,-1,24106080.000,3,1,2,多平,S,3346.8000,3342.0000,3341.2000,3341.0000,3340.2000,3347.8000,3349.0000,3349.8000,3350.0000,3350.6000,1,1,1,2,3,2,4,1,2,2
SF,IH2012,2020-09-02 09:30:02.700,3347.8000,22368,-2,26114760.000,2,0,2,双平,S,3348.0000,3347.8000,3347.6000,3347.2000,3347.0000,3349.0000,3349.8000,3350.0000,3350.6000,3352.0000,2,1,1,1,2,4,1,13,2,1
SF,IH2012,2020-09-02 09:30:03.200,3348.0000,22366,-2,28123560.000,2,0,2,双平,S,3348.0000,3347.8000,3347.2000,3347.0000,3346.8000,3349.0000,3349.8000,3350.0000,3350.6000,3352.0000,1,1,1,2,1,4,1,13,2,1
SF,IH2012,2020-09-02 09:30:03.700,3349.0000,22365,-1,30132660.000,2,0,2,多平,S,3347.8000,3347.2000,3346.8000,3342.0000,3341.2000,3348.6000,3349.0000,3349.8000,3350.0000,3350.6000,1,1,1,1,2,1,3,1,13,2
SF,IH2012,2020-09-02 09:30:04.200,3348.0000,22363,-2,32141640.000,2,0,2,双平,S,3347.8000,3346.8000,3342.0000,3341.2000,3341.0000,3348.0000,3349.0000,3349.8000,3350.0000,3350.6000,1,1,1,2,2,2,3,1,13,2
SF,IH2012,2020-09-02 09:30:04.700,3349.0000,22360,-3,35155140.000,3,0,3,双平,S,3348.6000,3348.0000,3346.8000,3342.0000,3341.2000,3349.0000,3349.8000,3350.0000,3350.6000,3352.0000,1,3,1,1,2,2,1,13,2,1
SF,IH2012,2020-09-02 09:30:05.200,3348.6000,22357,-3,38169120.000,3,0,3,双平,S,3346.8000,3342.0000,3341.2000,3341.0000,3340.6000,3348.2000,3349.8000,3350.0000,3350.6000,3352.0000,1,1,2,2,1,1,1,13,2,1
SF,IH2012,2020-09-02 09:30:05.700,3348.4000,22355,-2,40178160.000,2,0,2,双平,S,3349.0000,3347.8000,3347.4000,3347.2000,3347.0000,3349.8000,3350.0000,3350.6000,3352.0000,3353.0000,1,2,2,2,5,1,13,2,1,6
SF,IH2012,2020-09-02 09:30:06.200,3348.6000,22354,-1,41182740.000,1,0,1,双平,S,3347.8000,3347.4000,3347.2000,3347.0000,3346.8000,3348.4000,3349.8000,3350.0000,3350.6000,3352.0000,2,1,2,2,2,2,1,13,2,1
SF,IH2012,2020-09-02 09:30:06.700,3348.4000,22352,-2,43191780.000,2,0,2,双平,S,3348.4000,3348.2000,3348.0000,3347.4000,3347.0000,3349.8000,3350.0000,3350.6000,3352.0000,3353.0000,2,1,2,1,2,1,13,2,1,6
SF,IH2012,2020-09-02 09:30:07.200,3349.8000,22351,-1,44196720.000,1,0,1,双平,S,3348.2000,3347.4000,3347.0000,3346.8000,3342.0000,3350.0000,3350.6000,3352.0000,3353.0000,3353.6000,1,1,1,1,1,13,2,1,6,2
SF,IH2012,2020-09-02 09:30:07.700,3349.8000,22351,0,44196720.000,0,-,-,-,-,3347.4000,3347.0000,3346.8000,3342.0000,3341.2000,3349.4000,3349.8000,3350.0000,3350.6000,3352.0000,1,1,1,1,2,1,2,13,2,1
SF,IH2012,2020-09-02 09:30:08.200,3349.8000,22351,0,44196720.000,0,-,-,-,-,3348.4000,3347.8000,3347.6000,3347.4000,3347.0000,3349.2000,3349.4000,3349.8000,3350.0000,3350.6000,1,2,1,1,2,1,1,1,13,2
SF,IH2012,2020-09-02 09:30:08.700,3349.8000,22351,0,44196720.000,0,-,-,-,-,3347.4000,3347.0000,3346.8000,3342.0000,3341.2000,3348.2000,3349.4000,3349.8000,3350.0000,3350.6000,1,2,1,1,2,1,1,1,13,2
SF,IH2012,2020-09-02 09:30:09.200,3349.8000,22351,0,44196720.000,0,-,-,-,-,3347.0000,3346.8000,3342.0000,3341.2000,3341.0000,3348.2000,3349.4000,3349.8000,3350.0000,3350.6000,1,1,1,2,2,1,1,1,13,2
SF,IH2012,2020-09-02 09:30:09.700,3346.8000,22350,-1,46204860.000,2,0,2,多平,S,3342.0000,3341.2000,3341.0000,3340.6000,3340.2000,3347.0000,3348.2000,3349.4000,3349.6000,3349.8000,1,2,2,1,3,1,1,1,1,1
SF,IH2012,2020-09-02 09:30:10.200,3346.8000,22349,-1,47208900.000,1,0,1,双平,S,3346.4000,3345.0000,3344.8000,3344.6000,3344.4000,3347.0000,3348.2000,3348.4000,3349.4000,3349.6000,1,1,2,1,3,1,1,2,1,1
SF,IH2012,2020-09-02 09:30:10.700,3346.4000,22348,-1,48212820.000,1,0,1,双平,S,3345.0000,3344.8000,3343.8000,3343.6000,3343.4000,3347.0000,3348.2000,3348.4000,3349.4000,3349.6000,1,2,1,1,2,1,1,2,1,1
SF,IH2012,2020-09-02 09:30:11.200,3346.4000,22348,0,48212820.000,0,-,-,-,-,3345.2000,3345.0000,3344.8000,3343.8000,3343.6000,3347.0000,3348.2000,3348.4000,3349.4000,3349.6000,3,2,2,1,1,1,1,2,1,1
SF,IH2012,2020-09-02 09:30:11.700,3346.4000,22348,0,48212820.000,0,-,-,-,-,3346.0000,3345.2000,3343.8000,3343.6000,3342.6000,3347.0000,3348.2000,3348.4000,3349.4000,3349.6000,1,3,1,1,3,1,1,2,1,1
SF,IH2012,2020-09-02 09:30:12.200,3345.2000,22348,0,50220300.000,2,1,1,多换,S,3343.8000,3343.6000,3342.6000,3342.4000,3342.2000,3345.2000,3346.0000,3346.6000,3346.8000,3347.0000,1,1,3,2,7,1,1,3,2,1
SF,IH2012,2020-09-02 09:30:12.700,3345.2000,22348,0,51223860.000,1,0,1,多换,S,3342.6000,3342.4000,3342.2000,3342.0000,3341.2000,3346.0000,3346.6000,3346.8000,3347.0000,3348.4000,2,2,2,1,2,1,3,1,1,2
SF,IH2012,2020-09-02 09:30:13.200,3345.2000,22348,0,51223860.000,0,-,-,-,-,3344.2000,3343.0000,3342.8000,3342.6000,3342.2000,3345.8000,3346.0000,3346.8000,3347.0000,3348.4000,1,3,1,2,2,1,1,1,1,2
SF,IH2012,2020-09-02 09:30:13.700,3345.8000,22346,-2,53230860.000,2,0,2,双平,S,3345.8000,3343.0000,3342.6000,3342.2000,3342.0000,3346.0000,3346.8000,3347.0000,3348.4000,3348.8000,8,3,2,2,1,1,1,1,2,1
SF,IH2012,2020-09-02 09:30:14.200,3343.0000,22337,-9,62263680.000,9,0,9,双平,S,3343.0000,3342.6000,3342.2000,3342.0000,3341.2000,3345.8000,3346.0000,3346.8000,3347.0000,3348.4000,1,2,2,1,2,6,1,1,1,2
SF,IH2012,2020-09-02 09:30:14.700,3343.0000,22337,0,62263680.000,0,-,-,-,-,3343.2000,3342.6000,3342.2000,3342.0000,3341.2000,3345.4000,3345.6000,3345.8000,3346.0000,3346.8000,1,2,1,1,2,1,1,4,1,1
SF,IH2012,2020-09-02 09:30:15.200,3343.0000,22337,0,62263680.000,0,-,-,-,-,3343.2000,3342.6000,3342.2000,3342.0000,3341.2000,3345.0000,3345.4000,3345.6000,3345.8000,3346.0000,1,2,1,1,2,1,1,1,4,1
SF,IH2012,2020-09-02 09:30:15.700,3343.0000,22337,0,62263680.000,0,-,-,-,-,3343.2000,3342.6000,3342.2000,3342.0000,3341.2000,3345.0000,3345.4000,3345.6000,3345.8000,3346.0000,1,2,1,1,2,1,1,1,4,1
SF,IH2012,2020-09-02 09:30:16.200,3343.0000,22337,0,62263680.000,0,-,-,-,-,3343.2000,3342.6000,3342.0000,3341.2000,3341.0000,3344.6000,3344.8000,3345.0000,3345.4000,3345.8000,1,2,1,2,2,1,2,1,1,4
SF,IH2012,2020-09-02 09:30:16.700,3343.2000,22336,-1,63266640.000,1,0,1,双平,S,3342.0000,3341.2000,3341.0000,3340.6000,3340.2000,3343.2000,3344.0000,3344.2000,3344.4000,3344.6000,1,2,2,1,3,2,1,4,1,1
SF,IH2012,2020-09-02 09:30:17.200,3343.2000,22336,0,63266640.000,0,-,-,-,-,3342.0000,3341.2000,3341.0000,3340.6000,3340.2000,3343.2000,3344.2000,3344.6000,3345.0000,3345.4000,1,2,2,1,3,4,2,1,1,1
SF,IH2012,2020-09-02 09:30:17.700,3342.0000,22335,-1,64269240.000,1,0,1,双平,S,3341.2000,3341.0000,3340.6000,3340.2000,3340.0000,3343.2000,3344.2000,3344.6000,3345.0000,3345.4000,2,2,1,3,2,4,2,1,1,1
SF,IH2012,2020-09-02 09:30:18.200,3342.0000,22335,0,64269240.000,0,-,-,-,-,3341.4000,3341.2000,3341.0000,3340.6000,3340.2000,3342.0000,3343.0000,3343.2000,3344.2000,3344.6000,1,2,2,1,3,1,2,4,2,1
SF,IH2012,2020-09-02 09:30:18.700,3341.2000,22333,-2,66274200.000,2,0,2,双平,S,3341.2000,3341.0000,3340.6000,3340.2000,3340.0000,3343.0000,3343.2000,3344.2000,3344.6000,3345.0000,1,2,1,3,2,1,4,2,1,1
SF,IH2012,2020-09-02 09:30:19.200,3342.8000,22332,-1,67277040.000,1,0,1,双平,S,3341.2000,3341.0000,3340.6000,3340.2000,3340.0000,3342.8000,3343.0000,3343.2000,3344.2000,3344.6000,1,2,1,4,2,1,1,4,2,1
SF,IH2012,2020-09-02 09:30:19.700,3342.8000,22332,0,67277040.000,0,-,-,-,-,3342.0000,3341.2000,3341.0000,3340.6000,3340.2000,3343.0000,3343.2000,3344.2000,3344.6000,3345.0000,1,1,2,1,4,1,4,2,1,1
SF,IH2012,2020-09-02 09:30:20.200,3342.0000,22332,0,68279640.000,1,0,1,多换,S,3341.2000,3341.0000,3340.6000,3340.2000,3340.0000,3342.0000,3343.2000,3344.2000,3344.6000,3345.0000,1,2,1,4,2,1,4,2,1,1
SF,IH2012,2020-09-02 09:30:20.700,3341.4000,22331,-1,69282060.000,1,0,1,双平,S,3342.0000,3341.2000,3341.0000,3340.6000,3340.2000,3343.2000,3344.2000,3344.6000,3345.0000,3345.4000,1,1,2,1,4,4,2,1,1,1
SF,IH2012,2020-09-02 09:30:21.200,3342.0000,22330,-1,70284660.000,1,0,1,双平,S,3341.4000,3341.2000,3341.0000,3340.6000,3340.2000,3343.0000,3343.2000,3344.2000,3344.6000,3345.0000,1,1,2,1,4,1,4,2,1,1
SF,IH2012,2020-09-02 09:30:21.700,3342.0000,22330,0,70284660.000,0,-,-,-,-,3341.4000,3341.2000,3341.0000,3340.6000,3340.2000,3342.8000,3343.2000,3344.2000,3344.6000,3345.0000,1,1,2,1,4,1,4,2,1,1
SF,IH2012,2020-09-02 09:30:22.200,3342.0000,22330,0,70284660.000,0,-,-,-,-,3341.4000,3341.2000,3341.0000,3340.6000,3340.2000,3343.2000,3344.2000,3344.6000,3345.0000,3345.4000,1,1,2,1,4,3,2,1,1,1
SF,IH2012,2020-09-02 09:30:22.700,3342.0000,22330,0,70284660.000,0,-,-,-,-,3341.4000,3341.2000,3341.0000,3340.6000,3340.2000,3343.0000,3343.2000,3344.2000,3345.0000,3345.4000,1,1,2,1,4,4,3,2,1,1
SF,IH2012,2020-09-02 09:30:23.200,3342.0000,22330,0,70284660.000,0,-,-,-,-,3341.4000,3341.2000,3341.0000,3340.6000,3340.2000,3343.0000,3343.2000,3344.2000,3345.0000,3345.4000,2,1,2,1,4,4,3,2,1,1
SF,IH2012,2020-09-02 09:30:23.700,3341.4000,22329,-1,71287080.000,1,0,1,双平,S,3341.4000,3341.2000,3341.0000,3340.6000,3340.2000,3342.6000,3343.0000,3343.2000,3345.0000,3345.4000,1,1,2,1,4,4,4,2,1,1
SF,IH2012,2020-09-02 09:30:24.200,3341.0000,22328,-1,74294160.000,3,1,2,多平,S,3341.0000,3340.6000,3340.2000,3340.0000,3339.0000,3341.2000,3341.4000,3342.2000,3342.4000,3342.6000,1,1,4,2,2,1,1,2,2,4
SF,IH2012,2020-09-02 09:30:24.700,3340.6000,22327,-1,76298640.000,2,0,2,多平,S,3340.2000,3340.0000,3339.0000,3338.0000,3334.0000,3341.0000,3341.2000,3341.4000,3342.2000,3342.4000,4,2,2,1,1,2,1,4,1,1
SF,IH2012,2020-09-02 09:30:25.200,3340.2000,22324,-3,79305000.000,3,0,3,双平,S,3340.2000,3340.0000,3338.0000,3337.0000,3334.0000,3341.0000,3341.2000,3341.4000,3342.2000,3342.4000,2,2,1,2,1,1,1,4,1,1
SF,IH2012,2020-09-02 09:30:25.700,3340.2000,22324,0,79305000.000,0,-,-,-,-,3340.2000,3340.0000,3338.0000,3337.0000,3334.0000,3341.0000,3341.2000,3341.4000,3342.0000,3342.2000,2,2,1,2,1,1,1,4,1,1
SF,IH2012,2020-09-02 09:30:26.200,3340.2000,22323,-1,80307060.000,1,0,1,双平,S,3340.2000,3340.0000,3338.0000,3337.0000,3334.0000,3341.0000,3341.2000,3341.4000,3342.0000,3342.2000,1,2,1,2,1,1,1,4,1,1
SF,IH2012,2020-09-02 09:30:26.700,3340.2000,22323,0,81309120.000,1,0,1,多换,S,3340.0000,3338.0000,3337.0000,3334.0000,3331.2000,3341.0000,3341.2000,3341.4000,3342.0000,3342.2000,2,1,2,1,1,1,1,4,1,1
SF,IH2012,2020-09-02 09:30:27.200,3340.0000,22323,0,82311120.000,1,0,1,多换,S,3340.0000,3338.0000,3337.0000,3334.0000,3331.2000,3341.0000,3341.2000,3341.4000,3342.0000,3342.2000,1,1,2,1,1,1,1,4,1,1
SF,IH2012,2020-09-02 09:30:27.700,3340.8000,22322,-1,85317360.000,3,1,2,多平,S,3338.0000,3337.0000,3334.0000,3331.2000,3330.0000,3341.0000,3341.2000,3341.4000,3342.0000,3342.2000,1,2,1,1,2,1,1,4,1,1
SF,IH2012,2020-09-02 09:30:28.200,3340.8000,22322,0,85317360.000,0,-,-,-,-,3338.6000,3338.4000,3338.2000,3338.0000,3337.0000,3339.8000,3340.8000,3341.0000,3341.2000,3341.4000,2,3,2,1,2,1,1,1,1,4
SF,IH2012,2020-09-02 09:30:28.700,3340.0000,22319,-3,88323540.000,3,0,3,双平,S,3340.0000,3339.8000,3339.0000,3338.8000,3338.6000,3341.0000,3341.2000,3341.4000,3342.0000,3342.2000,1,1,1,2,1,1,1,4,1,1
SF,IH2012,2020-09-02 09:30:29.200,3340.0000,22319,0,88323540.000,0,-,-,-,-,3338.8000,3338.6000,3338.2000,3338.0000,3337.0000,3341.0000,3341.2000,3341.4000,3342.0000,3342.2000,1,1,1,1,2,1,1,4,1,1
SF,IH2012,2020-09-02 09:30:29.700,3339.0000,22318,-1,89325240.000,1,0,1,双平,S,3339.0000,3338.8000,3338.6000,3338.2000,3338.0000,3340.8000,3341.0000,3341.2000,3341.4000,3342.0000,1,1,1,1,1,1,1,1,4,1
SF,IH2012,2020-09-02 09:30:30.200,3339.0000,22318,0,89325240.000,0,-,-,-,-,3339.2000,3339.0000,3338.6000,3338.2000,3338.0000,3340.6000,3340.8000,3341.0000,3341.2000,3341.4000,1,1,1,1,1,1,1,1,1,4
SF,IH2012,2020-09-02 09:30:30.700,3340.6000,22317,-1,90327420.000,1,0,1,双平,S,3338.6000,3338.2000,3338.0000,3337.0000,3334.0000,3340.8000,3341.0000,3341.2000,3341.4000,3342.0000,1,1,1,2,1,1,1,1,4,1
SF,IH2012,2020-09-02 09:30:31.200,3340.6000,22317,0,90327420.000,0,-,-,-,-,3338.6000,3338.2000,3338.0000,3337.0000,3334.0000,3340.6000,3340.8000,3341.0000,3341.2000,3341.4000,1,1,1,2,1,1,1,1,1,4
SF,IH2012,2020-09-02 09:30:31.700,3340.6000,22317,0,90327420.000,0,-,-,-,-,3338.8000,3338.0000,3337.0000,3334.0000,3331.2000,3340.4000,3340.6000,3341.0000,3341.2000,3341.4000,1,1,2,1,1,3,1,1,1,4
SF,IH2012,2020-09-02 09:30:32.200,3340.6000,22317,0,91329600.000,1,0,1,多换,S,3338.0000,3337.0000,3334.0000,3331.2000,3330.0000,3340.0000,3340.4000,3340.6000,3341.0000,3341.2000,1,2,1,1,2,1,2,1,1,1
SF,IH2012,2020-09-02 09:30:32.700,3340.0000,22316,-1,92331600.000,1,0,1,双平,S,3338.2000,3338.0000,3337.0000,3334.0000,3331.2000,3340.0000,3341.0000,3341.2000,3341.4000,3342.0000,2,1,2,1,1,1,1,1,4,1
SF,IH2012,2020-09-02 09:30:33.200,3340.0000,22315,-1,93333600.000,1,0,1,双平,S,3338.6000,3338.2000,3338.0000,3337.0000,3334.0000,3341.0000,3341.2000,3341.4000,3342.0000,3342.2000,1,2,1,2,1,1,1,4,1,1
SF,IH2012,2020-09-02 09:30:33.700,3340.0000,22315,0,93333600.000,0,-,-,-,-,3338.8000,3338.0000,3337.0000,3334.0000,3331.2000,3340.8000,3341.0000,3341.2000,3341.4000,3342.0000,1,1,2,1,1,1,1,1,4,3
SF,IH2012,2020-09-02 09:30:34.200,3338.8000,22314,-1,96338520.000,3,1,2,多平,S,3340.0000,3338.0000,3337.0000,3334.0000,3331.2000,3340.6000,3340.8000,3341.0000,3341.2000,3341.4000,3,1,2,11,1,4,1,1,1,4
SF,IH2012,2020-09-02 09:30:34.700,3340.0000,22314,0,99344520.000,3,1,2,多换,S,3338.0000,3337.0000,3334.0000,3331.2000,3330.0000,3340.2000,3340.4000,3340.6000,3341.0000,3341.2000,1,2,11,1,2,1,5,3,1,1
SF,IH2012,2020-09-02 09:30:35.200,3340.0000,22314,0,99344520.000,0,-,-,-,-,3338.0000,3337.0000,3334.0000,3331.2000,3330.0000,3339.8000,3340.0000,3340.2000,3340.4000,3340.6000,1,2,11,1,2,4,2,1,1,1
SF,IH2012,2020-09-02 09:30:35.700,3338.0000,22314,0,100345920.000,1,0,1,多换,S,3337.0000,3334.0000,3331.2000,3330.0000,3328.8000,3339.4000,3339.6000,3339.8000,3340.2000,3340.4000,2,11,1,2,5,2,2,4,1,1
SF,IH2012,2020-09-02 09:30:36.200,3338.0000,22314,0,100345920.000,0,-,-,-,-,3334.0000,3331.2000,3330.0000,3328.8000,3325.2000,3339.2000,3339.4000,3339.8000,3340.2000,3340.4000,11,1,2,5,1,1,2,4,1,1
SF,IH2012,2020-09-02 09:30:36.700,3338.0000,22314,0,100345920.000,0,-,-,-,-,3336.2000,3336.0000,3335.4000,3335.0000,3334.8000,3339.0000,3339.2000,3339.4000,3339.8000,3340.2000,1,2,3,1,1,2,1,1,4,1
SF,IH2012,2020-09-02 09:30:37.200,3338.0000,22314,0,100345920.000,0,-,-,-,-,3338.0000,3336.4000,3335.4000,3335.0000,3334.8000,3338.8000,3339.0000,3339.4000,3339.8000,3340.2000,1,1,1,1,1,1,1,1,4,1
SF,IH2012,2020-09-02 09:30:37.700,3338.0000,22314,0,101347320.000,1,0,1,多换,S,3336.4000,3335.4000,3335.0000,3334.8000,3334.6000,3338.4000,3338.8000,3339.4000,3339.8000,3340.2000,1,1,1,1,1,1,1,1,4,1
SF,IH2012,2020-09-02 09:30:38.200,3338.0000,22314,0,101347320.000,0,-,-,-,-,3338.0000,3336.6000,3336.4000,3335.4000,3335.0000,3338.2000,3338.8000,3339.4000,3339.8000,3340.2000,1,1,1,1,1,1,1,1,4,1
SF,IH2012,2020-09-02 09:30:38.700,3338.0000,22313,-1,102348720.000,1,0,1,双平,S,3338.4000,3336.4000,3335.4000,3335.0000,3334.8000,3339.8000,3340.2000,3340.4000,3341.4000,3342.0000,2,1,1,1,1,4,1,1,3,1
SF,IH2012,2020-09-02 09:30:39.200,3338.0000,22313,0,102348720.000,0,-,-,-,-,3338.4000,3336.4000,3335.4000,3335.0000,3334.8000,3339.4000,3339.6000,3339.8000,3340.2000,3340.4000,2,1,1,1,1,2,1,4,1,1
SF,IH2012,2020-09-02 09:30:39.700,3338.4000,22311,-2,104351760.000,2,0,2,双平,S,3336.4000,3335.4000,3335.0000,3334.8000,3334.6000,3339.0000,3339.2000,3339.4000,3339.8000,3340.2000,1,1,1,1,1,2,2,2,1,1
SF,IH2012,2020-09-02 09:30:40.200,3338.4000,22311,0,104351760.000,0,-,-,-,-,3337.0000,3336.6000,3336.4000,3335.4000,3335.0000,3338.0000,3338.8000,3339.0000,3339.4000,3339.8000,1,2,1,1,1,2,1,1,1,1
SF,IH2012,2020-09-02 09:30:40.700,3338.4000,22309,-2,106354800.000,2,0,2,双平,S,3337.2000,3336.6000,3336.4000,3335.4000,3335.0000,3338.8000,3339.0000,3340.2000,3340.4000,3342.0000,1,2,6,1,1,1,1,4,1,1
SF,IH2012,2020-09-02 09:30:41.200,3338.8000,22308,-1,107356440.000,1,0,1,双平,S,3338.8000,3337.4000,3336.6000,3336.4000,3335.4000,3339.0000,3340.2000,3340.4000,3342.0000,3345.4000,1,2,2,6,1,1,4,1,1,1
SF,IH2012,2020-09-02 09:30:41.700,3339.0000,22306,-2,109359780.000,2,0,2,双平,S,3339.0000,3337.4000,3336.6000,3336.4000,3335.4000,3340.2000,3340.4000,3342.0000,3345.4000,3347.8000,1,1,1,6,1,4,1,1,1,5
SF,IH2012,2020-09-02 09:30:42.200,3336.6000,22304,-2,112363680.000,3,0,3,多平,S,3336.4000,3335.4000,3335.0000,3334.8000,3334.6000,3339.6000,3339.8000,3340.0000,3340.2000,3340.4000,6,1,1,1,1,1,5,1,4,1
SF,IH2012,2020-09-02 09:30:42.700,3336.6000,22304,0,112363680.000,0,-,-,-,-,3337.0000,3336.6000,3336.4000,3335.4000,3335.0000,3338.8000,3339.4000,3339.6000,3339.8000,3340.2000,1,2,6,1,1,1,1,1,3,4
SF,IH2012,2020-09-02 09:30:43.200,3338.8000,22304,0,113365320.000,1,0,1,多换,S,3338.8000,3337.2000,3337.0000,3336.6000,3336.4000,3340.2000,3340.4000,3342.0000,3345.4000,3347.8000,1,2,1,1,6,4,1,1,1,5
SF,IH2012,2020-09-02 09:30:43.700,3338.8000,22304,0,113365320.000,0,-,-,-,-,3337.2000,3337.0000,3336.6000,3336.4000,3335.4000,3339.8000,3340.0000,3340.2000,3340.4000,3342.0000,1,1,1,6,1,2,1,4,1,1
SF,IH2012,2020-09-02 09:30:44.200,3339.8000,22303,-1,114367260.000,1,0,1,双平,S,3337.8000,3337.4000,3337.2000,3337.0000,3336.6000,3340.2000,3340.4000,3342.0000,3345.4000,3347.8000,1,1,2,1,1,4,1,1,1,5
SF,IH2012,2020-09-02 09:30:44.700,3340.2000,22303,0,115369320.000,1,0,1,多换,S,3338.0000,3337.8000,3337.4000,3337.2000,3337.0000,3340.2000,3340.4000,3342.0000,3345.4000,3347.8000,1,1,1,1,1,2,1,1,1,5
SF,IH2012,2020-09-02 09:30:45.200,3338.0000,22302,-1,116370720.000,1,0,1,双平,S,3337.8000,3337.4000,3337.2000,3337.0000,3336.6000,3340.2000,3340.4000,3342.0000,3345.4000,3347.8000,1,1,1,1,1,2,1,1,1,5
SF,IH2012,2020-09-02 09:30:45.700,3340.2000,22300,-2,118374840.000,2,0,2,双平,S,3338.0000,3337.8000,3337.4000,3337.2000,3337.0000,3340.4000,3342.0000,3345.4000,3347.8000,3349.8000,1,2,1,1,1,1,1,1,5,2
SF,IH2012,2020-09-02 09:30:46.200,3340.2000,22300,0,118374840.000,0,-,-,-,-,3338.2000,3338.0000,3337.8000,3337.4000,3337.2000,3342.0000,3345.4000,3347.8000,3349.8000,3350.0000,1,1,2,1,2,1,1,5,2,8
SF,IH2012,2020-09-02 09:30:46.700,3340.2000,22300,0,118374840.000,0,-,-,-,-,3340.4000,3338.6000,3338.4000,3338.2000,3337.8000,3341.4000,3341.6000,3341.8000,3342.0000,3345.4000,1,1,1,1,2,1,5,4,2,1
SF,IH2012,2020-09-02 09:30:47.200,3340.2000,22300,0,119376900.000,1,0,1,多换,S,3338.4000,3337.8000,3337.4000,3337.2000,3336.4000,3339.8000,3340.2000,3340.6000,3340.8000,3341.0000,1,2,1,2,6,2,1,1,1,4
SF,IH2012,2020-09-02 09:30:47.700,3340.2000,22298,-2,122382840.000,3,0,3,多平,S,3340.4000,3338.6000,3338.4000,3337.8000,3337.4000,3341.0000,3341.4000,3341.8000,3342.0000,3345.4000,5,1,1,2,1,2,1,3,1,1
SF,IH2012,2020-09-02 09:30:48.200,3340.4000,22293,-5,127393440.000,5,0,5,双平,S,3338.4000,3337.8000,3337.4000,3337.2000,3336.4000,3340.4000,3341.0000,3341.4000,3341.8000,3342.0000,1,2,1,2,5,1,2,1,3,1
SF,IH2012,2020-09-02 09:30:48.700,3340.4000,22292,-1,128395560.000,1,0,1,双平,S,3340.4000,3338.6000,3338.4000,3337.8000,3337.4000,3341.0000,3341.4000,3341.8000,3342.0000,3345.4000,1,1,1,2,1,2,1,3,1,1
SF,IH2012,2020-09-02 09:30:49.200,3340.4000,22289,-3,131402280.000,3,0,3,双平,S,3338.4000,3337.8000,3337.4000,3337.2000,3336.4000,3340.2000,3341.4000,3341.8000,3342.0000,3345.4000,1,2,1,2,6,1,1,3,1,1
SF,IH2012,2020-09-02 09:30:49.700,3340.2000,22288,-1,132404340.000,1,0,1,双平,S,3340.2000,3338.8000,3338.6000,3338.4000,3337.8000,3341.4000,3341.8000,3342.0000,3345.4000,3347.8000,4,2,2,1,2,1,3,1,1,5
SF,IH2012,2020-09-02 09:30:50.200,3340.2000,22288,0,132404340.000,0,-,-,-,-,3341.0000,3338.8000,3338.4000,3337.8000,3337.4000,3341.8000,3342.0000,3345.4000,3347.8000,3349.8000,1,2,1,2,1,2,1,1,5,2
SF,IH2012,2020-09-02 09:30:50.700,3341.0000,22288,0,133406640.000,1,0,1,多换,S,3338.8000,3338.4000,3337.8000,3337.4000,3337.2000,3341.4000,3341.8000,3342.0000,3345.4000,3347.8000,2,1,2,1,2,1,2,1,1,5
SF,IH2012,2020-09-02 09:30:51.200,3341.0000,22288,0,134408940.000,1,0,1,多换,S,3339.0000,3338.8000,3337.8000,3337.4000,3337.2000,3341.0000,3341.2000,3341.8000,3342.0000,3345.4000,1,1,2,1,2,1,1,2,1,1
SF,IH2012,2020-09-02 09:30:51.700,3341.0000,22288,0,134408940.000,0,-,-,-,-,3339.0000,3337.8000,3337.4000,3337.2000,3336.4000,3340.8000,3341.0000,3341.2000,3341.8000,3342.0000,1,2,1,2,6,1,1,1,2,1
SF,IH2012,2020-09-02 09:30:52.200,3341.0000,22288,0,134408940.000,0,-,-,-,-,3339.0000,3337.8000,3337.4000,3337.2000,3336.4000,3340.0000,3340.2000,3340.6000,3340.8000,3341.8000,1,3,1,2,6,1,1,2,1,1
SF,IH2012,2020-09-02 09:30:52.700,3340.2000,22286,-2,136413000.000,2,0,2,双平,S,3340.0000,3339.2000,3337.8000,3337.4000,3337.2000,3340.6000,3341.8000,3342.0000,3347.8000,3349.8000,1,1,3,1,1,1,1,1,5,2
SF,IH2012,2020-09-02 09:30:53.200,3340.0000,22285,-1,137415000.000,1,0,1,双平,S,3339.2000,3337.8000,3337.4000,3337.2000,3336.4000,3340.6000,3341.8000,3342.0000,3347.8000,3349.8000,1,3,1,1,6,1,1,1,5,2
SF,IH2012,2020-09-02 09:30:53.700,3340.6000,22285,0,138417180.000,1,0,1,多换,S,3340.8000,3339.2000,3337.8000,3337.4000,3337.2000,3341.8000,3342.0000,3347.8000,3349.8000,3350.0000,4,1,3,1,1,1,1,5,2,8
SF,IH2012,2020-09-02 09:30:54.200,3340.8000,22285,0,142426140.000,4,2,2,多换,S,3337.8000,3337.4000,3337.2000,3336.4000,3336.2000,3340.6000,3340.8000,3341.2000,3341.4000,3341.6000,3,1,1,6,1,3,2,2,3,6
SF,IH2012,2020-09-02 09:30:54.700,3340.8000,22285,0,142426140.000,0,-,-,-,-,3338.4000,3338.0000,3337.8000,3337.4000,3337.2000,3340.6000,3340.8000,3341.4000,3341.6000,3341.8000,2,2,3,1,1,3,1,2,4,1
SF,IH2012,2020-09-02 09:30:55.200,3340.8000,22285,0,142426140.000,0,-,-,-,-,3338.6000,3338.4000,3338.0000,3337.8000,3337.4000,3340.6000,3340.8000,3341.4000,3341.6000,3341.8000,1,2,1,3,1,3,1,2,4,1
SF,IH2012,2020-09-02 09:30:55.700,3338.8000,22284,-1,143427780.000,1,0,1,双平,S,3338.6000,3338.4000,3338.0000,3337.8000,3337.4000,3339.0000,3340.2000,3340.4000,3340.6000,3340.8000,1,1,1,3,1,1,1,1,3,1
SF,IH2012,2020-09-02 09:30:56.200,3339.0000,22283,-1,144429480.000,1,0,1,双平,S,3339.4000,3338.0000,3337.8000,3337.4000,3337.2000,3340.6000,3340.8000,3341.4000,3341.6000,3341.8000,1,1,3,1,1,3,1,1,4,1
SF,IH2012,2020-09-02 09:30:56.700,3339.2000,22282,-1,145431240.000,1,0,1,双平,S,3337.8000,3337.2000,3336.4000,3336.2000,3335.4000,3339.0000,3339.2000,3339.6000,3339.8000,3340.2000,2,1,6,1,1,1,1,2,1,1
SF,IH2012,2020-09-02 09:30:57.200,3339.2000,22282,0,145431240.000,0,-,-,-,-,3337.8000,3337.2000,3336.4000,3336.2000,3335.4000,3339.0000,3339.2000,3340.2000,3340.6000,3340.8000,2,1,6,1,1,1,1,1,3,1
SF,IH2012,2020-09-02 09:30:57.700,3339.2000,22282,0,145431240.000,0,-,-,-,-,3337.8000,3337.2000,3336.4000,3336.2000,3335.4000,3339.2000,3340.2000,3340.6000,3340.8000,3341.4000,2,1,6,1,1,1,1,3,1,1
SF,IH2012,2020-09-02 09:30:58.200,3339.2000,22283,1,146433000.000,1,1,0,双开,S,3337.8000,3337.2000,3336.4000,3336.2000,3335.4000,3339.2000,3340.2000,3340.6000,3340.8000,3341.4000,2,1,6,1,1,1,1,3,1,1
SF,IH2012,2020-09-02 09:30:58.700,3339.2000,22282,-1,147434760.000,1,0,1,双平,S,3337.8000,3337.2000,3336.4000,3336.2000,3335.0000,3338.8000,3339.0000,3340.6000,3340.8000,3341.4000,2,1,6,1,1,1,1,3,1,1
SF,IH2012,2020-09-02 09:30:59.200,3338.8000,22281,-1,148436400.000,1,0,1,双平,S,3339.0000,3338.0000,3337.8000,3337.2000,3336.4000,3340.6000,3340.8000,3341.4000,3341.6000,3342.0000,1,1,2,1,6,3,1,1,4,1
SF,IH2012,2020-09-02 09:30:59.700,3339.0000,22280,-1,149438100.000,1,0,1,双平,S,3338.0000,3337.8000,3337.2000,3336.4000,3336.2000,3338.8000,3339.4000,3339.6000,3340.0000,3340.2000,1,2,1,6,1,1,1,1,1,3
SF,IH2012,2020-09-02 09:31:00.200,3338.8000,22278,-2,151441380.000,2,0,2,双平,S,3338.0000,3337.8000,3337.2000,3336.4000,3336.2000,3339.6000,3340.4000,3340.6000,3340.8000,3341.4000,1,2,1,6,1,1,1,3,1,1
SF,IH2012,2020-09-02 09:31:00.700,3338.8000,22278,0,151441380.000,0,-,-,-,-,3338.8000,3338.2000,3338.0000,3337.8000,3337.2000,3340.6000,3340.8000,3341.4000,3341.6000,3342.0000,1,2,1,2,1,3,1,1,1,1
SF,IH2012,2020-09-02 09:31:01.200,3338.8000,22277,-1,153444660.000,2,0,2,多平,S,3337.8000,3337.2000,3336.4000,3336.2000,3336.0000,3339.0000,3339.6000,3340.4000,3340.6000,3340.8000,2,1,6,1,1,2,2,3,3,1
SF,IH2012,2020-09-02 09:31:01.700,3337.8000,22277,0,154446000.000,1,0,1,多换,S,3337.8000,3337.2000,3336.4000,3336.2000,3336.0000,3339.0000,3339.6000,3340.4000,3340.6000,3340.8000,1,1,6,1,1,2,1,2,3,1
SF,IH2012,2020-09-02 09:31:02.200,3337.8000,22277,0,154446000.000,0,-,-,-,-,3337.8000,3337.2000,3336.4000,3336.2000,3336.0000,3338.8000,3339.0000,3339.6000,3340.4000,3340.6000,1,1,6,1,1,2,2,1,1,3
SF,IH2012,2020-09-02 09:31:02.700,3337.8000,22277,0,155447340.000,1,0,1,多换,S,3337.2000,3336.4000,3336.2000,3336.0000,3335.0000,3338.8000,3339.0000,3339.6000,3340.4000,3340.6000,1,6,1,1,1,2,2,1,1,3
SF,IH2012,2020-09-02 09:31:03.200,3338.4000,22277,0,156448860.000,1,0,1,多换,S,3337.2000,3336.4000,3336.2000,3336.0000,3335.0000,3338.0000,3338.4000,3338.8000,3339.0000,3339.6000,1,6,1,1,1,4,1,4,2,1
SF,IH2012,2020-09-02 09:31:03.700,3338.4000,22277,0,156448860.000,0,-,-,-,-,3337.2000,3336.4000,3336.2000,3336.0000,3335.8000,3337.8000,3338.0000,3338.4000,3338.8000,3339.0000,1,6,1,1,1,1,4,1,3,2
SF,IH2012,2020-09-02 09:31:04.200,3337.2000,22277,0,157450020.000,1,0,1,多换,S,3336.4000,3336.2000,3336.0000,3335.8000,3335.0000,3337.2000,3337.6000,3338.4000,3338.8000,3339.0000,6,1,1,1,1,1,1,1,3,2
SF,IH2012,2020-09-02 09:31:04.700,3337.2000,22276,-1,158451180.000,1,0,1,双平,S,3337.2000,3336.4000,3336.2000,3336.0000,3335.8000,3338.4000,3338.8000,3339.0000,3339.6000,3340.4000,2,6,1,1,1,1,3,2,1,1
SF,IH2012,2020-09-02 09:31:05.200,3337.2000,22276,0,158451180.000,0,-,-,-,-,3337.2000,3336.4000,3336.2000,3336.0000,3335.8000,3338.0000,3338.2000,3338.4000,3338.8000,3339.0000,2,6,3,1,1,1,2,1,2,2
SF,IH2012,2020-09-02 09:31:05.700,3337.2000,22274,-2,161454840.000,3,0,3,多平,S,3336.4000,3336.2000,3336.0000,3335.8000,3335.2000,3337.0000,3337.2000,3337.4000,3337.8000,3338.4000,6,3,1,1,1,1,2,1,1,1
SF,IH2012,2020-09-02 09:31:06.200,3337.2000,22270,-4,166460580.000,5,0,5,多平,S,3337.2000,3337.0000,3336.6000,3336.4000,3336.2000,3338.8000,3339.0000,3340.4000,3340.6000,3341.4000,1,1,1,7,3,2,2,1,3,1
SF,IH2012,2020-09-02 09:31:06.700,3337.2000,22270,0,166460580.000,0,-,-,-,-,3337.2000,3337.0000,3336.6000,3336.4000,3336.2000,3338.0000,3338.6000,3338.8000,3339.0000,3340.4000,1,2,1,7,3,4,1,3,2,1
SF,IH2012,2020-09-02 09:31:07.200,3337.2000,22270,0,166460580.000,0,-,-,-,-,3337.0000,3336.6000,3336.4000,3336.2000,3336.0000,3337.8000,3338.0000,3338.8000,3339.0000,3340.4000,2,1,7,3,1,2,1,2,2,1
SF,IH2012,2020-09-02 09:31:07.700,3337.2000,22270,0,166460580.000,0,-,-,-,-,3337.0000,3336.4000,3336.2000,3336.0000,3335.8000,3337.8000,3338.8000,3339.0000,3340.4000,3340.6000,2,7,3,1,1,2,2,2,1,3
SF,IH2012,2020-09-02 09:31:08.200,3337.8000,22267,-3,170465460.000,4,0,4,多平,S,3336.4000,3336.2000,3336.0000,3335.8000,3335.2000,3338.8000,3339.0000,3340.4000,3340.6000,3341.4000,7,3,1,1,1,2,2,1,3,1
SF,IH2012,2020-09-02 09:31:08.700,3337.8000,22267,0,170465460.000,0,-,-,-,-,3336.6000,3336.4000,3336.2000,3336.0000,3335.8000,3338.0000,3338.6000,3338.8000,3339.0000,3340.6000,3,7,3,1,1,4,2,3,2,3
SF,IH2012,2020-09-02 09:31:09.200,3338.0000,22262,-5,175472460.000,5,0,5,双平,S,3338.0000,3337.0000,3336.6000,3336.4000,3336.2000,3338.6000,3338.8000,3339.0000,3340.6000,3341.4000,1,1,3,7,3,1,2,2,3,1
SF,IH2012,2020-09-02 09:31:09.700,3338.8000,22258,-4,182483220.000,7,1,6,多平,S,3337.0000,3336.6000,3336.4000,3336.2000,3336.0000,3339.0000,3340.6000,3341.4000,3342.0000,3344.6000,1,3,7,3,1,2,3,1,1,1
SF,IH2012,2020-09-02 09:31:10.200,3339.0000,22255,-3,185488260.000,3,0,3,双平,S,3337.6000,3337.4000,3337.2000,3337.0000,3336.4000,3340.6000,3341.4000,3342.0000,3344.6000,3345.8000,2,1,3,1,7,3,1,1,1,1
SF,IH2012,2020-09-02 09:31:10.700,3339.6000,22254,-1,186490140.000,1,0,1,双平,S,3338.0000,3337.8000,3337.6000,3337.4000,3337.2000,3340.0000,3340.2000,3340.4000,3340.6000,3341.4000,10,3,2,1,1,1,1,2,3,1
SF,IH2012,2020-09-02 09:31:11.200,3339.6000,22254,0,186490140.000,0,-,-,-,-,3338.2000,3338.0000,3337.8000,3337.4000,3337.2000,3338.8000,3339.8000,3340.0000,3340.2000,3340.4000,3,10,1,1,1,1,3,1,1,1
SF,IH2012,2020-09-02 09:31:11.700,3339.8000,22252,-2,188493720.000,2,0,2,双平,S,3338.0000,3337.4000,3337.2000,3337.0000,3336.4000,3339.8000,3340.4000,3340.6000,3341.4000,3342.0000,10,1,1,1,7,1,1,3,1,1
SF,IH2012,2020-09-02 09:31:12.200,3338.0000,22252,0,198507720.000,10,5,5,多换,S,3337.0000,3336.4000,3336.2000,3336.0000,3335.8000,3338.6000,3338.8000,3339.0000,3339.4000,3339.6000,1,7,3,1,1,1,1,2,1,4
SF,IH2012,2020-09-02 09:31:12.700,3338.0000,22252,0,198507720.000,0,-,-,-,-,3337.2000,3337.0000,3336.4000,3336.2000,3336.0000,3337.8000,3338.8000,3339.6000,3339.8000,3340.4000,3,1,7,3,1,3,1,2,1,1
SF,IH2012,2020-09-02 09:31:13.200,3337.8000,22250,-2,201511740.000,3,0,3,多平,S,3337.4000,3337.2000,3337.0000,3336.4000,3336.2000,3339.6000,3339.8000,3340.4000,3340.6000,3341.4000,4,2,1,7,3,1,1,1,3,1
SF,IH2012,2020-09-02 09:31:13.700,3337.8000,22250,0,202513080.000,1,0,1,多换,S,3337.8000,3337.6000,3337.4000,3337.0000,3336.4000,3339.6000,3340.6000,3341.4000,3342.0000,3344.6000,2,1,4,1,7,1,3,1,1,1
SF,IH2012,2020-09-02 09:31:14.200,3337.8000,22250,0,202513080.000,0,-,-,-,-,3338.0000,3337.8000,3337.4000,3337.0000,3336.4000,3338.8000,3339.4000,3339.6000,3340.6000,3341.4000,1,2,4,1,7,1,1,1,3,1
SF,IH2012,2020-09-02 09:31:14.700,3338.8000,22249,-1,203514720.000,1,0,1,双平,S,3337.8000,3337.4000,3337.0000,3336.4000,3336.2000,3339.6000,3340.6000,3341.4000,3342.0000,3344.6000,2,1,1,7,3,1,3,1,1,1
SF,IH2012,2020-09-02 09:31:15.200,3338.8000,22249,0,203514720.000,0,-,-,-,-,3337.8000,3337.4000,3337.0000,3336.4000,3336.2000,3338.8000,3339.4000,3339.6000,3340.6000,3341.4000,2,1,1,7,3,4,4,2,3,1
SF,IH2012,2020-09-02 09:31:15.700,3338.8000,22249,0,203514720.000,0,-,-,-,-,3337.4000,3337.0000,3336.4000,3336.2000,3336.0000,3337.6000,3338.2000,3338.6000,3338.8000,3339.4000,1,1,7,3,1,3,1,3,2,2
SF,IH2012,2020-09-02 09:31:16.200,3337.6000,22247,-2,206518680.000,3,0,3,多平,S,3337.6000,3337.4000,3337.0000,3336.4000,3336.2000,3338.6000,3338.8000,3339.4000,3339.6000,3340.6000,1,1,1,7,3,3,1,2,1,3
SF,IH2012,2020-09-02 09:31:16.700,3337.8000,22246,-1,208521360.000,2,0,2,多平,S,3337.4000,3337.0000,3336.4000,3336.2000,3336.0000,3337.8000,3338.4000,3338.8000,3339.4000,3339.6000,1,1,7,3,1,2,1,1,2,1
SF,IH2012,2020-09-02 09:31:17.200,3338.8000,22243,-3,212527200.000,4,0,4,多平,S,3338.8000,3337.8000,3337.6000,3337.4000,3337.0000,3339.4000,3339.6000,3340.6000,3341.4000,3342.0000,1,1,2,1,1,1,1,3,1,2
SF,IH2012,2020-09-02 09:31:17.700,3339.4000,22241,-2,216534300.000,4,1,3,多平,S,3338.0000,3337.8000,3337.6000,3337.4000,3337.0000,3338.6000,3340.6000,3341.4000,3342.0000,3344.6000,1,1,2,1,1,1,3,1,2,1
SF,IH2012,2020-09-02 09:31:18.200,3338.6000,22240,-1,217535880.000,1,0,1,双平,S,3338.6000,3338.4000,3338.2000,3338.0000,3337.8000,3340.6000,3342.0000,3344.6000,3345.8000,3347.8000,3,2,1,1,1,3,2,1,1,5
SF,IH2012,2020-09-02 09:31:18.700,3338.6000,22240,0,217535880.000,0,-,-,-,-,3338.8000,3338.6000,3338.0000,3337.8000,3337.4000,3340.4000,3340.6000,3342.0000,3344.6000,3345.8000,4,2,1,1,1,1,3,2,1,1
SF,IH2012,2020-09-02 09:31:19.200,3338.6000,22240,0,217535880.000,0,-,-,-,-,3338.8000,3338.6000,3338.0000,3337.8000,3337.6000,3339.8000,3340.2000,3340.6000,3340.8000,3342.0000,3,2,1,1,5,1,2,3,1,2
SF,IH2012,2020-09-02 09:31:19.700,3338.6000,22240,0,217535880.000,0,-,-,-,-,3338.8000,3338.6000,3338.0000,3337.8000,3337.6000,3339.6000,3340.2000,3340.6000,3340.8000,3342.0000,2,2,1,1,5,1,1,3,1,2
SF,IH2012,2020-09-02 09:31:20.200,3338.6000,22234,-6,225549420.000,8,1,7,多平,S,3338.6000,3338.0000,3337.8000,3337.6000,3337.4000,3339.4000,3340.6000,3340.8000,3342.0000,3344.6000,1,1,1,5,1,1,3,1,2,1
SF,IH2012,2020-09-02 09:31:20.700,3338.6000,22234,0,225549420.000,0,-,-,-,-,3338.6000,3338.0000,3337.8000,3337.6000,3337.4000,3340.6000,3340.8000,3342.0000,3344.6000,3345.8000,1,1,1,8,1,3,1,2,1,1
SF,IH2012,2020-09-02 09:31:21.200,3338.6000,22234,0,225549420.000,0,-,-,-,-,3338.8000,3338.6000,3338.0000,3337.8000,3337.6000,3340.4000,3340.6000,3340.8000,3342.0000,3344.6000,2,1,1,1,8,1,3,1,2,1
SF,IH2012,2020-09-02 09:31:21.700,3338.6000,22234,0,225549420.000,0,-,-,-,-,3338.8000,3338.6000,3338.0000,3337.8000,3337.6000,3340.6000,3340.8000,3342.0000,3344.6000,3345.8000,2,1,1,1,8,3,1,2,1,1
SF,IH2012,2020-09-02 09:31:22.200,3338.6000,22234,0,225549420.000,0,-,-,-,-,3339.0000,3338.8000,3338.6000,3338.0000,3337.8000,3340.6000,3340.8000,3342.0000,3344.6000,3345.8000,3,2,1,1,1,3,1,2,1,1
SF,IH2012,2020-09-02 09:31:22.700,3338.8000,22233,-1,226551060.000,1,0,1,双平,S,3339.2000,3339.0000,3338.8000,3338.6000,3338.0000,3340.6000,3340.8000,3342.0000,3344.6000,3345.8000,1,3,1,1,1,3,1,2,1,1
SF,IH2012,2020-09-02 09:31:23.200,3340.6000,22232,-1,227553240.000,1,0,1,双平,S,3339.4000,3339.2000,3339.0000,3338.8000,3338.6000,3340.6000,3340.8000,3342.0000,3344.6000,3345.8000,1,1,3,1,1,2,1,2,1,1
SF,IH2012,2020-09-02 09:31:23.700,3340.6000,22232,0,227553240.000,0,-,-,-,-,3339.4000,3339.2000,3339.0000,3338.8000,3338.6000,3340.6000,3340.8000,3342.0000,3344.6000,3345.8000,1,1,1,1,1,2,1,2,1,1
SF,IH2012,2020-09-02 09:31:24.200,3340.6000,22232,0,227553240.000,0,-,-,-,-,3339.6000,3339.4000,3339.0000,3338.8000,3338.6000,3340.6000,3340.8000,3342.0000,3344.6000,3345.8000,1,1,1,1,1,2,2,2,1,1
SF,IH2012,2020-09-02 09:31:24.700,3340.6000,22232,0,227553240.000,0,-,-,-,-,3339.6000,3339.4000,3339.0000,3338.8000,3338.6000,3340.4000,3340.6000,3340.8000,3342.0000,3344.6000,1,1,1,1,1,1,2,2,2,1
SF,IH2012,2020-09-02 09:31:25.200,3339.6000,22230,-2,230558820.000,3,0,3,多平,S,3338.8000,3338.6000,3338.0000,3337.8000,3337.6000,3340.4000,3340.6000,3340.8000,3342.0000,3344.6000,1,1,1,1,8,1,2,2,2,1
SF,IH2012,2020-09-02 09:31:25.700,3339.6000,22230,0,230558820.000,0,-,-,-,-,3338.8000,3338.6000,3338.0000,3337.8000,3337.6000,3340.2000,3340.4000,3340.6000,3340.8000,3342.0000,1,1,1,1,8,3,1,2,2,2
SF,IH2012,2020-09-02 09:31:26.200,3339.6000,22230,0,230558820.000,0,-,-,-,-,3338.8000,3338.6000,3338.0000,3337.8000,3337.6000,3340.2000,3340.4000,3340.6000,3340.8000,3341.8000,1,1,2,1,8,2,1,2,2,1
SF,IH2012,2020-09-02 09:31:26.700,3340.4000,22228,-2,232563000.000,2,0,2,双平,S,3339.0000,3338.8000,3338.6000,3338.0000,3337.8000,3340.6000,3340.8000,3341.8000,3342.0000,3344.6000,3,1,1,2,1,2,2,1,2,1
SF,IH2012,2020-09-02 09:31:27.200,3340.6000,22227,-1,234567360.000,2,0,2,多平,S,3340.6000,3339.2000,3339.0000,3338.8000,3338.6000,3340.8000,3341.8000,3342.0000,3344.6000,3345.8000,1,1,3,1,1,2,1,2,1,1
SF,IH2012,2020-09-02 09:31:27.700,3340.6000,22225,-2,238576200.000,4,1,3,多平,S,3339.2000,3339.0000,3338.8000,3338.6000,3338.0000,3340.4000,3341.8000,3342.0000,3344.6000,3345.8000,1,2,1,1,2,1,1,2,1,1
SF,IH2012,2020-09-02 09:31:28.200,3340.4000,22223,-2,240580440.000,2,0,2,双平,S,3340.4000,3339.8000,3339.4000,3339.0000,3338.8000,3341.8000,3342.0000,3344.6000,3345.8000,3347.8000,4,1,5,2,1,1,2,1,1,5
SF,IH2012,2020-09-02 09:31:28.700,3340.4000,22223,0,240580440.000,0,-,-,-,-,3339.8000,3339.4000,3339.0000,3338.8000,3338.0000,3341.8000,3342.0000,3344.6000,3345.8000,3347.8000,1,4,1,1,3,1,2,1,1,5
SF,IH2012,2020-09-02 09:31:29.200,3340.4000,22223,0,240580440.000,0,-,-,-,-,3340.2000,3340.0000,3339.8000,3339.4000,3339.0000,3341.6000,3341.8000,3342.0000,3344.6000,3345.8000,1,3,1,3,1,1,1,2,1,1
SF,IH2012,2020-09-02 09:31:29.700,3340.4000,22223,0,240580440.000,0,-,-,-,-,3340.2000,3340.0000,3339.8000,3339.4000,3339.0000,3341.6000,3341.8000,3342.0000,3344.6000,3345.8000,1,1,1,3,1,1,1,2,1,1
SF,IH2012,2020-09-02 09:31:30.200,3341.4000,22224,1,241582860.000,1,1,0,双开,S,3340.4000,3340.2000,3340.0000,3339.8000,3339.4000,3341.8000,3342.0000,3344.6000,3345.8000,3347.8000,1,1,1,1,3,2,1,1,1,5
SF,IH2012,2020-09-02 09:31:30.700,3341.4000,22224,0,241582860.000,0,-,-,-,-,3340.6000,3340.2000,3340.0000,3339.8000,3339.4000,3341.6000,3341.8000,3342.0000,3344.6000,3345.8000,1,1,1,1,3,1,2,1,1,1
SF,IH2012,2020-09-02 09:31:31.200,3341.4000,22224,0,241582860.000,0,-,-,-,-,3340.2000,3340.0000,3339.8000,3339.4000,3339.0000,3341.6000,3341.8000,3342.0000,3344.6000,3345.8000,1,1,1,3,2,2,2,1,1,1
SF,IH2012,2020-09-02 09:31:31.700,3340.0000,22223,-1,242584860.000,1,0,1,双平,S,3339.4000,3339.0000,3338.0000,3337.6000,3336.4000,3341.0000,3341.4000,3341.6000,3341.8000,3342.0000,3,2,3,8,7,2,1,1,2,1
SF,IH2012,2020-09-02 09:31:32.200,3340.2000,22223,0,243586920.000,1,0,1,多换,S,3339.6000,3339.4000,3339.0000,3338.0000,3337.6000,3340.8000,3341.6000,3341.8000,3342.0000,3344.6000,2,3,2,3,8,2,1,2,1,1
SF,IH2012,2020-09-02 09:31:32.700,3340.2000,22223,0,243586920.000,0,-,-,-,-,3339.6000,3339.4000,3339.0000,3338.0000,3337.6000,3340.6000,3340.8000,3341.6000,3341.8000,3342.0000,1,3,2,3,8,1,2,1,2,1
SF,IH2012,2020-09-02 09:31:33.200,3340.2000,22223,0,243586920.000,0,-,-,-,-,3339.0000,3338.0000,3337.6000,3336.4000,3336.2000,3340.8000,3341.6000,3341.8000,3342.0000,3344.6000,2,3,8,7,2,2,1,2,1,1
SF,IH2012,2020-09-02 09:31:33.700,3340.6000,22223,0,244589100.000,1,0,1,多换,S,3339.2000,3339.0000,3338.0000,3337.6000,3336.4000,3340.8000,3341.6000,3341.8000,3342.0000,3344.6000,1,2,3,8,7,2,1,2,1,1
SF,IH2012,2020-09-02 09:31:34.200,3340.6000,22223,0,244589100.000,0,-,-,-,-,3339.4000,3339.0000,3338.0000,3337.6000,3336.4000,3340.8000,3341.6000,3341.8000,3342.0000,3344.6000,1,2,3,8,7,2,1,2,1,1
SF,IH2012,2020-09-02 09:31:34.700,3340.6000,22223,0,244589100.000,0,-,-,-,-,3339.0000,3338.0000,3337.6000,3336.4000,3336.2000,3340.4000,3340.8000,3341.6000,3341.8000,3342.0000,2,3,8,7,2,1,2,1,2,1
SF,IH2012,2020-09-02 09:31:35.200,3340.6000,22223,0,244589100.000,0,-,-,-,-,3339.2000,3339.0000,3338.0000,3337.6000,3336.4000,3340.8000,3341.8000,3342.0000,3344.6000,3345.8000,2,1,3,8,7,2,2,1,1,1
SF,IH2012,2020-09-02 09:31:35.700,3340.6000,22223,0,244589100.000,0,-,-,-,-,3339.2000,3339.0000,3338.0000,3337.6000,3336.4000,3339.4000,3339.8000,3340.2000,3340.8000,3341.8000,1,1,3,8,7,1,1,1,2,2
SF,IH2012,2020-09-02 09:31:36.200,3339.0000,22220,-3,248596140.000,4,0,4,多平,S,3340.6000,3340.4000,3338.0000,3337.6000,3336.4000,3340.8000,3341.8000,3342.0000,3344.6000,3345.8000,1,1,3,8,7,2,2,1,1,1
SF,IH2012,2020-09-02 09:31:36.700,3340.4000,22220,0,250600440.000,2,1,1,多换,S,3338.0000,3337.6000,3336.4000,3336.2000,3335.8000,3340.4000,3340.6000,3340.8000,3341.8000,3342.0000,3,8,7,2,1,2,4,3,2,1
SF,IH2012,2020-09-02 09:31:37.200,3340.4000,22220,0,250600440.000,0,-,-,-,-,3338.6000,3338.2000,3338.0000,3337.6000,3336.4000,3340.2000,3340.4000,3340.6000,3340.8000,3341.8000,1,3,3,8,7,1,2,2,1,2
SF,IH2012,2020-09-02 09:31:37.700,3340.6000,22220,0,255611160.000,5,2,3,多换,S,3339.0000,3338.8000,3338.6000,3338.2000,3338.0000,3340.8000,3341.8000,3342.0000,3344.6000,3345.8000,1,2,1,3,3,1,2,1,1,1
SF,IH2012,2020-09-02 09:31:38.200,3339.2000,22220,0,256612920.000,1,0,1,多换,S,3339.2000,3339.0000,3338.8000,3338.6000,3338.2000,3340.8000,3341.8000,3342.0000,3344.6000,3345.8000,2,1,1,1,1,1,2,1,1,1
SF,IH2012,2020-09-02 09:31:39.700,3339.2000,22220,0,256612920.000,0,-,-,-,-,3339.2000,3339.0000,3338.6000,3338.2000,3338.0000,3340.8000,3341.8000,3342.0000,3344.6000,3345.8000,2,1,1,1,3,1,2,1,1,1
SF,IH2012,2020-09-02 09:31:40.200,3339.2000,22220,0,256612920.000,0,-,-,-,-,3339.2000,3339.0000,3338.6000,3338.2000,3338.0000,3340.4000,3340.8000,3341.8000,3342.0000,3344.6000,3,1,1,1,3,1,1,2,1,1
SF,IH2012,2020-09-02 09:31:40.700,3339.2000,22220,0,257614680.000,1,0,1,多换,S,3339.0000,3338.6000,3338.2000,3338.0000,3337.6000,3340.4000,3340.8000,3341.8000,3342.0000,3344.6000,1,1,1,3,8,1,1,2,1,1
SF,IH2012,2020-09-02 09:31:41.200,3339.0000,22219,-1,258616380.000,1,0,1,双平,S,3338.6000,3338.2000,3338.0000,3337.6000,3336.4000,3339.6000,3340.2000,3340.8000,3341.8000,3342.0000,1,1,3,8,7,1,4,1,2,1
SF,IH2012,2020-09-02 09:31:41.700,3339.0000,22219,0,258616380.000,0,-,-,-,-,3339.0000,3338.0000,3337.6000,3336.4000,3336.2000,3339.6000,3340.2000,3340.8000,3341.8000,3342.0000,1,3,8,7,2,1,3,1,2,1
SF,IH2012,2020-09-02 09:31:42.200,3339.0000,22218,-1,259618080.000,1,0,1,双平,S,3338.0000,3337.6000,3336.4000,3336.2000,3335.8000,3338.8000,3339.2000,3339.4000,3339.6000,3340.2000,3,8,7,2,1,2,1,3,1,1
SF,IH2012,2020-09-02 09:31:42.700,3338.0000,22216,-2,262622280.000,3,0,3,多平,S,3337.6000,3336.4000,3336.2000,3335.8000,3335.6000,3338.4000,3338.8000,3339.2000,3339.4000,3340.2000,8,7,2,1,1,1,2,1,2,1
SF,IH2012,2020-09-02 09:31:43.200,3337.6000,22211,-5,267628680.000,5,0,5,双平,S,3337.6000,3336.4000,3336.2000,3335.8000,3335.6000,3338.8000,3339.2000,3339.4000,3340.2000,3340.8000,4,7,2,1,1,2,1,2,1,1
SF,IH2012,2020-09-02 09:31:43.700,3337.6000,22210,-1,271633800.000,4,1,3,多平,S,3336.4000,3336.2000,3335.8000,3335.6000,3335.0000,3337.4000,3338.0000,3338.6000,3338.8000,3339.2000,7,2,1,1,1,2,1,2,3,1
SF,IH2012,2020-09-02 09:31:44.200,3337.4000,22209,-1,273636240.000,2,0,2,多平,S,3337.4000,3337.0000,3336.6000,3336.4000,3336.2000,3338.0000,3338.8000,3339.2000,3340.8000,3341.8000,1,1,3,7,2,1,2,1,1,2
SF,IH2012,2020-09-02 09:31:44.700,3338.0000,22208,-1,274637640.000,1,0,1,双平,S,3337.4000,3337.0000,3336.6000,3336.4000,3336.2000,3338.8000,3339.2000,3340.8000,3341.8000,3342.0000,1,1,2,7,3,2,1,1,2,1
SF,IH2012,2020-09-02 09:31:45.200,3338.0000,22208,0,274637640.000,0,-,-,-,-,3337.8000,3337.4000,3337.0000,3336.6000,3336.4000,3338.8000,3339.2000,3340.8000,3341.8000,3342.0000,1,1,1,2,7,2,1,1,2,1
SF,IH2012,2020-09-02 09:31:46.700,3338.0000,22208,0,274637640.000,0,-,-,-,-,3337.8000,3337.4000,3337.0000,3336.6000,3336.4000,3338.8000,3339.2000,3340.8000,3341.8000,3342.0000,1,1,1,2,7,2,1,1,2,1
SF,IH2012,2020-09-02 09:31:47.200,3338.0000,22208,0,274637640.000,0,-,-,-,-,3337.8000,3337.4000,3337.0000,3336.6000,3336.4000,3338.4000,3338.8000,3339.2000,3340.8000,3341.8000,1,1,1,2,7,1,2,1,1,1
SF,IH2012,2020-09-02 09:31:47.700,3338.0000,22208,0,274637640.000,0,-,-,-,-,3337.8000,3337.4000,3337.0000,3336.6000,3336.4000,3338.4000,3338.8000,3339.2000,3340.8000,3341.8000,1,1,1,2,7,2,2,1,1,1
SF,IH2012,2020-09-02 09:31:48.200,3337.8000,22208,0,275638980.000,1,0,1,多换,S,3337.4000,3337.0000,3336.6000,3336.4000,3336.2000,3338.4000,3338.8000,3339.2000,3340.8000,3341.8000,1,1,2,7,3,2,2,1,1,1
SF,IH2012,2020-09-02 09:31:49.200,3337.8000,22208,0,275638980.000,0,-,-,-,-,3337.4000,3337.0000,3336.6000,3336.4000,3336.2000,3338.4000,3338.8000,3340.8000,3341.8000,3342.0000,1,1,2,7,3,2,2,1,1,1
SF,IH2012,2020-09-02 09:31:49.700,3338.4000,22207,-1,277641720.000,2,0,2,多平,S,3337.0000,3336.6000,3336.4000,3336.2000,3335.8000,3338.4000,3338.8000,3340.8000,3341.8000,3342.0000,1,2,7,2,1,1,2,1,1,1
SF,IH2012,2020-09-02 09:31:50.200,3338.4000,22207,0,277641720.000,0,-,-,-,-,3337.6000,3337.2000,3337.0000,3336.6000,3336.4000,3338.4000,3338.8000,3340.8000,3341.8000,3342.0000,1,2,1,1,7,1,2,1,1,1
SF,IH2012,2020-09-02 09:31:50.700,3338.4000,22206,-1,278643240.000,1,0,1,双平,S,3337.8000,3337.6000,3337.2000,3337.0000,3336.6000,3338.8000,3340.8000,3341.8000,3342.0000,3344.6000,1,1,2,1,1,2,1,1,1,1
SF,IH2012,2020-09-02 09:31:51.200,3338.4000,22206,0,278643240.000,0,-,-,-,-,3338.0000,3337.6000,3337.0000,3336.6000,3336.4000,3338.8000,3340.8000,3341.8000,3342.0000,3344.6000,1,1,1,1,7,2,1,1,1,1
SF,IH2012,2020-09-02 09:31:52.200,3338.4000,22206,0,278643240.000,0,-,-,-,-,3338.0000,3337.6000,3337.0000,3336.6000,3336.4000,3338.8000,3340.8000,3341.8000,3342.0000,3344.6000,1,1,1,1,7,2,1,1,1,1
SF,IH2012,2020-09-02 09:31:52.700,3338.4000,22206,0,278643240.000,0,-,-,-,-,3338.0000,3337.6000,3337.0000,3336.6000,3336.4000,3338.8000,3340.8000,3341.8000,3342.0000,3344.6000,1,1,1,1,7,2,1,1,1,1
SF,IH2012,2020-09-02 09:31:53.700,3338.4000,22206,0,278643240.000,0,-,-,-,-,3338.0000,3337.6000,3337.0000,3336.6000,3336.4000,3338.8000,3340.8000,3341.8000,3342.0000,3344.6000,1,1,1,1,7,2,1,1,1,1
SF,IH2012,2020-09-02 09:31:54.200,3338.8000,22205,-1,279644880.000,1,0,1,双平,S,3338.6000,3338.0000,3337.6000,3337.0000,3336.6000,3338.8000,3340.8000,3341.8000,3342.0000,3344.6000,3,1,1,1,1,1,1,1,1,1
SF,IH2012,2020-09-02 09:31:54.700,3338.6000,22203,-2,282649680.000,3,0,3,多平,S,3338.6000,3338.0000,3337.6000,3337.0000,3336.6000,3340.8000,3341.8000,3342.0000,3344.6000,3345.8000,1,1,1,1,1,1,1,1,1,1
SF,IH2012,2020-09-02 09:31:55.200,3340.4000,22202,-1,283651800.000,1,0,1,双平,S,3337.6000,3337.0000,3336.6000,3336.4000,3336.2000,3338.6000,3340.6000,3340.8000,3341.8000,3342.0000,1,1,1,7,2,1,5,1,1,1
SF,IH2012,2020-09-02 09:31:55.700,3338.6000,22201,-1,284653380.000,1,0,1,双平,S,3337.8000,3337.6000,3337.0000,3336.6000,3336.4000,3340.6000,3340.8000,3341.8000,3342.0000,3344.6000,2,1,1,1,7,3,1,1,1,1
SF,IH2012,2020-09-02 09:31:56.200,3338.6000,22201,0,284653380.000,0,-,-,-,-,3338.0000,3337.8000,3337.6000,3337.0000,3336.6000,3340.6000,3340.8000,3341.8000,3342.0000,3344.6000,1,2,1,1,1,3,1,1,1,1
SF,IH2012,2020-09-02 09:31:56.700,3338.0000,22200,-1,285654780.000,1,0,1,双平,S,3338.2000,3337.8000,3337.6000,3337.0000,3336.6000,3340.4000,3340.6000,3340.8000,3341.8000,3342.0000,1,1,1,1,1,1,4,1,1,1
SF,IH2012,2020-09-02 09:31:57.200,3338.0000,22200,0,286656180.000,1,0,1,多换,S,3337.8000,3337.6000,3337.0000,3336.6000,3336.4000,3340.2000,3340.4000,3340.6000,3340.8000,3341.8000,1,1,1,1,7,1,1,3,1,1
SF,IH2012,2020-09-02 09:31:57.700,3338.0000,22200,0,286656180.000,0,-,-,-,-,3337.8000,3337.6000,3337.0000,3336.6000,3336.4000,3340.0000,3340.2000,3340.6000,3340.8000,3341.8000,1,1,1,1,7,1,1,2,1,1
SF,IH2012,2020-09-02 09:31:58.200,3338.0000,22200,0,286656180.000,0,-,-,-,-,3337.8000,3337.6000,3337.0000,3336.6000,3336.4000,3339.8000,3340.0000,3340.6000,3340.8000,3341.4000,1,1,1,1,7,1,1,2,1,1
SF,IH2012,2020-09-02 09:31:58.700,3338.0000,22200,0,286656180.000,0,-,-,-,-,3337.8000,3337.6000,3337.0000,3336.6000,3336.4000,3339.6000,3339.8000,3340.6000,3340.8000,3341.4000,1,1,1,1,7,2,1,1,1,1
SF,IH2012,2020-09-02 09:31:59.200,3338.0000,22200,0,286656180.000,0,-,-,-,-,3337.8000,3337.6000,3337.0000,3336.6000,3336.4000,3339.4000,3339.6000,3340.6000,3340.8000,3341.4000,1,1,1,1,7,1,2,1,1,1
SF,IH2012,2020-09-02 09:31:59.700,3338.0000,22200,0,286656180.000,0,-,-,-,-,3337.8000,3337.6000,3337.0000,3336.6000,3336.4000,3339.4000,3339.6000,3340.6000,3340.8000,3341.4000,1,1,1,1,7,1,1,1,1,1
SF,IH2012,2020-09-02 09:32:00.200,3338.0000,22200,0,286656180.000,0,-,-,-,-,3337.8000,3337.6000,3337.0000,3336.6000,3336.4000,3339.4000,3339.6000,3340.6000,3340.8000,3341.4000,1,1,1,1,7,1,1,1,1,1
SF,IH2012,2020-09-02 09:32:00.700,3338.0000,22200,0,286656180.000,0,-,-,-,-,3338.0000,3337.8000,3337.6000,3337.0000,3336.6000,3339.4000,3339.6000,3340.6000,3340.8000,3341.4000,1,1,1,1,1,1,1,1,1,1
SF,IH2012,2020-09-02 09:32:01.200,3338.0000,22200,0,286656180.000,0,-,-,-,-,3338.0000,3337.8000,3337.6000,3337.0000,3336.6000,3339.4000,3339.6000,3340.8000,3341.4000,3341.8000,1,1,1,1,1,1,1,1,1,1
SF,IH2012,2020-09-02 09:32:01.700,3339.4000,22200,0,287658000.000,1,0,1,多换,S,3338.0000,3337.8000,3337.6000,3337.0000,3336.6000,3339.4000,3339.6000,3340.8000,3341.4000,3341.8000,1,1,1,1,1,1,1,1,1,1
SF,IH2012,2020-09-02 09:32:02.200,3339.4000,22200,0,287658000.000,0,-,-,-,-,3338.0000,3337.8000,3337.6000,3337.0000,3336.6000,3339.2000,3339.4000,3339.6000,3340.8000,3341.4000,1,1,1,1,1,1,1,1,1,1
SF,IH2012,2020-09-02 09:32:02.700,3339.4000,22200,0,288659820.000,1,0,1,多换,S,3337.8000,3337.6000,3337.0000,3336.6000,3336.4000,3339.2000,3339.6000,3340.8000,3341.4000,3341.8000,1,1,1,1,7,2,1,1,1,1
SF,IH2012,2020-09-02 09:32:03.200,3337.8000,22200,0,289661160.000,1,0,1,多换,S,3337.6000,3337.0000,3336.6000,3336.4000,3336.2000,3338.8000,3339.2000,3339.6000,3340.8000,3341.4000,1,1,1,7,2,2,2,1,1,1
SF,IH2012,2020-09-02 09:32:03.700,3338.6000,22200,0,290662740.000,1,0,1,多换,S,3337.6000,3337.0000,3336.6000,3336.4000,3336.2000,3338.6000,3338.8000,3339.2000,3339.6000,3340.8000,1,1,1,7,2,1,3,1,1,1
SF,IH2012,2020-09-02 09:32:04.200,3337.6000,22200,0,291664020.000,1,0,1,多换,S,3337.0000,3336.6000,3336.4000,3336.2000,3335.8000,3337.6000,3338.6000,3338.8000,3339.2000,3339.6000,1,1,7,2,1,1,2,2,1,1
SF,IH2012,2020-09-02 09:32:04.700,3337.6000,22198,-2,293666580.000,2,0,2,双平,S,3336.6000,3336.4000,3336.2000,3335.8000,3335.6000,3338.6000,3338.8000,3339.0000,3339.2000,3339.6000,1,7,2,1,1,1,2,1,1,1
SF,IH2012,2020-09-02 09:32:05.200,3336.6000,22198,0,295668600.000,2,1,1,多换,S,3336.4000,3336.2000,3335.8000,3335.6000,3335.0000,3338.4000,3338.6000,3339.0000,3339.2000,3340.4000,7,2,1,1,1,2,1,1,1,1
SF,IH2012,2020-09-02 09:32:05.700,3336.6000,22198,0,295668600.000,0,-,-,-,-,3336.6000,3336.4000,3336.2000,3335.8000,3335.6000,3338.2000,3338.4000,3338.6000,3339.0000,3339.2000,1,7,2,1,1,1,2,1,1,1
SF,IH2012,2020-09-02 09:32:06.200,3337.0000,22198,0,296669700.000,1,0,1,多换,S,3336.8000,3336.4000,3336.2000,3335.8000,3335.6000,3338.2000,3338.4000,3338.6000,3339.0000,3340.4000,1,7,2,1,1,1,1,1,1,1
SF,IH2012,2020-09-02 09:32:06.700,3337.0000,22198,0,296669700.000,0,-,-,-,-,3337.0000,3336.4000,3336.2000,3335.8000,3335.6000,3338.2000,3338.4000,3339.0000,3340.4000,3341.4000,1,7,2,1,1,1,1,1,1,1
SF,IH2012,2020-09-02 09:32:07.200,3337.0000,22198,0,296669700.000,0,-,-,-,-,3336.4000,3336.2000,3335.8000,3335.6000,3335.0000,3338.2000,3338.4000,3339.0000,3340.4000,3341.4000,7,2,1,1,1,1,1,1,1,1
SF,IH2012,2020-09-02 09:32:07.700,3337.0000,22198,0,296669700.000,0,-,-,-,-,3337.0000,3336.6000,3336.4000,3336.2000,3335.8000,3338.0000,3338.2000,3339.0000,3340.4000,3341.4000,1,4,7,2,1,1,1,1,1,1
SF,IH2012,2020-09-02 09:32:08.200,3337.0000,22198,0,296669700.000,0,-,-,-,-,3336.6000,3336.4000,3336.2000,3335.8000,3335.6000,3338.2000,3339.0000,3341.4000,3341.8000,3342.0000,1,7,2,1,1,1,1,1,1,1
SF,IH2012,2020-09-02 09:32:08.700,3337.0000,22197,-1,297670800.000,1,0,1,双平,S,3336.4000,3336.2000,3335.8000,3335.6000,3335.0000,3336.6000,3338.0000,3338.2000,3339.0000,3340.2000,7,2,1,1,1,1,1,1,1,1
SF,IH2012,2020-09-02 09:32:09.200,3336.6000,22196,-1,298671780.000,1,0,1,双平,S,3336.8000,3336.4000,3336.2000,3335.8000,3335.6000,3338.0000,3338.2000,3341.4000,3341.8000,3342.0000,2,7,2,1,1,1,1,1,1,1
SF,IH2012,2020-09-02 09:32:09.700,3336.6000,22196,0,298671780.000,0,-,-,-,-,3336.8000,3336.4000,3336.2000,3335.8000,3335.6000,3337.8000,3338.0000,3341.4000,3341.8000,3342.0000,2,7,2,2,1,1,1,1,1,1
SF,IH2012,2020-09-02 09:32:10.200,3336.8000,22195,-1,299672820.000,1,0,1,双平,S,3336.8000,3336.4000,3336.2000,3335.8000,3335.6000,3337.0000,3337.8000,3338.0000,3341.4000,3341.8000,1,7,2,2,1,2,1,1,1,1
SF,IH2012,2020-09-02 09:32:10.700,3337.0000,22192,-3,302676120.000,3,0,3,双平,S,3336.6000,3336.4000,3336.2000,3335.8000,3335.6000,3337.8000,3341.4000,3341.8000,3342.0000,3344.6000,1,7,2,2,1,1,1,1,1,1
SF,IH2012,2020-09-02 09:32:11.200,3337.0000,22192,0,302676120.000,0,-,-,-,-,3336.6000,3336.4000,3336.2000,3335.8000,3335.6000,3341.4000,3341.8000,3342.0000,3344.6000,3345.8000,1,7,2,2,1,1,1,1,1,1
SF,IH2012,2020-09-02 09:32:11.700,3337.0000,22192,0,302676120.000,0,-,-,-,-,3336.6000,3336.4000,3336.2000,3335.8000,3335.6000,3339.0000,3339.4000,3340.8000,3341.0000,3341.2000,1,7,2,2,1,1,1,4,4,6
SF,IH2012,2020-09-02 09:32:12.200,3336.4000,22192,0,304678020.000,2,1,1,多换,S,3336.4000,3336.2000,3335.8000,3335.6000,3335.0000,3338.6000,3338.8000,3339.4000,3341.0000,3341.2000,6,2,2,1,1,1,5,1,2,3
SF,IH2012,2020-09-02 09:32:12.700,3336.4000,22191,-1,310683540.000,6,2,4,多平,S,3336.2000,3335.8000,3335.6000,3335.0000,3334.8000,3338.2000,3338.4000,3338.6000,3341.0000,3341.2000,2,2,1,1,1,3,4,1,2,3
SF,IH2012,2020-09-02 09:32:13.200,3336.2000,22191,0,312685260.000,2,1,1,多换,S,3335.8000,3335.6000,3335.0000,3334.8000,3330.0000,3336.2000,3337.0000,3337.8000,3338.0000,3338.2000,2,1,1,1,2,2,1,3,6,3
SF,IH2012,2020-09-02 09:32:13.700,3336.2000,22189,-2,317689560.000,5,1,4,多平,S,3335.8000,3335.6000,3334.8000,3330.0000,3328.6000,3337.8000,3338.0000,3338.2000,3338.6000,3341.2000,2,1,1,2,1,1,5,3,1,3
SF,IH2012,2020-09-02 09:32:14.200,3336.2000,22189,0,317689560.000,0,-,-,-,-,3335.8000,3335.6000,3334.8000,3330.0000,3328.6000,3336.6000,3337.2000,3337.6000,3337.8000,3338.6000,1,1,1,2,1,1,4,5,1,1
SF,IH2012,2020-09-02 09:32:14.700,3335.6000,22190,1,319690980.000,2,1,1,空开,S,3334.8000,3330.0000,3328.6000,3325.2000,3325.0000,3335.6000,3337.4000,3337.6000,3338.6000,3341.2000,1,2,1,1,5,1,1,4,1,3
SF,IH2012,2020-09-02 09:32:15.200,3335.0000,22189,-1,321692160.000,2,0,2,多平,S,3330.0000,3328.6000,3325.2000,3325.0000,3322.8000,3337.4000,3337.6000,3338.6000,3341.2000,3341.4000,2,1,1,5,1,1,4,1,2,1
SF,IH2012,2020-09-02 09:32:15.700,3335.0000,22189,0,321692160.000,0,-,-,-,-,3334.2000,3333.8000,3333.6000,3333.0000,3332.8000,3336.8000,3337.0000,3337.2000,3337.4000,3341.2000,1,2,1,2,2,3,2,6,3,1
SF,IH2012,2020-09-02 09:32:16.200,3336.6000,22189,0,322693140.000,1,0,1,多换,S,3333.6000,3333.0000,3332.8000,3332.0000,3331.8000,3336.6000,3336.8000,3337.0000,3341.2000,3341.4000,1,2,2,5,5,3,3,1,1,1
SF,IH2012,2020-09-02 09:32:16.700,3336.6000,22189,0,322693140.000,0,-,-,-,-,3335.4000,3334.2000,3334.0000,3333.8000,3333.6000,3336.4000,3336.6000,3338.0000,3341.2000,3341.4000,1,1,1,7,1,1,3,1,1,1
SF,IH2012,2020-09-02 09:32:17.200,3335.4000,22188,-1,323693760.000,1,0,1,双平,S,3334.2000,3333.8000,3333.0000,3332.8000,3332.0000,3336.2000,3338.0000,3341.2000,3341.4000,3341.8000,1,7,2,2,4,2,1,1,1,1
SF,IH2012,2020-09-02 09:32:17.700,3335.4000,22188,0,323693760.000,0,-,-,-,-,3334.4000,3334.2000,3333.8000,3333.0000,3332.8000,3336.0000,3336.2000,3338.0000,3341.2000,3341.4000,5,1,6,2,2,1,2,1,1,1
SF,IH2012,2020-09-02 09:32:18.200,3336.0000,22190,2,328697100.000,5,3,2,空开,S,3336.6000,3334.4000,3334.2000,3333.0000,3332.8000,3338.0000,3341.2000,3341.4000,3341.8000,3342.0000,1,1,1,2,2,1,1,1,1,1
SF,IH2012,2020-09-02 09:32:18.700,3336.6000,22190,0,329698080.000,1,0,1,多换,S,3334.2000,3333.0000,3332.8000,3332.0000,3331.8000,3336.4000,3336.6000,3336.8000,3337.2000,3337.4000,1,2,2,4,5,3,3,1,1,4
SF,IH2012,2020-09-02 09:32:19.200,3336.6000,22190,0,329698080.000,0,-,-,-,-,3334.6000,3334.4000,3334.2000,3333.0000,3332.8000,3336.2000,3336.4000,3336.6000,3337.4000,3337.6000,1,1,1,2,2,1,3,1,3,1
SF,IH2012,2020-09-02 09:32:19.700,3336.6000,22190,0,329698080.000,0,-,-,-,-,3334.4000,3333.0000,3332.8000,3332.0000,3331.8000,3336.2000,3336.4000,3336.6000,3337.4000,3337.6000,1,2,2,3,1,1,2,1,3,1
SF,IH2012,2020-09-02 09:32:20.200,3334.6000,22190,0,330698460.000,1,0,1,多换,S,3334.4000,3333.0000,3332.8000,3332.0000,3331.8000,3336.0000,3336.2000,3336.4000,3336.6000,3337.6000,1,2,2,3,1,5,1,2,1,1
SF,IH2012,2020-09-02 09:32:20.700,3334.6000,22190,0,330698460.000,0,-,-,-,-,3334.4000,3333.0000,3332.8000,3332.0000,3331.8000,3335.8000,3336.0000,3336.4000,3336.6000,3337.6000,1,2,2,3,1,2,3,2,1,1
SF,IH2012,2020-09-02 09:32:21.200,3334.6000,22190,0,330698460.000,0,-,-,-,-,3334.4000,3334.2000,3333.0000,3332.8000,3332.0000,3335.8000,3336.0000,3336.4000,3336.6000,3336.8000,1,1,2,2,3,2,3,2,1,1
SF,IH2012,2020-09-02 09:32:21.700,3334.6000,22190,0,330698460.000,0,-,-,-,-,3334.4000,3334.2000,3333.0000,3332.8000,3332.0000,3335.6000,3335.8000,3336.0000,3336.4000,3336.6000,1,1,2,2,3,1,2,2,2,1
SF,IH2012,2020-09-02 09:32:22.200,3334.6000,22190,0,330698460.000,0,-,-,-,-,3334.2000,3333.0000,3332.8000,3332.0000,3331.8000,3334.4000,3335.4000,3335.6000,3336.0000,3336.4000,1,2,2,3,1,1,1,1,2,2
SF,IH2012,2020-09-02 09:32:22.700,3334.4000,22189,-1,331698780.000,1,0,1,双平,S,3334.4000,3334.2000,3333.0000,3332.8000,3332.0000,3335.4000,3336.0000,3336.4000,3336.6000,3336.8000,4,1,2,2,3,1,2,2,1,1
SF,IH2012,2020-09-02 09:32:23.200,3335.4000,22188,-1,332699400.000,1,0,1,双平,S,3334.6000,3334.4000,3334.2000,3333.0000,3332.8000,3336.0000,3336.4000,3336.6000,3336.8000,3337.6000,1,4,1,2,2,2,2,1,1,1
SF,IH2012,2020-09-02 09:32:23.700,3334.8000,22187,-1,336702180.000,4,1,3,多平,S,3334.4000,3334.2000,3333.0000,3332.8000,3332.0000,3336.4000,3336.6000,3336.8000,3337.6000,3337.8000,4,1,2,2,3,2,1,1,1,3
SF,IH2012,2020-09-02 09:32:24.200,3334.8000,22187,0,336702180.000,0,-,-,-,-,3334.6000,3334.4000,3334.2000,3333.0000,3332.8000,3336.4000,3336.6000,3336.8000,3337.8000,3341.8000,6,4,1,2,2,2,1,1,2,1
SF,IH2012,2020-09-02 09:32:24.700,3334.8000,22187,0,336702180.000,0,-,-,-,-,3334.8000,3334.6000,3334.4000,3334.2000,3333.0000,3336.4000,3336.6000,3337.8000,3341.8000,3344.0000,2,4,4,1,2,2,1,2,1,5
SF,IH2012,2020-09-02 09:32:25.200,3334.8000,22187,0,336702180.000,0,-,-,-,-,3335.0000,3334.6000,3334.4000,3334.2000,3333.0000,3336.4000,3336.6000,3337.8000,3341.8000,3344.0000,2,3,5,1,2,2,1,2,1,5
SF,IH2012,2020-09-02 09:32:25.700,3334.8000,22187,0,336702180.000,0,-,-,-,-,3335.4000,3335.2000,3334.6000,3334.4000,3334.2000,3336.4000,3336.6000,3337.8000,3341.8000,3344.0000,1,2,3,5,1,2,1,2,1,5
SF,IH2012,2020-09-02 09:32:26.200,3334.8000,22187,0,336702180.000,0,-,-,-,-,3335.6000,3335.4000,3334.6000,3334.4000,3334.2000,3336.4000,3336.6000,3337.8000,3341.8000,3344.0000,2,1,3,5,1,2,1,2,1,5
SF,IH2012,2020-09-02 09:32:26.700,3336.6000,22186,-1,339705000.000,3,1,2,多平,S,3336.4000,3335.6000,3334.6000,3334.4000,3334.2000,3337.8000,3339.0000,3341.8000,3344.0000,3344.6000,1,2,3,5,1,1,1,1,5,1
SF,IH2012,2020-09-02 09:32:27.200,3336.4000,22185,-1,340705920.000,1,0,1,双平,S,3334.6000,3334.4000,3334.2000,3333.0000,3332.8000,3335.8000,3337.6000,3337.8000,3339.0000,3341.8000,3,5,1,1,2,1,2,1,1,1
SF,IH2012,2020-09-02 09:32:27.700,3335.8000,22184,-1,341706660.000,1,0,1,双平,S,3336.0000,3335.8000,3335.4000,3335.2000,3335.0000,3337.8000,3339.0000,3341.8000,3344.0000,3344.6000,1,8,3,1,1,1,1,1,5,1
SF,IH2012,2020-09-02 09:32:28.200,3335.8000,22184,0,341706660.000,0,-,-,-,-,3336.2000,3336.0000,3335.8000,3335.4000,3335.2000,3339.0000,3341.8000,3344.0000,3344.6000,3345.8000,4,1,4,3,1,1,1,5,1,1
SF,IH2012,2020-09-02 09:32:28.700,3335.8000,22184,0,341706660.000,0,-,-,-,-,3337.2000,3336.4000,3336.2000,3335.8000,3335.4000,3338.8000,3339.0000,3341.8000,3344.0000,3344.6000,1,2,3,4,2,2,1,1,5,1
SF,IH2012,2020-09-02 09:32:29.200,3337.2000,22184,0,342707820.000,1,0,1,多换,S,3336.2000,3335.8000,3335.4000,3335.2000,3335.0000,3338.6000,3338.8000,3339.0000,3341.8000,3344.0000,3,3,2,1,1,1,2,1,1,5
SF,IH2012,2020-09-02 09:32:29.700,3337.2000,22184,0,342707820.000,0,-,-,-,-,3336.4000,3336.2000,3335.8000,3335.4000,3335.2000,3338.4000,3338.8000,3339.0000,3341.8000,3344.0000,2,2,3,2,1,2,1,1,1,5
SF,IH2012,2020-09-02 09:32:30.200,3337.2000,22184,0,342707820.000,0,-,-,-,-,3336.6000,3336.2000,3335.8000,3335.4000,3335.2000,3338.2000,3338.4000,3338.8000,3339.0000,3341.8000,3,1,3,2,1,1,2,1,1,1
SF,IH2012,2020-09-02 09:32:30.700,3337.2000,22184,0,342707820.000,0,-,-,-,-,3336.6000,3335.8000,3335.0000,3334.4000,3334.2000,3338.0000,3338.4000,3338.8000,3339.0000,3341.8000,1,3,1,1,1,4,1,1,1,1
SF,IH2012,2020-09-02 09:32:31.200,3338.0000,22183,-1,343709220.000,1,0,1,双平,S,3336.6000,3335.8000,3335.0000,3334.4000,3334.2000,3338.0000,3338.4000,3338.8000,3339.0000,3341.8000,1,3,1,1,1,2,1,1,1,1
SF,IH2012,2020-09-02 09:32:31.700,3338.0000,22183,0,344710620.000,1,0,1,多换,S,3336.8000,3336.6000,3335.8000,3335.0000,3334.4000,3338.0000,3339.0000,3341.8000,3344.0000,3344.6000,2,1,3,1,1,1,1,1,5,1
SF,IH2012,2020-09-02 09:32:32.200,3338.0000,22183,0,345712020.000,1,0,1,多换,S,3338.0000,3337.0000,3336.8000,3336.6000,3335.8000,3339.0000,3341.8000,3344.0000,3344.6000,3345.8000,1,2,1,1,2,1,1,5,1,1
SF,IH2012,2020-09-02 09:32:32.700,3338.0000,22183,0,345712020.000,0,-,-,-,-,3338.0000,3337.0000,3336.6000,3335.0000,3334.4000,3339.0000,3341.8000,3344.0000,3344.6000,3345.8000,1,2,1,1,1,1,1,5,1,1
SF,IH2012,2020-09-02 09:32:33.200,3338.0000,22183,0,345712020.000,0,-,-,-,-,3337.0000,3336.6000,3335.0000,3334.4000,3334.2000,3337.8000,3338.8000,3339.0000,3341.8000,3344.0000,1,1,1,1,1,2,1,1,1,5
SF,IH2012,2020-09-02 09:32:33.700,3337.8000,22183,0,347714700.000,2,1,1,多换,S,3337.0000,3335.0000,3334.4000,3334.2000,3333.0000,3338.8000,3339.0000,3341.8000,3344.0000,3344.6000,1,1,1,1,1,1,1,1,5,1
SF,IH2012,2020-09-02 09:32:34.200,3337.8000,22183,0,347714700.000,0,-,-,-,-,3337.2000,3337.0000,3335.0000,3334.4000,3334.2000,3338.6000,3338.8000,3339.0000,3341.8000,3344.0000,2,1,1,1,1,1,1,1,1,5
SF,IH2012,2020-09-02 09:32:34.700,3337.8000,22183,0,347714700.000,0,-,-,-,-,3337.4000,3337.2000,3335.0000,3334.4000,3334.2000,3338.8000,3339.0000,3341.8000,3344.0000,3344.6000,3,2,1,1,1,1,1,1,5,1
SF,IH2012,2020-09-02 09:32:35.200,3337.8000,22183,0,347714700.000,0,-,-,-,-,3337.6000,3337.4000,3337.2000,3335.0000,3334.4000,3339.0000,3341.8000,3344.0000,3344.6000,3345.8000,1,3,1,1,1,1,1,5,1,1
SF,IH2012,2020-09-02 09:32:35.700,3337.8000,22183,0,347714700.000,0,-,-,-,-,3337.8000,3337.2000,3335.0000,3334.4000,3334.2000,3339.0000,3341.8000,3344.0000,3344.6000,3345.8000,2,1,1,1,1,1,1,5,1,1
SF,IH2012,2020-09-02 09:32:36.200,3337.8000,22183,0,348716040.000,1,0,1,多换,S,3337.2000,3335.0000,3334.4000,3334.2000,3333.0000,3338.8000,3339.0000,3341.8000,3344.0000,3344.6000,1,1,1,1,1,2,1,1,5,1
SF,IH2012,2020-09-02 09:32:36.700,3337.8000,22183,0,348716040.000,0,-,-,-,-,3337.2000,3335.0000,3334.4000,3334.2000,3333.0000,3338.6000,3338.8000,3339.0000,3341.8000,3344.0000,1,1,1,1,1,1,2,1,1,5
SF,IH2012,2020-09-02 09:32:37.200,3337.8000,22183,0,348716040.000,0,-,-,-,-,3337.2000,3335.0000,3334.4000,3334.2000,3333.0000,3338.4000,3338.6000,3338.8000,3339.0000,3341.8000,1,1,1,1,1,1,1,1,1,1
SF,IH2012,2020-09-02 09:32:37.700,3337.8000,22183,0,348716040.000,0,-,-,-,-,3335.0000,3334.4000,3334.2000,3333.0000,3332.8000,3338.6000,3338.8000,3339.0000,3341.8000,3344.0000,1,1,1,1,2,1,1,2,1,5
SF,IH2012,2020-09-02 09:32:38.200,3337.8000,22183,0,348716040.000,0,-,-,-,-,3335.4000,3335.2000,3335.0000,3334.4000,3334.2000,3338.4000,3338.6000,3338.8000,3339.0000,3341.8000,4,3,1,1,1,1,1,1,2,1
SF,IH2012,2020-09-02 09:32:38.700,3337.8000,22183,0,348716040.000,0,-,-,-,-,3335.8000,3335.6000,3335.4000,3335.2000,3335.0000,3338.2000,3338.4000,3339.0000,3341.8000,3344.0000,2,4,1,1,1,1,1,2,1,5
SF,IH2012,2020-09-02 09:32:39.200,3337.8000,22183,0,348716040.000,0,-,-,-,-,3336.2000,3336.0000,3335.8000,3335.6000,3335.4000,3339.0000,3341.8000,3344.0000,3344.6000,3345.8000,1,2,1,2,1,1,1,5,1,1
SF,IH2012,2020-09-02 09:32:39.700,3337.8000,22183,0,348716040.000,0,-,-,-,-,3337.8000,3336.4000,3336.2000,3335.8000,3335.4000,3338.8000,3339.0000,3340.4000,3341.8000,3344.0000,5,2,1,1,1,1,1,1,1,5
SF,IH2012,2020-09-02 09:32:40.200,3337.8000,22183,0,351720060.000,3,1,2,多换,S,3337.8000,3336.4000,3336.2000,3335.8000,3335.4000,3338.2000,3338.6000,3338.8000,3339.0000,3340.4000,3,2,1,1,1,1,5,2,1,1
SF,IH2012,2020-09-02 09:32:40.700,3337.8000,22183,0,354724080.000,3,1,2,多换,S,3336.4000,3336.2000,3335.8000,3335.4000,3335.2000,3337.6000,3337.8000,3338.6000,3338.8000,3339.0000,2,1,1,1,1,2,1,3,2,1
SF,IH2012,2020-09-02 09:32:41.200,3337.8000,22183,0,354724080.000,0,-,-,-,-,3336.6000,3336.4000,3336.2000,3335.8000,3335.4000,3337.6000,3337.8000,3338.8000,3339.0000,3340.4000,2,1,1,1,1,2,1,2,1,1
SF,IH2012,2020-09-02 09:32:41.700,3337.8000,22183,0,354724080.000,0,-,-,-,-,3336.2000,3335.8000,3335.4000,3335.2000,3335.0000,3337.6000,3337.8000,3338.8000,3339.0000,3340.4000,1,1,1,1,1,2,1,2,1,1
SF,IH2012,2020-09-02 09:32:42.200,3337.8000,22183,0,354724080.000,0,-,-,-,-,3336.2000,3335.8000,3335.4000,3335.0000,3334.4000,3337.4000,3337.6000,3337.8000,3338.8000,3339.0000,1,1,1,1,1,1,2,1,1,1
SF,IH2012,2020-09-02 09:32:42.700,3337.8000,22183,0,354724080.000,0,-,-,-,-,3335.4000,3335.0000,3334.4000,3334.2000,3333.0000,3337.4000,3337.6000,3337.8000,3338.8000,3339.0000,1,1,1,1,1,1,2,1,1,1
SF,IH2012,2020-09-02 09:32:43.200,3337.8000,22183,0,354724080.000,0,-,-,-,-,3335.6000,3335.4000,3335.0000,3334.4000,3334.2000,3337.4000,3337.6000,3337.8000,3339.0000,3340.4000,3,1,1,1,1,1,2,1,1,1
SF,IH2012,2020-09-02 09:32:43.700,3337.8000,22183,0,354724080.000,0,-,-,-,-,3335.6000,3335.4000,3335.0000,3334.4000,3334.2000,3337.4000,3337.6000,3337.8000,3339.0000,3340.4000,3,1,1,1,1,1,2,2,1,1
SF,IH2012,2020-09-02 09:32:45.200,3337.8000,22183,0,354724080.000,0,-,-,-,-,3335.6000,3335.4000,3335.0000,3334.4000,3334.2000,3337.4000,3337.6000,3337.8000,3339.0000,3340.4000,3,1,1,1,1,1,2,2,1,1
SF,IH2012,2020-09-02 09:32:46.200,3337.8000,22183,0,354724080.000,0,-,-,-,-,3335.6000,3335.4000,3335.0000,3334.4000,3334.2000,3337.4000,3337.6000,3337.8000,3339.0000,3340.4000,3,1,1,1,1,1,2,2,2,1
SF,IH2012,2020-09-02 09:32:46.700,3337.8000,22183,0,354724080.000,0,-,-,-,-,3335.6000,3335.4000,3335.0000,3334.4000,3334.2000,3336.8000,3337.4000,3337.6000,3337.8000,3339.0000,3,1,1,1,1,1,1,2,2,2
SF,IH2012,2020-09-02 09:32:47.200,3337.8000,22183,0,354724080.000,0,-,-,-,-,3335.8000,3335.6000,3335.4000,3335.0000,3334.4000,3336.8000,3337.4000,3337.6000,3337.8000,3339.0000,2,1,1,2,1,1,1,2,2,2
SF,IH2012,2020-09-02 09:32:47.700,3337.4000,22181,-2,356726520.000,2,0,2,双平,S,3337.4000,3335.6000,3335.4000,3335.0000,3334.4000,3337.6000,3337.8000,3339.0000,3340.4000,3341.8000,18,1,1,2,1,2,2,2,1,1
SF,IH2012,2020-09-02 09:32:48.200,3337.4000,22163,-18,374748480.000,18,0,18,双平,S,3335.6000,3335.0000,3334.4000,3334.2000,3333.0000,3337.2000,3337.4000,3337.6000,3337.8000,3339.0000,1,1,1,1,1,3,1,3,2,2
SF,IH2012,2020-09-02 09:32:48.700,3337.4000,22163,0,374748480.000,0,-,-,-,-,3335.8000,3335.6000,3335.0000,3334.4000,3334.2000,3337.2000,3337.4000,3337.6000,3337.8000,3339.0000,1,1,1,1,1,2,1,2,2,3
SF,IH2012,2020-09-02 09:32:49.200,3335.6000,22162,-1,375749160.000,1,0,1,双平,S,3335.0000,3334.4000,3334.2000,3333.0000,3332.8000,3337.2000,3337.4000,3337.6000,3337.8000,3339.0000,1,1,1,1,2,2,1,2,2,3
SF,IH2012,2020-09-02 09:32:49.700,3335.6000,22162,0,375749160.000,0,-,-,-,-,3335.4000,3335.2000,3335.0000,3334.4000,3334.2000,3337.2000,3337.4000,3337.6000,3337.8000,3339.0000,3,5,1,1,1,2,1,2,2,3
SF,IH2012,2020-09-02 09:32:50.200,3335.6000,22162,0,375749160.000,0,-,-,-,-,3335.6000,3335.4000,3335.2000,3335.0000,3334.4000,3337.2000,3337.4000,3337.6000,3337.8000,3339.0000,4,3,1,1,1,2,1,2,2,3
SF,IH2012,2020-09-02 09:32:50.700,3337.2000,22161,-1,377751480.000,2,0,2,多平,S,3335.8000,3335.6000,3335.4000,3335.2000,3335.0000,3337.6000,3339.0000,3340.4000,3341.8000,3344.0000,3,4,3,1,1,2,3,1,1,5
SF,IH2012,2020-09-02 09:32:51.200,3337.6000,22161,0,379754040.000,2,1,1,多换,S,3337.6000,3336.2000,3336.0000,3335.8000,3335.4000,3339.0000,3340.4000,3341.8000,3344.0000,3344.6000,1,1,5,3,3,3,1,1,5,1
SF,IH2012,2020-09-02 09:32:51.700,3337.6000,22161,0,379754040.000,0,-,-,-,-,3336.2000,3336.0000,3335.8000,3335.4000,3335.2000,3337.4000,3338.4000,3338.8000,3339.0000,3340.4000,1,4,3,1,1,3,1,3,3,1
SF,IH2012,2020-09-02 09:32:52.200,3337.4000,22159,-2,382757700.000,3,0,3,多平,S,3336.6000,3336.4000,3336.2000,3336.0000,3335.8000,3337.4000,3338.8000,3339.0000,3340.4000,3341.8000,1,8,1,1,3,1,1,3,1,1
SF,IH2012,2020-09-02 09:32:52.700,3337.4000,22159,0,383758920.000,1,0,1,多换,S,3337.6000,3337.4000,3337.0000,3336.8000,3336.6000,3338.8000,3339.0000,3340.4000,3340.8000,3341.8000,1,1,1,1,1,1,3,1,1,1
SF,IH2012,2020-09-02 09:32:53.700,3337.4000,22157,-2,385761360.000,2,0,2,双平,S,3336.8000,3336.4000,3336.2000,3336.0000,3335.8000,3337.6000,3338.6000,3338.8000,3339.0000,3340.4000,1,4,1,1,3,1,1,1,3,1
SF,IH2012,2020-09-02 09:32:54.200,3337.4000,22157,0,385761360.000,0,-,-,-,-,3336.4000,3336.2000,3336.0000,3335.0000,3334.4000,3336.6000,3336.8000,3337.6000,3338.6000,3338.8000,2,1,1,1,1,1,1,1,1,1
SF,IH2012,2020-09-02 09:32:54.700,3336.6000,22157,0,387763320.000,2,1,1,多换,S,3336.6000,3336.4000,3335.0000,3334.4000,3334.2000,3336.8000,3337.6000,3338.8000,3339.0000,3340.4000,1,2,1,1,1,1,1,1,2,1
SF,IH2012,2020-09-02 09:32:55.200,3336.8000,22156,-1,388764360.000,1,0,1,双平,S,3335.0000,3334.4000,3334.2000,3333.0000,3332.8000,3336.4000,3336.6000,3337.6000,3338.4000,3338.8000,1,1,1,1,2,2,1,1,1,1
SF,IH2012,2020-09-02 09:32:55.700,3336.4000,22156,0,390766260.000,2,1,1,多换,S,3335.4000,3335.2000,3335.0000,3334.4000,3334.2000,3337.6000,3338.4000,3338.8000,3339.0000,3340.4000,1,6,1,1,1,1,1,1,2,1
SF,IH2012,2020-09-02 09:32:56.200,3336.4000,22156,0,390766260.000,0,-,-,-,-,3335.6000,3335.4000,3335.2000,3335.0000,3334.4000,3337.6000,3338.4000,3338.8000,3339.0000,3339.4000,2,2,3,1,1,1,1,1,2,1
SF,IH2012,2020-09-02 09:32:56.700,3336.4000,22156,0,390766260.000,0,-,-,-,-,3335.8000,3335.6000,3335.4000,3335.2000,3335.0000,3337.6000,3338.4000,3338.8000,3339.0000,3339.4000,5,2,2,2,1,1,1,1,2,1
SF,IH2012,2020-09-02 09:32:57.200,3336.4000,22156,0,390766260.000,0,-,-,-,-,3336.2000,3336.0000,3335.8000,3335.4000,3335.2000,3338.4000,3338.8000,3339.0000,3339.4000,3340.4000,1,5,5,2,2,1,1,2,1,1
SF,IH2012,2020-09-02 09:32:57.700,3336.4000,22156,0,391767180.000,1,0,1,多换,S,3336.4000,3336.2000,3336.0000,3335.8000,3335.4000,3338.4000,3338.8000,3339.0000,3339.4000,3340.4000,2,1,3,3,2,1,1,2,1,1
SF,IH2012,2020-09-02 09:32:58.200,3336.4000,22156,0,391767180.000,0,-,-,-,-,3336.4000,3336.2000,3336.0000,3335.8000,3335.4000,3338.2000,3338.4000,3338.8000,3339.0000,3339.4000,2,1,3,1,2,3,1,1,2,1
SF,IH2012,2020-09-02 09:32:58.700,3336.4000,22156,0,391767180.000,0,-,-,-,-,3336.4000,3336.2000,3336.0000,3335.8000,3335.4000,3338.2000,3338.4000,3338.8000,3339.0000,3339.4000,1,1,3,1,2,3,1,1,2,1
SF,IH2012,2020-09-02 09:32:59.200,3336.4000,22156,0,391767180.000,0,-,-,-,-,3336.4000,3336.2000,3335.8000,3335.4000,3335.2000,3338.0000,3338.2000,3338.4000,3338.8000,3339.0000,1,1,1,1,1,2,3,1,1,2
SF,IH2012,2020-09-02 09:32:59.700,3336.4000,22156,0,391767180.000,0,-,-,-,-,3336.4000,3335.4000,3335.2000,3335.0000,3334.4000,3337.8000,3338.0000,3338.2000,3338.4000,3338.8000,1,1,1,2,1,1,2,2,1,1
SF,IH2012,2020-09-02 09:33:00.200,3336.4000,22156,0,391767180.000,0,-,-,-,-,3336.4000,3335.4000,3335.2000,3335.0000,3334.4000,3337.8000,3338.0000,3338.2000,3338.4000,3339.0000,1,1,1,2,1,1,2,2,1,2
SF,IH2012,2020-09-02 09:33:01.700,3336.4000,22156,0,391767180.000,0,-,-,-,-,3336.4000,3335.4000,3335.2000,3335.0000,3334.4000,3337.8000,3338.2000,3338.4000,3339.0000,3339.4000,1,1,1,2,1,1,2,1,2,1
SF,IH2012,2020-09-02 09:33:02.700,3336.4000,22156,0,392768100.000,1,0,1,多换,S,3335.4000,3335.0000,3334.4000,3334.2000,3333.0000,3336.2000,3337.4000,3337.6000,3337.8000,3338.2000,1,2,1,1,1,1,3,1,2,2
SF,IH2012,2020-09-02 09:33:03.200,3336.2000,22156,0,393768960.000,1,0,1,多换,S,3336.2000,3335.6000,3335.4000,3335.0000,3334.4000,3337.4000,3337.6000,3337.8000,3338.2000,3338.4000,1,1,1,2,1,3,1,1,2,1
SF,IH2012,2020-09-02 09:33:03.700,3336.2000,22156,0,393768960.000,0,-,-,-,-,3335.6000,3335.4000,3335.0000,3334.4000,3334.2000,3337.4000,3337.8000,3338.2000,3338.4000,3339.0000,1,1,2,1,1,3,1,2,1,2
SF,IH2012,2020-09-02 09:33:04.200,3336.2000,22156,0,393768960.000,0,-,-,-,-,3335.8000,3335.4000,3335.0000,3334.4000,3334.2000,3337.4000,3337.8000,3338.2000,3338.4000,3339.0000,1,1,2,1,1,3,1,2,1,2
SF,IH2012,2020-09-02 09:33:04.700,3336.2000,22156,0,393768960.000,0,-,-,-,-,3336.0000,3335.8000,3335.4000,3335.0000,3334.4000,3337.2000,3337.4000,3337.6000,3338.2000,3338.4000,2,1,1,2,1,3,1,1,2,1
SF,IH2012,2020-09-02 09:33:05.200,3335.8000,22156,0,394769700.000,1,0,1,多换,S,3335.0000,3334.4000,3334.2000,3333.0000,3332.8000,3335.8000,3337.2000,3337.6000,3338.2000,3338.4000,2,1,1,1,2,1,3,1,2,1
SF,IH2012,2020-09-02 09:33:05.700,3335.8000,22156,0,395770440.000,1,0,1,多换,S,3335.0000,3334.4000,3334.2000,3333.0000,3332.8000,3336.4000,3337.2000,3337.6000,3338.2000,3339.0000,2,1,1,1,2,5,1,1,2,2
SF,IH2012,2020-09-02 09:33:06.700,3335.8000,22156,0,395770440.000,0,-,-,-,-,3335.2000,3335.0000,3334.4000,3334.2000,3333.0000,3336.4000,3337.2000,3337.6000,3338.2000,3339.0000,1,2,1,1,1,5,1,1,2,2
SF,IH2012,2020-09-02 09:33:07.200,3335.8000,22156,0,395770440.000,0,-,-,-,-,3335.4000,3335.0000,3334.4000,3334.2000,3333.0000,3336.4000,3337.2000,3337.6000,3338.2000,3339.0000,2,2,1,1,1,5,1,1,2,2
SF,IH2012,2020-09-02 09:33:07.700,3335.8000,22156,0,395770440.000,0,-,-,-,-,3335.4000,3335.0000,3334.4000,3334.2000,3333.0000,3336.4000,3337.2000,3337.6000,3338.2000,3339.0000,2,2,1,1,1,5,1,1,2,2
SF,IH2012,2020-09-02 09:33:08.200,3335.8000,22156,0,395770440.000,0,-,-,-,-,3335.4000,3335.0000,3334.4000,3334.2000,3333.0000,3335.8000,3336.4000,3337.2000,3337.6000,3338.2000,2,2,1,1,1,5,5,1,1,2
SF,IH2012,2020-09-02 09:33:08.700,3335.8000,22156,0,395770440.000,0,-,-,-,-,3335.4000,3335.0000,3334.4000,3334.2000,3333.0000,3335.8000,3336.4000,3337.2000,3337.6000,3338.2000,2,2,1,1,1,5,5,1,1,2
SF,IH2012,2020-09-02 09:33:09.200,3335.4000,22153,-3,398772300.000,3,0,3,双平,S,3335.0000,3334.4000,3334.2000,3333.0000,3332.8000,3335.8000,3336.4000,3337.2000,3337.6000,3338.2000,2,1,1,1,2,5,5,1,1,2
SF,IH2012,2020-09-02 09:33:09.700,3335.4000,22153,0,398772300.000,0,-,-,-,-,3335.0000,3334.4000,3334.2000,3333.0000,3332.8000,3335.8000,3336.4000,3337.2000,3337.6000,3338.2000,2,1,1,1,2,5,5,1,1,2
SF,IH2012,2020-09-02 09:33:10.200,3335.4000,22153,0,398772300.000,0,-,-,-,-,3335.2000,3335.0000,3334.4000,3334.2000,3333.0000,3335.8000,3336.4000,3337.2000,3337.6000,3338.2000,1,2,1,1,1,5,5,1,1,2
SF,IH2012,2020-09-02 09:33:10.700,3335.4000,22153,0,398772300.000,0,-,-,-,-,3335.4000,3335.0000,3334.4000,3334.2000,3333.0000,3335.8000,3336.4000,3337.2000,3337.6000,3338.2000,1,2,1,1,1,5,5,1,1,2
SF,IH2012,2020-09-02 09:33:11.700,3335.8000,22148,-5,403776000.000,5,0,5,双平,S,3335.8000,3335.4000,3335.0000,3334.4000,3334.2000,3336.4000,3337.2000,3337.6000,3338.2000,3339.0000,1,1,2,1,1,5,1,1,2,1
SF,IH2012,2020-09-02 09:33:12.200,3335.8000,22148,0,403776000.000,0,-,-,-,-,3335.4000,3335.0000,3334.4000,3334.2000,3333.0000,3336.4000,3337.6000,3338.2000,3339.0000,3340.4000,1,3,1,1,1,5,1,2,1,1
SF,IH2012,2020-09-02 09:33:12.700,3336.4000,22143,-5,408780600.000,5,0,5,双平,S,3336.4000,3335.4000,3335.0000,3334.4000,3334.2000,3336.6000,3337.6000,3338.2000,3339.0000,3340.4000,1,1,3,2,1,1,1,2,1,1
SF,IH2012,2020-09-02 09:33:13.200,3336.4000,22142,-1,410782500.000,2,0,2,多平,S,3335.4000,3335.0000,3334.4000,3334.2000,3333.0000,3335.8000,3336.4000,3337.6000,3338.2000,3339.0000,1,3,2,1,1,1,1,1,2,1
SF,IH2012,2020-09-02 09:33:13.700,3336.4000,22141,-1,412784160.000,2,0,2,多平,S,3336.0000,3335.8000,3335.4000,3335.0000,3334.4000,3337.6000,3338.2000,3339.0000,3340.4000,3341.8000,1,3,1,3,2,1,2,1,1,1
SF,IH2012,2020-09-02 09:33:14.200,3336.4000,22141,0,412784160.000,0,-,-,-,-,3336.0000,3335.8000,3335.4000,3335.0000,3334.4000,3337.4000,3337.6000,3338.2000,3339.0000,3340.4000,1,2,1,3,2,3,1,2,1,1
SF,IH2012,2020-09-02 09:33:14.700,3336.0000,22141,0,413784960.000,1,0,1,多换,S,3335.8000,3335.4000,3335.0000,3334.4000,3334.2000,3336.0000,3337.4000,3337.6000,3338.2000,3339.0000,2,1,3,2,1,5,1,1,2,1
SF,IH2012,2020-09-02 09:33:15.200,3336.0000,22137,-4,421791360.000,8,2,6,多平,S,3335.8000,3335.4000,3335.0000,3334.4000,3334.2000,3337.6000,3338.2000,3339.0000,3340.4000,3341.8000,2,1,3,2,1,1,2,1,1,1
SF,IH2012,2020-09-02 09:33:15.700,3335.8000,22134,-3,424793640.000,3,0,3,双平,S,3335.4000,3335.0000,3334.4000,3334.2000,3333.0000,3337.4000,3337.6000,3338.2000,3339.0000,3340.4000,1,3,2,1,1,1,1,2,1,1
SF,IH2012,2020-09-02 09:33:16.200,3335.8000,22134,0,424793640.000,0,-,-,-,-,3335.6000,3335.4000,3335.0000,3334.4000,3334.2000,3337.4000,3337.6000,3338.2000,3339.0000,3340.4000,1,1,3,2,2,1,1,2,1,1
SF,IH2012,2020-09-02 09:33:16.700,3337.6000,22132,-2,426796140.000,2,0,2,双平,S,3336.2000,3335.8000,3335.6000,3335.4000,3335.0000,3338.2000,3339.0000,3340.4000,3341.8000,3344.0000,1,2,1,1,3,2,1,1,1,5
SF,IH2012,2020-09-02 09:33:17.200,3338.4000,22129,-3,429800580.000,3,0,3,双平,S,3336.6000,3336.4000,3336.2000,3335.8000,3335.4000,3338.4000,3339.0000,3340.4000,3341.8000,3344.0000,1,3,1,1,1,1,1,1,1,5
SF,IH2012,2020-09-02 09:33:17.700,3338.4000,22128,-1,430802100.000,1,0,1,双平,S,3337.4000,3337.0000,3336.8000,3336.6000,3336.4000,3339.0000,3340.4000,3341.8000,3344.0000,3344.6000,2,1,8,2,1,1,1,1,5,1
SF,IH2012,2020-09-02 09:33:18.200,3339.0000,22127,-1,431803800.000,1,0,1,双平,S,3337.8000,3337.6000,3337.4000,3337.0000,3336.8000,3340.4000,3341.8000,3344.0000,3344.6000,3345.8000,1,2,1,1,7,1,1,5,1,1
SF,IH2012,2020-09-02 09:33:18.700,3339.0000,22127,0,431803800.000,0,-,-,-,-,3338.2000,3338.0000,3337.8000,3337.6000,3337.4000,3340.2000,3340.4000,3341.8000,3344.0000,3344.6000,1,2,1,1,1,1,1,1,5,1
SF,IH2012,2020-09-02 09:33:19.200,3339.0000,22127,0,431803800.000,0,-,-,-,-,3338.8000,3338.6000,3338.4000,3338.2000,3337.8000,3340.4000,3341.8000,3344.6000,3345.8000,3346.2000,1,1,2,1,1,1,1,1,1,1
SF,IH2012,2020-09-02 09:33:19.700,3339.0000,22127,0,431803800.000,0,-,-,-,-,3339.0000,3338.8000,3338.6000,3338.4000,3338.2000,3340.2000,3340.4000,3341.8000,3344.6000,3345.8000,1,3,1,1,1,1,1,1,1,1
SF,IH2012,2020-09-02 09:33:20.200,3339.0000,22127,0,431803800.000,0,-,-,-,-,3338.8000,3338.6000,3338.4000,3338.2000,3337.8000,3340.0000,3340.2000,3340.4000,3341.8000,3344.6000,1,1,1,1,1,2,1,1,1,1
SF,IH2012,2020-09-02 09:33:20.700,3339.0000,22127,0,431803800.000,0,-,-,-,-,3338.6000,3338.4000,3338.2000,3337.8000,3337.4000,3339.8000,3340.2000,3340.4000,3341.8000,3344.6000,1,1,1,1,1,2,1,1,1,1
SF,IH2012,2020-09-02 09:33:21.200,3339.0000,22127,0,431803800.000,0,-,-,-,-,3338.4000,3337.8000,3337.4000,3336.8000,3335.4000,3339.6000,3339.8000,3340.4000,3341.8000,3344.6000,1,1,1,6,1,2,1,1,1,1
SF,IH2012,2020-09-02 09:33:21.700,3339.0000,22127,0,431803800.000,0,-,-,-,-,3338.8000,3337.8000,3337.4000,3336.8000,3335.4000,3339.8000,3340.4000,3341.8000,3344.6000,3345.8000,1,1,2,6,1,1,1,1,1,1
SF,IH2012,2020-09-02 09:33:22.200,3339.0000,22127,0,431803800.000,0,-,-,-,-,3337.8000,3337.4000,3336.8000,3335.4000,3335.0000,3340.0000,3340.4000,3341.8000,3344.6000,3345.8000,1,2,6,1,4,1,1,1,1,1
SF,IH2012,2020-09-02 09:33:22.700,3339.0000,22127,0,431803800.000,0,-,-,-,-,3338.8000,3338.2000,3338.0000,3337.8000,3337.4000,3340.0000,3340.4000,3341.8000,3344.6000,3345.8000,1,1,3,1,2,1,1,1,1,1
SF,IH2012,2020-09-02 09:33:23.200,3339.0000,22127,0,431803800.000,0,-,-,-,-,3338.8000,3338.2000,3338.0000,3337.8000,3337.4000,3340.0000,3340.4000,3341.8000,3344.6000,3345.8000,3,1,2,1,2,1,1,1,1,1
SF,IH2012,2020-09-02 09:33:23.700,3339.0000,22127,0,431803800.000,0,-,-,-,-,3338.8000,3338.2000,3338.0000,3337.8000,3337.4000,3340.0000,3340.4000,3341.8000,3344.6000,3345.8000,2,1,1,1,2,1,1,1,1,1
SF,IH2012,2020-09-02 09:33:24.200,3340.0000,22126,-1,432805800.000,1,0,1,双平,S,3338.8000,3338.2000,3338.0000,3337.8000,3337.4000,3340.4000,3341.8000,3344.6000,3345.8000,3346.2000,2,1,1,1,2,1,1,1,1,1
SF,IH2012,2020-09-02 09:33:24.700,3338.8000,22125,-1,433807440.000,1,0,1,双平,S,3338.8000,3338.2000,3338.0000,3337.8000,3337.4000,3340.4000,3341.8000,3344.6000,3345.8000,3346.2000,1,1,1,1,2,1,1,1,1,1
SF,IH2012,2020-09-02 09:33:25.200,3338.8000,22125,0,433807440.000,0,-,-,-,-,3338.2000,3337.8000,3337.4000,3336.8000,3335.4000,3340.2000,3340.4000,3341.8000,3344.6000,3345.8000,1,1,2,6,1,4,1,1,1,1
SF,IH2012,2020-09-02 09:33:25.700,3338.8000,22125,0,433807440.000,0,-,-,-,-,3337.8000,3337.4000,3336.8000,3335.4000,3335.0000,3340.0000,3340.2000,3340.4000,3341.8000,3344.6000,1,2,6,1,4,3,2,1,1,1
SF,IH2012,2020-09-02 09:33:26.200,3338.8000,22125,0,433807440.000,0,-,-,-,-,3337.8000,3337.4000,3336.8000,3336.4000,3335.4000,3339.8000,3340.0000,3340.4000,3341.8000,3344.6000,1,2,6,1,1,1,3,1,1,1
SF,IH2012,2020-09-02 09:33:26.700,3339.6000,22124,-1,434809320.000,1,0,1,双平,S,3338.0000,3337.8000,3337.4000,3336.8000,3335.4000,3339.6000,3339.8000,3340.4000,3341.8000,3344.6000,1,1,2,6,1,1,1,1,1,1
SF,IH2012,2020-09-02 09:33:27.200,3339.6000,22124,0,435811200.000,1,0,1,多换,S,3338.0000,3337.8000,3337.4000,3335.4000,3335.0000,3339.4000,3339.8000,3340.4000,3341.8000,3344.6000,1,1,2,1,4,2,1,1,1,1
SF,IH2012,2020-09-02 09:33:27.700,3339.6000,22124,0,435811200.000,0,-,-,-,-,3338.0000,3337.4000,3335.4000,3335.0000,3334.4000,3339.2000,3339.8000,3340.4000,3341.8000,3344.6000,1,2,1,4,3,2,1,1,1,1
SF,IH2012,2020-09-02 09:33:28.200,3339.6000,22124,0,435811200.000,0,-,-,-,-,3337.4000,3335.4000,3335.0000,3334.4000,3334.2000,3339.0000,3339.8000,3340.4000,3341.8000,3344.6000,2,1,4,3,1,3,1,1,1,1
SF,IH2012,2020-09-02 09:33:28.700,3339.6000,22124,0,435811200.000,0,-,-,-,-,3337.4000,3335.4000,3335.0000,3334.4000,3334.2000,3338.8000,3339.0000,3339.8000,3340.4000,3341.8000,1,1,4,3,1,3,1,1,1,1
SF,IH2012,2020-09-02 09:33:29.200,3339.6000,22124,0,435811200.000,0,-,-,-,-,3337.4000,3335.4000,3335.0000,3334.4000,3334.2000,3338.6000,3338.8000,3339.0000,3339.8000,3340.4000,1,1,4,3,1,2,1,1,1,1
SF,IH2012,2020-09-02 09:33:29.700,3339.6000,22124,0,435811200.000,0,-,-,-,-,3337.6000,3337.4000,3335.4000,3335.0000,3334.4000,3338.4000,3339.8000,3340.4000,3341.8000,3344.6000,1,2,1,4,3,2,1,1,1,1
SF,IH2012,2020-09-02 09:33:30.200,3338.4000,22123,-1,436812720.000,1,0,1,双平,S,3337.6000,3337.4000,3335.4000,3335.0000,3334.4000,3339.8000,3340.4000,3341.8000,3344.6000,3345.8000,1,2,1,4,3,1,1,1,1,1
SF,IH2012,2020-09-02 09:33:30.700,3338.4000,22123,0,436812720.000,0,-,-,-,-,3337.8000,3337.6000,3337.4000,3335.4000,3335.0000,3339.6000,3339.8000,3340.4000,3341.8000,3344.6000,3,1,2,1,4,1,1,1,1,1
SF,IH2012,2020-09-02 09:33:31.200,3338.4000,22123,0,436812720.000,0,-,-,-,-,3338.0000,3337.8000,3337.6000,3337.4000,3335.4000,3339.6000,3339.8000,3340.4000,3341.8000,3344.6000,3,3,1,2,1,1,1,1,1,1
SF,IH2012,2020-09-02 09:33:31.700,3338.4000,22123,0,436812720.000,0,-,-,-,-,3339.2000,3338.2000,3338.0000,3337.8000,3337.4000,3339.6000,3339.8000,3340.4000,3341.8000,3344.6000,1,1,2,3,2,1,1,1,1,1
SF,IH2012,2020-09-02 09:33:32.200,3337.8000,22122,-1,438815820.000,2,0,2,多平,S,3337.4000,3336.8000,3335.4000,3335.0000,3334.4000,3339.2000,3339.4000,3339.6000,3339.8000,3340.4000,2,1,1,4,3,3,1,1,2,1
SF,IH2012,2020-09-02 09:33:32.700,3337.8000,22122,0,438815820.000,0,-,-,-,-,3337.6000,3337.4000,3336.8000,3335.0000,3334.4000,3339.0000,3339.2000,3339.4000,3339.6000,3339.8000,2,2,1,4,3,1,1,1,1,2
SF,IH2012,2020-09-02 09:33:33.200,3338.8000,22121,-1,439817460.000,1,0,1,双平,S,3337.6000,3337.4000,3336.8000,3336.2000,3335.0000,3338.8000,3339.0000,3339.2000,3339.4000,3339.8000,1,1,1,1,4,1,1,1,1,2
SF,IH2012,2020-09-02 09:33:33.700,3337.4000,22121,0,440818680.000,1,0,1,多换,S,3336.8000,3336.2000,3335.0000,3334.4000,3334.2000,3338.6000,3338.8000,3339.0000,3339.2000,3339.4000,1,1,4,4,1,1,2,1,1,1
SF,IH2012,2020-09-02 09:33:34.200,3337.4000,22121,0,440818680.000,0,-,-,-,-,3336.8000,3335.4000,3335.0000,3334.4000,3334.2000,3338.4000,3338.6000,3338.8000,3339.2000,3339.4000,1,1,4,4,1,2,1,1,1,1
SF,IH2012,2020-09-02 09:33:34.700,3337.4000,22121,0,440818680.000,0,-,-,-,-,3336.8000,3335.0000,3334.4000,3334.2000,3333.0000,3338.2000,3338.4000,3338.8000,3339.2000,3339.8000,1,4,4,1,1,1,2,1,1,2
SF,IH2012,2020-09-02 09:33:35.200,3337.4000,22121,0,440818680.000,0,-,-,-,-,3337.0000,3336.8000,3335.0000,3334.4000,3334.2000,3338.4000,3338.8000,3339.2000,3339.8000,3340.4000,1,1,4,4,1,2,1,1,2,1
SF,IH2012,2020-09-02 09:33:35.700,3337.4000,22121,0,440818680.000,0,-,-,-,-,3337.2000,3337.0000,3336.8000,3335.8000,3335.0000,3338.4000,3339.2000,3339.8000,3340.4000,3341.8000,1,1,1,1,4,1,1,2,1,1
SF,IH2012,2020-09-02 09:33:36.200,3337.4000,22121,0,440818680.000,0,-,-,-,-,3337.4000,3337.2000,3337.0000,3336.8000,3335.8000,3339.2000,3339.8000,3340.4000,3341.8000,3344.6000,2,1,1,1,1,1,2,1,1,1
SF,IH2012,2020-09-02 09:33:36.700,3337.4000,22121,0,440818680.000,0,-,-,-,-,3337.8000,3337.6000,3337.4000,3337.0000,3336.8000,3339.2000,3339.8000,3340.4000,3341.8000,3344.6000,1,3,2,1,1,1,2,1,1,1
SF,IH2012,2020-09-02 09:33:37.200,3337.4000,22121,0,440818680.000,0,-,-,-,-,3338.4000,3338.0000,3337.8000,3337.6000,3337.4000,3339.2000,3339.4000,3339.8000,3340.4000,3341.8000,1,1,1,2,2,1,1,2,1,1
SF,IH2012,2020-09-02 09:33:37.700,3337.4000,22121,0,440818680.000,0,-,-,-,-,3338.4000,3337.8000,3337.6000,3337.4000,3336.8000,3339.2000,3339.4000,3339.8000,3340.4000,3341.8000,1,1,1,2,1,1,1,2,1,1
SF,IH2012,2020-09-02 09:33:38.200,3338.4000,22121,0,441820200.000,1,0,1,多换,S,3337.6000,3337.0000,3336.8000,3336.4000,3335.8000,3339.0000,3339.2000,3339.4000,3339.8000,3340.4000,1,1,1,1,1,1,1,1,2,1
SF,IH2012,2020-09-02 09:33:38.700,3339.0000,22122,1,442821900.000,1,1,0,双开,S,3337.8000,3337.6000,3337.0000,3336.8000,3336.4000,3339.2000,3339.4000,3339.8000,3340.4000,3341.8000,1,1,1,1,1,1,1,2,1,1
SF,IH2012,2020-09-02 09:33:39.200,3339.0000,22122,0,442821900.000,0,-,-,-,-,3338.0000,3337.8000,3337.6000,3337.0000,3336.8000,3339.2000,3339.4000,3339.8000,3340.4000,3341.8000,1,1,1,1,1,1,1,2,1,1
SF,IH2012,2020-09-02 09:33:39.700,3339.0000,22122,0,442821900.000,0,-,-,-,-,3338.0000,3337.6000,3337.0000,3336.8000,3336.4000,3339.2000,3339.4000,3339.8000,3340.4000,3341.8000,1,1,1,1,1,1,1,2,1,1
SF,IH2012,2020-09-02 09:33:40.200,3339.0000,22122,0,442821900.000,0,-,-,-,-,3338.0000,3337.6000,3337.0000,3336.8000,3336.4000,3339.2000,3339.4000,3339.8000,3340.4000,3341.8000,1,1,1,1,1,1,1,2,1,1
SF,IH2012,2020-09-02 09:33:40.700,3338.2000,22121,-1,443823360.000,1,0,1,双平,S,3339.2000,3338.0000,3337.6000,3337.0000,3336.8000,3339.4000,3339.8000,3340.4000,3341.8000,3344.6000,1,1,1,1,1,1,2,1,1,1
SF,IH2012,2020-09-02 09:33:41.200,3339.2000,22121,0,444825120.000,1,0,1,多换,S,3339.0000,3337.6000,3337.0000,3336.8000,3336.4000,3339.2000,3339.4000,3339.8000,3340.4000,3341.8000,1,1,1,1,1,2,1,2,1,1
SF,IH2012,2020-09-02 09:33:41.700,3339.0000,22120,-1,445826820.000,1,0,1,双平,S,3337.6000,3337.0000,3336.8000,3336.4000,3335.8000,3339.2000,3339.4000,3339.8000,3340.4000,3341.8000,1,1,1,1,1,1,1,2,1,1
SF,IH2012,2020-09-02 09:33:42.200,3339.2000,22121,1,447830340.000,2,1,1,空开,S,3339.2000,3338.0000,3337.8000,3337.6000,3337.0000,3339.4000,3339.8000,3340.4000,3341.8000,3344.6000,2,10,3,1,1,1,2,1,1,1
SF,IH2012,2020-09-02 09:33:42.700,3339.2000,22121,0,449833860.000,2,1,1,多换,S,3338.0000,3337.8000,3337.6000,3337.0000,3336.8000,3338.8000,3339.0000,3339.2000,3339.4000,3339.8000,10,1,1,1,1,1,3,4,1,2
SF,IH2012,2020-09-02 09:33:43.200,3339.2000,22121,0,449833860.000,0,-,-,-,-,3338.0000,3337.0000,3336.8000,3336.4000,3335.8000,3338.6000,3338.8000,3339.0000,3339.2000,3339.4000,10,1,1,1,1,4,1,3,4,1
SF,IH2012,2020-09-02 09:33:43.700,3338.0000,22121,0,459847860.000,10,5,5,多换,S,3337.0000,3336.8000,3335.8000,3335.0000,3334.4000,3338.6000,3339.0000,3339.2000,3339.4000,3339.8000,1,1,1,4,4,4,3,4,1,2
SF,IH2012,2020-09-02 09:33:44.200,3338.0000,22121,0,459847860.000,0,-,-,-,-,3337.0000,3336.8000,3335.8000,3335.0000,3334.4000,3338.4000,3339.0000,3339.2000,3339.4000,3339.8000,1,1,1,4,4,1,3,4,1,2
SF,IH2012,2020-09-02 09:33:44.700,3338.0000,22121,0,459847860.000,0,-,-,-,-,3337.0000,3336.8000,3335.8000,3335.0000,3334.4000,3338.4000,3339.0000,3339.2000,3339.4000,3339.8000,1,1,1,4,4,1,3,4,1,2
SF,IH2012,2020-09-02 09:33:45.200,3338.4000,22121,0,460849380.000,1,0,1,多换,S,3337.0000,3336.8000,3335.8000,3335.0000,3334.4000,3339.0000,3339.2000,3339.4000,3339.8000,3340.4000,1,1,1,4,4,3,4,1,2,1
SF,IH2012,2020-09-02 09:33:45.700,3338.8000,22120,-1,461851020.000,1,0,1,双平,S,3337.2000,3337.0000,3336.8000,3335.8000,3335.0000,3338.8000,3339.0000,3339.2000,3339.4000,3339.8000,1,1,1,1,4,1,3,4,1,2
SF,IH2012,2020-09-02 09:33:46.200,3338.8000,22120,0,461851020.000,0,-,-,-,-,3337.4000,3337.2000,3337.0000,3336.8000,3335.8000,3339.0000,3339.2000,3339.4000,3339.8000,3340.4000,5,1,1,1,1,3,4,1,2,1
SF,IH2012,2020-09-02 09:33:46.700,3339.0000,22123,3,464856120.000,3,3,0,双开,S,3337.6000,3337.4000,3337.2000,3337.0000,3336.8000,3339.2000,3340.4000,3341.8000,3344.6000,3345.8000,2,3,1,1,1,4,1,1,1,1
SF,IH2012,2020-09-02 09:33:47.200,3339.2000,22121,-2,466859640.000,2,0,2,双平,S,3337.8000,3337.6000,3337.4000,3337.2000,3337.0000,3339.2000,3340.4000,3341.8000,3344.6000,3345.8000,2,2,2,1,1,5,1,1,1,1
SF,IH2012,2020-09-02 09:33:47.700,3339.2000,22121,0,466859640.000,0,-,-,-,-,3337.8000,3337.6000,3337.4000,3337.2000,3337.0000,3339.2000,3340.4000,3341.8000,3344.6000,3345.8000,2,2,2,1,1,5,1,1,1,1
SF,IH2012,2020-09-02 09:33:48.200,3339.2000,22121,0,466859640.000,0,-,-,-,-,3337.8000,3337.6000,3337.4000,3337.2000,3337.0000,3339.2000,3340.4000,3341.8000,3344.6000,3345.8000,2,2,2,1,1,4,1,1,1,1
SF,IH2012,2020-09-02 09:33:48.700,3339.2000,22121,0,466859640.000,0,-,-,-,-,3337.8000,3337.4000,3337.2000,3337.0000,3336.8000,3339.2000,3340.4000,3341.8000,3344.6000,3345.8000,2,2,1,1,1,4,1,1,1,1
SF,IH2012,2020-09-02 09:33:49.200,3339.2000,22121,0,466859640.000,0,-,-,-,-,3337.8000,3337.4000,3337.2000,3337.0000,3336.8000,3339.2000,3340.4000,3341.8000,3344.6000,3345.8000,2,1,1,1,1,4,1,1,1,1
SF,IH2012,2020-09-02 09:33:50.700,3339.2000,22121,0,466859640.000,0,-,-,-,-,3337.8000,3337.4000,3337.2000,3337.0000,3336.8000,3339.2000,3340.4000,3341.8000,3344.6000,3345.8000,2,1,1,1,1,3,1,1,1,1
SF,IH2012,2020-09-02 09:33:51.200,3339.2000,22121,0,466859640.000,0,-,-,-,-,3337.8000,3337.4000,3337.2000,3337.0000,3336.8000,3339.2000,3340.0000,3340.4000,3341.8000,3344.6000,2,1,1,1,1,3,1,1,1,1
SF,IH2012,2020-09-02 09:33:51.700,3339.2000,22121,0,466859640.000,0,-,-,-,-,3337.8000,3337.4000,3337.2000,3337.0000,3336.8000,3339.2000,3340.0000,3340.4000,3341.8000,3344.6000,2,1,1,1,1,3,1,1,1,1
SF,IH2012,2020-09-02 09:33:52.200,3339.2000,22121,0,466859640.000,0,-,-,-,-,3337.8000,3337.4000,3337.2000,3337.0000,3336.8000,3340.0000,3340.4000,3341.8000,3344.6000,3345.8000,2,1,1,1,1,1,1,1,1,1
SF,IH2012,2020-09-02 09:33:52.700,3339.2000,22121,0,466859640.000,0,-,-,-,-,3338.0000,3337.8000,3337.4000,3337.0000,3336.8000,3339.8000,3340.0000,3340.4000,3341.8000,3344.6000,1,2,1,1,1,1,4,1,1,1
SF,IH2012,2020-09-02 09:33:56.200,3339.2000,22121,0,466859640.000,0,-,-,-,-,3338.0000,3337.8000,3337.4000,3337.0000,3336.8000,3339.4000,3339.8000,3340.0000,3340.4000,3341.8000,1,2,1,1,1,3,2,4,1,1
SF,IH2012,2020-09-02 09:33:56.700,3339.2000,22121,0,466859640.000,0,-,-,-,-,3337.8000,3337.0000,3336.8000,3335.8000,3335.0000,3339.4000,3339.8000,3340.0000,3340.4000,3341.8000,1,1,1,1,4,3,2,4,1,1
SF,IH2012,2020-09-02 09:33:57.200,3337.8000,22120,-1,467860980.000,1,0,1,双平,S,3337.0000,3336.8000,3335.8000,3335.0000,3334.4000,3339.2000,3339.4000,3340.0000,3340.4000,3341.8000,1,1,1,4,4,3,3,4,1,1
SF,IH2012,2020-09-02 09:33:57.700,3337.8000,22120,0,467860980.000,0,-,-,-,-,3337.0000,3336.8000,3335.8000,3335.0000,3334.4000,3339.0000,3339.2000,3339.4000,3339.6000,3340.0000,1,1,1,4,4,1,3,3,1,1
SF,IH2012,2020-09-02 09:33:58.200,3337.8000,22120,0,467860980.000,0,-,-,-,-,3337.0000,3336.8000,3335.8000,3335.0000,3334.4000,3338.8000,3339.0000,3339.2000,3339.4000,3339.6000,1,1,1,4,4,2,4,2,3,1
SF,IH2012,2020-09-02 09:33:58.700,3337.8000,22120,0,467860980.000,0,-,-,-,-,3337.0000,3336.8000,3335.8000,3335.0000,3334.4000,3338.6000,3338.8000,3339.0000,3339.2000,3339.6000,1,1,1,4,4,1,2,3,2,1
SF,IH2012,2020-09-02 09:33:59.200,3337.8000,22120,0,467860980.000,0,-,-,-,-,3337.0000,3336.8000,3335.8000,3335.0000,3334.4000,3338.4000,3338.6000,3338.8000,3339.0000,3339.2000,1,1,1,4,4,1,1,1,3,2
SF,IH2012,2020-09-02 09:34:00.200,3337.8000,22120,0,467860980.000,0,-,-,-,-,3337.0000,3336.8000,3335.8000,3335.0000,3334.4000,3338.4000,3338.6000,3338.8000,3339.0000,3339.2000,1,1,1,4,4,1,1,1,3,2
SF,IH2012,2020-09-02 09:34:01.200,3337.8000,22120,0,467860980.000,0,-,-,-,-,3337.0000,3336.8000,3335.8000,3335.0000,3334.4000,3338.4000,3338.6000,3339.0000,3339.2000,3339.6000,1,1,1,4,4,1,1,3,2,2
SF,IH2012,2020-09-02 09:34:01.700,3337.8000,22120,0,467860980.000,0,-,-,-,-,3337.0000,3336.8000,3335.0000,3334.4000,3334.2000,3338.4000,3338.6000,3339.0000,3339.2000,3339.6000,1,1,4,4,1,1,1,4,2,2
SF,IH2012,2020-09-02 09:34:02.200,3337.8000,22120,0,467860980.000,0,-,-,-,-,3337.0000,3336.8000,3335.8000,3335.0000,3334.4000,3338.4000,3338.6000,3339.0000,3339.2000,3339.6000,1,1,1,4,4,1,1,4,2,2
SF,IH2012,2020-09-02 09:34:02.700,3337.8000,22120,0,467860980.000,0,-,-,-,-,3337.0000,3336.8000,3335.8000,3335.0000,3334.4000,3338.4000,3338.6000,3339.0000,3339.6000,3340.0000,1,1,1,4,4,1,1,4,2,1
SF,IH2012,2020-09-02 09:34:03.200,3337.8000,22120,0,467860980.000,0,-,-,-,-,3337.0000,3336.8000,3335.8000,3335.0000,3334.4000,3338.4000,3338.6000,3339.0000,3339.6000,3340.0000,1,1,1,4,4,1,1,1,2,1
SF,IH2012,2020-09-02 09:34:03.700,3337.8000,22120,0,467860980.000,0,-,-,-,-,3337.2000,3337.0000,3336.8000,3335.8000,3335.0000,3338.4000,3338.6000,3339.0000,3339.6000,3340.0000,1,1,1,1,4,4,1,1,2,1
SF,IH2012,2020-09-02 09:34:04.200,3337.8000,22120,0,467860980.000,0,-,-,-,-,3337.4000,3337.0000,3336.8000,3335.8000,3335.0000,3338.4000,3338.6000,3339.0000,3339.6000,3340.0000,2,1,1,1,4,4,1,1,2,1
SF,IH2012,2020-09-02 09:34:04.700,3338.4000,22119,-1,471867060.000,4,1,3,多平,S,3337.6000,3337.4000,3337.0000,3336.8000,3335.8000,3339.0000,3339.6000,3340.0000,3340.4000,3341.8000,1,2,1,1,1,1,2,1,1,1
SF,IH2012,2020-09-02 09:34:05.200,3338.4000,22119,0,471867060.000,0,-,-,-,-,3337.6000,3337.4000,3337.0000,3336.8000,3336.4000,3339.0000,3339.6000,3340.0000,3340.4000,3341.8000,1,2,1,1,2,1,2,1,1,1
SF,IH2012,2020-09-02 09:34:05.700,3339.0000,22118,-1,472868760.000,1,0,1,双平,S,3337.8000,3337.6000,3337.0000,3336.8000,3336.2000,3339.6000,3340.0000,3340.4000,3341.8000,3344.6000,4,1,1,1,2,2,1,1,1,1
SF,IH2012,2020-09-02 09:34:06.200,3339.0000,22118,0,472868760.000,0,-,-,-,-,3338.0000,3337.8000,3337.6000,3337.0000,3336.8000,3339.6000,3340.0000,3340.4000,3341.8000,3344.6000,3,2,1,1,1,2,1,1,1,1
SF,IH2012,2020-09-02 09:34:06.700,3339.0000,22118,0,472868760.000,0,-,-,-,-,3338.2000,3338.0000,3337.8000,3337.6000,3337.0000,3339.6000,3340.0000,3340.4000,3341.8000,3344.6000,3,1,1,1,1,2,1,1,1,1
SF,IH2012,2020-09-02 09:34:07.700,3339.6000,22118,0,473870640.000,1,0,1,多换,S,3338.2000,3338.0000,3337.8000,3337.6000,3337.0000,3339.6000,3340.0000,3340.4000,3341.8000,3344.6000,3,2,1,1,1,1,1,1,1,1
SF,IH2012,2020-09-02 09:34:08.200,3339.6000,22117,-1,474872520.000,1,0,1,双平,S,3338.4000,3338.2000,3338.0000,3337.8000,3337.6000,3340.0000,3340.4000,3341.8000,3344.6000,3345.8000,3,1,1,1,1,1,1,1,1,1
SF,IH2012,2020-09-02 09:34:08.700,3339.6000,22117,0,474872520.000,0,-,-,-,-,3338.6000,3338.4000,3338.0000,3337.8000,3337.6000,3340.0000,3340.4000,3341.8000,3344.6000,3345.8000,4,1,1,1,1,1,1,1,1,1
SF,IH2012,2020-09-02 09:34:09.200,3338.6000,22116,-1,477877740.000,3,1,2,多平,S,3338.6000,3338.4000,3338.0000,3337.8000,3337.6000,3340.4000,3341.8000,3344.6000,3345.8000,3346.2000,3,1,1,1,1,1,1,1,1,1
SF,IH2012,2020-09-02 09:34:09.700,3340.4000,22115,-1,478879860.000,1,0,1,双平,S,3338.8000,3338.6000,3338.4000,3337.8000,3337.6000,3341.8000,3344.6000,3345.8000,3346.2000,3347.0000,4,1,2,1,1,1,1,1,1,1
SF,IH2012,2020-09-02 09:34:10.200,3340.4000,22115,0,478879860.000,0,-,-,-,-,3339.4000,3339.2000,3339.0000,3338.8000,3338.4000,3341.4000,3341.6000,3341.8000,3344.6000,3345.8000,1,1,2,4,2,1,2,1,1,1
SF,IH2012,2020-09-02 09:34:10.700,3340.4000,22115,0,478879860.000,0,-,-,-,-,3339.6000,3339.4000,3339.2000,3339.0000,3338.8000,3341.4000,3341.6000,3341.8000,3344.6000,3345.8000,4,1,1,1,1,1,1,1,1,1
SF,IH2012,2020-09-02 09:34:11.200,3341.6000,22115,0,479882340.000,1,0,1,多换,S,3339.6000,3339.4000,3339.2000,3339.0000,3338.8000,3341.8000,3344.6000,3345.8000,3346.2000,3347.0000,4,1,1,1,1,1,1,1,1,1
SF,IH2012,2020-09-02 09:34:11.700,3341.6000,22115,0,479882340.000,0,-,-,-,-,3339.6000,3339.4000,3339.2000,3339.0000,3338.8000,3341.8000,3344.6000,3345.8000,3346.2000,3347.0000,4,1,1,1,1,1,1,1,1,1
SF,IH2012,2020-09-02 09:34:12.200,3341.6000,22115,0,479882340.000,0,-,-,-,-,3339.6000,3339.4000,3339.0000,3338.8000,3337.0000,3341.6000,3341.8000,3344.6000,3345.8000,3346.2000,2,1,1,1,1,2,1,1,1,1
SF,IH2012,2020-09-02 09:34:12.700,3341.4000,22115,0,480884760.000,1,0,1,多换,S,3339.6000,3339.4000,3339.0000,3337.0000,3336.8000,3341.2000,3341.4000,3341.6000,3341.8000,3344.6000,2,1,1,1,1,2,3,3,1,1
SF,IH2012,2020-09-02 09:34:13.200,3339.6000,22114,-1,481886640.000,1,0,1,双平,S,3337.0000,3336.8000,3335.0000,3334.4000,3333.0000,3340.4000,3341.0000,3341.6000,3341.8000,3344.6000,1,1,3,2,1,1,6,3,1,1
SF,IH2012,2020-09-02 09:34:13.700,3339.6000,22114,0,481886640.000,0,-,-,-,-,3337.4000,3337.2000,3337.0000,3336.8000,3336.4000,3340.2000,3340.4000,3341.0000,3341.6000,3341.8000,2,3,1,1,2,3,1,4,2,1
SF,IH2012,2020-09-02 09:34:14.200,3339.6000,22114,0,481886640.000,0,-,-,-,-,3337.8000,3337.6000,3337.4000,3337.2000,3337.0000,3340.2000,3341.0000,3341.6000,3341.8000,3344.6000,1,1,2,1,1,2,4,2,1,1
SF,IH2012,2020-09-02 09:34:14.700,3339.6000,22114,0,481886640.000,0,-,-,-,-,3338.2000,3338.0000,3337.8000,3337.4000,3337.2000,3339.2000,3340.2000,3341.0000,3341.8000,3344.6000,1,2,1,2,1,1,2,4,1,1
SF,IH2012,2020-09-02 09:34:15.200,3339.2000,22113,-1,482888400.000,1,0,1,双平,S,3338.4000,3338.2000,3338.0000,3337.8000,3337.4000,3340.2000,3341.0000,3341.8000,3344.6000,3345.8000,2,1,1,1,2,1,1,1,1,1
SF,IH2012,2020-09-02 09:34:15.700,3339.2000,22113,0,482888400.000,0,-,-,-,-,3338.6000,3338.4000,3338.2000,3338.0000,3337.8000,3340.2000,3341.0000,3341.8000,3344.6000,3345.8000,1,1,1,1,1,1,1,1,1,1
SF,IH2012,2020-09-02 09:34:16.200,3339.2000,22113,0,482888400.000,0,-,-,-,-,3338.8000,3338.6000,3338.2000,3338.0000,3337.8000,3340.2000,3341.0000,3341.8000,3344.6000,3345.8000,3,1,1,1,1,1,1,1,1,1
SF,IH2012,2020-09-02 09:34:16.700,3340.2000,22112,-1,483890460.000,1,0,1,双平,S,3339.2000,3338.8000,3338.6000,3338.2000,3337.8000,3341.0000,3341.8000,3344.6000,3345.8000,3346.2000,1,3,1,1,1,1,1,1,1,1
SF,IH2012,2020-09-02 09:34:17.200,3340.2000,22112,0,483890460.000,0,-,-,-,-,3339.4000,3339.2000,3338.2000,3337.8000,3337.4000,3340.6000,3340.8000,3341.0000,3341.8000,3344.6000,1,1,1,1,2,2,1,2,1,1
SF,IH2012,2020-09-02 09:34:17.700,3339.2000,22112,0,484892220.000,1,0,1,多换,S,3337.8000,3337.4000,3337.2000,3337.0000,3336.8000,3339.2000,3339.4000,3340.4000,3340.6000,3341.0000,1,2,1,1,1,4,1,1,2,2
SF,IH2012,2020-09-02 09:34:18.200,3339.2000,22112,0,484892220.000,0,-,-,-,-,3338.0000,3337.8000,3337.4000,3337.0000,3336.8000,3339.2000,3340.4000,3341.0000,3341.8000,3344.6000,3,1,2,1,2,3,1,1,1,1
SF,IH2012,2020-09-02 09:34:18.700,3339.2000,22112,0,484892220.000,0,-,-,-,-,3338.0000,3337.8000,3337.4000,3337.0000,3336.8000,3339.2000,3340.4000,3341.0000,3341.8000,3344.6000,1,1,1,1,2,3,1,1,1,1
SF,IH2012,2020-09-02 09:34:19.200,3339.2000,22112,0,484892220.000,0,-,-,-,-,3338.2000,3338.0000,3337.8000,3337.4000,3337.0000,3339.2000,3340.4000,3341.0000,3341.8000,3344.6000,1,1,1,1,1,3,1,1,1,1
SF,IH2012,2020-09-02 09:34:19.700,3339.2000,22112,0,484892220.000,0,-,-,-,-,3338.4000,3338.2000,3337.8000,3337.4000,3337.0000,3339.2000,3340.4000,3341.0000,3341.8000,3344.6000,1,1,1,1,1,3,1,1,1,1
SF,IH2012,2020-09-02 09:34:20.200,3339.2000,22112,0,484892220.000,0,-,-,-,-,3338.2000,3337.8000,3337.4000,3337.0000,3336.8000,3339.2000,3340.4000,3341.0000,3341.8000,3344.6000,1,1,1,1,2,3,1,1,1,1
SF,IH2012,2020-09-02 09:34:20.700,3339.2000,22112,0,484892220.000,0,-,-,-,-,3338.2000,3337.8000,3337.4000,3337.2000,3337.0000,3339.2000,3340.4000,3341.0000,3341.8000,3344.6000,1,1,1,1,2,3,1,1,1,1
SF,IH2012,2020-09-02 09:34:21.200,3339.2000,22112,0,484892220.000,0,-,-,-,-,3337.8000,3337.4000,3337.2000,3337.0000,3336.8000,3339.2000,3340.4000,3341.0000,3341.8000,3344.6000,1,1,1,2,2,3,1,1,1,1
SF,IH2012,2020-09-02 09:34:21.700,3339.2000,22112,0,484892220.000,0,-,-,-,-,3337.8000,3337.4000,3337.2000,3337.0000,3336.8000,3338.8000,3339.2000,3340.4000,3341.0000,3341.8000,1,1,1,2,2,1,3,1,1,1
SF,IH2012,2020-09-02 09:34:22.200,3339.2000,22112,0,484892220.000,0,-,-,-,-,3337.4000,3337.2000,3337.0000,3336.8000,3335.0000,3338.8000,3339.2000,3340.4000,3341.0000,3341.8000,1,1,2,2,3,1,3,1,1,1
SF,IH2012,2020-09-02 09:34:22.700,3339.2000,22112,0,484892220.000,0,-,-,-,-,3337.6000,3337.2000,3337.0000,3336.8000,3336.0000,3339.2000,3340.4000,3341.0000,3341.8000,3344.6000,1,1,2,1,2,3,1,1,1,1
SF,IH2012,2020-09-02 09:34:23.200,3339.2000,22112,0,484892220.000,0,-,-,-,-,3338.0000,3337.6000,3337.2000,3337.0000,3336.8000,3339.2000,3340.4000,3341.8000,3344.6000,3345.8000,1,1,1,2,1,3,1,1,1,1
SF,IH2012,2020-09-02 09:34:23.700,3339.2000,22112,0,484892220.000,0,-,-,-,-,3338.0000,3337.6000,3337.2000,3337.0000,3336.8000,3338.8000,3339.2000,3340.4000,3341.8000,3344.6000,1,1,1,2,2,1,3,1,1,1
SF,IH2012,2020-09-02 09:34:24.200,3339.2000,22112,0,484892220.000,0,-,-,-,-,3338.2000,3338.0000,3337.6000,3337.2000,3337.0000,3338.8000,3339.2000,3340.4000,3341.8000,3344.6000,1,1,1,1,2,1,3,1,1,1
SF,IH2012,2020-09-02 09:34:24.700,3338.8000,22111,-1,485893860.000,1,0,1,双平,S,3338.2000,3338.0000,3337.6000,3337.2000,3337.0000,3339.2000,3340.4000,3341.8000,3344.6000,3345.8000,1,1,1,1,2,3,1,1,1,1
SF,IH2012,2020-09-02 09:34:25.200,3338.8000,22111,0,485893860.000,0,-,-,-,-,3338.4000,3338.2000,3338.0000,3337.6000,3337.2000,3339.2000,3340.4000,3341.8000,3344.6000,3345.8000,1,1,1,1,1,3,1,1,1,1
