市场代码,合约代码,时间,最新,持仓,增仓,成交额,成交量,开仓,平仓,成交类型,方向,买一价,买二价,买三价,买四价,买五价,卖一价,卖二价,卖三价,卖四价,卖五价,买一量,买二量,买三量,买四量,买五量,卖一量,卖二量,卖三量,卖四量,卖五量
SF,IH2006,2020-01-14 09:29:00.100,3101.2000,8046,0,14885760.000,16.000,-,-,-,-,3100.8000,3100.4000,3100.0000,3094.8000,3090.2000,3103.0000,3105.0000,3105.8000,3108.0000,3109.0000,1,1,3,1,1,2,3,1,2,1
SF,IH2006,2020-01-14 09:30:00.100,3103.0000,8045,-1,17677920.000,3,1,2,多平,S,3101.2000,3101.0000,3100.8000,3100.4000,3100.0000,3105.0000,3105.8000,3108.0000,3109.0000,3109.2000,3,2,1,1,3,4,1,2,1,1
SF,IH2006,2020-01-14 09:30:00.600,3105.0000,8045,0,20472420.000,3,1,2,多换,S,3103.4000,3103.0000,3101.4000,3101.2000,3101.0000,3105.0000,3105.8000,3108.0000,3109.0000,3109.2000,1,3,5,3,2,2,1,2,1,1
SF,IH2006,2020-01-14 09:30:01.100,3105.0000,8043,-2,22335420.000,2,0,2,双平,S,3103.6000,3103.4000,3103.0000,3101.2000,3101.0000,3105.8000,3108.0000,3109.0000,3109.2000,3110.0000,3,1,3,3,2,1,2,1,1,3
SF,IH2006,2020-01-14 09:30:01.600,3105.0000,8042,-1,23266920.000,1,0,1,双平,S,3105.0000,3103.8000,3103.6000,3103.4000,3103.0000,3105.8000,3108.0000,3109.0000,3109.2000,3110.0000,1,1,1,1,3,1,2,1,1,3
SF,IH2006,2020-01-14 09:30:02.100,3103.4000,8040,-2,26992080.000,4,1,3,多平,S,3103.0000,3101.2000,3101.0000,3100.8000,3100.4000,3105.8000,3108.0000,3109.0000,3109.2000,3110.0000,3,3,2,2,1,1,2,1,1,3
SF,IH2006,2020-01-14 09:30:02.600,3103.4000,8040,0,26992080.000,0,-,-,-,-,3105.4000,3105.0000,3103.4000,3103.2000,3103.0000,3105.6000,3105.8000,3108.0000,3109.0000,3109.2000,1,2,3,5,3,1,1,2,1,1
SF,IH2006,2020-01-14 09:30:03.100,3103.4000,8040,0,26992080.000,0,-,-,-,-,3105.4000,3105.0000,3103.4000,3103.2000,3103.0000,3105.6000,3105.8000,3108.0000,3109.0000,3109.2000,1,2,3,3,1,1,1,2,1,1
SF,IH2006,2020-01-14 09:30:03.600,3105.8000,8039,-1,27923820.000,1,0,1,双平,S,3105.0000,3103.4000,3103.2000,3103.0000,3101.0000,3108.0000,3109.0000,3109.2000,3110.0000,3110.8000,2,3,3,1,2,2,1,1,3,2
SF,IH2006,2020-01-14 09:30:04.100,3105.8000,8039,0,27923820.000,0,-,-,-,-,3105.2000,3105.0000,3103.4000,3103.2000,3103.0000,3107.6000,3107.8000,3108.0000,3109.0000,3109.2000,3,2,3,2,1,1,1,2,1,1
SF,IH2006,2020-01-14 09:30:04.600,3105.0000,8039,0,28855320.000,1,0,1,多换,S,3105.0000,3103.4000,3103.0000,3101.0000,3100.8000,3107.4000,3108.0000,3109.0000,3109.2000,3110.0000,1,3,1,2,2,2,2,1,1,3
SF,IH2006,2020-01-14 09:30:05.100,3105.0000,8040,1,29786820.000,1,1,0,双开,S,3103.0000,3101.0000,3100.8000,3100.4000,3100.0000,3106.4000,3107.0000,3107.4000,3108.0000,3109.0000,1,2,2,1,2,1,1,2,2,1
SF,IH2006,2020-01-14 09:30:05.600,3105.0000,8040,0,29786820.000,0,-,-,-,-,3103.2000,3103.0000,3101.0000,3100.8000,3100.4000,3105.4000,3106.2000,3107.0000,3107.4000,3108.0000,1,2,2,2,1,1,1,1,1,2
SF,IH2006,2020-01-14 09:30:06.100,3105.0000,8040,0,29786820.000,0,-,-,-,-,3103.2000,3103.0000,3101.0000,3100.8000,3100.0000,3105.2000,3105.4000,3107.0000,3107.4000,3108.0000,1,2,2,2,2,1,1,1,1,2
SF,IH2006,2020-01-14 09:30:06.600,3105.0000,8040,0,29786820.000,0,-,-,-,-,3103.0000,3101.0000,3100.8000,3100.0000,3097.2000,3105.2000,3105.4000,3107.0000,3107.4000,3108.0000,2,2,2,2,5,1,1,1,1,2
SF,IH2006,2020-01-14 09:30:07.100,3105.0000,8040,0,29786820.000,0,-,-,-,-,3103.2000,3103.0000,3101.0000,3100.8000,3100.0000,3105.2000,3105.4000,3107.0000,3107.4000,3108.0000,2,2,2,2,2,1,1,1,1,2
SF,IH2006,2020-01-14 09:30:07.600,3105.0000,8040,0,29786820.000,0,-,-,-,-,3103.0000,3101.0000,3100.8000,3100.0000,3097.2000,3105.2000,3105.4000,3107.0000,3107.4000,3108.0000,2,2,2,2,5,1,1,1,1,2
SF,IH2006,2020-01-14 09:30:08.100,3105.0000,8040,0,29786820.000,0,-,-,-,-,3104.0000,3103.0000,3101.0000,3100.8000,3100.0000,3105.2000,3105.4000,3107.0000,3107.4000,3108.0000,1,2,2,2,2,1,1,1,1,2
SF,IH2006,2020-01-14 09:30:10.100,3105.0000,8040,0,29786820.000,0,-,-,-,-,3104.0000,3103.0000,3101.0000,3100.8000,3100.0000,3105.2000,3105.4000,3107.0000,3107.4000,3108.0000,1,2,2,2,2,1,1,1,1,2
SF,IH2006,2020-01-14 09:30:10.600,3105.0000,8040,0,29786820.000,0,-,-,-,-,3104.0000,3103.0000,3101.0000,3100.8000,3100.0000,3105.0000,3105.2000,3105.4000,3107.0000,3107.4000,1,2,2,2,2,1,1,1,1,1
SF,IH2006,2020-01-14 09:30:11.100,3105.0000,8036,-4,33512820.000,4,0,4,双平,S,3104.2000,3104.0000,3103.0000,3101.0000,3100.8000,3105.4000,3107.0000,3107.4000,3108.0000,3109.0000,2,1,2,2,2,1,1,1,2,1
SF,IH2006,2020-01-14 09:30:11.600,3105.0000,8036,0,33512820.000,0,-,-,-,-,3104.4000,3104.0000,3103.0000,3101.0000,3100.8000,3105.4000,3107.0000,3107.4000,3108.0000,3109.0000,1,1,2,2,2,1,1,1,2,1
SF,IH2006,2020-01-14 09:30:12.100,3105.0000,8036,0,33512820.000,0,-,-,-,-,3105.2000,3104.4000,3104.0000,3103.0000,3101.0000,3105.4000,3107.0000,3107.4000,3108.0000,3109.0000,1,1,1,2,2,1,1,1,2,1
SF,IH2006,2020-01-14 09:30:12.600,3105.2000,8037,1,34444380.000,1,1,0,双开,S,3104.4000,3104.0000,3103.0000,3101.0000,3100.8000,3105.4000,3107.0000,3107.4000,3108.0000,3109.0000,1,1,2,2,2,1,1,1,2,1
SF,IH2006,2020-01-14 09:30:13.100,3105.2000,8037,0,34444380.000,0,-,-,-,-,3104.0000,3103.0000,3101.0000,3100.8000,3100.0000,3104.4000,3105.4000,3107.0000,3107.4000,3108.0000,1,2,2,2,2,1,1,1,1,2
SF,IH2006,2020-01-14 09:30:13.600,3104.4000,8036,-1,35375700.000,1,0,1,双平,S,3104.8000,3104.0000,3103.0000,3101.0000,3100.8000,3105.4000,3107.0000,3107.4000,3108.0000,3109.0000,2,1,2,2,2,1,1,1,2,1
SF,IH2006,2020-01-14 09:30:14.100,3105.4000,8036,0,36307320.000,1,0,1,多换,S,3104.8000,3104.0000,3103.0000,3101.0000,3100.8000,3107.0000,3107.4000,3108.0000,3109.0000,3109.2000,2,1,2,2,2,1,1,2,1,1
SF,IH2006,2020-01-14 09:30:14.600,3105.4000,8036,0,36307320.000,0,-,-,-,-,3104.0000,3103.0000,3101.0000,3100.8000,3100.0000,3106.6000,3106.8000,3107.0000,3108.0000,3109.0000,1,2,2,2,2,3,3,1,2,1
SF,IH2006,2020-01-14 09:30:15.100,3105.4000,8036,0,36307320.000,0,-,-,-,-,3104.2000,3104.0000,3103.0000,3101.0000,3100.8000,3106.2000,3106.4000,3108.0000,3109.0000,3109.2000,1,1,2,2,2,1,1,2,1,1
SF,IH2006,2020-01-14 09:30:15.600,3104.2000,8035,-1,37238580.000,1,0,1,双平,S,3104.0000,3103.0000,3101.0000,3100.8000,3100.0000,3106.0000,3106.2000,3106.4000,3108.0000,3109.0000,1,2,2,2,2,1,1,1,2,1
SF,IH2006,2020-01-14 09:30:16.100,3104.2000,8035,0,37238580.000,0,-,-,-,-,3104.2000,3104.0000,3103.0000,3101.0000,3100.8000,3105.6000,3106.0000,3106.4000,3108.0000,3109.0000,1,1,2,2,2,1,1,1,2,1
SF,IH2006,2020-01-14 09:30:16.600,3104.2000,8035,0,37238580.000,0,-,-,-,-,3104.2000,3104.0000,3103.0000,3101.0000,3100.8000,3105.4000,3108.0000,3109.0000,3109.2000,3110.0000,1,1,2,2,1,1,2,1,1,4
SF,IH2006,2020-01-14 09:30:17.100,3104.2000,8034,-1,39101100.000,2,0,2,多平,S,3104.0000,3103.0000,3101.0000,3100.8000,3100.0000,3105.4000,3108.0000,3109.0000,3109.2000,3110.0000,1,2,2,1,2,1,2,1,1,4
SF,IH2006,2020-01-14 09:30:17.600,3105.4000,8032,-2,40964280.000,2,0,2,双平,S,3104.0000,3103.0000,3101.0000,3100.8000,3100.0000,3108.0000,3109.0000,3109.2000,3110.0000,3110.8000,1,2,2,1,2,2,1,1,4,2
SF,IH2006,2020-01-14 09:30:18.100,3105.4000,8032,0,40964280.000,0,-,-,-,-,3104.2000,3104.0000,3103.0000,3101.0000,3100.8000,3107.6000,3107.8000,3108.0000,3109.0000,3109.2000,1,1,2,2,1,4,3,6,1,1
SF,IH2006,2020-01-14 09:30:18.600,3105.4000,8032,0,40964280.000,0,-,-,-,-,3104.2000,3104.0000,3103.0000,3101.0000,3100.8000,3107.4000,3107.6000,3107.8000,3108.0000,3109.0000,1,1,1,2,1,2,4,1,6,1
SF,IH2006,2020-01-14 09:30:19.100,3105.4000,8032,0,40964280.000,0,-,-,-,-,3106.0000,3104.2000,3104.0000,3103.0000,3101.0000,3107.0000,3107.2000,3107.4000,3107.8000,3108.0000,2,1,1,1,2,1,3,2,1,6
SF,IH2006,2020-01-14 09:30:19.600,3106.0000,8032,0,42827880.000,2,1,1,多换,S,3104.0000,3103.0000,3101.0000,3100.8000,3100.0000,3106.8000,3107.0000,3107.2000,3107.8000,3108.0000,1,1,2,1,2,1,1,3,1,6
SF,IH2006,2020-01-14 09:30:20.100,3104.2000,8031,-1,43759140.000,1,0,1,双平,S,3104.0000,3103.0000,3101.0000,3100.8000,3100.0000,3105.8000,3106.4000,3106.6000,3106.8000,3107.8000,1,1,2,1,2,1,1,2,1,1
SF,IH2006,2020-01-14 09:30:20.600,3105.8000,8032,1,45622560.000,2,1,1,空开,S,3105.8000,3104.2000,3104.0000,3103.0000,3101.0000,3106.0000,3106.4000,3106.6000,3106.8000,3107.8000,1,1,1,1,2,1,1,1,1,1
SF,IH2006,2020-01-14 09:30:21.100,3106.0000,8031,-1,46554360.000,1,0,1,双平,S,3105.8000,3104.2000,3104.0000,3103.0000,3101.0000,3106.4000,3106.6000,3108.0000,3109.0000,3109.2000,1,1,1,1,2,1,1,2,1,1
SF,IH2006,2020-01-14 09:30:21.600,3106.0000,8031,0,46554360.000,0,-,-,-,-,3105.8000,3104.0000,3103.0000,3101.0000,3100.8000,3106.6000,3108.0000,3109.0000,3109.2000,3110.0000,1,1,1,2,1,1,2,1,1,4
SF,IH2006,2020-01-14 09:30:22.100,3106.6000,8031,0,47486340.000,1,0,1,多换,S,3105.8000,3104.0000,3103.0000,3101.0000,3100.8000,3108.0000,3109.0000,3109.2000,3110.0000,3110.8000,1,1,1,2,1,2,1,1,4,2
SF,IH2006,2020-01-14 09:30:22.600,3106.6000,8031,0,47486340.000,0,-,-,-,-,3106.0000,3104.0000,3103.0000,3101.0000,3100.8000,3107.6000,3107.8000,3108.0000,3109.0000,3109.2000,1,1,1,2,1,1,2,2,1,1
SF,IH2006,2020-01-14 09:30:23.100,3107.6000,8030,-1,48418620.000,1,0,1,双平,S,3106.0000,3104.0000,3103.0000,3101.0000,3100.8000,3107.4000,3107.8000,3108.0000,3109.0000,3109.2000,1,1,1,2,1,1,1,2,1,1
SF,IH2006,2020-01-14 09:30:24.100,3107.6000,8030,0,48418620.000,0,-,-,-,-,3104.0000,3103.0000,3101.0000,3100.8000,3100.0000,3107.4000,3107.8000,3108.0000,3109.0000,3109.2000,1,1,2,1,2,1,1,2,1,1
SF,IH2006,2020-01-14 09:30:24.600,3107.6000,8029,-1,49350900.000,1,0,1,双平,S,3107.4000,3104.2000,3104.0000,3103.0000,3101.0000,3107.8000,3108.0000,3109.0000,3109.2000,3110.0000,1,4,1,1,2,1,2,1,1,4
SF,IH2006,2020-01-14 09:30:25.100,3107.4000,8028,-1,51215340.000,2,0,2,多平,S,3104.2000,3104.0000,3103.0000,3101.0000,3100.8000,3106.8000,3107.4000,3107.8000,3108.0000,3109.0000,2,1,1,2,1,1,2,1,2,1
SF,IH2006,2020-01-14 09:30:25.600,3107.4000,8028,0,51215340.000,0,-,-,-,-,3104.4000,3104.2000,3104.0000,3103.0000,3101.0000,3107.4000,3108.0000,3109.0000,3109.2000,3110.0000,7,1,2,1,2,2,2,1,1,4
SF,IH2006,2020-01-14 09:30:26.100,3107.4000,8027,-1,52147560.000,1,0,1,双平,S,3104.6000,3104.4000,3104.2000,3104.0000,3103.0000,3107.4000,3108.0000,3109.0000,3109.2000,3110.0000,2,3,1,2,1,1,2,1,1,4
SF,IH2006,2020-01-14 09:30:26.600,3107.4000,8027,0,52147560.000,0,-,-,-,-,3104.6000,3104.4000,3104.2000,3104.0000,3103.0000,3107.4000,3108.0000,3109.0000,3109.2000,3110.0000,2,2,1,2,1,1,2,1,1,4
SF,IH2006,2020-01-14 09:30:27.100,3107.4000,8027,0,52147560.000,0,-,-,-,-,3106.0000,3104.6000,3104.4000,3104.2000,3104.0000,3107.4000,3108.0000,3109.0000,3109.2000,3110.0000,1,2,3,1,2,1,2,1,1,4
SF,IH2006,2020-01-14 09:30:27.600,3107.4000,8026,-1,53079780.000,1,0,1,双平,S,3107.4000,3106.0000,3104.4000,3104.0000,3103.0000,3108.0000,3109.0000,3109.2000,3110.0000,3110.8000,1,1,3,2,1,2,1,1,4,2
SF,IH2006,2020-01-14 09:30:28.100,3108.0000,8025,-1,54012180.000,1,0,1,双平,S,3106.0000,3104.4000,3104.0000,3103.0000,3101.0000,3108.0000,3109.0000,3109.2000,3110.0000,3110.8000,1,1,2,1,2,1,1,1,4,2
SF,IH2006,2020-01-14 09:30:28.600,3110.0000,8021,-4,57743040.000,4,0,4,双平,S,3106.2000,3106.0000,3104.4000,3104.0000,3103.0000,3110.0000,3110.8000,3112.0000,3113.0000,3113.6000,3,1,1,2,1,3,2,1,2,5
SF,IH2006,2020-01-14 09:30:29.100,3106.2000,8020,-1,58674900.000,1,0,1,双平,S,3106.2000,3106.0000,3104.4000,3104.0000,3103.0000,3109.8000,3110.0000,3110.8000,3112.0000,3113.0000,2,1,1,2,1,3,3,2,1,2
SF,IH2006,2020-01-14 09:30:29.600,3106.2000,8020,0,58674900.000,0,-,-,-,-,3106.2000,3106.0000,3104.4000,3104.0000,3103.0000,3109.6000,3109.8000,3110.0000,3110.8000,3112.0000,3,1,1,2,1,1,3,3,2,1
SF,IH2006,2020-01-14 09:30:30.100,3106.2000,8020,0,58674900.000,0,-,-,-,-,3106.2000,3106.0000,3104.4000,3104.0000,3103.0000,3109.4000,3109.6000,3109.8000,3110.0000,3110.8000,2,1,1,2,1,2,1,1,3,2
SF,IH2006,2020-01-14 09:30:30.600,3106.2000,8020,0,58674900.000,0,-,-,-,-,3106.2000,3106.0000,3104.4000,3104.0000,3103.0000,3109.2000,3109.4000,3109.8000,3110.0000,3110.8000,3,1,1,2,1,1,2,2,3,2
SF,IH2006,2020-01-14 09:30:31.100,3106.2000,8020,0,58674900.000,0,-,-,-,-,3106.4000,3106.2000,3106.0000,3104.4000,3104.0000,3109.0000,3109.2000,3109.8000,3110.0000,3110.8000,3,5,1,1,2,1,1,2,3,2
SF,IH2006,2020-01-14 09:30:31.600,3106.2000,8020,0,58674900.000,0,-,-,-,-,3106.6000,3106.4000,3106.2000,3106.0000,3104.4000,3109.0000,3109.8000,3110.0000,3110.8000,3112.0000,3,4,4,1,1,1,2,3,2,1
SF,IH2006,2020-01-14 09:30:32.100,3106.2000,8020,0,58674900.000,0,-,-,-,-,3106.8000,3106.6000,3106.4000,3106.2000,3106.0000,3109.0000,3109.8000,3110.0000,3110.8000,3112.0000,1,3,3,4,1,1,1,3,2,1
SF,IH2006,2020-01-14 09:30:32.600,3106.2000,8020,0,58674900.000,0,-,-,-,-,3107.0000,3106.8000,3106.6000,3106.4000,3106.2000,3108.8000,3109.0000,3109.8000,3110.0000,3110.8000,1,2,1,2,4,1,1,1,3,2
SF,IH2006,2020-01-14 09:30:33.100,3106.2000,8020,0,58674900.000,0,-,-,-,-,3107.2000,3107.0000,3106.8000,3106.4000,3106.2000,3108.6000,3108.8000,3109.8000,3110.0000,3110.8000,1,4,2,2,4,1,1,1,3,2
SF,IH2006,2020-01-14 09:30:33.600,3106.2000,8020,0,58674900.000,0,-,-,-,-,3107.2000,3107.0000,3106.8000,3106.4000,3106.2000,3108.4000,3108.6000,3109.8000,3110.0000,3110.8000,1,2,1,2,4,1,1,1,3,2
SF,IH2006,2020-01-14 09:30:34.100,3106.2000,8020,0,58674900.000,0,-,-,-,-,3107.0000,3106.4000,3106.2000,3106.0000,3104.4000,3108.4000,3108.6000,3110.0000,3110.8000,3112.0000,2,3,2,1,1,1,1,3,2,1
SF,IH2006,2020-01-14 09:30:34.600,3108.6000,8019,-1,59607480.000,1,0,1,双平,S,3107.2000,3107.0000,3106.4000,3106.2000,3106.0000,3110.0000,3110.8000,3112.0000,3113.0000,3113.6000,2,2,2,1,1,3,2,1,2,5
SF,IH2006,2020-01-14 09:30:35.100,3107.4000,8018,-1,60539700.000,1,0,1,双平,S,3107.2000,3107.0000,3106.4000,3106.2000,3106.0000,3109.8000,3110.0000,3110.8000,3112.0000,3113.0000,2,1,2,1,1,2,3,2,1,2
SF,IH2006,2020-01-14 09:30:35.600,3107.4000,8018,0,60539700.000,0,-,-,-,-,3107.4000,3107.2000,3107.0000,3106.4000,3106.2000,3109.6000,3109.8000,3110.0000,3110.8000,3112.0000,1,1,2,2,1,1,2,3,2,1
SF,IH2006,2020-01-14 09:30:36.100,3107.4000,8018,0,60539700.000,0,-,-,-,-,3107.6000,3107.4000,3107.2000,3107.0000,3106.4000,3109.4000,3109.6000,3110.0000,3110.8000,3112.0000,1,1,1,2,2,2,1,3,2,1
SF,IH2006,2020-01-14 09:30:36.600,3107.4000,8018,0,60539700.000,0,-,-,-,-,3107.6000,3107.4000,3107.2000,3107.0000,3106.4000,3109.2000,3109.4000,3109.6000,3110.0000,3110.8000,1,1,1,2,2,1,2,1,3,2
SF,IH2006,2020-01-14 09:30:37.100,3107.4000,8018,0,60539700.000,0,-,-,-,-,3107.4000,3107.2000,3107.0000,3106.4000,3106.0000,3109.0000,3109.2000,3109.4000,3109.6000,3110.0000,1,1,2,1,1,1,1,1,1,3
SF,IH2006,2020-01-14 09:30:37.600,3107.4000,8018,0,60539700.000,0,-,-,-,-,3107.6000,3107.4000,3107.2000,3107.0000,3106.4000,3109.0000,3109.2000,3109.4000,3109.6000,3110.0000,1,1,1,2,1,1,1,1,1,3
SF,IH2006,2020-01-14 09:30:38.100,3107.4000,8018,0,60539700.000,0,-,-,-,-,3107.6000,3107.4000,3107.2000,3107.0000,3106.4000,3108.8000,3109.0000,3109.2000,3109.4000,3109.6000,1,1,1,2,1,1,1,1,1,1
SF,IH2006,2020-01-14 09:30:38.600,3107.4000,8018,0,60539700.000,0,-,-,-,-,3107.8000,3107.6000,3107.2000,3107.0000,3106.4000,3108.8000,3109.2000,3109.4000,3110.0000,3110.8000,1,1,1,2,1,1,1,1,3,2
SF,IH2006,2020-01-14 09:30:39.100,3107.4000,8018,0,60539700.000,0,-,-,-,-,3108.0000,3107.8000,3107.6000,3107.2000,3107.0000,3108.8000,3109.4000,3110.0000,3110.8000,3112.0000,1,1,1,1,2,1,1,3,2,1
SF,IH2006,2020-01-14 09:30:39.600,3107.4000,8018,0,60539700.000,0,-,-,-,-,3108.0000,3107.8000,3107.6000,3107.2000,3107.0000,3110.0000,3110.8000,3112.0000,3112.2000,3113.0000,1,1,1,1,2,3,2,1,1,2
SF,IH2006,2020-01-14 09:30:40.100,3107.4000,8018,0,60539700.000,0,-,-,-,-,3108.2000,3108.0000,3107.6000,3107.2000,3107.0000,3109.8000,3110.0000,3110.8000,3112.0000,3112.2000,1,1,1,1,2,2,3,2,1,1
SF,IH2006,2020-01-14 09:30:40.600,3107.4000,8018,0,60539700.000,0,-,-,-,-,3108.4000,3108.0000,3107.6000,3107.2000,3107.0000,3109.6000,3109.8000,3110.0000,3110.8000,3112.0000,1,1,1,1,2,1,2,3,2,1
SF,IH2006,2020-01-14 09:30:41.100,3108.4000,8018,0,61472220.000,1,0,1,多换,S,3108.0000,3107.6000,3107.2000,3107.0000,3106.4000,3109.4000,3109.6000,3109.8000,3110.0000,3110.8000,1,1,1,2,1,2,1,1,3,2
SF,IH2006,2020-01-14 09:30:41.600,3108.0000,8018,0,62404620.000,1,0,1,多换,S,3108.2000,3107.6000,3107.2000,3107.0000,3106.4000,3109.2000,3109.4000,3109.6000,3109.8000,3110.0000,1,1,1,2,1,1,2,1,1,3
SF,IH2006,2020-01-14 09:30:42.100,3108.2000,8018,0,63337080.000,1,0,1,多换,S,3107.6000,3107.2000,3107.0000,3106.4000,3104.4000,3109.0000,3109.2000,3109.4000,3109.6000,3109.8000,1,1,2,1,1,1,1,1,1,1
SF,IH2006,2020-01-14 09:30:42.600,3108.2000,8018,0,63337080.000,0,-,-,-,-,3107.0000,3106.4000,3104.4000,3104.0000,3103.0000,3108.8000,3109.0000,3109.2000,3109.4000,3109.6000,2,1,1,1,1,1,1,1,1,1
SF,IH2006,2020-01-14 09:30:43.100,3108.2000,8018,0,63337080.000,0,-,-,-,-,3107.2000,3107.0000,3104.4000,3104.0000,3103.0000,3108.6000,3108.8000,3109.2000,3109.4000,3109.6000,2,2,1,1,1,1,1,1,1,1
SF,IH2006,2020-01-14 09:30:43.600,3108.2000,8018,0,63337080.000,0,-,-,-,-,3107.2000,3107.0000,3104.4000,3104.0000,3103.0000,3108.4000,3108.6000,3108.8000,3109.2000,3109.4000,2,2,1,1,1,1,1,1,1,1
SF,IH2006,2020-01-14 09:30:44.100,3108.2000,8018,0,63337080.000,0,-,-,-,-,3107.4000,3107.2000,3107.0000,3104.4000,3104.0000,3108.2000,3108.4000,3108.8000,3109.2000,3109.4000,1,1,2,1,1,1,1,1,1,1
SF,IH2006,2020-01-14 09:30:44.600,3107.4000,8018,0,64269300.000,1,0,1,多换,S,3107.6000,3107.2000,3107.0000,3104.4000,3104.0000,3108.2000,3108.4000,3108.8000,3109.2000,3109.4000,1,1,2,1,1,1,1,1,1,1
SF,IH2006,2020-01-14 09:30:45.100,3107.6000,8018,0,65201580.000,1,0,1,多换,S,3107.2000,3107.0000,3104.4000,3104.0000,3103.0000,3108.2000,3108.4000,3108.8000,3109.2000,3109.4000,1,2,1,1,1,2,1,1,1,1
SF,IH2006,2020-01-14 09:30:46.100,3107.6000,8018,0,66133860.000,1,0,1,多换,S,3107.2000,3107.0000,3104.4000,3104.0000,3103.0000,3108.2000,3108.4000,3108.8000,3109.2000,3109.4000,1,2,1,1,1,2,1,1,1,1
SF,IH2006,2020-01-14 09:30:46.600,3107.6000,8018,0,66133860.000,0,-,-,-,-,3107.0000,3104.4000,3104.0000,3103.0000,3101.0000,3108.2000,3108.4000,3108.8000,3109.2000,3109.4000,2,1,1,1,2,2,1,1,1,1
SF,IH2006,2020-01-14 09:30:47.100,3108.2000,8019,1,68930520.000,3,2,1,空开,S,3107.2000,3106.0000,3104.4000,3104.0000,3103.0000,3108.2000,3108.4000,3108.8000,3109.2000,3109.4000,1,2,1,1,1,1,1,1,1,1
SF,IH2006,2020-01-14 09:30:47.600,3107.2000,8019,0,69862680.000,1,0,1,多换,S,3106.0000,3104.4000,3104.0000,3103.0000,3101.0000,3108.2000,3108.4000,3108.8000,3109.2000,3109.4000,2,1,1,1,2,1,1,1,1,1
SF,IH2006,2020-01-14 09:30:48.100,3107.2000,8019,0,69862680.000,0,-,-,-,-,3106.2000,3106.0000,3104.0000,3103.0000,3101.0000,3108.0000,3108.2000,3108.4000,3108.8000,3109.2000,2,3,1,1,2,2,1,1,1,1
SF,IH2006,2020-01-14 09:30:48.600,3107.2000,8019,0,69862680.000,0,-,-,-,-,3106.2000,3106.0000,3104.0000,3103.0000,3101.0000,3107.8000,3108.0000,3108.2000,3108.4000,3108.8000,2,2,1,1,2,1,2,1,1,1
SF,IH2006,2020-01-14 09:30:49.100,3107.2000,8019,0,69862680.000,0,-,-,-,-,3106.2000,3106.0000,3104.0000,3103.0000,3101.0000,3107.8000,3108.0000,3108.2000,3108.4000,3108.8000,2,2,1,1,2,1,1,1,1,1
SF,IH2006,2020-01-14 09:30:50.100,3107.8000,8019,0,70795020.000,1,0,1,多换,S,3106.2000,3106.0000,3104.0000,3103.0000,3101.0000,3108.0000,3108.2000,3108.4000,3108.8000,3109.2000,2,2,1,1,2,1,1,1,1,1
SF,IH2006,2020-01-14 09:30:50.600,3107.8000,8019,0,70795020.000,0,-,-,-,-,3106.4000,3106.2000,3106.0000,3104.0000,3103.0000,3107.8000,3108.0000,3108.2000,3108.4000,3108.8000,1,2,2,1,1,1,1,1,1,1
SF,IH2006,2020-01-14 09:30:51.100,3107.8000,8019,0,70795020.000,0,-,-,-,-,3106.6000,3106.4000,3106.2000,3106.0000,3104.0000,3107.8000,3108.0000,3108.2000,3108.4000,3108.8000,1,1,1,2,1,1,1,1,1,1
SF,IH2006,2020-01-14 09:30:51.600,3107.8000,8019,0,70795020.000,0,-,-,-,-,3106.8000,3106.6000,3106.2000,3106.0000,3104.0000,3107.8000,3108.0000,3108.2000,3108.4000,3108.8000,1,1,1,2,1,1,1,1,1,1
SF,IH2006,2020-01-14 09:30:52.100,3107.8000,8019,0,70795020.000,0,-,-,-,-,3106.6000,3106.2000,3106.0000,3104.0000,3103.0000,3107.6000,3107.8000,3108.2000,3108.4000,3108.8000,1,1,2,1,1,1,1,1,1,1
SF,IH2006,2020-01-14 09:30:52.600,3107.6000,8019,0,71727300.000,1,0,1,多换,S,3106.6000,3106.2000,3106.0000,3104.0000,3103.0000,3107.8000,3108.2000,3108.4000,3108.8000,3109.4000,1,1,2,1,1,1,1,1,1,1
SF,IH2006,2020-01-14 09:30:53.100,3106.8000,8017,-2,73591380.000,2,0,2,双平,S,3106.8000,3106.6000,3106.2000,3106.0000,3104.0000,3107.8000,3108.2000,3108.4000,3109.4000,3110.0000,2,1,1,2,1,1,1,1,1,3
SF,IH2006,2020-01-14 09:30:53.600,3106.8000,8017,0,73591380.000,0,-,-,-,-,3107.0000,3106.8000,3106.2000,3106.0000,3104.0000,3107.8000,3108.2000,3108.4000,3109.4000,3110.0000,1,2,1,2,1,1,1,1,1,3
SF,IH2006,2020-01-14 09:30:54.100,3107.8000,8017,0,74523720.000,1,0,1,多换,S,3107.0000,3106.8000,3106.2000,3106.0000,3104.0000,3108.2000,3109.4000,3110.0000,3110.8000,3112.0000,1,2,1,2,1,1,1,3,2,1
SF,IH2006,2020-01-14 09:30:54.600,3107.8000,8017,0,74523720.000,0,-,-,-,-,3107.2000,3107.0000,3106.8000,3106.2000,3106.0000,3109.4000,3110.0000,3110.8000,3112.0000,3112.2000,2,1,2,1,3,1,3,2,1,1
SF,IH2006,2020-01-14 09:30:55.100,3107.8000,8017,0,74523720.000,0,-,-,-,-,3107.4000,3107.2000,3106.8000,3106.2000,3106.0000,3108.6000,3109.2000,3109.4000,3110.0000,3110.8000,1,2,1,1,3,1,2,1,3,2
SF,IH2006,2020-01-14 09:30:55.600,3107.8000,8017,0,74523720.000,0,-,-,-,-,3107.6000,3107.4000,3107.2000,3106.8000,3106.2000,3108.6000,3109.2000,3109.4000,3110.0000,3110.8000,1,1,1,1,1,1,1,1,3,2
SF,IH2006,2020-01-14 09:30:56.100,3107.8000,8017,0,74523720.000,0,-,-,-,-,3107.6000,3107.4000,3106.8000,3106.2000,3106.0000,3108.6000,3109.2000,3109.4000,3110.0000,3110.8000,1,1,1,1,4,1,1,1,3,2
SF,IH2006,2020-01-14 09:30:56.600,3107.6000,8017,0,75456000.000,1,0,1,多换,S,3107.4000,3106.8000,3106.2000,3106.0000,3104.0000,3108.4000,3108.6000,3109.4000,3110.0000,3110.8000,1,1,1,4,1,1,1,1,3,2
SF,IH2006,2020-01-14 09:30:57.100,3107.4000,8017,0,76388220.000,1,0,1,多换,S,3106.8000,3106.2000,3106.0000,3104.0000,3103.8000,3107.4000,3108.4000,3108.6000,3109.4000,3110.0000,1,1,4,1,1,1,2,1,1,3
SF,IH2006,2020-01-14 09:30:57.600,3107.4000,8017,0,76388220.000,0,-,-,-,-,3106.2000,3106.0000,3104.0000,3103.8000,3103.0000,3107.4000,3108.4000,3108.6000,3109.4000,3110.0000,1,4,1,1,1,1,2,1,1,3
SF,IH2006,2020-01-14 09:30:58.100,3107.4000,8017,0,76388220.000,0,-,-,-,-,3106.2000,3106.0000,3104.0000,3103.8000,3103.0000,3107.2000,3108.4000,3108.6000,3109.4000,3110.0000,1,4,1,1,1,1,1,1,1,3
SF,IH2006,2020-01-14 09:30:58.600,3107.2000,8016,-1,78252300.000,2,0,2,多平,S,3106.2000,3106.0000,3104.0000,3103.8000,3103.0000,3108.4000,3108.6000,3109.4000,3110.0000,3110.8000,1,4,1,1,1,1,1,1,3,2
SF,IH2006,2020-01-14 09:30:59.100,3107.2000,8016,0,78252300.000,0,-,-,-,-,3106.4000,3106.2000,3106.0000,3104.0000,3103.8000,3108.2000,3108.4000,3108.6000,3109.4000,3110.0000,1,1,4,1,1,1,1,1,1,3
SF,IH2006,2020-01-14 09:30:59.600,3107.2000,8016,0,78252300.000,0,-,-,-,-,3106.4000,3106.2000,3106.0000,3104.0000,3103.8000,3108.0000,3108.2000,3108.6000,3109.4000,3110.0000,1,1,4,1,1,1,1,1,1,3
SF,IH2006,2020-01-14 09:31:00.100,3107.2000,8016,0,78252300.000,0,-,-,-,-,3106.4000,3106.2000,3106.0000,3104.0000,3103.8000,3108.0000,3108.6000,3109.4000,3110.0000,3110.8000,1,1,4,1,1,1,1,1,3,2
SF,IH2006,2020-01-14 09:31:00.600,3107.2000,8016,0,78252300.000,0,-,-,-,-,3106.6000,3106.4000,3106.2000,3106.0000,3104.0000,3107.6000,3108.0000,3108.6000,3109.4000,3110.0000,2,1,1,4,1,1,2,1,1,3
SF,IH2006,2020-01-14 09:31:01.100,3107.6000,8016,0,79184580.000,1,0,1,多换,S,3107.6000,3106.8000,3106.6000,3106.2000,3106.0000,3108.0000,3108.6000,3109.4000,3110.0000,3110.8000,1,1,2,1,4,1,1,1,3,2
SF,IH2006,2020-01-14 09:31:01.600,3107.6000,8016,0,79184580.000,0,-,-,-,-,3106.8000,3106.6000,3106.2000,3106.0000,3104.0000,3108.0000,3108.6000,3109.4000,3110.0000,3110.8000,1,1,1,4,1,1,1,1,3,2
SF,IH2006,2020-01-14 09:31:02.100,3107.6000,8016,0,79184580.000,0,-,-,-,-,3107.0000,3106.8000,3106.6000,3106.2000,3106.0000,3108.0000,3108.6000,3109.4000,3110.0000,3110.8000,1,1,1,1,4,1,1,1,3,2
SF,IH2006,2020-01-14 09:31:03.600,3108.0000,8016,0,80116980.000,1,0,1,多换,S,3106.8000,3106.6000,3106.2000,3106.0000,3104.0000,3108.6000,3109.4000,3110.0000,3110.8000,3112.0000,1,1,1,4,1,1,1,3,2,1
SF,IH2006,2020-01-14 09:31:04.100,3108.0000,8016,0,80116980.000,0,-,-,-,-,3107.0000,3106.8000,3106.6000,3106.2000,3106.0000,3108.4000,3108.6000,3109.4000,3110.0000,3110.8000,1,1,1,1,4,2,1,1,3,2
SF,IH2006,2020-01-14 09:31:05.600,3108.0000,8016,0,80116980.000,0,-,-,-,-,3107.2000,3107.0000,3106.8000,3106.6000,3106.2000,3108.4000,3108.6000,3109.4000,3110.0000,3110.8000,1,1,1,1,1,2,1,1,3,2
SF,IH2006,2020-01-14 09:31:07.100,3108.0000,8016,0,80116980.000,0,-,-,-,-,3107.2000,3107.0000,3106.8000,3106.6000,3106.2000,3108.4000,3108.6000,3109.4000,3110.0000,3110.8000,1,1,1,1,1,2,1,1,3,2
SF,IH2006,2020-01-14 09:31:07.600,3108.0000,8016,0,80116980.000,0,-,-,-,-,3107.4000,3107.2000,3107.0000,3106.8000,3106.6000,3108.4000,3108.6000,3109.4000,3110.0000,3110.8000,1,2,1,1,1,2,1,1,3,2
SF,IH2006,2020-01-14 09:31:08.100,3108.0000,8016,0,80116980.000,0,-,-,-,-,3107.4000,3107.2000,3107.0000,3106.8000,3106.6000,3108.4000,3109.4000,3110.0000,3110.8000,3112.0000,1,2,1,1,1,1,1,3,2,1
SF,IH2006,2020-01-14 09:31:08.600,3108.0000,8016,0,80116980.000,0,-,-,-,-,3107.6000,3107.4000,3107.2000,3107.0000,3106.6000,3109.4000,3110.0000,3110.8000,3112.0000,3112.2000,1,1,2,1,1,1,3,2,1,1
SF,IH2006,2020-01-14 09:31:09.100,3108.0000,8016,0,80116980.000,0,-,-,-,-,3108.4000,3107.6000,3107.4000,3107.2000,3107.0000,3109.2000,3109.4000,3110.0000,3110.8000,3112.0000,1,1,1,1,1,2,1,3,2,1
SF,IH2006,2020-01-14 09:31:09.600,3108.0000,8016,0,80116980.000,0,-,-,-,-,3108.4000,3107.8000,3107.6000,3107.4000,3107.2000,3109.2000,3109.4000,3110.0000,3110.8000,3112.0000,1,1,1,1,1,2,1,3,2,1
SF,IH2006,2020-01-14 09:31:10.100,3108.0000,8016,0,80116980.000,0,-,-,-,-,3108.4000,3107.8000,3107.6000,3107.4000,3107.2000,3109.2000,3109.4000,3110.0000,3110.8000,3112.0000,1,1,1,1,1,2,1,3,2,1
SF,IH2006,2020-01-14 09:31:11.600,3108.4000,8016,0,81049500.000,1,0,1,多换,S,3107.6000,3107.4000,3107.2000,3107.0000,3106.6000,3109.2000,3109.4000,3110.0000,3110.8000,3112.0000,1,1,1,1,1,2,1,3,2,1
SF,IH2006,2020-01-14 09:31:12.600,3108.4000,8016,0,81049500.000,0,-,-,-,-,3107.8000,3107.6000,3107.4000,3107.2000,3107.0000,3109.2000,3109.4000,3110.0000,3110.8000,3112.0000,2,1,1,1,1,2,1,3,2,1
SF,IH2006,2020-01-14 09:31:13.100,3108.4000,8016,0,81049500.000,0,-,-,-,-,3108.0000,3107.8000,3107.4000,3107.2000,3107.0000,3108.4000,3109.4000,3110.0000,3110.8000,3112.0000,1,3,1,1,1,1,1,3,2,1
SF,IH2006,2020-01-14 09:31:13.600,3108.4000,8016,0,81982020.000,1,0,1,多换,S,3109.0000,3108.4000,3108.2000,3107.8000,3107.4000,3109.4000,3110.0000,3110.8000,3112.0000,3112.2000,2,3,1,2,1,1,3,2,1,1
SF,IH2006,2020-01-14 09:31:14.100,3108.2000,8016,0,84779520.000,3,1,2,多换,S,3107.8000,3107.4000,3107.2000,3107.0000,3106.6000,3109.4000,3110.0000,3110.8000,3112.0000,3112.2000,1,1,1,1,1,1,3,2,1,1
SF,IH2006,2020-01-14 09:31:14.600,3108.0000,8016,0,85711920.000,1,0,1,多换,S,3108.0000,3107.8000,3107.4000,3107.2000,3107.0000,3109.4000,3110.0000,3110.8000,3112.0000,3112.2000,1,1,1,1,1,1,3,2,1,1
SF,IH2006,2020-01-14 09:31:15.100,3108.0000,8016,0,87576720.000,2,1,1,多换,S,3108.2000,3108.0000,3107.8000,3107.4000,3107.2000,3109.2000,3109.4000,3110.0000,3110.8000,3112.0000,1,1,1,1,1,1,1,3,2,1
SF,IH2006,2020-01-14 09:31:15.600,3108.0000,8017,1,88509120.000,1,1,0,双开,S,3107.8000,3107.4000,3107.2000,3107.0000,3106.6000,3109.2000,3109.4000,3110.0000,3110.8000,3112.0000,1,1,1,1,1,1,1,3,2,1
SF,IH2006,2020-01-14 09:31:16.100,3108.0000,8017,0,88509120.000,0,-,-,-,-,3108.6000,3107.8000,3107.4000,3107.2000,3107.0000,3109.2000,3109.4000,3110.0000,3110.8000,3112.0000,1,1,1,1,1,1,1,3,2,1
SF,IH2006,2020-01-14 09:31:16.600,3108.0000,8017,0,88509120.000,0,-,-,-,-,3108.6000,3107.8000,3107.4000,3107.2000,3107.0000,3109.0000,3109.2000,3109.4000,3110.0000,3110.8000,1,1,1,1,1,1,1,1,3,2
SF,IH2006,2020-01-14 09:31:17.100,3108.0000,8017,0,88509120.000,0,-,-,-,-,3108.6000,3107.8000,3107.4000,3107.2000,3107.0000,3109.0000,3109.2000,3109.4000,3110.0000,3110.8000,1,1,1,1,1,1,1,1,3,2
SF,IH2006,2020-01-14 09:31:17.600,3108.6000,8016,-1,90374340.000,2,0,2,多平,S,3107.8000,3107.4000,3107.2000,3107.0000,3106.6000,3108.8000,3109.0000,3109.4000,3110.0000,3110.8000,1,1,1,1,1,1,1,1,3,2
SF,IH2006,2020-01-14 09:31:18.600,3108.6000,8016,0,90374340.000,0,-,-,-,-,3107.8000,3107.4000,3107.2000,3107.0000,3106.6000,3109.0000,3109.4000,3109.6000,3110.0000,3110.8000,1,1,1,1,1,1,1,1,3,2
SF,IH2006,2020-01-14 09:31:19.100,3108.6000,8016,0,90374340.000,0,-,-,-,-,3108.0000,3107.8000,3107.4000,3107.2000,3107.0000,3109.0000,3109.4000,3109.6000,3110.0000,3110.8000,1,1,1,1,1,1,1,1,3,2
SF,IH2006,2020-01-14 09:31:19.600,3108.6000,8016,0,90374340.000,0,-,-,-,-,3108.0000,3107.8000,3107.4000,3107.2000,3107.0000,3109.0000,3109.4000,3109.6000,3110.0000,3110.8000,1,2,1,1,1,1,1,1,3,2
SF,IH2006,2020-01-14 09:31:20.100,3108.6000,8016,0,90374340.000,0,-,-,-,-,3108.0000,3107.8000,3107.4000,3107.2000,3107.0000,3109.4000,3109.6000,3110.0000,3110.8000,3112.0000,1,2,1,1,1,1,1,3,2,1
SF,IH2006,2020-01-14 09:31:20.600,3108.6000,8016,0,90374340.000,0,-,-,-,-,3108.2000,3108.0000,3107.8000,3107.4000,3107.2000,3109.4000,3109.6000,3110.0000,3110.8000,3112.0000,1,1,1,1,1,1,1,3,2,1
SF,IH2006,2020-01-14 09:31:21.100,3108.6000,8016,0,90374340.000,0,-,-,-,-,3108.4000,3108.2000,3108.0000,3107.8000,3107.4000,3109.4000,3109.6000,3110.0000,3110.8000,3112.0000,1,2,1,1,1,1,1,3,2,1
SF,IH2006,2020-01-14 09:31:21.600,3108.6000,8016,0,90374340.000,0,-,-,-,-,3108.4000,3108.2000,3108.0000,3107.8000,3107.4000,3109.2000,3109.4000,3109.6000,3110.0000,3110.8000,1,2,1,1,1,1,1,1,3,2
SF,IH2006,2020-01-14 09:31:22.100,3108.6000,8016,0,90374340.000,0,-,-,-,-,3108.2000,3108.0000,3107.8000,3107.4000,3107.2000,3109.4000,3109.6000,3110.0000,3110.8000,3112.0000,1,1,1,1,1,1,1,3,2,1
SF,IH2006,2020-01-14 09:31:22.600,3108.6000,8016,0,90374340.000,0,-,-,-,-,3108.4000,3108.2000,3108.0000,3107.8000,3107.4000,3109.4000,3109.6000,3110.0000,3110.8000,3112.0000,1,1,1,1,1,1,1,3,2,1
SF,IH2006,2020-01-14 09:31:23.100,3108.4000,8015,-1,91306860.000,1,0,1,双平,S,3108.2000,3108.0000,3107.8000,3107.4000,3107.2000,3109.0000,3109.4000,3109.6000,3110.0000,3110.8000,1,1,1,1,1,1,1,1,3,2
SF,IH2006,2020-01-14 09:31:23.600,3109.0000,8015,0,92239560.000,1,0,1,多换,S,3108.2000,3108.0000,3107.8000,3107.4000,3107.2000,3109.4000,3109.6000,3110.0000,3110.8000,3112.0000,1,1,1,1,1,1,1,3,2,1
SF,IH2006,2020-01-14 09:31:24.100,3109.0000,8015,0,92239560.000,0,-,-,-,-,3108.4000,3108.2000,3108.0000,3107.8000,3107.4000,3109.2000,3109.4000,3109.6000,3110.0000,3110.8000,1,1,1,1,1,1,1,1,3,2
SF,IH2006,2020-01-14 09:31:24.600,3109.0000,8015,0,92239560.000,0,-,-,-,-,3108.2000,3108.0000,3107.4000,3107.2000,3107.0000,3109.2000,3109.4000,3109.6000,3110.0000,3110.8000,1,1,1,1,1,1,1,1,3,2
SF,IH2006,2020-01-14 09:31:25.100,3109.0000,8015,0,92239560.000,0,-,-,-,-,3108.2000,3108.0000,3107.4000,3107.2000,3107.0000,3108.6000,3109.4000,3109.6000,3110.0000,3110.8000,1,1,1,1,1,1,1,1,3,2
SF,IH2006,2020-01-14 09:31:25.600,3108.6000,8014,-1,93172140.000,1,0,1,双平,S,3108.8000,3108.6000,3108.2000,3108.0000,3107.4000,3109.4000,3109.6000,3110.0000,3110.8000,3112.0000,1,2,1,1,1,1,1,3,2,1
SF,IH2006,2020-01-14 09:31:26.100,3108.6000,8014,0,93172140.000,0,-,-,-,-,3108.2000,3108.0000,3107.4000,3107.2000,3107.0000,3108.8000,3109.4000,3109.6000,3110.0000,3110.8000,1,1,1,1,1,1,1,1,3,2
SF,IH2006,2020-01-14 09:31:26.600,3108.8000,8014,0,94104780.000,1,0,1,多换,S,3108.8000,3108.4000,3108.2000,3108.0000,3107.4000,3109.2000,3109.4000,3109.6000,3110.0000,3110.8000,1,1,1,1,1,1,1,1,3,2
SF,IH2006,2020-01-14 09:31:27.100,3109.4000,8014,0,95970360.000,2,1,1,多换,S,3108.8000,3108.4000,3108.2000,3108.0000,3107.4000,3109.6000,3110.0000,3110.8000,3112.0000,3112.2000,1,1,1,1,1,1,3,2,1,1
SF,IH2006,2020-01-14 09:31:27.600,3109.0000,8013,-1,96903060.000,1,0,1,双平,S,3108.8000,3108.4000,3108.2000,3108.0000,3107.4000,3109.6000,3110.0000,3110.8000,3112.0000,3112.2000,1,1,1,1,1,1,3,2,1,1
SF,IH2006,2020-01-14 09:31:28.100,3109.0000,8013,0,96903060.000,0,-,-,-,-,3108.8000,3108.4000,3108.0000,3107.4000,3107.2000,3109.6000,3110.0000,3110.8000,3112.0000,3112.2000,1,1,1,1,1,1,3,2,1,1
SF,IH2006,2020-01-14 09:31:28.600,3109.0000,8013,0,96903060.000,0,-,-,-,-,3108.8000,3108.4000,3108.0000,3107.4000,3107.2000,3109.6000,3110.0000,3110.8000,3112.0000,3112.2000,1,1,1,1,1,1,3,2,1,1
SF,IH2006,2020-01-14 09:31:29.100,3109.0000,8013,0,96903060.000,0,-,-,-,-,3108.4000,3107.4000,3107.2000,3107.0000,3106.6000,3109.6000,3110.0000,3110.8000,3112.0000,3112.2000,1,1,1,1,1,1,3,2,1,1
SF,IH2006,2020-01-14 09:31:29.600,3109.0000,8013,0,96903060.000,0,-,-,-,-,3108.4000,3107.4000,3107.0000,3106.6000,3106.2000,3109.4000,3109.6000,3110.0000,3110.8000,3112.0000,1,1,1,1,1,1,1,3,2,1
SF,IH2006,2020-01-14 09:31:30.600,3109.0000,8013,0,96903060.000,0,-,-,-,-,3108.4000,3107.4000,3107.0000,3106.6000,3106.2000,3109.4000,3109.6000,3110.0000,3110.8000,3112.0000,1,1,1,1,1,1,1,3,2,1
SF,IH2006,2020-01-14 09:31:31.100,3109.0000,8013,0,96903060.000,0,-,-,-,-,3107.4000,3107.0000,3106.6000,3106.2000,3106.0000,3109.2000,3109.4000,3109.6000,3110.0000,3110.8000,1,1,1,1,3,1,1,1,3,2
SF,IH2006,2020-01-14 09:31:31.600,3109.2000,8014,1,98768520.000,2,1,1,空开,S,3109.4000,3107.6000,3107.4000,3107.0000,3106.6000,3109.6000,3110.0000,3110.8000,3112.0000,3112.2000,3,2,1,1,1,1,3,2,1,1
SF,IH2006,2020-01-14 09:31:32.100,3109.4000,8014,0,101566980.000,3,1,2,多换,S,3107.6000,3107.4000,3107.0000,3106.6000,3106.0000,3109.0000,3109.4000,3109.6000,3110.0000,3110.8000,2,1,1,1,3,2,2,1,3,2
SF,IH2006,2020-01-14 09:31:32.600,3109.4000,8014,0,101566980.000,0,-,-,-,-,3107.8000,3107.6000,3107.4000,3107.0000,3106.6000,3109.4000,3109.6000,3110.0000,3110.8000,3112.0000,1,2,1,1,1,2,1,3,2,1
SF,IH2006,2020-01-14 09:31:33.100,3109.4000,8014,0,101566980.000,0,-,-,-,-,3108.0000,3107.8000,3107.6000,3107.4000,3107.0000,3109.4000,3109.6000,3110.0000,3110.8000,3112.0000,1,1,1,1,1,2,1,3,2,1
SF,IH2006,2020-01-14 09:31:33.600,3109.4000,8014,0,101566980.000,0,-,-,-,-,3108.0000,3107.6000,3107.4000,3107.0000,3106.6000,3109.4000,3109.6000,3110.0000,3110.8000,3112.0000,1,1,1,1,1,2,1,4,2,1
SF,IH2006,2020-01-14 09:31:34.100,3109.4000,8014,0,101566980.000,0,-,-,-,-,3108.2000,3108.0000,3107.6000,3107.4000,3107.0000,3109.4000,3109.6000,3110.0000,3110.8000,3112.0000,1,1,1,1,1,2,1,4,2,1
SF,IH2006,2020-01-14 09:31:35.600,3109.4000,8014,0,101566980.000,0,-,-,-,-,3108.4000,3108.0000,3107.6000,3107.4000,3107.0000,3109.4000,3109.6000,3110.0000,3110.8000,3112.0000,1,1,1,1,1,2,1,4,2,1
SF,IH2006,2020-01-14 09:31:36.100,3109.4000,8014,0,103432620.000,2,1,1,多换,S,3109.4000,3108.8000,3108.4000,3108.0000,3107.6000,3109.6000,3110.0000,3110.8000,3112.0000,3112.2000,3,1,1,1,1,1,4,2,1,1
SF,IH2006,2020-01-14 09:31:36.600,3108.8000,8014,0,107163720.000,4,2,2,多换,S,3108.4000,3108.0000,3107.6000,3107.4000,3107.0000,3109.0000,3109.2000,3109.4000,3109.6000,3110.0000,1,1,1,1,1,1,2,1,1,4
SF,IH2006,2020-01-14 09:31:37.100,3108.8000,8014,0,107163720.000,0,-,-,-,-,3109.0000,3108.4000,3108.0000,3107.6000,3107.4000,3109.4000,3109.6000,3110.0000,3110.8000,3112.0000,1,1,1,1,1,1,1,4,2,1
SF,IH2006,2020-01-14 09:31:37.600,3108.8000,8014,0,107163720.000,0,-,-,-,-,3108.4000,3108.0000,3107.6000,3107.4000,3107.0000,3109.6000,3110.0000,3110.8000,3112.0000,3112.2000,1,1,1,1,1,1,4,2,1,1
SF,IH2006,2020-01-14 09:31:39.600,3108.8000,8014,0,107163720.000,0,-,-,-,-,3108.0000,3107.6000,3107.4000,3107.0000,3106.6000,3109.4000,3109.6000,3110.0000,3110.8000,3112.0000,1,1,1,1,1,1,1,4,2,1
SF,IH2006,2020-01-14 09:31:40.100,3109.2000,8014,0,108096480.000,1,0,1,多换,S,3108.0000,3107.6000,3107.4000,3107.0000,3106.6000,3109.4000,3109.6000,3110.0000,3110.8000,3112.0000,1,1,1,1,1,1,1,4,2,1
SF,IH2006,2020-01-14 09:31:40.600,3109.2000,8014,0,108096480.000,0,-,-,-,-,3108.2000,3108.0000,3107.6000,3107.4000,3107.0000,3108.8000,3109.4000,3109.6000,3110.0000,3110.8000,1,1,1,1,1,1,1,1,4,2
SF,IH2006,2020-01-14 09:31:41.100,3109.2000,8014,0,108096480.000,0,-,-,-,-,3108.4000,3108.2000,3107.6000,3107.4000,3107.0000,3108.8000,3109.4000,3109.6000,3110.0000,3110.8000,1,1,1,1,1,1,1,1,4,2
SF,IH2006,2020-01-14 09:31:41.600,3108.8000,8014,0,109029120.000,1,0,1,多换,S,3108.4000,3108.2000,3107.6000,3107.4000,3107.0000,3109.4000,3109.6000,3110.0000,3110.8000,3112.0000,1,1,1,1,1,1,1,4,2,1
SF,IH2006,2020-01-14 09:31:42.100,3108.8000,8014,0,109029120.000,0,-,-,-,-,3109.0000,3108.4000,3108.2000,3107.6000,3107.4000,3109.6000,3110.0000,3110.8000,3112.0000,3112.2000,1,1,1,1,1,1,4,2,1,1
SF,IH2006,2020-01-14 09:31:43.100,3109.0000,8014,0,109961820.000,1,0,1,多换,S,3108.4000,3108.2000,3107.4000,3107.0000,3106.6000,3109.4000,3109.6000,3110.0000,3110.8000,3112.0000,1,1,1,1,1,1,1,4,2,1
SF,IH2006,2020-01-14 09:31:44.100,3109.0000,8014,0,109961820.000,0,-,-,-,-,3108.6000,3108.4000,3108.2000,3107.4000,3107.0000,3109.4000,3109.6000,3110.0000,3110.8000,3112.0000,1,2,1,1,1,1,2,4,2,1
SF,IH2006,2020-01-14 09:31:44.600,3109.0000,8014,0,109961820.000,0,-,-,-,-,3108.6000,3108.4000,3108.2000,3107.4000,3107.0000,3109.4000,3109.6000,3110.0000,3110.8000,3112.0000,1,2,1,1,1,1,1,4,2,1
SF,IH2006,2020-01-14 09:31:45.100,3109.0000,8014,0,109961820.000,0,-,-,-,-,3108.8000,3108.6000,3108.4000,3108.2000,3107.4000,3109.6000,3110.0000,3110.8000,3112.0000,3112.2000,1,1,1,1,1,1,4,2,1,1
SF,IH2006,2020-01-14 09:31:45.600,3109.0000,8014,0,109961820.000,0,-,-,-,-,3108.8000,3108.4000,3108.2000,3107.4000,3107.0000,3109.4000,3109.6000,3110.0000,3110.8000,3112.0000,1,1,1,1,1,1,2,4,2,1
SF,IH2006,2020-01-14 09:31:46.100,3109.0000,8014,0,109961820.000,0,-,-,-,-,3109.4000,3108.8000,3108.4000,3108.2000,3107.4000,3109.6000,3110.0000,3110.8000,3112.0000,3112.2000,5,1,1,1,1,1,4,2,1,1
SF,IH2006,2020-01-14 09:31:46.600,3109.4000,8016,2,111827460.000,2,2,0,双开,S,3109.4000,3109.0000,3108.8000,3108.4000,3108.2000,3109.6000,3110.0000,3110.8000,3112.0000,3112.2000,3,1,1,1,1,1,4,2,1,1
SF,IH2006,2020-01-14 09:31:47.600,3109.4000,8019,3,114625920.000,3,3,0,双开,S,3109.0000,3108.8000,3108.4000,3108.2000,3107.4000,3109.6000,3110.0000,3110.8000,3112.0000,3112.2000,1,1,1,1,1,1,4,2,1,1
SF,IH2006,2020-01-14 09:31:48.100,3109.4000,8019,0,114625920.000,0,-,-,-,-,3109.0000,3108.8000,3108.4000,3108.2000,3107.4000,3109.6000,3110.0000,3110.8000,3112.0000,3112.2000,1,1,1,1,1,2,4,2,1,1
SF,IH2006,2020-01-14 09:31:48.600,3109.4000,8019,0,114625920.000,0,-,-,-,-,3109.0000,3108.8000,3108.4000,3108.2000,3107.4000,3109.6000,3110.0000,3110.8000,3112.0000,3112.2000,1,1,1,1,1,1,4,2,1,1
SF,IH2006,2020-01-14 09:31:49.100,3109.0000,8019,0,115558620.000,1,0,1,多换,S,3108.8000,3108.4000,3108.2000,3107.4000,3107.0000,3109.6000,3110.0000,3110.8000,3112.0000,3112.2000,1,1,1,1,1,2,4,2,1,1
SF,IH2006,2020-01-14 09:31:49.600,3109.0000,8019,0,115558620.000,0,-,-,-,-,3108.8000,3108.4000,3108.2000,3107.4000,3107.0000,3109.6000,3110.0000,3110.8000,3112.0000,3112.2000,1,1,1,1,1,1,4,2,1,1
SF,IH2006,2020-01-14 09:31:50.600,3109.0000,8019,0,115558620.000,0,-,-,-,-,3108.8000,3108.4000,3108.2000,3107.4000,3107.0000,3109.6000,3110.0000,3110.8000,3112.0000,3112.2000,1,1,1,1,1,1,4,2,1,1
SF,IH2006,2020-01-14 09:31:51.600,3109.0000,8019,0,115558620.000,0,-,-,-,-,3108.8000,3108.4000,3107.4000,3107.0000,3106.6000,3109.6000,3110.0000,3110.8000,3112.0000,3112.2000,1,1,1,1,1,1,4,2,1,1
SF,IH2006,2020-01-14 09:31:52.100,3108.8000,8019,0,116491260.000,1,0,1,多换,S,3108.4000,3107.4000,3107.0000,3106.6000,3106.0000,3108.8000,3109.6000,3110.0000,3110.8000,3112.0000,1,1,1,1,3,1,2,4,2,1
SF,IH2006,2020-01-14 09:31:53.100,3108.8000,8020,1,117423900.000,1,1,0,双开,S,3108.4000,3107.4000,3107.0000,3106.6000,3106.0000,3109.6000,3110.0000,3110.8000,3112.0000,3112.2000,1,1,1,1,3,2,4,2,1,1
SF,IH2006,2020-01-14 09:31:53.600,3108.8000,8020,0,117423900.000,0,-,-,-,-,3108.4000,3107.4000,3107.0000,3106.6000,3106.0000,3109.4000,3109.6000,3110.0000,3110.8000,3112.0000,1,1,1,1,3,1,2,4,2,1
SF,IH2006,2020-01-14 09:31:54.600,3108.8000,8020,0,117423900.000,0,-,-,-,-,3108.4000,3107.4000,3107.0000,3106.6000,3106.0000,3109.4000,3109.6000,3110.0000,3110.8000,3112.0000,1,1,1,1,3,1,2,4,2,1
SF,IH2006,2020-01-14 09:31:55.100,3108.8000,8020,0,117423900.000,0,-,-,-,-,3108.4000,3107.4000,3107.0000,3106.6000,3106.0000,3108.8000,3109.4000,3109.6000,3110.0000,3110.8000,1,1,1,1,3,1,1,2,4,2
SF,IH2006,2020-01-14 09:31:55.600,3108.8000,8021,1,118356540.000,1,1,0,双开,S,3108.8000,3108.4000,3107.4000,3107.0000,3106.6000,3109.4000,3109.6000,3110.0000,3110.8000,3112.0000,1,1,1,1,1,1,2,4,2,1
SF,IH2006,2020-01-14 09:31:56.100,3108.8000,8021,0,118356540.000,0,-,-,-,-,3108.8000,3108.4000,3107.4000,3107.0000,3106.6000,3109.4000,3109.6000,3110.0000,3110.2000,3110.8000,1,1,1,1,1,1,1,4,1,2
SF,IH2006,2020-01-14 09:31:56.600,3108.8000,8021,0,118356540.000,0,-,-,-,-,3109.4000,3108.8000,3108.4000,3107.4000,3107.0000,3109.6000,3110.0000,3110.2000,3110.8000,3112.0000,2,1,1,1,1,1,4,1,2,1
SF,IH2006,2020-01-14 09:31:57.600,3109.6000,8021,0,119289420.000,1,0,1,多换,S,3109.6000,3109.4000,3108.8000,3108.4000,3107.4000,3110.0000,3110.2000,3110.8000,3112.0000,3112.2000,1,1,1,1,1,4,1,2,1,1
SF,IH2006,2020-01-14 09:31:58.600,3109.6000,8021,0,119289420.000,0,-,-,-,-,3109.4000,3108.8000,3108.4000,3107.4000,3107.0000,3110.0000,3110.2000,3110.8000,3112.0000,3112.2000,1,1,1,1,1,5,1,2,1,1
SF,IH2006,2020-01-14 09:31:59.100,3109.6000,8021,0,119289420.000,0,-,-,-,-,3109.4000,3108.8000,3108.4000,3107.4000,3107.0000,3110.0000,3110.2000,3110.8000,3112.0000,3112.2000,1,1,1,1,1,5,1,2,1,1
SF,IH2006,2020-01-14 09:31:59.600,3109.4000,8021,0,120222240.000,1,0,1,多换,S,3108.8000,3108.4000,3107.4000,3107.0000,3106.6000,3109.0000,3110.0000,3110.2000,3110.8000,3112.0000,1,1,1,1,1,1,5,1,2,1
SF,IH2006,2020-01-14 09:32:00.100,3109.0000,8020,-1,121154940.000,1,0,1,双平,S,3109.4000,3109.2000,3109.0000,3108.8000,3108.4000,3110.0000,3110.2000,3110.8000,3112.0000,3112.2000,1,1,2,1,1,5,1,2,1,1
SF,IH2006,2020-01-14 09:32:00.600,3109.0000,8020,0,121154940.000,0,-,-,-,-,3109.2000,3109.0000,3108.8000,3108.4000,3108.0000,3110.0000,3110.2000,3110.8000,3112.0000,3112.2000,1,2,1,1,1,5,1,2,1,1
SF,IH2006,2020-01-14 09:32:02.100,3110.2000,8020,0,126753000.000,6,3,3,多换,S,3109.2000,3109.0000,3108.8000,3108.4000,3108.0000,3110.8000,3112.0000,3112.2000,3113.0000,3113.6000,1,2,1,1,1,2,1,1,2,6
SF,IH2006,2020-01-14 09:32:02.600,3110.2000,8020,0,126753000.000,0,-,-,-,-,3109.4000,3109.2000,3109.0000,3108.8000,3108.4000,3110.6000,3110.8000,3112.0000,3112.2000,3113.0000,1,1,2,1,1,1,3,1,1,2
SF,IH2006,2020-01-14 09:32:03.100,3110.2000,8020,0,126753000.000,0,-,-,-,-,3109.4000,3109.2000,3109.0000,3108.8000,3108.0000,3110.8000,3112.0000,3112.2000,3113.0000,3113.6000,1,1,2,1,1,3,1,1,2,6
SF,IH2006,2020-01-14 09:32:03.600,3110.2000,8020,0,126753000.000,0,-,-,-,-,3110.0000,3109.6000,3109.4000,3109.2000,3109.0000,3110.8000,3112.0000,3112.2000,3113.0000,3113.6000,1,1,1,1,2,3,1,1,2,6
SF,IH2006,2020-01-14 09:32:04.100,3110.2000,8019,-1,127686060.000,1,0,1,双平,S,3110.0000,3109.6000,3109.4000,3109.2000,3109.0000,3110.8000,3112.0000,3112.2000,3113.0000,3113.6000,1,1,1,1,2,3,1,1,2,6
SF,IH2006,2020-01-14 09:32:04.600,3110.0000,8019,0,128619060.000,1,0,1,多换,S,3109.4000,3109.2000,3109.0000,3108.8000,3108.0000,3110.8000,3112.0000,3112.2000,3113.0000,3113.6000,1,1,2,1,1,3,1,1,2,6
SF,IH2006,2020-01-14 09:32:06.100,3110.0000,8019,0,128619060.000,0,-,-,-,-,3109.4000,3109.2000,3109.0000,3108.8000,3108.0000,3110.6000,3110.8000,3112.0000,3112.2000,3113.0000,1,1,2,1,1,5,3,1,1,2
SF,IH2006,2020-01-14 09:32:06.600,3110.0000,8019,0,128619060.000,0,-,-,-,-,3109.2000,3109.0000,3108.8000,3108.0000,3107.4000,3110.4000,3110.6000,3110.8000,3112.0000,3112.2000,1,2,1,1,1,1,5,3,1,1
SF,IH2006,2020-01-14 09:32:07.100,3110.0000,8019,0,128619060.000,0,-,-,-,-,3109.4000,3109.0000,3108.8000,3108.0000,3107.4000,3110.0000,3110.4000,3110.6000,3110.8000,3112.0000,1,2,1,1,1,4,1,1,3,1
SF,IH2006,2020-01-14 09:32:07.600,3109.4000,8019,0,129551880.000,1,0,1,多换,S,3109.0000,3108.8000,3108.0000,3107.4000,3107.0000,3110.4000,3110.6000,3110.8000,3112.0000,3112.2000,2,1,1,1,1,1,1,3,1,1
SF,IH2006,2020-01-14 09:32:08.100,3109.4000,8019,0,129551880.000,0,-,-,-,-,3108.8000,3108.0000,3107.4000,3107.0000,3106.0000,3110.2000,3110.4000,3110.6000,3110.8000,3112.0000,1,1,1,1,3,5,1,1,3,1
SF,IH2006,2020-01-14 09:32:08.600,3109.4000,8019,0,129551880.000,0,-,-,-,-,3108.0000,3107.4000,3107.0000,3106.0000,3103.8000,3110.0000,3110.2000,3110.6000,3110.8000,3112.0000,1,1,1,3,1,1,5,1,3,1
SF,IH2006,2020-01-14 09:32:09.100,3109.4000,8019,0,129551880.000,0,-,-,-,-,3108.2000,3108.0000,3107.4000,3107.0000,3106.0000,3110.0000,3110.2000,3110.6000,3110.8000,3112.0000,2,1,1,1,3,1,5,1,3,1
SF,IH2006,2020-01-14 09:32:09.600,3109.4000,8019,0,129551880.000,0,-,-,-,-,3108.2000,3108.0000,3107.4000,3107.0000,3106.0000,3110.0000,3110.2000,3110.6000,3110.8000,3112.0000,1,1,1,1,3,1,5,1,3,1
SF,IH2006,2020-01-14 09:32:10.100,3109.4000,8019,0,129551880.000,0,-,-,-,-,3108.4000,3108.2000,3108.0000,3107.4000,3107.0000,3110.0000,3110.2000,3110.6000,3110.8000,3111.0000,2,1,1,1,1,1,5,1,3,1
SF,IH2006,2020-01-14 09:32:10.600,3109.4000,8019,0,129551880.000,0,-,-,-,-,3108.6000,3108.4000,3108.0000,3107.4000,3107.0000,3110.0000,3110.2000,3110.6000,3110.8000,3111.0000,1,2,1,1,1,1,5,1,3,1
SF,IH2006,2020-01-14 09:32:11.100,3109.4000,8019,0,129551880.000,0,-,-,-,-,3108.8000,3108.6000,3108.4000,3108.0000,3107.4000,3110.0000,3110.6000,3110.8000,3111.0000,3112.0000,1,1,1,1,1,1,1,3,1,1
SF,IH2006,2020-01-14 09:32:11.600,3109.4000,8019,0,129551880.000,0,-,-,-,-,3108.6000,3108.4000,3108.0000,3107.4000,3107.0000,3110.0000,3110.6000,3110.8000,3111.0000,3112.0000,1,1,1,1,1,1,1,3,1,1
SF,IH2006,2020-01-14 09:32:12.600,3109.6000,8020,1,130484760.000,1,1,0,双开,S,3108.6000,3108.4000,3108.0000,3107.4000,3107.0000,3109.6000,3109.8000,3110.0000,3110.6000,3110.8000,1,1,1,1,1,4,1,1,1,3
SF,IH2006,2020-01-14 09:32:13.100,3109.6000,8020,0,130484760.000,0,-,-,-,-,3108.4000,3108.0000,3107.4000,3107.0000,3106.0000,3109.8000,3110.0000,3110.6000,3110.8000,3111.0000,1,1,1,1,3,1,1,1,3,1
SF,IH2006,2020-01-14 09:32:13.600,3109.6000,8020,0,130484760.000,0,-,-,-,-,3108.4000,3108.0000,3107.4000,3107.0000,3106.0000,3109.6000,3109.8000,3110.6000,3110.8000,3111.0000,1,1,1,1,3,1,1,1,3,1
SF,IH2006,2020-01-14 09:32:14.100,3108.4000,8020,0,131417280.000,1,0,1,多换,S,3108.0000,3107.4000,3107.0000,3106.0000,3103.8000,3109.6000,3109.8000,3110.6000,3110.8000,3111.0000,1,1,1,3,1,2,1,1,3,1
SF,IH2006,2020-01-14 09:32:14.600,3108.4000,8020,0,131417280.000,0,-,-,-,-,3108.2000,3108.0000,3107.4000,3107.0000,3106.0000,3109.6000,3109.8000,3110.6000,3110.8000,3111.0000,1,1,1,1,3,2,1,1,3,1
SF,IH2006,2020-01-14 09:32:15.100,3109.4000,8020,0,132350100.000,1,0,1,多换,S,3108.0000,3107.4000,3107.0000,3106.0000,3103.8000,3109.4000,3109.6000,3109.8000,3110.6000,3110.8000,1,1,1,3,1,4,2,1,1,3
SF,IH2006,2020-01-14 09:32:15.600,3109.4000,8020,0,132350100.000,0,-,-,-,-,3108.2000,3108.0000,3107.4000,3107.0000,3106.0000,3109.2000,3109.4000,3109.6000,3109.8000,3110.6000,1,1,1,1,3,1,4,1,1,1
SF,IH2006,2020-01-14 09:32:16.100,3109.4000,8020,0,132350100.000,0,-,-,-,-,3108.0000,3107.4000,3107.0000,3106.0000,3103.8000,3109.2000,3109.4000,3109.6000,3109.8000,3110.6000,1,1,1,3,1,1,4,1,1,1
SF,IH2006,2020-01-14 09:32:16.600,3109.2000,8020,0,133282860.000,1,0,1,多换,S,3108.0000,3107.4000,3107.0000,3106.0000,3103.8000,3109.4000,3109.6000,3109.8000,3110.6000,3110.8000,1,1,1,3,1,4,1,1,1,3
SF,IH2006,2020-01-14 09:32:17.100,3109.2000,8020,0,133282860.000,0,-,-,-,-,3108.2000,3108.0000,3107.4000,3107.0000,3106.0000,3109.4000,3109.6000,3109.8000,3110.6000,3110.8000,1,1,1,1,3,4,1,1,1,3
SF,IH2006,2020-01-14 09:32:17.600,3109.2000,8020,0,133282860.000,0,-,-,-,-,3109.2000,3108.2000,3108.0000,3107.4000,3107.0000,3109.4000,3109.6000,3109.8000,3110.6000,3110.8000,1,2,1,1,1,4,1,1,1,3
SF,IH2006,2020-01-14 09:32:18.100,3109.2000,8020,0,134215620.000,1,0,1,多换,S,3108.2000,3108.0000,3107.4000,3107.0000,3106.0000,3109.2000,3109.4000,3109.6000,3109.8000,3110.6000,2,1,1,1,3,1,4,1,1,1
SF,IH2006,2020-01-14 09:32:18.600,3109.2000,8020,0,134215620.000,0,-,-,-,-,3108.2000,3108.0000,3107.4000,3107.0000,3106.0000,3109.2000,3109.4000,3109.6000,3109.8000,3110.6000,1,1,1,1,3,1,1,1,1,1
SF,IH2006,2020-01-14 09:32:19.100,3109.2000,8020,0,135148380.000,1,0,1,多换,S,3108.4000,3108.2000,3108.0000,3107.4000,3107.0000,3109.6000,3109.8000,3110.6000,3110.8000,3111.0000,1,1,1,1,1,1,1,1,3,1
SF,IH2006,2020-01-14 09:32:19.600,3109.2000,8020,0,135148380.000,0,-,-,-,-,3108.6000,3108.4000,3108.0000,3107.4000,3107.0000,3109.6000,3109.8000,3110.6000,3110.8000,3111.0000,1,1,1,1,1,1,1,1,3,1
SF,IH2006,2020-01-14 09:32:20.100,3109.2000,8020,0,135148380.000,0,-,-,-,-,3108.6000,3108.4000,3108.0000,3107.4000,3107.0000,3109.6000,3109.8000,3110.6000,3110.8000,3111.0000,1,1,1,1,1,1,1,1,3,1
SF,IH2006,2020-01-14 09:32:20.600,3108.6000,8019,-1,136080960.000,1,0,1,双平,S,3108.4000,3108.0000,3107.4000,3107.0000,3106.0000,3109.6000,3109.8000,3110.6000,3110.8000,3111.0000,1,1,1,1,3,1,1,1,3,1
SF,IH2006,2020-01-14 09:32:21.600,3108.6000,8019,0,136080960.000,0,-,-,-,-,3108.4000,3108.0000,3107.4000,3107.0000,3106.0000,3109.8000,3110.6000,3110.8000,3111.0000,3112.0000,1,1,1,1,3,1,1,3,1,2
SF,IH2006,2020-01-14 09:32:22.100,3108.6000,8019,0,136080960.000,0,-,-,-,-,3108.4000,3108.0000,3107.4000,3107.0000,3106.0000,3109.4000,3109.6000,3109.8000,3110.6000,3110.8000,1,1,1,1,3,3,2,1,1,3
SF,IH2006,2020-01-14 09:32:24.600,3108.6000,8019,0,136080960.000,0,-,-,-,-,3108.0000,3107.4000,3107.0000,3106.0000,3103.8000,3109.4000,3109.6000,3109.8000,3110.6000,3110.8000,1,1,1,3,1,3,2,1,1,3
SF,IH2006,2020-01-14 09:32:26.600,3108.6000,8019,0,136080960.000,0,-,-,-,-,3108.0000,3107.4000,3107.0000,3106.0000,3103.8000,3109.6000,3109.8000,3110.6000,3110.8000,3111.0000,1,1,1,3,1,2,1,1,3,1
SF,IH2006,2020-01-14 09:32:27.100,3108.6000,8019,0,136080960.000,0,-,-,-,-,3108.2000,3108.0000,3107.4000,3107.0000,3106.0000,3109.6000,3109.8000,3110.6000,3110.8000,3111.0000,1,1,1,1,3,2,1,1,3,1
SF,IH2006,2020-01-14 09:32:27.600,3108.6000,8019,0,136080960.000,0,-,-,-,-,3108.2000,3108.0000,3107.4000,3107.0000,3106.0000,3109.4000,3109.6000,3109.8000,3110.6000,3110.8000,1,1,1,1,3,1,2,1,1,3
SF,IH2006,2020-01-14 09:32:28.600,3108.6000,8019,0,136080960.000,0,-,-,-,-,3108.2000,3108.0000,3107.4000,3107.0000,3106.0000,3109.6000,3109.8000,3110.6000,3110.8000,3111.0000,1,1,1,1,3,2,1,1,3,1
SF,IH2006,2020-01-14 09:32:29.100,3108.6000,8019,0,136080960.000,0,-,-,-,-,3108.2000,3108.0000,3107.4000,3107.0000,3106.0000,3109.2000,3109.4000,3109.6000,3109.8000,3110.6000,1,1,1,1,3,3,1,2,1,1
SF,IH2006,2020-01-14 09:32:29.600,3108.6000,8019,0,136080960.000,0,-,-,-,-,3108.2000,3108.0000,3107.4000,3107.0000,3106.0000,3109.4000,3109.6000,3109.8000,3110.6000,3110.8000,1,1,1,1,3,1,2,1,1,3
SF,IH2006,2020-01-14 09:32:31.600,3108.6000,8019,0,136080960.000,0,-,-,-,-,3108.4000,3108.2000,3108.0000,3107.4000,3107.0000,3109.4000,3109.6000,3109.8000,3110.6000,3110.8000,1,1,1,1,1,1,2,1,1,3
SF,IH2006,2020-01-14 09:32:32.100,3108.6000,8019,0,136080960.000,0,-,-,-,-,3108.2000,3108.0000,3107.4000,3107.0000,3106.0000,3109.4000,3109.6000,3109.8000,3110.6000,3110.8000,1,1,1,1,3,1,2,1,1,3
SF,IH2006,2020-01-14 09:32:34.600,3108.6000,8019,0,136080960.000,0,-,-,-,-,3108.4000,3108.2000,3108.0000,3107.4000,3107.0000,3109.4000,3109.6000,3109.8000,3110.6000,3110.8000,1,1,1,1,1,1,2,1,1,3
SF,IH2006,2020-01-14 09:32:35.600,3109.4000,8019,0,137013780.000,1,0,1,多换,S,3109.4000,3108.4000,3108.2000,3108.0000,3107.4000,3109.6000,3109.8000,3110.6000,3110.8000,3111.0000,1,1,1,1,1,2,1,1,3,1
SF,IH2006,2020-01-14 09:32:36.100,3109.4000,8019,0,137946600.000,1,0,1,多换,S,3108.4000,3108.2000,3108.0000,3107.4000,3107.0000,3109.4000,3110.6000,3110.8000,3111.0000,3112.0000,1,1,1,1,1,1,1,3,1,2
SF,IH2006,2020-01-14 09:32:36.600,3109.4000,8019,0,137946600.000,0,-,-,-,-,3108.6000,3108.4000,3108.0000,3107.4000,3107.0000,3109.4000,3110.6000,3110.8000,3111.0000,3112.0000,1,1,1,1,1,1,1,3,1,2
SF,IH2006,2020-01-14 09:32:37.100,3109.4000,8019,0,137946600.000,0,-,-,-,-,3108.4000,3108.0000,3107.4000,3107.0000,3106.0000,3109.4000,3109.6000,3110.6000,3110.8000,3111.0000,1,1,1,1,3,1,1,1,3,1
SF,IH2006,2020-01-14 09:32:37.600,3109.4000,8019,0,137946600.000,0,-,-,-,-,3108.4000,3108.0000,3107.4000,3107.0000,3106.0000,3109.2000,3109.4000,3109.6000,3110.6000,3110.8000,1,1,1,1,3,1,1,1,1,3
SF,IH2006,2020-01-14 09:32:38.100,3109.4000,8019,0,137946600.000,0,-,-,-,-,3108.4000,3108.0000,3107.4000,3107.0000,3106.0000,3109.4000,3109.6000,3110.6000,3110.8000,3111.0000,1,1,1,1,3,1,1,1,3,1
SF,IH2006,2020-01-14 09:32:40.100,3108.4000,8018,-1,138879120.000,1,0,1,双平,S,3108.0000,3107.4000,3107.0000,3106.0000,3103.8000,3109.2000,3109.4000,3109.6000,3110.6000,3110.8000,1,1,1,3,1,4,1,1,1,3
SF,IH2006,2020-01-14 09:32:42.100,3108.0000,8017,-1,139811520.000,1,0,1,双平,S,3107.4000,3107.0000,3106.0000,3103.8000,3102.2000,3108.8000,3109.2000,3109.4000,3109.6000,3110.6000,1,1,3,1,1,1,4,1,1,1
SF,IH2006,2020-01-14 09:32:42.600,3108.0000,8017,0,139811520.000,0,-,-,-,-,3107.4000,3107.0000,3106.0000,3103.8000,3102.2000,3108.8000,3109.2000,3109.4000,3109.6000,3110.6000,1,1,3,1,1,1,4,1,1,1
SF,IH2006,2020-01-14 09:32:44.100,3108.0000,8017,0,139811520.000,0,-,-,-,-,3107.0000,3106.0000,3103.8000,3102.2000,3101.0000,3108.8000,3109.2000,3109.4000,3109.6000,3110.6000,1,3,1,1,3,1,4,1,1,1
SF,IH2006,2020-01-14 09:32:44.600,3108.0000,8017,0,139811520.000,0,-,-,-,-,3107.2000,3107.0000,3106.0000,3103.8000,3102.2000,3108.6000,3108.8000,3109.2000,3109.4000,3109.6000,2,1,3,1,1,1,1,4,1,1
SF,IH2006,2020-01-14 09:32:45.100,3108.0000,8017,0,139811520.000,0,-,-,-,-,3107.2000,3107.0000,3106.0000,3103.8000,3102.2000,3108.8000,3109.2000,3109.4000,3109.6000,3110.6000,2,1,3,1,1,1,4,1,1,1
SF,IH2006,2020-01-14 09:32:45.600,3108.0000,8017,0,139811520.000,0,-,-,-,-,3107.2000,3107.0000,3106.0000,3103.8000,3102.2000,3108.6000,3108.8000,3109.2000,3109.4000,3109.6000,2,3,3,1,1,1,1,4,1,1
SF,IH2006,2020-01-14 09:32:46.100,3108.0000,8017,0,139811520.000,0,-,-,-,-,3107.4000,3107.2000,3107.0000,3106.0000,3103.8000,3108.6000,3108.8000,3109.2000,3109.4000,3109.6000,1,1,3,3,1,1,1,4,1,1
SF,IH2006,2020-01-14 09:32:47.100,3108.0000,8017,0,139811520.000,0,-,-,-,-,3107.2000,3107.0000,3106.0000,3103.8000,3102.2000,3108.6000,3108.8000,3109.2000,3109.4000,3109.6000,1,3,3,1,1,1,1,4,1,1
SF,IH2006,2020-01-14 09:32:47.600,3108.0000,8017,0,139811520.000,0,-,-,-,-,3108.0000,3107.0000,3106.0000,3103.8000,3102.2000,3108.4000,3108.6000,3108.8000,3109.2000,3109.4000,1,3,3,1,1,2,1,1,4,1
SF,IH2006,2020-01-14 09:32:48.100,3108.0000,8018,1,140743920.000,1,1,0,双开,S,3107.0000,3106.0000,3103.8000,3102.2000,3101.0000,3107.8000,3108.0000,3108.2000,3108.4000,3108.6000,3,3,1,1,3,1,1,3,1,1
SF,IH2006,2020-01-14 09:32:48.600,3108.0000,8018,0,140743920.000,0,-,-,-,-,3107.0000,3106.0000,3103.8000,3102.2000,3101.0000,3108.4000,3108.6000,3108.8000,3109.2000,3109.4000,3,3,1,1,3,1,1,1,1,1
SF,IH2006,2020-01-14 09:32:49.100,3108.0000,8018,0,140743920.000,0,-,-,-,-,3107.2000,3107.0000,3106.0000,3103.8000,3102.2000,3108.2000,3108.4000,3108.6000,3108.8000,3109.2000,1,2,3,1,1,1,1,1,1,1
SF,IH2006,2020-01-14 09:32:49.600,3108.0000,8018,0,140743920.000,0,-,-,-,-,3107.2000,3107.0000,3106.0000,3103.8000,3102.2000,3108.0000,3108.2000,3108.4000,3108.6000,3108.8000,1,2,3,1,1,1,1,1,1,1
SF,IH2006,2020-01-14 09:32:50.600,3108.0000,8018,0,140743920.000,0,-,-,-,-,3108.0000,3107.2000,3107.0000,3106.0000,3103.8000,3108.2000,3108.6000,3108.8000,3109.2000,3109.4000,1,1,2,3,1,1,1,1,1,1
SF,IH2006,2020-01-14 09:32:51.100,3108.0000,8018,0,140743920.000,0,-,-,-,-,3108.0000,3107.2000,3107.0000,3106.0000,3103.8000,3108.6000,3108.8000,3109.2000,3109.4000,3109.6000,1,1,2,3,1,1,1,1,1,1
SF,IH2006,2020-01-14 09:32:51.600,3108.0000,8018,0,140743920.000,0,-,-,-,-,3108.0000,3107.2000,3107.0000,3106.0000,3103.8000,3108.8000,3109.2000,3109.4000,3109.6000,3110.2000,1,1,2,3,1,1,1,1,1,1
SF,IH2006,2020-01-14 09:32:52.100,3108.0000,8018,0,140743920.000,0,-,-,-,-,3108.0000,3107.2000,3107.0000,3106.0000,3103.8000,3108.8000,3109.2000,3109.4000,3109.6000,3110.0000,1,1,2,3,1,1,1,1,1,1
SF,IH2006,2020-01-14 09:32:52.600,3108.0000,8018,0,140743920.000,0,-,-,-,-,3107.0000,3106.0000,3103.8000,3102.2000,3101.0000,3108.8000,3109.2000,3109.4000,3109.6000,3110.0000,2,3,1,1,3,1,1,1,1,1
SF,IH2006,2020-01-14 09:32:53.100,3108.0000,8018,0,140743920.000,0,-,-,-,-,3107.2000,3107.0000,3106.0000,3103.8000,3102.2000,3108.6000,3108.8000,3109.2000,3109.4000,3109.6000,1,2,3,1,1,1,1,1,1,1
SF,IH2006,2020-01-14 09:32:53.600,3108.0000,8018,0,140743920.000,0,-,-,-,-,3107.2000,3107.0000,3106.0000,3103.8000,3102.2000,3108.6000,3108.8000,3109.2000,3109.4000,3109.6000,2,2,3,1,1,1,1,1,1,1
SF,IH2006,2020-01-14 09:32:54.100,3108.0000,8018,0,140743920.000,0,-,-,-,-,3107.2000,3107.0000,3106.0000,3103.8000,3102.2000,3108.2000,3108.6000,3108.8000,3109.2000,3109.4000,1,2,3,1,1,3,2,1,1,1
SF,IH2006,2020-01-14 09:32:54.600,3108.0000,8018,0,140743920.000,0,-,-,-,-,3107.2000,3107.0000,3106.0000,3103.8000,3102.2000,3108.6000,3108.8000,3109.2000,3109.4000,3109.6000,1,2,3,1,1,2,1,1,1,1
SF,IH2006,2020-01-14 09:32:55.100,3108.0000,8018,0,140743920.000,0,-,-,-,-,3107.2000,3107.0000,3106.0000,3103.8000,3102.2000,3108.4000,3108.6000,3108.8000,3109.2000,3109.4000,1,2,3,1,1,1,2,1,1,1
SF,IH2006,2020-01-14 09:32:55.600,3107.2000,8017,-1,141676080.000,1,0,1,双平,S,3107.0000,3106.0000,3103.8000,3102.2000,3101.0000,3108.4000,3108.6000,3108.8000,3109.2000,3109.4000,2,3,1,1,3,1,2,1,1,1
SF,IH2006,2020-01-14 09:32:56.600,3107.2000,8017,0,141676080.000,0,-,-,-,-,3107.0000,3106.0000,3103.8000,3102.2000,3101.0000,3108.4000,3108.6000,3108.8000,3109.2000,3109.4000,2,3,1,1,3,1,1,1,1,1
SF,IH2006,2020-01-14 09:32:57.100,3107.2000,8017,0,141676080.000,0,-,-,-,-,3107.4000,3107.2000,3107.0000,3106.0000,3103.8000,3108.4000,3108.6000,3108.8000,3109.2000,3109.4000,1,2,2,3,1,1,1,1,1,1
SF,IH2006,2020-01-14 09:32:57.600,3107.2000,8017,0,141676080.000,0,-,-,-,-,3107.4000,3107.2000,3107.0000,3106.0000,3103.8000,3108.6000,3108.8000,3109.2000,3109.4000,3109.6000,1,2,2,3,1,1,1,1,1,1
SF,IH2006,2020-01-14 09:32:58.100,3107.2000,8017,0,141676080.000,0,-,-,-,-,3107.6000,3107.4000,3107.2000,3107.0000,3106.0000,3108.8000,3109.2000,3109.4000,3109.6000,3110.0000,2,1,1,2,3,1,1,1,1,1
SF,IH2006,2020-01-14 09:32:58.600,3107.4000,8016,-1,142608300.000,1,0,1,双平,S,3107.6000,3107.2000,3107.0000,3106.0000,3103.8000,3108.8000,3109.2000,3109.4000,3109.6000,3110.0000,2,1,2,3,1,1,1,1,1,1
SF,IH2006,2020-01-14 09:32:59.100,3108.8000,8015,-1,144473160.000,2,0,2,多平,S,3107.8000,3107.6000,3107.2000,3106.0000,3103.8000,3109.4000,3109.6000,3110.0000,3110.2000,3110.8000,1,2,1,3,1,1,1,1,1,2
SF,IH2006,2020-01-14 09:32:59.600,3108.8000,8015,0,144473160.000,0,-,-,-,-,3108.0000,3107.8000,3107.6000,3106.0000,3103.8000,3109.4000,3109.6000,3110.0000,3110.2000,3110.8000,5,2,1,3,1,1,1,1,1,2
SF,IH2006,2020-01-14 09:33:00.100,3108.8000,8015,0,144473160.000,0,-,-,-,-,3108.0000,3107.6000,3106.0000,3103.8000,3102.2000,3109.2000,3109.4000,3110.0000,3110.2000,3110.8000,5,1,3,1,1,1,1,1,1,2
SF,IH2006,2020-01-14 09:33:00.600,3108.8000,8015,0,144473160.000,0,-,-,-,-,3108.2000,3108.0000,3107.6000,3106.0000,3103.8000,3109.0000,3109.2000,3109.4000,3110.0000,3110.2000,1,5,1,3,1,1,1,1,1,1
SF,IH2006,2020-01-14 09:33:01.100,3109.0000,8015,0,145405860.000,1,0,1,多换,S,3109.0000,3108.2000,3108.0000,3107.6000,3106.0000,3109.4000,3110.0000,3110.2000,3110.8000,3111.0000,1,1,5,1,3,1,1,1,2,1
SF,IH2006,2020-01-14 09:33:01.600,3109.0000,8015,0,145405860.000,0,-,-,-,-,3109.0000,3108.2000,3108.0000,3107.6000,3106.0000,3110.0000,3110.2000,3110.8000,3111.0000,3112.0000,1,1,5,1,3,1,1,2,1,2
SF,IH2006,2020-01-14 09:33:02.100,3109.0000,8015,0,145405860.000,0,-,-,-,-,3108.2000,3108.0000,3107.6000,3106.0000,3103.8000,3110.0000,3110.2000,3110.8000,3111.0000,3112.0000,1,5,1,3,1,1,1,2,1,2
SF,IH2006,2020-01-14 09:33:02.600,3109.0000,8015,0,145405860.000,0,-,-,-,-,3108.4000,3108.2000,3108.0000,3107.6000,3106.0000,3109.8000,3110.0000,3110.2000,3110.8000,3111.0000,2,1,5,1,3,1,1,1,2,1
SF,IH2006,2020-01-14 09:33:03.100,3109.8000,8015,0,146338800.000,1,0,1,多换,S,3109.2000,3108.6000,3108.4000,3108.0000,3107.6000,3110.0000,3110.2000,3110.8000,3111.0000,3112.0000,1,1,2,5,1,1,1,2,1,2
SF,IH2006,2020-01-14 09:33:03.600,3108.4000,8014,-1,147271320.000,1,0,1,双平,S,3108.4000,3108.0000,3107.6000,3106.0000,3103.8000,3110.0000,3110.2000,3110.8000,3111.0000,3112.0000,1,5,1,3,1,1,1,2,1,2
SF,IH2006,2020-01-14 09:33:04.100,3108.4000,8014,0,147271320.000,0,-,-,-,-,3108.6000,3108.4000,3108.0000,3107.6000,3106.0000,3109.8000,3110.0000,3110.2000,3110.8000,3111.0000,2,1,5,1,3,1,1,1,2,1
SF,IH2006,2020-01-14 09:33:04.600,3108.4000,8014,0,147271320.000,0,-,-,-,-,3108.6000,3108.4000,3108.0000,3107.6000,3106.0000,3109.8000,3110.0000,3110.2000,3110.8000,3111.0000,2,1,5,1,3,1,1,1,2,1
SF,IH2006,2020-01-14 09:33:05.100,3108.4000,8014,0,147271320.000,0,-,-,-,-,3108.8000,3108.6000,3108.4000,3108.0000,3107.6000,3109.8000,3110.0000,3110.2000,3110.8000,3111.0000,1,1,1,5,1,1,1,1,2,1
SF,IH2006,2020-01-14 09:33:05.600,3108.4000,8014,0,147271320.000,0,-,-,-,-,3108.6000,3108.4000,3108.0000,3107.6000,3106.0000,3109.8000,3110.0000,3110.2000,3110.8000,3111.0000,1,1,5,1,3,1,1,1,2,1
SF,IH2006,2020-01-14 09:33:06.100,3108.4000,8014,0,147271320.000,0,-,-,-,-,3108.8000,3108.6000,3108.4000,3108.0000,3107.6000,3109.8000,3110.0000,3110.2000,3110.8000,3111.0000,1,1,1,5,1,1,1,1,2,1
SF,IH2006,2020-01-14 09:33:06.600,3109.8000,8013,-1,148204260.000,1,0,1,双平,S,3109.0000,3108.8000,3108.4000,3108.0000,3107.6000,3110.0000,3110.2000,3110.8000,3111.0000,3112.0000,1,1,1,5,1,1,1,2,1,2
SF,IH2006,2020-01-14 09:33:07.100,3109.8000,8013,0,148204260.000,0,-,-,-,-,3108.4000,3108.0000,3107.6000,3106.0000,3103.8000,3110.0000,3110.2000,3110.8000,3111.0000,3112.0000,1,5,1,3,1,1,1,2,1,2
SF,IH2006,2020-01-14 09:33:07.600,3109.8000,8013,0,148204260.000,0,-,-,-,-,3108.6000,3108.4000,3108.0000,3107.6000,3106.0000,3108.8000,3110.0000,3110.2000,3110.8000,3111.0000,2,2,5,1,3,1,1,1,2,1
SF,IH2006,2020-01-14 09:33:08.100,3108.8000,8012,-1,149136900.000,1,0,1,双平,S,3109.2000,3108.8000,3108.6000,3108.4000,3108.0000,3110.0000,3110.2000,3110.8000,3111.0000,3112.0000,1,3,1,1,5,1,1,2,1,2
SF,IH2006,2020-01-14 09:33:08.600,3108.8000,8012,0,149136900.000,0,-,-,-,-,3109.2000,3108.8000,3108.6000,3108.4000,3108.0000,3110.0000,3110.2000,3110.8000,3111.0000,3112.0000,1,4,1,1,5,1,1,2,1,2
SF,IH2006,2020-01-14 09:33:09.100,3108.8000,8012,0,149136900.000,0,-,-,-,-,3108.8000,3108.4000,3108.0000,3107.6000,3106.0000,3110.0000,3110.2000,3110.8000,3111.0000,3112.0000,4,1,5,1,3,1,1,2,1,2
SF,IH2006,2020-01-14 09:33:10.100,3108.8000,8012,0,149136900.000,0,-,-,-,-,3109.0000,3108.8000,3108.4000,3108.0000,3107.6000,3110.0000,3110.2000,3110.8000,3111.0000,3112.0000,1,3,1,5,1,1,2,2,1,2
SF,IH2006,2020-01-14 09:33:10.600,3108.8000,8012,0,149136900.000,0,-,-,-,-,3109.0000,3108.8000,3108.4000,3108.0000,3107.6000,3110.0000,3110.2000,3110.8000,3111.0000,3112.0000,1,2,1,5,1,1,2,2,1,2
SF,IH2006,2020-01-14 09:33:11.600,3108.8000,8012,0,149136900.000,0,-,-,-,-,3108.8000,3108.4000,3108.0000,3107.6000,3106.0000,3110.0000,3110.2000,3110.8000,3111.0000,3112.0000,2,1,5,1,3,1,2,2,1,2
SF,IH2006,2020-01-14 09:33:12.100,3108.8000,8012,0,149136900.000,0,-,-,-,-,3108.8000,3108.4000,3108.0000,3107.6000,3106.0000,3110.0000,3110.2000,3110.8000,3111.0000,3112.0000,2,1,5,1,3,2,2,2,1,2
SF,IH2006,2020-01-14 09:33:13.600,3108.8000,8011,-1,150069540.000,1,0,1,双平,S,3108.8000,3108.0000,3107.6000,3106.0000,3103.8000,3110.0000,3110.2000,3110.8000,3111.0000,3112.0000,2,5,1,3,1,2,2,2,1,2
SF,IH2006,2020-01-14 09:33:14.100,3108.8000,8011,0,150069540.000,0,-,-,-,-,3109.0000,3108.8000,3108.0000,3107.6000,3106.0000,3110.0000,3110.2000,3110.8000,3111.0000,3112.0000,1,2,5,1,3,2,2,2,1,2
SF,IH2006,2020-01-14 09:33:14.600,3108.8000,8011,0,150069540.000,0,-,-,-,-,3108.8000,3108.0000,3107.6000,3106.0000,3103.8000,3110.0000,3110.2000,3110.8000,3111.0000,3112.0000,2,5,1,3,1,2,2,2,1,2
SF,IH2006,2020-01-14 09:33:15.100,3108.8000,8011,0,150069540.000,0,-,-,-,-,3108.8000,3108.0000,3107.6000,3106.0000,3103.8000,3109.8000,3110.0000,3110.2000,3110.8000,3111.0000,2,5,1,3,1,1,2,2,2,1
SF,IH2006,2020-01-14 09:33:16.100,3108.8000,8011,0,150069540.000,0,-,-,-,-,3108.8000,3108.0000,3107.6000,3106.0000,3103.8000,3110.0000,3110.2000,3110.8000,3111.0000,3112.0000,2,5,1,3,1,2,2,2,1,2
SF,IH2006,2020-01-14 09:33:16.600,3108.8000,8011,0,150069540.000,0,-,-,-,-,3109.0000,3108.8000,3108.0000,3107.6000,3106.0000,3110.0000,3110.2000,3110.8000,3111.0000,3112.0000,1,2,5,1,3,2,2,2,1,2
SF,IH2006,2020-01-14 09:33:17.600,3108.8000,8011,0,150069540.000,0,-,-,-,-,3108.8000,3108.0000,3107.6000,3106.0000,3103.8000,3110.0000,3110.2000,3110.8000,3111.0000,3112.0000,2,5,1,3,1,1,2,2,1,2
SF,IH2006,2020-01-14 09:33:19.100,3108.8000,8011,0,150069540.000,0,-,-,-,-,3109.0000,3108.8000,3108.0000,3107.6000,3106.0000,3110.0000,3110.2000,3110.8000,3111.0000,3112.0000,1,2,5,1,3,2,2,2,1,2
SF,IH2006,2020-01-14 09:33:19.600,3108.8000,8011,0,150069540.000,0,-,-,-,-,3108.8000,3108.0000,3107.6000,3106.0000,3103.8000,3110.0000,3110.2000,3110.8000,3111.0000,3112.0000,2,5,1,3,1,2,2,2,1,2
SF,IH2006,2020-01-14 09:33:21.600,3108.8000,8011,0,150069540.000,0,-,-,-,-,3108.8000,3108.0000,3107.8000,3107.6000,3106.0000,3110.0000,3110.2000,3110.8000,3111.0000,3112.0000,2,5,1,1,3,2,2,2,1,2
SF,IH2006,2020-01-14 09:33:22.100,3108.8000,8011,0,150069540.000,0,-,-,-,-,3109.0000,3108.8000,3108.0000,3107.8000,3107.6000,3110.0000,3110.2000,3110.8000,3111.0000,3112.0000,1,2,5,1,1,1,2,2,1,2
SF,IH2006,2020-01-14 09:33:22.600,3108.8000,8011,0,150069540.000,0,-,-,-,-,3109.0000,3108.8000,3108.0000,3107.8000,3107.6000,3110.0000,3110.2000,3110.6000,3110.8000,3111.0000,1,2,5,1,1,1,2,1,2,1
SF,IH2006,2020-01-14 09:33:23.100,3108.8000,8011,0,150069540.000,0,-,-,-,-,3109.2000,3108.8000,3108.0000,3107.8000,3107.6000,3110.0000,3110.2000,3110.6000,3110.8000,3111.0000,1,2,5,1,1,1,2,1,2,1
SF,IH2006,2020-01-14 09:33:23.600,3108.8000,8011,0,150069540.000,0,-,-,-,-,3108.8000,3108.0000,3107.8000,3107.6000,3106.0000,3110.0000,3110.2000,3110.6000,3110.8000,3111.0000,2,5,1,1,3,1,2,1,2,1
SF,IH2006,2020-01-14 09:33:24.100,3108.8000,8010,-1,151002180.000,1,0,1,双平,S,3109.0000,3108.8000,3108.0000,3107.8000,3107.6000,3110.0000,3110.2000,3110.6000,3110.8000,3111.0000,1,2,5,1,1,1,2,1,2,1
SF,IH2006,2020-01-14 09:33:25.600,3108.8000,8010,0,151002180.000,0,-,-,-,-,3108.8000,3108.0000,3107.8000,3107.6000,3106.0000,3110.0000,3110.2000,3110.6000,3110.8000,3111.0000,2,5,1,1,3,1,2,1,2,1
SF,IH2006,2020-01-14 09:33:26.100,3108.8000,8010,0,151002180.000,0,-,-,-,-,3109.0000,3108.8000,3108.0000,3107.8000,3107.6000,3110.0000,3110.2000,3110.6000,3110.8000,3111.0000,1,2,5,1,1,2,2,1,2,1
SF,IH2006,2020-01-14 09:33:26.600,3108.8000,8010,0,151002180.000,0,-,-,-,-,3108.8000,3108.0000,3107.8000,3107.6000,3106.0000,3110.0000,3110.2000,3110.6000,3110.8000,3111.0000,2,5,1,1,3,2,2,1,2,1
SF,IH2006,2020-01-14 09:33:27.100,3108.8000,8010,0,151002180.000,0,-,-,-,-,3108.8000,3108.0000,3107.8000,3107.6000,3106.0000,3110.0000,3110.2000,3110.6000,3110.8000,3111.0000,2,5,1,1,3,1,2,1,2,1
SF,IH2006,2020-01-14 09:33:28.100,3108.8000,8010,0,151002180.000,0,-,-,-,-,3108.8000,3108.0000,3107.8000,3107.6000,3106.0000,3110.0000,3110.2000,3110.6000,3110.8000,3111.0000,2,5,1,1,3,3,2,1,2,1
SF,IH2006,2020-01-14 09:33:29.100,3108.8000,8010,0,151002180.000,0,-,-,-,-,3108.8000,3108.0000,3107.8000,3107.6000,3106.0000,3110.0000,3110.2000,3110.6000,3110.8000,3111.0000,2,5,1,1,3,2,2,1,2,1
SF,IH2006,2020-01-14 09:33:30.100,3108.8000,8010,0,151002180.000,0,-,-,-,-,3108.8000,3108.0000,3107.8000,3107.6000,3106.0000,3109.8000,3110.0000,3110.2000,3110.6000,3110.8000,2,5,1,1,3,1,2,2,1,2
SF,IH2006,2020-01-14 09:33:30.600,3108.8000,8010,0,151002180.000,0,-,-,-,-,3108.8000,3108.0000,3107.8000,3107.6000,3107.2000,3109.8000,3110.0000,3110.2000,3110.6000,3110.8000,2,5,1,1,1,1,2,2,1,2
SF,IH2006,2020-01-14 09:33:32.600,3108.8000,8010,0,151002180.000,0,-,-,-,-,3108.8000,3108.0000,3107.8000,3107.6000,3107.2000,3109.8000,3110.0000,3110.2000,3110.6000,3110.8000,2,4,1,1,1,1,2,2,1,2
SF,IH2006,2020-01-14 09:33:33.100,3108.8000,8010,0,151002180.000,0,-,-,-,-,3108.8000,3108.0000,3107.8000,3107.6000,3107.2000,3109.8000,3110.0000,3110.2000,3110.6000,3110.8000,2,4,1,1,1,1,2,2,1,2
SF,IH2006,2020-01-14 09:33:34.100,3108.8000,8010,0,152867460.000,2,1,1,多换,S,3108.0000,3107.8000,3107.6000,3107.2000,3106.0000,3108.6000,3109.8000,3110.0000,3110.2000,3110.6000,4,1,1,1,3,1,1,2,2,1
SF,IH2006,2020-01-14 09:33:34.600,3108.6000,8010,0,153800040.000,1,0,1,多换,S,3108.0000,3107.8000,3107.6000,3107.2000,3106.0000,3110.0000,3110.2000,3110.6000,3110.8000,3111.0000,4,1,1,1,3,2,2,1,2,1
SF,IH2006,2020-01-14 09:33:35.100,3108.6000,8010,0,153800040.000,0,-,-,-,-,3108.0000,3107.8000,3107.6000,3107.2000,3106.0000,3109.6000,3109.8000,3110.0000,3110.2000,3110.6000,4,1,1,1,3,1,3,2,2,1
SF,IH2006,2020-01-14 09:33:35.600,3108.6000,8010,0,153800040.000,0,-,-,-,-,3108.0000,3107.8000,3107.6000,3107.2000,3106.0000,3109.4000,3109.8000,3110.0000,3110.2000,3110.6000,4,1,1,1,3,1,2,2,2,1
SF,IH2006,2020-01-14 09:33:36.100,3108.6000,8010,0,153800040.000,0,-,-,-,-,3108.0000,3107.8000,3107.6000,3107.2000,3106.0000,3109.4000,3109.6000,3109.8000,3110.0000,3110.2000,4,1,1,1,3,1,1,1,2,2
SF,IH2006,2020-01-14 09:33:36.600,3108.6000,8010,0,153800040.000,0,-,-,-,-,3108.0000,3107.8000,3107.6000,3107.2000,3106.0000,3109.4000,3109.8000,3110.0000,3110.2000,3110.6000,4,1,1,1,3,1,1,2,2,1
SF,IH2006,2020-01-14 09:33:37.100,3108.6000,8010,0,153800040.000,0,-,-,-,-,3108.0000,3107.8000,3107.6000,3107.2000,3106.0000,3109.4000,3109.8000,3110.0000,3110.2000,3110.6000,4,1,1,1,3,1,1,1,2,1
SF,IH2006,2020-01-14 09:33:38.100,3108.6000,8010,0,153800040.000,0,-,-,-,-,3108.0000,3107.8000,3107.6000,3107.2000,3106.0000,3109.4000,3109.8000,3110.0000,3110.2000,3110.6000,4,1,1,1,3,1,1,1,2,1
SF,IH2006,2020-01-14 09:33:38.600,3108.6000,8010,0,153800040.000,0,-,-,-,-,3108.0000,3107.8000,3107.6000,3107.2000,3106.0000,3109.2000,3109.4000,3109.8000,3110.0000,3110.2000,4,1,1,1,3,1,1,1,1,2
SF,IH2006,2020-01-14 09:33:40.100,3108.0000,8012,2,155664840.000,2,2,0,双开,S,3108.0000,3107.8000,3107.6000,3107.2000,3106.0000,3109.2000,3109.4000,3109.8000,3110.0000,3110.2000,2,1,1,1,3,1,1,1,1,2
SF,IH2006,2020-01-14 09:33:40.600,3108.0000,8012,0,155664840.000,0,-,-,-,-,3108.0000,3107.8000,3107.6000,3107.2000,3106.0000,3109.0000,3109.2000,3109.8000,3110.0000,3110.2000,2,1,1,1,3,1,1,1,1,2
SF,IH2006,2020-01-14 09:33:41.100,3108.6000,8014,2,157529820.000,2,2,0,双开,S,3108.0000,3107.8000,3107.6000,3107.2000,3106.0000,3109.0000,3109.2000,3109.8000,3110.0000,3110.2000,1,1,1,1,3,2,1,1,1,2
SF,IH2006,2020-01-14 09:33:41.600,3108.6000,8014,0,157529820.000,0,-,-,-,-,3108.0000,3107.8000,3107.6000,3107.2000,3106.0000,3109.0000,3109.8000,3110.0000,3110.2000,3110.6000,1,1,1,1,3,2,1,1,2,1
SF,IH2006,2020-01-14 09:33:42.600,3108.6000,8014,0,157529820.000,0,-,-,-,-,3108.0000,3107.8000,3107.6000,3107.2000,3106.0000,3108.4000,3109.0000,3109.8000,3110.0000,3110.2000,1,1,1,1,3,1,2,1,1,2
SF,IH2006,2020-01-14 09:33:43.100,3108.2000,8015,1,159394800.000,2,1,1,空开,S,3108.6000,3108.0000,3107.8000,3107.6000,3107.2000,3109.8000,3110.0000,3110.2000,3110.6000,3110.8000,1,1,1,1,1,1,1,2,1,2
SF,IH2006,2020-01-14 09:33:43.600,3108.2000,8015,0,159394800.000,0,-,-,-,-,3108.8000,3108.0000,3107.8000,3107.6000,3107.2000,3109.6000,3109.8000,3110.0000,3110.2000,3110.6000,1,1,1,1,1,2,1,1,2,1
SF,IH2006,2020-01-14 09:33:44.100,3108.2000,8015,0,159394800.000,0,-,-,-,-,3109.0000,3108.0000,3107.8000,3107.6000,3107.2000,3109.6000,3109.8000,3110.0000,3110.2000,3110.6000,1,1,1,1,1,2,1,1,2,1
SF,IH2006,2020-01-14 09:33:44.600,3109.6000,8015,0,161260380.000,2,1,1,多换,S,3108.0000,3107.8000,3107.6000,3107.2000,3106.0000,3110.0000,3110.2000,3110.6000,3110.8000,3111.0000,1,1,1,1,3,1,2,1,2,1
SF,IH2006,2020-01-14 09:33:45.100,3109.6000,8015,0,161260380.000,0,-,-,-,-,3108.6000,3108.2000,3108.0000,3107.8000,3107.6000,3110.0000,3110.2000,3110.6000,3110.8000,3111.0000,1,2,1,1,1,1,2,1,2,1
SF,IH2006,2020-01-14 09:33:45.600,3109.6000,8015,0,161260380.000,0,-,-,-,-,3108.8000,3108.6000,3108.2000,3108.0000,3107.8000,3110.0000,3110.2000,3110.6000,3110.8000,3111.0000,2,1,1,1,1,1,2,1,2,1
SF,IH2006,2020-01-14 09:33:46.100,3109.6000,8015,0,161260380.000,0,-,-,-,-,3108.8000,3108.6000,3108.2000,3108.0000,3107.8000,3110.0000,3110.2000,3110.6000,3110.8000,3111.0000,2,1,1,1,1,1,2,1,2,1
SF,IH2006,2020-01-14 09:33:46.600,3109.6000,8015,0,161260380.000,0,-,-,-,-,3108.8000,3108.6000,3108.2000,3108.0000,3107.8000,3110.0000,3110.2000,3110.6000,3110.8000,3111.0000,2,1,1,1,1,1,2,1,2,1
SF,IH2006,2020-01-14 09:33:47.100,3109.6000,8015,0,161260380.000,0,-,-,-,-,3108.8000,3108.6000,3108.2000,3108.0000,3107.8000,3110.0000,3110.2000,3110.6000,3110.8000,3111.0000,1,1,1,1,1,1,2,1,2,1
SF,IH2006,2020-01-14 09:33:47.600,3108.8000,8015,0,162193020.000,1,0,1,多换,S,3108.6000,3108.2000,3108.0000,3107.8000,3107.6000,3109.8000,3110.0000,3110.2000,3110.6000,3110.8000,1,1,1,1,1,1,1,2,1,2
SF,IH2006,2020-01-14 09:33:48.600,3108.8000,8015,0,162193020.000,0,-,-,-,-,3108.6000,3108.0000,3107.8000,3107.6000,3107.2000,3109.8000,3110.0000,3110.2000,3110.6000,3110.8000,1,1,1,1,1,1,1,2,1,2
SF,IH2006,2020-01-14 09:33:49.100,3108.8000,8015,0,162193020.000,0,-,-,-,-,3108.6000,3108.0000,3107.8000,3107.6000,3107.2000,3109.8000,3110.0000,3110.2000,3110.6000,3110.8000,1,2,1,1,1,1,1,2,1,2
SF,IH2006,2020-01-14 09:33:51.600,3109.8000,8015,0,163125960.000,1,0,1,多换,S,3109.8000,3108.6000,3108.0000,3107.8000,3107.6000,3110.0000,3110.2000,3110.6000,3110.8000,3111.0000,4,2,3,1,1,1,2,1,2,1
SF,IH2006,2020-01-14 09:33:52.100,3109.8000,8015,0,166857720.000,4,2,2,多换,S,3108.6000,3108.0000,3107.8000,3107.6000,3107.2000,3109.6000,3109.8000,3110.0000,3110.2000,3110.6000,2,3,1,1,1,1,2,1,2,1
SF,IH2006,2020-01-14 09:33:54.100,3109.8000,8015,0,166857720.000,0,-,-,-,-,3108.6000,3108.0000,3107.8000,3107.6000,3107.2000,3109.6000,3109.8000,3110.0000,3110.2000,3110.6000,2,3,1,1,1,1,2,1,2,1
SF,IH2006,2020-01-14 09:33:54.600,3109.8000,8015,0,166857720.000,0,-,-,-,-,3108.6000,3108.0000,3107.8000,3107.6000,3107.2000,3109.8000,3110.0000,3110.2000,3110.6000,3110.8000,2,3,1,1,1,2,1,2,1,2
SF,IH2006,2020-01-14 09:33:55.100,3109.8000,8015,0,166857720.000,0,-,-,-,-,3108.6000,3108.0000,3107.8000,3107.6000,3107.2000,3109.6000,3109.8000,3110.0000,3110.2000,3110.6000,2,3,1,1,1,1,2,1,2,1
SF,IH2006,2020-01-14 09:33:56.100,3109.8000,8015,0,166857720.000,0,-,-,-,-,3108.6000,3108.0000,3107.8000,3107.6000,3107.2000,3109.8000,3110.0000,3110.2000,3110.6000,3110.8000,2,3,1,1,1,2,1,2,1,2
SF,IH2006,2020-01-14 09:33:56.600,3109.8000,8015,0,166857720.000,0,-,-,-,-,3108.8000,3108.6000,3108.0000,3107.8000,3107.6000,3109.8000,3110.0000,3110.2000,3110.6000,3110.8000,1,2,3,1,1,2,1,2,1,2
SF,IH2006,2020-01-14 09:33:57.600,3109.8000,8015,0,166857720.000,0,-,-,-,-,3108.6000,3108.0000,3107.8000,3107.6000,3107.2000,3109.8000,3110.0000,3110.2000,3110.6000,3110.8000,2,3,1,1,1,2,1,2,1,2
SF,IH2006,2020-01-14 09:33:58.100,3109.8000,8015,0,166857720.000,0,-,-,-,-,3108.6000,3108.0000,3107.8000,3107.6000,3107.2000,3109.6000,3109.8000,3110.0000,3110.2000,3110.6000,2,3,1,1,1,1,2,1,2,1
SF,IH2006,2020-01-14 09:33:59.100,3109.8000,8015,0,166857720.000,0,-,-,-,-,3108.6000,3108.0000,3107.8000,3107.6000,3107.2000,3109.6000,3109.8000,3110.0000,3110.2000,3110.6000,2,3,1,1,1,1,2,1,2,1
SF,IH2006,2020-01-14 09:34:00.100,3109.8000,8015,0,166857720.000,0,-,-,-,-,3108.8000,3108.6000,3108.0000,3107.8000,3107.6000,3109.6000,3109.8000,3110.0000,3110.2000,3110.6000,3,2,3,1,1,1,2,1,2,1
SF,IH2006,2020-01-14 09:34:00.600,3109.6000,8015,0,167790600.000,1,0,1,多换,S,3108.8000,3108.6000,3108.0000,3107.8000,3107.6000,3109.8000,3110.0000,3110.2000,3110.6000,3110.8000,3,2,3,1,1,2,1,2,1,2
SF,IH2006,2020-01-14 09:34:01.100,3109.6000,8015,0,167790600.000,0,-,-,-,-,3108.8000,3108.6000,3108.0000,3107.8000,3107.6000,3109.8000,3110.0000,3110.2000,3110.6000,3110.8000,3,2,3,1,1,2,1,2,1,2
SF,IH2006,2020-01-14 09:34:01.600,3109.6000,8015,0,167790600.000,0,-,-,-,-,3108.8000,3108.6000,3108.0000,3107.8000,3107.6000,3109.8000,3110.0000,3110.2000,3110.6000,3110.8000,3,2,3,1,1,2,1,2,1,2
SF,IH2006,2020-01-14 09:34:03.600,3109.6000,8015,0,167790600.000,0,-,-,-,-,3109.0000,3108.8000,3108.6000,3108.0000,3107.8000,3109.8000,3110.0000,3110.2000,3110.6000,3110.8000,1,3,2,3,1,2,1,2,1,2
SF,IH2006,2020-01-14 09:34:04.100,3109.8000,8015,0,168723540.000,1,0,1,多换,S,3109.0000,3108.8000,3108.6000,3108.0000,3107.8000,3110.0000,3110.2000,3110.6000,3110.8000,3111.0000,1,3,2,3,1,1,2,1,2,1
SF,IH2006,2020-01-14 09:34:06.100,3109.8000,8015,0,168723540.000,0,-,-,-,-,3108.8000,3108.6000,3108.0000,3107.8000,3107.6000,3110.0000,3110.2000,3110.6000,3110.8000,3111.0000,3,2,3,1,1,1,2,1,2,1
SF,IH2006,2020-01-14 09:34:07.600,3110.0000,8015,0,169656540.000,1,0,1,多换,S,3108.8000,3108.6000,3108.0000,3107.8000,3107.6000,3110.2000,3110.6000,3110.8000,3111.0000,3112.0000,3,2,3,1,1,2,1,2,1,2
SF,IH2006,2020-01-14 09:34:08.100,3110.0000,8015,0,169656540.000,0,-,-,-,-,3109.0000,3108.8000,3108.6000,3108.0000,3107.8000,3110.2000,3110.6000,3110.8000,3111.0000,3112.0000,1,3,2,3,1,2,1,2,1,2
SF,IH2006,2020-01-14 09:34:09.100,3109.0000,8014,-1,170589240.000,1,0,1,双平,S,3108.8000,3108.6000,3108.0000,3107.8000,3107.6000,3110.2000,3110.6000,3110.8000,3111.0000,3112.0000,3,2,3,1,1,2,1,2,1,1
SF,IH2006,2020-01-14 09:34:09.600,3109.0000,8014,0,170589240.000,0,-,-,-,-,3108.8000,3108.6000,3108.0000,3107.8000,3107.6000,3110.0000,3110.2000,3110.6000,3110.8000,3111.0000,3,2,3,1,1,3,2,1,2,1
SF,IH2006,2020-01-14 09:34:10.100,3108.8000,8016,2,173387160.000,3,2,1,空开,S,3108.6000,3108.0000,3107.8000,3107.6000,3107.2000,3108.8000,3110.0000,3110.2000,3110.6000,3110.8000,2,3,1,1,1,1,3,2,1,2
SF,IH2006,2020-01-14 09:34:10.600,3108.8000,8016,0,173387160.000,0,-,-,-,-,3108.6000,3108.0000,3107.8000,3107.6000,3107.2000,3110.0000,3110.2000,3110.6000,3110.8000,3111.0000,2,3,1,1,1,3,2,1,2,1
SF,IH2006,2020-01-14 09:34:11.100,3108.8000,8016,0,173387160.000,0,-,-,-,-,3108.6000,3108.0000,3107.8000,3107.6000,3107.2000,3109.6000,3110.0000,3110.2000,3110.6000,3110.8000,2,3,1,1,1,1,3,2,1,2
SF,IH2006,2020-01-14 09:34:11.600,3108.6000,8017,1,174319740.000,1,1,0,双开,S,3108.6000,3108.0000,3107.8000,3107.6000,3107.2000,3109.4000,3109.6000,3110.0000,3110.2000,3110.6000,1,3,1,1,1,1,1,3,2,1
SF,IH2006,2020-01-14 09:34:12.100,3108.6000,8017,0,174319740.000,0,-,-,-,-,3108.8000,3108.6000,3108.0000,3107.8000,3107.6000,3109.4000,3109.6000,3110.0000,3110.2000,3110.6000,1,1,3,1,1,1,1,3,2,1
SF,IH2006,2020-01-14 09:34:12.600,3108.8000,8017,0,175252380.000,1,0,1,多换,S,3108.6000,3108.0000,3107.8000,3107.6000,3107.2000,3109.4000,3109.6000,3110.0000,3110.2000,3110.6000,1,3,1,1,1,1,1,3,2,1
SF,IH2006,2020-01-14 09:34:13.100,3108.6000,8018,1,176184960.000,1,1,0,双开,S,3108.0000,3107.8000,3107.6000,3107.2000,3106.0000,3109.4000,3109.6000,3110.0000,3110.2000,3110.6000,3,1,1,1,3,1,1,3,2,1
SF,IH2006,2020-01-14 09:34:13.600,3108.6000,8018,0,176184960.000,0,-,-,-,-,3108.0000,3107.8000,3107.6000,3107.2000,3106.0000,3109.2000,3109.4000,3109.6000,3110.0000,3110.2000,3,1,1,1,3,2,1,1,2,2
SF,IH2006,2020-01-14 09:34:14.600,3108.6000,8018,0,176184960.000,0,-,-,-,-,3108.0000,3107.8000,3107.6000,3107.2000,3106.0000,3108.6000,3109.2000,3109.4000,3109.6000,3110.0000,3,1,1,1,3,1,2,1,1,2
SF,IH2006,2020-01-14 09:34:15.100,3108.6000,8018,0,176184960.000,0,-,-,-,-,3108.0000,3107.8000,3107.6000,3107.2000,3106.0000,3108.6000,3109.2000,3109.4000,3109.6000,3110.0000,3,1,1,1,3,1,2,1,1,2
SF,IH2006,2020-01-14 09:34:15.600,3108.6000,8018,0,177117540.000,1,0,1,多换,S,3108.6000,3108.0000,3107.8000,3107.6000,3107.2000,3109.2000,3109.4000,3109.6000,3110.0000,3110.2000,1,3,1,1,1,1,1,1,2,2
SF,IH2006,2020-01-14 09:34:16.600,3109.2000,8018,0,178050300.000,1,0,1,多换,S,3108.6000,3108.0000,3107.8000,3107.6000,3107.2000,3109.4000,3109.6000,3110.0000,3110.2000,3110.6000,1,3,1,1,1,1,1,2,2,1
SF,IH2006,2020-01-14 09:34:17.100,3109.2000,8018,0,178050300.000,0,-,-,-,-,3108.8000,3108.6000,3108.0000,3107.8000,3107.6000,3110.0000,3110.2000,3110.6000,3110.8000,3111.0000,1,1,3,1,1,2,2,1,2,1
SF,IH2006,2020-01-14 09:34:17.600,3109.2000,8018,0,178050300.000,0,-,-,-,-,3108.8000,3108.6000,3108.0000,3107.8000,3107.6000,3110.0000,3110.2000,3110.6000,3110.8000,3111.0000,2,1,3,1,1,2,2,1,2,1
SF,IH2006,2020-01-14 09:34:18.100,3109.2000,8018,0,178050300.000,0,-,-,-,-,3108.8000,3108.6000,3108.0000,3107.8000,3107.6000,3110.0000,3110.2000,3110.6000,3110.8000,3111.0000,2,1,3,1,1,1,2,1,2,1
SF,IH2006,2020-01-14 09:34:18.600,3109.2000,8018,0,178050300.000,0,-,-,-,-,3108.8000,3108.6000,3108.0000,3107.8000,3107.6000,3109.8000,3110.0000,3110.2000,3110.6000,3110.8000,2,1,3,1,1,1,1,2,1,2
SF,IH2006,2020-01-14 09:34:19.100,3109.2000,8018,0,178050300.000,0,-,-,-,-,3108.8000,3108.6000,3108.0000,3107.8000,3107.6000,3109.8000,3110.0000,3110.2000,3110.6000,3110.8000,1,1,3,1,1,1,1,2,1,2
SF,IH2006,2020-01-14 09:34:20.600,3108.8000,8017,-1,178982940.000,1,0,1,双平,S,3108.6000,3108.0000,3107.8000,3107.6000,3107.2000,3109.6000,3109.8000,3110.0000,3110.2000,3110.6000,1,3,1,1,1,1,1,1,2,1
SF,IH2006,2020-01-14 09:34:21.100,3108.8000,8017,0,178982940.000,0,-,-,-,-,3108.6000,3108.0000,3107.8000,3107.6000,3107.2000,3109.8000,3110.0000,3110.2000,3110.6000,3110.8000,1,3,1,1,1,1,1,2,1,2
SF,IH2006,2020-01-14 09:34:21.600,3108.8000,8017,0,178982940.000,0,-,-,-,-,3108.6000,3108.0000,3107.8000,3107.6000,3107.2000,3109.6000,3109.8000,3110.0000,3110.2000,3110.6000,1,3,1,1,1,2,1,1,2,1
SF,IH2006,2020-01-14 09:34:25.100,3108.8000,8017,0,178982940.000,0,-,-,-,-,3108.6000,3108.0000,3107.8000,3107.6000,3107.2000,3109.6000,3109.8000,3110.0000,3110.2000,3110.6000,1,3,1,1,1,1,1,1,2,1
SF,IH2006,2020-01-14 09:34:25.600,3108.8000,8017,0,178982940.000,0,-,-,-,-,3108.6000,3108.0000,3107.8000,3107.6000,3107.2000,3109.8000,3110.0000,3110.2000,3110.6000,3110.8000,1,3,1,1,1,1,1,2,1,2
SF,IH2006,2020-01-14 09:34:26.100,3108.8000,8017,0,178982940.000,0,-,-,-,-,3108.6000,3108.0000,3107.8000,3107.6000,3107.2000,3109.6000,3109.8000,3110.0000,3110.2000,3110.6000,1,3,1,1,1,1,1,1,2,1
SF,IH2006,2020-01-14 09:34:26.600,3108.8000,8017,0,178982940.000,0,-,-,-,-,3108.6000,3108.0000,3107.8000,3107.6000,3107.2000,3109.4000,3109.6000,3109.8000,3110.0000,3110.2000,1,3,1,1,1,1,2,1,1,2
SF,IH2006,2020-01-14 09:34:27.100,3108.8000,8017,0,178982940.000,0,-,-,-,-,3108.0000,3107.8000,3107.6000,3107.2000,3106.0000,3109.6000,3109.8000,3110.0000,3110.2000,3110.6000,3,1,1,1,3,1,1,1,2,1
SF,IH2006,2020-01-14 09:34:27.600,3108.8000,8017,0,178982940.000,0,-,-,-,-,3108.0000,3107.8000,3107.6000,3107.2000,3106.0000,3109.4000,3109.6000,3109.8000,3110.0000,3110.2000,3,1,1,1,3,1,2,1,1,2
SF,IH2006,2020-01-14 09:34:28.100,3108.8000,8017,0,178982940.000,0,-,-,-,-,3108.0000,3107.8000,3107.6000,3107.2000,3106.0000,3109.2000,3109.4000,3109.6000,3109.8000,3110.0000,3,1,1,1,3,2,1,2,1,1
SF,IH2006,2020-01-14 09:34:28.600,3108.8000,8017,0,178982940.000,0,-,-,-,-,3108.0000,3107.8000,3107.6000,3107.2000,3106.0000,3109.0000,3109.2000,3109.6000,3109.8000,3110.0000,3,1,1,1,3,1,2,2,1,1
SF,IH2006,2020-01-14 09:34:29.100,3108.8000,8017,0,178982940.000,0,-,-,-,-,3108.0000,3107.8000,3107.6000,3107.2000,3106.0000,3109.0000,3109.2000,3109.6000,3109.8000,3110.0000,3,1,1,1,3,2,2,2,1,1
SF,IH2006,2020-01-14 09:34:32.100,3108.8000,8017,0,178982940.000,0,-,-,-,-,3108.0000,3107.8000,3107.6000,3107.2000,3106.0000,3108.8000,3109.0000,3109.2000,3109.6000,3109.8000,3,1,1,1,3,1,2,2,2,1
SF,IH2006,2020-01-14 09:34:32.600,3108.0000,8018,1,179915340.000,1,1,0,双开,S,3108.0000,3107.8000,3107.6000,3107.2000,3106.0000,3108.8000,3109.0000,3109.2000,3109.6000,3109.8000,2,1,1,1,3,1,2,2,2,1
SF,IH2006,2020-01-14 09:34:33.100,3108.0000,8019,1,180847740.000,1,1,0,双开,S,3108.0000,3107.8000,3107.6000,3107.2000,3106.0000,3108.8000,3109.0000,3109.2000,3109.6000,3109.8000,1,1,1,1,3,1,2,2,2,1
SF,IH2006,2020-01-14 09:34:33.600,3108.0000,8019,0,181780140.000,1,0,1,多换,S,3107.8000,3107.6000,3107.2000,3106.0000,3105.8000,3108.8000,3109.0000,3109.2000,3109.6000,3109.8000,1,1,1,3,1,1,2,2,2,1
SF,IH2006,2020-01-14 09:34:35.600,3108.0000,8019,0,181780140.000,0,-,-,-,-,3107.8000,3107.6000,3107.2000,3106.0000,3105.8000,3108.8000,3109.0000,3109.2000,3109.6000,3109.8000,1,1,1,3,1,1,2,2,2,1
SF,IH2006,2020-01-14 09:34:36.100,3108.0000,8019,0,181780140.000,0,-,-,-,-,3107.8000,3107.6000,3107.2000,3106.0000,3105.8000,3108.8000,3109.0000,3109.2000,3109.6000,3109.8000,1,1,1,3,1,1,2,2,1,1
SF,IH2006,2020-01-14 09:34:36.600,3108.0000,8019,0,181780140.000,0,-,-,-,-,3107.8000,3107.6000,3107.2000,3106.0000,3105.8000,3109.0000,3109.6000,3109.8000,3110.0000,3110.2000,1,1,1,3,1,2,1,1,1,2
SF,IH2006,2020-01-14 09:34:37.100,3107.8000,8019,0,182712480.000,1,0,1,多换,S,3107.6000,3107.2000,3106.0000,3105.8000,3103.8000,3109.0000,3109.6000,3109.8000,3110.0000,3110.2000,1,1,3,1,1,1,1,1,1,2
SF,IH2006,2020-01-14 09:34:37.600,3107.8000,8019,0,182712480.000,0,-,-,-,-,3107.8000,3107.6000,3107.2000,3106.0000,3105.8000,3109.0000,3109.6000,3109.8000,3110.0000,3110.2000,1,1,1,3,1,1,1,1,1,2
SF,IH2006,2020-01-14 09:34:38.100,3107.8000,8019,0,182712480.000,0,-,-,-,-,3107.8000,3107.6000,3107.2000,3106.0000,3105.8000,3109.6000,3109.8000,3110.0000,3110.2000,3110.6000,1,1,1,3,1,1,1,1,2,1
SF,IH2006,2020-01-14 09:34:38.600,3107.8000,8019,0,182712480.000,0,-,-,-,-,3108.0000,3107.8000,3107.6000,3107.2000,3106.0000,3109.4000,3109.6000,3109.8000,3110.0000,3110.2000,1,1,1,1,3,2,1,1,1,2
SF,IH2006,2020-01-14 09:34:39.100,3107.8000,8019,0,182712480.000,0,-,-,-,-,3108.0000,3107.6000,3106.0000,3105.8000,3103.8000,3109.2000,3109.4000,3109.6000,3109.8000,3110.0000,1,1,3,1,1,1,2,1,1,1
SF,IH2006,2020-01-14 09:34:39.600,3107.8000,8019,0,182712480.000,0,-,-,-,-,3107.6000,3106.0000,3105.8000,3103.8000,3102.2000,3109.2000,3109.4000,3109.6000,3109.8000,3110.0000,1,3,1,1,1,1,2,1,1,1
SF,IH2006,2020-01-14 09:34:40.100,3107.8000,8019,0,182712480.000,0,-,-,-,-,3107.6000,3106.0000,3105.8000,3103.8000,3102.2000,3109.0000,3109.2000,3109.4000,3109.6000,3109.8000,1,3,1,1,1,3,1,1,1,1
SF,IH2006,2020-01-14 09:34:40.600,3107.8000,8019,0,182712480.000,0,-,-,-,-,3107.6000,3106.0000,3105.8000,3103.8000,3102.2000,3108.8000,3109.0000,3109.2000,3109.4000,3109.6000,1,3,1,1,1,1,3,1,1,1
SF,IH2006,2020-01-14 09:34:41.100,3107.8000,8019,0,182712480.000,0,-,-,-,-,3107.6000,3106.0000,3105.8000,3103.8000,3102.2000,3108.8000,3109.0000,3109.4000,3109.6000,3109.8000,1,3,1,1,1,1,3,1,1,1
SF,IH2006,2020-01-14 09:34:42.100,3107.8000,8019,0,182712480.000,0,-,-,-,-,3107.8000,3107.6000,3106.0000,3105.8000,3103.8000,3109.0000,3109.4000,3109.6000,3109.8000,3110.0000,1,1,3,1,1,3,1,1,1,1
SF,IH2006,2020-01-14 09:34:43.100,3107.8000,8019,0,182712480.000,0,-,-,-,-,3107.6000,3106.0000,3105.8000,3103.8000,3102.2000,3108.8000,3109.0000,3109.4000,3109.6000,3109.8000,1,3,1,1,1,1,3,1,1,1
SF,IH2006,2020-01-14 09:34:43.600,3107.8000,8019,0,182712480.000,0,-,-,-,-,3107.6000,3106.0000,3105.8000,3103.8000,3102.2000,3108.6000,3108.8000,3109.0000,3109.4000,3109.6000,1,3,1,1,1,2,1,2,1,1
SF,IH2006,2020-01-14 09:34:44.600,3107.8000,8019,0,182712480.000,0,-,-,-,-,3107.6000,3106.0000,3105.8000,3103.8000,3102.2000,3108.4000,3108.6000,3108.8000,3109.0000,3109.4000,1,3,1,1,1,1,2,1,2,1
SF,IH2006,2020-01-14 09:34:45.100,3107.8000,8019,0,182712480.000,0,-,-,-,-,3107.6000,3106.0000,3105.8000,3103.8000,3102.2000,3108.4000,3108.6000,3109.0000,3109.4000,3109.6000,1,3,1,1,1,1,1,2,1,1
SF,IH2006,2020-01-14 09:34:46.600,3107.8000,8019,0,182712480.000,0,-,-,-,-,3107.8000,3107.6000,3106.0000,3105.8000,3103.8000,3108.0000,3108.4000,3108.6000,3109.0000,3109.4000,3,1,3,1,1,1,1,1,2,1
SF,IH2006,2020-01-14 09:34:47.100,3108.4000,8020,1,184577400.000,2,1,1,空开,S,3108.0000,3107.8000,3107.6000,3106.0000,3105.8000,3108.6000,3109.0000,3109.4000,3109.6000,3109.8000,1,3,1,3,1,1,2,1,1,1
SF,IH2006,2020-01-14 09:34:47.600,3108.6000,8019,-1,185509980.000,1,0,1,双平,S,3108.0000,3107.8000,3107.6000,3106.0000,3105.8000,3109.0000,3109.4000,3109.6000,3109.8000,3110.0000,1,3,1,3,1,1,1,1,1,1
SF,IH2006,2020-01-14 09:34:48.100,3108.6000,8019,0,185509980.000,0,-,-,-,-,3108.2000,3108.0000,3107.8000,3107.6000,3106.0000,3108.6000,3109.0000,3109.4000,3109.6000,3109.8000,1,1,3,1,3,1,1,1,1,1
SF,IH2006,2020-01-14 09:34:51.600,3108.2000,8019,0,186442440.000,1,0,1,多换,S,3107.8000,3107.6000,3106.0000,3105.8000,3103.8000,3108.6000,3109.0000,3109.4000,3109.6000,3109.8000,3,1,3,1,1,1,1,1,1,1
SF,IH2006,2020-01-14 09:34:52.600,3108.2000,8019,0,186442440.000,0,-,-,-,-,3107.8000,3107.6000,3106.0000,3105.8000,3103.8000,3108.6000,3109.0000,3109.4000,3109.6000,3109.8000,3,1,3,1,1,1,1,1,1,1
SF,IH2006,2020-01-14 09:34:53.600,3107.8000,8018,-1,187374780.000,1,0,1,双平,S,3107.8000,3107.6000,3106.0000,3105.8000,3103.8000,3108.6000,3109.0000,3109.4000,3109.6000,3109.8000,2,1,3,1,1,1,1,1,1,1
SF,IH2006,2020-01-14 09:34:54.100,3107.8000,8018,0,187374780.000,0,-,-,-,-,3107.8000,3107.6000,3106.0000,3105.8000,3103.8000,3108.4000,3108.6000,3109.0000,3109.4000,3109.6000,2,1,3,1,1,2,1,1,1,1
SF,IH2006,2020-01-14 09:34:55.100,3107.8000,8018,0,187374780.000,0,-,-,-,-,3107.8000,3107.6000,3106.0000,3105.8000,3103.8000,3108.4000,3108.6000,3109.0000,3109.4000,3109.6000,2,1,3,1,1,2,1,1,1,1
SF,IH2006,2020-01-14 09:34:55.600,3107.8000,8017,-1,188307120.000,1,0,1,双平,S,3107.8000,3107.6000,3106.0000,3105.8000,3103.8000,3108.4000,3108.6000,3109.0000,3109.4000,3109.6000,1,1,3,1,1,2,1,1,1,1
SF,IH2006,2020-01-14 09:34:56.100,3107.8000,8017,0,189239460.000,1,0,1,多换,S,3107.6000,3106.0000,3105.8000,3103.8000,3102.2000,3108.4000,3108.6000,3109.0000,3109.4000,3109.6000,1,3,1,1,1,2,1,1,1,1
SF,IH2006,2020-01-14 09:34:57.100,3107.8000,8017,0,189239460.000,0,-,-,-,-,3107.6000,3106.0000,3105.8000,3103.8000,3102.2000,3108.4000,3108.6000,3109.0000,3109.4000,3109.6000,1,3,1,1,1,1,1,1,1,1
SF,IH2006,2020-01-14 09:34:57.600,3107.8000,8017,0,189239460.000,0,-,-,-,-,3107.6000,3106.0000,3105.8000,3103.8000,3102.2000,3108.4000,3108.6000,3109.0000,3109.4000,3109.6000,1,3,1,1,1,1,1,1,1,1
SF,IH2006,2020-01-14 09:35:00.600,3107.8000,8017,0,189239460.000,0,-,-,-,-,3107.6000,3106.0000,3105.8000,3103.8000,3102.2000,3108.4000,3108.6000,3108.8000,3109.0000,3109.4000,1,3,1,1,1,1,1,1,1,1
SF,IH2006,2020-01-14 09:35:02.600,3107.6000,8018,1,190171740.000,1,1,0,双开,S,3106.0000,3105.8000,3103.8000,3102.2000,3101.0000,3107.6000,3108.2000,3108.4000,3108.6000,3108.8000,3,1,1,1,3,1,1,1,1,1
SF,IH2006,2020-01-14 09:35:03.100,3107.6000,8017,-1,191104020.000,1,0,1,双平,S,3106.6000,3106.2000,3106.0000,3105.8000,3103.8000,3108.2000,3108.4000,3108.6000,3108.8000,3109.0000,1,4,3,1,1,1,1,1,1,1
SF,IH2006,2020-01-14 09:35:03.600,3107.6000,8017,0,191104020.000,0,-,-,-,-,3106.8000,3106.6000,3106.2000,3106.0000,3105.8000,3108.2000,3108.4000,3108.6000,3108.8000,3109.0000,1,1,3,3,1,1,1,1,1,1
SF,IH2006,2020-01-14 09:35:04.100,3107.6000,8017,0,191104020.000,0,-,-,-,-,3107.0000,3106.8000,3106.2000,3106.0000,3105.8000,3108.2000,3108.4000,3108.6000,3108.8000,3109.0000,1,1,3,3,1,1,1,1,1,1
SF,IH2006,2020-01-14 09:35:04.600,3107.6000,8017,0,191104020.000,0,-,-,-,-,3107.2000,3107.0000,3106.8000,3106.2000,3106.0000,3108.2000,3108.4000,3108.6000,3108.8000,3109.0000,1,1,1,3,3,1,1,1,1,1
SF,IH2006,2020-01-14 09:35:05.100,3107.6000,8017,0,191104020.000,0,-,-,-,-,3107.2000,3107.0000,3106.8000,3106.2000,3106.0000,3108.2000,3108.4000,3108.6000,3108.8000,3109.0000,1,1,1,3,3,1,1,1,1,1
SF,IH2006,2020-01-14 09:35:05.600,3107.4000,8016,-1,192036240.000,1,0,1,双平,S,3107.2000,3107.0000,3106.2000,3106.0000,3105.8000,3108.2000,3108.6000,3108.8000,3109.0000,3109.4000,1,1,3,3,1,1,1,1,1,1
SF,IH2006,2020-01-14 09:35:06.100,3107.4000,8016,0,192036240.000,0,-,-,-,-,3107.2000,3107.0000,3106.2000,3106.0000,3105.8000,3108.2000,3108.6000,3108.8000,3109.0000,3109.4000,1,1,3,3,1,1,1,1,1,1
SF,IH2006,2020-01-14 09:35:06.600,3107.4000,8016,0,192036240.000,0,-,-,-,-,3107.2000,3107.0000,3106.2000,3106.0000,3105.8000,3108.2000,3108.6000,3108.8000,3109.0000,3109.4000,1,1,3,3,1,1,1,1,1,2
SF,IH2006,2020-01-14 09:35:07.100,3108.2000,8016,0,192968700.000,1,0,1,多换,S,3107.2000,3107.0000,3106.2000,3106.0000,3105.8000,3108.6000,3108.8000,3109.4000,3109.6000,3109.8000,2,1,3,3,1,1,1,2,1,1
SF,IH2006,2020-01-14 09:35:07.600,3108.2000,8016,0,192968700.000,0,-,-,-,-,3107.2000,3107.0000,3106.2000,3106.0000,3105.8000,3108.6000,3108.8000,3109.4000,3109.6000,3109.8000,2,1,3,3,1,1,1,2,1,1
SF,IH2006,2020-01-14 09:35:08.100,3108.2000,8016,0,192968700.000,0,-,-,-,-,3107.2000,3107.0000,3106.2000,3106.0000,3105.8000,3108.4000,3108.6000,3108.8000,3109.4000,3109.6000,2,1,2,3,1,1,1,1,2,1
SF,IH2006,2020-01-14 09:35:08.600,3108.2000,8016,0,192968700.000,0,-,-,-,-,3107.4000,3107.2000,3106.2000,3106.0000,3105.8000,3108.4000,3108.6000,3108.8000,3109.4000,3109.6000,1,2,1,3,1,1,1,1,2,1
SF,IH2006,2020-01-14 09:35:09.100,3108.2000,8016,0,192968700.000,0,-,-,-,-,3107.6000,3107.4000,3106.2000,3106.0000,3105.8000,3108.4000,3108.6000,3108.8000,3109.4000,3109.6000,1,1,1,3,1,1,1,1,2,1
SF,IH2006,2020-01-14 09:35:09.600,3108.2000,8016,0,192968700.000,0,-,-,-,-,3107.6000,3107.4000,3106.2000,3106.0000,3105.8000,3108.4000,3108.6000,3108.8000,3109.4000,3109.6000,1,1,1,3,1,1,1,1,2,1
SF,IH2006,2020-01-14 09:35:10.600,3108.8000,8016,0,195766440.000,3,1,2,多换,S,3108.4000,3107.6000,3107.4000,3106.2000,3106.0000,3109.4000,3109.6000,3109.8000,3110.2000,3110.6000,1,1,1,1,3,2,1,1,2,1
SF,IH2006,2020-01-14 09:35:11.100,3108.8000,8016,0,195766440.000,0,-,-,-,-,3107.6000,3107.4000,3106.2000,3106.0000,3105.8000,3109.4000,3109.6000,3109.8000,3110.2000,3110.6000,1,1,1,3,1,2,1,1,2,1
SF,IH2006,2020-01-14 09:35:11.600,3108.8000,8016,0,195766440.000,0,-,-,-,-,3107.8000,3107.6000,3106.0000,3105.8000,3103.8000,3109.4000,3110.2000,3110.6000,3110.8000,3111.0000,5,1,3,1,1,1,2,1,2,1
SF,IH2006,2020-01-14 09:35:12.100,3108.4000,8016,0,197631780.000,2,1,1,多换,S,3108.0000,3107.8000,3106.0000,3105.8000,3103.8000,3110.2000,3110.6000,3110.8000,3111.0000,3112.0000,1,5,3,1,1,2,1,2,1,1
SF,IH2006,2020-01-14 09:35:12.600,3108.4000,8016,0,197631780.000,0,-,-,-,-,3108.2000,3108.0000,3107.8000,3106.0000,3105.8000,3110.2000,3110.6000,3110.8000,3111.0000,3112.0000,5,1,2,3,1,2,1,2,1,1
SF,IH2006,2020-01-14 09:35:13.100,3108.4000,8016,0,197631780.000,0,-,-,-,-,3108.2000,3108.0000,3107.8000,3106.0000,3105.8000,3110.2000,3110.6000,3110.8000,3111.0000,3112.0000,5,1,2,3,1,2,1,2,1,1
SF,IH2006,2020-01-14 09:35:13.600,3110.2000,8014,-2,199497900.000,2,0,2,双平,S,3108.2000,3108.0000,3107.8000,3106.0000,3105.8000,3110.6000,3110.8000,3111.0000,3112.0000,3112.2000,5,1,2,3,1,1,2,1,1,1
SF,IH2006,2020-01-14 09:35:14.100,3110.2000,8014,0,199497900.000,0,-,-,-,-,3108.2000,3108.0000,3107.8000,3106.0000,3105.8000,3110.4000,3110.6000,3110.8000,3111.0000,3112.0000,5,1,1,3,1,2,2,2,1,1
SF,IH2006,2020-01-14 09:35:14.600,3110.2000,8014,0,199497900.000,0,-,-,-,-,3108.2000,3108.0000,3106.0000,3105.8000,3103.8000,3110.4000,3110.6000,3110.8000,3111.0000,3112.0000,4,1,3,1,1,2,2,2,1,1
SF,IH2006,2020-01-14 09:35:15.100,3110.2000,8014,0,199497900.000,0,-,-,-,-,3108.2000,3106.0000,3105.8000,3103.8000,3102.2000,3110.4000,3110.6000,3110.8000,3111.0000,3112.0000,4,3,1,1,1,2,1,2,1,1
SF,IH2006,2020-01-14 09:35:15.600,3110.2000,8014,0,199497900.000,0,-,-,-,-,3108.4000,3108.2000,3106.0000,3105.8000,3103.8000,3110.4000,3110.6000,3110.8000,3111.0000,3112.0000,1,3,3,1,1,2,1,2,1,1
SF,IH2006,2020-01-14 09:35:16.100,3110.2000,8014,0,199497900.000,0,-,-,-,-,3108.4000,3108.2000,3106.0000,3105.8000,3103.8000,3110.4000,3110.6000,3110.8000,3111.0000,3112.0000,1,2,3,1,1,2,1,2,1,1
SF,IH2006,2020-01-14 09:35:16.600,3110.2000,8014,0,199497900.000,0,-,-,-,-,3108.2000,3106.0000,3105.8000,3103.8000,3102.2000,3110.2000,3110.4000,3110.6000,3110.8000,3111.0000,2,3,1,1,1,1,2,1,2,1
SF,IH2006,2020-01-14 09:35:17.100,3110.2000,8014,0,199497900.000,0,-,-,-,-,3108.4000,3108.2000,3106.0000,3105.8000,3103.8000,3110.0000,3110.2000,3110.6000,3110.8000,3111.0000,1,1,3,1,1,2,1,1,2,1
SF,IH2006,2020-01-14 09:35:17.600,3110.2000,8014,0,200430960.000,1,0,1,多换,S,3108.6000,3108.4000,3106.0000,3105.8000,3103.8000,3110.0000,3110.2000,3110.6000,3110.8000,3111.0000,1,1,3,1,1,1,1,1,2,1
SF,IH2006,2020-01-14 09:35:18.100,3110.2000,8014,0,200430960.000,0,-,-,-,-,3108.8000,3108.6000,3108.4000,3106.0000,3105.8000,3110.0000,3110.6000,3110.8000,3111.0000,3112.0000,1,1,2,3,1,1,1,2,1,1
SF,IH2006,2020-01-14 09:35:18.600,3110.2000,8014,0,200430960.000,0,-,-,-,-,3109.0000,3108.8000,3108.4000,3106.0000,3105.8000,3110.6000,3110.8000,3111.0000,3112.0000,3112.2000,2,1,1,3,1,1,2,1,1,1
SF,IH2006,2020-01-14 09:35:19.100,3109.0000,8014,0,201363660.000,1,0,1,多换,S,3108.4000,3106.0000,3105.8000,3105.4000,3103.8000,3110.4000,3110.6000,3110.8000,3111.0000,3112.0000,1,3,1,1,1,3,1,2,1,1
SF,IH2006,2020-01-14 09:35:19.600,3109.0000,8014,0,201363660.000,0,-,-,-,-,3106.0000,3105.8000,3105.4000,3103.8000,3102.2000,3110.0000,3110.2000,3110.4000,3110.6000,3110.8000,3,1,1,1,1,1,3,2,1,2
SF,IH2006,2020-01-14 09:35:20.100,3109.0000,8014,0,201363660.000,0,-,-,-,-,3107.6000,3106.4000,3106.2000,3106.0000,3105.8000,3110.0000,3110.6000,3110.8000,3111.0000,3112.0000,1,1,6,3,1,1,1,2,1,1
SF,IH2006,2020-01-14 09:35:20.600,3109.0000,8014,0,201363660.000,0,-,-,-,-,3107.8000,3107.6000,3106.4000,3106.2000,3106.0000,3109.8000,3110.0000,3110.6000,3110.8000,3111.0000,2,1,1,3,3,1,1,1,2,1
SF,IH2006,2020-01-14 09:35:21.100,3109.0000,8014,0,201363660.000,0,-,-,-,-,3107.8000,3106.4000,3106.2000,3106.0000,3105.8000,3109.6000,3109.8000,3110.0000,3110.6000,3110.8000,2,1,1,3,1,1,1,1,1,2
SF,IH2006,2020-01-14 09:35:21.600,3109.0000,8014,0,201363660.000,0,-,-,-,-,3107.8000,3106.4000,3106.2000,3106.0000,3105.8000,3109.4000,3109.6000,3110.0000,3110.6000,3110.8000,2,1,1,3,1,1,1,1,1,2
SF,IH2006,2020-01-14 09:35:22.100,3109.0000,8014,0,201363660.000,0,-,-,-,-,3107.8000,3106.4000,3106.2000,3106.0000,3105.8000,3109.2000,3109.4000,3109.6000,3110.0000,3110.6000,3,1,1,3,1,1,1,1,1,1
SF,IH2006,2020-01-14 09:35:22.600,3109.0000,8014,0,201363660.000,0,-,-,-,-,3107.8000,3106.4000,3106.2000,3106.0000,3105.8000,3109.0000,3109.2000,3109.6000,3110.0000,3110.6000,3,1,1,3,1,1,1,1,1,1
SF,IH2006,2020-01-14 09:35:23.100,3109.0000,8014,0,201363660.000,0,-,-,-,-,3107.8000,3106.4000,3106.2000,3106.0000,3105.8000,3109.0000,3109.2000,3110.0000,3110.6000,3110.8000,3,1,1,3,1,1,1,2,1,2
SF,IH2006,2020-01-14 09:35:23.600,3109.0000,8014,0,202296360.000,1,0,1,多换,S,3108.0000,3107.8000,3106.4000,3106.2000,3106.0000,3110.0000,3110.6000,3110.8000,3111.0000,3112.0000,1,3,1,1,3,2,1,2,1,1
SF,IH2006,2020-01-14 09:35:24.100,3109.0000,8014,0,202296360.000,0,-,-,-,-,3108.2000,3108.0000,3106.4000,3106.2000,3106.0000,3109.8000,3110.0000,3110.6000,3110.8000,3111.0000,3,1,1,1,3,1,2,1,2,1
SF,IH2006,2020-01-14 09:35:24.600,3109.0000,8014,0,202296360.000,0,-,-,-,-,3108.4000,3108.2000,3106.4000,3106.2000,3106.0000,3109.6000,3109.8000,3110.0000,3110.6000,3110.8000,1,3,1,1,3,1,1,1,1,2
SF,IH2006,2020-01-14 09:35:25.100,3109.0000,8014,0,202296360.000,0,-,-,-,-,3109.4000,3108.6000,3108.4000,3108.2000,3106.4000,3109.6000,3109.8000,3110.0000,3110.6000,3110.8000,1,2,1,1,1,1,1,1,1,2
SF,IH2006,2020-01-14 09:35:25.600,3109.2000,8015,1,204161880.000,2,1,1,空开,S,3108.4000,3108.2000,3106.4000,3106.0000,3105.8000,3109.6000,3109.8000,3110.0000,3110.6000,3110.8000,1,1,1,3,1,1,1,1,1,2
SF,IH2006,2020-01-14 09:35:26.100,3109.2000,8015,0,204161880.000,0,-,-,-,-,3108.6000,3108.4000,3108.2000,3106.4000,3106.0000,3109.4000,3109.8000,3110.0000,3110.6000,3110.8000,1,1,1,1,3,1,1,1,1,2
SF,IH2006,2020-01-14 09:35:26.600,3109.2000,8015,0,204161880.000,0,-,-,-,-,3108.6000,3108.2000,3106.4000,3106.0000,3105.8000,3109.4000,3109.8000,3110.0000,3110.6000,3110.8000,1,1,1,3,1,1,1,1,1,2
SF,IH2006,2020-01-14 09:35:27.100,3109.2000,8015,0,204161880.000,0,-,-,-,-,3108.2000,3106.4000,3106.0000,3105.8000,3105.4000,3109.8000,3110.0000,3110.6000,3110.8000,3111.0000,1,1,3,1,1,1,1,1,2,1
SF,IH2006,2020-01-14 09:35:27.600,3109.2000,8015,0,204161880.000,0,-,-,-,-,3108.2000,3106.4000,3106.0000,3105.8000,3105.4000,3109.6000,3109.8000,3110.0000,3110.6000,3110.8000,1,1,3,1,1,1,1,1,1,2
SF,IH2006,2020-01-14 09:35:28.100,3109.2000,8015,0,204161880.000,0,-,-,-,-,3108.4000,3108.2000,3106.4000,3106.0000,3105.8000,3109.6000,3109.8000,3110.0000,3110.6000,3110.8000,3,2,1,3,1,1,1,1,1,2
SF,IH2006,2020-01-14 09:35:28.600,3109.2000,8015,0,204161880.000,0,-,-,-,-,3108.6000,3108.2000,3106.4000,3106.0000,3105.8000,3109.8000,3110.0000,3110.6000,3110.8000,3111.0000,1,2,1,3,1,1,1,1,2,1
SF,IH2006,2020-01-14 09:35:29.600,3109.2000,8015,0,204161880.000,0,-,-,-,-,3108.6000,3108.2000,3106.4000,3106.0000,3105.8000,3109.6000,3109.8000,3110.0000,3110.6000,3110.8000,1,2,1,3,1,1,1,1,1,2
