市场代码,合约代码,时间,最新,持仓,增仓,成交额,成交量,开仓,平仓,成交类型,方向,买一价,买二价,买三价,买四价,买五价,卖一价,卖二价,卖三价,卖四价,卖五价,买一量,买二量,买三量,买四量,买五量,卖一量,卖二量,卖三量,卖四量,卖五量
SF,IH2003,2020-01-07 09:29:00.000,3073.0000,22813,0,4609500.000,5.000,-,-,-,-,3072.8000,3072.0000,3071.2000,3070.2000,3069.6000,3075.0000,3078.0000,3081.0000,3083.0000,3083.6000,1,20,1,1,1,1,3,1,1,2
SF,IH2003,2020-01-07 09:30:00.500,3075.0000,22812,-1,23052780.000,20,9,11,多平,S,3073.6000,3073.2000,3073.0000,3072.2000,3072.0000,3075.0000,3076.0000,3077.8000,3078.0000,3080.0000,1,3,1,1,20,2,1,1,3,1
SF,IH2003,2020-01-07 09:30:01.000,3075.0000,22810,-2,24897780.000,2,0,2,双平,S,3074.4000,3074.2000,3074.0000,3073.8000,3073.6000,3075.0000,3076.0000,3077.8000,3078.0000,3080.0000,3,3,4,6,1,1,2,1,3,1
SF,IH2003,2020-01-07 09:30:01.500,3075.0000,22810,0,26742780.000,2,1,1,多换,S,3075.0000,3074.8000,3074.6000,3074.4000,3074.2000,3076.0000,3077.8000,3078.0000,3080.0000,3083.0000,2,1,13,3,3,2,1,3,1,1
SF,IH2003,2020-01-07 09:30:02.000,3076.0000,22809,-1,28588380.000,2,0,2,多平,S,3075.4000,3075.2000,3075.0000,3074.6000,3074.2000,3077.8000,3078.0000,3080.0000,3083.0000,3083.2000,1,15,1,4,3,1,3,1,1,1
SF,IH2003,2020-01-07 09:30:02.500,3075.6000,22808,-1,32279100.000,4,1,3,多平,S,3075.6000,3075.4000,3075.2000,3075.0000,3074.2000,3077.2000,3077.4000,3077.6000,3077.8000,3078.0000,14,1,2,1,3,1,5,5,1,3
SF,IH2003,2020-01-07 09:30:03.000,3075.6000,22808,0,32279100.000,0,-,-,-,-,3076.0000,3075.6000,3075.2000,3075.0000,3074.2000,3077.0000,3077.2000,3077.4000,3077.6000,3077.8000,1,11,2,1,3,3,1,5,4,1
SF,IH2003,2020-01-07 09:30:03.500,3076.8000,22808,0,33202140.000,1,0,1,多换,S,3076.2000,3076.0000,3075.2000,3075.0000,3074.2000,3077.0000,3077.2000,3077.4000,3077.6000,3077.8000,10,2,2,2,3,1,1,5,3,1
SF,IH2003,2020-01-07 09:30:04.000,3077.0000,22808,0,34125240.000,1,0,1,多换,S,3076.2000,3076.0000,3075.2000,3075.0000,3074.2000,3077.2000,3077.4000,3077.6000,3077.8000,3078.0000,11,2,2,1,3,1,5,3,1,3
SF,IH2003,2020-01-07 09:30:04.500,3077.0000,22808,0,34125240.000,0,-,-,-,-,3076.2000,3076.0000,3075.2000,3075.0000,3074.2000,3077.2000,3077.4000,3077.6000,3077.8000,3078.0000,11,2,2,1,3,1,5,3,1,3
SF,IH2003,2020-01-07 09:30:05.000,3077.0000,22808,0,34125240.000,0,-,-,-,-,3077.4000,3077.2000,3076.4000,3076.2000,3076.0000,3077.6000,3077.8000,3078.0000,3078.8000,3080.0000,4,1,1,11,2,3,1,4,1,1
SF,IH2003,2020-01-07 09:30:05.500,3077.6000,22810,2,42434100.000,9,5,4,空开,S,3077.6000,3077.2000,3077.0000,3076.4000,3076.0000,3077.8000,3078.0000,3078.8000,3080.0000,3081.8000,7,1,1,1,2,1,4,1,1,5
SF,IH2003,2020-01-07 09:30:06.000,3077.6000,22808,-2,46127400.000,4,1,3,多平,S,3077.6000,3077.2000,3077.0000,3076.4000,3076.0000,3078.0000,3078.8000,3080.0000,3080.8000,3081.8000,5,1,1,1,2,3,1,1,1,5
SF,IH2003,2020-01-07 09:30:06.500,3077.6000,22808,0,46127400.000,0,-,-,-,-,3077.6000,3077.2000,3077.0000,3076.4000,3076.0000,3077.8000,3078.0000,3078.8000,3080.0000,3080.8000,5,2,1,1,2,5,3,1,2,1
SF,IH2003,2020-01-07 09:30:07.000,3077.6000,22804,-4,54437160.000,9,2,7,多平,S,3077.2000,3077.0000,3076.4000,3076.0000,3075.2000,3077.6000,3077.8000,3078.0000,3078.8000,3080.0000,2,1,1,2,2,1,1,4,1,2
SF,IH2003,2020-01-07 09:30:07.500,3078.0000,22801,-3,58130580.000,4,0,4,多平,S,3077.8000,3077.6000,3077.2000,3077.0000,3076.8000,3078.0000,3078.8000,3080.0000,3080.8000,3081.8000,2,1,1,2,1,2,1,2,1,5
SF,IH2003,2020-01-07 09:30:08.000,3077.8000,22800,-1,59053920.000,1,0,1,双平,S,3077.8000,3077.6000,3077.2000,3077.0000,3076.8000,3078.0000,3078.8000,3080.0000,3080.8000,3081.8000,1,1,1,2,1,2,1,2,1,5
SF,IH2003,2020-01-07 09:30:08.500,3077.8000,22799,-1,59977260.000,1,0,1,双平,S,3077.6000,3077.2000,3077.0000,3076.8000,3076.4000,3078.0000,3078.8000,3080.0000,3080.8000,3081.8000,1,1,1,1,2,2,1,2,1,5
SF,IH2003,2020-01-07 09:30:09.000,3077.8000,22799,0,59977260.000,0,-,-,-,-,3077.8000,3077.6000,3077.2000,3077.0000,3076.8000,3078.0000,3078.8000,3080.0000,3080.8000,3081.8000,1,1,1,1,1,2,1,2,1,5
SF,IH2003,2020-01-07 09:30:09.500,3078.0000,22799,0,60900660.000,1,0,1,多换,S,3077.8000,3077.6000,3077.2000,3077.0000,3076.8000,3078.0000,3078.8000,3080.0000,3080.8000,3081.8000,1,1,1,1,1,1,1,2,1,5
SF,IH2003,2020-01-07 09:30:10.000,3078.0000,22799,0,61824060.000,1,0,1,多换,S,3078.4000,3077.8000,3077.6000,3077.2000,3077.0000,3078.8000,3080.0000,3080.8000,3083.0000,3083.2000,3,1,1,1,1,1,2,1,1,1
SF,IH2003,2020-01-07 09:30:10.500,3078.6000,22795,-4,69211680.000,8,2,6,多平,S,3078.6000,3077.2000,3077.0000,3076.4000,3076.0000,3078.8000,3080.0000,3080.8000,3083.0000,3083.2000,1,1,1,2,2,1,2,1,1,1
SF,IH2003,2020-01-07 09:30:11.000,3078.2000,22795,0,71982180.000,3,1,2,多换,S,3078.2000,3078.0000,3077.2000,3077.0000,3076.4000,3078.8000,3080.0000,3080.8000,3083.0000,3083.2000,2,1,2,1,2,1,2,1,1,1
SF,IH2003,2020-01-07 09:30:11.500,3078.2000,22795,0,71982180.000,0,-,-,-,-,3078.2000,3078.0000,3077.2000,3077.0000,3076.4000,3078.8000,3080.0000,3080.8000,3083.0000,3083.2000,2,1,2,1,2,1,2,1,1,1
SF,IH2003,2020-01-07 09:30:12.000,3078.6000,22794,-1,72905760.000,1,0,1,双平,S,3078.4000,3078.2000,3078.0000,3077.6000,3077.2000,3078.8000,3080.0000,3080.8000,3083.0000,3083.2000,3,2,12,1,2,1,2,1,1,1
SF,IH2003,2020-01-07 09:30:12.500,3078.8000,22793,-1,73829400.000,1,0,1,双平,S,3079.0000,3078.8000,3078.4000,3078.2000,3078.0000,3080.0000,3080.8000,3083.0000,3083.2000,3084.0000,1,1,3,2,12,2,1,1,1,1
SF,IH2003,2020-01-07 09:30:13.000,3078.8000,22792,-1,74753040.000,1,0,1,双平,S,3078.8000,3078.4000,3078.2000,3078.0000,3077.6000,3079.8000,3080.0000,3080.8000,3083.0000,3083.2000,1,3,2,11,1,3,2,1,1,1
SF,IH2003,2020-01-07 09:30:13.500,3078.8000,22792,0,74753040.000,0,-,-,-,-,3078.4000,3078.2000,3078.0000,3077.6000,3077.2000,3079.0000,3079.8000,3080.0000,3083.0000,3083.2000,3,2,11,1,2,2,3,2,1,1
SF,IH2003,2020-01-07 09:30:14.000,3079.0000,22792,0,75676740.000,1,0,1,多换,S,3078.6000,3078.4000,3078.2000,3078.0000,3077.6000,3079.0000,3079.8000,3080.0000,3083.0000,3083.2000,1,3,2,11,1,1,3,2,1,1
SF,IH2003,2020-01-07 09:30:14.500,3079.0000,22792,0,75676740.000,0,-,-,-,-,3078.6000,3078.2000,3078.0000,3077.6000,3077.2000,3079.0000,3079.8000,3080.0000,3083.0000,3083.2000,1,2,11,1,2,2,3,2,1,1
SF,IH2003,2020-01-07 09:30:15.000,3079.0000,22790,-2,77524140.000,2,0,2,双平,S,3079.0000,3078.8000,3078.6000,3078.2000,3078.0000,3079.8000,3080.0000,3083.0000,3083.2000,3084.0000,3,3,1,2,31,4,2,1,1,1
SF,IH2003,2020-01-07 09:30:15.500,3079.0000,22790,0,78447840.000,1,0,1,多换,S,3079.0000,3078.8000,3078.6000,3078.2000,3078.0000,3079.6000,3079.8000,3080.0000,3083.0000,3083.2000,1,3,1,2,31,1,4,2,1,1
SF,IH2003,2020-01-07 09:30:16.000,3079.0000,22790,0,78447840.000,0,-,-,-,-,3079.2000,3079.0000,3078.8000,3078.2000,3078.0000,3079.6000,3079.8000,3080.0000,3083.0000,3083.2000,1,2,3,2,31,2,1,2,1,1
SF,IH2003,2020-01-07 09:30:16.500,3079.0000,22790,0,78447840.000,0,-,-,-,-,3079.2000,3079.0000,3078.8000,3078.2000,3078.0000,3079.6000,3079.8000,3080.0000,3083.0000,3083.2000,1,2,3,2,31,1,1,2,1,1
SF,IH2003,2020-01-07 09:30:17.000,3078.8000,22789,-1,83990280.000,6,2,4,多平,S,3078.8000,3078.2000,3078.0000,3077.8000,3077.6000,3079.8000,3080.0000,3083.0000,3083.2000,3084.0000,2,2,31,1,1,1,2,1,1,1
SF,IH2003,2020-01-07 09:30:17.500,3078.8000,22789,0,83990280.000,0,-,-,-,-,3079.6000,3079.0000,3078.2000,3078.0000,3077.8000,3079.8000,3080.0000,3083.0000,3083.2000,3084.0000,1,2,2,11,1,1,2,1,1,1
SF,IH2003,2020-01-07 09:30:18.000,3079.8000,22788,-1,84914220.000,1,0,1,双平,S,3079.6000,3079.0000,3078.2000,3078.0000,3077.8000,3080.0000,3083.0000,3083.2000,3084.0000,3084.8000,1,2,2,11,1,2,1,1,1,5
SF,IH2003,2020-01-07 09:30:18.500,3080.0000,22788,0,86762220.000,2,1,1,多换,S,3079.6000,3079.0000,3078.2000,3078.0000,3077.8000,3079.8000,3083.0000,3083.2000,3084.0000,3084.8000,1,2,2,11,1,1,1,1,1,5
SF,IH2003,2020-01-07 09:30:19.000,3079.8000,22786,-2,88610100.000,2,0,2,双平,S,3079.8000,3079.6000,3078.2000,3078.0000,3077.8000,3080.0000,3082.8000,3083.0000,3083.2000,3084.0000,3,1,2,11,1,1,2,1,1,1
SF,IH2003,2020-01-07 09:30:19.500,3080.0000,22786,0,89534100.000,1,0,1,多换,S,3080.2000,3080.0000,3079.8000,3079.6000,3078.2000,3082.8000,3083.0000,3083.2000,3084.0000,3084.8000,2,2,2,1,2,2,1,1,1,5
SF,IH2003,2020-01-07 09:30:20.000,3080.4000,22784,-2,91382340.000,2,0,2,双平,S,3080.4000,3080.2000,3080.0000,3079.6000,3078.2000,3082.2000,3082.4000,3082.6000,3082.8000,3083.0000,4,2,2,1,2,4,8,8,3,1
SF,IH2003,2020-01-07 09:30:20.500,3081.8000,22784,0,92306880.000,1,0,1,多换,S,3080.4000,3080.2000,3080.0000,3079.6000,3078.2000,3081.8000,3082.0000,3082.2000,3082.4000,3082.6000,3,2,2,1,2,2,12,4,1,6
SF,IH2003,2020-01-07 09:30:21.000,3080.4000,22784,0,93231000.000,1,0,1,多换,S,3080.4000,3080.2000,3080.0000,3079.6000,3078.2000,3081.6000,3081.8000,3082.0000,3082.2000,3082.4000,1,2,2,1,2,4,2,11,4,1
SF,IH2003,2020-01-07 09:30:21.500,3080.4000,22784,0,93231000.000,0,-,-,-,-,3080.6000,3080.2000,3080.0000,3079.6000,3078.2000,3081.6000,3082.0000,3082.2000,3082.4000,3082.6000,1,2,2,1,2,4,3,4,1,3
SF,IH2003,2020-01-07 09:30:22.000,3080.4000,22784,0,93231000.000,0,-,-,-,-,3080.6000,3080.2000,3080.0000,3079.6000,3078.8000,3081.6000,3082.0000,3082.2000,3082.6000,3082.8000,1,2,2,1,20,4,3,4,3,3
SF,IH2003,2020-01-07 09:30:22.500,3080.4000,22784,0,94155120.000,1,0,1,多换,S,3080.2000,3080.0000,3079.6000,3078.8000,3078.2000,3081.2000,3081.6000,3082.0000,3082.2000,3082.6000,2,2,1,20,2,1,4,3,4,3
SF,IH2003,2020-01-07 09:30:23.000,3080.4000,22784,0,94155120.000,0,-,-,-,-,3080.2000,3080.0000,3079.6000,3078.8000,3078.2000,3081.0000,3081.6000,3082.0000,3082.2000,3082.6000,2,2,1,20,2,1,2,3,4,3
SF,IH2003,2020-01-07 09:30:23.500,3080.4000,22784,0,94155120.000,0,-,-,-,-,3080.2000,3080.0000,3078.8000,3078.2000,3078.0000,3080.8000,3081.0000,3081.6000,3082.0000,3082.2000,2,2,20,2,11,2,1,2,1,4
SF,IH2003,2020-01-07 09:30:24.000,3080.8000,22784,0,95079360.000,1,0,1,多换,S,3080.2000,3080.0000,3078.8000,3078.2000,3078.0000,3080.8000,3081.0000,3081.6000,3082.0000,3082.2000,2,2,20,2,11,2,1,2,1,4
SF,IH2003,2020-01-07 09:30:24.500,3080.8000,22784,0,95079360.000,0,-,-,-,-,3080.0000,3078.2000,3078.0000,3077.6000,3077.2000,3080.6000,3080.8000,3081.6000,3082.0000,3082.2000,2,2,11,2,2,1,2,2,1,4
SF,IH2003,2020-01-07 09:30:25.000,3080.8000,22784,0,95079360.000,0,-,-,-,-,3079.0000,3078.2000,3078.0000,3077.6000,3077.2000,3080.6000,3080.8000,3081.6000,3082.0000,3082.2000,1,2,11,2,2,1,2,2,1,4
SF,IH2003,2020-01-07 09:30:25.500,3080.8000,22784,0,95079360.000,0,-,-,-,-,3079.2000,3079.0000,3078.2000,3078.0000,3077.6000,3080.4000,3080.6000,3080.8000,3081.6000,3082.0000,3,1,2,11,2,1,1,2,2,1
SF,IH2003,2020-01-07 09:30:26.000,3080.8000,22784,0,95079360.000,0,-,-,-,-,3079.2000,3079.0000,3078.2000,3078.0000,3077.6000,3080.4000,3080.6000,3080.8000,3081.6000,3082.0000,1,1,2,11,2,1,1,2,2,1
SF,IH2003,2020-01-07 09:30:26.500,3080.6000,22783,-1,96927720.000,2,0,2,多平,S,3080.6000,3079.2000,3079.0000,3078.2000,3078.0000,3080.8000,3081.6000,3082.0000,3082.2000,3082.6000,1,1,1,2,11,2,2,1,4,3
SF,IH2003,2020-01-07 09:30:27.000,3080.6000,22782,-1,97851900.000,1,0,1,双平,S,3079.0000,3078.2000,3078.0000,3077.6000,3077.2000,3079.8000,3080.2000,3080.4000,3080.6000,3080.8000,1,2,11,2,2,1,2,1,1,2
SF,IH2003,2020-01-07 09:30:27.500,3079.8000,22781,-1,98775840.000,1,0,1,双平,S,3079.0000,3078.2000,3078.0000,3077.6000,3077.2000,3080.2000,3080.4000,3080.6000,3080.8000,3081.6000,1,2,11,2,2,2,1,1,2,2
SF,IH2003,2020-01-07 09:30:28.000,3080.2000,22781,0,99699900.000,1,0,1,多换,S,3079.2000,3079.0000,3078.2000,3078.0000,3077.6000,3079.8000,3080.4000,3080.6000,3080.8000,3081.6000,1,1,2,11,2,2,1,1,2,2
SF,IH2003,2020-01-07 09:30:28.500,3079.8000,22780,-1,100623840.000,1,0,1,双平,S,3079.2000,3079.0000,3078.2000,3078.0000,3077.6000,3079.8000,3080.4000,3080.6000,3080.8000,3081.6000,1,1,2,11,2,1,1,1,2,2
SF,IH2003,2020-01-07 09:30:29.000,3079.2000,22779,-1,101547600.000,1,0,1,双平,S,3079.0000,3078.2000,3078.0000,3077.6000,3077.2000,3079.8000,3080.4000,3080.6000,3080.8000,3081.6000,1,2,11,2,2,1,1,1,2,2
SF,IH2003,2020-01-07 09:30:29.500,3080.8000,22770,-9,110787120.000,10,0,10,多平,S,3080.8000,3079.8000,3078.2000,3078.0000,3077.6000,3082.0000,3082.2000,3082.6000,3082.8000,3083.0000,1,1,2,11,2,1,4,3,2,1
SF,IH2003,2020-01-07 09:30:30.000,3078.2000,22770,0,113558760.000,3,1,2,多换,S,3078.2000,3078.0000,3077.6000,3077.2000,3077.0000,3079.8000,3080.4000,3080.6000,3080.8000,3081.0000,1,11,2,2,1,2,2,2,3,2
SF,IH2003,2020-01-07 09:30:30.500,3078.2000,22770,0,113558760.000,0,-,-,-,-,3078.4000,3078.2000,3078.0000,3077.6000,3077.2000,3079.8000,3080.4000,3080.6000,3080.8000,3081.0000,2,1,11,2,2,1,2,1,2,1
SF,IH2003,2020-01-07 09:30:31.000,3080.0000,22769,-1,115406640.000,2,0,2,多平,S,3078.4000,3078.2000,3078.0000,3077.6000,3077.2000,3080.4000,3080.8000,3081.0000,3081.2000,3081.4000,2,1,11,2,2,2,2,1,2,2
SF,IH2003,2020-01-07 09:30:31.500,3078.6000,22768,-1,117254280.000,2,0,2,多平,S,3078.6000,3078.4000,3078.2000,3078.0000,3077.6000,3080.2000,3080.4000,3080.8000,3081.0000,3081.2000,1,2,1,11,2,15,3,3,1,2
SF,IH2003,2020-01-07 09:30:32.000,3078.6000,22768,0,117254280.000,0,-,-,-,-,3078.8000,3078.6000,3078.2000,3078.0000,3077.6000,3080.2000,3080.4000,3080.8000,3081.0000,3081.2000,1,1,1,11,2,4,2,3,1,2
SF,IH2003,2020-01-07 09:30:32.500,3078.6000,22768,0,117254280.000,0,-,-,-,-,3078.8000,3078.6000,3078.2000,3078.0000,3077.6000,3079.8000,3080.2000,3080.4000,3080.8000,3081.0000,1,1,1,11,2,1,3,2,3,1
SF,IH2003,2020-01-07 09:30:33.000,3078.6000,22768,0,117254280.000,0,-,-,-,-,3078.8000,3078.2000,3078.0000,3077.6000,3077.2000,3079.8000,3080.2000,3080.8000,3081.0000,3081.2000,1,1,11,2,2,1,3,2,1,2
SF,IH2003,2020-01-07 09:30:33.500,3079.8000,22767,-1,118178220.000,1,0,1,双平,S,3079.8000,3078.8000,3078.2000,3078.0000,3077.6000,3080.2000,3080.8000,3081.0000,3081.2000,3081.4000,2,1,1,11,2,3,2,1,2,2
SF,IH2003,2020-01-07 09:30:34.000,3079.8000,22756,-11,128340960.000,11,0,11,双平,S,3079.8000,3078.2000,3078.0000,3077.6000,3077.2000,3080.0000,3080.2000,3080.4000,3080.8000,3081.0000,12,1,11,2,2,1,3,2,2,1
SF,IH2003,2020-01-07 09:30:34.500,3079.8000,22744,-12,139428240.000,12,0,12,双平,S,3078.2000,3078.0000,3077.6000,3077.2000,3077.0000,3080.0000,3080.2000,3080.4000,3080.8000,3081.0000,1,11,2,2,1,2,3,1,2,1
SF,IH2003,2020-01-07 09:30:35.000,3079.8000,22744,0,139428240.000,0,-,-,-,-,3078.6000,3078.4000,3078.2000,3078.0000,3077.6000,3080.0000,3080.8000,3081.0000,3081.2000,3081.4000,1,3,1,11,2,2,2,1,2,2
SF,IH2003,2020-01-07 09:30:35.500,3079.8000,22744,0,139428240.000,0,-,-,-,-,3078.8000,3078.6000,3078.4000,3078.2000,3078.0000,3079.8000,3080.0000,3080.8000,3081.0000,3081.2000,2,1,1,1,11,1,2,2,1,2
SF,IH2003,2020-01-07 09:30:36.500,3079.8000,22744,0,139428240.000,0,-,-,-,-,3078.8000,3078.6000,3078.2000,3078.0000,3077.6000,3079.8000,3080.0000,3080.8000,3081.0000,3081.2000,2,1,1,11,2,1,2,2,1,2
SF,IH2003,2020-01-07 09:30:37.000,3079.8000,22744,0,139428240.000,0,-,-,-,-,3078.6000,3078.2000,3078.0000,3077.6000,3077.2000,3079.8000,3080.0000,3080.8000,3081.0000,3081.2000,1,1,11,2,2,1,2,2,1,2
SF,IH2003,2020-01-07 09:30:37.500,3078.6000,22743,-1,140351820.000,1,0,1,双平,S,3078.2000,3078.0000,3077.6000,3077.2000,3077.0000,3079.8000,3080.0000,3080.8000,3081.0000,3081.2000,1,11,2,2,1,1,2,2,1,2
SF,IH2003,2020-01-07 09:30:38.000,3078.6000,22743,0,140351820.000,0,-,-,-,-,3078.2000,3078.0000,3077.6000,3077.2000,3077.0000,3079.6000,3079.8000,3080.0000,3080.8000,3081.0000,1,11,2,2,1,2,1,3,2,1
SF,IH2003,2020-01-07 09:30:38.500,3078.6000,22743,0,140351820.000,0,-,-,-,-,3078.4000,3078.2000,3078.0000,3077.6000,3077.2000,3079.6000,3079.8000,3080.0000,3080.8000,3081.0000,1,1,11,2,2,2,1,3,2,1
SF,IH2003,2020-01-07 09:30:39.000,3078.6000,22743,0,140351820.000,0,-,-,-,-,3078.4000,3078.2000,3078.0000,3077.6000,3077.2000,3079.6000,3079.8000,3080.0000,3080.8000,3081.0000,1,1,11,2,2,1,1,3,2,1
SF,IH2003,2020-01-07 09:30:39.500,3078.6000,22743,0,140351820.000,0,-,-,-,-,3078.4000,3078.2000,3078.0000,3077.6000,3077.2000,3079.8000,3080.0000,3080.8000,3081.0000,3081.2000,1,1,11,2,2,1,2,1,1,2
SF,IH2003,2020-01-07 09:30:40.000,3078.6000,22743,0,140351820.000,0,-,-,-,-,3078.8000,3078.6000,3078.4000,3078.2000,3078.0000,3079.8000,3080.0000,3080.8000,3081.0000,3081.2000,1,1,1,1,11,1,2,1,1,2
SF,IH2003,2020-01-07 09:30:40.500,3079.8000,22741,-2,142199400.000,2,0,2,双平,S,3079.8000,3078.4000,3078.2000,3078.0000,3077.6000,3080.0000,3080.8000,3081.0000,3081.2000,3081.4000,2,1,1,11,2,3,1,1,2,1
SF,IH2003,2020-01-07 09:30:41.000,3079.8000,22739,-2,144047280.000,2,0,2,双平,S,3078.4000,3078.2000,3078.0000,3077.6000,3077.2000,3079.6000,3079.8000,3080.0000,3080.8000,3081.0000,1,1,12,2,2,2,2,2,1,1
SF,IH2003,2020-01-07 09:30:41.500,3079.8000,22739,0,144047280.000,0,-,-,-,-,3078.4000,3078.2000,3078.0000,3077.6000,3077.2000,3079.6000,3079.8000,3080.0000,3080.8000,3081.0000,1,1,12,2,2,2,2,3,1,1
SF,IH2003,2020-01-07 09:30:42.000,3079.8000,22739,0,144047280.000,0,-,-,-,-,3078.6000,3078.4000,3078.2000,3078.0000,3077.6000,3079.8000,3080.0000,3080.8000,3081.0000,3081.2000,1,1,1,12,2,2,3,1,1,2
SF,IH2003,2020-01-07 09:30:42.500,3079.8000,22739,0,144047280.000,0,-,-,-,-,3078.8000,3078.4000,3078.2000,3078.0000,3077.6000,3079.8000,3080.0000,3080.8000,3081.0000,3081.2000,1,1,1,12,2,2,3,1,1,2
SF,IH2003,2020-01-07 09:30:43.000,3079.8000,22739,0,144047280.000,0,-,-,-,-,3079.0000,3078.4000,3078.2000,3078.0000,3077.6000,3079.8000,3080.0000,3080.8000,3081.0000,3081.2000,1,1,1,13,2,1,3,1,1,2
SF,IH2003,2020-01-07 09:30:43.500,3079.8000,22739,0,144047280.000,0,-,-,-,-,3078.4000,3078.2000,3078.0000,3077.6000,3077.2000,3079.8000,3080.0000,3080.8000,3081.0000,3081.2000,1,1,13,2,2,1,3,1,1,2
SF,IH2003,2020-01-07 09:30:44.000,3079.8000,22739,0,144047280.000,0,-,-,-,-,3078.6000,3078.4000,3078.2000,3078.0000,3077.6000,3079.8000,3080.0000,3080.8000,3081.0000,3081.2000,1,1,1,13,2,1,3,1,1,2
SF,IH2003,2020-01-07 09:30:44.500,3079.8000,22739,0,144047280.000,0,-,-,-,-,3078.8000,3078.6000,3078.4000,3078.2000,3078.0000,3079.8000,3080.0000,3080.8000,3081.0000,3081.2000,1,1,1,1,13,1,3,1,1,2
SF,IH2003,2020-01-07 09:30:45.000,3079.8000,22739,0,144047280.000,0,-,-,-,-,3078.6000,3078.4000,3078.2000,3078.0000,3077.6000,3079.8000,3080.0000,3080.8000,3081.0000,3081.2000,1,1,1,13,2,1,4,1,1,2
SF,IH2003,2020-01-07 09:30:46.000,3079.8000,22739,0,144047280.000,0,-,-,-,-,3078.8000,3078.6000,3078.4000,3078.2000,3078.0000,3079.8000,3080.0000,3080.8000,3081.0000,3081.2000,1,1,1,1,14,1,3,1,1,2
SF,IH2003,2020-01-07 09:30:46.500,3079.8000,22739,0,144047280.000,0,-,-,-,-,3078.6000,3078.4000,3078.2000,3078.0000,3077.6000,3079.8000,3080.0000,3080.8000,3081.0000,3081.2000,1,1,1,14,2,1,3,1,1,2
SF,IH2003,2020-01-07 09:30:47.000,3079.8000,22738,-1,144971220.000,1,0,1,双平,S,3078.8000,3078.6000,3078.2000,3078.0000,3077.6000,3080.0000,3080.8000,3081.0000,3081.2000,3081.4000,2,2,1,14,2,3,1,1,2,1
SF,IH2003,2020-01-07 09:30:47.500,3079.8000,22738,0,144971220.000,0,-,-,-,-,3078.8000,3078.6000,3078.2000,3078.0000,3077.6000,3080.0000,3080.8000,3081.0000,3081.2000,3081.4000,2,2,1,14,2,3,1,1,2,1
SF,IH2003,2020-01-07 09:30:48.000,3080.0000,22735,-3,147743220.000,3,0,3,双平,S,3080.0000,3078.8000,3078.6000,3078.2000,3078.0000,3080.8000,3081.0000,3081.2000,3081.4000,3082.2000,17,2,2,1,14,1,1,2,1,3
SF,IH2003,2020-01-07 09:30:48.500,3080.0000,22734,-1,148667220.000,1,0,1,双平,S,3080.0000,3078.8000,3078.6000,3078.2000,3078.0000,3080.6000,3080.8000,3081.0000,3081.2000,3081.4000,16,1,2,1,14,10,1,1,2,1
SF,IH2003,2020-01-07 09:30:49.000,3080.0000,22734,0,148667220.000,0,-,-,-,-,3080.0000,3078.8000,3078.6000,3078.2000,3078.0000,3080.6000,3080.8000,3081.0000,3081.2000,3081.4000,16,1,2,1,14,2,1,1,2,1
SF,IH2003,2020-01-07 09:30:49.500,3080.0000,22732,-2,150515220.000,2,0,2,双平,S,3080.0000,3078.8000,3078.6000,3078.2000,3078.0000,3080.4000,3080.6000,3080.8000,3081.0000,3081.2000,15,1,1,1,14,1,2,1,1,2
SF,IH2003,2020-01-07 09:30:50.000,3080.0000,22730,-2,153287340.000,3,0,3,多平,S,3080.0000,3078.8000,3078.6000,3078.2000,3078.0000,3080.6000,3080.8000,3081.0000,3081.2000,3081.4000,14,1,1,1,14,2,1,1,2,1
SF,IH2003,2020-01-07 09:30:51.000,3080.6000,22729,-1,154211520.000,1,0,1,双平,S,3080.0000,3078.8000,3078.6000,3078.2000,3078.0000,3080.6000,3080.8000,3081.0000,3081.2000,3081.4000,14,1,1,1,14,1,1,1,2,1
SF,IH2003,2020-01-07 09:30:51.500,3080.6000,22728,-1,155135700.000,1,0,1,双平,S,3080.6000,3080.0000,3078.8000,3078.6000,3078.2000,3080.8000,3081.0000,3081.2000,3081.4000,3082.2000,2,14,1,1,1,1,1,2,1,3
SF,IH2003,2020-01-07 09:30:52.000,3080.6000,22726,-2,156984120.000,2,0,2,双平,S,3080.4000,3080.0000,3078.8000,3078.6000,3078.2000,3081.2000,3082.2000,3082.6000,3082.8000,3083.0000,2,14,1,1,1,1,3,3,2,1
SF,IH2003,2020-01-07 09:30:52.500,3080.4000,22726,0,158832360.000,2,1,1,多换,S,3080.0000,3078.8000,3078.6000,3078.2000,3078.0000,3080.6000,3080.8000,3081.0000,3081.2000,3081.4000,14,1,1,1,14,1,8,4,1,1
SF,IH2003,2020-01-07 09:30:53.500,3080.6000,22725,-1,160680720.000,2,0,2,多平,S,3080.6000,3080.0000,3078.8000,3078.6000,3078.2000,3081.0000,3081.2000,3081.4000,3082.2000,3082.6000,1,14,1,1,1,4,1,1,3,3
SF,IH2003,2020-01-07 09:30:54.000,3080.6000,22724,-1,161604900.000,1,0,1,双平,S,3080.6000,3080.0000,3078.8000,3078.6000,3078.2000,3081.2000,3081.4000,3082.2000,3082.6000,3082.8000,1,14,1,1,1,1,1,3,3,2
SF,IH2003,2020-01-07 09:30:54.500,3080.6000,22724,0,162529080.000,1,0,1,多换,S,3080.8000,3080.0000,3078.8000,3078.6000,3078.2000,3081.4000,3082.2000,3082.6000,3082.8000,3083.0000,1,14,1,1,1,1,3,3,2,1
SF,IH2003,2020-01-07 09:30:55.000,3080.8000,22723,-1,164377560.000,2,0,2,多平,S,3080.6000,3080.0000,3078.8000,3078.6000,3078.2000,3080.8000,3081.4000,3082.2000,3082.6000,3082.8000,1,15,1,1,1,1,1,3,3,2
SF,IH2003,2020-01-07 09:30:55.500,3080.8000,22723,0,165301800.000,1,0,1,多换,S,3080.6000,3080.0000,3078.8000,3078.6000,3078.2000,3081.4000,3082.2000,3082.6000,3082.8000,3083.0000,1,15,1,1,1,1,3,3,2,1
SF,IH2003,2020-01-07 09:30:56.000,3080.8000,22723,0,165301800.000,0,-,-,-,-,3080.6000,3080.0000,3078.8000,3078.6000,3078.2000,3081.4000,3082.2000,3082.6000,3082.8000,3083.0000,1,15,1,1,1,1,3,3,2,1
SF,IH2003,2020-01-07 09:30:56.500,3080.8000,22723,0,165301800.000,0,-,-,-,-,3080.8000,3080.6000,3080.0000,3078.8000,3078.6000,3082.2000,3082.6000,3082.8000,3083.0000,3083.2000,2,1,15,1,1,3,3,2,1,1
SF,IH2003,2020-01-07 09:30:57.000,3080.8000,22722,-1,166226040.000,1,0,1,双平,S,3080.6000,3080.0000,3078.8000,3078.6000,3078.2000,3081.4000,3081.6000,3081.8000,3082.0000,3082.2000,1,15,1,1,1,2,1,8,3,4
SF,IH2003,2020-01-07 09:30:57.500,3080.8000,22722,0,166226040.000,0,-,-,-,-,3080.6000,3080.0000,3078.8000,3078.6000,3078.2000,3081.4000,3081.6000,3081.8000,3082.0000,3082.2000,1,15,1,1,1,1,1,8,2,4
SF,IH2003,2020-01-07 09:30:58.500,3080.6000,22722,0,167150220.000,1,0,1,多换,S,3080.0000,3078.8000,3078.6000,3078.2000,3078.0000,3081.4000,3081.6000,3081.8000,3082.0000,3082.2000,15,1,1,1,3,1,1,8,2,4
SF,IH2003,2020-01-07 09:30:59.000,3080.6000,22722,0,167150220.000,0,-,-,-,-,3080.2000,3080.0000,3078.8000,3078.6000,3078.2000,3080.6000,3081.0000,3081.2000,3081.4000,3081.6000,1,15,1,1,1,1,1,3,2,1
SF,IH2003,2020-01-07 09:30:59.500,3080.6000,22721,-1,168074400.000,1,0,1,双平,S,3080.0000,3078.8000,3078.6000,3078.2000,3078.0000,3081.0000,3081.2000,3081.4000,3081.6000,3081.8000,15,1,1,1,3,1,1,2,1,8
SF,IH2003,2020-01-07 09:31:00.000,3080.6000,22721,0,168074400.000,0,-,-,-,-,3080.2000,3080.0000,3078.8000,3078.6000,3078.2000,3081.0000,3081.2000,3081.4000,3081.6000,3081.8000,1,15,1,1,1,1,1,2,1,8
SF,IH2003,2020-01-07 09:31:00.500,3080.6000,22721,0,168074400.000,0,-,-,-,-,3080.0000,3078.8000,3078.6000,3078.2000,3078.0000,3080.2000,3081.0000,3081.2000,3081.4000,3081.6000,15,1,1,1,3,1,1,1,2,1
SF,IH2003,2020-01-07 09:31:01.000,3080.2000,22721,0,168998460.000,1,0,1,多换,S,3080.6000,3080.4000,3080.2000,3080.0000,3078.8000,3081.4000,3081.6000,3081.8000,3082.0000,3082.2000,2,2,5,15,1,2,1,8,2,4
SF,IH2003,2020-01-07 09:31:01.500,3080.2000,22721,0,169922520.000,1,0,1,多换,S,3080.2000,3080.0000,3078.8000,3078.6000,3078.2000,3081.4000,3081.6000,3081.8000,3082.0000,3082.2000,4,15,1,1,1,2,1,8,2,4
SF,IH2003,2020-01-07 09:31:02.000,3080.2000,22721,0,169922520.000,0,-,-,-,-,3080.4000,3080.2000,3080.0000,3078.8000,3078.6000,3081.2000,3081.4000,3081.6000,3082.0000,3082.2000,1,4,15,1,1,9,2,1,1,4
SF,IH2003,2020-01-07 09:31:02.500,3080.2000,22721,0,169922520.000,0,-,-,-,-,3080.2000,3080.0000,3078.8000,3078.6000,3078.2000,3081.0000,3081.2000,3081.4000,3081.6000,3082.0000,2,15,1,1,1,4,10,2,1,1
SF,IH2003,2020-01-07 09:31:03.000,3080.2000,22721,0,169922520.000,0,-,-,-,-,3080.0000,3078.8000,3078.6000,3078.2000,3078.0000,3081.0000,3081.2000,3081.4000,3081.6000,3082.0000,15,1,1,1,3,4,9,2,1,1
SF,IH2003,2020-01-07 09:31:03.500,3081.0000,22720,-1,170846820.000,1,0,1,双平,S,3080.0000,3078.8000,3078.6000,3078.2000,3078.0000,3081.0000,3081.2000,3081.4000,3081.6000,3082.0000,15,1,1,1,3,1,9,2,1,1
SF,IH2003,2020-01-07 09:31:04.000,3081.0000,22720,0,170846820.000,0,-,-,-,-,3080.2000,3080.0000,3078.8000,3078.6000,3078.2000,3080.8000,3081.0000,3081.2000,3081.4000,3081.6000,2,15,1,1,1,1,2,9,2,1
SF,IH2003,2020-01-07 09:31:04.500,3080.2000,22719,-1,171770880.000,1,0,1,双平,S,3080.0000,3078.8000,3078.6000,3078.2000,3078.0000,3080.8000,3081.0000,3081.2000,3081.4000,3081.6000,15,1,1,1,3,1,2,9,2,1
SF,IH2003,2020-01-07 09:31:05.500,3081.0000,22720,1,175467960.000,4,2,2,空开,S,3080.0000,3078.8000,3078.6000,3078.2000,3078.0000,3081.2000,3081.4000,3081.6000,3081.8000,3082.0000,15,1,1,1,3,9,2,1,1,1
SF,IH2003,2020-01-07 09:31:06.000,3080.4000,22718,-2,178240080.000,3,0,3,多平,S,3080.0000,3078.8000,3078.6000,3078.2000,3078.0000,3080.6000,3080.8000,3081.0000,3081.2000,3081.8000,13,1,1,1,3,3,1,4,9,1
SF,IH2003,2020-01-07 09:31:06.500,3080.2000,22716,-2,180088140.000,2,0,2,双平,S,3080.0000,3078.8000,3078.6000,3078.2000,3078.0000,3080.2000,3080.4000,3080.6000,3080.8000,3081.0000,12,1,1,1,3,8,3,2,1,4
SF,IH2003,2020-01-07 09:31:07.000,3080.0000,22706,-10,190252740.000,11,0,11,多平,S,3080.0000,3078.8000,3078.6000,3078.2000,3078.0000,3080.4000,3080.6000,3080.8000,3081.0000,3081.2000,10,1,1,1,3,2,2,2,4,1
SF,IH2003,2020-01-07 09:31:07.500,3080.2000,22705,-1,191176800.000,1,0,1,双平,S,3080.0000,3078.8000,3078.6000,3078.2000,3078.0000,3080.4000,3080.6000,3080.8000,3081.0000,3081.2000,10,1,1,1,3,2,2,3,4,1
SF,IH2003,2020-01-07 09:31:08.000,3080.2000,22705,0,191176800.000,0,-,-,-,-,3080.0000,3078.8000,3078.6000,3078.2000,3078.0000,3080.8000,3081.0000,3081.2000,3081.8000,3082.0000,10,1,1,1,3,1,3,1,1,1
SF,IH2003,2020-01-07 09:31:08.500,3080.2000,22705,0,191176800.000,0,-,-,-,-,3080.0000,3078.8000,3078.6000,3078.2000,3078.0000,3080.8000,3081.0000,3081.2000,3081.8000,3082.0000,10,1,1,1,3,1,3,1,1,1
SF,IH2003,2020-01-07 09:31:09.000,3080.2000,22705,0,191176800.000,0,-,-,-,-,3080.2000,3080.0000,3078.8000,3078.6000,3078.2000,3080.8000,3081.0000,3081.2000,3081.6000,3081.8000,1,10,1,1,1,1,3,1,1,1
SF,IH2003,2020-01-07 09:31:09.500,3080.2000,22704,-1,192100860.000,1,0,1,双平,S,3080.2000,3080.0000,3078.8000,3078.6000,3078.2000,3080.8000,3081.2000,3081.6000,3081.8000,3082.0000,1,10,1,1,1,1,1,1,1,1
SF,IH2003,2020-01-07 09:31:10.000,3080.2000,22704,0,193948980.000,2,1,1,多换,S,3080.0000,3078.8000,3078.6000,3078.2000,3078.0000,3080.8000,3081.2000,3081.6000,3081.8000,3082.0000,10,1,1,1,3,1,1,1,1,1
SF,IH2003,2020-01-07 09:31:10.500,3080.8000,22704,0,194873220.000,1,0,1,多换,S,3080.0000,3078.8000,3078.6000,3078.2000,3078.0000,3081.2000,3081.8000,3082.0000,3082.2000,3082.6000,10,1,1,1,3,1,1,1,3,3
SF,IH2003,2020-01-07 09:31:11.000,3080.8000,22704,0,194873220.000,0,-,-,-,-,3080.2000,3080.0000,3078.8000,3078.6000,3078.2000,3081.8000,3082.0000,3082.2000,3082.6000,3082.8000,1,11,1,1,1,1,1,3,3,2
SF,IH2003,2020-01-07 09:31:11.500,3080.4000,22703,-1,195797340.000,1,0,1,双平,S,3080.4000,3080.0000,3078.8000,3078.6000,3078.2000,3081.4000,3081.6000,3081.8000,3082.0000,3082.2000,2,11,1,1,1,1,1,1,1,3
SF,IH2003,2020-01-07 09:31:12.000,3080.4000,22703,0,195797340.000,0,-,-,-,-,3080.4000,3080.0000,3078.8000,3078.6000,3078.2000,3081.4000,3081.6000,3081.8000,3082.0000,3082.2000,1,11,1,1,1,1,1,1,1,3
SF,IH2003,2020-01-07 09:31:12.500,3080.4000,22703,0,195797340.000,0,-,-,-,-,3080.4000,3080.0000,3078.8000,3078.6000,3078.2000,3081.6000,3081.8000,3082.0000,3082.2000,3082.6000,1,11,1,1,1,1,1,1,3,3
SF,IH2003,2020-01-07 09:31:13.000,3081.8000,22702,-1,197646360.000,2,0,2,多平,S,3080.6000,3080.4000,3080.0000,3078.6000,3078.2000,3082.2000,3082.6000,3082.8000,3083.0000,3083.2000,2,1,11,1,1,3,3,2,2,1
SF,IH2003,2020-01-07 09:31:13.500,3082.2000,22700,-2,199495260.000,2,0,2,双平,S,3081.4000,3080.8000,3080.6000,3080.4000,3080.0000,3082.2000,3082.8000,3083.0000,3083.2000,3083.6000,1,6,3,1,11,2,2,2,1,1
SF,IH2003,2020-01-07 09:31:14.000,3082.2000,22698,-2,201344580.000,2,0,2,双平,S,3081.6000,3081.4000,3080.8000,3080.6000,3080.0000,3082.8000,3083.0000,3083.2000,3083.6000,3084.0000,1,1,2,1,11,2,2,1,1,2
SF,IH2003,2020-01-07 09:31:14.500,3082.2000,22698,0,201344580.000,0,-,-,-,-,3081.8000,3081.6000,3081.4000,3080.6000,3080.0000,3082.8000,3083.0000,3083.2000,3084.0000,3084.8000,1,1,1,1,11,2,2,1,2,5
SF,IH2003,2020-01-07 09:31:15.000,3082.2000,22698,0,201344580.000,0,-,-,-,-,3082.0000,3081.4000,3080.6000,3080.0000,3078.6000,3082.8000,3083.0000,3083.2000,3084.0000,3084.8000,1,1,1,11,1,2,2,1,2,5
SF,IH2003,2020-01-07 09:31:15.500,3082.2000,22698,0,201344580.000,0,-,-,-,-,3082.0000,3081.4000,3080.6000,3080.0000,3078.6000,3082.8000,3083.0000,3083.2000,3084.0000,3084.8000,1,1,1,11,1,2,2,1,2,5
SF,IH2003,2020-01-07 09:31:16.000,3082.2000,22698,0,201344580.000,0,-,-,-,-,3082.0000,3081.4000,3080.6000,3080.0000,3078.6000,3082.8000,3083.0000,3083.2000,3084.0000,3084.8000,1,1,1,11,1,2,2,1,2,5
SF,IH2003,2020-01-07 09:31:16.500,3082.8000,22696,-2,203194260.000,2,0,2,双平,S,3082.8000,3082.0000,3081.4000,3080.6000,3080.0000,3083.0000,3083.2000,3084.0000,3084.8000,3085.0000,8,1,1,1,11,2,1,2,5,2
SF,IH2003,2020-01-07 09:31:17.000,3082.0000,22687,-9,211517580.000,9,0,9,双平,S,3081.4000,3080.6000,3080.0000,3078.6000,3078.2000,3082.6000,3082.8000,3083.0000,3083.2000,3084.0000,1,1,11,1,1,2,2,2,1,2
SF,IH2003,2020-01-07 09:31:17.500,3082.0000,22687,0,211517580.000,0,-,-,-,-,3081.6000,3081.4000,3080.6000,3080.0000,3078.6000,3082.6000,3082.8000,3083.0000,3083.2000,3084.0000,2,1,1,11,1,2,1,2,1,2
SF,IH2003,2020-01-07 09:31:18.500,3082.0000,22687,0,211517580.000,0,-,-,-,-,3081.6000,3081.4000,3080.0000,3078.6000,3078.2000,3082.6000,3082.8000,3083.0000,3083.2000,3084.0000,2,1,4,1,1,2,1,2,1,2
SF,IH2003,2020-01-07 09:31:19.000,3082.0000,22687,0,211517580.000,0,-,-,-,-,3081.4000,3080.0000,3078.6000,3078.2000,3078.0000,3082.6000,3082.8000,3083.0000,3083.2000,3084.0000,1,4,1,1,3,2,1,2,1,3
SF,IH2003,2020-01-07 09:31:19.500,3081.4000,22687,0,212442000.000,1,0,1,多换,S,3080.0000,3078.6000,3078.2000,3078.0000,3077.6000,3082.2000,3082.4000,3082.6000,3082.8000,3083.0000,4,1,1,3,1,1,2,2,1,2
SF,IH2003,2020-01-07 09:31:20.000,3081.4000,22687,0,212442000.000,0,-,-,-,-,3081.8000,3080.4000,3080.2000,3080.0000,3078.6000,3082.0000,3082.2000,3082.6000,3082.8000,3083.0000,1,1,8,4,1,1,1,2,1,2
SF,IH2003,2020-01-07 09:31:20.500,3081.6000,22686,-1,213366480.000,1,0,1,双平,S,3080.4000,3080.2000,3080.0000,3078.6000,3078.2000,3081.6000,3082.0000,3082.2000,3082.6000,3082.8000,1,8,4,1,1,2,1,1,2,1
SF,IH2003,2020-01-07 09:31:21.000,3081.6000,22685,-1,215215440.000,2,0,2,多平,S,3081.6000,3080.6000,3080.4000,3080.2000,3080.0000,3082.2000,3082.6000,3082.8000,3083.0000,3083.2000,1,2,1,7,4,1,2,1,2,1
SF,IH2003,2020-01-07 09:31:21.500,3081.6000,22685,0,215215440.000,0,-,-,-,-,3080.6000,3080.4000,3080.2000,3080.0000,3078.2000,3082.6000,3082.8000,3083.0000,3083.2000,3084.0000,1,1,5,4,1,2,1,2,1,3
SF,IH2003,2020-01-07 09:31:22.000,3081.6000,22685,0,215215440.000,0,-,-,-,-,3080.8000,3080.6000,3080.4000,3080.2000,3080.0000,3082.0000,3082.4000,3082.6000,3082.8000,3083.0000,3,1,1,5,4,1,5,2,1,2
SF,IH2003,2020-01-07 09:31:22.500,3082.0000,22683,-2,217064640.000,2,0,2,双平,S,3082.2000,3081.0000,3080.8000,3080.4000,3080.2000,3082.4000,3082.6000,3082.8000,3083.0000,3083.2000,8,1,1,1,5,3,2,1,2,1
SF,IH2003,2020-01-07 09:31:23.000,3082.2000,22675,-8,224461920.000,8,0,8,双平,S,3081.0000,3080.4000,3080.2000,3080.0000,3078.2000,3082.2000,3082.6000,3083.0000,3083.2000,3083.6000,1,1,5,4,1,1,2,2,1,1
SF,IH2003,2020-01-07 09:31:23.500,3082.2000,22675,0,224461920.000,0,-,-,-,-,3081.0000,3080.4000,3080.2000,3080.0000,3078.2000,3082.4000,3082.6000,3083.0000,3083.2000,3083.6000,2,1,6,3,1,1,2,2,1,1
SF,IH2003,2020-01-07 09:31:24.000,3082.2000,22675,0,224461920.000,0,-,-,-,-,3081.2000,3081.0000,3080.4000,3080.2000,3080.0000,3082.0000,3082.4000,3082.6000,3083.0000,3083.2000,2,1,1,6,3,5,1,2,2,1
SF,IH2003,2020-01-07 09:31:24.500,3082.0000,22670,-5,229084920.000,5,0,5,双平,S,3082.0000,3081.6000,3081.4000,3081.2000,3080.4000,3082.4000,3082.6000,3083.0000,3083.2000,3083.6000,1,1,4,1,1,1,2,2,1,1
SF,IH2003,2020-01-07 09:31:25.000,3082.0000,22670,0,229084920.000,0,-,-,-,-,3082.0000,3081.4000,3081.2000,3080.4000,3080.2000,3082.4000,3082.6000,3083.0000,3083.2000,3083.6000,1,3,1,1,6,1,2,3,1,1
SF,IH2003,2020-01-07 09:31:25.500,3082.0000,22668,-2,230934120.000,2,0,2,双平,S,3081.4000,3081.2000,3080.4000,3080.2000,3080.0000,3082.4000,3082.6000,3083.0000,3083.2000,3083.6000,3,1,1,6,2,1,2,3,1,1
SF,IH2003,2020-01-07 09:31:26.000,3082.0000,22668,0,231858720.000,1,0,1,多换,S,3081.6000,3081.4000,3081.2000,3080.4000,3080.2000,3082.4000,3082.6000,3083.0000,3083.2000,3083.6000,2,1,1,1,6,1,2,3,1,1
SF,IH2003,2020-01-07 09:31:26.500,3082.0000,22668,0,231858720.000,0,-,-,-,-,3081.6000,3081.4000,3081.2000,3080.4000,3080.2000,3082.4000,3082.6000,3083.0000,3083.2000,3083.6000,2,1,1,1,6,1,2,3,1,1
SF,IH2003,2020-01-07 09:31:27.500,3082.0000,22668,0,231858720.000,0,-,-,-,-,3081.8000,3081.6000,3081.4000,3080.4000,3080.2000,3082.2000,3082.4000,3082.6000,3083.0000,3083.2000,1,2,1,1,6,4,1,2,3,1
SF,IH2003,2020-01-07 09:31:28.500,3082.2000,22666,-2,233708040.000,2,0,2,双平,S,3081.8000,3081.6000,3081.4000,3080.4000,3080.2000,3082.2000,3082.4000,3082.6000,3083.0000,3083.2000,1,2,1,1,6,2,1,2,3,1
SF,IH2003,2020-01-07 09:31:29.000,3082.2000,22664,-2,235557360.000,2,0,2,双平,S,3082.2000,3081.8000,3081.6000,3081.4000,3080.4000,3082.4000,3082.6000,3083.0000,3083.2000,3083.6000,1,1,2,1,1,1,2,3,1,1
SF,IH2003,2020-01-07 09:31:29.500,3082.4000,22663,-1,236482080.000,1,0,1,双平,S,3082.8000,3082.2000,3081.8000,3081.6000,3081.4000,3083.0000,3083.2000,3083.6000,3084.0000,3084.2000,3,1,1,2,1,3,1,1,3,2
SF,IH2003,2020-01-07 09:31:30.000,3082.4000,22663,0,236482080.000,0,-,-,-,-,3082.2000,3081.8000,3081.6000,3081.4000,3080.4000,3083.0000,3083.2000,3083.6000,3084.0000,3084.2000,1,1,2,1,1,3,1,1,3,2
SF,IH2003,2020-01-07 09:31:30.500,3083.0000,22664,1,239256780.000,3,2,1,空开,S,3082.2000,3081.8000,3081.6000,3081.4000,3080.4000,3083.2000,3083.6000,3084.0000,3084.2000,3084.8000,1,1,2,1,1,1,1,3,1,5
SF,IH2003,2020-01-07 09:31:31.000,3082.2000,22663,-1,240181440.000,1,0,1,双平,S,3082.2000,3081.8000,3081.6000,3081.4000,3080.4000,3083.2000,3083.6000,3084.0000,3084.2000,3084.8000,3,1,2,1,1,1,1,3,1,5
SF,IH2003,2020-01-07 09:31:31.500,3082.2000,22663,0,240181440.000,0,-,-,-,-,3082.4000,3082.2000,3081.6000,3081.4000,3081.2000,3083.2000,3083.6000,3084.0000,3084.2000,3084.8000,1,3,2,1,1,1,1,3,1,5
SF,IH2003,2020-01-07 09:31:32.000,3082.4000,22663,0,242031120.000,2,1,1,多换,S,3082.2000,3081.6000,3081.4000,3081.2000,3080.4000,3083.6000,3084.0000,3084.2000,3084.8000,3085.0000,3,2,1,1,1,1,3,1,5,3
SF,IH2003,2020-01-07 09:31:32.500,3083.2000,22662,-1,242956080.000,1,0,1,双平,S,3083.2000,3082.2000,3081.6000,3081.4000,3081.2000,3083.4000,3083.6000,3084.0000,3084.2000,3084.8000,9,3,2,2,1,3,1,3,1,5
SF,IH2003,2020-01-07 09:31:33.000,3083.2000,22653,-9,251280720.000,9,0,9,双平,S,3082.2000,3081.6000,3081.4000,3081.2000,3080.4000,3082.8000,3083.0000,3083.2000,3083.4000,3083.6000,3,2,2,1,1,6,4,4,2,1
SF,IH2003,2020-01-07 09:31:33.500,3082.2000,22653,0,252205380.000,1,0,1,多换,S,3082.2000,3081.6000,3081.4000,3081.2000,3080.4000,3082.8000,3083.0000,3083.2000,3083.4000,3083.6000,2,2,2,1,1,6,3,4,2,1
SF,IH2003,2020-01-07 09:31:34.000,3082.6000,22653,0,255904260.000,4,2,2,多换,S,3081.6000,3081.4000,3081.2000,3080.4000,3080.2000,3082.8000,3083.0000,3083.2000,3083.4000,3083.6000,2,2,1,1,6,6,3,2,2,1
SF,IH2003,2020-01-07 09:31:34.500,3082.6000,22652,-1,256829040.000,1,0,1,双平,S,3081.8000,3081.4000,3081.2000,3080.4000,3080.2000,3082.8000,3083.0000,3083.2000,3083.4000,3083.6000,4,2,1,1,6,7,3,2,2,1
SF,IH2003,2020-01-07 09:31:35.000,3082.6000,22647,-5,261451980.000,5,0,5,双平,S,3081.4000,3081.2000,3080.4000,3080.2000,3080.0000,3082.6000,3082.8000,3083.0000,3083.2000,3083.6000,1,1,1,6,2,1,7,3,2,1
SF,IH2003,2020-01-07 09:31:35.500,3081.4000,22646,-1,262376400.000,1,0,1,双平,S,3081.2000,3080.2000,3080.0000,3079.0000,3078.8000,3081.4000,3082.6000,3082.8000,3083.0000,3083.2000,1,5,1,1,1,1,1,6,3,2
SF,IH2003,2020-01-07 09:31:36.000,3081.2000,22645,-1,263300760.000,1,0,1,双平,S,3081.4000,3080.2000,3080.0000,3079.0000,3078.8000,3081.8000,3082.6000,3082.8000,3083.0000,3083.6000,2,5,1,1,1,1,1,6,3,1
SF,IH2003,2020-01-07 09:31:36.500,3081.8000,22639,-6,268847700.000,6,0,6,双平,S,3082.0000,3081.8000,3081.4000,3080.2000,3080.0000,3082.6000,3082.8000,3083.6000,3084.0000,3084.2000,3,1,10,5,1,1,6,1,3,1
SF,IH2003,2020-01-07 09:31:37.000,3081.8000,22639,0,268847700.000,0,-,-,-,-,3081.8000,3081.4000,3080.2000,3080.0000,3079.0000,3082.8000,3083.6000,3084.0000,3084.2000,3084.8000,1,10,5,1,1,6,1,3,1,5
SF,IH2003,2020-01-07 09:31:37.500,3082.8000,22639,0,271622220.000,3,1,2,多换,S,3081.8000,3081.4000,3080.2000,3080.0000,3079.0000,3082.8000,3083.6000,3084.0000,3084.2000,3084.8000,1,10,5,1,1,3,1,3,1,5
SF,IH2003,2020-01-07 09:31:38.000,3082.8000,22639,0,271622220.000,0,-,-,-,-,3081.8000,3081.4000,3080.2000,3080.0000,3079.0000,3082.6000,3082.8000,3083.6000,3084.0000,3084.2000,1,10,5,1,1,2,3,1,3,1
SF,IH2003,2020-01-07 09:31:38.500,3082.6000,22639,0,272547000.000,1,0,1,多换,S,3082.0000,3081.8000,3081.4000,3080.2000,3080.0000,3082.8000,3083.6000,3084.0000,3084.2000,3084.8000,1,1,10,5,1,3,1,3,1,5
SF,IH2003,2020-01-07 09:31:39.000,3082.6000,22639,0,272547000.000,0,-,-,-,-,3082.0000,3081.8000,3081.4000,3080.2000,3080.0000,3082.8000,3083.6000,3084.0000,3084.2000,3084.8000,1,1,10,5,1,3,1,3,1,5
SF,IH2003,2020-01-07 09:31:39.500,3082.6000,22639,0,272547000.000,0,-,-,-,-,3081.8000,3081.4000,3080.2000,3080.0000,3079.0000,3082.2000,3082.4000,3082.6000,3082.8000,3083.6000,1,10,5,1,1,2,2,1,3,1
SF,IH2003,2020-01-07 09:31:40.000,3082.2000,22632,-7,279019620.000,7,0,7,双平,S,3081.8000,3081.4000,3080.2000,3080.0000,3079.0000,3082.6000,3082.8000,3083.6000,3084.0000,3084.2000,1,10,5,1,1,1,3,1,3,1
SF,IH2003,2020-01-07 09:31:40.500,3082.2000,22632,0,279019620.000,0,-,-,-,-,3081.8000,3081.4000,3080.2000,3080.0000,3079.0000,3082.8000,3083.6000,3084.0000,3084.2000,3084.8000,1,10,5,1,1,3,1,3,1,5
SF,IH2003,2020-01-07 09:31:41.000,3082.6000,22631,-1,279944400.000,1,0,1,双平,S,3082.6000,3082.0000,3081.8000,3081.4000,3080.2000,3082.8000,3083.6000,3084.0000,3084.2000,3084.8000,9,3,1,10,5,3,1,3,1,5
SF,IH2003,2020-01-07 09:31:41.500,3082.6000,22623,-8,288267420.000,9,0,9,多平,S,3082.0000,3081.8000,3081.4000,3080.2000,3080.0000,3082.8000,3083.0000,3083.6000,3084.0000,3084.2000,3,1,10,5,1,3,2,1,3,1
SF,IH2003,2020-01-07 09:31:42.000,3082.6000,22623,0,288267420.000,0,-,-,-,-,3082.0000,3081.8000,3081.4000,3081.0000,3080.2000,3082.8000,3083.0000,3083.6000,3084.0000,3084.2000,3,1,10,1,5,3,2,1,3,1
SF,IH2003,2020-01-07 09:31:43.000,3082.6000,22623,0,288267420.000,0,-,-,-,-,3082.0000,3081.8000,3081.4000,3081.0000,3080.2000,3082.8000,3083.0000,3083.6000,3084.0000,3084.2000,3,2,10,1,5,3,2,1,3,1
SF,IH2003,2020-01-07 09:31:43.500,3082.0000,22623,0,289192020.000,1,0,1,多换,S,3082.0000,3081.8000,3081.4000,3081.0000,3080.2000,3082.8000,3083.0000,3083.6000,3084.0000,3084.2000,2,2,10,1,5,3,2,1,3,1
SF,IH2003,2020-01-07 09:31:44.500,3082.0000,22623,0,289192020.000,0,-,-,-,-,3082.0000,3081.8000,3081.4000,3081.0000,3080.2000,3082.6000,3082.8000,3083.0000,3083.6000,3084.0000,2,2,10,1,5,1,3,2,1,3
SF,IH2003,2020-01-07 09:31:45.000,3082.0000,22623,0,289192020.000,0,-,-,-,-,3082.0000,3081.8000,3081.4000,3081.0000,3080.2000,3082.6000,3082.8000,3083.0000,3083.6000,3084.0000,2,2,10,1,5,1,3,2,1,3
SF,IH2003,2020-01-07 09:31:45.500,3082.6000,22623,0,290116800.000,1,0,1,多换,S,3082.0000,3081.8000,3081.4000,3081.0000,3080.2000,3082.8000,3083.0000,3083.6000,3084.0000,3084.2000,2,2,10,1,5,3,2,1,3,1
SF,IH2003,2020-01-07 09:31:46.000,3082.6000,22623,0,290116800.000,0,-,-,-,-,3082.2000,3081.8000,3081.4000,3081.0000,3080.2000,3082.8000,3083.0000,3083.6000,3084.0000,3084.2000,2,2,10,1,5,3,2,1,3,1
SF,IH2003,2020-01-07 09:31:47.000,3082.2000,22623,0,291041460.000,1,0,1,多换,S,3082.2000,3081.8000,3081.4000,3081.0000,3080.2000,3082.8000,3083.0000,3083.6000,3084.0000,3084.2000,1,2,10,1,5,3,2,1,3,1
SF,IH2003,2020-01-07 09:31:47.500,3082.8000,22620,-3,293815980.000,3,0,3,双平,S,3081.8000,3081.4000,3081.0000,3080.2000,3080.0000,3083.0000,3083.6000,3084.0000,3084.2000,3084.8000,2,10,1,5,1,2,1,3,1,5
SF,IH2003,2020-01-07 09:31:48.000,3082.8000,22620,0,293815980.000,0,-,-,-,-,3082.4000,3082.0000,3081.8000,3081.4000,3081.0000,3083.0000,3083.6000,3084.0000,3084.2000,3084.8000,1,1,2,10,1,2,1,3,1,5
SF,IH2003,2020-01-07 09:31:49.000,3082.4000,22621,1,294740700.000,1,1,0,双开,S,3082.0000,3081.8000,3081.4000,3081.0000,3080.2000,3083.0000,3083.6000,3084.0000,3084.2000,3084.8000,1,2,10,1,5,2,1,3,1,5
SF,IH2003,2020-01-07 09:31:51.000,3083.0000,22620,-1,296590500.000,2,0,2,多平,S,3082.0000,3081.8000,3081.4000,3081.0000,3080.2000,3083.6000,3084.0000,3084.2000,3084.8000,3085.0000,1,2,10,1,5,1,3,1,5,3
SF,IH2003,2020-01-07 09:31:51.500,3082.2000,22620,0,297515160.000,1,0,1,多换,S,3082.2000,3082.0000,3081.8000,3081.4000,3081.0000,3083.0000,3083.4000,3083.6000,3084.0000,3084.2000,1,1,2,10,1,2,1,1,3,1
SF,IH2003,2020-01-07 09:31:52.500,3082.2000,22620,0,297515160.000,0,-,-,-,-,3082.2000,3082.0000,3081.8000,3081.4000,3081.0000,3083.4000,3083.6000,3084.0000,3084.2000,3084.8000,1,1,2,10,1,1,1,3,1,5
SF,IH2003,2020-01-07 09:31:53.000,3082.2000,22620,0,297515160.000,0,-,-,-,-,3082.0000,3081.8000,3081.4000,3081.0000,3080.2000,3083.4000,3083.6000,3084.0000,3084.2000,3084.8000,1,2,10,1,5,1,1,3,1,5
SF,IH2003,2020-01-07 09:31:55.000,3082.2000,22620,0,297515160.000,0,-,-,-,-,3082.0000,3081.8000,3081.4000,3081.0000,3080.2000,3083.4000,3083.6000,3084.0000,3084.2000,3084.8000,2,2,10,1,5,1,1,3,1,5
SF,IH2003,2020-01-07 09:31:55.500,3082.2000,22620,0,297515160.000,0,-,-,-,-,3082.0000,3081.8000,3081.4000,3081.0000,3080.2000,3083.6000,3084.0000,3084.2000,3084.8000,3085.0000,2,2,10,1,5,1,3,1,5,3
SF,IH2003,2020-01-07 09:31:56.000,3082.2000,22620,0,297515160.000,0,-,-,-,-,3082.2000,3082.0000,3081.8000,3081.4000,3081.0000,3083.6000,3084.0000,3084.2000,3084.8000,3085.0000,1,2,2,10,1,1,3,1,5,3
SF,IH2003,2020-01-07 09:31:58.000,3083.6000,22618,-2,299365320.000,2,0,2,双平,S,3083.6000,3082.2000,3082.0000,3081.8000,3081.4000,3084.0000,3084.2000,3084.8000,3085.0000,3085.6000,14,1,2,2,10,3,1,5,3,1
SF,IH2003,2020-01-07 09:31:58.500,3083.6000,22606,-12,311391360.000,13,0,13,多平,S,3083.6000,3083.4000,3082.2000,3082.0000,3081.8000,3083.8000,3084.0000,3084.2000,3084.8000,3085.0000,1,1,1,2,2,1,3,1,5,3
SF,IH2003,2020-01-07 09:31:59.000,3083.6000,22605,-1,312316440.000,1,0,1,双平,S,3083.4000,3082.2000,3082.0000,3081.8000,3081.4000,3083.6000,3083.8000,3084.0000,3084.2000,3084.8000,1,1,2,2,10,4,1,3,1,5
SF,IH2003,2020-01-07 09:31:59.500,3083.4000,22604,-1,313241460.000,1,0,1,双平,S,3082.2000,3082.0000,3081.8000,3081.4000,3081.0000,3083.6000,3084.0000,3084.2000,3084.8000,3085.0000,1,2,2,10,2,3,3,1,5,3
SF,IH2003,2020-01-07 09:32:00.000,3083.4000,22604,0,313241460.000,0,-,-,-,-,3082.4000,3082.2000,3082.0000,3081.8000,3081.0000,3083.6000,3084.0000,3084.2000,3084.8000,3085.0000,3,1,1,2,2,3,3,1,5,3
SF,IH2003,2020-01-07 09:32:00.500,3083.4000,22604,0,313241460.000,0,-,-,-,-,3082.6000,3082.4000,3082.2000,3082.0000,3081.8000,3083.4000,3083.6000,3084.0000,3084.2000,3084.8000,2,1,1,1,2,1,3,3,1,5
SF,IH2003,2020-01-07 09:32:01.000,3083.4000,22604,0,313241460.000,0,-,-,-,-,3082.0000,3081.8000,3081.0000,3080.2000,3080.0000,3083.4000,3083.6000,3084.0000,3084.2000,3084.8000,1,2,2,5,1,1,2,3,1,5
SF,IH2003,2020-01-07 09:32:01.500,3083.4000,22604,0,313241460.000,0,-,-,-,-,3082.2000,3082.0000,3081.8000,3081.0000,3080.2000,3083.4000,3083.6000,3084.0000,3084.2000,3084.8000,2,1,2,2,5,1,2,3,1,5
SF,IH2003,2020-01-07 09:32:02.000,3082.4000,22604,0,315090900.000,2,1,1,多换,S,3082.0000,3081.8000,3081.0000,3080.2000,3080.0000,3083.2000,3083.6000,3084.0000,3084.2000,3084.8000,3,2,2,5,1,1,2,3,1,5
SF,IH2003,2020-01-07 09:32:02.500,3082.4000,22604,0,315090900.000,0,-,-,-,-,3082.0000,3081.8000,3081.0000,3080.2000,3080.0000,3083.0000,3083.6000,3084.0000,3084.2000,3084.8000,3,2,2,5,1,2,2,3,1,5
SF,IH2003,2020-01-07 09:32:03.000,3082.4000,22604,0,315090900.000,0,-,-,-,-,3082.0000,3081.8000,3081.0000,3080.2000,3080.0000,3083.0000,3083.6000,3084.0000,3084.2000,3084.8000,3,2,2,5,1,2,2,3,1,5
SF,IH2003,2020-01-07 09:32:03.500,3082.4000,22604,0,315090900.000,0,-,-,-,-,3082.0000,3081.8000,3081.0000,3080.2000,3080.0000,3083.0000,3083.6000,3084.0000,3084.2000,3084.8000,3,2,2,5,1,1,2,3,1,5
SF,IH2003,2020-01-07 09:32:04.000,3083.0000,22603,-1,316015800.000,1,0,1,双平,S,3083.0000,3082.0000,3081.8000,3081.0000,3080.2000,3083.6000,3084.0000,3084.2000,3084.8000,3085.0000,9,3,2,2,5,2,3,1,5,4
SF,IH2003,2020-01-07 09:32:04.500,3083.0000,22594,-9,324339900.000,9,0,9,双平,S,3082.0000,3081.8000,3081.0000,3080.2000,3080.0000,3083.0000,3083.2000,3083.4000,3083.6000,3084.0000,3,2,2,5,1,2,2,1,2,3
SF,IH2003,2020-01-07 09:32:05.000,3083.4000,22594,0,327114840.000,3,1,2,多换,S,3082.0000,3081.8000,3081.0000,3080.2000,3080.0000,3083.6000,3084.0000,3084.2000,3084.8000,3085.0000,3,2,2,5,1,2,3,1,5,4
SF,IH2003,2020-01-07 09:32:05.500,3082.2000,22593,-1,328039500.000,1,0,1,双平,S,3082.0000,3081.8000,3081.0000,3080.2000,3080.0000,3083.4000,3083.6000,3084.0000,3084.2000,3084.8000,3,2,2,5,1,1,2,3,1,5
SF,IH2003,2020-01-07 09:32:06.000,3082.2000,22593,0,328039500.000,0,-,-,-,-,3082.0000,3081.8000,3081.0000,3080.2000,3080.0000,3083.2000,3083.6000,3084.0000,3084.2000,3084.8000,3,2,2,5,1,2,2,3,1,5
SF,IH2003,2020-01-07 09:32:06.500,3082.0000,22592,-1,328964100.000,1,0,1,双平,S,3082.0000,3081.8000,3081.0000,3080.2000,3080.0000,3083.0000,3083.2000,3083.6000,3084.0000,3084.2000,2,2,2,5,1,1,1,2,3,1
SF,IH2003,2020-01-07 09:32:07.000,3082.0000,22592,0,328964100.000,0,-,-,-,-,3082.0000,3081.8000,3081.0000,3080.2000,3080.0000,3082.8000,3083.2000,3083.6000,3084.0000,3084.2000,2,2,2,5,1,1,1,2,4,1
SF,IH2003,2020-01-07 09:32:07.500,3082.0000,22592,0,328964100.000,0,-,-,-,-,3082.0000,3081.8000,3081.0000,3080.2000,3080.0000,3082.6000,3082.8000,3083.2000,3083.6000,3084.0000,2,2,2,5,1,1,3,1,2,4
SF,IH2003,2020-01-07 09:32:08.000,3082.0000,22592,0,329888700.000,1,0,1,多换,S,3082.0000,3081.8000,3081.0000,3080.2000,3080.0000,3082.8000,3083.2000,3083.6000,3084.0000,3084.2000,1,2,2,5,1,3,2,2,4,1
SF,IH2003,2020-01-07 09:32:08.500,3082.0000,22592,0,329888700.000,0,-,-,-,-,3082.0000,3081.8000,3081.0000,3080.2000,3080.0000,3082.6000,3082.8000,3083.2000,3083.6000,3084.0000,1,2,2,5,1,1,3,1,2,4
SF,IH2003,2020-01-07 09:32:09.500,3082.0000,22591,-1,330813300.000,1,0,1,双平,S,3081.8000,3081.0000,3080.2000,3080.0000,3079.0000,3082.6000,3082.8000,3083.2000,3083.6000,3084.0000,2,2,5,1,1,1,3,1,2,4
SF,IH2003,2020-01-07 09:32:10.500,3082.0000,22591,0,330813300.000,0,-,-,-,-,3081.8000,3081.0000,3080.2000,3080.0000,3079.0000,3082.0000,3082.2000,3082.6000,3082.8000,3083.2000,2,2,5,1,1,1,1,1,3,1
SF,IH2003,2020-01-07 09:32:11.000,3082.0000,22589,-2,332662500.000,2,0,2,双平,S,3082.0000,3081.8000,3081.0000,3080.2000,3080.0000,3082.6000,3082.8000,3083.2000,3083.6000,3084.0000,2,2,2,5,1,1,3,1,2,4
SF,IH2003,2020-01-07 09:32:11.500,3082.6000,22589,0,333587280.000,1,0,1,多换,S,3082.6000,3082.0000,3081.8000,3081.0000,3080.2000,3082.8000,3083.2000,3083.6000,3084.0000,3084.2000,1,2,2,2,5,3,1,2,4,1
SF,IH2003,2020-01-07 09:32:12.000,3081.8000,22585,-4,337285800.000,4,0,4,双平,S,3081.8000,3081.0000,3080.2000,3079.0000,3078.8000,3082.4000,3082.6000,3082.8000,3083.2000,3083.6000,1,2,5,1,1,1,2,3,1,2
SF,IH2003,2020-01-07 09:32:12.500,3081.8000,22584,-1,338210340.000,1,0,1,双平,S,3081.0000,3080.2000,3079.0000,3078.8000,3078.2000,3082.6000,3082.8000,3083.2000,3083.6000,3084.0000,2,5,1,1,1,2,3,1,2,4
SF,IH2003,2020-01-07 09:32:13.000,3082.6000,22583,-1,340059840.000,2,0,2,多平,S,3081.2000,3081.0000,3080.2000,3079.0000,3078.8000,3082.4000,3082.6000,3082.8000,3083.2000,3083.6000,2,2,5,1,1,2,1,3,1,2
SF,IH2003,2020-01-07 09:32:13.500,3082.6000,22581,-2,342834060.000,3,0,3,多平,S,3081.4000,3081.2000,3081.0000,3080.2000,3079.0000,3082.8000,3083.2000,3083.6000,3084.0000,3084.2000,2,2,2,5,1,3,1,2,4,1
SF,IH2003,2020-01-07 09:32:14.000,3082.6000,22581,0,342834060.000,0,-,-,-,-,3081.6000,3081.4000,3081.2000,3081.0000,3080.2000,3082.8000,3083.2000,3083.6000,3084.0000,3084.2000,2,1,1,2,5,3,1,3,4,1
SF,IH2003,2020-01-07 09:32:14.500,3081.8000,22579,-2,344683140.000,2,0,2,双平,S,3081.8000,3081.6000,3081.2000,3081.0000,3080.2000,3082.8000,3083.2000,3083.6000,3084.0000,3084.2000,1,1,1,2,5,3,1,3,4,1
SF,IH2003,2020-01-07 09:32:15.000,3081.8000,22579,0,344683140.000,0,-,-,-,-,3081.8000,3081.6000,3081.2000,3081.0000,3080.2000,3082.0000,3082.8000,3083.2000,3083.6000,3084.0000,1,1,1,2,5,1,3,1,3,4
SF,IH2003,2020-01-07 09:32:15.500,3082.0000,22578,-1,345607740.000,1,0,1,双平,S,3082.2000,3082.0000,3081.8000,3081.2000,3081.0000,3082.8000,3083.2000,3083.6000,3084.0000,3084.2000,1,7,1,1,2,3,1,3,4,1
SF,IH2003,2020-01-07 09:32:16.000,3082.0000,22578,0,345607740.000,0,-,-,-,-,3082.0000,3081.8000,3081.2000,3081.0000,3080.2000,3082.8000,3083.2000,3083.6000,3084.0000,3084.2000,7,1,1,2,5,3,1,3,4,1
SF,IH2003,2020-01-07 09:32:16.500,3082.0000,22578,0,345607740.000,0,-,-,-,-,3082.0000,3081.2000,3081.0000,3080.2000,3079.0000,3082.8000,3083.2000,3083.6000,3084.0000,3084.2000,7,1,2,5,1,2,1,3,4,1
SF,IH2003,2020-01-07 09:32:17.000,3082.0000,22578,0,345607740.000,0,-,-,-,-,3082.0000,3081.2000,3081.0000,3080.2000,3079.0000,3082.8000,3083.2000,3083.6000,3084.0000,3084.2000,7,1,2,5,1,2,1,3,4,1
SF,IH2003,2020-01-07 09:32:18.500,3082.0000,22578,0,345607740.000,0,-,-,-,-,3082.0000,3081.2000,3081.0000,3080.2000,3079.0000,3082.8000,3083.2000,3083.6000,3084.0000,3084.2000,7,1,2,5,1,2,1,2,4,1
SF,IH2003,2020-01-07 09:32:19.000,3082.0000,22578,0,345607740.000,0,-,-,-,-,3082.0000,3081.2000,3081.0000,3080.2000,3079.0000,3082.8000,3083.2000,3083.6000,3084.0000,3084.2000,6,1,2,5,1,2,1,2,4,1
SF,IH2003,2020-01-07 09:32:19.500,3082.0000,22577,-1,346532340.000,1,0,1,双平,S,3082.0000,3081.2000,3081.0000,3080.2000,3079.0000,3082.8000,3083.2000,3083.6000,3084.0000,3084.2000,5,1,2,5,1,2,1,2,4,1
SF,IH2003,2020-01-07 09:32:20.000,3082.0000,22577,0,346532340.000,0,-,-,-,-,3082.0000,3081.2000,3081.0000,3080.2000,3079.0000,3082.8000,3083.2000,3083.6000,3084.0000,3084.2000,3,1,2,5,1,2,1,2,4,1
SF,IH2003,2020-01-07 09:32:22.000,3082.0000,22577,0,346532340.000,0,-,-,-,-,3082.0000,3081.2000,3081.0000,3080.2000,3079.0000,3082.8000,3083.2000,3083.6000,3084.0000,3084.2000,1,1,2,5,1,2,1,2,4,1
SF,IH2003,2020-01-07 09:32:22.500,3082.8000,22577,0,347457180.000,1,0,1,多换,S,3082.0000,3081.2000,3081.0000,3080.2000,3079.0000,3082.6000,3082.8000,3083.0000,3083.2000,3083.6000,1,1,2,5,1,1,1,1,1,2
SF,IH2003,2020-01-07 09:32:23.000,3082.0000,22576,-1,348381780.000,1,0,1,双平,S,3081.2000,3081.0000,3080.2000,3079.0000,3078.8000,3082.0000,3082.6000,3082.8000,3083.0000,3083.2000,1,2,5,1,1,4,1,1,1,1
SF,IH2003,2020-01-07 09:32:23.500,3082.0000,22574,-2,352080180.000,4,1,3,多平,S,3082.0000,3081.4000,3081.2000,3081.0000,3080.2000,3082.6000,3082.8000,3083.0000,3083.2000,3083.6000,1,1,1,2,5,1,1,1,1,2
SF,IH2003,2020-01-07 09:32:24.000,3082.0000,22574,0,352080180.000,0,-,-,-,-,3081.4000,3081.2000,3081.0000,3080.2000,3079.0000,3082.6000,3082.8000,3083.0000,3083.2000,3083.6000,1,1,2,5,1,1,1,1,1,2
SF,IH2003,2020-01-07 09:32:24.500,3082.0000,22574,0,352080180.000,0,-,-,-,-,3081.4000,3081.2000,3081.0000,3080.2000,3079.0000,3082.4000,3082.6000,3082.8000,3083.0000,3083.2000,1,1,2,5,1,1,1,1,1,1
SF,IH2003,2020-01-07 09:32:26.500,3082.4000,22572,-2,353929620.000,2,0,2,双平,S,3081.4000,3081.2000,3081.0000,3080.2000,3079.0000,3082.6000,3082.8000,3083.0000,3083.2000,3083.6000,1,1,2,5,1,1,1,1,1,2
SF,IH2003,2020-01-07 09:32:27.000,3082.8000,22570,-2,355779240.000,2,0,2,双平,S,3082.6000,3081.6000,3081.4000,3081.2000,3081.0000,3083.0000,3083.2000,3083.6000,3084.0000,3084.2000,3,2,1,1,2,1,1,2,4,1
SF,IH2003,2020-01-07 09:32:27.500,3082.6000,22569,-1,356704020.000,1,0,1,双平,S,3082.6000,3081.4000,3081.0000,3080.2000,3079.0000,3083.0000,3083.2000,3083.6000,3084.0000,3084.2000,1,1,2,5,1,1,1,2,4,1
SF,IH2003,2020-01-07 09:32:28.000,3082.6000,22569,0,356704020.000,0,-,-,-,-,3081.4000,3081.0000,3080.2000,3079.0000,3078.8000,3083.0000,3083.2000,3083.6000,3084.0000,3084.2000,1,2,5,1,1,1,1,2,4,1
SF,IH2003,2020-01-07 09:32:28.500,3082.6000,22569,0,356704020.000,0,-,-,-,-,3081.6000,3081.4000,3081.0000,3080.2000,3079.0000,3083.0000,3083.2000,3083.6000,3084.0000,3084.2000,3,1,2,5,1,2,1,2,4,1
SF,IH2003,2020-01-07 09:32:29.000,3082.6000,22569,0,356704020.000,0,-,-,-,-,3082.0000,3081.8000,3081.6000,3081.0000,3080.2000,3083.0000,3083.2000,3083.6000,3084.0000,3084.2000,1,2,3,2,5,2,1,2,4,1
SF,IH2003,2020-01-07 09:32:29.500,3082.6000,22569,0,356704020.000,0,-,-,-,-,3082.0000,3081.8000,3081.6000,3081.0000,3080.2000,3082.6000,3083.0000,3083.2000,3083.6000,3084.0000,1,2,3,2,5,1,2,1,2,4
SF,IH2003,2020-01-07 09:32:30.000,3082.6000,22568,-1,357628800.000,1,0,1,双平,S,3082.0000,3081.8000,3081.6000,3081.0000,3080.2000,3083.0000,3083.2000,3083.6000,3084.0000,3084.2000,1,2,3,2,5,2,1,2,4,1
SF,IH2003,2020-01-07 09:32:30.500,3082.2000,22567,-1,358553460.000,1,0,1,双平,S,3082.0000,3081.8000,3081.6000,3081.0000,3080.2000,3083.0000,3083.2000,3083.6000,3084.0000,3084.2000,1,2,3,2,5,2,1,2,4,1
SF,IH2003,2020-01-07 09:32:31.000,3082.2000,22567,0,358553460.000,0,-,-,-,-,3082.2000,3082.0000,3081.8000,3081.6000,3081.0000,3083.0000,3083.2000,3083.6000,3084.0000,3084.2000,1,1,1,3,2,2,1,2,4,1
SF,IH2003,2020-01-07 09:32:31.500,3082.2000,22566,-1,360402780.000,2,0,2,多平,S,3082.2000,3082.0000,3081.8000,3081.0000,3080.2000,3083.0000,3083.2000,3083.6000,3084.0000,3084.2000,1,1,1,2,5,2,1,2,4,1
SF,IH2003,2020-01-07 09:32:32.000,3082.2000,22566,0,360402780.000,0,-,-,-,-,3082.0000,3081.8000,3081.0000,3080.2000,3079.0000,3082.6000,3083.0000,3083.2000,3083.6000,3084.0000,1,1,2,5,1,2,2,1,2,4
SF,IH2003,2020-01-07 09:32:32.500,3082.6000,22565,-1,361327560.000,1,0,1,双平,S,3082.4000,3082.0000,3081.8000,3081.0000,3080.2000,3082.6000,3083.0000,3083.2000,3083.6000,3084.0000,1,1,1,2,5,1,2,1,2,4
SF,IH2003,2020-01-07 09:32:33.000,3082.4000,22562,-3,364101780.000,3,0,3,双平,S,3082.0000,3081.8000,3081.0000,3080.2000,3079.0000,3082.4000,3083.0000,3083.2000,3083.6000,3084.0000,1,1,2,5,1,1,2,1,2,3
SF,IH2003,2020-01-07 09:32:33.500,3082.4000,22562,0,364101780.000,0,-,-,-,-,3082.0000,3081.8000,3081.0000,3080.2000,3079.0000,3082.4000,3083.0000,3083.2000,3083.6000,3084.0000,1,1,2,5,1,5,2,1,2,3
SF,IH2003,2020-01-07 09:32:34.000,3082.4000,22562,0,364101780.000,0,-,-,-,-,3081.8000,3081.0000,3080.2000,3079.0000,3078.8000,3082.4000,3083.0000,3083.2000,3083.6000,3084.0000,1,2,5,1,1,5,2,1,2,3
SF,IH2003,2020-01-07 09:32:34.500,3082.4000,22562,0,365026500.000,1,0,1,多换,S,3081.8000,3081.0000,3080.2000,3079.0000,3078.8000,3082.4000,3083.0000,3083.2000,3083.6000,3084.0000,1,2,5,1,1,4,2,1,2,3
SF,IH2003,2020-01-07 09:32:35.000,3082.4000,22562,0,365026500.000,0,-,-,-,-,3081.8000,3081.0000,3080.2000,3079.0000,3078.8000,3082.4000,3083.0000,3083.2000,3083.6000,3084.0000,1,2,5,1,1,4,2,1,2,2
SF,IH2003,2020-01-07 09:32:37.500,3082.4000,22562,0,365026500.000,0,-,-,-,-,3082.0000,3081.8000,3081.0000,3080.2000,3079.0000,3082.4000,3083.0000,3083.2000,3083.6000,3084.0000,1,1,1,5,1,4,2,1,2,2
SF,IH2003,2020-01-07 09:32:38.500,3082.4000,22561,-1,365951220.000,1,0,1,双平,S,3082.0000,3081.8000,3081.0000,3080.2000,3079.0000,3083.0000,3083.2000,3083.6000,3084.0000,3084.8000,1,1,1,5,1,2,1,2,2,7
SF,IH2003,2020-01-07 09:32:39.000,3082.4000,22561,0,365951220.000,0,-,-,-,-,3082.0000,3081.8000,3081.0000,3080.2000,3079.0000,3082.8000,3083.0000,3083.2000,3083.6000,3084.0000,1,1,1,5,1,1,2,1,2,2
SF,IH2003,2020-01-07 09:32:40.000,3082.4000,22561,0,365951220.000,0,-,-,-,-,3082.0000,3081.8000,3081.0000,3080.2000,3079.0000,3083.0000,3083.2000,3083.6000,3084.0000,3084.8000,1,1,1,5,1,2,1,2,2,7
SF,IH2003,2020-01-07 09:32:40.500,3082.4000,22561,0,365951220.000,0,-,-,-,-,3082.0000,3081.8000,3081.0000,3080.2000,3079.0000,3082.8000,3083.0000,3083.2000,3083.6000,3084.0000,1,1,1,5,1,1,2,1,2,2
SF,IH2003,2020-01-07 09:32:41.000,3082.4000,22561,0,365951220.000,0,-,-,-,-,3082.0000,3081.8000,3081.0000,3080.2000,3079.0000,3082.8000,3083.0000,3083.2000,3083.6000,3084.0000,1,1,1,5,1,1,2,1,2,2
SF,IH2003,2020-01-07 09:32:41.500,3082.4000,22561,0,365951220.000,0,-,-,-,-,3082.4000,3082.0000,3081.8000,3081.0000,3080.2000,3082.8000,3083.0000,3083.2000,3083.6000,3084.0000,1,1,1,1,5,1,2,1,2,2
SF,IH2003,2020-01-07 09:32:42.000,3082.4000,22561,0,365951220.000,0,-,-,-,-,3082.4000,3082.0000,3081.8000,3081.0000,3080.2000,3083.0000,3083.2000,3083.6000,3084.0000,3084.8000,1,1,1,1,5,2,1,2,2,7
SF,IH2003,2020-01-07 09:32:43.000,3083.0000,22560,-1,367801020.000,2,0,2,多平,S,3083.0000,3082.4000,3082.0000,3081.8000,3081.0000,3083.2000,3083.6000,3084.0000,3084.8000,3085.0000,2,1,1,1,1,1,2,2,7,4
SF,IH2003,2020-01-07 09:32:43.500,3083.2000,22559,-1,369650940.000,2,0,2,多平,S,3083.2000,3083.0000,3082.4000,3082.0000,3081.0000,3083.6000,3084.0000,3084.8000,3085.0000,3085.6000,2,1,1,1,1,2,2,7,4,1
SF,IH2003,2020-01-07 09:32:44.000,3083.2000,22556,-3,372425820.000,3,0,3,双平,S,3083.0000,3082.4000,3082.0000,3081.0000,3080.2000,3083.2000,3083.6000,3084.0000,3084.8000,3085.0000,1,1,1,1,5,1,2,2,7,4
SF,IH2003,2020-01-07 09:32:44.500,3083.6000,22554,-2,375200940.000,3,0,3,多平,S,3083.4000,3083.2000,3083.0000,3082.4000,3082.0000,3084.0000,3084.8000,3085.0000,3085.6000,3085.8000,4,6,1,1,1,2,7,4,1,1
SF,IH2003,2020-01-07 09:32:45.000,3083.4000,22549,-5,379826580.000,5,0,5,双平,S,3083.2000,3083.0000,3082.4000,3082.0000,3081.0000,3083.4000,3084.8000,3085.0000,3085.6000,3085.8000,4,1,1,1,1,1,7,4,1,1
SF,IH2003,2020-01-07 09:32:45.500,3083.4000,22548,-1,380751600.000,1,0,1,双平,S,3084.0000,3083.6000,3083.4000,3083.2000,3083.0000,3084.8000,3085.0000,3085.6000,3085.8000,3086.0000,1,3,6,2,1,7,4,1,1,2
SF,IH2003,2020-01-07 09:32:46.000,3083.4000,22548,0,380751600.000,0,-,-,-,-,3083.6000,3083.4000,3083.2000,3083.0000,3082.4000,3084.0000,3084.8000,3085.0000,3085.6000,3085.8000,2,4,1,1,1,1,7,4,1,1
SF,IH2003,2020-01-07 09:32:46.500,3084.0000,22547,-1,381676800.000,1,0,1,双平,S,3083.6000,3083.4000,3083.2000,3083.0000,3082.4000,3084.8000,3085.0000,3085.6000,3085.8000,3086.0000,2,4,1,1,1,7,4,1,1,2
SF,IH2003,2020-01-07 09:32:47.000,3084.0000,22547,0,381676800.000,0,-,-,-,-,3083.8000,3083.6000,3083.4000,3083.2000,3083.0000,3084.8000,3085.0000,3085.6000,3085.8000,3086.0000,1,1,4,1,1,7,4,1,1,2
SF,IH2003,2020-01-07 09:32:47.500,3084.0000,22547,0,381676800.000,0,-,-,-,-,3084.0000,3083.8000,3083.6000,3083.4000,3083.2000,3084.6000,3084.8000,3085.0000,3085.6000,3085.8000,1,1,1,4,1,1,7,4,1,1
SF,IH2003,2020-01-07 09:32:49.000,3084.6000,22546,-1,383527380.000,2,0,2,多平,S,3083.8000,3083.6000,3083.4000,3083.2000,3083.0000,3084.8000,3085.0000,3085.6000,3085.8000,3086.0000,1,1,4,1,1,7,4,1,1,2
SF,IH2003,2020-01-07 09:32:49.500,3084.6000,22546,0,383527380.000,0,-,-,-,-,3083.8000,3083.6000,3083.4000,3083.2000,3083.0000,3084.4000,3084.8000,3085.0000,3085.6000,3085.8000,1,1,4,1,1,1,7,4,1,1
SF,IH2003,2020-01-07 09:32:50.000,3084.4000,22545,-1,384452700.000,1,0,1,双平,S,3083.8000,3083.6000,3083.4000,3083.2000,3083.0000,3084.8000,3085.0000,3085.6000,3085.8000,3086.0000,1,1,4,1,1,7,4,1,1,2
SF,IH2003,2020-01-07 09:32:50.500,3084.4000,22545,0,384452700.000,0,-,-,-,-,3083.8000,3083.6000,3083.4000,3083.2000,3083.0000,3084.2000,3084.8000,3085.0000,3085.6000,3085.8000,1,1,4,1,2,1,7,4,1,1
SF,IH2003,2020-01-07 09:32:51.000,3084.2000,22545,0,385377960.000,1,0,1,多换,S,3084.2000,3083.8000,3083.6000,3083.4000,3083.2000,3084.8000,3085.0000,3085.6000,3085.8000,3086.0000,1,1,1,4,1,7,4,1,1,2
SF,IH2003,2020-01-07 09:32:51.500,3084.2000,22545,0,385377960.000,0,-,-,-,-,3083.8000,3083.6000,3083.4000,3083.2000,3083.0000,3084.2000,3084.8000,3085.0000,3085.6000,3085.8000,1,1,4,1,2,2,7,4,1,1
SF,IH2003,2020-01-07 09:32:52.000,3084.2000,22545,0,387228480.000,2,1,1,多换,S,3083.6000,3083.4000,3083.2000,3083.0000,3082.4000,3084.6000,3084.8000,3085.0000,3085.6000,3085.8000,1,4,1,2,1,1,7,4,1,1
SF,IH2003,2020-01-07 09:32:52.500,3084.2000,22545,0,387228480.000,0,-,-,-,-,3084.0000,3083.8000,3083.6000,3083.4000,3083.2000,3084.6000,3084.8000,3085.0000,3085.6000,3085.8000,2,1,1,4,1,1,7,4,1,1
SF,IH2003,2020-01-07 09:32:53.000,3084.6000,22545,0,388153860.000,1,0,1,多换,S,3084.0000,3083.8000,3083.6000,3083.4000,3083.2000,3084.8000,3085.0000,3085.6000,3085.8000,3086.0000,2,1,1,4,1,7,4,1,1,2
SF,IH2003,2020-01-07 09:32:54.000,3084.8000,22541,-4,391855620.000,4,0,4,双平,S,3084.0000,3083.8000,3083.6000,3083.4000,3083.2000,3084.8000,3085.0000,3085.6000,3085.8000,3086.0000,2,1,1,4,1,3,4,1,1,2
SF,IH2003,2020-01-07 09:32:54.500,3085.0000,22535,-6,398333940.000,7,0,7,多平,S,3085.0000,3084.4000,3084.2000,3083.6000,3083.4000,3085.6000,3085.8000,3086.0000,3086.4000,3087.6000,1,1,2,1,2,1,1,2,1,1
SF,IH2003,2020-01-07 09:32:55.000,3084.8000,22535,0,399259380.000,1,0,1,多换,S,3084.8000,3084.4000,3084.2000,3083.6000,3083.4000,3085.6000,3085.8000,3086.0000,3086.4000,3087.6000,1,1,2,1,2,1,1,2,1,1
SF,IH2003,2020-01-07 09:32:55.500,3084.8000,22535,0,399259380.000,0,-,-,-,-,3084.8000,3084.4000,3084.2000,3083.6000,3083.4000,3085.6000,3085.8000,3086.0000,3086.4000,3088.0000,1,1,2,1,2,1,1,2,1,2
SF,IH2003,2020-01-07 09:32:56.000,3084.8000,22534,-1,400184820.000,1,0,1,双平,S,3084.8000,3084.4000,3084.2000,3083.6000,3083.4000,3085.4000,3085.6000,3085.8000,3086.0000,3086.4000,1,1,1,1,2,1,1,1,2,1
SF,IH2003,2020-01-07 09:32:56.500,3085.4000,22533,-1,401110440.000,1,0,1,双平,S,3084.8000,3084.4000,3084.2000,3083.6000,3083.4000,3085.6000,3085.8000,3086.0000,3086.4000,3088.0000,1,1,1,1,2,1,1,2,1,2
SF,IH2003,2020-01-07 09:32:57.000,3085.6000,22532,-1,402036120.000,1,0,1,双平,S,3085.6000,3085.2000,3084.8000,3084.4000,3084.2000,3085.8000,3086.0000,3086.4000,3088.0000,3088.4000,4,1,1,1,1,1,2,1,2,1
SF,IH2003,2020-01-07 09:32:57.500,3085.6000,22529,-3,404813160.000,3,0,3,双平,S,3085.2000,3084.8000,3084.4000,3084.2000,3083.6000,3085.8000,3086.0000,3086.4000,3088.0000,3088.4000,1,1,1,1,1,1,2,1,2,1
SF,IH2003,2020-01-07 09:32:58.000,3085.6000,22529,0,404813160.000,0,-,-,-,-,3084.8000,3084.2000,3083.6000,3083.4000,3083.0000,3085.8000,3086.0000,3086.4000,3088.0000,3088.4000,1,1,1,2,1,1,2,1,2,1
SF,IH2003,2020-01-07 09:32:59.000,3085.6000,22529,0,404813160.000,0,-,-,-,-,3084.8000,3084.2000,3083.6000,3083.4000,3083.0000,3085.6000,3085.8000,3086.0000,3086.4000,3088.0000,1,1,1,2,1,1,1,2,1,2
SF,IH2003,2020-01-07 09:32:59.500,3085.6000,22529,0,404813160.000,0,-,-,-,-,3084.8000,3084.2000,3083.6000,3083.4000,3083.0000,3085.6000,3085.8000,3086.0000,3086.4000,3088.0000,1,1,1,2,1,1,1,2,1,2
SF,IH2003,2020-01-07 09:33:00.000,3085.6000,22529,0,404813160.000,0,-,-,-,-,3084.8000,3084.2000,3083.6000,3083.4000,3083.0000,3085.6000,3085.8000,3086.0000,3086.4000,3088.0000,1,1,1,2,1,1,1,2,1,2
SF,IH2003,2020-01-07 09:33:01.000,3085.6000,22529,0,404813160.000,0,-,-,-,-,3085.2000,3084.8000,3084.2000,3083.6000,3083.4000,3085.6000,3085.8000,3086.0000,3086.4000,3088.0000,1,1,1,1,2,1,1,2,1,2
SF,IH2003,2020-01-07 09:33:01.500,3085.2000,22529,0,405738720.000,1,0,1,多换,S,3084.8000,3084.2000,3083.6000,3083.4000,3083.0000,3085.2000,3085.6000,3085.8000,3086.0000,3086.4000,1,1,1,2,1,1,1,1,2,1
SF,IH2003,2020-01-07 09:33:02.000,3084.8000,22527,-2,407589720.000,2,0,2,双平,S,3084.2000,3083.6000,3083.4000,3083.0000,3082.0000,3085.6000,3085.8000,3086.0000,3086.4000,3088.0000,1,1,2,1,2,1,1,2,1,2
SF,IH2003,2020-01-07 09:33:02.500,3084.8000,22527,0,407589720.000,0,-,-,-,-,3084.2000,3083.6000,3083.4000,3083.0000,3082.0000,3085.6000,3085.8000,3086.0000,3086.4000,3088.0000,1,1,2,1,2,1,1,2,1,2
SF,IH2003,2020-01-07 09:33:03.000,3084.8000,22527,0,407589720.000,0,-,-,-,-,3084.2000,3083.6000,3083.4000,3083.0000,3082.0000,3085.4000,3085.6000,3085.8000,3086.0000,3086.4000,1,1,2,1,2,1,1,1,2,1
SF,IH2003,2020-01-07 09:33:03.500,3084.8000,22527,0,407589720.000,0,-,-,-,-,3084.2000,3083.6000,3083.4000,3083.0000,3082.0000,3085.2000,3085.6000,3085.8000,3086.0000,3086.4000,1,1,2,1,2,1,1,1,2,1
SF,IH2003,2020-01-07 09:33:04.000,3085.6000,22528,1,409440960.000,2,1,1,空开,S,3085.6000,3084.2000,3083.6000,3083.4000,3083.0000,3085.8000,3086.0000,3086.4000,3088.0000,3088.4000,3,1,1,2,1,1,2,1,2,1
SF,IH2003,2020-01-07 09:33:04.500,3085.6000,22528,0,412218000.000,3,1,2,多换,S,3083.6000,3083.4000,3083.0000,3082.0000,3081.0000,3084.6000,3085.2000,3085.4000,3085.6000,3085.8000,1,2,1,2,1,2,2,5,10,1
SF,IH2003,2020-01-07 09:33:05.000,3085.6000,22528,0,412218000.000,0,-,-,-,-,3083.6000,3083.4000,3083.0000,3082.0000,3081.0000,3084.6000,3085.4000,3085.6000,3085.8000,3086.0000,1,2,1,2,1,2,3,6,1,2
SF,IH2003,2020-01-07 09:33:06.000,3085.6000,22528,0,412218000.000,0,-,-,-,-,3083.6000,3083.4000,3083.0000,3082.0000,3081.0000,3085.6000,3085.8000,3086.0000,3086.4000,3088.0000,1,2,1,2,1,6,1,2,1,2
SF,IH2003,2020-01-07 09:33:06.500,3085.6000,22528,0,412218000.000,0,-,-,-,-,3083.8000,3083.6000,3083.4000,3083.0000,3082.0000,3085.4000,3085.6000,3085.8000,3086.0000,3086.4000,4,1,2,1,2,3,6,1,2,1
SF,IH2003,2020-01-07 09:33:07.000,3085.6000,22528,0,412218000.000,0,-,-,-,-,3083.8000,3083.6000,3083.4000,3083.0000,3082.0000,3085.4000,3085.6000,3085.8000,3086.0000,3086.4000,4,1,2,1,2,2,6,2,2,1
SF,IH2003,2020-01-07 09:33:07.500,3085.6000,22528,0,412218000.000,0,-,-,-,-,3084.0000,3083.8000,3083.6000,3083.4000,3083.0000,3085.2000,3085.4000,3085.6000,3085.8000,3086.0000,2,4,1,2,1,1,2,6,2,2
SF,IH2003,2020-01-07 09:33:08.000,3085.6000,22528,0,412218000.000,0,-,-,-,-,3084.4000,3084.2000,3083.8000,3083.6000,3083.4000,3085.6000,3085.8000,3086.0000,3086.4000,3088.0000,2,2,3,1,2,6,2,2,1,2
SF,IH2003,2020-01-07 09:33:08.500,3085.6000,22528,0,412218000.000,0,-,-,-,-,3084.4000,3083.8000,3083.6000,3083.4000,3083.0000,3085.4000,3085.6000,3085.8000,3086.0000,3086.4000,2,3,1,2,1,1,6,2,2,1
SF,IH2003,2020-01-07 09:33:10.000,3085.6000,22528,0,412218000.000,0,-,-,-,-,3084.4000,3083.8000,3083.6000,3083.4000,3083.0000,3085.4000,3085.6000,3085.8000,3086.0000,3086.4000,2,3,1,2,1,1,6,2,2,1
SF,IH2003,2020-01-07 09:33:11.000,3085.6000,22528,0,412218000.000,0,-,-,-,-,3084.4000,3084.0000,3083.8000,3083.6000,3083.4000,3085.4000,3085.6000,3085.8000,3086.0000,3086.4000,2,1,3,1,2,1,6,2,2,1
SF,IH2003,2020-01-07 09:33:12.500,3085.6000,22528,0,412218000.000,0,-,-,-,-,3084.4000,3084.0000,3083.8000,3083.6000,3083.4000,3085.4000,3085.6000,3085.8000,3086.0000,3086.4000,2,1,3,1,2,2,6,2,2,1
SF,IH2003,2020-01-07 09:33:13.000,3085.6000,22528,0,412218000.000,0,-,-,-,-,3084.4000,3084.0000,3083.8000,3083.6000,3083.4000,3085.4000,3085.6000,3085.8000,3086.0000,3086.4000,2,1,3,1,2,2,6,2,2,1
SF,IH2003,2020-01-07 09:33:13.500,3085.6000,22528,0,412218000.000,0,-,-,-,-,3084.4000,3084.0000,3083.8000,3083.6000,3083.4000,3085.4000,3085.6000,3085.8000,3086.0000,3086.4000,2,1,1,1,2,2,7,2,2,1
SF,IH2003,2020-01-07 09:33:14.000,3084.4000,22528,0,414068640.000,2,1,1,多换,S,3084.0000,3083.8000,3083.6000,3083.4000,3083.0000,3085.4000,3085.6000,3085.8000,3086.0000,3086.4000,1,1,1,2,1,2,7,2,2,1
SF,IH2003,2020-01-07 09:33:14.500,3084.4000,22528,0,414068640.000,0,-,-,-,-,3084.0000,3083.8000,3083.6000,3083.4000,3083.0000,3085.4000,3085.6000,3085.8000,3086.0000,3086.4000,1,2,1,2,1,2,7,2,2,1
SF,IH2003,2020-01-07 09:33:15.000,3084.4000,22528,0,414068640.000,0,-,-,-,-,3084.0000,3083.8000,3083.6000,3083.4000,3083.0000,3085.2000,3085.4000,3085.6000,3085.8000,3086.0000,1,1,1,2,1,1,2,7,2,2
SF,IH2003,2020-01-07 09:33:15.500,3084.4000,22528,0,414068640.000,0,-,-,-,-,3084.0000,3083.6000,3083.4000,3083.0000,3082.0000,3084.4000,3085.2000,3085.4000,3085.6000,3085.8000,1,1,2,1,2,1,1,2,7,2
SF,IH2003,2020-01-07 09:33:16.000,3084.4000,22528,0,414068640.000,0,-,-,-,-,3084.0000,3083.6000,3083.4000,3083.0000,3082.0000,3084.4000,3085.2000,3085.4000,3085.6000,3085.8000,1,1,2,1,2,1,1,2,6,2
SF,IH2003,2020-01-07 09:33:17.000,3084.4000,22528,0,414993960.000,1,0,1,多换,S,3084.0000,3083.6000,3083.4000,3083.0000,3082.0000,3085.2000,3085.4000,3085.6000,3085.8000,3086.0000,1,1,2,1,2,1,2,6,2,2
SF,IH2003,2020-01-07 09:33:18.000,3085.0000,22528,0,415919460.000,1,0,1,多换,S,3084.0000,3083.6000,3083.4000,3083.0000,3082.0000,3085.2000,3085.4000,3085.6000,3085.8000,3086.0000,1,1,2,1,2,1,2,6,2,2
SF,IH2003,2020-01-07 09:33:18.500,3084.0000,22529,1,416844660.000,1,1,0,双开,S,3083.6000,3083.4000,3083.0000,3082.0000,3081.0000,3084.0000,3085.2000,3085.4000,3085.6000,3085.8000,1,2,1,2,1,1,1,2,6,2
SF,IH2003,2020-01-07 09:33:19.000,3084.0000,22528,-1,417769860.000,1,0,1,双平,S,3084.2000,3084.0000,3083.6000,3083.4000,3083.0000,3084.8000,3085.2000,3085.4000,3085.6000,3085.8000,1,1,1,2,1,1,1,2,4,2
SF,IH2003,2020-01-07 09:33:19.500,3084.2000,22527,-1,418695120.000,1,0,1,双平,S,3083.6000,3083.4000,3083.0000,3082.0000,3081.0000,3084.0000,3084.8000,3085.2000,3085.4000,3085.6000,1,2,1,2,1,1,1,1,2,4
SF,IH2003,2020-01-07 09:33:20.000,3084.0000,22527,0,419620320.000,1,0,1,多换,S,3084.2000,3083.6000,3083.4000,3083.0000,3082.0000,3084.8000,3085.2000,3085.4000,3085.6000,3085.8000,1,1,2,1,2,1,1,2,1,2
SF,IH2003,2020-01-07 09:33:20.500,3084.2000,22526,-1,420545580.000,1,0,1,双平,S,3083.6000,3083.4000,3083.0000,3082.0000,3081.0000,3084.8000,3085.2000,3085.4000,3085.6000,3085.8000,1,2,1,2,1,1,1,2,1,2
SF,IH2003,2020-01-07 09:33:21.000,3084.2000,22526,0,420545580.000,0,-,-,-,-,3083.6000,3083.4000,3083.0000,3082.0000,3081.0000,3084.6000,3084.8000,3085.4000,3085.6000,3085.8000,1,2,1,2,1,1,1,2,1,2
SF,IH2003,2020-01-07 09:33:21.500,3084.2000,22526,0,420545580.000,0,-,-,-,-,3083.6000,3083.4000,3083.0000,3082.0000,3081.0000,3084.6000,3084.8000,3085.4000,3085.6000,3085.8000,1,2,1,2,1,1,1,2,1,2
SF,IH2003,2020-01-07 09:33:22.000,3084.2000,22526,0,420545580.000,0,-,-,-,-,3083.6000,3083.4000,3083.0000,3082.0000,3081.0000,3084.8000,3085.4000,3085.6000,3085.8000,3086.0000,1,2,1,2,1,1,2,1,2,2
SF,IH2003,2020-01-07 09:33:22.500,3084.2000,22526,0,420545580.000,0,-,-,-,-,3083.6000,3083.4000,3083.0000,3082.0000,3081.0000,3084.8000,3085.4000,3085.6000,3085.8000,3086.0000,1,2,1,2,1,1,2,1,2,2
SF,IH2003,2020-01-07 09:33:23.000,3084.2000,22526,0,420545580.000,0,-,-,-,-,3083.4000,3083.0000,3082.0000,3081.0000,3080.2000,3084.8000,3085.4000,3085.6000,3085.8000,3086.0000,2,1,2,1,5,1,2,1,2,2
SF,IH2003,2020-01-07 09:33:23.500,3084.2000,22526,0,420545580.000,0,-,-,-,-,3083.0000,3082.0000,3081.0000,3080.2000,3080.0000,3084.6000,3084.8000,3085.4000,3085.6000,3085.8000,1,2,1,5,3,1,2,1,1,2
SF,IH2003,2020-01-07 09:33:24.000,3084.2000,22526,0,420545580.000,0,-,-,-,-,3083.6000,3083.0000,3082.0000,3081.0000,3080.2000,3084.4000,3084.6000,3084.8000,3085.4000,3085.6000,3,1,2,1,5,1,1,2,1,1
SF,IH2003,2020-01-07 09:33:24.500,3083.6000,22523,-3,423320820.000,3,0,3,双平,S,3083.0000,3082.0000,3081.0000,3080.2000,3080.0000,3084.4000,3084.6000,3084.8000,3085.4000,3085.6000,1,2,1,5,3,1,1,2,1,1
SF,IH2003,2020-01-07 09:33:25.000,3083.6000,22523,0,423320820.000,0,-,-,-,-,3083.0000,3082.0000,3081.0000,3080.2000,3080.0000,3084.2000,3084.4000,3084.8000,3085.4000,3085.6000,1,2,1,5,3,1,1,2,1,1
SF,IH2003,2020-01-07 09:33:25.500,3083.6000,22523,0,423320820.000,0,-,-,-,-,3083.0000,3082.0000,3081.0000,3080.2000,3080.0000,3084.2000,3084.4000,3084.8000,3085.4000,3085.6000,1,2,1,5,3,1,1,2,1,1
SF,IH2003,2020-01-07 09:33:26.000,3083.6000,22523,0,423320820.000,0,-,-,-,-,3083.0000,3082.0000,3081.0000,3080.2000,3080.0000,3084.0000,3084.2000,3084.4000,3084.8000,3085.4000,1,2,1,5,3,1,1,1,2,1
SF,IH2003,2020-01-07 09:33:26.500,3084.8000,22523,0,427022280.000,4,2,2,多换,S,3083.2000,3083.0000,3082.0000,3081.0000,3080.0000,3085.4000,3085.6000,3085.8000,3086.0000,3086.4000,2,1,2,1,3,1,1,4,2,1
SF,IH2003,2020-01-07 09:33:27.000,3084.8000,22523,0,427022280.000,0,-,-,-,-,3083.4000,3083.2000,3083.0000,3082.8000,3082.0000,3085.0000,3085.2000,3085.4000,3085.6000,3085.8000,3,2,1,5,2,1,5,1,1,4
SF,IH2003,2020-01-07 09:33:27.500,3084.8000,22523,0,427022280.000,0,-,-,-,-,3083.4000,3083.2000,3083.0000,3082.8000,3082.0000,3084.8000,3085.0000,3085.2000,3085.4000,3085.6000,3,2,1,5,2,1,1,4,1,1
SF,IH2003,2020-01-07 09:33:28.000,3084.8000,22523,0,427022280.000,0,-,-,-,-,3083.6000,3083.4000,3083.2000,3083.0000,3082.8000,3084.8000,3085.0000,3085.2000,3085.4000,3085.6000,1,2,2,1,5,1,1,1,1,1
SF,IH2003,2020-01-07 09:33:28.500,3084.8000,22523,0,427022280.000,0,-,-,-,-,3083.8000,3083.6000,3083.4000,3083.2000,3083.0000,3084.2000,3084.8000,3085.2000,3085.4000,3085.6000,1,1,1,2,1,1,1,1,1,1
SF,IH2003,2020-01-07 09:33:29.000,3084.2000,22522,-1,427947540.000,1,0,1,双平,S,3084.2000,3084.0000,3083.8000,3083.6000,3083.2000,3084.8000,3085.2000,3085.4000,3085.6000,3085.8000,1,1,1,1,2,1,1,1,1,4
SF,IH2003,2020-01-07 09:33:29.500,3084.2000,22522,0,427947540.000,0,-,-,-,-,3084.2000,3084.0000,3083.8000,3083.2000,3083.0000,3084.8000,3085.2000,3085.4000,3085.6000,3085.8000,1,1,1,2,1,1,1,1,1,4
SF,IH2003,2020-01-07 09:33:30.000,3084.2000,22522,0,427947540.000,0,-,-,-,-,3084.2000,3084.0000,3083.8000,3083.2000,3083.0000,3084.8000,3085.2000,3085.4000,3085.6000,3085.8000,1,1,1,2,1,1,1,1,1,4
SF,IH2003,2020-01-07 09:33:30.500,3084.2000,22522,0,427947540.000,0,-,-,-,-,3084.2000,3084.0000,3083.8000,3083.2000,3083.0000,3084.8000,3085.4000,3085.6000,3085.8000,3086.0000,1,1,1,2,1,1,1,1,4,2
SF,IH2003,2020-01-07 09:33:31.500,3084.2000,22522,0,427947540.000,0,-,-,-,-,3084.0000,3083.8000,3083.2000,3083.0000,3082.8000,3085.4000,3085.6000,3085.8000,3086.0000,3086.4000,1,1,2,1,5,1,1,4,2,1
SF,IH2003,2020-01-07 09:33:32.000,3084.2000,22522,0,427947540.000,0,-,-,-,-,3084.0000,3083.8000,3083.2000,3083.0000,3082.8000,3085.2000,3085.4000,3085.6000,3085.8000,3086.0000,1,1,2,1,5,1,1,1,4,2
SF,IH2003,2020-01-07 09:33:32.500,3084.2000,22522,0,427947540.000,0,-,-,-,-,3084.0000,3083.8000,3083.2000,3083.0000,3082.8000,3085.2000,3085.4000,3085.6000,3085.8000,3086.0000,1,1,2,1,5,1,1,1,4,2
SF,IH2003,2020-01-07 09:33:33.000,3084.2000,22522,0,427947540.000,0,-,-,-,-,3084.0000,3083.8000,3083.2000,3083.0000,3082.8000,3084.8000,3085.2000,3085.4000,3085.6000,3085.8000,1,1,2,1,5,1,1,1,1,4
SF,IH2003,2020-01-07 09:33:33.500,3084.2000,22522,0,427947540.000,0,-,-,-,-,3084.0000,3083.8000,3083.2000,3083.0000,3082.8000,3084.8000,3085.2000,3085.4000,3085.6000,3085.8000,1,1,2,1,5,2,1,1,1,4
SF,IH2003,2020-01-07 09:33:34.500,3084.2000,22522,0,427947540.000,0,-,-,-,-,3084.0000,3083.8000,3083.2000,3083.0000,3082.8000,3084.8000,3085.2000,3085.4000,3085.6000,3085.8000,2,1,2,1,5,2,1,1,1,4
SF,IH2003,2020-01-07 09:33:35.000,3084.0000,22521,-1,428872740.000,1,0,1,双平,S,3084.0000,3083.8000,3083.2000,3083.0000,3082.8000,3084.8000,3085.2000,3085.4000,3085.6000,3085.8000,1,1,2,1,5,2,1,1,1,4
SF,IH2003,2020-01-07 09:33:35.500,3084.0000,22521,0,428872740.000,0,-,-,-,-,3084.0000,3083.8000,3083.2000,3083.0000,3082.8000,3084.8000,3085.2000,3085.4000,3085.6000,3085.8000,1,2,2,1,5,2,1,1,1,4
SF,IH2003,2020-01-07 09:33:36.500,3084.8000,22522,1,431649060.000,3,2,1,空开,S,3084.8000,3084.0000,3083.8000,3083.2000,3083.0000,3085.2000,3085.4000,3085.6000,3085.8000,3086.0000,1,1,2,2,1,1,1,1,4,2
SF,IH2003,2020-01-07 09:33:37.000,3084.8000,22522,0,432574500.000,1,0,1,多换,S,3084.0000,3083.8000,3083.2000,3083.0000,3082.8000,3085.2000,3085.4000,3085.6000,3085.8000,3086.0000,1,2,2,1,5,1,1,1,4,2
SF,IH2003,2020-01-07 09:33:37.500,3084.8000,22522,0,432574500.000,0,-,-,-,-,3084.2000,3084.0000,3083.8000,3083.2000,3083.0000,3085.2000,3085.4000,3085.6000,3085.8000,3086.0000,3,2,1,2,2,1,1,1,4,2
SF,IH2003,2020-01-07 09:33:38.000,3084.8000,22522,0,432574500.000,0,-,-,-,-,3084.2000,3084.0000,3083.8000,3083.2000,3083.0000,3085.2000,3085.4000,3085.6000,3085.8000,3086.0000,3,2,1,2,2,1,1,1,4,2
SF,IH2003,2020-01-07 09:33:38.500,3084.8000,22522,0,432574500.000,0,-,-,-,-,3084.2000,3084.0000,3083.8000,3083.2000,3083.0000,3085.4000,3085.6000,3085.8000,3086.0000,3086.4000,3,2,1,2,2,1,1,4,2,1
SF,IH2003,2020-01-07 09:33:39.500,3084.8000,22522,0,432574500.000,0,-,-,-,-,3084.2000,3084.0000,3083.8000,3083.2000,3083.0000,3085.2000,3085.4000,3085.6000,3085.8000,3086.0000,1,2,1,2,2,1,1,1,4,2
SF,IH2003,2020-01-07 09:33:40.500,3084.8000,22522,0,432574500.000,0,-,-,-,-,3084.2000,3084.0000,3083.8000,3083.2000,3083.0000,3085.0000,3085.2000,3085.4000,3085.6000,3085.8000,1,2,1,2,2,2,1,1,1,4
SF,IH2003,2020-01-07 09:33:41.500,3085.0000,22521,-1,433500000.000,1,0,1,双平,S,3084.2000,3084.0000,3083.8000,3083.2000,3083.0000,3084.8000,3085.2000,3085.4000,3085.6000,3085.8000,1,2,1,2,2,5,1,1,1,4
SF,IH2003,2020-01-07 09:33:42.000,3085.0000,22521,0,433500000.000,0,-,-,-,-,3084.2000,3084.0000,3083.8000,3083.2000,3083.0000,3084.8000,3085.2000,3085.4000,3085.6000,3085.8000,1,2,1,2,2,5,1,1,1,4
SF,IH2003,2020-01-07 09:33:42.500,3085.0000,22521,0,438127500.000,5,2,3,多换,S,3085.0000,3084.2000,3084.0000,3083.8000,3083.2000,3085.2000,3085.4000,3085.6000,3085.8000,3086.0000,5,1,2,1,2,1,1,1,4,2
SF,IH2003,2020-01-07 09:33:43.000,3085.0000,22522,1,442755000.000,5,3,2,空开,S,3084.2000,3084.0000,3083.8000,3083.2000,3083.0000,3084.8000,3085.0000,3085.2000,3085.4000,3085.6000,1,2,1,2,2,4,3,1,2,1
SF,IH2003,2020-01-07 09:33:44.000,3084.8000,22521,-1,443680440.000,1,0,1,双平,S,3084.2000,3084.0000,3083.8000,3083.2000,3083.0000,3084.8000,3085.0000,3085.2000,3085.4000,3085.6000,1,2,1,2,2,3,4,1,2,1
SF,IH2003,2020-01-07 09:33:44.500,3084.8000,22521,0,443680440.000,0,-,-,-,-,3084.2000,3084.0000,3083.8000,3083.2000,3083.0000,3085.0000,3085.2000,3085.4000,3085.6000,3085.8000,1,2,1,2,2,4,1,2,1,4
SF,IH2003,2020-01-07 09:33:45.000,3084.8000,22521,0,443680440.000,0,-,-,-,-,3084.2000,3084.0000,3083.8000,3083.2000,3083.0000,3085.0000,3085.2000,3085.4000,3085.6000,3085.8000,1,2,1,2,2,4,1,2,1,4
SF,IH2003,2020-01-07 09:33:45.500,3084.8000,22521,0,443680440.000,0,-,-,-,-,3084.2000,3084.0000,3083.8000,3083.2000,3083.0000,3085.0000,3085.2000,3085.4000,3085.6000,3085.8000,1,2,1,2,2,5,1,2,1,4
SF,IH2003,2020-01-07 09:33:46.000,3084.8000,22521,0,443680440.000,0,-,-,-,-,3084.2000,3084.0000,3083.8000,3083.2000,3083.0000,3085.0000,3085.4000,3085.6000,3085.8000,3086.0000,1,3,1,2,2,5,2,1,4,2
SF,IH2003,2020-01-07 09:33:46.500,3084.4000,22521,0,444605760.000,1,0,1,多换,S,3084.4000,3084.2000,3084.0000,3083.8000,3083.2000,3085.0000,3085.4000,3085.6000,3085.8000,3086.0000,1,1,3,1,2,5,2,1,4,2
SF,IH2003,2020-01-07 09:33:47.000,3084.4000,22521,0,444605760.000,0,-,-,-,-,3084.4000,3084.2000,3084.0000,3083.8000,3083.2000,3085.0000,3085.4000,3085.6000,3085.8000,3086.0000,1,1,3,1,2,6,2,1,4,2
SF,IH2003,2020-01-07 09:33:49.500,3084.4000,22521,0,444605760.000,0,-,-,-,-,3084.4000,3084.2000,3084.0000,3083.8000,3083.2000,3085.0000,3085.4000,3085.6000,3085.8000,3086.0000,1,1,3,1,2,6,2,2,4,2
SF,IH2003,2020-01-07 09:33:50.500,3084.4000,22521,0,444605760.000,0,-,-,-,-,3084.4000,3084.2000,3084.0000,3083.8000,3083.2000,3085.0000,3085.4000,3085.6000,3085.8000,3086.0000,1,1,3,1,2,5,2,2,4,2
SF,IH2003,2020-01-07 09:33:51.000,3084.4000,22521,0,444605760.000,0,-,-,-,-,3084.4000,3084.2000,3084.0000,3083.8000,3083.2000,3085.0000,3085.4000,3085.6000,3085.8000,3086.0000,1,1,3,1,2,5,2,2,4,2
SF,IH2003,2020-01-07 09:33:51.500,3085.0000,22522,1,448307760.000,4,2,2,空开,S,3084.4000,3084.2000,3084.0000,3083.8000,3083.2000,3085.0000,3085.4000,3085.6000,3085.8000,3086.0000,1,1,3,1,2,1,2,2,4,2
SF,IH2003,2020-01-07 09:33:52.000,3084.6000,22520,-2,450158520.000,2,0,2,双平,S,3084.4000,3084.2000,3084.0000,3083.8000,3083.2000,3085.0000,3085.4000,3085.6000,3085.8000,3086.0000,1,1,3,1,2,1,2,2,4,2
SF,IH2003,2020-01-07 09:33:53.000,3084.6000,22520,0,450158520.000,0,-,-,-,-,3084.4000,3084.2000,3084.0000,3083.8000,3083.2000,3085.0000,3085.4000,3085.6000,3085.8000,3086.0000,1,1,3,1,2,1,2,2,6,2
SF,IH2003,2020-01-07 09:33:53.500,3084.6000,22520,0,450158520.000,0,-,-,-,-,3084.4000,3084.2000,3084.0000,3083.8000,3083.2000,3085.0000,3085.4000,3085.6000,3085.8000,3086.0000,1,1,3,1,1,1,2,2,6,2
SF,IH2003,2020-01-07 09:33:54.000,3084.6000,22520,0,450158520.000,0,-,-,-,-,3084.6000,3084.4000,3084.2000,3084.0000,3083.8000,3085.0000,3085.4000,3085.6000,3085.8000,3086.0000,1,1,1,3,1,1,2,2,6,2
SF,IH2003,2020-01-07 09:33:54.500,3084.6000,22519,-1,451083900.000,1,0,1,双平,S,3084.4000,3084.2000,3084.0000,3083.8000,3083.2000,3084.6000,3085.0000,3085.4000,3085.6000,3085.8000,1,1,3,1,1,1,1,2,2,6
SF,IH2003,2020-01-07 09:33:55.000,3084.6000,22518,-1,452009280.000,1,0,1,双平,S,3084.4000,3084.2000,3084.0000,3083.8000,3083.2000,3085.0000,3085.4000,3085.6000,3085.8000,3086.0000,1,1,3,1,1,1,2,2,6,2
SF,IH2003,2020-01-07 09:33:55.500,3084.4000,22518,0,452934600.000,1,0,1,多换,S,3084.2000,3084.0000,3083.8000,3083.2000,3083.0000,3084.4000,3085.0000,3085.4000,3085.6000,3085.8000,1,3,1,1,2,4,1,2,2,6
SF,IH2003,2020-01-07 09:33:56.000,3084.4000,22514,-4,456635880.000,4,0,4,双平,S,3084.4000,3084.2000,3084.0000,3083.8000,3083.2000,3084.6000,3085.0000,3085.4000,3085.6000,3085.8000,3,1,3,1,1,1,1,2,2,6
SF,IH2003,2020-01-07 09:33:56.500,3084.4000,22514,0,456635880.000,0,-,-,-,-,3084.4000,3084.2000,3084.0000,3083.8000,3083.2000,3084.6000,3085.0000,3085.4000,3085.6000,3085.8000,1,1,3,1,1,1,1,2,2,6
SF,IH2003,2020-01-07 09:33:57.000,3085.0000,22515,1,458486760.000,2,1,1,空开,S,3085.0000,3084.4000,3084.2000,3084.0000,3083.8000,3085.4000,3085.6000,3085.8000,3086.0000,3088.0000,3,1,1,3,1,2,2,6,2,4
SF,IH2003,2020-01-07 09:33:57.500,3085.0000,22515,0,461263260.000,3,1,2,多换,S,3084.4000,3084.2000,3084.0000,3083.8000,3083.0000,3085.0000,3085.2000,3085.4000,3085.6000,3085.8000,1,1,3,1,2,2,1,2,2,6
SF,IH2003,2020-01-07 09:33:58.000,3084.2000,22513,-2,463113840.000,2,0,2,双平,S,3084.0000,3083.8000,3083.0000,3082.8000,3082.0000,3084.2000,3085.0000,3085.2000,3085.4000,3085.6000,3,1,2,5,1,2,1,1,2,2
SF,IH2003,2020-01-07 09:33:58.500,3084.2000,22511,-2,464964360.000,2,0,2,双平,S,3084.4000,3084.2000,3084.0000,3083.8000,3083.0000,3085.0000,3085.2000,3085.4000,3085.6000,3085.8000,2,8,5,1,2,1,1,2,2,6
SF,IH2003,2020-01-07 09:33:59.000,3084.2000,22511,0,464964360.000,0,-,-,-,-,3084.4000,3084.2000,3084.0000,3083.8000,3083.0000,3085.0000,3085.2000,3085.4000,3085.6000,3085.8000,3,5,5,1,2,1,1,2,2,6
SF,IH2003,2020-01-07 09:33:59.500,3084.2000,22511,0,464964360.000,0,-,-,-,-,3084.4000,3084.2000,3084.0000,3083.8000,3083.0000,3085.0000,3085.2000,3085.4000,3085.6000,3085.8000,1,5,5,1,2,1,1,2,2,6
SF,IH2003,2020-01-07 09:34:00.000,3084.4000,22510,-1,465889680.000,1,0,1,双平,S,3084.2000,3084.0000,3083.8000,3083.0000,3082.8000,3085.0000,3085.2000,3085.4000,3085.6000,3085.8000,5,5,1,2,5,1,1,2,2,6
SF,IH2003,2020-01-07 09:34:00.500,3084.4000,22510,0,465889680.000,0,-,-,-,-,3084.2000,3084.0000,3083.8000,3083.0000,3082.8000,3085.0000,3085.2000,3085.4000,3085.6000,3085.8000,3,5,1,2,5,1,1,2,2,6
SF,IH2003,2020-01-07 09:34:01.000,3084.4000,22510,0,465889680.000,0,-,-,-,-,3084.2000,3084.0000,3083.8000,3083.0000,3082.8000,3085.0000,3085.2000,3085.4000,3085.6000,3085.8000,3,5,1,2,5,1,1,1,2,6
SF,IH2003,2020-01-07 09:34:02.000,3084.4000,22510,0,465889680.000,0,-,-,-,-,3084.2000,3084.0000,3083.8000,3083.0000,3082.8000,3084.8000,3085.0000,3085.2000,3085.4000,3085.6000,3,5,1,2,5,1,1,1,1,2
SF,IH2003,2020-01-07 09:34:02.500,3084.4000,22510,0,465889680.000,0,-,-,-,-,3084.2000,3084.0000,3083.8000,3083.0000,3082.8000,3084.8000,3085.0000,3085.2000,3085.4000,3085.6000,3,5,1,2,5,1,2,1,1,2
SF,IH2003,2020-01-07 09:34:03.000,3084.4000,22510,0,465889680.000,0,-,-,-,-,3084.2000,3084.0000,3083.8000,3083.0000,3082.8000,3084.8000,3085.0000,3085.2000,3085.4000,3085.6000,1,5,1,2,5,1,2,1,1,2
SF,IH2003,2020-01-07 09:34:04.000,3084.8000,22509,-1,466815120.000,1,0,1,双平,S,3084.0000,3083.8000,3083.0000,3082.8000,3082.0000,3085.0000,3085.2000,3085.4000,3085.6000,3085.8000,5,1,2,5,1,2,1,1,2,7
SF,IH2003,2020-01-07 09:34:04.500,3084.8000,22509,0,466815120.000,0,-,-,-,-,3084.0000,3083.8000,3083.0000,3082.8000,3082.0000,3084.8000,3085.0000,3085.2000,3085.4000,3085.6000,5,1,2,5,1,1,2,1,1,2
SF,IH2003,2020-01-07 09:34:05.500,3084.0000,22507,-2,469590720.000,3,0,3,多平,S,3083.8000,3083.0000,3082.8000,3082.0000,3081.6000,3084.8000,3085.0000,3085.2000,3085.4000,3085.6000,1,2,5,1,1,1,2,1,1,2
SF,IH2003,2020-01-07 09:34:06.000,3084.0000,22507,0,469590720.000,0,-,-,-,-,3083.8000,3083.0000,3082.8000,3082.0000,3081.6000,3084.8000,3085.0000,3085.2000,3085.4000,3085.6000,1,2,5,1,1,1,2,1,1,2
SF,IH2003,2020-01-07 09:34:06.500,3083.8000,22506,-1,471441000.000,2,0,2,多平,S,3083.0000,3082.8000,3082.0000,3081.6000,3081.0000,3084.8000,3085.0000,3085.2000,3085.4000,3085.6000,2,5,1,2,1,1,2,1,1,2
SF,IH2003,2020-01-07 09:34:07.000,3083.8000,22506,0,471441000.000,0,-,-,-,-,3083.2000,3083.0000,3082.8000,3082.0000,3081.6000,3084.6000,3084.8000,3085.0000,3085.2000,3085.4000,3,2,5,1,2,2,1,2,1,1
SF,IH2003,2020-01-07 09:34:07.500,3084.4000,22503,-3,474216360.000,3,0,3,双平,S,3083.0000,3082.8000,3082.0000,3081.6000,3081.0000,3084.4000,3084.6000,3084.8000,3085.0000,3085.2000,2,5,1,2,1,1,2,1,2,1
SF,IH2003,2020-01-07 09:34:08.000,3084.4000,22503,0,474216360.000,0,-,-,-,-,3083.0000,3082.8000,3082.0000,3081.6000,3081.0000,3084.2000,3084.4000,3084.6000,3084.8000,3085.0000,2,5,1,2,1,3,1,1,1,2
SF,IH2003,2020-01-07 09:34:08.500,3083.0000,22502,-1,475141260.000,1,0,1,双平,S,3083.0000,3082.8000,3082.0000,3081.6000,3081.0000,3084.0000,3084.2000,3084.4000,3084.6000,3084.8000,1,5,1,2,1,1,1,1,1,1
SF,IH2003,2020-01-07 09:34:09.000,3083.0000,22502,0,476066160.000,1,0,1,多换,S,3082.8000,3082.0000,3081.6000,3081.0000,3080.0000,3084.0000,3084.2000,3084.4000,3084.6000,3084.8000,5,1,2,1,4,1,1,1,1,1
SF,IH2003,2020-01-07 09:34:09.500,3083.0000,22502,0,476066160.000,0,-,-,-,-,3082.8000,3082.0000,3081.6000,3081.0000,3080.0000,3084.2000,3084.4000,3084.6000,3084.8000,3085.0000,5,1,2,1,4,1,1,1,1,2
SF,IH2003,2020-01-07 09:34:10.500,3083.0000,22502,0,476066160.000,0,-,-,-,-,3082.8000,3082.0000,3081.6000,3081.0000,3080.0000,3083.8000,3084.2000,3084.6000,3084.8000,3085.0000,5,1,2,1,4,1,2,1,1,2
SF,IH2003,2020-01-07 09:34:11.000,3083.0000,22501,-1,476991060.000,1,0,1,双平,S,3082.8000,3082.0000,3081.6000,3081.0000,3080.0000,3084.2000,3084.8000,3085.0000,3085.2000,3085.4000,5,1,2,1,4,2,1,2,1,1
SF,IH2003,2020-01-07 09:34:11.500,3082.8000,22500,-1,477915900.000,1,0,1,双平,S,3082.8000,3082.0000,3081.6000,3081.0000,3080.0000,3084.0000,3084.2000,3084.8000,3085.0000,3085.4000,4,1,2,1,4,1,2,1,2,1
SF,IH2003,2020-01-07 09:34:12.000,3082.8000,22500,0,477915900.000,0,-,-,-,-,3082.8000,3082.0000,3081.6000,3081.0000,3080.0000,3084.0000,3084.2000,3084.8000,3085.0000,3085.4000,4,1,2,1,4,1,2,1,2,1
SF,IH2003,2020-01-07 09:34:12.500,3082.8000,22500,0,477915900.000,0,-,-,-,-,3082.8000,3082.0000,3081.6000,3081.0000,3080.0000,3083.8000,3084.0000,3084.2000,3084.8000,3085.0000,4,1,2,1,4,2,1,1,1,2
SF,IH2003,2020-01-07 09:34:13.000,3082.8000,22499,-1,478840740.000,1,0,1,双平,S,3082.8000,3082.0000,3081.6000,3081.0000,3080.0000,3083.8000,3084.0000,3084.2000,3084.8000,3085.0000,3,1,2,1,4,2,1,1,1,2
SF,IH2003,2020-01-07 09:34:13.500,3082.8000,22499,0,478840740.000,0,-,-,-,-,3082.8000,3082.0000,3081.6000,3081.0000,3080.0000,3083.8000,3084.0000,3084.2000,3084.8000,3085.0000,3,1,2,1,4,2,1,1,1,2
SF,IH2003,2020-01-07 09:34:14.000,3082.8000,22499,0,478840740.000,0,-,-,-,-,3082.8000,3082.0000,3081.6000,3081.0000,3080.0000,3083.8000,3084.0000,3084.2000,3085.0000,3085.4000,3,1,2,1,4,3,1,1,2,1
SF,IH2003,2020-01-07 09:34:14.500,3082.8000,22499,0,478840740.000,0,-,-,-,-,3082.8000,3082.0000,3081.6000,3081.0000,3080.0000,3083.6000,3083.8000,3084.2000,3085.0000,3085.4000,3,1,2,1,4,1,2,1,2,1
SF,IH2003,2020-01-07 09:34:15.000,3082.8000,22498,-1,479765580.000,1,0,1,双平,S,3082.8000,3082.0000,3081.6000,3081.0000,3080.0000,3083.4000,3083.6000,3083.8000,3084.2000,3085.0000,2,1,2,1,4,1,1,2,1,3
SF,IH2003,2020-01-07 09:34:15.500,3082.8000,22496,-2,481615260.000,2,0,2,双平,S,3082.0000,3081.6000,3081.0000,3080.0000,3079.0000,3083.4000,3083.6000,3083.8000,3084.2000,3085.0000,1,2,1,4,1,1,1,2,1,3
SF,IH2003,2020-01-07 09:34:16.000,3082.8000,22496,0,481615260.000,0,-,-,-,-,3082.0000,3081.6000,3081.0000,3080.0000,3079.0000,3083.0000,3083.2000,3083.4000,3083.6000,3083.8000,1,2,1,4,1,2,1,1,1,1
SF,IH2003,2020-01-07 09:34:17.500,3083.0000,22494,-2,483465060.000,2,0,2,双平,S,3082.0000,3081.6000,3081.0000,3080.0000,3079.0000,3082.8000,3083.2000,3083.4000,3083.6000,3083.8000,1,2,1,4,1,1,1,1,1,1
SF,IH2003,2020-01-07 09:34:18.000,3082.8000,22492,-2,485314740.000,2,0,2,双平,S,3082.8000,3082.2000,3082.0000,3081.6000,3081.0000,3083.4000,3083.6000,3083.8000,3084.2000,3085.0000,1,1,1,2,1,1,1,1,1,3
SF,IH2003,2020-01-07 09:34:18.500,3082.8000,22492,0,485314740.000,0,-,-,-,-,3082.8000,3082.2000,3082.0000,3081.6000,3081.0000,3083.4000,3083.8000,3084.2000,3085.0000,3085.4000,1,1,1,2,1,1,1,1,3,1
SF,IH2003,2020-01-07 09:34:19.000,3082.8000,22492,0,485314740.000,0,-,-,-,-,3082.8000,3082.2000,3082.0000,3081.6000,3081.0000,3083.4000,3083.6000,3083.8000,3084.2000,3085.0000,1,1,1,2,1,1,1,1,1,3
SF,IH2003,2020-01-07 09:34:19.500,3083.4000,22491,-1,486239760.000,1,0,1,双平,S,3082.2000,3082.0000,3081.6000,3081.0000,3080.0000,3083.6000,3083.8000,3084.2000,3085.0000,3085.4000,1,1,2,1,4,1,1,1,3,1
SF,IH2003,2020-01-07 09:34:20.000,3083.4000,22491,0,486239760.000,0,-,-,-,-,3082.2000,3082.0000,3081.6000,3081.0000,3080.0000,3082.8000,3083.6000,3083.8000,3084.2000,3085.0000,1,1,2,1,4,1,1,1,1,3
SF,IH2003,2020-01-07 09:34:20.500,3083.6000,22489,-2,488089680.000,2,0,2,双平,S,3083.6000,3083.0000,3082.8000,3082.0000,3081.6000,3084.2000,3085.0000,3085.4000,3085.6000,3085.8000,1,2,6,1,2,1,3,1,2,7
SF,IH2003,2020-01-07 09:34:21.000,3083.6000,22489,0,488089680.000,0,-,-,-,-,3083.0000,3082.8000,3082.0000,3081.6000,3081.0000,3084.2000,3085.0000,3085.4000,3085.6000,3085.8000,1,4,1,2,1,1,3,1,2,7
SF,IH2003,2020-01-07 09:34:21.500,3083.6000,22489,0,488089680.000,0,-,-,-,-,3083.2000,3083.0000,3082.8000,3082.0000,3081.6000,3084.2000,3085.0000,3085.4000,3085.6000,3085.8000,3,1,4,1,2,1,3,1,2,7
SF,IH2003,2020-01-07 09:34:22.000,3083.2000,22488,-1,489014640.000,1,0,1,双平,S,3083.2000,3083.0000,3082.8000,3082.0000,3081.6000,3084.2000,3085.0000,3085.4000,3085.6000,3085.8000,2,1,4,1,2,1,2,1,2,7
SF,IH2003,2020-01-07 09:34:22.500,3083.2000,22487,-1,489939600.000,1,0,1,双平,S,3083.2000,3083.0000,3082.8000,3082.0000,3081.6000,3084.2000,3085.0000,3085.4000,3085.6000,3085.8000,1,1,4,1,2,1,2,1,2,7
SF,IH2003,2020-01-07 09:34:23.000,3083.2000,22487,0,489939600.000,0,-,-,-,-,3083.2000,3083.0000,3082.8000,3082.0000,3081.6000,3084.2000,3084.4000,3085.0000,3085.4000,3085.6000,1,1,4,1,2,1,1,2,1,2
SF,IH2003,2020-01-07 09:34:25.000,3083.2000,22486,-1,490864560.000,1,0,1,双平,S,3083.0000,3082.8000,3082.0000,3081.6000,3081.0000,3084.2000,3084.4000,3085.0000,3085.4000,3085.6000,1,4,1,2,1,1,1,2,1,2
SF,IH2003,2020-01-07 09:34:25.500,3083.2000,22486,0,490864560.000,0,-,-,-,-,3083.0000,3082.8000,3082.0000,3081.6000,3081.0000,3084.2000,3084.4000,3085.0000,3085.4000,3085.6000,1,4,1,2,1,1,1,2,1,2
SF,IH2003,2020-01-07 09:34:26.000,3083.2000,22486,0,490864560.000,0,-,-,-,-,3083.0000,3082.8000,3082.0000,3081.6000,3081.0000,3084.2000,3084.4000,3085.0000,3085.4000,3085.6000,1,4,1,2,1,1,1,2,1,2
SF,IH2003,2020-01-07 09:34:26.500,3083.2000,22486,0,490864560.000,0,-,-,-,-,3083.0000,3082.8000,3082.0000,3081.6000,3081.0000,3084.2000,3084.4000,3085.0000,3085.4000,3085.6000,1,4,1,2,1,1,1,2,1,2
SF,IH2003,2020-01-07 09:34:27.500,3083.2000,22486,0,490864560.000,0,-,-,-,-,3083.0000,3082.8000,3082.0000,3081.6000,3081.0000,3084.0000,3084.4000,3085.0000,3085.4000,3085.6000,1,4,1,2,1,1,1,2,1,2
SF,IH2003,2020-01-07 09:34:28.000,3083.0000,22485,-1,491789460.000,1,0,1,双平,S,3082.8000,3082.0000,3081.6000,3081.0000,3080.0000,3084.0000,3084.4000,3085.0000,3085.4000,3085.6000,5,1,2,1,4,1,1,2,1,2
SF,IH2003,2020-01-07 09:34:28.500,3083.0000,22485,0,491789460.000,0,-,-,-,-,3082.8000,3082.0000,3081.6000,3081.0000,3080.0000,3084.0000,3084.4000,3085.0000,3085.4000,3085.6000,4,1,2,1,4,1,1,2,1,2
SF,IH2003,2020-01-07 09:34:29.000,3083.0000,22485,0,491789460.000,0,-,-,-,-,3082.8000,3082.0000,3081.6000,3081.0000,3080.0000,3083.8000,3084.0000,3084.4000,3085.0000,3085.4000,4,1,2,1,4,1,1,1,2,1
SF,IH2003,2020-01-07 09:34:30.500,3083.0000,22485,0,491789460.000,0,-,-,-,-,3082.8000,3082.0000,3081.6000,3081.0000,3080.0000,3083.8000,3084.0000,3084.4000,3085.0000,3085.4000,4,1,2,1,4,1,1,1,2,1
SF,IH2003,2020-01-07 09:34:31.000,3083.0000,22485,0,491789460.000,0,-,-,-,-,3082.8000,3082.0000,3081.6000,3081.0000,3080.0000,3083.0000,3083.8000,3084.0000,3084.4000,3085.0000,4,1,2,1,5,1,1,1,1,2
SF,IH2003,2020-01-07 09:34:31.500,3083.0000,22484,-1,492714360.000,1,0,1,双平,S,3083.2000,3083.0000,3082.8000,3082.0000,3081.6000,3083.8000,3084.0000,3084.4000,3085.0000,3085.4000,1,5,2,1,2,1,1,1,2,1
SF,IH2003,2020-01-07 09:34:32.000,3083.0000,22483,-1,493639260.000,1,0,1,双平,S,3083.0000,3082.8000,3082.0000,3081.6000,3081.0000,3083.8000,3084.0000,3084.4000,3085.0000,3085.4000,3,2,1,2,1,1,2,1,2,1
SF,IH2003,2020-01-07 09:34:32.500,3083.0000,22482,-1,494564160.000,1,0,1,双平,S,3083.0000,3082.8000,3082.0000,3081.6000,3081.0000,3083.8000,3084.0000,3084.4000,3085.0000,3085.4000,2,2,1,2,1,1,2,1,2,1
SF,IH2003,2020-01-07 09:34:34.000,3082.8000,22479,-3,497338800.000,3,0,3,双平,S,3082.8000,3082.0000,3081.6000,3081.0000,3080.0000,3083.8000,3084.0000,3084.4000,3085.0000,3085.4000,1,1,2,1,5,1,2,2,2,1
SF,IH2003,2020-01-07 09:34:34.500,3082.8000,22479,0,497338800.000,0,-,-,-,-,3083.0000,3082.0000,3081.6000,3081.0000,3080.0000,3083.8000,3084.0000,3084.4000,3085.0000,3085.4000,1,1,2,1,5,1,2,2,2,1
SF,IH2003,2020-01-07 09:34:35.000,3082.8000,22479,0,497338800.000,0,-,-,-,-,3082.2000,3082.0000,3081.6000,3081.0000,3080.0000,3083.8000,3084.0000,3084.4000,3085.0000,3085.4000,1,1,2,1,5,1,2,2,2,1
SF,IH2003,2020-01-07 09:34:35.500,3082.8000,22479,0,497338800.000,0,-,-,-,-,3082.4000,3082.2000,3082.0000,3081.6000,3081.0000,3083.8000,3084.0000,3084.4000,3085.0000,3085.4000,6,1,1,2,1,1,2,2,2,1
SF,IH2003,2020-01-07 09:34:36.500,3082.8000,22479,0,497338800.000,0,-,-,-,-,3082.4000,3082.2000,3082.0000,3081.6000,3081.0000,3083.8000,3084.0000,3084.4000,3085.0000,3085.2000,6,2,1,2,1,1,2,2,2,1
SF,IH2003,2020-01-07 09:34:37.000,3082.8000,22479,0,497338800.000,0,-,-,-,-,3082.6000,3082.4000,3082.2000,3082.0000,3081.6000,3082.8000,3083.8000,3084.0000,3084.4000,3085.0000,1,6,1,1,2,1,1,2,2,3
SF,IH2003,2020-01-07 09:34:37.500,3082.8000,22478,-1,498263640.000,1,0,1,双平,S,3083.0000,3082.8000,3082.6000,3082.4000,3082.2000,3083.8000,3084.0000,3084.4000,3085.0000,3085.2000,3,2,1,6,1,1,2,2,3,1
SF,IH2003,2020-01-07 09:34:38.000,3082.8000,22478,0,498263640.000,0,-,-,-,-,3083.0000,3082.8000,3082.6000,3082.4000,3082.2000,3083.8000,3084.0000,3084.4000,3085.0000,3085.2000,3,2,1,4,1,1,2,2,3,1
SF,IH2003,2020-01-07 09:34:38.500,3082.8000,22478,0,498263640.000,0,-,-,-,-,3083.0000,3082.8000,3082.6000,3082.4000,3082.2000,3083.8000,3084.0000,3084.4000,3085.0000,3085.2000,3,2,1,4,1,1,2,2,3,1
SF,IH2003,2020-01-07 09:34:39.000,3083.0000,22476,-2,500113440.000,2,0,2,双平,S,3083.0000,3082.8000,3082.6000,3082.4000,3082.2000,3083.8000,3084.0000,3084.4000,3085.0000,3085.2000,1,2,1,4,1,1,2,2,3,1
SF,IH2003,2020-01-07 09:34:40.500,3083.0000,22476,0,500113440.000,0,-,-,-,-,3083.0000,3082.8000,3082.6000,3082.4000,3082.2000,3083.2000,3083.8000,3084.0000,3084.4000,3085.0000,1,2,1,4,1,1,1,2,2,3
SF,IH2003,2020-01-07 09:34:41.000,3083.2000,22475,-1,501038400.000,1,0,1,双平,S,3083.4000,3083.2000,3083.0000,3082.8000,3082.6000,3083.8000,3084.0000,3084.4000,3085.0000,3085.2000,1,4,1,2,1,1,2,2,3,1
SF,IH2003,2020-01-07 09:34:41.500,3083.2000,22474,-1,501963360.000,1,0,1,双平,S,3083.2000,3083.0000,3082.8000,3082.4000,3082.2000,3083.8000,3084.0000,3084.4000,3085.0000,3085.2000,3,1,2,4,1,1,2,2,3,1
SF,IH2003,2020-01-07 09:34:42.000,3083.2000,22474,0,501963360.000,0,-,-,-,-,3083.2000,3083.0000,3082.8000,3082.4000,3082.2000,3083.8000,3084.0000,3084.4000,3085.0000,3085.2000,1,1,2,4,1,1,2,2,3,1
SF,IH2003,2020-01-07 09:34:43.500,3083.2000,22474,0,502888320.000,1,0,1,多换,S,3083.0000,3082.8000,3082.4000,3082.0000,3081.6000,3083.8000,3084.0000,3084.4000,3085.0000,3085.2000,1,2,4,1,2,1,2,2,3,1
SF,IH2003,2020-01-07 09:34:44.500,3083.2000,22474,0,502888320.000,0,-,-,-,-,3082.8000,3082.4000,3082.0000,3081.6000,3081.0000,3083.2000,3083.8000,3084.0000,3084.4000,3085.0000,2,4,1,2,1,1,1,2,2,3
SF,IH2003,2020-01-07 09:34:45.000,3083.2000,22473,-1,503813280.000,1,0,1,双平,S,3082.8000,3082.4000,3082.0000,3081.6000,3081.0000,3083.8000,3084.0000,3084.4000,3085.0000,3085.2000,2,4,1,2,1,1,2,2,3,1
SF,IH2003,2020-01-07 09:34:45.500,3082.8000,22473,0,504738120.000,1,0,1,多换,S,3082.8000,3082.4000,3082.0000,3081.6000,3081.0000,3083.8000,3084.0000,3084.4000,3085.0000,3085.2000,1,4,1,2,1,1,2,2,3,1
SF,IH2003,2020-01-07 09:34:46.500,3084.0000,22471,-2,506588460.000,2,0,2,双平,S,3082.8000,3082.4000,3082.0000,3081.6000,3081.0000,3084.0000,3084.4000,3085.0000,3085.2000,3085.4000,1,4,1,2,1,1,2,3,1,1
SF,IH2003,2020-01-07 09:34:47.000,3084.0000,22471,0,506588460.000,0,-,-,-,-,3082.8000,3082.4000,3082.0000,3081.6000,3081.0000,3084.0000,3084.4000,3085.0000,3085.2000,3085.4000,1,4,1,2,1,1,2,3,1,1
SF,IH2003,2020-01-07 09:34:47.500,3084.0000,22471,0,506588460.000,0,-,-,-,-,3082.8000,3082.4000,3082.0000,3081.6000,3081.0000,3083.6000,3084.4000,3085.0000,3085.2000,3085.4000,1,4,1,2,1,1,2,3,1,1
SF,IH2003,2020-01-07 09:34:48.000,3083.6000,22471,0,507513540.000,1,0,1,多换,S,3082.8000,3082.4000,3082.0000,3081.6000,3081.0000,3084.4000,3085.0000,3085.2000,3085.4000,3085.8000,1,4,1,2,1,2,3,1,1,5
SF,IH2003,2020-01-07 09:34:48.500,3082.8000,22469,-2,509363280.000,2,0,2,双平,S,3082.4000,3082.0000,3081.6000,3081.0000,3080.0000,3082.8000,3084.2000,3084.4000,3085.0000,3085.2000,4,1,2,1,5,3,1,2,3,1
SF,IH2003,2020-01-07 09:34:49.000,3082.8000,22466,-3,512137800.000,3,0,3,双平,S,3082.8000,3082.6000,3082.4000,3082.0000,3081.6000,3084.2000,3084.4000,3085.0000,3085.2000,3085.4000,6,1,4,1,2,1,2,3,1,1
SF,IH2003,2020-01-07 09:34:49.500,3084.0000,22465,-1,513063000.000,1,0,1,双平,S,3082.8000,3082.6000,3082.4000,3082.0000,3081.6000,3084.2000,3084.4000,3085.0000,3085.2000,3085.4000,3,1,4,1,2,1,2,3,1,1
SF,IH2003,2020-01-07 09:34:50.000,3082.8000,22465,0,513987840.000,1,0,1,多换,S,3082.8000,3082.6000,3082.4000,3082.0000,3081.6000,3084.0000,3084.2000,3084.4000,3085.0000,3085.2000,3,1,4,1,2,3,1,2,2,1
SF,IH2003,2020-01-07 09:34:50.500,3082.8000,22465,0,513987840.000,0,-,-,-,-,3082.8000,3082.6000,3082.4000,3082.0000,3081.6000,3083.8000,3084.2000,3084.4000,3085.0000,3085.2000,3,1,4,1,2,4,1,2,2,1
SF,IH2003,2020-01-07 09:34:51.000,3082.8000,22465,0,513987840.000,0,-,-,-,-,3082.8000,3082.6000,3082.4000,3082.0000,3081.6000,3083.2000,3083.6000,3083.8000,3084.2000,3084.4000,1,1,4,1,2,1,3,1,1,2
SF,IH2003,2020-01-07 09:34:51.500,3082.8000,22465,0,513987840.000,0,-,-,-,-,3082.8000,3082.6000,3082.4000,3082.0000,3081.6000,3083.2000,3083.6000,3084.2000,3084.4000,3085.0000,1,1,4,1,2,1,3,1,2,2
SF,IH2003,2020-01-07 09:34:52.000,3082.8000,22464,-1,515837640.000,2,0,2,多平,S,3082.6000,3082.4000,3082.0000,3081.6000,3081.0000,3083.6000,3084.2000,3084.4000,3085.0000,3085.2000,1,4,1,2,1,3,1,2,2,1
SF,IH2003,2020-01-07 09:34:52.500,3082.8000,22464,0,515837640.000,0,-,-,-,-,3082.8000,3082.6000,3082.4000,3082.0000,3081.6000,3083.4000,3083.6000,3084.2000,3084.4000,3085.0000,1,1,4,1,2,2,1,1,2,2
SF,IH2003,2020-01-07 09:34:53.500,3082.8000,22463,-1,516762480.000,1,0,1,双平,S,3082.6000,3082.4000,3082.0000,3081.6000,3081.0000,3083.0000,3083.4000,3083.6000,3084.2000,3084.4000,1,4,1,2,1,1,2,1,1,2
SF,IH2003,2020-01-07 09:34:54.000,3083.0000,22462,-1,517687380.000,1,0,1,双平,S,3082.6000,3082.4000,3082.0000,3081.6000,3081.0000,3083.4000,3083.6000,3084.2000,3084.4000,3085.0000,1,4,1,2,1,2,1,1,2,2
SF,IH2003,2020-01-07 09:34:55.000,3083.4000,22461,-1,518612400.000,1,0,1,双平,S,3082.6000,3082.4000,3082.0000,3081.6000,3081.0000,3083.6000,3084.2000,3084.4000,3085.0000,3085.2000,1,4,1,2,1,1,1,2,2,1
SF,IH2003,2020-01-07 09:34:55.500,3083.4000,22461,0,518612400.000,0,-,-,-,-,3083.8000,3083.6000,3082.8000,3082.6000,3082.4000,3084.4000,3085.0000,3085.2000,3085.4000,3085.8000,1,2,5,1,4,2,2,1,1,5
SF,IH2003,2020-01-07 09:34:56.000,3084.2000,22458,-3,521388060.000,3,0,3,双平,S,3083.6000,3082.8000,3082.6000,3082.4000,3082.0000,3084.4000,3085.0000,3085.2000,3085.4000,3085.8000,1,5,1,4,1,2,2,1,1,5
