市场代码,合约代码,时间,最新,持仓,增仓,成交额,成交量,开仓,平仓,成交类型,方向,买一价,买二价,买三价,买四价,买五价,卖一价,卖二价,卖三价,卖四价,卖五价,买一量,买二量,买三量,买四量,买五量,卖一量,卖二量,卖三量,卖四量,卖五量
SF,IH2002,2020-01-09 09:29:00.400,3069.0000,2412,0,920700.000,1.000,-,-,-,-,3068.8000,3066.8000,3066.0000,3063.8000,3061.6000,3070.2000,3075.0000,3078.4000,3078.6000,3081.0000,1,1,1,1,1,1,3,1,1,1
SF,IH2002,2020-01-09 09:30:00.400,3066.8000,2412,0,2761380.000,2,1,1,多换,S,3066.0000,3063.8000,3061.6000,3060.4000,3060.2000,3067.2000,3069.8000,3070.2000,3075.0000,3078.4000,1,1,1,2,1,1,8,1,3,1
SF,IH2002,2020-01-09 09:30:00.900,3066.8000,2412,0,2761380.000,0,-,-,-,-,3066.8000,3063.8000,3062.6000,3061.6000,3060.4000,3069.8000,3070.2000,3075.0000,3078.4000,3078.6000,1,1,1,1,2,8,1,3,1,1
SF,IH2002,2020-01-09 09:30:01.400,3066.8000,2411,-1,3681420.000,1,0,1,双平,S,3068.0000,3067.2000,3067.0000,3066.8000,3063.8000,3070.2000,3075.0000,3078.4000,3078.6000,3080.0000,1,10,2,1,1,1,3,1,1,2
SF,IH2002,2020-01-09 09:30:01.900,3070.2000,2410,-1,4602480.000,1,0,1,双平,S,3068.4000,3068.2000,3068.0000,3067.2000,3066.8000,3075.0000,3078.0000,3078.4000,3078.6000,3080.0000,9,2,1,1,1,3,5,1,1,2
SF,IH2002,2020-01-09 09:30:02.400,3070.2000,2410,0,4602480.000,0,-,-,-,-,3070.2000,3068.4000,3068.2000,3068.0000,3067.2000,3071.8000,3074.4000,3074.6000,3074.8000,3075.0000,1,9,1,1,1,1,1,8,4,3
SF,IH2002,2020-01-09 09:30:02.900,3070.2000,2409,-1,5523540.000,1,0,1,双平,S,3070.6000,3068.4000,3068.2000,3067.2000,3063.8000,3071.6000,3074.4000,3074.6000,3074.8000,3075.0000,1,1,1,1,1,1,1,11,2,3
SF,IH2002,2020-01-09 09:30:03.400,3070.2000,2408,-1,7365660.000,2,0,2,多平,S,3068.2000,3067.2000,3063.8000,3062.8000,3062.6000,3071.4000,3074.4000,3074.6000,3074.8000,3075.0000,1,1,1,5,1,1,1,8,2,3
SF,IH2002,2020-01-09 09:30:03.900,3070.2000,2408,0,7365660.000,0,-,-,-,-,3069.6000,3068.6000,3068.4000,3068.2000,3068.0000,3074.4000,3074.6000,3074.8000,3075.0000,3076.6000,1,8,1,1,1,1,8,2,3,1
SF,IH2002,2020-01-09 09:30:04.400,3070.2000,2408,0,7365660.000,0,-,-,-,-,3069.6000,3068.6000,3068.2000,3068.0000,3063.8000,3073.6000,3074.0000,3074.2000,3074.4000,3074.8000,1,8,1,1,1,1,9,2,1,2
SF,IH2002,2020-01-09 09:30:04.900,3070.2000,2408,0,7365660.000,0,-,-,-,-,3068.6000,3068.2000,3068.0000,3064.6000,3063.8000,3073.2000,3073.4000,3073.6000,3074.2000,3074.4000,8,1,1,1,1,9,4,1,1,1
SF,IH2002,2020-01-09 09:30:05.400,3070.2000,2408,0,7365660.000,0,-,-,-,-,3068.8000,3068.6000,3068.0000,3064.6000,3063.8000,3073.0000,3073.2000,3073.4000,3073.6000,3074.2000,2,8,1,1,1,2,9,1,1,1
SF,IH2002,2020-01-09 09:30:06.400,3070.2000,2408,0,7365660.000,0,-,-,-,-,3070.2000,3069.6000,3069.2000,3068.8000,3068.0000,3073.0000,3073.4000,3073.6000,3074.2000,3074.4000,1,1,8,2,1,2,1,1,1,1
SF,IH2002,2020-01-09 09:30:06.900,3070.2000,2408,0,7365660.000,0,-,-,-,-,3070.2000,3069.6000,3069.2000,3068.8000,3068.0000,3073.0000,3073.4000,3074.2000,3074.4000,3074.8000,1,1,8,2,1,1,1,1,1,2
SF,IH2002,2020-01-09 09:30:07.400,3073.0000,2408,0,8287560.000,1,0,1,多换,S,3070.2000,3069.6000,3069.2000,3068.8000,3068.0000,3073.4000,3074.2000,3074.4000,3074.8000,3075.0000,2,1,8,2,1,1,1,1,2,3
SF,IH2002,2020-01-09 09:30:07.900,3073.0000,2408,0,8287560.000,0,-,-,-,-,3070.6000,3070.4000,3070.2000,3069.6000,3069.2000,3073.4000,3074.2000,3074.8000,3075.0000,3076.6000,1,1,2,1,8,1,1,1,3,1
SF,IH2002,2020-01-09 09:30:08.400,3073.0000,2408,0,8287560.000,0,-,-,-,-,3073.2000,3070.8000,3070.2000,3069.6000,3069.2000,3073.4000,3074.2000,3074.8000,3075.0000,3076.6000,1,1,2,1,8,1,1,1,3,1
SF,IH2002,2020-01-09 09:30:08.900,3073.2000,2408,0,9209520.000,1,0,1,多换,S,3070.2000,3069.6000,3069.2000,3068.8000,3065.6000,3073.0000,3073.2000,3073.4000,3074.2000,3074.8000,2,1,8,1,1,1,1,1,1,1
SF,IH2002,2020-01-09 09:30:09.400,3070.4000,2407,-1,10130640.000,1,0,1,双平,S,3070.2000,3069.6000,3069.2000,3068.8000,3065.6000,3072.8000,3073.2000,3073.4000,3074.2000,3074.8000,1,1,8,1,1,1,2,1,1,1
SF,IH2002,2020-01-09 09:30:09.900,3072.6000,2406,-1,11052420.000,1,0,1,双平,S,3070.4000,3070.2000,3069.6000,3069.2000,3068.8000,3072.8000,3073.2000,3073.4000,3074.2000,3074.8000,1,1,1,8,1,1,1,1,1,1
SF,IH2002,2020-01-09 09:30:10.400,3072.6000,2406,0,11052420.000,0,-,-,-,-,3070.4000,3070.2000,3069.6000,3069.2000,3068.8000,3073.2000,3073.4000,3074.2000,3074.8000,3075.0000,1,2,1,8,1,1,1,1,1,3
SF,IH2002,2020-01-09 09:30:10.900,3072.6000,2406,0,11052420.000,0,-,-,-,-,3073.0000,3070.6000,3070.4000,3070.2000,3069.6000,3073.4000,3074.2000,3074.8000,3075.0000,3076.6000,1,1,1,2,1,1,1,1,3,1
SF,IH2002,2020-01-09 09:30:11.400,3073.4000,2406,0,12896340.000,2,1,1,多换,S,3070.6000,3070.2000,3069.6000,3069.2000,3068.8000,3073.0000,3074.2000,3074.8000,3075.0000,3076.6000,1,2,1,8,1,1,1,1,3,1
SF,IH2002,2020-01-09 09:30:11.900,3073.4000,2406,0,12896340.000,0,-,-,-,-,3070.8000,3070.2000,3069.6000,3069.2000,3068.8000,3073.0000,3073.2000,3074.2000,3074.8000,3075.0000,1,1,1,8,1,1,1,1,1,3
SF,IH2002,2020-01-09 09:30:12.400,3073.4000,2406,0,12896340.000,0,-,-,-,-,3070.8000,3070.2000,3069.6000,3069.2000,3068.8000,3073.0000,3074.2000,3074.8000,3075.0000,3076.6000,2,1,1,8,1,1,1,1,3,1
SF,IH2002,2020-01-09 09:30:12.900,3073.4000,2406,0,12896340.000,0,-,-,-,-,3070.8000,3070.2000,3069.6000,3068.8000,3065.6000,3074.2000,3074.8000,3075.0000,3076.6000,3078.0000,2,1,1,1,1,1,1,3,1,5
SF,IH2002,2020-01-09 09:30:13.400,3073.4000,2406,0,12896340.000,0,-,-,-,-,3070.8000,3070.2000,3069.6000,3065.6000,3064.6000,3072.6000,3072.8000,3073.6000,3074.0000,3074.2000,1,1,1,1,1,1,9,1,4,1
SF,IH2002,2020-01-09 09:30:13.900,3073.4000,2406,0,12896340.000,0,-,-,-,-,3070.2000,3069.6000,3065.6000,3064.6000,3063.8000,3073.6000,3074.0000,3074.2000,3074.4000,3074.8000,1,1,1,1,1,1,3,1,1,1
SF,IH2002,2020-01-09 09:30:14.400,3073.4000,2406,0,12896340.000,0,-,-,-,-,3070.4000,3070.2000,3069.6000,3065.6000,3064.6000,3073.2000,3073.6000,3074.0000,3074.2000,3074.4000,1,1,1,1,1,9,1,3,1,1
SF,IH2002,2020-01-09 09:30:14.900,3073.4000,2406,0,12896340.000,0,-,-,-,-,3070.6000,3070.4000,3070.2000,3069.6000,3065.6000,3073.2000,3073.6000,3074.0000,3074.2000,3074.4000,1,1,1,1,1,9,1,3,1,1
SF,IH2002,2020-01-09 09:30:15.400,3073.4000,2406,0,12896340.000,0,-,-,-,-,3070.6000,3070.4000,3070.2000,3069.6000,3065.6000,3073.2000,3073.6000,3074.0000,3074.2000,3074.4000,1,1,1,1,1,9,1,3,1,1
SF,IH2002,2020-01-09 09:30:15.900,3073.4000,2406,0,12896340.000,0,-,-,-,-,3070.8000,3070.2000,3069.6000,3065.6000,3064.6000,3073.2000,3073.6000,3074.0000,3074.2000,3074.4000,1,1,1,1,1,9,1,3,1,1
SF,IH2002,2020-01-09 09:30:16.400,3073.4000,2406,0,12896340.000,0,-,-,-,-,3070.2000,3065.6000,3064.6000,3063.8000,3062.8000,3071.6000,3073.0000,3073.2000,3073.6000,3074.0000,1,1,1,1,5,1,5,10,1,3
SF,IH2002,2020-01-09 09:30:16.900,3073.6000,2406,0,13818420.000,1,0,1,多换,S,3070.2000,3065.6000,3064.6000,3063.8000,3062.8000,3070.6000,3074.0000,3074.2000,3074.4000,3074.8000,2,1,1,1,5,1,3,1,1,1
SF,IH2002,2020-01-09 09:30:17.400,3071.8000,2405,-1,14739960.000,1,0,1,双平,S,3070.6000,3070.2000,3065.6000,3064.6000,3063.8000,3074.0000,3074.2000,3074.4000,3074.8000,3075.0000,1,2,1,1,1,3,1,1,1,3
SF,IH2002,2020-01-09 09:30:17.900,3071.8000,2405,0,14739960.000,0,-,-,-,-,3070.2000,3065.6000,3064.6000,3063.8000,3062.8000,3073.6000,3073.8000,3074.0000,3074.2000,3074.4000,2,1,1,1,5,9,4,3,1,1
SF,IH2002,2020-01-09 09:30:18.400,3071.8000,2405,0,14739960.000,0,-,-,-,-,3070.2000,3065.6000,3064.6000,3063.8000,3062.8000,3073.4000,3073.6000,3073.8000,3074.0000,3074.2000,2,1,1,1,5,2,9,3,3,1
SF,IH2002,2020-01-09 09:30:18.900,3071.8000,2405,0,14739960.000,0,-,-,-,-,3070.2000,3065.6000,3064.6000,3063.8000,3062.8000,3073.4000,3073.6000,3073.8000,3074.0000,3074.2000,2,1,1,1,5,1,9,3,3,1
SF,IH2002,2020-01-09 09:30:19.400,3071.8000,2405,0,14739960.000,0,-,-,-,-,3070.6000,3070.2000,3065.6000,3064.6000,3063.8000,3073.4000,3073.6000,3073.8000,3074.0000,3074.2000,1,2,1,1,1,2,9,3,3,1
SF,IH2002,2020-01-09 09:30:19.900,3071.8000,2405,0,14739960.000,0,-,-,-,-,3070.8000,3070.6000,3070.2000,3065.6000,3064.6000,3073.4000,3073.6000,3073.8000,3074.0000,3074.2000,1,1,2,1,1,2,9,3,3,1
SF,IH2002,2020-01-09 09:30:20.400,3071.8000,2405,0,14739960.000,0,-,-,-,-,3070.8000,3070.6000,3070.2000,3065.6000,3064.6000,3073.4000,3073.6000,3073.8000,3074.0000,3074.2000,1,1,2,1,1,2,9,3,3,1
SF,IH2002,2020-01-09 09:30:20.900,3071.8000,2405,0,14739960.000,0,-,-,-,-,3070.6000,3070.2000,3065.6000,3064.6000,3063.8000,3073.4000,3073.6000,3073.8000,3074.0000,3074.2000,1,2,1,1,1,2,9,3,3,1
SF,IH2002,2020-01-09 09:30:21.400,3071.8000,2405,0,14739960.000,0,-,-,-,-,3070.2000,3065.6000,3064.6000,3063.8000,3062.8000,3073.0000,3073.2000,3073.4000,3073.8000,3074.0000,2,1,1,1,5,9,1,2,3,3
SF,IH2002,2020-01-09 09:30:21.900,3071.8000,2405,0,14739960.000,0,-,-,-,-,3070.2000,3065.6000,3064.6000,3063.8000,3062.8000,3073.0000,3073.2000,3073.4000,3073.8000,3074.0000,2,1,1,1,5,9,2,2,3,3
SF,IH2002,2020-01-09 09:30:22.400,3073.0000,2406,1,15661860.000,1,1,0,双开,S,3070.6000,3070.4000,3070.2000,3065.6000,3064.6000,3073.0000,3073.4000,3073.8000,3074.0000,3074.2000,2,1,2,1,1,8,1,1,3,1
SF,IH2002,2020-01-09 09:30:22.900,3073.0000,2406,0,15661860.000,0,-,-,-,-,3070.2000,3065.6000,3064.6000,3063.8000,3062.8000,3071.2000,3072.8000,3073.0000,3073.2000,3073.4000,2,1,1,1,5,1,4,8,1,1
SF,IH2002,2020-01-09 09:30:23.400,3073.0000,2406,0,16583760.000,1,0,1,多换,S,3070.4000,3070.2000,3065.6000,3064.6000,3063.8000,3072.8000,3073.0000,3073.2000,3073.4000,3073.8000,1,2,1,1,1,3,8,1,1,1
SF,IH2002,2020-01-09 09:30:23.900,3073.0000,2406,0,16583760.000,0,-,-,-,-,3070.4000,3070.2000,3065.6000,3064.6000,3063.8000,3073.4000,3073.8000,3074.0000,3074.2000,3074.4000,1,2,1,1,1,1,1,3,1,1
SF,IH2002,2020-01-09 09:30:24.400,3073.0000,2406,0,16583760.000,0,-,-,-,-,3070.6000,3070.4000,3070.2000,3065.6000,3064.6000,3073.2000,3073.4000,3073.8000,3074.0000,3074.2000,1,1,2,1,1,8,1,1,3,1
SF,IH2002,2020-01-09 09:30:25.400,3073.0000,2406,0,16583760.000,0,-,-,-,-,3070.8000,3070.6000,3070.2000,3065.6000,3064.6000,3073.4000,3073.8000,3074.0000,3074.2000,3074.4000,1,1,2,1,1,1,1,3,1,1
SF,IH2002,2020-01-09 09:30:25.900,3071.0000,2406,0,17505060.000,1,0,1,多换,S,3070.8000,3070.6000,3070.2000,3065.6000,3064.6000,3073.2000,3073.4000,3073.8000,3074.0000,3074.2000,1,1,2,1,1,2,1,1,3,1
SF,IH2002,2020-01-09 09:30:26.400,3071.0000,2406,0,17505060.000,0,-,-,-,-,3071.0000,3070.8000,3070.2000,3065.6000,3064.6000,3073.4000,3073.8000,3074.0000,3074.2000,3074.4000,1,1,2,1,1,1,1,3,1,1
SF,IH2002,2020-01-09 09:30:26.900,3071.0000,2406,0,17505060.000,0,-,-,-,-,3071.2000,3071.0000,3070.2000,3065.6000,3064.6000,3073.2000,3073.4000,3073.8000,3074.0000,3074.2000,1,1,2,1,1,1,1,2,3,1
SF,IH2002,2020-01-09 09:30:27.400,3071.0000,2406,0,17505060.000,0,-,-,-,-,3071.0000,3070.2000,3065.6000,3064.6000,3063.8000,3073.2000,3073.4000,3073.8000,3074.0000,3074.2000,1,2,1,1,1,1,1,2,3,1
SF,IH2002,2020-01-09 09:30:27.900,3071.0000,2406,0,17505060.000,0,-,-,-,-,3071.2000,3070.2000,3065.6000,3064.6000,3063.8000,3073.0000,3073.4000,3073.8000,3074.0000,3074.2000,1,2,1,1,1,1,1,2,3,1
SF,IH2002,2020-01-09 09:30:28.400,3071.0000,2406,0,17505060.000,0,-,-,-,-,3071.2000,3070.2000,3065.6000,3064.6000,3063.8000,3073.4000,3073.8000,3074.0000,3074.2000,3074.4000,1,2,1,1,1,1,2,3,1,1
SF,IH2002,2020-01-09 09:30:28.900,3071.0000,2406,0,17505060.000,0,-,-,-,-,3071.4000,3071.2000,3070.2000,3065.6000,3064.6000,3073.4000,3073.8000,3074.0000,3074.2000,3074.4000,1,1,2,1,1,1,2,3,1,1
SF,IH2002,2020-01-09 09:30:29.400,3071.0000,2406,0,17505060.000,0,-,-,-,-,3071.6000,3071.4000,3070.2000,3065.6000,3064.6000,3073.2000,3073.8000,3074.2000,3074.8000,3075.0000,1,1,2,1,1,2,1,1,1,7
SF,IH2002,2020-01-09 09:30:29.900,3073.2000,2405,-1,18427020.000,1,0,1,双平,S,3071.8000,3071.6000,3070.2000,3065.6000,3064.6000,3073.2000,3073.8000,3074.8000,3075.0000,3076.6000,2,1,2,1,1,1,1,1,7,1
SF,IH2002,2020-01-09 09:30:30.400,3073.2000,2405,0,18427020.000,0,-,-,-,-,3071.8000,3071.6000,3070.2000,3065.6000,3064.6000,3073.2000,3073.8000,3074.8000,3075.0000,3076.6000,2,1,2,1,1,1,1,1,7,1
SF,IH2002,2020-01-09 09:30:30.900,3073.2000,2405,0,18427020.000,0,-,-,-,-,3071.8000,3071.6000,3070.2000,3065.6000,3064.6000,3073.2000,3073.8000,3074.8000,3075.0000,3076.6000,2,1,2,1,1,1,1,1,7,1
SF,IH2002,2020-01-09 09:30:31.400,3073.2000,2405,0,18427020.000,0,-,-,-,-,3071.8000,3071.6000,3070.2000,3065.6000,3064.6000,3073.2000,3073.8000,3074.8000,3075.0000,3076.6000,2,1,2,1,1,1,1,1,7,1
SF,IH2002,2020-01-09 09:30:31.900,3073.2000,2404,-1,19348980.000,1,0,1,双平,S,3073.2000,3071.8000,3071.6000,3070.2000,3065.6000,3073.8000,3074.8000,3075.0000,3076.6000,3078.4000,1,1,1,2,1,1,1,7,1,1
SF,IH2002,2020-01-09 09:30:32.400,3073.2000,2403,-1,20270940.000,1,0,1,双平,S,3072.2000,3071.8000,3070.2000,3065.6000,3064.6000,3073.8000,3075.0000,3076.6000,3078.4000,3081.8000,1,1,2,1,1,1,7,1,1,5
SF,IH2002,2020-01-09 09:30:32.900,3073.2000,2403,0,20270940.000,0,-,-,-,-,3072.4000,3070.2000,3065.6000,3064.6000,3063.8000,3073.8000,3075.0000,3076.6000,3078.4000,3081.8000,2,2,1,1,1,1,7,1,1,5
SF,IH2002,2020-01-09 09:30:33.400,3073.2000,2403,0,20270940.000,0,-,-,-,-,3073.6000,3072.6000,3072.4000,3072.0000,3070.2000,3073.8000,3075.0000,3076.6000,3078.4000,3081.8000,1,1,2,1,1,1,7,1,1,5
SF,IH2002,2020-01-09 09:30:33.900,3073.8000,2402,-1,22115160.000,2,0,2,多平,S,3072.6000,3072.0000,3070.2000,3065.6000,3064.6000,3075.0000,3076.6000,3078.4000,3081.8000,3083.2000,1,1,1,1,1,7,1,1,5,1
SF,IH2002,2020-01-09 09:30:34.400,3073.8000,2402,0,22115160.000,0,-,-,-,-,3072.0000,3070.2000,3065.6000,3064.6000,3063.8000,3074.8000,3075.0000,3076.6000,3078.4000,3081.8000,1,1,1,1,1,8,7,1,1,5
SF,IH2002,2020-01-09 09:30:34.900,3073.8000,2402,0,22115160.000,0,-,-,-,-,3072.8000,3072.2000,3070.2000,3065.6000,3064.6000,3074.8000,3075.0000,3076.6000,3078.4000,3081.8000,1,1,1,1,1,8,7,1,1,5
SF,IH2002,2020-01-09 09:30:35.400,3073.8000,2402,0,22115160.000,0,-,-,-,-,3073.0000,3072.8000,3072.2000,3072.0000,3070.2000,3075.0000,3076.6000,3078.4000,3081.8000,3083.2000,1,1,1,1,1,7,1,1,5,1
SF,IH2002,2020-01-09 09:30:35.900,3073.8000,2402,0,22115160.000,0,-,-,-,-,3073.0000,3072.2000,3072.0000,3070.2000,3065.6000,3075.0000,3076.6000,3078.4000,3081.8000,3083.2000,1,1,1,1,1,7,1,1,5,1
SF,IH2002,2020-01-09 09:30:36.400,3073.8000,2402,0,22115160.000,0,-,-,-,-,3073.2000,3073.0000,3072.2000,3072.0000,3070.2000,3075.0000,3076.6000,3078.4000,3081.8000,3083.2000,1,1,1,1,1,7,1,1,5,1
SF,IH2002,2020-01-09 09:30:36.900,3073.8000,2402,0,22115160.000,0,-,-,-,-,3073.2000,3072.2000,3070.2000,3065.6000,3064.6000,3075.0000,3076.6000,3078.4000,3081.8000,3083.2000,1,1,1,1,1,7,1,1,5,1
SF,IH2002,2020-01-09 09:30:37.400,3073.8000,2402,0,22115160.000,0,-,-,-,-,3072.2000,3070.2000,3065.6000,3064.6000,3063.8000,3075.0000,3076.6000,3078.4000,3081.8000,3083.2000,1,1,1,1,1,7,1,1,5,1
SF,IH2002,2020-01-09 09:30:38.400,3073.8000,2402,0,22115160.000,0,-,-,-,-,3072.2000,3070.2000,3065.6000,3064.6000,3063.8000,3075.0000,3076.6000,3078.4000,3081.8000,3083.2000,1,1,1,1,1,7,1,1,5,1
SF,IH2002,2020-01-09 09:30:38.900,3073.8000,2402,0,22115160.000,0,-,-,-,-,3072.4000,3072.2000,3072.0000,3070.2000,3065.6000,3075.0000,3076.6000,3078.4000,3081.8000,3083.2000,1,1,1,1,1,7,1,1,5,1
SF,IH2002,2020-01-09 09:30:39.400,3073.8000,2402,0,22115160.000,0,-,-,-,-,3072.8000,3072.6000,3072.4000,3072.0000,3070.2000,3075.0000,3076.6000,3078.4000,3081.8000,3083.2000,1,1,1,1,1,7,1,1,5,1
SF,IH2002,2020-01-09 09:30:39.900,3073.8000,2402,0,22115160.000,0,-,-,-,-,3073.0000,3072.8000,3072.6000,3072.0000,3070.2000,3075.0000,3076.6000,3078.4000,3081.8000,3083.2000,1,1,1,1,1,7,1,1,5,1
SF,IH2002,2020-01-09 09:30:40.400,3073.8000,2402,0,22115160.000,0,-,-,-,-,3073.0000,3072.8000,3072.0000,3070.2000,3065.6000,3075.0000,3076.6000,3078.4000,3081.8000,3083.2000,1,1,1,1,1,7,1,1,5,1
SF,IH2002,2020-01-09 09:30:40.900,3073.8000,2402,0,22115160.000,0,-,-,-,-,3073.4000,3073.0000,3072.0000,3070.2000,3065.6000,3075.0000,3076.6000,3078.4000,3081.8000,3083.2000,1,1,1,1,1,7,1,1,5,1
SF,IH2002,2020-01-09 09:30:41.400,3073.4000,2403,1,23037180.000,1,1,0,双开,S,3073.0000,3072.0000,3065.6000,3064.6000,3063.8000,3075.0000,3076.6000,3078.4000,3081.8000,3083.2000,1,1,1,1,1,7,1,1,5,1
SF,IH2002,2020-01-09 09:30:41.900,3073.4000,2403,0,23037180.000,0,-,-,-,-,3073.8000,3072.0000,3065.6000,3064.6000,3063.8000,3075.0000,3076.6000,3078.4000,3081.8000,3083.2000,1,1,1,1,1,7,1,1,5,1
SF,IH2002,2020-01-09 09:30:42.400,3073.6000,2404,1,23959260.000,1,1,0,双开,S,3072.0000,3065.6000,3064.6000,3063.8000,3062.8000,3075.0000,3076.6000,3078.4000,3081.8000,3083.2000,1,1,1,1,5,7,1,1,5,1
SF,IH2002,2020-01-09 09:30:42.900,3073.6000,2404,0,23959260.000,0,-,-,-,-,3072.2000,3072.0000,3065.6000,3064.6000,3063.8000,3075.0000,3076.6000,3078.4000,3081.8000,3083.2000,1,1,1,1,1,7,1,1,5,1
SF,IH2002,2020-01-09 09:30:43.400,3073.6000,2404,0,23959260.000,0,-,-,-,-,3072.0000,3065.6000,3064.6000,3063.8000,3062.8000,3075.0000,3076.6000,3078.4000,3081.8000,3083.2000,1,1,1,1,5,7,1,1,5,1
SF,IH2002,2020-01-09 09:30:43.900,3073.6000,2404,0,23959260.000,0,-,-,-,-,3072.0000,3065.6000,3064.6000,3063.8000,3062.8000,3073.8000,3075.0000,3076.6000,3078.4000,3081.8000,1,1,1,1,5,1,7,1,1,5
SF,IH2002,2020-01-09 09:30:44.900,3073.8000,2404,0,24881400.000,1,0,1,多换,S,3073.8000,3072.0000,3065.6000,3064.6000,3063.8000,3075.0000,3076.6000,3078.4000,3081.8000,3083.2000,20,1,1,1,1,7,1,1,5,1
SF,IH2002,2020-01-09 09:30:45.400,3073.8000,2404,0,26725680.000,2,1,1,多换,S,3073.8000,3072.0000,3065.6000,3064.6000,3063.8000,3075.0000,3076.6000,3078.4000,3081.8000,3083.2000,17,1,1,1,1,7,1,1,5,1
SF,IH2002,2020-01-09 09:30:46.400,3073.8000,2404,0,26725680.000,0,-,-,-,-,3073.8000,3072.0000,3065.6000,3064.6000,3063.8000,3075.0000,3076.6000,3078.4000,3081.8000,3083.2000,8,1,1,1,1,7,1,1,5,1
SF,IH2002,2020-01-09 09:30:46.900,3073.8000,2404,0,26725680.000,0,-,-,-,-,3072.0000,3065.6000,3064.6000,3063.8000,3062.8000,3075.0000,3076.6000,3078.4000,3081.8000,3083.2000,1,1,1,1,5,7,1,1,5,1
SF,IH2002,2020-01-09 09:30:47.400,3073.8000,2404,0,26725680.000,0,-,-,-,-,3072.2000,3072.0000,3065.6000,3064.6000,3063.8000,3075.0000,3076.6000,3078.4000,3081.8000,3083.2000,1,1,1,1,1,7,1,1,5,1
SF,IH2002,2020-01-09 09:30:47.900,3073.8000,2404,0,26725680.000,0,-,-,-,-,3072.4000,3072.2000,3072.0000,3070.4000,3065.6000,3075.0000,3076.6000,3078.4000,3081.8000,3083.2000,1,1,1,5,1,7,1,1,5,1
SF,IH2002,2020-01-09 09:30:48.400,3073.8000,2404,0,26725680.000,0,-,-,-,-,3072.4000,3072.2000,3072.0000,3070.4000,3065.6000,3073.6000,3075.0000,3076.6000,3078.4000,3081.8000,1,1,1,5,1,1,7,1,1,5
SF,IH2002,2020-01-09 09:30:48.900,3073.8000,2404,0,26725680.000,0,-,-,-,-,3072.4000,3072.2000,3072.0000,3070.4000,3065.6000,3073.6000,3075.0000,3076.6000,3078.4000,3081.8000,1,1,1,5,1,1,7,1,1,5
SF,IH2002,2020-01-09 09:30:49.400,3073.6000,2404,0,27647760.000,1,0,1,多换,S,3073.6000,3072.6000,3072.0000,3070.4000,3065.6000,3075.0000,3076.6000,3078.4000,3081.8000,3083.2000,1,1,1,5,1,7,1,1,5,1
SF,IH2002,2020-01-09 09:30:49.900,3073.6000,2404,0,27647760.000,0,-,-,-,-,3073.6000,3072.0000,3066.6000,3065.6000,3064.6000,3074.8000,3075.0000,3076.6000,3078.4000,3081.8000,1,1,5,1,1,1,7,1,1,5
SF,IH2002,2020-01-09 09:30:50.400,3073.6000,2403,-1,28569840.000,1,0,1,双平,S,3072.0000,3066.6000,3065.6000,3064.6000,3063.8000,3074.8000,3075.0000,3076.6000,3078.4000,3081.8000,1,5,1,1,1,1,7,1,1,5
SF,IH2002,2020-01-09 09:30:50.900,3073.6000,2403,0,28569840.000,0,-,-,-,-,3072.0000,3066.6000,3065.6000,3064.6000,3063.8000,3074.8000,3075.0000,3076.6000,3078.4000,3081.8000,1,5,1,1,1,1,7,1,1,5
SF,IH2002,2020-01-09 09:30:51.400,3073.6000,2403,0,28569840.000,0,-,-,-,-,3066.6000,3065.6000,3064.6000,3063.8000,3060.2000,3074.4000,3074.8000,3075.0000,3076.6000,3078.4000,5,1,1,1,1,9,1,7,1,1
SF,IH2002,2020-01-09 09:30:51.900,3073.6000,2403,0,28569840.000,0,-,-,-,-,3072.2000,3071.2000,3070.6000,3070.2000,3069.6000,3074.4000,3075.0000,3076.6000,3078.4000,3081.8000,1,1,1,1,1,9,7,1,1,5
SF,IH2002,2020-01-09 09:30:52.400,3073.6000,2403,0,28569840.000,0,-,-,-,-,3072.2000,3070.6000,3070.2000,3069.6000,3067.0000,3074.2000,3074.4000,3075.0000,3076.6000,3078.4000,1,1,1,1,9,1,9,7,1,1
SF,IH2002,2020-01-09 09:30:52.900,3073.6000,2403,0,28569840.000,0,-,-,-,-,3072.2000,3070.6000,3070.2000,3069.6000,3067.0000,3074.2000,3074.4000,3075.0000,3076.6000,3078.4000,1,1,1,1,9,1,9,7,1,1
SF,IH2002,2020-01-09 09:30:53.400,3073.6000,2403,0,28569840.000,0,-,-,-,-,3070.6000,3070.2000,3069.6000,3067.0000,3066.8000,3074.2000,3074.4000,3075.0000,3076.6000,3078.4000,1,1,1,9,1,1,9,7,1,1
SF,IH2002,2020-01-09 09:30:53.900,3074.4000,2402,-1,31336800.000,3,1,2,多平,S,3071.0000,3070.8000,3070.6000,3070.2000,3069.6000,3074.4000,3075.0000,3076.6000,3078.4000,3081.8000,3,1,1,1,1,6,7,1,1,5
SF,IH2002,2020-01-09 09:30:54.400,3074.4000,2402,0,31336800.000,0,-,-,-,-,3071.0000,3070.8000,3070.6000,3070.2000,3069.6000,3074.0000,3075.0000,3076.6000,3078.4000,3081.8000,3,2,1,1,1,6,7,1,1,5
SF,IH2002,2020-01-09 09:30:54.900,3074.4000,2402,0,31336800.000,0,-,-,-,-,3071.4000,3071.2000,3071.0000,3070.8000,3070.6000,3074.0000,3075.0000,3076.6000,3078.4000,3081.8000,1,1,3,1,1,6,7,1,1,5
SF,IH2002,2020-01-09 09:30:55.400,3074.4000,2402,0,31336800.000,0,-,-,-,-,3071.8000,3071.4000,3071.2000,3070.8000,3070.6000,3075.0000,3076.6000,3078.4000,3081.8000,3083.2000,3,1,1,1,1,7,1,1,5,1
SF,IH2002,2020-01-09 09:30:55.900,3074.4000,2402,0,31336800.000,0,-,-,-,-,3071.6000,3071.4000,3070.6000,3070.2000,3069.6000,3073.4000,3074.6000,3074.8000,3075.0000,3076.6000,1,1,1,1,1,1,6,2,7,1
SF,IH2002,2020-01-09 09:30:56.400,3074.4000,2402,0,31336800.000,0,-,-,-,-,3071.6000,3071.4000,3070.6000,3070.2000,3069.6000,3074.6000,3074.8000,3075.0000,3076.6000,3078.0000,1,1,1,1,1,6,2,7,1,1
SF,IH2002,2020-01-09 09:30:56.900,3074.4000,2402,0,31336800.000,0,-,-,-,-,3071.6000,3071.4000,3070.6000,3070.2000,3069.6000,3074.4000,3074.6000,3074.8000,3075.0000,3076.6000,1,1,1,1,1,3,6,1,7,1
SF,IH2002,2020-01-09 09:30:57.400,3074.4000,2402,0,31336800.000,0,-,-,-,-,3071.4000,3070.6000,3070.2000,3069.6000,3067.0000,3074.0000,3074.2000,3074.4000,3074.8000,3075.0000,1,1,1,1,6,6,1,3,1,7
SF,IH2002,2020-01-09 09:30:57.900,3074.4000,2402,0,31336800.000,0,-,-,-,-,3071.8000,3071.4000,3070.6000,3070.2000,3069.6000,3074.0000,3074.2000,3074.4000,3074.8000,3075.0000,1,1,1,1,1,6,1,3,1,7
SF,IH2002,2020-01-09 09:30:58.400,3074.4000,2402,0,31336800.000,0,-,-,-,-,3071.8000,3071.6000,3071.4000,3070.6000,3070.2000,3074.0000,3074.4000,3075.0000,3076.6000,3078.0000,1,3,1,1,1,6,1,7,1,1
SF,IH2002,2020-01-09 09:30:58.900,3074.4000,2402,0,31336800.000,0,-,-,-,-,3071.4000,3070.6000,3070.2000,3069.6000,3067.0000,3074.0000,3074.4000,3075.0000,3076.6000,3078.0000,1,1,1,1,6,6,1,7,1,1
SF,IH2002,2020-01-09 09:30:59.400,3074.4000,2402,0,31336800.000,0,-,-,-,-,3072.0000,3071.4000,3070.6000,3070.2000,3069.6000,3074.0000,3074.4000,3075.0000,3076.6000,3078.0000,1,1,1,1,1,6,1,7,1,1
SF,IH2002,2020-01-09 09:31:00.400,3074.4000,2402,0,31336800.000,0,-,-,-,-,3071.4000,3070.6000,3070.2000,3069.6000,3067.0000,3074.0000,3074.4000,3075.0000,3076.6000,3078.0000,1,1,1,1,6,6,1,7,1,1
SF,IH2002,2020-01-09 09:31:00.900,3074.4000,2402,0,31336800.000,0,-,-,-,-,3072.2000,3071.8000,3071.6000,3071.4000,3070.6000,3075.0000,3076.6000,3078.0000,3078.4000,3081.8000,1,3,1,1,1,7,1,1,1,5
SF,IH2002,2020-01-09 09:31:01.400,3074.4000,2402,0,31336800.000,0,-,-,-,-,3072.2000,3071.8000,3071.6000,3071.4000,3070.6000,3074.6000,3075.0000,3076.6000,3078.0000,3078.4000,1,3,1,1,1,7,7,1,1,1
SF,IH2002,2020-01-09 09:31:01.900,3074.4000,2402,0,31336800.000,0,-,-,-,-,3072.8000,3072.4000,3072.2000,3071.6000,3071.4000,3074.6000,3075.0000,3076.6000,3078.0000,3078.4000,1,3,1,1,1,1,7,1,1,1
SF,IH2002,2020-01-09 09:31:02.400,3074.4000,2402,0,31336800.000,0,-,-,-,-,3073.0000,3072.8000,3072.4000,3072.2000,3071.6000,3074.6000,3075.0000,3076.6000,3078.0000,3078.4000,1,1,3,1,1,1,7,1,1,1
SF,IH2002,2020-01-09 09:31:02.900,3074.4000,2402,0,31336800.000,0,-,-,-,-,3073.0000,3072.8000,3072.4000,3072.2000,3071.6000,3074.6000,3075.0000,3076.6000,3078.0000,3078.4000,1,1,3,1,1,1,7,1,1,1
SF,IH2002,2020-01-09 09:31:03.400,3074.4000,2402,0,31336800.000,0,-,-,-,-,3073.4000,3073.0000,3072.4000,3072.2000,3071.6000,3074.6000,3075.0000,3076.6000,3078.0000,3078.4000,1,1,3,1,1,1,7,1,1,1
SF,IH2002,2020-01-09 09:31:03.900,3074.6000,2401,-1,32259180.000,1,0,1,双平,S,3073.0000,3072.4000,3071.6000,3070.6000,3070.2000,3075.0000,3076.6000,3078.0000,3078.4000,3081.8000,1,3,1,1,1,7,1,1,1,5
SF,IH2002,2020-01-09 09:31:04.400,3074.6000,2401,0,32259180.000,0,-,-,-,-,3073.2000,3071.6000,3070.6000,3070.2000,3067.0000,3075.0000,3076.6000,3078.0000,3078.4000,3081.8000,3,1,1,1,6,7,1,1,1,5
SF,IH2002,2020-01-09 09:31:04.900,3074.6000,2401,0,32259180.000,0,-,-,-,-,3073.2000,3071.6000,3070.6000,3070.2000,3067.0000,3075.0000,3076.6000,3078.0000,3078.4000,3081.8000,4,1,1,1,6,7,1,1,1,5
SF,IH2002,2020-01-09 09:31:05.400,3074.6000,2401,0,32259180.000,0,-,-,-,-,3073.2000,3071.6000,3070.2000,3067.0000,3066.6000,3075.0000,3076.6000,3078.0000,3078.4000,3081.8000,5,1,1,6,5,7,1,1,1,5
SF,IH2002,2020-01-09 09:31:05.900,3074.6000,2401,0,32259180.000,0,-,-,-,-,3073.2000,3071.6000,3070.2000,3067.0000,3066.6000,3075.0000,3076.6000,3078.0000,3078.4000,3081.8000,3,1,1,6,5,7,1,1,1,5
SF,IH2002,2020-01-09 09:31:06.400,3074.6000,2401,0,32259180.000,0,-,-,-,-,3071.6000,3070.2000,3067.0000,3066.6000,3065.6000,3075.0000,3076.6000,3078.0000,3078.4000,3081.8000,1,1,6,5,1,7,1,1,1,5
SF,IH2002,2020-01-09 09:31:06.900,3074.6000,2401,0,32259180.000,0,-,-,-,-,3073.4000,3072.0000,3071.8000,3071.6000,3070.2000,3075.0000,3076.6000,3078.0000,3078.4000,3081.8000,4,1,6,1,1,7,1,1,1,5
SF,IH2002,2020-01-09 09:31:07.400,3074.6000,2401,0,32259180.000,0,-,-,-,-,3073.4000,3072.0000,3071.6000,3070.2000,3066.6000,3075.0000,3076.6000,3078.0000,3078.4000,3081.8000,1,1,1,1,5,7,1,1,1,5
SF,IH2002,2020-01-09 09:31:07.900,3074.6000,2401,0,32259180.000,0,-,-,-,-,3072.0000,3071.6000,3070.2000,3066.6000,3065.6000,3075.0000,3076.6000,3078.0000,3078.4000,3081.8000,1,1,1,5,1,7,1,1,1,5
SF,IH2002,2020-01-09 09:31:08.400,3074.6000,2401,0,32259180.000,0,-,-,-,-,3072.4000,3072.2000,3072.0000,3070.2000,3066.6000,3075.0000,3076.6000,3078.0000,3078.4000,3081.8000,3,2,1,1,5,7,1,1,1,5
SF,IH2002,2020-01-09 09:31:09.900,3074.6000,2401,0,32259180.000,0,-,-,-,-,3072.6000,3072.4000,3072.2000,3072.0000,3070.2000,3075.0000,3076.6000,3078.0000,3078.4000,3081.8000,1,3,2,1,1,7,1,1,1,5
SF,IH2002,2020-01-09 09:31:10.400,3074.6000,2401,0,32259180.000,0,-,-,-,-,3073.0000,3072.6000,3072.2000,3072.0000,3070.2000,3075.0000,3076.6000,3078.0000,3078.4000,3081.8000,3,1,2,1,1,7,1,1,1,5
SF,IH2002,2020-01-09 09:31:10.900,3074.6000,2401,0,32259180.000,0,-,-,-,-,3072.6000,3072.2000,3072.0000,3070.2000,3066.6000,3075.0000,3076.6000,3078.0000,3078.4000,3081.8000,1,1,1,1,5,7,1,2,1,5
SF,IH2002,2020-01-09 09:31:11.400,3074.6000,2401,0,32259180.000,0,-,-,-,-,3072.8000,3072.2000,3072.0000,3070.2000,3066.6000,3075.0000,3076.6000,3078.0000,3078.4000,3081.8000,3,1,1,1,5,7,1,2,1,5
SF,IH2002,2020-01-09 09:31:12.400,3074.6000,2401,0,32259180.000,0,-,-,-,-,3072.2000,3072.0000,3070.2000,3066.6000,3065.6000,3075.0000,3076.6000,3078.0000,3078.4000,3081.8000,1,1,1,5,1,7,1,2,1,5
SF,IH2002,2020-01-09 09:31:12.900,3074.6000,2401,0,32259180.000,0,-,-,-,-,3073.2000,3073.0000,3072.2000,3072.0000,3070.2000,3075.0000,3076.6000,3078.0000,3078.4000,3081.8000,3,1,1,1,1,7,1,2,1,5
SF,IH2002,2020-01-09 09:31:13.400,3074.6000,2401,0,32259180.000,0,-,-,-,-,3073.2000,3073.0000,3072.2000,3072.0000,3070.2000,3075.0000,3076.6000,3078.0000,3078.4000,3081.8000,3,1,1,1,1,7,1,2,1,5
SF,IH2002,2020-01-09 09:31:13.900,3074.6000,2401,0,32259180.000,0,-,-,-,-,3072.0000,3070.2000,3066.6000,3065.6000,3064.6000,3075.0000,3076.6000,3078.0000,3078.4000,3081.8000,1,1,5,1,1,7,1,2,1,5
SF,IH2002,2020-01-09 09:31:14.400,3074.6000,2401,0,32259180.000,0,-,-,-,-,3072.4000,3072.0000,3070.2000,3066.6000,3065.6000,3075.0000,3076.6000,3078.0000,3078.4000,3081.8000,3,1,1,5,1,7,1,2,1,5
SF,IH2002,2020-01-09 09:31:14.900,3074.6000,2401,0,32259180.000,0,-,-,-,-,3072.4000,3072.2000,3072.0000,3070.2000,3066.6000,3075.0000,3076.6000,3078.0000,3078.4000,3081.8000,3,1,1,1,5,7,1,2,1,5
SF,IH2002,2020-01-09 09:31:15.900,3074.6000,2401,0,32259180.000,0,-,-,-,-,3072.6000,3072.4000,3072.2000,3072.0000,3070.2000,3075.0000,3076.6000,3078.0000,3078.4000,3081.8000,1,3,1,1,1,7,1,2,1,5
SF,IH2002,2020-01-09 09:31:16.400,3074.6000,2401,0,32259180.000,0,-,-,-,-,3072.8000,3072.6000,3072.2000,3072.0000,3070.2000,3075.0000,3076.6000,3078.0000,3078.4000,3081.8000,3,1,1,1,1,7,1,2,1,5
SF,IH2002,2020-01-09 09:31:16.900,3074.6000,2401,0,32259180.000,0,-,-,-,-,3073.0000,3072.8000,3072.6000,3072.2000,3072.0000,3075.0000,3076.6000,3078.0000,3078.4000,3081.8000,1,3,1,1,1,7,1,2,1,5
SF,IH2002,2020-01-09 09:31:17.400,3074.6000,2401,0,32259180.000,0,-,-,-,-,3073.2000,3073.0000,3072.6000,3072.2000,3072.0000,3075.0000,3076.6000,3078.0000,3078.4000,3081.8000,3,1,1,1,1,7,1,2,1,5
SF,IH2002,2020-01-09 09:31:17.900,3073.0000,2399,-2,34103100.000,2,0,2,双平,S,3072.6000,3072.2000,3072.0000,3070.2000,3066.6000,3075.0000,3076.6000,3078.0000,3078.4000,3081.8000,1,1,1,1,5,7,1,2,1,5
SF,IH2002,2020-01-09 09:31:18.400,3073.0000,2399,0,34103100.000,0,-,-,-,-,3073.4000,3072.8000,3072.6000,3072.2000,3072.0000,3075.0000,3076.6000,3078.0000,3078.4000,3081.8000,4,2,1,1,1,7,1,2,1,5
SF,IH2002,2020-01-09 09:31:18.900,3075.0000,2399,0,35948100.000,2,1,1,多换,S,3073.6000,3073.4000,3073.2000,3072.8000,3072.6000,3075.0000,3076.6000,3078.0000,3078.4000,3081.8000,2,4,1,2,1,5,1,2,1,5
SF,IH2002,2020-01-09 09:31:19.400,3075.0000,2398,-1,37793100.000,2,0,2,多平,S,3074.0000,3073.6000,3073.4000,3073.2000,3072.8000,3075.0000,3076.6000,3078.0000,3078.4000,3081.8000,3,2,1,1,1,3,1,2,1,5
SF,IH2002,2020-01-09 09:31:19.900,3075.0000,2398,0,37793100.000,0,-,-,-,-,3074.2000,3074.0000,3073.6000,3073.4000,3073.2000,3075.0000,3076.6000,3078.0000,3078.4000,3081.8000,1,3,2,1,1,3,1,2,1,5
SF,IH2002,2020-01-09 09:31:20.400,3075.0000,2398,0,37793100.000,0,-,-,-,-,3074.2000,3074.0000,3073.6000,3073.4000,3073.2000,3075.0000,3076.6000,3078.0000,3078.4000,3081.8000,1,3,2,1,1,3,1,2,1,5
SF,IH2002,2020-01-09 09:31:20.900,3075.0000,2398,0,37793100.000,0,-,-,-,-,3074.2000,3074.0000,3073.6000,3073.4000,3073.2000,3075.0000,3076.6000,3078.0000,3078.4000,3081.8000,1,3,2,1,1,3,1,2,1,5
SF,IH2002,2020-01-09 09:31:21.400,3075.0000,2398,0,38715600.000,1,0,1,多换,S,3074.6000,3074.2000,3073.6000,3073.4000,3073.2000,3075.0000,3076.6000,3078.0000,3078.4000,3081.8000,3,1,2,1,1,2,1,2,1,5
SF,IH2002,2020-01-09 09:31:21.900,3075.0000,2398,0,38715600.000,0,-,-,-,-,3074.2000,3073.6000,3073.4000,3073.2000,3072.8000,3075.0000,3076.6000,3078.0000,3078.4000,3081.8000,1,2,1,1,1,2,1,2,1,5
SF,IH2002,2020-01-09 09:31:22.400,3075.0000,2398,0,38715600.000,0,-,-,-,-,3074.4000,3074.2000,3073.6000,3073.4000,3073.2000,3075.0000,3076.6000,3078.0000,3078.4000,3081.8000,3,1,2,1,1,2,1,2,1,5
SF,IH2002,2020-01-09 09:31:22.900,3075.0000,2398,0,38715600.000,0,-,-,-,-,3074.4000,3074.2000,3073.6000,3073.4000,3073.2000,3075.0000,3076.6000,3078.0000,3078.4000,3081.8000,3,1,2,1,1,2,1,2,1,5
SF,IH2002,2020-01-09 09:31:23.900,3075.0000,2398,0,38715600.000,0,-,-,-,-,3074.2000,3073.6000,3073.4000,3073.2000,3072.8000,3075.0000,3076.6000,3078.0000,3078.4000,3081.8000,1,2,1,1,1,2,1,2,1,5
SF,IH2002,2020-01-09 09:31:24.400,3075.0000,2398,0,38715600.000,0,-,-,-,-,3074.4000,3074.2000,3073.6000,3073.2000,3072.8000,3075.0000,3076.6000,3078.0000,3078.4000,3081.8000,3,1,2,1,1,2,1,2,1,5
SF,IH2002,2020-01-09 09:31:24.900,3075.0000,2398,0,38715600.000,0,-,-,-,-,3074.2000,3073.6000,3073.2000,3072.8000,3072.0000,3075.0000,3076.6000,3078.0000,3078.4000,3081.8000,1,2,1,1,1,2,1,2,1,5
SF,IH2002,2020-01-09 09:31:25.400,3075.0000,2398,0,38715600.000,0,-,-,-,-,3073.6000,3072.8000,3072.0000,3066.6000,3064.6000,3075.0000,3076.6000,3078.0000,3078.4000,3081.8000,1,1,1,6,1,2,1,2,1,5
SF,IH2002,2020-01-09 09:31:25.900,3075.0000,2398,0,38715600.000,0,-,-,-,-,3073.8000,3073.6000,3072.8000,3072.0000,3066.6000,3075.0000,3076.6000,3078.0000,3078.4000,3081.8000,3,1,1,1,6,2,1,2,1,5
SF,IH2002,2020-01-09 09:31:26.400,3075.0000,2398,0,38715600.000,0,-,-,-,-,3073.8000,3073.6000,3072.8000,3072.0000,3066.6000,3075.0000,3076.6000,3078.0000,3078.4000,3081.8000,3,2,1,1,6,2,1,2,1,5
SF,IH2002,2020-01-09 09:31:27.900,3075.0000,2398,0,38715600.000,0,-,-,-,-,3074.0000,3073.8000,3073.6000,3072.8000,3072.0000,3075.0000,3076.6000,3078.0000,3078.4000,3081.8000,1,3,2,1,1,2,1,2,1,5
SF,IH2002,2020-01-09 09:31:28.400,3075.0000,2398,0,38715600.000,0,-,-,-,-,3074.2000,3074.0000,3073.6000,3072.8000,3072.0000,3075.0000,3076.6000,3078.0000,3078.4000,3081.8000,3,1,2,1,1,2,1,2,1,5
SF,IH2002,2020-01-09 09:31:29.400,3075.0000,2398,0,38715600.000,0,-,-,-,-,3074.0000,3073.6000,3072.8000,3072.0000,3066.6000,3075.0000,3076.6000,3078.0000,3078.4000,3081.8000,1,2,1,1,6,2,1,2,1,5
SF,IH2002,2020-01-09 09:31:31.400,3075.0000,2398,0,38715600.000,0,-,-,-,-,3074.2000,3074.0000,3073.6000,3072.8000,3072.0000,3075.0000,3076.6000,3078.0000,3078.4000,3081.8000,3,1,2,1,1,2,1,2,1,5
SF,IH2002,2020-01-09 09:31:31.900,3075.0000,2398,0,38715600.000,0,-,-,-,-,3074.0000,3073.6000,3072.8000,3072.0000,3066.6000,3075.0000,3076.6000,3078.0000,3078.4000,3081.8000,1,2,1,1,6,2,1,2,1,5
SF,IH2002,2020-01-09 09:31:32.900,3075.0000,2398,0,39638100.000,1,0,1,多换,S,3074.2000,3074.0000,3073.6000,3072.8000,3072.0000,3075.0000,3076.6000,3078.0000,3078.4000,3081.8000,3,1,2,1,1,2,1,2,1,5
SF,IH2002,2020-01-09 09:31:33.400,3075.0000,2398,0,39638100.000,0,-,-,-,-,3074.2000,3074.0000,3073.6000,3072.8000,3072.0000,3075.0000,3076.6000,3078.0000,3078.4000,3081.8000,3,1,2,1,1,2,1,2,1,5
SF,IH2002,2020-01-09 09:31:33.900,3075.0000,2398,0,40560600.000,1,0,1,多换,S,3074.2000,3074.0000,3073.6000,3072.8000,3072.0000,3075.0000,3076.6000,3078.0000,3078.4000,3081.8000,3,1,2,1,1,1,1,2,1,5
SF,IH2002,2020-01-09 09:31:34.400,3075.0000,2398,0,40560600.000,0,-,-,-,-,3074.4000,3074.2000,3074.0000,3073.6000,3072.8000,3075.0000,3076.6000,3078.0000,3078.4000,3081.8000,1,3,1,2,1,1,1,2,1,5
SF,IH2002,2020-01-09 09:31:35.400,3075.0000,2398,0,40560600.000,0,-,-,-,-,3074.4000,3074.0000,3073.6000,3072.8000,3072.0000,3075.0000,3076.6000,3078.0000,3078.4000,3081.8000,1,1,2,1,1,1,1,2,1,5
SF,IH2002,2020-01-09 09:31:36.900,3075.0000,2398,0,40560600.000,0,-,-,-,-,3074.0000,3073.6000,3072.8000,3072.0000,3066.6000,3075.0000,3076.6000,3078.0000,3078.4000,3081.8000,1,1,1,1,6,1,1,2,1,5
SF,IH2002,2020-01-09 09:31:37.400,3075.0000,2398,0,40560600.000,0,-,-,-,-,3074.2000,3074.0000,3073.6000,3072.8000,3072.0000,3075.0000,3076.6000,3078.0000,3081.8000,3083.2000,3,1,1,1,1,1,1,2,5,1
SF,IH2002,2020-01-09 09:31:38.400,3075.0000,2398,0,40560600.000,0,-,-,-,-,3074.0000,3073.6000,3072.8000,3072.0000,3066.6000,3075.0000,3076.6000,3078.0000,3081.8000,3083.2000,1,1,1,1,6,1,1,2,5,1
SF,IH2002,2020-01-09 09:31:39.400,3075.0000,2398,0,41483100.000,1,0,1,多换,S,3074.0000,3073.6000,3072.8000,3072.0000,3066.6000,3076.6000,3078.0000,3081.8000,3083.2000,3083.4000,1,1,1,1,6,1,2,5,1,1
SF,IH2002,2020-01-09 09:31:39.900,3075.0000,2398,0,41483100.000,0,-,-,-,-,3074.2000,3073.6000,3072.8000,3072.0000,3066.6000,3075.4000,3076.2000,3076.4000,3076.6000,3076.8000,1,1,1,1,6,1,6,5,1,1
SF,IH2002,2020-01-09 09:31:40.400,3075.0000,2398,0,41483100.000,0,-,-,-,-,3074.2000,3073.6000,3072.8000,3072.0000,3066.6000,3076.2000,3076.4000,3076.6000,3076.8000,3078.0000,1,1,1,1,6,6,5,1,1,2
SF,IH2002,2020-01-09 09:31:40.900,3075.0000,2398,0,41483100.000,0,-,-,-,-,3074.2000,3073.6000,3072.8000,3072.0000,3066.6000,3076.0000,3076.2000,3076.6000,3078.0000,3081.8000,1,1,1,1,6,1,6,1,2,5
SF,IH2002,2020-01-09 09:31:41.400,3075.0000,2398,0,41483100.000,0,-,-,-,-,3073.6000,3072.8000,3072.0000,3066.6000,3064.6000,3076.0000,3076.2000,3076.6000,3078.0000,3081.8000,1,1,1,6,1,2,6,1,2,5
SF,IH2002,2020-01-09 09:31:41.900,3075.0000,2398,0,41483100.000,0,-,-,-,-,3073.6000,3072.8000,3072.0000,3066.6000,3064.6000,3076.0000,3076.2000,3076.6000,3078.0000,3081.8000,1,1,1,6,1,2,6,1,2,5
SF,IH2002,2020-01-09 09:31:42.400,3075.0000,2398,0,41483100.000,0,-,-,-,-,3073.8000,3073.6000,3072.8000,3072.0000,3066.6000,3076.0000,3076.2000,3076.6000,3078.0000,3081.8000,1,1,1,1,6,1,6,1,2,5
SF,IH2002,2020-01-09 09:31:42.900,3075.0000,2398,0,41483100.000,0,-,-,-,-,3073.8000,3073.6000,3072.8000,3072.0000,3066.6000,3076.0000,3076.2000,3076.6000,3078.0000,3081.8000,1,1,1,1,6,1,6,1,2,5
SF,IH2002,2020-01-09 09:31:43.400,3075.0000,2398,0,41483100.000,0,-,-,-,-,3073.6000,3072.8000,3072.0000,3066.6000,3064.6000,3075.8000,3076.0000,3076.2000,3076.6000,3078.0000,1,1,1,6,1,1,1,6,1,2
SF,IH2002,2020-01-09 09:31:43.900,3075.0000,2398,0,41483100.000,0,-,-,-,-,3073.8000,3073.6000,3072.8000,3072.0000,3066.6000,3075.8000,3076.0000,3076.6000,3078.0000,3081.8000,3,2,1,1,6,1,1,1,2,5
SF,IH2002,2020-01-09 09:31:44.400,3075.0000,2398,0,41483100.000,0,-,-,-,-,3073.6000,3072.8000,3072.0000,3066.6000,3064.6000,3075.8000,3076.0000,3076.6000,3078.0000,3081.8000,2,1,1,6,1,1,1,1,2,5
SF,IH2002,2020-01-09 09:31:44.900,3075.0000,2398,0,41483100.000,0,-,-,-,-,3074.0000,3073.6000,3072.8000,3072.0000,3066.6000,3075.6000,3076.6000,3078.0000,3081.8000,3083.2000,1,1,1,1,6,7,1,2,5,1
SF,IH2002,2020-01-09 09:31:45.400,3075.0000,2398,0,41483100.000,0,-,-,-,-,3074.0000,3073.6000,3072.8000,3072.0000,3066.6000,3075.6000,3076.6000,3078.0000,3081.8000,3083.2000,1,1,1,1,6,7,1,2,5,1
SF,IH2002,2020-01-09 09:31:45.900,3075.0000,2398,0,41483100.000,0,-,-,-,-,3074.0000,3073.6000,3072.8000,3072.0000,3066.6000,3075.6000,3076.6000,3078.0000,3081.8000,3083.2000,1,1,1,1,6,7,1,2,5,1
SF,IH2002,2020-01-09 09:31:46.400,3073.6000,2398,0,42405180.000,1,0,1,多换,S,3072.8000,3072.0000,3066.6000,3064.6000,3063.8000,3073.6000,3075.4000,3075.6000,3076.6000,3078.0000,1,1,6,1,1,1,1,7,1,2
SF,IH2002,2020-01-09 09:31:46.900,3073.6000,2398,0,42405180.000,0,-,-,-,-,3072.8000,3072.0000,3066.6000,3064.6000,3063.8000,3073.6000,3075.4000,3075.6000,3076.6000,3078.0000,1,1,6,1,1,1,1,6,1,2
SF,IH2002,2020-01-09 09:31:47.900,3073.6000,2398,0,42405180.000,0,-,-,-,-,3072.8000,3072.0000,3066.6000,3064.6000,3063.8000,3073.6000,3075.6000,3076.6000,3078.0000,3081.8000,1,1,6,1,1,1,6,1,2,5
SF,IH2002,2020-01-09 09:31:48.900,3073.6000,2398,0,42405180.000,0,-,-,-,-,3072.8000,3072.0000,3069.2000,3066.6000,3064.6000,3073.6000,3075.6000,3076.6000,3078.0000,3081.8000,1,1,1,6,1,1,6,1,2,5
SF,IH2002,2020-01-09 09:31:49.900,3072.8000,2399,1,43327020.000,1,1,0,双开,S,3072.0000,3069.2000,3066.6000,3064.6000,3063.8000,3073.6000,3075.6000,3076.6000,3078.0000,3081.8000,1,1,6,1,1,1,6,1,2,5
SF,IH2002,2020-01-09 09:31:50.400,3072.8000,2399,0,43327020.000,0,-,-,-,-,3072.4000,3072.2000,3069.2000,3066.6000,3064.6000,3073.4000,3073.6000,3075.6000,3076.6000,3078.0000,3,1,1,6,1,1,1,6,1,2
SF,IH2002,2020-01-09 09:31:51.400,3073.4000,2399,0,44249040.000,1,0,1,多换,S,3072.4000,3072.2000,3069.2000,3066.6000,3064.6000,3073.6000,3075.6000,3076.6000,3078.0000,3081.8000,3,1,1,6,1,1,6,1,2,5
SF,IH2002,2020-01-09 09:31:51.900,3073.4000,2399,0,44249040.000,0,-,-,-,-,3072.4000,3072.2000,3069.2000,3066.6000,3064.6000,3073.6000,3075.6000,3076.6000,3078.0000,3081.8000,3,1,1,6,1,1,6,1,2,5
SF,IH2002,2020-01-09 09:31:53.400,3073.4000,2399,0,44249040.000,0,-,-,-,-,3072.6000,3072.4000,3072.2000,3069.2000,3066.6000,3073.6000,3075.6000,3076.6000,3078.0000,3081.8000,1,3,1,1,6,1,6,1,2,5
SF,IH2002,2020-01-09 09:31:55.900,3073.4000,2399,0,44249040.000,0,-,-,-,-,3072.8000,3072.6000,3072.2000,3069.2000,3066.6000,3073.6000,3075.6000,3076.6000,3078.0000,3081.8000,3,1,1,1,6,1,6,1,2,5
SF,IH2002,2020-01-09 09:31:56.400,3073.4000,2399,0,44249040.000,0,-,-,-,-,3072.6000,3072.2000,3069.2000,3066.6000,3064.6000,3073.6000,3075.6000,3076.6000,3078.0000,3081.8000,1,1,1,6,1,1,6,1,2,5
SF,IH2002,2020-01-09 09:31:58.400,3073.4000,2399,0,44249040.000,0,-,-,-,-,3072.2000,3069.2000,3066.6000,3064.6000,3063.8000,3073.6000,3075.6000,3076.6000,3078.0000,3081.8000,1,1,6,1,1,1,6,1,2,5
SF,IH2002,2020-01-09 09:31:58.900,3073.4000,2399,0,44249040.000,0,-,-,-,-,3072.6000,3072.2000,3072.0000,3069.2000,3066.6000,3073.6000,3075.6000,3076.6000,3078.0000,3081.8000,3,1,1,1,6,1,6,1,2,5
SF,IH2002,2020-01-09 09:31:59.400,3073.4000,2399,0,44249040.000,0,-,-,-,-,3072.8000,3072.6000,3072.2000,3072.0000,3069.2000,3073.6000,3075.6000,3076.6000,3078.0000,3081.8000,1,3,1,1,1,1,6,1,2,5
SF,IH2002,2020-01-09 09:31:59.900,3073.4000,2399,0,44249040.000,0,-,-,-,-,3072.8000,3072.6000,3072.2000,3069.2000,3066.6000,3075.6000,3076.6000,3078.0000,3081.8000,3083.2000,1,3,1,1,6,6,1,2,5,1
SF,IH2002,2020-01-09 09:32:00.400,3073.4000,2399,0,44249040.000,0,-,-,-,-,3072.8000,3072.6000,3072.2000,3069.2000,3066.6000,3073.6000,3073.8000,3075.4000,3075.6000,3076.6000,1,3,1,1,6,1,1,1,6,1
SF,IH2002,2020-01-09 09:32:00.900,3073.4000,2399,0,44249040.000,0,-,-,-,-,3072.8000,3072.6000,3072.2000,3069.2000,3066.6000,3073.6000,3075.4000,3075.6000,3075.8000,3076.6000,1,3,1,1,6,1,2,6,1,1
SF,IH2002,2020-01-09 09:32:01.400,3073.4000,2399,0,44249040.000,0,-,-,-,-,3072.8000,3072.6000,3072.2000,3069.2000,3066.6000,3073.6000,3075.4000,3075.6000,3076.6000,3078.0000,1,3,1,1,6,1,2,6,1,1
SF,IH2002,2020-01-09 09:32:01.900,3073.6000,2399,0,45171120.000,1,0,1,多换,S,3073.2000,3072.8000,3072.2000,3069.2000,3066.6000,3076.6000,3078.0000,3081.8000,3083.2000,3083.4000,3,1,1,1,6,1,1,5,1,1
SF,IH2002,2020-01-09 09:32:02.400,3073.6000,2399,0,45171120.000,0,-,-,-,-,3073.2000,3072.8000,3072.2000,3069.2000,3066.6000,3074.6000,3076.2000,3076.4000,3076.6000,3076.8000,3,1,1,1,6,1,6,4,1,1
SF,IH2002,2020-01-09 09:32:02.900,3076.2000,2399,0,46093980.000,1,0,1,多换,S,3073.2000,3072.8000,3072.2000,3069.2000,3066.6000,3076.2000,3076.4000,3076.6000,3076.8000,3078.0000,3,1,1,1,6,5,4,1,1,1
SF,IH2002,2020-01-09 09:32:03.400,3076.2000,2399,0,46093980.000,0,-,-,-,-,3073.4000,3073.2000,3072.8000,3072.2000,3069.2000,3076.0000,3076.2000,3076.4000,3076.6000,3076.8000,1,3,1,1,1,3,5,3,1,1
SF,IH2002,2020-01-09 09:32:03.900,3076.2000,2399,0,46093980.000,0,-,-,-,-,3073.4000,3072.8000,3072.2000,3069.2000,3066.6000,3073.8000,3075.6000,3076.0000,3076.4000,3076.6000,1,1,1,1,6,1,4,3,3,1
SF,IH2002,2020-01-09 09:32:04.400,3076.2000,2399,0,46093980.000,0,-,-,-,-,3073.4000,3072.8000,3072.2000,3069.2000,3066.6000,3075.6000,3076.0000,3076.4000,3076.6000,3076.8000,1,1,1,1,6,4,3,3,1,1
SF,IH2002,2020-01-09 09:32:04.900,3076.2000,2399,0,46093980.000,0,-,-,-,-,3072.8000,3072.2000,3069.2000,3066.6000,3064.6000,3075.4000,3075.6000,3076.0000,3076.4000,3076.6000,1,1,1,6,1,1,4,2,3,1
SF,IH2002,2020-01-09 09:32:05.400,3076.2000,2399,0,46093980.000,0,-,-,-,-,3072.8000,3072.2000,3069.2000,3066.6000,3064.6000,3073.8000,3075.4000,3075.6000,3076.0000,3076.4000,1,1,1,6,1,1,1,4,2,3
SF,IH2002,2020-01-09 09:32:05.900,3076.2000,2399,0,46093980.000,0,-,-,-,-,3072.8000,3072.2000,3069.2000,3066.6000,3064.6000,3075.4000,3075.6000,3076.0000,3076.4000,3076.6000,1,1,1,6,1,1,4,2,3,1
SF,IH2002,2020-01-09 09:32:06.400,3076.2000,2399,0,46093980.000,0,-,-,-,-,3073.0000,3072.8000,3072.2000,3069.2000,3066.6000,3075.4000,3075.6000,3076.0000,3076.4000,3076.6000,4,1,1,1,6,1,4,2,3,1
SF,IH2002,2020-01-09 09:32:06.900,3076.2000,2399,0,46093980.000,0,-,-,-,-,3073.0000,3072.8000,3072.2000,3069.2000,3066.6000,3074.0000,3075.4000,3075.6000,3076.0000,3076.4000,4,1,1,1,6,1,1,4,2,3
SF,IH2002,2020-01-09 09:32:07.400,3076.2000,2399,0,46093980.000,0,-,-,-,-,3073.2000,3073.0000,3072.8000,3072.2000,3069.2000,3075.6000,3076.0000,3076.4000,3076.6000,3076.8000,1,4,1,1,1,4,2,3,1,1
SF,IH2002,2020-01-09 09:32:07.900,3073.2000,2399,0,47015940.000,1,0,1,多换,S,3072.8000,3072.2000,3069.2000,3066.6000,3064.6000,3075.4000,3075.6000,3076.0000,3076.4000,3076.6000,1,1,1,6,1,1,4,2,3,1
SF,IH2002,2020-01-09 09:32:08.400,3073.2000,2399,0,47015940.000,0,-,-,-,-,3072.8000,3072.2000,3069.2000,3066.6000,3064.6000,3074.0000,3075.4000,3075.6000,3076.0000,3076.4000,1,1,1,6,1,1,1,4,2,3
SF,IH2002,2020-01-09 09:32:08.900,3073.2000,2399,0,47015940.000,0,-,-,-,-,3073.0000,3072.8000,3072.2000,3069.2000,3066.6000,3075.4000,3075.6000,3076.0000,3076.4000,3076.6000,4,1,1,1,6,1,4,2,3,1
SF,IH2002,2020-01-09 09:32:09.400,3073.2000,2399,0,47015940.000,0,-,-,-,-,3073.0000,3072.8000,3072.2000,3069.2000,3066.6000,3075.4000,3076.0000,3076.4000,3076.6000,3076.8000,4,1,1,1,6,1,1,3,1,1
SF,IH2002,2020-01-09 09:32:09.900,3073.2000,2399,0,47015940.000,0,-,-,-,-,3073.2000,3073.0000,3072.8000,3072.2000,3069.2000,3075.4000,3076.0000,3076.4000,3076.6000,3076.8000,1,4,1,1,1,1,1,3,1,1
SF,IH2002,2020-01-09 09:32:10.400,3073.2000,2399,0,47015940.000,0,-,-,-,-,3073.4000,3073.2000,3072.8000,3072.2000,3069.2000,3075.4000,3076.0000,3076.4000,3076.6000,3076.8000,4,1,1,1,1,1,1,3,1,1
SF,IH2002,2020-01-09 09:32:10.900,3073.2000,2399,0,47015940.000,0,-,-,-,-,3073.4000,3073.2000,3072.8000,3072.2000,3069.2000,3075.4000,3076.0000,3076.4000,3076.6000,3076.8000,4,1,1,1,1,1,1,3,1,1
SF,IH2002,2020-01-09 09:32:11.400,3073.2000,2399,0,47015940.000,0,-,-,-,-,3074.0000,3073.4000,3073.2000,3072.8000,3072.2000,3075.4000,3075.8000,3076.0000,3076.4000,3076.6000,2,4,1,1,1,1,1,1,3,1
SF,IH2002,2020-01-09 09:32:11.900,3073.2000,2399,0,47015940.000,0,-,-,-,-,3074.0000,3073.6000,3073.4000,3073.2000,3072.8000,3075.4000,3075.8000,3076.0000,3076.4000,3076.6000,2,1,4,1,1,1,1,1,1,1
SF,IH2002,2020-01-09 09:32:12.400,3073.2000,2399,0,47015940.000,0,-,-,-,-,3074.0000,3073.4000,3072.8000,3072.2000,3069.2000,3074.8000,3075.4000,3075.8000,3076.0000,3076.4000,2,4,1,1,1,1,1,1,1,1
SF,IH2002,2020-01-09 09:32:12.900,3073.2000,2399,0,47015940.000,0,-,-,-,-,3074.0000,3073.4000,3072.8000,3072.2000,3069.2000,3075.2000,3075.4000,3075.8000,3076.0000,3076.4000,2,4,1,1,1,1,1,1,1,1
SF,IH2002,2020-01-09 09:32:13.400,3073.2000,2399,0,47015940.000,0,-,-,-,-,3074.0000,3072.8000,3072.2000,3069.2000,3066.6000,3075.2000,3075.4000,3075.8000,3076.0000,3076.4000,2,1,1,1,6,1,1,1,1,1
SF,IH2002,2020-01-09 09:32:14.900,3073.2000,2399,0,47015940.000,0,-,-,-,-,3074.0000,3072.8000,3072.2000,3069.2000,3066.6000,3075.2000,3075.4000,3075.8000,3076.0000,3076.4000,2,1,1,1,6,1,1,1,1,1
SF,IH2002,2020-01-09 09:32:15.400,3073.2000,2399,0,47015940.000,0,-,-,-,-,3074.0000,3072.8000,3072.2000,3069.2000,3066.6000,3074.6000,3075.2000,3075.4000,3075.8000,3076.0000,2,1,1,1,6,1,1,1,1,1
SF,IH2002,2020-01-09 09:32:15.900,3073.2000,2399,0,47015940.000,0,-,-,-,-,3074.0000,3072.8000,3072.2000,3069.2000,3066.6000,3075.2000,3075.4000,3075.8000,3076.0000,3076.4000,2,1,1,1,6,1,1,1,1,1
SF,IH2002,2020-01-09 09:32:16.400,3073.2000,2399,0,47015940.000,0,-,-,-,-,3074.0000,3072.8000,3072.2000,3069.2000,3066.6000,3075.2000,3075.4000,3075.8000,3076.0000,3076.4000,2,1,1,1,6,1,1,1,1,1
SF,IH2002,2020-01-09 09:32:16.900,3074.0000,2398,-1,47938140.000,1,0,1,双平,S,3074.0000,3072.8000,3072.2000,3069.2000,3066.6000,3074.4000,3075.2000,3075.4000,3075.8000,3076.0000,1,1,1,1,6,1,1,1,1,1
SF,IH2002,2020-01-09 09:32:17.400,3074.0000,2398,0,47938140.000,0,-,-,-,-,3074.0000,3072.8000,3072.2000,3069.2000,3066.6000,3075.2000,3075.4000,3075.8000,3076.0000,3076.4000,1,1,1,1,6,1,1,1,1,1
SF,IH2002,2020-01-09 09:32:17.900,3074.0000,2398,0,47938140.000,0,-,-,-,-,3074.0000,3072.8000,3072.2000,3069.2000,3066.6000,3075.2000,3075.4000,3075.8000,3076.0000,3076.4000,1,1,1,1,6,1,1,1,1,1
SF,IH2002,2020-01-09 09:32:18.400,3074.0000,2398,0,47938140.000,0,-,-,-,-,3074.0000,3072.8000,3072.2000,3069.2000,3066.6000,3075.2000,3075.4000,3075.8000,3076.0000,3076.4000,1,1,1,1,6,1,1,1,1,1
SF,IH2002,2020-01-09 09:32:18.900,3074.0000,2398,0,47938140.000,0,-,-,-,-,3074.0000,3072.8000,3072.2000,3069.2000,3066.6000,3075.2000,3075.8000,3076.4000,3076.6000,3078.0000,1,1,1,1,6,1,1,1,1,3
SF,IH2002,2020-01-09 09:32:21.400,3074.0000,2398,0,47938140.000,0,-,-,-,-,3074.0000,3072.8000,3072.2000,3069.2000,3066.6000,3075.2000,3075.8000,3076.4000,3076.6000,3077.2000,1,1,1,1,6,1,1,1,1,1
SF,IH2002,2020-01-09 09:32:21.900,3074.0000,2398,0,47938140.000,0,-,-,-,-,3074.0000,3072.8000,3072.2000,3069.2000,3066.6000,3074.4000,3075.2000,3075.8000,3076.4000,3076.6000,1,1,1,1,6,1,1,1,1,1
SF,IH2002,2020-01-09 09:32:22.400,3074.0000,2397,-1,48860340.000,1,0,1,双平,S,3072.8000,3072.2000,3069.2000,3066.6000,3064.6000,3075.2000,3075.8000,3076.4000,3076.6000,3077.2000,1,1,1,6,1,1,1,1,1,1
SF,IH2002,2020-01-09 09:32:22.900,3074.0000,2397,0,48860340.000,0,-,-,-,-,3073.0000,3072.8000,3072.2000,3069.2000,3066.6000,3075.2000,3075.8000,3076.4000,3076.6000,3077.2000,4,1,1,1,6,1,1,1,1,1
SF,IH2002,2020-01-09 09:32:23.400,3074.0000,2397,0,48860340.000,0,-,-,-,-,3073.2000,3073.0000,3072.8000,3072.2000,3069.2000,3075.2000,3075.8000,3076.4000,3076.6000,3077.2000,1,5,1,1,1,1,1,1,1,1
SF,IH2002,2020-01-09 09:32:24.400,3074.0000,2397,0,48860340.000,0,-,-,-,-,3073.2000,3073.0000,3072.8000,3072.2000,3069.2000,3075.2000,3075.8000,3076.0000,3076.4000,3076.6000,1,5,1,1,1,1,1,1,1,1
SF,IH2002,2020-01-09 09:32:24.900,3074.0000,2397,0,48860340.000,0,-,-,-,-,3073.2000,3072.8000,3072.2000,3069.2000,3066.6000,3074.0000,3075.2000,3075.8000,3076.0000,3076.4000,1,1,1,1,6,1,1,1,1,1
SF,IH2002,2020-01-09 09:32:25.400,3074.0000,2397,0,48860340.000,0,-,-,-,-,3073.6000,3073.4000,3073.2000,3072.8000,3072.2000,3075.2000,3075.8000,3076.0000,3076.4000,3076.6000,4,1,1,1,1,1,1,1,1,1
SF,IH2002,2020-01-09 09:32:25.900,3074.0000,2397,0,48860340.000,0,-,-,-,-,3073.4000,3073.2000,3072.8000,3072.2000,3069.2000,3075.2000,3075.8000,3076.0000,3076.4000,3076.6000,1,2,1,1,1,1,1,1,1,1
SF,IH2002,2020-01-09 09:32:26.400,3074.0000,2397,0,48860340.000,0,-,-,-,-,3073.4000,3073.2000,3072.8000,3072.2000,3069.2000,3074.2000,3075.2000,3075.8000,3076.0000,3076.4000,1,1,1,1,1,1,1,1,1,1
SF,IH2002,2020-01-09 09:32:26.900,3074.0000,2397,0,48860340.000,0,-,-,-,-,3073.2000,3072.8000,3072.2000,3069.2000,3066.6000,3075.2000,3075.8000,3076.0000,3076.4000,3076.6000,1,1,1,1,6,1,1,1,1,1
SF,IH2002,2020-01-09 09:32:27.400,3074.0000,2397,0,48860340.000,0,-,-,-,-,3073.2000,3072.8000,3072.2000,3069.2000,3066.6000,3075.0000,3075.2000,3075.8000,3076.0000,3076.4000,1,1,1,1,6,1,1,1,1,1
SF,IH2002,2020-01-09 09:32:27.900,3074.0000,2397,0,48860340.000,0,-,-,-,-,3073.4000,3073.2000,3072.8000,3072.2000,3069.2000,3075.0000,3075.2000,3075.8000,3076.0000,3076.4000,1,1,1,1,1,1,1,1,1,1
SF,IH2002,2020-01-09 09:32:31.400,3075.0000,2396,-1,50704860.000,2,0,2,多平,S,3073.2000,3072.8000,3072.2000,3069.2000,3066.6000,3075.2000,3075.8000,3076.0000,3076.4000,3076.6000,1,1,1,1,6,1,1,1,1,1
SF,IH2002,2020-01-09 09:32:31.900,3075.0000,2396,0,50704860.000,0,-,-,-,-,3073.4000,3073.2000,3072.8000,3072.2000,3069.2000,3075.2000,3075.8000,3076.0000,3076.4000,3076.6000,1,1,1,1,1,1,1,1,1,1
SF,IH2002,2020-01-09 09:32:32.400,3075.0000,2396,0,50704860.000,0,-,-,-,-,3073.4000,3073.2000,3072.8000,3072.2000,3069.2000,3074.0000,3075.2000,3075.8000,3076.0000,3076.4000,1,1,1,1,1,1,1,1,1,1
SF,IH2002,2020-01-09 09:32:32.900,3075.0000,2396,0,51627360.000,1,0,1,多换,S,3073.4000,3073.2000,3072.8000,3072.2000,3069.2000,3075.2000,3075.8000,3076.0000,3076.4000,3076.6000,1,1,1,1,1,1,1,1,1,1
SF,IH2002,2020-01-09 09:32:33.900,3075.0000,2396,0,51627360.000,0,-,-,-,-,3073.6000,3073.4000,3073.2000,3072.8000,3069.2000,3075.2000,3075.8000,3076.0000,3076.4000,3076.6000,1,1,2,1,1,1,1,1,1,1
SF,IH2002,2020-01-09 09:32:34.400,3075.0000,2396,0,51627360.000,0,-,-,-,-,3073.6000,3073.2000,3072.8000,3069.2000,3066.6000,3075.0000,3075.2000,3075.8000,3076.0000,3076.4000,1,1,1,1,6,1,1,1,1,1
SF,IH2002,2020-01-09 09:32:35.900,3075.2000,2396,0,52549920.000,1,0,1,多换,S,3073.6000,3073.2000,3072.8000,3069.2000,3066.6000,3075.8000,3076.0000,3076.4000,3076.6000,3078.0000,1,1,1,1,6,1,1,1,1,3
SF,IH2002,2020-01-09 09:32:36.400,3075.2000,2396,0,52549920.000,0,-,-,-,-,3073.6000,3073.2000,3072.8000,3069.2000,3066.6000,3075.6000,3075.8000,3076.0000,3076.4000,3076.6000,1,1,1,1,6,1,1,1,1,1
SF,IH2002,2020-01-09 09:32:39.900,3075.2000,2396,0,52549920.000,0,-,-,-,-,3073.6000,3073.2000,3072.8000,3069.2000,3066.6000,3075.6000,3075.8000,3076.0000,3076.4000,3076.6000,1,1,1,1,6,1,1,2,1,1
SF,IH2002,2020-01-09 09:32:40.400,3075.2000,2396,0,52549920.000,0,-,-,-,-,3073.6000,3073.2000,3072.8000,3069.2000,3066.6000,3075.6000,3075.8000,3076.0000,3076.4000,3076.6000,1,1,1,1,6,1,1,2,1,1
SF,IH2002,2020-01-09 09:32:40.900,3075.2000,2396,0,52549920.000,0,-,-,-,-,3073.6000,3073.2000,3072.8000,3069.2000,3066.6000,3075.6000,3075.8000,3076.0000,3076.4000,3076.6000,1,1,1,1,6,1,1,2,1,1
SF,IH2002,2020-01-09 09:32:41.400,3075.2000,2396,0,52549920.000,0,-,-,-,-,3073.6000,3073.2000,3072.8000,3069.2000,3066.6000,3075.6000,3075.8000,3076.0000,3076.4000,3076.6000,1,1,1,1,6,1,1,2,1,1
SF,IH2002,2020-01-09 09:32:41.900,3075.2000,2396,0,52549920.000,0,-,-,-,-,3073.6000,3073.2000,3072.8000,3069.2000,3066.6000,3075.6000,3075.8000,3076.0000,3076.4000,3076.6000,1,1,1,1,6,2,1,1,1,1
SF,IH2002,2020-01-09 09:32:44.900,3075.2000,2396,0,52549920.000,0,-,-,-,-,3073.6000,3073.2000,3072.8000,3069.2000,3066.6000,3075.4000,3075.6000,3075.8000,3076.0000,3076.4000,1,1,1,1,6,1,1,1,1,1
SF,IH2002,2020-01-09 09:32:45.400,3075.2000,2396,0,52549920.000,0,-,-,-,-,3073.6000,3073.2000,3072.8000,3069.2000,3066.6000,3075.2000,3075.4000,3075.6000,3075.8000,3076.0000,1,1,1,1,6,1,1,1,1,1
SF,IH2002,2020-01-09 09:32:45.900,3075.2000,2396,0,52549920.000,0,-,-,-,-,3073.6000,3073.2000,3072.8000,3069.2000,3066.6000,3075.2000,3075.4000,3075.6000,3075.8000,3076.0000,1,1,1,1,6,1,1,2,1,1
SF,IH2002,2020-01-09 09:32:46.400,3075.2000,2396,0,53472480.000,1,0,1,多换,S,3073.8000,3073.6000,3073.2000,3072.8000,3069.2000,3075.4000,3075.6000,3075.8000,3076.0000,3076.4000,1,1,1,1,1,1,1,1,1,1
SF,IH2002,2020-01-09 09:32:47.900,3075.2000,2396,0,53472480.000,0,-,-,-,-,3073.8000,3073.6000,3073.2000,3072.8000,3069.2000,3075.6000,3075.8000,3076.0000,3076.4000,3076.6000,1,1,1,1,1,1,1,1,1,1
SF,IH2002,2020-01-09 09:32:51.400,3075.2000,2396,0,53472480.000,0,-,-,-,-,3073.8000,3073.6000,3073.2000,3072.8000,3069.2000,3075.6000,3075.8000,3076.0000,3076.2000,3076.4000,1,1,1,1,1,1,1,1,1,1
SF,IH2002,2020-01-09 09:32:51.900,3075.2000,2396,0,53472480.000,0,-,-,-,-,3073.6000,3073.2000,3072.8000,3069.2000,3066.6000,3075.6000,3075.8000,3076.0000,3076.2000,3076.4000,1,1,1,1,6,1,1,1,1,1
SF,IH2002,2020-01-09 09:32:52.400,3075.2000,2396,0,53472480.000,0,-,-,-,-,3074.0000,3073.6000,3073.2000,3072.8000,3069.2000,3075.6000,3075.8000,3076.0000,3076.2000,3076.4000,1,1,1,1,1,1,1,1,1,1
SF,IH2002,2020-01-09 09:32:52.900,3075.2000,2396,0,53472480.000,0,-,-,-,-,3074.0000,3073.6000,3073.2000,3072.8000,3069.2000,3075.6000,3075.8000,3076.0000,3076.2000,3076.4000,1,1,1,1,1,1,1,1,1,1
SF,IH2002,2020-01-09 09:32:53.400,3075.2000,2396,0,53472480.000,0,-,-,-,-,3073.6000,3073.2000,3072.8000,3069.2000,3066.6000,3075.6000,3075.8000,3076.0000,3076.2000,3076.4000,1,1,1,1,6,1,1,1,1,1
SF,IH2002,2020-01-09 09:32:58.400,3075.2000,2396,0,53472480.000,0,-,-,-,-,3073.6000,3073.2000,3072.8000,3069.2000,3066.6000,3075.2000,3075.6000,3075.8000,3076.0000,3076.2000,1,1,1,1,6,2,1,1,1,1
SF,IH2002,2020-01-09 09:33:03.900,3073.6000,2396,0,54394560.000,1,0,1,多换,S,3073.2000,3072.8000,3069.2000,3066.6000,3064.6000,3075.2000,3075.6000,3075.8000,3076.0000,3076.2000,1,1,1,6,1,2,1,1,1,1
SF,IH2002,2020-01-09 09:33:04.400,3073.6000,2396,0,54394560.000,0,-,-,-,-,3073.2000,3072.8000,3069.2000,3066.6000,3064.6000,3075.2000,3075.6000,3075.8000,3076.0000,3076.2000,1,1,1,6,1,2,1,1,1,1
SF,IH2002,2020-01-09 09:33:05.400,3073.6000,2396,0,54394560.000,0,-,-,-,-,3073.4000,3073.2000,3072.8000,3069.2000,3066.6000,3075.2000,3075.6000,3075.8000,3076.0000,3076.2000,4,1,1,1,6,2,1,1,1,1
SF,IH2002,2020-01-09 09:33:05.900,3073.6000,2396,0,54394560.000,0,-,-,-,-,3073.6000,3073.4000,3073.2000,3069.2000,3066.6000,3075.2000,3075.6000,3075.8000,3076.0000,3076.2000,2,4,2,1,6,2,1,1,1,1
SF,IH2002,2020-01-09 09:33:06.400,3073.6000,2396,0,54394560.000,0,-,-,-,-,3073.6000,3073.4000,3073.2000,3069.2000,3066.6000,3075.2000,3075.6000,3075.8000,3076.0000,3076.2000,2,4,1,1,6,2,1,1,1,1
SF,IH2002,2020-01-09 09:33:06.900,3073.6000,2396,0,54394560.000,0,-,-,-,-,3073.6000,3073.4000,3073.2000,3069.2000,3066.6000,3075.2000,3075.6000,3075.8000,3076.0000,3076.2000,1,4,1,1,6,2,1,1,1,1
SF,IH2002,2020-01-09 09:33:07.400,3073.6000,2396,0,54394560.000,0,-,-,-,-,3073.6000,3073.2000,3069.2000,3066.6000,3064.6000,3075.2000,3075.6000,3075.8000,3076.0000,3076.2000,1,1,1,6,1,2,1,1,1,1
SF,IH2002,2020-01-09 09:33:07.900,3073.6000,2396,0,54394560.000,0,-,-,-,-,3073.6000,3073.2000,3069.2000,3066.6000,3064.6000,3075.2000,3075.6000,3075.8000,3076.0000,3076.2000,1,1,1,6,1,2,1,1,1,1
SF,IH2002,2020-01-09 09:33:08.400,3073.6000,2396,0,54394560.000,0,-,-,-,-,3073.6000,3073.2000,3069.2000,3066.6000,3064.6000,3075.2000,3075.6000,3075.8000,3076.0000,3076.2000,1,1,1,6,1,2,1,1,1,1
SF,IH2002,2020-01-09 09:33:08.900,3073.6000,2396,0,54394560.000,0,-,-,-,-,3073.6000,3073.2000,3069.2000,3066.6000,3064.6000,3075.2000,3075.6000,3075.8000,3076.0000,3076.2000,1,1,1,6,1,2,1,1,1,1
SF,IH2002,2020-01-09 09:33:09.400,3073.6000,2396,0,54394560.000,0,-,-,-,-,3073.6000,3073.2000,3069.2000,3066.6000,3064.6000,3075.2000,3075.6000,3075.8000,3076.0000,3076.2000,1,1,1,6,1,2,1,1,1,1
SF,IH2002,2020-01-09 09:33:09.900,3073.6000,2396,0,54394560.000,0,-,-,-,-,3073.6000,3073.2000,3069.2000,3066.6000,3064.6000,3075.2000,3075.6000,3075.8000,3076.0000,3076.2000,1,1,1,6,1,2,1,1,1,1
SF,IH2002,2020-01-09 09:33:10.400,3073.6000,2396,0,54394560.000,0,-,-,-,-,3073.6000,3073.2000,3069.2000,3066.6000,3064.6000,3075.2000,3075.6000,3075.8000,3076.0000,3076.2000,1,1,1,6,1,2,1,1,1,1
SF,IH2002,2020-01-09 09:33:16.400,3075.2000,2395,-1,55317120.000,1,0,1,双平,S,3073.6000,3073.2000,3069.2000,3066.6000,3064.6000,3075.2000,3075.6000,3075.8000,3076.0000,3076.2000,1,1,1,6,1,1,1,1,1,1
SF,IH2002,2020-01-09 09:33:16.900,3075.2000,2395,0,55317120.000,0,-,-,-,-,3073.8000,3073.6000,3073.2000,3069.2000,3066.6000,3075.2000,3075.6000,3075.8000,3076.0000,3076.2000,1,1,1,1,6,1,1,1,1,1
SF,IH2002,2020-01-09 09:33:18.900,3075.2000,2395,0,55317120.000,0,-,-,-,-,3073.8000,3073.6000,3073.2000,3069.2000,3066.6000,3075.2000,3075.6000,3075.8000,3076.0000,3076.4000,1,1,1,1,6,1,1,1,1,1
SF,IH2002,2020-01-09 09:33:19.900,3075.2000,2395,0,56239680.000,1,0,1,多换,S,3073.8000,3073.6000,3073.2000,3069.2000,3066.6000,3075.6000,3075.8000,3076.0000,3076.4000,3076.6000,1,1,1,1,6,1,1,1,1,1
SF,IH2002,2020-01-09 09:33:20.900,3075.6000,2396,1,57162360.000,1,1,0,双开,S,3073.6000,3073.2000,3069.2000,3066.6000,3064.6000,3075.8000,3076.0000,3076.4000,3076.6000,3078.0000,1,1,1,6,1,1,1,1,1,3
SF,IH2002,2020-01-09 09:33:21.900,3075.6000,2396,0,57162360.000,0,-,-,-,-,3073.8000,3073.6000,3073.2000,3069.2000,3066.6000,3075.8000,3076.0000,3076.4000,3076.6000,3078.0000,1,1,1,1,6,1,1,1,1,3
SF,IH2002,2020-01-09 09:33:22.400,3075.6000,2396,0,57162360.000,0,-,-,-,-,3073.8000,3073.6000,3073.2000,3069.2000,3066.6000,3075.8000,3076.0000,3076.4000,3076.6000,3078.0000,2,1,1,1,6,1,1,1,1,3
SF,IH2002,2020-01-09 09:33:22.900,3075.6000,2396,0,57162360.000,0,-,-,-,-,3073.8000,3073.6000,3073.2000,3069.2000,3066.6000,3075.6000,3075.8000,3076.0000,3076.4000,3076.6000,1,1,1,1,6,1,1,1,1,1
SF,IH2002,2020-01-09 09:33:23.900,3075.6000,2396,0,57162360.000,0,-,-,-,-,3074.0000,3073.8000,3073.6000,3073.2000,3069.2000,3075.6000,3075.8000,3076.0000,3076.4000,3076.6000,1,1,1,1,1,1,1,1,1,1
SF,IH2002,2020-01-09 09:33:25.400,3075.6000,2396,0,57162360.000,0,-,-,-,-,3073.8000,3073.6000,3073.2000,3069.2000,3066.6000,3075.6000,3075.8000,3076.0000,3076.4000,3076.6000,1,1,1,1,6,1,1,1,1,1
SF,IH2002,2020-01-09 09:33:26.400,3075.6000,2396,0,57162360.000,0,-,-,-,-,3074.0000,3073.8000,3073.6000,3073.2000,3069.2000,3075.6000,3075.8000,3076.0000,3076.4000,3076.6000,1,1,1,1,1,1,1,1,1,1
SF,IH2002,2020-01-09 09:33:27.900,3075.6000,2396,0,57162360.000,0,-,-,-,-,3073.8000,3073.2000,3069.2000,3066.6000,3064.6000,3075.2000,3075.6000,3075.8000,3076.0000,3076.4000,1,1,1,6,1,3,1,1,1,1
SF,IH2002,2020-01-09 09:33:28.400,3075.6000,2396,0,57162360.000,0,-,-,-,-,3073.8000,3069.2000,3066.6000,3065.2000,3064.6000,3075.2000,3075.6000,3075.8000,3076.0000,3076.4000,1,1,6,1,1,3,1,1,1,1
SF,IH2002,2020-01-09 09:33:28.900,3075.6000,2396,0,57162360.000,0,-,-,-,-,3073.8000,3069.2000,3066.6000,3065.2000,3064.6000,3075.0000,3075.2000,3075.6000,3075.8000,3076.0000,1,1,6,1,1,1,3,1,1,1
SF,IH2002,2020-01-09 09:33:29.400,3075.6000,2396,0,57162360.000,0,-,-,-,-,3073.8000,3069.2000,3066.6000,3065.2000,3064.6000,3075.0000,3075.2000,3075.6000,3075.8000,3076.0000,1,1,6,1,1,2,3,1,1,1
SF,IH2002,2020-01-09 09:33:29.900,3075.6000,2396,0,57162360.000,0,-,-,-,-,3073.8000,3069.2000,3066.6000,3065.2000,3064.6000,3075.0000,3075.2000,3075.6000,3075.8000,3076.0000,1,1,6,1,1,2,3,1,1,1
SF,IH2002,2020-01-09 09:33:30.400,3073.8000,2397,1,58084500.000,1,1,0,双开,S,3069.2000,3066.6000,3065.2000,3064.6000,3063.8000,3075.0000,3075.2000,3075.6000,3075.8000,3076.0000,1,6,1,1,1,2,3,1,1,1
SF,IH2002,2020-01-09 09:33:30.900,3073.8000,2397,0,58084500.000,0,-,-,-,-,3072.0000,3070.6000,3070.2000,3069.6000,3069.4000,3075.0000,3075.2000,3075.6000,3075.8000,3076.0000,1,1,1,7,2,1,3,1,1,1
SF,IH2002,2020-01-09 09:33:31.400,3073.8000,2397,0,58084500.000,0,-,-,-,-,3072.4000,3072.2000,3072.0000,3070.6000,3070.2000,3075.0000,3075.2000,3075.6000,3075.8000,3076.0000,4,1,1,1,1,1,3,1,1,1
SF,IH2002,2020-01-09 09:33:32.400,3073.8000,2397,0,58084500.000,0,-,-,-,-,3072.2000,3072.0000,3070.6000,3070.2000,3069.6000,3074.8000,3075.0000,3075.6000,3075.8000,3076.0000,1,1,1,1,3,3,1,1,1,1
SF,IH2002,2020-01-09 09:33:32.900,3073.8000,2397,0,58084500.000,0,-,-,-,-,3072.6000,3072.4000,3072.2000,3072.0000,3070.6000,3075.0000,3075.6000,3075.8000,3076.0000,3076.4000,1,4,1,1,1,1,1,1,1,1
SF,IH2002,2020-01-09 09:33:33.400,3073.8000,2397,0,58084500.000,0,-,-,-,-,3072.6000,3072.4000,3072.2000,3070.6000,3070.2000,3074.6000,3075.0000,3075.6000,3075.8000,3076.0000,1,1,1,1,1,3,1,1,1,1
SF,IH2002,2020-01-09 09:33:33.900,3073.8000,2397,0,58084500.000,0,-,-,-,-,3072.6000,3072.4000,3072.2000,3070.6000,3070.2000,3075.0000,3075.6000,3075.8000,3076.0000,3076.4000,1,1,1,1,1,1,1,1,1,1
SF,IH2002,2020-01-09 09:33:35.900,3073.8000,2397,0,58084500.000,0,-,-,-,-,3072.6000,3072.4000,3072.2000,3070.6000,3070.2000,3074.6000,3075.0000,3075.6000,3075.8000,3076.0000,1,1,1,1,1,3,1,1,1,1
SF,IH2002,2020-01-09 09:33:36.400,3073.8000,2397,0,58084500.000,0,-,-,-,-,3072.6000,3072.4000,3072.2000,3070.6000,3070.2000,3075.0000,3075.6000,3075.8000,3076.0000,3076.4000,1,1,1,1,1,1,1,1,1,1
SF,IH2002,2020-01-09 09:33:36.900,3073.8000,2397,0,58084500.000,0,-,-,-,-,3072.6000,3072.2000,3070.6000,3070.2000,3069.6000,3074.8000,3075.0000,3075.6000,3075.8000,3076.0000,1,1,1,1,3,3,1,1,1,1
SF,IH2002,2020-01-09 09:33:37.400,3073.8000,2397,0,58084500.000,0,-,-,-,-,3072.6000,3072.2000,3070.6000,3070.2000,3069.6000,3074.6000,3074.8000,3075.0000,3075.6000,3075.8000,1,1,1,1,3,1,3,1,1,1
SF,IH2002,2020-01-09 09:33:38.900,3073.8000,2397,0,58084500.000,0,-,-,-,-,3073.6000,3072.6000,3072.2000,3070.6000,3070.2000,3074.6000,3074.8000,3075.0000,3075.6000,3075.8000,3,1,1,1,1,1,3,1,1,1
SF,IH2002,2020-01-09 09:33:39.400,3073.8000,2397,0,58084500.000,0,-,-,-,-,3073.6000,3072.6000,3072.2000,3070.6000,3070.2000,3074.6000,3074.8000,3075.0000,3075.6000,3075.8000,3,1,1,1,1,1,3,2,1,1
SF,IH2002,2020-01-09 09:33:39.900,3073.8000,2397,0,58084500.000,0,-,-,-,-,3073.6000,3072.6000,3072.2000,3070.6000,3070.2000,3074.6000,3074.8000,3075.0000,3075.6000,3075.8000,3,1,1,1,1,1,3,2,1,1
SF,IH2002,2020-01-09 09:33:40.400,3073.6000,2398,1,59928660.000,2,1,1,空开,S,3073.6000,3072.6000,3072.2000,3070.6000,3070.2000,3074.6000,3074.8000,3075.0000,3075.6000,3075.8000,1,1,1,1,1,1,3,2,1,1
SF,IH2002,2020-01-09 09:33:40.900,3073.6000,2399,1,60850740.000,1,1,0,双开,S,3072.6000,3072.2000,3070.6000,3070.2000,3069.6000,3074.6000,3074.8000,3075.0000,3075.6000,3075.8000,1,1,1,1,3,1,3,2,1,1
SF,IH2002,2020-01-09 09:33:41.400,3073.6000,2399,0,60850740.000,0,-,-,-,-,3072.6000,3072.2000,3070.6000,3070.2000,3069.6000,3074.6000,3074.8000,3075.0000,3075.6000,3075.8000,1,1,1,1,3,1,3,2,1,1
SF,IH2002,2020-01-09 09:33:41.900,3073.6000,2399,0,60850740.000,0,-,-,-,-,3072.6000,3072.2000,3070.6000,3070.2000,3069.6000,3074.6000,3074.8000,3075.0000,3075.6000,3075.8000,1,1,1,1,3,1,3,2,1,1
SF,IH2002,2020-01-09 09:33:42.400,3073.6000,2399,0,60850740.000,0,-,-,-,-,3072.2000,3070.6000,3070.2000,3069.6000,3069.4000,3074.6000,3074.8000,3075.0000,3075.6000,3075.8000,1,1,1,3,1,1,3,2,1,1
SF,IH2002,2020-01-09 09:33:42.900,3073.6000,2399,0,60850740.000,0,-,-,-,-,3072.2000,3070.6000,3070.2000,3069.6000,3069.4000,3074.4000,3074.6000,3075.0000,3075.6000,3075.8000,1,1,1,3,1,3,1,2,1,1
SF,IH2002,2020-01-09 09:33:43.400,3073.6000,2399,0,60850740.000,0,-,-,-,-,3072.2000,3070.6000,3070.2000,3069.6000,3069.4000,3074.2000,3074.4000,3074.6000,3075.0000,3075.6000,1,1,1,3,1,1,3,1,2,1
SF,IH2002,2020-01-09 09:33:44.900,3073.6000,2399,0,60850740.000,0,-,-,-,-,3072.2000,3070.6000,3070.2000,3069.6000,3069.4000,3074.6000,3075.0000,3075.6000,3075.8000,3076.0000,1,1,1,3,1,1,2,1,1,1
SF,IH2002,2020-01-09 09:33:45.400,3073.6000,2399,0,60850740.000,0,-,-,-,-,3072.4000,3072.2000,3070.6000,3070.2000,3069.6000,3074.6000,3075.0000,3075.6000,3075.8000,3076.0000,1,1,1,1,3,1,2,1,1,1
SF,IH2002,2020-01-09 09:33:45.900,3073.6000,2399,0,60850740.000,0,-,-,-,-,3074.2000,3072.4000,3072.2000,3070.6000,3070.2000,3074.4000,3074.6000,3075.0000,3075.6000,3075.8000,1,1,1,1,1,3,1,2,1,1
SF,IH2002,2020-01-09 09:33:46.400,3074.2000,2398,-1,61773000.000,1,0,1,双平,S,3072.2000,3070.6000,3070.2000,3069.6000,3069.2000,3074.2000,3074.4000,3074.6000,3075.0000,3075.6000,1,1,1,3,1,1,3,1,2,1
SF,IH2002,2020-01-09 09:33:46.900,3074.2000,2398,0,61773000.000,0,-,-,-,-,3072.4000,3072.2000,3070.6000,3070.2000,3069.6000,3074.2000,3074.4000,3074.6000,3075.0000,3075.6000,1,1,1,1,3,1,3,1,2,1
SF,IH2002,2020-01-09 09:33:47.400,3074.2000,2398,0,61773000.000,0,-,-,-,-,3072.4000,3072.2000,3070.6000,3070.2000,3069.6000,3074.2000,3074.4000,3074.6000,3075.0000,3075.6000,1,1,1,1,3,2,3,1,2,1
SF,IH2002,2020-01-09 09:33:47.900,3074.2000,2398,0,61773000.000,0,-,-,-,-,3072.2000,3070.6000,3070.2000,3069.6000,3069.2000,3074.2000,3074.4000,3074.6000,3075.0000,3075.6000,1,1,1,3,1,1,3,1,2,1
SF,IH2002,2020-01-09 09:33:48.400,3074.2000,2398,0,61773000.000,0,-,-,-,-,3072.2000,3070.6000,3070.2000,3069.6000,3069.2000,3074.2000,3074.4000,3074.6000,3075.0000,3075.6000,1,1,1,3,1,1,3,1,2,1
SF,IH2002,2020-01-09 09:33:48.900,3074.2000,2398,0,61773000.000,0,-,-,-,-,3072.2000,3070.6000,3070.2000,3069.6000,3069.2000,3074.0000,3074.2000,3074.4000,3074.6000,3075.0000,1,1,1,3,1,1,1,3,1,2
SF,IH2002,2020-01-09 09:33:49.400,3074.2000,2398,0,61773000.000,0,-,-,-,-,3072.2000,3070.6000,3070.2000,3069.6000,3069.2000,3074.2000,3074.4000,3074.6000,3075.0000,3075.6000,1,1,1,3,1,1,3,1,2,1
SF,IH2002,2020-01-09 09:33:50.400,3074.2000,2398,0,61773000.000,0,-,-,-,-,3072.2000,3070.6000,3070.2000,3069.6000,3069.2000,3074.2000,3074.4000,3074.6000,3075.0000,3075.6000,1,1,1,3,1,1,3,1,2,1
SF,IH2002,2020-01-09 09:33:50.900,3074.2000,2398,0,61773000.000,0,-,-,-,-,3072.4000,3072.2000,3072.0000,3070.6000,3070.2000,3074.2000,3074.6000,3075.0000,3075.6000,3075.8000,1,1,1,1,1,1,1,2,1,1
SF,IH2002,2020-01-09 09:33:51.400,3074.2000,2398,0,61773000.000,0,-,-,-,-,3072.4000,3072.2000,3070.6000,3070.2000,3069.6000,3074.2000,3074.6000,3075.0000,3075.6000,3075.8000,1,1,1,1,3,1,1,2,1,1
SF,IH2002,2020-01-09 09:33:52.400,3074.2000,2398,0,61773000.000,0,-,-,-,-,3072.2000,3070.6000,3070.2000,3069.6000,3069.2000,3074.2000,3074.6000,3075.0000,3075.6000,3075.8000,1,1,1,3,1,1,1,2,1,1
SF,IH2002,2020-01-09 09:33:52.900,3074.2000,2398,0,61773000.000,0,-,-,-,-,3072.2000,3070.6000,3070.2000,3069.6000,3069.2000,3074.2000,3074.6000,3075.0000,3075.6000,3075.8000,1,1,1,3,1,1,1,2,1,1
SF,IH2002,2020-01-09 09:33:53.400,3074.2000,2398,0,61773000.000,0,-,-,-,-,3072.2000,3070.6000,3070.2000,3069.6000,3069.2000,3074.2000,3074.6000,3075.0000,3075.6000,3075.8000,1,1,1,3,1,1,1,2,1,1
SF,IH2002,2020-01-09 09:33:54.900,3074.2000,2398,0,61773000.000,0,-,-,-,-,3072.2000,3070.6000,3070.2000,3069.6000,3069.2000,3074.2000,3074.6000,3075.0000,3075.6000,3076.0000,1,1,1,3,1,1,1,2,1,1
SF,IH2002,2020-01-09 09:33:55.400,3074.2000,2398,0,61773000.000,0,-,-,-,-,3072.4000,3072.2000,3070.6000,3070.2000,3069.6000,3074.2000,3074.6000,3075.0000,3075.6000,3076.0000,1,1,1,1,3,1,1,2,1,1
SF,IH2002,2020-01-09 09:33:55.900,3074.2000,2398,0,61773000.000,0,-,-,-,-,3072.4000,3072.2000,3070.6000,3070.2000,3069.6000,3074.2000,3074.6000,3075.0000,3075.6000,3076.0000,1,1,1,1,3,1,1,2,1,1
SF,IH2002,2020-01-09 09:33:57.900,3074.2000,2398,0,61773000.000,0,-,-,-,-,3072.4000,3072.2000,3070.6000,3070.2000,3069.6000,3074.0000,3074.2000,3074.6000,3075.0000,3075.6000,1,1,1,1,3,1,1,1,2,1
SF,IH2002,2020-01-09 09:33:58.400,3074.2000,2398,0,61773000.000,0,-,-,-,-,3072.2000,3070.6000,3070.2000,3069.6000,3069.2000,3074.0000,3074.2000,3074.6000,3075.0000,3075.6000,1,1,1,3,1,1,1,1,2,1
SF,IH2002,2020-01-09 09:33:58.900,3074.2000,2398,0,61773000.000,0,-,-,-,-,3072.2000,3070.6000,3070.2000,3069.6000,3069.2000,3074.0000,3074.2000,3074.6000,3075.0000,3075.6000,1,1,1,3,1,2,1,1,2,1
SF,IH2002,2020-01-09 09:33:59.400,3074.2000,2398,0,61773000.000,0,-,-,-,-,3072.2000,3070.6000,3070.2000,3069.6000,3069.2000,3074.0000,3074.2000,3074.6000,3075.0000,3075.6000,1,1,1,3,1,2,1,1,2,1
SF,IH2002,2020-01-09 09:33:59.900,3074.2000,2398,0,61773000.000,0,-,-,-,-,3072.2000,3070.6000,3070.2000,3069.6000,3069.2000,3074.0000,3074.2000,3074.6000,3075.0000,3075.6000,1,1,1,3,1,2,1,1,2,1
SF,IH2002,2020-01-09 09:34:00.400,3074.2000,2398,0,61773000.000,0,-,-,-,-,3072.2000,3070.6000,3070.2000,3069.6000,3069.2000,3074.0000,3074.2000,3074.6000,3075.0000,3075.6000,1,1,1,3,1,3,1,1,2,1
SF,IH2002,2020-01-09 09:34:00.900,3072.2000,2398,0,62694660.000,1,0,1,多换,S,3070.6000,3070.2000,3069.6000,3069.2000,3066.6000,3074.0000,3074.2000,3074.6000,3075.0000,3075.6000,1,1,3,1,6,3,1,1,2,1
SF,IH2002,2020-01-09 09:34:01.400,3071.0000,2398,0,63615960.000,1,0,1,多换,S,3071.0000,3070.8000,3070.6000,3070.2000,3069.6000,3074.0000,3074.2000,3074.6000,3075.0000,3075.6000,3,3,1,1,3,3,1,1,2,1
SF,IH2002,2020-01-09 09:34:01.900,3071.0000,2398,0,63615960.000,0,-,-,-,-,3071.2000,3071.0000,3070.8000,3070.6000,3070.2000,3074.0000,3074.2000,3074.6000,3075.0000,3075.6000,2,4,1,1,1,3,1,1,2,1
SF,IH2002,2020-01-09 09:34:02.400,3071.0000,2398,0,63615960.000,0,-,-,-,-,3071.6000,3071.4000,3071.2000,3071.0000,3070.8000,3074.0000,3074.2000,3074.6000,3075.0000,3075.6000,3,1,2,1,1,3,1,1,2,1
SF,IH2002,2020-01-09 09:34:02.900,3071.0000,2398,0,63615960.000,0,-,-,-,-,3071.8000,3071.6000,3071.4000,3071.2000,3071.0000,3074.0000,3074.2000,3074.6000,3075.0000,3075.6000,1,3,1,2,1,2,1,1,2,1
SF,IH2002,2020-01-09 09:34:03.400,3071.0000,2398,0,63615960.000,0,-,-,-,-,3072.2000,3072.0000,3071.8000,3071.4000,3071.2000,3074.0000,3074.2000,3074.6000,3075.0000,3075.6000,3,2,2,1,1,2,1,1,2,1
SF,IH2002,2020-01-09 09:34:03.900,3071.0000,2398,0,63615960.000,0,-,-,-,-,3072.4000,3072.2000,3072.0000,3071.8000,3071.4000,3074.0000,3074.2000,3074.6000,3075.0000,3075.6000,2,3,1,1,1,2,1,1,2,1
SF,IH2002,2020-01-09 09:34:04.400,3071.0000,2398,0,63615960.000,0,-,-,-,-,3072.8000,3072.4000,3072.0000,3071.8000,3071.4000,3074.0000,3074.2000,3075.0000,3075.6000,3076.0000,3,4,1,1,1,2,1,2,1,1
SF,IH2002,2020-01-09 09:34:05.400,3071.0000,2398,0,63615960.000,0,-,-,-,-,3073.0000,3072.8000,3072.4000,3072.0000,3071.8000,3074.0000,3074.2000,3075.0000,3075.6000,3076.0000,1,3,2,1,1,2,1,2,1,1
SF,IH2002,2020-01-09 09:34:05.900,3071.0000,2398,0,63615960.000,0,-,-,-,-,3073.0000,3072.8000,3072.4000,3072.2000,3072.0000,3074.0000,3074.2000,3075.0000,3075.6000,3076.0000,1,3,2,1,1,2,1,3,1,1
SF,IH2002,2020-01-09 09:34:06.900,3071.0000,2398,0,63615960.000,0,-,-,-,-,3073.0000,3072.8000,3072.4000,3072.2000,3072.0000,3074.0000,3074.2000,3075.0000,3075.6000,3076.0000,1,3,2,1,1,2,1,3,1,1
SF,IH2002,2020-01-09 09:34:07.400,3071.0000,2398,0,63615960.000,0,-,-,-,-,3073.0000,3072.4000,3072.2000,3072.0000,3071.8000,3074.0000,3074.2000,3075.0000,3075.6000,3076.0000,1,1,1,1,1,2,1,3,1,1
SF,IH2002,2020-01-09 09:34:09.400,3072.8000,2398,0,64537800.000,1,0,1,多换,S,3072.4000,3072.2000,3072.0000,3071.8000,3071.4000,3074.0000,3074.2000,3075.0000,3075.6000,3076.0000,1,1,1,1,1,2,1,3,1,1
SF,IH2002,2020-01-09 09:34:09.900,3072.8000,2398,0,64537800.000,0,-,-,-,-,3072.8000,3072.6000,3072.4000,3072.2000,3072.0000,3073.0000,3074.0000,3074.2000,3075.0000,3075.6000,3,1,1,1,1,1,2,1,3,1
SF,IH2002,2020-01-09 09:34:10.400,3073.0000,2398,0,65459700.000,1,0,1,多换,S,3072.8000,3072.6000,3072.4000,3072.2000,3072.0000,3074.0000,3074.2000,3075.0000,3075.6000,3076.0000,3,1,1,1,1,2,1,3,1,1
SF,IH2002,2020-01-09 09:34:10.900,3073.0000,2398,0,65459700.000,0,-,-,-,-,3073.0000,3072.8000,3072.4000,3072.2000,3072.0000,3074.0000,3074.2000,3075.0000,3075.6000,3076.0000,1,3,1,1,1,2,1,3,1,1
SF,IH2002,2020-01-09 09:34:11.400,3073.0000,2398,0,65459700.000,0,-,-,-,-,3073.0000,3072.8000,3072.4000,3072.2000,3072.0000,3074.0000,3074.2000,3075.0000,3075.6000,3076.0000,1,3,1,1,1,2,1,3,1,1
SF,IH2002,2020-01-09 09:34:12.900,3073.0000,2398,0,65459700.000,0,-,-,-,-,3073.0000,3072.8000,3072.2000,3072.0000,3070.6000,3074.0000,3074.2000,3075.0000,3075.6000,3076.0000,1,3,1,1,1,2,1,3,1,1
SF,IH2002,2020-01-09 09:34:14.400,3073.0000,2398,0,66381600.000,1,0,1,多换,S,3072.8000,3072.2000,3072.0000,3070.6000,3070.2000,3074.0000,3074.2000,3075.0000,3075.6000,3076.0000,3,1,1,1,1,2,1,4,1,1
SF,IH2002,2020-01-09 09:34:16.400,3073.0000,2398,0,66381600.000,0,-,-,-,-,3072.8000,3072.2000,3072.0000,3070.6000,3070.2000,3074.0000,3074.2000,3075.0000,3075.6000,3076.0000,3,1,1,1,1,2,1,3,1,1
SF,IH2002,2020-01-09 09:34:18.900,3073.0000,2398,0,66381600.000,0,-,-,-,-,3072.2000,3072.0000,3070.6000,3070.2000,3069.6000,3074.0000,3074.2000,3075.0000,3075.6000,3076.0000,1,1,1,1,3,2,1,3,1,1
SF,IH2002,2020-01-09 09:34:19.400,3073.0000,2398,0,66381600.000,0,-,-,-,-,3072.6000,3072.2000,3072.0000,3070.6000,3070.2000,3072.8000,3074.0000,3074.2000,3075.0000,3075.6000,3,1,1,1,1,1,2,1,3,1
SF,IH2002,2020-01-09 09:34:19.900,3072.8000,2397,-1,67303440.000,1,0,1,双平,S,3072.6000,3072.2000,3072.0000,3070.6000,3070.2000,3074.0000,3074.2000,3075.0000,3075.6000,3076.0000,3,1,1,1,1,2,1,3,1,1
SF,IH2002,2020-01-09 09:34:20.400,3072.6000,2397,0,68225220.000,1,0,1,多换,S,3072.6000,3072.2000,3072.0000,3070.6000,3070.2000,3074.0000,3074.2000,3075.0000,3075.6000,3076.0000,2,1,1,1,1,2,1,3,1,1
SF,IH2002,2020-01-09 09:34:20.900,3072.6000,2397,0,68225220.000,0,-,-,-,-,3072.2000,3072.0000,3070.6000,3070.2000,3069.6000,3074.0000,3074.2000,3075.0000,3075.6000,3076.0000,1,1,1,1,3,2,1,3,1,1
SF,IH2002,2020-01-09 09:34:21.400,3072.6000,2397,0,68225220.000,0,-,-,-,-,3072.2000,3070.6000,3070.2000,3069.6000,3069.2000,3074.0000,3074.2000,3075.0000,3075.6000,3076.0000,1,1,1,3,1,2,1,3,1,1
SF,IH2002,2020-01-09 09:34:21.900,3072.6000,2397,0,68225220.000,0,-,-,-,-,3072.4000,3072.2000,3070.6000,3070.2000,3069.6000,3074.0000,3074.2000,3075.0000,3075.6000,3076.0000,3,1,1,1,3,2,1,3,1,1
SF,IH2002,2020-01-09 09:34:22.900,3072.6000,2397,0,68225220.000,0,-,-,-,-,3072.4000,3072.2000,3070.6000,3070.2000,3069.6000,3074.0000,3074.2000,3075.0000,3075.6000,3076.0000,2,1,1,1,3,2,1,3,1,1
SF,IH2002,2020-01-09 09:34:23.900,3072.6000,2397,0,68225220.000,0,-,-,-,-,3072.6000,3072.4000,3072.2000,3070.6000,3070.2000,3074.0000,3074.2000,3075.0000,3075.6000,3076.0000,1,2,1,1,1,2,1,3,1,1
SF,IH2002,2020-01-09 09:34:25.400,3072.6000,2397,0,68225220.000,0,-,-,-,-,3072.4000,3072.2000,3070.6000,3070.2000,3069.6000,3074.0000,3074.2000,3075.0000,3075.6000,3076.0000,2,1,1,1,3,2,1,3,1,1
SF,IH2002,2020-01-09 09:34:25.900,3072.6000,2397,0,68225220.000,0,-,-,-,-,3072.8000,3072.2000,3070.6000,3070.2000,3069.6000,3074.0000,3074.2000,3075.0000,3075.6000,3076.0000,2,1,1,1,3,2,1,3,1,1
SF,IH2002,2020-01-09 09:34:26.400,3072.6000,2397,0,68225220.000,0,-,-,-,-,3072.2000,3070.6000,3070.2000,3069.6000,3069.2000,3074.0000,3074.2000,3075.0000,3075.6000,3076.0000,1,1,1,3,1,2,1,3,1,1
SF,IH2002,2020-01-09 09:34:26.900,3072.6000,2397,0,68225220.000,0,-,-,-,-,3072.6000,3072.2000,3070.6000,3070.2000,3069.6000,3074.0000,3074.2000,3075.0000,3075.6000,3076.0000,2,1,1,1,3,2,1,3,1,1
SF,IH2002,2020-01-09 09:34:27.900,3072.6000,2397,0,68225220.000,0,-,-,-,-,3072.8000,3072.6000,3072.2000,3070.6000,3070.2000,3074.0000,3074.2000,3075.0000,3075.6000,3076.0000,1,2,1,1,1,2,1,3,1,1
SF,IH2002,2020-01-09 09:34:30.400,3072.6000,2397,0,68225220.000,0,-,-,-,-,3072.8000,3072.2000,3070.6000,3070.2000,3069.6000,3074.0000,3074.2000,3075.0000,3075.6000,3076.0000,1,1,1,1,3,2,1,3,1,1
SF,IH2002,2020-01-09 09:34:33.400,3072.6000,2397,0,68225220.000,0,-,-,-,-,3072.8000,3072.2000,3070.6000,3070.2000,3069.6000,3073.8000,3074.0000,3074.2000,3075.0000,3075.6000,1,1,1,1,3,1,2,1,3,1
SF,IH2002,2020-01-09 09:34:34.900,3072.8000,2398,1,69147060.000,1,1,0,双开,S,3072.2000,3070.6000,3070.2000,3069.6000,3069.2000,3073.8000,3074.0000,3074.2000,3075.0000,3075.6000,1,1,1,3,1,1,2,1,3,1
SF,IH2002,2020-01-09 09:34:35.400,3072.8000,2398,0,69147060.000,0,-,-,-,-,3072.2000,3070.6000,3070.2000,3069.6000,3069.2000,3073.8000,3074.0000,3074.2000,3075.0000,3075.6000,1,1,1,3,1,1,2,1,3,1
SF,IH2002,2020-01-09 09:34:35.900,3072.8000,2398,0,69147060.000,0,-,-,-,-,3072.2000,3070.6000,3070.2000,3069.6000,3069.2000,3073.8000,3074.0000,3074.2000,3075.0000,3075.6000,1,1,1,3,1,1,2,1,3,1
SF,IH2002,2020-01-09 09:34:36.400,3072.2000,2398,0,70068720.000,1,0,1,多换,S,3070.6000,3070.2000,3069.6000,3066.6000,3065.2000,3073.8000,3074.0000,3074.2000,3075.0000,3075.6000,1,1,3,6,1,1,2,1,3,1
SF,IH2002,2020-01-09 09:34:36.900,3072.2000,2398,0,70068720.000,0,-,-,-,-,3071.0000,3070.8000,3070.6000,3070.2000,3069.6000,3073.8000,3074.0000,3074.2000,3075.0000,3075.6000,2,2,1,1,3,1,2,1,3,1
SF,IH2002,2020-01-09 09:34:37.900,3072.2000,2398,0,70068720.000,0,-,-,-,-,3071.0000,3070.8000,3070.6000,3070.2000,3069.6000,3073.8000,3074.0000,3074.2000,3075.0000,3075.6000,2,1,1,1,3,1,2,1,3,1
SF,IH2002,2020-01-09 09:34:38.900,3072.2000,2398,0,70068720.000,0,-,-,-,-,3071.2000,3071.0000,3070.8000,3070.6000,3070.2000,3073.8000,3074.0000,3074.2000,3075.0000,3075.6000,1,2,1,1,1,1,2,1,3,1
SF,IH2002,2020-01-09 09:34:39.400,3072.2000,2398,0,70068720.000,0,-,-,-,-,3071.6000,3071.2000,3070.8000,3070.6000,3070.2000,3073.8000,3074.0000,3074.2000,3075.0000,3075.6000,2,2,1,1,1,1,2,1,3,1
SF,IH2002,2020-01-09 09:34:40.400,3072.2000,2398,0,70068720.000,0,-,-,-,-,3071.6000,3070.8000,3070.6000,3070.2000,3069.6000,3073.8000,3074.0000,3074.2000,3075.0000,3075.6000,2,1,1,1,3,1,2,1,3,1
SF,IH2002,2020-01-09 09:34:40.900,3072.2000,2398,0,70068720.000,0,-,-,-,-,3071.8000,3071.6000,3070.8000,3070.6000,3070.2000,3073.8000,3074.0000,3074.2000,3075.0000,3075.6000,1,2,1,1,1,1,2,1,3,1
SF,IH2002,2020-01-09 09:34:41.400,3072.2000,2398,0,70068720.000,0,-,-,-,-,3072.0000,3071.8000,3070.8000,3070.6000,3070.2000,3073.8000,3074.0000,3074.2000,3075.0000,3075.6000,2,1,1,1,1,1,2,1,3,1
SF,IH2002,2020-01-09 09:34:41.900,3072.2000,2398,0,70068720.000,0,-,-,-,-,3072.0000,3070.8000,3070.6000,3070.2000,3069.6000,3073.8000,3074.0000,3074.2000,3075.0000,3075.6000,2,1,1,1,3,1,2,1,3,1
SF,IH2002,2020-01-09 09:34:42.400,3072.2000,2398,0,70068720.000,0,-,-,-,-,3072.2000,3072.0000,3070.8000,3070.6000,3070.2000,3073.8000,3074.0000,3074.2000,3075.0000,3075.6000,1,2,1,1,1,1,2,1,3,1
SF,IH2002,2020-01-09 09:34:42.900,3072.2000,2398,0,70068720.000,0,-,-,-,-,3072.2000,3072.0000,3070.8000,3070.6000,3070.2000,3074.0000,3074.2000,3075.0000,3075.6000,3075.8000,1,2,1,1,1,2,1,3,1,1
SF,IH2002,2020-01-09 09:34:43.400,3072.2000,2398,0,70068720.000,0,-,-,-,-,3072.0000,3070.8000,3070.6000,3070.2000,3069.6000,3074.0000,3074.2000,3075.0000,3075.6000,3075.8000,2,1,1,1,3,2,1,3,1,1
SF,IH2002,2020-01-09 09:34:44.400,3072.2000,2398,0,70068720.000,0,-,-,-,-,3072.2000,3072.0000,3070.8000,3070.6000,3070.2000,3074.0000,3074.2000,3075.0000,3075.6000,3075.8000,1,2,1,1,1,2,1,3,1,1
SF,IH2002,2020-01-09 09:34:46.900,3072.2000,2398,0,70068720.000,0,-,-,-,-,3072.4000,3072.2000,3070.8000,3070.6000,3070.2000,3074.0000,3074.2000,3075.0000,3075.6000,3075.8000,2,1,1,1,1,2,1,3,1,1
SF,IH2002,2020-01-09 09:34:47.400,3072.2000,2398,0,70068720.000,0,-,-,-,-,3072.6000,3072.2000,3070.8000,3070.6000,3070.2000,3074.0000,3074.2000,3075.0000,3075.6000,3075.8000,1,1,1,1,1,2,1,3,1,1
SF,IH2002,2020-01-09 09:34:47.900,3072.2000,2398,0,70068720.000,0,-,-,-,-,3072.6000,3070.8000,3070.6000,3070.2000,3069.6000,3074.0000,3074.2000,3075.0000,3075.6000,3075.8000,1,1,1,1,3,2,1,3,1,1
SF,IH2002,2020-01-09 09:34:48.400,3072.2000,2398,0,70068720.000,0,-,-,-,-,3070.8000,3070.6000,3070.2000,3069.6000,3066.6000,3074.0000,3074.2000,3075.0000,3075.6000,3075.8000,1,1,1,3,6,2,1,3,1,1
SF,IH2002,2020-01-09 09:34:48.900,3072.2000,2398,0,70068720.000,0,-,-,-,-,3071.2000,3071.0000,3070.8000,3070.6000,3070.2000,3074.0000,3074.2000,3075.0000,3075.6000,3075.8000,2,1,1,1,1,2,1,3,1,1
SF,IH2002,2020-01-09 09:34:49.900,3072.2000,2398,0,70068720.000,0,-,-,-,-,3071.4000,3071.2000,3071.0000,3070.8000,3070.6000,3074.0000,3074.2000,3075.0000,3075.6000,3075.8000,1,2,1,1,1,2,1,3,1,1
SF,IH2002,2020-01-09 09:34:50.400,3072.2000,2398,0,70068720.000,0,-,-,-,-,3071.8000,3071.4000,3071.0000,3070.8000,3070.6000,3074.0000,3074.2000,3075.0000,3075.6000,3075.8000,2,1,1,1,2,2,1,3,1,1
SF,IH2002,2020-01-09 09:34:50.900,3072.2000,2398,0,70068720.000,0,-,-,-,-,3072.0000,3071.8000,3071.4000,3071.0000,3070.8000,3074.0000,3074.2000,3075.0000,3075.6000,3075.8000,1,2,1,1,1,2,1,3,1,1
SF,IH2002,2020-01-09 09:34:51.400,3072.2000,2398,0,70068720.000,0,-,-,-,-,3072.2000,3072.0000,3071.4000,3071.0000,3070.8000,3074.0000,3074.2000,3075.0000,3075.6000,3075.8000,2,1,1,1,1,2,1,3,1,1
SF,IH2002,2020-01-09 09:34:51.900,3072.2000,2398,0,70068720.000,0,-,-,-,-,3072.4000,3072.2000,3072.0000,3071.4000,3071.0000,3074.0000,3074.2000,3075.0000,3075.6000,3075.8000,1,2,1,1,1,2,1,3,1,1
SF,IH2002,2020-01-09 09:34:57.400,3072.2000,2398,0,70068720.000,0,-,-,-,-,3072.4000,3072.2000,3072.0000,3071.4000,3071.0000,3074.0000,3074.2000,3075.0000,3075.6000,3075.8000,1,2,1,1,1,2,1,3,1,1
SF,IH2002,2020-01-09 09:35:00.400,3072.2000,2398,0,70068720.000,0,-,-,-,-,3072.4000,3072.0000,3071.4000,3071.0000,3070.8000,3074.0000,3074.2000,3075.0000,3075.6000,3075.8000,1,1,1,1,1,2,1,3,1,1
SF,IH2002,2020-01-09 09:35:00.900,3072.4000,2398,0,70990440.000,1,0,1,多换,S,3072.0000,3071.4000,3070.6000,3070.2000,3069.6000,3073.8000,3074.0000,3074.2000,3075.0000,3075.6000,1,1,2,1,3,2,2,1,3,1
SF,IH2002,2020-01-09 09:35:01.400,3072.4000,2398,0,70990440.000,0,-,-,-,-,3072.0000,3070.6000,3070.2000,3069.6000,3066.6000,3073.8000,3074.0000,3074.2000,3075.0000,3075.6000,1,2,1,3,6,3,2,1,3,1
SF,IH2002,2020-01-09 09:35:01.900,3072.4000,2398,0,70990440.000,0,-,-,-,-,3070.6000,3070.2000,3069.6000,3066.6000,3065.2000,3073.8000,3074.0000,3074.2000,3075.0000,3075.6000,2,1,3,6,1,3,2,1,3,1
SF,IH2002,2020-01-09 09:35:02.400,3072.4000,2398,0,70990440.000,0,-,-,-,-,3071.0000,3070.8000,3070.6000,3070.2000,3069.6000,3073.8000,3074.0000,3074.2000,3075.0000,3075.6000,2,2,2,1,3,1,2,1,3,1
SF,IH2002,2020-01-09 09:35:03.400,3072.4000,2398,0,70990440.000,0,-,-,-,-,3071.0000,3070.8000,3070.6000,3070.2000,3069.6000,3073.6000,3073.8000,3074.0000,3074.2000,3075.0000,2,1,2,1,3,1,1,2,1,3
SF,IH2002,2020-01-09 09:35:04.400,3072.4000,2398,0,70990440.000,0,-,-,-,-,3071.2000,3071.0000,3070.8000,3070.6000,3070.2000,3073.8000,3074.0000,3074.2000,3075.0000,3075.6000,1,2,1,2,1,1,2,1,3,1
SF,IH2002,2020-01-09 09:35:04.900,3072.4000,2398,0,70990440.000,0,-,-,-,-,3071.6000,3071.2000,3070.8000,3070.6000,3070.2000,3073.8000,3074.0000,3074.2000,3075.0000,3075.6000,2,1,1,2,1,1,2,1,3,1
SF,IH2002,2020-01-09 09:35:05.400,3072.4000,2398,0,70990440.000,0,-,-,-,-,3071.8000,3071.6000,3071.2000,3070.8000,3070.6000,3073.8000,3074.0000,3074.2000,3075.0000,3075.6000,1,2,1,1,2,1,2,1,3,1
SF,IH2002,2020-01-09 09:35:05.900,3072.4000,2398,0,70990440.000,0,-,-,-,-,3072.0000,3071.8000,3070.8000,3070.6000,3070.2000,3073.8000,3074.0000,3074.2000,3075.0000,3075.6000,2,1,1,2,1,1,2,1,3,1
SF,IH2002,2020-01-09 09:35:06.400,3072.4000,2398,0,70990440.000,0,-,-,-,-,3070.6000,3070.2000,3069.6000,3066.6000,3065.2000,3073.6000,3073.8000,3074.0000,3074.2000,3075.0000,2,1,3,6,1,1,1,2,1,3
SF,IH2002,2020-01-09 09:35:06.900,3072.4000,2398,0,70990440.000,0,-,-,-,-,3071.0000,3070.8000,3070.6000,3070.2000,3069.6000,3073.6000,3073.8000,3074.0000,3074.2000,3075.0000,2,1,2,1,3,1,1,2,1,3
SF,IH2002,2020-01-09 09:35:07.900,3072.4000,2398,0,70990440.000,0,-,-,-,-,3071.2000,3071.0000,3070.8000,3070.6000,3070.2000,3073.8000,3074.0000,3074.2000,3075.0000,3075.6000,1,2,1,2,1,1,2,1,3,1
SF,IH2002,2020-01-09 09:35:08.400,3072.4000,2398,0,70990440.000,0,-,-,-,-,3071.6000,3071.2000,3070.8000,3070.6000,3070.2000,3073.8000,3074.0000,3074.2000,3075.0000,3075.6000,2,1,1,2,1,1,2,1,3,1
SF,IH2002,2020-01-09 09:35:08.900,3072.4000,2398,0,70990440.000,0,-,-,-,-,3071.2000,3070.6000,3070.2000,3069.6000,3066.6000,3073.6000,3073.8000,3074.0000,3074.2000,3075.0000,1,2,1,3,6,1,1,2,1,3
SF,IH2002,2020-01-09 09:35:09.400,3072.4000,2398,0,70990440.000,0,-,-,-,-,3071.4000,3070.6000,3070.2000,3069.6000,3066.6000,3073.4000,3073.6000,3073.8000,3074.0000,3074.2000,2,2,1,3,6,1,2,1,2,1
SF,IH2002,2020-01-09 09:35:09.900,3072.4000,2398,0,70990440.000,0,-,-,-,-,3070.6000,3070.2000,3069.6000,3066.6000,3065.2000,3073.4000,3073.6000,3073.8000,3074.0000,3074.2000,1,1,3,6,1,1,3,1,2,1
SF,IH2002,2020-01-09 09:35:10.400,3072.4000,2398,0,70990440.000,0,-,-,-,-,3071.0000,3070.6000,3070.2000,3069.6000,3066.6000,3073.2000,3073.4000,3073.6000,3073.8000,3074.0000,2,1,1,3,6,1,1,2,1,2
SF,IH2002,2020-01-09 09:35:10.900,3072.4000,2398,0,70990440.000,0,-,-,-,-,3070.6000,3070.2000,3066.6000,3065.2000,3064.6000,3073.0000,3073.2000,3073.4000,3073.6000,3073.8000,1,1,6,1,1,2,4,1,1,1
SF,IH2002,2020-01-09 09:35:11.400,3072.4000,2398,0,70990440.000,0,-,-,-,-,3070.6000,3066.6000,3065.2000,3064.6000,3063.8000,3071.4000,3072.6000,3072.8000,3073.0000,3073.2000,1,6,1,1,1,2,3,1,4,1
SF,IH2002,2020-01-09 09:35:11.900,3070.6000,2399,1,71911620.000,1,1,0,双开,S,3066.6000,3065.2000,3064.6000,3063.8000,3060.2000,3071.4000,3072.6000,3072.8000,3073.0000,3073.2000,6,1,1,1,1,2,3,1,4,2
SF,IH2002,2020-01-09 09:35:12.400,3070.6000,2399,0,71911620.000,0,-,-,-,-,3068.0000,3067.2000,3067.0000,3066.8000,3066.6000,3071.4000,3072.6000,3072.8000,3073.0000,3073.2000,1,1,5,5,9,2,3,1,3,1
SF,IH2002,2020-01-09 09:35:12.900,3070.6000,2399,0,71911620.000,0,-,-,-,-,3068.4000,3068.2000,3068.0000,3067.2000,3066.8000,3071.4000,3072.6000,3073.0000,3073.2000,3073.4000,5,1,1,1,5,2,3,3,1,1
SF,IH2002,2020-01-09 09:35:13.400,3070.6000,2399,0,71911620.000,0,-,-,-,-,3068.6000,3068.4000,3068.0000,3067.2000,3066.8000,3071.4000,3073.0000,3073.4000,3073.8000,3074.0000,1,5,1,1,5,2,3,1,1,2
SF,IH2002,2020-01-09 09:35:13.900,3070.6000,2399,0,71911620.000,0,-,-,-,-,3069.0000,3068.6000,3068.4000,3068.0000,3067.2000,3071.4000,3073.0000,3073.4000,3073.8000,3074.0000,2,2,3,1,1,2,3,1,1,2
SF,IH2002,2020-01-09 09:35:14.400,3070.6000,2399,0,71911620.000,0,-,-,-,-,3069.2000,3069.0000,3068.8000,3068.6000,3068.0000,3071.4000,3073.0000,3073.4000,3073.8000,3074.0000,1,2,5,1,1,2,3,1,1,2
SF,IH2002,2020-01-09 09:35:14.900,3070.6000,2399,0,71911620.000,0,-,-,-,-,3069.6000,3069.2000,3068.8000,3068.6000,3068.0000,3071.4000,3073.0000,3073.4000,3073.8000,3074.0000,2,2,5,1,1,2,1,1,1,2
SF,IH2002,2020-01-09 09:35:15.400,3070.6000,2399,0,71911620.000,0,-,-,-,-,3069.6000,3069.2000,3068.8000,3068.6000,3068.0000,3071.4000,3073.0000,3073.4000,3073.8000,3074.0000,3,2,4,1,1,2,1,1,1,2
SF,IH2002,2020-01-09 09:35:15.900,3070.6000,2399,0,71911620.000,0,-,-,-,-,3069.8000,3069.6000,3069.2000,3068.8000,3068.6000,3071.4000,3073.0000,3073.4000,3073.8000,3074.0000,1,3,2,3,1,2,1,1,1,2
SF,IH2002,2020-01-09 09:35:16.400,3070.6000,2399,0,71911620.000,0,-,-,-,-,3070.2000,3069.8000,3069.6000,3069.2000,3068.8000,3071.4000,3073.0000,3073.4000,3073.8000,3074.0000,2,1,1,2,3,3,1,1,1,2
SF,IH2002,2020-01-09 09:35:16.900,3070.6000,2399,0,71911620.000,0,-,-,-,-,3069.8000,3069.6000,3069.2000,3068.6000,3068.0000,3071.4000,3073.0000,3073.4000,3073.8000,3074.0000,1,1,1,1,1,3,1,1,1,2
SF,IH2002,2020-01-09 09:35:17.400,3070.6000,2399,0,71911620.000,0,-,-,-,-,3070.0000,3069.8000,3069.2000,3068.6000,3068.0000,3071.4000,3073.0000,3073.4000,3073.8000,3074.0000,2,1,1,1,1,1,1,1,1,2
SF,IH2002,2020-01-09 09:35:17.900,3070.6000,2399,0,71911620.000,0,-,-,-,-,3070.0000,3069.8000,3069.6000,3069.2000,3068.6000,3071.4000,3073.0000,3073.4000,3073.8000,3074.0000,2,1,1,1,1,1,1,1,1,2
SF,IH2002,2020-01-09 09:35:19.400,3070.6000,2399,0,71911620.000,0,-,-,-,-,3070.2000,3070.0000,3069.8000,3069.6000,3069.2000,3071.4000,3073.0000,3073.4000,3073.8000,3074.0000,1,2,1,1,1,1,1,1,1,2
SF,IH2002,2020-01-09 09:35:19.900,3070.6000,2399,0,71911620.000,0,-,-,-,-,3070.6000,3070.2000,3069.8000,3069.6000,3069.2000,3071.4000,3073.0000,3073.4000,3073.8000,3074.0000,2,1,1,1,1,1,1,1,1,2
SF,IH2002,2020-01-09 09:35:20.400,3070.6000,2399,0,71911620.000,0,-,-,-,-,3070.6000,3069.8000,3069.2000,3068.6000,3068.0000,3071.4000,3073.0000,3073.4000,3073.8000,3074.0000,2,1,1,1,1,1,1,1,1,2
SF,IH2002,2020-01-09 09:35:20.900,3071.4000,2399,0,72833040.000,1,0,1,多换,S,3070.6000,3069.8000,3069.2000,3068.6000,3068.0000,3073.0000,3073.4000,3073.8000,3074.0000,3074.2000,2,1,1,1,1,1,1,1,2,1
SF,IH2002,2020-01-09 09:35:21.400,3071.4000,2399,0,72833040.000,0,-,-,-,-,3070.8000,3070.6000,3069.8000,3069.2000,3068.6000,3072.8000,3073.0000,3073.4000,3073.8000,3074.0000,1,2,1,1,1,1,1,1,1,2
SF,IH2002,2020-01-09 09:35:21.900,3071.4000,2399,0,72833040.000,0,-,-,-,-,3071.0000,3070.8000,3069.8000,3069.2000,3068.6000,3072.8000,3073.0000,3073.4000,3073.8000,3074.0000,2,1,1,1,1,1,1,1,1,2
SF,IH2002,2020-01-09 09:35:22.400,3071.4000,2399,0,72833040.000,0,-,-,-,-,3071.2000,3071.0000,3070.8000,3069.8000,3069.2000,3072.8000,3073.0000,3073.4000,3073.8000,3074.0000,1,2,1,1,1,1,1,1,1,2
SF,IH2002,2020-01-09 09:35:22.900,3071.4000,2399,0,72833040.000,0,-,-,-,-,3071.2000,3071.0000,3070.8000,3069.8000,3069.2000,3072.8000,3073.4000,3073.8000,3074.0000,3074.2000,1,2,1,1,1,1,1,1,2,1
SF,IH2002,2020-01-09 09:35:23.400,3071.4000,2399,0,72833040.000,0,-,-,-,-,3071.2000,3070.8000,3069.8000,3069.2000,3068.6000,3072.8000,3073.4000,3073.8000,3074.0000,3074.2000,1,1,1,1,1,1,1,1,2,1
SF,IH2002,2020-01-09 09:35:23.900,3071.4000,2399,0,72833040.000,0,-,-,-,-,3071.2000,3070.8000,3069.8000,3069.2000,3068.6000,3072.8000,3073.4000,3073.8000,3074.0000,3074.2000,1,1,1,1,1,1,1,1,2,1
SF,IH2002,2020-01-09 09:35:25.900,3071.4000,2398,-1,74675880.000,2,0,2,多平,S,3071.2000,3070.8000,3069.8000,3069.2000,3068.6000,3072.8000,3073.4000,3073.8000,3074.0000,3074.2000,1,1,1,1,1,1,1,1,2,1
SF,IH2002,2020-01-09 09:35:26.400,3071.4000,2398,0,74675880.000,0,-,-,-,-,3071.2000,3070.8000,3069.8000,3069.2000,3068.6000,3073.4000,3073.8000,3074.0000,3074.2000,3075.0000,1,1,1,1,1,1,1,2,1,3
SF,IH2002,2020-01-09 09:35:26.900,3071.4000,2398,0,74675880.000,0,-,-,-,-,3071.2000,3070.8000,3069.8000,3069.2000,3068.6000,3072.6000,3073.4000,3073.8000,3074.0000,3074.2000,1,1,1,1,1,1,1,1,2,1
SF,IH2002,2020-01-09 09:35:28.400,3071.4000,2398,0,74675880.000,0,-,-,-,-,3071.2000,3070.8000,3069.8000,3069.2000,3068.6000,3073.4000,3073.8000,3074.0000,3074.2000,3075.0000,1,1,1,1,1,1,1,2,1,3
SF,IH2002,2020-01-09 09:35:28.900,3071.4000,2398,0,74675880.000,0,-,-,-,-,3071.2000,3070.8000,3069.8000,3069.2000,3066.8000,3073.2000,3073.4000,3073.8000,3074.0000,3074.2000,1,1,1,1,3,1,1,1,2,1
SF,IH2002,2020-01-09 09:35:29.400,3071.4000,2398,0,74675880.000,0,-,-,-,-,3071.2000,3070.8000,3069.8000,3066.8000,3066.6000,3073.2000,3073.4000,3073.8000,3074.0000,3074.2000,1,1,1,3,6,1,1,1,2,1
SF,IH2002,2020-01-09 09:35:29.900,3071.4000,2398,0,74675880.000,0,-,-,-,-,3071.2000,3070.8000,3066.8000,3066.6000,3065.2000,3073.2000,3073.4000,3073.8000,3074.0000,3074.2000,1,1,3,6,1,1,1,1,2,1
SF,IH2002,2020-01-09 09:35:30.400,3071.4000,2398,0,74675880.000,0,-,-,-,-,3071.2000,3070.8000,3066.8000,3066.6000,3065.2000,3073.4000,3073.8000,3074.0000,3074.2000,3075.0000,1,1,3,6,1,1,1,2,1,3
SF,IH2002,2020-01-09 09:35:32.900,3071.4000,2398,0,74675880.000,0,-,-,-,-,3071.2000,3070.8000,3066.8000,3066.6000,3065.2000,3073.8000,3074.0000,3074.2000,3075.0000,3075.8000,1,1,3,6,1,1,2,1,3,1
SF,IH2002,2020-01-09 09:35:33.400,3071.4000,2398,0,74675880.000,0,-,-,-,-,3071.4000,3071.2000,3070.8000,3066.8000,3066.6000,3073.8000,3074.0000,3074.2000,3075.0000,3075.8000,1,1,1,3,6,1,2,1,3,1
SF,IH2002,2020-01-09 09:35:33.900,3071.4000,2398,0,74675880.000,0,-,-,-,-,3071.6000,3071.4000,3071.2000,3070.8000,3066.8000,3073.8000,3074.0000,3074.2000,3075.0000,3075.8000,1,1,1,1,3,1,2,1,3,1
SF,IH2002,2020-01-09 09:35:34.400,3071.4000,2398,0,74675880.000,0,-,-,-,-,3071.6000,3071.4000,3071.2000,3070.8000,3066.8000,3073.8000,3074.0000,3074.2000,3075.0000,3075.8000,2,1,1,1,3,1,2,1,3,1
SF,IH2002,2020-01-09 09:35:35.400,3071.4000,2398,0,74675880.000,0,-,-,-,-,3071.6000,3071.4000,3071.2000,3070.8000,3066.8000,3073.8000,3074.0000,3074.2000,3075.0000,3075.8000,1,1,1,1,3,1,2,1,3,1
SF,IH2002,2020-01-09 09:35:35.900,3071.4000,2398,0,74675880.000,0,-,-,-,-,3071.8000,3071.6000,3071.2000,3070.8000,3066.8000,3074.0000,3074.2000,3075.0000,3075.8000,3076.0000,1,1,1,1,3,2,1,3,1,1
SF,IH2002,2020-01-09 09:35:36.400,3071.4000,2398,0,74675880.000,0,-,-,-,-,3072.0000,3071.8000,3071.6000,3071.2000,3070.8000,3074.0000,3074.2000,3075.0000,3075.8000,3076.0000,3,1,1,1,1,2,1,3,1,1
SF,IH2002,2020-01-09 09:35:37.400,3071.4000,2398,0,74675880.000,0,-,-,-,-,3072.0000,3071.6000,3071.2000,3070.8000,3066.8000,3074.0000,3074.2000,3075.0000,3075.8000,3076.0000,3,1,1,1,3,2,1,3,1,1
SF,IH2002,2020-01-09 09:35:37.900,3071.4000,2398,0,74675880.000,0,-,-,-,-,3072.4000,3072.0000,3071.6000,3071.2000,3070.8000,3074.0000,3074.2000,3075.0000,3075.8000,3076.0000,1,2,1,1,1,2,1,3,1,1
SF,IH2002,2020-01-09 09:35:38.400,3071.4000,2398,0,74675880.000,0,-,-,-,-,3072.6000,3072.4000,3072.0000,3071.6000,3071.2000,3074.0000,3074.2000,3075.0000,3075.8000,3076.0000,1,1,2,1,1,2,1,3,1,1
SF,IH2002,2020-01-09 09:35:38.900,3071.4000,2398,0,74675880.000,0,-,-,-,-,3072.8000,3072.6000,3072.4000,3072.0000,3071.6000,3074.0000,3074.2000,3075.0000,3075.8000,3076.0000,1,1,1,2,1,2,1,3,1,1
SF,IH2002,2020-01-09 09:35:39.900,3071.4000,2398,0,74675880.000,0,-,-,-,-,3072.6000,3072.4000,3072.0000,3071.6000,3071.2000,3074.0000,3074.2000,3075.0000,3075.8000,3076.0000,1,1,2,1,1,2,1,3,1,1
SF,IH2002,2020-01-09 09:35:40.400,3071.4000,2398,0,74675880.000,0,-,-,-,-,3072.6000,3072.4000,3072.0000,3071.6000,3071.2000,3074.0000,3074.2000,3075.0000,3075.8000,3076.0000,1,1,2,1,1,2,1,2,1,1
SF,IH2002,2020-01-09 09:35:40.900,3071.4000,2398,0,74675880.000,0,-,-,-,-,3072.6000,3072.4000,3072.0000,3071.2000,3070.8000,3074.0000,3074.2000,3075.0000,3075.8000,3076.0000,1,1,2,1,1,2,1,2,1,1
SF,IH2002,2020-01-09 09:35:41.900,3071.4000,2398,0,74675880.000,0,-,-,-,-,3072.6000,3072.0000,3071.2000,3070.8000,3066.8000,3074.0000,3074.2000,3075.0000,3075.8000,3076.0000,1,2,1,1,3,2,1,2,1,1
SF,IH2002,2020-01-09 09:35:42.400,3071.4000,2398,0,74675880.000,0,-,-,-,-,3072.8000,3072.6000,3072.0000,3071.2000,3070.8000,3074.0000,3074.2000,3075.0000,3075.8000,3076.0000,1,1,2,1,1,2,1,2,1,1
SF,IH2002,2020-01-09 09:35:42.900,3071.4000,2398,0,74675880.000,0,-,-,-,-,3072.8000,3072.6000,3072.0000,3071.2000,3070.8000,3074.0000,3074.2000,3075.0000,3075.8000,3076.0000,1,1,1,1,1,2,1,2,1,1
SF,IH2002,2020-01-09 09:35:43.400,3071.4000,2398,0,74675880.000,0,-,-,-,-,3073.0000,3072.8000,3072.0000,3071.2000,3070.8000,3074.0000,3074.2000,3075.0000,3075.8000,3076.0000,1,2,1,1,1,2,1,2,1,1
SF,IH2002,2020-01-09 09:35:43.900,3071.4000,2398,0,74675880.000,0,-,-,-,-,3073.0000,3072.8000,3072.0000,3071.2000,3066.8000,3074.0000,3074.2000,3075.0000,3075.8000,3076.0000,1,2,1,1,3,2,1,2,1,1
SF,IH2002,2020-01-09 09:35:44.400,3071.4000,2398,0,74675880.000,0,-,-,-,-,3072.8000,3072.0000,3071.2000,3066.8000,3066.6000,3074.0000,3074.2000,3075.0000,3075.8000,3076.0000,2,1,1,3,6,2,1,2,1,1
SF,IH2002,2020-01-09 09:35:44.900,3071.4000,2398,0,74675880.000,0,-,-,-,-,3072.8000,3072.0000,3066.8000,3066.6000,3065.2000,3074.0000,3074.2000,3075.0000,3075.8000,3076.0000,2,1,3,6,1,2,1,2,1,1
SF,IH2002,2020-01-09 09:35:46.900,3071.4000,2398,0,74675880.000,0,-,-,-,-,3072.8000,3072.0000,3066.8000,3066.6000,3065.2000,3074.0000,3074.2000,3075.0000,3075.8000,3076.0000,1,1,3,6,1,2,1,2,1,1
SF,IH2002,2020-01-09 09:35:47.400,3071.4000,2398,0,74675880.000,0,-,-,-,-,3072.0000,3066.8000,3066.6000,3065.2000,3064.6000,3074.0000,3074.2000,3075.0000,3075.8000,3076.0000,1,3,6,1,1,2,1,2,1,1
SF,IH2002,2020-01-09 09:35:47.900,3071.4000,2398,0,74675880.000,0,-,-,-,-,3072.2000,3072.0000,3066.8000,3066.6000,3065.2000,3074.0000,3074.2000,3075.0000,3075.8000,3076.0000,2,1,3,6,1,2,1,2,1,1
SF,IH2002,2020-01-09 09:35:49.400,3071.4000,2398,0,74675880.000,0,-,-,-,-,3072.4000,3072.2000,3072.0000,3066.8000,3066.6000,3074.0000,3074.2000,3075.0000,3075.8000,3076.0000,2,2,1,3,6,2,1,2,1,1
SF,IH2002,2020-01-09 09:35:49.900,3071.4000,2398,0,74675880.000,0,-,-,-,-,3072.4000,3072.2000,3072.0000,3066.8000,3066.6000,3073.8000,3074.0000,3074.2000,3075.0000,3075.8000,2,1,1,3,6,1,2,1,2,1
SF,IH2002,2020-01-09 09:35:50.400,3073.8000,2398,0,75598020.000,1,0,1,多换,S,3072.4000,3072.2000,3066.8000,3066.6000,3065.2000,3074.0000,3074.2000,3075.0000,3075.8000,3076.0000,1,1,3,6,1,2,1,2,1,1
SF,IH2002,2020-01-09 09:35:50.900,3073.8000,2398,0,75598020.000,0,-,-,-,-,3072.6000,3072.4000,3066.8000,3066.6000,3065.2000,3074.0000,3074.2000,3075.0000,3075.8000,3076.0000,1,1,3,6,1,2,1,2,1,1
SF,IH2002,2020-01-09 09:35:56.900,3073.8000,2398,0,75598020.000,0,-,-,-,-,3072.6000,3072.4000,3066.8000,3066.6000,3065.2000,3074.0000,3074.2000,3075.0000,3075.8000,3076.0000,1,1,3,6,1,2,1,2,1,1
SF,IH2002,2020-01-09 09:35:57.400,3073.8000,2398,0,75598020.000,0,-,-,-,-,3072.4000,3066.8000,3066.6000,3065.2000,3064.6000,3073.8000,3074.0000,3074.2000,3075.0000,3075.8000,1,3,6,1,1,1,2,1,2,1
SF,IH2002,2020-01-09 09:35:57.900,3073.8000,2398,0,75598020.000,0,-,-,-,-,3066.8000,3066.6000,3065.2000,3064.6000,3063.8000,3073.8000,3074.0000,3074.2000,3075.0000,3075.8000,3,6,1,1,1,1,2,1,2,1
SF,IH2002,2020-01-09 09:35:58.400,3073.8000,2397,-1,76520160.000,1,0,1,双平,S,3071.6000,3070.6000,3070.2000,3069.6000,3067.2000,3074.0000,3074.2000,3075.0000,3075.8000,3076.0000,1,1,1,1,4,2,1,2,1,1
SF,IH2002,2020-01-09 09:35:58.900,3073.8000,2397,0,76520160.000,0,-,-,-,-,3070.6000,3070.2000,3069.6000,3067.2000,3067.0000,3073.8000,3074.0000,3074.2000,3075.0000,3075.8000,1,1,1,4,1,1,2,1,2,1
SF,IH2002,2020-01-09 09:35:59.400,3073.8000,2397,0,76520160.000,0,-,-,-,-,3072.0000,3071.8000,3071.0000,3070.8000,3070.6000,3074.0000,3074.2000,3075.0000,3075.8000,3076.0000,1,1,4,1,1,2,1,2,1,1
SF,IH2002,2020-01-09 09:35:59.900,3073.8000,2397,0,76520160.000,0,-,-,-,-,3071.8000,3070.6000,3070.2000,3066.8000,3066.6000,3073.8000,3074.0000,3074.2000,3075.0000,3075.8000,1,1,1,3,6,1,2,1,2,1
SF,IH2002,2020-01-09 09:36:00.400,3073.8000,2397,0,76520160.000,0,-,-,-,-,3072.2000,3071.8000,3070.6000,3070.2000,3066.8000,3073.8000,3074.0000,3074.2000,3075.0000,3075.8000,1,1,1,1,3,1,2,1,2,1
SF,IH2002,2020-01-09 09:36:00.900,3073.8000,2397,0,76520160.000,0,-,-,-,-,3072.2000,3072.0000,3071.8000,3070.6000,3070.2000,3073.8000,3074.0000,3074.2000,3075.0000,3075.8000,1,1,1,1,1,1,2,1,2,1
SF,IH2002,2020-01-09 09:36:01.400,3073.8000,2397,0,76520160.000,0,-,-,-,-,3072.2000,3072.0000,3071.8000,3070.6000,3070.2000,3074.0000,3074.2000,3075.0000,3075.8000,3076.0000,1,1,1,1,1,2,1,2,1,1
SF,IH2002,2020-01-09 09:36:05.900,3074.0000,2398,1,77442360.000,1,1,0,双开,S,3072.2000,3072.0000,3071.8000,3070.6000,3070.2000,3074.0000,3074.2000,3075.0000,3075.8000,3076.0000,1,1,1,1,1,1,1,2,1,1
SF,IH2002,2020-01-09 09:36:06.400,3074.0000,2398,0,77442360.000,0,-,-,-,-,3072.2000,3072.0000,3071.8000,3070.6000,3070.2000,3074.0000,3074.2000,3075.0000,3075.8000,3076.0000,2,1,1,1,1,1,1,2,1,1
SF,IH2002,2020-01-09 09:36:06.900,3074.0000,2398,0,77442360.000,0,-,-,-,-,3072.4000,3072.2000,3072.0000,3071.8000,3070.6000,3074.0000,3074.2000,3075.0000,3075.8000,3076.0000,1,2,1,1,1,1,1,2,1,1
SF,IH2002,2020-01-09 09:36:07.400,3074.0000,2398,0,77442360.000,0,-,-,-,-,3072.6000,3072.4000,3072.2000,3072.0000,3071.8000,3074.0000,3074.2000,3075.0000,3075.8000,3076.0000,1,1,2,1,1,1,1,2,1,1
SF,IH2002,2020-01-09 09:36:10.400,3074.0000,2398,0,78364560.000,1,0,1,多换,S,3074.0000,3073.2000,3072.6000,3072.4000,3072.2000,3074.2000,3075.0000,3075.8000,3076.0000,3077.8000,1,1,1,1,2,1,2,1,1,1
SF,IH2002,2020-01-09 09:36:10.900,3074.0000,2398,0,79286760.000,1,0,1,多换,S,3074.0000,3073.2000,3072.6000,3072.4000,3072.2000,3074.2000,3075.0000,3075.8000,3076.0000,3077.8000,1,1,1,1,2,1,2,1,1,1
