市场代码,合约代码,时间,最新,持仓,增仓,成交额,成交量,开仓,平仓,成交类型,方向,买一价,买二价,买三价,买四价,买五价,卖一价,卖二价,卖三价,卖四价,卖五价,买一量,买二量,买三量,买四量,买五量,卖一量,卖二量,卖三量,卖四量,卖五量
SF,IH2012,2020-10-13 09:29:00.000,3347.0000,31138,0,23094300.000,23.000,-,-,-,-,3347.0000,3346.6000,3345.2000,3344.8000,3342.0000,3347.8000,3349.8000,3350.0000,3350.2000,3353.0000,1,1,1,1,1,1,1,1,1,1
SF,IH2012,2020-10-13 09:30:00.500,3347.8000,31135,-3,34142700.000,11,4,7,多平,S,3347.4000,3347.0000,3346.6000,3345.2000,3344.8000,3350.0000,3350.2000,3352.0000,3353.0000,3354.0000,5,1,1,1,1,1,1,6,1,1
SF,IH2012,2020-10-13 09:30:01.000,3347.6000,31131,-4,38161020.000,4,0,4,双平,S,3347.0000,3346.6000,3345.2000,3342.0000,3341.0000,3347.8000,3349.6000,3349.8000,3350.0000,3350.2000,1,1,1,1,2,1,6,1,1,1
SF,IH2012,2020-10-13 09:30:01.500,3347.6000,31129,-2,41173680.000,3,0,3,多平,S,3346.6000,3345.2000,3342.0000,3341.0000,3340.0000,3347.8000,3349.6000,3349.8000,3350.0000,3350.2000,1,1,1,2,2,1,5,1,1,1
SF,IH2012,2020-10-13 09:30:02.000,3346.6000,31128,-1,42177660.000,1,0,1,双平,S,3345.2000,3342.0000,3341.0000,3340.0000,3339.0000,3346.6000,3347.0000,3347.8000,3349.6000,3349.8000,1,1,2,3,1,1,1,1,5,1
SF,IH2012,2020-10-13 09:30:02.500,3346.4000,31127,-1,45189180.000,3,1,2,多平,S,3345.6000,3345.2000,3345.0000,3342.0000,3341.0000,3346.6000,3347.0000,3347.8000,3349.6000,3349.8000,1,1,1,1,2,1,3,1,5,1
SF,IH2012,2020-10-13 09:30:03.000,3346.4000,31127,0,46193100.000,1,0,1,多换,S,3345.2000,3345.0000,3342.0000,3341.0000,3340.0000,3345.6000,3346.4000,3346.6000,3347.0000,3347.8000,1,1,1,2,3,2,1,1,5,1
SF,IH2012,2020-10-13 09:30:03.500,3345.0000,31125,-2,48200160.000,2,0,2,双平,S,3342.0000,3341.0000,3340.0000,3339.0000,3338.0000,3345.2000,3345.6000,3346.6000,3347.0000,3347.8000,1,2,3,1,1,1,1,1,5,1
SF,IH2012,2020-10-13 09:30:04.000,3342.4000,31123,-2,51208440.000,3,0,3,多平,S,3342.4000,3342.2000,3342.0000,3341.0000,3340.0000,3345.0000,3345.2000,3346.6000,3347.0000,3347.8000,7,2,1,2,3,2,1,1,5,1
SF,IH2012,2020-10-13 09:30:04.500,3345.0000,31123,0,53214660.000,2,1,1,多换,S,3342.6000,3342.4000,3342.2000,3342.0000,3341.0000,3345.0000,3345.2000,3346.6000,3347.0000,3347.8000,1,7,1,1,2,1,1,1,5,1
SF,IH2012,2020-10-13 09:30:05.000,3343.0000,31120,-3,56223360.000,3,0,3,双平,S,3342.8000,3342.6000,3342.2000,3342.0000,3341.0000,3345.0000,3345.2000,3346.6000,3347.0000,3347.8000,5,1,1,1,2,1,1,1,5,1
SF,IH2012,2020-10-13 09:30:05.500,3345.2000,31119,-1,59233320.000,3,1,2,多平,S,3343.0000,3342.8000,3342.2000,3342.0000,3341.0000,3346.6000,3347.0000,3347.8000,3349.6000,3349.8000,2,1,1,1,2,1,5,1,3,1
SF,IH2012,2020-10-13 09:30:06.000,3346.0000,31117,-2,62244000.000,3,0,3,多平,S,3343.4000,3343.0000,3342.2000,3342.0000,3341.0000,3346.0000,3346.2000,3346.4000,3346.6000,3347.0000,1,3,1,1,2,2,5,2,1,5
SF,IH2012,2020-10-13 09:30:06.500,3346.0000,31116,-1,63247800.000,1,0,1,双平,S,3343.6000,3343.0000,3342.2000,3342.0000,3341.0000,3344.8000,3345.6000,3345.8000,3346.0000,3346.2000,2,1,1,1,2,2,4,3,2,2
SF,IH2012,2020-10-13 09:30:07.000,3344.4000,31113,-3,67260180.000,4,0,4,多平,S,3342.4000,3342.2000,3342.0000,3341.0000,3340.0000,3344.6000,3345.6000,3345.8000,3346.0000,3346.2000,1,1,1,2,3,2,3,3,1,2
SF,IH2012,2020-10-13 09:30:07.500,3344.4000,31111,-2,69266820.000,2,0,2,双平,S,3342.6000,3342.4000,3342.2000,3342.0000,3341.0000,3345.6000,3345.8000,3346.0000,3346.2000,3346.4000,2,1,1,1,1,3,2,2,2,1
SF,IH2012,2020-10-13 09:30:08.000,3344.4000,31111,0,69266820.000,0,-,-,-,-,3344.6000,3342.8000,3342.6000,3342.4000,3342.2000,3345.0000,3345.2000,3345.4000,3345.6000,3345.8000,1,1,2,1,1,2,1,3,4,2
SF,IH2012,2020-10-13 09:30:08.500,3345.0000,31105,-6,75287460.000,6,0,6,双平,S,3344.6000,3342.6000,3342.4000,3342.0000,3341.0000,3345.4000,3345.8000,3346.0000,3346.2000,3346.4000,1,1,1,1,1,1,1,1,2,1
SF,IH2012,2020-10-13 09:30:09.000,3345.4000,31105,0,77294460.000,2,1,1,多换,S,3345.6000,3344.6000,3342.6000,3342.4000,3342.0000,3345.8000,3346.0000,3346.2000,3346.4000,3346.6000,3,1,1,1,1,1,1,2,1,1
SF,IH2012,2020-10-13 09:30:09.500,3345.6000,31105,0,80305500.000,3,1,2,多换,S,3344.6000,3342.6000,3342.4000,3342.0000,3341.0000,3346.0000,3346.6000,3347.0000,3347.8000,3349.6000,1,1,1,1,1,1,1,3,1,3
SF,IH2012,2020-10-13 09:30:10.000,3345.6000,31105,0,80305500.000,0,-,-,-,-,3344.6000,3343.0000,3342.6000,3342.4000,3342.0000,3345.6000,3345.8000,3346.0000,3346.6000,3347.0000,1,1,1,1,1,1,2,1,1,3
SF,IH2012,2020-10-13 09:30:10.500,3345.8000,31105,0,83316660.000,3,1,2,多换,S,3345.8000,3344.6000,3343.0000,3342.6000,3342.4000,3346.0000,3346.6000,3347.0000,3347.8000,3349.6000,1,1,1,1,1,1,1,3,1,3
SF,IH2012,2020-10-13 09:30:11.000,3345.8000,31105,0,85324200.000,2,1,1,多换,S,3346.2000,3344.6000,3343.0000,3342.6000,3342.4000,3346.6000,3347.0000,3347.8000,3349.6000,3350.0000,2,1,1,1,1,1,3,1,3,2
SF,IH2012,2020-10-13 09:30:11.500,3346.2000,31102,-3,88335900.000,3,0,3,双平,S,3346.6000,3344.6000,3343.0000,3342.6000,3342.4000,3347.0000,3347.8000,3349.6000,3350.0000,3350.2000,1,1,1,1,1,3,1,3,2,2
SF,IH2012,2020-10-13 09:30:12.000,3346.2000,31102,0,88335900.000,0,-,-,-,-,3344.6000,3343.0000,3342.6000,3342.4000,3342.0000,3346.6000,3346.8000,3347.0000,3347.8000,3349.6000,1,1,1,1,1,2,2,3,1,3
SF,IH2012,2020-10-13 09:30:12.500,3344.8000,31101,-1,89339340.000,1,0,1,双平,S,3344.6000,3343.0000,3342.4000,3342.0000,3341.0000,3346.4000,3346.6000,3347.0000,3347.8000,3349.6000,1,1,1,1,1,3,2,3,1,3
SF,IH2012,2020-10-13 09:30:13.000,3346.4000,31101,0,90343260.000,1,0,1,多换,S,3344.8000,3344.6000,3343.0000,3342.4000,3342.0000,3346.4000,3346.6000,3347.0000,3347.8000,3349.6000,1,1,1,1,1,2,2,3,1,3
SF,IH2012,2020-10-13 09:30:13.500,3345.0000,31101,0,92350260.000,2,1,1,多换,S,3344.6000,3343.0000,3342.4000,3342.0000,3341.0000,3344.8000,3346.4000,3346.6000,3347.0000,3347.8000,1,1,1,1,2,3,2,2,3,1
SF,IH2012,2020-10-13 09:30:14.000,3346.4000,31101,0,96364500.000,4,2,2,多换,S,3345.0000,3344.6000,3343.0000,3342.4000,3342.0000,3346.4000,3346.6000,3347.0000,3347.8000,3349.6000,1,1,1,1,1,1,2,3,1,3
SF,IH2012,2020-10-13 09:30:14.500,3346.4000,31100,-1,97368420.000,1,0,1,双平,S,3346.4000,3345.0000,3344.6000,3343.0000,3342.4000,3346.6000,3347.0000,3347.8000,3349.6000,3350.0000,1,1,1,1,1,2,3,1,3,3
SF,IH2012,2020-10-13 09:30:15.000,3345.0000,31098,-2,99375840.000,2,0,2,双平,S,3344.6000,3343.0000,3342.4000,3342.0000,3341.0000,3345.0000,3346.2000,3346.6000,3347.0000,3347.4000,1,1,1,1,2,2,2,2,3,1
SF,IH2012,2020-10-13 09:30:15.500,3346.2000,31096,-2,103390560.000,4,1,3,多平,S,3345.0000,3344.6000,3343.0000,3342.4000,3342.0000,3346.6000,3347.0000,3347.4000,3347.8000,3349.6000,1,1,2,1,1,2,3,1,1,3
SF,IH2012,2020-10-13 09:30:16.000,3346.6000,31094,-2,105398520.000,2,0,2,双平,S,3346.6000,3345.2000,3345.0000,3344.6000,3343.0000,3347.0000,3347.4000,3347.8000,3349.6000,3350.0000,3,1,1,1,2,3,1,1,3,3
SF,IH2012,2020-10-13 09:30:16.500,3346.6000,31090,-4,109414440.000,4,0,4,双平,S,3345.2000,3345.0000,3344.6000,3344.0000,3343.0000,3346.4000,3347.0000,3347.4000,3347.8000,3349.6000,1,1,1,1,2,1,3,1,1,3
SF,IH2012,2020-10-13 09:30:17.000,3346.6000,31090,0,109414440.000,0,-,-,-,-,3345.2000,3345.0000,3344.6000,3344.0000,3343.0000,3346.4000,3347.0000,3347.4000,3347.8000,3349.6000,1,1,1,1,1,1,3,1,1,3
SF,IH2012,2020-10-13 09:30:17.500,3346.6000,31090,0,109414440.000,0,-,-,-,-,3345.0000,3344.6000,3344.0000,3343.0000,3342.4000,3346.4000,3347.0000,3347.4000,3347.8000,3349.6000,1,1,1,1,1,1,3,1,1,3
SF,IH2012,2020-10-13 09:30:18.000,3346.4000,31091,1,110418360.000,1,1,0,双开,S,3345.0000,3344.6000,3344.0000,3343.0000,3342.4000,3346.8000,3347.0000,3347.4000,3347.8000,3349.6000,1,1,1,1,1,1,3,1,1,3
SF,IH2012,2020-10-13 09:30:18.500,3346.4000,31091,0,110418360.000,0,-,-,-,-,3345.2000,3345.0000,3344.6000,3344.0000,3343.0000,3346.6000,3346.8000,3347.0000,3347.4000,3347.8000,3,5,1,1,1,2,1,3,1,1
SF,IH2012,2020-10-13 09:30:19.000,3346.4000,31091,0,110418360.000,0,-,-,-,-,3345.4000,3345.2000,3345.0000,3344.6000,3344.0000,3346.6000,3346.8000,3347.0000,3347.4000,3347.8000,3,3,5,1,1,1,1,3,1,1
SF,IH2012,2020-10-13 09:30:19.500,3346.4000,31091,0,110418360.000,0,-,-,-,-,3345.4000,3345.2000,3345.0000,3344.6000,3344.0000,3346.4000,3346.8000,3347.0000,3347.4000,3347.8000,3,3,5,1,1,1,1,3,1,1
SF,IH2012,2020-10-13 09:30:20.000,3345.4000,31088,-3,113429220.000,3,0,3,双平,S,3345.2000,3345.0000,3344.6000,3344.0000,3343.0000,3345.4000,3346.8000,3347.0000,3347.4000,3347.8000,2,5,1,1,1,3,1,3,1,2
SF,IH2012,2020-10-13 09:30:20.500,3345.4000,31085,-3,116440080.000,3,0,3,双平,S,3345.6000,3345.2000,3345.0000,3344.6000,3344.0000,3346.8000,3347.0000,3347.4000,3347.8000,3349.6000,1,2,5,1,1,1,3,1,2,3
SF,IH2012,2020-10-13 09:30:21.000,3345.6000,31084,-1,117443760.000,1,0,1,双平,S,3345.2000,3345.0000,3344.6000,3344.0000,3343.0000,3346.6000,3346.8000,3347.0000,3347.4000,3347.8000,2,5,1,1,1,2,1,3,1,2
SF,IH2012,2020-10-13 09:30:21.500,3345.2000,31084,0,119450940.000,2,1,1,多换,S,3345.2000,3345.0000,3344.6000,3344.0000,3343.0000,3346.6000,3346.8000,3347.0000,3347.4000,3347.8000,1,5,1,1,1,2,1,3,1,2
SF,IH2012,2020-10-13 09:30:22.500,3345.2000,31084,0,124468560.000,5,2,3,多换,S,3345.0000,3344.6000,3344.0000,3343.0000,3342.4000,3346.6000,3346.8000,3347.0000,3347.4000,3347.8000,2,1,1,1,1,2,1,3,1,2
SF,IH2012,2020-10-13 09:30:23.000,3345.0000,31084,0,125472060.000,1,0,1,多换,S,3345.0000,3344.6000,3344.0000,3343.0000,3342.4000,3346.2000,3346.4000,3346.6000,3346.8000,3347.0000,1,1,1,1,1,1,1,3,1,3
SF,IH2012,2020-10-13 09:30:23.500,3345.0000,31084,0,127479060.000,2,1,1,多换,S,3344.6000,3344.0000,3343.0000,3342.4000,3342.2000,3345.8000,3346.0000,3346.2000,3346.4000,3346.6000,1,1,1,1,2,1,2,1,1,3
SF,IH2012,2020-10-13 09:30:24.000,3344.6000,31084,0,128482440.000,1,0,1,多换,S,3344.0000,3343.0000,3342.4000,3342.2000,3342.0000,3345.6000,3345.8000,3346.0000,3346.2000,3346.4000,1,1,1,2,2,1,1,2,1,1
SF,IH2012,2020-10-13 09:30:24.500,3344.6000,31084,0,128482440.000,0,-,-,-,-,3344.6000,3344.0000,3343.0000,3342.4000,3342.2000,3345.4000,3345.8000,3346.0000,3346.2000,3346.4000,2,1,1,1,2,2,1,2,1,1
SF,IH2012,2020-10-13 09:30:25.000,3345.4000,31082,-2,132496200.000,4,1,3,多平,S,3344.0000,3343.0000,3342.4000,3342.2000,3342.0000,3345.4000,3345.6000,3345.8000,3346.0000,3346.2000,1,1,1,2,2,1,1,1,2,1
SF,IH2012,2020-10-13 09:30:25.500,3344.0000,31081,-1,134503020.000,2,0,2,多平,S,3343.0000,3342.4000,3342.2000,3342.0000,3341.0000,3344.0000,3345.2000,3345.6000,3345.8000,3346.0000,1,1,2,2,2,1,1,1,1,2
SF,IH2012,2020-10-13 09:30:26.000,3344.0000,31081,0,134503020.000,0,-,-,-,-,3343.0000,3342.4000,3342.2000,3342.0000,3341.0000,3344.0000,3345.6000,3345.8000,3346.0000,3346.2000,1,1,2,2,2,1,2,1,2,1
SF,IH2012,2020-10-13 09:30:26.500,3344.0000,31081,0,135506220.000,1,0,1,多换,S,3343.0000,3342.4000,3342.2000,3342.0000,3341.0000,3345.6000,3345.8000,3346.0000,3346.2000,3346.4000,1,1,2,2,2,2,1,2,1,1
SF,IH2012,2020-10-13 09:30:27.000,3344.0000,31081,0,135506220.000,0,-,-,-,-,3343.2000,3343.0000,3342.4000,3342.2000,3342.0000,3344.6000,3345.4000,3345.6000,3345.8000,3346.0000,1,3,1,2,2,1,2,3,1,2
SF,IH2012,2020-10-13 09:30:27.500,3343.2000,31080,-1,136509180.000,1,0,1,双平,S,3343.0000,3342.4000,3342.2000,3342.0000,3341.0000,3344.4000,3344.6000,3345.4000,3345.6000,3345.8000,3,1,2,2,2,1,1,2,3,1
SF,IH2012,2020-10-13 09:30:28.000,3343.0000,31080,0,137512080.000,1,0,1,多换,S,3343.0000,3342.4000,3342.2000,3342.0000,3341.0000,3344.2000,3344.6000,3345.4000,3345.6000,3345.8000,2,1,2,2,2,1,1,2,3,1
SF,IH2012,2020-10-13 09:30:28.500,3344.0000,31080,0,138515280.000,1,0,1,多换,S,3343.0000,3342.4000,3342.2000,3342.0000,3341.0000,3344.6000,3345.4000,3345.6000,3345.8000,3346.0000,2,1,2,2,2,1,2,2,1,2
SF,IH2012,2020-10-13 09:30:29.000,3344.0000,31080,0,138515280.000,0,-,-,-,-,3343.0000,3342.4000,3342.2000,3342.0000,3341.0000,3344.6000,3345.4000,3345.6000,3345.8000,3346.0000,2,1,2,2,2,1,2,1,1,1
SF,IH2012,2020-10-13 09:30:29.500,3344.0000,31080,0,138515280.000,0,-,-,-,-,3343.0000,3342.4000,3342.2000,3342.0000,3341.0000,3344.4000,3344.6000,3345.4000,3345.6000,3345.8000,2,1,2,2,2,1,1,2,1,1
SF,IH2012,2020-10-13 09:30:30.000,3344.4000,31083,3,141524400.000,3,3,0,双开,S,3342.4000,3342.2000,3342.0000,3341.0000,3340.2000,3344.6000,3345.4000,3345.6000,3345.8000,3346.2000,1,2,2,2,1,2,1,1,1,1
SF,IH2012,2020-10-13 09:30:30.500,3344.4000,31083,0,141524400.000,0,-,-,-,-,3342.6000,3342.4000,3342.2000,3342.0000,3341.0000,3344.4000,3344.6000,3345.4000,3345.6000,3345.8000,2,1,2,2,2,1,2,1,1,1
SF,IH2012,2020-10-13 09:30:31.000,3344.2000,31084,1,142527660.000,1,1,0,双开,S,3342.8000,3342.6000,3342.4000,3342.2000,3342.0000,3344.4000,3344.6000,3345.4000,3345.6000,3345.8000,1,2,1,2,2,1,2,1,1,1
SF,IH2012,2020-10-13 09:30:31.500,3344.4000,31083,-1,143530980.000,1,0,1,双平,S,3343.0000,3342.6000,3342.4000,3342.2000,3342.0000,3344.6000,3345.4000,3345.6000,3345.8000,3346.2000,1,2,1,2,2,2,1,1,1,1
SF,IH2012,2020-10-13 09:30:32.000,3344.4000,31083,0,143530980.000,0,-,-,-,-,3344.4000,3343.0000,3342.6000,3342.4000,3342.2000,3344.6000,3345.4000,3345.6000,3345.8000,3346.2000,2,1,4,1,2,2,1,1,1,1
SF,IH2012,2020-10-13 09:30:32.500,3344.4000,31083,0,146540940.000,3,1,2,多换,S,3343.0000,3342.6000,3342.4000,3342.2000,3342.0000,3344.4000,3344.6000,3345.4000,3345.6000,3345.8000,1,2,1,2,2,1,4,1,1,1
SF,IH2012,2020-10-13 09:30:33.000,3344.4000,31083,0,146540940.000,0,-,-,-,-,3342.6000,3342.4000,3342.2000,3342.0000,3341.0000,3343.0000,3344.6000,3345.0000,3345.4000,3345.6000,2,1,2,2,2,1,2,1,1,1
SF,IH2012,2020-10-13 09:30:33.500,3344.6000,31081,-2,149550600.000,3,0,3,多平,S,3343.0000,3342.6000,3342.4000,3342.2000,3342.0000,3345.0000,3345.4000,3345.6000,3345.8000,3346.2000,2,2,1,2,2,1,1,1,1,1
SF,IH2012,2020-10-13 09:30:34.000,3343.2000,31080,-1,150553560.000,1,0,1,双平,S,3343.0000,3342.6000,3342.4000,3342.2000,3342.0000,3344.4000,3344.8000,3345.0000,3345.4000,3345.6000,3,2,1,2,2,2,2,1,1,1
SF,IH2012,2020-10-13 09:30:34.500,3343.0000,31080,0,151556460.000,1,0,1,多换,S,3343.0000,3342.6000,3342.4000,3342.2000,3342.0000,3344.4000,3344.6000,3344.8000,3345.0000,3345.4000,2,2,1,2,2,2,1,1,1,1
SF,IH2012,2020-10-13 09:30:35.000,3343.0000,31080,0,151556460.000,0,-,-,-,-,3343.0000,3342.6000,3342.4000,3342.2000,3342.0000,3344.4000,3344.6000,3344.8000,3345.0000,3345.4000,6,2,2,2,2,2,1,1,1,1
SF,IH2012,2020-10-13 09:30:35.500,3343.0000,31080,0,151556460.000,0,-,-,-,-,3343.0000,3342.6000,3342.4000,3342.2000,3342.0000,3344.4000,3344.6000,3344.8000,3345.0000,3345.4000,6,2,2,2,2,2,1,1,1,1
SF,IH2012,2020-10-13 09:30:36.500,3343.0000,31081,1,152559360.000,1,1,0,双开,S,3343.0000,3342.6000,3342.4000,3342.2000,3342.0000,3344.4000,3344.6000,3344.8000,3345.0000,3345.4000,5,2,2,2,2,3,1,1,1,1
SF,IH2012,2020-10-13 09:30:37.000,3344.4000,31079,-2,155569320.000,3,0,3,多平,S,3343.2000,3343.0000,3342.6000,3342.4000,3342.2000,3344.6000,3344.8000,3345.0000,3345.4000,3345.6000,1,5,2,2,2,1,2,1,1,1
SF,IH2012,2020-10-13 09:30:37.500,3344.4000,31079,0,155569320.000,0,-,-,-,-,3343.4000,3343.2000,3343.0000,3342.6000,3342.4000,3344.4000,3344.6000,3344.8000,3345.0000,3345.4000,1,1,6,2,2,1,1,2,1,1
SF,IH2012,2020-10-13 09:30:38.000,3344.4000,31079,0,156572640.000,1,0,1,多换,S,3344.4000,3343.4000,3343.2000,3343.0000,3342.6000,3344.6000,3344.8000,3345.0000,3345.4000,3345.6000,1,1,2,6,2,1,2,1,1,1
SF,IH2012,2020-10-13 09:30:38.500,3344.6000,31077,-2,158579400.000,2,0,2,双平,S,3344.6000,3344.4000,3343.4000,3343.2000,3343.0000,3344.8000,3345.0000,3345.6000,3345.8000,3346.0000,1,1,1,2,7,1,1,1,2,1
SF,IH2012,2020-10-13 09:30:39.000,3345.0000,31074,-3,162593340.000,4,0,4,多平,S,3345.0000,3344.6000,3344.4000,3343.4000,3343.2000,3345.8000,3346.0000,3346.2000,3346.4000,3346.6000,1,1,1,1,2,2,1,1,1,1
SF,IH2012,2020-10-13 09:30:39.500,3344.4000,31071,-3,165603540.000,3,0,3,双平,S,3344.4000,3343.2000,3343.0000,3342.8000,3342.6000,3345.0000,3345.4000,3345.6000,3345.8000,3346.0000,4,2,7,2,2,2,1,3,2,1
SF,IH2012,2020-10-13 09:30:40.000,3344.4000,31070,-1,167610360.000,2,0,2,多平,S,3344.6000,3344.4000,3343.2000,3343.0000,3342.8000,3345.8000,3346.0000,3346.4000,3346.6000,3346.8000,1,3,2,7,2,1,1,1,1,1
SF,IH2012,2020-10-13 09:30:41.000,3344.4000,31070,0,167610360.000,0,-,-,-,-,3344.6000,3344.4000,3343.2000,3343.0000,3342.8000,3345.0000,3345.8000,3346.0000,3346.4000,3346.6000,1,3,2,7,2,1,1,1,1,1
SF,IH2012,2020-10-13 09:30:41.500,3344.6000,31070,0,169617240.000,2,1,1,多换,S,3344.4000,3343.2000,3343.0000,3342.8000,3342.6000,3345.8000,3346.0000,3346.4000,3346.6000,3346.8000,3,2,7,2,2,1,1,1,1,1
SF,IH2012,2020-10-13 09:30:42.000,3344.6000,31070,0,169617240.000,0,-,-,-,-,3344.6000,3344.4000,3343.2000,3343.0000,3342.8000,3345.8000,3346.0000,3346.4000,3346.6000,3346.8000,2,3,2,7,2,1,1,1,1,1
SF,IH2012,2020-10-13 09:30:42.500,3346.6000,31068,-2,174636660.000,5,1,4,多平,S,3344.6000,3344.4000,3343.2000,3343.0000,3342.8000,3346.8000,3347.0000,3347.4000,3347.8000,3349.6000,5,3,2,7,2,1,2,1,2,3
SF,IH2012,2020-10-13 09:30:43.000,3346.6000,31068,0,174636660.000,0,-,-,-,-,3344.6000,3344.4000,3343.2000,3343.0000,3342.8000,3345.6000,3346.6000,3346.8000,3347.0000,3347.4000,5,3,2,7,2,1,1,1,2,1
SF,IH2012,2020-10-13 09:30:43.500,3346.8000,31068,0,176644380.000,2,1,1,多换,S,3345.8000,3344.8000,3344.6000,3344.4000,3343.2000,3347.0000,3347.4000,3347.8000,3349.6000,3350.0000,1,1,6,3,2,2,1,2,3,2
SF,IH2012,2020-10-13 09:30:44.000,3346.8000,31068,0,177648420.000,1,0,1,多换,S,3345.8000,3344.6000,3344.4000,3344.0000,3343.2000,3346.8000,3347.0000,3347.4000,3347.8000,3349.6000,1,6,3,1,2,3,2,1,2,3
SF,IH2012,2020-10-13 09:30:44.500,3346.8000,31068,0,177648420.000,0,-,-,-,-,3345.8000,3344.6000,3344.4000,3344.0000,3343.2000,3347.0000,3347.4000,3347.8000,3349.6000,3350.0000,1,6,8,1,2,2,1,2,3,2
SF,IH2012,2020-10-13 09:30:45.000,3346.8000,31068,0,177648420.000,0,-,-,-,-,3346.0000,3345.8000,3344.6000,3344.4000,3344.0000,3346.6000,3347.0000,3347.4000,3347.8000,3349.6000,3,3,3,8,1,1,2,1,2,3
SF,IH2012,2020-10-13 09:30:45.500,3346.0000,31068,0,179656020.000,2,1,1,多换,S,3346.0000,3345.8000,3344.6000,3344.4000,3344.0000,3346.6000,3347.0000,3347.4000,3347.8000,3349.6000,1,3,3,8,1,2,2,1,2,3
SF,IH2012,2020-10-13 09:30:46.000,3346.0000,31068,0,180659820.000,1,0,1,多换,S,3345.8000,3344.6000,3344.4000,3344.0000,3343.2000,3346.6000,3347.0000,3347.4000,3347.8000,3349.6000,3,3,8,1,2,2,2,1,2,3
SF,IH2012,2020-10-13 09:30:47.000,3346.6000,31067,-1,181663800.000,1,0,1,双平,S,3345.8000,3344.6000,3344.4000,3344.0000,3343.2000,3346.6000,3347.0000,3347.4000,3347.8000,3349.6000,3,3,8,2,1,1,2,1,2,3
SF,IH2012,2020-10-13 09:30:47.500,3345.8000,31067,0,184675020.000,3,1,2,多换,S,3344.6000,3344.4000,3344.0000,3343.2000,3343.0000,3346.6000,3347.0000,3347.2000,3347.4000,3347.8000,3,8,2,1,6,1,2,1,1,2
SF,IH2012,2020-10-13 09:30:48.000,3345.8000,31067,0,184675020.000,0,-,-,-,-,3345.2000,3345.0000,3344.8000,3344.6000,3344.4000,3346.6000,3347.0000,3347.2000,3347.4000,3347.8000,2,1,5,3,8,1,2,1,1,2
SF,IH2012,2020-10-13 09:30:48.500,3345.8000,31067,0,184675020.000,0,-,-,-,-,3345.8000,3345.4000,3345.2000,3344.8000,3344.6000,3346.6000,3347.0000,3347.2000,3347.4000,3347.8000,4,1,1,4,3,1,2,1,1,2
SF,IH2012,2020-10-13 09:30:49.000,3345.8000,31067,0,184675020.000,0,-,-,-,-,3345.8000,3345.4000,3345.2000,3344.8000,3344.6000,3346.6000,3347.0000,3347.2000,3347.4000,3347.8000,4,1,1,4,3,1,2,1,1,2
SF,IH2012,2020-10-13 09:30:49.500,3345.8000,31066,-1,185678760.000,1,0,1,双平,S,3345.8000,3345.4000,3345.2000,3344.8000,3344.6000,3346.6000,3347.0000,3347.2000,3347.4000,3347.8000,3,1,1,2,3,1,2,1,1,2
SF,IH2012,2020-10-13 09:30:50.500,3345.8000,31066,0,185678760.000,0,-,-,-,-,3346.0000,3345.8000,3345.4000,3345.2000,3344.8000,3346.6000,3347.0000,3347.2000,3347.4000,3347.8000,1,3,2,1,2,1,2,1,1,2
SF,IH2012,2020-10-13 09:30:51.000,3345.8000,31066,0,185678760.000,0,-,-,-,-,3345.8000,3345.4000,3345.2000,3344.8000,3344.6000,3346.6000,3347.0000,3347.2000,3347.4000,3347.8000,3,2,1,2,3,1,2,1,1,2
SF,IH2012,2020-10-13 09:30:51.500,3346.6000,31066,0,187686720.000,2,1,1,多换,S,3345.8000,3345.4000,3345.2000,3344.8000,3344.6000,3347.0000,3347.2000,3347.4000,3347.8000,3349.6000,3,2,1,2,3,2,1,1,2,3
SF,IH2012,2020-10-13 09:30:52.000,3346.6000,31066,0,187686720.000,0,-,-,-,-,3345.8000,3345.4000,3345.2000,3344.8000,3344.6000,3346.8000,3347.0000,3347.2000,3347.4000,3347.8000,4,2,1,1,3,1,2,1,1,2
SF,IH2012,2020-10-13 09:30:52.500,3346.6000,31066,0,187686720.000,0,-,-,-,-,3345.8000,3345.4000,3345.2000,3344.8000,3344.6000,3346.6000,3347.0000,3347.2000,3347.4000,3347.8000,3,2,1,1,3,1,2,1,1,2
SF,IH2012,2020-10-13 09:30:53.000,3345.8000,31065,-1,188690460.000,1,0,1,双平,S,3345.8000,3345.4000,3345.2000,3344.8000,3344.6000,3346.6000,3347.0000,3347.2000,3347.4000,3347.8000,2,2,1,1,3,1,2,1,1,2
SF,IH2012,2020-10-13 09:30:53.500,3345.8000,31065,0,188690460.000,0,-,-,-,-,3345.8000,3345.4000,3345.2000,3344.8000,3344.6000,3346.4000,3347.0000,3347.2000,3347.4000,3347.8000,2,2,1,1,3,1,2,1,1,2
SF,IH2012,2020-10-13 09:30:54.000,3345.8000,31065,0,188690460.000,0,-,-,-,-,3345.8000,3345.4000,3345.2000,3344.8000,3344.6000,3347.0000,3347.2000,3347.4000,3347.8000,3349.6000,2,2,1,1,3,2,1,1,2,3
SF,IH2012,2020-10-13 09:30:54.500,3345.8000,31064,-1,190698180.000,2,0,2,多平,S,3345.8000,3345.4000,3345.2000,3344.8000,3344.6000,3346.8000,3347.0000,3347.2000,3347.4000,3347.8000,1,2,1,1,3,1,2,1,1,2
SF,IH2012,2020-10-13 09:30:55.000,3345.8000,31064,0,190698180.000,0,-,-,-,-,3345.8000,3345.4000,3345.2000,3344.8000,3344.6000,3346.6000,3347.0000,3347.2000,3347.4000,3347.8000,1,2,1,1,3,1,3,1,1,2
SF,IH2012,2020-10-13 09:30:55.500,3346.6000,31064,0,191702160.000,1,0,1,多换,S,3346.8000,3346.6000,3345.8000,3345.4000,3345.2000,3347.0000,3347.2000,3347.4000,3347.8000,3349.6000,5,1,1,2,1,3,1,1,2,3
SF,IH2012,2020-10-13 09:30:56.000,3346.6000,31063,-1,197726220.000,6,2,4,多平,S,3346.2000,3345.8000,3345.4000,3345.2000,3344.8000,3346.8000,3347.0000,3347.2000,3347.4000,3347.8000,1,1,2,1,1,2,3,1,1,2
SF,IH2012,2020-10-13 09:30:56.500,3346.2000,31062,-1,198730080.000,1,0,1,双平,S,3345.8000,3345.4000,3345.2000,3344.8000,3344.6000,3346.8000,3347.0000,3347.2000,3347.4000,3347.8000,1,2,1,1,2,1,3,1,1,2
SF,IH2012,2020-10-13 09:30:57.000,3346.2000,31062,0,198730080.000,0,-,-,-,-,3346.6000,3345.8000,3345.4000,3345.2000,3344.8000,3347.0000,3347.2000,3347.4000,3347.8000,3349.6000,1,1,2,1,1,3,1,1,2,3
SF,IH2012,2020-10-13 09:30:57.500,3346.6000,31061,-1,199734060.000,1,0,1,双平,S,3345.8000,3345.4000,3345.2000,3344.8000,3344.6000,3346.6000,3347.0000,3347.2000,3347.4000,3347.8000,1,2,1,1,2,1,3,1,1,2
SF,IH2012,2020-10-13 09:30:58.000,3346.6000,31060,-1,200738040.000,1,0,1,双平,S,3346.0000,3345.8000,3345.4000,3345.2000,3344.8000,3347.0000,3347.2000,3347.4000,3347.8000,3349.6000,2,1,2,1,1,3,1,1,2,3
SF,IH2012,2020-10-13 09:30:58.500,3347.0000,31060,0,203750340.000,3,1,2,多换,S,3346.2000,3346.0000,3345.8000,3345.4000,3345.2000,3347.2000,3347.4000,3347.8000,3349.6000,3349.8000,1,2,1,1,1,1,1,2,3,1
SF,IH2012,2020-10-13 09:30:59.000,3347.0000,31060,0,203750340.000,0,-,-,-,-,3346.4000,3346.2000,3345.8000,3345.4000,3345.2000,3347.2000,3347.4000,3347.8000,3349.6000,3349.8000,3,1,1,1,1,1,1,2,3,1
SF,IH2012,2020-10-13 09:30:59.500,3347.0000,31060,0,203750340.000,0,-,-,-,-,3346.4000,3346.2000,3345.8000,3345.4000,3345.2000,3347.2000,3347.4000,3347.8000,3349.6000,3349.8000,2,1,1,1,1,1,1,2,3,1
SF,IH2012,2020-10-13 09:31:00.000,3346.4000,31058,-2,205758180.000,2,0,2,双平,S,3346.6000,3346.2000,3346.0000,3345.8000,3345.6000,3347.2000,3347.4000,3347.8000,3349.6000,3349.8000,1,1,1,1,1,2,1,1,3,1
SF,IH2012,2020-10-13 09:31:00.500,3346.4000,31058,0,205758180.000,0,-,-,-,-,3346.0000,3345.8000,3345.6000,3345.4000,3345.2000,3346.6000,3347.0000,3347.2000,3347.4000,3347.8000,1,1,1,1,1,2,1,4,1,1
SF,IH2012,2020-10-13 09:31:01.000,3346.0000,31056,-2,207765780.000,2,0,2,双平,S,3345.8000,3345.6000,3345.4000,3345.2000,3345.0000,3346.6000,3347.2000,3347.4000,3347.8000,3349.6000,1,1,1,1,1,2,3,1,1,3
SF,IH2012,2020-10-13 09:31:01.500,3346.0000,31056,0,207765780.000,0,-,-,-,-,3345.8000,3345.6000,3345.4000,3345.2000,3345.0000,3346.6000,3347.2000,3347.4000,3347.8000,3349.6000,1,1,1,1,1,2,3,1,1,3
SF,IH2012,2020-10-13 09:31:02.000,3346.6000,31055,-1,208769760.000,1,0,1,双平,S,3346.0000,3345.8000,3345.6000,3345.4000,3345.2000,3347.2000,3347.4000,3347.8000,3349.6000,3349.8000,1,2,1,1,1,3,1,1,3,1
SF,IH2012,2020-10-13 09:31:02.500,3346.6000,31055,0,208769760.000,0,-,-,-,-,3346.6000,3346.2000,3345.8000,3345.6000,3345.4000,3347.0000,3347.2000,3347.4000,3347.8000,3349.6000,1,5,2,1,1,1,3,1,1,3
SF,IH2012,2020-10-13 09:31:03.000,3346.8000,31054,-1,210777900.000,2,0,2,多平,S,3346.8000,3346.6000,3346.2000,3345.8000,3345.6000,3347.2000,3347.4000,3347.8000,3349.6000,3349.8000,2,1,4,2,1,3,1,1,3,1
SF,IH2012,2020-10-13 09:31:03.500,3347.0000,31050,-4,214794420.000,4,0,4,双平,S,3346.8000,3346.6000,3346.2000,3345.8000,3345.6000,3347.2000,3347.4000,3347.8000,3349.6000,3349.8000,1,2,4,2,1,1,1,1,3,1
SF,IH2012,2020-10-13 09:31:04.000,3346.8000,31050,0,215798460.000,1,0,1,多换,S,3347.0000,3346.6000,3346.2000,3346.0000,3345.8000,3347.2000,3347.4000,3347.8000,3349.6000,3349.8000,1,2,4,1,2,1,1,1,3,1
SF,IH2012,2020-10-13 09:31:04.500,3347.2000,31048,-2,217806780.000,2,0,2,双平,S,3347.0000,3346.6000,3346.2000,3346.0000,3345.8000,3347.4000,3347.8000,3349.6000,3349.8000,3350.0000,1,2,4,2,2,1,1,2,1,2
SF,IH2012,2020-10-13 09:31:05.000,3347.0000,31048,0,218810880.000,1,0,1,多换,S,3347.2000,3346.6000,3346.2000,3346.0000,3345.8000,3347.4000,3347.8000,3349.6000,3349.8000,3350.0000,2,2,2,2,2,1,1,2,1,2
SF,IH2012,2020-10-13 09:31:05.500,3347.4000,31046,-2,220819260.000,2,0,2,双平,S,3347.2000,3346.6000,3346.2000,3346.0000,3345.8000,3347.8000,3349.6000,3349.8000,3350.0000,3350.2000,1,2,2,3,2,1,2,1,2,2
SF,IH2012,2020-10-13 09:31:06.000,3347.6000,31045,-1,221823540.000,1,0,1,双平,S,3347.2000,3346.6000,3346.2000,3346.0000,3345.8000,3347.8000,3349.6000,3349.8000,3350.0000,3350.2000,1,2,2,3,2,1,2,1,2,2
SF,IH2012,2020-10-13 09:31:06.500,3347.6000,31045,0,221823540.000,0,-,-,-,-,3347.2000,3346.6000,3346.2000,3346.0000,3345.8000,3347.8000,3349.6000,3349.8000,3350.0000,3350.2000,1,2,2,3,2,1,2,1,2,2
SF,IH2012,2020-10-13 09:31:07.000,3347.8000,31045,0,222827880.000,1,0,1,多换,S,3347.8000,3347.4000,3347.2000,3346.6000,3346.2000,3348.0000,3349.6000,3349.8000,3350.0000,3350.2000,3,2,2,2,1,1,2,1,2,2
SF,IH2012,2020-10-13 09:31:07.500,3347.8000,31045,0,225840900.000,3,1,2,多换,S,3347.4000,3347.2000,3346.6000,3346.2000,3346.0000,3347.8000,3348.0000,3349.6000,3349.8000,3350.0000,1,2,2,1,3,1,1,2,1,2
SF,IH2012,2020-10-13 09:31:08.000,3347.4000,31044,-1,226845120.000,1,0,1,双平,S,3347.2000,3346.6000,3346.2000,3346.0000,3345.8000,3347.4000,3348.0000,3349.6000,3349.8000,3350.0000,2,2,1,3,1,1,1,2,1,3
SF,IH2012,2020-10-13 09:31:08.500,3347.4000,31043,-1,227849340.000,1,0,1,双平,S,3347.8000,3347.2000,3346.6000,3346.2000,3346.0000,3348.0000,3349.6000,3349.8000,3350.0000,3350.2000,1,1,2,1,3,1,2,1,3,2
SF,IH2012,2020-10-13 09:31:09.000,3347.8000,31043,0,228853680.000,1,0,1,多换,S,3347.2000,3346.6000,3346.2000,3346.0000,3345.8000,3347.8000,3348.0000,3349.6000,3349.8000,3350.0000,1,2,1,3,1,1,1,3,1,3
SF,IH2012,2020-10-13 09:31:09.500,3347.2000,31042,-1,231866580.000,3,1,2,多平,S,3347.2000,3346.6000,3346.2000,3346.0000,3345.8000,3349.6000,3349.8000,3350.0000,3350.2000,3351.6000,1,2,1,3,1,3,1,3,2,1
SF,IH2012,2020-10-13 09:31:10.000,3347.2000,31042,0,231866580.000,0,-,-,-,-,3347.4000,3346.6000,3346.2000,3346.0000,3345.8000,3349.0000,3349.2000,3349.4000,3349.6000,3349.8000,1,2,1,3,1,1,6,4,3,1
SF,IH2012,2020-10-13 09:31:10.500,3347.2000,31042,0,231866580.000,0,-,-,-,-,3346.6000,3346.2000,3346.0000,3345.8000,3345.6000,3347.4000,3348.6000,3348.8000,3349.0000,3349.2000,2,1,3,1,1,2,3,4,1,3
SF,IH2012,2020-10-13 09:31:11.000,3347.2000,31040,-2,234878820.000,3,0,3,多平,S,3346.6000,3346.2000,3346.0000,3345.8000,3345.6000,3348.6000,3348.8000,3349.0000,3349.2000,3349.4000,2,1,3,1,1,3,3,1,3,2
SF,IH2012,2020-10-13 09:31:11.500,3347.2000,31040,0,234878820.000,0,-,-,-,-,3346.8000,3346.6000,3346.2000,3346.0000,3345.8000,3348.4000,3348.6000,3348.8000,3349.0000,3349.2000,2,3,1,3,1,4,3,2,1,3
SF,IH2012,2020-10-13 09:31:12.000,3348.2000,31039,-1,235883280.000,1,0,1,双平,S,3347.4000,3346.8000,3346.6000,3346.2000,3346.0000,3348.4000,3348.6000,3348.8000,3349.0000,3349.2000,1,3,3,1,3,4,3,1,1,3
SF,IH2012,2020-10-13 09:31:12.500,3347.4000,31039,0,236887500.000,1,0,1,多换,S,3346.8000,3346.6000,3346.2000,3346.0000,3345.8000,3347.4000,3348.2000,3348.4000,3348.8000,3349.0000,3,3,1,3,1,1,1,1,1,1
SF,IH2012,2020-10-13 09:31:13.000,3346.8000,31034,-5,241907940.000,5,0,5,双平,S,3346.6000,3346.2000,3346.0000,3345.8000,3345.6000,3346.8000,3348.2000,3348.4000,3349.0000,3349.2000,2,1,2,1,1,2,1,1,1,3
SF,IH2012,2020-10-13 09:31:13.500,3346.8000,31032,-2,243916020.000,2,0,2,双平,S,3346.8000,3346.6000,3346.2000,3346.0000,3345.8000,3348.2000,3348.4000,3349.2000,3349.6000,3349.8000,3,2,1,2,1,1,1,3,3,1
SF,IH2012,2020-10-13 09:31:14.000,3346.8000,31032,0,243916020.000,0,-,-,-,-,3346.8000,3346.6000,3346.2000,3346.0000,3345.8000,3348.0000,3348.2000,3349.2000,3349.6000,3349.8000,1,2,1,3,1,2,1,3,3,1
SF,IH2012,2020-10-13 09:31:14.500,3347.8000,31032,0,244920360.000,1,0,1,多换,S,3346.8000,3346.6000,3346.2000,3346.0000,3345.8000,3348.0000,3349.2000,3349.6000,3349.8000,3350.0000,1,2,1,3,1,2,3,3,1,4
SF,IH2012,2020-10-13 09:31:15.000,3346.8000,31031,-1,245924400.000,1,0,1,双平,S,3346.8000,3346.6000,3346.2000,3346.0000,3345.8000,3347.8000,3348.0000,3349.2000,3349.6000,3349.8000,4,2,1,3,1,1,2,3,3,1
SF,IH2012,2020-10-13 09:31:15.500,3346.8000,31031,0,245924400.000,0,-,-,-,-,3346.8000,3346.6000,3346.2000,3346.0000,3345.8000,3347.6000,3347.8000,3349.2000,3349.6000,3349.8000,4,2,1,3,1,2,1,3,3,1
SF,IH2012,2020-10-13 09:31:16.000,3346.8000,31031,0,245924400.000,0,-,-,-,-,3346.8000,3346.6000,3346.2000,3346.0000,3345.8000,3347.6000,3347.8000,3349.2000,3349.6000,3349.8000,4,2,1,3,1,2,1,3,3,1
SF,IH2012,2020-10-13 09:31:16.500,3346.8000,31031,0,245924400.000,0,-,-,-,-,3346.8000,3346.6000,3346.2000,3346.0000,3345.8000,3347.6000,3347.8000,3349.6000,3349.8000,3350.0000,4,2,1,3,1,2,1,3,1,4
SF,IH2012,2020-10-13 09:31:17.500,3346.8000,31031,0,246928440.000,1,0,1,多换,S,3347.0000,3346.8000,3346.6000,3346.2000,3346.0000,3347.6000,3347.8000,3349.6000,3349.8000,3350.0000,1,3,2,1,3,2,1,3,1,4
SF,IH2012,2020-10-13 09:31:18.000,3346.8000,31030,-1,247932480.000,1,0,1,双平,S,3346.8000,3346.6000,3346.2000,3346.0000,3345.8000,3347.6000,3347.8000,3349.6000,3349.8000,3350.0000,3,3,1,3,1,2,1,3,1,4
SF,IH2012,2020-10-13 09:31:18.500,3346.8000,31030,0,248936520.000,1,0,1,多换,S,3346.8000,3346.6000,3346.2000,3346.0000,3345.8000,3347.6000,3347.8000,3349.6000,3349.8000,3350.0000,2,3,1,3,1,2,1,3,1,4
SF,IH2012,2020-10-13 09:31:19.000,3346.8000,31030,0,248936520.000,0,-,-,-,-,3346.8000,3346.6000,3346.2000,3346.0000,3345.8000,3347.6000,3347.8000,3349.6000,3349.8000,3350.0000,2,3,1,4,1,2,1,3,1,4
SF,IH2012,2020-10-13 09:31:19.500,3347.4000,31030,0,249940740.000,1,0,1,多换,S,3346.8000,3346.6000,3346.2000,3346.0000,3345.8000,3347.6000,3349.6000,3349.8000,3350.0000,3350.2000,2,3,1,4,1,2,3,1,4,2
SF,IH2012,2020-10-13 09:31:20.000,3347.4000,31030,0,249940740.000,0,-,-,-,-,3346.8000,3346.6000,3346.2000,3346.0000,3345.8000,3347.6000,3349.6000,3349.8000,3350.0000,3350.2000,2,3,1,4,1,2,3,1,4,2
SF,IH2012,2020-10-13 09:31:20.500,3347.4000,31030,0,249940740.000,0,-,-,-,-,3346.8000,3346.6000,3346.2000,3346.0000,3345.8000,3347.6000,3349.6000,3349.8000,3350.0000,3350.2000,3,3,1,4,1,1,3,1,4,2
SF,IH2012,2020-10-13 09:31:21.500,3346.8000,31030,0,250944780.000,1,0,1,多换,S,3347.0000,3346.8000,3346.6000,3346.2000,3346.0000,3347.6000,3349.6000,3349.8000,3350.0000,3350.2000,1,2,3,1,4,1,3,1,4,2
SF,IH2012,2020-10-13 09:31:22.000,3346.8000,31029,-1,251948820.000,1,0,1,双平,S,3346.8000,3346.6000,3346.2000,3346.0000,3345.8000,3347.6000,3349.6000,3349.8000,3350.0000,3350.2000,2,3,1,4,1,1,3,1,4,2
SF,IH2012,2020-10-13 09:31:22.500,3346.8000,31029,0,252952860.000,1,0,1,多换,S,3346.8000,3346.6000,3346.2000,3346.0000,3345.8000,3347.6000,3349.6000,3349.8000,3350.0000,3350.2000,1,3,1,4,1,2,3,1,4,2
SF,IH2012,2020-10-13 09:31:23.000,3346.8000,31028,-1,254960940.000,2,0,2,多平,S,3346.6000,3346.2000,3346.0000,3345.8000,3345.6000,3347.4000,3347.6000,3349.6000,3349.8000,3350.0000,3,1,5,1,1,2,1,3,1,4
SF,IH2012,2020-10-13 09:31:23.500,3347.2000,31026,-2,257973060.000,3,0,3,多平,S,3347.0000,3346.6000,3346.2000,3346.0000,3345.8000,3347.4000,3349.6000,3349.8000,3350.0000,3350.2000,1,1,1,5,1,2,3,1,4,2
SF,IH2012,2020-10-13 09:31:24.000,3347.4000,31024,-2,262993620.000,5,1,4,多平,S,3347.6000,3347.0000,3346.2000,3346.0000,3345.8000,3349.6000,3349.8000,3350.0000,3350.2000,3351.6000,4,4,1,5,1,3,1,4,3,1
SF,IH2012,2020-10-13 09:31:24.500,3347.6000,31024,0,267010740.000,4,2,2,多换,S,3347.0000,3346.2000,3346.0000,3345.8000,3345.6000,3347.6000,3347.8000,3348.0000,3348.2000,3348.4000,4,1,5,1,1,2,1,1,1,3
SF,IH2012,2020-10-13 09:31:25.000,3347.0000,31024,0,271027140.000,4,2,2,多换,S,3346.2000,3346.0000,3345.8000,3345.6000,3345.2000,3346.6000,3347.0000,3347.4000,3347.6000,3347.8000,1,5,1,1,1,1,3,4,1,2
SF,IH2012,2020-10-13 09:31:25.500,3347.0000,31021,-3,274039320.000,3,0,3,双平,S,3346.2000,3346.0000,3345.8000,3345.6000,3345.2000,3347.4000,3347.8000,3348.0000,3348.4000,3349.0000,1,5,1,1,1,4,2,1,1,2
SF,IH2012,2020-10-13 09:31:26.000,3347.0000,31021,0,274039320.000,0,-,-,-,-,3346.4000,3346.2000,3346.0000,3345.8000,3345.6000,3347.4000,3347.8000,3348.0000,3348.4000,3349.0000,1,1,5,1,1,4,2,1,1,3
SF,IH2012,2020-10-13 09:31:26.500,3347.0000,31021,0,274039320.000,0,-,-,-,-,3346.2000,3346.0000,3345.8000,3345.6000,3345.2000,3346.4000,3347.4000,3347.8000,3348.0000,3348.4000,1,5,1,1,1,2,4,2,1,1
SF,IH2012,2020-10-13 09:31:27.000,3347.4000,31018,-3,277051380.000,3,0,3,双平,S,3346.2000,3346.0000,3345.8000,3345.6000,3345.2000,3347.8000,3348.0000,3348.4000,3349.0000,3349.2000,1,5,1,1,1,2,1,1,2,6
SF,IH2012,2020-10-13 09:31:27.500,3346.4000,31017,-1,278055300.000,1,0,1,双平,S,3346.4000,3346.2000,3346.0000,3345.8000,3345.6000,3347.6000,3347.8000,3348.0000,3348.8000,3349.0000,2,1,5,1,1,2,2,1,1,2
SF,IH2012,2020-10-13 09:31:28.000,3346.4000,31016,-1,280063140.000,2,0,2,多平,S,3347.4000,3347.0000,3346.4000,3346.2000,3346.0000,3347.6000,3347.8000,3348.0000,3348.8000,3349.0000,1,1,1,1,5,2,3,1,1,2
SF,IH2012,2020-10-13 09:31:28.500,3347.4000,31016,0,281067360.000,1,0,1,多换,S,3347.0000,3346.4000,3346.2000,3346.0000,3345.2000,3347.4000,3347.8000,3348.0000,3348.8000,3349.0000,1,1,1,5,1,2,3,1,1,2
SF,IH2012,2020-10-13 09:31:29.000,3347.0000,31015,-1,282071460.000,1,0,1,双平,S,3346.4000,3346.2000,3346.0000,3345.2000,3345.0000,3347.0000,3347.2000,3347.8000,3348.0000,3348.8000,1,1,5,1,2,2,1,3,1,1
SF,IH2012,2020-10-13 09:31:29.500,3347.0000,31014,-1,284079480.000,2,0,2,多平,S,3346.2000,3346.0000,3345.2000,3345.0000,3344.6000,3347.2000,3347.4000,3347.8000,3348.0000,3348.8000,1,5,1,2,1,1,1,3,1,1
SF,IH2012,2020-10-13 09:31:30.000,3347.0000,31014,0,284079480.000,0,-,-,-,-,3346.2000,3346.0000,3345.2000,3345.0000,3344.6000,3347.2000,3347.4000,3347.8000,3348.0000,3348.8000,1,5,1,2,1,1,3,3,1,1
SF,IH2012,2020-10-13 09:31:30.500,3347.0000,31014,0,284079480.000,0,-,-,-,-,3346.2000,3346.0000,3345.2000,3345.0000,3344.6000,3347.2000,3347.4000,3347.8000,3348.0000,3348.8000,1,5,1,2,1,1,3,3,1,1
SF,IH2012,2020-10-13 09:31:32.500,3347.0000,31014,0,286087440.000,2,1,1,多换,S,3346.0000,3345.2000,3345.0000,3344.6000,3344.4000,3347.2000,3347.4000,3347.8000,3348.0000,3348.8000,5,1,2,1,7,1,3,3,1,1
SF,IH2012,2020-10-13 09:31:33.000,3347.0000,31014,0,286087440.000,0,-,-,-,-,3346.0000,3345.2000,3345.0000,3344.6000,3344.4000,3347.2000,3347.4000,3347.8000,3348.0000,3348.8000,6,1,2,1,7,1,5,3,1,1
SF,IH2012,2020-10-13 09:31:33.500,3347.0000,31014,0,286087440.000,0,-,-,-,-,3346.0000,3345.2000,3345.0000,3344.6000,3344.4000,3346.2000,3347.2000,3347.4000,3347.8000,3348.0000,5,1,2,1,7,1,1,5,3,1
SF,IH2012,2020-10-13 09:31:34.000,3346.2000,31012,-2,290102880.000,4,1,3,多平,S,3346.6000,3346.0000,3345.2000,3345.0000,3344.6000,3347.2000,3347.4000,3347.8000,3348.0000,3349.0000,3,4,1,2,1,1,5,3,1,2
SF,IH2012,2020-10-13 09:31:34.500,3346.6000,31012,0,293114820.000,3,1,2,多换,S,3346.0000,3345.2000,3345.0000,3344.6000,3344.4000,3346.6000,3347.2000,3347.4000,3347.8000,3348.0000,4,1,2,1,7,2,1,5,3,1
SF,IH2012,2020-10-13 09:31:35.000,3346.0000,31012,0,296126220.000,3,1,2,多换,S,3346.0000,3345.2000,3345.0000,3344.6000,3344.4000,3346.6000,3346.8000,3347.2000,3347.4000,3347.8000,1,1,2,1,7,1,2,1,5,3
SF,IH2012,2020-10-13 09:31:35.500,3346.0000,31011,-1,297130020.000,1,0,1,双平,S,3345.2000,3345.0000,3344.6000,3344.4000,3344.2000,3346.4000,3346.6000,3346.8000,3347.4000,3347.8000,1,2,1,7,1,1,1,2,5,3
SF,IH2012,2020-10-13 09:31:36.000,3345.2000,31010,-1,298133580.000,1,0,1,双平,S,3345.2000,3345.0000,3344.6000,3344.4000,3344.2000,3346.4000,3346.6000,3346.8000,3347.4000,3347.8000,1,2,1,7,1,1,1,2,5,3
SF,IH2012,2020-10-13 09:31:36.500,3345.2000,31009,-1,299137140.000,1,0,1,双平,S,3345.2000,3345.0000,3344.6000,3344.4000,3344.2000,3346.4000,3346.6000,3346.8000,3347.4000,3347.8000,1,2,1,7,1,1,1,2,5,3
SF,IH2012,2020-10-13 09:31:37.000,3346.4000,31007,-2,301144980.000,2,0,2,双平,S,3346.4000,3345.2000,3345.0000,3344.6000,3344.4000,3346.6000,3346.8000,3347.4000,3347.8000,3348.0000,1,1,2,1,2,1,2,5,3,1
SF,IH2012,2020-10-13 09:31:37.500,3346.8000,31005,-2,304156980.000,3,0,3,多平,S,3346.6000,3345.2000,3345.0000,3344.6000,3344.4000,3347.4000,3347.8000,3348.0000,3349.0000,3349.2000,1,1,2,1,2,5,3,1,2,6
SF,IH2012,2020-10-13 09:31:38.000,3346.6000,31004,-1,305160960.000,1,0,1,双平,S,3345.2000,3345.0000,3344.6000,3344.4000,3344.2000,3347.4000,3347.6000,3347.8000,3348.0000,3349.0000,3,2,1,2,1,5,2,3,1,2
SF,IH2012,2020-10-13 09:31:38.500,3345.4000,31004,0,306164580.000,1,0,1,多换,S,3345.4000,3345.2000,3345.0000,3344.6000,3344.4000,3347.2000,3347.4000,3347.6000,3347.8000,3348.0000,4,3,2,1,2,1,5,2,3,1
SF,IH2012,2020-10-13 09:31:39.000,3346.4000,31004,0,307168500.000,1,0,1,多换,S,3345.6000,3345.4000,3345.2000,3345.0000,3344.6000,3347.0000,3347.2000,3347.4000,3347.6000,3347.8000,2,4,3,2,1,1,1,6,2,3
SF,IH2012,2020-10-13 09:31:39.500,3346.4000,31004,0,307168500.000,0,-,-,-,-,3345.4000,3345.2000,3345.0000,3344.6000,3344.4000,3346.8000,3347.4000,3347.6000,3347.8000,3348.0000,2,3,2,1,2,2,6,2,3,1
SF,IH2012,2020-10-13 09:31:40.000,3346.4000,31004,0,307168500.000,0,-,-,-,-,3346.2000,3345.4000,3345.2000,3345.0000,3344.6000,3346.6000,3346.8000,3347.0000,3347.4000,3347.6000,1,3,3,2,1,3,2,2,6,2
SF,IH2012,2020-10-13 09:31:40.500,3345.4000,31003,-1,309175980.000,2,0,2,多平,S,3345.4000,3345.2000,3345.0000,3344.6000,3344.4000,3346.2000,3346.6000,3346.8000,3347.0000,3347.4000,1,3,4,1,2,1,3,2,2,6
SF,IH2012,2020-10-13 09:31:41.000,3345.4000,31002,-1,310179600.000,1,0,1,双平,S,3345.2000,3345.0000,3344.6000,3344.4000,3344.2000,3345.4000,3346.6000,3346.8000,3347.0000,3347.4000,3,4,1,2,1,1,3,2,2,6
SF,IH2012,2020-10-13 09:31:41.500,3345.4000,31000,-2,312186840.000,2,0,2,双平,S,3345.4000,3345.2000,3345.0000,3344.6000,3344.4000,3346.6000,3346.8000,3347.0000,3347.4000,3347.6000,1,2,4,2,2,3,2,3,6,2
SF,IH2012,2020-10-13 09:31:42.000,3345.4000,31000,0,313190460.000,1,0,1,多换,S,3345.2000,3345.0000,3344.6000,3344.4000,3344.2000,3346.4000,3346.6000,3346.8000,3347.0000,3347.4000,2,4,2,2,1,2,3,1,3,6
SF,IH2012,2020-10-13 09:31:42.500,3345.4000,31000,0,313190460.000,0,-,-,-,-,3345.4000,3345.2000,3345.0000,3344.6000,3344.4000,3346.2000,3346.4000,3346.6000,3346.8000,3347.0000,1,2,4,2,2,1,2,2,1,3
SF,IH2012,2020-10-13 09:31:43.000,3345.4000,31000,0,313190460.000,0,-,-,-,-,3345.4000,3345.2000,3345.0000,3344.6000,3344.4000,3346.0000,3346.2000,3346.4000,3346.6000,3346.8000,1,2,4,2,2,1,1,3,2,1
SF,IH2012,2020-10-13 09:31:43.500,3345.4000,31000,0,313190460.000,0,-,-,-,-,3345.4000,3345.2000,3345.0000,3344.6000,3344.4000,3346.0000,3346.2000,3346.4000,3346.6000,3346.8000,2,2,4,2,2,1,1,3,2,1
SF,IH2012,2020-10-13 09:31:44.000,3345.4000,31000,0,313190460.000,0,-,-,-,-,3345.4000,3345.2000,3345.0000,3344.6000,3344.4000,3346.0000,3346.2000,3346.4000,3346.6000,3346.8000,2,2,5,2,2,1,1,3,2,1
SF,IH2012,2020-10-13 09:31:44.500,3345.4000,31000,0,313190460.000,0,-,-,-,-,3345.4000,3345.2000,3345.0000,3344.6000,3344.4000,3346.2000,3346.4000,3346.6000,3346.8000,3347.0000,2,2,5,2,2,3,3,2,1,3
SF,IH2012,2020-10-13 09:31:45.000,3345.4000,31000,0,313190460.000,0,-,-,-,-,3345.6000,3345.4000,3345.2000,3345.0000,3344.6000,3346.0000,3346.2000,3346.4000,3346.6000,3346.8000,3,2,2,5,2,1,3,4,2,1
SF,IH2012,2020-10-13 09:31:45.500,3345.6000,31001,1,315197820.000,2,1,1,空开,S,3345.6000,3345.4000,3345.2000,3345.0000,3344.6000,3346.0000,3346.2000,3346.4000,3346.6000,3346.8000,1,2,2,5,2,1,3,4,2,1
SF,IH2012,2020-10-13 09:31:46.000,3345.4000,31001,0,317205120.000,2,1,1,多换,S,3345.4000,3345.2000,3345.0000,3344.6000,3344.4000,3345.6000,3346.0000,3346.2000,3346.4000,3346.6000,1,2,5,2,2,2,1,3,4,2
SF,IH2012,2020-10-13 09:31:46.500,3345.4000,31000,-1,318208740.000,1,0,1,双平,S,3345.2000,3345.0000,3344.6000,3344.4000,3344.2000,3345.4000,3345.6000,3346.0000,3346.2000,3346.4000,2,5,2,2,1,2,2,1,3,5
SF,IH2012,2020-10-13 09:31:47.000,3345.4000,30999,-1,320215980.000,2,0,2,多平,S,3345.2000,3345.0000,3344.6000,3344.4000,3344.2000,3345.6000,3346.0000,3346.2000,3346.4000,3346.8000,2,5,2,2,1,2,1,3,5,1
SF,IH2012,2020-10-13 09:31:47.500,3345.4000,30997,-2,322223220.000,2,0,2,双平,S,3345.2000,3345.0000,3344.6000,3344.4000,3344.2000,3345.6000,3346.2000,3346.4000,3346.8000,3347.0000,2,5,2,2,1,2,3,5,1,3
SF,IH2012,2020-10-13 09:31:48.000,3345.6000,30997,0,323226900.000,1,0,1,多换,S,3345.2000,3345.0000,3344.6000,3344.4000,3344.2000,3345.6000,3346.0000,3346.2000,3346.4000,3346.8000,2,5,2,2,1,2,8,3,3,1
SF,IH2012,2020-10-13 09:31:48.500,3345.2000,30997,0,324230460.000,1,0,1,多换,S,3345.2000,3345.0000,3344.6000,3344.4000,3344.2000,3345.6000,3346.0000,3346.2000,3346.4000,3346.8000,1,5,2,2,1,5,8,3,3,1
SF,IH2012,2020-10-13 09:31:49.000,3345.2000,30997,0,325234020.000,1,0,1,多换,S,3345.0000,3344.6000,3344.4000,3344.2000,3344.0000,3345.2000,3345.6000,3346.0000,3346.2000,3346.4000,4,2,2,1,1,1,5,8,1,3
SF,IH2012,2020-10-13 09:31:49.500,3345.0000,30994,-3,329248020.000,4,0,4,多平,S,3344.6000,3344.4000,3344.2000,3344.0000,3343.4000,3345.0000,3345.2000,3345.6000,3346.0000,3346.4000,2,2,1,1,1,1,4,5,8,3
SF,IH2012,2020-10-13 09:31:50.000,3344.6000,30993,-1,330251400.000,1,0,1,双平,S,3344.6000,3344.4000,3344.2000,3344.0000,3343.4000,3345.0000,3345.2000,3345.6000,3346.0000,3346.4000,1,2,1,1,1,3,4,8,8,1
SF,IH2012,2020-10-13 09:31:50.500,3344.6000,30992,-1,331254780.000,1,0,1,双平,S,3344.4000,3344.2000,3344.0000,3343.4000,3343.2000,3345.0000,3345.2000,3345.6000,3346.0000,3346.4000,2,1,1,1,4,6,4,8,8,1
SF,IH2012,2020-10-13 09:31:51.000,3344.6000,30992,0,331254780.000,0,-,-,-,-,3344.4000,3344.2000,3344.0000,3343.4000,3343.2000,3345.0000,3345.2000,3345.6000,3346.0000,3346.4000,2,1,1,1,4,6,4,8,8,1
SF,IH2012,2020-10-13 09:31:51.500,3344.4000,30992,0,333261420.000,2,1,1,多换,S,3344.2000,3344.0000,3343.4000,3343.2000,3343.0000,3344.4000,3345.0000,3345.2000,3345.6000,3345.8000,1,1,1,4,3,1,8,4,8,1
SF,IH2012,2020-10-13 09:31:52.000,3344.4000,30990,-2,335268000.000,2,0,2,双平,S,3344.4000,3344.0000,3343.4000,3343.2000,3343.0000,3345.0000,3345.2000,3345.6000,3345.8000,3346.0000,1,1,1,4,3,8,4,8,1,8
SF,IH2012,2020-10-13 09:31:52.500,3345.0000,30990,0,337274820.000,2,1,1,多换,S,3344.0000,3343.4000,3343.2000,3343.0000,3342.8000,3345.0000,3345.2000,3345.6000,3345.8000,3346.0000,1,1,4,3,2,7,4,8,1,8
SF,IH2012,2020-10-13 09:31:53.000,3345.0000,30990,0,337274820.000,0,-,-,-,-,3344.0000,3343.4000,3343.2000,3343.0000,3342.8000,3345.0000,3345.2000,3345.6000,3345.8000,3346.0000,1,1,4,3,2,7,4,8,1,8
SF,IH2012,2020-10-13 09:31:53.500,3345.0000,30990,0,337274820.000,0,-,-,-,-,3344.0000,3343.4000,3343.2000,3343.0000,3342.8000,3345.0000,3345.2000,3345.6000,3345.8000,3346.0000,1,1,4,3,2,7,4,7,1,8
SF,IH2012,2020-10-13 09:31:54.000,3345.0000,30990,0,337274820.000,0,-,-,-,-,3344.0000,3343.4000,3343.2000,3343.0000,3342.8000,3345.0000,3345.2000,3345.6000,3345.8000,3346.0000,1,1,4,3,2,11,4,1,1,8
SF,IH2012,2020-10-13 09:31:54.500,3345.0000,30990,0,337274820.000,0,-,-,-,-,3344.0000,3343.4000,3343.2000,3343.0000,3342.8000,3344.4000,3345.0000,3345.2000,3345.6000,3345.8000,1,1,4,3,2,1,14,1,1,1
SF,IH2012,2020-10-13 09:31:55.000,3345.0000,30989,-1,339281700.000,2,0,2,多平,S,3344.0000,3343.4000,3343.2000,3343.0000,3342.8000,3344.4000,3345.0000,3345.2000,3345.6000,3345.8000,1,1,4,3,2,3,11,1,1,1
SF,IH2012,2020-10-13 09:31:55.500,3345.0000,30989,0,339281700.000,0,-,-,-,-,3344.0000,3343.4000,3343.2000,3343.0000,3342.8000,3344.4000,3345.0000,3345.2000,3345.6000,3345.8000,1,1,4,3,2,5,9,1,1,1
SF,IH2012,2020-10-13 09:31:56.000,3344.4000,30988,-1,341288220.000,2,0,2,多平,S,3343.4000,3343.2000,3343.0000,3342.8000,3342.4000,3344.4000,3345.0000,3345.2000,3345.6000,3345.8000,1,4,3,2,2,7,9,1,1,1
SF,IH2012,2020-10-13 09:31:56.500,3344.4000,30988,0,341288220.000,0,-,-,-,-,3343.6000,3343.4000,3343.2000,3343.0000,3342.8000,3344.4000,3345.0000,3345.2000,3345.6000,3345.8000,1,2,4,3,2,7,7,1,1,1
SF,IH2012,2020-10-13 09:31:57.000,3344.4000,30988,0,342291540.000,1,0,1,多换,S,3343.6000,3343.4000,3343.2000,3343.0000,3342.8000,3344.4000,3345.0000,3345.2000,3345.6000,3345.8000,1,2,4,3,2,8,7,1,1,1
SF,IH2012,2020-10-13 09:31:57.500,3344.4000,30988,0,342291540.000,0,-,-,-,-,3343.6000,3343.4000,3343.2000,3343.0000,3342.8000,3344.0000,3344.4000,3345.0000,3345.2000,3345.6000,1,2,4,3,2,1,8,7,1,1
SF,IH2012,2020-10-13 09:31:58.000,3344.0000,30987,-1,343294740.000,1,0,1,双平,S,3344.0000,3343.6000,3343.4000,3343.2000,3343.0000,3344.4000,3345.0000,3345.2000,3345.6000,3345.8000,1,1,1,4,3,8,7,1,1,1
SF,IH2012,2020-10-13 09:31:58.500,3343.6000,30984,-3,346304340.000,3,0,3,双平,S,3343.4000,3343.2000,3343.0000,3342.8000,3342.4000,3344.4000,3345.0000,3345.2000,3345.6000,3345.8000,1,4,3,2,2,9,6,1,1,1
SF,IH2012,2020-10-13 09:31:59.000,3343.6000,30984,0,346304340.000,0,-,-,-,-,3343.4000,3343.2000,3343.0000,3342.8000,3342.4000,3344.2000,3344.4000,3345.0000,3345.2000,3345.6000,1,4,3,2,2,1,9,6,1,1
SF,IH2012,2020-10-13 09:31:59.500,3344.2000,30983,-1,349314120.000,3,1,2,多平,S,3343.4000,3343.2000,3343.0000,3342.8000,3342.4000,3344.2000,3344.4000,3345.2000,3345.6000,3345.8000,1,4,3,2,2,1,10,1,1,1
SF,IH2012,2020-10-13 09:32:00.000,3343.6000,30983,0,351320460.000,2,1,1,多换,S,3343.4000,3343.2000,3343.0000,3342.8000,3342.4000,3344.0000,3344.2000,3344.4000,3345.2000,3345.6000,1,4,3,2,2,7,3,10,1,1
SF,IH2012,2020-10-13 09:32:00.500,3344.2000,30975,-8,359346120.000,8,0,8,双平,S,3343.4000,3343.2000,3343.0000,3342.8000,3342.4000,3344.2000,3344.4000,3345.2000,3345.6000,3345.8000,2,4,3,2,2,2,8,1,1,1
SF,IH2012,2020-10-13 09:32:01.000,3344.4000,30967,-8,367372560.000,8,0,8,双平,S,3343.6000,3343.4000,3343.2000,3343.0000,3342.8000,3344.2000,3344.4000,3345.2000,3345.6000,3345.8000,2,2,4,3,2,2,3,1,1,1
SF,IH2012,2020-10-13 09:32:01.500,3344.4000,30967,0,367372560.000,0,-,-,-,-,3343.6000,3343.4000,3343.2000,3343.0000,3342.8000,3344.2000,3344.4000,3345.2000,3345.6000,3345.8000,3,4,4,3,2,3,3,1,1,1
SF,IH2012,2020-10-13 09:32:02.000,3344.4000,30967,0,367372560.000,0,-,-,-,-,3343.8000,3343.6000,3343.4000,3343.2000,3343.0000,3344.2000,3344.4000,3345.2000,3345.6000,3345.8000,1,2,3,4,3,6,3,1,1,1
SF,IH2012,2020-10-13 09:32:02.500,3343.8000,30966,-1,369378960.000,2,0,2,多平,S,3343.6000,3343.4000,3343.2000,3343.0000,3342.8000,3344.2000,3344.4000,3345.2000,3345.6000,3345.8000,2,3,4,4,2,5,3,1,1,1
SF,IH2012,2020-10-13 09:32:03.000,3344.2000,30965,-1,370382220.000,1,0,1,双平,S,3343.6000,3343.4000,3343.2000,3343.0000,3342.8000,3344.2000,3344.4000,3345.2000,3345.6000,3345.8000,1,3,4,4,2,4,3,1,1,1
SF,IH2012,2020-10-13 09:32:03.500,3343.6000,30966,1,371385300.000,1,1,0,双开,S,3343.4000,3343.2000,3343.0000,3342.8000,3342.4000,3344.2000,3344.4000,3345.2000,3345.6000,3345.8000,3,4,4,2,2,7,3,1,1,1
SF,IH2012,2020-10-13 09:32:04.000,3343.6000,30966,0,371385300.000,0,-,-,-,-,3343.4000,3343.2000,3343.0000,3342.8000,3342.4000,3344.2000,3344.4000,3345.2000,3345.6000,3345.8000,4,4,4,2,2,7,2,1,1,1
SF,IH2012,2020-10-13 09:32:04.500,3344.2000,30966,0,373391820.000,2,1,1,多换,S,3343.4000,3343.2000,3343.0000,3342.8000,3342.4000,3344.2000,3344.4000,3345.2000,3345.6000,3345.8000,4,4,4,2,2,7,1,1,1,1
SF,IH2012,2020-10-13 09:32:05.000,3344.2000,30966,0,373391820.000,0,-,-,-,-,3343.4000,3343.2000,3343.0000,3342.8000,3342.4000,3344.2000,3344.4000,3345.2000,3345.6000,3345.8000,3,4,4,2,2,8,1,1,1,1
SF,IH2012,2020-10-13 09:32:05.500,3344.2000,30966,0,373391820.000,0,-,-,-,-,3343.4000,3343.2000,3343.0000,3342.8000,3342.4000,3344.2000,3344.4000,3345.2000,3345.6000,3345.8000,2,4,4,2,2,11,1,1,1,1
SF,IH2012,2020-10-13 09:32:06.000,3344.2000,30966,0,373391820.000,0,-,-,-,-,3343.4000,3343.2000,3343.0000,3342.8000,3342.4000,3344.2000,3344.4000,3345.2000,3345.6000,3345.8000,2,4,4,2,2,11,1,1,1,1
SF,IH2012,2020-10-13 09:32:06.500,3343.4000,30967,1,374394840.000,1,1,0,双开,S,3343.4000,3343.2000,3343.0000,3342.8000,3342.4000,3344.2000,3344.4000,3345.2000,3345.6000,3345.8000,1,4,4,2,2,11,1,1,2,1
SF,IH2012,2020-10-13 09:32:07.000,3344.2000,30966,-1,376401120.000,2,0,2,多平,S,3343.2000,3343.0000,3342.8000,3342.4000,3342.2000,3344.2000,3344.4000,3345.2000,3345.6000,3345.8000,4,4,2,2,3,6,1,1,1,1
SF,IH2012,2020-10-13 09:32:07.500,3344.2000,30966,0,376401120.000,0,-,-,-,-,3343.2000,3343.0000,3342.8000,3342.4000,3342.2000,3344.2000,3344.4000,3345.2000,3345.6000,3345.8000,4,4,1,2,3,11,1,1,2,1
SF,IH2012,2020-10-13 09:32:08.000,3344.2000,30966,0,376401120.000,0,-,-,-,-,3343.2000,3343.0000,3342.8000,3342.4000,3342.2000,3344.0000,3344.2000,3344.4000,3345.2000,3345.6000,4,4,1,2,3,3,11,1,1,1
SF,IH2012,2020-10-13 09:32:08.500,3343.2000,30962,-4,380412960.000,4,0,4,双平,S,3343.0000,3342.8000,3342.4000,3342.2000,3342.0000,3344.0000,3344.2000,3344.4000,3345.2000,3345.6000,4,1,2,3,6,3,11,1,1,2
SF,IH2012,2020-10-13 09:32:09.000,3343.0000,30961,-1,381415860.000,1,0,1,双平,S,3343.0000,3342.8000,3342.4000,3342.2000,3342.0000,3343.2000,3344.0000,3344.2000,3344.4000,3345.2000,3,1,2,3,6,1,3,10,1,1
SF,IH2012,2020-10-13 09:32:09.500,3342.8000,30960,-1,385427400.000,4,1,3,多平,S,3342.4000,3342.2000,3342.0000,3341.6000,3341.4000,3342.8000,3343.2000,3344.0000,3344.2000,3344.4000,2,3,6,1,1,3,2,3,8,1
SF,IH2012,2020-10-13 09:32:10.000,3342.4000,30959,-1,387432840.000,2,0,2,多平,S,3342.2000,3342.0000,3341.6000,3341.4000,3341.0000,3342.8000,3343.2000,3344.0000,3344.2000,3344.4000,2,6,1,1,3,3,2,1,8,1
SF,IH2012,2020-10-13 09:32:10.500,3342.2000,30960,1,389438160.000,2,1,1,空开,S,3342.0000,3341.6000,3341.4000,3341.0000,3340.0000,3342.2000,3342.8000,3343.2000,3343.4000,3343.8000,6,1,1,4,12,2,8,2,1,1
SF,IH2012,2020-10-13 09:32:11.000,3342.2000,30960,0,391443480.000,2,1,1,多换,S,3342.4000,3342.0000,3341.6000,3341.4000,3341.0000,3342.8000,3343.2000,3343.4000,3344.0000,3344.2000,3,6,1,1,4,8,2,1,1,5
SF,IH2012,2020-10-13 09:32:11.500,3342.4000,30958,-2,395454360.000,4,1,3,多平,S,3342.0000,3341.6000,3341.4000,3341.0000,3340.4000,3342.2000,3342.4000,3342.8000,3343.2000,3343.4000,6,1,1,4,1,1,1,7,2,1
SF,IH2012,2020-10-13 09:32:12.000,3342.2000,30958,0,396457020.000,1,0,1,多换,S,3342.0000,3341.6000,3341.4000,3341.0000,3340.4000,3342.2000,3342.4000,3342.8000,3343.2000,3343.4000,6,1,1,4,1,1,1,7,1,1
SF,IH2012,2020-10-13 09:32:12.500,3342.2000,30958,0,396457020.000,0,-,-,-,-,3342.0000,3341.6000,3341.4000,3341.0000,3340.4000,3342.2000,3342.4000,3342.8000,3343.2000,3343.4000,6,1,1,4,1,1,1,7,1,1
SF,IH2012,2020-10-13 09:32:13.000,3342.0000,30958,0,399465000.000,3,1,2,多换,S,3342.0000,3341.6000,3341.4000,3341.0000,3340.4000,3342.2000,3342.8000,3343.2000,3343.4000,3344.0000,5,1,1,4,1,5,7,1,1,2
SF,IH2012,2020-10-13 09:32:13.500,3342.0000,30958,0,400467600.000,1,0,1,多换,S,3342.0000,3341.6000,3341.4000,3341.0000,3340.4000,3342.2000,3342.4000,3342.8000,3343.2000,3343.4000,5,1,1,4,1,5,1,7,1,1
SF,IH2012,2020-10-13 09:32:14.000,3342.2000,30958,0,405480900.000,5,2,3,多换,S,3342.2000,3342.0000,3341.6000,3341.4000,3341.0000,3342.4000,3342.8000,3343.2000,3343.4000,3344.0000,5,5,1,1,4,1,7,1,1,2
SF,IH2012,2020-10-13 09:32:14.500,3342.2000,30958,0,405480900.000,0,-,-,-,-,3342.2000,3342.0000,3341.6000,3341.4000,3341.0000,3342.4000,3342.8000,3343.4000,3343.8000,3344.0000,5,5,1,1,4,1,7,1,1,2
SF,IH2012,2020-10-13 09:32:15.000,3342.2000,30956,-2,409491720.000,4,1,3,多平,S,3342.2000,3342.0000,3341.6000,3341.4000,3341.0000,3342.4000,3342.8000,3343.4000,3344.0000,3344.4000,4,5,1,1,4,1,5,1,2,1
SF,IH2012,2020-10-13 09:32:15.500,3342.4000,30955,-1,410494440.000,1,0,1,双平,S,3342.2000,3342.0000,3341.6000,3341.4000,3341.0000,3342.4000,3342.8000,3343.4000,3343.8000,3344.0000,4,6,1,1,4,2,2,1,1,2
SF,IH2012,2020-10-13 09:32:16.000,3342.2000,30954,-1,414505260.000,4,1,3,多平,S,3342.2000,3342.0000,3341.6000,3341.4000,3341.0000,3342.4000,3342.8000,3343.4000,3344.0000,3344.4000,3,6,1,1,4,2,2,1,2,1
SF,IH2012,2020-10-13 09:32:16.500,3342.4000,30954,0,416510700.000,2,1,1,多换,S,3342.2000,3342.0000,3341.6000,3341.4000,3341.0000,3342.8000,3343.4000,3343.8000,3344.0000,3344.4000,3,6,1,1,4,2,1,1,2,1
SF,IH2012,2020-10-13 09:32:17.000,3342.2000,30954,0,417513360.000,1,0,1,多换,S,3342.2000,3342.0000,3341.6000,3341.4000,3341.0000,3342.8000,3343.4000,3344.0000,3344.4000,3344.6000,3,6,1,1,4,2,1,2,1,1
SF,IH2012,2020-10-13 09:32:17.500,3342.2000,30954,0,417513360.000,0,-,-,-,-,3342.2000,3342.0000,3341.6000,3341.4000,3341.0000,3342.8000,3343.4000,3343.8000,3344.0000,3344.4000,3,6,1,1,4,3,1,1,2,1
SF,IH2012,2020-10-13 09:32:18.000,3342.2000,30954,0,417513360.000,0,-,-,-,-,3342.2000,3342.0000,3341.6000,3341.4000,3341.0000,3342.6000,3342.8000,3343.4000,3344.0000,3344.4000,3,6,1,1,4,1,4,1,2,1
SF,IH2012,2020-10-13 09:32:18.500,3342.2000,30954,0,417513360.000,0,-,-,-,-,3342.4000,3342.2000,3342.0000,3341.6000,3341.4000,3342.8000,3343.4000,3343.8000,3344.0000,3344.4000,1,3,6,1,1,4,1,1,2,1
SF,IH2012,2020-10-13 09:32:19.000,3342.4000,30953,-1,419518800.000,2,0,2,多平,S,3342.2000,3342.0000,3341.6000,3341.4000,3341.0000,3342.8000,3343.4000,3344.0000,3344.4000,3344.6000,3,7,1,1,4,4,1,2,1,1
SF,IH2012,2020-10-13 09:32:19.500,3342.2000,30953,0,421524240.000,2,1,1,多换,S,3342.2000,3342.0000,3341.6000,3341.4000,3341.0000,3342.8000,3343.4000,3343.8000,3344.0000,3344.4000,2,7,1,1,4,5,1,1,2,1
SF,IH2012,2020-10-13 09:32:20.000,3342.2000,30953,0,421524240.000,0,-,-,-,-,3342.6000,3342.2000,3342.0000,3341.6000,3341.4000,3342.8000,3343.4000,3344.0000,3344.4000,3344.6000,4,2,7,1,1,5,1,2,1,1
SF,IH2012,2020-10-13 09:32:20.500,3342.6000,30953,0,423529800.000,2,1,1,多换,S,3342.6000,3342.2000,3342.0000,3341.6000,3341.4000,3342.8000,3343.4000,3343.8000,3344.0000,3344.4000,2,2,7,1,1,4,1,1,2,1
SF,IH2012,2020-10-13 09:32:21.000,3342.6000,30953,0,424532580.000,1,0,1,多换,S,3342.6000,3342.2000,3342.0000,3341.6000,3341.4000,3342.8000,3343.4000,3344.0000,3344.4000,3344.6000,1,2,7,1,1,4,1,2,1,1
SF,IH2012,2020-10-13 09:32:21.500,3342.6000,30953,0,424532580.000,0,-,-,-,-,3342.6000,3342.2000,3342.0000,3341.6000,3341.4000,3342.8000,3343.4000,3343.8000,3344.0000,3344.4000,1,2,7,1,1,4,1,1,2,1
SF,IH2012,2020-10-13 09:32:22.000,3342.8000,30952,-1,425535420.000,1,0,1,双平,S,3342.6000,3342.2000,3342.0000,3341.6000,3341.4000,3342.8000,3343.4000,3344.0000,3344.4000,3344.6000,1,2,7,1,1,1,1,2,1,1
SF,IH2012,2020-10-13 09:32:22.500,3342.8000,30951,-1,426538260.000,1,0,1,双平,S,3342.6000,3342.2000,3342.0000,3341.6000,3341.4000,3343.4000,3343.8000,3344.0000,3344.4000,3344.6000,1,2,7,1,1,1,1,2,1,1
SF,IH2012,2020-10-13 09:32:23.000,3342.8000,30951,0,426538260.000,0,-,-,-,-,3342.6000,3342.2000,3342.0000,3341.6000,3341.4000,3343.2000,3343.4000,3344.0000,3344.4000,3344.6000,1,2,7,1,1,1,1,2,1,1
SF,IH2012,2020-10-13 09:32:23.500,3342.6000,30951,0,427541040.000,1,0,1,多换,S,3342.2000,3342.0000,3341.6000,3341.4000,3341.0000,3343.2000,3343.4000,3343.8000,3344.0000,3344.4000,2,7,1,1,4,1,1,1,2,1
SF,IH2012,2020-10-13 09:32:24.000,3342.2000,30951,0,429546360.000,2,1,1,多换,S,3342.0000,3341.6000,3341.4000,3341.0000,3340.4000,3342.2000,3343.0000,3343.2000,3343.4000,3344.0000,7,1,1,4,1,1,3,1,1,1
SF,IH2012,2020-10-13 09:32:24.500,3342.0000,30949,-2,435561960.000,6,2,4,多平,S,3342.0000,3341.6000,3341.4000,3341.0000,3340.4000,3342.2000,3342.8000,3343.0000,3343.4000,3344.0000,1,1,1,4,1,2,1,3,1,1
SF,IH2012,2020-10-13 09:32:25.000,3342.0000,30949,0,436564560.000,1,0,1,多换,S,3341.4000,3341.0000,3340.4000,3340.0000,3339.6000,3342.0000,3342.2000,3343.0000,3343.4000,3344.0000,1,4,1,12,1,3,1,2,1,1
SF,IH2012,2020-10-13 09:32:25.500,3342.0000,30949,0,436564560.000,0,-,-,-,-,3341.4000,3341.0000,3340.4000,3340.0000,3339.6000,3341.8000,3342.0000,3342.2000,3342.8000,3343.0000,1,4,1,12,1,1,3,1,1,1
SF,IH2012,2020-10-13 09:32:26.000,3341.4000,30948,-1,437566980.000,1,0,1,双平,S,3341.0000,3340.4000,3340.0000,3339.6000,3339.0000,3342.0000,3342.2000,3343.0000,3343.4000,3344.0000,4,1,12,1,1,2,1,1,1,1
SF,IH2012,2020-10-13 09:32:26.500,3342.2000,30946,-2,440574480.000,3,0,3,多平,S,3341.0000,3340.4000,3340.0000,3339.6000,3339.0000,3342.8000,3343.0000,3343.4000,3344.0000,3344.4000,3,1,12,2,1,1,1,1,1,1
SF,IH2012,2020-10-13 09:32:27.000,3342.2000,30946,0,440574480.000,0,-,-,-,-,3341.2000,3341.0000,3340.4000,3340.0000,3339.6000,3342.6000,3343.4000,3344.0000,3344.4000,3345.6000,1,3,1,12,2,5,1,1,1,1
SF,IH2012,2020-10-13 09:32:27.500,3341.2000,30944,-2,442579440.000,2,0,2,双平,S,3341.0000,3340.4000,3340.0000,3339.6000,3339.0000,3341.2000,3342.6000,3342.8000,3343.4000,3344.0000,3,1,12,2,2,4,4,1,1,1
SF,IH2012,2020-10-13 09:32:28.000,3341.0000,30944,0,443581740.000,1,0,1,多换,S,3341.0000,3340.4000,3340.0000,3339.6000,3339.0000,3341.2000,3342.6000,3343.4000,3344.4000,3345.6000,1,1,13,2,2,4,4,1,1,1
SF,IH2012,2020-10-13 09:32:28.500,3341.0000,30943,-1,445586400.000,2,0,2,多平,S,3340.4000,3340.0000,3339.6000,3339.0000,3338.6000,3341.2000,3342.6000,3342.8000,3343.4000,3344.4000,1,13,2,2,2,3,4,1,1,1
SF,IH2012,2020-10-13 09:32:29.000,3341.2000,30942,-1,446588760.000,1,0,1,双平,S,3340.6000,3340.4000,3340.0000,3339.6000,3339.0000,3341.2000,3342.6000,3343.4000,3344.4000,3345.6000,1,2,13,2,2,4,2,1,1,1
SF,IH2012,2020-10-13 09:32:29.500,3341.2000,30940,-2,448593480.000,2,0,2,双平,S,3340.8000,3340.6000,3340.4000,3340.0000,3339.6000,3341.2000,3342.6000,3342.8000,3343.4000,3344.4000,1,1,2,13,2,2,2,1,1,1
SF,IH2012,2020-10-13 09:32:30.000,3341.2000,30938,-2,450598200.000,2,0,2,双平,S,3340.8000,3340.6000,3340.4000,3340.0000,3339.6000,3342.6000,3343.4000,3344.4000,3345.6000,3345.8000,1,1,2,13,2,2,1,1,1,1
SF,IH2012,2020-10-13 09:32:30.500,3341.2000,30938,0,450598200.000,0,-,-,-,-,3341.0000,3340.8000,3340.6000,3340.4000,3340.0000,3342.4000,3342.6000,3342.8000,3343.4000,3344.2000,2,1,1,1,13,1,2,1,1,1
SF,IH2012,2020-10-13 09:32:31.000,3341.0000,30937,-1,451600500.000,1,0,1,双平,S,3341.0000,3340.8000,3340.6000,3340.4000,3340.0000,3342.2000,3342.6000,3343.4000,3344.2000,3344.4000,2,1,1,1,13,2,1,1,1,1
SF,IH2012,2020-10-13 09:32:31.500,3341.0000,30937,0,451600500.000,0,-,-,-,-,3341.0000,3340.8000,3340.6000,3340.4000,3340.0000,3342.0000,3342.2000,3342.8000,3343.4000,3344.2000,3,1,1,1,14,1,2,1,1,1
SF,IH2012,2020-10-13 09:32:32.000,3341.8000,30937,0,452603040.000,1,0,1,多换,S,3341.0000,3340.8000,3340.6000,3340.4000,3340.0000,3342.0000,3342.2000,3343.4000,3344.2000,3344.4000,2,1,1,1,14,1,1,1,1,1
SF,IH2012,2020-10-13 09:32:32.500,3342.0000,30936,-1,453605640.000,1,0,1,双平,S,3341.0000,3340.8000,3340.6000,3340.4000,3340.0000,3342.2000,3342.8000,3343.4000,3344.2000,3344.4000,2,1,1,1,14,1,1,1,1,1
SF,IH2012,2020-10-13 09:32:33.000,3342.0000,30936,0,453605640.000,0,-,-,-,-,3341.2000,3341.0000,3340.8000,3340.6000,3340.4000,3342.0000,3343.4000,3344.2000,3344.4000,3345.6000,1,2,1,1,1,1,1,1,1,1
SF,IH2012,2020-10-13 09:32:33.500,3342.0000,30936,0,453605640.000,0,-,-,-,-,3341.2000,3341.0000,3340.8000,3340.6000,3340.4000,3342.0000,3342.8000,3343.4000,3344.2000,3344.4000,1,2,1,1,1,1,1,1,1,1
SF,IH2012,2020-10-13 09:32:34.000,3341.4000,30935,-1,454608060.000,1,0,1,双平,S,3341.2000,3341.0000,3340.6000,3340.4000,3340.0000,3343.4000,3344.2000,3344.4000,3345.6000,3346.0000,1,2,1,1,15,1,1,1,1,1
SF,IH2012,2020-10-13 09:32:34.500,3341.4000,30935,0,454608060.000,0,-,-,-,-,3341.4000,3341.2000,3341.0000,3340.6000,3340.4000,3342.8000,3343.2000,3343.4000,3344.2000,3344.4000,2,1,2,1,1,1,3,1,1,1
SF,IH2012,2020-10-13 09:32:35.000,3342.6000,30934,-1,455610840.000,1,0,1,双平,S,3341.6000,3341.4000,3341.0000,3340.6000,3340.4000,3342.6000,3342.8000,3343.2000,3343.4000,3344.2000,1,1,2,1,1,1,1,1,1,1
SF,IH2012,2020-10-13 09:32:35.500,3342.6000,30933,-1,456613620.000,1,0,1,双平,S,3341.8000,3341.6000,3341.0000,3340.6000,3340.4000,3342.4000,3342.8000,3343.2000,3343.4000,3344.2000,1,1,2,1,1,1,2,1,1,1
SF,IH2012,2020-10-13 09:32:36.000,3342.4000,30932,-1,457616340.000,1,0,1,双平,S,3341.8000,3341.6000,3341.0000,3340.6000,3340.4000,3342.8000,3343.2000,3343.4000,3344.2000,3344.4000,1,1,2,1,1,1,1,1,1,1
SF,IH2012,2020-10-13 09:32:36.500,3342.8000,30932,0,458619180.000,1,0,1,多换,S,3342.0000,3341.8000,3341.0000,3340.6000,3340.4000,3342.8000,3343.2000,3343.4000,3344.2000,3344.4000,2,1,1,1,1,1,1,1,1,1
SF,IH2012,2020-10-13 09:32:37.000,3342.8000,30932,0,458619180.000,0,-,-,-,-,3342.8000,3342.0000,3341.8000,3341.0000,3340.6000,3343.2000,3343.4000,3344.2000,3344.4000,3345.0000,1,2,1,2,1,1,1,1,1,1
SF,IH2012,2020-10-13 09:32:37.500,3342.8000,30930,-2,461627700.000,3,0,3,多平,S,3342.0000,3341.8000,3341.0000,3340.6000,3340.0000,3342.8000,3343.0000,3343.2000,3343.4000,3344.2000,2,1,2,1,14,2,1,1,1,1
SF,IH2012,2020-10-13 09:32:38.000,3342.8000,30930,0,461627700.000,0,-,-,-,-,3342.6000,3342.0000,3341.8000,3341.0000,3340.6000,3342.8000,3343.0000,3343.2000,3343.4000,3344.2000,1,3,1,2,1,1,1,1,1,1
SF,IH2012,2020-10-13 09:32:38.500,3342.6000,30930,0,462630480.000,1,0,1,多换,S,3342.0000,3341.8000,3341.0000,3340.6000,3340.0000,3342.6000,3343.0000,3343.2000,3343.4000,3343.8000,3,1,2,1,14,1,1,1,1,1
SF,IH2012,2020-10-13 09:32:39.000,3343.2000,30929,-1,463633440.000,1,0,1,双平,S,3342.0000,3341.8000,3341.0000,3340.6000,3340.0000,3343.4000,3344.2000,3344.4000,3345.0000,3345.6000,4,1,2,1,14,1,1,1,1,1
SF,IH2012,2020-10-13 09:32:39.500,3343.2000,30929,0,463633440.000,0,-,-,-,-,3342.2000,3342.0000,3341.0000,3340.6000,3340.0000,3343.4000,3343.8000,3344.2000,3344.4000,3345.0000,1,4,2,1,14,1,1,1,1,1
SF,IH2012,2020-10-13 09:32:40.000,3343.2000,30929,0,463633440.000,0,-,-,-,-,3342.4000,3342.2000,3342.0000,3341.0000,3340.6000,3343.4000,3344.2000,3344.4000,3345.0000,3345.2000,2,1,2,2,1,1,1,1,1,1
SF,IH2012,2020-10-13 09:32:40.500,3343.2000,30929,0,463633440.000,0,-,-,-,-,3342.6000,3342.4000,3342.0000,3341.0000,3340.6000,3343.4000,3343.8000,3344.2000,3344.4000,3345.0000,1,2,1,2,1,1,1,1,1,1
SF,IH2012,2020-10-13 09:32:41.000,3343.2000,30929,0,463633440.000,0,-,-,-,-,3342.6000,3342.4000,3342.0000,3341.0000,3340.6000,3343.4000,3344.2000,3344.4000,3345.0000,3345.2000,1,2,1,2,1,1,1,1,1,1
SF,IH2012,2020-10-13 09:32:41.500,3343.2000,30929,0,463633440.000,0,-,-,-,-,3342.8000,3342.6000,3342.4000,3342.0000,3341.0000,3343.4000,3343.8000,3344.2000,3344.4000,3345.0000,1,1,1,1,2,1,1,1,1,1
SF,IH2012,2020-10-13 09:32:42.000,3343.2000,30929,0,463633440.000,0,-,-,-,-,3342.6000,3342.4000,3342.0000,3341.8000,3341.0000,3342.8000,3343.4000,3344.2000,3344.4000,3345.0000,1,1,1,1,2,1,1,1,1,1
SF,IH2012,2020-10-13 09:32:42.500,3343.4000,30929,0,464636460.000,1,0,1,多换,S,3343.4000,3342.4000,3342.0000,3341.8000,3341.0000,3343.8000,3344.2000,3344.4000,3345.0000,3345.6000,2,1,1,1,2,1,1,1,2,1
SF,IH2012,2020-10-13 09:32:43.000,3343.4000,30927,-2,466642500.000,2,0,2,双平,S,3342.4000,3342.0000,3341.8000,3341.0000,3340.6000,3343.2000,3343.4000,3343.6000,3344.2000,3344.4000,1,1,1,2,1,1,7,1,1,1
SF,IH2012,2020-10-13 09:32:43.500,3343.2000,30926,-1,467645460.000,1,0,1,双平,S,3342.4000,3342.0000,3341.8000,3341.0000,3340.6000,3342.8000,3343.4000,3343.8000,3344.2000,3344.4000,2,1,1,2,1,1,2,1,1,1
SF,IH2012,2020-10-13 09:32:44.000,3343.0000,30925,-1,468648360.000,1,0,1,双平,S,3343.0000,3342.8000,3342.4000,3342.0000,3341.8000,3343.4000,3344.2000,3344.4000,3345.0000,3345.6000,1,2,2,2,1,1,1,1,2,1
SF,IH2012,2020-10-13 09:32:44.500,3343.4000,30924,-1,469651380.000,1,0,1,双平,S,3343.4000,3343.0000,3342.8000,3342.4000,3342.0000,3343.8000,3344.2000,3344.4000,3345.0000,3345.6000,1,1,1,2,3,1,1,1,2,1
SF,IH2012,2020-10-13 09:32:45.000,3343.4000,30922,-2,471657540.000,2,0,2,双平,S,3342.8000,3342.4000,3342.0000,3341.8000,3341.0000,3343.0000,3343.4000,3343.6000,3344.2000,3344.4000,1,2,3,1,2,1,1,1,1,1
SF,IH2012,2020-10-13 09:32:45.500,3343.0000,30921,-1,472660440.000,1,0,1,双平,S,3343.2000,3343.0000,3342.8000,3342.4000,3342.0000,3343.4000,3344.2000,3344.4000,3345.0000,3345.6000,1,3,1,1,3,1,1,1,3,1
SF,IH2012,2020-10-13 09:32:46.000,3343.4000,30920,-1,473663460.000,1,0,1,双平,S,3343.4000,3343.2000,3343.0000,3342.8000,3342.4000,3344.2000,3344.4000,3345.0000,3345.6000,3346.0000,3,1,3,1,1,1,1,3,1,1
SF,IH2012,2020-10-13 09:32:46.500,3343.4000,30920,0,473663460.000,0,-,-,-,-,3343.4000,3343.0000,3342.8000,3342.4000,3342.0000,3344.2000,3344.4000,3345.0000,3345.6000,3346.0000,2,1,1,1,3,1,1,3,1,1
SF,IH2012,2020-10-13 09:32:47.000,3343.4000,30920,0,473663460.000,0,-,-,-,-,3343.4000,3343.0000,3342.8000,3342.4000,3342.0000,3344.2000,3344.4000,3345.0000,3345.6000,3346.0000,2,1,1,1,3,1,1,3,1,1
SF,IH2012,2020-10-13 09:32:47.500,3343.4000,30920,0,473663460.000,0,-,-,-,-,3343.4000,3343.0000,3342.8000,3342.4000,3342.0000,3343.8000,3344.0000,3344.2000,3344.4000,3345.0000,2,1,1,1,3,1,1,1,1,3
SF,IH2012,2020-10-13 09:32:48.000,3343.4000,30920,0,473663460.000,0,-,-,-,-,3343.4000,3343.0000,3342.8000,3342.4000,3342.0000,3344.2000,3344.4000,3345.0000,3345.6000,3346.0000,2,1,1,1,3,1,1,3,1,1
SF,IH2012,2020-10-13 09:32:48.500,3343.4000,30920,0,473663460.000,0,-,-,-,-,3343.4000,3343.0000,3342.8000,3342.4000,3342.0000,3344.2000,3344.4000,3345.0000,3345.6000,3346.0000,3,1,1,1,3,1,1,3,1,1
SF,IH2012,2020-10-13 09:32:49.000,3343.4000,30920,0,473663460.000,0,-,-,-,-,3343.6000,3343.4000,3343.0000,3342.8000,3342.4000,3344.2000,3344.4000,3345.0000,3345.6000,3346.0000,2,3,1,1,1,1,1,3,2,1
SF,IH2012,2020-10-13 09:32:49.500,3343.6000,30919,-1,474666540.000,1,0,1,双平,S,3343.6000,3343.4000,3343.0000,3342.8000,3342.4000,3344.0000,3344.2000,3344.4000,3345.0000,3345.6000,1,3,1,1,1,1,1,1,3,2
SF,IH2012,2020-10-13 09:32:50.000,3343.6000,30919,0,474666540.000,0,-,-,-,-,3343.6000,3343.4000,3343.0000,3342.8000,3342.4000,3344.0000,3344.2000,3344.4000,3345.0000,3345.6000,1,3,1,1,1,1,1,1,3,2
SF,IH2012,2020-10-13 09:32:50.500,3343.6000,30918,-1,475669620.000,1,0,1,双平,S,3343.4000,3343.0000,3342.8000,3342.4000,3342.0000,3344.0000,3344.2000,3344.4000,3345.0000,3345.6000,3,2,1,1,3,1,1,1,3,2
SF,IH2012,2020-10-13 09:32:51.000,3343.6000,30918,0,475669620.000,0,-,-,-,-,3343.4000,3343.0000,3342.8000,3342.4000,3342.0000,3344.0000,3344.2000,3344.4000,3345.0000,3345.6000,3,2,1,1,3,1,1,1,3,2
SF,IH2012,2020-10-13 09:32:51.500,3343.6000,30918,0,475669620.000,0,-,-,-,-,3343.4000,3343.0000,3342.8000,3342.4000,3342.0000,3344.0000,3344.2000,3344.4000,3345.0000,3345.6000,3,2,1,1,3,2,1,1,3,2
SF,IH2012,2020-10-13 09:32:52.000,3343.4000,30918,0,476672640.000,1,0,1,多换,S,3343.4000,3343.0000,3342.8000,3342.4000,3342.0000,3344.0000,3344.2000,3344.4000,3345.0000,3345.6000,2,2,1,1,3,2,1,1,4,2
SF,IH2012,2020-10-13 09:32:52.500,3343.4000,30918,0,476672640.000,0,-,-,-,-,3343.4000,3343.0000,3342.8000,3342.4000,3342.0000,3343.8000,3344.0000,3344.2000,3344.4000,3345.0000,2,2,1,1,3,2,1,1,1,4
SF,IH2012,2020-10-13 09:32:53.000,3343.4000,30918,0,476672640.000,0,-,-,-,-,3343.4000,3343.0000,3342.8000,3342.4000,3342.0000,3343.8000,3344.2000,3344.4000,3345.0000,3345.6000,2,2,1,1,3,2,1,1,4,2
SF,IH2012,2020-10-13 09:32:53.500,3343.4000,30918,0,476672640.000,0,-,-,-,-,3343.4000,3343.0000,3342.8000,3342.4000,3342.0000,3343.8000,3344.2000,3344.4000,3345.0000,3345.6000,2,2,1,1,3,2,1,1,4,2
SF,IH2012,2020-10-13 09:32:54.000,3343.4000,30918,0,476672640.000,0,-,-,-,-,3343.4000,3343.0000,3342.8000,3342.4000,3342.0000,3343.8000,3344.2000,3344.4000,3345.0000,3345.6000,2,2,1,1,3,2,1,1,4,2
SF,IH2012,2020-10-13 09:32:54.500,3343.4000,30918,0,476672640.000,0,-,-,-,-,3343.4000,3343.0000,3342.8000,3342.4000,3342.0000,3343.8000,3344.2000,3344.4000,3345.0000,3345.6000,2,2,1,1,3,2,1,1,4,2
SF,IH2012,2020-10-13 09:32:55.000,3343.4000,30917,-1,477675660.000,1,0,1,双平,S,3343.4000,3343.0000,3342.8000,3342.4000,3342.0000,3343.8000,3344.2000,3344.4000,3345.0000,3345.6000,1,2,1,1,3,2,1,1,4,2
SF,IH2012,2020-10-13 09:32:55.500,3343.4000,30917,0,477675660.000,0,-,-,-,-,3343.4000,3343.0000,3342.8000,3342.4000,3342.0000,3344.2000,3344.4000,3345.0000,3345.6000,3346.6000,1,2,1,1,3,1,1,4,2,1
SF,IH2012,2020-10-13 09:32:56.000,3344.0000,30917,0,479682000.000,2,1,1,多换,S,3343.4000,3343.0000,3342.8000,3342.4000,3342.0000,3344.2000,3344.4000,3345.0000,3345.6000,3346.6000,2,2,1,1,3,1,1,4,2,1
SF,IH2012,2020-10-13 09:32:56.500,3344.0000,30917,0,479682000.000,0,-,-,-,-,3343.0000,3342.8000,3342.4000,3342.0000,3341.8000,3344.0000,3344.2000,3344.4000,3345.0000,3345.6000,2,1,1,3,1,1,1,1,4,2
SF,IH2012,2020-10-13 09:32:57.000,3344.0000,30917,0,479682000.000,0,-,-,-,-,3343.8000,3343.0000,3342.8000,3342.4000,3342.0000,3344.0000,3344.2000,3344.4000,3345.0000,3345.6000,1,2,1,1,3,1,1,1,4,2
SF,IH2012,2020-10-13 09:32:57.500,3343.8000,30916,-1,480685140.000,1,0,1,双平,S,3343.0000,3342.8000,3342.4000,3342.0000,3341.8000,3343.8000,3344.0000,3344.2000,3344.4000,3345.0000,1,1,1,3,1,3,1,1,1,4
SF,IH2012,2020-10-13 09:32:58.000,3343.0000,30916,0,481688040.000,1,0,1,多换,S,3342.8000,3342.4000,3342.0000,3341.8000,3341.0000,3343.8000,3344.2000,3344.4000,3345.0000,3345.6000,1,1,3,1,2,1,1,1,4,2
SF,IH2012,2020-10-13 09:32:58.500,3343.0000,30916,0,481688040.000,0,-,-,-,-,3342.8000,3342.4000,3342.0000,3341.8000,3341.0000,3343.8000,3344.2000,3344.4000,3345.0000,3345.6000,1,1,3,1,2,1,1,1,4,2
SF,IH2012,2020-10-13 09:32:59.000,3343.0000,30916,0,481688040.000,0,-,-,-,-,3342.8000,3342.4000,3342.0000,3341.8000,3341.0000,3343.8000,3344.2000,3344.4000,3345.0000,3345.6000,1,1,3,1,2,1,1,1,4,2
SF,IH2012,2020-10-13 09:32:59.500,3343.0000,30916,0,481688040.000,0,-,-,-,-,3342.8000,3342.4000,3342.0000,3341.8000,3341.0000,3343.8000,3344.2000,3344.4000,3345.0000,3345.6000,1,1,3,1,2,1,1,1,4,2
SF,IH2012,2020-10-13 09:33:00.000,3343.0000,30916,0,481688040.000,0,-,-,-,-,3342.8000,3342.4000,3342.0000,3341.8000,3341.0000,3343.8000,3344.2000,3344.4000,3345.0000,3345.6000,1,1,4,1,2,1,1,1,4,2
SF,IH2012,2020-10-13 09:33:01.000,3343.0000,30916,0,481688040.000,0,-,-,-,-,3342.8000,3342.4000,3342.0000,3341.8000,3341.0000,3343.8000,3344.2000,3344.4000,3345.0000,3345.6000,1,1,4,1,2,1,1,1,4,2
SF,IH2012,2020-10-13 09:33:01.500,3343.6000,30915,-1,482691120.000,1,0,1,双平,S,3342.8000,3342.4000,3342.0000,3341.8000,3341.0000,3343.8000,3344.2000,3344.4000,3345.0000,3345.6000,1,1,4,1,2,1,1,1,4,2
SF,IH2012,2020-10-13 09:33:02.000,3343.6000,30915,0,483694200.000,1,0,1,多换,S,3342.8000,3342.6000,3342.4000,3342.0000,3341.8000,3343.6000,3343.8000,3344.2000,3344.4000,3345.0000,1,1,1,4,1,2,1,1,1,4
SF,IH2012,2020-10-13 09:33:02.500,3343.6000,30915,0,483694200.000,0,-,-,-,-,3342.8000,3342.6000,3342.4000,3342.0000,3341.8000,3343.4000,3343.6000,3343.8000,3344.2000,3344.4000,1,1,1,4,1,1,2,1,1,1
SF,IH2012,2020-10-13 09:33:03.000,3343.6000,30915,0,483694200.000,0,-,-,-,-,3342.6000,3342.0000,3341.8000,3341.0000,3340.6000,3343.0000,3343.4000,3343.6000,3343.8000,3344.2000,1,4,1,2,1,1,1,2,1,1
SF,IH2012,2020-10-13 09:33:03.500,3342.6000,30914,-1,484696980.000,1,0,1,双平,S,3342.0000,3341.8000,3341.0000,3340.6000,3340.2000,3343.0000,3343.4000,3343.6000,3343.8000,3344.2000,4,1,2,1,1,1,1,2,1,1
SF,IH2012,2020-10-13 09:33:04.000,3342.6000,30914,0,484696980.000,0,-,-,-,-,3342.2000,3342.0000,3341.8000,3341.0000,3340.6000,3343.0000,3343.4000,3343.6000,3343.8000,3344.2000,1,5,1,2,1,2,1,2,1,1
SF,IH2012,2020-10-13 09:33:04.500,3342.6000,30914,0,484696980.000,0,-,-,-,-,3342.2000,3342.0000,3341.8000,3341.0000,3340.6000,3343.0000,3343.4000,3343.6000,3343.8000,3344.2000,1,4,1,2,1,2,1,2,1,1
SF,IH2012,2020-10-13 09:33:05.000,3342.2000,30913,-1,485699640.000,1,0,1,双平,S,3342.0000,3341.8000,3341.0000,3340.6000,3340.2000,3342.2000,3342.6000,3342.8000,3343.0000,3343.4000,4,1,2,1,1,1,2,2,2,1
SF,IH2012,2020-10-13 09:33:05.500,3341.8000,30910,-3,489709980.000,4,0,4,多平,S,3341.0000,3340.6000,3340.2000,3340.0000,3339.6000,3342.0000,3342.6000,3342.8000,3343.0000,3343.4000,2,1,1,12,1,3,2,1,2,1
SF,IH2012,2020-10-13 09:33:06.000,3341.8000,30910,0,489709980.000,0,-,-,-,-,3341.0000,3340.6000,3340.2000,3340.0000,3339.6000,3341.6000,3341.8000,3342.0000,3342.8000,3343.0000,2,1,1,12,1,2,1,1,1,2
SF,IH2012,2020-10-13 09:33:06.500,3341.8000,30910,0,489709980.000,0,-,-,-,-,3341.0000,3340.6000,3340.2000,3340.0000,3339.6000,3341.6000,3341.8000,3342.0000,3343.0000,3343.4000,2,1,1,12,1,2,1,1,3,1
SF,IH2012,2020-10-13 09:33:07.000,3341.8000,30910,0,489709980.000,0,-,-,-,-,3341.0000,3340.6000,3340.2000,3340.0000,3339.6000,3342.0000,3343.0000,3343.4000,3343.8000,3344.4000,2,1,1,11,1,1,3,1,1,1
SF,IH2012,2020-10-13 09:33:07.500,3341.8000,30910,0,489709980.000,0,-,-,-,-,3341.2000,3341.0000,3340.6000,3340.2000,3340.0000,3341.6000,3342.0000,3343.0000,3343.4000,3343.8000,1,2,1,1,11,2,1,3,1,1
SF,IH2012,2020-10-13 09:33:08.000,3341.8000,30910,0,489709980.000,0,-,-,-,-,3341.2000,3341.0000,3340.6000,3340.2000,3340.0000,3341.6000,3342.0000,3343.0000,3343.4000,3343.8000,1,1,1,1,11,2,1,3,1,1
SF,IH2012,2020-10-13 09:33:08.500,3341.0000,30909,-1,490712280.000,1,0,1,双平,S,3340.6000,3340.2000,3340.0000,3339.6000,3339.0000,3341.4000,3341.6000,3343.0000,3343.4000,3343.8000,1,1,11,1,1,1,2,4,1,1
SF,IH2012,2020-10-13 09:33:09.000,3341.6000,30909,0,491714760.000,1,0,1,多换,S,3340.6000,3340.2000,3340.0000,3339.6000,3339.0000,3341.6000,3343.0000,3343.4000,3343.8000,3344.4000,1,1,11,1,1,1,4,1,1,1
SF,IH2012,2020-10-13 09:33:09.500,3341.6000,30909,0,491714760.000,0,-,-,-,-,3340.8000,3340.6000,3340.2000,3340.0000,3339.6000,3343.0000,3343.4000,3343.8000,3344.4000,3345.0000,1,1,1,11,1,4,1,1,1,3
SF,IH2012,2020-10-13 09:33:10.000,3341.6000,30909,0,491714760.000,0,-,-,-,-,3341.2000,3340.8000,3340.6000,3340.2000,3340.0000,3341.4000,3341.6000,3341.8000,3342.4000,3342.6000,1,1,1,1,11,1,1,2,1,7
SF,IH2012,2020-10-13 09:33:10.500,3341.2000,30908,-1,492717120.000,1,0,1,双平,S,3340.6000,3340.2000,3340.0000,3339.6000,3339.0000,3341.0000,3341.2000,3341.4000,3341.6000,3341.8000,1,1,11,1,1,1,1,1,1,1
SF,IH2012,2020-10-13 09:33:11.000,3340.6000,30906,-2,495723960.000,3,0,3,多平,S,3340.6000,3340.2000,3340.0000,3339.6000,3339.0000,3341.8000,3342.4000,3342.6000,3342.8000,3343.0000,1,1,11,1,1,1,1,5,3,4
SF,IH2012,2020-10-13 09:33:11.500,3340.2000,30904,-2,497728200.000,2,0,2,双平,S,3340.0000,3339.6000,3339.0000,3338.6000,3338.4000,3341.6000,3341.8000,3342.4000,3342.8000,3343.0000,11,1,1,2,1,6,1,1,2,4
SF,IH2012,2020-10-13 09:33:12.000,3340.2000,30904,0,497728200.000,0,-,-,-,-,3340.2000,3340.0000,3339.6000,3339.0000,3338.6000,3341.4000,3341.6000,3341.8000,3342.4000,3342.8000,1,12,1,1,2,1,6,1,1,2
SF,IH2012,2020-10-13 09:33:12.500,3340.2000,30904,0,497728200.000,0,-,-,-,-,3340.2000,3340.0000,3339.6000,3339.0000,3338.6000,3341.2000,3341.4000,3341.6000,3341.8000,3342.4000,1,12,1,1,2,1,1,5,1,1
SF,IH2012,2020-10-13 09:33:13.000,3340.2000,30903,-1,498730260.000,1,0,1,双平,S,3340.0000,3339.6000,3339.0000,3338.6000,3338.4000,3340.8000,3341.0000,3341.2000,3341.4000,3341.6000,11,1,1,2,1,1,1,1,1,5
SF,IH2012,2020-10-13 09:33:13.500,3341.6000,30904,1,505745760.000,7,4,3,空开,S,3340.2000,3340.0000,3339.6000,3339.0000,3338.6000,3341.6000,3341.8000,3342.4000,3342.8000,3343.0000,1,10,1,1,2,4,1,1,2,4
SF,IH2012,2020-10-13 09:33:14.000,3340.2000,30903,-1,506747820.000,1,0,1,双平,S,3340.0000,3339.6000,3339.0000,3338.6000,3338.4000,3340.2000,3340.4000,3340.6000,3341.0000,3341.2000,10,1,1,2,1,2,1,1,1,1
SF,IH2012,2020-10-13 09:33:14.500,3340.2000,30899,-4,510756000.000,4,0,4,双平,S,3340.0000,3339.6000,3339.0000,3338.6000,3338.4000,3340.2000,3340.4000,3341.2000,3341.4000,3341.6000,9,1,1,2,1,3,1,1,3,5
SF,IH2012,2020-10-13 09:33:15.000,3340.0000,30895,-4,515766240.000,5,0,5,多平,S,3340.0000,3339.6000,3339.0000,3338.6000,3338.4000,3340.4000,3341.2000,3341.4000,3341.6000,3342.4000,8,1,1,2,1,1,1,3,5,1
SF,IH2012,2020-10-13 09:33:15.500,3340.0000,30895,0,515766240.000,0,-,-,-,-,3340.0000,3339.6000,3339.0000,3338.6000,3338.4000,3341.4000,3341.6000,3342.4000,3342.8000,3343.0000,8,1,1,2,1,1,5,1,1,4
SF,IH2012,2020-10-13 09:33:16.000,3340.0000,30895,0,516768240.000,1,0,1,多换,S,3340.0000,3339.6000,3339.0000,3338.6000,3338.4000,3340.4000,3340.8000,3341.0000,3341.2000,3341.4000,9,1,1,2,1,2,1,5,2,2
SF,IH2012,2020-10-13 09:33:16.500,3340.4000,30893,-2,518772480.000,2,0,2,双平,S,3340.0000,3339.6000,3339.0000,3338.6000,3338.4000,3340.2000,3341.0000,3341.2000,3341.4000,3341.6000,9,1,1,2,1,1,5,1,1,1
SF,IH2012,2020-10-13 09:33:17.000,3340.0000,30892,-1,520776540.000,2,0,2,多平,S,3340.0000,3339.6000,3339.0000,3338.6000,3338.4000,3341.0000,3341.2000,3341.4000,3341.6000,3342.8000,8,1,1,2,1,5,1,1,1,1
SF,IH2012,2020-10-13 09:33:17.500,3340.0000,30892,0,521778540.000,1,0,1,多换,S,3340.0000,3339.6000,3339.0000,3338.6000,3338.4000,3340.8000,3341.0000,3341.2000,3341.6000,3342.8000,7,1,1,2,1,1,4,1,1,1
SF,IH2012,2020-10-13 09:33:18.000,3340.0000,30892,0,521778540.000,0,-,-,-,-,3340.0000,3339.8000,3339.6000,3339.0000,3338.6000,3340.4000,3340.6000,3340.8000,3341.2000,3341.6000,7,1,1,1,2,4,1,1,1,1
SF,IH2012,2020-10-13 09:33:18.500,3340.0000,30892,0,523782540.000,2,1,1,多换,S,3340.0000,3339.8000,3339.6000,3339.0000,3338.6000,3340.4000,3340.6000,3340.8000,3341.2000,3341.6000,5,1,1,1,2,4,1,1,1,1
SF,IH2012,2020-10-13 09:33:19.000,3340.0000,30892,0,523782540.000,0,-,-,-,-,3340.0000,3339.8000,3339.6000,3339.0000,3338.6000,3340.4000,3340.6000,3340.8000,3341.2000,3341.4000,5,1,1,1,2,4,1,1,1,1
SF,IH2012,2020-10-13 09:33:19.500,3340.0000,30896,4,528792660.000,5,4,1,空开,S,3340.0000,3339.8000,3339.6000,3339.0000,3338.6000,3340.4000,3340.6000,3340.8000,3341.2000,3341.4000,2,1,1,1,2,3,1,1,1,1
SF,IH2012,2020-10-13 09:33:20.000,3340.0000,30896,0,528792660.000,0,-,-,-,-,3340.0000,3339.8000,3339.6000,3339.0000,3338.6000,3340.6000,3340.8000,3341.2000,3341.4000,3341.6000,3,1,1,1,2,1,1,1,1,1
SF,IH2012,2020-10-13 09:33:20.500,3340.6000,30893,-3,531799260.000,3,0,3,双平,S,3340.2000,3340.0000,3339.8000,3339.6000,3339.0000,3341.4000,3341.6000,3342.8000,3343.0000,3343.4000,1,2,1,1,1,1,1,1,4,1
SF,IH2012,2020-10-13 09:33:21.000,3340.6000,30893,0,531799260.000,0,-,-,-,-,3340.4000,3340.2000,3340.0000,3339.8000,3339.6000,3341.0000,3341.2000,3341.4000,3343.0000,3343.4000,2,1,2,1,1,3,2,1,4,1
SF,IH2012,2020-10-13 09:33:21.500,3340.6000,30891,-2,533803740.000,2,0,2,双平,S,3340.6000,3340.4000,3340.0000,3339.8000,3339.6000,3341.2000,3341.4000,3343.0000,3343.4000,3343.6000,1,3,2,1,1,2,1,4,1,1
SF,IH2012,2020-10-13 09:33:22.000,3340.6000,30891,0,533803740.000,0,-,-,-,-,3341.0000,3340.4000,3340.0000,3339.8000,3339.6000,3341.4000,3343.0000,3343.4000,3343.6000,3343.8000,1,2,2,1,1,1,4,1,1,1
SF,IH2012,2020-10-13 09:33:22.500,3340.6000,30891,0,533803740.000,0,-,-,-,-,3341.0000,3340.4000,3340.0000,3339.8000,3339.6000,3341.4000,3343.0000,3343.4000,3343.6000,3343.8000,1,2,2,1,1,1,4,1,1,1
SF,IH2012,2020-10-13 09:33:23.000,3341.0000,30892,1,534806040.000,1,1,0,双开,S,3340.4000,3340.0000,3339.8000,3339.6000,3339.0000,3341.0000,3341.2000,3341.4000,3343.0000,3343.4000,2,2,1,1,1,1,3,1,4,1
SF,IH2012,2020-10-13 09:33:23.500,3340.6000,30890,-2,536810520.000,2,0,2,双平,S,3340.4000,3340.0000,3339.8000,3339.6000,3339.0000,3341.2000,3341.4000,3343.0000,3343.4000,3343.6000,2,2,1,1,1,2,1,4,1,1
SF,IH2012,2020-10-13 09:33:24.000,3340.6000,30890,0,536810520.000,0,-,-,-,-,3340.6000,3340.4000,3340.0000,3339.8000,3339.6000,3340.8000,3341.2000,3341.4000,3343.0000,3343.4000,1,2,2,1,1,1,2,1,3,1
SF,IH2012,2020-10-13 09:33:24.500,3340.8000,30890,0,537812760.000,1,0,1,多换,S,3340.6000,3340.4000,3340.0000,3339.8000,3339.6000,3341.2000,3342.0000,3343.0000,3343.4000,3343.6000,1,2,2,1,2,2,1,3,1,1
SF,IH2012,2020-10-13 09:33:25.000,3340.8000,30890,0,537812760.000,0,-,-,-,-,3340.6000,3340.4000,3340.0000,3339.8000,3339.6000,3341.2000,3342.0000,3343.0000,3343.4000,3343.6000,1,2,2,1,2,2,1,3,1,1
SF,IH2012,2020-10-13 09:33:25.500,3340.6000,30890,0,538814940.000,1,0,1,多换,S,3340.4000,3340.0000,3339.8000,3339.6000,3339.0000,3342.0000,3343.0000,3343.4000,3343.6000,3343.8000,2,2,1,2,1,1,3,2,1,1
SF,IH2012,2020-10-13 09:33:26.000,3340.6000,30890,0,538814940.000,0,-,-,-,-,3340.4000,3340.0000,3339.8000,3339.6000,3339.0000,3341.6000,3341.8000,3342.0000,3343.0000,3343.4000,4,2,1,2,1,2,5,1,3,1
SF,IH2012,2020-10-13 09:33:26.500,3340.6000,30890,0,538814940.000,0,-,-,-,-,3341.2000,3340.4000,3340.0000,3339.8000,3339.6000,3341.6000,3341.8000,3342.0000,3343.0000,3343.2000,1,4,2,1,2,3,3,1,3,1
SF,IH2012,2020-10-13 09:33:27.000,3341.2000,30890,0,539817300.000,1,0,1,多换,S,3340.4000,3340.0000,3339.8000,3339.6000,3339.0000,3341.2000,3341.4000,3341.6000,3341.8000,3342.0000,4,2,1,2,1,3,3,3,1,1
SF,IH2012,2020-10-13 09:33:27.500,3340.4000,30889,-1,541821540.000,2,0,2,多平,S,3340.4000,3340.0000,3339.8000,3339.6000,3339.0000,3341.4000,3341.6000,3341.8000,3342.0000,3343.0000,1,2,2,2,1,2,1,1,1,3
SF,IH2012,2020-10-13 09:33:28.000,3340.4000,30889,0,541821540.000,0,-,-,-,-,3340.4000,3340.0000,3339.8000,3339.6000,3339.0000,3341.2000,3341.4000,3342.0000,3343.0000,3343.4000,1,2,2,2,1,3,4,1,4,1
SF,IH2012,2020-10-13 09:33:28.500,3340.4000,30889,0,541821540.000,0,-,-,-,-,3340.4000,3340.0000,3339.8000,3339.6000,3339.0000,3341.2000,3341.4000,3342.0000,3343.0000,3343.4000,1,2,2,2,1,4,2,1,3,1
SF,IH2012,2020-10-13 09:33:29.000,3341.2000,30888,-1,542823900.000,1,0,1,双平,S,3340.4000,3340.0000,3339.8000,3339.6000,3339.0000,3341.2000,3341.4000,3342.0000,3342.8000,3343.0000,2,2,2,2,1,2,2,1,1,3
SF,IH2012,2020-10-13 09:33:29.500,3341.2000,30888,0,542823900.000,0,-,-,-,-,3340.4000,3340.0000,3339.8000,3339.6000,3339.0000,3341.2000,3341.4000,3342.0000,3343.0000,3343.4000,1,2,2,2,1,3,2,1,3,1
SF,IH2012,2020-10-13 09:33:30.000,3341.2000,30887,-1,543826260.000,1,0,1,双平,S,3340.4000,3340.0000,3339.8000,3339.6000,3339.0000,3341.2000,3341.4000,3342.0000,3342.6000,3343.0000,1,2,2,2,1,2,2,1,1,3
SF,IH2012,2020-10-13 09:33:30.500,3341.2000,30888,1,544828620.000,1,1,0,双开,S,3340.4000,3340.0000,3339.8000,3339.6000,3339.0000,3341.2000,3341.4000,3342.0000,3342.6000,3343.0000,1,2,2,2,1,1,2,1,1,3
SF,IH2012,2020-10-13 09:33:31.000,3341.2000,30888,0,544828620.000,0,-,-,-,-,3340.4000,3340.2000,3340.0000,3339.8000,3339.6000,3341.2000,3341.4000,3342.0000,3343.0000,3343.4000,1,1,2,2,2,1,2,1,3,1
SF,IH2012,2020-10-13 09:33:31.500,3341.2000,30888,0,544828620.000,0,-,-,-,-,3340.4000,3340.2000,3340.0000,3339.8000,3339.6000,3341.4000,3342.0000,3342.4000,3343.0000,3343.4000,2,1,2,2,2,2,1,1,3,1
SF,IH2012,2020-10-13 09:33:32.000,3341.2000,30888,0,544828620.000,0,-,-,-,-,3340.6000,3340.4000,3340.2000,3340.0000,3339.8000,3341.4000,3342.0000,3343.0000,3343.4000,3343.6000,1,2,1,2,2,2,1,3,1,1
SF,IH2012,2020-10-13 09:33:32.500,3341.2000,30888,0,544828620.000,0,-,-,-,-,3340.6000,3340.4000,3340.2000,3340.0000,3339.8000,3341.4000,3342.0000,3342.2000,3343.0000,3343.4000,2,2,1,2,2,2,1,1,3,1
SF,IH2012,2020-10-13 09:33:33.000,3341.2000,30888,0,544828620.000,0,-,-,-,-,3340.6000,3340.4000,3340.2000,3340.0000,3339.8000,3341.4000,3342.0000,3342.2000,3343.0000,3343.4000,2,3,1,2,2,2,1,1,3,1
SF,IH2012,2020-10-13 09:33:33.500,3341.4000,30886,-2,546833460.000,2,0,2,双平,S,3340.8000,3340.6000,3340.4000,3340.2000,3340.0000,3342.0000,3343.0000,3343.4000,3343.6000,3343.8000,1,2,2,1,3,1,3,1,1,1
SF,IH2012,2020-10-13 09:33:34.000,3341.4000,30886,0,547835880.000,1,0,1,多换,S,3341.0000,3340.8000,3340.6000,3340.4000,3340.2000,3341.6000,3341.8000,3342.0000,3343.0000,3343.4000,1,1,1,2,1,2,1,3,3,1
SF,IH2012,2020-10-13 09:33:34.500,3341.0000,30886,0,549840540.000,2,1,1,多换,S,3340.6000,3340.4000,3340.2000,3340.0000,3339.8000,3341.6000,3341.8000,3342.0000,3343.0000,3343.4000,1,2,1,3,2,2,1,1,3,1
SF,IH2012,2020-10-13 09:33:35.000,3341.0000,30886,0,549840540.000,0,-,-,-,-,3340.8000,3340.6000,3340.4000,3340.2000,3340.0000,3341.6000,3341.8000,3342.0000,3343.0000,3343.4000,1,2,2,1,3,2,2,1,3,1
SF,IH2012,2020-10-13 09:33:35.500,3341.0000,30886,0,549840540.000,0,-,-,-,-,3340.8000,3340.6000,3340.4000,3340.2000,3340.0000,3341.6000,3341.8000,3342.0000,3343.0000,3343.4000,1,2,2,1,3,3,1,1,3,1
SF,IH2012,2020-10-13 09:33:36.000,3341.6000,30887,1,550843020.000,1,1,0,双开,S,3340.8000,3340.6000,3340.4000,3340.2000,3340.0000,3342.0000,3343.0000,3343.4000,3343.6000,3343.8000,1,2,2,1,3,1,3,1,1,1
SF,IH2012,2020-10-13 09:33:36.500,3341.6000,30887,0,550843020.000,0,-,-,-,-,3341.0000,3340.8000,3340.6000,3340.4000,3340.2000,3341.6000,3342.0000,3343.0000,3343.4000,3343.6000,2,3,1,2,1,1,2,3,1,1
SF,IH2012,2020-10-13 09:33:37.000,3341.6000,30886,-1,551845500.000,1,0,1,双平,S,3341.4000,3341.0000,3340.8000,3340.6000,3340.4000,3342.0000,3343.0000,3343.4000,3343.6000,3343.8000,1,3,2,1,2,2,3,1,1,1
SF,IH2012,2020-10-13 09:33:37.500,3341.6000,30886,0,551845500.000,0,-,-,-,-,3341.4000,3341.0000,3340.8000,3340.6000,3340.4000,3342.0000,3343.0000,3343.4000,3343.6000,3344.4000,1,3,2,1,2,1,3,1,1,1
SF,IH2012,2020-10-13 09:33:38.000,3341.6000,30886,0,551845500.000,0,-,-,-,-,3341.4000,3341.0000,3340.8000,3340.6000,3340.4000,3342.0000,3343.0000,3343.4000,3343.6000,3344.4000,2,3,1,1,2,1,3,1,1,1
SF,IH2012,2020-10-13 09:33:38.500,3341.6000,30886,0,551845500.000,0,-,-,-,-,3341.4000,3341.0000,3340.8000,3340.6000,3340.4000,3342.0000,3343.0000,3343.4000,3343.6000,3344.4000,1,3,1,1,2,1,3,1,1,1
SF,IH2012,2020-10-13 09:33:39.000,3342.0000,30885,-1,552848100.000,1,0,1,双平,S,3341.4000,3341.0000,3340.8000,3340.6000,3340.4000,3343.0000,3343.4000,3343.6000,3344.4000,3345.0000,1,3,1,1,2,3,1,1,1,2
SF,IH2012,2020-10-13 09:33:39.500,3341.4000,30885,0,553850520.000,1,0,1,多换,S,3341.0000,3340.6000,3340.4000,3340.2000,3340.0000,3342.6000,3342.8000,3343.0000,3343.4000,3343.6000,3,1,2,1,3,2,3,4,1,1
SF,IH2012,2020-10-13 09:33:40.000,3341.4000,30885,0,553850520.000,0,-,-,-,-,3341.2000,3341.0000,3340.6000,3340.4000,3340.2000,3342.4000,3342.8000,3343.0000,3343.4000,3343.6000,1,3,1,2,1,2,1,3,1,1
SF,IH2012,2020-10-13 09:33:40.500,3341.4000,30885,0,553850520.000,0,-,-,-,-,3341.4000,3341.2000,3341.0000,3340.6000,3340.4000,3342.4000,3342.8000,3343.0000,3343.4000,3343.6000,1,1,2,1,2,1,1,3,1,1
SF,IH2012,2020-10-13 09:33:41.000,3341.4000,30885,0,553850520.000,0,-,-,-,-,3341.6000,3341.4000,3341.2000,3341.0000,3340.6000,3342.8000,3343.0000,3343.4000,3343.6000,3344.4000,1,1,1,1,1,1,3,1,1,1
SF,IH2012,2020-10-13 09:33:41.500,3341.4000,30885,0,553850520.000,0,-,-,-,-,3341.8000,3341.6000,3341.4000,3341.0000,3340.6000,3342.6000,3342.8000,3343.0000,3343.4000,3343.6000,1,1,1,1,1,1,1,3,1,1
SF,IH2012,2020-10-13 09:33:42.000,3341.4000,30886,1,554852940.000,1,1,0,双开,S,3341.6000,3341.4000,3341.0000,3340.6000,3340.4000,3342.6000,3342.8000,3343.0000,3343.4000,3343.6000,1,1,1,1,2,1,1,3,1,1
SF,IH2012,2020-10-13 09:33:42.500,3341.6000,30886,0,555855420.000,1,0,1,多换,S,3341.6000,3341.4000,3341.0000,3340.6000,3340.4000,3342.6000,3342.8000,3343.0000,3343.4000,3343.6000,1,1,1,1,2,2,1,3,1,1
SF,IH2012,2020-10-13 09:33:43.000,3341.6000,30886,0,555855420.000,0,-,-,-,-,3341.6000,3341.0000,3340.6000,3340.4000,3340.2000,3342.4000,3342.6000,3343.0000,3343.4000,3343.6000,1,1,1,2,1,1,2,3,1,1
SF,IH2012,2020-10-13 09:33:44.000,3341.6000,30886,0,555855420.000,0,-,-,-,-,3341.0000,3340.6000,3340.4000,3340.2000,3340.0000,3342.4000,3342.6000,3343.0000,3343.4000,3343.6000,1,1,2,1,3,1,2,3,1,1
SF,IH2012,2020-10-13 09:33:44.500,3341.6000,30886,0,555855420.000,0,-,-,-,-,3341.2000,3341.0000,3340.6000,3340.4000,3340.2000,3342.2000,3342.4000,3342.6000,3343.0000,3343.4000,2,1,1,2,1,1,1,1,3,1
SF,IH2012,2020-10-13 09:33:45.000,3341.6000,30886,0,555855420.000,0,-,-,-,-,3341.2000,3341.0000,3340.6000,3340.4000,3340.2000,3342.2000,3342.4000,3342.6000,3343.0000,3343.4000,1,1,1,2,1,1,1,1,4,1
SF,IH2012,2020-10-13 09:33:45.500,3341.6000,30886,0,555855420.000,0,-,-,-,-,3341.2000,3341.0000,3340.6000,3340.4000,3340.2000,3342.2000,3342.4000,3343.0000,3343.4000,3343.6000,1,1,1,2,1,2,1,4,1,1
SF,IH2012,2020-10-13 09:33:46.000,3341.6000,30886,0,555855420.000,0,-,-,-,-,3341.2000,3341.0000,3340.6000,3340.4000,3340.2000,3342.0000,3342.2000,3343.0000,3343.4000,3343.6000,1,2,1,2,1,1,2,4,1,1
SF,IH2012,2020-10-13 09:33:46.500,3342.0000,30886,0,556858020.000,1,0,1,多换,S,3341.2000,3341.0000,3340.6000,3340.4000,3340.0000,3342.2000,3343.0000,3343.4000,3343.6000,3344.4000,1,2,1,1,2,2,5,1,1,1
SF,IH2012,2020-10-13 09:33:47.000,3342.0000,30886,0,556858020.000,0,-,-,-,-,3341.2000,3341.0000,3340.6000,3340.4000,3340.0000,3342.0000,3342.2000,3343.0000,3343.4000,3343.6000,4,2,1,1,2,1,1,5,1,1
SF,IH2012,2020-10-13 09:33:47.500,3342.2000,30887,1,557860680.000,1,1,0,双开,S,3342.6000,3341.2000,3341.0000,3340.6000,3340.0000,3343.0000,3343.4000,3343.6000,3344.4000,3344.8000,3,5,2,1,2,5,1,1,1,1
SF,IH2012,2020-10-13 09:33:48.000,3342.6000,30888,1,560869020.000,3,2,1,空开,S,3341.2000,3341.0000,3340.6000,3340.0000,3339.6000,3342.6000,3343.0000,3343.4000,3343.6000,3344.4000,6,2,1,2,2,2,5,1,1,1
SF,IH2012,2020-10-13 09:33:48.500,3342.6000,30886,-2,562874580.000,2,0,2,双平,S,3341.8000,3341.4000,3341.2000,3341.0000,3340.6000,3343.0000,3343.4000,3343.6000,3344.4000,3344.8000,1,2,7,2,1,5,1,1,1,1
SF,IH2012,2020-10-13 09:33:49.000,3342.0000,30886,0,563877180.000,1,0,1,多换,S,3342.0000,3341.4000,3341.2000,3341.0000,3340.6000,3343.0000,3343.4000,3343.6000,3344.4000,3344.8000,4,1,4,2,1,5,1,1,1,1
SF,IH2012,2020-10-13 09:33:49.500,3342.0000,30886,0,563877180.000,0,-,-,-,-,3342.2000,3342.0000,3341.4000,3341.2000,3341.0000,3343.0000,3343.4000,3343.6000,3344.4000,3344.8000,2,4,1,4,2,5,1,1,1,1
SF,IH2012,2020-10-13 09:33:50.500,3342.0000,30887,1,564879780.000,1,1,0,双开,S,3342.2000,3342.0000,3341.4000,3341.2000,3341.0000,3343.0000,3343.4000,3343.6000,3344.4000,3344.8000,1,4,1,4,2,5,1,1,1,1
SF,IH2012,2020-10-13 09:33:51.000,3342.0000,30887,0,564879780.000,0,-,-,-,-,3342.2000,3342.0000,3341.8000,3341.2000,3341.0000,3343.0000,3343.4000,3343.6000,3344.4000,3344.8000,2,4,1,4,2,5,1,1,1,1
SF,IH2012,2020-10-13 09:33:51.500,3342.0000,30887,0,564879780.000,0,-,-,-,-,3342.2000,3342.0000,3341.8000,3341.2000,3341.0000,3342.6000,3343.0000,3343.4000,3343.6000,3344.4000,3,4,1,5,2,1,5,1,1,1
SF,IH2012,2020-10-13 09:33:52.000,3342.6000,30886,-1,565882560.000,1,0,1,双平,S,3342.2000,3342.0000,3341.8000,3341.2000,3341.0000,3343.0000,3343.4000,3343.6000,3344.4000,3344.8000,3,4,1,2,2,5,1,1,1,1
SF,IH2012,2020-10-13 09:33:52.500,3342.2000,30885,-1,567887880.000,2,0,2,多平,S,3342.2000,3342.0000,3341.8000,3341.2000,3341.0000,3343.0000,3343.4000,3343.6000,3344.4000,3344.8000,3,4,1,1,2,6,1,1,1,1
SF,IH2012,2020-10-13 09:33:53.000,3342.2000,30886,1,569893200.000,2,1,1,空开,S,3342.2000,3342.0000,3341.8000,3341.2000,3341.0000,3343.0000,3343.4000,3343.6000,3344.4000,3344.8000,2,4,1,1,2,6,1,1,1,1
SF,IH2012,2020-10-13 09:33:54.500,3342.2000,30886,0,569893200.000,0,-,-,-,-,3342.2000,3342.0000,3341.8000,3341.2000,3341.0000,3343.0000,3343.4000,3343.6000,3344.4000,3344.8000,2,1,1,1,2,6,1,1,1,1
SF,IH2012,2020-10-13 09:33:55.500,3342.2000,30886,0,572901420.000,3,1,2,多换,S,3342.2000,3342.0000,3341.8000,3341.2000,3341.0000,3343.0000,3343.4000,3343.6000,3344.4000,3344.8000,1,1,1,1,2,6,1,1,1,1
SF,IH2012,2020-10-13 09:33:56.000,3342.2000,30886,0,572901420.000,0,-,-,-,-,3342.2000,3342.0000,3341.8000,3341.2000,3341.0000,3342.8000,3343.0000,3343.4000,3343.6000,3344.4000,1,1,1,1,2,1,6,1,1,1
SF,IH2012,2020-10-13 09:33:56.500,3342.2000,30886,0,573904080.000,1,0,1,多换,S,3342.0000,3341.8000,3341.2000,3341.0000,3340.0000,3342.8000,3343.0000,3343.4000,3343.6000,3344.4000,1,1,1,2,2,1,6,1,1,1
SF,IH2012,2020-10-13 09:33:57.000,3342.2000,30886,0,573904080.000,0,-,-,-,-,3342.0000,3341.8000,3341.2000,3341.0000,3340.0000,3342.6000,3342.8000,3343.0000,3343.4000,3343.6000,2,1,1,2,2,1,1,5,1,1
SF,IH2012,2020-10-13 09:33:57.500,3342.2000,30886,0,573904080.000,0,-,-,-,-,3342.0000,3341.8000,3341.2000,3341.0000,3340.0000,3342.8000,3343.0000,3343.4000,3343.6000,3344.4000,2,1,1,2,2,1,5,1,1,1
SF,IH2012,2020-10-13 09:33:58.500,3342.2000,30886,0,573904080.000,0,-,-,-,-,3342.2000,3342.0000,3341.8000,3341.2000,3341.0000,3342.8000,3343.0000,3343.4000,3343.6000,3344.4000,1,2,1,1,2,1,5,1,1,1
SF,IH2012,2020-10-13 09:33:59.000,3342.2000,30886,0,573904080.000,0,-,-,-,-,3342.4000,3342.0000,3341.8000,3341.2000,3341.0000,3343.0000,3343.4000,3343.6000,3344.4000,3344.8000,1,2,1,1,2,5,1,1,1,1
SF,IH2012,2020-10-13 09:33:59.500,3342.2000,30886,0,573904080.000,0,-,-,-,-,3342.8000,3342.0000,3341.8000,3341.2000,3341.0000,3343.0000,3343.4000,3343.6000,3344.4000,3344.8000,1,2,1,1,2,6,1,1,1,1
SF,IH2012,2020-10-13 09:34:00.000,3342.8000,30885,-1,574906920.000,1,0,1,双平,S,3342.0000,3341.8000,3341.2000,3341.0000,3340.0000,3342.8000,3343.0000,3343.4000,3343.6000,3344.4000,2,1,1,2,2,4,6,1,1,1
SF,IH2012,2020-10-13 09:34:00.500,3343.0000,30882,-3,578918340.000,4,0,4,多平,S,3342.2000,3342.0000,3341.8000,3341.2000,3341.0000,3343.0000,3343.4000,3343.6000,3344.4000,3344.8000,1,2,1,1,2,5,1,1,1,1
SF,IH2012,2020-10-13 09:34:01.000,3343.0000,30882,0,578918340.000,0,-,-,-,-,3342.4000,3342.2000,3342.0000,3341.8000,3341.2000,3343.0000,3343.4000,3343.6000,3344.4000,3344.8000,1,1,2,1,1,5,1,1,1,1
SF,IH2012,2020-10-13 09:34:01.500,3343.0000,30882,0,578918340.000,0,-,-,-,-,3342.6000,3342.2000,3342.0000,3341.8000,3341.2000,3343.0000,3343.4000,3343.6000,3344.4000,3344.8000,1,1,2,1,1,6,1,1,1,1
SF,IH2012,2020-10-13 09:34:02.000,3343.0000,30882,0,578918340.000,0,-,-,-,-,3342.8000,3342.2000,3342.0000,3341.8000,3341.2000,3343.0000,3343.4000,3343.6000,3344.4000,3344.8000,1,1,2,1,1,6,1,1,1,1
SF,IH2012,2020-10-13 09:34:02.500,3343.0000,30879,-3,582929880.000,4,0,4,多平,S,3342.2000,3342.0000,3341.8000,3341.2000,3341.0000,3342.8000,3343.0000,3343.6000,3344.4000,3344.8000,1,2,1,1,2,1,3,1,1,1
SF,IH2012,2020-10-13 09:34:03.000,3342.8000,30877,-2,584935560.000,2,0,2,双平,S,3342.4000,3342.2000,3342.0000,3341.8000,3341.2000,3343.0000,3343.6000,3344.4000,3344.8000,3345.0000,2,1,2,1,1,2,1,1,1,3
SF,IH2012,2020-10-13 09:34:03.500,3343.0000,30877,0,585938460.000,1,0,1,多换,S,3342.6000,3342.4000,3342.0000,3341.8000,3341.2000,3343.0000,3343.6000,3344.4000,3344.8000,3345.0000,1,2,2,1,1,1,1,1,1,3
SF,IH2012,2020-10-13 09:34:04.000,3343.0000,30877,0,585938460.000,0,-,-,-,-,3342.6000,3342.4000,3342.0000,3341.8000,3341.2000,3343.0000,3343.6000,3343.8000,3344.4000,3344.8000,1,2,2,1,1,1,1,1,1,1
SF,IH2012,2020-10-13 09:34:04.500,3343.0000,30877,0,586941360.000,1,0,1,多换,S,3343.0000,3342.6000,3342.4000,3342.0000,3341.8000,3343.6000,3343.8000,3344.4000,3344.8000,3345.0000,1,1,1,2,1,1,1,1,1,3
SF,IH2012,2020-10-13 09:34:05.500,3343.0000,30877,0,587944260.000,1,0,1,多换,S,3342.6000,3342.4000,3342.0000,3341.8000,3341.2000,3343.6000,3343.8000,3344.4000,3344.8000,3345.0000,1,1,2,1,1,1,1,1,1,3
SF,IH2012,2020-10-13 09:34:06.000,3343.6000,30877,0,588947340.000,1,0,1,多换,S,3342.8000,3342.4000,3342.0000,3341.8000,3341.2000,3343.8000,3344.4000,3344.8000,3345.0000,3345.6000,1,1,2,1,1,1,1,1,3,2
SF,IH2012,2020-10-13 09:34:06.500,3343.6000,30877,0,588947340.000,0,-,-,-,-,3343.0000,3342.8000,3342.4000,3342.0000,3341.8000,3343.8000,3344.4000,3344.8000,3345.0000,3345.6000,1,1,1,2,1,1,1,1,3,2
SF,IH2012,2020-10-13 09:34:07.000,3343.6000,30877,0,588947340.000,0,-,-,-,-,3343.6000,3343.0000,3342.8000,3342.4000,3342.0000,3343.8000,3344.4000,3344.8000,3345.0000,3345.6000,1,1,1,1,3,2,1,1,3,2
SF,IH2012,2020-10-13 09:34:07.500,3343.0000,30875,-2,590953320.000,2,0,2,双平,S,3342.8000,3342.0000,3341.8000,3341.2000,3341.0000,3343.6000,3343.8000,3344.4000,3344.8000,3345.0000,1,3,1,1,2,2,2,1,1,3
SF,IH2012,2020-10-13 09:34:08.000,3343.0000,30875,0,590953320.000,0,-,-,-,-,3342.0000,3341.8000,3341.2000,3341.0000,3340.0000,3343.6000,3343.8000,3344.4000,3344.8000,3345.0000,3,1,1,2,1,1,2,1,1,3
SF,IH2012,2020-10-13 09:34:08.500,3343.0000,30875,0,590953320.000,0,-,-,-,-,3342.2000,3342.0000,3341.8000,3341.2000,3341.0000,3343.6000,3343.8000,3344.4000,3344.8000,3345.0000,4,4,1,1,2,2,2,1,1,3
SF,IH2012,2020-10-13 09:34:09.000,3343.0000,30875,0,590953320.000,0,-,-,-,-,3342.6000,3342.4000,3342.2000,3342.0000,3341.8000,3343.6000,3343.8000,3344.4000,3344.8000,3345.0000,1,1,3,4,1,2,2,1,1,3
SF,IH2012,2020-10-13 09:34:09.500,3342.6000,30874,-1,591956100.000,1,0,1,双平,S,3342.6000,3342.2000,3342.0000,3341.8000,3341.2000,3343.6000,3343.8000,3344.4000,3344.8000,3345.0000,1,2,4,1,1,2,3,1,1,3
SF,IH2012,2020-10-13 09:34:10.000,3342.6000,30874,0,592958880.000,1,0,1,多换,S,3342.2000,3342.0000,3341.8000,3341.2000,3341.0000,3343.4000,3343.6000,3343.8000,3344.4000,3344.8000,2,4,1,1,2,1,1,2,1,1
SF,IH2012,2020-10-13 09:34:10.500,3342.6000,30874,0,592958880.000,0,-,-,-,-,3342.4000,3342.2000,3342.0000,3341.8000,3341.2000,3343.2000,3343.8000,3344.4000,3344.8000,3345.0000,2,2,3,1,1,1,2,1,1,3
SF,IH2012,2020-10-13 09:34:11.000,3342.6000,30874,0,592958880.000,0,-,-,-,-,3342.6000,3342.4000,3342.2000,3342.0000,3341.8000,3343.8000,3344.4000,3344.8000,3345.0000,3345.6000,1,1,2,3,1,2,1,1,3,2
SF,IH2012,2020-10-13 09:34:11.500,3342.6000,30874,0,592958880.000,0,-,-,-,-,3342.6000,3342.4000,3342.2000,3342.0000,3341.8000,3342.8000,3343.6000,3343.8000,3344.0000,3344.4000,1,1,2,3,1,1,1,3,1,1
SF,IH2012,2020-10-13 09:34:12.000,3342.8000,30873,-1,593961720.000,1,0,1,双平,S,3342.8000,3342.4000,3342.2000,3342.0000,3341.8000,3343.6000,3343.8000,3344.0000,3344.4000,3344.8000,1,1,2,3,1,1,3,1,1,1
SF,IH2012,2020-10-13 09:34:12.500,3342.8000,30873,0,593961720.000,0,-,-,-,-,3342.8000,3342.4000,3342.0000,3341.8000,3341.2000,3343.4000,3343.6000,3343.8000,3344.0000,3344.4000,1,1,3,1,1,1,1,3,1,1
SF,IH2012,2020-10-13 09:34:13.000,3342.8000,30872,-1,594964560.000,1,0,1,双平,S,3342.4000,3342.0000,3341.8000,3341.2000,3341.0000,3343.2000,3343.4000,3343.6000,3343.8000,3344.0000,1,3,1,1,2,1,1,1,2,1
SF,IH2012,2020-10-13 09:34:14.000,3342.8000,30872,0,594964560.000,0,-,-,-,-,3342.4000,3342.0000,3341.8000,3341.2000,3341.0000,3343.2000,3343.4000,3343.6000,3343.8000,3344.0000,1,2,1,1,2,1,1,1,2,1
SF,IH2012,2020-10-13 09:34:15.000,3342.8000,30872,0,594964560.000,0,-,-,-,-,3342.4000,3342.0000,3341.8000,3341.2000,3341.0000,3343.2000,3343.4000,3343.6000,3343.8000,3344.0000,1,2,1,1,2,1,1,1,2,1
SF,IH2012,2020-10-13 09:34:15.500,3342.8000,30872,0,594964560.000,0,-,-,-,-,3342.4000,3342.0000,3341.8000,3341.2000,3341.0000,3343.4000,3343.6000,3343.8000,3344.0000,3344.4000,2,2,1,1,2,1,1,2,1,1
SF,IH2012,2020-10-13 09:34:16.500,3343.4000,30873,1,595967580.000,1,1,0,双开,S,3342.4000,3342.0000,3341.8000,3341.2000,3341.0000,3343.6000,3343.8000,3344.0000,3344.4000,3344.8000,2,2,1,1,2,1,2,1,1,1
SF,IH2012,2020-10-13 09:34:17.000,3343.4000,30873,0,595967580.000,0,-,-,-,-,3342.4000,3342.0000,3341.8000,3341.2000,3341.0000,3343.0000,3343.6000,3343.8000,3344.0000,3344.4000,2,2,1,1,2,1,3,2,1,1
SF,IH2012,2020-10-13 09:34:17.500,3343.4000,30873,0,595967580.000,0,-,-,-,-,3342.4000,3342.0000,3341.8000,3341.2000,3341.0000,3343.0000,3343.6000,3343.8000,3344.0000,3344.4000,2,2,1,1,2,1,3,2,1,1
SF,IH2012,2020-10-13 09:34:19.000,3343.0000,30872,-1,596970480.000,1,0,1,双平,S,3342.4000,3342.0000,3341.8000,3341.2000,3341.0000,3343.6000,3343.8000,3344.0000,3344.4000,3344.8000,2,2,1,1,2,3,2,1,1,1
SF,IH2012,2020-10-13 09:34:19.500,3343.0000,30872,0,596970480.000,0,-,-,-,-,3342.6000,3342.4000,3342.0000,3341.8000,3341.2000,3343.6000,3343.8000,3344.0000,3344.4000,3344.8000,2,2,2,1,1,3,1,1,1,1
SF,IH2012,2020-10-13 09:34:20.000,3343.0000,30872,0,596970480.000,0,-,-,-,-,3342.8000,3342.6000,3342.4000,3342.0000,3341.8000,3343.2000,3343.6000,3343.8000,3344.0000,3344.4000,1,2,1,2,1,1,2,1,1,1
SF,IH2012,2020-10-13 09:34:21.500,3343.0000,30872,0,596970480.000,0,-,-,-,-,3342.8000,3342.6000,3342.4000,3342.0000,3341.8000,3343.2000,3343.6000,3343.8000,3344.0000,3344.4000,1,2,1,2,1,1,2,1,1,1
SF,IH2012,2020-10-13 09:34:22.000,3343.0000,30872,0,596970480.000,0,-,-,-,-,3342.6000,3342.4000,3342.0000,3341.8000,3341.2000,3343.2000,3343.6000,3343.8000,3344.0000,3344.4000,2,1,2,1,1,1,2,1,1,1
SF,IH2012,2020-10-13 09:34:22.500,3343.2000,30872,0,597973440.000,1,0,1,多换,S,3342.8000,3342.6000,3342.4000,3342.0000,3341.8000,3343.6000,3343.8000,3344.0000,3344.4000,3344.8000,1,2,1,2,1,2,1,1,1,1
SF,IH2012,2020-10-13 09:34:23.000,3343.6000,30872,0,598976520.000,1,0,1,多换,S,3342.8000,3342.6000,3342.4000,3342.0000,3341.8000,3343.6000,3343.8000,3344.0000,3344.4000,3344.8000,1,2,1,2,1,1,1,1,1,1
SF,IH2012,2020-10-13 09:34:24.500,3342.8000,30872,0,599979360.000,1,0,1,多换,S,3342.6000,3342.4000,3342.0000,3341.8000,3341.2000,3343.6000,3343.8000,3344.0000,3344.4000,3344.8000,2,1,2,1,1,1,1,1,1,1
SF,IH2012,2020-10-13 09:34:25.000,3342.8000,30872,0,599979360.000,0,-,-,-,-,3342.6000,3342.4000,3342.0000,3341.8000,3341.2000,3343.4000,3343.6000,3343.8000,3344.0000,3344.4000,1,1,2,1,1,1,1,1,1,1
