市场代码,合约代码,时间,最新,持仓,增仓,成交额,成交量,开仓,平仓,成交类型,方向,买一价,买二价,买三价,买四价,买五价,卖一价,卖二价,卖三价,卖四价,卖五价,买一量,买二量,买三量,买四量,买五量,卖一量,卖二量,卖三量,卖四量,卖五量
SF,IH2007,2020-06-09 09:29:00.400,2843.0000,7364,0,1705800.000,2.000,-,-,-,-,2839.8000,2838.0000,2837.0000,2836.4000,2828.0000,2844.4000,2844.6000,2845.0000,2847.0000,2851.2000,4,2,1,1,1,1,6,1,1,1
SF,IH2007,2020-06-09 09:30:00.400,2842.0000,7364,0,2558400.000,1,0,1,多换,S,2841.4000,2840.0000,2839.8000,2837.0000,2836.4000,2843.0000,2844.4000,2844.6000,2845.0000,2847.0000,2,7,5,1,1,1,2,6,2,1
SF,IH2007,2020-06-09 09:30:00.900,2843.0000,7363,-1,3411300.000,1,0,1,双平,S,2842.0000,2841.6000,2841.4000,2840.0000,2839.8000,2844.4000,2844.6000,2845.0000,2847.0000,2848.0000,1,7,3,3,1,2,6,2,1,1
SF,IH2007,2020-06-09 09:30:01.400,2843.0000,7363,0,3411300.000,0,-,-,-,-,2842.2000,2842.0000,2841.6000,2841.4000,2840.0000,2844.4000,2844.6000,2845.0000,2847.0000,2848.0000,1,2,6,2,4,2,6,2,1,1
SF,IH2007,2020-06-09 09:30:01.900,2843.0000,7363,0,3411300.000,0,-,-,-,-,2842.2000,2842.0000,2841.6000,2841.4000,2840.0000,2844.4000,2844.6000,2845.0000,2847.0000,2848.0000,7,2,4,2,3,2,6,2,1,1
SF,IH2007,2020-06-09 09:30:02.400,2842.4000,7362,-1,4264020.000,1,0,1,双平,S,2842.2000,2842.0000,2841.6000,2841.4000,2840.0000,2844.2000,2844.4000,2844.6000,2845.0000,2847.0000,4,2,4,2,3,1,2,6,2,1
SF,IH2007,2020-06-09 09:30:03.400,2842.4000,7362,0,4264020.000,0,-,-,-,-,2842.2000,2842.0000,2841.6000,2841.4000,2840.0000,2844.2000,2844.4000,2844.6000,2845.0000,2847.0000,3,1,4,2,3,1,2,6,2,1
SF,IH2007,2020-06-09 09:30:03.900,2842.2000,7361,-1,5116680.000,1,0,1,双平,S,2842.2000,2842.0000,2841.6000,2841.4000,2840.0000,2844.2000,2844.4000,2844.6000,2845.0000,2847.0000,2,1,4,2,3,1,2,6,2,1
SF,IH2007,2020-06-09 09:30:04.400,2842.2000,7361,0,5116680.000,0,-,-,-,-,2842.2000,2842.0000,2841.6000,2841.4000,2840.0000,2844.2000,2844.4000,2844.6000,2845.0000,2847.0000,2,1,4,2,4,1,3,6,2,1
SF,IH2007,2020-06-09 09:30:04.900,2842.2000,7361,0,5116680.000,0,-,-,-,-,2842.4000,2842.2000,2842.0000,2841.6000,2841.4000,2844.2000,2844.4000,2844.6000,2845.0000,2847.0000,1,2,1,3,2,1,3,6,2,1
SF,IH2007,2020-06-09 09:30:05.900,2844.2000,7361,0,5969940.000,1,0,1,多换,S,2842.6000,2842.4000,2842.2000,2842.0000,2841.6000,2844.4000,2844.6000,2845.0000,2847.0000,2848.0000,1,1,2,1,3,3,6,2,1,1
SF,IH2007,2020-06-09 09:30:06.400,2842.6000,7360,-1,6822720.000,1,0,1,双平,S,2842.6000,2842.4000,2842.2000,2842.0000,2841.6000,2844.0000,2844.2000,2844.4000,2844.6000,2845.0000,1,1,2,1,3,1,1,3,6,1
SF,IH2007,2020-06-09 09:30:07.400,2842.6000,7360,0,6822720.000,0,-,-,-,-,2842.4000,2842.2000,2842.0000,2841.6000,2841.4000,2844.0000,2844.2000,2844.4000,2844.6000,2845.0000,1,2,1,3,2,1,1,3,6,1
SF,IH2007,2020-06-09 09:30:09.900,2842.6000,7360,0,6822720.000,0,-,-,-,-,2842.6000,2842.4000,2842.2000,2842.0000,2841.6000,2844.0000,2844.2000,2844.4000,2844.6000,2845.0000,2,1,2,1,3,1,1,3,6,1
SF,IH2007,2020-06-09 09:30:10.400,2842.6000,7360,0,6822720.000,0,-,-,-,-,2842.6000,2842.4000,2842.2000,2842.0000,2841.6000,2844.0000,2844.2000,2844.4000,2844.6000,2845.0000,2,1,2,1,3,1,1,3,6,1
SF,IH2007,2020-06-09 09:30:10.900,2842.6000,7360,0,6822720.000,0,-,-,-,-,2842.6000,2842.4000,2842.2000,2842.0000,2841.6000,2844.0000,2844.2000,2844.4000,2844.6000,2845.0000,2,1,2,1,3,1,1,3,6,1
SF,IH2007,2020-06-09 09:30:11.400,2844.0000,7360,0,7675920.000,1,0,1,多换,S,2844.0000,2842.8000,2842.6000,2842.2000,2842.0000,2844.2000,2844.4000,2844.6000,2845.0000,2847.0000,2,5,4,1,1,1,3,6,1,1
SF,IH2007,2020-06-09 09:30:11.900,2844.0000,7360,0,10235520.000,3,1,2,多换,S,2842.8000,2842.6000,2842.2000,2842.0000,2841.6000,2844.4000,2844.6000,2845.0000,2847.0000,2848.0000,4,2,1,1,2,3,6,1,1,1
SF,IH2007,2020-06-09 09:30:12.400,2844.0000,7360,0,10235520.000,0,-,-,-,-,2843.0000,2842.8000,2842.6000,2842.2000,2842.0000,2844.4000,2844.6000,2845.0000,2847.0000,2848.0000,4,4,2,1,1,3,6,1,1,1
SF,IH2007,2020-06-09 09:30:12.900,2844.0000,7360,0,10235520.000,0,-,-,-,-,2843.2000,2843.0000,2842.8000,2842.6000,2842.2000,2844.4000,2844.6000,2845.0000,2847.0000,2848.0000,3,5,1,2,1,3,6,1,1,1
SF,IH2007,2020-06-09 09:30:13.400,2844.0000,7360,0,10235520.000,0,-,-,-,-,2843.4000,2843.2000,2843.0000,2842.8000,2842.6000,2844.4000,2844.6000,2845.0000,2847.0000,2848.0000,1,5,4,1,2,3,6,1,1,1
SF,IH2007,2020-06-09 09:30:13.900,2844.4000,7360,0,11088840.000,1,0,1,多换,S,2843.6000,2843.4000,2843.2000,2843.0000,2842.8000,2844.0000,2844.4000,2844.6000,2845.0000,2847.0000,1,2,3,3,1,1,2,6,1,1
SF,IH2007,2020-06-09 09:30:14.400,2844.0000,7357,-3,13648560.000,3,0,3,双平,S,2844.0000,2843.8000,2843.6000,2843.4000,2843.2000,2844.4000,2844.6000,2845.0000,2847.0000,2848.0000,1,1,1,2,3,1,6,1,1,1
SF,IH2007,2020-06-09 09:30:14.900,2844.4000,7356,-1,14501880.000,1,0,1,双平,S,2844.4000,2844.2000,2844.0000,2843.8000,2843.6000,2844.6000,2845.0000,2847.0000,2848.0000,2849.8000,1,1,1,1,1,6,1,1,1,1
SF,IH2007,2020-06-09 09:30:15.400,2844.4000,7356,0,15355200.000,1,0,1,多换,S,2844.2000,2844.0000,2843.8000,2843.6000,2843.4000,2844.6000,2845.0000,2847.0000,2848.0000,2849.8000,1,1,1,1,2,6,1,1,1,1
SF,IH2007,2020-06-09 09:30:15.900,2844.6000,7355,-1,16208580.000,1,0,1,双平,S,2844.2000,2844.0000,2843.8000,2843.6000,2843.4000,2844.6000,2845.0000,2847.0000,2848.0000,2849.8000,1,1,1,1,2,5,1,1,1,1
SF,IH2007,2020-06-09 09:30:16.400,2844.2000,7355,0,17061840.000,1,0,1,多换,S,2843.8000,2843.6000,2843.4000,2843.2000,2843.0000,2844.6000,2845.0000,2847.0000,2848.0000,2849.8000,1,1,2,3,3,5,1,1,1,1
SF,IH2007,2020-06-09 09:30:16.900,2844.2000,7355,0,17061840.000,0,-,-,-,-,2844.0000,2843.8000,2843.6000,2843.4000,2843.2000,2844.6000,2845.0000,2847.0000,2848.0000,2849.8000,2,1,1,1,3,5,1,1,1,1
SF,IH2007,2020-06-09 09:30:17.400,2843.6000,7353,-2,19621260.000,3,0,3,多平,S,2843.4000,2843.2000,2843.0000,2842.6000,2842.2000,2844.4000,2844.6000,2845.0000,2847.0000,2848.0000,1,3,3,2,1,1,5,1,1,1
SF,IH2007,2020-06-09 09:30:18.400,2843.4000,7352,-1,20474280.000,1,0,1,双平,S,2840.0000,2839.8000,2838.6000,2838.0000,2836.4000,2844.4000,2844.6000,2845.0000,2847.0000,2848.0000,4,1,5,1,1,1,5,1,1,1
SF,IH2007,2020-06-09 09:30:18.900,2843.4000,7352,0,20474280.000,0,-,-,-,-,2842.6000,2842.4000,2841.8000,2840.2000,2840.0000,2844.2000,2844.6000,2845.0000,2847.0000,2848.0000,3,2,1,8,5,1,5,1,1,1
SF,IH2007,2020-06-09 09:30:19.400,2843.4000,7352,0,20474280.000,0,-,-,-,-,2842.6000,2842.4000,2841.8000,2840.2000,2840.0000,2844.2000,2844.6000,2845.0000,2847.0000,2848.0000,3,3,1,6,4,1,5,1,1,1
SF,IH2007,2020-06-09 09:30:20.400,2843.4000,7352,0,20474280.000,0,-,-,-,-,2842.6000,2842.4000,2841.8000,2840.2000,2840.0000,2844.0000,2844.2000,2844.6000,2845.0000,2847.0000,3,3,1,5,4,2,1,5,1,1
SF,IH2007,2020-06-09 09:30:20.900,2843.4000,7352,0,20474280.000,0,-,-,-,-,2842.6000,2842.4000,2841.8000,2840.2000,2840.0000,2844.0000,2844.2000,2844.6000,2845.0000,2847.0000,3,2,1,5,4,2,1,5,1,1
SF,IH2007,2020-06-09 09:30:21.400,2844.0000,7352,0,21327480.000,1,0,1,多换,S,2842.6000,2842.4000,2841.8000,2840.2000,2840.0000,2844.0000,2844.2000,2844.6000,2845.0000,2847.0000,4,2,1,5,4,1,1,5,1,1
SF,IH2007,2020-06-09 09:30:21.900,2844.0000,7352,0,21327480.000,0,-,-,-,-,2842.6000,2842.4000,2841.8000,2840.2000,2840.0000,2843.8000,2844.0000,2844.2000,2844.6000,2845.0000,4,2,1,5,4,1,1,1,5,1
SF,IH2007,2020-06-09 09:30:22.400,2844.0000,7352,0,21327480.000,0,-,-,-,-,2843.0000,2842.6000,2842.4000,2841.8000,2840.2000,2843.8000,2844.0000,2844.2000,2844.6000,2845.0000,2,3,2,1,5,1,1,1,5,1
SF,IH2007,2020-06-09 09:30:22.900,2844.0000,7352,0,21327480.000,0,-,-,-,-,2843.0000,2842.6000,2842.4000,2841.8000,2840.2000,2843.8000,2844.0000,2844.6000,2845.0000,2847.0000,2,3,2,1,5,1,1,5,1,1
SF,IH2007,2020-06-09 09:30:23.400,2843.0000,7352,0,23033280.000,2,1,1,多换,S,2840.2000,2840.0000,2839.8000,2838.6000,2838.0000,2843.8000,2844.0000,2844.6000,2845.0000,2847.0000,5,4,1,5,1,1,1,5,1,1
SF,IH2007,2020-06-09 09:30:23.900,2843.0000,7352,0,23033280.000,0,-,-,-,-,2842.2000,2842.0000,2841.4000,2840.4000,2840.2000,2843.6000,2844.0000,2844.6000,2845.0000,2847.0000,3,2,1,4,6,1,1,5,1,1
SF,IH2007,2020-06-09 09:30:24.400,2843.0000,7352,0,23033280.000,0,-,-,-,-,2842.4000,2842.2000,2842.0000,2841.6000,2841.4000,2843.6000,2844.0000,2844.6000,2845.0000,2847.0000,2,3,2,1,1,1,1,5,1,1
SF,IH2007,2020-06-09 09:30:24.900,2843.0000,7352,0,23033280.000,0,-,-,-,-,2842.4000,2842.2000,2842.0000,2841.6000,2841.4000,2844.0000,2844.6000,2845.0000,2847.0000,2848.0000,2,3,2,1,1,1,5,1,1,1
SF,IH2007,2020-06-09 09:30:25.900,2843.0000,7352,0,23033280.000,0,-,-,-,-,2842.4000,2842.2000,2842.0000,2841.6000,2841.4000,2844.0000,2844.6000,2845.0000,2847.0000,2848.0000,2,3,2,1,1,1,5,1,1,1
SF,IH2007,2020-06-09 09:30:26.400,2843.0000,7352,0,23033280.000,0,-,-,-,-,2842.6000,2842.2000,2842.0000,2841.6000,2841.4000,2843.8000,2844.0000,2844.6000,2845.0000,2847.0000,2,3,2,1,1,1,1,5,1,1
SF,IH2007,2020-06-09 09:30:26.900,2843.0000,7352,0,23033280.000,0,-,-,-,-,2842.6000,2842.2000,2842.0000,2841.6000,2841.4000,2843.8000,2844.0000,2844.6000,2845.0000,2847.0000,3,3,2,1,1,1,1,5,1,1
SF,IH2007,2020-06-09 09:30:27.400,2843.0000,7352,0,23033280.000,0,-,-,-,-,2842.8000,2842.6000,2842.2000,2842.0000,2841.6000,2843.8000,2844.0000,2844.6000,2845.0000,2847.0000,1,3,3,2,1,1,1,5,1,1
SF,IH2007,2020-06-09 09:30:28.900,2843.0000,7352,0,23033280.000,0,-,-,-,-,2842.2000,2842.0000,2841.6000,2841.4000,2840.4000,2843.8000,2844.0000,2844.6000,2845.0000,2847.0000,3,2,1,1,1,1,1,5,1,1
SF,IH2007,2020-06-09 09:30:29.400,2843.0000,7352,0,23033280.000,0,-,-,-,-,2842.4000,2842.2000,2842.0000,2841.6000,2841.4000,2843.8000,2844.0000,2844.6000,2845.0000,2847.0000,3,3,2,1,1,1,1,5,1,1
SF,IH2007,2020-06-09 09:30:30.400,2843.0000,7352,0,23033280.000,0,-,-,-,-,2842.6000,2842.4000,2842.2000,2842.0000,2841.6000,2843.8000,2844.0000,2844.6000,2845.0000,2847.0000,1,3,3,2,1,1,1,5,1,1
SF,IH2007,2020-06-09 09:30:30.900,2843.0000,7352,0,23033280.000,0,-,-,-,-,2842.4000,2842.2000,2842.0000,2841.6000,2841.4000,2843.8000,2844.0000,2844.6000,2845.0000,2847.0000,3,3,2,1,1,1,1,5,1,1
SF,IH2007,2020-06-09 09:30:31.400,2843.0000,7352,0,23033280.000,0,-,-,-,-,2842.4000,2842.2000,2842.0000,2841.6000,2841.4000,2843.8000,2844.0000,2844.6000,2845.0000,2847.0000,2,3,2,1,1,1,1,5,1,1
SF,IH2007,2020-06-09 09:30:33.400,2843.0000,7352,0,23033280.000,0,-,-,-,-,2842.4000,2842.2000,2842.0000,2841.6000,2841.4000,2843.8000,2844.0000,2844.6000,2845.0000,2847.0000,2,3,2,1,1,1,1,5,1,1
SF,IH2007,2020-06-09 09:30:34.900,2842.4000,7350,-2,24738720.000,2,0,2,双平,S,2842.2000,2842.0000,2841.6000,2841.4000,2840.4000,2843.8000,2844.0000,2844.6000,2845.0000,2847.0000,3,2,1,1,1,1,1,5,1,1
SF,IH2007,2020-06-09 09:30:35.400,2842.4000,7350,0,24738720.000,0,-,-,-,-,2842.4000,2842.2000,2842.0000,2841.6000,2841.4000,2843.8000,2844.0000,2844.6000,2845.0000,2847.0000,1,3,2,1,1,1,1,5,1,1
SF,IH2007,2020-06-09 09:30:36.400,2842.4000,7350,0,24738720.000,0,-,-,-,-,2842.2000,2842.0000,2841.6000,2841.4000,2840.4000,2843.8000,2844.0000,2844.6000,2845.0000,2847.0000,3,2,1,1,1,1,1,5,1,1
SF,IH2007,2020-06-09 09:30:36.900,2842.4000,7350,0,24738720.000,0,-,-,-,-,2842.4000,2842.2000,2842.0000,2841.6000,2841.4000,2843.8000,2844.0000,2844.6000,2845.0000,2847.0000,1,3,2,1,1,1,1,5,1,1
SF,IH2007,2020-06-09 09:30:37.900,2842.4000,7350,0,24738720.000,0,-,-,-,-,2842.6000,2842.4000,2842.2000,2842.0000,2841.6000,2843.8000,2844.0000,2844.6000,2845.0000,2847.0000,2,1,3,2,1,1,1,5,1,1
SF,IH2007,2020-06-09 09:30:38.400,2842.4000,7350,0,24738720.000,0,-,-,-,-,2842.4000,2841.6000,2841.4000,2840.4000,2840.0000,2843.6000,2843.8000,2844.0000,2844.6000,2845.0000,1,1,1,1,2,1,1,1,5,1
SF,IH2007,2020-06-09 09:30:40.400,2842.4000,7350,0,24738720.000,0,-,-,-,-,2842.4000,2841.6000,2841.4000,2840.4000,2840.0000,2843.0000,2843.6000,2843.8000,2844.0000,2844.6000,1,1,1,1,2,1,1,1,1,5
SF,IH2007,2020-06-09 09:30:40.900,2843.0000,7349,-1,25591620.000,1,0,1,双平,S,2842.6000,2842.4000,2841.6000,2840.4000,2840.0000,2843.6000,2843.8000,2844.0000,2844.6000,2845.0000,1,1,1,1,2,1,1,1,5,1
SF,IH2007,2020-06-09 09:30:41.400,2843.6000,7349,0,26444700.000,1,0,1,多换,S,2842.6000,2842.4000,2841.6000,2840.4000,2840.0000,2843.8000,2844.0000,2844.6000,2845.0000,2847.0000,1,1,1,1,2,1,1,5,1,1
SF,IH2007,2020-06-09 09:30:43.900,2843.6000,7349,0,26444700.000,0,-,-,-,-,2842.8000,2842.6000,2842.4000,2841.6000,2840.4000,2843.8000,2844.0000,2844.6000,2845.0000,2847.0000,1,1,1,1,1,1,1,5,1,1
SF,IH2007,2020-06-09 09:30:45.900,2843.6000,7349,0,26444700.000,0,-,-,-,-,2842.8000,2842.6000,2842.4000,2841.6000,2840.4000,2843.8000,2844.0000,2844.6000,2845.0000,2847.0000,1,1,1,1,1,2,1,5,1,1
SF,IH2007,2020-06-09 09:30:46.900,2842.8000,7348,-1,27297540.000,1,0,1,双平,S,2841.6000,2840.4000,2840.0000,2839.8000,2838.6000,2842.8000,2843.8000,2844.0000,2844.6000,2845.0000,1,1,2,1,5,1,2,1,5,1
SF,IH2007,2020-06-09 09:30:47.400,2842.8000,7348,0,27297540.000,0,-,-,-,-,2841.8000,2841.6000,2840.4000,2840.0000,2839.8000,2842.8000,2843.8000,2844.0000,2844.6000,2845.0000,9,4,1,2,1,2,1,1,5,1
SF,IH2007,2020-06-09 09:30:47.900,2842.8000,7348,0,27297540.000,0,-,-,-,-,2841.8000,2841.6000,2840.4000,2840.0000,2839.8000,2842.8000,2843.8000,2844.0000,2844.6000,2845.0000,5,1,1,2,1,2,1,1,5,1
SF,IH2007,2020-06-09 09:30:48.900,2842.8000,7348,0,27297540.000,0,-,-,-,-,2842.0000,2841.8000,2841.6000,2840.4000,2840.0000,2842.8000,2843.8000,2844.0000,2844.6000,2845.0000,1,5,1,1,2,2,1,1,5,1
SF,IH2007,2020-06-09 09:30:49.400,2842.0000,7348,0,28150140.000,1,0,1,多换,S,2842.2000,2842.0000,2841.8000,2841.6000,2840.4000,2842.8000,2843.8000,2844.0000,2844.6000,2845.0000,2,1,3,1,1,2,1,1,5,1
SF,IH2007,2020-06-09 09:30:50.400,2842.0000,7348,0,28150140.000,0,-,-,-,-,2842.2000,2841.8000,2841.6000,2840.4000,2840.0000,2842.8000,2843.8000,2844.0000,2844.6000,2845.0000,2,3,1,1,2,2,1,1,5,1
SF,IH2007,2020-06-09 09:30:51.400,2842.2000,7348,0,29002800.000,1,0,1,多换,S,2841.8000,2841.6000,2840.4000,2840.0000,2839.8000,2842.8000,2843.8000,2844.0000,2844.6000,2845.0000,3,1,1,2,1,2,1,1,5,1
SF,IH2007,2020-06-09 09:30:51.900,2842.2000,7348,0,29002800.000,0,-,-,-,-,2842.0000,2841.8000,2841.6000,2840.4000,2840.0000,2842.8000,2843.8000,2844.0000,2844.6000,2845.0000,2,3,1,1,2,2,1,1,5,1
SF,IH2007,2020-06-09 09:30:52.400,2842.2000,7348,0,29002800.000,0,-,-,-,-,2842.0000,2841.8000,2840.4000,2840.0000,2839.8000,2842.8000,2843.8000,2844.0000,2844.6000,2845.0000,1,2,1,2,1,2,1,1,5,1
SF,IH2007,2020-06-09 09:30:52.900,2842.0000,7348,0,29855400.000,1,0,1,多换,S,2840.4000,2840.0000,2839.8000,2838.6000,2838.0000,2842.8000,2843.8000,2844.0000,2844.6000,2845.0000,1,2,1,5,1,2,1,1,5,1
SF,IH2007,2020-06-09 09:30:53.400,2842.0000,7348,0,29855400.000,0,-,-,-,-,2840.6000,2840.4000,2840.0000,2839.8000,2838.0000,2842.0000,2842.6000,2842.8000,2843.8000,2844.0000,6,1,2,1,1,1,1,2,1,1
SF,IH2007,2020-06-09 09:30:53.900,2842.0000,7348,0,29855400.000,0,-,-,-,-,2840.8000,2840.6000,2840.4000,2840.0000,2839.8000,2842.0000,2842.6000,2842.8000,2844.0000,2844.6000,3,9,1,2,1,1,1,1,1,5
SF,IH2007,2020-06-09 09:30:54.400,2842.0000,7348,0,29855400.000,0,-,-,-,-,2840.8000,2840.6000,2840.4000,2840.0000,2839.8000,2842.0000,2842.6000,2842.8000,2844.0000,2844.6000,1,7,1,2,1,1,1,1,1,5
SF,IH2007,2020-06-09 09:30:54.900,2842.0000,7348,0,29855400.000,0,-,-,-,-,2840.8000,2840.6000,2840.4000,2840.0000,2839.8000,2841.8000,2842.0000,2842.6000,2842.8000,2844.0000,1,4,1,2,1,1,1,1,1,1
SF,IH2007,2020-06-09 09:30:55.400,2840.6000,7347,-1,31559820.000,2,0,2,多平,S,2840.6000,2840.4000,2840.0000,2839.8000,2835.0000,2841.8000,2842.6000,2842.8000,2844.0000,2844.6000,3,1,2,1,1,1,1,1,1,5
SF,IH2007,2020-06-09 09:30:56.400,2840.6000,7347,0,31559820.000,0,-,-,-,-,2840.6000,2840.4000,2840.0000,2839.8000,2835.0000,2841.8000,2842.6000,2842.8000,2844.0000,2844.6000,2,1,2,1,1,1,1,1,1,5
SF,IH2007,2020-06-09 09:30:56.900,2840.6000,7347,0,31559820.000,0,-,-,-,-,2840.0000,2839.8000,2835.0000,2834.8000,2832.0000,2841.8000,2842.6000,2842.8000,2844.0000,2844.6000,2,1,1,5,1,1,1,1,1,5
SF,IH2007,2020-06-09 09:30:57.400,2840.6000,7347,0,31559820.000,0,-,-,-,-,2840.2000,2840.0000,2839.8000,2835.0000,2834.8000,2841.6000,2841.8000,2842.8000,2844.0000,2844.6000,3,3,1,1,5,1,1,1,1,5
SF,IH2007,2020-06-09 09:30:59.900,2840.6000,7347,0,31559820.000,0,-,-,-,-,2840.2000,2840.0000,2839.8000,2837.6000,2835.0000,2841.6000,2841.8000,2842.8000,2844.0000,2844.6000,6,3,1,1,1,1,1,1,1,5
SF,IH2007,2020-06-09 09:31:00.400,2840.6000,7347,0,31559820.000,0,-,-,-,-,2840.4000,2840.2000,2840.0000,2839.8000,2837.6000,2841.6000,2842.8000,2844.0000,2844.6000,2845.0000,1,8,3,1,1,1,1,1,5,1
SF,IH2007,2020-06-09 09:31:00.900,2840.6000,7347,0,31559820.000,0,-,-,-,-,2840.6000,2840.4000,2840.2000,2840.0000,2839.8000,2842.8000,2844.0000,2844.6000,2845.0000,2847.0000,1,1,7,3,1,1,1,5,1,1
SF,IH2007,2020-06-09 09:31:01.400,2840.6000,7347,0,31559820.000,0,-,-,-,-,2840.6000,2840.4000,2840.2000,2840.0000,2839.8000,2842.6000,2842.8000,2844.0000,2844.6000,2845.0000,1,1,5,3,1,1,1,1,5,1
SF,IH2007,2020-06-09 09:31:01.900,2842.6000,7347,0,32412600.000,1,0,1,多换,S,2840.8000,2840.6000,2840.4000,2840.2000,2840.0000,2842.8000,2844.0000,2844.6000,2845.0000,2847.0000,1,1,1,5,3,1,1,5,1,1
SF,IH2007,2020-06-09 09:31:02.400,2842.6000,7347,0,32412600.000,0,-,-,-,-,2840.8000,2840.6000,2840.4000,2840.2000,2840.0000,2842.8000,2844.0000,2844.6000,2845.0000,2847.0000,1,1,1,5,3,1,1,6,1,1
SF,IH2007,2020-06-09 09:31:02.900,2842.6000,7347,0,32412600.000,0,-,-,-,-,2840.6000,2840.4000,2840.2000,2840.0000,2839.8000,2842.8000,2844.0000,2844.6000,2845.0000,2847.0000,1,1,5,3,1,1,1,6,1,1
SF,IH2007,2020-06-09 09:31:03.400,2842.6000,7347,0,32412600.000,0,-,-,-,-,2840.8000,2840.6000,2840.2000,2840.0000,2839.8000,2842.8000,2844.0000,2844.6000,2845.0000,2847.0000,4,2,3,2,1,1,1,6,1,1
SF,IH2007,2020-06-09 09:31:03.900,2842.6000,7347,0,32412600.000,0,-,-,-,-,2841.0000,2840.8000,2840.6000,2840.2000,2840.0000,2842.8000,2844.0000,2844.6000,2845.0000,2847.0000,1,7,1,3,2,1,1,6,1,1
SF,IH2007,2020-06-09 09:31:04.900,2842.6000,7347,0,32412600.000,0,-,-,-,-,2841.0000,2840.8000,2840.6000,2840.2000,2840.0000,2842.8000,2843.0000,2844.0000,2844.6000,2845.0000,1,7,1,3,2,1,1,1,6,1
SF,IH2007,2020-06-09 09:31:05.400,2842.6000,7347,0,32412600.000,0,-,-,-,-,2841.2000,2841.0000,2840.8000,2840.6000,2840.2000,2842.8000,2843.0000,2844.0000,2844.6000,2845.0000,3,1,4,1,3,1,1,1,6,1
SF,IH2007,2020-06-09 09:31:05.900,2842.6000,7347,0,32412600.000,0,-,-,-,-,2841.4000,2841.2000,2840.8000,2840.6000,2840.2000,2842.8000,2843.0000,2844.0000,2844.6000,2845.0000,1,3,4,1,3,1,1,1,6,1
SF,IH2007,2020-06-09 09:31:06.400,2842.6000,7347,0,32412600.000,0,-,-,-,-,2841.4000,2841.2000,2840.8000,2840.6000,2840.2000,2842.6000,2842.8000,2843.0000,2844.0000,2844.6000,1,3,4,1,3,1,1,1,1,6
SF,IH2007,2020-06-09 09:31:08.900,2842.6000,7347,0,32412600.000,0,-,-,-,-,2841.2000,2840.8000,2840.6000,2840.2000,2840.0000,2842.6000,2842.8000,2843.0000,2844.0000,2844.6000,3,4,1,3,3,1,1,1,1,6
SF,IH2007,2020-06-09 09:31:09.400,2842.6000,7347,0,32412600.000,0,-,-,-,-,2841.2000,2840.8000,2840.6000,2840.2000,2840.0000,2842.6000,2842.8000,2843.0000,2844.0000,2844.6000,1,3,1,3,3,1,1,2,1,6
SF,IH2007,2020-06-09 09:31:10.400,2841.2000,7347,0,33264960.000,1,0,1,多换,S,2840.8000,2840.6000,2840.2000,2840.0000,2837.6000,2842.6000,2842.8000,2843.0000,2844.0000,2844.6000,3,1,3,3,1,1,1,2,1,6
SF,IH2007,2020-06-09 09:31:10.900,2841.2000,7347,0,33264960.000,0,-,-,-,-,2841.0000,2840.8000,2840.2000,2840.0000,2837.6000,2842.4000,2842.6000,2842.8000,2843.0000,2844.0000,2,1,3,3,1,1,1,1,2,1
SF,IH2007,2020-06-09 09:31:11.400,2841.2000,7347,0,33264960.000,0,-,-,-,-,2841.0000,2840.8000,2840.2000,2840.0000,2837.6000,2842.4000,2842.6000,2842.8000,2843.0000,2844.0000,1,1,3,3,1,1,1,1,2,1
SF,IH2007,2020-06-09 09:31:11.900,2841.2000,7347,0,33264960.000,0,-,-,-,-,2841.0000,2840.2000,2840.0000,2837.6000,2835.0000,2842.4000,2842.6000,2842.8000,2843.0000,2844.0000,1,3,3,1,1,1,1,1,2,1
SF,IH2007,2020-06-09 09:31:13.400,2841.2000,7347,0,33264960.000,0,-,-,-,-,2840.2000,2840.0000,2837.6000,2835.0000,2834.8000,2842.4000,2842.6000,2842.8000,2843.0000,2844.0000,3,3,1,1,5,1,1,1,2,1
SF,IH2007,2020-06-09 09:31:13.900,2841.2000,7347,0,33264960.000,0,-,-,-,-,2840.4000,2840.2000,2840.0000,2837.6000,2835.0000,2842.4000,2842.6000,2842.8000,2843.0000,2844.0000,10,6,3,1,1,1,1,1,2,1
SF,IH2007,2020-06-09 09:31:14.400,2841.2000,7347,0,33264960.000,0,-,-,-,-,2840.4000,2840.2000,2840.0000,2837.6000,2835.0000,2842.4000,2842.6000,2842.8000,2843.0000,2844.0000,7,6,3,1,1,1,1,1,2,1
SF,IH2007,2020-06-09 09:31:14.900,2841.2000,7347,0,33264960.000,0,-,-,-,-,2840.8000,2840.4000,2840.2000,2840.0000,2837.6000,2842.4000,2842.6000,2842.8000,2843.0000,2844.0000,1,7,4,3,1,1,1,1,2,1
SF,IH2007,2020-06-09 09:31:15.400,2841.2000,7347,0,33264960.000,0,-,-,-,-,2840.8000,2840.4000,2840.2000,2840.0000,2835.0000,2842.4000,2842.6000,2842.8000,2843.0000,2844.0000,1,7,4,3,1,1,1,1,2,1
SF,IH2007,2020-06-09 09:31:16.400,2841.2000,7347,0,33264960.000,0,-,-,-,-,2840.4000,2840.2000,2840.0000,2835.0000,2834.8000,2842.4000,2842.6000,2842.8000,2843.0000,2844.0000,6,4,3,1,5,1,1,1,2,1
SF,IH2007,2020-06-09 09:31:16.900,2841.2000,7347,0,33264960.000,0,-,-,-,-,2840.4000,2840.2000,2840.0000,2835.0000,2834.8000,2842.4000,2842.6000,2842.8000,2843.0000,2844.0000,3,3,3,1,5,1,1,1,3,1
SF,IH2007,2020-06-09 09:31:18.400,2841.2000,7347,0,33264960.000,0,-,-,-,-,2840.4000,2840.2000,2840.0000,2835.0000,2834.8000,2842.4000,2842.6000,2842.8000,2843.0000,2844.0000,2,3,3,1,5,1,1,1,3,1
SF,IH2007,2020-06-09 09:31:20.400,2841.2000,7347,0,33264960.000,0,-,-,-,-,2840.2000,2840.0000,2835.0000,2834.8000,2832.0000,2842.4000,2842.6000,2842.8000,2843.0000,2844.0000,3,3,1,5,1,1,1,1,3,1
SF,IH2007,2020-06-09 09:31:22.400,2841.2000,7347,0,33264960.000,0,-,-,-,-,2840.2000,2840.0000,2835.0000,2834.8000,2832.0000,2842.4000,2842.6000,2842.8000,2843.0000,2844.0000,3,3,2,5,1,1,1,1,2,1
SF,IH2007,2020-06-09 09:31:22.900,2841.2000,7347,0,33264960.000,0,-,-,-,-,2840.2000,2840.0000,2835.0000,2834.8000,2832.0000,2842.4000,2842.6000,2842.8000,2843.0000,2844.0000,3,3,2,5,1,1,1,1,2,1
SF,IH2007,2020-06-09 09:31:23.400,2841.2000,7347,0,33264960.000,0,-,-,-,-,2840.0000,2835.0000,2834.8000,2832.0000,2831.6000,2842.4000,2842.6000,2842.8000,2843.0000,2844.0000,3,2,5,1,1,1,1,1,2,1
SF,IH2007,2020-06-09 09:31:23.900,2841.2000,7347,0,33264960.000,0,-,-,-,-,2840.0000,2835.0000,2834.8000,2832.0000,2831.6000,2842.2000,2842.4000,2842.6000,2842.8000,2843.0000,3,2,5,1,1,3,1,1,1,2
SF,IH2007,2020-06-09 09:31:24.400,2841.2000,7347,0,33264960.000,0,-,-,-,-,2840.0000,2835.0000,2834.8000,2832.0000,2831.6000,2842.0000,2842.2000,2842.6000,2842.8000,2843.0000,3,2,5,1,1,1,3,1,1,2
SF,IH2007,2020-06-09 09:31:24.900,2841.2000,7347,0,33264960.000,0,-,-,-,-,2840.0000,2835.0000,2834.8000,2832.0000,2831.6000,2841.8000,2842.0000,2842.2000,2842.6000,2842.8000,3,2,5,1,1,1,1,3,1,1
SF,IH2007,2020-06-09 09:31:25.400,2841.2000,7347,0,33264960.000,0,-,-,-,-,2840.0000,2835.0000,2834.8000,2832.0000,2831.6000,2841.6000,2841.8000,2842.2000,2842.6000,2842.8000,3,2,5,1,1,1,1,3,1,1
SF,IH2007,2020-06-09 09:31:25.900,2841.6000,7346,-1,34117440.000,1,0,1,双平,S,2840.0000,2835.0000,2834.8000,2832.0000,2831.6000,2841.8000,2842.2000,2842.6000,2842.8000,2843.0000,3,2,5,1,1,1,3,1,1,2
SF,IH2007,2020-06-09 09:31:26.900,2840.0000,7345,-1,35821440.000,2,0,2,多平,S,2840.0000,2835.0000,2834.8000,2832.0000,2831.6000,2841.8000,2842.2000,2842.6000,2842.8000,2843.0000,1,2,5,1,1,1,3,1,1,2
SF,IH2007,2020-06-09 09:31:27.900,2840.0000,7345,0,35821440.000,0,-,-,-,-,2840.0000,2835.0000,2834.8000,2832.0000,2831.6000,2842.2000,2842.6000,2842.8000,2843.0000,2844.0000,1,2,5,1,1,1,1,1,2,1
SF,IH2007,2020-06-09 09:31:28.400,2840.0000,7345,0,35821440.000,0,-,-,-,-,2840.2000,2840.0000,2835.0000,2834.8000,2832.0000,2842.6000,2842.8000,2843.0000,2844.0000,2844.2000,1,1,2,5,1,1,1,2,1,1
SF,IH2007,2020-06-09 09:31:28.900,2840.0000,7345,0,35821440.000,0,-,-,-,-,2840.2000,2840.0000,2835.0000,2834.8000,2832.0000,2842.4000,2842.6000,2842.8000,2843.0000,2844.0000,1,1,2,5,1,4,1,1,1,1
SF,IH2007,2020-06-09 09:31:29.400,2840.0000,7345,0,35821440.000,0,-,-,-,-,2840.2000,2840.0000,2835.0000,2834.8000,2832.0000,2842.4000,2842.6000,2842.8000,2843.0000,2844.0000,1,1,2,5,1,6,1,1,1,1
SF,IH2007,2020-06-09 09:31:30.400,2840.0000,7345,0,35821440.000,0,-,-,-,-,2840.4000,2840.2000,2840.0000,2835.0000,2834.8000,2842.4000,2842.6000,2842.8000,2843.0000,2844.0000,1,1,1,2,5,6,1,1,1,1
SF,IH2007,2020-06-09 09:31:30.900,2840.0000,7345,0,35821440.000,0,-,-,-,-,2840.4000,2840.2000,2840.0000,2835.0000,2834.8000,2842.0000,2842.2000,2842.4000,2842.6000,2842.8000,1,1,1,2,5,3,2,6,1,1
SF,IH2007,2020-06-09 09:31:31.400,2840.0000,7345,0,35821440.000,0,-,-,-,-,2840.2000,2840.0000,2835.0000,2834.8000,2832.0000,2842.4000,2842.6000,2842.8000,2843.0000,2844.0000,1,1,2,5,1,6,1,1,1,1
SF,IH2007,2020-06-09 09:31:31.900,2840.0000,7345,0,35821440.000,0,-,-,-,-,2840.2000,2840.0000,2835.0000,2834.8000,2832.0000,2842.0000,2842.4000,2842.8000,2843.0000,2844.0000,1,1,2,5,1,1,6,1,1,1
SF,IH2007,2020-06-09 09:31:32.400,2842.0000,7345,0,36674040.000,1,0,1,多换,S,2840.2000,2840.0000,2835.0000,2834.8000,2832.0000,2842.4000,2842.8000,2843.0000,2844.0000,2844.6000,1,1,2,5,1,4,1,1,1,5
SF,IH2007,2020-06-09 09:31:32.900,2842.0000,7345,0,36674040.000,0,-,-,-,-,2840.4000,2840.2000,2840.0000,2835.0000,2834.8000,2842.8000,2843.0000,2844.0000,2844.6000,2845.0000,1,1,1,2,5,1,1,1,5,1
SF,IH2007,2020-06-09 09:31:33.400,2842.0000,7345,0,36674040.000,0,-,-,-,-,2840.4000,2840.2000,2840.0000,2835.0000,2834.8000,2842.6000,2842.8000,2843.0000,2844.0000,2844.6000,2,1,1,2,5,3,1,1,1,5
SF,IH2007,2020-06-09 09:31:33.900,2842.0000,7345,0,36674040.000,0,-,-,-,-,2840.8000,2840.4000,2840.0000,2835.0000,2834.8000,2842.6000,2842.8000,2843.0000,2844.0000,2844.6000,1,2,1,2,5,1,1,1,1,5
SF,IH2007,2020-06-09 09:31:34.400,2842.0000,7345,0,36674040.000,0,-,-,-,-,2840.8000,2840.4000,2840.0000,2835.0000,2834.8000,2842.4000,2842.6000,2842.8000,2843.0000,2844.0000,1,1,1,2,5,1,1,1,1,1
SF,IH2007,2020-06-09 09:31:34.900,2840.8000,7344,-1,37526280.000,1,0,1,双平,S,2840.4000,2840.2000,2840.0000,2835.0000,2834.8000,2842.4000,2842.6000,2842.8000,2843.0000,2844.0000,1,1,1,2,5,1,1,1,1,1
SF,IH2007,2020-06-09 09:31:35.400,2840.8000,7344,0,37526280.000,0,-,-,-,-,2840.4000,2840.2000,2840.0000,2835.0000,2834.8000,2842.4000,2842.8000,2843.0000,2844.0000,2844.6000,1,1,1,2,5,1,1,1,1,5
SF,IH2007,2020-06-09 09:31:35.900,2840.8000,7344,0,37526280.000,0,-,-,-,-,2840.6000,2840.4000,2840.2000,2840.0000,2835.0000,2842.0000,2842.4000,2842.8000,2843.0000,2844.0000,1,1,1,1,2,1,1,1,1,1
SF,IH2007,2020-06-09 09:31:36.400,2840.8000,7344,0,37526280.000,0,-,-,-,-,2840.6000,2840.4000,2840.2000,2840.0000,2835.0000,2841.8000,2842.0000,2842.4000,2842.8000,2843.0000,1,1,1,1,2,1,1,1,1,1
SF,IH2007,2020-06-09 09:31:36.900,2840.8000,7344,0,37526280.000,0,-,-,-,-,2840.2000,2840.0000,2835.0000,2834.8000,2832.0000,2841.8000,2842.0000,2842.8000,2843.0000,2844.0000,1,1,2,5,1,1,1,1,1,1
SF,IH2007,2020-06-09 09:31:37.400,2840.8000,7344,0,37526280.000,0,-,-,-,-,2840.2000,2840.0000,2835.0000,2834.8000,2832.0000,2841.6000,2841.8000,2842.8000,2843.0000,2844.0000,1,1,2,5,1,1,1,1,1,1
SF,IH2007,2020-06-09 09:31:37.900,2840.8000,7344,0,37526280.000,0,-,-,-,-,2840.2000,2840.0000,2835.0000,2834.8000,2832.0000,2841.6000,2842.0000,2842.8000,2843.0000,2844.0000,1,1,2,5,1,1,1,1,1,1
SF,IH2007,2020-06-09 09:31:38.400,2840.8000,7344,0,37526280.000,0,-,-,-,-,2840.4000,2840.2000,2840.0000,2835.0000,2834.8000,2841.6000,2842.0000,2842.8000,2843.0000,2844.0000,1,1,1,2,5,1,1,1,1,1
SF,IH2007,2020-06-09 09:31:40.900,2841.6000,7344,0,38378760.000,1,0,1,多换,S,2840.4000,2840.2000,2840.0000,2835.0000,2834.8000,2842.0000,2842.8000,2843.0000,2844.0000,2844.6000,1,1,1,2,5,1,1,1,1,5
SF,IH2007,2020-06-09 09:31:41.400,2841.6000,7344,0,38378760.000,0,-,-,-,-,2840.4000,2840.2000,2840.0000,2835.0000,2834.8000,2842.0000,2842.8000,2843.0000,2844.0000,2844.6000,1,1,1,2,5,1,1,1,2,5
SF,IH2007,2020-06-09 09:31:42.400,2841.6000,7344,0,38378760.000,0,-,-,-,-,2840.6000,2840.4000,2840.2000,2840.0000,2835.0000,2842.0000,2842.8000,2843.0000,2844.0000,2844.6000,1,1,1,1,2,1,1,1,2,5
SF,IH2007,2020-06-09 09:31:43.400,2841.6000,7344,0,38378760.000,0,-,-,-,-,2840.8000,2840.6000,2840.4000,2840.2000,2840.0000,2842.0000,2842.8000,2843.0000,2844.0000,2844.6000,1,1,1,1,1,1,1,1,2,5
SF,IH2007,2020-06-09 09:31:44.900,2841.6000,7344,0,38378760.000,0,-,-,-,-,2840.8000,2840.6000,2840.2000,2840.0000,2835.0000,2842.0000,2842.8000,2843.0000,2844.0000,2844.6000,1,1,1,1,2,1,1,1,2,5
SF,IH2007,2020-06-09 09:31:45.400,2841.6000,7344,0,38378760.000,0,-,-,-,-,2840.6000,2840.2000,2840.0000,2835.0000,2834.8000,2842.0000,2842.8000,2843.0000,2844.0000,2844.6000,1,1,1,2,5,1,1,1,2,5
SF,IH2007,2020-06-09 09:31:45.900,2841.6000,7344,0,38378760.000,0,-,-,-,-,2840.2000,2840.0000,2835.0000,2834.8000,2832.0000,2842.0000,2842.8000,2843.0000,2844.0000,2844.6000,1,1,2,5,1,1,1,1,2,5
SF,IH2007,2020-06-09 09:31:46.400,2841.6000,7344,0,38378760.000,0,-,-,-,-,2840.2000,2840.0000,2835.0000,2834.8000,2832.0000,2841.8000,2842.0000,2842.8000,2843.0000,2844.0000,1,1,2,5,1,1,1,1,1,2
SF,IH2007,2020-06-09 09:31:46.900,2841.8000,7345,1,39231300.000,1,1,0,双开,S,2840.4000,2840.2000,2840.0000,2835.0000,2834.8000,2842.0000,2842.8000,2843.0000,2844.0000,2844.6000,1,1,1,2,5,1,1,1,2,5
SF,IH2007,2020-06-09 09:31:47.400,2842.0000,7344,-1,40083900.000,1,0,1,双平,S,2840.4000,2840.2000,2840.0000,2835.0000,2834.8000,2842.8000,2843.0000,2844.0000,2844.6000,2845.0000,1,1,1,2,5,1,1,2,5,1
SF,IH2007,2020-06-09 09:31:47.900,2842.0000,7344,0,40083900.000,0,-,-,-,-,2840.6000,2840.4000,2840.2000,2840.0000,2835.0000,2842.6000,2842.8000,2843.0000,2844.0000,2844.6000,2,1,1,1,2,1,1,1,2,5
SF,IH2007,2020-06-09 09:31:48.400,2842.0000,7344,0,40083900.000,0,-,-,-,-,2840.8000,2840.6000,2840.4000,2840.2000,2840.0000,2842.8000,2843.0000,2844.0000,2844.6000,2845.0000,1,2,1,1,1,1,1,2,5,1
SF,IH2007,2020-06-09 09:31:48.900,2842.0000,7344,0,40083900.000,0,-,-,-,-,2841.0000,2840.8000,2840.6000,2840.4000,2840.2000,2842.8000,2843.0000,2844.0000,2844.6000,2845.0000,1,2,1,1,1,1,1,2,5,1
SF,IH2007,2020-06-09 09:31:49.400,2842.0000,7344,0,40083900.000,0,-,-,-,-,2841.4000,2841.0000,2840.8000,2840.6000,2840.2000,2842.8000,2843.0000,2844.0000,2844.6000,2845.0000,1,1,1,1,1,1,1,2,5,1
SF,IH2007,2020-06-09 09:31:49.900,2842.0000,7344,0,40083900.000,0,-,-,-,-,2841.4000,2841.0000,2840.6000,2840.2000,2840.0000,2842.8000,2843.0000,2844.0000,2844.6000,2845.0000,1,1,1,1,1,1,1,2,5,1
SF,IH2007,2020-06-09 09:31:50.900,2842.0000,7344,0,40083900.000,0,-,-,-,-,2841.4000,2841.0000,2840.6000,2840.2000,2840.0000,2842.6000,2842.8000,2843.0000,2844.0000,2844.6000,1,1,1,1,1,1,1,1,2,5
SF,IH2007,2020-06-09 09:31:51.400,2842.0000,7344,0,40083900.000,0,-,-,-,-,2841.4000,2841.0000,2840.2000,2840.0000,2838.6000,2842.6000,2842.8000,2843.0000,2844.0000,2844.6000,1,1,1,1,1,1,1,1,2,5
SF,IH2007,2020-06-09 09:31:51.900,2842.0000,7344,0,40083900.000,0,-,-,-,-,2841.4000,2841.0000,2840.2000,2840.0000,2838.6000,2842.8000,2843.0000,2844.0000,2844.6000,2845.0000,1,1,1,1,1,1,1,2,5,1
SF,IH2007,2020-06-09 09:31:52.400,2842.0000,7344,0,40083900.000,0,-,-,-,-,2841.4000,2841.0000,2840.2000,2840.0000,2838.6000,2842.6000,2842.8000,2843.0000,2844.0000,2844.6000,1,1,1,1,1,1,1,1,2,5
SF,IH2007,2020-06-09 09:31:54.900,2842.6000,7343,-1,40936680.000,1,0,1,双平,S,2842.8000,2841.4000,2841.0000,2840.2000,2840.0000,2843.0000,2844.0000,2844.6000,2845.0000,2847.0000,1,1,1,1,1,1,2,5,1,1
SF,IH2007,2020-06-09 09:31:55.400,2842.8000,7343,0,42642420.000,2,1,1,多换,S,2841.4000,2841.0000,2840.2000,2840.0000,2838.6000,2844.0000,2844.6000,2845.0000,2847.0000,2848.0000,2,1,1,1,1,2,5,1,1,1
SF,IH2007,2020-06-09 09:31:55.900,2842.8000,7343,0,42642420.000,0,-,-,-,-,2841.6000,2841.4000,2840.2000,2840.0000,2838.6000,2843.8000,2844.0000,2844.6000,2845.0000,2845.4000,1,2,1,2,1,5,2,5,1,1
SF,IH2007,2020-06-09 09:31:56.400,2842.8000,7343,0,42642420.000,0,-,-,-,-,2841.6000,2841.4000,2840.2000,2840.0000,2838.6000,2843.8000,2844.0000,2844.6000,2845.0000,2845.4000,1,2,1,2,1,3,2,5,1,1
SF,IH2007,2020-06-09 09:31:56.900,2842.8000,7343,0,42642420.000,0,-,-,-,-,2841.8000,2841.6000,2841.4000,2840.2000,2840.0000,2844.0000,2844.6000,2845.0000,2845.4000,2847.0000,3,1,1,1,2,2,5,1,1,1
SF,IH2007,2020-06-09 09:31:57.400,2842.8000,7343,0,42642420.000,0,-,-,-,-,2842.0000,2841.8000,2841.4000,2840.2000,2840.0000,2843.8000,2844.0000,2844.6000,2845.0000,2845.4000,1,3,1,1,2,1,2,5,1,1
SF,IH2007,2020-06-09 09:31:58.400,2842.8000,7343,0,42642420.000,0,-,-,-,-,2842.0000,2841.8000,2841.4000,2840.2000,2840.0000,2844.0000,2844.6000,2845.0000,2845.4000,2847.0000,1,3,1,1,2,2,5,1,1,1
SF,IH2007,2020-06-09 09:31:58.900,2842.8000,7343,0,42642420.000,0,-,-,-,-,2842.0000,2841.4000,2840.2000,2840.0000,2838.6000,2844.0000,2844.6000,2845.0000,2845.4000,2847.0000,1,1,1,2,1,2,5,1,1,1
SF,IH2007,2020-06-09 09:31:59.900,2842.8000,7343,0,42642420.000,0,-,-,-,-,2842.0000,2841.4000,2840.2000,2840.0000,2838.6000,2843.8000,2844.0000,2844.6000,2845.0000,2845.4000,1,1,1,2,1,1,2,5,1,1
SF,IH2007,2020-06-09 09:32:00.400,2842.8000,7343,0,42642420.000,0,-,-,-,-,2842.0000,2841.4000,2840.2000,2840.0000,2838.6000,2843.8000,2844.0000,2844.6000,2845.0000,2845.4000,1,1,1,2,1,2,2,5,1,1
SF,IH2007,2020-06-09 09:32:01.400,2842.8000,7343,0,42642420.000,0,-,-,-,-,2842.2000,2842.0000,2841.4000,2840.2000,2840.0000,2843.8000,2844.0000,2844.6000,2845.0000,2845.4000,1,1,1,1,2,1,2,5,1,1
SF,IH2007,2020-06-09 09:32:01.900,2842.8000,7343,0,42642420.000,0,-,-,-,-,2842.2000,2842.0000,2841.4000,2840.2000,2840.0000,2843.8000,2844.0000,2844.6000,2845.0000,2845.4000,1,1,1,1,2,1,3,5,1,1
SF,IH2007,2020-06-09 09:32:02.400,2842.8000,7343,0,42642420.000,0,-,-,-,-,2842.0000,2841.4000,2840.2000,2840.0000,2838.6000,2842.2000,2843.8000,2844.0000,2844.6000,2845.0000,1,1,2,2,1,1,1,3,5,1
SF,IH2007,2020-06-09 09:32:02.900,2842.2000,7342,-1,43495080.000,1,0,1,双平,S,2842.4000,2841.4000,2840.2000,2840.0000,2838.6000,2843.8000,2844.0000,2844.6000,2845.0000,2847.0000,1,1,2,2,1,1,3,5,1,1
SF,IH2007,2020-06-09 09:32:03.400,2842.2000,7342,0,43495080.000,0,-,-,-,-,2841.4000,2840.2000,2840.0000,2838.6000,2835.0000,2843.8000,2844.0000,2844.6000,2845.0000,2847.0000,1,2,1,1,2,1,3,5,1,1
SF,IH2007,2020-06-09 09:32:03.900,2842.2000,7342,0,43495080.000,0,-,-,-,-,2841.6000,2841.4000,2840.2000,2840.0000,2839.8000,2844.0000,2844.6000,2845.0000,2847.0000,2848.0000,4,1,2,1,1,3,5,1,1,1
SF,IH2007,2020-06-09 09:32:04.400,2842.2000,7342,0,43495080.000,0,-,-,-,-,2841.8000,2841.6000,2841.4000,2840.2000,2840.0000,2844.0000,2844.6000,2845.0000,2847.0000,2848.0000,2,9,1,2,1,3,5,1,1,1
SF,IH2007,2020-06-09 09:32:04.900,2842.2000,7342,0,43495080.000,0,-,-,-,-,2842.0000,2841.8000,2841.6000,2841.4000,2840.2000,2844.0000,2844.6000,2845.0000,2847.0000,2848.0000,3,3,6,1,2,3,5,1,1,1
SF,IH2007,2020-06-09 09:32:05.900,2842.2000,7342,0,44347740.000,1,0,1,多换,S,2842.0000,2841.8000,2841.6000,2841.4000,2840.2000,2844.0000,2844.6000,2845.0000,2847.0000,2848.0000,3,3,6,1,2,3,5,1,1,1
SF,IH2007,2020-06-09 09:32:06.400,2842.2000,7342,0,44347740.000,0,-,-,-,-,2842.0000,2841.6000,2841.4000,2840.2000,2840.0000,2842.8000,2843.8000,2844.0000,2844.6000,2845.0000,3,5,1,2,1,1,1,3,5,1
SF,IH2007,2020-06-09 09:32:06.900,2842.2000,7342,0,44347740.000,0,-,-,-,-,2841.6000,2841.4000,2840.2000,2840.0000,2839.8000,2842.8000,2843.8000,2844.0000,2844.6000,2845.0000,5,1,2,1,1,1,1,3,5,1
SF,IH2007,2020-06-09 09:32:07.400,2842.8000,7341,-1,45200580.000,1,0,1,双平,S,2842.2000,2841.8000,2841.6000,2841.4000,2840.2000,2844.0000,2844.6000,2845.0000,2847.0000,2848.0000,2,4,5,1,2,3,5,1,1,1
SF,IH2007,2020-06-09 09:32:07.900,2842.8000,7341,0,45200580.000,0,-,-,-,-,2842.4000,2842.2000,2841.6000,2841.4000,2840.2000,2844.0000,2844.6000,2845.0000,2847.0000,2848.0000,1,2,5,1,2,3,5,1,1,1
SF,IH2007,2020-06-09 09:32:08.400,2842.8000,7341,0,45200580.000,0,-,-,-,-,2842.4000,2841.6000,2841.4000,2840.2000,2840.0000,2844.0000,2844.6000,2845.0000,2847.0000,2848.0000,1,5,1,2,1,3,5,1,1,1
SF,IH2007,2020-06-09 09:32:08.900,2842.8000,7341,0,45200580.000,0,-,-,-,-,2842.4000,2841.6000,2841.4000,2840.2000,2840.0000,2843.8000,2844.0000,2844.6000,2845.0000,2847.0000,1,3,1,2,1,1,3,5,1,1
SF,IH2007,2020-06-09 09:32:09.400,2842.8000,7341,0,45200580.000,0,-,-,-,-,2842.4000,2841.6000,2841.4000,2840.2000,2840.0000,2844.0000,2844.6000,2845.0000,2845.6000,2847.0000,1,3,1,2,1,3,5,1,1,1
SF,IH2007,2020-06-09 09:32:10.900,2842.8000,7341,0,45200580.000,0,-,-,-,-,2842.4000,2841.6000,2841.4000,2840.2000,2840.0000,2843.8000,2844.0000,2844.6000,2845.0000,2845.6000,1,3,1,2,1,1,3,5,1,1
SF,IH2007,2020-06-09 09:32:11.900,2842.8000,7341,0,45200580.000,0,-,-,-,-,2842.4000,2841.4000,2840.2000,2840.0000,2838.6000,2843.8000,2844.0000,2844.6000,2845.0000,2845.6000,1,1,2,1,1,1,3,5,1,1
SF,IH2007,2020-06-09 09:32:12.400,2842.8000,7341,0,45200580.000,0,-,-,-,-,2841.4000,2840.2000,2840.0000,2838.6000,2835.0000,2843.8000,2844.0000,2844.6000,2845.0000,2845.6000,1,2,1,1,2,1,3,5,1,1
SF,IH2007,2020-06-09 09:32:12.900,2842.8000,7341,0,45200580.000,0,-,-,-,-,2841.8000,2841.6000,2841.4000,2840.2000,2840.0000,2843.8000,2844.0000,2844.6000,2845.0000,2845.6000,3,3,1,2,2,1,3,5,1,1
SF,IH2007,2020-06-09 09:32:13.400,2842.8000,7341,0,45200580.000,0,-,-,-,-,2842.0000,2841.6000,2841.4000,2840.2000,2840.0000,2843.8000,2844.0000,2844.6000,2845.0000,2845.6000,1,1,1,2,2,1,3,5,1,1
SF,IH2007,2020-06-09 09:32:18.400,2842.8000,7341,0,45200580.000,0,-,-,-,-,2842.0000,2841.6000,2841.4000,2840.2000,2840.0000,2843.6000,2843.8000,2844.0000,2844.6000,2845.0000,1,1,1,2,2,1,1,3,5,1
SF,IH2007,2020-06-09 09:32:18.900,2842.0000,7340,-1,46053180.000,1,0,1,双平,S,2842.0000,2841.4000,2840.2000,2840.0000,2838.6000,2843.6000,2843.8000,2844.0000,2844.6000,2845.0000,1,1,2,2,1,1,1,4,5,1
SF,IH2007,2020-06-09 09:32:19.400,2842.0000,7340,0,46053180.000,0,-,-,-,-,2842.0000,2841.4000,2840.2000,2840.0000,2838.6000,2843.4000,2843.6000,2843.8000,2844.0000,2844.6000,1,1,2,2,1,1,1,1,4,5
SF,IH2007,2020-06-09 09:32:19.900,2842.0000,7340,0,46905780.000,1,0,1,多换,S,2841.4000,2840.6000,2840.2000,2840.0000,2838.6000,2843.4000,2843.6000,2843.8000,2844.0000,2844.6000,1,1,2,2,1,1,1,1,4,5
SF,IH2007,2020-06-09 09:32:20.400,2842.0000,7340,0,46905780.000,0,-,-,-,-,2841.4000,2840.6000,2840.2000,2840.0000,2838.6000,2843.2000,2843.4000,2843.8000,2844.0000,2844.6000,1,1,2,2,1,2,1,1,4,5
SF,IH2007,2020-06-09 09:32:20.900,2842.0000,7340,0,46905780.000,0,-,-,-,-,2841.4000,2840.6000,2840.2000,2840.0000,2838.6000,2843.2000,2843.4000,2843.8000,2844.0000,2844.6000,1,1,2,2,1,2,1,1,4,5
SF,IH2007,2020-06-09 09:32:21.400,2842.0000,7340,0,46905780.000,0,-,-,-,-,2841.4000,2840.6000,2840.2000,2840.0000,2838.6000,2843.2000,2843.8000,2844.0000,2844.6000,2845.0000,1,1,2,2,1,2,1,4,5,2
SF,IH2007,2020-06-09 09:32:22.400,2842.0000,7340,0,46905780.000,0,-,-,-,-,2841.4000,2840.6000,2840.2000,2840.0000,2838.6000,2843.2000,2843.8000,2844.0000,2844.6000,2845.0000,1,1,2,2,1,2,1,4,5,2
SF,IH2007,2020-06-09 09:32:23.900,2842.0000,7340,0,46905780.000,0,-,-,-,-,2841.4000,2840.6000,2840.2000,2840.0000,2838.6000,2843.0000,2843.2000,2843.8000,2844.0000,2844.6000,1,1,2,2,1,4,2,1,4,5
SF,IH2007,2020-06-09 09:32:24.400,2842.0000,7340,0,46905780.000,0,-,-,-,-,2841.4000,2840.6000,2840.2000,2840.0000,2838.6000,2843.0000,2843.2000,2843.8000,2844.0000,2844.6000,1,1,2,2,1,1,2,1,4,5
SF,IH2007,2020-06-09 09:32:27.400,2842.0000,7340,0,46905780.000,0,-,-,-,-,2841.4000,2840.6000,2840.2000,2840.0000,2838.6000,2843.0000,2843.2000,2843.8000,2844.0000,2844.6000,1,1,2,2,1,2,2,1,4,5
SF,IH2007,2020-06-09 09:32:28.900,2842.0000,7340,0,46905780.000,0,-,-,-,-,2841.4000,2840.6000,2840.2000,2840.0000,2838.6000,2843.0000,2843.2000,2843.8000,2844.0000,2844.6000,1,1,2,2,1,2,2,1,4,5
SF,IH2007,2020-06-09 09:32:29.400,2842.0000,7340,0,46905780.000,0,-,-,-,-,2841.4000,2840.6000,2840.2000,2840.0000,2838.6000,2843.0000,2843.2000,2843.8000,2844.0000,2844.6000,1,1,2,2,1,1,1,1,4,5
SF,IH2007,2020-06-09 09:32:29.900,2842.0000,7340,0,46905780.000,0,-,-,-,-,2841.6000,2841.4000,2840.6000,2840.2000,2840.0000,2843.0000,2843.2000,2843.8000,2844.0000,2844.6000,1,1,1,2,2,1,1,1,4,5
SF,IH2007,2020-06-09 09:32:33.400,2843.0000,7340,0,47758680.000,1,0,1,多换,S,2841.6000,2841.4000,2840.6000,2840.2000,2840.0000,2843.2000,2843.8000,2844.0000,2844.6000,2845.0000,4,1,1,2,2,1,1,4,5,2
SF,IH2007,2020-06-09 09:32:36.400,2843.0000,7340,0,47758680.000,0,-,-,-,-,2841.6000,2841.4000,2840.6000,2840.2000,2840.0000,2843.2000,2843.8000,2844.0000,2844.6000,2845.0000,6,1,1,2,2,1,1,4,5,2
SF,IH2007,2020-06-09 09:32:36.900,2843.0000,7340,0,47758680.000,0,-,-,-,-,2841.6000,2841.4000,2840.6000,2840.2000,2840.0000,2843.2000,2843.8000,2844.0000,2844.6000,2845.0000,1,1,1,2,2,1,1,4,5,2
SF,IH2007,2020-06-09 09:32:37.900,2843.2000,7340,0,48611640.000,1,0,1,多换,S,2841.8000,2841.6000,2841.4000,2840.6000,2840.2000,2843.8000,2844.0000,2844.6000,2845.0000,2847.0000,4,3,1,1,2,1,4,5,2,1
SF,IH2007,2020-06-09 09:32:38.400,2843.2000,7340,0,48611640.000,0,-,-,-,-,2842.0000,2841.8000,2841.6000,2841.4000,2840.6000,2843.8000,2844.0000,2844.6000,2845.0000,2845.6000,3,6,3,1,1,1,4,5,2,1
SF,IH2007,2020-06-09 09:32:38.900,2843.8000,7340,0,49464780.000,1,0,1,多换,S,2842.4000,2842.0000,2841.8000,2841.6000,2841.4000,2844.0000,2844.6000,2845.0000,2845.6000,2847.0000,1,3,6,3,1,4,5,2,1,1
SF,IH2007,2020-06-09 09:32:39.400,2843.8000,7340,0,49464780.000,0,-,-,-,-,2842.4000,2842.2000,2842.0000,2841.8000,2841.6000,2844.0000,2844.6000,2845.0000,2845.6000,2847.0000,1,1,3,6,3,4,5,2,1,1
SF,IH2007,2020-06-09 09:32:39.900,2843.8000,7340,0,49464780.000,0,-,-,-,-,2842.6000,2842.4000,2842.2000,2842.0000,2841.8000,2844.0000,2844.6000,2845.0000,2845.6000,2847.0000,2,1,1,3,6,4,5,2,1,1
SF,IH2007,2020-06-09 09:32:41.900,2843.8000,7340,0,49464780.000,0,-,-,-,-,2842.6000,2842.4000,2842.2000,2842.0000,2841.8000,2844.0000,2844.6000,2845.0000,2845.6000,2847.0000,2,1,1,3,6,4,5,2,1,1
SF,IH2007,2020-06-09 09:32:45.900,2843.8000,7340,0,49464780.000,0,-,-,-,-,2842.6000,2842.4000,2842.2000,2842.0000,2841.8000,2844.0000,2844.6000,2845.0000,2845.6000,2847.0000,2,1,1,3,2,4,5,2,1,1
SF,IH2007,2020-06-09 09:32:46.400,2843.8000,7340,0,49464780.000,0,-,-,-,-,2842.6000,2842.4000,2842.2000,2842.0000,2841.8000,2844.0000,2844.2000,2844.6000,2845.0000,2845.6000,2,1,1,3,2,4,1,5,2,1
SF,IH2007,2020-06-09 09:32:49.400,2843.8000,7340,0,49464780.000,0,-,-,-,-,2842.6000,2842.4000,2842.2000,2842.0000,2841.8000,2843.8000,2844.0000,2844.6000,2845.0000,2845.6000,2,1,1,3,2,1,4,5,2,1
SF,IH2007,2020-06-09 09:32:50.900,2843.8000,7340,0,49464780.000,0,-,-,-,-,2842.6000,2842.4000,2842.2000,2842.0000,2841.8000,2844.0000,2844.6000,2845.0000,2845.6000,2847.0000,2,1,1,3,2,4,5,2,1,1
SF,IH2007,2020-06-09 09:32:51.900,2843.8000,7340,0,49464780.000,0,-,-,-,-,2843.8000,2842.6000,2842.4000,2842.2000,2842.0000,2844.0000,2844.6000,2845.0000,2845.6000,2847.0000,1,2,1,1,3,5,5,2,1,1
SF,IH2007,2020-06-09 09:32:52.400,2843.8000,7340,0,50317920.000,1,0,1,多换,S,2842.6000,2842.4000,2842.2000,2842.0000,2841.8000,2844.0000,2844.6000,2845.0000,2845.6000,2847.0000,2,1,1,3,2,5,5,2,1,1
SF,IH2007,2020-06-09 09:32:52.900,2843.8000,7340,0,50317920.000,0,-,-,-,-,2842.6000,2842.4000,2842.2000,2842.0000,2841.8000,2843.8000,2844.0000,2844.6000,2845.0000,2845.6000,2,1,1,1,2,1,5,5,2,1
SF,IH2007,2020-06-09 09:32:53.400,2843.8000,7340,0,50317920.000,0,-,-,-,-,2842.6000,2842.4000,2842.2000,2842.0000,2841.8000,2844.0000,2844.6000,2845.0000,2845.6000,2847.0000,2,1,1,1,2,5,5,2,1,1
SF,IH2007,2020-06-09 09:32:53.900,2842.6000,7340,0,51170700.000,1,0,1,多换,S,2842.6000,2842.4000,2842.2000,2842.0000,2841.8000,2844.0000,2844.6000,2845.0000,2845.6000,2847.0000,1,1,1,1,2,4,5,2,1,1
SF,IH2007,2020-06-09 09:32:55.400,2842.6000,7340,0,51170700.000,0,-,-,-,-,2842.4000,2842.2000,2842.0000,2841.8000,2840.6000,2844.0000,2844.6000,2845.0000,2845.6000,2847.0000,1,1,1,2,1,4,5,2,1,1
SF,IH2007,2020-06-09 09:32:56.400,2842.6000,7340,0,51170700.000,0,-,-,-,-,2842.4000,2842.2000,2842.0000,2841.8000,2840.6000,2843.8000,2844.0000,2844.4000,2844.6000,2845.0000,1,1,1,2,1,1,4,1,5,2
SF,IH2007,2020-06-09 09:32:56.900,2842.6000,7340,0,51170700.000,0,-,-,-,-,2842.4000,2842.2000,2842.0000,2841.8000,2840.6000,2843.8000,2844.0000,2844.4000,2844.6000,2845.0000,1,1,1,2,1,1,5,1,5,2
SF,IH2007,2020-06-09 09:32:57.400,2842.6000,7340,0,51170700.000,0,-,-,-,-,2842.4000,2842.2000,2842.0000,2841.8000,2840.6000,2843.8000,2844.0000,2844.4000,2844.6000,2845.0000,1,1,1,2,1,1,4,1,5,2
SF,IH2007,2020-06-09 09:32:58.400,2842.6000,7340,0,51170700.000,0,-,-,-,-,2842.4000,2842.2000,2842.0000,2841.8000,2840.6000,2844.0000,2844.4000,2844.6000,2845.0000,2845.6000,1,1,1,2,1,4,1,5,2,1
SF,IH2007,2020-06-09 09:32:58.900,2842.6000,7340,0,51170700.000,0,-,-,-,-,2842.4000,2842.2000,2841.8000,2840.6000,2840.2000,2844.0000,2844.4000,2844.6000,2845.0000,2845.6000,1,1,2,1,2,4,1,5,2,1
SF,IH2007,2020-06-09 09:32:59.400,2842.6000,7340,0,51170700.000,0,-,-,-,-,2842.4000,2841.8000,2840.6000,2840.2000,2840.0000,2844.0000,2844.4000,2844.6000,2845.0000,2845.6000,1,2,1,2,1,4,1,5,2,1
SF,IH2007,2020-06-09 09:33:04.900,2842.6000,7340,0,51170700.000,0,-,-,-,-,2842.4000,2841.8000,2840.6000,2840.2000,2840.0000,2844.0000,2844.6000,2845.0000,2845.6000,2847.0000,1,2,1,2,1,4,5,2,1,1
SF,IH2007,2020-06-09 09:33:05.400,2842.6000,7340,0,51170700.000,0,-,-,-,-,2842.6000,2842.4000,2841.8000,2840.6000,2840.2000,2844.0000,2844.6000,2845.0000,2845.6000,2847.0000,1,1,2,1,2,4,5,2,1,1
SF,IH2007,2020-06-09 09:33:07.900,2842.6000,7340,0,51170700.000,0,-,-,-,-,2842.6000,2842.4000,2841.8000,2840.6000,2840.2000,2844.0000,2844.6000,2845.0000,2845.6000,2847.0000,4,1,2,1,2,4,5,2,1,1
SF,IH2007,2020-06-09 09:33:08.400,2842.6000,7340,0,51170700.000,0,-,-,-,-,2842.6000,2842.4000,2841.8000,2840.6000,2840.2000,2844.0000,2844.6000,2845.0000,2845.6000,2847.0000,6,1,2,1,2,4,5,2,1,1
SF,IH2007,2020-06-09 09:33:08.900,2842.6000,7340,0,51170700.000,0,-,-,-,-,2842.6000,2842.4000,2841.8000,2840.6000,2840.2000,2844.0000,2844.6000,2845.0000,2845.6000,2847.0000,4,1,2,1,2,4,5,2,1,1
SF,IH2007,2020-06-09 09:33:09.400,2842.6000,7340,0,51170700.000,0,-,-,-,-,2842.8000,2842.6000,2842.4000,2841.8000,2840.6000,2844.0000,2844.6000,2845.0000,2845.6000,2847.0000,5,5,1,2,1,4,5,2,1,1
SF,IH2007,2020-06-09 09:33:10.400,2842.6000,7340,0,51170700.000,0,-,-,-,-,2842.8000,2842.6000,2842.4000,2841.8000,2840.6000,2844.0000,2844.6000,2845.0000,2845.6000,2847.0000,5,5,1,2,1,4,5,2,1,1
SF,IH2007,2020-06-09 09:33:10.900,2842.6000,7340,0,51170700.000,0,-,-,-,-,2843.0000,2842.8000,2842.6000,2842.4000,2841.8000,2844.0000,2844.6000,2845.0000,2845.6000,2847.0000,1,5,5,1,2,4,5,2,1,1
SF,IH2007,2020-06-09 09:33:12.900,2842.6000,7340,0,51170700.000,0,-,-,-,-,2843.0000,2842.8000,2842.6000,2842.4000,2841.8000,2844.0000,2844.6000,2845.0000,2845.6000,2847.0000,1,4,5,1,2,4,5,2,1,1
SF,IH2007,2020-06-09 09:33:13.400,2842.6000,7340,0,51170700.000,0,-,-,-,-,2843.0000,2842.6000,2842.4000,2841.8000,2840.6000,2844.0000,2844.6000,2845.0000,2845.6000,2847.0000,1,4,1,2,1,4,5,2,1,1
SF,IH2007,2020-06-09 09:33:15.900,2844.0000,7340,0,52023900.000,1,0,1,多换,S,2843.0000,2842.6000,2842.4000,2841.8000,2840.6000,2844.0000,2844.6000,2845.0000,2845.6000,2847.0000,1,4,1,2,1,2,5,2,1,1
SF,IH2007,2020-06-09 09:33:16.400,2844.0000,7339,-1,53730300.000,2,0,2,多平,S,2843.0000,2842.6000,2842.4000,2841.8000,2840.6000,2844.6000,2845.0000,2845.6000,2846.6000,2847.0000,1,4,1,2,1,5,2,1,1,1
SF,IH2007,2020-06-09 09:33:18.400,2844.0000,7339,0,53730300.000,0,-,-,-,-,2843.2000,2843.0000,2842.6000,2842.4000,2841.8000,2844.6000,2845.0000,2845.6000,2846.6000,2847.0000,2,1,4,1,2,5,2,1,1,1
SF,IH2007,2020-06-09 09:33:18.900,2844.6000,7338,-1,54583680.000,1,0,1,双平,S,2843.4000,2843.2000,2843.0000,2842.6000,2842.4000,2844.6000,2845.0000,2845.6000,2846.6000,2847.0000,1,2,1,4,1,4,2,1,1,1
SF,IH2007,2020-06-09 09:33:20.900,2844.6000,7338,0,54583680.000,0,-,-,-,-,2843.6000,2843.4000,2843.2000,2843.0000,2842.6000,2844.6000,2845.0000,2845.6000,2846.6000,2847.0000,2,2,2,1,1,4,2,1,1,1
SF,IH2007,2020-06-09 09:33:21.400,2844.6000,7337,-1,55437060.000,1,0,1,双平,S,2843.8000,2843.6000,2843.4000,2843.2000,2843.0000,2844.6000,2845.0000,2845.6000,2846.6000,2847.0000,3,2,2,2,1,3,2,1,1,1
SF,IH2007,2020-06-09 09:33:21.900,2844.6000,7337,0,55437060.000,0,-,-,-,-,2843.4000,2843.0000,2842.6000,2842.4000,2841.8000,2844.6000,2845.0000,2845.6000,2846.6000,2847.0000,1,1,1,1,2,3,2,1,1,1
SF,IH2007,2020-06-09 09:33:22.400,2844.6000,7337,0,57997200.000,3,1,2,多换,S,2844.6000,2843.4000,2843.0000,2842.6000,2842.4000,2845.0000,2845.6000,2846.6000,2847.0000,2848.0000,2,1,1,1,1,2,1,1,1,1
SF,IH2007,2020-06-09 09:33:22.900,2844.6000,7338,1,59703960.000,2,1,1,空开,S,2843.4000,2843.0000,2842.4000,2841.8000,2840.6000,2845.0000,2845.6000,2846.6000,2847.0000,2848.0000,1,1,1,2,1,2,1,1,1,1
SF,IH2007,2020-06-09 09:33:23.400,2844.6000,7338,0,59703960.000,0,-,-,-,-,2843.4000,2842.4000,2841.8000,2840.6000,2840.2000,2845.0000,2845.6000,2846.6000,2847.0000,2848.0000,1,1,2,1,2,2,1,1,1,1
SF,IH2007,2020-06-09 09:33:23.900,2844.6000,7338,0,59703960.000,0,-,-,-,-,2842.4000,2841.8000,2840.6000,2840.2000,2840.0000,2845.0000,2845.6000,2846.6000,2847.0000,2848.0000,1,2,1,2,1,2,1,1,1,1
SF,IH2007,2020-06-09 09:33:24.400,2844.6000,7338,0,59703960.000,0,-,-,-,-,2843.2000,2843.0000,2842.6000,2842.4000,2840.6000,2845.0000,2845.6000,2846.6000,2847.0000,2848.0000,3,2,6,2,1,2,1,1,1,1
SF,IH2007,2020-06-09 09:33:24.900,2843.4000,7338,0,60556980.000,1,0,1,多换,S,2843.2000,2843.0000,2842.8000,2842.6000,2842.4000,2844.6000,2845.0000,2845.6000,2846.6000,2847.0000,3,2,1,7,2,1,2,1,1,1
SF,IH2007,2020-06-09 09:33:25.400,2843.4000,7338,0,60556980.000,0,-,-,-,-,2843.2000,2843.0000,2842.8000,2842.6000,2842.4000,2844.6000,2845.0000,2845.6000,2846.6000,2847.0000,3,2,1,7,2,1,2,1,1,1
SF,IH2007,2020-06-09 09:33:25.900,2843.4000,7338,0,60556980.000,0,-,-,-,-,2843.4000,2843.2000,2843.0000,2842.8000,2842.6000,2844.6000,2845.0000,2845.6000,2846.6000,2847.0000,1,3,2,1,7,1,2,1,1,1
SF,IH2007,2020-06-09 09:33:26.900,2844.6000,7339,1,61410360.000,1,1,0,双开,S,2843.4000,2843.2000,2843.0000,2842.8000,2842.6000,2845.0000,2845.6000,2846.6000,2847.0000,2848.0000,1,3,2,1,7,2,1,1,1,1
SF,IH2007,2020-06-09 09:33:28.900,2844.6000,7339,0,61410360.000,0,-,-,-,-,2843.6000,2843.4000,2843.2000,2843.0000,2842.8000,2844.4000,2845.0000,2845.6000,2846.6000,2847.0000,1,1,3,2,1,1,2,1,1,1
SF,IH2007,2020-06-09 09:33:29.400,2844.6000,7339,0,61410360.000,0,-,-,-,-,2843.6000,2843.4000,2843.2000,2843.0000,2842.8000,2844.4000,2844.6000,2845.0000,2845.6000,2846.6000,1,1,3,2,1,1,1,2,1,1
SF,IH2007,2020-06-09 09:33:29.900,2844.6000,7339,0,61410360.000,0,-,-,-,-,2843.4000,2843.2000,2843.0000,2842.8000,2842.6000,2844.4000,2844.6000,2845.0000,2845.6000,2846.6000,1,3,2,1,7,1,1,2,1,1
SF,IH2007,2020-06-09 09:33:31.400,2844.6000,7338,-1,63117060.000,2,0,2,多平,S,2843.4000,2843.2000,2843.0000,2842.8000,2842.6000,2845.0000,2845.6000,2846.6000,2847.0000,2848.0000,1,3,2,1,7,2,1,1,1,1
SF,IH2007,2020-06-09 09:33:31.900,2844.6000,7338,0,63117060.000,0,-,-,-,-,2843.4000,2843.2000,2843.0000,2842.8000,2842.6000,2845.0000,2845.6000,2846.6000,2847.0000,2848.0000,2,3,2,1,7,2,1,1,1,1
SF,IH2007,2020-06-09 09:33:32.400,2844.6000,7338,0,63117060.000,0,-,-,-,-,2843.6000,2843.4000,2843.2000,2843.0000,2842.8000,2845.0000,2845.6000,2846.6000,2847.0000,2848.0000,1,2,3,2,1,2,1,1,1,1
SF,IH2007,2020-06-09 09:33:32.900,2844.6000,7338,0,63117060.000,0,-,-,-,-,2843.8000,2843.6000,2843.4000,2843.2000,2843.0000,2845.0000,2845.6000,2846.6000,2847.0000,2848.0000,1,1,2,3,2,2,1,1,1,1
SF,IH2007,2020-06-09 09:33:33.400,2844.6000,7338,0,63117060.000,0,-,-,-,-,2843.8000,2843.6000,2843.4000,2843.2000,2843.0000,2845.0000,2845.6000,2846.6000,2847.0000,2848.0000,3,1,2,3,2,2,1,1,1,1
SF,IH2007,2020-06-09 09:33:33.900,2845.0000,7338,0,63970560.000,1,0,1,多换,S,2843.8000,2843.6000,2843.4000,2842.6000,2842.4000,2845.0000,2845.6000,2846.6000,2847.0000,2848.0000,3,1,2,5,2,2,1,1,1,1
SF,IH2007,2020-06-09 09:33:34.400,2845.0000,7338,0,63970560.000,0,-,-,-,-,2844.4000,2844.2000,2844.0000,2843.8000,2843.4000,2844.8000,2845.0000,2845.6000,2846.6000,2847.0000,3,2,3,3,2,1,2,1,1,1
SF,IH2007,2020-06-09 09:33:34.900,2845.0000,7338,0,63970560.000,0,-,-,-,-,2844.4000,2844.2000,2844.0000,2843.8000,2843.4000,2844.8000,2845.0000,2845.6000,2846.6000,2847.0000,3,2,2,3,2,1,2,1,1,1
SF,IH2007,2020-06-09 09:33:35.900,2845.0000,7338,0,63970560.000,0,-,-,-,-,2844.4000,2844.2000,2844.0000,2843.8000,2843.4000,2844.8000,2845.0000,2845.6000,2846.6000,2847.0000,3,2,1,3,2,1,2,1,1,1
SF,IH2007,2020-06-09 09:33:36.400,2845.0000,7338,0,63970560.000,0,-,-,-,-,2844.6000,2843.8000,2843.4000,2842.6000,2842.4000,2844.8000,2845.0000,2845.6000,2846.6000,2847.0000,1,3,2,5,2,1,2,1,1,1
SF,IH2007,2020-06-09 09:33:36.900,2844.6000,7337,-1,65677320.000,2,0,2,多平,S,2844.6000,2843.8000,2843.4000,2842.6000,2842.4000,2844.8000,2845.0000,2845.6000,2846.6000,2847.0000,1,3,2,5,2,1,2,1,1,1
SF,IH2007,2020-06-09 09:33:37.400,2844.8000,7336,-1,67384140.000,2,0,2,多平,S,2843.8000,2843.4000,2842.6000,2842.4000,2840.6000,2845.0000,2845.6000,2846.6000,2847.0000,2848.0000,3,2,5,2,1,2,1,1,1,1
SF,IH2007,2020-06-09 09:33:37.900,2844.8000,7336,0,67384140.000,0,-,-,-,-,2844.2000,2843.8000,2843.4000,2842.6000,2842.4000,2845.0000,2845.6000,2846.6000,2847.0000,2848.0000,3,3,2,5,2,2,1,1,1,1
SF,IH2007,2020-06-09 09:33:40.900,2844.8000,7336,0,67384140.000,0,-,-,-,-,2844.2000,2843.8000,2843.4000,2842.6000,2842.4000,2845.0000,2845.6000,2846.6000,2847.0000,2848.0000,3,3,2,5,2,2,2,1,1,1
SF,IH2007,2020-06-09 09:33:43.400,2844.8000,7336,0,67384140.000,0,-,-,-,-,2844.2000,2843.8000,2843.4000,2842.6000,2842.4000,2845.0000,2845.6000,2846.6000,2847.0000,2848.0000,3,3,2,5,2,3,2,1,1,1
SF,IH2007,2020-06-09 09:33:44.900,2844.8000,7336,0,67384140.000,0,-,-,-,-,2844.2000,2843.8000,2843.4000,2842.6000,2842.4000,2845.0000,2845.6000,2846.6000,2847.0000,2848.0000,4,3,2,5,2,3,2,1,1,1
SF,IH2007,2020-06-09 09:33:45.900,2844.8000,7336,0,67384140.000,0,-,-,-,-,2844.2000,2843.8000,2843.4000,2842.6000,2842.4000,2845.0000,2845.6000,2846.6000,2847.0000,2848.0000,6,3,2,5,2,3,2,1,1,1
SF,IH2007,2020-06-09 09:33:47.900,2844.8000,7336,0,67384140.000,0,-,-,-,-,2844.2000,2843.8000,2843.4000,2842.6000,2842.4000,2845.0000,2845.6000,2846.6000,2847.0000,2848.0000,6,3,2,5,2,4,2,1,1,1
SF,IH2007,2020-06-09 09:33:48.900,2844.8000,7336,0,67384140.000,0,-,-,-,-,2844.2000,2843.8000,2843.4000,2842.6000,2842.4000,2845.0000,2845.6000,2846.6000,2847.0000,2848.0000,6,3,1,5,2,4,2,1,1,1
SF,IH2007,2020-06-09 09:33:49.900,2844.8000,7336,0,67384140.000,0,-,-,-,-,2844.2000,2843.8000,2843.4000,2842.6000,2842.4000,2844.8000,2845.0000,2845.6000,2846.6000,2847.0000,3,3,1,5,2,1,4,2,1,1
SF,IH2007,2020-06-09 09:33:50.900,2844.8000,7336,0,68237580.000,1,0,1,多换,S,2844.2000,2843.8000,2843.4000,2842.6000,2842.4000,2845.0000,2845.6000,2846.6000,2847.0000,2848.0000,3,3,1,5,2,4,2,1,1,1
SF,IH2007,2020-06-09 09:33:51.400,2844.8000,7336,0,68237580.000,0,-,-,-,-,2844.2000,2843.8000,2843.4000,2842.6000,2842.4000,2844.8000,2845.0000,2845.6000,2846.6000,2847.0000,4,3,1,5,2,1,4,2,1,1
SF,IH2007,2020-06-09 09:33:52.400,2844.8000,7335,-1,69091020.000,1,0,1,双平,S,2844.2000,2843.8000,2843.4000,2842.6000,2842.4000,2845.0000,2845.6000,2846.6000,2847.0000,2848.0000,4,3,1,5,2,4,2,1,1,1
SF,IH2007,2020-06-09 09:33:53.400,2845.6000,7338,3,73358700.000,5,4,1,空开,S,2844.2000,2843.8000,2843.4000,2842.6000,2842.4000,2845.6000,2846.6000,2847.0000,2847.4000,2848.0000,4,3,1,5,2,1,1,1,1,1
SF,IH2007,2020-06-09 09:33:53.900,2845.6000,7338,0,73358700.000,0,-,-,-,-,2844.4000,2844.2000,2843.8000,2843.4000,2842.6000,2845.6000,2846.6000,2847.0000,2847.4000,2848.0000,2,4,3,1,5,1,1,1,1,1
SF,IH2007,2020-06-09 09:33:54.400,2845.6000,7337,-1,74212380.000,1,0,1,双平,S,2844.4000,2844.2000,2843.8000,2843.4000,2842.6000,2846.6000,2847.0000,2847.4000,2848.0000,2849.8000,4,4,1,1,3,1,1,1,1,1
SF,IH2007,2020-06-09 09:33:54.900,2845.6000,7337,0,74212380.000,0,-,-,-,-,2844.6000,2844.4000,2844.2000,2843.8000,2843.4000,2846.6000,2847.0000,2847.4000,2848.0000,2849.8000,1,2,4,1,1,1,1,1,1,1
SF,IH2007,2020-06-09 09:33:55.400,2845.6000,7337,0,74212380.000,0,-,-,-,-,2844.6000,2844.2000,2843.8000,2843.4000,2842.6000,2846.6000,2847.0000,2847.4000,2848.0000,2849.8000,1,4,1,1,3,1,1,1,1,1
SF,IH2007,2020-06-09 09:33:56.400,2845.6000,7337,0,74212380.000,0,-,-,-,-,2844.6000,2844.2000,2843.8000,2843.4000,2842.6000,2846.6000,2846.8000,2847.0000,2847.4000,2848.0000,1,4,1,1,3,1,1,1,1,1
SF,IH2007,2020-06-09 09:33:57.900,2845.6000,7337,0,74212380.000,0,-,-,-,-,2844.6000,2844.2000,2843.8000,2843.4000,2842.6000,2846.6000,2846.8000,2847.0000,2847.4000,2848.0000,3,4,1,1,3,1,1,1,1,1
SF,IH2007,2020-06-09 09:33:58.400,2845.6000,7337,0,74212380.000,0,-,-,-,-,2844.6000,2844.2000,2843.8000,2843.4000,2842.6000,2846.6000,2846.8000,2847.0000,2847.4000,2848.0000,1,4,1,1,3,1,1,1,1,1
SF,IH2007,2020-06-09 09:33:59.400,2845.6000,7337,0,74212380.000,0,-,-,-,-,2844.8000,2844.6000,2844.2000,2843.8000,2843.4000,2846.6000,2846.8000,2847.0000,2847.4000,2848.0000,1,1,4,1,1,1,1,1,1,1
SF,IH2007,2020-06-09 09:33:59.900,2845.6000,7337,0,74212380.000,0,-,-,-,-,2844.8000,2844.2000,2843.8000,2843.4000,2842.6000,2846.6000,2846.8000,2847.0000,2847.4000,2848.0000,1,4,1,1,3,1,1,1,1,1
SF,IH2007,2020-06-09 09:34:00.400,2845.6000,7337,0,74212380.000,0,-,-,-,-,2844.8000,2844.2000,2843.8000,2843.4000,2842.6000,2846.4000,2846.6000,2846.8000,2847.0000,2847.4000,1,4,1,1,3,1,1,1,1,1
SF,IH2007,2020-06-09 09:34:01.400,2845.6000,7337,0,74212380.000,0,-,-,-,-,2844.2000,2843.8000,2843.4000,2842.6000,2842.4000,2846.4000,2846.6000,2846.8000,2847.0000,2847.4000,3,1,1,3,2,1,1,1,1,1
SF,IH2007,2020-06-09 09:34:02.900,2845.6000,7337,0,74212380.000,0,-,-,-,-,2844.2000,2843.8000,2843.4000,2842.6000,2842.4000,2846.2000,2846.4000,2846.6000,2846.8000,2847.0000,3,1,1,3,2,1,1,1,1,1
SF,IH2007,2020-06-09 09:34:03.900,2845.6000,7337,0,74212380.000,0,-,-,-,-,2844.2000,2843.8000,2843.4000,2842.6000,2842.4000,2846.2000,2846.4000,2846.6000,2846.8000,2847.0000,3,1,1,2,2,1,1,1,1,1
SF,IH2007,2020-06-09 09:34:04.400,2845.6000,7337,0,74212380.000,0,-,-,-,-,2844.2000,2843.8000,2842.6000,2842.4000,2840.6000,2846.0000,2846.2000,2846.6000,2846.8000,2847.0000,3,1,2,2,1,1,1,1,1,1
SF,IH2007,2020-06-09 09:34:04.900,2845.6000,7337,0,74212380.000,0,-,-,-,-,2844.2000,2842.6000,2842.4000,2840.6000,2840.2000,2846.0000,2846.2000,2846.6000,2846.8000,2847.0000,3,2,2,1,2,1,1,1,1,1
SF,IH2007,2020-06-09 09:34:06.900,2845.6000,7337,0,74212380.000,0,-,-,-,-,2842.6000,2842.4000,2840.6000,2840.2000,2840.0000,2846.0000,2846.2000,2846.6000,2846.8000,2847.0000,2,2,1,2,1,1,1,1,1,1
SF,IH2007,2020-06-09 09:34:07.400,2845.6000,7337,0,74212380.000,0,-,-,-,-,2844.0000,2843.6000,2843.2000,2842.8000,2842.6000,2846.0000,2846.2000,2846.6000,2846.8000,2847.0000,3,2,1,12,3,1,1,1,1,1
SF,IH2007,2020-06-09 09:34:07.900,2845.6000,7337,0,74212380.000,0,-,-,-,-,2844.2000,2844.0000,2843.8000,2843.6000,2843.2000,2846.0000,2846.2000,2846.6000,2846.8000,2847.0000,1,3,1,2,1,1,1,1,1,1
SF,IH2007,2020-06-09 09:34:09.400,2845.6000,7337,0,74212380.000,0,-,-,-,-,2844.2000,2844.0000,2843.8000,2843.6000,2843.2000,2846.0000,2846.6000,2846.8000,2847.0000,2847.4000,1,3,1,2,1,1,1,1,1,1
SF,IH2007,2020-06-09 09:34:12.900,2846.0000,7337,0,75066180.000,1,0,1,多换,S,2844.2000,2844.0000,2843.8000,2843.6000,2843.2000,2846.0000,2846.6000,2846.8000,2847.0000,2847.4000,1,3,1,2,1,1,1,1,1,1
SF,IH2007,2020-06-09 09:34:14.900,2846.0000,7337,0,75066180.000,0,-,-,-,-,2844.4000,2844.2000,2844.0000,2843.8000,2843.6000,2845.8000,2846.0000,2846.6000,2846.8000,2847.0000,1,1,3,1,2,1,1,1,1,1
SF,IH2007,2020-06-09 09:34:15.900,2844.4000,7338,1,75919500.000,1,1,0,双开,S,2844.2000,2844.0000,2843.8000,2843.6000,2843.2000,2845.8000,2846.0000,2846.6000,2846.8000,2847.0000,1,3,1,2,1,1,1,1,1,1
SF,IH2007,2020-06-09 09:34:16.900,2844.4000,7338,0,75919500.000,0,-,-,-,-,2844.2000,2844.0000,2843.8000,2843.6000,2843.2000,2845.8000,2846.0000,2846.6000,2846.8000,2847.0000,1,3,1,2,1,2,1,1,1,1
SF,IH2007,2020-06-09 09:34:17.400,2845.8000,7337,-1,76773240.000,1,0,1,双平,S,2844.2000,2844.0000,2843.8000,2843.6000,2843.2000,2845.8000,2846.0000,2846.6000,2846.8000,2847.0000,1,3,1,2,1,1,1,1,1,1
SF,IH2007,2020-06-09 09:34:17.900,2845.8000,7337,0,76773240.000,0,-,-,-,-,2844.4000,2844.2000,2844.0000,2843.8000,2843.6000,2845.8000,2846.0000,2846.6000,2846.8000,2847.0000,1,1,3,1,2,1,1,1,1,1
SF,IH2007,2020-06-09 09:34:18.900,2845.8000,7337,0,76773240.000,0,-,-,-,-,2844.4000,2844.2000,2844.0000,2843.8000,2843.6000,2845.8000,2846.0000,2846.6000,2846.8000,2847.0000,1,1,3,1,2,1,1,1,1,1
SF,IH2007,2020-06-09 09:34:19.400,2845.8000,7337,0,76773240.000,0,-,-,-,-,2844.6000,2844.2000,2844.0000,2843.8000,2843.6000,2845.8000,2846.0000,2846.6000,2846.8000,2847.0000,3,1,3,1,2,1,1,1,1,1
SF,IH2007,2020-06-09 09:34:20.400,2845.8000,7336,-1,77626980.000,1,0,1,双平,S,2844.6000,2844.2000,2844.0000,2843.8000,2843.6000,2846.0000,2846.6000,2846.8000,2847.0000,2847.4000,3,1,3,1,2,1,1,1,1,1
SF,IH2007,2020-06-09 09:34:20.900,2845.8000,7336,0,77626980.000,0,-,-,-,-,2844.6000,2844.2000,2844.0000,2843.8000,2843.6000,2846.0000,2846.6000,2846.8000,2847.0000,2847.4000,3,1,3,1,2,1,1,1,1,1
SF,IH2007,2020-06-09 09:34:21.400,2845.8000,7336,0,77626980.000,0,-,-,-,-,2844.8000,2844.6000,2844.2000,2843.2000,2842.8000,2846.0000,2846.6000,2846.8000,2847.0000,2847.4000,3,2,1,1,9,1,1,1,1,1
SF,IH2007,2020-06-09 09:34:21.900,2846.0000,7336,0,78480780.000,1,0,1,多换,S,2845.4000,2845.2000,2845.0000,2844.8000,2844.6000,2846.6000,2846.8000,2847.0000,2847.4000,2848.0000,3,1,2,6,1,1,1,1,1,1
SF,IH2007,2020-06-09 09:34:22.400,2846.0000,7336,0,78480780.000,0,-,-,-,-,2845.4000,2845.2000,2845.0000,2844.8000,2844.6000,2846.6000,2846.8000,2847.0000,2847.4000,2848.0000,3,1,4,5,1,1,1,1,1,1
SF,IH2007,2020-06-09 09:34:22.900,2846.0000,7336,0,78480780.000,0,-,-,-,-,2845.4000,2845.2000,2845.0000,2844.8000,2844.6000,2846.6000,2846.8000,2847.0000,2847.4000,2848.0000,3,1,4,5,1,1,1,1,1,1
SF,IH2007,2020-06-09 09:34:23.400,2846.0000,7336,0,78480780.000,0,-,-,-,-,2845.4000,2845.2000,2845.0000,2844.8000,2844.6000,2846.6000,2846.8000,2847.0000,2847.4000,2848.0000,3,1,3,5,1,1,1,1,1,1
SF,IH2007,2020-06-09 09:34:23.900,2846.0000,7336,0,78480780.000,0,-,-,-,-,2845.4000,2845.2000,2845.0000,2844.8000,2844.6000,2846.6000,2846.8000,2847.0000,2847.4000,2848.0000,3,1,3,5,1,1,1,1,1,1
SF,IH2007,2020-06-09 09:34:24.400,2846.0000,7336,0,78480780.000,0,-,-,-,-,2845.4000,2845.2000,2845.0000,2844.8000,2844.6000,2846.8000,2847.0000,2847.4000,2848.0000,2848.6000,3,1,3,5,1,1,1,1,1,1
SF,IH2007,2020-06-09 09:34:24.900,2846.0000,7336,0,78480780.000,0,-,-,-,-,2845.4000,2845.2000,2845.0000,2844.8000,2844.6000,2846.8000,2847.0000,2847.4000,2848.0000,2848.6000,3,1,3,5,1,1,1,1,1,1
SF,IH2007,2020-06-09 09:34:25.400,2846.0000,7336,0,78480780.000,0,-,-,-,-,2845.6000,2845.4000,2845.2000,2845.0000,2844.8000,2846.8000,2847.0000,2847.4000,2848.0000,2848.6000,1,3,1,3,4,1,1,1,1,1
SF,IH2007,2020-06-09 09:34:25.900,2846.0000,7336,0,78480780.000,0,-,-,-,-,2845.6000,2845.4000,2845.2000,2845.0000,2844.8000,2846.8000,2847.0000,2847.4000,2848.0000,2848.6000,4,3,1,3,2,1,1,1,1,1
SF,IH2007,2020-06-09 09:34:26.400,2846.0000,7336,0,78480780.000,0,-,-,-,-,2845.6000,2845.4000,2845.2000,2845.0000,2844.8000,2846.8000,2847.0000,2847.4000,2848.0000,2848.6000,3,3,1,3,2,1,1,1,1,1
SF,IH2007,2020-06-09 09:34:26.900,2846.0000,7336,0,78480780.000,0,-,-,-,-,2845.6000,2845.4000,2845.2000,2845.0000,2844.8000,2846.8000,2847.0000,2847.4000,2847.8000,2848.0000,3,3,1,3,2,1,1,1,1,1
SF,IH2007,2020-06-09 09:34:27.400,2846.0000,7336,0,78480780.000,0,-,-,-,-,2845.6000,2845.4000,2845.2000,2845.0000,2844.8000,2846.8000,2847.0000,2847.4000,2847.8000,2848.0000,3,3,1,3,2,1,1,1,1,1
SF,IH2007,2020-06-09 09:34:27.900,2846.0000,7336,0,78480780.000,0,-,-,-,-,2845.8000,2845.6000,2845.4000,2845.2000,2845.0000,2846.8000,2847.0000,2847.4000,2847.8000,2848.0000,1,3,3,1,3,1,1,1,1,1
SF,IH2007,2020-06-09 09:34:28.400,2846.0000,7336,0,78480780.000,0,-,-,-,-,2845.8000,2845.6000,2845.4000,2845.2000,2845.0000,2846.8000,2847.0000,2847.4000,2847.8000,2848.0000,1,3,3,1,3,1,1,1,1,1
SF,IH2007,2020-06-09 09:34:28.900,2846.0000,7336,0,78480780.000,0,-,-,-,-,2845.8000,2845.6000,2845.4000,2845.2000,2845.0000,2846.8000,2847.0000,2847.4000,2847.8000,2848.0000,1,3,3,1,3,1,1,1,1,1
SF,IH2007,2020-06-09 09:34:29.400,2846.0000,7336,0,78480780.000,0,-,-,-,-,2846.0000,2845.8000,2845.6000,2845.4000,2845.2000,2846.8000,2847.0000,2847.4000,2847.8000,2848.0000,1,1,3,3,1,1,1,1,1,1
SF,IH2007,2020-06-09 09:34:29.900,2846.0000,7336,0,78480780.000,0,-,-,-,-,2846.0000,2845.8000,2845.0000,2844.8000,2844.2000,2846.8000,2847.0000,2847.4000,2847.8000,2848.0000,3,1,1,2,1,1,1,1,1,1
SF,IH2007,2020-06-09 09:34:30.400,2846.0000,7336,0,78480780.000,0,-,-,-,-,2846.4000,2846.2000,2846.0000,2845.8000,2845.0000,2846.8000,2847.0000,2847.4000,2847.8000,2848.0000,3,1,2,1,1,1,1,1,1,1
SF,IH2007,2020-06-09 09:34:30.900,2846.0000,7336,0,78480780.000,0,-,-,-,-,2846.4000,2846.2000,2846.0000,2845.0000,2844.8000,2846.8000,2847.0000,2847.4000,2847.8000,2848.0000,3,1,2,1,2,1,1,1,1,1
SF,IH2007,2020-06-09 09:34:32.400,2846.0000,7336,0,78480780.000,0,-,-,-,-,2846.0000,2845.0000,2844.8000,2844.2000,2843.2000,2846.8000,2847.0000,2847.4000,2847.8000,2848.0000,2,1,2,1,1,1,1,1,1,1
SF,IH2007,2020-06-09 09:34:32.900,2846.0000,7336,0,78480780.000,0,-,-,-,-,2846.2000,2846.0000,2844.8000,2844.2000,2843.2000,2846.8000,2847.0000,2847.4000,2847.8000,2848.0000,3,2,2,1,1,1,1,1,1,1
SF,IH2007,2020-06-09 09:34:33.400,2846.0000,7336,0,78480780.000,0,-,-,-,-,2846.2000,2846.0000,2844.8000,2844.2000,2843.2000,2846.4000,2846.8000,2847.0000,2847.4000,2847.8000,3,2,2,1,1,2,1,1,1,1
SF,IH2007,2020-06-09 09:34:33.900,2847.0000,7333,-3,81896760.000,4,0,4,多平,S,2846.4000,2846.2000,2846.0000,2844.8000,2844.2000,2847.4000,2847.8000,2848.0000,2848.6000,2849.8000,1,4,2,2,1,1,1,2,1,1
SF,IH2007,2020-06-09 09:34:34.400,2847.0000,7333,0,81896760.000,0,-,-,-,-,2846.4000,2846.2000,2844.8000,2843.2000,2842.8000,2847.4000,2847.8000,2848.0000,2848.6000,2849.2000,1,3,2,1,1,1,1,2,1,1
SF,IH2007,2020-06-09 09:34:34.900,2847.0000,7333,0,81896760.000,0,-,-,-,-,2846.2000,2844.8000,2843.2000,2842.8000,2842.4000,2847.4000,2847.8000,2848.0000,2848.6000,2849.2000,3,2,1,1,6,1,1,2,1,1
SF,IH2007,2020-06-09 09:34:40.900,2847.0000,7333,0,81896760.000,0,-,-,-,-,2844.8000,2843.2000,2842.8000,2842.4000,2842.0000,2847.4000,2847.8000,2848.0000,2848.6000,2849.2000,2,1,1,6,1,1,1,2,1,1
SF,IH2007,2020-06-09 09:34:41.400,2847.0000,7333,0,81896760.000,0,-,-,-,-,2845.8000,2845.4000,2845.0000,2844.8000,2842.8000,2847.4000,2847.8000,2848.0000,2848.6000,2849.2000,3,2,12,3,1,1,1,2,1,1
SF,IH2007,2020-06-09 09:34:41.900,2847.0000,7333,0,81896760.000,0,-,-,-,-,2845.8000,2845.6000,2845.4000,2845.0000,2844.8000,2847.4000,2847.8000,2848.0000,2848.6000,2849.2000,3,1,2,11,3,1,1,2,1,1
SF,IH2007,2020-06-09 09:34:42.400,2847.0000,7333,0,81896760.000,0,-,-,-,-,2845.0000,2844.8000,2842.8000,2842.4000,2842.0000,2847.4000,2847.8000,2848.0000,2848.6000,2849.2000,9,1,1,1,1,1,1,2,1,1
SF,IH2007,2020-06-09 09:34:42.900,2847.0000,7333,0,81896760.000,0,-,-,-,-,2845.8000,2845.4000,2845.0000,2844.8000,2842.8000,2847.4000,2847.8000,2848.0000,2848.6000,2849.2000,3,1,9,1,1,1,1,2,1,1
SF,IH2007,2020-06-09 09:34:43.400,2847.0000,7333,0,81896760.000,0,-,-,-,-,2845.0000,2844.8000,2842.8000,2842.4000,2842.0000,2847.4000,2847.8000,2848.0000,2848.6000,2849.2000,9,1,1,1,1,1,1,2,1,1
SF,IH2007,2020-06-09 09:34:43.900,2847.0000,7333,0,81896760.000,0,-,-,-,-,2845.2000,2845.0000,2842.8000,2842.4000,2842.0000,2847.2000,2847.4000,2847.8000,2848.0000,2848.6000,3,6,1,1,1,1,1,1,2,1
SF,IH2007,2020-06-09 09:34:44.400,2847.0000,7333,0,81896760.000,0,-,-,-,-,2842.8000,2842.4000,2842.0000,2840.6000,2840.2000,2847.2000,2847.4000,2847.8000,2848.0000,2848.6000,1,1,1,1,2,1,2,1,2,1
SF,IH2007,2020-06-09 09:34:44.900,2847.0000,7333,0,81896760.000,0,-,-,-,-,2844.2000,2843.8000,2843.4000,2843.0000,2842.8000,2847.0000,2847.2000,2847.4000,2847.8000,2848.0000,3,3,1,13,2,1,1,2,1,2
SF,IH2007,2020-06-09 09:34:45.400,2847.0000,7333,0,81896760.000,0,-,-,-,-,2844.4000,2844.2000,2843.8000,2843.4000,2843.0000,2847.0000,2847.2000,2847.4000,2847.8000,2848.0000,2,3,2,1,13,2,1,1,1,2
SF,IH2007,2020-06-09 09:34:45.900,2847.0000,7333,0,81896760.000,0,-,-,-,-,2844.4000,2844.2000,2843.8000,2843.4000,2843.0000,2847.0000,2847.2000,2847.4000,2847.8000,2848.0000,4,3,2,1,11,1,1,1,1,2
SF,IH2007,2020-06-09 09:34:46.400,2847.0000,7333,0,81896760.000,0,-,-,-,-,2844.6000,2844.4000,2844.2000,2843.8000,2843.4000,2847.0000,2847.4000,2847.8000,2848.0000,2848.6000,2,1,3,2,1,1,1,1,2,1
SF,IH2007,2020-06-09 09:34:47.400,2847.0000,7333,0,81896760.000,0,-,-,-,-,2844.6000,2844.2000,2843.8000,2843.4000,2843.0000,2846.6000,2847.0000,2847.4000,2847.8000,2848.0000,2,3,2,1,10,1,1,1,1,2
SF,IH2007,2020-06-09 09:34:47.900,2847.0000,7333,0,81896760.000,0,-,-,-,-,2844.6000,2844.2000,2843.8000,2843.4000,2843.0000,2846.6000,2846.8000,2847.0000,2847.4000,2847.8000,1,3,2,1,10,1,1,1,1,1
SF,IH2007,2020-06-09 09:34:48.400,2847.0000,7333,0,81896760.000,0,-,-,-,-,2844.2000,2843.8000,2843.4000,2843.0000,2842.8000,2846.6000,2847.0000,2847.4000,2847.8000,2848.0000,3,2,1,10,2,1,1,1,1,2
SF,IH2007,2020-06-09 09:34:48.900,2847.0000,7333,0,81896760.000,0,-,-,-,-,2844.4000,2843.4000,2843.0000,2842.8000,2842.4000,2846.4000,2846.6000,2847.4000,2847.8000,2848.0000,3,1,7,2,1,1,2,1,1,2
SF,IH2007,2020-06-09 09:34:49.400,2847.0000,7333,0,81896760.000,0,-,-,-,-,2844.4000,2843.4000,2843.0000,2842.8000,2842.4000,2846.2000,2846.4000,2846.6000,2847.4000,2847.8000,3,1,7,2,1,1,1,1,1,1
SF,IH2007,2020-06-09 09:34:49.900,2847.0000,7333,0,81896760.000,0,-,-,-,-,2844.4000,2843.4000,2843.0000,2842.8000,2842.4000,2846.2000,2846.4000,2846.6000,2847.4000,2847.8000,3,1,7,2,1,1,1,1,1,1
SF,IH2007,2020-06-09 09:34:50.400,2847.0000,7333,0,81896760.000,0,-,-,-,-,2844.4000,2843.4000,2843.0000,2842.8000,2842.4000,2846.2000,2846.4000,2846.6000,2847.4000,2847.8000,3,1,7,2,1,1,2,1,1,1
SF,IH2007,2020-06-09 09:34:50.900,2847.0000,7333,0,81896760.000,0,-,-,-,-,2844.4000,2843.4000,2843.0000,2842.8000,2842.4000,2846.2000,2846.4000,2846.6000,2847.4000,2847.8000,1,1,7,2,1,1,1,1,1,1
SF,IH2007,2020-06-09 09:34:51.400,2847.0000,7333,0,81896760.000,0,-,-,-,-,2843.4000,2843.0000,2842.8000,2842.4000,2842.0000,2846.2000,2846.4000,2846.6000,2847.4000,2847.8000,1,7,2,1,1,2,1,1,1,1
SF,IH2007,2020-06-09 09:34:51.900,2844.0000,7332,-1,82749960.000,1,0,1,双平,S,2844.0000,2843.6000,2843.4000,2843.0000,2842.8000,2846.2000,2846.4000,2846.6000,2847.4000,2847.8000,2,11,2,4,1,2,1,1,1,1
SF,IH2007,2020-06-09 09:34:52.400,2844.0000,7332,0,82749960.000,0,-,-,-,-,2844.0000,2843.6000,2843.4000,2843.0000,2842.8000,2844.4000,2846.0000,2846.2000,2846.4000,2846.6000,2,9,2,4,1,1,1,1,1,1
SF,IH2007,2020-06-09 09:34:52.900,2844.4000,7331,-1,83603280.000,1,0,1,双平,S,2844.8000,2844.0000,2843.6000,2843.4000,2843.0000,2846.0000,2846.4000,2846.6000,2847.8000,2848.0000,1,2,9,1,4,1,1,1,1,1
SF,IH2007,2020-06-09 09:34:53.400,2844.4000,7331,0,83603280.000,0,-,-,-,-,2844.0000,2843.6000,2843.4000,2843.0000,2842.8000,2846.0000,2846.4000,2846.6000,2847.8000,2848.0000,2,9,1,4,1,1,1,1,1,1
SF,IH2007,2020-06-09 09:34:53.900,2844.4000,7331,0,83603280.000,0,-,-,-,-,2844.2000,2844.0000,2843.6000,2843.4000,2843.0000,2846.0000,2846.4000,2846.6000,2847.8000,2848.0000,1,2,8,1,4,1,1,1,1,1
SF,IH2007,2020-06-09 09:34:54.400,2844.4000,7331,0,83603280.000,0,-,-,-,-,2844.2000,2844.0000,2843.6000,2843.4000,2843.0000,2845.8000,2846.0000,2846.4000,2846.6000,2847.8000,1,2,8,1,4,1,1,1,1,1
SF,IH2007,2020-06-09 09:34:54.900,2844.4000,7331,0,83603280.000,0,-,-,-,-,2844.2000,2843.6000,2843.4000,2843.0000,2842.8000,2845.8000,2846.0000,2846.4000,2847.8000,2848.0000,1,6,1,3,1,1,1,1,1,1
SF,IH2007,2020-06-09 09:34:55.900,2844.4000,7331,0,83603280.000,0,-,-,-,-,2844.2000,2843.6000,2843.4000,2843.0000,2842.8000,2845.8000,2846.4000,2847.8000,2848.0000,2849.8000,1,4,1,3,1,1,1,1,1,1
SF,IH2007,2020-06-09 09:34:56.400,2844.4000,7331,0,83603280.000,0,-,-,-,-,2843.6000,2843.4000,2843.0000,2842.8000,2842.4000,2844.2000,2845.8000,2846.4000,2847.8000,2848.0000,4,1,3,1,1,1,1,1,1,1
SF,IH2007,2020-06-09 09:34:56.900,2844.2000,7331,0,84456540.000,1,0,1,多换,S,2843.6000,2843.0000,2842.8000,2842.4000,2842.0000,2845.8000,2846.4000,2847.8000,2848.0000,2849.8000,3,3,1,1,1,2,1,1,1,1
SF,IH2007,2020-06-09 09:34:57.400,2844.2000,7331,0,84456540.000,0,-,-,-,-,2843.6000,2843.0000,2842.8000,2842.4000,2842.0000,2845.6000,2845.8000,2846.4000,2847.8000,2848.0000,1,1,1,1,1,1,2,1,1,1
SF,IH2007,2020-06-09 09:34:57.900,2844.2000,7331,0,84456540.000,0,-,-,-,-,2843.0000,2842.8000,2842.4000,2842.0000,2840.6000,2845.4000,2845.6000,2845.8000,2846.4000,2847.8000,1,1,1,1,1,1,2,1,1,1
SF,IH2007,2020-06-09 09:34:58.400,2844.2000,7331,0,84456540.000,0,-,-,-,-,2843.2000,2842.4000,2842.0000,2840.6000,2840.2000,2845.4000,2845.6000,2845.8000,2846.4000,2847.8000,4,1,1,1,2,2,2,1,1,1
SF,IH2007,2020-06-09 09:34:58.900,2844.2000,7331,0,84456540.000,0,-,-,-,-,2843.2000,2842.4000,2842.0000,2840.6000,2840.2000,2845.4000,2845.6000,2845.8000,2846.4000,2847.8000,6,1,1,1,2,2,2,1,1,1
SF,IH2007,2020-06-09 09:34:59.400,2844.2000,7331,0,84456540.000,0,-,-,-,-,2843.2000,2842.4000,2842.0000,2840.6000,2840.2000,2845.4000,2845.8000,2846.4000,2847.8000,2848.0000,6,1,1,1,2,2,1,1,1,1
SF,IH2007,2020-06-09 09:35:00.400,2844.2000,7331,0,84456540.000,0,-,-,-,-,2843.4000,2843.2000,2842.4000,2842.0000,2840.6000,2845.4000,2845.8000,2846.4000,2847.8000,2848.0000,1,9,1,1,1,2,1,1,1,1
SF,IH2007,2020-06-09 09:35:00.900,2844.2000,7331,0,84456540.000,0,-,-,-,-,2843.2000,2842.4000,2842.0000,2840.6000,2840.2000,2845.4000,2845.8000,2846.4000,2847.8000,2848.0000,4,1,1,1,2,2,1,1,1,1
SF,IH2007,2020-06-09 09:35:01.900,2844.2000,7331,0,84456540.000,0,-,-,-,-,2843.2000,2842.4000,2842.0000,2840.6000,2840.2000,2845.4000,2845.8000,2846.4000,2847.8000,2848.0000,4,1,1,1,2,1,1,1,1,1
SF,IH2007,2020-06-09 09:35:02.400,2844.2000,7331,0,84456540.000,0,-,-,-,-,2843.6000,2843.4000,2843.2000,2842.4000,2842.0000,2845.2000,2845.4000,2845.8000,2846.4000,2847.8000,2,1,7,1,1,1,1,1,1,1
SF,IH2007,2020-06-09 09:35:02.900,2844.2000,7331,0,84456540.000,0,-,-,-,-,2843.2000,2842.4000,2842.0000,2840.6000,2840.2000,2845.2000,2845.4000,2845.8000,2846.4000,2847.8000,4,1,1,1,2,1,1,1,1,1
SF,IH2007,2020-06-09 09:35:03.400,2844.2000,7331,0,84456540.000,0,-,-,-,-,2843.4000,2843.2000,2842.4000,2842.0000,2840.6000,2845.4000,2845.8000,2846.4000,2847.8000,2848.0000,2,6,1,1,1,1,1,1,1,1
SF,IH2007,2020-06-09 09:35:03.900,2844.2000,7331,0,84456540.000,0,-,-,-,-,2843.6000,2843.4000,2843.2000,2842.4000,2842.0000,2845.4000,2845.8000,2846.4000,2847.8000,2848.0000,1,2,5,1,1,1,1,1,1,1
SF,IH2007,2020-06-09 09:35:04.400,2844.2000,7331,0,84456540.000,0,-,-,-,-,2843.8000,2843.6000,2843.4000,2843.2000,2842.4000,2845.4000,2845.8000,2846.4000,2847.8000,2848.0000,1,1,1,5,1,1,1,1,1,1
SF,IH2007,2020-06-09 09:35:05.400,2844.2000,7331,0,84456540.000,0,-,-,-,-,2843.8000,2843.6000,2843.4000,2843.2000,2842.4000,2845.4000,2845.8000,2846.4000,2847.8000,2848.0000,1,1,1,5,1,1,1,1,1,1
SF,IH2007,2020-06-09 09:35:05.900,2844.2000,7331,0,84456540.000,0,-,-,-,-,2843.8000,2843.6000,2843.4000,2843.2000,2842.4000,2845.4000,2846.4000,2847.8000,2848.0000,2849.8000,1,1,1,5,1,1,1,1,1,1
SF,IH2007,2020-06-09 09:35:06.400,2844.2000,7331,0,84456540.000,0,-,-,-,-,2843.8000,2843.6000,2843.4000,2843.2000,2842.4000,2845.4000,2846.4000,2847.8000,2848.0000,2849.8000,1,1,1,5,1,1,1,1,1,1
SF,IH2007,2020-06-09 09:35:06.900,2844.2000,7331,0,84456540.000,0,-,-,-,-,2843.8000,2843.6000,2843.4000,2843.2000,2842.4000,2845.4000,2846.4000,2847.8000,2848.0000,2849.8000,1,1,1,5,1,1,1,1,1,1
SF,IH2007,2020-06-09 09:35:07.400,2844.2000,7331,0,84456540.000,0,-,-,-,-,2843.8000,2843.6000,2843.4000,2843.2000,2842.4000,2845.4000,2846.4000,2847.8000,2848.0000,2849.8000,1,1,1,5,1,1,1,1,1,1
SF,IH2007,2020-06-09 09:35:07.900,2844.2000,7331,0,84456540.000,0,-,-,-,-,2844.0000,2843.8000,2843.4000,2843.2000,2842.4000,2846.4000,2847.8000,2848.0000,2849.8000,2851.0000,5,1,1,2,1,1,1,1,1,1
SF,IH2007,2020-06-09 09:35:08.400,2844.2000,7331,0,84456540.000,0,-,-,-,-,2844.2000,2844.0000,2843.4000,2843.2000,2842.4000,2846.2000,2847.8000,2848.0000,2849.8000,2851.0000,1,5,1,2,1,1,1,1,1,1
SF,IH2007,2020-06-09 09:35:08.900,2844.2000,7331,0,84456540.000,0,-,-,-,-,2844.2000,2844.0000,2843.4000,2843.2000,2842.4000,2846.2000,2847.8000,2848.0000,2849.8000,2851.0000,1,4,1,2,1,1,1,1,1,1
SF,IH2007,2020-06-09 09:35:09.400,2844.2000,7331,0,84456540.000,0,-,-,-,-,2844.2000,2844.0000,2843.4000,2843.2000,2842.4000,2846.2000,2847.8000,2848.0000,2849.8000,2851.0000,1,4,1,2,1,1,1,1,1,1
SF,IH2007,2020-06-09 09:35:10.400,2844.2000,7331,0,84456540.000,0,-,-,-,-,2844.2000,2844.0000,2843.4000,2843.2000,2842.4000,2846.0000,2846.2000,2847.8000,2848.0000,2849.8000,1,4,1,2,1,2,1,1,1,1
SF,IH2007,2020-06-09 09:35:10.900,2844.2000,7331,0,84456540.000,0,-,-,-,-,2844.2000,2844.0000,2843.4000,2843.2000,2842.4000,2845.8000,2846.0000,2847.8000,2848.0000,2849.8000,1,4,1,2,1,1,2,1,1,1
SF,IH2007,2020-06-09 09:35:11.400,2844.2000,7331,0,84456540.000,0,-,-,-,-,2844.2000,2844.0000,2843.4000,2843.2000,2842.4000,2845.8000,2846.0000,2847.8000,2848.0000,2849.8000,1,3,1,2,1,1,2,1,1,1
SF,IH2007,2020-06-09 09:35:12.400,2844.2000,7331,0,84456540.000,0,-,-,-,-,2844.2000,2844.0000,2843.4000,2843.2000,2842.4000,2845.8000,2846.0000,2847.8000,2848.0000,2849.8000,1,3,1,2,1,1,1,1,1,1
SF,IH2007,2020-06-09 09:35:12.900,2844.2000,7331,0,84456540.000,0,-,-,-,-,2844.2000,2844.0000,2843.4000,2843.2000,2842.4000,2845.6000,2845.8000,2846.0000,2847.8000,2848.0000,1,3,1,2,1,1,1,1,1,1
SF,IH2007,2020-06-09 09:35:13.400,2844.2000,7331,0,84456540.000,0,-,-,-,-,2844.2000,2844.0000,2843.4000,2843.2000,2842.4000,2845.4000,2845.6000,2847.8000,2848.0000,2849.8000,1,3,1,2,1,1,1,1,1,1
SF,IH2007,2020-06-09 09:35:13.900,2844.2000,7331,0,84456540.000,0,-,-,-,-,2844.0000,2843.4000,2843.2000,2842.4000,2842.0000,2845.4000,2845.6000,2847.8000,2848.0000,2849.8000,1,1,2,1,1,1,1,1,1,1
SF,IH2007,2020-06-09 09:35:14.400,2844.2000,7331,0,84456540.000,0,-,-,-,-,2843.4000,2843.2000,2842.4000,2842.0000,2840.6000,2845.4000,2847.8000,2848.0000,2849.8000,2851.0000,1,2,1,1,1,1,1,1,1,1
SF,IH2007,2020-06-09 09:35:14.900,2844.2000,7331,0,84456540.000,0,-,-,-,-,2843.6000,2843.4000,2843.2000,2842.4000,2842.0000,2845.4000,2847.8000,2848.0000,2849.8000,2851.0000,6,2,2,1,1,1,1,1,1,1
SF,IH2007,2020-06-09 09:35:15.400,2844.2000,7331,0,84456540.000,0,-,-,-,-,2843.6000,2843.4000,2843.2000,2842.4000,2842.0000,2845.4000,2847.8000,2848.0000,2849.8000,2851.0000,6,2,2,1,1,1,1,1,1,1
SF,IH2007,2020-06-09 09:35:16.400,2844.2000,7331,0,84456540.000,0,-,-,-,-,2843.8000,2843.6000,2843.4000,2843.2000,2842.4000,2845.4000,2847.8000,2848.0000,2849.8000,2851.0000,1,6,2,2,1,1,1,1,1,1
SF,IH2007,2020-06-09 09:35:16.900,2844.2000,7331,0,84456540.000,0,-,-,-,-,2843.8000,2843.6000,2843.4000,2843.2000,2842.4000,2845.4000,2847.8000,2848.0000,2849.8000,2851.0000,1,6,2,2,1,1,1,1,1,1
SF,IH2007,2020-06-09 09:35:17.400,2844.2000,7331,0,84456540.000,0,-,-,-,-,2843.8000,2843.6000,2843.4000,2843.2000,2842.4000,2845.4000,2847.8000,2848.0000,2849.8000,2851.0000,1,6,2,2,1,1,1,1,1,1
SF,IH2007,2020-06-09 09:35:17.900,2844.2000,7331,0,84456540.000,0,-,-,-,-,2844.0000,2843.8000,2843.6000,2843.4000,2843.2000,2845.4000,2847.8000,2848.0000,2849.8000,2851.0000,3,1,3,2,2,1,1,1,1,1
SF,IH2007,2020-06-09 09:35:18.900,2844.2000,7331,0,84456540.000,0,-,-,-,-,2844.0000,2843.8000,2843.6000,2843.4000,2843.2000,2845.4000,2847.8000,2848.0000,2849.8000,2851.0000,3,1,3,2,2,1,1,2,1,1
SF,IH2007,2020-06-09 09:35:19.400,2844.2000,7331,0,84456540.000,0,-,-,-,-,2844.0000,2843.8000,2843.6000,2843.4000,2843.2000,2845.4000,2847.8000,2848.0000,2849.8000,2851.0000,3,1,2,2,2,1,1,2,1,1
SF,IH2007,2020-06-09 09:35:19.900,2844.2000,7331,0,84456540.000,0,-,-,-,-,2844.0000,2843.8000,2843.6000,2843.4000,2843.2000,2845.2000,2845.4000,2847.8000,2848.0000,2849.8000,3,1,2,2,2,2,1,1,2,1
SF,IH2007,2020-06-09 09:35:20.400,2844.2000,7331,0,84456540.000,0,-,-,-,-,2844.0000,2843.8000,2843.6000,2843.4000,2843.2000,2845.2000,2845.4000,2847.8000,2848.0000,2849.8000,1,1,2,2,2,2,1,1,2,1
SF,IH2007,2020-06-09 09:35:20.900,2844.2000,7331,0,84456540.000,0,-,-,-,-,2844.0000,2843.8000,2843.6000,2843.4000,2843.2000,2845.0000,2845.2000,2845.4000,2847.8000,2848.0000,1,1,2,2,2,1,2,1,1,2
SF,IH2007,2020-06-09 09:35:21.900,2844.2000,7331,0,84456540.000,0,-,-,-,-,2844.0000,2843.6000,2843.4000,2843.2000,2842.4000,2845.0000,2845.2000,2845.4000,2847.8000,2848.0000,1,2,2,2,1,1,2,1,1,2
SF,IH2007,2020-06-09 09:35:23.400,2844.2000,7331,0,84456540.000,0,-,-,-,-,2843.6000,2843.4000,2843.2000,2842.4000,2842.0000,2845.0000,2845.2000,2845.4000,2847.8000,2848.0000,2,2,2,1,1,1,2,1,1,2
SF,IH2007,2020-06-09 09:35:23.900,2844.2000,7331,0,84456540.000,0,-,-,-,-,2843.8000,2843.6000,2843.4000,2843.2000,2842.4000,2845.0000,2845.2000,2845.4000,2847.8000,2848.0000,2,1,2,2,1,1,2,1,1,2
SF,IH2007,2020-06-09 09:35:24.400,2844.2000,7331,0,84456540.000,0,-,-,-,-,2843.8000,2843.6000,2843.4000,2843.2000,2842.4000,2845.0000,2845.2000,2845.4000,2847.8000,2848.0000,2,1,2,2,1,1,2,1,1,2
SF,IH2007,2020-06-09 09:35:25.400,2844.2000,7331,0,84456540.000,0,-,-,-,-,2843.8000,2843.6000,2843.4000,2843.2000,2842.4000,2845.0000,2845.2000,2845.4000,2847.8000,2848.0000,2,1,2,2,1,1,2,1,1,2
SF,IH2007,2020-06-09 09:35:26.900,2844.2000,7331,0,84456540.000,0,-,-,-,-,2844.0000,2843.8000,2843.6000,2843.4000,2843.2000,2845.0000,2845.4000,2847.8000,2848.0000,2849.8000,1,1,1,2,2,1,1,1,2,1
SF,IH2007,2020-06-09 09:35:27.400,2845.0000,7330,-1,85310040.000,1,0,1,双平,S,2844.0000,2843.8000,2843.6000,2843.4000,2843.2000,2845.4000,2847.8000,2848.0000,2849.8000,2851.0000,1,1,1,2,2,1,1,2,1,1
SF,IH2007,2020-06-09 09:35:27.900,2845.0000,7330,0,85310040.000,0,-,-,-,-,2844.0000,2843.8000,2843.6000,2843.4000,2843.2000,2845.0000,2845.4000,2847.8000,2848.0000,2849.8000,1,1,1,2,2,2,1,1,2,1
SF,IH2007,2020-06-09 09:35:28.400,2845.4000,7328,-2,87870660.000,3,0,3,多平,S,2845.0000,2844.2000,2844.0000,2843.6000,2843.4000,2847.8000,2848.0000,2849.8000,2851.0000,2852.0000,1,1,1,1,2,1,2,1,1,2
SF,IH2007,2020-06-09 09:35:28.900,2845.4000,7328,0,87870660.000,0,-,-,-,-,2845.2000,2845.0000,2844.2000,2843.6000,2843.4000,2847.0000,2847.2000,2847.4000,2847.6000,2847.8000,1,1,1,1,2,3,1,1,11,2
SF,IH2007,2020-06-09 09:35:29.400,2845.4000,7328,0,87870660.000,0,-,-,-,-,2845.2000,2845.0000,2844.2000,2843.6000,2843.4000,2846.6000,2846.8000,2847.0000,2847.2000,2847.4000,1,1,1,1,2,1,1,3,1,2
SF,IH2007,2020-06-09 09:35:29.900,2845.4000,7328,0,87870660.000,0,-,-,-,-,2845.2000,2845.0000,2844.2000,2843.6000,2843.4000,2847.0000,2847.2000,2847.4000,2847.6000,2847.8000,1,1,1,1,2,3,1,1,9,2
SF,IH2007,2020-06-09 09:35:30.900,2845.4000,7328,0,87870660.000,0,-,-,-,-,2845.2000,2845.0000,2844.2000,2843.6000,2843.4000,2846.6000,2847.0000,2847.4000,2847.6000,2847.8000,1,1,1,1,2,1,3,1,9,2
SF,IH2007,2020-06-09 09:35:31.400,2845.4000,7328,0,87870660.000,0,-,-,-,-,2845.2000,2845.0000,2844.2000,2843.6000,2843.4000,2846.6000,2847.0000,2847.6000,2847.8000,2848.0000,1,1,1,1,2,1,3,8,2,2
SF,IH2007,2020-06-09 09:35:31.900,2845.4000,7328,0,87870660.000,0,-,-,-,-,2845.2000,2845.0000,2844.2000,2843.6000,2843.4000,2847.6000,2847.8000,2848.0000,2849.8000,2850.0000,1,1,1,1,2,8,2,2,1,1
SF,IH2007,2020-06-09 09:35:32.400,2845.4000,7328,0,87870660.000,0,-,-,-,-,2845.2000,2845.0000,2844.2000,2843.6000,2843.4000,2847.4000,2847.6000,2847.8000,2848.0000,2849.8000,1,1,1,1,2,4,8,2,2,1
SF,IH2007,2020-06-09 09:35:32.900,2845.4000,7328,0,87870660.000,0,-,-,-,-,2845.2000,2845.0000,2844.2000,2843.6000,2843.4000,2847.4000,2847.6000,2847.8000,2848.0000,2849.8000,1,1,1,1,2,4,7,2,2,1
SF,IH2007,2020-06-09 09:35:33.400,2845.4000,7328,0,87870660.000,0,-,-,-,-,2845.2000,2845.0000,2844.2000,2843.6000,2843.4000,2847.4000,2847.6000,2847.8000,2848.0000,2849.8000,1,1,1,1,2,4,6,1,2,1
SF,IH2007,2020-06-09 09:35:33.900,2845.4000,7328,0,87870660.000,0,-,-,-,-,2845.2000,2845.0000,2844.2000,2843.6000,2843.4000,2847.2000,2847.4000,2847.6000,2847.8000,2848.0000,1,1,1,1,2,1,1,5,1,2
SF,IH2007,2020-06-09 09:35:34.400,2845.4000,7328,0,87870660.000,0,-,-,-,-,2845.2000,2845.0000,2844.2000,2843.6000,2843.4000,2847.4000,2847.6000,2847.8000,2848.0000,2849.8000,3,1,1,1,2,1,5,1,2,1
SF,IH2007,2020-06-09 09:35:34.900,2845.4000,7328,0,87870660.000,0,-,-,-,-,2845.2000,2845.0000,2844.2000,2843.6000,2843.4000,2847.4000,2847.6000,2847.8000,2848.0000,2849.8000,3,1,1,1,2,1,2,1,2,1
SF,IH2007,2020-06-09 09:35:35.900,2845.4000,7328,0,87870660.000,0,-,-,-,-,2845.2000,2845.0000,2844.2000,2843.6000,2843.4000,2847.4000,2847.8000,2848.0000,2849.8000,2850.0000,3,1,1,1,2,1,1,2,1,1
SF,IH2007,2020-06-09 09:35:36.400,2845.4000,7328,0,87870660.000,0,-,-,-,-,2845.2000,2845.0000,2844.2000,2843.6000,2843.4000,2847.8000,2848.0000,2849.8000,2850.0000,2851.0000,4,1,1,1,2,1,2,1,1,1
SF,IH2007,2020-06-09 09:35:36.900,2845.4000,7328,0,87870660.000,0,-,-,-,-,2845.4000,2845.2000,2845.0000,2844.2000,2843.4000,2847.8000,2848.0000,2849.8000,2850.0000,2851.0000,3,7,1,1,2,1,2,1,1,1
SF,IH2007,2020-06-09 09:35:37.400,2845.4000,7328,0,87870660.000,0,-,-,-,-,2845.6000,2845.4000,2845.2000,2845.0000,2843.4000,2847.8000,2848.0000,2849.8000,2850.0000,2851.0000,1,2,6,1,2,1,2,1,1,1
SF,IH2007,2020-06-09 09:35:40.400,2845.4000,7328,0,87870660.000,0,-,-,-,-,2845.8000,2845.6000,2845.2000,2845.0000,2843.4000,2847.8000,2848.0000,2849.8000,2850.0000,2851.0000,4,1,6,1,1,1,2,1,1,1
SF,IH2007,2020-06-09 09:35:40.900,2845.4000,7328,0,87870660.000,0,-,-,-,-,2846.0000,2845.8000,2845.2000,2845.0000,2842.4000,2847.8000,2848.0000,2849.8000,2850.0000,2851.0000,1,3,6,1,1,1,2,1,1,1
SF,IH2007,2020-06-09 09:35:42.400,2845.4000,7328,0,87870660.000,0,-,-,-,-,2846.0000,2845.8000,2845.2000,2845.0000,2842.4000,2847.8000,2848.0000,2849.8000,2850.0000,2851.0000,1,4,6,1,1,1,2,1,1,1
SF,IH2007,2020-06-09 09:35:42.900,2845.4000,7328,0,87870660.000,0,-,-,-,-,2846.0000,2845.8000,2845.2000,2845.0000,2842.4000,2847.8000,2848.0000,2849.8000,2850.0000,2851.0000,1,4,6,1,1,1,2,1,1,1
SF,IH2007,2020-06-09 09:35:43.400,2845.4000,7328,0,87870660.000,0,-,-,-,-,2846.0000,2845.8000,2845.2000,2845.0000,2842.4000,2847.8000,2848.0000,2849.8000,2850.0000,2851.0000,1,4,4,1,1,1,2,1,1,1
SF,IH2007,2020-06-09 09:35:43.900,2845.4000,7328,0,87870660.000,0,-,-,-,-,2846.2000,2846.0000,2845.8000,2845.2000,2845.0000,2847.8000,2848.0000,2849.8000,2850.0000,2851.0000,2,1,4,4,1,1,2,1,1,1
SF,IH2007,2020-06-09 09:35:44.400,2845.4000,7328,0,87870660.000,0,-,-,-,-,2846.2000,2846.0000,2845.8000,2845.0000,2842.4000,2847.8000,2848.0000,2849.8000,2850.0000,2851.0000,4,2,4,1,1,1,2,1,1,1
SF,IH2007,2020-06-09 09:35:44.900,2845.4000,7328,0,87870660.000,0,-,-,-,-,2846.2000,2846.0000,2845.8000,2845.0000,2842.4000,2847.8000,2848.0000,2849.8000,2850.0000,2851.0000,2,2,4,1,1,1,2,1,1,1
SF,IH2007,2020-06-09 09:35:45.400,2845.4000,7328,0,87870660.000,0,-,-,-,-,2846.2000,2846.0000,2845.8000,2845.0000,2842.4000,2847.8000,2848.0000,2849.8000,2850.0000,2851.0000,2,2,4,1,1,1,2,1,1,1
SF,IH2007,2020-06-09 09:35:45.900,2845.4000,7328,0,87870660.000,0,-,-,-,-,2846.4000,2846.2000,2846.0000,2845.8000,2845.0000,2847.8000,2848.0000,2849.8000,2850.0000,2851.0000,3,3,2,3,1,1,2,1,1,1
SF,IH2007,2020-06-09 09:35:46.400,2845.4000,7328,0,87870660.000,0,-,-,-,-,2846.4000,2846.2000,2846.0000,2845.8000,2845.0000,2847.8000,2848.0000,2849.8000,2850.0000,2851.0000,2,3,2,3,1,1,2,1,1,1
SF,IH2007,2020-06-09 09:35:46.900,2845.4000,7328,0,87870660.000,0,-,-,-,-,2846.4000,2846.2000,2846.0000,2845.8000,2845.0000,2848.0000,2849.8000,2850.0000,2851.0000,2852.0000,2,2,2,3,1,2,1,1,1,2
SF,IH2007,2020-06-09 09:35:48.400,2845.4000,7328,0,87870660.000,0,-,-,-,-,2846.4000,2846.0000,2845.8000,2845.0000,2842.4000,2848.0000,2849.8000,2850.0000,2851.0000,2852.0000,1,2,3,1,1,2,1,1,1,2
SF,IH2007,2020-06-09 09:35:48.900,2845.4000,7328,0,87870660.000,0,-,-,-,-,2846.8000,2846.6000,2846.4000,2846.0000,2845.8000,2848.0000,2849.8000,2850.0000,2851.0000,2852.0000,2,1,1,2,3,2,1,1,1,2
SF,IH2007,2020-06-09 09:35:49.400,2845.4000,7328,0,87870660.000,0,-,-,-,-,2846.4000,2846.0000,2845.8000,2845.0000,2842.4000,2848.0000,2849.8000,2850.0000,2851.0000,2852.0000,1,1,3,1,1,2,1,1,1,2
SF,IH2007,2020-06-09 09:35:49.900,2845.4000,7328,0,87870660.000,0,-,-,-,-,2846.4000,2845.8000,2845.0000,2842.4000,2842.0000,2848.0000,2849.8000,2850.0000,2851.0000,2852.0000,1,3,1,1,1,2,1,1,1,2
SF,IH2007,2020-06-09 09:35:50.400,2845.4000,7328,0,87870660.000,0,-,-,-,-,2846.4000,2845.8000,2845.0000,2842.4000,2840.2000,2848.0000,2849.8000,2850.0000,2851.0000,2852.0000,1,3,1,1,2,2,2,1,1,2
SF,IH2007,2020-06-09 09:35:51.900,2845.4000,7328,0,87870660.000,0,-,-,-,-,2846.4000,2845.8000,2845.0000,2842.4000,2840.2000,2847.8000,2848.0000,2849.8000,2850.0000,2851.0000,1,3,1,1,2,1,2,2,1,1
SF,IH2007,2020-06-09 09:35:53.400,2845.4000,7328,0,87870660.000,0,-,-,-,-,2845.8000,2845.0000,2842.4000,2840.2000,2840.0000,2847.8000,2848.0000,2849.8000,2850.0000,2851.0000,3,1,1,2,1,1,2,2,1,1
SF,IH2007,2020-06-09 09:35:53.900,2845.4000,7328,0,87870660.000,0,-,-,-,-,2846.4000,2846.0000,2845.8000,2845.0000,2842.4000,2847.8000,2848.0000,2849.8000,2850.0000,2851.0000,2,7,3,1,1,1,2,2,1,1
SF,IH2007,2020-06-09 09:35:54.400,2845.4000,7328,0,87870660.000,0,-,-,-,-,2846.4000,2846.2000,2846.0000,2845.8000,2845.0000,2847.8000,2848.0000,2849.8000,2850.0000,2851.0000,2,1,7,3,1,1,2,2,1,1
SF,IH2007,2020-06-09 09:35:54.900,2845.4000,7328,0,87870660.000,0,-,-,-,-,2846.0000,2845.8000,2845.0000,2842.4000,2840.2000,2847.8000,2848.0000,2849.8000,2850.0000,2851.0000,3,3,1,1,2,1,2,2,1,1
SF,IH2007,2020-06-09 09:35:55.400,2845.4000,7328,0,87870660.000,0,-,-,-,-,2846.2000,2846.0000,2845.8000,2845.0000,2842.4000,2847.8000,2848.0000,2849.8000,2850.0000,2851.0000,2,3,3,1,1,1,2,2,1,1
SF,IH2007,2020-06-09 09:35:55.900,2845.4000,7328,0,87870660.000,0,-,-,-,-,2846.2000,2846.0000,2845.8000,2845.0000,2842.4000,2846.4000,2847.8000,2848.0000,2849.8000,2850.0000,2,3,2,1,1,1,1,2,2,1
SF,IH2007,2020-06-09 09:35:56.400,2846.4000,7328,0,88724580.000,1,0,1,多换,S,2846.4000,2846.2000,2846.0000,2845.8000,2845.0000,2847.8000,2848.0000,2849.8000,2850.0000,2851.0000,2,2,1,2,1,1,2,2,1,1
SF,IH2007,2020-06-09 09:35:58.400,2846.4000,7328,0,88724580.000,0,-,-,-,-,2846.8000,2846.4000,2846.2000,2846.0000,2845.8000,2847.8000,2848.0000,2849.8000,2850.0000,2851.0000,1,2,2,1,2,1,2,2,1,1
SF,IH2007,2020-06-09 09:35:58.900,2846.8000,7328,0,89578620.000,1,0,1,多换,S,2846.4000,2846.2000,2846.0000,2845.8000,2845.0000,2847.8000,2848.0000,2849.8000,2850.0000,2851.0000,2,2,1,2,1,1,2,2,1,1
SF,IH2007,2020-06-09 09:36:05.400,2847.8000,7329,1,90432960.000,1,1,0,双开,S,2846.6000,2846.4000,2846.2000,2846.0000,2845.8000,2848.0000,2849.8000,2850.0000,2851.0000,2852.0000,1,2,2,1,2,2,2,1,1,2
SF,IH2007,2020-06-09 09:36:05.900,2848.0000,7330,1,92141760.000,2,1,1,空开,S,2848.8000,2848.4000,2848.0000,2847.0000,2846.8000,2849.8000,2850.0000,2851.0000,2852.0000,2852.6000,1,1,1,4,2,2,1,1,2,1
SF,IH2007,2020-06-09 09:36:06.400,2848.4000,7330,0,93850920.000,2,1,1,多换,S,2848.0000,2847.0000,2846.8000,2846.6000,2846.4000,2848.8000,2849.4000,2849.6000,2849.8000,2850.0000,1,4,2,6,1,1,1,1,2,1
SF,IH2007,2020-06-09 09:36:06.900,2848.4000,7330,0,93850920.000,0,-,-,-,-,2848.0000,2847.0000,2846.8000,2846.6000,2846.4000,2849.4000,2849.6000,2849.8000,2850.0000,2851.0000,1,4,2,7,1,1,1,2,1,1
SF,IH2007,2020-06-09 09:36:07.900,2848.4000,7330,0,93850920.000,0,-,-,-,-,2848.2000,2848.0000,2847.0000,2846.8000,2846.6000,2849.6000,2849.8000,2850.0000,2851.0000,2852.0000,2,1,4,2,7,1,2,1,1,2
SF,IH2007,2020-06-09 09:36:08.400,2848.4000,7330,0,93850920.000,0,-,-,-,-,2848.0000,2847.0000,2846.8000,2846.6000,2846.4000,2849.6000,2849.8000,2850.0000,2851.0000,2852.0000,1,4,2,7,1,1,2,1,1,2
SF,IH2007,2020-06-09 09:36:09.400,2848.4000,7330,0,93850920.000,0,-,-,-,-,2848.2000,2848.0000,2847.0000,2846.8000,2846.6000,2849.6000,2849.8000,2850.0000,2851.0000,2852.0000,1,1,4,2,6,1,2,1,1,2
SF,IH2007,2020-06-09 09:36:10.900,2848.4000,7330,0,93850920.000,0,-,-,-,-,2848.2000,2848.0000,2847.0000,2846.8000,2846.6000,2849.6000,2849.8000,2850.0000,2851.0000,2852.0000,3,1,4,2,6,1,2,1,1,2
SF,IH2007,2020-06-09 09:36:11.900,2848.4000,7330,0,93850920.000,0,-,-,-,-,2848.2000,2848.0000,2847.0000,2846.8000,2846.6000,2848.8000,2849.6000,2849.8000,2850.0000,2851.0000,3,1,4,2,6,1,1,2,1,1
SF,IH2007,2020-06-09 09:36:12.400,2848.8000,7329,-1,94705560.000,1,0,1,双平,S,2848.8000,2848.2000,2848.0000,2847.0000,2846.8000,2849.6000,2849.8000,2850.0000,2851.0000,2852.0000,1,3,1,4,2,1,2,1,1,2
SF,IH2007,2020-06-09 09:36:13.900,2848.8000,7329,0,94705560.000,0,-,-,-,-,2848.8000,2848.2000,2848.0000,2847.0000,2846.8000,2849.6000,2849.8000,2850.0000,2851.0000,2852.0000,1,3,1,4,2,1,2,1,1,2
SF,IH2007,2020-06-09 09:36:14.400,2848.8000,7329,0,94705560.000,0,-,-,-,-,2848.8000,2848.2000,2848.0000,2847.0000,2846.8000,2849.6000,2849.8000,2850.0000,2851.0000,2852.0000,1,1,1,4,2,1,2,1,1,2
SF,IH2007,2020-06-09 09:36:16.900,2848.8000,7329,0,94705560.000,0,-,-,-,-,2849.0000,2848.8000,2848.2000,2848.0000,2847.0000,2849.6000,2849.8000,2850.0000,2851.0000,2852.0000,2,1,1,1,4,1,2,1,1,2
SF,IH2007,2020-06-09 09:36:17.400,2848.8000,7329,0,94705560.000,0,-,-,-,-,2849.0000,2848.8000,2848.2000,2848.0000,2847.0000,2849.6000,2849.8000,2850.0000,2851.0000,2852.0000,2,1,1,1,4,1,2,1,1,2
SF,IH2007,2020-06-09 09:36:17.900,2849.0000,7327,-2,96414960.000,2,0,2,双平,S,2848.8000,2848.2000,2848.0000,2847.0000,2846.8000,2849.6000,2849.8000,2850.0000,2851.0000,2852.0000,1,1,1,4,2,1,2,1,1,2
SF,IH2007,2020-06-09 09:36:18.400,2848.8000,7326,-1,97269600.000,1,0,1,双平,S,2848.2000,2848.0000,2847.0000,2846.8000,2846.6000,2849.6000,2849.8000,2850.0000,2851.0000,2852.0000,1,1,4,1,5,1,2,1,1,2
SF,IH2007,2020-06-09 09:36:18.900,2848.8000,7326,0,97269600.000,0,-,-,-,-,2848.0000,2847.0000,2846.8000,2846.6000,2842.4000,2849.6000,2849.8000,2850.0000,2851.0000,2852.0000,1,5,1,5,1,1,2,1,1,2
SF,IH2007,2020-06-09 09:36:19.400,2848.0000,7326,0,98124000.000,1,0,1,多换,S,2847.0000,2846.8000,2846.6000,2845.8000,2842.4000,2849.6000,2849.8000,2850.0000,2851.0000,2852.0000,5,1,5,1,1,1,2,1,1,2
SF,IH2007,2020-06-09 09:36:19.900,2848.0000,7326,0,98124000.000,0,-,-,-,-,2847.6000,2847.2000,2847.0000,2846.6000,2845.8000,2849.6000,2849.8000,2850.0000,2851.0000,2852.0000,2,14,6,2,1,1,2,1,1,2
SF,IH2007,2020-06-09 09:36:20.400,2848.0000,7326,0,98124000.000,0,-,-,-,-,2847.8000,2847.6000,2847.2000,2847.0000,2846.6000,2849.6000,2849.8000,2850.0000,2851.0000,2852.0000,7,3,7,5,2,1,2,1,1,2
SF,IH2007,2020-06-09 09:36:20.900,2847.8000,7326,0,98978340.000,1,0,1,多换,S,2847.8000,2847.6000,2847.2000,2847.0000,2846.6000,2849.4000,2849.6000,2849.8000,2850.0000,2851.0000,6,3,7,5,2,1,1,2,1,1
SF,IH2007,2020-06-09 09:36:21.400,2847.8000,7326,0,98978340.000,0,-,-,-,-,2848.0000,2847.8000,2847.6000,2847.2000,2847.0000,2849.4000,2849.6000,2849.8000,2850.0000,2851.0000,1,6,3,7,1,1,1,2,1,1
SF,IH2007,2020-06-09 09:36:21.900,2847.8000,7326,0,98978340.000,0,-,-,-,-,2848.2000,2848.0000,2847.8000,2847.6000,2847.2000,2849.4000,2849.6000,2849.8000,2850.0000,2851.0000,4,1,7,3,7,1,1,2,1,1
SF,IH2007,2020-06-09 09:36:22.400,2847.8000,7326,0,98978340.000,0,-,-,-,-,2848.0000,2847.8000,2847.6000,2847.2000,2847.0000,2848.2000,2849.6000,2849.8000,2850.0000,2851.0000,1,7,3,7,1,1,1,2,1,1
SF,IH2007,2020-06-09 09:36:22.900,2848.2000,7326,0,99832800.000,1,0,1,多换,S,2848.2000,2848.0000,2847.8000,2847.6000,2847.2000,2849.6000,2849.8000,2850.0000,2851.0000,2852.0000,3,1,4,3,6,1,2,1,1,2
SF,IH2007,2020-06-09 09:36:23.400,2848.2000,7326,0,100687260.000,1,0,1,多换,S,2848.2000,2848.0000,2847.8000,2847.6000,2847.2000,2849.6000,2849.8000,2850.0000,2851.0000,2852.0000,2,1,4,3,6,1,2,1,1,2
SF,IH2007,2020-06-09 09:36:23.900,2848.2000,7326,0,100687260.000,0,-,-,-,-,2848.4000,2848.2000,2848.0000,2847.8000,2847.6000,2849.6000,2849.8000,2850.0000,2851.0000,2852.0000,1,5,1,4,3,1,2,1,1,2
SF,IH2007,2020-06-09 09:36:24.400,2848.4000,7326,0,101541780.000,1,0,1,多换,S,2848.2000,2848.0000,2847.8000,2847.6000,2847.2000,2849.6000,2849.8000,2850.0000,2851.0000,2852.0000,7,1,4,3,6,1,2,1,1,2
SF,IH2007,2020-06-09 09:36:24.900,2848.4000,7326,0,101541780.000,0,-,-,-,-,2848.4000,2848.2000,2848.0000,2847.8000,2847.6000,2849.6000,2849.8000,2850.0000,2851.0000,2852.0000,1,4,1,4,3,1,2,1,1,2
SF,IH2007,2020-06-09 09:36:25.400,2848.4000,7326,0,102396300.000,1,0,1,多换,S,2848.2000,2848.0000,2847.8000,2847.6000,2847.2000,2849.6000,2849.8000,2850.0000,2851.0000,2852.0000,5,1,4,3,5,1,2,1,1,2
SF,IH2007,2020-06-09 09:36:25.900,2848.4000,7326,0,102396300.000,0,-,-,-,-,2848.4000,2848.2000,2848.0000,2847.8000,2847.6000,2849.6000,2849.8000,2850.0000,2851.0000,2852.0000,1,7,1,4,3,1,2,1,1,2
SF,IH2007,2020-06-09 09:36:26.400,2848.4000,7326,0,103250820.000,1,0,1,多换,S,2848.4000,2848.2000,2848.0000,2847.8000,2847.6000,2849.6000,2849.8000,2850.0000,2851.0000,2852.0000,1,6,1,4,3,1,5,1,1,2
SF,IH2007,2020-06-09 09:36:26.900,2848.4000,7326,0,103250820.000,0,-,-,-,-,2848.6000,2848.4000,2848.2000,2848.0000,2847.8000,2849.6000,2849.8000,2850.0000,2851.0000,2852.0000,1,1,6,1,4,1,5,1,1,2
SF,IH2007,2020-06-09 09:36:27.400,2848.6000,7326,0,104105400.000,1,0,1,多换,S,2848.6000,2848.4000,2848.2000,2848.0000,2847.8000,2849.6000,2849.8000,2850.0000,2851.0000,2852.0000,1,1,6,1,4,1,5,1,1,2
SF,IH2007,2020-06-09 09:36:27.900,2848.6000,7326,0,104105400.000,0,-,-,-,-,2848.6000,2848.4000,2848.2000,2848.0000,2847.8000,2849.6000,2849.8000,2850.0000,2851.0000,2852.0000,1,1,5,1,4,1,5,1,1,2
SF,IH2007,2020-06-09 09:36:28.400,2848.6000,7326,0,104959980.000,1,0,1,多换,S,2848.4000,2848.2000,2848.0000,2847.8000,2847.6000,2849.4000,2849.6000,2849.8000,2850.0000,2851.0000,1,5,1,4,3,1,1,5,1,1
SF,IH2007,2020-06-09 09:36:28.900,2848.6000,7326,0,104959980.000,0,-,-,-,-,2848.6000,2848.4000,2848.2000,2847.8000,2847.6000,2849.4000,2849.6000,2849.8000,2850.0000,2851.0000,2,1,4,4,3,1,1,5,1,1
SF,IH2007,2020-06-09 09:36:29.400,2848.6000,7327,1,107523720.000,3,2,1,空开,S,2848.4000,2847.8000,2847.6000,2847.2000,2847.0000,2848.6000,2849.2000,2849.4000,2849.6000,2849.8000,1,4,3,4,1,1,1,1,1,5
SF,IH2007,2020-06-09 09:36:29.900,2848.6000,7327,0,108378300.000,1,0,1,多换,S,2848.4000,2847.8000,2847.6000,2847.2000,2847.0000,2849.2000,2849.4000,2849.6000,2849.8000,2850.0000,1,4,3,4,1,1,1,1,5,1
SF,IH2007,2020-06-09 09:36:30.400,2848.4000,7327,0,109232820.000,1,0,1,多换,S,2847.8000,2847.6000,2847.2000,2847.0000,2846.6000,2849.0000,2849.2000,2849.8000,2850.0000,2851.0000,4,3,4,1,2,1,2,5,1,1
SF,IH2007,2020-06-09 09:36:30.900,2848.4000,7327,0,109232820.000,0,-,-,-,-,2848.0000,2847.8000,2847.6000,2847.2000,2847.0000,2849.0000,2849.2000,2849.8000,2850.0000,2851.0000,2,5,2,3,1,1,2,5,1,1
SF,IH2007,2020-06-09 09:36:31.400,2848.0000,7327,0,110087220.000,1,0,1,多换,S,2848.0000,2847.8000,2847.6000,2847.2000,2847.0000,2848.8000,2849.0000,2849.8000,2850.0000,2851.0000,1,5,2,3,1,1,1,5,1,1
SF,IH2007,2020-06-09 09:36:31.900,2848.0000,7327,0,110087220.000,0,-,-,-,-,2848.0000,2847.8000,2847.6000,2847.2000,2847.0000,2848.8000,2849.0000,2849.8000,2850.0000,2851.0000,1,5,2,3,1,1,2,5,1,1
SF,IH2007,2020-06-09 09:36:32.400,2848.0000,7327,0,110941620.000,1,0,1,多换,S,2848.0000,2847.8000,2847.6000,2847.2000,2847.0000,2849.0000,2849.8000,2850.0000,2851.0000,2852.0000,1,4,2,3,1,2,5,1,1,2
SF,IH2007,2020-06-09 09:36:33.400,2848.0000,7327,0,110941620.000,0,-,-,-,-,2847.8000,2847.6000,2847.2000,2847.0000,2846.6000,2848.0000,2849.0000,2849.8000,2850.0000,2851.0000,4,2,3,1,2,1,2,5,1,1
SF,IH2007,2020-06-09 09:36:33.900,2848.0000,7328,1,111796020.000,1,1,0,双开,S,2848.0000,2847.8000,2847.6000,2847.2000,2847.0000,2849.0000,2849.8000,2850.0000,2851.0000,2852.0000,4,4,2,3,1,2,5,1,1,2
SF,IH2007,2020-06-09 09:36:34.400,2848.0000,7328,0,112650420.000,1,0,1,多换,S,2847.8000,2847.6000,2847.2000,2847.0000,2846.6000,2849.0000,2849.8000,2850.0000,2851.0000,2852.0000,3,2,3,1,2,2,5,1,1,2
SF,IH2007,2020-06-09 09:36:34.900,2848.0000,7328,0,112650420.000,0,-,-,-,-,2847.8000,2847.6000,2847.2000,2847.0000,2846.8000,2849.0000,2849.8000,2850.0000,2851.0000,2852.0000,3,2,3,1,1,2,5,1,1,2
SF,IH2007,2020-06-09 09:36:35.400,2848.0000,7328,0,112650420.000,0,-,-,-,-,2848.2000,2848.0000,2847.8000,2847.6000,2847.2000,2849.0000,2849.8000,2850.0000,2851.0000,2852.0000,1,4,2,2,3,2,5,1,1,2
SF,IH2007,2020-06-09 09:36:35.900,2848.2000,7328,0,113504880.000,1,0,1,多换,S,2848.0000,2847.8000,2847.6000,2847.2000,2847.0000,2849.0000,2849.8000,2850.0000,2851.0000,2852.0000,4,2,2,3,1,2,5,1,1,2
SF,IH2007,2020-06-09 09:36:36.900,2848.2000,7328,0,113504880.000,0,-,-,-,-,2848.0000,2847.8000,2847.6000,2847.2000,2847.0000,2848.8000,2849.0000,2849.8000,2850.0000,2851.0000,4,2,2,3,1,1,2,5,1,1
