市场代码,合约代码,时间,最新,持仓,增仓,成交额,成交量,开仓,平仓,成交类型,方向,买一价,买二价,买三价,买四价,买五价,卖一价,卖二价,卖三价,卖四价,卖五价,买一量,买二量,买三量,买四量,买五量,卖一量,卖二量,卖三量,卖四量,卖五量
SF,IH2006,2020-01-09 09:29:00.400,3065.2000,7923,0,4597800.000,5.000,-,-,-,-,3065.0000,3062.0000,3061.0000,3060.2000,3060.0000,3066.6000,3069.6000,3070.0000,3072.0000,3076.0000,1,1,2,2,3,1,1,2,1,1
SF,IH2006,2020-01-09 09:30:00.400,3066.6000,7922,-1,8277060.000,4,1,3,多平,S,3066.6000,3065.0000,3064.8000,3062.0000,3061.0000,3069.6000,3070.0000,3070.6000,3072.0000,3074.8000,1,2,1,1,2,1,3,1,1,1
SF,IH2006,2020-01-09 09:30:00.900,3065.0000,7921,-1,11956500.000,4,1,3,多平,S,3064.8000,3061.0000,3060.2000,3060.0000,3058.8000,3066.6000,3068.0000,3068.8000,3069.2000,3069.4000,1,2,2,3,1,1,1,2,9,2
SF,IH2006,2020-01-09 09:30:01.400,3066.6000,7920,-1,12876480.000,1,0,1,双平,S,3066.8000,3065.0000,3064.8000,3062.0000,3061.0000,3069.4000,3069.6000,3070.0000,3070.6000,3072.0000,9,4,2,1,2,1,1,3,1,1
SF,IH2006,2020-01-09 09:30:01.900,3066.6000,7920,0,12876480.000,0,-,-,-,-,3067.0000,3066.8000,3064.8000,3062.0000,3061.0000,3069.6000,3070.0000,3070.6000,3072.0000,3075.0000,1,9,2,1,2,1,3,1,1,1
SF,IH2006,2020-01-09 09:30:02.400,3066.6000,7919,-1,13796460.000,1,0,1,双平,S,3067.2000,3066.8000,3064.8000,3062.0000,3061.0000,3069.4000,3069.6000,3070.0000,3070.6000,3072.0000,1,9,2,1,2,1,1,3,1,1
SF,IH2006,2020-01-09 09:30:02.900,3066.6000,7919,0,13796460.000,0,-,-,-,-,3067.4000,3067.2000,3067.0000,3064.8000,3062.0000,3069.4000,3069.6000,3070.0000,3070.6000,3072.0000,1,1,1,2,1,1,1,3,1,1
SF,IH2006,2020-01-09 09:30:03.400,3067.4000,7917,-2,15637500.000,2,0,2,双平,S,3067.4000,3067.2000,3067.0000,3064.8000,3062.0000,3069.6000,3070.0000,3070.6000,3072.0000,3072.4000,3,1,1,2,1,1,3,1,1,1
SF,IH2006,2020-01-09 09:30:03.900,3067.4000,7917,0,15637500.000,0,-,-,-,-,3067.6000,3067.4000,3067.2000,3067.0000,3064.8000,3069.4000,3069.6000,3070.0000,3070.6000,3072.4000,1,3,1,1,2,1,1,3,1,1
SF,IH2006,2020-01-09 09:30:04.400,3067.4000,7916,-1,16557720.000,1,0,1,双平,S,3067.4000,3067.2000,3067.0000,3064.8000,3062.0000,3069.0000,3069.4000,3069.6000,3070.0000,3070.6000,3,1,1,2,1,1,1,1,3,1
SF,IH2006,2020-01-09 09:30:04.900,3067.4000,7916,0,16557720.000,0,-,-,-,-,3067.4000,3067.2000,3067.0000,3064.8000,3064.6000,3068.8000,3069.0000,3069.6000,3070.0000,3070.6000,3,1,3,2,1,1,1,1,3,1
SF,IH2006,2020-01-09 09:30:05.400,3069.0000,7914,-2,18399060.000,2,0,2,双平,S,3069.0000,3068.8000,3067.4000,3067.2000,3067.0000,3069.6000,3070.0000,3070.6000,3072.4000,3074.2000,1,1,3,1,3,2,3,1,1,1
SF,IH2006,2020-01-09 09:30:05.900,3069.6000,7912,-2,20240760.000,2,0,2,双平,S,3069.0000,3068.8000,3067.4000,3067.2000,3067.0000,3069.6000,3070.0000,3070.6000,3072.4000,3074.2000,2,1,3,1,3,1,3,1,1,1
SF,IH2006,2020-01-09 09:30:06.400,3069.6000,7912,0,21161640.000,1,0,1,多换,S,3069.4000,3069.2000,3069.0000,3068.8000,3067.4000,3070.0000,3070.6000,3072.4000,3074.2000,3075.0000,1,1,2,1,3,3,1,1,1,1
SF,IH2006,2020-01-09 09:30:06.900,3070.0000,7911,-1,22082640.000,1,0,1,双平,S,3069.6000,3069.4000,3069.0000,3068.8000,3067.2000,3070.0000,3070.6000,3072.4000,3075.0000,3075.8000,2,1,2,1,1,2,1,1,2,1
SF,IH2006,2020-01-09 09:30:07.400,3070.0000,7911,0,23003640.000,1,0,1,多换,S,3069.6000,3069.4000,3069.0000,3068.8000,3067.2000,3070.0000,3070.6000,3072.4000,3075.0000,3075.8000,2,1,2,1,1,1,1,1,2,1
SF,IH2006,2020-01-09 09:30:07.900,3069.6000,7908,-3,25766520.000,3,0,3,双平,S,3069.4000,3069.0000,3068.8000,3067.2000,3067.0000,3070.6000,3072.4000,3075.0000,3075.8000,3076.0000,1,2,1,1,3,1,1,2,1,1
SF,IH2006,2020-01-09 09:30:08.400,3069.6000,7908,0,25766520.000,0,-,-,-,-,3069.6000,3069.4000,3069.0000,3068.8000,3067.2000,3070.6000,3072.4000,3075.0000,3075.8000,3076.0000,1,1,2,1,1,1,1,2,1,1
SF,IH2006,2020-01-09 09:30:08.900,3069.6000,7908,0,25766520.000,0,-,-,-,-,3070.0000,3069.6000,3069.4000,3069.0000,3068.8000,3070.6000,3072.4000,3075.0000,3075.8000,3076.0000,1,1,1,2,1,1,1,2,1,1
SF,IH2006,2020-01-09 09:30:09.900,3070.0000,7908,0,26687520.000,1,0,1,多换,S,3069.6000,3069.4000,3069.0000,3068.8000,3067.2000,3070.6000,3072.4000,3075.0000,3075.8000,3076.0000,1,1,2,1,1,1,1,2,1,1
SF,IH2006,2020-01-09 09:30:10.400,3070.0000,7908,0,26687520.000,0,-,-,-,-,3070.0000,3069.6000,3069.4000,3069.0000,3068.8000,3070.6000,3072.4000,3075.0000,3075.8000,3076.0000,1,1,1,2,1,2,1,2,1,1
SF,IH2006,2020-01-09 09:30:10.900,3070.0000,7908,0,26687520.000,0,-,-,-,-,3070.2000,3070.0000,3069.4000,3069.0000,3068.8000,3070.6000,3072.4000,3075.0000,3075.8000,3076.0000,1,1,1,2,1,2,1,2,1,1
SF,IH2006,2020-01-09 09:30:11.400,3070.6000,7906,-2,28529880.000,2,0,2,双平,S,3070.6000,3070.0000,3069.4000,3069.0000,3068.8000,3072.4000,3075.0000,3075.8000,3076.0000,3078.0000,1,1,1,2,1,1,2,1,1,5
SF,IH2006,2020-01-09 09:30:11.900,3070.0000,7904,-2,32214240.000,4,1,3,多平,S,3069.4000,3069.0000,3068.8000,3067.2000,3067.0000,3072.2000,3072.4000,3072.8000,3075.0000,3075.8000,1,1,1,1,2,1,1,1,2,1
SF,IH2006,2020-01-09 09:30:12.400,3070.0000,7904,0,32214240.000,0,-,-,-,-,3069.6000,3069.4000,3069.0000,3068.8000,3067.2000,3072.2000,3072.4000,3072.8000,3075.0000,3075.8000,1,1,1,1,1,1,1,1,2,1
SF,IH2006,2020-01-09 09:30:12.900,3070.0000,7904,0,32214240.000,0,-,-,-,-,3069.6000,3069.4000,3069.0000,3068.8000,3067.2000,3072.2000,3072.4000,3072.8000,3075.0000,3075.8000,1,1,1,1,1,1,1,1,2,1
SF,IH2006,2020-01-09 09:30:13.400,3070.0000,7904,0,32214240.000,0,-,-,-,-,3069.6000,3069.4000,3069.0000,3068.8000,3067.2000,3070.0000,3072.2000,3072.4000,3072.8000,3075.0000,1,1,1,1,1,1,1,1,1,2
SF,IH2006,2020-01-09 09:30:13.900,3070.0000,7903,-1,33135240.000,1,0,1,双平,S,3070.2000,3069.6000,3069.4000,3069.0000,3068.8000,3072.2000,3072.4000,3072.8000,3075.0000,3075.8000,1,1,1,1,1,1,1,1,2,1
SF,IH2006,2020-01-09 09:30:14.400,3070.0000,7903,0,33135240.000,0,-,-,-,-,3069.6000,3069.4000,3069.0000,3068.8000,3067.2000,3072.2000,3072.4000,3072.8000,3075.0000,3075.8000,1,1,1,1,1,1,1,1,2,1
SF,IH2006,2020-01-09 09:30:14.900,3070.0000,7903,0,33135240.000,0,-,-,-,-,3070.0000,3069.8000,3069.6000,3069.4000,3069.0000,3072.2000,3072.4000,3072.8000,3075.0000,3075.8000,7,1,1,1,1,1,1,1,2,1
SF,IH2006,2020-01-09 09:30:15.400,3070.0000,7903,0,33135240.000,0,-,-,-,-,3070.2000,3070.0000,3069.8000,3069.4000,3069.0000,3072.2000,3072.4000,3072.8000,3075.0000,3075.8000,1,7,1,1,1,1,1,1,2,1
SF,IH2006,2020-01-09 09:30:15.900,3070.0000,7902,-1,34056240.000,1,0,1,双平,S,3070.0000,3069.4000,3069.0000,3068.8000,3067.2000,3072.2000,3072.4000,3072.8000,3075.0000,3075.8000,7,1,1,1,1,1,1,1,2,1
SF,IH2006,2020-01-09 09:30:17.400,3070.0000,7902,0,34056240.000,0,-,-,-,-,3070.0000,3069.4000,3069.0000,3068.8000,3067.2000,3072.0000,3072.2000,3072.4000,3072.8000,3075.0000,7,1,1,1,1,1,1,1,1,2
SF,IH2006,2020-01-09 09:30:17.900,3070.0000,7902,0,34056240.000,0,-,-,-,-,3070.0000,3069.4000,3069.0000,3068.8000,3067.2000,3071.8000,3072.0000,3072.4000,3072.8000,3075.0000,7,1,1,1,1,1,1,1,1,2
SF,IH2006,2020-01-09 09:30:18.400,3072.0000,7901,-1,35899380.000,2,0,2,多平,S,3070.0000,3069.4000,3069.0000,3068.8000,3067.2000,3072.4000,3072.8000,3075.0000,3075.8000,3076.0000,7,1,1,1,1,1,1,2,1,1
SF,IH2006,2020-01-09 09:30:18.900,3072.4000,7900,-1,36821100.000,1,0,1,双平,S,3070.2000,3070.0000,3069.4000,3069.0000,3068.8000,3072.8000,3075.0000,3076.0000,3078.0000,3078.4000,1,7,1,1,1,1,2,1,5,5
SF,IH2006,2020-01-09 09:30:19.400,3072.4000,7900,0,36821100.000,0,-,-,-,-,3070.2000,3070.0000,3069.4000,3069.0000,3068.8000,3072.0000,3072.6000,3072.8000,3075.0000,3076.0000,1,7,1,1,1,1,2,1,2,1
SF,IH2006,2020-01-09 09:30:19.900,3072.0000,7900,0,37742700.000,1,0,1,多换,S,3072.0000,3070.4000,3070.2000,3070.0000,3069.4000,3072.6000,3072.8000,3075.0000,3076.0000,3078.0000,2,1,1,7,1,2,1,2,1,5
SF,IH2006,2020-01-09 09:30:20.400,3072.4000,7898,-2,43272420.000,6,2,4,多平,S,3070.4000,3070.2000,3070.0000,3069.4000,3067.2000,3072.6000,3072.8000,3075.0000,3076.0000,3078.0000,1,1,7,1,1,1,1,2,1,5
SF,IH2006,2020-01-09 09:30:20.900,3072.4000,7898,0,43272420.000,0,-,-,-,-,3070.0000,3069.4000,3067.2000,3067.0000,3066.6000,3070.2000,3072.4000,3072.6000,3072.8000,3075.0000,7,1,1,2,1,1,2,1,1,2
SF,IH2006,2020-01-09 09:30:21.400,3070.2000,7897,-1,44193480.000,1,0,1,双平,S,3071.0000,3070.2000,3070.0000,3069.4000,3067.2000,3072.4000,3072.6000,3072.8000,3075.0000,3076.0000,2,6,7,1,1,2,1,1,2,1
SF,IH2006,2020-01-09 09:30:21.900,3070.2000,7897,0,44193480.000,0,-,-,-,-,3071.0000,3070.0000,3069.4000,3067.2000,3067.0000,3072.4000,3072.6000,3072.8000,3075.0000,3076.0000,2,7,1,1,2,2,1,1,2,1
SF,IH2006,2020-01-09 09:30:22.400,3070.2000,7897,0,44193480.000,0,-,-,-,-,3071.2000,3071.0000,3070.2000,3070.0000,3069.4000,3072.4000,3072.8000,3075.0000,3076.0000,3078.0000,3,2,1,7,1,2,1,2,1,5
SF,IH2006,2020-01-09 09:30:22.900,3071.0000,7893,-4,47878740.000,4,0,4,双平,S,3070.2000,3070.0000,3069.4000,3067.2000,3067.0000,3072.0000,3072.2000,3072.4000,3072.8000,3075.0000,1,7,1,1,2,9,2,1,1,2
SF,IH2006,2020-01-09 09:30:23.400,3071.0000,7893,0,47878740.000,0,-,-,-,-,3070.4000,3070.2000,3070.0000,3069.4000,3067.2000,3072.2000,3072.8000,3075.0000,3076.0000,3078.0000,1,1,7,1,1,1,1,2,1,5
SF,IH2006,2020-01-09 09:30:23.900,3071.0000,7893,0,47878740.000,0,-,-,-,-,3070.4000,3070.2000,3070.0000,3069.4000,3067.2000,3071.8000,3072.2000,3072.8000,3075.0000,3076.0000,1,1,7,1,1,2,2,1,2,1
SF,IH2006,2020-01-09 09:30:24.400,3071.8000,7894,1,48800280.000,1,1,0,双开,S,3070.4000,3070.2000,3070.0000,3069.4000,3067.2000,3071.8000,3072.2000,3072.8000,3075.0000,3076.0000,1,1,7,1,1,1,2,1,2,1
SF,IH2006,2020-01-09 09:30:24.900,3072.2000,7894,0,49721940.000,1,0,1,多换,S,3071.8000,3070.8000,3070.6000,3070.4000,3070.2000,3072.2000,3072.8000,3075.0000,3076.0000,3078.0000,1,1,1,1,1,1,1,2,1,5
SF,IH2006,2020-01-09 09:30:25.400,3072.2000,7894,0,49721940.000,0,-,-,-,-,3071.8000,3070.8000,3070.6000,3070.4000,3070.2000,3072.0000,3072.2000,3072.8000,3075.0000,3076.0000,1,1,1,1,1,1,1,1,2,1
SF,IH2006,2020-01-09 09:30:25.900,3072.0000,7892,-2,51565140.000,2,0,2,双平,S,3071.8000,3070.8000,3070.4000,3070.2000,3070.0000,3072.2000,3072.8000,3075.0000,3076.0000,3078.0000,1,1,1,1,7,1,1,2,1,5
SF,IH2006,2020-01-09 09:30:26.400,3072.2000,7890,-2,54329940.000,3,0,3,多平,S,3072.2000,3070.8000,3070.4000,3070.2000,3070.0000,3072.8000,3075.0000,3076.0000,3078.0000,3078.4000,1,1,1,1,7,1,2,1,5,5
SF,IH2006,2020-01-09 09:30:26.900,3072.2000,7890,0,55251600.000,1,0,1,多换,S,3070.8000,3070.4000,3070.2000,3070.0000,3067.0000,3072.8000,3075.0000,3076.0000,3078.0000,3078.4000,1,1,1,6,2,1,2,1,5,5
SF,IH2006,2020-01-09 09:30:27.400,3072.2000,7890,0,55251600.000,0,-,-,-,-,3071.0000,3070.8000,3070.2000,3070.0000,3067.0000,3072.8000,3075.0000,3076.0000,3078.0000,3078.4000,1,1,1,6,2,1,2,1,5,5
SF,IH2006,2020-01-09 09:30:27.900,3072.2000,7890,0,55251600.000,0,-,-,-,-,3071.2000,3071.0000,3070.8000,3070.2000,3070.0000,3072.8000,3075.0000,3076.0000,3078.0000,3078.4000,1,1,1,1,6,1,2,1,5,5
SF,IH2006,2020-01-09 09:30:28.400,3072.8000,7890,0,56173440.000,1,0,1,多换,S,3071.4000,3071.2000,3071.0000,3070.8000,3070.2000,3075.0000,3076.0000,3078.0000,3078.4000,3079.0000,1,1,1,1,1,2,1,5,5,1
SF,IH2006,2020-01-09 09:30:28.900,3072.8000,7890,0,56173440.000,0,-,-,-,-,3072.8000,3071.4000,3071.0000,3070.8000,3070.2000,3074.4000,3074.6000,3075.0000,3076.0000,3078.0000,1,1,1,1,1,2,9,2,1,5
SF,IH2006,2020-01-09 09:30:29.400,3072.8000,7889,-1,58017120.000,2,0,2,多平,S,3071.6000,3071.4000,3070.2000,3070.0000,3067.0000,3072.6000,3074.0000,3074.2000,3074.4000,3075.0000,1,1,1,6,2,1,9,1,2,2
SF,IH2006,2020-01-09 09:30:29.900,3072.8000,7889,0,58017120.000,0,-,-,-,-,3072.0000,3071.6000,3070.2000,3070.0000,3067.0000,3074.0000,3074.2000,3074.4000,3075.0000,3076.0000,1,1,1,6,2,9,1,1,2,1
SF,IH2006,2020-01-09 09:30:30.400,3072.8000,7889,0,58017120.000,0,-,-,-,-,3072.2000,3072.0000,3071.6000,3070.2000,3070.0000,3074.0000,3074.4000,3075.0000,3076.0000,3078.0000,1,1,1,1,6,9,1,2,1,5
SF,IH2006,2020-01-09 09:30:30.900,3074.0000,7890,1,58939320.000,1,1,0,双开,S,3072.2000,3072.0000,3070.2000,3070.0000,3067.0000,3074.0000,3074.4000,3075.0000,3076.0000,3078.0000,1,1,1,6,2,8,1,2,1,5
SF,IH2006,2020-01-09 09:30:31.400,3074.0000,7890,0,58939320.000,0,-,-,-,-,3072.8000,3072.2000,3072.0000,3070.2000,3070.0000,3074.0000,3075.0000,3076.0000,3078.0000,3078.4000,1,1,1,1,6,9,2,1,5,5
SF,IH2006,2020-01-09 09:30:31.900,3074.0000,7890,0,58939320.000,0,-,-,-,-,3072.8000,3072.2000,3072.0000,3070.2000,3070.0000,3074.0000,3075.0000,3076.0000,3078.0000,3078.4000,2,1,1,1,6,9,2,1,5,5
SF,IH2006,2020-01-09 09:30:32.400,3074.0000,7890,0,58939320.000,0,-,-,-,-,3072.8000,3072.2000,3072.0000,3070.2000,3070.0000,3074.0000,3075.0000,3076.0000,3078.0000,3078.4000,2,1,1,1,6,1,2,1,5,5
SF,IH2006,2020-01-09 09:30:32.900,3074.0000,7890,0,58939320.000,0,-,-,-,-,3072.8000,3072.2000,3072.0000,3070.2000,3070.0000,3074.0000,3075.0000,3076.0000,3078.0000,3078.4000,2,1,1,1,6,1,2,1,5,5
SF,IH2006,2020-01-09 09:30:33.400,3074.0000,7890,0,59861520.000,1,0,1,多换,S,3074.0000,3072.8000,3072.2000,3072.0000,3070.2000,3075.0000,3076.0000,3078.0000,3078.4000,3079.0000,1,2,1,1,1,2,1,5,5,1
SF,IH2006,2020-01-09 09:30:33.900,3074.0000,7889,-1,60783720.000,1,0,1,双平,S,3072.8000,3072.0000,3070.2000,3070.0000,3067.0000,3073.8000,3074.0000,3075.0000,3076.0000,3078.0000,2,1,1,6,2,2,1,2,1,5
SF,IH2006,2020-01-09 09:30:34.400,3074.0000,7889,0,60783720.000,0,-,-,-,-,3073.8000,3072.0000,3070.2000,3070.0000,3067.0000,3074.0000,3074.6000,3075.0000,3076.0000,3078.0000,1,1,1,6,2,1,8,2,1,5
SF,IH2006,2020-01-09 09:30:34.900,3074.0000,7889,0,61705920.000,1,0,1,多换,S,3072.0000,3070.2000,3070.0000,3067.0000,3064.8000,3074.0000,3074.6000,3075.0000,3076.0000,3078.0000,1,1,6,2,1,1,8,2,1,5
SF,IH2006,2020-01-09 09:30:35.400,3074.0000,7889,0,62628120.000,1,0,1,多换,S,3072.2000,3072.0000,3070.2000,3070.0000,3067.0000,3075.0000,3076.0000,3078.0000,3078.4000,3079.0000,1,1,1,6,2,2,1,5,5,1
SF,IH2006,2020-01-09 09:30:36.400,3074.0000,7889,0,62628120.000,0,-,-,-,-,3072.0000,3070.2000,3070.0000,3067.0000,3064.8000,3074.8000,3075.0000,3076.0000,3078.0000,3078.4000,1,1,6,2,1,1,2,1,5,5
SF,IH2006,2020-01-09 09:30:36.900,3074.0000,7889,0,62628120.000,0,-,-,-,-,3072.0000,3070.2000,3070.0000,3067.0000,3064.8000,3074.8000,3075.0000,3076.0000,3078.0000,3078.4000,1,1,6,2,1,1,2,1,5,5
SF,IH2006,2020-01-09 09:30:37.400,3074.0000,7889,0,62628120.000,0,-,-,-,-,3072.0000,3070.2000,3070.0000,3067.0000,3064.8000,3074.8000,3075.0000,3076.0000,3078.0000,3078.4000,1,1,6,2,1,1,2,1,5,5
SF,IH2006,2020-01-09 09:30:38.400,3074.8000,7890,1,63550560.000,1,1,0,双开,S,3072.0000,3070.2000,3070.0000,3067.0000,3064.8000,3075.0000,3076.0000,3078.0000,3078.4000,3079.0000,1,1,6,2,1,2,1,5,5,1
SF,IH2006,2020-01-09 09:30:38.900,3074.8000,7890,0,63550560.000,0,-,-,-,-,3072.0000,3070.2000,3070.0000,3069.0000,3067.0000,3075.0000,3076.0000,3078.0000,3078.4000,3079.0000,1,1,6,1,2,2,1,5,5,1
SF,IH2006,2020-01-09 09:30:39.400,3074.8000,7890,0,63550560.000,0,-,-,-,-,3072.2000,3072.0000,3070.2000,3070.0000,3069.0000,3075.0000,3076.0000,3078.0000,3078.4000,3079.0000,1,1,1,6,1,2,1,5,5,1
SF,IH2006,2020-01-09 09:30:39.900,3074.8000,7890,0,63550560.000,0,-,-,-,-,3072.2000,3072.0000,3070.2000,3070.0000,3069.0000,3075.0000,3076.0000,3078.0000,3078.4000,3079.0000,1,1,1,6,1,2,1,5,5,1
SF,IH2006,2020-01-09 09:30:40.400,3074.8000,7890,0,63550560.000,0,-,-,-,-,3072.0000,3070.2000,3070.0000,3069.0000,3067.0000,3074.6000,3075.0000,3076.0000,3078.0000,3078.4000,1,1,6,1,2,1,2,1,5,5
SF,IH2006,2020-01-09 09:30:40.900,3074.8000,7890,0,64473000.000,1,0,1,多换,S,3072.8000,3072.0000,3070.2000,3070.0000,3069.0000,3075.0000,3076.0000,3078.0000,3078.4000,3079.0000,1,1,1,6,1,2,1,5,5,1
SF,IH2006,2020-01-09 09:30:41.400,3074.8000,7890,0,64473000.000,0,-,-,-,-,3072.8000,3072.4000,3072.0000,3070.2000,3070.0000,3075.0000,3076.0000,3078.0000,3078.4000,3079.0000,1,1,1,1,6,2,1,5,5,1
SF,IH2006,2020-01-09 09:30:41.900,3074.8000,7890,0,64473000.000,0,-,-,-,-,3072.8000,3072.4000,3072.0000,3070.2000,3070.0000,3075.0000,3076.0000,3078.0000,3079.0000,3080.0000,1,1,1,1,6,2,1,5,1,1
SF,IH2006,2020-01-09 09:30:42.400,3074.8000,7890,0,64473000.000,0,-,-,-,-,3073.0000,3072.8000,3072.0000,3070.2000,3070.0000,3075.0000,3076.0000,3078.0000,3079.0000,3080.0000,1,1,1,1,6,2,1,5,1,1
SF,IH2006,2020-01-09 09:30:42.900,3075.0000,7890,0,65395500.000,1,0,1,多换,S,3073.0000,3072.8000,3072.0000,3070.2000,3070.0000,3075.0000,3076.0000,3078.0000,3079.0000,3080.0000,1,1,1,1,6,1,1,5,1,1
SF,IH2006,2020-01-09 09:30:43.400,3075.0000,7890,0,65395500.000,0,-,-,-,-,3072.8000,3072.0000,3070.2000,3070.0000,3069.0000,3075.0000,3076.0000,3078.0000,3079.0000,3080.0000,1,1,1,6,1,1,1,5,1,1
SF,IH2006,2020-01-09 09:30:43.900,3075.0000,7890,0,65395500.000,0,-,-,-,-,3072.8000,3072.0000,3070.2000,3070.0000,3069.0000,3074.8000,3075.0000,3076.0000,3078.0000,3079.0000,1,1,1,6,1,1,1,1,5,1
SF,IH2006,2020-01-09 09:30:44.400,3075.0000,7890,0,65395500.000,0,-,-,-,-,3073.0000,3072.8000,3072.0000,3070.2000,3070.0000,3074.8000,3075.0000,3076.0000,3078.0000,3079.0000,1,1,1,1,6,1,1,1,5,1
SF,IH2006,2020-01-09 09:30:44.900,3074.8000,7889,-1,66317940.000,1,0,1,双平,S,3074.8000,3073.0000,3072.8000,3072.0000,3070.2000,3075.0000,3076.0000,3078.0000,3079.0000,3080.0000,2,1,1,1,1,1,1,5,1,1
SF,IH2006,2020-01-09 09:30:45.400,3074.8000,7887,-2,68162820.000,2,0,2,双平,S,3072.8000,3072.0000,3070.2000,3070.0000,3069.0000,3074.6000,3074.8000,3075.0000,3076.0000,3078.0000,1,1,1,6,1,2,8,1,1,5
SF,IH2006,2020-01-09 09:30:45.900,3074.8000,7887,0,69085260.000,1,0,1,多换,S,3073.0000,3072.8000,3072.0000,3070.2000,3070.0000,3074.6000,3075.0000,3076.0000,3078.0000,3079.0000,1,1,1,1,6,1,1,1,5,1
SF,IH2006,2020-01-09 09:30:46.400,3073.2000,7886,-1,70007220.000,1,0,1,双平,S,3073.0000,3072.0000,3070.2000,3070.0000,3069.0000,3074.6000,3075.0000,3076.0000,3078.0000,3079.0000,1,1,1,6,1,1,1,1,5,1
SF,IH2006,2020-01-09 09:30:46.900,3075.0000,7886,0,71852100.000,2,1,1,多换,S,3075.0000,3073.0000,3072.0000,3070.2000,3070.0000,3076.0000,3078.0000,3079.0000,3080.0000,3081.6000,4,1,1,1,6,1,5,1,1,5
SF,IH2006,2020-01-09 09:30:47.400,3075.0000,7886,0,75542100.000,4,2,2,多换,S,3072.0000,3070.2000,3070.0000,3069.0000,3067.0000,3075.6000,3076.0000,3078.0000,3079.0000,3080.0000,1,1,6,1,2,8,1,5,1,1
SF,IH2006,2020-01-09 09:30:47.900,3075.0000,7886,0,75542100.000,0,-,-,-,-,3072.2000,3072.0000,3070.2000,3070.0000,3069.0000,3075.6000,3076.0000,3078.0000,3079.0000,3080.0000,3,1,1,6,1,8,1,5,1,1
SF,IH2006,2020-01-09 09:30:48.400,3075.0000,7886,0,75542100.000,0,-,-,-,-,3072.6000,3072.2000,3072.0000,3070.2000,3070.0000,3075.6000,3076.0000,3078.0000,3079.0000,3080.0000,1,3,1,1,6,8,1,5,1,1
SF,IH2006,2020-01-09 09:30:48.900,3075.0000,7886,0,75542100.000,0,-,-,-,-,3072.8000,3072.6000,3072.2000,3072.0000,3070.2000,3075.4000,3075.6000,3076.0000,3078.0000,3079.0000,2,1,2,1,1,1,8,1,5,1
SF,IH2006,2020-01-09 09:30:49.400,3075.0000,7886,0,75542100.000,0,-,-,-,-,3072.8000,3072.6000,3072.0000,3070.2000,3070.0000,3075.0000,3075.4000,3075.6000,3076.0000,3078.0000,2,1,1,1,6,1,1,8,1,5
SF,IH2006,2020-01-09 09:30:49.900,3075.0000,7886,0,75542100.000,0,-,-,-,-,3073.2000,3073.0000,3072.8000,3072.0000,3070.2000,3075.0000,3075.4000,3075.6000,3076.0000,3078.0000,1,1,2,1,1,1,1,8,1,5
SF,IH2006,2020-01-09 09:30:50.400,3073.2000,7886,0,76464060.000,1,0,1,多换,S,3073.0000,3072.0000,3070.2000,3070.0000,3069.0000,3074.8000,3075.0000,3075.6000,3076.0000,3078.0000,1,1,1,6,1,1,1,8,1,5
SF,IH2006,2020-01-09 09:30:50.900,3073.2000,7886,0,76464060.000,0,-,-,-,-,3073.0000,3072.0000,3070.2000,3070.0000,3069.0000,3074.8000,3075.0000,3075.6000,3076.0000,3078.0000,1,1,1,6,1,1,1,8,2,5
SF,IH2006,2020-01-09 09:30:51.400,3074.4000,7886,0,77386380.000,1,0,1,多换,S,3073.0000,3072.0000,3070.2000,3070.0000,3069.0000,3074.4000,3074.8000,3075.0000,3076.0000,3078.0000,1,1,1,6,1,7,1,1,2,5
SF,IH2006,2020-01-09 09:30:51.900,3074.4000,7886,0,77386380.000,0,-,-,-,-,3073.2000,3072.8000,3072.0000,3070.2000,3070.0000,3074.4000,3074.8000,3075.0000,3076.0000,3078.0000,2,1,1,1,6,7,1,1,2,5
SF,IH2006,2020-01-09 09:30:52.400,3074.4000,7886,0,77386380.000,0,-,-,-,-,3073.2000,3072.8000,3072.0000,3070.2000,3070.0000,3074.2000,3074.4000,3075.0000,3076.0000,3078.0000,2,1,1,1,6,1,7,1,2,5
SF,IH2006,2020-01-09 09:30:52.900,3073.2000,7886,0,78308340.000,1,0,1,多换,S,3073.2000,3072.8000,3072.0000,3070.2000,3070.0000,3074.0000,3074.2000,3074.4000,3075.0000,3076.0000,1,1,1,1,6,1,1,7,2,2
SF,IH2006,2020-01-09 09:30:53.400,3074.0000,7885,-1,79230540.000,1,0,1,双平,S,3073.2000,3072.8000,3072.0000,3070.2000,3070.0000,3074.2000,3074.4000,3075.0000,3076.0000,3078.0000,1,1,1,1,6,1,7,2,2,5
SF,IH2006,2020-01-09 09:30:53.900,3074.0000,7885,0,79230540.000,0,-,-,-,-,3072.8000,3072.0000,3070.2000,3070.0000,3069.0000,3074.0000,3074.2000,3075.0000,3076.0000,3078.0000,1,1,1,6,1,7,1,1,2,5
SF,IH2006,2020-01-09 09:30:54.400,3074.0000,7885,0,79230540.000,0,-,-,-,-,3072.8000,3072.0000,3070.2000,3070.0000,3069.0000,3074.0000,3074.2000,3075.0000,3076.0000,3078.0000,2,1,1,6,1,7,1,1,3,5
SF,IH2006,2020-01-09 09:30:54.900,3074.0000,7885,0,79230540.000,0,-,-,-,-,3072.8000,3072.0000,3070.2000,3070.0000,3069.0000,3073.8000,3074.0000,3075.0000,3076.0000,3078.0000,2,1,1,6,1,1,7,1,3,5
SF,IH2006,2020-01-09 09:30:55.400,3074.0000,7885,0,79230540.000,0,-,-,-,-,3073.0000,3072.8000,3072.0000,3070.2000,3070.0000,3073.8000,3074.0000,3075.0000,3076.0000,3078.0000,1,2,1,1,6,1,1,1,3,5
SF,IH2006,2020-01-09 09:30:55.900,3074.0000,7885,0,79230540.000,0,-,-,-,-,3073.0000,3072.8000,3072.0000,3070.2000,3070.0000,3073.8000,3074.0000,3075.0000,3076.0000,3078.0000,1,1,1,1,6,1,1,1,3,5
SF,IH2006,2020-01-09 09:30:56.400,3074.0000,7885,0,79230540.000,0,-,-,-,-,3072.8000,3072.0000,3070.2000,3070.0000,3069.0000,3073.8000,3074.0000,3075.0000,3076.0000,3078.0000,1,1,1,6,1,1,1,1,3,5
SF,IH2006,2020-01-09 09:30:56.900,3073.6000,7884,-1,80152620.000,1,0,1,双平,S,3072.8000,3072.0000,3070.2000,3070.0000,3069.0000,3073.4000,3073.8000,3074.0000,3075.0000,3076.0000,1,1,1,6,1,6,1,1,1,3
SF,IH2006,2020-01-09 09:30:57.400,3072.8000,7884,0,81074460.000,1,0,1,多换,S,3072.0000,3070.2000,3070.0000,3069.0000,3067.0000,3073.0000,3073.6000,3073.8000,3074.0000,3075.0000,1,1,6,1,2,1,1,1,1,1
SF,IH2006,2020-01-09 09:30:57.900,3073.0000,7883,-1,81996360.000,1,0,1,双平,S,3073.0000,3072.0000,3070.2000,3070.0000,3069.0000,3073.2000,3073.6000,3074.0000,3075.0000,3076.0000,2,1,1,6,1,1,1,1,1,3
SF,IH2006,2020-01-09 09:30:58.400,3073.0000,7883,0,81996360.000,0,-,-,-,-,3072.8000,3072.0000,3070.2000,3070.0000,3069.0000,3073.2000,3073.6000,3074.0000,3075.0000,3076.0000,2,1,1,6,1,1,1,1,1,3
SF,IH2006,2020-01-09 09:30:58.900,3073.0000,7883,0,81996360.000,0,-,-,-,-,3072.8000,3072.0000,3070.2000,3070.0000,3069.0000,3074.0000,3075.0000,3076.0000,3078.0000,3079.0000,2,1,1,6,1,1,1,3,5,1
SF,IH2006,2020-01-09 09:30:59.400,3073.0000,7883,0,81996360.000,0,-,-,-,-,3073.0000,3072.8000,3072.0000,3070.2000,3070.0000,3073.6000,3074.0000,3075.0000,3076.0000,3078.0000,1,2,1,1,6,6,1,1,3,5
SF,IH2006,2020-01-09 09:30:59.900,3073.6000,7884,1,82918440.000,1,1,0,双开,S,3073.0000,3072.8000,3072.0000,3070.2000,3070.0000,3073.6000,3074.0000,3075.0000,3076.0000,3078.0000,1,2,1,1,6,6,1,1,3,5
SF,IH2006,2020-01-09 09:31:00.400,3073.6000,7883,-1,83840520.000,1,0,1,双平,S,3073.6000,3073.0000,3072.8000,3072.0000,3070.2000,3074.0000,3075.0000,3076.0000,3078.0000,3078.8000,1,1,2,1,1,1,1,3,5,1
SF,IH2006,2020-01-09 09:31:00.900,3073.6000,7880,-3,86606940.000,3,0,3,双平,S,3074.0000,3073.0000,3072.8000,3072.0000,3070.2000,3075.0000,3076.0000,3078.0000,3078.8000,3079.0000,1,1,2,1,1,1,3,5,1,1
SF,IH2006,2020-01-09 09:31:01.400,3073.6000,7880,0,86606940.000,0,-,-,-,-,3073.0000,3072.8000,3072.0000,3070.2000,3070.0000,3074.6000,3075.0000,3076.0000,3078.0000,3078.8000,1,2,1,1,6,5,2,3,5,1
SF,IH2006,2020-01-09 09:31:01.900,3073.6000,7880,0,86606940.000,0,-,-,-,-,3072.8000,3072.0000,3070.2000,3070.0000,3069.0000,3075.0000,3076.0000,3078.0000,3078.8000,3079.0000,2,1,1,6,1,2,3,5,1,1
SF,IH2006,2020-01-09 09:31:02.400,3073.6000,7880,0,86606940.000,0,-,-,-,-,3073.2000,3072.8000,3072.0000,3070.2000,3070.0000,3075.0000,3076.0000,3078.0000,3078.8000,3079.0000,1,2,1,1,6,2,3,5,1,1
SF,IH2006,2020-01-09 09:31:02.900,3073.6000,7880,0,86606940.000,0,-,-,-,-,3073.2000,3072.8000,3072.0000,3070.2000,3070.0000,3074.4000,3075.0000,3076.0000,3078.0000,3078.8000,1,2,1,1,6,1,2,3,5,1
SF,IH2006,2020-01-09 09:31:03.400,3073.6000,7880,0,86606940.000,0,-,-,-,-,3073.2000,3072.8000,3072.0000,3070.2000,3070.0000,3074.4000,3075.0000,3076.0000,3078.0000,3078.8000,1,2,1,1,6,1,2,3,5,1
SF,IH2006,2020-01-09 09:31:03.900,3074.4000,7879,-1,87529260.000,1,0,1,双平,S,3073.2000,3073.0000,3072.8000,3072.0000,3070.2000,3075.0000,3076.0000,3078.0000,3078.8000,3079.0000,1,1,2,1,1,2,3,5,1,1
SF,IH2006,2020-01-09 09:31:04.900,3074.4000,7879,0,87529260.000,0,-,-,-,-,3073.2000,3073.0000,3072.8000,3072.0000,3070.2000,3075.0000,3076.0000,3076.8000,3078.0000,3078.8000,1,1,2,1,1,2,3,1,5,1
SF,IH2006,2020-01-09 09:31:05.400,3074.4000,7879,0,87529260.000,0,-,-,-,-,3073.0000,3072.8000,3072.0000,3070.2000,3070.0000,3074.8000,3075.0000,3076.0000,3076.8000,3078.0000,1,2,1,1,6,1,2,3,1,5
SF,IH2006,2020-01-09 09:31:06.400,3074.8000,7879,0,88451700.000,1,0,1,多换,S,3073.0000,3072.8000,3072.0000,3070.2000,3070.0000,3075.0000,3076.0000,3076.8000,3078.0000,3078.8000,1,2,1,1,6,2,3,1,5,1
SF,IH2006,2020-01-09 09:31:06.900,3075.0000,7879,0,89374200.000,1,0,1,多换,S,3073.2000,3073.0000,3072.8000,3072.0000,3070.2000,3075.0000,3076.0000,3076.8000,3078.0000,3078.8000,1,1,2,1,1,2,3,1,5,1
SF,IH2006,2020-01-09 09:31:07.900,3075.0000,7879,0,89374200.000,0,-,-,-,-,3073.2000,3073.0000,3072.8000,3072.0000,3070.2000,3074.0000,3075.0000,3076.0000,3076.8000,3078.0000,1,1,2,1,1,1,2,3,1,5
SF,IH2006,2020-01-09 09:31:08.400,3074.0000,7878,-1,90296400.000,1,0,1,双平,S,3073.0000,3072.8000,3072.0000,3070.2000,3070.0000,3075.0000,3076.0000,3076.8000,3078.0000,3078.8000,1,2,1,1,6,2,3,1,5,1
SF,IH2006,2020-01-09 09:31:08.900,3074.0000,7878,0,90296400.000,0,-,-,-,-,3073.2000,3073.0000,3072.8000,3072.0000,3070.2000,3075.0000,3076.0000,3076.8000,3078.0000,3078.8000,1,1,2,1,1,2,3,1,5,1
SF,IH2006,2020-01-09 09:31:09.400,3074.0000,7878,0,90296400.000,0,-,-,-,-,3073.2000,3073.0000,3072.8000,3072.0000,3070.2000,3075.0000,3076.0000,3076.8000,3078.0000,3078.8000,1,1,2,1,1,2,3,1,5,1
SF,IH2006,2020-01-09 09:31:10.900,3074.0000,7878,0,90296400.000,0,-,-,-,-,3073.0000,3072.8000,3072.0000,3070.2000,3070.0000,3075.0000,3076.0000,3076.8000,3078.0000,3078.8000,1,2,1,1,6,2,3,1,5,1
SF,IH2006,2020-01-09 09:31:11.400,3074.0000,7878,0,90296400.000,0,-,-,-,-,3073.2000,3073.0000,3072.8000,3072.0000,3070.2000,3075.0000,3076.0000,3076.8000,3078.0000,3078.8000,1,1,2,1,1,2,3,1,5,1
SF,IH2006,2020-01-09 09:31:12.400,3074.0000,7878,0,90296400.000,0,-,-,-,-,3073.2000,3073.0000,3072.8000,3072.0000,3070.2000,3074.6000,3075.0000,3075.2000,3076.0000,3076.8000,1,1,2,1,1,1,2,3,3,1
SF,IH2006,2020-01-09 09:31:12.900,3074.0000,7878,0,90296400.000,0,-,-,-,-,3073.2000,3073.0000,3072.8000,3072.0000,3070.2000,3074.6000,3075.0000,3075.2000,3076.0000,3076.8000,1,1,2,1,1,1,2,3,3,1
SF,IH2006,2020-01-09 09:31:13.400,3074.0000,7878,0,90296400.000,0,-,-,-,-,3073.0000,3072.8000,3072.0000,3070.2000,3070.0000,3074.6000,3075.0000,3075.2000,3076.0000,3076.8000,1,2,1,1,6,1,2,3,3,1
SF,IH2006,2020-01-09 09:31:13.900,3074.0000,7878,0,90296400.000,0,-,-,-,-,3073.0000,3072.8000,3072.0000,3070.2000,3070.0000,3074.6000,3075.0000,3075.2000,3076.0000,3076.8000,1,2,1,1,6,1,2,3,3,1
SF,IH2006,2020-01-09 09:31:14.900,3074.0000,7878,0,90296400.000,0,-,-,-,-,3073.2000,3073.0000,3072.8000,3072.0000,3070.2000,3074.6000,3075.0000,3075.2000,3076.0000,3076.8000,1,1,2,1,1,1,2,3,3,1
SF,IH2006,2020-01-09 09:31:15.900,3074.0000,7878,0,90296400.000,0,-,-,-,-,3073.2000,3073.0000,3072.8000,3072.0000,3070.2000,3074.4000,3074.6000,3075.0000,3076.0000,3076.8000,1,1,2,1,1,1,1,2,3,1
SF,IH2006,2020-01-09 09:31:16.400,3074.0000,7878,0,90296400.000,0,-,-,-,-,3073.2000,3073.0000,3072.8000,3072.0000,3070.2000,3074.4000,3074.6000,3075.0000,3076.0000,3076.8000,1,1,2,1,1,1,1,2,3,1
SF,IH2006,2020-01-09 09:31:16.900,3074.6000,7876,-2,92141100.000,2,0,2,双平,S,3073.2000,3073.0000,3072.8000,3072.0000,3070.2000,3075.0000,3076.0000,3076.8000,3078.0000,3078.8000,1,1,2,1,1,2,3,1,5,1
SF,IH2006,2020-01-09 09:31:17.400,3074.6000,7876,0,92141100.000,0,-,-,-,-,3073.2000,3073.0000,3072.8000,3072.0000,3070.2000,3075.0000,3076.0000,3076.8000,3078.0000,3078.8000,1,1,2,1,1,2,3,1,5,1
SF,IH2006,2020-01-09 09:31:17.900,3074.6000,7876,0,92141100.000,0,-,-,-,-,3073.2000,3073.0000,3072.8000,3072.0000,3070.2000,3075.0000,3076.0000,3076.8000,3078.0000,3078.8000,1,1,2,1,1,2,3,1,5,1
SF,IH2006,2020-01-09 09:31:18.400,3075.0000,7874,-2,93986100.000,2,0,2,双平,S,3073.2000,3073.0000,3072.8000,3072.0000,3070.2000,3076.0000,3076.8000,3078.0000,3078.8000,3079.0000,1,1,2,1,1,3,1,5,1,1
SF,IH2006,2020-01-09 09:31:18.900,3075.0000,7874,0,93986100.000,0,-,-,-,-,3073.2000,3073.0000,3072.8000,3072.0000,3070.2000,3076.0000,3076.8000,3078.0000,3078.8000,3079.0000,1,1,2,1,1,3,1,5,1,1
SF,IH2006,2020-01-09 09:31:19.400,3075.0000,7874,0,93986100.000,0,-,-,-,-,3073.4000,3073.2000,3073.0000,3072.8000,3072.0000,3076.0000,3076.8000,3078.0000,3078.8000,3079.0000,1,1,1,2,1,3,1,5,1,1
SF,IH2006,2020-01-09 09:31:19.900,3075.0000,7874,0,93986100.000,0,-,-,-,-,3073.6000,3073.4000,3073.2000,3073.0000,3072.8000,3076.0000,3076.8000,3078.0000,3078.8000,3079.0000,2,5,1,1,2,3,1,5,1,1
SF,IH2006,2020-01-09 09:31:20.400,3075.0000,7874,0,93986100.000,0,-,-,-,-,3073.8000,3073.6000,3073.4000,3073.2000,3073.0000,3076.0000,3076.8000,3078.0000,3078.8000,3079.0000,1,3,1,1,1,3,1,5,1,1
SF,IH2006,2020-01-09 09:31:20.900,3075.0000,7874,0,93986100.000,0,-,-,-,-,3074.0000,3073.8000,3073.6000,3073.4000,3073.2000,3076.0000,3076.4000,3076.8000,3078.0000,3078.8000,2,1,3,1,1,3,1,1,5,1
SF,IH2006,2020-01-09 09:31:21.400,3076.0000,7874,0,95831700.000,2,1,1,多换,S,3074.2000,3074.0000,3073.8000,3073.6000,3073.2000,3076.0000,3076.4000,3076.8000,3078.0000,3078.8000,1,2,1,3,1,1,1,1,5,1
SF,IH2006,2020-01-09 09:31:21.900,3076.0000,7874,0,95831700.000,0,-,-,-,-,3074.4000,3074.2000,3074.0000,3073.8000,3073.6000,3076.0000,3076.4000,3076.8000,3078.0000,3078.8000,1,1,2,1,3,1,1,1,5,1
SF,IH2006,2020-01-09 09:31:22.400,3076.0000,7874,0,95831700.000,0,-,-,-,-,3074.4000,3074.2000,3074.0000,3073.8000,3073.6000,3076.0000,3076.4000,3076.8000,3078.0000,3078.8000,1,1,2,1,2,1,1,1,5,1
SF,IH2006,2020-01-09 09:31:23.400,3076.0000,7874,0,95831700.000,0,-,-,-,-,3074.4000,3074.2000,3074.0000,3073.8000,3073.6000,3075.2000,3076.0000,3076.4000,3076.8000,3078.0000,1,1,2,1,2,1,1,1,1,5
SF,IH2006,2020-01-09 09:31:23.900,3075.2000,7873,-1,96754260.000,1,0,1,双平,S,3074.4000,3074.2000,3074.0000,3073.8000,3073.6000,3076.0000,3076.4000,3076.8000,3078.0000,3078.8000,1,1,2,1,2,1,1,1,5,1
SF,IH2006,2020-01-09 09:31:24.400,3075.2000,7873,0,96754260.000,0,-,-,-,-,3074.4000,3074.2000,3074.0000,3073.8000,3073.6000,3076.0000,3076.4000,3076.8000,3078.0000,3078.8000,1,1,2,1,2,1,1,1,5,1
SF,IH2006,2020-01-09 09:31:24.900,3075.2000,7873,0,96754260.000,0,-,-,-,-,3074.4000,3074.2000,3074.0000,3073.8000,3073.0000,3076.0000,3076.4000,3076.8000,3078.0000,3078.8000,1,1,2,1,1,1,1,1,5,1
SF,IH2006,2020-01-09 09:31:25.400,3075.2000,7873,0,96754260.000,0,-,-,-,-,3074.4000,3073.8000,3073.0000,3072.8000,3070.2000,3076.0000,3076.4000,3076.8000,3078.0000,3078.8000,1,1,1,2,1,1,1,1,5,1
SF,IH2006,2020-01-09 09:31:25.900,3075.2000,7873,0,96754260.000,0,-,-,-,-,3073.8000,3073.0000,3072.8000,3070.2000,3069.0000,3076.0000,3076.4000,3076.8000,3078.0000,3078.8000,1,1,2,1,1,1,1,1,5,1
SF,IH2006,2020-01-09 09:31:26.400,3075.2000,7873,0,96754260.000,0,-,-,-,-,3074.6000,3073.8000,3073.0000,3072.8000,3070.2000,3076.0000,3076.4000,3076.8000,3078.0000,3078.8000,1,1,1,2,1,1,1,1,5,1
SF,IH2006,2020-01-09 09:31:26.900,3075.2000,7873,0,96754260.000,0,-,-,-,-,3074.6000,3073.8000,3073.0000,3072.8000,3070.2000,3075.8000,3076.0000,3076.4000,3076.8000,3078.0000,1,1,1,2,1,1,1,1,1,5
SF,IH2006,2020-01-09 09:31:28.400,3075.2000,7873,0,96754260.000,0,-,-,-,-,3073.8000,3073.0000,3072.8000,3070.2000,3069.0000,3075.8000,3076.0000,3076.4000,3076.8000,3078.0000,1,1,2,1,1,1,1,1,1,5
SF,IH2006,2020-01-09 09:31:28.900,3075.2000,7873,0,96754260.000,0,-,-,-,-,3074.0000,3073.8000,3073.0000,3072.8000,3070.2000,3076.0000,3076.4000,3076.8000,3078.0000,3078.8000,2,1,1,2,1,1,1,1,5,2
SF,IH2006,2020-01-09 09:31:29.400,3075.2000,7873,0,96754260.000,0,-,-,-,-,3074.0000,3073.8000,3073.0000,3072.8000,3070.2000,3075.8000,3076.0000,3076.4000,3076.8000,3078.0000,2,1,1,2,1,1,1,1,1,5
SF,IH2006,2020-01-09 09:31:29.900,3075.2000,7873,0,96754260.000,0,-,-,-,-,3074.0000,3073.8000,3073.0000,3072.8000,3070.2000,3075.8000,3076.0000,3076.4000,3076.8000,3077.2000,2,1,1,2,1,1,1,1,1,1
SF,IH2006,2020-01-09 09:31:30.400,3075.8000,7872,-1,97677000.000,1,0,1,双平,S,3074.0000,3073.8000,3072.8000,3070.2000,3069.0000,3076.0000,3076.4000,3076.8000,3077.2000,3078.0000,2,1,2,1,1,1,1,1,1,5
SF,IH2006,2020-01-09 09:31:30.900,3075.8000,7872,0,97677000.000,0,-,-,-,-,3074.0000,3073.8000,3072.8000,3070.2000,3069.0000,3075.6000,3076.0000,3076.4000,3076.8000,3078.0000,2,1,2,1,1,1,1,1,1,5
SF,IH2006,2020-01-09 09:31:31.400,3075.8000,7872,0,97677000.000,0,-,-,-,-,3074.0000,3073.8000,3072.8000,3070.2000,3069.0000,3075.2000,3075.6000,3076.0000,3076.4000,3076.8000,2,1,2,1,1,1,1,1,1,1
SF,IH2006,2020-01-09 09:31:31.900,3075.8000,7872,0,97677000.000,0,-,-,-,-,3074.0000,3073.8000,3072.8000,3070.2000,3069.0000,3075.2000,3075.6000,3076.0000,3076.4000,3076.8000,1,1,2,1,1,1,1,1,1,1
SF,IH2006,2020-01-09 09:31:32.900,3075.8000,7872,0,97677000.000,0,-,-,-,-,3074.0000,3073.8000,3072.8000,3070.2000,3069.0000,3075.2000,3075.6000,3076.0000,3076.4000,3076.8000,1,1,2,1,1,1,1,2,1,1
SF,IH2006,2020-01-09 09:31:33.400,3075.2000,7871,-1,98599560.000,1,0,1,双平,S,3075.6000,3074.0000,3073.8000,3072.8000,3070.2000,3076.0000,3076.4000,3076.8000,3078.0000,3078.8000,1,1,1,2,1,2,1,1,5,2
SF,IH2006,2020-01-09 09:31:33.900,3075.6000,7870,-1,99522240.000,1,0,1,双平,S,3074.2000,3074.0000,3073.8000,3072.8000,3070.2000,3075.4000,3075.6000,3076.0000,3076.4000,3076.8000,1,1,1,2,1,1,1,2,1,1
SF,IH2006,2020-01-09 09:31:34.400,3075.6000,7870,0,100444920.000,1,0,1,多换,S,3074.4000,3074.2000,3073.8000,3072.8000,3070.2000,3076.0000,3076.4000,3076.8000,3078.0000,3078.8000,1,1,3,2,1,2,1,1,5,2
SF,IH2006,2020-01-09 09:31:34.900,3075.6000,7870,0,100444920.000,0,-,-,-,-,3074.4000,3074.2000,3073.8000,3072.8000,3070.2000,3076.0000,3076.4000,3076.8000,3078.0000,3078.8000,1,1,3,2,1,2,1,1,5,2
SF,IH2006,2020-01-09 09:31:35.400,3075.6000,7870,0,100444920.000,0,-,-,-,-,3074.6000,3074.4000,3073.8000,3072.8000,3070.2000,3076.0000,3076.4000,3076.8000,3078.0000,3078.8000,1,1,3,2,1,2,1,1,5,2
SF,IH2006,2020-01-09 09:31:35.900,3075.6000,7870,0,100444920.000,0,-,-,-,-,3074.8000,3074.6000,3073.8000,3072.8000,3070.2000,3076.0000,3076.4000,3076.8000,3078.0000,3078.8000,1,1,3,2,1,2,1,1,5,2
SF,IH2006,2020-01-09 09:31:36.400,3075.6000,7870,0,100444920.000,0,-,-,-,-,3074.8000,3074.6000,3073.8000,3072.8000,3070.2000,3076.0000,3076.4000,3076.6000,3076.8000,3078.0000,1,1,3,2,1,2,1,1,1,5
SF,IH2006,2020-01-09 09:31:37.400,3075.6000,7870,0,100444920.000,0,-,-,-,-,3075.0000,3074.8000,3074.6000,3073.8000,3072.8000,3076.0000,3076.4000,3076.6000,3076.8000,3078.0000,1,2,1,3,2,2,1,1,1,5
SF,IH2006,2020-01-09 09:31:37.900,3075.0000,7869,-1,102289980.000,2,0,2,多平,S,3074.8000,3073.8000,3072.8000,3070.2000,3069.0000,3076.0000,3076.4000,3076.6000,3076.8000,3078.0000,1,3,2,1,1,2,1,1,1,5
SF,IH2006,2020-01-09 09:31:38.400,3075.0000,7869,0,102289980.000,0,-,-,-,-,3073.8000,3072.8000,3070.2000,3069.0000,3064.8000,3075.8000,3076.0000,3076.4000,3076.6000,3076.8000,3,2,1,1,1,1,2,1,1,1
SF,IH2006,2020-01-09 09:31:38.900,3075.0000,7869,0,102289980.000,0,-,-,-,-,3074.0000,3073.8000,3072.8000,3070.2000,3069.0000,3075.8000,3076.0000,3076.4000,3076.6000,3076.8000,2,3,2,1,1,1,2,1,1,1
SF,IH2006,2020-01-09 09:31:39.400,3075.0000,7869,0,102289980.000,0,-,-,-,-,3074.2000,3074.0000,3073.8000,3072.8000,3070.2000,3075.8000,3076.0000,3076.4000,3076.8000,3077.0000,1,2,3,2,1,1,2,1,1,1
SF,IH2006,2020-01-09 09:31:39.900,3075.0000,7869,0,102289980.000,0,-,-,-,-,3074.4000,3074.0000,3073.8000,3072.8000,3070.2000,3075.4000,3075.8000,3076.0000,3076.4000,3076.8000,1,2,3,2,1,6,1,2,1,1
SF,IH2006,2020-01-09 09:31:40.400,3075.0000,7869,0,102289980.000,0,-,-,-,-,3074.4000,3074.0000,3073.8000,3072.8000,3070.2000,3075.8000,3076.0000,3076.4000,3076.8000,3077.0000,1,2,3,2,1,1,2,1,1,1
SF,IH2006,2020-01-09 09:31:41.900,3075.0000,7869,0,102289980.000,0,-,-,-,-,3074.4000,3074.0000,3073.8000,3072.8000,3070.2000,3075.8000,3076.0000,3076.4000,3076.8000,3077.0000,1,2,3,2,1,1,2,1,1,1
SF,IH2006,2020-01-09 09:31:42.400,3075.0000,7869,0,102289980.000,0,-,-,-,-,3074.6000,3074.4000,3074.0000,3073.8000,3072.8000,3075.8000,3076.0000,3076.4000,3076.8000,3077.0000,1,1,2,3,2,1,2,1,1,1
SF,IH2006,2020-01-09 09:31:42.900,3075.0000,7869,0,102289980.000,0,-,-,-,-,3074.6000,3074.4000,3073.8000,3072.8000,3070.2000,3075.6000,3075.8000,3076.0000,3076.4000,3076.8000,1,1,3,2,1,1,1,2,1,1
SF,IH2006,2020-01-09 09:31:43.400,3075.0000,7869,0,102289980.000,0,-,-,-,-,3074.6000,3073.8000,3072.8000,3070.2000,3069.0000,3075.0000,3075.6000,3075.8000,3076.0000,3076.4000,1,3,2,1,1,1,1,1,2,1
SF,IH2006,2020-01-09 09:31:43.900,3075.0000,7869,0,102289980.000,0,-,-,-,-,3073.8000,3072.8000,3070.2000,3069.0000,3064.8000,3075.0000,3075.6000,3075.8000,3076.0000,3076.4000,3,2,1,1,1,1,1,1,2,1
SF,IH2006,2020-01-09 09:31:44.400,3075.0000,7869,0,102289980.000,0,-,-,-,-,3074.0000,3073.8000,3072.8000,3070.2000,3069.0000,3075.0000,3075.6000,3075.8000,3076.0000,3076.4000,3,3,2,1,1,2,1,1,2,1
SF,IH2006,2020-01-09 09:31:45.400,3075.0000,7869,0,102289980.000,0,-,-,-,-,3074.0000,3073.8000,3072.8000,3070.2000,3069.0000,3075.0000,3075.6000,3075.8000,3076.0000,3076.4000,3,2,2,1,1,2,1,1,2,1
SF,IH2006,2020-01-09 09:31:45.900,3075.0000,7869,0,102289980.000,0,-,-,-,-,3074.0000,3073.8000,3072.8000,3070.2000,3069.0000,3075.0000,3075.6000,3075.8000,3076.0000,3076.4000,1,2,2,1,1,2,1,1,2,1
SF,IH2006,2020-01-09 09:31:46.400,3075.0000,7869,0,102289980.000,0,-,-,-,-,3073.8000,3072.8000,3070.2000,3069.0000,3064.8000,3074.6000,3074.8000,3075.0000,3075.6000,3076.0000,2,2,1,1,1,1,1,4,1,2
SF,IH2006,2020-01-09 09:31:46.900,3073.8000,7869,0,104134260.000,2,1,1,多换,S,3072.8000,3070.2000,3069.0000,3064.8000,3064.6000,3073.8000,3074.6000,3074.8000,3075.0000,3075.6000,2,1,1,1,1,10,1,1,4,1
SF,IH2006,2020-01-09 09:31:47.400,3073.8000,7869,0,109667100.000,6,3,3,多换,S,3073.0000,3072.8000,3070.2000,3069.0000,3064.8000,3073.8000,3074.6000,3074.8000,3075.0000,3075.6000,1,2,1,1,1,4,1,1,4,1
SF,IH2006,2020-01-09 09:31:47.900,3073.8000,7869,0,109667100.000,0,-,-,-,-,3073.0000,3072.8000,3070.2000,3069.0000,3064.8000,3073.8000,3074.6000,3074.8000,3075.0000,3075.6000,1,3,1,1,1,4,1,1,4,1
SF,IH2006,2020-01-09 09:31:48.900,3073.8000,7869,0,109667100.000,0,-,-,-,-,3073.0000,3072.8000,3070.2000,3069.0000,3064.8000,3073.8000,3074.6000,3074.8000,3075.0000,3075.6000,1,2,1,1,1,4,1,1,4,1
SF,IH2006,2020-01-09 09:31:49.400,3073.8000,7869,0,109667100.000,0,-,-,-,-,3073.0000,3072.8000,3070.2000,3069.0000,3064.8000,3073.8000,3074.6000,3074.8000,3075.0000,3076.0000,2,2,1,1,1,4,1,1,4,2
SF,IH2006,2020-01-09 09:31:49.900,3073.8000,7869,0,109667100.000,0,-,-,-,-,3073.0000,3072.8000,3070.2000,3069.0000,3064.8000,3073.8000,3074.6000,3074.8000,3075.0000,3076.0000,1,2,1,1,1,4,1,1,4,2
SF,IH2006,2020-01-09 09:31:50.400,3073.8000,7869,0,109667100.000,0,-,-,-,-,3072.8000,3070.2000,3069.0000,3064.8000,3064.6000,3073.8000,3074.6000,3074.8000,3075.0000,3076.0000,2,1,1,1,1,4,1,1,4,2
SF,IH2006,2020-01-09 09:31:50.900,3073.8000,7869,0,109667100.000,0,-,-,-,-,3072.8000,3070.2000,3069.0000,3064.8000,3064.6000,3073.6000,3073.8000,3074.6000,3075.0000,3076.0000,2,1,1,1,1,1,4,1,4,2
SF,IH2006,2020-01-09 09:31:52.400,3073.8000,7869,0,109667100.000,0,-,-,-,-,3072.8000,3070.2000,3069.0000,3064.8000,3064.6000,3073.6000,3073.8000,3074.6000,3075.0000,3076.0000,2,1,1,1,1,2,4,1,4,2
SF,IH2006,2020-01-09 09:31:52.900,3073.8000,7869,0,109667100.000,0,-,-,-,-,3072.8000,3070.2000,3069.0000,3064.8000,3064.6000,3073.6000,3073.8000,3074.6000,3075.0000,3076.0000,2,1,1,1,1,2,4,1,4,2
SF,IH2006,2020-01-09 09:31:53.900,3073.8000,7869,0,109667100.000,0,-,-,-,-,3072.8000,3070.2000,3069.0000,3064.8000,3064.6000,3073.6000,3073.8000,3074.6000,3075.0000,3076.0000,2,1,1,1,1,2,4,1,4,2
SF,IH2006,2020-01-09 09:31:54.400,3073.8000,7868,-1,110589240.000,1,0,1,双平,S,3072.8000,3070.2000,3069.0000,3064.8000,3064.6000,3073.8000,3074.6000,3075.0000,3076.0000,3076.4000,2,1,1,1,1,4,1,4,2,1
SF,IH2006,2020-01-09 09:31:54.900,3073.8000,7868,0,110589240.000,0,-,-,-,-,3073.0000,3072.8000,3070.2000,3069.0000,3064.8000,3073.8000,3074.6000,3075.0000,3076.0000,3076.4000,1,2,1,1,1,4,1,4,2,1
SF,IH2006,2020-01-09 09:31:55.400,3073.8000,7868,0,110589240.000,0,-,-,-,-,3073.0000,3072.8000,3070.2000,3069.0000,3064.8000,3073.8000,3074.6000,3075.0000,3076.0000,3076.4000,1,3,1,1,1,4,1,4,2,1
SF,IH2006,2020-01-09 09:31:56.900,3073.8000,7868,0,110589240.000,0,-,-,-,-,3073.0000,3072.8000,3070.2000,3069.0000,3064.8000,3073.8000,3074.6000,3075.0000,3076.0000,3076.4000,1,2,1,1,1,4,1,5,2,1
SF,IH2006,2020-01-09 09:31:59.400,3073.8000,7867,-1,111511380.000,1,0,1,双平,S,3073.0000,3072.8000,3070.2000,3069.0000,3064.8000,3073.8000,3074.6000,3075.0000,3076.0000,3076.4000,1,2,1,1,1,3,1,5,2,1
SF,IH2006,2020-01-09 09:32:01.400,3073.8000,7864,-3,114277800.000,3,0,3,双平,S,3073.0000,3072.8000,3070.2000,3069.0000,3064.8000,3074.6000,3075.0000,3076.0000,3076.4000,3076.8000,1,2,1,1,1,1,5,2,1,1
SF,IH2006,2020-01-09 09:32:01.900,3073.8000,7864,0,114277800.000,0,-,-,-,-,3073.2000,3073.0000,3072.8000,3070.2000,3069.0000,3074.6000,3075.0000,3076.0000,3076.4000,3076.8000,1,1,2,1,1,1,5,2,1,1
SF,IH2006,2020-01-09 09:32:02.400,3073.8000,7864,0,114277800.000,0,-,-,-,-,3073.4000,3073.2000,3072.8000,3070.2000,3069.0000,3074.6000,3075.0000,3076.0000,3076.4000,3076.8000,1,2,2,1,1,1,5,2,1,1
SF,IH2006,2020-01-09 09:32:02.900,3073.8000,7864,0,114277800.000,0,-,-,-,-,3073.4000,3073.2000,3072.8000,3070.2000,3069.0000,3074.6000,3075.0000,3076.0000,3076.4000,3076.8000,1,1,2,1,1,1,5,2,1,1
SF,IH2006,2020-01-09 09:32:03.400,3073.8000,7864,0,114277800.000,0,-,-,-,-,3073.4000,3073.2000,3072.8000,3070.2000,3069.0000,3074.6000,3075.0000,3076.0000,3076.4000,3076.8000,1,1,2,1,1,1,5,2,1,1
SF,IH2006,2020-01-09 09:32:03.900,3073.4000,7863,-1,115199820.000,1,0,1,双平,S,3073.2000,3072.8000,3070.2000,3069.0000,3064.8000,3073.4000,3074.6000,3075.0000,3076.0000,3076.4000,1,2,1,1,1,1,1,5,2,1
SF,IH2006,2020-01-09 09:32:04.400,3073.4000,7862,-1,116121840.000,1,0,1,双平,S,3073.8000,3073.4000,3073.2000,3072.8000,3070.2000,3074.6000,3075.0000,3076.0000,3076.4000,3076.8000,1,1,1,2,1,1,5,2,1,1
SF,IH2006,2020-01-09 09:32:04.900,3073.8000,7861,-1,117043980.000,1,0,1,双平,S,3073.2000,3072.8000,3070.2000,3069.0000,3064.8000,3074.4000,3074.6000,3075.0000,3076.0000,3076.4000,1,2,1,1,1,1,1,5,2,1
SF,IH2006,2020-01-09 09:32:05.900,3073.8000,7861,0,117043980.000,0,-,-,-,-,3073.2000,3073.0000,3072.8000,3070.2000,3069.0000,3074.4000,3074.6000,3075.0000,3076.0000,3076.4000,1,1,2,1,1,1,1,5,2,1
SF,IH2006,2020-01-09 09:32:06.400,3073.8000,7861,0,117043980.000,0,-,-,-,-,3073.2000,3073.0000,3072.8000,3070.2000,3069.0000,3073.8000,3074.4000,3074.6000,3075.0000,3076.0000,1,1,2,1,1,3,1,1,5,2
SF,IH2006,2020-01-09 09:32:06.900,3073.8000,7860,-1,117966120.000,1,0,1,双平,S,3073.2000,3073.0000,3072.8000,3070.2000,3069.0000,3073.8000,3074.6000,3075.0000,3076.0000,3076.4000,1,1,2,1,1,2,1,5,2,1
SF,IH2006,2020-01-09 09:32:07.400,3073.8000,7858,-2,119810400.000,2,0,2,双平,S,3073.8000,3073.2000,3073.0000,3072.8000,3070.2000,3074.6000,3075.0000,3076.0000,3076.4000,3076.8000,1,1,1,2,1,1,5,2,1,1
SF,IH2006,2020-01-09 09:32:07.900,3073.8000,7858,0,119810400.000,0,-,-,-,-,3073.2000,3073.0000,3072.8000,3070.2000,3069.0000,3074.6000,3075.0000,3076.0000,3076.4000,3076.8000,1,1,2,1,1,1,5,2,1,1
SF,IH2006,2020-01-09 09:32:08.400,3073.4000,7857,-1,120732420.000,1,0,1,双平,S,3073.2000,3073.0000,3072.8000,3070.2000,3069.0000,3073.8000,3074.6000,3075.0000,3076.0000,3076.4000,1,1,2,1,1,1,1,4,2,1
SF,IH2006,2020-01-09 09:32:08.900,3073.8000,7856,-1,121654560.000,1,0,1,双平,S,3074.2000,3073.8000,3073.4000,3073.2000,3073.0000,3074.6000,3075.0000,3076.0000,3076.4000,3076.8000,1,2,1,1,1,1,4,2,1,1
SF,IH2006,2020-01-09 09:32:09.900,3073.8000,7855,-1,122576700.000,1,0,1,双平,S,3073.8000,3073.2000,3073.0000,3072.8000,3070.2000,3074.6000,3075.0000,3076.0000,3076.4000,3076.8000,2,1,1,2,1,1,4,2,1,1
SF,IH2006,2020-01-09 09:32:10.400,3073.8000,7855,0,122576700.000,0,-,-,-,-,3073.8000,3073.2000,3073.0000,3072.8000,3070.2000,3074.4000,3074.6000,3075.0000,3076.0000,3076.4000,2,1,1,2,1,1,1,4,2,1
SF,IH2006,2020-01-09 09:32:10.900,3074.6000,7853,-2,124421400.000,2,0,2,双平,S,3073.8000,3073.2000,3073.0000,3072.8000,3070.2000,3075.0000,3076.0000,3076.4000,3076.8000,3078.0000,2,1,1,2,1,4,2,1,1,5
SF,IH2006,2020-01-09 09:32:12.400,3074.6000,7853,0,124421400.000,0,-,-,-,-,3074.0000,3073.8000,3073.2000,3073.0000,3072.8000,3075.0000,3076.0000,3076.4000,3076.8000,3078.0000,1,2,1,1,2,4,2,1,1,5
SF,IH2006,2020-01-09 09:32:12.900,3074.6000,7853,0,124421400.000,0,-,-,-,-,3074.0000,3073.8000,3073.2000,3073.0000,3072.8000,3075.0000,3076.0000,3076.4000,3076.8000,3078.0000,1,2,1,1,2,3,2,1,1,5
SF,IH2006,2020-01-09 09:32:15.400,3074.6000,7853,0,124421400.000,0,-,-,-,-,3074.0000,3073.8000,3073.2000,3073.0000,3072.8000,3075.0000,3076.0000,3076.4000,3076.8000,3078.0000,1,2,1,1,2,3,2,1,1,5
SF,IH2006,2020-01-09 09:32:15.900,3074.6000,7853,0,124421400.000,0,-,-,-,-,3073.8000,3073.2000,3073.0000,3072.8000,3070.2000,3075.0000,3076.0000,3076.4000,3076.8000,3078.0000,2,1,1,2,1,3,2,1,1,5
SF,IH2006,2020-01-09 09:32:16.400,3074.6000,7853,0,124421400.000,0,-,-,-,-,3073.8000,3073.2000,3073.0000,3072.8000,3070.2000,3074.0000,3074.6000,3075.0000,3076.0000,3076.4000,2,1,1,2,1,1,1,3,2,1
SF,IH2006,2020-01-09 09:32:16.900,3074.0000,7852,-1,125343600.000,1,0,1,双平,S,3074.4000,3073.8000,3073.2000,3073.0000,3072.8000,3074.6000,3075.0000,3076.0000,3076.4000,3076.8000,1,2,1,1,2,1,3,2,1,1
SF,IH2006,2020-01-09 09:32:17.400,3074.4000,7851,-1,126265920.000,1,0,1,双平,S,3074.0000,3073.8000,3073.2000,3073.0000,3072.8000,3074.6000,3075.0000,3076.0000,3076.4000,3076.8000,1,2,1,1,2,1,3,2,1,1
SF,IH2006,2020-01-09 09:32:17.900,3074.4000,7851,0,126265920.000,0,-,-,-,-,3074.0000,3073.8000,3073.2000,3073.0000,3072.8000,3074.4000,3074.6000,3075.0000,3076.0000,3076.4000,1,2,1,1,2,1,1,3,2,1
SF,IH2006,2020-01-09 09:32:18.400,3074.6000,7850,-1,127188300.000,1,0,1,双平,S,3074.0000,3073.8000,3073.2000,3073.0000,3072.8000,3075.0000,3076.0000,3076.4000,3076.8000,3078.0000,1,2,1,1,2,3,2,1,1,5
SF,IH2006,2020-01-09 09:32:18.900,3074.6000,7850,0,127188300.000,0,-,-,-,-,3074.2000,3074.0000,3073.8000,3073.2000,3073.0000,3075.0000,3076.0000,3076.4000,3076.8000,3078.0000,1,1,2,1,1,3,2,1,1,5
SF,IH2006,2020-01-09 09:32:21.400,3074.0000,7848,-2,129032760.000,2,0,2,双平,S,3073.8000,3073.2000,3073.0000,3072.8000,3070.2000,3074.0000,3075.0000,3076.0000,3076.4000,3076.8000,2,1,1,2,1,8,3,2,1,1
SF,IH2006,2020-01-09 09:32:21.900,3074.0000,7843,-5,133643760.000,5,0,5,双平,S,3073.8000,3073.2000,3073.0000,3072.8000,3070.2000,3074.0000,3075.0000,3076.0000,3076.4000,3076.8000,2,1,1,2,1,3,3,2,1,1
SF,IH2006,2020-01-09 09:32:22.400,3074.0000,7840,-3,136410360.000,3,0,3,双平,S,3074.0000,3073.8000,3073.2000,3073.0000,3072.8000,3075.0000,3076.0000,3076.4000,3076.8000,3078.0000,2,3,1,1,2,3,2,1,1,5
SF,IH2006,2020-01-09 09:32:22.900,3074.0000,7840,0,136410360.000,0,-,-,-,-,3074.0000,3073.8000,3073.2000,3073.0000,3072.8000,3074.8000,3075.0000,3076.0000,3076.4000,3076.8000,1,3,1,1,2,1,3,2,1,1
SF,IH2006,2020-01-09 09:32:23.900,3074.0000,7840,0,136410360.000,0,-,-,-,-,3073.8000,3073.2000,3073.0000,3072.8000,3070.2000,3074.8000,3075.0000,3076.0000,3076.4000,3076.8000,2,1,1,2,1,1,3,2,1,1
SF,IH2006,2020-01-09 09:32:24.400,3074.0000,7840,0,136410360.000,0,-,-,-,-,3073.8000,3073.2000,3073.0000,3072.8000,3070.2000,3074.8000,3075.0000,3076.0000,3076.4000,3076.6000,2,1,1,2,1,1,3,2,1,1
SF,IH2006,2020-01-09 09:32:24.900,3074.0000,7840,0,136410360.000,0,-,-,-,-,3073.2000,3073.0000,3072.8000,3070.2000,3069.0000,3074.8000,3075.0000,3076.0000,3076.4000,3076.6000,1,1,2,1,1,1,3,2,1,1
SF,IH2006,2020-01-09 09:32:25.400,3074.0000,7840,0,136410360.000,0,-,-,-,-,3073.4000,3073.2000,3073.0000,3072.8000,3070.2000,3074.8000,3075.0000,3076.0000,3076.4000,3076.6000,1,1,1,2,1,1,3,2,1,1
SF,IH2006,2020-01-09 09:32:25.900,3074.0000,7840,0,136410360.000,0,-,-,-,-,3073.6000,3073.4000,3073.2000,3073.0000,3072.8000,3074.0000,3074.8000,3075.0000,3076.0000,3076.4000,1,1,1,1,2,3,1,3,2,1
SF,IH2006,2020-01-09 09:32:26.400,3074.0000,7840,0,136410360.000,0,-,-,-,-,3073.6000,3073.4000,3073.2000,3073.0000,3072.8000,3074.0000,3074.8000,3075.0000,3075.2000,3076.0000,1,1,1,1,2,3,1,3,1,2
SF,IH2006,2020-01-09 09:32:26.900,3074.0000,7840,0,136410360.000,0,-,-,-,-,3073.2000,3073.0000,3072.8000,3070.2000,3069.0000,3074.0000,3074.8000,3075.0000,3075.2000,3076.0000,1,1,2,1,1,3,1,3,1,2
SF,IH2006,2020-01-09 09:32:27.900,3074.0000,7840,0,136410360.000,0,-,-,-,-,3073.2000,3073.0000,3072.8000,3070.2000,3069.0000,3074.0000,3074.8000,3075.0000,3075.2000,3076.0000,2,1,2,1,1,3,1,3,1,2
SF,IH2006,2020-01-09 09:32:28.400,3074.0000,7840,0,136410360.000,0,-,-,-,-,3073.2000,3073.0000,3072.8000,3070.2000,3069.0000,3074.0000,3074.8000,3075.0000,3075.2000,3076.0000,2,1,2,1,1,3,1,3,1,2
SF,IH2006,2020-01-09 09:32:28.900,3074.0000,7840,0,136410360.000,0,-,-,-,-,3073.2000,3073.0000,3072.8000,3070.2000,3069.0000,3074.0000,3074.8000,3075.0000,3075.2000,3076.0000,1,1,2,1,1,3,1,3,1,2
SF,IH2006,2020-01-09 09:32:29.400,3074.0000,7840,0,136410360.000,0,-,-,-,-,3073.2000,3073.0000,3072.8000,3070.2000,3069.0000,3074.0000,3074.8000,3075.0000,3075.2000,3076.0000,1,1,2,1,1,3,1,3,1,2
SF,IH2006,2020-01-09 09:32:29.900,3074.0000,7839,-1,137332560.000,1,0,1,双平,S,3073.2000,3073.0000,3072.8000,3070.2000,3070.0000,3074.0000,3074.8000,3075.0000,3075.2000,3076.0000,2,1,2,1,1,2,1,3,1,2
SF,IH2006,2020-01-09 09:32:30.400,3074.0000,7839,0,137332560.000,0,-,-,-,-,3073.2000,3073.0000,3072.8000,3070.2000,3070.0000,3073.8000,3074.0000,3075.0000,3075.2000,3076.0000,2,1,2,1,1,1,2,3,1,2
SF,IH2006,2020-01-09 09:32:30.900,3073.8000,7838,-1,138254700.000,1,0,1,双平,S,3073.8000,3073.2000,3073.0000,3072.8000,3070.2000,3074.0000,3075.0000,3075.2000,3076.0000,3076.4000,1,2,1,2,1,2,3,1,2,1
SF,IH2006,2020-01-09 09:32:32.400,3074.0000,7836,-2,140099100.000,2,0,2,双平,S,3073.2000,3073.0000,3072.8000,3070.2000,3070.0000,3075.0000,3075.2000,3076.0000,3076.4000,3076.8000,2,1,2,1,1,3,1,2,1,1
SF,IH2006,2020-01-09 09:32:32.900,3074.0000,7836,0,140099100.000,0,-,-,-,-,3073.4000,3073.2000,3073.0000,3072.8000,3070.2000,3074.8000,3075.0000,3075.2000,3076.0000,3076.4000,1,2,1,2,1,1,3,1,2,1
SF,IH2006,2020-01-09 09:32:33.400,3074.0000,7836,0,140099100.000,0,-,-,-,-,3073.6000,3073.4000,3073.2000,3073.0000,3072.8000,3074.8000,3075.0000,3075.2000,3076.0000,3076.4000,1,1,2,1,2,1,3,1,2,1
SF,IH2006,2020-01-09 09:32:33.900,3074.0000,7836,0,140099100.000,0,-,-,-,-,3073.8000,3073.6000,3073.2000,3073.0000,3072.8000,3075.0000,3075.2000,3076.0000,3076.4000,3076.8000,1,2,1,1,2,3,1,2,1,1
SF,IH2006,2020-01-09 09:32:34.400,3074.0000,7836,0,140099100.000,0,-,-,-,-,3073.6000,3073.2000,3073.0000,3072.8000,3070.2000,3074.8000,3075.0000,3075.2000,3076.0000,3076.4000,1,1,1,2,1,1,3,1,2,1
SF,IH2006,2020-01-09 09:32:35.900,3074.0000,7836,0,140099100.000,0,-,-,-,-,3073.6000,3073.2000,3073.0000,3072.8000,3070.2000,3074.8000,3075.0000,3075.2000,3076.0000,3076.4000,1,1,1,2,1,1,3,1,2,1
SF,IH2006,2020-01-09 09:32:38.900,3074.0000,7836,0,140099100.000,0,-,-,-,-,3073.8000,3073.6000,3073.2000,3073.0000,3072.8000,3074.8000,3075.0000,3075.2000,3076.0000,3076.4000,1,1,1,1,2,1,3,1,2,1
SF,IH2006,2020-01-09 09:32:39.400,3073.8000,7835,-1,141021240.000,1,0,1,双平,S,3073.6000,3073.2000,3073.0000,3072.8000,3070.2000,3075.0000,3075.2000,3076.0000,3076.4000,3076.8000,1,1,1,2,1,3,1,2,1,1
SF,IH2006,2020-01-09 09:32:39.900,3073.8000,7835,0,141021240.000,0,-,-,-,-,3073.6000,3073.2000,3073.0000,3072.8000,3070.2000,3074.8000,3075.0000,3075.2000,3076.0000,3076.4000,1,1,1,2,1,1,3,1,2,1
SF,IH2006,2020-01-09 09:32:43.400,3073.8000,7835,0,141021240.000,0,-,-,-,-,3073.6000,3073.2000,3073.0000,3072.8000,3070.2000,3074.8000,3075.0000,3075.2000,3076.0000,3076.4000,1,1,1,2,1,1,3,1,2,1
SF,IH2006,2020-01-09 09:32:47.900,3073.8000,7835,0,141021240.000,0,-,-,-,-,3073.6000,3073.2000,3073.0000,3072.8000,3070.2000,3074.8000,3075.0000,3075.2000,3076.0000,3076.4000,1,1,1,2,1,1,3,1,2,1
SF,IH2006,2020-01-09 09:32:48.400,3075.0000,7834,-1,141943740.000,1,0,1,双平,S,3073.8000,3073.6000,3073.2000,3073.0000,3072.8000,3075.0000,3075.2000,3076.0000,3076.4000,3076.8000,1,1,1,1,2,2,1,2,1,1
SF,IH2006,2020-01-09 09:32:51.900,3075.0000,7834,0,141943740.000,0,-,-,-,-,3073.8000,3073.6000,3073.2000,3073.0000,3072.8000,3075.0000,3075.2000,3076.0000,3076.4000,3076.8000,1,1,1,1,2,2,1,2,1,1
SF,IH2006,2020-01-09 09:32:54.900,3073.8000,7833,-1,142865880.000,1,0,1,双平,S,3073.6000,3073.2000,3073.0000,3072.8000,3070.2000,3074.8000,3075.0000,3075.2000,3076.0000,3076.4000,1,1,1,2,1,1,2,1,2,1
SF,IH2006,2020-01-09 09:32:55.400,3073.8000,7833,0,142865880.000,0,-,-,-,-,3073.6000,3073.2000,3073.0000,3072.8000,3070.2000,3074.6000,3074.8000,3075.0000,3075.2000,3076.0000,1,1,1,2,1,1,1,2,1,2
SF,IH2006,2020-01-09 09:32:55.900,3073.8000,7833,0,142865880.000,0,-,-,-,-,3073.6000,3073.2000,3073.0000,3072.8000,3070.2000,3074.6000,3075.0000,3075.2000,3076.0000,3076.4000,1,1,1,2,1,1,2,1,2,1
SF,IH2006,2020-01-09 09:32:57.400,3073.6000,7833,0,143787960.000,1,0,1,多换,S,3073.2000,3073.0000,3072.8000,3070.2000,3070.0000,3074.6000,3075.0000,3075.2000,3076.0000,3076.4000,1,1,2,1,1,1,2,1,2,1
SF,IH2006,2020-01-09 09:32:57.900,3073.6000,7833,0,143787960.000,0,-,-,-,-,3073.2000,3073.0000,3072.8000,3070.2000,3070.0000,3073.6000,3074.6000,3075.0000,3075.2000,3076.0000,1,1,2,1,1,1,1,2,1,2
SF,IH2006,2020-01-09 09:32:58.400,3073.6000,7833,0,143787960.000,0,-,-,-,-,3074.0000,3073.2000,3073.0000,3072.8000,3070.2000,3074.6000,3075.0000,3075.2000,3076.0000,3076.4000,1,1,1,2,1,1,2,1,2,1
SF,IH2006,2020-01-09 09:32:58.900,3074.0000,7832,-1,144710160.000,1,0,1,双平,S,3073.2000,3073.0000,3072.8000,3070.2000,3070.0000,3073.8000,3075.0000,3075.2000,3076.0000,3076.4000,1,1,2,1,1,1,2,1,2,1
SF,IH2006,2020-01-09 09:32:59.400,3074.0000,7832,0,144710160.000,0,-,-,-,-,3074.2000,3073.2000,3073.0000,3072.8000,3070.2000,3075.0000,3075.2000,3076.0000,3076.4000,3076.8000,1,1,1,2,1,2,1,2,1,1
SF,IH2006,2020-01-09 09:32:59.900,3074.2000,7831,-1,145632420.000,1,0,1,双平,S,3073.2000,3073.0000,3072.8000,3070.2000,3070.0000,3074.0000,3075.0000,3075.2000,3076.0000,3076.4000,1,1,2,1,1,1,2,1,2,1
SF,IH2006,2020-01-09 09:33:00.400,3074.2000,7831,0,145632420.000,0,-,-,-,-,3073.2000,3073.0000,3072.8000,3070.2000,3070.0000,3075.0000,3075.2000,3076.0000,3076.4000,3076.8000,1,1,2,1,1,2,1,2,1,1
SF,IH2006,2020-01-09 09:33:00.900,3074.2000,7831,0,145632420.000,0,-,-,-,-,3073.4000,3073.2000,3073.0000,3072.8000,3070.2000,3074.8000,3075.0000,3075.2000,3076.0000,3076.4000,1,1,1,2,1,1,2,1,2,1
SF,IH2006,2020-01-09 09:33:01.400,3074.2000,7831,0,145632420.000,0,-,-,-,-,3073.2000,3073.0000,3072.8000,3070.2000,3070.0000,3074.8000,3075.0000,3075.2000,3076.0000,3076.4000,1,1,2,1,1,1,2,1,2,1
SF,IH2006,2020-01-09 09:33:01.900,3074.2000,7831,0,145632420.000,0,-,-,-,-,3073.6000,3073.4000,3073.2000,3073.0000,3072.8000,3074.8000,3075.0000,3075.2000,3076.0000,3076.4000,1,2,1,1,2,1,2,1,2,1
SF,IH2006,2020-01-09 09:33:02.400,3074.2000,7831,0,145632420.000,0,-,-,-,-,3073.8000,3073.6000,3073.4000,3073.2000,3073.0000,3075.0000,3075.2000,3076.0000,3076.4000,3076.8000,1,1,1,1,1,2,1,2,1,1
SF,IH2006,2020-01-09 09:33:02.900,3074.2000,7831,0,145632420.000,0,-,-,-,-,3073.4000,3073.2000,3073.0000,3072.8000,3070.2000,3074.8000,3075.0000,3075.2000,3076.0000,3076.4000,1,1,1,2,1,1,2,1,2,1
SF,IH2006,2020-01-09 09:33:03.400,3074.2000,7831,0,145632420.000,0,-,-,-,-,3073.4000,3073.2000,3073.0000,3072.8000,3070.2000,3074.8000,3075.0000,3075.2000,3076.0000,3076.4000,1,1,1,2,1,1,2,1,2,1
SF,IH2006,2020-01-09 09:33:03.900,3074.2000,7831,0,145632420.000,0,-,-,-,-,3073.4000,3073.2000,3073.0000,3072.8000,3070.2000,3074.8000,3075.0000,3075.2000,3076.0000,3076.4000,1,1,1,2,1,1,2,1,2,1
SF,IH2006,2020-01-09 09:33:04.400,3074.2000,7831,0,145632420.000,0,-,-,-,-,3073.4000,3073.2000,3073.0000,3072.8000,3070.2000,3074.8000,3075.0000,3075.2000,3076.0000,3076.4000,1,1,1,2,1,1,3,1,2,1
SF,IH2006,2020-01-09 09:33:05.400,3074.2000,7831,0,145632420.000,0,-,-,-,-,3073.6000,3073.4000,3073.2000,3073.0000,3072.8000,3074.8000,3075.0000,3075.2000,3076.0000,3076.4000,1,1,1,1,2,1,3,1,2,1
SF,IH2006,2020-01-09 09:33:05.900,3074.2000,7831,0,145632420.000,0,-,-,-,-,3073.8000,3073.6000,3073.4000,3073.0000,3072.8000,3075.0000,3075.2000,3076.0000,3076.4000,3076.8000,1,2,1,1,2,3,1,2,1,1
SF,IH2006,2020-01-09 09:33:06.900,3074.2000,7831,0,145632420.000,0,-,-,-,-,3073.8000,3073.6000,3073.4000,3073.0000,3072.8000,3075.0000,3075.2000,3076.0000,3076.4000,3076.8000,1,1,1,1,2,3,1,2,1,1
SF,IH2006,2020-01-09 09:33:07.400,3074.2000,7831,0,145632420.000,0,-,-,-,-,3073.6000,3073.4000,3073.0000,3072.8000,3070.2000,3074.8000,3075.0000,3075.2000,3076.0000,3076.4000,1,1,1,2,1,1,3,1,2,1
SF,IH2006,2020-01-09 09:33:08.400,3073.6000,7831,0,146554500.000,1,0,1,多换,S,3073.4000,3073.0000,3072.8000,3070.2000,3069.0000,3074.8000,3075.0000,3075.2000,3076.0000,3076.4000,1,1,2,1,1,1,3,1,2,1
SF,IH2006,2020-01-09 09:33:08.900,3073.6000,7831,0,146554500.000,0,-,-,-,-,3073.4000,3073.0000,3072.8000,3070.2000,3069.0000,3074.8000,3075.0000,3075.2000,3076.0000,3076.4000,1,1,2,1,1,1,3,1,2,1
SF,IH2006,2020-01-09 09:33:09.400,3073.6000,7831,0,146554500.000,0,-,-,-,-,3073.4000,3073.0000,3072.8000,3070.2000,3069.0000,3074.8000,3075.0000,3075.2000,3076.0000,3076.4000,1,1,2,1,1,1,3,1,2,1
SF,IH2006,2020-01-09 09:33:09.900,3073.6000,7831,0,146554500.000,0,-,-,-,-,3073.4000,3073.0000,3072.8000,3070.2000,3069.0000,3074.8000,3075.0000,3075.2000,3076.0000,3076.4000,1,1,2,1,1,1,3,1,2,1
SF,IH2006,2020-01-09 09:33:11.400,3073.6000,7831,0,146554500.000,0,-,-,-,-,3073.4000,3073.0000,3072.8000,3070.2000,3069.0000,3074.8000,3075.0000,3075.2000,3076.0000,3076.4000,1,1,2,1,1,1,4,1,2,1
SF,IH2006,2020-01-09 09:33:11.900,3073.6000,7831,0,146554500.000,0,-,-,-,-,3073.6000,3073.4000,3073.0000,3072.8000,3070.2000,3074.8000,3075.0000,3075.2000,3076.0000,3076.4000,1,1,1,2,1,1,4,1,2,1
SF,IH2006,2020-01-09 09:33:12.400,3074.8000,7831,0,147476940.000,1,0,1,多换,S,3073.6000,3073.4000,3073.0000,3072.8000,3070.2000,3075.0000,3075.2000,3076.0000,3076.4000,3076.8000,1,1,1,2,1,4,1,2,1,1
SF,IH2006,2020-01-09 09:33:15.900,3074.8000,7831,0,147476940.000,0,-,-,-,-,3073.8000,3073.6000,3073.4000,3073.0000,3072.8000,3075.0000,3075.2000,3076.0000,3076.4000,3076.8000,1,1,1,1,2,3,1,2,1,1
SF,IH2006,2020-01-09 09:33:16.400,3074.8000,7831,0,147476940.000,0,-,-,-,-,3074.0000,3073.8000,3073.4000,3073.0000,3072.8000,3075.0000,3075.2000,3076.0000,3076.4000,3076.8000,1,1,1,1,2,3,1,2,1,1
SF,IH2006,2020-01-09 09:33:16.900,3074.8000,7831,0,147476940.000,0,-,-,-,-,3074.0000,3073.8000,3073.4000,3073.0000,3072.8000,3075.0000,3075.2000,3076.0000,3076.4000,3076.8000,1,2,1,1,2,3,1,2,1,1
SF,IH2006,2020-01-09 09:33:18.400,3074.8000,7831,0,147476940.000,0,-,-,-,-,3074.0000,3073.8000,3073.4000,3073.0000,3072.8000,3075.0000,3075.2000,3076.0000,3076.4000,3076.8000,2,2,1,1,2,3,1,2,1,1
SF,IH2006,2020-01-09 09:33:19.900,3074.8000,7831,0,147476940.000,0,-,-,-,-,3074.0000,3073.8000,3073.4000,3073.0000,3072.8000,3075.0000,3075.2000,3076.0000,3076.4000,3076.8000,2,2,1,1,2,3,1,2,1,1
SF,IH2006,2020-01-09 09:33:20.900,3074.8000,7831,0,147476940.000,0,-,-,-,-,3074.0000,3073.8000,3073.4000,3073.0000,3072.8000,3075.0000,3075.2000,3076.0000,3076.4000,3076.8000,1,2,1,1,2,3,1,2,1,1
SF,IH2006,2020-01-09 09:33:22.900,3074.8000,7831,0,147476940.000,0,-,-,-,-,3074.0000,3073.8000,3073.4000,3073.0000,3072.8000,3075.0000,3075.2000,3076.0000,3076.4000,3076.8000,1,2,1,1,2,4,1,2,1,1
SF,IH2006,2020-01-09 09:33:23.400,3074.8000,7831,0,147476940.000,0,-,-,-,-,3074.0000,3073.8000,3073.4000,3073.0000,3072.8000,3075.0000,3075.2000,3076.0000,3076.4000,3076.8000,1,1,1,1,2,4,1,2,1,1
SF,IH2006,2020-01-09 09:33:25.400,3074.8000,7831,0,147476940.000,0,-,-,-,-,3074.0000,3073.8000,3073.4000,3072.8000,3070.2000,3075.0000,3075.2000,3076.0000,3076.4000,3076.8000,1,1,1,2,1,4,1,2,1,1
SF,IH2006,2020-01-09 09:33:26.900,3073.8000,7830,-1,149321280.000,2,0,2,多平,S,3073.4000,3072.8000,3070.2000,3069.0000,3066.6000,3075.0000,3075.2000,3076.0000,3076.4000,3076.8000,1,2,1,1,6,4,1,2,1,1
SF,IH2006,2020-01-09 09:33:27.400,3073.8000,7830,0,149321280.000,0,-,-,-,-,3073.4000,3072.8000,3070.2000,3069.0000,3066.6000,3073.8000,3074.8000,3075.0000,3075.2000,3076.0000,1,2,1,1,6,1,1,4,1,2
SF,IH2006,2020-01-09 09:33:28.400,3073.8000,7829,-1,150243420.000,1,0,1,双平,S,3073.4000,3072.8000,3070.2000,3069.0000,3066.6000,3074.8000,3075.0000,3075.2000,3076.0000,3076.4000,1,2,1,1,6,1,4,1,2,1
SF,IH2006,2020-01-09 09:33:28.900,3073.4000,7828,-1,151165440.000,1,0,1,双平,S,3072.8000,3070.2000,3069.0000,3066.6000,3065.0000,3074.8000,3075.0000,3075.2000,3076.0000,3076.4000,2,1,1,6,1,1,4,1,2,1
SF,IH2006,2020-01-09 09:33:29.400,3074.6000,7826,-2,153010200.000,2,0,2,双平,S,3073.0000,3072.8000,3070.2000,3069.0000,3066.6000,3074.8000,3075.0000,3075.2000,3076.0000,3076.4000,1,2,1,1,6,1,4,1,2,1
SF,IH2006,2020-01-09 09:33:29.900,3074.6000,7826,0,153010200.000,0,-,-,-,-,3072.8000,3070.2000,3069.0000,3066.6000,3065.0000,3074.8000,3075.0000,3075.2000,3076.0000,3076.4000,2,1,1,6,1,1,4,1,2,1
SF,IH2006,2020-01-09 09:33:30.400,3074.6000,7826,0,153010200.000,0,-,-,-,-,3073.0000,3072.8000,3070.2000,3069.0000,3066.6000,3074.8000,3075.0000,3075.2000,3076.0000,3076.4000,1,2,1,1,6,1,5,1,2,1
SF,IH2006,2020-01-09 09:33:30.900,3074.6000,7826,0,153010200.000,0,-,-,-,-,3073.0000,3072.8000,3070.2000,3069.0000,3066.6000,3074.8000,3075.0000,3075.2000,3076.0000,3076.4000,1,2,1,1,6,1,5,1,2,1
SF,IH2006,2020-01-09 09:33:31.400,3074.6000,7826,0,153010200.000,0,-,-,-,-,3073.0000,3072.8000,3070.2000,3069.0000,3066.6000,3074.8000,3075.0000,3075.2000,3076.0000,3076.4000,1,2,1,1,6,1,5,1,2,1
SF,IH2006,2020-01-09 09:33:31.900,3074.6000,7826,0,153010200.000,0,-,-,-,-,3073.0000,3072.8000,3070.2000,3069.0000,3066.6000,3074.8000,3075.0000,3075.2000,3076.0000,3076.4000,1,2,1,1,6,1,5,1,2,1
SF,IH2006,2020-01-09 09:33:34.400,3074.6000,7826,0,153010200.000,0,-,-,-,-,3073.0000,3072.8000,3070.2000,3069.0000,3066.6000,3074.2000,3074.8000,3075.0000,3075.2000,3076.0000,1,2,1,1,6,1,1,5,1,2
SF,IH2006,2020-01-09 09:33:35.400,3074.8000,7825,-1,154855020.000,2,0,2,多平,S,3074.8000,3073.0000,3072.8000,3070.2000,3069.0000,3075.0000,3075.2000,3076.0000,3076.4000,3076.8000,11,1,2,1,1,5,1,2,1,1
SF,IH2006,2020-01-09 09:33:35.900,3074.8000,7820,-5,165001860.000,11,3,8,多平,S,3073.0000,3072.8000,3070.2000,3069.0000,3066.6000,3074.8000,3075.0000,3075.2000,3076.0000,3076.4000,1,2,1,1,6,2,5,1,2,1
SF,IH2006,2020-01-09 09:33:36.400,3073.0000,7819,-1,165923760.000,1,0,1,双平,S,3072.8000,3070.2000,3069.0000,3066.6000,3065.0000,3074.6000,3074.8000,3075.0000,3075.2000,3076.0000,2,1,1,6,1,1,2,5,1,2
SF,IH2006,2020-01-09 09:33:40.400,3074.6000,7818,-1,166846140.000,1,0,1,双平,S,3072.8000,3070.2000,3069.0000,3066.6000,3065.0000,3074.8000,3075.0000,3075.2000,3076.0000,3076.4000,2,1,1,6,1,2,5,1,2,1
SF,IH2006,2020-01-09 09:33:40.900,3074.6000,7818,0,166846140.000,0,-,-,-,-,3073.0000,3072.8000,3070.2000,3069.0000,3066.6000,3074.8000,3075.0000,3075.2000,3076.0000,3076.4000,4,2,1,1,6,2,5,1,2,1
SF,IH2006,2020-01-09 09:33:41.900,3074.6000,7818,0,166846140.000,0,-,-,-,-,3073.0000,3072.8000,3070.2000,3069.0000,3066.6000,3074.6000,3074.8000,3075.0000,3075.2000,3076.0000,1,2,1,1,6,4,2,5,1,2
SF,IH2006,2020-01-09 09:33:42.400,3073.0000,7817,-1,167768040.000,1,0,1,双平,S,3072.8000,3070.2000,3069.0000,3066.6000,3065.0000,3074.4000,3074.6000,3074.8000,3075.0000,3075.2000,2,1,1,6,1,1,4,2,5,1
SF,IH2006,2020-01-09 09:33:42.900,3072.8000,7817,0,168689880.000,1,0,1,多换,S,3072.8000,3070.2000,3069.0000,3066.6000,3065.0000,3074.2000,3074.4000,3074.6000,3074.8000,3075.0000,1,1,1,6,1,1,1,4,2,5
SF,IH2006,2020-01-09 09:33:43.900,3072.8000,7817,0,168689880.000,0,-,-,-,-,3073.0000,3072.8000,3070.2000,3069.0000,3066.6000,3074.2000,3074.4000,3074.6000,3074.8000,3075.0000,1,1,1,1,6,1,1,4,2,5
SF,IH2006,2020-01-09 09:33:44.400,3072.8000,7817,0,168689880.000,0,-,-,-,-,3073.0000,3072.8000,3070.2000,3069.0000,3066.6000,3074.2000,3074.4000,3074.6000,3074.8000,3075.0000,1,1,1,1,6,1,1,4,2,4
SF,IH2006,2020-01-09 09:33:44.900,3072.8000,7817,0,168689880.000,0,-,-,-,-,3073.2000,3073.0000,3072.8000,3070.2000,3069.0000,3074.2000,3074.8000,3075.0000,3075.2000,3076.0000,1,1,1,1,1,1,2,4,1,2
SF,IH2006,2020-01-09 09:33:45.400,3072.8000,7817,0,168689880.000,0,-,-,-,-,3073.0000,3072.8000,3070.2000,3069.0000,3066.6000,3074.2000,3074.8000,3075.0000,3075.2000,3076.0000,1,1,1,1,6,1,2,5,1,2
SF,IH2006,2020-01-09 09:33:47.400,3072.8000,7817,0,168689880.000,0,-,-,-,-,3073.2000,3073.0000,3072.8000,3070.2000,3069.0000,3074.2000,3074.8000,3075.0000,3075.2000,3076.0000,1,1,1,1,1,1,2,5,1,2
SF,IH2006,2020-01-09 09:33:47.900,3072.8000,7817,0,168689880.000,0,-,-,-,-,3073.2000,3073.0000,3072.8000,3070.2000,3069.0000,3074.2000,3074.8000,3075.0000,3075.2000,3076.0000,1,1,1,1,1,1,2,5,1,2
SF,IH2006,2020-01-09 09:33:48.400,3073.2000,7817,0,169611840.000,1,0,1,多换,S,3073.0000,3072.8000,3070.2000,3069.0000,3066.6000,3074.2000,3074.8000,3075.0000,3075.2000,3075.6000,1,1,1,1,6,1,2,5,1,1
SF,IH2006,2020-01-09 09:33:50.900,3073.2000,7817,0,169611840.000,0,-,-,-,-,3073.2000,3073.0000,3072.8000,3070.2000,3069.0000,3074.2000,3074.8000,3075.0000,3075.2000,3075.6000,1,1,1,1,1,1,2,5,1,1
SF,IH2006,2020-01-09 09:33:51.400,3073.2000,7817,0,169611840.000,0,-,-,-,-,3073.0000,3072.8000,3070.2000,3069.0000,3066.6000,3074.2000,3074.8000,3075.0000,3075.2000,3075.6000,1,1,1,1,6,1,2,5,1,1
SF,IH2006,2020-01-09 09:33:51.900,3073.2000,7817,0,169611840.000,0,-,-,-,-,3073.0000,3072.8000,3070.2000,3069.0000,3066.6000,3074.0000,3074.2000,3074.8000,3075.0000,3075.2000,1,1,1,1,6,1,1,2,5,1
SF,IH2006,2020-01-09 09:33:52.400,3073.2000,7817,0,169611840.000,0,-,-,-,-,3073.0000,3072.8000,3070.2000,3069.0000,3066.6000,3074.0000,3074.2000,3074.8000,3075.0000,3075.2000,2,1,1,1,6,1,1,2,5,1
SF,IH2006,2020-01-09 09:33:52.900,3073.2000,7817,0,169611840.000,0,-,-,-,-,3073.0000,3072.8000,3070.2000,3069.0000,3066.6000,3074.0000,3074.2000,3074.8000,3075.0000,3075.2000,2,1,1,1,6,3,6,2,5,1
SF,IH2006,2020-01-09 09:33:54.400,3073.2000,7817,0,169611840.000,0,-,-,-,-,3073.2000,3073.0000,3072.8000,3070.2000,3069.0000,3074.0000,3074.2000,3074.8000,3075.0000,3075.2000,1,2,1,1,1,3,6,2,5,1
SF,IH2006,2020-01-09 09:33:54.900,3073.2000,7817,0,170533800.000,1,0,1,多换,S,3073.0000,3072.8000,3070.2000,3069.0000,3066.6000,3074.0000,3074.2000,3074.8000,3075.0000,3075.2000,2,1,1,1,6,3,6,2,5,1
SF,IH2006,2020-01-09 09:33:55.400,3073.2000,7817,0,170533800.000,0,-,-,-,-,3073.0000,3072.8000,3070.2000,3069.0000,3066.6000,3074.0000,3074.2000,3074.8000,3075.0000,3075.2000,2,1,1,1,6,3,6,2,5,1
SF,IH2006,2020-01-09 09:33:58.400,3073.0000,7816,-1,172377600.000,2,0,2,多平,S,3072.8000,3070.2000,3069.0000,3066.6000,3065.0000,3074.0000,3074.2000,3074.8000,3075.0000,3075.2000,1,1,1,6,1,3,6,2,5,1
SF,IH2006,2020-01-09 09:33:58.900,3073.0000,7816,0,172377600.000,0,-,-,-,-,3072.8000,3070.2000,3069.0000,3066.6000,3065.0000,3073.8000,3074.0000,3074.2000,3074.8000,3075.0000,1,1,1,6,1,1,3,5,2,5
SF,IH2006,2020-01-09 09:33:59.400,3073.0000,7816,0,172377600.000,0,-,-,-,-,3072.8000,3070.2000,3069.0000,3066.6000,3065.0000,3073.6000,3073.8000,3074.0000,3074.2000,3074.8000,1,1,1,6,1,1,1,3,5,2
SF,IH2006,2020-01-09 09:33:59.900,3073.0000,7816,0,172377600.000,0,-,-,-,-,3072.8000,3070.2000,3069.0000,3066.6000,3065.0000,3073.4000,3073.6000,3074.0000,3074.2000,3074.8000,1,1,1,6,1,1,1,3,5,2
SF,IH2006,2020-01-09 09:34:00.400,3073.0000,7816,0,172377600.000,0,-,-,-,-,3072.8000,3070.2000,3069.0000,3066.6000,3065.0000,3073.2000,3073.4000,3074.0000,3074.2000,3074.8000,1,1,1,6,1,1,1,3,5,3
SF,IH2006,2020-01-09 09:34:00.900,3073.0000,7816,0,172377600.000,0,-,-,-,-,3072.8000,3070.2000,3069.0000,3066.6000,3065.0000,3073.2000,3073.4000,3074.0000,3074.2000,3074.8000,1,1,1,6,1,1,1,3,5,2
SF,IH2006,2020-01-09 09:34:02.400,3073.2000,7815,-1,173299560.000,1,0,1,双平,S,3073.2000,3072.8000,3070.2000,3069.0000,3066.6000,3073.4000,3074.0000,3074.2000,3074.8000,3075.0000,1,1,1,1,6,1,3,5,2,5
SF,IH2006,2020-01-09 09:34:02.900,3073.4000,7814,-1,174221580.000,1,0,1,双平,S,3073.6000,3073.4000,3073.2000,3072.8000,3070.2000,3074.0000,3074.2000,3074.8000,3075.0000,3075.2000,2,2,1,1,1,3,5,2,5,1
SF,IH2006,2020-01-09 09:34:03.400,3074.0000,7811,-3,176988180.000,3,0,3,双平,S,3073.6000,3073.4000,3073.2000,3072.8000,3070.2000,3074.2000,3074.8000,3075.0000,3075.2000,3075.6000,2,2,1,1,1,5,2,5,1,1
SF,IH2006,2020-01-09 09:34:03.900,3074.0000,7811,0,176988180.000,0,-,-,-,-,3074.0000,3073.8000,3073.6000,3073.4000,3073.2000,3074.2000,3074.8000,3075.0000,3075.2000,3075.6000,1,1,3,2,1,5,2,5,1,1
SF,IH2006,2020-01-09 09:34:04.400,3074.2000,7806,-5,181599480.000,5,0,5,双平,S,3074.2000,3074.0000,3073.8000,3073.6000,3073.4000,3074.8000,3075.0000,3075.2000,3075.6000,3076.0000,1,1,1,3,2,1,5,1,1,3
SF,IH2006,2020-01-09 09:34:04.900,3074.2000,7805,-1,182521740.000,1,0,1,双平,S,3074.2000,3074.0000,3073.8000,3073.6000,3073.4000,3074.8000,3075.0000,3075.2000,3075.6000,3076.0000,1,1,1,2,2,1,5,1,1,3
SF,IH2006,2020-01-09 09:34:05.400,3074.2000,7804,-1,183444000.000,1,0,1,双平,S,3073.8000,3073.6000,3073.4000,3073.2000,3072.8000,3074.8000,3075.0000,3075.2000,3075.6000,3076.0000,1,2,2,1,1,1,5,1,1,3
SF,IH2006,2020-01-09 09:34:05.900,3074.2000,7804,0,183444000.000,0,-,-,-,-,3073.6000,3073.4000,3073.2000,3072.8000,3070.2000,3074.8000,3075.0000,3075.2000,3075.6000,3076.0000,2,2,1,1,1,1,5,1,1,3
SF,IH2006,2020-01-09 09:34:06.400,3074.2000,7804,0,183444000.000,0,-,-,-,-,3073.4000,3073.2000,3072.8000,3070.2000,3069.0000,3074.8000,3075.0000,3075.2000,3075.6000,3076.0000,2,1,1,1,1,1,5,1,1,3
SF,IH2006,2020-01-09 09:34:06.900,3074.2000,7804,0,183444000.000,0,-,-,-,-,3073.6000,3073.4000,3073.2000,3072.8000,3070.2000,3074.8000,3075.0000,3075.2000,3075.6000,3076.0000,2,1,1,1,1,1,5,1,1,3
SF,IH2006,2020-01-09 09:34:07.400,3074.2000,7804,0,183444000.000,0,-,-,-,-,3073.8000,3073.6000,3073.4000,3073.2000,3072.8000,3074.6000,3074.8000,3075.0000,3075.2000,3075.6000,1,1,1,1,1,1,1,5,1,1
SF,IH2006,2020-01-09 09:34:07.900,3073.4000,7805,1,186210240.000,3,2,1,空开,S,3073.2000,3072.8000,3070.2000,3069.0000,3066.6000,3074.6000,3074.8000,3075.0000,3075.2000,3075.6000,1,1,1,1,6,1,1,5,1,1
SF,IH2006,2020-01-09 09:34:08.400,3073.4000,7805,0,186210240.000,0,-,-,-,-,3073.4000,3073.2000,3072.8000,3070.2000,3069.0000,3074.6000,3074.8000,3075.0000,3075.2000,3075.6000,3,1,1,1,1,1,1,5,1,1
SF,IH2006,2020-01-09 09:34:08.900,3073.4000,7805,0,186210240.000,0,-,-,-,-,3073.4000,3073.2000,3072.8000,3070.2000,3069.0000,3074.8000,3075.0000,3075.2000,3075.6000,3076.0000,3,1,1,1,1,1,5,1,1,3
SF,IH2006,2020-01-09 09:34:09.900,3073.4000,7805,0,186210240.000,0,-,-,-,-,3073.4000,3073.2000,3072.8000,3070.2000,3069.0000,3074.6000,3074.8000,3075.0000,3075.2000,3075.6000,2,1,1,1,1,1,1,5,1,1
SF,IH2006,2020-01-09 09:34:10.400,3073.4000,7805,0,186210240.000,0,-,-,-,-,3073.4000,3073.2000,3072.8000,3070.2000,3069.0000,3074.4000,3074.6000,3074.8000,3075.0000,3075.2000,1,1,1,1,1,1,1,1,5,1
SF,IH2006,2020-01-09 09:34:11.900,3074.6000,7804,-1,188054940.000,2,0,2,多平,S,3073.4000,3073.2000,3072.8000,3070.2000,3069.0000,3074.8000,3075.0000,3075.2000,3075.6000,3076.0000,1,1,1,1,1,1,5,1,1,3
SF,IH2006,2020-01-09 09:34:12.400,3074.6000,7804,0,188054940.000,0,-,-,-,-,3073.6000,3073.4000,3073.2000,3072.8000,3070.2000,3074.8000,3075.0000,3075.2000,3075.6000,3076.0000,1,1,1,1,1,1,5,1,1,3
SF,IH2006,2020-01-09 09:34:14.400,3074.6000,7804,0,188054940.000,0,-,-,-,-,3073.6000,3073.4000,3073.2000,3072.8000,3070.2000,3074.2000,3074.8000,3075.0000,3075.2000,3075.6000,1,1,1,1,1,2,1,5,1,1
SF,IH2006,2020-01-09 09:34:14.900,3074.6000,7804,0,188977320.000,1,0,1,多换,S,3073.8000,3073.6000,3073.2000,3072.8000,3070.2000,3074.2000,3074.8000,3075.0000,3075.2000,3075.6000,1,1,1,1,1,1,1,5,1,1
SF,IH2006,2020-01-09 09:34:15.400,3074.6000,7804,0,188977320.000,0,-,-,-,-,3074.0000,3073.8000,3073.2000,3072.8000,3070.2000,3074.2000,3074.8000,3075.0000,3075.2000,3075.6000,1,1,1,1,1,1,1,5,1,1
SF,IH2006,2020-01-09 09:34:15.900,3074.0000,7803,-1,189899520.000,1,0,1,双平,S,3073.8000,3073.6000,3073.2000,3072.8000,3070.2000,3074.0000,3074.2000,3074.8000,3075.0000,3075.2000,1,1,1,1,1,1,1,1,5,1
SF,IH2006,2020-01-09 09:34:16.400,3073.8000,7802,-1,190821660.000,1,0,1,双平,S,3073.6000,3073.2000,3072.8000,3070.2000,3069.0000,3074.0000,3074.2000,3074.8000,3075.0000,3075.2000,1,1,1,1,1,1,1,1,5,1
SF,IH2006,2020-01-09 09:34:17.400,3073.8000,7802,0,190821660.000,0,-,-,-,-,3073.6000,3073.2000,3072.8000,3070.2000,3069.0000,3074.2000,3074.8000,3075.0000,3075.2000,3075.6000,1,1,1,1,1,1,1,5,1,1
SF,IH2006,2020-01-09 09:34:17.900,3074.8000,7802,0,192666360.000,2,1,1,多换,S,3074.8000,3074.0000,3073.6000,3073.2000,3072.8000,3075.0000,3075.2000,3075.6000,3076.0000,3076.4000,1,1,1,1,1,5,1,1,3,1
SF,IH2006,2020-01-09 09:34:18.400,3074.8000,7802,0,193588800.000,1,0,1,多换,S,3074.0000,3073.6000,3073.2000,3072.8000,3070.2000,3074.8000,3075.0000,3075.2000,3075.6000,3076.0000,1,1,1,1,1,2,5,1,1,3
SF,IH2006,2020-01-09 09:34:18.900,3074.8000,7802,0,193588800.000,0,-,-,-,-,3074.0000,3073.6000,3073.2000,3072.8000,3070.2000,3074.8000,3075.0000,3075.2000,3075.6000,3076.0000,1,1,1,1,1,2,5,1,1,3
SF,IH2006,2020-01-09 09:34:19.400,3074.8000,7802,0,193588800.000,0,-,-,-,-,3074.0000,3073.6000,3073.2000,3072.8000,3070.2000,3074.8000,3075.0000,3075.2000,3075.6000,3076.0000,1,1,1,1,1,3,5,1,1,3
SF,IH2006,2020-01-09 09:34:19.900,3074.0000,7803,1,194511000.000,1,1,0,双开,S,3073.6000,3073.2000,3072.8000,3070.2000,3069.0000,3074.8000,3075.0000,3075.2000,3075.6000,3076.0000,1,1,1,1,1,3,5,1,1,3
SF,IH2006,2020-01-09 09:34:20.400,3074.0000,7803,0,194511000.000,0,-,-,-,-,3073.6000,3073.2000,3072.8000,3070.2000,3069.0000,3074.6000,3074.8000,3075.0000,3075.2000,3075.6000,1,1,1,1,1,1,3,5,1,1
SF,IH2006,2020-01-09 09:34:20.900,3074.0000,7803,0,194511000.000,0,-,-,-,-,3073.6000,3073.2000,3072.8000,3070.2000,3069.0000,3074.6000,3074.8000,3075.0000,3075.2000,3075.6000,1,1,1,1,1,1,3,5,1,1
SF,IH2006,2020-01-09 09:34:21.400,3073.6000,7803,0,195433080.000,1,0,1,多换,S,3072.8000,3070.2000,3069.0000,3066.6000,3065.2000,3073.6000,3074.6000,3074.8000,3075.0000,3075.2000,1,1,1,6,1,1,1,3,5,1
SF,IH2006,2020-01-09 09:34:21.900,3073.6000,7803,0,195433080.000,0,-,-,-,-,3073.0000,3072.8000,3070.2000,3069.0000,3066.6000,3074.6000,3074.8000,3075.0000,3075.2000,3075.6000,1,1,1,1,6,1,3,5,1,1
SF,IH2006,2020-01-09 09:34:22.400,3073.6000,7803,0,195433080.000,0,-,-,-,-,3073.2000,3073.0000,3072.8000,3070.2000,3069.0000,3074.6000,3074.8000,3075.0000,3075.2000,3075.6000,1,1,1,1,1,1,3,5,1,1
SF,IH2006,2020-01-09 09:34:22.900,3073.6000,7803,0,195433080.000,0,-,-,-,-,3073.6000,3073.2000,3073.0000,3072.8000,3070.2000,3074.6000,3074.8000,3075.0000,3075.2000,3075.6000,1,1,1,1,1,1,3,5,1,1
SF,IH2006,2020-01-09 09:34:23.400,3073.6000,7803,0,195433080.000,0,-,-,-,-,3073.6000,3073.0000,3072.8000,3070.2000,3069.0000,3074.6000,3074.8000,3075.0000,3075.2000,3075.6000,1,1,1,1,1,1,3,5,1,1
SF,IH2006,2020-01-09 09:34:25.400,3073.6000,7803,0,195433080.000,0,-,-,-,-,3073.6000,3073.0000,3072.8000,3070.2000,3069.0000,3074.4000,3074.6000,3074.8000,3075.0000,3075.2000,1,1,1,1,1,1,1,3,5,1
SF,IH2006,2020-01-09 09:34:25.900,3073.6000,7803,0,195433080.000,0,-,-,-,-,3073.6000,3073.0000,3072.8000,3070.2000,3069.0000,3074.6000,3074.8000,3075.0000,3075.2000,3075.6000,1,1,1,1,1,1,3,5,1,1
SF,IH2006,2020-01-09 09:34:26.400,3073.6000,7803,0,195433080.000,0,-,-,-,-,3073.6000,3073.0000,3072.8000,3070.2000,3069.0000,3074.6000,3074.8000,3075.0000,3075.2000,3075.6000,1,1,1,1,1,1,3,5,1,1
SF,IH2006,2020-01-09 09:34:26.900,3073.6000,7803,0,195433080.000,0,-,-,-,-,3073.6000,3073.0000,3072.8000,3070.2000,3069.0000,3074.6000,3074.8000,3075.0000,3075.2000,3075.6000,1,1,1,1,1,1,3,5,1,1
SF,IH2006,2020-01-09 09:34:30.400,3073.6000,7803,0,195433080.000,0,-,-,-,-,3073.6000,3073.0000,3072.8000,3070.2000,3069.0000,3074.6000,3074.8000,3075.0000,3075.2000,3075.6000,1,1,1,1,1,1,3,5,1,1
SF,IH2006,2020-01-09 09:34:31.900,3073.6000,7803,0,195433080.000,0,-,-,-,-,3073.6000,3073.0000,3072.8000,3070.2000,3069.0000,3074.4000,3074.6000,3074.8000,3075.0000,3075.2000,1,1,1,1,1,1,1,3,5,1
SF,IH2006,2020-01-09 09:34:34.900,3073.6000,7803,0,196355160.000,1,0,1,多换,S,3073.0000,3072.8000,3070.2000,3069.0000,3066.6000,3074.4000,3074.6000,3074.8000,3075.0000,3075.2000,1,1,1,1,6,1,1,3,5,1
SF,IH2006,2020-01-09 09:34:35.400,3073.6000,7803,0,196355160.000,0,-,-,-,-,3072.8000,3070.2000,3069.0000,3066.6000,3065.2000,3074.2000,3074.4000,3074.8000,3075.0000,3075.2000,1,1,1,6,1,1,1,3,5,1
SF,IH2006,2020-01-09 09:34:35.900,3073.6000,7803,0,196355160.000,0,-,-,-,-,3072.8000,3070.2000,3069.0000,3066.6000,3065.2000,3074.2000,3074.4000,3074.8000,3075.0000,3075.2000,1,1,1,6,1,2,1,3,5,1
SF,IH2006,2020-01-09 09:34:36.400,3073.6000,7803,0,196355160.000,0,-,-,-,-,3072.8000,3070.2000,3069.0000,3066.6000,3065.2000,3074.2000,3074.4000,3074.8000,3075.0000,3075.2000,1,1,1,6,1,2,1,3,5,1
SF,IH2006,2020-01-09 09:34:36.900,3073.6000,7803,0,196355160.000,0,-,-,-,-,3072.8000,3070.2000,3069.0000,3066.6000,3065.2000,3074.2000,3074.4000,3074.8000,3075.0000,3075.2000,1,1,1,6,1,2,1,3,5,1
SF,IH2006,2020-01-09 09:34:37.400,3073.6000,7803,0,196355160.000,0,-,-,-,-,3072.8000,3070.2000,3069.0000,3066.6000,3065.2000,3074.2000,3074.4000,3074.8000,3075.0000,3075.2000,1,1,1,6,1,2,1,3,5,1
SF,IH2006,2020-01-09 09:34:37.900,3073.6000,7803,0,196355160.000,0,-,-,-,-,3072.8000,3070.2000,3069.0000,3066.6000,3065.2000,3074.2000,3074.4000,3074.8000,3075.0000,3075.2000,1,1,1,6,1,2,1,3,5,1
SF,IH2006,2020-01-09 09:34:38.400,3073.6000,7803,0,196355160.000,0,-,-,-,-,3072.8000,3070.2000,3069.0000,3066.6000,3065.2000,3074.0000,3074.2000,3074.4000,3074.8000,3075.0000,1,1,1,6,1,1,2,1,3,5
SF,IH2006,2020-01-09 09:34:39.900,3073.6000,7803,0,196355160.000,0,-,-,-,-,3072.8000,3070.2000,3069.0000,3066.6000,3065.2000,3074.2000,3074.4000,3074.8000,3075.0000,3075.2000,1,1,1,6,1,2,1,3,5,1
SF,IH2006,2020-01-09 09:34:40.900,3073.6000,7803,0,196355160.000,0,-,-,-,-,3072.8000,3070.2000,3069.0000,3066.6000,3065.2000,3074.2000,3074.4000,3074.8000,3075.0000,3075.2000,1,1,1,6,1,3,1,3,5,1
SF,IH2006,2020-01-09 09:34:41.900,3073.6000,7803,0,196355160.000,0,-,-,-,-,3072.8000,3070.2000,3069.0000,3066.6000,3065.2000,3074.0000,3074.2000,3074.4000,3074.8000,3075.0000,1,1,1,6,1,1,3,1,3,5
SF,IH2006,2020-01-09 09:34:42.400,3073.6000,7803,0,196355160.000,0,-,-,-,-,3072.8000,3070.2000,3069.0000,3066.6000,3065.2000,3073.8000,3074.0000,3074.2000,3074.4000,3074.8000,1,1,1,6,1,1,1,2,1,3
SF,IH2006,2020-01-09 09:34:42.900,3073.6000,7803,0,196355160.000,0,-,-,-,-,3072.8000,3070.2000,3069.0000,3066.6000,3065.2000,3074.0000,3074.2000,3074.4000,3074.8000,3075.0000,1,1,1,6,1,1,2,1,3,5
SF,IH2006,2020-01-09 09:34:43.400,3073.6000,7803,0,196355160.000,0,-,-,-,-,3072.8000,3070.2000,3069.0000,3066.6000,3065.2000,3073.8000,3074.0000,3074.2000,3074.4000,3074.8000,1,1,1,6,1,1,1,2,1,3
SF,IH2006,2020-01-09 09:34:46.900,3073.6000,7803,0,196355160.000,0,-,-,-,-,3072.8000,3070.2000,3069.0000,3066.6000,3065.2000,3073.8000,3074.0000,3074.2000,3074.4000,3074.8000,1,1,1,6,1,1,1,1,1,3
SF,IH2006,2020-01-09 09:34:48.900,3073.6000,7803,0,196355160.000,0,-,-,-,-,3072.8000,3070.2000,3069.0000,3066.6000,3065.2000,3073.8000,3074.0000,3074.2000,3074.4000,3074.8000,1,1,1,6,1,1,1,1,1,3
SF,IH2006,2020-01-09 09:34:49.400,3073.6000,7803,0,196355160.000,0,-,-,-,-,3072.8000,3070.2000,3069.0000,3066.6000,3065.2000,3073.6000,3073.8000,3074.0000,3074.2000,3074.4000,1,1,1,6,1,1,1,1,1,1
SF,IH2006,2020-01-09 09:34:49.900,3073.6000,7803,0,196355160.000,0,-,-,-,-,3072.8000,3070.2000,3069.0000,3066.6000,3065.2000,3073.6000,3073.8000,3074.0000,3074.2000,3074.4000,1,1,1,6,1,1,1,1,1,1
SF,IH2006,2020-01-09 09:34:50.900,3073.6000,7803,0,196355160.000,0,-,-,-,-,3072.8000,3070.2000,3069.0000,3066.6000,3065.2000,3073.6000,3073.8000,3074.0000,3074.2000,3074.4000,1,1,1,6,1,1,2,1,1,1
SF,IH2006,2020-01-09 09:34:51.900,3073.6000,7803,0,196355160.000,0,-,-,-,-,3072.8000,3070.2000,3069.0000,3066.6000,3065.2000,3073.6000,3073.8000,3074.0000,3074.2000,3074.4000,1,1,1,6,1,1,2,1,1,1
SF,IH2006,2020-01-09 09:34:55.400,3072.8000,7804,1,197277000.000,1,1,0,双开,S,3070.2000,3069.0000,3066.6000,3065.2000,3065.0000,3073.6000,3073.8000,3074.0000,3074.2000,3074.4000,1,1,6,1,1,1,2,1,1,1
SF,IH2006,2020-01-09 09:34:55.900,3072.8000,7804,0,197277000.000,0,-,-,-,-,3070.6000,3070.4000,3070.2000,3069.0000,3066.6000,3073.6000,3073.8000,3074.0000,3074.2000,3074.4000,4,2,1,1,6,1,1,1,1,1
SF,IH2006,2020-01-09 09:34:56.400,3072.8000,7804,0,197277000.000,0,-,-,-,-,3070.8000,3070.6000,3070.4000,3070.2000,3069.0000,3073.4000,3073.6000,3073.8000,3074.0000,3074.2000,1,4,1,1,1,1,1,1,1,1
SF,IH2006,2020-01-09 09:34:56.900,3072.8000,7804,0,197277000.000,0,-,-,-,-,3071.2000,3070.8000,3070.4000,3070.2000,3069.0000,3073.4000,3073.6000,3073.8000,3074.0000,3074.2000,4,1,1,1,1,1,1,1,1,1
SF,IH2006,2020-01-09 09:34:57.400,3072.8000,7804,0,197277000.000,0,-,-,-,-,3071.4000,3071.2000,3071.0000,3070.4000,3070.2000,3073.4000,3073.6000,3073.8000,3074.0000,3074.2000,1,4,1,1,1,1,1,1,1,1
SF,IH2006,2020-01-09 09:34:57.900,3072.8000,7804,0,197277000.000,0,-,-,-,-,3071.4000,3071.2000,3071.0000,3070.4000,3070.2000,3073.4000,3073.6000,3073.8000,3074.0000,3074.2000,1,4,1,1,1,1,1,1,1,1
SF,IH2006,2020-01-09 09:34:58.400,3072.8000,7804,0,197277000.000,0,-,-,-,-,3071.6000,3071.4000,3071.2000,3071.0000,3070.4000,3073.4000,3073.6000,3073.8000,3074.0000,3074.2000,1,1,4,1,1,1,1,1,1,1
SF,IH2006,2020-01-09 09:34:58.900,3072.8000,7804,0,197277000.000,0,-,-,-,-,3071.8000,3071.6000,3071.2000,3071.0000,3070.2000,3073.4000,3073.6000,3073.8000,3074.0000,3074.2000,1,1,4,1,1,1,1,1,1,1
SF,IH2006,2020-01-09 09:34:59.400,3072.8000,7804,0,197277000.000,0,-,-,-,-,3072.0000,3071.8000,3071.6000,3071.2000,3071.0000,3073.4000,3073.6000,3073.8000,3074.0000,3074.2000,1,1,1,4,1,1,1,1,1,1
SF,IH2006,2020-01-09 09:34:59.900,3072.8000,7804,0,197277000.000,0,-,-,-,-,3072.2000,3072.0000,3071.6000,3071.2000,3070.2000,3073.4000,3073.6000,3073.8000,3074.0000,3074.2000,1,1,1,4,1,1,1,1,1,1
SF,IH2006,2020-01-09 09:35:00.400,3072.8000,7804,0,197277000.000,0,-,-,-,-,3071.6000,3070.2000,3069.0000,3066.6000,3065.2000,3073.4000,3073.6000,3073.8000,3074.0000,3074.2000,1,1,1,6,1,1,1,1,1,1
SF,IH2006,2020-01-09 09:35:00.900,3072.8000,7804,0,197277000.000,0,-,-,-,-,3071.8000,3070.2000,3069.0000,3066.6000,3065.2000,3073.4000,3073.6000,3073.8000,3074.0000,3074.2000,1,1,1,6,1,1,1,1,1,1
SF,IH2006,2020-01-09 09:35:02.900,3072.8000,7804,0,197277000.000,0,-,-,-,-,3071.8000,3070.2000,3069.0000,3066.6000,3065.2000,3073.4000,3073.6000,3073.8000,3074.0000,3074.2000,1,1,1,6,1,1,1,1,1,1
SF,IH2006,2020-01-09 09:35:03.400,3072.8000,7804,0,197277000.000,0,-,-,-,-,3070.2000,3069.0000,3066.6000,3065.2000,3065.0000,3073.4000,3073.6000,3073.8000,3074.0000,3074.2000,1,1,6,1,1,1,1,1,1,1
SF,IH2006,2020-01-09 09:35:03.900,3072.8000,7804,0,197277000.000,0,-,-,-,-,3070.6000,3070.4000,3070.2000,3069.0000,3066.6000,3071.8000,3073.2000,3073.4000,3073.6000,3073.8000,4,2,1,1,6,1,1,1,1,1
SF,IH2006,2020-01-09 09:35:04.400,3071.8000,7803,-1,199120080.000,2,0,2,多平,S,3072.4000,3070.6000,3070.4000,3070.2000,3069.0000,3073.2000,3073.6000,3073.8000,3074.0000,3074.2000,1,4,1,1,1,1,1,1,1,1
SF,IH2006,2020-01-09 09:35:04.900,3071.8000,7803,0,199120080.000,0,-,-,-,-,3070.8000,3070.6000,3070.2000,3069.0000,3066.6000,3073.2000,3073.6000,3073.8000,3074.0000,3074.2000,2,4,1,1,6,1,1,1,1,1
SF,IH2006,2020-01-09 09:35:05.400,3071.8000,7803,0,199120080.000,0,-,-,-,-,3071.2000,3071.0000,3070.8000,3070.2000,3069.0000,3073.2000,3073.6000,3073.8000,3074.0000,3074.2000,4,1,2,1,1,1,1,1,1,1
SF,IH2006,2020-01-09 09:35:05.900,3071.8000,7803,0,199120080.000,0,-,-,-,-,3071.4000,3070.8000,3070.2000,3069.0000,3066.6000,3073.0000,3073.6000,3073.8000,3074.0000,3074.2000,3,2,1,1,6,1,1,1,1,1
SF,IH2006,2020-01-09 09:35:06.900,3071.8000,7803,0,199120080.000,0,-,-,-,-,3071.4000,3070.8000,3070.2000,3069.0000,3066.6000,3073.0000,3073.6000,3073.8000,3074.0000,3074.2000,3,2,1,1,6,1,2,1,1,1
SF,IH2006,2020-01-09 09:35:07.400,3071.8000,7803,0,199120080.000,0,-,-,-,-,3071.4000,3070.8000,3070.2000,3069.0000,3066.6000,3073.0000,3073.6000,3073.8000,3074.0000,3074.2000,1,2,1,1,6,1,2,1,1,1
SF,IH2006,2020-01-09 09:35:07.900,3071.8000,7803,0,199120080.000,0,-,-,-,-,3071.6000,3071.4000,3070.8000,3070.2000,3069.0000,3073.0000,3073.6000,3073.8000,3074.0000,3074.2000,2,1,2,1,1,1,2,1,1,1
SF,IH2006,2020-01-09 09:35:08.400,3071.8000,7803,0,199120080.000,0,-,-,-,-,3071.8000,3071.6000,3070.2000,3069.0000,3066.6000,3073.0000,3073.6000,3073.8000,3074.0000,3074.2000,1,2,1,1,6,1,2,1,1,1
SF,IH2006,2020-01-09 09:35:08.900,3071.8000,7803,0,199120080.000,0,-,-,-,-,3071.6000,3070.2000,3069.0000,3066.6000,3065.2000,3073.0000,3073.6000,3073.8000,3074.0000,3074.2000,2,1,1,6,1,1,2,1,1,1
SF,IH2006,2020-01-09 09:35:09.400,3071.8000,7803,0,199120080.000,0,-,-,-,-,3070.2000,3069.0000,3066.6000,3065.2000,3065.0000,3073.0000,3073.6000,3073.8000,3074.0000,3074.2000,1,1,6,1,1,1,2,1,1,1
SF,IH2006,2020-01-09 09:35:09.900,3071.8000,7803,0,199120080.000,0,-,-,-,-,3070.4000,3070.2000,3069.0000,3066.6000,3065.2000,3073.0000,3073.6000,3073.8000,3074.0000,3074.2000,1,1,1,6,1,1,2,1,1,1
SF,IH2006,2020-01-09 09:35:10.400,3071.8000,7803,0,199120080.000,0,-,-,-,-,3070.4000,3070.2000,3069.0000,3066.6000,3065.2000,3073.0000,3073.6000,3073.8000,3074.0000,3074.2000,2,1,1,6,1,1,2,1,1,1
SF,IH2006,2020-01-09 09:35:10.900,3071.8000,7803,0,199120080.000,0,-,-,-,-,3070.4000,3070.2000,3069.0000,3066.6000,3065.2000,3073.0000,3073.6000,3073.8000,3074.0000,3074.2000,2,1,1,6,1,1,2,1,1,1
SF,IH2006,2020-01-09 09:35:11.400,3071.8000,7803,0,199120080.000,0,-,-,-,-,3070.4000,3070.2000,3069.0000,3065.2000,3065.0000,3072.6000,3072.8000,3073.0000,3073.6000,3073.8000,1,1,1,1,1,4,1,1,2,1
SF,IH2006,2020-01-09 09:35:11.900,3071.8000,7803,0,199120080.000,0,-,-,-,-,3070.6000,3070.2000,3069.0000,3065.2000,3065.0000,3072.4000,3072.6000,3072.8000,3073.0000,3073.6000,2,1,1,1,1,2,4,2,2,2
SF,IH2006,2020-01-09 09:35:12.400,3071.8000,7803,0,199120080.000,0,-,-,-,-,3070.6000,3070.2000,3069.0000,3065.2000,3065.0000,3072.4000,3072.6000,3072.8000,3073.0000,3073.6000,2,1,1,1,1,2,4,2,2,2
SF,IH2006,2020-01-09 09:35:12.900,3070.6000,7803,0,200041260.000,1,0,1,多换,S,3070.6000,3070.2000,3069.0000,3065.2000,3065.0000,3072.4000,3072.6000,3072.8000,3073.0000,3073.6000,1,1,1,1,1,2,4,2,2,2
SF,IH2006,2020-01-09 09:35:13.400,3070.6000,7803,0,200041260.000,0,-,-,-,-,3070.6000,3070.2000,3069.0000,3065.2000,3065.0000,3072.4000,3072.8000,3073.6000,3073.8000,3074.0000,1,1,1,1,1,2,2,2,1,1
SF,IH2006,2020-01-09 09:35:13.900,3070.6000,7803,0,200041260.000,0,-,-,-,-,3070.8000,3070.6000,3070.2000,3069.0000,3065.2000,3072.4000,3072.8000,3073.6000,3073.8000,3074.0000,1,1,1,1,1,2,2,2,1,1
SF,IH2006,2020-01-09 09:35:14.400,3070.6000,7803,0,200041260.000,0,-,-,-,-,3070.8000,3070.2000,3069.0000,3065.2000,3065.0000,3072.2000,3072.4000,3072.8000,3073.6000,3073.8000,1,1,1,1,1,1,2,1,2,1
SF,IH2006,2020-01-09 09:35:14.900,3070.6000,7803,0,200962440.000,1,0,1,多换,S,3070.2000,3069.0000,3065.2000,3065.0000,3064.8000,3072.0000,3072.2000,3072.8000,3073.6000,3073.8000,1,1,1,1,1,1,1,1,2,1
SF,IH2006,2020-01-09 09:35:15.400,3070.6000,7803,0,200962440.000,0,-,-,-,-,3070.2000,3069.0000,3065.2000,3065.0000,3064.8000,3070.6000,3072.0000,3072.2000,3072.8000,3073.6000,1,1,1,1,1,1,1,1,1,2
SF,IH2006,2020-01-09 09:35:15.900,3070.6000,7802,-1,201883620.000,1,0,1,双平,S,3071.0000,3070.2000,3069.0000,3065.2000,3065.0000,3071.8000,3072.0000,3072.8000,3073.6000,3073.8000,2,1,1,1,1,1,1,1,2,1
SF,IH2006,2020-01-09 09:35:16.400,3070.6000,7802,0,201883620.000,0,-,-,-,-,3071.0000,3070.2000,3069.0000,3065.2000,3065.0000,3071.6000,3071.8000,3072.8000,3073.6000,3073.8000,2,1,1,1,1,1,1,1,2,1
SF,IH2006,2020-01-09 09:35:16.900,3071.0000,7801,-1,202804920.000,1,0,1,双平,S,3070.2000,3069.0000,3065.2000,3065.0000,3064.8000,3071.8000,3072.8000,3073.6000,3073.8000,3074.0000,1,1,1,1,1,1,1,2,1,1
SF,IH2006,2020-01-09 09:35:17.400,3071.0000,7801,0,202804920.000,0,-,-,-,-,3070.4000,3070.2000,3069.0000,3065.2000,3065.0000,3071.6000,3072.8000,3073.6000,3073.8000,3074.0000,1,1,1,1,1,1,1,2,1,1
SF,IH2006,2020-01-09 09:35:18.900,3071.6000,7800,-1,203726400.000,1,0,1,双平,S,3071.6000,3070.4000,3070.2000,3069.0000,3065.2000,3072.8000,3073.6000,3073.8000,3074.0000,3074.2000,1,1,1,1,1,1,2,1,1,1
SF,IH2006,2020-01-09 09:35:19.400,3071.6000,7800,0,203726400.000,0,-,-,-,-,3071.8000,3070.4000,3070.2000,3069.0000,3065.2000,3072.8000,3073.6000,3073.8000,3074.0000,3074.2000,1,1,1,1,1,1,2,1,1,1
SF,IH2006,2020-01-09 09:35:19.900,3071.6000,7799,-1,204647880.000,1,0,1,双平,S,3070.4000,3070.2000,3069.0000,3065.2000,3065.0000,3072.8000,3073.6000,3073.8000,3074.0000,3074.2000,1,1,1,1,1,1,2,1,1,1
SF,IH2006,2020-01-09 09:35:20.400,3071.6000,7799,0,204647880.000,0,-,-,-,-,3070.6000,3070.2000,3069.0000,3065.2000,3065.0000,3072.6000,3072.8000,3073.6000,3073.8000,3074.0000,1,1,1,1,1,1,1,2,1,1
SF,IH2006,2020-01-09 09:35:20.900,3071.6000,7799,0,204647880.000,0,-,-,-,-,3070.6000,3070.2000,3069.0000,3065.2000,3065.0000,3072.6000,3072.8000,3073.6000,3073.8000,3074.0000,2,1,1,1,1,1,1,2,1,1
SF,IH2006,2020-01-09 09:35:21.400,3071.6000,7799,0,204647880.000,0,-,-,-,-,3070.6000,3070.2000,3069.0000,3065.2000,3065.0000,3072.4000,3072.6000,3072.8000,3073.6000,3073.8000,2,1,1,1,1,1,1,1,2,1
SF,IH2006,2020-01-09 09:35:21.900,3071.6000,7799,0,204647880.000,0,-,-,-,-,3070.6000,3070.2000,3069.0000,3065.2000,3065.0000,3072.2000,3072.8000,3073.6000,3073.8000,3074.0000,2,1,1,1,1,1,1,2,1,1
SF,IH2006,2020-01-09 09:35:22.400,3071.6000,7799,0,204647880.000,0,-,-,-,-,3070.6000,3070.2000,3069.0000,3065.2000,3065.0000,3073.6000,3073.8000,3074.0000,3074.2000,3074.8000,2,1,1,1,1,2,1,1,1,1
SF,IH2006,2020-01-09 09:35:22.900,3071.6000,7799,0,204647880.000,0,-,-,-,-,3070.6000,3070.2000,3069.0000,3065.2000,3065.0000,3073.4000,3073.6000,3073.8000,3074.0000,3074.2000,2,1,1,1,1,1,2,1,1,1
SF,IH2006,2020-01-09 09:35:23.400,3071.6000,7799,0,204647880.000,0,-,-,-,-,3070.6000,3070.2000,3069.0000,3065.2000,3065.0000,3073.4000,3073.6000,3073.8000,3074.0000,3074.2000,2,1,1,1,1,5,2,1,1,1
SF,IH2006,2020-01-09 09:35:23.900,3071.6000,7799,0,204647880.000,0,-,-,-,-,3070.6000,3070.2000,3069.0000,3065.2000,3065.0000,3073.2000,3073.4000,3073.6000,3073.8000,3074.0000,2,1,1,1,1,1,5,2,1,1
SF,IH2006,2020-01-09 09:35:24.400,3071.6000,7799,0,204647880.000,0,-,-,-,-,3070.6000,3070.2000,3069.0000,3065.2000,3065.0000,3072.8000,3073.0000,3073.6000,3073.8000,3074.0000,2,1,1,1,1,1,1,2,1,1
SF,IH2006,2020-01-09 09:35:24.900,3071.6000,7799,0,204647880.000,0,-,-,-,-,3070.6000,3070.2000,3069.0000,3065.2000,3065.0000,3072.6000,3072.8000,3073.6000,3073.8000,3074.0000,2,1,1,1,1,1,1,2,1,1
SF,IH2006,2020-01-09 09:35:25.900,3071.6000,7799,0,204647880.000,0,-,-,-,-,3070.6000,3070.2000,3069.0000,3065.2000,3065.0000,3072.6000,3072.8000,3073.0000,3073.6000,3073.8000,2,1,1,1,1,1,1,1,2,1
SF,IH2006,2020-01-09 09:35:26.400,3071.6000,7799,0,204647880.000,0,-,-,-,-,3070.6000,3070.2000,3069.0000,3065.2000,3065.0000,3072.8000,3073.0000,3073.6000,3073.8000,3074.0000,2,1,1,1,1,1,1,2,1,1
SF,IH2006,2020-01-09 09:35:26.900,3071.6000,7799,0,204647880.000,0,-,-,-,-,3070.6000,3070.2000,3069.0000,3065.2000,3065.0000,3072.6000,3073.0000,3073.6000,3073.8000,3074.0000,1,1,1,1,1,2,1,2,1,1
SF,IH2006,2020-01-09 09:35:27.900,3071.6000,7799,0,204647880.000,0,-,-,-,-,3070.6000,3070.2000,3069.0000,3065.2000,3065.0000,3070.8000,3072.6000,3073.0000,3073.6000,3073.8000,1,1,1,1,1,1,2,1,2,1
SF,IH2006,2020-01-09 09:35:28.400,3070.8000,7798,-1,205569120.000,1,0,1,双平,S,3071.6000,3070.8000,3070.2000,3069.0000,3065.2000,3073.0000,3073.6000,3073.8000,3074.0000,3074.2000,2,1,1,1,1,1,2,1,1,1
SF,IH2006,2020-01-09 09:35:28.900,3070.8000,7798,0,205569120.000,0,-,-,-,-,3070.8000,3070.2000,3069.0000,3065.2000,3065.0000,3072.8000,3073.0000,3073.6000,3073.8000,3074.0000,1,1,1,1,1,1,1,2,1,1
SF,IH2006,2020-01-09 09:35:29.400,3070.8000,7798,0,205569120.000,0,-,-,-,-,3071.0000,3070.8000,3070.2000,3069.0000,3065.2000,3072.8000,3073.0000,3073.6000,3073.8000,3074.0000,1,1,1,1,1,1,1,2,1,1
SF,IH2006,2020-01-09 09:35:29.900,3070.8000,7798,0,205569120.000,0,-,-,-,-,3071.2000,3071.0000,3070.8000,3070.2000,3069.0000,3072.8000,3073.0000,3073.6000,3073.8000,3074.0000,1,1,1,1,1,1,1,2,1,1
SF,IH2006,2020-01-09 09:35:32.400,3070.8000,7798,0,205569120.000,0,-,-,-,-,3071.4000,3071.2000,3071.0000,3070.8000,3070.2000,3072.8000,3073.0000,3073.6000,3073.8000,3074.0000,1,1,1,1,1,1,1,2,1,1
SF,IH2006,2020-01-09 09:35:32.900,3070.8000,7798,0,205569120.000,0,-,-,-,-,3071.6000,3071.2000,3070.8000,3070.2000,3069.0000,3073.0000,3073.6000,3073.8000,3074.0000,3074.2000,2,1,1,1,1,1,2,1,1,1
SF,IH2006,2020-01-09 09:35:36.400,3073.0000,7797,-1,206491020.000,1,0,1,双平,S,3073.0000,3071.6000,3071.2000,3070.8000,3070.2000,3073.6000,3073.8000,3074.0000,3074.2000,3074.8000,1,2,1,1,1,2,1,1,1,1
SF,IH2006,2020-01-09 09:35:36.900,3073.0000,7797,0,206491020.000,0,-,-,-,-,3071.6000,3071.2000,3070.2000,3069.0000,3065.2000,3073.0000,3073.6000,3073.8000,3074.0000,3074.2000,2,1,1,1,1,1,2,1,1,1
SF,IH2006,2020-01-09 09:35:37.400,3073.0000,7796,-1,207412920.000,1,0,1,双平,S,3071.6000,3070.2000,3069.0000,3065.2000,3065.0000,3073.0000,3073.6000,3073.8000,3074.0000,3074.2000,2,1,1,1,1,1,2,1,1,1
SF,IH2006,2020-01-09 09:35:37.900,3073.0000,7796,0,208334820.000,1,0,1,多换,S,3071.6000,3070.2000,3069.0000,3065.2000,3065.0000,3073.6000,3073.8000,3074.0000,3074.2000,3074.8000,2,1,1,1,1,2,1,1,1,1
SF,IH2006,2020-01-09 09:35:38.400,3073.0000,7796,0,208334820.000,0,-,-,-,-,3072.0000,3071.6000,3070.2000,3069.0000,3065.2000,3073.6000,3073.8000,3074.0000,3074.2000,3074.8000,4,2,1,1,1,2,1,1,1,1
SF,IH2006,2020-01-09 09:35:38.900,3073.0000,7796,0,208334820.000,0,-,-,-,-,3072.2000,3072.0000,3071.6000,3070.2000,3069.0000,3073.6000,3073.8000,3074.0000,3074.2000,3074.8000,2,4,1,1,1,2,1,1,1,1
SF,IH2006,2020-01-09 09:35:39.400,3073.0000,7796,0,208334820.000,0,-,-,-,-,3072.6000,3072.2000,3071.6000,3070.2000,3069.0000,3073.6000,3073.8000,3074.0000,3074.2000,3074.8000,4,2,1,1,1,2,1,1,1,1
SF,IH2006,2020-01-09 09:35:40.400,3073.0000,7796,0,208334820.000,0,-,-,-,-,3072.6000,3072.2000,3071.6000,3070.2000,3069.0000,3073.6000,3073.8000,3074.0000,3074.2000,3074.8000,4,2,1,1,1,2,1,2,1,1
SF,IH2006,2020-01-09 09:35:40.900,3073.0000,7796,0,208334820.000,0,-,-,-,-,3072.6000,3072.2000,3071.6000,3070.2000,3069.0000,3073.6000,3073.8000,3074.0000,3074.2000,3074.8000,4,1,1,1,1,2,1,2,1,1
SF,IH2006,2020-01-09 09:35:42.400,3073.6000,7794,-2,210178980.000,2,0,2,双平,S,3072.6000,3072.2000,3071.6000,3070.2000,3069.0000,3073.8000,3074.0000,3074.2000,3074.8000,3075.0000,4,1,1,1,1,1,2,1,1,3
SF,IH2006,2020-01-09 09:35:42.900,3073.6000,7794,0,210178980.000,0,-,-,-,-,3072.8000,3072.6000,3072.2000,3071.6000,3070.2000,3073.8000,3074.0000,3074.2000,3074.8000,3075.0000,1,4,1,1,1,1,2,1,1,3
SF,IH2006,2020-01-09 09:35:43.400,3073.6000,7794,0,210178980.000,0,-,-,-,-,3073.0000,3072.8000,3071.6000,3070.2000,3069.0000,3073.8000,3074.0000,3074.2000,3074.8000,3075.0000,5,1,1,1,1,1,2,1,1,3
SF,IH2006,2020-01-09 09:35:43.900,3073.6000,7794,0,210178980.000,0,-,-,-,-,3072.8000,3070.2000,3069.0000,3065.2000,3065.0000,3073.8000,3074.0000,3074.2000,3074.8000,3075.0000,1,1,1,1,1,1,2,1,1,3
SF,IH2006,2020-01-09 09:35:44.400,3073.6000,7794,0,210178980.000,0,-,-,-,-,3073.0000,3072.8000,3070.2000,3069.0000,3065.2000,3073.6000,3073.8000,3074.0000,3074.2000,3074.8000,1,1,1,1,1,1,1,2,1,1
SF,IH2006,2020-01-09 09:35:44.900,3073.6000,7794,0,210178980.000,0,-,-,-,-,3073.0000,3070.2000,3069.0000,3065.2000,3065.0000,3073.6000,3073.8000,3074.0000,3074.2000,3074.8000,1,1,1,1,1,1,1,2,1,1
SF,IH2006,2020-01-09 09:35:45.400,3073.6000,7794,0,210178980.000,0,-,-,-,-,3070.4000,3070.2000,3069.0000,3065.2000,3065.0000,3073.6000,3073.8000,3074.0000,3074.2000,3074.8000,1,1,1,1,1,1,1,2,1,1
SF,IH2006,2020-01-09 09:35:45.900,3073.6000,7793,-1,211101060.000,1,0,1,双平,S,3070.8000,3070.6000,3070.4000,3070.2000,3069.0000,3073.8000,3074.0000,3074.2000,3074.8000,3075.0000,8,2,1,1,1,1,2,1,1,3
SF,IH2006,2020-01-09 09:35:46.400,3073.8000,7793,0,212023200.000,1,0,1,多换,S,3071.0000,3070.8000,3070.6000,3070.4000,3070.2000,3074.0000,3074.2000,3074.8000,3075.0000,3075.2000,1,8,1,1,1,2,1,1,3,1
SF,IH2006,2020-01-09 09:35:46.900,3073.8000,7793,0,212023200.000,0,-,-,-,-,3071.4000,3071.0000,3070.8000,3070.6000,3070.4000,3074.0000,3074.2000,3074.8000,3075.0000,3075.2000,4,2,4,1,1,2,1,1,3,1
SF,IH2006,2020-01-09 09:35:47.400,3073.8000,7793,0,212023200.000,0,-,-,-,-,3071.6000,3071.4000,3071.0000,3070.6000,3070.4000,3074.0000,3074.2000,3074.8000,3075.0000,3075.2000,1,4,1,1,1,2,1,1,3,1
SF,IH2006,2020-01-09 09:35:47.900,3073.8000,7793,0,212023200.000,0,-,-,-,-,3072.0000,3071.6000,3071.2000,3071.0000,3070.6000,3074.0000,3074.2000,3074.8000,3075.0000,3075.2000,4,2,1,1,1,2,1,1,3,1
SF,IH2006,2020-01-09 09:35:48.400,3073.8000,7793,0,212023200.000,0,-,-,-,-,3072.2000,3072.0000,3071.6000,3071.0000,3070.6000,3073.6000,3074.0000,3074.2000,3074.8000,3075.0000,1,4,1,1,1,1,2,1,1,3
SF,IH2006,2020-01-09 09:35:48.900,3073.8000,7793,0,212023200.000,0,-,-,-,-,3072.4000,3072.2000,3071.6000,3071.0000,3070.6000,3073.6000,3074.0000,3074.2000,3074.8000,3075.0000,5,1,1,1,1,1,2,1,1,3
SF,IH2006,2020-01-09 09:35:49.400,3073.8000,7793,0,212023200.000,0,-,-,-,-,3072.6000,3072.4000,3071.6000,3071.0000,3070.6000,3073.6000,3074.0000,3074.2000,3074.8000,3075.0000,1,5,1,1,1,1,2,1,1,3
SF,IH2006,2020-01-09 09:35:49.900,3073.8000,7793,0,212023200.000,0,-,-,-,-,3072.6000,3072.4000,3071.6000,3071.0000,3070.6000,3073.6000,3074.0000,3074.2000,3074.8000,3075.0000,1,1,1,1,1,1,2,1,1,3
SF,IH2006,2020-01-09 09:35:50.900,3073.8000,7793,0,212023200.000,0,-,-,-,-,3072.6000,3072.4000,3071.6000,3071.0000,3070.6000,3073.6000,3074.0000,3074.2000,3074.8000,3075.0000,1,1,1,1,1,1,2,1,1,4
SF,IH2006,2020-01-09 09:35:51.900,3073.8000,7793,0,212023200.000,0,-,-,-,-,3072.6000,3072.4000,3071.6000,3071.0000,3070.6000,3073.6000,3074.0000,3074.2000,3074.8000,3075.0000,2,1,1,1,1,1,2,1,1,4
SF,IH2006,2020-01-09 09:35:53.400,3073.8000,7793,0,212023200.000,0,-,-,-,-,3072.6000,3072.4000,3071.6000,3071.0000,3070.6000,3072.8000,3073.6000,3074.0000,3074.2000,3074.8000,2,1,1,1,1,1,1,2,1,1
SF,IH2006,2020-01-09 09:35:53.900,3072.8000,7792,-1,212945040.000,1,0,1,双平,S,3073.4000,3073.0000,3072.6000,3072.4000,3071.6000,3073.6000,3074.0000,3074.2000,3074.8000,3075.0000,2,1,1,1,1,1,2,1,1,4
SF,IH2006,2020-01-09 09:35:54.400,3073.0000,7793,1,215710740.000,3,2,1,空开,S,3072.6000,3072.4000,3071.6000,3071.0000,3070.6000,3073.0000,3073.6000,3074.0000,3074.2000,3074.8000,1,1,1,1,1,3,1,2,1,1
SF,IH2006,2020-01-09 09:35:54.900,3073.0000,7793,0,218476440.000,3,1,2,多换,S,3072.6000,3072.4000,3071.6000,3071.0000,3070.6000,3073.6000,3074.0000,3074.2000,3074.8000,3075.0000,1,1,1,1,1,1,2,1,1,4
SF,IH2006,2020-01-09 09:35:55.400,3073.0000,7793,0,218476440.000,0,-,-,-,-,3073.2000,3072.8000,3072.6000,3072.4000,3071.6000,3073.6000,3074.0000,3074.2000,3074.8000,3075.0000,2,1,1,1,1,1,2,1,1,4
SF,IH2006,2020-01-09 09:35:56.400,3073.6000,7793,0,219398520.000,1,0,1,多换,S,3073.6000,3073.2000,3072.8000,3072.6000,3072.4000,3074.0000,3074.2000,3074.8000,3075.0000,3075.2000,1,2,1,1,1,2,1,1,4,1
SF,IH2006,2020-01-09 09:35:56.900,3073.2000,7793,0,222164520.000,3,1,2,多换,S,3072.8000,3072.6000,3072.4000,3071.6000,3070.2000,3073.2000,3074.0000,3074.2000,3074.8000,3075.0000,1,1,1,1,1,1,2,1,1,4
SF,IH2006,2020-01-09 09:35:57.400,3073.2000,7793,0,222164520.000,0,-,-,-,-,3072.8000,3072.6000,3072.4000,3070.2000,3069.0000,3073.2000,3074.0000,3074.2000,3074.8000,3075.0000,1,1,1,1,1,1,2,1,1,4
SF,IH2006,2020-01-09 09:35:57.900,3072.6000,7792,-1,224008140.000,2,0,2,多平,S,3070.2000,3069.0000,3066.0000,3065.2000,3065.0000,3072.4000,3073.2000,3074.0000,3074.2000,3074.8000,1,1,1,1,1,1,1,2,1,1
SF,IH2006,2020-01-09 09:35:58.400,3072.4000,7791,-1,224929860.000,1,0,1,双平,S,3070.6000,3070.4000,3070.2000,3069.0000,3066.0000,3073.2000,3074.0000,3074.2000,3074.8000,3075.0000,4,1,1,1,1,1,2,1,1,4
