市场代码,合约代码,时间,最新,持仓,增仓,成交额,成交量,开仓,平仓,成交类型,方向,买一价,买二价,买三价,买四价,买五价,卖一价,卖二价,卖三价,卖四价,卖五价,买一量,买二量,买三量,买四量,买五量,卖一量,卖二量,卖三量,卖四量,卖五量
SF,IH2006,2020-02-24 09:29:00.300,2948.2000,12890,0,8844600.000,10.000,-,-,-,-,2948.0000,2947.2000,2945.0000,2944.4000,2943.2000,2948.2000,2950.0000,2950.8000,2954.0000,2955.0000,1,2,2,3,1,1,1,1,1,1
SF,IH2006,2020-02-24 09:30:00.300,2945.0000,12886,-4,15917340.000,8,2,6,多平,S,2944.4000,2943.2000,2943.0000,2942.8000,2942.0000,2947.0000,2947.8000,2948.0000,2948.2000,2948.4000,3,1,1,1,1,1,1,8,1,4
SF,IH2006,2020-02-24 09:30:00.800,2946.8000,12885,-1,22103160.000,7,3,4,多平,S,2945.0000,2944.4000,2943.4000,2943.2000,2943.0000,2946.8000,2947.0000,2947.4000,2947.8000,2948.0000,1,1,1,1,1,2,2,10,1,6
SF,IH2006,2020-02-24 09:30:01.300,2944.4000,12885,0,25636620.000,4,2,2,多换,S,2943.4000,2943.2000,2943.0000,2942.8000,2942.0000,2945.2000,2946.6000,2946.8000,2947.0000,2947.4000,1,1,1,1,2,1,1,2,2,10
SF,IH2006,2020-02-24 09:30:01.800,2944.4000,12885,0,25636620.000,0,-,-,-,-,2943.8000,2943.6000,2943.4000,2943.2000,2943.0000,2946.6000,2946.8000,2947.0000,2947.4000,2947.8000,1,6,2,1,1,1,2,1,10,1
SF,IH2006,2020-02-24 09:30:02.300,2944.4000,12885,0,25636620.000,0,-,-,-,-,2944.0000,2943.8000,2943.6000,2943.4000,2943.2000,2945.6000,2945.8000,2946.2000,2946.4000,2946.6000,1,2,3,1,1,1,1,4,3,2
SF,IH2006,2020-02-24 09:30:02.800,2943.8000,12884,-1,28286280.000,3,1,2,多平,S,2943.8000,2943.6000,2943.4000,2943.2000,2943.0000,2945.4000,2945.6000,2945.8000,2946.2000,2946.4000,1,3,1,1,1,2,1,1,4,1
SF,IH2006,2020-02-24 09:30:03.300,2945.4000,12882,-2,30053520.000,2,0,2,双平,S,2944.2000,2943.8000,2943.6000,2943.4000,2943.2000,2946.2000,2946.4000,2946.6000,2946.8000,2947.4000,1,1,2,1,1,1,1,2,5,10
SF,IH2006,2020-02-24 09:30:03.800,2944.4000,12881,-1,31820160.000,2,0,2,多平,S,2944.2000,2943.8000,2943.6000,2943.4000,2943.2000,2945.6000,2945.8000,2946.0000,2946.2000,2946.6000,1,1,1,1,1,1,1,2,1,2
SF,IH2006,2020-02-24 09:30:04.300,2944.8000,12883,2,33586860.000,2,2,0,双开,S,2943.8000,2943.6000,2943.4000,2943.2000,2943.0000,2945.4000,2945.6000,2945.8000,2946.2000,2946.6000,1,1,1,1,1,1,1,1,1,2
SF,IH2006,2020-02-24 09:30:04.800,2945.2000,12882,-1,34470420.000,1,0,1,双平,S,2943.8000,2943.6000,2943.4000,2943.2000,2943.0000,2945.2000,2945.4000,2945.6000,2945.8000,2946.2000,1,1,1,1,1,1,1,1,1,1
SF,IH2006,2020-02-24 09:30:05.300,2945.2000,12882,0,34470420.000,0,-,-,-,-,2943.6000,2943.4000,2943.2000,2943.0000,2942.8000,2943.8000,2944.4000,2945.0000,2945.2000,2945.6000,1,1,1,1,1,1,1,1,2,1
SF,IH2006,2020-02-24 09:30:05.800,2943.4000,12879,-3,38886420.000,5,1,4,多平,S,2943.2000,2943.0000,2942.8000,2942.0000,2941.0000,2943.8000,2945.0000,2945.2000,2945.6000,2945.8000,1,1,1,2,2,1,1,2,1,1
SF,IH2006,2020-02-24 09:30:06.300,2943.8000,12879,0,39769560.000,1,0,1,多换,S,2943.2000,2943.0000,2942.8000,2942.0000,2941.0000,2943.4000,2945.0000,2945.2000,2945.6000,2945.8000,1,2,1,2,2,1,1,2,1,1
SF,IH2006,2020-02-24 09:30:06.800,2943.2000,12879,0,41535540.000,2,1,1,多换,S,2943.0000,2942.8000,2942.0000,2941.0000,2940.6000,2945.0000,2945.2000,2945.6000,2945.8000,2946.2000,2,1,2,2,1,1,2,1,1,1
SF,IH2006,2020-02-24 09:30:07.300,2943.0000,12880,1,42418440.000,1,1,0,双开,S,2943.0000,2942.8000,2942.0000,2941.0000,2940.6000,2944.8000,2945.0000,2945.2000,2945.6000,2945.8000,1,1,2,2,1,2,1,2,1,1
SF,IH2006,2020-02-24 09:30:07.800,2943.0000,12880,0,42418440.000,0,-,-,-,-,2943.0000,2942.8000,2942.0000,2941.0000,2940.6000,2943.8000,2944.2000,2944.8000,2945.0000,2945.2000,1,1,2,2,1,1,1,4,1,2
SF,IH2006,2020-02-24 09:30:08.300,2942.8000,12876,-4,45950460.000,4,0,4,双平,S,2942.0000,2941.0000,2940.6000,2940.2000,2940.0000,2944.8000,2945.0000,2945.2000,2945.8000,2946.6000,2,2,1,1,14,1,1,1,1,1
SF,IH2006,2020-02-24 09:30:08.800,2942.8000,12876,0,45950460.000,0,-,-,-,-,2942.0000,2941.0000,2940.6000,2940.2000,2940.0000,2943.0000,2944.2000,2944.4000,2944.6000,2944.8000,2,2,1,1,14,1,8,1,2,1
SF,IH2006,2020-02-24 09:30:09.300,2942.2000,12876,0,46833120.000,1,0,1,多换,S,2942.0000,2941.0000,2940.6000,2940.2000,2940.0000,2942.8000,2943.0000,2944.2000,2944.4000,2944.6000,2,2,1,1,14,1,1,3,1,1
SF,IH2006,2020-02-24 09:30:09.800,2942.0000,12870,-6,53011680.000,7,0,7,多平,S,2942.0000,2941.0000,2940.6000,2940.2000,2940.0000,2942.8000,2943.0000,2944.2000,2944.4000,2944.6000,1,2,1,1,14,1,1,3,1,1
SF,IH2006,2020-02-24 09:30:10.300,2942.0000,12869,-1,53894280.000,1,0,1,双平,S,2941.0000,2940.6000,2940.2000,2940.0000,2939.2000,2941.8000,2942.0000,2942.8000,2943.0000,2944.2000,2,1,1,14,1,2,2,1,1,3
SF,IH2006,2020-02-24 09:30:10.800,2941.2000,12869,0,54776640.000,1,0,1,多换,S,2941.6000,2941.0000,2940.6000,2940.2000,2940.0000,2942.0000,2942.8000,2943.0000,2944.2000,2944.4000,1,2,1,1,14,2,1,1,2,1
SF,IH2006,2020-02-24 09:30:11.300,2941.6000,12868,-1,55659120.000,1,0,1,双平,S,2941.0000,2940.6000,2940.2000,2940.0000,2939.2000,2941.4000,2941.6000,2942.0000,2942.8000,2943.0000,2,1,1,14,1,1,1,2,1,1
SF,IH2006,2020-02-24 09:30:11.800,2941.4000,12867,-1,56541540.000,1,0,1,双平,S,2941.0000,2940.6000,2940.2000,2940.0000,2939.2000,2942.0000,2942.8000,2943.0000,2944.2000,2944.4000,2,1,1,14,1,2,1,1,2,1
SF,IH2006,2020-02-24 09:30:12.300,2941.0000,12865,-2,59188800.000,3,0,3,多平,S,2941.4000,2941.0000,2940.6000,2940.2000,2940.0000,2942.0000,2943.0000,2944.2000,2944.4000,2944.6000,1,1,1,1,14,1,1,2,1,1
SF,IH2006,2020-02-24 09:30:12.800,2941.4000,12864,-1,60071220.000,1,0,1,双平,S,2941.0000,2940.6000,2940.2000,2940.0000,2939.2000,2942.0000,2943.0000,2944.2000,2944.4000,2944.6000,2,1,1,14,1,1,1,2,1,1
SF,IH2006,2020-02-24 09:30:13.300,2942.0000,12863,-1,61836420.000,2,0,2,多平,S,2941.2000,2941.0000,2940.6000,2940.2000,2940.0000,2943.0000,2944.2000,2944.4000,2944.6000,2944.8000,1,2,1,1,14,1,2,1,1,1
SF,IH2006,2020-02-24 09:30:13.800,2942.0000,12863,0,61836420.000,0,-,-,-,-,2941.4000,2941.0000,2940.6000,2940.2000,2940.0000,2943.0000,2944.2000,2944.4000,2944.6000,2944.8000,1,2,1,2,14,1,2,1,1,1
SF,IH2006,2020-02-24 09:30:14.300,2941.6000,12862,-1,63601800.000,2,0,2,多平,S,2941.0000,2940.6000,2940.2000,2940.0000,2939.2000,2942.0000,2942.8000,2944.2000,2944.4000,2944.6000,2,1,2,14,1,1,1,2,1,1
SF,IH2006,2020-02-24 09:30:14.800,2941.2000,12859,-3,68014260.000,5,1,4,多平,S,2943.0000,2941.2000,2941.0000,2940.6000,2940.2000,2944.2000,2944.4000,2944.8000,2945.2000,2946.6000,1,4,3,1,2,2,1,1,1,1
SF,IH2006,2020-02-24 09:30:15.300,2943.0000,12859,0,68897160.000,1,0,1,多换,S,2941.2000,2941.0000,2940.6000,2940.2000,2940.0000,2943.0000,2944.0000,2944.2000,2944.8000,2945.2000,3,3,1,2,16,1,3,4,1,1
SF,IH2006,2020-02-24 09:30:15.800,2943.0000,12859,0,68897160.000,0,-,-,-,-,2943.2000,2941.4000,2941.2000,2941.0000,2940.6000,2944.2000,2944.8000,2945.2000,2946.6000,2947.4000,1,4,3,3,1,4,1,1,1,10
SF,IH2006,2020-02-24 09:30:16.300,2943.2000,12858,-1,69780120.000,1,0,1,双平,S,2942.0000,2941.4000,2941.2000,2941.0000,2940.6000,2943.0000,2943.2000,2944.0000,2944.2000,2944.4000,1,2,3,3,1,1,1,4,3,1
SF,IH2006,2020-02-24 09:30:16.800,2943.0000,12855,-3,72428940.000,3,0,3,双平,S,2942.0000,2941.4000,2941.2000,2941.0000,2940.6000,2944.0000,2944.2000,2944.8000,2945.2000,2946.6000,1,2,3,3,1,1,1,1,1,1
SF,IH2006,2020-02-24 09:30:17.300,2943.0000,12855,0,72428940.000,0,-,-,-,-,2942.2000,2942.0000,2941.4000,2941.0000,2940.6000,2943.8000,2944.0000,2945.2000,2946.6000,2947.4000,4,1,2,3,1,1,1,1,1,10
SF,IH2006,2020-02-24 09:30:17.800,2943.6000,12855,0,74195100.000,2,1,1,多换,S,2942.4000,2942.2000,2942.0000,2941.4000,2941.0000,2944.0000,2945.2000,2946.6000,2947.4000,2948.0000,1,1,1,3,3,1,1,1,10,7
SF,IH2006,2020-02-24 09:30:18.300,2942.6000,12853,-2,75961080.000,2,0,2,双平,S,2942.6000,2942.0000,2941.4000,2941.2000,2941.0000,2945.2000,2946.6000,2947.4000,2948.0000,2948.2000,1,1,3,5,8,1,1,10,7,1
SF,IH2006,2020-02-24 09:30:18.800,2942.6000,12853,0,75961080.000,0,-,-,-,-,2942.8000,2942.0000,2941.4000,2941.2000,2941.0000,2944.0000,2945.0000,2945.2000,2946.6000,2947.4000,1,1,3,5,9,1,1,1,1,10
SF,IH2006,2020-02-24 09:30:19.300,2942.6000,12853,0,75961080.000,0,-,-,-,-,2943.0000,2942.8000,2942.0000,2941.4000,2941.2000,2945.2000,2946.6000,2947.4000,2948.0000,2948.2000,1,1,2,3,5,1,1,10,7,1
SF,IH2006,2020-02-24 09:30:19.800,2942.6000,12853,0,75961080.000,0,-,-,-,-,2943.2000,2942.8000,2942.0000,2941.4000,2941.2000,2945.2000,2946.6000,2947.4000,2948.0000,2948.2000,1,1,2,3,5,1,1,10,7,1
SF,IH2006,2020-02-24 09:30:20.300,2942.6000,12852,-1,77726640.000,2,0,2,多平,S,2943.4000,2942.8000,2942.0000,2941.4000,2941.2000,2944.2000,2945.0000,2945.2000,2946.6000,2947.4000,1,1,2,3,5,1,1,1,1,10
SF,IH2006,2020-02-24 09:30:20.800,2944.2000,12851,-1,79493160.000,2,0,2,多平,S,2942.8000,2942.0000,2941.4000,2941.2000,2941.0000,2943.0000,2945.2000,2946.6000,2947.4000,2948.0000,1,2,1,5,4,1,1,1,10,7
SF,IH2006,2020-02-24 09:30:21.300,2942.8000,12849,-2,82141860.000,3,0,3,多平,S,2942.4000,2942.0000,2941.8000,2941.4000,2941.2000,2945.2000,2946.6000,2947.4000,2948.0000,2948.2000,2,2,4,6,1,1,1,10,7,1
SF,IH2006,2020-02-24 09:30:21.800,2942.8000,12849,0,82141860.000,0,-,-,-,-,2944.2000,2942.6000,2942.4000,2942.0000,2941.8000,2945.0000,2945.2000,2946.6000,2947.4000,2948.0000,1,5,2,1,4,2,1,1,10,7
SF,IH2006,2020-02-24 09:30:22.300,2944.2000,12848,-1,83025120.000,1,0,1,双平,S,2942.6000,2942.4000,2942.0000,2941.4000,2941.2000,2944.8000,2945.0000,2945.2000,2946.6000,2947.4000,4,2,1,1,1,1,2,1,1,10
SF,IH2006,2020-02-24 09:30:22.800,2944.2000,12848,0,83025120.000,0,-,-,-,-,2942.8000,2942.6000,2942.4000,2942.0000,2941.4000,2945.0000,2945.2000,2946.6000,2947.4000,2948.0000,2,4,2,1,1,1,1,1,10,7
SF,IH2006,2020-02-24 09:30:23.300,2944.2000,12848,0,83025120.000,0,-,-,-,-,2943.2000,2943.0000,2942.6000,2942.4000,2942.0000,2945.0000,2946.6000,2947.4000,2948.0000,2948.2000,1,4,1,2,1,1,1,10,7,1
SF,IH2006,2020-02-24 09:30:23.800,2943.4000,12848,0,83908140.000,1,0,1,多换,S,2944.2000,2943.4000,2943.2000,2943.0000,2942.6000,2944.8000,2945.0000,2946.6000,2947.4000,2948.0000,2,1,1,3,1,1,1,1,10,7
SF,IH2006,2020-02-24 09:30:24.300,2943.4000,12848,0,83908140.000,0,-,-,-,-,2944.8000,2944.2000,2943.4000,2943.2000,2943.0000,2945.0000,2946.6000,2947.4000,2948.0000,2948.2000,1,2,1,1,3,1,1,10,7,1
SF,IH2006,2020-02-24 09:30:24.800,2945.0000,12846,-2,85675080.000,2,0,2,双平,S,2945.0000,2944.2000,2943.4000,2943.2000,2943.0000,2946.6000,2947.4000,2948.0000,2948.2000,2948.4000,1,2,1,1,3,1,10,7,1,1
SF,IH2006,2020-02-24 09:30:25.300,2945.0000,12845,-1,86558580.000,1,0,1,双平,S,2944.2000,2943.4000,2943.2000,2943.0000,2942.4000,2946.4000,2947.4000,2948.0000,2948.2000,2948.4000,2,1,1,5,2,3,10,7,1,1
SF,IH2006,2020-02-24 09:30:25.800,2945.0000,12845,0,86558580.000,0,-,-,-,-,2944.4000,2944.2000,2943.4000,2943.2000,2943.0000,2945.6000,2945.8000,2946.0000,2946.2000,2946.4000,1,2,1,1,5,1,1,3,6,3
SF,IH2006,2020-02-24 09:30:26.300,2945.0000,12845,0,86558580.000,0,-,-,-,-,2944.4000,2944.2000,2943.4000,2943.2000,2943.0000,2946.2000,2946.4000,2947.4000,2948.0000,2948.2000,2,2,2,1,4,2,1,10,7,1
SF,IH2006,2020-02-24 09:30:26.800,2945.0000,12845,0,86558580.000,0,-,-,-,-,2944.4000,2944.2000,2943.4000,2943.2000,2943.0000,2945.0000,2946.0000,2946.4000,2947.4000,2948.0000,2,2,2,1,4,1,3,1,10,7
SF,IH2006,2020-02-24 09:30:27.300,2945.0000,12845,0,87442080.000,1,0,1,多换,S,2945.8000,2945.6000,2945.0000,2944.4000,2944.2000,2946.0000,2947.4000,2948.0000,2948.2000,2948.4000,1,1,1,2,2,2,10,7,1,1
SF,IH2006,2020-02-24 09:30:27.800,2945.8000,12844,-1,90093240.000,3,1,2,多平,S,2945.0000,2944.4000,2944.2000,2943.4000,2943.2000,2945.8000,2946.0000,2947.4000,2948.0000,2948.2000,1,1,2,2,1,1,2,10,7,1
SF,IH2006,2020-02-24 09:30:28.300,2945.8000,12844,0,90093240.000,0,-,-,-,-,2945.0000,2944.4000,2944.2000,2943.4000,2943.2000,2945.2000,2945.8000,2947.4000,2948.0000,2948.2000,1,2,2,2,1,1,1,10,7,1
SF,IH2006,2020-02-24 09:30:28.800,2945.2000,12843,-1,90976800.000,1,0,1,双平,S,2945.2000,2945.0000,2944.4000,2944.2000,2943.4000,2945.8000,2947.4000,2948.0000,2948.2000,2948.4000,1,1,2,2,2,1,10,7,1,1
SF,IH2006,2020-02-24 09:30:29.300,2945.0000,12843,0,93627360.000,3,1,2,多换,S,2944.4000,2944.2000,2943.4000,2943.2000,2943.0000,2945.8000,2947.4000,2948.0000,2948.2000,2948.4000,1,2,2,1,4,1,10,7,1,1
SF,IH2006,2020-02-24 09:30:29.800,2945.0000,12843,0,93627360.000,0,-,-,-,-,2944.4000,2944.2000,2943.4000,2943.2000,2943.0000,2945.6000,2945.8000,2947.4000,2948.0000,2948.2000,1,2,2,1,4,1,2,10,7,1
SF,IH2006,2020-02-24 09:30:30.300,2945.8000,12842,-1,94511100.000,1,0,1,双平,S,2944.4000,2944.2000,2943.4000,2943.2000,2943.0000,2945.8000,2947.4000,2948.0000,2948.2000,2948.4000,1,2,2,1,4,1,10,7,1,1
SF,IH2006,2020-02-24 09:30:30.800,2945.8000,12842,0,94511100.000,0,-,-,-,-,2944.4000,2944.2000,2943.4000,2943.2000,2943.0000,2947.4000,2948.0000,2948.2000,2948.4000,2952.6000,2,2,2,1,4,10,7,1,1,5
SF,IH2006,2020-02-24 09:30:31.300,2945.8000,12842,0,94511100.000,0,-,-,-,-,2945.6000,2944.6000,2944.4000,2944.2000,2943.4000,2947.2000,2947.4000,2948.0000,2948.2000,2948.4000,1,5,2,2,1,6,11,7,1,1
SF,IH2006,2020-02-24 09:30:31.800,2945.8000,12842,0,94511100.000,0,-,-,-,-,2945.6000,2944.6000,2944.4000,2944.2000,2943.4000,2947.0000,2947.2000,2947.4000,2948.0000,2948.2000,2,4,1,2,1,2,5,11,7,1
SF,IH2006,2020-02-24 09:30:32.300,2945.8000,12842,0,94511100.000,0,-,-,-,-,2945.6000,2944.6000,2944.4000,2944.2000,2943.4000,2947.0000,2947.4000,2948.0000,2948.2000,2948.4000,1,3,1,2,1,2,11,7,1,1
SF,IH2006,2020-02-24 09:30:32.800,2945.8000,12842,0,94511100.000,0,-,-,-,-,2945.6000,2944.6000,2944.4000,2944.2000,2943.4000,2947.0000,2947.4000,2948.0000,2948.2000,2948.4000,1,3,1,2,1,2,11,4,1,1
SF,IH2006,2020-02-24 09:30:33.300,2945.8000,12842,0,94511100.000,0,-,-,-,-,2945.6000,2944.6000,2944.4000,2944.2000,2943.4000,2946.8000,2947.0000,2947.4000,2948.0000,2948.2000,1,3,1,2,1,1,3,11,4,1
SF,IH2006,2020-02-24 09:30:33.800,2945.8000,12842,0,94511100.000,0,-,-,-,-,2945.6000,2944.6000,2944.4000,2944.2000,2943.4000,2946.6000,2947.0000,2947.4000,2948.0000,2948.2000,1,3,1,2,1,1,1,11,4,1
SF,IH2006,2020-02-24 09:30:34.300,2945.8000,12842,0,94511100.000,0,-,-,-,-,2945.6000,2944.6000,2944.4000,2944.2000,2943.4000,2947.0000,2947.4000,2948.0000,2948.2000,2948.4000,1,3,1,2,1,1,11,4,1,1
SF,IH2006,2020-02-24 09:30:34.800,2945.6000,12841,-1,96278460.000,2,0,2,多平,S,2944.6000,2944.4000,2944.2000,2943.4000,2943.2000,2945.6000,2946.8000,2947.0000,2947.4000,2948.0000,3,1,2,1,1,1,1,1,11,4
SF,IH2006,2020-02-24 09:30:35.300,2945.6000,12840,-1,97162140.000,1,0,1,双平,S,2945.6000,2945.0000,2944.8000,2944.4000,2944.2000,2947.4000,2948.0000,2948.2000,2948.4000,2952.6000,4,1,1,1,2,11,4,1,1,5
SF,IH2006,2020-02-24 09:30:35.800,2945.6000,12840,0,97162140.000,0,-,-,-,-,2945.6000,2944.4000,2944.2000,2943.4000,2943.2000,2947.0000,2947.2000,2947.4000,2948.0000,2948.2000,3,1,2,1,1,1,11,11,4,1
SF,IH2006,2020-02-24 09:30:36.300,2945.6000,12840,0,97162140.000,0,-,-,-,-,2944.4000,2944.2000,2943.4000,2943.2000,2943.0000,2946.8000,2947.2000,2947.4000,2948.0000,2948.2000,1,2,1,1,2,2,10,11,4,1
SF,IH2006,2020-02-24 09:30:36.800,2945.6000,12840,0,97162140.000,0,-,-,-,-,2944.6000,2944.4000,2944.2000,2943.4000,2943.2000,2945.6000,2946.8000,2947.0000,2947.2000,2947.4000,6,1,3,1,1,1,1,1,4,11
SF,IH2006,2020-02-24 09:30:37.300,2945.6000,12838,-2,98929500.000,2,0,2,双平,S,2945.6000,2945.2000,2944.6000,2944.4000,2944.2000,2947.2000,2947.4000,2948.0000,2948.2000,2948.4000,2,1,6,1,3,1,11,4,1,1
SF,IH2006,2020-02-24 09:30:37.800,2945.6000,12838,0,98929500.000,0,-,-,-,-,2945.6000,2944.6000,2944.4000,2944.2000,2943.4000,2947.0000,2947.4000,2948.0000,2948.2000,2948.4000,2,5,1,3,1,2,11,4,1,1
SF,IH2006,2020-02-24 09:30:38.300,2945.6000,12838,0,100696860.000,2,1,1,多换,S,2944.6000,2943.4000,2943.2000,2943.0000,2942.4000,2945.6000,2946.8000,2947.0000,2947.4000,2948.0000,3,1,1,2,2,1,2,3,11,4
SF,IH2006,2020-02-24 09:30:38.800,2945.6000,12838,0,100696860.000,0,-,-,-,-,2943.4000,2943.2000,2943.0000,2942.4000,2941.0000,2945.6000,2946.8000,2947.0000,2947.4000,2948.0000,1,1,2,2,3,1,2,1,11,4
SF,IH2006,2020-02-24 09:30:39.300,2945.6000,12838,0,100696860.000,0,-,-,-,-,2945.0000,2944.4000,2944.2000,2943.8000,2943.6000,2945.6000,2946.8000,2947.0000,2947.4000,2948.0000,1,1,1,1,7,1,1,1,11,4
SF,IH2006,2020-02-24 09:30:39.800,2945.6000,12838,0,100696860.000,0,-,-,-,-,2945.0000,2944.6000,2943.6000,2943.4000,2943.2000,2946.8000,2947.0000,2947.4000,2948.0000,2948.2000,2,1,6,2,1,1,1,11,4,1
SF,IH2006,2020-02-24 09:30:40.300,2945.6000,12838,0,100696860.000,0,-,-,-,-,2945.0000,2944.6000,2943.6000,2943.4000,2943.2000,2946.6000,2946.8000,2947.0000,2947.4000,2948.0000,2,1,6,2,1,4,1,1,11,4
SF,IH2006,2020-02-24 09:30:40.800,2945.0000,12837,-1,101580360.000,1,0,1,双平,S,2945.0000,2944.6000,2943.6000,2943.4000,2943.2000,2946.6000,2946.8000,2947.0000,2947.4000,2948.0000,1,1,6,2,1,4,1,1,11,4
SF,IH2006,2020-02-24 09:30:41.300,2945.0000,12835,-2,104230860.000,3,0,3,多平,S,2944.6000,2943.6000,2943.4000,2943.2000,2943.0000,2946.4000,2946.6000,2947.0000,2947.4000,2948.0000,1,6,2,1,1,1,4,1,11,4
SF,IH2006,2020-02-24 09:30:41.800,2945.0000,12835,0,104230860.000,0,-,-,-,-,2944.6000,2943.6000,2943.4000,2943.2000,2943.0000,2945.0000,2946.2000,2946.4000,2946.6000,2947.0000,1,6,2,1,1,1,5,2,2,1
SF,IH2006,2020-02-24 09:30:42.300,2945.0000,12834,-1,105114360.000,1,0,1,双平,S,2944.6000,2943.6000,2943.4000,2943.2000,2943.0000,2946.2000,2947.0000,2947.4000,2948.0000,2948.2000,1,6,1,1,1,2,1,11,4,1
SF,IH2006,2020-02-24 09:30:42.800,2945.0000,12834,0,105114360.000,0,-,-,-,-,2944.6000,2943.6000,2943.4000,2943.2000,2943.0000,2946.0000,2946.2000,2947.0000,2947.4000,2948.0000,1,6,1,1,1,2,2,1,11,4
SF,IH2006,2020-02-24 09:30:43.300,2944.6000,12835,1,105997740.000,1,1,0,双开,S,2945.0000,2943.6000,2943.4000,2943.2000,2943.0000,2946.0000,2946.2000,2947.0000,2947.4000,2948.0000,1,6,1,1,1,2,2,1,11,4
SF,IH2006,2020-02-24 09:30:43.800,2944.6000,12835,0,105997740.000,0,-,-,-,-,2945.0000,2943.6000,2943.4000,2943.2000,2943.0000,2946.0000,2946.2000,2947.0000,2947.4000,2948.0000,1,6,1,1,1,2,2,1,11,4
SF,IH2006,2020-02-24 09:30:44.300,2944.6000,12835,0,105997740.000,0,-,-,-,-,2945.0000,2943.6000,2943.4000,2943.2000,2943.0000,2945.8000,2946.0000,2946.2000,2947.0000,2947.4000,1,4,1,1,1,1,2,2,1,11
SF,IH2006,2020-02-24 09:30:44.800,2944.6000,12835,0,105997740.000,0,-,-,-,-,2945.0000,2943.6000,2943.4000,2943.2000,2943.0000,2945.8000,2946.0000,2946.2000,2947.0000,2947.4000,1,4,1,2,1,1,1,1,1,11
SF,IH2006,2020-02-24 09:30:45.300,2945.8000,12834,-1,106881480.000,1,0,1,双平,S,2945.0000,2943.6000,2943.4000,2943.2000,2943.0000,2946.0000,2946.2000,2947.0000,2947.4000,2948.0000,1,4,1,2,1,1,1,1,11,4
SF,IH2006,2020-02-24 09:30:45.800,2945.8000,12834,0,106881480.000,0,-,-,-,-,2945.0000,2943.6000,2943.4000,2943.2000,2943.0000,2946.2000,2947.0000,2947.4000,2948.0000,2948.2000,3,4,1,2,1,1,1,11,4,1
SF,IH2006,2020-02-24 09:30:46.300,2945.8000,12834,0,106881480.000,0,-,-,-,-,2945.0000,2943.6000,2943.4000,2943.2000,2943.0000,2946.2000,2947.0000,2947.4000,2948.0000,2948.2000,2,4,1,2,1,1,1,11,4,1
SF,IH2006,2020-02-24 09:30:46.800,2946.0000,12833,-1,108648780.000,2,0,2,多平,S,2945.0000,2943.6000,2943.4000,2943.2000,2943.0000,2946.0000,2946.2000,2947.0000,2947.4000,2948.0000,1,4,1,2,1,1,1,1,11,4
SF,IH2006,2020-02-24 09:30:47.300,2945.0000,12832,-1,109532280.000,1,0,1,双平,S,2943.6000,2943.4000,2943.2000,2943.0000,2942.4000,2946.2000,2947.0000,2947.4000,2948.0000,2948.2000,4,1,2,1,2,1,1,11,4,1
SF,IH2006,2020-02-24 09:30:47.800,2945.0000,12832,0,109532280.000,0,-,-,-,-,2943.8000,2943.6000,2943.4000,2943.2000,2943.0000,2947.0000,2947.4000,2948.0000,2948.2000,2948.4000,4,4,1,2,1,1,11,4,1,1
SF,IH2006,2020-02-24 09:30:48.300,2945.0000,12832,0,109532280.000,0,-,-,-,-,2944.0000,2943.8000,2943.4000,2943.2000,2943.0000,2946.8000,2947.0000,2947.4000,2948.0000,2948.2000,4,3,1,2,1,4,1,11,4,1
SF,IH2006,2020-02-24 09:30:48.800,2945.0000,12832,0,109532280.000,0,-,-,-,-,2945.2000,2945.0000,2944.2000,2944.0000,2943.8000,2946.2000,2946.6000,2946.8000,2947.0000,2947.4000,1,1,1,2,3,1,2,5,1,11
SF,IH2006,2020-02-24 09:30:49.300,2945.2000,12833,1,110415840.000,1,1,0,双开,S,2945.0000,2944.0000,2943.4000,2943.2000,2943.0000,2946.0000,2946.6000,2946.8000,2947.0000,2947.4000,1,2,1,2,1,2,1,4,1,11
SF,IH2006,2020-02-24 09:30:49.800,2945.2000,12833,0,110415840.000,0,-,-,-,-,2945.0000,2944.0000,2943.4000,2943.2000,2943.0000,2946.0000,2946.6000,2946.8000,2947.0000,2947.4000,1,2,1,2,1,2,1,4,1,11
SF,IH2006,2020-02-24 09:30:50.300,2945.2000,12833,0,110415840.000,0,-,-,-,-,2945.0000,2944.0000,2943.4000,2943.2000,2943.0000,2946.0000,2946.6000,2946.8000,2947.0000,2947.4000,1,2,1,2,1,2,1,4,1,11
SF,IH2006,2020-02-24 09:30:50.800,2945.2000,12833,0,110415840.000,0,-,-,-,-,2945.0000,2944.0000,2943.4000,2943.2000,2943.0000,2946.0000,2946.6000,2946.8000,2947.0000,2947.4000,1,2,1,2,1,2,1,4,1,11
SF,IH2006,2020-02-24 09:30:51.300,2945.0000,12833,0,112182840.000,2,1,1,多换,S,2944.0000,2943.4000,2943.2000,2943.0000,2942.4000,2945.0000,2945.8000,2946.0000,2946.6000,2946.8000,1,1,2,1,2,1,2,2,1,4
SF,IH2006,2020-02-24 09:30:51.800,2945.0000,12832,-1,113066340.000,1,0,1,双平,S,2943.4000,2943.2000,2943.0000,2942.4000,2941.0000,2945.0000,2946.6000,2946.8000,2947.0000,2947.4000,1,2,1,2,3,3,1,4,1,11
SF,IH2006,2020-02-24 09:30:52.300,2945.0000,12831,-1,113949840.000,1,0,1,双平,S,2943.6000,2943.4000,2943.2000,2943.0000,2942.4000,2945.0000,2945.8000,2946.6000,2946.8000,2947.0000,4,1,2,1,2,3,1,1,2,1
SF,IH2006,2020-02-24 09:30:52.800,2945.0000,12830,-1,114833340.000,1,0,1,双平,S,2944.2000,2943.8000,2943.6000,2943.4000,2943.2000,2945.0000,2945.8000,2946.6000,2946.8000,2947.0000,1,2,4,1,2,2,1,1,2,1
SF,IH2006,2020-02-24 09:30:53.300,2945.0000,12830,0,114833340.000,0,-,-,-,-,2943.8000,2943.6000,2943.4000,2943.2000,2943.0000,2945.0000,2945.8000,2946.6000,2946.8000,2947.0000,2,4,1,2,1,2,1,1,2,1
SF,IH2006,2020-02-24 09:30:53.800,2945.0000,12829,-1,116600340.000,2,0,2,多平,S,2944.0000,2943.8000,2943.6000,2943.4000,2943.2000,2945.8000,2946.6000,2946.8000,2947.0000,2947.4000,2,2,2,1,2,1,1,2,1,11
SF,IH2006,2020-02-24 09:30:54.300,2945.0000,12829,0,116600340.000,0,-,-,-,-,2943.6000,2943.4000,2943.2000,2943.0000,2942.4000,2945.6000,2945.8000,2946.6000,2946.8000,2947.0000,2,1,2,1,2,1,1,1,2,1
SF,IH2006,2020-02-24 09:30:54.800,2945.0000,12829,0,116600340.000,0,-,-,-,-,2943.8000,2943.6000,2943.4000,2943.2000,2943.0000,2945.4000,2945.8000,2946.6000,2946.8000,2947.0000,4,2,1,2,1,1,1,1,2,1
SF,IH2006,2020-02-24 09:30:55.300,2945.0000,12829,0,116600340.000,0,-,-,-,-,2944.6000,2944.4000,2944.0000,2943.8000,2943.4000,2945.8000,2946.6000,2946.8000,2947.0000,2947.4000,1,1,4,3,1,1,1,2,1,11
SF,IH2006,2020-02-24 09:30:55.800,2945.0000,12829,0,116600340.000,0,-,-,-,-,2944.0000,2943.8000,2943.4000,2943.2000,2943.0000,2945.6000,2945.8000,2946.6000,2946.8000,2947.0000,4,2,1,2,1,1,1,1,2,1
SF,IH2006,2020-02-24 09:30:56.300,2945.4000,12829,0,117483960.000,1,0,1,多换,S,2944.2000,2944.0000,2943.8000,2943.4000,2943.2000,2945.8000,2946.6000,2946.8000,2947.0000,2947.4000,3,2,1,1,2,1,1,2,1,11
SF,IH2006,2020-02-24 09:30:56.800,2945.4000,12829,0,117483960.000,0,-,-,-,-,2945.0000,2944.4000,2944.2000,2944.0000,2943.4000,2945.8000,2946.8000,2947.0000,2947.4000,2948.0000,1,7,3,1,1,1,1,1,11,4
SF,IH2006,2020-02-24 09:30:57.300,2945.4000,12829,0,117483960.000,0,-,-,-,-,2944.4000,2944.2000,2944.0000,2943.4000,2943.2000,2945.8000,2946.8000,2947.0000,2947.4000,2948.0000,5,1,1,1,2,1,1,1,11,4
SF,IH2006,2020-02-24 09:30:57.800,2945.4000,12829,0,117483960.000,0,-,-,-,-,2944.6000,2944.4000,2944.2000,2944.0000,2943.4000,2945.8000,2946.8000,2947.0000,2947.4000,2948.0000,3,2,1,1,1,1,1,1,11,4
SF,IH2006,2020-02-24 09:30:58.300,2945.8000,12828,-1,118367700.000,1,0,1,双平,S,2944.8000,2944.6000,2944.4000,2944.2000,2944.0000,2946.8000,2947.0000,2947.4000,2948.0000,2948.2000,1,2,2,1,1,1,1,11,4,1
SF,IH2006,2020-02-24 09:30:58.800,2945.8000,12828,0,118367700.000,0,-,-,-,-,2945.0000,2944.8000,2944.6000,2944.4000,2944.2000,2946.6000,2946.8000,2947.0000,2947.4000,2948.0000,2,1,1,2,1,2,1,1,11,4
SF,IH2006,2020-02-24 09:30:59.300,2945.8000,12828,0,118367700.000,0,-,-,-,-,2945.0000,2944.8000,2944.6000,2944.2000,2944.0000,2946.4000,2946.6000,2946.8000,2947.0000,2947.4000,2,1,1,1,1,13,2,1,1,1
SF,IH2006,2020-02-24 09:30:59.800,2945.2000,12827,-1,119251260.000,1,0,1,双平,S,2945.0000,2944.6000,2944.2000,2944.0000,2943.4000,2946.2000,2946.4000,2946.8000,2947.0000,2947.4000,1,1,1,1,1,1,12,1,1,1
SF,IH2006,2020-02-24 09:31:00.300,2945.2000,12827,0,119251260.000,0,-,-,-,-,2945.0000,2944.6000,2944.2000,2944.0000,2943.4000,2946.4000,2946.8000,2947.0000,2947.4000,2948.0000,2,1,1,1,1,12,1,1,1,4
SF,IH2006,2020-02-24 09:31:00.800,2945.2000,12827,0,119251260.000,0,-,-,-,-,2945.0000,2944.6000,2944.2000,2944.0000,2943.4000,2946.2000,2946.4000,2946.8000,2947.0000,2947.4000,3,1,1,1,1,1,12,1,1,1
SF,IH2006,2020-02-24 09:31:01.300,2945.2000,12827,0,119251260.000,0,-,-,-,-,2946.2000,2945.2000,2945.0000,2944.6000,2944.2000,2946.4000,2946.8000,2947.0000,2947.4000,2948.0000,1,1,3,1,1,11,1,1,1,4
SF,IH2006,2020-02-24 09:31:01.800,2946.2000,12826,-1,120135120.000,1,0,1,双平,S,2945.2000,2945.0000,2944.2000,2943.4000,2943.2000,2945.8000,2946.0000,2946.2000,2946.4000,2946.8000,1,2,1,1,2,2,1,1,10,1
SF,IH2006,2020-02-24 09:31:02.300,2945.0000,12826,0,121902180.000,2,1,1,多换,S,2945.0000,2944.2000,2943.4000,2943.2000,2943.0000,2945.8000,2946.0000,2946.2000,2946.4000,2946.8000,1,1,1,2,2,2,1,1,10,1
SF,IH2006,2020-02-24 09:31:02.800,2945.0000,12826,0,122785680.000,1,0,1,多换,S,2944.2000,2943.4000,2943.2000,2943.0000,2942.4000,2945.4000,2945.8000,2946.0000,2946.2000,2946.4000,1,1,2,2,2,1,2,1,1,10
SF,IH2006,2020-02-24 09:31:03.300,2945.0000,12826,0,122785680.000,0,-,-,-,-,2944.4000,2943.4000,2943.2000,2943.0000,2942.4000,2945.4000,2945.8000,2946.2000,2946.4000,2946.8000,2,1,2,2,2,2,2,1,10,1
SF,IH2006,2020-02-24 09:31:03.800,2944.4000,12824,-2,125435640.000,3,0,3,多平,S,2943.4000,2943.2000,2943.0000,2942.4000,2941.0000,2945.4000,2945.8000,2946.2000,2946.4000,2946.8000,1,1,2,2,3,1,2,1,10,1
SF,IH2006,2020-02-24 09:31:04.300,2943.6000,12824,0,126318720.000,1,0,1,多换,S,2943.6000,2943.4000,2943.2000,2943.0000,2942.4000,2945.2000,2945.4000,2945.8000,2946.2000,2946.4000,3,1,1,2,2,3,1,2,1,10
SF,IH2006,2020-02-24 09:31:04.800,2943.6000,12824,0,126318720.000,0,-,-,-,-,2943.4000,2943.2000,2943.0000,2942.4000,2941.0000,2945.0000,2945.2000,2945.8000,2946.2000,2946.4000,1,1,2,2,3,1,3,2,1,10
SF,IH2006,2020-02-24 09:31:05.300,2943.6000,12824,0,126318720.000,0,-,-,-,-,2943.4000,2943.2000,2943.0000,2942.4000,2941.0000,2944.8000,2945.0000,2945.2000,2945.8000,2946.2000,1,1,2,2,3,3,1,1,2,1
SF,IH2006,2020-02-24 09:31:05.800,2943.6000,12824,0,127201800.000,1,0,1,多换,S,2943.4000,2943.2000,2943.0000,2942.4000,2941.0000,2943.6000,2944.8000,2945.2000,2945.8000,2946.2000,1,1,2,2,3,1,2,1,2,1
SF,IH2006,2020-02-24 09:31:06.300,2943.6000,12823,-1,128084880.000,1,0,1,双平,S,2944.2000,2943.4000,2943.2000,2943.0000,2942.4000,2944.8000,2945.8000,2946.2000,2946.4000,2946.8000,1,1,1,2,1,1,2,1,10,1
SF,IH2006,2020-02-24 09:31:06.800,2944.6000,12823,0,134268540.000,7,3,4,多换,S,2944.2000,2943.4000,2943.2000,2943.0000,2942.8000,2944.8000,2945.8000,2946.2000,2946.4000,2946.8000,1,1,1,2,1,1,2,1,10,1
SF,IH2006,2020-02-24 09:31:07.300,2944.8000,12822,-1,135151980.000,1,0,1,双平,S,2944.2000,2943.4000,2943.2000,2943.0000,2942.8000,2945.8000,2946.2000,2946.4000,2946.8000,2947.4000,1,1,1,2,1,2,1,10,1,1
SF,IH2006,2020-02-24 09:31:07.800,2944.8000,12822,0,135151980.000,0,-,-,-,-,2944.2000,2943.4000,2943.2000,2943.0000,2942.8000,2945.6000,2945.8000,2946.2000,2946.4000,2946.8000,1,1,1,2,1,1,2,1,10,1
SF,IH2006,2020-02-24 09:31:08.300,2944.8000,12822,0,135151980.000,0,-,-,-,-,2944.2000,2943.4000,2943.2000,2943.0000,2942.8000,2945.4000,2945.8000,2946.2000,2946.4000,2946.8000,1,1,1,2,1,1,2,1,10,1
SF,IH2006,2020-02-24 09:31:08.800,2944.8000,12822,0,135151980.000,0,-,-,-,-,2944.2000,2943.4000,2943.2000,2943.0000,2942.8000,2945.8000,2946.2000,2946.4000,2946.8000,2947.0000,1,1,1,2,1,2,1,10,1,1
SF,IH2006,2020-02-24 09:31:09.300,2944.8000,12822,0,135151980.000,0,-,-,-,-,2944.2000,2943.4000,2943.2000,2943.0000,2942.8000,2945.6000,2945.8000,2946.2000,2946.4000,2946.8000,1,1,1,2,1,1,2,1,10,2
SF,IH2006,2020-02-24 09:31:09.800,2944.2000,12822,0,136035240.000,1,0,1,多换,S,2943.4000,2943.2000,2943.0000,2942.8000,2942.4000,2945.8000,2946.2000,2946.4000,2946.8000,2947.0000,1,1,2,1,1,2,1,10,2,1
SF,IH2006,2020-02-24 09:31:10.300,2944.2000,12822,0,136035240.000,0,-,-,-,-,2944.2000,2943.8000,2943.6000,2943.4000,2943.2000,2945.8000,2946.2000,2946.4000,2946.8000,2947.0000,1,1,6,1,1,2,1,10,1,1
SF,IH2006,2020-02-24 09:31:10.800,2944.2000,12822,0,136035240.000,0,-,-,-,-,2944.8000,2944.4000,2944.2000,2943.6000,2943.4000,2945.6000,2945.8000,2946.2000,2946.4000,2946.8000,1,5,1,2,1,2,2,1,10,1
SF,IH2006,2020-02-24 09:31:11.300,2944.2000,12822,0,136918500.000,1,0,1,多换,S,2944.8000,2944.4000,2944.2000,2943.6000,2943.4000,2945.6000,2945.8000,2946.2000,2946.4000,2946.8000,1,5,1,2,1,1,2,1,10,1
SF,IH2006,2020-02-24 09:31:11.800,2944.2000,12822,0,136918500.000,0,-,-,-,-,2945.0000,2944.8000,2944.4000,2944.2000,2943.6000,2945.8000,2946.4000,2946.8000,2947.0000,2947.4000,3,1,4,1,2,2,10,1,1,1
SF,IH2006,2020-02-24 09:31:12.300,2944.2000,12822,0,136918500.000,0,-,-,-,-,2945.2000,2945.0000,2944.8000,2944.4000,2944.2000,2946.4000,2946.8000,2947.0000,2947.4000,2948.0000,1,2,1,5,1,10,1,1,1,3
SF,IH2006,2020-02-24 09:31:12.800,2944.2000,12822,0,136918500.000,0,-,-,-,-,2945.6000,2945.4000,2945.2000,2945.0000,2944.8000,2946.2000,2946.4000,2946.8000,2947.0000,2948.0000,1,1,1,1,1,1,10,1,1,3
SF,IH2006,2020-02-24 09:31:13.300,2944.2000,12823,1,137801760.000,1,1,0,双开,S,2945.2000,2945.0000,2944.8000,2944.4000,2944.2000,2946.4000,2946.8000,2947.0000,2948.0000,2948.2000,1,1,1,5,1,10,1,1,4,1
SF,IH2006,2020-02-24 09:31:13.800,2944.2000,12823,0,137801760.000,0,-,-,-,-,2945.4000,2945.2000,2945.0000,2944.8000,2944.4000,2946.2000,2946.4000,2946.8000,2947.0000,2948.0000,3,1,1,1,3,1,10,1,1,4
SF,IH2006,2020-02-24 09:31:14.300,2946.2000,12821,-2,139569420.000,2,0,2,双平,S,2945.2000,2945.0000,2944.8000,2944.4000,2944.2000,2946.4000,2946.8000,2947.0000,2948.0000,2948.2000,1,1,1,3,1,10,1,1,4,1
SF,IH2006,2020-02-24 09:31:14.800,2946.2000,12822,1,140453280.000,1,1,0,双开,S,2945.2000,2945.0000,2944.8000,2944.4000,2944.2000,2946.4000,2946.8000,2947.0000,2948.0000,2948.2000,2,1,1,3,1,10,1,1,4,1
SF,IH2006,2020-02-24 09:31:15.300,2946.2000,12822,0,140453280.000,0,-,-,-,-,2945.2000,2945.0000,2944.8000,2944.4000,2943.6000,2946.0000,2946.4000,2946.8000,2947.0000,2948.0000,2,1,1,2,1,1,10,1,1,4
SF,IH2006,2020-02-24 09:31:15.800,2946.2000,12822,0,140453280.000,0,-,-,-,-,2945.2000,2945.0000,2944.8000,2944.4000,2943.6000,2946.0000,2946.4000,2946.8000,2947.0000,2948.0000,1,1,1,2,1,1,10,1,1,4
SF,IH2006,2020-02-24 09:31:16.300,2946.2000,12822,0,140453280.000,0,-,-,-,-,2945.4000,2945.2000,2945.0000,2944.8000,2944.4000,2946.0000,2946.4000,2946.8000,2947.0000,2948.0000,1,1,1,1,2,1,10,1,1,4
SF,IH2006,2020-02-24 09:31:16.800,2946.2000,12822,0,141337140.000,1,0,1,多换,S,2946.0000,2945.6000,2945.2000,2944.8000,2944.4000,2946.4000,2946.8000,2947.0000,2948.0000,2948.2000,1,1,1,1,2,10,1,1,4,1
SF,IH2006,2020-02-24 09:31:17.300,2946.2000,12822,0,143104800.000,2,1,1,多换,S,2945.2000,2944.8000,2944.4000,2943.6000,2943.4000,2946.4000,2946.8000,2947.0000,2948.0000,2948.2000,1,1,2,1,1,10,1,1,4,1
SF,IH2006,2020-02-24 09:31:17.800,2946.2000,12822,0,143104800.000,0,-,-,-,-,2945.4000,2945.2000,2944.8000,2944.4000,2943.6000,2946.4000,2946.8000,2947.0000,2948.0000,2948.2000,1,3,1,2,1,10,1,1,4,1
SF,IH2006,2020-02-24 09:31:18.300,2946.2000,12822,0,143104800.000,0,-,-,-,-,2945.6000,2945.4000,2945.2000,2945.0000,2944.8000,2946.4000,2946.8000,2947.0000,2948.0000,2948.2000,3,2,2,1,1,10,1,1,4,1
SF,IH2006,2020-02-24 09:31:18.800,2946.4000,12823,1,143988720.000,1,1,0,双开,S,2945.8000,2945.6000,2945.4000,2945.2000,2945.0000,2946.4000,2946.8000,2947.0000,2948.0000,2948.2000,1,1,2,1,1,9,1,1,4,1
SF,IH2006,2020-02-24 09:31:19.300,2946.4000,12823,0,143988720.000,0,-,-,-,-,2946.0000,2945.8000,2945.4000,2945.2000,2945.0000,2946.4000,2946.8000,2947.0000,2948.0000,2948.2000,1,1,2,1,1,9,1,1,4,1
SF,IH2006,2020-02-24 09:31:19.800,2946.0000,12823,0,144872520.000,1,0,1,多换,S,2945.8000,2945.4000,2945.2000,2945.0000,2944.8000,2946.4000,2946.8000,2947.0000,2948.0000,2948.2000,1,1,1,1,1,9,1,1,4,1
SF,IH2006,2020-02-24 09:31:20.300,2946.0000,12823,0,144872520.000,0,-,-,-,-,2945.8000,2945.4000,2945.2000,2945.0000,2944.8000,2946.4000,2946.8000,2947.0000,2948.0000,2948.2000,1,1,1,1,1,9,1,1,4,1
SF,IH2006,2020-02-24 09:31:21.800,2946.4000,12823,0,145756440.000,1,0,1,多换,S,2945.8000,2945.4000,2945.2000,2945.0000,2944.8000,2946.4000,2946.8000,2947.0000,2948.0000,2948.2000,1,1,1,1,1,8,1,1,4,1
SF,IH2006,2020-02-24 09:31:22.300,2946.4000,12823,0,145756440.000,0,-,-,-,-,2946.2000,2945.8000,2945.2000,2945.0000,2944.8000,2946.4000,2946.8000,2947.0000,2948.0000,2948.2000,1,1,1,1,1,8,1,1,4,1
SF,IH2006,2020-02-24 09:31:22.800,2946.2000,12821,-2,148408020.000,3,0,3,多平,S,2945.0000,2944.8000,2944.4000,2943.6000,2943.2000,2946.2000,2946.4000,2946.8000,2947.0000,2948.0000,1,1,2,1,1,2,8,1,1,4
SF,IH2006,2020-02-24 09:31:23.300,2946.2000,12821,0,148408020.000,0,-,-,-,-,2945.2000,2945.0000,2944.8000,2944.4000,2943.2000,2946.2000,2946.4000,2946.8000,2947.0000,2948.0000,7,1,1,1,1,1,8,1,1,4
SF,IH2006,2020-02-24 09:31:23.800,2946.4000,12822,1,149291940.000,1,1,0,双开,S,2945.2000,2945.0000,2944.8000,2944.4000,2943.2000,2946.4000,2946.8000,2947.0000,2948.0000,2948.2000,5,1,1,1,1,7,1,1,4,1
SF,IH2006,2020-02-24 09:31:24.300,2946.4000,12822,0,149291940.000,0,-,-,-,-,2945.4000,2945.2000,2945.0000,2944.8000,2944.4000,2946.4000,2946.8000,2947.0000,2948.0000,2948.2000,3,5,1,1,1,7,1,1,4,1
SF,IH2006,2020-02-24 09:31:24.800,2946.4000,12822,0,150175860.000,1,0,1,多换,S,2945.6000,2945.4000,2945.2000,2945.0000,2944.8000,2946.4000,2946.8000,2947.0000,2948.0000,2948.2000,6,2,2,1,1,6,1,1,4,1
SF,IH2006,2020-02-24 09:31:25.300,2946.4000,12822,0,151943700.000,2,1,1,多换,S,2945.6000,2945.4000,2945.2000,2945.0000,2944.8000,2946.4000,2946.8000,2947.0000,2948.0000,2948.2000,5,1,2,1,1,4,1,1,4,1
SF,IH2006,2020-02-24 09:31:25.800,2946.4000,12822,0,154595460.000,3,1,2,多换,S,2946.0000,2945.8000,2945.6000,2945.2000,2945.0000,2946.4000,2946.8000,2947.0000,2948.0000,2948.2000,3,3,5,2,1,1,1,1,4,1
SF,IH2006,2020-02-24 09:31:26.300,2946.4000,12822,0,155479380.000,1,0,1,多换,S,2946.4000,2946.2000,2946.0000,2945.8000,2945.6000,2946.8000,2947.0000,2948.0000,2948.2000,2952.6000,2,2,3,3,4,1,1,4,1,6
SF,IH2006,2020-02-24 09:31:26.800,2946.8000,12821,-1,156363420.000,1,0,1,双平,S,2946.4000,2946.2000,2946.0000,2945.8000,2945.6000,2947.0000,2948.0000,2948.2000,2948.8000,2952.6000,2,2,3,3,4,1,4,1,1,6
SF,IH2006,2020-02-24 09:31:27.300,2946.8000,12821,0,156363420.000,0,-,-,-,-,2946.4000,2946.2000,2946.0000,2945.8000,2945.6000,2948.0000,2948.2000,2948.8000,2952.6000,2954.4000,2,2,3,3,4,4,1,1,6,1
SF,IH2006,2020-02-24 09:31:27.800,2947.8000,12822,1,157247760.000,1,1,0,双开,S,2946.6000,2946.4000,2946.2000,2946.0000,2945.6000,2948.0000,2948.2000,2948.8000,2949.4000,2952.6000,5,2,2,3,2,4,1,1,1,6
SF,IH2006,2020-02-24 09:31:28.300,2947.8000,12822,0,157247760.000,0,-,-,-,-,2946.6000,2946.4000,2946.2000,2946.0000,2945.6000,2947.8000,2948.0000,2948.8000,2949.4000,2952.6000,4,2,2,3,2,1,4,1,1,6
SF,IH2006,2020-02-24 09:31:28.800,2947.8000,12822,0,157247760.000,0,-,-,-,-,2946.6000,2946.4000,2946.2000,2946.0000,2945.6000,2947.8000,2948.0000,2948.8000,2949.4000,2952.6000,3,2,2,3,2,1,4,1,1,6
SF,IH2006,2020-02-24 09:31:29.300,2947.8000,12822,0,157247760.000,0,-,-,-,-,2946.8000,2946.6000,2946.4000,2946.2000,2946.0000,2947.8000,2948.0000,2948.8000,2949.4000,2952.6000,2,3,2,2,3,1,4,1,1,6
SF,IH2006,2020-02-24 09:31:29.800,2947.8000,12822,0,157247760.000,0,-,-,-,-,2947.0000,2946.8000,2946.4000,2946.2000,2946.0000,2947.8000,2948.0000,2948.8000,2949.4000,2952.6000,4,2,2,2,3,1,4,1,1,6
SF,IH2006,2020-02-24 09:31:30.300,2947.8000,12822,0,157247760.000,0,-,-,-,-,2947.0000,2946.8000,2946.4000,2946.2000,2946.0000,2947.8000,2948.0000,2948.8000,2949.4000,2952.6000,2,1,2,2,3,1,4,1,1,6
SF,IH2006,2020-02-24 09:31:30.800,2947.0000,12822,0,158131860.000,1,0,1,多换,S,2946.8000,2946.4000,2946.2000,2946.0000,2945.6000,2947.4000,2947.8000,2948.0000,2948.8000,2949.4000,1,2,2,3,2,1,1,4,1,1
SF,IH2006,2020-02-24 09:31:31.300,2947.0000,12822,0,158131860.000,0,-,-,-,-,2946.4000,2946.2000,2946.0000,2945.6000,2945.4000,2947.0000,2947.4000,2948.0000,2948.8000,2949.4000,2,2,3,2,1,1,1,4,1,1
SF,IH2006,2020-02-24 09:31:31.800,2947.0000,12821,-1,159015960.000,1,0,1,双平,S,2946.6000,2946.4000,2946.2000,2946.0000,2945.6000,2947.4000,2948.0000,2948.8000,2952.6000,2954.4000,1,2,2,3,2,1,4,1,6,1
SF,IH2006,2020-02-24 09:31:32.800,2947.0000,12821,0,159015960.000,0,-,-,-,-,2946.6000,2946.4000,2946.2000,2946.0000,2945.6000,2947.4000,2948.0000,2948.8000,2952.6000,2954.4000,1,2,2,3,2,1,4,1,6,1
SF,IH2006,2020-02-24 09:31:33.300,2947.0000,12821,0,159900060.000,1,0,1,多换,S,2946.2000,2946.0000,2945.6000,2945.4000,2945.2000,2946.4000,2947.4000,2948.0000,2948.8000,2952.6000,2,3,2,1,2,1,1,4,1,6
SF,IH2006,2020-02-24 09:31:33.800,2946.4000,12819,-2,161667900.000,2,0,2,双平,S,2946.4000,2946.2000,2946.0000,2945.6000,2945.4000,2947.4000,2948.0000,2952.6000,2954.4000,2955.0000,1,1,3,1,1,1,4,6,1,1
SF,IH2006,2020-02-24 09:31:34.300,2947.4000,12818,-1,163436340.000,2,0,2,多平,S,2947.4000,2946.4000,2946.2000,2946.0000,2945.6000,2948.0000,2949.0000,2952.6000,2954.4000,2955.0000,1,1,1,3,1,4,1,6,1,1
SF,IH2006,2020-02-24 09:31:34.800,2946.4000,12816,-2,165204480.000,2,0,2,双平,S,2946.2000,2946.0000,2945.6000,2945.4000,2945.2000,2947.0000,2947.2000,2947.4000,2947.8000,2948.0000,1,3,1,1,1,2,1,1,3,4
SF,IH2006,2020-02-24 09:31:35.300,2946.4000,12816,0,165204480.000,0,-,-,-,-,2946.2000,2946.0000,2945.6000,2945.4000,2945.2000,2946.6000,2947.0000,2947.2000,2947.4000,2947.8000,1,3,1,1,1,1,2,1,1,2
SF,IH2006,2020-02-24 09:31:35.800,2947.0000,12816,0,166972560.000,2,1,1,多换,S,2946.2000,2946.0000,2945.6000,2945.4000,2945.2000,2947.0000,2947.4000,2947.8000,2948.0000,2952.6000,1,3,1,1,1,1,1,2,4,6
SF,IH2006,2020-02-24 09:31:36.300,2946.2000,12814,-2,169624260.000,3,0,3,多平,S,2946.0000,2945.6000,2945.4000,2945.2000,2945.0000,2946.4000,2947.0000,2947.4000,2947.8000,2948.0000,3,1,1,1,4,1,1,1,1,4
SF,IH2006,2020-02-24 09:31:36.800,2946.2000,12814,0,169624260.000,0,-,-,-,-,2946.0000,2945.6000,2945.4000,2945.2000,2945.0000,2946.4000,2947.0000,2947.4000,2947.8000,2948.0000,3,1,1,1,4,1,1,1,1,4
SF,IH2006,2020-02-24 09:31:37.300,2946.2000,12814,0,169624260.000,0,-,-,-,-,2946.0000,2945.6000,2945.4000,2945.2000,2945.0000,2946.4000,2947.0000,2947.4000,2947.8000,2948.0000,3,1,1,1,4,1,1,1,1,4
SF,IH2006,2020-02-24 09:31:37.800,2946.2000,12814,0,169624260.000,0,-,-,-,-,2946.0000,2945.6000,2945.4000,2945.2000,2945.0000,2946.4000,2947.0000,2947.4000,2947.8000,2948.0000,3,1,1,1,4,1,1,1,1,4
SF,IH2006,2020-02-24 09:31:38.300,2946.4000,12813,-1,170508180.000,1,0,1,双平,S,2946.4000,2946.0000,2945.6000,2945.4000,2945.2000,2947.0000,2947.4000,2947.8000,2948.0000,2952.6000,3,3,1,1,1,1,1,1,4,6
SF,IH2006,2020-02-24 09:31:38.800,2946.4000,12812,-1,174043860.000,4,1,3,多平,S,2946.0000,2945.4000,2945.2000,2945.0000,2944.8000,2947.0000,2947.4000,2947.8000,2948.0000,2948.6000,3,1,1,4,2,1,1,1,4,1
SF,IH2006,2020-02-24 09:31:39.300,2946.4000,12812,0,174043860.000,0,-,-,-,-,2946.4000,2946.2000,2946.0000,2945.4000,2945.2000,2947.0000,2947.4000,2947.8000,2948.0000,2948.6000,1,1,3,1,1,1,1,1,4,1
SF,IH2006,2020-02-24 09:31:40.300,2947.0000,12812,0,174927960.000,1,0,1,多换,S,2946.4000,2946.2000,2946.0000,2945.4000,2945.2000,2947.4000,2947.8000,2948.0000,2948.6000,2949.4000,1,1,3,1,1,1,1,4,1,1
SF,IH2006,2020-02-24 09:31:40.800,2947.0000,12812,0,174927960.000,0,-,-,-,-,2947.4000,2946.4000,2946.0000,2945.4000,2945.2000,2947.8000,2948.0000,2948.6000,2949.4000,2952.6000,2,2,3,1,1,1,4,1,1,6
SF,IH2006,2020-02-24 09:31:41.300,2947.4000,12811,-1,175812180.000,1,0,1,双平,S,2946.4000,2946.0000,2945.4000,2945.2000,2945.0000,2947.4000,2947.8000,2948.0000,2948.6000,2949.4000,2,3,1,1,5,1,1,4,1,1
SF,IH2006,2020-02-24 09:31:41.800,2946.6000,12811,0,176696160.000,1,0,1,多换,S,2946.4000,2946.0000,2945.4000,2945.2000,2945.0000,2948.0000,2948.6000,2949.4000,2952.6000,2954.4000,2,3,1,1,6,4,1,1,6,1
SF,IH2006,2020-02-24 09:31:42.300,2946.6000,12811,0,176696160.000,0,-,-,-,-,2947.0000,2946.6000,2946.4000,2946.0000,2945.4000,2947.8000,2948.0000,2948.6000,2949.4000,2952.6000,1,6,2,3,1,1,4,1,1,6
SF,IH2006,2020-02-24 09:31:42.800,2946.6000,12811,0,176696160.000,0,-,-,-,-,2946.6000,2946.4000,2946.0000,2945.4000,2945.0000,2948.0000,2948.6000,2949.4000,2952.6000,2954.4000,5,2,3,1,6,4,1,1,6,1
SF,IH2006,2020-02-24 09:31:43.300,2946.6000,12811,0,176696160.000,0,-,-,-,-,2946.8000,2946.6000,2946.4000,2946.0000,2945.4000,2947.8000,2948.0000,2948.6000,2949.4000,2952.6000,2,5,1,3,1,1,4,1,1,6
SF,IH2006,2020-02-24 09:31:43.800,2946.6000,12811,0,176696160.000,0,-,-,-,-,2947.0000,2946.6000,2946.4000,2946.0000,2945.4000,2948.0000,2948.6000,2949.4000,2952.6000,2954.4000,1,5,1,3,1,4,1,1,6,1
SF,IH2006,2020-02-24 09:31:44.300,2946.6000,12811,0,176696160.000,0,-,-,-,-,2947.0000,2946.6000,2946.4000,2946.0000,2945.4000,2947.8000,2948.0000,2948.6000,2949.4000,2952.6000,1,5,1,3,1,1,4,1,1,6
SF,IH2006,2020-02-24 09:31:44.800,2946.6000,12811,0,176696160.000,0,-,-,-,-,2947.0000,2946.6000,2946.4000,2946.0000,2945.4000,2948.0000,2948.6000,2949.4000,2952.6000,2954.4000,1,5,1,3,1,4,1,1,6,1
SF,IH2006,2020-02-24 09:31:45.300,2946.6000,12811,0,176696160.000,0,-,-,-,-,2947.0000,2946.6000,2946.4000,2946.0000,2945.4000,2947.8000,2948.0000,2948.6000,2949.4000,2952.6000,1,5,1,3,1,1,4,1,1,6
SF,IH2006,2020-02-24 09:31:45.800,2946.6000,12811,0,176696160.000,0,-,-,-,-,2947.0000,2946.6000,2946.4000,2946.0000,2945.4000,2948.0000,2948.6000,2949.4000,2952.6000,2954.4000,1,5,1,3,1,4,1,1,6,1
SF,IH2006,2020-02-24 09:31:46.300,2947.0000,12811,0,177580260.000,1,0,1,多换,S,2946.6000,2946.4000,2946.0000,2945.4000,2945.0000,2948.0000,2948.6000,2949.4000,2952.6000,2954.4000,4,1,3,1,6,4,1,1,6,1
SF,IH2006,2020-02-24 09:31:46.800,2947.0000,12811,0,177580260.000,0,-,-,-,-,2946.8000,2946.6000,2946.4000,2946.0000,2945.4000,2947.8000,2948.0000,2948.6000,2949.4000,2952.6000,2,3,1,3,1,1,4,1,1,6
SF,IH2006,2020-02-24 09:31:47.300,2947.0000,12811,0,177580260.000,0,-,-,-,-,2946.6000,2946.4000,2946.0000,2945.4000,2945.0000,2947.6000,2948.0000,2948.6000,2949.0000,2949.4000,3,1,3,1,6,1,4,1,5,1
SF,IH2006,2020-02-24 09:31:47.800,2947.0000,12811,0,177580260.000,0,-,-,-,-,2946.4000,2946.0000,2945.4000,2945.0000,2944.8000,2946.6000,2948.0000,2948.6000,2949.0000,2949.4000,1,3,1,6,2,2,4,1,5,1
SF,IH2006,2020-02-24 09:31:48.300,2947.0000,12811,0,177580260.000,0,-,-,-,-,2946.6000,2946.4000,2946.0000,2945.4000,2945.0000,2948.0000,2948.6000,2949.0000,2952.6000,2954.4000,2,1,3,1,6,4,1,5,6,1
SF,IH2006,2020-02-24 09:31:48.800,2947.0000,12811,0,177580260.000,0,-,-,-,-,2946.8000,2946.4000,2946.0000,2945.4000,2945.0000,2947.8000,2948.0000,2948.6000,2949.0000,2949.2000,1,1,3,1,6,3,4,1,5,1
SF,IH2006,2020-02-24 09:31:49.300,2946.8000,12811,0,178464300.000,1,0,1,多换,S,2946.4000,2946.0000,2945.4000,2945.0000,2944.8000,2947.8000,2948.0000,2948.6000,2949.0000,2949.2000,1,3,1,6,2,3,4,1,5,1
SF,IH2006,2020-02-24 09:31:49.800,2946.8000,12811,0,178464300.000,0,-,-,-,-,2946.4000,2946.0000,2945.4000,2945.0000,2944.8000,2947.6000,2947.8000,2948.0000,2948.6000,2949.0000,1,3,1,6,2,1,3,4,1,5
SF,IH2006,2020-02-24 09:31:50.300,2947.4000,12812,1,179348520.000,1,1,0,双开,S,2946.4000,2946.0000,2945.4000,2945.0000,2944.8000,2947.8000,2948.0000,2948.6000,2949.0000,2949.2000,1,4,1,6,2,2,4,1,5,1
SF,IH2006,2020-02-24 09:31:50.800,2947.4000,12812,0,179348520.000,0,-,-,-,-,2946.6000,2946.4000,2946.0000,2945.4000,2945.0000,2946.8000,2947.8000,2948.0000,2948.6000,2949.0000,2,1,4,1,6,1,2,4,1,5
SF,IH2006,2020-02-24 09:31:51.300,2947.8000,12812,0,181116900.000,2,1,1,多换,S,2947.6000,2947.2000,2946.4000,2946.0000,2945.4000,2947.8000,2948.0000,2948.6000,2949.0000,2952.6000,2,2,1,4,1,1,4,1,5,6
SF,IH2006,2020-02-24 09:31:51.800,2947.8000,12810,-2,182885520.000,2,0,2,双平,S,2947.2000,2946.4000,2946.0000,2945.4000,2945.0000,2947.6000,2948.0000,2948.6000,2952.6000,2954.4000,2,1,4,1,6,1,4,1,6,1
SF,IH2006,2020-02-24 09:31:52.300,2947.6000,12809,-1,183769800.000,1,0,1,双平,S,2947.8000,2947.6000,2947.2000,2946.4000,2946.0000,2948.0000,2948.6000,2952.6000,2954.4000,2955.0000,2,1,2,1,4,3,1,6,1,1
SF,IH2006,2020-02-24 09:31:52.800,2948.0000,12806,-3,186423000.000,3,0,3,双平,S,2947.8000,2947.6000,2947.2000,2946.4000,2946.0000,2948.6000,2952.6000,2954.4000,2955.0000,2955.8000,2,2,2,1,4,1,6,1,1,1
SF,IH2006,2020-02-24 09:31:53.300,2948.0000,12806,0,186423000.000,0,-,-,-,-,2948.0000,2947.8000,2947.6000,2947.2000,2946.4000,2948.6000,2949.4000,2952.6000,2954.4000,2955.0000,1,2,2,2,1,1,1,6,1,1
SF,IH2006,2020-02-24 09:31:53.800,2948.0000,12805,-1,187307400.000,1,0,1,双平,S,2947.8000,2947.6000,2947.2000,2946.4000,2946.0000,2948.6000,2949.4000,2950.2000,2952.6000,2954.4000,2,2,2,1,4,1,1,1,6,1
SF,IH2006,2020-02-24 09:31:54.300,2948.0000,12805,0,187307400.000,0,-,-,-,-,2947.8000,2947.6000,2947.2000,2946.4000,2946.0000,2948.6000,2949.4000,2950.2000,2952.6000,2954.4000,3,2,2,1,4,1,1,1,6,1
SF,IH2006,2020-02-24 09:31:54.800,2948.0000,12805,0,187307400.000,0,-,-,-,-,2948.0000,2947.8000,2947.6000,2947.2000,2946.4000,2948.6000,2949.4000,2950.2000,2952.6000,2954.4000,1,3,2,2,1,1,1,1,6,1
SF,IH2006,2020-02-24 09:31:55.300,2948.6000,12805,0,188191980.000,1,0,1,多换,S,2948.0000,2947.8000,2947.6000,2947.2000,2946.4000,2949.4000,2950.2000,2951.0000,2952.6000,2954.4000,1,3,2,2,1,1,1,1,6,1
SF,IH2006,2020-02-24 09:31:55.800,2948.6000,12805,0,188191980.000,0,-,-,-,-,2948.0000,2947.8000,2947.6000,2947.2000,2946.4000,2949.0000,2949.2000,2949.4000,2950.2000,2951.0000,2,3,2,2,1,1,2,1,1,1
SF,IH2006,2020-02-24 09:31:56.300,2948.6000,12805,0,188191980.000,0,-,-,-,-,2949.0000,2948.0000,2947.8000,2947.6000,2947.2000,2949.4000,2950.2000,2951.0000,2952.6000,2954.4000,2,2,3,2,2,1,1,1,6,1
SF,IH2006,2020-02-24 09:31:56.800,2949.0000,12805,0,191730540.000,4,2,2,多换,S,2947.8000,2947.6000,2947.2000,2946.4000,2946.0000,2949.0000,2949.4000,2950.2000,2950.4000,2951.0000,3,2,2,1,4,1,1,1,5,1
SF,IH2006,2020-02-24 09:31:57.300,2947.8000,12803,-2,193499280.000,2,0,2,双平,S,2947.8000,2947.6000,2947.2000,2946.4000,2946.0000,2949.4000,2950.2000,2950.4000,2951.0000,2952.6000,2,2,2,2,4,1,1,5,1,6
SF,IH2006,2020-02-24 09:31:57.800,2947.8000,12803,0,193499280.000,0,-,-,-,-,2948.0000,2947.8000,2947.6000,2947.2000,2946.4000,2949.2000,2949.4000,2950.2000,2951.0000,2954.4000,2,2,2,2,2,1,1,1,1,1
SF,IH2006,2020-02-24 09:31:58.300,2949.0000,12801,-2,195268740.000,2,0,2,双平,S,2948.6000,2948.0000,2947.8000,2947.6000,2947.2000,2949.4000,2950.2000,2951.0000,2954.4000,2955.0000,1,2,2,2,2,1,1,1,1,1
SF,IH2006,2020-02-24 09:31:58.800,2949.0000,12801,0,195268740.000,0,-,-,-,-,2949.8000,2949.2000,2948.8000,2948.6000,2947.8000,2950.2000,2951.0000,2954.4000,2955.0000,2955.8000,2,1,1,1,2,1,1,1,1,1
SF,IH2006,2020-02-24 09:31:59.300,2949.8000,12801,0,197923500.000,3,1,2,多换,S,2949.2000,2948.6000,2947.8000,2947.6000,2946.4000,2949.6000,2949.8000,2950.2000,2951.0000,2954.4000,1,1,2,2,1,1,4,1,1,1
SF,IH2006,2020-02-24 09:31:59.800,2949.2000,12801,0,198808260.000,1,0,1,多换,S,2948.6000,2947.8000,2947.6000,2946.4000,2946.0000,2949.6000,2949.8000,2950.2000,2951.0000,2954.4000,1,2,2,1,4,1,5,1,1,1
SF,IH2006,2020-02-24 09:32:00.300,2949.2000,12801,0,198808260.000,0,-,-,-,-,2948.6000,2947.8000,2947.6000,2946.8000,2946.4000,2949.6000,2949.8000,2950.2000,2951.0000,2954.4000,1,2,2,1,1,1,6,1,1,1
SF,IH2006,2020-02-24 09:32:00.800,2949.2000,12802,1,199693020.000,1,1,0,双开,S,2948.6000,2947.8000,2947.6000,2946.8000,2946.4000,2949.6000,2949.8000,2950.2000,2951.0000,2954.4000,1,2,2,1,1,2,4,1,1,1
SF,IH2006,2020-02-24 09:32:01.300,2949.2000,12802,0,199693020.000,0,-,-,-,-,2948.6000,2947.8000,2947.6000,2946.8000,2946.4000,2949.6000,2949.8000,2950.2000,2951.0000,2954.4000,1,2,2,1,1,2,4,1,1,1
SF,IH2006,2020-02-24 09:32:02.300,2949.6000,12801,-1,200577900.000,1,0,1,双平,S,2948.6000,2947.8000,2947.6000,2946.8000,2946.4000,2949.6000,2949.8000,2950.2000,2951.0000,2954.4000,1,2,2,1,1,1,5,1,1,1
SF,IH2006,2020-02-24 09:32:02.800,2949.6000,12801,0,200577900.000,0,-,-,-,-,2948.6000,2947.8000,2947.6000,2946.8000,2946.4000,2949.6000,2949.8000,2950.2000,2951.0000,2954.4000,1,2,2,1,1,1,4,1,1,1
SF,IH2006,2020-02-24 09:32:04.300,2949.6000,12802,1,201462780.000,1,1,0,双开,S,2948.6000,2947.8000,2947.6000,2946.8000,2946.4000,2949.8000,2950.2000,2951.0000,2954.4000,2955.0000,1,2,2,1,1,4,1,1,1,1
SF,IH2006,2020-02-24 09:32:04.800,2949.6000,12802,0,201462780.000,0,-,-,-,-,2948.8000,2948.6000,2947.8000,2947.6000,2946.8000,2949.6000,2949.8000,2950.2000,2951.0000,2954.4000,1,1,2,2,1,1,3,1,1,1
SF,IH2006,2020-02-24 09:32:05.300,2949.6000,12802,0,201462780.000,0,-,-,-,-,2948.6000,2947.8000,2947.6000,2946.8000,2946.4000,2949.6000,2949.8000,2950.2000,2951.0000,2954.4000,1,2,2,1,1,1,4,1,1,1
SF,IH2006,2020-02-24 09:32:05.800,2949.6000,12802,0,201462780.000,0,-,-,-,-,2948.6000,2947.8000,2947.6000,2946.8000,2946.4000,2949.6000,2949.8000,2950.2000,2951.0000,2954.4000,1,2,2,1,1,1,3,1,1,1
SF,IH2006,2020-02-24 09:32:07.300,2949.6000,12802,0,201462780.000,0,-,-,-,-,2948.6000,2947.8000,2947.6000,2946.8000,2946.4000,2949.6000,2949.8000,2950.2000,2951.0000,2954.4000,1,1,2,1,1,1,3,1,1,1
SF,IH2006,2020-02-24 09:32:07.800,2949.6000,12802,0,201462780.000,0,-,-,-,-,2948.6000,2947.8000,2947.6000,2946.8000,2946.4000,2949.6000,2949.8000,2950.2000,2951.0000,2954.4000,1,1,2,1,1,2,3,1,1,1
SF,IH2006,2020-02-24 09:32:08.300,2949.6000,12802,0,201462780.000,0,-,-,-,-,2948.6000,2947.8000,2947.6000,2946.8000,2946.4000,2949.4000,2949.6000,2949.8000,2950.2000,2951.0000,1,1,2,1,1,1,2,3,1,1
SF,IH2006,2020-02-24 09:32:08.800,2948.6000,12802,0,202347360.000,1,0,1,多换,S,2947.8000,2947.6000,2946.8000,2946.4000,2946.0000,2949.4000,2949.6000,2949.8000,2950.2000,2951.0000,1,2,1,1,4,1,2,3,1,1
SF,IH2006,2020-02-24 09:32:09.300,2948.6000,12802,0,202347360.000,0,-,-,-,-,2948.0000,2947.8000,2947.6000,2946.8000,2946.4000,2949.4000,2949.8000,2950.2000,2951.0000,2954.4000,4,2,2,1,1,1,3,1,1,1
SF,IH2006,2020-02-24 09:32:09.800,2948.6000,12802,0,202347360.000,0,-,-,-,-,2948.0000,2947.8000,2947.6000,2946.8000,2946.4000,2949.4000,2949.8000,2950.2000,2951.0000,2954.4000,4,2,2,1,1,1,3,1,1,1
SF,IH2006,2020-02-24 09:32:11.300,2949.4000,12801,-1,203232180.000,1,0,1,双平,S,2948.0000,2947.8000,2947.6000,2946.8000,2946.4000,2949.8000,2950.2000,2951.0000,2954.4000,2955.0000,4,2,2,1,1,3,1,1,1,1
SF,IH2006,2020-02-24 09:32:11.800,2948.0000,12800,-1,205000980.000,2,0,2,多平,S,2947.8000,2947.6000,2946.8000,2946.4000,2946.0000,2949.6000,2949.8000,2950.2000,2951.0000,2954.4000,2,1,1,1,4,12,4,1,6,1
SF,IH2006,2020-02-24 09:32:12.300,2947.8000,12799,-1,205885320.000,1,0,1,双平,S,2947.6000,2946.8000,2946.4000,2946.0000,2945.8000,2949.4000,2949.6000,2949.8000,2950.2000,2951.0000,1,1,1,4,1,1,9,4,1,6
SF,IH2006,2020-02-24 09:32:12.800,2947.8000,12799,0,205885320.000,0,-,-,-,-,2946.8000,2946.4000,2946.0000,2945.8000,2945.2000,2948.8000,2949.0000,2949.2000,2949.6000,2949.8000,1,1,4,1,1,1,1,8,6,4
SF,IH2006,2020-02-24 09:32:13.300,2947.8000,12799,0,205885320.000,0,-,-,-,-,2947.0000,2946.8000,2946.4000,2946.0000,2945.8000,2948.4000,2948.6000,2948.8000,2949.2000,2949.6000,1,1,1,4,1,2,6,1,10,5
SF,IH2006,2020-02-24 09:32:13.800,2947.8000,12799,0,205885320.000,0,-,-,-,-,2947.0000,2946.8000,2946.4000,2946.0000,2945.8000,2948.2000,2948.4000,2948.6000,2948.8000,2949.2000,1,1,1,4,1,3,2,5,1,10
SF,IH2006,2020-02-24 09:32:14.300,2947.8000,12799,0,205885320.000,0,-,-,-,-,2946.8000,2946.4000,2946.0000,2945.8000,2945.0000,2947.8000,2948.0000,2948.2000,2948.4000,2948.6000,1,1,4,1,6,1,4,6,3,1
SF,IH2006,2020-02-24 09:32:14.800,2947.8000,12799,0,205885320.000,0,-,-,-,-,2947.0000,2946.8000,2946.4000,2946.0000,2945.8000,2948.0000,2948.2000,2948.8000,2949.2000,2949.6000,1,2,1,4,1,4,4,1,3,2
SF,IH2006,2020-02-24 09:32:15.300,2947.8000,12799,0,205885320.000,0,-,-,-,-,2947.0000,2946.8000,2946.4000,2946.0000,2945.8000,2948.0000,2948.2000,2948.8000,2949.2000,2949.6000,2,1,1,4,1,4,4,1,3,2
SF,IH2006,2020-02-24 09:32:15.800,2948.0000,12799,0,206769720.000,1,0,1,多换,S,2947.2000,2947.0000,2946.8000,2946.4000,2946.0000,2948.0000,2948.2000,2948.8000,2949.2000,2949.6000,1,1,1,1,4,3,4,1,3,2
SF,IH2006,2020-02-24 09:32:16.300,2948.0000,12799,0,209422920.000,3,1,2,多换,S,2948.0000,2947.4000,2947.2000,2946.8000,2946.4000,2948.2000,2948.8000,2949.2000,2949.6000,2949.8000,1,1,1,2,1,3,1,3,2,3
SF,IH2006,2020-02-24 09:32:16.800,2948.0000,12798,-1,212075880.000,3,1,2,多平,S,2946.8000,2946.4000,2946.0000,2945.8000,2945.0000,2948.2000,2948.8000,2949.2000,2949.6000,2949.8000,2,1,1,1,6,3,1,3,2,3
SF,IH2006,2020-02-24 09:32:17.300,2948.0000,12798,0,212075880.000,0,-,-,-,-,2947.0000,2946.8000,2946.4000,2946.0000,2945.8000,2948.0000,2948.8000,2949.2000,2949.6000,2949.8000,3,2,1,1,1,2,1,3,2,3
SF,IH2006,2020-02-24 09:32:17.800,2948.0000,12798,0,212075880.000,0,-,-,-,-,2947.2000,2947.0000,2946.8000,2946.4000,2946.0000,2948.0000,2949.2000,2949.6000,2949.8000,2950.4000,1,2,2,1,1,2,3,2,3,1
SF,IH2006,2020-02-24 09:32:18.300,2948.0000,12798,0,212075880.000,0,-,-,-,-,2947.4000,2947.2000,2947.0000,2946.8000,2946.4000,2948.0000,2949.2000,2949.6000,2949.8000,2950.4000,2,3,2,2,1,2,3,2,3,1
SF,IH2006,2020-02-24 09:32:18.800,2948.0000,12798,0,212075880.000,0,-,-,-,-,2947.4000,2947.2000,2947.0000,2946.8000,2946.4000,2948.0000,2949.2000,2949.6000,2949.8000,2950.4000,2,3,2,2,1,1,3,2,3,1
SF,IH2006,2020-02-24 09:32:19.300,2947.4000,12798,0,212960100.000,1,0,1,多换,S,2947.2000,2947.0000,2946.8000,2946.4000,2946.0000,2948.0000,2948.8000,2949.2000,2949.6000,2949.8000,1,2,2,1,1,1,1,3,2,3
SF,IH2006,2020-02-24 09:32:19.800,2947.4000,12798,0,212960100.000,0,-,-,-,-,2947.2000,2947.0000,2946.8000,2946.4000,2946.0000,2947.8000,2948.0000,2948.8000,2949.2000,2949.6000,1,1,2,1,1,4,1,1,3,2
SF,IH2006,2020-02-24 09:32:20.300,2947.4000,12798,0,212960100.000,0,-,-,-,-,2947.2000,2947.0000,2946.8000,2946.4000,2946.0000,2947.8000,2948.0000,2948.8000,2949.2000,2949.6000,1,1,2,1,1,5,1,1,3,2
SF,IH2006,2020-02-24 09:32:20.800,2947.4000,12798,0,212960100.000,0,-,-,-,-,2947.4000,2946.8000,2946.4000,2946.0000,2945.8000,2947.8000,2948.0000,2948.8000,2949.2000,2949.6000,1,2,1,1,1,3,1,1,3,2
SF,IH2006,2020-02-24 09:32:21.300,2947.4000,12798,0,212960100.000,0,-,-,-,-,2947.6000,2946.8000,2946.4000,2946.0000,2945.8000,2947.8000,2948.0000,2948.8000,2949.2000,2949.6000,1,2,1,1,1,3,1,1,3,2
SF,IH2006,2020-02-24 09:32:21.800,2947.6000,12798,0,213844380.000,1,0,1,多换,S,2946.8000,2946.4000,2946.0000,2945.8000,2945.0000,2947.8000,2948.0000,2948.8000,2949.2000,2949.6000,2,1,1,1,6,1,1,1,3,2
SF,IH2006,2020-02-24 09:32:22.300,2947.6000,12798,0,213844380.000,0,-,-,-,-,2947.0000,2946.8000,2946.4000,2946.0000,2945.8000,2948.0000,2948.8000,2949.2000,2949.6000,2949.8000,1,2,1,1,1,1,1,3,2,3
SF,IH2006,2020-02-24 09:32:22.800,2948.0000,12798,0,214728780.000,1,0,1,多换,S,2948.2000,2947.2000,2947.0000,2946.8000,2946.4000,2948.8000,2949.2000,2949.6000,2949.8000,2950.4000,2,1,1,2,1,1,3,2,3,1
SF,IH2006,2020-02-24 09:32:23.300,2948.0000,12798,0,214728780.000,0,-,-,-,-,2948.4000,2947.0000,2946.8000,2946.4000,2946.0000,2948.6000,2948.8000,2949.2000,2949.6000,2949.8000,1,1,2,1,1,2,1,3,2,3
SF,IH2006,2020-02-24 09:32:23.800,2948.4000,12798,0,215613300.000,1,0,1,多换,S,2947.0000,2946.8000,2946.4000,2946.0000,2945.0000,2948.4000,2948.6000,2948.8000,2949.2000,2949.6000,1,2,1,1,6,2,2,1,1,2
SF,IH2006,2020-02-24 09:32:24.300,2948.4000,12798,0,215613300.000,0,-,-,-,-,2947.2000,2947.0000,2946.8000,2946.4000,2946.0000,2948.8000,2949.2000,2949.6000,2949.8000,2954.4000,4,1,2,1,2,1,1,2,3,1
SF,IH2006,2020-02-24 09:32:24.800,2948.4000,12798,0,215613300.000,0,-,-,-,-,2947.4000,2947.2000,2947.0000,2946.8000,2946.4000,2948.6000,2948.8000,2949.2000,2949.6000,2949.8000,2,2,1,2,1,2,1,1,2,3
SF,IH2006,2020-02-24 09:32:25.300,2948.4000,12798,0,215613300.000,0,-,-,-,-,2947.6000,2947.2000,2946.8000,2946.4000,2946.0000,2948.6000,2948.8000,2949.6000,2949.8000,2950.8000,2,1,2,1,2,2,1,2,3,1
SF,IH2006,2020-02-24 09:32:25.800,2948.4000,12798,0,215613300.000,0,-,-,-,-,2947.6000,2947.2000,2946.8000,2946.4000,2946.0000,2948.6000,2948.8000,2949.6000,2949.8000,2950.8000,2,1,2,1,2,2,1,2,3,1
SF,IH2006,2020-02-24 09:32:26.300,2947.6000,12798,0,217381860.000,2,1,1,多换,S,2947.2000,2946.8000,2946.4000,2946.0000,2945.0000,2948.6000,2948.8000,2949.6000,2949.8000,2950.8000,1,2,1,2,6,2,1,2,3,1
SF,IH2006,2020-02-24 09:32:26.800,2947.6000,12798,0,217381860.000,0,-,-,-,-,2947.6000,2947.4000,2947.2000,2946.8000,2946.4000,2948.6000,2948.8000,2949.8000,2950.8000,2954.4000,1,2,2,2,1,2,1,3,1,1
SF,IH2006,2020-02-24 09:32:27.800,2948.8000,12797,-1,220035660.000,3,1,2,多平,S,2947.6000,2947.4000,2947.2000,2946.8000,2946.4000,2949.8000,2950.8000,2954.4000,2955.0000,2955.8000,1,1,2,2,1,3,1,1,1,1
SF,IH2006,2020-02-24 09:32:28.300,2948.8000,12797,0,220035660.000,0,-,-,-,-,2948.6000,2947.8000,2947.6000,2947.2000,2946.8000,2949.6000,2949.8000,2950.8000,2954.4000,2955.0000,1,1,1,2,2,3,4,1,1,1
SF,IH2006,2020-02-24 09:32:28.800,2948.6000,12797,0,220920240.000,1,0,1,多换,S,2947.8000,2947.6000,2947.2000,2946.8000,2946.4000,2949.4000,2949.6000,2949.8000,2950.8000,2954.4000,1,1,1,2,1,3,2,3,1,1
SF,IH2006,2020-02-24 09:32:29.300,2948.6000,12797,0,220920240.000,0,-,-,-,-,2948.0000,2947.6000,2947.2000,2946.8000,2946.4000,2949.2000,2949.4000,2949.6000,2949.8000,2950.8000,1,1,1,2,1,1,3,2,3,1
SF,IH2006,2020-02-24 09:32:29.800,2947.8000,12797,0,221804580.000,1,0,1,多换,S,2947.6000,2946.8000,2946.4000,2946.0000,2945.4000,2949.0000,2949.2000,2949.8000,2950.8000,2954.4000,1,2,1,1,1,1,1,3,1,1
SF,IH2006,2020-02-24 09:32:30.300,2948.8000,12798,1,222689220.000,1,1,0,双开,S,2947.8000,2947.6000,2946.8000,2946.4000,2946.0000,2948.8000,2949.0000,2949.2000,2949.8000,2950.8000,1,1,2,1,1,1,1,1,3,1
SF,IH2006,2020-02-24 09:32:30.800,2948.8000,12798,0,222689220.000,0,-,-,-,-,2948.0000,2947.6000,2946.8000,2946.4000,2946.0000,2949.0000,2949.2000,2949.8000,2950.8000,2954.4000,1,1,2,1,1,1,1,3,1,1
SF,IH2006,2020-02-24 09:32:31.300,2948.8000,12798,0,222689220.000,0,-,-,-,-,2948.0000,2947.6000,2946.8000,2946.6000,2946.4000,2949.0000,2949.8000,2950.8000,2954.4000,2955.0000,3,1,2,1,1,1,3,1,1,1
SF,IH2006,2020-02-24 09:32:31.800,2948.8000,12798,0,222689220.000,0,-,-,-,-,2948.2000,2948.0000,2947.6000,2946.8000,2946.6000,2949.0000,2949.8000,2950.8000,2954.4000,2955.0000,1,3,1,2,1,1,3,1,1,1
SF,IH2006,2020-02-24 09:32:32.300,2948.8000,12798,0,222689220.000,0,-,-,-,-,2948.4000,2948.0000,2947.6000,2946.8000,2946.6000,2949.8000,2950.8000,2954.4000,2955.0000,2955.8000,1,3,1,2,1,3,1,1,1,1
SF,IH2006,2020-02-24 09:32:32.800,2948.8000,12798,0,222689220.000,0,-,-,-,-,2948.0000,2947.6000,2946.8000,2946.6000,2946.4000,2949.6000,2949.8000,2950.8000,2951.8000,2954.4000,3,1,2,1,1,5,4,1,1,1
SF,IH2006,2020-02-24 09:32:33.300,2948.8000,12798,0,222689220.000,0,-,-,-,-,2948.2000,2948.0000,2947.6000,2946.8000,2946.6000,2949.4000,2949.6000,2949.8000,2950.8000,2951.8000,1,3,1,2,1,1,2,4,1,1
SF,IH2006,2020-02-24 09:32:33.800,2948.8000,12798,0,222689220.000,0,-,-,-,-,2948.0000,2946.8000,2946.6000,2946.4000,2946.0000,2949.2000,2949.4000,2949.8000,2950.8000,2954.4000,3,2,1,1,1,4,1,4,1,1
SF,IH2006,2020-02-24 09:32:34.300,2948.8000,12798,0,222689220.000,0,-,-,-,-,2948.2000,2948.0000,2946.8000,2946.6000,2946.4000,2949.2000,2949.4000,2949.8000,2950.8000,2954.4000,1,3,2,1,1,2,1,3,1,1
SF,IH2006,2020-02-24 09:32:34.800,2949.4000,12796,-2,225343560.000,3,0,3,多平,S,2948.2000,2948.0000,2946.8000,2946.6000,2946.4000,2949.8000,2950.8000,2954.4000,2955.8000,2956.4000,2,3,2,1,1,2,1,1,1,6
SF,IH2006,2020-02-24 09:32:35.300,2949.8000,12792,-4,228883260.000,4,0,4,双平,S,2948.4000,2948.2000,2948.0000,2946.8000,2946.6000,2950.8000,2954.4000,2955.8000,2956.4000,2957.6000,3,2,3,2,1,1,1,1,6,1
SF,IH2006,2020-02-24 09:32:35.800,2949.8000,12792,0,228883260.000,0,-,-,-,-,2948.4000,2948.2000,2948.0000,2946.8000,2946.6000,2950.6000,2950.8000,2951.0000,2954.4000,2955.8000,1,2,3,2,1,3,2,1,1,1
SF,IH2006,2020-02-24 09:32:36.300,2949.8000,12792,0,228883260.000,0,-,-,-,-,2948.6000,2948.4000,2948.2000,2948.0000,2946.8000,2950.6000,2950.8000,2951.0000,2954.4000,2955.8000,2,2,1,3,2,3,2,1,1,1
SF,IH2006,2020-02-24 09:32:36.800,2948.8000,12793,1,229767900.000,1,1,0,双开,S,2948.8000,2948.6000,2948.2000,2948.0000,2946.8000,2949.8000,2950.4000,2950.6000,2950.8000,2951.0000,4,2,1,3,2,1,1,3,2,1
SF,IH2006,2020-02-24 09:32:37.300,2948.8000,12793,0,230652540.000,1,0,1,多换,S,2948.8000,2948.6000,2948.2000,2948.0000,2946.8000,2949.0000,2949.8000,2950.6000,2950.8000,2951.0000,2,1,1,3,2,1,1,3,2,1
SF,IH2006,2020-02-24 09:32:37.800,2949.0000,12792,-1,231537240.000,1,0,1,双平,S,2948.8000,2948.6000,2948.2000,2948.0000,2946.8000,2949.8000,2950.6000,2950.8000,2951.0000,2954.4000,2,1,1,3,2,1,3,2,1,1
SF,IH2006,2020-02-24 09:32:38.300,2949.0000,12793,1,232421940.000,1,1,0,双开,S,2948.8000,2948.6000,2948.2000,2948.0000,2946.8000,2949.8000,2950.6000,2950.8000,2951.0000,2954.4000,1,1,1,3,2,1,3,2,1,1
SF,IH2006,2020-02-24 09:32:38.800,2949.0000,12793,0,232421940.000,0,-,-,-,-,2948.8000,2948.6000,2948.2000,2948.0000,2946.8000,2949.8000,2950.6000,2950.8000,2951.0000,2954.4000,1,1,1,3,2,1,3,2,1,1
SF,IH2006,2020-02-24 09:32:39.300,2948.6000,12791,-2,234191160.000,2,0,2,双平,S,2948.2000,2948.0000,2946.8000,2946.4000,2946.0000,2949.8000,2950.6000,2950.8000,2951.0000,2954.4000,1,3,2,1,1,1,3,2,1,1
SF,IH2006,2020-02-24 09:32:39.800,2948.6000,12791,0,234191160.000,0,-,-,-,-,2948.4000,2948.2000,2948.0000,2946.8000,2946.4000,2949.6000,2949.8000,2950.6000,2950.8000,2951.0000,1,1,3,2,1,3,1,2,2,1
SF,IH2006,2020-02-24 09:32:40.300,2948.6000,12791,0,234191160.000,0,-,-,-,-,2948.2000,2948.0000,2946.8000,2946.4000,2946.0000,2949.4000,2949.6000,2949.8000,2950.6000,2950.8000,1,3,2,1,1,1,3,1,2,2
SF,IH2006,2020-02-24 09:32:40.800,2948.6000,12791,0,234191160.000,0,-,-,-,-,2948.2000,2948.0000,2946.8000,2946.4000,2946.0000,2949.4000,2949.6000,2949.8000,2950.6000,2950.8000,1,3,2,1,1,1,1,1,2,2
SF,IH2006,2020-02-24 09:32:41.300,2948.6000,12791,0,234191160.000,0,-,-,-,-,2948.2000,2948.0000,2946.8000,2946.4000,2946.0000,2949.2000,2949.4000,2949.8000,2950.6000,2950.8000,1,3,2,1,1,1,1,1,2,2
SF,IH2006,2020-02-24 09:32:42.800,2948.2000,12791,0,235075620.000,1,0,1,多换,S,2948.0000,2946.8000,2946.4000,2946.0000,2945.4000,2949.2000,2949.4000,2949.8000,2950.6000,2950.8000,3,2,1,1,1,1,1,1,2,2
SF,IH2006,2020-02-24 09:32:43.300,2948.2000,12791,0,235075620.000,0,-,-,-,-,2948.2000,2948.0000,2946.8000,2946.4000,2946.0000,2949.2000,2949.4000,2949.8000,2950.6000,2950.8000,2,3,2,1,1,1,1,1,2,2
SF,IH2006,2020-02-24 09:32:43.800,2948.2000,12791,0,235075620.000,0,-,-,-,-,2948.2000,2948.0000,2946.8000,2946.4000,2946.0000,2949.8000,2950.6000,2950.8000,2951.0000,2954.4000,2,4,2,1,1,1,2,2,1,1
SF,IH2006,2020-02-24 09:32:44.300,2948.2000,12791,0,235075620.000,0,-,-,-,-,2948.4000,2948.2000,2948.0000,2946.8000,2946.4000,2949.4000,2949.6000,2949.8000,2950.6000,2950.8000,2,2,4,2,1,1,1,1,2,2
SF,IH2006,2020-02-24 09:32:44.800,2948.2000,12791,0,235075620.000,0,-,-,-,-,2948.2000,2948.0000,2946.8000,2946.4000,2946.0000,2949.4000,2949.6000,2949.8000,2950.6000,2950.8000,2,4,2,1,1,1,1,1,2,2
SF,IH2006,2020-02-24 09:32:45.300,2948.2000,12791,0,235075620.000,0,-,-,-,-,2948.0000,2946.8000,2946.4000,2946.0000,2945.4000,2948.4000,2949.2000,2949.4000,2949.8000,2950.6000,4,2,1,1,1,1,1,2,1,2
SF,IH2006,2020-02-24 09:32:45.800,2948.4000,12790,-1,235960140.000,1,0,1,双平,S,2948.4000,2948.2000,2948.0000,2946.8000,2946.4000,2949.2000,2949.4000,2949.8000,2950.8000,2951.0000,1,1,4,2,1,1,2,1,1,1
SF,IH2006,2020-02-24 09:32:46.300,2948.4000,12790,0,236844660.000,1,0,1,多换,S,2948.2000,2948.0000,2946.8000,2946.4000,2946.0000,2949.2000,2949.4000,2949.8000,2950.8000,2951.0000,1,4,2,1,1,1,2,1,1,1
SF,IH2006,2020-02-24 09:32:46.800,2948.4000,12790,0,236844660.000,0,-,-,-,-,2948.2000,2948.0000,2946.8000,2946.4000,2946.0000,2949.2000,2949.4000,2949.8000,2950.8000,2951.0000,1,4,2,1,2,1,1,1,1,1
SF,IH2006,2020-02-24 09:32:47.800,2949.4000,12789,-1,239498700.000,3,1,2,多平,S,2948.0000,2946.8000,2946.4000,2946.0000,2945.4000,2949.8000,2950.8000,2951.0000,2954.4000,2955.8000,4,2,1,2,1,1,1,1,1,1
SF,IH2006,2020-02-24 09:32:48.300,2949.4000,12789,0,239498700.000,0,-,-,-,-,2948.2000,2948.0000,2946.8000,2946.4000,2946.0000,2949.6000,2949.8000,2950.8000,2951.0000,2954.4000,3,4,2,1,2,2,2,1,1,1
SF,IH2006,2020-02-24 09:32:48.800,2949.4000,12789,0,239498700.000,0,-,-,-,-,2949.4000,2948.2000,2948.0000,2946.8000,2946.4000,2949.6000,2949.8000,2950.8000,2951.0000,2954.4000,1,3,4,2,1,2,2,1,1,1
SF,IH2006,2020-02-24 09:32:49.300,2949.4000,12789,0,240383520.000,1,0,1,多换,S,2948.2000,2948.0000,2946.8000,2946.4000,2946.0000,2949.0000,2949.2000,2949.4000,2949.8000,2950.8000,1,4,1,1,2,2,1,3,2,1
SF,IH2006,2020-02-24 09:32:49.800,2949.4000,12789,0,240383520.000,0,-,-,-,-,2948.2000,2948.0000,2946.8000,2946.4000,2946.0000,2949.2000,2949.4000,2949.8000,2950.2000,2950.8000,1,4,1,1,2,1,3,2,1,1
SF,IH2006,2020-02-24 09:32:50.300,2949.4000,12789,0,240383520.000,0,-,-,-,-,2948.2000,2948.0000,2946.8000,2946.4000,2946.0000,2949.4000,2949.8000,2950.2000,2950.8000,2951.0000,1,4,1,1,2,3,1,1,1,1
SF,IH2006,2020-02-24 09:32:50.800,2949.4000,12789,0,240383520.000,0,-,-,-,-,2948.4000,2948.2000,2948.0000,2946.8000,2946.4000,2949.4000,2949.8000,2950.2000,2950.8000,2951.0000,1,1,4,1,1,2,1,1,1,1
SF,IH2006,2020-02-24 09:32:51.300,2949.4000,12789,0,240383520.000,0,-,-,-,-,2948.4000,2948.2000,2948.0000,2947.0000,2946.8000,2949.4000,2949.8000,2950.2000,2950.8000,2951.0000,1,1,4,1,1,2,1,1,1,1
SF,IH2006,2020-02-24 09:32:51.800,2949.4000,12789,0,241268340.000,1,0,1,多换,S,2948.4000,2948.2000,2948.0000,2947.0000,2946.8000,2949.8000,2950.2000,2950.8000,2951.0000,2951.4000,1,1,5,1,1,1,1,1,1,1
SF,IH2006,2020-02-24 09:32:52.300,2949.4000,12789,0,241268340.000,0,-,-,-,-,2948.6000,2948.4000,2948.0000,2947.0000,2946.8000,2949.8000,2950.2000,2950.8000,2951.0000,2951.4000,1,1,5,1,1,1,1,1,1,1
SF,IH2006,2020-02-24 09:32:52.800,2949.4000,12789,0,241268340.000,0,-,-,-,-,2949.4000,2948.6000,2948.4000,2948.0000,2947.0000,2949.8000,2950.2000,2950.8000,2951.0000,2951.4000,1,1,1,5,1,1,1,1,1,1
SF,IH2006,2020-02-24 09:32:53.300,2949.4000,12788,-1,242153160.000,1,0,1,双平,S,2948.4000,2948.0000,2947.6000,2947.0000,2946.8000,2949.4000,2949.8000,2950.2000,2950.8000,2951.0000,1,4,1,1,1,1,2,1,1,1
SF,IH2006,2020-02-24 09:32:53.800,2949.4000,12788,0,242153160.000,0,-,-,-,-,2948.4000,2948.0000,2947.6000,2947.0000,2946.8000,2949.4000,2949.8000,2950.2000,2950.8000,2951.0000,1,4,1,1,1,3,1,1,1,1
SF,IH2006,2020-02-24 09:32:54.800,2949.4000,12788,0,242153160.000,0,-,-,-,-,2948.4000,2948.0000,2947.6000,2947.0000,2946.8000,2949.4000,2949.8000,2950.2000,2950.8000,2951.0000,1,4,1,1,1,3,1,1,1,1
SF,IH2006,2020-02-24 09:32:55.300,2949.4000,12788,0,243037980.000,1,0,1,多换,S,2948.4000,2948.0000,2947.6000,2947.0000,2946.8000,2949.4000,2949.8000,2950.2000,2950.8000,2951.0000,1,4,1,1,1,2,1,1,1,1
SF,IH2006,2020-02-24 09:32:55.800,2949.4000,12788,0,243037980.000,0,-,-,-,-,2948.4000,2948.0000,2947.0000,2946.8000,2946.4000,2949.4000,2949.8000,2950.2000,2950.8000,2951.0000,1,4,1,1,1,2,1,1,1,1
SF,IH2006,2020-02-24 09:32:56.300,2949.4000,12788,0,243037980.000,0,-,-,-,-,2948.6000,2948.4000,2948.0000,2947.0000,2946.8000,2949.4000,2949.8000,2950.2000,2950.8000,2951.0000,1,1,5,1,1,2,1,1,1,1
SF,IH2006,2020-02-24 09:32:56.800,2948.8000,12789,1,243922620.000,1,1,0,双开,S,2948.6000,2948.4000,2948.0000,2947.0000,2946.8000,2949.4000,2949.8000,2950.2000,2950.8000,2951.0000,1,1,5,1,1,2,1,1,1,1
SF,IH2006,2020-02-24 09:32:57.300,2948.8000,12789,0,244807260.000,1,0,1,多换,S,2948.6000,2948.4000,2948.0000,2947.0000,2946.8000,2949.4000,2949.8000,2950.2000,2950.8000,2951.0000,1,1,5,1,1,1,1,1,1,1
SF,IH2006,2020-02-24 09:32:57.800,2949.4000,12789,0,245692080.000,1,0,1,多换,S,2949.4000,2948.6000,2948.4000,2948.0000,2947.0000,2949.8000,2950.2000,2950.8000,2951.0000,2951.4000,1,1,1,5,1,1,1,1,1,1
SF,IH2006,2020-02-24 09:32:59.300,2949.4000,12788,-1,246576900.000,1,0,1,双平,S,2949.2000,2948.4000,2948.0000,2947.0000,2946.8000,2949.8000,2950.2000,2950.8000,2951.0000,2951.4000,1,1,5,1,1,1,1,1,1,1
SF,IH2006,2020-02-24 09:33:00.300,2949.2000,12787,-1,247461660.000,1,0,1,双平,S,2948.4000,2948.0000,2947.0000,2946.8000,2946.4000,2949.8000,2950.2000,2950.8000,2951.0000,2951.4000,1,6,1,1,1,1,1,1,1,1
SF,IH2006,2020-02-24 09:33:00.800,2949.2000,12787,0,247461660.000,0,-,-,-,-,2948.4000,2948.0000,2947.0000,2946.8000,2946.4000,2949.8000,2950.2000,2950.8000,2951.0000,2951.4000,1,6,1,1,1,2,1,1,1,1
SF,IH2006,2020-02-24 09:33:01.300,2949.2000,12787,0,247461660.000,0,-,-,-,-,2948.4000,2948.0000,2947.0000,2946.8000,2946.4000,2949.6000,2949.8000,2950.2000,2950.8000,2951.0000,1,6,1,1,1,2,2,1,1,1
SF,IH2006,2020-02-24 09:33:01.800,2949.2000,12787,0,247461660.000,0,-,-,-,-,2948.6000,2948.4000,2948.0000,2947.0000,2946.8000,2949.8000,2950.2000,2950.8000,2951.0000,2951.4000,1,1,6,1,1,2,1,1,1,1
SF,IH2006,2020-02-24 09:33:02.300,2949.2000,12787,0,247461660.000,0,-,-,-,-,2948.4000,2948.0000,2947.0000,2946.8000,2946.4000,2949.6000,2949.8000,2950.2000,2950.8000,2951.0000,1,6,1,1,1,1,1,1,1,1
SF,IH2006,2020-02-24 09:33:02.800,2948.4000,12787,0,248346180.000,1,0,1,多换,S,2948.0000,2947.0000,2946.8000,2946.4000,2946.0000,2948.4000,2949.4000,2949.6000,2949.8000,2950.2000,6,1,1,1,2,1,1,1,1,1
SF,IH2006,2020-02-24 09:33:03.300,2948.0000,12792,5,253652580.000,6,5,1,空开,S,2947.0000,2946.8000,2946.4000,2946.0000,2945.0000,2948.0000,2948.4000,2949.4000,2949.8000,2950.2000,1,1,1,2,5,1,1,1,1,1
SF,IH2006,2020-02-24 09:33:03.800,2948.0000,12792,0,253652580.000,0,-,-,-,-,2947.2000,2947.0000,2946.8000,2946.4000,2946.0000,2948.0000,2949.4000,2949.8000,2950.2000,2950.8000,2,1,1,1,2,2,1,1,1,1
SF,IH2006,2020-02-24 09:33:04.300,2948.0000,12792,0,253652580.000,0,-,-,-,-,2947.2000,2947.0000,2946.8000,2946.4000,2946.0000,2948.0000,2949.4000,2949.8000,2950.2000,2950.8000,2,1,1,1,2,2,2,1,1,1
SF,IH2006,2020-02-24 09:33:04.800,2948.0000,12792,0,253652580.000,0,-,-,-,-,2947.2000,2947.0000,2946.8000,2946.4000,2946.0000,2947.8000,2948.0000,2949.4000,2949.8000,2950.2000,2,1,1,1,2,1,1,2,1,1
SF,IH2006,2020-02-24 09:33:05.300,2948.0000,12792,0,253652580.000,0,-,-,-,-,2947.0000,2946.8000,2946.4000,2946.0000,2945.0000,2947.8000,2948.0000,2949.4000,2949.8000,2950.8000,1,1,1,2,5,1,1,2,1,1
SF,IH2006,2020-02-24 09:33:06.300,2946.8000,12794,2,255420720.000,2,2,0,双开,S,2946.4000,2946.0000,2945.0000,2944.8000,2943.2000,2947.8000,2948.0000,2949.4000,2949.8000,2950.8000,1,2,5,1,1,1,1,2,1,1
SF,IH2006,2020-02-24 09:33:06.800,2947.8000,12794,0,256305060.000,1,0,1,多换,S,2947.2000,2947.0000,2946.4000,2946.0000,2945.0000,2948.0000,2949.4000,2949.8000,2950.8000,2954.4000,1,1,1,2,5,1,2,1,1,1
SF,IH2006,2020-02-24 09:33:07.300,2947.2000,12794,0,257189220.000,1,0,1,多换,S,2947.0000,2946.4000,2946.0000,2945.0000,2944.8000,2947.8000,2949.4000,2949.8000,2950.8000,2954.4000,1,1,2,5,1,1,1,1,1,1
SF,IH2006,2020-02-24 09:33:08.300,2947.8000,12793,-1,258957660.000,2,0,2,多平,S,2948.0000,2946.4000,2946.0000,2945.0000,2944.8000,2949.4000,2949.8000,2950.8000,2954.4000,2955.8000,3,1,2,5,1,1,1,1,1,1
SF,IH2006,2020-02-24 09:33:08.800,2947.8000,12790,-3,261610680.000,3,0,3,双平,S,2946.4000,2946.0000,2945.0000,2944.8000,2943.2000,2947.0000,2947.8000,2948.0000,2948.4000,2948.6000,1,2,6,1,1,1,6,9,3,1
SF,IH2006,2020-02-24 09:33:09.300,2946.4000,12791,1,263378700.000,2,1,1,空开,S,2946.0000,2945.0000,2944.8000,2943.2000,2942.4000,2946.2000,2947.8000,2948.0000,2948.4000,2948.6000,2,6,1,1,1,1,3,8,3,1
SF,IH2006,2020-02-24 09:33:09.800,2946.2000,12791,0,265146480.000,2,1,1,多换,S,2946.2000,2946.0000,2945.0000,2944.8000,2943.2000,2948.0000,2948.4000,2948.6000,2948.8000,2949.0000,1,2,6,1,1,7,3,1,2,2
SF,IH2006,2020-02-24 09:33:10.300,2946.2000,12791,0,265146480.000,0,-,-,-,-,2946.2000,2946.0000,2945.0000,2944.8000,2943.2000,2947.8000,2948.0000,2948.4000,2948.6000,2948.8000,1,2,6,1,1,7,7,3,1,1
SF,IH2006,2020-02-24 09:33:10.800,2946.2000,12791,0,265146480.000,0,-,-,-,-,2946.2000,2946.0000,2945.0000,2944.8000,2943.2000,2947.6000,2947.8000,2948.0000,2948.4000,2948.6000,1,2,6,1,1,1,7,7,3,1
SF,IH2006,2020-02-24 09:33:11.300,2946.2000,12791,0,265146480.000,0,-,-,-,-,2946.2000,2946.0000,2945.0000,2944.8000,2943.2000,2947.4000,2947.6000,2947.8000,2948.0000,2948.4000,1,2,6,1,1,2,1,5,7,3
SF,IH2006,2020-02-24 09:33:11.800,2946.2000,12791,0,265146480.000,0,-,-,-,-,2946.0000,2945.0000,2944.8000,2943.2000,2942.4000,2947.4000,2947.6000,2947.8000,2948.0000,2948.4000,2,6,1,1,1,2,1,2,7,3
SF,IH2006,2020-02-24 09:33:12.300,2946.2000,12791,0,265146480.000,0,-,-,-,-,2946.0000,2945.0000,2944.8000,2943.2000,2942.4000,2947.2000,2947.4000,2947.6000,2947.8000,2948.0000,2,6,1,1,1,1,2,2,2,7
SF,IH2006,2020-02-24 09:33:12.800,2946.2000,12791,0,265146480.000,0,-,-,-,-,2946.2000,2946.0000,2945.0000,2944.8000,2943.2000,2947.0000,2947.2000,2947.6000,2947.8000,2948.0000,1,2,6,1,1,4,1,2,1,3
SF,IH2006,2020-02-24 09:33:13.300,2946.2000,12790,-1,266030340.000,1,0,1,双平,S,2946.0000,2945.0000,2944.8000,2943.2000,2942.4000,2946.8000,2947.2000,2947.6000,2947.8000,2948.0000,2,6,1,1,1,4,1,2,1,3
SF,IH2006,2020-02-24 09:33:13.800,2946.0000,12789,-1,266914140.000,1,0,1,双平,S,2946.0000,2945.0000,2944.8000,2943.2000,2942.4000,2946.8000,2947.2000,2947.6000,2947.8000,2948.0000,1,6,1,1,1,4,1,2,1,2
SF,IH2006,2020-02-24 09:33:14.300,2946.0000,12789,0,266914140.000,0,-,-,-,-,2946.0000,2945.0000,2944.8000,2943.2000,2942.4000,2946.6000,2947.2000,2947.6000,2947.8000,2948.0000,1,6,1,1,1,6,1,2,1,2
SF,IH2006,2020-02-24 09:33:15.300,2946.6000,12787,-2,272218020.000,6,2,4,多平,S,2946.0000,2945.0000,2944.8000,2943.2000,2942.4000,2947.2000,2947.6000,2947.8000,2948.0000,2948.4000,1,6,1,1,1,1,2,1,2,3
SF,IH2006,2020-02-24 09:33:15.800,2946.6000,12787,0,272218020.000,0,-,-,-,-,2946.2000,2946.0000,2945.0000,2944.8000,2943.2000,2947.6000,2947.8000,2948.0000,2948.4000,2948.6000,3,1,6,1,1,1,1,2,2,1
SF,IH2006,2020-02-24 09:33:16.300,2946.6000,12787,0,272218020.000,0,-,-,-,-,2946.6000,2946.4000,2946.2000,2946.0000,2945.0000,2947.6000,2947.8000,2948.0000,2948.4000,2948.6000,1,1,3,1,6,1,1,2,2,1
SF,IH2006,2020-02-24 09:33:16.800,2947.8000,12787,0,273986640.000,2,1,1,多换,S,2946.8000,2946.6000,2946.4000,2946.2000,2946.0000,2948.6000,2948.8000,2949.2000,2949.4000,2949.8000,1,1,1,2,1,1,1,1,1,1
SF,IH2006,2020-02-24 09:33:17.300,2947.8000,12787,0,273986640.000,0,-,-,-,-,2947.0000,2946.8000,2946.6000,2946.0000,2945.0000,2948.4000,2949.2000,2949.4000,2949.8000,2950.8000,2,2,1,1,6,2,1,1,1,1
SF,IH2006,2020-02-24 09:33:17.800,2947.8000,12787,0,273986640.000,0,-,-,-,-,2947.2000,2947.0000,2946.8000,2946.6000,2946.0000,2948.4000,2949.2000,2949.4000,2949.8000,2950.8000,2,2,1,1,1,2,1,1,1,1
SF,IH2006,2020-02-24 09:33:18.300,2947.8000,12787,0,273986640.000,0,-,-,-,-,2947.2000,2946.6000,2946.0000,2945.0000,2944.8000,2948.4000,2949.2000,2949.4000,2949.8000,2950.8000,2,1,1,6,1,2,1,1,1,1
SF,IH2006,2020-02-24 09:33:18.800,2947.8000,12787,0,273986640.000,0,-,-,-,-,2947.4000,2947.2000,2946.6000,2946.0000,2945.0000,2948.4000,2949.2000,2949.4000,2949.8000,2950.8000,1,2,1,1,6,2,1,1,1,1
SF,IH2006,2020-02-24 09:33:19.300,2947.4000,12786,-1,275755380.000,2,0,2,多平,S,2947.4000,2947.2000,2946.8000,2946.6000,2945.0000,2948.4000,2949.2000,2949.4000,2949.8000,2950.8000,1,2,6,1,6,1,1,1,1,1
SF,IH2006,2020-02-24 09:33:19.800,2947.4000,12786,0,275755380.000,0,-,-,-,-,2948.4000,2947.2000,2946.8000,2946.6000,2945.0000,2949.2000,2949.4000,2949.8000,2950.8000,2954.4000,5,2,6,1,6,1,1,1,1,1
SF,IH2006,2020-02-24 09:33:20.300,2948.4000,12786,0,280177980.000,5,2,3,多换,S,2947.2000,2946.8000,2946.6000,2945.0000,2944.8000,2948.2000,2948.4000,2948.6000,2949.0000,2949.2000,1,6,1,6,2,5,2,1,2,1
SF,IH2006,2020-02-24 09:33:20.800,2948.4000,12786,0,280177980.000,0,-,-,-,-,2947.2000,2946.8000,2946.6000,2945.0000,2944.8000,2948.2000,2948.4000,2948.6000,2949.0000,2949.4000,1,6,1,6,2,5,3,1,1,1
SF,IH2006,2020-02-24 09:33:21.300,2947.2000,12787,1,281946360.000,2,1,1,空开,S,2946.8000,2946.6000,2945.0000,2944.8000,2943.2000,2948.4000,2949.0000,2949.4000,2949.8000,2950.8000,6,1,6,2,1,3,1,1,1,1
SF,IH2006,2020-02-24 09:33:21.800,2947.2000,12787,0,281946360.000,0,-,-,-,-,2947.0000,2946.8000,2946.6000,2945.0000,2944.8000,2948.4000,2949.0000,2949.4000,2949.8000,2950.8000,4,6,1,6,2,3,1,1,1,1
SF,IH2006,2020-02-24 09:33:22.300,2947.2000,12787,0,281946360.000,0,-,-,-,-,2947.2000,2947.0000,2946.6000,2945.0000,2944.8000,2948.4000,2949.0000,2949.4000,2949.8000,2950.8000,1,4,1,6,2,3,1,1,1,1
SF,IH2006,2020-02-24 09:33:22.800,2947.2000,12787,0,281946360.000,0,-,-,-,-,2947.4000,2947.2000,2947.0000,2946.6000,2945.0000,2948.4000,2949.0000,2949.4000,2949.8000,2950.8000,1,1,2,1,6,3,1,1,1,1
SF,IH2006,2020-02-24 09:33:23.300,2947.2000,12787,0,281946360.000,0,-,-,-,-,2947.4000,2947.2000,2947.0000,2946.6000,2945.0000,2948.4000,2949.0000,2949.4000,2949.8000,2950.8000,2,1,1,1,6,2,1,1,1,1
SF,IH2006,2020-02-24 09:33:23.800,2947.2000,12787,0,281946360.000,0,-,-,-,-,2947.4000,2947.2000,2947.0000,2946.6000,2945.0000,2948.4000,2949.4000,2949.8000,2950.8000,2954.4000,2,1,1,1,6,2,1,1,1,1
SF,IH2006,2020-02-24 09:33:24.300,2948.4000,12786,-1,282830880.000,1,0,1,双平,S,2947.4000,2947.2000,2947.0000,2946.6000,2945.0000,2948.4000,2949.4000,2949.8000,2950.8000,2954.4000,1,1,1,1,6,1,1,1,1,1
SF,IH2006,2020-02-24 09:33:25.800,2948.4000,12786,0,282830880.000,0,-,-,-,-,2947.4000,2947.2000,2947.0000,2946.6000,2945.0000,2949.4000,2949.8000,2950.8000,2954.4000,2955.8000,1,1,1,1,6,1,1,1,1,1
SF,IH2006,2020-02-24 09:33:26.300,2948.4000,12786,0,282830880.000,0,-,-,-,-,2947.6000,2947.2000,2946.6000,2945.0000,2944.8000,2949.2000,2949.4000,2949.8000,2950.8000,2954.4000,3,1,1,6,2,7,1,1,1,1
SF,IH2006,2020-02-24 09:33:26.800,2948.4000,12786,0,282830880.000,0,-,-,-,-,2947.6000,2947.2000,2946.6000,2945.0000,2944.8000,2949.0000,2949.2000,2949.4000,2949.8000,2950.8000,3,1,1,6,2,1,6,1,1,1
SF,IH2006,2020-02-24 09:33:27.300,2948.4000,12786,0,282830880.000,0,-,-,-,-,2948.2000,2947.8000,2947.6000,2947.2000,2946.6000,2948.8000,2949.0000,2949.2000,2949.4000,2949.8000,2,1,1,1,1,4,1,4,1,1
SF,IH2006,2020-02-24 09:33:27.800,2947.6000,12785,-1,286368420.000,4,1,3,多平,S,2946.6000,2945.0000,2944.8000,2944.0000,2943.2000,2948.2000,2948.6000,2949.0000,2949.2000,2949.4000,1,6,2,1,1,1,1,1,4,1
SF,IH2006,2020-02-24 09:33:28.300,2947.6000,12785,0,286368420.000,0,-,-,-,-,2946.8000,2946.6000,2945.0000,2944.8000,2944.0000,2948.2000,2948.6000,2949.0000,2949.2000,2949.4000,5,1,6,2,1,1,1,1,3,1
SF,IH2006,2020-02-24 09:33:28.800,2947.6000,12785,0,286368420.000,0,-,-,-,-,2946.8000,2946.6000,2945.0000,2944.8000,2944.0000,2948.0000,2948.2000,2948.6000,2949.2000,2949.4000,5,1,6,2,1,1,1,1,3,1
SF,IH2006,2020-02-24 09:33:29.300,2947.6000,12785,0,286368420.000,0,-,-,-,-,2947.0000,2946.8000,2946.6000,2945.0000,2944.8000,2948.0000,2948.2000,2948.6000,2949.2000,2949.4000,1,3,1,6,2,1,1,1,3,1
SF,IH2006,2020-02-24 09:33:29.800,2947.6000,12785,0,286368420.000,0,-,-,-,-,2947.0000,2946.8000,2946.6000,2945.0000,2944.8000,2948.0000,2948.2000,2948.6000,2949.2000,2949.4000,1,1,1,7,2,1,1,1,3,1
SF,IH2006,2020-02-24 09:33:32.300,2947.6000,12785,0,286368420.000,0,-,-,-,-,2947.6000,2947.0000,2946.8000,2946.6000,2945.0000,2948.0000,2948.2000,2948.6000,2949.2000,2949.4000,12,1,1,1,7,1,1,1,3,1
SF,IH2006,2020-02-24 09:33:32.800,2947.6000,12786,1,293442660.000,8,4,4,空开,S,2947.6000,2946.6000,2945.0000,2944.8000,2944.0000,2948.0000,2948.6000,2949.2000,2949.4000,2949.8000,4,1,7,2,1,1,1,3,1,1
SF,IH2006,2020-02-24 09:33:33.300,2947.6000,12787,1,296095500.000,3,2,1,空开,S,2947.6000,2946.6000,2945.0000,2944.8000,2944.0000,2948.0000,2948.6000,2949.2000,2949.4000,2949.8000,1,1,7,2,1,1,1,4,1,1
SF,IH2006,2020-02-24 09:33:33.800,2947.6000,12787,0,296979780.000,1,0,1,多换,S,2946.6000,2945.0000,2944.8000,2944.0000,2943.2000,2947.6000,2948.0000,2948.6000,2949.2000,2949.4000,1,7,2,1,1,1,1,1,4,1
SF,IH2006,2020-02-24 09:33:34.300,2947.6000,12787,0,296979780.000,0,-,-,-,-,2946.8000,2946.6000,2945.0000,2944.8000,2944.0000,2947.6000,2948.0000,2948.6000,2949.2000,2949.4000,2,1,7,2,1,2,1,1,4,1
SF,IH2006,2020-02-24 09:33:34.800,2947.6000,12787,0,296979780.000,0,-,-,-,-,2947.0000,2946.6000,2945.0000,2944.8000,2944.0000,2947.4000,2947.6000,2948.0000,2948.6000,2949.2000,1,1,7,2,1,1,1,1,1,4
SF,IH2006,2020-02-24 09:33:35.300,2947.6000,12787,0,296979780.000,0,-,-,-,-,2947.0000,2946.6000,2945.0000,2944.8000,2944.0000,2947.4000,2947.6000,2948.0000,2948.6000,2949.2000,1,1,7,2,1,1,1,2,1,4
SF,IH2006,2020-02-24 09:33:36.800,2947.0000,12788,1,297863880.000,1,1,0,双开,S,2946.6000,2945.0000,2944.8000,2944.0000,2943.2000,2946.8000,2947.4000,2947.6000,2948.0000,2948.6000,1,7,2,1,1,1,1,1,2,1
SF,IH2006,2020-02-24 09:33:37.300,2946.6000,12788,0,299631900.000,2,1,1,多换,S,2945.0000,2944.8000,2944.0000,2943.2000,2942.4000,2947.4000,2947.6000,2947.8000,2948.0000,2948.6000,7,2,1,1,1,1,1,11,2,1
SF,IH2006,2020-02-24 09:33:37.800,2946.6000,12788,0,299631900.000,0,-,-,-,-,2945.2000,2945.0000,2944.8000,2944.0000,2943.2000,2947.2000,2947.4000,2947.6000,2947.8000,2948.0000,5,7,2,1,1,1,1,1,11,1
SF,IH2006,2020-02-24 09:33:38.300,2946.6000,12788,0,299631900.000,0,-,-,-,-,2945.4000,2945.2000,2945.0000,2944.8000,2944.0000,2947.0000,2947.2000,2947.4000,2947.6000,2947.8000,3,5,7,2,1,1,1,1,1,11
SF,IH2006,2020-02-24 09:33:38.800,2946.6000,12788,0,299631900.000,0,-,-,-,-,2945.4000,2945.2000,2945.0000,2944.8000,2944.0000,2946.8000,2947.0000,2947.2000,2947.8000,2948.0000,3,2,7,2,1,1,1,1,11,1
SF,IH2006,2020-02-24 09:33:39.300,2946.6000,12788,0,299631900.000,0,-,-,-,-,2945.4000,2945.2000,2945.0000,2944.8000,2944.0000,2946.6000,2946.8000,2947.2000,2947.8000,2948.0000,3,2,7,2,1,1,1,1,11,1
SF,IH2006,2020-02-24 09:33:39.800,2946.6000,12788,0,299631900.000,0,-,-,-,-,2945.4000,2945.2000,2945.0000,2944.8000,2944.0000,2946.6000,2946.8000,2947.8000,2948.0000,2949.2000,3,2,7,1,1,1,1,11,1,2
SF,IH2006,2020-02-24 09:33:40.300,2946.6000,12788,0,300515880.000,1,0,1,多换,S,2945.4000,2945.2000,2945.0000,2944.8000,2944.0000,2946.8000,2947.8000,2948.0000,2949.2000,2949.4000,3,2,7,1,1,1,11,1,2,1
SF,IH2006,2020-02-24 09:33:40.800,2946.6000,12788,0,300515880.000,0,-,-,-,-,2945.6000,2945.4000,2945.0000,2944.8000,2944.0000,2946.8000,2947.8000,2948.0000,2949.2000,2949.4000,4,3,7,1,1,1,11,1,2,1
SF,IH2006,2020-02-24 09:33:41.300,2946.6000,12788,0,300515880.000,0,-,-,-,-,2945.8000,2945.6000,2945.4000,2945.0000,2944.8000,2948.0000,2949.2000,2949.4000,2949.8000,2950.8000,2,2,1,7,1,1,2,1,1,1
SF,IH2006,2020-02-24 09:33:41.800,2946.0000,12783,-5,304937040.000,5,0,5,双平,S,2945.6000,2945.4000,2945.0000,2944.8000,2944.0000,2947.8000,2948.0000,2949.2000,2949.4000,2949.8000,1,1,7,1,1,2,1,1,1,1
SF,IH2006,2020-02-24 09:33:42.300,2946.0000,12783,0,304937040.000,0,-,-,-,-,2945.8000,2945.6000,2945.4000,2945.0000,2944.8000,2947.6000,2947.8000,2948.0000,2949.2000,2949.4000,2,1,1,7,1,1,2,1,1,1
SF,IH2006,2020-02-24 09:33:42.800,2946.0000,12783,0,304937040.000,0,-,-,-,-,2945.8000,2945.6000,2945.4000,2945.0000,2944.8000,2947.2000,2947.4000,2947.6000,2947.8000,2948.0000,1,1,1,7,1,1,7,3,2,1
SF,IH2006,2020-02-24 09:33:43.300,2946.0000,12783,0,304937040.000,0,-,-,-,-,2945.8000,2945.6000,2945.4000,2945.0000,2944.8000,2947.0000,2947.4000,2947.6000,2947.8000,2948.0000,1,1,1,7,1,3,3,3,2,1
SF,IH2006,2020-02-24 09:33:43.800,2946.0000,12783,0,304937040.000,0,-,-,-,-,2945.8000,2945.6000,2945.4000,2945.0000,2944.8000,2946.8000,2947.0000,2947.4000,2947.6000,2947.8000,1,2,1,7,1,1,3,1,3,2
SF,IH2006,2020-02-24 09:33:44.300,2946.0000,12783,0,304937040.000,0,-,-,-,-,2945.6000,2945.4000,2945.0000,2944.8000,2944.0000,2946.8000,2947.0000,2947.6000,2948.0000,2949.2000,3,1,7,1,1,1,1,1,1,1
SF,IH2006,2020-02-24 09:33:44.800,2946.0000,12783,0,304937040.000,0,-,-,-,-,2945.8000,2945.4000,2945.0000,2944.8000,2944.0000,2947.0000,2947.6000,2948.0000,2949.2000,2949.4000,1,1,7,1,1,1,1,1,1,1
SF,IH2006,2020-02-24 09:33:45.300,2946.0000,12783,0,304937040.000,0,-,-,-,-,2945.4000,2945.0000,2944.8000,2944.0000,2943.2000,2946.8000,2947.0000,2948.0000,2949.2000,2949.4000,1,7,1,1,1,1,2,1,1,1
SF,IH2006,2020-02-24 09:33:45.800,2946.0000,12783,0,304937040.000,0,-,-,-,-,2945.6000,2945.4000,2945.0000,2944.8000,2944.0000,2946.8000,2947.0000,2948.0000,2949.2000,2949.4000,2,1,7,1,1,1,2,1,1,1
SF,IH2006,2020-02-24 09:33:46.300,2946.0000,12783,0,304937040.000,0,-,-,-,-,2945.6000,2945.4000,2945.0000,2944.8000,2944.0000,2946.8000,2947.0000,2947.6000,2948.0000,2949.2000,2,1,7,1,1,1,2,1,1,1
SF,IH2006,2020-02-24 09:33:46.800,2946.0000,12783,0,304937040.000,0,-,-,-,-,2945.8000,2945.6000,2945.4000,2945.0000,2944.8000,2947.0000,2947.6000,2948.0000,2949.2000,2949.4000,1,3,1,7,1,2,1,1,1,1
SF,IH2006,2020-02-24 09:33:47.300,2946.0000,12783,0,304937040.000,0,-,-,-,-,2945.8000,2945.4000,2945.2000,2945.0000,2944.8000,2947.0000,2947.6000,2948.0000,2949.2000,2949.4000,1,1,1,7,1,2,1,1,1,1
SF,IH2006,2020-02-24 09:33:47.800,2946.0000,12783,0,304937040.000,0,-,-,-,-,2945.8000,2945.4000,2945.2000,2945.0000,2944.8000,2947.0000,2947.6000,2948.0000,2949.2000,2949.4000,1,1,1,7,1,2,1,1,1,1
SF,IH2006,2020-02-24 09:33:48.300,2946.0000,12783,0,304937040.000,0,-,-,-,-,2946.8000,2945.8000,2945.6000,2945.4000,2945.2000,2947.0000,2947.6000,2948.0000,2949.2000,2949.4000,1,1,1,1,1,1,1,1,1,1
SF,IH2006,2020-02-24 09:33:48.800,2946.8000,12783,0,305821080.000,1,0,1,多换,S,2945.8000,2945.2000,2945.0000,2944.8000,2944.0000,2947.0000,2947.6000,2948.0000,2949.2000,2949.4000,1,1,7,1,1,1,1,1,1,1
SF,IH2006,2020-02-24 09:33:49.300,2946.8000,12783,0,305821080.000,0,-,-,-,-,2945.8000,2945.2000,2945.0000,2944.8000,2944.0000,2947.0000,2947.6000,2948.0000,2949.2000,2949.4000,1,1,7,1,1,1,1,1,1,1
SF,IH2006,2020-02-24 09:33:49.800,2946.8000,12783,0,305821080.000,0,-,-,-,-,2945.8000,2945.2000,2945.0000,2944.8000,2944.0000,2947.6000,2948.0000,2949.2000,2949.4000,2949.8000,1,1,7,1,1,1,1,1,1,1
SF,IH2006,2020-02-24 09:33:50.300,2946.8000,12783,0,305821080.000,0,-,-,-,-,2946.0000,2945.8000,2945.6000,2945.2000,2945.0000,2947.4000,2947.6000,2948.0000,2949.2000,2949.4000,2,1,1,1,7,3,1,1,1,1
SF,IH2006,2020-02-24 09:33:50.800,2946.8000,12783,0,305821080.000,0,-,-,-,-,2945.8000,2945.6000,2945.2000,2945.0000,2944.8000,2947.4000,2947.6000,2948.0000,2949.2000,2949.4000,1,1,1,7,1,3,1,1,1,1
SF,IH2006,2020-02-24 09:33:51.300,2946.8000,12783,0,305821080.000,0,-,-,-,-,2946.0000,2945.8000,2945.6000,2945.2000,2945.0000,2947.4000,2947.6000,2948.0000,2949.2000,2949.4000,2,1,1,1,8,3,1,1,1,1
SF,IH2006,2020-02-24 09:33:52.300,2946.8000,12783,0,305821080.000,0,-,-,-,-,2946.2000,2946.0000,2945.8000,2945.6000,2945.2000,2947.4000,2947.6000,2948.0000,2949.2000,2949.4000,1,2,1,1,1,3,1,1,1,1
SF,IH2006,2020-02-24 09:33:52.800,2946.8000,12783,0,305821080.000,0,-,-,-,-,2946.2000,2945.8000,2945.6000,2945.2000,2945.0000,2947.2000,2947.4000,2947.6000,2948.0000,2949.2000,1,1,1,1,8,1,3,1,1,1
SF,IH2006,2020-02-24 09:33:53.300,2946.8000,12783,0,305821080.000,0,-,-,-,-,2946.2000,2945.8000,2945.2000,2945.0000,2944.8000,2947.0000,2947.2000,2947.6000,2948.0000,2949.2000,2,1,1,8,1,3,2,1,1,1
SF,IH2006,2020-02-24 09:33:53.800,2946.2000,12782,-1,306704940.000,1,0,1,双平,S,2946.2000,2945.8000,2945.2000,2945.0000,2944.8000,2947.0000,2947.2000,2947.6000,2948.0000,2949.2000,1,1,1,8,1,3,1,1,1,1
SF,IH2006,2020-02-24 09:33:54.300,2946.2000,12782,0,306704940.000,0,-,-,-,-,2946.2000,2945.2000,2945.0000,2944.8000,2944.0000,2946.8000,2947.0000,2947.6000,2948.0000,2949.2000,1,1,8,1,1,1,3,1,1,1
SF,IH2006,2020-02-24 09:33:54.800,2946.2000,12782,0,306704940.000,0,-,-,-,-,2946.2000,2945.2000,2945.0000,2944.8000,2944.0000,2946.8000,2947.0000,2947.6000,2948.0000,2949.2000,1,1,8,1,1,1,3,1,1,1
SF,IH2006,2020-02-24 09:33:55.300,2946.2000,12782,0,306704940.000,0,-,-,-,-,2946.2000,2945.2000,2945.0000,2944.8000,2944.0000,2946.8000,2947.0000,2947.6000,2948.0000,2949.2000,1,1,8,1,1,1,3,1,1,1
SF,IH2006,2020-02-24 09:33:55.800,2946.8000,12781,-1,308472840.000,2,0,2,多平,S,2945.2000,2945.0000,2944.8000,2944.0000,2943.2000,2947.0000,2947.6000,2948.0000,2949.2000,2949.4000,1,8,1,1,1,3,1,1,1,1
SF,IH2006,2020-02-24 09:33:56.300,2946.8000,12781,0,308472840.000,0,-,-,-,-,2945.6000,2945.4000,2945.2000,2945.0000,2944.8000,2947.0000,2947.6000,2948.0000,2949.2000,2949.4000,1,7,1,8,1,3,1,1,1,1
SF,IH2006,2020-02-24 09:33:56.800,2946.8000,12781,0,308472840.000,0,-,-,-,-,2945.8000,2945.4000,2945.2000,2945.0000,2944.8000,2947.0000,2947.6000,2948.0000,2949.2000,2949.4000,2,5,1,8,1,3,1,1,1,1
SF,IH2006,2020-02-24 09:33:57.300,2946.8000,12781,0,308472840.000,0,-,-,-,-,2945.8000,2945.4000,2945.2000,2945.0000,2944.8000,2946.8000,2947.0000,2947.6000,2948.0000,2949.2000,2,4,1,8,1,1,3,1,1,1
SF,IH2006,2020-02-24 09:33:58.300,2946.8000,12781,0,308472840.000,0,-,-,-,-,2945.4000,2945.2000,2945.0000,2944.8000,2944.0000,2946.8000,2947.0000,2947.6000,2948.0000,2949.2000,4,1,8,1,1,1,3,1,1,1
SF,IH2006,2020-02-24 09:33:58.800,2946.8000,12781,0,308472840.000,0,-,-,-,-,2945.6000,2945.4000,2945.2000,2945.0000,2944.8000,2946.6000,2946.8000,2947.0000,2947.6000,2948.0000,2,3,1,8,1,1,2,2,1,1
SF,IH2006,2020-02-24 09:33:59.300,2946.8000,12781,0,308472840.000,0,-,-,-,-,2945.4000,2945.2000,2945.0000,2944.8000,2944.0000,2946.6000,2946.8000,2947.0000,2947.6000,2948.0000,2,1,8,1,1,2,1,2,1,1
SF,IH2006,2020-02-24 09:33:59.800,2946.8000,12781,0,308472840.000,0,-,-,-,-,2945.4000,2945.2000,2945.0000,2944.8000,2944.0000,2946.4000,2946.6000,2946.8000,2947.0000,2947.6000,1,1,8,1,1,2,2,1,2,1
SF,IH2006,2020-02-24 09:34:00.300,2946.2000,12788,7,314658240.000,7,7,0,双开,S,2945.0000,2944.8000,2944.0000,2943.2000,2942.4000,2946.2000,2946.4000,2946.8000,2947.0000,2947.6000,5,1,1,1,1,3,1,1,2,1
SF,IH2006,2020-02-24 09:34:00.800,2946.2000,12788,0,314658240.000,0,-,-,-,-,2945.0000,2944.8000,2944.0000,2943.2000,2942.4000,2946.0000,2946.2000,2946.4000,2946.8000,2947.0000,5,1,1,1,1,2,3,1,1,2
SF,IH2006,2020-02-24 09:34:01.300,2945.0000,12788,0,315541740.000,1,0,1,多换,S,2945.0000,2944.8000,2944.0000,2943.2000,2942.4000,2945.8000,2946.0000,2946.2000,2946.4000,2946.8000,4,1,1,1,1,1,2,2,1,1
SF,IH2006,2020-02-24 09:34:01.800,2945.0000,12788,0,315541740.000,0,-,-,-,-,2945.0000,2944.8000,2944.0000,2943.2000,2942.4000,2945.6000,2945.8000,2946.0000,2946.2000,2946.4000,4,1,1,1,1,1,1,1,1,1
SF,IH2006,2020-02-24 09:34:02.300,2945.0000,12788,0,316425240.000,1,0,1,多换,S,2945.0000,2944.8000,2944.0000,2943.2000,2942.4000,2945.6000,2945.8000,2946.0000,2946.2000,2946.4000,3,1,1,1,1,1,1,1,1,1
SF,IH2006,2020-02-24 09:34:02.800,2945.0000,12788,0,316425240.000,0,-,-,-,-,2945.0000,2944.8000,2944.0000,2943.2000,2942.4000,2945.6000,2945.8000,2946.0000,2946.2000,2946.4000,3,1,1,1,1,1,1,1,1,1
SF,IH2006,2020-02-24 09:34:03.300,2945.0000,12788,0,316425240.000,0,-,-,-,-,2945.0000,2944.8000,2944.0000,2943.2000,2942.4000,2945.6000,2945.8000,2946.0000,2946.2000,2946.4000,3,1,1,1,1,1,1,1,1,1
SF,IH2006,2020-02-24 09:34:03.800,2945.0000,12786,-2,318192420.000,2,0,2,双平,S,2945.0000,2944.8000,2944.0000,2943.2000,2942.4000,2945.8000,2946.2000,2946.4000,2946.8000,2947.0000,2,1,1,1,1,1,1,1,1,2
SF,IH2006,2020-02-24 09:34:04.300,2945.0000,12786,0,318192420.000,0,-,-,-,-,2945.0000,2944.8000,2944.0000,2943.2000,2942.4000,2945.8000,2946.0000,2946.2000,2946.4000,2946.8000,2,1,1,1,1,1,2,1,1,1
SF,IH2006,2020-02-24 09:34:04.800,2946.4000,12781,-5,322611540.000,5,0,5,双平,S,2945.0000,2944.8000,2944.0000,2943.2000,2942.4000,2946.8000,2947.0000,2947.6000,2949.2000,2949.4000,2,1,1,1,1,1,2,1,1,1
SF,IH2006,2020-02-24 09:34:05.300,2946.4000,12781,0,322611540.000,0,-,-,-,-,2945.2000,2945.0000,2944.8000,2944.0000,2943.2000,2946.6000,2946.8000,2947.0000,2947.6000,2949.2000,4,2,1,1,1,2,1,2,1,1
SF,IH2006,2020-02-24 09:34:05.800,2946.4000,12781,0,322611540.000,0,-,-,-,-,2945.2000,2945.0000,2944.8000,2944.0000,2943.2000,2946.8000,2947.0000,2947.6000,2949.2000,2949.4000,4,2,1,1,1,1,2,1,1,1
SF,IH2006,2020-02-24 09:34:06.300,2946.4000,12781,0,322611540.000,0,-,-,-,-,2945.4000,2945.2000,2945.0000,2944.8000,2944.0000,2946.6000,2946.8000,2947.0000,2947.6000,2949.2000,2,3,2,1,1,1,1,2,1,1
SF,IH2006,2020-02-24 09:34:06.800,2946.4000,12781,0,322611540.000,0,-,-,-,-,2945.6000,2945.4000,2945.2000,2945.0000,2944.8000,2946.6000,2946.8000,2947.0000,2947.6000,2949.2000,1,1,1,2,1,1,1,2,1,1
SF,IH2006,2020-02-24 09:34:07.300,2946.6000,12780,-1,323495520.000,1,0,1,双平,S,2946.6000,2945.6000,2945.4000,2945.2000,2945.0000,2946.8000,2947.0000,2947.6000,2949.2000,2949.4000,1,1,1,1,2,1,2,1,1,1
SF,IH2006,2020-02-24 09:34:07.800,2946.6000,12780,0,324379500.000,1,0,1,多换,S,2945.6000,2945.2000,2945.0000,2944.8000,2944.0000,2946.8000,2947.0000,2947.6000,2949.2000,2949.4000,1,1,2,1,1,1,2,1,1,1
SF,IH2006,2020-02-24 09:34:08.300,2946.6000,12780,0,324379500.000,0,-,-,-,-,2945.8000,2945.6000,2945.0000,2944.8000,2944.0000,2946.8000,2947.0000,2947.6000,2949.2000,2949.4000,3,1,2,1,1,1,2,1,1,1
SF,IH2006,2020-02-24 09:34:08.800,2946.8000,12779,-1,325263540.000,1,0,1,双平,S,2945.8000,2945.6000,2945.0000,2944.8000,2944.0000,2947.0000,2947.6000,2949.2000,2949.4000,2949.8000,3,1,2,1,1,2,1,1,1,1
SF,IH2006,2020-02-24 09:34:09.300,2946.8000,12779,0,326147580.000,1,0,1,多换,S,2945.8000,2945.6000,2945.0000,2944.8000,2944.0000,2947.0000,2947.6000,2949.2000,2949.4000,2949.8000,2,1,2,1,1,2,1,1,1,1
SF,IH2006,2020-02-24 09:34:09.800,2946.8000,12779,0,326147580.000,0,-,-,-,-,2946.0000,2945.8000,2945.0000,2944.8000,2944.0000,2946.8000,2947.0000,2947.6000,2949.2000,2949.4000,1,2,2,1,1,3,2,1,1,1
SF,IH2006,2020-02-24 09:34:10.300,2945.8000,12778,-1,327915120.000,2,0,2,多平,S,2945.8000,2945.0000,2944.8000,2944.0000,2943.2000,2946.8000,2947.0000,2947.6000,2949.2000,2949.4000,1,2,1,1,1,3,2,1,1,1
SF,IH2006,2020-02-24 09:34:11.300,2945.8000,12777,-1,328798860.000,1,0,1,双平,S,2945.0000,2944.8000,2944.0000,2943.2000,2942.4000,2945.6000,2946.8000,2947.0000,2947.6000,2949.2000,2,1,1,1,1,1,1,2,1,1
SF,IH2006,2020-02-24 09:34:11.800,2945.6000,12777,0,329682540.000,1,0,1,多换,S,2945.6000,2945.2000,2945.0000,2944.8000,2944.0000,2946.8000,2947.0000,2947.6000,2949.2000,2949.4000,1,1,2,1,1,2,2,1,1,1
SF,IH2006,2020-02-24 09:34:12.300,2945.6000,12776,-1,330566220.000,1,0,1,双平,S,2945.2000,2945.0000,2944.8000,2944.0000,2943.2000,2946.8000,2947.0000,2947.6000,2949.2000,2949.4000,1,2,1,1,1,7,2,1,1,1
SF,IH2006,2020-02-24 09:34:12.800,2945.6000,12776,0,330566220.000,0,-,-,-,-,2945.2000,2945.0000,2944.8000,2944.0000,2943.2000,2946.6000,2946.8000,2947.0000,2947.6000,2949.2000,1,2,1,1,1,5,7,2,1,1
SF,IH2006,2020-02-24 09:34:13.300,2945.6000,12776,0,330566220.000,0,-,-,-,-,2945.2000,2945.0000,2944.8000,2944.0000,2943.2000,2946.4000,2946.6000,2946.8000,2947.0000,2947.6000,1,2,1,1,1,1,5,7,2,1
SF,IH2006,2020-02-24 09:34:13.800,2945.6000,12776,0,330566220.000,0,-,-,-,-,2945.4000,2945.2000,2945.0000,2944.8000,2944.0000,2946.4000,2946.6000,2946.8000,2947.0000,2947.6000,2,1,2,1,1,1,4,7,2,1
SF,IH2006,2020-02-24 09:34:14.800,2945.6000,12776,0,330566220.000,0,-,-,-,-,2945.4000,2945.2000,2945.0000,2944.8000,2944.0000,2946.4000,2946.6000,2946.8000,2947.0000,2947.6000,2,1,2,1,1,1,1,7,2,1
SF,IH2006,2020-02-24 09:34:15.300,2945.6000,12776,0,330566220.000,0,-,-,-,-,2945.4000,2945.2000,2945.0000,2944.8000,2944.0000,2946.4000,2946.6000,2946.8000,2947.0000,2947.6000,2,1,2,1,1,2,1,7,2,1
SF,IH2006,2020-02-24 09:34:15.800,2945.6000,12776,0,330566220.000,0,-,-,-,-,2945.4000,2945.2000,2945.0000,2944.8000,2944.0000,2946.4000,2946.6000,2946.8000,2947.0000,2947.6000,2,1,2,1,1,2,1,7,3,1
SF,IH2006,2020-02-24 09:34:16.300,2945.6000,12776,0,330566220.000,0,-,-,-,-,2945.6000,2945.4000,2945.2000,2945.0000,2944.8000,2946.4000,2946.6000,2946.8000,2947.0000,2947.6000,1,2,1,2,1,1,1,6,3,1
SF,IH2006,2020-02-24 09:34:16.800,2945.6000,12776,0,330566220.000,0,-,-,-,-,2945.6000,2945.0000,2944.8000,2944.0000,2943.2000,2946.4000,2946.6000,2946.8000,2947.0000,2947.6000,1,2,1,1,1,1,1,6,3,1
SF,IH2006,2020-02-24 09:34:17.300,2945.6000,12776,0,330566220.000,0,-,-,-,-,2945.0000,2944.8000,2944.0000,2943.2000,2942.8000,2946.4000,2946.6000,2946.8000,2947.0000,2947.6000,2,1,1,1,1,1,1,6,3,1
SF,IH2006,2020-02-24 09:34:17.800,2945.6000,12776,0,330566220.000,0,-,-,-,-,2945.2000,2945.0000,2944.8000,2944.0000,2943.2000,2946.4000,2946.6000,2946.8000,2947.0000,2947.6000,2,2,1,1,1,1,1,6,3,1
SF,IH2006,2020-02-24 09:34:18.300,2945.6000,12776,0,330566220.000,0,-,-,-,-,2945.2000,2945.0000,2944.8000,2944.0000,2943.2000,2946.6000,2946.8000,2947.0000,2947.6000,2949.2000,3,2,1,1,1,1,6,3,1,1
SF,IH2006,2020-02-24 09:34:18.800,2945.6000,12776,0,330566220.000,0,-,-,-,-,2945.2000,2945.0000,2944.8000,2944.0000,2943.2000,2946.6000,2946.8000,2947.0000,2947.6000,2949.2000,3,2,1,1,1,1,6,3,1,1
SF,IH2006,2020-02-24 09:34:19.300,2945.6000,12776,0,330566220.000,0,-,-,-,-,2945.4000,2945.2000,2945.0000,2944.8000,2944.0000,2946.6000,2946.8000,2947.0000,2947.6000,2949.2000,1,2,2,1,1,1,6,3,1,1
SF,IH2006,2020-02-24 09:34:19.800,2945.6000,12776,0,330566220.000,0,-,-,-,-,2945.6000,2945.4000,2945.0000,2944.8000,2944.0000,2946.6000,2946.8000,2947.0000,2947.6000,2949.2000,2,1,2,1,1,1,6,3,1,1
SF,IH2006,2020-02-24 09:34:20.300,2945.6000,12776,0,330566220.000,0,-,-,-,-,2945.6000,2945.4000,2945.0000,2944.8000,2944.0000,2946.6000,2946.8000,2947.0000,2947.6000,2949.2000,2,1,2,1,1,1,6,3,1,1
SF,IH2006,2020-02-24 09:34:21.300,2946.6000,12775,-1,331450200.000,1,0,1,双平,S,2945.6000,2945.4000,2945.0000,2944.8000,2944.0000,2946.8000,2947.0000,2947.6000,2949.2000,2949.4000,2,1,2,1,1,6,3,1,1,1
SF,IH2006,2020-02-24 09:34:21.800,2946.6000,12775,0,331450200.000,0,-,-,-,-,2945.4000,2945.0000,2944.8000,2944.0000,2943.2000,2946.8000,2947.0000,2947.6000,2949.2000,2949.4000,1,2,1,1,1,6,3,1,1,1
SF,IH2006,2020-02-24 09:34:22.300,2946.6000,12775,0,331450200.000,0,-,-,-,-,2945.6000,2945.4000,2945.0000,2944.8000,2944.0000,2946.8000,2947.0000,2947.6000,2949.2000,2949.4000,1,1,2,1,1,6,3,1,1,1
SF,IH2006,2020-02-24 09:34:22.800,2946.6000,12775,0,331450200.000,0,-,-,-,-,2945.8000,2945.6000,2945.4000,2945.0000,2944.8000,2946.8000,2947.0000,2947.6000,2949.2000,2949.4000,2,1,1,2,1,6,3,1,1,1
SF,IH2006,2020-02-24 09:34:23.800,2946.6000,12775,0,331450200.000,0,-,-,-,-,2945.8000,2945.6000,2945.4000,2945.0000,2944.8000,2946.8000,2947.0000,2947.6000,2949.2000,2949.4000,4,1,1,2,1,6,3,1,1,1
SF,IH2006,2020-02-24 09:34:24.800,2946.6000,12775,0,331450200.000,0,-,-,-,-,2945.8000,2945.6000,2945.4000,2945.0000,2944.8000,2946.8000,2947.0000,2947.6000,2949.2000,2949.4000,4,1,1,2,1,7,3,1,1,1
SF,IH2006,2020-02-24 09:34:25.300,2946.6000,12775,0,331450200.000,0,-,-,-,-,2945.8000,2945.6000,2945.0000,2944.8000,2944.0000,2946.8000,2947.0000,2947.6000,2949.2000,2949.4000,4,1,3,1,1,7,3,1,1,1
SF,IH2006,2020-02-24 09:34:25.800,2946.8000,12775,0,332334240.000,1,0,1,多换,S,2945.8000,2945.6000,2945.0000,2944.8000,2944.0000,2946.8000,2947.0000,2947.6000,2949.2000,2949.4000,4,1,3,1,1,6,3,1,1,1
SF,IH2006,2020-02-24 09:34:26.800,2946.8000,12775,0,332334240.000,0,-,-,-,-,2945.8000,2945.6000,2945.0000,2944.8000,2944.0000,2946.8000,2947.0000,2947.6000,2949.2000,2949.4000,4,2,3,1,1,6,3,1,1,1
SF,IH2006,2020-02-24 09:34:27.300,2946.8000,12775,0,332334240.000,0,-,-,-,-,2946.0000,2945.8000,2945.6000,2945.0000,2944.8000,2946.8000,2947.0000,2947.6000,2949.2000,2949.4000,1,4,1,3,1,6,3,1,1,1
SF,IH2006,2020-02-24 09:34:27.800,2946.8000,12775,0,332334240.000,0,-,-,-,-,2946.0000,2945.8000,2945.6000,2945.0000,2944.8000,2946.8000,2947.0000,2947.6000,2949.2000,2949.4000,1,2,1,3,1,6,3,1,1,1
SF,IH2006,2020-02-24 09:34:29.300,2946.8000,12775,0,332334240.000,0,-,-,-,-,2946.2000,2946.0000,2945.8000,2945.6000,2945.0000,2946.8000,2947.0000,2947.6000,2949.2000,2949.4000,1,1,2,1,2,6,1,1,1,1
SF,IH2006,2020-02-24 09:34:32.300,2946.8000,12775,0,332334240.000,0,-,-,-,-,2946.2000,2946.0000,2945.8000,2945.0000,2944.8000,2946.8000,2947.0000,2947.6000,2949.2000,2949.4000,1,1,2,2,1,6,1,1,1,1
SF,IH2006,2020-02-24 09:34:32.800,2946.2000,12774,-1,333218100.000,1,0,1,双平,S,2945.8000,2945.0000,2944.8000,2944.0000,2943.2000,2946.6000,2946.8000,2947.0000,2947.6000,2949.2000,2,2,1,1,1,1,6,1,1,1
SF,IH2006,2020-02-24 09:34:34.300,2946.2000,12774,0,333218100.000,0,-,-,-,-,2945.8000,2945.6000,2945.0000,2944.8000,2944.0000,2946.6000,2946.8000,2947.0000,2947.6000,2949.2000,2,1,2,1,1,1,6,1,1,1
SF,IH2006,2020-02-24 09:34:34.800,2946.2000,12774,0,333218100.000,0,-,-,-,-,2945.8000,2945.0000,2944.8000,2944.0000,2943.2000,2946.6000,2946.8000,2947.0000,2947.6000,2949.2000,2,2,1,1,1,1,6,1,1,1
SF,IH2006,2020-02-24 09:34:35.300,2945.8000,12774,0,334985580.000,2,1,1,多换,S,2945.0000,2944.8000,2944.0000,2943.2000,2942.8000,2945.6000,2945.8000,2946.2000,2946.4000,2946.6000,2,1,1,1,1,2,1,2,5,2
