市场代码,合约代码,时间,最新,持仓,增仓,成交额,成交量,开仓,平仓,成交类型,方向,买一价,买二价,买三价,买四价,买五价,卖一价,卖二价,卖三价,卖四价,卖五价,买一量,买二量,买三量,买四量,买五量,卖一量,卖二量,卖三量,卖四量,卖五量
SF,IH2003,2019-12-11 09:29:00.200,2942.0000,17401,0,2647800.000,3.000,-,-,-,-,2942.0000,2941.8000,2940.0000,2939.2000,2935.4000,2943.0000,2943.8000,2944.0000,2944.4000,2945.0000,7,1,2,1,1,1,1,18,3,3
SF,IH2003,2019-12-11 09:30:00.200,2942.0000,17400,-1,5295960.000,3,1,2,多平,S,2942.0000,2941.8000,2940.0000,2939.2000,2938.8000,2942.6000,2942.8000,2943.0000,2943.2000,2943.4000,6,1,2,1,1,4,6,4,1,1
SF,IH2003,2019-12-11 09:30:00.700,2940.0000,17402,2,13238880.000,9,5,4,空开,S,2940.0000,2939.2000,2938.8000,2935.0000,2934.6000,2942.0000,2942.4000,2942.6000,2942.8000,2943.0000,1,1,1,4,2,1,8,6,6,4
SF,IH2003,2019-12-11 09:30:01.200,2940.0000,17401,-1,14120880.000,1,0,1,双平,S,2940.2000,2940.0000,2939.2000,2938.8000,2935.0000,2941.6000,2941.8000,2942.0000,2942.4000,2942.6000,3,1,1,1,4,4,7,3,4,2
SF,IH2003,2019-12-11 09:30:01.700,2940.0000,17401,0,14120880.000,0,-,-,-,-,2940.2000,2940.0000,2939.2000,2935.0000,2934.6000,2940.8000,2941.4000,2941.6000,2941.8000,2942.0000,2,1,1,4,2,1,8,4,6,3
SF,IH2003,2019-12-11 09:30:02.200,2940.0000,17401,0,14120880.000,0,-,-,-,-,2940.2000,2940.0000,2939.2000,2935.0000,2934.2000,2941.2000,2941.4000,2941.6000,2941.8000,2942.0000,1,1,1,4,2,1,9,4,5,3
SF,IH2003,2019-12-11 09:30:02.700,2940.2000,17400,-1,15002940.000,1,0,1,双平,S,2940.0000,2939.2000,2935.0000,2934.2000,2933.0000,2940.2000,2940.4000,2940.6000,2941.0000,2941.2000,1,1,4,2,1,1,4,8,1,1
SF,IH2003,2019-12-11 09:30:03.200,2940.0000,17400,0,15884940.000,1,0,1,多换,S,2939.2000,2935.0000,2934.2000,2933.0000,2932.8000,2940.0000,2940.2000,2940.6000,2940.8000,2941.0000,1,4,2,1,1,10,2,4,1,2
SF,IH2003,2019-12-11 09:30:03.700,2940.0000,17400,0,15884940.000,0,-,-,-,-,2939.2000,2935.0000,2934.2000,2933.0000,2932.8000,2940.0000,2940.2000,2940.6000,2940.8000,2941.0000,1,4,2,1,1,14,2,4,1,2
SF,IH2003,2019-12-11 09:30:04.200,2939.2000,17400,0,16766700.000,1,0,1,多换,S,2935.0000,2934.2000,2933.0000,2932.8000,2931.0000,2939.6000,2939.8000,2940.0000,2940.2000,2940.6000,4,2,1,1,1,1,1,15,2,4
SF,IH2003,2019-12-11 09:30:04.700,2939.2000,17400,0,16766700.000,0,-,-,-,-,2937.6000,2937.2000,2936.8000,2936.4000,2936.0000,2939.0000,2939.2000,2939.4000,2939.6000,2940.0000,1,1,1,1,1,1,4,9,1,7
SF,IH2003,2019-12-11 09:30:05.200,2939.2000,17400,0,16766700.000,0,-,-,-,-,2938.0000,2937.8000,2937.2000,2936.8000,2936.4000,2939.0000,2939.4000,2940.0000,2940.2000,2941.2000,4,4,1,1,1,1,2,8,2,1
SF,IH2003,2019-12-11 09:30:05.700,2939.2000,17400,0,16766700.000,0,-,-,-,-,2938.0000,2937.8000,2936.8000,2936.4000,2935.8000,2938.6000,2938.8000,2939.0000,2939.4000,2940.0000,1,1,1,1,1,4,6,1,2,8
SF,IH2003,2019-12-11 09:30:06.200,2938.2000,17400,0,17648160.000,1,0,1,多换,S,2938.0000,2936.8000,2936.4000,2935.8000,2935.2000,2938.8000,2939.4000,2940.0000,2940.2000,2941.2000,1,1,1,1,8,2,2,8,2,1
SF,IH2003,2019-12-11 09:30:06.700,2938.0000,17400,0,18529560.000,1,0,1,多换,S,2936.8000,2936.4000,2935.8000,2935.2000,2935.0000,2938.8000,2939.4000,2940.0000,2940.2000,2941.2000,1,1,1,8,5,2,2,8,2,1
SF,IH2003,2019-12-11 09:30:07.200,2938.0000,17400,0,18529560.000,0,-,-,-,-,2937.0000,2936.8000,2936.4000,2935.8000,2935.2000,2938.6000,2938.8000,2939.4000,2940.0000,2940.2000,3,1,1,1,8,4,2,1,8,2
SF,IH2003,2019-12-11 09:30:07.700,2938.0000,17400,0,18529560.000,0,-,-,-,-,2937.0000,2936.8000,2936.4000,2935.8000,2935.2000,2938.4000,2938.6000,2938.8000,2939.4000,2940.0000,3,1,1,1,8,4,5,2,1,8
SF,IH2003,2019-12-11 09:30:08.200,2937.0000,17399,-1,20292240.000,2,0,2,多平,S,2937.0000,2936.8000,2936.4000,2935.8000,2935.2000,2938.6000,2938.8000,2939.4000,2940.0000,2940.2000,2,1,1,1,8,3,2,1,9,1
SF,IH2003,2019-12-11 09:30:08.700,2937.0000,17399,0,20292240.000,0,-,-,-,-,2937.2000,2937.0000,2936.8000,2936.4000,2935.8000,2938.8000,2939.4000,2940.0000,2940.2000,2941.2000,1,2,1,1,1,2,1,9,1,1
SF,IH2003,2019-12-11 09:30:09.200,2937.0000,17399,0,20292240.000,0,-,-,-,-,2936.8000,2936.4000,2935.2000,2935.0000,2934.2000,2937.2000,2938.0000,2938.2000,2938.4000,2938.6000,1,1,4,4,2,1,1,4,6,2
SF,IH2003,2019-12-11 09:30:09.700,2937.2000,17396,-3,22935720.000,3,0,3,双平,S,2937.2000,2937.0000,2936.4000,2935.2000,2935.0000,2938.4000,2938.8000,2940.0000,2940.2000,2941.2000,2,1,1,4,4,2,3,5,1,1
SF,IH2003,2019-12-11 09:30:10.200,2937.2000,17396,0,22935720.000,0,-,-,-,-,2937.4000,2937.2000,2937.0000,2936.8000,2936.4000,2938.8000,2940.0000,2940.2000,2941.2000,2941.8000,3,9,5,1,1,3,4,1,1,1
SF,IH2003,2019-12-11 09:30:10.700,2937.2000,17396,0,22935720.000,0,-,-,-,-,2938.0000,2937.8000,2937.4000,2937.2000,2937.0000,2940.0000,2940.2000,2941.2000,2941.8000,2942.0000,1,4,13,5,2,4,1,1,1,2
SF,IH2003,2019-12-11 09:30:11.200,2939.8000,17393,-3,26463360.000,4,0,4,多平,S,2938.8000,2938.2000,2937.8000,2937.4000,2937.2000,2939.8000,2940.0000,2940.2000,2941.2000,2941.8000,1,4,3,2,1,9,5,1,1,1
SF,IH2003,2019-12-11 09:30:11.700,2938.8000,17392,-1,28226640.000,2,0,2,多平,S,2938.4000,2938.2000,2937.8000,2937.4000,2937.2000,2938.6000,2939.4000,2939.8000,2940.0000,2940.2000,1,1,3,2,1,1,1,9,5,1
SF,IH2003,2019-12-11 09:30:12.200,2938.4000,17391,-1,29108160.000,1,0,1,双平,S,2937.4000,2937.2000,2937.0000,2936.4000,2935.0000,2939.4000,2939.8000,2940.0000,2940.2000,2941.2000,2,1,2,1,4,1,7,7,1,1
SF,IH2003,2019-12-11 09:30:12.700,2938.4000,17391,0,29108160.000,0,-,-,-,-,2937.6000,2937.4000,2937.2000,2937.0000,2936.4000,2939.2000,2939.4000,2939.8000,2940.0000,2940.2000,4,2,1,2,1,3,1,6,5,1
SF,IH2003,2019-12-11 09:30:13.200,2938.4000,17391,0,29108160.000,0,-,-,-,-,2937.6000,2937.4000,2937.2000,2937.0000,2936.4000,2939.2000,2939.4000,2939.8000,2940.0000,2940.2000,4,2,1,2,1,6,1,5,5,1
SF,IH2003,2019-12-11 09:30:13.700,2938.4000,17391,0,29108160.000,0,-,-,-,-,2937.6000,2937.4000,2937.2000,2937.0000,2936.4000,2939.2000,2939.4000,2939.8000,2940.0000,2940.2000,4,2,1,3,1,6,1,5,5,1
SF,IH2003,2019-12-11 09:30:14.200,2938.4000,17391,0,29108160.000,0,-,-,-,-,2937.6000,2937.2000,2937.0000,2936.4000,2935.0000,2938.4000,2939.0000,2939.2000,2939.4000,2939.8000,3,1,3,1,4,1,2,6,1,5
SF,IH2003,2019-12-11 09:30:14.700,2938.4000,17391,0,29108160.000,0,-,-,-,-,2937.6000,2937.2000,2937.0000,2936.4000,2935.0000,2939.0000,2939.2000,2939.4000,2939.8000,2940.0000,1,1,3,1,4,4,5,1,2,2
SF,IH2003,2019-12-11 09:30:15.200,2938.4000,17391,0,29108160.000,0,-,-,-,-,2937.8000,2937.2000,2937.0000,2936.4000,2935.0000,2939.0000,2939.2000,2939.4000,2939.8000,2940.0000,4,1,3,1,4,1,5,1,2,2
SF,IH2003,2019-12-11 09:30:15.700,2938.4000,17391,0,29108160.000,0,-,-,-,-,2937.8000,2937.2000,2937.0000,2936.4000,2935.0000,2939.0000,2939.2000,2939.4000,2939.8000,2940.0000,7,1,3,1,4,1,3,1,2,2
SF,IH2003,2019-12-11 09:30:16.200,2938.4000,17391,0,29108160.000,0,-,-,-,-,2937.8000,2937.2000,2937.0000,2936.4000,2935.0000,2938.8000,2939.0000,2939.2000,2939.4000,2939.8000,2,1,3,1,4,2,1,3,1,2
SF,IH2003,2019-12-11 09:30:16.700,2938.4000,17391,0,29108160.000,0,-,-,-,-,2937.8000,2937.2000,2937.0000,2936.4000,2935.0000,2938.8000,2939.0000,2939.2000,2939.4000,2939.8000,2,1,3,1,4,2,1,3,1,2
SF,IH2003,2019-12-11 09:30:17.700,2938.4000,17391,0,29108160.000,0,-,-,-,-,2938.0000,2937.8000,2937.2000,2937.0000,2936.4000,2939.0000,2939.2000,2939.4000,2939.8000,2940.0000,3,2,1,3,1,1,3,1,2,2
SF,IH2003,2019-12-11 09:30:18.200,2938.4000,17391,0,29108160.000,0,-,-,-,-,2938.2000,2938.0000,2937.2000,2937.0000,2936.4000,2939.0000,2939.2000,2939.4000,2939.8000,2940.0000,4,3,1,3,1,1,2,1,2,1
SF,IH2003,2019-12-11 09:30:18.700,2938.4000,17391,0,29108160.000,0,-,-,-,-,2938.2000,2937.2000,2937.0000,2936.4000,2935.0000,2938.8000,2939.0000,2939.2000,2939.4000,2939.8000,2,1,3,1,4,2,1,1,1,2
SF,IH2003,2019-12-11 09:30:19.200,2938.8000,17390,-1,29989800.000,1,0,1,双平,S,2937.2000,2937.0000,2936.4000,2935.0000,2934.2000,2938.8000,2939.0000,2939.2000,2939.4000,2939.8000,1,3,1,4,2,1,1,1,1,2
SF,IH2003,2019-12-11 09:30:19.700,2938.8000,17390,0,29989800.000,0,-,-,-,-,2938.2000,2937.6000,2937.4000,2937.2000,2937.0000,2938.6000,2938.8000,2939.0000,2939.2000,2939.4000,1,5,7,3,4,1,1,1,1,1
SF,IH2003,2019-12-11 09:30:20.200,2938.8000,17390,0,29989800.000,0,-,-,-,-,2937.6000,2937.4000,2937.2000,2937.0000,2935.0000,2938.6000,2938.8000,2939.0000,2939.2000,2939.4000,3,3,2,2,4,1,1,1,1,1
SF,IH2003,2019-12-11 09:30:20.700,2938.8000,17390,0,29989800.000,0,-,-,-,-,2938.2000,2937.8000,2937.4000,2937.2000,2937.0000,2938.8000,2939.0000,2939.2000,2939.4000,2939.6000,1,4,4,2,4,1,1,1,1,2
SF,IH2003,2019-12-11 09:30:21.200,2938.8000,17390,0,29989800.000,0,-,-,-,-,2938.2000,2937.8000,2937.4000,2937.2000,2937.0000,2938.8000,2939.0000,2939.2000,2939.4000,2939.6000,1,3,4,2,4,1,1,1,1,2
SF,IH2003,2019-12-11 09:30:21.700,2938.4000,17390,0,30871320.000,1,0,1,多换,S,2938.4000,2938.2000,2937.8000,2937.4000,2937.2000,2938.8000,2939.0000,2939.2000,2939.4000,2939.6000,1,1,2,4,2,1,1,1,1,2
SF,IH2003,2019-12-11 09:30:22.200,2938.4000,17390,0,30871320.000,0,-,-,-,-,2938.2000,2937.4000,2937.2000,2937.0000,2935.0000,2938.8000,2939.0000,2939.4000,2939.6000,2939.8000,1,4,2,4,4,1,1,1,2,2
SF,IH2003,2019-12-11 09:30:22.700,2938.4000,17390,0,30871320.000,0,-,-,-,-,2938.4000,2938.2000,2937.4000,2937.2000,2937.0000,2938.8000,2939.0000,2939.4000,2939.6000,2939.8000,2,1,4,2,4,1,1,1,2,2
SF,IH2003,2019-12-11 09:30:23.200,2938.4000,17390,0,30871320.000,0,-,-,-,-,2938.4000,2938.2000,2937.4000,2937.2000,2937.0000,2938.8000,2939.0000,2939.4000,2939.6000,2939.8000,1,1,4,2,4,1,1,1,2,2
SF,IH2003,2019-12-11 09:30:23.700,2938.4000,17390,0,30871320.000,0,-,-,-,-,2938.2000,2937.4000,2937.2000,2937.0000,2935.0000,2938.8000,2939.0000,2939.4000,2939.6000,2939.8000,1,4,2,4,4,1,1,1,2,2
SF,IH2003,2019-12-11 09:30:24.200,2938.8000,17389,-1,31752960.000,1,0,1,双平,S,2938.4000,2938.2000,2937.4000,2937.2000,2937.0000,2939.0000,2939.4000,2939.6000,2939.8000,2940.0000,2,1,4,2,4,1,1,2,2,1
SF,IH2003,2019-12-11 09:30:24.700,2938.8000,17389,0,31752960.000,0,-,-,-,-,2938.2000,2937.4000,2937.2000,2937.0000,2935.0000,2938.8000,2939.0000,2939.4000,2939.6000,2939.8000,1,4,2,4,4,1,1,1,2,2
SF,IH2003,2019-12-11 09:30:25.200,2938.8000,17389,0,31752960.000,0,-,-,-,-,2938.2000,2937.4000,2937.2000,2937.0000,2935.0000,2938.4000,2938.6000,2938.8000,2939.0000,2939.4000,1,4,2,4,4,2,1,1,1,1
SF,IH2003,2019-12-11 09:30:25.700,2938.6000,17386,-3,34397580.000,3,0,3,双平,S,2938.2000,2937.4000,2937.2000,2937.0000,2935.0000,2938.8000,2939.0000,2939.4000,2939.6000,2939.8000,1,4,2,4,4,1,1,1,2,2
SF,IH2003,2019-12-11 09:30:27.700,2938.6000,17386,0,34397580.000,0,-,-,-,-,2938.2000,2937.4000,2937.2000,2937.0000,2935.0000,2938.8000,2939.4000,2939.6000,2939.8000,2940.0000,1,4,2,4,4,1,1,2,2,2
SF,IH2003,2019-12-11 09:30:28.200,2938.6000,17386,0,34397580.000,0,-,-,-,-,2938.4000,2938.2000,2937.4000,2937.2000,2937.0000,2938.8000,2939.4000,2939.6000,2939.8000,2940.0000,1,1,4,2,4,1,1,2,2,2
SF,IH2003,2019-12-11 09:30:28.700,2938.6000,17386,0,34397580.000,0,-,-,-,-,2938.2000,2937.4000,2937.2000,2937.0000,2935.0000,2938.8000,2939.4000,2939.6000,2939.8000,2940.0000,1,4,2,4,4,1,1,2,2,2
SF,IH2003,2019-12-11 09:30:29.700,2938.6000,17386,0,34397580.000,0,-,-,-,-,2938.2000,2937.4000,2937.2000,2937.0000,2935.0000,2938.8000,2939.4000,2939.6000,2939.8000,2940.0000,1,4,2,4,4,2,1,2,2,2
SF,IH2003,2019-12-11 09:30:30.200,2938.6000,17386,0,34397580.000,0,-,-,-,-,2938.2000,2937.4000,2937.2000,2937.0000,2935.0000,2938.8000,2939.4000,2939.6000,2939.8000,2940.0000,1,4,2,4,4,2,1,2,2,2
SF,IH2003,2019-12-11 09:30:30.700,2938.2000,17385,-1,35279040.000,1,0,1,双平,S,2938.0000,2937.4000,2937.2000,2937.0000,2935.0000,2938.8000,2939.4000,2939.6000,2939.8000,2940.0000,1,4,2,4,4,2,1,2,2,2
SF,IH2003,2019-12-11 09:30:32.200,2938.0000,17385,0,36160440.000,1,0,1,多换,S,2937.4000,2937.2000,2937.0000,2935.0000,2934.2000,2938.8000,2939.4000,2939.6000,2939.8000,2940.0000,4,1,4,4,1,2,1,2,2,2
SF,IH2003,2019-12-11 09:30:32.700,2938.0000,17385,0,36160440.000,0,-,-,-,-,2937.6000,2937.0000,2935.0000,2934.2000,2932.8000,2938.6000,2938.8000,2939.4000,2939.6000,2939.8000,2,4,4,1,1,3,2,1,2,2
SF,IH2003,2019-12-11 09:30:33.200,2938.0000,17385,0,36160440.000,0,-,-,-,-,2938.4000,2937.6000,2937.0000,2935.0000,2934.2000,2938.6000,2938.8000,2939.4000,2939.6000,2939.8000,2,2,4,4,1,3,2,1,3,2
SF,IH2003,2019-12-11 09:30:33.700,2938.4000,17383,-2,37923480.000,2,0,2,双平,S,2937.0000,2935.0000,2934.2000,2932.8000,2932.0000,2938.2000,2938.4000,2938.6000,2938.8000,2939.4000,4,4,1,1,1,2,5,3,2,1
SF,IH2003,2019-12-11 09:30:34.200,2938.4000,17383,0,37923480.000,0,-,-,-,-,2938.0000,2937.6000,2937.4000,2937.2000,2937.0000,2938.2000,2938.4000,2938.8000,2939.4000,2939.6000,1,1,4,3,5,2,2,2,1,3
SF,IH2003,2019-12-11 09:30:34.700,2938.2000,17381,-2,39686400.000,2,0,2,双平,S,2938.0000,2937.4000,2937.2000,2937.0000,2935.0000,2938.4000,2938.8000,2939.4000,2939.6000,2939.8000,1,4,3,5,4,2,2,1,3,2
SF,IH2003,2019-12-11 09:30:35.200,2938.8000,17381,0,44094120.000,5,2,3,多换,S,2939.0000,2937.4000,2937.2000,2937.0000,2935.0000,2939.4000,2939.6000,2939.8000,2940.0000,2940.2000,5,4,3,5,4,1,3,2,2,1
SF,IH2003,2019-12-11 09:30:35.700,2939.0000,17381,0,48502620.000,5,2,3,多换,S,2937.4000,2937.2000,2937.0000,2935.0000,2934.2000,2938.8000,2939.0000,2939.2000,2939.4000,2939.6000,3,1,5,4,1,3,2,2,2,3
SF,IH2003,2019-12-11 09:30:36.200,2939.0000,17381,0,48502620.000,0,-,-,-,-,2937.6000,2937.4000,2937.2000,2937.0000,2935.0000,2938.8000,2939.4000,2939.6000,2939.8000,2940.0000,6,3,1,5,4,2,2,3,2,2
SF,IH2003,2019-12-11 09:30:36.700,2939.0000,17381,0,48502620.000,0,-,-,-,-,2937.8000,2937.6000,2937.0000,2935.0000,2934.2000,2939.4000,2939.6000,2939.8000,2940.0000,2940.2000,2,2,5,4,1,2,3,2,2,1
SF,IH2003,2019-12-11 09:30:37.200,2939.0000,17381,0,48502620.000,0,-,-,-,-,2938.0000,2937.8000,2937.0000,2935.0000,2934.2000,2938.4000,2939.2000,2939.4000,2939.6000,2939.8000,1,2,5,4,1,1,6,2,3,2
SF,IH2003,2019-12-11 09:30:37.700,2939.0000,17381,0,48502620.000,0,-,-,-,-,2938.0000,2937.0000,2935.0000,2934.2000,2932.8000,2939.2000,2939.4000,2939.6000,2939.8000,2940.0000,1,5,4,1,1,3,2,3,2,2
SF,IH2003,2019-12-11 09:30:38.200,2939.0000,17381,0,48502620.000,0,-,-,-,-,2938.2000,2938.0000,2937.0000,2935.0000,2934.2000,2939.2000,2939.4000,2939.6000,2939.8000,2940.0000,1,1,5,4,1,3,2,3,2,2
SF,IH2003,2019-12-11 09:30:38.700,2939.0000,17381,0,48502620.000,0,-,-,-,-,2938.0000,2937.0000,2935.0000,2934.2000,2932.8000,2939.2000,2939.4000,2939.6000,2939.8000,2940.0000,1,5,4,1,1,3,2,3,2,2
SF,IH2003,2019-12-11 09:30:39.200,2939.0000,17381,0,48502620.000,0,-,-,-,-,2938.2000,2938.0000,2937.0000,2935.0000,2934.2000,2939.2000,2939.4000,2939.6000,2939.8000,2940.0000,1,1,5,4,1,3,2,3,2,2
SF,IH2003,2019-12-11 09:30:39.700,2939.0000,17381,0,48502620.000,0,-,-,-,-,2938.0000,2937.0000,2935.0000,2934.2000,2932.8000,2938.8000,2939.2000,2939.4000,2939.6000,2939.8000,1,5,4,1,1,1,3,2,3,2
SF,IH2003,2019-12-11 09:30:40.200,2939.0000,17381,0,48502620.000,0,-,-,-,-,2938.0000,2937.0000,2935.0000,2934.2000,2932.8000,2939.2000,2939.4000,2939.6000,2939.8000,2940.0000,1,6,4,1,1,3,2,3,2,2
SF,IH2003,2019-12-11 09:30:40.700,2939.0000,17381,0,48502620.000,0,-,-,-,-,2938.0000,2937.0000,2935.0000,2934.2000,2932.8000,2939.2000,2939.4000,2939.6000,2939.8000,2940.0000,1,6,4,1,1,3,2,3,2,2
SF,IH2003,2019-12-11 09:30:41.200,2939.0000,17381,0,48502620.000,0,-,-,-,-,2938.0000,2937.0000,2935.0000,2934.2000,2932.8000,2939.0000,2939.2000,2939.4000,2939.6000,2939.8000,1,6,4,1,1,1,3,2,3,2
SF,IH2003,2019-12-11 09:30:41.700,2939.0000,17381,0,48502620.000,0,-,-,-,-,2938.0000,2937.0000,2935.0000,2934.2000,2932.8000,2939.2000,2939.4000,2939.6000,2939.8000,2940.0000,1,6,4,1,1,3,2,3,2,2
SF,IH2003,2019-12-11 09:30:42.200,2939.0000,17381,0,48502620.000,0,-,-,-,-,2938.8000,2937.0000,2935.0000,2934.2000,2932.8000,2939.2000,2939.4000,2939.6000,2939.8000,2940.0000,6,6,4,1,1,4,1,3,2,2
SF,IH2003,2019-12-11 09:30:42.700,2938.8000,17381,0,53792460.000,6,3,3,多换,S,2937.0000,2935.0000,2934.2000,2932.0000,2931.0000,2938.6000,2938.8000,2939.0000,2939.2000,2939.4000,6,4,1,1,1,1,2,1,3,1
SF,IH2003,2019-12-11 09:30:43.200,2938.8000,17381,0,53792460.000,0,-,-,-,-,2937.6000,2937.2000,2937.0000,2935.0000,2934.2000,2938.6000,2938.8000,2939.0000,2939.2000,2939.4000,1,5,6,4,1,1,2,3,1,1
SF,IH2003,2019-12-11 09:30:43.700,2938.8000,17381,0,53792460.000,0,-,-,-,-,2938.0000,2937.6000,2937.2000,2937.0000,2935.0000,2938.4000,2938.8000,2939.0000,2939.2000,2939.4000,3,1,3,2,4,1,2,3,1,1
SF,IH2003,2019-12-11 09:30:44.200,2939.0000,17382,1,59082360.000,6,3,3,空开,S,2939.0000,2938.4000,2938.0000,2937.2000,2937.0000,2939.2000,2939.4000,2939.6000,2940.0000,2940.2000,4,1,3,3,2,1,1,3,2,1
SF,IH2003,2019-12-11 09:30:44.700,2939.0000,17382,0,62609160.000,4,2,2,多换,S,2938.0000,2937.2000,2937.0000,2935.0000,2934.2000,2938.8000,2939.0000,2939.2000,2939.4000,2939.6000,3,1,2,4,1,2,4,2,1,3
SF,IH2003,2019-12-11 09:30:45.200,2939.0000,17382,0,62609160.000,0,-,-,-,-,2938.0000,2937.2000,2937.0000,2935.0000,2934.2000,2938.8000,2939.0000,2939.2000,2939.4000,2939.6000,3,1,2,4,1,3,3,1,1,3
SF,IH2003,2019-12-11 09:30:45.700,2939.0000,17382,0,62609160.000,0,-,-,-,-,2938.0000,2937.8000,2937.2000,2937.0000,2935.0000,2938.8000,2939.0000,2939.2000,2939.4000,2939.6000,3,3,1,2,4,2,4,1,1,3
SF,IH2003,2019-12-11 09:30:46.200,2939.0000,17382,0,62609160.000,0,-,-,-,-,2938.0000,2937.8000,2937.2000,2937.0000,2935.0000,2938.8000,2939.0000,2939.2000,2939.4000,2939.6000,3,3,1,2,4,2,2,1,1,3
SF,IH2003,2019-12-11 09:30:46.700,2939.0000,17382,0,62609160.000,0,-,-,-,-,2938.0000,2937.8000,2937.2000,2937.0000,2935.0000,2938.8000,2939.0000,2939.2000,2939.4000,2939.6000,3,3,1,2,4,1,2,1,1,3
SF,IH2003,2019-12-11 09:30:47.200,2939.0000,17382,0,62609160.000,0,-,-,-,-,2938.0000,2937.8000,2937.6000,2937.2000,2937.0000,2938.8000,2939.0000,2939.2000,2939.4000,2939.6000,3,3,3,1,2,1,2,1,1,3
SF,IH2003,2019-12-11 09:30:48.200,2939.0000,17382,0,62609160.000,0,-,-,-,-,2938.0000,2937.8000,2937.6000,2937.2000,2937.0000,2938.8000,2939.0000,2939.2000,2939.4000,2939.6000,3,3,3,1,2,1,2,1,1,3
SF,IH2003,2019-12-11 09:30:48.700,2939.0000,17382,0,62609160.000,0,-,-,-,-,2938.0000,2937.8000,2937.6000,2937.4000,2937.2000,2938.8000,2939.0000,2939.2000,2939.4000,2939.6000,3,3,3,3,1,1,2,1,1,3
SF,IH2003,2019-12-11 09:30:49.200,2939.0000,17382,0,62609160.000,0,-,-,-,-,2938.0000,2937.8000,2937.6000,2937.4000,2937.2000,2938.6000,2938.8000,2939.0000,2939.2000,2939.4000,3,3,3,3,1,1,1,2,1,1
SF,IH2003,2019-12-11 09:30:50.200,2939.0000,17382,0,62609160.000,0,-,-,-,-,2938.0000,2937.8000,2937.6000,2937.4000,2937.2000,2938.8000,2939.0000,2939.2000,2939.4000,2939.6000,3,3,3,3,1,1,2,1,1,3
SF,IH2003,2019-12-11 09:30:50.700,2939.0000,17382,0,62609160.000,0,-,-,-,-,2938.0000,2937.8000,2937.6000,2937.4000,2937.2000,2938.8000,2939.0000,2939.2000,2939.4000,2939.6000,3,3,3,3,4,1,2,1,1,3
SF,IH2003,2019-12-11 09:30:51.200,2939.0000,17382,0,62609160.000,0,-,-,-,-,2938.2000,2938.0000,2937.8000,2937.6000,2937.4000,2938.8000,2939.0000,2939.4000,2939.6000,2940.0000,1,3,3,3,3,1,2,1,3,2
SF,IH2003,2019-12-11 09:30:51.700,2938.2000,17381,-1,63490620.000,1,0,1,双平,S,2938.0000,2937.8000,2937.6000,2937.4000,2937.2000,2938.8000,2939.0000,2939.4000,2939.6000,2940.0000,3,3,3,3,3,1,2,1,3,2
SF,IH2003,2019-12-11 09:30:52.200,2938.2000,17381,0,63490620.000,0,-,-,-,-,2938.0000,2937.8000,2937.6000,2937.4000,2937.2000,2938.8000,2939.0000,2939.4000,2939.6000,2940.0000,3,3,3,3,3,1,2,1,3,2
SF,IH2003,2019-12-11 09:30:52.700,2938.2000,17381,0,63490620.000,0,-,-,-,-,2938.0000,2937.8000,2937.6000,2937.4000,2937.2000,2938.8000,2939.0000,2939.4000,2939.6000,2940.0000,3,3,3,3,3,1,2,1,3,2
SF,IH2003,2019-12-11 09:30:53.200,2938.2000,17381,0,63490620.000,0,-,-,-,-,2938.0000,2937.8000,2937.6000,2937.4000,2937.2000,2938.8000,2939.0000,2939.4000,2939.6000,2940.0000,3,3,3,3,3,1,2,1,3,2
SF,IH2003,2019-12-11 09:30:54.200,2938.2000,17381,0,63490620.000,0,-,-,-,-,2938.0000,2937.8000,2937.6000,2937.4000,2937.2000,2938.8000,2939.0000,2939.4000,2939.6000,2940.0000,3,3,3,3,3,1,2,1,3,2
SF,IH2003,2019-12-11 09:30:54.700,2938.8000,17381,0,64372260.000,1,0,1,多换,S,2938.4000,2938.0000,2937.8000,2937.6000,2937.4000,2939.0000,2939.4000,2939.6000,2940.0000,2940.2000,4,3,3,3,3,2,1,3,2,1
SF,IH2003,2019-12-11 09:30:55.200,2938.8000,17381,0,64372260.000,0,-,-,-,-,2938.4000,2938.0000,2937.8000,2937.6000,2937.4000,2939.0000,2939.4000,2939.6000,2940.0000,2940.2000,4,3,3,3,3,2,1,3,5,1
SF,IH2003,2019-12-11 09:30:56.200,2938.8000,17381,0,64372260.000,0,-,-,-,-,2938.4000,2938.0000,2937.8000,2937.6000,2937.4000,2939.0000,2939.4000,2939.6000,2940.0000,2940.2000,4,3,3,3,3,2,1,3,5,1
SF,IH2003,2019-12-11 09:30:57.200,2938.8000,17381,0,64372260.000,0,-,-,-,-,2938.4000,2938.0000,2937.8000,2937.6000,2937.4000,2938.8000,2939.0000,2939.4000,2939.6000,2940.0000,4,3,3,3,3,1,2,1,3,5
SF,IH2003,2019-12-11 09:30:57.700,2938.8000,17381,0,64372260.000,0,-,-,-,-,2938.4000,2938.0000,2937.8000,2937.6000,2937.4000,2938.8000,2939.0000,2939.4000,2939.6000,2940.0000,4,3,3,3,3,1,2,1,3,5
SF,IH2003,2019-12-11 09:30:58.700,2938.8000,17381,0,65253900.000,1,0,1,多换,S,2938.4000,2938.0000,2937.8000,2937.6000,2937.4000,2939.0000,2939.4000,2939.6000,2940.0000,2940.2000,4,3,3,3,3,2,1,3,5,1
SF,IH2003,2019-12-11 09:30:59.200,2938.8000,17381,0,65253900.000,0,-,-,-,-,2938.4000,2938.0000,2937.8000,2937.6000,2937.4000,2938.8000,2939.0000,2939.4000,2939.6000,2940.0000,4,3,3,3,3,1,2,1,3,5
SF,IH2003,2019-12-11 09:30:59.700,2938.8000,17381,0,65253900.000,0,-,-,-,-,2938.4000,2938.0000,2937.8000,2937.6000,2937.4000,2938.8000,2939.0000,2939.4000,2939.6000,2940.0000,5,3,3,3,3,2,2,1,3,5
SF,IH2003,2019-12-11 09:31:00.200,2938.8000,17381,0,65253900.000,0,-,-,-,-,2938.4000,2938.0000,2937.8000,2937.6000,2937.4000,2938.8000,2939.0000,2939.4000,2939.6000,2940.0000,5,3,3,3,3,2,3,1,3,5
SF,IH2003,2019-12-11 09:31:02.700,2938.4000,17381,0,67016940.000,2,1,1,多换,S,2938.4000,2938.0000,2937.8000,2937.6000,2937.4000,2938.8000,2939.0000,2939.4000,2939.6000,2940.0000,3,3,3,3,3,2,3,1,3,5
SF,IH2003,2019-12-11 09:31:03.200,2938.8000,17380,-1,68780100.000,2,0,2,多平,S,2938.4000,2938.0000,2937.8000,2937.6000,2937.4000,2938.8000,2939.0000,2939.4000,2939.6000,2940.0000,2,3,3,3,3,1,3,1,3,5
SF,IH2003,2019-12-11 09:31:05.200,2938.4000,17380,0,69661620.000,1,0,1,多换,S,2938.4000,2938.0000,2937.8000,2937.6000,2937.4000,2938.8000,2939.0000,2939.4000,2939.6000,2940.0000,1,3,3,3,3,2,3,1,3,5
SF,IH2003,2019-12-11 09:31:05.700,2938.4000,17380,0,69661620.000,0,-,-,-,-,2938.4000,2938.0000,2937.8000,2937.6000,2937.4000,2938.8000,2939.0000,2939.4000,2939.6000,2940.0000,1,3,3,3,3,1,3,1,3,5
SF,IH2003,2019-12-11 09:31:06.700,2938.4000,17380,0,69661620.000,0,-,-,-,-,2938.4000,2938.0000,2937.8000,2937.6000,2937.4000,2938.8000,2939.0000,2939.4000,2939.6000,2940.0000,1,3,3,3,3,1,4,1,3,5
SF,IH2003,2019-12-11 09:31:08.700,2938.4000,17380,0,70543140.000,1,0,1,多换,S,2938.0000,2937.8000,2937.6000,2937.4000,2937.2000,2938.6000,2938.8000,2939.0000,2939.4000,2939.6000,3,3,3,3,3,2,1,4,1,3
SF,IH2003,2019-12-11 09:31:09.200,2938.4000,17380,0,70543140.000,0,-,-,-,-,2938.0000,2937.8000,2937.6000,2937.4000,2937.2000,2938.4000,2938.8000,2939.0000,2939.4000,2939.6000,3,3,3,3,3,1,1,4,1,3
SF,IH2003,2019-12-11 09:31:09.700,2938.4000,17379,-1,71424660.000,1,0,1,双平,S,2938.4000,2938.0000,2937.8000,2937.6000,2937.4000,2938.8000,2939.0000,2939.4000,2939.6000,2940.0000,3,3,3,3,3,1,4,1,3,5
SF,IH2003,2019-12-11 09:31:11.200,2938.4000,17379,0,71424660.000,0,-,-,-,-,2938.4000,2938.0000,2937.8000,2937.6000,2937.4000,2938.8000,2939.0000,2939.4000,2939.6000,2940.0000,4,3,3,3,3,1,4,1,3,5
SF,IH2003,2019-12-11 09:31:11.700,2938.4000,17379,0,71424660.000,0,-,-,-,-,2938.4000,2938.0000,2937.8000,2937.6000,2937.4000,2938.8000,2939.0000,2939.4000,2939.6000,2940.0000,3,3,3,3,3,1,4,1,3,5
SF,IH2003,2019-12-11 09:31:14.200,2938.4000,17379,0,71424660.000,0,-,-,-,-,2938.4000,2938.0000,2937.8000,2937.6000,2937.4000,2938.8000,2939.0000,2939.4000,2939.6000,2940.0000,3,3,3,3,3,1,4,1,3,5
SF,IH2003,2019-12-11 09:31:14.700,2938.4000,17378,-1,72306180.000,1,0,1,双平,S,2938.4000,2938.0000,2937.8000,2937.6000,2937.4000,2938.8000,2939.0000,2939.4000,2939.6000,2940.0000,2,3,3,3,3,2,4,1,3,5
SF,IH2003,2019-12-11 09:31:15.200,2938.4000,17378,0,72306180.000,0,-,-,-,-,2938.4000,2938.0000,2937.8000,2937.6000,2937.4000,2938.6000,2938.8000,2939.0000,2939.4000,2939.6000,2,3,3,3,3,2,2,4,1,3
SF,IH2003,2019-12-11 09:31:15.700,2938.4000,17377,-1,73187700.000,1,0,1,双平,S,2938.4000,2938.0000,2937.8000,2937.6000,2937.4000,2938.8000,2939.0000,2939.4000,2939.6000,2940.0000,1,3,3,3,3,2,4,1,3,5
SF,IH2003,2019-12-11 09:31:18.700,2938.8000,17375,-2,74950980.000,2,0,2,双平,S,2938.4000,2938.0000,2937.8000,2937.6000,2937.4000,2939.0000,2939.4000,2939.6000,2940.0000,2940.2000,1,3,3,3,3,4,1,3,5,1
SF,IH2003,2019-12-11 09:31:20.200,2938.4000,17375,0,75832500.000,1,0,1,多换,S,2938.0000,2937.8000,2937.6000,2937.4000,2937.2000,2939.0000,2939.4000,2939.6000,2940.0000,2940.2000,3,3,3,3,3,4,1,3,5,1
SF,IH2003,2019-12-11 09:31:20.700,2938.4000,17375,0,75832500.000,0,-,-,-,-,2938.0000,2937.8000,2937.6000,2937.4000,2937.2000,2938.8000,2939.0000,2939.4000,2939.6000,2940.0000,3,3,3,3,3,2,4,1,3,5
SF,IH2003,2019-12-11 09:31:21.200,2938.4000,17375,0,75832500.000,0,-,-,-,-,2938.2000,2938.0000,2937.8000,2937.6000,2937.4000,2938.8000,2939.0000,2939.4000,2939.6000,2940.0000,1,3,3,3,3,2,4,1,3,5
SF,IH2003,2019-12-11 09:31:21.700,2938.4000,17375,0,75832500.000,0,-,-,-,-,2938.2000,2938.0000,2937.8000,2937.6000,2937.4000,2938.8000,2939.0000,2939.4000,2939.6000,2940.0000,1,3,3,3,3,2,4,1,3,5
SF,IH2003,2019-12-11 09:31:23.200,2938.4000,17375,0,75832500.000,0,-,-,-,-,2938.2000,2938.0000,2937.8000,2937.6000,2937.4000,2938.6000,2938.8000,2939.0000,2939.4000,2939.6000,1,3,3,3,3,7,2,3,1,4
SF,IH2003,2019-12-11 09:31:23.700,2938.4000,17375,0,75832500.000,0,-,-,-,-,2938.0000,2937.8000,2937.6000,2937.4000,2937.2000,2939.0000,2939.4000,2939.6000,2940.0000,2940.2000,3,3,3,3,3,3,1,4,5,1
SF,IH2003,2019-12-11 09:31:24.700,2938.4000,17375,0,75832500.000,0,-,-,-,-,2938.0000,2937.8000,2937.6000,2937.4000,2937.2000,2938.8000,2939.0000,2939.4000,2939.6000,2940.0000,3,3,3,3,3,7,3,1,4,5
SF,IH2003,2019-12-11 09:31:25.200,2938.0000,17375,0,77595300.000,2,1,1,多换,S,2938.0000,2937.8000,2937.6000,2937.4000,2937.2000,2938.6000,2938.8000,2939.0000,2939.4000,2939.6000,1,3,3,3,3,3,13,3,1,4
SF,IH2003,2019-12-11 09:31:25.700,2938.0000,17375,0,77595300.000,0,-,-,-,-,2938.0000,2937.8000,2937.6000,2937.4000,2937.2000,2938.8000,2939.0000,2939.4000,2939.6000,2940.0000,1,3,3,3,3,7,3,1,4,5
SF,IH2003,2019-12-11 09:31:26.200,2938.0000,17375,0,77595300.000,0,-,-,-,-,2938.0000,2937.8000,2937.6000,2937.4000,2937.2000,2938.6000,2938.8000,2939.0000,2939.4000,2939.6000,1,3,3,3,3,3,7,3,1,4
SF,IH2003,2019-12-11 09:31:27.700,2938.0000,17375,0,77595300.000,0,-,-,-,-,2938.0000,2937.8000,2937.6000,2937.4000,2937.2000,2938.6000,2938.8000,2939.0000,2939.4000,2939.6000,1,3,3,3,3,1,2,3,1,4
SF,IH2003,2019-12-11 09:31:28.700,2938.0000,17375,0,78476700.000,1,0,1,多换,S,2937.8000,2937.6000,2937.4000,2937.2000,2937.0000,2938.4000,2938.6000,2938.8000,2939.0000,2939.4000,3,3,3,3,4,10,1,2,3,1
SF,IH2003,2019-12-11 09:31:29.200,2938.0000,17375,0,78476700.000,0,-,-,-,-,2937.8000,2937.6000,2937.4000,2937.2000,2937.0000,2938.0000,2938.4000,2938.6000,2938.8000,2939.0000,3,3,3,3,4,1,5,1,3,3
SF,IH2003,2019-12-11 09:31:29.700,2938.0000,17374,-1,80239500.000,2,0,2,多平,S,2938.2000,2938.0000,2937.8000,2937.6000,2937.4000,2938.4000,2938.6000,2938.8000,2939.0000,2939.4000,2,4,3,3,3,5,1,3,3,1
SF,IH2003,2019-12-11 09:31:30.200,2938.0000,17372,-2,82002300.000,2,0,2,双平,S,2937.8000,2937.6000,2937.4000,2937.2000,2937.0000,2938.2000,2938.4000,2938.6000,2938.8000,2939.0000,3,3,3,3,4,1,5,1,3,3
SF,IH2003,2019-12-11 09:31:30.700,2937.8000,17372,0,82883640.000,1,0,1,多换,S,2937.8000,2937.6000,2937.4000,2937.2000,2937.0000,2938.4000,2938.6000,2938.8000,2939.0000,2939.4000,2,3,3,3,4,2,1,3,3,1
SF,IH2003,2019-12-11 09:31:33.700,2937.8000,17372,0,82883640.000,0,-,-,-,-,2937.8000,2937.6000,2937.4000,2937.2000,2937.0000,2938.2000,2938.4000,2938.6000,2938.8000,2939.0000,2,3,3,3,4,1,2,1,3,3
SF,IH2003,2019-12-11 09:31:34.200,2937.8000,17372,0,82883640.000,0,-,-,-,-,2937.8000,2937.6000,2937.4000,2937.2000,2937.0000,2938.2000,2938.4000,2938.6000,2938.8000,2939.0000,2,3,3,3,4,6,2,2,3,3
SF,IH2003,2019-12-11 09:31:34.700,2937.8000,17372,0,82883640.000,0,-,-,-,-,2937.8000,2937.6000,2937.4000,2937.2000,2937.0000,2938.2000,2938.6000,2938.8000,2939.0000,2939.4000,2,3,3,3,4,1,1,3,3,1
SF,IH2003,2019-12-11 09:31:35.200,2938.2000,17371,-1,83765100.000,1,0,1,双平,S,2937.8000,2937.6000,2937.4000,2937.2000,2937.0000,2938.6000,2938.8000,2939.0000,2939.4000,2939.6000,2,3,3,3,4,1,3,3,1,2
SF,IH2003,2019-12-11 09:31:35.700,2938.2000,17371,0,83765100.000,0,-,-,-,-,2938.2000,2937.8000,2937.6000,2937.4000,2937.2000,2938.6000,2938.8000,2939.0000,2939.4000,2939.6000,1,2,3,3,3,1,3,3,1,2
SF,IH2003,2019-12-11 09:31:37.200,2938.2000,17371,0,83765100.000,0,-,-,-,-,2937.8000,2937.6000,2937.4000,2937.2000,2937.0000,2938.6000,2938.8000,2939.0000,2939.4000,2939.6000,2,3,3,3,4,1,3,3,1,2
SF,IH2003,2019-12-11 09:31:38.200,2938.2000,17371,0,83765100.000,0,-,-,-,-,2937.8000,2937.6000,2937.4000,2937.2000,2937.0000,2938.6000,2938.8000,2939.0000,2939.4000,2939.6000,2,3,3,3,4,1,3,4,1,2
SF,IH2003,2019-12-11 09:31:39.200,2938.2000,17371,0,83765100.000,0,-,-,-,-,2937.8000,2937.6000,2937.4000,2937.2000,2937.0000,2938.6000,2938.8000,2939.0000,2939.4000,2939.6000,2,3,3,3,4,1,3,4,1,2
SF,IH2003,2019-12-11 09:31:40.700,2938.2000,17371,0,83765100.000,0,-,-,-,-,2937.8000,2937.6000,2937.4000,2937.2000,2937.0000,2938.4000,2938.6000,2938.8000,2939.0000,2939.4000,2,3,3,3,4,2,1,3,4,1
SF,IH2003,2019-12-11 09:31:41.200,2937.8000,17371,0,84646440.000,1,0,1,多换,S,2937.8000,2937.6000,2937.4000,2937.2000,2937.0000,2938.4000,2938.6000,2938.8000,2939.0000,2939.4000,1,3,3,3,4,7,1,3,4,1
SF,IH2003,2019-12-11 09:31:41.700,2937.8000,17371,0,85527780.000,1,0,1,多换,S,2937.6000,2937.4000,2937.2000,2937.0000,2936.8000,2938.4000,2938.6000,2938.8000,2939.0000,2939.4000,3,3,3,4,3,7,1,3,4,1
SF,IH2003,2019-12-11 09:31:42.200,2937.8000,17371,0,85527780.000,0,-,-,-,-,2937.6000,2937.4000,2937.2000,2937.0000,2936.8000,2938.4000,2938.6000,2938.8000,2939.0000,2939.4000,3,3,3,4,3,2,1,3,4,1
SF,IH2003,2019-12-11 09:31:42.700,2937.8000,17371,0,85527780.000,0,-,-,-,-,2937.6000,2937.4000,2937.2000,2937.0000,2936.8000,2938.4000,2938.6000,2938.8000,2939.0000,2939.4000,3,3,3,4,3,2,1,3,4,1
SF,IH2003,2019-12-11 09:31:44.700,2937.8000,17371,0,85527780.000,0,-,-,-,-,2937.6000,2937.4000,2937.2000,2937.0000,2936.8000,2938.2000,2938.4000,2938.6000,2938.8000,2939.0000,3,3,3,4,3,3,2,1,3,4
SF,IH2003,2019-12-11 09:31:45.200,2937.8000,17371,0,85527780.000,0,-,-,-,-,2937.6000,2937.4000,2937.2000,2937.0000,2936.8000,2938.2000,2938.4000,2938.6000,2938.8000,2939.0000,3,3,3,4,3,8,2,1,3,4
SF,IH2003,2019-12-11 09:31:45.700,2937.8000,17371,0,85527780.000,0,-,-,-,-,2937.6000,2937.4000,2937.2000,2937.0000,2936.8000,2938.2000,2938.4000,2938.6000,2938.8000,2939.0000,3,3,3,4,3,9,2,1,3,4
SF,IH2003,2019-12-11 09:31:46.200,2937.6000,17372,1,88171620.000,3,2,1,空开,S,2937.4000,2937.2000,2937.0000,2936.8000,2936.6000,2937.6000,2937.8000,2938.0000,2938.2000,2938.4000,3,3,4,3,3,4,9,4,4,3
SF,IH2003,2019-12-11 09:31:46.700,2937.6000,17372,0,88171620.000,0,-,-,-,-,2937.4000,2937.2000,2937.0000,2936.8000,2936.6000,2937.6000,2938.0000,2938.2000,2938.4000,2938.6000,3,3,4,3,3,2,2,3,3,1
SF,IH2003,2019-12-11 09:31:47.200,2937.4000,17372,0,90815280.000,3,1,2,多换,S,2937.2000,2937.0000,2936.8000,2936.6000,2936.4000,2937.6000,2938.0000,2938.2000,2938.4000,2938.6000,3,4,3,3,3,3,2,4,3,1
SF,IH2003,2019-12-11 09:31:49.700,2937.4000,17372,0,90815280.000,0,-,-,-,-,2937.2000,2937.0000,2936.8000,2936.6000,2936.4000,2937.6000,2938.0000,2938.2000,2938.4000,2938.6000,3,4,3,3,3,3,3,4,3,1
SF,IH2003,2019-12-11 09:31:50.200,2937.4000,17372,0,90815280.000,0,-,-,-,-,2937.2000,2937.0000,2936.8000,2936.6000,2936.4000,2937.4000,2937.6000,2938.0000,2938.2000,2938.4000,3,4,3,3,3,1,3,3,4,3
SF,IH2003,2019-12-11 09:31:50.700,2937.4000,17370,-2,93458940.000,3,0,3,多平,S,2937.2000,2937.0000,2936.8000,2936.6000,2936.4000,2937.4000,2937.6000,2938.0000,2938.2000,2938.4000,3,4,3,3,3,6,2,1,4,2
SF,IH2003,2019-12-11 09:31:51.200,2937.4000,17365,-5,97865040.000,5,0,5,双平,S,2937.2000,2937.0000,2936.8000,2936.6000,2936.4000,2937.4000,2937.6000,2938.0000,2938.2000,2938.4000,3,4,3,3,3,1,2,1,4,2
SF,IH2003,2019-12-11 09:31:51.700,2937.4000,17365,0,98746260.000,1,0,1,多换,S,2937.4000,2937.2000,2937.0000,2936.8000,2936.6000,2937.6000,2938.0000,2938.2000,2938.4000,2938.6000,4,3,4,3,3,2,1,4,2,1
SF,IH2003,2019-12-11 09:31:52.200,2937.4000,17365,0,99627480.000,1,0,1,多换,S,2937.2000,2937.0000,2936.8000,2936.6000,2936.4000,2937.6000,2938.0000,2938.2000,2938.4000,2938.6000,3,4,3,3,3,2,1,4,2,1
SF,IH2003,2019-12-11 09:31:52.700,2937.2000,17365,0,100508640.000,1,0,1,多换,S,2937.2000,2937.0000,2936.8000,2936.6000,2936.4000,2937.6000,2938.0000,2938.2000,2938.4000,2938.6000,2,4,3,3,3,2,1,4,2,1
SF,IH2003,2019-12-11 09:31:53.200,2937.2000,17365,0,100508640.000,0,-,-,-,-,2937.2000,2937.0000,2936.8000,2936.6000,2936.4000,2937.4000,2937.6000,2938.0000,2938.2000,2938.4000,2,4,3,3,3,1,2,1,4,2
SF,IH2003,2019-12-11 09:31:53.700,2937.2000,17365,0,100508640.000,0,-,-,-,-,2937.2000,2937.0000,2936.8000,2936.6000,2936.4000,2937.4000,2937.6000,2938.0000,2938.2000,2938.4000,2,4,3,3,3,3,2,1,4,2
SF,IH2003,2019-12-11 09:31:54.700,2937.2000,17365,0,100508640.000,0,-,-,-,-,2937.2000,2937.0000,2936.8000,2936.6000,2936.4000,2937.4000,2937.6000,2938.0000,2938.2000,2938.4000,2,4,3,3,3,3,2,1,4,2
SF,IH2003,2019-12-11 09:31:55.200,2937.4000,17366,1,101389860.000,1,1,0,双开,S,2937.2000,2937.0000,2936.8000,2936.6000,2936.4000,2937.4000,2937.6000,2938.0000,2938.2000,2938.4000,2,4,3,3,3,2,2,1,4,2
SF,IH2003,2019-12-11 09:31:55.700,2937.2000,17366,0,102271020.000,1,0,1,多换,S,2937.2000,2937.0000,2936.8000,2936.6000,2936.4000,2937.4000,2937.6000,2938.0000,2938.2000,2938.4000,1,4,3,3,3,2,2,1,3,2
SF,IH2003,2019-12-11 09:31:56.200,2937.2000,17366,0,102271020.000,0,-,-,-,-,2937.2000,2937.0000,2936.8000,2936.6000,2936.4000,2937.4000,2937.6000,2938.0000,2938.2000,2938.4000,1,4,3,3,3,2,2,2,3,2
SF,IH2003,2019-12-11 09:31:56.700,2937.2000,17366,0,103152180.000,1,0,1,多换,S,2937.0000,2936.8000,2936.6000,2936.4000,2936.2000,2937.2000,2937.4000,2937.6000,2938.0000,2938.2000,4,3,3,3,3,1,2,2,2,3
SF,IH2003,2019-12-11 09:31:57.700,2937.2000,17366,0,103152180.000,0,-,-,-,-,2937.0000,2936.8000,2936.6000,2936.4000,2936.2000,2937.2000,2937.4000,2937.6000,2938.0000,2938.2000,4,3,3,3,3,1,2,2,2,3
SF,IH2003,2019-12-11 09:31:58.200,2937.2000,17366,0,103152180.000,0,-,-,-,-,2937.0000,2936.8000,2936.6000,2936.4000,2936.2000,2937.2000,2937.4000,2937.6000,2938.0000,2938.2000,4,3,3,3,3,1,2,2,2,3
SF,IH2003,2019-12-11 09:31:58.700,2937.2000,17366,0,104033340.000,1,0,1,多换,S,2937.2000,2937.0000,2936.8000,2936.6000,2936.4000,2937.4000,2937.6000,2938.0000,2938.2000,2938.4000,2,4,3,3,3,2,2,2,3,2
SF,IH2003,2019-12-11 09:31:59.200,2937.4000,17365,-1,104914560.000,1,0,1,双平,S,2937.2000,2937.0000,2936.8000,2936.6000,2936.4000,2937.4000,2937.6000,2938.0000,2938.2000,2938.4000,1,4,3,3,3,1,2,2,3,2
SF,IH2003,2019-12-11 09:31:59.700,2937.4000,17364,-1,106677000.000,2,0,2,多平,S,2937.2000,2937.0000,2936.8000,2936.6000,2936.4000,2937.6000,2938.0000,2938.2000,2938.4000,2938.8000,1,4,3,3,3,2,2,3,2,1
SF,IH2003,2019-12-11 09:32:00.200,2937.4000,17364,0,106677000.000,0,-,-,-,-,2937.2000,2937.0000,2936.8000,2936.6000,2936.4000,2937.6000,2938.0000,2938.2000,2938.4000,2938.8000,1,4,3,3,3,2,3,3,2,1
SF,IH2003,2019-12-11 09:32:00.700,2937.4000,17364,0,106677000.000,0,-,-,-,-,2937.2000,2937.0000,2936.8000,2936.6000,2936.4000,2937.4000,2937.6000,2938.0000,2938.2000,2938.4000,1,4,3,3,3,1,2,3,3,2
SF,IH2003,2019-12-11 09:32:01.200,2937.2000,17364,0,107558160.000,1,0,1,多换,S,2937.0000,2936.8000,2936.6000,2936.4000,2936.2000,2937.2000,2937.4000,2937.6000,2938.0000,2938.2000,4,3,3,3,3,1,1,1,3,3
SF,IH2003,2019-12-11 09:32:01.700,2937.4000,17364,0,108439380.000,1,0,1,多换,S,2937.0000,2936.8000,2936.6000,2936.4000,2936.2000,2937.4000,2937.6000,2938.0000,2938.2000,2938.4000,4,3,3,3,3,1,1,3,3,2
SF,IH2003,2019-12-11 09:32:02.200,2937.4000,17364,0,108439380.000,0,-,-,-,-,2937.0000,2936.8000,2936.6000,2936.4000,2936.2000,2937.2000,2937.4000,2937.6000,2938.0000,2938.2000,4,3,3,3,3,1,1,1,3,3
SF,IH2003,2019-12-11 09:32:02.700,2937.0000,17364,0,111082800.000,3,1,2,多换,S,2937.0000,2936.8000,2936.6000,2936.4000,2936.2000,2937.4000,2937.6000,2938.0000,2938.2000,2938.4000,3,3,3,3,3,1,1,3,3,2
SF,IH2003,2019-12-11 09:32:03.200,2937.0000,17364,0,111082800.000,0,-,-,-,-,2937.0000,2936.8000,2936.6000,2936.4000,2936.2000,2937.4000,2937.6000,2938.0000,2938.2000,2938.4000,3,3,3,3,3,1,1,3,3,2
SF,IH2003,2019-12-11 09:32:04.200,2937.0000,17364,0,111082800.000,0,-,-,-,-,2937.0000,2936.8000,2936.6000,2936.4000,2936.2000,2937.2000,2937.6000,2938.0000,2938.2000,2938.4000,3,3,3,3,3,1,1,3,3,2
SF,IH2003,2019-12-11 09:32:04.700,2937.2000,17364,0,111963960.000,1,0,1,多换,S,2937.4000,2937.0000,2936.8000,2936.6000,2936.4000,2937.6000,2938.0000,2938.2000,2938.4000,2938.8000,1,3,3,3,3,1,3,3,2,1
SF,IH2003,2019-12-11 09:32:05.200,2937.4000,17363,-1,112845180.000,1,0,1,双平,S,2937.0000,2936.8000,2936.6000,2936.4000,2936.2000,2937.6000,2938.0000,2938.2000,2938.4000,2938.8000,3,3,3,3,3,1,3,3,2,1
SF,IH2003,2019-12-11 09:32:06.700,2937.4000,17363,0,112845180.000,0,-,-,-,-,2937.0000,2936.8000,2936.6000,2936.4000,2936.2000,2937.6000,2938.0000,2938.2000,2938.4000,2938.8000,3,3,3,3,3,1,3,3,2,1
SF,IH2003,2019-12-11 09:32:08.200,2937.4000,17363,0,112845180.000,0,-,-,-,-,2937.0000,2936.8000,2936.6000,2936.4000,2936.2000,2937.4000,2937.6000,2938.0000,2938.2000,2938.4000,3,3,3,3,3,1,1,3,3,2
SF,IH2003,2019-12-11 09:32:08.700,2937.4000,17363,0,112845180.000,0,-,-,-,-,2937.0000,2936.8000,2936.6000,2936.4000,2936.2000,2937.4000,2937.6000,2938.0000,2938.2000,2938.4000,3,3,3,3,3,1,1,3,3,2
SF,IH2003,2019-12-11 09:32:09.700,2937.4000,17363,0,112845180.000,0,-,-,-,-,2937.0000,2936.8000,2936.6000,2936.4000,2936.2000,2937.6000,2938.0000,2938.2000,2938.4000,2938.8000,3,3,3,3,3,1,3,3,2,1
SF,IH2003,2019-12-11 09:32:10.200,2937.4000,17363,0,112845180.000,0,-,-,-,-,2937.0000,2936.8000,2936.6000,2936.4000,2936.2000,2937.6000,2938.0000,2938.2000,2938.4000,2938.6000,3,3,3,3,3,1,3,3,2,1
SF,IH2003,2019-12-11 09:32:11.200,2937.4000,17363,0,112845180.000,0,-,-,-,-,2937.0000,2936.8000,2936.6000,2936.4000,2936.2000,2937.4000,2937.6000,2938.0000,2938.2000,2938.4000,3,3,3,3,3,1,1,3,3,2
SF,IH2003,2019-12-11 09:32:12.200,2937.4000,17362,-1,113726400.000,1,0,1,双平,S,2937.0000,2936.8000,2936.6000,2936.4000,2936.2000,2937.6000,2938.0000,2938.2000,2938.4000,2938.6000,3,3,3,3,3,1,3,3,2,1
SF,IH2003,2019-12-11 09:32:12.700,2937.6000,17361,-1,114607680.000,1,0,1,双平,S,2937.0000,2936.8000,2936.6000,2936.4000,2936.2000,2938.0000,2938.2000,2938.4000,2938.6000,2938.8000,3,3,3,3,3,3,3,2,1,1
SF,IH2003,2019-12-11 09:32:13.200,2937.6000,17361,0,114607680.000,0,-,-,-,-,2937.0000,2936.8000,2936.6000,2936.4000,2936.2000,2938.0000,2938.2000,2938.4000,2938.6000,2938.8000,3,3,3,3,3,3,3,2,1,1
SF,IH2003,2019-12-11 09:32:14.700,2937.6000,17361,0,114607680.000,0,-,-,-,-,2937.0000,2936.8000,2936.6000,2936.4000,2936.2000,2938.0000,2938.2000,2938.4000,2938.6000,2938.8000,3,3,3,3,3,3,3,2,1,1
SF,IH2003,2019-12-11 09:32:15.200,2937.6000,17361,0,114607680.000,0,-,-,-,-,2937.0000,2936.8000,2936.6000,2936.4000,2936.2000,2938.0000,2938.2000,2938.4000,2938.6000,2938.8000,3,3,3,3,3,3,3,2,1,1
SF,IH2003,2019-12-11 09:32:15.700,2937.6000,17361,0,114607680.000,0,-,-,-,-,2937.0000,2936.8000,2936.6000,2936.4000,2936.2000,2938.0000,2938.2000,2938.4000,2938.6000,2938.8000,3,3,3,3,3,3,3,2,1,1
SF,IH2003,2019-12-11 09:32:19.200,2937.6000,17361,0,114607680.000,0,-,-,-,-,2937.2000,2937.0000,2936.8000,2936.6000,2936.4000,2938.0000,2938.2000,2938.4000,2938.6000,2938.8000,1,3,3,3,3,3,3,2,1,1
SF,IH2003,2019-12-11 09:32:19.700,2937.6000,17361,0,114607680.000,0,-,-,-,-,2937.0000,2936.8000,2936.6000,2936.4000,2936.2000,2938.0000,2938.2000,2938.4000,2938.6000,2938.8000,3,3,3,3,3,3,3,2,1,1
SF,IH2003,2019-12-11 09:32:20.200,2937.6000,17361,0,114607680.000,0,-,-,-,-,2937.2000,2937.0000,2936.8000,2936.6000,2936.4000,2938.0000,2938.2000,2938.4000,2938.6000,2938.8000,3,3,3,3,3,3,3,2,1,1
SF,IH2003,2019-12-11 09:32:21.700,2937.6000,17361,0,114607680.000,0,-,-,-,-,2937.2000,2937.0000,2936.8000,2936.6000,2936.4000,2938.0000,2938.2000,2938.4000,2938.6000,2938.8000,2,3,3,3,3,3,3,2,1,1
SF,IH2003,2019-12-11 09:32:22.200,2937.6000,17361,0,114607680.000,0,-,-,-,-,2937.2000,2937.0000,2936.8000,2936.6000,2936.4000,2938.0000,2938.2000,2938.4000,2938.6000,2938.8000,2,3,3,3,3,3,3,2,1,1
SF,IH2003,2019-12-11 09:32:23.200,2937.6000,17361,0,114607680.000,0,-,-,-,-,2937.2000,2937.0000,2936.8000,2936.6000,2936.4000,2938.0000,2938.2000,2938.4000,2938.6000,2938.8000,2,3,3,3,3,3,3,2,1,1
SF,IH2003,2019-12-11 09:32:23.700,2937.6000,17361,0,114607680.000,0,-,-,-,-,2937.6000,2937.2000,2937.0000,2936.8000,2936.6000,2938.0000,2938.2000,2938.4000,2938.6000,2938.8000,1,2,3,3,3,3,3,2,1,1
SF,IH2003,2019-12-11 09:32:24.200,2938.0000,17362,1,116370360.000,2,1,1,空开,S,2937.2000,2937.0000,2936.8000,2936.6000,2936.4000,2938.0000,2938.2000,2938.4000,2938.6000,2938.8000,2,3,3,3,3,2,3,2,1,1
SF,IH2003,2019-12-11 09:32:25.200,2938.0000,17362,0,116370360.000,0,-,-,-,-,2937.2000,2937.0000,2936.8000,2936.6000,2936.4000,2938.0000,2938.2000,2938.4000,2938.6000,2938.8000,3,3,3,3,3,2,3,2,1,1
SF,IH2003,2019-12-11 09:32:25.700,2937.2000,17361,-1,119895000.000,4,1,3,多平,S,2937.0000,2936.8000,2936.6000,2936.4000,2936.2000,2937.2000,2938.0000,2938.2000,2938.4000,2938.6000,3,3,3,3,3,3,2,3,2,1
SF,IH2003,2019-12-11 09:32:26.200,2937.2000,17361,0,120776160.000,1,0,1,多换,S,2937.0000,2936.8000,2936.6000,2936.4000,2936.2000,2937.2000,2938.0000,2938.2000,2938.4000,2938.6000,3,3,3,3,3,2,2,3,2,1
SF,IH2003,2019-12-11 09:32:26.700,2937.0000,17361,0,121657260.000,1,0,1,多换,S,2937.0000,2936.8000,2936.6000,2936.4000,2936.2000,2937.2000,2938.0000,2938.2000,2938.4000,2938.6000,2,3,3,3,3,2,2,3,2,1
SF,IH2003,2019-12-11 09:32:27.700,2937.0000,17361,0,122538360.000,1,0,1,多换,S,2937.0000,2936.8000,2936.6000,2936.4000,2936.2000,2937.2000,2938.0000,2938.2000,2938.4000,2938.6000,1,3,3,3,3,2,2,3,2,1
SF,IH2003,2019-12-11 09:32:28.200,2937.2000,17361,0,124300680.000,2,1,1,多换,S,2937.0000,2936.8000,2936.6000,2936.4000,2936.2000,2938.0000,2938.2000,2938.4000,2938.6000,2938.8000,1,3,3,3,3,2,3,2,1,1
SF,IH2003,2019-12-11 09:32:29.200,2937.2000,17361,0,124300680.000,0,-,-,-,-,2937.0000,2936.8000,2936.6000,2936.4000,2936.2000,2938.0000,2938.2000,2938.4000,2938.6000,2938.8000,1,3,3,3,3,2,3,2,1,1
SF,IH2003,2019-12-11 09:32:29.700,2937.2000,17361,0,124300680.000,0,-,-,-,-,2937.0000,2936.8000,2936.6000,2936.4000,2936.2000,2937.8000,2938.0000,2938.2000,2938.4000,2938.6000,1,3,3,3,3,1,2,3,2,1
SF,IH2003,2019-12-11 09:32:30.700,2937.0000,17361,0,125181780.000,1,0,1,多换,S,2936.8000,2936.6000,2936.4000,2936.2000,2935.0000,2937.0000,2937.8000,2938.0000,2938.2000,2938.4000,3,3,3,3,4,1,1,2,3,2
SF,IH2003,2019-12-11 09:32:31.200,2937.0000,17360,-1,126062880.000,1,0,1,双平,S,2937.2000,2937.0000,2936.8000,2936.6000,2936.4000,2937.8000,2938.0000,2938.2000,2938.4000,2938.6000,1,7,3,3,3,1,2,3,2,1
SF,IH2003,2019-12-11 09:32:31.700,2937.2000,17359,-1,126944040.000,1,0,1,双平,S,2937.0000,2936.8000,2936.6000,2936.4000,2936.2000,2937.8000,2938.0000,2938.2000,2938.4000,2938.6000,5,3,3,3,3,1,2,3,2,1
SF,IH2003,2019-12-11 09:32:32.200,2937.8000,17358,-1,127825380.000,1,0,1,双平,S,2936.8000,2936.6000,2936.4000,2936.2000,2935.0000,2938.0000,2938.2000,2938.4000,2938.6000,2938.8000,3,3,3,3,4,2,3,2,1,1
SF,IH2003,2019-12-11 09:32:32.700,2937.8000,17358,0,127825380.000,0,-,-,-,-,2936.8000,2936.6000,2936.4000,2936.2000,2935.0000,2938.0000,2938.2000,2938.4000,2938.6000,2938.8000,3,3,3,3,4,2,3,2,1,1
SF,IH2003,2019-12-11 09:32:33.700,2937.8000,17358,0,127825380.000,0,-,-,-,-,2936.8000,2936.6000,2936.4000,2936.2000,2935.0000,2937.8000,2938.0000,2938.2000,2938.4000,2938.6000,3,3,3,3,4,1,2,3,2,1
SF,IH2003,2019-12-11 09:32:34.200,2937.8000,17358,0,127825380.000,0,-,-,-,-,2936.8000,2936.6000,2936.4000,2936.2000,2935.0000,2937.0000,2937.8000,2938.0000,2938.2000,2938.4000,3,3,3,3,4,1,3,2,3,2
SF,IH2003,2019-12-11 09:32:34.700,2937.8000,17358,0,127825380.000,0,-,-,-,-,2936.8000,2936.6000,2936.4000,2936.2000,2935.0000,2937.0000,2937.8000,2938.0000,2938.2000,2938.4000,3,3,3,3,4,1,2,2,3,2
SF,IH2003,2019-12-11 09:32:35.200,2937.8000,17358,0,127825380.000,0,-,-,-,-,2936.8000,2936.6000,2936.4000,2936.2000,2935.0000,2937.0000,2937.8000,2938.0000,2938.2000,2938.4000,3,3,3,3,4,1,2,3,3,2
SF,IH2003,2019-12-11 09:32:35.700,2937.8000,17358,0,127825380.000,0,-,-,-,-,2936.8000,2936.6000,2936.4000,2936.2000,2935.0000,2937.0000,2938.0000,2938.2000,2938.4000,2938.6000,3,3,3,3,4,1,3,3,2,1
SF,IH2003,2019-12-11 09:32:36.200,2937.0000,17358,0,128706480.000,1,0,1,多换,S,2936.8000,2936.6000,2936.4000,2936.2000,2935.0000,2938.0000,2938.2000,2938.4000,2938.6000,2938.8000,3,3,3,3,4,3,3,2,1,1
SF,IH2003,2019-12-11 09:32:36.700,2937.0000,17358,0,128706480.000,0,-,-,-,-,2937.0000,2936.8000,2936.6000,2936.4000,2936.2000,2937.8000,2938.0000,2938.2000,2938.4000,2938.6000,1,3,3,3,3,5,4,3,2,1
SF,IH2003,2019-12-11 09:32:37.200,2937.0000,17358,0,128706480.000,0,-,-,-,-,2936.8000,2936.6000,2936.4000,2936.2000,2935.0000,2937.8000,2938.0000,2938.2000,2938.4000,2938.6000,3,3,3,3,4,2,4,3,2,1
SF,IH2003,2019-12-11 09:32:37.700,2937.0000,17358,0,128706480.000,0,-,-,-,-,2937.0000,2936.8000,2936.6000,2936.4000,2936.2000,2937.8000,2938.0000,2938.2000,2938.4000,2938.6000,2,3,3,3,3,1,4,3,2,1
SF,IH2003,2019-12-11 09:32:38.200,2937.8000,17357,-1,129587820.000,1,0,1,双平,S,2937.0000,2936.8000,2936.6000,2936.4000,2936.2000,2938.0000,2938.2000,2938.4000,2938.6000,2938.8000,2,3,3,3,3,4,3,2,1,1
SF,IH2003,2019-12-11 09:32:38.700,2937.8000,17357,0,129587820.000,0,-,-,-,-,2936.8000,2936.6000,2936.4000,2936.2000,2935.0000,2937.8000,2938.0000,2938.2000,2938.4000,2938.6000,3,3,3,3,4,2,4,3,2,1
SF,IH2003,2019-12-11 09:32:39.700,2937.8000,17357,0,129587820.000,0,-,-,-,-,2937.0000,2936.8000,2936.6000,2936.4000,2936.2000,2937.8000,2938.0000,2938.2000,2938.4000,2938.6000,2,3,3,3,3,2,4,3,2,1
SF,IH2003,2019-12-11 09:32:41.200,2937.8000,17357,0,129587820.000,0,-,-,-,-,2936.8000,2936.6000,2936.4000,2936.2000,2935.0000,2938.0000,2938.2000,2938.4000,2938.6000,2938.8000,3,3,3,3,4,4,3,2,1,1
SF,IH2003,2019-12-11 09:32:41.700,2937.8000,17357,0,129587820.000,0,-,-,-,-,2937.0000,2936.8000,2936.6000,2936.4000,2936.2000,2938.0000,2938.2000,2938.4000,2938.6000,2938.8000,3,3,3,3,3,4,3,2,1,1
SF,IH2003,2019-12-11 09:32:42.200,2937.8000,17357,0,129587820.000,0,-,-,-,-,2937.0000,2936.8000,2936.6000,2936.4000,2936.2000,2937.8000,2938.0000,2938.2000,2938.4000,2938.6000,3,3,3,3,3,3,4,3,2,1
SF,IH2003,2019-12-11 09:32:42.700,2937.8000,17357,0,129587820.000,0,-,-,-,-,2937.0000,2936.8000,2936.6000,2936.4000,2936.2000,2938.0000,2938.2000,2938.4000,2938.6000,2938.8000,3,3,3,3,3,4,3,2,1,1
SF,IH2003,2019-12-11 09:32:43.200,2937.8000,17357,0,129587820.000,0,-,-,-,-,2937.0000,2936.8000,2936.6000,2936.4000,2936.2000,2937.8000,2938.0000,2938.2000,2938.4000,2938.6000,1,3,3,3,3,1,3,3,2,1
SF,IH2003,2019-12-11 09:32:43.700,2937.8000,17356,-1,130469160.000,1,0,1,双平,S,2937.0000,2936.8000,2936.6000,2936.4000,2936.2000,2938.0000,2938.2000,2938.4000,2938.6000,2938.8000,1,3,3,3,3,3,3,2,1,1
SF,IH2003,2019-12-11 09:32:44.200,2937.8000,17356,0,130469160.000,0,-,-,-,-,2937.0000,2936.8000,2936.6000,2936.4000,2936.2000,2938.0000,2938.2000,2938.4000,2938.6000,2938.8000,2,3,3,3,3,3,3,2,1,1
SF,IH2003,2019-12-11 09:32:45.200,2937.8000,17356,0,130469160.000,0,-,-,-,-,2937.0000,2936.8000,2936.6000,2936.4000,2936.2000,2937.6000,2938.0000,2938.2000,2938.4000,2938.6000,1,3,3,3,3,1,3,3,2,1
SF,IH2003,2019-12-11 09:32:45.700,2937.8000,17356,0,130469160.000,0,-,-,-,-,2937.0000,2936.8000,2936.6000,2936.4000,2936.2000,2937.6000,2938.0000,2938.2000,2938.4000,2938.6000,1,3,3,3,3,1,3,3,2,1
SF,IH2003,2019-12-11 09:32:49.200,2937.6000,17355,-1,131350440.000,1,0,1,双平,S,2937.0000,2936.8000,2936.6000,2936.4000,2936.2000,2938.0000,2938.2000,2938.4000,2938.6000,2938.8000,1,3,3,3,3,3,3,2,1,1
SF,IH2003,2019-12-11 09:32:50.700,2937.0000,17354,-1,132231540.000,1,0,1,双平,S,2936.8000,2936.6000,2936.4000,2936.2000,2935.0000,2938.0000,2938.2000,2938.4000,2938.6000,2938.8000,3,3,3,3,4,3,3,2,1,1
SF,IH2003,2019-12-11 09:32:51.200,2937.0000,17354,0,132231540.000,0,-,-,-,-,2937.0000,2936.8000,2936.6000,2936.4000,2936.2000,2938.0000,2938.2000,2938.4000,2938.6000,2938.8000,1,3,3,3,3,3,3,2,1,1
SF,IH2003,2019-12-11 09:32:53.700,2937.0000,17354,0,132231540.000,0,-,-,-,-,2937.0000,2936.8000,2936.6000,2936.4000,2936.2000,2937.8000,2938.0000,2938.2000,2938.4000,2938.6000,1,3,3,3,3,2,3,1,2,1
SF,IH2003,2019-12-11 09:32:57.200,2937.0000,17354,0,132231540.000,0,-,-,-,-,2937.0000,2936.8000,2936.6000,2936.4000,2936.2000,2937.8000,2938.0000,2938.2000,2938.4000,2938.6000,1,3,3,3,3,2,3,1,2,1
SF,IH2003,2019-12-11 09:33:01.200,2937.8000,17354,0,133112880.000,1,0,1,多换,S,2936.8000,2936.6000,2936.4000,2936.2000,2935.0000,2937.8000,2938.0000,2938.2000,2938.4000,2938.6000,3,3,3,3,4,1,3,1,2,1
SF,IH2003,2019-12-11 09:33:01.700,2937.8000,17354,0,133112880.000,0,-,-,-,-,2936.8000,2936.6000,2936.4000,2936.2000,2935.0000,2937.6000,2937.8000,2938.0000,2938.2000,2938.4000,3,3,3,3,4,1,1,3,1,2
SF,IH2003,2019-12-11 09:33:02.200,2937.8000,17354,0,133112880.000,0,-,-,-,-,2936.8000,2936.6000,2936.4000,2936.2000,2935.0000,2937.6000,2937.8000,2938.0000,2938.2000,2938.4000,3,3,3,3,4,3,1,3,1,2
SF,IH2003,2019-12-11 09:33:02.700,2937.8000,17354,0,133112880.000,0,-,-,-,-,2936.8000,2936.6000,2936.4000,2936.2000,2935.0000,2937.6000,2937.8000,2938.0000,2938.2000,2938.4000,3,3,3,3,4,1,1,3,1,2
SF,IH2003,2019-12-11 09:33:03.200,2937.8000,17354,0,133112880.000,0,-,-,-,-,2936.8000,2936.6000,2936.4000,2936.2000,2935.0000,2937.8000,2938.0000,2938.2000,2938.4000,2938.6000,3,3,3,3,4,1,3,1,2,1
SF,IH2003,2019-12-11 09:33:03.700,2937.8000,17354,0,133112880.000,0,-,-,-,-,2937.0000,2936.8000,2936.6000,2936.4000,2936.2000,2937.8000,2938.0000,2938.2000,2938.4000,2938.6000,2,3,3,3,3,1,3,1,2,1
SF,IH2003,2019-12-11 09:33:09.700,2937.8000,17354,0,133112880.000,0,-,-,-,-,2937.0000,2936.8000,2936.6000,2936.4000,2936.2000,2937.6000,2937.8000,2938.0000,2938.2000,2938.4000,2,3,3,3,3,1,1,4,1,2
SF,IH2003,2019-12-11 09:33:10.200,2937.8000,17354,0,133112880.000,0,-,-,-,-,2936.8000,2936.6000,2936.4000,2936.2000,2935.0000,2937.6000,2937.8000,2938.0000,2938.2000,2938.4000,3,3,3,3,4,1,1,4,1,2
SF,IH2003,2019-12-11 09:33:11.200,2937.8000,17354,0,133112880.000,0,-,-,-,-,2936.8000,2936.6000,2936.4000,2936.2000,2935.0000,2937.6000,2937.8000,2938.0000,2938.2000,2938.4000,3,3,3,3,4,1,1,4,1,2
SF,IH2003,2019-12-11 09:33:17.700,2936.8000,17354,0,134874960.000,2,1,1,多换,S,2936.8000,2936.6000,2936.4000,2936.2000,2935.0000,2937.4000,2937.6000,2937.8000,2938.0000,2938.2000,1,3,3,3,4,5,1,1,4,1
SF,IH2003,2019-12-11 09:33:18.200,2936.8000,17354,0,135756000.000,1,0,1,多换,S,2936.6000,2936.4000,2936.2000,2935.4000,2935.0000,2937.4000,2937.6000,2937.8000,2938.0000,2938.2000,3,3,3,1,4,12,1,1,4,1
SF,IH2003,2019-12-11 09:33:18.700,2936.8000,17354,0,135756000.000,0,-,-,-,-,2936.6000,2936.4000,2936.2000,2935.4000,2935.0000,2936.8000,2937.2000,2937.4000,2937.6000,2937.8000,3,3,3,1,4,1,1,10,1,1
SF,IH2003,2019-12-11 09:33:19.200,2936.8000,17354,0,135756000.000,0,-,-,-,-,2936.6000,2936.4000,2936.2000,2935.4000,2935.0000,2936.8000,2937.2000,2937.4000,2937.6000,2937.8000,3,3,3,1,4,1,1,5,1,1
SF,IH2003,2019-12-11 09:33:19.700,2936.8000,17354,0,135756000.000,0,-,-,-,-,2936.6000,2936.4000,2936.2000,2935.4000,2935.0000,2937.2000,2937.4000,2937.6000,2937.8000,2938.0000,3,3,3,1,4,1,3,1,1,4
SF,IH2003,2019-12-11 09:33:20.700,2936.8000,17354,0,135756000.000,0,-,-,-,-,2936.6000,2936.4000,2936.2000,2935.4000,2935.0000,2936.8000,2937.0000,2937.2000,2937.4000,2937.6000,3,3,3,1,4,1,2,1,3,1
SF,IH2003,2019-12-11 09:33:21.200,2936.8000,17354,0,135756000.000,0,-,-,-,-,2936.6000,2936.4000,2936.2000,2935.4000,2935.0000,2936.8000,2937.2000,2937.6000,2937.8000,2938.0000,3,3,3,1,4,1,1,1,1,4
SF,IH2003,2019-12-11 09:33:21.700,2936.8000,17354,0,135756000.000,0,-,-,-,-,2936.6000,2936.4000,2936.2000,2935.4000,2935.0000,2936.8000,2937.2000,2937.6000,2937.8000,2938.0000,3,3,3,1,4,1,1,1,1,4
SF,IH2003,2019-12-11 09:33:22.200,2936.8000,17354,0,135756000.000,0,-,-,-,-,2936.6000,2936.4000,2936.2000,2935.4000,2935.0000,2936.8000,2937.6000,2937.8000,2938.0000,2938.2000,3,3,3,1,4,1,1,1,4,1
SF,IH2003,2019-12-11 09:33:23.200,2936.8000,17353,-1,136637040.000,1,0,1,双平,S,2936.6000,2936.4000,2936.2000,2935.4000,2935.0000,2937.6000,2937.8000,2938.0000,2938.2000,2938.4000,3,3,3,1,4,1,1,4,1,2
SF,IH2003,2019-12-11 09:33:24.700,2936.8000,17353,0,136637040.000,0,-,-,-,-,2936.6000,2936.4000,2936.2000,2935.4000,2935.0000,2937.2000,2937.4000,2937.6000,2937.8000,2938.0000,3,3,3,1,4,2,3,1,1,4
SF,IH2003,2019-12-11 09:33:25.200,2936.8000,17353,0,136637040.000,0,-,-,-,-,2936.6000,2936.4000,2936.2000,2935.4000,2935.0000,2937.4000,2937.6000,2937.8000,2938.0000,2938.2000,3,3,3,1,4,1,1,1,4,1
SF,IH2003,2019-12-11 09:33:25.700,2936.8000,17353,0,136637040.000,0,-,-,-,-,2936.6000,2936.4000,2936.2000,2935.4000,2935.0000,2937.6000,2937.8000,2938.0000,2938.2000,2938.4000,3,3,3,1,4,1,1,4,1,2
SF,IH2003,2019-12-11 09:33:28.200,2936.8000,17353,0,136637040.000,0,-,-,-,-,2936.6000,2936.4000,2936.2000,2935.4000,2935.0000,2937.6000,2937.8000,2938.0000,2938.2000,2938.4000,3,3,3,2,4,1,1,4,1,2
SF,IH2003,2019-12-11 09:33:28.700,2936.8000,17353,0,136637040.000,0,-,-,-,-,2936.6000,2936.4000,2936.2000,2935.4000,2935.0000,2937.4000,2937.6000,2937.8000,2938.0000,2938.2000,3,3,3,2,4,2,1,1,4,1
SF,IH2003,2019-12-11 09:33:29.200,2936.8000,17353,0,136637040.000,0,-,-,-,-,2936.6000,2936.4000,2936.2000,2935.4000,2935.0000,2937.6000,2937.8000,2938.0000,2938.2000,2938.4000,3,3,3,2,4,1,1,4,1,2
SF,IH2003,2019-12-11 09:33:29.700,2936.8000,17353,0,136637040.000,0,-,-,-,-,2936.6000,2936.4000,2936.2000,2935.4000,2935.0000,2937.6000,2937.8000,2938.0000,2938.2000,2938.4000,3,3,3,2,4,1,1,4,1,2
SF,IH2003,2019-12-11 09:33:30.200,2936.8000,17353,0,136637040.000,0,-,-,-,-,2936.6000,2936.4000,2936.2000,2935.4000,2935.0000,2937.4000,2937.6000,2937.8000,2938.0000,2938.2000,3,3,3,2,4,2,1,1,4,1
SF,IH2003,2019-12-11 09:33:30.700,2936.8000,17353,0,136637040.000,0,-,-,-,-,2936.6000,2936.4000,2936.2000,2935.4000,2935.0000,2937.6000,2937.8000,2938.0000,2938.2000,2938.4000,3,3,3,2,4,1,1,4,1,2
SF,IH2003,2019-12-11 09:33:31.200,2936.8000,17353,0,136637040.000,0,-,-,-,-,2936.8000,2936.6000,2936.4000,2936.2000,2935.4000,2937.6000,2937.8000,2938.0000,2938.2000,2938.4000,2,3,3,3,2,1,1,4,1,2
SF,IH2003,2019-12-11 09:33:31.700,2936.8000,17353,0,136637040.000,0,-,-,-,-,2936.8000,2936.6000,2936.4000,2936.2000,2935.4000,2937.6000,2937.8000,2938.0000,2938.2000,2938.4000,2,3,3,3,1,1,1,4,1,2
SF,IH2003,2019-12-11 09:33:32.200,2936.8000,17353,0,136637040.000,0,-,-,-,-,2936.6000,2936.4000,2936.2000,2935.4000,2935.0000,2937.6000,2937.8000,2938.0000,2938.2000,2938.4000,3,3,3,1,4,1,1,4,1,2
SF,IH2003,2019-12-11 09:33:32.700,2936.8000,17353,0,136637040.000,0,-,-,-,-,2936.8000,2936.6000,2936.4000,2936.2000,2935.4000,2937.6000,2937.8000,2938.0000,2938.2000,2938.4000,3,3,3,3,1,1,1,4,1,2
SF,IH2003,2019-12-11 09:33:33.700,2936.8000,17353,0,136637040.000,0,-,-,-,-,2936.8000,2936.6000,2936.4000,2936.2000,2935.4000,2937.6000,2937.8000,2938.0000,2938.2000,2938.4000,1,3,3,3,1,1,1,4,1,1
SF,IH2003,2019-12-11 09:33:34.200,2936.8000,17353,0,136637040.000,0,-,-,-,-,2936.8000,2936.6000,2936.4000,2936.2000,2935.4000,2937.2000,2937.6000,2937.8000,2938.0000,2938.2000,1,3,3,3,2,1,1,1,4,1
SF,IH2003,2019-12-11 09:33:35.700,2936.8000,17353,0,136637040.000,0,-,-,-,-,2936.8000,2936.6000,2936.4000,2936.2000,2935.4000,2937.0000,2937.2000,2937.6000,2937.8000,2938.0000,2,3,3,3,2,1,1,1,1,4
SF,IH2003,2019-12-11 09:33:36.200,2937.0000,17353,0,137518140.000,1,0,1,多换,S,2937.0000,2936.8000,2936.6000,2936.4000,2936.2000,2937.2000,2937.6000,2937.8000,2938.0000,2938.2000,1,2,3,3,3,1,1,1,4,1
SF,IH2003,2019-12-11 09:33:36.700,2937.2000,17352,-1,138399300.000,1,0,1,双平,S,2937.0000,2936.8000,2936.6000,2936.4000,2936.2000,2937.6000,2937.8000,2938.0000,2938.2000,2938.4000,1,2,3,3,3,1,1,4,1,1
SF,IH2003,2019-12-11 09:33:37.200,2937.0000,17351,-1,139280400.000,1,0,1,双平,S,2936.8000,2936.6000,2936.4000,2936.2000,2935.4000,2937.6000,2937.8000,2938.0000,2938.2000,2938.4000,2,3,3,3,2,1,1,4,1,1
SF,IH2003,2019-12-11 09:33:49.200,2937.6000,17351,0,140161680.000,1,0,1,多换,S,2936.8000,2936.6000,2936.4000,2936.2000,2935.4000,2937.8000,2938.0000,2938.2000,2938.4000,2938.6000,2,3,3,3,2,1,4,1,1,1
SF,IH2003,2019-12-11 09:33:49.700,2937.6000,17351,0,140161680.000,0,-,-,-,-,2937.0000,2936.8000,2936.6000,2936.4000,2936.2000,2937.8000,2938.0000,2938.2000,2938.4000,2938.6000,1,2,3,3,3,1,4,1,1,1
SF,IH2003,2019-12-11 09:33:51.200,2937.6000,17351,0,140161680.000,0,-,-,-,-,2937.0000,2936.8000,2936.6000,2936.4000,2936.2000,2937.8000,2938.0000,2938.2000,2938.4000,2938.6000,1,2,3,3,3,1,4,1,1,1
SF,IH2003,2019-12-11 09:33:54.200,2937.8000,17350,-1,141043020.000,1,0,1,双平,S,2937.0000,2936.8000,2936.6000,2936.4000,2936.2000,2938.0000,2938.2000,2938.6000,2938.8000,2939.0000,1,2,3,3,3,4,1,1,1,5
SF,IH2003,2019-12-11 09:33:54.700,2937.8000,17350,0,141043020.000,0,-,-,-,-,2937.2000,2937.0000,2936.8000,2936.6000,2936.4000,2938.0000,2938.2000,2938.6000,2938.8000,2939.0000,1,1,1,3,3,4,1,1,1,5
SF,IH2003,2019-12-11 09:33:57.700,2937.8000,17350,0,141043020.000,0,-,-,-,-,2937.2000,2937.0000,2936.8000,2936.6000,2936.4000,2938.0000,2938.2000,2938.6000,2938.8000,2939.0000,1,1,1,3,3,5,1,1,1,5
SF,IH2003,2019-12-11 09:33:58.200,2937.8000,17350,0,141043020.000,0,-,-,-,-,2937.2000,2937.0000,2936.8000,2936.6000,2936.4000,2938.0000,2938.2000,2938.6000,2938.8000,2939.0000,2,1,1,3,3,5,1,1,1,5
SF,IH2003,2019-12-11 09:33:59.700,2938.0000,17350,0,141924420.000,1,0,1,多换,S,2937.2000,2937.0000,2936.8000,2936.6000,2936.4000,2938.0000,2938.2000,2938.6000,2938.8000,2939.0000,2,1,1,3,3,4,1,1,1,5
SF,IH2003,2019-12-11 09:34:01.200,2938.0000,17350,0,141924420.000,0,-,-,-,-,2937.4000,2937.2000,2937.0000,2936.8000,2936.6000,2938.0000,2938.2000,2938.6000,2938.8000,2939.0000,2,2,1,1,3,4,1,1,1,5
SF,IH2003,2019-12-11 09:34:01.700,2938.0000,17350,0,141924420.000,0,-,-,-,-,2937.4000,2937.2000,2937.0000,2936.8000,2936.6000,2938.0000,2938.2000,2938.6000,2938.8000,2939.0000,2,2,1,1,3,4,1,1,1,5
SF,IH2003,2019-12-11 09:34:02.200,2937.4000,17350,0,142805640.000,1,0,1,多换,S,2937.4000,2937.2000,2937.0000,2936.8000,2936.6000,2938.0000,2938.2000,2938.6000,2938.8000,2939.0000,1,2,1,1,3,4,1,1,1,5
SF,IH2003,2019-12-11 09:34:02.700,2937.4000,17350,0,142805640.000,0,-,-,-,-,2937.2000,2937.0000,2936.8000,2936.6000,2936.4000,2938.0000,2938.2000,2938.6000,2938.8000,2939.0000,2,1,1,3,3,4,1,1,1,5
SF,IH2003,2019-12-11 09:34:03.200,2937.4000,17350,0,142805640.000,0,-,-,-,-,2937.4000,2937.2000,2937.0000,2936.8000,2936.6000,2938.0000,2938.2000,2938.6000,2938.8000,2939.0000,1,2,1,1,3,4,1,1,1,5
SF,IH2003,2019-12-11 09:34:05.700,2937.4000,17351,1,143686860.000,1,1,0,双开,S,2937.2000,2937.0000,2936.8000,2936.6000,2936.4000,2938.0000,2938.2000,2938.6000,2938.8000,2939.0000,2,1,1,3,3,4,1,1,1,5
SF,IH2003,2019-12-11 09:34:07.200,2937.4000,17351,0,143686860.000,0,-,-,-,-,2937.4000,2937.2000,2937.0000,2936.8000,2936.6000,2938.0000,2938.2000,2938.6000,2938.8000,2939.0000,1,2,1,1,3,4,1,1,1,5
SF,IH2003,2019-12-11 09:34:10.700,2937.4000,17351,0,143686860.000,0,-,-,-,-,2937.2000,2937.0000,2936.8000,2936.6000,2936.4000,2938.0000,2938.2000,2938.6000,2938.8000,2939.0000,2,1,1,3,3,4,1,1,1,5
SF,IH2003,2019-12-11 09:34:11.200,2937.4000,17351,0,143686860.000,0,-,-,-,-,2937.6000,2937.2000,2937.0000,2936.8000,2936.6000,2938.0000,2938.2000,2938.6000,2938.8000,2939.0000,1,2,1,1,3,4,1,1,1,5
SF,IH2003,2019-12-11 09:34:12.200,2937.4000,17351,0,143686860.000,0,-,-,-,-,2937.6000,2937.2000,2937.0000,2936.8000,2936.6000,2938.0000,2938.2000,2938.6000,2938.8000,2939.0000,1,2,1,1,3,4,1,1,1,5
SF,IH2003,2019-12-11 09:34:16.200,2938.0000,17350,-1,144568260.000,1,0,1,双平,S,2937.6000,2937.2000,2937.0000,2936.8000,2936.6000,2938.0000,2938.2000,2938.6000,2938.8000,2939.0000,1,2,1,1,3,3,1,1,1,5
SF,IH2003,2019-12-11 09:34:20.700,2937.6000,17350,0,145449540.000,1,0,1,多换,S,2937.2000,2937.0000,2936.8000,2936.6000,2936.4000,2938.0000,2938.2000,2938.6000,2938.8000,2939.0000,2,1,1,3,3,3,1,1,1,5
SF,IH2003,2019-12-11 09:34:22.200,2938.0000,17347,-3,148093740.000,3,0,3,双平,S,2937.4000,2937.2000,2937.0000,2936.8000,2936.6000,2938.2000,2938.6000,2938.8000,2939.0000,2939.4000,1,2,1,1,3,1,1,1,5,1
SF,IH2003,2019-12-11 09:34:22.700,2938.2000,17346,-1,148975200.000,1,0,1,双平,S,2938.2000,2938.0000,2937.6000,2937.4000,2937.2000,2938.6000,2938.8000,2939.0000,2939.4000,2939.6000,1,1,1,4,1,1,1,5,1,1
SF,IH2003,2019-12-11 09:34:23.200,2938.2000,17346,0,148975200.000,0,-,-,-,-,2938.0000,2937.6000,2937.4000,2937.2000,2937.0000,2938.6000,2938.8000,2939.0000,2939.4000,2939.6000,1,1,4,1,1,1,1,5,1,1
SF,IH2003,2019-12-11 09:34:26.200,2938.2000,17346,0,148975200.000,0,-,-,-,-,2937.6000,2937.4000,2937.2000,2937.0000,2936.8000,2938.6000,2938.8000,2939.0000,2939.4000,2939.6000,1,4,1,1,1,1,1,5,1,1
SF,IH2003,2019-12-11 09:34:26.700,2938.2000,17346,0,148975200.000,0,-,-,-,-,2937.8000,2937.6000,2937.4000,2937.2000,2937.0000,2938.6000,2938.8000,2939.0000,2939.4000,2939.6000,2,1,4,1,1,1,1,5,1,1
SF,IH2003,2019-12-11 09:34:31.700,2937.8000,17346,0,149856540.000,1,0,1,多换,S,2937.6000,2937.4000,2937.2000,2937.0000,2936.8000,2937.8000,2938.6000,2938.8000,2939.0000,2939.4000,1,3,1,1,1,1,1,1,5,1
SF,IH2003,2019-12-11 09:34:32.200,2937.8000,17345,-1,150737880.000,1,0,1,双平,S,2937.6000,2937.4000,2937.2000,2937.0000,2936.8000,2938.6000,2938.8000,2939.0000,2939.4000,2939.6000,1,3,1,1,1,1,1,5,1,1
SF,IH2003,2019-12-11 09:34:32.700,2937.8000,17345,0,150737880.000,0,-,-,-,-,2937.4000,2937.2000,2937.0000,2936.8000,2936.6000,2938.6000,2938.8000,2939.0000,2939.4000,2939.6000,3,1,1,1,3,1,1,5,1,1
SF,IH2003,2019-12-11 09:34:33.200,2937.8000,17345,0,150737880.000,0,-,-,-,-,2937.4000,2937.2000,2937.0000,2936.8000,2936.6000,2938.4000,2938.6000,2938.8000,2939.0000,2939.4000,3,1,1,1,3,2,1,1,5,1
SF,IH2003,2019-12-11 09:34:33.700,2937.8000,17345,0,150737880.000,0,-,-,-,-,2937.4000,2937.2000,2937.0000,2936.8000,2936.6000,2938.4000,2938.6000,2938.8000,2939.0000,2939.4000,3,1,1,1,3,4,1,1,5,1
SF,IH2003,2019-12-11 09:34:34.200,2937.8000,17345,0,150737880.000,0,-,-,-,-,2937.4000,2937.2000,2937.0000,2936.8000,2936.6000,2938.4000,2938.6000,2938.8000,2939.0000,2939.4000,1,1,1,1,3,4,1,1,5,1
SF,IH2003,2019-12-11 09:34:34.700,2937.8000,17345,0,150737880.000,0,-,-,-,-,2937.6000,2937.4000,2937.0000,2936.8000,2936.6000,2938.4000,2938.6000,2938.8000,2939.0000,2939.4000,1,1,1,1,3,4,1,1,5,1
SF,IH2003,2019-12-11 09:34:35.200,2937.8000,17345,0,150737880.000,0,-,-,-,-,2937.6000,2937.4000,2937.0000,2936.8000,2936.6000,2938.4000,2938.6000,2938.8000,2939.0000,2939.4000,1,1,1,1,3,4,1,1,5,1
SF,IH2003,2019-12-11 09:34:35.700,2937.8000,17345,0,150737880.000,0,-,-,-,-,2937.6000,2937.4000,2937.0000,2936.8000,2936.6000,2938.4000,2938.6000,2938.8000,2939.0000,2939.4000,1,1,1,1,3,4,1,1,5,1
SF,IH2003,2019-12-11 09:34:36.200,2937.8000,17345,0,150737880.000,0,-,-,-,-,2937.6000,2937.4000,2937.0000,2936.8000,2936.6000,2938.4000,2938.6000,2938.8000,2939.0000,2939.4000,1,1,1,1,3,4,1,1,5,1
SF,IH2003,2019-12-11 09:34:36.700,2937.8000,17345,0,150737880.000,0,-,-,-,-,2937.6000,2937.4000,2937.0000,2936.8000,2936.6000,2938.4000,2938.6000,2938.8000,2939.0000,2939.4000,1,1,1,1,3,4,1,1,5,1
SF,IH2003,2019-12-11 09:34:37.200,2937.8000,17345,0,150737880.000,0,-,-,-,-,2937.6000,2937.4000,2937.0000,2936.8000,2936.6000,2938.4000,2938.6000,2938.8000,2939.0000,2939.4000,1,1,1,1,3,1,1,1,5,1
SF,IH2003,2019-12-11 09:34:37.700,2937.6000,17346,1,151619160.000,1,1,0,双开,S,2937.4000,2937.0000,2936.8000,2936.6000,2936.4000,2938.4000,2938.6000,2938.8000,2939.0000,2939.4000,1,1,1,3,3,1,1,1,5,1
SF,IH2003,2019-12-11 09:34:39.200,2937.6000,17346,0,151619160.000,0,-,-,-,-,2937.4000,2937.0000,2936.8000,2936.6000,2936.4000,2938.4000,2938.6000,2938.8000,2939.0000,2939.4000,1,1,1,3,3,1,1,1,5,1
SF,IH2003,2019-12-11 09:34:41.200,2937.4000,17345,-1,152500380.000,1,0,1,双平,S,2937.0000,2936.8000,2936.6000,2936.4000,2936.2000,2938.4000,2938.6000,2938.8000,2939.0000,2939.4000,1,1,3,3,3,1,1,1,5,1
SF,IH2003,2019-12-11 09:34:41.700,2937.4000,17345,0,152500380.000,0,-,-,-,-,2937.2000,2937.0000,2936.8000,2936.6000,2936.4000,2938.4000,2938.6000,2938.8000,2939.0000,2939.4000,5,1,1,3,3,1,1,1,5,1
SF,IH2003,2019-12-11 09:34:42.200,2937.4000,17345,0,152500380.000,0,-,-,-,-,2937.2000,2937.0000,2936.8000,2936.6000,2936.4000,2938.2000,2938.4000,2938.6000,2938.8000,2939.0000,2,1,1,3,3,1,1,1,1,5
SF,IH2003,2019-12-11 09:34:42.700,2937.4000,17345,0,152500380.000,0,-,-,-,-,2937.2000,2937.0000,2936.8000,2936.6000,2936.4000,2938.0000,2938.2000,2938.6000,2938.8000,2939.0000,1,1,1,3,3,2,3,2,1,6
SF,IH2003,2019-12-11 09:34:43.200,2937.4000,17345,0,152500380.000,0,-,-,-,-,2937.2000,2937.0000,2936.8000,2936.6000,2936.4000,2938.6000,2938.8000,2939.0000,2939.4000,2939.6000,1,1,1,3,3,1,1,6,1,1
SF,IH2003,2019-12-11 09:34:43.700,2937.4000,17345,0,152500380.000,0,-,-,-,-,2937.4000,2937.2000,2937.0000,2936.8000,2936.6000,2938.4000,2938.6000,2938.8000,2939.0000,2939.4000,1,1,1,1,3,1,1,1,6,1
SF,IH2003,2019-12-11 09:34:44.700,2937.4000,17345,0,152500380.000,0,-,-,-,-,2937.4000,2937.2000,2937.0000,2936.8000,2936.6000,2938.4000,2938.6000,2938.8000,2939.0000,2939.4000,1,1,1,1,3,1,1,1,6,1
SF,IH2003,2019-12-11 09:34:45.200,2937.4000,17345,0,152500380.000,0,-,-,-,-,2937.2000,2937.0000,2936.8000,2936.6000,2936.4000,2938.2000,2938.4000,2938.6000,2938.8000,2939.0000,1,1,1,3,3,1,1,1,1,6
SF,IH2003,2019-12-11 09:34:48.200,2937.4000,17345,0,152500380.000,0,-,-,-,-,2937.2000,2937.0000,2936.8000,2936.6000,2936.4000,2938.4000,2938.6000,2938.8000,2939.0000,2939.4000,1,1,1,3,3,1,1,1,6,1
SF,IH2003,2019-12-11 09:34:49.200,2937.4000,17345,0,152500380.000,0,-,-,-,-,2937.2000,2937.0000,2936.8000,2936.6000,2936.4000,2938.4000,2938.6000,2938.8000,2939.0000,2939.4000,1,1,1,3,3,1,1,1,6,1
SF,IH2003,2019-12-11 09:34:49.700,2937.4000,17345,0,152500380.000,0,-,-,-,-,2937.2000,2937.0000,2936.8000,2936.6000,2936.4000,2938.2000,2938.4000,2938.6000,2938.8000,2939.0000,1,1,1,3,3,1,1,1,1,6
SF,IH2003,2019-12-11 09:34:50.200,2937.4000,17345,0,152500380.000,0,-,-,-,-,2937.2000,2937.0000,2936.8000,2936.6000,2936.4000,2938.0000,2938.2000,2938.4000,2938.6000,2938.8000,1,1,1,3,3,1,1,1,1,1
SF,IH2003,2019-12-11 09:34:51.200,2937.4000,17345,0,152500380.000,0,-,-,-,-,2937.4000,2937.2000,2937.0000,2936.8000,2936.6000,2938.0000,2938.2000,2938.4000,2938.6000,2938.8000,3,1,1,1,3,1,1,1,1,1
SF,IH2003,2019-12-11 09:34:51.700,2937.4000,17345,0,152500380.000,0,-,-,-,-,2937.2000,2937.0000,2936.8000,2936.6000,2936.4000,2938.0000,2938.2000,2938.6000,2938.8000,2939.0000,1,1,1,3,3,1,1,1,1,6
SF,IH2003,2019-12-11 09:34:53.200,2938.0000,17344,-1,153381780.000,1,0,1,双平,S,2937.2000,2937.0000,2936.8000,2936.6000,2936.4000,2938.2000,2938.6000,2938.8000,2939.0000,2939.2000,1,1,1,3,3,1,1,1,6,1
SF,IH2003,2019-12-11 09:34:53.700,2938.0000,17344,0,153381780.000,0,-,-,-,-,2937.2000,2937.0000,2936.8000,2936.6000,2936.4000,2938.2000,2938.6000,2938.8000,2939.0000,2939.2000,1,1,1,3,3,1,1,2,6,1
SF,IH2003,2019-12-11 09:34:55.200,2938.0000,17344,0,153381780.000,0,-,-,-,-,2937.2000,2937.0000,2936.8000,2936.6000,2936.4000,2938.6000,2938.8000,2939.0000,2939.2000,2939.4000,1,1,1,3,3,1,2,6,1,1
SF,IH2003,2019-12-11 09:34:55.700,2938.0000,17344,0,153381780.000,0,-,-,-,-,2937.4000,2937.2000,2937.0000,2936.8000,2936.6000,2938.6000,2938.8000,2939.0000,2939.2000,2939.4000,2,1,1,1,3,1,2,6,1,1
SF,IH2003,2019-12-11 09:34:56.700,2938.0000,17344,0,153381780.000,0,-,-,-,-,2937.6000,2937.2000,2937.0000,2936.8000,2936.6000,2938.4000,2938.6000,2938.8000,2939.0000,2939.2000,1,1,1,1,3,2,1,2,6,1
SF,IH2003,2019-12-11 09:34:57.200,2938.0000,17344,0,153381780.000,0,-,-,-,-,2937.8000,2937.6000,2937.2000,2937.0000,2936.8000,2938.6000,2938.8000,2939.0000,2939.2000,2939.4000,5,1,1,1,1,1,2,6,1,1
SF,IH2003,2019-12-11 09:34:57.700,2938.0000,17344,0,153381780.000,0,-,-,-,-,2937.8000,2937.2000,2937.0000,2936.8000,2936.6000,2938.4000,2938.6000,2938.8000,2939.0000,2939.2000,5,1,1,1,3,3,1,2,6,1
SF,IH2003,2019-12-11 09:34:58.200,2938.0000,17344,0,153381780.000,0,-,-,-,-,2937.8000,2937.2000,2937.0000,2936.8000,2936.6000,2938.4000,2938.6000,2938.8000,2939.0000,2939.2000,5,1,1,1,3,1,1,2,6,1
SF,IH2003,2019-12-11 09:35:01.700,2938.0000,17344,0,153381780.000,0,-,-,-,-,2937.8000,2937.2000,2937.0000,2936.8000,2936.6000,2938.6000,2938.8000,2939.0000,2939.2000,2939.4000,5,1,1,1,3,1,2,6,1,1
SF,IH2003,2019-12-11 09:35:05.200,2938.0000,17344,0,153381780.000,0,-,-,-,-,2937.8000,2937.2000,2937.0000,2936.8000,2936.6000,2938.4000,2938.6000,2938.8000,2939.0000,2939.2000,5,1,1,1,3,1,1,2,6,1
SF,IH2003,2019-12-11 09:35:05.700,2938.0000,17344,0,153381780.000,0,-,-,-,-,2937.8000,2937.2000,2937.0000,2936.8000,2936.6000,2938.4000,2938.6000,2938.8000,2939.0000,2939.2000,5,1,1,1,3,1,1,2,6,1
SF,IH2003,2019-12-11 09:35:08.200,2937.8000,17343,-1,154263120.000,1,0,1,双平,S,2937.8000,2937.2000,2937.0000,2936.8000,2936.6000,2938.4000,2938.6000,2938.8000,2939.0000,2939.2000,4,1,1,1,3,1,1,2,6,1
SF,IH2003,2019-12-11 09:35:09.200,2937.8000,17343,0,154263120.000,0,-,-,-,-,2937.8000,2937.2000,2937.0000,2936.8000,2936.6000,2938.6000,2938.8000,2939.0000,2939.2000,2939.4000,4,1,1,1,3,1,2,6,1,1
SF,IH2003,2019-12-11 09:35:09.700,2937.8000,17343,0,154263120.000,0,-,-,-,-,2937.8000,2937.2000,2937.0000,2936.8000,2936.6000,2938.4000,2938.6000,2938.8000,2939.0000,2939.2000,4,1,1,1,3,5,1,2,6,1
SF,IH2003,2019-12-11 09:35:10.200,2937.8000,17343,0,154263120.000,0,-,-,-,-,2937.8000,2937.2000,2937.0000,2936.8000,2936.6000,2938.4000,2938.6000,2938.8000,2939.0000,2939.2000,4,1,1,1,3,5,1,2,6,1
SF,IH2003,2019-12-11 09:35:11.200,2938.4000,17342,-1,155144640.000,1,0,1,双平,S,2937.8000,2937.2000,2937.0000,2936.8000,2936.6000,2938.4000,2938.6000,2938.8000,2939.0000,2939.2000,4,1,1,1,3,4,1,2,6,1
SF,IH2003,2019-12-11 09:35:13.200,2938.4000,17342,0,155144640.000,0,-,-,-,-,2937.8000,2937.2000,2937.0000,2936.8000,2936.6000,2938.4000,2938.6000,2938.8000,2939.0000,2939.2000,4,1,1,1,3,4,1,2,6,1
SF,IH2003,2019-12-11 09:35:15.200,2937.8000,17341,-1,156025980.000,1,0,1,双平,S,2937.8000,2937.2000,2937.0000,2936.8000,2936.6000,2938.4000,2938.6000,2938.8000,2939.0000,2939.2000,3,1,1,1,3,4,1,2,6,1
SF,IH2003,2019-12-11 09:35:15.700,2937.8000,17341,0,156025980.000,0,-,-,-,-,2937.8000,2937.2000,2937.0000,2936.8000,2936.6000,2938.4000,2938.6000,2938.8000,2939.0000,2939.2000,3,1,1,1,3,4,2,2,6,1
SF,IH2003,2019-12-11 09:35:16.200,2937.8000,17341,0,156025980.000,0,-,-,-,-,2937.8000,2937.2000,2937.0000,2936.8000,2936.6000,2938.4000,2938.6000,2938.8000,2939.0000,2939.2000,3,1,1,1,3,4,1,2,6,1
SF,IH2003,2019-12-11 09:35:16.700,2938.4000,17339,-2,159552060.000,4,1,3,多平,S,2938.4000,2937.8000,2937.2000,2937.0000,2936.8000,2938.6000,2938.8000,2939.0000,2939.2000,2939.4000,2,3,1,1,1,1,2,6,1,1
SF,IH2003,2019-12-11 09:35:17.200,2938.4000,17337,-2,161315100.000,2,0,2,双平,S,2937.8000,2937.2000,2937.0000,2936.8000,2936.6000,2938.4000,2938.6000,2938.8000,2939.0000,2939.2000,3,1,1,1,3,10,1,2,6,1
SF,IH2003,2019-12-11 09:35:17.700,2937.8000,17336,-1,162196440.000,1,0,1,双平,S,2937.8000,2937.2000,2937.0000,2936.8000,2936.6000,2938.4000,2938.6000,2938.8000,2939.0000,2939.2000,2,1,1,1,3,10,1,2,6,1
SF,IH2003,2019-12-11 09:35:19.700,2937.8000,17336,0,162196440.000,0,-,-,-,-,2937.8000,2937.2000,2937.0000,2936.8000,2936.6000,2938.4000,2938.6000,2938.8000,2939.0000,2939.2000,2,1,1,1,3,11,1,2,6,1
SF,IH2003,2019-12-11 09:35:20.200,2937.8000,17336,0,162196440.000,0,-,-,-,-,2937.8000,2937.2000,2937.0000,2936.8000,2936.6000,2938.4000,2938.6000,2938.8000,2939.0000,2939.2000,2,1,1,1,3,10,1,2,6,1
SF,IH2003,2019-12-11 09:35:20.700,2937.8000,17336,0,162196440.000,0,-,-,-,-,2937.8000,2937.2000,2937.0000,2936.8000,2936.6000,2938.4000,2938.6000,2938.8000,2939.0000,2939.2000,2,1,1,1,3,9,1,2,6,1
SF,IH2003,2019-12-11 09:35:21.200,2937.8000,17336,0,162196440.000,0,-,-,-,-,2937.8000,2937.2000,2937.0000,2936.8000,2936.6000,2938.4000,2938.6000,2938.8000,2939.0000,2939.2000,2,1,1,1,3,9,1,2,6,1
SF,IH2003,2019-12-11 09:35:23.700,2937.8000,17336,0,162196440.000,0,-,-,-,-,2937.8000,2937.2000,2937.0000,2936.8000,2936.6000,2938.2000,2938.4000,2938.6000,2938.8000,2939.0000,2,1,1,1,3,1,9,1,2,6
SF,IH2003,2019-12-11 09:35:24.200,2937.8000,17334,-2,163959120.000,2,0,2,双平,S,2937.2000,2937.0000,2936.8000,2936.6000,2936.4000,2937.8000,2938.2000,2938.4000,2938.6000,2938.8000,1,1,1,3,3,1,5,9,2,2
SF,IH2003,2019-12-11 09:35:24.700,2937.8000,17334,0,163959120.000,0,-,-,-,-,2937.2000,2937.0000,2936.8000,2936.6000,2936.4000,2937.8000,2938.2000,2938.4000,2938.6000,2938.8000,1,1,1,3,3,1,1,7,1,2
SF,IH2003,2019-12-11 09:35:30.200,2937.8000,17334,0,163959120.000,0,-,-,-,-,2937.2000,2937.0000,2936.8000,2936.6000,2936.4000,2937.8000,2938.2000,2938.4000,2938.6000,2938.8000,1,1,1,3,3,1,1,7,1,2
SF,IH2003,2019-12-11 09:35:32.200,2937.2000,17333,-1,164840280.000,1,0,1,双平,S,2937.0000,2936.8000,2936.6000,2936.4000,2936.2000,2937.8000,2938.2000,2938.4000,2938.6000,2938.8000,1,1,3,3,3,1,1,7,1,2
SF,IH2003,2019-12-11 09:35:32.700,2937.2000,17333,0,164840280.000,0,-,-,-,-,2937.0000,2936.8000,2936.6000,2936.4000,2936.2000,2937.6000,2937.8000,2938.2000,2938.4000,2938.6000,1,1,3,3,3,1,1,1,7,1
SF,IH2003,2019-12-11 09:35:36.700,2937.2000,17333,0,164840280.000,0,-,-,-,-,2937.0000,2936.8000,2936.6000,2936.4000,2936.2000,2937.6000,2937.8000,2938.4000,2938.6000,2938.8000,1,1,3,3,3,1,1,7,1,2
SF,IH2003,2019-12-11 09:35:41.200,2937.0000,17334,1,165721380.000,1,1,0,双开,S,2936.8000,2936.6000,2936.4000,2936.2000,2936.0000,2937.6000,2937.8000,2938.4000,2938.6000,2938.8000,1,3,3,3,1,1,1,7,1,2
SF,IH2003,2019-12-11 09:35:43.200,2936.8000,17334,0,166602420.000,1,0,1,多换,S,2936.6000,2936.4000,2936.2000,2936.0000,2935.8000,2937.4000,2937.6000,2937.8000,2938.4000,2938.6000,3,3,3,1,1,1,1,1,7,1
SF,IH2003,2019-12-11 09:35:43.700,2936.8000,17334,0,166602420.000,0,-,-,-,-,2936.6000,2936.4000,2936.2000,2936.0000,2935.8000,2937.4000,2937.6000,2937.8000,2938.4000,2938.6000,3,3,3,1,1,1,1,1,7,1
SF,IH2003,2019-12-11 09:35:44.200,2937.4000,17333,-1,167483640.000,1,0,1,双平,S,2936.6000,2936.4000,2936.2000,2936.0000,2935.8000,2937.8000,2938.4000,2938.6000,2938.8000,2939.0000,3,3,3,1,1,1,7,1,2,6
SF,IH2003,2019-12-11 09:35:44.700,2937.6000,17332,-1,168364920.000,1,0,1,双平,S,2936.8000,2936.6000,2936.4000,2936.2000,2936.0000,2937.8000,2938.4000,2938.6000,2938.8000,2939.0000,6,3,3,3,1,1,7,1,2,6
SF,IH2003,2019-12-11 09:35:45.200,2937.6000,17332,0,168364920.000,0,-,-,-,-,2936.8000,2936.6000,2936.4000,2936.2000,2936.0000,2937.8000,2938.4000,2938.6000,2938.8000,2939.0000,6,3,3,3,1,1,7,1,2,6
SF,IH2003,2019-12-11 09:35:45.700,2937.6000,17332,0,168364920.000,0,-,-,-,-,2936.8000,2936.6000,2936.4000,2936.2000,2936.0000,2937.8000,2938.4000,2938.6000,2938.8000,2939.0000,6,3,3,3,1,1,7,1,2,6
SF,IH2003,2019-12-11 09:35:47.200,2937.6000,17332,0,168364920.000,0,-,-,-,-,2936.8000,2936.6000,2936.4000,2936.2000,2936.0000,2937.8000,2938.4000,2938.6000,2938.8000,2939.0000,5,3,3,3,1,1,7,1,2,6
SF,IH2003,2019-12-11 09:35:47.700,2937.6000,17332,0,168364920.000,0,-,-,-,-,2937.0000,2936.8000,2936.6000,2936.4000,2936.2000,2937.8000,2938.4000,2938.6000,2938.8000,2939.0000,1,5,3,3,3,1,7,1,2,6
SF,IH2003,2019-12-11 09:35:48.200,2937.6000,17332,0,168364920.000,0,-,-,-,-,2936.8000,2936.6000,2936.4000,2936.2000,2936.0000,2937.8000,2938.4000,2938.6000,2938.8000,2939.0000,4,3,3,3,1,1,7,1,2,6
SF,IH2003,2019-12-11 09:35:49.200,2936.8000,17332,0,169245960.000,1,0,1,多换,S,2936.8000,2936.6000,2936.4000,2936.2000,2936.0000,2937.8000,2938.4000,2938.6000,2938.8000,2939.0000,3,3,3,3,1,1,7,1,2,6
SF,IH2003,2019-12-11 09:35:50.700,2936.8000,17331,-1,170127000.000,1,0,1,双平,S,2936.8000,2936.6000,2936.4000,2936.2000,2936.0000,2937.8000,2938.4000,2938.6000,2938.8000,2939.0000,2,3,3,3,1,1,7,1,2,6
SF,IH2003,2019-12-11 09:35:53.700,2936.8000,17331,0,170127000.000,0,-,-,-,-,2936.8000,2936.6000,2936.4000,2936.2000,2936.0000,2937.8000,2938.4000,2938.6000,2938.8000,2939.0000,2,3,3,3,1,1,7,1,2,6
SF,IH2003,2019-12-11 09:35:54.700,2936.8000,17331,0,170127000.000,0,-,-,-,-,2936.8000,2936.6000,2936.4000,2936.2000,2936.0000,2937.8000,2938.4000,2938.6000,2938.8000,2939.0000,2,3,3,3,1,1,4,1,2,6
SF,IH2003,2019-12-11 09:35:55.700,2936.8000,17330,-1,171008040.000,1,0,1,双平,S,2936.8000,2936.6000,2936.4000,2936.2000,2936.0000,2937.8000,2938.4000,2938.6000,2938.8000,2939.0000,1,3,3,3,1,1,4,1,2,6
SF,IH2003,2019-12-11 09:35:56.200,2936.8000,17330,0,171008040.000,0,-,-,-,-,2937.0000,2936.8000,2936.6000,2936.4000,2936.2000,2937.8000,2938.4000,2938.6000,2938.8000,2939.0000,1,1,3,3,3,1,4,1,2,6
SF,IH2003,2019-12-11 09:35:56.700,2936.8000,17330,0,171008040.000,0,-,-,-,-,2937.0000,2936.8000,2936.6000,2936.4000,2936.2000,2937.6000,2937.8000,2938.4000,2938.6000,2938.8000,1,1,3,3,3,1,1,4,1,2
SF,IH2003,2019-12-11 09:35:58.200,2936.8000,17330,0,171008040.000,0,-,-,-,-,2937.0000,2936.8000,2936.6000,2936.4000,2936.2000,2937.6000,2937.8000,2938.4000,2938.6000,2938.8000,1,1,3,3,3,1,1,4,1,2
SF,IH2003,2019-12-11 09:36:02.200,2937.0000,17330,0,171889140.000,1,0,1,多换,S,2936.8000,2936.6000,2936.4000,2936.2000,2936.0000,2937.6000,2937.8000,2938.4000,2938.6000,2938.8000,1,3,3,3,1,1,1,4,1,2
SF,IH2003,2019-12-11 09:36:02.700,2937.0000,17330,0,171889140.000,0,-,-,-,-,2936.6000,2936.4000,2936.2000,2936.0000,2935.8000,2937.6000,2937.8000,2938.4000,2938.6000,2938.8000,3,3,3,1,1,1,1,4,1,2
SF,IH2003,2019-12-11 09:36:03.200,2937.0000,17330,0,171889140.000,0,-,-,-,-,2936.8000,2936.6000,2936.4000,2936.2000,2936.0000,2937.6000,2937.8000,2938.4000,2938.6000,2938.8000,1,3,3,3,1,1,1,4,1,2
SF,IH2003,2019-12-11 09:36:06.200,2937.0000,17330,0,171889140.000,0,-,-,-,-,2936.8000,2936.6000,2936.4000,2936.2000,2936.0000,2937.6000,2937.8000,2938.4000,2938.6000,2938.8000,1,3,3,3,1,1,1,4,1,2
SF,IH2003,2019-12-11 09:36:06.700,2937.0000,17330,0,171889140.000,0,-,-,-,-,2936.6000,2936.4000,2936.2000,2936.0000,2935.8000,2937.6000,2937.8000,2938.4000,2938.6000,2938.8000,3,3,3,1,1,1,1,4,1,2
SF,IH2003,2019-12-11 09:36:07.700,2937.6000,17330,0,172770420.000,1,0,1,多换,S,2936.8000,2936.6000,2936.4000,2936.2000,2936.0000,2937.8000,2938.4000,2938.6000,2938.8000,2939.0000,1,3,3,3,1,1,4,1,2,6
SF,IH2003,2019-12-11 09:36:08.200,2936.8000,17330,0,173651460.000,1,0,1,多换,S,2936.6000,2936.4000,2936.2000,2936.0000,2935.8000,2937.6000,2937.8000,2938.4000,2938.6000,2938.8000,3,3,3,1,1,1,1,4,1,2
SF,IH2003,2019-12-11 09:36:08.700,2937.6000,17330,0,174532740.000,1,0,1,多换,S,2936.8000,2936.6000,2936.4000,2936.2000,2936.0000,2937.8000,2938.4000,2938.6000,2938.8000,2939.0000,6,3,3,3,1,1,4,1,2,6
SF,IH2003,2019-12-11 09:36:09.200,2937.6000,17330,0,174532740.000,0,-,-,-,-,2936.8000,2936.6000,2936.4000,2936.2000,2936.0000,2937.8000,2938.4000,2938.6000,2938.8000,2939.0000,5,3,3,3,1,1,4,1,2,6
SF,IH2003,2019-12-11 09:36:09.700,2937.6000,17330,0,174532740.000,0,-,-,-,-,2937.0000,2936.8000,2936.6000,2936.4000,2936.2000,2937.8000,2938.4000,2938.6000,2938.8000,2939.0000,1,5,3,3,3,1,4,1,2,6
SF,IH2003,2019-12-11 09:36:10.700,2937.6000,17330,0,174532740.000,0,-,-,-,-,2937.0000,2936.8000,2936.6000,2936.4000,2936.2000,2937.8000,2938.4000,2938.6000,2938.8000,2939.0000,1,4,3,3,3,1,4,1,2,6
SF,IH2003,2019-12-11 09:36:14.200,2937.6000,17330,0,174532740.000,0,-,-,-,-,2937.0000,2936.6000,2936.4000,2936.2000,2936.0000,2937.8000,2938.4000,2938.6000,2938.8000,2939.0000,1,3,3,3,1,1,4,1,2,6
SF,IH2003,2019-12-11 09:36:15.700,2937.6000,17330,0,174532740.000,0,-,-,-,-,2937.6000,2936.6000,2936.4000,2936.2000,2936.0000,2937.8000,2938.4000,2938.6000,2938.8000,2939.0000,1,3,3,3,1,1,4,1,2,6
SF,IH2003,2019-12-11 09:36:16.200,2937.6000,17330,0,176295300.000,2,1,1,多换,S,2936.6000,2936.4000,2936.2000,2936.0000,2935.8000,2937.6000,2937.8000,2938.4000,2938.6000,2938.8000,3,3,3,2,1,4,1,2,1,2
SF,IH2003,2019-12-11 09:36:16.700,2937.6000,17330,0,176295300.000,0,-,-,-,-,2937.0000,2936.6000,2936.4000,2936.2000,2936.0000,2937.6000,2937.8000,2938.4000,2938.6000,2938.8000,1,3,3,3,2,3,1,2,1,2
SF,IH2003,2019-12-11 09:36:17.200,2937.6000,17330,0,176295300.000,0,-,-,-,-,2937.0000,2936.8000,2936.6000,2936.4000,2936.2000,2937.6000,2937.8000,2938.4000,2938.6000,2938.8000,1,4,3,3,3,3,1,2,1,2
SF,IH2003,2019-12-11 09:36:17.700,2937.6000,17330,0,176295300.000,0,-,-,-,-,2937.0000,2936.8000,2936.6000,2936.4000,2936.2000,2937.6000,2937.8000,2938.4000,2938.6000,2938.8000,2,4,3,3,3,2,1,2,1,2
SF,IH2003,2019-12-11 09:36:18.200,2937.6000,17328,-2,178057860.000,2,0,2,双平,S,2937.0000,2936.8000,2936.6000,2936.4000,2936.2000,2937.8000,2938.4000,2938.6000,2938.8000,2939.0000,2,4,3,3,3,1,2,1,2,6
SF,IH2003,2019-12-11 09:36:18.700,2937.6000,17328,0,178057860.000,0,-,-,-,-,2937.0000,2936.8000,2936.6000,2936.4000,2936.2000,2937.8000,2938.4000,2938.6000,2938.8000,2939.0000,2,4,3,3,3,1,2,1,2,6
SF,IH2003,2019-12-11 09:36:19.200,2937.6000,17328,0,178057860.000,0,-,-,-,-,2937.0000,2936.8000,2936.6000,2936.4000,2936.2000,2937.8000,2938.4000,2938.6000,2938.8000,2939.0000,1,4,3,3,3,1,2,1,2,6
SF,IH2003,2019-12-11 09:36:21.200,2937.6000,17328,0,178057860.000,0,-,-,-,-,2937.0000,2936.8000,2936.6000,2936.4000,2936.2000,2937.8000,2938.2000,2938.4000,2938.6000,2938.8000,1,4,3,3,3,1,1,2,1,2
SF,IH2003,2019-12-11 09:36:22.700,2937.6000,17328,0,178057860.000,0,-,-,-,-,2937.0000,2936.8000,2936.6000,2936.4000,2936.2000,2937.8000,2938.2000,2938.4000,2938.6000,2938.8000,1,2,3,3,3,1,1,2,1,2
SF,IH2003,2019-12-11 09:36:23.700,2937.8000,17328,0,178939200.000,1,0,1,多换,S,2937.0000,2936.8000,2936.6000,2936.4000,2936.2000,2938.2000,2938.4000,2938.6000,2938.8000,2939.0000,1,2,3,3,3,1,2,1,2,6
SF,IH2003,2019-12-11 09:36:24.200,2937.8000,17328,0,178939200.000,0,-,-,-,-,2937.0000,2936.8000,2936.6000,2936.4000,2936.2000,2938.0000,2938.2000,2938.4000,2938.6000,2938.8000,1,2,3,3,3,1,1,2,1,2
SF,IH2003,2019-12-11 09:36:24.700,2937.2000,17327,-1,179820360.000,1,0,1,双平,S,2937.0000,2936.8000,2936.6000,2936.4000,2936.2000,2938.2000,2938.4000,2938.6000,2938.8000,2939.0000,1,2,3,3,3,1,2,1,2,6
SF,IH2003,2019-12-11 09:36:25.700,2937.2000,17327,0,179820360.000,0,-,-,-,-,2937.0000,2936.8000,2936.6000,2936.4000,2936.2000,2938.0000,2938.2000,2938.4000,2938.6000,2938.8000,1,2,3,3,3,1,1,2,1,2
SF,IH2003,2019-12-11 09:36:26.200,2937.2000,17327,0,179820360.000,0,-,-,-,-,2936.8000,2936.6000,2936.4000,2936.2000,2936.0000,2938.0000,2938.2000,2938.4000,2938.6000,2938.8000,2,3,3,3,2,1,1,2,1,2
SF,IH2003,2019-12-11 09:36:26.700,2937.2000,17327,0,179820360.000,0,-,-,-,-,2937.0000,2936.8000,2936.6000,2936.4000,2936.2000,2938.2000,2938.4000,2938.6000,2938.8000,2939.0000,1,2,3,3,3,1,2,1,2,6
SF,IH2003,2019-12-11 09:36:27.200,2937.2000,17327,0,179820360.000,0,-,-,-,-,2937.0000,2936.8000,2936.6000,2936.4000,2936.2000,2937.8000,2938.2000,2938.4000,2938.6000,2938.8000,1,2,3,3,3,1,1,2,1,2
SF,IH2003,2019-12-11 09:36:27.700,2937.2000,17327,0,179820360.000,0,-,-,-,-,2936.8000,2936.6000,2936.4000,2936.2000,2936.0000,2937.8000,2938.0000,2938.2000,2938.4000,2938.6000,2,3,3,3,2,1,1,1,2,1
SF,IH2003,2019-12-11 09:36:28.700,2937.2000,17327,0,179820360.000,0,-,-,-,-,2937.0000,2936.8000,2936.6000,2936.4000,2936.2000,2937.8000,2938.2000,2938.4000,2938.6000,2938.8000,1,2,3,3,3,1,1,2,1,2
SF,IH2003,2019-12-11 09:36:30.200,2937.2000,17327,0,179820360.000,0,-,-,-,-,2937.0000,2936.8000,2936.6000,2936.4000,2936.2000,2938.2000,2938.4000,2938.6000,2938.8000,2939.0000,1,2,3,3,3,1,2,1,2,6
SF,IH2003,2019-12-11 09:36:30.700,2937.2000,17327,0,179820360.000,0,-,-,-,-,2936.8000,2936.6000,2936.4000,2936.2000,2936.0000,2938.0000,2938.2000,2938.4000,2938.6000,2938.8000,2,3,3,3,2,1,1,2,1,2
SF,IH2003,2019-12-11 09:36:31.200,2937.2000,17327,0,179820360.000,0,-,-,-,-,2936.8000,2936.6000,2936.4000,2936.2000,2936.0000,2938.0000,2938.2000,2938.4000,2938.6000,2938.8000,2,3,3,3,2,2,1,2,1,2
SF,IH2003,2019-12-11 09:36:31.700,2937.2000,17327,0,179820360.000,0,-,-,-,-,2937.0000,2936.8000,2936.6000,2936.4000,2936.2000,2938.0000,2938.2000,2938.4000,2938.6000,2938.8000,1,2,3,3,3,1,1,2,1,2
SF,IH2003,2019-12-11 09:36:33.200,2938.0000,17327,0,180701760.000,1,0,1,多换,S,2937.0000,2936.8000,2936.6000,2936.4000,2936.2000,2938.2000,2938.4000,2938.6000,2938.8000,2939.0000,1,2,3,3,3,1,2,1,2,6
SF,IH2003,2019-12-11 09:36:35.700,2938.0000,17327,0,180701760.000,0,-,-,-,-,2937.2000,2937.0000,2936.8000,2936.6000,2936.4000,2938.2000,2938.4000,2938.6000,2938.8000,2939.0000,1,1,2,3,3,1,2,1,2,6
SF,IH2003,2019-12-11 09:36:36.200,2938.0000,17327,0,180701760.000,0,-,-,-,-,2936.8000,2936.6000,2936.4000,2936.2000,2936.0000,2938.2000,2938.4000,2938.6000,2938.8000,2939.0000,2,3,3,3,2,1,2,1,2,6
SF,IH2003,2019-12-11 09:36:36.700,2938.0000,17327,0,180701760.000,0,-,-,-,-,2937.0000,2936.8000,2936.6000,2936.4000,2936.2000,2938.2000,2938.4000,2938.6000,2938.8000,2939.0000,2,2,3,3,3,1,2,1,2,6
SF,IH2003,2019-12-11 09:36:37.200,2938.2000,17326,-1,181583220.000,1,0,1,双平,S,2938.2000,2937.0000,2936.8000,2936.6000,2936.4000,2938.4000,2938.6000,2938.8000,2939.0000,2939.2000,1,2,2,3,3,2,1,2,6,1
SF,IH2003,2019-12-11 09:36:37.700,2938.2000,17325,-1,182464680.000,1,0,1,双平,S,2937.0000,2936.8000,2936.6000,2936.4000,2936.2000,2937.8000,2938.0000,2938.2000,2938.4000,2938.6000,1,2,3,3,3,2,2,6,2,1
SF,IH2003,2019-12-11 09:36:38.200,2938.2000,17325,0,182464680.000,0,-,-,-,-,2937.0000,2936.8000,2936.6000,2936.4000,2936.2000,2937.8000,2938.0000,2938.2000,2938.4000,2938.6000,1,2,3,3,3,2,1,5,2,1
SF,IH2003,2019-12-11 09:36:38.700,2938.2000,17325,0,182464680.000,0,-,-,-,-,2937.0000,2936.8000,2936.6000,2936.4000,2936.2000,2938.2000,2938.4000,2938.6000,2938.8000,2939.0000,1,2,3,3,3,5,2,1,2,6
SF,IH2003,2019-12-11 09:36:39.200,2938.2000,17325,0,182464680.000,0,-,-,-,-,2937.2000,2937.0000,2936.8000,2936.6000,2936.4000,2938.2000,2938.4000,2938.6000,2938.8000,2939.0000,1,1,2,3,3,5,2,1,2,6
SF,IH2003,2019-12-11 09:36:39.700,2938.2000,17325,0,182464680.000,0,-,-,-,-,2937.2000,2937.0000,2936.8000,2936.6000,2936.4000,2938.2000,2938.4000,2938.6000,2938.8000,2939.0000,3,1,2,3,3,5,2,1,2,6
SF,IH2003,2019-12-11 09:36:40.200,2938.2000,17325,0,182464680.000,0,-,-,-,-,2937.2000,2937.0000,2936.8000,2936.6000,2936.4000,2938.0000,2938.2000,2938.4000,2938.6000,2938.8000,3,1,2,3,3,2,5,2,1,2
SF,IH2003,2019-12-11 09:36:40.700,2938.2000,17325,0,182464680.000,0,-,-,-,-,2937.2000,2937.0000,2936.8000,2936.6000,2936.4000,2938.0000,2938.2000,2938.4000,2938.6000,2938.8000,2,1,2,3,3,2,5,4,1,2
SF,IH2003,2019-12-11 09:36:41.200,2938.2000,17325,0,182464680.000,0,-,-,-,-,2936.8000,2936.6000,2936.4000,2936.2000,2936.0000,2938.0000,2938.2000,2938.4000,2938.6000,2938.8000,2,3,3,3,2,2,5,4,1,2
SF,IH2003,2019-12-11 09:36:41.700,2938.2000,17325,0,182464680.000,0,-,-,-,-,2937.0000,2936.8000,2936.6000,2936.4000,2936.2000,2938.2000,2938.4000,2938.6000,2938.8000,2939.0000,2,2,3,3,3,5,4,1,2,6
SF,IH2003,2019-12-11 09:36:42.200,2938.2000,17325,0,182464680.000,0,-,-,-,-,2937.0000,2936.8000,2936.6000,2936.4000,2936.2000,2938.2000,2938.4000,2938.6000,2938.8000,2939.0000,1,2,3,3,3,5,4,1,2,6
SF,IH2003,2019-12-11 09:36:44.700,2938.2000,17325,0,182464680.000,0,-,-,-,-,2937.0000,2936.8000,2936.6000,2936.4000,2936.2000,2938.2000,2938.4000,2938.6000,2938.8000,2939.0000,1,2,3,3,3,3,4,1,2,6
SF,IH2003,2019-12-11 09:36:45.200,2938.2000,17325,0,182464680.000,0,-,-,-,-,2937.2000,2937.0000,2936.8000,2936.6000,2936.4000,2938.2000,2938.4000,2938.6000,2938.8000,2939.0000,1,1,2,3,3,3,4,1,2,6
SF,IH2003,2019-12-11 09:36:45.700,2938.2000,17325,0,182464680.000,0,-,-,-,-,2937.2000,2936.8000,2936.6000,2936.4000,2936.2000,2938.0000,2938.2000,2938.4000,2938.6000,2938.8000,1,2,3,3,3,2,3,4,1,2
SF,IH2003,2019-12-11 09:36:46.200,2937.2000,17324,-1,183345840.000,1,0,1,双平,S,2936.8000,2936.6000,2936.4000,2936.2000,2936.0000,2937.2000,2938.0000,2938.2000,2938.4000,2938.6000,2,3,3,3,2,2,2,3,4,1
SF,IH2003,2019-12-11 09:36:46.700,2937.2000,17322,-2,185108160.000,2,0,2,双平,S,2937.4000,2937.2000,2936.8000,2936.6000,2936.4000,2938.2000,2938.4000,2938.6000,2938.8000,2939.0000,2,6,2,3,3,3,4,1,2,6
SF,IH2003,2019-12-11 09:36:47.200,2937.2000,17322,0,185108160.000,0,-,-,-,-,2937.4000,2937.2000,2937.0000,2936.8000,2936.6000,2938.2000,2938.4000,2938.6000,2938.8000,2939.0000,1,2,2,2,3,3,4,1,2,6
SF,IH2003,2019-12-11 09:36:47.700,2937.2000,17322,0,185108160.000,0,-,-,-,-,2937.2000,2937.0000,2936.8000,2936.6000,2936.4000,2938.2000,2938.4000,2938.6000,2938.8000,2939.0000,2,2,2,3,3,3,4,1,2,6
SF,IH2003,2019-12-11 09:36:48.200,2937.2000,17322,0,185108160.000,0,-,-,-,-,2937.2000,2937.0000,2936.8000,2936.6000,2936.4000,2938.0000,2938.2000,2938.4000,2938.6000,2938.8000,2,2,2,3,3,2,3,4,1,2
SF,IH2003,2019-12-11 09:36:49.200,2937.2000,17322,0,185108160.000,0,-,-,-,-,2937.2000,2937.0000,2936.8000,2936.6000,2936.4000,2938.2000,2938.4000,2938.6000,2938.8000,2939.0000,2,2,2,3,3,3,4,1,2,6
SF,IH2003,2019-12-11 09:36:49.700,2937.2000,17321,-1,185989320.000,1,0,1,双平,S,2937.0000,2936.8000,2936.6000,2936.4000,2936.2000,2938.0000,2938.2000,2938.4000,2938.6000,2938.8000,2,2,3,3,3,2,3,4,1,2
SF,IH2003,2019-12-11 09:36:50.700,2937.2000,17321,0,185989320.000,0,-,-,-,-,2937.0000,2936.8000,2936.6000,2936.4000,2936.2000,2938.0000,2938.2000,2938.4000,2938.6000,2938.8000,2,2,4,3,3,2,3,4,1,2
SF,IH2003,2019-12-11 09:36:51.700,2937.2000,17321,0,185989320.000,0,-,-,-,-,2937.0000,2936.8000,2936.6000,2936.4000,2936.2000,2938.2000,2938.4000,2938.6000,2938.8000,2939.0000,2,2,4,3,3,3,4,1,2,6
SF,IH2003,2019-12-11 09:36:52.200,2937.2000,17321,0,185989320.000,0,-,-,-,-,2937.0000,2936.8000,2936.6000,2936.4000,2936.2000,2938.0000,2938.2000,2938.4000,2938.6000,2938.8000,2,2,4,3,3,4,3,4,1,2
SF,IH2003,2019-12-11 09:36:52.700,2937.2000,17321,0,185989320.000,0,-,-,-,-,2937.0000,2936.8000,2936.6000,2936.4000,2936.2000,2938.0000,2938.2000,2938.4000,2938.6000,2938.8000,2,2,4,3,3,4,3,4,1,2
SF,IH2003,2019-12-11 09:36:53.200,2937.2000,17321,0,185989320.000,0,-,-,-,-,2937.0000,2936.8000,2936.6000,2936.4000,2936.2000,2938.0000,2938.2000,2938.4000,2938.6000,2938.8000,2,2,4,3,3,2,3,4,1,2
SF,IH2003,2019-12-11 09:36:53.700,2937.2000,17321,0,185989320.000,0,-,-,-,-,2937.0000,2936.8000,2936.6000,2936.4000,2936.2000,2938.0000,2938.2000,2938.4000,2938.6000,2938.8000,2,2,4,3,3,2,3,4,1,2
SF,IH2003,2019-12-11 09:36:56.200,2937.2000,17321,0,185989320.000,0,-,-,-,-,2937.2000,2937.0000,2936.8000,2936.6000,2936.4000,2938.0000,2938.2000,2938.4000,2938.8000,2939.0000,2,2,2,4,3,3,3,4,2,6
SF,IH2003,2019-12-11 09:36:57.200,2938.0000,17321,0,186870720.000,1,0,1,多换,S,2937.2000,2937.0000,2936.8000,2936.6000,2936.4000,2938.0000,2938.2000,2938.4000,2938.8000,2939.0000,2,2,2,4,3,1,3,4,2,6
SF,IH2003,2019-12-11 09:36:57.700,2938.0000,17321,0,186870720.000,0,-,-,-,-,2937.2000,2937.0000,2936.8000,2936.6000,2936.4000,2938.0000,2938.2000,2938.4000,2938.8000,2939.0000,2,2,2,4,3,1,3,4,2,6
SF,IH2003,2019-12-11 09:37:03.700,2937.2000,17321,0,187751880.000,1,0,1,多换,S,2937.2000,2937.0000,2936.8000,2936.6000,2936.4000,2938.0000,2938.2000,2938.4000,2938.8000,2939.0000,1,2,2,4,3,1,3,4,2,6
SF,IH2003,2019-12-11 09:37:04.700,2937.2000,17321,0,187751880.000,0,-,-,-,-,2937.2000,2937.0000,2936.8000,2936.6000,2936.4000,2938.0000,2938.2000,2938.4000,2938.8000,2939.0000,4,2,2,4,3,1,3,4,2,6
SF,IH2003,2019-12-11 09:37:06.200,2937.2000,17321,0,187751880.000,0,-,-,-,-,2937.2000,2937.0000,2936.8000,2936.6000,2936.4000,2938.0000,2938.2000,2938.4000,2938.8000,2939.0000,4,5,2,4,3,1,3,4,2,6
SF,IH2003,2019-12-11 09:37:07.700,2937.2000,17321,0,187751880.000,0,-,-,-,-,2937.2000,2937.0000,2936.8000,2936.6000,2936.4000,2938.0000,2938.2000,2938.4000,2938.8000,2939.0000,4,5,5,4,3,1,3,4,2,6
SF,IH2003,2019-12-11 09:37:09.700,2938.0000,17321,0,188633280.000,1,0,1,多换,S,2937.2000,2937.0000,2936.8000,2936.6000,2936.4000,2938.2000,2938.4000,2938.8000,2939.0000,2939.2000,4,5,5,4,3,3,4,2,6,1
SF,IH2003,2019-12-11 09:37:10.200,2938.0000,17321,0,188633280.000,0,-,-,-,-,2937.4000,2937.2000,2937.0000,2936.8000,2936.6000,2938.2000,2938.4000,2938.8000,2939.0000,2939.2000,1,4,5,5,4,3,4,2,6,1
SF,IH2003,2019-12-11 09:37:11.700,2938.0000,17321,0,188633280.000,0,-,-,-,-,2937.4000,2937.2000,2937.0000,2936.8000,2936.6000,2938.2000,2938.4000,2938.8000,2939.0000,2939.2000,1,4,5,5,4,3,4,2,6,1
SF,IH2003,2019-12-11 09:37:12.700,2938.0000,17321,0,188633280.000,0,-,-,-,-,2937.4000,2937.2000,2937.0000,2936.8000,2936.6000,2938.2000,2938.4000,2938.8000,2939.0000,2939.2000,1,4,5,5,4,2,4,2,6,1
SF,IH2003,2019-12-11 09:37:13.200,2938.0000,17321,0,188633280.000,0,-,-,-,-,2937.4000,2937.2000,2937.0000,2936.8000,2936.6000,2938.2000,2938.4000,2938.8000,2939.0000,2939.2000,1,4,5,5,4,2,4,2,6,1
SF,IH2003,2019-12-11 09:37:13.700,2937.4000,17322,1,189514500.000,1,1,0,双开,S,2937.2000,2937.0000,2936.8000,2936.6000,2936.4000,2938.2000,2938.4000,2938.8000,2939.0000,2939.2000,4,5,5,4,3,2,4,2,6,1
SF,IH2003,2019-12-11 09:37:14.200,2937.4000,17322,0,189514500.000,0,-,-,-,-,2937.4000,2937.2000,2937.0000,2936.8000,2936.6000,2938.2000,2938.4000,2938.8000,2939.0000,2939.2000,2,4,5,5,4,2,4,2,6,1
SF,IH2003,2019-12-11 09:37:15.200,2937.4000,17322,0,189514500.000,0,-,-,-,-,2937.4000,2937.2000,2937.0000,2936.8000,2936.6000,2938.2000,2938.4000,2938.8000,2939.0000,2939.2000,1,4,5,5,4,2,4,2,6,1
SF,IH2003,2019-12-11 09:37:17.200,2937.4000,17322,0,189514500.000,0,-,-,-,-,2937.4000,2937.2000,2937.0000,2936.8000,2936.6000,2938.0000,2938.2000,2938.4000,2938.8000,2939.0000,1,4,5,5,4,1,2,4,2,6
SF,IH2003,2019-12-11 09:37:18.700,2937.4000,17322,0,189514500.000,0,-,-,-,-,2937.4000,2937.2000,2937.0000,2936.8000,2936.6000,2938.0000,2938.2000,2938.4000,2938.8000,2939.0000,1,4,5,5,4,1,2,4,2,6
SF,IH2003,2019-12-11 09:37:23.700,2938.0000,17321,-1,190395900.000,1,0,1,双平,S,2937.4000,2937.2000,2937.0000,2936.8000,2936.6000,2938.0000,2938.2000,2938.4000,2938.8000,2939.0000,1,4,5,5,4,1,2,4,2,6
SF,IH2003,2019-12-11 09:37:24.200,2938.0000,17320,-1,191277300.000,1,0,1,双平,S,2937.4000,2937.2000,2937.0000,2936.8000,2936.6000,2938.2000,2938.4000,2938.8000,2939.0000,2939.2000,1,4,5,5,4,2,4,2,6,1
SF,IH2003,2019-12-11 09:37:24.700,2938.0000,17320,0,191277300.000,0,-,-,-,-,2938.2000,2937.4000,2937.2000,2937.0000,2936.8000,2938.4000,2938.8000,2939.0000,2939.2000,2939.4000,1,1,4,5,5,4,2,6,1,1
SF,IH2003,2019-12-11 09:37:25.200,2938.4000,17317,-3,193921740.000,3,0,3,双平,S,2937.4000,2937.2000,2937.0000,2936.8000,2936.6000,2938.4000,2938.8000,2939.0000,2939.2000,2939.4000,1,4,5,5,4,3,2,6,1,1
SF,IH2003,2019-12-11 09:37:25.700,2938.4000,17317,0,193921740.000,0,-,-,-,-,2937.4000,2937.2000,2937.0000,2936.8000,2936.6000,2938.2000,2938.4000,2938.8000,2939.0000,2939.2000,2,4,5,5,4,1,3,2,6,1
SF,IH2003,2019-12-11 09:37:26.200,2938.4000,17317,0,193921740.000,0,-,-,-,-,2937.4000,2937.2000,2937.0000,2936.8000,2936.6000,2938.4000,2938.8000,2939.0000,2939.2000,2939.4000,2,4,5,5,4,3,2,6,1,1
SF,IH2003,2019-12-11 09:37:27.700,2938.4000,17317,0,193921740.000,0,-,-,-,-,2937.4000,2937.2000,2937.0000,2936.8000,2936.6000,2938.2000,2938.4000,2938.8000,2939.0000,2939.2000,1,4,5,5,4,2,3,2,6,1
SF,IH2003,2019-12-11 09:37:28.700,2938.4000,17317,0,193921740.000,0,-,-,-,-,2937.4000,2937.2000,2937.0000,2936.8000,2936.6000,2938.4000,2938.8000,2939.0000,2939.2000,2939.4000,1,4,5,5,4,3,2,6,1,1
SF,IH2003,2019-12-11 09:37:29.200,2938.4000,17317,0,193921740.000,0,-,-,-,-,2937.4000,2937.2000,2937.0000,2936.8000,2936.6000,2938.2000,2938.4000,2938.8000,2939.0000,2939.2000,1,4,5,5,4,2,3,2,6,1
SF,IH2003,2019-12-11 09:37:30.200,2938.4000,17317,0,193921740.000,0,-,-,-,-,2937.4000,2937.2000,2937.0000,2936.8000,2936.6000,2938.4000,2938.8000,2939.0000,2939.2000,2939.4000,1,4,5,5,4,3,2,6,1,1
SF,IH2003,2019-12-11 09:37:31.200,2938.4000,17317,0,193921740.000,0,-,-,-,-,2937.4000,2937.2000,2937.0000,2936.8000,2936.6000,2938.4000,2938.8000,2939.0000,2939.2000,2939.4000,1,4,5,5,4,3,2,6,1,1
SF,IH2003,2019-12-11 09:37:31.700,2938.4000,17317,0,193921740.000,0,-,-,-,-,2937.4000,2937.2000,2937.0000,2936.8000,2936.6000,2938.2000,2938.4000,2938.8000,2939.0000,2939.2000,1,4,6,5,4,2,3,2,6,1
SF,IH2003,2019-12-11 09:37:32.200,2938.4000,17317,0,193921740.000,0,-,-,-,-,2937.6000,2937.4000,2937.2000,2937.0000,2936.8000,2938.2000,2938.4000,2938.8000,2939.0000,2939.2000,2,1,4,6,5,2,3,2,6,1
SF,IH2003,2019-12-11 09:37:32.700,2938.4000,17317,0,194803260.000,1,0,1,多换,S,2937.6000,2937.4000,2937.2000,2937.0000,2936.8000,2938.2000,2938.4000,2938.8000,2939.0000,2939.2000,1,1,4,6,5,2,3,2,6,1
SF,IH2003,2019-12-11 09:37:33.700,2938.4000,17317,0,194803260.000,0,-,-,-,-,2937.6000,2937.4000,2937.2000,2937.0000,2936.8000,2938.4000,2938.8000,2939.0000,2939.2000,2939.4000,1,1,4,5,5,3,2,6,1,1
SF,IH2003,2019-12-11 09:37:35.200,2938.4000,17317,0,194803260.000,0,-,-,-,-,2938.2000,2937.6000,2937.4000,2937.2000,2937.0000,2938.4000,2938.8000,2939.0000,2939.2000,2939.4000,1,1,1,4,5,3,2,6,1,1
SF,IH2003,2019-12-11 09:37:35.700,2938.2000,17317,0,195684720.000,1,0,1,多换,S,2937.6000,2937.4000,2937.2000,2937.0000,2936.8000,2938.2000,2938.4000,2938.8000,2939.0000,2939.2000,1,1,4,5,5,6,3,2,6,1
SF,IH2003,2019-12-11 09:37:36.200,2938.2000,17317,0,195684720.000,0,-,-,-,-,2937.6000,2937.4000,2937.2000,2937.0000,2936.8000,2938.2000,2938.4000,2938.8000,2939.0000,2939.2000,1,1,4,5,5,6,3,2,6,1
SF,IH2003,2019-12-11 09:37:41.200,2937.6000,17317,0,196566000.000,1,0,1,多换,S,2937.4000,2937.2000,2937.0000,2936.8000,2936.6000,2938.2000,2938.4000,2938.8000,2939.0000,2939.2000,1,4,5,5,4,6,3,2,6,1
SF,IH2003,2019-12-11 09:37:42.700,2937.6000,17317,0,196566000.000,0,-,-,-,-,2937.4000,2937.2000,2937.0000,2936.8000,2936.6000,2938.2000,2938.4000,2938.8000,2939.0000,2939.2000,1,4,5,5,4,4,3,2,6,1
SF,IH2003,2019-12-11 09:37:43.700,2937.6000,17317,0,196566000.000,0,-,-,-,-,2937.4000,2937.2000,2937.0000,2936.8000,2936.6000,2938.2000,2938.4000,2938.8000,2939.0000,2939.2000,1,4,6,5,4,4,3,2,6,1
SF,IH2003,2019-12-11 09:37:44.200,2938.2000,17317,0,197447460.000,1,0,1,多换,S,2937.4000,2937.2000,2937.0000,2936.8000,2936.6000,2938.2000,2938.4000,2938.8000,2939.0000,2939.2000,1,4,6,5,4,3,3,2,6,1
SF,IH2003,2019-12-11 09:37:46.700,2938.2000,17317,0,197447460.000,0,-,-,-,-,2937.6000,2937.4000,2937.2000,2937.0000,2936.8000,2938.2000,2938.4000,2938.8000,2939.0000,2939.2000,1,1,4,6,5,3,3,2,6,1
SF,IH2003,2019-12-11 09:37:47.200,2938.2000,17317,0,197447460.000,0,-,-,-,-,2937.4000,2937.2000,2937.0000,2936.8000,2936.6000,2938.2000,2938.4000,2938.8000,2939.0000,2939.2000,1,4,6,5,4,3,3,2,6,1
SF,IH2003,2019-12-11 09:37:49.700,2938.2000,17317,0,197447460.000,0,-,-,-,-,2937.6000,2937.4000,2937.2000,2937.0000,2936.8000,2938.2000,2938.4000,2938.8000,2939.0000,2939.2000,1,1,4,6,5,3,3,2,6,1
SF,IH2003,2019-12-11 09:37:50.200,2938.2000,17317,0,197447460.000,0,-,-,-,-,2937.4000,2937.2000,2937.0000,2936.8000,2936.6000,2938.2000,2938.4000,2938.8000,2939.0000,2939.2000,1,4,6,5,4,3,3,2,6,1
SF,IH2003,2019-12-11 09:37:50.700,2938.2000,17317,0,197447460.000,0,-,-,-,-,2937.6000,2937.4000,2937.2000,2937.0000,2936.8000,2938.2000,2938.4000,2938.8000,2939.0000,2939.2000,1,1,4,6,5,3,3,2,6,1
SF,IH2003,2019-12-11 09:37:51.200,2938.2000,17317,0,197447460.000,0,-,-,-,-,2937.4000,2937.2000,2937.0000,2936.8000,2936.6000,2938.2000,2938.4000,2938.8000,2939.0000,2939.2000,1,4,6,5,4,3,3,2,6,1
SF,IH2003,2019-12-11 09:37:55.200,2937.4000,17316,-1,198328680.000,1,0,1,双平,S,2937.2000,2937.0000,2936.8000,2936.6000,2936.4000,2938.2000,2938.4000,2938.8000,2939.0000,2939.2000,4,6,5,4,3,3,3,2,6,1
SF,IH2003,2019-12-11 09:37:55.700,2937.4000,17316,0,198328680.000,0,-,-,-,-,2938.0000,2937.4000,2937.2000,2937.0000,2936.8000,2938.2000,2938.4000,2938.8000,2939.0000,2939.2000,1,1,4,6,5,3,3,2,6,1
SF,IH2003,2019-12-11 09:37:56.200,2938.0000,17316,0,199210080.000,1,0,1,多换,S,2937.4000,2937.2000,2937.0000,2936.8000,2936.6000,2938.0000,2938.2000,2938.4000,2938.8000,2939.0000,1,4,6,5,4,6,1,3,2,6
SF,IH2003,2019-12-11 09:37:56.700,2938.0000,17316,0,199210080.000,0,-,-,-,-,2937.6000,2937.2000,2937.0000,2936.8000,2936.6000,2938.0000,2938.2000,2938.4000,2938.8000,2939.0000,1,4,6,5,4,5,1,3,2,6
SF,IH2003,2019-12-11 09:37:59.700,2938.0000,17316,0,199210080.000,0,-,-,-,-,2937.2000,2937.0000,2936.8000,2936.6000,2936.4000,2938.0000,2938.2000,2938.4000,2938.8000,2939.0000,4,6,5,4,3,5,1,3,2,6
