市场代码,合约代码,时间,最新,持仓,增仓,成交额,成交量,开仓,平仓,成交类型,方向,买一价,买二价,买三价,买四价,买五价,卖一价,卖二价,卖三价,卖四价,卖五价,买一量,买二量,买三量,买四量,买五量,卖一量,卖二量,卖三量,卖四量,卖五量
SF,IH2007,2020-06-04 09:29:00.200,2834.0000,6894,0,850200.000,1.000,-,-,-,-,2832.2000,2832.0000,2831.8000,2831.0000,2830.0000,2835.0000,2835.2000,2838.0000,2839.0000,2840.0000,1,4,1,1,3,1,1,1,1,13
SF,IH2007,2020-06-04 09:30:00.200,2834.0000,6893,-1,1700400.000,1,0,1,双平,S,2832.0000,2831.8000,2831.0000,2830.0000,2826.0000,2834.8000,2835.0000,2835.2000,2836.0000,2837.0000,4,1,1,3,1,4,1,1,2,1
SF,IH2007,2020-06-04 09:30:00.700,2834.8000,6890,-3,5102040.000,4,0,4,多平,S,2834.0000,2832.4000,2832.2000,2832.0000,2831.0000,2834.8000,2835.0000,2835.2000,2836.0000,2837.0000,2,1,5,2,1,1,1,1,2,1
SF,IH2007,2020-06-04 09:30:01.200,2834.0000,6887,-3,7652640.000,3,0,3,双平,S,2832.6000,2832.4000,2832.2000,2832.0000,2831.0000,2835.0000,2835.2000,2836.0000,2837.0000,2838.0000,1,1,3,2,1,1,1,2,1,2
SF,IH2007,2020-06-04 09:30:01.700,2834.0000,6887,0,7652640.000,0,-,-,-,-,2834.8000,2832.8000,2832.6000,2832.4000,2831.0000,2835.0000,2835.2000,2836.0000,2837.0000,2838.0000,1,4,2,1,1,1,1,2,1,2
SF,IH2007,2020-06-04 09:30:02.200,2834.0000,6886,-1,9353280.000,2,0,2,多平,S,2834.0000,2832.8000,2832.6000,2832.4000,2831.0000,2835.0000,2835.2000,2836.0000,2837.0000,2838.0000,1,4,2,1,1,1,1,2,1,2
SF,IH2007,2020-06-04 09:30:02.700,2834.4000,6884,-2,11054100.000,2,0,2,双平,S,2834.0000,2832.8000,2832.6000,2832.4000,2831.0000,2835.2000,2836.0000,2837.0000,2838.0000,2839.0000,1,4,2,1,1,1,2,1,2,1
SF,IH2007,2020-06-04 09:30:03.200,2834.0000,6883,-1,11904300.000,1,0,1,双平,S,2834.6000,2834.2000,2832.8000,2832.6000,2831.0000,2835.2000,2836.0000,2837.0000,2838.0000,2839.0000,1,1,4,2,1,1,2,1,2,1
SF,IH2007,2020-06-04 09:30:03.700,2834.0000,6883,0,11904300.000,0,-,-,-,-,2834.2000,2832.8000,2832.6000,2831.0000,2830.0000,2835.2000,2836.0000,2837.0000,2838.0000,2839.0000,1,4,1,1,3,1,2,1,2,1
SF,IH2007,2020-06-04 09:30:04.200,2834.0000,6883,0,11904300.000,0,-,-,-,-,2834.2000,2832.8000,2832.6000,2831.0000,2830.0000,2835.2000,2836.0000,2837.0000,2838.0000,2839.0000,1,4,1,1,3,1,2,1,2,1
SF,IH2007,2020-06-04 09:30:04.700,2835.2000,6882,-1,12754860.000,1,0,1,双平,S,2834.2000,2832.8000,2832.6000,2831.0000,2830.0000,2836.0000,2837.0000,2838.0000,2839.0000,2840.0000,1,4,1,1,3,2,1,2,1,13
SF,IH2007,2020-06-04 09:30:05.200,2835.2000,6882,0,12754860.000,0,-,-,-,-,2834.4000,2834.2000,2832.8000,2832.6000,2831.0000,2836.0000,2837.0000,2838.0000,2839.0000,2840.0000,1,1,3,1,1,2,1,2,1,13
SF,IH2007,2020-06-04 09:30:05.700,2835.0000,6880,-2,15306960.000,3,0,3,多平,S,2835.0000,2834.4000,2834.2000,2832.8000,2832.6000,2837.0000,2838.0000,2839.0000,2840.0000,2842.0000,1,3,2,3,1,1,2,1,13,1
SF,IH2007,2020-06-04 09:30:06.200,2835.0000,6879,-1,16157460.000,1,0,1,双平,S,2834.2000,2832.8000,2832.6000,2831.0000,2830.0000,2836.8000,2837.0000,2838.0000,2839.0000,2840.0000,1,3,1,1,3,4,1,2,1,13
SF,IH2007,2020-06-04 09:30:06.700,2835.0000,6879,0,16157460.000,0,-,-,-,-,2834.2000,2832.8000,2832.6000,2831.0000,2830.0000,2835.0000,2836.8000,2837.0000,2838.0000,2839.0000,2,3,1,1,3,1,4,1,2,1
SF,IH2007,2020-06-04 09:30:07.200,2835.0000,6878,-1,17007960.000,1,0,1,双平,S,2834.2000,2832.8000,2832.6000,2831.0000,2830.0000,2836.8000,2837.0000,2838.0000,2839.0000,2840.0000,1,3,1,1,3,2,1,2,1,13
SF,IH2007,2020-06-04 09:30:07.700,2835.0000,6878,0,17007960.000,0,-,-,-,-,2834.2000,2832.8000,2832.6000,2831.0000,2830.0000,2835.0000,2836.8000,2837.0000,2838.0000,2839.0000,2,3,1,1,3,1,2,1,2,1
SF,IH2007,2020-06-04 09:30:08.200,2835.0000,6877,-1,17858460.000,1,0,1,双平,S,2834.2000,2832.8000,2831.0000,2830.0000,2827.2000,2836.8000,2837.0000,2837.2000,2838.0000,2839.0000,2,3,1,3,5,2,1,1,2,1
SF,IH2007,2020-06-04 09:30:08.700,2835.0000,6877,0,17858460.000,0,-,-,-,-,2834.6000,2834.2000,2832.8000,2831.0000,2830.0000,2836.8000,2837.0000,2837.2000,2838.0000,2839.0000,1,2,3,1,3,2,1,1,2,1
SF,IH2007,2020-06-04 09:30:09.200,2835.0000,6877,0,17858460.000,0,-,-,-,-,2834.6000,2834.2000,2832.8000,2831.0000,2830.0000,2836.8000,2837.0000,2837.2000,2838.0000,2839.0000,1,2,3,1,3,2,1,1,2,1
SF,IH2007,2020-06-04 09:30:10.200,2835.0000,6877,0,17858460.000,0,-,-,-,-,2834.2000,2832.8000,2831.0000,2830.0000,2827.2000,2836.8000,2837.0000,2837.2000,2838.0000,2839.0000,1,3,1,3,5,2,1,1,2,1
SF,IH2007,2020-06-04 09:30:10.700,2834.2000,6876,-1,18708720.000,1,0,1,双平,S,2832.8000,2831.0000,2830.0000,2827.2000,2825.4000,2836.2000,2836.4000,2836.6000,2836.8000,2837.0000,3,1,3,5,1,1,3,7,2,1
SF,IH2007,2020-06-04 09:30:11.200,2834.2000,6876,0,18708720.000,0,-,-,-,-,2833.6000,2833.0000,2832.8000,2831.0000,2830.0000,2836.0000,2836.2000,2836.4000,2836.6000,2837.0000,1,1,4,1,3,3,1,3,7,1
SF,IH2007,2020-06-04 09:30:11.700,2834.2000,6876,0,18708720.000,0,-,-,-,-,2833.6000,2833.0000,2832.8000,2831.0000,2830.0000,2836.0000,2836.2000,2836.4000,2836.6000,2837.0000,1,1,4,1,3,3,1,3,7,1
SF,IH2007,2020-06-04 09:30:12.200,2833.6000,6875,-1,19558800.000,1,0,1,双平,S,2832.8000,2831.0000,2830.0000,2827.2000,2825.4000,2836.0000,2836.2000,2836.4000,2836.6000,2837.0000,4,1,3,5,1,3,1,3,7,1
SF,IH2007,2020-06-04 09:30:12.700,2833.6000,6875,0,19558800.000,0,-,-,-,-,2833.0000,2832.8000,2831.0000,2830.0000,2827.2000,2835.8000,2836.0000,2836.6000,2837.0000,2837.2000,2,3,1,3,5,2,2,5,1,1
SF,IH2007,2020-06-04 09:30:13.200,2833.6000,6875,0,19558800.000,0,-,-,-,-,2833.2000,2832.8000,2831.0000,2830.0000,2827.2000,2835.6000,2835.8000,2836.0000,2836.6000,2837.0000,3,1,1,3,5,1,2,1,5,1
SF,IH2007,2020-06-04 09:30:13.700,2833.6000,6875,0,19558800.000,0,-,-,-,-,2833.4000,2833.2000,2832.8000,2831.0000,2830.0000,2835.6000,2835.8000,2836.0000,2836.6000,2837.0000,1,2,1,1,3,1,2,1,5,1
SF,IH2007,2020-06-04 09:30:14.200,2833.6000,6875,0,19558800.000,0,-,-,-,-,2833.6000,2833.4000,2833.2000,2831.0000,2830.0000,2835.6000,2836.0000,2836.6000,2837.0000,2837.2000,2,1,2,1,3,1,1,5,1,1
SF,IH2007,2020-06-04 09:30:14.700,2833.6000,6875,0,19558800.000,0,-,-,-,-,2833.8000,2833.6000,2833.2000,2831.0000,2830.0000,2835.6000,2836.0000,2836.6000,2837.0000,2837.2000,1,2,2,1,3,1,1,5,1,1
SF,IH2007,2020-06-04 09:30:15.200,2833.6000,6875,0,19558800.000,0,-,-,-,-,2833.8000,2833.6000,2833.2000,2831.0000,2830.0000,2835.6000,2836.0000,2836.6000,2837.0000,2837.2000,1,1,2,1,3,1,1,5,1,1
SF,IH2007,2020-06-04 09:30:15.700,2833.6000,6875,0,19558800.000,0,-,-,-,-,2834.0000,2833.8000,2833.6000,2833.2000,2830.0000,2835.6000,2836.0000,2836.6000,2837.0000,2837.2000,1,1,1,1,3,1,1,5,1,1
SF,IH2007,2020-06-04 09:30:16.200,2834.2000,6874,-1,21259740.000,2,0,2,多平,S,2834.0000,2833.8000,2833.6000,2833.2000,2830.0000,2836.0000,2836.6000,2837.0000,2837.2000,2837.4000,1,1,1,1,3,1,5,1,1,1
SF,IH2007,2020-06-04 09:30:16.700,2834.2000,6874,0,21259740.000,0,-,-,-,-,2834.2000,2834.0000,2833.8000,2833.2000,2830.0000,2836.0000,2836.6000,2837.0000,2837.2000,2837.4000,1,1,1,1,3,1,5,1,1,1
SF,IH2007,2020-06-04 09:30:17.200,2834.2000,6873,-1,22110000.000,1,0,1,双平,S,2834.0000,2833.2000,2830.0000,2827.2000,2825.4000,2835.8000,2836.0000,2836.6000,2837.0000,2837.2000,1,1,3,5,1,1,1,5,1,1
SF,IH2007,2020-06-04 09:30:17.700,2834.2000,6873,0,22110000.000,0,-,-,-,-,2834.0000,2833.2000,2830.0000,2827.2000,2825.4000,2835.8000,2836.0000,2836.6000,2837.0000,2837.2000,1,1,3,5,1,1,1,5,1,1
SF,IH2007,2020-06-04 09:30:18.200,2834.2000,6873,0,22110000.000,0,-,-,-,-,2833.2000,2830.0000,2827.2000,2825.4000,2824.2000,2835.8000,2836.0000,2836.6000,2837.0000,2837.2000,1,3,5,1,4,1,1,5,1,1
SF,IH2007,2020-06-04 09:30:18.700,2834.2000,6873,0,22110000.000,0,-,-,-,-,2833.6000,2833.4000,2833.2000,2830.0000,2827.2000,2835.8000,2836.0000,2836.6000,2837.0000,2837.2000,1,5,3,3,5,1,1,5,1,1
SF,IH2007,2020-06-04 09:30:19.200,2834.2000,6873,0,22110000.000,0,-,-,-,-,2833.8000,2833.6000,2833.4000,2833.2000,2830.0000,2835.8000,2836.0000,2836.6000,2837.0000,2837.2000,1,1,3,3,3,1,1,5,2,1
SF,IH2007,2020-06-04 09:30:19.700,2834.2000,6873,0,22110000.000,0,-,-,-,-,2833.8000,2833.6000,2833.4000,2833.2000,2830.0000,2835.8000,2836.0000,2836.6000,2837.0000,2837.2000,2,1,3,3,3,1,1,5,2,1
SF,IH2007,2020-06-04 09:30:20.200,2833.8000,6872,-1,22960140.000,1,0,1,双平,S,2833.8000,2833.6000,2833.4000,2833.2000,2830.0000,2834.2000,2835.8000,2836.0000,2836.6000,2837.0000,1,1,2,2,3,1,1,1,5,2
SF,IH2007,2020-06-04 09:30:20.700,2834.2000,6870,-2,24660660.000,2,0,2,双平,S,2834.2000,2834.0000,2833.8000,2833.6000,2833.4000,2835.8000,2836.6000,2837.0000,2837.2000,2837.4000,1,1,1,1,1,1,5,2,1,1
SF,IH2007,2020-06-04 09:30:21.200,2834.2000,6870,0,24660660.000,0,-,-,-,-,2834.2000,2834.0000,2833.8000,2833.6000,2833.4000,2835.8000,2836.6000,2837.0000,2837.2000,2837.4000,1,1,1,1,1,1,5,2,1,1
SF,IH2007,2020-06-04 09:30:21.700,2834.2000,6870,0,24660660.000,0,-,-,-,-,2833.8000,2833.4000,2830.0000,2827.2000,2825.4000,2835.8000,2836.6000,2837.0000,2837.2000,2837.4000,1,1,3,5,1,1,5,2,1,1
SF,IH2007,2020-06-04 09:30:22.200,2834.2000,6870,0,24660660.000,0,-,-,-,-,2833.8000,2833.4000,2830.0000,2827.2000,2825.4000,2835.8000,2836.6000,2837.0000,2837.2000,2837.4000,1,1,3,5,1,1,1,2,1,1
SF,IH2007,2020-06-04 09:30:23.200,2834.2000,6870,0,24660660.000,0,-,-,-,-,2833.8000,2830.0000,2827.2000,2825.4000,2824.2000,2835.8000,2836.6000,2837.0000,2837.2000,2837.4000,1,3,5,1,4,1,1,2,1,1
SF,IH2007,2020-06-04 09:30:23.700,2834.2000,6870,0,24660660.000,0,-,-,-,-,2833.8000,2830.0000,2827.2000,2825.4000,2824.2000,2835.8000,2836.6000,2837.0000,2837.2000,2837.4000,1,3,5,1,4,1,1,2,1,1
SF,IH2007,2020-06-04 09:30:24.200,2834.2000,6870,0,24660660.000,0,-,-,-,-,2834.0000,2833.8000,2830.0000,2827.2000,2825.4000,2835.8000,2836.6000,2837.0000,2837.2000,2837.4000,1,1,3,5,1,1,1,2,1,1
SF,IH2007,2020-06-04 09:30:25.200,2834.2000,6870,0,24660660.000,0,-,-,-,-,2834.0000,2833.8000,2830.0000,2827.2000,2825.4000,2835.8000,2836.6000,2837.0000,2837.2000,2837.4000,1,1,3,5,1,1,1,2,1,1
SF,IH2007,2020-06-04 09:30:26.200,2834.2000,6870,0,24660660.000,0,-,-,-,-,2834.0000,2833.8000,2830.0000,2827.2000,2825.4000,2835.8000,2836.6000,2837.0000,2837.2000,2837.4000,1,1,3,5,1,2,1,2,1,1
SF,IH2007,2020-06-04 09:30:26.700,2834.2000,6870,0,24660660.000,0,-,-,-,-,2834.2000,2834.0000,2830.0000,2827.2000,2825.4000,2835.8000,2836.6000,2837.0000,2837.2000,2837.4000,3,1,3,5,1,2,1,2,1,1
SF,IH2007,2020-06-04 09:30:27.200,2835.6000,6868,-2,26362020.000,2,0,2,双平,S,2834.2000,2830.0000,2827.2000,2825.4000,2824.2000,2835.8000,2836.6000,2837.0000,2837.2000,2837.4000,2,3,5,1,4,2,1,2,1,1
SF,IH2007,2020-06-04 09:30:27.700,2835.6000,6868,0,26362020.000,0,-,-,-,-,2834.2000,2830.0000,2827.2000,2825.4000,2824.2000,2835.8000,2836.6000,2837.0000,2837.2000,2837.4000,2,3,5,1,4,3,1,2,1,1
SF,IH2007,2020-06-04 09:30:28.200,2835.6000,6868,0,26362020.000,0,-,-,-,-,2830.0000,2827.2000,2825.4000,2824.2000,2818.0000,2835.8000,2836.6000,2837.0000,2837.2000,2837.4000,3,5,1,4,1,3,1,2,1,1
SF,IH2007,2020-06-04 09:30:28.700,2835.6000,6868,0,26362020.000,0,-,-,-,-,2834.4000,2834.0000,2833.8000,2832.2000,2830.6000,2835.8000,2836.6000,2837.0000,2837.2000,2837.4000,2,1,3,1,4,3,1,2,1,1
SF,IH2007,2020-06-04 09:30:29.200,2835.6000,6868,0,26362020.000,0,-,-,-,-,2834.4000,2834.0000,2833.8000,2833.6000,2832.2000,2835.8000,2836.6000,2837.0000,2837.2000,2837.4000,2,1,3,1,1,3,1,2,1,1
SF,IH2007,2020-06-04 09:30:29.700,2835.6000,6868,0,26362020.000,0,-,-,-,-,2834.4000,2830.6000,2830.2000,2830.0000,2827.2000,2835.8000,2836.6000,2837.0000,2837.2000,2837.4000,1,4,7,3,5,3,1,2,1,1
SF,IH2007,2020-06-04 09:30:30.200,2834.6000,6867,-1,27212400.000,1,0,1,双平,S,2830.6000,2830.2000,2830.0000,2827.2000,2825.4000,2835.8000,2836.6000,2837.0000,2837.2000,2837.4000,4,4,3,5,1,3,1,2,1,1
SF,IH2007,2020-06-04 09:30:30.700,2834.6000,6867,0,27212400.000,0,-,-,-,-,2833.6000,2833.2000,2833.0000,2831.4000,2830.8000,2835.8000,2836.6000,2837.0000,2837.2000,2837.4000,1,1,3,1,9,3,1,2,1,1
SF,IH2007,2020-06-04 09:30:31.200,2834.6000,6867,0,27212400.000,0,-,-,-,-,2834.0000,2833.8000,2833.6000,2833.2000,2833.0000,2835.6000,2835.8000,2836.6000,2837.0000,2837.2000,1,2,2,1,4,2,3,1,2,1
SF,IH2007,2020-06-04 09:30:31.700,2834.6000,6867,0,27212400.000,0,-,-,-,-,2834.0000,2833.8000,2833.6000,2833.2000,2833.0000,2835.6000,2835.8000,2836.6000,2837.0000,2837.2000,1,2,2,1,4,2,3,1,2,1
SF,IH2007,2020-06-04 09:30:32.200,2834.6000,6867,0,27212400.000,0,-,-,-,-,2834.0000,2833.8000,2833.6000,2833.2000,2833.0000,2835.6000,2835.8000,2836.6000,2837.0000,2837.2000,1,2,2,1,4,2,3,1,2,1
SF,IH2007,2020-06-04 09:30:33.200,2834.6000,6867,0,27212400.000,0,-,-,-,-,2835.2000,2833.8000,2833.6000,2833.0000,2830.8000,2835.6000,2835.8000,2836.6000,2837.0000,2837.2000,1,2,1,4,4,2,3,1,2,1
SF,IH2007,2020-06-04 09:30:33.700,2834.6000,6866,-1,28062780.000,1,0,1,双平,S,2833.8000,2833.6000,2833.0000,2830.8000,2830.0000,2834.8000,2835.0000,2835.6000,2835.8000,2836.6000,2,1,4,4,3,1,1,2,2,1
SF,IH2007,2020-06-04 09:30:34.200,2833.8000,6865,-1,28912920.000,1,0,1,双平,S,2833.8000,2833.6000,2833.0000,2830.8000,2830.0000,2834.8000,2835.0000,2835.8000,2836.6000,2837.0000,1,1,4,4,3,1,1,2,1,2
SF,IH2007,2020-06-04 09:30:34.700,2833.8000,6864,-1,29763060.000,1,0,1,双平,S,2830.8000,2830.0000,2827.2000,2825.4000,2824.2000,2834.8000,2835.0000,2835.8000,2836.6000,2837.0000,4,3,5,1,4,1,1,2,1,2
SF,IH2007,2020-06-04 09:30:35.200,2833.8000,6864,0,29763060.000,0,-,-,-,-,2833.2000,2832.8000,2832.6000,2831.0000,2830.8000,2834.6000,2834.8000,2835.0000,2835.8000,2836.6000,1,1,3,8,6,1,1,1,2,1
SF,IH2007,2020-06-04 09:30:35.700,2833.4000,6863,-1,30613080.000,1,0,1,双平,S,2833.4000,2832.2000,2831.0000,2830.8000,2830.0000,2834.6000,2834.8000,2835.0000,2835.8000,2836.6000,2,1,2,6,3,1,1,1,2,1
SF,IH2007,2020-06-04 09:30:36.200,2833.4000,6861,-2,32313120.000,2,0,2,双平,S,2832.2000,2830.8000,2830.0000,2827.2000,2825.4000,2834.8000,2835.0000,2835.8000,2836.6000,2837.0000,1,6,3,5,1,1,1,2,1,2
SF,IH2007,2020-06-04 09:30:36.700,2833.4000,6861,0,32313120.000,0,-,-,-,-,2832.4000,2832.2000,2830.8000,2830.0000,2827.2000,2834.6000,2834.8000,2835.0000,2835.8000,2836.6000,3,1,6,3,5,1,1,1,2,1
SF,IH2007,2020-06-04 09:30:37.200,2833.4000,6861,0,32313120.000,0,-,-,-,-,2832.4000,2830.8000,2830.0000,2827.2000,2825.4000,2834.4000,2834.6000,2834.8000,2835.0000,2835.8000,1,6,3,5,1,2,1,1,1,2
SF,IH2007,2020-06-04 09:30:37.700,2833.4000,6861,0,32313120.000,0,-,-,-,-,2830.8000,2830.0000,2827.2000,2825.4000,2824.2000,2834.2000,2834.4000,2834.8000,2835.0000,2835.8000,6,3,5,1,4,1,2,1,1,2
SF,IH2007,2020-06-04 09:30:38.200,2833.4000,6861,0,32313120.000,0,-,-,-,-,2831.6000,2831.2000,2831.0000,2830.8000,2830.0000,2834.2000,2834.4000,2834.8000,2835.0000,2835.8000,1,1,10,5,3,1,2,1,2,1
SF,IH2007,2020-06-04 09:30:38.700,2833.4000,6861,0,32313120.000,0,-,-,-,-,2831.8000,2831.6000,2831.2000,2831.0000,2830.8000,2834.0000,2834.2000,2834.8000,2835.0000,2835.8000,2,1,1,7,5,10,1,1,2,1
SF,IH2007,2020-06-04 09:30:39.200,2833.4000,6861,0,32313120.000,0,-,-,-,-,2831.8000,2831.6000,2831.0000,2830.8000,2830.0000,2833.8000,2834.0000,2834.8000,2835.0000,2835.8000,3,1,4,4,3,1,10,1,3,1
SF,IH2007,2020-06-04 09:30:40.700,2833.4000,6861,0,32313120.000,0,-,-,-,-,2831.8000,2831.6000,2831.0000,2830.8000,2830.0000,2833.8000,2834.0000,2834.8000,2835.0000,2835.8000,2,1,4,4,3,1,10,1,3,1
SF,IH2007,2020-06-04 09:30:41.200,2833.4000,6861,0,32313120.000,0,-,-,-,-,2832.0000,2831.6000,2831.0000,2830.8000,2830.0000,2833.8000,2834.0000,2834.8000,2835.0000,2835.8000,1,1,4,4,3,1,10,1,3,1
SF,IH2007,2020-06-04 09:30:42.200,2833.4000,6861,0,32313120.000,0,-,-,-,-,2832.0000,2831.0000,2830.8000,2830.0000,2825.4000,2833.6000,2833.8000,2834.0000,2834.8000,2835.0000,1,4,4,3,1,1,1,10,1,3
SF,IH2007,2020-06-04 09:30:42.700,2833.4000,6861,0,32313120.000,0,-,-,-,-,2831.0000,2830.8000,2830.0000,2825.4000,2824.2000,2833.6000,2833.8000,2834.0000,2834.8000,2835.0000,4,4,3,1,4,1,1,10,1,3
SF,IH2007,2020-06-04 09:30:43.200,2833.4000,6861,0,32313120.000,0,-,-,-,-,2831.2000,2831.0000,2830.8000,2830.0000,2825.4000,2833.4000,2833.6000,2834.0000,2834.8000,2835.0000,6,5,3,3,1,1,1,10,1,3
SF,IH2007,2020-06-04 09:30:43.700,2833.4000,6861,0,32313120.000,0,-,-,-,-,2831.4000,2831.2000,2831.0000,2830.8000,2830.0000,2833.4000,2834.0000,2834.8000,2835.0000,2835.8000,3,6,3,3,3,1,10,1,3,1
SF,IH2007,2020-06-04 09:30:44.200,2833.4000,6861,0,32313120.000,0,-,-,-,-,2831.6000,2831.4000,2831.2000,2831.0000,2830.8000,2833.4000,2834.0000,2834.8000,2835.0000,2835.8000,4,3,3,3,3,1,10,1,3,1
SF,IH2007,2020-06-04 09:30:44.700,2833.4000,6861,0,32313120.000,0,-,-,-,-,2831.6000,2831.4000,2831.2000,2831.0000,2830.8000,2833.4000,2834.0000,2834.8000,2835.0000,2835.8000,5,2,3,2,3,1,10,1,3,1
SF,IH2007,2020-06-04 09:30:45.200,2831.6000,6860,-1,33162600.000,1,0,1,双平,S,2831.6000,2831.4000,2831.2000,2831.0000,2830.8000,2833.4000,2834.0000,2834.8000,2835.0000,2835.8000,4,2,1,2,3,1,10,1,3,1
SF,IH2007,2020-06-04 09:30:45.700,2831.6000,6860,0,33162600.000,0,-,-,-,-,2831.8000,2831.6000,2831.4000,2831.2000,2831.0000,2833.4000,2834.0000,2834.8000,2835.0000,2835.8000,1,3,1,1,2,1,10,1,3,1
SF,IH2007,2020-06-04 09:30:46.200,2831.6000,6860,0,33162600.000,0,-,-,-,-,2832.0000,2831.6000,2831.4000,2831.2000,2831.0000,2833.4000,2834.0000,2834.8000,2835.0000,2835.8000,1,2,1,1,2,1,10,1,3,1
SF,IH2007,2020-06-04 09:30:46.700,2831.6000,6860,0,33162600.000,0,-,-,-,-,2832.0000,2831.6000,2831.2000,2831.0000,2830.8000,2833.4000,2834.0000,2834.8000,2835.0000,2835.8000,1,2,1,2,3,1,11,1,3,1
SF,IH2007,2020-06-04 09:30:47.200,2831.6000,6860,0,33162600.000,0,-,-,-,-,2832.0000,2831.2000,2831.0000,2830.8000,2830.0000,2833.4000,2834.0000,2834.8000,2835.0000,2835.8000,1,1,2,3,3,1,11,1,3,1
SF,IH2007,2020-06-04 09:30:48.200,2831.6000,6860,0,33162600.000,0,-,-,-,-,2831.2000,2831.0000,2830.8000,2830.0000,2825.4000,2833.4000,2834.0000,2834.8000,2835.0000,2835.8000,1,2,3,3,1,1,11,1,3,1
SF,IH2007,2020-06-04 09:30:48.700,2831.6000,6860,0,33162600.000,0,-,-,-,-,2831.4000,2831.2000,2830.8000,2830.0000,2825.4000,2833.2000,2833.4000,2834.0000,2834.8000,2835.0000,1,2,3,3,1,1,1,11,1,3
SF,IH2007,2020-06-04 09:30:49.200,2831.6000,6860,0,33162600.000,0,-,-,-,-,2831.4000,2831.2000,2830.8000,2830.0000,2825.4000,2833.0000,2833.2000,2834.0000,2834.8000,2835.0000,1,2,3,3,1,1,2,11,1,4
SF,IH2007,2020-06-04 09:30:51.700,2833.0000,6859,-1,34012500.000,1,0,1,双平,S,2831.4000,2831.2000,2830.8000,2830.0000,2825.4000,2833.2000,2834.0000,2834.8000,2835.0000,2835.8000,1,2,3,3,1,2,11,1,4,1
SF,IH2007,2020-06-04 09:30:52.200,2833.0000,6859,0,34012500.000,0,-,-,-,-,2831.6000,2831.4000,2831.2000,2830.8000,2830.0000,2833.2000,2834.0000,2834.8000,2835.0000,2835.8000,2,1,2,3,3,2,11,1,4,1
SF,IH2007,2020-06-04 09:30:52.700,2833.0000,6859,0,34012500.000,0,-,-,-,-,2831.6000,2831.4000,2831.2000,2830.8000,2830.0000,2833.2000,2834.0000,2834.8000,2835.0000,2835.8000,2,1,2,3,3,2,11,1,4,1
SF,IH2007,2020-06-04 09:30:53.200,2833.0000,6859,0,34012500.000,0,-,-,-,-,2831.6000,2831.4000,2831.2000,2830.8000,2830.0000,2833.2000,2834.0000,2834.8000,2835.0000,2835.8000,2,1,2,3,3,2,11,1,4,1
SF,IH2007,2020-06-04 09:30:53.700,2833.2000,6857,-2,35712420.000,2,0,2,双平,S,2831.8000,2831.6000,2831.2000,2830.8000,2830.0000,2834.0000,2834.8000,2835.0000,2835.8000,2836.6000,1,2,2,3,3,11,1,4,1,2
SF,IH2007,2020-06-04 09:30:54.200,2833.2000,6857,0,35712420.000,0,-,-,-,-,2832.0000,2831.8000,2831.2000,2830.8000,2830.0000,2834.0000,2834.8000,2835.0000,2835.8000,2836.6000,1,1,2,3,3,11,1,4,1,2
SF,IH2007,2020-06-04 09:30:54.700,2833.2000,6857,0,35712420.000,0,-,-,-,-,2832.0000,2831.8000,2831.2000,2830.8000,2830.0000,2833.8000,2834.0000,2834.8000,2835.0000,2835.8000,1,1,2,3,3,2,11,1,4,1
SF,IH2007,2020-06-04 09:30:55.200,2833.2000,6857,0,35712420.000,0,-,-,-,-,2833.2000,2832.0000,2831.8000,2831.2000,2830.8000,2833.8000,2834.0000,2834.8000,2835.0000,2835.8000,1,1,1,2,3,2,11,1,4,1
SF,IH2007,2020-06-04 09:30:55.700,2833.2000,6856,-1,36562380.000,1,0,1,双平,S,2832.0000,2831.8000,2831.2000,2830.8000,2830.0000,2833.2000,2833.8000,2834.0000,2834.8000,2835.0000,1,1,2,3,3,2,2,11,1,4
SF,IH2007,2020-06-04 09:30:56.200,2833.2000,6856,0,36562380.000,0,-,-,-,-,2832.2000,2831.2000,2830.8000,2830.0000,2825.4000,2833.2000,2833.8000,2834.0000,2834.2000,2834.8000,1,2,3,3,1,2,2,11,1,1
SF,IH2007,2020-06-04 09:30:57.200,2832.2000,6855,-1,37412040.000,1,0,1,双平,S,2831.2000,2830.8000,2830.0000,2825.4000,2824.2000,2831.4000,2832.0000,2833.2000,2833.8000,2834.0000,2,3,3,1,4,10,1,2,2,11
SF,IH2007,2020-06-04 09:30:57.700,2832.0000,6852,-3,46755840.000,11,4,7,多平,S,2831.6000,2831.4000,2831.2000,2830.8000,2830.0000,2833.2000,2834.0000,2834.2000,2834.8000,2835.0000,1,12,5,1,3,2,11,1,1,4
SF,IH2007,2020-06-04 09:30:58.200,2832.0000,6852,0,46755840.000,0,-,-,-,-,2831.8000,2831.6000,2831.4000,2831.2000,2830.8000,2833.0000,2833.2000,2834.0000,2834.2000,2834.8000,1,2,9,1,1,1,2,11,1,1
SF,IH2007,2020-06-04 09:30:58.700,2832.0000,6852,0,46755840.000,0,-,-,-,-,2831.8000,2831.6000,2831.4000,2831.2000,2830.8000,2833.0000,2833.2000,2834.0000,2834.2000,2834.8000,2,2,7,1,1,3,2,11,1,1
SF,IH2007,2020-06-04 09:30:59.200,2832.0000,6852,0,46755840.000,0,-,-,-,-,2831.8000,2831.6000,2831.4000,2831.2000,2830.8000,2833.0000,2833.2000,2834.0000,2834.2000,2834.8000,2,2,6,1,1,3,2,11,1,1
SF,IH2007,2020-06-04 09:30:59.700,2832.0000,6852,0,46755840.000,0,-,-,-,-,2831.8000,2831.6000,2831.4000,2831.2000,2830.8000,2833.0000,2833.2000,2834.0000,2834.2000,2834.8000,2,2,3,1,1,3,2,11,1,1
SF,IH2007,2020-06-04 09:31:00.200,2832.0000,6852,0,46755840.000,0,-,-,-,-,2831.8000,2831.6000,2831.4000,2831.2000,2830.8000,2833.0000,2833.2000,2834.0000,2834.2000,2834.8000,2,2,3,1,1,2,2,11,1,1
SF,IH2007,2020-06-04 09:31:00.700,2833.0000,6851,-1,47605740.000,1,0,1,双平,S,2832.0000,2831.8000,2831.6000,2831.4000,2831.2000,2833.0000,2833.2000,2834.0000,2834.2000,2834.8000,1,2,2,3,1,1,2,11,1,1
SF,IH2007,2020-06-04 09:31:01.200,2833.0000,6851,0,47605740.000,0,-,-,-,-,2832.2000,2832.0000,2831.8000,2831.6000,2831.4000,2833.0000,2833.2000,2834.0000,2834.2000,2834.8000,2,4,1,1,3,1,2,11,1,1
SF,IH2007,2020-06-04 09:31:02.700,2832.2000,6850,-1,48455400.000,1,0,1,双平,S,2832.2000,2832.0000,2831.8000,2831.6000,2831.4000,2833.0000,2833.2000,2834.0000,2834.2000,2834.8000,1,4,1,1,3,1,2,11,1,1
SF,IH2007,2020-06-04 09:31:03.200,2832.2000,6850,0,48455400.000,0,-,-,-,-,2832.2000,2832.0000,2831.8000,2831.6000,2831.4000,2832.8000,2833.0000,2833.2000,2834.0000,2834.2000,1,4,1,1,3,1,1,2,11,1
SF,IH2007,2020-06-04 09:31:03.700,2832.2000,6850,0,48455400.000,0,-,-,-,-,2832.0000,2831.8000,2831.6000,2831.4000,2831.2000,2832.8000,2833.0000,2833.2000,2834.0000,2834.2000,3,1,1,3,1,1,1,2,12,1
SF,IH2007,2020-06-04 09:31:04.200,2832.2000,6850,0,48455400.000,0,-,-,-,-,2832.0000,2831.8000,2831.6000,2831.4000,2831.2000,2833.0000,2833.2000,2834.0000,2834.2000,2834.8000,3,1,1,3,1,1,2,12,1,2
SF,IH2007,2020-06-04 09:31:05.200,2833.0000,6849,-1,49305300.000,1,0,1,双平,S,2832.2000,2832.0000,2831.8000,2831.6000,2831.4000,2833.2000,2834.0000,2834.2000,2834.8000,2835.0000,1,4,1,1,3,2,12,1,2,4
SF,IH2007,2020-06-04 09:31:05.700,2833.2000,6848,-1,50155260.000,1,0,1,双平,S,2832.2000,2832.0000,2831.6000,2831.4000,2831.2000,2834.0000,2834.2000,2834.8000,2835.0000,2835.8000,2,4,2,3,1,12,1,2,4,1
SF,IH2007,2020-06-04 09:31:06.200,2833.2000,6848,0,50155260.000,0,-,-,-,-,2832.4000,2832.2000,2832.0000,2831.6000,2831.4000,2833.0000,2833.8000,2834.0000,2834.2000,2834.8000,7,6,1,2,2,1,3,12,1,2
SF,IH2007,2020-06-04 09:31:06.700,2833.2000,6848,0,50155260.000,0,-,-,-,-,2832.4000,2832.2000,2832.0000,2831.6000,2831.4000,2833.0000,2833.8000,2834.0000,2834.2000,2834.8000,3,3,1,2,2,1,3,12,1,2
SF,IH2007,2020-06-04 09:31:07.200,2833.2000,6848,0,50155260.000,0,-,-,-,-,2832.4000,2832.2000,2832.0000,2831.6000,2831.4000,2833.0000,2833.8000,2834.0000,2834.2000,2834.8000,3,3,1,2,2,1,3,12,2,2
SF,IH2007,2020-06-04 09:31:07.700,2832.4000,6846,-2,51854700.000,2,0,2,双平,S,2832.4000,2832.2000,2832.0000,2831.8000,2831.6000,2833.0000,2833.8000,2834.0000,2834.2000,2834.8000,1,3,1,1,2,2,3,12,2,2
SF,IH2007,2020-06-04 09:31:08.200,2832.4000,6846,0,51854700.000,0,-,-,-,-,2832.2000,2832.0000,2831.8000,2831.6000,2831.4000,2833.0000,2833.8000,2834.0000,2834.2000,2834.8000,3,1,1,2,2,2,1,12,2,2
SF,IH2007,2020-06-04 09:31:08.700,2832.4000,6846,0,51854700.000,0,-,-,-,-,2832.2000,2832.0000,2831.8000,2831.6000,2831.4000,2833.0000,2833.8000,2834.0000,2834.2000,2834.8000,4,1,1,2,2,2,1,12,2,2
SF,IH2007,2020-06-04 09:31:09.200,2832.4000,6846,0,51854700.000,0,-,-,-,-,2832.2000,2832.0000,2831.8000,2831.6000,2831.4000,2833.0000,2833.8000,2834.0000,2834.2000,2834.8000,3,1,1,2,2,2,1,12,2,2
SF,IH2007,2020-06-04 09:31:09.700,2832.2000,6841,-5,56103480.000,5,0,5,双平,S,2832.0000,2831.8000,2831.6000,2831.4000,2831.2000,2832.2000,2833.0000,2834.0000,2834.2000,2834.8000,1,1,2,2,1,7,1,12,2,2
SF,IH2007,2020-06-04 09:31:10.200,2832.2000,6834,-7,62051100.000,7,0,7,双平,S,2832.4000,2832.2000,2832.0000,2831.8000,2831.6000,2833.0000,2834.0000,2834.2000,2834.8000,2835.0000,1,8,1,1,2,1,12,2,1,3
SF,IH2007,2020-06-04 09:31:10.700,2833.0000,6833,-1,62901000.000,1,0,1,双平,S,2832.4000,2832.2000,2832.0000,2831.8000,2831.6000,2834.0000,2834.2000,2834.8000,2835.0000,2835.8000,2,6,1,1,2,12,2,2,3,1
SF,IH2007,2020-06-04 09:31:11.200,2833.0000,6833,0,62901000.000,0,-,-,-,-,2832.6000,2832.4000,2832.2000,2832.0000,2831.8000,2833.8000,2834.0000,2834.2000,2834.8000,2835.0000,1,2,3,1,1,3,12,2,2,3
SF,IH2007,2020-06-04 09:31:11.700,2833.0000,6833,0,62901000.000,0,-,-,-,-,2832.6000,2832.4000,2832.2000,2832.0000,2831.8000,2833.8000,2834.0000,2834.2000,2834.8000,2835.0000,1,1,3,1,1,2,12,2,2,3
SF,IH2007,2020-06-04 09:31:12.200,2832.6000,6833,0,63750780.000,1,0,1,多换,S,2832.4000,2832.2000,2832.0000,2831.8000,2831.6000,2833.8000,2834.0000,2834.2000,2834.8000,2835.0000,1,4,1,1,2,2,12,2,2,3
SF,IH2007,2020-06-04 09:31:12.700,2832.6000,6833,0,63750780.000,0,-,-,-,-,2832.6000,2832.4000,2832.2000,2832.0000,2831.8000,2833.6000,2833.8000,2834.0000,2834.2000,2834.8000,1,2,3,1,1,1,2,12,2,2
SF,IH2007,2020-06-04 09:31:13.200,2832.6000,6833,0,63750780.000,0,-,-,-,-,2832.8000,2832.6000,2832.4000,2832.2000,2831.8000,2833.6000,2833.8000,2834.0000,2834.2000,2834.8000,1,6,2,3,1,1,2,12,2,2
SF,IH2007,2020-06-04 09:31:13.700,2832.6000,6833,0,63750780.000,0,-,-,-,-,2832.6000,2832.4000,2832.2000,2831.8000,2831.6000,2833.6000,2833.8000,2834.0000,2834.2000,2834.8000,3,2,3,1,2,1,2,12,2,2
SF,IH2007,2020-06-04 09:31:14.200,2832.6000,6833,0,63750780.000,0,-,-,-,-,2832.8000,2832.6000,2832.4000,2832.2000,2831.8000,2833.6000,2833.8000,2834.0000,2834.2000,2834.8000,1,3,2,3,1,1,2,12,2,2
SF,IH2007,2020-06-04 09:31:14.700,2833.6000,6832,-1,64600860.000,1,0,1,双平,S,2832.8000,2832.6000,2832.4000,2832.2000,2831.8000,2833.8000,2834.0000,2834.2000,2834.8000,2835.0000,1,3,2,3,1,2,12,2,2,3
SF,IH2007,2020-06-04 09:31:15.200,2832.8000,6829,-3,67150980.000,3,0,3,双平,S,2832.6000,2832.4000,2832.2000,2831.8000,2831.6000,2834.0000,2834.2000,2834.8000,2835.0000,2835.6000,3,2,3,1,2,12,2,2,3,1
SF,IH2007,2020-06-04 09:31:15.700,2832.8000,6829,0,67150980.000,0,-,-,-,-,2832.8000,2832.6000,2832.4000,2832.2000,2831.8000,2833.8000,2834.0000,2834.2000,2834.8000,2835.0000,4,6,2,2,1,1,12,2,2,3
SF,IH2007,2020-06-04 09:31:16.200,2832.8000,6829,0,67150980.000,0,-,-,-,-,2833.0000,2832.8000,2832.6000,2832.4000,2832.2000,2834.0000,2834.2000,2834.8000,2835.0000,2835.6000,1,5,6,2,1,12,2,2,3,1
SF,IH2007,2020-06-04 09:31:16.700,2832.8000,6829,0,67150980.000,0,-,-,-,-,2833.0000,2832.8000,2832.6000,2832.4000,2832.2000,2834.0000,2834.2000,2834.8000,2835.0000,2835.6000,1,5,6,2,1,12,2,2,3,1
SF,IH2007,2020-06-04 09:31:17.200,2832.8000,6829,0,67150980.000,0,-,-,-,-,2833.0000,2832.8000,2832.6000,2832.4000,2832.2000,2834.0000,2834.2000,2834.8000,2835.0000,2835.6000,1,5,5,2,1,12,2,2,3,1
SF,IH2007,2020-06-04 09:31:17.700,2832.8000,6829,0,67150980.000,0,-,-,-,-,2833.0000,2832.8000,2832.6000,2832.4000,2832.2000,2834.0000,2834.2000,2834.8000,2835.0000,2835.6000,1,5,5,1,1,11,2,2,3,1
SF,IH2007,2020-06-04 09:31:18.200,2834.0000,6828,-1,68001180.000,1,0,1,双平,S,2833.0000,2832.8000,2832.6000,2832.4000,2832.2000,2833.8000,2834.0000,2834.2000,2834.8000,2835.0000,1,5,5,1,1,1,10,2,2,3
SF,IH2007,2020-06-04 09:31:18.700,2833.8000,6827,-1,68851320.000,1,0,1,双平,S,2833.0000,2832.8000,2832.6000,2832.4000,2832.2000,2834.0000,2834.2000,2834.8000,2835.0000,2835.6000,1,3,5,1,1,10,2,2,3,1
SF,IH2007,2020-06-04 09:31:19.200,2833.8000,6827,0,68851320.000,0,-,-,-,-,2833.2000,2833.0000,2832.8000,2832.6000,2832.4000,2834.0000,2834.2000,2834.8000,2835.0000,2835.6000,1,1,2,5,1,10,2,2,3,1
SF,IH2007,2020-06-04 09:31:19.700,2833.8000,6827,0,68851320.000,0,-,-,-,-,2833.2000,2833.0000,2832.8000,2832.6000,2832.4000,2834.0000,2834.2000,2834.8000,2835.0000,2835.6000,1,1,2,5,1,10,2,2,3,1
SF,IH2007,2020-06-04 09:31:20.700,2834.0000,6826,-1,69701520.000,1,0,1,双平,S,2833.2000,2833.0000,2832.8000,2832.6000,2832.4000,2834.0000,2834.2000,2834.8000,2835.0000,2835.6000,1,1,2,5,1,9,2,2,3,1
SF,IH2007,2020-06-04 09:31:22.700,2834.0000,6826,0,69701520.000,0,-,-,-,-,2833.4000,2833.2000,2832.8000,2832.6000,2832.4000,2834.0000,2834.2000,2834.8000,2835.0000,2835.6000,2,1,2,5,1,9,2,2,3,1
SF,IH2007,2020-06-04 09:31:23.700,2834.0000,6826,0,69701520.000,0,-,-,-,-,2833.6000,2833.4000,2833.2000,2832.8000,2832.6000,2834.0000,2834.2000,2834.8000,2835.0000,2835.6000,1,2,1,2,5,9,2,2,3,1
SF,IH2007,2020-06-04 09:31:24.200,2834.0000,6825,-1,74802360.000,6,2,4,多平,S,2833.4000,2833.2000,2832.8000,2832.6000,2832.4000,2834.0000,2834.2000,2834.8000,2835.0000,2835.6000,2,1,2,5,1,8,3,2,3,1
SF,IH2007,2020-06-04 09:31:25.200,2834.0000,6825,0,74802360.000,0,-,-,-,-,2833.2000,2832.8000,2832.6000,2832.4000,2832.2000,2834.0000,2834.2000,2834.8000,2835.0000,2835.6000,1,2,5,1,1,8,3,2,3,1
SF,IH2007,2020-06-04 09:31:26.700,2833.2000,6824,-1,75652320.000,1,0,1,双平,S,2832.8000,2832.6000,2832.4000,2832.2000,2831.8000,2833.2000,2834.0000,2834.2000,2834.8000,2835.0000,2,5,1,1,1,4,8,3,2,3
SF,IH2007,2020-06-04 09:31:27.200,2833.2000,6821,-3,79052160.000,4,0,4,多平,S,2833.0000,2832.8000,2832.6000,2832.4000,2832.2000,2834.0000,2834.2000,2834.8000,2835.0000,2835.8000,2,2,5,1,1,8,3,2,3,1
SF,IH2007,2020-06-04 09:31:27.700,2833.2000,6821,0,79052160.000,0,-,-,-,-,2833.4000,2833.0000,2832.8000,2832.6000,2832.4000,2833.8000,2834.0000,2834.2000,2834.8000,2835.0000,1,2,2,5,1,1,8,3,2,3
SF,IH2007,2020-06-04 09:31:28.200,2833.2000,6821,0,79052160.000,0,-,-,-,-,2833.4000,2833.0000,2832.8000,2832.6000,2832.4000,2833.8000,2834.0000,2834.2000,2834.8000,2835.0000,1,1,2,5,1,1,8,3,2,3
SF,IH2007,2020-06-04 09:31:28.700,2833.2000,6821,0,79052160.000,0,-,-,-,-,2833.0000,2832.8000,2832.6000,2832.4000,2832.2000,2833.8000,2834.0000,2834.2000,2834.8000,2835.0000,1,2,5,1,1,1,8,3,2,3
SF,IH2007,2020-06-04 09:31:30.700,2833.8000,6820,-1,79902300.000,1,0,1,双平,S,2833.0000,2832.8000,2832.6000,2832.4000,2832.2000,2834.0000,2834.2000,2834.8000,2835.0000,2835.4000,1,2,5,1,1,8,3,2,3,1
SF,IH2007,2020-06-04 09:31:31.200,2833.8000,6820,0,79902300.000,0,-,-,-,-,2833.2000,2833.0000,2832.8000,2832.6000,2832.4000,2834.0000,2834.2000,2834.8000,2835.0000,2835.4000,1,1,2,5,1,8,3,2,3,1
SF,IH2007,2020-06-04 09:31:31.700,2833.8000,6820,0,79902300.000,0,-,-,-,-,2833.2000,2833.0000,2832.8000,2832.6000,2832.4000,2834.0000,2834.2000,2834.8000,2835.0000,2835.4000,1,4,2,5,1,8,3,2,3,1
SF,IH2007,2020-06-04 09:31:32.200,2833.8000,6820,0,79902300.000,0,-,-,-,-,2833.4000,2833.2000,2833.0000,2832.8000,2832.6000,2834.0000,2834.2000,2834.8000,2835.0000,2835.4000,1,1,3,2,5,8,3,2,3,1
SF,IH2007,2020-06-04 09:31:33.700,2833.8000,6820,0,79902300.000,0,-,-,-,-,2833.4000,2833.2000,2833.0000,2832.8000,2832.6000,2834.0000,2834.2000,2834.8000,2835.0000,2835.4000,1,1,4,2,5,8,3,2,3,1
SF,IH2007,2020-06-04 09:31:37.200,2833.2000,6818,-2,81602280.000,2,0,2,双平,S,2833.0000,2832.8000,2832.6000,2832.4000,2832.2000,2834.0000,2834.2000,2834.8000,2835.0000,2835.4000,4,2,5,1,1,8,3,2,3,1
SF,IH2007,2020-06-04 09:31:37.700,2833.0000,6817,-1,82452180.000,1,0,1,双平,S,2833.0000,2832.8000,2832.6000,2832.4000,2832.2000,2833.8000,2834.0000,2834.2000,2834.8000,2835.0000,3,2,5,1,1,1,8,3,2,3
SF,IH2007,2020-06-04 09:31:38.200,2833.0000,6815,-2,85001880.000,3,0,3,多平,S,2832.8000,2832.6000,2832.4000,2832.2000,2831.8000,2833.8000,2834.0000,2834.2000,2834.8000,2835.0000,2,5,1,1,1,1,8,3,2,3
SF,IH2007,2020-06-04 09:31:38.700,2832.8000,6814,-1,85851720.000,1,0,1,双平,S,2832.6000,2832.4000,2832.2000,2831.8000,2831.6000,2833.8000,2834.0000,2834.2000,2834.8000,2835.0000,5,1,1,1,2,1,8,3,2,3
SF,IH2007,2020-06-04 09:31:39.200,2832.8000,6814,0,85851720.000,0,-,-,-,-,2832.6000,2832.4000,2832.2000,2831.8000,2831.6000,2833.6000,2833.8000,2834.0000,2834.2000,2834.8000,4,1,1,1,2,1,1,8,3,2
SF,IH2007,2020-06-04 09:31:39.700,2832.6000,6813,-1,87551280.000,2,0,2,多平,S,2832.4000,2832.2000,2831.8000,2831.6000,2831.4000,2833.4000,2833.6000,2834.0000,2834.2000,2834.8000,1,1,1,2,1,1,1,8,3,2
SF,IH2007,2020-06-04 09:31:40.200,2832.6000,6813,0,87551280.000,0,-,-,-,-,2832.4000,2832.2000,2831.8000,2831.6000,2831.4000,2833.4000,2833.6000,2834.0000,2834.2000,2834.8000,1,1,1,2,1,1,1,8,3,2
SF,IH2007,2020-06-04 09:31:43.200,2832.4000,6812,-1,88401000.000,1,0,1,双平,S,2832.4000,2832.2000,2831.8000,2831.6000,2831.4000,2833.4000,2833.6000,2834.0000,2834.2000,2834.8000,2,1,1,2,1,1,1,8,3,2
SF,IH2007,2020-06-04 09:31:43.700,2832.4000,6812,0,90100440.000,2,1,1,多换,S,2832.2000,2831.8000,2831.6000,2831.4000,2830.8000,2833.4000,2833.6000,2834.0000,2834.2000,2834.8000,1,1,2,1,1,1,1,8,3,2
SF,IH2007,2020-06-04 09:31:44.200,2832.4000,6811,-1,90950160.000,1,0,1,双平,S,2832.4000,2832.2000,2831.8000,2831.6000,2831.4000,2833.2000,2833.4000,2833.6000,2834.0000,2834.2000,1,1,1,2,1,1,1,1,8,3
SF,IH2007,2020-06-04 09:31:44.700,2832.4000,6811,0,90950160.000,0,-,-,-,-,2832.2000,2831.8000,2831.6000,2831.4000,2830.8000,2833.0000,2833.2000,2833.6000,2834.0000,2834.2000,1,1,2,1,1,1,1,1,8,3
SF,IH2007,2020-06-04 09:31:45.200,2832.4000,6811,0,90950160.000,0,-,-,-,-,2831.8000,2831.6000,2831.4000,2830.8000,2830.4000,2833.0000,2833.2000,2833.6000,2834.0000,2834.2000,1,2,1,1,1,1,1,1,8,3
SF,IH2007,2020-06-04 09:31:45.700,2832.4000,6811,0,90950160.000,0,-,-,-,-,2832.0000,2831.8000,2831.6000,2831.4000,2830.8000,2833.0000,2833.2000,2833.6000,2834.0000,2834.2000,2,1,2,1,1,1,1,1,8,3
SF,IH2007,2020-06-04 09:31:46.200,2833.0000,6810,-1,91800060.000,1,0,1,双平,S,2832.0000,2831.8000,2831.6000,2831.4000,2830.8000,2833.2000,2833.6000,2834.0000,2834.2000,2834.8000,1,1,2,1,1,1,1,8,3,2
SF,IH2007,2020-06-04 09:31:46.700,2833.0000,6810,0,91800060.000,0,-,-,-,-,2832.2000,2832.0000,2831.8000,2831.6000,2831.4000,2833.2000,2833.4000,2833.6000,2834.0000,2834.2000,1,1,1,2,1,1,1,1,8,3
SF,IH2007,2020-06-04 09:31:47.200,2832.2000,6809,-1,92649720.000,1,0,1,双平,S,2832.0000,2831.8000,2831.6000,2831.4000,2830.8000,2833.2000,2833.4000,2833.6000,2834.0000,2834.2000,1,1,2,1,1,1,1,1,8,3
SF,IH2007,2020-06-04 09:31:47.700,2832.0000,6808,-1,93499320.000,1,0,1,双平,S,2831.8000,2831.6000,2831.4000,2830.8000,2830.4000,2833.0000,2833.2000,2833.4000,2833.6000,2834.0000,1,2,1,1,1,1,1,1,1,8
SF,IH2007,2020-06-04 09:31:48.200,2833.0000,6808,0,94349220.000,1,0,1,多换,S,2831.8000,2831.6000,2831.4000,2830.8000,2830.4000,2833.2000,2833.4000,2833.6000,2834.0000,2834.2000,1,2,1,1,1,1,1,1,8,3
SF,IH2007,2020-06-04 09:31:50.700,2833.0000,6808,0,94349220.000,0,-,-,-,-,2831.8000,2831.6000,2831.4000,2830.4000,2830.0000,2832.0000,2833.2000,2833.4000,2833.6000,2834.0000,1,2,1,1,3,2,1,1,1,8
SF,IH2007,2020-06-04 09:31:51.200,2831.6000,6807,-1,96048240.000,2,0,2,多平,S,2831.6000,2831.4000,2830.4000,2830.0000,2828.8000,2832.0000,2833.2000,2833.4000,2833.6000,2834.0000,1,1,1,3,1,2,1,1,1,8
SF,IH2007,2020-06-04 09:31:51.700,2831.6000,6807,0,96897720.000,1,0,1,多换,S,2831.4000,2830.4000,2830.0000,2828.8000,2828.0000,2832.0000,2833.2000,2833.4000,2833.6000,2834.0000,1,1,3,1,1,2,1,1,1,8
SF,IH2007,2020-06-04 09:31:52.200,2831.6000,6807,0,96897720.000,0,-,-,-,-,2830.4000,2830.0000,2829.6000,2828.8000,2828.0000,2832.0000,2833.2000,2833.4000,2833.6000,2834.0000,1,3,1,1,1,2,1,1,1,8
SF,IH2007,2020-06-04 09:31:52.700,2831.6000,6807,0,96897720.000,0,-,-,-,-,2830.6000,2830.4000,2830.0000,2829.6000,2828.8000,2832.0000,2833.2000,2833.4000,2833.6000,2834.0000,6,2,3,1,2,2,1,1,1,8
SF,IH2007,2020-06-04 09:31:53.200,2831.6000,6807,0,96897720.000,0,-,-,-,-,2830.6000,2830.4000,2830.0000,2829.6000,2828.8000,2832.0000,2833.2000,2833.4000,2833.6000,2834.0000,3,2,3,1,2,3,1,1,1,8
SF,IH2007,2020-06-04 09:31:53.700,2832.0000,6808,1,97747320.000,1,1,0,双开,S,2830.6000,2830.4000,2830.0000,2829.6000,2828.8000,2832.0000,2833.2000,2833.4000,2833.6000,2834.0000,2,2,3,1,2,2,1,1,1,1
SF,IH2007,2020-06-04 09:31:54.200,2830.6000,6807,-1,98596500.000,1,0,1,双平,S,2830.4000,2830.0000,2829.6000,2828.8000,2828.0000,2832.0000,2833.2000,2833.4000,2833.6000,2834.0000,1,3,1,2,1,2,1,1,1,1
SF,IH2007,2020-06-04 09:31:54.700,2830.6000,6807,0,98596500.000,0,-,-,-,-,2830.0000,2829.6000,2828.8000,2828.0000,2826.4000,2831.8000,2832.0000,2833.2000,2833.4000,2833.6000,3,1,2,1,6,5,2,1,1,1
SF,IH2007,2020-06-04 09:31:55.200,2830.6000,6807,0,98596500.000,0,-,-,-,-,2830.2000,2830.0000,2829.6000,2828.8000,2828.0000,2831.8000,2832.0000,2833.2000,2833.4000,2833.6000,1,3,1,2,1,1,2,1,1,1
SF,IH2007,2020-06-04 09:31:55.700,2831.8000,6806,-1,99446040.000,1,0,1,双平,S,2830.2000,2830.0000,2829.6000,2828.8000,2828.0000,2832.0000,2833.2000,2833.4000,2833.6000,2834.0000,1,3,1,2,1,2,1,1,1,1
SF,IH2007,2020-06-04 09:31:56.700,2831.8000,6806,0,99446040.000,0,-,-,-,-,2830.2000,2830.0000,2829.6000,2828.8000,2828.0000,2832.0000,2833.2000,2833.4000,2834.0000,2834.2000,1,3,1,2,1,2,1,1,1,2
SF,IH2007,2020-06-04 09:31:57.200,2831.8000,6806,0,99446040.000,0,-,-,-,-,2830.2000,2830.0000,2829.6000,2828.8000,2828.0000,2831.8000,2832.0000,2833.2000,2833.4000,2834.0000,1,3,1,2,1,1,2,1,1,1
SF,IH2007,2020-06-04 09:31:57.700,2831.8000,6806,0,99446040.000,0,-,-,-,-,2830.2000,2830.0000,2829.6000,2828.8000,2828.0000,2831.8000,2832.0000,2833.2000,2833.4000,2834.0000,1,3,1,2,1,3,3,1,1,1
SF,IH2007,2020-06-04 09:31:58.200,2831.8000,6806,0,99446040.000,0,-,-,-,-,2830.2000,2830.0000,2829.6000,2828.8000,2828.0000,2831.6000,2831.8000,2832.0000,2833.2000,2833.4000,1,3,1,2,1,3,3,3,1,1
SF,IH2007,2020-06-04 09:31:58.700,2831.8000,6806,0,99446040.000,0,-,-,-,-,2830.2000,2830.0000,2829.6000,2828.8000,2828.0000,2831.4000,2831.6000,2831.8000,2832.0000,2833.2000,1,3,1,2,1,1,3,3,2,1
SF,IH2007,2020-06-04 09:31:59.200,2831.8000,6806,0,99446040.000,0,-,-,-,-,2830.2000,2830.0000,2829.6000,2828.8000,2828.0000,2831.4000,2831.6000,2831.8000,2832.0000,2833.2000,1,3,1,2,1,1,1,3,2,1
SF,IH2007,2020-06-04 09:32:00.700,2831.4000,6805,-1,100295460.000,1,0,1,双平,S,2830.2000,2830.0000,2829.6000,2828.8000,2828.0000,2831.6000,2831.8000,2832.0000,2833.2000,2833.4000,1,3,1,2,1,1,3,2,1,1
SF,IH2007,2020-06-04 09:32:01.700,2831.4000,6805,0,100295460.000,0,-,-,-,-,2830.2000,2830.0000,2829.6000,2828.8000,2828.0000,2831.4000,2831.6000,2831.8000,2832.0000,2833.2000,1,3,1,2,1,1,1,3,2,1
SF,IH2007,2020-06-04 09:32:03.700,2831.4000,6805,0,100295460.000,0,-,-,-,-,2830.2000,2830.0000,2829.6000,2828.8000,2828.0000,2831.4000,2831.8000,2832.0000,2833.2000,2833.4000,1,3,1,2,1,1,3,2,1,1
SF,IH2007,2020-06-04 09:32:06.200,2831.4000,6805,0,100295460.000,0,-,-,-,-,2830.2000,2830.0000,2829.6000,2828.8000,2828.0000,2831.4000,2831.8000,2832.0000,2833.2000,2833.4000,1,3,1,2,1,1,3,2,1,1
SF,IH2007,2020-06-04 09:32:07.700,2830.2000,6804,-1,101144520.000,1,0,1,双平,S,2830.0000,2829.6000,2828.8000,2828.0000,2825.4000,2830.2000,2831.4000,2831.8000,2832.0000,2833.2000,3,1,2,1,1,6,1,3,2,1
SF,IH2007,2020-06-04 09:32:08.200,2830.2000,6798,-6,106238880.000,6,0,6,双平,S,2830.4000,2830.0000,2829.6000,2828.8000,2828.0000,2831.4000,2831.8000,2832.0000,2833.2000,2833.4000,1,3,1,2,1,1,2,2,1,1
SF,IH2007,2020-06-04 09:32:08.700,2830.2000,6798,0,106238880.000,0,-,-,-,-,2830.4000,2830.0000,2829.6000,2828.8000,2828.0000,2831.4000,2831.8000,2832.0000,2833.4000,2834.0000,1,3,1,2,1,1,2,2,1,1
SF,IH2007,2020-06-04 09:32:09.200,2830.2000,6798,0,106238880.000,0,-,-,-,-,2830.4000,2830.0000,2829.6000,2828.8000,2828.0000,2831.2000,2831.4000,2831.8000,2832.0000,2833.4000,1,3,1,2,1,1,1,2,2,1
SF,IH2007,2020-06-04 09:32:09.700,2830.4000,6797,-1,107088000.000,1,0,1,双平,S,2830.0000,2829.6000,2828.8000,2828.0000,2825.4000,2831.2000,2831.4000,2831.8000,2832.0000,2833.4000,3,1,2,1,1,1,1,2,2,1
SF,IH2007,2020-06-04 09:32:10.200,2830.4000,6797,0,107088000.000,0,-,-,-,-,2830.2000,2830.0000,2829.6000,2828.8000,2828.0000,2831.2000,2831.4000,2831.8000,2832.0000,2833.4000,1,3,1,2,1,1,1,2,2,1
SF,IH2007,2020-06-04 09:32:10.700,2830.4000,6797,0,107088000.000,0,-,-,-,-,2830.2000,2830.0000,2829.6000,2828.8000,2828.0000,2831.2000,2831.4000,2831.8000,2832.0000,2833.4000,1,3,1,2,1,2,1,2,2,1
SF,IH2007,2020-06-04 09:32:12.200,2831.2000,6796,-1,107937360.000,1,0,1,双平,S,2830.2000,2830.0000,2829.6000,2828.8000,2828.0000,2831.2000,2831.4000,2831.8000,2832.0000,2833.4000,1,3,1,2,1,1,1,2,2,1
SF,IH2007,2020-06-04 09:32:12.700,2831.4000,6794,-2,109636140.000,2,0,2,双平,S,2831.2000,2830.2000,2830.0000,2829.6000,2828.8000,2831.8000,2832.0000,2833.4000,2834.0000,2834.8000,1,1,3,1,2,2,2,1,1,1
SF,IH2007,2020-06-04 09:32:13.200,2831.4000,6794,0,109636140.000,0,-,-,-,-,2831.2000,2830.4000,2830.2000,2830.0000,2829.6000,2831.4000,2832.0000,2833.4000,2834.0000,2834.8000,1,1,1,3,1,1,2,1,1,1
SF,IH2007,2020-06-04 09:32:13.700,2831.4000,6793,-1,110485560.000,1,0,1,双平,S,2831.4000,2831.2000,2830.4000,2830.2000,2830.0000,2832.0000,2833.4000,2834.0000,2834.8000,2835.0000,1,1,1,1,3,2,1,1,1,5
SF,IH2007,2020-06-04 09:32:14.200,2831.4000,6793,0,110485560.000,0,-,-,-,-,2831.4000,2831.2000,2830.4000,2830.2000,2830.0000,2831.8000,2832.0000,2833.4000,2834.0000,2834.8000,1,1,2,1,3,1,2,1,1,1
SF,IH2007,2020-06-04 09:32:14.700,2831.4000,6792,-1,111334980.000,1,0,1,双平,S,2831.2000,2830.4000,2830.2000,2830.0000,2829.6000,2831.8000,2832.0000,2833.4000,2834.0000,2834.8000,1,2,1,3,1,1,2,1,1,1
SF,IH2007,2020-06-04 09:32:15.200,2831.4000,6792,0,111334980.000,0,-,-,-,-,2831.2000,2830.4000,2830.2000,2830.0000,2829.6000,2832.0000,2833.4000,2834.0000,2834.8000,2835.0000,1,2,1,3,1,2,1,1,1,5
SF,IH2007,2020-06-04 09:32:17.700,2832.0000,6792,0,112184580.000,1,0,1,多换,S,2831.2000,2830.4000,2830.2000,2830.0000,2829.6000,2832.0000,2833.4000,2834.0000,2834.8000,2835.0000,1,2,1,3,1,1,1,1,1,5
SF,IH2007,2020-06-04 09:32:18.200,2832.0000,6791,-1,113034180.000,1,0,1,双平,S,2831.4000,2831.2000,2830.4000,2830.0000,2829.6000,2833.4000,2834.0000,2834.8000,2835.0000,2835.8000,1,1,2,3,1,1,1,1,5,1
SF,IH2007,2020-06-04 09:32:18.700,2832.0000,6791,0,113034180.000,0,-,-,-,-,2831.6000,2831.4000,2831.2000,2830.4000,2830.0000,2833.2000,2833.4000,2834.0000,2834.8000,2835.0000,1,1,1,2,3,3,1,1,1,5
SF,IH2007,2020-06-04 09:32:19.200,2832.0000,6791,0,113034180.000,0,-,-,-,-,2831.6000,2831.4000,2831.2000,2830.4000,2830.0000,2832.0000,2833.0000,2833.2000,2833.4000,2834.0000,1,1,1,2,3,1,3,2,1,1
SF,IH2007,2020-06-04 09:32:19.700,2832.0000,6790,-1,113883780.000,1,0,1,双平,S,2831.4000,2831.2000,2830.4000,2830.0000,2829.6000,2833.0000,2833.2000,2833.4000,2834.0000,2834.8000,1,1,2,3,1,2,2,1,1,1
SF,IH2007,2020-06-04 09:32:20.200,2832.0000,6790,0,113883780.000,0,-,-,-,-,2831.4000,2831.2000,2830.4000,2830.0000,2829.6000,2832.8000,2833.0000,2833.4000,2834.0000,2834.8000,1,1,2,3,1,2,2,1,1,1
SF,IH2007,2020-06-04 09:32:20.700,2832.0000,6790,0,113883780.000,0,-,-,-,-,2831.4000,2831.2000,2830.4000,2830.0000,2829.6000,2832.8000,2833.0000,2833.4000,2834.0000,2834.8000,1,1,2,3,1,3,2,1,1,1
SF,IH2007,2020-06-04 09:32:21.200,2832.0000,6790,0,113883780.000,0,-,-,-,-,2831.4000,2831.2000,2830.4000,2830.0000,2829.6000,2832.8000,2833.4000,2834.0000,2834.8000,2835.0000,1,1,2,3,1,3,1,1,1,5
SF,IH2007,2020-06-04 09:32:22.200,2832.0000,6790,0,113883780.000,0,-,-,-,-,2831.4000,2831.2000,2830.4000,2830.0000,2829.6000,2832.8000,2833.4000,2834.0000,2834.8000,2835.0000,1,1,2,3,1,2,1,1,1,5
SF,IH2007,2020-06-04 09:32:22.700,2832.0000,6790,0,113883780.000,0,-,-,-,-,2831.4000,2831.2000,2830.4000,2830.0000,2829.6000,2832.8000,2833.4000,2834.0000,2834.8000,2835.0000,1,1,2,3,1,1,1,1,1,5
SF,IH2007,2020-06-04 09:32:23.200,2832.0000,6790,0,113883780.000,0,-,-,-,-,2831.6000,2831.4000,2831.2000,2830.4000,2830.0000,2832.8000,2833.4000,2834.0000,2834.8000,2835.0000,2,1,1,2,3,1,1,1,1,5
SF,IH2007,2020-06-04 09:32:23.700,2832.0000,6790,0,113883780.000,0,-,-,-,-,2831.8000,2831.6000,2831.2000,2830.4000,2830.0000,2833.4000,2834.0000,2834.8000,2835.0000,2835.8000,1,3,1,1,3,1,1,1,5,1
SF,IH2007,2020-06-04 09:32:24.200,2832.0000,6790,0,113883780.000,0,-,-,-,-,2831.8000,2831.6000,2831.2000,2830.4000,2830.0000,2833.2000,2833.4000,2834.0000,2834.8000,2835.0000,1,3,1,1,3,2,1,1,1,5
SF,IH2007,2020-06-04 09:32:24.700,2833.2000,6789,-1,114733740.000,1,0,1,双平,S,2832.0000,2831.8000,2831.6000,2831.2000,2830.4000,2833.2000,2833.4000,2834.0000,2834.8000,2835.0000,1,1,2,1,1,1,1,1,1,5
SF,IH2007,2020-06-04 09:32:25.200,2833.2000,6788,-1,115583700.000,1,0,1,双平,S,2832.2000,2831.6000,2831.2000,2830.4000,2830.0000,2833.4000,2834.0000,2834.8000,2835.0000,2835.8000,1,2,1,1,3,1,1,1,5,1
SF,IH2007,2020-06-04 09:32:25.700,2833.4000,6787,-1,116433720.000,1,0,1,双平,S,2832.2000,2831.6000,2831.2000,2830.4000,2830.0000,2834.0000,2834.8000,2835.0000,2835.8000,2836.6000,2,1,1,1,3,1,1,5,1,2
SF,IH2007,2020-06-04 09:32:26.200,2833.4000,6787,0,116433720.000,0,-,-,-,-,2832.4000,2832.2000,2831.6000,2831.2000,2830.4000,2834.0000,2834.8000,2835.0000,2835.8000,2836.6000,3,5,1,1,1,1,1,5,1,2
SF,IH2007,2020-06-04 09:32:26.700,2834.0000,6786,-1,117283920.000,1,0,1,双平,S,2832.6000,2832.4000,2832.2000,2831.6000,2831.2000,2834.8000,2835.0000,2835.8000,2836.6000,2837.0000,1,1,1,1,1,1,5,1,2,2
SF,IH2007,2020-06-04 09:32:27.200,2834.0000,6786,0,117283920.000,0,-,-,-,-,2832.8000,2832.6000,2832.2000,2831.6000,2831.2000,2834.8000,2835.0000,2835.8000,2836.6000,2837.0000,1,2,1,1,1,1,5,1,2,2
SF,IH2007,2020-06-04 09:32:27.700,2834.0000,6786,0,117283920.000,0,-,-,-,-,2833.0000,2832.8000,2832.6000,2832.2000,2831.6000,2834.8000,2835.0000,2835.8000,2836.6000,2837.0000,1,1,1,1,1,1,5,1,2,2
SF,IH2007,2020-06-04 09:32:28.200,2834.0000,6786,0,117283920.000,0,-,-,-,-,2833.2000,2833.0000,2832.2000,2831.6000,2831.2000,2834.8000,2835.0000,2835.8000,2836.6000,2837.0000,1,1,1,1,1,1,5,1,2,2
SF,IH2007,2020-06-04 09:32:28.700,2834.0000,6786,0,117283920.000,0,-,-,-,-,2833.4000,2833.2000,2832.2000,2831.6000,2831.2000,2834.8000,2835.0000,2835.8000,2836.6000,2837.0000,1,2,1,1,1,1,5,1,2,2
SF,IH2007,2020-06-04 09:32:30.200,2833.4000,6785,-1,118133940.000,1,0,1,双平,S,2833.2000,2832.2000,2831.6000,2831.2000,2830.0000,2834.8000,2835.0000,2835.8000,2836.6000,2837.0000,2,1,1,1,3,1,5,1,2,2
SF,IH2007,2020-06-04 09:32:30.700,2833.4000,6785,0,118133940.000,0,-,-,-,-,2833.4000,2833.2000,2831.6000,2831.2000,2830.0000,2834.6000,2834.8000,2835.0000,2835.8000,2836.6000,1,2,1,1,3,1,1,5,1,2
SF,IH2007,2020-06-04 09:32:31.200,2833.4000,6785,0,118133940.000,0,-,-,-,-,2833.4000,2833.2000,2831.6000,2831.2000,2830.0000,2834.6000,2834.8000,2835.0000,2835.8000,2836.6000,1,1,1,1,3,1,1,5,1,2
SF,IH2007,2020-06-04 09:32:32.200,2833.4000,6785,0,118133940.000,0,-,-,-,-,2833.4000,2833.2000,2831.6000,2831.2000,2830.0000,2834.6000,2834.8000,2835.0000,2835.8000,2836.6000,1,1,1,1,3,1,4,2,1,2
SF,IH2007,2020-06-04 09:32:32.700,2833.4000,6784,-1,118983960.000,1,0,1,双平,S,2833.2000,2831.6000,2831.2000,2830.0000,2828.8000,2834.6000,2834.8000,2835.0000,2835.8000,2836.6000,1,1,1,3,1,1,4,2,1,2
SF,IH2007,2020-06-04 09:32:33.200,2833.4000,6784,0,118983960.000,0,-,-,-,-,2833.2000,2831.6000,2831.2000,2830.0000,2828.8000,2834.6000,2834.8000,2835.0000,2835.8000,2836.6000,1,1,1,3,1,1,4,2,2,2
SF,IH2007,2020-06-04 09:32:33.700,2833.4000,6784,0,118983960.000,0,-,-,-,-,2833.2000,2831.6000,2831.2000,2830.0000,2828.8000,2834.6000,2834.8000,2835.0000,2835.8000,2836.6000,1,1,1,3,1,1,4,2,2,2
SF,IH2007,2020-06-04 09:32:34.200,2833.4000,6784,0,118983960.000,0,-,-,-,-,2833.2000,2831.6000,2831.2000,2830.0000,2828.8000,2834.6000,2834.8000,2835.0000,2835.8000,2836.6000,1,1,1,3,1,1,3,2,2,2
SF,IH2007,2020-06-04 09:32:34.700,2833.4000,6784,0,118983960.000,0,-,-,-,-,2833.2000,2831.6000,2831.2000,2830.0000,2828.8000,2834.6000,2834.8000,2835.0000,2835.8000,2836.6000,1,1,1,3,1,1,3,2,2,2
SF,IH2007,2020-06-04 09:32:35.200,2833.4000,6784,0,118983960.000,0,-,-,-,-,2833.2000,2831.6000,2831.2000,2830.0000,2828.8000,2834.6000,2834.8000,2835.0000,2835.8000,2836.6000,1,1,1,3,1,1,3,2,2,2
SF,IH2007,2020-06-04 09:32:36.200,2833.2000,6784,0,119833920.000,1,0,1,多换,S,2831.6000,2831.2000,2830.0000,2828.8000,2828.0000,2834.6000,2834.8000,2835.0000,2835.8000,2836.6000,1,1,3,1,1,1,3,2,2,2
SF,IH2007,2020-06-04 09:32:36.700,2833.2000,6784,0,119833920.000,0,-,-,-,-,2832.0000,2831.8000,2831.6000,2831.2000,2830.0000,2834.4000,2834.6000,2834.8000,2835.0000,2835.8000,2,15,3,1,3,1,1,3,2,2
SF,IH2007,2020-06-04 09:32:37.200,2833.2000,6784,0,119833920.000,0,-,-,-,-,2832.2000,2832.0000,2831.8000,2831.6000,2831.2000,2834.2000,2834.4000,2834.8000,2835.0000,2835.8000,7,3,10,2,1,1,1,3,2,2
SF,IH2007,2020-06-04 09:32:37.700,2834.0000,6784,0,120684120.000,1,0,1,多换,S,2832.4000,2832.2000,2832.0000,2831.8000,2831.6000,2834.2000,2834.8000,2835.0000,2835.8000,2836.6000,2,8,3,8,2,1,3,2,2,2
SF,IH2007,2020-06-04 09:32:38.200,2834.0000,6784,0,120684120.000,0,-,-,-,-,2832.6000,2832.4000,2832.2000,2832.0000,2831.8000,2834.8000,2835.0000,2835.8000,2836.6000,2837.0000,4,2,6,3,8,3,2,2,2,2
SF,IH2007,2020-06-04 09:32:38.700,2834.0000,6784,0,120684120.000,0,-,-,-,-,2832.8000,2832.6000,2832.4000,2832.2000,2832.0000,2834.6000,2834.8000,2835.0000,2835.8000,2836.6000,1,4,1,6,3,1,3,2,2,2
SF,IH2007,2020-06-04 09:32:39.200,2834.0000,6784,0,120684120.000,0,-,-,-,-,2832.8000,2832.6000,2832.4000,2832.2000,2832.0000,2834.6000,2834.8000,2835.0000,2835.8000,2836.6000,1,3,1,6,3,1,3,2,2,2
SF,IH2007,2020-06-04 09:32:39.700,2834.0000,6784,0,120684120.000,0,-,-,-,-,2833.2000,2832.8000,2832.6000,2832.4000,2832.2000,2834.4000,2834.6000,2834.8000,2835.0000,2835.8000,1,1,2,1,6,1,1,3,2,2
SF,IH2007,2020-06-04 09:32:40.200,2834.0000,6784,0,120684120.000,0,-,-,-,-,2832.6000,2832.2000,2832.0000,2831.8000,2831.6000,2834.2000,2834.4000,2834.8000,2835.0000,2835.8000,2,6,3,7,1,1,1,3,2,2
SF,IH2007,2020-06-04 09:32:40.700,2834.0000,6784,0,120684120.000,0,-,-,-,-,2832.8000,2832.6000,2832.2000,2832.0000,2831.8000,2834.2000,2834.8000,2835.0000,2835.8000,2836.6000,4,1,1,2,7,1,3,2,2,2
SF,IH2007,2020-06-04 09:32:41.200,2834.0000,6784,0,120684120.000,0,-,-,-,-,2832.8000,2832.6000,2832.2000,2832.0000,2831.8000,2834.2000,2834.8000,2835.0000,2835.8000,2836.6000,5,1,1,2,7,1,3,2,2,2
SF,IH2007,2020-06-04 09:32:41.700,2834.0000,6784,0,120684120.000,0,-,-,-,-,2832.8000,2832.6000,2832.2000,2832.0000,2831.8000,2834.2000,2834.8000,2835.0000,2835.8000,2836.6000,5,1,1,2,7,2,3,2,2,2
SF,IH2007,2020-06-04 09:32:42.200,2834.0000,6784,0,120684120.000,0,-,-,-,-,2833.0000,2832.8000,2832.6000,2832.2000,2832.0000,2834.2000,2834.8000,2835.0000,2835.8000,2836.6000,1,4,1,1,2,2,3,2,2,2
SF,IH2007,2020-06-04 09:32:42.700,2834.0000,6784,0,120684120.000,0,-,-,-,-,2833.0000,2832.8000,2832.6000,2832.2000,2832.0000,2834.2000,2834.8000,2835.0000,2835.8000,2836.6000,1,3,1,1,2,2,3,2,2,2
SF,IH2007,2020-06-04 09:32:43.200,2834.0000,6784,0,120684120.000,0,-,-,-,-,2833.0000,2832.6000,2832.4000,2832.2000,2832.0000,2834.2000,2834.8000,2835.0000,2835.8000,2836.6000,1,1,1,1,2,2,3,2,2,2
SF,IH2007,2020-06-04 09:32:45.200,2834.0000,6784,0,120684120.000,0,-,-,-,-,2833.0000,2832.6000,2832.4000,2832.2000,2832.0000,2834.2000,2834.4000,2834.8000,2835.0000,2835.8000,1,1,1,1,2,2,1,3,2,2
SF,IH2007,2020-06-04 09:32:47.700,2834.2000,6783,-1,122384640.000,2,0,2,多平,S,2833.0000,2832.6000,2832.4000,2832.2000,2832.0000,2834.4000,2834.8000,2835.0000,2835.8000,2836.6000,1,1,1,1,2,1,3,2,2,2
SF,IH2007,2020-06-04 09:32:48.200,2834.2000,6783,0,122384640.000,0,-,-,-,-,2833.2000,2833.0000,2832.6000,2832.4000,2832.2000,2834.2000,2834.4000,2834.8000,2835.0000,2835.8000,1,2,1,1,1,1,1,3,2,2
SF,IH2007,2020-06-04 09:32:49.700,2834.2000,6783,0,122384640.000,0,-,-,-,-,2833.2000,2833.0000,2832.6000,2832.4000,2832.2000,2834.2000,2834.4000,2834.8000,2835.0000,2835.8000,1,2,1,1,1,1,1,3,2,2
SF,IH2007,2020-06-04 09:32:50.200,2834.2000,6783,0,122384640.000,0,-,-,-,-,2833.4000,2833.2000,2833.0000,2832.6000,2832.4000,2834.4000,2834.8000,2835.0000,2835.8000,2836.6000,2,1,2,1,1,1,3,2,2,2
SF,IH2007,2020-06-04 09:32:50.700,2834.2000,6783,0,122384640.000,0,-,-,-,-,2833.6000,2833.4000,2833.0000,2832.6000,2832.4000,2834.4000,2834.8000,2835.0000,2835.8000,2836.6000,1,3,1,1,1,1,3,2,2,2
SF,IH2007,2020-06-04 09:32:51.200,2834.2000,6783,0,122384640.000,0,-,-,-,-,2833.6000,2833.4000,2833.0000,2832.6000,2832.4000,2834.4000,2834.8000,2835.0000,2835.8000,2836.6000,1,3,1,1,1,1,3,2,2,2
SF,IH2007,2020-06-04 09:32:54.200,2833.6000,6782,-1,123234720.000,1,0,1,双平,S,2833.4000,2833.0000,2832.6000,2832.4000,2832.2000,2834.4000,2834.8000,2835.0000,2835.8000,2836.6000,3,1,1,1,1,1,3,2,2,2
SF,IH2007,2020-06-04 09:32:54.700,2833.6000,6782,0,123234720.000,0,-,-,-,-,2833.4000,2833.0000,2832.6000,2832.4000,2832.2000,2834.2000,2834.4000,2834.8000,2835.0000,2835.8000,2,1,1,1,1,1,1,3,2,2
SF,IH2007,2020-06-04 09:32:56.200,2833.6000,6782,0,123234720.000,0,-,-,-,-,2833.6000,2833.4000,2833.0000,2832.6000,2832.4000,2834.2000,2834.4000,2834.8000,2835.0000,2835.8000,1,2,1,1,1,1,1,3,2,2
SF,IH2007,2020-06-04 09:32:56.700,2833.6000,6781,-1,124084800.000,1,0,1,双平,S,2833.4000,2833.0000,2832.6000,2832.4000,2832.2000,2834.2000,2834.4000,2834.8000,2835.0000,2835.8000,2,1,1,1,1,1,1,3,2,2
SF,IH2007,2020-06-04 09:32:57.200,2833.4000,6779,-2,125784840.000,2,0,2,双平,S,2833.0000,2832.4000,2832.2000,2831.8000,2831.6000,2834.2000,2834.4000,2834.8000,2835.0000,2835.8000,1,1,1,4,1,1,1,3,2,2
SF,IH2007,2020-06-04 09:32:57.700,2833.0000,6779,0,126634740.000,1,0,1,多换,S,2832.4000,2832.2000,2831.8000,2831.6000,2830.0000,2834.2000,2834.4000,2834.8000,2835.0000,2835.8000,1,1,4,1,3,1,1,3,2,2
SF,IH2007,2020-06-04 09:32:58.200,2833.0000,6779,0,126634740.000,0,-,-,-,-,2832.6000,2832.4000,2831.8000,2831.6000,2830.0000,2834.0000,2834.2000,2834.4000,2834.8000,2835.0000,1,1,2,1,3,1,1,1,3,2
SF,IH2007,2020-06-04 09:32:58.700,2833.0000,6779,0,126634740.000,0,-,-,-,-,2832.6000,2832.4000,2831.8000,2830.0000,2828.8000,2833.8000,2834.0000,2834.4000,2834.8000,2835.0000,1,1,1,3,1,1,1,1,3,2
SF,IH2007,2020-06-04 09:33:00.700,2833.0000,6779,0,126634740.000,0,-,-,-,-,2832.4000,2831.8000,2830.0000,2828.8000,2828.0000,2833.8000,2834.0000,2834.4000,2834.8000,2835.0000,1,1,3,1,1,1,1,1,3,2
SF,IH2007,2020-06-04 09:33:01.200,2832.4000,6778,-1,127484460.000,1,0,1,双平,S,2831.8000,2830.0000,2828.8000,2828.0000,2825.4000,2833.6000,2833.8000,2834.0000,2834.4000,2834.8000,1,3,1,1,1,1,1,1,1,3
SF,IH2007,2020-06-04 09:33:01.700,2832.4000,6778,0,127484460.000,0,-,-,-,-,2830.0000,2828.8000,2828.0000,2825.4000,2824.2000,2833.4000,2833.6000,2834.0000,2834.4000,2834.8000,3,1,1,1,4,1,3,1,1,3
SF,IH2007,2020-06-04 09:33:02.200,2832.4000,6778,0,127484460.000,0,-,-,-,-,2830.2000,2830.0000,2828.8000,2828.0000,2825.4000,2833.2000,2833.4000,2833.6000,2834.0000,2834.4000,13,4,1,1,1,2,1,3,1,1
SF,IH2007,2020-06-04 09:33:02.700,2832.4000,6778,0,127484460.000,0,-,-,-,-,2830.2000,2830.0000,2828.8000,2828.0000,2825.4000,2833.0000,2833.2000,2833.6000,2834.0000,2834.4000,12,4,1,1,1,1,2,3,1,1
SF,IH2007,2020-06-04 09:33:03.200,2832.4000,6778,0,127484460.000,0,-,-,-,-,2830.2000,2830.0000,2828.8000,2828.0000,2825.4000,2833.0000,2833.2000,2833.6000,2834.0000,2834.4000,10,3,1,1,1,1,2,3,1,1
SF,IH2007,2020-06-04 09:33:04.700,2832.4000,6778,0,127484460.000,0,-,-,-,-,2830.2000,2830.0000,2828.8000,2828.0000,2825.4000,2833.0000,2833.2000,2833.6000,2834.0000,2834.4000,9,3,1,1,1,1,2,3,1,1
SF,IH2007,2020-06-04 09:33:05.200,2832.4000,6778,0,127484460.000,0,-,-,-,-,2830.2000,2830.0000,2828.8000,2828.0000,2825.4000,2833.0000,2833.2000,2833.6000,2834.0000,2834.4000,8,3,1,1,1,1,2,3,1,1
SF,IH2007,2020-06-04 09:33:09.200,2832.4000,6778,0,127484460.000,0,-,-,-,-,2830.6000,2830.2000,2830.0000,2828.8000,2828.0000,2833.0000,2833.2000,2833.6000,2834.0000,2834.4000,1,8,3,1,1,1,2,3,1,1
SF,IH2007,2020-06-04 09:33:10.200,2832.4000,6778,0,127484460.000,0,-,-,-,-,2830.6000,2830.2000,2830.0000,2828.8000,2828.0000,2833.0000,2833.2000,2833.6000,2834.0000,2834.4000,1,8,3,1,1,1,2,3,1,1
SF,IH2007,2020-06-04 09:33:11.200,2832.4000,6778,0,127484460.000,0,-,-,-,-,2830.6000,2830.2000,2830.0000,2828.8000,2828.0000,2832.8000,2833.0000,2833.2000,2833.6000,2834.0000,1,8,3,1,1,1,1,2,3,1
SF,IH2007,2020-06-04 09:33:11.700,2832.4000,6778,0,127484460.000,0,-,-,-,-,2830.6000,2830.2000,2830.0000,2828.8000,2828.0000,2832.6000,2832.8000,2833.2000,2833.6000,2834.0000,1,8,3,1,1,1,1,2,3,1
SF,IH2007,2020-06-04 09:33:12.200,2830.6000,6778,0,128333640.000,1,0,1,多换,S,2830.2000,2830.0000,2828.8000,2828.0000,2825.4000,2830.6000,2832.4000,2832.6000,2833.2000,2833.6000,5,3,1,1,1,3,1,1,2,3
SF,IH2007,2020-06-04 09:33:12.700,2830.6000,6777,-1,130881180.000,3,1,2,多平,S,2830.6000,2830.0000,2828.8000,2828.0000,2825.4000,2832.6000,2833.2000,2833.6000,2834.4000,2834.8000,1,3,1,1,1,1,2,3,1,3
SF,IH2007,2020-06-04 09:33:13.200,2832.4000,6776,-1,131730900.000,1,0,1,双平,S,2830.0000,2828.8000,2828.0000,2825.4000,2824.2000,2832.4000,2832.6000,2833.2000,2833.6000,2834.4000,3,1,1,1,4,1,1,2,3,1
SF,IH2007,2020-06-04 09:33:13.700,2832.4000,6776,0,131730900.000,0,-,-,-,-,2830.0000,2828.8000,2828.0000,2825.4000,2824.2000,2832.2000,2832.4000,2833.2000,2833.6000,2834.4000,3,1,1,1,4,1,1,2,3,1
SF,IH2007,2020-06-04 09:33:14.200,2832.4000,6776,0,131730900.000,0,-,-,-,-,2830.0000,2828.8000,2828.0000,2825.4000,2824.2000,2832.2000,2833.2000,2833.6000,2834.4000,2834.8000,3,1,1,1,4,1,2,2,1,3
SF,IH2007,2020-06-04 09:33:14.700,2832.4000,6776,0,131730900.000,0,-,-,-,-,2830.2000,2830.0000,2828.8000,2828.0000,2825.4000,2831.6000,2832.2000,2833.6000,2834.4000,2834.8000,1,3,1,1,1,1,1,2,1,3
SF,IH2007,2020-06-04 09:33:15.200,2832.4000,6776,0,131730900.000,0,-,-,-,-,2830.2000,2830.0000,2828.8000,2828.0000,2825.4000,2831.4000,2831.6000,2833.6000,2834.4000,2834.8000,1,3,1,1,1,1,1,2,1,3
SF,IH2007,2020-06-04 09:33:15.700,2832.4000,6776,0,131730900.000,0,-,-,-,-,2830.0000,2828.8000,2828.0000,2825.4000,2824.2000,2831.4000,2831.6000,2833.6000,2834.4000,2834.8000,3,1,1,1,4,1,1,2,1,3
SF,IH2007,2020-06-04 09:33:16.200,2832.4000,6776,0,131730900.000,0,-,-,-,-,2830.0000,2828.8000,2828.0000,2825.4000,2824.2000,2831.4000,2831.6000,2833.6000,2834.4000,2834.8000,3,1,1,1,4,1,1,2,1,3
SF,IH2007,2020-06-04 09:33:16.700,2830.0000,6776,0,134277900.000,3,1,2,多换,S,2828.8000,2828.0000,2825.4000,2824.2000,2823.6000,2831.4000,2831.6000,2833.6000,2834.4000,2834.8000,1,1,1,4,6,1,1,2,1,3
SF,IH2007,2020-06-04 09:33:17.200,2830.0000,6776,0,134277900.000,0,-,-,-,-,2829.0000,2828.8000,2828.0000,2825.4000,2824.2000,2831.4000,2831.6000,2833.6000,2834.4000,2834.8000,2,1,1,1,4,1,1,2,1,3
SF,IH2007,2020-06-04 09:33:17.700,2830.0000,6776,0,134277900.000,0,-,-,-,-,2829.0000,2828.8000,2828.0000,2825.4000,2824.2000,2831.2000,2831.4000,2831.6000,2833.6000,2834.4000,1,1,1,1,4,2,1,1,2,1
SF,IH2007,2020-06-04 09:33:18.200,2830.0000,6776,0,134277900.000,0,-,-,-,-,2829.0000,2828.8000,2828.0000,2825.4000,2824.2000,2831.0000,2831.2000,2831.6000,2834.4000,2834.8000,1,1,1,1,4,1,5,1,1,8
SF,IH2007,2020-06-04 09:33:18.700,2830.0000,6776,0,134277900.000,0,-,-,-,-,2829.0000,2828.8000,2828.0000,2825.4000,2824.2000,2830.8000,2831.0000,2831.2000,2831.6000,2834.4000,1,1,1,1,4,3,1,4,1,1
SF,IH2007,2020-06-04 09:33:19.200,2830.0000,6776,0,134277900.000,0,-,-,-,-,2829.2000,2829.0000,2828.8000,2828.0000,2825.4000,2830.6000,2830.8000,2831.2000,2831.6000,2834.4000,1,1,1,1,1,1,3,3,1,1
SF,IH2007,2020-06-04 09:33:19.700,2830.0000,6776,0,134277900.000,0,-,-,-,-,2829.2000,2828.8000,2828.0000,2825.4000,2824.2000,2830.6000,2830.8000,2831.2000,2831.6000,2834.4000,1,1,1,1,4,1,1,3,1,1
SF,IH2007,2020-06-04 09:33:21.200,2830.0000,6776,0,134277900.000,0,-,-,-,-,2828.8000,2828.0000,2825.4000,2824.2000,2823.6000,2830.6000,2830.8000,2831.2000,2831.6000,2834.4000,1,1,1,4,6,1,1,3,1,1
SF,IH2007,2020-06-04 09:33:22.200,2830.0000,6776,0,134277900.000,0,-,-,-,-,2829.0000,2828.8000,2828.0000,2825.4000,2824.2000,2830.6000,2830.8000,2831.2000,2831.6000,2834.4000,1,1,1,1,4,1,1,3,1,1
SF,IH2007,2020-06-04 09:33:22.700,2830.0000,6776,0,134277900.000,0,-,-,-,-,2829.2000,2829.0000,2828.8000,2828.0000,2825.4000,2830.6000,2831.2000,2831.6000,2834.4000,2834.8000,1,1,1,1,1,1,3,1,1,3
SF,IH2007,2020-06-04 09:33:23.200,2829.2000,6775,-1,135126660.000,1,0,1,双平,S,2829.0000,2828.8000,2828.0000,2825.4000,2824.2000,2830.6000,2831.2000,2831.6000,2834.4000,2834.8000,1,1,1,1,4,1,3,1,1,3
SF,IH2007,2020-06-04 09:33:24.200,2829.2000,6775,0,135126660.000,0,-,-,-,-,2829.2000,2829.0000,2828.8000,2828.0000,2825.4000,2830.6000,2831.2000,2831.6000,2834.4000,2834.8000,6,1,1,1,1,1,3,1,1,3
SF,IH2007,2020-06-04 09:33:24.700,2829.2000,6775,0,135126660.000,0,-,-,-,-,2829.2000,2828.8000,2828.0000,2825.4000,2823.6000,2830.4000,2830.6000,2831.2000,2831.6000,2834.4000,1,1,1,1,6,1,1,3,1,1
SF,IH2007,2020-06-04 09:33:25.200,2829.2000,6775,0,135126660.000,0,-,-,-,-,2829.2000,2828.8000,2828.0000,2825.4000,2823.6000,2830.2000,2830.4000,2831.2000,2831.6000,2834.4000,4,1,1,1,6,1,1,3,1,1
SF,IH2007,2020-06-04 09:33:25.700,2829.2000,6775,0,135126660.000,0,-,-,-,-,2829.2000,2828.8000,2828.0000,2825.4000,2823.6000,2830.2000,2830.4000,2831.2000,2831.6000,2834.4000,1,1,1,1,6,1,1,3,1,1
SF,IH2007,2020-06-04 09:33:26.200,2829.2000,6775,0,135126660.000,0,-,-,-,-,2829.2000,2828.8000,2828.0000,2825.4000,2823.6000,2830.2000,2830.4000,2831.2000,2831.6000,2834.4000,1,1,1,1,6,1,1,3,1,1
SF,IH2007,2020-06-04 09:33:26.700,2829.2000,6774,-1,135975420.000,1,0,1,双平,S,2828.8000,2828.0000,2825.4000,2823.6000,2823.4000,2830.2000,2830.4000,2831.2000,2831.6000,2834.4000,1,1,1,6,5,1,1,3,1,1
SF,IH2007,2020-06-04 09:33:29.700,2829.2000,6774,0,135975420.000,0,-,-,-,-,2829.0000,2828.8000,2828.0000,2825.4000,2823.6000,2830.2000,2830.4000,2831.2000,2831.6000,2834.4000,3,1,1,1,6,1,1,3,1,1
SF,IH2007,2020-06-04 09:33:30.200,2829.2000,6774,0,135975420.000,0,-,-,-,-,2828.8000,2828.0000,2825.4000,2823.6000,2823.4000,2830.2000,2830.4000,2831.2000,2831.6000,2834.4000,1,1,1,6,5,1,1,3,1,1
SF,IH2007,2020-06-04 09:33:32.200,2829.2000,6774,0,135975420.000,0,-,-,-,-,2828.8000,2828.0000,2825.4000,2823.6000,2823.4000,2830.2000,2830.4000,2831.2000,2831.6000,2834.4000,1,1,1,6,5,1,1,3,1,1
SF,IH2007,2020-06-04 09:33:34.200,2829.2000,6774,0,135975420.000,0,-,-,-,-,2828.8000,2828.0000,2825.4000,2823.6000,2823.4000,2830.2000,2830.4000,2831.2000,2834.4000,2834.8000,1,1,1,6,5,1,1,3,1,3
SF,IH2007,2020-06-04 09:33:34.700,2829.2000,6774,0,135975420.000,0,-,-,-,-,2828.8000,2828.0000,2825.4000,2823.6000,2823.4000,2830.2000,2830.4000,2831.2000,2834.4000,2834.6000,1,1,1,6,5,1,1,3,1,3
SF,IH2007,2020-06-04 09:33:35.700,2829.2000,6774,0,135975420.000,0,-,-,-,-,2829.0000,2828.8000,2828.0000,2825.4000,2823.6000,2830.2000,2830.4000,2831.2000,2834.4000,2834.6000,1,2,1,1,6,1,1,3,1,3
SF,IH2007,2020-06-04 09:33:36.700,2829.2000,6774,0,135975420.000,0,-,-,-,-,2829.0000,2828.8000,2828.0000,2825.4000,2823.6000,2830.2000,2830.4000,2831.2000,2834.4000,2834.6000,1,2,1,1,6,1,1,3,1,4
SF,IH2007,2020-06-04 09:33:37.700,2829.2000,6774,0,135975420.000,0,-,-,-,-,2829.0000,2828.8000,2828.0000,2825.4000,2823.6000,2830.2000,2830.4000,2831.2000,2834.4000,2834.6000,3,2,1,1,6,1,1,3,1,4
SF,IH2007,2020-06-04 09:33:38.200,2829.0000,6773,-1,136824120.000,1,0,1,双平,S,2829.0000,2828.8000,2828.0000,2825.4000,2823.6000,2830.2000,2830.4000,2831.2000,2834.4000,2834.6000,2,1,1,1,6,1,1,3,1,4
SF,IH2007,2020-06-04 09:33:39.200,2829.0000,6774,1,137672820.000,1,1,0,双开,S,2829.0000,2828.8000,2828.0000,2825.4000,2823.6000,2830.2000,2830.4000,2831.2000,2834.4000,2834.6000,1,1,1,1,6,1,1,3,1,4
SF,IH2007,2020-06-04 09:33:41.700,2829.0000,6774,0,138521520.000,1,0,1,多换,S,2828.8000,2828.0000,2825.4000,2823.6000,2823.4000,2830.2000,2830.4000,2831.2000,2834.4000,2834.6000,1,1,1,6,5,1,1,3,1,4
SF,IH2007,2020-06-04 09:33:42.200,2828.8000,6773,-1,139370160.000,1,0,1,双平,S,2828.0000,2825.4000,2823.6000,2823.4000,2821.0000,2830.2000,2830.4000,2831.2000,2834.4000,2834.6000,1,1,6,5,8,1,1,3,1,4
SF,IH2007,2020-06-04 09:33:42.700,2828.8000,6773,0,139370160.000,0,-,-,-,-,2828.0000,2825.4000,2823.6000,2823.4000,2821.0000,2830.2000,2830.4000,2831.2000,2834.4000,2834.6000,1,1,6,5,8,1,1,3,1,4
SF,IH2007,2020-06-04 09:33:43.200,2828.8000,6773,0,139370160.000,0,-,-,-,-,2828.0000,2825.4000,2823.6000,2823.4000,2821.0000,2830.2000,2830.4000,2831.2000,2834.4000,2834.6000,1,1,6,5,8,1,1,3,1,4
SF,IH2007,2020-06-04 09:33:43.700,2828.8000,6773,0,139370160.000,0,-,-,-,-,2828.0000,2825.4000,2823.6000,2823.4000,2821.0000,2830.2000,2830.4000,2831.2000,2834.4000,2834.6000,1,1,6,5,8,1,1,3,1,4
SF,IH2007,2020-06-04 09:33:44.200,2828.8000,6773,0,139370160.000,0,-,-,-,-,2828.0000,2825.4000,2823.6000,2823.4000,2821.0000,2830.2000,2830.4000,2831.2000,2834.4000,2834.6000,1,1,6,5,8,1,1,3,1,4
SF,IH2007,2020-06-04 09:33:45.700,2828.8000,6773,0,139370160.000,0,-,-,-,-,2828.0000,2825.4000,2823.6000,2823.4000,2821.0000,2830.2000,2830.4000,2831.2000,2834.4000,2834.6000,1,1,6,5,8,1,1,3,1,4
SF,IH2007,2020-06-04 09:33:46.200,2828.8000,6773,0,139370160.000,0,-,-,-,-,2828.0000,2825.4000,2823.6000,2823.4000,2821.0000,2830.2000,2830.4000,2831.2000,2834.4000,2834.6000,1,1,6,5,8,1,1,3,1,4
SF,IH2007,2020-06-04 09:33:46.700,2828.8000,6773,0,139370160.000,0,-,-,-,-,2828.0000,2825.4000,2823.6000,2823.4000,2821.0000,2830.2000,2830.4000,2831.2000,2833.0000,2834.4000,1,1,6,5,8,1,1,3,1,1
SF,IH2007,2020-06-04 09:33:47.200,2828.8000,6773,0,139370160.000,0,-,-,-,-,2828.0000,2825.4000,2823.6000,2823.4000,2821.0000,2829.8000,2830.2000,2830.4000,2831.2000,2833.0000,1,1,6,5,8,2,1,1,3,1
SF,IH2007,2020-06-04 09:33:47.700,2828.8000,6773,0,139370160.000,0,-,-,-,-,2828.0000,2825.4000,2823.6000,2823.4000,2821.0000,2829.6000,2829.8000,2830.4000,2831.2000,2833.0000,1,1,6,5,8,1,2,1,3,1
SF,IH2007,2020-06-04 09:33:48.200,2828.8000,6773,0,139370160.000,0,-,-,-,-,2828.0000,2825.4000,2823.6000,2823.4000,2821.0000,2829.4000,2829.6000,2829.8000,2830.4000,2831.2000,1,1,6,5,8,1,1,2,1,3
SF,IH2007,2020-06-04 09:33:48.700,2828.8000,6773,0,139370160.000,0,-,-,-,-,2828.0000,2825.4000,2823.6000,2823.4000,2821.0000,2829.2000,2829.4000,2829.8000,2830.4000,2831.2000,1,1,6,5,8,1,1,2,1,3
SF,IH2007,2020-06-04 09:33:49.200,2828.8000,6773,0,139370160.000,0,-,-,-,-,2828.0000,2825.4000,2823.6000,2821.0000,2820.0000,2829.2000,2829.4000,2829.8000,2830.4000,2831.2000,1,1,6,8,1,1,1,2,1,3
SF,IH2007,2020-06-04 09:33:49.700,2828.0000,6773,0,140218560.000,1,0,1,多换,S,2825.4000,2823.6000,2821.0000,2820.0000,2819.6000,2828.0000,2829.2000,2829.4000,2829.8000,2830.4000,1,6,8,1,5,1,1,1,2,1
SF,IH2007,2020-06-04 09:33:50.200,2828.0000,6772,-1,141066960.000,1,0,1,双平,S,2827.0000,2825.8000,2825.6000,2825.4000,2823.6000,2829.2000,2830.4000,2831.2000,2833.0000,2834.4000,3,1,15,3,6,1,1,3,1,1
SF,IH2007,2020-06-04 09:33:50.700,2828.0000,6772,0,141066960.000,0,-,-,-,-,2827.0000,2826.6000,2825.8000,2825.6000,2825.4000,2829.2000,2830.4000,2831.2000,2833.0000,2834.4000,3,1,1,17,3,1,1,3,1,1
SF,IH2007,2020-06-04 09:33:51.700,2828.0000,6772,0,141066960.000,0,-,-,-,-,2825.8000,2825.6000,2825.4000,2822.2000,2821.0000,2829.2000,2830.4000,2831.2000,2833.0000,2834.4000,1,17,3,6,8,1,1,3,1,1
SF,IH2007,2020-06-04 09:33:52.200,2828.0000,6772,0,141066960.000,0,-,-,-,-,2826.8000,2826.6000,2826.4000,2826.0000,2825.8000,2829.2000,2830.4000,2831.2000,2833.0000,2834.4000,3,2,1,14,3,1,1,3,1,1
SF,IH2007,2020-06-04 09:33:52.700,2828.0000,6772,0,141066960.000,0,-,-,-,-,2827.0000,2826.8000,2826.6000,2826.4000,2826.0000,2829.2000,2830.4000,2831.2000,2833.0000,2834.4000,2,3,2,1,13,1,1,3,1,1
SF,IH2007,2020-06-04 09:33:53.200,2828.0000,6772,0,141066960.000,0,-,-,-,-,2827.0000,2826.8000,2826.6000,2826.4000,2826.0000,2829.2000,2830.4000,2831.2000,2833.0000,2834.4000,2,3,2,1,13,1,1,3,1,1
SF,IH2007,2020-06-04 09:33:53.700,2828.0000,6772,0,141066960.000,0,-,-,-,-,2827.2000,2827.0000,2826.8000,2826.6000,2826.4000,2829.2000,2830.4000,2831.2000,2833.0000,2834.4000,2,2,3,2,1,1,1,3,1,1
SF,IH2007,2020-06-04 09:33:54.200,2828.0000,6772,0,141066960.000,0,-,-,-,-,2827.2000,2827.0000,2826.8000,2826.6000,2826.4000,2829.2000,2830.4000,2831.2000,2833.0000,2834.4000,2,2,3,2,1,1,1,3,1,1
SF,IH2007,2020-06-04 09:33:54.700,2827.4000,6770,-2,142763940.000,2,0,2,双平,S,2827.4000,2827.2000,2826.8000,2826.6000,2826.4000,2830.4000,2831.2000,2833.0000,2834.4000,2834.6000,9,3,3,2,1,1,2,1,1,4
SF,IH2007,2020-06-04 09:33:55.200,2827.4000,6770,0,142763940.000,0,-,-,-,-,2827.6000,2827.4000,2827.2000,2826.8000,2826.6000,2830.2000,2830.4000,2831.2000,2833.0000,2834.4000,4,9,4,3,2,1,1,2,1,1
SF,IH2007,2020-06-04 09:33:55.700,2827.4000,6770,0,142763940.000,0,-,-,-,-,2827.8000,2827.6000,2827.4000,2827.2000,2826.8000,2830.2000,2830.4000,2831.2000,2833.0000,2834.4000,3,4,6,4,3,1,1,2,1,1
SF,IH2007,2020-06-04 09:33:56.200,2827.4000,6770,0,142763940.000,0,-,-,-,-,2829.2000,2828.0000,2827.8000,2827.6000,2827.4000,2830.2000,2830.4000,2831.2000,2833.0000,2834.4000,1,2,5,3,6,1,1,2,1,1
SF,IH2007,2020-06-04 09:33:56.700,2829.2000,6770,0,143612700.000,1,0,1,多换,S,2828.2000,2828.0000,2827.8000,2827.6000,2827.4000,2830.0000,2830.2000,2830.4000,2831.2000,2833.0000,1,1,3,3,6,1,1,1,2,1
SF,IH2007,2020-06-04 09:33:57.200,2829.2000,6770,0,143612700.000,0,-,-,-,-,2828.4000,2828.2000,2827.8000,2827.6000,2827.4000,2829.8000,2830.0000,2830.4000,2831.2000,2833.0000,1,1,2,2,6,1,1,1,2,1
SF,IH2007,2020-06-04 09:33:58.200,2829.2000,6770,0,143612700.000,0,-,-,-,-,2828.4000,2828.2000,2827.8000,2827.6000,2827.4000,2829.8000,2830.0000,2830.4000,2831.2000,2833.0000,1,1,2,2,6,1,1,1,2,1
SF,IH2007,2020-06-04 09:33:58.700,2829.2000,6770,0,143612700.000,0,-,-,-,-,2828.6000,2828.4000,2828.2000,2827.8000,2827.6000,2829.8000,2830.0000,2830.4000,2831.2000,2833.0000,1,1,1,2,1,1,1,1,2,1
SF,IH2007,2020-06-04 09:33:59.200,2829.2000,6770,0,143612700.000,0,-,-,-,-,2828.8000,2828.6000,2828.2000,2827.8000,2827.6000,2829.8000,2830.0000,2830.4000,2831.2000,2833.0000,1,1,1,2,1,1,1,1,2,1
SF,IH2007,2020-06-04 09:33:59.700,2829.2000,6770,0,143612700.000,0,-,-,-,-,2828.8000,2828.6000,2827.8000,2827.6000,2827.4000,2830.4000,2831.2000,2833.0000,2834.4000,2834.6000,1,1,2,1,4,1,2,1,1,4
SF,IH2007,2020-06-04 09:34:00.200,2829.2000,6770,0,143612700.000,0,-,-,-,-,2829.0000,2828.8000,2828.6000,2827.8000,2827.6000,2830.4000,2831.2000,2833.0000,2834.4000,2834.6000,1,1,1,3,1,1,2,1,1,4
SF,IH2007,2020-06-04 09:34:00.700,2829.2000,6770,0,143612700.000,0,-,-,-,-,2829.2000,2829.0000,2828.6000,2827.8000,2827.6000,2830.2000,2830.4000,2831.2000,2833.0000,2834.4000,1,1,1,3,1,1,1,2,1,1
SF,IH2007,2020-06-04 09:34:01.200,2829.2000,6769,-1,144461460.000,1,0,1,双平,S,2829.0000,2828.6000,2827.8000,2827.6000,2827.4000,2830.2000,2830.4000,2831.2000,2833.0000,2834.4000,1,1,3,1,4,1,1,2,1,4
SF,IH2007,2020-06-04 09:34:01.700,2829.2000,6769,0,144461460.000,0,-,-,-,-,2829.0000,2828.6000,2828.0000,2827.8000,2827.6000,2830.2000,2830.4000,2831.2000,2833.0000,2834.4000,1,1,1,4,1,1,1,2,1,4
SF,IH2007,2020-06-04 09:34:03.700,2829.2000,6769,0,144461460.000,0,-,-,-,-,2829.0000,2828.6000,2828.0000,2827.8000,2827.6000,2830.2000,2830.4000,2831.2000,2833.0000,2834.4000,1,1,1,4,2,1,1,2,1,4
SF,IH2007,2020-06-04 09:34:07.200,2829.0000,6769,0,145310160.000,1,0,1,多换,S,2828.6000,2828.0000,2827.8000,2827.6000,2827.4000,2829.0000,2830.2000,2830.4000,2831.2000,2833.0000,1,1,4,2,4,2,1,1,2,1
SF,IH2007,2020-06-04 09:34:07.700,2829.0000,6769,0,147007560.000,2,1,1,多换,S,2829.0000,2828.6000,2828.0000,2827.8000,2827.6000,2830.2000,2830.4000,2831.2000,2833.0000,2834.4000,1,1,1,4,2,1,1,2,1,4
SF,IH2007,2020-06-04 09:34:08.200,2829.0000,6769,0,147007560.000,0,-,-,-,-,2829.0000,2828.0000,2827.8000,2827.6000,2827.4000,2830.2000,2830.4000,2831.2000,2833.0000,2834.4000,1,2,4,2,4,1,1,2,1,4
SF,IH2007,2020-06-04 09:34:08.700,2830.2000,6769,0,147856620.000,1,0,1,多换,S,2829.0000,2828.0000,2827.8000,2827.6000,2827.4000,2830.4000,2831.2000,2833.0000,2834.4000,2834.6000,1,2,4,2,4,1,2,1,4,1
SF,IH2007,2020-06-04 09:34:09.200,2830.2000,6769,0,147856620.000,0,-,-,-,-,2829.0000,2828.0000,2827.8000,2827.6000,2827.4000,2830.2000,2830.4000,2831.2000,2833.0000,2834.4000,1,2,4,2,4,1,1,2,1,4
SF,IH2007,2020-06-04 09:34:09.700,2830.2000,6769,0,147856620.000,0,-,-,-,-,2829.0000,2828.6000,2828.0000,2827.8000,2827.6000,2830.2000,2830.4000,2831.2000,2833.0000,2834.4000,1,1,2,4,2,1,1,2,1,4
SF,IH2007,2020-06-04 09:34:10.200,2829.0000,6768,-1,148705320.000,1,0,1,双平,S,2828.6000,2828.0000,2827.8000,2827.6000,2827.4000,2830.2000,2830.4000,2831.2000,2833.0000,2834.4000,1,2,4,2,4,1,1,2,1,4
SF,IH2007,2020-06-04 09:34:10.700,2829.0000,6768,0,148705320.000,0,-,-,-,-,2828.8000,2828.0000,2827.8000,2827.6000,2827.4000,2830.2000,2830.4000,2831.2000,2833.0000,2834.4000,1,2,4,2,4,1,1,2,1,4
SF,IH2007,2020-06-04 09:34:11.700,2829.0000,6768,0,148705320.000,0,-,-,-,-,2828.8000,2828.0000,2827.8000,2827.6000,2827.4000,2830.0000,2830.2000,2830.4000,2831.2000,2833.0000,1,2,4,2,4,1,1,1,2,1
SF,IH2007,2020-06-04 09:34:12.200,2829.0000,6768,0,148705320.000,0,-,-,-,-,2828.8000,2828.0000,2827.8000,2827.6000,2827.4000,2829.8000,2830.0000,2830.4000,2830.6000,2831.2000,1,2,4,2,4,1,1,1,1,2
SF,IH2007,2020-06-04 09:34:14.700,2828.8000,6767,-1,149553960.000,1,0,1,双平,S,2828.0000,2827.8000,2827.6000,2827.4000,2827.2000,2829.8000,2830.0000,2830.4000,2830.6000,2831.2000,1,4,2,4,2,1,1,1,1,2
SF,IH2007,2020-06-04 09:34:15.200,2828.8000,6767,0,149553960.000,0,-,-,-,-,2827.8000,2827.2000,2827.0000,2826.0000,2825.8000,2829.2000,2829.6000,2829.8000,2830.4000,2830.6000,1,1,1,3,2,2,3,1,1,1
SF,IH2007,2020-06-04 09:34:15.700,2829.0000,6767,0,150402660.000,1,0,1,多换,S,2827.0000,2826.0000,2825.8000,2825.0000,2822.2000,2829.0000,2829.2000,2829.6000,2830.4000,2830.6000,1,3,2,1,6,2,2,5,1,1
SF,IH2007,2020-06-04 09:34:16.200,2829.0000,6767,0,150402660.000,0,-,-,-,-,2827.0000,2826.0000,2825.8000,2825.4000,2825.0000,2828.8000,2829.0000,2829.2000,2829.6000,2830.4000,1,3,2,1,1,1,2,2,5,1
SF,IH2007,2020-06-04 09:34:16.700,2829.0000,6767,0,150402660.000,0,-,-,-,-,2827.0000,2826.0000,2825.8000,2825.4000,2825.0000,2828.4000,2828.6000,2828.8000,2829.0000,2829.2000,1,1,2,1,1,1,1,2,1,2
SF,IH2007,2020-06-04 09:34:17.200,2829.0000,6767,0,150402660.000,0,-,-,-,-,2827.0000,2826.0000,2825.8000,2825.4000,2825.0000,2828.2000,2828.4000,2828.8000,2829.0000,2829.2000,1,1,1,1,1,1,1,2,1,2
SF,IH2007,2020-06-04 09:34:17.700,2829.0000,6767,0,150402660.000,0,-,-,-,-,2827.0000,2826.0000,2825.8000,2825.4000,2825.0000,2828.2000,2828.4000,2829.0000,2829.2000,2829.6000,1,1,1,1,1,1,1,1,2,3
SF,IH2007,2020-06-04 09:34:18.700,2829.0000,6767,0,150402660.000,0,-,-,-,-,2827.0000,2826.0000,2825.8000,2825.4000,2825.0000,2828.0000,2828.2000,2829.0000,2829.2000,2829.6000,1,1,1,1,1,1,1,1,2,3
SF,IH2007,2020-06-04 09:34:19.700,2829.0000,6767,0,150402660.000,0,-,-,-,-,2827.0000,2826.0000,2825.8000,2825.4000,2825.0000,2828.2000,2829.0000,2829.2000,2829.6000,2830.4000,1,1,1,1,1,1,1,2,2,1
SF,IH2007,2020-06-04 09:34:22.200,2829.0000,6767,0,150402660.000,0,-,-,-,-,2827.0000,2826.8000,2826.0000,2825.8000,2825.4000,2828.2000,2829.0000,2829.2000,2829.6000,2830.4000,1,1,1,1,1,1,1,2,2,1
SF,IH2007,2020-06-04 09:34:26.700,2829.0000,6767,0,150402660.000,0,-,-,-,-,2827.6000,2827.0000,2826.8000,2826.0000,2825.8000,2828.2000,2829.0000,2829.2000,2829.6000,2830.4000,4,1,1,1,1,1,1,2,2,1
SF,IH2007,2020-06-04 09:34:27.200,2827.6000,6767,0,153795780.000,4,2,2,多换,S,2827.0000,2826.8000,2826.0000,2825.8000,2825.4000,2828.0000,2828.2000,2829.0000,2829.2000,2829.6000,1,1,1,1,1,2,1,1,2,2
SF,IH2007,2020-06-04 09:34:27.700,2827.8000,6766,-1,154644120.000,1,0,1,双平,S,2827.0000,2826.8000,2826.0000,2825.8000,2825.4000,2827.8000,2828.0000,2829.0000,2829.2000,2829.6000,1,1,1,1,1,1,2,1,2,2
SF,IH2007,2020-06-04 09:34:28.200,2826.8000,6765,-1,156340260.000,2,0,2,多平,S,2826.0000,2825.8000,2825.4000,2825.0000,2821.0000,2827.8000,2828.0000,2829.0000,2829.2000,2829.6000,1,1,1,1,8,1,2,1,2,2
SF,IH2007,2020-06-04 09:34:28.700,2826.8000,6765,0,156340260.000,0,-,-,-,-,2826.2000,2825.4000,2825.0000,2821.0000,2820.0000,2827.8000,2828.0000,2829.0000,2829.2000,2829.6000,1,1,1,8,7,1,1,1,2,2
SF,IH2007,2020-06-04 09:34:29.200,2826.8000,6765,0,156340260.000,0,-,-,-,-,2825.4000,2825.0000,2821.0000,2820.0000,2819.6000,2827.6000,2827.8000,2828.0000,2829.0000,2829.6000,1,1,8,7,5,2,1,1,1,2
SF,IH2007,2020-06-04 09:34:29.700,2826.8000,6765,0,156340260.000,0,-,-,-,-,2825.6000,2825.4000,2825.0000,2824.0000,2821.0000,2827.2000,2827.4000,2827.6000,2828.0000,2829.0000,5,2,1,1,8,1,1,3,1,1
SF,IH2007,2020-06-04 09:34:30.200,2826.8000,6765,0,156340260.000,0,-,-,-,-,2825.6000,2825.4000,2825.0000,2824.0000,2821.0000,2827.0000,2827.2000,2827.6000,2828.0000,2829.0000,5,2,1,1,8,2,1,3,1,1
SF,IH2007,2020-06-04 09:34:30.700,2826.8000,6765,0,156340260.000,0,-,-,-,-,2825.6000,2825.4000,2825.0000,2824.0000,2821.0000,2827.0000,2827.2000,2827.6000,2828.0000,2829.0000,5,2,1,1,8,4,1,1,1,1
SF,IH2007,2020-06-04 09:34:31.200,2826.8000,6765,0,156340260.000,0,-,-,-,-,2825.6000,2825.4000,2825.0000,2824.0000,2821.0000,2827.0000,2827.2000,2828.0000,2829.0000,2829.6000,1,1,1,1,8,4,1,2,1,2
SF,IH2007,2020-06-04 09:34:31.700,2826.8000,6765,0,156340260.000,0,-,-,-,-,2825.4000,2825.0000,2824.0000,2821.0000,2820.0000,2827.0000,2827.2000,2828.0000,2829.0000,2829.6000,1,1,1,8,7,4,1,2,1,2
SF,IH2007,2020-06-04 09:34:32.200,2826.8000,6765,0,156340260.000,0,-,-,-,-,2825.6000,2825.4000,2825.0000,2824.0000,2821.0000,2827.0000,2827.2000,2828.0000,2829.0000,2829.6000,2,1,1,1,8,2,1,2,1,2
SF,IH2007,2020-06-04 09:34:32.700,2827.0000,6763,-2,158036460.000,2,0,2,双平,S,2825.6000,2825.4000,2825.0000,2824.0000,2821.0000,2827.2000,2828.0000,2829.0000,2829.6000,2830.4000,2,1,1,1,8,1,2,1,2,1
SF,IH2007,2020-06-04 09:34:33.200,2827.2000,6762,-1,158884620.000,1,0,1,双平,S,2825.8000,2825.6000,2825.4000,2825.0000,2824.0000,2828.0000,2829.0000,2829.6000,2830.4000,2830.6000,1,2,1,1,1,2,1,2,1,1
SF,IH2007,2020-06-04 09:34:33.700,2827.2000,6762,0,158884620.000,0,-,-,-,-,2827.2000,2826.0000,2825.8000,2825.6000,2825.4000,2827.8000,2828.0000,2829.0000,2829.6000,2830.4000,1,6,4,2,1,1,2,1,2,1
SF,IH2007,2020-06-04 09:34:34.200,2827.2000,6761,-1,159732780.000,1,0,1,双平,S,2826.0000,2825.8000,2825.4000,2825.0000,2821.0000,2827.8000,2828.0000,2829.0000,2829.6000,2830.4000,5,4,1,1,8,1,2,1,2,1
SF,IH2007,2020-06-04 09:34:34.700,2827.2000,6761,0,159732780.000,0,-,-,-,-,2826.2000,2826.0000,2825.8000,2825.4000,2825.0000,2827.8000,2828.0000,2829.0000,2829.6000,2830.4000,1,4,3,1,1,1,2,1,2,1
SF,IH2007,2020-06-04 09:34:35.200,2827.2000,6761,0,159732780.000,0,-,-,-,-,2826.2000,2826.0000,2825.8000,2825.4000,2825.0000,2827.6000,2827.8000,2828.0000,2829.0000,2829.6000,1,2,1,1,1,2,1,2,1,2
SF,IH2007,2020-06-04 09:34:35.700,2827.2000,6761,0,159732780.000,0,-,-,-,-,2826.2000,2825.8000,2825.4000,2825.0000,2821.0000,2827.4000,2827.6000,2828.0000,2829.0000,2829.6000,1,1,1,1,8,1,3,2,1,2
SF,IH2007,2020-06-04 09:34:36.700,2827.2000,6761,0,159732780.000,0,-,-,-,-,2826.2000,2825.8000,2825.4000,2825.0000,2821.0000,2827.4000,2828.0000,2829.0000,2829.6000,2830.4000,1,1,1,1,8,1,2,1,2,1
SF,IH2007,2020-06-04 09:34:37.200,2827.2000,6761,0,159732780.000,0,-,-,-,-,2826.2000,2825.4000,2825.0000,2821.0000,2820.0000,2827.4000,2828.0000,2829.0000,2829.6000,2830.4000,1,1,1,8,7,1,2,1,2,1
SF,IH2007,2020-06-04 09:34:39.700,2827.2000,6761,0,159732780.000,0,-,-,-,-,2826.4000,2826.2000,2825.4000,2825.0000,2821.0000,2827.4000,2828.0000,2829.0000,2829.6000,2830.4000,1,1,1,1,8,1,2,1,2,1
SF,IH2007,2020-06-04 09:34:40.200,2827.2000,6761,0,159732780.000,0,-,-,-,-,2826.6000,2825.4000,2825.0000,2821.0000,2820.0000,2827.4000,2828.0000,2829.0000,2829.6000,2830.4000,1,1,1,8,7,1,2,1,2,1
SF,IH2007,2020-06-04 09:34:40.700,2827.2000,6761,0,159732780.000,0,-,-,-,-,2826.6000,2825.4000,2825.0000,2821.0000,2820.0000,2828.0000,2829.0000,2829.6000,2830.4000,2830.6000,1,1,1,8,7,2,1,2,1,1
SF,IH2007,2020-06-04 09:34:41.200,2827.2000,6761,0,159732780.000,0,-,-,-,-,2826.6000,2825.4000,2825.0000,2821.8000,2821.0000,2827.8000,2828.0000,2829.0000,2829.6000,2830.4000,1,1,1,1,8,1,2,1,2,1
SF,IH2007,2020-06-04 09:34:42.700,2827.8000,6760,-1,160581120.000,1,0,1,双平,S,2826.6000,2825.4000,2825.0000,2821.8000,2821.0000,2828.0000,2829.0000,2829.6000,2830.4000,2830.6000,1,1,1,1,8,2,1,2,1,1
SF,IH2007,2020-06-04 09:34:43.200,2827.8000,6760,0,160581120.000,0,-,-,-,-,2826.8000,2826.6000,2825.4000,2825.0000,2821.8000,2827.4000,2828.0000,2829.0000,2829.6000,2830.4000,1,1,1,1,1,1,1,1,2,1
SF,IH2007,2020-06-04 09:34:43.700,2827.4000,6759,-1,161429340.000,1,0,1,双平,S,2827.0000,2826.8000,2825.4000,2825.0000,2821.8000,2828.0000,2829.0000,2829.6000,2830.4000,2830.6000,1,1,1,1,1,1,1,2,1,1
SF,IH2007,2020-06-04 09:34:44.700,2827.4000,6759,0,161429340.000,0,-,-,-,-,2827.0000,2826.8000,2825.4000,2825.0000,2821.8000,2828.0000,2829.0000,2829.6000,2830.4000,2830.6000,3,1,1,1,1,1,1,2,1,1
SF,IH2007,2020-06-04 09:34:47.700,2828.0000,6760,1,162277740.000,1,1,0,双开,S,2828.0000,2827.0000,2826.8000,2825.4000,2825.0000,2829.0000,2829.6000,2830.4000,2830.6000,2833.0000,1,3,1,1,1,1,2,1,1,1
SF,IH2007,2020-06-04 09:34:48.200,2828.0000,6760,0,163126140.000,1,0,1,多换,S,2827.0000,2826.8000,2825.0000,2821.8000,2821.0000,2828.0000,2828.8000,2829.0000,2829.6000,2830.4000,3,1,1,1,8,1,2,1,2,1
SF,IH2007,2020-06-04 09:34:48.700,2827.0000,6759,-1,163974240.000,1,0,1,双平,S,2827.0000,2826.8000,2825.0000,2821.8000,2821.0000,2828.0000,2828.8000,2829.0000,2829.6000,2830.4000,2,1,1,1,8,1,4,1,2,1
SF,IH2007,2020-06-04 09:34:49.200,2827.0000,6759,0,163974240.000,0,-,-,-,-,2827.0000,2826.8000,2825.0000,2821.8000,2821.0000,2827.8000,2828.0000,2828.8000,2829.0000,2829.6000,2,1,1,1,8,1,1,4,1,2
SF,IH2007,2020-06-04 09:34:49.700,2827.0000,6759,0,163974240.000,0,-,-,-,-,2827.0000,2825.0000,2821.8000,2821.0000,2820.0000,2827.8000,2828.0000,2828.8000,2829.0000,2829.6000,2,1,1,8,7,1,1,4,1,2
SF,IH2007,2020-06-04 09:34:50.200,2827.0000,6759,0,163974240.000,0,-,-,-,-,2827.0000,2825.0000,2821.8000,2821.0000,2820.0000,2827.8000,2828.0000,2828.8000,2829.0000,2829.6000,2,1,1,8,7,1,1,4,1,2
SF,IH2007,2020-06-04 09:34:50.700,2827.0000,6759,0,165670440.000,2,1,1,多换,S,2825.0000,2821.8000,2821.0000,2820.0000,2819.6000,2827.8000,2828.0000,2828.8000,2829.0000,2829.6000,1,1,8,7,5,1,1,4,1,2
SF,IH2007,2020-06-04 09:34:51.200,2827.0000,6759,0,165670440.000,0,-,-,-,-,2825.2000,2825.0000,2821.8000,2821.0000,2820.0000,2827.8000,2828.0000,2828.8000,2829.0000,2829.6000,13,3,1,8,7,1,1,4,1,2
SF,IH2007,2020-06-04 09:34:51.700,2827.0000,6759,0,165670440.000,0,-,-,-,-,2825.2000,2825.0000,2821.8000,2821.0000,2820.0000,2827.8000,2828.0000,2828.8000,2829.0000,2829.6000,13,2,1,8,7,1,1,4,1,2
SF,IH2007,2020-06-04 09:34:52.200,2827.0000,6759,0,165670440.000,0,-,-,-,-,2825.6000,2825.2000,2825.0000,2821.8000,2821.0000,2827.8000,2828.0000,2828.8000,2829.0000,2829.6000,1,17,1,1,8,1,1,4,1,2
SF,IH2007,2020-06-04 09:34:52.700,2827.0000,6759,0,165670440.000,0,-,-,-,-,2825.8000,2825.6000,2825.4000,2825.2000,2825.0000,2827.8000,2828.0000,2828.8000,2829.0000,2829.6000,11,1,3,6,1,1,1,2,1,2
SF,IH2007,2020-06-04 09:34:53.200,2827.0000,6759,0,165670440.000,0,-,-,-,-,2825.8000,2825.6000,2825.4000,2825.2000,2825.0000,2827.8000,2828.8000,2829.0000,2829.6000,2830.4000,12,1,1,6,1,1,2,1,2,1
SF,IH2007,2020-06-04 09:34:53.700,2827.0000,6759,0,165670440.000,0,-,-,-,-,2826.2000,2826.0000,2825.8000,2825.4000,2825.2000,2827.8000,2828.8000,2829.0000,2829.6000,2830.4000,1,1,11,1,6,1,2,1,2,1
SF,IH2007,2020-06-04 09:34:54.200,2827.0000,6759,0,165670440.000,0,-,-,-,-,2826.4000,2826.2000,2826.0000,2825.8000,2825.4000,2827.6000,2827.8000,2828.8000,2829.0000,2829.6000,1,2,2,10,1,1,1,2,1,2
SF,IH2007,2020-06-04 09:34:54.700,2826.4000,6758,-1,166518360.000,1,0,1,双平,S,2826.2000,2826.0000,2825.8000,2825.2000,2825.0000,2827.4000,2828.8000,2829.0000,2829.6000,2830.4000,2,1,10,4,1,1,2,1,2,1
SF,IH2007,2020-06-04 09:34:55.200,2826.4000,6758,0,166518360.000,0,-,-,-,-,2826.4000,2826.2000,2826.0000,2825.8000,2825.2000,2827.2000,2827.4000,2828.8000,2829.0000,2829.6000,6,2,1,4,4,1,2,2,1,2
SF,IH2007,2020-06-04 09:34:55.700,2826.4000,6757,-1,167366280.000,1,0,1,双平,S,2826.4000,2826.2000,2825.8000,2825.2000,2825.0000,2827.0000,2827.4000,2828.8000,2829.0000,2829.6000,5,2,3,4,1,1,1,2,1,2
SF,IH2007,2020-06-04 09:34:56.700,2826.4000,6756,-1,168214200.000,1,0,1,双平,S,2826.4000,2826.2000,2825.8000,2825.2000,2825.0000,2827.0000,2828.8000,2829.0000,2829.6000,2830.4000,4,1,3,4,1,1,2,1,2,1
SF,IH2007,2020-06-04 09:34:57.200,2826.4000,6756,0,168214200.000,0,-,-,-,-,2826.2000,2825.8000,2825.2000,2825.0000,2821.8000,2827.0000,2828.8000,2829.0000,2829.6000,2830.4000,1,3,4,1,1,1,2,1,2,1
SF,IH2007,2020-06-04 09:34:57.700,2826.4000,6756,0,168214200.000,0,-,-,-,-,2825.8000,2825.2000,2825.0000,2821.8000,2821.0000,2827.0000,2828.8000,2829.0000,2829.6000,2830.4000,2,4,1,1,8,1,2,1,2,1
SF,IH2007,2020-06-04 09:34:58.200,2826.4000,6756,0,168214200.000,0,-,-,-,-,2826.0000,2825.2000,2825.0000,2821.8000,2821.0000,2827.0000,2828.8000,2829.0000,2829.6000,2830.4000,1,1,1,1,8,1,2,1,2,1
SF,IH2007,2020-06-04 09:34:58.700,2826.4000,6756,0,168214200.000,0,-,-,-,-,2826.0000,2825.2000,2825.0000,2821.8000,2821.0000,2827.0000,2828.8000,2829.0000,2829.6000,2830.4000,2,1,1,1,8,1,2,1,2,1
SF,IH2007,2020-06-04 09:34:59.700,2826.4000,6756,0,168214200.000,0,-,-,-,-,2826.0000,2825.2000,2825.0000,2821.8000,2821.0000,2827.0000,2828.8000,2829.0000,2829.6000,2830.4000,1,1,1,1,8,1,2,1,2,1
SF,IH2007,2020-06-04 09:35:01.700,2826.0000,6756,0,169062000.000,1,0,1,多换,S,2825.2000,2825.0000,2821.8000,2821.0000,2820.0000,2827.0000,2828.8000,2829.0000,2829.6000,2830.4000,1,1,1,8,7,1,2,1,2,1
SF,IH2007,2020-06-04 09:35:02.200,2826.0000,6756,0,169062000.000,0,-,-,-,-,2825.4000,2825.2000,2825.0000,2821.8000,2821.0000,2827.0000,2828.8000,2829.0000,2829.6000,2830.4000,7,2,1,1,8,1,2,1,2,1
SF,IH2007,2020-06-04 09:35:02.700,2826.0000,6756,0,169062000.000,0,-,-,-,-,2825.6000,2825.4000,2825.2000,2825.0000,2821.8000,2827.0000,2828.8000,2829.0000,2829.6000,2830.4000,2,6,1,1,1,1,2,1,2,1
SF,IH2007,2020-06-04 09:35:03.200,2827.0000,6755,-1,169910100.000,1,0,1,双平,S,2825.8000,2825.6000,2825.4000,2825.2000,2825.0000,2828.8000,2829.0000,2829.6000,2830.4000,2830.6000,1,2,5,1,1,2,1,2,1,1
SF,IH2007,2020-06-04 09:35:03.700,2827.0000,6755,0,169910100.000,0,-,-,-,-,2826.0000,2825.8000,2825.6000,2825.4000,2825.2000,2827.0000,2828.6000,2828.8000,2829.6000,2830.4000,3,3,2,5,1,1,2,2,2,1
SF,IH2007,2020-06-04 09:35:04.200,2827.0000,6754,-1,170758200.000,1,0,1,双平,S,2827.0000,2826.2000,2826.0000,2825.8000,2825.6000,2828.6000,2828.8000,2829.6000,2830.4000,2830.6000,2,1,2,3,1,2,2,2,1,1
SF,IH2007,2020-06-04 09:35:04.700,2827.0000,6754,0,170758200.000,0,-,-,-,-,2827.0000,2826.2000,2826.0000,2825.8000,2825.6000,2828.4000,2828.6000,2828.8000,2829.6000,2830.4000,1,1,3,3,1,2,2,2,2,1
SF,IH2007,2020-06-04 09:35:05.200,2827.0000,6754,0,170758200.000,0,-,-,-,-,2827.6000,2827.2000,2826.2000,2826.0000,2825.8000,2828.2000,2828.4000,2828.6000,2828.8000,2829.6000,1,1,1,2,3,1,2,1,2,2
SF,IH2007,2020-06-04 09:35:05.700,2828.4000,6751,-3,173303700.000,3,0,3,双平,S,2827.6000,2827.2000,2826.2000,2826.0000,2825.8000,2829.6000,2830.4000,2830.6000,2833.0000,2834.4000,1,1,1,2,3,2,1,1,1,4
SF,IH2007,2020-06-04 09:35:06.200,2828.4000,6751,0,173303700.000,0,-,-,-,-,2827.8000,2826.2000,2826.0000,2825.8000,2825.6000,2829.2000,2829.4000,2829.6000,2830.4000,2830.6000,2,1,2,3,1,2,1,2,1,1
SF,IH2007,2020-06-04 09:35:06.700,2828.4000,6751,0,173303700.000,0,-,-,-,-,2827.8000,2826.2000,2826.0000,2825.8000,2825.6000,2829.4000,2830.4000,2830.6000,2833.0000,2834.4000,2,1,2,3,1,1,1,1,1,4
SF,IH2007,2020-06-04 09:35:07.700,2828.4000,6751,0,173303700.000,0,-,-,-,-,2827.8000,2826.2000,2826.0000,2825.8000,2825.6000,2830.4000,2830.6000,2833.0000,2834.4000,2834.6000,2,1,2,3,1,1,1,1,4,1
SF,IH2007,2020-06-04 09:35:08.200,2828.4000,6751,0,173303700.000,0,-,-,-,-,2828.0000,2827.8000,2826.2000,2826.0000,2825.8000,2829.6000,2830.2000,2830.4000,2830.6000,2833.0000,1,2,1,2,3,2,7,1,1,1
SF,IH2007,2020-06-04 09:35:08.700,2828.4000,6751,0,173303700.000,0,-,-,-,-,2828.2000,2827.8000,2826.2000,2826.0000,2825.8000,2829.6000,2830.2000,2830.4000,2830.6000,2833.0000,1,1,1,2,3,2,12,1,1,1
SF,IH2007,2020-06-04 09:35:09.200,2828.2000,6750,-1,174152160.000,1,0,1,双平,S,2827.8000,2826.2000,2826.0000,2825.8000,2825.6000,2829.4000,2829.6000,2830.2000,2830.4000,2830.6000,1,1,2,3,1,1,2,12,1,1
SF,IH2007,2020-06-04 09:35:09.700,2829.2000,6749,-1,175000920.000,1,0,1,双平,S,2826.2000,2826.0000,2825.8000,2825.6000,2825.4000,2829.4000,2829.6000,2830.2000,2830.4000,2830.6000,1,2,3,1,3,2,2,11,1,1
SF,IH2007,2020-06-04 09:35:10.200,2829.2000,6749,0,175000920.000,0,-,-,-,-,2826.4000,2826.2000,2826.0000,2825.0000,2821.8000,2829.4000,2829.6000,2830.2000,2830.4000,2830.6000,12,3,1,1,1,2,2,11,1,1
SF,IH2007,2020-06-04 09:35:10.700,2829.2000,6749,0,175000920.000,0,-,-,-,-,2826.6000,2826.4000,2826.2000,2826.0000,2825.0000,2829.4000,2829.6000,2830.2000,2830.4000,2830.6000,1,13,2,1,1,2,2,10,1,1
SF,IH2007,2020-06-04 09:35:11.200,2829.2000,6749,0,175000920.000,0,-,-,-,-,2826.8000,2826.6000,2826.4000,2826.2000,2826.0000,2829.4000,2829.6000,2830.2000,2830.4000,2830.6000,4,1,9,2,1,2,2,10,1,1
SF,IH2007,2020-06-04 09:35:11.700,2829.2000,6749,0,175000920.000,0,-,-,-,-,2826.8000,2826.6000,2826.4000,2826.2000,2826.0000,2829.4000,2829.6000,2830.2000,2830.4000,2830.6000,4,1,8,2,1,2,2,10,1,1
SF,IH2007,2020-06-04 09:35:12.200,2829.2000,6749,0,175000920.000,0,-,-,-,-,2827.2000,2826.8000,2826.6000,2826.4000,2826.2000,2829.2000,2829.4000,2829.6000,2830.2000,2830.4000,1,4,1,2,1,2,2,2,8,1
SF,IH2007,2020-06-04 09:35:12.700,2829.2000,6749,0,175000920.000,0,-,-,-,-,2827.4000,2827.2000,2826.8000,2826.6000,2826.4000,2829.0000,2829.2000,2829.4000,2829.6000,2830.2000,1,1,3,1,2,2,2,1,2,8
SF,IH2007,2020-06-04 09:35:13.200,2829.2000,6749,0,175000920.000,0,-,-,-,-,2827.4000,2826.6000,2826.4000,2826.2000,2825.0000,2829.0000,2829.2000,2829.4000,2829.6000,2830.2000,1,1,2,1,1,2,2,1,2,8
SF,IH2007,2020-06-04 09:35:15.200,2829.2000,6749,0,175000920.000,0,-,-,-,-,2827.4000,2826.6000,2826.4000,2826.2000,2825.0000,2829.0000,2829.2000,2829.4000,2830.2000,2830.4000,1,1,2,1,1,2,2,1,8,1
SF,IH2007,2020-06-04 09:35:15.700,2829.2000,6749,0,175000920.000,0,-,-,-,-,2827.4000,2826.6000,2826.4000,2826.2000,2825.0000,2828.6000,2829.0000,2829.2000,2829.4000,2830.2000,1,1,2,1,1,2,2,2,1,8
SF,IH2007,2020-06-04 09:35:16.200,2829.2000,6749,0,175000920.000,0,-,-,-,-,2827.4000,2826.4000,2826.2000,2825.0000,2821.8000,2828.4000,2828.6000,2828.8000,2829.0000,2829.4000,1,2,1,1,1,1,3,2,1,1
SF,IH2007,2020-06-04 09:35:17.200,2829.2000,6749,0,175000920.000,0,-,-,-,-,2827.6000,2827.4000,2826.4000,2825.0000,2821.8000,2828.4000,2828.6000,2828.8000,2829.0000,2829.4000,1,1,2,1,1,1,3,2,1,1
SF,IH2007,2020-06-04 09:35:17.700,2827.4000,6747,-2,176697420.000,2,0,2,双平,S,2826.4000,2825.0000,2821.8000,2821.0000,2820.0000,2828.4000,2828.6000,2828.8000,2829.0000,2829.4000,2,1,1,8,7,1,3,2,1,1
SF,IH2007,2020-06-04 09:35:18.200,2827.4000,6747,0,176697420.000,0,-,-,-,-,2826.6000,2825.0000,2821.8000,2821.0000,2820.0000,2828.2000,2828.4000,2828.6000,2828.8000,2829.0000,1,1,1,8,7,1,1,3,2,1
SF,IH2007,2020-06-04 09:35:18.700,2827.4000,6747,0,176697420.000,0,-,-,-,-,2826.6000,2825.0000,2821.8000,2821.0000,2820.0000,2828.0000,2828.2000,2828.6000,2828.8000,2829.0000,1,1,1,8,7,1,1,3,2,1
SF,IH2007,2020-06-04 09:35:19.200,2827.4000,6747,0,176697420.000,0,-,-,-,-,2825.0000,2821.8000,2821.0000,2820.0000,2819.6000,2827.8000,2828.0000,2828.6000,2828.8000,2829.0000,1,1,8,7,5,1,1,3,2,1
SF,IH2007,2020-06-04 09:35:19.700,2827.4000,6747,0,176697420.000,0,-,-,-,-,2825.2000,2825.0000,2821.8000,2821.0000,2820.0000,2827.6000,2827.8000,2828.0000,2828.6000,2828.8000,11,3,1,8,7,1,1,1,1,2
SF,IH2007,2020-06-04 09:35:20.200,2827.4000,6747,0,176697420.000,0,-,-,-,-,2825.4000,2825.2000,2825.0000,2821.8000,2821.0000,2827.4000,2827.6000,2828.0000,2828.8000,2829.4000,2,13,1,1,8,1,1,1,2,1
SF,IH2007,2020-06-04 09:35:20.700,2827.4000,6747,0,176697420.000,0,-,-,-,-,2825.6000,2825.2000,2825.0000,2821.8000,2821.0000,2827.4000,2827.6000,2828.0000,2828.8000,2830.2000,13,3,1,1,8,1,1,1,2,6
SF,IH2007,2020-06-04 09:35:21.200,2827.4000,6747,0,176697420.000,0,-,-,-,-,2825.8000,2825.6000,2825.2000,2825.0000,2821.8000,2828.0000,2828.8000,2830.2000,2830.4000,2830.6000,2,14,3,1,1,1,2,6,1,1
SF,IH2007,2020-06-04 09:35:21.700,2827.4000,6747,0,176697420.000,0,-,-,-,-,2826.0000,2825.8000,2825.6000,2825.2000,2825.0000,2827.8000,2828.0000,2828.8000,2830.2000,2830.4000,1,2,13,3,1,1,1,2,6,1
SF,IH2007,2020-06-04 09:35:22.200,2827.4000,6747,0,176697420.000,0,-,-,-,-,2826.2000,2826.0000,2825.8000,2825.6000,2825.2000,2827.8000,2828.8000,2830.2000,2830.4000,2830.6000,2,3,1,12,2,1,2,6,1,1
SF,IH2007,2020-06-04 09:35:22.700,2827.4000,6747,0,176697420.000,0,-,-,-,-,2826.4000,2826.2000,2826.0000,2825.8000,2825.6000,2827.6000,2827.8000,2828.8000,2830.2000,2830.4000,1,2,2,1,9,3,1,2,6,1
SF,IH2007,2020-06-04 09:35:23.200,2827.4000,6747,0,176697420.000,0,-,-,-,-,2826.4000,2826.2000,2826.0000,2825.6000,2825.2000,2827.4000,2827.6000,2828.8000,2830.2000,2830.4000,1,1,1,9,2,1,3,2,6,1
SF,IH2007,2020-06-04 09:35:23.700,2827.4000,6747,0,176697420.000,0,-,-,-,-,2826.4000,2826.0000,2825.6000,2825.2000,2825.0000,2827.4000,2827.6000,2828.8000,2830.2000,2830.4000,1,1,8,2,1,1,2,2,6,1
SF,IH2007,2020-06-04 09:35:25.200,2827.4000,6747,0,176697420.000,0,-,-,-,-,2826.4000,2826.0000,2825.6000,2825.2000,2825.0000,2827.4000,2828.8000,2830.2000,2830.4000,2830.6000,1,1,8,2,1,1,2,6,1,1
SF,IH2007,2020-06-04 09:35:25.700,2827.4000,6747,0,176697420.000,0,-,-,-,-,2827.4000,2826.6000,2826.4000,2826.0000,2825.6000,2828.8000,2830.2000,2830.4000,2830.6000,2833.0000,1,1,1,1,8,2,6,1,1,1
SF,IH2007,2020-06-04 09:35:26.200,2827.4000,6747,0,176697420.000,0,-,-,-,-,2827.4000,2826.6000,2826.4000,2826.0000,2825.6000,2828.0000,2828.6000,2828.8000,2830.2000,2830.4000,1,1,1,1,8,2,2,2,3,1
SF,IH2007,2020-06-04 09:35:26.700,2827.4000,6746,-1,177545640.000,1,0,1,双平,S,2826.6000,2826.4000,2826.0000,2825.6000,2825.2000,2828.0000,2828.6000,2828.8000,2830.2000,2830.4000,1,1,1,8,2,2,6,2,2,1
SF,IH2007,2020-06-04 09:35:27.200,2827.4000,6746,0,177545640.000,0,-,-,-,-,2826.4000,2826.0000,2825.6000,2825.2000,2825.0000,2827.2000,2827.8000,2828.0000,2828.6000,2828.8000,1,1,8,2,1,1,2,2,4,2
SF,IH2007,2020-06-04 09:35:27.700,2827.4000,6746,0,177545640.000,0,-,-,-,-,2825.6000,2825.2000,2825.0000,2821.8000,2821.0000,2827.2000,2827.8000,2828.0000,2828.6000,2828.8000,8,2,1,1,8,1,2,2,4,2
SF,IH2007,2020-06-04 09:35:28.200,2827.4000,6746,0,177545640.000,0,-,-,-,-,2825.6000,2825.2000,2825.0000,2821.8000,2821.0000,2827.0000,2827.2000,2828.6000,2828.8000,2830.2000,2,1,1,1,8,2,1,4,2,2
SF,IH2007,2020-06-04 09:35:28.700,2827.4000,6746,0,177545640.000,0,-,-,-,-,2825.8000,2825.6000,2825.0000,2821.8000,2821.0000,2827.0000,2827.2000,2828.6000,2828.8000,2830.2000,1,1,1,1,8,1,1,4,2,2
SF,IH2007,2020-06-04 09:35:29.200,2827.4000,6746,0,177545640.000,0,-,-,-,-,2825.8000,2825.6000,2825.0000,2821.8000,2821.0000,2826.8000,2827.0000,2827.2000,2828.6000,2828.8000,1,1,1,1,8,2,1,1,4,2
SF,IH2007,2020-06-04 09:35:29.700,2827.4000,6746,0,177545640.000,0,-,-,-,-,2825.8000,2825.6000,2825.0000,2821.8000,2821.0000,2827.0000,2827.2000,2828.6000,2828.8000,2830.2000,1,1,1,1,8,1,1,4,2,2
SF,IH2007,2020-06-04 09:35:30.200,2827.4000,6746,0,177545640.000,0,-,-,-,-,2825.8000,2825.0000,2821.8000,2821.0000,2820.0000,2827.0000,2827.2000,2828.6000,2828.8000,2830.2000,1,1,1,8,7,1,1,4,2,2
SF,IH2007,2020-06-04 09:35:31.200,2827.2000,6746,0,178393800.000,1,0,1,多换,S,2825.8000,2825.0000,2821.8000,2821.0000,2820.0000,2827.2000,2828.6000,2828.8000,2830.2000,2830.4000,1,1,1,8,7,1,4,2,2,1
SF,IH2007,2020-06-04 09:35:32.200,2827.2000,6746,0,178393800.000,0,-,-,-,-,2825.8000,2825.0000,2821.8000,2821.0000,2820.0000,2826.8000,2827.2000,2828.6000,2828.8000,2830.2000,1,1,1,8,7,2,1,4,2,2
SF,IH2007,2020-06-04 09:35:32.700,2827.2000,6746,0,178393800.000,0,-,-,-,-,2825.8000,2825.0000,2821.8000,2821.0000,2820.0000,2826.8000,2827.2000,2828.6000,2828.8000,2830.2000,1,1,1,8,7,2,2,4,2,2
SF,IH2007,2020-06-04 09:35:33.200,2826.8000,6744,-2,180089880.000,2,0,2,双平,S,2825.8000,2825.0000,2821.8000,2821.0000,2820.0000,2827.2000,2828.6000,2828.8000,2830.2000,2830.4000,1,1,1,8,7,2,4,2,2,1
SF,IH2007,2020-06-04 09:35:33.700,2826.8000,6744,0,180089880.000,0,-,-,-,-,2825.8000,2825.6000,2825.0000,2821.8000,2821.0000,2827.2000,2828.6000,2828.8000,2830.2000,2830.4000,1,1,1,1,8,2,4,2,2,1
SF,IH2007,2020-06-04 09:35:35.200,2826.8000,6744,0,180089880.000,0,-,-,-,-,2826.8000,2825.8000,2825.6000,2825.0000,2821.8000,2827.2000,2828.6000,2828.8000,2830.2000,2830.4000,1,1,1,1,1,2,4,2,2,1
SF,IH2007,2020-06-04 09:35:35.700,2826.8000,6744,0,180937920.000,1,0,1,多换,S,2825.8000,2825.6000,2825.0000,2821.8000,2821.0000,2826.8000,2827.2000,2828.6000,2828.8000,2830.2000,1,1,1,1,8,1,2,4,2,2
SF,IH2007,2020-06-04 09:35:36.200,2826.8000,6744,0,180937920.000,0,-,-,-,-,2825.8000,2825.6000,2825.0000,2821.8000,2821.0000,2827.2000,2828.6000,2828.8000,2830.2000,2830.4000,1,1,1,1,8,2,4,2,2,1
SF,IH2007,2020-06-04 09:35:37.200,2826.8000,6744,0,180937920.000,0,-,-,-,-,2826.6000,2825.8000,2825.6000,2825.0000,2821.8000,2827.2000,2828.6000,2828.8000,2830.2000,2830.4000,1,1,1,1,1,2,4,2,2,1
SF,IH2007,2020-06-04 09:35:37.700,2826.6000,6744,0,181785900.000,1,0,1,多换,S,2825.8000,2825.6000,2825.0000,2821.8000,2821.0000,2827.2000,2828.6000,2828.8000,2830.2000,2830.4000,1,1,1,1,8,2,4,2,2,1
SF,IH2007,2020-06-04 09:35:38.200,2826.6000,6744,0,181785900.000,0,-,-,-,-,2825.8000,2825.6000,2825.0000,2821.8000,2821.0000,2827.0000,2827.2000,2828.6000,2828.8000,2830.2000,1,1,1,1,8,1,1,4,2,2
SF,IH2007,2020-06-04 09:35:41.200,2825.8000,6743,-1,182633640.000,1,0,1,双平,S,2825.8000,2825.6000,2825.0000,2821.8000,2821.0000,2827.0000,2827.2000,2828.6000,2828.8000,2830.2000,1,1,1,1,8,1,1,4,2,2
SF,IH2007,2020-06-04 09:35:41.700,2825.8000,6743,0,183481380.000,1,0,1,多换,S,2825.6000,2825.0000,2821.8000,2821.0000,2820.0000,2826.8000,2827.0000,2827.2000,2828.6000,2828.8000,1,1,1,8,7,1,1,1,4,2
SF,IH2007,2020-06-04 09:35:42.200,2825.8000,6743,0,183481380.000,0,-,-,-,-,2825.6000,2825.0000,2821.8000,2821.0000,2820.0000,2826.6000,2826.8000,2827.0000,2827.2000,2828.6000,1,1,1,8,7,1,2,1,1,4
SF,IH2007,2020-06-04 09:35:42.700,2825.8000,6743,0,183481380.000,0,-,-,-,-,2825.6000,2825.0000,2821.8000,2821.0000,2820.0000,2826.4000,2826.6000,2826.8000,2827.0000,2827.2000,1,1,1,8,7,1,1,1,1,1
SF,IH2007,2020-06-04 09:35:44.200,2825.8000,6743,0,183481380.000,0,-,-,-,-,2825.6000,2825.0000,2821.8000,2821.0000,2820.0000,2826.4000,2826.6000,2826.8000,2827.2000,2828.6000,1,1,1,8,7,1,1,1,1,4
SF,IH2007,2020-06-04 09:35:44.700,2826.4000,6742,-1,184329300.000,1,0,1,双平,S,2826.4000,2825.6000,2825.0000,2821.8000,2821.0000,2826.6000,2826.8000,2827.2000,2828.6000,2828.8000,10,1,1,1,8,1,1,1,4,2
SF,IH2007,2020-06-04 09:35:45.200,2826.6000,6740,-2,186025200.000,2,0,2,双平,S,2826.4000,2825.6000,2825.0000,2821.8000,2821.0000,2826.8000,2827.2000,2828.6000,2828.8000,2830.2000,9,1,1,1,8,1,1,4,2,2
SF,IH2007,2020-06-04 09:35:45.700,2826.4000,6738,-2,187721040.000,2,0,2,双平,S,2826.4000,2825.6000,2825.0000,2821.8000,2821.0000,2826.8000,2827.2000,2828.6000,2828.8000,2830.2000,7,1,1,1,8,1,1,4,2,2
SF,IH2007,2020-06-04 09:35:46.200,2826.4000,6738,0,187721040.000,0,-,-,-,-,2826.4000,2825.6000,2825.0000,2821.8000,2821.0000,2826.6000,2826.8000,2827.2000,2828.6000,2828.8000,7,1,1,1,8,1,1,1,4,2
SF,IH2007,2020-06-04 09:35:46.700,2826.6000,6737,-1,189416940.000,2,0,2,多平,S,2826.4000,2825.6000,2825.0000,2821.8000,2821.0000,2826.8000,2827.2000,2828.6000,2828.8000,2830.2000,6,1,1,1,8,1,1,4,2,2
SF,IH2007,2020-06-04 09:35:47.200,2826.8000,6736,-1,190264980.000,1,0,1,双平,S,2826.6000,2826.4000,2825.6000,2825.0000,2821.8000,2827.2000,2828.6000,2828.8000,2830.2000,2830.4000,1,6,1,1,1,1,4,2,2,1
SF,IH2007,2020-06-04 09:35:47.700,2826.8000,6736,0,190264980.000,0,-,-,-,-,2826.6000,2826.4000,2826.2000,2825.6000,2825.0000,2827.2000,2828.6000,2828.8000,2830.2000,2830.4000,1,6,1,1,1,1,4,2,2,1
SF,IH2007,2020-06-04 09:35:48.200,2826.8000,6736,0,190264980.000,0,-,-,-,-,2826.4000,2826.2000,2825.8000,2825.6000,2825.0000,2826.8000,2827.2000,2828.6000,2828.8000,2830.2000,6,1,1,1,1,2,1,4,2,2
SF,IH2007,2020-06-04 09:35:48.700,2826.4000,6735,-1,191112900.000,1,0,1,双平,S,2826.4000,2826.2000,2825.8000,2825.6000,2825.2000,2826.8000,2827.2000,2828.6000,2828.8000,2830.2000,5,1,1,1,1,2,1,4,2,2
