市场代码,合约代码,时间,最新,持仓,增仓,成交额,成交量,开仓,平仓,成交类型,方向,买一价,买二价,买三价,买四价,买五价,卖一价,卖二价,卖三价,卖四价,卖五价,买一量,买二量,买三量,买四量,买五量,卖一量,卖二量,卖三量,卖四量,卖五量
SF,IH2012,2020-05-26 09:29:00.000,2677.0000,3834,0,803100.000,1.000,-,-,-,-,2676.8000,2674.6000,2671.6000,2670.2000,2667.8000,2679.0000,2681.0000,2681.8000,2685.0000,2686.2000,4,1,1,1,1,2,1,2,1,1
SF,IH2012,2020-05-26 09:30:00.500,2679.0000,3835,1,3214200.000,3,2,1,空开,S,2679.0000,2677.0000,2676.8000,2671.6000,2670.2000,2679.8000,2680.0000,2681.0000,2681.8000,2685.0000,1,8,1,1,1,1,2,1,2,1
SF,IH2012,2020-05-26 09:30:01.000,2677.0000,3834,-1,4821000.000,2,0,2,多平,S,2677.0000,2671.6000,2670.2000,2667.8000,2655.0000,2678.0000,2679.4000,2679.8000,2680.0000,2680.8000,1,1,1,1,1,1,1,1,2,2
SF,IH2012,2020-05-26 09:30:01.500,2678.0000,3832,-2,7230900.000,3,0,3,多平,S,2678.6000,2670.2000,2667.8000,2655.0000,2637.8000,2679.8000,2680.0000,2680.8000,2681.0000,2681.8000,1,1,1,1,4,1,2,2,1,2
SF,IH2012,2020-05-26 09:30:02.000,2679.8000,3830,-2,8838360.000,2,0,2,双平,S,2675.2000,2670.2000,2667.8000,2655.0000,2637.8000,2680.0000,2680.8000,2681.0000,2681.8000,2685.0000,5,1,1,1,4,2,2,1,2,1
SF,IH2012,2020-05-26 09:30:02.500,2679.8000,3830,0,8838360.000,0,-,-,-,-,2675.4000,2675.2000,2670.2000,2667.8000,2655.0000,2677.0000,2679.6000,2679.8000,2680.0000,2680.8000,1,5,1,1,1,1,1,2,2,2
SF,IH2012,2020-05-26 09:30:03.000,2679.8000,3828,-2,10445400.000,2,0,2,双平,S,2677.0000,2675.4000,2675.2000,2670.2000,2667.8000,2679.8000,2680.0000,2681.0000,2681.8000,2685.0000,1,1,5,1,1,1,2,1,2,1
SF,IH2012,2020-05-26 09:30:03.500,2677.2000,3827,-1,11248560.000,1,0,1,双平,S,2677.2000,2671.4000,2670.2000,2667.8000,2655.0000,2679.4000,2679.6000,2679.8000,2680.0000,2681.0000,1,5,1,1,1,1,2,1,2,1
SF,IH2012,2020-05-26 09:30:04.000,2677.2000,3826,-1,12051720.000,1,0,1,双平,S,2677.0000,2671.4000,2670.2000,2667.8000,2655.0000,2677.2000,2679.2000,2679.4000,2680.0000,2681.0000,1,5,1,1,1,1,3,1,2,1
SF,IH2012,2020-05-26 09:30:04.500,2677.0000,3825,-1,14461020.000,3,1,2,多平,S,2677.2000,2671.4000,2667.8000,2655.0000,2637.8000,2679.2000,2679.4000,2679.6000,2680.0000,2681.0000,1,5,1,1,4,3,1,3,2,1
SF,IH2012,2020-05-26 09:30:05.000,2677.0000,3824,-1,15264120.000,1,0,1,双平,S,2671.4000,2667.8000,2655.0000,2637.8000,2613.2000,2677.2000,2678.0000,2678.4000,2678.8000,2679.2000,5,1,1,4,1,1,1,1,1,3
SF,IH2012,2020-05-26 09:30:05.500,2677.0000,3824,0,15264120.000,0,-,-,-,-,2671.8000,2671.6000,2671.4000,2667.8000,2655.0000,2677.0000,2677.2000,2678.0000,2678.4000,2678.8000,7,1,5,1,1,2,1,1,1,1
SF,IH2012,2020-05-26 09:30:06.000,2677.0000,3824,0,15264120.000,0,-,-,-,-,2672.0000,2671.8000,2671.4000,2667.8000,2655.0000,2677.0000,2677.2000,2678.0000,2678.4000,2678.8000,1,7,5,1,1,2,1,1,1,1
SF,IH2012,2020-05-26 09:30:06.500,2677.0000,3824,0,15264120.000,0,-,-,-,-,2672.4000,2672.0000,2671.4000,2667.8000,2655.0000,2676.6000,2677.0000,2677.2000,2678.0000,2678.4000,1,1,5,1,1,1,5,1,1,1
SF,IH2012,2020-05-26 09:30:07.000,2676.6000,3824,0,16067100.000,1,0,1,多换,S,2672.6000,2672.4000,2671.4000,2667.8000,2655.0000,2676.4000,2676.6000,2677.2000,2678.0000,2678.4000,2,2,5,1,1,1,1,1,2,1
SF,IH2012,2020-05-26 09:30:07.500,2676.4000,3823,-1,16870020.000,1,0,1,双平,S,2672.6000,2672.4000,2667.8000,2667.6000,2655.0000,2676.4000,2677.2000,2678.0000,2678.4000,2679.2000,2,2,1,5,1,1,2,2,1,2
SF,IH2012,2020-05-26 09:30:08.000,2676.4000,3823,0,16870020.000,0,-,-,-,-,2672.6000,2672.4000,2667.8000,2667.6000,2655.0000,2676.2000,2676.4000,2677.2000,2678.0000,2678.4000,2,2,1,5,1,7,1,2,2,1
SF,IH2012,2020-05-26 09:30:08.500,2676.4000,3823,0,16870020.000,0,-,-,-,-,2672.6000,2672.4000,2667.8000,2667.6000,2655.0000,2676.0000,2676.2000,2677.2000,2678.0000,2678.4000,2,2,1,5,1,1,3,2,2,1
SF,IH2012,2020-05-26 09:30:09.000,2676.4000,3823,0,16870020.000,0,-,-,-,-,2672.8000,2672.6000,2672.4000,2667.8000,2667.6000,2676.0000,2676.2000,2677.2000,2678.0000,2678.4000,1,2,2,1,5,1,3,2,2,1
SF,IH2012,2020-05-26 09:30:09.500,2676.4000,3823,0,16870020.000,0,-,-,-,-,2673.0000,2672.8000,2672.4000,2667.8000,2667.6000,2676.0000,2676.2000,2677.2000,2678.0000,2678.4000,2,1,2,1,5,1,3,2,2,1
SF,IH2012,2020-05-26 09:30:10.000,2673.0000,3822,-1,18473820.000,2,0,2,多平,S,2672.8000,2672.4000,2667.8000,2667.6000,2655.0000,2675.8000,2676.0000,2676.2000,2677.2000,2678.0000,1,2,1,5,1,3,1,3,2,2
SF,IH2012,2020-05-26 09:30:10.500,2673.0000,3822,0,18473820.000,0,-,-,-,-,2672.8000,2667.8000,2667.6000,2655.0000,2637.8000,2675.6000,2675.8000,2677.2000,2678.0000,2678.4000,1,1,5,1,4,1,3,2,2,1
SF,IH2012,2020-05-26 09:30:11.000,2673.0000,3822,0,18473820.000,0,-,-,-,-,2672.8000,2668.4000,2667.8000,2667.6000,2655.0000,2675.4000,2675.6000,2675.8000,2677.2000,2678.0000,1,1,1,5,1,1,1,2,2,2
SF,IH2012,2020-05-26 09:30:11.500,2673.0000,3822,0,18473820.000,0,-,-,-,-,2672.8000,2668.4000,2667.8000,2667.6000,2655.0000,2675.2000,2675.4000,2677.2000,2678.0000,2678.4000,1,1,1,5,1,3,1,2,2,1
SF,IH2012,2020-05-26 09:30:12.000,2673.0000,3822,0,18473820.000,0,-,-,-,-,2668.4000,2667.8000,2667.6000,2655.0000,2637.8000,2675.2000,2675.4000,2677.2000,2678.0000,2678.4000,1,1,5,1,4,1,4,2,2,1
SF,IH2012,2020-05-26 09:30:12.500,2673.0000,3822,0,18473820.000,0,-,-,-,-,2668.8000,2668.6000,2667.8000,2667.6000,2655.0000,2672.8000,2675.0000,2675.2000,2677.2000,2678.0000,8,2,1,5,1,1,1,1,2,2
SF,IH2012,2020-05-26 09:30:13.000,2672.8000,3821,-1,20077560.000,2,0,2,多平,S,2669.0000,2668.8000,2668.6000,2667.8000,2667.6000,2672.8000,2677.2000,2678.0000,2678.4000,2679.0000,2,8,1,1,5,1,2,2,1,1
SF,IH2012,2020-05-26 09:30:13.500,2672.8000,3819,-2,21681240.000,2,0,2,双平,S,2669.4000,2669.2000,2669.0000,2668.6000,2667.8000,2677.2000,2678.0000,2678.4000,2679.0000,2680.0000,9,1,2,1,1,2,2,1,1,2
SF,IH2012,2020-05-26 09:30:14.000,2672.8000,3819,0,21681240.000,0,-,-,-,-,2669.6000,2669.4000,2669.2000,2667.6000,2655.0000,2672.6000,2677.0000,2677.2000,2678.0000,2678.4000,2,9,1,5,1,3,5,2,2,1
SF,IH2012,2020-05-26 09:30:14.500,2672.6000,3819,0,24086580.000,3,1,2,多换,S,2670.0000,2669.6000,2669.4000,2669.2000,2667.6000,2677.0000,2677.2000,2678.0000,2678.4000,2679.0000,9,2,1,1,5,5,2,2,1,1
SF,IH2012,2020-05-26 09:30:15.000,2672.6000,3819,0,24086580.000,0,-,-,-,-,2670.2000,2670.0000,2669.4000,2667.6000,2655.0000,2676.8000,2677.0000,2677.2000,2678.0000,2678.4000,2,9,1,5,1,2,3,2,2,1
SF,IH2012,2020-05-26 09:30:15.500,2672.6000,3819,0,24086580.000,0,-,-,-,-,2670.6000,2670.2000,2670.0000,2669.4000,2667.6000,2676.6000,2676.8000,2677.2000,2678.0000,2678.4000,9,2,1,1,5,3,2,2,2,1
SF,IH2012,2020-05-26 09:30:16.000,2676.6000,3818,-1,24889560.000,1,0,1,双平,S,2670.8000,2670.6000,2670.0000,2669.4000,2667.6000,2676.6000,2677.2000,2678.0000,2678.4000,2679.0000,2,9,1,1,5,2,2,2,1,1
SF,IH2012,2020-05-26 09:30:16.500,2676.6000,3818,0,24889560.000,0,-,-,-,-,2671.2000,2670.8000,2670.6000,2670.0000,2669.4000,2676.4000,2677.2000,2678.0000,2678.4000,2679.0000,8,2,1,1,1,3,2,2,1,1
SF,IH2012,2020-05-26 09:30:17.000,2676.6000,3817,-1,26495520.000,2,0,2,多平,S,2671.8000,2671.4000,2671.2000,2667.6000,2655.0000,2677.2000,2678.0000,2678.4000,2679.0000,2680.0000,1,5,9,5,1,2,2,1,1,2
SF,IH2012,2020-05-26 09:30:17.500,2676.6000,3817,0,26495520.000,0,-,-,-,-,2672.2000,2672.0000,2671.8000,2671.6000,2671.4000,2676.2000,2677.0000,2677.2000,2678.0000,2678.4000,1,3,1,1,2,1,1,2,2,1
SF,IH2012,2020-05-26 09:30:18.000,2672.4000,3817,0,27297240.000,1,0,1,多换,S,2672.4000,2672.2000,2671.6000,2671.4000,2671.2000,2676.0000,2676.2000,2677.2000,2678.0000,2678.4000,3,1,1,2,8,1,1,2,2,1
SF,IH2012,2020-05-26 09:30:18.500,2672.4000,3817,0,27297240.000,0,-,-,-,-,2672.6000,2672.4000,2672.2000,2671.6000,2671.4000,2676.0000,2677.2000,2678.0000,2678.4000,2679.0000,1,3,1,1,2,1,2,2,1,1
SF,IH2012,2020-05-26 09:30:19.000,2672.4000,3817,0,27297240.000,0,-,-,-,-,2672.8000,2672.6000,2672.4000,2672.2000,2671.6000,2676.0000,2677.2000,2678.0000,2678.4000,2679.0000,2,1,1,1,1,1,2,2,1,1
SF,IH2012,2020-05-26 09:30:19.500,2676.0000,3816,-1,28100040.000,1,0,1,双平,S,2673.0000,2672.8000,2672.6000,2672.2000,2671.2000,2677.2000,2678.0000,2678.4000,2679.0000,2680.0000,1,2,1,1,8,2,2,1,1,2
SF,IH2012,2020-05-26 09:30:20.000,2676.0000,3816,0,28100040.000,0,-,-,-,-,2673.2000,2672.2000,2671.2000,2667.6000,2655.0000,2677.0000,2677.2000,2678.0000,2678.4000,2679.0000,3,1,8,5,1,2,2,2,1,1
SF,IH2012,2020-05-26 09:30:20.500,2676.0000,3816,0,28100040.000,0,-,-,-,-,2673.2000,2671.2000,2667.6000,2655.0000,2637.8000,2676.8000,2677.0000,2677.2000,2678.0000,2678.4000,2,8,5,1,4,3,2,2,2,1
SF,IH2012,2020-05-26 09:30:21.000,2676.0000,3816,0,28100040.000,0,-,-,-,-,2673.2000,2671.2000,2667.6000,2655.0000,2637.8000,2676.6000,2676.8000,2677.2000,2678.0000,2678.4000,2,8,5,1,4,2,3,2,2,1
SF,IH2012,2020-05-26 09:30:21.500,2676.0000,3816,0,28100040.000,0,-,-,-,-,2673.2000,2671.2000,2667.6000,2655.0000,2637.8000,2676.4000,2676.6000,2676.8000,2677.0000,2677.2000,2,8,5,1,4,2,2,2,1,2
SF,IH2012,2020-05-26 09:30:22.000,2676.0000,3816,0,28100040.000,0,-,-,-,-,2673.2000,2667.6000,2655.0000,2637.8000,2613.2000,2676.2000,2676.4000,2676.8000,2677.0000,2677.2000,2,5,1,4,1,3,2,2,1,2
SF,IH2012,2020-05-26 09:30:22.500,2676.0000,3816,0,28100040.000,0,-,-,-,-,2673.2000,2667.6000,2655.0000,2637.8000,2613.2000,2676.0000,2676.2000,2676.4000,2676.8000,2677.0000,1,5,1,4,1,2,3,1,2,1
SF,IH2012,2020-05-26 09:30:23.000,2676.0000,3816,0,28100040.000,0,-,-,-,-,2673.2000,2667.6000,2655.0000,2637.8000,2613.2000,2675.8000,2676.0000,2676.8000,2677.0000,2677.2000,1,5,1,4,1,2,2,2,1,2
SF,IH2012,2020-05-26 09:30:23.500,2676.0000,3816,0,28100040.000,0,-,-,-,-,2673.2000,2667.6000,2655.0000,2637.8000,2613.2000,2675.6000,2675.8000,2676.0000,2676.8000,2677.0000,1,5,1,4,1,1,2,2,2,1
SF,IH2012,2020-05-26 09:30:24.000,2673.2000,3815,-1,28902000.000,1,0,1,双平,S,2667.6000,2655.0000,2637.8000,2613.2000,2578.6000,2675.4000,2675.6000,2676.0000,2676.8000,2677.0000,5,1,4,1,1,2,1,2,2,1
SF,IH2012,2020-05-26 09:30:24.500,2673.2000,3815,0,28902000.000,0,-,-,-,-,2668.0000,2667.8000,2667.6000,2655.0000,2637.8000,2675.4000,2675.6000,2676.0000,2677.0000,2677.2000,8,2,5,1,4,3,1,2,1,2
SF,IH2012,2020-05-26 09:30:25.000,2673.2000,3815,0,28902000.000,0,-,-,-,-,2670.0000,2668.2000,2668.0000,2667.6000,2655.0000,2675.4000,2675.6000,2676.0000,2677.0000,2677.2000,1,4,8,5,1,3,1,2,1,2
SF,IH2012,2020-05-26 09:30:25.500,2673.2000,3815,0,28902000.000,0,-,-,-,-,2670.2000,2670.0000,2668.2000,2667.6000,2655.0000,2674.4000,2675.2000,2675.4000,2675.6000,2676.0000,2,1,2,5,1,1,2,3,1,1
SF,IH2012,2020-05-26 09:30:26.000,2673.2000,3815,0,28902000.000,0,-,-,-,-,2671.6000,2671.2000,2670.8000,2670.2000,2670.0000,2674.2000,2674.4000,2675.2000,2675.4000,2675.6000,1,1,1,2,1,1,1,2,2,1
SF,IH2012,2020-05-26 09:30:26.500,2673.2000,3815,0,28902000.000,0,-,-,-,-,2671.8000,2670.8000,2670.2000,2670.0000,2667.6000,2674.2000,2674.4000,2675.2000,2675.4000,2675.6000,1,1,1,1,5,1,1,2,2,1
SF,IH2012,2020-05-26 09:30:27.000,2673.2000,3815,0,28902000.000,0,-,-,-,-,2671.8000,2670.2000,2670.0000,2663.8000,2655.0000,2674.0000,2674.2000,2674.4000,2675.2000,2675.4000,1,1,1,5,1,2,1,1,1,1
SF,IH2012,2020-05-26 09:30:27.500,2673.2000,3815,0,28902000.000,0,-,-,-,-,2670.2000,2670.0000,2663.8000,2655.0000,2637.8000,2673.8000,2674.0000,2674.4000,2675.2000,2675.4000,1,1,5,1,4,1,2,1,1,1
SF,IH2012,2020-05-26 09:30:28.000,2673.2000,3815,0,28902000.000,0,-,-,-,-,2670.4000,2670.2000,2670.0000,2663.8000,2655.0000,2673.6000,2673.8000,2674.0000,2674.4000,2675.2000,1,1,1,5,1,2,1,1,1,1
SF,IH2012,2020-05-26 09:30:28.500,2673.2000,3815,0,28902000.000,0,-,-,-,-,2670.6000,2670.4000,2663.8000,2655.0000,2637.8000,2673.4000,2673.6000,2674.0000,2674.4000,2675.2000,1,1,5,1,4,1,2,1,1,1
SF,IH2012,2020-05-26 09:30:29.000,2674.4000,3816,1,32912460.000,5,3,2,空开,S,2670.8000,2670.6000,2664.0000,2663.8000,2655.0000,2675.2000,2675.4000,2675.6000,2676.0000,2677.0000,2,1,1,5,1,1,1,1,1,1
SF,IH2012,2020-05-26 09:30:29.500,2674.4000,3816,0,32912460.000,0,-,-,-,-,2673.6000,2670.8000,2670.6000,2664.0000,2663.8000,2675.0000,2675.2000,2675.4000,2675.6000,2676.0000,1,2,1,1,5,2,1,1,1,1
SF,IH2012,2020-05-26 09:30:30.000,2673.6000,3816,0,33714540.000,1,0,1,多换,S,2670.8000,2670.6000,2664.0000,2663.8000,2655.0000,2673.6000,2674.4000,2674.8000,2675.0000,2675.4000,2,1,1,5,1,1,1,2,2,1
SF,IH2012,2020-05-26 09:30:30.500,2673.6000,3816,0,33714540.000,0,-,-,-,-,2671.0000,2670.8000,2670.6000,2664.0000,2663.8000,2673.4000,2673.6000,2674.2000,2674.4000,2674.8000,1,2,1,1,5,1,1,1,1,1
SF,IH2012,2020-05-26 09:30:31.000,2673.6000,3816,0,33714540.000,0,-,-,-,-,2671.2000,2671.0000,2670.8000,2664.0000,2663.8000,2673.4000,2674.2000,2674.4000,2674.8000,2675.0000,3,1,1,1,5,1,1,1,1,1
SF,IH2012,2020-05-26 09:30:31.500,2673.6000,3816,0,33714540.000,0,-,-,-,-,2671.4000,2671.2000,2671.0000,2670.8000,2664.0000,2672.8000,2673.4000,2674.2000,2674.4000,2674.8000,1,1,1,1,1,1,1,1,1,1
SF,IH2012,2020-05-26 09:30:32.000,2673.4000,3815,-1,34516560.000,1,0,1,双平,S,2671.6000,2671.4000,2671.0000,2664.0000,2663.8000,2674.2000,2674.4000,2674.8000,2675.0000,2675.4000,1,1,1,1,5,1,1,1,1,1
SF,IH2012,2020-05-26 09:30:32.500,2673.4000,3815,0,34516560.000,0,-,-,-,-,2671.8000,2671.6000,2671.4000,2671.0000,2664.0000,2673.6000,2674.0000,2674.2000,2674.4000,2675.0000,2,1,1,1,1,1,2,1,1,1
SF,IH2012,2020-05-26 09:30:33.000,2673.4000,3815,0,34516560.000,0,-,-,-,-,2672.0000,2671.8000,2671.4000,2671.0000,2664.0000,2673.6000,2674.0000,2674.2000,2675.0000,2675.4000,1,1,1,1,1,1,2,1,1,1
SF,IH2012,2020-05-26 09:30:33.500,2673.6000,3814,-1,35318640.000,1,0,1,双平,S,2672.2000,2672.0000,2671.8000,2671.4000,2671.0000,2674.0000,2674.2000,2675.0000,2675.4000,2675.6000,1,1,1,1,1,2,1,1,1,1
SF,IH2012,2020-05-26 09:30:34.000,2673.6000,3814,0,35318640.000,0,-,-,-,-,2672.4000,2672.2000,2671.8000,2671.4000,2671.0000,2674.0000,2674.2000,2675.0000,2675.4000,2675.6000,1,1,1,1,1,1,1,1,1,1
SF,IH2012,2020-05-26 09:30:34.500,2672.4000,3813,-1,36120360.000,1,0,1,双平,S,2672.2000,2671.8000,2671.4000,2671.0000,2664.0000,2673.8000,2674.2000,2675.0000,2675.4000,2675.6000,1,1,1,1,1,1,1,1,1,1
SF,IH2012,2020-05-26 09:30:35.000,2672.4000,3812,-1,36922080.000,1,0,1,双平,S,2672.2000,2671.8000,2671.4000,2671.0000,2664.0000,2673.8000,2675.0000,2675.4000,2675.6000,2677.0000,1,1,1,1,1,1,2,1,1,1
SF,IH2012,2020-05-26 09:30:35.500,2672.4000,3812,0,36922080.000,0,-,-,-,-,2672.2000,2671.8000,2671.4000,2671.0000,2664.0000,2673.6000,2673.8000,2675.0000,2675.4000,2675.6000,1,1,1,1,1,1,1,1,1,1
SF,IH2012,2020-05-26 09:30:36.000,2672.4000,3812,0,36922080.000,0,-,-,-,-,2672.2000,2671.8000,2671.4000,2671.0000,2664.0000,2674.8000,2675.0000,2675.4000,2675.6000,2677.0000,1,1,1,1,1,1,1,1,1,1
SF,IH2012,2020-05-26 09:30:36.500,2672.4000,3812,0,36922080.000,0,-,-,-,-,2672.4000,2672.2000,2671.8000,2671.4000,2671.0000,2674.2000,2674.6000,2675.4000,2675.6000,2677.0000,2,1,1,1,1,1,3,1,1,1
SF,IH2012,2020-05-26 09:30:37.000,2672.4000,3812,0,36922080.000,0,-,-,-,-,2672.6000,2672.4000,2672.2000,2671.8000,2671.4000,2674.2000,2674.6000,2675.4000,2675.6000,2677.0000,1,1,1,1,1,2,3,1,1,1
SF,IH2012,2020-05-26 09:30:37.500,2672.4000,3812,0,36922080.000,0,-,-,-,-,2672.6000,2672.4000,2672.2000,2671.8000,2671.4000,2674.0000,2674.2000,2674.6000,2675.4000,2675.6000,1,1,1,1,1,1,2,2,1,1
SF,IH2012,2020-05-26 09:30:38.000,2672.4000,3812,0,36922080.000,0,-,-,-,-,2672.6000,2672.4000,2672.2000,2671.8000,2671.4000,2673.8000,2674.0000,2674.6000,2675.4000,2675.6000,1,1,1,1,1,1,1,2,1,1
SF,IH2012,2020-05-26 09:30:38.500,2672.4000,3812,0,36922080.000,0,-,-,-,-,2672.6000,2672.4000,2672.2000,2671.8000,2671.4000,2673.8000,2674.0000,2674.6000,2675.4000,2675.6000,1,1,1,1,1,2,1,2,1,1
SF,IH2012,2020-05-26 09:30:39.500,2673.8000,3812,0,37724220.000,1,0,1,多换,S,2672.6000,2672.4000,2672.2000,2671.8000,2671.4000,2674.0000,2674.6000,2675.0000,2675.4000,2675.6000,1,1,1,1,1,1,2,1,1,1
SF,IH2012,2020-05-26 09:30:40.000,2673.8000,3812,0,37724220.000,0,-,-,-,-,2672.6000,2672.4000,2672.2000,2671.8000,2671.4000,2674.0000,2674.6000,2675.0000,2675.4000,2675.6000,1,1,1,1,1,1,2,1,1,1
SF,IH2012,2020-05-26 09:30:40.500,2673.8000,3812,0,37724220.000,0,-,-,-,-,2672.6000,2672.4000,2672.2000,2671.8000,2671.4000,2674.6000,2675.0000,2675.4000,2675.6000,2677.0000,1,1,1,1,1,2,1,1,1,1
SF,IH2012,2020-05-26 09:30:41.000,2673.8000,3812,0,37724220.000,0,-,-,-,-,2672.8000,2672.6000,2672.2000,2671.8000,2664.0000,2674.4000,2674.6000,2675.0000,2675.4000,2675.6000,1,1,1,1,1,1,1,1,1,1
SF,IH2012,2020-05-26 09:30:41.500,2673.8000,3812,0,37724220.000,0,-,-,-,-,2672.8000,2672.6000,2672.2000,2664.0000,2663.8000,2674.0000,2674.2000,2674.4000,2675.4000,2675.6000,1,1,1,1,5,1,1,1,1,1
SF,IH2012,2020-05-26 09:30:42.000,2673.8000,3812,0,37724220.000,0,-,-,-,-,2672.8000,2672.6000,2672.2000,2664.0000,2663.8000,2673.8000,2674.2000,2674.4000,2674.8000,2675.4000,1,1,1,1,5,1,1,1,1,1
SF,IH2012,2020-05-26 09:30:43.000,2673.8000,3812,0,37724220.000,0,-,-,-,-,2672.8000,2672.6000,2672.2000,2664.0000,2663.8000,2673.8000,2674.2000,2674.4000,2674.8000,2675.0000,1,1,1,1,5,1,1,1,1,1
SF,IH2012,2020-05-26 09:30:43.500,2673.8000,3812,0,37724220.000,0,-,-,-,-,2672.8000,2672.6000,2664.0000,2663.8000,2655.0000,2673.8000,2674.2000,2674.4000,2674.8000,2675.0000,1,1,1,5,1,1,1,1,1,1
SF,IH2012,2020-05-26 09:30:45.000,2673.8000,3812,0,37724220.000,0,-,-,-,-,2672.8000,2664.0000,2663.8000,2655.0000,2637.8000,2673.8000,2674.2000,2674.4000,2674.8000,2675.0000,1,1,5,1,4,1,1,1,1,1
SF,IH2012,2020-05-26 09:30:45.500,2673.8000,3812,0,37724220.000,0,-,-,-,-,2672.8000,2664.0000,2663.8000,2655.0000,2637.8000,2673.8000,2674.2000,2674.4000,2674.8000,2675.0000,1,1,5,1,4,1,1,1,1,1
SF,IH2012,2020-05-26 09:30:46.000,2673.8000,3812,0,37724220.000,0,-,-,-,-,2672.8000,2664.0000,2663.8000,2655.0000,2637.8000,2673.8000,2674.2000,2674.4000,2675.0000,2675.6000,1,1,5,1,4,1,1,1,1,1
SF,IH2012,2020-05-26 09:30:46.500,2673.8000,3812,0,37724220.000,0,-,-,-,-,2672.8000,2669.0000,2664.0000,2663.8000,2655.0000,2673.8000,2674.2000,2674.4000,2675.0000,2675.6000,1,1,1,5,1,1,1,1,1,1
SF,IH2012,2020-05-26 09:30:47.000,2672.8000,3811,-1,38526060.000,1,0,1,双平,S,2669.0000,2664.0000,2663.8000,2655.0000,2637.8000,2673.6000,2673.8000,2674.2000,2674.4000,2675.0000,1,1,5,1,4,1,1,1,1,1
SF,IH2012,2020-05-26 09:30:47.500,2672.8000,3811,0,38526060.000,0,-,-,-,-,2669.4000,2669.2000,2669.0000,2664.0000,2663.8000,2673.4000,2673.6000,2673.8000,2674.2000,2675.0000,8,5,1,1,5,1,1,1,1,1
SF,IH2012,2020-05-26 09:30:48.000,2672.8000,3811,0,38526060.000,0,-,-,-,-,2669.6000,2669.2000,2669.0000,2664.0000,2663.8000,2673.4000,2673.6000,2673.8000,2674.2000,2675.0000,4,1,1,1,5,1,1,1,1,1
SF,IH2012,2020-05-26 09:30:49.000,2672.8000,3811,0,38526060.000,0,-,-,-,-,2669.6000,2669.2000,2669.0000,2664.0000,2663.8000,2673.4000,2673.6000,2673.8000,2674.2000,2675.0000,4,1,1,1,5,1,1,1,1,1
SF,IH2012,2020-05-26 09:30:49.500,2673.4000,3811,0,39328080.000,1,0,1,多换,S,2673.4000,2670.4000,2670.2000,2669.8000,2669.6000,2673.6000,2673.8000,2674.2000,2675.0000,2675.6000,1,1,1,1,4,1,1,1,1,1
SF,IH2012,2020-05-26 09:30:50.000,2673.4000,3810,-1,40130100.000,1,0,1,双平,S,2670.4000,2670.2000,2669.8000,2669.6000,2669.0000,2673.6000,2673.8000,2674.2000,2675.0000,2675.6000,1,1,1,4,1,1,1,1,1,1
SF,IH2012,2020-05-26 09:30:50.500,2673.4000,3810,0,40130100.000,0,-,-,-,-,2670.6000,2670.4000,2670.2000,2669.8000,2669.0000,2673.4000,2673.6000,2673.8000,2674.2000,2675.0000,4,1,1,1,1,1,1,1,1,1
SF,IH2012,2020-05-26 09:30:52.000,2673.4000,3810,0,40130100.000,0,-,-,-,-,2671.2000,2670.6000,2670.4000,2670.2000,2669.8000,2673.4000,2673.6000,2673.8000,2674.2000,2675.0000,1,4,1,1,1,1,1,1,1,1
SF,IH2012,2020-05-26 09:30:52.500,2673.4000,3810,0,40130100.000,0,-,-,-,-,2671.4000,2671.2000,2670.6000,2670.4000,2669.0000,2673.2000,2673.4000,2673.6000,2673.8000,2674.2000,1,1,3,1,1,1,1,1,1,1
SF,IH2012,2020-05-26 09:30:53.000,2673.4000,3810,0,40130100.000,0,-,-,-,-,2671.4000,2671.2000,2670.6000,2669.0000,2664.0000,2673.2000,2673.4000,2673.6000,2673.8000,2674.2000,1,1,3,1,1,1,1,1,1,1
SF,IH2012,2020-05-26 09:30:53.500,2673.4000,3810,0,40130100.000,0,-,-,-,-,2671.6000,2671.4000,2671.2000,2670.6000,2669.0000,2673.4000,2673.6000,2674.2000,2675.0000,2675.6000,1,1,1,2,1,1,1,1,1,1
SF,IH2012,2020-05-26 09:30:54.000,2673.4000,3810,0,40130100.000,0,-,-,-,-,2671.8000,2671.6000,2671.2000,2670.6000,2669.0000,2672.4000,2673.4000,2673.6000,2674.2000,2675.0000,1,1,1,2,1,1,1,1,1,1
SF,IH2012,2020-05-26 09:30:54.500,2672.4000,3810,0,40931820.000,1,0,1,多换,S,2671.8000,2671.6000,2670.6000,2669.0000,2664.0000,2673.6000,2674.2000,2675.0000,2675.2000,2675.6000,1,1,1,1,1,1,1,1,1,1
SF,IH2012,2020-05-26 09:30:55.000,2672.4000,3810,0,40931820.000,0,-,-,-,-,2671.8000,2671.6000,2670.6000,2669.0000,2664.0000,2674.2000,2675.0000,2675.2000,2675.6000,2676.2000,1,1,1,1,1,1,1,1,1,1
SF,IH2012,2020-05-26 09:30:55.500,2672.4000,3810,0,40931820.000,0,-,-,-,-,2671.8000,2671.6000,2670.6000,2669.0000,2664.0000,2674.0000,2675.0000,2675.2000,2675.6000,2676.2000,1,1,1,1,1,2,1,1,1,1
SF,IH2012,2020-05-26 09:30:58.500,2672.4000,3810,0,40931820.000,0,-,-,-,-,2671.8000,2671.6000,2670.6000,2669.0000,2664.0000,2674.0000,2675.0000,2675.2000,2675.6000,2676.2000,1,1,1,1,1,2,1,1,1,1
SF,IH2012,2020-05-26 09:30:59.000,2672.4000,3810,0,40931820.000,0,-,-,-,-,2671.8000,2671.6000,2670.6000,2669.0000,2664.0000,2674.0000,2675.0000,2675.2000,2675.6000,2676.2000,2,1,1,1,1,1,1,1,1,1
SF,IH2012,2020-05-26 09:31:00.000,2672.4000,3810,0,40931820.000,0,-,-,-,-,2671.8000,2671.6000,2670.6000,2669.0000,2664.0000,2674.0000,2675.0000,2675.2000,2675.6000,2676.2000,2,1,1,1,1,1,1,1,1,1
SF,IH2012,2020-05-26 09:31:01.000,2672.4000,3810,0,40931820.000,0,-,-,-,-,2671.8000,2671.6000,2670.6000,2669.0000,2664.0000,2674.0000,2675.0000,2675.2000,2675.6000,2676.2000,1,1,1,1,1,1,1,1,1,1
SF,IH2012,2020-05-26 09:31:02.000,2672.4000,3810,0,40931820.000,0,-,-,-,-,2672.0000,2671.8000,2671.6000,2670.6000,2669.0000,2674.0000,2675.0000,2675.2000,2675.6000,2676.2000,1,1,1,1,1,1,1,1,1,1
SF,IH2012,2020-05-26 09:31:02.500,2672.4000,3810,0,40931820.000,0,-,-,-,-,2672.2000,2672.0000,2670.6000,2669.0000,2664.0000,2675.0000,2675.2000,2675.6000,2676.2000,2677.0000,2,1,1,1,1,1,1,1,1,2
SF,IH2012,2020-05-26 09:31:03.000,2672.4000,3810,0,40931820.000,0,-,-,-,-,2672.4000,2672.2000,2672.0000,2670.6000,2669.0000,2674.8000,2675.0000,2675.2000,2675.6000,2676.2000,1,1,1,1,1,1,1,1,1,1
SF,IH2012,2020-05-26 09:31:03.500,2672.4000,3810,0,40931820.000,0,-,-,-,-,2672.6000,2672.4000,2672.0000,2671.6000,2670.6000,2674.8000,2675.0000,2675.2000,2675.6000,2676.2000,2,1,1,1,1,1,1,1,1,1
SF,IH2012,2020-05-26 09:31:05.000,2672.4000,3810,0,40931820.000,0,-,-,-,-,2672.8000,2672.6000,2672.4000,2672.0000,2671.6000,2674.8000,2675.0000,2675.2000,2675.6000,2677.0000,1,2,1,1,1,1,1,1,1,2
SF,IH2012,2020-05-26 09:31:05.500,2672.4000,3810,0,40931820.000,0,-,-,-,-,2673.0000,2672.8000,2672.6000,2672.4000,2672.0000,2674.8000,2675.0000,2675.2000,2675.6000,2677.0000,1,1,1,1,1,1,1,1,1,2
SF,IH2012,2020-05-26 09:31:06.000,2672.4000,3810,0,40931820.000,0,-,-,-,-,2673.0000,2672.8000,2672.6000,2672.4000,2671.6000,2674.8000,2675.0000,2675.2000,2675.6000,2677.0000,1,1,1,1,1,1,1,1,1,2
SF,IH2012,2020-05-26 09:31:06.500,2672.4000,3810,0,40931820.000,0,-,-,-,-,2673.0000,2672.6000,2672.4000,2671.6000,2670.6000,2674.8000,2675.0000,2675.2000,2675.6000,2677.0000,1,1,1,1,1,1,1,1,1,2
SF,IH2012,2020-05-26 09:31:07.500,2672.4000,3809,-1,41733540.000,1,0,1,双平,S,2672.6000,2672.4000,2671.6000,2670.6000,2669.0000,2674.8000,2675.0000,2675.2000,2675.6000,2677.0000,1,1,1,1,1,1,1,1,1,2
SF,IH2012,2020-05-26 09:31:08.000,2672.4000,3809,0,41733540.000,0,-,-,-,-,2672.8000,2672.4000,2671.6000,2670.6000,2669.0000,2674.8000,2675.0000,2675.2000,2675.6000,2677.0000,1,1,1,1,1,1,1,1,1,2
SF,IH2012,2020-05-26 09:31:09.000,2672.4000,3809,0,41733540.000,0,-,-,-,-,2673.0000,2672.8000,2672.4000,2671.6000,2670.6000,2674.8000,2675.0000,2675.2000,2677.0000,2677.2000,1,1,1,1,1,1,1,1,2,1
SF,IH2012,2020-05-26 09:31:09.500,2672.4000,3809,0,41733540.000,0,-,-,-,-,2673.2000,2673.0000,2672.4000,2671.6000,2670.6000,2674.8000,2675.0000,2675.2000,2677.0000,2677.2000,1,1,1,1,1,1,1,1,2,1
SF,IH2012,2020-05-26 09:31:10.000,2672.4000,3809,0,41733540.000,0,-,-,-,-,2673.2000,2672.4000,2671.6000,2670.6000,2669.0000,2674.8000,2675.0000,2675.2000,2677.0000,2677.2000,2,1,1,1,1,1,1,1,2,1
SF,IH2012,2020-05-26 09:31:10.500,2672.4000,3809,0,41733540.000,0,-,-,-,-,2673.4000,2673.2000,2672.4000,2671.6000,2670.6000,2674.8000,2675.0000,2675.2000,2677.0000,2677.2000,1,1,1,1,1,1,1,1,2,1
SF,IH2012,2020-05-26 09:31:11.500,2672.4000,3809,0,41733540.000,0,-,-,-,-,2673.4000,2673.2000,2672.6000,2672.4000,2671.6000,2674.8000,2675.0000,2675.2000,2677.0000,2677.2000,1,1,4,1,1,1,1,1,2,1
SF,IH2012,2020-05-26 09:31:12.000,2672.4000,3809,0,41733540.000,0,-,-,-,-,2673.6000,2673.4000,2672.6000,2672.4000,2671.6000,2675.0000,2675.2000,2677.0000,2677.2000,2678.0000,2,1,4,1,1,1,1,2,1,2
SF,IH2012,2020-05-26 09:31:12.500,2672.4000,3809,0,41733540.000,0,-,-,-,-,2673.6000,2672.6000,2672.4000,2671.6000,2670.6000,2675.0000,2675.2000,2677.0000,2677.2000,2678.0000,2,4,1,1,1,1,1,2,1,2
SF,IH2012,2020-05-26 09:31:13.000,2672.4000,3809,0,41733540.000,0,-,-,-,-,2673.6000,2672.6000,2672.4000,2671.6000,2670.6000,2675.0000,2675.2000,2677.0000,2677.2000,2678.0000,2,4,2,1,1,1,1,2,1,2
SF,IH2012,2020-05-26 09:31:14.500,2675.0000,3808,-1,42536040.000,1,0,1,双平,S,2673.6000,2672.6000,2672.4000,2671.6000,2670.6000,2675.2000,2677.0000,2677.2000,2678.0000,2678.2000,2,4,2,1,1,1,2,1,2,1
SF,IH2012,2020-05-26 09:31:19.500,2675.0000,3808,0,42536040.000,0,-,-,-,-,2673.6000,2672.6000,2672.4000,2671.6000,2670.6000,2675.2000,2677.0000,2677.2000,2678.0000,2678.2000,2,4,2,1,1,1,2,1,2,1
SF,IH2012,2020-05-26 09:31:20.000,2675.2000,3807,-1,43338600.000,1,0,1,双平,S,2673.6000,2672.6000,2672.4000,2671.6000,2670.6000,2677.0000,2677.2000,2678.0000,2678.2000,2680.0000,2,4,2,1,1,2,1,2,1,2
SF,IH2012,2020-05-26 09:31:20.500,2675.2000,3807,0,43338600.000,0,-,-,-,-,2673.8000,2673.6000,2672.4000,2671.6000,2670.6000,2676.8000,2677.0000,2677.2000,2678.0000,2678.2000,1,1,1,1,1,3,2,1,2,1
SF,IH2012,2020-05-26 09:31:21.000,2675.2000,3807,0,43338600.000,0,-,-,-,-,2674.0000,2673.8000,2672.4000,2671.6000,2670.6000,2676.6000,2676.8000,2677.0000,2677.2000,2678.0000,1,1,1,1,1,1,3,2,1,2
SF,IH2012,2020-05-26 09:31:21.500,2675.2000,3807,0,43338600.000,0,-,-,-,-,2674.2000,2674.0000,2672.4000,2671.6000,2670.6000,2676.4000,2676.6000,2676.8000,2677.0000,2677.2000,1,1,1,1,1,2,1,1,2,1
SF,IH2012,2020-05-26 09:31:22.000,2675.2000,3807,0,43338600.000,0,-,-,-,-,2674.2000,2674.0000,2672.4000,2671.6000,2670.6000,2676.2000,2676.4000,2676.8000,2677.0000,2677.2000,1,1,1,1,1,1,2,1,2,1
SF,IH2012,2020-05-26 09:31:22.500,2675.2000,3807,0,43338600.000,0,-,-,-,-,2674.0000,2672.4000,2671.6000,2670.6000,2669.0000,2676.0000,2676.2000,2676.4000,2676.8000,2677.0000,1,1,1,1,1,1,1,1,1,2
SF,IH2012,2020-05-26 09:31:23.000,2676.0000,3806,-1,44141400.000,1,0,1,双平,S,2674.0000,2672.4000,2671.6000,2670.6000,2669.0000,2676.2000,2676.4000,2676.8000,2677.0000,2677.2000,1,1,1,1,1,1,1,1,2,1
SF,IH2012,2020-05-26 09:31:23.500,2676.0000,3806,0,44141400.000,0,-,-,-,-,2674.0000,2672.4000,2671.6000,2670.6000,2669.0000,2676.0000,2676.2000,2676.8000,2677.0000,2677.2000,1,1,1,1,1,2,1,1,2,1
SF,IH2012,2020-05-26 09:31:24.000,2676.0000,3806,0,44141400.000,0,-,-,-,-,2674.0000,2672.4000,2671.6000,2670.6000,2669.0000,2675.8000,2676.0000,2676.2000,2676.8000,2677.0000,1,1,1,1,1,1,1,1,1,2
SF,IH2012,2020-05-26 09:31:24.500,2676.0000,3806,0,44141400.000,0,-,-,-,-,2674.0000,2672.4000,2671.6000,2670.6000,2669.0000,2676.0000,2676.2000,2677.0000,2677.2000,2678.0000,1,1,1,1,1,1,1,2,1,2
SF,IH2012,2020-05-26 09:31:25.000,2676.0000,3806,0,44141400.000,0,-,-,-,-,2674.0000,2672.4000,2671.6000,2670.6000,2669.0000,2676.0000,2677.0000,2677.2000,2678.0000,2680.0000,1,1,1,1,1,1,3,1,2,2
SF,IH2012,2020-05-26 09:31:26.000,2676.0000,3806,0,44141400.000,0,-,-,-,-,2674.0000,2672.4000,2671.6000,2670.6000,2669.0000,2676.0000,2677.0000,2677.2000,2678.0000,2678.6000,1,1,1,1,1,1,2,1,2,1
SF,IH2012,2020-05-26 09:31:29.000,2676.0000,3806,0,44141400.000,0,-,-,-,-,2674.0000,2672.4000,2671.6000,2670.6000,2669.0000,2676.0000,2677.0000,2677.2000,2678.0000,2678.6000,1,1,1,1,1,1,2,1,2,1
SF,IH2012,2020-05-26 09:31:30.500,2676.0000,3806,0,44141400.000,0,-,-,-,-,2674.2000,2674.0000,2672.4000,2671.6000,2670.6000,2676.0000,2677.0000,2677.2000,2678.0000,2678.6000,4,1,1,1,1,1,2,1,2,1
SF,IH2012,2020-05-26 09:31:31.000,2676.0000,3806,0,44141400.000,0,-,-,-,-,2674.4000,2674.2000,2672.4000,2671.6000,2670.6000,2676.0000,2677.0000,2677.2000,2678.0000,2678.6000,1,4,1,1,1,2,2,1,2,1
SF,IH2012,2020-05-26 09:31:31.500,2676.0000,3806,0,44141400.000,0,-,-,-,-,2674.4000,2674.2000,2672.4000,2671.6000,2670.6000,2676.0000,2677.0000,2677.2000,2678.0000,2678.6000,1,4,1,1,1,2,2,1,2,1
SF,IH2012,2020-05-26 09:31:34.500,2676.0000,3806,0,44141400.000,0,-,-,-,-,2674.4000,2674.2000,2672.4000,2671.6000,2670.6000,2676.0000,2677.0000,2677.2000,2678.0000,2678.6000,1,4,1,1,1,2,2,1,2,1
SF,IH2012,2020-05-26 09:31:40.000,2676.0000,3806,0,44141400.000,0,-,-,-,-,2674.4000,2672.4000,2671.6000,2670.6000,2670.0000,2676.0000,2677.0000,2677.2000,2678.0000,2678.6000,1,1,1,1,3,2,2,1,2,1
SF,IH2012,2020-05-26 09:31:40.500,2676.0000,3806,0,44141400.000,0,-,-,-,-,2672.4000,2671.6000,2670.6000,2670.0000,2669.0000,2676.0000,2677.0000,2677.2000,2678.0000,2678.6000,1,1,1,3,1,2,2,1,2,1
SF,IH2012,2020-05-26 09:31:41.000,2676.0000,3806,0,44141400.000,0,-,-,-,-,2672.6000,2672.4000,2671.6000,2670.6000,2670.0000,2676.0000,2677.0000,2677.2000,2678.0000,2678.6000,2,2,1,1,3,1,2,1,2,1
SF,IH2012,2020-05-26 09:31:41.500,2676.0000,3806,0,44141400.000,0,-,-,-,-,2672.8000,2672.6000,2672.4000,2671.6000,2670.6000,2676.0000,2677.0000,2677.2000,2678.0000,2678.6000,1,2,2,1,1,1,2,1,2,1
SF,IH2012,2020-05-26 09:31:42.000,2676.0000,3806,0,44141400.000,0,-,-,-,-,2673.0000,2672.8000,2672.4000,2671.6000,2670.6000,2676.0000,2677.0000,2677.2000,2678.0000,2678.6000,2,1,2,1,1,1,2,1,2,1
SF,IH2012,2020-05-26 09:31:42.500,2676.0000,3806,0,44141400.000,0,-,-,-,-,2673.0000,2672.8000,2672.4000,2671.6000,2670.6000,2675.8000,2676.0000,2677.0000,2677.2000,2678.0000,2,1,1,1,1,1,1,2,1,2
SF,IH2012,2020-05-26 09:31:43.000,2676.0000,3806,0,44141400.000,0,-,-,-,-,2673.0000,2672.8000,2672.4000,2670.6000,2669.0000,2675.6000,2675.8000,2677.0000,2677.2000,2678.0000,5,1,1,1,1,1,1,2,1,2
SF,IH2012,2020-05-26 09:31:43.500,2676.0000,3806,0,44141400.000,0,-,-,-,-,2673.0000,2672.8000,2672.4000,2670.6000,2669.0000,2675.4000,2675.6000,2675.8000,2677.0000,2677.2000,5,1,1,1,1,1,1,1,2,1
SF,IH2012,2020-05-26 09:31:44.000,2676.0000,3806,0,44141400.000,0,-,-,-,-,2673.0000,2672.8000,2672.4000,2670.6000,2669.0000,2675.2000,2675.4000,2675.8000,2677.0000,2677.2000,5,1,1,1,1,1,1,1,2,1
SF,IH2012,2020-05-26 09:31:45.500,2676.0000,3806,0,44141400.000,0,-,-,-,-,2673.0000,2672.8000,2672.4000,2670.6000,2669.0000,2675.0000,2675.2000,2675.4000,2675.8000,2677.0000,5,1,1,1,1,1,1,1,1,2
SF,IH2012,2020-05-26 09:31:46.000,2676.0000,3806,0,44141400.000,0,-,-,-,-,2673.0000,2670.6000,2669.0000,2667.0000,2664.0000,2674.8000,2675.0000,2675.4000,2675.8000,2677.0000,4,1,1,1,1,2,1,1,1,2
SF,IH2012,2020-05-26 09:31:46.500,2673.0000,3805,-1,44943300.000,1,0,1,双平,S,2673.0000,2670.6000,2669.0000,2667.0000,2664.0000,2674.6000,2674.8000,2675.4000,2675.8000,2677.0000,3,1,1,1,1,1,2,1,1,2
SF,IH2012,2020-05-26 09:31:47.000,2673.0000,3805,0,44943300.000,0,-,-,-,-,2673.0000,2670.6000,2669.0000,2667.0000,2664.0000,2674.4000,2674.6000,2674.8000,2675.4000,2675.8000,3,1,1,1,1,1,1,1,1,1
SF,IH2012,2020-05-26 09:31:48.000,2673.0000,3805,0,44943300.000,0,-,-,-,-,2670.6000,2669.0000,2667.0000,2664.0000,2663.8000,2674.4000,2674.6000,2674.8000,2675.4000,2675.8000,1,1,1,1,5,1,1,1,1,1
SF,IH2012,2020-05-26 09:31:48.500,2673.0000,3805,0,44943300.000,0,-,-,-,-,2673.2000,2670.8000,2669.0000,2667.0000,2664.0000,2674.2000,2674.4000,2674.8000,2675.4000,2675.8000,3,2,1,1,1,1,1,1,1,1
SF,IH2012,2020-05-26 09:31:49.000,2673.2000,3805,0,47349180.000,3,1,2,多换,S,2670.8000,2669.0000,2667.0000,2664.0000,2663.8000,2673.2000,2674.0000,2674.2000,2674.8000,2675.4000,2,1,1,1,5,1,1,1,1,1
SF,IH2012,2020-05-26 09:31:49.500,2673.2000,3805,0,47349180.000,0,-,-,-,-,2670.8000,2669.0000,2667.0000,2664.0000,2663.8000,2674.0000,2674.2000,2674.8000,2675.4000,2675.8000,2,1,1,1,5,1,1,1,1,1
SF,IH2012,2020-05-26 09:31:50.000,2673.2000,3805,0,47349180.000,0,-,-,-,-,2670.8000,2669.0000,2667.0000,2664.0000,2663.8000,2674.0000,2674.2000,2674.8000,2675.4000,2675.8000,2,1,1,1,5,1,1,2,1,1
SF,IH2012,2020-05-26 09:31:51.000,2673.2000,3805,0,47349180.000,0,-,-,-,-,2670.8000,2669.0000,2667.0000,2664.0000,2663.8000,2674.0000,2674.2000,2674.8000,2675.4000,2677.0000,2,1,1,1,5,1,1,2,1,2
SF,IH2012,2020-05-26 09:31:51.500,2673.2000,3805,0,47349180.000,0,-,-,-,-,2673.2000,2670.8000,2669.0000,2667.0000,2664.0000,2674.0000,2674.2000,2674.8000,2677.0000,2677.2000,1,2,1,1,1,1,1,2,2,1
SF,IH2012,2020-05-26 09:31:52.500,2673.2000,3805,0,48151140.000,1,0,1,多换,S,2670.8000,2669.0000,2667.0000,2664.0000,2663.8000,2674.0000,2674.2000,2674.8000,2677.0000,2677.2000,2,1,1,1,5,1,1,2,2,1
SF,IH2012,2020-05-26 09:31:53.500,2673.2000,3805,0,48151140.000,0,-,-,-,-,2671.0000,2670.8000,2669.0000,2667.0000,2664.0000,2674.0000,2674.2000,2674.8000,2677.0000,2677.2000,1,2,1,1,1,1,1,2,2,1
SF,IH2012,2020-05-26 09:31:54.000,2673.2000,3805,0,48151140.000,0,-,-,-,-,2671.2000,2671.0000,2669.0000,2667.0000,2664.0000,2674.0000,2674.2000,2674.8000,2677.0000,2677.2000,2,1,1,1,1,1,1,2,2,1
SF,IH2012,2020-05-26 09:31:54.500,2673.2000,3805,0,48151140.000,0,-,-,-,-,2671.2000,2669.0000,2667.0000,2664.0000,2663.8000,2674.0000,2674.2000,2674.8000,2677.0000,2677.2000,2,1,1,1,5,1,1,2,2,1
SF,IH2012,2020-05-26 09:31:55.500,2673.2000,3805,0,48151140.000,0,-,-,-,-,2671.2000,2669.0000,2667.0000,2664.0000,2663.8000,2674.0000,2674.2000,2674.8000,2677.0000,2677.2000,2,1,1,1,5,1,1,2,2,1
SF,IH2012,2020-05-26 09:31:57.000,2673.2000,3805,0,48151140.000,0,-,-,-,-,2671.2000,2669.0000,2667.0000,2664.0000,2663.8000,2673.8000,2674.0000,2674.2000,2674.8000,2677.0000,2,1,1,1,5,1,1,1,2,2
SF,IH2012,2020-05-26 09:31:57.500,2673.2000,3805,0,48151140.000,0,-,-,-,-,2671.2000,2669.0000,2667.0000,2664.0000,2663.8000,2673.6000,2673.8000,2674.8000,2677.0000,2677.2000,2,1,1,1,5,2,1,2,2,1
SF,IH2012,2020-05-26 09:31:58.000,2673.2000,3805,0,48151140.000,0,-,-,-,-,2671.2000,2669.0000,2667.0000,2664.0000,2663.8000,2673.6000,2673.8000,2674.8000,2677.0000,2677.2000,2,1,1,1,5,1,1,2,2,1
SF,IH2012,2020-05-26 09:31:58.500,2673.2000,3805,0,48151140.000,0,-,-,-,-,2671.2000,2669.0000,2667.0000,2664.0000,2663.8000,2673.4000,2673.6000,2674.8000,2677.0000,2677.2000,2,1,1,1,5,1,1,2,2,1
SF,IH2012,2020-05-26 09:31:59.000,2673.2000,3805,0,48151140.000,0,-,-,-,-,2671.2000,2669.0000,2667.0000,2664.0000,2663.8000,2673.2000,2673.4000,2674.8000,2677.0000,2677.2000,2,1,1,1,5,1,1,2,2,1
SF,IH2012,2020-05-26 09:31:59.500,2673.2000,3805,0,48151140.000,0,-,-,-,-,2669.0000,2667.0000,2664.0000,2663.8000,2661.4000,2673.2000,2673.4000,2674.8000,2675.0000,2677.0000,1,1,1,5,4,1,1,2,1,2
SF,IH2012,2020-05-26 09:32:00.000,2673.2000,3805,0,48151140.000,0,-,-,-,-,2669.2000,2669.0000,2667.0000,2664.0000,2663.8000,2673.0000,2673.2000,2674.8000,2675.0000,2677.0000,2,1,1,1,5,1,1,2,1,2
SF,IH2012,2020-05-26 09:32:00.500,2673.2000,3805,0,48151140.000,0,-,-,-,-,2669.4000,2669.2000,2669.0000,2667.0000,2664.0000,2672.8000,2673.0000,2674.8000,2675.0000,2677.0000,3,2,1,1,1,1,1,2,1,2
SF,IH2012,2020-05-26 09:32:01.000,2673.2000,3805,0,48151140.000,0,-,-,-,-,2669.6000,2669.4000,2669.0000,2667.0000,2664.0000,2672.8000,2674.0000,2674.8000,2675.0000,2677.0000,3,3,1,1,1,1,1,2,1,2
SF,IH2012,2020-05-26 09:32:01.500,2673.2000,3805,0,48151140.000,0,-,-,-,-,2669.8000,2669.6000,2669.4000,2669.0000,2667.0000,2672.8000,2674.0000,2674.8000,2675.0000,2677.0000,4,3,1,1,1,1,1,2,1,2
SF,IH2012,2020-05-26 09:32:02.000,2673.2000,3805,0,48151140.000,0,-,-,-,-,2670.0000,2669.8000,2669.6000,2669.4000,2669.0000,2672.8000,2674.0000,2674.8000,2675.0000,2677.0000,2,4,1,1,1,1,1,2,1,2
SF,IH2012,2020-05-26 09:32:02.500,2673.2000,3805,0,48151140.000,0,-,-,-,-,2670.4000,2670.2000,2670.0000,2669.8000,2669.4000,2672.8000,2674.8000,2675.0000,2677.0000,2677.2000,1,3,2,2,1,1,2,1,2,1
SF,IH2012,2020-05-26 09:32:03.000,2672.8000,3804,-1,48952980.000,1,0,1,双平,S,2670.8000,2670.6000,2670.2000,2670.0000,2669.8000,2674.8000,2675.0000,2677.0000,2677.2000,2678.0000,1,3,1,1,2,2,1,2,1,2
SF,IH2012,2020-05-26 09:32:03.500,2672.8000,3804,0,48952980.000,0,-,-,-,-,2671.0000,2670.6000,2670.2000,2669.8000,2669.4000,2674.6000,2674.8000,2675.0000,2677.0000,2677.2000,2,2,1,2,1,3,2,1,2,1
SF,IH2012,2020-05-26 09:32:04.000,2672.8000,3804,0,48952980.000,0,-,-,-,-,2671.0000,2670.6000,2670.2000,2669.0000,2667.0000,2674.4000,2674.6000,2674.8000,2675.0000,2677.0000,2,2,1,1,1,1,2,1,1,2
SF,IH2012,2020-05-26 09:32:04.500,2672.8000,3804,0,48952980.000,0,-,-,-,-,2671.0000,2670.6000,2669.0000,2667.0000,2664.0000,2674.2000,2674.4000,2674.8000,2675.0000,2677.0000,2,2,1,1,1,2,1,1,1,2
SF,IH2012,2020-05-26 09:32:06.500,2672.8000,3804,0,48952980.000,0,-,-,-,-,2671.0000,2670.8000,2670.6000,2669.0000,2667.0000,2674.2000,2674.4000,2674.8000,2675.0000,2677.0000,2,4,2,1,1,2,1,1,1,2
SF,IH2012,2020-05-26 09:32:07.000,2672.8000,3804,0,48952980.000,0,-,-,-,-,2671.2000,2671.0000,2670.8000,2669.0000,2667.0000,2674.2000,2674.4000,2674.8000,2675.0000,2677.0000,2,2,4,1,1,2,1,1,1,2
SF,IH2012,2020-05-26 09:32:07.500,2672.8000,3804,0,48952980.000,0,-,-,-,-,2671.4000,2671.2000,2670.8000,2669.0000,2667.0000,2674.2000,2674.4000,2674.8000,2675.0000,2677.0000,2,2,4,1,1,2,1,1,1,2
SF,IH2012,2020-05-26 09:32:08.000,2672.8000,3804,0,48952980.000,0,-,-,-,-,2671.8000,2671.6000,2671.4000,2671.2000,2670.8000,2674.2000,2674.4000,2674.8000,2675.0000,2677.0000,1,1,2,1,4,2,1,1,1,2
SF,IH2012,2020-05-26 09:32:08.500,2672.8000,3804,0,48952980.000,0,-,-,-,-,2672.0000,2671.8000,2671.4000,2671.2000,2670.8000,2674.2000,2674.4000,2674.8000,2675.0000,2677.0000,2,1,1,1,4,2,1,1,1,2
SF,IH2012,2020-05-26 09:32:09.000,2672.8000,3804,0,48952980.000,0,-,-,-,-,2672.0000,2671.8000,2671.4000,2671.2000,2670.8000,2674.2000,2674.4000,2674.8000,2675.0000,2677.0000,1,1,1,1,4,2,1,1,1,2
SF,IH2012,2020-05-26 09:32:09.500,2672.8000,3804,0,48952980.000,0,-,-,-,-,2672.0000,2671.8000,2671.4000,2671.2000,2670.8000,2674.2000,2674.4000,2674.8000,2675.0000,2677.0000,1,1,1,1,4,2,1,1,1,2
SF,IH2012,2020-05-26 09:32:10.000,2672.8000,3804,0,48952980.000,0,-,-,-,-,2672.0000,2671.8000,2671.4000,2671.2000,2670.8000,2674.2000,2674.4000,2674.8000,2675.0000,2677.0000,1,1,1,1,4,1,1,1,1,2
SF,IH2012,2020-05-26 09:32:11.500,2672.8000,3804,0,48952980.000,0,-,-,-,-,2672.0000,2671.8000,2671.4000,2671.2000,2670.8000,2674.0000,2674.2000,2674.4000,2674.8000,2675.0000,1,1,1,1,4,1,1,1,1,1
SF,IH2012,2020-05-26 09:32:12.000,2672.8000,3804,0,48952980.000,0,-,-,-,-,2672.0000,2671.4000,2671.2000,2670.8000,2669.0000,2673.8000,2674.0000,2674.2000,2674.4000,2674.8000,1,1,1,4,1,1,1,1,1,1
SF,IH2012,2020-05-26 09:32:12.500,2673.8000,3803,-1,49755120.000,1,0,1,双平,S,2672.0000,2671.4000,2671.2000,2670.8000,2669.0000,2674.0000,2674.2000,2674.4000,2674.8000,2675.0000,1,1,1,4,1,1,1,1,1,2
SF,IH2012,2020-05-26 09:32:13.000,2673.8000,3803,0,49755120.000,0,-,-,-,-,2672.2000,2672.0000,2671.4000,2671.2000,2670.8000,2674.0000,2674.4000,2674.8000,2675.0000,2677.0000,1,1,1,1,4,1,1,1,2,2
SF,IH2012,2020-05-26 09:32:13.500,2673.8000,3803,0,49755120.000,0,-,-,-,-,2672.4000,2672.2000,2671.4000,2671.2000,2670.8000,2674.4000,2674.8000,2675.0000,2677.0000,2677.2000,1,1,1,1,4,1,1,2,2,1
SF,IH2012,2020-05-26 09:32:14.000,2673.8000,3803,0,49755120.000,0,-,-,-,-,2672.4000,2672.2000,2671.4000,2671.2000,2670.8000,2674.8000,2675.0000,2677.0000,2677.2000,2678.0000,1,1,1,1,4,1,2,2,1,2
SF,IH2012,2020-05-26 09:32:14.500,2673.8000,3803,0,49755120.000,0,-,-,-,-,2672.4000,2671.4000,2671.2000,2670.8000,2669.0000,2674.6000,2674.8000,2675.0000,2677.0000,2677.2000,1,1,1,4,1,1,1,2,2,1
SF,IH2012,2020-05-26 09:32:15.500,2673.8000,3803,0,49755120.000,0,-,-,-,-,2672.8000,2672.4000,2671.4000,2671.2000,2670.8000,2674.6000,2675.0000,2677.0000,2677.2000,2678.0000,1,1,1,1,4,1,2,2,1,2
SF,IH2012,2020-05-26 09:32:16.000,2673.8000,3803,0,49755120.000,0,-,-,-,-,2673.0000,2672.8000,2671.4000,2671.2000,2670.8000,2674.6000,2675.0000,2677.0000,2677.2000,2678.0000,1,1,1,1,4,1,2,2,1,2
SF,IH2012,2020-05-26 09:32:16.500,2673.8000,3803,0,49755120.000,0,-,-,-,-,2673.0000,2671.4000,2671.2000,2670.8000,2669.0000,2674.6000,2675.0000,2677.0000,2677.2000,2678.0000,1,1,1,4,1,1,2,2,1,2
SF,IH2012,2020-05-26 09:32:18.500,2673.8000,3803,0,49755120.000,0,-,-,-,-,2673.2000,2673.0000,2671.4000,2671.2000,2670.8000,2674.6000,2675.0000,2677.0000,2677.2000,2678.0000,1,1,1,1,4,1,2,2,1,2
SF,IH2012,2020-05-26 09:32:19.500,2673.8000,3803,0,49755120.000,0,-,-,-,-,2673.2000,2673.0000,2671.4000,2671.2000,2670.8000,2674.6000,2675.0000,2677.0000,2677.2000,2678.0000,1,1,1,1,4,1,2,1,1,2
SF,IH2012,2020-05-26 09:32:20.000,2673.8000,3803,0,49755120.000,0,-,-,-,-,2673.0000,2671.4000,2671.2000,2670.8000,2669.0000,2674.6000,2675.0000,2677.0000,2677.2000,2678.0000,1,1,1,4,1,1,2,1,1,2
SF,IH2012,2020-05-26 09:32:21.500,2673.8000,3803,0,49755120.000,0,-,-,-,-,2673.2000,2673.0000,2671.4000,2671.2000,2670.8000,2674.6000,2675.0000,2677.0000,2677.2000,2678.0000,1,1,1,1,4,1,2,1,1,2
SF,IH2012,2020-05-26 09:32:22.000,2673.8000,3803,0,49755120.000,0,-,-,-,-,2673.4000,2673.2000,2671.4000,2671.2000,2670.8000,2675.0000,2677.0000,2677.2000,2678.0000,2679.0000,1,1,1,1,4,2,1,1,2,1
SF,IH2012,2020-05-26 09:32:22.500,2673.8000,3803,0,49755120.000,0,-,-,-,-,2673.4000,2671.4000,2671.2000,2670.8000,2669.0000,2675.0000,2677.0000,2677.2000,2678.0000,2679.0000,1,1,1,4,1,2,1,1,2,1
SF,IH2012,2020-05-26 09:32:23.500,2673.8000,3803,0,49755120.000,0,-,-,-,-,2673.6000,2673.4000,2671.4000,2671.2000,2670.8000,2675.0000,2677.0000,2677.2000,2678.0000,2679.0000,1,1,1,1,4,2,1,1,2,1
SF,IH2012,2020-05-26 09:32:34.000,2675.0000,3801,-2,51360120.000,2,0,2,双平,S,2675.0000,2673.6000,2673.4000,2671.4000,2671.2000,2677.0000,2677.2000,2678.0000,2679.0000,2679.2000,1,1,1,1,1,1,1,2,1,1
SF,IH2012,2020-05-26 09:32:34.500,2675.0000,3801,0,51360120.000,0,-,-,-,-,2675.0000,2673.6000,2673.4000,2671.4000,2671.2000,2676.8000,2677.0000,2677.2000,2678.0000,2679.0000,1,1,1,1,1,3,1,1,2,1
SF,IH2012,2020-05-26 09:32:36.500,2675.0000,3801,0,51360120.000,0,-,-,-,-,2675.0000,2673.6000,2673.4000,2671.4000,2671.2000,2676.8000,2677.0000,2677.2000,2678.0000,2679.0000,1,1,1,1,1,2,1,1,2,1
SF,IH2012,2020-05-26 09:32:37.000,2675.0000,3801,0,51360120.000,0,-,-,-,-,2675.0000,2673.6000,2673.4000,2671.4000,2671.2000,2676.6000,2676.8000,2677.0000,2677.2000,2678.0000,1,1,1,1,1,1,2,1,1,2
SF,IH2012,2020-05-26 09:32:37.500,2675.0000,3801,0,51360120.000,0,-,-,-,-,2673.6000,2673.4000,2671.4000,2671.2000,2670.8000,2676.4000,2676.6000,2676.8000,2677.0000,2677.2000,1,1,1,1,4,1,1,1,1,1
SF,IH2012,2020-05-26 09:32:38.000,2675.0000,3801,0,51360120.000,0,-,-,-,-,2673.8000,2673.6000,2671.8000,2671.2000,2670.8000,2676.2000,2676.4000,2677.0000,2677.2000,2678.0000,2,1,1,1,4,2,1,1,1,2
SF,IH2012,2020-05-26 09:32:38.500,2675.0000,3801,0,51360120.000,0,-,-,-,-,2673.8000,2673.6000,2671.8000,2671.2000,2670.8000,2676.2000,2676.4000,2677.0000,2677.2000,2678.0000,2,1,1,1,4,1,1,1,1,2
SF,IH2012,2020-05-26 09:32:40.000,2675.0000,3801,0,51360120.000,0,-,-,-,-,2673.8000,2673.6000,2671.8000,2671.2000,2670.8000,2675.8000,2676.2000,2676.4000,2677.0000,2677.2000,2,1,1,1,4,1,1,1,1,1
SF,IH2012,2020-05-26 09:32:40.500,2675.0000,3801,0,51360120.000,0,-,-,-,-,2673.8000,2673.6000,2671.8000,2671.2000,2670.8000,2675.8000,2676.2000,2676.4000,2677.0000,2677.2000,1,1,1,1,4,1,1,1,1,1
SF,IH2012,2020-05-26 09:32:41.000,2675.0000,3801,0,51360120.000,0,-,-,-,-,2674.0000,2673.8000,2673.6000,2671.8000,2671.2000,2675.8000,2676.2000,2676.4000,2677.0000,2677.2000,2,1,1,1,1,1,1,1,1,1
SF,IH2012,2020-05-26 09:32:41.500,2675.0000,3801,0,51360120.000,0,-,-,-,-,2674.2000,2674.0000,2673.6000,2671.8000,2671.2000,2675.8000,2676.2000,2676.4000,2677.0000,2677.2000,1,2,1,1,1,1,1,1,1,1
SF,IH2012,2020-05-26 09:32:42.000,2675.0000,3801,0,51360120.000,0,-,-,-,-,2674.2000,2674.0000,2673.6000,2671.2000,2670.8000,2675.8000,2676.2000,2676.4000,2677.0000,2677.2000,1,2,1,1,4,1,1,1,1,1
SF,IH2012,2020-05-26 09:32:42.500,2675.0000,3801,0,51360120.000,0,-,-,-,-,2674.4000,2674.2000,2673.6000,2671.2000,2670.8000,2676.2000,2676.4000,2677.0000,2677.2000,2678.0000,2,1,1,1,4,1,1,1,1,2
SF,IH2012,2020-05-26 09:32:43.000,2675.0000,3801,0,51360120.000,0,-,-,-,-,2674.6000,2674.4000,2673.6000,2671.2000,2670.8000,2676.4000,2677.0000,2677.2000,2678.0000,2679.0000,1,2,1,1,4,1,1,1,2,1
SF,IH2012,2020-05-26 09:32:43.500,2675.0000,3801,0,51360120.000,0,-,-,-,-,2674.6000,2674.4000,2673.6000,2671.2000,2670.8000,2677.0000,2677.2000,2678.0000,2679.0000,2679.2000,1,2,1,1,4,1,1,2,1,1
SF,IH2012,2020-05-26 09:32:44.000,2675.0000,3801,0,51360120.000,0,-,-,-,-,2674.6000,2674.4000,2673.6000,2671.2000,2670.8000,2676.8000,2677.0000,2677.2000,2678.0000,2679.0000,1,2,1,1,4,1,1,1,2,1
SF,IH2012,2020-05-26 09:32:44.500,2675.0000,3801,0,51360120.000,0,-,-,-,-,2674.8000,2674.6000,2674.4000,2673.6000,2671.2000,2676.8000,2677.0000,2677.2000,2678.0000,2679.0000,1,1,2,1,1,1,1,1,2,1
SF,IH2012,2020-05-26 09:32:45.000,2675.0000,3801,0,51360120.000,0,-,-,-,-,2675.0000,2674.8000,2673.6000,2671.2000,2669.0000,2676.8000,2677.0000,2677.2000,2678.0000,2679.0000,2,1,1,1,1,1,1,1,2,1
SF,IH2012,2020-05-26 09:32:45.500,2675.0000,3801,0,51360120.000,0,-,-,-,-,2675.0000,2673.6000,2671.2000,2669.0000,2667.0000,2676.8000,2677.0000,2677.2000,2678.0000,2679.0000,2,1,1,1,1,1,1,1,2,1
SF,IH2012,2020-05-26 09:32:46.000,2675.0000,3801,0,51360120.000,0,-,-,-,-,2675.0000,2673.6000,2671.2000,2669.0000,2667.0000,2676.8000,2677.0000,2677.2000,2678.0000,2679.0000,2,1,1,1,1,1,1,1,2,1
SF,IH2012,2020-05-26 09:32:49.000,2675.0000,3801,0,51360120.000,0,-,-,-,-,2675.0000,2673.6000,2671.2000,2669.0000,2667.0000,2676.8000,2677.0000,2677.2000,2678.0000,2679.2000,2,1,1,1,1,1,1,1,2,1
SF,IH2012,2020-05-26 09:32:53.500,2675.0000,3801,0,51360120.000,0,-,-,-,-,2675.0000,2673.6000,2671.2000,2669.0000,2667.0000,2676.8000,2677.0000,2677.2000,2678.0000,2679.2000,6,1,1,1,1,1,1,1,2,1
SF,IH2012,2020-05-26 09:32:56.500,2675.0000,3801,0,51360120.000,0,-,-,-,-,2675.0000,2673.6000,2671.2000,2669.0000,2667.0000,2676.6000,2676.8000,2677.0000,2677.2000,2678.0000,6,1,1,1,1,1,1,1,1,2
SF,IH2012,2020-05-26 09:32:59.000,2675.0000,3801,0,51360120.000,0,-,-,-,-,2675.0000,2673.6000,2671.2000,2669.0000,2667.0000,2676.8000,2677.0000,2677.2000,2678.0000,2679.2000,5,1,1,1,1,1,1,1,2,1
SF,IH2012,2020-05-26 09:33:02.000,2676.8000,3800,-1,52163160.000,1,0,1,双平,S,2675.0000,2673.6000,2671.2000,2669.0000,2667.0000,2677.0000,2677.2000,2678.0000,2679.2000,2679.8000,5,1,1,1,1,1,1,2,1,1
SF,IH2012,2020-05-26 09:33:02.500,2676.8000,3800,0,52163160.000,0,-,-,-,-,2675.2000,2675.0000,2673.6000,2671.2000,2669.0000,2677.0000,2677.2000,2678.0000,2679.2000,2679.8000,2,5,1,1,1,1,1,2,1,1
SF,IH2012,2020-05-26 09:33:03.000,2676.8000,3800,0,52163160.000,0,-,-,-,-,2675.4000,2675.2000,2675.0000,2673.6000,2671.2000,2677.0000,2677.2000,2678.0000,2679.2000,2679.8000,1,2,4,1,1,1,1,2,1,1
SF,IH2012,2020-05-26 09:33:03.500,2676.8000,3800,0,52163160.000,0,-,-,-,-,2675.4000,2675.0000,2673.6000,2671.2000,2669.0000,2677.0000,2677.2000,2678.0000,2679.2000,2679.8000,1,4,1,1,1,1,1,2,1,1
SF,IH2012,2020-05-26 09:33:06.000,2676.8000,3800,0,52163160.000,0,-,-,-,-,2675.4000,2675.0000,2673.6000,2671.2000,2669.0000,2676.8000,2677.0000,2677.2000,2678.0000,2679.2000,1,4,1,1,1,1,1,1,2,1
SF,IH2012,2020-05-26 09:33:09.000,2675.4000,3799,-1,52965780.000,1,0,1,双平,S,2675.0000,2673.6000,2671.2000,2669.0000,2667.0000,2675.4000,2676.6000,2676.8000,2677.0000,2677.2000,4,1,1,1,1,1,1,1,1,1
SF,IH2012,2020-05-26 09:33:09.500,2675.4000,3799,0,52965780.000,0,-,-,-,-,2675.0000,2673.6000,2671.2000,2669.0000,2667.0000,2675.4000,2676.6000,2676.8000,2677.0000,2677.2000,4,1,1,1,1,1,1,1,2,1
SF,IH2012,2020-05-26 09:33:10.000,2675.4000,3798,-1,53768400.000,1,0,1,双平,S,2675.0000,2673.6000,2671.2000,2669.0000,2667.0000,2676.6000,2676.8000,2677.0000,2677.2000,2678.0000,4,1,1,1,1,1,1,2,1,2
SF,IH2012,2020-05-26 09:33:10.500,2675.4000,3798,0,53768400.000,0,-,-,-,-,2675.0000,2673.6000,2671.2000,2669.0000,2667.0000,2676.6000,2677.0000,2677.2000,2678.0000,2678.4000,4,1,1,1,1,1,2,1,2,1
SF,IH2012,2020-05-26 09:33:11.000,2675.4000,3798,0,53768400.000,0,-,-,-,-,2675.0000,2673.6000,2671.2000,2669.0000,2667.0000,2677.0000,2677.2000,2678.0000,2678.4000,2679.2000,4,1,1,1,1,2,1,2,1,1
SF,IH2012,2020-05-26 09:33:11.500,2675.4000,3798,0,53768400.000,0,-,-,-,-,2675.0000,2673.6000,2671.2000,2669.0000,2667.0000,2676.8000,2677.0000,2677.2000,2678.0000,2678.4000,4,1,1,1,1,2,2,1,2,1
SF,IH2012,2020-05-26 09:33:12.000,2675.4000,3798,0,53768400.000,0,-,-,-,-,2675.0000,2673.6000,2671.2000,2669.0000,2667.0000,2676.6000,2676.8000,2677.0000,2677.2000,2678.0000,4,1,1,1,1,1,2,2,1,2
SF,IH2012,2020-05-26 09:33:12.500,2675.0000,3798,0,54570900.000,1,0,1,多换,S,2675.0000,2673.6000,2671.2000,2669.0000,2667.0000,2676.4000,2676.6000,2677.0000,2677.2000,2678.0000,3,1,1,1,1,3,1,2,1,2
SF,IH2012,2020-05-26 09:33:13.000,2675.0000,3798,0,54570900.000,0,-,-,-,-,2675.0000,2673.6000,2671.2000,2669.0000,2667.0000,2676.2000,2676.4000,2677.0000,2677.2000,2678.0000,3,1,1,1,1,1,3,2,1,2
SF,IH2012,2020-05-26 09:33:13.500,2675.0000,3798,0,54570900.000,0,-,-,-,-,2675.0000,2673.6000,2671.2000,2669.0000,2667.0000,2676.0000,2676.2000,2676.4000,2676.8000,2677.0000,3,1,1,1,1,1,1,2,1,2
SF,IH2012,2020-05-26 09:33:14.000,2675.0000,3798,0,54570900.000,0,-,-,-,-,2675.0000,2673.6000,2671.2000,2669.0000,2667.0000,2675.8000,2676.0000,2676.2000,2676.8000,2677.0000,3,1,1,1,1,1,2,1,1,2
SF,IH2012,2020-05-26 09:33:14.500,2675.0000,3798,0,54570900.000,0,-,-,-,-,2673.6000,2671.2000,2669.0000,2667.0000,2664.0000,2675.8000,2676.0000,2676.2000,2676.8000,2677.0000,1,1,1,1,1,1,2,1,1,2
SF,IH2012,2020-05-26 09:33:15.000,2675.0000,3798,0,54570900.000,0,-,-,-,-,2673.8000,2673.6000,2672.4000,2671.2000,2669.0000,2675.6000,2675.8000,2676.2000,2676.8000,2677.0000,1,1,1,1,1,1,1,1,1,2
SF,IH2012,2020-05-26 09:33:15.500,2675.0000,3798,0,54570900.000,0,-,-,-,-,2673.8000,2673.6000,2672.4000,2671.2000,2669.0000,2675.6000,2675.8000,2676.2000,2677.0000,2677.2000,1,1,1,1,1,1,1,1,2,1
SF,IH2012,2020-05-26 09:33:17.000,2675.0000,3798,0,54570900.000,0,-,-,-,-,2673.8000,2673.6000,2672.4000,2671.2000,2669.0000,2675.4000,2675.6000,2676.2000,2677.0000,2677.2000,1,1,1,1,1,1,1,1,2,1
SF,IH2012,2020-05-26 09:33:17.500,2675.0000,3798,0,54570900.000,0,-,-,-,-,2673.8000,2673.6000,2672.4000,2671.2000,2669.0000,2675.4000,2675.6000,2676.2000,2677.0000,2677.2000,1,1,1,1,1,1,1,1,2,1
SF,IH2012,2020-05-26 09:33:18.000,2675.0000,3798,0,54570900.000,0,-,-,-,-,2673.8000,2673.6000,2672.4000,2671.2000,2669.0000,2675.2000,2675.4000,2676.2000,2677.0000,2677.2000,1,1,1,1,1,2,1,1,2,1
SF,IH2012,2020-05-26 09:33:18.500,2675.0000,3798,0,54570900.000,0,-,-,-,-,2673.8000,2673.6000,2672.4000,2671.2000,2669.0000,2675.2000,2675.4000,2676.2000,2677.0000,2677.2000,1,1,1,1,1,2,1,1,2,1
SF,IH2012,2020-05-26 09:33:19.000,2675.0000,3798,0,54570900.000,0,-,-,-,-,2673.8000,2673.6000,2672.4000,2671.2000,2669.0000,2675.0000,2675.2000,2675.4000,2676.2000,2677.0000,1,1,1,1,1,1,2,1,1,2
SF,IH2012,2020-05-26 09:33:20.000,2675.0000,3798,0,54570900.000,0,-,-,-,-,2673.8000,2673.6000,2672.4000,2671.2000,2669.0000,2675.0000,2675.2000,2675.4000,2676.2000,2677.0000,1,1,1,1,1,1,1,1,1,2
SF,IH2012,2020-05-26 09:33:21.000,2675.0000,3798,0,54570900.000,0,-,-,-,-,2674.0000,2673.8000,2673.6000,2672.4000,2671.2000,2675.2000,2675.4000,2676.2000,2677.0000,2677.2000,1,1,1,1,1,1,1,1,2,1
SF,IH2012,2020-05-26 09:33:21.500,2675.0000,3798,0,54570900.000,0,-,-,-,-,2674.2000,2673.8000,2673.6000,2672.4000,2671.2000,2675.4000,2676.2000,2677.0000,2677.2000,2677.4000,2,1,1,1,1,1,1,2,1,1
SF,IH2012,2020-05-26 09:33:22.000,2675.0000,3798,0,54570900.000,0,-,-,-,-,2674.2000,2673.8000,2673.6000,2672.4000,2671.2000,2676.2000,2677.0000,2677.2000,2677.4000,2678.0000,2,1,1,1,1,1,2,1,1,2
SF,IH2012,2020-05-26 09:33:22.500,2675.0000,3798,0,54570900.000,0,-,-,-,-,2674.4000,2673.6000,2672.4000,2671.2000,2669.0000,2676.0000,2677.0000,2677.2000,2677.4000,2678.0000,1,1,1,1,1,1,2,1,1,2
SF,IH2012,2020-05-26 09:33:23.000,2675.0000,3798,0,54570900.000,0,-,-,-,-,2674.4000,2673.6000,2672.4000,2671.2000,2669.0000,2676.0000,2677.0000,2677.2000,2677.4000,2678.0000,1,1,1,1,1,1,2,1,1,2
SF,IH2012,2020-05-26 09:33:23.500,2675.0000,3798,0,54570900.000,0,-,-,-,-,2673.6000,2672.4000,2671.2000,2669.0000,2667.0000,2676.0000,2677.0000,2677.2000,2677.4000,2678.0000,1,1,1,1,1,1,2,1,1,2
SF,IH2012,2020-05-26 09:33:24.000,2675.0000,3798,0,54570900.000,0,-,-,-,-,2673.8000,2673.6000,2672.4000,2671.2000,2669.0000,2676.0000,2677.0000,2677.2000,2677.4000,2678.0000,1,1,1,1,1,1,2,1,1,2
SF,IH2012,2020-05-26 09:33:24.500,2675.0000,3798,0,54570900.000,0,-,-,-,-,2673.8000,2673.6000,2672.4000,2671.2000,2669.0000,2675.6000,2676.0000,2677.0000,2677.2000,2678.0000,1,1,1,1,1,1,1,2,1,2
SF,IH2012,2020-05-26 09:33:25.000,2675.0000,3798,0,54570900.000,0,-,-,-,-,2673.8000,2673.6000,2672.4000,2671.2000,2669.0000,2675.4000,2675.6000,2677.0000,2677.2000,2678.0000,1,1,1,1,1,1,1,2,1,2
SF,IH2012,2020-05-26 09:33:26.000,2675.0000,3798,0,54570900.000,0,-,-,-,-,2673.8000,2673.6000,2672.4000,2671.2000,2669.0000,2675.2000,2675.4000,2675.6000,2677.0000,2677.2000,1,1,1,1,1,1,1,1,2,1
SF,IH2012,2020-05-26 09:33:26.500,2675.0000,3798,0,54570900.000,0,-,-,-,-,2673.8000,2673.6000,2672.4000,2671.2000,2669.0000,2675.0000,2675.2000,2675.4000,2677.0000,2677.2000,1,1,1,1,1,1,2,1,2,1
SF,IH2012,2020-05-26 09:33:27.500,2675.0000,3798,0,54570900.000,0,-,-,-,-,2673.8000,2673.6000,2672.4000,2671.2000,2669.0000,2675.0000,2675.4000,2676.8000,2677.0000,2677.2000,1,1,1,1,1,1,1,1,2,1
SF,IH2012,2020-05-26 09:33:28.000,2675.0000,3798,0,54570900.000,0,-,-,-,-,2673.8000,2673.6000,2672.4000,2671.2000,2669.0000,2675.4000,2676.8000,2677.0000,2677.2000,2678.0000,1,1,1,1,1,1,1,2,1,2
SF,IH2012,2020-05-26 09:33:31.000,2675.0000,3798,0,54570900.000,0,-,-,-,-,2673.8000,2673.6000,2672.4000,2671.2000,2669.0000,2675.0000,2675.4000,2677.0000,2677.2000,2678.0000,1,1,1,1,1,1,1,2,1,2
SF,IH2012,2020-05-26 09:33:31.500,2675.0000,3798,0,54570900.000,0,-,-,-,-,2673.8000,2673.6000,2672.4000,2671.2000,2669.0000,2675.0000,2675.4000,2677.0000,2677.2000,2678.0000,2,1,1,1,1,1,1,2,1,2
SF,IH2012,2020-05-26 09:33:34.500,2675.0000,3798,0,54570900.000,0,-,-,-,-,2673.8000,2673.6000,2672.4000,2671.2000,2669.0000,2675.4000,2677.0000,2677.2000,2678.0000,2679.8000,2,1,1,1,1,1,2,1,2,1
SF,IH2012,2020-05-26 09:33:36.500,2675.0000,3798,0,54570900.000,0,-,-,-,-,2673.8000,2673.6000,2672.4000,2671.2000,2669.0000,2675.2000,2675.4000,2677.0000,2677.2000,2678.0000,2,1,1,1,1,1,1,2,1,2
SF,IH2012,2020-05-26 09:33:37.500,2675.0000,3798,0,54570900.000,0,-,-,-,-,2673.8000,2673.6000,2672.4000,2671.2000,2669.0000,2675.0000,2675.2000,2675.4000,2677.0000,2677.2000,2,1,1,1,1,1,1,1,2,1
SF,IH2012,2020-05-26 09:33:39.000,2675.0000,3798,0,54570900.000,0,-,-,-,-,2674.0000,2673.8000,2673.6000,2672.4000,2671.2000,2675.0000,2675.2000,2675.4000,2677.0000,2677.2000,1,2,1,1,1,1,1,1,2,1
SF,IH2012,2020-05-26 09:33:39.500,2675.0000,3798,0,54570900.000,0,-,-,-,-,2674.0000,2673.8000,2673.6000,2672.4000,2671.2000,2675.0000,2675.4000,2677.0000,2677.2000,2678.0000,1,2,1,1,1,1,1,2,1,2
SF,IH2012,2020-05-26 09:33:40.500,2674.0000,3797,-1,55373100.000,1,0,1,双平,S,2673.8000,2673.6000,2672.4000,2671.2000,2669.0000,2675.0000,2675.4000,2677.0000,2677.2000,2678.0000,2,1,1,1,1,1,1,2,1,2
SF,IH2012,2020-05-26 09:33:41.000,2674.0000,3797,0,55373100.000,0,-,-,-,-,2674.0000,2673.8000,2673.6000,2672.4000,2671.2000,2675.0000,2675.4000,2677.0000,2677.2000,2678.0000,1,2,1,1,1,1,1,2,1,2
SF,IH2012,2020-05-26 09:33:42.000,2674.0000,3797,0,55373100.000,0,-,-,-,-,2674.0000,2673.8000,2673.6000,2672.4000,2671.2000,2675.0000,2675.2000,2675.4000,2677.0000,2677.2000,1,2,1,1,1,1,1,1,2,1
SF,IH2012,2020-05-26 09:33:43.000,2674.0000,3797,0,55373100.000,0,-,-,-,-,2674.0000,2673.8000,2673.6000,2672.4000,2671.2000,2675.0000,2675.2000,2675.4000,2677.0000,2677.2000,1,2,1,1,1,1,1,1,2,1
SF,IH2012,2020-05-26 09:33:45.000,2674.0000,3797,0,55373100.000,0,-,-,-,-,2674.0000,2673.8000,2673.6000,2672.4000,2671.2000,2675.0000,2675.2000,2675.4000,2677.0000,2677.2000,1,4,1,1,1,1,1,1,2,1
SF,IH2012,2020-05-26 09:33:48.000,2674.0000,3797,0,55373100.000,0,-,-,-,-,2674.0000,2673.8000,2673.6000,2672.4000,2671.2000,2675.0000,2675.2000,2675.4000,2677.0000,2677.2000,1,4,1,1,1,2,1,1,2,1
SF,IH2012,2020-05-26 09:33:53.000,2674.0000,3797,0,55373100.000,0,-,-,-,-,2674.0000,2673.8000,2673.6000,2672.4000,2671.2000,2674.8000,2675.0000,2675.2000,2675.4000,2677.0000,1,4,1,1,1,1,2,1,1,2
SF,IH2012,2020-05-26 09:33:53.500,2674.0000,3797,0,55373100.000,0,-,-,-,-,2673.8000,2673.6000,2672.4000,2671.2000,2669.0000,2674.0000,2674.8000,2675.0000,2675.2000,2675.4000,4,1,1,1,1,1,1,2,1,1
SF,IH2012,2020-05-26 09:33:54.000,2674.0000,3795,-2,56977500.000,2,0,2,双平,S,2674.0000,2673.8000,2673.6000,2672.4000,2671.2000,2674.8000,2675.0000,2675.2000,2675.4000,2677.0000,1,4,1,1,1,1,2,1,1,1
SF,IH2012,2020-05-26 09:33:54.500,2674.0000,3795,0,56977500.000,0,-,-,-,-,2673.8000,2673.6000,2672.4000,2671.2000,2669.0000,2674.8000,2675.0000,2675.2000,2675.4000,2677.0000,4,1,1,1,1,1,2,1,1,1
SF,IH2012,2020-05-26 09:33:59.500,2674.0000,3795,0,56977500.000,0,-,-,-,-,2673.8000,2673.6000,2672.4000,2671.2000,2669.0000,2674.6000,2674.8000,2675.0000,2675.2000,2675.4000,4,1,1,1,1,1,1,2,1,1
SF,IH2012,2020-05-26 09:34:00.000,2674.0000,3795,0,56977500.000,0,-,-,-,-,2673.8000,2673.6000,2672.4000,2671.2000,2669.0000,2674.6000,2674.8000,2675.0000,2675.2000,2675.4000,3,1,1,1,1,1,1,2,1,1
SF,IH2012,2020-05-26 09:34:00.500,2673.8000,3794,-1,57779640.000,1,0,1,双平,S,2673.8000,2673.6000,2672.4000,2671.2000,2669.0000,2674.6000,2674.8000,2675.0000,2675.2000,2675.4000,2,1,1,1,1,1,1,2,1,1
SF,IH2012,2020-05-26 09:34:01.000,2673.8000,3794,0,58581780.000,1,0,1,多换,S,2673.8000,2673.6000,2672.4000,2671.2000,2669.0000,2674.6000,2674.8000,2675.0000,2675.2000,2675.4000,1,1,1,1,1,1,1,2,1,1
SF,IH2012,2020-05-26 09:34:01.500,2673.8000,3794,0,58581780.000,0,-,-,-,-,2673.8000,2673.6000,2672.4000,2671.2000,2669.0000,2674.8000,2675.0000,2675.2000,2675.4000,2677.0000,1,1,1,1,1,1,2,1,1,1
SF,IH2012,2020-05-26 09:34:07.000,2673.8000,3794,0,59383920.000,1,0,1,多换,S,2672.4000,2671.2000,2669.0000,2664.0000,2663.8000,2674.8000,2675.0000,2675.2000,2675.4000,2677.0000,1,1,1,1,5,1,2,1,1,1
SF,IH2012,2020-05-26 09:34:07.500,2673.8000,3794,0,59383920.000,0,-,-,-,-,2672.8000,2672.6000,2672.4000,2671.4000,2671.2000,2674.8000,2675.0000,2675.2000,2675.4000,2677.0000,1,2,1,1,1,1,2,1,1,1
SF,IH2012,2020-05-26 09:34:08.000,2673.8000,3794,0,59383920.000,0,-,-,-,-,2673.0000,2672.6000,2672.4000,2671.4000,2671.2000,2674.6000,2674.8000,2675.0000,2675.2000,2675.4000,2,1,1,1,1,1,1,2,1,1
SF,IH2012,2020-05-26 09:34:08.500,2673.8000,3794,0,59383920.000,0,-,-,-,-,2673.2000,2673.0000,2672.6000,2672.4000,2671.4000,2674.6000,2674.8000,2675.0000,2675.2000,2675.4000,1,1,1,1,1,1,1,2,1,1
SF,IH2012,2020-05-26 09:34:09.500,2673.8000,3794,0,59383920.000,0,-,-,-,-,2673.4000,2673.2000,2673.0000,2672.6000,2672.4000,2674.6000,2674.8000,2675.0000,2675.2000,2675.4000,1,1,1,1,1,1,1,2,1,1
SF,IH2012,2020-05-26 09:34:10.000,2673.8000,3794,0,59383920.000,0,-,-,-,-,2673.6000,2673.4000,2673.0000,2672.6000,2672.4000,2674.6000,2674.8000,2675.0000,2675.2000,2675.4000,1,1,1,1,1,1,1,2,1,1
SF,IH2012,2020-05-26 09:34:11.000,2673.8000,3794,0,59383920.000,0,-,-,-,-,2673.8000,2673.6000,2673.4000,2673.0000,2672.6000,2674.8000,2675.0000,2675.2000,2675.4000,2677.0000,1,1,1,1,1,1,2,1,1,1
SF,IH2012,2020-05-26 09:34:11.500,2673.8000,3794,0,59383920.000,0,-,-,-,-,2674.0000,2673.8000,2673.6000,2673.4000,2672.6000,2674.8000,2675.0000,2675.2000,2677.0000,2677.2000,1,1,1,1,1,1,2,1,1,1
SF,IH2012,2020-05-26 09:34:12.000,2673.8000,3794,0,59383920.000,0,-,-,-,-,2674.0000,2673.8000,2673.4000,2672.6000,2672.4000,2674.8000,2675.0000,2675.2000,2677.0000,2677.2000,1,1,1,1,1,1,2,1,1,1
SF,IH2012,2020-05-26 09:34:12.500,2673.8000,3794,0,59383920.000,0,-,-,-,-,2674.0000,2673.8000,2673.4000,2672.4000,2671.2000,2674.8000,2675.0000,2675.2000,2677.0000,2677.2000,1,1,1,1,1,1,2,1,1,1
SF,IH2012,2020-05-26 09:34:13.000,2673.8000,3794,0,59383920.000,0,-,-,-,-,2674.0000,2673.8000,2672.4000,2671.2000,2669.0000,2674.8000,2675.0000,2675.2000,2677.0000,2677.2000,1,3,1,1,1,1,2,1,1,1
SF,IH2012,2020-05-26 09:34:13.500,2674.0000,3793,-1,60186120.000,1,0,1,双平,S,2673.8000,2672.4000,2671.2000,2669.0000,2664.0000,2674.8000,2675.0000,2675.2000,2677.0000,2677.2000,2,1,1,1,1,1,2,1,1,1
SF,IH2012,2020-05-26 09:34:15.500,2674.0000,3793,0,60186120.000,0,-,-,-,-,2673.8000,2672.4000,2671.2000,2669.0000,2664.0000,2674.8000,2675.0000,2675.2000,2677.0000,2677.2000,2,1,1,1,1,1,2,1,1,1
SF,IH2012,2020-05-26 09:34:17.000,2674.0000,3793,0,60186120.000,0,-,-,-,-,2673.8000,2672.4000,2671.2000,2669.0000,2664.0000,2674.8000,2675.0000,2677.0000,2677.2000,2678.0000,2,1,1,1,1,1,2,1,1,2
SF,IH2012,2020-05-26 09:34:21.500,2674.0000,3793,0,60186120.000,0,-,-,-,-,2673.8000,2672.4000,2671.2000,2669.0000,2664.0000,2674.8000,2675.0000,2677.0000,2677.2000,2678.0000,2,1,1,1,1,1,1,1,1,2
SF,IH2012,2020-05-26 09:34:28.000,2673.8000,3793,0,60988260.000,1,0,1,多换,S,2673.8000,2672.4000,2671.2000,2669.0000,2664.0000,2674.8000,2675.0000,2677.0000,2677.2000,2678.0000,1,1,1,1,1,1,1,1,1,2
SF,IH2012,2020-05-26 09:34:32.000,2673.8000,3793,0,60988260.000,0,-,-,-,-,2673.8000,2672.4000,2671.2000,2669.0000,2664.0000,2674.8000,2675.0000,2677.0000,2678.0000,2678.2000,1,1,1,1,1,1,1,1,2,1
SF,IH2012,2020-05-26 09:34:32.500,2673.8000,3793,0,60988260.000,0,-,-,-,-,2674.0000,2673.8000,2672.4000,2671.2000,2669.0000,2674.8000,2675.0000,2677.0000,2678.0000,2678.2000,2,1,1,1,1,1,1,1,2,1
SF,IH2012,2020-05-26 09:34:37.000,2673.8000,3793,0,60988260.000,0,-,-,-,-,2674.0000,2673.8000,2672.4000,2671.2000,2670.0000,2674.8000,2675.0000,2677.0000,2678.0000,2678.2000,2,1,1,1,1,1,1,1,2,1
SF,IH2012,2020-05-26 09:34:42.500,2673.8000,3793,0,60988260.000,0,-,-,-,-,2674.0000,2673.8000,2672.4000,2671.2000,2670.0000,2674.4000,2674.8000,2675.0000,2677.0000,2678.0000,2,1,1,1,1,1,1,1,1,2
SF,IH2012,2020-05-26 09:34:43.000,2674.4000,3792,-1,61790580.000,1,0,1,双平,S,2674.4000,2674.0000,2673.8000,2672.4000,2671.2000,2674.8000,2675.0000,2677.0000,2678.0000,2678.2000,1,2,1,1,1,1,1,1,2,1
SF,IH2012,2020-05-26 09:34:43.500,2674.4000,3792,0,61790580.000,0,-,-,-,-,2674.4000,2674.0000,2673.8000,2673.6000,2672.4000,2674.8000,2675.0000,2677.0000,2678.0000,2678.2000,1,2,1,1,1,1,1,1,2,1
SF,IH2012,2020-05-26 09:34:44.000,2674.4000,3792,0,61790580.000,0,-,-,-,-,2674.4000,2674.0000,2673.8000,2673.6000,2673.0000,2674.8000,2675.0000,2677.0000,2678.0000,2678.2000,1,2,1,1,1,1,1,1,2,1
SF,IH2012,2020-05-26 09:34:51.000,2674.8000,3791,-1,62593020.000,1,0,1,双平,S,2674.4000,2674.0000,2673.8000,2673.6000,2673.0000,2675.0000,2677.0000,2678.0000,2678.2000,2679.8000,1,2,1,1,1,1,1,2,1,1
SF,IH2012,2020-05-26 09:34:51.500,2675.0000,3790,-1,63395520.000,1,0,1,双平,S,2674.4000,2674.0000,2673.8000,2673.6000,2673.0000,2677.0000,2678.0000,2678.2000,2679.8000,2680.0000,1,2,1,1,1,1,2,1,1,8
SF,IH2012,2020-05-26 09:34:52.000,2675.0000,3790,0,63395520.000,0,-,-,-,-,2674.6000,2674.4000,2674.0000,2673.8000,2673.6000,2676.8000,2677.0000,2678.0000,2678.2000,2679.8000,1,1,2,1,1,4,1,2,1,1
SF,IH2012,2020-05-26 09:34:52.500,2675.0000,3790,0,63395520.000,0,-,-,-,-,2674.6000,2674.4000,2674.0000,2673.8000,2673.6000,2676.6000,2676.8000,2677.0000,2678.0000,2678.2000,1,1,2,1,1,1,4,1,2,1
SF,IH2012,2020-05-26 09:34:53.000,2675.0000,3790,0,63395520.000,0,-,-,-,-,2674.4000,2674.0000,2673.8000,2673.6000,2673.0000,2676.4000,2676.6000,2676.8000,2677.0000,2678.0000,1,2,1,1,1,4,1,2,1,2
SF,IH2012,2020-05-26 09:34:53.500,2675.0000,3790,0,63395520.000,0,-,-,-,-,2674.6000,2674.4000,2674.0000,2673.8000,2673.6000,2676.2000,2676.4000,2676.8000,2677.0000,2678.0000,1,1,2,1,1,3,3,2,1,2
SF,IH2012,2020-05-26 09:34:54.000,2675.0000,3790,0,63395520.000,0,-,-,-,-,2674.6000,2674.4000,2674.0000,2673.8000,2673.6000,2676.0000,2676.2000,2676.4000,2676.8000,2677.0000,1,1,2,1,1,2,2,2,2,1
SF,IH2012,2020-05-26 09:34:54.500,2675.0000,3790,0,63395520.000,0,-,-,-,-,2674.6000,2674.4000,2674.0000,2673.8000,2673.6000,2675.8000,2676.0000,2676.4000,2676.8000,2677.0000,1,1,2,1,1,2,2,1,1,1
SF,IH2012,2020-05-26 09:34:55.000,2675.0000,3790,0,63395520.000,0,-,-,-,-,2674.8000,2674.6000,2674.4000,2674.0000,2673.8000,2675.8000,2676.0000,2676.4000,2676.8000,2677.0000,1,2,1,2,1,1,1,1,1,1
SF,IH2012,2020-05-26 09:34:55.500,2675.0000,3790,0,63395520.000,0,-,-,-,-,2674.8000,2674.6000,2674.4000,2674.0000,2673.8000,2676.0000,2676.4000,2676.8000,2677.0000,2678.0000,1,2,1,2,1,1,1,1,2,2
SF,IH2012,2020-05-26 09:34:56.000,2675.0000,3790,0,63395520.000,0,-,-,-,-,2674.6000,2674.4000,2674.0000,2673.8000,2673.6000,2675.8000,2676.4000,2676.8000,2677.0000,2678.0000,1,1,2,1,1,1,1,1,2,2
SF,IH2012,2020-05-26 09:34:56.500,2675.0000,3790,0,63395520.000,0,-,-,-,-,2674.6000,2674.4000,2674.0000,2673.8000,2673.6000,2675.6000,2675.8000,2676.4000,2676.8000,2677.0000,1,1,2,1,1,1,1,1,1,2
SF,IH2012,2020-05-26 09:34:57.000,2675.0000,3790,0,63395520.000,0,-,-,-,-,2674.6000,2674.4000,2674.0000,2673.8000,2673.6000,2675.8000,2676.4000,2676.8000,2677.0000,2678.0000,1,1,2,1,1,1,1,1,2,2
SF,IH2012,2020-05-26 09:34:57.500,2675.0000,3790,0,63395520.000,0,-,-,-,-,2674.6000,2674.4000,2674.0000,2673.8000,2673.6000,2675.6000,2675.8000,2676.4000,2676.8000,2677.0000,1,1,2,1,1,1,1,1,1,2
SF,IH2012,2020-05-26 09:34:59.500,2675.0000,3790,0,63395520.000,0,-,-,-,-,2674.6000,2674.4000,2674.0000,2673.8000,2673.6000,2675.4000,2675.6000,2675.8000,2676.4000,2676.8000,1,1,2,1,1,1,1,1,1,1
SF,IH2012,2020-05-26 09:35:00.500,2674.6000,3789,-1,64197900.000,1,0,1,双平,S,2674.0000,2673.8000,2673.6000,2673.0000,2671.2000,2675.4000,2675.6000,2676.4000,2676.8000,2677.0000,2,1,1,1,1,1,1,1,1,1
SF,IH2012,2020-05-26 09:35:01.000,2674.6000,3789,0,64197900.000,0,-,-,-,-,2674.0000,2673.8000,2673.6000,2673.0000,2672.0000,2675.2000,2675.4000,2676.8000,2677.0000,2678.0000,2,1,1,1,1,2,1,1,1,2
SF,IH2012,2020-05-26 09:35:01.500,2674.6000,3789,0,64197900.000,0,-,-,-,-,2674.2000,2674.0000,2673.8000,2673.6000,2673.0000,2675.2000,2675.4000,2676.8000,2677.0000,2678.0000,1,2,1,1,1,2,1,1,1,2
SF,IH2012,2020-05-26 09:35:02.500,2674.6000,3789,0,64197900.000,0,-,-,-,-,2674.2000,2674.0000,2673.8000,2673.6000,2673.0000,2675.0000,2675.2000,2676.8000,2677.0000,2678.0000,1,2,1,1,1,1,2,1,1,2
SF,IH2012,2020-05-26 09:35:04.000,2674.6000,3789,0,64197900.000,0,-,-,-,-,2674.2000,2674.0000,2673.8000,2673.6000,2673.0000,2675.2000,2675.8000,2676.8000,2677.0000,2678.0000,1,2,1,1,1,2,1,1,1,2
SF,IH2012,2020-05-26 09:35:06.500,2674.6000,3789,0,64197900.000,0,-,-,-,-,2674.2000,2674.0000,2673.8000,2673.6000,2673.0000,2675.2000,2676.8000,2677.0000,2678.0000,2678.2000,1,2,1,1,1,2,1,1,2,1
SF,IH2012,2020-05-26 09:35:07.000,2675.2000,3789,0,65000460.000,1,0,1,多换,S,2675.2000,2674.2000,2674.0000,2673.8000,2673.6000,2676.8000,2677.0000,2678.0000,2678.2000,2679.8000,1,1,2,1,1,1,1,2,1,1
SF,IH2012,2020-05-26 09:35:07.500,2675.2000,3789,0,65000460.000,0,-,-,-,-,2675.2000,2674.0000,2673.8000,2673.6000,2673.0000,2676.6000,2676.8000,2677.0000,2678.0000,2678.2000,1,2,1,1,1,3,1,1,2,1
SF,IH2012,2020-05-26 09:35:08.000,2675.2000,3789,0,65000460.000,0,-,-,-,-,2675.2000,2674.0000,2673.8000,2673.6000,2673.0000,2676.4000,2676.6000,2677.0000,2678.0000,2678.2000,1,2,1,1,1,2,3,1,2,1
SF,IH2012,2020-05-26 09:35:08.500,2675.2000,3789,0,65000460.000,0,-,-,-,-,2675.2000,2673.8000,2673.6000,2673.0000,2671.2000,2676.4000,2676.6000,2677.0000,2678.0000,2678.2000,1,1,1,1,1,1,1,1,2,1
SF,IH2012,2020-05-26 09:35:09.500,2675.2000,3789,0,65000460.000,0,-,-,-,-,2675.2000,2673.8000,2673.6000,2673.0000,2671.2000,2676.6000,2677.0000,2678.0000,2678.2000,2679.8000,1,1,1,1,1,1,1,2,1,1
SF,IH2012,2020-05-26 09:35:11.000,2675.2000,3789,0,65000460.000,0,-,-,-,-,2675.2000,2673.8000,2673.6000,2673.0000,2671.2000,2676.4000,2676.6000,2677.0000,2678.0000,2678.2000,1,1,1,1,1,1,1,1,2,1
SF,IH2012,2020-05-26 09:35:11.500,2675.2000,3789,0,65000460.000,0,-,-,-,-,2675.4000,2675.2000,2673.8000,2673.6000,2673.0000,2676.4000,2676.6000,2677.0000,2678.0000,2678.2000,1,1,1,1,1,1,1,1,2,1
SF,IH2012,2020-05-26 09:35:12.000,2675.2000,3789,0,65000460.000,0,-,-,-,-,2675.4000,2675.2000,2673.8000,2673.6000,2671.2000,2676.4000,2676.6000,2677.0000,2678.0000,2678.2000,1,1,1,1,1,1,1,1,2,1
SF,IH2012,2020-05-26 09:35:12.500,2675.2000,3789,0,65000460.000,0,-,-,-,-,2675.4000,2675.2000,2673.8000,2673.6000,2671.2000,2676.6000,2677.0000,2678.0000,2678.2000,2679.8000,1,1,1,1,1,1,1,2,1,1
SF,IH2012,2020-05-26 09:35:13.000,2675.2000,3789,0,65000460.000,0,-,-,-,-,2675.6000,2675.2000,2673.8000,2673.6000,2671.2000,2676.6000,2677.0000,2678.0000,2678.2000,2679.8000,1,1,1,1,1,1,1,2,1,1
SF,IH2012,2020-05-26 09:35:13.500,2675.2000,3789,0,65000460.000,0,-,-,-,-,2675.8000,2675.6000,2675.2000,2673.8000,2673.6000,2676.6000,2677.0000,2678.0000,2678.2000,2679.8000,1,1,1,1,1,1,1,2,1,1
SF,IH2012,2020-05-26 09:35:14.000,2675.2000,3789,0,65000460.000,0,-,-,-,-,2675.8000,2675.2000,2673.8000,2673.6000,2671.2000,2676.6000,2677.0000,2678.0000,2678.2000,2679.8000,1,1,1,1,1,1,1,2,1,1
SF,IH2012,2020-05-26 09:35:14.500,2675.2000,3789,0,65000460.000,0,-,-,-,-,2675.2000,2673.8000,2673.6000,2671.2000,2670.0000,2676.6000,2677.0000,2678.0000,2678.2000,2679.8000,1,1,1,1,1,1,1,2,1,1
SF,IH2012,2020-05-26 09:35:16.000,2675.2000,3789,0,65000460.000,0,-,-,-,-,2675.4000,2675.2000,2673.8000,2673.6000,2671.2000,2676.6000,2677.0000,2678.0000,2678.2000,2679.8000,1,1,1,1,1,1,1,2,1,1
SF,IH2012,2020-05-26 09:35:16.500,2675.2000,3789,0,65000460.000,0,-,-,-,-,2675.6000,2675.4000,2675.2000,2673.8000,2673.6000,2676.6000,2677.0000,2678.0000,2678.2000,2679.8000,1,1,1,1,1,1,1,2,1,1
SF,IH2012,2020-05-26 09:35:17.000,2675.2000,3789,0,65000460.000,0,-,-,-,-,2675.6000,2675.4000,2675.2000,2673.8000,2673.6000,2676.6000,2677.0000,2678.0000,2678.2000,2679.8000,1,1,1,1,1,1,2,2,1,1
SF,IH2012,2020-05-26 09:35:17.500,2675.2000,3789,0,65000460.000,0,-,-,-,-,2675.6000,2675.2000,2673.8000,2673.6000,2671.2000,2676.6000,2677.0000,2678.0000,2678.2000,2679.8000,1,1,1,1,1,1,2,2,1,1
SF,IH2012,2020-05-26 09:35:18.000,2676.6000,3788,-1,65803440.000,1,0,1,双平,S,2675.6000,2675.2000,2673.8000,2673.6000,2671.2000,2677.0000,2678.0000,2678.2000,2679.8000,2680.0000,1,1,1,1,1,2,2,1,1,8
SF,IH2012,2020-05-26 09:35:18.500,2676.6000,3788,0,65803440.000,0,-,-,-,-,2675.6000,2675.2000,2673.8000,2673.6000,2671.2000,2677.0000,2678.0000,2678.2000,2679.8000,2680.0000,1,1,1,1,1,2,2,1,1,8
SF,IH2012,2020-05-26 09:35:22.000,2676.6000,3788,0,65803440.000,0,-,-,-,-,2675.6000,2675.2000,2673.8000,2673.6000,2671.2000,2677.0000,2678.0000,2678.2000,2679.8000,2680.0000,1,1,1,1,1,3,2,1,1,8
SF,IH2012,2020-05-26 09:35:29.000,2676.6000,3788,0,65803440.000,0,-,-,-,-,2675.6000,2675.2000,2673.8000,2673.6000,2671.2000,2677.0000,2678.0000,2678.2000,2679.8000,2680.0000,1,1,1,1,1,3,2,1,1,8
SF,IH2012,2020-05-26 09:35:29.500,2676.6000,3788,0,65803440.000,0,-,-,-,-,2675.8000,2675.6000,2675.2000,2673.8000,2673.6000,2677.0000,2678.0000,2678.2000,2679.8000,2680.0000,1,2,1,1,1,3,2,1,1,8
SF,IH2012,2020-05-26 09:35:30.000,2676.6000,3788,0,65803440.000,0,-,-,-,-,2676.0000,2675.8000,2675.6000,2675.2000,2673.8000,2677.0000,2678.0000,2678.2000,2679.8000,2680.0000,1,1,1,1,1,3,2,1,1,8
SF,IH2012,2020-05-26 09:35:30.500,2676.6000,3788,0,65803440.000,0,-,-,-,-,2676.0000,2675.8000,2675.6000,2675.2000,2673.8000,2677.0000,2678.0000,2678.2000,2679.8000,2680.0000,2,1,1,1,1,3,2,1,1,8
SF,IH2012,2020-05-26 09:35:31.000,2676.6000,3788,0,65803440.000,0,-,-,-,-,2676.0000,2675.8000,2675.6000,2675.2000,2674.0000,2677.0000,2678.0000,2678.2000,2679.8000,2680.0000,2,1,1,1,1,3,2,1,1,8
SF,IH2012,2020-05-26 09:35:31.500,2676.6000,3788,0,65803440.000,0,-,-,-,-,2676.0000,2675.8000,2675.6000,2675.2000,2674.0000,2677.0000,2678.0000,2678.2000,2679.8000,2680.0000,2,1,1,1,1,2,2,1,1,8
SF,IH2012,2020-05-26 09:35:32.000,2676.6000,3788,0,65803440.000,0,-,-,-,-,2676.0000,2675.8000,2675.6000,2675.2000,2674.0000,2676.8000,2677.0000,2678.0000,2678.2000,2679.8000,2,1,1,1,1,1,2,2,1,1
SF,IH2012,2020-05-26 09:35:32.500,2676.6000,3788,0,65803440.000,0,-,-,-,-,2676.0000,2675.8000,2675.6000,2675.2000,2674.0000,2676.8000,2677.0000,2678.0000,2678.2000,2679.8000,1,1,1,1,1,1,2,2,1,1
SF,IH2012,2020-05-26 09:35:37.500,2676.8000,3788,0,66606480.000,1,0,1,多换,S,2676.0000,2675.8000,2675.6000,2675.2000,2674.0000,2677.0000,2678.0000,2678.2000,2679.8000,2680.0000,1,1,1,1,1,2,2,1,1,8
SF,IH2012,2020-05-26 09:35:40.000,2677.0000,3786,-2,68212680.000,2,0,2,双平,S,2676.0000,2675.8000,2675.6000,2675.2000,2674.0000,2678.0000,2678.2000,2679.8000,2680.0000,2681.0000,1,1,1,1,1,2,1,1,8,2
SF,IH2012,2020-05-26 09:35:40.500,2677.0000,3786,0,68212680.000,0,-,-,-,-,2676.2000,2676.0000,2675.6000,2675.2000,2674.0000,2676.8000,2677.8000,2678.0000,2678.2000,2679.8000,1,1,1,1,1,1,1,2,1,1
SF,IH2012,2020-05-26 09:35:41.000,2676.8000,3785,-1,69015720.000,1,0,1,双平,S,2676.4000,2676.2000,2676.0000,2675.6000,2675.2000,2677.8000,2678.0000,2678.2000,2679.8000,2680.0000,1,1,1,1,1,1,2,1,1,8
SF,IH2012,2020-05-26 09:35:41.500,2676.8000,3785,0,69015720.000,0,-,-,-,-,2676.4000,2676.2000,2676.0000,2675.2000,2673.8000,2677.8000,2678.0000,2678.2000,2679.8000,2680.0000,1,1,1,1,1,1,2,1,1,8
SF,IH2012,2020-05-26 09:35:45.500,2676.8000,3785,0,69015720.000,0,-,-,-,-,2676.4000,2676.2000,2676.0000,2675.2000,2673.8000,2677.8000,2678.0000,2678.2000,2679.8000,2680.0000,1,1,1,1,1,1,2,1,2,8
SF,IH2012,2020-05-26 09:35:46.000,2676.8000,3785,0,69015720.000,0,-,-,-,-,2676.4000,2676.2000,2675.2000,2673.8000,2671.2000,2677.8000,2678.0000,2678.2000,2679.8000,2680.0000,1,1,1,1,1,1,2,1,2,8
SF,IH2012,2020-05-26 09:35:46.500,2676.8000,3785,0,69015720.000,0,-,-,-,-,2676.2000,2675.2000,2673.8000,2671.2000,2669.0000,2677.8000,2678.0000,2678.2000,2679.8000,2680.0000,1,1,1,1,1,1,2,1,2,8
SF,IH2012,2020-05-26 09:35:47.000,2676.8000,3785,0,69015720.000,0,-,-,-,-,2675.2000,2673.8000,2671.2000,2669.0000,2664.0000,2677.6000,2677.8000,2678.0000,2678.2000,2679.8000,1,1,1,1,1,3,1,2,1,2
SF,IH2012,2020-05-26 09:35:47.500,2676.8000,3785,0,69015720.000,0,-,-,-,-,2676.8000,2675.4000,2675.2000,2673.8000,2671.2000,2677.4000,2677.6000,2678.0000,2678.2000,2679.8000,2,1,1,2,1,1,2,2,1,2
SF,IH2012,2020-05-26 09:35:48.000,2676.8000,3785,0,70621800.000,2,1,1,多换,S,2675.4000,2675.2000,2673.8000,2671.2000,2669.0000,2677.4000,2677.6000,2678.0000,2678.2000,2679.8000,1,1,1,1,1,1,2,2,1,2
SF,IH2012,2020-05-26 09:35:48.500,2676.8000,3785,0,70621800.000,0,-,-,-,-,2675.6000,2675.4000,2675.2000,2673.8000,2673.4000,2677.4000,2677.6000,2678.0000,2678.2000,2679.8000,2,1,1,1,1,1,1,2,1,2
SF,IH2012,2020-05-26 09:35:50.000,2676.8000,3785,0,70621800.000,0,-,-,-,-,2675.6000,2675.4000,2675.2000,2673.8000,2673.4000,2677.4000,2677.6000,2677.8000,2678.0000,2678.2000,2,1,1,1,1,1,1,2,2,1
SF,IH2012,2020-05-26 09:35:50.500,2676.8000,3785,0,70621800.000,0,-,-,-,-,2675.6000,2675.4000,2675.2000,2673.8000,2673.4000,2677.4000,2677.6000,2677.8000,2678.0000,2678.2000,1,1,1,1,1,1,1,2,2,1
SF,IH2012,2020-05-26 09:35:53.500,2676.8000,3785,0,70621800.000,0,-,-,-,-,2675.6000,2675.4000,2675.2000,2673.8000,2673.4000,2677.2000,2677.4000,2677.8000,2678.0000,2678.2000,1,1,1,1,1,1,1,2,2,1
SF,IH2012,2020-05-26 09:35:54.000,2676.8000,3785,0,70621800.000,0,-,-,-,-,2675.4000,2675.2000,2673.8000,2673.4000,2671.2000,2677.0000,2677.2000,2677.8000,2678.0000,2678.2000,1,1,1,1,1,1,1,2,2,1
SF,IH2012,2020-05-26 09:35:55.000,2676.8000,3785,0,70621800.000,0,-,-,-,-,2675.4000,2675.2000,2673.8000,2673.4000,2671.2000,2676.8000,2677.0000,2677.2000,2677.8000,2678.0000,1,1,1,1,1,1,1,1,2,2
SF,IH2012,2020-05-26 09:35:55.500,2676.8000,3785,0,70621800.000,0,-,-,-,-,2675.4000,2675.2000,2673.8000,2673.4000,2671.2000,2676.6000,2676.8000,2677.0000,2677.2000,2677.8000,1,1,1,1,1,1,1,1,1,2
SF,IH2012,2020-05-26 09:35:56.000,2675.4000,3784,-1,71424420.000,1,0,1,双平,S,2673.8000,2673.4000,2671.2000,2669.0000,2664.0000,2675.2000,2676.4000,2676.6000,2677.0000,2677.2000,1,1,1,1,1,1,1,1,1,1
SF,IH2012,2020-05-26 09:35:56.500,2675.2000,3783,-1,72226980.000,1,0,1,双平,S,2674.0000,2673.8000,2673.4000,2671.2000,2669.0000,2676.6000,2677.0000,2677.2000,2677.8000,2678.0000,1,1,1,1,1,1,1,2,2,2
SF,IH2012,2020-05-26 09:35:57.000,2675.2000,3783,0,72226980.000,0,-,-,-,-,2674.2000,2674.0000,2673.8000,2673.4000,2671.2000,2676.4000,2676.6000,2677.2000,2677.8000,2678.0000,1,1,1,1,1,1,1,2,2,2
SF,IH2012,2020-05-26 09:35:57.500,2675.2000,3783,0,72226980.000,0,-,-,-,-,2674.4000,2674.2000,2673.8000,2673.4000,2671.2000,2676.2000,2676.4000,2676.6000,2677.2000,2677.8000,1,1,1,1,1,1,1,1,2,2
SF,IH2012,2020-05-26 09:35:58.000,2675.2000,3783,0,72226980.000,0,-,-,-,-,2674.4000,2673.8000,2673.4000,2671.2000,2669.0000,2676.0000,2676.2000,2676.6000,2677.2000,2677.8000,1,1,1,1,1,1,1,1,2,2
SF,IH2012,2020-05-26 09:35:58.500,2675.2000,3783,0,72226980.000,0,-,-,-,-,2674.4000,2673.8000,2673.4000,2671.2000,2669.0000,2676.0000,2676.2000,2677.2000,2677.8000,2678.0000,1,1,1,1,1,1,1,2,2,2
SF,IH2012,2020-05-26 09:35:59.000,2675.2000,3783,0,72226980.000,0,-,-,-,-,2674.6000,2674.4000,2673.8000,2673.4000,2671.2000,2676.0000,2677.2000,2677.8000,2678.0000,2678.2000,2,1,1,1,1,1,2,2,2,1
SF,IH2012,2020-05-26 09:36:05.500,2676.0000,3782,-1,73029780.000,1,0,1,双平,S,2676.0000,2674.6000,2674.4000,2673.8000,2673.4000,2677.2000,2677.8000,2678.0000,2678.2000,2679.8000,1,2,1,1,1,2,2,2,1,2
SF,IH2012,2020-05-26 09:36:06.000,2676.0000,3782,0,73029780.000,0,-,-,-,-,2676.0000,2674.6000,2674.4000,2673.8000,2671.2000,2677.0000,2677.2000,2677.8000,2678.0000,2678.2000,1,1,1,1,1,1,1,2,2,1
SF,IH2012,2020-05-26 09:36:06.500,2676.0000,3782,0,73029780.000,0,-,-,-,-,2676.2000,2676.0000,2674.6000,2674.4000,2673.8000,2677.2000,2677.8000,2678.0000,2678.2000,2678.8000,1,1,1,1,1,1,2,2,1,1
SF,IH2012,2020-05-26 09:36:08.000,2676.0000,3782,0,73029780.000,0,-,-,-,-,2676.2000,2676.0000,2674.6000,2674.4000,2673.8000,2677.0000,2677.2000,2677.8000,2678.0000,2678.2000,1,1,1,1,1,1,1,2,2,1
SF,IH2012,2020-05-26 09:36:08.500,2676.0000,3782,0,73029780.000,0,-,-,-,-,2674.6000,2674.4000,2673.8000,2671.2000,2669.0000,2676.2000,2677.0000,2677.2000,2677.8000,2678.0000,1,1,1,1,1,1,1,1,2,2
SF,IH2012,2020-05-26 09:36:09.000,2676.0000,3782,0,73029780.000,0,-,-,-,-,2674.8000,2674.6000,2674.4000,2673.8000,2671.2000,2677.2000,2677.8000,2678.0000,2678.2000,2679.8000,2,1,1,1,1,1,2,2,1,2
SF,IH2012,2020-05-26 09:36:09.500,2676.0000,3782,0,73029780.000,0,-,-,-,-,2674.8000,2674.6000,2674.4000,2673.8000,2673.2000,2676.8000,2677.0000,2677.2000,2677.8000,2678.0000,1,1,1,1,1,1,1,2,2,2
SF,IH2012,2020-05-26 09:36:10.000,2676.0000,3782,0,73029780.000,0,-,-,-,-,2675.0000,2674.8000,2674.6000,2674.4000,2673.8000,2677.0000,2677.2000,2677.8000,2678.0000,2678.2000,1,1,1,1,1,1,2,2,2,1
SF,IH2012,2020-05-26 09:36:10.500,2676.0000,3782,0,73029780.000,0,-,-,-,-,2675.2000,2674.6000,2674.4000,2673.8000,2673.2000,2677.0000,2677.2000,2677.8000,2678.0000,2678.2000,3,1,1,1,1,1,2,2,2,1
SF,IH2012,2020-05-26 09:36:11.000,2676.0000,3782,0,73029780.000,0,-,-,-,-,2675.2000,2674.6000,2674.4000,2673.8000,2673.2000,2677.0000,2677.2000,2677.8000,2678.0000,2678.2000,2,1,1,1,1,2,2,2,2,1
SF,IH2012,2020-05-26 09:36:12.500,2676.0000,3782,0,73029780.000,0,-,-,-,-,2675.2000,2674.6000,2674.4000,2673.8000,2673.2000,2677.0000,2677.2000,2677.8000,2678.0000,2678.2000,2,1,1,1,1,2,2,2,2,1
SF,IH2012,2020-05-26 09:36:14.000,2676.0000,3782,0,73029780.000,0,-,-,-,-,2675.2000,2674.6000,2674.4000,2673.8000,2673.2000,2677.0000,2677.2000,2677.8000,2678.0000,2678.2000,2,1,1,1,1,2,2,2,2,1
SF,IH2012,2020-05-26 09:36:15.500,2676.0000,3782,0,73029780.000,0,-,-,-,-,2675.2000,2674.6000,2674.4000,2673.8000,2673.2000,2677.0000,2677.2000,2677.8000,2678.0000,2678.2000,2,1,1,1,1,2,2,2,2,1
SF,IH2012,2020-05-26 09:36:22.000,2675.2000,3781,-1,74634900.000,2,0,2,多平,S,2674.6000,2674.4000,2673.8000,2673.2000,2671.2000,2677.0000,2677.2000,2677.8000,2678.0000,2678.2000,1,1,1,1,1,2,2,2,2,1
SF,IH2012,2020-05-26 09:36:22.500,2675.2000,3781,0,74634900.000,0,-,-,-,-,2674.6000,2674.4000,2673.8000,2673.2000,2671.2000,2676.6000,2676.8000,2677.0000,2677.2000,2677.8000,1,1,1,1,1,2,1,2,2,2
SF,IH2012,2020-05-26 09:36:23.000,2675.2000,3781,0,74634900.000,0,-,-,-,-,2674.6000,2674.4000,2673.8000,2673.2000,2671.2000,2676.4000,2677.0000,2677.2000,2677.8000,2678.0000,1,1,1,1,1,4,1,2,2,2
SF,IH2012,2020-05-26 09:36:23.500,2675.2000,3781,0,74634900.000,0,-,-,-,-,2674.6000,2674.4000,2673.8000,2673.2000,2671.2000,2676.4000,2677.0000,2677.2000,2677.8000,2678.0000,1,1,1,1,1,3,1,2,2,2
SF,IH2012,2020-05-26 09:36:31.500,2675.2000,3781,0,74634900.000,0,-,-,-,-,2674.6000,2674.4000,2673.8000,2673.2000,2671.2000,2676.4000,2677.0000,2677.2000,2677.8000,2678.0000,1,1,1,1,1,3,1,2,2,2
SF,IH2012,2020-05-26 09:36:32.000,2675.2000,3781,0,74634900.000,0,-,-,-,-,2674.6000,2674.4000,2673.8000,2673.2000,2671.2000,2676.4000,2677.0000,2677.2000,2677.8000,2678.0000,1,1,1,1,1,3,1,2,2,4
SF,IH2012,2020-05-26 09:36:33.500,2675.2000,3781,0,74634900.000,0,-,-,-,-,2674.6000,2674.4000,2673.8000,2673.2000,2671.2000,2676.2000,2676.4000,2677.0000,2677.2000,2677.8000,1,1,1,1,1,1,3,1,2,2
SF,IH2012,2020-05-26 09:36:34.000,2675.2000,3781,0,74634900.000,0,-,-,-,-,2674.6000,2674.4000,2673.8000,2673.2000,2671.2000,2676.0000,2676.2000,2676.4000,2677.0000,2677.2000,1,1,1,1,1,1,1,2,1,1
SF,IH2012,2020-05-26 09:36:34.500,2675.2000,3781,0,74634900.000,0,-,-,-,-,2674.6000,2674.4000,2673.8000,2673.2000,2671.2000,2676.0000,2676.2000,2676.4000,2677.0000,2677.2000,1,1,1,1,1,1,1,2,1,1
SF,IH2012,2020-05-26 09:36:36.000,2675.2000,3781,0,74634900.000,0,-,-,-,-,2674.6000,2674.4000,2673.8000,2673.2000,2671.2000,2676.0000,2676.2000,2676.4000,2677.2000,2677.8000,1,1,1,1,1,1,1,2,1,2
SF,IH2012,2020-05-26 09:36:38.500,2675.2000,3781,0,74634900.000,0,-,-,-,-,2674.6000,2674.4000,2673.8000,2673.2000,2671.2000,2676.0000,2676.2000,2676.4000,2677.2000,2677.8000,1,1,1,1,1,1,1,2,1,2
SF,IH2012,2020-05-26 09:36:39.000,2675.2000,3781,0,74634900.000,0,-,-,-,-,2674.6000,2674.4000,2673.8000,2673.2000,2671.2000,2675.8000,2676.0000,2676.4000,2677.2000,2677.8000,1,1,1,1,1,1,1,2,1,2
SF,IH2012,2020-05-26 09:36:39.500,2675.2000,3781,0,74634900.000,0,-,-,-,-,2674.6000,2674.4000,2673.8000,2673.2000,2671.2000,2675.8000,2676.0000,2677.2000,2677.8000,2678.0000,1,1,1,1,1,1,1,1,2,4
SF,IH2012,2020-05-26 09:36:40.500,2675.2000,3781,0,74634900.000,0,-,-,-,-,2674.6000,2674.4000,2673.8000,2673.2000,2671.2000,2675.6000,2675.8000,2676.0000,2677.2000,2677.8000,1,1,1,1,1,1,1,1,1,2
SF,IH2012,2020-05-26 09:36:41.500,2675.2000,3781,0,74634900.000,0,-,-,-,-,2674.6000,2674.4000,2673.8000,2673.2000,2671.2000,2675.6000,2676.0000,2677.2000,2677.8000,2678.0000,1,1,1,1,1,1,1,1,2,4
SF,IH2012,2020-05-26 09:36:43.500,2675.2000,3781,0,74634900.000,0,-,-,-,-,2674.6000,2674.4000,2673.8000,2673.2000,2671.2000,2675.6000,2676.0000,2676.8000,2677.2000,2677.8000,1,1,1,1,1,1,1,1,1,2
SF,IH2012,2020-05-26 09:36:46.000,2675.2000,3781,0,74634900.000,0,-,-,-,-,2674.6000,2674.4000,2673.8000,2673.2000,2671.2000,2676.0000,2676.8000,2677.2000,2677.8000,2678.0000,1,1,1,1,1,1,1,1,2,4
SF,IH2012,2020-05-26 09:36:47.500,2675.2000,3781,0,74634900.000,0,-,-,-,-,2674.8000,2674.6000,2674.4000,2673.8000,2673.2000,2676.0000,2676.8000,2677.2000,2677.8000,2678.0000,1,1,1,1,1,1,1,1,2,4
SF,IH2012,2020-05-26 09:36:53.000,2675.2000,3781,0,74634900.000,0,-,-,-,-,2674.8000,2674.6000,2674.4000,2673.8000,2673.2000,2675.8000,2676.0000,2676.8000,2677.2000,2677.8000,1,1,1,1,1,1,1,1,1,2
SF,IH2012,2020-05-26 09:36:53.500,2675.2000,3781,0,74634900.000,0,-,-,-,-,2674.6000,2674.4000,2673.8000,2673.2000,2671.2000,2675.8000,2676.0000,2676.8000,2677.2000,2677.8000,1,1,1,1,1,1,1,1,1,2
SF,IH2012,2020-05-26 09:36:54.000,2675.2000,3781,0,74634900.000,0,-,-,-,-,2674.6000,2674.4000,2673.8000,2673.2000,2671.2000,2675.6000,2675.8000,2676.8000,2677.2000,2677.8000,1,1,1,1,1,1,1,1,1,2
SF,IH2012,2020-05-26 09:36:59.500,2674.6000,3781,0,75437280.000,1,0,1,多换,S,2674.4000,2673.8000,2673.2000,2671.2000,2671.0000,2675.6000,2675.8000,2676.8000,2677.2000,2677.8000,1,1,1,1,1,1,1,1,1,2
SF,IH2012,2020-05-26 09:37:01.000,2674.6000,3781,0,75437280.000,0,-,-,-,-,2674.4000,2673.8000,2673.2000,2671.2000,2671.0000,2675.6000,2676.8000,2677.2000,2677.8000,2678.0000,1,1,1,1,1,1,1,1,2,4
SF,IH2012,2020-05-26 09:37:02.000,2675.6000,3780,-1,76239960.000,1,0,1,双平,S,2674.4000,2673.8000,2673.2000,2671.2000,2671.0000,2676.8000,2677.2000,2677.8000,2678.0000,2678.2000,1,1,1,1,1,1,1,2,4,1
SF,IH2012,2020-05-26 09:37:02.500,2675.6000,3780,0,76239960.000,0,-,-,-,-,2674.6000,2674.4000,2673.8000,2673.2000,2671.2000,2676.4000,2676.6000,2676.8000,2677.2000,2677.8000,1,1,1,1,1,1,1,1,1,2
SF,IH2012,2020-05-26 09:37:10.500,2675.6000,3780,0,76239960.000,0,-,-,-,-,2674.6000,2674.4000,2673.8000,2673.2000,2671.2000,2676.2000,2676.4000,2676.6000,2676.8000,2677.2000,1,1,1,1,1,1,1,1,1,1
SF,IH2012,2020-05-26 09:37:11.000,2675.6000,3780,0,76239960.000,0,-,-,-,-,2674.6000,2674.4000,2673.8000,2673.2000,2671.2000,2676.2000,2676.6000,2676.8000,2677.2000,2677.8000,1,1,1,1,1,1,1,1,1,2
SF,IH2012,2020-05-26 09:37:11.500,2675.6000,3780,0,76239960.000,0,-,-,-,-,2674.6000,2674.4000,2673.8000,2673.2000,2671.2000,2676.6000,2676.8000,2677.2000,2677.8000,2678.0000,1,1,1,1,1,1,1,1,2,4
SF,IH2012,2020-05-26 09:37:12.000,2675.6000,3780,0,76239960.000,0,-,-,-,-,2674.6000,2674.4000,2673.8000,2673.2000,2671.2000,2676.4000,2676.6000,2676.8000,2677.2000,2677.8000,1,1,1,1,1,1,1,1,1,2
SF,IH2012,2020-05-26 09:37:17.000,2675.6000,3780,0,76239960.000,0,-,-,-,-,2674.6000,2674.4000,2673.8000,2673.2000,2671.2000,2676.2000,2676.4000,2676.6000,2676.8000,2677.2000,1,1,1,1,1,1,1,1,1,1
SF,IH2012,2020-05-26 09:37:17.500,2675.6000,3780,0,76239960.000,0,-,-,-,-,2674.6000,2674.4000,2673.8000,2673.2000,2671.2000,2676.2000,2676.6000,2676.8000,2677.2000,2677.8000,1,1,1,1,1,1,1,1,1,2
SF,IH2012,2020-05-26 09:37:18.000,2675.6000,3780,0,76239960.000,0,-,-,-,-,2674.6000,2674.4000,2673.8000,2673.2000,2671.2000,2676.6000,2676.8000,2677.2000,2677.8000,2678.0000,1,1,1,1,1,1,1,1,2,4
SF,IH2012,2020-05-26 09:37:19.000,2675.6000,3780,0,76239960.000,0,-,-,-,-,2674.6000,2674.4000,2673.8000,2673.2000,2671.2000,2676.4000,2676.6000,2676.8000,2677.2000,2677.8000,1,1,1,1,1,2,1,1,1,2
SF,IH2012,2020-05-26 09:37:19.500,2675.6000,3780,0,76239960.000,0,-,-,-,-,2674.6000,2674.4000,2673.8000,2673.2000,2671.2000,2676.2000,2676.4000,2676.8000,2677.2000,2677.8000,1,1,1,1,1,2,2,1,1,2
SF,IH2012,2020-05-26 09:37:20.000,2675.6000,3780,0,76239960.000,0,-,-,-,-,2674.6000,2674.4000,2673.8000,2673.2000,2671.2000,2676.2000,2676.4000,2676.8000,2677.2000,2677.8000,1,1,1,1,1,1,2,1,1,2
SF,IH2012,2020-05-26 09:37:20.500,2675.6000,3780,0,76239960.000,0,-,-,-,-,2674.6000,2674.4000,2673.8000,2673.2000,2671.2000,2676.2000,2676.8000,2677.2000,2677.8000,2678.0000,1,1,1,1,1,1,1,1,2,4
SF,IH2012,2020-05-26 09:37:27.000,2675.6000,3780,0,76239960.000,0,-,-,-,-,2674.6000,2674.4000,2673.8000,2673.2000,2671.2000,2676.0000,2676.2000,2676.8000,2677.2000,2677.8000,1,1,1,1,1,1,1,1,1,2
SF,IH2012,2020-05-26 09:37:28.000,2675.6000,3780,0,76239960.000,0,-,-,-,-,2674.6000,2674.4000,2673.8000,2673.2000,2671.2000,2676.0000,2676.2000,2676.8000,2677.2000,2677.8000,1,1,1,1,1,1,1,1,1,2
SF,IH2012,2020-05-26 09:37:29.000,2675.6000,3780,0,76239960.000,0,-,-,-,-,2674.8000,2674.6000,2674.4000,2673.8000,2673.2000,2676.0000,2676.2000,2676.8000,2677.2000,2677.8000,1,1,1,1,1,1,1,1,1,2
SF,IH2012,2020-05-26 09:37:29.500,2675.6000,3780,0,76239960.000,0,-,-,-,-,2674.8000,2674.6000,2674.4000,2673.8000,2673.2000,2676.2000,2676.8000,2677.2000,2677.8000,2678.0000,1,1,1,1,1,1,1,1,2,4
SF,IH2012,2020-05-26 09:37:50.000,2675.6000,3780,0,76239960.000,0,-,-,-,-,2674.8000,2674.6000,2674.4000,2673.8000,2673.2000,2675.8000,2676.2000,2676.8000,2677.2000,2677.8000,1,1,1,1,1,1,1,1,1,2
SF,IH2012,2020-05-26 09:37:50.500,2675.6000,3780,0,76239960.000,0,-,-,-,-,2674.6000,2674.4000,2673.8000,2673.2000,2671.2000,2675.8000,2676.2000,2676.8000,2677.2000,2677.8000,1,1,1,1,1,1,1,1,1,2
SF,IH2012,2020-05-26 09:37:51.000,2675.6000,3780,0,76239960.000,0,-,-,-,-,2674.6000,2674.4000,2673.8000,2673.2000,2671.2000,2675.6000,2676.2000,2676.8000,2677.2000,2677.8000,1,1,1,1,1,2,1,1,1,2
SF,IH2012,2020-05-26 09:37:52.500,2675.6000,3780,0,76239960.000,0,-,-,-,-,2674.6000,2674.4000,2673.8000,2673.2000,2671.2000,2675.6000,2676.2000,2676.8000,2677.2000,2677.8000,1,1,1,1,1,2,1,1,1,2
SF,IH2012,2020-05-26 09:37:53.000,2675.6000,3780,0,76239960.000,0,-,-,-,-,2674.6000,2674.4000,2673.8000,2673.2000,2671.2000,2676.2000,2676.8000,2677.2000,2677.8000,2678.0000,1,1,1,1,1,1,1,1,2,4
SF,IH2012,2020-05-26 09:37:53.500,2675.6000,3780,0,76239960.000,0,-,-,-,-,2674.6000,2674.4000,2673.8000,2673.2000,2671.2000,2676.2000,2676.8000,2677.2000,2677.8000,2678.0000,1,1,1,1,1,1,1,1,2,4
SF,IH2012,2020-05-26 09:37:54.000,2674.6000,3780,0,77042340.000,1,0,1,多换,S,2674.4000,2673.8000,2673.2000,2671.2000,2671.0000,2676.2000,2676.8000,2677.2000,2677.8000,2678.0000,1,1,1,1,1,1,1,1,2,4
SF,IH2012,2020-05-26 09:38:04.000,2674.6000,3780,0,77042340.000,0,-,-,-,-,2673.8000,2673.2000,2671.2000,2671.0000,2669.0000,2676.2000,2676.8000,2677.2000,2677.8000,2678.0000,1,1,1,1,1,1,1,1,2,4
SF,IH2012,2020-05-26 09:38:07.500,2673.8000,3780,0,77844480.000,1,0,1,多换,S,2673.2000,2671.2000,2671.0000,2669.0000,2664.0000,2676.2000,2676.8000,2677.2000,2677.8000,2678.0000,1,1,1,1,1,1,1,1,2,4
SF,IH2012,2020-05-26 09:38:08.000,2673.8000,3780,0,77844480.000,0,-,-,-,-,2673.4000,2673.2000,2671.2000,2671.0000,2669.0000,2676.0000,2676.2000,2676.8000,2677.2000,2677.8000,1,1,1,1,1,4,1,1,1,2
SF,IH2012,2020-05-26 09:38:08.500,2673.8000,3780,0,77844480.000,0,-,-,-,-,2673.4000,2673.2000,2671.2000,2671.0000,2669.0000,2675.8000,2676.0000,2676.8000,2677.2000,2677.8000,1,1,1,1,1,2,4,1,1,2
SF,IH2012,2020-05-26 09:38:09.000,2673.8000,3780,0,77844480.000,0,-,-,-,-,2673.4000,2673.2000,2671.2000,2671.0000,2669.0000,2675.6000,2675.8000,2676.0000,2676.8000,2677.2000,1,1,1,1,1,1,2,3,1,1
SF,IH2012,2020-05-26 09:38:09.500,2673.8000,3780,0,77844480.000,0,-,-,-,-,2673.4000,2673.2000,2671.2000,2671.0000,2669.0000,2675.4000,2675.6000,2676.0000,2676.8000,2677.2000,1,1,1,1,1,2,1,3,1,1
SF,IH2012,2020-05-26 09:38:10.000,2673.8000,3780,0,77844480.000,0,-,-,-,-,2673.2000,2671.2000,2671.0000,2669.0000,2664.0000,2675.2000,2675.4000,2675.6000,2676.0000,2676.8000,1,1,1,1,1,1,2,1,3,1
SF,IH2012,2020-05-26 09:38:10.500,2673.8000,3780,0,77844480.000,0,-,-,-,-,2673.2000,2671.2000,2671.0000,2669.0000,2664.0000,2675.0000,2675.2000,2675.4000,2675.6000,2676.0000,1,1,1,1,1,1,1,1,1,3
SF,IH2012,2020-05-26 09:38:11.000,2673.8000,3780,0,77844480.000,0,-,-,-,-,2673.2000,2671.2000,2671.0000,2669.0000,2664.0000,2674.8000,2675.0000,2675.4000,2675.6000,2676.0000,1,1,1,1,1,1,1,1,1,2
SF,IH2012,2020-05-26 09:38:11.500,2673.8000,3780,0,77844480.000,0,-,-,-,-,2673.2000,2671.2000,2671.0000,2669.0000,2664.0000,2674.8000,2675.0000,2675.4000,2675.6000,2676.0000,1,1,1,1,1,1,1,1,1,2
SF,IH2012,2020-05-26 09:38:12.000,2673.8000,3780,0,77844480.000,0,-,-,-,-,2673.2000,2671.2000,2671.0000,2669.0000,2664.0000,2674.6000,2674.8000,2675.4000,2675.6000,2676.0000,1,1,1,1,1,1,1,1,1,2
SF,IH2012,2020-05-26 09:38:13.500,2673.8000,3780,0,77844480.000,0,-,-,-,-,2673.2000,2671.2000,2671.0000,2669.0000,2664.0000,2674.4000,2674.6000,2674.8000,2675.4000,2675.6000,1,1,1,1,1,1,1,1,1,1
SF,IH2012,2020-05-26 09:38:14.000,2673.2000,3779,-1,78646440.000,1,0,1,双平,S,2671.2000,2671.0000,2669.0000,2664.0000,2663.8000,2674.2000,2674.4000,2674.8000,2675.4000,2675.6000,1,1,1,1,5,1,1,1,1,1
SF,IH2012,2020-05-26 09:38:14.500,2671.4000,3779,0,79447860.000,1,0,1,多换,S,2671.4000,2671.0000,2669.0000,2664.0000,2663.8000,2674.0000,2674.2000,2674.8000,2675.4000,2675.6000,1,1,1,1,5,1,1,1,1,1
SF,IH2012,2020-05-26 09:38:15.000,2671.4000,3779,0,79447860.000,0,-,-,-,-,2671.4000,2671.0000,2669.0000,2664.0000,2663.8000,2673.8000,2674.0000,2674.8000,2675.4000,2675.6000,1,1,1,1,5,2,1,1,1,1
SF,IH2012,2020-05-26 09:38:26.500,2671.4000,3779,0,79447860.000,0,-,-,-,-,2671.4000,2671.0000,2669.0000,2664.0000,2663.8000,2673.6000,2673.8000,2674.0000,2674.8000,2675.4000,1,1,1,1,5,1,2,1,1,1
SF,IH2012,2020-05-26 09:38:27.000,2671.4000,3779,0,79447860.000,0,-,-,-,-,2671.4000,2671.0000,2669.0000,2664.0000,2663.8000,2673.4000,2673.6000,2674.0000,2674.8000,2675.0000,1,1,1,1,5,2,1,1,1,2
SF,IH2012,2020-05-26 09:38:28.000,2671.4000,3779,0,79447860.000,0,-,-,-,-,2671.6000,2671.4000,2671.0000,2669.0000,2664.0000,2673.4000,2673.6000,2674.0000,2674.8000,2675.0000,1,1,1,1,1,2,1,1,1,2
SF,IH2012,2020-05-26 09:38:28.500,2671.4000,3779,0,79447860.000,0,-,-,-,-,2671.6000,2671.4000,2671.0000,2669.0000,2664.0000,2673.2000,2673.4000,2674.0000,2674.8000,2675.0000,1,1,1,1,1,1,2,1,1,2
SF,IH2012,2020-05-26 09:38:47.500,2671.4000,3779,0,79447860.000,0,-,-,-,-,2671.6000,2671.4000,2669.0000,2668.0000,2664.0000,2673.2000,2673.4000,2674.0000,2674.8000,2675.0000,1,1,1,1,1,1,2,1,1,2
SF,IH2012,2020-05-26 09:38:48.000,2671.4000,3779,0,79447860.000,0,-,-,-,-,2671.6000,2671.4000,2669.0000,2668.0000,2664.0000,2673.0000,2673.2000,2674.0000,2674.8000,2675.0000,1,1,1,1,1,1,1,1,1,2
SF,IH2012,2020-05-26 09:38:48.500,2671.4000,3779,0,79447860.000,0,-,-,-,-,2671.6000,2669.0000,2668.0000,2664.0000,2663.8000,2672.8000,2673.0000,2673.2000,2674.0000,2674.8000,1,1,1,1,5,1,1,1,1,1
SF,IH2012,2020-05-26 09:38:49.000,2671.4000,3779,0,79447860.000,0,-,-,-,-,2669.0000,2668.0000,2664.0000,2663.8000,2658.0000,2673.0000,2673.2000,2674.0000,2674.8000,2675.0000,1,1,1,5,1,1,1,1,1,2
SF,IH2012,2020-05-26 09:38:49.500,2671.4000,3779,0,79447860.000,0,-,-,-,-,2669.2000,2669.0000,2668.0000,2664.0000,2663.8000,2672.8000,2673.0000,2673.2000,2674.8000,2675.0000,3,1,1,1,5,1,1,1,1,2
SF,IH2012,2020-05-26 09:38:50.000,2671.4000,3779,0,79447860.000,0,-,-,-,-,2669.4000,2669.2000,2669.0000,2668.0000,2664.0000,2672.6000,2672.8000,2673.2000,2674.8000,2675.0000,1,3,1,1,1,1,1,1,1,2
SF,IH2012,2020-05-26 09:38:50.500,2671.4000,3779,0,79447860.000,0,-,-,-,-,2669.6000,2669.4000,2669.2000,2669.0000,2668.0000,2672.4000,2672.6000,2673.2000,2674.8000,2675.0000,2,1,1,1,1,1,1,1,1,2
SF,IH2012,2020-05-26 09:38:51.000,2671.4000,3779,0,79447860.000,0,-,-,-,-,2669.8000,2669.6000,2669.2000,2669.0000,2668.0000,2672.2000,2672.4000,2673.2000,2674.8000,2675.0000,2,2,1,1,1,1,1,1,1,2
SF,IH2012,2020-05-26 09:38:51.500,2671.4000,3779,0,79447860.000,0,-,-,-,-,2670.0000,2669.8000,2669.2000,2669.0000,2668.0000,2672.2000,2672.4000,2673.2000,2674.8000,2675.0000,2,2,1,1,1,1,1,1,1,2
SF,IH2012,2020-05-26 09:38:52.000,2671.4000,3779,0,79447860.000,0,-,-,-,-,2670.2000,2670.0000,2669.8000,2669.2000,2669.0000,2672.2000,2672.4000,2673.2000,2674.8000,2675.0000,1,2,1,1,1,1,1,1,1,2
SF,IH2012,2020-05-26 09:38:52.500,2671.4000,3779,0,79447860.000,0,-,-,-,-,2670.4000,2670.2000,2669.8000,2669.2000,2669.0000,2672.2000,2672.4000,2673.2000,2674.8000,2675.0000,3,1,1,1,1,1,1,1,1,2
SF,IH2012,2020-05-26 09:38:53.000,2671.4000,3779,0,79447860.000,0,-,-,-,-,2670.4000,2670.2000,2669.8000,2669.2000,2669.0000,2672.2000,2673.2000,2674.8000,2675.0000,2675.4000,3,1,1,1,1,1,1,1,2,1
SF,IH2012,2020-05-26 09:38:53.500,2671.4000,3779,0,79447860.000,0,-,-,-,-,2670.6000,2670.4000,2669.8000,2669.2000,2669.0000,2672.2000,2674.8000,2675.0000,2675.4000,2675.6000,1,3,1,1,1,1,1,2,1,1
SF,IH2012,2020-05-26 09:38:54.000,2671.4000,3779,0,79447860.000,0,-,-,-,-,2670.8000,2670.6000,2670.4000,2669.8000,2669.2000,2672.2000,2674.8000,2675.0000,2675.4000,2675.6000,3,1,1,1,1,1,1,2,1,1
SF,IH2012,2020-05-26 09:38:59.000,2671.4000,3779,0,79447860.000,0,-,-,-,-,2670.8000,2670.6000,2670.4000,2669.8000,2669.2000,2672.2000,2674.8000,2675.4000,2675.6000,2676.0000,3,1,1,1,1,1,1,1,1,2
SF,IH2012,2020-05-26 09:38:59.500,2671.4000,3779,0,79447860.000,0,-,-,-,-,2670.8000,2670.6000,2670.4000,2669.8000,2669.2000,2672.2000,2674.8000,2675.4000,2675.6000,2676.0000,3,1,1,1,1,1,1,1,1,2
SF,IH2012,2020-05-26 09:39:01.500,2671.4000,3779,0,79447860.000,0,-,-,-,-,2670.8000,2670.6000,2670.4000,2669.8000,2669.2000,2671.4000,2672.2000,2674.8000,2675.4000,2675.6000,3,1,1,1,1,1,1,1,1,1
SF,IH2012,2020-05-26 09:39:02.000,2671.4000,3778,-1,80249280.000,1,0,1,双平,S,2670.8000,2670.6000,2670.4000,2669.8000,2669.2000,2672.2000,2674.8000,2675.4000,2675.6000,2676.0000,2,1,1,1,1,1,1,1,1,2
SF,IH2012,2020-05-26 09:39:03.000,2671.4000,3778,0,80249280.000,0,-,-,-,-,2671.0000,2670.8000,2670.6000,2670.4000,2669.8000,2672.2000,2674.8000,2675.4000,2675.6000,2676.0000,1,2,1,1,1,1,1,1,1,2
SF,IH2012,2020-05-26 09:39:03.500,2671.4000,3778,0,80249280.000,0,-,-,-,-,2671.2000,2671.0000,2670.8000,2670.6000,2670.4000,2672.2000,2674.8000,2675.4000,2675.6000,2676.0000,1,1,1,1,1,1,1,1,1,2
SF,IH2012,2020-05-26 09:39:04.000,2671.4000,3778,0,80249280.000,0,-,-,-,-,2671.2000,2671.0000,2670.8000,2670.6000,2670.4000,2674.8000,2675.4000,2675.6000,2676.0000,2676.8000,1,1,1,1,1,1,1,1,2,3
SF,IH2012,2020-05-26 09:39:04.500,2671.4000,3778,0,80249280.000,0,-,-,-,-,2671.0000,2670.6000,2670.4000,2669.0000,2668.0000,2674.6000,2674.8000,2675.6000,2676.0000,2676.8000,1,1,1,1,1,4,1,1,2,3
SF,IH2012,2020-05-26 09:39:05.000,2671.4000,3778,0,80249280.000,0,-,-,-,-,2671.2000,2670.6000,2669.0000,2668.0000,2664.0000,2674.4000,2674.6000,2675.6000,2676.0000,2676.8000,1,1,1,1,1,1,4,1,2,3
SF,IH2012,2020-05-26 09:39:05.500,2671.4000,3778,0,80249280.000,0,-,-,-,-,2670.6000,2669.0000,2668.0000,2664.0000,2663.8000,2674.2000,2674.4000,2674.6000,2675.6000,2676.0000,1,1,1,1,5,4,1,2,1,2
SF,IH2012,2020-05-26 09:39:06.000,2671.4000,3778,0,80249280.000,0,-,-,-,-,2670.8000,2669.0000,2668.0000,2664.0000,2663.8000,2674.0000,2674.2000,2674.6000,2675.6000,2676.0000,1,1,1,1,5,1,4,2,1,2
SF,IH2012,2020-05-26 09:39:06.500,2671.4000,3778,0,80249280.000,0,-,-,-,-,2670.8000,2669.0000,2668.0000,2664.0000,2663.8000,2673.8000,2674.0000,2674.2000,2674.6000,2675.6000,1,1,1,1,5,3,1,1,2,1
SF,IH2012,2020-05-26 09:39:07.000,2671.4000,3778,0,80249280.000,0,-,-,-,-,2669.0000,2668.0000,2664.0000,2663.8000,2658.0000,2673.6000,2673.8000,2674.2000,2674.6000,2675.6000,1,1,1,5,1,1,3,1,2,1
SF,IH2012,2020-05-26 09:39:07.500,2671.4000,3778,0,80249280.000,0,-,-,-,-,2669.2000,2669.0000,2668.0000,2664.0000,2663.8000,2673.2000,2673.4000,2673.6000,2674.2000,2674.6000,1,1,1,1,5,1,3,1,1,2
SF,IH2012,2020-05-26 09:39:08.000,2671.4000,3778,0,80249280.000,0,-,-,-,-,2669.4000,2669.2000,2669.0000,2668.0000,2664.0000,2673.0000,2673.2000,2674.6000,2675.6000,2676.0000,2,1,1,1,1,4,1,2,1,2
SF,IH2012,2020-05-26 09:39:08.500,2671.4000,3778,0,80249280.000,0,-,-,-,-,2669.6000,2669.4000,2669.0000,2668.0000,2664.0000,2673.0000,2673.2000,2674.6000,2675.6000,2676.0000,2,2,1,1,1,2,1,2,1,2
SF,IH2012,2020-05-26 09:39:09.000,2671.4000,3778,0,80249280.000,0,-,-,-,-,2669.8000,2669.6000,2669.0000,2668.0000,2664.0000,2673.0000,2673.2000,2674.6000,2675.6000,2676.0000,3,2,1,1,1,2,1,2,1,2
SF,IH2012,2020-05-26 09:39:09.500,2671.4000,3778,0,80249280.000,0,-,-,-,-,2670.0000,2669.8000,2669.6000,2669.0000,2668.0000,2673.0000,2673.2000,2674.6000,2675.6000,2676.0000,1,3,1,1,1,2,1,2,1,2
SF,IH2012,2020-05-26 09:39:10.000,2671.4000,3778,0,80249280.000,0,-,-,-,-,2670.0000,2669.8000,2669.6000,2669.0000,2668.0000,2672.8000,2673.0000,2673.2000,2674.6000,2675.6000,1,1,1,1,1,1,2,1,2,1
SF,IH2012,2020-05-26 09:39:10.500,2671.4000,3778,0,80249280.000,0,-,-,-,-,2670.4000,2670.0000,2669.8000,2669.6000,2669.0000,2672.4000,2672.6000,2672.8000,2674.6000,2675.6000,1,1,1,1,1,1,4,1,2,1
SF,IH2012,2020-05-26 09:39:11.000,2671.4000,3778,0,80249280.000,0,-,-,-,-,2670.0000,2669.8000,2669.6000,2669.0000,2668.0000,2672.2000,2672.6000,2672.8000,2674.6000,2675.2000,1,1,1,1,1,3,2,1,2,5
SF,IH2012,2020-05-26 09:39:11.500,2671.4000,3778,0,80249280.000,0,-,-,-,-,2670.0000,2669.8000,2669.6000,2669.0000,2668.0000,2672.2000,2672.6000,2674.6000,2675.2000,2675.6000,2,1,1,1,1,2,1,2,5,1
SF,IH2012,2020-05-26 09:39:12.500,2671.4000,3778,0,80249280.000,0,-,-,-,-,2670.0000,2669.8000,2669.6000,2669.0000,2668.0000,2671.0000,2672.2000,2672.6000,2674.6000,2675.2000,2,1,1,1,1,1,2,1,2,5
SF,IH2012,2020-05-26 09:39:13.000,2671.4000,3778,0,80249280.000,0,-,-,-,-,2670.0000,2669.8000,2669.6000,2669.0000,2668.0000,2671.0000,2672.2000,2672.6000,2674.6000,2675.2000,2,1,1,1,1,1,1,1,2,5
SF,IH2012,2020-05-26 09:39:15.000,2671.0000,3777,-1,81050580.000,1,0,1,双平,S,2670.0000,2669.8000,2669.6000,2669.0000,2668.0000,2672.2000,2672.6000,2674.6000,2675.2000,2675.6000,2,1,1,1,1,1,1,2,5,1
