市场代码,合约代码,时间,最新,持仓,增仓,成交额,成交量,开仓,平仓,成交类型,方向,买一价,买二价,买三价,买四价,买五价,卖一价,卖二价,卖三价,卖四价,卖五价,买一量,买二量,买三量,买四量,买五量,卖一量,卖二量,卖三量,卖四量,卖五量
SF,IH2001,2020-01-16 09:29:00.100,3066.6000,17838,0,141676920.000,154.000,-,-,-,-,3064.4000,3064.0000,3063.4000,3062.8000,3062.4000,3066.6000,3066.8000,3067.0000,3067.6000,3067.8000,6,8,6,8,7,2,1,5,1,2
SF,IH2001,2020-01-16 09:30:00.100,3064.6000,17831,-7,149953740.000,9,1,8,多平,S,3064.6000,3064.4000,3064.0000,3063.4000,3062.8000,3065.4000,3065.8000,3066.2000,3066.4000,3066.6000,1,6,8,6,8,1,2,1,3,3
SF,IH2001,2020-01-16 09:30:00.600,3064.0000,17807,-24,175698000.000,28,2,26,多平,S,3064.0000,3063.4000,3062.8000,3062.4000,3061.6000,3064.4000,3064.6000,3065.0000,3065.2000,3065.4000,4,6,8,6,8,1,2,1,1,8
SF,IH2001,2020-01-16 09:30:01.100,3065.2000,17793,-14,189487320.000,15,0,15,多平,S,3063.4000,3063.2000,3063.0000,3062.4000,3060.0000,3065.4000,3065.8000,3066.2000,3066.4000,3066.6000,3,9,1,6,1,7,1,1,4,3
SF,IH2001,2020-01-16 09:30:01.600,3065.2000,17790,-3,195003780.000,6,1,5,多平,S,3064.4000,3064.0000,3063.6000,3063.4000,3063.2000,3065.2000,3065.4000,3065.8000,3066.0000,3066.2000,1,5,4,7,9,14,11,1,1,3
SF,IH2001,2020-01-16 09:30:02.100,3064.0000,17784,-6,201439260.000,7,0,7,多平,S,3063.6000,3063.2000,3060.0000,3058.0000,3057.0000,3064.4000,3065.2000,3065.4000,3065.8000,3066.2000,2,9,1,1,1,2,12,10,1,1
SF,IH2001,2020-01-16 09:30:02.600,3063.6000,17779,-5,206035200.000,5,0,5,双平,S,3063.8000,3063.2000,3060.0000,3058.0000,3057.0000,3064.2000,3064.4000,3064.8000,3065.0000,3065.4000,1,10,1,1,1,8,5,1,2,9
SF,IH2001,2020-01-16 09:30:03.100,3063.8000,17774,-5,210630900.000,5,0,5,双平,S,3063.2000,3062.8000,3060.0000,3058.0000,3057.0000,3064.2000,3064.4000,3064.8000,3065.4000,3065.8000,9,2,1,1,1,5,4,1,8,1
SF,IH2001,2020-01-16 09:30:03.600,3064.0000,17772,-2,212469240.000,2,0,2,双平,S,3063.2000,3063.0000,3062.8000,3060.0000,3058.0000,3064.0000,3064.2000,3064.4000,3064.8000,3065.4000,8,8,2,1,1,2,5,3,1,8
SF,IH2001,2020-01-16 09:30:04.100,3064.0000,17769,-3,216146040.000,4,0,4,多平,S,3063.6000,3063.4000,3063.2000,3063.0000,3062.8000,3063.8000,3064.0000,3064.2000,3064.4000,3064.8000,4,7,8,8,2,1,2,2,3,1
SF,IH2001,2020-01-16 09:30:04.600,3064.0000,17761,-8,226257060.000,11,1,10,多平,S,3063.8000,3063.6000,3063.4000,3063.2000,3063.0000,3064.4000,3064.8000,3065.4000,3065.8000,3066.2000,5,7,6,1,8,3,1,8,1,1
SF,IH2001,2020-01-16 09:30:05.100,3064.4000,17760,-1,227176380.000,1,0,1,双平,S,3064.0000,3063.8000,3063.6000,3063.2000,3063.0000,3064.2000,3064.4000,3064.8000,3065.2000,3065.4000,4,5,2,1,8,1,2,1,1,8
SF,IH2001,2020-01-16 09:30:05.600,3064.0000,17750,-10,236368680.000,10,0,10,双平,S,3063.6000,3063.2000,3063.0000,3062.8000,3062.4000,3064.2000,3064.4000,3064.8000,3065.4000,3065.8000,2,1,8,2,1,1,2,1,9,1
SF,IH2001,2020-01-16 09:30:06.100,3063.8000,17748,-2,239126220.000,3,0,3,多平,S,3063.8000,3063.6000,3063.2000,3063.0000,3062.8000,3064.4000,3064.8000,3065.4000,3065.8000,3066.0000,1,2,1,8,2,2,1,9,1,1
SF,IH2001,2020-01-16 09:30:06.600,3064.0000,17744,-4,242803020.000,4,0,4,双平,S,3063.6000,3063.2000,3063.0000,3062.8000,3062.4000,3064.4000,3064.8000,3065.4000,3065.8000,3066.0000,2,1,8,2,1,3,1,9,1,1
SF,IH2001,2020-01-16 09:30:07.100,3063.8000,17743,-1,243722160.000,1,0,1,双平,S,3063.8000,3063.6000,3063.2000,3063.0000,3062.8000,3064.4000,3064.8000,3065.4000,3065.8000,3066.0000,5,2,1,8,2,4,1,7,1,1
SF,IH2001,2020-01-16 09:30:07.600,3063.8000,17743,0,246479760.000,3,1,2,多换,S,3064.2000,3063.8000,3063.6000,3063.2000,3063.0000,3064.4000,3064.8000,3065.4000,3065.8000,3066.0000,1,3,2,1,8,5,1,7,1,1
SF,IH2001,2020-01-16 09:30:08.100,3064.2000,17741,-2,249237540.000,3,0,3,多平,S,3063.8000,3063.6000,3063.2000,3063.0000,3062.8000,3064.4000,3064.8000,3065.4000,3065.8000,3066.0000,2,2,1,8,2,5,1,7,1,1
SF,IH2001,2020-01-16 09:30:08.600,3064.2000,17741,0,249237540.000,0,-,-,-,-,3063.8000,3063.6000,3063.2000,3063.0000,3062.8000,3064.2000,3064.4000,3064.8000,3065.4000,3065.8000,2,2,1,8,2,1,6,1,7,1
SF,IH2001,2020-01-16 09:30:09.100,3064.2000,17737,-4,252914400.000,4,0,4,双平,S,3063.8000,3063.6000,3063.2000,3063.0000,3062.8000,3064.4000,3064.8000,3065.4000,3065.8000,3066.0000,2,2,1,8,2,3,1,7,1,1
SF,IH2001,2020-01-16 09:30:09.600,3064.0000,17735,-2,256591200.000,4,1,3,多平,S,3063.8000,3063.6000,3063.2000,3063.0000,3062.8000,3064.2000,3064.4000,3064.8000,3065.4000,3065.8000,2,2,1,8,2,3,4,1,7,1
SF,IH2001,2020-01-16 09:30:10.100,3064.2000,17729,-6,266700840.000,11,2,9,多平,S,3063.0000,3062.8000,3060.0000,3059.8000,3058.0000,3064.2000,3064.4000,3064.8000,3065.4000,3065.8000,5,2,1,1,1,2,4,1,7,1
SF,IH2001,2020-01-16 09:30:10.600,3064.2000,17729,0,266700840.000,0,-,-,-,-,3063.4000,3063.2000,3063.0000,3062.8000,3060.2000,3064.0000,3064.2000,3064.4000,3064.8000,3065.2000,1,1,15,2,1,3,3,4,1,2
SF,IH2001,2020-01-16 09:30:11.100,3064.2000,17726,-3,269458620.000,3,0,3,双平,S,3063.6000,3063.4000,3063.0000,3062.8000,3060.0000,3064.2000,3064.4000,3064.8000,3065.2000,3065.4000,1,2,15,2,1,2,4,1,2,7
SF,IH2001,2020-01-16 09:30:11.600,3064.2000,17725,-1,270377880.000,1,0,1,双平,S,3063.8000,3063.6000,3063.4000,3063.2000,3063.0000,3064.2000,3064.4000,3064.8000,3065.2000,3065.4000,2,1,2,2,15,1,5,1,2,7
SF,IH2001,2020-01-16 09:30:12.100,3064.0000,17724,-1,271297080.000,1,0,1,双平,S,3063.8000,3063.6000,3063.4000,3063.2000,3063.0000,3064.0000,3064.2000,3064.4000,3064.8000,3065.2000,2,1,1,2,15,1,2,5,1,2
SF,IH2001,2020-01-16 09:30:12.600,3063.4000,17719,-5,275892600.000,5,0,5,双平,S,3063.2000,3063.0000,3060.0000,3059.8000,3058.0000,3064.2000,3064.4000,3064.8000,3065.2000,3065.4000,2,10,1,1,1,2,5,1,2,6
SF,IH2001,2020-01-16 09:30:13.100,3063.8000,17716,-3,279568860.000,4,0,4,多平,S,3063.4000,3063.0000,3060.0000,3059.8000,3058.0000,3064.0000,3064.2000,3064.4000,3064.8000,3065.2000,2,10,1,1,1,3,2,4,1,2
SF,IH2001,2020-01-16 09:30:13.600,3063.4000,17714,-2,281406900.000,2,0,2,双平,S,3063.0000,3060.0000,3059.8000,3058.0000,3057.0000,3063.8000,3064.0000,3064.2000,3064.4000,3064.8000,10,1,1,1,1,1,4,2,4,1
SF,IH2001,2020-01-16 09:30:14.100,3063.4000,17714,0,281406900.000,0,-,-,-,-,3063.2000,3063.0000,3060.0000,3059.8000,3058.0000,3063.4000,3063.8000,3064.0000,3064.2000,3064.4000,1,10,1,1,1,1,4,5,2,4
SF,IH2001,2020-01-16 09:30:14.600,3063.0000,17710,-4,285082680.000,4,0,4,双平,S,3063.0000,3060.0000,3059.8000,3058.0000,3057.0000,3063.4000,3063.8000,3064.0000,3064.2000,3064.4000,9,1,1,1,1,1,4,4,2,3
SF,IH2001,2020-01-16 09:30:15.100,3063.0000,17706,-4,289677360.000,5,0,5,多平,S,3063.0000,3060.2000,3060.0000,3059.8000,3058.0000,3063.4000,3063.8000,3064.0000,3064.2000,3064.4000,7,1,1,1,1,1,5,3,2,3
SF,IH2001,2020-01-16 09:30:15.600,3063.4000,17697,-9,297947580.000,9,0,9,双平,S,3060.4000,3060.0000,3059.8000,3058.0000,3057.0000,3063.4000,3063.8000,3064.0000,3064.2000,3064.4000,2,1,1,1,1,2,2,3,2,3
SF,IH2001,2020-01-16 09:30:16.100,3063.4000,17696,-1,298866600.000,1,0,1,双平,S,3061.6000,3061.2000,3061.0000,3060.8000,3060.6000,3063.0000,3063.2000,3063.4000,3063.6000,3063.8000,10,5,7,1,21,1,13,2,3,2
SF,IH2001,2020-01-16 09:30:16.600,3063.2000,17685,-11,309894060.000,12,0,12,多平,S,3061.8000,3061.6000,3061.0000,3060.6000,3060.4000,3063.6000,3063.8000,3064.0000,3064.2000,3064.4000,19,10,3,9,3,1,1,4,2,3
SF,IH2001,2020-01-16 09:30:17.100,3063.2000,17685,0,309894060.000,0,-,-,-,-,3062.0000,3061.8000,3061.6000,3061.0000,3060.6000,3063.4000,3063.6000,3063.8000,3064.0000,3064.2000,12,20,10,3,9,7,2,3,6,2
SF,IH2001,2020-01-16 09:30:17.600,3063.4000,17682,-3,312651120.000,3,0,3,双平,S,3062.8000,3062.4000,3062.2000,3062.0000,3061.8000,3063.4000,3063.6000,3063.8000,3064.0000,3064.2000,1,1,16,10,5,5,1,1,6,2
SF,IH2001,2020-01-16 09:30:18.100,3063.0000,17682,0,314489040.000,2,1,1,多换,S,3063.0000,3062.8000,3062.6000,3062.4000,3062.2000,3063.2000,3063.4000,3063.8000,3064.0000,3064.2000,4,2,10,1,6,1,1,3,6,2
SF,IH2001,2020-01-16 09:30:18.600,3063.4000,17679,-3,317246040.000,3,0,3,双平,S,3063.4000,3063.2000,3063.0000,3062.8000,3062.4000,3063.8000,3064.0000,3064.2000,3064.4000,3064.8000,1,13,4,1,1,3,6,2,3,1
SF,IH2001,2020-01-16 09:30:19.100,3063.4000,17677,-2,319084080.000,2,0,2,双平,S,3063.6000,3063.4000,3063.2000,3062.4000,3062.2000,3063.8000,3064.0000,3064.2000,3064.4000,3064.8000,4,2,13,1,4,2,3,2,3,1
SF,IH2001,2020-01-16 09:30:19.600,3063.8000,17674,-3,321841500.000,3,0,3,双平,S,3063.8000,3063.6000,3063.4000,3063.2000,3063.0000,3064.0000,3064.2000,3064.4000,3064.8000,3065.0000,9,4,2,3,1,3,2,3,1,1
SF,IH2001,2020-01-16 09:30:20.100,3064.0000,17668,-6,327356700.000,6,0,6,双平,S,3064.0000,3063.8000,3063.6000,3063.4000,3063.2000,3064.2000,3064.4000,3064.8000,3065.0000,3065.2000,4,10,1,2,3,2,3,1,1,3
SF,IH2001,2020-01-16 09:30:20.600,3064.2000,17661,-7,336549540.000,10,1,9,多平,S,3064.2000,3064.0000,3063.8000,3063.6000,3063.4000,3064.8000,3065.0000,3065.2000,3065.4000,3065.8000,3,5,1,1,2,1,1,3,6,1
SF,IH2001,2020-01-16 09:30:21.100,3064.0000,17650,-11,350339280.000,15,2,13,多平,S,3063.8000,3063.4000,3063.2000,3063.0000,3062.0000,3064.6000,3065.4000,3065.8000,3066.2000,3066.6000,2,2,3,1,10,1,6,3,1,2
SF,IH2001,2020-01-16 09:30:21.600,3065.2000,17649,-1,352178220.000,2,0,2,多平,S,3064.0000,3063.8000,3063.4000,3063.2000,3063.0000,3064.6000,3065.2000,3065.4000,3065.8000,3066.2000,4,5,2,2,1,2,1,6,3,1
SF,IH2001,2020-01-16 09:30:22.100,3064.6000,17647,-2,354016980.000,2,0,2,双平,S,3064.0000,3063.8000,3063.4000,3063.2000,3063.0000,3064.4000,3064.6000,3064.8000,3065.4000,3065.8000,6,3,2,2,1,1,1,2,6,3
SF,IH2001,2020-01-16 09:30:22.600,3064.2000,17645,-2,355855620.000,2,0,2,双平,S,3064.0000,3063.8000,3063.4000,3063.2000,3063.0000,3064.6000,3064.8000,3065.2000,3065.4000,3065.8000,6,3,2,2,1,1,1,1,6,3
SF,IH2001,2020-01-16 09:30:23.100,3064.4000,17643,-2,357694200.000,2,0,2,双平,S,3064.2000,3064.0000,3063.8000,3063.4000,3063.2000,3064.6000,3064.8000,3065.0000,3065.2000,3065.4000,1,6,3,2,2,3,1,1,1,6
SF,IH2001,2020-01-16 09:30:23.600,3064.6000,17641,-2,359532840.000,2,0,2,双平,S,3064.4000,3064.2000,3064.0000,3063.8000,3063.4000,3064.6000,3064.8000,3065.0000,3065.2000,3065.4000,2,1,5,3,2,2,2,1,1,6
SF,IH2001,2020-01-16 09:30:24.100,3064.4000,17639,-2,361371540.000,2,0,2,双平,S,3064.4000,3064.0000,3063.8000,3063.4000,3063.2000,3064.6000,3064.8000,3065.0000,3065.2000,3065.4000,3,4,3,2,2,1,3,1,1,6
SF,IH2001,2020-01-16 09:30:24.600,3064.6000,17636,-3,365048880.000,4,0,4,多平,S,3064.6000,3064.4000,3064.0000,3063.8000,3063.4000,3064.8000,3065.0000,3065.2000,3065.4000,3065.8000,1,1,3,3,2,3,1,1,6,3
SF,IH2001,2020-01-16 09:30:25.100,3064.6000,17629,-7,371484240.000,7,0,7,双平,S,3064.0000,3063.8000,3063.4000,3063.2000,3063.0000,3064.8000,3065.0000,3065.2000,3065.4000,3065.8000,2,3,2,2,1,3,1,1,5,3
SF,IH2001,2020-01-16 09:30:25.600,3064.8000,17629,0,376081380.000,5,2,3,多换,S,3064.8000,3064.2000,3064.0000,3063.8000,3063.4000,3065.0000,3065.2000,3065.4000,3065.8000,3066.0000,3,2,2,3,2,1,1,5,3,1
SF,IH2001,2020-01-16 09:30:26.100,3064.8000,17628,-1,379759140.000,4,1,3,多平,S,3064.2000,3064.0000,3063.8000,3063.4000,3063.2000,3064.4000,3064.6000,3064.8000,3065.0000,3065.2000,2,2,3,2,2,1,5,2,1,1
SF,IH2001,2020-01-16 09:30:26.600,3064.6000,17624,-4,383436660.000,4,0,4,双平,S,3064.4000,3064.2000,3064.0000,3063.8000,3063.4000,3064.6000,3064.8000,3065.0000,3065.2000,3065.4000,1,2,2,3,2,2,2,1,1,5
SF,IH2001,2020-01-16 09:30:27.100,3064.6000,17620,-4,387114180.000,4,0,4,双平,S,3064.6000,3064.4000,3064.2000,3064.0000,3063.8000,3064.8000,3065.0000,3065.2000,3065.4000,3065.8000,1,1,3,2,3,2,1,1,5,3
SF,IH2001,2020-01-16 09:30:27.600,3064.8000,17615,-5,391711260.000,5,0,5,双平,S,3064.4000,3064.2000,3064.0000,3063.8000,3063.4000,3065.0000,3065.2000,3065.4000,3065.8000,3066.0000,1,3,2,3,1,2,1,5,3,2
SF,IH2001,2020-01-16 09:30:28.100,3064.8000,17615,0,391711260.000,0,-,-,-,-,3064.6000,3064.4000,3064.2000,3064.0000,3063.8000,3065.0000,3065.2000,3065.4000,3065.8000,3066.0000,3,1,3,1,3,2,2,5,3,2
SF,IH2001,2020-01-16 09:30:28.600,3065.0000,17610,-5,396308280.000,5,0,5,双平,S,3064.4000,3064.2000,3064.0000,3063.8000,3063.4000,3065.0000,3065.2000,3065.4000,3065.6000,3065.8000,1,3,1,3,3,1,2,5,2,3
SF,IH2001,2020-01-16 09:30:29.100,3065.0000,17609,-1,398147160.000,2,0,2,多平,S,3064.6000,3064.4000,3064.2000,3064.0000,3063.8000,3065.2000,3065.4000,3065.6000,3065.8000,3066.0000,1,1,3,1,3,3,5,2,3,2
SF,IH2001,2020-01-16 09:30:29.600,3065.2000,17605,-4,401825100.000,4,0,4,双平,S,3064.4000,3064.2000,3064.0000,3063.8000,3063.4000,3065.2000,3065.4000,3065.6000,3065.8000,3066.0000,1,1,1,3,3,2,6,2,3,2
SF,IH2001,2020-01-16 09:30:30.100,3065.2000,17603,-2,403664220.000,2,0,2,双平,S,3064.6000,3064.4000,3064.2000,3064.0000,3063.8000,3065.2000,3065.4000,3065.6000,3065.8000,3066.0000,2,1,1,1,3,1,4,2,3,2
SF,IH2001,2020-01-16 09:30:30.600,3065.2000,17603,0,403664220.000,0,-,-,-,-,3064.6000,3064.4000,3064.2000,3064.0000,3063.8000,3064.8000,3065.2000,3065.4000,3065.6000,3065.8000,2,1,1,1,3,1,4,5,2,3
SF,IH2001,2020-01-16 09:30:31.100,3064.8000,17602,-1,404583660.000,1,0,1,双平,S,3065.0000,3064.8000,3064.6000,3064.4000,3064.2000,3065.2000,3065.4000,3065.6000,3065.8000,3066.0000,1,2,2,1,1,4,5,2,3,2
SF,IH2001,2020-01-16 09:30:31.600,3064.8000,17599,-3,407342040.000,3,0,3,双平,S,3064.6000,3064.4000,3064.2000,3064.0000,3063.8000,3064.8000,3065.0000,3065.2000,3065.4000,3065.6000,3,1,1,1,3,1,5,5,6,2
SF,IH2001,2020-01-16 09:30:32.100,3064.6000,17596,-3,410100180.000,3,0,3,双平,S,3064.4000,3064.2000,3064.0000,3063.8000,3063.4000,3064.6000,3065.0000,3065.2000,3065.4000,3065.6000,1,1,1,3,3,1,4,5,6,2
SF,IH2001,2020-01-16 09:30:32.600,3065.0000,17594,-2,411939060.000,2,0,2,双平,S,3064.8000,3064.6000,3064.4000,3064.2000,3064.0000,3065.2000,3065.4000,3065.6000,3065.8000,3066.0000,1,7,1,1,1,4,6,2,1,2
SF,IH2001,2020-01-16 09:30:33.100,3065.2000,17590,-4,415617300.000,4,0,4,双平,S,3064.8000,3064.6000,3064.4000,3064.2000,3064.0000,3065.2000,3065.4000,3065.6000,3065.8000,3066.0000,1,2,1,1,1,1,6,2,1,2
SF,IH2001,2020-01-16 09:30:33.600,3065.2000,17589,-1,416536860.000,1,0,1,双平,S,3064.8000,3064.6000,3064.4000,3064.2000,3064.0000,3065.4000,3065.6000,3065.8000,3066.0000,3066.2000,1,2,2,1,1,6,2,1,2,1
SF,IH2001,2020-01-16 09:30:34.100,3065.0000,17588,-1,417456360.000,1,0,1,双平,S,3065.0000,3064.8000,3064.6000,3064.4000,3064.2000,3065.2000,3065.4000,3065.6000,3065.8000,3066.0000,2,2,2,2,1,1,6,3,1,3
SF,IH2001,2020-01-16 09:30:34.600,3064.8000,17584,-4,422053860.000,5,0,5,多平,S,3065.2000,3064.8000,3064.6000,3064.4000,3064.2000,3065.4000,3065.6000,3065.8000,3066.0000,3066.2000,1,2,2,2,1,6,3,1,3,1
SF,IH2001,2020-01-16 09:30:35.100,3064.8000,17582,-2,423892860.000,2,0,2,双平,S,3064.8000,3064.6000,3064.4000,3064.2000,3064.0000,3065.2000,3065.4000,3065.6000,3065.8000,3066.0000,1,1,2,1,1,2,6,4,1,3
SF,IH2001,2020-01-16 09:30:35.600,3065.0000,17580,-2,426651420.000,3,0,3,多平,S,3064.8000,3064.6000,3064.4000,3064.2000,3064.0000,3065.0000,3065.2000,3065.4000,3065.6000,3065.8000,1,1,2,1,1,3,1,7,4,1
SF,IH2001,2020-01-16 09:30:36.100,3064.6000,17578,-2,428490240.000,2,0,2,双平,S,3064.8000,3064.4000,3064.2000,3064.0000,3063.8000,3065.0000,3065.2000,3065.4000,3065.6000,3065.8000,3,1,1,1,3,3,1,7,4,1
SF,IH2001,2020-01-16 09:30:36.600,3065.0000,17574,-4,432168060.000,4,0,4,双平,S,3064.4000,3064.2000,3064.0000,3063.8000,3063.4000,3065.0000,3065.2000,3065.4000,3065.6000,3065.8000,1,1,1,3,3,4,1,7,4,1
SF,IH2001,2020-01-16 09:30:37.600,3065.0000,17574,0,432168060.000,0,-,-,-,-,3064.8000,3064.4000,3064.2000,3064.0000,3063.8000,3065.0000,3065.2000,3065.4000,3065.6000,3065.8000,1,1,1,1,3,4,1,6,4,1
SF,IH2001,2020-01-16 09:30:38.100,3064.8000,17573,-1,434006940.000,2,0,2,多平,S,3064.4000,3064.2000,3064.0000,3063.8000,3063.4000,3065.0000,3065.2000,3065.4000,3065.6000,3065.8000,1,1,1,3,3,4,1,6,4,1
SF,IH2001,2020-01-16 09:30:38.600,3064.8000,17573,0,434006940.000,0,-,-,-,-,3064.4000,3064.2000,3064.0000,3063.8000,3063.4000,3065.0000,3065.2000,3065.4000,3065.6000,3065.8000,1,1,1,3,3,5,2,6,4,1
SF,IH2001,2020-01-16 09:30:39.100,3064.4000,17572,-1,434926260.000,1,0,1,双平,S,3064.2000,3064.0000,3063.8000,3063.4000,3063.2000,3064.8000,3065.0000,3065.2000,3065.4000,3065.6000,1,1,3,3,2,1,5,2,6,4
SF,IH2001,2020-01-16 09:30:39.600,3064.4000,17572,0,434926260.000,0,-,-,-,-,3064.4000,3064.2000,3064.0000,3063.8000,3063.4000,3064.8000,3065.0000,3065.2000,3065.4000,3065.6000,3,1,1,3,3,2,5,2,6,4
SF,IH2001,2020-01-16 09:30:40.100,3064.4000,17572,0,434926260.000,0,-,-,-,-,3064.4000,3064.2000,3064.0000,3063.8000,3063.4000,3064.8000,3065.0000,3065.2000,3065.4000,3065.6000,3,1,1,3,3,4,5,3,6,4
SF,IH2001,2020-01-16 09:30:40.600,3064.4000,17570,-2,436764900.000,2,0,2,双平,S,3064.4000,3064.2000,3064.0000,3063.8000,3063.4000,3064.8000,3065.0000,3065.2000,3065.4000,3065.6000,1,1,1,3,3,4,6,3,6,4
SF,IH2001,2020-01-16 09:30:41.100,3064.4000,17567,-3,439522800.000,3,0,3,双平,S,3064.6000,3064.0000,3063.8000,3063.4000,3063.2000,3064.8000,3065.0000,3065.2000,3065.4000,3065.6000,1,1,3,3,2,4,6,3,6,4
SF,IH2001,2020-01-16 09:30:41.600,3064.6000,17566,-1,440442180.000,1,0,1,双平,S,3064.0000,3063.8000,3063.4000,3063.2000,3062.8000,3064.2000,3064.4000,3064.6000,3064.8000,3065.0000,1,3,3,2,2,1,1,4,5,7
SF,IH2001,2020-01-16 09:30:42.100,3064.6000,17563,-3,443200140.000,3,0,3,双平,S,3064.0000,3063.8000,3063.4000,3063.2000,3062.8000,3064.8000,3065.0000,3065.2000,3065.4000,3065.6000,2,3,1,2,2,3,7,2,6,4
SF,IH2001,2020-01-16 09:30:42.600,3064.0000,17562,-1,444119340.000,1,0,1,双平,S,3063.8000,3063.4000,3063.2000,3062.8000,3062.4000,3064.0000,3064.8000,3065.0000,3065.2000,3065.4000,3,1,2,2,10,10,4,7,2,6
SF,IH2001,2020-01-16 09:30:43.100,3063.8000,17547,-15,457907100.000,15,0,15,双平,S,3063.8000,3063.2000,3062.8000,3062.4000,3062.0000,3064.2000,3064.8000,3065.0000,3065.2000,3065.4000,2,2,2,10,10,1,4,7,2,6
SF,IH2001,2020-01-16 09:30:43.600,3063.8000,17546,-1,458826240.000,1,0,1,双平,S,3063.8000,3063.2000,3062.8000,3062.6000,3062.4000,3064.2000,3064.8000,3065.0000,3065.2000,3065.4000,2,2,2,1,10,1,4,7,4,6
SF,IH2001,2020-01-16 09:30:44.100,3064.0000,17545,-1,459745440.000,1,0,1,双平,S,3063.8000,3063.2000,3062.8000,3062.4000,3062.0000,3064.2000,3064.8000,3065.0000,3065.2000,3065.4000,2,2,2,10,10,3,5,7,4,6
SF,IH2001,2020-01-16 09:30:44.600,3064.2000,17542,-3,462502980.000,3,0,3,双平,S,3063.2000,3062.8000,3062.4000,3062.0000,3061.6000,3063.8000,3064.2000,3064.8000,3065.0000,3065.2000,2,2,10,10,1,1,2,5,7,4
SF,IH2001,2020-01-16 09:30:45.100,3064.2000,17542,0,462502980.000,0,-,-,-,-,3063.4000,3063.2000,3062.4000,3062.0000,3061.6000,3063.8000,3064.2000,3064.8000,3065.0000,3065.2000,1,2,10,10,1,1,1,5,7,4
SF,IH2001,2020-01-16 09:30:45.600,3064.2000,17542,0,462502980.000,0,-,-,-,-,3063.4000,3063.2000,3062.4000,3062.0000,3061.6000,3063.8000,3064.2000,3064.8000,3065.0000,3065.2000,1,2,10,10,1,2,1,5,7,4
SF,IH2001,2020-01-16 09:30:46.100,3063.4000,17541,-1,463422000.000,1,0,1,双平,S,3063.2000,3062.4000,3062.0000,3061.6000,3060.6000,3063.8000,3064.2000,3064.8000,3065.0000,3065.2000,2,10,10,1,2,4,1,5,7,4
SF,IH2001,2020-01-16 09:30:46.600,3063.4000,17541,0,463422000.000,0,-,-,-,-,3063.2000,3062.4000,3062.0000,3061.6000,3060.6000,3063.8000,3064.0000,3064.2000,3064.8000,3065.0000,2,10,10,1,2,5,1,1,5,6
SF,IH2001,2020-01-16 09:30:47.100,3063.4000,17540,-1,464341020.000,1,0,1,双平,S,3063.2000,3062.4000,3062.0000,3061.6000,3060.6000,3063.8000,3064.0000,3064.2000,3064.8000,3065.0000,4,10,10,1,2,5,1,1,5,6
SF,IH2001,2020-01-16 09:30:47.600,3063.4000,17540,0,464341020.000,0,-,-,-,-,3063.2000,3062.4000,3062.0000,3061.6000,3060.6000,3063.8000,3064.0000,3064.2000,3064.8000,3065.0000,2,10,10,1,2,5,1,1,5,5
SF,IH2001,2020-01-16 09:30:48.100,3063.2000,17538,-2,466178940.000,2,0,2,双平,S,3062.4000,3062.0000,3061.6000,3060.6000,3060.4000,3063.6000,3063.8000,3064.0000,3064.2000,3064.8000,10,10,1,2,4,1,5,1,1,5
SF,IH2001,2020-01-16 09:30:48.600,3063.2000,17538,0,466178940.000,0,-,-,-,-,3062.6000,3062.4000,3062.0000,3061.6000,3060.6000,3063.4000,3063.6000,3063.8000,3064.0000,3064.2000,6,11,10,1,2,4,1,2,1,1
SF,IH2001,2020-01-16 09:30:49.100,3062.6000,17537,-1,467097720.000,1,0,1,双平,S,3062.6000,3062.4000,3062.0000,3061.6000,3060.6000,3063.2000,3063.4000,3063.6000,3063.8000,3064.0000,3,11,10,1,2,1,4,1,2,1
SF,IH2001,2020-01-16 09:30:49.600,3063.2000,17536,-1,468935580.000,2,0,2,多平,S,3062.4000,3062.0000,3061.6000,3060.6000,3060.4000,3063.2000,3063.4000,3063.6000,3063.8000,3064.0000,10,10,1,2,4,3,1,1,2,1
SF,IH2001,2020-01-16 09:30:50.100,3062.4000,17535,-1,469854300.000,1,0,1,双平,S,3062.4000,3062.0000,3061.6000,3060.6000,3060.4000,3063.2000,3063.4000,3063.6000,3063.8000,3064.0000,9,10,1,2,4,3,1,1,2,1
SF,IH2001,2020-01-16 09:30:51.100,3063.2000,17535,0,470773260.000,1,0,1,多换,S,3062.4000,3062.0000,3061.6000,3060.6000,3060.4000,3063.2000,3063.4000,3063.6000,3063.8000,3064.0000,9,10,1,2,4,2,1,1,2,1
SF,IH2001,2020-01-16 09:30:51.600,3062.6000,17531,-4,474448560.000,4,0,4,双平,S,3062.8000,3062.4000,3062.0000,3061.6000,3060.6000,3063.0000,3063.2000,3063.4000,3063.6000,3063.8000,1,9,10,1,2,2,1,1,1,2
SF,IH2001,2020-01-16 09:30:52.100,3063.4000,17525,-6,479962080.000,6,0,6,双平,S,3063.0000,3062.8000,3062.4000,3062.0000,3061.6000,3063.6000,3063.8000,3064.0000,3064.2000,3064.8000,1,1,9,10,1,1,2,1,1,5
SF,IH2001,2020-01-16 09:30:52.600,3063.4000,17525,0,479962080.000,0,-,-,-,-,3063.2000,3063.0000,3062.4000,3062.0000,3061.6000,3063.6000,3063.8000,3064.0000,3064.2000,3064.6000,1,3,9,10,1,1,2,1,1,2
SF,IH2001,2020-01-16 09:30:53.100,3063.6000,17524,-1,480881160.000,1,0,1,双平,S,3063.2000,3063.0000,3062.4000,3062.0000,3061.6000,3063.8000,3064.0000,3064.2000,3064.6000,3064.8000,1,3,9,10,1,2,1,1,2,4
SF,IH2001,2020-01-16 09:30:54.100,3063.6000,17524,0,480881160.000,0,-,-,-,-,3063.2000,3063.0000,3062.4000,3062.0000,3061.6000,3063.8000,3064.0000,3064.2000,3064.6000,3064.8000,1,3,10,10,1,2,1,1,2,4
SF,IH2001,2020-01-16 09:30:54.600,3063.6000,17524,0,480881160.000,0,-,-,-,-,3063.2000,3063.0000,3062.4000,3062.0000,3061.6000,3063.8000,3064.0000,3064.2000,3064.6000,3064.8000,1,3,10,10,1,2,1,1,2,4
SF,IH2001,2020-01-16 09:30:55.100,3063.8000,17524,0,481800300.000,1,0,1,多换,S,3063.0000,3062.4000,3062.0000,3061.6000,3060.6000,3063.8000,3064.0000,3064.2000,3064.6000,3064.8000,3,10,10,1,2,1,1,1,2,4
SF,IH2001,2020-01-16 09:30:56.100,3063.8000,17524,0,481800300.000,0,-,-,-,-,3063.0000,3062.4000,3062.0000,3061.6000,3060.6000,3063.4000,3063.8000,3064.0000,3064.2000,3064.6000,3,10,10,1,2,1,1,1,1,2
SF,IH2001,2020-01-16 09:30:56.600,3063.2000,17523,-1,483638400.000,2,0,2,多平,S,3063.0000,3062.4000,3062.0000,3061.6000,3060.6000,3063.2000,3063.8000,3064.0000,3064.2000,3064.6000,3,10,10,1,2,1,1,1,1,2
SF,IH2001,2020-01-16 09:30:57.100,3063.8000,17521,-2,485476500.000,2,0,2,双平,S,3063.4000,3063.2000,3063.0000,3062.4000,3062.0000,3064.0000,3064.2000,3064.6000,3064.8000,3065.0000,1,5,2,10,10,1,1,2,3,5
SF,IH2001,2020-01-16 09:30:57.600,3063.8000,17521,0,485476500.000,0,-,-,-,-,3063.4000,3063.2000,3063.0000,3062.4000,3062.0000,3064.0000,3064.2000,3064.6000,3064.8000,3065.0000,1,2,2,10,10,2,1,2,3,5
SF,IH2001,2020-01-16 09:30:58.600,3063.4000,17520,-1,486395520.000,1,0,1,双平,S,3063.2000,3063.0000,3062.4000,3062.0000,3061.6000,3063.8000,3064.0000,3064.2000,3064.6000,3064.8000,2,2,10,10,1,1,2,1,2,3
SF,IH2001,2020-01-16 09:30:59.100,3063.4000,17520,0,486395520.000,0,-,-,-,-,3063.4000,3063.2000,3063.0000,3062.4000,3062.0000,3063.6000,3063.8000,3064.0000,3064.2000,3064.6000,1,3,2,10,10,1,1,2,1,2
SF,IH2001,2020-01-16 09:30:59.600,3063.6000,17517,-3,489152700.000,3,0,3,双平,S,3063.4000,3063.2000,3063.0000,3062.4000,3062.0000,3063.8000,3064.0000,3064.2000,3064.6000,3064.8000,1,3,2,10,10,2,1,1,2,3
SF,IH2001,2020-01-16 09:31:00.100,3063.8000,17516,-1,490990980.000,2,0,2,多平,S,3063.8000,3063.4000,3063.2000,3063.0000,3062.4000,3064.0000,3064.2000,3064.6000,3064.8000,3065.0000,1,2,3,2,10,1,1,2,3,5
SF,IH2001,2020-01-16 09:31:00.600,3064.2000,17513,-3,493748580.000,3,0,3,双平,S,3064.0000,3063.8000,3063.6000,3063.4000,3063.2000,3064.8000,3065.0000,3065.2000,3065.4000,3065.6000,9,1,1,1,3,3,5,4,4,2
SF,IH2001,2020-01-16 09:31:01.100,3064.4000,17510,-3,498345060.000,5,1,4,多平,S,3064.4000,3064.2000,3064.0000,3063.6000,3063.4000,3064.6000,3064.8000,3065.0000,3065.2000,3065.4000,2,2,6,1,1,4,3,5,2,4
SF,IH2001,2020-01-16 09:31:01.600,3064.4000,17504,-6,503860980.000,6,0,6,双平,S,3064.2000,3064.0000,3063.6000,3063.4000,3063.2000,3064.4000,3064.6000,3064.8000,3065.0000,3065.2000,1,5,1,1,2,9,5,4,6,2
SF,IH2001,2020-01-16 09:31:02.100,3064.2000,17494,-10,513971820.000,11,0,11,多平,S,3063.4000,3063.2000,3063.0000,3062.4000,3062.0000,3064.2000,3064.4000,3064.6000,3064.8000,3065.0000,1,2,3,10,10,4,5,2,3,6
SF,IH2001,2020-01-16 09:31:02.600,3063.0000,17490,-4,522242820.000,9,2,7,多平,S,3063.0000,3062.4000,3062.0000,3061.6000,3060.6000,3063.8000,3064.2000,3064.4000,3064.6000,3064.8000,2,10,10,1,2,3,5,1,2,3
SF,IH2001,2020-01-16 09:31:03.100,3063.0000,17489,-1,524080620.000,2,0,2,多平,S,3062.4000,3062.2000,3062.0000,3061.6000,3060.6000,3063.8000,3064.2000,3064.4000,3064.6000,3064.8000,10,2,10,1,2,2,5,1,2,3
SF,IH2001,2020-01-16 09:31:03.600,3063.0000,17489,0,524080620.000,0,-,-,-,-,3062.6000,3062.4000,3062.2000,3062.0000,3061.6000,3063.2000,3063.6000,3063.8000,3064.2000,3064.4000,9,10,2,10,1,3,1,3,4,1
SF,IH2001,2020-01-16 09:31:04.100,3063.2000,17485,-4,528675420.000,5,0,5,多平,S,3063.2000,3062.8000,3062.6000,3062.4000,3062.0000,3063.4000,3063.6000,3063.8000,3064.2000,3064.6000,1,3,5,10,10,1,1,2,4,2
SF,IH2001,2020-01-16 09:31:04.600,3063.2000,17482,-3,532351260.000,4,0,4,多平,S,3063.2000,3062.8000,3062.4000,3062.0000,3061.6000,3063.4000,3063.8000,3064.2000,3064.6000,3064.8000,1,1,10,10,1,1,1,4,1,3
SF,IH2001,2020-01-16 09:31:05.100,3063.2000,17480,-2,534189180.000,2,0,2,双平,S,3062.4000,3062.0000,3061.6000,3060.6000,3060.4000,3063.4000,3063.8000,3064.2000,3064.6000,3064.8000,10,10,1,2,4,1,2,4,1,3
SF,IH2001,2020-01-16 09:31:05.600,3063.2000,17480,0,534189180.000,0,-,-,-,-,3062.8000,3062.6000,3062.4000,3062.0000,3061.6000,3063.0000,3063.8000,3064.2000,3064.6000,3064.8000,2,6,10,10,1,1,2,4,1,3
SF,IH2001,2020-01-16 09:31:06.100,3063.8000,17478,-2,536027220.000,2,0,2,双平,S,3063.0000,3062.8000,3062.6000,3062.4000,3062.0000,3063.8000,3064.2000,3064.8000,3065.0000,3065.2000,3,5,5,10,10,1,4,3,6,2
SF,IH2001,2020-01-16 09:31:06.600,3063.8000,17478,0,536027220.000,0,-,-,-,-,3063.2000,3063.0000,3062.8000,3062.4000,3062.0000,3063.8000,3064.2000,3064.8000,3065.0000,3065.2000,3,3,3,10,10,3,4,3,6,2
SF,IH2001,2020-01-16 09:31:07.100,3063.8000,17477,-1,536946360.000,1,0,1,双平,S,3063.2000,3063.0000,3062.8000,3062.4000,3062.0000,3063.8000,3064.0000,3064.2000,3064.8000,3065.0000,3,3,3,10,10,2,2,4,3,6
SF,IH2001,2020-01-16 09:31:07.600,3063.2000,17476,-1,538784460.000,2,0,2,多平,S,3063.0000,3062.8000,3062.4000,3062.0000,3061.6000,3064.2000,3064.8000,3065.0000,3065.2000,3065.4000,4,3,10,10,1,4,3,6,2,4
SF,IH2001,2020-01-16 09:31:08.100,3063.2000,17476,0,541541340.000,3,1,2,多换,S,3063.4000,3063.2000,3063.0000,3062.8000,3062.6000,3064.0000,3064.2000,3064.8000,3065.0000,3065.2000,1,2,2,1,1,4,6,3,6,2
SF,IH2001,2020-01-16 09:31:08.600,3063.4000,17474,-2,544298400.000,3,0,3,多平,S,3063.0000,3062.8000,3062.6000,3062.4000,3062.0000,3063.4000,3063.8000,3064.0000,3064.2000,3064.8000,2,1,1,10,10,2,1,4,6,3
SF,IH2001,2020-01-16 09:31:09.100,3063.8000,17472,-2,546136560.000,2,0,2,双平,S,3063.2000,3063.0000,3062.8000,3062.6000,3062.4000,3064.0000,3064.2000,3064.8000,3065.0000,3065.2000,1,2,1,1,10,1,6,3,6,2
SF,IH2001,2020-01-16 09:31:09.600,3063.8000,17472,0,546136560.000,0,-,-,-,-,3063.2000,3063.0000,3062.8000,3062.6000,3062.4000,3064.0000,3064.2000,3064.8000,3065.0000,3065.2000,1,2,1,1,10,2,6,3,6,2
SF,IH2001,2020-01-16 09:31:10.100,3063.8000,17472,0,546136560.000,0,-,-,-,-,3063.2000,3063.0000,3062.8000,3062.6000,3062.4000,3063.6000,3063.8000,3064.0000,3064.2000,3064.8000,2,2,1,1,10,1,1,2,6,3
SF,IH2001,2020-01-16 09:31:10.600,3063.8000,17468,-4,549813120.000,4,0,4,双平,S,3063.2000,3063.0000,3062.6000,3062.4000,3062.0000,3063.4000,3064.0000,3064.2000,3064.8000,3065.0000,1,2,1,10,10,1,1,6,3,6
SF,IH2001,2020-01-16 09:31:11.100,3063.4000,17465,-3,554408340.000,5,1,4,多平,S,3063.4000,3063.0000,3062.6000,3062.4000,3062.0000,3063.6000,3064.2000,3064.8000,3065.0000,3065.2000,5,2,1,10,10,1,6,2,6,2
SF,IH2001,2020-01-16 09:31:11.600,3063.6000,17464,-1,556246500.000,2,0,2,多平,S,3063.6000,3063.4000,3063.0000,3062.6000,3062.4000,3064.0000,3064.2000,3064.8000,3065.0000,3065.2000,3,1,2,1,10,1,6,2,6,2
SF,IH2001,2020-01-16 09:31:12.100,3063.6000,17463,-1,557165580.000,1,0,1,双平,S,3063.6000,3063.4000,3063.0000,3062.6000,3062.4000,3064.0000,3064.2000,3064.8000,3065.0000,3065.2000,2,1,2,1,10,3,7,2,6,2
SF,IH2001,2020-01-16 09:31:12.600,3063.6000,17463,0,557165580.000,0,-,-,-,-,3063.8000,3063.6000,3063.4000,3063.0000,3062.6000,3064.0000,3064.2000,3064.8000,3065.0000,3065.2000,1,2,1,2,1,3,6,2,6,2
SF,IH2001,2020-01-16 09:31:13.100,3062.0000,17439,-24,579215400.000,24,0,24,双平,S,3062.0000,3061.6000,3060.6000,3060.4000,3060.2000,3063.6000,3063.8000,3064.0000,3064.2000,3064.8000,2,1,2,4,1,1,4,3,6,2
SF,IH2001,2020-01-16 09:31:13.600,3062.0000,17439,0,579215400.000,0,-,-,-,-,3062.6000,3062.2000,3062.0000,3061.6000,3060.8000,3063.4000,3063.6000,3063.8000,3064.0000,3064.2000,1,3,2,3,1,7,4,5,2,5
SF,IH2001,2020-01-16 09:31:14.100,3063.2000,17437,-2,581053140.000,2,0,2,双平,S,3062.2000,3062.0000,3061.6000,3060.6000,3060.4000,3063.2000,3063.4000,3063.6000,3063.8000,3064.0000,2,2,3,2,4,2,4,3,4,1
SF,IH2001,2020-01-16 09:31:14.600,3063.2000,17436,-1,582891060.000,2,0,2,多平,S,3062.2000,3062.0000,3061.6000,3060.6000,3060.4000,3063.2000,3063.4000,3063.6000,3063.8000,3064.0000,2,2,3,2,4,2,4,3,4,1
SF,IH2001,2020-01-16 09:31:15.100,3063.2000,17434,-2,584728980.000,2,0,2,双平,S,3062.2000,3062.0000,3061.6000,3060.6000,3060.4000,3063.4000,3063.6000,3063.8000,3064.0000,3064.2000,3,2,3,2,4,4,2,4,1,4
SF,IH2001,2020-01-16 09:31:15.600,3062.2000,17428,-6,590241180.000,6,0,6,双平,S,3062.2000,3062.0000,3061.6000,3060.6000,3060.4000,3063.4000,3063.6000,3063.8000,3064.0000,3064.2000,1,2,3,2,4,4,2,4,1,4
SF,IH2001,2020-01-16 09:31:16.100,3062.2000,17404,-24,613200240.000,25,0,25,多平,S,3061.4000,3061.2000,3060.6000,3058.2000,3058.0000,3062.4000,3063.2000,3063.4000,3063.6000,3063.8000,2,2,2,1,1,2,1,5,2,4
SF,IH2001,2020-01-16 09:31:16.600,3063.0000,17401,-3,615956580.000,3,0,3,双平,S,3062.6000,3062.4000,3061.6000,3061.4000,3060.8000,3063.0000,3063.2000,3063.4000,3063.6000,3063.8000,2,1,1,6,1,6,3,6,2,4
SF,IH2001,2020-01-16 09:31:17.100,3062.4000,17396,-5,620550300.000,5,0,5,双平,S,3061.4000,3061.0000,3060.6000,3060.4000,3060.2000,3062.2000,3062.4000,3062.6000,3063.0000,3063.2000,5,2,2,5,1,1,3,3,1,2
SF,IH2001,2020-01-16 09:31:17.600,3062.4000,17395,-1,621469020.000,1,0,1,双平,S,3061.6000,3061.4000,3061.0000,3060.6000,3060.0000,3062.4000,3062.6000,3063.2000,3063.4000,3063.6000,1,1,2,2,2,2,2,2,4,2
SF,IH2001,2020-01-16 09:31:18.100,3062.4000,17394,-1,622387740.000,1,0,1,双平,S,3061.6000,3061.0000,3060.6000,3060.2000,3060.0000,3062.6000,3063.2000,3063.4000,3063.6000,3063.8000,3,2,2,1,3,2,2,3,2,2
SF,IH2001,2020-01-16 09:31:18.600,3062.4000,17393,-1,623306460.000,1,0,1,双平,S,3061.6000,3061.0000,3060.6000,3060.2000,3060.0000,3062.6000,3063.2000,3063.4000,3063.6000,3063.8000,3,2,2,1,3,2,2,3,2,2
SF,IH2001,2020-01-16 09:31:19.100,3062.6000,17392,-1,624225240.000,1,0,1,双平,S,3061.6000,3061.0000,3060.6000,3060.2000,3060.0000,3062.6000,3063.2000,3063.4000,3063.6000,3063.8000,3,2,2,1,3,1,2,3,2,2
SF,IH2001,2020-01-16 09:31:19.600,3062.6000,17392,0,624225240.000,0,-,-,-,-,3061.6000,3061.0000,3060.6000,3060.2000,3060.0000,3062.6000,3063.2000,3063.4000,3063.6000,3063.8000,3,3,2,1,3,1,2,3,2,2
SF,IH2001,2020-01-16 09:31:20.100,3062.6000,17391,-1,625144020.000,1,0,1,双平,S,3062.2000,3061.6000,3061.0000,3060.6000,3060.2000,3063.2000,3063.4000,3063.6000,3063.8000,3064.0000,1,3,3,2,1,2,3,2,2,2
SF,IH2001,2020-01-16 09:31:20.600,3062.6000,17391,0,625144020.000,0,-,-,-,-,3062.4000,3062.2000,3061.8000,3061.6000,3061.0000,3063.2000,3063.4000,3063.6000,3063.8000,3064.0000,1,6,1,1,3,5,2,2,2,2
SF,IH2001,2020-01-16 09:31:21.100,3062.6000,17391,0,625144020.000,0,-,-,-,-,3062.6000,3062.4000,3061.8000,3061.0000,3060.6000,3063.2000,3063.4000,3063.6000,3063.8000,3064.0000,2,2,1,3,2,5,2,2,2,2
SF,IH2001,2020-01-16 09:31:21.600,3062.6000,17391,0,625144020.000,0,-,-,-,-,3062.8000,3062.6000,3062.4000,3061.8000,3061.0000,3063.2000,3063.4000,3063.6000,3063.8000,3064.0000,1,1,2,1,3,4,2,2,2,2
SF,IH2001,2020-01-16 09:31:22.100,3063.2000,17387,-4,628819860.000,4,0,4,双平,S,3063.2000,3063.0000,3062.8000,3062.6000,3062.4000,3063.4000,3063.6000,3063.8000,3064.0000,3064.2000,2,1,1,1,2,2,2,2,2,3
SF,IH2001,2020-01-16 09:31:22.600,3063.2000,17383,-4,632495700.000,4,0,4,双平,S,3062.6000,3062.4000,3061.8000,3061.0000,3060.6000,3063.6000,3063.8000,3064.2000,3064.8000,3065.0000,2,1,1,3,2,3,2,4,1,10
SF,IH2001,2020-01-16 09:31:23.100,3062.6000,17375,-8,641684640.000,10,1,9,多平,S,3062.4000,3061.8000,3061.0000,3060.6000,3060.4000,3063.6000,3063.8000,3064.2000,3064.8000,3065.0000,1,1,3,2,1,1,2,4,1,10
SF,IH2001,2020-01-16 09:31:23.600,3062.6000,17375,0,641684640.000,0,-,-,-,-,3062.6000,3062.4000,3062.0000,3061.8000,3061.6000,3063.2000,3063.4000,3063.8000,3064.0000,3064.2000,3,1,1,1,5,1,2,2,1,4
SF,IH2001,2020-01-16 09:31:24.100,3062.6000,17373,-2,643522320.000,2,0,2,双平,S,3062.6000,3062.4000,3061.8000,3061.6000,3061.2000,3063.2000,3063.4000,3063.8000,3064.2000,3064.4000,2,1,1,5,5,1,2,1,3,2
SF,IH2001,2020-01-16 09:31:24.600,3062.6000,17373,0,643522320.000,0,-,-,-,-,3062.6000,3062.4000,3061.8000,3061.6000,3061.2000,3063.2000,3063.4000,3063.8000,3064.2000,3064.4000,3,1,1,5,5,1,2,1,3,2
SF,IH2001,2020-01-16 09:31:25.100,3063.4000,17372,-1,645360300.000,2,0,2,多平,S,3062.6000,3062.4000,3061.8000,3061.6000,3061.2000,3063.4000,3063.8000,3064.2000,3064.4000,3064.8000,1,1,1,5,5,1,2,3,2,1
SF,IH2001,2020-01-16 09:31:25.600,3063.4000,17371,-1,646279320.000,1,0,1,双平,S,3062.6000,3062.4000,3061.8000,3061.6000,3061.2000,3063.8000,3064.2000,3064.4000,3064.8000,3065.0000,1,1,1,5,5,2,3,2,1,10
SF,IH2001,2020-01-16 09:31:26.100,3062.4000,17367,-4,650872560.000,5,0,5,多平,S,3061.6000,3061.2000,3061.0000,3060.6000,3060.4000,3063.6000,3063.8000,3064.2000,3064.4000,3064.8000,4,5,3,2,1,2,3,3,2,1
SF,IH2001,2020-01-16 09:31:26.600,3062.4000,17367,0,650872560.000,0,-,-,-,-,3063.2000,3062.0000,3061.8000,3061.6000,3061.4000,3063.4000,3063.6000,3063.8000,3064.2000,3064.4000,1,4,9,4,2,14,4,2,3,2
SF,IH2001,2020-01-16 09:31:27.100,3063.2000,17365,-2,652710480.000,2,0,2,双平,S,3062.0000,3061.8000,3061.6000,3061.0000,3060.6000,3062.8000,3063.0000,3063.2000,3063.4000,3063.6000,6,3,4,3,2,1,1,13,1,4
SF,IH2001,2020-01-16 09:31:27.600,3063.2000,17364,-1,653629440.000,1,0,1,双平,S,3062.2000,3062.0000,3061.8000,3061.6000,3061.0000,3062.6000,3062.8000,3063.0000,3063.2000,3063.4000,1,2,2,4,3,1,1,1,7,1
SF,IH2001,2020-01-16 09:31:28.100,3063.0000,17362,-2,656385960.000,3,0,3,多平,S,3062.2000,3062.0000,3061.8000,3061.6000,3061.0000,3063.2000,3063.4000,3063.6000,3063.8000,3064.2000,1,2,2,4,3,7,1,2,2,3
SF,IH2001,2020-01-16 09:31:28.600,3063.0000,17362,0,656385960.000,0,-,-,-,-,3062.2000,3061.8000,3061.6000,3061.0000,3060.6000,3062.6000,3063.2000,3063.4000,3063.6000,3063.8000,3,2,4,4,2,1,7,1,2,2
SF,IH2001,2020-01-16 09:31:29.100,3063.2000,17360,-2,658223700.000,2,0,2,双平,S,3063.0000,3062.8000,3062.6000,3062.2000,3061.8000,3063.2000,3063.4000,3063.6000,3063.8000,3064.2000,1,1,2,1,2,6,1,2,2,3
SF,IH2001,2020-01-16 09:31:29.600,3062.8000,17357,-3,660980340.000,3,0,3,双平,S,3062.6000,3062.2000,3062.0000,3061.8000,3061.6000,3062.8000,3063.0000,3063.2000,3063.4000,3063.6000,1,1,1,2,4,4,8,2,1,2
SF,IH2001,2020-01-16 09:31:30.100,3062.8000,17354,-3,663736800.000,3,0,3,双平,S,3062.2000,3062.0000,3061.8000,3061.6000,3061.0000,3062.6000,3062.8000,3063.0000,3063.2000,3063.4000,1,1,2,4,4,1,2,4,2,1
SF,IH2001,2020-01-16 09:31:30.600,3062.4000,17350,-4,667411980.000,4,0,4,双平,S,3062.0000,3061.8000,3061.6000,3061.0000,3060.6000,3063.0000,3063.2000,3063.4000,3063.6000,3063.8000,1,2,4,4,2,5,2,1,2,2
SF,IH2001,2020-01-16 09:31:31.100,3062.4000,17350,0,667411980.000,0,-,-,-,-,3062.0000,3061.8000,3061.6000,3061.0000,3060.6000,3063.0000,3063.2000,3063.6000,3063.8000,3064.2000,3,2,4,4,2,5,2,2,2,3
SF,IH2001,2020-01-16 09:31:31.600,3062.2000,17351,1,668330640.000,1,1,0,双开,S,3062.0000,3061.8000,3061.6000,3061.0000,3060.6000,3062.8000,3063.0000,3063.2000,3063.6000,3063.8000,3,3,4,4,2,1,5,2,2,2
SF,IH2001,2020-01-16 09:31:32.100,3062.2000,17351,0,668330640.000,0,-,-,-,-,3062.0000,3061.8000,3061.6000,3061.0000,3060.6000,3062.8000,3063.0000,3063.2000,3063.6000,3063.8000,2,3,4,4,2,1,5,2,1,2
SF,IH2001,2020-01-16 09:31:32.600,3062.2000,17351,0,668330640.000,0,-,-,-,-,3062.0000,3061.8000,3061.6000,3061.0000,3060.6000,3062.8000,3063.0000,3063.2000,3063.6000,3063.8000,2,2,4,4,2,2,5,2,1,2
SF,IH2001,2020-01-16 09:31:33.100,3062.0000,17351,0,669249240.000,1,0,1,多换,S,3061.8000,3061.6000,3061.0000,3060.6000,3060.2000,3062.8000,3063.0000,3063.2000,3063.6000,3063.8000,2,4,4,2,1,2,5,2,1,2
SF,IH2001,2020-01-16 09:31:33.600,3062.0000,17351,0,669249240.000,0,-,-,-,-,3061.8000,3061.6000,3061.0000,3060.6000,3060.2000,3062.8000,3063.0000,3063.2000,3063.6000,3063.8000,2,3,4,2,1,3,5,2,1,2
SF,IH2001,2020-01-16 09:31:34.100,3062.0000,17351,0,669249240.000,0,-,-,-,-,3061.8000,3061.6000,3061.0000,3060.6000,3060.2000,3062.8000,3063.0000,3063.2000,3063.6000,3063.8000,3,3,4,2,1,2,5,2,1,2
SF,IH2001,2020-01-16 09:31:34.600,3061.8000,17350,-1,671086620.000,2,0,2,多平,S,3061.8000,3061.6000,3061.0000,3060.6000,3060.2000,3062.8000,3063.0000,3063.2000,3063.6000,3063.8000,2,3,3,2,1,1,5,2,1,2
SF,IH2001,2020-01-16 09:31:35.100,3061.8000,17349,-1,672005160.000,1,0,1,双平,S,3061.8000,3061.6000,3061.0000,3060.6000,3060.2000,3062.6000,3062.8000,3063.0000,3063.2000,3063.6000,1,3,3,2,1,3,2,5,1,1
SF,IH2001,2020-01-16 09:31:35.600,3061.8000,17349,0,672005160.000,0,-,-,-,-,3061.8000,3061.6000,3061.0000,3060.6000,3060.2000,3062.6000,3062.8000,3063.0000,3063.2000,3063.6000,1,3,3,2,1,4,2,5,1,1
SF,IH2001,2020-01-16 09:31:36.100,3062.6000,17349,0,672923940.000,1,0,1,多换,S,3061.8000,3061.6000,3061.0000,3060.6000,3060.2000,3062.6000,3062.8000,3063.0000,3063.2000,3063.6000,1,3,3,2,1,5,2,5,1,1
SF,IH2001,2020-01-16 09:31:36.600,3062.6000,17349,0,672923940.000,0,-,-,-,-,3062.0000,3061.8000,3061.6000,3061.0000,3060.6000,3062.6000,3062.8000,3063.0000,3063.2000,3063.6000,1,1,3,3,2,5,3,5,1,1
SF,IH2001,2020-01-16 09:31:37.100,3062.6000,17348,-1,673842720.000,1,0,1,双平,S,3062.0000,3061.8000,3061.6000,3061.0000,3060.6000,3062.6000,3062.8000,3063.0000,3063.6000,3063.8000,1,1,3,3,2,3,3,5,1,2
SF,IH2001,2020-01-16 09:31:37.600,3062.6000,17347,-1,674761500.000,1,0,1,双平,S,3062.0000,3061.8000,3061.6000,3061.0000,3060.6000,3062.6000,3062.8000,3063.0000,3063.6000,3063.8000,1,1,3,3,2,2,2,4,1,2
SF,IH2001,2020-01-16 09:31:38.100,3062.6000,17346,-1,675680280.000,1,0,1,双平,S,3062.2000,3062.0000,3061.8000,3061.6000,3061.0000,3062.6000,3062.8000,3063.0000,3063.6000,3063.8000,2,1,1,3,3,1,2,4,1,2
SF,IH2001,2020-01-16 09:31:38.600,3062.6000,17345,-1,676599060.000,1,0,1,双平,S,3062.2000,3061.8000,3061.6000,3061.0000,3060.6000,3062.8000,3063.0000,3063.6000,3063.8000,3064.0000,2,1,3,3,2,1,4,1,2,2
SF,IH2001,2020-01-16 09:31:39.100,3062.4000,17342,-3,681193200.000,5,1,4,多平,S,3062.4000,3062.2000,3062.0000,3061.8000,3061.6000,3063.0000,3063.6000,3063.8000,3064.0000,3064.2000,1,2,1,1,3,1,1,2,2,3
SF,IH2001,2020-01-16 09:31:39.600,3063.0000,17342,0,682112100.000,1,0,1,多换,S,3062.6000,3062.4000,3062.2000,3062.0000,3061.8000,3063.6000,3063.8000,3064.0000,3064.2000,3064.4000,2,1,2,1,1,1,2,2,3,2
SF,IH2001,2020-01-16 09:31:40.100,3063.0000,17342,0,682112100.000,0,-,-,-,-,3062.6000,3062.2000,3062.0000,3061.8000,3061.6000,3062.8000,3063.6000,3063.8000,3064.0000,3064.2000,3,2,1,1,3,1,3,2,2,3
SF,IH2001,2020-01-16 09:31:40.600,3062.8000,17340,-2,683949780.000,2,0,2,双平,S,3063.0000,3062.8000,3062.6000,3062.2000,3062.0000,3063.6000,3063.8000,3064.0000,3064.2000,3064.4000,2,4,2,2,1,1,2,2,3,2
SF,IH2001,2020-01-16 09:31:41.100,3063.0000,17338,-2,685787520.000,2,0,2,双平,S,3062.8000,3062.6000,3062.2000,3062.0000,3061.8000,3063.6000,3063.8000,3064.0000,3064.2000,3064.4000,3,2,2,1,1,4,2,2,3,2
SF,IH2001,2020-01-16 09:31:41.600,3063.0000,17338,0,685787520.000,0,-,-,-,-,3062.8000,3062.6000,3062.2000,3062.0000,3061.8000,3063.4000,3063.6000,3063.8000,3064.0000,3064.2000,3,1,2,1,1,3,3,2,2,3
SF,IH2001,2020-01-16 09:31:42.100,3063.0000,17338,0,685787520.000,0,-,-,-,-,3062.8000,3062.2000,3062.0000,3061.8000,3061.6000,3063.2000,3063.4000,3063.6000,3063.8000,3064.0000,3,2,1,1,3,1,3,3,2,2
SF,IH2001,2020-01-16 09:31:42.600,3062.8000,17336,-2,687625200.000,2,0,2,双平,S,3062.8000,3062.2000,3062.0000,3061.8000,3061.6000,3063.2000,3063.4000,3063.6000,3063.8000,3064.0000,2,2,1,1,3,1,3,3,2,2
SF,IH2001,2020-01-16 09:31:43.100,3063.0000,17333,-3,690381780.000,3,0,3,双平,S,3062.2000,3062.0000,3061.8000,3061.6000,3061.0000,3063.2000,3063.4000,3063.6000,3063.8000,3064.0000,2,1,1,3,3,1,3,2,2,2
SF,IH2001,2020-01-16 09:31:43.600,3063.2000,17332,-1,691300740.000,1,0,1,双平,S,3062.2000,3062.0000,3061.8000,3061.6000,3061.0000,3063.2000,3063.4000,3063.6000,3063.8000,3064.0000,3,1,1,3,3,1,3,2,2,2
SF,IH2001,2020-01-16 09:31:44.100,3063.2000,17332,0,691300740.000,0,-,-,-,-,3062.4000,3062.2000,3062.0000,3061.8000,3061.6000,3063.2000,3063.4000,3063.6000,3063.8000,3064.0000,1,3,1,1,3,2,3,1,2,2
SF,IH2001,2020-01-16 09:31:44.600,3063.2000,17332,0,691300740.000,0,-,-,-,-,3062.4000,3062.2000,3062.0000,3061.8000,3061.6000,3063.2000,3063.4000,3063.6000,3063.8000,3064.0000,2,3,1,1,3,1,3,1,2,2
SF,IH2001,2020-01-16 09:31:45.100,3063.4000,17330,-2,693138720.000,2,0,2,双平,S,3062.6000,3062.4000,3062.2000,3062.0000,3061.8000,3063.4000,3063.6000,3063.8000,3064.0000,3064.2000,1,2,3,1,1,2,1,2,2,3
SF,IH2001,2020-01-16 09:31:46.100,3063.4000,17330,0,693138720.000,0,-,-,-,-,3062.4000,3062.2000,3062.0000,3061.8000,3061.6000,3063.4000,3063.6000,3063.8000,3064.0000,3064.2000,2,3,1,1,3,2,1,2,2,3
SF,IH2001,2020-01-16 09:31:46.600,3063.4000,17330,0,693138720.000,0,-,-,-,-,3062.4000,3062.2000,3062.0000,3061.8000,3061.6000,3062.6000,3063.4000,3063.6000,3063.8000,3064.0000,3,3,1,1,3,1,2,1,2,2
SF,IH2001,2020-01-16 09:31:47.100,3063.4000,17329,-1,694976520.000,2,0,2,多平,S,3062.6000,3062.4000,3062.2000,3062.0000,3061.8000,3063.4000,3063.6000,3063.8000,3064.0000,3064.2000,6,1,2,1,1,1,1,2,2,3
SF,IH2001,2020-01-16 09:31:47.600,3063.4000,17328,-1,695895540.000,1,0,1,双平,S,3062.6000,3062.2000,3061.8000,3061.6000,3061.0000,3063.4000,3063.6000,3063.8000,3064.0000,3064.2000,4,2,1,3,3,2,1,2,2,3
SF,IH2001,2020-01-16 09:31:48.100,3062.6000,17324,-4,699570660.000,4,0,4,双平,S,3062.2000,3061.8000,3061.6000,3061.0000,3060.6000,3063.2000,3063.4000,3063.6000,3063.8000,3064.0000,2,1,3,3,2,2,3,1,2,2
SF,IH2001,2020-01-16 09:31:48.600,3062.6000,17324,0,699570660.000,0,-,-,-,-,3062.2000,3061.8000,3061.6000,3061.0000,3060.6000,3063.2000,3063.4000,3063.6000,3063.8000,3064.0000,2,1,3,3,2,3,3,1,2,2
SF,IH2001,2020-01-16 09:31:49.100,3062.6000,17324,0,699570660.000,0,-,-,-,-,3062.4000,3062.2000,3061.8000,3061.6000,3061.0000,3063.0000,3063.2000,3063.4000,3063.6000,3063.8000,1,2,1,3,3,11,3,3,1,2
SF,IH2001,2020-01-16 09:31:49.600,3062.6000,17324,0,699570660.000,0,-,-,-,-,3062.8000,3062.4000,3062.2000,3061.8000,3061.6000,3063.0000,3063.2000,3063.4000,3063.6000,3063.8000,1,1,2,1,3,2,2,3,1,2
SF,IH2001,2020-01-16 09:31:50.100,3062.8000,17322,-2,701408340.000,2,0,2,双平,S,3062.4000,3062.2000,3061.8000,3061.6000,3061.0000,3062.8000,3063.0000,3063.2000,3063.4000,3063.6000,1,2,1,3,3,5,2,2,3,1
SF,IH2001,2020-01-16 09:31:50.600,3062.8000,17322,0,701408340.000,0,-,-,-,-,3062.6000,3062.4000,3062.2000,3061.8000,3061.6000,3062.8000,3063.2000,3063.4000,3063.6000,3063.8000,1,1,2,1,3,5,2,1,1,2
SF,IH2001,2020-01-16 09:31:51.100,3062.6000,17321,-1,702327120.000,1,0,1,双平,S,3062.4000,3062.2000,3061.8000,3061.6000,3061.0000,3062.6000,3062.8000,3063.2000,3063.4000,3063.6000,1,3,1,3,3,2,6,1,1,1
SF,IH2001,2020-01-16 09:31:51.600,3062.6000,17320,-1,703245900.000,1,0,1,双平,S,3062.4000,3062.2000,3061.8000,3061.6000,3061.0000,3062.6000,3062.8000,3063.2000,3063.4000,3063.6000,1,3,1,3,3,1,5,1,1,1
SF,IH2001,2020-01-16 09:31:52.100,3062.6000,17320,0,703245900.000,0,-,-,-,-,3062.4000,3062.2000,3061.8000,3061.6000,3061.0000,3062.6000,3062.8000,3063.2000,3063.4000,3063.6000,1,3,1,3,3,2,5,1,1,1
SF,IH2001,2020-01-16 09:31:53.100,3062.6000,17319,-1,704164680.000,1,0,1,双平,S,3062.4000,3062.2000,3061.8000,3061.6000,3061.0000,3062.6000,3062.8000,3063.2000,3063.4000,3063.6000,1,3,1,3,3,1,5,1,1,1
SF,IH2001,2020-01-16 09:31:53.600,3062.6000,17319,0,704164680.000,0,-,-,-,-,3062.4000,3062.2000,3061.8000,3061.6000,3061.0000,3062.8000,3063.2000,3063.4000,3063.6000,3063.8000,1,3,1,3,3,5,1,1,1,2
SF,IH2001,2020-01-16 09:31:54.100,3062.6000,17319,0,704164680.000,0,-,-,-,-,3062.6000,3062.4000,3062.2000,3061.8000,3061.6000,3062.8000,3063.2000,3063.4000,3063.6000,3063.8000,4,1,2,1,3,6,1,1,1,2
SF,IH2001,2020-01-16 09:31:54.600,3062.6000,17315,-4,707839800.000,4,0,4,双平,S,3062.4000,3062.2000,3061.8000,3061.6000,3061.0000,3062.8000,3063.0000,3063.2000,3063.4000,3063.6000,1,2,1,3,3,5,1,1,1,1
SF,IH2001,2020-01-16 09:31:55.100,3062.6000,17315,0,707839800.000,0,-,-,-,-,3062.4000,3062.2000,3061.8000,3061.6000,3061.0000,3062.8000,3063.0000,3063.2000,3063.4000,3063.6000,1,1,1,3,3,4,1,1,1,1
SF,IH2001,2020-01-16 09:31:55.600,3062.8000,17314,-1,708758640.000,1,0,1,双平,S,3062.4000,3062.2000,3061.8000,3061.6000,3061.0000,3062.8000,3063.0000,3063.2000,3063.4000,3063.6000,1,1,1,3,3,3,1,1,1,1
SF,IH2001,2020-01-16 09:31:56.100,3062.8000,17313,-1,709677480.000,1,0,1,双平,S,3062.6000,3062.4000,3062.2000,3061.6000,3061.0000,3062.8000,3063.0000,3063.2000,3063.4000,3063.6000,2,1,1,3,3,2,1,1,1,1
SF,IH2001,2020-01-16 09:31:56.600,3062.2000,17310,-3,712433700.000,3,0,3,双平,S,3062.0000,3061.6000,3061.0000,3060.6000,3060.4000,3062.6000,3062.8000,3063.0000,3063.2000,3063.4000,1,3,3,3,2,2,2,1,1,1
SF,IH2001,2020-01-16 09:31:57.100,3062.2000,17310,0,712433700.000,0,-,-,-,-,3062.2000,3062.0000,3061.0000,3060.6000,3060.4000,3062.6000,3062.8000,3063.0000,3063.2000,3063.4000,2,1,3,3,2,2,2,1,1,1
SF,IH2001,2020-01-16 09:31:57.600,3062.2000,17306,-4,716108340.000,4,0,4,双平,S,3062.0000,3061.0000,3060.6000,3060.4000,3060.2000,3062.2000,3062.4000,3062.6000,3062.8000,3063.0000,1,3,3,2,1,2,2,3,1,1
SF,IH2001,2020-01-16 09:31:58.100,3062.0000,17302,-4,719782740.000,4,0,4,双平,S,3061.0000,3060.6000,3060.4000,3060.2000,3060.0000,3062.0000,3062.4000,3062.6000,3062.8000,3063.0000,3,3,2,1,8,1,2,1,1,1
SF,IH2001,2020-01-16 09:31:58.600,3062.4000,17302,0,720701460.000,1,0,1,多换,S,3061.2000,3061.0000,3060.6000,3060.4000,3060.2000,3062.0000,3062.4000,3062.6000,3062.8000,3063.0000,3,4,3,2,1,1,1,1,1,1
SF,IH2001,2020-01-16 09:31:59.100,3062.4000,17300,-2,722538780.000,2,0,2,双平,S,3062.2000,3062.0000,3061.2000,3061.0000,3060.6000,3062.6000,3062.8000,3063.0000,3063.2000,3063.4000,1,1,3,4,3,1,1,1,1,1
SF,IH2001,2020-01-16 09:31:59.600,3062.2000,17297,-3,725294700.000,3,0,3,双平,S,3061.6000,3061.2000,3061.0000,3060.6000,3060.4000,3062.2000,3062.6000,3062.8000,3063.0000,3063.2000,1,3,3,3,2,2,1,2,1,1
SF,IH2001,2020-01-16 09:32:00.100,3062.2000,17293,-4,728969340.000,4,0,4,双平,S,3061.6000,3061.2000,3061.0000,3060.6000,3060.4000,3062.6000,3063.0000,3063.2000,3063.6000,3063.8000,1,3,3,3,2,1,1,1,1,2
SF,IH2001,2020-01-16 09:32:00.600,3062.6000,17290,-3,731725680.000,3,0,3,双平,S,3062.6000,3061.2000,3061.0000,3060.6000,3060.4000,3063.0000,3063.2000,3063.4000,3063.6000,3063.8000,1,3,3,3,2,1,1,2,1,2
SF,IH2001,2020-01-16 09:32:01.100,3062.4000,17287,-3,734481780.000,3,0,3,双平,S,3061.4000,3061.2000,3061.0000,3060.6000,3060.4000,3062.4000,3062.6000,3062.8000,3063.0000,3063.2000,8,2,3,3,2,1,9,2,1,1
SF,IH2001,2020-01-16 09:32:01.600,3061.6000,17287,0,735400260.000,1,0,1,多换,S,3061.4000,3061.2000,3061.0000,3060.6000,3060.4000,3062.2000,3062.4000,3062.6000,3062.8000,3063.0000,2,2,3,3,2,2,4,6,1,1
SF,IH2001,2020-01-16 09:32:02.100,3062.0000,17286,-1,736318860.000,1,0,1,双平,S,3061.4000,3061.2000,3061.0000,3060.6000,3060.4000,3062.0000,3062.2000,3062.4000,3062.6000,3062.8000,2,1,3,3,2,2,3,4,6,2
SF,IH2001,2020-01-16 09:32:02.600,3061.4000,17286,0,737237280.000,1,0,1,多换,S,3061.4000,3061.2000,3061.0000,3060.6000,3060.4000,3061.8000,3062.0000,3062.2000,3062.4000,3062.6000,1,1,3,3,2,1,2,2,4,5
SF,IH2001,2020-01-16 09:32:03.100,3061.6000,17283,-3,739992540.000,3,0,3,双平,S,3061.0000,3060.6000,3060.4000,3060.2000,3058.8000,3061.6000,3061.8000,3062.0000,3062.2000,3062.4000,3,3,2,1,1,1,1,2,2,3
SF,IH2001,2020-01-16 09:32:03.600,3061.6000,17283,0,739992540.000,0,-,-,-,-,3061.0000,3060.6000,3060.4000,3060.2000,3058.8000,3061.4000,3061.6000,3062.0000,3062.2000,3062.4000,3,1,2,1,1,1,1,2,2,3
SF,IH2001,2020-01-16 09:32:04.100,3061.0000,17283,0,740910840.000,1,0,1,多换,S,3061.0000,3060.6000,3060.2000,3058.8000,3058.2000,3061.4000,3061.6000,3062.0000,3062.2000,3062.4000,2,1,1,1,1,2,1,2,2,3
SF,IH2001,2020-01-16 09:32:04.600,3061.2000,17282,-1,741829200.000,1,0,1,双平,S,3061.0000,3060.6000,3060.2000,3058.8000,3058.2000,3061.4000,3061.6000,3062.0000,3062.2000,3062.4000,2,1,1,1,1,3,1,2,2,3
SF,IH2001,2020-01-16 09:32:05.100,3061.2000,17279,-3,744584160.000,3,0,3,双平,S,3060.6000,3060.2000,3058.8000,3058.2000,3058.0000,3061.2000,3061.4000,3062.0000,3062.2000,3062.4000,1,2,1,1,1,2,3,2,2,3
SF,IH2001,2020-01-16 09:32:05.600,3061.2000,17279,0,744584160.000,0,-,-,-,-,3060.6000,3060.2000,3058.8000,3058.2000,3058.0000,3061.0000,3061.2000,3061.4000,3062.0000,3062.2000,1,2,1,1,1,1,3,1,3,2
SF,IH2001,2020-01-16 09:32:06.100,3060.6000,17279,0,745502340.000,1,0,1,多换,S,3060.2000,3058.8000,3058.2000,3058.0000,3057.0000,3061.0000,3061.2000,3061.4000,3062.0000,3062.2000,2,1,1,1,8,2,2,1,3,2
SF,IH2001,2020-01-16 09:32:06.600,3060.6000,17279,0,745502340.000,0,-,-,-,-,3060.2000,3059.8000,3059.6000,3059.0000,3058.8000,3060.6000,3060.8000,3061.0000,3061.2000,3061.4000,2,1,1,7,1,1,2,3,2,1
SF,IH2001,2020-01-16 09:32:07.100,3060.2000,17278,-1,748256760.000,3,1,2,多平,S,3060.2000,3059.8000,3059.6000,3059.0000,3058.8000,3060.4000,3060.6000,3060.8000,3061.2000,3061.4000,1,1,1,7,1,3,1,1,1,1
SF,IH2001,2020-01-16 09:32:07.600,3060.4000,17273,-5,752847360.000,5,0,5,双平,S,3060.4000,3060.2000,3060.0000,3059.8000,3059.6000,3060.8000,3061.0000,3061.2000,3061.4000,3062.0000,5,1,1,1,1,1,10,1,1,1
SF,IH2001,2020-01-16 09:32:08.100,3060.2000,17271,-2,755601660.000,3,0,3,多平,S,3060.0000,3059.8000,3059.6000,3058.8000,3058.2000,3060.8000,3061.0000,3061.2000,3061.4000,3062.0000,1,1,1,1,1,1,10,1,1,1
SF,IH2001,2020-01-16 09:32:08.600,3060.2000,17271,0,755601660.000,0,-,-,-,-,3060.0000,3059.8000,3059.6000,3058.8000,3058.2000,3060.8000,3061.0000,3061.2000,3061.4000,3062.0000,1,1,1,1,1,2,11,1,1,1
SF,IH2001,2020-01-16 09:32:09.100,3060.2000,17271,0,755601660.000,0,-,-,-,-,3060.0000,3059.8000,3059.6000,3058.8000,3058.2000,3060.8000,3061.0000,3061.2000,3061.4000,3062.0000,1,1,1,1,1,2,11,1,1,1
SF,IH2001,2020-01-16 09:32:09.600,3060.2000,17271,0,755601660.000,0,-,-,-,-,3059.6000,3058.8000,3058.2000,3058.0000,3056.0000,3060.4000,3060.8000,3061.0000,3061.2000,3061.4000,1,1,1,1,1,1,2,20,1,1
SF,IH2001,2020-01-16 09:32:10.100,3060.2000,17271,0,756519720.000,1,0,1,多换,S,3059.6000,3058.8000,3058.2000,3058.0000,3056.0000,3060.0000,3060.2000,3060.4000,3060.8000,3061.0000,1,1,1,1,1,1,1,3,1,20
SF,IH2001,2020-01-16 09:32:10.600,3060.2000,17271,0,757437780.000,1,0,1,多换,S,3059.6000,3058.8000,3058.2000,3058.0000,3056.0000,3060.0000,3060.2000,3060.4000,3060.8000,3061.0000,1,1,1,1,1,2,1,3,1,20
SF,IH2001,2020-01-16 09:32:11.100,3058.8000,17267,-4,761109180.000,4,0,4,双平,S,3058.6000,3058.2000,3058.0000,3056.0000,3055.2000,3060.0000,3060.2000,3060.4000,3060.8000,3061.0000,1,1,1,1,2,2,1,2,1,20
SF,IH2001,2020-01-16 09:32:11.600,3058.8000,17266,-1,762944700.000,2,0,2,多平,S,3058.8000,3058.6000,3058.4000,3058.2000,3058.0000,3059.6000,3059.8000,3060.0000,3060.2000,3060.4000,1,1,2,1,3,1,2,4,2,2
SF,IH2001,2020-01-16 09:32:12.100,3060.0000,17264,-2,764780640.000,2,0,2,双平,S,3059.0000,3058.8000,3058.6000,3058.4000,3058.2000,3060.0000,3060.2000,3060.4000,3060.8000,3061.4000,4,1,1,1,1,1,2,2,1,1
SF,IH2001,2020-01-16 09:32:12.600,3060.2000,17263,-1,765698700.000,1,0,1,双平,S,3059.2000,3059.0000,3058.8000,3058.6000,3058.4000,3060.0000,3060.2000,3060.4000,3060.8000,3061.4000,1,4,1,1,1,1,1,2,1,1
SF,IH2001,2020-01-16 09:32:13.100,3060.2000,17260,-3,768452820.000,3,0,3,双平,S,3059.4000,3059.2000,3058.8000,3058.6000,3058.4000,3060.0000,3060.4000,3060.8000,3061.4000,3062.0000,3,2,1,1,1,1,2,1,1,1
SF,IH2001,2020-01-16 09:32:13.600,3060.4000,17258,-2,770288940.000,2,0,2,双平,S,3059.6000,3059.4000,3059.2000,3058.8000,3058.6000,3060.4000,3060.8000,3061.4000,3062.0000,3062.4000,1,3,1,1,1,1,1,1,1,2
SF,IH2001,2020-01-16 09:32:14.100,3059.8000,17257,-1,772125000.000,2,0,2,多平,S,3059.8000,3059.6000,3059.2000,3058.8000,3058.6000,3060.8000,3061.4000,3062.0000,3062.4000,3062.8000,3,1,1,1,1,1,1,1,2,2
SF,IH2001,2020-01-16 09:32:14.600,3060.6000,17256,-1,773043180.000,1,0,1,双平,S,3059.8000,3059.6000,3059.2000,3058.6000,3058.4000,3060.8000,3061.4000,3062.0000,3062.4000,3062.8000,3,1,1,1,1,2,1,1,2,2
SF,IH2001,2020-01-16 09:32:15.100,3060.6000,17256,0,773043180.000,0,-,-,-,-,3060.0000,3059.8000,3059.6000,3059.2000,3058.6000,3060.8000,3061.0000,3061.4000,3062.0000,3062.4000,1,3,2,1,1,3,1,1,1,2
SF,IH2001,2020-01-16 09:32:15.600,3060.6000,17256,0,773043180.000,0,-,-,-,-,3060.2000,3060.0000,3059.6000,3059.2000,3058.6000,3060.8000,3061.0000,3061.4000,3062.0000,3062.4000,3,1,2,1,1,3,2,1,1,2
SF,IH2001,2020-01-16 09:32:16.100,3060.2000,17255,-1,773961240.000,1,0,1,双平,S,3060.2000,3060.0000,3059.6000,3059.2000,3058.6000,3060.8000,3061.0000,3061.4000,3062.0000,3062.4000,2,1,2,1,1,2,2,1,1,2
SF,IH2001,2020-01-16 09:32:16.600,3060.2000,17255,0,773961240.000,0,-,-,-,-,3060.2000,3060.0000,3059.6000,3059.2000,3058.6000,3060.8000,3061.0000,3061.4000,3062.0000,3062.4000,2,1,2,1,1,2,2,1,1,2
SF,IH2001,2020-01-16 09:32:17.100,3060.2000,17255,0,773961240.000,0,-,-,-,-,3060.2000,3060.0000,3059.6000,3059.2000,3058.6000,3060.6000,3060.8000,3061.0000,3061.4000,3062.0000,2,1,2,1,1,1,2,2,1,1
SF,IH2001,2020-01-16 09:32:17.600,3060.2000,17255,0,773961240.000,0,-,-,-,-,3060.2000,3060.0000,3059.6000,3059.2000,3058.6000,3060.6000,3060.8000,3061.0000,3061.4000,3062.0000,2,1,3,1,1,1,2,2,1,1
SF,IH2001,2020-01-16 09:32:18.100,3060.2000,17255,0,773961240.000,0,-,-,-,-,3060.2000,3060.0000,3059.6000,3059.2000,3058.6000,3060.6000,3060.8000,3061.0000,3061.4000,3062.0000,2,1,3,1,1,1,2,2,1,1
SF,IH2001,2020-01-16 09:32:18.600,3060.2000,17254,-1,774879300.000,1,0,1,双平,S,3060.2000,3060.0000,3059.6000,3059.2000,3058.6000,3060.6000,3060.8000,3061.0000,3061.4000,3062.0000,1,1,3,1,1,2,1,2,1,1
SF,IH2001,2020-01-16 09:32:19.100,3060.2000,17254,0,774879300.000,0,-,-,-,-,3060.2000,3060.0000,3059.6000,3059.2000,3058.6000,3060.6000,3060.8000,3061.0000,3061.4000,3062.0000,1,1,3,1,1,2,2,2,1,1
SF,IH2001,2020-01-16 09:32:19.600,3060.2000,17254,0,774879300.000,0,-,-,-,-,3060.0000,3059.6000,3059.2000,3058.6000,3058.2000,3060.6000,3060.8000,3061.0000,3061.4000,3062.0000,1,3,1,1,1,2,2,2,1,1
SF,IH2001,2020-01-16 09:32:20.100,3060.6000,17253,-1,775797480.000,1,0,1,双平,S,3060.4000,3059.6000,3059.2000,3058.6000,3058.2000,3060.6000,3060.8000,3061.0000,3061.4000,3062.0000,1,3,1,1,1,1,2,2,1,1
SF,IH2001,2020-01-16 09:32:20.600,3060.6000,17252,-1,776715660.000,1,0,1,双平,S,3060.6000,3060.4000,3059.6000,3059.2000,3058.6000,3060.8000,3061.0000,3061.4000,3062.0000,3062.4000,1,1,3,1,1,2,2,1,1,2
SF,IH2001,2020-01-16 09:32:21.100,3060.6000,17250,-2,778552020.000,2,0,2,双平,S,3060.4000,3059.6000,3059.2000,3058.6000,3058.2000,3060.6000,3060.8000,3061.0000,3061.4000,3062.0000,1,3,1,1,1,1,2,2,1,1
SF,IH2001,2020-01-16 09:32:21.600,3060.6000,17248,-2,782224620.000,4,1,3,多平,S,3059.6000,3059.2000,3058.6000,3058.2000,3058.0000,3060.4000,3060.6000,3060.8000,3061.0000,3061.4000,3,1,1,1,3,1,2,4,2,1
SF,IH2001,2020-01-16 09:32:22.100,3060.6000,17248,0,783142800.000,1,0,1,多换,S,3059.6000,3059.2000,3059.0000,3058.6000,3058.2000,3060.6000,3060.8000,3061.0000,3061.4000,3062.0000,2,1,1,1,1,2,4,2,1,1
SF,IH2001,2020-01-16 09:32:22.600,3060.6000,17248,0,784060980.000,1,0,1,多换,S,3059.6000,3059.4000,3059.2000,3059.0000,3058.6000,3060.6000,3060.8000,3061.0000,3061.4000,3062.0000,3,1,1,1,1,2,4,2,1,1
SF,IH2001,2020-01-16 09:32:23.100,3059.8000,17247,-1,784978920.000,1,0,1,双平,S,3059.6000,3059.4000,3059.2000,3059.0000,3058.6000,3060.6000,3060.8000,3061.0000,3061.4000,3062.0000,4,1,1,1,1,2,3,2,1,1
SF,IH2001,2020-01-16 09:32:23.600,3059.8000,17247,0,784978920.000,0,-,-,-,-,3059.8000,3059.6000,3059.4000,3059.2000,3059.0000,3060.4000,3060.6000,3060.8000,3061.0000,3061.4000,1,3,1,1,1,2,2,3,2,1
SF,IH2001,2020-01-16 09:32:24.100,3060.4000,17246,-1,785897040.000,1,0,1,双平,S,3059.8000,3059.6000,3059.4000,3059.0000,3058.6000,3060.6000,3060.8000,3061.0000,3061.4000,3062.0000,1,2,1,1,1,2,3,2,1,1
SF,IH2001,2020-01-16 09:32:24.600,3059.8000,17245,-1,786814980.000,1,0,1,双平,S,3059.6000,3059.4000,3059.0000,3058.6000,3058.2000,3060.6000,3060.8000,3061.0000,3061.4000,3062.0000,4,1,2,1,1,3,3,2,1,1
SF,IH2001,2020-01-16 09:32:25.100,3059.8000,17245,0,786814980.000,0,-,-,-,-,3059.6000,3059.4000,3059.0000,3058.6000,3058.2000,3060.6000,3060.8000,3061.0000,3061.4000,3062.0000,5,1,2,1,1,3,3,2,1,1
SF,IH2001,2020-01-16 09:32:25.600,3059.8000,17245,0,786814980.000,0,-,-,-,-,3060.0000,3059.6000,3059.4000,3059.0000,3058.6000,3060.6000,3060.8000,3061.0000,3061.4000,3062.0000,1,5,1,2,1,3,3,2,1,1
SF,IH2001,2020-01-16 09:32:26.100,3060.0000,17245,0,787732980.000,1,0,1,多换,S,3060.2000,3059.8000,3059.6000,3059.0000,3058.6000,3060.6000,3060.8000,3061.0000,3061.4000,3062.0000,1,1,5,1,1,3,3,2,1,1
SF,IH2001,2020-01-16 09:32:26.600,3060.2000,17244,-1,788651040.000,1,0,1,双平,S,3059.8000,3059.6000,3059.0000,3058.6000,3058.2000,3060.6000,3060.8000,3061.0000,3062.0000,3062.4000,1,5,1,1,1,3,3,2,1,2
SF,IH2001,2020-01-16 09:32:27.100,3060.6000,17242,-2,790487160.000,2,0,2,双平,S,3059.8000,3059.6000,3059.0000,3058.6000,3058.2000,3060.6000,3060.8000,3061.0000,3062.0000,3062.4000,1,5,1,1,1,2,4,2,1,2
SF,IH2001,2020-01-16 09:32:27.600,3060.4000,17240,-2,792323220.000,2,0,2,双平,S,3059.6000,3059.0000,3058.6000,3058.2000,3058.0000,3060.4000,3060.6000,3060.8000,3061.0000,3062.0000,5,1,1,1,3,1,2,3,2,1
SF,IH2001,2020-01-16 09:32:28.100,3060.4000,17240,0,792323220.000,0,-,-,-,-,3059.8000,3059.6000,3059.0000,3058.6000,3058.2000,3060.4000,3060.6000,3060.8000,3061.0000,3062.0000,2,5,1,1,1,2,2,3,2,1
SF,IH2001,2020-01-16 09:32:28.600,3060.4000,17239,-1,793241340.000,1,0,1,双平,S,3059.8000,3059.6000,3059.2000,3059.0000,3058.6000,3060.4000,3060.6000,3060.8000,3061.0000,3062.0000,2,5,1,1,1,1,2,3,2,1
SF,IH2001,2020-01-16 09:32:29.100,3060.4000,17239,0,793241340.000,0,-,-,-,-,3060.0000,3059.8000,3059.6000,3059.2000,3059.0000,3060.4000,3060.6000,3060.8000,3061.0000,3062.0000,1,2,5,1,1,1,2,3,2,1
SF,IH2001,2020-01-16 09:32:29.600,3060.4000,17239,0,793241340.000,0,-,-,-,-,3059.8000,3059.6000,3059.2000,3059.0000,3058.6000,3060.4000,3060.6000,3060.8000,3061.0000,3062.0000,2,5,1,1,1,1,2,3,2,1
SF,IH2001,2020-01-16 09:32:30.100,3060.4000,17238,-1,794159460.000,1,0,1,双平,S,3059.8000,3059.6000,3059.2000,3059.0000,3058.6000,3060.6000,3060.8000,3061.0000,3062.0000,3062.4000,2,5,1,1,1,2,3,2,1,2
SF,IH2001,2020-01-16 09:32:30.600,3060.4000,17238,0,794159460.000,0,-,-,-,-,3059.8000,3059.6000,3059.2000,3059.0000,3058.6000,3060.6000,3060.8000,3061.0000,3062.0000,3062.4000,3,5,1,1,1,2,3,2,1,2
SF,IH2001,2020-01-16 09:32:31.100,3060.4000,17238,0,794159460.000,0,-,-,-,-,3059.8000,3059.6000,3059.2000,3059.0000,3058.6000,3060.6000,3060.8000,3061.0000,3062.0000,3062.4000,4,5,1,1,1,2,3,2,1,2
SF,IH2001,2020-01-16 09:32:31.600,3060.6000,17237,-1,795077640.000,1,0,1,双平,S,3060.0000,3059.8000,3059.6000,3059.2000,3059.0000,3060.4000,3060.6000,3060.8000,3061.0000,3062.0000,2,5,5,1,1,1,1,3,2,1
SF,IH2001,2020-01-16 09:32:32.100,3060.4000,17236,-1,795995760.000,1,0,1,双平,S,3060.4000,3060.2000,3060.0000,3059.8000,3059.6000,3060.6000,3060.8000,3061.0000,3062.0000,3062.4000,1,1,3,4,5,1,3,2,1,2
SF,IH2001,2020-01-16 09:32:32.600,3060.2000,17234,-2,797831940.000,2,0,2,双平,S,3060.0000,3059.8000,3059.6000,3059.2000,3059.0000,3060.2000,3060.4000,3060.6000,3060.8000,3061.0000,2,4,5,1,1,1,2,2,3,2
SF,IH2001,2020-01-16 09:32:33.100,3060.2000,17234,0,797831940.000,0,-,-,-,-,3060.2000,3060.0000,3059.8000,3059.6000,3059.2000,3060.4000,3060.6000,3060.8000,3061.0000,3061.6000,1,3,5,5,1,1,2,3,2,1
SF,IH2001,2020-01-16 09:32:33.600,3060.0000,17228,-6,804258300.000,7,0,7,多平,S,3059.8000,3059.6000,3059.2000,3059.0000,3058.6000,3060.0000,3060.4000,3060.6000,3060.8000,3061.0000,5,5,1,1,1,2,1,2,3,2
SF,IH2001,2020-01-16 09:32:34.100,3060.0000,17228,0,804258300.000,0,-,-,-,-,3060.0000,3059.8000,3059.6000,3059.2000,3059.0000,3060.2000,3060.4000,3060.6000,3060.8000,3061.0000,1,5,5,1,1,1,1,1,3,2
SF,IH2001,2020-01-16 09:32:35.100,3060.0000,17228,0,804258300.000,0,-,-,-,-,3060.2000,3060.0000,3059.8000,3059.6000,3059.2000,3060.4000,3060.6000,3060.8000,3061.0000,3061.6000,1,1,5,5,1,1,1,3,2,1
SF,IH2001,2020-01-16 09:32:35.600,3060.0000,17228,0,804258300.000,0,-,-,-,-,3060.2000,3060.0000,3059.8000,3059.6000,3059.2000,3060.6000,3060.8000,3061.0000,3061.6000,3062.0000,1,2,5,5,1,1,2,2,1,1
SF,IH2001,2020-01-16 09:32:36.100,3060.0000,17228,0,804258300.000,0,-,-,-,-,3060.2000,3060.0000,3059.8000,3059.6000,3059.2000,3060.4000,3060.6000,3060.8000,3061.0000,3061.6000,2,2,5,5,1,1,1,3,2,1
SF,IH2001,2020-01-16 09:32:36.600,3060.0000,17228,0,804258300.000,0,-,-,-,-,3060.2000,3060.0000,3059.8000,3059.6000,3059.2000,3060.6000,3060.8000,3061.0000,3061.6000,3062.0000,2,2,5,5,1,3,3,2,1,1
SF,IH2001,2020-01-16 09:32:37.100,3060.0000,17228,0,804258300.000,0,-,-,-,-,3060.2000,3060.0000,3059.8000,3059.6000,3059.2000,3060.4000,3060.6000,3060.8000,3061.0000,3061.6000,3,2,5,5,1,1,3,3,2,1
SF,IH2001,2020-01-16 09:32:37.600,3059.8000,17224,-4,811602300.000,8,2,6,多平,S,3059.8000,3059.6000,3059.2000,3059.0000,3058.6000,3060.2000,3060.4000,3060.6000,3060.8000,3061.0000,2,5,1,1,1,1,1,3,3,2
SF,IH2001,2020-01-16 09:32:38.100,3060.0000,17224,0,812520300.000,1,0,1,多换,S,3059.8000,3059.6000,3059.2000,3059.0000,3058.6000,3060.2000,3060.4000,3060.6000,3060.8000,3061.0000,2,5,1,1,1,1,1,3,3,2
SF,IH2001,2020-01-16 09:32:39.100,3060.0000,17224,0,812520300.000,0,-,-,-,-,3059.8000,3059.6000,3059.2000,3059.0000,3058.6000,3060.2000,3060.4000,3060.6000,3060.8000,3061.0000,2,5,1,1,1,1,1,2,3,2
SF,IH2001,2020-01-16 09:32:39.600,3060.0000,17224,0,812520300.000,0,-,-,-,-,3060.0000,3059.8000,3059.6000,3059.2000,3059.0000,3060.2000,3060.4000,3060.6000,3060.8000,3061.0000,1,2,5,1,1,1,1,2,3,2
SF,IH2001,2020-01-16 09:32:40.100,3060.0000,17224,0,812520300.000,0,-,-,-,-,3060.0000,3059.8000,3059.6000,3059.2000,3059.0000,3060.2000,3060.6000,3060.8000,3061.0000,3061.6000,3,2,5,1,1,1,2,3,2,3
SF,IH2001,2020-01-16 09:32:40.600,3060.0000,17223,-1,815274360.000,3,1,2,多平,S,3060.0000,3059.8000,3059.6000,3059.2000,3059.0000,3060.4000,3060.6000,3060.8000,3061.0000,3061.6000,1,2,5,1,1,2,2,3,2,3
SF,IH2001,2020-01-16 09:32:41.100,3060.0000,17221,-2,817110360.000,2,0,2,双平,S,3059.8000,3059.6000,3059.2000,3059.0000,3058.6000,3060.0000,3060.2000,3060.4000,3060.6000,3060.8000,2,5,1,1,1,5,2,3,2,3
SF,IH2001,2020-01-16 09:32:41.600,3060.0000,17221,0,817110360.000,0,-,-,-,-,3059.8000,3059.6000,3059.2000,3059.0000,3058.6000,3060.0000,3060.2000,3060.4000,3060.6000,3060.8000,3,5,1,1,1,3,3,3,1,3
SF,IH2001,2020-01-16 09:32:42.100,3060.0000,17220,-1,818946360.000,2,0,2,多平,S,3060.0000,3059.8000,3059.6000,3059.2000,3059.0000,3060.2000,3060.4000,3060.6000,3060.8000,3061.0000,1,3,5,1,1,3,3,1,3,2
SF,IH2001,2020-01-16 09:32:42.600,3060.2000,17218,-2,821700540.000,3,0,3,多平,S,3060.2000,3060.0000,3059.8000,3059.6000,3059.2000,3060.4000,3060.6000,3060.8000,3061.0000,3061.6000,3,2,3,5,1,3,1,2,2,3
SF,IH2001,2020-01-16 09:32:43.100,3060.0000,17212,-6,832717560.000,12,3,9,多平,S,3059.8000,3059.6000,3059.2000,3059.0000,3058.6000,3060.0000,3060.6000,3060.8000,3061.0000,3061.6000,3,5,1,1,1,4,2,2,1,3
SF,IH2001,2020-01-16 09:32:43.600,3060.2000,17211,-1,839143680.000,7,3,4,多平,S,3060.0000,3059.8000,3059.6000,3059.2000,3059.0000,3060.4000,3060.6000,3060.8000,3061.0000,3061.6000,8,4,5,1,1,1,1,2,1,3
SF,IH2001,2020-01-16 09:32:44.100,3060.4000,17211,0,840061800.000,1,0,1,多换,S,3060.4000,3060.0000,3059.8000,3059.6000,3059.2000,3060.6000,3060.8000,3061.0000,3061.6000,3062.0000,2,5,4,5,1,1,2,1,3,4
SF,IH2001,2020-01-16 09:32:44.600,3060.4000,17209,-2,841898040.000,2,0,2,双平,S,3060.0000,3059.8000,3059.6000,3059.2000,3059.0000,3060.2000,3060.4000,3060.6000,3060.8000,3061.0000,2,4,5,1,1,1,4,1,2,1
SF,IH2001,2020-01-16 09:32:45.100,3059.8000,17204,-5,846487860.000,5,0,5,双平,S,3059.8000,3059.6000,3059.2000,3059.0000,3058.6000,3060.0000,3060.4000,3060.6000,3060.8000,3061.0000,1,5,1,1,1,2,4,1,3,1
SF,IH2001,2020-01-16 09:32:45.600,3059.8000,17204,0,846487860.000,0,-,-,-,-,3059.6000,3059.2000,3059.0000,3058.6000,3058.2000,3060.4000,3060.6000,3060.8000,3061.0000,3061.6000,5,1,1,1,1,4,1,3,1,3
SF,IH2001,2020-01-16 09:32:46.100,3059.8000,17204,0,846487860.000,0,-,-,-,-,3059.6000,3059.2000,3059.0000,3058.6000,3058.2000,3060.4000,3060.6000,3060.8000,3061.0000,3061.6000,5,1,1,1,1,4,2,3,1,3
SF,IH2001,2020-01-16 09:32:48.600,3059.8000,17204,0,846487860.000,0,-,-,-,-,3059.8000,3059.6000,3059.2000,3059.0000,3058.6000,3060.4000,3060.6000,3060.8000,3061.0000,3061.6000,1,5,1,1,1,5,2,3,1,3
SF,IH2001,2020-01-16 09:32:49.100,3059.8000,17204,0,846487860.000,0,-,-,-,-,3060.0000,3059.8000,3059.6000,3059.2000,3059.0000,3060.4000,3060.6000,3060.8000,3061.0000,3061.6000,1,1,4,1,1,5,2,2,1,3
SF,IH2001,2020-01-16 09:32:49.600,3060.0000,17203,-1,847405860.000,1,0,1,双平,S,3059.8000,3059.6000,3059.2000,3059.0000,3058.6000,3060.2000,3060.4000,3060.6000,3060.8000,3061.0000,1,4,1,1,1,1,5,4,2,1
SF,IH2001,2020-01-16 09:32:50.100,3060.0000,17202,-1,848323860.000,1,0,1,双平,S,3059.8000,3059.6000,3059.2000,3059.0000,3058.6000,3060.0000,3060.2000,3060.4000,3060.6000,3060.8000,1,4,1,1,1,1,1,6,3,2
SF,IH2001,2020-01-16 09:32:50.600,3059.8000,17201,-1,849241800.000,1,0,1,双平,S,3059.8000,3059.6000,3059.2000,3059.0000,3058.6000,3060.0000,3060.2000,3060.4000,3060.6000,3060.8000,1,4,1,1,1,1,1,6,3,2
SF,IH2001,2020-01-16 09:32:51.100,3060.0000,17199,-2,851995680.000,3,0,3,多平,S,3060.0000,3059.6000,3059.2000,3059.0000,3058.6000,3060.2000,3060.4000,3060.6000,3060.8000,3061.0000,2,4,1,1,1,1,6,3,2,1
SF,IH2001,2020-01-16 09:32:51.600,3060.4000,17193,-6,857503860.000,6,0,6,双平,S,3060.0000,3059.6000,3059.2000,3059.0000,3058.6000,3060.2000,3060.4000,3060.6000,3060.8000,3061.0000,1,4,1,1,1,1,5,3,2,1
SF,IH2001,2020-01-16 09:32:52.100,3060.4000,17193,0,857503860.000,0,-,-,-,-,3060.0000,3059.6000,3059.2000,3059.0000,3058.8000,3060.2000,3060.4000,3060.6000,3060.8000,3061.0000,1,4,1,1,2,1,5,3,2,1
SF,IH2001,2020-01-16 09:32:52.600,3060.4000,17193,0,857503860.000,0,-,-,-,-,3060.0000,3059.6000,3059.2000,3059.0000,3058.8000,3060.2000,3060.4000,3060.6000,3060.8000,3061.0000,1,4,2,1,2,2,5,3,2,1
SF,IH2001,2020-01-16 09:32:53.100,3060.0000,17192,-1,858421860.000,1,0,1,双平,S,3059.6000,3059.2000,3059.0000,3058.8000,3058.6000,3060.0000,3060.2000,3060.4000,3060.6000,3060.8000,4,2,1,2,1,1,2,5,3,1
SF,IH2001,2020-01-16 09:32:53.600,3060.0000,17192,0,858421860.000,0,-,-,-,-,3059.6000,3059.2000,3059.0000,3058.8000,3058.6000,3060.2000,3060.4000,3060.6000,3060.8000,3061.0000,4,2,1,2,1,3,5,3,1,1
SF,IH2001,2020-01-16 09:32:54.600,3060.0000,17192,0,858421860.000,0,-,-,-,-,3059.8000,3059.6000,3059.2000,3059.0000,3058.8000,3060.0000,3060.2000,3060.4000,3060.6000,3060.8000,1,4,3,1,2,1,3,5,3,1
SF,IH2001,2020-01-16 09:32:55.100,3060.2000,17190,-2,860257920.000,2,0,2,双平,S,3060.0000,3059.8000,3059.6000,3059.2000,3059.0000,3060.2000,3060.4000,3060.6000,3060.8000,3061.0000,4,2,4,3,1,3,5,3,1,1
SF,IH2001,2020-01-16 09:32:55.600,3060.2000,17189,-1,863012100.000,3,1,2,多平,S,3060.2000,3060.0000,3059.8000,3059.6000,3059.2000,3060.4000,3060.6000,3060.8000,3061.6000,3062.0000,1,3,1,4,3,5,3,1,3,3
SF,IH2001,2020-01-16 09:32:56.100,3060.2000,17188,-1,863930160.000,1,0,1,双平,S,3060.0000,3059.8000,3059.6000,3059.2000,3059.0000,3060.2000,3060.4000,3060.6000,3060.8000,3061.6000,3,1,4,3,1,1,2,4,1,3
SF,IH2001,2020-01-16 09:32:56.600,3060.2000,17187,-1,864848220.000,1,0,1,双平,S,3060.0000,3059.8000,3059.6000,3059.2000,3059.0000,3060.4000,3060.6000,3060.8000,3061.6000,3062.0000,4,1,4,3,1,2,4,1,3,3
SF,IH2001,2020-01-16 09:32:57.100,3060.2000,17187,0,864848220.000,0,-,-,-,-,3060.2000,3060.0000,3059.8000,3059.6000,3059.2000,3060.4000,3060.6000,3060.8000,3061.6000,3062.0000,1,1,1,4,3,2,5,2,3,3
SF,IH2001,2020-01-16 09:32:57.600,3060.2000,17186,-1,865766280.000,1,0,1,双平,S,3060.0000,3059.8000,3059.6000,3059.2000,3059.0000,3060.2000,3060.4000,3060.6000,3060.8000,3061.6000,1,2,4,3,1,1,2,5,2,3
SF,IH2001,2020-01-16 09:32:58.100,3060.0000,17185,-1,866684280.000,1,0,1,双平,S,3059.8000,3059.6000,3059.2000,3059.0000,3058.8000,3060.4000,3060.6000,3060.8000,3061.6000,3062.0000,2,4,3,1,2,2,4,2,3,3
SF,IH2001,2020-01-16 09:32:58.600,3060.0000,17185,0,866684280.000,0,-,-,-,-,3060.0000,3059.8000,3059.6000,3059.2000,3059.0000,3060.4000,3060.6000,3060.8000,3061.6000,3062.0000,1,2,4,3,1,2,4,2,3,3
SF,IH2001,2020-01-16 09:32:59.100,3060.0000,17184,-1,867602280.000,1,0,1,双平,S,3059.8000,3059.6000,3059.2000,3059.0000,3058.8000,3060.4000,3060.6000,3060.8000,3061.6000,3062.0000,2,4,3,1,2,2,4,2,3,3
SF,IH2001,2020-01-16 09:32:59.600,3060.0000,17184,0,867602280.000,0,-,-,-,-,3060.0000,3059.8000,3059.6000,3059.2000,3059.0000,3060.4000,3060.6000,3060.8000,3061.6000,3062.0000,1,2,4,3,1,2,4,2,3,3
SF,IH2001,2020-01-16 09:33:00.100,3059.8000,17182,-2,869438220.000,2,0,2,双平,S,3059.8000,3059.6000,3059.2000,3059.0000,3058.8000,3060.4000,3060.6000,3060.8000,3061.6000,3062.0000,1,4,3,1,2,2,4,2,3,3
SF,IH2001,2020-01-16 09:33:00.600,3060.4000,17178,-4,873110520.000,4,0,4,双平,S,3059.8000,3059.6000,3059.2000,3059.0000,3058.8000,3060.6000,3060.8000,3061.6000,3062.0000,3062.4000,1,4,3,1,2,4,2,3,3,2
SF,IH2001,2020-01-16 09:33:01.100,3060.0000,17177,-1,874028520.000,1,0,1,双平,S,3059.8000,3059.6000,3059.2000,3059.0000,3058.8000,3060.4000,3060.6000,3060.8000,3061.0000,3061.6000,2,4,3,1,2,1,4,2,1,3
SF,IH2001,2020-01-16 09:33:01.600,3060.0000,17177,0,874028520.000,0,-,-,-,-,3059.8000,3059.6000,3059.2000,3059.0000,3058.8000,3060.0000,3060.4000,3060.6000,3060.8000,3061.0000,1,4,3,1,2,1,1,4,2,1
SF,IH2001,2020-01-16 09:33:02.100,3060.0000,17176,-1,874946520.000,1,0,1,双平,S,3059.8000,3059.6000,3059.2000,3059.0000,3058.8000,3060.2000,3060.4000,3060.6000,3060.8000,3061.0000,1,4,3,1,2,1,1,4,2,1
SF,IH2001,2020-01-16 09:33:02.600,3060.0000,17176,0,874946520.000,0,-,-,-,-,3059.8000,3059.6000,3059.2000,3059.0000,3058.8000,3060.2000,3060.4000,3060.6000,3060.8000,3061.0000,2,4,3,1,2,1,1,4,2,1
SF,IH2001,2020-01-16 09:33:03.600,3060.0000,17176,0,874946520.000,0,-,-,-,-,3059.8000,3059.6000,3059.2000,3059.0000,3058.8000,3060.4000,3060.6000,3060.8000,3061.0000,3061.6000,2,4,3,1,2,1,4,2,1,3
SF,IH2001,2020-01-16 09:33:04.100,3060.0000,17174,-2,876782520.000,2,0,2,双平,S,3059.8000,3059.6000,3059.2000,3059.0000,3058.8000,3060.2000,3060.4000,3060.6000,3060.8000,3061.0000,2,4,3,1,2,1,1,4,2,1
SF,IH2001,2020-01-16 09:33:04.600,3060.0000,17174,0,876782520.000,0,-,-,-,-,3059.8000,3059.6000,3059.2000,3059.0000,3058.8000,3060.2000,3060.4000,3060.6000,3060.8000,3061.0000,2,4,3,1,2,1,1,3,2,1
SF,IH2001,2020-01-16 09:33:05.100,3059.8000,17173,-1,877700460.000,1,0,1,双平,S,3059.8000,3059.6000,3059.2000,3059.0000,3058.8000,3060.0000,3060.2000,3060.4000,3060.6000,3060.8000,1,4,3,1,2,1,2,1,3,2
SF,IH2001,2020-01-16 09:33:05.600,3060.0000,17172,-1,878618460.000,1,0,1,双平,S,3060.0000,3059.8000,3059.6000,3059.2000,3059.0000,3060.2000,3060.4000,3060.6000,3060.8000,3061.0000,2,1,4,3,1,2,1,3,2,1
SF,IH2001,2020-01-16 09:33:06.100,3059.6000,17168,-4,882290340.000,4,0,4,双平,S,3059.6000,3059.2000,3059.0000,3058.8000,3058.2000,3060.0000,3060.2000,3060.4000,3060.6000,3060.8000,3,3,1,2,1,2,2,1,2,2
SF,IH2001,2020-01-16 09:33:06.600,3060.0000,17165,-3,885044340.000,3,0,3,双平,S,3059.8000,3059.6000,3059.2000,3059.0000,3058.8000,3060.2000,3060.4000,3060.6000,3060.8000,3061.0000,1,3,3,1,2,2,1,2,2,1
SF,IH2001,2020-01-16 09:33:07.100,3060.0000,17165,0,885044340.000,0,-,-,-,-,3059.8000,3059.6000,3059.2000,3059.0000,3058.8000,3060.0000,3060.2000,3060.4000,3060.6000,3060.8000,1,3,3,1,2,1,2,1,3,2
SF,IH2001,2020-01-16 09:33:07.600,3060.0000,17165,0,885044340.000,0,-,-,-,-,3059.8000,3059.6000,3059.4000,3059.2000,3059.0000,3060.0000,3060.2000,3060.4000,3060.6000,3060.8000,1,3,1,3,1,1,2,1,3,2
SF,IH2001,2020-01-16 09:33:08.100,3060.4000,17162,-3,888716580.000,4,0,4,多平,S,3060.2000,3060.0000,3059.8000,3059.6000,3059.4000,3060.6000,3060.8000,3061.0000,3061.6000,3062.0000,1,6,3,3,1,3,2,1,3,3
SF,IH2001,2020-01-16 09:33:08.600,3060.8000,17158,-4,892389360.000,4,0,4,双平,S,3060.6000,3060.4000,3060.0000,3059.8000,3059.6000,3060.8000,3061.0000,3061.6000,3062.0000,3062.4000,8,1,4,2,3,1,1,3,3,2
SF,IH2001,2020-01-16 09:33:09.100,3060.6000,17150,-8,902489460.000,11,1,10,多平,S,3060.4000,3060.0000,3059.8000,3059.6000,3059.4000,3060.6000,3060.8000,3061.0000,3061.6000,3062.0000,1,3,2,3,1,6,1,1,3,3
SF,IH2001,2020-01-16 09:33:09.600,3060.4000,17150,0,903407580.000,1,0,1,多换,S,3060.0000,3059.6000,3059.4000,3059.2000,3059.0000,3060.2000,3060.4000,3060.6000,3060.8000,3061.0000,1,3,1,3,1,6,12,7,1,1
SF,IH2001,2020-01-16 09:33:10.100,3060.0000,17148,-2,905243580.000,2,0,2,双平,S,3059.6000,3059.4000,3059.2000,3059.0000,3058.8000,3060.0000,3060.2000,3060.4000,3060.6000,3061.0000,3,1,3,1,2,2,2,4,7,1
SF,IH2001,2020-01-16 09:33:10.600,3060.0000,17148,0,905243580.000,0,-,-,-,-,3059.8000,3059.6000,3059.4000,3059.2000,3059.0000,3060.0000,3060.2000,3060.4000,3060.6000,3061.0000,1,3,1,3,1,2,2,3,7,1
SF,IH2001,2020-01-16 09:33:11.100,3059.8000,17147,-1,906161520.000,1,0,1,双平,S,3059.6000,3059.4000,3059.2000,3059.0000,3058.8000,3059.8000,3060.0000,3060.2000,3060.4000,3060.6000,3,1,3,1,2,5,1,2,3,7
SF,IH2001,2020-01-16 09:33:11.600,3059.8000,17146,-1,907079460.000,1,0,1,双平,S,3059.6000,3059.4000,3059.2000,3059.0000,3058.8000,3060.0000,3060.2000,3060.4000,3060.6000,3061.0000,3,1,3,1,2,1,2,2,7,1
SF,IH2001,2020-01-16 09:33:12.100,3060.0000,17145,-1,907997460.000,1,0,1,双平,S,3059.6000,3059.4000,3059.2000,3059.0000,3058.8000,3060.2000,3060.4000,3060.6000,3061.0000,3061.6000,3,1,3,1,2,2,2,7,1,3
SF,IH2001,2020-01-16 09:33:12.600,3060.0000,17145,0,907997460.000,0,-,-,-,-,3059.6000,3059.4000,3059.2000,3059.0000,3058.8000,3060.2000,3060.4000,3060.6000,3061.0000,3061.6000,3,1,3,1,2,2,2,7,1,3
SF,IH2001,2020-01-16 09:33:13.100,3060.2000,17144,-1,908915520.000,1,0,1,双平,S,3059.6000,3059.4000,3059.2000,3059.0000,3058.8000,3060.2000,3060.4000,3060.6000,3061.0000,3061.6000,3,1,3,1,2,1,1,7,1,3
SF,IH2001,2020-01-16 09:33:13.600,3059.6000,17143,-1,909833400.000,1,0,1,双平,S,3059.6000,3059.4000,3059.2000,3059.0000,3058.8000,3060.2000,3060.4000,3060.6000,3061.0000,3061.6000,2,1,3,1,2,1,1,7,1,3
SF,IH2001,2020-01-16 09:33:14.100,3059.6000,17140,-3,912587040.000,3,0,3,双平,S,3059.4000,3059.2000,3059.0000,3058.8000,3058.2000,3059.8000,3060.2000,3060.4000,3060.6000,3061.0000,1,3,1,2,1,1,3,1,7,1
SF,IH2001,2020-01-16 09:33:14.600,3059.4000,17139,-1,913504860.000,1,0,1,双平,S,3059.2000,3059.0000,3058.8000,3058.2000,3058.0000,3060.2000,3060.4000,3060.6000,3061.0000,3061.6000,3,1,2,1,3,3,1,5,1,3
SF,IH2001,2020-01-16 09:33:15.100,3059.4000,17139,0,913504860.000,0,-,-,-,-,3059.2000,3059.0000,3058.8000,3058.2000,3058.0000,3060.0000,3060.2000,3060.4000,3060.6000,3061.0000,3,1,2,1,3,1,3,1,5,1
SF,IH2001,2020-01-16 09:33:15.600,3059.4000,17138,-1,914422680.000,1,0,1,双平,S,3059.2000,3059.0000,3058.8000,3058.2000,3058.0000,3059.4000,3060.0000,3060.2000,3060.4000,3060.6000,3,1,2,1,3,3,2,3,1,5
SF,IH2001,2020-01-16 09:33:16.100,3059.2000,17135,-3,917175960.000,3,0,3,双平,S,3059.0000,3058.2000,3058.0000,3057.0000,3056.0000,3060.0000,3060.2000,3060.4000,3060.6000,3061.0000,1,1,3,2,1,2,3,1,5,1
SF,IH2001,2020-01-16 09:33:16.600,3059.2000,17133,-2,919011420.000,2,0,2,双平,S,3059.6000,3059.2000,3058.4000,3058.2000,3058.0000,3060.0000,3060.2000,3060.4000,3060.6000,3061.0000,2,1,8,1,3,8,2,1,5,1
SF,IH2001,2020-01-16 09:33:17.100,3059.6000,17129,-4,922682940.000,4,0,4,双平,S,3058.4000,3058.2000,3058.0000,3057.0000,3056.0000,3059.6000,3060.0000,3060.2000,3060.4000,3060.6000,7,1,3,2,1,13,8,2,1,5
SF,IH2001,2020-01-16 09:33:17.600,3058.6000,17126,-3,925436100.000,3,0,3,双平,S,3058.6000,3058.2000,3058.0000,3057.0000,3056.0000,3059.6000,3059.8000,3060.0000,3060.2000,3060.4000,4,1,3,2,1,4,2,7,1,1
SF,IH2001,2020-01-16 09:33:18.100,3058.6000,17126,0,925436100.000,0,-,-,-,-,3058.6000,3058.2000,3058.0000,3057.0000,3056.0000,3059.6000,3059.8000,3060.2000,3060.4000,3060.6000,4,1,3,2,1,3,1,1,1,3
SF,IH2001,2020-01-16 09:33:18.600,3058.6000,17124,-2,927271260.000,2,0,2,双平,S,3058.8000,3058.6000,3058.2000,3058.0000,3057.0000,3059.6000,3059.8000,3060.2000,3060.4000,3060.6000,1,2,1,3,2,3,1,1,1,3
SF,IH2001,2020-01-16 09:33:19.100,3058.6000,17124,0,927271260.000,0,-,-,-,-,3059.0000,3058.8000,3058.2000,3058.0000,3057.0000,3059.6000,3059.8000,3060.2000,3060.4000,3060.6000,1,1,1,3,2,3,1,1,1,3
SF,IH2001,2020-01-16 09:33:19.600,3058.6000,17124,0,927271260.000,0,-,-,-,-,3059.0000,3058.8000,3058.2000,3058.0000,3057.0000,3059.6000,3060.2000,3060.4000,3060.6000,3061.0000,1,1,1,3,2,3,1,1,3,1
SF,IH2001,2020-01-16 09:33:20.100,3058.6000,17124,0,927271260.000,0,-,-,-,-,3059.0000,3058.8000,3058.2000,3058.0000,3057.0000,3059.4000,3059.6000,3060.2000,3060.4000,3060.6000,1,2,1,3,2,1,3,1,1,3
SF,IH2001,2020-01-16 09:33:20.600,3059.4000,17123,-1,928189080.000,1,0,1,双平,S,3059.4000,3059.0000,3058.8000,3058.2000,3058.0000,3059.6000,3060.2000,3060.4000,3060.6000,3061.0000,1,1,2,1,3,3,1,1,3,1
SF,IH2001,2020-01-16 09:33:21.100,3059.6000,17121,-2,930024780.000,2,0,2,双平,S,3059.0000,3058.8000,3058.2000,3058.0000,3057.0000,3059.6000,3060.0000,3060.2000,3060.4000,3060.6000,2,2,1,3,2,1,1,1,1,3
SF,IH2001,2020-01-16 09:33:21.600,3059.6000,17120,-1,930942660.000,1,0,1,双平,S,3059.6000,3059.2000,3059.0000,3058.8000,3058.2000,3059.8000,3060.0000,3060.2000,3060.4000,3060.6000,3,1,2,2,1,1,1,1,1,3
SF,IH2001,2020-01-16 09:33:22.100,3060.0000,17118,-2,932778600.000,2,0,2,双平,S,3060.0000,3059.8000,3059.6000,3059.0000,3058.8000,3060.2000,3060.4000,3060.6000,3061.0000,3061.6000,2,1,3,2,2,1,1,3,1,3
SF,IH2001,2020-01-16 09:33:22.600,3060.0000,17116,-2,934614600.000,2,0,2,双平,S,3059.8000,3059.6000,3059.0000,3058.8000,3058.2000,3060.0000,3060.2000,3060.4000,3060.6000,3061.0000,1,3,2,2,1,1,1,2,3,1
SF,IH2001,2020-01-16 09:33:23.100,3059.8000,17116,0,935532540.000,1,0,1,多换,S,3059.6000,3059.0000,3058.8000,3058.2000,3058.0000,3060.0000,3060.2000,3060.4000,3060.6000,3061.0000,3,2,2,1,3,1,1,2,3,1
SF,IH2001,2020-01-16 09:33:23.600,3059.6000,17116,0,936450420.000,1,0,1,多换,S,3059.6000,3059.0000,3058.8000,3058.2000,3058.0000,3060.0000,3060.2000,3060.4000,3060.6000,3060.8000,2,2,2,1,3,5,1,2,3,1
SF,IH2001,2020-01-16 09:33:24.100,3059.8000,17116,0,940122000.000,4,2,2,多换,S,3059.0000,3058.8000,3058.2000,3058.0000,3057.6000,3059.8000,3060.0000,3060.2000,3060.4000,3060.6000,2,2,1,3,1,1,4,1,2,3
SF,IH2001,2020-01-16 09:33:24.600,3059.8000,17116,0,940122000.000,0,-,-,-,-,3059.2000,3059.0000,3058.8000,3058.6000,3058.2000,3059.6000,3059.8000,3060.2000,3060.4000,3060.6000,6,1,2,1,1,3,3,1,2,3
SF,IH2001,2020-01-16 09:33:25.100,3059.8000,17116,0,940122000.000,0,-,-,-,-,3059.2000,3059.0000,3058.8000,3058.6000,3058.2000,3059.6000,3059.8000,3060.2000,3060.4000,3060.6000,6,1,1,1,1,3,3,1,2,3
SF,IH2001,2020-01-16 09:33:25.600,3059.8000,17115,-1,941039940.000,1,0,1,双平,S,3059.2000,3059.0000,3058.8000,3058.6000,3058.2000,3059.6000,3059.8000,3060.2000,3060.4000,3060.6000,6,1,1,1,1,2,3,1,2,3
SF,IH2001,2020-01-16 09:33:26.600,3059.6000,17114,-1,941957820.000,1,0,1,双平,S,3059.2000,3059.0000,3058.8000,3058.6000,3058.2000,3059.6000,3059.8000,3060.2000,3060.4000,3060.6000,6,1,1,1,1,1,2,1,2,3
SF,IH2001,2020-01-16 09:33:27.100,3059.8000,17112,-2,944711460.000,3,0,3,多平,S,3059.2000,3059.0000,3058.8000,3058.6000,3058.2000,3059.8000,3060.2000,3060.4000,3060.6000,3060.8000,6,1,1,1,1,1,1,2,5,1
SF,IH2001,2020-01-16 09:33:28.100,3059.8000,17112,0,945629400.000,1,0,1,多换,S,3059.2000,3059.0000,3058.8000,3058.6000,3058.2000,3060.2000,3060.4000,3060.6000,3060.8000,3061.0000,6,1,1,1,1,1,1,5,1,1
SF,IH2001,2020-01-16 09:33:28.600,3059.8000,17112,0,945629400.000,0,-,-,-,-,3059.4000,3059.2000,3059.0000,3058.8000,3058.6000,3060.2000,3060.4000,3060.6000,3060.8000,3061.0000,1,6,1,1,1,3,1,5,1,1
SF,IH2001,2020-01-16 09:33:29.100,3059.6000,17112,0,947465340.000,2,1,1,多换,S,3059.6000,3059.2000,3059.0000,3058.8000,3058.6000,3060.2000,3060.4000,3060.6000,3060.8000,3061.0000,1,6,1,1,1,2,1,5,1,1
SF,IH2001,2020-01-16 09:33:29.600,3059.6000,17112,0,947465340.000,0,-,-,-,-,3059.8000,3059.6000,3059.2000,3059.0000,3058.8000,3060.0000,3060.2000,3060.4000,3060.6000,3060.8000,1,1,6,1,1,1,3,1,5,1
SF,IH2001,2020-01-16 09:33:30.100,3060.0000,17111,-1,949301280.000,2,0,2,多平,S,3059.2000,3059.0000,3058.8000,3058.6000,3058.2000,3060.2000,3060.4000,3060.6000,3060.8000,3061.0000,6,1,1,1,1,2,2,4,1,1
SF,IH2001,2020-01-16 09:33:30.600,3060.0000,17111,0,949301280.000,0,-,-,-,-,3059.4000,3059.2000,3059.0000,3058.8000,3058.6000,3060.2000,3060.4000,3060.6000,3060.8000,3061.0000,2,6,1,1,1,3,4,4,1,1
SF,IH2001,2020-01-16 09:33:31.100,3060.0000,17110,-1,950219280.000,1,0,1,双平,S,3059.4000,3059.2000,3059.0000,3058.8000,3058.6000,3060.2000,3060.4000,3060.6000,3060.8000,3061.0000,2,5,1,1,1,3,4,4,1,1
SF,IH2001,2020-01-16 09:33:31.600,3060.0000,17110,0,950219280.000,0,-,-,-,-,3059.6000,3059.4000,3059.2000,3059.0000,3058.8000,3059.8000,3060.2000,3060.4000,3060.6000,3060.8000,1,3,5,1,1,1,3,2,4,1
SF,IH2001,2020-01-16 09:33:32.100,3059.4000,17108,-2,952972920.000,3,0,3,多平,S,3059.4000,3059.2000,3059.0000,3058.8000,3058.6000,3060.2000,3060.4000,3060.6000,3060.8000,3061.0000,1,5,1,1,1,3,2,4,1,1
SF,IH2001,2020-01-16 09:33:32.600,3059.4000,17107,-1,953890740.000,1,0,1,双平,S,3059.2000,3059.0000,3058.8000,3058.6000,3058.2000,3059.4000,3059.8000,3060.2000,3060.4000,3060.6000,5,1,1,1,1,1,2,1,2,4
SF,IH2001,2020-01-16 09:33:33.100,3059.4000,17106,-1,954808560.000,1,0,1,双平,S,3059.2000,3059.0000,3058.8000,3058.6000,3058.2000,3059.8000,3060.2000,3060.4000,3060.6000,3060.8000,5,1,1,1,1,2,1,2,4,1
SF,IH2001,2020-01-16 09:33:33.600,3059.4000,17106,0,954808560.000,0,-,-,-,-,3059.2000,3059.0000,3058.8000,3058.6000,3058.2000,3059.6000,3060.2000,3060.4000,3060.6000,3060.8000,5,1,1,1,1,2,1,2,4,1
SF,IH2001,2020-01-16 09:33:34.600,3059.4000,17106,0,954808560.000,0,-,-,-,-,3059.2000,3059.0000,3058.8000,3058.6000,3058.2000,3059.8000,3060.2000,3060.4000,3060.6000,3060.8000,5,1,1,1,1,2,1,2,4,1
SF,IH2001,2020-01-16 09:33:35.100,3059.4000,17106,0,954808560.000,0,-,-,-,-,3059.2000,3059.0000,3058.8000,3058.6000,3058.2000,3059.8000,3060.2000,3060.4000,3060.6000,3060.8000,6,1,1,1,1,2,1,2,4,1
SF,IH2001,2020-01-16 09:33:35.600,3059.4000,17106,0,954808560.000,0,-,-,-,-,3059.2000,3059.0000,3058.8000,3058.6000,3058.2000,3059.8000,3060.2000,3060.4000,3060.6000,3060.8000,6,1,1,1,1,1,1,2,4,1
SF,IH2001,2020-01-16 09:33:36.100,3059.8000,17105,-1,955726500.000,1,0,1,双平,S,3059.2000,3059.0000,3058.8000,3058.6000,3058.2000,3060.2000,3060.4000,3060.6000,3060.8000,3061.0000,6,1,1,1,1,1,2,4,1,1
SF,IH2001,2020-01-16 09:33:36.600,3059.8000,17105,0,955726500.000,0,-,-,-,-,3059.4000,3059.2000,3058.8000,3058.6000,3058.2000,3060.0000,3060.2000,3060.4000,3060.6000,3060.8000,2,6,1,1,1,1,1,2,4,1
SF,IH2001,2020-01-16 09:33:37.100,3059.6000,17105,0,956644380.000,1,0,1,多换,S,3059.4000,3059.2000,3058.8000,3058.6000,3058.2000,3060.0000,3060.2000,3060.4000,3060.6000,3060.8000,2,6,1,1,1,1,1,2,6,1
SF,IH2001,2020-01-16 09:33:37.600,3059.6000,17105,0,956644380.000,0,-,-,-,-,3059.4000,3059.2000,3058.8000,3058.6000,3058.2000,3060.0000,3060.2000,3060.4000,3060.6000,3060.8000,2,7,1,1,2,1,1,2,6,1
SF,IH2001,2020-01-16 09:33:38.100,3059.6000,17105,0,956644380.000,0,-,-,-,-,3059.4000,3059.2000,3058.8000,3058.6000,3058.2000,3060.0000,3060.2000,3060.4000,3060.6000,3060.8000,1,7,1,1,2,1,1,2,6,1
SF,IH2001,2020-01-16 09:33:38.600,3059.6000,17105,0,956644380.000,0,-,-,-,-,3059.4000,3059.2000,3058.8000,3058.6000,3058.2000,3060.0000,3060.2000,3060.4000,3060.6000,3060.8000,1,7,1,1,2,1,1,2,6,1
SF,IH2001,2020-01-16 09:33:39.600,3060.0000,17104,-1,957562380.000,1,0,1,双平,S,3059.2000,3058.8000,3058.6000,3058.2000,3058.0000,3060.2000,3060.4000,3060.6000,3060.8000,3061.0000,7,1,1,2,3,2,2,6,1,1
SF,IH2001,2020-01-16 09:33:40.100,3060.0000,17104,0,957562380.000,0,-,-,-,-,3059.4000,3059.2000,3058.8000,3058.6000,3058.2000,3060.2000,3060.4000,3060.6000,3060.8000,3061.0000,2,7,1,1,2,2,4,6,1,1
SF,IH2001,2020-01-16 09:33:40.600,3060.0000,17104,0,957562380.000,0,-,-,-,-,3059.4000,3059.2000,3058.8000,3058.6000,3058.2000,3060.2000,3060.4000,3060.6000,3060.8000,3061.0000,2,6,1,1,2,2,2,6,1,1
SF,IH2001,2020-01-16 09:33:41.100,3060.0000,17104,0,957562380.000,0,-,-,-,-,3059.6000,3059.4000,3059.2000,3058.8000,3058.6000,3060.2000,3060.4000,3060.6000,3060.8000,3061.0000,1,2,6,1,1,2,2,6,1,1
SF,IH2001,2020-01-16 09:33:41.600,3060.0000,17104,0,957562380.000,0,-,-,-,-,3059.6000,3059.4000,3059.2000,3058.8000,3058.6000,3060.2000,3060.4000,3060.6000,3060.8000,3061.0000,1,3,6,1,1,2,5,6,1,1
SF,IH2001,2020-01-16 09:33:42.100,3060.0000,17104,0,957562380.000,0,-,-,-,-,3059.6000,3059.4000,3059.2000,3058.8000,3058.6000,3060.2000,3060.4000,3060.6000,3060.8000,3061.0000,2,3,6,1,1,3,5,6,1,1
SF,IH2001,2020-01-16 09:33:43.100,3060.0000,17104,0,957562380.000,0,-,-,-,-,3059.6000,3059.4000,3059.2000,3058.8000,3058.6000,3060.2000,3060.4000,3060.6000,3060.8000,3061.0000,2,3,6,1,1,4,5,6,1,1
SF,IH2001,2020-01-16 09:33:43.600,3060.0000,17104,0,957562380.000,0,-,-,-,-,3059.6000,3059.4000,3059.2000,3058.8000,3058.6000,3060.2000,3060.4000,3060.6000,3060.8000,3061.0000,2,3,8,1,1,4,3,6,1,1
SF,IH2001,2020-01-16 09:33:44.100,3060.0000,17104,0,957562380.000,0,-,-,-,-,3059.8000,3059.6000,3059.4000,3059.2000,3058.8000,3060.2000,3060.4000,3060.6000,3060.8000,3061.0000,5,2,3,8,1,4,5,6,1,1
SF,IH2001,2020-01-16 09:33:44.600,3059.8000,17102,-2,959398260.000,2,0,2,双平,S,3059.8000,3059.6000,3059.4000,3059.2000,3058.8000,3060.2000,3060.4000,3060.6000,3060.8000,3061.0000,3,2,3,8,1,5,4,6,1,1
SF,IH2001,2020-01-16 09:33:45.100,3059.8000,17102,0,959398260.000,0,-,-,-,-,3059.8000,3059.6000,3059.4000,3059.2000,3058.8000,3060.2000,3060.4000,3060.6000,3060.8000,3061.0000,4,2,3,8,1,6,2,6,1,1
SF,IH2001,2020-01-16 09:33:45.600,3060.2000,17101,-1,960316320.000,1,0,1,双平,S,3059.8000,3059.6000,3059.4000,3059.2000,3058.8000,3060.2000,3060.4000,3060.6000,3060.8000,3061.0000,4,2,3,8,1,4,2,6,1,1
SF,IH2001,2020-01-16 09:33:46.100,3060.2000,17098,-3,963988440.000,4,0,4,多平,S,3059.8000,3059.6000,3059.4000,3059.2000,3058.8000,3060.2000,3060.4000,3060.6000,3060.8000,3061.0000,5,2,3,8,1,2,2,6,1,1
SF,IH2001,2020-01-16 09:33:46.600,3060.2000,17098,0,963988440.000,0,-,-,-,-,3059.8000,3059.6000,3059.4000,3059.2000,3058.8000,3060.2000,3060.4000,3060.6000,3060.8000,3061.0000,6,2,3,8,1,3,2,6,1,1
SF,IH2001,2020-01-16 09:33:47.100,3059.8000,17097,-1,964906380.000,1,0,1,双平,S,3059.8000,3059.6000,3059.4000,3059.2000,3058.8000,3060.2000,3060.4000,3060.6000,3060.8000,3061.0000,5,3,3,8,1,3,2,6,1,1
SF,IH2001,2020-01-16 09:33:47.600,3059.8000,17097,0,964906380.000,0,-,-,-,-,3059.8000,3059.6000,3059.4000,3059.2000,3058.8000,3060.2000,3060.4000,3060.6000,3060.8000,3061.0000,5,5,3,8,1,2,2,6,1,1
SF,IH2001,2020-01-16 09:33:48.100,3060.2000,17096,-1,965824440.000,1,0,1,双平,S,3059.8000,3059.6000,3059.4000,3059.2000,3058.8000,3060.2000,3060.4000,3060.6000,3060.8000,3061.0000,5,6,3,8,1,2,2,6,1,1
SF,IH2001,2020-01-16 09:33:48.600,3060.2000,17095,-1,967660560.000,2,0,2,多平,S,3059.8000,3059.6000,3059.4000,3059.2000,3058.8000,3060.4000,3060.6000,3060.8000,3061.0000,3061.6000,5,7,3,8,1,2,6,1,1,3
SF,IH2001,2020-01-16 09:33:49.100,3060.2000,17095,0,967660560.000,0,-,-,-,-,3059.8000,3059.6000,3059.4000,3059.2000,3058.8000,3060.4000,3060.6000,3060.8000,3061.0000,3061.6000,6,7,3,8,1,2,6,1,1,3
SF,IH2001,2020-01-16 09:33:49.600,3060.2000,17095,0,967660560.000,0,-,-,-,-,3059.8000,3059.6000,3059.4000,3059.2000,3058.8000,3060.4000,3060.6000,3060.8000,3061.0000,3061.6000,6,7,3,8,1,1,6,1,1,3
SF,IH2001,2020-01-16 09:33:50.600,3060.2000,17095,0,967660560.000,0,-,-,-,-,3059.8000,3059.6000,3059.4000,3059.2000,3058.8000,3060.4000,3060.6000,3060.8000,3061.0000,3061.6000,6,7,3,8,1,1,7,1,1,3
SF,IH2001,2020-01-16 09:33:51.100,3059.8000,17090,-5,972250260.000,5,0,5,双平,S,3059.8000,3059.6000,3059.4000,3059.2000,3058.8000,3060.2000,3060.4000,3060.6000,3060.8000,3061.0000,1,7,3,8,1,5,1,7,1,1
SF,IH2001,2020-01-16 09:33:51.600,3059.6000,17088,-2,975004020.000,3,0,3,多平,S,3059.6000,3059.4000,3059.2000,3058.8000,3058.6000,3059.8000,3060.2000,3060.4000,3060.6000,3060.8000,5,3,8,1,1,2,5,1,7,1
SF,IH2001,2020-01-16 09:33:52.100,3059.6000,17085,-3,978675540.000,4,0,4,多平,S,3059.6000,3059.4000,3059.2000,3058.8000,3058.6000,3059.8000,3060.2000,3060.4000,3060.6000,3060.8000,1,3,8,1,1,3,5,1,7,1
SF,IH2001,2020-01-16 09:33:52.600,3059.6000,17084,-1,979593420.000,1,0,1,双平,S,3059.4000,3059.2000,3058.8000,3058.6000,3058.2000,3059.6000,3059.8000,3060.2000,3060.4000,3060.6000,3,8,1,1,2,4,3,5,1,7
SF,IH2001,2020-01-16 09:33:53.100,3059.6000,17084,0,979593420.000,0,-,-,-,-,3059.4000,3059.2000,3058.8000,3058.6000,3058.2000,3059.6000,3059.8000,3060.2000,3060.4000,3060.6000,3,8,2,1,2,3,2,5,1,7
SF,IH2001,2020-01-16 09:33:53.600,3059.4000,17083,-1,980511240.000,1,0,1,双平,S,3059.4000,3059.2000,3058.8000,3058.6000,3058.2000,3059.6000,3059.8000,3060.2000,3060.4000,3060.6000,2,8,2,1,2,1,1,5,1,7
SF,IH2001,2020-01-16 09:33:54.100,3059.4000,17081,-2,982346880.000,2,0,2,双平,S,3059.2000,3058.8000,3058.6000,3058.2000,3058.0000,3059.4000,3059.8000,3060.2000,3060.4000,3060.6000,8,2,1,3,3,1,1,5,1,7
SF,IH2001,2020-01-16 09:33:54.600,3059.4000,17079,-2,984182460.000,2,0,2,双平,S,3059.4000,3059.2000,3058.8000,3058.6000,3058.2000,3059.8000,3060.2000,3060.4000,3060.6000,3060.8000,1,7,2,1,3,1,5,1,7,1
SF,IH2001,2020-01-16 09:33:55.100,3059.4000,17078,-1,985100280.000,1,0,1,双平,S,3059.2000,3058.8000,3058.6000,3058.2000,3058.0000,3059.8000,3060.0000,3060.2000,3060.4000,3060.6000,7,2,1,3,3,1,1,5,1,7
SF,IH2001,2020-01-16 09:33:55.600,3059.4000,17078,0,985100280.000,0,-,-,-,-,3059.2000,3059.0000,3058.8000,3058.6000,3058.2000,3059.8000,3060.0000,3060.2000,3060.4000,3060.6000,7,3,2,1,3,1,1,5,1,7
SF,IH2001,2020-01-16 09:33:56.100,3059.4000,17078,0,985100280.000,0,-,-,-,-,3059.2000,3059.0000,3058.8000,3058.6000,3058.2000,3060.0000,3060.2000,3060.4000,3060.6000,3060.8000,8,3,2,1,3,1,5,1,7,1
SF,IH2001,2020-01-16 09:33:56.600,3059.2000,17078,0,986018040.000,1,0,1,多换,S,3059.2000,3059.0000,3058.8000,3058.6000,3058.2000,3060.0000,3060.2000,3060.4000,3060.6000,3060.8000,7,3,2,1,3,1,6,1,7,1
SF,IH2001,2020-01-16 09:33:57.100,3059.2000,17078,0,986018040.000,0,-,-,-,-,3059.4000,3059.2000,3059.0000,3058.8000,3058.6000,3059.8000,3060.0000,3060.2000,3060.4000,3060.6000,1,7,3,2,1,1,2,6,1,7
SF,IH2001,2020-01-16 09:33:57.600,3059.2000,17078,0,986018040.000,0,-,-,-,-,3059.4000,3059.2000,3059.0000,3058.8000,3058.6000,3059.8000,3060.0000,3060.2000,3060.4000,3060.6000,1,7,3,2,1,1,1,6,1,7
SF,IH2001,2020-01-16 09:33:58.600,3059.2000,17078,0,986935800.000,1,0,1,多换,S,3059.2000,3059.0000,3058.8000,3058.6000,3058.2000,3059.8000,3060.0000,3060.2000,3060.4000,3060.6000,7,3,2,1,3,1,1,6,1,7
SF,IH2001,2020-01-16 09:33:59.100,3059.2000,17078,0,986935800.000,0,-,-,-,-,3059.4000,3059.2000,3059.0000,3058.8000,3058.6000,3059.6000,3059.8000,3060.0000,3060.2000,3060.4000,1,7,3,2,1,1,1,1,6,1
SF,IH2001,2020-01-16 09:33:59.600,3059.2000,17078,0,986935800.000,0,-,-,-,-,3059.2000,3059.0000,3058.8000,3058.6000,3058.2000,3059.6000,3059.8000,3060.0000,3060.2000,3060.4000,7,3,2,1,3,1,1,1,6,1
SF,IH2001,2020-01-16 09:34:00.100,3059.2000,17078,0,986935800.000,0,-,-,-,-,3059.2000,3059.0000,3058.8000,3058.6000,3058.2000,3059.6000,3059.8000,3060.0000,3060.2000,3060.4000,7,3,2,1,3,2,1,1,6,1
SF,IH2001,2020-01-16 09:34:00.600,3059.4000,17074,-4,990607080.000,4,0,4,双平,S,3059.2000,3059.0000,3058.8000,3058.6000,3058.2000,3059.4000,3059.6000,3060.0000,3060.2000,3060.4000,7,3,2,1,3,2,6,1,1,1
SF,IH2001,2020-01-16 09:34:01.100,3059.4000,17071,-3,993360480.000,3,0,3,双平,S,3059.2000,3059.0000,3058.8000,3058.6000,3058.2000,3059.4000,3059.6000,3060.0000,3060.2000,3060.4000,7,3,2,1,3,3,6,1,1,1
SF,IH2001,2020-01-16 09:34:01.600,3059.4000,17069,-2,995196120.000,2,0,2,双平,S,3059.2000,3059.0000,3058.8000,3058.6000,3058.2000,3059.4000,3059.6000,3060.0000,3060.2000,3060.4000,7,3,2,1,3,1,5,1,1,1
SF,IH2001,2020-01-16 09:34:02.100,3059.2000,17064,-5,999784980.000,5,0,5,双平,S,3059.2000,3059.0000,3058.8000,3058.6000,3058.2000,3059.6000,3060.0000,3060.2000,3060.4000,3060.6000,3,3,2,1,3,6,1,1,1,7
SF,IH2001,2020-01-16 09:34:02.600,3059.4000,17063,-1,1000702800.000,1,0,1,双平,S,3059.2000,3059.0000,3058.8000,3058.6000,3058.2000,3059.6000,3060.0000,3060.2000,3060.4000,3060.6000,3,3,2,1,3,6,1,1,1,7
SF,IH2001,2020-01-16 09:34:03.100,3059.6000,17060,-3,1003456440.000,3,0,3,双平,S,3059.2000,3059.0000,3058.8000,3058.6000,3058.2000,3059.4000,3059.6000,3060.0000,3060.2000,3060.4000,3,3,2,1,3,1,3,1,1,1
SF,IH2001,2020-01-16 09:34:03.600,3059.4000,17059,-1,1004374260.000,1,0,1,双平,S,3059.4000,3059.2000,3059.0000,3058.8000,3058.6000,3059.6000,3060.0000,3060.2000,3060.4000,3060.6000,7,4,3,2,1,1,1,1,1,7
SF,IH2001,2020-01-16 09:34:04.100,3060.2000,17056,-3,1008046080.000,4,0,4,多平,S,3059.6000,3059.4000,3059.2000,3059.0000,3058.8000,3060.4000,3060.6000,3060.8000,3061.0000,3061.6000,5,5,4,3,2,1,5,1,1,3
SF,IH2001,2020-01-16 09:34:04.600,3059.8000,17051,-5,1013554320.000,6,0,6,多平,S,3059.6000,3059.4000,3059.2000,3059.0000,3058.8000,3060.6000,3060.8000,3061.0000,3061.6000,3062.0000,5,5,4,3,2,3,1,1,3,3
SF,IH2001,2020-01-16 09:34:05.100,3059.8000,17049,-2,1015390380.000,2,0,2,双平,S,3059.8000,3059.6000,3059.4000,3059.2000,3059.0000,3060.6000,3060.8000,3061.0000,3061.6000,3062.0000,3,4,6,4,3,3,3,1,3,3
SF,IH2001,2020-01-16 09:34:05.600,3059.8000,17049,0,1015390380.000,0,-,-,-,-,3060.0000,3059.8000,3059.6000,3059.4000,3059.2000,3060.6000,3060.8000,3061.0000,3061.6000,3062.0000,1,3,5,6,4,5,3,1,3,3
SF,IH2001,2020-01-16 09:34:06.100,3060.6000,17048,-1,1016308560.000,1,0,1,双平,S,3060.2000,3060.0000,3059.8000,3059.6000,3059.4000,3060.6000,3060.8000,3061.0000,3061.6000,3062.0000,1,2,3,5,6,8,3,1,3,3
SF,IH2001,2020-01-16 09:34:06.600,3060.2000,17047,-1,1017226620.000,1,0,1,双平,S,3060.0000,3059.8000,3059.6000,3059.4000,3059.2000,3060.6000,3060.8000,3061.0000,3061.6000,3062.0000,2,2,5,6,3,8,3,1,3,3
SF,IH2001,2020-01-16 09:34:07.100,3060.6000,17046,-1,1018144800.000,1,0,1,双平,S,3060.2000,3060.0000,3059.8000,3059.6000,3059.4000,3060.6000,3060.8000,3061.0000,3061.6000,3062.0000,1,2,2,5,6,7,3,1,3,3
SF,IH2001,2020-01-16 09:34:07.600,3060.6000,17046,0,1018144800.000,0,-,-,-,-,3060.2000,3060.0000,3059.8000,3059.6000,3059.4000,3060.6000,3060.8000,3061.0000,3061.6000,3062.0000,1,2,3,5,6,7,3,1,3,3
SF,IH2001,2020-01-16 09:34:08.100,3060.6000,17046,0,1018144800.000,0,-,-,-,-,3060.2000,3060.0000,3059.8000,3059.6000,3059.4000,3060.6000,3060.8000,3061.0000,3061.6000,3062.0000,1,2,3,5,8,7,3,1,3,3
SF,IH2001,2020-01-16 09:34:08.600,3060.6000,17046,0,1018144800.000,0,-,-,-,-,3060.2000,3060.0000,3059.8000,3059.6000,3059.4000,3060.6000,3060.8000,3061.0000,3061.6000,3062.0000,2,1,3,5,8,7,3,1,3,3
SF,IH2001,2020-01-16 09:34:09.100,3060.6000,17046,0,1018144800.000,0,-,-,-,-,3060.2000,3060.0000,3059.8000,3059.6000,3059.4000,3060.6000,3060.8000,3061.0000,3061.6000,3062.0000,2,1,3,5,6,7,3,1,3,3
SF,IH2001,2020-01-16 09:34:10.100,3060.6000,17046,0,1018144800.000,0,-,-,-,-,3060.2000,3060.0000,3059.8000,3059.6000,3059.4000,3060.6000,3060.8000,3061.0000,3061.6000,3062.0000,1,1,3,2,6,6,3,1,3,3
SF,IH2001,2020-01-16 09:34:11.600,3060.6000,17046,0,1018144800.000,0,-,-,-,-,3060.2000,3060.0000,3059.8000,3059.6000,3059.4000,3060.6000,3060.8000,3061.0000,3061.6000,3062.0000,1,1,3,2,5,6,3,1,3,3
SF,IH2001,2020-01-16 09:34:12.100,3060.6000,17046,0,1018144800.000,0,-,-,-,-,3060.2000,3060.0000,3059.8000,3059.6000,3059.4000,3060.6000,3060.8000,3061.0000,3061.6000,3062.0000,1,1,3,2,5,6,3,1,3,3
SF,IH2001,2020-01-16 09:34:12.600,3060.6000,17045,-1,1019062980.000,1,0,1,双平,S,3060.2000,3060.0000,3059.8000,3059.6000,3059.4000,3060.6000,3060.8000,3061.0000,3061.6000,3062.0000,3,1,3,2,5,5,3,1,3,3
SF,IH2001,2020-01-16 09:34:13.100,3060.2000,17043,-2,1021817400.000,3,0,3,多平,S,3060.2000,3060.0000,3059.8000,3059.6000,3059.4000,3060.4000,3060.6000,3060.8000,3061.0000,3061.6000,2,1,3,2,5,1,3,3,1,3
SF,IH2001,2020-01-16 09:34:13.600,3060.6000,17041,-2,1023653700.000,2,0,2,双平,S,3060.4000,3060.2000,3060.0000,3059.8000,3059.6000,3060.6000,3060.8000,3061.0000,3061.6000,3062.0000,5,4,1,2,2,2,2,1,3,3
SF,IH2001,2020-01-16 09:34:14.100,3060.6000,17039,-2,1025490060.000,2,0,2,双平,S,3060.4000,3060.2000,3060.0000,3059.8000,3059.6000,3060.8000,3061.0000,3061.6000,3062.0000,3062.4000,5,3,1,1,2,2,1,3,3,2
SF,IH2001,2020-01-16 09:34:14.600,3060.8000,17037,-2,1027326540.000,2,0,2,双平,S,3060.4000,3060.2000,3060.0000,3059.8000,3059.6000,3061.0000,3061.6000,3062.0000,3062.4000,3062.6000,4,4,1,1,2,1,3,3,2,1
SF,IH2001,2020-01-16 09:34:15.100,3060.4000,17032,-5,1032835740.000,6,0,6,多平,S,3060.4000,3060.2000,3059.8000,3059.6000,3059.4000,3061.6000,3062.0000,3062.4000,3062.6000,3063.0000,3,4,1,2,5,3,3,2,1,1
SF,IH2001,2020-01-16 09:34:15.600,3060.4000,17032,0,1032835740.000,0,-,-,-,-,3060.6000,3060.4000,3060.2000,3059.8000,3059.6000,3061.4000,3061.6000,3062.0000,3062.4000,3062.6000,1,2,4,1,2,2,2,2,2,1
SF,IH2001,2020-01-16 09:34:16.100,3060.4000,17031,-1,1033753860.000,1,0,1,双平,S,3060.4000,3060.2000,3059.8000,3059.6000,3059.4000,3061.0000,3061.2000,3061.4000,3061.6000,3061.8000,1,3,1,2,5,1,1,2,2,1
SF,IH2001,2020-01-16 09:34:16.600,3060.4000,17031,0,1033753860.000,0,-,-,-,-,3060.6000,3060.2000,3060.0000,3059.8000,3059.6000,3061.0000,3061.2000,3061.4000,3061.8000,3062.0000,1,3,1,1,2,1,1,4,1,2
SF,IH2001,2020-01-16 09:34:17.100,3060.6000,17030,-1,1034672040.000,1,0,1,双平,S,3060.2000,3060.0000,3059.8000,3059.6000,3059.4000,3060.6000,3060.8000,3061.0000,3061.2000,3061.4000,3,1,1,2,4,6,1,1,1,4
SF,IH2001,2020-01-16 09:34:17.600,3060.2000,17027,-3,1037426220.000,3,0,3,双平,S,3060.0000,3059.8000,3059.6000,3059.4000,3059.2000,3060.6000,3060.8000,3061.0000,3061.2000,3061.4000,1,1,2,4,2,2,1,1,1,4
SF,IH2001,2020-01-16 09:34:18.100,3060.6000,17025,-2,1039262580.000,2,0,2,双平,S,3060.6000,3060.2000,3060.0000,3059.8000,3059.6000,3060.8000,3061.0000,3061.2000,3061.4000,3061.8000,4,1,1,1,2,1,1,1,4,1
SF,IH2001,2020-01-16 09:34:18.600,3060.6000,17021,-4,1046608020.000,8,2,6,多平,S,3060.6000,3060.2000,3060.0000,3059.8000,3059.6000,3060.8000,3061.0000,3061.2000,3061.4000,3061.8000,2,1,1,1,2,11,2,1,4,1
SF,IH2001,2020-01-16 09:34:19.100,3060.0000,17019,-2,1050280440.000,4,1,3,多平,S,3059.6000,3059.4000,3059.2000,3059.0000,3058.8000,3060.4000,3060.6000,3060.8000,3061.0000,3061.2000,2,4,2,3,2,4,27,10,2,1
SF,IH2001,2020-01-16 09:34:19.600,3060.0000,17019,0,1050280440.000,0,-,-,-,-,3059.6000,3059.4000,3059.2000,3059.0000,3058.8000,3060.2000,3060.6000,3060.8000,3061.0000,3061.2000,1,4,2,3,2,3,14,10,2,1
SF,IH2001,2020-01-16 09:34:20.100,3060.0000,17019,0,1050280440.000,0,-,-,-,-,3059.6000,3059.4000,3059.2000,3059.0000,3058.8000,3059.8000,3060.2000,3060.6000,3060.8000,3061.0000,1,4,2,3,2,4,2,14,11,2
SF,IH2001,2020-01-16 09:34:20.600,3059.6000,17012,-7,1056705960.000,7,0,7,双平,S,3059.4000,3059.2000,3059.0000,3058.8000,3058.6000,3060.2000,3060.6000,3060.8000,3061.0000,3061.2000,4,2,3,2,1,2,13,11,2,1
SF,IH2001,2020-01-16 09:34:21.100,3059.6000,17012,0,1056705960.000,0,-,-,-,-,3059.4000,3059.2000,3059.0000,3058.8000,3058.6000,3060.0000,3060.2000,3060.6000,3060.8000,3061.0000,4,3,3,2,1,1,2,13,11,4
SF,IH2001,2020-01-16 09:34:21.600,3059.6000,17012,0,1056705960.000,0,-,-,-,-,3059.4000,3059.2000,3059.0000,3058.8000,3058.6000,3060.0000,3060.2000,3060.6000,3060.8000,3061.0000,4,3,3,2,1,5,8,7,1,4
SF,IH2001,2020-01-16 09:34:22.100,3059.8000,17012,0,1057623900.000,1,0,1,多换,S,3059.4000,3059.2000,3059.0000,3058.8000,3058.6000,3060.0000,3060.2000,3060.6000,3060.8000,3061.0000,4,3,3,2,1,5,8,6,1,4
SF,IH2001,2020-01-16 09:34:22.600,3059.8000,17012,0,1057623900.000,0,-,-,-,-,3059.4000,3059.2000,3059.0000,3058.8000,3058.6000,3060.0000,3060.2000,3060.6000,3060.8000,3061.0000,4,3,3,2,1,1,7,6,1,4
