市场代码,合约代码,时间,最新,持仓,增仓,成交额,成交量,开仓,平仓,成交类型,方向,买一价,买二价,买三价,买四价,买五价,卖一价,卖二价,卖三价,卖四价,卖五价,买一量,买二量,买三量,买四量,买五量,卖一量,卖二量,卖三量,卖四量,卖五量
SF,IH2002,2020-01-16 09:29:00.100,3067.0000,9246,0,2760300.000,3.000,-,-,-,-,3066.8000,3066.0000,3065.4000,3065.0000,3064.8000,3067.8000,3069.2000,3069.8000,3070.0000,3070.6000,5,1,4,2,1,1,1,1,1,1
SF,IH2002,2020-01-16 09:30:00.100,3067.8000,9244,-2,5521320.000,3,0,3,多平,S,3069.0000,3068.0000,3067.8000,3067.2000,3066.8000,3069.2000,3069.8000,3070.0000,3070.6000,3071.0000,4,1,1,9,1,1,1,2,1,1
SF,IH2002,2020-01-16 09:30:00.600,3069.0000,9241,-3,18412080.000,14,5,9,多平,S,3069.2000,3069.0000,3068.0000,3067.8000,3067.2000,3070.0000,3070.6000,3071.0000,3071.6000,3071.8000,22,4,1,2,4,2,1,1,1,1
SF,IH2002,2020-01-16 09:30:01.100,3069.2000,9238,-3,21174360.000,3,0,3,双平,S,3069.4000,3069.2000,3069.0000,3068.0000,3067.8000,3069.8000,3070.0000,3070.6000,3071.0000,3071.6000,1,19,2,1,2,1,2,1,1,1
SF,IH2002,2020-01-16 09:30:01.600,3069.4000,9236,-2,24857520.000,4,1,3,多平,S,3069.8000,3069.6000,3069.2000,3069.0000,3068.0000,3070.0000,3070.6000,3071.0000,3071.6000,3071.8000,1,1,16,2,1,2,1,1,1,1
SF,IH2002,2020-01-16 09:30:02.100,3070.0000,9231,-5,29462460.000,5,0,5,双平,S,3069.8000,3069.6000,3069.2000,3069.0000,3068.0000,3070.6000,3071.0000,3071.6000,3071.8000,3072.2000,1,1,16,2,1,1,1,1,1,1
SF,IH2002,2020-01-16 09:30:02.600,3069.6000,9222,-9,38671080.000,10,0,10,多平,S,3069.2000,3069.0000,3068.0000,3067.8000,3067.2000,3069.6000,3070.4000,3070.6000,3071.0000,3071.6000,14,2,1,3,2,1,4,1,1,1
SF,IH2002,2020-01-16 09:30:03.100,3069.6000,9220,-2,40512720.000,2,0,2,双平,S,3069.4000,3069.2000,3069.0000,3068.0000,3067.8000,3070.2000,3070.4000,3070.6000,3071.0000,3071.6000,2,13,2,1,3,1,4,1,1,1
SF,IH2002,2020-01-16 09:30:03.600,3070.0000,9220,0,41433720.000,1,0,1,多换,S,3070.2000,3069.4000,3069.2000,3069.0000,3068.0000,3070.4000,3070.6000,3071.0000,3071.6000,3071.8000,1,2,13,2,1,3,2,1,1,1
SF,IH2002,2020-01-16 09:30:04.100,3069.4000,9214,-6,47880960.000,7,0,7,多平,S,3069.4000,3069.2000,3069.0000,3068.0000,3067.8000,3069.6000,3070.4000,3070.6000,3071.0000,3071.6000,1,13,2,1,3,1,3,2,1,1
SF,IH2002,2020-01-16 09:30:04.600,3069.6000,9214,0,48801840.000,1,0,1,多换,S,3069.6000,3069.4000,3069.2000,3069.0000,3068.0000,3070.2000,3070.6000,3071.0000,3071.6000,3071.8000,4,2,13,2,2,1,2,1,1,1
SF,IH2002,2020-01-16 09:30:05.100,3070.2000,9214,0,51565020.000,3,1,2,多换,S,3070.4000,3070.2000,3069.6000,3069.4000,3069.2000,3070.6000,3071.0000,3071.6000,3071.8000,3072.2000,1,1,4,2,13,2,1,1,1,1
SF,IH2002,2020-01-16 09:30:05.600,3070.6000,9214,0,58012920.000,7,3,4,多换,S,3070.6000,3070.2000,3069.6000,3069.2000,3069.0000,3071.0000,3071.6000,3071.8000,3072.2000,3072.8000,3,1,2,13,2,1,1,1,2,1
SF,IH2002,2020-01-16 09:30:06.100,3071.0000,9214,0,61697940.000,4,2,2,多换,S,3070.8000,3070.6000,3070.2000,3069.6000,3069.2000,3071.6000,3071.8000,3072.2000,3072.8000,3073.0000,1,2,3,2,13,1,1,3,1,2
SF,IH2002,2020-01-16 09:30:06.600,3070.6000,9212,-2,65382900.000,4,1,3,多平,S,3070.2000,3069.6000,3069.2000,3069.0000,3068.0000,3071.4000,3071.6000,3071.8000,3072.2000,3072.8000,3,2,13,2,2,5,2,2,3,1
SF,IH2002,2020-01-16 09:30:07.100,3071.4000,9210,-2,68147160.000,3,0,3,多平,S,3070.8000,3070.2000,3069.6000,3069.2000,3069.0000,3071.0000,3071.2000,3071.4000,3071.6000,3071.8000,2,3,2,13,2,1,3,3,1,2
SF,IH2002,2020-01-16 09:30:07.600,3069.2000,9211,1,75515340.000,8,4,4,空开,S,3069.2000,3069.0000,3068.0000,3067.8000,3067.2000,3070.8000,3071.0000,3071.2000,3071.6000,3071.8000,12,2,1,3,1,6,2,3,1,2
SF,IH2002,2020-01-16 09:30:08.100,3070.8000,9210,-1,76436580.000,1,0,1,双平,S,3070.0000,3069.4000,3069.2000,3069.0000,3068.0000,3070.6000,3070.8000,3071.0000,3071.2000,3071.6000,1,6,12,2,1,1,8,2,3,1
SF,IH2002,2020-01-16 09:30:08.600,3070.0000,9208,-2,78278640.000,2,0,2,双平,S,3069.4000,3069.2000,3069.0000,3068.0000,3067.8000,3070.0000,3070.6000,3070.8000,3071.0000,3071.2000,5,13,2,1,3,5,1,1,2,3
SF,IH2002,2020-01-16 09:30:09.100,3069.4000,9204,-4,82883220.000,5,0,5,多平,S,3069.4000,3069.2000,3069.0000,3068.0000,3067.8000,3070.0000,3070.6000,3070.8000,3071.0000,3071.2000,3,13,2,1,3,3,2,1,1,3
SF,IH2002,2020-01-16 09:30:09.600,3069.4000,9203,-1,89329740.000,7,3,4,多平,S,3069.4000,3069.2000,3069.0000,3068.0000,3067.8000,3070.0000,3070.2000,3070.6000,3071.0000,3071.2000,1,13,2,1,3,1,2,3,1,3
SF,IH2002,2020-01-16 09:30:10.100,3070.2000,9202,-1,93013500.000,4,1,3,多平,S,3069.2000,3069.0000,3068.0000,3067.8000,3066.4000,3070.6000,3071.0000,3071.2000,3071.6000,3071.8000,13,2,1,3,2,3,1,4,1,2
SF,IH2002,2020-01-16 09:30:10.600,3070.0000,9203,1,93934500.000,1,1,0,双开,S,3070.0000,3069.2000,3069.0000,3068.0000,3067.8000,3070.2000,3070.4000,3070.6000,3071.0000,3071.2000,1,13,2,1,3,5,9,3,1,4
SF,IH2002,2020-01-16 09:30:11.100,3070.0000,9203,0,97618500.000,4,2,2,多换,S,3069.2000,3069.0000,3068.0000,3067.8000,3066.4000,3070.0000,3070.4000,3070.6000,3071.0000,3071.2000,13,2,1,3,2,2,10,4,1,4
SF,IH2002,2020-01-16 09:30:11.600,3069.4000,9202,-1,99460140.000,2,0,2,多平,S,3069.4000,3069.2000,3069.0000,3068.0000,3067.8000,3070.0000,3070.4000,3070.6000,3071.0000,3071.2000,6,13,2,1,3,4,3,3,1,4
SF,IH2002,2020-01-16 09:30:12.100,3069.4000,9199,-3,104985060.000,6,1,5,多平,S,3069.2000,3069.0000,3068.0000,3067.8000,3066.4000,3069.4000,3069.8000,3070.0000,3070.2000,3070.4000,13,2,1,3,2,2,1,5,1,2
SF,IH2002,2020-01-16 09:30:12.600,3069.2000,9189,-10,115113420.000,11,0,11,多平,S,3069.2000,3069.0000,3068.0000,3067.8000,3066.4000,3069.4000,3069.8000,3070.0000,3070.2000,3070.4000,2,2,1,2,2,3,1,1,1,2
SF,IH2002,2020-01-16 09:30:13.100,3069.4000,9189,0,119717340.000,5,2,3,多换,S,3069.0000,3068.0000,3067.8000,3066.0000,3065.0000,3069.2000,3069.4000,3069.8000,3070.0000,3070.2000,2,1,2,2,1,2,2,1,6,1
SF,IH2002,2020-01-16 09:30:13.600,3069.0000,9189,0,121558740.000,2,1,1,多换,S,3068.0000,3067.8000,3066.0000,3065.0000,3062.8000,3069.0000,3069.4000,3069.8000,3070.0000,3070.2000,1,2,2,1,5,2,2,1,6,1
SF,IH2002,2020-01-16 09:30:14.100,3068.6000,9189,0,124320720.000,3,1,2,多换,S,3068.2000,3068.0000,3067.8000,3066.0000,3065.0000,3069.0000,3069.2000,3069.4000,3069.8000,3070.0000,8,1,2,2,1,1,1,2,1,6
SF,IH2002,2020-01-16 09:30:14.600,3068.2000,9188,-1,126161880.000,2,0,2,多平,S,3068.2000,3068.0000,3067.8000,3066.0000,3065.0000,3069.0000,3069.2000,3069.4000,3069.8000,3070.0000,5,1,2,2,1,2,1,6,1,1
SF,IH2002,2020-01-16 09:30:15.100,3068.8000,9188,0,128003160.000,2,1,1,多换,S,3068.2000,3068.0000,3067.8000,3066.0000,3065.0000,3068.8000,3069.0000,3069.2000,3069.4000,3069.8000,5,1,2,2,1,2,2,1,6,1
SF,IH2002,2020-01-16 09:30:15.600,3068.8000,9188,0,128003160.000,0,-,-,-,-,3068.6000,3068.2000,3068.0000,3067.8000,3066.0000,3068.8000,3069.0000,3069.2000,3069.4000,3069.8000,1,4,1,2,2,2,2,1,6,1
SF,IH2002,2020-01-16 09:30:16.100,3068.2000,9187,-1,133526400.000,6,2,4,多平,S,3068.0000,3067.8000,3066.0000,3065.0000,3063.6000,3068.4000,3068.6000,3069.0000,3069.2000,3069.4000,1,2,1,1,1,5,3,1,1,6
SF,IH2002,2020-01-16 09:30:16.600,3068.4000,9187,0,136287960.000,3,1,2,多换,S,3068.4000,3068.2000,3068.0000,3067.8000,3066.8000,3068.6000,3069.0000,3069.2000,3069.4000,3069.8000,5,1,1,2,1,2,1,2,6,1
SF,IH2002,2020-01-16 09:30:17.100,3068.6000,9185,-2,139049700.000,3,0,3,多平,S,3068.8000,3068.4000,3068.2000,3068.0000,3067.8000,3069.0000,3069.2000,3069.4000,3069.8000,3070.0000,1,8,2,1,2,1,2,6,1,1
SF,IH2002,2020-01-16 09:30:17.600,3069.0000,9185,0,139970400.000,1,0,1,多换,S,3068.8000,3068.4000,3068.2000,3067.8000,3066.8000,3069.2000,3069.4000,3069.8000,3070.0000,3070.2000,1,8,1,2,1,2,6,1,1,1
SF,IH2002,2020-01-16 09:30:18.100,3069.2000,9185,0,141811920.000,2,1,1,多换,S,3068.8000,3068.4000,3068.2000,3068.0000,3067.8000,3069.4000,3069.8000,3070.0000,3070.2000,3070.6000,1,8,1,1,2,1,1,1,1,1
SF,IH2002,2020-01-16 09:30:18.600,3069.2000,9186,1,142732680.000,1,1,0,双开,S,3069.0000,3068.8000,3068.4000,3068.2000,3068.0000,3069.4000,3069.8000,3070.0000,3070.2000,3070.6000,1,1,8,1,1,1,1,1,6,1
SF,IH2002,2020-01-16 09:30:19.100,3069.2000,9186,0,142732680.000,0,-,-,-,-,3069.0000,3068.8000,3068.4000,3068.2000,3068.0000,3069.4000,3069.8000,3070.0000,3070.2000,3070.6000,4,1,5,1,1,1,1,1,1,1
SF,IH2002,2020-01-16 09:30:19.600,3069.8000,9187,1,144574440.000,2,1,1,空开,S,3069.4000,3069.0000,3068.8000,3068.4000,3068.2000,3070.0000,3070.2000,3070.6000,3071.0000,3071.2000,1,4,1,5,1,1,1,1,9,4
SF,IH2002,2020-01-16 09:30:20.100,3070.2000,9187,0,146416500.000,2,1,1,多换,S,3070.2000,3069.4000,3069.0000,3068.8000,3068.0000,3070.6000,3071.0000,3071.2000,3071.8000,3072.2000,2,2,3,1,1,1,9,4,1,3
SF,IH2002,2020-01-16 09:30:20.600,3070.4000,9188,1,153785400.000,8,4,4,空开,S,3070.6000,3069.6000,3069.4000,3068.8000,3068.0000,3071.0000,3071.2000,3071.8000,3072.2000,3072.8000,1,3,1,1,1,4,3,1,3,2
SF,IH2002,2020-01-16 09:30:21.100,3070.8000,9189,1,159313020.000,6,3,3,空开,S,3071.0000,3069.6000,3069.4000,3069.0000,3068.8000,3071.2000,3071.8000,3072.2000,3072.8000,3073.0000,4,3,1,1,1,4,1,3,7,2
SF,IH2002,2020-01-16 09:30:21.600,3071.0000,9193,4,167604840.000,9,6,3,空开,S,3069.6000,3069.4000,3069.0000,3068.8000,3068.0000,3071.0000,3071.2000,3071.8000,3072.2000,3072.8000,3,1,1,1,1,2,1,1,3,2
SF,IH2002,2020-01-16 09:30:22.100,3070.4000,9193,0,168525960.000,1,0,1,多换,S,3069.8000,3069.6000,3069.4000,3069.0000,3068.8000,3070.0000,3071.0000,3071.8000,3072.2000,3072.4000,4,3,1,2,1,1,1,1,3,1
SF,IH2002,2020-01-16 09:30:22.600,3070.0000,9192,-1,169446960.000,1,0,1,双平,S,3070.2000,3070.0000,3069.8000,3069.6000,3069.4000,3071.0000,3071.8000,3072.2000,3072.4000,3072.8000,1,2,4,3,1,1,1,3,1,2
SF,IH2002,2020-01-16 09:30:23.100,3070.8000,9191,-1,170368200.000,1,0,1,双平,S,3070.2000,3070.0000,3069.8000,3069.6000,3069.4000,3070.8000,3071.0000,3071.8000,3072.2000,3072.4000,1,1,4,3,1,1,2,1,3,1
SF,IH2002,2020-01-16 09:30:23.600,3070.4000,9190,-1,172210560.000,2,0,2,多平,S,3070.2000,3070.0000,3069.8000,3069.6000,3069.4000,3070.4000,3070.8000,3071.0000,3071.8000,3072.2000,1,1,2,3,1,7,1,2,1,3
SF,IH2002,2020-01-16 09:30:24.100,3070.4000,9188,-2,179579520.000,8,3,5,多平,S,3070.4000,3070.2000,3070.0000,3069.8000,3069.6000,3070.6000,3070.8000,3071.0000,3071.8000,3072.2000,2,1,1,2,3,1,1,1,2,3
SF,IH2002,2020-01-16 09:30:24.600,3070.6000,9187,-1,180500700.000,1,0,1,双平,S,3070.6000,3070.4000,3070.2000,3070.0000,3069.8000,3070.8000,3071.8000,3072.2000,3072.4000,3072.8000,1,2,1,1,2,1,2,3,1,2
SF,IH2002,2020-01-16 09:30:25.100,3070.8000,9186,-1,181421940.000,1,0,1,双平,S,3070.6000,3070.4000,3070.2000,3070.0000,3069.8000,3071.8000,3072.2000,3072.8000,3073.0000,3073.2000,1,2,1,1,2,2,3,2,2,1
SF,IH2002,2020-01-16 09:30:25.600,3070.8000,9186,0,181421940.000,0,-,-,-,-,3070.8000,3070.6000,3070.4000,3070.0000,3069.8000,3071.6000,3071.8000,3072.2000,3072.8000,3073.0000,1,1,2,1,2,5,2,2,2,2
SF,IH2002,2020-01-16 09:30:26.100,3070.8000,9186,0,182343180.000,1,0,1,多换,S,3070.8000,3070.6000,3070.4000,3069.8000,3069.6000,3071.4000,3071.6000,3071.8000,3072.2000,3072.8000,1,1,2,1,3,1,2,2,2,2
SF,IH2002,2020-01-16 09:30:26.600,3071.2000,9186,0,185107200.000,3,1,2,多换,S,3070.6000,3070.4000,3069.8000,3069.6000,3069.4000,3071.6000,3071.8000,3072.2000,3072.8000,3073.0000,1,2,1,3,1,2,2,2,2,2
SF,IH2002,2020-01-16 09:30:27.100,3071.4000,9186,0,186950040.000,2,1,1,多换,S,3070.6000,3070.4000,3069.8000,3069.6000,3069.4000,3071.0000,3071.2000,3071.4000,3071.6000,3071.8000,1,2,1,3,1,1,1,1,2,2
SF,IH2002,2020-01-16 09:30:27.600,3071.0000,9187,1,187871340.000,1,1,0,双开,S,3070.8000,3070.6000,3070.4000,3069.8000,3069.6000,3071.2000,3071.4000,3071.6000,3071.8000,3072.2000,1,1,2,1,3,1,3,1,2,2
SF,IH2002,2020-01-16 09:30:28.100,3071.2000,9187,0,188792700.000,1,0,1,多换,S,3070.8000,3070.6000,3070.4000,3069.8000,3069.6000,3071.4000,3071.6000,3071.8000,3072.2000,3072.8000,1,1,2,1,3,3,1,2,2,2
SF,IH2002,2020-01-16 09:30:28.600,3070.8000,9187,0,189713940.000,1,0,1,多换,S,3070.6000,3070.4000,3069.8000,3069.6000,3069.4000,3071.0000,3071.4000,3071.6000,3071.8000,3072.2000,1,2,1,3,1,1,3,1,2,2
SF,IH2002,2020-01-16 09:30:29.100,3070.8000,9187,0,189713940.000,0,-,-,-,-,3070.8000,3070.6000,3070.4000,3069.8000,3069.6000,3071.0000,3071.4000,3071.6000,3071.8000,3072.2000,1,1,2,1,3,1,2,1,2,2
SF,IH2002,2020-01-16 09:30:29.600,3070.8000,9187,0,191556480.000,2,1,1,多换,S,3070.6000,3070.4000,3069.8000,3069.6000,3069.4000,3071.4000,3071.6000,3071.8000,3072.2000,3072.8000,1,2,1,3,1,2,1,2,2,2
SF,IH2002,2020-01-16 09:30:30.100,3070.8000,9187,0,191556480.000,0,-,-,-,-,3070.6000,3070.4000,3069.8000,3069.6000,3069.4000,3071.0000,3071.2000,3071.4000,3071.6000,3071.8000,1,2,1,3,1,1,1,2,1,2
SF,IH2002,2020-01-16 09:30:30.600,3070.8000,9187,0,191556480.000,0,-,-,-,-,3070.6000,3070.4000,3069.8000,3069.6000,3069.4000,3070.8000,3071.0000,3071.2000,3071.4000,3071.6000,1,2,1,3,1,1,1,2,1,1
SF,IH2002,2020-01-16 09:30:31.100,3070.8000,9186,-1,192477720.000,1,0,1,双平,S,3070.6000,3070.4000,3069.8000,3069.6000,3069.4000,3071.0000,3071.2000,3071.4000,3071.6000,3071.8000,1,2,1,3,1,1,2,1,1,2
SF,IH2002,2020-01-16 09:30:31.600,3070.8000,9186,0,192477720.000,0,-,-,-,-,3070.6000,3070.4000,3069.8000,3069.6000,3069.4000,3071.0000,3071.2000,3071.4000,3071.6000,3071.8000,1,2,1,3,1,1,2,1,1,2
SF,IH2002,2020-01-16 09:30:32.100,3071.0000,9185,-1,193399020.000,1,0,1,双平,S,3070.6000,3070.4000,3069.8000,3069.6000,3069.4000,3071.2000,3071.4000,3071.6000,3071.8000,3072.2000,1,2,1,3,1,2,1,1,2,2
SF,IH2002,2020-01-16 09:30:32.600,3071.0000,9185,0,193399020.000,0,-,-,-,-,3070.8000,3070.6000,3070.4000,3069.6000,3069.4000,3071.2000,3071.4000,3071.6000,3071.8000,3072.2000,1,1,2,3,1,2,1,1,2,2
SF,IH2002,2020-01-16 09:30:33.100,3071.0000,9184,-1,194320320.000,1,0,1,双平,S,3070.8000,3070.6000,3070.4000,3069.6000,3069.4000,3071.2000,3071.6000,3071.8000,3072.2000,3072.8000,1,1,2,3,1,2,1,2,2,2
SF,IH2002,2020-01-16 09:30:33.600,3071.0000,9184,0,194320320.000,0,-,-,-,-,3070.8000,3070.6000,3070.4000,3069.6000,3069.4000,3071.2000,3071.8000,3072.2000,3072.8000,3073.0000,1,1,2,3,1,1,2,2,2,2
SF,IH2002,2020-01-16 09:30:34.100,3071.0000,9184,0,194320320.000,0,-,-,-,-,3070.8000,3070.6000,3070.4000,3069.6000,3069.4000,3071.2000,3071.8000,3072.2000,3072.6000,3072.8000,1,1,2,3,1,1,1,2,1,2
SF,IH2002,2020-01-16 09:30:34.600,3071.0000,9184,0,194320320.000,0,-,-,-,-,3071.0000,3070.8000,3070.6000,3070.4000,3069.6000,3071.2000,3071.8000,3072.2000,3072.6000,3072.8000,1,1,1,2,3,1,1,2,1,2
SF,IH2002,2020-01-16 09:30:35.100,3071.2000,9183,-1,195241680.000,1,0,1,双平,S,3071.0000,3070.8000,3070.6000,3070.4000,3069.6000,3071.8000,3072.2000,3072.6000,3072.8000,3073.0000,1,1,1,2,3,1,2,1,2,2
SF,IH2002,2020-01-16 09:30:35.600,3070.8000,9183,0,197084220.000,2,1,1,多换,S,3070.6000,3070.4000,3069.6000,3069.4000,3068.8000,3071.8000,3072.2000,3072.6000,3072.8000,3073.0000,1,2,3,1,1,1,2,1,2,2
SF,IH2002,2020-01-16 09:30:36.100,3070.8000,9182,-1,198005460.000,1,0,1,双平,S,3070.6000,3070.4000,3069.6000,3069.4000,3068.8000,3071.0000,3071.6000,3071.8000,3072.2000,3072.6000,1,2,3,1,1,5,2,1,2,1
SF,IH2002,2020-01-16 09:30:36.600,3070.6000,9182,0,198926640.000,1,0,1,多换,S,3070.4000,3069.6000,3069.4000,3068.8000,3067.8000,3070.6000,3071.6000,3071.8000,3072.2000,3072.6000,2,3,1,1,1,4,4,1,2,1
SF,IH2002,2020-01-16 09:30:37.100,3070.4000,9182,0,201690120.000,3,1,2,多换,S,3070.4000,3069.6000,3069.4000,3068.8000,3067.8000,3070.6000,3071.4000,3071.6000,3071.8000,3072.2000,1,3,1,1,1,2,1,3,1,2
SF,IH2002,2020-01-16 09:30:37.600,3070.4000,9182,0,201690120.000,0,-,-,-,-,3070.4000,3069.6000,3069.4000,3068.8000,3067.8000,3070.6000,3071.0000,3071.4000,3071.6000,3071.8000,1,3,1,1,1,2,2,1,2,1
SF,IH2002,2020-01-16 09:30:38.100,3070.4000,9182,0,202611240.000,1,0,1,多换,S,3069.6000,3069.4000,3068.8000,3067.8000,3066.8000,3070.4000,3070.6000,3071.0000,3071.4000,3071.6000,3,1,1,1,1,1,2,3,1,3
SF,IH2002,2020-01-16 09:30:38.600,3069.8000,9180,-2,204453120.000,2,0,2,双平,S,3069.8000,3069.6000,3069.4000,3068.8000,3067.8000,3070.4000,3071.0000,3071.4000,3071.6000,3071.8000,5,3,1,1,1,2,3,1,3,1
SF,IH2002,2020-01-16 09:30:39.100,3069.8000,9180,0,205374060.000,1,0,1,多换,S,3069.8000,3069.6000,3069.4000,3068.8000,3067.8000,3070.2000,3070.4000,3070.8000,3071.0000,3071.4000,4,3,1,1,1,1,1,1,3,1
SF,IH2002,2020-01-16 09:30:39.600,3069.8000,9180,0,205374060.000,0,-,-,-,-,3069.8000,3069.6000,3069.4000,3068.8000,3067.8000,3070.0000,3070.4000,3070.6000,3070.8000,3071.0000,3,3,1,1,1,1,1,1,1,3
SF,IH2002,2020-01-16 09:30:40.100,3070.0000,9180,0,206295060.000,1,0,1,多换,S,3070.0000,3069.8000,3069.6000,3069.4000,3068.8000,3070.4000,3070.6000,3070.8000,3071.0000,3071.4000,1,3,3,1,1,2,1,1,3,1
SF,IH2002,2020-01-16 09:30:40.600,3070.0000,9180,0,206295060.000,0,-,-,-,-,3069.8000,3069.6000,3069.4000,3068.8000,3067.8000,3070.2000,3070.4000,3070.6000,3070.8000,3071.0000,2,3,1,1,1,1,2,1,1,3
SF,IH2002,2020-01-16 09:30:41.100,3070.0000,9180,0,207216060.000,1,0,1,多换,S,3069.8000,3069.4000,3068.8000,3067.8000,3066.8000,3070.4000,3070.6000,3070.8000,3071.0000,3071.4000,2,1,1,1,1,2,1,1,3,1
SF,IH2002,2020-01-16 09:30:41.600,3070.0000,9180,0,207216060.000,0,-,-,-,-,3069.8000,3069.4000,3068.8000,3067.8000,3066.8000,3070.2000,3070.4000,3070.8000,3071.0000,3071.4000,2,1,1,1,1,2,2,1,3,1
SF,IH2002,2020-01-16 09:30:42.100,3070.0000,9180,0,207216060.000,0,-,-,-,-,3069.4000,3068.8000,3067.8000,3066.8000,3066.0000,3070.0000,3070.2000,3070.4000,3070.8000,3071.0000,1,1,1,1,1,1,2,2,1,3
SF,IH2002,2020-01-16 09:30:42.600,3070.0000,9180,0,207216060.000,0,-,-,-,-,3069.6000,3069.4000,3068.8000,3067.8000,3066.8000,3070.0000,3070.2000,3070.4000,3070.8000,3071.0000,2,1,1,1,1,2,2,2,1,3
SF,IH2002,2020-01-16 09:30:43.100,3069.4000,9181,1,208136880.000,1,1,0,双开,S,3068.8000,3067.8000,3066.8000,3066.0000,3065.0000,3070.0000,3070.2000,3070.4000,3070.8000,3071.0000,1,1,1,1,1,2,2,2,1,3
SF,IH2002,2020-01-16 09:30:43.600,3069.4000,9181,0,208136880.000,0,-,-,-,-,3069.2000,3069.0000,3068.8000,3067.8000,3066.8000,3069.8000,3070.0000,3070.2000,3070.4000,3070.8000,3,3,1,1,1,1,2,2,2,1
SF,IH2002,2020-01-16 09:30:44.100,3069.4000,9181,0,208136880.000,0,-,-,-,-,3069.4000,3069.0000,3068.8000,3067.8000,3066.8000,3069.8000,3070.0000,3070.2000,3070.4000,3070.8000,1,1,1,1,1,1,2,2,2,1
SF,IH2002,2020-01-16 09:30:44.600,3069.4000,9181,0,209057700.000,1,0,1,多换,S,3069.0000,3068.8000,3067.8000,3066.8000,3066.0000,3069.8000,3070.0000,3070.2000,3070.4000,3070.8000,1,1,1,1,1,1,2,2,2,2
SF,IH2002,2020-01-16 09:30:45.100,3069.4000,9181,0,209057700.000,0,-,-,-,-,3068.8000,3067.8000,3066.8000,3066.0000,3065.0000,3069.8000,3070.0000,3070.2000,3070.4000,3070.8000,1,1,1,1,1,1,2,2,2,2
SF,IH2002,2020-01-16 09:30:45.600,3069.0000,9181,0,209978400.000,1,0,1,多换,S,3069.0000,3068.8000,3067.8000,3066.8000,3066.0000,3069.6000,3069.8000,3070.0000,3070.2000,3070.4000,2,1,1,1,1,1,1,2,2,2
SF,IH2002,2020-01-16 09:30:46.100,3069.0000,9181,0,211819800.000,2,1,1,多换,S,3068.8000,3067.8000,3066.8000,3066.0000,3065.0000,3069.4000,3069.6000,3069.8000,3070.0000,3070.2000,1,1,1,1,1,2,1,1,2,2
SF,IH2002,2020-01-16 09:30:46.600,3069.0000,9181,0,211819800.000,0,-,-,-,-,3068.8000,3067.8000,3066.8000,3066.0000,3065.0000,3069.4000,3069.6000,3069.8000,3070.0000,3070.2000,1,1,1,1,1,2,2,1,2,2
SF,IH2002,2020-01-16 09:30:47.100,3068.8000,9181,0,212740440.000,1,0,1,多换,S,3067.8000,3066.8000,3066.0000,3065.0000,3063.6000,3069.0000,3069.4000,3069.6000,3069.8000,3070.0000,1,1,1,1,1,1,1,2,1,1
SF,IH2002,2020-01-16 09:30:47.600,3068.8000,9181,0,212740440.000,0,-,-,-,-,3068.0000,3067.8000,3066.8000,3066.0000,3065.0000,3068.8000,3069.0000,3069.4000,3069.6000,3069.8000,7,1,1,1,1,1,1,1,2,1
SF,IH2002,2020-01-16 09:30:48.100,3068.8000,9181,0,212740440.000,0,-,-,-,-,3068.0000,3067.8000,3066.8000,3066.0000,3065.0000,3068.8000,3069.0000,3069.4000,3069.6000,3069.8000,8,1,1,1,1,2,1,1,2,1
SF,IH2002,2020-01-16 09:30:48.600,3068.8000,9181,0,212740440.000,0,-,-,-,-,3068.0000,3067.8000,3066.8000,3066.0000,3065.0000,3068.8000,3069.0000,3069.4000,3069.6000,3069.8000,9,1,1,1,1,2,1,1,2,1
SF,IH2002,2020-01-16 09:30:49.100,3068.8000,9181,0,212740440.000,0,-,-,-,-,3068.0000,3067.8000,3066.8000,3066.0000,3065.0000,3068.8000,3069.0000,3069.4000,3069.8000,3070.0000,6,1,1,1,1,2,1,1,1,1
SF,IH2002,2020-01-16 09:30:49.600,3068.8000,9181,0,212740440.000,0,-,-,-,-,3068.0000,3067.8000,3066.8000,3066.0000,3065.0000,3068.8000,3069.0000,3069.4000,3069.8000,3070.0000,3,1,1,1,1,2,2,1,1,1
SF,IH2002,2020-01-16 09:30:50.100,3068.8000,9181,0,214581720.000,2,1,1,多换,S,3068.6000,3068.0000,3067.8000,3066.8000,3066.0000,3068.8000,3069.0000,3069.4000,3069.8000,3070.0000,1,3,1,1,1,2,2,1,1,1
SF,IH2002,2020-01-16 09:30:50.600,3068.6000,9181,0,216422880.000,2,1,1,多换,S,3068.0000,3067.8000,3066.8000,3066.0000,3065.0000,3068.6000,3068.8000,3069.0000,3069.4000,3069.8000,3,1,1,1,1,1,2,2,1,1
SF,IH2002,2020-01-16 09:30:51.100,3068.6000,9181,0,216422880.000,0,-,-,-,-,3068.2000,3068.0000,3067.8000,3066.8000,3066.0000,3068.8000,3069.0000,3070.0000,3070.4000,3070.8000,3,3,1,1,1,1,2,1,2,1
SF,IH2002,2020-01-16 09:30:51.600,3068.4000,9182,1,218264040.000,2,1,1,空开,S,3068.2000,3068.0000,3067.8000,3066.8000,3066.0000,3069.0000,3070.0000,3070.4000,3070.8000,3071.0000,3,3,1,1,1,2,1,2,1,3
SF,IH2002,2020-01-16 09:30:52.100,3069.0000,9182,0,220105440.000,2,1,1,多换,S,3069.0000,3068.2000,3068.0000,3067.8000,3066.8000,3070.0000,3070.4000,3070.8000,3071.0000,3071.2000,3,3,3,1,1,1,2,1,3,1
SF,IH2002,2020-01-16 09:30:52.600,3069.0000,9182,0,220105440.000,0,-,-,-,-,3069.0000,3068.4000,3068.2000,3068.0000,3067.8000,3069.8000,3070.0000,3070.4000,3070.8000,3071.0000,3,2,1,1,1,5,1,2,2,3
SF,IH2002,2020-01-16 09:30:53.100,3069.0000,9182,0,220105440.000,0,-,-,-,-,3069.0000,3068.4000,3068.2000,3068.0000,3067.8000,3069.6000,3069.8000,3070.0000,3070.4000,3070.8000,3,2,1,1,1,1,4,1,2,2
SF,IH2002,2020-01-16 09:30:53.600,3069.0000,9182,0,220105440.000,0,-,-,-,-,3069.0000,3068.4000,3068.2000,3068.0000,3067.8000,3069.4000,3069.6000,3069.8000,3070.0000,3070.4000,3,2,1,1,1,1,1,2,1,2
SF,IH2002,2020-01-16 09:30:54.100,3069.0000,9182,0,220105440.000,0,-,-,-,-,3069.0000,3068.4000,3068.2000,3068.0000,3067.8000,3069.4000,3069.6000,3069.8000,3070.0000,3070.4000,3,2,1,1,1,1,1,2,1,2
SF,IH2002,2020-01-16 09:30:54.600,3069.0000,9182,0,220105440.000,0,-,-,-,-,3069.0000,3068.4000,3068.2000,3068.0000,3067.8000,3069.4000,3069.6000,3069.8000,3070.0000,3070.4000,3,2,1,1,1,1,2,2,1,2
SF,IH2002,2020-01-16 09:30:55.100,3069.0000,9183,1,221026140.000,1,1,0,双开,S,3069.0000,3068.4000,3068.2000,3068.0000,3067.8000,3069.4000,3069.6000,3069.8000,3070.0000,3070.4000,2,2,1,1,1,1,2,3,1,2
SF,IH2002,2020-01-16 09:30:55.600,3069.0000,9183,0,221026140.000,0,-,-,-,-,3069.0000,3068.4000,3068.2000,3068.0000,3067.8000,3069.4000,3069.6000,3069.8000,3070.0000,3070.4000,2,2,1,1,1,1,2,2,1,2
SF,IH2002,2020-01-16 09:30:56.600,3069.0000,9183,0,221946840.000,1,0,1,多换,S,3069.0000,3068.4000,3068.2000,3068.0000,3067.8000,3069.4000,3069.6000,3069.8000,3070.0000,3070.4000,1,2,1,1,1,1,2,2,1,2
SF,IH2002,2020-01-16 09:30:57.100,3069.0000,9184,1,222867540.000,1,1,0,双开,S,3068.4000,3068.2000,3068.0000,3067.8000,3066.8000,3069.0000,3069.4000,3069.6000,3069.8000,3070.0000,2,1,1,1,2,1,1,1,2,1
SF,IH2002,2020-01-16 09:30:57.600,3069.0000,9184,0,222867540.000,0,-,-,-,-,3068.6000,3068.4000,3068.0000,3067.8000,3066.8000,3069.4000,3069.6000,3069.8000,3070.0000,3070.4000,3,2,1,1,2,1,1,2,1,2
SF,IH2002,2020-01-16 09:30:58.100,3069.0000,9184,0,222867540.000,0,-,-,-,-,3068.8000,3068.6000,3068.0000,3067.8000,3066.8000,3069.2000,3069.4000,3069.6000,3069.8000,3070.4000,2,3,1,1,2,2,1,1,2,2
SF,IH2002,2020-01-16 09:30:58.600,3069.0000,9184,0,222867540.000,0,-,-,-,-,3068.8000,3068.6000,3068.0000,3067.8000,3066.8000,3069.2000,3069.4000,3069.6000,3069.8000,3070.4000,2,2,1,1,2,2,1,1,1,2
SF,IH2002,2020-01-16 09:30:59.100,3069.0000,9184,0,222867540.000,0,-,-,-,-,3068.8000,3068.6000,3068.0000,3067.8000,3066.8000,3069.2000,3069.4000,3069.6000,3069.8000,3070.4000,2,2,1,1,2,2,3,1,1,3
SF,IH2002,2020-01-16 09:30:59.600,3069.0000,9184,0,222867540.000,0,-,-,-,-,3069.0000,3068.8000,3068.6000,3068.0000,3067.8000,3069.2000,3069.4000,3069.6000,3069.8000,3070.4000,1,2,1,1,1,3,1,1,1,3
SF,IH2002,2020-01-16 09:31:00.100,3069.2000,9184,0,227471340.000,5,2,3,多换,S,3069.0000,3068.8000,3068.6000,3068.0000,3067.8000,3069.4000,3069.6000,3069.8000,3070.4000,3070.8000,1,2,1,1,1,1,1,1,3,4
SF,IH2002,2020-01-16 09:31:00.600,3069.2000,9186,2,233916780.000,7,4,3,空开,S,3069.0000,3068.8000,3068.6000,3068.0000,3067.8000,3069.6000,3070.4000,3070.8000,3071.0000,3071.2000,2,1,1,1,1,1,3,4,3,1
SF,IH2002,2020-01-16 09:31:01.100,3069.6000,9188,2,235758540.000,2,2,0,双开,S,3069.2000,3069.0000,3068.6000,3068.0000,3067.8000,3070.4000,3070.8000,3071.0000,3071.2000,3071.8000,3,2,1,1,1,2,5,3,1,1
SF,IH2002,2020-01-16 09:31:01.600,3069.4000,9187,-1,240363660.000,5,2,3,多平,S,3069.2000,3069.0000,3068.6000,3068.0000,3067.8000,3070.4000,3070.8000,3071.0000,3071.2000,3071.8000,3,2,1,1,1,1,5,3,1,1
SF,IH2002,2020-01-16 09:31:02.100,3070.4000,9187,0,242205840.000,2,1,1,多换,S,3069.2000,3069.0000,3068.6000,3068.0000,3067.8000,3070.6000,3070.8000,3071.0000,3071.2000,3071.8000,2,2,1,1,1,1,4,3,1,1
SF,IH2002,2020-01-16 09:31:02.600,3070.4000,9188,1,243126960.000,1,1,0,双开,S,3069.8000,3069.0000,3068.6000,3068.0000,3067.8000,3070.4000,3070.6000,3070.8000,3071.0000,3071.2000,1,2,1,1,1,4,1,3,3,1
SF,IH2002,2020-01-16 09:31:03.100,3069.8000,9189,1,245889780.000,3,2,1,空开,S,3069.0000,3068.6000,3068.0000,3067.8000,3066.8000,3069.8000,3070.4000,3070.8000,3071.0000,3071.2000,2,1,1,1,2,2,7,3,3,1
SF,IH2002,2020-01-16 09:31:03.600,3069.0000,9188,-1,247731240.000,2,0,2,多平,S,3068.6000,3068.0000,3067.8000,3066.8000,3066.0000,3069.8000,3070.2000,3070.4000,3070.8000,3071.0000,1,1,1,2,1,7,3,6,2,3
SF,IH2002,2020-01-16 09:31:04.100,3069.0000,9188,0,247731240.000,0,-,-,-,-,3068.8000,3068.0000,3067.8000,3066.8000,3066.0000,3069.6000,3069.8000,3070.2000,3070.4000,3070.8000,1,1,1,2,1,2,8,3,5,2
SF,IH2002,2020-01-16 09:31:04.600,3068.8000,9187,-1,248651880.000,1,0,1,双平,S,3067.8000,3066.8000,3066.6000,3066.0000,3065.0000,3068.8000,3069.6000,3069.8000,3070.2000,3070.4000,1,2,1,1,1,5,2,2,3,6
SF,IH2002,2020-01-16 09:31:05.100,3068.8000,9187,0,248651880.000,0,-,-,-,-,3068.0000,3067.8000,3066.8000,3066.6000,3066.0000,3068.8000,3069.6000,3069.8000,3070.0000,3070.2000,11,1,2,1,1,5,1,2,1,3
SF,IH2002,2020-01-16 09:31:05.600,3068.8000,9187,0,251413800.000,3,1,2,多换,S,3068.0000,3067.8000,3066.8000,3066.6000,3066.0000,3068.8000,3069.6000,3069.8000,3070.2000,3070.4000,6,1,2,1,1,2,3,3,2,4
SF,IH2002,2020-01-16 09:31:06.100,3068.0000,9186,-1,255096120.000,4,1,3,多平,S,3068.0000,3067.8000,3066.8000,3066.6000,3066.0000,3069.6000,3069.8000,3070.2000,3070.4000,3070.8000,2,1,2,1,1,3,2,2,4,2
SF,IH2002,2020-01-16 09:31:06.600,3068.0000,9186,0,255096120.000,0,-,-,-,-,3068.2000,3068.0000,3067.8000,3066.8000,3066.6000,3069.4000,3069.6000,3069.8000,3070.2000,3070.4000,5,2,1,2,1,1,3,2,2,3
SF,IH2002,2020-01-16 09:31:07.100,3068.0000,9186,0,255096120.000,0,-,-,-,-,3068.4000,3067.8000,3066.8000,3066.6000,3066.0000,3069.2000,3069.4000,3069.6000,3069.8000,3070.2000,2,1,2,1,1,4,1,2,2,3
SF,IH2002,2020-01-16 09:31:07.600,3068.0000,9187,1,256016520.000,1,1,0,双开,S,3068.6000,3068.4000,3068.2000,3067.8000,3066.8000,3069.2000,3069.4000,3069.6000,3069.8000,3070.2000,1,1,1,1,2,4,1,1,2,3
SF,IH2002,2020-01-16 09:31:08.100,3068.6000,9188,1,257857680.000,2,1,1,空开,S,3068.4000,3067.8000,3066.8000,3066.6000,3066.0000,3069.4000,3069.6000,3069.8000,3070.2000,3070.4000,1,1,2,1,1,1,1,2,3,3
SF,IH2002,2020-01-16 09:31:08.600,3068.6000,9188,0,257857680.000,0,-,-,-,-,3068.4000,3067.8000,3066.8000,3066.6000,3066.0000,3069.2000,3069.4000,3069.6000,3069.8000,3070.2000,1,1,2,1,1,1,1,1,1,3
SF,IH2002,2020-01-16 09:31:09.100,3068.6000,9188,0,257857680.000,0,-,-,-,-,3067.8000,3066.8000,3066.6000,3066.0000,3065.0000,3069.2000,3069.4000,3069.6000,3069.8000,3070.2000,1,2,1,1,1,1,1,1,2,2
SF,IH2002,2020-01-16 09:31:09.600,3068.6000,9188,0,257857680.000,0,-,-,-,-,3068.6000,3068.0000,3067.8000,3066.8000,3066.6000,3069.2000,3069.4000,3069.6000,3069.8000,3070.2000,1,1,1,2,1,1,1,1,2,2
SF,IH2002,2020-01-16 09:31:10.100,3068.6000,9188,0,257857680.000,0,-,-,-,-,3068.8000,3068.6000,3068.0000,3067.8000,3066.8000,3069.4000,3069.6000,3069.8000,3070.0000,3070.2000,1,1,1,1,2,1,1,2,1,1
SF,IH2002,2020-01-16 09:31:10.600,3068.6000,9188,0,257857680.000,0,-,-,-,-,3068.8000,3066.8000,3066.6000,3066.0000,3065.0000,3069.4000,3069.6000,3069.8000,3070.0000,3070.2000,1,2,1,1,1,1,1,2,1,1
SF,IH2002,2020-01-16 09:31:11.100,3068.6000,9188,0,257857680.000,0,-,-,-,-,3068.8000,3066.8000,3066.6000,3066.0000,3065.0000,3069.2000,3069.4000,3069.6000,3069.8000,3070.0000,1,2,1,1,1,1,1,1,3,1
SF,IH2002,2020-01-16 09:31:11.600,3069.2000,9188,0,258778440.000,1,0,1,多换,S,3068.8000,3066.8000,3066.6000,3066.0000,3065.0000,3069.4000,3069.6000,3069.8000,3070.0000,3070.2000,1,2,1,1,1,1,1,3,1,1
SF,IH2002,2020-01-16 09:31:12.100,3069.2000,9188,0,258778440.000,0,-,-,-,-,3068.8000,3066.8000,3066.6000,3066.0000,3065.0000,3069.0000,3069.4000,3069.8000,3070.0000,3070.2000,1,2,1,1,1,1,1,3,1,1
SF,IH2002,2020-01-16 09:31:12.600,3069.2000,9188,0,258778440.000,0,-,-,-,-,3068.8000,3066.8000,3066.6000,3066.0000,3065.0000,3069.0000,3069.4000,3069.8000,3070.0000,3070.2000,1,2,1,1,1,1,1,3,1,1
SF,IH2002,2020-01-16 09:31:13.100,3069.0000,9187,-1,259699140.000,1,0,1,双平,S,3068.8000,3066.8000,3066.6000,3066.0000,3065.0000,3069.4000,3069.8000,3070.0000,3070.2000,3070.4000,1,2,1,1,1,1,3,1,1,1
SF,IH2002,2020-01-16 09:31:13.600,3068.8000,9186,-1,260619780.000,1,0,1,双平,S,3066.8000,3066.6000,3066.0000,3065.0000,3064.4000,3068.8000,3069.2000,3069.8000,3070.0000,3070.2000,2,1,1,1,2,1,1,3,1,1
SF,IH2002,2020-01-16 09:31:14.100,3068.8000,9185,-1,261540420.000,1,0,1,双平,S,3067.2000,3067.0000,3066.8000,3066.6000,3066.0000,3068.6000,3068.8000,3069.2000,3069.8000,3070.0000,2,2,4,1,1,1,1,2,2,1
SF,IH2002,2020-01-16 09:31:14.600,3069.2000,9185,0,262461180.000,1,0,1,多换,S,3068.6000,3067.4000,3067.2000,3066.8000,3066.6000,3069.2000,3069.8000,3070.0000,3070.2000,3070.4000,1,3,2,4,1,1,2,1,1,1
SF,IH2002,2020-01-16 09:31:15.100,3069.2000,9185,0,262461180.000,0,-,-,-,-,3067.4000,3067.2000,3066.8000,3066.6000,3066.0000,3069.0000,3069.2000,3069.8000,3070.0000,3070.2000,2,2,4,1,1,1,1,2,1,1
SF,IH2002,2020-01-16 09:31:15.600,3069.2000,9185,0,262461180.000,0,-,-,-,-,3067.6000,3067.4000,3067.2000,3066.8000,3066.6000,3069.0000,3069.2000,3069.8000,3070.0000,3070.2000,2,2,2,4,1,2,1,2,1,1
SF,IH2002,2020-01-16 09:31:16.100,3069.0000,9184,-1,263381880.000,1,0,1,双平,S,3067.8000,3067.6000,3067.4000,3067.2000,3066.8000,3069.0000,3069.2000,3069.8000,3070.0000,3070.2000,1,1,1,2,4,2,1,2,1,1
SF,IH2002,2020-01-16 09:31:16.600,3069.0000,9184,0,263381880.000,0,-,-,-,-,3067.2000,3066.8000,3066.6000,3066.0000,3065.0000,3068.6000,3068.8000,3069.0000,3069.2000,3069.8000,2,4,1,1,1,5,5,2,1,2
SF,IH2002,2020-01-16 09:31:17.100,3069.0000,9184,0,263381880.000,0,-,-,-,-,3067.4000,3067.2000,3066.8000,3066.6000,3066.0000,3068.8000,3069.0000,3069.2000,3069.8000,3070.0000,2,2,4,1,1,1,2,1,2,1
SF,IH2002,2020-01-16 09:31:17.600,3069.0000,9184,0,263381880.000,0,-,-,-,-,3067.2000,3066.8000,3066.6000,3066.0000,3065.0000,3067.8000,3068.4000,3068.6000,3068.8000,3069.0000,2,3,1,1,1,2,1,2,1,1
SF,IH2002,2020-01-16 09:31:18.100,3069.0000,9184,0,263381880.000,0,-,-,-,-,3066.8000,3066.6000,3066.0000,3065.0000,3063.6000,3067.8000,3068.4000,3068.6000,3068.8000,3069.0000,2,1,1,1,1,2,1,3,1,1
SF,IH2002,2020-01-16 09:31:18.600,3069.0000,9184,0,263381880.000,0,-,-,-,-,3067.0000,3066.8000,3066.6000,3066.0000,3065.0000,3067.8000,3068.6000,3068.8000,3069.0000,3069.2000,2,2,1,1,1,2,3,1,1,1
SF,IH2002,2020-01-16 09:31:19.100,3067.8000,9184,0,265222560.000,2,1,1,多换,S,3067.4000,3067.2000,3067.0000,3066.8000,3066.6000,3068.6000,3069.0000,3069.2000,3069.8000,3070.0000,1,2,2,1,1,4,1,1,2,1
SF,IH2002,2020-01-16 09:31:19.600,3068.6000,9184,0,268904880.000,4,2,2,多换,S,3067.4000,3067.2000,3067.0000,3066.8000,3066.6000,3069.0000,3069.2000,3069.8000,3070.0000,3070.4000,1,2,2,1,1,1,1,2,1,1
SF,IH2002,2020-01-16 09:31:20.100,3068.6000,9184,0,268904880.000,0,-,-,-,-,3067.4000,3067.0000,3066.8000,3066.6000,3066.0000,3068.8000,3069.0000,3069.8000,3070.0000,3070.4000,1,2,1,1,1,3,1,3,1,1
SF,IH2002,2020-01-16 09:31:20.600,3068.6000,9184,0,268904880.000,0,-,-,-,-,3067.8000,3067.6000,3067.4000,3066.8000,3066.6000,3068.4000,3068.8000,3069.8000,3070.0000,3070.8000,2,3,1,1,1,1,2,3,1,2
SF,IH2002,2020-01-16 09:31:21.100,3068.6000,9184,0,269825460.000,1,0,1,多换,S,3068.4000,3068.2000,3068.0000,3067.8000,3067.6000,3069.8000,3070.0000,3070.8000,3071.0000,3071.2000,2,1,1,2,3,3,1,2,3,1
SF,IH2002,2020-01-16 09:31:21.600,3068.4000,9184,0,270745980.000,1,0,1,多换,S,3068.2000,3068.0000,3067.8000,3067.6000,3067.4000,3069.6000,3069.8000,3070.0000,3070.8000,3071.0000,1,2,2,2,1,10,2,1,2,3
SF,IH2002,2020-01-16 09:31:22.100,3068.4000,9184,0,270745980.000,0,-,-,-,-,3068.4000,3068.2000,3068.0000,3067.8000,3067.6000,3069.4000,3069.6000,3069.8000,3070.0000,3070.8000,3,1,1,2,2,4,10,2,1,2
SF,IH2002,2020-01-16 09:31:22.600,3069.4000,9184,0,271666800.000,1,0,1,多换,S,3068.6000,3068.4000,3068.2000,3068.0000,3067.8000,3069.2000,3069.4000,3069.6000,3069.8000,3070.0000,1,4,1,1,2,1,4,1,2,1
SF,IH2002,2020-01-16 09:31:23.100,3069.2000,9184,0,272587560.000,1,0,1,多换,S,3068.6000,3068.4000,3068.2000,3068.0000,3067.8000,3069.4000,3069.6000,3069.8000,3070.0000,3070.8000,1,3,1,1,2,1,1,2,1,2
SF,IH2002,2020-01-16 09:31:23.600,3069.4000,9184,0,273508380.000,1,0,1,多换,S,3069.0000,3068.4000,3068.2000,3068.0000,3067.8000,3069.8000,3070.0000,3070.8000,3071.0000,3071.2000,2,3,1,1,2,2,1,2,3,1
SF,IH2002,2020-01-16 09:31:24.100,3069.6000,9184,0,276270840.000,3,1,2,多换,S,3069.0000,3068.4000,3068.2000,3068.0000,3067.8000,3069.6000,3069.8000,3070.0000,3070.8000,3071.0000,3,3,1,1,2,5,2,1,2,3
SF,IH2002,2020-01-16 09:31:24.600,3069.6000,9184,0,277191720.000,1,0,1,多换,S,3069.0000,3068.4000,3068.2000,3068.0000,3067.8000,3069.6000,3069.8000,3070.0000,3070.4000,3070.8000,3,3,1,1,2,6,2,1,1,2
SF,IH2002,2020-01-16 09:31:25.100,3069.6000,9184,0,277191720.000,0,-,-,-,-,3069.0000,3068.4000,3068.2000,3068.0000,3067.8000,3069.4000,3069.6000,3069.8000,3070.0000,3070.4000,3,3,1,1,2,1,5,2,1,1
SF,IH2002,2020-01-16 09:31:25.600,3069.0000,9183,-1,278112420.000,1,0,1,双平,S,3069.0000,3068.4000,3068.2000,3068.0000,3067.8000,3069.4000,3069.6000,3069.8000,3070.0000,3070.4000,2,3,1,1,2,1,5,2,1,1
SF,IH2002,2020-01-16 09:31:26.100,3069.4000,9182,-1,279033240.000,1,0,1,双平,S,3069.4000,3069.0000,3068.4000,3068.2000,3068.0000,3069.6000,3069.8000,3070.0000,3070.4000,3070.8000,1,2,3,1,1,4,2,1,1,2
SF,IH2002,2020-01-16 09:31:26.600,3069.0000,9181,-1,281795460.000,3,1,2,多平,S,3068.4000,3068.0000,3067.6000,3066.8000,3066.6000,3069.0000,3069.4000,3069.6000,3069.8000,3070.0000,3,1,1,1,1,9,2,4,2,1
SF,IH2002,2020-01-16 09:31:27.100,3068.8000,9181,0,283636740.000,2,1,1,多换,S,3068.6000,3068.4000,3068.0000,3067.6000,3066.8000,3069.0000,3069.4000,3069.6000,3069.8000,3070.0000,1,3,1,1,1,9,1,3,2,1
SF,IH2002,2020-01-16 09:31:27.600,3068.8000,9181,0,284557380.000,1,0,1,多换,S,3068.6000,3068.4000,3068.0000,3067.6000,3066.8000,3069.0000,3069.4000,3069.6000,3069.8000,3070.0000,2,3,1,1,1,9,1,1,2,1
SF,IH2002,2020-01-16 09:31:28.100,3068.8000,9181,0,284557380.000,0,-,-,-,-,3068.6000,3068.4000,3068.0000,3066.8000,3066.6000,3069.0000,3069.4000,3069.6000,3069.8000,3070.0000,2,3,1,1,1,9,1,1,2,1
SF,IH2002,2020-01-16 09:31:29.600,3069.0000,9182,1,285478080.000,1,1,0,双开,S,3068.6000,3068.4000,3068.0000,3066.8000,3066.6000,3069.0000,3069.4000,3069.6000,3069.8000,3070.0000,2,3,1,1,1,8,1,1,2,1
SF,IH2002,2020-01-16 09:31:30.600,3068.6000,9181,-1,286398660.000,1,0,1,双平,S,3068.6000,3068.4000,3068.0000,3066.8000,3066.6000,3069.0000,3069.4000,3069.6000,3069.8000,3070.0000,1,3,1,1,1,8,1,1,2,1
SF,IH2002,2020-01-16 09:31:31.100,3068.6000,9180,-1,287319240.000,1,0,1,双平,S,3068.4000,3066.8000,3066.6000,3066.0000,3065.8000,3068.6000,3069.0000,3069.2000,3069.4000,3069.6000,3,1,1,1,1,1,8,1,1,1
SF,IH2002,2020-01-16 09:31:31.600,3068.4000,9182,2,289160280.000,2,2,0,双开,S,3068.4000,3066.8000,3066.6000,3066.0000,3065.8000,3068.6000,3069.0000,3069.2000,3069.4000,3069.6000,1,1,1,1,1,1,8,1,1,1
SF,IH2002,2020-01-16 09:31:32.100,3068.4000,9182,0,290080800.000,1,0,1,多换,S,3066.8000,3066.6000,3066.0000,3065.8000,3065.0000,3068.4000,3069.0000,3069.2000,3069.4000,3069.6000,1,1,1,1,1,1,8,1,1,1
SF,IH2002,2020-01-16 09:31:32.600,3068.4000,9182,0,290080800.000,0,-,-,-,-,3067.0000,3066.8000,3066.6000,3066.0000,3065.8000,3068.2000,3068.4000,3068.8000,3069.0000,3069.2000,5,1,1,1,1,1,1,1,8,1
SF,IH2002,2020-01-16 09:31:33.100,3068.4000,9182,0,290080800.000,0,-,-,-,-,3067.2000,3067.0000,3066.8000,3066.6000,3066.0000,3068.2000,3068.4000,3068.8000,3069.0000,3069.2000,1,5,1,1,1,1,1,1,8,1
SF,IH2002,2020-01-16 09:31:33.600,3068.4000,9182,0,290080800.000,0,-,-,-,-,3067.4000,3067.2000,3067.0000,3066.8000,3066.6000,3068.2000,3068.4000,3068.8000,3069.0000,3069.2000,2,1,2,1,1,1,1,2,8,1
SF,IH2002,2020-01-16 09:31:34.100,3067.0000,9185,3,294681600.000,5,4,1,空开,S,3066.8000,3066.6000,3066.0000,3065.0000,3063.6000,3067.0000,3068.2000,3068.4000,3068.8000,3069.0000,1,1,1,1,1,5,1,1,2,8
SF,IH2002,2020-01-16 09:31:34.600,3067.0000,9185,0,299282100.000,5,2,3,多换,S,3067.0000,3066.8000,3066.6000,3066.0000,3065.0000,3068.2000,3068.8000,3069.0000,3069.2000,3069.4000,11,3,1,1,1,1,2,8,1,1
SF,IH2002,2020-01-16 09:31:35.100,3068.2000,9186,1,300202560.000,1,1,0,双开,S,3067.6000,3067.2000,3067.0000,3066.8000,3066.6000,3068.8000,3069.0000,3069.2000,3069.4000,3069.6000,1,1,8,3,1,2,8,2,1,1
SF,IH2002,2020-01-16 09:31:35.600,3067.6000,9186,0,301122840.000,1,0,1,多换,S,3068.2000,3067.8000,3067.0000,3066.8000,3066.6000,3068.6000,3068.8000,3069.0000,3069.2000,3069.4000,1,1,4,3,1,5,1,8,1,1
SF,IH2002,2020-01-16 09:31:36.100,3068.2000,9187,1,303884220.000,3,2,1,空开,S,3068.0000,3067.0000,3066.8000,3066.6000,3066.0000,3068.4000,3068.6000,3068.8000,3069.0000,3069.2000,2,4,2,1,1,1,4,1,8,1
SF,IH2002,2020-01-16 09:31:36.600,3068.2000,9187,0,304804680.000,1,0,1,多换,S,3068.0000,3067.0000,3066.8000,3066.6000,3066.0000,3068.4000,3068.6000,3068.8000,3069.0000,3069.2000,2,4,2,1,1,2,2,1,8,1
SF,IH2002,2020-01-16 09:31:37.100,3068.2000,9187,0,304804680.000,0,-,-,-,-,3068.2000,3068.0000,3067.0000,3066.8000,3066.6000,3068.4000,3068.6000,3068.8000,3069.0000,3069.2000,1,2,4,2,1,1,2,1,8,1
SF,IH2002,2020-01-16 09:31:37.600,3068.2000,9187,0,305725140.000,1,0,1,多换,S,3068.4000,3068.2000,3068.0000,3067.0000,3066.8000,3068.6000,3068.8000,3069.0000,3069.2000,3069.4000,2,1,2,4,2,2,1,8,1,1
SF,IH2002,2020-01-16 09:31:38.100,3068.4000,9185,-2,307566180.000,2,0,2,双平,S,3068.2000,3068.0000,3067.0000,3066.8000,3066.6000,3068.6000,3068.8000,3069.0000,3069.2000,3069.4000,1,2,4,2,1,2,1,8,1,1
SF,IH2002,2020-01-16 09:31:38.600,3068.2000,9190,5,312168480.000,5,5,0,双开,S,3068.0000,3067.6000,3067.0000,3066.8000,3066.6000,3068.2000,3068.8000,3069.0000,3069.2000,3069.4000,2,1,4,2,1,5,1,8,1,1
SF,IH2002,2020-01-16 09:31:39.100,3068.2000,9195,5,316770780.000,5,5,0,双开,S,3068.6000,3068.2000,3068.0000,3067.6000,3067.0000,3068.8000,3069.0000,3069.2000,3069.4000,3069.6000,2,1,2,1,3,1,8,1,1,1
SF,IH2002,2020-01-16 09:31:39.600,3068.8000,9194,-1,317691420.000,1,0,1,双平,S,3068.6000,3068.2000,3068.0000,3067.6000,3067.0000,3069.0000,3069.2000,3069.4000,3069.6000,3069.8000,2,1,2,1,1,8,1,1,1,1
SF,IH2002,2020-01-16 09:31:40.100,3068.8000,9194,0,317691420.000,0,-,-,-,-,3068.8000,3068.6000,3068.2000,3068.0000,3067.6000,3069.0000,3069.2000,3069.4000,3069.8000,3070.0000,2,2,1,2,1,8,1,1,1,1
SF,IH2002,2020-01-16 09:31:40.600,3069.0000,9195,1,318612120.000,1,1,0,双开,S,3068.8000,3068.6000,3068.2000,3068.0000,3067.6000,3069.0000,3069.2000,3069.4000,3069.8000,3070.0000,3,2,1,2,1,7,1,1,1,1
SF,IH2002,2020-01-16 09:31:41.100,3069.0000,9195,0,318612120.000,0,-,-,-,-,3068.8000,3068.6000,3068.2000,3067.6000,3067.0000,3069.0000,3069.2000,3069.4000,3069.8000,3070.0000,6,2,1,1,1,7,1,1,1,1
SF,IH2002,2020-01-16 09:31:41.600,3069.0000,9195,0,318612120.000,0,-,-,-,-,3068.8000,3068.6000,3068.2000,3067.6000,3067.0000,3069.0000,3069.2000,3069.4000,3069.8000,3070.0000,6,2,1,1,1,7,1,1,1,1
SF,IH2002,2020-01-16 09:31:43.100,3069.0000,9195,0,318612120.000,0,-,-,-,-,3068.8000,3068.6000,3068.2000,3067.6000,3067.0000,3069.0000,3069.2000,3069.4000,3069.8000,3070.0000,6,2,1,1,1,7,1,1,1,1
SF,IH2002,2020-01-16 09:31:44.100,3068.8000,9198,3,325056600.000,7,5,2,空开,S,3068.6000,3068.2000,3067.6000,3067.0000,3066.6000,3068.8000,3069.0000,3069.2000,3069.4000,3069.8000,2,1,1,1,1,3,7,1,1,1
SF,IH2002,2020-01-16 09:31:44.600,3068.8000,9199,1,325977240.000,1,1,0,双开,S,3068.6000,3068.2000,3067.6000,3067.0000,3066.6000,3068.8000,3069.0000,3069.2000,3069.4000,3069.8000,2,1,1,1,1,2,7,1,1,1
SF,IH2002,2020-01-16 09:31:46.100,3068.8000,9199,0,327818520.000,2,1,1,多换,S,3068.6000,3068.2000,3067.6000,3067.0000,3066.6000,3069.0000,3069.2000,3069.4000,3069.8000,3070.0000,2,1,1,1,1,7,1,1,1,1
SF,IH2002,2020-01-16 09:31:47.100,3068.6000,9198,-1,330580500.000,3,1,2,多平,S,3068.6000,3068.0000,3067.6000,3067.0000,3066.6000,3069.0000,3069.2000,3069.4000,3069.8000,3070.0000,1,1,1,1,1,5,1,1,1,1
SF,IH2002,2020-01-16 09:31:47.600,3068.6000,9198,0,331501080.000,1,0,1,多换,S,3068.0000,3067.6000,3067.0000,3066.6000,3066.0000,3069.0000,3069.2000,3069.4000,3069.8000,3070.0000,1,1,1,1,1,5,1,1,1,1
SF,IH2002,2020-01-16 09:31:48.100,3068.8000,9198,0,332421720.000,1,0,1,多换,S,3068.2000,3068.0000,3067.6000,3066.6000,3066.0000,3068.8000,3069.0000,3069.2000,3069.4000,3069.8000,2,1,1,1,1,2,5,1,1,1
SF,IH2002,2020-01-16 09:31:48.600,3068.8000,9196,-2,334263000.000,2,0,2,双平,S,3068.6000,3068.0000,3067.6000,3066.6000,3066.0000,3068.8000,3069.0000,3069.2000,3069.4000,3069.8000,3,1,1,1,1,3,5,1,1,1
SF,IH2002,2020-01-16 09:31:49.100,3068.8000,9192,-4,338865960.000,5,0,5,多平,S,3068.0000,3067.6000,3067.0000,3066.6000,3066.0000,3068.8000,3069.0000,3069.2000,3069.4000,3069.8000,1,1,1,1,1,2,5,1,1,1
SF,IH2002,2020-01-16 09:31:49.600,3068.8000,9192,0,338865960.000,0,-,-,-,-,3068.0000,3067.6000,3067.0000,3066.6000,3066.0000,3068.8000,3069.0000,3069.2000,3069.4000,3069.8000,1,1,2,1,1,2,5,1,2,1
SF,IH2002,2020-01-16 09:31:50.100,3068.8000,9192,0,338865960.000,0,-,-,-,-,3068.8000,3068.0000,3067.6000,3067.0000,3066.6000,3069.0000,3069.2000,3069.4000,3069.8000,3070.0000,2,1,1,2,1,5,1,2,1,1
SF,IH2002,2020-01-16 09:31:50.600,3068.8000,9190,-2,341627880.000,3,0,3,多平,S,3068.8000,3068.0000,3067.6000,3067.0000,3066.6000,3069.0000,3069.2000,3069.4000,3069.8000,3070.0000,1,1,1,2,1,5,1,2,1,1
SF,IH2002,2020-01-16 09:31:51.100,3068.0000,9190,0,343468920.000,2,1,1,多换,S,3067.6000,3067.0000,3066.6000,3066.0000,3065.0000,3068.0000,3069.0000,3069.2000,3069.4000,3069.8000,1,2,1,1,1,9,5,1,2,1
SF,IH2002,2020-01-16 09:31:51.600,3067.8000,9194,4,349911660.000,7,5,2,空开,S,3067.8000,3067.6000,3067.0000,3066.6000,3066.0000,3068.0000,3069.0000,3069.2000,3069.4000,3069.8000,1,1,1,1,1,3,5,1,2,1
SF,IH2002,2020-01-16 09:31:52.100,3068.0000,9194,0,352672860.000,3,1,2,多换,S,3068.0000,3067.8000,3067.6000,3067.0000,3066.6000,3068.8000,3069.0000,3069.2000,3069.4000,3069.8000,5,1,1,1,1,1,5,1,2,1
SF,IH2002,2020-01-16 09:31:52.600,3068.0000,9194,0,352672860.000,0,-,-,-,-,3068.0000,3067.8000,3067.6000,3067.0000,3066.6000,3068.8000,3069.0000,3069.2000,3069.4000,3069.8000,3,1,1,1,1,1,5,1,2,1
SF,IH2002,2020-01-16 09:31:53.100,3068.8000,9193,-1,353593500.000,1,0,1,双平,S,3068.8000,3068.0000,3067.8000,3067.6000,3067.0000,3069.0000,3069.2000,3069.4000,3069.8000,3070.0000,1,3,1,1,1,5,1,2,1,1
SF,IH2002,2020-01-16 09:31:53.600,3068.8000,9193,0,354514140.000,1,0,1,多换,S,3067.8000,3067.6000,3067.0000,3066.6000,3066.4000,3068.8000,3069.0000,3069.2000,3069.4000,3069.8000,1,1,1,1,1,1,5,1,2,1
SF,IH2002,2020-01-16 09:31:54.600,3068.8000,9191,-2,356355420.000,2,0,2,双平,S,3067.8000,3067.6000,3067.0000,3066.6000,3066.4000,3069.0000,3069.2000,3069.4000,3069.8000,3070.0000,1,1,1,1,1,5,1,2,1,1
SF,IH2002,2020-01-16 09:31:55.100,3067.8000,9191,0,360036960.000,4,2,2,多换,S,3067.6000,3067.0000,3066.6000,3066.4000,3066.0000,3067.8000,3068.8000,3069.0000,3069.2000,3069.4000,1,1,1,1,1,6,1,5,1,2
SF,IH2002,2020-01-16 09:31:55.600,3067.8000,9191,0,367399680.000,8,4,4,多换,S,3067.8000,3067.6000,3067.0000,3066.6000,3066.4000,3068.8000,3069.0000,3069.2000,3069.4000,3069.8000,3,1,1,1,1,1,5,1,2,1
SF,IH2002,2020-01-16 09:31:56.100,3067.8000,9191,0,367399680.000,0,-,-,-,-,3067.8000,3067.6000,3067.0000,3066.6000,3066.4000,3068.6000,3068.8000,3069.0000,3069.2000,3069.4000,2,1,1,1,1,2,1,5,1,2
SF,IH2002,2020-01-16 09:31:56.600,3067.8000,9190,-1,368320020.000,1,0,1,双平,S,3067.8000,3067.6000,3067.0000,3066.6000,3066.4000,3068.6000,3068.8000,3069.0000,3069.2000,3069.4000,1,1,1,1,1,2,2,5,1,1
SF,IH2002,2020-01-16 09:31:57.100,3067.8000,9190,0,368320020.000,0,-,-,-,-,3067.6000,3067.0000,3066.6000,3066.4000,3066.0000,3068.6000,3068.8000,3069.0000,3069.2000,3069.4000,1,1,1,1,1,2,2,5,1,1
SF,IH2002,2020-01-16 09:31:57.600,3067.8000,9190,0,368320020.000,0,-,-,-,-,3067.6000,3067.0000,3066.6000,3066.4000,3066.0000,3068.6000,3068.8000,3069.0000,3069.2000,3069.4000,1,1,1,1,1,3,1,5,1,1
SF,IH2002,2020-01-16 09:31:58.100,3067.8000,9190,0,368320020.000,0,-,-,-,-,3067.8000,3067.6000,3067.0000,3066.6000,3066.4000,3068.4000,3068.6000,3068.8000,3069.0000,3069.2000,2,1,1,1,1,1,1,1,5,1
SF,IH2002,2020-01-16 09:31:58.600,3067.8000,9188,-2,370160700.000,2,0,2,双平,S,3067.6000,3067.0000,3066.6000,3066.4000,3066.0000,3068.2000,3068.4000,3068.8000,3069.0000,3069.2000,1,1,1,1,1,1,4,1,5,1
SF,IH2002,2020-01-16 09:31:59.100,3067.8000,9188,0,371081040.000,1,0,1,多换,S,3067.6000,3067.0000,3066.6000,3066.4000,3066.0000,3068.4000,3068.8000,3069.0000,3069.2000,3069.4000,1,1,1,1,1,4,1,5,1,1
SF,IH2002,2020-01-16 09:31:59.600,3067.8000,9188,0,371081040.000,0,-,-,-,-,3067.6000,3067.0000,3066.6000,3066.4000,3066.0000,3068.2000,3068.4000,3068.8000,3069.0000,3069.2000,1,1,1,1,1,2,1,1,5,1
SF,IH2002,2020-01-16 09:32:00.100,3067.8000,9188,0,371081040.000,0,-,-,-,-,3067.6000,3067.0000,3066.6000,3066.4000,3066.0000,3068.2000,3068.4000,3068.8000,3069.0000,3069.2000,1,1,1,1,1,3,1,2,6,1
SF,IH2002,2020-01-16 09:32:00.600,3067.6000,9188,0,372001320.000,1,0,1,多换,S,3067.0000,3066.6000,3066.4000,3066.0000,3065.0000,3067.6000,3067.8000,3068.2000,3068.4000,3068.8000,1,1,1,1,1,1,10,2,1,2
SF,IH2002,2020-01-16 09:32:01.100,3067.8000,9192,4,378443100.000,7,5,2,空开,S,3067.6000,3067.2000,3066.6000,3066.0000,3065.0000,3067.8000,3068.2000,3068.4000,3068.8000,3069.0000,3,2,1,1,1,7,2,1,2,6
SF,IH2002,2020-01-16 09:32:01.600,3067.8000,9193,1,379363440.000,1,1,0,双开,S,3067.6000,3067.2000,3066.6000,3066.0000,3065.0000,3067.8000,3068.2000,3068.4000,3068.8000,3069.0000,3,1,1,1,1,6,2,1,2,6
SF,IH2002,2020-01-16 09:32:02.100,3067.6000,9196,3,382124280.000,3,3,0,双开,S,3066.6000,3066.0000,3065.0000,3063.6000,3063.4000,3067.6000,3067.8000,3068.2000,3068.4000,3068.8000,1,1,1,1,1,2,6,2,1,2
SF,IH2002,2020-01-16 09:32:02.600,3067.6000,9196,0,382124280.000,0,-,-,-,-,3066.6000,3066.0000,3065.0000,3063.6000,3063.4000,3067.4000,3067.6000,3067.8000,3068.0000,3068.2000,1,1,1,1,1,1,2,6,1,2
SF,IH2002,2020-01-16 09:32:03.100,3067.6000,9196,0,382124280.000,0,-,-,-,-,3066.6000,3066.0000,3065.0000,3063.6000,3063.4000,3067.4000,3067.6000,3067.8000,3068.0000,3068.2000,1,1,1,1,1,1,2,6,1,2
SF,IH2002,2020-01-16 09:32:03.600,3066.6000,9195,-1,383044260.000,1,0,1,双平,S,3066.0000,3065.0000,3063.6000,3063.4000,3062.6000,3067.4000,3067.6000,3067.8000,3068.0000,3068.2000,1,1,1,1,1,1,2,6,1,2
SF,IH2002,2020-01-16 09:32:04.100,3066.6000,9195,0,383044260.000,0,-,-,-,-,3066.2000,3066.0000,3065.6000,3065.0000,3063.6000,3067.4000,3067.6000,3067.8000,3068.0000,3068.2000,1,1,1,1,1,1,2,6,1,2
SF,IH2002,2020-01-16 09:32:04.600,3066.6000,9195,0,383044260.000,0,-,-,-,-,3066.0000,3065.6000,3065.0000,3063.6000,3063.4000,3067.4000,3067.6000,3067.8000,3068.0000,3068.2000,1,1,1,1,1,1,2,6,1,2
SF,IH2002,2020-01-16 09:32:05.100,3066.6000,9195,0,383044260.000,0,-,-,-,-,3066.0000,3065.6000,3065.0000,3063.6000,3063.4000,3067.4000,3067.6000,3067.8000,3068.0000,3068.2000,1,1,1,1,1,1,2,6,1,2
SF,IH2002,2020-01-16 09:32:05.600,3066.6000,9195,0,383044260.000,0,-,-,-,-,3066.0000,3065.0000,3063.6000,3063.4000,3062.6000,3067.2000,3067.4000,3067.6000,3067.8000,3068.0000,1,1,1,1,1,3,1,2,6,1
SF,IH2002,2020-01-16 09:32:06.100,3066.0000,9196,1,383964060.000,1,1,0,双开,S,3065.0000,3063.6000,3063.4000,3062.6000,3061.6000,3066.0000,3067.0000,3067.2000,3067.6000,3067.8000,1,1,1,1,1,9,1,3,2,6
SF,IH2002,2020-01-16 09:32:06.600,3066.0000,9196,0,383964060.000,0,-,-,-,-,3065.2000,3065.0000,3063.6000,3063.4000,3062.6000,3066.0000,3067.0000,3067.2000,3067.8000,3068.0000,3,2,1,1,1,9,1,2,6,1
SF,IH2002,2020-01-16 09:32:07.100,3066.0000,9196,0,383964060.000,0,-,-,-,-,3065.2000,3065.0000,3063.6000,3063.4000,3062.6000,3066.0000,3067.0000,3067.2000,3067.8000,3068.0000,2,2,1,1,1,9,1,2,6,1
SF,IH2002,2020-01-16 09:32:07.600,3066.0000,9199,3,386723460.000,3,3,0,双开,S,3065.2000,3065.0000,3063.6000,3063.4000,3063.0000,3066.0000,3067.0000,3067.2000,3067.8000,3068.0000,1,1,1,1,1,6,1,2,6,1
SF,IH2002,2020-01-16 09:32:08.100,3066.0000,9199,0,386723460.000,0,-,-,-,-,3065.4000,3065.0000,3063.6000,3063.4000,3063.0000,3066.0000,3067.0000,3067.2000,3067.8000,3068.0000,1,1,1,1,1,6,1,2,6,1
SF,IH2002,2020-01-16 09:32:08.600,3066.0000,9199,0,386723460.000,0,-,-,-,-,3065.0000,3063.6000,3063.4000,3063.0000,3062.6000,3066.0000,3067.0000,3067.2000,3067.8000,3068.0000,1,1,1,1,1,6,1,2,6,1
SF,IH2002,2020-01-16 09:32:09.100,3066.0000,9199,0,386723460.000,0,-,-,-,-,3065.2000,3065.0000,3063.6000,3063.4000,3063.0000,3066.0000,3067.0000,3067.2000,3067.8000,3068.0000,1,1,1,1,1,6,1,2,6,1
SF,IH2002,2020-01-16 09:32:09.600,3066.0000,9199,0,387643260.000,1,0,1,多换,S,3065.0000,3063.6000,3063.4000,3063.0000,3062.6000,3065.4000,3066.0000,3067.0000,3067.2000,3067.8000,1,1,1,1,1,2,6,2,2,6
SF,IH2002,2020-01-16 09:32:10.100,3065.8000,9201,2,391321980.000,4,3,1,空开,S,3065.0000,3063.6000,3063.4000,3063.0000,3062.6000,3065.8000,3066.0000,3067.0000,3067.2000,3067.8000,1,1,1,1,1,3,6,2,2,6
SF,IH2002,2020-01-16 09:32:10.600,3065.0000,9201,0,392241480.000,1,0,1,多换,S,3063.6000,3063.4000,3063.0000,3062.6000,3061.6000,3065.2000,3065.6000,3065.8000,3066.0000,3067.0000,1,1,1,1,1,10,1,3,6,1
SF,IH2002,2020-01-16 09:32:11.100,3065.0000,9201,0,392241480.000,0,-,-,-,-,3064.2000,3063.8000,3063.6000,3063.4000,3063.0000,3065.2000,3065.6000,3065.8000,3066.0000,3067.0000,1,12,5,1,1,10,1,3,6,1
SF,IH2002,2020-01-16 09:32:11.600,3065.0000,9201,0,392241480.000,0,-,-,-,-,3064.2000,3063.8000,3063.6000,3063.4000,3063.0000,3064.8000,3065.0000,3065.2000,3065.6000,3066.0000,1,7,5,1,1,3,2,10,1,6
SF,IH2002,2020-01-16 09:32:12.100,3065.0000,9201,0,392241480.000,0,-,-,-,-,3063.8000,3063.6000,3063.4000,3063.0000,3062.6000,3064.6000,3065.2000,3065.6000,3066.0000,3066.8000,3,5,1,1,1,2,10,1,6,1
SF,IH2002,2020-01-16 09:32:12.600,3064.6000,9200,-1,394080240.000,2,0,2,多平,S,3064.6000,3064.0000,3063.8000,3063.6000,3063.4000,3065.2000,3065.6000,3066.0000,3066.8000,3067.0000,1,6,4,4,1,10,1,6,1,1
SF,IH2002,2020-01-16 09:32:13.100,3065.2000,9201,1,394999800.000,1,1,0,双开,S,3064.6000,3064.0000,3063.8000,3063.6000,3063.0000,3065.2000,3065.6000,3066.0000,3066.8000,3067.0000,1,5,4,4,1,9,1,6,1,1
SF,IH2002,2020-01-16 09:32:13.600,3065.2000,9204,3,397758480.000,3,3,0,双开,S,3064.6000,3064.0000,3063.8000,3063.6000,3063.0000,3065.2000,3066.0000,3066.8000,3067.0000,3067.2000,1,5,4,4,1,6,7,1,1,2
SF,IH2002,2020-01-16 09:32:14.100,3064.8000,9203,-1,403275600.000,6,2,4,多平,S,3064.8000,3064.6000,3064.0000,3063.8000,3063.6000,3065.2000,3066.0000,3066.8000,3067.0000,3067.2000,1,1,5,4,4,2,7,1,1,2
SF,IH2002,2020-01-16 09:32:14.600,3065.2000,9203,0,406034280.000,3,1,2,多换,S,3065.2000,3065.0000,3064.8000,3064.0000,3063.8000,3066.0000,3066.8000,3067.0000,3067.2000,3067.8000,1,4,3,2,4,7,1,1,2,6
SF,IH2002,2020-01-16 09:32:15.100,3065.2000,9203,0,406034280.000,0,-,-,-,-,3065.2000,3064.8000,3064.0000,3063.8000,3063.6000,3066.0000,3066.8000,3067.0000,3067.2000,3067.8000,1,1,2,4,4,7,1,1,2,6
SF,IH2002,2020-01-16 09:32:15.600,3065.2000,9203,0,406034280.000,0,-,-,-,-,3065.2000,3064.0000,3063.8000,3063.6000,3063.0000,3065.8000,3066.0000,3066.8000,3067.0000,3067.2000,2,2,3,4,1,2,7,1,1,2
SF,IH2002,2020-01-16 09:32:16.100,3065.2000,9203,0,406034280.000,0,-,-,-,-,3065.2000,3064.0000,3063.8000,3063.6000,3063.0000,3065.8000,3066.0000,3066.8000,3067.0000,3067.2000,22,1,3,4,1,2,7,1,1,2
SF,IH2002,2020-01-16 09:32:16.600,3065.2000,9203,0,406034280.000,0,-,-,-,-,3065.2000,3064.0000,3063.8000,3063.6000,3063.0000,3066.0000,3066.8000,3067.0000,3067.2000,3067.8000,22,1,3,4,1,7,1,1,2,6
SF,IH2002,2020-01-16 09:32:17.100,3065.2000,9203,0,406953840.000,1,0,1,多换,S,3065.4000,3065.2000,3064.0000,3063.8000,3063.6000,3066.0000,3066.8000,3067.0000,3067.2000,3067.8000,4,21,1,3,4,7,1,1,2,6
SF,IH2002,2020-01-16 09:32:17.600,3065.2000,9203,0,406953840.000,0,-,-,-,-,3065.4000,3065.2000,3064.0000,3063.8000,3063.6000,3066.0000,3066.8000,3067.2000,3067.8000,3068.0000,4,21,1,3,4,7,1,2,6,1
SF,IH2002,2020-01-16 09:32:18.100,3065.2000,9203,0,406953840.000,0,-,-,-,-,3065.4000,3065.2000,3064.0000,3063.8000,3063.6000,3066.0000,3066.8000,3067.2000,3067.8000,3068.0000,4,21,1,3,4,7,1,2,6,1
SF,IH2002,2020-01-16 09:32:18.600,3066.0000,9206,3,409713240.000,3,3,0,双开,S,3065.2000,3064.0000,3063.8000,3063.6000,3063.0000,3066.0000,3066.8000,3067.2000,3067.8000,3068.0000,21,1,3,4,1,4,1,2,6,1
SF,IH2002,2020-01-16 09:32:19.100,3066.0000,9206,0,409713240.000,0,-,-,-,-,3065.2000,3064.0000,3063.8000,3063.6000,3063.0000,3065.8000,3066.0000,3066.8000,3067.2000,3067.8000,21,1,3,4,1,1,4,2,2,6
SF,IH2002,2020-01-16 09:32:20.600,3066.0000,9206,0,409713240.000,0,-,-,-,-,3065.2000,3064.0000,3063.8000,3063.6000,3063.0000,3065.8000,3066.0000,3066.8000,3067.2000,3067.8000,20,1,3,4,1,1,4,2,2,6
SF,IH2002,2020-01-16 09:32:21.100,3065.8000,9206,0,410632980.000,1,0,1,多换,S,3065.8000,3065.4000,3065.2000,3064.0000,3063.8000,3066.0000,3066.8000,3067.2000,3067.8000,3068.0000,2,1,20,1,2,5,2,2,6,1
SF,IH2002,2020-01-16 09:32:21.600,3065.8000,9204,-2,412472460.000,2,0,2,双平,S,3065.4000,3065.2000,3064.0000,3063.8000,3063.6000,3065.8000,3066.0000,3066.8000,3067.2000,3067.8000,1,20,1,1,2,2,5,2,2,6
SF,IH2002,2020-01-16 09:32:22.100,3065.4000,9204,0,413392080.000,1,0,1,多换,S,3065.2000,3064.0000,3063.8000,3063.6000,3063.0000,3065.8000,3066.0000,3066.8000,3067.2000,3067.8000,20,1,1,2,1,2,5,2,2,6
SF,IH2002,2020-01-16 09:32:22.600,3066.0000,9207,3,416151360.000,3,3,0,双开,S,3065.2000,3064.0000,3063.8000,3063.6000,3063.0000,3066.0000,3066.8000,3067.2000,3067.8000,3068.0000,20,1,1,2,1,4,2,2,6,1
SF,IH2002,2020-01-16 09:32:23.600,3066.0000,9207,0,416151360.000,0,-,-,-,-,3065.4000,3065.2000,3064.0000,3063.8000,3063.6000,3066.0000,3066.8000,3067.2000,3067.8000,3068.0000,4,20,1,1,2,4,2,2,6,1
SF,IH2002,2020-01-16 09:32:24.100,3065.4000,9207,0,417070980.000,1,0,1,多换,S,3065.4000,3065.2000,3064.0000,3063.8000,3063.6000,3066.0000,3066.8000,3067.2000,3067.8000,3068.0000,3,20,1,1,2,4,2,2,6,1
SF,IH2002,2020-01-16 09:32:25.100,3065.4000,9207,0,417990600.000,1,0,1,多换,S,3065.4000,3065.2000,3064.0000,3063.8000,3063.6000,3066.0000,3066.8000,3067.2000,3067.8000,3068.0000,2,20,1,1,2,4,2,2,6,1
SF,IH2002,2020-01-16 09:32:26.100,3065.4000,9205,-2,419829840.000,2,0,2,双平,S,3065.2000,3064.0000,3063.8000,3063.6000,3063.0000,3065.4000,3066.0000,3066.8000,3067.2000,3067.8000,20,1,1,2,1,3,4,2,2,6
SF,IH2002,2020-01-16 09:32:26.600,3066.0000,9204,-1,425348100.000,6,2,4,多平,S,3065.4000,3065.2000,3064.0000,3063.8000,3063.6000,3066.0000,3066.8000,3067.2000,3067.8000,3068.0000,2,20,1,1,2,1,2,2,6,1
SF,IH2002,2020-01-16 09:32:27.100,3066.0000,9204,0,426267900.000,1,0,1,多换,S,3065.4000,3065.2000,3064.0000,3063.8000,3063.6000,3066.2000,3066.8000,3067.2000,3067.8000,3068.0000,2,20,1,1,2,1,2,3,6,1
SF,IH2002,2020-01-16 09:32:27.600,3066.0000,9204,0,426267900.000,0,-,-,-,-,3065.2000,3064.0000,3063.6000,3063.0000,3062.6000,3066.0000,3066.2000,3066.8000,3067.2000,3067.8000,20,1,2,1,1,1,1,2,3,6
SF,IH2002,2020-01-16 09:32:28.100,3066.0000,9204,0,426267900.000,0,-,-,-,-,3065.2000,3064.0000,3063.6000,3063.0000,3062.6000,3066.0000,3066.2000,3066.8000,3067.2000,3067.8000,20,1,1,1,1,1,1,2,3,6
SF,IH2002,2020-01-16 09:32:28.600,3066.0000,9204,0,426267900.000,0,-,-,-,-,3065.2000,3064.0000,3063.6000,3063.0000,3062.6000,3065.8000,3066.2000,3066.8000,3067.2000,3067.8000,20,1,1,1,1,2,1,2,3,6
SF,IH2002,2020-01-16 09:32:29.100,3065.8000,9202,-2,429946500.000,4,1,3,多平,S,3065.2000,3064.0000,3063.6000,3063.0000,3062.6000,3066.2000,3066.8000,3067.2000,3067.8000,3068.0000,18,1,1,1,1,1,2,3,6,1
SF,IH2002,2020-01-16 09:32:29.600,3065.2000,9202,0,439142100.000,10,5,5,多换,S,3065.2000,3064.0000,3063.6000,3063.0000,3062.6000,3066.2000,3066.8000,3067.2000,3067.8000,3068.0000,8,1,1,1,1,1,2,3,6,1
SF,IH2002,2020-01-16 09:32:30.100,3065.2000,9201,-1,440981460.000,2,0,2,多平,S,3065.2000,3064.0000,3063.6000,3063.0000,3062.6000,3066.0000,3066.2000,3066.8000,3067.2000,3067.8000,7,1,1,1,1,1,1,2,3,6
SF,IH2002,2020-01-16 09:32:30.600,3065.2000,9201,0,440981460.000,0,-,-,-,-,3065.2000,3064.0000,3063.6000,3063.0000,3062.6000,3066.0000,3066.2000,3066.8000,3067.2000,3067.8000,7,1,1,1,1,1,1,2,3,6
SF,IH2002,2020-01-16 09:32:31.100,3065.6000,9201,0,441901140.000,1,0,1,多换,S,3065.8000,3065.2000,3064.0000,3063.6000,3063.0000,3066.0000,3066.8000,3067.2000,3067.8000,3068.0000,2,7,1,1,1,1,2,3,6,1
SF,IH2002,2020-01-16 09:32:32.600,3065.8000,9203,2,443740620.000,2,2,0,双开,S,3065.2000,3064.0000,3063.6000,3063.0000,3062.6000,3066.0000,3066.8000,3067.2000,3067.8000,3068.0000,7,1,1,1,1,1,2,3,6,1
SF,IH2002,2020-01-16 09:32:33.100,3065.8000,9204,1,446499840.000,3,2,1,空开,S,3065.2000,3064.0000,3063.6000,3063.0000,3062.6000,3066.0000,3066.2000,3066.8000,3067.2000,3067.8000,7,1,1,1,1,1,1,2,3,6
SF,IH2002,2020-01-16 09:32:33.600,3065.8000,9204,0,446499840.000,0,-,-,-,-,3065.2000,3064.0000,3063.6000,3063.0000,3062.6000,3066.0000,3066.2000,3066.8000,3067.2000,3067.8000,7,1,1,1,1,1,1,1,3,6
SF,IH2002,2020-01-16 09:32:34.100,3065.2000,9201,-3,449258520.000,3,0,3,双平,S,3065.2000,3064.0000,3063.6000,3063.0000,3062.6000,3066.0000,3066.2000,3066.8000,3067.2000,3067.8000,4,1,1,1,1,1,1,1,3,6
SF,IH2002,2020-01-16 09:32:34.600,3065.2000,9199,-2,451097640.000,2,0,2,双平,S,3065.2000,3064.0000,3063.6000,3063.0000,3062.6000,3066.0000,3066.2000,3066.8000,3067.2000,3067.8000,2,1,1,1,1,1,1,1,3,6
SF,IH2002,2020-01-16 09:32:35.100,3065.2000,9199,0,451097640.000,0,-,-,-,-,3065.2000,3064.0000,3063.6000,3063.0000,3062.6000,3066.0000,3066.2000,3066.8000,3067.2000,3067.8000,2,1,1,1,1,1,1,1,3,6
SF,IH2002,2020-01-16 09:32:36.100,3066.2000,9199,0,452937300.000,2,1,1,多换,S,3066.2000,3065.2000,3064.4000,3064.0000,3063.6000,3066.8000,3067.2000,3067.8000,3068.0000,3068.8000,1,2,1,1,1,1,3,6,1,2
SF,IH2002,2020-01-16 09:32:36.600,3066.2000,9200,1,453857160.000,1,1,0,双开,S,3065.2000,3064.4000,3064.0000,3063.6000,3063.0000,3066.2000,3066.6000,3066.8000,3067.2000,3067.8000,2,1,1,1,1,3,7,3,1,6
SF,IH2002,2020-01-16 09:32:37.100,3066.2000,9200,0,453857160.000,0,-,-,-,-,3065.2000,3064.4000,3064.0000,3063.6000,3063.0000,3066.2000,3066.6000,3066.8000,3067.2000,3067.8000,2,1,1,1,1,2,6,3,1,6
SF,IH2002,2020-01-16 09:32:37.600,3066.2000,9200,0,453857160.000,0,-,-,-,-,3065.2000,3064.4000,3064.0000,3063.6000,3063.0000,3066.2000,3066.6000,3066.8000,3067.2000,3067.8000,2,1,1,1,1,1,6,3,1,6
SF,IH2002,2020-01-16 09:32:38.100,3066.2000,9200,0,453857160.000,0,-,-,-,-,3065.2000,3064.4000,3064.0000,3063.6000,3063.0000,3066.0000,3066.2000,3066.6000,3066.8000,3067.2000,2,1,1,1,1,2,1,5,3,1
SF,IH2002,2020-01-16 09:32:38.600,3066.2000,9200,0,453857160.000,0,-,-,-,-,3065.2000,3064.4000,3064.0000,3063.6000,3063.0000,3066.0000,3066.2000,3066.6000,3066.8000,3067.2000,2,1,1,1,1,4,1,5,3,1
SF,IH2002,2020-01-16 09:32:39.600,3066.2000,9201,1,456616740.000,3,2,1,空开,S,3065.2000,3064.4000,3064.0000,3063.6000,3063.0000,3066.0000,3066.2000,3066.6000,3066.8000,3067.2000,2,1,1,1,1,1,1,5,3,1
SF,IH2002,2020-01-16 09:32:40.100,3066.2000,9201,0,456616740.000,0,-,-,-,-,3065.2000,3064.4000,3064.0000,3063.6000,3063.0000,3066.0000,3066.2000,3066.6000,3066.8000,3067.2000,2,1,1,1,1,1,1,5,3,1
SF,IH2002,2020-01-16 09:32:40.600,3066.2000,9201,0,456616740.000,0,-,-,-,-,3065.2000,3064.4000,3064.0000,3063.6000,3063.0000,3066.0000,3066.2000,3066.6000,3066.8000,3067.2000,2,1,1,1,1,2,1,5,3,1
SF,IH2002,2020-01-16 09:32:41.100,3066.2000,9201,0,456616740.000,0,-,-,-,-,3065.2000,3064.4000,3064.0000,3063.6000,3063.0000,3066.0000,3066.2000,3066.6000,3066.8000,3067.2000,2,1,1,1,1,2,1,5,3,1
SF,IH2002,2020-01-16 09:32:41.600,3066.2000,9201,0,456616740.000,0,-,-,-,-,3065.2000,3064.4000,3064.0000,3063.6000,3063.0000,3066.0000,3066.2000,3066.6000,3066.8000,3067.2000,2,1,1,1,1,2,2,5,3,1
SF,IH2002,2020-01-16 09:32:42.100,3066.2000,9201,0,456616740.000,0,-,-,-,-,3065.2000,3064.4000,3064.0000,3063.6000,3063.0000,3066.0000,3066.2000,3066.6000,3066.8000,3067.2000,2,1,1,1,1,2,2,5,3,1
SF,IH2002,2020-01-16 09:32:42.600,3066.2000,9201,0,456616740.000,0,-,-,-,-,3065.2000,3064.4000,3064.0000,3063.6000,3063.0000,3066.0000,3066.2000,3066.6000,3066.8000,3067.2000,2,1,1,1,1,2,1,5,3,1
SF,IH2002,2020-01-16 09:32:43.100,3066.2000,9201,0,456616740.000,0,-,-,-,-,3065.4000,3065.2000,3064.4000,3064.0000,3063.6000,3066.0000,3066.2000,3066.6000,3066.8000,3067.2000,1,2,1,1,1,1,1,5,3,1
SF,IH2002,2020-01-16 09:32:43.600,3065.4000,9200,-1,457536360.000,1,0,1,双平,S,3065.2000,3064.4000,3064.0000,3063.6000,3063.0000,3066.0000,3066.2000,3066.6000,3066.8000,3067.2000,2,1,1,1,1,1,1,5,3,1
SF,IH2002,2020-01-16 09:32:44.100,3066.2000,9201,1,459376020.000,2,1,1,空开,S,3066.2000,3065.2000,3064.4000,3064.0000,3063.6000,3066.6000,3066.8000,3067.2000,3068.0000,3068.4000,1,2,1,1,1,5,3,1,3,1
SF,IH2002,2020-01-16 09:32:44.600,3066.2000,9202,1,460295880.000,1,1,0,双开,S,3065.2000,3064.4000,3064.0000,3063.6000,3063.0000,3066.2000,3066.4000,3066.6000,3066.8000,3067.2000,3,1,1,1,1,5,1,3,2,1
SF,IH2002,2020-01-16 09:32:45.100,3066.2000,9202,0,460295880.000,0,-,-,-,-,3065.2000,3064.4000,3064.0000,3063.6000,3063.0000,3066.2000,3066.4000,3066.6000,3066.8000,3067.2000,3,1,1,1,1,4,2,3,2,1
SF,IH2002,2020-01-16 09:32:45.600,3066.2000,9202,0,460295880.000,0,-,-,-,-,3065.2000,3064.4000,3064.0000,3063.6000,3063.0000,3066.0000,3066.2000,3066.4000,3066.6000,3066.8000,3,1,1,1,1,2,4,2,2,2
SF,IH2002,2020-01-16 09:32:46.100,3066.2000,9202,0,460295880.000,0,-,-,-,-,3065.2000,3064.4000,3064.0000,3063.6000,3063.0000,3066.0000,3066.2000,3066.4000,3066.6000,3066.8000,3,1,1,1,1,2,3,2,2,2
SF,IH2002,2020-01-16 09:32:46.600,3066.2000,9202,0,460295880.000,0,-,-,-,-,3065.2000,3064.4000,3064.0000,3063.6000,3063.0000,3065.8000,3066.0000,3066.2000,3066.4000,3066.6000,3,1,1,1,1,1,3,3,2,2
SF,IH2002,2020-01-16 09:32:48.100,3065.2000,9203,1,463054560.000,3,2,1,空开,S,3064.4000,3064.0000,3063.6000,3063.0000,3062.6000,3065.8000,3066.0000,3066.2000,3066.4000,3066.6000,1,1,1,1,1,2,2,3,2,2
SF,IH2002,2020-01-16 09:32:48.600,3066.0000,9204,1,465813840.000,3,2,1,空开,S,3064.6000,3064.4000,3064.0000,3063.6000,3063.0000,3066.0000,3066.2000,3066.4000,3066.6000,3066.8000,2,1,1,1,1,1,3,2,2,2
SF,IH2002,2020-01-16 09:32:49.100,3066.0000,9204,0,465813840.000,0,-,-,-,-,3064.8000,3064.6000,3064.4000,3064.0000,3063.6000,3066.2000,3066.4000,3066.6000,3066.8000,3067.2000,1,2,1,1,1,3,2,2,2,1
SF,IH2002,2020-01-16 09:32:49.600,3066.0000,9204,0,465813840.000,0,-,-,-,-,3065.0000,3064.8000,3064.6000,3064.4000,3064.0000,3066.2000,3066.4000,3066.6000,3066.8000,3067.2000,1,1,1,1,1,3,2,2,2,1
SF,IH2002,2020-01-16 09:32:50.100,3066.0000,9204,0,465813840.000,0,-,-,-,-,3064.8000,3064.6000,3064.4000,3064.0000,3063.6000,3066.2000,3066.4000,3066.6000,3066.8000,3067.2000,1,1,1,1,1,3,3,2,2,1
SF,IH2002,2020-01-16 09:32:50.600,3066.0000,9204,0,465813840.000,0,-,-,-,-,3064.8000,3064.4000,3064.0000,3063.6000,3063.0000,3066.0000,3066.2000,3066.4000,3066.6000,3066.8000,1,1,1,1,1,1,3,3,2,2
SF,IH2002,2020-01-16 09:32:51.100,3066.0000,9204,0,465813840.000,0,-,-,-,-,3065.0000,3064.8000,3064.4000,3064.0000,3063.6000,3066.0000,3066.2000,3066.4000,3066.6000,3066.8000,1,1,1,1,1,1,3,3,2,2
SF,IH2002,2020-01-16 09:32:51.600,3066.0000,9204,0,465813840.000,0,-,-,-,-,3065.0000,3064.8000,3064.4000,3064.0000,3063.6000,3066.0000,3066.2000,3066.4000,3066.6000,3066.8000,1,1,1,1,1,1,3,3,2,2
SF,IH2002,2020-01-16 09:32:52.100,3065.0000,9204,0,466733340.000,1,0,1,多换,S,3064.8000,3064.4000,3064.0000,3063.6000,3063.0000,3066.0000,3066.2000,3066.4000,3066.6000,3066.8000,1,1,1,1,1,1,3,3,2,2
SF,IH2002,2020-01-16 09:32:52.600,3065.0000,9204,0,466733340.000,0,-,-,-,-,3064.8000,3064.4000,3064.0000,3063.6000,3063.0000,3066.0000,3066.2000,3066.4000,3066.6000,3066.8000,1,1,1,1,1,1,2,3,2,2
SF,IH2002,2020-01-16 09:32:53.600,3065.0000,9204,0,466733340.000,0,-,-,-,-,3064.8000,3064.4000,3064.0000,3063.6000,3063.0000,3066.0000,3066.2000,3066.4000,3066.6000,3066.8000,1,1,1,1,1,2,2,3,2,2
SF,IH2002,2020-01-16 09:32:54.100,3064.8000,9203,-1,467652780.000,1,0,1,双平,S,3064.4000,3064.0000,3063.6000,3063.0000,3062.6000,3064.8000,3066.0000,3066.2000,3066.4000,3066.6000,1,1,1,1,1,4,2,2,3,2
SF,IH2002,2020-01-16 09:32:54.600,3064.8000,9199,-4,471330540.000,4,0,4,双平,S,3064.8000,3064.4000,3064.0000,3063.6000,3063.0000,3066.0000,3066.2000,3066.4000,3066.6000,3066.8000,1,1,1,1,1,2,2,3,2,2
SF,IH2002,2020-01-16 09:32:55.100,3066.0000,9200,1,473170140.000,2,1,1,空开,S,3064.8000,3064.4000,3064.0000,3063.6000,3063.0000,3065.0000,3066.2000,3066.4000,3066.6000,3066.8000,1,1,1,1,1,1,2,2,2,2
SF,IH2002,2020-01-16 09:32:55.600,3065.0000,9200,0,474089640.000,1,0,1,多换,S,3065.0000,3064.4000,3064.0000,3063.6000,3063.0000,3066.2000,3066.4000,3066.6000,3066.8000,3067.2000,1,1,1,1,1,2,2,2,2,1
SF,IH2002,2020-01-16 09:32:56.100,3065.0000,9200,0,474089640.000,0,-,-,-,-,3065.0000,3064.4000,3064.0000,3063.6000,3063.0000,3066.2000,3066.4000,3066.6000,3066.8000,3067.2000,1,1,1,1,1,2,3,2,2,1
SF,IH2002,2020-01-16 09:32:56.600,3066.2000,9202,2,475929360.000,2,2,0,双开,S,3065.0000,3064.4000,3064.0000,3063.6000,3063.0000,3066.2000,3066.4000,3066.6000,3066.8000,3067.2000,1,1,1,1,1,1,3,2,2,1
SF,IH2002,2020-01-16 09:32:57.600,3065.0000,9202,0,476848860.000,1,0,1,多换,S,3064.4000,3064.0000,3063.6000,3063.0000,3062.6000,3066.2000,3066.4000,3066.6000,3066.8000,3067.2000,1,1,1,1,1,1,3,2,2,1
SF,IH2002,2020-01-16 09:32:58.100,3065.0000,9202,0,476848860.000,0,-,-,-,-,3064.6000,3064.4000,3064.0000,3063.6000,3063.0000,3066.0000,3066.2000,3066.4000,3066.6000,3066.8000,2,1,1,1,1,1,1,2,2,2
SF,IH2002,2020-01-16 09:32:58.600,3065.0000,9202,0,476848860.000,0,-,-,-,-,3064.6000,3064.4000,3064.0000,3063.6000,3063.0000,3066.0000,3066.2000,3066.4000,3066.6000,3066.8000,2,1,1,1,1,2,1,2,2,2
SF,IH2002,2020-01-16 09:32:59.100,3065.0000,9202,0,476848860.000,0,-,-,-,-,3064.8000,3064.6000,3064.4000,3064.0000,3063.6000,3066.0000,3066.2000,3066.4000,3066.6000,3066.8000,2,2,1,1,1,2,1,2,2,2
SF,IH2002,2020-01-16 09:32:59.600,3065.0000,9202,0,476848860.000,0,-,-,-,-,3065.0000,3064.8000,3064.6000,3064.4000,3064.0000,3066.0000,3066.2000,3066.4000,3066.6000,3066.8000,1,2,1,1,1,3,1,2,2,2
SF,IH2002,2020-01-16 09:33:00.100,3065.0000,9202,0,476848860.000,0,-,-,-,-,3065.0000,3064.6000,3064.4000,3064.0000,3063.6000,3066.0000,3066.2000,3066.4000,3066.6000,3066.8000,1,1,1,1,1,4,1,2,2,2
SF,IH2002,2020-01-16 09:33:00.600,3065.0000,9202,0,477768360.000,1,0,1,多换,S,3064.6000,3064.4000,3064.0000,3063.6000,3063.0000,3066.0000,3066.2000,3066.4000,3066.6000,3066.8000,1,1,1,1,1,4,1,2,2,3
SF,IH2002,2020-01-16 09:33:01.100,3065.0000,9202,0,477768360.000,0,-,-,-,-,3064.8000,3064.6000,3064.4000,3064.0000,3063.6000,3065.0000,3066.0000,3066.2000,3066.4000,3066.6000,1,1,1,1,1,1,4,1,3,2
SF,IH2002,2020-01-16 09:33:01.600,3065.0000,9202,0,478687860.000,1,0,1,多换,S,3064.6000,3064.4000,3064.0000,3063.6000,3063.0000,3066.0000,3066.2000,3066.4000,3066.6000,3066.8000,1,1,1,1,1,4,1,3,2,3
SF,IH2002,2020-01-16 09:33:02.100,3065.0000,9202,0,478687860.000,0,-,-,-,-,3064.6000,3064.4000,3064.0000,3063.6000,3063.0000,3066.0000,3066.2000,3066.4000,3066.6000,3066.8000,1,2,1,1,1,4,1,3,2,3
SF,IH2002,2020-01-16 09:33:02.600,3065.0000,9202,0,478687860.000,0,-,-,-,-,3064.8000,3064.6000,3064.4000,3064.0000,3063.6000,3065.8000,3066.0000,3066.2000,3066.4000,3066.6000,2,1,2,1,1,1,4,2,3,2
SF,IH2002,2020-01-16 09:33:03.100,3065.0000,9202,0,478687860.000,0,-,-,-,-,3064.8000,3064.6000,3064.4000,3064.0000,3063.6000,3065.8000,3066.0000,3066.2000,3066.4000,3066.6000,2,1,2,1,1,1,5,1,3,2
SF,IH2002,2020-01-16 09:33:03.600,3065.0000,9202,0,478687860.000,0,-,-,-,-,3064.8000,3064.6000,3064.4000,3064.0000,3063.6000,3065.8000,3066.0000,3066.2000,3066.4000,3066.6000,2,1,2,1,1,1,4,1,3,2
SF,IH2002,2020-01-16 09:33:04.100,3065.0000,9202,0,478687860.000,0,-,-,-,-,3064.8000,3064.6000,3064.4000,3064.0000,3063.6000,3065.8000,3066.0000,3066.2000,3066.4000,3066.6000,2,1,2,1,1,1,4,1,3,2
SF,IH2002,2020-01-16 09:33:04.600,3065.0000,9202,0,478687860.000,0,-,-,-,-,3064.6000,3064.4000,3064.0000,3063.6000,3062.6000,3065.8000,3066.0000,3066.2000,3066.4000,3066.6000,1,2,1,1,1,1,4,1,3,2
SF,IH2002,2020-01-16 09:33:05.100,3065.0000,9202,0,478687860.000,0,-,-,-,-,3065.0000,3064.6000,3064.4000,3064.0000,3063.6000,3065.8000,3066.0000,3066.2000,3066.4000,3066.6000,1,1,2,1,1,1,4,1,3,2
SF,IH2002,2020-01-16 09:33:05.600,3065.0000,9202,0,478687860.000,0,-,-,-,-,3065.0000,3064.4000,3064.0000,3063.6000,3062.6000,3065.8000,3066.0000,3066.2000,3066.4000,3066.6000,1,2,1,1,1,1,4,1,3,2
SF,IH2002,2020-01-16 09:33:06.100,3065.0000,9202,0,478687860.000,0,-,-,-,-,3065.0000,3064.4000,3064.0000,3063.6000,3062.6000,3065.8000,3066.0000,3066.2000,3066.4000,3066.6000,1,2,1,1,1,1,3,1,3,2
SF,IH2002,2020-01-16 09:33:06.600,3065.0000,9202,0,478687860.000,0,-,-,-,-,3065.0000,3064.4000,3064.0000,3063.6000,3062.6000,3065.6000,3065.8000,3066.0000,3066.2000,3066.4000,1,2,1,1,1,1,1,3,1,3
SF,IH2002,2020-01-16 09:33:07.100,3065.0000,9202,0,478687860.000,0,-,-,-,-,3065.0000,3064.4000,3064.0000,3063.6000,3062.6000,3065.6000,3066.0000,3066.2000,3066.4000,3066.6000,1,2,1,1,1,1,3,1,3,2
SF,IH2002,2020-01-16 09:33:07.600,3065.0000,9202,0,478687860.000,0,-,-,-,-,3065.0000,3064.4000,3064.0000,3063.6000,3062.6000,3065.6000,3066.0000,3066.2000,3066.4000,3066.6000,1,2,1,1,1,3,3,1,3,2
SF,IH2002,2020-01-16 09:33:08.100,3065.6000,9201,-1,481446900.000,3,1,2,多平,S,3065.0000,3064.4000,3064.0000,3063.6000,3062.6000,3066.0000,3066.2000,3066.4000,3066.6000,3066.8000,1,2,1,1,1,3,1,3,2,3
SF,IH2002,2020-01-16 09:33:08.600,3065.6000,9201,0,481446900.000,0,-,-,-,-,3065.2000,3065.0000,3064.4000,3064.0000,3063.6000,3066.0000,3066.2000,3066.4000,3066.8000,3067.2000,2,1,2,1,1,2,1,1,3,1
SF,IH2002,2020-01-16 09:33:09.100,3065.6000,9201,0,481446900.000,0,-,-,-,-,3065.4000,3065.2000,3065.0000,3064.4000,3064.0000,3066.0000,3066.2000,3066.4000,3066.8000,3067.2000,6,5,1,2,1,2,1,1,3,1
SF,IH2002,2020-01-16 09:33:09.600,3065.6000,9201,0,481446900.000,0,-,-,-,-,3065.4000,3065.0000,3064.4000,3064.0000,3063.6000,3066.0000,3066.2000,3066.4000,3066.8000,3067.2000,1,1,2,1,1,2,1,1,3,1
SF,IH2002,2020-01-16 09:33:10.100,3065.4000,9201,0,482366520.000,1,0,1,多换,S,3065.0000,3064.4000,3064.0000,3063.6000,3062.6000,3065.4000,3066.0000,3066.2000,3066.4000,3066.8000,1,2,1,1,1,1,2,1,1,3
SF,IH2002,2020-01-16 09:33:10.600,3065.4000,9201,0,482366520.000,0,-,-,-,-,3065.6000,3065.0000,3064.4000,3064.0000,3063.6000,3066.0000,3066.2000,3066.4000,3066.8000,3067.2000,1,1,2,1,1,2,1,1,3,1
SF,IH2002,2020-01-16 09:33:11.100,3065.6000,9200,-1,483286200.000,1,0,1,双平,S,3065.0000,3064.4000,3064.0000,3063.6000,3062.6000,3065.6000,3066.0000,3066.2000,3066.4000,3066.8000,1,2,1,1,1,5,3,1,1,3
SF,IH2002,2020-01-16 09:33:11.600,3065.6000,9200,0,483286200.000,0,-,-,-,-,3065.0000,3064.4000,3064.0000,3063.6000,3062.6000,3065.6000,3066.0000,3066.2000,3066.4000,3066.8000,1,2,1,1,1,4,3,1,1,3
SF,IH2002,2020-01-16 09:33:12.100,3065.6000,9200,0,483286200.000,0,-,-,-,-,3065.0000,3064.4000,3064.0000,3063.6000,3062.6000,3065.6000,3066.0000,3066.2000,3066.4000,3066.8000,1,2,1,1,1,3,3,1,1,3
SF,IH2002,2020-01-16 09:33:12.600,3065.6000,9199,-1,484205880.000,1,0,1,双平,S,3065.0000,3064.4000,3064.0000,3063.6000,3062.6000,3065.6000,3066.0000,3066.2000,3066.4000,3066.8000,1,2,1,1,1,2,3,1,1,3
SF,IH2002,2020-01-16 09:33:13.600,3065.0000,9199,0,485125380.000,1,0,1,多换,S,3064.4000,3064.0000,3063.6000,3062.6000,3061.6000,3065.6000,3066.0000,3066.2000,3066.4000,3066.8000,2,1,1,1,1,2,3,1,1,3
SF,IH2002,2020-01-16 09:33:14.100,3065.0000,9199,0,485125380.000,0,-,-,-,-,3064.6000,3064.4000,3064.0000,3063.6000,3062.6000,3065.6000,3066.0000,3066.2000,3066.4000,3066.8000,1,2,1,1,1,2,2,1,1,3
SF,IH2002,2020-01-16 09:33:14.600,3065.0000,9199,0,485125380.000,0,-,-,-,-,3064.4000,3064.0000,3063.6000,3062.6000,3061.6000,3064.6000,3065.4000,3065.6000,3066.0000,3066.2000,2,1,1,1,1,1,1,2,2,1
SF,IH2002,2020-01-16 09:33:15.100,3064.6000,9200,1,486044760.000,1,1,0,双开,S,3064.4000,3064.0000,3063.6000,3062.6000,3061.6000,3065.4000,3065.6000,3066.0000,3066.2000,3066.4000,2,1,1,1,1,1,2,2,1,1
SF,IH2002,2020-01-16 09:33:15.600,3064.6000,9200,0,486044760.000,0,-,-,-,-,3064.4000,3064.0000,3063.6000,3062.6000,3061.6000,3065.4000,3065.6000,3066.0000,3066.2000,3066.4000,2,1,1,1,1,1,2,2,1,1
SF,IH2002,2020-01-16 09:33:16.100,3064.6000,9200,0,486044760.000,0,-,-,-,-,3064.4000,3064.0000,3063.6000,3062.6000,3061.6000,3065.4000,3065.6000,3066.0000,3066.2000,3066.4000,2,1,1,1,1,1,2,2,1,1
SF,IH2002,2020-01-16 09:33:16.600,3064.6000,9200,0,486044760.000,0,-,-,-,-,3064.4000,3064.0000,3063.6000,3062.6000,3061.6000,3065.4000,3065.6000,3066.0000,3066.2000,3066.4000,2,1,1,1,1,1,2,2,1,1
SF,IH2002,2020-01-16 09:33:17.100,3064.6000,9200,0,486044760.000,0,-,-,-,-,3064.4000,3064.0000,3063.6000,3062.6000,3061.6000,3065.4000,3065.6000,3066.0000,3066.2000,3066.4000,2,1,1,1,1,1,2,2,1,1
SF,IH2002,2020-01-16 09:33:17.600,3064.6000,9200,0,486044760.000,0,-,-,-,-,3064.4000,3064.0000,3063.6000,3062.6000,3061.6000,3065.2000,3065.4000,3065.6000,3066.0000,3066.2000,2,1,1,1,1,2,1,2,2,1
SF,IH2002,2020-01-16 09:33:18.100,3064.6000,9200,0,486044760.000,0,-,-,-,-,3064.4000,3064.0000,3063.6000,3062.6000,3061.6000,3065.0000,3065.2000,3065.6000,3066.0000,3066.2000,2,1,1,1,1,1,1,2,2,1
SF,IH2002,2020-01-16 09:33:18.600,3064.6000,9200,0,486044760.000,0,-,-,-,-,3064.6000,3064.4000,3064.0000,3063.6000,3062.6000,3065.0000,3065.6000,3066.0000,3066.2000,3066.4000,8,2,1,1,1,1,2,2,1,1
SF,IH2002,2020-01-16 09:33:19.100,3065.0000,9200,0,486964260.000,1,0,1,多换,S,3064.6000,3064.4000,3064.0000,3063.6000,3062.6000,3065.6000,3066.0000,3066.2000,3066.4000,3066.8000,8,2,1,1,1,2,2,1,1,3
SF,IH2002,2020-01-16 09:33:19.600,3065.0000,9200,0,486964260.000,0,-,-,-,-,3064.6000,3064.4000,3064.0000,3063.6000,3062.6000,3065.4000,3065.6000,3066.0000,3066.2000,3066.4000,8,2,1,1,1,1,2,2,1,1
SF,IH2002,2020-01-16 09:33:20.100,3064.6000,9199,-1,487883640.000,1,0,1,双平,S,3064.6000,3064.4000,3064.0000,3063.6000,3062.6000,3065.4000,3065.6000,3066.0000,3066.2000,3066.4000,8,2,1,1,1,1,2,2,1,1
SF,IH2002,2020-01-16 09:33:20.600,3064.6000,9199,0,487883640.000,0,-,-,-,-,3064.6000,3064.4000,3064.0000,3063.6000,3062.6000,3065.4000,3065.6000,3066.0000,3066.2000,3066.4000,8,2,1,1,1,1,2,2,1,1
SF,IH2002,2020-01-16 09:33:21.100,3065.4000,9199,0,488803260.000,1,0,1,多换,S,3064.6000,3064.4000,3064.0000,3063.6000,3062.6000,3065.6000,3066.0000,3066.2000,3066.4000,3066.8000,8,2,1,1,1,2,2,1,1,3
SF,IH2002,2020-01-16 09:33:21.600,3065.4000,9199,0,488803260.000,0,-,-,-,-,3064.8000,3064.6000,3064.4000,3064.0000,3063.6000,3065.6000,3066.0000,3066.2000,3066.4000,3066.8000,2,8,2,1,1,2,2,1,1,3
SF,IH2002,2020-01-16 09:33:22.100,3065.4000,9199,0,488803260.000,0,-,-,-,-,3064.8000,3064.6000,3064.4000,3064.0000,3063.6000,3066.0000,3066.2000,3066.4000,3066.8000,3067.4000,3,7,2,1,1,2,1,1,3,3
SF,IH2002,2020-01-16 09:33:22.600,3065.0000,9199,0,489722760.000,1,0,1,多换,S,3064.8000,3064.6000,3064.4000,3064.0000,3063.6000,3065.8000,3066.0000,3066.2000,3066.4000,3066.8000,1,7,2,1,1,1,2,2,1,3
SF,IH2002,2020-01-16 09:33:23.100,3065.0000,9199,0,489722760.000,0,-,-,-,-,3064.8000,3064.6000,3064.4000,3064.0000,3063.6000,3065.8000,3066.0000,3066.2000,3066.4000,3066.8000,1,7,2,1,1,1,2,2,1,3
SF,IH2002,2020-01-16 09:33:23.600,3065.0000,9199,0,489722760.000,0,-,-,-,-,3064.8000,3064.6000,3064.4000,3064.0000,3063.6000,3065.8000,3066.0000,3066.2000,3066.4000,3066.8000,1,7,2,1,1,1,2,2,1,3
SF,IH2002,2020-01-16 09:33:24.100,3065.0000,9199,0,489722760.000,0,-,-,-,-,3064.8000,3064.6000,3064.4000,3064.0000,3063.6000,3065.6000,3065.8000,3066.0000,3066.2000,3066.4000,1,7,2,1,1,1,1,2,2,1
SF,IH2002,2020-01-16 09:33:24.600,3065.0000,9199,0,489722760.000,0,-,-,-,-,3064.8000,3064.6000,3064.4000,3064.0000,3063.6000,3065.2000,3065.6000,3065.8000,3066.0000,3066.2000,1,7,2,1,1,1,1,1,2,2
SF,IH2002,2020-01-16 09:33:26.600,3065.0000,9199,0,489722760.000,0,-,-,-,-,3064.8000,3064.6000,3064.4000,3064.0000,3063.6000,3065.2000,3065.6000,3065.8000,3066.0000,3066.2000,1,7,2,1,1,1,2,1,2,3
SF,IH2002,2020-01-16 09:33:27.100,3065.2000,9201,2,491561760.000,2,2,0,双开,S,3064.6000,3064.4000,3064.0000,3063.6000,3062.6000,3065.6000,3065.8000,3066.0000,3066.2000,3066.4000,7,2,1,1,1,2,1,2,3,1
SF,IH2002,2020-01-16 09:33:27.600,3065.2000,9201,0,491561760.000,0,-,-,-,-,3064.6000,3064.4000,3064.0000,3063.6000,3062.6000,3065.6000,3065.8000,3066.0000,3066.2000,3066.4000,7,2,1,1,1,2,2,2,3,1
SF,IH2002,2020-01-16 09:33:28.100,3065.2000,9201,0,491561760.000,0,-,-,-,-,3064.6000,3064.4000,3064.0000,3063.6000,3062.6000,3065.6000,3065.8000,3066.0000,3066.2000,3066.4000,7,2,1,1,1,2,2,2,3,1
SF,IH2002,2020-01-16 09:33:28.600,3065.2000,9201,0,491561760.000,0,-,-,-,-,3064.6000,3064.4000,3064.0000,3063.6000,3062.6000,3065.6000,3065.8000,3066.0000,3066.2000,3066.4000,7,2,1,1,1,2,2,2,3,1
SF,IH2002,2020-01-16 09:33:29.100,3065.2000,9201,0,491561760.000,0,-,-,-,-,3064.6000,3064.4000,3064.0000,3063.6000,3062.6000,3065.6000,3065.8000,3066.0000,3066.2000,3066.4000,8,2,1,1,1,2,2,2,3,1
SF,IH2002,2020-01-16 09:33:29.600,3065.2000,9201,0,491561760.000,0,-,-,-,-,3064.6000,3064.4000,3064.0000,3063.6000,3062.6000,3065.6000,3065.8000,3066.0000,3066.2000,3066.4000,8,2,1,1,1,2,2,2,3,1
SF,IH2002,2020-01-16 09:33:30.100,3064.6000,9201,0,497997480.000,7,3,4,多换,S,3064.6000,3064.4000,3064.0000,3063.6000,3062.6000,3065.6000,3065.8000,3066.0000,3066.2000,3066.4000,2,2,1,1,1,2,1,2,3,1
SF,IH2002,2020-01-16 09:33:30.600,3064.6000,9201,0,497997480.000,0,-,-,-,-,3064.6000,3064.4000,3064.0000,3063.6000,3062.6000,3065.6000,3065.8000,3066.0000,3066.2000,3066.4000,2,2,1,1,1,2,1,2,3,1
SF,IH2002,2020-01-16 09:33:31.100,3064.6000,9201,0,497997480.000,0,-,-,-,-,3064.6000,3064.4000,3064.0000,3063.6000,3062.6000,3065.6000,3065.8000,3066.0000,3066.2000,3066.4000,2,2,1,1,1,2,1,2,3,1
SF,IH2002,2020-01-16 09:33:31.600,3064.6000,9201,0,497997480.000,0,-,-,-,-,3064.6000,3064.4000,3064.0000,3063.6000,3062.6000,3065.6000,3065.8000,3066.0000,3066.2000,3066.4000,2,2,1,1,1,2,1,2,3,1
SF,IH2002,2020-01-16 09:33:32.100,3064.6000,9201,0,497997480.000,0,-,-,-,-,3064.6000,3064.4000,3064.0000,3063.6000,3062.6000,3065.6000,3065.8000,3066.0000,3066.2000,3066.4000,2,2,1,1,1,2,1,2,3,1
SF,IH2002,2020-01-16 09:33:32.600,3064.6000,9201,0,497997480.000,0,-,-,-,-,3064.6000,3064.4000,3064.0000,3063.6000,3062.6000,3065.6000,3065.8000,3066.0000,3066.2000,3066.4000,2,2,1,1,1,2,1,2,3,1
SF,IH2002,2020-01-16 09:33:33.100,3064.6000,9201,0,497997480.000,0,-,-,-,-,3064.6000,3064.4000,3064.0000,3063.6000,3062.6000,3065.6000,3065.8000,3066.0000,3066.2000,3066.4000,2,2,1,1,1,2,1,2,3,1
SF,IH2002,2020-01-16 09:33:33.600,3064.8000,9201,0,499836600.000,2,1,1,多换,S,3064.6000,3064.4000,3064.0000,3063.6000,3062.6000,3064.8000,3065.6000,3065.8000,3066.0000,3066.2000,2,2,1,1,1,1,1,1,2,3
SF,IH2002,2020-01-16 09:33:34.100,3064.6000,9200,-1,500755980.000,1,0,1,双平,S,3064.6000,3064.4000,3064.0000,3063.6000,3062.6000,3064.8000,3065.6000,3065.8000,3066.0000,3066.2000,1,2,1,1,1,1,1,1,2,3
SF,IH2002,2020-01-16 09:33:35.100,3064.6000,9200,0,500755980.000,0,-,-,-,-,3064.4000,3064.0000,3063.6000,3062.6000,3061.6000,3064.8000,3065.4000,3065.6000,3065.8000,3066.0000,2,1,1,1,1,1,2,1,1,2
SF,IH2002,2020-01-16 09:33:35.600,3064.4000,9200,0,501675300.000,1,0,1,多换,S,3064.4000,3064.0000,3063.6000,3062.6000,3061.6000,3065.4000,3065.6000,3065.8000,3066.0000,3066.2000,1,1,1,1,1,2,1,1,2,3
SF,IH2002,2020-01-16 09:33:36.100,3064.4000,9200,0,501675300.000,0,-,-,-,-,3064.4000,3064.0000,3063.6000,3062.6000,3061.6000,3065.4000,3065.6000,3065.8000,3066.0000,3066.2000,1,1,1,1,1,2,1,1,2,3
SF,IH2002,2020-01-16 09:33:36.600,3064.4000,9200,0,501675300.000,0,-,-,-,-,3064.4000,3064.0000,3063.6000,3062.6000,3061.6000,3065.4000,3065.6000,3065.8000,3066.0000,3066.2000,2,1,1,1,1,2,1,1,2,3
SF,IH2002,2020-01-16 09:33:37.100,3064.4000,9200,0,501675300.000,0,-,-,-,-,3064.6000,3064.4000,3064.0000,3063.6000,3062.6000,3065.4000,3065.6000,3065.8000,3066.0000,3066.2000,2,2,1,1,1,2,1,1,2,3
SF,IH2002,2020-01-16 09:33:37.600,3064.4000,9200,0,501675300.000,0,-,-,-,-,3064.6000,3064.4000,3064.0000,3063.6000,3062.6000,3065.4000,3065.6000,3065.8000,3066.0000,3066.2000,4,2,1,1,1,2,1,1,2,3
SF,IH2002,2020-01-16 09:33:41.100,3064.4000,9200,0,501675300.000,0,-,-,-,-,3064.6000,3064.4000,3064.0000,3063.6000,3062.6000,3065.4000,3065.6000,3065.8000,3066.0000,3066.2000,4,3,1,1,1,2,1,1,2,3
SF,IH2002,2020-01-16 09:33:41.600,3064.4000,9200,0,501675300.000,0,-,-,-,-,3064.6000,3064.4000,3064.0000,3063.6000,3062.6000,3065.4000,3065.6000,3065.8000,3066.0000,3066.2000,2,3,1,1,1,2,1,1,2,3
SF,IH2002,2020-01-16 09:33:42.100,3064.4000,9200,0,501675300.000,0,-,-,-,-,3064.6000,3064.4000,3064.0000,3063.6000,3062.6000,3065.4000,3065.6000,3065.8000,3066.0000,3066.2000,2,3,1,1,1,2,1,1,2,3
SF,IH2002,2020-01-16 09:33:42.600,3064.6000,9200,0,502594680.000,1,0,1,多换,S,3064.6000,3064.4000,3064.0000,3063.6000,3062.6000,3065.4000,3065.6000,3065.8000,3066.0000,3066.2000,1,3,1,1,1,2,1,1,2,3
SF,IH2002,2020-01-16 09:33:43.100,3064.6000,9200,0,502594680.000,0,-,-,-,-,3064.6000,3064.4000,3064.0000,3063.6000,3062.6000,3065.4000,3065.6000,3065.8000,3066.0000,3066.2000,1,3,1,1,1,2,1,1,2,3
SF,IH2002,2020-01-16 09:33:43.600,3064.6000,9199,-1,503514060.000,1,0,1,双平,S,3064.4000,3064.0000,3063.6000,3062.6000,3061.6000,3064.6000,3065.4000,3065.6000,3065.8000,3066.0000,3,1,1,1,1,1,2,1,1,2
SF,IH2002,2020-01-16 09:33:44.600,3064.6000,9199,0,504433440.000,1,0,1,多换,S,3064.4000,3064.0000,3063.6000,3062.6000,3061.6000,3065.4000,3065.6000,3065.8000,3066.0000,3066.2000,3,1,1,1,1,2,1,1,2,3
SF,IH2002,2020-01-16 09:33:45.100,3064.6000,9199,0,504433440.000,0,-,-,-,-,3064.4000,3064.0000,3063.6000,3062.6000,3061.6000,3065.4000,3065.6000,3065.8000,3066.0000,3066.2000,3,1,1,1,1,2,1,1,2,3
SF,IH2002,2020-01-16 09:33:45.600,3065.2000,9199,0,505353000.000,1,0,1,多换,S,3064.6000,3064.4000,3064.0000,3063.6000,3062.6000,3065.4000,3065.6000,3065.8000,3066.0000,3066.2000,3,3,1,1,1,2,1,1,2,3
SF,IH2002,2020-01-16 09:33:47.100,3064.6000,9199,0,506272380.000,1,0,1,多换,S,3064.6000,3064.4000,3064.0000,3063.6000,3062.6000,3065.4000,3065.6000,3065.8000,3066.0000,3066.2000,2,3,1,1,1,2,1,1,2,3
SF,IH2002,2020-01-16 09:33:47.600,3064.6000,9199,0,506272380.000,0,-,-,-,-,3064.6000,3064.4000,3064.0000,3063.6000,3062.6000,3065.4000,3065.6000,3065.8000,3066.0000,3066.2000,2,3,1,1,1,2,1,1,2,3
SF,IH2002,2020-01-16 09:33:48.100,3064.6000,9199,0,506272380.000,0,-,-,-,-,3064.6000,3064.4000,3064.0000,3063.6000,3062.6000,3065.4000,3065.6000,3065.8000,3066.0000,3066.2000,2,3,1,1,1,2,1,1,2,3
SF,IH2002,2020-01-16 09:33:49.600,3064.6000,9199,0,506272380.000,0,-,-,-,-,3064.6000,3064.4000,3064.0000,3063.6000,3062.6000,3065.4000,3065.6000,3065.8000,3066.0000,3066.2000,2,3,1,1,1,2,1,1,2,3
SF,IH2002,2020-01-16 09:33:50.100,3064.6000,9199,0,506272380.000,0,-,-,-,-,3064.8000,3064.6000,3064.4000,3064.0000,3063.6000,3065.4000,3065.6000,3065.8000,3066.0000,3066.2000,2,2,3,1,1,2,1,1,2,3
SF,IH2002,2020-01-16 09:33:50.600,3064.6000,9199,0,506272380.000,0,-,-,-,-,3064.8000,3064.6000,3064.4000,3064.0000,3063.6000,3065.4000,3065.6000,3065.8000,3066.0000,3066.2000,2,2,3,1,1,2,1,1,2,3
SF,IH2002,2020-01-16 09:33:51.100,3064.6000,9199,0,506272380.000,0,-,-,-,-,3064.6000,3064.4000,3064.0000,3063.6000,3062.6000,3065.4000,3065.6000,3065.8000,3066.0000,3066.2000,2,3,1,1,1,2,1,1,2,3
SF,IH2002,2020-01-16 09:33:51.600,3064.6000,9197,-2,508111140.000,2,0,2,双平,S,3064.4000,3064.0000,3063.6000,3062.6000,3061.6000,3065.4000,3065.6000,3065.8000,3066.0000,3066.2000,3,1,1,1,1,2,1,1,2,3
SF,IH2002,2020-01-16 09:33:52.100,3064.6000,9197,0,508111140.000,0,-,-,-,-,3064.4000,3064.0000,3063.6000,3062.6000,3061.6000,3065.4000,3065.6000,3065.8000,3066.0000,3066.2000,3,1,1,1,1,2,1,1,2,3
SF,IH2002,2020-01-16 09:33:52.600,3064.4000,9197,0,509030460.000,1,0,1,多换,S,3064.4000,3064.0000,3063.6000,3062.6000,3061.6000,3065.4000,3065.6000,3065.8000,3066.0000,3066.2000,2,1,1,1,1,2,1,1,2,3
SF,IH2002,2020-01-16 09:33:53.100,3064.4000,9197,0,509030460.000,0,-,-,-,-,3064.4000,3064.0000,3063.6000,3062.6000,3061.6000,3065.2000,3065.4000,3065.6000,3065.8000,3066.0000,2,1,1,1,1,1,2,1,1,2
SF,IH2002,2020-01-16 09:33:53.600,3064.4000,9197,0,509030460.000,0,-,-,-,-,3064.4000,3064.0000,3063.6000,3062.6000,3061.6000,3065.2000,3065.4000,3065.6000,3065.8000,3066.0000,2,1,1,1,1,1,2,1,1,2
SF,IH2002,2020-01-16 09:33:54.100,3064.4000,9197,0,509030460.000,0,-,-,-,-,3064.4000,3064.0000,3063.6000,3062.6000,3061.6000,3065.2000,3065.4000,3065.6000,3065.8000,3066.0000,2,1,1,1,1,1,2,1,1,2
SF,IH2002,2020-01-16 09:33:54.600,3064.4000,9198,1,510869100.000,2,1,1,空开,S,3064.0000,3063.6000,3062.6000,3061.6000,3061.4000,3065.2000,3065.4000,3065.6000,3065.8000,3066.0000,1,1,1,1,1,2,2,1,1,2
SF,IH2002,2020-01-16 09:33:55.100,3064.4000,9198,0,510869100.000,0,-,-,-,-,3064.0000,3063.6000,3062.6000,3061.6000,3061.4000,3064.2000,3065.0000,3065.2000,3065.4000,3065.6000,1,1,1,1,1,1,1,2,2,1
SF,IH2002,2020-01-16 09:33:55.600,3064.2000,9198,0,511788360.000,1,0,1,多换,S,3064.0000,3063.6000,3062.6000,3061.6000,3061.4000,3065.0000,3065.2000,3065.4000,3065.6000,3065.8000,1,1,1,1,1,1,2,2,1,1
SF,IH2002,2020-01-16 09:33:56.100,3064.2000,9198,0,511788360.000,0,-,-,-,-,3063.6000,3062.6000,3061.6000,3061.4000,3060.6000,3065.0000,3065.2000,3065.4000,3065.6000,3065.8000,1,1,1,1,1,1,2,2,1,1
SF,IH2002,2020-01-16 09:33:56.600,3064.2000,9198,0,511788360.000,0,-,-,-,-,3063.8000,3063.6000,3062.6000,3061.6000,3061.4000,3065.0000,3065.2000,3065.4000,3065.6000,3065.8000,6,1,1,1,1,1,2,2,1,1
SF,IH2002,2020-01-16 09:33:57.100,3064.2000,9198,0,511788360.000,0,-,-,-,-,3064.0000,3063.8000,3063.6000,3062.6000,3061.6000,3065.0000,3065.2000,3065.4000,3065.6000,3065.8000,2,6,1,1,1,1,2,2,1,1
SF,IH2002,2020-01-16 09:33:57.600,3064.2000,9198,0,511788360.000,0,-,-,-,-,3064.0000,3063.8000,3063.6000,3062.6000,3061.6000,3065.0000,3065.2000,3065.4000,3065.6000,3065.8000,2,6,1,1,1,1,2,2,1,1
SF,IH2002,2020-01-16 09:33:58.100,3064.2000,9198,0,511788360.000,0,-,-,-,-,3064.0000,3063.8000,3063.6000,3062.6000,3061.6000,3065.0000,3065.2000,3065.4000,3065.6000,3065.8000,2,6,1,1,1,1,2,2,1,1
SF,IH2002,2020-01-16 09:33:58.600,3064.2000,9198,0,511788360.000,0,-,-,-,-,3064.0000,3063.8000,3063.6000,3062.6000,3061.6000,3065.0000,3065.2000,3065.4000,3065.6000,3065.8000,2,6,1,1,1,1,2,2,1,1
SF,IH2002,2020-01-16 09:33:59.100,3064.2000,9198,0,511788360.000,0,-,-,-,-,3064.2000,3063.8000,3063.6000,3062.6000,3061.6000,3065.0000,3065.2000,3065.4000,3065.6000,3065.8000,1,6,1,1,1,1,2,2,1,1
SF,IH2002,2020-01-16 09:33:59.600,3064.8000,9197,-1,512707800.000,1,0,1,双平,S,3064.2000,3063.8000,3063.6000,3062.6000,3061.6000,3065.0000,3065.2000,3065.4000,3065.6000,3065.8000,1,6,1,1,1,1,2,2,1,1
SF,IH2002,2020-01-16 09:34:00.100,3064.8000,9197,0,512707800.000,0,-,-,-,-,3063.8000,3063.6000,3062.6000,3061.6000,3061.4000,3064.8000,3065.0000,3065.2000,3065.4000,3065.6000,6,1,1,1,1,1,1,2,2,1
SF,IH2002,2020-01-16 09:34:00.600,3064.8000,9197,0,512707800.000,0,-,-,-,-,3063.8000,3063.6000,3062.6000,3061.6000,3061.4000,3064.8000,3065.0000,3065.2000,3065.4000,3065.6000,2,1,1,1,1,1,1,2,2,1
SF,IH2002,2020-01-16 09:34:01.100,3064.8000,9197,0,512707800.000,0,-,-,-,-,3063.8000,3063.6000,3062.6000,3061.6000,3061.4000,3064.8000,3065.0000,3065.2000,3065.4000,3065.6000,2,1,1,1,1,2,1,2,2,1
SF,IH2002,2020-01-16 09:34:01.600,3064.8000,9197,0,512707800.000,0,-,-,-,-,3064.0000,3063.8000,3063.6000,3062.6000,3061.6000,3064.8000,3065.0000,3065.2000,3065.4000,3065.6000,2,2,1,1,1,2,1,2,2,1
SF,IH2002,2020-01-16 09:34:02.100,3064.8000,9197,0,512707800.000,0,-,-,-,-,3064.0000,3063.8000,3063.6000,3062.6000,3061.6000,3064.8000,3065.0000,3065.2000,3065.4000,3065.6000,2,1,1,1,1,2,1,2,2,1
SF,IH2002,2020-01-16 09:34:02.600,3064.8000,9197,0,512707800.000,0,-,-,-,-,3064.0000,3063.8000,3063.6000,3062.6000,3061.6000,3064.8000,3065.0000,3065.2000,3065.4000,3065.6000,1,1,1,1,1,2,1,2,2,1
SF,IH2002,2020-01-16 09:34:03.100,3064.8000,9196,-1,513627240.000,1,0,1,双平,S,3063.8000,3063.6000,3062.6000,3061.6000,3061.4000,3064.8000,3065.0000,3065.2000,3065.4000,3065.6000,1,1,1,1,1,2,1,2,2,1
SF,IH2002,2020-01-16 09:34:03.600,3064.8000,9196,0,513627240.000,0,-,-,-,-,3064.2000,3063.8000,3063.6000,3062.6000,3061.6000,3064.8000,3065.0000,3065.2000,3065.4000,3065.6000,1,2,1,1,1,2,1,2,2,1
SF,IH2002,2020-01-16 09:34:04.100,3064.8000,9196,0,514546680.000,1,0,1,多换,S,3064.2000,3064.0000,3063.8000,3063.6000,3062.6000,3065.0000,3065.2000,3065.4000,3065.6000,3065.8000,1,5,1,1,1,1,2,2,1,1
SF,IH2002,2020-01-16 09:34:04.600,3065.4000,9197,1,518224860.000,4,2,2,空开,S,3064.4000,3064.2000,3063.6000,3062.6000,3061.6000,3065.4000,3065.6000,3065.8000,3066.0000,3066.2000,7,2,1,1,1,1,1,1,4,3
SF,IH2002,2020-01-16 09:34:05.100,3065.4000,9196,-1,520064100.000,2,0,2,多平,S,3064.6000,3064.4000,3063.6000,3062.6000,3061.6000,3065.6000,3065.8000,3066.0000,3066.2000,3066.4000,1,9,1,1,1,1,1,5,3,1
SF,IH2002,2020-01-16 09:34:05.600,3065.4000,9196,0,520064100.000,0,-,-,-,-,3064.6000,3064.4000,3063.6000,3062.6000,3061.6000,3065.4000,3065.6000,3065.8000,3066.0000,3066.2000,3,9,1,1,1,1,1,1,5,3
SF,IH2002,2020-01-16 09:34:06.100,3065.4000,9196,0,520064100.000,0,-,-,-,-,3064.6000,3064.4000,3063.6000,3062.6000,3061.6000,3065.4000,3065.6000,3065.8000,3066.0000,3066.2000,3,8,1,1,1,1,1,1,5,3
SF,IH2002,2020-01-16 09:34:06.600,3065.4000,9196,0,520064100.000,0,-,-,-,-,3064.6000,3064.4000,3063.6000,3062.6000,3061.6000,3065.4000,3065.6000,3066.0000,3066.2000,3066.4000,3,6,1,1,1,1,1,5,3,1
SF,IH2002,2020-01-16 09:34:07.600,3064.8000,9197,1,520983540.000,1,1,0,双开,S,3064.6000,3064.4000,3063.6000,3062.6000,3061.6000,3065.4000,3065.6000,3066.0000,3066.2000,3066.4000,3,6,1,1,1,1,1,5,3,1
SF,IH2002,2020-01-16 09:34:09.600,3064.8000,9197,0,520983540.000,0,-,-,-,-,3064.6000,3064.4000,3063.6000,3062.6000,3061.6000,3065.4000,3065.6000,3066.0000,3066.2000,3066.4000,3,6,1,1,1,1,1,5,3,1
SF,IH2002,2020-01-16 09:34:13.600,3065.4000,9198,1,521903160.000,1,1,0,双开,S,3064.6000,3064.4000,3063.6000,3062.6000,3061.6000,3065.6000,3066.0000,3066.2000,3066.4000,3066.8000,3,6,1,1,1,1,5,3,1,3
SF,IH2002,2020-01-16 09:34:14.100,3065.4000,9198,0,521903160.000,0,-,-,-,-,3064.8000,3064.6000,3064.4000,3063.6000,3062.6000,3065.6000,3066.0000,3066.2000,3066.4000,3066.8000,7,4,1,1,1,1,5,3,1,3
SF,IH2002,2020-01-16 09:34:14.600,3065.6000,9197,-1,522822840.000,1,0,1,双平,S,3064.8000,3064.4000,3063.6000,3062.6000,3061.6000,3066.0000,3066.2000,3066.4000,3066.8000,3067.2000,9,1,1,1,1,5,3,1,3,1
SF,IH2002,2020-01-16 09:34:15.100,3065.8000,9196,-1,523742580.000,1,0,1,双平,S,3065.2000,3064.8000,3064.4000,3063.6000,3062.6000,3066.0000,3066.2000,3066.4000,3066.8000,3067.2000,1,11,1,1,1,5,2,1,3,1
SF,IH2002,2020-01-16 09:34:15.600,3065.8000,9196,0,523742580.000,0,-,-,-,-,3065.4000,3065.2000,3064.8000,3064.4000,3063.6000,3066.0000,3066.2000,3066.4000,3066.8000,3067.2000,5,1,2,1,1,5,2,1,3,1
SF,IH2002,2020-01-16 09:34:16.100,3065.8000,9196,0,523742580.000,0,-,-,-,-,3065.4000,3065.2000,3064.8000,3064.4000,3063.6000,3066.0000,3066.2000,3066.4000,3066.8000,3067.2000,4,1,2,1,1,5,2,1,2,1
SF,IH2002,2020-01-16 09:34:16.600,3066.0000,9196,0,524662380.000,1,0,1,多换,S,3065.4000,3064.4000,3063.6000,3062.6000,3061.6000,3066.0000,3066.2000,3066.4000,3066.8000,3067.2000,4,1,1,1,1,4,2,1,2,1
SF,IH2002,2020-01-16 09:34:17.100,3065.4000,9196,0,526501620.000,2,1,1,多换,S,3065.4000,3064.4000,3063.6000,3062.6000,3061.6000,3066.0000,3066.2000,3066.4000,3066.8000,3067.2000,2,1,1,1,1,4,2,1,2,1
SF,IH2002,2020-01-16 09:34:17.600,3065.4000,9196,0,528340860.000,2,1,1,多换,S,3064.4000,3063.6000,3062.6000,3061.6000,3061.4000,3065.4000,3066.0000,3066.2000,3066.4000,3066.8000,1,1,1,1,1,1,4,2,1,1
SF,IH2002,2020-01-16 09:34:18.100,3065.4000,9196,0,528340860.000,0,-,-,-,-,3064.6000,3064.4000,3063.6000,3062.6000,3061.6000,3065.4000,3066.0000,3066.2000,3066.4000,3066.8000,1,1,1,1,1,1,4,2,1,1
SF,IH2002,2020-01-16 09:34:18.600,3065.4000,9196,0,528340860.000,0,-,-,-,-,3064.8000,3064.6000,3064.4000,3063.6000,3062.6000,3065.4000,3066.0000,3066.2000,3066.4000,3066.8000,5,3,1,1,1,1,4,2,1,1
SF,IH2002,2020-01-16 09:34:19.100,3065.4000,9196,0,528340860.000,0,-,-,-,-,3064.4000,3063.6000,3062.6000,3061.6000,3061.4000,3065.4000,3066.0000,3066.2000,3066.4000,3066.8000,1,1,1,1,1,1,4,2,1,1
SF,IH2002,2020-01-16 09:34:19.600,3065.4000,9196,0,528340860.000,0,-,-,-,-,3064.6000,3063.6000,3062.6000,3061.6000,3061.4000,3065.4000,3066.0000,3066.2000,3066.4000,3066.8000,1,1,1,1,1,1,4,2,1,1
SF,IH2002,2020-01-16 09:34:20.100,3065.4000,9196,0,528340860.000,0,-,-,-,-,3063.6000,3062.6000,3061.6000,3061.4000,3060.6000,3065.4000,3066.0000,3066.2000,3066.4000,3066.8000,1,1,1,1,9,1,4,2,1,1
SF,IH2002,2020-01-16 09:34:20.600,3065.4000,9196,0,528340860.000,0,-,-,-,-,3064.0000,3063.8000,3063.6000,3062.6000,3061.6000,3065.4000,3066.0000,3066.2000,3066.4000,3066.8000,1,2,1,1,1,1,4,2,1,1
SF,IH2002,2020-01-16 09:34:21.100,3065.4000,9196,0,528340860.000,0,-,-,-,-,3064.0000,3063.8000,3063.6000,3062.6000,3061.6000,3065.4000,3066.0000,3066.2000,3066.4000,3066.8000,1,1,1,1,1,1,4,2,1,1
SF,IH2002,2020-01-16 09:34:22.100,3065.4000,9196,0,528340860.000,0,-,-,-,-,3064.0000,3063.8000,3063.6000,3062.6000,3061.6000,3065.4000,3066.0000,3066.2000,3066.4000,3066.8000,2,1,1,1,1,1,4,2,1,1
SF,IH2002,2020-01-16 09:34:23.100,3065.4000,9196,0,528340860.000,0,-,-,-,-,3064.0000,3063.8000,3063.6000,3062.6000,3061.6000,3065.4000,3066.0000,3066.2000,3066.4000,3066.8000,1,1,1,1,1,1,4,2,1,1
SF,IH2002,2020-01-16 09:34:24.100,3065.4000,9197,1,529260480.000,1,1,0,双开,S,3064.0000,3063.8000,3063.6000,3062.6000,3061.6000,3066.0000,3066.2000,3066.4000,3066.8000,3067.2000,1,1,1,1,1,4,2,1,1,1
SF,IH2002,2020-01-16 09:34:24.600,3065.4000,9197,0,529260480.000,0,-,-,-,-,3064.2000,3063.8000,3063.6000,3062.6000,3061.6000,3065.8000,3066.0000,3066.2000,3066.4000,3066.8000,2,1,1,1,1,7,4,2,1,1
SF,IH2002,2020-01-16 09:34:25.100,3065.4000,9197,0,529260480.000,0,-,-,-,-,3064.2000,3063.8000,3063.6000,3062.6000,3061.6000,3065.8000,3066.0000,3066.2000,3066.4000,3066.8000,2,1,1,1,1,7,4,2,1,1
SF,IH2002,2020-01-16 09:34:25.600,3065.4000,9197,0,529260480.000,0,-,-,-,-,3064.2000,3063.8000,3063.6000,3062.6000,3061.6000,3065.8000,3066.0000,3066.2000,3066.4000,3066.8000,2,1,1,1,1,7,4,2,1,1
SF,IH2002,2020-01-16 09:34:26.100,3065.4000,9197,0,529260480.000,0,-,-,-,-,3064.2000,3063.8000,3063.6000,3062.6000,3061.6000,3065.8000,3066.0000,3066.2000,3066.4000,3066.8000,2,1,1,1,1,7,4,2,1,1
SF,IH2002,2020-01-16 09:34:26.600,3065.4000,9197,0,529260480.000,0,-,-,-,-,3064.2000,3063.8000,3063.6000,3062.6000,3061.6000,3065.8000,3066.0000,3066.2000,3066.4000,3066.8000,2,1,1,1,1,7,4,2,1,1
SF,IH2002,2020-01-16 09:34:27.100,3065.4000,9197,0,529260480.000,0,-,-,-,-,3064.2000,3063.8000,3063.6000,3062.6000,3061.6000,3065.8000,3066.0000,3066.2000,3066.4000,3066.8000,2,1,1,1,1,7,4,2,1,1
SF,IH2002,2020-01-16 09:34:27.600,3065.4000,9197,0,529260480.000,0,-,-,-,-,3064.2000,3063.8000,3063.6000,3062.6000,3061.6000,3065.8000,3066.0000,3066.2000,3066.4000,3066.8000,2,1,1,1,1,7,4,2,1,1
SF,IH2002,2020-01-16 09:34:28.100,3065.4000,9197,0,529260480.000,0,-,-,-,-,3064.2000,3063.8000,3063.6000,3062.6000,3061.6000,3065.8000,3066.0000,3066.2000,3066.4000,3066.8000,2,1,1,1,1,7,4,2,1,1
SF,IH2002,2020-01-16 09:34:29.600,3065.4000,9197,0,529260480.000,0,-,-,-,-,3064.2000,3063.8000,3063.6000,3062.6000,3061.6000,3065.6000,3065.8000,3066.0000,3066.2000,3066.4000,2,1,1,1,1,1,7,4,2,1
SF,IH2002,2020-01-16 09:34:30.100,3065.4000,9197,0,529260480.000,0,-,-,-,-,3064.2000,3063.8000,3063.6000,3062.6000,3061.6000,3065.6000,3065.8000,3066.0000,3066.2000,3066.4000,2,1,1,1,1,1,5,3,2,1
SF,IH2002,2020-01-16 09:34:30.600,3065.4000,9197,0,529260480.000,0,-,-,-,-,3064.2000,3063.8000,3063.6000,3062.6000,3061.6000,3065.4000,3065.6000,3065.8000,3066.0000,3066.2000,2,1,1,1,1,2,1,5,3,2
SF,IH2002,2020-01-16 09:34:31.100,3065.4000,9197,0,529260480.000,0,-,-,-,-,3063.8000,3063.6000,3062.6000,3061.6000,3061.4000,3065.4000,3065.6000,3065.8000,3066.0000,3066.2000,1,1,1,1,1,2,1,5,3,2
SF,IH2002,2020-01-16 09:34:31.600,3065.4000,9197,0,529260480.000,0,-,-,-,-,3064.4000,3064.0000,3063.8000,3063.6000,3062.6000,3065.4000,3065.6000,3065.8000,3066.0000,3066.2000,1,5,1,1,1,2,1,5,3,2
SF,IH2002,2020-01-16 09:34:32.100,3065.4000,9197,0,529260480.000,0,-,-,-,-,3064.4000,3064.0000,3063.8000,3063.6000,3062.6000,3065.4000,3065.6000,3065.8000,3066.0000,3066.2000,1,5,1,1,1,2,1,5,3,2
SF,IH2002,2020-01-16 09:34:32.600,3065.4000,9197,0,529260480.000,0,-,-,-,-,3064.4000,3064.0000,3063.8000,3063.6000,3062.6000,3065.4000,3065.6000,3065.8000,3066.0000,3066.2000,1,5,1,1,1,2,1,3,3,2
SF,IH2002,2020-01-16 09:34:33.100,3065.4000,9197,0,529260480.000,0,-,-,-,-,3064.4000,3063.8000,3063.6000,3062.6000,3061.6000,3065.2000,3065.4000,3065.8000,3066.0000,3066.2000,1,1,1,1,1,1,2,3,3,2
SF,IH2002,2020-01-16 09:34:33.600,3064.4000,9197,0,530179800.000,1,0,1,多换,S,3063.8000,3063.6000,3062.6000,3061.6000,3061.4000,3065.2000,3065.4000,3065.8000,3066.0000,3066.2000,1,1,1,1,1,1,2,3,4,2
SF,IH2002,2020-01-16 09:34:34.100,3064.4000,9197,0,530179800.000,0,-,-,-,-,3063.8000,3063.6000,3062.6000,3061.6000,3061.4000,3065.0000,3065.2000,3065.4000,3065.8000,3066.0000,1,1,1,1,1,1,1,2,2,4
SF,IH2002,2020-01-16 09:34:35.100,3064.4000,9197,0,530179800.000,0,-,-,-,-,3063.8000,3063.6000,3062.6000,3061.6000,3061.4000,3065.0000,3065.2000,3065.4000,3065.8000,3066.0000,1,1,1,1,1,1,1,3,2,4
SF,IH2002,2020-01-16 09:34:35.600,3064.4000,9197,0,530179800.000,0,-,-,-,-,3064.0000,3063.8000,3063.6000,3062.6000,3061.6000,3065.2000,3065.4000,3065.8000,3066.0000,3066.2000,2,1,1,1,1,1,3,2,4,2
SF,IH2002,2020-01-16 09:34:36.100,3064.4000,9197,0,530179800.000,0,-,-,-,-,3064.0000,3063.8000,3063.6000,3062.6000,3061.6000,3065.0000,3065.2000,3065.4000,3065.8000,3066.0000,2,1,1,1,1,1,1,3,2,4
SF,IH2002,2020-01-16 09:34:36.600,3064.4000,9197,0,530179800.000,0,-,-,-,-,3064.0000,3063.8000,3063.6000,3062.6000,3061.6000,3065.0000,3065.2000,3065.4000,3065.8000,3066.0000,1,1,1,1,1,1,1,3,2,4
SF,IH2002,2020-01-16 09:34:39.100,3064.4000,9197,0,530179800.000,0,-,-,-,-,3064.0000,3063.8000,3063.6000,3062.6000,3061.6000,3065.0000,3065.2000,3065.4000,3065.8000,3066.0000,1,1,1,1,1,1,1,3,2,4
SF,IH2002,2020-01-16 09:34:39.600,3064.4000,9197,0,530179800.000,0,-,-,-,-,3064.2000,3064.0000,3063.6000,3062.6000,3061.6000,3065.0000,3065.2000,3065.4000,3065.8000,3066.0000,6,1,1,1,1,1,1,3,2,5
SF,IH2002,2020-01-16 09:34:40.100,3064.4000,9197,0,530179800.000,0,-,-,-,-,3064.2000,3063.6000,3062.6000,3061.6000,3061.4000,3065.0000,3065.2000,3065.4000,3065.8000,3066.0000,6,1,1,1,1,1,1,2,1,5
SF,IH2002,2020-01-16 09:34:40.600,3064.4000,9196,-1,531099120.000,1,0,1,双平,S,3064.2000,3063.6000,3062.6000,3061.6000,3061.4000,3065.0000,3065.2000,3065.4000,3065.8000,3066.0000,6,1,1,1,1,1,1,2,1,5
SF,IH2002,2020-01-16 09:34:42.100,3064.4000,9196,0,531099120.000,0,-,-,-,-,3064.2000,3063.6000,3062.6000,3061.6000,3061.4000,3065.0000,3065.2000,3065.4000,3065.8000,3066.0000,1,1,1,1,1,1,1,2,1,5
SF,IH2002,2020-01-16 09:34:42.600,3064.4000,9196,0,531099120.000,0,-,-,-,-,3064.4000,3064.2000,3063.6000,3062.6000,3061.6000,3065.0000,3065.2000,3065.4000,3065.8000,3066.0000,5,1,1,1,1,2,1,2,1,5
SF,IH2002,2020-01-16 09:34:43.100,3064.4000,9196,0,531099120.000,0,-,-,-,-,3064.2000,3063.6000,3062.6000,3061.6000,3061.4000,3065.0000,3065.2000,3065.4000,3065.8000,3066.0000,1,1,1,1,1,2,1,2,1,5
SF,IH2002,2020-01-16 09:34:43.600,3064.4000,9196,0,531099120.000,0,-,-,-,-,3063.6000,3062.6000,3061.6000,3061.4000,3060.6000,3065.0000,3065.2000,3065.4000,3065.8000,3066.0000,1,1,1,1,9,2,1,2,1,5
SF,IH2002,2020-01-16 09:34:44.100,3064.4000,9196,0,531099120.000,0,-,-,-,-,3064.0000,3063.8000,3063.6000,3062.6000,3061.6000,3065.0000,3065.2000,3065.4000,3065.8000,3066.0000,5,3,1,1,1,2,1,2,1,5
