市场代码,合约代码,时间,最新,持仓,增仓,成交额,成交量,开仓,平仓,成交类型,方向,买一价,买二价,买三价,买四价,买五价,卖一价,卖二价,卖三价,卖四价,卖五价,买一量,买二量,买三量,买四量,买五量,卖一量,卖二量,卖三量,卖四量,卖五量
SF,IH2006,2019-11-18 09:29:00.000,2947.2000,1660,0,0.000,0.000,-,-,-,-,2946.2000,2941.0000,2938.8000,2937.4000,2937.2000,2952.2000,2953.4000,2954.4000,2955.0000,2955.4000,1,1,1,2,1,1,1,1,2,2
SF,IH2006,2019-11-18 09:30:00.500,2947.2000,1660,0,0.000,0,-,-,-,-,2946.2000,2941.0000,2937.2000,2937.0000,2936.6000,2950.0000,2951.2000,2951.6000,2952.2000,2954.4000,1,1,1,2,1,3,1,1,1,1
SF,IH2006,2019-11-18 09:30:01.000,2946.2000,1660,0,883860.000,1,0,1,多换,S,2937.2000,2937.0000,2936.6000,2936.0000,2935.4000,2949.8000,2950.0000,2951.2000,2951.6000,2952.2000,1,2,1,2,1,3,3,1,1,1
SF,IH2006,2019-11-18 09:30:01.500,2949.6000,1660,0,1768740.000,1,0,1,多换,S,2942.2000,2940.0000,2939.2000,2937.6000,2937.4000,2949.8000,2950.0000,2951.2000,2951.6000,2952.0000,1,4,3,5,1,2,3,1,1,1
SF,IH2006,2019-11-18 09:30:02.000,2949.6000,1660,0,1768740.000,0,-,-,-,-,2942.4000,2942.2000,2940.0000,2937.6000,2937.4000,2949.8000,2950.0000,2951.2000,2951.6000,2952.2000,3,1,4,5,1,2,3,1,1,1
SF,IH2006,2019-11-18 09:30:02.500,2949.6000,1660,0,1768740.000,0,-,-,-,-,2942.4000,2942.2000,2940.0000,2937.6000,2937.4000,2949.8000,2950.0000,2951.2000,2951.6000,2952.2000,3,1,4,5,1,2,3,1,1,1
SF,IH2006,2019-11-18 09:30:03.000,2949.6000,1660,0,1768740.000,0,-,-,-,-,2943.6000,2942.4000,2942.2000,2940.0000,2937.6000,2949.8000,2950.0000,2951.2000,2951.6000,2952.2000,1,3,1,4,5,2,3,1,1,1
SF,IH2006,2019-11-18 09:30:03.500,2949.6000,1660,0,1768740.000,0,-,-,-,-,2943.8000,2943.6000,2942.2000,2940.0000,2937.6000,2949.8000,2950.0000,2951.2000,2951.6000,2952.2000,2,1,1,4,5,2,3,1,1,1
SF,IH2006,2019-11-18 09:30:04.000,2949.6000,1660,0,1768740.000,0,-,-,-,-,2943.8000,2943.6000,2942.2000,2940.0000,2937.6000,2949.0000,2949.8000,2950.0000,2951.2000,2951.6000,2,1,1,4,5,1,2,3,1,1
SF,IH2006,2019-11-18 09:30:04.500,2949.6000,1660,0,1768740.000,0,-,-,-,-,2943.8000,2943.6000,2942.2000,2940.0000,2937.6000,2948.8000,2949.8000,2950.0000,2951.2000,2951.6000,2,1,1,4,5,3,2,3,1,1
SF,IH2006,2019-11-18 09:30:05.000,2949.6000,1660,0,1768740.000,0,-,-,-,-,2943.8000,2943.6000,2942.2000,2940.0000,2937.6000,2948.8000,2949.8000,2950.0000,2951.2000,2951.6000,2,1,1,4,5,3,2,3,1,1
SF,IH2006,2019-11-18 09:30:12.500,2949.6000,1660,0,1768740.000,0,-,-,-,-,2943.8000,2942.2000,2940.0000,2937.6000,2937.4000,2948.8000,2949.8000,2950.0000,2951.2000,2951.6000,2,1,4,5,1,3,2,3,1,1
SF,IH2006,2019-11-18 09:30:13.000,2949.6000,1660,0,1768740.000,0,-,-,-,-,2943.8000,2942.2000,2940.0000,2937.6000,2937.4000,2948.6000,2948.8000,2949.8000,2950.0000,2951.2000,2,1,4,5,1,1,3,2,3,1
SF,IH2006,2019-11-18 09:30:13.500,2949.6000,1660,0,1768740.000,0,-,-,-,-,2943.8000,2942.2000,2940.0000,2937.6000,2937.4000,2948.4000,2948.6000,2948.8000,2949.8000,2950.0000,2,1,4,5,1,3,1,3,2,3
SF,IH2006,2019-11-18 09:30:14.000,2949.6000,1660,0,1768740.000,0,-,-,-,-,2943.8000,2942.2000,2940.0000,2937.6000,2937.4000,2948.4000,2948.8000,2949.8000,2950.0000,2951.2000,2,1,4,5,1,3,3,2,3,1
SF,IH2006,2019-11-18 09:30:14.500,2949.6000,1660,0,1768740.000,0,-,-,-,-,2944.0000,2942.2000,2940.0000,2937.6000,2937.4000,2948.2000,2948.4000,2948.8000,2949.8000,2950.0000,1,1,4,5,1,1,3,3,2,3
SF,IH2006,2019-11-18 09:30:15.000,2949.6000,1660,0,1768740.000,0,-,-,-,-,2944.0000,2942.2000,2940.0000,2937.6000,2937.4000,2948.0000,2948.2000,2948.4000,2948.8000,2949.8000,1,1,4,5,1,3,1,3,3,2
SF,IH2006,2019-11-18 09:30:15.500,2949.6000,1660,0,1768740.000,0,-,-,-,-,2944.0000,2942.2000,2940.0000,2937.6000,2937.4000,2947.8000,2948.0000,2948.4000,2948.8000,2949.8000,1,1,4,5,1,1,3,3,3,2
SF,IH2006,2019-11-18 09:30:16.000,2949.6000,1660,0,1768740.000,0,-,-,-,-,2944.0000,2942.2000,2940.0000,2937.6000,2937.4000,2947.6000,2947.8000,2948.0000,2948.4000,2948.8000,1,1,4,5,1,3,1,3,3,3
SF,IH2006,2019-11-18 09:30:16.500,2949.6000,1660,0,1768740.000,0,-,-,-,-,2944.0000,2942.2000,2940.0000,2937.6000,2937.4000,2947.6000,2948.0000,2948.4000,2948.8000,2949.8000,1,1,4,5,1,3,3,3,3,2
SF,IH2006,2019-11-18 09:30:26.000,2949.6000,1660,0,1768740.000,0,-,-,-,-,2944.2000,2944.0000,2942.2000,2940.0000,2937.6000,2947.6000,2948.0000,2948.4000,2948.8000,2949.8000,1,1,1,4,5,3,3,3,3,2
SF,IH2006,2019-11-18 09:30:26.500,2949.6000,1660,0,1768740.000,0,-,-,-,-,2944.4000,2944.2000,2942.2000,2940.0000,2937.6000,2947.6000,2948.0000,2948.4000,2948.8000,2949.8000,2,1,1,4,5,3,3,3,3,2
SF,IH2006,2019-11-18 09:30:27.500,2949.6000,1660,0,1768740.000,0,-,-,-,-,2944.8000,2944.4000,2942.2000,2940.0000,2937.6000,2947.6000,2948.0000,2948.4000,2948.8000,2949.8000,1,2,1,4,5,3,3,3,3,2
SF,IH2006,2019-11-18 09:30:28.000,2949.6000,1660,0,1768740.000,0,-,-,-,-,2945.0000,2942.2000,2940.0000,2937.6000,2937.4000,2947.6000,2948.0000,2948.4000,2948.8000,2949.8000,1,1,4,5,1,3,3,3,3,2
SF,IH2006,2019-11-18 09:30:31.000,2947.6000,1659,-1,2653020.000,1,0,1,双平,S,2945.0000,2942.2000,2940.0000,2937.6000,2937.4000,2947.6000,2948.0000,2948.4000,2948.8000,2949.8000,1,1,4,5,1,2,3,3,3,2
SF,IH2006,2019-11-18 09:30:31.500,2947.6000,1659,0,2653020.000,0,-,-,-,-,2945.0000,2942.2000,2940.0000,2937.6000,2937.4000,2948.0000,2948.4000,2948.8000,2949.8000,2950.0000,1,1,4,5,1,1,3,3,2,3
SF,IH2006,2019-11-18 09:30:32.000,2947.6000,1659,0,2653020.000,0,-,-,-,-,2945.0000,2942.2000,2940.0000,2937.6000,2937.4000,2948.4000,2948.8000,2949.8000,2950.0000,2951.2000,1,1,4,5,1,3,3,2,3,1
SF,IH2006,2019-11-18 09:30:32.500,2947.6000,1659,0,2653020.000,0,-,-,-,-,2945.2000,2945.0000,2942.2000,2940.0000,2937.6000,2948.2000,2948.4000,2948.8000,2949.8000,2950.0000,1,1,1,4,5,1,3,3,2,3
SF,IH2006,2019-11-18 09:30:33.000,2947.6000,1659,0,2653020.000,0,-,-,-,-,2945.4000,2945.2000,2942.2000,2940.0000,2937.6000,2948.4000,2948.8000,2949.8000,2950.0000,2951.2000,2,1,1,4,5,3,3,2,3,1
SF,IH2006,2019-11-18 09:30:33.500,2947.6000,1659,0,2653020.000,0,-,-,-,-,2945.4000,2945.2000,2942.2000,2940.0000,2937.6000,2948.4000,2948.8000,2949.8000,2950.0000,2951.2000,2,1,1,4,5,3,3,2,3,1
SF,IH2006,2019-11-18 09:30:34.500,2947.6000,1659,0,2653020.000,0,-,-,-,-,2945.4000,2945.2000,2942.2000,2940.0000,2937.6000,2948.4000,2948.8000,2949.8000,2950.0000,2951.2000,2,1,1,4,5,1,3,2,3,1
SF,IH2006,2019-11-18 09:30:36.000,2947.6000,1659,0,2653020.000,0,-,-,-,-,2945.4000,2942.6000,2942.2000,2940.0000,2937.6000,2948.4000,2948.8000,2949.8000,2950.0000,2951.2000,2,1,1,4,5,1,3,2,3,1
SF,IH2006,2019-11-18 09:30:37.500,2947.6000,1659,0,2653020.000,0,-,-,-,-,2945.4000,2942.6000,2942.2000,2940.0000,2937.6000,2948.2000,2948.4000,2948.8000,2949.8000,2950.0000,2,1,1,4,5,1,1,3,2,3
SF,IH2006,2019-11-18 09:30:38.000,2947.6000,1659,0,2653020.000,0,-,-,-,-,2945.6000,2942.6000,2942.2000,2940.0000,2937.6000,2948.0000,2948.2000,2948.4000,2948.8000,2949.8000,1,1,1,4,5,2,1,1,3,2
SF,IH2006,2019-11-18 09:30:38.500,2947.6000,1659,0,2653020.000,0,-,-,-,-,2945.6000,2942.6000,2942.2000,2940.0000,2937.6000,2948.0000,2948.2000,2948.4000,2948.8000,2949.8000,1,1,1,4,5,1,1,1,3,2
SF,IH2006,2019-11-18 09:30:39.000,2947.6000,1659,0,2653020.000,0,-,-,-,-,2945.6000,2942.6000,2942.2000,2940.0000,2937.6000,2947.8000,2948.0000,2948.2000,2948.4000,2948.8000,1,1,1,4,5,1,1,1,1,3
SF,IH2006,2019-11-18 09:30:39.500,2947.6000,1659,0,2653020.000,0,-,-,-,-,2945.6000,2942.6000,2942.2000,2940.0000,2937.6000,2947.8000,2948.0000,2948.2000,2948.4000,2948.8000,1,1,1,4,5,1,1,1,1,3
SF,IH2006,2019-11-18 09:30:40.000,2947.6000,1659,0,2653020.000,0,-,-,-,-,2945.6000,2942.6000,2942.2000,2940.0000,2937.6000,2947.6000,2947.8000,2948.0000,2948.2000,2948.4000,1,1,1,4,5,1,1,1,1,1
SF,IH2006,2019-11-18 09:30:40.500,2947.6000,1659,0,2653020.000,0,-,-,-,-,2945.6000,2942.6000,2942.2000,2940.0000,2937.6000,2947.4000,2947.6000,2947.8000,2948.0000,2948.2000,1,1,1,4,5,1,1,1,1,1
SF,IH2006,2019-11-18 09:30:41.000,2947.6000,1659,0,2653020.000,0,-,-,-,-,2945.6000,2942.6000,2942.2000,2940.0000,2937.6000,2947.6000,2947.8000,2948.0000,2948.2000,2948.4000,1,1,1,4,5,1,1,1,1,1
SF,IH2006,2019-11-18 09:30:41.500,2947.6000,1659,0,2653020.000,0,-,-,-,-,2945.6000,2942.6000,2942.2000,2940.0000,2937.6000,2947.6000,2947.8000,2948.0000,2948.2000,2948.4000,1,1,1,4,5,1,1,1,1,1
SF,IH2006,2019-11-18 09:30:42.000,2947.6000,1659,0,2653020.000,0,-,-,-,-,2945.6000,2942.6000,2942.2000,2940.0000,2937.6000,2947.6000,2947.8000,2948.0000,2948.2000,2948.4000,1,1,1,4,5,1,1,1,1,1
SF,IH2006,2019-11-18 09:30:42.500,2947.6000,1659,0,2653020.000,0,-,-,-,-,2945.6000,2942.6000,2942.2000,2940.0000,2937.6000,2947.6000,2947.8000,2948.0000,2948.2000,2948.4000,1,1,1,4,5,1,1,1,1,1
SF,IH2006,2019-11-18 09:30:43.000,2947.6000,1659,0,2653020.000,0,-,-,-,-,2945.6000,2942.6000,2942.2000,2940.0000,2937.6000,2947.6000,2947.8000,2948.0000,2948.2000,2948.4000,1,1,1,4,5,1,1,1,1,1
SF,IH2006,2019-11-18 09:30:43.500,2947.6000,1659,0,2653020.000,0,-,-,-,-,2945.6000,2942.6000,2942.2000,2940.0000,2937.6000,2948.0000,2948.2000,2948.4000,2948.8000,2949.8000,1,1,1,4,5,1,1,1,3,2
SF,IH2006,2019-11-18 09:30:44.500,2947.6000,1659,0,2653020.000,0,-,-,-,-,2945.6000,2942.6000,2942.2000,2940.0000,2937.6000,2947.8000,2948.0000,2948.2000,2948.4000,2948.8000,1,1,1,4,5,1,1,1,1,3
SF,IH2006,2019-11-18 09:30:45.000,2947.6000,1659,0,2653020.000,0,-,-,-,-,2945.6000,2942.6000,2942.2000,2940.0000,2937.6000,2947.8000,2948.0000,2948.2000,2948.4000,2948.8000,1,1,1,4,5,1,1,1,1,3
SF,IH2006,2019-11-18 09:30:45.500,2947.6000,1659,0,2653020.000,0,-,-,-,-,2945.6000,2942.6000,2942.2000,2940.0000,2937.6000,2947.8000,2948.0000,2948.2000,2948.4000,2948.8000,1,1,1,4,5,1,1,1,1,3
SF,IH2006,2019-11-18 09:30:46.000,2947.6000,1659,0,2653020.000,0,-,-,-,-,2945.6000,2942.6000,2942.2000,2940.0000,2937.6000,2947.8000,2948.0000,2948.2000,2948.4000,2948.8000,1,1,1,4,5,1,1,1,1,3
SF,IH2006,2019-11-18 09:30:47.000,2947.6000,1659,0,2653020.000,0,-,-,-,-,2945.6000,2942.6000,2942.2000,2940.0000,2937.6000,2948.0000,2948.2000,2948.4000,2948.8000,2949.8000,1,1,1,4,5,1,1,1,3,2
SF,IH2006,2019-11-18 09:30:47.500,2947.6000,1659,0,2653020.000,0,-,-,-,-,2945.6000,2942.6000,2942.2000,2940.0000,2937.6000,2947.8000,2948.0000,2948.2000,2948.4000,2948.8000,1,1,1,4,5,1,1,1,1,3
SF,IH2006,2019-11-18 09:30:48.000,2947.6000,1659,0,2653020.000,0,-,-,-,-,2945.6000,2942.6000,2942.2000,2940.0000,2937.6000,2948.0000,2948.2000,2948.4000,2948.8000,2949.8000,1,1,1,4,5,1,1,1,3,2
SF,IH2006,2019-11-18 09:30:51.000,2945.6000,1658,-1,3536700.000,1,0,1,双平,S,2945.0000,2942.6000,2942.2000,2940.0000,2937.6000,2945.6000,2948.4000,2948.8000,2949.8000,2950.0000,1,1,1,4,5,1,1,4,2,3
SF,IH2006,2019-11-18 09:30:51.500,2945.6000,1657,-1,4420380.000,1,0,1,双平,S,2946.8000,2945.0000,2942.6000,2942.2000,2940.0000,2948.4000,2948.8000,2949.8000,2950.0000,2951.2000,2,1,1,1,4,1,3,2,3,1
SF,IH2006,2019-11-18 09:30:52.000,2945.6000,1657,0,4420380.000,0,-,-,-,-,2946.8000,2942.6000,2942.2000,2940.0000,2937.6000,2948.2000,2948.4000,2948.8000,2949.8000,2950.0000,2,1,1,4,5,1,1,3,2,3
SF,IH2006,2019-11-18 09:30:52.500,2945.6000,1657,0,4420380.000,0,-,-,-,-,2946.8000,2942.6000,2942.2000,2940.0000,2937.6000,2948.2000,2948.4000,2948.8000,2949.8000,2950.0000,2,1,1,4,5,1,1,3,2,3
SF,IH2006,2019-11-18 09:30:53.000,2945.6000,1657,0,4420380.000,0,-,-,-,-,2946.8000,2942.6000,2942.2000,2940.0000,2937.6000,2948.2000,2948.4000,2948.8000,2949.8000,2950.0000,2,1,1,4,5,1,1,3,2,3
SF,IH2006,2019-11-18 09:30:54.500,2945.6000,1657,0,4420380.000,0,-,-,-,-,2946.8000,2942.6000,2942.2000,2940.0000,2937.6000,2948.2000,2948.8000,2949.8000,2950.0000,2951.2000,2,1,1,4,5,1,3,2,3,1
SF,IH2006,2019-11-18 09:30:56.000,2946.8000,1655,-2,6188460.000,2,0,2,双平,S,2942.6000,2942.2000,2940.0000,2937.6000,2937.4000,2948.2000,2948.8000,2949.8000,2950.0000,2951.2000,1,1,4,5,1,1,3,2,3,1
SF,IH2006,2019-11-18 09:30:56.500,2946.8000,1655,0,6188460.000,0,-,-,-,-,2944.4000,2943.0000,2942.6000,2942.2000,2940.0000,2948.2000,2948.8000,2949.8000,2950.0000,2951.2000,3,3,1,1,4,1,3,2,3,1
SF,IH2006,2019-11-18 09:30:57.000,2946.8000,1655,0,6188460.000,0,-,-,-,-,2944.4000,2943.0000,2942.6000,2942.2000,2940.0000,2948.2000,2948.8000,2949.8000,2950.0000,2951.2000,3,3,1,1,4,1,3,2,3,1
SF,IH2006,2019-11-18 09:30:57.500,2946.8000,1655,0,6188460.000,0,-,-,-,-,2945.8000,2944.4000,2943.0000,2942.6000,2942.2000,2948.2000,2948.8000,2949.8000,2950.0000,2951.2000,1,3,3,1,1,1,3,2,3,1
SF,IH2006,2019-11-18 09:30:58.000,2946.8000,1655,0,6188460.000,0,-,-,-,-,2946.0000,2945.8000,2943.0000,2942.6000,2942.2000,2948.2000,2948.8000,2949.8000,2950.0000,2951.2000,1,1,3,1,1,1,3,2,3,1
SF,IH2006,2019-11-18 09:30:58.500,2946.8000,1655,0,6188460.000,0,-,-,-,-,2946.0000,2945.8000,2942.6000,2942.2000,2940.0000,2948.2000,2948.8000,2949.8000,2950.0000,2951.2000,1,1,1,1,4,1,3,2,3,1
SF,IH2006,2019-11-18 09:31:01.000,2946.8000,1655,0,6188460.000,0,-,-,-,-,2946.0000,2942.6000,2942.2000,2940.0000,2937.6000,2948.2000,2948.8000,2949.8000,2950.0000,2951.2000,1,1,1,4,5,1,3,2,3,1
SF,IH2006,2019-11-18 09:31:01.500,2946.8000,1655,0,6188460.000,0,-,-,-,-,2946.0000,2942.6000,2942.2000,2940.0000,2937.6000,2948.2000,2948.8000,2949.8000,2950.0000,2951.2000,1,1,1,4,5,1,1,2,3,1
SF,IH2006,2019-11-18 09:31:02.000,2946.0000,1654,-1,7072260.000,1,0,1,双平,S,2944.4000,2942.6000,2942.2000,2940.0000,2937.6000,2948.2000,2948.8000,2949.8000,2950.0000,2951.2000,1,1,1,4,5,1,1,2,3,1
SF,IH2006,2019-11-18 09:31:03.000,2946.0000,1654,0,7072260.000,0,-,-,-,-,2946.0000,2944.4000,2942.6000,2942.2000,2940.0000,2948.2000,2948.8000,2949.8000,2950.0000,2951.2000,1,1,1,1,4,1,1,2,3,1
SF,IH2006,2019-11-18 09:31:03.500,2946.0000,1654,0,7072260.000,0,-,-,-,-,2946.0000,2942.6000,2942.2000,2940.0000,2937.6000,2948.2000,2948.8000,2949.8000,2950.0000,2951.2000,1,1,1,4,5,1,1,2,3,1
SF,IH2006,2019-11-18 09:31:04.000,2946.0000,1654,0,7072260.000,0,-,-,-,-,2946.0000,2942.6000,2942.2000,2940.0000,2937.6000,2948.2000,2948.8000,2949.8000,2950.0000,2951.2000,1,1,1,4,5,1,1,2,3,1
SF,IH2006,2019-11-18 09:31:04.500,2946.0000,1654,0,7072260.000,0,-,-,-,-,2946.0000,2942.6000,2942.2000,2940.0000,2937.6000,2948.2000,2948.8000,2949.8000,2950.0000,2951.2000,1,1,1,4,5,1,1,2,3,1
SF,IH2006,2019-11-18 09:31:05.500,2946.0000,1654,0,7072260.000,0,-,-,-,-,2942.6000,2942.2000,2940.0000,2937.6000,2937.4000,2948.2000,2948.8000,2949.8000,2950.0000,2951.2000,1,1,4,5,1,1,1,2,3,1
SF,IH2006,2019-11-18 09:31:06.000,2946.0000,1654,0,7072260.000,0,-,-,-,-,2943.8000,2943.0000,2942.6000,2942.2000,2940.0000,2948.2000,2948.8000,2949.8000,2950.0000,2951.2000,3,3,1,1,4,1,1,2,3,1
SF,IH2006,2019-11-18 09:31:06.500,2946.0000,1654,0,7072260.000,0,-,-,-,-,2943.8000,2943.0000,2942.6000,2942.2000,2940.0000,2948.2000,2948.8000,2949.8000,2950.0000,2951.2000,3,3,1,1,4,1,1,2,3,1
SF,IH2006,2019-11-18 09:31:07.000,2946.0000,1654,0,7072260.000,0,-,-,-,-,2943.8000,2943.0000,2942.6000,2942.2000,2940.0000,2948.2000,2949.8000,2950.0000,2951.2000,2951.6000,3,3,1,1,4,1,2,3,1,1
SF,IH2006,2019-11-18 09:31:07.500,2946.0000,1654,0,7072260.000,0,-,-,-,-,2945.6000,2943.8000,2943.0000,2942.6000,2942.2000,2948.2000,2949.8000,2950.0000,2951.2000,2951.6000,1,3,3,1,1,1,2,3,1,1
SF,IH2006,2019-11-18 09:31:08.000,2946.0000,1654,0,7072260.000,0,-,-,-,-,2945.8000,2945.6000,2943.0000,2942.6000,2942.2000,2949.8000,2950.0000,2951.6000,2952.2000,2955.0000,2,1,3,1,1,2,3,1,1,1
SF,IH2006,2019-11-18 09:31:08.500,2946.0000,1654,0,7072260.000,0,-,-,-,-,2946.0000,2945.8000,2945.6000,2943.0000,2942.6000,2949.6000,2950.0000,2952.2000,2955.0000,2956.0000,1,2,1,3,1,1,3,1,1,1
SF,IH2006,2019-11-18 09:31:09.000,2946.0000,1654,0,7072260.000,0,-,-,-,-,2946.2000,2946.0000,2945.6000,2942.6000,2942.2000,2949.6000,2950.0000,2952.2000,2955.0000,2956.0000,1,1,1,1,1,1,3,1,1,1
SF,IH2006,2019-11-18 09:31:09.500,2946.0000,1654,0,7072260.000,0,-,-,-,-,2946.2000,2946.0000,2945.6000,2942.6000,2942.2000,2949.6000,2950.0000,2952.2000,2955.0000,2956.0000,1,1,1,1,1,1,3,1,1,1
SF,IH2006,2019-11-18 09:31:10.000,2946.0000,1654,0,7072260.000,0,-,-,-,-,2946.4000,2946.2000,2946.0000,2945.6000,2944.0000,2949.6000,2950.0000,2952.2000,2955.0000,2956.0000,1,1,1,1,5,1,3,1,1,1
SF,IH2006,2019-11-18 09:31:10.500,2946.0000,1654,0,7072260.000,0,-,-,-,-,2946.4000,2946.0000,2945.6000,2942.6000,2942.2000,2949.6000,2950.0000,2952.2000,2955.0000,2956.0000,1,1,1,1,1,1,3,1,1,1
SF,IH2006,2019-11-18 09:31:11.500,2946.0000,1654,0,7072260.000,0,-,-,-,-,2946.4000,2946.0000,2942.6000,2942.2000,2940.8000,2949.4000,2949.6000,2950.0000,2952.2000,2955.0000,1,1,1,1,5,2,1,3,1,1
SF,IH2006,2019-11-18 09:31:12.000,2946.0000,1654,0,7072260.000,0,-,-,-,-,2942.6000,2942.2000,2940.8000,2940.0000,2937.4000,2949.2000,2949.4000,2950.0000,2952.2000,2955.0000,1,1,5,3,1,2,2,3,1,1
SF,IH2006,2019-11-18 09:31:12.500,2946.0000,1654,0,7072260.000,0,-,-,-,-,2944.2000,2943.0000,2942.6000,2942.2000,2940.8000,2949.2000,2949.4000,2950.0000,2952.2000,2955.0000,3,3,1,1,5,2,1,3,1,1
SF,IH2006,2019-11-18 09:31:13.000,2946.0000,1654,0,7072260.000,0,-,-,-,-,2944.2000,2943.0000,2942.6000,2942.2000,2940.8000,2949.2000,2949.4000,2950.0000,2952.2000,2955.0000,3,3,1,1,5,2,1,3,1,1
SF,IH2006,2019-11-18 09:31:13.500,2946.0000,1654,0,7072260.000,0,-,-,-,-,2945.6000,2944.2000,2943.0000,2942.6000,2942.2000,2949.2000,2949.4000,2950.0000,2952.2000,2955.0000,1,3,3,1,1,2,1,3,1,1
SF,IH2006,2019-11-18 09:31:14.000,2946.0000,1654,0,7072260.000,0,-,-,-,-,2945.8000,2945.6000,2943.0000,2942.6000,2942.2000,2949.2000,2949.4000,2950.0000,2952.2000,2955.0000,1,1,3,1,1,2,1,3,1,1
SF,IH2006,2019-11-18 09:31:15.500,2946.0000,1654,0,7072260.000,0,-,-,-,-,2945.8000,2945.6000,2943.0000,2942.6000,2942.2000,2949.2000,2950.0000,2952.2000,2955.0000,2956.0000,1,1,3,1,1,2,3,1,1,1
SF,IH2006,2019-11-18 09:31:17.500,2946.0000,1654,0,7072260.000,0,-,-,-,-,2946.0000,2945.8000,2945.6000,2943.0000,2942.6000,2949.2000,2950.0000,2952.2000,2955.0000,2956.0000,1,1,1,3,1,2,3,1,1,1
SF,IH2006,2019-11-18 09:31:18.000,2946.0000,1654,0,7072260.000,0,-,-,-,-,2946.2000,2946.0000,2945.6000,2942.6000,2942.2000,2949.0000,2950.0000,2952.2000,2955.0000,2956.0000,1,1,1,1,1,1,3,1,1,1
SF,IH2006,2019-11-18 09:31:18.500,2946.0000,1654,0,7072260.000,0,-,-,-,-,2946.2000,2946.0000,2945.6000,2942.6000,2942.2000,2949.0000,2950.0000,2952.2000,2955.0000,2956.0000,1,1,1,1,1,1,3,1,1,1
SF,IH2006,2019-11-18 09:31:21.500,2946.0000,1654,0,7072260.000,0,-,-,-,-,2946.4000,2946.2000,2945.6000,2942.6000,2942.2000,2949.0000,2950.0000,2952.2000,2955.0000,2956.0000,1,1,1,1,1,1,3,1,1,1
SF,IH2006,2019-11-18 09:31:22.000,2946.0000,1654,0,7072260.000,0,-,-,-,-,2946.6000,2946.4000,2945.6000,2942.6000,2942.2000,2949.0000,2950.0000,2952.2000,2955.0000,2956.0000,1,1,1,1,1,1,3,1,1,1
SF,IH2006,2019-11-18 09:31:22.500,2946.0000,1654,0,7072260.000,0,-,-,-,-,2947.0000,2946.8000,2946.6000,2946.4000,2945.6000,2949.0000,2950.0000,2952.2000,2955.0000,2956.0000,3,1,1,1,1,1,3,1,1,1
SF,IH2006,2019-11-18 09:31:23.000,2946.0000,1654,0,7072260.000,0,-,-,-,-,2946.8000,2946.4000,2945.6000,2942.6000,2942.2000,2949.0000,2950.0000,2952.2000,2955.0000,2956.0000,1,1,1,1,1,1,3,1,1,1
SF,IH2006,2019-11-18 09:31:23.500,2946.0000,1654,0,7072260.000,0,-,-,-,-,2947.0000,2946.8000,2946.4000,2945.6000,2942.6000,2949.0000,2950.0000,2952.2000,2955.0000,2956.0000,3,1,1,1,1,1,3,1,1,1
SF,IH2006,2019-11-18 09:31:24.000,2946.0000,1654,0,7072260.000,0,-,-,-,-,2947.4000,2947.0000,2946.4000,2945.6000,2942.6000,2949.0000,2950.0000,2952.2000,2955.0000,2956.0000,1,3,1,1,1,1,3,1,1,1
SF,IH2006,2019-11-18 09:31:24.500,2946.0000,1654,0,7072260.000,0,-,-,-,-,2947.4000,2946.4000,2945.6000,2942.6000,2942.2000,2949.0000,2950.0000,2952.2000,2955.0000,2956.0000,1,1,1,1,1,1,3,1,1,1
SF,IH2006,2019-11-18 09:31:25.000,2946.0000,1654,0,7072260.000,0,-,-,-,-,2945.6000,2942.6000,2942.2000,2940.8000,2937.4000,2949.0000,2950.0000,2952.2000,2955.0000,2956.0000,1,1,1,5,1,1,3,1,1,1
SF,IH2006,2019-11-18 09:31:25.500,2946.0000,1654,0,7072260.000,0,-,-,-,-,2947.0000,2946.2000,2945.8000,2945.6000,2942.6000,2949.0000,2950.0000,2952.2000,2955.0000,2956.0000,3,3,1,1,1,1,3,1,1,1
SF,IH2006,2019-11-18 09:31:26.000,2946.0000,1654,0,7072260.000,0,-,-,-,-,2947.2000,2947.0000,2945.8000,2945.6000,2942.6000,2949.0000,2950.0000,2952.2000,2955.0000,2956.0000,1,3,1,1,1,1,3,1,1,1
SF,IH2006,2019-11-18 09:31:26.500,2946.0000,1654,0,7072260.000,0,-,-,-,-,2947.2000,2947.0000,2945.8000,2945.6000,2942.6000,2949.0000,2950.0000,2952.2000,2955.0000,2956.0000,1,3,1,1,1,1,3,1,1,1
SF,IH2006,2019-11-18 09:31:27.000,2946.0000,1654,0,7072260.000,0,-,-,-,-,2947.2000,2947.0000,2945.8000,2945.6000,2942.6000,2950.0000,2952.2000,2955.0000,2956.0000,2956.8000,1,3,1,1,1,3,1,1,1,5
SF,IH2006,2019-11-18 09:31:27.500,2946.0000,1654,0,7072260.000,0,-,-,-,-,2947.2000,2947.0000,2945.8000,2945.6000,2942.6000,2949.8000,2950.0000,2952.2000,2955.0000,2956.0000,1,3,1,1,1,1,3,1,1,1
SF,IH2006,2019-11-18 09:31:28.500,2946.0000,1654,0,7072260.000,0,-,-,-,-,2947.4000,2947.2000,2947.0000,2945.6000,2942.6000,2949.8000,2950.0000,2952.2000,2955.0000,2956.0000,2,1,3,1,1,1,3,1,1,1
SF,IH2006,2019-11-18 09:31:29.000,2946.0000,1654,0,7072260.000,0,-,-,-,-,2947.6000,2947.4000,2947.0000,2945.6000,2942.6000,2949.8000,2950.0000,2952.2000,2955.0000,2956.0000,1,2,3,1,1,1,3,1,1,1
SF,IH2006,2019-11-18 09:31:30.000,2946.0000,1654,0,7072260.000,0,-,-,-,-,2947.8000,2947.6000,2947.4000,2947.0000,2945.6000,2949.8000,2950.0000,2952.2000,2955.0000,2956.0000,1,1,1,3,1,1,3,1,1,1
SF,IH2006,2019-11-18 09:31:30.500,2946.0000,1654,0,7072260.000,0,-,-,-,-,2947.8000,2947.4000,2947.0000,2945.6000,2942.6000,2949.8000,2950.0000,2952.2000,2955.0000,2956.0000,1,1,4,1,1,1,3,1,1,1
SF,IH2006,2019-11-18 09:31:31.500,2946.0000,1654,0,7072260.000,0,-,-,-,-,2948.0000,2947.8000,2947.0000,2945.6000,2942.6000,2949.8000,2950.0000,2952.2000,2955.0000,2956.0000,1,1,4,1,1,1,3,1,1,1
SF,IH2006,2019-11-18 09:31:32.000,2946.0000,1654,0,7072260.000,0,-,-,-,-,2948.8000,2948.0000,2947.8000,2947.0000,2945.6000,2949.8000,2950.0000,2952.2000,2955.0000,2956.0000,1,1,1,4,1,1,3,1,1,1
SF,IH2006,2019-11-18 09:31:32.500,2948.8000,1653,-1,7956900.000,1,0,1,双平,S,2948.0000,2947.8000,2947.0000,2945.6000,2942.6000,2948.4000,2949.8000,2950.0000,2952.2000,2955.0000,1,1,4,1,1,2,1,3,1,1
SF,IH2006,2019-11-18 09:31:33.000,2948.4000,1652,-1,8841420.000,1,0,1,双平,S,2948.0000,2947.8000,2947.0000,2945.6000,2942.6000,2948.4000,2950.0000,2952.2000,2955.0000,2956.0000,1,1,4,1,1,1,3,1,1,1
SF,IH2006,2019-11-18 09:31:33.500,2948.4000,1652,0,8841420.000,0,-,-,-,-,2948.4000,2948.0000,2947.0000,2945.6000,2942.6000,2950.0000,2952.2000,2955.0000,2956.0000,2956.8000,1,1,4,1,1,3,1,1,1,5
SF,IH2006,2019-11-18 09:31:34.000,2948.4000,1652,0,8841420.000,0,-,-,-,-,2948.4000,2948.0000,2947.0000,2945.6000,2942.6000,2949.8000,2950.0000,2952.2000,2955.0000,2956.0000,1,1,4,1,1,1,3,1,1,1
SF,IH2006,2019-11-18 09:31:34.500,2948.4000,1651,-1,9725940.000,1,0,1,双平,S,2948.0000,2947.0000,2945.6000,2942.6000,2942.2000,2949.8000,2950.0000,2952.2000,2955.0000,2956.0000,1,4,1,1,1,1,3,1,1,1
SF,IH2006,2019-11-18 09:31:35.000,2948.4000,1651,0,9725940.000,0,-,-,-,-,2948.2000,2947.0000,2945.6000,2942.6000,2942.2000,2948.4000,2949.8000,2950.0000,2952.2000,2955.0000,1,4,1,1,1,1,1,3,1,1
SF,IH2006,2019-11-18 09:31:35.500,2948.4000,1650,-1,10610460.000,1,0,1,双平,S,2948.2000,2947.0000,2945.6000,2942.6000,2942.2000,2950.0000,2952.2000,2955.0000,2956.0000,2956.8000,1,4,1,1,1,3,1,1,1,5
SF,IH2006,2019-11-18 09:31:36.000,2948.2000,1649,-1,11494920.000,1,0,1,双平,S,2947.0000,2945.6000,2942.6000,2942.2000,2940.8000,2948.0000,2949.8000,2950.0000,2952.2000,2955.0000,4,1,1,1,5,1,2,3,1,1
SF,IH2006,2019-11-18 09:31:36.500,2948.2000,1649,0,11494920.000,0,-,-,-,-,2947.2000,2947.0000,2945.6000,2942.6000,2942.2000,2948.0000,2950.0000,2952.2000,2955.0000,2956.0000,1,1,1,1,1,1,3,1,1,1
SF,IH2006,2019-11-18 09:31:37.500,2948.2000,1649,0,11494920.000,0,-,-,-,-,2947.2000,2947.0000,2945.6000,2942.6000,2942.2000,2948.0000,2950.0000,2952.2000,2955.0000,2956.0000,1,1,1,1,1,1,3,1,1,1
SF,IH2006,2019-11-18 09:31:39.000,2947.2000,1648,-1,12379080.000,1,0,1,双平,S,2947.0000,2945.6000,2942.6000,2942.2000,2940.8000,2948.0000,2950.0000,2952.2000,2955.0000,2956.0000,1,1,1,1,5,1,3,1,1,1
SF,IH2006,2019-11-18 09:31:39.500,2947.2000,1648,0,12379080.000,0,-,-,-,-,2947.2000,2947.0000,2945.6000,2942.6000,2942.2000,2948.0000,2950.0000,2952.2000,2955.0000,2956.0000,1,1,1,1,1,1,3,1,1,1
SF,IH2006,2019-11-18 09:31:40.500,2947.2000,1648,0,12379080.000,0,-,-,-,-,2947.2000,2947.0000,2945.6000,2942.6000,2942.2000,2950.0000,2952.2000,2955.0000,2956.0000,2956.8000,1,1,1,1,1,3,1,1,1,5
SF,IH2006,2019-11-18 09:31:41.000,2947.2000,1648,0,12379080.000,0,-,-,-,-,2947.2000,2947.0000,2945.6000,2942.6000,2942.2000,2948.8000,2949.2000,2949.8000,2950.0000,2952.2000,1,1,1,1,1,1,3,1,3,1
SF,IH2006,2019-11-18 09:31:41.500,2947.2000,1648,0,12379080.000,0,-,-,-,-,2947.2000,2947.0000,2945.6000,2942.6000,2942.2000,2948.6000,2948.8000,2949.8000,2950.0000,2952.2000,1,1,1,1,1,2,1,1,3,1
SF,IH2006,2019-11-18 09:31:42.000,2947.2000,1648,0,12379080.000,0,-,-,-,-,2947.2000,2947.0000,2945.6000,2942.6000,2942.2000,2948.6000,2949.8000,2950.0000,2952.2000,2955.0000,1,1,1,1,1,2,1,3,1,1
SF,IH2006,2019-11-18 09:31:42.500,2947.2000,1648,0,12379080.000,0,-,-,-,-,2947.2000,2947.0000,2945.6000,2942.6000,2942.2000,2948.4000,2948.6000,2949.8000,2950.0000,2952.2000,1,1,1,1,1,1,2,1,3,1
SF,IH2006,2019-11-18 09:31:43.000,2947.2000,1648,0,12379080.000,0,-,-,-,-,2947.2000,2947.0000,2945.6000,2942.6000,2942.2000,2948.2000,2948.4000,2949.8000,2950.0000,2952.2000,1,1,1,1,1,1,1,1,3,1
SF,IH2006,2019-11-18 09:31:43.500,2947.2000,1648,0,12379080.000,0,-,-,-,-,2947.2000,2947.0000,2945.6000,2942.6000,2942.2000,2948.2000,2948.4000,2950.0000,2952.2000,2955.0000,1,1,1,1,1,1,1,3,1,1
SF,IH2006,2019-11-18 09:31:44.000,2948.2000,1647,-1,13263540.000,1,0,1,双平,S,2947.2000,2947.0000,2946.6000,2945.6000,2942.6000,2949.6000,2950.0000,2952.2000,2955.0000,2956.0000,1,1,1,1,1,1,3,1,1,1
SF,IH2006,2019-11-18 09:31:44.500,2948.2000,1647,0,13263540.000,0,-,-,-,-,2947.2000,2947.0000,2945.6000,2942.6000,2942.2000,2948.8000,2949.4000,2949.6000,2950.0000,2952.2000,1,1,1,1,1,1,1,1,3,1
SF,IH2006,2019-11-18 09:31:45.000,2948.2000,1647,0,13263540.000,0,-,-,-,-,2947.2000,2947.0000,2945.6000,2942.6000,2942.2000,2948.8000,2949.4000,2950.0000,2952.2000,2955.0000,1,1,1,1,1,1,1,3,1,1
SF,IH2006,2019-11-18 09:31:45.500,2948.2000,1647,0,13263540.000,0,-,-,-,-,2947.2000,2947.0000,2945.6000,2942.6000,2942.2000,2948.8000,2949.4000,2950.0000,2952.2000,2955.0000,1,1,1,1,1,1,1,3,1,1
SF,IH2006,2019-11-18 09:31:46.000,2948.2000,1647,0,13263540.000,0,-,-,-,-,2947.2000,2947.0000,2945.6000,2942.6000,2942.2000,2948.6000,2948.8000,2949.4000,2950.0000,2952.2000,1,1,1,1,1,1,1,1,3,1
SF,IH2006,2019-11-18 09:31:52.500,2947.2000,1647,0,14147700.000,1,0,1,多换,S,2947.0000,2945.6000,2942.6000,2942.2000,2940.8000,2948.6000,2948.8000,2949.4000,2950.0000,2952.2000,1,1,1,1,5,1,1,1,3,1
SF,IH2006,2019-11-18 09:31:53.000,2947.2000,1647,0,14147700.000,0,-,-,-,-,2947.0000,2942.6000,2942.2000,2940.8000,2937.4000,2948.6000,2948.8000,2949.4000,2950.0000,2952.2000,1,1,1,5,1,1,1,1,3,1
SF,IH2006,2019-11-18 09:31:53.500,2947.2000,1647,0,14147700.000,0,-,-,-,-,2947.0000,2942.6000,2942.2000,2940.8000,2937.4000,2948.6000,2948.8000,2949.4000,2950.0000,2952.2000,1,1,1,5,1,1,1,1,3,1
SF,IH2006,2019-11-18 09:31:54.000,2947.2000,1647,0,14147700.000,0,-,-,-,-,2947.0000,2942.6000,2942.2000,2940.8000,2937.4000,2948.6000,2948.8000,2949.4000,2950.0000,2952.2000,1,1,1,5,1,1,1,1,3,1
SF,IH2006,2019-11-18 09:31:54.500,2947.2000,1647,0,14147700.000,0,-,-,-,-,2947.0000,2942.6000,2942.2000,2940.8000,2937.4000,2948.6000,2948.8000,2949.4000,2950.0000,2952.2000,1,1,1,5,1,1,1,1,3,1
SF,IH2006,2019-11-18 09:31:55.000,2947.2000,1647,0,14147700.000,0,-,-,-,-,2947.0000,2942.6000,2942.2000,2940.8000,2937.4000,2948.6000,2948.8000,2949.4000,2950.0000,2952.2000,1,1,1,5,1,1,1,1,3,1
SF,IH2006,2019-11-18 09:31:55.500,2947.2000,1647,0,14147700.000,0,-,-,-,-,2947.0000,2942.6000,2942.2000,2940.8000,2937.4000,2948.6000,2948.8000,2949.4000,2950.0000,2952.2000,1,1,1,5,1,1,1,1,3,1
SF,IH2006,2019-11-18 09:31:56.000,2947.2000,1647,0,14147700.000,0,-,-,-,-,2947.0000,2942.6000,2942.2000,2940.8000,2937.4000,2948.6000,2948.8000,2949.4000,2950.0000,2952.2000,1,1,1,5,1,1,1,1,3,1
SF,IH2006,2019-11-18 09:31:56.500,2947.2000,1647,0,14147700.000,0,-,-,-,-,2947.0000,2942.6000,2942.2000,2940.8000,2937.4000,2948.6000,2948.8000,2949.4000,2950.0000,2952.2000,1,1,1,5,1,1,1,1,3,1
SF,IH2006,2019-11-18 09:31:59.000,2947.2000,1647,0,14147700.000,0,-,-,-,-,2947.0000,2942.6000,2942.2000,2940.8000,2937.4000,2948.4000,2948.6000,2948.8000,2949.4000,2950.0000,1,1,1,5,1,1,1,1,1,3
SF,IH2006,2019-11-18 09:31:59.500,2947.2000,1647,0,14147700.000,0,-,-,-,-,2947.0000,2942.6000,2942.2000,2940.8000,2937.4000,2948.4000,2949.4000,2950.0000,2952.2000,2955.0000,1,1,1,5,1,1,1,3,1,1
SF,IH2006,2019-11-18 09:32:00.000,2947.2000,1647,0,14147700.000,0,-,-,-,-,2947.0000,2942.6000,2942.2000,2940.8000,2937.4000,2947.6000,2948.2000,2948.4000,2949.4000,2950.0000,1,1,1,5,1,1,1,1,1,3
SF,IH2006,2019-11-18 09:32:00.500,2947.0000,1647,0,15031800.000,1,0,1,多换,S,2942.6000,2942.2000,2940.8000,2937.4000,2937.2000,2947.6000,2948.4000,2949.4000,2950.0000,2952.2000,1,1,5,1,1,1,1,1,3,1
SF,IH2006,2019-11-18 09:32:01.000,2947.0000,1647,0,15031800.000,0,-,-,-,-,2944.6000,2942.8000,2942.6000,2942.2000,2940.8000,2947.6000,2948.4000,2949.4000,2950.0000,2952.2000,3,1,1,1,5,1,1,1,3,1
SF,IH2006,2019-11-18 09:32:01.500,2947.0000,1647,0,15031800.000,0,-,-,-,-,2944.8000,2944.6000,2942.6000,2942.2000,2940.8000,2947.6000,2948.4000,2949.4000,2950.0000,2952.2000,1,3,1,1,5,1,1,1,3,1
SF,IH2006,2019-11-18 09:32:02.000,2947.0000,1647,0,15031800.000,0,-,-,-,-,2945.0000,2944.8000,2942.6000,2942.2000,2940.8000,2947.4000,2947.6000,2948.4000,2949.4000,2950.0000,2,1,1,1,5,2,1,1,1,3
SF,IH2006,2019-11-18 09:32:02.500,2947.0000,1647,0,15031800.000,0,-,-,-,-,2945.0000,2944.8000,2942.6000,2942.2000,2940.8000,2947.4000,2948.4000,2949.4000,2950.0000,2952.2000,2,1,1,1,5,2,1,1,3,1
SF,IH2006,2019-11-18 09:32:03.000,2947.0000,1647,0,15031800.000,0,-,-,-,-,2945.0000,2944.8000,2942.6000,2942.2000,2940.8000,2946.6000,2947.4000,2948.4000,2949.4000,2950.0000,2,1,1,1,5,1,2,1,1,3
SF,IH2006,2019-11-18 09:32:03.500,2947.0000,1647,0,15031800.000,0,-,-,-,-,2945.0000,2944.8000,2942.6000,2942.2000,2940.8000,2946.6000,2947.4000,2948.4000,2949.4000,2950.0000,2,1,1,1,5,1,1,1,1,3
SF,IH2006,2019-11-18 09:32:04.000,2947.0000,1647,0,15031800.000,0,-,-,-,-,2945.0000,2944.8000,2942.6000,2942.2000,2940.8000,2946.6000,2947.4000,2948.0000,2948.4000,2949.4000,2,1,1,1,5,1,1,1,1,1
SF,IH2006,2019-11-18 09:32:04.500,2947.0000,1647,0,15031800.000,0,-,-,-,-,2945.0000,2944.8000,2942.6000,2942.2000,2940.8000,2946.6000,2947.4000,2948.0000,2948.4000,2949.4000,2,1,1,1,5,1,1,1,1,1
SF,IH2006,2019-11-18 09:32:05.000,2947.0000,1647,0,15031800.000,0,-,-,-,-,2945.2000,2945.0000,2942.6000,2942.2000,2940.8000,2946.6000,2947.4000,2948.0000,2948.4000,2949.4000,1,2,1,1,5,1,1,1,1,1
SF,IH2006,2019-11-18 09:32:05.500,2946.6000,1646,-1,15915780.000,1,0,1,双平,S,2945.4000,2945.2000,2942.6000,2942.2000,2940.8000,2948.0000,2948.4000,2949.4000,2950.0000,2952.2000,2,1,1,1,5,1,1,1,3,1
SF,IH2006,2019-11-18 09:32:06.000,2946.6000,1646,0,15915780.000,0,-,-,-,-,2945.4000,2945.2000,2942.6000,2942.2000,2940.8000,2947.8000,2948.0000,2948.4000,2949.4000,2950.0000,2,1,1,1,5,2,1,1,1,3
SF,IH2006,2019-11-18 09:32:06.500,2946.6000,1646,0,15915780.000,0,-,-,-,-,2945.6000,2945.4000,2942.6000,2942.2000,2940.8000,2947.8000,2948.0000,2948.4000,2949.4000,2950.0000,1,2,1,1,5,2,1,1,1,3
SF,IH2006,2019-11-18 09:32:07.000,2946.6000,1646,0,15915780.000,0,-,-,-,-,2945.8000,2945.6000,2942.6000,2942.2000,2940.8000,2947.8000,2948.0000,2948.4000,2949.4000,2950.0000,1,1,1,1,5,2,1,1,1,3
SF,IH2006,2019-11-18 09:32:07.500,2946.6000,1646,0,15915780.000,0,-,-,-,-,2945.8000,2945.6000,2942.6000,2942.2000,2940.8000,2947.6000,2947.8000,2948.0000,2948.4000,2949.4000,1,1,1,1,5,1,2,1,1,1
SF,IH2006,2019-11-18 09:32:08.000,2946.6000,1646,0,15915780.000,0,-,-,-,-,2945.8000,2945.6000,2942.6000,2942.2000,2940.8000,2947.6000,2947.8000,2948.0000,2948.4000,2949.4000,1,1,1,1,5,1,1,1,1,1
SF,IH2006,2019-11-18 09:32:08.500,2946.6000,1646,0,15915780.000,0,-,-,-,-,2945.8000,2945.6000,2942.6000,2942.2000,2940.8000,2947.4000,2947.6000,2947.8000,2948.0000,2948.4000,1,1,1,1,5,1,1,1,1,1
SF,IH2006,2019-11-18 09:32:09.000,2946.6000,1646,0,15915780.000,0,-,-,-,-,2945.8000,2945.6000,2942.6000,2942.2000,2940.8000,2947.4000,2947.6000,2948.0000,2948.4000,2949.4000,1,1,1,1,5,1,1,1,1,1
SF,IH2006,2019-11-18 09:32:09.500,2945.8000,1645,-1,16799520.000,1,0,1,双平,S,2945.6000,2944.4000,2942.6000,2942.2000,2940.8000,2947.2000,2947.4000,2947.6000,2948.0000,2948.4000,1,1,1,1,5,1,1,1,1,1
SF,IH2006,2019-11-18 09:32:10.000,2945.8000,1645,0,16799520.000,0,-,-,-,-,2945.6000,2942.6000,2942.2000,2940.8000,2937.4000,2947.0000,2947.2000,2947.6000,2948.0000,2948.4000,1,1,1,5,1,1,1,1,1,1
SF,IH2006,2019-11-18 09:32:10.500,2945.8000,1645,0,16799520.000,0,-,-,-,-,2945.6000,2942.6000,2942.2000,2940.8000,2937.4000,2947.0000,2947.2000,2947.6000,2948.0000,2948.4000,1,1,1,5,1,1,1,1,1,1
SF,IH2006,2019-11-18 09:32:11.000,2945.8000,1645,0,16799520.000,0,-,-,-,-,2942.6000,2942.2000,2940.8000,2937.4000,2937.2000,2947.0000,2947.2000,2947.6000,2948.0000,2948.4000,1,1,5,1,1,1,1,1,1,1
SF,IH2006,2019-11-18 09:32:11.500,2945.8000,1645,0,16799520.000,0,-,-,-,-,2944.0000,2942.6000,2942.2000,2940.8000,2937.4000,2947.0000,2947.2000,2947.6000,2948.0000,2948.4000,3,1,1,5,1,1,1,1,1,1
SF,IH2006,2019-11-18 09:32:12.000,2945.8000,1645,0,16799520.000,0,-,-,-,-,2944.2000,2944.0000,2942.6000,2942.2000,2940.8000,2947.0000,2947.2000,2947.6000,2948.0000,2948.4000,1,3,1,1,5,1,1,1,1,1
SF,IH2006,2019-11-18 09:32:12.500,2945.8000,1645,0,16799520.000,0,-,-,-,-,2944.4000,2944.2000,2942.6000,2942.2000,2940.8000,2947.0000,2947.2000,2947.6000,2948.0000,2948.4000,2,1,1,1,5,1,1,1,1,1
SF,IH2006,2019-11-18 09:32:13.000,2945.8000,1645,0,16799520.000,0,-,-,-,-,2944.6000,2944.4000,2942.6000,2942.2000,2940.8000,2947.0000,2947.2000,2947.6000,2948.0000,2948.4000,1,2,1,1,5,1,1,1,1,1
SF,IH2006,2019-11-18 09:32:13.500,2945.8000,1645,0,16799520.000,0,-,-,-,-,2944.8000,2944.6000,2942.6000,2942.2000,2940.8000,2947.0000,2947.2000,2947.6000,2948.0000,2948.4000,2,1,1,1,5,1,1,1,1,1
SF,IH2006,2019-11-18 09:32:14.000,2945.8000,1645,0,16799520.000,0,-,-,-,-,2945.0000,2944.8000,2942.6000,2942.2000,2940.8000,2947.0000,2947.6000,2948.0000,2948.4000,2949.4000,1,2,1,1,5,1,1,1,1,1
SF,IH2006,2019-11-18 09:32:14.500,2945.8000,1645,0,16799520.000,0,-,-,-,-,2945.4000,2945.2000,2945.0000,2942.6000,2942.2000,2947.6000,2948.0000,2948.4000,2949.4000,2950.0000,1,1,1,1,1,1,1,1,1,3
SF,IH2006,2019-11-18 09:32:15.000,2945.8000,1645,0,16799520.000,0,-,-,-,-,2945.4000,2945.0000,2942.6000,2942.2000,2940.8000,2947.4000,2947.6000,2948.0000,2948.4000,2949.4000,1,1,1,1,5,2,1,1,1,1
SF,IH2006,2019-11-18 09:32:15.500,2945.8000,1645,0,16799520.000,0,-,-,-,-,2945.4000,2945.0000,2942.6000,2942.2000,2940.8000,2947.4000,2947.6000,2948.0000,2948.4000,2949.4000,1,1,1,1,5,1,1,1,1,1
SF,IH2006,2019-11-18 09:32:16.000,2945.8000,1645,0,16799520.000,0,-,-,-,-,2945.0000,2942.6000,2942.2000,2940.8000,2937.4000,2947.2000,2947.4000,2947.6000,2948.0000,2948.4000,1,1,1,5,1,2,1,1,1,1
SF,IH2006,2019-11-18 09:32:16.500,2945.8000,1645,0,16799520.000,0,-,-,-,-,2945.0000,2942.6000,2942.2000,2940.8000,2937.4000,2947.0000,2947.2000,2947.6000,2948.0000,2948.4000,1,1,1,5,1,1,2,1,1,1
SF,IH2006,2019-11-18 09:32:17.000,2945.8000,1645,0,16799520.000,0,-,-,-,-,2945.2000,2945.0000,2942.6000,2942.2000,2940.8000,2947.0000,2947.2000,2947.6000,2948.0000,2948.4000,1,1,1,1,5,1,2,1,1,1
SF,IH2006,2019-11-18 09:32:22.500,2945.8000,1645,0,16799520.000,0,-,-,-,-,2945.2000,2945.0000,2942.6000,2942.2000,2940.8000,2947.0000,2947.2000,2947.6000,2948.0000,2948.4000,1,1,1,1,5,1,1,1,1,1
SF,IH2006,2019-11-18 09:32:33.500,2945.0000,1644,-1,18566580.000,2,0,2,多平,S,2943.2000,2942.6000,2942.2000,2940.8000,2937.4000,2945.2000,2946.8000,2947.0000,2947.2000,2947.6000,1,1,1,5,1,1,1,1,1,1
SF,IH2006,2019-11-18 09:32:34.000,2945.0000,1644,0,18566580.000,0,-,-,-,-,2943.2000,2942.6000,2942.2000,2940.8000,2937.4000,2945.2000,2946.8000,2947.2000,2947.6000,2948.0000,1,1,1,5,1,1,1,1,1,1
SF,IH2006,2019-11-18 09:32:34.500,2945.0000,1644,0,18566580.000,0,-,-,-,-,2943.2000,2942.6000,2942.2000,2940.8000,2937.4000,2945.2000,2946.8000,2947.2000,2947.6000,2948.0000,1,1,1,5,1,1,1,1,1,1
SF,IH2006,2019-11-18 09:32:36.000,2945.0000,1644,0,18566580.000,0,-,-,-,-,2943.2000,2942.6000,2942.2000,2940.8000,2937.4000,2946.8000,2947.2000,2947.6000,2948.0000,2948.4000,1,1,1,5,1,1,1,1,1,1
SF,IH2006,2019-11-18 09:32:36.500,2945.0000,1644,0,18566580.000,0,-,-,-,-,2943.2000,2942.6000,2942.2000,2940.8000,2937.4000,2946.6000,2946.8000,2947.2000,2947.6000,2948.0000,1,1,1,5,1,3,1,1,1,1
SF,IH2006,2019-11-18 09:32:37.000,2945.0000,1644,0,18566580.000,0,-,-,-,-,2943.2000,2942.6000,2942.2000,2940.8000,2937.4000,2946.4000,2946.6000,2946.8000,2947.6000,2948.0000,1,1,1,5,1,1,3,1,1,1
SF,IH2006,2019-11-18 09:32:37.500,2945.0000,1644,0,18566580.000,0,-,-,-,-,2943.4000,2943.2000,2942.6000,2942.2000,2940.8000,2946.2000,2946.4000,2946.8000,2947.6000,2948.0000,1,1,1,1,5,4,1,1,1,1
SF,IH2006,2019-11-18 09:32:38.000,2945.0000,1644,0,18566580.000,0,-,-,-,-,2943.4000,2942.6000,2942.2000,2940.8000,2937.4000,2946.2000,2946.4000,2946.8000,2947.6000,2948.0000,1,1,1,5,1,3,1,1,1,1
SF,IH2006,2019-11-18 09:32:38.500,2945.0000,1644,0,18566580.000,0,-,-,-,-,2943.4000,2942.6000,2942.2000,2940.8000,2937.4000,2946.0000,2946.2000,2946.4000,2946.8000,2947.6000,1,1,1,5,1,1,3,1,1,1
SF,IH2006,2019-11-18 09:32:39.000,2945.0000,1644,0,18566580.000,0,-,-,-,-,2943.4000,2942.6000,2942.2000,2940.8000,2937.4000,2945.8000,2946.4000,2946.8000,2947.6000,2948.0000,1,1,1,5,1,2,1,1,1,1
SF,IH2006,2019-11-18 09:32:40.500,2945.0000,1644,0,18566580.000,0,-,-,-,-,2943.4000,2942.6000,2942.2000,2937.6000,2937.4000,2945.8000,2946.4000,2946.8000,2947.6000,2948.0000,1,1,1,5,1,2,1,1,1,1
SF,IH2006,2019-11-18 09:32:41.000,2945.0000,1644,0,18566580.000,0,-,-,-,-,2943.4000,2942.6000,2942.2000,2937.6000,2937.4000,2945.6000,2945.8000,2946.4000,2946.8000,2947.6000,1,1,1,5,1,1,2,1,1,1
SF,IH2006,2019-11-18 09:32:41.500,2945.0000,1644,0,18566580.000,0,-,-,-,-,2943.4000,2942.6000,2942.2000,2937.6000,2937.4000,2945.4000,2946.4000,2946.8000,2947.6000,2948.0000,1,1,1,5,1,2,1,1,1,1
SF,IH2006,2019-11-18 09:32:49.000,2945.0000,1644,0,18566580.000,0,-,-,-,-,2943.4000,2942.6000,2942.2000,2937.6000,2937.4000,2945.4000,2946.8000,2947.6000,2948.0000,2948.4000,1,1,1,5,1,2,1,1,1,1
SF,IH2006,2019-11-18 09:32:49.500,2945.0000,1644,0,18566580.000,0,-,-,-,-,2943.4000,2942.6000,2942.2000,2937.6000,2937.4000,2945.4000,2946.8000,2947.6000,2948.0000,2948.4000,1,1,1,5,1,2,1,1,1,1
SF,IH2006,2019-11-18 09:32:50.000,2943.4000,1644,0,19449600.000,1,0,1,多换,S,2942.6000,2942.2000,2937.6000,2937.4000,2937.2000,2945.4000,2946.8000,2947.6000,2948.0000,2948.4000,1,1,5,1,1,2,1,1,1,1
SF,IH2006,2019-11-18 09:32:50.500,2943.4000,1644,0,19449600.000,0,-,-,-,-,2942.8000,2942.6000,2942.2000,2937.6000,2937.4000,2945.4000,2946.8000,2947.6000,2948.0000,2948.4000,1,1,1,5,1,2,1,1,1,1
SF,IH2006,2019-11-18 09:32:51.000,2943.4000,1644,0,19449600.000,0,-,-,-,-,2942.8000,2942.6000,2942.2000,2937.6000,2937.4000,2945.4000,2946.8000,2947.6000,2948.0000,2948.4000,1,1,1,5,1,2,1,1,1,1
SF,IH2006,2019-11-18 09:32:51.500,2943.4000,1644,0,19449600.000,0,-,-,-,-,2942.8000,2942.6000,2942.2000,2937.6000,2937.4000,2945.2000,2945.4000,2946.8000,2947.6000,2948.0000,1,1,1,5,1,1,2,1,1,1
SF,IH2006,2019-11-18 09:32:52.000,2943.4000,1644,0,19449600.000,0,-,-,-,-,2942.8000,2942.6000,2942.2000,2937.6000,2937.4000,2945.0000,2945.2000,2946.8000,2947.6000,2948.0000,1,1,1,5,1,1,1,1,1,1
SF,IH2006,2019-11-18 09:32:52.500,2943.4000,1644,0,19449600.000,0,-,-,-,-,2942.8000,2942.6000,2942.2000,2937.6000,2937.4000,2945.0000,2946.8000,2947.6000,2948.0000,2948.4000,1,1,1,5,1,1,1,1,1,1
SF,IH2006,2019-11-18 09:32:53.000,2943.4000,1644,0,19449600.000,0,-,-,-,-,2943.0000,2942.8000,2942.6000,2942.2000,2937.6000,2945.0000,2946.8000,2947.6000,2948.0000,2948.4000,1,1,1,1,5,1,1,1,1,1
SF,IH2006,2019-11-18 09:32:53.500,2943.4000,1644,0,19449600.000,0,-,-,-,-,2943.2000,2943.0000,2942.6000,2942.2000,2937.6000,2945.0000,2946.8000,2947.6000,2948.0000,2948.4000,3,1,1,1,5,1,1,1,1,1
SF,IH2006,2019-11-18 09:32:54.000,2943.4000,1644,0,19449600.000,0,-,-,-,-,2943.2000,2943.0000,2942.6000,2942.2000,2937.6000,2945.0000,2946.8000,2947.6000,2948.0000,2948.4000,1,1,1,1,5,1,1,1,1,1
SF,IH2006,2019-11-18 09:32:54.500,2943.4000,1644,0,19449600.000,0,-,-,-,-,2943.2000,2942.6000,2942.2000,2937.6000,2937.4000,2945.0000,2946.8000,2947.6000,2948.0000,2948.4000,1,1,1,5,1,1,1,1,1,1
SF,IH2006,2019-11-18 09:33:00.000,2945.0000,1644,0,20333100.000,1,0,1,多换,S,2943.4000,2943.2000,2942.6000,2942.2000,2937.6000,2946.0000,2946.8000,2947.6000,2948.0000,2948.4000,1,1,1,1,5,1,1,1,1,1
SF,IH2006,2019-11-18 09:33:00.500,2945.0000,1644,0,20333100.000,0,-,-,-,-,2943.4000,2942.6000,2942.2000,2937.6000,2937.4000,2945.8000,2946.0000,2946.8000,2947.6000,2948.0000,1,1,1,5,1,1,1,1,1,1
SF,IH2006,2019-11-18 09:33:01.000,2945.0000,1644,0,20333100.000,0,-,-,-,-,2943.4000,2942.6000,2942.2000,2937.6000,2937.4000,2945.6000,2945.8000,2946.8000,2947.6000,2948.0000,1,1,1,5,1,2,1,1,1,1
SF,IH2006,2019-11-18 09:33:01.500,2945.0000,1644,0,20333100.000,0,-,-,-,-,2943.4000,2942.6000,2942.2000,2937.6000,2937.4000,2945.4000,2945.6000,2946.8000,2947.6000,2948.0000,1,1,1,5,1,1,2,1,1,1
SF,IH2006,2019-11-18 09:33:02.000,2945.0000,1644,0,20333100.000,0,-,-,-,-,2943.4000,2942.6000,2942.2000,2937.6000,2937.4000,2945.0000,2945.2000,2945.4000,2946.8000,2947.6000,1,1,1,5,1,1,2,1,1,1
SF,IH2006,2019-11-18 09:33:02.500,2945.0000,1644,0,20333100.000,0,-,-,-,-,2943.4000,2942.6000,2942.2000,2937.6000,2937.4000,2944.8000,2945.0000,2946.8000,2947.6000,2948.0000,1,1,1,5,1,1,1,1,1,1
SF,IH2006,2019-11-18 09:33:03.000,2945.0000,1644,0,20333100.000,0,-,-,-,-,2944.0000,2943.4000,2942.6000,2942.2000,2937.6000,2944.8000,2945.0000,2946.8000,2947.6000,2948.0000,1,1,1,1,5,2,1,1,1,1
SF,IH2006,2019-11-18 09:33:03.500,2944.0000,1644,0,21216300.000,1,0,1,多换,S,2943.4000,2942.6000,2942.2000,2937.6000,2937.4000,2944.8000,2945.0000,2946.8000,2947.6000,2948.0000,1,1,1,5,1,2,1,1,1,1
SF,IH2006,2019-11-18 09:33:04.000,2944.0000,1644,0,21216300.000,0,-,-,-,-,2943.4000,2942.6000,2942.2000,2937.6000,2937.4000,2944.8000,2945.0000,2946.8000,2947.6000,2948.0000,1,1,1,5,1,1,1,1,1,1
SF,IH2006,2019-11-18 09:33:08.000,2944.8000,1643,-1,22099740.000,1,0,1,双平,S,2943.4000,2942.6000,2942.2000,2937.6000,2937.4000,2945.0000,2946.4000,2946.8000,2947.6000,2948.0000,2,1,1,5,1,1,1,1,1,1
SF,IH2006,2019-11-18 09:33:08.500,2944.8000,1643,0,22099740.000,0,-,-,-,-,2943.4000,2942.6000,2942.2000,2937.6000,2937.4000,2946.8000,2947.6000,2948.4000,2949.4000,2950.0000,2,1,1,5,1,1,1,1,1,3
SF,IH2006,2019-11-18 09:33:09.000,2944.8000,1643,0,22099740.000,0,-,-,-,-,2943.4000,2942.6000,2942.2000,2937.6000,2937.4000,2944.0000,2945.2000,2946.4000,2946.6000,2946.8000,2,1,1,5,1,1,1,3,1,1
SF,IH2006,2019-11-18 09:33:09.500,2944.0000,1642,-1,22982940.000,1,0,1,双平,S,2943.4000,2942.6000,2942.2000,2937.6000,2937.4000,2945.2000,2946.6000,2946.8000,2947.6000,2948.4000,2,1,1,5,1,1,1,1,1,1
SF,IH2006,2019-11-18 09:33:10.000,2944.0000,1642,0,22982940.000,0,-,-,-,-,2943.4000,2942.6000,2942.2000,2937.6000,2937.4000,2945.0000,2945.2000,2946.6000,2946.8000,2947.6000,2,1,1,5,1,1,1,1,1,1
SF,IH2006,2019-11-18 09:33:11.500,2944.0000,1642,0,22982940.000,0,-,-,-,-,2943.4000,2942.6000,2937.6000,2937.2000,2937.0000,2945.0000,2945.2000,2946.6000,2946.8000,2947.6000,1,1,5,1,1,1,1,1,1,1
SF,IH2006,2019-11-18 09:33:12.000,2943.4000,1641,-1,23865960.000,1,0,1,双平,S,2942.6000,2941.6000,2937.6000,2937.2000,2937.0000,2945.0000,2945.2000,2946.6000,2946.8000,2947.6000,1,1,5,1,1,1,1,1,1,1
SF,IH2006,2019-11-18 09:33:12.500,2943.4000,1641,0,23865960.000,0,-,-,-,-,2942.6000,2937.6000,2937.2000,2937.0000,2936.6000,2945.0000,2945.2000,2946.6000,2946.8000,2947.6000,1,5,1,1,1,1,1,1,1,1
SF,IH2006,2019-11-18 09:33:16.500,2943.4000,1641,0,23865960.000,0,-,-,-,-,2942.8000,2942.6000,2937.6000,2937.2000,2937.0000,2945.0000,2945.2000,2946.6000,2946.8000,2947.6000,1,1,5,1,1,1,1,1,1,1
SF,IH2006,2019-11-18 09:33:20.500,2943.4000,1641,0,23865960.000,0,-,-,-,-,2942.6000,2937.6000,2937.2000,2937.0000,2936.6000,2944.8000,2945.0000,2945.2000,2946.6000,2946.8000,1,5,1,1,1,1,1,1,1,1
SF,IH2006,2019-11-18 09:33:21.000,2943.4000,1641,0,23865960.000,0,-,-,-,-,2942.6000,2937.6000,2937.2000,2937.0000,2936.6000,2942.8000,2944.6000,2944.8000,2946.6000,2946.8000,1,5,1,1,1,2,2,1,1,1
SF,IH2006,2019-11-18 09:33:21.500,2942.8000,1641,0,25631640.000,2,1,1,多换,S,2942.8000,2942.6000,2937.6000,2937.2000,2937.0000,2944.8000,2946.6000,2946.8000,2947.6000,2948.4000,1,1,5,1,1,1,1,1,1,1
SF,IH2006,2019-11-18 09:33:22.000,2942.8000,1641,0,25631640.000,0,-,-,-,-,2942.6000,2937.6000,2937.2000,2937.0000,2936.6000,2943.8000,2944.6000,2944.8000,2946.6000,2946.8000,1,5,1,1,1,1,2,1,1,1
SF,IH2006,2019-11-18 09:33:22.500,2942.8000,1641,0,25631640.000,0,-,-,-,-,2942.6000,2937.6000,2937.2000,2937.0000,2936.6000,2943.6000,2943.8000,2944.8000,2946.6000,2946.8000,1,5,1,1,1,1,1,1,1,1
SF,IH2006,2019-11-18 09:33:23.000,2942.8000,1641,0,25631640.000,0,-,-,-,-,2942.6000,2937.6000,2937.2000,2937.0000,2936.6000,2943.6000,2943.8000,2944.8000,2946.6000,2946.8000,1,5,1,1,1,1,1,1,1,1
SF,IH2006,2019-11-18 09:33:23.500,2942.6000,1641,0,26514420.000,1,0,1,多换,S,2937.6000,2937.2000,2937.0000,2936.6000,2936.0000,2943.6000,2943.8000,2944.8000,2946.6000,2946.8000,5,1,1,1,2,1,1,1,1,1
SF,IH2006,2019-11-18 09:33:24.000,2942.6000,1641,0,26514420.000,0,-,-,-,-,2940.4000,2940.0000,2938.2000,2937.6000,2937.2000,2943.6000,2943.8000,2944.8000,2946.6000,2946.8000,3,4,3,5,1,1,1,1,1,1
SF,IH2006,2019-11-18 09:33:26.500,2942.6000,1641,0,26514420.000,0,-,-,-,-,2940.4000,2940.0000,2937.6000,2937.2000,2937.0000,2943.6000,2943.8000,2944.8000,2946.6000,2946.8000,3,4,5,1,1,1,1,1,1,1
SF,IH2006,2019-11-18 09:33:32.000,2942.6000,1641,0,26514420.000,0,-,-,-,-,2940.4000,2940.0000,2937.6000,2937.2000,2937.0000,2943.4000,2943.6000,2943.8000,2944.8000,2946.6000,3,4,5,1,1,1,1,1,1,1
SF,IH2006,2019-11-18 09:33:32.500,2942.6000,1641,0,26514420.000,0,-,-,-,-,2940.6000,2940.0000,2937.6000,2937.2000,2937.0000,2943.2000,2943.4000,2944.8000,2946.6000,2946.8000,1,4,5,1,1,1,1,1,1,1
SF,IH2006,2019-11-18 09:33:33.000,2942.6000,1641,0,26514420.000,0,-,-,-,-,2940.6000,2940.0000,2937.6000,2937.2000,2937.0000,2942.6000,2943.2000,2943.4000,2944.8000,2946.6000,1,4,5,1,1,1,1,1,1,1
SF,IH2006,2019-11-18 09:33:33.500,2942.6000,1641,0,26514420.000,0,-,-,-,-,2940.6000,2940.0000,2937.6000,2937.2000,2937.0000,2942.6000,2943.4000,2944.8000,2946.6000,2946.8000,1,4,5,1,1,1,1,1,1,1
SF,IH2006,2019-11-18 09:33:34.000,2942.6000,1641,0,26514420.000,0,-,-,-,-,2940.6000,2940.0000,2937.6000,2937.2000,2937.0000,2942.6000,2943.4000,2944.8000,2946.6000,2946.8000,1,4,5,1,1,1,1,1,1,1
SF,IH2006,2019-11-18 09:33:34.500,2942.6000,1641,0,26514420.000,0,-,-,-,-,2940.0000,2937.6000,2937.2000,2937.0000,2936.6000,2942.4000,2942.6000,2943.4000,2944.8000,2946.6000,1,5,1,1,1,1,1,1,1,1
SF,IH2006,2019-11-18 09:33:35.000,2942.6000,1641,0,26514420.000,0,-,-,-,-,2940.2000,2937.2000,2937.0000,2936.6000,2936.0000,2942.4000,2942.6000,2943.4000,2944.8000,2946.6000,1,1,1,1,2,1,1,1,1,1
SF,IH2006,2019-11-18 09:33:35.500,2942.6000,1641,0,26514420.000,0,-,-,-,-,2940.2000,2937.2000,2937.0000,2936.6000,2936.0000,2942.4000,2942.6000,2943.4000,2944.8000,2946.6000,1,1,1,1,2,1,1,1,1,1
SF,IH2006,2019-11-18 09:33:36.000,2942.6000,1641,0,26514420.000,0,-,-,-,-,2940.2000,2937.2000,2937.0000,2936.6000,2936.0000,2942.4000,2942.6000,2943.4000,2944.8000,2946.6000,1,1,1,1,2,1,1,1,1,1
SF,IH2006,2019-11-18 09:33:36.500,2942.6000,1641,0,26514420.000,0,-,-,-,-,2940.2000,2937.2000,2937.0000,2936.6000,2936.0000,2942.4000,2942.6000,2943.4000,2944.8000,2946.6000,1,1,1,1,2,1,1,1,1,1
SF,IH2006,2019-11-18 09:33:37.000,2942.6000,1641,0,26514420.000,0,-,-,-,-,2940.2000,2937.2000,2937.0000,2936.6000,2936.0000,2942.4000,2942.6000,2943.4000,2944.8000,2946.6000,1,1,1,1,2,1,1,1,1,1
SF,IH2006,2019-11-18 09:33:37.500,2942.6000,1641,0,26514420.000,0,-,-,-,-,2940.2000,2937.2000,2937.0000,2936.6000,2936.0000,2942.4000,2942.6000,2943.4000,2944.8000,2946.6000,1,1,1,1,2,1,1,1,1,1
SF,IH2006,2019-11-18 09:33:38.000,2942.6000,1641,0,26514420.000,0,-,-,-,-,2937.2000,2937.0000,2936.6000,2936.0000,2935.4000,2942.2000,2942.4000,2942.6000,2943.4000,2944.8000,1,1,1,2,1,1,1,1,1,1
SF,IH2006,2019-11-18 09:33:38.500,2942.6000,1641,0,26514420.000,0,-,-,-,-,2938.8000,2937.2000,2937.0000,2936.6000,2936.0000,2942.0000,2943.4000,2944.8000,2946.6000,2946.8000,3,1,1,1,2,1,1,1,1,1
SF,IH2006,2019-11-18 09:33:39.000,2942.6000,1641,0,26514420.000,0,-,-,-,-,2938.8000,2937.2000,2937.0000,2936.6000,2936.0000,2941.4000,2942.0000,2943.4000,2944.8000,2946.6000,3,1,1,1,2,1,1,1,1,1
SF,IH2006,2019-11-18 09:33:39.500,2942.6000,1641,0,26514420.000,0,-,-,-,-,2938.8000,2937.2000,2937.0000,2936.6000,2936.0000,2941.4000,2943.4000,2944.8000,2946.6000,2946.8000,3,1,1,1,2,1,1,1,1,1
SF,IH2006,2019-11-18 09:33:40.000,2942.6000,1641,0,26514420.000,0,-,-,-,-,2938.8000,2937.2000,2937.0000,2936.6000,2936.0000,2943.4000,2944.8000,2946.6000,2946.8000,2950.0000,3,1,1,1,2,1,1,1,1,3
SF,IH2006,2019-11-18 09:33:40.500,2942.6000,1641,0,26514420.000,0,-,-,-,-,2940.0000,2938.8000,2937.2000,2937.0000,2936.6000,2942.4000,2943.2000,2943.4000,2944.8000,2946.6000,1,3,1,1,1,1,1,1,1,1
SF,IH2006,2019-11-18 09:33:41.000,2942.6000,1641,0,26514420.000,0,-,-,-,-,2940.2000,2940.0000,2937.2000,2937.0000,2936.6000,2942.4000,2943.4000,2944.8000,2946.6000,2946.8000,3,4,1,1,1,1,1,1,1,1
SF,IH2006,2019-11-18 09:33:41.500,2942.6000,1641,0,26514420.000,0,-,-,-,-,2940.2000,2940.0000,2937.2000,2937.0000,2936.6000,2943.4000,2944.8000,2946.6000,2946.8000,2950.0000,3,4,1,1,1,1,1,1,1,3
SF,IH2006,2019-11-18 09:33:42.000,2942.6000,1641,0,26514420.000,0,-,-,-,-,2940.4000,2940.0000,2937.2000,2937.0000,2936.6000,2942.8000,2943.2000,2943.4000,2944.8000,2946.6000,1,4,1,1,1,1,2,1,1,1
SF,IH2006,2019-11-18 09:33:42.500,2942.6000,1641,0,26514420.000,0,-,-,-,-,2940.4000,2940.0000,2937.2000,2937.0000,2936.6000,2942.8000,2943.4000,2944.8000,2946.6000,2946.8000,1,4,1,1,1,1,1,1,1,1
SF,IH2006,2019-11-18 09:33:43.000,2942.6000,1641,0,26514420.000,0,-,-,-,-,2940.4000,2940.0000,2937.2000,2937.0000,2936.6000,2942.6000,2942.8000,2943.4000,2944.8000,2946.6000,1,4,1,1,1,1,1,1,1,1
SF,IH2006,2019-11-18 09:33:43.500,2942.6000,1641,0,26514420.000,0,-,-,-,-,2940.4000,2937.2000,2937.0000,2936.6000,2936.0000,2942.6000,2942.8000,2943.4000,2944.8000,2946.6000,1,1,1,1,2,1,1,1,1,1
SF,IH2006,2019-11-18 09:33:49.000,2942.6000,1641,0,26514420.000,0,-,-,-,-,2940.4000,2937.2000,2937.0000,2936.6000,2936.0000,2942.6000,2942.8000,2943.4000,2944.8000,2946.6000,1,1,1,1,2,1,1,1,1,1
SF,IH2006,2019-11-18 09:33:53.500,2942.6000,1641,0,26514420.000,0,-,-,-,-,2940.4000,2937.2000,2937.0000,2936.6000,2936.0000,2942.6000,2942.8000,2943.4000,2944.8000,2946.6000,1,1,1,1,2,1,1,1,1,1
SF,IH2006,2019-11-18 09:33:54.000,2942.6000,1641,0,26514420.000,0,-,-,-,-,2940.4000,2937.2000,2937.0000,2936.6000,2936.0000,2942.6000,2942.8000,2943.4000,2944.8000,2946.6000,1,1,1,1,2,1,1,1,1,1
SF,IH2006,2019-11-18 09:34:00.500,2942.6000,1641,0,26514420.000,0,-,-,-,-,2940.4000,2937.2000,2937.0000,2936.6000,2936.0000,2942.6000,2942.8000,2943.4000,2944.8000,2946.6000,1,1,1,1,2,1,1,1,1,1
SF,IH2006,2019-11-18 09:34:01.500,2942.6000,1641,0,26514420.000,0,-,-,-,-,2940.4000,2937.2000,2937.0000,2936.6000,2936.0000,2942.4000,2942.6000,2942.8000,2943.4000,2944.8000,1,1,1,1,2,1,1,1,1,1
SF,IH2006,2019-11-18 09:34:02.000,2942.6000,1641,0,26514420.000,0,-,-,-,-,2937.2000,2937.0000,2936.6000,2936.0000,2935.4000,2942.2000,2942.4000,2943.4000,2944.8000,2946.6000,1,1,1,2,1,1,2,1,1,1
SF,IH2006,2019-11-18 09:34:02.500,2942.6000,1641,0,26514420.000,0,-,-,-,-,2938.8000,2937.2000,2937.0000,2936.6000,2936.0000,2941.6000,2942.2000,2942.4000,2943.4000,2944.8000,3,1,1,1,2,1,1,2,1,1
SF,IH2006,2019-11-18 09:34:03.000,2942.6000,1641,0,26514420.000,0,-,-,-,-,2938.8000,2937.2000,2937.0000,2936.6000,2936.0000,2941.6000,2942.4000,2943.4000,2944.8000,2946.6000,3,1,1,1,2,1,2,1,1,1
SF,IH2006,2019-11-18 09:34:03.500,2942.6000,1641,0,26514420.000,0,-,-,-,-,2938.8000,2937.2000,2937.0000,2936.6000,2936.0000,2942.4000,2943.4000,2944.8000,2946.6000,2946.8000,3,1,1,1,2,2,1,1,1,1
SF,IH2006,2019-11-18 09:34:04.000,2942.6000,1641,0,26514420.000,0,-,-,-,-,2938.8000,2937.2000,2937.0000,2936.6000,2936.0000,2941.8000,2942.2000,2942.4000,2943.4000,2944.8000,3,1,1,1,2,1,1,2,1,1
SF,IH2006,2019-11-18 09:34:04.500,2942.6000,1641,0,26514420.000,0,-,-,-,-,2938.8000,2937.2000,2937.0000,2936.6000,2936.0000,2941.8000,2942.4000,2943.4000,2944.8000,2946.6000,3,1,1,1,2,1,2,1,1,1
SF,IH2006,2019-11-18 09:34:06.500,2942.6000,1641,0,26514420.000,0,-,-,-,-,2939.0000,2938.8000,2937.2000,2937.0000,2936.6000,2941.8000,2942.4000,2943.4000,2944.8000,2946.6000,1,3,1,1,1,1,2,1,1,1
SF,IH2006,2019-11-18 09:34:07.000,2942.6000,1641,0,26514420.000,0,-,-,-,-,2939.2000,2939.0000,2937.2000,2937.0000,2936.6000,2941.8000,2942.4000,2943.4000,2944.8000,2946.6000,2,1,1,1,1,1,2,1,1,1
SF,IH2006,2019-11-18 09:34:08.500,2942.6000,1641,0,26514420.000,0,-,-,-,-,2939.4000,2939.2000,2937.2000,2937.0000,2936.6000,2941.8000,2942.4000,2943.4000,2944.8000,2946.6000,1,2,1,1,1,1,2,1,1,1
SF,IH2006,2019-11-18 09:34:09.000,2942.6000,1641,0,26514420.000,0,-,-,-,-,2939.6000,2939.4000,2937.2000,2937.0000,2936.6000,2941.6000,2941.8000,2942.4000,2943.4000,2944.8000,1,1,1,1,1,1,1,2,1,1
SF,IH2006,2019-11-18 09:34:10.000,2942.6000,1641,0,26514420.000,0,-,-,-,-,2939.6000,2937.2000,2937.0000,2936.6000,2936.0000,2941.6000,2941.8000,2942.4000,2943.4000,2944.8000,1,1,1,1,2,1,1,2,1,1
SF,IH2006,2019-11-18 09:34:10.500,2942.6000,1641,0,26514420.000,0,-,-,-,-,2939.6000,2937.2000,2937.0000,2936.6000,2936.0000,2941.6000,2941.8000,2942.4000,2943.4000,2944.8000,1,1,1,1,2,1,1,2,1,1
SF,IH2006,2019-11-18 09:34:11.000,2942.6000,1641,0,26514420.000,0,-,-,-,-,2939.6000,2937.2000,2937.0000,2936.6000,2936.0000,2941.6000,2941.8000,2942.4000,2943.4000,2944.8000,1,1,1,1,2,1,1,2,1,1
SF,IH2006,2019-11-18 09:34:11.500,2942.6000,1641,0,26514420.000,0,-,-,-,-,2937.2000,2937.0000,2936.6000,2936.0000,2935.4000,2941.6000,2941.8000,2942.4000,2943.4000,2944.8000,1,1,1,2,1,1,1,2,1,1
SF,IH2006,2019-11-18 09:34:12.000,2942.6000,1641,0,26514420.000,0,-,-,-,-,2937.4000,2937.2000,2937.0000,2936.6000,2936.0000,2939.6000,2941.4000,2941.6000,2941.8000,2942.4000,3,1,1,1,2,1,2,1,1,2
SF,IH2006,2019-11-18 09:34:12.500,2939.6000,1640,-1,27396300.000,1,0,1,双平,S,2937.4000,2937.2000,2937.0000,2936.6000,2936.0000,2941.8000,2942.4000,2943.4000,2946.6000,2950.0000,3,1,1,1,2,1,2,1,1,3
SF,IH2006,2019-11-18 09:34:13.000,2939.6000,1640,0,27396300.000,0,-,-,-,-,2937.4000,2937.2000,2937.0000,2936.6000,2936.0000,2941.6000,2941.8000,2942.4000,2943.4000,2946.6000,3,1,1,1,2,4,1,2,1,1
SF,IH2006,2019-11-18 09:34:13.500,2939.6000,1640,0,27396300.000,0,-,-,-,-,2937.4000,2937.2000,2937.0000,2936.6000,2936.0000,2941.6000,2942.4000,2943.4000,2946.6000,2950.0000,3,1,1,1,2,5,2,1,1,3
SF,IH2006,2019-11-18 09:34:14.000,2939.6000,1640,0,27396300.000,0,-,-,-,-,2937.4000,2937.2000,2937.0000,2936.6000,2936.0000,2940.2000,2941.6000,2942.4000,2943.4000,2946.6000,3,1,1,1,2,1,4,2,1,1
SF,IH2006,2019-11-18 09:34:14.500,2939.6000,1640,0,27396300.000,0,-,-,-,-,2937.8000,2937.4000,2937.2000,2937.0000,2936.6000,2940.2000,2941.6000,2942.4000,2943.4000,2946.6000,1,3,1,1,1,1,1,2,1,1
SF,IH2006,2019-11-18 09:34:15.000,2939.6000,1640,0,27396300.000,0,-,-,-,-,2938.0000,2937.8000,2937.2000,2937.0000,2936.6000,2940.2000,2941.6000,2942.4000,2943.4000,2946.6000,2,1,1,1,1,1,1,2,1,1
SF,IH2006,2019-11-18 09:34:19.000,2939.6000,1640,0,27396300.000,0,-,-,-,-,2938.0000,2937.2000,2937.0000,2936.6000,2936.0000,2940.2000,2941.6000,2942.4000,2943.4000,2946.6000,3,1,1,1,2,1,1,2,1,1
SF,IH2006,2019-11-18 09:34:19.500,2939.6000,1640,0,27396300.000,0,-,-,-,-,2938.0000,2937.2000,2937.0000,2936.6000,2936.0000,2941.6000,2942.4000,2943.4000,2946.6000,2950.0000,3,1,1,1,2,1,2,1,1,3
SF,IH2006,2019-11-18 09:34:20.000,2939.6000,1640,0,27396300.000,0,-,-,-,-,2938.0000,2937.2000,2937.0000,2936.6000,2936.0000,2940.6000,2941.4000,2941.6000,2942.4000,2943.4000,3,1,1,1,2,1,2,1,2,1
SF,IH2006,2019-11-18 09:34:20.500,2939.6000,1640,0,27396300.000,0,-,-,-,-,2938.0000,2937.2000,2937.0000,2936.6000,2936.0000,2940.6000,2941.6000,2942.4000,2943.4000,2946.6000,3,1,1,1,2,1,1,2,1,1
SF,IH2006,2019-11-18 09:34:25.500,2939.6000,1640,0,27396300.000,0,-,-,-,-,2938.0000,2937.2000,2937.0000,2936.6000,2936.0000,2940.6000,2941.6000,2942.4000,2943.4000,2946.6000,3,1,1,1,2,1,1,2,1,1
SF,IH2006,2019-11-18 09:34:26.000,2939.6000,1640,0,27396300.000,0,-,-,-,-,2938.0000,2937.2000,2937.0000,2936.6000,2936.0000,2941.6000,2942.4000,2943.4000,2946.6000,2950.0000,3,1,1,1,2,1,2,1,1,3
SF,IH2006,2019-11-18 09:34:26.500,2939.6000,1640,0,27396300.000,0,-,-,-,-,2938.0000,2937.2000,2937.0000,2936.6000,2936.0000,2941.0000,2941.4000,2941.6000,2942.4000,2943.4000,3,1,1,1,2,1,1,1,2,1
SF,IH2006,2019-11-18 09:34:27.000,2939.6000,1640,0,27396300.000,0,-,-,-,-,2938.0000,2937.2000,2937.0000,2936.6000,2936.0000,2941.0000,2941.6000,2942.4000,2943.4000,2946.6000,3,1,1,1,2,1,1,2,1,1
SF,IH2006,2019-11-18 09:34:29.500,2939.6000,1640,0,27396300.000,0,-,-,-,-,2938.0000,2937.2000,2937.0000,2936.6000,2936.0000,2941.0000,2941.6000,2942.4000,2943.4000,2946.6000,2,1,1,1,2,1,1,2,1,1
SF,IH2006,2019-11-18 09:34:30.500,2939.6000,1640,0,27396300.000,0,-,-,-,-,2938.0000,2937.2000,2937.0000,2936.6000,2936.0000,2941.0000,2942.4000,2943.4000,2946.6000,2950.0000,2,1,1,1,2,1,2,1,1,3
SF,IH2006,2019-11-18 09:34:31.000,2939.6000,1640,0,27396300.000,0,-,-,-,-,2938.2000,2938.0000,2937.2000,2937.0000,2936.6000,2942.4000,2943.4000,2946.6000,2950.0000,2952.2000,1,2,1,1,1,2,1,1,3,1
SF,IH2006,2019-11-18 09:34:31.500,2939.6000,1640,0,27396300.000,0,-,-,-,-,2938.4000,2938.2000,2937.2000,2937.0000,2936.6000,2941.6000,2942.2000,2942.4000,2943.4000,2946.6000,3,1,1,1,1,1,2,2,1,1
SF,IH2006,2019-11-18 09:34:32.000,2939.6000,1640,0,27396300.000,0,-,-,-,-,2938.4000,2938.2000,2937.2000,2937.0000,2936.6000,2941.4000,2941.6000,2942.2000,2942.4000,2943.4000,3,1,1,1,1,1,1,1,2,1
SF,IH2006,2019-11-18 09:34:32.500,2939.6000,1640,0,27396300.000,0,-,-,-,-,2938.4000,2938.2000,2937.2000,2937.0000,2936.6000,2941.4000,2941.6000,2942.4000,2943.4000,2946.6000,3,1,1,1,1,1,1,2,1,1
SF,IH2006,2019-11-18 09:34:34.000,2939.6000,1640,0,27396300.000,0,-,-,-,-,2938.6000,2938.4000,2938.2000,2937.2000,2937.0000,2941.4000,2941.6000,2942.4000,2943.4000,2946.6000,1,3,1,1,1,1,1,2,1,1
SF,IH2006,2019-11-18 09:34:34.500,2939.6000,1640,0,27396300.000,0,-,-,-,-,2938.8000,2938.6000,2938.2000,2937.2000,2937.0000,2941.4000,2941.6000,2942.4000,2943.4000,2946.6000,2,1,1,1,1,1,1,2,1,1
SF,IH2006,2019-11-18 09:34:36.000,2939.6000,1640,0,27396300.000,0,-,-,-,-,2938.8000,2938.2000,2937.2000,2937.0000,2936.6000,2941.4000,2941.6000,2942.4000,2943.4000,2946.6000,2,1,1,1,1,1,1,2,1,1
SF,IH2006,2019-11-18 09:34:37.000,2938.8000,1639,-1,28277940.000,1,0,1,双平,S,2938.8000,2938.2000,2937.2000,2937.0000,2936.6000,2941.4000,2941.6000,2942.4000,2943.4000,2946.6000,1,1,1,1,1,1,1,2,1,1
SF,IH2006,2019-11-18 09:34:37.500,2938.8000,1639,0,28277940.000,0,-,-,-,-,2939.0000,2938.2000,2937.2000,2937.0000,2936.6000,2941.4000,2941.6000,2942.4000,2943.4000,2946.6000,1,1,1,1,1,1,1,2,1,1
SF,IH2006,2019-11-18 09:34:40.500,2938.8000,1639,0,28277940.000,0,-,-,-,-,2939.2000,2939.0000,2938.2000,2937.2000,2937.0000,2941.4000,2941.6000,2942.4000,2943.4000,2946.6000,1,1,1,1,1,1,1,2,1,1
SF,IH2006,2019-11-18 09:34:41.000,2938.8000,1639,0,28277940.000,0,-,-,-,-,2939.2000,2938.2000,2937.2000,2937.0000,2936.6000,2941.4000,2941.6000,2942.4000,2943.4000,2946.6000,1,1,1,1,1,1,1,2,1,1
SF,IH2006,2019-11-18 09:34:47.000,2938.8000,1639,0,28277940.000,0,-,-,-,-,2939.2000,2938.2000,2937.2000,2937.0000,2936.6000,2941.4000,2941.6000,2942.4000,2943.4000,2946.6000,2,1,1,1,1,1,1,2,1,1
SF,IH2006,2019-11-18 09:34:51.500,2938.8000,1639,0,28277940.000,0,-,-,-,-,2939.4000,2939.2000,2938.2000,2937.2000,2937.0000,2941.4000,2941.6000,2942.4000,2943.4000,2946.6000,1,1,1,1,1,1,1,2,1,1
SF,IH2006,2019-11-18 09:34:52.000,2938.8000,1639,0,28277940.000,0,-,-,-,-,2939.6000,2939.4000,2938.2000,2937.2000,2937.0000,2941.6000,2942.4000,2943.4000,2946.6000,2950.0000,2,1,1,1,1,1,1,1,1,3
SF,IH2006,2019-11-18 09:34:52.500,2938.8000,1639,0,28277940.000,0,-,-,-,-,2939.6000,2939.4000,2938.2000,2937.2000,2937.0000,2942.4000,2943.4000,2946.6000,2950.0000,2952.2000,2,1,1,1,1,1,1,1,3,1
SF,IH2006,2019-11-18 09:34:53.000,2938.8000,1639,0,28277940.000,0,-,-,-,-,2939.6000,2938.2000,2937.2000,2937.0000,2936.6000,2942.0000,2942.2000,2942.4000,2943.4000,2946.6000,2,1,1,1,1,1,1,1,1,1
SF,IH2006,2019-11-18 09:34:53.500,2938.8000,1639,0,28277940.000,0,-,-,-,-,2939.6000,2938.2000,2937.2000,2937.0000,2936.6000,2941.8000,2942.0000,2942.4000,2943.4000,2946.6000,2,1,1,1,1,1,1,1,1,1
SF,IH2006,2019-11-18 09:34:56.000,2938.8000,1639,0,28277940.000,0,-,-,-,-,2939.6000,2938.2000,2937.2000,2937.0000,2936.6000,2941.8000,2942.0000,2942.4000,2943.4000,2946.6000,1,1,1,1,1,1,1,1,1,1
SF,IH2006,2019-11-18 09:34:57.000,2938.8000,1639,0,28277940.000,0,-,-,-,-,2940.0000,2939.6000,2938.2000,2937.2000,2937.0000,2941.8000,2942.0000,2942.4000,2943.4000,2946.6000,1,1,1,1,1,1,1,1,1,1
SF,IH2006,2019-11-18 09:34:57.500,2938.8000,1639,0,28277940.000,0,-,-,-,-,2940.0000,2938.2000,2937.2000,2937.0000,2936.6000,2941.8000,2942.0000,2942.4000,2943.4000,2946.6000,1,1,1,1,1,1,1,1,1,1
SF,IH2006,2019-11-18 09:34:58.000,2938.8000,1639,0,28277940.000,0,-,-,-,-,2940.0000,2938.2000,2937.2000,2937.0000,2936.6000,2941.8000,2942.0000,2942.4000,2943.4000,2946.6000,1,1,1,1,1,1,1,1,1,1
SF,IH2006,2019-11-18 09:34:58.500,2938.8000,1639,0,28277940.000,0,-,-,-,-,2940.0000,2938.2000,2937.2000,2937.0000,2936.6000,2941.8000,2942.0000,2942.4000,2943.4000,2946.6000,1,1,1,1,1,1,1,1,1,1
SF,IH2006,2019-11-18 09:34:59.000,2938.8000,1639,0,28277940.000,0,-,-,-,-,2940.0000,2938.2000,2937.2000,2937.0000,2936.6000,2941.6000,2941.8000,2942.0000,2942.4000,2943.4000,1,1,1,1,1,1,1,1,1,1
SF,IH2006,2019-11-18 09:34:59.500,2938.8000,1639,0,28277940.000,0,-,-,-,-,2940.0000,2938.2000,2937.2000,2937.0000,2936.6000,2941.4000,2942.4000,2943.4000,2946.6000,2950.0000,1,1,1,1,1,2,1,1,1,3
SF,IH2006,2019-11-18 09:35:00.000,2938.8000,1639,0,28277940.000,0,-,-,-,-,2940.0000,2938.2000,2937.2000,2937.0000,2936.6000,2941.2000,2941.4000,2942.4000,2943.4000,2946.6000,1,1,1,1,1,1,2,1,1,1
SF,IH2006,2019-11-18 09:35:00.500,2938.8000,1639,0,28277940.000,0,-,-,-,-,2940.0000,2938.2000,2937.2000,2937.0000,2936.6000,2941.0000,2941.2000,2942.4000,2943.4000,2946.6000,1,1,1,1,1,1,1,1,1,1
SF,IH2006,2019-11-18 09:35:01.000,2940.0000,1638,-1,29159940.000,1,0,1,双平,S,2938.2000,2937.2000,2937.0000,2936.6000,2936.0000,2941.0000,2941.2000,2942.4000,2943.4000,2946.6000,1,1,1,1,2,1,1,1,1,1
SF,IH2006,2019-11-18 09:35:01.500,2940.0000,1638,0,29159940.000,0,-,-,-,-,2938.4000,2938.2000,2937.2000,2937.0000,2936.6000,2940.0000,2941.0000,2941.2000,2942.4000,2943.4000,1,1,1,1,1,2,1,1,1,1
SF,IH2006,2019-11-18 09:35:02.000,2940.0000,1638,0,29159940.000,0,-,-,-,-,2938.4000,2938.2000,2937.2000,2937.0000,2936.6000,2940.0000,2941.2000,2942.4000,2943.4000,2946.6000,1,1,1,1,1,2,1,1,1,1
SF,IH2006,2019-11-18 09:35:02.500,2940.0000,1638,0,29159940.000,0,-,-,-,-,2938.4000,2938.2000,2937.2000,2937.0000,2936.6000,2940.0000,2942.4000,2943.4000,2946.6000,2950.0000,1,1,1,1,1,2,1,1,1,3
SF,IH2006,2019-11-18 09:35:03.000,2940.0000,1638,0,29159940.000,0,-,-,-,-,2938.4000,2938.2000,2937.2000,2937.0000,2936.6000,2939.8000,2940.0000,2942.4000,2943.4000,2946.6000,1,1,1,1,1,1,2,1,1,1
SF,IH2006,2019-11-18 09:35:05.500,2938.4000,1637,-1,30041460.000,1,0,1,双平,S,2938.2000,2937.2000,2937.0000,2936.8000,2936.6000,2939.8000,2940.0000,2942.4000,2943.4000,2946.6000,1,1,1,1,1,2,2,1,1,1
SF,IH2006,2019-11-18 09:35:06.000,2938.4000,1637,0,30041460.000,0,-,-,-,-,2938.4000,2938.2000,2937.2000,2937.0000,2936.6000,2939.8000,2940.0000,2942.4000,2943.4000,2946.6000,1,1,1,1,1,2,2,1,1,1
SF,IH2006,2019-11-18 09:35:06.500,2938.4000,1637,0,30041460.000,0,-,-,-,-,2938.4000,2937.2000,2937.0000,2936.6000,2936.0000,2939.8000,2940.0000,2942.4000,2943.4000,2946.6000,1,1,1,1,2,2,2,1,1,1
SF,IH2006,2019-11-18 09:35:13.000,2939.8000,1636,-1,31805340.000,2,0,2,多平,S,2938.4000,2938.2000,2937.2000,2937.0000,2936.6000,2940.0000,2941.0000,2942.4000,2943.4000,2946.6000,1,1,1,1,1,2,1,1,1,1
SF,IH2006,2019-11-18 09:35:13.500,2939.8000,1636,0,31805340.000,0,-,-,-,-,2940.0000,2939.8000,2938.6000,2938.4000,2937.2000,2942.4000,2943.4000,2946.6000,2950.0000,2952.2000,1,1,2,1,1,1,1,1,3,1
SF,IH2006,2019-11-18 09:35:14.000,2939.8000,1636,0,31805340.000,0,-,-,-,-,2939.8000,2938.6000,2938.4000,2937.2000,2937.0000,2941.2000,2942.0000,2942.2000,2942.4000,2943.4000,1,1,1,1,1,1,3,1,1,1
SF,IH2006,2019-11-18 09:35:14.500,2939.8000,1636,0,31805340.000,0,-,-,-,-,2939.8000,2938.6000,2938.4000,2937.2000,2937.0000,2941.0000,2942.4000,2943.4000,2946.6000,2950.0000,1,1,1,1,1,1,1,1,1,3
SF,IH2006,2019-11-18 09:35:15.000,2939.8000,1636,0,31805340.000,0,-,-,-,-,2938.6000,2938.4000,2937.2000,2937.0000,2936.6000,2941.0000,2942.4000,2943.4000,2946.6000,2950.0000,1,1,1,1,1,1,1,1,1,3
SF,IH2006,2019-11-18 09:35:15.500,2939.8000,1636,0,31805340.000,0,-,-,-,-,2938.8000,2938.6000,2938.4000,2937.2000,2937.0000,2940.8000,2941.0000,2942.4000,2943.4000,2946.6000,1,1,1,1,1,1,1,1,1,1
SF,IH2006,2019-11-18 09:35:16.000,2939.8000,1636,0,31805340.000,0,-,-,-,-,2938.8000,2938.6000,2938.4000,2937.2000,2937.0000,2940.6000,2942.4000,2943.4000,2946.6000,2950.0000,1,1,1,1,1,1,1,1,1,3
SF,IH2006,2019-11-18 09:35:19.000,2939.8000,1636,0,31805340.000,0,-,-,-,-,2938.8000,2938.6000,2938.4000,2937.2000,2937.0000,2940.6000,2942.4000,2943.4000,2946.6000,2950.0000,2,1,1,1,1,1,1,1,1,3
SF,IH2006,2019-11-18 09:35:19.500,2939.8000,1636,0,31805340.000,0,-,-,-,-,2938.8000,2938.6000,2938.4000,2937.2000,2937.0000,2940.4000,2940.6000,2942.4000,2943.4000,2946.6000,1,1,1,1,1,1,1,1,1,1
SF,IH2006,2019-11-18 09:35:20.000,2939.8000,1636,0,31805340.000,0,-,-,-,-,2938.8000,2938.6000,2938.4000,2937.2000,2937.0000,2940.2000,2942.4000,2943.4000,2946.6000,2950.0000,1,1,1,1,1,1,1,1,1,3
SF,IH2006,2019-11-18 09:35:20.500,2939.8000,1636,0,31805340.000,0,-,-,-,-,2938.8000,2938.4000,2937.2000,2937.0000,2936.6000,2940.2000,2942.4000,2943.4000,2946.6000,2950.0000,1,1,1,1,1,1,1,1,1,3
SF,IH2006,2019-11-18 09:35:23.500,2940.2000,1635,-1,32687400.000,1,0,1,双平,S,2939.4000,2938.8000,2938.4000,2937.2000,2937.0000,2942.2000,2942.4000,2943.4000,2946.6000,2950.0000,1,1,1,1,1,1,1,1,1,3
SF,IH2006,2019-11-18 09:35:24.000,2940.2000,1635,0,32687400.000,0,-,-,-,-,2939.6000,2938.8000,2938.4000,2937.2000,2937.0000,2942.2000,2942.4000,2943.4000,2946.6000,2950.0000,1,1,1,1,1,1,1,1,1,3
SF,IH2006,2019-11-18 09:35:24.500,2940.2000,1635,0,32687400.000,0,-,-,-,-,2939.6000,2939.0000,2938.8000,2938.4000,2937.2000,2941.6000,2942.2000,2942.4000,2943.4000,2946.6000,1,1,1,1,1,1,1,1,1,1
SF,IH2006,2019-11-18 09:35:25.000,2940.2000,1635,0,32687400.000,0,-,-,-,-,2939.6000,2939.0000,2938.8000,2938.4000,2937.2000,2941.6000,2942.4000,2943.4000,2946.6000,2950.0000,1,1,1,1,1,1,1,1,1,3
SF,IH2006,2019-11-18 09:35:27.500,2940.2000,1635,0,32687400.000,0,-,-,-,-,2940.0000,2939.6000,2939.0000,2938.8000,2938.4000,2941.6000,2942.4000,2943.4000,2946.6000,2950.0000,1,1,1,1,1,1,1,1,1,3
SF,IH2006,2019-11-18 09:35:28.000,2940.2000,1635,0,32687400.000,0,-,-,-,-,2940.0000,2939.0000,2938.8000,2938.4000,2937.2000,2941.6000,2942.4000,2943.4000,2946.6000,2950.0000,1,1,1,1,1,1,1,1,1,3
SF,IH2006,2019-11-18 09:35:33.500,2940.2000,1635,0,32687400.000,0,-,-,-,-,2940.0000,2939.0000,2938.4000,2937.2000,2937.0000,2941.6000,2942.4000,2943.4000,2946.6000,2950.0000,1,1,1,1,1,1,1,1,1,3
SF,IH2006,2019-11-18 09:35:38.000,2940.2000,1635,0,32687400.000,0,-,-,-,-,2940.0000,2939.0000,2938.4000,2937.2000,2937.0000,2941.6000,2942.4000,2943.4000,2946.6000,2950.0000,2,1,1,1,1,1,1,1,1,3
SF,IH2006,2019-11-18 09:35:38.500,2940.2000,1635,0,32687400.000,0,-,-,-,-,2940.2000,2940.0000,2939.0000,2938.4000,2937.2000,2942.4000,2943.4000,2946.6000,2950.0000,2952.2000,2,2,1,1,1,1,1,1,3,1
SF,IH2006,2019-11-18 09:35:39.000,2940.2000,1635,0,32687400.000,0,-,-,-,-,2940.4000,2940.0000,2939.0000,2938.4000,2937.2000,2942.0000,2942.2000,2942.4000,2943.4000,2946.6000,1,2,1,1,1,1,1,1,1,1
SF,IH2006,2019-11-18 09:35:39.500,2940.2000,1635,0,32687400.000,0,-,-,-,-,2940.4000,2940.0000,2939.0000,2938.4000,2937.2000,2942.0000,2942.4000,2943.4000,2946.6000,2950.0000,1,2,1,1,1,1,1,1,1,3
SF,IH2006,2019-11-18 09:35:43.000,2940.2000,1635,0,32687400.000,0,-,-,-,-,2940.4000,2940.2000,2940.0000,2939.0000,2938.4000,2942.0000,2942.4000,2943.4000,2946.6000,2950.0000,1,1,2,1,1,1,1,1,1,3
SF,IH2006,2019-11-18 09:35:49.000,2940.2000,1635,0,32687400.000,0,-,-,-,-,2940.4000,2940.2000,2940.0000,2939.0000,2938.4000,2942.0000,2943.4000,2946.6000,2950.0000,2952.2000,1,1,1,1,1,1,1,1,3,1
SF,IH2006,2019-11-18 09:35:49.500,2940.2000,1635,0,32687400.000,0,-,-,-,-,2940.4000,2940.2000,2940.0000,2939.0000,2938.4000,2943.4000,2946.6000,2950.0000,2952.2000,2955.0000,1,1,1,1,1,1,1,3,1,1
SF,IH2006,2019-11-18 09:35:50.000,2940.2000,1635,0,32687400.000,0,-,-,-,-,2940.6000,2940.4000,2940.2000,2940.0000,2939.0000,2942.8000,2943.2000,2943.4000,2946.6000,2950.0000,1,1,1,1,1,1,1,1,1,3
SF,IH2006,2019-11-18 09:35:50.500,2940.2000,1635,0,32687400.000,0,-,-,-,-,2940.8000,2940.2000,2940.0000,2939.0000,2938.4000,2943.4000,2946.6000,2950.0000,2952.2000,2955.0000,1,1,1,1,1,1,1,3,1,1
SF,IH2006,2019-11-18 09:35:51.000,2940.2000,1635,0,32687400.000,0,-,-,-,-,2940.8000,2940.2000,2940.0000,2939.0000,2938.4000,2942.8000,2943.2000,2943.4000,2946.6000,2950.0000,1,1,1,1,1,1,1,1,1,3
SF,IH2006,2019-11-18 09:35:51.500,2940.2000,1635,0,32687400.000,0,-,-,-,-,2940.8000,2940.2000,2940.0000,2939.0000,2938.4000,2942.8000,2943.4000,2946.6000,2950.0000,2952.2000,1,1,1,1,1,1,1,1,3,1
SF,IH2006,2019-11-18 09:35:56.500,2940.2000,1635,0,32687400.000,0,-,-,-,-,2940.8000,2940.2000,2939.0000,2938.4000,2937.2000,2942.8000,2943.4000,2946.6000,2950.0000,2952.2000,1,1,1,1,1,1,1,1,3,1
SF,IH2006,2019-11-18 09:35:57.000,2940.2000,1635,0,32687400.000,0,-,-,-,-,2940.8000,2940.2000,2939.0000,2938.4000,2937.2000,2942.8000,2946.6000,2950.0000,2952.2000,2955.0000,1,1,1,1,1,1,1,3,1,1
SF,IH2006,2019-11-18 09:35:58.000,2942.8000,1635,0,33570240.000,1,0,1,多换,S,2940.8000,2940.2000,2939.0000,2938.4000,2937.2000,2946.6000,2950.0000,2952.2000,2955.0000,2956.0000,1,1,1,1,1,1,3,1,1,1
SF,IH2006,2019-11-18 09:35:58.500,2942.8000,1635,0,33570240.000,0,-,-,-,-,2941.6000,2940.8000,2940.2000,2939.0000,2938.4000,2945.2000,2946.4000,2946.6000,2950.0000,2950.4000,1,1,1,1,1,3,2,1,3,5
SF,IH2006,2019-11-18 09:35:59.000,2942.8000,1635,0,33570240.000,0,-,-,-,-,2941.8000,2941.6000,2940.2000,2939.0000,2938.4000,2945.0000,2945.2000,2946.4000,2946.6000,2950.0000,1,1,1,1,1,2,3,2,1,3
SF,IH2006,2019-11-18 09:35:59.500,2942.8000,1635,0,33570240.000,0,-,-,-,-,2941.8000,2941.6000,2940.2000,2939.0000,2938.4000,2944.8000,2945.0000,2946.4000,2946.6000,2950.0000,1,1,1,1,1,2,2,2,1,3
SF,IH2006,2019-11-18 09:36:00.000,2942.8000,1635,0,33570240.000,0,-,-,-,-,2941.8000,2940.2000,2939.0000,2938.4000,2937.2000,2944.6000,2944.8000,2945.0000,2946.4000,2946.6000,1,1,1,1,1,2,2,2,2,1
SF,IH2006,2019-11-18 09:36:00.500,2942.8000,1635,0,33570240.000,0,-,-,-,-,2941.8000,2940.2000,2939.0000,2938.4000,2937.2000,2944.4000,2944.6000,2945.0000,2946.4000,2946.6000,1,1,1,1,1,2,2,2,2,1
SF,IH2006,2019-11-18 09:36:01.000,2942.8000,1635,0,33570240.000,0,-,-,-,-,2941.8000,2940.2000,2939.0000,2938.4000,2937.2000,2944.2000,2944.4000,2944.6000,2945.0000,2946.4000,1,1,1,1,1,1,2,2,2,2
SF,IH2006,2019-11-18 09:36:01.500,2942.8000,1635,0,33570240.000,0,-,-,-,-,2941.8000,2940.2000,2939.0000,2938.4000,2937.2000,2944.0000,2944.2000,2944.6000,2945.0000,2946.4000,1,1,1,1,1,1,1,2,2,2
SF,IH2006,2019-11-18 09:36:02.000,2942.8000,1635,0,33570240.000,0,-,-,-,-,2942.0000,2941.8000,2940.2000,2939.0000,2938.4000,2944.0000,2944.2000,2944.6000,2945.0000,2946.4000,1,1,1,1,1,1,1,2,2,2
SF,IH2006,2019-11-18 09:36:02.500,2942.8000,1635,0,33570240.000,0,-,-,-,-,2942.0000,2940.2000,2939.0000,2938.4000,2937.2000,2944.0000,2944.2000,2944.6000,2945.0000,2946.4000,1,1,1,1,1,1,1,2,2,2
SF,IH2006,2019-11-18 09:36:03.000,2942.8000,1635,0,33570240.000,0,-,-,-,-,2940.2000,2939.0000,2938.4000,2937.2000,2937.0000,2943.8000,2944.0000,2944.2000,2944.6000,2945.0000,1,1,1,1,1,1,1,1,2,2
SF,IH2006,2019-11-18 09:36:03.500,2942.8000,1635,0,33570240.000,0,-,-,-,-,2941.0000,2940.4000,2940.2000,2940.0000,2939.0000,2943.6000,2943.8000,2944.2000,2944.6000,2945.0000,1,3,1,4,1,1,1,1,2,2
SF,IH2006,2019-11-18 09:36:04.000,2942.8000,1635,0,33570240.000,0,-,-,-,-,2941.2000,2941.0000,2940.2000,2940.0000,2939.0000,2943.4000,2943.6000,2943.8000,2944.2000,2944.6000,1,1,1,1,1,1,1,1,1,2
SF,IH2006,2019-11-18 09:36:04.500,2942.8000,1635,0,33570240.000,0,-,-,-,-,2941.2000,2941.0000,2940.2000,2940.0000,2939.0000,2943.2000,2943.4000,2943.8000,2944.2000,2944.6000,1,1,1,1,1,1,1,1,1,2
SF,IH2006,2019-11-18 09:36:05.000,2942.8000,1635,0,33570240.000,0,-,-,-,-,2941.2000,2940.2000,2939.0000,2938.4000,2937.2000,2943.2000,2943.4000,2943.8000,2944.2000,2944.6000,1,1,1,1,1,1,1,1,1,2
SF,IH2006,2019-11-18 09:36:05.500,2942.8000,1635,0,33570240.000,0,-,-,-,-,2941.2000,2940.2000,2939.0000,2938.4000,2937.2000,2943.2000,2943.4000,2943.8000,2944.2000,2944.6000,1,1,1,1,1,1,1,1,1,2
SF,IH2006,2019-11-18 09:36:06.000,2942.8000,1635,0,33570240.000,0,-,-,-,-,2941.2000,2940.2000,2939.0000,2938.4000,2937.2000,2943.2000,2943.4000,2943.8000,2944.2000,2944.6000,1,1,1,1,1,1,1,1,1,2
SF,IH2006,2019-11-18 09:36:06.500,2942.8000,1635,0,33570240.000,0,-,-,-,-,2941.2000,2940.2000,2939.0000,2938.4000,2937.2000,2943.2000,2943.4000,2943.8000,2944.2000,2944.6000,1,1,1,1,1,1,1,1,1,2
SF,IH2006,2019-11-18 09:36:07.000,2942.8000,1635,0,33570240.000,0,-,-,-,-,2941.2000,2940.2000,2939.0000,2938.4000,2937.2000,2943.2000,2943.4000,2943.8000,2944.2000,2944.6000,1,1,1,1,1,1,1,1,1,2
SF,IH2006,2019-11-18 09:36:16.000,2942.8000,1635,0,33570240.000,0,-,-,-,-,2941.2000,2940.2000,2939.0000,2938.4000,2937.2000,2943.0000,2943.2000,2943.4000,2943.8000,2944.2000,1,1,1,1,1,1,1,1,1,1
SF,IH2006,2019-11-18 09:36:16.500,2942.8000,1635,0,33570240.000,0,-,-,-,-,2941.2000,2940.2000,2939.0000,2938.4000,2937.2000,2943.4000,2943.8000,2944.2000,2944.6000,2945.0000,1,1,1,1,1,1,1,1,2,1
SF,IH2006,2019-11-18 09:36:20.500,2942.8000,1635,0,33570240.000,0,-,-,-,-,2941.2000,2940.2000,2939.0000,2938.4000,2937.2000,2943.2000,2943.4000,2943.8000,2944.2000,2944.6000,1,1,1,1,1,1,1,1,1,2
SF,IH2006,2019-11-18 09:36:21.000,2942.8000,1635,0,33570240.000,0,-,-,-,-,2941.2000,2940.2000,2939.0000,2938.4000,2937.2000,2943.0000,2943.4000,2943.8000,2944.2000,2944.6000,1,1,1,1,1,2,1,1,1,2
SF,IH2006,2019-11-18 09:36:24.500,2942.8000,1635,0,33570240.000,0,-,-,-,-,2941.2000,2940.2000,2939.0000,2938.4000,2937.2000,2943.0000,2943.4000,2943.8000,2944.2000,2944.6000,1,1,1,1,1,1,1,1,1,2
SF,IH2006,2019-11-18 09:36:25.000,2942.8000,1635,0,33570240.000,0,-,-,-,-,2941.2000,2940.2000,2939.0000,2938.4000,2937.2000,2943.4000,2943.8000,2944.2000,2944.6000,2945.0000,1,1,1,1,1,1,1,1,2,1
SF,IH2006,2019-11-18 09:36:26.000,2942.8000,1635,0,33570240.000,0,-,-,-,-,2941.2000,2940.2000,2939.0000,2938.4000,2937.2000,2943.0000,2943.4000,2943.8000,2944.2000,2944.6000,1,1,1,1,1,1,1,1,1,2
SF,IH2006,2019-11-18 09:36:26.500,2942.8000,1635,0,33570240.000,0,-,-,-,-,2941.4000,2941.2000,2940.2000,2939.0000,2938.4000,2943.0000,2943.4000,2943.8000,2944.2000,2944.6000,1,1,1,1,1,1,1,1,1,2
SF,IH2006,2019-11-18 09:36:27.000,2942.8000,1635,0,33570240.000,0,-,-,-,-,2941.6000,2941.4000,2940.2000,2939.0000,2938.4000,2943.0000,2943.4000,2943.8000,2944.2000,2944.6000,1,1,1,1,1,1,1,1,1,2
SF,IH2006,2019-11-18 09:36:27.500,2943.0000,1635,0,34453140.000,1,0,1,多换,S,2941.6000,2941.4000,2940.2000,2939.0000,2938.4000,2943.4000,2943.8000,2944.2000,2944.6000,2945.0000,1,1,1,1,1,1,1,1,2,1
SF,IH2006,2019-11-18 09:36:28.000,2943.0000,1635,0,34453140.000,0,-,-,-,-,2941.6000,2941.4000,2940.2000,2939.0000,2938.4000,2943.4000,2943.8000,2944.2000,2944.6000,2945.0000,1,1,1,1,1,1,1,1,2,1
SF,IH2006,2019-11-18 09:36:28.500,2943.0000,1635,0,34453140.000,0,-,-,-,-,2941.6000,2940.2000,2939.0000,2938.4000,2937.2000,2943.4000,2943.8000,2944.2000,2944.6000,2945.0000,1,1,1,1,1,1,1,1,2,1
SF,IH2006,2019-11-18 09:36:30.500,2943.0000,1635,0,34453140.000,0,-,-,-,-,2941.6000,2940.2000,2939.0000,2938.4000,2937.2000,2943.8000,2944.2000,2944.6000,2945.0000,2946.4000,1,1,1,1,1,1,1,2,1,1
SF,IH2006,2019-11-18 09:36:36.000,2943.0000,1635,0,34453140.000,0,-,-,-,-,2941.6000,2940.2000,2940.0000,2939.0000,2938.4000,2943.8000,2944.2000,2944.6000,2945.0000,2946.4000,1,1,1,1,1,1,1,2,1,1
SF,IH2006,2019-11-18 09:36:39.000,2943.0000,1635,0,34453140.000,0,-,-,-,-,2941.6000,2940.2000,2940.0000,2939.0000,2938.4000,2943.6000,2943.8000,2944.2000,2944.6000,2945.0000,1,1,1,1,1,1,1,1,2,1
SF,IH2006,2019-11-18 09:36:39.500,2943.0000,1635,0,34453140.000,0,-,-,-,-,2941.6000,2940.2000,2940.0000,2939.0000,2938.4000,2943.4000,2943.6000,2943.8000,2944.2000,2944.6000,1,1,1,1,1,2,1,1,1,2
SF,IH2006,2019-11-18 09:36:40.000,2943.0000,1635,0,34453140.000,0,-,-,-,-,2941.6000,2940.2000,2940.0000,2939.0000,2938.4000,2943.4000,2943.8000,2944.2000,2944.6000,2945.0000,1,1,1,1,1,2,1,1,2,1
SF,IH2006,2019-11-18 09:36:42.000,2943.0000,1635,0,34453140.000,0,-,-,-,-,2941.6000,2940.2000,2940.0000,2939.0000,2938.4000,2943.4000,2943.8000,2944.2000,2944.6000,2945.0000,1,1,1,1,1,1,1,1,2,1
SF,IH2006,2019-11-18 09:36:42.500,2943.0000,1635,0,34453140.000,0,-,-,-,-,2941.6000,2940.2000,2940.0000,2939.0000,2938.4000,2943.8000,2944.2000,2944.6000,2945.0000,2946.4000,1,1,1,1,1,1,1,2,1,1
SF,IH2006,2019-11-18 09:36:43.000,2943.0000,1635,0,34453140.000,0,-,-,-,-,2941.8000,2941.6000,2940.2000,2940.0000,2939.0000,2943.8000,2944.2000,2944.6000,2945.0000,2946.4000,1,1,1,1,1,1,1,2,1,1
SF,IH2006,2019-11-18 09:36:43.500,2943.0000,1635,0,34453140.000,0,-,-,-,-,2942.0000,2941.8000,2940.2000,2940.0000,2939.0000,2943.8000,2944.2000,2944.6000,2945.0000,2946.4000,2,1,1,1,1,1,1,2,1,1
SF,IH2006,2019-11-18 09:36:44.000,2943.0000,1635,0,34453140.000,0,-,-,-,-,2942.0000,2940.2000,2940.0000,2939.0000,2938.4000,2943.8000,2944.2000,2944.6000,2945.0000,2946.4000,2,1,1,1,1,1,1,2,1,1
SF,IH2006,2019-11-18 09:36:44.500,2943.0000,1635,0,34453140.000,0,-,-,-,-,2942.2000,2942.0000,2940.2000,2940.0000,2939.0000,2943.8000,2944.2000,2944.6000,2945.0000,2946.4000,1,2,1,1,1,1,1,2,1,1
SF,IH2006,2019-11-18 09:36:45.000,2943.0000,1635,0,34453140.000,0,-,-,-,-,2942.4000,2940.2000,2940.0000,2939.0000,2938.4000,2943.8000,2944.2000,2944.6000,2945.0000,2946.4000,1,1,1,1,1,1,1,2,1,1
SF,IH2006,2019-11-18 09:36:48.500,2943.0000,1635,0,34453140.000,0,-,-,-,-,2942.4000,2940.2000,2940.0000,2939.0000,2938.4000,2944.2000,2944.6000,2945.0000,2946.4000,2946.6000,1,1,1,1,1,1,1,1,1,1
SF,IH2006,2019-11-18 09:36:50.500,2943.0000,1635,0,34453140.000,0,-,-,-,-,2942.4000,2940.2000,2940.0000,2939.0000,2938.4000,2944.6000,2946.4000,2946.6000,2950.0000,2950.4000,1,1,1,1,1,1,1,1,3,5
SF,IH2006,2019-11-18 09:36:51.000,2943.0000,1635,0,34453140.000,0,-,-,-,-,2942.6000,2942.4000,2940.2000,2940.0000,2939.0000,2944.6000,2946.4000,2946.6000,2950.0000,2950.4000,1,1,1,1,1,1,1,1,3,5
SF,IH2006,2019-11-18 09:36:51.500,2943.0000,1635,0,34453140.000,0,-,-,-,-,2942.8000,2942.6000,2940.2000,2940.0000,2939.0000,2944.6000,2946.4000,2946.6000,2950.0000,2950.4000,1,2,1,1,1,1,1,1,3,5
SF,IH2006,2019-11-18 09:36:52.000,2943.0000,1635,0,34453140.000,0,-,-,-,-,2942.8000,2942.6000,2940.2000,2940.0000,2939.0000,2944.6000,2946.4000,2946.6000,2950.0000,2950.4000,1,1,1,1,1,1,1,1,3,5
SF,IH2006,2019-11-18 09:37:04.000,2943.0000,1635,0,34453140.000,0,-,-,-,-,2942.8000,2942.6000,2940.2000,2940.0000,2939.0000,2944.4000,2944.6000,2946.4000,2946.6000,2950.0000,1,1,1,1,1,1,1,1,1,3
SF,IH2006,2019-11-18 09:37:04.500,2943.0000,1635,0,34453140.000,0,-,-,-,-,2942.8000,2942.6000,2940.2000,2940.0000,2939.0000,2944.2000,2944.6000,2946.4000,2946.6000,2950.0000,1,1,1,1,1,1,1,1,1,3
SF,IH2006,2019-11-18 09:37:16.000,2943.0000,1635,0,34453140.000,0,-,-,-,-,2942.8000,2942.6000,2940.2000,2940.0000,2939.0000,2944.6000,2946.4000,2946.6000,2950.0000,2950.4000,1,1,1,1,1,1,1,1,3,5
SF,IH2006,2019-11-18 09:37:16.500,2943.0000,1635,0,34453140.000,0,-,-,-,-,2943.2000,2942.8000,2942.6000,2940.2000,2940.0000,2946.4000,2946.6000,2950.0000,2950.4000,2952.2000,1,1,1,1,1,1,1,3,5,1
SF,IH2006,2019-11-18 09:37:17.000,2943.0000,1635,0,34453140.000,0,-,-,-,-,2943.4000,2943.2000,2942.6000,2940.2000,2940.0000,2946.2000,2946.4000,2946.6000,2950.0000,2950.4000,1,1,1,1,1,3,1,1,3,5
SF,IH2006,2019-11-18 09:37:17.500,2943.0000,1635,0,34453140.000,0,-,-,-,-,2943.4000,2943.2000,2942.6000,2940.2000,2940.0000,2946.0000,2946.2000,2946.4000,2946.6000,2950.0000,1,1,1,1,1,1,3,1,1,3
SF,IH2006,2019-11-18 09:37:18.000,2943.0000,1635,0,34453140.000,0,-,-,-,-,2943.4000,2943.2000,2942.6000,2940.2000,2940.0000,2945.8000,2946.0000,2946.2000,2946.4000,2946.6000,1,1,1,1,1,1,1,1,1,1
SF,IH2006,2019-11-18 09:37:18.500,2943.0000,1635,0,34453140.000,0,-,-,-,-,2943.4000,2943.2000,2942.6000,2940.2000,2940.0000,2945.6000,2945.8000,2946.0000,2946.2000,2946.4000,1,1,1,1,1,1,1,1,1,1
SF,IH2006,2019-11-18 09:37:19.000,2943.0000,1635,0,34453140.000,0,-,-,-,-,2943.4000,2943.2000,2942.6000,2940.2000,2940.0000,2945.6000,2946.0000,2946.2000,2946.4000,2946.6000,1,1,1,1,1,1,1,1,1,1
SF,IH2006,2019-11-18 09:37:21.000,2943.0000,1635,0,34453140.000,0,-,-,-,-,2943.4000,2943.2000,2942.6000,2940.2000,2940.0000,2945.6000,2946.0000,2946.4000,2946.6000,2950.0000,1,1,1,1,1,1,1,1,1,3
SF,IH2006,2019-11-18 09:37:24.000,2943.0000,1635,0,34453140.000,0,-,-,-,-,2943.4000,2943.2000,2942.6000,2940.2000,2940.0000,2945.6000,2946.0000,2946.4000,2946.6000,2950.0000,1,1,1,1,1,1,1,1,1,3
SF,IH2006,2019-11-18 09:37:26.500,2943.0000,1635,0,34453140.000,0,-,-,-,-,2943.4000,2943.2000,2942.6000,2940.2000,2940.0000,2946.0000,2946.6000,2950.0000,2950.4000,2952.2000,1,1,1,1,1,1,1,3,5,1
SF,IH2006,2019-11-18 09:37:28.500,2943.0000,1635,0,34453140.000,0,-,-,-,-,2943.4000,2943.2000,2942.6000,2940.2000,2940.0000,2946.0000,2950.0000,2950.4000,2952.2000,2955.0000,1,1,1,1,1,1,3,5,1,1
SF,IH2006,2019-11-18 09:37:29.000,2943.0000,1635,0,34453140.000,0,-,-,-,-,2943.4000,2943.2000,2942.6000,2940.2000,2940.0000,2946.0000,2950.0000,2952.2000,2953.6000,2955.0000,1,1,1,1,1,1,3,1,5,1
SF,IH2006,2019-11-18 09:37:32.500,2943.0000,1635,0,34453140.000,0,-,-,-,-,2943.4000,2943.2000,2940.2000,2940.0000,2939.0000,2946.0000,2950.0000,2952.2000,2953.6000,2955.0000,1,1,1,1,1,1,3,1,5,1
SF,IH2006,2019-11-18 09:37:35.500,2943.0000,1635,0,34453140.000,0,-,-,-,-,2943.4000,2943.2000,2940.2000,2940.0000,2939.0000,2945.8000,2946.0000,2950.0000,2952.2000,2953.6000,1,1,1,1,1,1,1,3,1,5
SF,IH2006,2019-11-18 09:37:36.000,2943.0000,1635,0,34453140.000,0,-,-,-,-,2943.4000,2943.2000,2940.2000,2940.0000,2939.0000,2945.6000,2945.8000,2946.0000,2950.0000,2952.2000,1,1,1,1,1,2,1,1,3,1
SF,IH2006,2019-11-18 09:37:37.000,2943.0000,1635,0,34453140.000,0,-,-,-,-,2943.4000,2943.2000,2940.2000,2940.0000,2939.0000,2945.6000,2946.0000,2950.0000,2952.2000,2953.6000,1,1,1,1,1,2,1,3,1,5
SF,IH2006,2019-11-18 09:37:39.500,2943.0000,1635,0,34453140.000,0,-,-,-,-,2943.4000,2943.2000,2940.2000,2940.0000,2939.0000,2945.4000,2945.6000,2946.0000,2950.0000,2952.2000,1,1,1,1,1,1,2,1,3,1
SF,IH2006,2019-11-18 09:37:40.000,2943.0000,1635,0,34453140.000,0,-,-,-,-,2943.4000,2943.2000,2940.2000,2940.0000,2939.0000,2945.6000,2946.0000,2950.0000,2952.2000,2953.6000,1,1,1,1,1,1,1,3,1,5
SF,IH2006,2019-11-18 09:37:48.500,2943.0000,1635,0,34453140.000,0,-,-,-,-,2943.4000,2943.2000,2940.2000,2940.0000,2939.0000,2946.0000,2950.0000,2952.2000,2953.6000,2955.0000,1,1,1,1,1,1,3,1,5,1
SF,IH2006,2019-11-18 09:37:57.000,2943.0000,1635,0,34453140.000,0,-,-,-,-,2943.4000,2943.2000,2940.2000,2940.0000,2939.0000,2946.0000,2950.0000,2952.2000,2953.6000,2955.0000,1,1,1,1,1,2,3,1,5,1
SF,IH2006,2019-11-18 09:37:58.500,2943.0000,1635,0,34453140.000,0,-,-,-,-,2943.4000,2943.2000,2940.2000,2940.0000,2939.0000,2946.0000,2950.0000,2952.2000,2953.6000,2955.0000,1,1,1,1,1,1,3,1,5,1
SF,IH2006,2019-11-18 09:38:00.000,2943.0000,1635,0,34453140.000,0,-,-,-,-,2943.4000,2943.2000,2940.2000,2940.0000,2939.0000,2945.8000,2946.0000,2950.0000,2952.2000,2953.6000,1,1,1,1,1,1,1,3,1,5
SF,IH2006,2019-11-18 09:38:00.500,2943.0000,1635,0,34453140.000,0,-,-,-,-,2943.4000,2943.2000,2940.2000,2940.0000,2939.0000,2945.8000,2946.0000,2950.0000,2952.2000,2953.6000,1,1,1,1,1,1,1,3,1,5
SF,IH2006,2019-11-18 09:38:04.500,2943.4000,1634,-1,35336160.000,1,0,1,双平,S,2943.2000,2940.2000,2940.0000,2939.0000,2938.4000,2945.8000,2946.0000,2946.2000,2950.0000,2952.2000,2,1,1,1,1,1,1,1,3,1
SF,IH2006,2019-11-18 09:38:05.000,2943.4000,1634,0,35336160.000,0,-,-,-,-,2944.6000,2943.2000,2940.2000,2940.0000,2939.0000,2945.8000,2946.0000,2950.0000,2952.2000,2953.6000,1,2,1,1,1,1,1,3,1,5
SF,IH2006,2019-11-18 09:38:05.500,2943.4000,1634,0,35336160.000,0,-,-,-,-,2944.6000,2943.2000,2940.2000,2940.0000,2939.0000,2945.8000,2946.0000,2950.0000,2952.2000,2953.6000,1,1,1,1,1,1,1,3,1,5
SF,IH2006,2019-11-18 09:38:06.000,2943.4000,1634,0,35336160.000,0,-,-,-,-,2944.6000,2943.2000,2940.2000,2940.0000,2939.0000,2945.6000,2945.8000,2946.0000,2950.0000,2952.2000,1,1,1,1,1,1,1,1,3,1
SF,IH2006,2019-11-18 09:38:06.500,2943.4000,1634,0,35336160.000,0,-,-,-,-,2944.6000,2943.2000,2940.2000,2940.0000,2939.0000,2945.6000,2945.8000,2950.0000,2952.2000,2953.6000,1,1,1,1,1,1,1,3,1,5
SF,IH2006,2019-11-18 09:38:07.000,2944.6000,1634,0,36219540.000,1,0,1,多换,S,2943.2000,2940.2000,2940.0000,2939.0000,2938.4000,2945.6000,2945.8000,2950.0000,2952.2000,2953.6000,1,1,1,1,1,1,1,3,1,5
SF,IH2006,2019-11-18 09:38:07.500,2944.6000,1634,0,36219540.000,0,-,-,-,-,2943.4000,2943.2000,2940.2000,2940.0000,2939.0000,2945.6000,2945.8000,2950.0000,2952.2000,2953.6000,1,1,1,1,1,1,1,3,1,5
SF,IH2006,2019-11-18 09:38:14.500,2944.6000,1634,0,36219540.000,0,-,-,-,-,2943.4000,2943.2000,2940.2000,2940.0000,2939.0000,2945.4000,2945.6000,2945.8000,2950.0000,2952.2000,1,1,1,1,1,1,1,1,3,1
SF,IH2006,2019-11-18 09:38:15.000,2944.6000,1634,0,36219540.000,0,-,-,-,-,2943.4000,2943.2000,2940.2000,2940.0000,2939.0000,2945.2000,2945.8000,2950.0000,2952.2000,2953.6000,1,1,1,1,1,1,1,3,1,5
SF,IH2006,2019-11-18 09:38:22.000,2944.6000,1634,0,36219540.000,0,-,-,-,-,2943.4000,2943.2000,2940.2000,2940.0000,2939.0000,2945.2000,2945.8000,2950.0000,2952.2000,2953.6000,1,1,1,1,1,1,1,3,1,5
SF,IH2006,2019-11-18 09:38:38.000,2945.2000,1633,-1,37103100.000,1,0,1,双平,S,2943.4000,2943.2000,2940.2000,2940.0000,2939.0000,2946.8000,2950.0000,2952.2000,2953.6000,2955.0000,1,1,1,1,1,1,3,1,5,1
SF,IH2006,2019-11-18 09:38:38.500,2945.2000,1633,0,37103100.000,0,-,-,-,-,2943.4000,2943.2000,2940.2000,2940.0000,2939.0000,2946.6000,2946.8000,2950.0000,2952.2000,2953.6000,1,1,1,1,1,3,1,3,1,5
SF,IH2006,2019-11-18 09:38:39.000,2945.2000,1633,0,37103100.000,0,-,-,-,-,2943.4000,2943.2000,2940.2000,2940.0000,2939.0000,2946.6000,2950.0000,2952.2000,2953.6000,2955.0000,1,1,1,1,1,1,3,1,5,1
SF,IH2006,2019-11-18 09:38:39.500,2945.2000,1633,0,37103100.000,0,-,-,-,-,2943.4000,2943.2000,2940.2000,2940.0000,2939.0000,2946.6000,2950.0000,2952.2000,2953.6000,2955.0000,1,1,1,1,1,1,3,1,5,1
SF,IH2006,2019-11-18 09:38:40.000,2945.2000,1633,0,37103100.000,0,-,-,-,-,2943.4000,2943.2000,2940.8000,2940.2000,2940.0000,2950.0000,2952.2000,2953.6000,2955.0000,2956.0000,1,1,5,1,1,3,1,5,1,1
SF,IH2006,2019-11-18 09:38:40.500,2945.2000,1633,0,37103100.000,0,-,-,-,-,2943.4000,2943.2000,2940.8000,2940.2000,2940.0000,2948.4000,2949.8000,2950.0000,2952.2000,2953.6000,1,1,5,1,1,3,1,3,1,5
SF,IH2006,2019-11-18 09:38:41.000,2945.2000,1633,0,37103100.000,0,-,-,-,-,2943.4000,2943.2000,2940.2000,2940.0000,2939.0000,2948.2000,2948.4000,2949.8000,2950.0000,2952.2000,1,1,1,1,1,3,3,1,3,1
SF,IH2006,2019-11-18 09:38:41.500,2945.2000,1633,0,37103100.000,0,-,-,-,-,2943.4000,2943.2000,2940.2000,2940.0000,2939.0000,2948.0000,2948.2000,2949.8000,2950.0000,2952.2000,1,1,1,1,1,2,1,1,3,1
SF,IH2006,2019-11-18 09:38:42.000,2945.2000,1633,0,37103100.000,0,-,-,-,-,2943.4000,2943.2000,2940.2000,2940.0000,2939.0000,2947.8000,2948.0000,2948.2000,2949.8000,2950.0000,1,1,1,1,1,1,2,1,1,3
SF,IH2006,2019-11-18 09:38:42.500,2945.2000,1633,0,37103100.000,0,-,-,-,-,2943.4000,2943.2000,2940.2000,2940.0000,2939.0000,2947.6000,2947.8000,2948.2000,2949.8000,2950.0000,1,1,1,1,1,1,1,1,1,3
SF,IH2006,2019-11-18 09:38:43.500,2945.2000,1633,0,37103100.000,0,-,-,-,-,2943.4000,2943.2000,2940.2000,2940.0000,2939.0000,2947.4000,2947.6000,2947.8000,2948.2000,2949.8000,1,1,1,1,1,1,1,1,1,1
SF,IH2006,2019-11-18 09:38:44.000,2945.2000,1633,0,37103100.000,0,-,-,-,-,2943.4000,2943.2000,2940.2000,2940.0000,2939.0000,2947.8000,2948.2000,2949.8000,2950.0000,2952.2000,1,1,1,1,1,1,1,1,3,1
SF,IH2006,2019-11-18 09:38:48.000,2945.2000,1633,0,37103100.000,0,-,-,-,-,2943.6000,2943.4000,2943.2000,2940.2000,2940.0000,2947.8000,2948.2000,2949.8000,2950.0000,2952.2000,1,1,1,1,1,1,1,1,3,1
SF,IH2006,2019-11-18 09:38:48.500,2945.2000,1633,0,37103100.000,0,-,-,-,-,2944.4000,2943.6000,2940.2000,2940.0000,2939.0000,2947.6000,2947.8000,2948.2000,2949.8000,2950.0000,3,1,1,1,1,1,1,1,1,3
SF,IH2006,2019-11-18 09:38:49.000,2945.2000,1633,0,37103100.000,0,-,-,-,-,2946.0000,2944.4000,2943.6000,2940.2000,2940.0000,2948.2000,2949.8000,2950.0000,2952.2000,2953.6000,1,3,1,1,1,1,1,3,1,5
SF,IH2006,2019-11-18 09:38:49.500,2945.2000,1633,0,37103100.000,0,-,-,-,-,2946.2000,2946.0000,2940.2000,2940.0000,2939.0000,2948.2000,2949.8000,2950.0000,2952.2000,2953.6000,1,1,1,1,1,1,1,3,1,5
SF,IH2006,2019-11-18 09:38:50.000,2945.2000,1633,0,37103100.000,0,-,-,-,-,2946.2000,2946.0000,2940.2000,2940.0000,2939.0000,2949.8000,2950.0000,2952.2000,2953.6000,2955.0000,1,1,1,1,1,1,3,1,5,1
SF,IH2006,2019-11-18 09:38:50.500,2945.2000,1633,0,37103100.000,0,-,-,-,-,2946.2000,2946.0000,2940.2000,2940.0000,2939.0000,2949.6000,2949.8000,2950.0000,2952.2000,2953.6000,1,1,1,1,1,3,1,3,1,5
SF,IH2006,2019-11-18 09:38:51.000,2945.2000,1633,0,37103100.000,0,-,-,-,-,2946.2000,2946.0000,2940.2000,2940.0000,2939.0000,2949.4000,2949.6000,2949.8000,2950.0000,2952.2000,1,1,1,1,1,1,3,1,3,1
SF,IH2006,2019-11-18 09:38:51.500,2945.2000,1633,0,37103100.000,0,-,-,-,-,2946.2000,2946.0000,2940.2000,2940.0000,2939.0000,2949.2000,2949.4000,2949.6000,2949.8000,2950.0000,1,1,1,1,1,2,1,1,1,3
SF,IH2006,2019-11-18 09:38:52.000,2945.2000,1633,0,37103100.000,0,-,-,-,-,2946.2000,2946.0000,2940.2000,2940.0000,2939.0000,2949.0000,2949.4000,2949.6000,2949.8000,2950.0000,1,1,1,1,1,1,1,1,1,3
SF,IH2006,2019-11-18 09:38:52.500,2945.2000,1633,0,37103100.000,0,-,-,-,-,2946.2000,2946.0000,2940.2000,2940.0000,2939.0000,2950.0000,2952.2000,2955.0000,2956.0000,2956.8000,2,1,1,1,1,3,1,1,1,5
SF,IH2006,2019-11-18 09:38:53.000,2945.2000,1633,0,37103100.000,0,-,-,-,-,2946.2000,2940.2000,2940.0000,2939.0000,2938.4000,2949.8000,2950.0000,2952.2000,2955.0000,2956.0000,2,1,1,1,1,1,3,1,1,1
SF,IH2006,2019-11-18 09:38:53.500,2945.2000,1633,0,37103100.000,0,-,-,-,-,2947.4000,2946.2000,2940.2000,2940.0000,2939.0000,2949.8000,2950.0000,2952.2000,2955.0000,2956.0000,1,2,1,1,1,1,3,1,1,1
SF,IH2006,2019-11-18 09:38:54.000,2945.2000,1633,0,37103100.000,0,-,-,-,-,2947.6000,2947.4000,2946.2000,2940.2000,2940.0000,2949.8000,2950.0000,2952.2000,2955.0000,2956.0000,1,1,1,1,1,1,3,1,1,1
SF,IH2006,2019-11-18 09:38:54.500,2945.2000,1633,0,37103100.000,0,-,-,-,-,2947.6000,2947.4000,2946.2000,2940.2000,2940.0000,2949.8000,2950.0000,2952.2000,2955.0000,2956.0000,1,1,1,1,1,1,3,1,1,1
SF,IH2006,2019-11-18 09:38:55.000,2945.2000,1633,0,37103100.000,0,-,-,-,-,2947.6000,2947.4000,2946.2000,2940.2000,2940.0000,2949.6000,2949.8000,2950.0000,2952.2000,2955.0000,1,1,1,1,1,1,1,3,1,1
SF,IH2006,2019-11-18 09:38:55.500,2945.2000,1633,0,37103100.000,0,-,-,-,-,2947.6000,2947.4000,2946.2000,2940.2000,2940.0000,2949.4000,2949.6000,2950.0000,2952.2000,2955.0000,1,1,1,1,1,1,1,3,1,1
SF,IH2006,2019-11-18 09:38:58.500,2945.2000,1633,0,37103100.000,0,-,-,-,-,2947.6000,2947.4000,2940.2000,2940.0000,2939.0000,2949.4000,2949.6000,2950.0000,2952.2000,2955.0000,1,1,1,1,1,1,1,3,1,1
SF,IH2006,2019-11-18 09:38:59.000,2945.2000,1633,0,37103100.000,0,-,-,-,-,2940.2000,2940.0000,2939.0000,2938.4000,2937.6000,2949.2000,2949.4000,2949.6000,2950.0000,2952.2000,1,1,1,1,5,1,1,1,3,1
SF,IH2006,2019-11-18 09:38:59.500,2945.2000,1633,0,37103100.000,0,-,-,-,-,2946.0000,2944.8000,2942.8000,2942.2000,2941.6000,2949.0000,2949.2000,2949.6000,2950.0000,2952.2000,3,1,1,1,3,1,1,1,3,1
SF,IH2006,2019-11-18 09:39:00.000,2945.2000,1633,0,37103100.000,0,-,-,-,-,2946.0000,2942.8000,2942.2000,2940.4000,2940.2000,2949.0000,2949.2000,2949.6000,2950.0000,2952.2000,3,1,1,4,1,1,1,1,3,1
SF,IH2006,2019-11-18 09:39:00.500,2945.2000,1633,0,37103100.000,0,-,-,-,-,2947.0000,2946.0000,2942.8000,2942.2000,2940.4000,2949.0000,2949.2000,2949.6000,2950.0000,2952.2000,1,3,1,1,4,1,1,1,3,1
SF,IH2006,2019-11-18 09:39:01.000,2945.2000,1633,0,37103100.000,0,-,-,-,-,2947.2000,2947.0000,2942.2000,2940.4000,2940.2000,2949.0000,2949.2000,2949.6000,2950.0000,2952.2000,1,1,1,4,1,1,1,1,3,1
SF,IH2006,2019-11-18 09:39:01.500,2945.2000,1633,0,37103100.000,0,-,-,-,-,2947.2000,2947.0000,2942.2000,2940.4000,2940.2000,2949.0000,2949.2000,2949.6000,2950.0000,2952.2000,1,1,1,4,1,1,1,1,3,1
SF,IH2006,2019-11-18 09:39:02.000,2945.2000,1633,0,37103100.000,0,-,-,-,-,2947.2000,2947.0000,2942.2000,2940.4000,2940.2000,2948.8000,2949.0000,2949.2000,2949.6000,2950.0000,1,1,1,4,1,1,1,1,1,3
SF,IH2006,2019-11-18 09:39:02.500,2945.2000,1633,0,37103100.000,0,-,-,-,-,2947.2000,2942.2000,2940.4000,2940.2000,2940.0000,2948.8000,2949.2000,2949.6000,2950.0000,2952.2000,1,1,4,1,4,1,1,1,3,1
SF,IH2006,2019-11-18 09:39:03.000,2945.2000,1633,0,37103100.000,0,-,-,-,-,2947.2000,2942.2000,2940.4000,2940.2000,2940.0000,2948.8000,2949.2000,2949.6000,2950.0000,2952.2000,1,1,3,1,4,1,1,1,3,1
SF,IH2006,2019-11-18 09:39:03.500,2945.2000,1633,0,37103100.000,0,-,-,-,-,2947.2000,2942.2000,2940.4000,2940.2000,2940.0000,2948.8000,2949.2000,2949.6000,2950.0000,2952.2000,1,1,3,1,4,1,1,1,3,1
SF,IH2006,2019-11-18 09:39:04.000,2945.2000,1633,0,37103100.000,0,-,-,-,-,2942.2000,2940.4000,2940.2000,2940.0000,2939.0000,2948.6000,2948.8000,2949.2000,2949.6000,2950.0000,1,3,1,4,1,1,1,1,1,3
SF,IH2006,2019-11-18 09:39:04.500,2945.2000,1633,0,37103100.000,0,-,-,-,-,2945.6000,2945.0000,2942.4000,2942.2000,2940.4000,2948.4000,2948.6000,2948.8000,2949.2000,2949.6000,3,1,3,2,3,1,1,1,1,1
SF,IH2006,2019-11-18 09:39:05.000,2945.2000,1633,0,37103100.000,0,-,-,-,-,2945.6000,2942.2000,2940.4000,2940.2000,2940.0000,2948.4000,2948.8000,2949.2000,2949.6000,2950.0000,3,1,3,1,4,1,1,1,1,3
SF,IH2006,2019-11-18 09:39:05.500,2945.2000,1633,0,37103100.000,0,-,-,-,-,2946.0000,2945.6000,2942.2000,2940.4000,2940.2000,2948.4000,2948.8000,2949.2000,2949.6000,2950.0000,1,3,1,3,1,1,1,1,1,3
SF,IH2006,2019-11-18 09:39:06.000,2945.2000,1633,0,37103100.000,0,-,-,-,-,2946.2000,2946.0000,2942.2000,2940.4000,2940.2000,2948.4000,2948.8000,2949.2000,2949.6000,2950.0000,2,1,1,3,1,1,1,1,1,3
SF,IH2006,2019-11-18 09:39:06.500,2945.2000,1633,0,37103100.000,0,-,-,-,-,2946.2000,2942.2000,2940.4000,2940.2000,2940.0000,2948.4000,2948.8000,2949.2000,2949.6000,2950.0000,2,1,3,1,4,1,1,1,1,3
SF,IH2006,2019-11-18 09:39:07.000,2945.2000,1633,0,37103100.000,0,-,-,-,-,2946.6000,2946.2000,2942.2000,2940.4000,2940.2000,2948.4000,2948.8000,2949.2000,2949.6000,2950.0000,1,2,1,3,1,1,1,1,1,3
SF,IH2006,2019-11-18 09:39:07.500,2945.2000,1633,0,37103100.000,0,-,-,-,-,2946.6000,2942.2000,2940.4000,2940.2000,2940.0000,2948.4000,2948.8000,2949.2000,2949.6000,2950.0000,1,1,3,1,4,1,1,1,1,3
SF,IH2006,2019-11-18 09:39:08.000,2945.2000,1633,0,37103100.000,0,-,-,-,-,2942.2000,2940.4000,2940.2000,2940.0000,2939.0000,2948.2000,2948.4000,2948.8000,2949.2000,2949.6000,1,3,1,4,1,1,1,1,1,1
SF,IH2006,2019-11-18 09:39:08.500,2945.2000,1633,0,37103100.000,0,-,-,-,-,2945.0000,2942.2000,2940.4000,2940.2000,2940.0000,2948.0000,2948.2000,2948.4000,2948.8000,2949.2000,4,1,2,1,4,1,1,1,1,1
SF,IH2006,2019-11-18 09:39:09.000,2945.2000,1633,0,37103100.000,0,-,-,-,-,2945.0000,2942.2000,2940.4000,2940.2000,2940.0000,2948.4000,2948.8000,2949.2000,2949.6000,2950.0000,4,4,2,1,4,1,1,1,1,3
SF,IH2006,2019-11-18 09:39:09.500,2945.2000,1633,0,37103100.000,0,-,-,-,-,2945.0000,2942.2000,2940.4000,2940.2000,2940.0000,2948.2000,2948.4000,2948.8000,2949.2000,2949.6000,4,4,2,1,4,1,1,1,1,1
SF,IH2006,2019-11-18 09:39:13.500,2945.2000,1633,0,37103100.000,0,-,-,-,-,2945.0000,2942.2000,2940.4000,2940.2000,2940.0000,2948.0000,2948.2000,2948.4000,2948.8000,2949.2000,4,4,2,1,4,1,1,1,1,1
SF,IH2006,2019-11-18 09:39:14.000,2945.2000,1633,0,37103100.000,0,-,-,-,-,2945.0000,2942.2000,2940.4000,2940.2000,2940.0000,2948.0000,2948.4000,2948.8000,2949.2000,2949.6000,4,4,2,1,4,1,1,1,1,1
SF,IH2006,2019-11-18 09:39:15.000,2945.2000,1633,0,37103100.000,0,-,-,-,-,2945.0000,2942.2000,2940.4000,2940.2000,2940.0000,2948.0000,2948.4000,2948.8000,2949.2000,2949.6000,4,1,2,1,4,1,1,1,1,1
SF,IH2006,2019-11-18 09:39:23.000,2945.2000,1633,0,37103100.000,0,-,-,-,-,2945.2000,2945.0000,2942.2000,2940.4000,2940.2000,2948.0000,2948.4000,2948.8000,2949.2000,2949.6000,1,4,1,2,1,1,1,1,1,1
SF,IH2006,2019-11-18 09:39:23.500,2945.2000,1633,0,37103100.000,0,-,-,-,-,2946.6000,2945.4000,2945.2000,2945.0000,2942.2000,2948.0000,2948.4000,2948.8000,2949.2000,2949.6000,1,3,1,1,1,1,1,1,1,1
SF,IH2006,2019-11-18 09:39:24.000,2946.6000,1633,0,37987080.000,1,0,1,多换,S,2945.2000,2945.0000,2942.2000,2940.4000,2940.2000,2948.0000,2948.4000,2948.8000,2949.2000,2949.6000,1,1,1,2,1,1,1,1,1,1
SF,IH2006,2019-11-18 09:39:24.500,2946.6000,1633,0,37987080.000,0,-,-,-,-,2945.4000,2945.2000,2945.0000,2942.2000,2940.4000,2946.6000,2948.0000,2948.4000,2948.8000,2949.2000,3,1,1,1,2,1,1,1,1,1
SF,IH2006,2019-11-18 09:39:25.000,2946.6000,1633,0,37987080.000,0,-,-,-,-,2945.4000,2945.2000,2942.2000,2940.4000,2940.2000,2948.0000,2948.4000,2948.8000,2949.2000,2949.6000,3,1,1,2,1,1,1,1,1,1
SF,IH2006,2019-11-18 09:39:25.500,2946.6000,1633,0,37987080.000,0,-,-,-,-,2945.8000,2945.4000,2945.2000,2942.2000,2940.4000,2948.0000,2948.4000,2948.8000,2949.2000,2949.6000,1,3,1,1,2,1,1,1,1,1
SF,IH2006,2019-11-18 09:39:26.000,2946.6000,1633,0,37987080.000,0,-,-,-,-,2946.0000,2945.8000,2942.2000,2940.4000,2940.2000,2948.0000,2948.4000,2948.8000,2949.2000,2949.6000,2,1,1,2,1,1,1,1,1,1
SF,IH2006,2019-11-18 09:39:26.500,2946.6000,1633,0,37987080.000,0,-,-,-,-,2946.0000,2945.8000,2942.2000,2940.4000,2940.2000,2948.0000,2948.4000,2948.8000,2949.2000,2949.6000,2,1,1,2,1,1,1,1,1,1
SF,IH2006,2019-11-18 09:39:27.000,2946.6000,1633,0,37987080.000,0,-,-,-,-,2946.0000,2945.8000,2942.2000,2940.4000,2940.2000,2948.0000,2948.4000,2948.8000,2949.2000,2949.6000,2,1,1,2,1,1,1,1,1,1
SF,IH2006,2019-11-18 09:39:27.500,2946.6000,1633,0,37987080.000,0,-,-,-,-,2946.0000,2945.8000,2942.2000,2940.4000,2940.2000,2948.0000,2948.4000,2948.8000,2949.2000,2949.6000,2,1,1,2,1,1,1,1,1,1
SF,IH2006,2019-11-18 09:39:28.000,2946.6000,1633,0,37987080.000,0,-,-,-,-,2946.0000,2945.8000,2942.2000,2940.4000,2940.2000,2948.0000,2948.4000,2948.8000,2949.2000,2949.6000,2,1,1,2,1,1,1,1,1,1
SF,IH2006,2019-11-18 09:39:28.500,2946.6000,1633,0,37987080.000,0,-,-,-,-,2946.0000,2945.8000,2942.2000,2940.4000,2940.2000,2948.0000,2948.4000,2948.8000,2949.2000,2949.6000,2,1,1,2,1,1,1,1,1,1
SF,IH2006,2019-11-18 09:39:33.000,2946.6000,1633,0,37987080.000,0,-,-,-,-,2946.0000,2945.8000,2942.2000,2940.4000,2940.2000,2948.4000,2948.8000,2949.2000,2949.6000,2950.0000,2,1,1,2,1,1,1,1,1,3
SF,IH2006,2019-11-18 09:39:33.500,2946.6000,1633,0,37987080.000,0,-,-,-,-,2946.0000,2942.2000,2940.4000,2940.2000,2940.0000,2948.4000,2948.8000,2949.2000,2949.6000,2950.0000,2,1,2,1,4,1,1,1,1,3
SF,IH2006,2019-11-18 09:39:34.000,2946.6000,1633,0,37987080.000,0,-,-,-,-,2946.2000,2946.0000,2942.2000,2940.4000,2940.2000,2948.4000,2948.8000,2949.2000,2949.6000,2950.0000,1,2,1,2,1,1,1,1,1,3
SF,IH2006,2019-11-18 09:39:34.500,2946.6000,1633,0,37987080.000,0,-,-,-,-,2946.4000,2946.2000,2942.2000,2940.4000,2940.2000,2949.2000,2949.6000,2950.0000,2952.2000,2955.0000,2,1,1,2,1,1,1,3,1,1
