市场代码,合约代码,时间,最新,持仓,增仓,成交额,成交量,开仓,平仓,成交类型,方向,买一价,买二价,买三价,买四价,买五价,卖一价,卖二价,卖三价,卖四价,卖五价,买一量,买二量,买三量,买四量,买五量,卖一量,卖二量,卖三量,卖四量,卖五量
SF,IH2009,2020-06-19 09:29:00.400,2788.0000,20952,0,5018400.000,6.000,-,-,-,-,2788.0000,2786.0000,2785.8000,2785.0000,2783.0000,2789.6000,2793.2000,2794.0000,2794.2000,2794.6000,7,1,1,1,1,1,1,1,1,4
SF,IH2009,2020-06-19 09:30:00.400,2788.0000,20950,-2,8364360.000,4,1,3,多平,S,2788.0000,2786.0000,2785.2000,2785.0000,2782.6000,2788.8000,2789.2000,2789.4000,2789.6000,2793.0000,4,1,1,1,3,1,6,3,1,1
SF,IH2009,2020-06-19 09:30:00.900,2788.2000,20944,-6,16728420.000,10,2,8,多平,S,2786.0000,2785.2000,2785.0000,2782.6000,2782.2000,2788.0000,2788.4000,2788.6000,2788.8000,2789.6000,1,1,1,3,1,5,5,3,2,3
SF,IH2009,2020-06-19 09:30:01.400,2788.2000,20942,-2,18401340.000,2,0,2,双平,S,2786.2000,2786.0000,2785.2000,2785.0000,2782.6000,2787.8000,2788.0000,2788.8000,2789.6000,2789.8000,2,2,1,1,3,3,3,2,3,1
SF,IH2009,2020-06-19 09:30:01.900,2788.2000,20942,0,19237800.000,1,0,1,多换,S,2786.6000,2786.4000,2786.2000,2786.0000,2785.2000,2787.8000,2788.0000,2788.8000,2789.6000,2793.0000,1,1,3,1,1,2,3,2,1,1
SF,IH2009,2020-06-19 09:30:02.400,2788.2000,20942,0,19237800.000,0,-,-,-,-,2786.8000,2786.6000,2786.4000,2786.2000,2786.0000,2787.6000,2787.8000,2788.0000,2788.8000,2789.6000,1,1,1,1,1,1,2,3,2,1
SF,IH2009,2020-06-19 09:30:02.900,2787.4000,20941,-1,21746280.000,3,1,2,多平,S,2786.2000,2786.0000,2785.0000,2782.6000,2782.2000,2787.4000,2788.0000,2788.8000,2789.6000,2789.8000,1,1,1,3,1,1,3,2,1,1
SF,IH2009,2020-06-19 09:30:03.400,2787.4000,20941,0,21746280.000,0,-,-,-,-,2786.2000,2786.0000,2785.0000,2782.6000,2782.2000,2787.4000,2788.0000,2788.8000,2789.6000,2789.8000,1,1,1,3,1,1,4,2,1,1
SF,IH2009,2020-06-19 09:30:03.900,2787.4000,20941,0,21746280.000,0,-,-,-,-,2786.0000,2785.0000,2782.6000,2782.2000,2780.2000,2786.2000,2787.4000,2787.6000,2788.0000,2788.8000,1,1,3,1,3,1,1,1,4,2
SF,IH2009,2020-06-19 09:30:04.400,2786.0000,20941,0,23417940.000,2,1,1,多换,S,2785.0000,2782.6000,2782.2000,2780.2000,2780.0000,2786.0000,2787.6000,2788.0000,2788.8000,2789.6000,1,3,1,3,3,1,1,4,2,1
SF,IH2009,2020-06-19 09:30:04.900,2786.0000,20940,-1,24253740.000,1,0,1,双平,S,2786.2000,2786.0000,2785.4000,2785.0000,2782.6000,2787.6000,2788.0000,2788.8000,2789.6000,2789.8000,2,1,1,2,3,1,1,2,1,1
SF,IH2009,2020-06-19 09:30:05.400,2786.0000,20939,-1,25089540.000,1,0,1,双平,S,2786.2000,2786.0000,2785.2000,2785.0000,2782.6000,2787.6000,2788.0000,2788.8000,2789.6000,2789.8000,1,3,3,1,3,1,1,2,1,1
SF,IH2009,2020-06-19 09:30:05.900,2786.2000,20935,-4,28432860.000,4,0,4,双平,S,2786.0000,2785.2000,2785.0000,2782.6000,2782.2000,2787.2000,2787.6000,2788.0000,2788.8000,2789.6000,1,3,1,3,1,1,2,1,2,1
SF,IH2009,2020-06-19 09:30:06.400,2787.2000,20935,0,29269020.000,1,0,1,多换,S,2787.4000,2787.2000,2786.4000,2786.2000,2786.0000,2787.6000,2788.0000,2788.8000,2789.6000,2789.8000,4,1,5,1,2,1,1,2,1,1
SF,IH2009,2020-06-19 09:30:06.900,2787.2000,20930,-5,33449880.000,5,0,5,双平,S,2786.0000,2785.2000,2785.0000,2782.2000,2780.2000,2786.8000,2787.4000,2787.6000,2788.0000,2788.8000,2,3,1,1,3,3,1,1,1,2
SF,IH2009,2020-06-19 09:30:07.400,2786.0000,20928,-2,35121480.000,2,0,2,双平,S,2785.2000,2785.0000,2782.2000,2780.2000,2780.0000,2786.2000,2786.4000,2787.4000,2787.6000,2788.0000,3,1,1,3,3,3,1,1,1,1
SF,IH2009,2020-06-19 09:30:07.900,2786.0000,20928,0,35121480.000,0,-,-,-,-,2785.2000,2785.0000,2782.2000,2780.2000,2780.0000,2786.2000,2787.4000,2787.6000,2788.0000,2788.8000,3,1,1,3,3,3,2,1,1,2
SF,IH2009,2020-06-19 09:30:08.400,2786.2000,20927,-1,35957340.000,1,0,1,双平,S,2785.4000,2785.2000,2785.0000,2782.2000,2780.2000,2786.2000,2787.4000,2787.6000,2788.0000,2788.8000,1,3,1,1,3,2,2,1,1,2
SF,IH2009,2020-06-19 09:30:08.900,2786.2000,20925,-2,37629060.000,2,0,2,双平,S,2785.2000,2785.0000,2782.2000,2780.2000,2780.0000,2785.4000,2787.4000,2787.6000,2788.0000,2788.8000,3,1,1,3,3,1,1,1,1,2
SF,IH2009,2020-06-19 09:30:09.400,2786.2000,20924,-1,38464920.000,1,0,1,双平,S,2785.2000,2785.0000,2782.2000,2780.2000,2780.0000,2787.6000,2788.0000,2788.8000,2789.2000,2789.6000,3,1,1,3,3,1,1,2,1,1
SF,IH2009,2020-06-19 09:30:09.900,2786.2000,20924,0,38464920.000,0,-,-,-,-,2785.4000,2785.2000,2785.0000,2782.2000,2780.2000,2786.4000,2787.6000,2788.8000,2789.2000,2789.6000,2,3,2,1,3,1,1,2,1,1
SF,IH2009,2020-06-19 09:30:10.400,2786.2000,20924,0,38464920.000,0,-,-,-,-,2785.6000,2785.0000,2782.2000,2780.2000,2780.0000,2786.4000,2787.6000,2788.8000,2789.2000,2789.6000,1,2,1,3,3,1,2,2,1,1
SF,IH2009,2020-06-19 09:30:10.900,2785.6000,20921,-3,40971960.000,3,0,3,双平,S,2785.6000,2785.0000,2782.2000,2780.2000,2780.0000,2786.2000,2786.4000,2787.6000,2788.8000,2789.2000,1,2,1,3,3,1,1,2,2,1
SF,IH2009,2020-06-19 09:30:11.400,2785.6000,20920,-1,41807640.000,1,0,1,双平,S,2785.0000,2782.2000,2780.2000,2780.0000,2778.0000,2785.6000,2786.2000,2786.4000,2787.6000,2788.8000,2,1,3,3,2,1,2,1,2,2
SF,IH2009,2020-06-19 09:30:11.900,2785.4000,20919,-1,44314260.000,3,1,2,多平,S,2782.2000,2780.2000,2780.0000,2778.0000,2777.0000,2785.6000,2786.2000,2786.4000,2787.6000,2788.8000,1,3,3,2,1,2,1,1,2,2
SF,IH2009,2020-06-19 09:30:12.400,2785.4000,20919,0,44314260.000,0,-,-,-,-,2782.8000,2782.6000,2782.4000,2782.2000,2782.0000,2785.0000,2785.6000,2786.2000,2786.4000,2787.6000,7,4,1,1,1,1,2,1,1,2
SF,IH2009,2020-06-19 09:30:12.900,2785.4000,20919,0,44314260.000,0,-,-,-,-,2783.0000,2782.8000,2782.6000,2782.2000,2782.0000,2785.0000,2785.6000,2786.2000,2786.4000,2787.6000,1,7,4,2,1,2,1,1,1,2
SF,IH2009,2020-06-19 09:30:13.400,2784.6000,20917,-2,45985140.000,2,0,2,双平,S,2783.4000,2783.2000,2783.0000,2782.8000,2782.2000,2785.6000,2786.4000,2787.6000,2788.8000,2789.2000,1,4,2,4,2,1,1,2,2,1
SF,IH2009,2020-06-19 09:30:13.900,2784.6000,20917,0,45985140.000,0,-,-,-,-,2783.8000,2783.6000,2783.4000,2783.2000,2782.8000,2785.6000,2786.4000,2787.6000,2788.8000,2789.2000,4,1,1,1,4,2,1,2,2,1
SF,IH2009,2020-06-19 09:30:14.400,2784.6000,20917,0,45985140.000,0,-,-,-,-,2784.2000,2784.0000,2783.8000,2783.2000,2782.8000,2785.6000,2786.4000,2787.6000,2788.8000,2789.2000,1,1,4,1,4,2,1,2,2,1
SF,IH2009,2020-06-19 09:30:14.900,2784.6000,20917,0,45985140.000,0,-,-,-,-,2784.2000,2784.0000,2783.2000,2782.8000,2782.2000,2785.6000,2786.4000,2787.6000,2788.8000,2789.2000,1,1,1,4,2,2,1,2,2,1
SF,IH2009,2020-06-19 09:30:15.400,2784.6000,20917,0,45985140.000,0,-,-,-,-,2784.4000,2784.2000,2784.0000,2783.2000,2782.8000,2785.4000,2785.6000,2786.4000,2787.6000,2788.8000,1,1,1,1,4,1,2,1,2,2
SF,IH2009,2020-06-19 09:30:15.900,2784.6000,20917,0,45985140.000,0,-,-,-,-,2784.8000,2784.0000,2783.2000,2782.8000,2782.2000,2785.4000,2785.6000,2786.4000,2787.6000,2788.8000,1,1,1,4,2,2,1,1,2,2
SF,IH2009,2020-06-19 09:30:16.400,2784.6000,20916,-1,46820520.000,1,0,1,双平,S,2784.0000,2783.2000,2782.8000,2782.2000,2782.0000,2785.4000,2785.6000,2786.4000,2787.6000,2788.8000,1,1,4,2,1,2,1,1,2,2
SF,IH2009,2020-06-19 09:30:16.900,2784.6000,20916,0,46820520.000,0,-,-,-,-,2784.2000,2784.0000,2783.2000,2782.8000,2782.2000,2785.4000,2785.6000,2786.4000,2787.6000,2788.8000,1,1,1,4,2,1,1,1,2,2
SF,IH2009,2020-06-19 09:30:17.400,2784.6000,20916,0,46820520.000,0,-,-,-,-,2784.4000,2784.0000,2783.2000,2782.8000,2782.2000,2785.4000,2785.6000,2786.4000,2787.6000,2788.8000,3,1,1,4,2,2,1,1,2,2
SF,IH2009,2020-06-19 09:30:17.900,2784.6000,20916,0,46820520.000,0,-,-,-,-,2784.4000,2784.0000,2783.2000,2782.8000,2782.2000,2785.4000,2785.6000,2786.4000,2787.6000,2788.8000,3,1,1,4,2,2,1,1,2,2
SF,IH2009,2020-06-19 09:30:18.400,2784.4000,20916,0,48491160.000,2,1,1,多换,S,2784.4000,2784.0000,2783.2000,2782.8000,2782.2000,2785.0000,2785.2000,2785.4000,2785.6000,2786.4000,1,1,1,4,2,3,1,2,1,1
SF,IH2009,2020-06-19 09:30:18.900,2784.4000,20916,0,49326480.000,1,0,1,多换,S,2783.2000,2782.8000,2782.2000,2780.2000,2780.0000,2784.8000,2785.0000,2785.4000,2785.6000,2786.4000,1,4,1,4,3,4,3,1,1,1
SF,IH2009,2020-06-19 09:30:19.400,2784.6000,20916,0,50161860.000,1,0,1,多换,S,2783.2000,2782.8000,2782.2000,2780.2000,2780.0000,2784.6000,2784.8000,2785.0000,2785.6000,2786.4000,1,4,1,4,3,1,3,3,1,1
SF,IH2009,2020-06-19 09:30:19.900,2784.6000,20916,0,50161860.000,0,-,-,-,-,2783.4000,2783.2000,2783.0000,2782.8000,2782.2000,2784.6000,2785.6000,2786.4000,2787.6000,2788.8000,3,2,1,4,1,1,1,1,2,1
SF,IH2009,2020-06-19 09:30:20.400,2784.6000,20915,-1,50997240.000,1,0,1,双平,S,2783.4000,2783.2000,2783.0000,2782.8000,2782.2000,2785.6000,2786.4000,2787.6000,2788.8000,2789.2000,3,2,1,4,1,1,1,2,1,1
SF,IH2009,2020-06-19 09:30:20.900,2784.6000,20915,0,50997240.000,0,-,-,-,-,2783.6000,2783.2000,2783.0000,2782.8000,2782.2000,2785.6000,2786.4000,2787.6000,2788.8000,2789.2000,3,1,1,4,1,1,1,2,1,1
SF,IH2009,2020-06-19 09:30:21.400,2784.6000,20915,0,50997240.000,0,-,-,-,-,2783.8000,2783.6000,2783.2000,2783.0000,2782.8000,2785.4000,2785.6000,2786.4000,2787.6000,2788.8000,1,3,1,1,4,1,2,1,2,1
SF,IH2009,2020-06-19 09:30:21.900,2784.0000,20916,1,51832440.000,1,1,0,双开,S,2783.6000,2783.2000,2783.0000,2782.8000,2782.2000,2785.2000,2785.6000,2786.4000,2787.6000,2788.8000,1,1,1,4,1,1,1,1,2,1
SF,IH2009,2020-06-19 09:30:22.400,2784.0000,20916,0,51832440.000,0,-,-,-,-,2783.6000,2783.2000,2783.0000,2782.8000,2782.2000,2785.0000,2785.2000,2785.6000,2786.4000,2787.6000,1,1,1,4,1,1,1,1,1,2
SF,IH2009,2020-06-19 09:30:22.900,2784.0000,20916,0,51832440.000,0,-,-,-,-,2783.6000,2783.2000,2783.0000,2782.8000,2782.2000,2785.0000,2785.2000,2785.6000,2786.4000,2787.6000,1,1,1,4,1,1,1,1,1,2
SF,IH2009,2020-06-19 09:30:23.400,2784.0000,20916,0,51832440.000,0,-,-,-,-,2783.6000,2783.0000,2782.8000,2782.2000,2782.0000,2785.0000,2785.6000,2786.4000,2787.6000,2788.8000,1,1,4,1,1,2,1,1,2,1
SF,IH2009,2020-06-19 09:30:23.900,2784.0000,20916,0,51832440.000,0,-,-,-,-,2783.6000,2783.0000,2782.8000,2782.2000,2782.0000,2784.8000,2785.0000,2785.6000,2786.4000,2787.6000,1,1,4,1,1,1,2,1,1,2
SF,IH2009,2020-06-19 09:30:24.400,2784.0000,20916,0,51832440.000,0,-,-,-,-,2783.0000,2782.8000,2782.2000,2782.0000,2780.2000,2783.6000,2784.6000,2784.8000,2785.0000,2785.6000,1,4,1,1,7,2,1,1,1,1
SF,IH2009,2020-06-19 09:30:24.900,2783.6000,20915,-1,53502600.000,2,0,2,多平,S,2783.0000,2782.8000,2782.2000,2782.0000,2780.2000,2783.4000,2784.6000,2786.4000,2787.6000,2788.8000,1,4,1,1,7,1,1,1,2,1
SF,IH2009,2020-06-19 09:30:25.400,2783.6000,20914,-1,54337680.000,1,0,1,双平,S,2783.4000,2783.2000,2783.0000,2782.8000,2782.2000,2786.4000,2787.6000,2788.8000,2789.2000,2789.6000,2,1,1,4,1,1,2,1,1,1
SF,IH2009,2020-06-19 09:30:25.900,2783.6000,20914,0,54337680.000,0,-,-,-,-,2783.6000,2783.4000,2783.2000,2783.0000,2782.8000,2785.8000,2786.0000,2786.4000,2787.6000,2788.8000,1,2,4,1,4,1,3,2,2,1
SF,IH2009,2020-06-19 09:30:26.400,2783.6000,20914,0,54337680.000,0,-,-,-,-,2783.6000,2783.4000,2783.2000,2783.0000,2782.8000,2785.0000,2785.6000,2785.8000,2786.4000,2787.6000,1,2,3,1,4,1,4,1,3,2
SF,IH2009,2020-06-19 09:30:26.900,2783.6000,20914,0,54337680.000,0,-,-,-,-,2783.6000,2783.4000,2783.2000,2783.0000,2782.8000,2784.8000,2785.0000,2785.6000,2785.8000,2786.4000,1,2,3,1,4,1,2,4,1,3
SF,IH2009,2020-06-19 09:30:27.400,2783.6000,20914,0,54337680.000,0,-,-,-,-,2783.4000,2783.2000,2783.0000,2782.8000,2782.2000,2784.6000,2785.0000,2785.8000,2786.4000,2787.6000,3,3,1,4,1,1,1,1,3,2
SF,IH2009,2020-06-19 09:30:27.900,2783.6000,20913,-1,55172760.000,1,0,1,双平,S,2784.8000,2783.6000,2783.4000,2783.2000,2783.0000,2785.0000,2785.8000,2786.4000,2787.6000,2788.8000,1,1,3,3,1,1,1,3,2,1
SF,IH2009,2020-06-19 09:30:28.400,2784.8000,20911,-2,57679080.000,3,0,3,多平,S,2783.6000,2783.4000,2783.2000,2783.0000,2782.8000,2784.8000,2785.0000,2786.4000,2787.6000,2788.8000,1,2,3,1,5,1,1,3,2,1
SF,IH2009,2020-06-19 09:30:28.900,2784.8000,20911,0,57679080.000,0,-,-,-,-,2784.6000,2783.6000,2783.4000,2783.2000,2783.0000,2784.8000,2785.0000,2786.4000,2787.6000,2788.8000,1,1,2,3,1,1,1,3,2,1
SF,IH2009,2020-06-19 09:30:29.400,2785.0000,20908,-3,60185400.000,3,0,3,双平,S,2784.8000,2783.4000,2783.0000,2782.8000,2782.2000,2786.4000,2787.6000,2788.8000,2789.2000,2789.6000,2,2,1,5,1,3,2,1,1,1
SF,IH2009,2020-06-19 09:30:29.900,2784.8000,20905,-3,62691720.000,3,0,3,双平,S,2783.4000,2783.0000,2782.8000,2782.2000,2782.0000,2784.6000,2784.8000,2785.2000,2786.0000,2786.2000,2,1,5,1,1,8,1,2,3,7
SF,IH2009,2020-06-19 09:30:30.400,2784.8000,20905,0,62691720.000,0,-,-,-,-,2783.6000,2783.4000,2783.0000,2782.8000,2782.2000,2786.0000,2786.4000,2787.6000,2788.8000,2789.2000,2,2,1,5,1,4,2,2,1,1
SF,IH2009,2020-06-19 09:30:30.900,2784.8000,20905,0,62691720.000,0,-,-,-,-,2783.8000,2783.6000,2783.4000,2783.0000,2782.8000,2785.8000,2786.0000,2786.4000,2787.6000,2788.8000,5,1,2,1,5,1,4,2,2,1
SF,IH2009,2020-06-19 09:30:31.400,2783.8000,20904,-1,63526860.000,1,0,1,双平,S,2783.8000,2783.6000,2783.4000,2783.0000,2782.8000,2785.8000,2786.0000,2786.4000,2787.6000,2788.8000,4,1,2,1,5,1,4,2,2,1
SF,IH2009,2020-06-19 09:30:31.900,2783.8000,20904,0,63526860.000,0,-,-,-,-,2783.8000,2783.6000,2783.4000,2783.0000,2782.8000,2785.8000,2786.0000,2786.4000,2787.6000,2788.8000,4,1,2,1,5,1,1,2,2,1
SF,IH2009,2020-06-19 09:30:32.900,2783.8000,20904,0,63526860.000,0,-,-,-,-,2784.2000,2783.8000,2783.6000,2783.4000,2783.0000,2786.0000,2786.4000,2787.6000,2788.8000,2789.2000,4,4,1,2,1,1,2,2,1,1
SF,IH2009,2020-06-19 09:30:33.400,2786.0000,20904,0,64362660.000,1,0,1,多换,S,2784.4000,2784.2000,2783.8000,2783.6000,2783.4000,2786.4000,2787.6000,2788.8000,2789.2000,2789.6000,1,4,3,1,2,1,2,1,1,1
SF,IH2009,2020-06-19 09:30:33.900,2784.4000,20904,0,65197980.000,1,0,1,多换,S,2783.8000,2783.6000,2783.4000,2783.0000,2782.8000,2784.6000,2785.2000,2785.8000,2786.4000,2787.6000,3,1,2,1,5,1,2,1,2,2
SF,IH2009,2020-06-19 09:30:34.400,2784.6000,20903,-1,66033360.000,1,0,1,双平,S,2784.6000,2784.0000,2783.8000,2783.6000,2783.4000,2785.8000,2786.4000,2787.6000,2788.8000,2789.2000,4,4,3,1,2,1,1,2,1,1
SF,IH2009,2020-06-19 09:30:34.900,2784.6000,20904,1,66868740.000,1,1,0,双开,S,2784.6000,2784.0000,2783.8000,2783.6000,2783.4000,2785.8000,2786.4000,2787.6000,2788.8000,2789.2000,2,4,3,1,2,1,1,2,1,1
SF,IH2009,2020-06-19 09:30:35.400,2785.8000,20903,-1,67704480.000,1,0,1,双平,S,2784.8000,2784.6000,2784.0000,2783.8000,2783.6000,2786.4000,2787.6000,2788.8000,2789.2000,2789.6000,4,3,4,4,1,1,2,1,1,1
SF,IH2009,2020-06-19 09:30:35.900,2785.8000,20903,0,67704480.000,0,-,-,-,-,2784.8000,2784.6000,2783.8000,2783.6000,2783.4000,2786.4000,2787.6000,2788.8000,2789.2000,2789.6000,7,2,4,1,2,1,2,1,1,1
SF,IH2009,2020-06-19 09:30:36.400,2785.8000,20903,0,67704480.000,0,-,-,-,-,2784.8000,2784.6000,2784.0000,2783.8000,2783.6000,2786.4000,2787.6000,2788.8000,2789.2000,2789.6000,3,2,1,4,1,1,2,1,1,1
SF,IH2009,2020-06-19 09:30:36.900,2785.8000,20903,0,67704480.000,0,-,-,-,-,2784.8000,2784.6000,2784.0000,2783.8000,2783.6000,2787.6000,2788.8000,2789.2000,2789.6000,2789.8000,3,2,1,4,1,2,1,1,1,1
SF,IH2009,2020-06-19 09:30:37.400,2785.8000,20903,0,67704480.000,0,-,-,-,-,2785.2000,2785.0000,2784.8000,2784.6000,2784.0000,2787.2000,2787.6000,2788.8000,2789.2000,2789.6000,1,5,3,2,1,1,2,1,1,1
SF,IH2009,2020-06-19 09:30:37.900,2785.8000,20903,0,67704480.000,0,-,-,-,-,2785.4000,2785.2000,2785.0000,2784.8000,2784.6000,2786.4000,2787.0000,2787.2000,2787.6000,2788.8000,1,1,4,3,2,1,1,2,2,1
SF,IH2009,2020-06-19 09:30:38.400,2786.4000,20902,-1,68540400.000,1,0,1,双平,S,2785.6000,2785.0000,2784.6000,2784.0000,2783.8000,2787.0000,2787.2000,2787.6000,2788.8000,2789.2000,3,4,2,2,4,1,1,2,1,1
SF,IH2009,2020-06-19 09:30:38.900,2786.4000,20902,0,68540400.000,0,-,-,-,-,2785.8000,2785.6000,2784.6000,2784.0000,2783.8000,2787.0000,2787.6000,2788.8000,2789.2000,2789.6000,1,7,2,2,4,1,1,1,1,1
SF,IH2009,2020-06-19 09:30:39.400,2787.0000,20901,-1,69376500.000,1,0,1,双平,S,2786.0000,2785.8000,2784.6000,2784.0000,2783.8000,2787.6000,2788.8000,2789.2000,2789.6000,2789.8000,4,1,2,2,4,1,1,1,1,1
SF,IH2009,2020-06-19 09:30:39.900,2787.0000,20901,0,69376500.000,0,-,-,-,-,2786.2000,2786.0000,2784.6000,2784.0000,2783.8000,2787.6000,2788.8000,2789.2000,2789.6000,2789.8000,1,7,2,2,4,1,1,1,1,1
SF,IH2009,2020-06-19 09:30:40.400,2786.4000,20898,-3,71884260.000,3,0,3,双平,S,2786.4000,2786.2000,2786.0000,2784.0000,2783.8000,2787.6000,2788.8000,2789.2000,2789.6000,2789.8000,3,1,3,2,4,1,1,1,1,1
SF,IH2009,2020-06-19 09:30:40.900,2786.4000,20898,0,71884260.000,0,-,-,-,-,2786.6000,2786.4000,2786.2000,2784.0000,2783.8000,2787.6000,2788.8000,2789.2000,2789.6000,2789.8000,3,4,1,2,4,1,1,1,1,1
SF,IH2009,2020-06-19 09:30:41.400,2786.4000,20898,0,71884260.000,0,-,-,-,-,2786.8000,2786.6000,2786.4000,2784.0000,2783.8000,2787.6000,2788.8000,2789.2000,2789.6000,2789.8000,2,5,1,2,4,1,1,1,1,1
SF,IH2009,2020-06-19 09:30:41.900,2786.6000,20897,-1,73556220.000,2,0,2,多平,S,2786.6000,2784.0000,2783.8000,2783.4000,2783.0000,2787.6000,2788.8000,2789.2000,2789.6000,2789.8000,4,2,4,1,1,2,1,1,1,1
SF,IH2009,2020-06-19 09:30:42.400,2787.6000,20898,1,74392500.000,1,1,0,双开,S,2787.8000,2786.8000,2786.6000,2784.0000,2783.8000,2788.8000,2789.2000,2789.6000,2789.8000,2793.2000,1,3,2,2,4,1,1,1,1,1
SF,IH2009,2020-06-19 09:30:42.900,2787.8000,20898,0,75228840.000,1,0,1,多换,S,2786.8000,2784.0000,2783.8000,2783.4000,2783.0000,2788.8000,2789.2000,2789.6000,2789.8000,2793.2000,5,2,4,1,1,2,1,1,1,1
SF,IH2009,2020-06-19 09:30:43.400,2787.8000,20898,0,75228840.000,0,-,-,-,-,2787.0000,2786.8000,2786.6000,2784.0000,2783.8000,2788.8000,2789.2000,2789.6000,2789.8000,2793.2000,1,5,2,2,4,1,1,1,1,1
SF,IH2009,2020-06-19 09:30:43.900,2788.8000,20897,-1,76065480.000,1,0,1,双平,S,2787.2000,2787.0000,2786.8000,2786.6000,2784.0000,2789.2000,2789.6000,2789.8000,2793.2000,2794.0000,3,1,3,2,2,1,1,1,1,1
SF,IH2009,2020-06-19 09:30:44.400,2787.4000,20896,-1,76901700.000,1,0,1,双平,S,2787.2000,2786.8000,2786.6000,2784.0000,2783.8000,2789.0000,2789.2000,2789.6000,2789.8000,2793.2000,3,3,2,2,4,1,2,1,1,1
SF,IH2009,2020-06-19 09:30:44.900,2788.8000,20896,0,77738340.000,1,0,1,多换,S,2787.2000,2786.8000,2786.6000,2784.0000,2783.8000,2789.0000,2789.2000,2789.6000,2789.8000,2793.2000,3,3,2,2,4,1,1,1,1,1
SF,IH2009,2020-06-19 09:30:45.400,2788.8000,20896,0,77738340.000,0,-,-,-,-,2787.4000,2787.2000,2786.8000,2786.6000,2784.0000,2789.0000,2789.2000,2789.6000,2789.8000,2793.2000,2,1,3,2,2,2,1,1,1,1
SF,IH2009,2020-06-19 09:30:45.900,2788.8000,20896,0,77738340.000,0,-,-,-,-,2787.6000,2787.4000,2786.8000,2786.6000,2784.0000,2789.0000,2789.2000,2789.6000,2789.8000,2793.2000,1,2,3,2,2,1,1,1,1,1
SF,IH2009,2020-06-19 09:30:46.900,2788.8000,20896,0,77738340.000,0,-,-,-,-,2787.6000,2786.8000,2786.6000,2784.0000,2783.8000,2789.0000,2789.2000,2789.6000,2789.8000,2793.2000,3,3,2,2,4,1,1,1,1,1
SF,IH2009,2020-06-19 09:30:47.900,2789.0000,20895,-1,78575040.000,1,0,1,双平,S,2787.8000,2787.6000,2786.8000,2786.6000,2784.0000,2789.2000,2789.6000,2789.8000,2793.2000,2794.0000,2,1,3,2,2,1,1,1,1,1
SF,IH2009,2020-06-19 09:30:48.400,2789.2000,20894,-1,79411800.000,1,0,1,双平,S,2788.0000,2787.8000,2786.8000,2786.6000,2784.0000,2789.6000,2789.8000,2793.2000,2794.0000,2795.0000,1,2,3,2,2,1,1,1,1,2
SF,IH2009,2020-06-19 09:30:48.900,2789.2000,20894,0,79411800.000,0,-,-,-,-,2788.0000,2787.8000,2786.8000,2786.6000,2784.0000,2789.6000,2789.8000,2793.2000,2794.0000,2795.0000,1,2,3,2,2,3,2,1,1,2
SF,IH2009,2020-06-19 09:30:49.400,2789.4000,20894,0,80248620.000,1,0,1,多换,S,2788.2000,2788.0000,2786.8000,2786.6000,2784.0000,2789.6000,2789.8000,2793.2000,2794.0000,2795.0000,2,1,3,2,2,2,2,1,1,2
SF,IH2009,2020-06-19 09:30:49.900,2789.4000,20894,0,80248620.000,0,-,-,-,-,2788.4000,2788.2000,2786.8000,2786.6000,2784.0000,2789.6000,2789.8000,2793.0000,2793.2000,2794.0000,2,2,3,2,2,2,2,1,1,1
SF,IH2009,2020-06-19 09:30:50.400,2788.6000,20894,0,81921780.000,2,1,1,多换,S,2788.6000,2788.4000,2786.8000,2786.6000,2784.0000,2789.6000,2789.8000,2793.0000,2793.2000,2794.0000,1,1,3,2,2,2,2,1,1,1
SF,IH2009,2020-06-19 09:30:50.900,2788.6000,20894,0,81921780.000,0,-,-,-,-,2788.6000,2788.4000,2787.0000,2786.8000,2786.6000,2789.6000,2789.8000,2793.0000,2793.2000,2794.0000,1,1,1,3,2,2,2,1,1,1
SF,IH2009,2020-06-19 09:30:51.400,2788.6000,20894,0,81921780.000,0,-,-,-,-,2788.8000,2787.0000,2786.8000,2786.6000,2784.0000,2789.6000,2789.8000,2793.0000,2793.2000,2794.0000,2,1,3,2,2,2,2,1,1,1
SF,IH2009,2020-06-19 09:30:51.900,2788.6000,20894,0,81921780.000,0,-,-,-,-,2788.8000,2787.0000,2786.8000,2786.6000,2784.0000,2789.6000,2789.8000,2793.0000,2793.2000,2794.0000,2,1,3,2,2,1,1,1,1,1
SF,IH2009,2020-06-19 09:30:52.400,2788.6000,20894,0,81921780.000,0,-,-,-,-,2789.0000,2788.8000,2787.0000,2786.8000,2786.6000,2789.6000,2789.8000,2793.0000,2793.2000,2794.0000,1,1,1,3,2,2,1,1,1,1
SF,IH2009,2020-06-19 09:30:52.900,2789.6000,20893,-1,84432000.000,3,1,2,多平,S,2787.0000,2786.8000,2786.6000,2784.0000,2783.8000,2789.6000,2789.8000,2793.0000,2793.2000,2794.0000,1,3,2,2,4,1,2,1,1,1
SF,IH2009,2020-06-19 09:30:53.400,2789.6000,20893,0,84432000.000,0,-,-,-,-,2787.4000,2787.2000,2787.0000,2786.8000,2786.6000,2789.4000,2789.8000,2793.0000,2793.2000,2794.0000,1,2,1,3,2,1,2,1,1,1
SF,IH2009,2020-06-19 09:30:53.900,2789.6000,20893,0,84432000.000,0,-,-,-,-,2787.6000,2787.2000,2787.0000,2786.8000,2786.6000,2789.4000,2789.8000,2793.0000,2793.2000,2794.0000,1,1,1,3,2,1,3,1,1,1
SF,IH2009,2020-06-19 09:30:54.400,2789.6000,20893,0,84432000.000,0,-,-,-,-,2787.6000,2787.2000,2787.0000,2786.8000,2786.6000,2789.8000,2793.0000,2793.2000,2794.0000,2795.0000,1,1,1,3,2,3,1,1,1,2
SF,IH2009,2020-06-19 09:30:54.900,2789.6000,20893,0,84432000.000,0,-,-,-,-,2787.6000,2787.2000,2787.0000,2786.8000,2786.6000,2789.8000,2793.0000,2793.2000,2794.0000,2795.0000,2,1,1,3,2,3,1,1,1,2
SF,IH2009,2020-06-19 09:30:55.400,2789.6000,20893,0,84432000.000,0,-,-,-,-,2787.6000,2787.2000,2787.0000,2786.8000,2784.0000,2789.8000,2793.0000,2793.2000,2794.0000,2795.0000,1,1,1,3,2,3,1,1,1,2
SF,IH2009,2020-06-19 09:30:55.900,2789.6000,20893,0,84432000.000,0,-,-,-,-,2787.6000,2787.2000,2787.0000,2786.8000,2785.4000,2789.8000,2793.0000,2793.2000,2794.0000,2795.0000,2,1,1,3,1,3,1,1,1,2
SF,IH2009,2020-06-19 09:30:56.400,2789.6000,20893,0,84432000.000,0,-,-,-,-,2787.6000,2787.2000,2787.0000,2786.8000,2785.4000,2789.6000,2789.8000,2793.0000,2793.2000,2794.0000,2,1,1,3,1,1,3,1,1,1
SF,IH2009,2020-06-19 09:30:56.900,2789.6000,20893,0,84432000.000,0,-,-,-,-,2787.6000,2787.2000,2787.0000,2786.8000,2785.4000,2789.6000,2789.8000,2793.0000,2793.2000,2794.0000,1,1,1,3,1,1,3,1,1,1
SF,IH2009,2020-06-19 09:30:57.400,2789.6000,20893,0,84432000.000,0,-,-,-,-,2787.6000,2787.2000,2787.0000,2786.8000,2785.4000,2789.6000,2789.8000,2793.0000,2793.2000,2794.0000,2,1,1,3,1,1,3,1,1,1
SF,IH2009,2020-06-19 09:30:57.900,2787.6000,20894,1,85268280.000,1,1,0,双开,S,2787.2000,2787.0000,2786.8000,2785.4000,2784.0000,2789.4000,2789.6000,2789.8000,2793.0000,2793.2000,1,1,3,1,2,1,1,3,1,1
SF,IH2009,2020-06-19 09:30:58.400,2787.6000,20894,0,85268280.000,0,-,-,-,-,2787.4000,2787.2000,2787.0000,2786.8000,2785.4000,2789.4000,2789.6000,2789.8000,2793.0000,2793.2000,1,1,1,3,1,1,1,3,1,1
SF,IH2009,2020-06-19 09:30:58.900,2787.6000,20894,0,85268280.000,0,-,-,-,-,2788.0000,2787.4000,2787.2000,2787.0000,2786.8000,2789.4000,2789.6000,2789.8000,2793.0000,2793.2000,2,1,1,1,3,1,1,3,1,1
SF,IH2009,2020-06-19 09:30:59.400,2787.6000,20894,0,85268280.000,0,-,-,-,-,2788.2000,2788.0000,2787.2000,2787.0000,2786.8000,2789.4000,2789.6000,2789.8000,2793.0000,2793.2000,1,3,1,1,3,1,1,3,1,1
SF,IH2009,2020-06-19 09:30:59.900,2787.6000,20894,0,85268280.000,0,-,-,-,-,2788.2000,2788.0000,2787.2000,2787.0000,2786.8000,2789.6000,2789.8000,2793.0000,2793.2000,2794.0000,2,2,1,1,3,1,3,1,1,1
SF,IH2009,2020-06-19 09:31:00.400,2787.6000,20894,0,85268280.000,0,-,-,-,-,2788.2000,2788.0000,2787.2000,2787.0000,2786.8000,2789.4000,2789.6000,2789.8000,2793.0000,2793.2000,2,2,1,1,3,1,1,3,1,1
SF,IH2009,2020-06-19 09:31:01.400,2787.6000,20894,0,85268280.000,0,-,-,-,-,2788.2000,2788.0000,2787.2000,2787.0000,2786.8000,2789.4000,2789.8000,2793.0000,2793.2000,2794.0000,2,2,1,1,3,1,3,1,1,1
SF,IH2009,2020-06-19 09:31:01.900,2789.4000,20893,-1,86105100.000,1,0,1,双平,S,2788.4000,2788.2000,2788.0000,2787.2000,2787.0000,2789.8000,2793.0000,2793.2000,2794.0000,2795.0000,2,2,2,1,1,3,1,1,1,2
SF,IH2009,2020-06-19 09:31:02.400,2789.8000,20892,-1,86942040.000,1,0,1,双平,S,2788.6000,2788.4000,2788.2000,2788.0000,2787.2000,2789.8000,2793.0000,2793.2000,2794.0000,2795.0000,1,9,1,2,1,2,1,1,1,2
SF,IH2009,2020-06-19 09:31:02.900,2789.8000,20892,0,86942040.000,0,-,-,-,-,2789.0000,2788.8000,2788.6000,2788.2000,2788.0000,2789.8000,2793.0000,2793.2000,2794.0000,2795.0000,1,1,1,1,2,2,1,1,1,2
SF,IH2009,2020-06-19 09:31:03.400,2789.8000,20892,0,86942040.000,0,-,-,-,-,2789.2000,2789.0000,2788.4000,2788.2000,2788.0000,2789.8000,2793.0000,2793.2000,2794.0000,2795.0000,1,3,1,1,2,2,1,1,1,2
SF,IH2009,2020-06-19 09:31:03.900,2789.8000,20892,0,86942040.000,0,-,-,-,-,2789.6000,2789.2000,2789.0000,2788.4000,2788.2000,2789.8000,2793.0000,2793.2000,2794.0000,2795.0000,1,2,1,1,1,2,1,1,1,2
SF,IH2009,2020-06-19 09:31:04.400,2789.8000,20890,-2,88615920.000,2,0,2,双平,S,2789.6000,2789.2000,2789.0000,2788.4000,2788.2000,2793.0000,2793.2000,2794.0000,2795.0000,2795.8000,2,1,1,1,1,1,1,1,2,1
SF,IH2009,2020-06-19 09:31:04.900,2789.8000,20889,-1,89452860.000,1,0,1,双平,S,2789.6000,2788.4000,2788.2000,2788.0000,2787.2000,2791.2000,2792.2000,2792.4000,2792.6000,2792.8000,1,1,1,2,1,1,1,2,6,2
SF,IH2009,2020-06-19 09:31:05.400,2789.8000,20889,0,89452860.000,0,-,-,-,-,2789.6000,2788.4000,2788.2000,2788.0000,2787.2000,2790.4000,2791.0000,2792.2000,2792.4000,2792.6000,1,1,1,2,1,1,1,1,1,6
SF,IH2009,2020-06-19 09:31:05.900,2789.8000,20889,0,89452860.000,0,-,-,-,-,2789.6000,2788.4000,2788.2000,2788.0000,2787.2000,2790.0000,2790.2000,2792.2000,2792.4000,2792.6000,2,1,1,2,1,1,1,1,1,6
SF,IH2009,2020-06-19 09:31:06.400,2789.6000,20888,-1,91126740.000,2,0,2,多平,S,2789.6000,2788.4000,2788.2000,2788.0000,2787.2000,2790.2000,2792.2000,2792.4000,2792.6000,2792.8000,2,1,1,2,1,1,1,1,6,3
SF,IH2009,2020-06-19 09:31:06.900,2790.2000,20887,-1,91963800.000,1,0,1,双平,S,2789.6000,2788.4000,2788.2000,2788.0000,2787.2000,2789.8000,2792.2000,2792.4000,2792.6000,2792.8000,2,1,1,2,1,1,1,1,6,3
SF,IH2009,2020-06-19 09:31:07.400,2790.2000,20886,-1,92800860.000,1,0,1,双平,S,2790.2000,2790.0000,2789.8000,2789.6000,2788.4000,2792.4000,2792.8000,2793.0000,2793.2000,2794.0000,2,1,2,2,1,1,1,2,1,1
SF,IH2009,2020-06-19 09:31:07.900,2790.2000,20886,0,92800860.000,0,-,-,-,-,2790.2000,2789.8000,2788.4000,2788.2000,2788.0000,2792.2000,2792.4000,2793.0000,2793.2000,2794.0000,2,1,1,1,2,3,1,1,1,1
SF,IH2009,2020-06-19 09:31:08.400,2790.2000,20886,0,93637920.000,1,0,1,多换,S,2790.2000,2789.8000,2788.4000,2788.2000,2788.0000,2792.0000,2792.2000,2792.4000,2793.0000,2793.2000,1,2,1,1,2,1,3,1,1,1
SF,IH2009,2020-06-19 09:31:08.900,2790.2000,20886,0,93637920.000,0,-,-,-,-,2790.2000,2789.8000,2788.4000,2788.2000,2788.0000,2791.8000,2792.0000,2792.2000,2792.4000,2793.0000,1,2,1,1,2,2,1,1,1,1
SF,IH2009,2020-06-19 09:31:09.400,2790.2000,20886,0,93637920.000,0,-,-,-,-,2790.4000,2790.2000,2789.8000,2788.4000,2788.2000,2791.8000,2792.2000,2792.4000,2793.0000,2793.2000,1,1,2,1,1,2,1,1,1,1
SF,IH2009,2020-06-19 09:31:09.900,2791.8000,20886,0,94475460.000,1,0,1,多换,S,2790.6000,2790.4000,2789.8000,2788.4000,2788.2000,2792.4000,2793.0000,2793.2000,2794.0000,2795.0000,1,3,2,1,1,1,1,1,1,2
SF,IH2009,2020-06-19 09:31:10.400,2791.8000,20886,0,94475460.000,0,-,-,-,-,2790.8000,2790.6000,2789.8000,2788.4000,2788.0000,2791.8000,2793.0000,2793.2000,2794.0000,2795.0000,2,3,2,1,2,1,1,1,1,2
SF,IH2009,2020-06-19 09:31:10.900,2791.8000,20886,0,95313000.000,1,0,1,多换,S,2792.2000,2791.2000,2791.0000,2790.8000,2789.8000,2793.0000,2793.2000,2794.0000,2795.0000,2795.8000,1,1,1,1,2,1,1,1,2,1
SF,IH2009,2020-06-19 09:31:11.400,2792.0000,20885,-1,96987960.000,2,0,2,多平,S,2791.0000,2790.0000,2789.8000,2788.0000,2787.0000,2792.2000,2792.8000,2793.0000,2793.2000,2794.0000,3,1,1,2,1,2,3,1,1,1
SF,IH2009,2020-06-19 09:31:11.900,2792.0000,20885,0,96987960.000,0,-,-,-,-,2791.0000,2790.0000,2789.8000,2788.0000,2787.0000,2792.0000,2792.2000,2792.8000,2793.0000,2793.2000,3,1,1,2,1,2,1,2,1,1
SF,IH2009,2020-06-19 09:31:12.400,2792.0000,20885,0,96987960.000,0,-,-,-,-,2791.2000,2791.0000,2790.0000,2789.8000,2788.0000,2792.0000,2792.8000,2793.0000,2793.2000,2794.0000,2,3,1,1,2,1,2,1,1,1
SF,IH2009,2020-06-19 09:31:12.900,2792.0000,20885,0,96987960.000,0,-,-,-,-,2791.2000,2791.0000,2790.0000,2789.8000,2788.0000,2792.0000,2792.8000,2793.0000,2793.2000,2794.0000,2,3,1,1,2,2,2,1,1,1
SF,IH2009,2020-06-19 09:31:13.400,2792.0000,20885,0,96987960.000,0,-,-,-,-,2791.2000,2791.0000,2790.0000,2789.8000,2788.0000,2792.0000,2792.8000,2793.0000,2793.2000,2794.0000,3,3,1,1,2,3,1,1,1,1
SF,IH2009,2020-06-19 09:31:13.900,2791.2000,20885,0,99500040.000,3,1,2,多换,S,2791.0000,2790.0000,2789.8000,2788.0000,2787.0000,2791.8000,2792.0000,2792.8000,2793.0000,2793.2000,3,1,1,2,1,1,2,1,1,1
SF,IH2009,2020-06-19 09:31:14.400,2791.2000,20885,0,99500040.000,0,-,-,-,-,2791.4000,2791.0000,2790.0000,2789.8000,2788.0000,2791.6000,2792.0000,2792.8000,2793.0000,2793.2000,3,3,1,1,2,1,1,1,1,1
SF,IH2009,2020-06-19 09:31:14.900,2791.4000,20882,-3,102012360.000,3,0,3,双平,S,2791.4000,2791.2000,2791.0000,2790.0000,2789.8000,2792.0000,2793.0000,2793.2000,2794.0000,2795.0000,1,1,3,1,1,1,1,1,1,2
SF,IH2009,2020-06-19 09:31:15.400,2791.4000,20881,-1,102849780.000,1,0,1,双平,S,2791.2000,2791.0000,2790.0000,2789.8000,2788.0000,2792.0000,2793.0000,2793.2000,2794.0000,2795.0000,1,3,1,1,2,1,1,1,1,2
SF,IH2009,2020-06-19 09:31:15.900,2791.4000,20881,0,102849780.000,0,-,-,-,-,2791.2000,2791.0000,2790.0000,2789.8000,2788.0000,2792.0000,2793.0000,2793.2000,2794.0000,2795.0000,2,3,1,1,2,1,1,1,1,2
SF,IH2009,2020-06-19 09:31:16.400,2791.4000,20881,0,102849780.000,0,-,-,-,-,2791.4000,2791.2000,2791.0000,2790.0000,2789.8000,2792.0000,2793.0000,2793.2000,2794.0000,2795.0000,1,1,3,1,1,1,1,1,1,2
SF,IH2009,2020-06-19 09:31:16.900,2791.4000,20881,0,102849780.000,0,-,-,-,-,2791.4000,2791.2000,2791.0000,2790.0000,2789.8000,2792.0000,2793.0000,2793.2000,2794.0000,2794.4000,1,1,3,1,1,1,2,1,1,1
SF,IH2009,2020-06-19 09:31:17.400,2791.2000,20879,-2,104524560.000,2,0,2,双平,S,2791.0000,2790.0000,2789.8000,2788.0000,2787.0000,2792.0000,2793.0000,2793.2000,2794.0000,2794.4000,3,1,1,2,1,1,2,1,1,1
SF,IH2009,2020-06-19 09:31:17.900,2791.2000,20879,0,104524560.000,0,-,-,-,-,2791.0000,2790.0000,2789.8000,2788.0000,2787.0000,2791.4000,2791.8000,2792.0000,2793.0000,2793.2000,3,1,1,2,1,1,1,3,2,1
SF,IH2009,2020-06-19 09:31:18.400,2791.0000,20879,0,107036460.000,3,1,2,多换,S,2790.0000,2789.8000,2788.0000,2787.0000,2785.4000,2791.4000,2791.8000,2792.0000,2793.0000,2793.2000,1,1,2,1,1,1,1,3,2,1
SF,IH2009,2020-06-19 09:31:18.900,2791.0000,20879,0,107036460.000,0,-,-,-,-,2790.2000,2790.0000,2789.8000,2788.0000,2787.0000,2791.4000,2792.0000,2793.0000,2793.2000,2794.0000,1,1,1,2,1,1,1,2,1,1
SF,IH2009,2020-06-19 09:31:19.400,2791.0000,20879,0,107036460.000,0,-,-,-,-,2791.0000,2790.4000,2790.2000,2790.0000,2789.8000,2791.2000,2791.4000,2792.0000,2793.0000,2793.2000,1,1,1,1,1,1,2,1,2,1
SF,IH2009,2020-06-19 09:31:19.900,2791.2000,20878,-1,107873820.000,1,0,1,双平,S,2791.0000,2790.4000,2790.2000,2790.0000,2789.8000,2791.4000,2792.0000,2793.0000,2793.2000,2794.0000,1,2,4,1,1,2,1,2,1,1
SF,IH2009,2020-06-19 09:31:20.400,2791.4000,20876,-2,109548660.000,2,0,2,双平,S,2791.0000,2790.4000,2790.2000,2790.0000,2789.8000,2792.0000,2793.0000,2793.2000,2794.0000,2794.4000,1,2,4,1,1,1,2,1,1,1
SF,IH2009,2020-06-19 09:31:20.900,2791.4000,20876,0,109548660.000,0,-,-,-,-,2791.4000,2791.2000,2791.0000,2790.4000,2790.2000,2792.0000,2793.0000,2793.2000,2794.0000,2794.4000,1,1,2,2,3,1,2,1,1,1
SF,IH2009,2020-06-19 09:31:21.400,2791.4000,20876,0,109548660.000,0,-,-,-,-,2791.4000,2791.2000,2791.0000,2790.4000,2790.2000,2792.0000,2793.0000,2793.2000,2794.0000,2794.4000,2,1,1,2,3,1,2,1,1,1
SF,IH2009,2020-06-19 09:31:21.900,2792.0000,20875,-1,110386260.000,1,0,1,双平,S,2791.4000,2791.2000,2791.0000,2790.4000,2790.2000,2793.0000,2793.2000,2794.0000,2794.4000,2795.0000,2,1,1,2,3,2,1,1,1,2
SF,IH2009,2020-06-19 09:31:22.400,2792.0000,20875,0,110386260.000,0,-,-,-,-,2791.6000,2791.4000,2791.0000,2790.4000,2790.2000,2793.0000,2793.2000,2794.0000,2794.4000,2795.0000,1,3,1,2,3,2,1,1,1,2
SF,IH2009,2020-06-19 09:31:22.900,2792.0000,20875,0,110386260.000,0,-,-,-,-,2791.6000,2791.4000,2791.0000,2790.4000,2790.2000,2792.8000,2793.0000,2793.2000,2794.0000,2794.4000,5,2,1,2,3,1,2,1,1,1
SF,IH2009,2020-06-19 09:31:23.400,2792.0000,20875,0,110386260.000,0,-,-,-,-,2791.8000,2791.6000,2791.4000,2791.0000,2790.4000,2792.8000,2793.0000,2793.2000,2794.0000,2794.4000,1,4,2,1,2,1,2,1,1,1
SF,IH2009,2020-06-19 09:31:23.900,2792.0000,20874,-1,111223860.000,1,0,1,双平,S,2791.8000,2791.6000,2791.4000,2791.0000,2790.4000,2793.0000,2793.2000,2794.0000,2794.4000,2795.0000,1,3,2,1,2,2,1,1,1,2
SF,IH2009,2020-06-19 09:31:24.400,2793.0000,20874,0,112061760.000,1,0,1,多换,S,2792.8000,2792.0000,2791.8000,2791.6000,2791.4000,2793.0000,2793.2000,2794.0000,2794.4000,2795.0000,1,2,1,3,2,1,1,1,1,2
SF,IH2009,2020-06-19 09:31:24.900,2792.0000,20872,-2,114575040.000,3,0,3,多平,S,2792.0000,2791.8000,2791.6000,2791.4000,2791.0000,2793.0000,2793.2000,2794.0000,2794.4000,2795.0000,2,1,3,2,1,1,1,1,1,2
SF,IH2009,2020-06-19 09:31:25.400,2792.0000,20872,0,114575040.000,0,-,-,-,-,2792.2000,2792.0000,2791.6000,2791.4000,2791.0000,2793.0000,2793.2000,2794.0000,2794.4000,2795.0000,1,2,3,2,1,1,1,1,1,2
SF,IH2009,2020-06-19 09:31:26.900,2792.0000,20872,0,114575040.000,0,-,-,-,-,2792.2000,2792.0000,2791.6000,2791.4000,2791.0000,2793.0000,2793.2000,2794.0000,2794.4000,2795.0000,1,2,3,3,1,1,1,1,1,2
SF,IH2009,2020-06-19 09:31:27.400,2793.0000,20871,-1,115412940.000,1,0,1,双平,S,2792.2000,2792.0000,2791.6000,2791.4000,2791.0000,2793.2000,2794.0000,2794.4000,2795.0000,2795.8000,1,2,3,3,1,1,1,1,2,1
SF,IH2009,2020-06-19 09:31:27.900,2793.0000,20871,0,115412940.000,0,-,-,-,-,2792.4000,2792.2000,2792.0000,2791.6000,2791.4000,2793.0000,2793.2000,2794.0000,2794.4000,2795.0000,3,1,2,3,3,1,1,1,1,2
SF,IH2009,2020-06-19 09:31:28.400,2793.0000,20869,-2,117926700.000,3,0,3,多平,S,2792.6000,2792.4000,2792.0000,2791.4000,2791.0000,2794.0000,2794.4000,2795.0000,2795.8000,2796.6000,1,3,2,3,1,1,1,2,1,1
SF,IH2009,2020-06-19 09:31:28.900,2793.0000,20869,0,117926700.000,0,-,-,-,-,2792.8000,2792.6000,2792.4000,2792.0000,2791.4000,2794.0000,2794.4000,2795.0000,2795.8000,2796.6000,1,4,3,2,3,2,1,2,1,1
SF,IH2009,2020-06-19 09:31:29.400,2793.0000,20869,0,117926700.000,0,-,-,-,-,2792.8000,2792.6000,2792.4000,2792.0000,2791.4000,2793.8000,2794.0000,2794.4000,2795.0000,2795.8000,3,3,3,2,3,1,2,1,2,1
SF,IH2009,2020-06-19 09:31:29.900,2793.0000,20869,0,118764600.000,1,0,1,多换,S,2793.0000,2792.8000,2792.6000,2792.0000,2791.4000,2794.0000,2794.4000,2795.0000,2795.8000,2796.6000,4,2,3,2,3,2,1,2,1,1
SF,IH2009,2020-06-19 09:31:30.400,2794.0000,20867,-2,120441000.000,2,0,2,双平,S,2793.2000,2793.0000,2792.8000,2792.6000,2792.0000,2794.4000,2795.0000,2795.8000,2796.6000,2797.2000,1,4,2,3,2,1,2,1,1,3
SF,IH2009,2020-06-19 09:31:30.900,2794.0000,20867,0,120441000.000,0,-,-,-,-,2793.2000,2793.0000,2792.8000,2792.6000,2792.0000,2794.4000,2795.0000,2795.8000,2796.6000,2797.2000,1,4,1,3,2,1,2,1,1,3
SF,IH2009,2020-06-19 09:31:31.400,2794.4000,20867,0,121279320.000,1,0,1,多换,S,2793.4000,2793.0000,2792.8000,2792.6000,2792.0000,2795.0000,2795.8000,2796.6000,2797.2000,2799.8000,1,4,1,3,2,2,1,1,3,1
SF,IH2009,2020-06-19 09:31:31.900,2794.4000,20867,0,121279320.000,0,-,-,-,-,2793.6000,2793.0000,2792.8000,2792.6000,2792.0000,2794.8000,2795.0000,2795.8000,2796.6000,2797.2000,3,1,1,3,2,2,2,1,1,3
SF,IH2009,2020-06-19 09:31:32.400,2794.4000,20867,0,121279320.000,0,-,-,-,-,2793.8000,2793.6000,2793.0000,2792.8000,2792.0000,2794.8000,2795.0000,2795.8000,2796.6000,2797.2000,3,3,1,1,2,3,2,1,1,3
SF,IH2009,2020-06-19 09:31:32.900,2793.8000,20867,0,123793740.000,3,1,2,多换,S,2794.0000,2793.0000,2792.8000,2792.0000,2791.4000,2794.6000,2794.8000,2795.0000,2795.8000,2796.6000,3,11,1,2,3,1,2,2,1,1
SF,IH2009,2020-06-19 09:31:33.400,2794.4000,20866,-1,127146780.000,4,1,3,多平,S,2794.0000,2793.0000,2792.8000,2792.0000,2791.4000,2794.6000,2795.0000,2795.8000,2796.6000,2799.6000,1,11,1,2,3,2,3,1,1,3
SF,IH2009,2020-06-19 09:31:33.900,2794.0000,20867,1,127984980.000,1,1,0,双开,S,2793.0000,2792.8000,2792.0000,2791.4000,2791.0000,2794.4000,2794.6000,2795.0000,2795.8000,2796.6000,11,1,2,3,3,1,2,3,1,1
SF,IH2009,2020-06-19 09:31:34.400,2794.0000,20867,0,127984980.000,0,-,-,-,-,2794.2000,2793.2000,2793.0000,2792.8000,2792.0000,2794.4000,2794.6000,2795.0000,2795.8000,2796.6000,1,1,11,1,2,1,1,2,1,1
SF,IH2009,2020-06-19 09:31:34.900,2794.2000,20866,-1,128823240.000,1,0,1,双平,S,2793.2000,2793.0000,2792.8000,2792.0000,2791.4000,2794.2000,2794.4000,2794.6000,2795.0000,2795.8000,2,11,1,2,3,1,1,1,2,1
SF,IH2009,2020-06-19 09:31:35.400,2794.4000,20864,-2,130499820.000,2,0,2,双平,S,2793.4000,2793.2000,2793.0000,2792.8000,2792.0000,2794.6000,2795.0000,2795.8000,2796.6000,2799.6000,1,2,11,1,2,1,2,1,1,3
SF,IH2009,2020-06-19 09:31:35.900,2794.6000,20863,-1,131338200.000,1,0,1,双平,S,2793.4000,2793.2000,2793.0000,2792.8000,2792.0000,2795.0000,2795.8000,2796.6000,2799.6000,2799.8000,1,1,11,1,2,2,1,1,3,1
SF,IH2009,2020-06-19 09:31:36.400,2795.0000,20862,-1,133015200.000,2,0,2,多平,S,2793.6000,2793.4000,2793.2000,2793.0000,2792.8000,2795.8000,2796.6000,2799.6000,2799.8000,2800.0000,1,1,1,11,1,1,1,3,1,2
SF,IH2009,2020-06-19 09:31:36.900,2796.6000,20861,-1,134692920.000,2,0,2,多平,S,2793.8000,2793.6000,2793.2000,2793.0000,2792.8000,2795.0000,2799.6000,2799.8000,2800.0000,2803.0000,1,1,1,11,1,1,3,1,2,1
SF,IH2009,2020-06-19 09:31:37.400,2796.6000,20861,0,134692920.000,0,-,-,-,-,2793.8000,2793.2000,2793.0000,2792.8000,2792.0000,2795.0000,2795.6000,2799.6000,2799.8000,2800.0000,1,1,11,1,2,1,1,3,1,2
SF,IH2009,2020-06-19 09:31:37.900,2793.8000,20861,0,136369560.000,2,1,1,多换,S,2794.0000,2793.2000,2793.0000,2792.8000,2792.0000,2795.0000,2795.6000,2799.6000,2799.8000,2800.0000,1,1,11,1,2,2,1,3,1,2
SF,IH2009,2020-06-19 09:31:38.400,2793.8000,20861,0,136369560.000,0,-,-,-,-,2794.0000,2793.2000,2793.0000,2792.8000,2792.0000,2795.0000,2795.6000,2796.4000,2799.6000,2799.8000,1,1,11,1,2,2,1,1,3,1
SF,IH2009,2020-06-19 09:31:38.900,2793.8000,20861,0,136369560.000,0,-,-,-,-,2794.0000,2793.2000,2793.0000,2792.8000,2792.0000,2795.0000,2795.6000,2796.2000,2796.4000,2799.6000,1,1,11,1,2,1,1,1,4,3
SF,IH2009,2020-06-19 09:31:39.400,2795.0000,20861,0,137208060.000,1,0,1,多换,S,2795.0000,2794.2000,2794.0000,2793.2000,2793.0000,2795.6000,2796.2000,2796.4000,2796.6000,2799.6000,1,1,1,1,1,1,2,4,1,3
SF,IH2009,2020-06-19 09:31:39.900,2795.0000,20861,0,138046560.000,1,0,1,多换,S,2794.2000,2794.0000,2792.8000,2792.0000,2791.4000,2795.6000,2796.2000,2796.4000,2796.6000,2799.8000,1,1,1,1,2,1,2,5,1,1
SF,IH2009,2020-06-19 09:31:40.400,2795.0000,20861,0,138046560.000,0,-,-,-,-,2794.2000,2792.8000,2792.0000,2791.4000,2791.0000,2795.6000,2796.2000,2796.4000,2796.6000,2799.8000,1,1,1,2,3,1,1,5,1,1
SF,IH2009,2020-06-19 09:31:40.900,2795.0000,20861,0,138046560.000,0,-,-,-,-,2795.0000,2794.4000,2794.2000,2792.8000,2792.0000,2795.6000,2796.2000,2796.4000,2796.6000,2799.8000,1,1,1,1,1,1,1,5,1,1
SF,IH2009,2020-06-19 09:31:41.400,2795.0000,20861,0,138046560.000,0,-,-,-,-,2795.0000,2794.2000,2792.8000,2792.0000,2791.4000,2795.6000,2796.4000,2796.6000,2797.6000,2799.8000,1,1,1,1,2,3,5,1,1,1
SF,IH2009,2020-06-19 09:31:41.900,2795.0000,20861,0,138046560.000,0,-,-,-,-,2795.0000,2794.2000,2792.8000,2792.0000,2791.4000,2795.4000,2795.6000,2796.6000,2797.6000,2798.4000,1,1,1,1,2,1,1,1,1,1
SF,IH2009,2020-06-19 09:31:42.400,2795.0000,20861,0,138046560.000,0,-,-,-,-,2795.0000,2794.2000,2792.8000,2792.0000,2791.4000,2795.4000,2796.6000,2798.2000,2798.4000,2799.8000,1,1,1,1,2,1,1,3,1,1
SF,IH2009,2020-06-19 09:31:42.900,2795.4000,20860,-1,138885180.000,1,0,1,双平,S,2795.2000,2795.0000,2794.2000,2792.8000,2792.0000,2795.6000,2798.2000,2798.4000,2799.8000,2800.0000,1,1,1,1,1,1,3,1,1,2
SF,IH2009,2020-06-19 09:31:43.400,2795.6000,20859,-1,139723860.000,1,0,1,双平,S,2795.0000,2794.2000,2792.8000,2792.0000,2791.4000,2796.8000,2798.2000,2798.4000,2799.8000,2800.0000,1,1,1,1,2,1,3,1,1,2
SF,IH2009,2020-06-19 09:31:43.900,2795.6000,20859,0,139723860.000,0,-,-,-,-,2795.2000,2795.0000,2794.2000,2792.8000,2792.0000,2796.6000,2796.8000,2798.2000,2798.4000,2799.8000,1,2,1,1,1,2,3,3,1,1
SF,IH2009,2020-06-19 09:31:44.400,2795.6000,20859,0,139723860.000,0,-,-,-,-,2795.2000,2795.0000,2794.8000,2791.4000,2791.0000,2796.6000,2796.8000,2798.2000,2798.4000,2799.8000,2,1,10,2,3,3,2,3,1,1
SF,IH2009,2020-06-19 09:31:44.900,2796.6000,20859,0,140562840.000,1,0,1,多换,S,2795.2000,2795.0000,2794.8000,2793.0000,2791.4000,2796.6000,2796.8000,2797.0000,2798.2000,2798.4000,2,1,10,1,2,1,1,2,3,1
SF,IH2009,2020-06-19 09:31:45.400,2796.6000,20858,-1,141401820.000,1,0,1,双平,S,2795.2000,2795.0000,2794.8000,2793.0000,2791.4000,2796.6000,2796.8000,2797.0000,2798.4000,2799.4000,1,1,10,1,2,1,1,2,1,3
SF,IH2009,2020-06-19 09:31:45.900,2796.6000,20858,0,141401820.000,0,-,-,-,-,2795.2000,2795.0000,2794.8000,2793.0000,2791.4000,2796.6000,2796.8000,2797.0000,2799.4000,2799.8000,2,1,10,1,2,1,1,2,3,1
SF,IH2009,2020-06-19 09:31:46.900,2796.6000,20858,0,141401820.000,0,-,-,-,-,2795.2000,2795.0000,2794.8000,2794.0000,2793.0000,2796.6000,2796.8000,2797.0000,2799.4000,2799.8000,2,1,10,1,1,1,1,2,3,1
SF,IH2009,2020-06-19 09:31:47.400,2796.6000,20858,0,141401820.000,0,-,-,-,-,2795.2000,2795.0000,2794.8000,2794.0000,2793.0000,2796.8000,2797.0000,2799.4000,2799.8000,2800.0000,2,1,10,1,1,1,2,3,1,2
SF,IH2009,2020-06-19 09:31:47.900,2795.4000,20857,-1,142240440.000,1,0,1,双平,S,2795.4000,2795.2000,2795.0000,2794.8000,2794.0000,2796.8000,2797.0000,2799.4000,2799.8000,2800.0000,5,2,1,10,1,1,2,3,1,2
SF,IH2009,2020-06-19 09:31:48.400,2795.4000,20857,0,142240440.000,0,-,-,-,-,2795.6000,2795.4000,2795.0000,2794.8000,2794.0000,2796.8000,2797.0000,2799.4000,2799.8000,2800.0000,1,1,1,10,1,1,2,3,1,2
SF,IH2009,2020-06-19 09:31:48.900,2795.4000,20857,0,142240440.000,0,-,-,-,-,2795.8000,2795.6000,2795.4000,2795.0000,2794.8000,2796.8000,2797.0000,2799.4000,2799.8000,2800.0000,1,1,5,1,10,1,2,3,1,2
SF,IH2009,2020-06-19 09:31:49.400,2795.4000,20857,0,143079060.000,1,0,1,多换,S,2795.4000,2795.0000,2794.8000,2794.0000,2793.0000,2796.8000,2797.0000,2799.4000,2799.8000,2800.0000,5,1,10,1,1,1,2,3,1,2
SF,IH2009,2020-06-19 09:31:49.900,2796.8000,20856,-1,143918100.000,1,0,1,双平,S,2795.6000,2795.4000,2795.0000,2794.8000,2794.0000,2796.8000,2797.0000,2799.4000,2799.8000,2800.0000,1,5,1,10,1,1,2,3,1,2
SF,IH2009,2020-06-19 09:31:50.400,2796.8000,20854,-2,145595820.000,2,0,2,双平,S,2795.4000,2795.0000,2794.8000,2794.0000,2793.0000,2797.0000,2799.4000,2799.8000,2800.0000,2801.0000,5,1,10,1,1,2,3,1,2,1
SF,IH2009,2020-06-19 09:31:50.900,2795.4000,20854,0,146434440.000,1,0,1,多换,S,2795.4000,2795.0000,2794.8000,2794.0000,2793.0000,2796.4000,2797.0000,2799.4000,2799.8000,2800.0000,3,1,10,1,1,1,2,3,1,2
SF,IH2009,2020-06-19 09:31:51.400,2795.4000,20854,0,146434440.000,0,-,-,-,-,2795.0000,2794.8000,2794.0000,2793.0000,2791.4000,2796.4000,2797.0000,2799.4000,2799.8000,2800.0000,2,10,1,1,2,1,2,3,1,2
SF,IH2009,2020-06-19 09:31:51.900,2795.4000,20854,0,146434440.000,0,-,-,-,-,2795.0000,2794.8000,2794.0000,2793.0000,2791.4000,2795.6000,2796.4000,2797.0000,2799.4000,2799.8000,2,10,1,1,2,1,2,2,3,1
SF,IH2009,2020-06-19 09:31:52.400,2794.8000,20853,-1,156495840.000,12,5,7,多平,S,2794.0000,2793.0000,2791.4000,2791.0000,2790.0000,2795.6000,2796.2000,2796.4000,2797.0000,2799.4000,1,1,2,3,1,1,1,1,2,3
SF,IH2009,2020-06-19 09:31:52.900,2795.6000,20852,-1,157334520.000,1,0,1,双平,S,2794.0000,2793.0000,2791.4000,2791.0000,2790.0000,2796.2000,2796.4000,2797.0000,2799.4000,2799.8000,1,1,2,3,1,1,1,2,3,1
SF,IH2009,2020-06-19 09:31:53.400,2795.6000,20852,0,157334520.000,0,-,-,-,-,2794.2000,2794.0000,2793.0000,2791.4000,2791.0000,2796.2000,2796.8000,2797.0000,2799.4000,2799.8000,1,1,1,2,3,2,1,3,3,1
SF,IH2009,2020-06-19 09:31:53.900,2796.2000,20852,0,158173380.000,1,0,1,多换,S,2795.6000,2794.2000,2794.0000,2793.0000,2791.4000,2796.8000,2797.0000,2799.4000,2799.8000,2800.0000,1,1,1,1,2,1,3,3,1,2
SF,IH2009,2020-06-19 09:31:54.400,2795.6000,20852,0,159012060.000,1,0,1,多换,S,2794.2000,2794.0000,2793.0000,2791.4000,2791.0000,2796.0000,2796.8000,2797.0000,2799.4000,2799.8000,1,1,1,2,3,2,2,3,3,1
SF,IH2009,2020-06-19 09:31:54.900,2795.6000,20851,-1,159850740.000,1,0,1,双平,S,2794.2000,2794.0000,2793.0000,2791.4000,2791.0000,2796.0000,2796.6000,2796.8000,2797.0000,2799.4000,1,1,1,2,3,2,1,2,3,3
SF,IH2009,2020-06-19 09:31:55.400,2796.0000,20850,-1,160689540.000,1,0,1,双平,S,2794.2000,2794.0000,2793.0000,2791.4000,2791.0000,2796.0000,2796.6000,2796.8000,2797.0000,2799.4000,1,1,1,2,3,1,1,2,3,3
SF,IH2009,2020-06-19 09:31:55.900,2796.0000,20850,0,160689540.000,0,-,-,-,-,2794.2000,2794.0000,2793.0000,2791.4000,2791.0000,2796.0000,2796.8000,2797.0000,2799.4000,2799.8000,1,1,1,2,3,1,2,3,3,1
SF,IH2009,2020-06-19 09:31:56.400,2796.0000,20849,-1,161528340.000,1,0,1,双平,S,2794.2000,2794.0000,2793.0000,2791.4000,2791.0000,2796.0000,2796.8000,2797.0000,2799.4000,2799.8000,1,1,1,2,3,2,2,3,3,1
SF,IH2009,2020-06-19 09:31:56.900,2796.0000,20849,0,161528340.000,0,-,-,-,-,2794.2000,2794.0000,2793.0000,2791.4000,2791.0000,2796.0000,2796.8000,2797.0000,2799.4000,2799.8000,1,1,1,2,3,2,2,3,3,1
SF,IH2009,2020-06-19 09:31:57.400,2796.0000,20849,0,161528340.000,0,-,-,-,-,2795.2000,2794.2000,2794.0000,2793.0000,2791.4000,2795.8000,2796.0000,2796.8000,2797.0000,2798.8000,1,1,1,1,2,1,2,2,3,1
SF,IH2009,2020-06-19 09:31:57.900,2795.2000,20850,1,162366900.000,1,1,0,双开,S,2794.2000,2794.0000,2793.0000,2791.4000,2791.0000,2795.2000,2795.8000,2796.0000,2796.8000,2797.0000,1,1,1,2,3,1,2,1,2,3
SF,IH2009,2020-06-19 09:31:58.400,2795.2000,20850,0,162366900.000,0,-,-,-,-,2794.0000,2793.0000,2791.4000,2791.0000,2790.0000,2795.2000,2795.8000,2796.8000,2797.0000,2798.8000,1,1,2,3,1,1,2,2,3,1
SF,IH2009,2020-06-19 09:31:58.900,2795.2000,20850,0,162366900.000,0,-,-,-,-,2794.2000,2794.0000,2793.0000,2791.4000,2791.0000,2795.0000,2795.8000,2796.2000,2796.8000,2797.0000,3,1,1,2,3,1,2,2,1,3
SF,IH2009,2020-06-19 09:31:59.900,2795.0000,20849,-1,163205400.000,1,0,1,双平,S,2794.2000,2794.0000,2793.4000,2793.0000,2791.4000,2794.8000,2795.8000,2796.2000,2796.8000,2797.0000,3,1,1,1,2,2,2,2,1,3
SF,IH2009,2020-06-19 09:32:00.400,2795.0000,20848,-1,164043900.000,1,0,1,双平,S,2794.4000,2794.2000,2794.0000,2793.4000,2793.0000,2794.8000,2795.8000,2796.2000,2796.8000,2797.0000,1,3,1,1,1,1,2,2,1,3
SF,IH2009,2020-06-19 09:32:00.900,2795.0000,20848,0,164043900.000,0,-,-,-,-,2794.2000,2794.0000,2793.4000,2793.0000,2791.4000,2794.8000,2795.8000,2796.2000,2796.8000,2797.0000,3,1,1,1,2,1,2,2,1,3
SF,IH2009,2020-06-19 09:32:01.400,2795.0000,20847,-1,164882400.000,1,0,1,双平,S,2794.4000,2794.2000,2794.0000,2793.0000,2791.4000,2795.6000,2795.8000,2796.2000,2796.8000,2797.0000,1,3,1,1,2,1,1,2,1,3
SF,IH2009,2020-06-19 09:32:01.900,2795.0000,20847,0,164882400.000,0,-,-,-,-,2794.4000,2794.2000,2794.0000,2793.0000,2791.4000,2795.6000,2796.2000,2796.8000,2797.0000,2798.8000,1,3,1,1,2,2,2,1,3,1
SF,IH2009,2020-06-19 09:32:02.400,2795.0000,20847,0,164882400.000,0,-,-,-,-,2794.4000,2794.2000,2794.0000,2793.0000,2791.4000,2795.4000,2795.6000,2796.2000,2796.8000,2797.0000,1,3,1,1,2,2,2,2,1,3
SF,IH2009,2020-06-19 09:32:02.900,2795.0000,20847,0,164882400.000,0,-,-,-,-,2794.6000,2794.4000,2794.2000,2794.0000,2793.0000,2795.4000,2795.6000,2796.2000,2796.8000,2797.0000,1,1,3,1,1,2,2,2,1,3
SF,IH2009,2020-06-19 09:32:03.400,2794.6000,20846,-1,165720780.000,1,0,1,双平,S,2794.2000,2794.0000,2793.0000,2791.4000,2791.0000,2795.4000,2795.6000,2796.2000,2796.8000,2797.0000,3,1,1,1,3,2,2,2,1,3
SF,IH2009,2020-06-19 09:32:03.900,2794.6000,20847,1,166559160.000,1,1,0,双开,S,2794.8000,2794.4000,2794.0000,2793.0000,2791.4000,2795.4000,2795.6000,2796.2000,2796.8000,2797.0000,2,1,1,1,1,3,1,2,1,3
SF,IH2009,2020-06-19 09:32:04.400,2795.4000,20844,-3,169075020.000,3,0,3,双平,S,2795.0000,2794.8000,2794.0000,2793.0000,2791.4000,2795.6000,2796.2000,2796.8000,2797.0000,2798.8000,1,2,1,1,1,1,2,1,3,1
SF,IH2009,2020-06-19 09:32:04.900,2795.4000,20844,0,169075020.000,0,-,-,-,-,2795.4000,2795.0000,2794.0000,2793.0000,2791.4000,2795.6000,2796.2000,2796.8000,2797.0000,2798.8000,1,3,1,1,1,1,2,1,3,1
SF,IH2009,2020-06-19 09:32:05.400,2795.6000,20843,-1,169913700.000,1,0,1,双平,S,2795.6000,2795.4000,2795.0000,2794.4000,2794.0000,2796.2000,2796.8000,2797.0000,2798.8000,2799.4000,1,1,3,1,1,2,1,3,1,3
SF,IH2009,2020-06-19 09:32:05.900,2795.6000,20842,-1,170752380.000,1,0,1,双平,S,2795.6000,2795.4000,2794.4000,2794.0000,2793.0000,2796.2000,2796.8000,2797.0000,2798.8000,2799.4000,2,1,1,1,1,2,1,3,1,3
SF,IH2009,2020-06-19 09:32:06.400,2796.2000,20841,-1,171591240.000,1,0,1,双平,S,2795.8000,2795.6000,2795.4000,2794.4000,2794.0000,2796.2000,2796.8000,2797.0000,2798.8000,2799.4000,2,1,1,1,1,1,1,3,1,3
SF,IH2009,2020-06-19 09:32:06.900,2796.2000,20840,-1,172430100.000,1,0,1,双平,S,2795.8000,2795.6000,2795.4000,2794.4000,2794.0000,2796.8000,2797.0000,2798.8000,2799.4000,2800.0000,2,1,1,1,1,1,3,1,3,2
SF,IH2009,2020-06-19 09:32:07.400,2796.2000,20839,-1,173268960.000,1,0,1,双平,S,2796.2000,2796.0000,2795.8000,2795.4000,2794.4000,2796.8000,2797.0000,2798.8000,2799.4000,2800.0000,1,1,2,1,1,2,3,1,3,2
SF,IH2009,2020-06-19 09:32:07.900,2796.2000,20836,-3,175785900.000,3,0,3,双平,S,2796.4000,2796.2000,2795.4000,2794.4000,2794.0000,2797.0000,2798.8000,2799.4000,2800.0000,2801.0000,2,2,1,1,1,3,1,3,2,1
SF,IH2009,2020-06-19 09:32:08.400,2797.0000,20835,-1,177464100.000,2,0,2,多平,S,2796.6000,2796.4000,2795.4000,2794.4000,2794.0000,2797.0000,2798.8000,2799.4000,2800.0000,2801.0000,1,2,1,1,1,1,1,3,2,1
SF,IH2009,2020-06-19 09:32:08.900,2796.6000,20832,-3,179981160.000,3,0,3,双平,S,2796.4000,2795.4000,2794.2000,2794.0000,2793.0000,2798.8000,2799.4000,2800.0000,2801.0000,2801.8000,2,1,1,1,1,1,3,2,1,10
SF,IH2009,2020-06-19 09:32:09.400,2796.6000,20832,0,179981160.000,0,-,-,-,-,2796.8000,2796.6000,2795.4000,2794.2000,2794.0000,2797.6000,2798.6000,2798.8000,2799.4000,2800.0000,2,1,1,1,1,2,3,1,3,2
SF,IH2009,2020-06-19 09:32:09.900,2797.6000,20831,-1,180820440.000,1,0,1,双平,S,2796.8000,2794.2000,2794.0000,2793.0000,2791.4000,2798.6000,2798.8000,2799.4000,2800.0000,2801.0000,2,1,1,1,1,1,1,3,2,1
SF,IH2009,2020-06-19 09:32:10.400,2797.6000,20831,0,180820440.000,0,-,-,-,-,2797.0000,2796.8000,2795.0000,2794.2000,2794.0000,2798.4000,2798.6000,2798.8000,2799.4000,2799.8000,1,2,1,1,1,1,2,1,3,1
SF,IH2009,2020-06-19 09:32:10.900,2797.6000,20831,0,180820440.000,0,-,-,-,-,2797.6000,2797.0000,2795.0000,2794.2000,2794.0000,2798.4000,2798.8000,2799.4000,2799.8000,2800.0000,1,4,1,1,1,2,1,3,1,2
SF,IH2009,2020-06-19 09:32:11.400,2797.6000,20831,0,181659720.000,1,0,1,多换,S,2797.0000,2795.0000,2794.2000,2794.0000,2793.0000,2798.4000,2798.8000,2799.4000,2799.8000,2800.0000,4,1,1,1,1,1,1,3,1,2
SF,IH2009,2020-06-19 09:32:11.900,2797.0000,20831,0,182498820.000,1,0,1,多换,S,2797.2000,2797.0000,2795.0000,2794.2000,2794.0000,2798.8000,2799.4000,2799.8000,2800.0000,2801.0000,2,1,1,1,1,1,3,1,2,1
SF,IH2009,2020-06-19 09:32:12.400,2797.0000,20831,0,182498820.000,0,-,-,-,-,2797.4000,2797.2000,2795.0000,2794.2000,2794.0000,2798.8000,2799.4000,2799.8000,2800.0000,2801.0000,1,2,1,1,1,1,3,1,2,1
SF,IH2009,2020-06-19 09:32:12.900,2797.0000,20831,0,182498820.000,0,-,-,-,-,2797.4000,2797.2000,2795.0000,2794.2000,2794.0000,2798.8000,2799.4000,2799.8000,2800.0000,2801.0000,1,3,1,1,1,1,3,1,2,1
SF,IH2009,2020-06-19 09:32:13.400,2797.0000,20830,-1,183337920.000,1,0,1,双平,S,2797.6000,2797.2000,2795.0000,2794.2000,2794.0000,2798.8000,2799.4000,2799.8000,2800.0000,2803.0000,2,1,1,1,1,1,3,1,2,1
SF,IH2009,2020-06-19 09:32:13.900,2800.0000,20826,-4,187537080.000,5,0,5,多平,S,2800.8000,2797.6000,2797.2000,2795.4000,2795.0000,2803.0000,2805.0000,2805.2000,2805.4000,2806.0000,3,2,1,1,1,1,1,10,3,1
SF,IH2009,2020-06-19 09:32:14.400,2799.6000,20823,-3,192577200.000,6,1,5,多平,S,2797.2000,2795.4000,2795.0000,2794.2000,2794.0000,2799.8000,2800.4000,2800.6000,2800.8000,2801.4000,1,1,1,1,1,1,1,5,2,1
SF,IH2009,2020-06-19 09:32:14.900,2799.6000,20823,0,192577200.000,0,-,-,-,-,2795.4000,2795.0000,2794.2000,2794.0000,2793.0000,2798.4000,2799.4000,2799.6000,2799.8000,2800.0000,1,1,1,1,1,1,8,2,1,3
SF,IH2009,2020-06-19 09:32:15.400,2798.4000,20822,-1,194256240.000,2,0,2,多平,S,2795.8000,2795.6000,2795.4000,2795.0000,2794.2000,2799.4000,2799.8000,2800.0000,2800.6000,2800.8000,3,8,2,1,1,1,1,3,1,3
SF,IH2009,2020-06-19 09:32:15.900,2798.4000,20822,0,194256240.000,0,-,-,-,-,2797.2000,2796.4000,2796.2000,2796.0000,2795.8000,2799.0000,2799.4000,2799.6000,2799.8000,2800.6000,1,1,1,2,4,1,2,2,1,4
SF,IH2009,2020-06-19 09:32:16.400,2799.4000,20815,-7,201815100.000,9,1,8,多平,S,2797.4000,2796.0000,2795.8000,2795.4000,2795.0000,2799.0000,2800.6000,2800.8000,2801.4000,2802.0000,1,1,3,1,1,6,3,1,1,1
SF,IH2009,2020-06-19 09:32:16.900,2799.4000,20815,0,201815100.000,0,-,-,-,-,2797.4000,2796.0000,2795.8000,2795.4000,2795.0000,2798.8000,2800.4000,2800.6000,2800.8000,2801.4000,1,1,3,1,1,1,2,3,1,1
SF,IH2009,2020-06-19 09:32:17.400,2799.4000,20815,0,201815100.000,0,-,-,-,-,2797.6000,2797.4000,2796.2000,2795.8000,2795.0000,2800.4000,2800.6000,2800.8000,2801.4000,2802.0000,2,2,1,3,1,2,3,1,1,1
SF,IH2009,2020-06-19 09:32:17.900,2799.4000,20815,0,201815100.000,0,-,-,-,-,2797.8000,2797.6000,2797.4000,2796.2000,2795.8000,2799.0000,2800.2000,2800.4000,2800.6000,2800.8000,2,2,1,1,3,1,1,2,3,2
SF,IH2009,2020-06-19 09:32:18.400,2799.4000,20815,0,201815100.000,0,-,-,-,-,2798.6000,2798.0000,2797.8000,2797.6000,2796.4000,2800.2000,2800.4000,2800.6000,2800.8000,2801.4000,1,2,1,2,1,1,1,3,1,1
SF,IH2009,2020-06-19 09:32:18.900,2799.0000,20815,0,202654800.000,1,0,1,多换,S,2798.6000,2798.0000,2797.8000,2797.6000,2796.4000,2800.6000,2800.8000,2801.4000,2802.4000,2802.6000,1,1,1,2,1,3,1,1,2,1
SF,IH2009,2020-06-19 09:32:19.400,2798.8000,20814,-1,203494440.000,1,0,1,双平,S,2798.8000,2798.6000,2797.8000,2797.6000,2796.4000,2799.6000,2800.0000,2801.4000,2802.4000,2802.6000,2,1,1,2,1,1,1,1,2,1
SF,IH2009,2020-06-19 09:32:19.900,2799.4000,20813,-1,204334260.000,1,0,1,双平,S,2798.8000,2798.6000,2797.8000,2797.6000,2796.4000,2800.4000,2801.4000,2802.4000,2802.6000,2802.8000,1,1,1,2,1,1,1,2,1,5
SF,IH2009,2020-06-19 09:32:20.400,2799.4000,20813,0,204334260.000,0,-,-,-,-,2799.2000,2798.8000,2798.6000,2797.6000,2796.4000,2801.0000,2801.4000,2802.4000,2802.6000,2802.8000,1,1,1,2,1,1,1,2,4,5
SF,IH2009,2020-06-19 09:32:20.900,2799.4000,20813,0,204334260.000,0,-,-,-,-,2799.4000,2798.6000,2797.6000,2796.4000,2796.2000,2801.0000,2801.4000,2802.4000,2802.6000,2802.8000,2,1,2,1,1,1,1,2,4,5
SF,IH2009,2020-06-19 09:32:21.400,2799.4000,20813,0,204334260.000,0,-,-,-,-,2799.4000,2797.6000,2796.4000,2796.2000,2795.8000,2802.4000,2802.6000,2802.8000,2803.0000,2803.6000,3,2,1,1,3,2,4,5,1,1
SF,IH2009,2020-06-19 09:32:21.900,2799.4000,20813,0,204334260.000,0,-,-,-,-,2799.4000,2797.6000,2796.4000,2796.2000,2795.8000,2801.4000,2802.0000,2802.2000,2802.4000,2802.6000,3,2,1,1,3,1,7,2,1,4
SF,IH2009,2020-06-19 09:32:22.400,2799.4000,20813,0,204334260.000,0,-,-,-,-,2799.4000,2797.6000,2796.4000,2796.2000,2795.8000,2802.2000,2802.6000,2802.8000,2803.0000,2805.0000,3,2,1,1,3,1,3,5,1,2
SF,IH2009,2020-06-19 09:32:22.900,2799.4000,20813,0,204334260.000,0,-,-,-,-,2799.4000,2797.6000,2796.4000,2796.2000,2795.8000,2801.2000,2801.4000,2801.8000,2802.0000,2802.2000,3,2,1,1,3,2,1,6,1,1
SF,IH2009,2020-06-19 09:32:23.400,2799.4000,20813,0,204334260.000,0,-,-,-,-,2799.4000,2796.4000,2796.2000,2795.8000,2795.0000,2801.2000,2801.4000,2802.2000,2802.4000,2802.6000,3,1,1,3,1,1,1,1,1,3
SF,IH2009,2020-06-19 09:32:23.900,2799.4000,20813,0,204334260.000,0,-,-,-,-,2799.4000,2796.4000,2796.2000,2795.8000,2795.0000,2799.6000,2801.0000,2801.2000,2801.4000,2802.2000,3,1,1,3,1,1,2,1,1,1
SF,IH2009,2020-06-19 09:32:24.400,2799.6000,20812,-1,208533480.000,5,2,3,多平,S,2799.6000,2796.4000,2796.2000,2795.8000,2795.0000,2801.0000,2801.2000,2801.4000,2802.2000,2802.4000,4,1,1,3,1,1,1,1,1,1
SF,IH2009,2020-06-19 09:32:24.900,2799.6000,20812,0,209373360.000,1,0,1,多换,S,2799.6000,2796.4000,2796.2000,2795.8000,2795.0000,2800.8000,2801.0000,2801.4000,2802.2000,2802.4000,3,1,1,3,1,4,2,1,1,1
SF,IH2009,2020-06-19 09:32:25.400,2799.6000,20812,0,209373360.000,0,-,-,-,-,2799.6000,2796.4000,2796.2000,2795.8000,2795.0000,2800.6000,2800.8000,2801.0000,2801.4000,2802.2000,3,1,1,3,1,3,2,1,1,1
SF,IH2009,2020-06-19 09:32:25.900,2799.6000,20812,0,209373360.000,0,-,-,-,-,2799.6000,2796.4000,2796.2000,2795.8000,2795.0000,2800.4000,2800.6000,2800.8000,2801.0000,2801.4000,3,1,1,3,1,2,2,2,1,1
SF,IH2009,2020-06-19 09:32:26.400,2799.6000,20812,0,209373360.000,0,-,-,-,-,2799.6000,2796.4000,2796.2000,2795.8000,2795.0000,2800.4000,2800.6000,2800.8000,2801.0000,2801.4000,3,1,1,3,1,2,1,2,1,1
SF,IH2009,2020-06-19 09:32:26.900,2800.6000,20812,0,211893780.000,3,1,2,多换,S,2799.6000,2796.4000,2796.2000,2795.8000,2795.0000,2800.8000,2801.0000,2801.4000,2802.2000,2802.4000,3,1,1,3,1,2,1,1,1,1
SF,IH2009,2020-06-19 09:32:27.400,2799.6000,20812,0,212733660.000,1,0,1,多换,S,2799.6000,2796.4000,2796.2000,2795.8000,2795.0000,2800.8000,2801.4000,2802.0000,2802.2000,2802.4000,2,1,1,3,1,2,1,1,1,1
SF,IH2009,2020-06-19 09:32:27.900,2799.6000,20812,0,213573540.000,1,0,1,多换,S,2799.6000,2796.4000,2796.2000,2795.8000,2795.0000,2800.2000,2800.4000,2800.8000,2801.4000,2802.0000,1,1,1,3,1,1,9,3,1,1
SF,IH2009,2020-06-19 09:32:28.400,2799.6000,20812,0,213573540.000,0,-,-,-,-,2799.6000,2798.2000,2796.2000,2795.8000,2795.0000,2800.8000,2801.4000,2802.0000,2802.2000,2802.4000,1,1,1,3,1,3,1,1,1,1
SF,IH2009,2020-06-19 09:32:28.900,2799.6000,20812,0,214413420.000,1,0,1,多换,S,2798.2000,2796.2000,2795.8000,2795.0000,2794.6000,2799.6000,2800.8000,2801.0000,2801.4000,2802.0000,1,1,3,1,1,5,3,1,1,1
SF,IH2009,2020-06-19 09:32:29.400,2799.6000,20812,0,214413420.000,0,-,-,-,-,2798.4000,2798.2000,2796.2000,2795.8000,2795.0000,2799.6000,2800.2000,2800.8000,2801.0000,2801.4000,1,1,1,3,1,5,1,4,1,1
SF,IH2009,2020-06-19 09:32:29.900,2799.6000,20811,-1,218612820.000,5,2,3,多平,S,2798.4000,2798.2000,2796.2000,2795.8000,2795.0000,2800.8000,2801.0000,2801.4000,2802.0000,2802.2000,1,1,1,3,1,2,1,1,1,1
SF,IH2009,2020-06-19 09:32:30.400,2799.6000,20811,0,218612820.000,0,-,-,-,-,2798.6000,2798.2000,2796.2000,2795.8000,2795.0000,2800.6000,2800.8000,2801.0000,2801.4000,2802.0000,2,1,1,3,1,2,2,1,1,1
SF,IH2009,2020-06-19 09:32:30.900,2798.8000,20810,-1,220292340.000,2,0,2,多平,S,2798.8000,2798.2000,2796.2000,2795.8000,2795.0000,2800.2000,2800.6000,2800.8000,2801.0000,2801.4000,1,1,1,3,1,1,3,1,1,1
SF,IH2009,2020-06-19 09:32:31.400,2798.8000,20810,0,220292340.000,0,-,-,-,-,2798.2000,2796.2000,2795.8000,2795.0000,2794.6000,2800.2000,2800.4000,2800.6000,2800.8000,2801.0000,1,1,3,1,1,1,1,3,1,1
SF,IH2009,2020-06-19 09:32:31.900,2798.8000,20810,0,220292340.000,0,-,-,-,-,2799.0000,2798.4000,2798.2000,2796.2000,2795.8000,2800.0000,2800.2000,2800.6000,2800.8000,2801.0000,1,1,1,1,3,1,1,2,1,1
SF,IH2009,2020-06-19 09:32:32.400,2798.8000,20810,0,220292340.000,0,-,-,-,-,2799.0000,2798.4000,2798.2000,2796.2000,2795.8000,2800.2000,2800.6000,2800.8000,2801.0000,2801.4000,1,1,1,1,3,1,2,1,1,2
SF,IH2009,2020-06-19 09:32:32.900,2798.8000,20810,0,220292340.000,0,-,-,-,-,2799.2000,2798.2000,2796.2000,2795.8000,2795.0000,2799.6000,2800.2000,2800.6000,2800.8000,2801.0000,1,1,1,3,1,1,1,2,1,1
SF,IH2009,2020-06-19 09:32:33.400,2799.6000,20810,0,221132220.000,1,0,1,多换,S,2799.2000,2798.2000,2796.2000,2795.8000,2795.0000,2800.2000,2800.6000,2800.8000,2801.0000,2801.4000,1,1,1,3,1,1,1,1,1,2
SF,IH2009,2020-06-19 09:32:33.900,2801.4000,20805,-5,227853420.000,8,1,7,多平,S,2798.2000,2796.2000,2795.8000,2795.0000,2794.6000,2801.4000,2802.0000,2802.2000,2802.6000,2802.8000,1,1,3,1,1,1,2,1,3,5
SF,IH2009,2020-06-19 09:32:34.400,2801.4000,20805,0,227853420.000,0,-,-,-,-,2798.6000,2798.2000,2796.2000,2795.8000,2795.0000,2801.2000,2801.4000,2802.0000,2802.2000,2802.6000,1,1,1,3,1,1,1,2,1,3
SF,IH2009,2020-06-19 09:32:34.900,2799.6000,20804,-1,228693300.000,1,0,1,双平,S,2798.6000,2798.2000,2796.2000,2795.8000,2795.0000,2800.6000,2800.8000,2801.2000,2801.4000,2802.0000,1,1,1,3,1,1,1,2,1,2
SF,IH2009,2020-06-19 09:32:35.400,2799.6000,20804,0,228693300.000,0,-,-,-,-,2798.6000,2798.2000,2796.2000,2795.8000,2795.0000,2800.2000,2800.4000,2800.6000,2800.8000,2801.2000,1,1,1,3,1,4,1,1,1,2
SF,IH2009,2020-06-19 09:32:35.900,2799.6000,20804,0,228693300.000,0,-,-,-,-,2798.8000,2798.6000,2798.2000,2796.2000,2795.8000,2800.2000,2800.4000,2800.6000,2801.0000,2801.2000,1,1,1,1,3,4,1,1,1,3
SF,IH2009,2020-06-19 09:32:36.400,2798.6000,20805,1,230372880.000,2,1,1,空开,S,2798.2000,2796.2000,2795.8000,2795.0000,2794.6000,2800.0000,2800.2000,2800.4000,2801.0000,2801.2000,1,1,3,1,1,2,4,1,1,7
SF,IH2009,2020-06-19 09:32:36.900,2798.6000,20805,0,230372880.000,0,-,-,-,-,2798.2000,2796.2000,2795.8000,2795.0000,2794.6000,2799.8000,2800.0000,2800.2000,2801.0000,2801.2000,1,1,3,1,1,8,2,5,1,11
SF,IH2009,2020-06-19 09:32:37.400,2799.8000,20801,-4,237092280.000,8,2,6,多平,S,2798.2000,2796.2000,2795.8000,2795.0000,2794.6000,2799.8000,2800.0000,2800.2000,2800.4000,2800.8000,1,1,3,1,1,2,1,5,1,3
SF,IH2009,2020-06-19 09:32:37.900,2799.8000,20801,0,237092280.000,0,-,-,-,-,2798.4000,2798.2000,2796.2000,2795.8000,2795.0000,2799.8000,2800.0000,2800.2000,2800.4000,2800.8000,1,1,1,3,1,2,1,5,1,4
SF,IH2009,2020-06-19 09:32:38.400,2799.8000,20801,0,237092280.000,0,-,-,-,-,2798.2000,2796.2000,2795.8000,2795.0000,2794.6000,2799.8000,2800.0000,2800.2000,2800.4000,2800.8000,1,1,3,1,1,2,1,5,1,6
SF,IH2009,2020-06-19 09:32:38.900,2799.8000,20801,0,237092280.000,0,-,-,-,-,2798.4000,2798.2000,2796.2000,2795.8000,2795.0000,2799.8000,2800.0000,2800.2000,2800.4000,2800.8000,6,1,1,3,1,2,1,5,1,6
SF,IH2009,2020-06-19 09:32:39.400,2799.8000,20801,0,237092280.000,0,-,-,-,-,2798.4000,2798.2000,2796.2000,2795.8000,2795.0000,2799.8000,2800.0000,2800.2000,2800.4000,2800.8000,7,1,1,3,1,2,1,5,1,6
SF,IH2009,2020-06-19 09:32:39.900,2799.8000,20801,0,237092280.000,0,-,-,-,-,2798.4000,2798.2000,2796.2000,2795.8000,2795.0000,2799.8000,2800.0000,2800.2000,2800.4000,2800.6000,7,1,1,3,1,1,1,5,1,1
SF,IH2009,2020-06-19 09:32:40.400,2799.8000,20801,0,237092280.000,0,-,-,-,-,2798.4000,2798.2000,2796.2000,2795.8000,2795.0000,2799.8000,2800.0000,2800.2000,2800.4000,2800.6000,7,1,1,3,1,1,1,5,1,1
SF,IH2009,2020-06-19 09:32:40.900,2799.8000,20801,0,237092280.000,0,-,-,-,-,2798.6000,2798.4000,2798.2000,2796.2000,2795.8000,2799.8000,2800.0000,2800.2000,2800.4000,2800.6000,3,5,1,1,3,1,1,5,1,2
SF,IH2009,2020-06-19 09:32:41.400,2798.8000,20800,-1,237931920.000,1,0,1,双平,S,2798.8000,2798.6000,2798.4000,2798.2000,2796.2000,2800.0000,2800.2000,2800.4000,2800.6000,2800.8000,3,1,4,1,1,1,5,1,1,4
SF,IH2009,2020-06-19 09:32:41.900,2798.8000,20800,0,237931920.000,0,-,-,-,-,2799.0000,2798.8000,2798.6000,2798.4000,2798.2000,2800.0000,2800.2000,2800.4000,2800.6000,2800.8000,2,4,1,1,1,1,5,1,1,4
SF,IH2009,2020-06-19 09:32:42.400,2798.8000,20800,0,237931920.000,0,-,-,-,-,2799.2000,2799.0000,2798.8000,2798.6000,2798.2000,2800.0000,2800.2000,2800.4000,2800.6000,2801.2000,3,1,3,1,1,1,5,1,1,4
SF,IH2009,2020-06-19 09:32:42.900,2798.8000,20800,0,237931920.000,0,-,-,-,-,2799.2000,2799.0000,2798.8000,2798.2000,2797.0000,2800.2000,2800.4000,2800.6000,2801.2000,2801.4000,3,1,3,1,1,5,1,1,4,3
SF,IH2009,2020-06-19 09:32:43.400,2799.0000,20801,1,238771620.000,1,1,0,双开,S,2799.2000,2799.0000,2798.8000,2798.2000,2797.0000,2800.0000,2800.2000,2800.4000,2800.6000,2801.2000,1,1,3,1,1,1,5,1,1,4
SF,IH2009,2020-06-19 09:32:43.900,2799.0000,20801,0,239611320.000,1,0,1,多换,S,2799.4000,2799.2000,2799.0000,2798.8000,2798.2000,2800.0000,2800.2000,2800.4000,2801.2000,2801.4000,1,1,1,3,1,1,5,1,5,3
SF,IH2009,2020-06-19 09:32:44.400,2799.0000,20801,0,239611320.000,0,-,-,-,-,2799.4000,2799.2000,2799.0000,2798.8000,2798.2000,2800.0000,2800.2000,2800.4000,2801.2000,2801.4000,1,1,1,3,1,1,5,1,6,3
SF,IH2009,2020-06-19 09:32:44.900,2800.0000,20802,1,240451320.000,1,1,0,双开,S,2799.6000,2799.4000,2799.2000,2799.0000,2798.2000,2800.2000,2800.4000,2801.2000,2801.4000,2802.0000,3,1,1,1,1,5,1,6,4,1
SF,IH2009,2020-06-19 09:32:45.400,2800.0000,20802,0,240451320.000,0,-,-,-,-,2799.6000,2799.4000,2799.2000,2799.0000,2798.2000,2800.2000,2800.4000,2801.2000,2801.4000,2802.0000,3,1,1,1,1,5,1,5,5,1
SF,IH2009,2020-06-19 09:32:45.900,2799.6000,20800,-2,242131080.000,2,0,2,双平,S,2799.6000,2799.4000,2799.0000,2798.2000,2797.0000,2800.0000,2800.2000,2800.4000,2801.2000,2801.4000,1,1,1,1,2,4,5,1,5,5
SF,IH2009,2020-06-19 09:32:46.400,2799.6000,20800,0,242970960.000,1,0,1,多换,S,2799.4000,2799.0000,2798.2000,2797.0000,2795.8000,2799.6000,2800.0000,2800.2000,2800.4000,2801.2000,1,1,1,2,3,2,4,5,1,5
SF,IH2009,2020-06-19 09:32:46.900,2799.4000,20799,-1,243810780.000,1,0,1,双平,S,2799.0000,2798.2000,2797.0000,2795.8000,2795.0000,2799.4000,2800.0000,2800.2000,2800.4000,2801.2000,1,1,2,3,1,1,4,5,1,5
SF,IH2009,2020-06-19 09:32:47.400,2799.4000,20799,0,243810780.000,0,-,-,-,-,2798.2000,2797.0000,2795.8000,2795.0000,2794.8000,2799.4000,2800.0000,2800.2000,2800.4000,2801.2000,1,2,3,1,1,1,1,5,1,5
SF,IH2009,2020-06-19 09:32:47.900,2799.4000,20799,0,243810780.000,0,-,-,-,-,2798.4000,2798.2000,2797.0000,2796.2000,2795.8000,2799.4000,2800.0000,2800.2000,2800.4000,2801.0000,1,1,2,1,3,1,1,5,1,1
SF,IH2009,2020-06-19 09:32:49.400,2799.4000,20799,0,243810780.000,0,-,-,-,-,2798.4000,2798.2000,2797.0000,2796.2000,2795.8000,2799.4000,2800.0000,2800.2000,2800.4000,2801.0000,1,1,2,1,3,1,1,5,1,1
SF,IH2009,2020-06-19 09:32:49.900,2799.4000,20799,0,243810780.000,0,-,-,-,-,2798.4000,2798.2000,2797.0000,2796.2000,2795.8000,2799.4000,2800.0000,2800.2000,2800.4000,2801.0000,1,1,2,1,3,1,1,5,1,2
SF,IH2009,2020-06-19 09:32:50.400,2799.4000,20799,0,243810780.000,0,-,-,-,-,2798.6000,2798.4000,2798.2000,2797.0000,2796.2000,2799.4000,2800.0000,2800.2000,2800.4000,2800.6000,1,1,1,2,1,1,1,5,1,1
SF,IH2009,2020-06-19 09:32:50.900,2799.4000,20799,0,243810780.000,0,-,-,-,-,2798.6000,2798.4000,2798.2000,2797.0000,2796.2000,2799.4000,2799.6000,2800.0000,2800.2000,2800.4000,4,1,1,2,1,1,1,1,5,1
SF,IH2009,2020-06-19 09:32:51.400,2799.4000,20799,0,243810780.000,0,-,-,-,-,2798.6000,2798.2000,2797.0000,2796.2000,2795.8000,2799.4000,2799.6000,2800.0000,2800.2000,2800.4000,4,1,2,1,3,1,1,1,5,1
SF,IH2009,2020-06-19 09:32:51.900,2799.4000,20799,0,243810780.000,0,-,-,-,-,2798.8000,2798.6000,2798.2000,2797.0000,2795.8000,2799.4000,2799.6000,2800.0000,2800.2000,2800.4000,1,4,1,2,3,1,1,1,5,1
SF,IH2009,2020-06-19 09:32:52.400,2798.8000,20798,-1,244650420.000,1,0,1,双平,S,2798.6000,2798.2000,2797.0000,2795.8000,2795.2000,2799.4000,2799.6000,2800.0000,2800.2000,2800.4000,4,1,2,3,1,1,1,1,5,1
SF,IH2009,2020-06-19 09:32:53.400,2798.8000,20798,0,244650420.000,0,-,-,-,-,2798.6000,2798.2000,2797.0000,2795.8000,2795.2000,2799.6000,2800.0000,2800.2000,2800.4000,2800.6000,4,1,2,3,1,1,1,5,1,2
SF,IH2009,2020-06-19 09:32:53.900,2798.6000,20799,1,245490000.000,1,1,0,双开,S,2798.6000,2798.2000,2797.0000,2795.8000,2795.2000,2799.6000,2800.0000,2800.2000,2800.4000,2800.6000,3,1,2,3,1,1,1,5,1,2
SF,IH2009,2020-06-19 09:32:54.900,2798.6000,20799,0,245490000.000,0,-,-,-,-,2798.6000,2798.2000,2797.0000,2795.8000,2795.2000,2799.4000,2799.6000,2800.0000,2800.2000,2800.4000,3,1,2,3,1,2,1,1,5,1
SF,IH2009,2020-06-19 09:32:55.400,2798.6000,20799,0,245490000.000,0,-,-,-,-,2798.8000,2798.6000,2798.2000,2797.0000,2795.8000,2799.4000,2799.6000,2800.0000,2800.2000,2800.4000,2,1,1,2,3,2,1,1,5,1
SF,IH2009,2020-06-19 09:32:55.900,2798.6000,20799,0,245490000.000,0,-,-,-,-,2798.8000,2798.6000,2798.2000,2797.0000,2795.8000,2799.4000,2799.6000,2800.0000,2800.2000,2800.4000,2,1,1,2,3,1,1,1,5,1
SF,IH2009,2020-06-19 09:32:56.400,2798.6000,20799,0,245490000.000,0,-,-,-,-,2799.0000,2798.6000,2798.2000,2797.0000,2795.8000,2799.4000,2799.6000,2800.0000,2800.2000,2800.4000,2,1,1,2,3,1,1,1,5,1
SF,IH2009,2020-06-19 09:32:57.400,2799.2000,20799,0,246329760.000,1,0,1,多换,S,2799.2000,2798.6000,2798.2000,2797.0000,2795.8000,2799.4000,2799.6000,2800.0000,2800.2000,2800.4000,1,1,1,2,3,1,1,1,4,1
SF,IH2009,2020-06-19 09:32:58.400,2799.4000,20800,1,247169580.000,1,1,0,双开,S,2798.6000,2798.2000,2797.0000,2795.8000,2795.2000,2799.6000,2800.0000,2800.2000,2800.4000,2800.6000,1,1,2,3,1,1,1,4,1,2
SF,IH2009,2020-06-19 09:32:58.900,2799.4000,20800,0,247169580.000,0,-,-,-,-,2798.6000,2798.2000,2797.0000,2795.8000,2795.2000,2799.4000,2799.6000,2799.8000,2800.0000,2800.2000,1,1,2,3,1,1,1,1,1,4
SF,IH2009,2020-06-19 09:32:59.400,2799.4000,20800,0,247169580.000,0,-,-,-,-,2798.6000,2798.2000,2797.0000,2795.8000,2795.0000,2799.4000,2799.6000,2799.8000,2800.0000,2800.2000,1,1,2,3,1,1,1,1,1,4
SF,IH2009,2020-06-19 09:32:59.900,2799.4000,20800,0,247169580.000,0,-,-,-,-,2798.6000,2798.2000,2797.0000,2795.8000,2795.0000,2799.4000,2799.6000,2799.8000,2800.0000,2800.2000,1,1,2,3,1,1,1,1,1,4
SF,IH2009,2020-06-19 09:33:00.400,2799.6000,20798,-2,248849280.000,2,0,2,双平,S,2798.8000,2798.6000,2798.2000,2797.0000,2795.8000,2799.8000,2800.0000,2800.2000,2800.4000,2800.6000,3,1,1,2,3,1,1,4,1,2
SF,IH2009,2020-06-19 09:33:00.900,2799.6000,20798,0,248849280.000,0,-,-,-,-,2798.8000,2798.6000,2798.2000,2797.0000,2795.8000,2799.8000,2800.0000,2800.2000,2800.4000,2800.6000,3,1,1,2,3,2,1,4,1,2
SF,IH2009,2020-06-19 09:33:01.400,2799.6000,20798,0,248849280.000,0,-,-,-,-,2799.0000,2798.8000,2798.6000,2798.2000,2797.0000,2799.8000,2800.0000,2800.2000,2800.4000,2800.6000,1,3,1,1,2,1,1,4,1,2
SF,IH2009,2020-06-19 09:33:01.900,2799.6000,20798,0,248849280.000,0,-,-,-,-,2799.0000,2798.8000,2798.6000,2798.2000,2797.0000,2799.8000,2800.0000,2800.2000,2800.4000,2800.6000,1,3,1,1,2,1,1,4,1,1
SF,IH2009,2020-06-19 09:33:02.400,2799.8000,20797,-1,249689220.000,1,0,1,双平,S,2799.0000,2798.8000,2798.6000,2798.2000,2797.0000,2800.0000,2800.2000,2800.4000,2801.0000,2801.2000,1,3,1,1,2,1,4,1,2,4
SF,IH2009,2020-06-19 09:33:02.900,2799.0000,20798,1,250528920.000,1,1,0,双开,S,2798.8000,2798.6000,2798.2000,2797.4000,2797.0000,2800.2000,2800.4000,2801.0000,2801.2000,2801.4000,3,1,1,1,2,4,1,2,4,5
SF,IH2009,2020-06-19 09:33:03.400,2799.0000,20798,0,250528920.000,0,-,-,-,-,2799.0000,2798.8000,2798.6000,2798.2000,2797.4000,2800.2000,2800.4000,2801.0000,2801.2000,2801.4000,2,3,1,1,1,4,1,2,4,5
SF,IH2009,2020-06-19 09:33:03.900,2799.0000,20798,0,250528920.000,0,-,-,-,-,2798.8000,2798.6000,2798.2000,2797.4000,2797.0000,2800.0000,2800.2000,2800.4000,2801.0000,2801.2000,3,1,1,1,2,1,4,1,2,4
SF,IH2009,2020-06-19 09:33:04.400,2799.0000,20798,0,250528920.000,0,-,-,-,-,2799.0000,2798.8000,2798.6000,2798.2000,2797.4000,2800.0000,2800.2000,2800.4000,2801.0000,2801.2000,1,3,1,1,1,1,4,1,2,2
SF,IH2009,2020-06-19 09:33:04.900,2800.0000,20797,-1,251368920.000,1,0,1,双平,S,2800.0000,2799.0000,2798.8000,2798.6000,2798.2000,2800.2000,2800.4000,2801.0000,2801.2000,2801.4000,1,1,3,1,1,4,1,2,2,5
SF,IH2009,2020-06-19 09:33:05.400,2800.0000,20797,0,252208920.000,1,0,1,多换,S,2798.8000,2798.6000,2798.2000,2797.4000,2797.0000,2800.2000,2800.4000,2801.0000,2801.2000,2801.4000,3,1,1,1,2,4,1,2,2,5
SF,IH2009,2020-06-19 09:33:05.900,2800.0000,20797,0,252208920.000,0,-,-,-,-,2799.0000,2798.8000,2798.6000,2798.2000,2797.4000,2800.2000,2800.4000,2801.0000,2801.2000,2801.4000,1,3,1,1,1,4,1,2,2,5
SF,IH2009,2020-06-19 09:33:06.400,2800.0000,20797,0,252208920.000,0,-,-,-,-,2798.8000,2798.6000,2798.2000,2797.4000,2797.0000,2800.2000,2800.4000,2801.0000,2801.2000,2801.4000,4,1,1,1,2,4,1,2,2,5
SF,IH2009,2020-06-19 09:33:06.900,2800.0000,20797,0,252208920.000,0,-,-,-,-,2799.0000,2798.8000,2798.6000,2798.2000,2797.4000,2800.2000,2800.4000,2801.0000,2801.2000,2801.4000,8,4,1,1,1,4,1,2,2,5
SF,IH2009,2020-06-19 09:33:07.400,2800.0000,20797,0,252208920.000,0,-,-,-,-,2799.0000,2798.8000,2798.6000,2798.2000,2797.4000,2800.2000,2800.4000,2801.0000,2801.2000,2801.4000,7,4,1,1,1,4,1,2,2,5
SF,IH2009,2020-06-19 09:33:07.900,2800.0000,20797,0,252208920.000,0,-,-,-,-,2799.0000,2798.8000,2798.6000,2798.2000,2797.4000,2800.0000,2800.2000,2800.4000,2801.0000,2801.2000,8,4,1,1,1,1,4,1,1,2
SF,IH2009,2020-06-19 09:33:08.400,2800.0000,20797,0,252208920.000,0,-,-,-,-,2799.2000,2799.0000,2798.8000,2798.6000,2798.2000,2800.2000,2800.4000,2801.0000,2801.2000,2801.4000,1,1,4,1,1,4,1,1,2,4
SF,IH2009,2020-06-19 09:33:08.900,2800.0000,20797,0,252208920.000,0,-,-,-,-,2799.4000,2799.2000,2799.0000,2798.8000,2798.6000,2800.2000,2800.4000,2801.0000,2801.2000,2801.4000,3,1,1,4,1,4,1,1,2,4
SF,IH2009,2020-06-19 09:33:09.400,2800.0000,20793,-4,257249040.000,6,1,5,多平,S,2799.6000,2799.4000,2799.2000,2799.0000,2798.8000,2800.4000,2801.0000,2801.2000,2801.4000,2802.0000,3,3,1,1,1,1,1,2,4,1
SF,IH2009,2020-06-19 09:33:09.900,2800.0000,20793,0,257249040.000,0,-,-,-,-,2799.6000,2799.4000,2799.2000,2799.0000,2798.8000,2800.2000,2800.4000,2801.0000,2801.2000,2801.4000,3,3,1,1,1,1,1,1,1,3
SF,IH2009,2020-06-19 09:33:10.400,2800.2000,20792,-1,258089100.000,1,0,1,双平,S,2800.2000,2800.0000,2799.8000,2799.6000,2799.4000,2800.4000,2801.0000,2801.2000,2801.4000,2802.0000,2,6,1,3,3,1,1,1,3,1
SF,IH2009,2020-06-19 09:33:10.900,2799.6000,20791,-1,259769100.000,2,0,2,多平,S,2799.6000,2799.4000,2799.0000,2798.8000,2798.6000,2801.0000,2801.2000,2801.4000,2802.0000,2802.2000,2,3,1,1,1,1,1,3,1,1
SF,IH2009,2020-06-19 09:33:11.400,2799.6000,20791,0,259769100.000,0,-,-,-,-,2799.8000,2799.6000,2799.4000,2799.0000,2798.8000,2801.0000,2801.2000,2801.4000,2802.0000,2802.2000,8,2,3,1,1,1,1,3,1,1
SF,IH2009,2020-06-19 09:33:11.900,2799.6000,20791,0,259769100.000,0,-,-,-,-,2800.0000,2799.8000,2799.6000,2799.0000,2798.8000,2801.0000,2801.2000,2801.4000,2802.0000,2802.2000,4,1,2,1,1,1,1,3,1,1
SF,IH2009,2020-06-19 09:33:12.400,2799.6000,20791,0,259769100.000,0,-,-,-,-,2800.0000,2799.8000,2799.6000,2799.0000,2798.8000,2801.0000,2801.2000,2801.4000,2802.0000,2802.2000,4,1,2,1,1,1,1,2,1,1
SF,IH2009,2020-06-19 09:33:12.900,2801.0000,20790,-1,260609400.000,1,0,1,双平,S,2800.0000,2799.8000,2799.6000,2799.0000,2798.8000,2801.2000,2801.4000,2802.0000,2802.2000,2802.8000,4,1,2,1,1,1,2,1,1,2
SF,IH2009,2020-06-19 09:33:13.400,2800.2000,20789,-1,261449460.000,1,0,1,双平,S,2801.0000,2800.2000,2800.0000,2799.8000,2799.6000,2801.2000,2801.4000,2802.0000,2802.2000,2802.8000,1,3,1,1,2,1,2,1,1,2
SF,IH2009,2020-06-19 09:33:13.900,2800.2000,20790,1,263970180.000,3,2,1,空开,S,2800.2000,2800.0000,2799.8000,2799.6000,2799.0000,2801.0000,2801.4000,2802.0000,2802.2000,2802.8000,8,1,1,2,1,2,2,1,1,2
SF,IH2009,2020-06-19 09:33:14.400,2801.0000,20791,1,265650780.000,2,1,1,空开,S,2801.2000,2800.4000,2800.2000,2800.0000,2799.8000,2801.4000,2802.0000,2802.2000,2802.8000,2803.0000,2,1,2,1,1,2,1,1,2,1
SF,IH2009,2020-06-19 09:33:14.900,2801.2000,20792,1,267331500.000,2,1,1,空开,S,2801.0000,2800.4000,2800.0000,2799.8000,2799.0000,2801.4000,2802.0000,2802.2000,2802.8000,2803.0000,4,3,1,1,1,2,1,1,2,1
SF,IH2009,2020-06-19 09:33:15.400,2801.2000,20792,0,267331500.000,0,-,-,-,-,2801.2000,2801.0000,2800.4000,2800.0000,2799.8000,2801.4000,2802.0000,2802.2000,2803.0000,2803.8000,3,4,3,1,1,2,1,1,1,1
SF,IH2009,2020-06-19 09:33:15.900,2801.4000,20792,0,269012340.000,2,1,1,多换,S,2801.2000,2801.0000,2800.4000,2800.0000,2799.8000,2802.0000,2802.2000,2803.0000,2803.8000,2805.0000,3,4,1,1,1,1,1,1,1,1
SF,IH2009,2020-06-19 09:33:16.400,2801.2000,20793,1,271533420.000,3,2,1,空开,S,2801.2000,2801.0000,2800.4000,2800.0000,2799.8000,2801.8000,2802.0000,2803.0000,2803.8000,2805.0000,10,4,1,1,1,2,2,1,1,1
SF,IH2009,2020-06-19 09:33:16.900,2801.2000,20793,0,271533420.000,0,-,-,-,-,2801.2000,2801.0000,2800.0000,2799.8000,2799.0000,2801.8000,2802.0000,2803.0000,2803.8000,2805.0000,10,4,1,1,1,3,3,1,1,1
SF,IH2009,2020-06-19 09:33:17.400,2801.2000,20793,0,272373780.000,1,0,1,多换,S,2801.4000,2801.2000,2801.0000,2800.0000,2799.8000,2801.8000,2802.0000,2803.0000,2803.8000,2805.0000,1,9,4,1,1,3,3,1,1,1
SF,IH2009,2020-06-19 09:33:17.900,2801.2000,20794,1,276575580.000,5,3,2,空开,S,2801.2000,2801.0000,2800.0000,2799.8000,2799.0000,2801.8000,2802.0000,2803.0000,2803.8000,2805.0000,5,4,1,1,1,3,3,1,1,1
SF,IH2009,2020-06-19 09:33:18.400,2801.6000,20791,-3,284979060.000,10,3,7,多平,S,2800.0000,2799.8000,2799.0000,2798.8000,2798.6000,2801.8000,2802.0000,2803.0000,2803.8000,2805.0000,1,1,1,1,1,3,3,1,1,1
SF,IH2009,2020-06-19 09:33:18.900,2801.6000,20791,0,284979060.000,0,-,-,-,-,2800.0000,2799.8000,2799.0000,2798.8000,2798.6000,2801.6000,2801.8000,2802.0000,2803.0000,2803.8000,1,1,1,1,1,2,4,2,1,1
SF,IH2009,2020-06-19 09:33:19.400,2801.6000,20791,0,285819540.000,1,0,1,多换,S,2800.2000,2800.0000,2799.0000,2798.8000,2798.6000,2801.6000,2801.8000,2802.0000,2803.0000,2803.8000,2,1,1,1,1,3,3,2,1,1
SF,IH2009,2020-06-19 09:33:19.900,2801.6000,20791,0,285819540.000,0,-,-,-,-,2800.2000,2800.0000,2799.0000,2798.8000,2798.6000,2801.4000,2801.6000,2801.8000,2802.0000,2803.0000,2,1,1,1,1,2,2,2,2,1
SF,IH2009,2020-06-19 09:33:20.400,2801.6000,20791,0,285819540.000,0,-,-,-,-,2800.2000,2800.0000,2799.0000,2798.8000,2798.6000,2801.2000,2801.4000,2801.6000,2801.8000,2802.0000,1,1,1,1,1,1,3,1,2,2
SF,IH2009,2020-06-19 09:33:20.900,2801.6000,20791,0,285819540.000,0,-,-,-,-,2800.0000,2799.0000,2798.8000,2798.6000,2798.2000,2801.2000,2801.4000,2801.6000,2801.8000,2802.0000,1,1,1,1,1,4,2,1,2,2
SF,IH2009,2020-06-19 09:33:21.400,2801.6000,20791,0,286660020.000,1,0,1,多换,S,2800.4000,2800.2000,2800.0000,2799.2000,2799.0000,2801.2000,2801.4000,2801.6000,2801.8000,2802.0000,1,1,1,1,1,1,1,1,2,2
SF,IH2009,2020-06-19 09:33:21.900,2801.6000,20791,0,286660020.000,0,-,-,-,-,2800.4000,2800.2000,2799.2000,2799.0000,2798.8000,2801.2000,2801.4000,2801.8000,2802.0000,2803.0000,1,3,1,1,1,2,1,2,2,1
SF,IH2009,2020-06-19 09:33:22.400,2801.6000,20791,0,287500500.000,1,0,1,多换,S,2800.2000,2799.2000,2799.0000,2798.8000,2798.6000,2801.2000,2801.8000,2802.0000,2803.0000,2803.8000,3,1,1,1,1,1,2,2,1,1
SF,IH2009,2020-06-19 09:33:22.900,2801.2000,20791,0,288340860.000,1,0,1,多换,S,2800.2000,2799.2000,2799.0000,2798.8000,2798.6000,2801.6000,2801.8000,2802.0000,2802.2000,2803.0000,3,1,1,1,1,1,2,2,1,1
SF,IH2009,2020-06-19 09:33:23.400,2802.2000,20784,-7,295065060.000,8,0,8,多平,S,2800.4000,2800.2000,2799.2000,2799.0000,2798.8000,2803.0000,2803.8000,2804.4000,2805.0000,2805.6000,2,3,1,1,1,1,1,3,1,10
SF,IH2009,2020-06-19 09:33:23.900,2802.2000,20784,0,295065060.000,0,-,-,-,-,2800.4000,2800.2000,2799.2000,2799.0000,2798.8000,2801.4000,2802.2000,2802.6000,2802.8000,2803.0000,1,3,1,1,1,1,1,2,7,1
SF,IH2009,2020-06-19 09:33:24.400,2802.2000,20784,0,295065060.000,0,-,-,-,-,2801.2000,2800.8000,2800.4000,2800.2000,2799.2000,2801.4000,2802.2000,2802.6000,2802.8000,2803.0000,1,1,1,3,1,1,1,1,10,1
SF,IH2009,2020-06-19 09:33:24.900,2802.2000,20784,0,295065060.000,0,-,-,-,-,2801.2000,2801.0000,2800.8000,2800.6000,2800.4000,2801.4000,2802.2000,2802.6000,2802.8000,2803.0000,1,1,1,1,1,1,1,1,10,1
SF,IH2009,2020-06-19 09:33:25.400,2801.4000,20784,0,295905480.000,1,0,1,多换,S,2801.4000,2801.2000,2801.0000,2800.8000,2800.6000,2802.2000,2802.6000,2802.8000,2803.0000,2803.4000,2,1,1,1,1,1,1,9,2,1
SF,IH2009,2020-06-19 09:33:25.900,2801.4000,20785,1,297586320.000,2,1,1,空开,S,2801.4000,2801.2000,2800.8000,2800.6000,2800.4000,2802.0000,2802.2000,2802.6000,2802.8000,2803.0000,1,2,1,1,1,3,1,1,6,2
SF,IH2009,2020-06-19 09:33:26.400,2802.8000,20779,-6,304311960.000,8,1,7,多平,S,2801.6000,2801.4000,2801.2000,2800.8000,2800.6000,2802.8000,2803.0000,2803.2000,2803.4000,2803.8000,1,1,1,1,1,3,2,1,1,1
SF,IH2009,2020-06-19 09:33:26.900,2801.6000,20778,-1,305152440.000,1,0,1,双平,S,2801.4000,2801.2000,2800.8000,2800.6000,2800.4000,2802.2000,2802.6000,2802.8000,2803.0000,2803.2000,1,1,1,1,1,1,2,3,2,1
SF,IH2009,2020-06-19 09:33:27.400,2801.6000,20778,0,305152440.000,0,-,-,-,-,2801.6000,2801.4000,2801.2000,2800.6000,2800.4000,2802.2000,2802.6000,2802.8000,2803.0000,2803.2000,1,1,1,1,1,1,2,3,2,1
SF,IH2009,2020-06-19 09:33:27.900,2801.6000,20778,0,305152440.000,0,-,-,-,-,2801.6000,2801.4000,2801.2000,2800.6000,2800.4000,2802.2000,2802.6000,2802.8000,2803.0000,2803.8000,1,1,1,1,1,1,2,3,2,1
SF,IH2009,2020-06-19 09:33:28.400,2801.6000,20778,0,305152440.000,0,-,-,-,-,2801.8000,2801.6000,2801.4000,2801.2000,2800.6000,2802.2000,2802.8000,2803.0000,2803.4000,2803.8000,1,1,1,1,1,1,4,2,1,2
SF,IH2009,2020-06-19 09:33:28.900,2802.2000,20777,-1,305993100.000,1,0,1,双平,S,2801.8000,2801.4000,2801.2000,2800.6000,2800.4000,2802.8000,2803.0000,2803.4000,2803.8000,2804.4000,1,1,1,1,1,3,2,1,2,3
SF,IH2009,2020-06-19 09:33:29.400,2802.2000,20777,0,305993100.000,0,-,-,-,-,2802.2000,2801.8000,2801.4000,2801.2000,2800.6000,2802.6000,2802.8000,2803.0000,2803.8000,2804.4000,1,1,1,1,1,1,2,1,2,3
SF,IH2009,2020-06-19 09:33:29.900,2802.6000,20777,0,307674540.000,2,1,1,多换,S,2801.8000,2801.4000,2801.2000,2800.6000,2800.4000,2802.6000,2802.8000,2803.0000,2803.8000,2804.4000,1,1,1,1,1,2,1,1,2,3
SF,IH2009,2020-06-19 09:33:30.400,2803.0000,20774,-3,311037840.000,4,0,4,多平,S,2803.2000,2801.8000,2801.4000,2801.2000,2800.6000,2803.8000,2804.0000,2804.4000,2805.0000,2805.6000,4,1,1,1,1,3,1,3,2,10
SF,IH2009,2020-06-19 09:33:30.900,2801.4000,20769,-5,316082520.000,6,0,6,多平,S,2801.2000,2800.6000,2800.4000,2799.0000,2798.8000,2803.0000,2803.2000,2803.4000,2803.6000,2803.8000,1,1,1,1,1,1,1,1,2,3
SF,IH2009,2020-06-19 09:33:31.400,2801.4000,20768,-1,316922940.000,1,0,1,双平,S,2802.2000,2801.4000,2801.2000,2800.6000,2800.4000,2803.0000,2803.2000,2803.6000,2803.8000,2804.4000,1,3,1,1,1,1,1,2,1,3
SF,IH2009,2020-06-19 09:33:31.900,2802.2000,20768,0,317763600.000,1,0,1,多换,S,2802.6000,2801.4000,2801.2000,2800.6000,2800.4000,2802.8000,2803.6000,2803.8000,2804.4000,2805.0000,1,1,1,1,1,1,2,1,3,3
SF,IH2009,2020-06-19 09:33:32.400,2802.6000,20768,0,318604380.000,1,0,1,多换,S,2801.4000,2801.2000,2800.6000,2800.4000,2799.0000,2803.6000,2803.8000,2804.4000,2805.0000,2805.6000,1,1,1,1,1,1,1,4,3,10
SF,IH2009,2020-06-19 09:33:32.900,2801.4000,20768,0,320285220.000,2,1,1,多换,S,2801.2000,2801.0000,2800.6000,2800.4000,2799.0000,2803.4000,2803.6000,2803.8000,2804.0000,2804.4000,1,1,1,1,1,2,2,2,1,4
SF,IH2009,2020-06-19 09:33:33.400,2801.4000,20768,0,320285220.000,0,-,-,-,-,2801.6000,2801.2000,2800.6000,2800.4000,2799.0000,2803.4000,2803.6000,2803.8000,2804.0000,2805.0000,1,1,1,1,1,6,1,2,1,3
SF,IH2009,2020-06-19 09:33:33.900,2801.4000,20768,0,320285220.000,0,-,-,-,-,2801.8000,2801.6000,2801.2000,2800.6000,2800.4000,2802.8000,2803.2000,2803.4000,2803.6000,2803.8000,1,1,1,1,1,1,2,6,1,3
SF,IH2009,2020-06-19 09:33:34.400,2801.4000,20768,0,320285220.000,0,-,-,-,-,2801.8000,2801.6000,2801.2000,2800.8000,2800.6000,2802.6000,2802.8000,2803.0000,2803.2000,2803.4000,1,1,1,1,1,1,1,1,2,5
SF,IH2009,2020-06-19 09:33:34.900,2801.4000,20768,0,320285220.000,0,-,-,-,-,2801.8000,2801.6000,2801.2000,2800.8000,2800.6000,2802.6000,2803.0000,2803.2000,2803.4000,2803.6000,1,1,1,1,1,1,1,1,5,1
SF,IH2009,2020-06-19 09:33:35.900,2802.6000,20768,0,321966720.000,2,1,1,多换,S,2802.8000,2801.8000,2801.6000,2801.2000,2800.8000,2803.0000,2803.2000,2803.4000,2803.6000,2803.8000,1,1,1,1,1,1,2,5,1,2
SF,IH2009,2020-06-19 09:33:36.400,2802.6000,20767,-1,322807500.000,1,0,1,双平,S,2801.6000,2801.2000,2800.8000,2800.6000,2800.4000,2801.8000,2802.4000,2802.6000,2802.8000,2803.0000,1,1,1,1,1,1,5,8,3,1
SF,IH2009,2020-06-19 09:33:36.900,2801.2000,20766,-1,324488340.000,2,0,2,多平,S,2800.6000,2800.4000,2799.0000,2798.8000,2798.2000,2801.4000,2802.6000,2802.8000,2803.2000,2803.4000,1,1,1,1,1,1,1,3,2,2
SF,IH2009,2020-06-19 09:33:37.400,2801.4000,20765,-1,325328760.000,1,0,1,双平,S,2800.6000,2800.4000,2799.0000,2798.8000,2798.2000,2802.6000,2802.8000,2803.2000,2803.4000,2803.6000,1,1,1,1,1,1,4,2,2,1
SF,IH2009,2020-06-19 09:33:37.900,2801.4000,20765,0,325328760.000,0,-,-,-,-,2800.6000,2800.4000,2798.8000,2798.2000,2798.0000,2802.4000,2802.6000,2802.8000,2803.0000,2803.2000,1,1,1,1,1,9,2,4,1,3
SF,IH2009,2020-06-19 09:33:38.400,2801.4000,20765,0,325328760.000,0,-,-,-,-,2800.8000,2800.6000,2800.4000,2798.8000,2798.2000,2802.0000,2802.2000,2802.4000,2802.6000,2802.8000,1,1,1,1,1,1,2,9,3,4
SF,IH2009,2020-06-19 09:33:38.900,2801.6000,20764,-1,327009420.000,2,0,2,多平,S,2798.8000,2798.2000,2798.0000,2797.0000,2795.0000,2801.8000,2802.2000,2802.4000,2802.6000,2802.8000,1,1,1,2,2,7,3,7,1,3
SF,IH2009,2020-06-19 09:33:39.400,2801.6000,20764,0,327009420.000,0,-,-,-,-,2801.0000,2799.0000,2798.8000,2798.2000,2798.0000,2801.6000,2801.8000,2802.2000,2802.4000,2802.6000,3,1,1,1,1,1,4,4,4,1
SF,IH2009,2020-06-19 09:33:39.900,2801.0000,20764,0,328690020.000,2,1,1,多换,S,2801.0000,2799.0000,2798.8000,2798.2000,2798.0000,2801.6000,2801.8000,2802.2000,2802.4000,2802.6000,1,1,1,1,1,1,3,5,4,1
SF,IH2009,2020-06-19 09:33:40.400,2801.0000,20764,0,328690020.000,0,-,-,-,-,2801.4000,2801.0000,2799.0000,2798.8000,2798.2000,2801.6000,2802.2000,2802.4000,2802.6000,2802.8000,1,1,1,1,1,1,5,4,1,3
SF,IH2009,2020-06-19 09:33:40.900,2801.4000,20764,0,329530440.000,1,0,1,多换,S,2801.0000,2799.0000,2798.8000,2798.2000,2798.0000,2801.6000,2802.2000,2802.4000,2802.6000,2802.8000,1,1,1,1,1,2,3,4,1,3
SF,IH2009,2020-06-19 09:33:41.400,2801.4000,20764,0,329530440.000,0,-,-,-,-,2801.0000,2800.0000,2799.0000,2798.8000,2798.2000,2801.2000,2801.4000,2801.6000,2802.2000,2802.4000,1,1,1,1,1,4,3,3,3,3
SF,IH2009,2020-06-19 09:33:41.900,2801.4000,20764,0,329530440.000,0,-,-,-,-,2801.2000,2800.0000,2799.0000,2798.8000,2798.2000,2801.4000,2801.6000,2802.2000,2802.4000,2802.6000,1,1,1,1,1,3,3,2,3,1
SF,IH2009,2020-06-19 09:33:42.400,2801.4000,20762,-2,331211280.000,2,0,2,双平,S,2801.2000,2800.0000,2799.0000,2798.8000,2798.2000,2801.6000,2802.2000,2802.4000,2802.6000,2802.8000,2,1,1,1,1,3,1,3,1,3
SF,IH2009,2020-06-19 09:33:42.900,2801.4000,20762,0,331211280.000,0,-,-,-,-,2801.2000,2800.0000,2799.0000,2798.8000,2798.2000,2801.6000,2802.2000,2802.4000,2802.6000,2802.8000,2,1,1,1,1,2,1,3,1,3
SF,IH2009,2020-06-19 09:33:43.400,2801.4000,20762,0,331211280.000,0,-,-,-,-,2801.2000,2800.0000,2799.0000,2798.8000,2798.2000,2801.4000,2801.6000,2802.2000,2802.4000,2802.6000,2,1,1,1,1,1,2,1,3,1
SF,IH2009,2020-06-19 09:33:43.900,2801.4000,20762,0,332051700.000,1,0,1,多换,S,2801.2000,2800.0000,2799.0000,2798.8000,2798.2000,2801.6000,2802.2000,2802.4000,2802.6000,2802.8000,2,1,1,1,1,2,1,3,1,3
SF,IH2009,2020-06-19 09:33:44.400,2801.4000,20762,0,332051700.000,0,-,-,-,-,2801.4000,2801.2000,2800.0000,2799.0000,2798.8000,2801.6000,2802.2000,2802.4000,2802.6000,2802.8000,1,1,1,1,1,2,1,3,1,3
SF,IH2009,2020-06-19 09:33:44.900,2801.4000,20762,0,334572900.000,3,1,2,多换,S,2800.0000,2799.0000,2798.8000,2798.2000,2798.0000,2801.6000,2802.2000,2802.4000,2802.6000,2802.8000,1,1,1,1,1,1,1,3,1,3
SF,IH2009,2020-06-19 09:33:45.400,2801.4000,20762,0,334572900.000,0,-,-,-,-,2800.2000,2800.0000,2799.0000,2798.8000,2798.2000,2801.2000,2801.6000,2802.2000,2802.4000,2802.6000,1,1,1,1,1,4,1,1,3,1
SF,IH2009,2020-06-19 09:33:45.900,2801.4000,20762,0,334572900.000,0,-,-,-,-,2800.2000,2800.0000,2799.0000,2798.8000,2798.2000,2801.2000,2802.2000,2802.4000,2802.6000,2802.8000,1,1,1,1,1,1,1,3,2,4
SF,IH2009,2020-06-19 09:33:46.400,2801.2000,20761,-1,335413260.000,1,0,1,双平,S,2801.2000,2800.4000,2800.2000,2800.0000,2799.0000,2802.2000,2802.4000,2802.6000,2802.8000,2803.0000,4,1,1,1,1,1,3,3,4,2
SF,IH2009,2020-06-19 09:33:46.900,2802.2000,20758,-3,338775720.000,4,0,4,多平,S,2802.2000,2801.2000,2800.0000,2799.4000,2799.0000,2802.4000,2802.6000,2802.8000,2803.0000,2803.2000,1,9,1,1,1,3,3,4,2,1
SF,IH2009,2020-06-19 09:33:47.400,2802.2000,20751,-7,348022980.000,11,2,9,多平,S,2801.2000,2800.0000,2799.4000,2799.0000,2798.8000,2802.0000,2802.2000,2802.4000,2802.6000,2802.8000,9,1,1,1,1,1,2,3,3,4
SF,IH2009,2020-06-19 09:33:47.900,2802.2000,20750,-1,349704300.000,2,0,2,多平,S,2802.4000,2802.0000,2801.4000,2801.2000,2800.0000,2802.6000,2802.8000,2803.0000,2803.2000,2803.6000,3,5,3,9,1,1,2,1,1,1
SF,IH2009,2020-06-19 09:33:48.400,2802.6000,20746,-4,353067060.000,4,0,4,双平,S,2802.6000,2802.0000,2801.4000,2801.2000,2800.0000,2802.8000,2803.0000,2803.2000,2803.6000,2803.8000,4,10,1,9,1,1,1,1,1,1
SF,IH2009,2020-06-19 09:33:48.900,2802.0000,20736,-10,361474680.000,10,0,10,双平,S,2802.0000,2801.4000,2801.2000,2800.0000,2799.4000,2803.2000,2803.6000,2803.8000,2805.0000,2806.0000,9,1,9,1,1,1,1,1,2,2
SF,IH2009,2020-06-19 09:33:49.400,2802.0000,20735,-1,362315280.000,1,0,1,双平,S,2802.0000,2801.2000,2800.0000,2799.4000,2798.8000,2803.0000,2803.2000,2803.6000,2803.8000,2805.0000,9,9,1,1,1,1,1,1,1,2
SF,IH2009,2020-06-19 09:33:49.900,2802.0000,20734,-1,363155880.000,1,0,1,双平,S,2802.2000,2802.0000,2801.2000,2800.0000,2799.4000,2802.8000,2803.0000,2803.2000,2803.6000,2803.8000,2,9,9,1,1,1,2,1,1,1
SF,IH2009,2020-06-19 09:33:50.400,2802.6000,20733,-1,363996660.000,1,0,1,双平,S,2802.2000,2802.0000,2801.2000,2800.0000,2798.8000,2803.2000,2803.6000,2803.8000,2805.0000,2806.0000,1,9,9,1,1,1,1,1,2,2
SF,IH2009,2020-06-19 09:33:50.900,2802.2000,20733,0,364837320.000,1,0,1,多换,S,2802.0000,2801.2000,2800.0000,2798.8000,2798.2000,2803.0000,2803.6000,2803.8000,2805.0000,2806.0000,9,9,1,1,1,3,1,1,2,2
SF,IH2009,2020-06-19 09:33:51.400,2802.2000,20733,0,364837320.000,0,-,-,-,-,2802.0000,2801.2000,2800.0000,2798.8000,2798.2000,2803.0000,2803.6000,2803.8000,2805.0000,2806.0000,9,9,1,1,1,4,1,1,3,2
SF,IH2009,2020-06-19 09:33:51.900,2802.2000,20733,0,364837320.000,0,-,-,-,-,2802.2000,2802.0000,2801.2000,2800.0000,2798.8000,2802.8000,2803.0000,2803.6000,2803.8000,2805.0000,1,9,9,1,1,2,4,1,1,3
SF,IH2009,2020-06-19 09:33:52.400,2802.2000,20733,0,364837320.000,0,-,-,-,-,2802.2000,2802.0000,2801.2000,2800.0000,2798.8000,2802.8000,2803.0000,2803.6000,2803.8000,2804.2000,1,9,9,1,1,1,4,1,1,1
SF,IH2009,2020-06-19 09:33:52.900,2802.2000,20733,0,364837320.000,0,-,-,-,-,2802.0000,2801.2000,2800.0000,2798.8000,2798.2000,2802.6000,2802.8000,2803.0000,2803.6000,2803.8000,9,9,1,1,1,2,1,4,1,1
SF,IH2009,2020-06-19 09:33:53.400,2802.6000,20732,-1,365678100.000,1,0,1,双平,S,2802.2000,2802.0000,2801.2000,2800.0000,2798.8000,2802.6000,2802.8000,2803.0000,2803.2000,2803.6000,1,9,9,1,1,1,1,4,1,1
SF,IH2009,2020-06-19 09:33:54.400,2802.6000,20732,0,365678100.000,0,-,-,-,-,2802.2000,2802.0000,2801.2000,2800.0000,2798.8000,2802.6000,2802.8000,2803.0000,2803.2000,2803.6000,1,9,9,1,1,1,1,4,1,1
SF,IH2009,2020-06-19 09:33:55.400,2802.6000,20732,0,365678100.000,0,-,-,-,-,2802.2000,2802.0000,2801.2000,2800.0000,2798.8000,2802.6000,2802.8000,2803.0000,2803.2000,2803.6000,1,9,9,1,1,1,1,4,1,1
SF,IH2009,2020-06-19 09:33:55.900,2802.2000,20732,0,366518760.000,1,0,1,多换,S,2802.0000,2801.2000,2800.0000,2798.8000,2798.2000,2802.2000,2802.6000,2802.8000,2803.0000,2803.2000,9,9,1,1,1,2,1,1,4,1
SF,IH2009,2020-06-19 09:33:56.400,2802.2000,20730,-2,368200080.000,2,0,2,双平,S,2802.2000,2802.0000,2801.2000,2800.2000,2800.0000,2802.6000,2802.8000,2803.0000,2803.2000,2803.6000,3,9,9,1,1,1,1,4,1,1
SF,IH2009,2020-06-19 09:33:56.900,2802.2000,20729,-1,369040740.000,1,0,1,双平,S,2802.2000,2802.0000,2801.2000,2800.2000,2800.0000,2802.4000,2802.6000,2802.8000,2803.0000,2803.2000,7,9,9,1,1,1,1,1,4,1
SF,IH2009,2020-06-19 09:33:57.400,2802.4000,20729,0,373244220.000,5,2,3,多换,S,2802.6000,2802.2000,2802.0000,2801.2000,2800.2000,2802.8000,2803.0000,2803.2000,2803.6000,2803.8000,8,5,9,9,1,2,3,1,1,1
SF,IH2009,2020-06-19 09:33:57.900,2802.6000,20729,0,379970460.000,8,4,4,多换,S,2802.2000,2802.0000,2801.2000,2800.2000,2800.0000,2802.8000,2803.0000,2803.2000,2803.6000,2803.8000,5,9,9,1,1,2,3,1,1,1
SF,IH2009,2020-06-19 09:33:58.400,2802.8000,20726,-3,383333580.000,4,0,4,多平,S,2802.8000,2802.2000,2802.0000,2801.2000,2800.2000,2803.0000,2803.2000,2803.6000,2803.8000,2804.2000,12,4,9,9,1,3,1,1,1,1
SF,IH2009,2020-06-19 09:33:58.900,2803.0000,20719,-7,391742280.000,10,1,9,多平,S,2802.8000,2802.2000,2802.0000,2801.2000,2800.2000,2803.0000,2803.2000,2803.6000,2803.8000,2804.2000,7,4,9,9,1,1,1,1,1,1
SF,IH2009,2020-06-19 09:33:59.400,2802.8000,20718,-1,393423960.000,2,0,2,多平,S,2802.8000,2802.2000,2802.0000,2801.2000,2800.2000,2803.2000,2803.6000,2803.8000,2804.2000,2805.0000,5,4,9,9,1,1,2,1,1,3
SF,IH2009,2020-06-19 09:33:59.900,2803.2000,20714,-4,397628520.000,5,0,5,多平,S,2803.2000,2803.0000,2802.8000,2802.2000,2802.0000,2803.6000,2803.8000,2804.2000,2805.0000,2806.0000,4,1,5,4,9,2,1,1,3,2
SF,IH2009,2020-06-19 09:34:00.400,2803.2000,20711,-3,400992360.000,4,0,4,多平,S,2803.0000,2802.8000,2802.2000,2802.0000,2801.2000,2803.6000,2803.8000,2804.2000,2804.8000,2805.0000,1,5,4,9,9,2,1,1,1,3
SF,IH2009,2020-06-19 09:34:00.900,2803.6000,20709,-2,403515360.000,3,0,3,多平,S,2802.8000,2802.2000,2802.0000,2801.2000,2800.2000,2803.6000,2803.8000,2804.2000,2804.8000,2805.0000,5,4,9,9,1,1,1,1,1,3
SF,IH2009,2020-06-19 09:34:01.400,2802.8000,20708,-1,406037880.000,3,1,2,多平,S,2802.8000,2802.2000,2802.0000,2801.2000,2800.2000,2803.2000,2803.6000,2803.8000,2804.6000,2804.8000,4,4,9,9,1,1,1,1,1,1
SF,IH2009,2020-06-19 09:34:01.900,2802.8000,20707,-1,408560400.000,3,1,2,多平,S,2802.8000,2802.2000,2802.0000,2801.2000,2800.2000,2803.2000,2803.8000,2804.6000,2804.8000,2805.0000,1,4,9,9,1,1,1,1,1,3
SF,IH2009,2020-06-19 09:34:02.900,2802.8000,20706,-1,409401240.000,1,0,1,双平,S,2802.2000,2802.0000,2801.2000,2800.2000,2800.0000,2803.2000,2803.8000,2804.6000,2804.8000,2805.0000,4,9,9,1,1,1,1,1,1,3
SF,IH2009,2020-06-19 09:34:03.400,2802.4000,20704,-2,411082680.000,2,0,2,双平,S,2802.2000,2802.0000,2801.2000,2800.2000,2800.0000,2803.2000,2803.4000,2803.8000,2804.6000,2805.0000,4,9,9,1,1,1,1,1,1,4
SF,IH2009,2020-06-19 09:34:03.900,2802.2000,20703,-1,411923340.000,1,0,1,双平,S,2802.2000,2802.0000,2801.2000,2800.2000,2800.0000,2803.0000,2803.2000,2803.8000,2804.6000,2805.0000,3,9,9,1,1,1,2,1,1,4
SF,IH2009,2020-06-19 09:34:04.400,2802.2000,20701,-2,413604660.000,2,0,2,双平,S,2802.2000,2802.0000,2801.2000,2800.2000,2800.0000,2802.4000,2803.0000,2803.2000,2803.8000,2804.6000,1,9,9,1,1,1,1,2,1,1
SF,IH2009,2020-06-19 09:34:04.900,2802.4000,20700,-1,415286100.000,2,0,2,多平,S,2802.2000,2802.0000,2801.2000,2800.2000,2800.0000,2803.0000,2803.2000,2803.8000,2804.6000,2805.0000,1,9,9,1,1,1,2,1,1,4
SF,IH2009,2020-06-19 09:34:05.400,2802.2000,20699,-1,416126760.000,1,0,1,双平,S,2802.0000,2801.2000,2800.2000,2800.0000,2798.8000,2802.2000,2803.0000,2803.2000,2803.8000,2804.6000,9,9,1,1,1,1,1,2,1,1
SF,IH2009,2020-06-19 09:34:05.900,2802.2000,20696,-3,418648740.000,3,0,3,双平,S,2802.0000,2801.2000,2800.2000,2800.0000,2798.8000,2803.0000,2803.2000,2803.8000,2804.6000,2805.0000,9,9,1,1,1,2,2,1,1,4
SF,IH2009,2020-06-19 09:34:06.400,2802.2000,20696,0,418648740.000,0,-,-,-,-,2802.0000,2801.2000,2800.2000,2798.8000,2798.2000,2803.0000,2803.2000,2803.4000,2803.8000,2804.6000,9,9,1,1,1,2,2,1,1,1
SF,IH2009,2020-06-19 09:34:06.900,2802.0000,20687,-9,426214140.000,9,0,9,双平,S,2801.2000,2800.2000,2798.8000,2798.2000,2798.0000,2802.8000,2803.0000,2803.2000,2803.4000,2803.8000,9,1,1,1,1,1,2,2,1,1
SF,IH2009,2020-06-19 09:34:07.400,2802.0000,20687,0,426214140.000,0,-,-,-,-,2801.2000,2800.2000,2800.0000,2798.8000,2798.2000,2802.6000,2802.8000,2803.0000,2803.2000,2803.4000,9,1,1,1,1,1,2,2,1,1
SF,IH2009,2020-06-19 09:34:07.900,2801.4000,20685,-2,427894980.000,2,0,2,双平,S,2801.2000,2800.2000,2800.0000,2798.8000,2798.2000,2802.4000,2802.6000,2802.8000,2803.0000,2803.2000,9,1,1,1,1,1,5,2,1,1
SF,IH2009,2020-06-19 09:34:08.400,2801.4000,20685,0,427894980.000,0,-,-,-,-,2801.2000,2800.2000,2800.0000,2798.8000,2798.2000,2802.2000,2802.6000,2802.8000,2803.0000,2803.2000,9,1,1,1,1,2,4,3,1,1
SF,IH2009,2020-06-19 09:34:08.900,2801.4000,20685,0,427894980.000,0,-,-,-,-,2801.2000,2800.2000,2800.0000,2798.8000,2798.2000,2802.2000,2802.6000,2802.8000,2803.0000,2803.2000,9,1,1,1,1,2,4,3,2,1
SF,IH2009,2020-06-19 09:34:09.400,2802.2000,20684,-1,428735640.000,1,0,1,双平,S,2801.2000,2800.2000,2800.0000,2798.8000,2798.2000,2802.2000,2802.6000,2802.8000,2803.0000,2803.2000,9,1,1,1,1,1,4,3,2,1
SF,IH2009,2020-06-19 09:34:09.900,2802.2000,20684,0,428735640.000,0,-,-,-,-,2801.2000,2800.0000,2798.8000,2798.2000,2798.0000,2802.0000,2802.6000,2802.8000,2803.0000,2803.2000,9,1,1,1,1,1,4,3,2,1
SF,IH2009,2020-06-19 09:34:10.400,2801.2000,20683,-1,429576000.000,1,0,1,双平,S,2801.2000,2800.0000,2799.2000,2798.8000,2798.2000,2802.0000,2802.6000,2802.8000,2803.0000,2803.4000,8,1,1,1,1,1,4,3,2,1
SF,IH2009,2020-06-19 09:34:10.900,2801.2000,20683,0,430416360.000,1,0,1,多换,S,2801.2000,2800.0000,2799.2000,2798.8000,2798.2000,2801.8000,2802.0000,2802.4000,2802.6000,2802.8000,7,1,1,1,1,1,1,1,4,3
SF,IH2009,2020-06-19 09:34:11.400,2801.2000,20683,0,430416360.000,0,-,-,-,-,2801.2000,2800.0000,2799.2000,2798.8000,2798.2000,2802.0000,2802.4000,2802.6000,2802.8000,2803.0000,7,1,1,1,1,1,1,4,3,2
SF,IH2009,2020-06-19 09:34:11.900,2801.2000,20683,0,430416360.000,0,-,-,-,-,2801.2000,2800.0000,2799.2000,2798.8000,2798.2000,2802.0000,2802.4000,2802.6000,2802.8000,2803.0000,7,1,1,1,1,1,1,4,4,3
SF,IH2009,2020-06-19 09:34:12.900,2802.0000,20680,-3,432937680.000,3,0,3,双平,S,2802.0000,2801.2000,2800.0000,2799.2000,2798.8000,2802.4000,2802.6000,2802.8000,2803.0000,2803.4000,4,5,1,1,1,1,1,4,3,1
SF,IH2009,2020-06-19 09:34:13.400,2802.4000,20673,-7,438822060.000,7,0,7,双平,S,2802.4000,2801.2000,2800.0000,2799.2000,2798.8000,2802.6000,2802.8000,2803.0000,2803.4000,2803.8000,12,5,1,1,1,1,3,3,1,1
SF,IH2009,2020-06-19 09:34:13.900,2802.6000,20667,-6,443866440.000,6,0,6,双平,S,2802.6000,2802.4000,2801.2000,2800.0000,2799.2000,2802.8000,2803.0000,2803.4000,2803.8000,2805.0000,4,7,5,1,1,2,2,1,1,3
SF,IH2009,2020-06-19 09:34:14.400,2802.8000,20666,-1,446388900.000,3,1,2,多平,S,2802.8000,2802.6000,2802.4000,2801.2000,2800.0000,2803.0000,2803.4000,2803.8000,2805.0000,2805.6000,3,9,7,5,1,1,1,1,3,1
SF,IH2009,2020-06-19 09:34:14.900,2802.8000,20660,-6,452274840.000,7,0,7,多平,S,2802.8000,2802.6000,2802.4000,2801.2000,2800.0000,2803.8000,2805.0000,2805.6000,2806.0000,2806.6000,2,9,7,5,1,1,3,1,2,1
SF,IH2009,2020-06-19 09:34:15.400,2802.8000,20660,0,453956520.000,2,1,1,多换,S,2802.8000,2802.6000,2802.4000,2801.2000,2800.0000,2803.6000,2803.8000,2805.0000,2805.6000,2806.0000,1,9,7,5,1,1,1,3,1,2
SF,IH2009,2020-06-19 09:34:15.900,2803.0000,20659,-1,454797420.000,1,0,1,双平,S,2802.8000,2802.6000,2802.4000,2801.2000,2800.0000,2803.8000,2805.0000,2805.6000,2806.0000,2806.6000,1,9,7,5,1,1,3,1,2,1
SF,IH2009,2020-06-19 09:34:16.400,2803.0000,20659,0,454797420.000,0,-,-,-,-,2802.8000,2802.6000,2802.4000,2801.2000,2800.0000,2803.6000,2803.8000,2805.0000,2805.6000,2806.0000,1,9,7,5,1,1,1,2,1,2
SF,IH2009,2020-06-19 09:34:17.400,2802.8000,20658,-1,455638260.000,1,0,1,双平,S,2802.6000,2802.4000,2801.2000,2800.0000,2798.8000,2802.8000,2803.6000,2803.8000,2805.0000,2805.6000,9,7,5,1,1,1,1,1,2,1
SF,IH2009,2020-06-19 09:34:17.900,2802.6000,20653,-5,460683000.000,6,0,6,多平,S,2802.6000,2802.4000,2801.2000,2800.0000,2798.8000,2803.6000,2803.8000,2805.0000,2805.6000,2806.0000,5,7,5,1,1,1,1,2,1,2
SF,IH2009,2020-06-19 09:34:19.400,2802.6000,20653,0,460683000.000,0,-,-,-,-,2802.6000,2802.4000,2801.2000,2800.0000,2798.8000,2803.0000,2803.4000,2803.6000,2803.8000,2805.0000,5,7,5,1,1,1,2,1,1,2
SF,IH2009,2020-06-19 09:34:19.900,2802.6000,20653,0,463205460.000,3,1,2,多换,S,2802.6000,2802.4000,2801.2000,2800.0000,2798.8000,2803.4000,2803.6000,2803.8000,2804.0000,2804.8000,3,7,5,1,1,1,1,1,1,1
SF,IH2009,2020-06-19 09:34:20.900,2802.6000,20653,0,463205460.000,0,-,-,-,-,2802.6000,2802.4000,2801.2000,2800.0000,2798.8000,2803.4000,2803.6000,2803.8000,2804.0000,2804.8000,3,7,5,1,1,1,1,1,1,1
SF,IH2009,2020-06-19 09:34:21.400,2802.6000,20653,0,463205460.000,0,-,-,-,-,2802.6000,2802.4000,2801.2000,2800.0000,2798.8000,2803.4000,2803.6000,2803.8000,2804.0000,2804.8000,3,7,5,1,1,1,2,1,1,1
SF,IH2009,2020-06-19 09:34:21.900,2802.6000,20653,0,463205460.000,0,-,-,-,-,2802.6000,2802.4000,2801.2000,2800.0000,2798.8000,2802.8000,2803.4000,2803.6000,2803.8000,2804.0000,3,7,5,1,1,1,1,2,1,1
SF,IH2009,2020-06-19 09:34:22.400,2802.6000,20652,-1,464887080.000,2,0,2,多平,S,2802.6000,2802.4000,2801.2000,2800.0000,2798.8000,2803.0000,2803.4000,2803.6000,2803.8000,2804.0000,2,7,5,1,1,1,1,2,1,1
SF,IH2009,2020-06-19 09:34:22.900,2802.6000,20652,0,464887080.000,0,-,-,-,-,2802.6000,2802.4000,2801.2000,2800.0000,2798.8000,2803.0000,2803.4000,2803.6000,2803.8000,2804.0000,2,7,5,1,1,1,2,2,1,1
SF,IH2009,2020-06-19 09:34:23.400,2802.6000,20652,0,464887080.000,0,-,-,-,-,2802.6000,2802.4000,2801.2000,2800.0000,2798.8000,2803.0000,2803.4000,2803.6000,2803.8000,2804.0000,2,7,5,1,1,1,2,2,1,1
