市场代码,合约代码,时间,最新,持仓,增仓,成交额,成交量,开仓,平仓,成交类型,方向,买一价,买二价,买三价,买四价,买五价,卖一价,卖二价,卖三价,卖四价,卖五价,买一量,买二量,买三量,买四量,买五量,卖一量,卖二量,卖三量,卖四量,卖五量
SF,IH2006,2020-02-13 09:29:00.300,2869.4000,10277,0,860820.000,1.000,-,-,-,-,2868.4000,2866.0000,2865.2000,2863.6000,2861.6000,2872.8000,2873.0000,2876.2000,2877.0000,2879.6000,1,1,2,2,1,1,1,1,1,2
SF,IH2006,2020-02-13 09:30:00.300,2868.4000,10278,1,1721340.000,1,1,0,双开,S,2866.0000,2865.2000,2863.6000,2861.6000,2861.0000,2868.4000,2869.6000,2870.4000,2871.0000,2871.8000,1,2,2,1,1,2,2,1,1,1
SF,IH2006,2020-02-13 09:30:00.800,2866.0000,10276,-2,3441000.000,2,0,2,双平,S,2865.2000,2863.6000,2861.6000,2861.0000,2860.0000,2868.0000,2868.2000,2868.4000,2869.6000,2870.4000,2,2,1,1,1,1,4,2,2,1
SF,IH2006,2020-02-13 09:30:01.300,2866.0000,10276,0,3441000.000,0,-,-,-,-,2865.4000,2865.2000,2863.6000,2861.6000,2861.0000,2867.8000,2868.0000,2868.2000,2868.4000,2869.6000,1,2,2,1,1,4,1,1,2,2
SF,IH2006,2020-02-13 09:30:01.800,2866.0000,10276,0,3441000.000,0,-,-,-,-,2865.8000,2865.6000,2865.4000,2865.2000,2863.6000,2867.8000,2868.4000,2869.6000,2870.4000,2871.0000,1,1,1,2,2,3,2,2,1,1
SF,IH2006,2020-02-13 09:30:02.300,2867.8000,10277,1,4301340.000,1,1,0,双开,S,2866.0000,2865.8000,2865.6000,2865.2000,2863.6000,2867.8000,2868.4000,2869.6000,2870.4000,2871.0000,2,1,1,2,2,2,4,2,1,1
SF,IH2006,2020-02-13 09:30:02.800,2867.8000,10277,0,4301340.000,0,-,-,-,-,2866.0000,2865.8000,2865.6000,2865.2000,2863.6000,2867.8000,2868.4000,2869.6000,2870.4000,2871.0000,2,1,1,2,2,2,4,1,1,1
SF,IH2006,2020-02-13 09:30:03.300,2867.8000,10277,0,4301340.000,0,-,-,-,-,2866.0000,2865.8000,2865.6000,2865.2000,2863.6000,2867.8000,2868.4000,2869.0000,2869.6000,2870.4000,2,1,1,2,2,2,4,2,1,1
SF,IH2006,2020-02-13 09:30:03.800,2868.4000,10278,1,7743060.000,4,2,2,空开,S,2866.0000,2865.8000,2865.6000,2865.2000,2863.6000,2868.4000,2869.0000,2869.6000,2870.4000,2871.0000,2,1,1,2,2,2,2,1,1,1
SF,IH2006,2020-02-13 09:30:04.300,2868.4000,10278,0,7743060.000,0,-,-,-,-,2866.0000,2865.8000,2865.6000,2865.2000,2861.6000,2868.2000,2868.4000,2869.0000,2869.6000,2870.4000,2,1,1,2,1,1,2,2,1,1
SF,IH2006,2020-02-13 09:30:04.800,2868.4000,10278,0,7743060.000,0,-,-,-,-,2866.2000,2866.0000,2865.8000,2865.6000,2865.2000,2868.4000,2869.0000,2869.6000,2870.4000,2872.0000,1,2,2,1,2,2,2,1,1,1
SF,IH2006,2020-02-13 09:30:05.300,2868.4000,10278,0,7743060.000,0,-,-,-,-,2866.4000,2866.2000,2865.8000,2865.6000,2865.2000,2868.4000,2869.0000,2869.6000,2870.4000,2872.0000,2,1,2,1,2,2,2,1,1,1
SF,IH2006,2020-02-13 09:30:06.300,2868.4000,10278,0,7743060.000,0,-,-,-,-,2867.2000,2866.6000,2866.4000,2866.2000,2865.8000,2868.4000,2869.0000,2870.4000,2872.0000,2873.0000,1,3,2,1,1,2,2,1,1,1
SF,IH2006,2020-02-13 09:30:06.800,2868.4000,10278,0,7743060.000,0,-,-,-,-,2867.4000,2867.2000,2866.6000,2866.4000,2866.2000,2868.4000,2869.0000,2870.4000,2872.0000,2873.0000,1,1,3,1,1,2,2,1,1,1
SF,IH2006,2020-02-13 09:30:07.300,2868.4000,10278,0,7743060.000,0,-,-,-,-,2867.4000,2867.2000,2866.6000,2866.4000,2866.2000,2868.4000,2869.0000,2870.4000,2872.0000,2873.0000,1,1,3,1,1,2,2,1,1,1
SF,IH2006,2020-02-13 09:30:07.800,2868.4000,10278,0,7743060.000,0,-,-,-,-,2867.4000,2866.4000,2866.2000,2865.8000,2865.6000,2868.4000,2869.0000,2872.0000,2873.0000,2876.6000,1,1,1,1,1,2,2,1,1,5
SF,IH2006,2020-02-13 09:30:08.300,2868.4000,10278,0,7743060.000,0,-,-,-,-,2867.4000,2866.4000,2866.2000,2865.8000,2865.6000,2868.4000,2869.0000,2872.0000,2873.0000,2876.6000,1,1,1,1,1,5,2,1,1,5
SF,IH2006,2020-02-13 09:30:08.800,2868.4000,10277,-1,9464100.000,2,0,2,多平,S,2867.4000,2867.2000,2866.4000,2866.2000,2865.8000,2868.4000,2869.0000,2872.0000,2873.0000,2876.6000,1,1,1,1,1,3,2,1,1,5
SF,IH2006,2020-02-13 09:30:09.300,2868.4000,10276,-1,10324620.000,1,0,1,双平,S,2867.4000,2867.2000,2866.4000,2866.2000,2865.8000,2868.4000,2869.0000,2872.0000,2873.0000,2876.6000,1,1,1,1,1,2,2,1,1,5
SF,IH2006,2020-02-13 09:30:09.800,2868.4000,10276,0,10324620.000,0,-,-,-,-,2867.4000,2867.2000,2866.4000,2866.2000,2866.0000,2868.4000,2869.0000,2872.0000,2873.0000,2876.6000,1,1,1,1,1,2,2,1,1,5
SF,IH2006,2020-02-13 09:30:10.300,2868.4000,10276,0,10324620.000,0,-,-,-,-,2867.4000,2867.2000,2866.4000,2866.2000,2866.0000,2868.4000,2869.0000,2872.0000,2873.0000,2876.6000,1,1,1,1,1,2,2,1,1,5
SF,IH2006,2020-02-13 09:30:10.800,2867.6000,10274,-2,12045180.000,2,0,2,双平,S,2867.4000,2867.2000,2866.4000,2866.2000,2866.0000,2868.4000,2869.0000,2872.0000,2873.0000,2876.6000,1,1,1,1,1,2,2,1,1,5
SF,IH2006,2020-02-13 09:30:11.300,2867.6000,10274,0,12045180.000,0,-,-,-,-,2867.4000,2866.2000,2866.0000,2865.8000,2865.6000,2868.0000,2868.4000,2868.8000,2869.0000,2872.0000,1,1,1,1,1,1,2,3,2,1
SF,IH2006,2020-02-13 09:30:11.800,2867.6000,10271,-3,14626020.000,3,0,3,双平,S,2866.2000,2866.0000,2865.8000,2865.6000,2865.2000,2868.0000,2868.4000,2868.8000,2869.0000,2872.0000,1,1,1,1,2,1,2,3,2,1
SF,IH2006,2020-02-13 09:30:12.300,2867.6000,10271,0,14626020.000,0,-,-,-,-,2866.4000,2866.2000,2866.0000,2865.8000,2865.6000,2867.8000,2868.0000,2868.4000,2868.8000,2869.0000,3,1,1,1,1,1,1,2,3,2
SF,IH2006,2020-02-13 09:30:12.800,2867.6000,10271,0,14626020.000,0,-,-,-,-,2866.4000,2866.2000,2866.0000,2865.8000,2865.6000,2867.8000,2868.0000,2868.4000,2868.8000,2869.0000,3,1,1,1,1,1,1,2,3,2
SF,IH2006,2020-02-13 09:30:13.300,2867.6000,10271,0,14626020.000,0,-,-,-,-,2866.4000,2866.0000,2865.6000,2865.2000,2861.6000,2867.8000,2868.0000,2868.4000,2868.8000,2869.0000,2,1,1,2,1,1,1,2,3,2
SF,IH2006,2020-02-13 09:30:13.800,2867.6000,10271,0,14626020.000,0,-,-,-,-,2866.4000,2866.2000,2866.0000,2865.6000,2865.2000,2867.8000,2868.0000,2868.4000,2868.8000,2869.0000,1,1,1,1,2,1,1,2,2,2
SF,IH2006,2020-02-13 09:30:14.300,2866.6000,10270,-1,15486000.000,1,0,1,双平,S,2866.4000,2866.2000,2866.0000,2865.6000,2865.2000,2867.8000,2868.0000,2868.4000,2868.8000,2869.0000,2,1,1,1,2,1,1,2,2,2
SF,IH2006,2020-02-13 09:30:14.800,2866.6000,10270,0,15486000.000,0,-,-,-,-,2866.6000,2866.4000,2866.2000,2866.0000,2865.6000,2867.8000,2868.0000,2868.4000,2868.8000,2872.0000,2,2,1,1,1,1,1,2,2,1
SF,IH2006,2020-02-13 09:30:15.300,2866.6000,10270,0,15486000.000,0,-,-,-,-,2866.6000,2866.4000,2866.2000,2866.0000,2865.6000,2868.0000,2868.4000,2868.8000,2872.0000,2873.0000,2,2,1,1,1,1,2,2,1,1
SF,IH2006,2020-02-13 09:30:15.800,2866.6000,10270,0,15486000.000,0,-,-,-,-,2866.8000,2866.6000,2866.4000,2866.2000,2866.0000,2868.0000,2868.4000,2868.8000,2872.0000,2873.0000,1,3,2,1,1,1,2,2,1,1
SF,IH2006,2020-02-13 09:30:16.300,2866.6000,10270,0,16345980.000,1,0,1,多换,S,2866.8000,2866.6000,2866.4000,2866.2000,2866.0000,2868.0000,2868.4000,2868.8000,2872.0000,2873.0000,1,3,2,1,1,1,2,2,1,1
SF,IH2006,2020-02-13 09:30:17.800,2866.6000,10270,0,16345980.000,0,-,-,-,-,2866.8000,2866.6000,2866.4000,2866.2000,2866.0000,2868.0000,2868.4000,2868.8000,2872.0000,2873.0000,1,3,2,1,1,1,2,2,1,1
SF,IH2006,2020-02-13 09:30:18.300,2866.6000,10270,0,16345980.000,0,-,-,-,-,2867.0000,2866.8000,2866.6000,2866.4000,2866.2000,2868.0000,2868.4000,2868.8000,2872.0000,2873.0000,1,1,3,2,1,1,2,2,1,1
SF,IH2006,2020-02-13 09:30:18.800,2866.6000,10270,0,16345980.000,0,-,-,-,-,2867.0000,2866.8000,2866.6000,2866.4000,2866.2000,2867.8000,2868.0000,2868.4000,2868.8000,2872.0000,1,1,3,2,1,4,1,2,2,1
SF,IH2006,2020-02-13 09:30:19.300,2867.8000,10269,-1,17206320.000,1,0,1,双平,S,2867.0000,2866.8000,2866.6000,2866.4000,2866.2000,2867.8000,2868.0000,2868.4000,2868.8000,2872.0000,2,1,2,2,1,3,1,2,2,1
SF,IH2006,2020-02-13 09:30:20.300,2867.8000,10269,0,17206320.000,0,-,-,-,-,2867.0000,2866.8000,2866.6000,2866.4000,2866.2000,2867.8000,2868.0000,2868.4000,2868.8000,2872.0000,2,1,2,2,1,4,1,2,2,1
SF,IH2006,2020-02-13 09:30:20.800,2867.8000,10269,0,17206320.000,0,-,-,-,-,2867.0000,2866.8000,2866.6000,2866.4000,2866.2000,2867.8000,2868.0000,2868.4000,2868.8000,2872.0000,2,1,2,1,1,4,1,2,2,1
SF,IH2006,2020-02-13 09:30:21.300,2867.8000,10269,0,17206320.000,0,-,-,-,-,2867.0000,2866.6000,2866.4000,2866.2000,2866.0000,2867.8000,2868.0000,2868.4000,2868.8000,2872.0000,2,2,1,1,1,4,1,2,2,1
SF,IH2006,2020-02-13 09:30:22.300,2867.8000,10269,0,17206320.000,0,-,-,-,-,2867.0000,2866.6000,2866.4000,2866.2000,2866.0000,2867.8000,2868.0000,2868.4000,2868.8000,2872.0000,3,2,1,1,1,4,1,2,2,1
SF,IH2006,2020-02-13 09:30:22.800,2867.8000,10269,0,17206320.000,0,-,-,-,-,2867.2000,2867.0000,2866.6000,2866.4000,2866.2000,2867.8000,2868.0000,2868.4000,2868.8000,2872.0000,2,3,1,1,1,4,1,2,2,1
SF,IH2006,2020-02-13 09:30:23.300,2867.8000,10269,0,17206320.000,0,-,-,-,-,2867.2000,2867.0000,2866.6000,2866.4000,2866.2000,2867.8000,2868.0000,2868.4000,2868.8000,2872.0000,2,2,1,1,1,4,1,2,2,1
SF,IH2006,2020-02-13 09:30:23.800,2867.8000,10266,-3,19787340.000,3,0,3,双平,S,2867.2000,2867.0000,2866.6000,2866.4000,2866.2000,2867.8000,2868.0000,2868.4000,2868.8000,2872.0000,2,2,1,1,1,1,1,2,2,1
SF,IH2006,2020-02-13 09:30:25.300,2867.8000,10266,0,19787340.000,0,-,-,-,-,2867.4000,2867.2000,2867.0000,2866.6000,2866.4000,2867.8000,2868.0000,2868.4000,2868.8000,2872.0000,1,3,2,1,1,1,1,2,2,1
SF,IH2006,2020-02-13 09:30:25.800,2867.8000,10265,-1,20647680.000,1,0,1,双平,S,2867.8000,2867.4000,2867.2000,2867.0000,2866.6000,2868.0000,2868.4000,2868.8000,2872.0000,2873.0000,2,1,3,2,1,1,2,2,1,1
SF,IH2006,2020-02-13 09:30:26.300,2868.0000,10264,-1,21508080.000,1,0,1,双平,S,2868.0000,2867.8000,2867.4000,2867.2000,2867.0000,2868.4000,2868.8000,2872.0000,2873.0000,2876.6000,3,1,1,3,2,2,2,1,1,6
SF,IH2006,2020-02-13 09:30:26.800,2868.4000,10262,-2,23229120.000,2,0,2,双平,S,2868.0000,2867.8000,2867.4000,2867.2000,2867.0000,2868.8000,2872.0000,2873.0000,2876.6000,2879.6000,2,2,1,3,2,2,1,1,6,1
SF,IH2006,2020-02-13 09:30:27.800,2868.8000,10261,-1,24089760.000,1,0,1,双平,S,2868.0000,2867.8000,2867.4000,2867.2000,2867.0000,2868.8000,2872.0000,2873.0000,2876.6000,2879.6000,1,2,1,3,2,1,1,1,6,1
SF,IH2006,2020-02-13 09:30:28.300,2868.0000,10261,0,25810560.000,2,1,1,多换,S,2867.8000,2867.4000,2867.2000,2867.0000,2866.6000,2868.8000,2872.0000,2873.0000,2876.6000,2879.6000,2,1,3,2,1,1,1,1,6,1
SF,IH2006,2020-02-13 09:30:28.800,2868.0000,10261,0,25810560.000,0,-,-,-,-,2868.0000,2867.8000,2867.2000,2867.0000,2866.6000,2868.8000,2872.0000,2873.0000,2876.6000,2879.6000,1,2,3,2,1,1,1,1,6,1
SF,IH2006,2020-02-13 09:30:29.300,2868.0000,10261,0,25810560.000,0,-,-,-,-,2868.0000,2867.8000,2867.2000,2867.0000,2866.6000,2868.8000,2872.0000,2873.0000,2876.6000,2879.6000,1,2,3,2,1,1,1,1,6,1
SF,IH2006,2020-02-13 09:30:29.800,2868.0000,10261,0,25810560.000,0,-,-,-,-,2868.0000,2867.8000,2867.2000,2867.0000,2866.6000,2868.8000,2872.0000,2873.0000,2876.6000,2879.6000,2,2,3,2,2,1,1,1,6,1
SF,IH2006,2020-02-13 09:30:30.300,2868.0000,10261,0,25810560.000,0,-,-,-,-,2868.4000,2868.0000,2867.8000,2867.2000,2867.0000,2868.8000,2872.0000,2873.0000,2876.6000,2879.6000,1,2,2,3,1,1,1,1,6,1
SF,IH2006,2020-02-13 09:30:30.800,2868.0000,10261,0,25810560.000,0,-,-,-,-,2868.4000,2868.0000,2867.8000,2867.2000,2867.0000,2868.8000,2872.0000,2873.0000,2876.6000,2879.6000,1,1,1,3,1,1,2,1,6,1
SF,IH2006,2020-02-13 09:30:31.300,2868.0000,10261,0,25810560.000,0,-,-,-,-,2868.4000,2868.0000,2867.8000,2867.2000,2867.0000,2868.8000,2872.0000,2872.8000,2873.0000,2876.6000,1,1,1,3,1,1,2,1,1,6
SF,IH2006,2020-02-13 09:30:31.800,2868.0000,10261,0,25810560.000,0,-,-,-,-,2868.4000,2868.0000,2867.8000,2867.2000,2867.0000,2868.8000,2872.0000,2872.8000,2873.0000,2876.6000,1,1,1,3,1,1,2,1,1,6
SF,IH2006,2020-02-13 09:30:32.800,2868.8000,10260,-1,26671200.000,1,0,1,双平,S,2868.4000,2867.8000,2867.2000,2867.0000,2866.6000,2872.0000,2872.8000,2873.0000,2876.6000,2879.6000,2,1,3,1,2,2,1,1,6,1
SF,IH2006,2020-02-13 09:30:33.300,2868.8000,10260,0,26671200.000,0,-,-,-,-,2868.6000,2868.4000,2867.8000,2867.2000,2867.0000,2868.8000,2870.6000,2871.4000,2871.6000,2871.8000,1,2,1,3,1,1,1,1,1,5
SF,IH2006,2020-02-13 09:30:33.800,2868.4000,10259,-1,28392360.000,2,0,2,多平,S,2868.4000,2867.8000,2867.2000,2867.0000,2866.6000,2870.6000,2871.4000,2871.6000,2871.8000,2872.0000,1,1,3,1,2,1,1,1,3,2
SF,IH2006,2020-02-13 09:30:34.300,2868.4000,10259,0,28392360.000,0,-,-,-,-,2868.6000,2868.4000,2867.8000,2867.2000,2867.0000,2870.4000,2870.6000,2871.4000,2871.6000,2871.8000,1,1,1,3,1,2,1,1,1,2
SF,IH2006,2020-02-13 09:30:34.800,2868.4000,10259,0,28392360.000,0,-,-,-,-,2868.8000,2868.6000,2868.4000,2867.8000,2867.2000,2870.2000,2870.4000,2870.6000,2871.4000,2872.0000,1,1,1,1,3,1,2,1,1,2
SF,IH2006,2020-02-13 09:30:35.300,2868.4000,10259,0,28392360.000,0,-,-,-,-,2868.6000,2868.4000,2867.8000,2867.2000,2867.0000,2870.4000,2870.6000,2872.0000,2872.8000,2873.0000,1,1,1,3,1,1,1,2,1,1
SF,IH2006,2020-02-13 09:30:35.800,2868.4000,10259,0,28392360.000,0,-,-,-,-,2868.8000,2868.6000,2868.4000,2867.8000,2867.2000,2870.2000,2870.4000,2870.6000,2872.0000,2872.8000,5,3,1,1,2,1,1,1,2,1
SF,IH2006,2020-02-13 09:30:36.300,2868.4000,10259,0,28392360.000,0,-,-,-,-,2868.8000,2868.6000,2868.4000,2867.8000,2867.2000,2870.0000,2870.2000,2870.6000,2872.0000,2872.8000,2,2,1,1,2,1,1,1,2,1
SF,IH2006,2020-02-13 09:30:36.800,2868.4000,10259,0,28392360.000,0,-,-,-,-,2868.8000,2868.6000,2868.4000,2867.2000,2867.0000,2870.0000,2870.2000,2870.6000,2872.0000,2872.8000,1,2,1,2,1,2,1,1,2,1
SF,IH2006,2020-02-13 09:30:37.300,2868.8000,10259,0,29253000.000,1,0,1,多换,S,2868.6000,2868.4000,2867.2000,2867.0000,2866.6000,2869.8000,2870.0000,2870.2000,2870.6000,2872.0000,2,1,2,1,2,1,2,1,1,2
SF,IH2006,2020-02-13 09:30:37.800,2868.8000,10259,0,29253000.000,0,-,-,-,-,2868.6000,2867.2000,2866.6000,2866.2000,2866.0000,2869.6000,2869.8000,2870.0000,2870.2000,2870.6000,1,2,2,1,3,1,1,2,1,1
SF,IH2006,2020-02-13 09:30:38.300,2868.8000,10259,0,29253000.000,0,-,-,-,-,2868.6000,2867.8000,2867.2000,2866.6000,2866.2000,2869.8000,2870.0000,2870.2000,2870.6000,2872.0000,1,1,2,2,1,1,2,1,1,2
SF,IH2006,2020-02-13 09:30:38.800,2869.8000,10259,0,30113940.000,1,0,1,多换,S,2867.8000,2867.2000,2866.6000,2866.2000,2866.0000,2870.0000,2870.2000,2870.6000,2872.0000,2872.8000,1,2,2,1,3,2,1,1,2,1
SF,IH2006,2020-02-13 09:30:39.300,2869.8000,10259,0,30113940.000,0,-,-,-,-,2868.0000,2867.8000,2867.2000,2866.6000,2866.2000,2870.0000,2870.6000,2872.0000,2872.8000,2873.0000,4,1,2,2,1,2,1,2,1,1
SF,IH2006,2020-02-13 09:30:39.800,2869.8000,10259,0,30113940.000,0,-,-,-,-,2868.2000,2868.0000,2867.8000,2867.2000,2866.6000,2869.8000,2870.0000,2870.6000,2872.0000,2872.8000,1,3,1,2,2,1,2,1,2,1
SF,IH2006,2020-02-13 09:30:40.300,2869.8000,10259,0,30113940.000,0,-,-,-,-,2868.4000,2868.0000,2867.8000,2867.2000,2866.6000,2869.6000,2870.0000,2870.6000,2872.0000,2872.8000,1,2,1,2,2,1,2,1,2,1
SF,IH2006,2020-02-13 09:30:40.800,2869.8000,10259,0,30113940.000,0,-,-,-,-,2868.6000,2868.0000,2867.8000,2867.2000,2866.6000,2869.6000,2870.0000,2870.6000,2872.0000,2872.8000,1,2,1,2,2,1,1,1,2,1
SF,IH2006,2020-02-13 09:30:41.300,2869.8000,10259,0,30113940.000,0,-,-,-,-,2868.0000,2867.8000,2867.2000,2866.6000,2866.2000,2869.6000,2870.0000,2870.6000,2872.0000,2872.8000,2,1,2,2,1,1,1,1,2,1
SF,IH2006,2020-02-13 09:30:41.800,2869.8000,10259,0,30113940.000,0,-,-,-,-,2868.6000,2868.2000,2868.0000,2867.8000,2867.2000,2870.0000,2870.6000,2872.0000,2872.8000,2873.0000,1,2,3,1,2,1,1,2,1,1
SF,IH2006,2020-02-13 09:30:42.300,2869.8000,10259,0,30113940.000,0,-,-,-,-,2868.6000,2868.2000,2868.0000,2867.8000,2867.2000,2870.0000,2870.6000,2872.0000,2872.8000,2873.0000,1,1,3,1,2,1,1,2,1,1
SF,IH2006,2020-02-13 09:30:42.800,2869.8000,10259,0,30113940.000,0,-,-,-,-,2868.8000,2868.6000,2868.0000,2867.8000,2867.2000,2870.0000,2870.6000,2872.0000,2872.8000,2873.0000,1,1,3,1,2,1,1,2,1,1
SF,IH2006,2020-02-13 09:30:43.300,2869.8000,10259,0,30113940.000,0,-,-,-,-,2868.6000,2868.0000,2867.8000,2867.2000,2866.6000,2870.0000,2870.6000,2872.0000,2872.8000,2873.0000,1,3,1,2,2,1,1,2,1,1
SF,IH2006,2020-02-13 09:30:43.800,2869.8000,10259,0,30113940.000,0,-,-,-,-,2868.8000,2868.6000,2868.0000,2867.8000,2867.2000,2870.0000,2870.6000,2872.0000,2872.8000,2873.0000,1,1,3,1,2,1,1,2,1,1
SF,IH2006,2020-02-13 09:30:44.300,2869.8000,10259,0,30113940.000,0,-,-,-,-,2868.6000,2868.0000,2867.2000,2866.6000,2866.2000,2870.0000,2870.6000,2872.0000,2872.8000,2873.0000,1,3,2,2,1,1,1,2,1,1
SF,IH2006,2020-02-13 09:30:44.800,2869.8000,10259,0,30113940.000,0,-,-,-,-,2868.8000,2868.6000,2868.0000,2867.2000,2866.6000,2870.0000,2870.6000,2872.0000,2872.8000,2873.0000,1,1,3,2,2,1,1,2,1,1
SF,IH2006,2020-02-13 09:30:45.300,2869.8000,10259,0,30113940.000,0,-,-,-,-,2868.8000,2868.6000,2868.0000,2867.2000,2866.6000,2870.0000,2870.6000,2872.0000,2872.8000,2873.0000,1,1,3,2,2,1,1,2,1,1
SF,IH2006,2020-02-13 09:30:45.800,2869.8000,10259,0,30113940.000,0,-,-,-,-,2868.8000,2868.6000,2868.0000,2867.2000,2866.6000,2870.0000,2870.6000,2871.8000,2872.0000,2872.8000,1,1,3,2,2,1,1,1,2,1
SF,IH2006,2020-02-13 09:30:46.300,2870.0000,10258,-1,30974940.000,1,0,1,双平,S,2868.8000,2868.6000,2868.0000,2867.2000,2866.6000,2870.6000,2871.8000,2872.0000,2872.8000,2873.0000,1,1,3,2,2,1,1,2,1,1
SF,IH2006,2020-02-13 09:30:46.800,2870.4000,10257,-1,32697180.000,2,0,2,多平,S,2869.0000,2868.8000,2868.6000,2868.0000,2867.2000,2870.6000,2871.8000,2872.0000,2872.8000,2873.0000,2,1,1,2,2,1,1,2,1,1
SF,IH2006,2020-02-13 09:30:47.300,2869.0000,10257,0,33557880.000,1,0,1,多换,S,2869.0000,2868.8000,2868.6000,2868.0000,2867.2000,2870.4000,2870.6000,2871.8000,2872.0000,2872.8000,1,1,1,2,2,1,1,1,2,1
SF,IH2006,2020-02-13 09:30:47.800,2869.0000,10257,0,33557880.000,0,-,-,-,-,2869.0000,2868.8000,2868.6000,2868.0000,2867.2000,2870.2000,2870.6000,2871.8000,2872.0000,2872.8000,1,1,1,1,2,1,1,1,2,1
SF,IH2006,2020-02-13 09:30:48.300,2869.0000,10257,0,33557880.000,0,-,-,-,-,2868.8000,2868.6000,2868.0000,2867.2000,2866.6000,2870.0000,2870.6000,2871.8000,2872.0000,2872.8000,1,1,1,2,2,1,1,1,2,1
SF,IH2006,2020-02-13 09:30:48.800,2869.0000,10257,0,33557880.000,0,-,-,-,-,2868.8000,2868.6000,2868.0000,2867.2000,2866.6000,2869.8000,2870.6000,2871.8000,2872.0000,2872.8000,1,1,1,2,2,1,1,1,2,1
SF,IH2006,2020-02-13 09:30:49.300,2869.0000,10257,0,33557880.000,0,-,-,-,-,2869.0000,2868.8000,2868.6000,2867.2000,2866.6000,2870.6000,2871.8000,2872.0000,2872.8000,2873.0000,2,1,1,2,2,1,1,2,1,1
SF,IH2006,2020-02-13 09:30:49.800,2869.0000,10257,0,33557880.000,0,-,-,-,-,2869.2000,2868.8000,2868.6000,2867.2000,2866.6000,2870.4000,2870.6000,2871.8000,2872.0000,2872.8000,1,1,1,2,2,5,1,1,2,1
SF,IH2006,2020-02-13 09:30:50.300,2869.2000,10256,-1,34418640.000,1,0,1,双平,S,2868.8000,2868.6000,2867.2000,2866.6000,2866.2000,2870.4000,2870.6000,2871.8000,2872.0000,2872.8000,1,1,2,2,1,5,1,1,2,1
SF,IH2006,2020-02-13 09:30:50.800,2869.2000,10256,0,34418640.000,0,-,-,-,-,2869.0000,2868.8000,2868.6000,2867.2000,2866.6000,2870.4000,2870.6000,2871.8000,2872.0000,2872.8000,2,1,1,2,2,1,1,1,2,1
SF,IH2006,2020-02-13 09:30:51.300,2869.2000,10256,0,34418640.000,0,-,-,-,-,2869.0000,2868.8000,2868.6000,2867.2000,2866.6000,2870.6000,2871.8000,2872.0000,2872.8000,2873.0000,2,1,1,2,2,1,1,2,1,1
SF,IH2006,2020-02-13 09:30:51.800,2870.4000,10257,1,35279760.000,1,1,0,双开,S,2869.2000,2869.0000,2868.8000,2868.6000,2867.2000,2870.4000,2870.6000,2871.8000,2872.0000,2872.8000,1,1,1,1,2,1,1,1,2,1
SF,IH2006,2020-02-13 09:30:52.300,2870.4000,10257,0,35279760.000,0,-,-,-,-,2869.4000,2869.0000,2868.8000,2868.6000,2867.2000,2870.4000,2870.6000,2871.8000,2872.0000,2872.8000,1,1,1,1,2,1,1,1,2,1
SF,IH2006,2020-02-13 09:30:52.800,2870.4000,10257,0,35279760.000,0,-,-,-,-,2869.0000,2868.8000,2868.6000,2867.2000,2866.6000,2870.4000,2870.6000,2871.8000,2872.0000,2872.8000,1,1,1,2,2,1,1,1,2,1
SF,IH2006,2020-02-13 09:30:53.300,2870.4000,10257,0,35279760.000,0,-,-,-,-,2869.2000,2869.0000,2868.8000,2868.6000,2867.2000,2870.6000,2871.8000,2872.0000,2872.8000,2873.0000,1,1,1,1,2,2,1,2,1,1
SF,IH2006,2020-02-13 09:30:53.800,2870.4000,10257,0,35279760.000,0,-,-,-,-,2869.4000,2869.0000,2868.8000,2868.6000,2867.2000,2870.4000,2870.6000,2871.8000,2872.0000,2872.8000,1,1,1,1,2,1,2,1,2,1
SF,IH2006,2020-02-13 09:30:54.300,2870.4000,10257,0,35279760.000,0,-,-,-,-,2868.8000,2868.6000,2867.2000,2866.6000,2866.2000,2870.2000,2870.4000,2870.6000,2871.8000,2872.0000,1,1,2,2,1,1,1,2,1,2
SF,IH2006,2020-02-13 09:30:54.800,2870.4000,10257,0,35279760.000,0,-,-,-,-,2869.0000,2868.8000,2868.6000,2867.2000,2866.6000,2870.4000,2870.6000,2871.8000,2872.0000,2872.8000,1,1,1,2,2,1,2,1,2,1
SF,IH2006,2020-02-13 09:30:55.300,2870.4000,10257,0,35279760.000,0,-,-,-,-,2869.2000,2868.8000,2868.6000,2867.2000,2866.6000,2870.0000,2870.4000,2870.6000,2871.8000,2872.0000,1,1,1,2,2,1,1,2,1,2
SF,IH2006,2020-02-13 09:30:55.800,2870.4000,10257,0,35279760.000,0,-,-,-,-,2869.4000,2868.8000,2868.6000,2867.2000,2866.6000,2870.0000,2870.4000,2870.6000,2871.8000,2872.0000,1,1,1,2,2,1,1,2,1,2
SF,IH2006,2020-02-13 09:30:56.300,2870.4000,10257,0,35279760.000,0,-,-,-,-,2869.0000,2868.8000,2868.6000,2867.2000,2866.6000,2870.0000,2870.4000,2870.6000,2871.8000,2872.0000,1,1,1,2,2,1,1,2,1,2
SF,IH2006,2020-02-13 09:30:56.800,2870.4000,10257,0,35279760.000,0,-,-,-,-,2869.2000,2869.0000,2868.8000,2868.6000,2867.2000,2870.0000,2870.6000,2871.8000,2872.0000,2872.8000,2,1,1,1,2,1,2,1,2,1
SF,IH2006,2020-02-13 09:30:57.800,2869.2000,10257,0,36140520.000,1,0,1,多换,S,2869.2000,2869.0000,2868.8000,2868.6000,2867.2000,2870.0000,2870.6000,2871.8000,2872.0000,2872.8000,1,1,1,1,2,1,2,1,2,1
SF,IH2006,2020-02-13 09:30:58.300,2869.2000,10257,0,36140520.000,0,-,-,-,-,2869.2000,2869.0000,2868.8000,2868.6000,2867.2000,2870.0000,2870.6000,2871.8000,2872.0000,2872.8000,1,1,1,1,2,1,2,1,2,1
SF,IH2006,2020-02-13 09:31:00.300,2869.2000,10257,0,36140520.000,0,-,-,-,-,2869.8000,2869.2000,2869.0000,2868.6000,2867.2000,2870.0000,2870.6000,2871.8000,2872.0000,2872.8000,1,1,1,1,2,1,2,1,2,1
SF,IH2006,2020-02-13 09:31:00.800,2869.8000,10256,-1,37001460.000,1,0,1,双平,S,2869.0000,2868.6000,2866.6000,2866.2000,2866.0000,2869.6000,2869.8000,2870.0000,2870.6000,2871.8000,1,1,1,1,3,1,2,1,2,1
SF,IH2006,2020-02-13 09:31:01.300,2869.0000,10256,0,37862160.000,1,0,1,多换,S,2868.6000,2866.6000,2866.2000,2866.0000,2865.6000,2869.0000,2869.6000,2870.0000,2870.6000,2871.8000,1,1,1,3,1,1,1,1,2,1
SF,IH2006,2020-02-13 09:31:01.800,2869.0000,10256,0,37862160.000,0,-,-,-,-,2868.6000,2866.6000,2866.2000,2866.0000,2865.6000,2870.0000,2870.6000,2871.8000,2872.0000,2872.8000,1,1,1,3,1,1,2,1,2,1
SF,IH2006,2020-02-13 09:31:02.300,2869.0000,10256,0,37862160.000,0,-,-,-,-,2868.8000,2868.6000,2866.6000,2866.2000,2866.0000,2870.0000,2870.6000,2871.8000,2872.0000,2872.8000,2,1,1,1,3,1,2,1,2,1
SF,IH2006,2020-02-13 09:31:02.800,2869.0000,10256,0,37862160.000,0,-,-,-,-,2869.0000,2868.8000,2868.6000,2866.6000,2866.2000,2870.0000,2870.6000,2871.8000,2872.0000,2872.8000,1,2,1,1,1,1,2,1,2,1
SF,IH2006,2020-02-13 09:31:03.300,2869.0000,10256,0,37862160.000,0,-,-,-,-,2869.0000,2868.8000,2868.6000,2866.6000,2866.2000,2870.0000,2870.6000,2871.8000,2872.0000,2872.8000,1,1,1,1,1,1,2,1,2,1
SF,IH2006,2020-02-13 09:31:03.800,2869.0000,10256,0,37862160.000,0,-,-,-,-,2869.0000,2868.8000,2868.6000,2866.6000,2866.2000,2870.0000,2870.6000,2871.8000,2872.0000,2872.8000,1,1,1,1,1,1,2,1,2,1
SF,IH2006,2020-02-13 09:31:04.300,2869.0000,10256,0,38722860.000,1,0,1,多换,S,2868.6000,2866.6000,2866.2000,2866.0000,2865.6000,2869.6000,2870.0000,2870.6000,2871.8000,2872.0000,1,1,1,3,1,1,2,2,2,2
SF,IH2006,2020-02-13 09:31:04.800,2869.0000,10256,0,38722860.000,0,-,-,-,-,2868.6000,2866.6000,2866.2000,2866.0000,2865.6000,2869.6000,2870.0000,2870.6000,2871.8000,2872.0000,1,1,1,3,1,1,2,2,2,2
SF,IH2006,2020-02-13 09:31:05.300,2869.0000,10256,0,38722860.000,0,-,-,-,-,2868.6000,2866.6000,2866.2000,2866.0000,2865.6000,2869.6000,2870.0000,2870.6000,2871.8000,2872.0000,1,1,1,3,1,1,2,2,2,2
SF,IH2006,2020-02-13 09:31:05.800,2869.0000,10256,0,38722860.000,0,-,-,-,-,2868.6000,2866.6000,2866.2000,2866.0000,2865.6000,2869.6000,2870.0000,2870.6000,2871.8000,2872.0000,1,1,1,3,1,1,2,2,2,2
SF,IH2006,2020-02-13 09:31:06.300,2869.0000,10256,0,38722860.000,0,-,-,-,-,2868.6000,2866.6000,2866.2000,2866.0000,2865.6000,2869.4000,2869.6000,2870.0000,2870.6000,2871.8000,1,1,1,3,1,4,1,2,2,2
SF,IH2006,2020-02-13 09:31:06.800,2868.6000,10255,-1,39583440.000,1,0,1,双平,S,2866.6000,2866.2000,2866.0000,2865.6000,2865.2000,2869.2000,2869.4000,2869.6000,2870.0000,2870.6000,1,1,3,1,3,1,4,1,2,2
SF,IH2006,2020-02-13 09:31:07.300,2868.6000,10255,0,39583440.000,0,-,-,-,-,2866.8000,2866.6000,2866.2000,2866.0000,2865.6000,2869.0000,2869.2000,2869.4000,2869.6000,2870.0000,2,1,1,3,1,1,1,3,1,1
SF,IH2006,2020-02-13 09:31:07.800,2868.6000,10255,0,39583440.000,0,-,-,-,-,2866.8000,2866.6000,2866.2000,2866.0000,2865.6000,2868.8000,2869.0000,2869.4000,2869.6000,2870.0000,2,1,1,3,1,1,1,3,1,2
SF,IH2006,2020-02-13 09:31:08.300,2868.6000,10256,1,40444020.000,1,1,0,双开,S,2867.0000,2866.8000,2866.6000,2866.0000,2865.6000,2868.6000,2868.8000,2869.4000,2869.6000,2870.0000,1,2,1,3,1,1,1,3,1,2
SF,IH2006,2020-02-13 09:31:08.800,2868.6000,10256,0,40444020.000,0,-,-,-,-,2867.2000,2866.8000,2866.6000,2866.0000,2865.6000,2868.4000,2868.6000,2869.4000,2869.6000,2870.0000,2,2,1,3,1,3,2,3,1,2
SF,IH2006,2020-02-13 09:31:09.300,2868.6000,10256,0,40444020.000,0,-,-,-,-,2867.4000,2867.2000,2866.8000,2866.6000,2866.0000,2868.6000,2870.0000,2870.6000,2871.8000,2872.0000,2,1,1,1,3,1,2,2,2,2
SF,IH2006,2020-02-13 09:31:09.800,2868.6000,10256,0,40444020.000,0,-,-,-,-,2867.4000,2867.2000,2866.8000,2866.6000,2866.0000,2870.0000,2870.6000,2871.8000,2872.0000,2872.8000,2,1,1,1,3,2,2,2,2,1
SF,IH2006,2020-02-13 09:31:10.300,2868.6000,10256,0,40444020.000,0,-,-,-,-,2867.6000,2867.4000,2867.2000,2866.8000,2866.6000,2869.6000,2869.8000,2870.0000,2870.6000,2871.8000,2,1,1,1,1,1,2,3,2,2
SF,IH2006,2020-02-13 09:31:10.800,2868.6000,10256,0,40444020.000,0,-,-,-,-,2867.8000,2867.6000,2867.2000,2866.6000,2866.0000,2869.8000,2870.0000,2870.6000,2871.8000,2872.0000,2,2,1,1,3,1,3,2,2,2
SF,IH2006,2020-02-13 09:31:11.300,2868.6000,10256,0,40444020.000,0,-,-,-,-,2868.0000,2867.8000,2867.6000,2866.6000,2866.0000,2869.4000,2869.8000,2870.0000,2870.6000,2871.8000,2,2,1,1,3,1,1,3,2,2
SF,IH2006,2020-02-13 09:31:11.800,2868.6000,10256,0,40444020.000,0,-,-,-,-,2868.0000,2867.8000,2866.6000,2866.0000,2865.6000,2869.2000,2869.4000,2869.6000,2869.8000,2870.0000,2,1,1,3,1,2,1,1,1,3
SF,IH2006,2020-02-13 09:31:12.300,2868.6000,10256,0,40444020.000,0,-,-,-,-,2868.2000,2867.8000,2866.6000,2866.0000,2865.6000,2869.8000,2870.0000,2870.6000,2871.8000,2872.0000,1,1,1,3,1,1,3,2,2,2
SF,IH2006,2020-02-13 09:31:12.800,2868.6000,10256,0,40444020.000,0,-,-,-,-,2868.4000,2867.8000,2866.6000,2866.0000,2865.6000,2869.6000,2869.8000,2870.0000,2870.6000,2871.8000,1,1,1,3,1,2,1,3,2,2
SF,IH2006,2020-02-13 09:31:13.300,2868.6000,10256,0,40444020.000,0,-,-,-,-,2869.2000,2867.8000,2866.6000,2866.0000,2865.6000,2869.6000,2869.8000,2870.0000,2870.6000,2871.8000,1,1,1,3,1,2,1,3,2,2
SF,IH2006,2020-02-13 09:31:13.800,2869.2000,10255,-1,41304780.000,1,0,1,双平,S,2866.6000,2866.0000,2865.6000,2865.2000,2864.0000,2869.2000,2869.6000,2869.8000,2870.0000,2870.6000,1,3,1,3,1,1,2,1,3,2
SF,IH2006,2020-02-13 09:31:14.300,2869.2000,10255,0,41304780.000,0,-,-,-,-,2866.8000,2866.6000,2866.0000,2865.6000,2865.2000,2869.0000,2869.2000,2869.6000,2869.8000,2870.0000,2,1,3,1,3,2,1,1,1,3
SF,IH2006,2020-02-13 09:31:14.800,2869.2000,10255,0,41304780.000,0,-,-,-,-,2866.8000,2866.6000,2866.0000,2865.6000,2865.2000,2869.0000,2869.2000,2869.6000,2869.8000,2870.0000,2,1,3,1,3,1,1,1,1,3
SF,IH2006,2020-02-13 09:31:15.300,2869.2000,10255,0,41304780.000,0,-,-,-,-,2866.8000,2866.6000,2866.0000,2865.6000,2865.2000,2868.8000,2869.0000,2869.2000,2869.6000,2869.8000,1,1,3,1,3,1,1,1,1,1
SF,IH2006,2020-02-13 09:31:15.800,2869.2000,10255,0,41304780.000,0,-,-,-,-,2867.0000,2866.8000,2866.6000,2866.0000,2865.6000,2868.6000,2868.8000,2869.2000,2869.6000,2869.8000,1,1,1,3,1,1,1,1,1,1
SF,IH2006,2020-02-13 09:31:16.300,2869.2000,10255,0,41304780.000,0,-,-,-,-,2867.2000,2866.6000,2866.0000,2865.6000,2865.2000,2868.4000,2868.6000,2868.8000,2869.2000,2869.6000,2,1,3,1,3,1,1,1,1,1
SF,IH2006,2020-02-13 09:31:16.800,2869.2000,10255,0,41304780.000,0,-,-,-,-,2867.2000,2866.6000,2866.0000,2865.6000,2865.2000,2868.4000,2868.6000,2869.2000,2869.6000,2869.8000,2,1,3,1,3,1,1,1,1,1
SF,IH2006,2020-02-13 09:31:17.800,2869.2000,10255,0,41304780.000,0,-,-,-,-,2867.2000,2866.6000,2866.0000,2865.6000,2865.2000,2868.6000,2869.2000,2869.6000,2869.8000,2870.0000,2,1,3,1,3,1,1,1,1,3
SF,IH2006,2020-02-13 09:31:18.300,2869.2000,10255,0,41304780.000,0,-,-,-,-,2867.4000,2867.2000,2866.6000,2866.0000,2865.6000,2868.6000,2869.2000,2869.6000,2869.8000,2870.0000,1,2,1,3,1,1,1,1,1,3
SF,IH2006,2020-02-13 09:31:18.800,2869.2000,10255,0,41304780.000,0,-,-,-,-,2867.6000,2867.4000,2867.2000,2866.6000,2866.0000,2869.2000,2869.6000,2869.8000,2870.0000,2870.6000,1,1,1,1,3,1,1,1,3,2
SF,IH2006,2020-02-13 09:31:19.300,2869.2000,10255,0,41304780.000,0,-,-,-,-,2867.8000,2867.2000,2866.6000,2866.0000,2865.6000,2868.8000,2869.0000,2869.2000,2869.8000,2870.0000,1,1,1,3,1,1,2,1,1,3
SF,IH2006,2020-02-13 09:31:19.800,2869.2000,10255,0,41304780.000,0,-,-,-,-,2867.2000,2866.6000,2866.0000,2865.6000,2865.2000,2869.0000,2869.2000,2869.8000,2870.0000,2870.6000,1,1,3,1,3,2,1,1,3,2
SF,IH2006,2020-02-13 09:31:20.300,2869.2000,10255,0,41304780.000,0,-,-,-,-,2867.4000,2867.2000,2866.6000,2866.0000,2865.6000,2868.8000,2869.0000,2869.2000,2869.8000,2870.0000,2,1,1,3,1,1,1,1,1,3
SF,IH2006,2020-02-13 09:31:20.800,2869.2000,10255,0,41304780.000,0,-,-,-,-,2867.6000,2867.4000,2866.6000,2866.0000,2865.6000,2868.8000,2869.0000,2869.2000,2869.8000,2870.0000,1,2,1,3,1,1,1,1,1,3
SF,IH2006,2020-02-13 09:31:21.300,2869.2000,10255,0,41304780.000,0,-,-,-,-,2867.8000,2867.6000,2866.6000,2866.0000,2865.6000,2869.0000,2869.2000,2869.8000,2870.0000,2870.6000,1,1,1,3,1,1,1,1,3,2
SF,IH2006,2020-02-13 09:31:21.800,2869.2000,10255,0,41304780.000,0,-,-,-,-,2868.0000,2867.6000,2866.6000,2866.0000,2865.6000,2869.0000,2869.2000,2869.8000,2870.0000,2870.6000,1,1,1,3,1,1,1,1,3,2
SF,IH2006,2020-02-13 09:31:22.300,2869.2000,10255,0,41304780.000,0,-,-,-,-,2868.2000,2867.6000,2866.6000,2866.0000,2865.6000,2869.0000,2869.2000,2869.8000,2870.0000,2870.6000,1,1,1,3,1,1,1,1,3,2
SF,IH2006,2020-02-13 09:31:22.800,2869.2000,10255,0,41304780.000,0,-,-,-,-,2867.6000,2866.6000,2866.0000,2865.6000,2865.2000,2869.0000,2869.2000,2869.8000,2870.0000,2870.6000,1,1,3,1,3,1,1,1,3,2
SF,IH2006,2020-02-13 09:31:23.300,2869.2000,10255,0,41304780.000,0,-,-,-,-,2867.8000,2867.6000,2866.6000,2866.0000,2865.6000,2869.2000,2869.8000,2870.0000,2870.6000,2871.8000,1,1,1,3,1,1,1,3,2,2
SF,IH2006,2020-02-13 09:31:23.800,2869.2000,10255,0,41304780.000,0,-,-,-,-,2868.0000,2867.8000,2866.6000,2866.0000,2865.6000,2869.2000,2869.8000,2870.0000,2870.6000,2871.8000,2,1,1,3,1,1,1,3,1,2
SF,IH2006,2020-02-13 09:31:24.300,2869.2000,10255,0,41304780.000,0,-,-,-,-,2868.0000,2867.8000,2866.6000,2866.0000,2865.6000,2869.2000,2869.8000,2870.0000,2870.4000,2870.6000,2,1,1,1,1,1,1,3,1,1
SF,IH2006,2020-02-13 09:31:24.800,2869.2000,10255,0,41304780.000,0,-,-,-,-,2868.0000,2867.8000,2866.6000,2866.0000,2865.6000,2870.0000,2870.4000,2870.6000,2871.8000,2872.0000,2,1,1,1,1,2,1,1,2,2
SF,IH2006,2020-02-13 09:31:25.300,2869.2000,10255,0,41304780.000,0,-,-,-,-,2868.2000,2868.0000,2867.8000,2866.6000,2866.0000,2869.6000,2869.8000,2870.0000,2870.4000,2870.6000,1,2,1,1,1,1,1,2,1,1
SF,IH2006,2020-02-13 09:31:25.800,2869.2000,10255,0,41304780.000,0,-,-,-,-,2868.4000,2868.2000,2867.8000,2866.6000,2866.0000,2870.0000,2870.4000,2870.6000,2871.8000,2872.0000,2,1,1,1,1,2,1,1,2,2
SF,IH2006,2020-02-13 09:31:26.300,2869.2000,10255,0,41304780.000,0,-,-,-,-,2868.6000,2868.4000,2868.2000,2867.8000,2866.6000,2870.0000,2870.4000,2870.6000,2871.8000,2872.0000,1,2,1,1,1,2,1,1,2,2
SF,IH2006,2020-02-13 09:31:26.800,2869.2000,10255,0,41304780.000,0,-,-,-,-,2868.8000,2868.6000,2868.2000,2867.8000,2866.6000,2870.0000,2870.6000,2871.8000,2872.0000,2872.8000,2,1,1,1,1,2,1,2,2,1
SF,IH2006,2020-02-13 09:31:28.300,2869.2000,10255,0,41304780.000,0,-,-,-,-,2868.8000,2868.6000,2868.2000,2867.8000,2866.6000,2870.0000,2870.6000,2871.8000,2872.0000,2872.8000,2,1,1,1,1,2,1,2,2,1
SF,IH2006,2020-02-13 09:31:28.800,2869.2000,10255,0,41304780.000,0,-,-,-,-,2868.8000,2868.6000,2868.2000,2867.8000,2866.6000,2870.0000,2870.6000,2871.8000,2872.0000,2872.8000,2,1,1,1,1,2,1,2,2,1
SF,IH2006,2020-02-13 09:31:29.300,2869.2000,10255,0,41304780.000,0,-,-,-,-,2868.8000,2868.6000,2868.2000,2866.6000,2866.0000,2869.6000,2870.0000,2870.6000,2871.8000,2872.0000,2,1,1,1,1,1,2,1,2,2
SF,IH2006,2020-02-13 09:31:31.800,2869.2000,10255,0,41304780.000,0,-,-,-,-,2868.8000,2868.6000,2868.2000,2866.6000,2866.0000,2869.6000,2870.0000,2870.6000,2871.8000,2872.0000,2,1,1,1,1,1,2,1,2,2
SF,IH2006,2020-02-13 09:31:32.800,2869.2000,10255,0,41304780.000,0,-,-,-,-,2868.8000,2868.6000,2868.2000,2866.6000,2866.0000,2870.0000,2870.6000,2870.8000,2871.8000,2872.0000,2,1,1,1,1,3,1,1,2,2
SF,IH2006,2020-02-13 09:31:33.300,2869.2000,10255,0,41304780.000,0,-,-,-,-,2868.8000,2868.6000,2868.2000,2866.6000,2865.6000,2869.6000,2870.0000,2870.6000,2870.8000,2871.8000,2,1,1,1,1,1,3,1,1,2
SF,IH2006,2020-02-13 09:31:33.800,2869.2000,10255,0,41304780.000,0,-,-,-,-,2868.8000,2868.6000,2868.2000,2867.0000,2866.6000,2869.6000,2870.0000,2870.6000,2870.8000,2871.8000,2,1,1,1,1,1,3,1,1,2
SF,IH2006,2020-02-13 09:31:34.300,2869.6000,10254,-1,42165660.000,1,0,1,双平,S,2868.8000,2868.6000,2868.2000,2867.0000,2866.6000,2870.0000,2870.6000,2870.8000,2871.8000,2872.0000,2,1,1,1,1,3,1,1,2,2
SF,IH2006,2020-02-13 09:31:34.800,2869.6000,10254,0,42165660.000,0,-,-,-,-,2868.8000,2868.6000,2868.2000,2867.0000,2866.6000,2870.0000,2870.6000,2870.8000,2871.8000,2872.0000,3,1,1,1,1,3,1,1,2,2
SF,IH2006,2020-02-13 09:31:35.800,2869.6000,10254,0,42165660.000,0,-,-,-,-,2868.8000,2868.6000,2868.2000,2867.0000,2866.6000,2869.4000,2870.0000,2870.6000,2870.8000,2871.8000,3,1,1,1,1,1,3,1,1,2
SF,IH2006,2020-02-13 09:31:36.300,2869.4000,10253,-1,43026480.000,1,0,1,双平,S,2869.6000,2869.4000,2868.8000,2868.6000,2868.2000,2870.0000,2870.6000,2870.8000,2871.8000,2872.0000,1,1,2,1,1,3,1,1,2,2
SF,IH2006,2020-02-13 09:31:36.800,2869.4000,10253,0,43026480.000,0,-,-,-,-,2869.8000,2869.6000,2869.4000,2868.8000,2868.6000,2870.0000,2870.6000,2870.8000,2871.8000,2872.0000,1,1,1,1,1,3,1,1,2,2
SF,IH2006,2020-02-13 09:31:37.300,2870.0000,10253,0,43887480.000,1,0,1,多换,S,2869.6000,2869.4000,2868.8000,2868.6000,2868.2000,2870.0000,2870.6000,2870.8000,2871.8000,2872.0000,1,1,1,1,1,2,1,1,2,2
SF,IH2006,2020-02-13 09:31:38.300,2870.0000,10253,0,43887480.000,0,-,-,-,-,2869.6000,2869.4000,2868.8000,2868.6000,2868.2000,2870.0000,2870.6000,2870.8000,2871.8000,2872.0000,1,1,1,1,1,2,1,1,2,2
SF,IH2006,2020-02-13 09:31:39.300,2870.0000,10253,0,43887480.000,0,-,-,-,-,2869.6000,2869.4000,2868.8000,2868.6000,2868.2000,2870.0000,2870.6000,2870.8000,2871.8000,2872.0000,1,1,3,1,1,2,1,1,2,2
SF,IH2006,2020-02-13 09:31:40.800,2870.0000,10252,-1,45609480.000,2,0,2,多平,S,2869.8000,2869.6000,2869.4000,2868.8000,2868.6000,2870.6000,2870.8000,2871.8000,2872.0000,2872.8000,1,1,1,3,1,1,1,2,2,1
SF,IH2006,2020-02-13 09:31:41.300,2870.0000,10252,0,45609480.000,0,-,-,-,-,2870.0000,2869.6000,2869.4000,2868.8000,2868.6000,2870.6000,2870.8000,2871.8000,2872.0000,2872.8000,1,1,1,3,1,1,1,2,2,1
SF,IH2006,2020-02-13 09:31:41.800,2870.2000,10252,0,48192960.000,3,1,2,多换,S,2870.2000,2870.0000,2869.6000,2869.4000,2868.8000,2871.8000,2872.0000,2872.8000,2873.0000,2873.8000,2,5,1,1,3,2,2,1,1,1
SF,IH2006,2020-02-13 09:31:42.800,2871.8000,10252,0,49054500.000,1,0,1,多换,S,2870.2000,2870.0000,2869.6000,2869.4000,2868.8000,2871.8000,2872.0000,2872.8000,2873.0000,2873.8000,2,5,1,1,3,1,2,1,1,1
SF,IH2006,2020-02-13 09:31:43.300,2872.0000,10251,-1,50777640.000,2,0,2,多平,S,2870.6000,2870.4000,2870.2000,2870.0000,2869.6000,2872.0000,2872.8000,2873.0000,2873.8000,2877.0000,3,3,1,6,1,1,1,1,1,1
SF,IH2006,2020-02-13 09:31:43.800,2872.0000,10251,0,51639240.000,1,0,1,多换,S,2870.8000,2870.4000,2870.0000,2869.6000,2868.8000,2872.8000,2873.0000,2873.8000,2877.0000,2880.0000,2,3,6,1,3,1,1,1,1,3
SF,IH2006,2020-02-13 09:31:44.300,2872.0000,10251,0,51639240.000,0,-,-,-,-,2870.8000,2870.4000,2870.0000,2869.6000,2868.8000,2872.6000,2872.8000,2873.0000,2873.8000,2877.0000,2,3,6,1,3,1,1,1,1,1
SF,IH2006,2020-02-13 09:31:44.800,2872.0000,10251,0,51639240.000,0,-,-,-,-,2871.0000,2870.8000,2870.4000,2870.0000,2869.6000,2872.4000,2872.6000,2872.8000,2873.0000,2873.8000,1,2,3,6,1,1,1,1,1,1
SF,IH2006,2020-02-13 09:31:45.300,2872.0000,10251,0,51639240.000,0,-,-,-,-,2872.0000,2870.8000,2870.0000,2869.6000,2868.8000,2872.4000,2872.6000,2872.8000,2873.0000,2873.8000,1,1,5,1,2,1,1,1,1,1
SF,IH2006,2020-02-13 09:31:45.800,2872.0000,10251,0,52500840.000,1,0,1,多换,S,2870.0000,2869.6000,2868.8000,2867.0000,2866.6000,2872.0000,2872.2000,2872.4000,2872.8000,2873.0000,5,1,2,1,1,3,2,1,1,1
SF,IH2006,2020-02-13 09:31:46.300,2872.0000,10251,0,52500840.000,0,-,-,-,-,2870.2000,2870.0000,2869.6000,2868.8000,2867.0000,2871.8000,2872.0000,2872.2000,2872.8000,2873.0000,2,5,1,2,1,2,3,1,1,1
SF,IH2006,2020-02-13 09:31:46.800,2872.0000,10251,0,52500840.000,0,-,-,-,-,2870.2000,2870.0000,2869.6000,2868.8000,2867.0000,2871.8000,2872.0000,2872.2000,2872.8000,2873.0000,2,5,1,2,1,2,3,1,1,1
SF,IH2006,2020-02-13 09:31:47.300,2872.0000,10251,0,52500840.000,0,-,-,-,-,2870.2000,2870.0000,2869.6000,2868.8000,2867.0000,2871.8000,2872.0000,2872.2000,2872.8000,2873.0000,2,5,1,2,1,2,3,1,1,1
SF,IH2006,2020-02-13 09:31:47.800,2872.0000,10251,0,52500840.000,0,-,-,-,-,2870.2000,2870.0000,2869.6000,2868.8000,2867.0000,2871.6000,2871.8000,2872.0000,2872.8000,2873.0000,1,5,1,2,1,1,2,3,1,1
SF,IH2006,2020-02-13 09:31:48.300,2872.0000,10251,0,52500840.000,0,-,-,-,-,2870.0000,2869.6000,2868.8000,2867.0000,2866.6000,2871.4000,2871.6000,2871.8000,2872.0000,2872.8000,5,1,2,1,1,1,1,1,3,1
SF,IH2006,2020-02-13 09:31:48.800,2872.0000,10251,0,52500840.000,0,-,-,-,-,2870.0000,2869.6000,2868.8000,2867.0000,2866.6000,2871.2000,2871.4000,2871.6000,2871.8000,2872.0000,5,1,2,1,1,1,2,1,1,3
SF,IH2006,2020-02-13 09:31:49.300,2872.0000,10251,0,52500840.000,0,-,-,-,-,2870.0000,2868.8000,2867.0000,2866.6000,2865.2000,2871.4000,2871.6000,2871.8000,2872.0000,2872.8000,5,2,1,1,3,1,1,1,3,1
SF,IH2006,2020-02-13 09:31:49.800,2872.0000,10251,0,52500840.000,0,-,-,-,-,2870.0000,2868.8000,2867.0000,2866.6000,2866.2000,2871.4000,2871.6000,2871.8000,2872.0000,2872.8000,5,2,1,1,1,1,1,1,3,1
SF,IH2006,2020-02-13 09:31:50.300,2872.0000,10251,0,52500840.000,0,-,-,-,-,2870.0000,2868.8000,2867.0000,2866.6000,2866.2000,2871.2000,2871.4000,2871.6000,2871.8000,2872.0000,5,2,1,1,1,1,2,1,1,3
SF,IH2006,2020-02-13 09:31:50.800,2872.0000,10251,0,52500840.000,0,-,-,-,-,2870.0000,2868.8000,2867.0000,2866.6000,2866.2000,2871.0000,2871.4000,2871.6000,2871.8000,2872.0000,5,2,1,1,1,2,2,1,1,4
SF,IH2006,2020-02-13 09:31:51.300,2872.0000,10251,0,53362440.000,1,0,1,多换,S,2870.0000,2868.8000,2867.0000,2866.6000,2866.2000,2871.4000,2871.6000,2871.8000,2872.0000,2872.8000,5,2,2,1,1,2,1,1,4,1
SF,IH2006,2020-02-13 09:31:51.800,2872.0000,10251,0,53362440.000,0,-,-,-,-,2870.2000,2870.0000,2868.8000,2867.0000,2866.6000,2871.8000,2872.0000,2872.8000,2873.0000,2873.8000,2,5,2,2,1,1,4,1,1,1
SF,IH2006,2020-02-13 09:31:52.800,2872.0000,10251,0,53362440.000,0,-,-,-,-,2870.2000,2870.0000,2868.8000,2867.0000,2866.6000,2871.8000,2872.0000,2872.8000,2873.0000,2873.8000,2,5,2,2,1,1,3,1,1,1
SF,IH2006,2020-02-13 09:31:53.300,2872.0000,10251,0,53362440.000,0,-,-,-,-,2870.2000,2870.0000,2868.8000,2867.0000,2866.6000,2872.0000,2872.8000,2873.0000,2873.8000,2877.0000,2,5,2,2,1,3,1,1,1,1
SF,IH2006,2020-02-13 09:31:53.800,2872.0000,10251,0,53362440.000,0,-,-,-,-,2870.4000,2870.2000,2870.0000,2868.8000,2867.0000,2872.0000,2872.8000,2873.0000,2873.8000,2877.0000,1,2,6,2,2,3,1,1,1,1
SF,IH2006,2020-02-13 09:31:54.300,2872.0000,10251,0,53362440.000,0,-,-,-,-,2870.6000,2870.4000,2870.0000,2868.8000,2867.0000,2872.0000,2872.8000,2873.0000,2873.8000,2877.0000,2,1,6,2,2,3,1,1,1,1
SF,IH2006,2020-02-13 09:31:54.800,2872.0000,10251,0,53362440.000,0,-,-,-,-,2870.6000,2870.4000,2870.0000,2868.8000,2867.0000,2872.0000,2872.8000,2873.0000,2873.8000,2877.0000,2,1,6,2,2,2,1,1,1,1
SF,IH2006,2020-02-13 09:31:56.300,2872.0000,10251,0,53362440.000,0,-,-,-,-,2870.6000,2870.4000,2870.0000,2868.8000,2867.0000,2871.8000,2872.0000,2872.8000,2873.0000,2873.8000,1,1,6,2,2,2,2,1,1,1
SF,IH2006,2020-02-13 09:31:56.800,2872.0000,10251,0,53362440.000,0,-,-,-,-,2870.6000,2870.4000,2870.0000,2868.8000,2867.0000,2872.0000,2872.8000,2873.0000,2873.8000,2877.0000,1,1,6,2,2,2,1,1,1,1
SF,IH2006,2020-02-13 09:31:57.300,2872.0000,10251,0,53362440.000,0,-,-,-,-,2870.6000,2870.4000,2870.0000,2868.8000,2867.0000,2871.8000,2872.0000,2872.8000,2873.0000,2873.8000,1,1,6,2,2,1,2,1,1,1
SF,IH2006,2020-02-13 09:31:57.800,2872.0000,10251,0,53362440.000,0,-,-,-,-,2870.6000,2870.4000,2870.0000,2868.8000,2867.0000,2871.8000,2872.0000,2872.8000,2873.0000,2873.8000,2,1,5,2,2,1,2,1,1,1
SF,IH2006,2020-02-13 09:31:58.300,2872.0000,10251,0,53362440.000,0,-,-,-,-,2870.6000,2870.4000,2870.0000,2868.8000,2867.0000,2871.8000,2872.0000,2872.8000,2873.0000,2873.8000,3,1,5,2,2,1,2,1,1,1
SF,IH2006,2020-02-13 09:31:59.300,2872.0000,10251,0,53362440.000,0,-,-,-,-,2870.8000,2870.6000,2870.4000,2870.0000,2868.8000,2872.0000,2872.8000,2873.0000,2873.8000,2877.0000,1,3,1,5,2,2,1,1,1,1
SF,IH2006,2020-02-13 09:31:59.800,2872.0000,10251,0,53362440.000,0,-,-,-,-,2871.0000,2870.6000,2870.4000,2870.0000,2869.2000,2872.0000,2872.8000,2873.0000,2873.8000,2877.0000,1,2,1,5,1,2,1,1,1,1
SF,IH2006,2020-02-13 09:32:00.800,2872.0000,10251,0,53362440.000,0,-,-,-,-,2871.0000,2870.6000,2870.4000,2870.0000,2869.2000,2871.6000,2871.8000,2872.0000,2872.8000,2873.0000,1,2,1,5,1,2,1,2,1,1
SF,IH2006,2020-02-13 09:32:01.300,2872.0000,10251,0,53362440.000,0,-,-,-,-,2870.6000,2870.0000,2869.2000,2868.8000,2867.0000,2871.6000,2872.0000,2872.8000,2873.0000,2873.8000,2,5,1,2,2,2,2,1,1,1
SF,IH2006,2020-02-13 09:32:01.800,2872.0000,10251,0,53362440.000,0,-,-,-,-,2870.6000,2870.0000,2869.2000,2868.8000,2867.0000,2871.4000,2871.6000,2872.0000,2872.8000,2873.0000,2,5,1,2,2,1,2,2,1,1
SF,IH2006,2020-02-13 09:32:02.300,2870.0000,10251,0,55945800.000,3,1,2,多换,S,2870.6000,2870.0000,2869.2000,2868.8000,2867.0000,2871.4000,2871.6000,2872.0000,2872.8000,2873.0000,1,4,1,2,2,1,2,2,1,1
SF,IH2006,2020-02-13 09:32:02.800,2870.6000,10250,-1,56806980.000,1,0,1,双平,S,2870.0000,2869.2000,2868.8000,2867.0000,2866.6000,2870.4000,2870.6000,2871.4000,2871.6000,2872.0000,4,1,2,2,1,1,2,1,2,2
SF,IH2006,2020-02-13 09:32:03.300,2870.6000,10250,0,56806980.000,0,-,-,-,-,2870.0000,2869.2000,2868.8000,2867.0000,2866.6000,2870.4000,2870.6000,2871.6000,2872.0000,2872.8000,4,1,2,2,1,1,2,2,2,1
SF,IH2006,2020-02-13 09:32:04.300,2870.0000,10250,0,60250980.000,4,2,2,多换,S,2869.2000,2868.8000,2867.0000,2866.6000,2866.2000,2869.8000,2870.4000,2870.6000,2871.6000,2872.0000,1,2,2,1,1,2,1,2,2,2
SF,IH2006,2020-02-13 09:32:04.800,2869.8000,10248,-2,61972860.000,2,0,2,双平,S,2869.2000,2868.8000,2867.0000,2866.6000,2866.2000,2870.6000,2871.6000,2871.8000,2872.0000,2872.8000,1,2,2,1,1,2,2,1,2,1
SF,IH2006,2020-02-13 09:32:05.300,2869.8000,10248,0,61972860.000,0,-,-,-,-,2869.2000,2868.8000,2867.0000,2866.6000,2866.2000,2870.4000,2870.6000,2871.6000,2871.8000,2872.0000,1,2,2,1,1,2,2,2,1,2
SF,IH2006,2020-02-13 09:32:07.300,2869.8000,10248,0,61972860.000,0,-,-,-,-,2869.2000,2868.8000,2867.0000,2866.6000,2866.2000,2870.4000,2870.6000,2871.6000,2871.8000,2872.0000,1,2,2,1,1,2,2,2,1,2
SF,IH2006,2020-02-13 09:32:08.800,2869.8000,10248,0,61972860.000,0,-,-,-,-,2869.2000,2868.8000,2867.0000,2866.6000,2866.2000,2870.4000,2870.6000,2871.6000,2871.8000,2872.0000,1,2,2,1,1,2,2,2,1,2
SF,IH2006,2020-02-13 09:32:09.300,2869.8000,10248,0,61972860.000,0,-,-,-,-,2869.2000,2868.8000,2867.0000,2866.6000,2866.2000,2870.4000,2870.6000,2871.6000,2871.8000,2872.0000,1,2,2,1,1,2,2,2,1,2
SF,IH2006,2020-02-13 09:32:09.800,2869.8000,10248,0,61972860.000,0,-,-,-,-,2869.2000,2868.8000,2867.0000,2866.6000,2866.2000,2870.4000,2870.6000,2871.6000,2871.8000,2872.0000,1,2,2,1,1,2,2,2,1,2
SF,IH2006,2020-02-13 09:32:10.300,2869.8000,10248,0,61972860.000,0,-,-,-,-,2869.2000,2868.8000,2867.0000,2866.6000,2866.2000,2870.4000,2870.6000,2871.6000,2871.8000,2872.0000,1,2,2,1,1,2,2,2,1,2
SF,IH2006,2020-02-13 09:32:11.800,2869.8000,10248,0,61972860.000,0,-,-,-,-,2869.2000,2868.8000,2867.0000,2866.6000,2866.2000,2870.2000,2870.4000,2870.6000,2871.6000,2871.8000,1,2,2,1,1,2,2,2,2,1
SF,IH2006,2020-02-13 09:32:12.300,2869.8000,10248,0,61972860.000,0,-,-,-,-,2869.2000,2868.8000,2867.0000,2866.6000,2866.2000,2870.0000,2870.6000,2871.6000,2871.8000,2872.0000,1,2,2,1,1,1,2,2,1,2
SF,IH2006,2020-02-13 09:32:13.800,2869.8000,10248,0,61972860.000,0,-,-,-,-,2869.2000,2868.8000,2867.0000,2866.6000,2866.2000,2870.0000,2870.6000,2871.6000,2871.8000,2872.0000,1,2,2,1,1,1,2,2,1,2
SF,IH2006,2020-02-13 09:32:14.800,2869.8000,10248,0,61972860.000,0,-,-,-,-,2869.2000,2868.8000,2867.0000,2866.6000,2866.2000,2870.0000,2870.6000,2871.6000,2871.8000,2872.0000,1,2,2,1,1,1,2,2,1,1
SF,IH2006,2020-02-13 09:32:15.300,2869.8000,10248,0,61972860.000,0,-,-,-,-,2869.2000,2868.8000,2867.0000,2866.6000,2866.2000,2870.0000,2870.2000,2870.6000,2871.6000,2871.8000,1,2,2,1,1,1,1,2,2,1
SF,IH2006,2020-02-13 09:32:15.800,2870.0000,10247,-1,63694620.000,2,0,2,多平,S,2868.8000,2867.0000,2866.6000,2866.2000,2865.2000,2870.2000,2870.6000,2871.6000,2871.8000,2872.0000,2,2,1,1,3,1,2,2,1,1
SF,IH2006,2020-02-13 09:32:16.300,2870.0000,10247,0,63694620.000,0,-,-,-,-,2870.0000,2869.0000,2868.8000,2867.0000,2866.6000,2870.2000,2870.6000,2871.6000,2871.8000,2872.0000,1,4,2,2,1,1,2,2,1,1
SF,IH2006,2020-02-13 09:32:16.800,2870.0000,10246,-1,64555620.000,1,0,1,双平,S,2869.0000,2868.8000,2867.0000,2866.6000,2866.2000,2870.2000,2870.6000,2871.6000,2871.8000,2872.0000,2,2,2,1,1,1,2,2,1,1
SF,IH2006,2020-02-13 09:32:20.300,2870.0000,10246,0,64555620.000,0,-,-,-,-,2869.2000,2869.0000,2868.8000,2867.0000,2866.6000,2870.2000,2870.6000,2871.6000,2871.8000,2872.0000,1,2,2,2,1,1,2,2,1,1
SF,IH2006,2020-02-13 09:32:20.800,2870.0000,10246,0,64555620.000,0,-,-,-,-,2869.4000,2869.0000,2868.8000,2867.0000,2866.6000,2870.2000,2870.6000,2871.6000,2871.8000,2872.0000,3,1,2,2,1,1,2,2,1,1
SF,IH2006,2020-02-13 09:32:21.300,2870.0000,10246,0,64555620.000,0,-,-,-,-,2869.4000,2868.8000,2867.0000,2866.6000,2866.2000,2870.2000,2870.6000,2871.6000,2871.8000,2872.0000,3,2,2,1,1,1,2,2,1,1
SF,IH2006,2020-02-13 09:32:21.800,2870.2000,10246,0,65416680.000,1,0,1,多换,S,2869.4000,2868.8000,2867.0000,2866.6000,2866.2000,2870.6000,2871.6000,2871.8000,2872.0000,2872.8000,3,2,2,1,1,2,2,1,1,1
SF,IH2006,2020-02-13 09:32:22.300,2870.2000,10246,0,65416680.000,0,-,-,-,-,2869.6000,2869.4000,2868.8000,2867.0000,2866.6000,2870.6000,2871.6000,2871.8000,2872.0000,2872.8000,1,3,2,2,1,2,2,1,1,1
SF,IH2006,2020-02-13 09:32:22.800,2870.2000,10246,0,65416680.000,0,-,-,-,-,2869.4000,2868.8000,2867.0000,2866.6000,2866.2000,2870.6000,2870.8000,2871.6000,2871.8000,2872.0000,3,2,2,1,1,2,1,2,1,1
SF,IH2006,2020-02-13 09:32:23.300,2870.2000,10246,0,65416680.000,0,-,-,-,-,2869.6000,2869.4000,2868.8000,2867.0000,2866.6000,2870.6000,2870.8000,2871.6000,2871.8000,2872.0000,1,3,2,2,1,2,1,2,1,1
SF,IH2006,2020-02-13 09:32:23.800,2870.2000,10246,0,65416680.000,0,-,-,-,-,2869.4000,2869.0000,2868.8000,2867.0000,2866.6000,2870.6000,2870.8000,2871.6000,2871.8000,2872.0000,3,1,2,2,1,2,1,2,1,1
SF,IH2006,2020-02-13 09:32:24.300,2870.2000,10246,0,65416680.000,0,-,-,-,-,2869.6000,2869.4000,2869.0000,2868.8000,2867.0000,2870.6000,2870.8000,2871.6000,2871.8000,2872.0000,1,3,1,2,2,2,1,2,1,1
SF,IH2006,2020-02-13 09:32:24.800,2870.2000,10246,0,65416680.000,0,-,-,-,-,2869.4000,2869.0000,2868.8000,2867.0000,2866.6000,2870.6000,2870.8000,2871.6000,2871.8000,2872.0000,1,1,2,2,1,2,1,2,1,1
SF,IH2006,2020-02-13 09:32:25.300,2870.2000,10246,0,65416680.000,0,-,-,-,-,2869.4000,2869.0000,2868.8000,2867.0000,2866.6000,2870.0000,2870.6000,2870.8000,2871.6000,2871.8000,1,1,2,2,1,1,2,1,2,2
SF,IH2006,2020-02-13 09:32:25.800,2870.0000,10245,-1,66277680.000,1,0,1,双平,S,2870.2000,2870.0000,2869.4000,2869.0000,2868.8000,2870.6000,2870.8000,2871.6000,2871.8000,2872.0000,1,1,1,1,2,2,1,2,2,1
SF,IH2006,2020-02-13 09:32:26.300,2870.0000,10245,0,66277680.000,0,-,-,-,-,2870.2000,2870.0000,2869.4000,2869.0000,2868.8000,2870.6000,2870.8000,2871.6000,2871.8000,2872.0000,1,1,1,1,2,2,1,2,2,1
SF,IH2006,2020-02-13 09:32:26.800,2870.0000,10245,0,66277680.000,0,-,-,-,-,2870.2000,2870.0000,2869.4000,2869.2000,2869.0000,2870.6000,2870.8000,2871.6000,2871.8000,2872.0000,1,1,1,1,1,2,1,2,2,1
SF,IH2006,2020-02-13 09:32:27.800,2870.2000,10244,-1,67138740.000,1,0,1,双平,S,2870.0000,2869.4000,2869.2000,2869.0000,2868.8000,2870.2000,2870.6000,2870.8000,2871.6000,2871.8000,1,1,1,1,2,1,2,1,2,2
SF,IH2006,2020-02-13 09:32:28.800,2870.2000,10244,0,67999800.000,1,0,1,多换,S,2870.0000,2869.4000,2869.2000,2869.0000,2868.8000,2870.6000,2870.8000,2871.6000,2871.8000,2872.0000,1,1,1,1,2,2,1,2,2,1
SF,IH2006,2020-02-13 09:32:29.800,2870.2000,10244,0,67999800.000,0,-,-,-,-,2869.4000,2869.2000,2869.0000,2868.8000,2868.0000,2870.6000,2870.8000,2871.6000,2871.8000,2872.0000,1,1,1,2,1,2,1,2,2,1
SF,IH2006,2020-02-13 09:32:30.800,2870.2000,10244,0,67999800.000,0,-,-,-,-,2869.4000,2869.2000,2869.0000,2868.8000,2868.0000,2870.6000,2870.8000,2871.6000,2871.8000,2872.0000,1,1,1,2,1,2,1,2,2,1
SF,IH2006,2020-02-13 09:32:32.300,2870.6000,10243,-1,69722160.000,2,0,2,多平,S,2870.6000,2869.4000,2869.2000,2869.0000,2868.8000,2870.8000,2871.6000,2871.8000,2872.0000,2872.8000,1,1,2,1,2,1,2,2,1,1
SF,IH2006,2020-02-13 09:32:32.800,2870.8000,10242,-1,71444580.000,2,0,2,多平,S,2870.8000,2869.4000,2869.2000,2868.8000,2868.0000,2871.6000,2871.8000,2872.0000,2872.8000,2873.0000,1,1,2,2,1,2,2,1,1,1
SF,IH2006,2020-02-13 09:32:33.300,2870.8000,10242,0,71444580.000,0,-,-,-,-,2870.8000,2869.4000,2869.2000,2868.8000,2868.0000,2871.6000,2871.8000,2872.0000,2872.8000,2873.0000,1,1,2,2,1,2,2,1,1,1
SF,IH2006,2020-02-13 09:32:33.800,2870.8000,10242,0,71444580.000,0,-,-,-,-,2871.0000,2869.2000,2868.8000,2868.0000,2867.0000,2871.6000,2871.8000,2872.0000,2872.8000,2873.0000,1,2,2,1,2,2,2,1,1,1
SF,IH2006,2020-02-13 09:32:35.800,2871.0000,10241,-1,72305880.000,1,0,1,双平,S,2869.2000,2868.8000,2868.0000,2867.0000,2866.6000,2871.6000,2871.8000,2872.0000,2872.8000,2873.0000,2,2,1,2,1,2,2,1,1,1
SF,IH2006,2020-02-13 09:32:36.300,2871.0000,10241,0,72305880.000,0,-,-,-,-,2869.6000,2869.4000,2869.2000,2868.8000,2868.0000,2871.6000,2871.8000,2872.0000,2872.8000,2873.0000,4,6,2,2,1,2,2,1,1,1
SF,IH2006,2020-02-13 09:32:36.800,2871.0000,10241,0,72305880.000,0,-,-,-,-,2869.8000,2869.6000,2869.4000,2869.2000,2868.8000,2871.4000,2871.6000,2871.8000,2872.0000,2872.8000,2,4,4,2,2,1,2,2,1,1
SF,IH2006,2020-02-13 09:32:37.800,2871.4000,10240,-1,73167300.000,1,0,1,双平,S,2869.8000,2869.4000,2869.2000,2868.8000,2868.0000,2871.6000,2871.8000,2872.0000,2872.8000,2873.0000,2,1,2,2,1,2,2,1,1,1
SF,IH2006,2020-02-13 09:32:38.300,2871.4000,10240,0,73167300.000,0,-,-,-,-,2870.0000,2869.8000,2869.2000,2868.8000,2868.0000,2870.6000,2871.6000,2871.8000,2872.0000,2872.8000,2,2,2,2,1,1,2,2,1,1
SF,IH2006,2020-02-13 09:32:38.800,2870.6000,10240,0,74028480.000,1,0,1,多换,S,2870.6000,2869.8000,2869.2000,2868.8000,2868.0000,2871.6000,2871.8000,2872.0000,2872.8000,2873.0000,2,2,2,2,1,2,2,1,1,1
SF,IH2006,2020-02-13 09:32:39.300,2870.6000,10240,0,74028480.000,0,-,-,-,-,2870.8000,2870.6000,2869.8000,2869.2000,2868.8000,2871.6000,2871.8000,2872.0000,2872.8000,2873.0000,1,2,2,2,2,2,2,1,1,1
SF,IH2006,2020-02-13 09:32:40.800,2870.8000,10239,-1,74889720.000,1,0,1,双平,S,2869.8000,2869.2000,2868.8000,2868.0000,2867.0000,2870.6000,2871.6000,2871.8000,2872.0000,2872.8000,2,2,2,1,2,1,2,2,1,1
SF,IH2006,2020-02-13 09:32:41.300,2870.6000,10238,-1,75750900.000,1,0,1,双平,S,2869.8000,2869.2000,2868.8000,2868.0000,2867.0000,2871.6000,2871.8000,2872.0000,2872.8000,2873.0000,2,1,2,1,2,2,2,1,1,1
SF,IH2006,2020-02-13 09:32:41.800,2870.6000,10238,0,75750900.000,0,-,-,-,-,2869.8000,2869.2000,2868.8000,2868.0000,2867.0000,2871.4000,2871.6000,2871.8000,2872.0000,2872.8000,1,1,2,1,2,4,2,2,1,1
SF,IH2006,2020-02-13 09:32:42.300,2870.6000,10238,0,75750900.000,0,-,-,-,-,2869.8000,2869.2000,2868.8000,2868.0000,2867.0000,2871.0000,2871.4000,2871.6000,2871.8000,2872.0000,1,1,2,1,2,1,4,2,2,1
SF,IH2006,2020-02-13 09:32:42.800,2870.6000,10238,0,75750900.000,0,-,-,-,-,2869.8000,2869.2000,2868.8000,2868.0000,2867.0000,2870.8000,2871.0000,2871.4000,2871.6000,2871.8000,1,1,2,1,2,2,1,4,2,2
SF,IH2006,2020-02-13 09:32:43.300,2870.6000,10238,0,75750900.000,0,-,-,-,-,2870.0000,2869.8000,2869.6000,2869.2000,2868.8000,2871.0000,2871.4000,2871.6000,2871.8000,2872.0000,1,1,1,1,2,1,1,2,2,1
SF,IH2006,2020-02-13 09:32:43.800,2870.6000,10238,0,75750900.000,0,-,-,-,-,2869.8000,2869.2000,2868.8000,2868.0000,2867.0000,2871.0000,2871.4000,2871.6000,2871.8000,2872.0000,1,1,2,1,2,1,1,2,2,1
SF,IH2006,2020-02-13 09:32:47.800,2869.8000,10237,-1,76611840.000,1,0,1,双平,S,2869.2000,2868.8000,2868.0000,2867.0000,2866.6000,2871.0000,2871.4000,2871.6000,2871.8000,2872.0000,1,2,1,2,1,1,1,2,2,1
SF,IH2006,2020-02-13 09:32:48.300,2869.8000,10237,0,76611840.000,0,-,-,-,-,2869.2000,2868.8000,2868.0000,2867.0000,2866.6000,2870.8000,2871.0000,2871.6000,2871.8000,2872.0000,1,2,1,2,1,4,2,2,2,1
SF,IH2006,2020-02-13 09:32:48.800,2869.8000,10237,0,76611840.000,0,-,-,-,-,2869.2000,2868.8000,2868.0000,2867.0000,2866.6000,2870.8000,2871.0000,2871.6000,2871.8000,2872.0000,1,2,1,2,1,4,2,2,2,1
SF,IH2006,2020-02-13 09:32:49.300,2869.8000,10237,0,76611840.000,0,-,-,-,-,2869.2000,2868.8000,2868.0000,2867.0000,2866.6000,2870.6000,2870.8000,2871.0000,2871.6000,2871.8000,1,2,1,2,1,2,4,2,2,2
SF,IH2006,2020-02-13 09:32:49.800,2869.2000,10237,0,77472600.000,1,0,1,多换,S,2870.0000,2868.8000,2868.0000,2867.0000,2866.6000,2870.4000,2870.8000,2871.0000,2871.6000,2871.8000,1,2,1,2,1,2,3,2,2,2
SF,IH2006,2020-02-13 09:32:50.300,2869.8000,10237,0,78333540.000,1,0,1,多换,S,2868.8000,2868.0000,2867.0000,2866.6000,2866.2000,2869.6000,2870.0000,2870.4000,2870.8000,2871.0000,2,1,2,1,1,1,1,2,2,2
SF,IH2006,2020-02-13 09:32:50.800,2869.8000,10237,0,78333540.000,0,-,-,-,-,2869.6000,2869.0000,2868.8000,2868.0000,2867.0000,2870.0000,2870.4000,2871.0000,2871.6000,2871.8000,1,1,2,1,2,1,1,2,2,2
SF,IH2006,2020-02-13 09:32:51.300,2869.8000,10237,0,78333540.000,0,-,-,-,-,2869.0000,2868.8000,2868.0000,2867.0000,2866.6000,2870.0000,2871.0000,2871.6000,2871.8000,2872.0000,1,2,1,2,1,1,2,2,2,1
SF,IH2006,2020-02-13 09:32:52.300,2869.8000,10237,0,78333540.000,0,-,-,-,-,2869.0000,2868.8000,2868.0000,2867.0000,2866.6000,2869.8000,2870.0000,2871.0000,2871.6000,2871.8000,1,2,1,2,1,1,1,2,2,2
SF,IH2006,2020-02-13 09:32:52.800,2869.8000,10237,0,78333540.000,0,-,-,-,-,2868.8000,2868.0000,2867.0000,2866.6000,2866.2000,2869.8000,2870.0000,2871.0000,2871.6000,2871.8000,2,1,2,1,1,1,1,2,2,2
SF,IH2006,2020-02-13 09:32:53.300,2869.8000,10237,0,78333540.000,0,-,-,-,-,2868.8000,2868.0000,2867.0000,2866.6000,2866.2000,2870.0000,2871.0000,2871.6000,2871.8000,2872.0000,2,1,2,1,1,1,2,2,2,1
SF,IH2006,2020-02-13 09:32:56.300,2868.8000,10237,0,80054820.000,2,1,1,多换,S,2868.0000,2867.0000,2866.6000,2866.2000,2865.2000,2869.8000,2870.0000,2871.0000,2871.6000,2871.8000,1,2,1,1,3,1,2,2,2,2
SF,IH2006,2020-02-13 09:32:56.800,2868.8000,10237,0,80054820.000,0,-,-,-,-,2868.0000,2867.0000,2866.6000,2866.2000,2865.2000,2868.8000,2869.6000,2869.8000,2870.0000,2871.0000,1,2,1,1,3,1,4,1,2,2
SF,IH2006,2020-02-13 09:32:57.300,2868.8000,10237,0,80915460.000,1,0,1,多换,S,2868.0000,2867.0000,2866.6000,2866.2000,2865.2000,2869.6000,2869.8000,2870.0000,2871.0000,2871.6000,1,2,1,1,3,3,1,2,2,2
SF,IH2006,2020-02-13 09:32:57.800,2868.8000,10237,0,80915460.000,0,-,-,-,-,2868.0000,2867.0000,2866.6000,2866.2000,2865.2000,2869.4000,2869.6000,2869.8000,2870.0000,2871.0000,1,2,1,1,3,1,3,1,2,2
SF,IH2006,2020-02-13 09:32:58.300,2868.8000,10237,0,80915460.000,0,-,-,-,-,2868.0000,2867.0000,2866.6000,2866.2000,2865.2000,2869.2000,2869.6000,2869.8000,2870.0000,2871.0000,1,2,1,1,3,2,2,1,2,2
SF,IH2006,2020-02-13 09:32:58.800,2868.8000,10237,0,80915460.000,0,-,-,-,-,2868.0000,2867.0000,2866.6000,2866.2000,2865.2000,2869.2000,2869.6000,2869.8000,2870.0000,2871.0000,1,2,1,1,3,2,2,1,2,2
SF,IH2006,2020-02-13 09:32:59.800,2868.0000,10237,0,81775860.000,1,0,1,多换,S,2867.0000,2866.6000,2866.2000,2865.2000,2864.0000,2868.0000,2869.2000,2869.6000,2869.8000,2870.0000,1,1,1,3,1,1,2,1,1,2
SF,IH2006,2020-02-13 09:33:00.300,2868.0000,10236,-1,82636260.000,1,0,1,双平,S,2868.6000,2868.0000,2867.2000,2867.0000,2866.6000,2869.6000,2869.8000,2871.0000,2871.6000,2871.8000,2,1,2,1,1,1,1,2,2,2
SF,IH2006,2020-02-13 09:33:00.800,2868.0000,10236,0,82636260.000,0,-,-,-,-,2868.6000,2867.2000,2867.0000,2866.6000,2866.2000,2869.4000,2871.0000,2871.6000,2871.8000,2872.0000,2,1,1,1,1,1,2,2,2,1
SF,IH2006,2020-02-13 09:33:01.300,2868.0000,10236,0,82636260.000,0,-,-,-,-,2868.6000,2867.2000,2867.0000,2866.6000,2866.2000,2869.4000,2871.0000,2871.6000,2871.8000,2872.0000,2,1,1,1,1,1,2,2,2,1
SF,IH2006,2020-02-13 09:33:03.800,2869.4000,10235,-1,83497080.000,1,0,1,双平,S,2868.6000,2867.2000,2867.0000,2866.6000,2866.2000,2871.0000,2871.6000,2871.8000,2872.0000,2872.8000,2,1,1,1,1,1,2,2,1,1
SF,IH2006,2020-02-13 09:33:04.300,2869.4000,10235,0,83497080.000,0,-,-,-,-,2868.6000,2867.0000,2866.6000,2866.2000,2865.2000,2870.8000,2871.0000,2871.6000,2871.8000,2872.0000,2,1,1,1,3,4,1,2,2,1
SF,IH2006,2020-02-13 09:33:04.800,2869.4000,10235,0,83497080.000,0,-,-,-,-,2868.6000,2867.0000,2866.6000,2866.2000,2865.2000,2870.0000,2870.8000,2871.0000,2871.6000,2871.8000,2,1,1,1,3,1,4,1,2,2
SF,IH2006,2020-02-13 09:33:05.300,2869.4000,10235,0,83497080.000,0,-,-,-,-,2868.6000,2867.0000,2866.6000,2866.2000,2865.2000,2870.8000,2871.0000,2871.6000,2871.8000,2872.0000,2,1,1,1,3,3,1,2,2,1
SF,IH2006,2020-02-13 09:33:05.800,2869.4000,10235,0,83497080.000,0,-,-,-,-,2868.6000,2867.0000,2866.6000,2866.2000,2865.2000,2870.6000,2870.8000,2871.0000,2871.6000,2871.8000,2,1,1,1,3,4,3,1,2,2
SF,IH2006,2020-02-13 09:33:06.300,2869.4000,10235,0,83497080.000,0,-,-,-,-,2868.6000,2867.0000,2866.6000,2866.2000,2865.2000,2870.4000,2870.6000,2870.8000,2871.0000,2871.6000,2,1,1,1,3,1,4,2,1,2
SF,IH2006,2020-02-13 09:33:06.800,2869.4000,10235,0,83497080.000,0,-,-,-,-,2868.6000,2867.0000,2866.6000,2866.2000,2865.2000,2870.2000,2870.4000,2870.6000,2870.8000,2871.0000,2,1,1,1,3,2,1,4,2,1
SF,IH2006,2020-02-13 09:33:07.300,2869.4000,10235,0,83497080.000,0,-,-,-,-,2868.6000,2867.0000,2866.6000,2866.2000,2865.2000,2870.0000,2870.2000,2870.6000,2870.8000,2871.0000,2,1,1,1,3,1,2,4,2,1
SF,IH2006,2020-02-13 09:33:07.800,2869.4000,10235,0,83497080.000,0,-,-,-,-,2868.8000,2868.6000,2867.0000,2866.6000,2866.2000,2870.0000,2870.2000,2870.6000,2870.8000,2871.0000,1,2,1,1,1,1,2,4,2,1
SF,IH2006,2020-02-13 09:33:09.300,2869.4000,10235,0,83497080.000,0,-,-,-,-,2868.8000,2868.6000,2867.0000,2866.6000,2866.2000,2870.0000,2870.2000,2870.6000,2870.8000,2871.0000,1,2,1,1,1,1,1,2,2,1
SF,IH2006,2020-02-13 09:33:09.800,2869.4000,10235,0,83497080.000,0,-,-,-,-,2868.8000,2868.6000,2867.0000,2866.6000,2866.2000,2870.2000,2870.8000,2871.0000,2871.6000,2871.8000,1,2,1,1,1,1,2,1,2,2
SF,IH2006,2020-02-13 09:33:10.300,2869.4000,10235,0,83497080.000,0,-,-,-,-,2869.0000,2868.6000,2867.0000,2866.6000,2866.2000,2870.8000,2871.0000,2871.6000,2871.8000,2872.0000,3,2,1,1,1,2,1,2,2,1
SF,IH2006,2020-02-13 09:33:10.800,2869.4000,10235,0,83497080.000,0,-,-,-,-,2869.0000,2868.6000,2867.0000,2866.6000,2866.2000,2870.6000,2870.8000,2871.0000,2871.6000,2871.8000,3,2,1,1,1,2,2,1,2,2
SF,IH2006,2020-02-13 09:33:11.300,2869.4000,10235,0,83497080.000,0,-,-,-,-,2869.0000,2868.6000,2867.0000,2866.6000,2866.2000,2870.6000,2870.8000,2871.0000,2871.6000,2871.8000,3,2,1,1,1,2,3,1,2,2
SF,IH2006,2020-02-13 09:33:11.800,2869.0000,10234,-1,85218480.000,2,0,2,多平,S,2868.6000,2867.0000,2866.6000,2866.2000,2865.2000,2868.8000,2870.4000,2870.6000,2870.8000,2871.0000,2,1,1,1,3,1,2,2,3,1
SF,IH2006,2020-02-13 09:33:12.300,2868.8000,10234,0,86079120.000,1,0,1,多换,S,2869.0000,2868.8000,2868.6000,2867.0000,2866.6000,2870.8000,2871.0000,2871.6000,2871.8000,2872.0000,1,3,2,1,1,1,1,2,2,1
SF,IH2006,2020-02-13 09:33:12.800,2868.8000,10234,0,86079120.000,0,-,-,-,-,2869.2000,2869.0000,2868.8000,2868.6000,2867.0000,2870.6000,2870.8000,2871.0000,2871.6000,2871.8000,1,1,3,2,1,5,1,1,2,2
SF,IH2006,2020-02-13 09:33:13.300,2868.8000,10234,0,86079120.000,0,-,-,-,-,2869.0000,2868.8000,2868.6000,2867.0000,2866.6000,2870.4000,2870.6000,2870.8000,2871.0000,2871.6000,1,3,2,1,1,2,2,1,1,2
SF,IH2006,2020-02-13 09:33:13.800,2868.8000,10234,0,86079120.000,0,-,-,-,-,2869.0000,2868.8000,2868.6000,2867.0000,2866.6000,2870.2000,2870.6000,2870.8000,2871.0000,2871.6000,1,3,2,1,1,3,2,1,1,2
SF,IH2006,2020-02-13 09:33:14.300,2868.8000,10234,0,86079120.000,0,-,-,-,-,2868.8000,2868.6000,2867.0000,2866.6000,2866.2000,2870.2000,2870.6000,2870.8000,2871.0000,2871.6000,3,2,1,1,1,3,2,1,1,2
SF,IH2006,2020-02-13 09:33:14.800,2868.8000,10234,0,86079120.000,0,-,-,-,-,2868.8000,2868.6000,2867.0000,2866.6000,2866.2000,2870.2000,2870.6000,2870.8000,2871.0000,2871.6000,3,2,1,1,1,1,2,1,1,2
SF,IH2006,2020-02-13 09:33:15.300,2868.8000,10234,0,86079120.000,0,-,-,-,-,2868.8000,2868.6000,2867.0000,2866.6000,2866.2000,2870.0000,2870.2000,2870.6000,2870.8000,2871.0000,3,2,1,1,1,1,1,2,1,1
SF,IH2006,2020-02-13 09:33:18.800,2868.8000,10234,0,86079120.000,0,-,-,-,-,2868.8000,2868.6000,2867.0000,2866.2000,2865.2000,2870.0000,2870.2000,2870.6000,2870.8000,2871.0000,3,2,1,1,3,1,1,2,1,1
SF,IH2006,2020-02-13 09:33:19.300,2868.8000,10233,-1,86939760.000,1,0,1,双平,S,2868.8000,2868.6000,2867.0000,2866.2000,2865.2000,2870.0000,2870.2000,2870.6000,2870.8000,2871.0000,2,2,1,1,3,1,1,1,1,1
SF,IH2006,2020-02-13 09:33:19.800,2870.0000,10233,0,87800760.000,1,0,1,多换,S,2870.0000,2868.8000,2868.6000,2867.0000,2866.2000,2870.6000,2870.8000,2871.0000,2871.6000,2871.8000,1,2,2,1,1,1,1,1,2,2
SF,IH2006,2020-02-13 09:33:20.300,2870.0000,10233,0,88661760.000,1,0,1,多换,S,2868.8000,2868.6000,2867.0000,2866.2000,2865.2000,2870.0000,2870.6000,2870.8000,2871.0000,2871.6000,2,2,1,1,3,2,1,1,1,2
SF,IH2006,2020-02-13 09:33:22.300,2870.0000,10233,0,88661760.000,0,-,-,-,-,2868.6000,2867.0000,2866.2000,2865.2000,2864.0000,2869.8000,2870.0000,2870.6000,2870.8000,2871.0000,2,1,1,3,1,1,3,1,1,1
SF,IH2006,2020-02-13 09:33:22.800,2870.0000,10233,0,88661760.000,0,-,-,-,-,2868.6000,2867.0000,2866.2000,2865.2000,2864.0000,2869.6000,2869.8000,2870.0000,2870.8000,2871.0000,2,1,1,3,1,1,1,2,1,1
SF,IH2006,2020-02-13 09:33:23.300,2870.0000,10233,0,88661760.000,0,-,-,-,-,2867.0000,2866.2000,2865.2000,2864.0000,2863.2000,2869.4000,2869.6000,2869.8000,2870.0000,2870.8000,1,1,3,1,1,3,1,1,2,1
SF,IH2006,2020-02-13 09:33:23.800,2870.0000,10233,0,88661760.000,0,-,-,-,-,2867.2000,2867.0000,2866.2000,2865.2000,2864.0000,2869.2000,2869.4000,2869.6000,2869.8000,2870.0000,1,1,1,3,1,3,3,1,1,2
SF,IH2006,2020-02-13 09:33:25.800,2870.0000,10233,0,88661760.000,0,-,-,-,-,2867.2000,2867.0000,2866.2000,2865.2000,2864.0000,2869.2000,2869.6000,2869.8000,2870.0000,2870.8000,1,1,1,3,1,3,1,1,2,1
SF,IH2006,2020-02-13 09:33:26.300,2870.0000,10233,0,88661760.000,0,-,-,-,-,2867.2000,2867.0000,2866.2000,2865.2000,2864.0000,2869.2000,2870.0000,2870.8000,2871.0000,2871.6000,1,1,1,3,1,3,2,1,1,2
SF,IH2006,2020-02-13 09:33:26.800,2870.0000,10233,0,88661760.000,0,-,-,-,-,2867.2000,2867.0000,2866.2000,2865.2000,2864.0000,2869.2000,2870.0000,2870.8000,2871.0000,2871.6000,1,1,1,3,1,1,2,1,1,2
SF,IH2006,2020-02-13 09:33:27.800,2869.2000,10232,-1,89522520.000,1,0,1,双平,S,2867.4000,2867.2000,2867.0000,2866.2000,2865.2000,2870.0000,2870.8000,2871.0000,2871.6000,2871.8000,3,1,1,1,3,2,1,1,2,2
SF,IH2006,2020-02-13 09:33:28.300,2869.2000,10232,0,89522520.000,0,-,-,-,-,2867.8000,2867.6000,2867.4000,2867.0000,2866.2000,2870.0000,2870.8000,2871.0000,2871.6000,2871.8000,1,1,3,1,1,2,1,1,2,2
SF,IH2006,2020-02-13 09:33:28.800,2869.2000,10232,0,89522520.000,0,-,-,-,-,2868.2000,2868.0000,2867.0000,2866.2000,2865.2000,2870.0000,2870.8000,2871.0000,2871.6000,2871.8000,1,6,1,1,3,2,1,1,2,2
SF,IH2006,2020-02-13 09:33:29.300,2869.2000,10232,0,89522520.000,0,-,-,-,-,2868.4000,2868.0000,2867.0000,2866.2000,2865.2000,2870.0000,2871.0000,2871.6000,2871.8000,2872.0000,2,1,1,1,3,2,1,2,2,1
SF,IH2006,2020-02-13 09:33:30.300,2870.0000,10231,-1,90383520.000,1,0,1,双平,S,2868.4000,2868.0000,2867.0000,2866.2000,2865.2000,2870.0000,2871.0000,2871.6000,2871.8000,2872.0000,2,1,1,1,3,1,1,2,2,1
SF,IH2006,2020-02-13 09:33:31.300,2870.0000,10231,0,90383520.000,0,-,-,-,-,2868.4000,2868.0000,2867.0000,2866.2000,2865.2000,2870.0000,2871.0000,2871.6000,2871.8000,2872.0000,2,1,1,1,3,1,1,2,2,1
SF,IH2006,2020-02-13 09:33:31.800,2870.0000,10231,0,90383520.000,0,-,-,-,-,2868.4000,2867.0000,2866.2000,2865.2000,2864.0000,2870.0000,2871.0000,2871.6000,2871.8000,2872.0000,2,1,1,3,1,1,1,2,2,1
SF,IH2006,2020-02-13 09:33:32.300,2870.0000,10231,0,90383520.000,0,-,-,-,-,2868.4000,2867.0000,2866.2000,2865.2000,2864.0000,2869.8000,2870.0000,2871.0000,2871.6000,2871.8000,2,1,1,3,1,1,1,1,2,2
SF,IH2006,2020-02-13 09:33:32.800,2870.0000,10231,0,90383520.000,0,-,-,-,-,2868.4000,2867.0000,2866.2000,2865.2000,2864.0000,2869.8000,2870.0000,2871.0000,2871.6000,2871.8000,1,1,1,3,1,1,1,1,2,2
SF,IH2006,2020-02-13 09:33:33.300,2870.0000,10231,0,90383520.000,0,-,-,-,-,2867.0000,2866.2000,2865.2000,2864.0000,2863.2000,2869.6000,2869.8000,2870.0000,2871.0000,2871.6000,1,1,3,1,1,1,1,1,1,2
SF,IH2006,2020-02-13 09:33:33.800,2870.0000,10231,0,90383520.000,0,-,-,-,-,2867.4000,2867.2000,2867.0000,2866.2000,2865.2000,2869.4000,2869.6000,2869.8000,2870.0000,2871.0000,1,2,1,1,3,1,1,1,1,1
SF,IH2006,2020-02-13 09:33:34.300,2870.0000,10231,0,90383520.000,0,-,-,-,-,2867.4000,2867.2000,2867.0000,2866.2000,2865.2000,2869.2000,2869.4000,2869.8000,2870.0000,2871.0000,1,1,1,1,3,1,1,1,1,1
SF,IH2006,2020-02-13 09:33:34.800,2870.0000,10231,0,90383520.000,0,-,-,-,-,2868.8000,2867.2000,2867.0000,2866.2000,2865.2000,2869.0000,2869.2000,2869.4000,2869.8000,2870.0000,1,1,1,1,3,2,1,1,1,1
SF,IH2006,2020-02-13 09:33:35.300,2868.8000,10230,-1,91244160.000,1,0,1,双平,S,2867.0000,2866.2000,2865.2000,2864.0000,2863.2000,2868.4000,2868.8000,2869.0000,2869.4000,2869.8000,1,1,3,1,1,1,4,1,1,1
SF,IH2006,2020-02-13 09:33:35.800,2868.8000,10230,0,91244160.000,0,-,-,-,-,2867.2000,2867.0000,2866.2000,2865.2000,2864.0000,2868.8000,2869.0000,2869.4000,2871.0000,2871.6000,2,1,1,3,1,1,1,1,1,2
SF,IH2006,2020-02-13 09:33:36.300,2868.8000,10230,0,91244160.000,0,-,-,-,-,2867.2000,2867.0000,2866.2000,2865.2000,2864.0000,2868.6000,2868.8000,2869.0000,2869.4000,2871.0000,2,1,1,3,1,1,1,1,1,1
SF,IH2006,2020-02-13 09:33:36.800,2868.8000,10230,0,91244160.000,0,-,-,-,-,2867.2000,2867.0000,2866.2000,2865.2000,2864.0000,2868.6000,2868.8000,2869.0000,2871.0000,2871.6000,1,1,1,3,1,1,1,1,1,2
SF,IH2006,2020-02-13 09:33:37.300,2868.8000,10230,0,91244160.000,0,-,-,-,-,2867.4000,2867.2000,2867.0000,2866.2000,2865.2000,2868.6000,2868.8000,2869.0000,2870.2000,2871.0000,1,1,1,1,3,1,1,1,4,1
SF,IH2006,2020-02-13 09:33:37.800,2868.8000,10230,0,91244160.000,0,-,-,-,-,2867.4000,2867.2000,2867.0000,2866.2000,2865.2000,2868.8000,2869.0000,2870.2000,2871.0000,2871.6000,1,1,1,1,3,1,1,4,1,2
SF,IH2006,2020-02-13 09:33:38.300,2868.8000,10230,0,91244160.000,0,-,-,-,-,2867.2000,2867.0000,2866.2000,2865.2000,2864.0000,2868.8000,2870.2000,2871.0000,2871.6000,2871.8000,1,1,1,3,1,1,4,1,2,2
SF,IH2006,2020-02-13 09:33:38.800,2868.8000,10230,0,91244160.000,0,-,-,-,-,2867.2000,2867.0000,2866.2000,2865.2000,2864.0000,2868.8000,2870.2000,2871.0000,2871.6000,2871.8000,1,1,1,3,1,1,4,1,2,2
SF,IH2006,2020-02-13 09:33:39.300,2868.8000,10230,0,91244160.000,0,-,-,-,-,2867.2000,2867.0000,2865.2000,2864.0000,2863.2000,2868.6000,2868.8000,2870.2000,2871.0000,2871.6000,1,1,3,1,1,1,1,4,1,2
SF,IH2006,2020-02-13 09:33:39.800,2868.8000,10230,0,91244160.000,0,-,-,-,-,2867.4000,2867.2000,2867.0000,2865.2000,2864.0000,2868.6000,2868.8000,2870.2000,2871.0000,2871.6000,1,1,1,3,1,1,1,4,1,2
SF,IH2006,2020-02-13 09:33:42.800,2868.8000,10230,0,91244160.000,0,-,-,-,-,2867.4000,2867.2000,2867.0000,2865.2000,2864.0000,2868.6000,2868.8000,2870.2000,2871.0000,2871.6000,1,1,2,3,1,1,1,4,1,2
SF,IH2006,2020-02-13 09:33:45.300,2868.8000,10230,0,91244160.000,0,-,-,-,-,2868.0000,2867.4000,2867.2000,2867.0000,2865.2000,2868.6000,2868.8000,2870.2000,2871.0000,2871.6000,1,1,1,2,3,1,1,4,1,2
SF,IH2006,2020-02-13 09:33:45.800,2868.0000,10230,0,92104560.000,1,0,1,多换,S,2867.4000,2867.2000,2867.0000,2865.2000,2865.0000,2868.6000,2868.8000,2870.2000,2871.0000,2871.6000,1,1,2,3,1,1,1,4,1,2
SF,IH2006,2020-02-13 09:33:46.800,2868.0000,10230,0,92104560.000,0,-,-,-,-,2867.4000,2867.2000,2867.0000,2865.2000,2865.0000,2868.8000,2870.2000,2871.0000,2871.6000,2871.8000,1,1,2,3,1,1,4,1,2,2
SF,IH2006,2020-02-13 09:33:49.300,2868.0000,10230,0,92104560.000,0,-,-,-,-,2867.4000,2867.2000,2867.0000,2865.2000,2865.0000,2868.8000,2869.0000,2870.2000,2871.0000,2871.6000,1,1,2,3,1,1,1,4,1,2
SF,IH2006,2020-02-13 09:33:49.800,2868.8000,10229,-1,92965200.000,1,0,1,双平,S,2867.4000,2867.2000,2867.0000,2865.2000,2865.0000,2869.0000,2870.2000,2871.0000,2871.6000,2871.8000,1,1,2,3,1,1,4,1,2,2
SF,IH2006,2020-02-13 09:33:50.300,2868.8000,10229,0,92965200.000,0,-,-,-,-,2867.4000,2867.2000,2867.0000,2865.2000,2865.0000,2868.8000,2869.0000,2870.2000,2871.0000,2871.6000,1,1,2,3,1,1,1,4,1,2
SF,IH2006,2020-02-13 09:33:51.300,2868.8000,10229,0,92965200.000,0,-,-,-,-,2867.6000,2867.4000,2867.2000,2867.0000,2865.2000,2868.8000,2869.0000,2870.2000,2871.0000,2871.6000,1,1,1,2,3,1,1,4,1,2
SF,IH2006,2020-02-13 09:33:55.300,2868.8000,10229,0,92965200.000,0,-,-,-,-,2868.2000,2867.6000,2867.4000,2867.2000,2867.0000,2868.8000,2869.0000,2870.2000,2871.0000,2871.6000,1,1,1,1,2,1,1,4,1,2
SF,IH2006,2020-02-13 09:33:55.800,2868.2000,10229,0,93825660.000,1,0,1,多换,S,2867.6000,2867.4000,2867.0000,2865.2000,2865.0000,2868.6000,2868.8000,2869.0000,2870.2000,2871.0000,1,1,2,3,1,1,1,1,4,1
SF,IH2006,2020-02-13 09:33:56.300,2867.6000,10229,0,94685940.000,1,0,1,多换,S,2867.4000,2867.0000,2865.2000,2865.0000,2864.0000,2868.4000,2868.6000,2868.8000,2869.0000,2870.2000,1,2,3,1,1,1,1,1,1,4
SF,IH2006,2020-02-13 09:33:56.800,2867.6000,10229,0,94685940.000,0,-,-,-,-,2867.4000,2867.0000,2865.2000,2865.0000,2864.0000,2868.6000,2868.8000,2869.0000,2870.2000,2871.0000,1,2,3,1,1,1,1,1,4,1
SF,IH2006,2020-02-13 09:33:57.800,2867.6000,10229,0,94685940.000,0,-,-,-,-,2867.4000,2867.0000,2865.2000,2865.0000,2864.0000,2868.6000,2868.8000,2869.0000,2870.2000,2871.0000,1,2,3,1,1,1,1,1,4,1
SF,IH2006,2020-02-13 09:33:58.300,2867.4000,10229,0,95546160.000,1,0,1,多换,S,2867.0000,2865.2000,2865.0000,2864.0000,2863.2000,2867.4000,2868.4000,2868.6000,2868.8000,2869.0000,2,3,1,1,1,1,1,3,1,1
SF,IH2006,2020-02-13 09:33:58.800,2867.4000,10229,0,95546160.000,0,-,-,-,-,2867.0000,2865.2000,2865.0000,2864.0000,2863.2000,2867.4000,2868.6000,2868.8000,2869.0000,2869.8000,2,3,1,1,1,1,2,1,1,1
SF,IH2006,2020-02-13 09:33:59.800,2867.0000,10227,-2,97266360.000,2,0,2,双平,S,2865.2000,2865.0000,2864.0000,2863.2000,2861.6000,2866.0000,2867.0000,2867.4000,2868.6000,2868.8000,3,1,1,1,1,1,1,1,2,1
SF,IH2006,2020-02-13 09:34:00.300,2866.0000,10227,0,98126160.000,1,0,1,多换,S,2866.0000,2865.4000,2865.2000,2865.0000,2864.0000,2867.0000,2867.4000,2868.6000,2868.8000,2869.0000,2,1,3,1,1,1,1,2,1,1
SF,IH2006,2020-02-13 09:34:00.800,2866.0000,10227,0,98126160.000,0,-,-,-,-,2865.4000,2865.2000,2865.0000,2864.0000,2863.2000,2866.8000,2867.0000,2867.4000,2868.6000,2868.8000,1,3,1,1,1,1,1,1,2,1
SF,IH2006,2020-02-13 09:34:01.300,2866.0000,10227,0,98126160.000,0,-,-,-,-,2865.6000,2865.4000,2865.2000,2865.0000,2864.0000,2867.0000,2867.4000,2868.6000,2868.8000,2869.0000,1,1,3,1,1,1,1,2,1,1
SF,IH2006,2020-02-13 09:34:01.800,2866.0000,10227,0,98126160.000,0,-,-,-,-,2865.4000,2865.2000,2865.0000,2864.0000,2863.2000,2866.8000,2867.0000,2867.4000,2868.6000,2868.8000,1,3,1,1,1,1,1,1,2,1
SF,IH2006,2020-02-13 09:34:02.300,2866.0000,10227,0,98126160.000,0,-,-,-,-,2865.4000,2865.2000,2865.0000,2864.0000,2863.2000,2867.0000,2867.4000,2868.6000,2869.0000,2869.8000,1,3,1,1,1,1,1,2,1,1
SF,IH2006,2020-02-13 09:34:02.800,2866.0000,10227,0,98126160.000,0,-,-,-,-,2865.2000,2865.0000,2864.0000,2863.2000,2861.6000,2866.8000,2867.0000,2867.4000,2868.6000,2869.0000,3,1,1,1,1,1,1,1,1,1
SF,IH2006,2020-02-13 09:34:03.300,2866.0000,10227,0,98126160.000,0,-,-,-,-,2865.2000,2865.0000,2864.0000,2863.2000,2861.6000,2866.6000,2866.8000,2867.0000,2867.4000,2868.6000,3,1,1,1,1,1,1,1,1,1
SF,IH2006,2020-02-13 09:34:03.800,2866.0000,10227,0,98126160.000,0,-,-,-,-,2865.2000,2865.0000,2864.0000,2863.2000,2861.6000,2866.4000,2866.6000,2867.0000,2867.4000,2868.6000,3,1,1,1,1,2,1,1,1,1
SF,IH2006,2020-02-13 09:34:04.300,2865.2000,10227,0,98985720.000,1,0,1,多换,S,2865.2000,2865.0000,2864.0000,2863.2000,2861.6000,2866.2000,2866.4000,2866.6000,2867.0000,2867.4000,2,1,1,1,1,2,2,1,1,1
SF,IH2006,2020-02-13 09:34:04.800,2865.2000,10227,0,100704840.000,2,1,1,多换,S,2865.0000,2864.0000,2863.2000,2861.6000,2861.0000,2865.2000,2866.0000,2866.2000,2866.6000,2867.0000,1,1,1,1,1,2,2,2,1,1
SF,IH2006,2020-02-13 09:34:05.300,2865.2000,10226,-1,103283460.000,3,1,2,多平,S,2864.0000,2863.2000,2861.6000,2861.0000,2860.2000,2865.0000,2866.0000,2866.2000,2866.6000,2867.0000,1,1,1,1,1,1,1,2,1,1
SF,IH2006,2020-02-13 09:34:05.800,2865.2000,10226,0,103283460.000,0,-,-,-,-,2865.0000,2864.0000,2863.2000,2861.6000,2861.0000,2866.0000,2866.2000,2866.6000,2867.0000,2867.2000,1,1,1,1,1,1,2,1,1,1
SF,IH2006,2020-02-13 09:34:06.300,2865.0000,10226,0,104142960.000,1,0,1,多换,S,2864.0000,2863.2000,2861.6000,2861.0000,2860.2000,2865.8000,2866.0000,2866.2000,2866.6000,2867.0000,1,1,1,1,1,3,1,2,1,1
SF,IH2006,2020-02-13 09:34:06.800,2865.0000,10226,0,104142960.000,0,-,-,-,-,2864.0000,2863.2000,2861.6000,2861.0000,2860.2000,2865.6000,2865.8000,2866.2000,2866.6000,2867.0000,1,1,1,1,1,2,2,2,1,1
SF,IH2006,2020-02-13 09:34:07.300,2865.0000,10226,0,104142960.000,0,-,-,-,-,2864.0000,2863.2000,2861.6000,2861.0000,2860.2000,2865.4000,2865.6000,2865.8000,2866.2000,2866.6000,1,1,1,1,1,2,2,2,2,1
SF,IH2006,2020-02-13 09:34:07.800,2865.0000,10226,0,104142960.000,0,-,-,-,-,2864.0000,2863.2000,2861.6000,2861.0000,2860.2000,2865.0000,2865.4000,2865.6000,2865.8000,2866.2000,1,1,1,1,1,2,2,2,2,2
SF,IH2006,2020-02-13 09:34:08.300,2865.0000,10226,0,104142960.000,0,-,-,-,-,2864.0000,2863.2000,2861.6000,2861.0000,2860.2000,2865.0000,2865.6000,2865.8000,2866.2000,2866.6000,1,1,1,1,1,2,1,1,2,1
SF,IH2006,2020-02-13 09:34:08.800,2865.6000,10223,-3,106721640.000,3,0,3,双平,S,2865.6000,2865.2000,2865.0000,2864.2000,2864.0000,2866.6000,2867.0000,2867.2000,2869.0000,2869.8000,1,2,2,2,1,1,1,1,6,1
SF,IH2006,2020-02-13 09:34:09.300,2865.6000,10222,-1,107581320.000,1,0,1,双平,S,2865.2000,2865.0000,2864.2000,2864.0000,2863.2000,2866.4000,2867.0000,2867.2000,2869.0000,2869.8000,2,2,1,1,1,1,1,1,1,1
SF,IH2006,2020-02-13 09:34:09.800,2866.4000,10221,-1,108441240.000,1,0,1,双平,S,2866.4000,2865.4000,2865.2000,2865.0000,2864.0000,2867.2000,2869.0000,2869.8000,2870.2000,2871.0000,1,1,2,2,1,1,1,1,4,1
SF,IH2006,2020-02-13 09:34:10.300,2866.4000,10221,0,109301160.000,1,0,1,多换,S,2865.4000,2865.2000,2865.0000,2864.0000,2863.2000,2865.6000,2867.0000,2867.2000,2869.0000,2869.8000,1,2,2,1,1,1,1,1,1,1
SF,IH2006,2020-02-13 09:34:10.800,2865.6000,10220,-1,110160840.000,1,0,1,双平,S,2865.8000,2865.6000,2865.2000,2865.0000,2864.0000,2867.0000,2867.2000,2869.0000,2869.8000,2870.2000,1,2,2,2,1,1,1,1,1,4
SF,IH2006,2020-02-13 09:34:11.800,2865.6000,10220,0,111020520.000,1,0,1,多换,S,2865.6000,2865.2000,2865.0000,2864.0000,2863.2000,2867.0000,2867.2000,2869.0000,2869.8000,2870.2000,1,2,2,1,1,1,1,1,1,4
SF,IH2006,2020-02-13 09:34:12.300,2865.6000,10220,0,111020520.000,0,-,-,-,-,2865.8000,2865.6000,2865.2000,2865.0000,2864.0000,2867.0000,2867.2000,2869.0000,2869.8000,2870.2000,3,1,2,2,1,1,1,1,1,4
SF,IH2006,2020-02-13 09:34:13.800,2865.6000,10220,0,111020520.000,0,-,-,-,-,2865.8000,2865.6000,2865.2000,2865.0000,2864.0000,2867.0000,2867.2000,2869.0000,2869.8000,2870.2000,3,1,2,2,2,1,1,1,1,4
SF,IH2006,2020-02-13 09:34:14.300,2865.6000,10220,0,111020520.000,0,-,-,-,-,2865.8000,2865.6000,2865.2000,2865.0000,2864.0000,2867.0000,2867.2000,2869.0000,2869.8000,2870.2000,2,1,2,2,2,1,1,1,1,4
SF,IH2006,2020-02-13 09:34:17.300,2867.0000,10219,-1,111880620.000,1,0,1,双平,S,2865.8000,2865.6000,2865.2000,2865.0000,2864.0000,2867.2000,2869.0000,2869.8000,2870.2000,2871.0000,2,1,2,2,2,1,1,1,4,1
SF,IH2006,2020-02-13 09:34:17.800,2867.2000,10219,0,112740780.000,1,0,1,多换,S,2867.2000,2866.0000,2865.6000,2865.2000,2865.0000,2869.0000,2869.8000,2870.2000,2871.0000,2871.8000,1,4,2,2,2,1,1,4,1,2
SF,IH2006,2020-02-13 09:34:18.300,2867.2000,10219,0,112740780.000,0,-,-,-,-,2867.2000,2866.0000,2865.6000,2865.2000,2865.0000,2868.8000,2869.0000,2869.8000,2870.2000,2871.0000,1,2,1,2,2,4,1,1,4,1
SF,IH2006,2020-02-13 09:34:18.800,2867.2000,10219,0,112740780.000,0,-,-,-,-,2867.4000,2867.2000,2866.0000,2865.6000,2865.2000,2868.8000,2869.0000,2869.8000,2870.2000,2871.0000,2,1,2,1,2,4,1,1,4,1
SF,IH2006,2020-02-13 09:34:19.300,2867.2000,10219,0,112740780.000,0,-,-,-,-,2867.6000,2867.4000,2867.2000,2866.0000,2865.6000,2868.8000,2869.0000,2869.8000,2870.2000,2871.0000,1,2,1,1,1,3,1,1,4,1
SF,IH2006,2020-02-13 09:34:19.800,2867.2000,10219,0,112740780.000,0,-,-,-,-,2867.6000,2867.2000,2866.0000,2865.6000,2865.0000,2868.8000,2869.0000,2869.8000,2870.2000,2871.0000,1,1,1,1,1,3,1,1,4,1
SF,IH2006,2020-02-13 09:34:20.800,2867.6000,10218,-1,113601060.000,1,0,1,双平,S,2866.0000,2865.6000,2865.0000,2864.0000,2863.8000,2867.6000,2868.8000,2869.0000,2869.8000,2870.2000,1,1,1,2,1,1,3,1,1,4
SF,IH2006,2020-02-13 09:34:21.300,2867.6000,10218,0,113601060.000,0,-,-,-,-,2866.2000,2866.0000,2865.6000,2865.0000,2864.0000,2867.6000,2868.8000,2869.0000,2869.8000,2870.2000,1,1,1,1,2,2,2,1,1,4
SF,IH2006,2020-02-13 09:34:21.800,2867.6000,10218,0,113601060.000,0,-,-,-,-,2866.4000,2866.2000,2866.0000,2865.0000,2864.0000,2867.6000,2868.8000,2869.0000,2869.8000,2870.2000,1,1,1,1,2,2,2,1,1,4
SF,IH2006,2020-02-13 09:34:22.300,2866.4000,10217,-1,114460980.000,1,0,1,双平,S,2866.0000,2865.0000,2864.0000,2863.8000,2863.2000,2866.4000,2867.6000,2868.8000,2869.0000,2869.8000,1,1,2,1,1,1,2,2,1,1
SF,IH2006,2020-02-13 09:34:22.800,2866.0000,10215,-2,116180700.000,2,0,2,双平,S,2865.0000,2864.0000,2863.8000,2863.2000,2861.6000,2867.6000,2869.0000,2869.8000,2870.2000,2871.0000,1,2,1,1,1,2,1,1,4,1
SF,IH2006,2020-02-13 09:34:23.300,2866.0000,10215,0,116180700.000,0,-,-,-,-,2865.0000,2864.0000,2863.8000,2863.2000,2861.6000,2867.2000,2867.4000,2867.6000,2869.0000,2869.8000,1,2,1,1,1,3,3,2,1,1
SF,IH2006,2020-02-13 09:34:23.800,2866.0000,10215,0,116180700.000,0,-,-,-,-,2866.0000,2865.2000,2865.0000,2864.0000,2863.8000,2866.8000,2867.0000,2867.4000,2867.6000,2869.0000,1,1,1,2,1,2,1,1,2,1
SF,IH2006,2020-02-13 09:34:24.300,2866.0000,10215,0,116180700.000,0,-,-,-,-,2866.0000,2865.0000,2864.0000,2863.8000,2863.2000,2866.8000,2867.0000,2867.4000,2867.6000,2869.0000,1,1,2,1,1,2,1,1,2,1
SF,IH2006,2020-02-13 09:34:24.800,2866.0000,10214,-1,117040500.000,1,0,1,双平,S,2865.0000,2864.0000,2863.8000,2863.2000,2861.6000,2866.6000,2866.8000,2867.4000,2867.6000,2869.0000,1,2,1,1,1,1,2,1,2,1
SF,IH2006,2020-02-13 09:34:25.300,2866.0000,10214,0,117040500.000,0,-,-,-,-,2865.0000,2864.0000,2863.8000,2863.2000,2861.6000,2866.6000,2866.8000,2867.4000,2867.6000,2869.0000,1,2,1,1,1,1,2,1,2,1
SF,IH2006,2020-02-13 09:34:25.800,2866.0000,10214,0,117040500.000,0,-,-,-,-,2865.0000,2864.0000,2863.8000,2863.2000,2861.6000,2866.6000,2866.8000,2867.4000,2867.6000,2869.0000,1,2,1,1,1,1,2,1,2,1
SF,IH2006,2020-02-13 09:34:26.300,2866.6000,10214,0,117900480.000,1,0,1,多换,S,2865.0000,2864.0000,2863.8000,2863.2000,2861.6000,2866.8000,2867.4000,2867.6000,2869.0000,2869.8000,1,2,1,1,1,2,1,2,1,1
SF,IH2006,2020-02-13 09:34:26.800,2866.6000,10214,0,117900480.000,0,-,-,-,-,2865.2000,2865.0000,2864.0000,2863.8000,2863.2000,2867.4000,2867.6000,2869.0000,2869.8000,2870.2000,2,2,2,1,1,1,2,1,1,4
SF,IH2006,2020-02-13 09:34:27.300,2866.6000,10214,0,117900480.000,0,-,-,-,-,2865.2000,2865.0000,2864.0000,2863.8000,2863.2000,2867.0000,2867.6000,2869.0000,2869.8000,2870.2000,2,2,2,1,1,1,2,1,1,4
SF,IH2006,2020-02-13 09:34:27.800,2866.6000,10214,0,117900480.000,0,-,-,-,-,2865.2000,2865.0000,2864.0000,2863.8000,2863.2000,2867.6000,2869.0000,2869.8000,2870.2000,2871.0000,2,2,2,1,1,2,1,1,4,1
SF,IH2006,2020-02-13 09:34:28.300,2866.6000,10214,0,117900480.000,0,-,-,-,-,2865.2000,2865.0000,2864.0000,2863.8000,2863.2000,2867.4000,2867.6000,2869.0000,2869.8000,2870.2000,1,2,2,1,1,2,2,1,1,4
SF,IH2006,2020-02-13 09:34:28.800,2865.2000,10214,0,119619660.000,2,1,1,多换,S,2865.0000,2864.0000,2863.8000,2863.2000,2861.6000,2867.6000,2869.0000,2869.8000,2870.2000,2871.0000,2,2,1,1,1,2,1,1,4,1
SF,IH2006,2020-02-13 09:34:29.300,2865.2000,10214,0,119619660.000,0,-,-,-,-,2865.2000,2865.0000,2864.0000,2863.8000,2863.2000,2867.4000,2867.6000,2869.0000,2869.8000,2870.2000,1,2,2,1,1,1,2,1,1,4
SF,IH2006,2020-02-13 09:34:30.300,2865.2000,10214,0,119619660.000,0,-,-,-,-,2865.2000,2865.0000,2864.0000,2863.8000,2863.2000,2867.2000,2867.4000,2867.6000,2869.0000,2869.8000,1,2,2,1,1,1,1,2,1,1
SF,IH2006,2020-02-13 09:34:30.800,2865.2000,10214,0,119619660.000,0,-,-,-,-,2865.2000,2865.0000,2864.0000,2863.8000,2863.2000,2867.0000,2867.2000,2867.6000,2869.0000,2869.8000,1,2,2,1,1,1,1,2,1,1
SF,IH2006,2020-02-13 09:34:31.300,2865.2000,10214,0,119619660.000,0,-,-,-,-,2865.2000,2865.0000,2864.0000,2863.8000,2863.2000,2866.8000,2867.0000,2867.2000,2867.6000,2869.0000,1,2,2,1,1,1,1,1,2,1
SF,IH2006,2020-02-13 09:34:31.800,2865.2000,10214,0,119619660.000,0,-,-,-,-,2866.0000,2865.2000,2865.0000,2864.0000,2863.8000,2866.8000,2867.0000,2867.2000,2867.6000,2869.0000,1,1,3,2,1,1,1,1,2,1
SF,IH2006,2020-02-13 09:34:32.800,2866.0000,10214,0,120479460.000,1,0,1,多换,S,2865.2000,2865.0000,2864.0000,2863.8000,2863.2000,2866.8000,2867.0000,2867.2000,2867.6000,2868.0000,1,3,2,1,1,1,1,1,2,2
SF,IH2006,2020-02-13 09:34:34.800,2866.0000,10214,0,120479460.000,0,-,-,-,-,2865.2000,2865.0000,2864.0000,2863.8000,2863.2000,2866.8000,2867.0000,2867.2000,2867.6000,2868.0000,1,4,2,1,1,1,1,1,2,2
SF,IH2006,2020-02-13 09:34:35.300,2866.0000,10214,0,120479460.000,0,-,-,-,-,2865.4000,2865.2000,2865.0000,2864.0000,2863.8000,2866.8000,2867.0000,2867.6000,2868.0000,2868.8000,1,1,4,2,1,1,1,2,2,1
SF,IH2006,2020-02-13 09:34:35.800,2866.0000,10214,0,120479460.000,0,-,-,-,-,2865.6000,2865.4000,2865.0000,2864.0000,2863.8000,2867.6000,2868.0000,2868.8000,2869.0000,2869.8000,1,1,4,2,1,2,2,1,1,1
SF,IH2006,2020-02-13 09:34:36.300,2866.0000,10214,0,120479460.000,0,-,-,-,-,2865.6000,2865.0000,2864.0000,2863.8000,2863.2000,2867.4000,2867.6000,2868.0000,2868.8000,2869.0000,1,4,2,1,1,1,2,2,1,1
SF,IH2006,2020-02-13 09:34:36.800,2866.0000,10214,0,120479460.000,0,-,-,-,-,2865.6000,2865.0000,2864.0000,2863.8000,2863.2000,2867.2000,2867.4000,2867.6000,2868.0000,2868.8000,1,4,2,1,1,2,1,2,2,1
SF,IH2006,2020-02-13 09:34:37.300,2866.0000,10214,0,120479460.000,0,-,-,-,-,2865.6000,2865.2000,2865.0000,2864.0000,2863.8000,2867.0000,2867.4000,2867.6000,2868.0000,2868.8000,2,1,4,2,1,1,1,2,2,1
SF,IH2006,2020-02-13 09:34:37.800,2866.0000,10214,0,120479460.000,0,-,-,-,-,2865.6000,2865.2000,2865.0000,2864.0000,2863.8000,2867.0000,2867.4000,2867.6000,2868.0000,2868.8000,1,1,4,2,1,1,1,2,2,1
SF,IH2006,2020-02-13 09:34:38.300,2866.0000,10214,0,120479460.000,0,-,-,-,-,2865.6000,2865.2000,2865.0000,2864.0000,2863.8000,2867.0000,2867.4000,2867.6000,2868.0000,2868.8000,2,1,4,2,1,1,1,2,2,1
SF,IH2006,2020-02-13 09:34:38.800,2866.0000,10214,0,120479460.000,0,-,-,-,-,2865.8000,2865.6000,2865.2000,2865.0000,2864.0000,2867.0000,2867.6000,2868.0000,2868.8000,2869.8000,1,2,1,4,2,1,2,2,1,1
SF,IH2006,2020-02-13 09:34:39.800,2866.0000,10214,0,120479460.000,0,-,-,-,-,2865.6000,2865.2000,2865.0000,2864.0000,2863.8000,2866.8000,2867.0000,2867.6000,2868.0000,2868.8000,2,1,4,2,1,1,1,2,2,1
SF,IH2006,2020-02-13 09:34:40.800,2866.0000,10214,0,120479460.000,0,-,-,-,-,2865.6000,2865.2000,2865.0000,2864.0000,2863.8000,2866.8000,2867.6000,2868.0000,2868.8000,2869.8000,2,1,4,2,1,1,2,2,1,1
SF,IH2006,2020-02-13 09:34:45.300,2866.0000,10214,0,120479460.000,0,-,-,-,-,2865.6000,2865.2000,2865.0000,2864.0000,2863.8000,2866.8000,2867.6000,2868.0000,2868.8000,2869.8000,2,1,4,2,1,1,2,2,1,1
SF,IH2006,2020-02-13 09:34:46.300,2866.8000,10213,-1,121339500.000,1,0,1,双平,S,2865.6000,2865.2000,2865.0000,2864.0000,2863.8000,2867.6000,2868.0000,2868.8000,2869.8000,2870.2000,2,1,4,2,1,2,2,1,1,4
SF,IH2006,2020-02-13 09:34:46.800,2865.6000,10211,-2,123918600.000,3,0,3,多平,S,2865.2000,2865.0000,2864.0000,2863.8000,2863.2000,2867.6000,2868.0000,2868.8000,2869.8000,2870.2000,1,4,2,1,1,2,2,1,1,4
SF,IH2006,2020-02-13 09:34:47.300,2865.6000,10211,0,123918600.000,0,-,-,-,-,2866.0000,2865.6000,2865.4000,2865.2000,2865.0000,2867.4000,2867.6000,2868.0000,2868.8000,2869.8000,1,1,3,1,4,1,2,2,1,1
SF,IH2006,2020-02-13 09:34:47.800,2865.6000,10211,0,123918600.000,0,-,-,-,-,2866.0000,2865.6000,2865.4000,2865.2000,2865.0000,2867.4000,2867.6000,2868.0000,2868.8000,2869.8000,1,1,3,1,4,1,2,2,1,1
SF,IH2006,2020-02-13 09:34:48.800,2865.6000,10211,0,123918600.000,0,-,-,-,-,2866.0000,2865.6000,2865.4000,2865.2000,2865.0000,2867.0000,2867.4000,2867.6000,2868.0000,2868.8000,1,1,3,1,3,1,1,2,2,1
SF,IH2006,2020-02-13 09:34:49.800,2867.0000,10210,-1,124778700.000,1,0,1,双平,S,2866.0000,2865.8000,2865.6000,2865.4000,2865.2000,2867.4000,2867.6000,2868.0000,2868.8000,2869.8000,1,1,1,3,1,1,2,2,1,1
SF,IH2006,2020-02-13 09:34:50.300,2867.0000,10210,0,124778700.000,0,-,-,-,-,2866.0000,2865.8000,2865.6000,2865.4000,2865.2000,2867.4000,2867.6000,2868.0000,2868.8000,2869.8000,1,1,1,3,1,1,2,2,1,1
SF,IH2006,2020-02-13 09:34:50.800,2867.2000,10209,-1,125638860.000,1,0,1,双平,S,2866.0000,2865.8000,2865.4000,2865.2000,2865.0000,2867.4000,2867.6000,2868.0000,2868.8000,2869.8000,1,1,3,1,3,1,2,2,1,1
SF,IH2006,2020-02-13 09:34:51.300,2867.2000,10209,0,125638860.000,0,-,-,-,-,2866.0000,2865.8000,2865.4000,2865.2000,2865.0000,2867.2000,2867.4000,2867.6000,2868.0000,2868.8000,1,1,2,1,3,1,1,2,2,1
SF,IH2006,2020-02-13 09:34:53.800,2867.2000,10209,0,125638860.000,0,-,-,-,-,2866.0000,2865.8000,2865.4000,2865.2000,2865.0000,2866.6000,2867.2000,2867.4000,2867.6000,2868.0000,2,1,2,1,3,1,1,1,2,2
SF,IH2006,2020-02-13 09:34:54.300,2866.6000,10208,-1,126498840.000,1,0,1,双平,S,2866.0000,2865.8000,2865.4000,2865.2000,2865.0000,2867.4000,2867.6000,2868.0000,2868.8000,2869.8000,2,1,1,1,3,1,2,2,1,1
SF,IH2006,2020-02-13 09:34:54.800,2866.6000,10208,0,126498840.000,0,-,-,-,-,2866.2000,2866.0000,2865.8000,2865.4000,2865.2000,2867.2000,2867.4000,2867.6000,2868.0000,2868.8000,1,2,1,1,1,1,1,2,2,1
SF,IH2006,2020-02-13 09:34:55.300,2866.6000,10208,0,126498840.000,0,-,-,-,-,2866.2000,2866.0000,2865.8000,2865.4000,2865.2000,2867.0000,2867.4000,2867.6000,2868.0000,2868.8000,1,2,1,1,1,1,1,2,2,1
SF,IH2006,2020-02-13 09:34:55.800,2866.6000,10208,0,126498840.000,0,-,-,-,-,2866.0000,2865.8000,2865.4000,2865.2000,2865.0000,2867.0000,2867.4000,2867.6000,2868.0000,2868.8000,2,1,1,1,3,1,1,2,2,1
SF,IH2006,2020-02-13 09:34:56.300,2866.6000,10208,0,126498840.000,0,-,-,-,-,2866.0000,2865.8000,2865.4000,2865.2000,2865.0000,2867.4000,2867.6000,2868.0000,2868.8000,2869.8000,2,1,1,1,3,1,2,2,1,1
SF,IH2006,2020-02-13 09:34:56.800,2866.6000,10208,0,126498840.000,0,-,-,-,-,2866.2000,2866.0000,2865.8000,2865.4000,2865.2000,2867.4000,2867.6000,2868.0000,2868.4000,2868.8000,1,2,1,1,1,1,2,2,1,1
SF,IH2006,2020-02-13 09:34:57.300,2866.6000,10208,0,126498840.000,0,-,-,-,-,2866.2000,2866.0000,2865.8000,2865.4000,2865.2000,2867.4000,2867.6000,2868.0000,2868.4000,2868.8000,1,2,1,1,1,1,2,2,1,1
SF,IH2006,2020-02-13 09:34:57.800,2866.6000,10208,0,126498840.000,0,-,-,-,-,2866.2000,2866.0000,2865.8000,2865.4000,2865.2000,2867.4000,2867.6000,2868.0000,2868.4000,2868.8000,1,2,1,1,1,1,2,2,1,1
SF,IH2006,2020-02-13 09:34:59.300,2866.6000,10208,0,126498840.000,0,-,-,-,-,2866.0000,2865.8000,2865.4000,2865.2000,2865.0000,2867.4000,2867.6000,2868.0000,2868.4000,2868.8000,2,1,1,1,3,1,2,2,1,1
SF,IH2006,2020-02-13 09:34:59.800,2866.6000,10208,0,126498840.000,0,-,-,-,-,2866.2000,2866.0000,2865.8000,2865.4000,2865.2000,2867.4000,2867.6000,2868.0000,2868.4000,2868.8000,2,2,1,1,1,1,2,2,1,1
SF,IH2006,2020-02-13 09:35:00.300,2866.6000,10208,0,126498840.000,0,-,-,-,-,2866.2000,2866.0000,2865.8000,2865.4000,2865.2000,2867.6000,2868.0000,2868.4000,2868.8000,2869.8000,3,2,1,1,1,2,2,1,1,1
SF,IH2006,2020-02-13 09:35:00.800,2866.6000,10208,0,126498840.000,0,-,-,-,-,2866.2000,2866.0000,2865.8000,2865.4000,2865.2000,2867.4000,2867.6000,2868.0000,2868.4000,2868.8000,1,2,1,1,1,1,2,2,1,1
SF,IH2006,2020-02-13 09:35:01.300,2866.6000,10208,0,126498840.000,0,-,-,-,-,2866.0000,2865.8000,2865.4000,2865.2000,2865.0000,2867.4000,2867.6000,2868.0000,2868.4000,2868.8000,2,1,1,1,3,1,2,2,1,1
SF,IH2006,2020-02-13 09:35:01.800,2866.6000,10208,0,126498840.000,0,-,-,-,-,2866.0000,2865.8000,2865.4000,2865.2000,2865.0000,2867.2000,2867.4000,2867.6000,2868.0000,2868.4000,2,1,1,1,3,1,1,2,2,1
SF,IH2006,2020-02-13 09:35:02.300,2866.6000,10208,0,126498840.000,0,-,-,-,-,2866.0000,2865.8000,2865.4000,2865.2000,2865.0000,2867.0000,2867.2000,2867.6000,2868.0000,2868.4000,2,1,1,1,3,1,1,2,2,1
SF,IH2006,2020-02-13 09:35:02.800,2866.8000,10207,-1,127358880.000,1,0,1,双平,S,2866.0000,2865.8000,2865.4000,2865.2000,2865.0000,2867.0000,2867.6000,2868.0000,2868.4000,2868.8000,2,1,1,1,3,1,2,2,1,1
SF,IH2006,2020-02-13 09:35:03.300,2866.8000,10207,0,127358880.000,0,-,-,-,-,2866.0000,2865.8000,2865.4000,2865.2000,2865.0000,2867.6000,2868.0000,2868.4000,2868.8000,2869.8000,2,1,1,1,3,2,2,1,1,1
SF,IH2006,2020-02-13 09:35:03.800,2866.8000,10207,0,127358880.000,0,-,-,-,-,2866.2000,2866.0000,2865.8000,2865.4000,2865.2000,2867.4000,2867.6000,2868.0000,2868.4000,2868.8000,2,2,1,1,1,1,2,2,1,1
SF,IH2006,2020-02-13 09:35:04.300,2866.8000,10207,0,127358880.000,0,-,-,-,-,2866.2000,2866.0000,2865.8000,2865.4000,2865.2000,2867.4000,2867.6000,2868.0000,2868.4000,2868.8000,2,2,1,1,1,1,2,2,1,1
SF,IH2006,2020-02-13 09:35:06.800,2867.4000,10206,-1,128219100.000,1,0,1,双平,S,2867.4000,2866.4000,2866.2000,2866.0000,2865.8000,2867.6000,2868.0000,2868.4000,2868.8000,2869.8000,1,1,2,2,1,1,2,1,1,1
SF,IH2006,2020-02-13 09:35:07.300,2867.6000,10205,-1,130799880.000,3,1,2,多平,S,2867.6000,2867.4000,2867.0000,2866.2000,2866.0000,2868.0000,2868.4000,2868.8000,2869.8000,2870.2000,1,1,1,2,2,2,1,1,1,4
SF,IH2006,2020-02-13 09:35:07.800,2868.0000,10202,-3,133380960.000,3,0,3,双平,S,2868.2000,2867.4000,2867.0000,2866.2000,2866.0000,2868.4000,2868.8000,2869.8000,2870.2000,2871.0000,2,1,1,2,2,1,1,1,4,1
SF,IH2006,2020-02-13 09:35:08.300,2868.4000,10201,-1,135962400.000,3,1,2,多平,S,2868.4000,2867.4000,2867.0000,2866.0000,2865.8000,2868.8000,2869.8000,2870.2000,2871.0000,2871.8000,1,1,1,3,1,1,1,4,1,2
SF,IH2006,2020-02-13 09:35:08.800,2868.4000,10201,0,136822920.000,1,0,1,多换,S,2867.4000,2867.0000,2866.0000,2865.8000,2865.4000,2868.2000,2868.4000,2868.8000,2869.8000,2870.2000,1,1,3,1,1,2,1,1,1,4
SF,IH2006,2020-02-13 09:35:09.300,2868.4000,10201,0,136822920.000,0,-,-,-,-,2867.4000,2867.0000,2866.0000,2865.8000,2865.4000,2868.2000,2868.4000,2868.8000,2869.8000,2870.2000,1,1,3,1,1,2,1,1,1,4
SF,IH2006,2020-02-13 09:35:09.800,2868.4000,10200,-1,137683440.000,1,0,1,双平,S,2868.2000,2867.4000,2867.0000,2866.0000,2865.8000,2868.8000,2869.8000,2870.2000,2871.0000,2871.8000,1,1,1,3,1,1,1,4,1,2
SF,IH2006,2020-02-13 09:35:10.300,2868.6000,10199,-1,139404480.000,2,0,2,多平,S,2867.4000,2867.0000,2866.0000,2865.8000,2865.4000,2868.8000,2869.8000,2870.2000,2871.0000,2871.8000,1,1,3,1,1,1,1,4,1,2
SF,IH2006,2020-02-13 09:35:10.800,2868.6000,10198,-1,140265060.000,1,0,1,双平,S,2867.6000,2867.4000,2867.0000,2866.0000,2865.8000,2868.8000,2869.8000,2870.2000,2871.0000,2871.8000,2,1,1,3,1,1,1,4,1,2
SF,IH2006,2020-02-13 09:35:11.300,2868.6000,10198,0,140265060.000,0,-,-,-,-,2867.8000,2867.6000,2867.4000,2867.0000,2866.0000,2868.6000,2868.8000,2870.2000,2871.0000,2871.8000,1,2,1,1,3,1,1,4,1,2
SF,IH2006,2020-02-13 09:35:11.800,2868.6000,10198,0,140265060.000,0,-,-,-,-,2867.6000,2867.4000,2867.0000,2866.0000,2865.8000,2868.8000,2870.2000,2871.0000,2871.8000,2872.0000,2,1,1,3,1,1,4,1,2,2
SF,IH2006,2020-02-13 09:35:12.300,2868.6000,10198,0,140265060.000,0,-,-,-,-,2867.8000,2867.6000,2867.4000,2867.0000,2866.0000,2868.8000,2870.2000,2871.0000,2871.8000,2872.0000,1,2,1,1,3,1,4,1,2,2
SF,IH2006,2020-02-13 09:35:12.800,2868.8000,10198,0,141125700.000,1,0,1,多换,S,2867.6000,2867.4000,2867.0000,2866.0000,2865.8000,2870.2000,2871.0000,2871.8000,2872.0000,2872.8000,2,1,1,3,1,4,1,2,2,6
SF,IH2006,2020-02-13 09:35:13.300,2868.8000,10198,0,141125700.000,0,-,-,-,-,2867.8000,2867.4000,2867.0000,2866.0000,2865.8000,2870.0000,2870.2000,2871.0000,2871.8000,2872.0000,2,1,2,3,1,5,4,1,2,2
SF,IH2006,2020-02-13 09:35:13.800,2868.8000,10198,0,141125700.000,0,-,-,-,-,2867.8000,2867.4000,2867.0000,2866.0000,2865.8000,2870.0000,2870.2000,2871.0000,2871.8000,2872.0000,2,1,2,3,1,4,4,1,2,2
SF,IH2006,2020-02-13 09:35:14.300,2868.8000,10198,0,141125700.000,0,-,-,-,-,2867.8000,2867.4000,2867.0000,2866.0000,2865.8000,2870.0000,2870.2000,2871.0000,2871.8000,2872.0000,1,1,2,3,1,5,4,1,2,2
SF,IH2006,2020-02-13 09:35:14.800,2868.8000,10198,0,141125700.000,0,-,-,-,-,2867.8000,2867.4000,2867.0000,2866.0000,2865.8000,2870.0000,2870.2000,2871.0000,2871.8000,2872.0000,1,1,2,3,1,5,4,1,2,2
SF,IH2006,2020-02-13 09:35:15.300,2868.8000,10198,0,141125700.000,0,-,-,-,-,2868.0000,2867.8000,2867.4000,2867.0000,2866.0000,2870.0000,2870.2000,2871.0000,2871.8000,2872.0000,1,1,1,2,3,5,4,1,2,2
SF,IH2006,2020-02-13 09:35:15.800,2868.8000,10198,0,141125700.000,0,-,-,-,-,2868.0000,2867.4000,2867.0000,2866.0000,2865.8000,2869.6000,2869.8000,2870.0000,2870.2000,2871.0000,1,1,2,3,1,1,2,5,4,1
SF,IH2006,2020-02-13 09:35:16.300,2868.8000,10198,0,141125700.000,0,-,-,-,-,2868.0000,2867.4000,2867.0000,2866.0000,2865.8000,2869.4000,2870.0000,2870.2000,2871.0000,2871.8000,1,1,2,3,1,4,4,4,1,2
SF,IH2006,2020-02-13 09:35:16.800,2868.8000,10198,0,141125700.000,0,-,-,-,-,2868.0000,2867.4000,2867.0000,2866.0000,2865.8000,2869.4000,2870.0000,2870.2000,2871.0000,2871.8000,1,1,2,3,1,4,4,4,1,2
SF,IH2006,2020-02-13 09:35:17.300,2869.2000,10198,0,141986460.000,1,0,1,多换,S,2868.0000,2867.4000,2867.0000,2866.0000,2865.8000,2869.4000,2869.6000,2870.0000,2870.2000,2871.0000,1,1,2,3,1,4,1,4,4,1
SF,IH2006,2020-02-13 09:35:17.800,2869.2000,10198,0,141986460.000,0,-,-,-,-,2868.0000,2867.4000,2867.0000,2866.0000,2865.8000,2869.4000,2869.6000,2870.0000,2870.2000,2871.0000,1,1,2,3,1,4,1,4,4,1
SF,IH2006,2020-02-13 09:35:18.800,2869.2000,10198,0,141986460.000,0,-,-,-,-,2868.0000,2867.4000,2867.0000,2866.0000,2865.8000,2869.4000,2870.0000,2870.2000,2871.0000,2871.8000,1,1,2,3,1,4,4,4,1,2
SF,IH2006,2020-02-13 09:35:19.300,2869.2000,10198,0,142847220.000,1,0,1,多换,S,2868.0000,2867.4000,2867.0000,2866.0000,2865.8000,2869.4000,2869.6000,2870.0000,2870.2000,2871.0000,1,1,2,3,1,4,1,4,4,1
SF,IH2006,2020-02-13 09:35:19.800,2869.2000,10198,0,142847220.000,0,-,-,-,-,2868.2000,2868.0000,2867.4000,2867.0000,2866.0000,2869.4000,2870.0000,2870.2000,2871.0000,2871.8000,1,1,1,2,3,3,4,4,1,2
SF,IH2006,2020-02-13 09:35:20.300,2869.2000,10198,0,142847220.000,0,-,-,-,-,2868.0000,2867.4000,2867.0000,2866.0000,2865.8000,2869.4000,2870.0000,2870.2000,2871.0000,2871.8000,1,1,2,3,1,3,2,4,1,2
SF,IH2006,2020-02-13 09:35:20.800,2869.2000,10198,0,142847220.000,0,-,-,-,-,2868.2000,2868.0000,2867.4000,2867.0000,2866.0000,2869.4000,2870.0000,2870.2000,2871.0000,2871.8000,1,1,1,2,3,1,2,4,1,2
SF,IH2006,2020-02-13 09:35:21.300,2868.4000,10198,0,143707740.000,1,0,1,多换,S,2868.0000,2867.4000,2867.0000,2866.0000,2865.8000,2869.4000,2870.0000,2870.2000,2871.0000,2871.8000,2,1,2,3,1,1,2,4,1,2
SF,IH2006,2020-02-13 09:35:21.800,2868.4000,10198,0,143707740.000,0,-,-,-,-,2868.2000,2868.0000,2867.4000,2867.0000,2866.0000,2869.2000,2869.4000,2870.0000,2870.2000,2871.0000,2,2,1,2,3,1,1,2,4,1
SF,IH2006,2020-02-13 09:35:22.300,2868.4000,10198,0,143707740.000,0,-,-,-,-,2868.2000,2868.0000,2867.4000,2867.0000,2866.0000,2869.4000,2870.0000,2870.2000,2871.0000,2871.8000,2,2,1,2,3,1,2,4,1,2
SF,IH2006,2020-02-13 09:35:23.800,2868.4000,10198,0,143707740.000,0,-,-,-,-,2868.4000,2868.2000,2868.0000,2867.4000,2867.0000,2869.4000,2870.0000,2870.2000,2871.0000,2871.8000,1,2,2,1,2,1,2,4,1,2
SF,IH2006,2020-02-13 09:35:24.300,2868.4000,10198,0,143707740.000,0,-,-,-,-,2868.6000,2868.4000,2868.2000,2868.0000,2867.4000,2869.4000,2870.0000,2870.2000,2871.0000,2871.8000,1,1,2,3,1,1,2,4,1,2
SF,IH2006,2020-02-13 09:35:24.800,2868.4000,10198,0,143707740.000,0,-,-,-,-,2868.6000,2868.4000,2868.2000,2868.0000,2867.4000,2870.0000,2870.2000,2871.0000,2871.8000,2872.0000,1,1,2,3,1,1,4,1,2,2
SF,IH2006,2020-02-13 09:35:25.300,2868.4000,10198,0,143707740.000,0,-,-,-,-,2868.8000,2868.6000,2868.4000,2868.0000,2867.4000,2869.8000,2870.0000,2870.2000,2871.0000,2871.8000,4,1,1,3,1,1,1,4,1,2
SF,IH2006,2020-02-13 09:35:25.800,2869.8000,10197,-1,144568680.000,1,0,1,双平,S,2869.8000,2869.0000,2868.8000,2868.6000,2868.4000,2870.2000,2871.0000,2871.8000,2872.0000,2872.8000,1,3,1,1,1,4,1,2,2,1
SF,IH2006,2020-02-13 09:35:26.300,2870.2000,10196,-1,145429740.000,1,0,1,双平,S,2870.0000,2869.8000,2869.0000,2868.8000,2868.6000,2870.2000,2871.0000,2871.8000,2872.0000,2872.8000,1,1,1,1,1,3,1,2,2,1
SF,IH2006,2020-02-13 09:35:26.800,2870.0000,10195,-1,146290740.000,1,0,1,双平,S,2869.8000,2869.0000,2868.8000,2868.6000,2868.4000,2870.2000,2871.0000,2871.8000,2872.0000,2872.8000,1,1,1,1,1,3,1,2,2,1
SF,IH2006,2020-02-13 09:35:27.800,2870.2000,10192,-3,148873920.000,3,0,3,双平,S,2869.8000,2869.0000,2868.8000,2868.6000,2868.4000,2871.0000,2871.8000,2872.0000,2872.8000,2873.0000,1,1,1,1,1,1,2,2,1,1
SF,IH2006,2020-02-13 09:35:28.300,2870.2000,10192,0,148873920.000,0,-,-,-,-,2869.8000,2869.0000,2868.8000,2868.6000,2868.4000,2870.8000,2871.0000,2871.8000,2872.0000,2872.8000,1,1,1,1,1,1,1,2,2,1
SF,IH2006,2020-02-13 09:35:28.800,2870.2000,10192,0,148873920.000,0,-,-,-,-,2869.0000,2868.8000,2868.6000,2868.4000,2868.0000,2870.8000,2871.0000,2871.8000,2872.0000,2872.8000,1,1,1,1,3,1,1,2,2,1
SF,IH2006,2020-02-13 09:35:29.300,2870.2000,10192,0,148873920.000,0,-,-,-,-,2869.2000,2868.6000,2868.4000,2868.0000,2867.4000,2870.6000,2870.8000,2871.0000,2871.8000,2872.0000,4,1,1,3,1,1,1,1,2,2
SF,IH2006,2020-02-13 09:35:29.800,2870.2000,10192,0,148873920.000,0,-,-,-,-,2869.4000,2869.2000,2868.6000,2868.4000,2868.0000,2871.0000,2871.8000,2872.0000,2872.8000,2873.0000,3,1,1,1,3,1,2,2,1,1
SF,IH2006,2020-02-13 09:35:30.300,2870.2000,10192,0,148873920.000,0,-,-,-,-,2869.6000,2869.4000,2869.2000,2868.6000,2868.4000,2870.8000,2871.0000,2871.8000,2872.0000,2872.8000,1,2,1,1,1,2,1,2,2,1
SF,IH2006,2020-02-13 09:35:31.300,2870.2000,10192,0,148873920.000,0,-,-,-,-,2869.8000,2869.4000,2869.2000,2868.6000,2868.4000,2870.8000,2871.0000,2871.8000,2872.0000,2872.8000,1,2,1,1,1,1,1,2,2,1
SF,IH2006,2020-02-13 09:35:31.800,2870.2000,10192,0,148873920.000,0,-,-,-,-,2870.6000,2869.8000,2869.4000,2869.2000,2868.6000,2871.0000,2871.8000,2872.0000,2872.8000,2873.0000,1,1,2,1,1,1,2,2,1,1
SF,IH2006,2020-02-13 09:35:32.300,2870.4000,10192,0,149735040.000,1,0,1,多换,S,2869.8000,2869.2000,2868.6000,2868.4000,2868.0000,2870.2000,2871.0000,2871.8000,2872.0000,2872.8000,1,1,1,1,3,2,1,2,2,1
SF,IH2006,2020-02-13 09:35:32.800,2870.2000,10190,-2,151457160.000,2,0,2,双平,S,2870.6000,2869.8000,2869.2000,2868.6000,2868.4000,2871.0000,2871.8000,2872.0000,2872.8000,2873.0000,1,1,1,1,1,1,2,2,1,1
SF,IH2006,2020-02-13 09:35:33.300,2870.6000,10189,-1,152318340.000,1,0,1,双平,S,2869.8000,2868.6000,2868.4000,2868.0000,2867.4000,2870.4000,2870.6000,2870.8000,2871.0000,2871.8000,1,1,1,3,1,1,1,1,1,2
SF,IH2006,2020-02-13 09:35:33.800,2870.6000,10189,0,152318340.000,0,-,-,-,-,2868.6000,2868.4000,2868.0000,2867.4000,2866.0000,2870.4000,2870.6000,2870.8000,2871.0000,2871.8000,1,1,3,1,4,1,1,1,1,2
