市场代码,合约代码,时间,最新,持仓,增仓,成交额,成交量,开仓,平仓,成交类型,方向,买一价,买二价,买三价,买四价,买五价,卖一价,卖二价,卖三价,卖四价,卖五价,买一量,买二量,买三量,买四量,买五量,卖一量,卖二量,卖三量,卖四量,卖五量
SF,IH2012,2020-05-21 09:29:00.300,2730.2000,2808,0,819060.000,1.000,-,-,-,-,2730.0000,2729.6000,2729.0000,2726.0000,2725.2000,2731.0000,2731.8000,2733.0000,2736.0000,2738.0000,1,1,1,1,4,1,1,1,1,1
SF,IH2012,2020-05-21 09:30:00.300,2730.2000,2808,0,819060.000,0,-,-,-,-,2730.4000,2730.2000,2730.0000,2729.6000,2729.0000,2731.0000,2731.8000,2733.0000,2736.0000,2738.0000,1,2,1,1,1,1,1,1,1,1
SF,IH2012,2020-05-21 09:30:00.800,2730.2000,2808,0,819060.000,0,-,-,-,-,2730.6000,2730.4000,2730.0000,2729.6000,2729.0000,2731.0000,2731.8000,2733.0000,2734.8000,2736.0000,1,1,1,1,1,1,1,1,1,1
SF,IH2012,2020-05-21 09:30:01.300,2731.0000,2807,-1,1638360.000,1,0,1,双平,S,2730.4000,2730.0000,2729.6000,2729.0000,2726.8000,2731.8000,2733.0000,2734.8000,2736.0000,2738.0000,1,1,1,1,1,1,1,1,1,1
SF,IH2012,2020-05-21 09:30:01.800,2731.8000,2806,-1,2457900.000,1,0,1,双平,S,2730.6000,2730.4000,2729.6000,2726.8000,2724.6000,2733.0000,2734.8000,2736.0000,2738.0000,2739.0000,2,1,1,1,5,1,1,1,1,1
SF,IH2012,2020-05-21 09:30:02.300,2731.8000,2806,0,2457900.000,0,-,-,-,-,2731.8000,2730.8000,2730.6000,2730.4000,2726.8000,2733.0000,2734.8000,2736.0000,2738.0000,2739.0000,1,1,2,1,1,1,1,1,1,1
SF,IH2012,2020-05-21 09:30:03.300,2731.8000,2806,0,2457900.000,0,-,-,-,-,2731.8000,2730.8000,2730.6000,2730.4000,2726.8000,2733.0000,2734.8000,2736.0000,2738.0000,2739.0000,1,1,2,1,1,1,1,1,1,1
SF,IH2012,2020-05-21 09:30:04.800,2733.0000,2805,-1,3277800.000,1,0,1,双平,S,2731.8000,2730.8000,2730.6000,2730.4000,2726.8000,2734.8000,2736.0000,2738.0000,2739.0000,2739.8000,1,1,2,1,1,1,1,1,1,1
SF,IH2012,2020-05-21 09:30:05.300,2733.0000,2805,0,4097700.000,1,0,1,多换,S,2732.0000,2731.8000,2730.6000,2730.4000,2726.8000,2734.8000,2736.0000,2738.0000,2739.0000,2739.8000,3,1,1,1,1,1,1,1,1,1
SF,IH2012,2020-05-21 09:30:05.800,2733.0000,2805,0,4097700.000,0,-,-,-,-,2732.0000,2731.8000,2730.6000,2730.4000,2726.8000,2733.4000,2733.8000,2734.6000,2734.8000,2736.0000,1,1,1,1,1,1,1,1,1,1
SF,IH2012,2020-05-21 09:30:06.300,2733.0000,2805,0,4097700.000,0,-,-,-,-,2732.0000,2731.8000,2730.6000,2730.4000,2726.8000,2732.2000,2733.4000,2733.8000,2734.6000,2734.8000,1,1,1,1,1,1,1,1,1,1
SF,IH2012,2020-05-21 09:30:06.800,2732.2000,2804,-1,4917360.000,1,0,1,双平,S,2731.8000,2730.6000,2730.4000,2726.8000,2724.6000,2734.6000,2734.8000,2736.0000,2738.0000,2739.0000,1,1,1,1,5,1,1,1,1,1
SF,IH2012,2020-05-21 09:30:07.300,2732.0000,2803,-1,5736960.000,1,0,1,双平,S,2730.6000,2730.4000,2726.8000,2724.6000,2723.0000,2733.4000,2733.8000,2734.4000,2734.6000,2734.8000,1,1,1,5,1,1,1,1,1,1
SF,IH2012,2020-05-21 09:30:07.800,2732.0000,2803,0,5736960.000,0,-,-,-,-,2730.8000,2730.6000,2730.4000,2726.8000,2724.6000,2733.2000,2733.4000,2733.8000,2734.8000,2736.0000,2,1,1,1,5,2,1,1,1,1
SF,IH2012,2020-05-21 09:30:08.300,2732.0000,2803,0,5736960.000,0,-,-,-,-,2731.0000,2730.8000,2730.4000,2726.8000,2724.6000,2733.0000,2733.2000,2733.4000,2733.8000,2734.8000,1,1,1,1,5,1,2,1,1,1
SF,IH2012,2020-05-21 09:30:08.800,2732.0000,2803,0,5736960.000,0,-,-,-,-,2730.8000,2730.4000,2726.8000,2724.6000,2723.0000,2732.8000,2733.0000,2733.2000,2733.4000,2733.8000,1,1,1,5,1,1,1,1,1,1
SF,IH2012,2020-05-21 09:30:09.300,2732.0000,2803,0,5736960.000,0,-,-,-,-,2730.4000,2726.8000,2724.6000,2723.0000,2722.2000,2732.6000,2732.8000,2733.2000,2733.4000,2733.8000,1,1,5,1,3,1,1,1,1,1
SF,IH2012,2020-05-21 09:30:09.800,2732.0000,2803,0,5736960.000,0,-,-,-,-,2730.4000,2726.8000,2724.6000,2723.0000,2722.2000,2732.4000,2732.6000,2733.2000,2733.4000,2733.8000,1,1,5,1,3,1,1,1,1,1
SF,IH2012,2020-05-21 09:30:10.300,2732.0000,2803,0,5736960.000,0,-,-,-,-,2730.4000,2726.8000,2724.6000,2723.0000,2722.2000,2732.2000,2732.4000,2733.2000,2733.4000,2733.8000,1,1,5,1,3,1,1,1,1,1
SF,IH2012,2020-05-21 09:30:10.800,2732.0000,2803,0,5736960.000,0,-,-,-,-,2730.4000,2726.8000,2724.6000,2723.0000,2722.2000,2732.0000,2732.2000,2733.2000,2733.4000,2733.8000,1,1,5,1,3,1,1,1,1,1
SF,IH2012,2020-05-21 09:30:11.300,2730.4000,2803,0,6556080.000,1,0,1,多换,S,2726.8000,2724.6000,2723.0000,2722.2000,2718.6000,2731.8000,2732.0000,2733.2000,2733.4000,2733.8000,1,5,1,3,1,1,2,1,1,1
SF,IH2012,2020-05-21 09:30:11.800,2730.4000,2803,0,6556080.000,0,-,-,-,-,2727.2000,2727.0000,2726.8000,2724.6000,2723.0000,2731.6000,2731.8000,2732.0000,2733.2000,2733.4000,5,3,1,5,1,1,1,1,1,1
SF,IH2012,2020-05-21 09:30:12.300,2730.4000,2803,0,6556080.000,0,-,-,-,-,2727.4000,2727.2000,2726.8000,2724.6000,2723.0000,2731.6000,2733.2000,2733.4000,2733.8000,2734.8000,3,5,1,5,1,1,1,1,1,1
SF,IH2012,2020-05-21 09:30:12.800,2730.4000,2803,0,6556080.000,0,-,-,-,-,2727.8000,2727.4000,2726.8000,2724.6000,2723.0000,2731.4000,2731.6000,2733.2000,2733.4000,2733.8000,5,3,1,5,1,1,1,1,1,1
SF,IH2012,2020-05-21 09:30:13.300,2730.4000,2803,0,6556080.000,0,-,-,-,-,2728.0000,2727.8000,2726.8000,2724.6000,2723.0000,2731.2000,2731.4000,2733.2000,2733.4000,2733.8000,3,5,1,5,1,1,1,1,1,1
SF,IH2012,2020-05-21 09:30:13.800,2730.4000,2803,0,6556080.000,0,-,-,-,-,2728.2000,2728.0000,2726.8000,2724.6000,2723.0000,2731.0000,2731.2000,2733.2000,2733.4000,2733.8000,5,4,1,5,1,1,1,1,1,1
SF,IH2012,2020-05-21 09:30:14.300,2730.4000,2803,0,6556080.000,0,-,-,-,-,2728.4000,2728.0000,2726.8000,2724.6000,2723.0000,2730.8000,2731.0000,2733.2000,2733.4000,2733.8000,3,1,1,5,1,1,1,1,1,1
SF,IH2012,2020-05-21 09:30:14.800,2730.4000,2803,0,6556080.000,0,-,-,-,-,2728.4000,2728.0000,2726.8000,2724.6000,2723.0000,2730.6000,2730.8000,2733.2000,2733.4000,2733.8000,2,1,1,5,1,1,1,1,1,1
SF,IH2012,2020-05-21 09:30:15.300,2730.4000,2803,0,6556080.000,0,-,-,-,-,2728.6000,2728.4000,2728.0000,2726.8000,2724.6000,2730.4000,2730.6000,2733.2000,2733.4000,2733.8000,1,2,1,1,5,1,1,1,1,1
SF,IH2012,2020-05-21 09:30:15.800,2730.4000,2803,0,6556080.000,0,-,-,-,-,2728.8000,2728.6000,2728.0000,2726.8000,2724.6000,2730.4000,2730.6000,2733.2000,2733.4000,2733.8000,2,1,1,1,5,1,1,1,1,1
SF,IH2012,2020-05-21 09:30:16.300,2730.4000,2803,0,6556080.000,0,-,-,-,-,2728.8000,2728.6000,2728.0000,2726.8000,2724.6000,2730.2000,2730.4000,2733.2000,2733.4000,2733.8000,2,1,1,1,5,1,1,1,1,1
SF,IH2012,2020-05-21 09:30:16.800,2730.4000,2803,0,6556080.000,0,-,-,-,-,2728.8000,2728.6000,2728.0000,2726.8000,2724.6000,2730.2000,2730.4000,2733.2000,2733.4000,2733.8000,2,1,1,1,5,1,1,1,1,1
SF,IH2012,2020-05-21 09:30:17.300,2730.4000,2801,-2,8194260.000,2,0,2,双平,S,2728.8000,2728.0000,2726.8000,2724.6000,2723.0000,2733.2000,2733.4000,2733.8000,2734.8000,2736.0000,2,1,1,5,1,1,1,1,1,1
SF,IH2012,2020-05-21 09:30:17.800,2730.4000,2801,0,8194260.000,0,-,-,-,-,2729.0000,2728.0000,2726.8000,2724.6000,2723.0000,2733.0000,2733.2000,2733.4000,2733.8000,2734.8000,2,1,1,5,1,1,1,1,1,1
SF,IH2012,2020-05-21 09:30:18.300,2730.4000,2801,0,8194260.000,0,-,-,-,-,2729.0000,2726.8000,2724.6000,2723.0000,2722.2000,2732.8000,2733.0000,2733.2000,2733.4000,2733.8000,1,1,5,1,3,1,1,1,1,1
SF,IH2012,2020-05-21 09:30:18.800,2730.4000,2801,0,8194260.000,0,-,-,-,-,2729.0000,2726.8000,2724.6000,2723.0000,2722.2000,2732.6000,2732.8000,2733.2000,2733.4000,2733.8000,1,1,5,1,3,1,1,1,1,1
SF,IH2012,2020-05-21 09:30:19.300,2730.4000,2801,0,8194260.000,0,-,-,-,-,2726.8000,2724.6000,2723.0000,2722.2000,2718.6000,2732.4000,2732.6000,2733.2000,2733.4000,2733.8000,1,5,1,3,1,1,1,1,1,1
SF,IH2012,2020-05-21 09:30:19.800,2730.4000,2801,0,8194260.000,0,-,-,-,-,2727.2000,2727.0000,2726.8000,2724.6000,2723.0000,2732.4000,2732.6000,2733.2000,2733.4000,2733.8000,6,3,1,5,1,2,1,1,1,1
SF,IH2012,2020-05-21 09:30:20.300,2730.4000,2801,0,8194260.000,0,-,-,-,-,2727.4000,2727.2000,2726.8000,2724.6000,2723.0000,2732.4000,2732.6000,2733.2000,2733.4000,2733.8000,3,6,1,5,1,2,1,1,1,1
SF,IH2012,2020-05-21 09:30:20.800,2730.4000,2801,0,8194260.000,0,-,-,-,-,2727.8000,2727.4000,2726.8000,2724.6000,2723.0000,2730.8000,2732.4000,2732.6000,2733.2000,2733.4000,7,3,1,5,1,1,1,1,1,1
SF,IH2012,2020-05-21 09:30:21.300,2730.4000,2801,0,8194260.000,0,-,-,-,-,2728.0000,2727.8000,2726.8000,2724.6000,2723.0000,2730.8000,2732.6000,2733.2000,2733.4000,2733.8000,3,7,1,5,1,1,1,1,1,1
SF,IH2012,2020-05-21 09:30:21.800,2730.4000,2801,0,8194260.000,0,-,-,-,-,2728.2000,2728.0000,2727.8000,2726.8000,2724.6000,2730.8000,2732.6000,2733.2000,2733.4000,2733.8000,7,3,1,1,5,1,1,1,1,1
SF,IH2012,2020-05-21 09:30:22.300,2730.4000,2801,0,8194260.000,0,-,-,-,-,2728.4000,2728.2000,2727.8000,2726.8000,2724.6000,2730.8000,2732.6000,2733.2000,2733.4000,2733.8000,4,7,1,1,5,1,1,1,1,1
SF,IH2012,2020-05-21 09:30:22.800,2730.4000,2801,0,8194260.000,0,-,-,-,-,2728.4000,2728.2000,2727.8000,2726.8000,2724.6000,2730.6000,2730.8000,2732.6000,2733.4000,2733.8000,4,1,1,1,5,1,2,1,1,1
SF,IH2012,2020-05-21 09:30:23.300,2730.4000,2801,0,8194260.000,0,-,-,-,-,2728.4000,2728.2000,2726.8000,2724.6000,2723.0000,2730.6000,2730.8000,2732.6000,2733.4000,2733.8000,4,1,1,5,1,1,2,1,1,1
SF,IH2012,2020-05-21 09:30:23.800,2730.6000,2801,0,9013440.000,1,0,1,多换,S,2728.4000,2728.2000,2726.8000,2724.6000,2723.0000,2730.8000,2732.6000,2733.4000,2733.8000,2734.8000,3,1,1,5,1,2,1,1,1,1
SF,IH2012,2020-05-21 09:30:24.300,2730.6000,2801,0,9013440.000,0,-,-,-,-,2728.6000,2728.4000,2728.2000,2726.8000,2724.6000,2730.8000,2732.6000,2733.4000,2733.8000,2734.8000,1,3,1,1,5,2,1,1,1,1
SF,IH2012,2020-05-21 09:30:24.800,2730.6000,2801,0,9013440.000,0,-,-,-,-,2728.8000,2728.6000,2726.8000,2724.6000,2723.0000,2730.6000,2730.8000,2732.6000,2733.4000,2733.8000,3,1,1,5,1,1,2,1,1,1
SF,IH2012,2020-05-21 09:30:25.300,2730.6000,2801,0,9013440.000,0,-,-,-,-,2728.8000,2728.6000,2726.8000,2724.6000,2723.0000,2730.6000,2730.8000,2732.6000,2733.4000,2733.8000,2,1,1,5,1,1,2,1,1,1
SF,IH2012,2020-05-21 09:30:25.800,2730.6000,2801,0,9013440.000,0,-,-,-,-,2728.8000,2726.8000,2724.6000,2723.0000,2722.2000,2730.6000,2730.8000,2732.6000,2733.4000,2733.8000,1,1,5,1,3,1,2,1,1,1
SF,IH2012,2020-05-21 09:30:26.300,2730.6000,2801,0,9013440.000,0,-,-,-,-,2726.8000,2724.6000,2723.0000,2722.2000,2718.6000,2730.6000,2730.8000,2732.6000,2733.4000,2733.8000,1,5,1,3,1,1,2,1,1,1
SF,IH2012,2020-05-21 09:30:26.800,2730.6000,2801,0,9013440.000,0,-,-,-,-,2727.2000,2727.0000,2726.8000,2724.6000,2723.0000,2730.8000,2732.6000,2733.4000,2733.8000,2734.8000,6,3,1,5,1,2,1,1,1,1
SF,IH2012,2020-05-21 09:30:27.300,2730.6000,2801,0,9013440.000,0,-,-,-,-,2727.4000,2727.2000,2726.8000,2724.6000,2723.0000,2730.8000,2732.6000,2733.4000,2733.8000,2734.8000,4,6,1,5,1,2,2,1,1,1
SF,IH2012,2020-05-21 09:30:27.800,2730.6000,2801,0,9013440.000,0,-,-,-,-,2727.8000,2727.4000,2726.8000,2724.6000,2723.0000,2730.8000,2732.6000,2733.4000,2733.8000,2734.8000,6,4,1,5,1,2,2,1,1,1
SF,IH2012,2020-05-21 09:30:28.300,2730.6000,2801,0,9013440.000,0,-,-,-,-,2728.0000,2727.8000,2727.4000,2726.8000,2724.6000,2730.8000,2732.6000,2733.4000,2733.8000,2734.8000,3,6,1,1,5,2,2,1,1,1
SF,IH2012,2020-05-21 09:30:30.300,2730.6000,2801,0,9013440.000,0,-,-,-,-,2728.2000,2728.0000,2727.4000,2726.8000,2724.6000,2730.8000,2732.6000,2733.4000,2733.8000,2734.8000,6,3,1,1,5,2,2,1,1,1
SF,IH2012,2020-05-21 09:30:30.800,2730.6000,2801,0,9013440.000,0,-,-,-,-,2728.4000,2727.4000,2726.8000,2724.6000,2723.0000,2730.8000,2732.6000,2733.4000,2733.8000,2734.8000,3,1,1,5,1,2,2,1,1,1
SF,IH2012,2020-05-21 09:30:31.300,2730.6000,2801,0,9013440.000,0,-,-,-,-,2728.6000,2728.4000,2727.4000,2726.8000,2724.6000,2730.6000,2730.8000,2732.6000,2733.4000,2733.8000,1,2,1,1,5,1,2,2,1,1
SF,IH2012,2020-05-21 09:30:31.800,2730.6000,2801,0,9013440.000,0,-,-,-,-,2728.8000,2728.6000,2727.4000,2726.8000,2724.6000,2730.6000,2730.8000,2732.6000,2733.4000,2733.8000,2,1,1,1,5,1,2,2,1,1
SF,IH2012,2020-05-21 09:30:32.300,2730.6000,2801,0,9013440.000,0,-,-,-,-,2729.0000,2728.8000,2727.4000,2726.8000,2724.6000,2730.6000,2730.8000,2732.6000,2733.4000,2733.8000,1,2,1,1,5,1,2,2,1,1
SF,IH2012,2020-05-21 09:30:32.800,2730.6000,2801,0,9013440.000,0,-,-,-,-,2729.2000,2729.0000,2728.8000,2727.4000,2726.8000,2730.6000,2730.8000,2732.6000,2733.4000,2733.8000,1,1,1,1,1,1,2,2,1,1
SF,IH2012,2020-05-21 09:30:33.300,2730.6000,2801,0,9013440.000,0,-,-,-,-,2729.4000,2729.2000,2728.8000,2726.8000,2724.6000,2730.6000,2730.8000,2732.6000,2733.4000,2733.8000,1,1,1,1,5,1,2,2,1,1
SF,IH2012,2020-05-21 09:30:34.800,2729.4000,2800,-1,9832260.000,1,0,1,双平,S,2729.2000,2728.8000,2726.8000,2724.6000,2723.0000,2730.6000,2730.8000,2732.6000,2733.4000,2733.8000,1,1,1,5,1,1,2,2,1,1
SF,IH2012,2020-05-21 09:30:35.300,2729.4000,2800,0,9832260.000,0,-,-,-,-,2726.8000,2724.6000,2723.0000,2722.2000,2718.6000,2730.4000,2730.6000,2730.8000,2732.6000,2733.4000,1,5,1,3,1,1,1,2,2,1
SF,IH2012,2020-05-21 09:30:35.800,2729.4000,2800,0,9832260.000,0,-,-,-,-,2727.2000,2727.0000,2726.8000,2724.6000,2723.0000,2730.4000,2730.8000,2732.6000,2733.4000,2733.8000,6,2,1,5,1,1,2,2,1,1
SF,IH2012,2020-05-21 09:30:36.300,2729.4000,2800,0,9832260.000,0,-,-,-,-,2727.4000,2727.2000,2726.8000,2724.6000,2723.0000,2730.8000,2732.6000,2733.4000,2733.8000,2734.8000,2,6,1,5,1,2,2,1,1,1
SF,IH2012,2020-05-21 09:30:36.800,2729.4000,2800,0,9832260.000,0,-,-,-,-,2727.4000,2727.2000,2726.8000,2724.6000,2723.0000,2730.6000,2730.8000,2732.6000,2733.4000,2733.8000,2,6,1,5,1,1,2,2,1,1
SF,IH2012,2020-05-21 09:30:37.300,2729.4000,2800,0,9832260.000,0,-,-,-,-,2727.6000,2727.4000,2727.2000,2726.8000,2724.6000,2730.6000,2730.8000,2732.6000,2733.4000,2733.8000,1,2,6,1,5,1,2,2,1,1
SF,IH2012,2020-05-21 09:30:37.800,2729.4000,2800,0,9832260.000,0,-,-,-,-,2727.8000,2727.6000,2727.2000,2726.8000,2724.6000,2730.6000,2730.8000,2732.6000,2733.4000,2733.8000,2,1,6,1,5,1,2,2,1,1
SF,IH2012,2020-05-21 09:30:39.300,2729.4000,2800,0,9832260.000,0,-,-,-,-,2727.8000,2727.2000,2726.8000,2724.6000,2723.0000,2730.6000,2730.8000,2732.6000,2733.4000,2733.8000,2,6,1,5,1,1,2,2,1,1
SF,IH2012,2020-05-21 09:30:40.300,2729.4000,2800,0,9832260.000,0,-,-,-,-,2727.8000,2726.8000,2724.6000,2723.0000,2722.2000,2730.6000,2730.8000,2732.6000,2733.4000,2733.8000,2,1,5,1,3,1,2,2,1,1
SF,IH2012,2020-05-21 09:30:40.800,2729.4000,2800,0,9832260.000,0,-,-,-,-,2727.8000,2726.8000,2724.6000,2723.0000,2722.2000,2730.6000,2730.8000,2732.6000,2733.4000,2733.8000,1,1,5,1,3,1,2,2,1,1
SF,IH2012,2020-05-21 09:30:42.800,2729.4000,2800,0,9832260.000,0,-,-,-,-,2727.8000,2726.8000,2724.6000,2723.0000,2722.2000,2730.4000,2730.6000,2730.8000,2732.6000,2733.4000,1,1,5,1,3,1,1,2,2,1
SF,IH2012,2020-05-21 09:30:43.300,2729.4000,2800,0,9832260.000,0,-,-,-,-,2726.8000,2724.6000,2723.0000,2722.2000,2718.6000,2730.2000,2730.4000,2730.8000,2732.6000,2733.4000,1,5,1,3,1,1,1,2,2,1
SF,IH2012,2020-05-21 09:30:43.800,2729.4000,2800,0,9832260.000,0,-,-,-,-,2727.0000,2726.8000,2724.6000,2723.0000,2722.2000,2730.2000,2730.4000,2730.8000,2732.6000,2733.4000,2,1,5,1,3,1,1,2,2,1
SF,IH2012,2020-05-21 09:30:44.300,2729.4000,2800,0,9832260.000,0,-,-,-,-,2727.2000,2727.0000,2726.8000,2724.6000,2723.0000,2730.2000,2730.4000,2730.8000,2732.6000,2733.4000,1,2,1,5,1,1,1,2,2,1
SF,IH2012,2020-05-21 09:30:44.800,2729.4000,2800,0,9832260.000,0,-,-,-,-,2727.4000,2727.2000,2726.8000,2724.6000,2723.0000,2730.2000,2730.4000,2730.8000,2732.6000,2733.4000,2,1,1,5,1,1,1,2,2,1
SF,IH2012,2020-05-21 09:30:46.300,2729.4000,2800,0,9832260.000,0,-,-,-,-,2728.0000,2727.4000,2727.2000,2726.8000,2724.6000,2730.2000,2730.4000,2730.8000,2732.6000,2733.4000,2,2,1,1,5,1,1,2,2,1
SF,IH2012,2020-05-21 09:30:46.800,2729.4000,2800,0,9832260.000,0,-,-,-,-,2728.0000,2727.4000,2726.8000,2724.6000,2723.0000,2730.2000,2730.4000,2730.8000,2732.6000,2733.4000,2,2,1,5,1,1,1,2,2,1
SF,IH2012,2020-05-21 09:30:47.300,2729.4000,2800,0,9832260.000,0,-,-,-,-,2728.0000,2727.6000,2727.4000,2726.8000,2724.6000,2730.2000,2730.4000,2730.8000,2732.6000,2733.4000,2,1,2,1,5,1,1,2,2,1
SF,IH2012,2020-05-21 09:30:47.800,2729.4000,2800,0,9832260.000,0,-,-,-,-,2728.2000,2728.0000,2727.6000,2727.4000,2726.8000,2730.2000,2730.4000,2730.8000,2732.6000,2733.4000,1,2,1,1,1,1,1,2,2,1
SF,IH2012,2020-05-21 09:30:49.800,2729.4000,2800,0,9832260.000,0,-,-,-,-,2728.2000,2728.0000,2727.6000,2727.4000,2726.8000,2730.2000,2730.8000,2732.6000,2733.4000,2733.8000,1,2,1,1,1,1,2,2,1,1
SF,IH2012,2020-05-21 09:30:50.300,2729.4000,2800,0,9832260.000,0,-,-,-,-,2728.4000,2728.2000,2728.0000,2727.6000,2726.8000,2730.2000,2730.8000,2732.6000,2733.4000,2733.8000,1,1,2,1,1,1,2,2,1,1
SF,IH2012,2020-05-21 09:30:50.800,2729.4000,2800,0,9832260.000,0,-,-,-,-,2728.6000,2728.4000,2728.0000,2727.6000,2726.8000,2730.2000,2730.8000,2732.6000,2733.4000,2733.8000,1,1,2,1,1,1,2,2,1,1
SF,IH2012,2020-05-21 09:30:53.800,2729.4000,2800,0,9832260.000,0,-,-,-,-,2728.6000,2728.4000,2728.0000,2727.6000,2726.8000,2730.2000,2730.8000,2732.6000,2733.4000,2733.8000,1,1,2,1,1,1,1,2,1,1
SF,IH2012,2020-05-21 09:30:54.300,2729.4000,2800,0,9832260.000,0,-,-,-,-,2728.8000,2728.6000,2728.2000,2728.0000,2727.6000,2730.8000,2732.6000,2733.4000,2733.8000,2734.8000,1,1,2,2,1,1,2,1,1,1
SF,IH2012,2020-05-21 09:30:54.800,2729.4000,2800,0,9832260.000,0,-,-,-,-,2729.0000,2728.8000,2728.2000,2728.0000,2727.6000,2730.6000,2730.8000,2732.6000,2733.4000,2733.8000,1,1,2,2,1,1,1,2,1,1
SF,IH2012,2020-05-21 09:30:56.800,2729.4000,2800,0,9832260.000,0,-,-,-,-,2729.0000,2728.8000,2728.2000,2728.0000,2727.6000,2730.6000,2730.8000,2732.6000,2733.4000,2733.8000,1,1,2,2,1,1,1,2,1,2
SF,IH2012,2020-05-21 09:31:01.800,2729.4000,2800,0,9832260.000,0,-,-,-,-,2729.0000,2728.8000,2728.2000,2728.0000,2727.6000,2730.6000,2730.8000,2732.6000,2733.4000,2733.8000,1,1,2,2,1,2,1,2,1,2
SF,IH2012,2020-05-21 09:31:02.300,2729.4000,2800,0,9832260.000,0,-,-,-,-,2729.2000,2729.0000,2728.2000,2728.0000,2727.6000,2730.6000,2730.8000,2732.6000,2733.4000,2733.8000,1,1,2,2,1,1,1,2,1,2
SF,IH2012,2020-05-21 09:31:03.800,2729.4000,2800,0,9832260.000,0,-,-,-,-,2729.2000,2729.0000,2728.2000,2728.0000,2727.6000,2730.6000,2730.8000,2732.6000,2733.4000,2733.8000,1,1,2,2,1,1,1,2,1,2
SF,IH2012,2020-05-21 09:31:09.800,2729.4000,2800,0,9832260.000,0,-,-,-,-,2729.2000,2729.0000,2728.2000,2728.0000,2726.8000,2730.6000,2730.8000,2732.6000,2733.4000,2733.8000,1,1,3,2,1,1,1,2,1,2
SF,IH2012,2020-05-21 09:31:10.300,2729.4000,2800,0,9832260.000,0,-,-,-,-,2729.4000,2729.2000,2728.2000,2728.0000,2726.8000,2730.6000,2730.8000,2732.6000,2733.4000,2733.8000,1,1,3,2,1,1,1,2,1,2
SF,IH2012,2020-05-21 09:31:10.800,2729.4000,2800,0,9832260.000,0,-,-,-,-,2729.2000,2728.2000,2728.0000,2726.8000,2724.6000,2730.6000,2730.8000,2732.6000,2733.4000,2733.8000,1,3,2,1,5,1,1,2,1,2
SF,IH2012,2020-05-21 09:31:13.300,2729.4000,2800,0,9832260.000,0,-,-,-,-,2729.2000,2728.2000,2728.0000,2726.8000,2724.6000,2730.4000,2730.6000,2730.8000,2732.6000,2733.4000,1,3,2,1,5,1,1,1,2,1
SF,IH2012,2020-05-21 09:31:19.800,2729.4000,2800,0,9832260.000,0,-,-,-,-,2729.2000,2728.2000,2728.0000,2726.8000,2724.6000,2729.8000,2730.4000,2730.6000,2730.8000,2732.6000,1,3,2,1,5,1,1,1,1,2
SF,IH2012,2020-05-21 09:31:20.300,2729.8000,2800,0,10651200.000,1,0,1,多换,S,2730.0000,2729.2000,2728.2000,2728.0000,2726.8000,2730.4000,2730.6000,2730.8000,2732.6000,2733.4000,1,1,3,2,1,1,1,1,2,1
SF,IH2012,2020-05-21 09:31:20.800,2729.8000,2800,0,10651200.000,0,-,-,-,-,2729.2000,2728.2000,2728.0000,2726.8000,2724.6000,2730.4000,2730.6000,2730.8000,2732.6000,2733.4000,1,3,2,1,5,1,1,1,2,1
SF,IH2012,2020-05-21 09:31:26.300,2729.8000,2800,0,10651200.000,0,-,-,-,-,2729.2000,2728.2000,2728.0000,2726.8000,2724.6000,2730.4000,2730.6000,2730.8000,2731.8000,2732.6000,1,3,2,1,5,1,1,1,1,2
SF,IH2012,2020-05-21 09:31:26.800,2729.8000,2800,0,10651200.000,0,-,-,-,-,2729.2000,2728.2000,2728.0000,2726.8000,2724.6000,2730.4000,2730.6000,2730.8000,2731.8000,2732.6000,1,3,2,1,5,1,1,1,1,2
SF,IH2012,2020-05-21 09:31:30.800,2730.4000,2800,0,11470320.000,1,0,1,多换,S,2729.2000,2728.2000,2728.0000,2726.8000,2724.6000,2730.6000,2730.8000,2731.8000,2732.6000,2733.4000,1,3,2,1,5,1,1,1,2,1
SF,IH2012,2020-05-21 09:31:31.300,2730.4000,2800,0,11470320.000,0,-,-,-,-,2729.4000,2729.2000,2728.2000,2728.0000,2726.8000,2730.6000,2730.8000,2731.8000,2732.6000,2733.4000,1,1,3,2,1,1,1,1,2,1
SF,IH2012,2020-05-21 09:31:31.800,2730.4000,2800,0,11470320.000,0,-,-,-,-,2729.6000,2729.4000,2728.2000,2728.0000,2726.8000,2730.6000,2730.8000,2731.8000,2732.6000,2733.4000,1,1,3,2,1,1,1,1,2,1
SF,IH2012,2020-05-21 09:31:37.300,2730.4000,2800,0,11470320.000,0,-,-,-,-,2729.6000,2729.4000,2728.2000,2728.0000,2726.8000,2730.6000,2730.8000,2731.8000,2732.6000,2733.4000,1,1,3,2,1,1,1,1,2,1
SF,IH2012,2020-05-21 09:31:37.800,2730.4000,2800,0,11470320.000,0,-,-,-,-,2729.6000,2728.2000,2728.0000,2726.8000,2724.6000,2730.8000,2731.8000,2732.6000,2733.4000,2733.8000,1,3,2,1,5,1,1,2,1,2
SF,IH2012,2020-05-21 09:31:38.800,2730.4000,2800,0,11470320.000,0,-,-,-,-,2729.6000,2728.2000,2728.0000,2726.8000,2724.6000,2730.8000,2731.8000,2732.6000,2733.4000,2733.8000,1,3,2,1,5,1,1,2,1,2
SF,IH2012,2020-05-21 09:31:40.800,2730.4000,2800,0,11470320.000,0,-,-,-,-,2729.6000,2728.2000,2728.0000,2726.8000,2724.6000,2730.8000,2731.8000,2732.0000,2732.6000,2733.4000,1,3,2,1,5,1,1,1,2,1
SF,IH2012,2020-05-21 09:31:41.300,2730.4000,2800,0,11470320.000,0,-,-,-,-,2728.2000,2728.0000,2726.8000,2724.6000,2723.0000,2730.8000,2731.8000,2732.0000,2732.6000,2733.4000,3,2,1,5,1,1,1,1,2,1
SF,IH2012,2020-05-21 09:31:41.800,2730.4000,2800,0,11470320.000,0,-,-,-,-,2728.4000,2728.2000,2728.0000,2726.8000,2724.6000,2730.8000,2731.8000,2732.0000,2732.6000,2733.4000,1,3,2,1,5,1,1,1,2,1
SF,IH2012,2020-05-21 09:31:43.800,2730.8000,2799,-1,12289560.000,1,0,1,双平,S,2728.4000,2728.2000,2728.0000,2726.8000,2724.6000,2731.8000,2732.0000,2732.6000,2733.4000,2733.8000,1,3,2,1,5,1,1,2,1,2
SF,IH2012,2020-05-21 09:31:44.300,2730.8000,2799,0,12289560.000,0,-,-,-,-,2728.6000,2728.4000,2728.2000,2728.0000,2726.8000,2731.8000,2732.0000,2732.6000,2733.4000,2733.8000,1,1,3,2,1,1,1,2,1,2
SF,IH2012,2020-05-21 09:31:44.800,2730.8000,2799,0,12289560.000,0,-,-,-,-,2728.8000,2728.6000,2728.2000,2728.0000,2726.8000,2731.6000,2731.8000,2732.0000,2732.6000,2733.4000,1,1,3,2,1,1,1,1,2,1
SF,IH2012,2020-05-21 09:31:45.300,2730.8000,2799,0,12289560.000,0,-,-,-,-,2729.0000,2728.8000,2728.2000,2728.0000,2726.8000,2731.6000,2731.8000,2732.0000,2732.6000,2733.4000,1,1,3,2,1,1,1,1,2,1
SF,IH2012,2020-05-21 09:31:45.800,2730.8000,2799,0,12289560.000,0,-,-,-,-,2729.2000,2729.0000,2728.2000,2728.0000,2726.8000,2731.6000,2731.8000,2732.0000,2732.6000,2733.4000,1,1,3,2,1,1,1,1,2,1
SF,IH2012,2020-05-21 09:31:46.300,2730.8000,2799,0,12289560.000,0,-,-,-,-,2729.4000,2729.2000,2728.2000,2728.0000,2726.8000,2731.6000,2731.8000,2732.0000,2732.6000,2733.4000,1,1,3,2,1,1,1,1,2,1
SF,IH2012,2020-05-21 09:31:46.800,2730.8000,2799,0,12289560.000,0,-,-,-,-,2729.6000,2729.4000,2728.2000,2728.0000,2726.8000,2731.6000,2731.8000,2732.0000,2732.6000,2733.4000,1,1,3,2,1,1,1,1,2,1
SF,IH2012,2020-05-21 09:31:49.800,2730.8000,2799,0,12289560.000,0,-,-,-,-,2729.6000,2729.4000,2728.2000,2728.0000,2726.8000,2731.6000,2731.8000,2732.0000,2732.6000,2733.4000,1,1,3,2,1,1,1,1,2,1
SF,IH2012,2020-05-21 09:31:50.300,2730.8000,2799,0,12289560.000,0,-,-,-,-,2729.8000,2729.6000,2728.2000,2728.0000,2726.8000,2731.6000,2731.8000,2732.0000,2732.6000,2733.4000,1,1,3,2,1,1,1,1,2,1
SF,IH2012,2020-05-21 09:31:50.800,2730.8000,2799,0,12289560.000,0,-,-,-,-,2729.8000,2729.6000,2728.2000,2728.0000,2726.8000,2731.6000,2731.8000,2732.0000,2732.6000,2733.4000,1,1,3,2,1,1,1,1,2,1
SF,IH2012,2020-05-21 09:31:52.300,2730.8000,2799,0,12289560.000,0,-,-,-,-,2730.0000,2729.8000,2728.2000,2728.0000,2726.8000,2731.6000,2731.8000,2732.0000,2732.6000,2733.4000,1,1,3,2,1,1,1,1,2,1
SF,IH2012,2020-05-21 09:31:52.800,2730.8000,2799,0,12289560.000,0,-,-,-,-,2729.8000,2728.2000,2728.0000,2726.8000,2724.6000,2731.6000,2731.8000,2732.0000,2732.6000,2733.4000,1,3,2,1,5,1,1,1,2,1
SF,IH2012,2020-05-21 09:31:53.300,2730.8000,2799,0,12289560.000,0,-,-,-,-,2730.0000,2729.8000,2729.4000,2728.2000,2728.0000,2731.6000,2731.8000,2732.0000,2732.6000,2733.4000,1,1,2,3,2,1,1,1,2,1
SF,IH2012,2020-05-21 09:31:53.800,2730.8000,2799,0,12289560.000,0,-,-,-,-,2730.2000,2730.0000,2729.8000,2729.4000,2728.2000,2731.6000,2731.8000,2732.0000,2732.6000,2733.4000,1,1,1,2,3,1,1,1,2,1
SF,IH2012,2020-05-21 09:31:54.800,2730.8000,2799,0,12289560.000,0,-,-,-,-,2730.2000,2730.0000,2729.8000,2729.4000,2728.2000,2731.6000,2731.8000,2732.0000,2732.6000,2733.4000,1,1,1,2,3,1,1,1,1,1
SF,IH2012,2020-05-21 09:31:55.300,2730.8000,2799,0,12289560.000,0,-,-,-,-,2730.2000,2730.0000,2729.8000,2729.4000,2728.2000,2731.8000,2732.0000,2732.6000,2733.4000,2733.8000,1,1,1,2,3,1,1,1,1,3
SF,IH2012,2020-05-21 09:31:59.300,2730.8000,2799,0,12289560.000,0,-,-,-,-,2730.2000,2730.0000,2729.8000,2729.4000,2728.2000,2731.8000,2732.0000,2732.6000,2733.4000,2733.8000,1,1,1,2,3,1,2,1,1,3
SF,IH2012,2020-05-21 09:31:59.800,2730.8000,2799,0,12289560.000,0,-,-,-,-,2730.4000,2730.2000,2730.0000,2729.4000,2728.2000,2731.8000,2732.0000,2732.6000,2733.4000,2733.8000,1,1,1,2,3,1,2,1,1,3
SF,IH2012,2020-05-21 09:32:00.300,2730.8000,2799,0,12289560.000,0,-,-,-,-,2730.6000,2730.4000,2730.0000,2729.4000,2728.2000,2731.8000,2732.0000,2732.6000,2733.4000,2733.8000,1,2,1,2,3,1,2,1,1,3
SF,IH2012,2020-05-21 09:32:00.800,2730.8000,2799,0,12289560.000,0,-,-,-,-,2730.8000,2730.6000,2730.0000,2729.4000,2728.2000,2731.8000,2732.0000,2732.6000,2733.4000,2733.8000,2,1,1,2,3,1,2,1,1,3
SF,IH2012,2020-05-21 09:32:05.300,2731.8000,2798,-1,13109100.000,1,0,1,双平,S,2730.8000,2730.6000,2730.0000,2729.4000,2728.2000,2732.0000,2732.6000,2733.4000,2733.8000,2736.0000,2,1,1,2,3,2,1,1,3,1
SF,IH2012,2020-05-21 09:32:05.800,2732.0000,2797,-1,13928700.000,1,0,1,双平,S,2731.0000,2730.8000,2730.0000,2729.4000,2728.2000,2732.0000,2732.6000,2733.4000,2733.8000,2736.0000,3,1,1,2,3,1,1,1,3,1
SF,IH2012,2020-05-21 09:32:06.300,2732.0000,2797,0,13928700.000,0,-,-,-,-,2731.2000,2731.0000,2730.0000,2729.4000,2728.2000,2732.0000,2732.6000,2733.4000,2733.8000,2736.0000,1,3,1,2,3,1,1,1,3,1
SF,IH2012,2020-05-21 09:32:06.800,2732.0000,2797,0,13928700.000,0,-,-,-,-,2731.4000,2731.2000,2731.0000,2730.0000,2729.4000,2732.0000,2732.6000,2733.4000,2733.8000,2736.0000,1,1,1,1,2,1,1,1,2,1
SF,IH2012,2020-05-21 09:32:07.300,2732.0000,2797,0,13928700.000,0,-,-,-,-,2731.2000,2730.0000,2729.4000,2728.2000,2728.0000,2732.0000,2732.6000,2733.4000,2733.8000,2736.0000,1,1,2,3,2,1,1,1,2,1
SF,IH2012,2020-05-21 09:32:07.800,2731.2000,2796,-1,14748060.000,1,0,1,双平,S,2730.0000,2729.4000,2728.2000,2728.0000,2726.8000,2732.0000,2732.6000,2733.4000,2733.8000,2736.0000,1,2,3,2,1,1,1,1,2,1
SF,IH2012,2020-05-21 09:32:08.300,2731.2000,2796,0,14748060.000,0,-,-,-,-,2730.2000,2730.0000,2729.4000,2728.2000,2728.0000,2732.0000,2732.6000,2733.4000,2733.8000,2736.0000,3,1,2,3,2,1,1,1,2,1
SF,IH2012,2020-05-21 09:32:08.800,2731.2000,2796,0,14748060.000,0,-,-,-,-,2730.2000,2729.4000,2728.2000,2728.0000,2726.8000,2732.0000,2732.6000,2733.4000,2733.8000,2736.0000,4,2,3,2,1,1,1,1,2,1
SF,IH2012,2020-05-21 09:32:09.800,2731.2000,2796,0,14748060.000,0,-,-,-,-,2730.4000,2730.2000,2729.4000,2728.2000,2728.0000,2732.0000,2732.6000,2733.4000,2733.8000,2736.0000,1,3,2,3,2,1,1,1,2,1
SF,IH2012,2020-05-21 09:32:10.300,2731.2000,2796,0,14748060.000,0,-,-,-,-,2730.4000,2730.2000,2729.4000,2728.2000,2728.0000,2732.0000,2732.6000,2733.4000,2733.8000,2736.0000,1,2,2,3,2,1,1,1,2,1
SF,IH2012,2020-05-21 09:32:10.800,2731.2000,2796,0,14748060.000,0,-,-,-,-,2730.4000,2730.2000,2729.4000,2728.2000,2728.0000,2732.0000,2732.6000,2733.4000,2733.8000,2736.0000,1,2,2,2,2,1,1,1,2,1
SF,IH2012,2020-05-21 09:32:12.300,2731.2000,2796,0,14748060.000,0,-,-,-,-,2730.6000,2730.4000,2730.2000,2729.4000,2728.2000,2732.0000,2732.6000,2733.4000,2733.8000,2736.0000,1,1,2,2,2,1,1,1,2,1
SF,IH2012,2020-05-21 09:32:12.800,2731.2000,2796,0,14748060.000,0,-,-,-,-,2730.8000,2730.2000,2729.4000,2728.2000,2728.0000,2732.0000,2732.6000,2733.4000,2733.8000,2736.0000,1,2,2,2,2,1,1,1,2,1
SF,IH2012,2020-05-21 09:32:13.300,2731.2000,2796,0,14748060.000,0,-,-,-,-,2730.2000,2729.4000,2728.2000,2728.0000,2726.8000,2732.0000,2732.6000,2733.4000,2733.8000,2736.0000,2,2,2,2,1,1,1,1,2,1
SF,IH2012,2020-05-21 09:32:13.800,2731.2000,2796,0,14748060.000,0,-,-,-,-,2730.4000,2730.2000,2729.4000,2728.2000,2728.0000,2732.0000,2732.6000,2733.4000,2733.8000,2736.0000,1,2,2,2,2,1,1,1,2,1
SF,IH2012,2020-05-21 09:32:14.300,2731.2000,2796,0,14748060.000,0,-,-,-,-,2730.4000,2730.2000,2729.4000,2728.2000,2728.0000,2731.8000,2732.0000,2732.6000,2733.4000,2733.8000,1,2,2,2,2,1,1,1,1,2
SF,IH2012,2020-05-21 09:32:15.300,2731.2000,2796,0,14748060.000,0,-,-,-,-,2730.4000,2730.2000,2729.4000,2728.2000,2728.0000,2731.8000,2732.0000,2732.6000,2733.4000,2733.8000,1,1,2,2,2,1,1,1,1,2
SF,IH2012,2020-05-21 09:32:16.300,2730.4000,2795,-1,15567180.000,1,0,1,双平,S,2730.2000,2729.4000,2728.2000,2728.0000,2726.8000,2731.6000,2731.8000,2732.0000,2733.4000,2733.8000,1,2,2,2,1,1,1,1,1,2
SF,IH2012,2020-05-21 09:32:16.800,2730.4000,2795,0,15567180.000,0,-,-,-,-,2729.4000,2728.2000,2728.0000,2726.8000,2724.6000,2731.4000,2731.6000,2732.0000,2733.4000,2733.8000,2,2,2,1,5,1,1,1,1,2
SF,IH2012,2020-05-21 09:32:17.300,2730.4000,2795,0,15567180.000,0,-,-,-,-,2729.6000,2729.4000,2728.2000,2728.0000,2726.8000,2731.4000,2732.0000,2733.4000,2733.8000,2736.0000,2,2,2,2,1,1,1,1,2,1
SF,IH2012,2020-05-21 09:32:18.300,2730.4000,2795,0,15567180.000,0,-,-,-,-,2729.6000,2729.4000,2728.2000,2728.0000,2726.8000,2731.4000,2732.0000,2733.4000,2733.8000,2736.0000,2,2,2,2,1,1,1,1,2,1
SF,IH2012,2020-05-21 09:32:23.800,2730.4000,2795,0,15567180.000,0,-,-,-,-,2729.6000,2729.4000,2728.2000,2728.0000,2726.8000,2731.4000,2732.0000,2733.4000,2733.8000,2736.0000,1,2,2,2,1,1,1,1,2,1
SF,IH2012,2020-05-21 09:32:24.300,2730.4000,2795,0,15567180.000,0,-,-,-,-,2729.4000,2728.2000,2728.0000,2726.8000,2724.6000,2731.2000,2731.4000,2732.0000,2733.4000,2733.8000,2,2,2,1,5,2,1,1,1,2
SF,IH2012,2020-05-21 09:32:24.800,2730.4000,2795,0,15567180.000,0,-,-,-,-,2729.4000,2728.2000,2728.0000,2726.8000,2724.6000,2731.0000,2731.2000,2732.0000,2733.4000,2733.8000,2,2,2,1,5,1,2,1,1,2
SF,IH2012,2020-05-21 09:32:25.300,2730.4000,2795,0,15567180.000,0,-,-,-,-,2729.4000,2728.2000,2728.0000,2726.8000,2724.6000,2730.8000,2731.0000,2731.2000,2732.0000,2733.4000,2,2,2,1,5,1,1,2,1,1
SF,IH2012,2020-05-21 09:32:25.800,2730.4000,2795,0,15567180.000,0,-,-,-,-,2729.4000,2728.2000,2728.0000,2726.8000,2724.6000,2730.6000,2730.8000,2731.2000,2732.0000,2733.4000,2,2,2,1,5,1,1,2,1,1
SF,IH2012,2020-05-21 09:32:26.300,2730.4000,2795,0,15567180.000,0,-,-,-,-,2729.4000,2728.2000,2728.0000,2726.8000,2724.6000,2730.4000,2730.6000,2731.2000,2732.0000,2733.4000,2,2,2,1,5,1,1,2,1,1
SF,IH2012,2020-05-21 09:32:30.800,2730.4000,2795,0,15567180.000,0,-,-,-,-,2729.4000,2729.0000,2728.2000,2728.0000,2726.8000,2730.4000,2730.6000,2731.2000,2732.0000,2733.4000,2,5,2,2,1,1,1,2,1,1
SF,IH2012,2020-05-21 09:32:31.300,2730.4000,2795,0,15567180.000,0,-,-,-,-,2729.4000,2729.0000,2728.2000,2728.0000,2726.8000,2730.2000,2730.4000,2731.2000,2732.0000,2733.4000,2,5,2,2,1,1,1,2,1,1
SF,IH2012,2020-05-21 09:32:31.800,2730.4000,2795,0,15567180.000,0,-,-,-,-,2729.6000,2729.4000,2729.0000,2728.2000,2728.0000,2730.2000,2731.2000,2732.0000,2733.4000,2733.8000,1,2,5,2,2,1,2,1,1,2
SF,IH2012,2020-05-21 09:32:34.300,2730.4000,2795,0,15567180.000,0,-,-,-,-,2729.6000,2729.0000,2728.2000,2728.0000,2726.8000,2730.2000,2731.2000,2732.0000,2733.4000,2733.8000,1,5,2,2,1,1,2,1,1,2
SF,IH2012,2020-05-21 09:32:38.300,2729.6000,2795,0,16386060.000,1,0,1,多换,S,2729.0000,2728.2000,2728.0000,2726.8000,2724.6000,2730.2000,2731.2000,2732.0000,2733.4000,2733.8000,5,2,2,1,5,1,2,1,1,2
SF,IH2012,2020-05-21 09:32:38.800,2729.6000,2795,0,16386060.000,0,-,-,-,-,2729.0000,2728.2000,2728.0000,2726.8000,2724.6000,2730.0000,2730.2000,2731.2000,2732.0000,2733.4000,5,2,2,1,5,1,1,1,1,1
SF,IH2012,2020-05-21 09:32:39.800,2730.0000,2794,-1,17205060.000,1,0,1,双平,S,2729.0000,2728.2000,2728.0000,2726.8000,2724.6000,2730.2000,2731.2000,2732.0000,2733.4000,2733.8000,5,2,2,1,5,1,1,1,1,2
SF,IH2012,2020-05-21 09:32:40.300,2730.0000,2794,0,17205060.000,0,-,-,-,-,2730.0000,2729.2000,2729.0000,2728.2000,2728.0000,2731.2000,2732.0000,2733.4000,2733.8000,2736.0000,1,4,5,2,2,1,1,1,2,1
SF,IH2012,2020-05-21 09:32:40.800,2730.0000,2794,0,17205060.000,0,-,-,-,-,2730.0000,2729.2000,2729.0000,2728.2000,2728.0000,2731.0000,2731.2000,2732.0000,2733.4000,2733.8000,1,2,6,2,2,1,1,1,1,2
SF,IH2012,2020-05-21 09:32:41.300,2730.0000,2794,0,17205060.000,0,-,-,-,-,2730.2000,2730.0000,2729.2000,2729.0000,2728.2000,2731.0000,2731.2000,2732.0000,2733.4000,2733.8000,2,1,2,6,2,1,1,1,1,2
SF,IH2012,2020-05-21 09:32:41.800,2730.0000,2794,0,17205060.000,0,-,-,-,-,2730.0000,2729.2000,2729.0000,2728.2000,2728.0000,2731.0000,2731.2000,2732.0000,2733.4000,2733.8000,1,2,6,2,2,1,1,1,1,2
SF,IH2012,2020-05-21 09:32:42.300,2730.0000,2794,0,17205060.000,0,-,-,-,-,2730.0000,2729.2000,2729.0000,2728.2000,2728.0000,2731.0000,2731.2000,2732.0000,2733.4000,2733.8000,1,1,6,2,3,1,1,1,1,2
SF,IH2012,2020-05-21 09:32:42.800,2730.0000,2794,0,17205060.000,0,-,-,-,-,2729.0000,2728.2000,2728.0000,2726.8000,2724.6000,2731.0000,2731.2000,2732.0000,2733.4000,2733.8000,6,2,3,1,5,1,1,1,1,2
SF,IH2012,2020-05-21 09:32:43.300,2730.0000,2794,0,17205060.000,0,-,-,-,-,2729.2000,2729.0000,2728.2000,2728.0000,2727.0000,2731.0000,2731.2000,2732.0000,2733.4000,2733.8000,2,6,2,3,1,2,1,1,1,2
SF,IH2012,2020-05-21 09:32:43.800,2730.0000,2794,0,17205060.000,0,-,-,-,-,2729.2000,2729.0000,2728.2000,2728.0000,2727.0000,2731.0000,2731.2000,2732.0000,2733.4000,2733.8000,3,6,2,3,1,2,1,1,1,2
SF,IH2012,2020-05-21 09:32:44.300,2730.0000,2794,0,17205060.000,0,-,-,-,-,2729.2000,2729.0000,2728.2000,2728.0000,2727.0000,2731.0000,2731.2000,2732.0000,2733.4000,2733.8000,2,6,2,3,1,2,1,1,1,2
SF,IH2012,2020-05-21 09:32:44.800,2730.0000,2794,0,17205060.000,0,-,-,-,-,2729.2000,2729.0000,2728.2000,2728.0000,2727.0000,2731.0000,2731.2000,2732.0000,2733.4000,2733.8000,2,6,2,3,1,1,1,1,1,2
SF,IH2012,2020-05-21 09:32:45.300,2730.0000,2794,0,17205060.000,0,-,-,-,-,2729.4000,2729.2000,2729.0000,2728.2000,2728.0000,2731.0000,2731.2000,2732.0000,2733.4000,2733.8000,1,2,6,2,3,1,1,1,1,2
SF,IH2012,2020-05-21 09:32:45.800,2730.0000,2794,0,17205060.000,0,-,-,-,-,2729.4000,2729.2000,2729.0000,2728.2000,2728.0000,2731.0000,2731.2000,2732.0000,2733.4000,2733.8000,1,2,6,2,3,1,1,1,1,2
SF,IH2012,2020-05-21 09:32:46.300,2730.0000,2794,0,17205060.000,0,-,-,-,-,2729.2000,2729.0000,2728.2000,2728.0000,2726.8000,2731.0000,2731.2000,2732.0000,2733.4000,2733.8000,1,6,2,3,1,1,1,1,1,2
SF,IH2012,2020-05-21 09:32:46.800,2730.0000,2794,0,17205060.000,0,-,-,-,-,2729.6000,2729.2000,2729.0000,2728.2000,2728.0000,2731.0000,2731.2000,2732.0000,2733.4000,2733.8000,1,1,6,2,3,1,1,1,1,2
SF,IH2012,2020-05-21 09:32:51.300,2730.0000,2794,0,17205060.000,0,-,-,-,-,2729.6000,2729.2000,2729.0000,2728.2000,2728.0000,2730.8000,2731.0000,2731.2000,2732.0000,2733.4000,1,1,6,2,3,1,1,1,1,1
SF,IH2012,2020-05-21 09:32:52.300,2730.0000,2794,0,17205060.000,0,-,-,-,-,2729.8000,2729.2000,2729.0000,2728.2000,2728.0000,2730.8000,2731.0000,2731.2000,2732.0000,2733.4000,2,1,6,2,3,1,1,1,1,1
SF,IH2012,2020-05-21 09:32:53.300,2730.0000,2794,0,17205060.000,0,-,-,-,-,2729.8000,2729.2000,2729.0000,2728.2000,2728.0000,2730.8000,2731.0000,2731.2000,2732.0000,2732.6000,2,1,6,2,3,1,1,1,1,1
SF,IH2012,2020-05-21 09:32:55.300,2730.0000,2794,0,17205060.000,0,-,-,-,-,2729.8000,2729.2000,2729.0000,2728.2000,2728.0000,2730.4000,2730.8000,2731.0000,2731.2000,2732.0000,2,1,6,2,3,1,1,1,1,1
SF,IH2012,2020-05-21 09:32:55.800,2730.0000,2794,0,17205060.000,0,-,-,-,-,2729.8000,2729.0000,2728.2000,2728.0000,2726.8000,2730.4000,2730.8000,2731.0000,2731.2000,2732.0000,2,6,2,3,1,1,1,1,1,1
SF,IH2012,2020-05-21 09:33:03.800,2730.0000,2794,0,17205060.000,0,-,-,-,-,2729.8000,2729.0000,2728.2000,2728.0000,2726.8000,2730.4000,2730.8000,2731.0000,2732.0000,2732.6000,2,6,2,3,1,1,1,1,1,1
SF,IH2012,2020-05-21 09:33:05.300,2730.0000,2794,0,17205060.000,0,-,-,-,-,2729.8000,2729.0000,2728.2000,2728.0000,2726.8000,2730.4000,2730.8000,2731.0000,2732.0000,2732.6000,2,6,2,3,1,1,1,1,1,1
SF,IH2012,2020-05-21 09:33:07.800,2730.4000,2794,0,18024180.000,1,0,1,多换,S,2730.4000,2729.8000,2729.0000,2728.2000,2728.0000,2730.8000,2731.0000,2732.0000,2732.6000,2733.4000,1,2,6,2,3,1,1,1,1,1
SF,IH2012,2020-05-21 09:33:08.300,2730.4000,2794,0,18024180.000,0,-,-,-,-,2730.4000,2729.0000,2728.2000,2728.0000,2726.8000,2730.8000,2731.0000,2732.0000,2732.6000,2733.4000,1,6,2,2,1,1,1,1,1,1
SF,IH2012,2020-05-21 09:33:08.800,2730.4000,2794,0,18024180.000,0,-,-,-,-,2730.4000,2729.8000,2729.0000,2728.2000,2728.0000,2730.8000,2731.0000,2732.0000,2732.6000,2733.4000,1,1,6,2,2,1,1,1,1,1
SF,IH2012,2020-05-21 09:33:14.300,2730.4000,2794,0,18024180.000,0,-,-,-,-,2729.8000,2729.0000,2728.2000,2728.0000,2726.8000,2730.8000,2731.0000,2732.0000,2732.6000,2733.4000,1,6,2,2,1,1,1,1,1,1
SF,IH2012,2020-05-21 09:33:14.800,2730.4000,2794,0,18024180.000,0,-,-,-,-,2729.8000,2729.4000,2729.0000,2728.2000,2728.0000,2730.8000,2731.0000,2732.0000,2732.6000,2733.4000,1,1,6,2,2,1,1,1,1,1
SF,IH2012,2020-05-21 09:33:15.300,2730.4000,2794,0,18024180.000,0,-,-,-,-,2730.0000,2729.8000,2729.4000,2729.0000,2728.2000,2730.8000,2732.0000,2732.6000,2733.4000,2733.8000,1,1,1,6,2,1,1,1,1,2
SF,IH2012,2020-05-21 09:33:15.800,2730.4000,2794,0,18024180.000,0,-,-,-,-,2729.8000,2729.4000,2729.0000,2728.2000,2728.0000,2730.8000,2732.0000,2732.6000,2733.4000,2733.8000,1,1,6,2,2,1,1,1,1,2
SF,IH2012,2020-05-21 09:33:18.300,2730.4000,2794,0,18024180.000,0,-,-,-,-,2730.0000,2729.8000,2729.4000,2729.0000,2728.2000,2730.8000,2732.0000,2732.6000,2733.4000,2733.8000,1,1,1,6,2,1,1,1,1,2
SF,IH2012,2020-05-21 09:33:24.800,2730.4000,2794,0,18024180.000,0,-,-,-,-,2730.0000,2729.8000,2729.4000,2729.0000,2728.2000,2730.6000,2730.8000,2732.0000,2732.6000,2733.4000,1,1,1,6,2,1,1,1,1,1
SF,IH2012,2020-05-21 09:33:27.800,2730.0000,2794,0,18843180.000,1,0,1,多换,S,2729.8000,2729.4000,2729.0000,2728.2000,2728.0000,2730.6000,2730.8000,2732.0000,2732.6000,2733.4000,1,1,6,2,2,1,1,1,1,1
SF,IH2012,2020-05-21 09:33:28.300,2730.0000,2794,0,18843180.000,0,-,-,-,-,2729.8000,2729.4000,2729.0000,2728.4000,2728.2000,2730.6000,2730.8000,2732.0000,2732.6000,2733.4000,1,1,6,1,2,1,1,1,1,1
SF,IH2012,2020-05-21 09:33:31.800,2730.0000,2794,0,18843180.000,0,-,-,-,-,2729.4000,2729.0000,2728.4000,2728.2000,2728.0000,2730.6000,2730.8000,2732.0000,2732.6000,2733.4000,1,6,1,2,2,1,1,1,1,1
SF,IH2012,2020-05-21 09:33:32.300,2730.0000,2794,0,18843180.000,0,-,-,-,-,2729.4000,2729.0000,2728.4000,2728.2000,2728.0000,2730.6000,2730.8000,2732.0000,2732.6000,2733.4000,1,6,1,2,2,1,1,1,1,1
SF,IH2012,2020-05-21 09:33:34.300,2730.0000,2794,0,18843180.000,0,-,-,-,-,2729.6000,2729.4000,2729.0000,2728.4000,2728.2000,2730.6000,2730.8000,2732.0000,2732.6000,2733.4000,1,1,6,1,2,1,1,1,1,1
SF,IH2012,2020-05-21 09:33:41.800,2730.0000,2794,0,18843180.000,0,-,-,-,-,2729.8000,2729.6000,2729.4000,2729.0000,2728.4000,2730.6000,2730.8000,2732.0000,2732.6000,2733.4000,1,1,1,6,1,1,1,1,1,1
SF,IH2012,2020-05-21 09:33:42.300,2730.0000,2794,0,18843180.000,0,-,-,-,-,2729.8000,2729.4000,2729.0000,2728.4000,2728.2000,2730.6000,2730.8000,2732.0000,2732.6000,2733.4000,1,1,6,1,2,1,1,1,1,1
SF,IH2012,2020-05-21 09:33:49.800,2729.8000,2794,0,19662120.000,1,0,1,多换,S,2729.4000,2729.0000,2728.4000,2728.2000,2728.0000,2730.6000,2730.8000,2732.0000,2732.6000,2733.4000,1,6,1,2,2,1,1,1,1,1
SF,IH2012,2020-05-21 09:33:50.300,2729.8000,2794,0,19662120.000,0,-,-,-,-,2729.4000,2729.0000,2728.4000,2728.2000,2728.0000,2730.4000,2730.6000,2730.8000,2732.0000,2732.6000,1,6,1,2,2,1,1,1,1,1
SF,IH2012,2020-05-21 09:33:54.800,2729.8000,2794,0,19662120.000,0,-,-,-,-,2729.6000,2729.4000,2729.0000,2728.4000,2728.2000,2730.4000,2730.6000,2730.8000,2732.0000,2732.6000,2,1,6,1,2,1,1,1,1,1
SF,IH2012,2020-05-21 09:33:55.300,2729.6000,2794,0,21299880.000,2,1,1,多换,S,2729.4000,2729.0000,2728.4000,2728.2000,2728.0000,2730.4000,2730.6000,2730.8000,2732.0000,2732.6000,1,6,1,2,2,1,1,1,1,1
SF,IH2012,2020-05-21 09:33:55.800,2729.6000,2794,0,21299880.000,0,-,-,-,-,2729.0000,2728.4000,2728.2000,2728.0000,2727.6000,2730.4000,2730.6000,2730.8000,2732.0000,2732.6000,6,1,2,2,1,1,1,1,1,1
SF,IH2012,2020-05-21 09:34:06.300,2729.6000,2794,0,21299880.000,0,-,-,-,-,2729.2000,2729.0000,2728.4000,2728.2000,2728.0000,2730.4000,2730.6000,2730.8000,2732.0000,2732.6000,2,5,1,2,2,1,1,1,1,1
SF,IH2012,2020-05-21 09:34:06.800,2729.6000,2794,0,21299880.000,0,-,-,-,-,2729.2000,2729.0000,2728.4000,2728.2000,2728.0000,2730.2000,2730.4000,2730.6000,2730.8000,2732.0000,2,5,1,2,2,1,1,1,1,1
SF,IH2012,2020-05-21 09:34:07.300,2729.6000,2794,0,21299880.000,0,-,-,-,-,2729.2000,2729.0000,2728.4000,2728.2000,2728.0000,2730.0000,2730.2000,2730.6000,2730.8000,2732.0000,2,5,1,2,2,1,1,1,1,1
SF,IH2012,2020-05-21 09:34:08.800,2729.6000,2794,0,21299880.000,0,-,-,-,-,2729.2000,2729.0000,2728.4000,2728.2000,2728.0000,2730.0000,2730.2000,2730.6000,2730.8000,2732.0000,2,5,1,2,2,2,1,1,1,1
SF,IH2012,2020-05-21 09:34:09.300,2729.6000,2794,0,21299880.000,0,-,-,-,-,2729.2000,2729.0000,2728.4000,2728.2000,2728.0000,2729.8000,2730.0000,2730.6000,2730.8000,2732.0000,2,5,1,2,2,1,2,1,1,1
SF,IH2012,2020-05-21 09:34:15.300,2729.2000,2794,0,22937400.000,2,1,1,多换,S,2729.0000,2728.4000,2728.2000,2728.0000,2727.6000,2729.8000,2730.0000,2730.6000,2730.8000,2732.0000,5,1,2,2,1,1,2,1,1,1
SF,IH2012,2020-05-21 09:34:15.800,2729.0000,2791,-3,25393500.000,3,0,3,双平,S,2729.0000,2728.4000,2728.2000,2728.0000,2727.6000,2729.6000,2729.8000,2730.0000,2730.6000,2730.8000,2,1,2,2,1,1,1,1,1,1
SF,IH2012,2020-05-21 09:34:18.800,2729.0000,2790,-1,26212200.000,1,0,1,双平,S,2729.0000,2728.4000,2728.2000,2728.0000,2727.6000,2729.6000,2729.8000,2730.0000,2730.6000,2730.8000,1,1,2,2,1,1,1,1,1,1
SF,IH2012,2020-05-21 09:34:19.300,2729.0000,2789,-1,27030900.000,1,0,1,双平,S,2728.4000,2728.2000,2728.0000,2727.6000,2727.0000,2729.6000,2729.8000,2730.0000,2730.6000,2730.8000,1,2,2,1,1,1,1,1,1,1
SF,IH2012,2020-05-21 09:34:23.800,2729.0000,2789,0,27030900.000,0,-,-,-,-,2728.4000,2728.2000,2728.0000,2727.6000,2727.0000,2729.6000,2729.8000,2730.0000,2730.6000,2730.8000,1,2,2,1,1,1,1,1,1,1
SF,IH2012,2020-05-21 09:34:25.800,2729.0000,2789,0,27030900.000,0,-,-,-,-,2728.4000,2728.2000,2728.0000,2727.6000,2727.0000,2729.4000,2729.6000,2729.8000,2730.0000,2730.6000,1,2,2,1,1,1,1,1,1,1
SF,IH2012,2020-05-21 09:34:35.300,2729.0000,2789,0,27030900.000,0,-,-,-,-,2728.4000,2728.2000,2728.0000,2727.6000,2727.0000,2729.4000,2729.6000,2729.8000,2730.0000,2730.6000,1,2,2,1,1,2,1,1,1,1
SF,IH2012,2020-05-21 09:34:35.800,2729.0000,2789,0,27030900.000,0,-,-,-,-,2728.4000,2728.2000,2728.0000,2727.6000,2727.0000,2729.2000,2729.4000,2730.0000,2730.6000,2730.8000,1,2,2,1,1,1,2,1,1,1
SF,IH2012,2020-05-21 09:34:36.300,2729.0000,2789,0,27030900.000,0,-,-,-,-,2728.2000,2728.0000,2727.6000,2727.0000,2726.8000,2729.2000,2729.4000,2730.0000,2730.6000,2730.8000,2,2,1,1,1,1,2,1,1,1
SF,IH2012,2020-05-21 09:34:38.800,2729.0000,2789,0,27030900.000,0,-,-,-,-,2728.2000,2728.0000,2727.6000,2727.0000,2726.8000,2729.2000,2729.4000,2730.0000,2730.6000,2730.8000,2,2,1,1,1,1,2,1,1,1
SF,IH2012,2020-05-21 09:34:39.300,2729.0000,2789,0,27030900.000,0,-,-,-,-,2728.2000,2728.0000,2727.6000,2727.0000,2726.8000,2729.2000,2729.4000,2730.0000,2730.6000,2730.8000,2,2,1,1,1,1,2,1,1,1
SF,IH2012,2020-05-21 09:34:43.300,2729.0000,2789,0,27030900.000,0,-,-,-,-,2728.2000,2728.0000,2727.6000,2727.0000,2726.8000,2729.0000,2729.2000,2729.4000,2730.0000,2730.6000,2,2,1,1,1,1,1,2,1,1
SF,IH2012,2020-05-21 09:34:43.800,2729.2000,2787,-2,28668360.000,2,0,2,双平,S,2729.0000,2728.4000,2728.2000,2728.0000,2727.6000,2729.4000,2730.0000,2730.6000,2730.8000,2732.6000,1,2,2,2,1,2,1,1,1,1
SF,IH2012,2020-05-21 09:34:44.300,2729.4000,2786,-1,30306000.000,2,0,2,多平,S,2729.4000,2729.0000,2728.4000,2728.2000,2728.0000,2730.0000,2730.6000,2730.8000,2732.6000,2733.8000,1,1,1,2,2,1,1,1,1,2
SF,IH2012,2020-05-21 09:34:44.800,2729.4000,2786,0,30306000.000,0,-,-,-,-,2729.4000,2729.0000,2728.2000,2728.0000,2727.6000,2730.0000,2730.6000,2730.8000,2732.6000,2733.8000,1,1,2,2,1,1,1,1,1,2
SF,IH2012,2020-05-21 09:34:54.300,2729.4000,2786,0,30306000.000,0,-,-,-,-,2729.4000,2729.0000,2728.2000,2728.0000,2727.6000,2730.0000,2730.6000,2730.8000,2732.6000,2733.8000,1,1,2,2,1,1,1,1,1,2
SF,IH2012,2020-05-21 09:34:56.800,2729.4000,2786,0,31124820.000,1,0,1,多换,S,2729.0000,2728.4000,2728.2000,2728.0000,2727.6000,2730.0000,2730.6000,2730.8000,2732.6000,2733.8000,1,1,2,2,1,1,1,1,1,2
SF,IH2012,2020-05-21 09:34:57.300,2729.4000,2786,0,31124820.000,0,-,-,-,-,2729.0000,2728.4000,2728.2000,2728.0000,2727.6000,2730.0000,2730.6000,2730.8000,2732.6000,2733.8000,1,1,2,2,1,1,1,1,1,2
SF,IH2012,2020-05-21 09:35:01.800,2730.0000,2785,-1,31943820.000,1,0,1,双平,S,2730.0000,2729.0000,2728.4000,2728.2000,2728.0000,2730.6000,2730.8000,2732.6000,2733.8000,2734.2000,1,1,1,2,2,1,1,1,2,1
SF,IH2012,2020-05-21 09:35:02.300,2730.0000,2785,0,31943820.000,0,-,-,-,-,2730.0000,2729.0000,2728.4000,2728.2000,2728.0000,2730.6000,2730.8000,2732.6000,2733.8000,2734.2000,1,1,1,2,2,1,1,1,2,1
SF,IH2012,2020-05-21 09:35:02.800,2730.0000,2785,0,31943820.000,0,-,-,-,-,2730.0000,2729.0000,2728.4000,2728.2000,2728.0000,2730.6000,2730.8000,2732.6000,2733.8000,2734.2000,1,4,1,2,2,1,1,1,2,1
SF,IH2012,2020-05-21 09:35:03.300,2730.0000,2785,0,31943820.000,0,-,-,-,-,2730.0000,2729.0000,2728.4000,2728.2000,2728.0000,2730.6000,2732.6000,2733.8000,2734.2000,2736.0000,1,4,1,2,2,1,1,2,1,1
SF,IH2012,2020-05-21 09:35:05.300,2730.6000,2784,-1,32763000.000,1,0,1,双平,S,2730.0000,2729.0000,2728.4000,2728.2000,2728.0000,2732.6000,2733.8000,2734.2000,2736.0000,2737.8000,1,4,1,2,2,1,2,1,1,1
SF,IH2012,2020-05-21 09:35:05.800,2730.6000,2784,0,32763000.000,0,-,-,-,-,2730.2000,2730.0000,2729.0000,2728.4000,2728.2000,2731.2000,2732.4000,2732.6000,2733.8000,2734.2000,1,1,4,1,2,1,1,1,2,1
SF,IH2012,2020-05-21 09:35:06.300,2730.6000,2784,0,32763000.000,0,-,-,-,-,2730.0000,2729.0000,2728.4000,2728.2000,2728.0000,2731.2000,2732.4000,2732.6000,2733.8000,2734.2000,1,4,1,2,2,1,1,1,2,1
SF,IH2012,2020-05-21 09:35:06.800,2730.6000,2784,0,32763000.000,0,-,-,-,-,2730.2000,2730.0000,2729.0000,2728.4000,2728.2000,2731.2000,2732.4000,2732.6000,2733.8000,2734.2000,2,1,4,1,2,1,1,1,2,1
SF,IH2012,2020-05-21 09:35:07.300,2730.6000,2784,0,32763000.000,0,-,-,-,-,2730.2000,2730.0000,2729.0000,2728.4000,2728.2000,2732.4000,2732.6000,2733.8000,2734.2000,2736.0000,2,1,4,1,2,1,1,2,1,1
SF,IH2012,2020-05-21 09:35:07.800,2730.6000,2784,0,32763000.000,0,-,-,-,-,2730.4000,2730.2000,2730.0000,2729.0000,2728.4000,2731.6000,2732.4000,2732.6000,2733.8000,2734.2000,1,2,1,4,1,1,1,1,2,1
SF,IH2012,2020-05-21 09:35:08.300,2730.6000,2784,0,32763000.000,0,-,-,-,-,2730.0000,2729.0000,2728.4000,2728.2000,2728.0000,2731.6000,2732.4000,2732.6000,2733.8000,2734.2000,1,4,1,2,2,1,1,1,2,1
SF,IH2012,2020-05-21 09:35:08.800,2730.6000,2784,0,32763000.000,0,-,-,-,-,2730.6000,2730.2000,2730.0000,2729.0000,2728.4000,2731.6000,2732.4000,2732.6000,2733.8000,2734.2000,2,1,1,4,1,1,1,1,2,1
SF,IH2012,2020-05-21 09:35:15.800,2730.6000,2784,0,32763000.000,0,-,-,-,-,2730.6000,2730.2000,2730.0000,2729.0000,2728.4000,2731.4000,2731.6000,2732.4000,2732.6000,2733.8000,2,1,1,4,1,1,1,1,1,2
SF,IH2012,2020-05-21 09:35:16.300,2730.6000,2784,0,32763000.000,0,-,-,-,-,2730.0000,2729.0000,2728.4000,2728.2000,2728.0000,2731.4000,2731.6000,2732.4000,2732.6000,2733.8000,1,4,1,2,2,1,1,1,1,2
SF,IH2012,2020-05-21 09:35:17.300,2730.6000,2784,0,32763000.000,0,-,-,-,-,2730.0000,2729.0000,2728.4000,2728.2000,2728.0000,2731.0000,2731.4000,2731.6000,2732.4000,2732.6000,1,4,1,2,2,1,1,1,1,1
SF,IH2012,2020-05-21 09:35:18.800,2730.6000,2784,0,32763000.000,0,-,-,-,-,2730.0000,2729.0000,2728.4000,2728.2000,2728.0000,2731.0000,2731.6000,2732.4000,2732.6000,2733.8000,1,4,1,2,2,1,1,1,1,2
SF,IH2012,2020-05-21 09:35:27.300,2730.6000,2784,0,32763000.000,0,-,-,-,-,2730.0000,2729.0000,2728.4000,2728.2000,2728.0000,2731.0000,2731.6000,2732.4000,2732.6000,2733.8000,1,4,1,2,2,1,1,1,1,2
SF,IH2012,2020-05-21 09:35:30.800,2730.6000,2784,0,32763000.000,0,-,-,-,-,2729.0000,2728.4000,2728.2000,2728.0000,2726.8000,2731.0000,2731.6000,2732.4000,2732.6000,2733.8000,4,1,2,2,1,1,1,1,1,2
SF,IH2012,2020-05-21 09:35:31.300,2730.6000,2784,0,32763000.000,0,-,-,-,-,2729.2000,2729.0000,2728.4000,2728.2000,2728.0000,2731.0000,2731.6000,2732.6000,2733.8000,2734.2000,2,4,1,2,2,1,1,1,2,1
SF,IH2012,2020-05-21 09:35:31.800,2730.6000,2784,0,32763000.000,0,-,-,-,-,2729.2000,2729.0000,2728.4000,2728.2000,2728.0000,2730.8000,2731.0000,2731.6000,2732.6000,2733.8000,3,4,1,2,2,1,1,1,1,2
SF,IH2012,2020-05-21 09:35:32.300,2730.6000,2784,0,32763000.000,0,-,-,-,-,2730.2000,2729.2000,2729.0000,2728.4000,2728.2000,2730.8000,2731.0000,2731.6000,2732.6000,2733.8000,2,2,4,1,2,1,1,1,1,2
SF,IH2012,2020-05-21 09:35:32.800,2730.2000,2784,0,34401120.000,2,1,1,多换,S,2729.2000,2729.0000,2728.4000,2728.2000,2728.0000,2730.2000,2730.8000,2731.0000,2731.6000,2732.6000,1,4,1,2,2,1,1,1,1,1
SF,IH2012,2020-05-21 09:35:33.300,2730.2000,2784,0,34401120.000,0,-,-,-,-,2729.4000,2729.0000,2728.4000,2728.2000,2728.0000,2731.0000,2731.4000,2731.6000,2732.6000,2733.8000,1,4,1,2,2,1,1,1,1,2
SF,IH2012,2020-05-21 09:35:33.800,2730.2000,2784,0,34401120.000,0,-,-,-,-,2729.4000,2729.0000,2728.4000,2728.2000,2728.0000,2731.0000,2731.4000,2731.6000,2732.6000,2733.8000,1,4,1,2,2,1,1,1,2,2
SF,IH2012,2020-05-21 09:35:34.800,2730.2000,2784,0,34401120.000,0,-,-,-,-,2729.0000,2728.4000,2728.2000,2728.0000,2727.2000,2731.0000,2731.4000,2731.6000,2732.6000,2733.8000,4,1,2,2,1,1,1,1,2,2
SF,IH2012,2020-05-21 09:35:35.300,2730.2000,2784,0,34401120.000,0,-,-,-,-,2729.2000,2729.0000,2728.4000,2728.2000,2728.0000,2731.0000,2731.4000,2731.6000,2732.6000,2733.8000,3,4,1,2,2,1,1,1,2,2
SF,IH2012,2020-05-21 09:35:41.300,2730.2000,2784,0,34401120.000,0,-,-,-,-,2729.4000,2729.2000,2729.0000,2728.4000,2728.2000,2731.0000,2731.4000,2731.6000,2732.6000,2733.8000,2,3,4,1,2,1,1,1,2,2
SF,IH2012,2020-05-21 09:35:41.800,2730.2000,2784,0,34401120.000,0,-,-,-,-,2729.4000,2729.2000,2729.0000,2728.4000,2728.2000,2730.8000,2731.0000,2731.4000,2731.6000,2732.6000,2,3,4,1,2,1,1,1,1,2
SF,IH2012,2020-05-21 09:35:42.300,2730.2000,2784,0,34401120.000,0,-,-,-,-,2729.4000,2729.2000,2729.0000,2728.4000,2728.2000,2730.8000,2731.0000,2731.4000,2731.6000,2732.6000,2,1,4,1,2,1,1,1,1,2
SF,IH2012,2020-05-21 09:35:42.800,2730.2000,2784,0,34401120.000,0,-,-,-,-,2729.4000,2729.2000,2729.0000,2728.4000,2728.2000,2730.6000,2730.8000,2731.0000,2731.4000,2731.6000,2,1,4,1,2,1,1,1,1,1
SF,IH2012,2020-05-21 09:35:45.300,2729.4000,2784,0,35219940.000,1,0,1,多换,S,2729.4000,2729.2000,2729.0000,2728.4000,2728.2000,2730.6000,2730.8000,2731.0000,2731.4000,2732.6000,1,1,4,1,2,1,1,1,1,2
SF,IH2012,2020-05-21 09:35:45.800,2729.4000,2784,0,35219940.000,0,-,-,-,-,2729.4000,2729.0000,2728.4000,2728.2000,2728.0000,2730.6000,2731.0000,2731.4000,2732.6000,2733.8000,1,4,1,2,2,1,1,1,2,2
SF,IH2012,2020-05-21 09:35:46.300,2729.4000,2784,0,35219940.000,0,-,-,-,-,2729.4000,2729.0000,2728.4000,2728.2000,2728.0000,2731.0000,2731.4000,2732.6000,2733.8000,2734.2000,1,4,1,2,2,1,1,2,2,1
SF,IH2012,2020-05-21 09:35:46.800,2729.4000,2784,0,35219940.000,0,-,-,-,-,2729.4000,2729.0000,2728.4000,2728.2000,2728.0000,2730.8000,2731.0000,2731.4000,2732.6000,2733.8000,1,4,1,2,2,1,1,1,2,2
SF,IH2012,2020-05-21 09:35:47.800,2729.4000,2784,0,35219940.000,0,-,-,-,-,2729.4000,2729.0000,2728.4000,2728.2000,2728.0000,2730.6000,2730.8000,2731.0000,2731.4000,2732.6000,1,4,1,2,2,1,1,1,1,2
SF,IH2012,2020-05-21 09:35:50.800,2729.4000,2784,0,35219940.000,0,-,-,-,-,2729.6000,2729.4000,2729.0000,2728.4000,2728.2000,2730.6000,2730.8000,2731.0000,2731.4000,2732.6000,1,1,4,1,2,1,1,1,1,2
SF,IH2012,2020-05-21 09:35:51.300,2729.4000,2784,0,35219940.000,0,-,-,-,-,2729.6000,2729.4000,2729.0000,2728.4000,2728.2000,2730.6000,2730.8000,2731.0000,2731.4000,2732.6000,1,1,4,1,2,1,1,1,1,2
SF,IH2012,2020-05-21 09:35:54.800,2730.6000,2783,-1,36039120.000,1,0,1,双平,S,2730.6000,2729.6000,2729.4000,2729.0000,2728.4000,2730.8000,2731.0000,2731.4000,2732.6000,2733.8000,1,1,1,4,1,1,1,1,2,2
SF,IH2012,2020-05-21 09:35:55.300,2730.6000,2783,0,36039120.000,0,-,-,-,-,2729.4000,2729.0000,2728.4000,2728.2000,2728.0000,2730.4000,2730.6000,2730.8000,2731.0000,2731.4000,1,4,1,2,2,1,1,1,1,1
SF,IH2012,2020-05-21 09:35:55.800,2730.4000,2782,-1,36858240.000,1,0,1,双平,S,2729.6000,2729.4000,2729.0000,2728.4000,2728.2000,2730.6000,2731.0000,2731.4000,2732.6000,2733.8000,1,1,4,1,2,1,1,1,2,2
SF,IH2012,2020-05-21 09:35:56.300,2730.4000,2782,0,36858240.000,0,-,-,-,-,2729.6000,2729.4000,2729.0000,2728.4000,2728.2000,2730.2000,2730.6000,2731.0000,2731.4000,2732.6000,1,1,4,1,2,1,1,1,1,2
SF,IH2012,2020-05-21 09:35:56.800,2730.2000,2782,0,37677300.000,1,0,1,多换,S,2729.6000,2729.4000,2729.0000,2728.4000,2728.2000,2730.6000,2731.0000,2731.4000,2732.6000,2733.8000,1,1,4,1,2,1,1,1,1,2
SF,IH2012,2020-05-21 09:35:57.300,2730.2000,2782,0,37677300.000,0,-,-,-,-,2729.6000,2729.4000,2729.0000,2728.4000,2728.2000,2730.4000,2730.6000,2731.0000,2731.4000,2732.2000,1,1,4,1,2,1,1,1,1,1
SF,IH2012,2020-05-21 09:36:07.300,2730.2000,2782,0,37677300.000,0,-,-,-,-,2729.8000,2729.6000,2729.4000,2729.0000,2728.4000,2730.4000,2730.6000,2731.0000,2731.4000,2732.2000,2,1,1,4,1,1,1,1,1,1
SF,IH2012,2020-05-21 09:36:10.300,2730.2000,2782,0,37677300.000,0,-,-,-,-,2729.8000,2729.6000,2729.4000,2729.0000,2728.4000,2730.4000,2730.6000,2731.0000,2731.4000,2732.2000,2,1,1,4,1,1,1,1,1,1
SF,IH2012,2020-05-21 09:36:10.800,2730.2000,2782,0,37677300.000,0,-,-,-,-,2729.8000,2729.4000,2729.0000,2728.4000,2728.2000,2730.4000,2730.6000,2731.0000,2731.4000,2732.2000,2,1,4,1,2,1,1,1,1,1
SF,IH2012,2020-05-21 09:36:12.800,2730.4000,2781,-1,38496420.000,1,0,1,双平,S,2729.8000,2729.4000,2729.0000,2728.4000,2728.2000,2730.6000,2731.0000,2731.4000,2732.2000,2732.6000,2,1,4,1,2,1,1,1,1,1
SF,IH2012,2020-05-21 09:36:13.300,2730.4000,2781,0,38496420.000,0,-,-,-,-,2729.8000,2729.4000,2729.0000,2728.4000,2728.2000,2731.0000,2731.4000,2732.2000,2732.6000,2733.8000,2,1,4,1,2,1,1,1,1,2
SF,IH2012,2020-05-21 09:36:13.800,2730.4000,2781,0,38496420.000,0,-,-,-,-,2729.8000,2729.4000,2729.0000,2728.4000,2728.2000,2731.0000,2731.4000,2732.2000,2732.6000,2732.8000,2,1,4,1,2,1,1,1,1,1
SF,IH2012,2020-05-21 09:36:17.300,2731.0000,2781,0,39315720.000,1,0,1,多换,S,2731.0000,2730.0000,2729.8000,2729.4000,2729.0000,2731.4000,2732.2000,2732.6000,2732.8000,2733.8000,1,1,2,1,4,1,1,1,1,2
SF,IH2012,2020-05-21 09:36:17.800,2731.0000,2781,0,40135020.000,1,0,1,多换,S,2729.8000,2729.4000,2729.0000,2728.2000,2728.0000,2731.4000,2732.2000,2732.6000,2732.8000,2733.8000,2,1,4,2,2,1,1,1,1,2
SF,IH2012,2020-05-21 09:36:18.300,2731.0000,2781,0,40135020.000,0,-,-,-,-,2730.0000,2729.8000,2729.4000,2729.0000,2728.2000,2731.4000,2732.2000,2732.6000,2732.8000,2733.0000,1,2,1,4,2,1,1,1,1,1
SF,IH2012,2020-05-21 09:36:18.800,2731.0000,2781,0,40135020.000,0,-,-,-,-,2730.0000,2729.8000,2729.4000,2729.0000,2728.2000,2731.4000,2732.2000,2732.6000,2732.8000,2733.0000,3,2,1,4,2,1,1,1,1,1
SF,IH2012,2020-05-21 09:36:22.300,2731.0000,2781,0,40135020.000,0,-,-,-,-,2730.0000,2729.8000,2729.4000,2729.0000,2728.2000,2732.2000,2732.6000,2732.8000,2733.0000,2733.8000,3,2,1,4,2,1,1,1,1,2
SF,IH2012,2020-05-21 09:36:22.800,2731.0000,2781,0,40135020.000,0,-,-,-,-,2730.2000,2730.0000,2729.8000,2729.4000,2729.0000,2732.2000,2732.6000,2732.8000,2733.0000,2733.8000,4,3,2,1,4,1,1,1,1,2
SF,IH2012,2020-05-21 09:36:23.300,2731.0000,2781,0,40135020.000,0,-,-,-,-,2730.4000,2730.2000,2729.8000,2729.4000,2729.0000,2732.2000,2732.6000,2732.8000,2733.0000,2733.8000,2,4,2,1,4,1,1,1,1,2
SF,IH2012,2020-05-21 09:36:23.800,2731.0000,2781,0,40135020.000,0,-,-,-,-,2730.6000,2730.4000,2730.2000,2729.8000,2729.4000,2732.2000,2732.6000,2732.8000,2733.0000,2733.8000,2,2,3,2,1,1,1,1,1,2
SF,IH2012,2020-05-21 09:36:25.300,2731.0000,2781,0,40135020.000,0,-,-,-,-,2730.6000,2730.2000,2729.8000,2729.4000,2729.0000,2732.2000,2732.6000,2732.8000,2733.0000,2733.8000,2,3,2,1,4,1,1,1,1,2
SF,IH2012,2020-05-21 09:36:27.300,2731.0000,2781,0,40135020.000,0,-,-,-,-,2730.8000,2730.6000,2730.2000,2729.8000,2729.4000,2732.2000,2732.6000,2732.8000,2733.0000,2733.8000,1,2,3,2,1,1,1,1,1,2
SF,IH2012,2020-05-21 09:36:27.800,2731.0000,2781,0,40135020.000,0,-,-,-,-,2730.8000,2730.6000,2730.2000,2729.8000,2729.4000,2732.2000,2732.6000,2732.8000,2733.0000,2733.8000,2,2,3,2,1,1,1,1,1,2
SF,IH2012,2020-05-21 09:36:28.300,2731.0000,2781,0,40135020.000,0,-,-,-,-,2730.8000,2730.6000,2730.2000,2729.8000,2729.4000,2732.2000,2732.6000,2732.8000,2733.0000,2733.8000,2,1,3,2,1,1,1,1,1,2
SF,IH2012,2020-05-21 09:36:28.800,2731.0000,2781,0,40135020.000,0,-,-,-,-,2731.0000,2730.8000,2730.6000,2730.2000,2729.8000,2732.2000,2732.6000,2732.8000,2733.0000,2733.8000,1,2,1,3,2,1,1,1,1,2
SF,IH2012,2020-05-21 09:36:29.300,2731.0000,2781,0,40135020.000,0,-,-,-,-,2731.0000,2730.6000,2730.2000,2729.8000,2729.4000,2732.2000,2732.6000,2732.8000,2733.0000,2733.8000,1,1,3,2,1,1,1,1,1,2
SF,IH2012,2020-05-21 09:36:29.800,2731.0000,2781,0,40135020.000,0,-,-,-,-,2731.0000,2730.2000,2729.8000,2729.4000,2729.0000,2732.2000,2732.6000,2732.8000,2733.0000,2733.8000,1,3,2,1,4,1,1,1,1,2
SF,IH2012,2020-05-21 09:36:30.300,2731.0000,2781,0,40135020.000,0,-,-,-,-,2730.2000,2729.8000,2729.4000,2729.0000,2728.2000,2732.2000,2732.6000,2732.8000,2733.0000,2733.8000,3,2,1,4,2,1,1,1,1,2
SF,IH2012,2020-05-21 09:36:30.800,2731.0000,2781,0,40135020.000,0,-,-,-,-,2730.4000,2730.2000,2729.8000,2729.4000,2729.0000,2732.2000,2732.6000,2732.8000,2733.0000,2733.8000,1,2,2,1,4,1,1,1,1,2
SF,IH2012,2020-05-21 09:36:45.300,2731.0000,2781,0,40135020.000,0,-,-,-,-,2730.4000,2730.2000,2729.8000,2729.4000,2729.0000,2732.2000,2732.8000,2733.0000,2733.8000,2734.2000,1,2,2,1,4,1,1,1,2,2
SF,IH2012,2020-05-21 09:36:52.300,2731.0000,2781,0,40135020.000,0,-,-,-,-,2730.6000,2730.4000,2730.2000,2729.8000,2729.4000,2732.2000,2732.8000,2733.0000,2733.8000,2734.2000,1,1,2,2,1,1,1,1,2,2
SF,IH2012,2020-05-21 09:36:52.800,2731.0000,2781,0,40135020.000,0,-,-,-,-,2730.8000,2730.6000,2730.2000,2729.8000,2729.4000,2732.2000,2732.8000,2733.0000,2733.8000,2734.2000,2,1,2,2,1,1,1,1,2,2
SF,IH2012,2020-05-21 09:36:53.300,2731.0000,2781,0,40135020.000,0,-,-,-,-,2731.0000,2730.8000,2730.6000,2730.2000,2729.8000,2732.2000,2732.8000,2733.0000,2733.8000,2734.2000,1,2,1,2,2,1,1,1,2,2
SF,IH2012,2020-05-21 09:36:54.800,2731.0000,2781,0,40135020.000,0,-,-,-,-,2731.0000,2730.6000,2730.2000,2729.8000,2729.4000,2732.2000,2732.8000,2733.0000,2733.8000,2734.2000,1,1,2,2,1,1,1,1,2,2
SF,IH2012,2020-05-21 09:36:55.300,2731.0000,2781,0,40135020.000,0,-,-,-,-,2731.2000,2731.0000,2730.6000,2730.2000,2729.8000,2732.2000,2732.8000,2733.0000,2733.8000,2734.2000,1,1,1,2,2,1,1,1,2,2
SF,IH2012,2020-05-21 09:36:55.800,2732.2000,2780,-1,40954680.000,1,0,1,双平,S,2731.2000,2731.0000,2730.6000,2730.2000,2729.8000,2732.8000,2733.0000,2733.8000,2734.2000,2736.0000,1,1,1,2,2,1,1,2,2,1
SF,IH2012,2020-05-21 09:36:56.300,2732.2000,2780,0,40954680.000,0,-,-,-,-,2731.0000,2730.6000,2730.2000,2729.8000,2729.4000,2732.8000,2733.0000,2733.8000,2734.2000,2736.0000,1,1,2,2,1,1,1,2,2,1
SF,IH2012,2020-05-21 09:36:57.800,2732.2000,2780,0,40954680.000,0,-,-,-,-,2731.0000,2730.6000,2730.2000,2729.8000,2729.4000,2732.0000,2732.8000,2733.0000,2733.8000,2734.2000,1,1,2,2,1,1,1,1,2,2
SF,IH2012,2020-05-21 09:37:01.300,2732.0000,2779,-1,41774280.000,1,0,1,双平,S,2731.0000,2730.6000,2730.2000,2729.8000,2729.4000,2732.8000,2733.0000,2733.8000,2734.2000,2736.0000,1,1,2,2,1,1,1,2,2,1
SF,IH2012,2020-05-21 09:37:02.800,2732.0000,2779,0,41774280.000,0,-,-,-,-,2731.4000,2731.0000,2730.6000,2730.2000,2729.8000,2732.8000,2733.0000,2733.8000,2734.2000,2736.0000,1,1,1,2,2,1,1,2,2,1
SF,IH2012,2020-05-21 09:37:03.300,2732.0000,2779,0,41774280.000,0,-,-,-,-,2731.4000,2730.6000,2730.2000,2729.8000,2729.4000,2732.8000,2733.0000,2733.8000,2734.2000,2736.0000,1,1,2,2,1,1,1,2,2,1
SF,IH2012,2020-05-21 09:37:03.800,2732.0000,2779,0,41774280.000,0,-,-,-,-,2731.6000,2731.4000,2730.6000,2730.2000,2729.8000,2732.8000,2733.0000,2733.8000,2734.2000,2736.0000,1,1,1,2,2,1,1,2,2,1
SF,IH2012,2020-05-21 09:37:04.300,2732.0000,2779,0,41774280.000,0,-,-,-,-,2731.8000,2731.6000,2730.6000,2730.2000,2729.8000,2732.8000,2733.0000,2733.8000,2734.2000,2736.0000,2,1,1,2,2,1,1,2,2,1
SF,IH2012,2020-05-21 09:37:04.800,2732.8000,2778,-1,42594120.000,1,0,1,双平,S,2731.8000,2730.6000,2730.2000,2729.8000,2729.4000,2733.0000,2733.8000,2734.2000,2736.0000,2736.4000,2,1,2,2,1,1,2,2,1,1
SF,IH2012,2020-05-21 09:37:05.300,2732.8000,2778,0,42594120.000,0,-,-,-,-,2732.0000,2730.6000,2730.2000,2729.8000,2729.4000,2733.0000,2733.8000,2734.2000,2736.0000,2736.4000,3,1,2,2,1,1,2,2,1,1
SF,IH2012,2020-05-21 09:37:06.300,2732.8000,2778,0,42594120.000,0,-,-,-,-,2732.0000,2731.6000,2730.6000,2730.2000,2729.8000,2733.0000,2733.8000,2734.2000,2736.0000,2736.4000,3,2,1,2,2,1,2,2,1,1
SF,IH2012,2020-05-21 09:37:16.300,2733.0000,2777,-1,43414020.000,1,0,1,双平,S,2732.0000,2731.6000,2730.6000,2730.2000,2729.8000,2733.8000,2734.2000,2736.0000,2736.4000,2737.8000,3,2,1,2,2,2,2,1,1,1
SF,IH2012,2020-05-21 09:37:16.800,2733.0000,2777,0,43414020.000,0,-,-,-,-,2732.2000,2732.0000,2731.6000,2730.6000,2730.2000,2733.8000,2734.2000,2735.4000,2736.0000,2736.4000,1,3,2,1,2,2,2,1,1,1
SF,IH2012,2020-05-21 09:37:17.300,2733.0000,2777,0,43414020.000,0,-,-,-,-,2732.2000,2732.0000,2731.6000,2730.6000,2730.2000,2733.8000,2734.2000,2735.4000,2736.0000,2736.4000,1,1,2,1,2,2,2,1,1,1
SF,IH2012,2020-05-21 09:37:17.800,2733.0000,2777,0,43414020.000,0,-,-,-,-,2732.4000,2732.2000,2732.0000,2731.6000,2730.6000,2733.8000,2734.2000,2735.4000,2736.0000,2736.4000,1,1,1,2,1,2,2,1,1,1
SF,IH2012,2020-05-21 09:37:29.300,2733.0000,2777,0,43414020.000,0,-,-,-,-,2732.4000,2732.2000,2732.0000,2731.6000,2730.6000,2733.8000,2734.2000,2735.4000,2736.0000,2736.4000,1,1,1,2,1,1,2,1,1,1
SF,IH2012,2020-05-21 09:37:30.800,2733.0000,2777,0,43414020.000,0,-,-,-,-,2732.6000,2732.4000,2732.2000,2732.0000,2731.6000,2733.8000,2734.2000,2735.4000,2736.0000,2736.4000,1,1,1,1,2,1,2,1,1,1
SF,IH2012,2020-05-21 09:37:31.300,2733.0000,2777,0,43414020.000,0,-,-,-,-,2732.4000,2732.2000,2732.0000,2731.6000,2730.2000,2733.8000,2734.2000,2735.4000,2736.0000,2736.4000,1,1,1,2,2,1,2,1,1,1
SF,IH2012,2020-05-21 09:37:31.800,2733.0000,2777,0,43414020.000,0,-,-,-,-,2732.2000,2731.6000,2730.2000,2729.8000,2729.4000,2733.8000,2734.2000,2735.4000,2736.0000,2736.4000,1,2,2,2,1,1,2,1,1,1
SF,IH2012,2020-05-21 09:37:32.300,2733.0000,2777,0,43414020.000,0,-,-,-,-,2732.4000,2732.2000,2731.6000,2730.2000,2729.8000,2733.8000,2734.2000,2735.4000,2736.0000,2736.4000,3,1,2,2,2,1,2,1,1,1
SF,IH2012,2020-05-21 09:37:42.300,2733.0000,2777,0,43414020.000,0,-,-,-,-,2732.4000,2732.2000,2731.6000,2730.2000,2729.8000,2733.8000,2734.2000,2735.4000,2736.0000,2736.4000,1,1,2,2,2,1,2,1,1,1
SF,IH2012,2020-05-21 09:37:42.800,2733.0000,2777,0,43414020.000,0,-,-,-,-,2731.6000,2730.2000,2729.8000,2729.4000,2729.0000,2733.6000,2733.8000,2734.2000,2735.4000,2736.0000,2,2,2,1,3,1,1,2,1,1
SF,IH2012,2020-05-21 09:37:43.300,2733.0000,2777,0,43414020.000,0,-,-,-,-,2731.8000,2731.6000,2730.2000,2729.8000,2729.4000,2733.6000,2733.8000,2734.2000,2735.4000,2736.0000,1,2,2,2,1,1,1,2,1,1
SF,IH2012,2020-05-21 09:37:45.800,2733.0000,2777,0,43414020.000,0,-,-,-,-,2733.0000,2731.8000,2731.6000,2730.2000,2729.8000,2733.6000,2733.8000,2734.2000,2735.4000,2736.0000,2,1,2,2,2,1,1,2,1,1
SF,IH2012,2020-05-21 09:37:49.800,2733.0000,2777,0,43414020.000,0,-,-,-,-,2733.0000,2731.8000,2731.6000,2730.2000,2729.8000,2733.6000,2733.8000,2734.2000,2735.4000,2736.0000,4,1,2,2,2,1,1,2,1,1
SF,IH2012,2020-05-21 09:37:50.300,2733.0000,2777,0,43414020.000,0,-,-,-,-,2733.0000,2731.8000,2731.6000,2730.2000,2729.8000,2733.8000,2734.2000,2735.4000,2736.0000,2736.4000,4,1,2,2,2,1,2,1,1,1
SF,IH2012,2020-05-21 09:37:54.300,2733.8000,2777,0,44234160.000,1,0,1,多换,S,2733.8000,2733.0000,2731.8000,2731.6000,2730.2000,2734.2000,2735.4000,2736.0000,2736.4000,2737.8000,2,4,1,2,2,2,1,1,1,1
SF,IH2012,2020-05-21 09:37:54.800,2733.8000,2775,-2,45874440.000,2,0,2,双平,S,2733.0000,2731.8000,2731.6000,2730.2000,2729.8000,2734.2000,2735.4000,2736.0000,2736.4000,2737.8000,4,1,2,2,2,2,1,1,1,1
SF,IH2012,2020-05-21 09:37:55.800,2733.8000,2775,0,45874440.000,0,-,-,-,-,2733.2000,2733.0000,2731.8000,2731.6000,2730.2000,2734.2000,2735.4000,2736.0000,2736.4000,2737.8000,1,4,1,2,2,2,1,1,1,1
SF,IH2012,2020-05-21 09:37:56.300,2733.8000,2775,0,45874440.000,0,-,-,-,-,2733.0000,2731.8000,2731.6000,2730.2000,2729.8000,2734.2000,2735.4000,2736.0000,2736.4000,2737.8000,4,1,2,2,2,2,1,1,1,1
SF,IH2012,2020-05-21 09:37:59.300,2733.8000,2775,0,45874440.000,0,-,-,-,-,2733.0000,2731.8000,2731.6000,2730.2000,2729.8000,2734.0000,2734.2000,2735.4000,2736.0000,2736.4000,4,1,2,2,2,1,2,1,1,1
SF,IH2012,2020-05-21 09:37:59.800,2733.8000,2775,0,45874440.000,0,-,-,-,-,2733.0000,2731.8000,2731.6000,2730.2000,2729.8000,2734.0000,2734.2000,2735.4000,2736.0000,2736.4000,4,1,2,2,2,2,2,1,1,1
SF,IH2012,2020-05-21 09:38:00.300,2733.8000,2775,0,45874440.000,0,-,-,-,-,2733.8000,2733.0000,2731.8000,2731.6000,2730.2000,2734.0000,2734.2000,2735.4000,2736.0000,2736.4000,2,4,1,2,2,2,2,1,1,1
SF,IH2012,2020-05-21 09:38:02.300,2733.8000,2776,1,46694580.000,1,1,0,双开,S,2733.8000,2733.0000,2731.8000,2731.6000,2730.2000,2734.2000,2735.4000,2736.0000,2736.4000,2737.8000,1,4,1,2,2,2,1,1,1,1
SF,IH2012,2020-05-21 09:38:02.800,2733.8000,2776,0,46694580.000,0,-,-,-,-,2733.8000,2733.0000,2731.8000,2731.6000,2730.2000,2734.2000,2734.8000,2735.4000,2736.0000,2736.4000,1,4,1,2,2,2,1,1,1,1
SF,IH2012,2020-05-21 09:38:03.300,2733.8000,2776,0,46694580.000,0,-,-,-,-,2733.8000,2733.0000,2731.8000,2731.6000,2730.2000,2734.2000,2734.8000,2735.4000,2736.0000,2736.4000,1,4,1,2,2,1,1,1,2,1
SF,IH2012,2020-05-21 09:38:04.300,2734.2000,2775,-1,47514840.000,1,0,1,双平,S,2733.8000,2733.0000,2731.8000,2731.6000,2730.2000,2734.8000,2735.4000,2736.0000,2736.4000,2737.8000,1,4,1,2,2,1,1,2,1,1
SF,IH2012,2020-05-21 09:38:04.800,2734.2000,2775,0,47514840.000,0,-,-,-,-,2733.8000,2733.0000,2731.8000,2731.6000,2730.2000,2734.4000,2734.8000,2735.4000,2736.0000,2736.4000,1,4,1,2,2,1,1,1,2,1
SF,IH2012,2020-05-21 09:38:05.300,2734.2000,2775,0,47514840.000,0,-,-,-,-,2733.8000,2733.0000,2731.8000,2731.6000,2730.2000,2734.4000,2734.6000,2734.8000,2735.4000,2736.0000,1,4,1,2,2,1,1,1,1,2
SF,IH2012,2020-05-21 09:38:09.300,2734.2000,2775,0,47514840.000,0,-,-,-,-,2734.2000,2733.8000,2733.0000,2731.8000,2731.6000,2734.4000,2734.6000,2734.8000,2735.4000,2736.0000,2,1,4,1,2,1,1,1,1,2
SF,IH2012,2020-05-21 09:38:10.300,2734.2000,2775,0,47514840.000,0,-,-,-,-,2734.2000,2733.8000,2733.0000,2731.8000,2731.6000,2734.4000,2734.6000,2734.8000,2735.4000,2736.0000,2,1,4,1,2,1,1,1,1,2
SF,IH2012,2020-05-21 09:38:15.800,2734.4000,2774,-1,48335160.000,1,0,1,双平,S,2734.2000,2733.8000,2733.0000,2731.8000,2731.6000,2734.6000,2734.8000,2735.4000,2736.0000,2736.4000,2,1,4,1,2,1,1,1,2,1
SF,IH2012,2020-05-21 09:38:16.300,2734.4000,2774,0,48335160.000,0,-,-,-,-,2734.2000,2733.8000,2733.0000,2731.8000,2731.6000,2734.6000,2734.8000,2735.0000,2735.4000,2736.0000,2,1,4,1,2,1,1,1,1,2
SF,IH2012,2020-05-21 09:38:16.800,2734.4000,2774,0,48335160.000,0,-,-,-,-,2734.2000,2733.8000,2733.0000,2731.8000,2731.6000,2734.6000,2734.8000,2735.0000,2735.2000,2735.4000,2,1,4,1,2,1,1,1,1,1
SF,IH2012,2020-05-21 09:38:17.300,2734.4000,2774,0,48335160.000,0,-,-,-,-,2734.2000,2733.8000,2733.0000,2731.8000,2731.6000,2734.6000,2734.8000,2735.0000,2735.2000,2735.4000,2,1,4,1,2,1,1,1,1,1
SF,IH2012,2020-05-21 09:38:21.800,2734.2000,2774,0,49975680.000,2,1,1,多换,S,2733.8000,2733.0000,2731.8000,2731.6000,2730.2000,2734.6000,2734.8000,2735.0000,2735.2000,2735.4000,1,4,1,2,2,1,1,1,1,1
SF,IH2012,2020-05-21 09:38:22.300,2734.2000,2774,0,49975680.000,0,-,-,-,-,2733.8000,2733.0000,2731.8000,2731.6000,2730.2000,2734.8000,2735.0000,2735.2000,2735.4000,2735.6000,1,4,1,2,2,1,1,1,1,1
SF,IH2012,2020-05-21 09:38:23.800,2734.2000,2774,0,49975680.000,0,-,-,-,-,2733.8000,2733.0000,2731.8000,2731.6000,2730.2000,2734.6000,2734.8000,2735.0000,2735.2000,2735.4000,1,4,1,2,2,1,1,1,1,1
SF,IH2012,2020-05-21 09:38:30.800,2734.2000,2774,0,49975680.000,0,-,-,-,-,2733.0000,2731.8000,2731.6000,2730.2000,2729.8000,2734.6000,2734.8000,2735.0000,2735.2000,2735.4000,4,1,2,2,2,1,1,1,1,1
SF,IH2012,2020-05-21 09:38:31.300,2734.2000,2774,0,49975680.000,0,-,-,-,-,2733.2000,2733.0000,2731.6000,2730.2000,2729.8000,2734.6000,2734.8000,2735.0000,2735.2000,2735.4000,2,4,2,2,2,1,1,1,1,1
SF,IH2012,2020-05-21 09:38:35.300,2734.2000,2774,0,49975680.000,0,-,-,-,-,2733.2000,2733.0000,2731.6000,2730.2000,2729.8000,2734.6000,2734.8000,2735.0000,2735.2000,2735.4000,2,2,2,2,2,1,1,1,1,1
SF,IH2012,2020-05-21 09:38:38.800,2734.2000,2774,0,49975680.000,0,-,-,-,-,2733.2000,2733.0000,2731.6000,2730.2000,2729.8000,2734.8000,2735.0000,2735.2000,2735.4000,2735.6000,2,2,2,2,2,1,1,1,1,1
SF,IH2012,2020-05-21 09:38:39.300,2734.2000,2774,0,49975680.000,0,-,-,-,-,2733.0000,2731.6000,2730.2000,2729.8000,2729.4000,2734.8000,2735.0000,2735.2000,2735.4000,2735.6000,2,2,2,2,1,1,1,1,1,1
SF,IH2012,2020-05-21 09:38:39.800,2734.2000,2774,0,49975680.000,0,-,-,-,-,2733.2000,2733.0000,2731.6000,2730.2000,2729.8000,2734.6000,2734.8000,2735.0000,2735.2000,2735.4000,1,2,2,2,2,1,1,1,1,1
SF,IH2012,2020-05-21 09:38:40.300,2734.2000,2774,0,49975680.000,0,-,-,-,-,2733.2000,2731.6000,2730.2000,2729.8000,2729.4000,2734.6000,2734.8000,2735.0000,2735.2000,2735.4000,1,2,2,2,1,1,1,1,1,1
SF,IH2012,2020-05-21 09:38:41.800,2734.6000,2773,-1,50796060.000,1,0,1,双平,S,2733.2000,2731.6000,2730.2000,2729.8000,2729.4000,2734.8000,2735.0000,2735.2000,2735.4000,2735.6000,1,2,2,2,1,1,1,1,1,1
SF,IH2012,2020-05-21 09:38:42.800,2734.6000,2773,0,50796060.000,0,-,-,-,-,2733.4000,2733.2000,2731.6000,2730.2000,2729.8000,2734.8000,2735.0000,2735.2000,2735.4000,2735.6000,1,1,2,2,2,1,1,1,1,1
SF,IH2012,2020-05-21 09:38:45.300,2734.6000,2773,0,50796060.000,0,-,-,-,-,2733.4000,2733.2000,2730.2000,2729.8000,2729.4000,2734.8000,2735.0000,2735.2000,2735.4000,2735.6000,1,1,2,2,1,1,1,1,1,1
SF,IH2012,2020-05-21 09:38:45.800,2734.6000,2773,0,50796060.000,0,-,-,-,-,2733.4000,2730.2000,2729.8000,2729.4000,2728.4000,2734.8000,2735.0000,2735.2000,2735.4000,2735.6000,1,2,2,1,5,1,1,1,1,1
SF,IH2012,2020-05-21 09:38:50.800,2734.6000,2773,0,50796060.000,0,-,-,-,-,2733.4000,2729.8000,2729.4000,2728.4000,2728.2000,2734.8000,2735.0000,2735.2000,2735.4000,2735.6000,1,2,1,5,2,1,1,1,1,1
SF,IH2012,2020-05-21 09:38:51.800,2734.6000,2773,0,50796060.000,0,-,-,-,-,2733.4000,2729.8000,2729.4000,2728.4000,2728.2000,2734.8000,2735.0000,2735.2000,2735.4000,2735.6000,1,2,1,5,2,1,1,1,1,1
SF,IH2012,2020-05-21 09:38:57.800,2734.6000,2773,0,50796060.000,0,-,-,-,-,2733.4000,2729.8000,2729.4000,2728.4000,2728.2000,2734.8000,2735.0000,2735.2000,2735.4000,2735.6000,1,2,1,5,2,1,2,1,1,1
SF,IH2012,2020-05-21 09:38:58.300,2733.4000,2772,-1,51616080.000,1,0,1,双平,S,2729.8000,2729.4000,2728.4000,2728.2000,2728.0000,2734.6000,2734.8000,2735.0000,2735.2000,2735.4000,2,1,5,2,2,1,1,2,1,1
SF,IH2012,2020-05-21 09:38:58.800,2733.4000,2772,0,51616080.000,0,-,-,-,-,2730.2000,2730.0000,2729.8000,2729.4000,2728.4000,2734.8000,2735.0000,2735.2000,2735.4000,2735.6000,6,4,2,1,5,1,2,1,1,1
SF,IH2012,2020-05-21 09:38:59.300,2733.4000,2772,0,51616080.000,0,-,-,-,-,2730.4000,2730.2000,2730.0000,2729.4000,2728.4000,2734.6000,2734.8000,2735.0000,2735.2000,2735.4000,2,6,1,1,5,2,1,2,1,1
SF,IH2012,2020-05-21 09:38:59.800,2733.4000,2772,0,51616080.000,0,-,-,-,-,2730.6000,2730.4000,2729.4000,2728.4000,2728.2000,2734.4000,2734.6000,2734.8000,2735.0000,2735.2000,7,2,1,5,2,1,2,1,2,1
SF,IH2012,2020-05-21 09:39:00.300,2733.4000,2772,0,51616080.000,0,-,-,-,-,2730.8000,2730.6000,2729.4000,2728.4000,2728.2000,2734.4000,2734.6000,2734.8000,2735.0000,2735.2000,2,7,1,5,2,1,1,1,2,1
SF,IH2012,2020-05-21 09:39:00.800,2733.4000,2772,0,51616080.000,0,-,-,-,-,2730.8000,2730.6000,2729.4000,2728.4000,2728.2000,2734.2000,2734.4000,2734.6000,2734.8000,2735.0000,2,6,1,5,2,1,1,1,1,2
SF,IH2012,2020-05-21 09:39:01.300,2733.4000,2772,0,51616080.000,0,-,-,-,-,2731.0000,2730.8000,2730.6000,2729.4000,2728.4000,2734.2000,2734.6000,2734.8000,2735.0000,2735.2000,1,2,6,1,5,1,1,1,2,1
SF,IH2012,2020-05-21 09:39:01.800,2733.4000,2772,0,51616080.000,0,-,-,-,-,2731.2000,2731.0000,2730.6000,2729.4000,2728.4000,2734.2000,2734.6000,2734.8000,2735.0000,2735.2000,2,1,6,1,5,1,1,1,2,1
SF,IH2012,2020-05-21 09:39:02.300,2733.4000,2772,0,51616080.000,0,-,-,-,-,2731.2000,2730.6000,2729.4000,2728.4000,2728.2000,2734.0000,2734.2000,2734.6000,2734.8000,2735.0000,2,6,1,5,2,1,1,1,1,2
SF,IH2012,2020-05-21 09:39:02.800,2733.4000,2772,0,51616080.000,0,-,-,-,-,2731.6000,2731.4000,2731.2000,2730.6000,2729.4000,2734.0000,2734.6000,2734.8000,2735.0000,2735.2000,1,1,2,6,1,1,1,1,2,1
SF,IH2012,2020-05-21 09:39:03.300,2733.4000,2772,0,51616080.000,0,-,-,-,-,2732.0000,2731.8000,2730.6000,2729.4000,2728.4000,2733.8000,2734.0000,2734.6000,2734.8000,2735.0000,1,2,6,1,5,1,1,1,1,2
SF,IH2012,2020-05-21 09:39:03.800,2733.4000,2772,0,51616080.000,0,-,-,-,-,2732.0000,2731.8000,2729.4000,2728.4000,2728.2000,2733.8000,2734.0000,2734.6000,2734.8000,2735.0000,1,2,1,5,2,1,1,1,1,2
SF,IH2012,2020-05-21 09:39:04.300,2733.4000,2772,0,51616080.000,0,-,-,-,-,2732.0000,2731.8000,2729.4000,2728.4000,2728.2000,2733.8000,2734.0000,2734.6000,2734.8000,2735.0000,1,1,1,5,2,1,1,1,1,2
SF,IH2012,2020-05-21 09:39:04.800,2733.4000,2772,0,51616080.000,0,-,-,-,-,2732.0000,2731.8000,2728.4000,2728.2000,2728.0000,2733.6000,2733.8000,2734.0000,2734.6000,2734.8000,1,1,5,2,2,1,1,1,1,1
SF,IH2012,2020-05-21 09:39:05.300,2733.4000,2772,0,51616080.000,0,-,-,-,-,2732.0000,2731.8000,2728.4000,2728.2000,2728.0000,2733.6000,2733.8000,2734.0000,2734.6000,2734.8000,1,1,5,2,2,1,1,1,1,1
SF,IH2012,2020-05-21 09:39:05.800,2733.4000,2772,0,51616080.000,0,-,-,-,-,2732.2000,2731.8000,2728.4000,2728.2000,2728.0000,2733.6000,2734.0000,2734.6000,2734.8000,2735.0000,2,1,5,2,2,1,1,1,1,2
SF,IH2012,2020-05-21 09:39:07.800,2733.4000,2772,0,51616080.000,0,-,-,-,-,2732.2000,2731.8000,2728.4000,2728.2000,2728.0000,2733.4000,2733.6000,2734.0000,2734.6000,2734.8000,2,1,5,2,2,1,1,1,1,1
SF,IH2012,2020-05-21 09:39:08.300,2733.4000,2772,0,51616080.000,0,-,-,-,-,2732.2000,2731.8000,2728.4000,2728.2000,2728.0000,2733.4000,2733.6000,2734.6000,2734.8000,2735.0000,1,1,5,2,2,1,1,1,1,2
SF,IH2012,2020-05-21 09:39:09.300,2733.4000,2772,0,51616080.000,0,-,-,-,-,2732.2000,2731.8000,2728.4000,2728.2000,2728.0000,2733.4000,2733.6000,2734.6000,2734.8000,2735.0000,1,1,5,2,2,1,1,1,1,3
SF,IH2012,2020-05-21 09:39:09.800,2733.4000,2772,0,51616080.000,0,-,-,-,-,2732.4000,2731.8000,2728.4000,2728.2000,2728.0000,2733.4000,2733.6000,2734.6000,2734.8000,2735.0000,1,1,5,2,2,1,1,1,1,3
SF,IH2012,2020-05-21 09:39:10.800,2733.4000,2772,0,52436100.000,1,0,1,多换,S,2732.4000,2731.8000,2728.4000,2728.2000,2728.0000,2733.6000,2734.6000,2734.8000,2735.0000,2735.2000,1,1,5,2,2,1,1,1,3,1
SF,IH2012,2020-05-21 09:39:11.300,2732.6000,2771,-1,54075960.000,2,0,2,多平,S,2732.6000,2731.8000,2728.4000,2728.2000,2728.0000,2734.6000,2734.8000,2735.0000,2735.2000,2735.4000,1,1,5,2,2,1,1,3,1,1
SF,IH2012,2020-05-21 09:39:11.800,2732.6000,2771,0,54075960.000,0,-,-,-,-,2732.8000,2731.8000,2728.4000,2728.2000,2728.0000,2734.4000,2734.8000,2735.0000,2735.2000,2735.4000,1,1,5,2,2,1,1,3,1,1
SF,IH2012,2020-05-21 09:39:12.300,2732.6000,2771,0,54895740.000,1,0,1,多换,S,2731.8000,2728.4000,2728.2000,2728.0000,2726.8000,2734.4000,2734.8000,2735.0000,2735.2000,2735.4000,1,5,2,2,1,3,1,3,1,1
SF,IH2012,2020-05-21 09:39:12.800,2732.6000,2771,0,54895740.000,0,-,-,-,-,2728.4000,2728.2000,2728.0000,2726.8000,2725.0000,2734.2000,2734.4000,2734.8000,2735.0000,2735.2000,5,2,2,1,1,1,2,1,3,1
SF,IH2012,2020-05-21 09:39:13.300,2732.6000,2771,0,54895740.000,0,-,-,-,-,2731.4000,2728.8000,2728.6000,2728.4000,2728.0000,2734.2000,2734.8000,2735.0000,2735.2000,2735.4000,1,6,3,5,2,1,1,3,1,1
SF,IH2012,2020-05-21 09:39:13.800,2732.6000,2771,0,54895740.000,0,-,-,-,-,2728.8000,2728.6000,2728.4000,2728.0000,2726.8000,2734.0000,2734.2000,2734.8000,2735.0000,2735.2000,6,3,5,2,1,1,1,1,3,1
SF,IH2012,2020-05-21 09:39:14.300,2732.6000,2771,0,54895740.000,0,-,-,-,-,2729.0000,2728.8000,2728.6000,2728.4000,2728.0000,2733.8000,2734.0000,2734.8000,2735.0000,2735.2000,2,6,1,5,2,1,1,1,3,1
SF,IH2012,2020-05-21 09:39:14.800,2732.6000,2771,0,54895740.000,0,-,-,-,-,2731.4000,2729.4000,2729.0000,2728.6000,2728.4000,2733.8000,2734.8000,2735.0000,2735.2000,2735.4000,1,6,2,1,5,1,1,3,1,1
SF,IH2012,2020-05-21 09:39:15.300,2732.6000,2771,0,54895740.000,0,-,-,-,-,2731.8000,2729.4000,2729.0000,2728.6000,2728.4000,2733.6000,2733.8000,2734.8000,2735.0000,2735.2000,1,6,2,1,5,1,1,1,3,1
SF,IH2012,2020-05-21 09:39:15.800,2732.6000,2771,0,54895740.000,0,-,-,-,-,2731.8000,2730.2000,2729.4000,2729.0000,2728.6000,2733.4000,2733.6000,2734.8000,2735.0000,2735.2000,1,1,6,2,1,1,1,1,3,1
SF,IH2012,2020-05-21 09:39:16.300,2732.6000,2771,0,54895740.000,0,-,-,-,-,2732.0000,2730.2000,2729.4000,2729.0000,2728.6000,2733.4000,2733.6000,2734.8000,2735.0000,2735.2000,1,1,6,2,1,1,1,1,3,1
SF,IH2012,2020-05-21 09:39:16.800,2732.6000,2771,0,54895740.000,0,-,-,-,-,2732.0000,2730.2000,2730.0000,2729.4000,2729.0000,2733.4000,2734.8000,2735.0000,2735.2000,2735.4000,1,1,1,6,2,1,1,3,1,1
SF,IH2012,2020-05-21 09:39:17.300,2732.6000,2771,0,54895740.000,0,-,-,-,-,2732.0000,2731.8000,2730.2000,2730.0000,2729.4000,2733.2000,2733.4000,2734.8000,2735.0000,2735.2000,1,1,1,1,6,1,1,1,3,1
SF,IH2012,2020-05-21 09:39:17.800,2732.6000,2771,0,54895740.000,0,-,-,-,-,2732.2000,2731.8000,2730.2000,2730.0000,2729.4000,2733.2000,2733.4000,2734.8000,2735.0000,2735.2000,1,1,1,1,6,1,1,1,3,1
SF,IH2012,2020-05-21 09:39:18.300,2732.6000,2771,0,54895740.000,0,-,-,-,-,2732.2000,2731.8000,2730.2000,2730.0000,2729.4000,2733.2000,2734.8000,2735.0000,2735.2000,2735.4000,1,1,1,1,6,1,1,3,1,1
SF,IH2012,2020-05-21 09:39:18.800,2732.6000,2771,0,54895740.000,0,-,-,-,-,2732.2000,2731.8000,2730.2000,2730.0000,2729.4000,2733.2000,2734.8000,2735.0000,2735.2000,2735.4000,1,1,1,1,6,1,1,3,1,1
SF,IH2012,2020-05-21 09:39:20.800,2732.6000,2771,0,54895740.000,0,-,-,-,-,2732.4000,2732.2000,2731.8000,2730.2000,2730.0000,2733.2000,2734.8000,2735.0000,2735.2000,2735.4000,1,1,1,1,1,1,1,3,1,1
SF,IH2012,2020-05-21 09:39:22.800,2732.6000,2771,0,54895740.000,0,-,-,-,-,2732.2000,2731.8000,2730.2000,2730.0000,2729.4000,2733.2000,2734.8000,2735.0000,2735.2000,2735.4000,1,1,1,1,6,1,1,3,1,1
SF,IH2012,2020-05-21 09:39:23.800,2732.2000,2770,-1,55715400.000,1,0,1,双平,S,2731.8000,2730.2000,2730.0000,2729.4000,2729.0000,2732.2000,2733.2000,2734.8000,2735.0000,2735.2000,1,1,1,6,2,3,1,1,3,1
SF,IH2012,2020-05-21 09:39:24.300,2732.2000,2767,-3,58174380.000,3,0,3,双平,S,2732.2000,2731.8000,2730.2000,2730.0000,2729.4000,2733.2000,2735.0000,2736.0000,2736.4000,2737.8000,1,1,1,1,6,1,2,1,1,1
SF,IH2012,2020-05-21 09:39:24.800,2732.2000,2767,0,58174380.000,0,-,-,-,-,2732.2000,2731.8000,2731.2000,2730.2000,2730.0000,2733.2000,2735.0000,2736.0000,2736.4000,2737.8000,1,1,1,1,1,1,2,1,1,1
SF,IH2012,2020-05-21 09:39:25.300,2732.2000,2767,0,58174380.000,0,-,-,-,-,2732.2000,2731.8000,2731.2000,2730.2000,2730.0000,2733.2000,2735.0000,2736.0000,2736.4000,2737.8000,1,1,1,2,1,1,2,1,1,1
SF,IH2012,2020-05-21 09:39:26.300,2732.2000,2767,0,58174380.000,0,-,-,-,-,2732.2000,2731.2000,2730.2000,2730.0000,2729.4000,2733.2000,2735.0000,2736.0000,2736.4000,2737.8000,1,1,2,1,6,1,2,1,1,1
SF,IH2012,2020-05-21 09:39:32.800,2732.2000,2767,0,58174380.000,0,-,-,-,-,2732.6000,2732.2000,2731.2000,2730.2000,2730.0000,2733.2000,2735.0000,2736.0000,2736.4000,2737.8000,2,1,1,2,1,1,2,1,1,1
SF,IH2012,2020-05-21 09:39:33.300,2732.2000,2767,0,58174380.000,0,-,-,-,-,2732.6000,2732.2000,2731.2000,2730.2000,2730.0000,2733.2000,2735.0000,2736.0000,2736.4000,2737.8000,2,1,1,1,1,1,2,1,1,1
SF,IH2012,2020-05-21 09:39:33.800,2732.2000,2767,0,58174380.000,0,-,-,-,-,2732.6000,2732.2000,2731.2000,2730.2000,2730.0000,2735.0000,2736.0000,2736.4000,2737.8000,2738.0000,2,1,1,1,1,2,1,1,1,1
SF,IH2012,2020-05-21 09:39:34.300,2732.2000,2767,0,58174380.000,0,-,-,-,-,2732.6000,2732.2000,2731.2000,2730.2000,2730.0000,2734.6000,2734.8000,2735.0000,2735.8000,2736.0000,2,1,1,1,1,2,3,2,1,1
SF,IH2012,2020-05-21 09:39:34.800,2732.2000,2766,-1,60633360.000,3,1,2,多平,S,2731.2000,2730.2000,2730.0000,2729.6000,2729.4000,2732.2000,2734.4000,2734.8000,2735.0000,2735.8000,1,1,1,1,6,1,3,1,2,1
SF,IH2012,2020-05-21 09:39:35.300,2732.2000,2765,-1,61453020.000,1,0,1,双平,S,2732.4000,2731.6000,2731.2000,2730.2000,2730.0000,2734.4000,2735.0000,2735.8000,2736.0000,2736.4000,1,1,1,1,1,1,2,1,1,1
SF,IH2012,2020-05-21 09:39:35.800,2732.2000,2765,0,61453020.000,0,-,-,-,-,2732.4000,2731.2000,2730.2000,2730.0000,2729.4000,2734.2000,2734.4000,2735.0000,2735.8000,2736.0000,1,1,1,1,6,3,1,2,1,1
SF,IH2012,2020-05-21 09:39:36.300,2732.2000,2765,0,61453020.000,0,-,-,-,-,2732.4000,2731.2000,2730.2000,2730.0000,2729.4000,2734.0000,2734.2000,2735.0000,2735.8000,2736.0000,1,1,1,1,6,2,3,2,1,1
SF,IH2012,2020-05-21 09:39:36.800,2732.2000,2765,0,61453020.000,0,-,-,-,-,2732.4000,2731.2000,2730.2000,2730.0000,2729.4000,2734.0000,2734.2000,2735.0000,2735.8000,2736.0000,1,1,1,1,6,2,2,2,1,1
SF,IH2012,2020-05-21 09:39:37.300,2732.2000,2765,0,61453020.000,0,-,-,-,-,2732.4000,2731.2000,2730.2000,2730.0000,2729.4000,2733.8000,2734.0000,2734.2000,2735.0000,2735.8000,1,1,1,1,6,1,2,2,2,1
SF,IH2012,2020-05-21 09:39:37.800,2732.2000,2765,0,61453020.000,0,-,-,-,-,2732.4000,2732.0000,2731.2000,2730.2000,2730.0000,2733.8000,2734.0000,2734.2000,2735.0000,2735.8000,1,1,1,1,1,1,2,2,2,1
SF,IH2012,2020-05-21 09:39:38.800,2732.2000,2765,0,61453020.000,0,-,-,-,-,2732.4000,2732.0000,2731.2000,2730.2000,2730.0000,2733.8000,2734.0000,2734.2000,2735.0000,2735.8000,1,1,1,1,1,1,1,2,2,1
SF,IH2012,2020-05-21 09:39:39.800,2732.2000,2765,0,61453020.000,0,-,-,-,-,2732.6000,2732.4000,2732.0000,2731.2000,2730.2000,2733.8000,2734.0000,2734.2000,2735.0000,2735.8000,1,1,1,1,1,1,1,2,2,1
SF,IH2012,2020-05-21 09:39:40.800,2732.2000,2765,0,61453020.000,0,-,-,-,-,2732.4000,2732.0000,2731.6000,2731.2000,2730.2000,2733.8000,2734.0000,2734.2000,2735.0000,2735.8000,1,1,1,1,1,1,1,2,2,1
SF,IH2012,2020-05-21 09:39:41.300,2732.2000,2765,0,61453020.000,0,-,-,-,-,2732.4000,2732.0000,2731.6000,2731.2000,2730.2000,2733.6000,2733.8000,2734.0000,2735.0000,2735.8000,1,1,1,1,1,2,1,1,2,1
SF,IH2012,2020-05-21 09:39:41.800,2732.2000,2765,0,61453020.000,0,-,-,-,-,2732.0000,2731.6000,2731.2000,2730.2000,2730.0000,2733.6000,2734.0000,2735.0000,2735.8000,2736.0000,1,1,1,1,1,2,1,2,1,1
SF,IH2012,2020-05-21 09:39:42.300,2732.2000,2765,0,61453020.000,0,-,-,-,-,2732.0000,2731.6000,2731.2000,2730.2000,2730.0000,2733.4000,2734.0000,2735.0000,2735.8000,2736.0000,1,1,1,1,1,1,1,2,1,1
SF,IH2012,2020-05-21 09:39:42.800,2732.2000,2765,0,61453020.000,0,-,-,-,-,2731.6000,2731.2000,2730.2000,2730.0000,2729.4000,2733.4000,2734.0000,2735.0000,2735.8000,2736.0000,1,1,1,1,6,2,1,2,1,1
SF,IH2012,2020-05-21 09:39:43.300,2732.2000,2765,0,61453020.000,0,-,-,-,-,2731.6000,2731.2000,2730.2000,2730.0000,2729.8000,2733.2000,2733.4000,2735.0000,2735.8000,2736.0000,1,1,1,1,1,1,2,2,1,1
SF,IH2012,2020-05-21 09:39:43.800,2732.2000,2765,0,61453020.000,0,-,-,-,-,2731.6000,2731.2000,2730.2000,2730.0000,2729.8000,2733.2000,2733.4000,2735.0000,2735.8000,2736.0000,1,1,1,1,1,1,1,2,1,1
SF,IH2012,2020-05-21 09:39:44.300,2732.2000,2765,0,61453020.000,0,-,-,-,-,2731.6000,2731.2000,2730.2000,2730.0000,2729.8000,2733.0000,2733.2000,2733.4000,2735.0000,2735.8000,1,1,1,1,1,1,1,1,2,1
SF,IH2012,2020-05-21 09:39:44.800,2732.2000,2765,0,61453020.000,0,-,-,-,-,2731.2000,2730.2000,2730.0000,2729.8000,2729.4000,2733.0000,2733.2000,2733.4000,2735.0000,2735.8000,1,2,1,1,6,1,1,1,2,1
SF,IH2012,2020-05-21 09:39:45.300,2732.2000,2765,0,61453020.000,0,-,-,-,-,2731.2000,2730.2000,2730.0000,2729.8000,2729.4000,2732.8000,2733.0000,2733.4000,2735.0000,2735.8000,1,2,1,1,6,1,1,1,2,1
SF,IH2012,2020-05-21 09:39:45.800,2732.2000,2765,0,61453020.000,0,-,-,-,-,2731.2000,2730.2000,2730.0000,2729.8000,2729.4000,2732.8000,2733.0000,2735.0000,2735.8000,2736.0000,1,2,1,1,6,1,1,2,1,1
SF,IH2012,2020-05-21 09:39:46.300,2732.2000,2765,0,61453020.000,0,-,-,-,-,2731.2000,2730.2000,2730.0000,2729.8000,2729.4000,2732.8000,2735.0000,2735.8000,2736.0000,2736.4000,1,1,1,1,6,1,2,1,1,1
SF,IH2012,2020-05-21 09:39:48.800,2732.2000,2765,0,61453020.000,0,-,-,-,-,2731.2000,2730.2000,2730.0000,2729.8000,2729.4000,2732.6000,2732.8000,2735.0000,2735.8000,2736.0000,1,1,1,1,6,2,1,2,1,1
SF,IH2012,2020-05-21 09:39:51.300,2732.2000,2765,0,61453020.000,0,-,-,-,-,2731.4000,2731.2000,2730.2000,2730.0000,2729.8000,2732.6000,2732.8000,2735.0000,2735.8000,2736.0000,2,1,1,1,1,2,1,2,1,1
SF,IH2012,2020-05-21 09:39:51.800,2732.2000,2765,0,61453020.000,0,-,-,-,-,2731.4000,2731.2000,2730.2000,2730.0000,2729.8000,2732.4000,2732.6000,2732.8000,2735.0000,2735.8000,2,1,1,1,1,1,2,1,2,1
SF,IH2012,2020-05-21 09:39:52.300,2732.2000,2765,0,61453020.000,0,-,-,-,-,2731.4000,2731.2000,2730.2000,2730.0000,2729.8000,2732.4000,2732.8000,2735.0000,2735.8000,2736.0000,2,1,1,1,1,1,1,2,1,1
SF,IH2012,2020-05-21 09:39:52.800,2731.4000,2765,0,62272440.000,1,0,1,多换,S,2731.4000,2731.2000,2730.2000,2730.0000,2729.8000,2732.4000,2732.8000,2735.0000,2735.8000,2736.0000,1,1,1,1,1,1,1,2,1,1
SF,IH2012,2020-05-21 09:39:53.300,2731.4000,2765,0,63091860.000,1,0,1,多换,S,2731.2000,2730.2000,2730.0000,2729.8000,2729.0000,2731.4000,2732.2000,2732.4000,2732.8000,2735.0000,1,1,1,1,2,1,2,1,1,2
SF,IH2012,2020-05-21 09:39:53.800,2731.2000,2764,-1,63911220.000,1,0,1,双平,S,2730.2000,2730.0000,2729.8000,2729.0000,2728.4000,2731.4000,2732.2000,2732.4000,2732.6000,2732.8000,1,1,1,2,5,1,1,1,1,1
SF,IH2012,2020-05-21 09:39:54.300,2731.2000,2764,0,63911220.000,0,-,-,-,-,2730.4000,2730.0000,2729.8000,2728.6000,2728.4000,2731.4000,2732.2000,2732.4000,2732.6000,2732.8000,3,1,1,1,5,1,3,1,1,1
SF,IH2012,2020-05-21 09:39:54.800,2731.2000,2764,0,63911220.000,0,-,-,-,-,2730.4000,2729.8000,2728.6000,2728.4000,2726.8000,2731.4000,2732.2000,2732.4000,2732.6000,2732.8000,1,1,1,5,1,1,3,1,1,1
SF,IH2012,2020-05-21 09:39:56.300,2731.2000,2764,0,63911220.000,0,-,-,-,-,2730.4000,2729.8000,2729.0000,2728.6000,2728.4000,2732.2000,2732.4000,2732.6000,2732.8000,2735.0000,1,1,2,1,5,3,1,1,1,2
SF,IH2012,2020-05-21 09:39:56.800,2731.2000,2764,0,63911220.000,0,-,-,-,-,2730.6000,2729.8000,2729.0000,2728.6000,2728.4000,2732.0000,2732.2000,2732.4000,2732.6000,2733.6000,1,1,2,1,5,1,3,1,1,1
SF,IH2012,2020-05-21 09:39:57.300,2731.2000,2764,0,63911220.000,0,-,-,-,-,2729.8000,2729.0000,2728.6000,2728.4000,2726.8000,2732.0000,2732.2000,2732.6000,2733.6000,2735.0000,1,2,1,5,1,1,3,1,1,2
SF,IH2012,2020-05-21 09:39:57.800,2731.2000,2764,0,63911220.000,0,-,-,-,-,2730.0000,2729.8000,2729.0000,2728.6000,2728.4000,2731.8000,2732.0000,2732.2000,2732.6000,2733.6000,1,1,2,1,5,1,1,3,1,1
SF,IH2012,2020-05-21 09:39:58.300,2731.2000,2764,0,63911220.000,0,-,-,-,-,2730.2000,2729.8000,2729.0000,2728.6000,2728.4000,2731.6000,2731.8000,2732.2000,2732.6000,2733.6000,1,1,2,1,5,1,1,3,1,1
SF,IH2012,2020-05-21 09:39:58.800,2731.2000,2764,0,63911220.000,0,-,-,-,-,2729.8000,2729.0000,2728.6000,2728.4000,2726.8000,2731.6000,2732.2000,2732.6000,2733.6000,2735.0000,1,2,1,5,1,1,3,1,1,2
SF,IH2012,2020-05-21 09:39:59.800,2731.2000,2764,0,63911220.000,0,-,-,-,-,2730.0000,2729.8000,2729.0000,2728.6000,2728.4000,2731.6000,2732.2000,2732.6000,2733.6000,2735.0000,1,1,2,1,5,1,3,1,1,2
SF,IH2012,2020-05-21 09:40:00.300,2731.2000,2764,0,63911220.000,0,-,-,-,-,2730.2000,2730.0000,2729.8000,2729.0000,2728.6000,2731.4000,2731.6000,2732.2000,2732.6000,2733.6000,1,1,1,2,1,1,1,3,1,1
SF,IH2012,2020-05-21 09:40:01.300,2731.2000,2764,0,63911220.000,0,-,-,-,-,2730.2000,2729.8000,2729.0000,2728.6000,2728.4000,2731.4000,2731.6000,2732.2000,2732.6000,2733.6000,1,1,2,1,5,1,1,3,1,1
SF,IH2012,2020-05-21 09:40:01.800,2731.2000,2764,0,63911220.000,0,-,-,-,-,2729.8000,2729.0000,2728.6000,2728.4000,2726.8000,2731.4000,2731.6000,2732.2000,2732.6000,2733.6000,1,2,1,5,1,1,1,3,1,1
SF,IH2012,2020-05-21 09:40:02.300,2731.2000,2764,0,63911220.000,0,-,-,-,-,2730.2000,2729.8000,2729.0000,2728.6000,2728.4000,2731.4000,2731.6000,2732.2000,2732.6000,2733.6000,1,1,2,1,5,1,1,3,1,1
SF,IH2012,2020-05-21 09:40:03.800,2731.2000,2764,0,63911220.000,0,-,-,-,-,2730.2000,2729.8000,2729.4000,2729.0000,2728.6000,2731.4000,2731.6000,2732.2000,2732.6000,2733.6000,1,1,1,2,1,1,1,3,1,1
SF,IH2012,2020-05-21 09:40:05.300,2731.4000,2763,-1,64730640.000,1,0,1,双平,S,2730.2000,2729.8000,2729.4000,2729.0000,2728.6000,2731.6000,2732.2000,2732.6000,2733.6000,2735.0000,1,1,1,2,1,1,3,1,1,2
SF,IH2012,2020-05-21 09:40:05.800,2731.4000,2763,0,64730640.000,0,-,-,-,-,2730.4000,2730.2000,2729.8000,2729.4000,2729.0000,2731.6000,2732.2000,2732.6000,2733.6000,2735.0000,1,1,1,1,2,1,3,1,1,2
SF,IH2012,2020-05-21 09:40:06.300,2731.4000,2763,0,64730640.000,0,-,-,-,-,2730.6000,2730.4000,2730.2000,2729.8000,2729.4000,2732.2000,2732.6000,2733.6000,2735.0000,2735.8000,1,1,1,1,1,3,1,1,2,1
SF,IH2012,2020-05-21 09:40:06.800,2731.4000,2763,0,64730640.000,0,-,-,-,-,2730.8000,2730.6000,2730.2000,2729.8000,2729.4000,2732.2000,2732.6000,2733.6000,2735.0000,2735.8000,1,1,2,1,1,3,1,1,2,1
SF,IH2012,2020-05-21 09:40:07.300,2731.4000,2763,0,64730640.000,0,-,-,-,-,2730.8000,2730.6000,2730.2000,2729.8000,2729.4000,2732.0000,2732.2000,2732.6000,2733.6000,2735.0000,1,1,2,1,1,1,3,1,1,2
SF,IH2012,2020-05-21 09:40:07.800,2731.4000,2763,0,64730640.000,0,-,-,-,-,2730.8000,2730.6000,2730.2000,2729.8000,2729.4000,2731.8000,2732.0000,2732.2000,2732.6000,2733.6000,1,1,2,1,1,2,1,3,1,1
SF,IH2012,2020-05-21 09:40:09.800,2731.4000,2763,0,64730640.000,0,-,-,-,-,2730.8000,2730.6000,2730.2000,2729.8000,2729.4000,2731.8000,2732.0000,2732.2000,2732.6000,2733.6000,1,1,4,1,1,2,1,3,1,1
SF,IH2012,2020-05-21 09:40:16.300,2731.4000,2763,0,64730640.000,0,-,-,-,-,2730.6000,2730.2000,2729.8000,2729.4000,2729.0000,2731.8000,2732.0000,2732.2000,2732.6000,2733.6000,1,4,1,1,2,2,1,3,1,1
SF,IH2012,2020-05-21 09:40:16.800,2731.4000,2763,0,64730640.000,0,-,-,-,-,2730.2000,2729.8000,2729.4000,2729.0000,2728.6000,2731.8000,2732.0000,2732.2000,2732.6000,2733.6000,4,1,1,2,1,2,1,3,1,1
SF,IH2012,2020-05-21 09:40:17.300,2731.4000,2763,0,64730640.000,0,-,-,-,-,2730.2000,2729.8000,2729.4000,2729.0000,2728.6000,2732.0000,2732.2000,2732.6000,2733.6000,2735.0000,4,1,1,2,1,1,3,1,1,2
SF,IH2012,2020-05-21 09:40:17.800,2731.4000,2763,0,64730640.000,0,-,-,-,-,2730.4000,2730.2000,2729.8000,2729.0000,2728.6000,2731.6000,2731.8000,2732.0000,2732.2000,2732.6000,1,4,1,2,1,2,1,1,3,1
SF,IH2012,2020-05-21 09:40:18.300,2731.4000,2763,0,64730640.000,0,-,-,-,-,2730.4000,2730.2000,2729.8000,2729.0000,2728.6000,2731.6000,2731.8000,2732.0000,2732.2000,2732.6000,1,4,1,2,1,2,1,1,3,1
SF,IH2012,2020-05-21 09:40:18.800,2731.4000,2763,0,64730640.000,0,-,-,-,-,2730.4000,2730.2000,2729.8000,2729.0000,2728.6000,2731.4000,2731.8000,2732.0000,2732.2000,2732.6000,1,3,1,2,1,2,1,1,3,1
SF,IH2012,2020-05-21 09:40:19.800,2731.4000,2763,0,64730640.000,0,-,-,-,-,2730.2000,2729.8000,2729.0000,2728.6000,2726.8000,2731.4000,2731.8000,2732.0000,2732.2000,2732.6000,3,1,2,1,1,2,1,1,3,1
SF,IH2012,2020-05-21 09:40:20.300,2731.4000,2763,0,64730640.000,0,-,-,-,-,2730.2000,2729.8000,2729.0000,2728.6000,2726.8000,2731.2000,2731.8000,2732.0000,2732.2000,2732.6000,3,1,2,1,1,2,1,1,3,1
SF,IH2012,2020-05-21 09:40:20.800,2731.4000,2763,0,64730640.000,0,-,-,-,-,2730.2000,2729.8000,2729.0000,2728.6000,2726.8000,2731.2000,2731.8000,2732.0000,2732.2000,2732.6000,3,1,2,1,1,2,1,1,3,1
SF,IH2012,2020-05-21 09:40:21.300,2731.4000,2763,0,64730640.000,0,-,-,-,-,2730.2000,2729.8000,2729.0000,2728.6000,2726.8000,2731.2000,2731.8000,2732.2000,2732.6000,2735.0000,3,1,2,1,1,2,1,3,1,2
SF,IH2012,2020-05-21 09:40:23.300,2731.4000,2763,0,64730640.000,0,-,-,-,-,2730.2000,2729.8000,2729.0000,2728.6000,2726.8000,2731.2000,2731.8000,2732.2000,2732.6000,2735.0000,2,1,2,1,1,2,1,3,1,2
SF,IH2012,2020-05-21 09:40:32.800,2731.4000,2763,0,64730640.000,0,-,-,-,-,2730.2000,2729.8000,2729.0000,2728.6000,2726.8000,2731.2000,2731.8000,2732.2000,2732.6000,2735.0000,2,1,2,1,1,2,1,3,1,2
SF,IH2012,2020-05-21 09:40:52.800,2731.4000,2763,0,64730640.000,0,-,-,-,-,2730.2000,2729.8000,2729.0000,2728.6000,2726.8000,2731.0000,2731.2000,2731.8000,2732.2000,2732.6000,2,1,2,1,1,2,2,1,3,1
SF,IH2012,2020-05-21 09:40:53.300,2731.4000,2763,0,64730640.000,0,-,-,-,-,2730.2000,2729.8000,2729.0000,2728.6000,2726.8000,2731.0000,2731.8000,2732.2000,2732.6000,2735.0000,2,1,2,1,1,2,1,3,1,2
SF,IH2012,2020-05-21 09:40:55.800,2731.0000,2761,-2,66369240.000,2,0,2,双平,S,2730.2000,2729.8000,2729.0000,2728.6000,2726.8000,2731.8000,2732.2000,2732.6000,2735.0000,2735.8000,2,1,2,1,1,1,3,1,2,1
SF,IH2012,2020-05-21 09:40:56.300,2731.0000,2761,0,66369240.000,0,-,-,-,-,2730.4000,2730.2000,2729.8000,2729.0000,2728.6000,2731.8000,2732.2000,2732.6000,2733.4000,2735.0000,1,2,1,2,1,1,3,1,1,2
SF,IH2012,2020-05-21 09:40:56.800,2731.0000,2761,0,66369240.000,0,-,-,-,-,2730.6000,2730.2000,2729.8000,2729.0000,2728.6000,2731.8000,2732.2000,2732.6000,2733.4000,2735.0000,1,2,1,2,1,1,3,1,1,2
SF,IH2012,2020-05-21 09:40:57.300,2731.0000,2761,0,66369240.000,0,-,-,-,-,2730.2000,2729.8000,2729.0000,2728.6000,2726.8000,2731.6000,2732.2000,2732.6000,2733.4000,2735.0000,2,1,2,1,1,1,3,1,1,2
SF,IH2012,2020-05-21 09:40:57.800,2731.0000,2761,0,66369240.000,0,-,-,-,-,2730.2000,2729.8000,2729.0000,2728.6000,2726.8000,2731.6000,2732.2000,2732.6000,2733.4000,2735.0000,2,1,2,1,1,2,3,1,1,2
SF,IH2012,2020-05-21 09:41:00.300,2731.0000,2761,0,66369240.000,0,-,-,-,-,2730.4000,2730.2000,2729.8000,2729.0000,2728.6000,2731.6000,2732.2000,2732.6000,2733.4000,2735.0000,1,2,1,2,1,2,3,1,1,2
SF,IH2012,2020-05-21 09:41:00.800,2731.0000,2761,0,66369240.000,0,-,-,-,-,2730.6000,2730.4000,2730.2000,2729.8000,2729.0000,2732.2000,2732.6000,2733.4000,2735.0000,2735.8000,2,2,2,1,2,3,1,1,2,1
SF,IH2012,2020-05-21 09:41:01.300,2731.0000,2761,0,66369240.000,0,-,-,-,-,2730.8000,2730.6000,2730.4000,2730.2000,2729.8000,2732.2000,2732.6000,2733.4000,2735.0000,2735.8000,1,2,1,2,1,3,1,1,2,1
SF,IH2012,2020-05-21 09:41:01.800,2731.0000,2761,0,66369240.000,0,-,-,-,-,2731.0000,2730.8000,2730.6000,2730.4000,2730.2000,2732.2000,2732.6000,2733.4000,2735.0000,2735.8000,1,1,1,1,2,3,1,1,2,1
SF,IH2012,2020-05-21 09:41:02.300,2731.0000,2761,0,66369240.000,0,-,-,-,-,2731.2000,2731.0000,2730.6000,2730.4000,2730.2000,2732.0000,2732.2000,2732.6000,2733.4000,2735.0000,1,1,1,1,2,2,3,1,1,2
SF,IH2012,2020-05-21 09:41:03.800,2731.0000,2761,0,66369240.000,0,-,-,-,-,2731.2000,2731.0000,2730.6000,2730.4000,2730.2000,2732.2000,2732.6000,2733.4000,2735.0000,2735.8000,1,1,1,1,2,3,1,1,2,1
SF,IH2012,2020-05-21 09:41:04.300,2731.0000,2761,0,66369240.000,0,-,-,-,-,2731.2000,2731.0000,2730.6000,2730.2000,2729.8000,2732.2000,2732.6000,2733.4000,2735.0000,2735.8000,1,1,1,2,1,3,1,1,2,1
SF,IH2012,2020-05-21 09:41:09.300,2732.2000,2761,0,68828220.000,3,1,2,多换,S,2731.4000,2731.2000,2730.2000,2729.8000,2729.0000,2732.0000,2732.6000,2733.4000,2735.0000,2735.8000,2,1,2,1,2,1,1,1,2,1
SF,IH2012,2020-05-21 09:41:09.800,2732.2000,2760,-1,69647880.000,1,0,1,双平,S,2731.6000,2731.4000,2731.2000,2730.2000,2729.8000,2732.6000,2733.4000,2735.0000,2735.8000,2736.0000,1,1,1,2,1,1,1,2,1,1
SF,IH2012,2020-05-21 09:41:10.300,2732.2000,2760,0,69647880.000,0,-,-,-,-,2731.8000,2731.4000,2730.2000,2729.8000,2729.0000,2732.6000,2733.4000,2734.2000,2735.0000,2735.8000,1,1,2,1,2,1,1,1,2,1
SF,IH2012,2020-05-21 09:41:10.800,2732.2000,2760,0,69647880.000,0,-,-,-,-,2731.4000,2730.2000,2729.8000,2729.0000,2726.8000,2732.6000,2733.4000,2734.2000,2735.0000,2735.8000,1,2,1,2,1,1,1,1,2,1
SF,IH2012,2020-05-21 09:41:11.300,2732.2000,2760,0,69647880.000,0,-,-,-,-,2730.2000,2729.8000,2729.0000,2726.8000,2725.0000,2732.6000,2733.4000,2734.2000,2735.0000,2735.8000,2,1,2,1,1,1,1,1,2,1
SF,IH2012,2020-05-21 09:41:11.800,2732.2000,2760,0,69647880.000,0,-,-,-,-,2731.4000,2730.6000,2730.4000,2730.2000,2729.8000,2732.4000,2732.6000,2733.4000,2734.2000,2735.0000,2,6,2,2,1,1,1,1,1,2
SF,IH2012,2020-05-21 09:41:12.300,2732.2000,2760,0,69647880.000,0,-,-,-,-,2731.4000,2730.6000,2730.4000,2730.2000,2729.8000,2732.6000,2733.4000,2734.2000,2735.0000,2735.8000,1,6,3,2,1,1,1,1,2,1
SF,IH2012,2020-05-21 09:41:13.300,2732.2000,2760,0,69647880.000,0,-,-,-,-,2731.6000,2731.4000,2730.6000,2730.4000,2730.2000,2732.6000,2733.4000,2734.2000,2735.0000,2735.8000,1,1,6,2,2,1,1,1,2,1
SF,IH2012,2020-05-21 09:41:13.800,2732.2000,2760,0,69647880.000,0,-,-,-,-,2731.6000,2731.4000,2730.6000,2730.4000,2730.2000,2733.4000,2734.2000,2735.0000,2735.8000,2736.0000,1,1,6,2,2,1,1,2,1,1
SF,IH2012,2020-05-21 09:41:14.300,2732.2000,2760,0,69647880.000,0,-,-,-,-,2732.0000,2731.8000,2731.6000,2730.6000,2730.4000,2733.2000,2733.4000,2734.2000,2735.0000,2735.4000,1,1,1,6,1,1,1,1,2,1
SF,IH2012,2020-05-21 09:41:14.800,2732.2000,2760,0,69647880.000,0,-,-,-,-,2732.2000,2732.0000,2730.6000,2730.2000,2729.8000,2733.4000,2734.2000,2735.0000,2735.4000,2735.8000,2,1,6,2,1,1,1,2,1,1
SF,IH2012,2020-05-21 09:41:15.300,2732.2000,2760,0,69647880.000,0,-,-,-,-,2732.2000,2732.0000,2730.6000,2730.2000,2729.0000,2733.4000,2734.2000,2735.0000,2735.4000,2735.8000,2,1,6,2,2,1,1,2,1,1
SF,IH2012,2020-05-21 09:41:15.800,2732.2000,2760,0,69647880.000,0,-,-,-,-,2732.2000,2732.0000,2730.6000,2730.2000,2729.0000,2733.2000,2733.4000,2734.2000,2735.0000,2735.4000,1,1,6,2,2,1,1,1,2,1
SF,IH2012,2020-05-21 09:41:16.300,2732.2000,2760,0,69647880.000,0,-,-,-,-,2732.4000,2732.0000,2730.6000,2730.2000,2729.0000,2733.2000,2733.4000,2734.2000,2735.0000,2735.4000,1,1,6,2,2,2,1,1,2,1
SF,IH2012,2020-05-21 09:41:16.800,2732.4000,2759,-1,70467600.000,1,0,1,双平,S,2732.0000,2730.6000,2730.2000,2729.0000,2726.8000,2733.2000,2733.4000,2734.2000,2735.0000,2735.4000,1,6,2,2,1,2,1,1,2,1
SF,IH2012,2020-05-21 09:41:17.300,2732.0000,2758,-1,71287200.000,1,0,1,双平,S,2730.6000,2730.2000,2729.0000,2726.8000,2725.0000,2731.8000,2733.2000,2733.4000,2734.2000,2735.0000,6,2,2,1,1,1,1,1,1,2
SF,IH2012,2020-05-21 09:41:17.800,2732.0000,2758,0,71287200.000,0,-,-,-,-,2731.8000,2731.6000,2730.8000,2730.6000,2730.2000,2733.0000,2733.2000,2733.4000,2735.0000,2735.8000,2,1,2,6,2,1,1,1,2,1
SF,IH2012,2020-05-21 09:41:18.300,2732.0000,2758,0,71287200.000,0,-,-,-,-,2731.8000,2730.8000,2730.6000,2730.2000,2729.0000,2733.2000,2733.4000,2735.0000,2735.8000,2736.0000,2,2,6,2,2,1,1,2,1,1
SF,IH2012,2020-05-21 09:41:18.800,2732.0000,2758,0,71287200.000,0,-,-,-,-,2731.8000,2730.8000,2730.6000,2730.2000,2729.0000,2732.8000,2733.2000,2733.4000,2735.0000,2735.8000,1,2,6,2,2,1,1,1,2,1
SF,IH2012,2020-05-21 09:41:21.800,2732.0000,2758,0,71287200.000,0,-,-,-,-,2731.8000,2730.8000,2730.2000,2729.0000,2726.8000,2732.8000,2733.2000,2733.4000,2735.0000,2735.8000,1,2,2,2,1,1,1,1,2,1
SF,IH2012,2020-05-21 09:41:27.300,2732.0000,2758,0,71287200.000,0,-,-,-,-,2732.0000,2731.8000,2730.8000,2730.2000,2729.0000,2732.8000,2733.2000,2733.4000,2735.0000,2735.8000,2,1,2,2,2,1,1,1,2,1
SF,IH2012,2020-05-21 09:41:27.800,2732.0000,2758,0,71287200.000,0,-,-,-,-,2732.0000,2731.8000,2730.8000,2730.2000,2729.0000,2733.4000,2735.0000,2735.8000,2736.0000,2736.4000,3,1,2,2,2,1,2,1,1,1
SF,IH2012,2020-05-21 09:41:28.300,2732.0000,2758,0,71287200.000,0,-,-,-,-,2732.2000,2732.0000,2731.8000,2730.8000,2730.2000,2733.4000,2735.0000,2735.8000,2736.0000,2736.4000,1,3,1,1,2,1,2,1,1,1
SF,IH2012,2020-05-21 09:41:28.800,2732.0000,2758,0,71287200.000,0,-,-,-,-,2732.2000,2732.0000,2731.8000,2730.8000,2730.2000,2733.2000,2733.4000,2735.0000,2735.8000,2736.0000,1,3,1,1,2,1,1,2,1,1
SF,IH2012,2020-05-21 09:41:33.300,2732.0000,2758,0,71287200.000,0,-,-,-,-,2732.2000,2732.0000,2731.8000,2730.8000,2730.2000,2733.2000,2733.4000,2735.0000,2735.8000,2736.0000,1,2,1,1,2,1,1,2,1,1
SF,IH2012,2020-05-21 09:41:33.800,2732.0000,2758,0,71287200.000,0,-,-,-,-,2732.4000,2732.2000,2732.0000,2731.8000,2730.8000,2733.0000,2733.2000,2733.4000,2735.0000,2735.8000,2,1,2,1,1,1,1,1,2,1
SF,IH2012,2020-05-21 09:41:36.300,2732.0000,2758,0,71287200.000,0,-,-,-,-,2732.4000,2732.2000,2732.0000,2731.8000,2730.8000,2733.2000,2733.4000,2735.0000,2735.8000,2736.0000,2,1,2,1,1,1,1,2,1,1
