市场代码,合约代码,时间,最新,持仓,增仓,成交额,成交量,开仓,平仓,成交类型,方向,买一价,买二价,买三价,买四价,买五价,卖一价,卖二价,卖三价,卖四价,卖五价,买一量,买二量,买三量,买四量,买五量,卖一量,卖二量,卖三量,卖四量,卖五量
SF,IH2011,2020-10-09 09:29:00.000,3261.4000,2596,0,3913680.000,4.000,-,-,-,-,3261.2000,3255.2000,3253.2000,3251.2000,3250.0000,3274.2000,3277.0000,3278.2000,3278.8000,3285.2000,1,1,1,1,2,1,1,1,1,1
SF,IH2011,2020-10-09 09:30:00.500,3261.4000,2596,0,3913680.000,0,-,-,-,-,3261.2000,3255.2000,3251.2000,3250.0000,3236.2000,3263.0000,3269.0000,3269.2000,3269.4000,3274.2000,1,1,1,2,1,1,1,1,1,1
SF,IH2011,2020-10-09 09:30:01.000,3263.0000,2596,0,4892580.000,1,0,1,多换,S,3263.4000,3263.0000,3261.4000,3261.2000,3259.2000,3269.4000,3274.2000,3277.0000,3278.2000,3278.8000,1,1,2,1,1,2,1,1,1,1
SF,IH2011,2020-10-09 09:30:01.500,3263.0000,2596,0,4892580.000,0,-,-,-,-,3263.6000,3263.4000,3263.0000,3261.2000,3259.2000,3267.0000,3267.6000,3268.0000,3269.2000,3269.4000,1,1,1,1,1,1,1,1,1,2
SF,IH2011,2020-10-09 09:30:02.000,3267.0000,2595,-1,5872680.000,1,0,1,双平,S,3267.0000,3263.8000,3263.6000,3263.4000,3263.0000,3267.6000,3269.4000,3274.2000,3277.0000,3278.8000,1,2,1,1,1,1,2,1,1,1
SF,IH2011,2020-10-09 09:30:02.500,3267.0000,2585,-10,19594080.000,14,2,12,多平,S,3263.8000,3263.6000,3263.4000,3262.0000,3261.2000,3267.6000,3269.4000,3274.2000,3277.0000,3278.0000,1,1,1,1,1,1,2,1,1,1
SF,IH2011,2020-10-09 09:30:03.000,3267.6000,2584,-1,20574360.000,1,0,1,双平,S,3267.6000,3264.8000,3264.0000,3263.8000,3263.4000,3269.2000,3269.4000,3273.2000,3274.2000,3277.0000,2,2,4,1,1,1,1,6,1,1
SF,IH2011,2020-10-09 09:30:03.500,3269.4000,2582,-2,24496500.000,4,1,3,多平,S,3264.8000,3264.0000,3263.8000,3263.4000,3262.0000,3272.6000,3273.2000,3274.2000,3277.0000,3278.0000,2,1,1,1,1,1,6,1,1,1
SF,IH2011,2020-10-09 09:30:04.000,3270.0000,2583,1,25477500.000,1,1,0,双开,S,3268.0000,3265.0000,3264.8000,3263.4000,3262.0000,3270.8000,3272.4000,3272.6000,3273.2000,3274.2000,1,4,2,1,1,1,4,1,6,1
SF,IH2011,2020-10-09 09:30:04.500,3268.0000,2582,-1,27438300.000,2,0,2,多平,S,3267.6000,3265.0000,3264.8000,3263.4000,3262.0000,3270.6000,3272.4000,3272.6000,3273.2000,3274.2000,1,1,2,1,1,4,3,1,6,1
SF,IH2011,2020-10-09 09:30:05.000,3267.6000,2582,0,28418580.000,1,0,1,多换,S,3267.8000,3264.8000,3263.4000,3261.2000,3251.2000,3270.6000,3272.4000,3272.6000,3273.2000,3274.2000,1,1,1,1,1,4,3,1,6,1
SF,IH2011,2020-10-09 09:30:05.500,3268.0000,2581,-1,31361340.000,3,1,2,多平,S,3267.8000,3264.8000,3264.2000,3261.2000,3251.2000,3270.4000,3272.4000,3272.6000,3273.2000,3274.2000,1,1,1,1,1,1,3,1,6,1
SF,IH2011,2020-10-09 09:30:06.000,3270.2000,2580,-1,35284860.000,4,1,3,多平,S,3264.2000,3261.2000,3251.2000,3250.0000,3236.2000,3270.4000,3272.4000,3272.6000,3273.2000,3274.2000,1,1,1,2,1,1,3,1,6,1
SF,IH2011,2020-10-09 09:30:06.500,3270.2000,2580,0,37246200.000,2,1,1,多换,S,3267.0000,3264.8000,3264.4000,3261.2000,3251.2000,3270.4000,3272.4000,3273.2000,3274.2000,3278.0000,1,1,1,1,1,1,3,6,1,1
SF,IH2011,2020-10-09 09:30:07.000,3267.2000,2580,0,38226360.000,1,0,1,多换,S,3264.4000,3261.2000,3251.2000,3250.0000,3236.2000,3270.2000,3270.4000,3272.4000,3273.2000,3274.2000,1,1,1,2,1,1,1,3,6,1
SF,IH2011,2020-10-09 09:30:07.500,3267.2000,2580,0,39206520.000,1,0,1,多换,S,3264.8000,3264.6000,3264.4000,3261.2000,3251.2000,3267.6000,3270.0000,3272.4000,3273.2000,3274.2000,1,3,1,1,1,1,2,3,6,1
SF,IH2011,2020-10-09 09:30:08.000,3267.6000,2578,-2,41167080.000,2,0,2,双平,S,3265.0000,3264.8000,3264.6000,3264.4000,3261.2000,3270.0000,3272.4000,3273.2000,3274.2000,3278.0000,3,1,3,1,1,1,3,6,1,1
SF,IH2011,2020-10-09 09:30:08.500,3267.6000,2578,0,41167080.000,0,-,-,-,-,3265.0000,3264.8000,3264.6000,3264.4000,3261.2000,3269.8000,3270.0000,3272.4000,3273.2000,3274.2000,3,1,3,1,1,1,1,3,6,1
SF,IH2011,2020-10-09 09:30:09.000,3269.8000,2579,1,44109780.000,3,2,1,空开,S,3265.2000,3265.0000,3264.8000,3264.6000,3264.4000,3273.2000,3274.2000,3278.0000,3278.8000,3288.0000,1,3,1,3,1,6,1,1,1,2
SF,IH2011,2020-10-09 09:30:09.500,3269.8000,2579,0,44109780.000,0,-,-,-,-,3265.4000,3265.2000,3265.0000,3264.8000,3264.6000,3270.4000,3273.2000,3274.2000,3278.0000,3278.8000,3,1,3,1,3,1,6,1,1,1
SF,IH2011,2020-10-09 09:30:10.000,3269.8000,2579,0,44109780.000,0,-,-,-,-,3265.6000,3265.4000,3265.0000,3264.8000,3264.6000,3270.4000,3273.2000,3274.2000,3278.0000,3278.8000,1,3,3,1,3,1,6,1,1,1
SF,IH2011,2020-10-09 09:30:10.500,3269.8000,2579,0,44109780.000,0,-,-,-,-,3265.8000,3265.6000,3265.4000,3265.0000,3264.8000,3270.4000,3273.2000,3274.2000,3278.0000,3278.8000,1,1,3,3,1,1,6,1,1,1
SF,IH2011,2020-10-09 09:30:11.000,3269.8000,2579,0,44109780.000,0,-,-,-,-,3266.0000,3265.8000,3265.4000,3265.0000,3264.8000,3270.4000,3273.2000,3274.2000,3278.0000,3278.8000,1,1,3,3,1,1,6,1,1,1
SF,IH2011,2020-10-09 09:30:12.000,3273.2000,2580,1,45091740.000,1,1,0,双开,S,3266.0000,3265.8000,3265.4000,3265.0000,3264.8000,3273.2000,3274.2000,3278.0000,3278.8000,3288.0000,1,1,3,3,1,5,1,1,1,2
SF,IH2011,2020-10-09 09:30:12.500,3273.2000,2580,0,45091740.000,0,-,-,-,-,3266.0000,3265.8000,3265.4000,3265.0000,3264.8000,3270.4000,3273.0000,3273.2000,3274.2000,3278.0000,1,1,3,3,1,1,1,5,1,1
SF,IH2011,2020-10-09 09:30:13.000,3270.4000,2579,-1,46072860.000,1,0,1,双平,S,3267.0000,3266.0000,3265.8000,3265.4000,3265.0000,3273.0000,3273.2000,3274.2000,3278.0000,3278.8000,1,1,1,3,3,1,5,1,1,1
SF,IH2011,2020-10-09 09:30:13.500,3270.4000,2579,0,46072860.000,0,-,-,-,-,3267.2000,3265.8000,3265.4000,3261.2000,3251.2000,3273.0000,3273.2000,3274.2000,3278.0000,3278.8000,1,1,3,1,1,1,5,1,1,1
SF,IH2011,2020-10-09 09:30:14.000,3270.4000,2579,0,46072860.000,0,-,-,-,-,3267.4000,3267.2000,3265.8000,3265.4000,3261.2000,3273.0000,3273.2000,3274.2000,3278.0000,3278.8000,1,1,1,3,1,1,5,1,1,1
SF,IH2011,2020-10-09 09:30:14.500,3270.4000,2579,0,46072860.000,0,-,-,-,-,3267.6000,3265.8000,3261.2000,3251.2000,3250.0000,3273.0000,3273.2000,3274.2000,3278.0000,3278.8000,1,1,1,1,2,1,5,1,1,1
SF,IH2011,2020-10-09 09:30:15.000,3267.8000,2579,0,47053200.000,1,0,1,多换,S,3267.6000,3265.8000,3261.2000,3251.2000,3250.0000,3272.8000,3273.2000,3274.2000,3278.0000,3278.8000,2,1,1,1,2,1,5,1,1,1
SF,IH2011,2020-10-09 09:30:15.500,3267.8000,2579,0,47053200.000,0,-,-,-,-,3267.6000,3265.8000,3261.2000,3251.2000,3250.0000,3272.8000,3273.2000,3274.2000,3278.0000,3278.8000,1,1,1,1,2,1,5,1,1,1
SF,IH2011,2020-10-09 09:30:16.000,3272.6000,2578,-1,49016760.000,2,0,2,多平,S,3267.6000,3265.8000,3261.2000,3251.2000,3250.0000,3272.8000,3273.2000,3274.2000,3278.0000,3278.8000,1,1,1,1,2,1,5,1,1,1
SF,IH2011,2020-10-09 09:30:16.500,3272.6000,2578,0,49016760.000,0,-,-,-,-,3267.6000,3265.8000,3261.2000,3251.2000,3250.0000,3272.8000,3273.2000,3274.2000,3278.0000,3278.8000,1,1,1,1,2,1,5,1,1,1
SF,IH2011,2020-10-09 09:30:17.000,3272.6000,2578,0,49016760.000,0,-,-,-,-,3267.6000,3265.8000,3261.2000,3251.2000,3250.0000,3272.8000,3273.2000,3274.2000,3278.0000,3278.8000,1,1,1,1,2,1,5,1,1,1
SF,IH2011,2020-10-09 09:30:18.000,3272.6000,2578,0,49016760.000,0,-,-,-,-,3267.6000,3265.8000,3261.2000,3251.2000,3250.0000,3272.4000,3272.8000,3273.2000,3274.2000,3278.0000,1,1,1,1,2,1,1,5,1,1
SF,IH2011,2020-10-09 09:30:18.500,3272.6000,2578,0,49016760.000,0,-,-,-,-,3267.6000,3265.8000,3261.2000,3251.2000,3250.0000,3272.2000,3272.4000,3272.8000,3273.2000,3274.2000,1,1,1,1,2,1,2,1,5,1
SF,IH2011,2020-10-09 09:30:19.000,3272.6000,2578,0,49016760.000,0,-,-,-,-,3267.6000,3265.8000,3261.2000,3250.0000,3236.2000,3272.2000,3272.4000,3272.8000,3273.2000,3274.2000,1,1,1,2,1,1,2,1,5,1
SF,IH2011,2020-10-09 09:30:19.500,3267.6000,2577,-1,49997040.000,1,0,1,双平,S,3265.8000,3261.2000,3250.0000,3236.2000,3230.0000,3272.0000,3272.2000,3272.4000,3272.8000,3273.0000,1,1,2,1,1,1,1,2,1,1
SF,IH2011,2020-10-09 09:30:20.000,3267.6000,2577,0,49997040.000,0,-,-,-,-,3250.0000,3236.2000,3230.0000,3214.2000,3210.0000,3271.8000,3272.0000,3272.2000,3272.4000,3272.8000,2,1,1,1,2,4,1,1,2,1
SF,IH2011,2020-10-09 09:30:20.500,3271.8000,2578,1,51960060.000,2,1,1,空开,S,3264.8000,3262.4000,3262.0000,3256.4000,3255.8000,3271.8000,3272.4000,3273.0000,3273.2000,3274.2000,1,1,1,1,4,3,1,1,5,1
SF,IH2011,2020-10-09 09:30:21.000,3271.8000,2578,0,51960060.000,0,-,-,-,-,3265.0000,3264.8000,3250.2000,3250.0000,3236.2000,3271.6000,3271.8000,3272.4000,3273.0000,3273.2000,3,2,2,2,1,1,3,1,1,5
SF,IH2011,2020-10-09 09:30:21.500,3271.8000,2578,0,51960060.000,0,-,-,-,-,3265.0000,3264.8000,3250.2000,3250.0000,3236.2000,3271.6000,3271.8000,3272.4000,3273.0000,3273.2000,1,1,2,2,1,1,3,1,1,5
SF,IH2011,2020-10-09 09:30:22.000,3271.8000,2578,0,51960060.000,0,-,-,-,-,3265.0000,3264.8000,3250.2000,3250.0000,3236.2000,3271.6000,3271.8000,3272.4000,3273.0000,3273.2000,1,1,2,2,1,1,3,1,1,5
SF,IH2011,2020-10-09 09:30:22.500,3271.8000,2578,0,51960060.000,0,-,-,-,-,3265.2000,3265.0000,3264.8000,3250.2000,3250.0000,3271.6000,3271.8000,3272.4000,3273.0000,3273.2000,1,1,1,2,2,1,3,1,1,5
SF,IH2011,2020-10-09 09:30:23.000,3271.8000,2578,0,51960060.000,0,-,-,-,-,3265.4000,3265.2000,3264.8000,3250.2000,3250.0000,3271.6000,3271.8000,3273.0000,3273.2000,3274.2000,1,1,1,2,2,1,3,1,5,1
SF,IH2011,2020-10-09 09:30:23.500,3271.8000,2578,0,51960060.000,0,-,-,-,-,3267.0000,3265.6000,3265.4000,3265.2000,3250.2000,3271.2000,3271.8000,3273.0000,3273.2000,3274.2000,1,3,1,1,2,1,3,1,5,1
SF,IH2011,2020-10-09 09:30:24.000,3271.8000,2578,0,51960060.000,0,-,-,-,-,3267.2000,3265.6000,3265.2000,3250.2000,3250.0000,3271.2000,3271.8000,3273.0000,3273.2000,3274.2000,1,3,1,2,2,1,3,1,5,1
SF,IH2011,2020-10-09 09:30:24.500,3271.8000,2578,0,51960060.000,0,-,-,-,-,3267.2000,3265.6000,3265.2000,3250.2000,3250.0000,3271.2000,3271.8000,3273.0000,3273.2000,3274.2000,1,3,1,2,2,2,3,1,5,1
SF,IH2011,2020-10-09 09:30:25.000,3271.8000,2578,0,51960060.000,0,-,-,-,-,3267.2000,3265.6000,3265.2000,3250.2000,3250.0000,3271.2000,3271.8000,3272.4000,3273.0000,3273.2000,1,3,1,2,2,2,3,1,1,5
SF,IH2011,2020-10-09 09:30:25.500,3271.8000,2578,0,51960060.000,0,-,-,-,-,3267.2000,3265.6000,3265.2000,3250.2000,3250.0000,3271.0000,3271.2000,3271.8000,3272.4000,3273.0000,1,3,1,2,2,1,1,3,1,1
SF,IH2011,2020-10-09 09:30:26.000,3271.8000,2578,0,51960060.000,0,-,-,-,-,3267.2000,3265.6000,3265.2000,3250.2000,3250.0000,3271.0000,3271.2000,3271.8000,3272.4000,3273.0000,1,3,1,2,2,1,1,3,1,1
SF,IH2011,2020-10-09 09:30:26.500,3271.8000,2578,0,51960060.000,0,-,-,-,-,3267.2000,3265.6000,3265.2000,3250.2000,3250.0000,3270.6000,3271.0000,3271.8000,3272.4000,3273.0000,1,3,1,2,2,1,1,3,1,1
SF,IH2011,2020-10-09 09:30:27.000,3267.2000,2577,-1,52940220.000,1,0,1,双平,S,3265.6000,3265.2000,3250.2000,3250.0000,3236.2000,3267.2000,3270.4000,3270.6000,3271.0000,3271.8000,3,1,2,2,1,1,1,1,1,3
SF,IH2011,2020-10-09 09:30:27.500,3267.2000,2577,0,53920380.000,1,0,1,多换,S,3267.2000,3265.6000,3265.2000,3250.2000,3250.0000,3270.4000,3270.6000,3271.8000,3272.4000,3273.0000,2,3,1,2,2,1,1,3,1,1
SF,IH2011,2020-10-09 09:30:28.000,3267.2000,2575,-2,55880700.000,2,0,2,双平,S,3250.2000,3250.0000,3236.2000,3230.0000,3214.2000,3270.4000,3270.6000,3271.8000,3272.4000,3273.0000,2,2,1,1,1,1,1,3,1,1
SF,IH2011,2020-10-09 09:30:28.500,3267.2000,2575,0,55880700.000,0,-,-,-,-,3264.8000,3261.2000,3256.8000,3256.0000,3255.4000,3270.4000,3270.6000,3271.8000,3272.4000,3273.0000,2,1,1,4,1,1,1,3,1,1
SF,IH2011,2020-10-09 09:30:29.000,3267.2000,2575,0,55880700.000,0,-,-,-,-,3265.0000,3264.8000,3250.4000,3250.2000,3250.0000,3269.6000,3270.4000,3271.8000,3272.4000,3273.0000,1,2,2,2,2,1,1,3,1,1
SF,IH2011,2020-10-09 09:30:29.500,3267.2000,2575,0,55880700.000,0,-,-,-,-,3265.2000,3264.8000,3250.4000,3250.2000,3250.0000,3269.6000,3271.8000,3272.4000,3273.0000,3273.2000,1,2,2,2,2,1,3,1,1,5
SF,IH2011,2020-10-09 09:30:30.000,3267.2000,2575,0,55880700.000,0,-,-,-,-,3265.2000,3264.8000,3250.4000,3250.2000,3250.0000,3269.6000,3271.8000,3272.4000,3273.0000,3273.2000,1,2,2,2,2,1,3,1,1,5
SF,IH2011,2020-10-09 09:30:30.500,3267.2000,2575,0,55880700.000,0,-,-,-,-,3265.2000,3264.8000,3250.4000,3250.2000,3250.0000,3269.6000,3271.8000,3272.4000,3273.0000,3273.2000,1,2,2,2,2,1,3,1,1,5
SF,IH2011,2020-10-09 09:30:31.000,3267.2000,2575,0,55880700.000,0,-,-,-,-,3265.2000,3264.8000,3250.4000,3250.2000,3250.0000,3269.6000,3271.8000,3272.4000,3273.0000,3273.2000,1,2,2,2,2,1,3,1,1,5
SF,IH2011,2020-10-09 09:30:31.500,3267.2000,2575,0,55880700.000,0,-,-,-,-,3265.2000,3264.8000,3250.4000,3250.2000,3250.0000,3269.6000,3271.8000,3272.4000,3273.0000,3273.2000,1,2,2,2,2,1,3,1,1,5
SF,IH2011,2020-10-09 09:30:32.000,3267.2000,2575,0,55880700.000,0,-,-,-,-,3265.2000,3264.8000,3250.4000,3250.2000,3250.0000,3269.6000,3271.8000,3272.4000,3273.0000,3273.2000,1,2,2,2,2,1,3,1,1,5
SF,IH2011,2020-10-09 09:30:32.500,3267.2000,2575,0,55880700.000,0,-,-,-,-,3265.2000,3264.8000,3250.4000,3250.2000,3250.0000,3269.6000,3271.8000,3272.4000,3273.0000,3273.2000,1,1,2,2,2,1,3,1,1,5
SF,IH2011,2020-10-09 09:30:33.000,3267.2000,2575,0,55880700.000,0,-,-,-,-,3265.2000,3250.4000,3250.2000,3250.0000,3236.2000,3269.6000,3271.8000,3272.4000,3273.0000,3273.2000,1,2,2,2,1,1,3,1,1,5
SF,IH2011,2020-10-09 09:30:33.500,3267.2000,2575,0,55880700.000,0,-,-,-,-,3250.4000,3250.2000,3250.0000,3236.2000,3230.0000,3269.4000,3269.6000,3271.8000,3272.4000,3273.0000,2,2,2,1,1,1,1,3,1,1
SF,IH2011,2020-10-09 09:30:34.000,3269.4000,2574,-1,56861520.000,1,0,1,双平,S,3264.8000,3262.0000,3260.4000,3256.2000,3254.8000,3269.6000,3271.8000,3272.4000,3273.0000,3273.2000,1,1,1,5,1,1,3,1,1,5
SF,IH2011,2020-10-09 09:30:34.500,3269.4000,2574,0,56861520.000,0,-,-,-,-,3265.0000,3264.8000,3262.0000,3250.6000,3250.4000,3269.6000,3271.8000,3272.4000,3273.0000,3273.2000,1,1,1,2,2,1,3,1,1,5
SF,IH2011,2020-10-09 09:30:35.000,3269.4000,2574,0,56861520.000,0,-,-,-,-,3265.0000,3264.8000,3250.6000,3250.4000,3250.2000,3269.6000,3271.8000,3272.4000,3273.0000,3273.2000,1,1,2,2,1,1,3,1,1,5
SF,IH2011,2020-10-09 09:30:35.500,3269.4000,2574,0,56861520.000,0,-,-,-,-,3265.2000,3265.0000,3264.8000,3250.6000,3250.4000,3269.6000,3271.8000,3272.4000,3273.0000,3273.2000,1,1,1,2,2,1,3,1,1,5
SF,IH2011,2020-10-09 09:30:36.000,3269.4000,2574,0,56861520.000,0,-,-,-,-,3265.4000,3265.2000,3264.8000,3250.6000,3250.4000,3269.6000,3271.8000,3272.4000,3273.0000,3273.2000,1,1,1,2,2,1,3,1,1,5
SF,IH2011,2020-10-09 09:30:36.500,3269.4000,2574,0,56861520.000,0,-,-,-,-,3265.4000,3264.8000,3250.6000,3250.4000,3250.2000,3269.6000,3271.8000,3272.4000,3273.0000,3273.2000,1,1,2,2,1,1,3,1,1,5
SF,IH2011,2020-10-09 09:30:37.000,3269.4000,2576,2,58823160.000,2,2,0,双开,S,3265.4000,3264.8000,3250.6000,3250.4000,3250.2000,3269.6000,3271.8000,3272.4000,3273.0000,3273.2000,1,1,2,2,1,1,3,1,1,5
SF,IH2011,2020-10-09 09:30:37.500,3269.4000,2576,0,58823160.000,0,-,-,-,-,3265.4000,3264.8000,3250.6000,3250.4000,3250.2000,3269.6000,3271.8000,3272.4000,3273.0000,3273.2000,1,1,2,2,1,1,3,1,1,5
SF,IH2011,2020-10-09 09:30:38.000,3269.4000,2576,0,58823160.000,0,-,-,-,-,3265.4000,3264.8000,3250.6000,3250.4000,3250.2000,3269.6000,3271.8000,3272.4000,3273.0000,3273.2000,1,1,2,2,1,1,3,1,1,5
SF,IH2011,2020-10-09 09:30:38.500,3269.4000,2576,0,58823160.000,0,-,-,-,-,3265.4000,3250.6000,3250.4000,3250.2000,3250.0000,3267.6000,3269.0000,3271.8000,3272.4000,3273.0000,1,2,2,1,2,1,1,3,1,1
SF,IH2011,2020-10-09 09:30:39.000,3267.4000,2574,-2,60783000.000,2,0,2,双平,S,3250.6000,3250.4000,3250.2000,3250.0000,3236.2000,3267.0000,3269.0000,3271.8000,3272.4000,3273.0000,2,2,1,2,1,1,1,3,1,1
SF,IH2011,2020-10-09 09:30:39.500,3267.4000,2574,0,60783000.000,0,-,-,-,-,3262.6000,3262.0000,3255.0000,3254.6000,3253.2000,3266.8000,3269.0000,3271.8000,3272.4000,3273.0000,1,1,4,1,1,1,1,3,1,1
SF,IH2011,2020-10-09 09:30:40.000,3267.4000,2574,0,60783000.000,0,-,-,-,-,3250.8000,3250.6000,3250.4000,3250.2000,3250.0000,3266.6000,3266.8000,3268.0000,3269.0000,3271.8000,3,2,2,1,2,1,1,3,1,3
SF,IH2011,2020-10-09 09:30:40.500,3262.6000,2574,0,61761780.000,1,0,1,多换,S,3262.0000,3260.0000,3258.2000,3254.4000,3253.8000,3266.0000,3266.4000,3266.6000,3268.0000,3271.8000,1,1,1,4,1,1,1,1,3,3
SF,IH2011,2020-10-09 09:30:41.000,3262.6000,2574,0,61761780.000,0,-,-,-,-,3262.0000,3258.2000,3253.8000,3252.4000,3250.8000,3265.8000,3266.0000,3268.0000,3271.8000,3272.4000,1,1,1,1,3,1,1,3,3,1
SF,IH2011,2020-10-09 09:30:41.500,3262.6000,2574,0,61761780.000,0,-,-,-,-,3250.8000,3250.6000,3250.4000,3250.2000,3250.0000,3265.8000,3266.0000,3268.0000,3271.8000,3272.4000,3,1,2,1,2,1,1,3,3,1
SF,IH2011,2020-10-09 09:30:42.000,3262.6000,2574,0,61761780.000,0,-,-,-,-,3259.4000,3259.2000,3256.0000,3254.4000,3253.2000,3265.8000,3268.0000,3271.8000,3272.4000,3273.0000,1,1,1,4,1,2,3,3,1,1
SF,IH2011,2020-10-09 09:30:42.500,3265.6000,2572,-2,63720900.000,2,0,2,双平,S,3260.4000,3259.6000,3259.2000,3251.0000,3250.8000,3265.8000,3268.0000,3270.0000,3271.8000,3272.4000,1,1,1,1,3,1,3,1,3,1
SF,IH2011,2020-10-09 09:30:43.000,3265.6000,2572,0,63720900.000,0,-,-,-,-,3260.4000,3259.6000,3259.2000,3250.8000,3250.6000,3264.6000,3265.8000,3268.0000,3270.0000,3271.8000,1,1,1,3,1,1,1,3,1,3
SF,IH2011,2020-10-09 09:30:43.500,3265.6000,2572,0,63720900.000,0,-,-,-,-,3260.6000,3260.4000,3259.6000,3259.2000,3250.8000,3264.4000,3268.0000,3270.0000,3271.8000,3272.4000,3,1,1,1,3,1,3,1,3,1
SF,IH2011,2020-10-09 09:30:44.000,3265.6000,2572,0,63720900.000,0,-,-,-,-,3259.2000,3250.8000,3250.6000,3250.4000,3250.2000,3264.4000,3268.0000,3270.0000,3271.8000,3272.4000,1,3,1,2,1,1,3,1,3,1
SF,IH2011,2020-10-09 09:30:44.500,3265.6000,2572,0,63720900.000,0,-,-,-,-,3260.4000,3259.4000,3259.2000,3250.8000,3250.6000,3264.4000,3268.0000,3270.0000,3271.8000,3272.4000,1,1,1,3,1,1,3,1,3,1
SF,IH2011,2020-10-09 09:30:45.000,3265.6000,2572,0,63720900.000,0,-,-,-,-,3260.4000,3259.4000,3259.2000,3250.8000,3250.6000,3263.6000,3264.4000,3268.0000,3270.0000,3271.8000,1,1,1,3,1,1,1,3,1,3
SF,IH2011,2020-10-09 09:30:45.500,3264.4000,2571,-1,64700220.000,1,0,1,双平,S,3260.6000,3250.8000,3250.6000,3250.4000,3250.2000,3263.6000,3268.0000,3270.0000,3271.8000,3272.4000,1,3,1,2,1,1,3,1,3,1
SF,IH2011,2020-10-09 09:30:46.000,3264.4000,2571,0,64700220.000,0,-,-,-,-,3260.6000,3250.8000,3250.6000,3250.4000,3250.2000,3263.6000,3268.0000,3270.0000,3271.8000,3272.4000,1,3,1,2,1,1,3,1,3,1
SF,IH2011,2020-10-09 09:30:46.500,3264.4000,2571,0,64700220.000,0,-,-,-,-,3260.6000,3250.8000,3250.6000,3250.4000,3250.2000,3263.6000,3268.0000,3270.0000,3271.8000,3272.4000,1,3,1,2,1,1,3,1,3,1
SF,IH2011,2020-10-09 09:30:47.000,3260.6000,2570,-1,65678400.000,1,0,1,双平,S,3250.0000,3236.2000,3230.0000,3214.2000,3194.2000,3263.4000,3263.6000,3268.0000,3270.0000,3271.8000,2,1,1,1,1,1,1,3,1,3
SF,IH2011,2020-10-09 09:30:47.500,3260.6000,2570,0,65678400.000,0,-,-,-,-,3260.4000,3259.2000,3257.8000,3253.2000,3251.6000,3263.4000,3263.6000,3268.0000,3270.0000,3271.8000,1,1,1,4,1,1,1,3,1,3
SF,IH2011,2020-10-09 09:30:48.000,3260.6000,2570,0,65678400.000,0,-,-,-,-,3260.4000,3259.2000,3251.6000,3250.2000,3250.0000,3263.4000,3263.6000,3268.0000,3270.0000,3271.8000,1,1,1,2,2,1,1,3,1,3
SF,IH2011,2020-10-09 09:30:48.500,3260.6000,2570,0,65678400.000,0,-,-,-,-,3250.2000,3250.0000,3236.2000,3230.0000,3214.2000,3263.4000,3263.6000,3268.0000,3270.0000,3271.8000,1,2,1,1,1,1,1,3,1,3
SF,IH2011,2020-10-09 09:30:49.000,3260.6000,2570,0,65678400.000,0,-,-,-,-,3260.4000,3259.2000,3257.8000,3253.2000,3251.8000,3263.4000,3263.6000,3268.0000,3270.0000,3271.8000,1,1,1,4,1,1,1,3,1,3
SF,IH2011,2020-10-09 09:30:49.500,3260.6000,2570,0,65678400.000,0,-,-,-,-,3260.4000,3259.2000,3251.8000,3250.4000,3250.2000,3263.4000,3263.6000,3268.0000,3270.0000,3271.8000,1,1,1,1,1,1,1,3,1,3
SF,IH2011,2020-10-09 09:30:50.000,3260.6000,2570,0,65678400.000,0,-,-,-,-,3260.6000,3260.4000,3259.2000,3250.2000,3250.0000,3263.4000,3263.6000,3268.0000,3270.0000,3271.8000,1,1,1,1,2,1,1,3,1,3
SF,IH2011,2020-10-09 09:30:50.500,3260.6000,2570,0,65678400.000,0,-,-,-,-,3260.4000,3259.2000,3250.2000,3250.0000,3236.2000,3261.4000,3263.4000,3268.0000,3270.0000,3271.8000,1,1,1,2,1,1,1,3,1,3
SF,IH2011,2020-10-09 09:30:51.000,3261.4000,2569,-1,67635240.000,2,0,2,多平,S,3260.4000,3259.2000,3250.2000,3250.0000,3236.2000,3263.4000,3268.0000,3270.0000,3271.8000,3272.4000,1,1,1,2,1,1,3,1,3,1
SF,IH2011,2020-10-09 09:30:51.500,3261.4000,2569,0,67635240.000,0,-,-,-,-,3260.4000,3259.2000,3250.2000,3250.0000,3236.2000,3263.4000,3268.0000,3270.0000,3271.8000,3272.4000,1,1,1,2,1,1,3,1,3,1
SF,IH2011,2020-10-09 09:30:52.000,3261.4000,2569,0,67635240.000,0,-,-,-,-,3260.4000,3259.2000,3250.2000,3250.0000,3236.2000,3263.4000,3268.0000,3270.0000,3271.8000,3272.4000,1,1,1,2,1,1,3,1,3,1
SF,IH2011,2020-10-09 09:30:52.500,3261.4000,2569,0,67635240.000,0,-,-,-,-,3260.4000,3259.2000,3256.8000,3250.2000,3250.0000,3263.4000,3268.0000,3270.0000,3271.8000,3272.4000,1,1,1,1,2,1,3,1,3,1
SF,IH2011,2020-10-09 09:30:53.000,3261.4000,2569,0,67635240.000,0,-,-,-,-,3259.2000,3256.8000,3250.2000,3250.0000,3236.2000,3263.4000,3268.0000,3270.0000,3271.8000,3272.4000,1,1,1,2,1,1,3,1,3,1
SF,IH2011,2020-10-09 09:30:53.500,3261.4000,2569,0,67635240.000,0,-,-,-,-,3259.2000,3256.8000,3250.2000,3250.0000,3236.2000,3263.4000,3268.0000,3270.0000,3271.8000,3272.4000,1,1,1,2,1,1,3,1,3,1
SF,IH2011,2020-10-09 09:30:54.000,3261.4000,2569,0,67635240.000,0,-,-,-,-,3259.2000,3256.8000,3250.2000,3250.0000,3236.2000,3263.4000,3268.0000,3270.0000,3271.8000,3272.4000,1,1,1,2,1,1,3,1,3,1
SF,IH2011,2020-10-09 09:30:54.500,3263.2000,2571,2,70572120.000,3,2,1,空开,S,3259.2000,3256.8000,3250.2000,3250.0000,3236.2000,3263.4000,3268.0000,3270.0000,3271.8000,3272.4000,1,1,1,2,1,1,3,1,3,1
SF,IH2011,2020-10-09 09:30:55.000,3263.2000,2571,0,70572120.000,0,-,-,-,-,3259.2000,3256.8000,3250.2000,3250.0000,3236.2000,3263.4000,3268.0000,3270.0000,3271.8000,3272.4000,1,1,1,2,1,1,3,1,3,1
SF,IH2011,2020-10-09 09:30:55.500,3263.2000,2571,0,70572120.000,0,-,-,-,-,3259.4000,3259.2000,3256.8000,3250.2000,3250.0000,3260.0000,3263.4000,3268.0000,3270.0000,3271.8000,1,1,1,1,2,1,1,3,1,3
SF,IH2011,2020-10-09 09:30:56.000,3263.4000,2569,-2,74484960.000,4,1,3,多平,S,3260.0000,3256.8000,3250.0000,3236.2000,3230.0000,3268.0000,3270.0000,3271.8000,3272.4000,3273.0000,2,1,2,1,1,3,1,3,1,1
SF,IH2011,2020-10-09 09:30:56.500,3263.4000,2569,0,74484960.000,0,-,-,-,-,3260.2000,3260.0000,3256.8000,3250.0000,3236.2000,3262.8000,3267.8000,3268.0000,3270.0000,3271.8000,1,2,1,2,1,1,1,3,1,3
SF,IH2011,2020-10-09 09:30:57.000,3263.4000,2569,0,74484960.000,0,-,-,-,-,3260.2000,3260.0000,3256.8000,3250.0000,3236.2000,3262.6000,3267.8000,3268.0000,3270.0000,3271.8000,1,1,1,2,1,1,1,3,1,3
SF,IH2011,2020-10-09 09:30:57.500,3263.4000,2569,0,74484960.000,0,-,-,-,-,3260.2000,3260.0000,3256.8000,3250.0000,3236.2000,3262.6000,3267.8000,3268.0000,3270.0000,3271.8000,1,1,1,2,1,1,1,3,1,3
SF,IH2011,2020-10-09 09:30:58.000,3262.4000,2570,1,77420460.000,3,2,1,空开,S,3260.0000,3256.8000,3250.0000,3236.2000,3230.0000,3262.6000,3267.8000,3268.0000,3270.0000,3271.8000,1,1,2,1,2,1,1,3,1,3
SF,IH2011,2020-10-09 09:30:58.500,3260.0000,2569,-1,78398460.000,1,0,1,双平,S,3256.8000,3250.0000,3236.2000,3230.0000,3214.2000,3262.4000,3262.6000,3267.8000,3268.0000,3270.0000,1,2,1,2,1,1,1,1,3,1
SF,IH2011,2020-10-09 09:30:59.000,3260.0000,2569,0,78398460.000,0,-,-,-,-,3258.2000,3257.0000,3256.8000,3250.0000,3236.2000,3262.2000,3262.4000,3262.6000,3267.8000,3268.0000,1,1,1,2,1,1,1,1,1,3
SF,IH2011,2020-10-09 09:30:59.500,3258.2000,2568,-1,79375920.000,1,0,1,双平,S,3257.0000,3256.8000,3250.0000,3236.2000,3230.0000,3258.2000,3262.0000,3262.2000,3262.6000,3267.8000,1,1,2,1,2,1,1,1,1,1
SF,IH2011,2020-10-09 09:31:00.000,3258.2000,2567,-1,80353380.000,1,0,1,双平,S,3259.0000,3258.2000,3257.0000,3250.0000,3236.2000,3262.0000,3262.2000,3262.6000,3267.8000,3268.0000,2,1,1,2,1,1,1,1,1,3
SF,IH2011,2020-10-09 09:31:00.500,3258.2000,2567,0,80353380.000,0,-,-,-,-,3259.2000,3259.0000,3257.0000,3250.0000,3236.2000,3261.8000,3262.2000,3262.6000,3267.8000,3268.0000,2,2,1,2,1,1,1,1,1,3
SF,IH2011,2020-10-09 09:31:01.000,3258.2000,2567,0,80353380.000,0,-,-,-,-,3259.4000,3259.2000,3259.0000,3257.0000,3250.0000,3262.2000,3262.6000,3267.8000,3268.0000,3270.0000,1,2,2,1,2,1,1,1,3,1
SF,IH2011,2020-10-09 09:31:01.500,3262.2000,2567,0,82310640.000,2,1,1,多换,S,3259.6000,3259.4000,3259.2000,3259.0000,3250.0000,3268.0000,3270.0000,3271.8000,3272.4000,3273.0000,2,1,1,2,2,3,1,3,1,1
SF,IH2011,2020-10-09 09:31:02.000,3262.2000,2567,0,82310640.000,0,-,-,-,-,3259.8000,3259.6000,3259.2000,3259.0000,3250.0000,3264.8000,3267.8000,3268.0000,3270.0000,3271.8000,1,2,1,2,2,1,1,3,1,3
SF,IH2011,2020-10-09 09:31:02.500,3262.2000,2567,0,82310640.000,0,-,-,-,-,3260.0000,3259.8000,3259.6000,3259.2000,3259.0000,3264.6000,3268.0000,3270.0000,3271.8000,3272.4000,4,1,1,1,2,1,3,1,3,1
SF,IH2011,2020-10-09 09:31:03.000,3262.2000,2567,0,82310640.000,0,-,-,-,-,3262.0000,3260.2000,3260.0000,3259.6000,3259.0000,3264.6000,3268.0000,3270.0000,3271.8000,3272.4000,1,1,4,1,2,1,3,1,3,1
SF,IH2011,2020-10-09 09:31:03.500,3262.2000,2564,-3,85246620.000,3,0,3,双平,S,3262.2000,3262.0000,3250.0000,3236.2000,3230.0000,3268.0000,3270.0000,3271.8000,3272.4000,3273.0000,3,1,2,1,2,3,1,3,1,1
SF,IH2011,2020-10-09 09:31:04.000,3262.2000,2564,0,85246620.000,0,-,-,-,-,3262.2000,3262.0000,3250.0000,3236.2000,3230.0000,3267.0000,3267.8000,3268.0000,3270.0000,3271.8000,3,1,2,1,2,1,1,3,1,3
SF,IH2011,2020-10-09 09:31:04.500,3262.2000,2564,0,85246620.000,0,-,-,-,-,3264.8000,3262.4000,3262.2000,3250.0000,3236.2000,3266.8000,3268.0000,3270.0000,3271.8000,3272.4000,1,4,3,2,1,1,3,1,3,1
SF,IH2011,2020-10-09 09:31:05.000,3264.2000,2563,-1,86225880.000,1,0,1,双平,S,3262.4000,3262.2000,3250.0000,3236.2000,3230.0000,3266.8000,3268.0000,3270.0000,3271.8000,3272.4000,4,2,2,1,2,1,3,1,3,1
SF,IH2011,2020-10-09 09:31:05.500,3264.2000,2563,0,86225880.000,0,-,-,-,-,3262.6000,3262.4000,3250.0000,3236.2000,3230.0000,3266.6000,3266.8000,3268.0000,3270.0000,3271.8000,2,4,2,1,2,1,1,3,1,3
SF,IH2011,2020-10-09 09:31:06.000,3264.2000,2563,0,86225880.000,0,-,-,-,-,3262.6000,3262.4000,3250.0000,3236.2000,3230.0000,3266.4000,3266.6000,3268.0000,3270.0000,3271.8000,2,4,2,1,2,1,1,3,1,3
SF,IH2011,2020-10-09 09:31:06.500,3264.2000,2563,0,86225880.000,0,-,-,-,-,3262.6000,3262.4000,3250.0000,3236.2000,3230.0000,3266.2000,3266.4000,3268.0000,3270.0000,3271.8000,2,4,2,1,2,1,1,3,1,3
SF,IH2011,2020-10-09 09:31:07.000,3264.2000,2563,0,86225880.000,0,-,-,-,-,3262.6000,3262.4000,3250.0000,3236.2000,3230.0000,3266.0000,3266.2000,3268.0000,3270.0000,3271.8000,2,4,2,1,2,1,1,3,1,3
SF,IH2011,2020-10-09 09:31:07.500,3264.2000,2563,0,86225880.000,0,-,-,-,-,3262.6000,3262.4000,3250.0000,3236.2000,3230.0000,3265.8000,3266.0000,3268.0000,3270.0000,3271.8000,2,4,2,1,2,1,1,3,1,3
SF,IH2011,2020-10-09 09:31:08.000,3264.2000,2563,0,86225880.000,0,-,-,-,-,3262.6000,3262.4000,3250.0000,3236.2000,3230.0000,3265.6000,3265.8000,3268.0000,3270.0000,3271.8000,2,4,2,1,2,1,1,3,1,3
SF,IH2011,2020-10-09 09:31:08.500,3264.2000,2563,0,86225880.000,0,-,-,-,-,3262.6000,3262.4000,3250.0000,3236.2000,3230.0000,3265.4000,3265.6000,3268.0000,3270.0000,3271.8000,2,4,2,1,2,1,1,3,1,3
SF,IH2011,2020-10-09 09:31:09.000,3264.2000,2563,0,86225880.000,0,-,-,-,-,3262.6000,3262.4000,3250.0000,3236.2000,3230.0000,3265.2000,3265.4000,3268.0000,3270.0000,3271.8000,2,4,2,1,2,1,1,3,1,3
SF,IH2011,2020-10-09 09:31:09.500,3264.2000,2563,0,86225880.000,0,-,-,-,-,3262.6000,3262.4000,3250.0000,3236.2000,3230.0000,3265.0000,3265.2000,3268.0000,3270.0000,3271.8000,2,4,2,1,2,1,1,3,1,3
SF,IH2011,2020-10-09 09:31:10.000,3264.2000,2563,0,86225880.000,0,-,-,-,-,3262.6000,3262.4000,3250.0000,3236.2000,3230.0000,3265.0000,3268.0000,3270.0000,3271.8000,3272.4000,2,4,2,1,2,1,3,1,3,1
SF,IH2011,2020-10-09 09:31:10.500,3265.0000,2562,-1,87205380.000,1,0,1,双平,S,3262.6000,3262.4000,3250.0000,3236.2000,3230.0000,3268.0000,3270.0000,3271.8000,3272.4000,3273.0000,2,4,2,1,2,3,1,3,1,1
SF,IH2011,2020-10-09 09:31:11.000,3265.0000,2562,0,87205380.000,0,-,-,-,-,3262.8000,3262.6000,3262.4000,3250.0000,3236.2000,3267.8000,3268.0000,3270.0000,3271.8000,3272.4000,1,2,4,2,1,1,3,1,3,1
SF,IH2011,2020-10-09 09:31:11.500,3265.0000,2562,0,87205380.000,0,-,-,-,-,3263.0000,3262.8000,3262.6000,3262.4000,3250.0000,3267.8000,3268.0000,3270.0000,3271.8000,3272.4000,4,1,1,4,2,1,3,1,3,1
SF,IH2011,2020-10-09 09:31:12.000,3265.0000,2562,0,87205380.000,0,-,-,-,-,3263.2000,3263.0000,3262.6000,3262.4000,3250.0000,3265.6000,3267.8000,3268.0000,3270.0000,3271.8000,1,4,1,4,2,1,1,3,1,3
SF,IH2011,2020-10-09 09:31:12.500,3265.6000,2561,-1,88185060.000,1,0,1,双平,S,3263.4000,3263.2000,3263.0000,3262.6000,3262.4000,3267.8000,3268.0000,3270.0000,3271.8000,3272.4000,3,1,3,1,4,1,3,1,3,1
SF,IH2011,2020-10-09 09:31:13.000,3265.6000,2561,0,88185060.000,0,-,-,-,-,3263.6000,3263.4000,3263.0000,3262.6000,3262.4000,3267.8000,3268.0000,3270.0000,3271.8000,3272.4000,1,3,3,1,4,1,3,1,3,1
SF,IH2011,2020-10-09 09:31:13.500,3265.6000,2561,0,88185060.000,0,-,-,-,-,3263.8000,3263.6000,3263.4000,3263.0000,3262.6000,3267.8000,3268.0000,3270.0000,3271.8000,3272.4000,2,1,2,3,1,1,3,1,3,1
SF,IH2011,2020-10-09 09:31:14.000,3265.6000,2561,0,88185060.000,0,-,-,-,-,3264.0000,3263.8000,3263.4000,3263.0000,3262.6000,3267.8000,3268.0000,3270.0000,3271.8000,3272.4000,1,2,2,3,1,1,3,1,3,1
SF,IH2011,2020-10-09 09:31:14.500,3265.6000,2561,0,88185060.000,0,-,-,-,-,3264.2000,3264.0000,3263.8000,3263.4000,3263.0000,3267.8000,3268.0000,3270.0000,3271.8000,3272.4000,4,1,1,2,3,1,3,1,3,1
SF,IH2011,2020-10-09 09:31:15.000,3264.4000,2560,-1,89164380.000,1,0,1,双平,S,3264.2000,3263.8000,3263.4000,3263.0000,3262.6000,3267.6000,3267.8000,3268.0000,3270.0000,3271.8000,4,1,2,3,1,1,1,3,1,3
SF,IH2011,2020-10-09 09:31:15.500,3264.4000,2560,0,89164380.000,0,-,-,-,-,3264.2000,3263.8000,3263.4000,3263.0000,3262.6000,3267.4000,3267.6000,3268.0000,3270.0000,3271.8000,3,1,2,3,1,1,1,3,1,3
SF,IH2011,2020-10-09 09:31:16.000,3267.4000,2560,0,91124760.000,2,1,1,多换,S,3264.4000,3263.8000,3263.4000,3263.0000,3262.6000,3268.0000,3270.0000,3271.8000,3272.4000,3273.0000,1,1,2,3,1,3,1,3,1,1
SF,IH2011,2020-10-09 09:31:16.500,3267.4000,2560,0,91124760.000,0,-,-,-,-,3264.4000,3263.4000,3263.0000,3262.6000,3262.4000,3267.6000,3267.8000,3268.0000,3270.0000,3271.8000,1,2,3,1,4,1,1,3,1,3
SF,IH2011,2020-10-09 09:31:17.000,3267.4000,2560,0,91124760.000,0,-,-,-,-,3265.6000,3264.4000,3263.4000,3263.0000,3262.6000,3267.4000,3267.6000,3268.0000,3270.0000,3271.8000,1,1,2,3,1,1,1,3,1,3
SF,IH2011,2020-10-09 09:31:17.500,3265.6000,2560,0,92104440.000,1,0,1,多换,S,3264.4000,3262.6000,3262.4000,3250.0000,3236.2000,3265.6000,3267.4000,3267.6000,3268.0000,3270.0000,1,1,4,2,1,2,1,1,3,1
SF,IH2011,2020-10-09 09:31:18.000,3264.4000,2559,-1,93083760.000,1,0,1,双平,S,3262.6000,3262.4000,3250.0000,3236.2000,3230.0000,3265.6000,3267.4000,3267.6000,3268.0000,3270.0000,1,4,2,1,2,1,1,2,3,1
SF,IH2011,2020-10-09 09:31:18.500,3264.4000,2559,0,93083760.000,0,-,-,-,-,3262.8000,3262.6000,3262.4000,3250.0000,3236.2000,3265.4000,3265.6000,3267.4000,3267.6000,3268.0000,2,1,4,2,1,1,1,1,2,3
SF,IH2011,2020-10-09 09:31:19.000,3264.4000,2559,0,93083760.000,0,-,-,-,-,3262.8000,3262.6000,3262.4000,3250.0000,3236.2000,3265.4000,3265.6000,3267.4000,3267.6000,3268.0000,2,1,4,2,1,1,1,1,2,3
SF,IH2011,2020-10-09 09:31:20.500,3265.4000,2558,-1,94063380.000,1,0,1,双平,S,3263.0000,3262.8000,3262.6000,3262.4000,3250.0000,3265.6000,3267.4000,3267.6000,3268.0000,3270.0000,1,2,1,4,2,1,1,2,3,1
SF,IH2011,2020-10-09 09:31:21.000,3265.4000,2558,0,94063380.000,0,-,-,-,-,3263.2000,3263.0000,3262.8000,3262.6000,3262.4000,3265.6000,3267.4000,3267.6000,3268.0000,3270.0000,2,1,1,1,4,1,1,1,3,1
SF,IH2011,2020-10-09 09:31:21.500,3265.4000,2558,0,94063380.000,0,-,-,-,-,3263.2000,3263.0000,3262.8000,3262.6000,3262.4000,3267.4000,3267.6000,3268.0000,3270.0000,3271.8000,2,1,1,1,4,1,1,3,1,3
SF,IH2011,2020-10-09 09:31:22.000,3265.4000,2558,0,94063380.000,0,-,-,-,-,3263.4000,3263.2000,3262.8000,3262.6000,3262.4000,3267.4000,3267.6000,3268.0000,3270.0000,3270.2000,1,2,1,1,4,1,1,3,1,1
SF,IH2011,2020-10-09 09:31:22.500,3265.4000,2558,0,94063380.000,0,-,-,-,-,3263.6000,3263.4000,3263.2000,3262.8000,3262.6000,3267.4000,3267.6000,3268.0000,3270.0000,3270.2000,4,1,1,1,1,1,1,3,1,1
SF,IH2011,2020-10-09 09:31:23.000,3265.4000,2558,0,94063380.000,0,-,-,-,-,3263.8000,3263.6000,3263.2000,3262.8000,3262.6000,3267.4000,3267.6000,3268.0000,3270.0000,3270.2000,1,4,1,1,1,1,1,3,1,1
SF,IH2011,2020-10-09 09:31:23.500,3265.4000,2558,0,94063380.000,0,-,-,-,-,3264.0000,3263.8000,3263.6000,3263.2000,3262.8000,3267.4000,3267.6000,3268.0000,3270.0000,3270.2000,2,1,3,1,1,1,1,3,1,1
SF,IH2011,2020-10-09 09:31:24.000,3265.4000,2558,0,94063380.000,0,-,-,-,-,3264.2000,3264.0000,3263.6000,3263.2000,3262.8000,3267.4000,3267.6000,3268.0000,3270.0000,3270.2000,1,2,3,1,1,1,1,3,1,1
SF,IH2011,2020-10-09 09:31:24.500,3265.4000,2558,0,94063380.000,0,-,-,-,-,3264.4000,3264.2000,3263.6000,3263.2000,3262.8000,3267.4000,3267.6000,3268.0000,3270.0000,3270.2000,1,1,3,1,1,1,1,3,1,1
SF,IH2011,2020-10-09 09:31:25.000,3265.4000,2558,0,94063380.000,0,-,-,-,-,3264.6000,3264.4000,3263.6000,3263.2000,3262.8000,3267.4000,3267.6000,3268.0000,3270.0000,3270.2000,1,1,3,1,1,1,1,3,1,1
SF,IH2011,2020-10-09 09:31:25.500,3265.4000,2558,0,94063380.000,0,-,-,-,-,3264.8000,3264.6000,3263.6000,3263.2000,3262.8000,3267.4000,3267.6000,3268.0000,3270.0000,3270.2000,1,1,3,1,1,1,1,3,1,11
SF,IH2011,2020-10-09 09:31:26.000,3265.4000,2558,0,94063380.000,0,-,-,-,-,3265.0000,3264.8000,3263.6000,3263.2000,3262.8000,3267.4000,3267.6000,3268.0000,3270.0000,3270.2000,1,1,3,1,1,1,1,3,1,11
SF,IH2011,2020-10-09 09:31:26.500,3265.4000,2558,0,94063380.000,0,-,-,-,-,3265.2000,3265.0000,3263.6000,3263.2000,3262.4000,3267.4000,3267.6000,3268.0000,3270.0000,3270.2000,1,1,3,1,4,1,1,3,1,11
SF,IH2011,2020-10-09 09:31:27.000,3265.4000,2558,0,94063380.000,0,-,-,-,-,3265.2000,3265.0000,3263.6000,3262.4000,3250.0000,3267.4000,3267.6000,3268.0000,3270.0000,3270.2000,1,1,3,4,2,1,1,3,1,11
SF,IH2011,2020-10-09 09:31:29.000,3265.2000,2557,-1,95042940.000,1,0,1,双平,S,3265.0000,3263.6000,3262.4000,3250.0000,3246.2000,3267.4000,3267.6000,3268.0000,3270.0000,3270.2000,1,3,4,2,1,1,1,3,1,11
SF,IH2011,2020-10-09 09:31:29.500,3265.0000,2556,-1,96022440.000,1,0,1,双平,S,3263.6000,3262.4000,3250.0000,3246.2000,3236.2000,3267.4000,3267.6000,3268.0000,3270.0000,3270.2000,3,4,2,1,1,1,1,3,1,11
SF,IH2011,2020-10-09 09:31:30.000,3265.0000,2556,0,96022440.000,0,-,-,-,-,3262.4000,3250.0000,3246.2000,3236.2000,3230.0000,3267.2000,3267.4000,3267.6000,3268.0000,3270.0000,4,2,1,1,2,1,1,1,3,1
SF,IH2011,2020-10-09 09:31:30.500,3265.0000,2556,0,96022440.000,0,-,-,-,-,3262.6000,3262.4000,3250.0000,3246.2000,3236.2000,3267.0000,3267.2000,3267.6000,3268.0000,3270.0000,4,4,2,1,1,1,1,1,3,1
SF,IH2011,2020-10-09 09:31:31.000,3265.0000,2556,0,96022440.000,0,-,-,-,-,3262.8000,3262.6000,3262.4000,3250.0000,3246.2000,3267.0000,3267.6000,3268.0000,3270.0000,3270.2000,1,4,4,2,1,1,1,3,1,11
SF,IH2011,2020-10-09 09:31:31.500,3265.0000,2556,0,96022440.000,0,-,-,-,-,3263.0000,3262.8000,3262.6000,3262.4000,3250.0000,3267.0000,3267.6000,3268.0000,3270.0000,3270.2000,3,1,3,4,2,1,1,3,1,11
SF,IH2011,2020-10-09 09:31:32.000,3265.0000,2556,0,96022440.000,0,-,-,-,-,3263.2000,3263.0000,3262.6000,3262.4000,3250.0000,3267.0000,3267.6000,3268.0000,3270.0000,3270.2000,1,3,3,4,2,1,1,3,11,1
SF,IH2011,2020-10-09 09:31:32.500,3265.0000,2556,0,96022440.000,0,-,-,-,-,3263.4000,3263.2000,3263.0000,3262.6000,3262.4000,3267.0000,3267.6000,3268.0000,3270.0000,3270.2000,1,1,2,3,4,1,1,3,11,1
SF,IH2011,2020-10-09 09:31:33.000,3265.0000,2556,0,96022440.000,0,-,-,-,-,3263.4000,3263.0000,3262.6000,3262.4000,3250.0000,3266.8000,3267.0000,3267.6000,3268.0000,3270.0000,1,2,3,4,2,1,1,1,3,11
SF,IH2011,2020-10-09 09:31:33.500,3265.0000,2556,0,96022440.000,0,-,-,-,-,3263.6000,3263.4000,3263.0000,3262.6000,3262.4000,3266.6000,3266.8000,3267.6000,3268.0000,3270.0000,3,1,2,3,4,1,1,1,3,11
SF,IH2011,2020-10-09 09:31:34.000,3265.0000,2556,0,96022440.000,0,-,-,-,-,3263.8000,3263.6000,3263.0000,3262.6000,3262.4000,3266.4000,3266.6000,3267.6000,3268.0000,3270.0000,1,3,2,3,4,1,1,1,3,11
SF,IH2011,2020-10-09 09:31:34.500,3266.4000,2555,-1,97002360.000,1,0,1,双平,S,3264.0000,3263.8000,3263.6000,3263.0000,3262.6000,3266.6000,3267.6000,3268.0000,3270.0000,3270.2000,4,1,3,2,3,1,1,3,11,1
SF,IH2011,2020-10-09 09:31:35.000,3266.4000,2555,0,97002360.000,0,-,-,-,-,3264.2000,3264.0000,3263.6000,3263.0000,3262.6000,3267.6000,3268.0000,3270.0000,3270.2000,3271.8000,1,4,3,2,3,1,3,11,1,3
SF,IH2011,2020-10-09 09:31:35.500,3266.4000,2555,0,97002360.000,0,-,-,-,-,3264.4000,3264.2000,3264.0000,3263.6000,3263.0000,3267.4000,3267.6000,3268.0000,3270.0000,3270.2000,2,1,4,3,2,1,1,3,11,1
SF,IH2011,2020-10-09 09:31:36.000,3266.4000,2555,0,97002360.000,0,-,-,-,-,3264.6000,3264.4000,3264.0000,3263.6000,3263.0000,3267.4000,3267.6000,3268.0000,3270.0000,3270.2000,1,2,4,3,2,1,1,3,11,1
SF,IH2011,2020-10-09 09:31:36.500,3266.4000,2555,0,97002360.000,0,-,-,-,-,3264.8000,3264.6000,3264.4000,3264.0000,3263.6000,3267.4000,3267.6000,3268.0000,3270.0000,3270.2000,1,1,1,4,3,1,1,3,11,1
SF,IH2011,2020-10-09 09:31:37.000,3266.4000,2555,0,97002360.000,0,-,-,-,-,3265.0000,3264.8000,3264.4000,3264.0000,3263.6000,3267.4000,3267.6000,3268.0000,3270.0000,3270.2000,3,1,1,4,3,1,1,3,11,1
SF,IH2011,2020-10-09 09:31:37.500,3266.4000,2555,0,97002360.000,0,-,-,-,-,3265.0000,3264.8000,3264.4000,3264.0000,3263.6000,3267.4000,3267.6000,3268.0000,3270.0000,3270.2000,1,1,1,4,3,1,1,3,11,1
SF,IH2011,2020-10-09 09:31:38.500,3266.4000,2555,0,97002360.000,0,-,-,-,-,3265.0000,3264.8000,3264.0000,3263.6000,3263.0000,3267.4000,3267.6000,3268.0000,3270.0000,3270.2000,1,1,1,3,2,1,1,3,11,1
SF,IH2011,2020-10-09 09:31:39.500,3264.8000,2553,-2,98961300.000,2,0,2,双平,S,3264.0000,3263.6000,3262.4000,3250.0000,3246.2000,3267.4000,3267.6000,3268.0000,3270.0000,3270.2000,1,3,4,2,1,1,1,3,11,1
SF,IH2011,2020-10-09 09:31:40.000,3264.8000,2553,0,98961300.000,0,-,-,-,-,3264.0000,3262.4000,3250.0000,3246.2000,3236.2000,3267.2000,3267.4000,3267.6000,3268.0000,3270.0000,1,4,2,1,1,1,1,1,3,11
SF,IH2011,2020-10-09 09:31:40.500,3264.8000,2553,0,98961300.000,0,-,-,-,-,3264.0000,3262.4000,3250.0000,3246.2000,3236.2000,3267.0000,3267.2000,3267.6000,3268.0000,3270.0000,1,4,2,1,1,1,1,1,3,11
SF,IH2011,2020-10-09 09:31:41.000,3264.8000,2553,0,98961300.000,0,-,-,-,-,3264.0000,3262.4000,3250.0000,3246.2000,3236.2000,3266.8000,3267.0000,3267.6000,3268.0000,3270.0000,1,4,2,1,1,1,1,1,3,11
SF,IH2011,2020-10-09 09:31:41.500,3264.8000,2553,0,98961300.000,0,-,-,-,-,3264.0000,3262.4000,3250.0000,3246.2000,3236.2000,3266.6000,3266.8000,3267.6000,3268.0000,3270.0000,1,4,2,1,1,1,1,1,3,11
SF,IH2011,2020-10-09 09:31:42.000,3264.8000,2553,0,98961300.000,0,-,-,-,-,3264.0000,3262.4000,3250.0000,3246.2000,3236.2000,3266.4000,3266.6000,3267.6000,3268.0000,3270.0000,1,4,2,1,1,1,1,1,3,11
SF,IH2011,2020-10-09 09:31:42.500,3264.0000,2553,0,99940500.000,1,0,1,多换,S,3262.4000,3250.0000,3246.2000,3236.2000,3230.0000,3266.2000,3266.4000,3267.6000,3268.0000,3270.0000,4,2,1,1,2,1,1,1,3,11
SF,IH2011,2020-10-09 09:31:43.000,3264.0000,2553,0,99940500.000,0,-,-,-,-,3262.6000,3262.4000,3250.0000,3246.2000,3236.2000,3266.0000,3266.2000,3267.6000,3268.0000,3270.0000,2,4,2,1,1,1,5,1,3,11
SF,IH2011,2020-10-09 09:31:43.500,3264.0000,2553,0,99940500.000,0,-,-,-,-,3262.6000,3262.4000,3250.0000,3246.2000,3236.2000,3265.8000,3266.0000,3266.2000,3267.6000,3268.0000,1,4,2,1,1,1,1,4,1,3
SF,IH2011,2020-10-09 09:31:44.000,3264.0000,2553,0,99940500.000,0,-,-,-,-,3262.6000,3262.4000,3250.0000,3246.2000,3236.2000,3265.6000,3265.8000,3266.2000,3267.6000,3268.0000,1,4,2,1,1,1,1,4,1,3
SF,IH2011,2020-10-09 09:31:44.500,3264.0000,2553,0,99940500.000,0,-,-,-,-,3262.4000,3250.0000,3246.2000,3236.2000,3230.0000,3265.4000,3265.6000,3266.2000,3267.6000,3268.0000,4,2,1,1,2,1,1,4,1,3
SF,IH2011,2020-10-09 09:31:45.000,3264.0000,2553,0,99940500.000,0,-,-,-,-,3262.4000,3250.0000,3246.2000,3236.2000,3230.0000,3265.2000,3265.4000,3266.2000,3267.6000,3268.0000,4,2,1,1,2,1,1,4,1,3
SF,IH2011,2020-10-09 09:31:45.500,3264.0000,2553,0,99940500.000,0,-,-,-,-,3262.4000,3250.0000,3246.2000,3236.2000,3230.0000,3265.0000,3265.2000,3266.2000,3267.6000,3268.0000,4,2,1,1,2,1,1,4,1,3
SF,IH2011,2020-10-09 09:31:46.000,3264.0000,2553,0,99940500.000,0,-,-,-,-,3262.6000,3262.4000,3250.0000,3246.2000,3236.2000,3264.8000,3265.0000,3266.2000,3267.6000,3268.0000,1,4,2,1,1,1,1,4,1,3
SF,IH2011,2020-10-09 09:31:46.500,3264.6000,2552,-1,100919880.000,1,0,1,双平,S,3262.6000,3262.4000,3250.0000,3246.2000,3236.2000,3264.6000,3264.8000,3266.2000,3267.6000,3268.0000,1,4,2,1,1,1,1,4,1,3
SF,IH2011,2020-10-09 09:31:47.000,3264.6000,2551,-1,101899260.000,1,0,1,双平,S,3262.6000,3262.4000,3250.0000,3246.2000,3236.2000,3264.8000,3266.2000,3267.6000,3268.0000,3270.0000,1,4,2,1,1,1,4,1,3,11
SF,IH2011,2020-10-09 09:31:47.500,3264.6000,2551,0,101899260.000,0,-,-,-,-,3262.6000,3262.4000,3250.0000,3246.2000,3236.2000,3264.6000,3264.8000,3266.2000,3267.6000,3268.0000,1,4,2,1,1,1,1,4,1,3
SF,IH2011,2020-10-09 09:31:48.000,3264.6000,2551,0,101899260.000,0,-,-,-,-,3262.4000,3250.0000,3246.2000,3236.2000,3230.0000,3264.6000,3264.8000,3266.2000,3267.6000,3268.0000,4,2,1,1,2,1,1,4,1,3
SF,IH2011,2020-10-09 09:31:48.500,3262.6000,2551,0,102878040.000,1,0,1,多换,S,3262.4000,3250.0000,3246.2000,3236.2000,3230.0000,3264.6000,3264.8000,3266.2000,3267.6000,3268.0000,4,2,1,1,2,1,1,4,1,3
SF,IH2011,2020-10-09 09:31:49.000,3262.6000,2551,0,102878040.000,0,-,-,-,-,3262.4000,3250.0000,3246.2000,3236.2000,3230.0000,3264.6000,3264.8000,3266.2000,3267.6000,3268.0000,4,2,1,1,2,1,1,4,1,3
SF,IH2011,2020-10-09 09:31:49.500,3262.6000,2551,0,102878040.000,0,-,-,-,-,3262.4000,3250.0000,3246.2000,3236.2000,3230.0000,3264.6000,3264.8000,3266.2000,3267.6000,3268.0000,4,2,1,1,2,1,1,4,1,3
SF,IH2011,2020-10-09 09:31:50.000,3262.6000,2551,0,102878040.000,0,-,-,-,-,3262.4000,3250.0000,3246.2000,3236.2000,3230.0000,3264.6000,3264.8000,3266.2000,3267.6000,3268.0000,4,2,1,1,2,1,1,4,1,3
SF,IH2011,2020-10-09 09:31:50.500,3262.6000,2551,0,102878040.000,0,-,-,-,-,3262.6000,3262.4000,3250.0000,3246.2000,3236.2000,3264.6000,3264.8000,3266.2000,3267.6000,3268.0000,1,4,2,1,1,1,1,4,1,3
SF,IH2011,2020-10-09 09:31:51.000,3262.6000,2551,0,102878040.000,0,-,-,-,-,3262.4000,3250.0000,3246.2000,3236.2000,3230.0000,3264.6000,3264.8000,3266.2000,3267.6000,3268.0000,4,2,1,1,2,1,1,4,1,3
SF,IH2011,2020-10-09 09:31:51.500,3262.6000,2551,0,102878040.000,0,-,-,-,-,3262.6000,3262.4000,3250.0000,3246.2000,3236.2000,3264.0000,3264.6000,3264.8000,3266.2000,3267.6000,2,4,2,1,1,1,1,1,4,1
SF,IH2011,2020-10-09 09:31:52.000,3264.0000,2550,-1,103857240.000,1,0,1,双平,S,3264.0000,3262.6000,3262.4000,3250.0000,3246.2000,3264.6000,3264.8000,3266.2000,3267.6000,3268.0000,1,2,4,2,1,1,1,4,1,3
SF,IH2011,2020-10-09 09:31:52.500,3264.4000,2549,-1,104836560.000,1,0,1,双平,S,3264.0000,3262.6000,3262.4000,3250.0000,3246.2000,3264.6000,3266.2000,3267.6000,3268.0000,3270.0000,1,2,4,2,1,1,4,1,3,12
SF,IH2011,2020-10-09 09:31:53.000,3264.4000,2549,0,104836560.000,0,-,-,-,-,3264.0000,3262.6000,3262.4000,3250.0000,3246.2000,3266.2000,3267.6000,3268.0000,3270.0000,3270.2000,1,1,4,2,1,4,1,3,12,1
SF,IH2011,2020-10-09 09:31:53.500,3264.4000,2549,0,104836560.000,0,-,-,-,-,3264.0000,3262.6000,3262.4000,3250.0000,3246.2000,3266.0000,3266.2000,3267.6000,3268.0000,3270.0000,1,1,4,2,1,1,4,1,3,12
SF,IH2011,2020-10-09 09:31:54.000,3264.4000,2549,0,104836560.000,0,-,-,-,-,3264.0000,3262.4000,3250.0000,3246.2000,3236.2000,3266.0000,3266.2000,3267.6000,3268.0000,3270.0000,1,4,2,1,1,1,4,1,3,12
SF,IH2011,2020-10-09 09:31:54.500,3264.0000,2548,-1,105815760.000,1,0,1,双平,S,3262.4000,3250.0000,3246.2000,3236.2000,3230.0000,3266.0000,3266.2000,3267.6000,3268.0000,3270.0000,4,2,1,1,2,1,4,1,3,12
SF,IH2011,2020-10-09 09:31:55.000,3264.0000,2548,0,105815760.000,0,-,-,-,-,3264.6000,3262.6000,3262.4000,3250.0000,3246.2000,3265.8000,3266.0000,3266.2000,3267.6000,3268.0000,1,2,4,2,1,1,1,4,1,3
SF,IH2011,2020-10-09 09:31:55.500,3264.6000,2548,0,106795140.000,1,0,1,多换,S,3262.6000,3262.4000,3250.0000,3246.2000,3236.2000,3265.6000,3266.2000,3267.6000,3268.0000,3270.0000,2,4,2,1,1,1,4,1,3,12
SF,IH2011,2020-10-09 09:31:56.000,3264.6000,2548,0,106795140.000,0,-,-,-,-,3262.8000,3262.6000,3262.4000,3250.0000,3246.2000,3264.6000,3265.6000,3266.2000,3267.6000,3268.0000,1,2,4,2,1,1,1,4,1,3
SF,IH2011,2020-10-09 09:31:56.500,3264.6000,2548,0,106795140.000,0,-,-,-,-,3262.6000,3262.4000,3250.0000,3246.2000,3236.2000,3264.6000,3265.6000,3266.2000,3267.6000,3268.0000,2,4,2,1,1,1,1,4,1,3
SF,IH2011,2020-10-09 09:31:57.000,3264.6000,2548,0,106795140.000,0,-,-,-,-,3262.4000,3250.0000,3246.2000,3236.2000,3230.0000,3264.4000,3264.6000,3266.2000,3267.6000,3268.0000,4,2,1,1,2,1,1,5,1,3
SF,IH2011,2020-10-09 09:31:57.500,3264.6000,2548,0,106795140.000,0,-,-,-,-,3262.4000,3250.0000,3246.2000,3236.2000,3230.0000,3264.0000,3264.4000,3264.6000,3266.2000,3267.6000,4,2,1,1,2,1,1,1,5,1
SF,IH2011,2020-10-09 09:31:58.000,3264.6000,2548,0,106795140.000,0,-,-,-,-,3262.4000,3250.0000,3246.2000,3236.2000,3230.0000,3263.8000,3264.0000,3264.6000,3266.2000,3267.6000,4,2,1,1,2,1,1,1,5,1
SF,IH2011,2020-10-09 09:31:58.500,3264.6000,2548,0,106795140.000,0,-,-,-,-,3262.4000,3250.0000,3246.2000,3236.2000,3230.0000,3263.8000,3264.0000,3264.6000,3266.2000,3267.6000,4,2,1,1,2,1,1,1,5,1
SF,IH2011,2020-10-09 09:31:59.000,3264.6000,2548,0,106795140.000,0,-,-,-,-,3262.4000,3250.0000,3246.2000,3236.2000,3230.0000,3263.8000,3264.0000,3264.6000,3266.2000,3267.6000,4,2,1,1,2,1,1,1,5,1
SF,IH2011,2020-10-09 09:31:59.500,3263.8000,2547,-1,107774280.000,1,0,1,双平,S,3262.8000,3262.4000,3250.0000,3246.2000,3236.2000,3263.8000,3264.0000,3264.6000,3266.2000,3267.6000,1,4,2,1,1,1,1,1,5,1
SF,IH2011,2020-10-09 09:32:00.000,3263.8000,2547,0,107774280.000,0,-,-,-,-,3262.8000,3262.4000,3250.0000,3246.2000,3236.2000,3264.0000,3264.6000,3266.2000,3267.6000,3268.0000,1,4,2,1,1,1,1,5,1,3
SF,IH2011,2020-10-09 09:32:00.500,3264.0000,2547,0,108753480.000,1,0,1,多换,S,3262.8000,3262.4000,3250.0000,3246.2000,3236.2000,3264.6000,3266.2000,3267.6000,3268.0000,3270.0000,1,4,2,1,1,1,5,1,3,12
SF,IH2011,2020-10-09 09:32:01.000,3264.0000,2547,0,108753480.000,0,-,-,-,-,3263.0000,3262.8000,3262.4000,3250.0000,3246.2000,3266.2000,3266.6000,3267.6000,3268.0000,3270.0000,1,1,4,2,1,5,1,1,3,12
SF,IH2011,2020-10-09 09:32:01.500,3264.0000,2547,0,108753480.000,0,-,-,-,-,3263.4000,3263.2000,3263.0000,3262.8000,3262.4000,3265.8000,3266.0000,3266.2000,3266.6000,3267.6000,1,4,1,1,4,1,1,5,1,1
SF,IH2011,2020-10-09 09:32:02.000,3264.0000,2547,0,108753480.000,0,-,-,-,-,3263.6000,3263.4000,3263.2000,3262.8000,3262.4000,3266.2000,3266.6000,3268.0000,3270.0000,3270.8000,2,1,4,1,4,5,1,3,13,4
SF,IH2011,2020-10-09 09:32:02.500,3264.0000,2547,0,108753480.000,0,-,-,-,-,3263.8000,3263.6000,3263.4000,3262.8000,3262.4000,3266.0000,3266.2000,3266.6000,3268.0000,3270.0000,1,1,1,1,4,1,5,1,3,13
SF,IH2011,2020-10-09 09:32:03.000,3264.0000,2547,0,108753480.000,0,-,-,-,-,3264.0000,3263.8000,3263.4000,3262.8000,3262.4000,3266.0000,3266.2000,3266.6000,3268.0000,3270.0000,2,1,1,1,4,1,5,1,3,13
SF,IH2011,2020-10-09 09:32:03.500,3264.0000,2547,0,108753480.000,0,-,-,-,-,3264.0000,3263.8000,3262.8000,3262.4000,3250.0000,3266.0000,3266.2000,3266.6000,3268.0000,3270.0000,1,1,1,4,2,1,5,1,3,13
SF,IH2011,2020-10-09 09:32:05.000,3264.0000,2547,0,108753480.000,0,-,-,-,-,3264.2000,3264.0000,3263.8000,3262.8000,3262.4000,3266.0000,3266.2000,3266.6000,3268.0000,3270.0000,1,1,1,1,4,1,5,1,3,13
SF,IH2011,2020-10-09 09:32:05.500,3264.0000,2547,0,108753480.000,0,-,-,-,-,3264.4000,3264.2000,3263.8000,3262.8000,3262.4000,3266.2000,3266.6000,3268.0000,3270.0000,3270.8000,1,1,1,1,4,5,1,3,13,4
SF,IH2011,2020-10-09 09:32:06.500,3264.0000,2547,0,108753480.000,0,-,-,-,-,3264.6000,3264.4000,3264.2000,3263.8000,3262.8000,3266.2000,3266.6000,3268.0000,3270.0000,3270.8000,1,1,1,1,1,5,1,3,13,4
SF,IH2011,2020-10-09 09:32:07.000,3264.0000,2547,0,108753480.000,0,-,-,-,-,3264.4000,3264.2000,3262.8000,3262.4000,3250.0000,3266.2000,3266.6000,3268.0000,3270.0000,3270.8000,1,1,1,4,2,5,1,3,13,4
SF,IH2011,2020-10-09 09:32:08.000,3264.0000,2547,0,108753480.000,0,-,-,-,-,3264.4000,3262.8000,3262.4000,3250.0000,3246.2000,3266.2000,3266.6000,3268.0000,3270.0000,3270.8000,1,1,4,2,1,5,1,3,13,4
SF,IH2011,2020-10-09 09:32:08.500,3264.0000,2547,0,108753480.000,0,-,-,-,-,3264.4000,3262.8000,3262.4000,3250.0000,3246.2000,3266.0000,3266.2000,3266.6000,3268.0000,3270.0000,1,1,4,2,1,1,5,1,3,13
SF,IH2011,2020-10-09 09:32:09.500,3264.0000,2547,0,108753480.000,0,-,-,-,-,3264.6000,3264.4000,3262.8000,3262.4000,3250.0000,3266.0000,3266.2000,3266.6000,3268.0000,3270.0000,1,1,1,4,2,1,5,1,3,13
SF,IH2011,2020-10-09 09:32:10.000,3266.0000,2547,0,109733280.000,1,0,1,多换,S,3266.0000,3262.8000,3262.4000,3250.0000,3246.2000,3266.2000,3266.6000,3268.0000,3270.0000,3270.8000,1,1,4,2,1,5,1,3,13,4
SF,IH2011,2020-10-09 09:32:10.500,3266.0000,2547,0,110713080.000,1,0,1,多换,S,3262.8000,3262.4000,3250.0000,3246.2000,3236.2000,3266.0000,3266.2000,3266.6000,3268.0000,3270.0000,1,4,2,1,1,1,5,1,3,13
SF,IH2011,2020-10-09 09:32:11.000,3266.0000,2547,0,110713080.000,0,-,-,-,-,3263.2000,3263.0000,3262.8000,3262.4000,3250.0000,3265.8000,3266.0000,3266.2000,3266.6000,3268.0000,1,2,1,4,2,2,1,5,1,3
SF,IH2011,2020-10-09 09:32:11.500,3266.0000,2547,0,110713080.000,0,-,-,-,-,3263.4000,3263.2000,3263.0000,3262.8000,3262.4000,3265.8000,3266.0000,3266.2000,3266.6000,3268.0000,2,1,1,1,4,1,1,5,1,3
SF,IH2011,2020-10-09 09:32:12.000,3266.0000,2547,0,110713080.000,0,-,-,-,-,3263.4000,3263.0000,3262.8000,3262.4000,3250.0000,3265.8000,3266.0000,3266.2000,3266.6000,3268.0000,2,1,1,4,2,1,1,5,1,3
SF,IH2011,2020-10-09 09:32:12.500,3266.0000,2547,0,110713080.000,0,-,-,-,-,3263.4000,3263.0000,3262.8000,3262.4000,3250.0000,3265.8000,3266.0000,3266.2000,3266.6000,3268.0000,2,1,1,4,2,1,1,5,1,3
SF,IH2011,2020-10-09 09:32:13.000,3266.0000,2547,0,110713080.000,0,-,-,-,-,3263.4000,3263.0000,3262.8000,3262.4000,3250.0000,3265.8000,3266.0000,3266.2000,3266.6000,3268.0000,2,1,1,4,2,1,1,5,1,3
SF,IH2011,2020-10-09 09:32:13.500,3265.8000,2546,-1,111692820.000,1,0,1,双平,S,3263.4000,3263.0000,3262.8000,3262.4000,3250.0000,3266.0000,3266.2000,3266.6000,3268.0000,3270.0000,2,1,1,4,2,1,5,1,3,13
SF,IH2011,2020-10-09 09:32:14.000,3265.8000,2546,0,111692820.000,0,-,-,-,-,3263.6000,3263.4000,3263.0000,3262.8000,3262.4000,3266.2000,3266.6000,3268.0000,3270.0000,3270.8000,1,2,1,1,4,5,1,3,13,4
SF,IH2011,2020-10-09 09:32:14.500,3265.8000,2546,0,111692820.000,0,-,-,-,-,3263.8000,3263.6000,3263.4000,3263.0000,3262.8000,3266.0000,3266.2000,3266.6000,3268.0000,3270.0000,2,1,1,1,1,1,5,1,3,13
SF,IH2011,2020-10-09 09:32:15.000,3265.8000,2546,0,112672560.000,1,0,1,多换,S,3263.8000,3263.6000,3263.4000,3263.0000,3262.8000,3264.4000,3266.2000,3266.6000,3268.0000,3270.0000,2,1,1,1,1,2,5,1,3,13
SF,IH2011,2020-10-09 09:32:15.500,3264.4000,2544,-2,114631200.000,2,0,2,双平,S,3264.4000,3264.0000,3263.8000,3263.4000,3263.0000,3266.2000,3266.6000,3268.0000,3270.0000,3270.8000,1,2,2,1,1,5,1,3,13,4
SF,IH2011,2020-10-09 09:32:16.000,3264.4000,2544,0,114631200.000,0,-,-,-,-,3264.6000,3264.0000,3263.8000,3263.4000,3263.0000,3266.2000,3266.6000,3268.0000,3270.0000,3270.8000,1,2,1,1,1,5,1,3,13,4
SF,IH2011,2020-10-09 09:32:17.500,3264.6000,2543,-1,115610580.000,1,0,1,双平,S,3264.0000,3263.8000,3263.4000,3263.0000,3262.8000,3264.6000,3266.2000,3266.6000,3268.0000,3270.0000,2,1,1,1,1,1,5,1,3,13
SF,IH2011,2020-10-09 09:32:18.000,3264.6000,2543,0,116589960.000,1,0,1,多换,S,3263.4000,3263.0000,3262.8000,3262.4000,3250.0000,3266.2000,3266.6000,3268.0000,3270.0000,3270.8000,1,1,1,4,2,5,1,3,13,4
SF,IH2011,2020-10-09 09:32:18.500,3264.6000,2543,0,116589960.000,0,-,-,-,-,3263.6000,3263.4000,3263.0000,3262.8000,3262.4000,3266.0000,3266.2000,3266.6000,3268.0000,3270.0000,2,1,1,1,4,2,5,1,3,13
SF,IH2011,2020-10-09 09:32:19.000,3264.6000,2543,0,116589960.000,0,-,-,-,-,3263.8000,3263.6000,3263.4000,3263.0000,3262.8000,3266.0000,3266.2000,3266.6000,3268.0000,3270.0000,1,2,1,1,1,1,5,1,3,13
SF,IH2011,2020-10-09 09:32:19.500,3264.6000,2543,0,116589960.000,0,-,-,-,-,3263.8000,3263.6000,3263.4000,3263.0000,3262.8000,3266.0000,3266.2000,3266.6000,3268.0000,3270.0000,1,3,1,1,1,1,5,1,3,13
SF,IH2011,2020-10-09 09:32:21.500,3264.6000,2543,0,116589960.000,0,-,-,-,-,3263.8000,3263.6000,3263.4000,3263.0000,3262.8000,3266.0000,3266.2000,3266.6000,3268.0000,3270.0000,1,2,1,1,1,1,5,1,3,13
SF,IH2011,2020-10-09 09:32:22.000,3264.6000,2543,0,116589960.000,0,-,-,-,-,3263.6000,3263.4000,3263.0000,3262.8000,3262.4000,3266.0000,3266.2000,3266.6000,3268.0000,3270.0000,2,1,1,1,4,1,5,1,3,13
SF,IH2011,2020-10-09 09:32:22.500,3264.6000,2543,0,116589960.000,0,-,-,-,-,3263.6000,3263.0000,3262.8000,3262.4000,3250.0000,3266.0000,3266.2000,3266.6000,3268.0000,3270.0000,2,1,1,4,2,1,5,1,3,13
SF,IH2011,2020-10-09 09:32:23.000,3264.6000,2543,0,116589960.000,0,-,-,-,-,3263.8000,3263.6000,3263.0000,3262.8000,3262.4000,3266.0000,3266.2000,3266.6000,3268.0000,3270.0000,1,2,1,1,4,1,5,1,3,13
SF,IH2011,2020-10-09 09:32:25.500,3263.8000,2542,-1,117569100.000,1,0,1,双平,S,3263.6000,3263.0000,3262.8000,3262.4000,3260.0000,3266.0000,3266.2000,3266.6000,3268.0000,3270.0000,2,1,1,4,1,1,5,1,3,13
SF,IH2011,2020-10-09 09:32:26.000,3263.6000,2541,-1,119527260.000,2,0,2,多平,S,3263.0000,3262.8000,3262.4000,3260.0000,3250.0000,3265.8000,3266.0000,3266.2000,3266.6000,3270.0000,1,1,4,1,2,1,1,5,1,13
SF,IH2011,2020-10-09 09:32:26.500,3263.6000,2541,0,119527260.000,0,-,-,-,-,3263.2000,3262.8000,3262.4000,3260.0000,3250.0000,3263.6000,3265.6000,3265.8000,3266.2000,3266.6000,1,1,4,1,2,1,2,1,5,1
SF,IH2011,2020-10-09 09:32:27.000,3263.2000,2540,-1,122464140.000,3,1,2,多平,S,3262.8000,3262.4000,3260.0000,3250.0000,3246.2000,3265.6000,3265.8000,3266.2000,3270.0000,3270.8000,1,4,1,2,1,1,1,5,13,4
SF,IH2011,2020-10-09 09:32:27.500,3263.2000,2540,0,122464140.000,0,-,-,-,-,3262.8000,3262.4000,3260.0000,3250.0000,3246.2000,3265.4000,3265.6000,3265.8000,3266.2000,3270.0000,1,4,1,2,1,2,1,1,5,13
SF,IH2011,2020-10-09 09:32:28.000,3263.2000,2540,0,122464140.000,0,-,-,-,-,3262.8000,3262.4000,3260.0000,3250.0000,3246.2000,3265.2000,3265.4000,3265.8000,3266.2000,3270.0000,1,4,1,2,1,1,2,1,5,13
SF,IH2011,2020-10-09 09:32:28.500,3263.2000,2540,0,122464140.000,0,-,-,-,-,3262.8000,3262.4000,3260.0000,3250.0000,3246.2000,3265.2000,3265.4000,3265.8000,3266.2000,3270.0000,1,4,1,2,1,1,1,1,5,13
SF,IH2011,2020-10-09 09:32:29.000,3263.2000,2540,0,122464140.000,0,-,-,-,-,3262.8000,3262.4000,3260.0000,3250.0000,3246.2000,3265.2000,3265.4000,3266.2000,3270.0000,3270.8000,1,4,1,2,1,1,1,5,13,4
SF,IH2011,2020-10-09 09:32:30.000,3263.2000,2540,0,122464140.000,0,-,-,-,-,3262.8000,3262.4000,3260.0000,3250.0000,3246.2000,3265.0000,3265.2000,3265.4000,3266.2000,3270.0000,1,4,1,2,1,1,1,1,5,13
SF,IH2011,2020-10-09 09:32:30.500,3263.2000,2540,0,122464140.000,0,-,-,-,-,3262.8000,3262.4000,3260.0000,3250.0000,3246.2000,3264.8000,3265.0000,3265.4000,3266.2000,3270.0000,1,4,1,2,1,1,1,1,5,13
SF,IH2011,2020-10-09 09:32:31.000,3264.8000,2539,-1,123443580.000,1,0,1,双平,S,3262.8000,3262.4000,3260.0000,3250.0000,3246.2000,3265.0000,3265.4000,3266.2000,3270.0000,3270.8000,1,4,1,2,1,1,1,5,13,4
SF,IH2011,2020-10-09 09:32:31.500,3264.8000,2539,0,123443580.000,0,-,-,-,-,3262.8000,3262.4000,3260.0000,3250.0000,3246.2000,3264.8000,3265.0000,3265.4000,3266.2000,3270.0000,1,4,1,2,1,1,1,1,5,13
SF,IH2011,2020-10-09 09:32:32.000,3264.8000,2539,0,123443580.000,0,-,-,-,-,3262.8000,3262.4000,3260.0000,3250.0000,3246.2000,3264.8000,3265.4000,3266.2000,3270.0000,3270.8000,1,4,1,2,1,1,1,5,13,4
SF,IH2011,2020-10-09 09:32:34.000,3264.8000,2538,-1,124423020.000,1,0,1,双平,S,3263.0000,3262.8000,3262.4000,3260.0000,3250.0000,3265.4000,3266.2000,3270.0000,3270.8000,3271.8000,3,1,4,1,2,1,5,13,4,3
SF,IH2011,2020-10-09 09:32:34.500,3264.8000,2538,0,124423020.000,0,-,-,-,-,3264.0000,3263.2000,3262.8000,3262.4000,3260.0000,3265.2000,3265.4000,3266.2000,3270.0000,3270.8000,4,1,1,4,1,1,1,5,13,4
SF,IH2011,2020-10-09 09:32:35.000,3264.8000,2538,0,124423020.000,0,-,-,-,-,3264.0000,3263.2000,3262.8000,3262.4000,3260.0000,3265.2000,3266.2000,3270.0000,3270.8000,3271.8000,4,2,1,4,1,1,5,13,4,3
SF,IH2011,2020-10-09 09:32:35.500,3264.0000,2538,0,125402220.000,1,0,1,多换,S,3264.0000,3263.2000,3262.8000,3262.4000,3260.0000,3265.2000,3266.2000,3270.0000,3270.8000,3271.8000,3,2,1,4,1,1,5,13,4,3
SF,IH2011,2020-10-09 09:32:36.000,3264.0000,2538,0,126381420.000,1,0,1,多换,S,3264.0000,3263.2000,3262.8000,3262.4000,3260.0000,3265.2000,3266.2000,3270.0000,3270.8000,3271.8000,2,2,1,4,1,1,5,13,4,3
SF,IH2011,2020-10-09 09:32:36.500,3264.0000,2539,1,128339820.000,2,1,1,空开,S,3263.2000,3262.8000,3262.4000,3260.0000,3250.0000,3265.0000,3265.2000,3266.2000,3270.0000,3270.8000,2,1,4,1,2,1,1,5,13,4
SF,IH2011,2020-10-09 09:32:37.000,3264.0000,2539,0,128339820.000,0,-,-,-,-,3263.2000,3262.8000,3262.4000,3260.0000,3250.0000,3264.8000,3265.0000,3266.2000,3270.0000,3270.8000,1,1,4,1,2,1,1,5,13,4
SF,IH2011,2020-10-09 09:32:37.500,3263.2000,2539,0,129318780.000,1,0,1,多换,S,3262.8000,3262.4000,3260.0000,3250.0000,3246.2000,3264.8000,3265.0000,3266.2000,3270.0000,3270.8000,1,4,1,2,1,1,1,5,13,4
SF,IH2011,2020-10-09 09:32:38.000,3262.4000,2537,-2,131276340.000,2,0,2,双平,S,3262.4000,3260.0000,3250.0000,3246.2000,3236.2000,3264.8000,3265.0000,3266.2000,3270.0000,3270.8000,3,1,2,1,1,1,1,5,13,4
SF,IH2011,2020-10-09 09:32:38.500,3262.4000,2537,0,131276340.000,0,-,-,-,-,3262.4000,3260.0000,3250.0000,3246.2000,3236.2000,3264.8000,3265.0000,3266.2000,3270.0000,3270.8000,3,1,2,1,1,1,1,5,13,4
SF,IH2011,2020-10-09 09:32:40.000,3262.4000,2537,0,131276340.000,0,-,-,-,-,3262.4000,3260.0000,3250.0000,3246.2000,3236.2000,3264.8000,3266.2000,3270.0000,3270.8000,3271.8000,3,1,2,1,1,1,5,13,4,3
SF,IH2011,2020-10-09 09:32:40.500,3262.4000,2537,0,131276340.000,0,-,-,-,-,3262.4000,3260.0000,3250.0000,3246.2000,3236.2000,3264.6000,3264.8000,3266.2000,3270.0000,3270.8000,3,1,2,1,1,1,1,5,13,4
SF,IH2011,2020-10-09 09:32:41.000,3262.4000,2537,0,131276340.000,0,-,-,-,-,3262.4000,3260.0000,3250.0000,3246.2000,3236.2000,3264.4000,3264.6000,3266.2000,3270.0000,3270.8000,3,1,2,1,1,1,1,5,13,4
SF,IH2011,2020-10-09 09:32:42.000,3262.4000,2537,0,131276340.000,0,-,-,-,-,3262.4000,3260.0000,3250.0000,3246.2000,3236.2000,3264.4000,3264.6000,3264.8000,3266.2000,3270.0000,3,1,2,1,1,1,1,1,5,13
SF,IH2011,2020-10-09 09:32:43.500,3262.4000,2537,0,131276340.000,0,-,-,-,-,3260.0000,3250.0000,3246.2000,3236.2000,3230.0000,3264.4000,3264.8000,3266.2000,3270.0000,3270.8000,1,2,1,1,2,1,1,5,13,4
SF,IH2011,2020-10-09 09:32:44.000,3262.4000,2537,0,131276340.000,0,-,-,-,-,3260.2000,3260.0000,3250.0000,3246.2000,3236.2000,3264.0000,3264.2000,3264.4000,3264.8000,3266.2000,1,1,2,1,1,1,2,1,1,5
SF,IH2011,2020-10-09 09:32:44.500,3262.4000,2537,0,131276340.000,0,-,-,-,-,3260.2000,3260.0000,3250.0000,3246.2000,3236.2000,3263.8000,3264.0000,3264.2000,3264.8000,3266.2000,1,1,2,1,1,2,1,1,1,5
SF,IH2011,2020-10-09 09:32:45.000,3262.4000,2537,0,131276340.000,0,-,-,-,-,3260.2000,3260.0000,3250.0000,3246.2000,3236.2000,3263.4000,3263.8000,3264.2000,3264.8000,3266.2000,1,1,2,1,1,1,2,1,1,5
SF,IH2011,2020-10-09 09:32:45.500,3262.4000,2537,0,131276340.000,0,-,-,-,-,3260.0000,3250.0000,3246.2000,3236.2000,3230.0000,3263.0000,3263.2000,3264.2000,3264.8000,3266.2000,1,2,1,1,2,1,2,1,1,5
SF,IH2011,2020-10-09 09:32:46.000,3262.4000,2537,0,131276340.000,0,-,-,-,-,3260.2000,3260.0000,3250.0000,3246.2000,3236.2000,3262.8000,3264.8000,3266.2000,3270.0000,3270.8000,4,1,2,1,1,2,1,5,13,4
SF,IH2011,2020-10-09 09:32:46.500,3262.4000,2537,0,131276340.000,0,-,-,-,-,3260.2000,3260.0000,3250.0000,3246.2000,3236.2000,3262.6000,3262.8000,3264.8000,3266.2000,3270.0000,1,1,2,1,1,1,2,1,5,13
SF,IH2011,2020-10-09 09:32:47.000,3262.4000,2537,0,131276340.000,0,-,-,-,-,3260.2000,3260.0000,3250.0000,3246.2000,3236.2000,3262.4000,3262.6000,3262.8000,3264.8000,3266.2000,1,1,2,1,1,1,1,1,1,5
SF,IH2011,2020-10-09 09:32:48.000,3262.4000,2537,0,131276340.000,0,-,-,-,-,3260.4000,3260.2000,3260.0000,3250.0000,3246.2000,3262.4000,3262.6000,3262.8000,3264.8000,3266.2000,3,1,1,2,1,1,1,1,1,5
SF,IH2011,2020-10-09 09:32:48.500,3262.6000,2536,-1,132255120.000,1,0,1,双平,S,3260.6000,3260.4000,3260.0000,3250.0000,3246.2000,3262.8000,3264.8000,3266.2000,3270.0000,3270.8000,1,3,1,2,1,1,1,5,13,4
SF,IH2011,2020-10-09 09:32:49.000,3262.8000,2535,-1,133233960.000,1,0,1,双平,S,3260.8000,3260.6000,3260.4000,3260.0000,3250.0000,3264.8000,3266.2000,3270.0000,3270.8000,3271.8000,1,1,3,1,2,1,5,13,4,3
SF,IH2011,2020-10-09 09:32:49.500,3262.8000,2535,0,133233960.000,0,-,-,-,-,3261.2000,3261.0000,3260.8000,3260.4000,3260.0000,3264.6000,3264.8000,3266.2000,3270.0000,3270.8000,1,1,1,3,1,2,1,5,13,4
SF,IH2011,2020-10-09 09:32:50.000,3262.8000,2535,0,133233960.000,0,-,-,-,-,3261.4000,3261.2000,3260.8000,3260.4000,3260.0000,3264.6000,3264.8000,3266.2000,3270.0000,3270.8000,1,1,1,3,1,2,1,5,13,4
SF,IH2011,2020-10-09 09:32:50.500,3262.8000,2535,0,133233960.000,0,-,-,-,-,3261.8000,3261.4000,3260.8000,3260.4000,3260.0000,3263.8000,3264.6000,3264.8000,3266.2000,3270.0000,1,1,1,3,1,1,2,1,5,13
SF,IH2011,2020-10-09 09:32:51.000,3262.8000,2535,0,133233960.000,0,-,-,-,-,3261.4000,3260.8000,3260.4000,3260.0000,3250.0000,3263.6000,3263.8000,3264.6000,3264.8000,3266.2000,1,1,3,1,2,1,1,1,1,5
SF,IH2011,2020-10-09 09:32:51.500,3262.8000,2535,0,133233960.000,0,-,-,-,-,3261.4000,3260.0000,3250.0000,3246.2000,3236.2000,3263.6000,3263.8000,3264.6000,3264.8000,3266.2000,1,1,2,1,1,1,1,1,1,5
SF,IH2011,2020-10-09 09:32:52.000,3262.8000,2535,0,133233960.000,0,-,-,-,-,3260.0000,3250.0000,3246.2000,3236.2000,3230.0000,3263.6000,3263.8000,3264.6000,3264.8000,3266.2000,1,2,1,1,2,1,1,1,1,5
SF,IH2011,2020-10-09 09:32:52.500,3262.8000,2535,0,133233960.000,0,-,-,-,-,3260.2000,3260.0000,3250.0000,3246.2000,3236.2000,3263.2000,3263.4000,3263.6000,3263.8000,3264.8000,1,1,2,1,1,1,1,1,1,1
SF,IH2011,2020-10-09 09:32:53.000,3262.8000,2535,0,133233960.000,0,-,-,-,-,3260.4000,3260.2000,3260.0000,3250.0000,3246.2000,3263.0000,3263.2000,3264.8000,3266.2000,3270.0000,1,1,1,2,1,1,1,1,5,13
SF,IH2011,2020-10-09 09:32:53.500,3262.8000,2535,0,133233960.000,0,-,-,-,-,3260.6000,3260.4000,3260.0000,3250.0000,3246.2000,3263.0000,3263.2000,3264.8000,3266.2000,3270.0000,3,1,1,2,1,1,1,1,5,13
SF,IH2011,2020-10-09 09:32:54.000,3262.8000,2535,0,133233960.000,0,-,-,-,-,3260.6000,3260.4000,3260.0000,3250.0000,3246.2000,3263.0000,3264.8000,3266.2000,3270.0000,3270.8000,3,1,1,2,1,1,1,5,13,4
SF,IH2011,2020-10-09 09:32:54.500,3262.8000,2535,0,133233960.000,0,-,-,-,-,3260.6000,3260.4000,3260.0000,3250.0000,3246.2000,3264.8000,3266.2000,3270.0000,3270.8000,3271.8000,3,1,1,2,1,1,5,13,4,3
SF,IH2011,2020-10-09 09:32:55.000,3262.8000,2535,0,133233960.000,0,-,-,-,-,3260.8000,3260.6000,3260.0000,3250.0000,3246.2000,3264.6000,3264.8000,3266.2000,3270.0000,3270.8000,1,3,1,2,1,1,1,5,13,4
SF,IH2011,2020-10-09 09:32:55.500,3262.8000,2535,0,133233960.000,0,-,-,-,-,3261.0000,3260.8000,3260.6000,3260.0000,3250.0000,3264.6000,3264.8000,3266.2000,3270.0000,3270.8000,2,1,2,1,2,1,1,5,13,4
SF,IH2011,2020-10-09 09:32:56.000,3262.8000,2535,0,133233960.000,0,-,-,-,-,3261.2000,3261.0000,3260.6000,3260.0000,3250.0000,3264.6000,3264.8000,3266.2000,3270.0000,3270.8000,1,2,2,1,2,1,1,5,13,4
SF,IH2011,2020-10-09 09:32:56.500,3262.8000,2535,0,133233960.000,0,-,-,-,-,3261.4000,3261.2000,3261.0000,3260.6000,3260.0000,3264.6000,3264.8000,3266.2000,3270.0000,3270.8000,2,1,1,2,1,1,1,5,13,4
SF,IH2011,2020-10-09 09:32:57.000,3262.8000,2535,0,133233960.000,0,-,-,-,-,3261.6000,3261.4000,3261.0000,3260.6000,3260.0000,3264.6000,3264.8000,3266.2000,3270.0000,3270.8000,1,2,1,2,1,1,1,5,13,4
SF,IH2011,2020-10-09 09:32:57.500,3264.6000,2535,0,134213340.000,1,0,1,多换,S,3261.8000,3261.6000,3261.4000,3261.0000,3260.6000,3264.8000,3266.2000,3270.0000,3270.8000,3271.8000,1,1,1,1,2,1,5,13,4,3
SF,IH2011,2020-10-09 09:32:58.000,3264.6000,2535,0,134213340.000,0,-,-,-,-,3262.0000,3261.8000,3261.4000,3261.0000,3260.6000,3264.6000,3264.8000,3266.2000,3270.0000,3270.8000,1,1,1,1,2,1,1,5,13,4
SF,IH2011,2020-10-09 09:32:58.500,3264.6000,2535,0,134213340.000,0,-,-,-,-,3262.2000,3262.0000,3261.4000,3261.0000,3260.6000,3264.6000,3264.8000,3266.2000,3270.0000,3270.8000,1,1,1,1,2,1,1,5,13,4
SF,IH2011,2020-10-09 09:32:59.000,3264.6000,2535,0,134213340.000,0,-,-,-,-,3262.2000,3262.0000,3261.0000,3260.6000,3260.0000,3264.4000,3264.6000,3264.8000,3266.2000,3270.0000,1,1,1,2,1,1,1,1,5,13
SF,IH2011,2020-10-09 09:32:59.500,3262.2000,2535,0,136171380.000,2,1,1,多换,S,3262.0000,3261.0000,3260.6000,3260.0000,3250.0000,3264.4000,3264.8000,3266.2000,3270.0000,3270.8000,1,1,2,1,2,1,1,5,13,4
SF,IH2011,2020-10-09 09:33:00.000,3262.2000,2535,0,136171380.000,0,-,-,-,-,3262.0000,3261.0000,3260.6000,3260.0000,3250.0000,3264.2000,3264.4000,3264.8000,3266.2000,3270.0000,1,1,2,1,2,1,1,1,5,13
SF,IH2011,2020-10-09 09:33:00.500,3262.2000,2535,0,136171380.000,0,-,-,-,-,3262.2000,3261.0000,3260.6000,3260.0000,3250.0000,3264.2000,3264.4000,3264.8000,3266.2000,3270.0000,1,1,2,1,2,1,1,1,5,13
SF,IH2011,2020-10-09 09:33:01.000,3262.2000,2535,0,136171380.000,0,-,-,-,-,3262.2000,3261.0000,3260.6000,3260.0000,3250.0000,3264.2000,3264.4000,3264.8000,3266.2000,3270.0000,1,1,2,1,2,1,1,1,5,13
SF,IH2011,2020-10-09 09:33:01.500,3262.2000,2535,0,136171380.000,0,-,-,-,-,3262.2000,3261.0000,3260.6000,3260.0000,3250.0000,3264.4000,3264.8000,3266.2000,3270.0000,3270.8000,1,1,2,1,2,1,1,5,13,4
SF,IH2011,2020-10-09 09:33:02.000,3262.2000,2535,0,136171380.000,0,-,-,-,-,3262.2000,3261.0000,3260.6000,3260.0000,3250.0000,3264.8000,3266.2000,3270.0000,3270.8000,3271.8000,1,1,2,1,2,1,5,13,4,3
SF,IH2011,2020-10-09 09:33:02.500,3262.2000,2535,0,136171380.000,0,-,-,-,-,3262.4000,3262.2000,3261.0000,3260.6000,3260.0000,3264.8000,3266.2000,3270.0000,3270.8000,3271.8000,2,1,1,2,1,1,5,13,4,3
SF,IH2011,2020-10-09 09:33:03.000,3262.2000,2535,0,136171380.000,0,-,-,-,-,3262.6000,3262.4000,3261.0000,3260.6000,3260.0000,3264.8000,3266.2000,3270.0000,3270.8000,3271.8000,1,2,1,2,1,1,5,13,4,3
SF,IH2011,2020-10-09 09:33:03.500,3262.2000,2535,0,136171380.000,0,-,-,-,-,3262.6000,3262.4000,3261.0000,3260.6000,3260.0000,3264.8000,3266.2000,3270.0000,3270.8000,3271.8000,1,2,1,2,1,1,5,13,4,3
SF,IH2011,2020-10-09 09:33:04.000,3262.2000,2535,0,136171380.000,0,-,-,-,-,3262.8000,3262.6000,3262.4000,3261.0000,3260.6000,3264.8000,3266.2000,3270.0000,3270.8000,3271.8000,1,1,2,1,2,1,5,13,4,3
SF,IH2011,2020-10-09 09:33:04.500,3262.2000,2535,0,136171380.000,0,-,-,-,-,3263.0000,3262.8000,3262.4000,3261.0000,3260.6000,3264.8000,3266.2000,3270.0000,3270.8000,3271.8000,1,1,2,1,2,1,5,13,4,3
SF,IH2011,2020-10-09 09:33:05.000,3262.2000,2535,0,136171380.000,0,-,-,-,-,3263.0000,3262.8000,3262.4000,3261.0000,3260.6000,3264.8000,3266.2000,3270.0000,3270.8000,3271.8000,1,1,2,1,2,1,5,13,4,3
SF,IH2011,2020-10-09 09:33:05.500,3262.2000,2535,0,136171380.000,0,-,-,-,-,3263.0000,3262.4000,3261.0000,3260.6000,3260.0000,3264.8000,3266.2000,3270.0000,3270.8000,3271.8000,1,2,1,2,1,1,5,13,4,3
SF,IH2011,2020-10-09 09:33:06.000,3262.2000,2535,0,136171380.000,0,-,-,-,-,3263.0000,3262.4000,3261.0000,3260.6000,3260.0000,3264.8000,3266.2000,3270.0000,3270.8000,3271.8000,1,1,1,2,1,1,5,13,4,3
SF,IH2011,2020-10-09 09:33:06.500,3263.0000,2534,-1,137150280.000,1,0,1,双平,S,3261.0000,3260.6000,3260.0000,3250.0000,3246.2000,3264.6000,3264.8000,3266.2000,3270.0000,3270.8000,1,2,1,2,1,1,1,5,13,4
SF,IH2011,2020-10-09 09:33:07.000,3263.0000,2534,0,137150280.000,0,-,-,-,-,3261.4000,3261.2000,3261.0000,3260.6000,3260.0000,3264.4000,3264.6000,3264.8000,3266.2000,3270.0000,1,4,1,2,1,1,2,1,5,13
SF,IH2011,2020-10-09 09:33:07.500,3263.0000,2534,0,137150280.000,0,-,-,-,-,3261.6000,3261.4000,3261.2000,3261.0000,3260.6000,3264.2000,3264.4000,3264.6000,3264.8000,3266.2000,2,1,3,1,2,1,1,1,1,5
SF,IH2011,2020-10-09 09:33:08.000,3263.0000,2534,0,137150280.000,0,-,-,-,-,3261.6000,3261.4000,3261.2000,3261.0000,3260.6000,3264.0000,3264.2000,3264.6000,3264.8000,3266.2000,2,1,3,1,2,1,1,1,1,5
SF,IH2011,2020-10-09 09:33:08.500,3263.0000,2534,0,137150280.000,0,-,-,-,-,3261.6000,3261.2000,3261.0000,3260.6000,3260.0000,3263.8000,3264.0000,3264.6000,3264.8000,3266.2000,2,3,1,2,1,1,1,1,1,5
SF,IH2011,2020-10-09 09:33:09.000,3263.0000,2534,0,137150280.000,0,-,-,-,-,3261.6000,3261.2000,3261.0000,3260.6000,3260.0000,3263.8000,3264.0000,3264.6000,3264.8000,3266.2000,2,3,1,2,1,1,1,1,1,5
SF,IH2011,2020-10-09 09:33:09.500,3263.0000,2534,0,137150280.000,0,-,-,-,-,3261.6000,3261.2000,3261.0000,3260.6000,3260.0000,3264.0000,3264.6000,3264.8000,3266.2000,3270.0000,2,3,1,2,1,1,1,1,5,13
SF,IH2011,2020-10-09 09:33:10.000,3263.0000,2534,0,137150280.000,0,-,-,-,-,3261.6000,3261.2000,3261.0000,3260.6000,3260.0000,3264.0000,3264.6000,3264.8000,3266.2000,3270.0000,2,3,1,2,1,1,1,1,5,13
SF,IH2011,2020-10-09 09:33:10.500,3263.0000,2534,0,137150280.000,0,-,-,-,-,3261.8000,3261.6000,3261.2000,3261.0000,3260.6000,3264.0000,3264.8000,3266.2000,3270.0000,3270.8000,1,2,3,1,2,1,1,5,13,4
SF,IH2011,2020-10-09 09:33:11.000,3263.0000,2534,0,137150280.000,0,-,-,-,-,3261.8000,3261.6000,3261.2000,3261.0000,3260.6000,3263.8000,3264.0000,3264.8000,3266.2000,3270.0000,1,2,3,1,2,1,1,1,5,13
SF,IH2011,2020-10-09 09:33:11.500,3263.0000,2534,0,137150280.000,0,-,-,-,-,3261.8000,3261.0000,3260.6000,3260.0000,3250.0000,3263.8000,3264.8000,3266.2000,3270.0000,3270.8000,1,1,2,1,2,1,1,5,13,4
SF,IH2011,2020-10-09 09:33:12.000,3263.8000,2534,0,138129420.000,1,0,1,多换,S,3261.8000,3260.6000,3260.0000,3250.0000,3246.2000,3263.6000,3264.8000,3266.2000,3270.0000,3270.8000,1,2,1,2,1,1,1,5,13,4
SF,IH2011,2020-10-09 09:33:12.500,3263.8000,2534,0,138129420.000,0,-,-,-,-,3261.8000,3260.0000,3250.0000,3246.2000,3236.2000,3263.4000,3263.6000,3264.8000,3266.2000,3270.0000,1,1,2,1,1,1,1,1,5,13
SF,IH2011,2020-10-09 09:33:13.500,3263.8000,2534,0,138129420.000,0,-,-,-,-,3261.8000,3260.0000,3250.0000,3246.2000,3236.2000,3263.4000,3264.8000,3266.2000,3270.0000,3270.8000,1,1,2,1,1,1,1,5,13,4
SF,IH2011,2020-10-09 09:33:14.000,3263.4000,2533,-1,140087460.000,2,0,2,多平,S,3261.8000,3260.0000,3250.0000,3246.2000,3236.2000,3264.8000,3266.2000,3270.0000,3270.8000,3271.8000,1,1,2,1,1,1,5,13,4,3
SF,IH2011,2020-10-09 09:33:14.500,3263.4000,2533,0,140087460.000,0,-,-,-,-,3262.0000,3261.8000,3260.0000,3250.0000,3246.2000,3264.6000,3264.8000,3266.2000,3270.0000,3270.8000,3,1,1,2,1,1,1,5,13,4
SF,IH2011,2020-10-09 09:33:15.000,3263.4000,2533,0,140087460.000,0,-,-,-,-,3262.0000,3261.8000,3260.0000,3250.0000,3246.2000,3264.8000,3266.2000,3270.0000,3270.8000,3271.8000,3,1,1,2,1,1,5,13,4,3
SF,IH2011,2020-10-09 09:33:15.500,3263.4000,2533,0,140087460.000,0,-,-,-,-,3262.0000,3261.8000,3260.0000,3250.0000,3246.2000,3264.6000,3264.8000,3266.2000,3270.0000,3270.8000,3,1,1,2,1,1,1,5,13,4
SF,IH2011,2020-10-09 09:33:16.000,3263.4000,2533,0,140087460.000,0,-,-,-,-,3262.0000,3261.8000,3260.0000,3250.0000,3246.2000,3264.6000,3264.8000,3266.2000,3270.0000,3270.8000,2,1,1,2,1,1,1,5,13,4
SF,IH2011,2020-10-09 09:33:18.500,3263.4000,2533,0,140087460.000,0,-,-,-,-,3262.0000,3261.8000,3260.0000,3250.0000,3246.2000,3264.6000,3264.8000,3266.2000,3270.0000,3270.8000,2,1,1,2,1,1,1,5,13,4
SF,IH2011,2020-10-09 09:33:22.000,3262.0000,2533,0,142044660.000,2,1,1,多换,S,3261.8000,3260.0000,3250.0000,3246.2000,3236.2000,3262.0000,3264.4000,3264.6000,3264.8000,3266.2000,1,1,2,1,1,2,1,1,1,5
SF,IH2011,2020-10-09 09:33:22.500,3264.4000,2533,0,144981180.000,3,1,2,多换,S,3262.0000,3261.8000,3260.0000,3250.0000,3246.2000,3264.6000,3264.8000,3266.2000,3270.0000,3270.8000,2,1,1,2,1,1,1,5,13,4
SF,IH2011,2020-10-09 09:33:23.000,3264.4000,2533,0,144981180.000,0,-,-,-,-,3262.0000,3261.8000,3260.0000,3250.0000,3246.2000,3264.4000,3264.6000,3264.8000,3266.2000,3270.0000,2,1,1,2,1,1,1,1,5,13
SF,IH2011,2020-10-09 09:33:23.500,3261.8000,2533,0,145959720.000,1,0,1,多换,S,3260.0000,3250.0000,3246.2000,3236.2000,3230.0000,3264.2000,3264.4000,3264.8000,3266.2000,3270.0000,1,2,1,1,2,1,1,1,5,13
SF,IH2011,2020-10-09 09:33:24.000,3261.8000,2533,0,145959720.000,0,-,-,-,-,3260.2000,3260.0000,3250.0000,3246.2000,3236.2000,3264.0000,3264.2000,3264.8000,3266.2000,3270.0000,1,1,2,1,1,1,1,1,5,13
SF,IH2011,2020-10-09 09:33:24.500,3261.8000,2533,0,145959720.000,0,-,-,-,-,3260.2000,3260.0000,3250.0000,3246.2000,3236.2000,3263.8000,3264.0000,3264.8000,3266.2000,3270.0000,1,1,2,1,1,1,1,1,5,13
SF,IH2011,2020-10-09 09:33:25.000,3261.8000,2533,0,145959720.000,0,-,-,-,-,3260.2000,3260.0000,3250.0000,3246.2000,3236.2000,3263.4000,3263.6000,3263.8000,3264.8000,3266.2000,1,1,2,1,1,1,1,1,1,5
SF,IH2011,2020-10-09 09:33:25.500,3261.8000,2533,0,145959720.000,0,-,-,-,-,3260.2000,3260.0000,3250.0000,3246.2000,3236.2000,3263.0000,3263.2000,3264.8000,3266.2000,3270.0000,1,1,2,1,1,1,2,1,5,13
SF,IH2011,2020-10-09 09:33:26.000,3261.8000,2533,0,145959720.000,0,-,-,-,-,3260.2000,3260.0000,3250.0000,3246.2000,3236.2000,3262.8000,3263.0000,3264.8000,3266.2000,3270.0000,1,1,2,1,1,2,1,1,5,13
SF,IH2011,2020-10-09 09:33:26.500,3261.8000,2533,0,145959720.000,0,-,-,-,-,3260.2000,3260.0000,3250.0000,3246.2000,3236.2000,3262.0000,3262.8000,3263.0000,3264.8000,3266.2000,1,1,2,1,1,1,2,1,1,5
SF,IH2011,2020-10-09 09:33:27.000,3261.8000,2533,0,145959720.000,0,-,-,-,-,3260.2000,3260.0000,3250.0000,3246.2000,3236.2000,3262.0000,3262.8000,3264.8000,3266.2000,3270.0000,1,1,2,1,1,1,2,1,5,13
SF,IH2011,2020-10-09 09:33:29.500,3262.0000,2532,-1,146938320.000,1,0,1,双平,S,3260.2000,3260.0000,3250.0000,3246.2000,3236.2000,3262.8000,3264.8000,3266.2000,3270.0000,3270.8000,1,1,2,1,1,2,1,5,13,4
SF,IH2011,2020-10-09 09:33:30.000,3262.0000,2532,0,146938320.000,0,-,-,-,-,3260.2000,3260.0000,3250.0000,3246.2000,3236.2000,3262.8000,3264.8000,3266.2000,3270.0000,3270.8000,1,1,2,1,1,1,1,5,13,4
SF,IH2011,2020-10-09 09:33:30.500,3260.2000,2532,0,147916380.000,1,0,1,多换,S,3260.0000,3250.0000,3246.2000,3236.2000,3230.0000,3260.2000,3262.8000,3264.8000,3266.2000,3270.0000,1,2,1,1,2,1,1,1,5,13
SF,IH2011,2020-10-09 09:33:31.000,3260.2000,2532,0,148894440.000,1,0,1,多换,S,3260.6000,3260.2000,3260.0000,3250.0000,3246.2000,3262.8000,3264.8000,3266.2000,3270.0000,3270.8000,1,5,1,2,1,1,1,5,13,4
SF,IH2011,2020-10-09 09:33:31.500,3260.2000,2532,0,148894440.000,0,-,-,-,-,3260.8000,3260.6000,3260.2000,3260.0000,3250.0000,3262.8000,3264.8000,3266.2000,3270.0000,3270.8000,2,1,4,1,2,1,1,5,13,4
SF,IH2011,2020-10-09 09:33:32.000,3260.2000,2532,0,148894440.000,0,-,-,-,-,3260.8000,3260.6000,3260.2000,3260.0000,3250.0000,3264.8000,3266.2000,3270.0000,3270.8000,3271.8000,1,1,4,1,2,2,5,13,4,3
SF,IH2011,2020-10-09 09:33:32.500,3260.2000,2532,0,148894440.000,0,-,-,-,-,3260.8000,3260.6000,3260.2000,3260.0000,3250.0000,3264.4000,3264.6000,3264.8000,3266.0000,3266.2000,1,1,3,1,2,1,2,4,1,5
SF,IH2011,2020-10-09 09:33:33.000,3260.8000,2534,2,150850920.000,2,2,0,双开,S,3260.8000,3260.6000,3260.2000,3260.0000,3250.0000,3264.2000,3264.8000,3266.0000,3266.2000,3270.0000,1,1,3,1,2,3,2,1,5,13
SF,IH2011,2020-10-09 09:33:33.500,3260.8000,2534,0,150850920.000,0,-,-,-,-,3261.0000,3260.8000,3260.6000,3260.2000,3260.0000,3264.2000,3264.8000,3266.0000,3266.2000,3270.0000,1,1,1,3,1,3,2,1,5,13
SF,IH2011,2020-10-09 09:33:34.000,3260.8000,2534,0,150850920.000,0,-,-,-,-,3261.2000,3260.6000,3260.2000,3260.0000,3250.0000,3263.8000,3264.2000,3264.8000,3266.0000,3266.2000,2,1,3,1,2,2,2,2,1,1
SF,IH2011,2020-10-09 09:33:34.500,3260.8000,2534,0,150850920.000,0,-,-,-,-,3261.2000,3260.6000,3260.2000,3260.0000,3250.0000,3263.6000,3263.8000,3264.2000,3264.8000,3266.0000,1,1,3,1,2,2,2,1,2,1
SF,IH2011,2020-10-09 09:33:35.000,3260.8000,2534,0,150850920.000,0,-,-,-,-,3260.6000,3260.2000,3260.0000,3250.0000,3246.2000,3263.6000,3264.2000,3264.8000,3266.0000,3266.2000,1,3,1,2,1,2,1,2,1,1
SF,IH2011,2020-10-09 09:33:35.500,3260.6000,2534,0,152807340.000,2,1,1,多换,S,3260.2000,3260.0000,3250.0000,3246.2000,3236.2000,3263.2000,3263.4000,3263.6000,3264.2000,3264.8000,3,1,2,1,1,1,1,2,1,2
SF,IH2011,2020-10-09 09:33:36.000,3260.2000,2534,0,154763520.000,2,1,1,多换,S,3260.2000,3260.0000,3250.0000,3246.2000,3236.2000,3263.0000,3263.2000,3263.6000,3264.2000,3264.8000,2,1,2,1,1,2,1,1,1,2
SF,IH2011,2020-10-09 09:33:36.500,3260.2000,2534,0,154763520.000,0,-,-,-,-,3260.4000,3260.2000,3260.0000,3250.0000,3246.2000,3263.0000,3264.2000,3264.8000,3266.0000,3266.2000,1,2,1,2,1,2,1,2,1,1
SF,IH2011,2020-10-09 09:33:37.000,3260.2000,2534,0,154763520.000,0,-,-,-,-,3260.6000,3260.4000,3260.2000,3260.0000,3250.0000,3263.0000,3264.2000,3264.8000,3266.0000,3266.2000,2,1,2,1,2,1,1,2,1,1
SF,IH2011,2020-10-09 09:33:37.500,3260.2000,2534,0,154763520.000,0,-,-,-,-,3260.8000,3260.6000,3260.4000,3260.2000,3260.0000,3263.0000,3264.8000,3266.0000,3266.2000,3270.0000,1,2,1,2,1,1,2,1,1,13
SF,IH2011,2020-10-09 09:33:38.000,3260.2000,2534,0,154763520.000,0,-,-,-,-,3261.0000,3260.8000,3260.6000,3260.4000,3260.2000,3263.0000,3264.8000,3266.0000,3266.2000,3270.0000,1,1,1,1,2,1,2,1,1,13
SF,IH2011,2020-10-09 09:33:38.500,3260.2000,2534,0,154763520.000,0,-,-,-,-,3260.6000,3260.4000,3260.2000,3260.0000,3250.0000,3263.0000,3264.8000,3266.0000,3266.2000,3270.0000,1,1,2,1,2,1,2,1,1,13
SF,IH2011,2020-10-09 09:33:39.000,3260.6000,2534,0,155741700.000,1,0,1,多换,S,3260.2000,3260.0000,3250.0000,3246.2000,3236.2000,3260.6000,3263.0000,3264.8000,3266.0000,3266.2000,2,1,2,1,1,1,1,2,1,1
SF,IH2011,2020-10-09 09:33:39.500,3260.6000,2534,0,156719880.000,1,0,1,多换,S,3260.6000,3260.2000,3260.0000,3250.0000,3246.2000,3263.0000,3264.8000,3266.0000,3266.2000,3270.0000,1,2,1,2,1,1,2,1,1,13
SF,IH2011,2020-10-09 09:33:40.000,3260.2000,2535,1,158676120.000,2,1,1,空开,S,3260.2000,3260.0000,3250.0000,3246.2000,3236.2000,3263.0000,3264.8000,3266.0000,3266.2000,3270.0000,1,1,2,1,1,1,2,1,1,13
SF,IH2011,2020-10-09 09:33:40.500,3260.2000,2535,0,159654180.000,1,0,1,多换,S,3260.0000,3250.0000,3246.2000,3236.2000,3230.0000,3260.2000,3262.8000,3263.0000,3264.8000,3266.0000,1,2,1,1,2,1,3,1,2,1
SF,IH2011,2020-10-09 09:33:41.000,3260.2000,2537,2,162588360.000,3,2,1,空开,S,3260.0000,3250.0000,3246.2000,3236.2000,3230.0000,3262.8000,3263.0000,3264.8000,3266.0000,3266.2000,1,2,1,1,2,1,1,2,1,1
SF,IH2011,2020-10-09 09:33:41.500,3260.2000,2537,0,162588360.000,0,-,-,-,-,3260.0000,3250.0000,3246.2000,3236.2000,3230.0000,3262.6000,3262.8000,3264.8000,3266.0000,3266.2000,1,2,1,1,2,2,1,2,1,1
SF,IH2011,2020-10-09 09:33:42.000,3260.0000,2537,0,163566360.000,1,0,1,多换,S,3250.0000,3246.2000,3236.2000,3230.0000,3161.6000,3260.0000,3262.4000,3262.6000,3264.8000,3266.0000,2,1,1,2,1,1,1,2,2,1
SF,IH2011,2020-10-09 09:33:42.500,3260.0000,2536,-1,166500360.000,3,1,2,多平,S,3256.4000,3256.0000,3253.0000,3252.0000,3250.6000,3264.8000,3266.0000,3266.2000,3270.0000,3270.8000,1,1,3,1,1,2,1,1,13,4
SF,IH2011,2020-10-09 09:33:43.000,3260.0000,2536,0,166500360.000,0,-,-,-,-,3256.6000,3256.4000,3256.2000,3253.0000,3252.0000,3264.6000,3264.8000,3266.0000,3266.2000,3270.0000,3,1,1,3,1,3,4,1,1,13
SF,IH2011,2020-10-09 09:33:44.000,3260.0000,2536,0,166500360.000,0,-,-,-,-,3256.6000,3256.4000,3256.2000,3253.0000,3250.2000,3264.6000,3264.8000,3266.0000,3266.2000,3270.0000,3,1,1,3,4,3,4,1,1,13
SF,IH2011,2020-10-09 09:33:44.500,3260.0000,2536,0,166500360.000,0,-,-,-,-,3256.8000,3256.6000,3256.4000,3256.2000,3253.0000,3264.2000,3264.6000,3264.8000,3266.0000,3266.2000,1,3,1,1,3,1,2,4,1,1
SF,IH2011,2020-10-09 09:33:45.000,3260.0000,2536,0,166500360.000,0,-,-,-,-,3257.0000,3256.8000,3256.6000,3256.4000,3256.2000,3264.0000,3264.2000,3264.6000,3264.8000,3266.0000,2,1,2,1,1,2,2,1,3,1
SF,IH2011,2020-10-09 09:33:45.500,3260.0000,2536,0,166500360.000,0,-,-,-,-,3257.2000,3257.0000,3256.6000,3256.4000,3256.2000,3263.6000,3264.0000,3264.2000,3264.6000,3264.8000,1,2,2,1,1,1,2,1,1,3
SF,IH2011,2020-10-09 09:33:46.000,3260.0000,2536,0,166500360.000,0,-,-,-,-,3257.4000,3257.2000,3257.0000,3256.6000,3256.4000,3263.0000,3263.4000,3263.6000,3264.0000,3264.2000,4,1,1,2,1,1,3,1,1,1
SF,IH2011,2020-10-09 09:33:46.500,3260.0000,2536,0,166500360.000,0,-,-,-,-,3257.6000,3257.4000,3257.0000,3256.6000,3256.4000,3262.4000,3262.8000,3263.4000,3263.6000,3264.0000,1,4,1,2,1,2,3,2,1,1
SF,IH2011,2020-10-09 09:33:47.000,3260.0000,2536,0,166500360.000,0,-,-,-,-,3257.8000,3257.6000,3257.4000,3257.0000,3256.6000,3262.2000,3262.8000,3263.4000,3263.6000,3264.0000,2,1,3,1,2,1,2,2,1,1
SF,IH2011,2020-10-09 09:33:47.500,3260.0000,2536,0,166500360.000,0,-,-,-,-,3258.0000,3257.8000,3257.4000,3257.0000,3256.6000,3262.2000,3262.8000,3263.4000,3263.6000,3264.0000,1,2,3,1,2,1,2,2,1,1
SF,IH2011,2020-10-09 09:33:48.000,3260.0000,2536,0,166500360.000,0,-,-,-,-,3258.2000,3258.0000,3257.8000,3257.4000,3257.0000,3262.2000,3263.4000,3264.0000,3264.2000,3264.6000,3,1,1,3,1,1,2,1,1,1
SF,IH2011,2020-10-09 09:33:48.500,3260.0000,2536,0,166500360.000,0,-,-,-,-,3258.4000,3258.2000,3257.8000,3257.4000,3257.0000,3262.2000,3263.4000,3264.0000,3264.6000,3264.8000,1,3,1,3,1,1,2,1,1,3
SF,IH2011,2020-10-09 09:33:49.000,3260.0000,2536,0,166500360.000,0,-,-,-,-,3258.6000,3258.4000,3258.2000,3257.8000,3257.4000,3262.2000,3263.4000,3264.0000,3264.6000,3264.8000,1,1,2,1,3,1,2,1,1,3
SF,IH2011,2020-10-09 09:33:49.500,3258.6000,2537,1,168455580.000,2,1,1,空开,S,3258.2000,3257.8000,3257.4000,3257.0000,3256.4000,3261.8000,3262.0000,3262.2000,3263.4000,3264.0000,2,1,3,1,1,1,1,1,2,1
SF,IH2011,2020-10-09 09:33:50.000,3258.2000,2538,1,170410560.000,2,1,1,空开,S,3257.8000,3257.4000,3257.0000,3256.4000,3256.2000,3261.6000,3263.4000,3264.8000,3266.0000,3266.2000,1,3,1,1,1,2,2,3,1,1
SF,IH2011,2020-10-09 09:33:50.500,3258.0000,2538,0,172365420.000,2,1,1,多换,S,3257.8000,3257.4000,3257.0000,3256.4000,3256.2000,3261.6000,3263.4000,3264.8000,3266.0000,3266.2000,1,3,1,1,1,2,2,3,1,1
SF,IH2011,2020-10-09 09:33:52.000,3258.0000,2538,0,172365420.000,0,-,-,-,-,3257.8000,3257.4000,3257.0000,3256.4000,3256.2000,3261.6000,3263.4000,3264.8000,3266.0000,3266.2000,1,3,1,1,1,2,2,3,1,1
SF,IH2011,2020-10-09 09:33:52.500,3258.0000,2538,0,172365420.000,0,-,-,-,-,3257.8000,3257.4000,3257.0000,3256.4000,3256.2000,3261.4000,3261.6000,3263.4000,3264.8000,3266.0000,1,3,1,1,1,1,2,2,3,1
SF,IH2011,2020-10-09 09:33:53.000,3258.0000,2538,0,172365420.000,0,-,-,-,-,3257.8000,3257.4000,3257.0000,3256.4000,3256.2000,3261.2000,3264.8000,3266.0000,3266.2000,3270.0000,1,3,1,1,1,2,3,1,1,12
SF,IH2011,2020-10-09 09:33:53.500,3258.0000,2540,2,174320220.000,2,2,0,双开,S,3257.4000,3257.0000,3256.4000,3256.2000,3250.2000,3261.2000,3264.8000,3266.0000,3266.2000,3270.0000,3,1,1,1,1,2,3,1,1,12
SF,IH2011,2020-10-09 09:33:54.000,3258.0000,2540,0,174320220.000,0,-,-,-,-,3257.6000,3257.4000,3257.0000,3256.4000,3256.2000,3261.2000,3264.8000,3266.0000,3266.2000,3270.0000,1,3,1,1,1,2,3,1,1,12
SF,IH2011,2020-10-09 09:33:54.500,3258.0000,2540,0,174320220.000,0,-,-,-,-,3257.6000,3257.4000,3257.0000,3256.4000,3256.2000,3261.2000,3264.8000,3266.0000,3266.2000,3270.0000,1,3,1,1,1,2,3,1,1,12
SF,IH2011,2020-10-09 09:33:55.000,3260.8000,2540,0,175298460.000,1,0,1,多换,S,3257.6000,3257.4000,3257.0000,3256.4000,3256.2000,3261.2000,3264.8000,3266.0000,3266.2000,3270.0000,1,3,1,1,1,2,3,1,1,12
SF,IH2011,2020-10-09 09:33:55.500,3260.8000,2540,0,175298460.000,0,-,-,-,-,3258.0000,3257.6000,3257.4000,3257.0000,3256.4000,3261.2000,3264.8000,3266.0000,3266.2000,3270.0000,1,1,3,1,1,2,3,1,1,12
SF,IH2011,2020-10-09 09:33:56.000,3260.8000,2540,0,175298460.000,0,-,-,-,-,3258.2000,3257.6000,3257.4000,3257.0000,3256.2000,3260.8000,3261.2000,3264.8000,3266.0000,3266.2000,1,1,3,1,1,1,2,3,1,1
SF,IH2011,2020-10-09 09:33:56.500,3258.2000,2541,1,176275920.000,1,1,0,双开,S,3256.2000,3250.2000,3250.0000,3246.2000,3236.2000,3258.2000,3260.6000,3260.8000,3264.8000,3266.0000,1,1,2,1,1,1,2,1,3,1
SF,IH2011,2020-10-09 09:33:57.000,3258.2000,2541,0,177253380.000,1,0,1,多换,S,3258.2000,3256.2000,3250.2000,3250.0000,3246.2000,3260.6000,3264.8000,3266.0000,3266.2000,3270.0000,1,1,1,2,1,2,3,1,1,12
SF,IH2011,2020-10-09 09:33:58.000,3258.2000,2541,0,178230840.000,1,0,1,多换,S,3256.2000,3250.2000,3250.0000,3246.2000,3236.2000,3260.6000,3264.8000,3266.0000,3266.2000,3270.0000,1,1,2,1,1,2,2,1,1,12
SF,IH2011,2020-10-09 09:33:58.500,3258.2000,2541,0,178230840.000,0,-,-,-,-,3256.6000,3256.2000,3250.0000,3246.2000,3236.2000,3260.2000,3260.6000,3264.8000,3266.0000,3266.2000,1,1,2,1,1,1,2,1,1,1
SF,IH2011,2020-10-09 09:33:59.000,3258.2000,2541,0,178230840.000,0,-,-,-,-,3257.0000,3256.2000,3250.0000,3246.2000,3236.2000,3260.0000,3260.2000,3264.8000,3266.0000,3266.2000,1,1,2,1,1,2,1,1,1,1
SF,IH2011,2020-10-09 09:33:59.500,3258.2000,2541,0,178230840.000,0,-,-,-,-,3256.2000,3250.0000,3246.2000,3236.2000,3230.0000,3260.0000,3264.8000,3266.0000,3266.2000,3270.0000,1,2,1,1,2,2,1,1,1,12
SF,IH2011,2020-10-09 09:34:00.000,3258.2000,2541,0,178230840.000,0,-,-,-,-,3256.2000,3250.0000,3246.2000,3236.2000,3230.0000,3257.0000,3258.8000,3259.8000,3260.0000,3264.8000,1,2,1,1,2,1,1,1,2,1
SF,IH2011,2020-10-09 09:34:00.500,3257.0000,2540,-1,179207940.000,1,0,1,双平,S,3257.0000,3256.2000,3250.0000,3246.2000,3236.2000,3260.0000,3264.8000,3266.0000,3266.2000,3270.0000,1,1,2,1,1,2,1,1,1,12
SF,IH2011,2020-10-09 09:34:01.000,3257.0000,2541,1,180185040.000,1,1,0,双开,S,3256.2000,3250.0000,3246.2000,3236.2000,3230.0000,3257.0000,3259.4000,3260.0000,3264.8000,3266.0000,1,2,1,1,2,1,1,2,1,1
SF,IH2011,2020-10-09 09:34:01.500,3257.0000,2541,0,181162140.000,1,0,1,多换,S,3256.2000,3250.0000,3246.2000,3236.2000,3230.0000,3259.4000,3260.0000,3264.8000,3266.0000,3266.2000,1,2,1,1,2,1,2,1,1,1
SF,IH2011,2020-10-09 09:34:02.000,3257.0000,2541,0,181162140.000,0,-,-,-,-,3256.6000,3256.2000,3250.0000,3246.2000,3236.2000,3259.2000,3259.4000,3264.8000,3266.0000,3266.2000,1,1,2,1,1,2,1,1,1,1
SF,IH2011,2020-10-09 09:34:02.500,3257.0000,2541,0,181162140.000,0,-,-,-,-,3256.6000,3256.2000,3250.0000,3246.2000,3236.2000,3259.2000,3264.8000,3266.0000,3266.2000,3270.0000,1,1,2,1,1,2,1,1,1,12
SF,IH2011,2020-10-09 09:34:03.000,3256.6000,2542,1,182139120.000,1,1,0,双开,S,3256.2000,3250.0000,3246.2000,3236.2000,3230.0000,3256.6000,3259.2000,3264.8000,3266.0000,3266.2000,1,2,1,1,2,1,2,1,1,1
SF,IH2011,2020-10-09 09:34:03.500,3256.6000,2542,0,183116100.000,1,0,1,多换,S,3257.2000,3256.2000,3250.0000,3246.2000,3236.2000,3259.2000,3264.8000,3266.0000,3266.2000,3270.0000,2,1,2,1,1,2,1,1,1,12
SF,IH2011,2020-10-09 09:34:04.000,3257.2000,2542,0,185070420.000,2,1,1,多换,S,3256.2000,3250.0000,3246.2000,3236.2000,3230.0000,3259.2000,3264.8000,3266.0000,3266.2000,3270.0000,1,2,1,1,2,1,1,1,1,12
SF,IH2011,2020-10-09 09:34:04.500,3257.2000,2542,0,185070420.000,0,-,-,-,-,3256.2000,3250.0000,3246.2000,3236.2000,3230.0000,3259.0000,3259.2000,3264.8000,3266.0000,3266.2000,1,2,1,1,2,1,1,1,1,1
SF,IH2011,2020-10-09 09:34:05.000,3257.2000,2542,0,185070420.000,0,-,-,-,-,3256.2000,3250.0000,3246.2000,3236.2000,3230.0000,3258.8000,3259.0000,3264.8000,3266.0000,3266.2000,1,2,1,1,2,1,1,1,1,1
SF,IH2011,2020-10-09 09:34:05.500,3257.2000,2542,0,185070420.000,0,-,-,-,-,3257.4000,3256.2000,3250.0000,3246.2000,3236.2000,3258.6000,3258.8000,3264.8000,3266.0000,3266.2000,1,1,2,1,1,1,1,1,1,1
SF,IH2011,2020-10-09 09:34:06.000,3258.4000,2541,-1,186047940.000,1,0,1,双平,S,3256.2000,3250.0000,3246.2000,3236.2000,3230.0000,3264.8000,3266.0000,3266.2000,3270.0000,3272.4000,1,2,1,1,2,1,1,1,12,1
SF,IH2011,2020-10-09 09:34:06.500,3258.4000,2541,0,186047940.000,0,-,-,-,-,3256.4000,3256.2000,3252.6000,3250.0000,3246.2000,3262.0000,3264.6000,3264.8000,3266.0000,3266.2000,1,1,1,2,1,1,3,3,1,1
SF,IH2011,2020-10-09 09:34:07.000,3258.4000,2541,0,186047940.000,0,-,-,-,-,3256.4000,3256.2000,3252.6000,3250.0000,3246.2000,3261.4000,3261.8000,3262.0000,3264.6000,3264.8000,2,1,1,2,1,2,3,1,1,3
SF,IH2011,2020-10-09 09:34:07.500,3258.4000,2541,0,186047940.000,0,-,-,-,-,3256.8000,3256.4000,3256.2000,3252.6000,3250.0000,3261.2000,3261.4000,3261.8000,3264.6000,3264.8000,2,2,1,1,2,3,2,1,1,3
SF,IH2011,2020-10-09 09:34:08.000,3258.4000,2541,0,186047940.000,0,-,-,-,-,3257.0000,3256.4000,3256.2000,3252.6000,3250.0000,3260.8000,3261.0000,3261.2000,3261.8000,3264.6000,1,1,1,1,2,2,1,2,1,1
SF,IH2011,2020-10-09 09:34:08.500,3258.4000,2541,0,186047940.000,0,-,-,-,-,3256.4000,3256.2000,3252.6000,3250.0000,3246.2000,3258.4000,3260.6000,3260.8000,3261.8000,3264.6000,1,2,1,2,1,1,2,2,1,1
SF,IH2011,2020-10-09 09:34:09.000,3258.4000,2541,0,187025460.000,1,0,1,多换,S,3256.6000,3256.4000,3256.2000,3252.6000,3250.0000,3260.6000,3261.8000,3264.6000,3264.8000,3266.0000,1,1,2,1,2,2,1,1,2,1
SF,IH2011,2020-10-09 09:34:09.500,3258.4000,2541,0,187025460.000,0,-,-,-,-,3256.6000,3256.4000,3256.2000,3252.6000,3250.0000,3260.2000,3260.4000,3260.6000,3261.8000,3264.6000,1,1,2,1,2,1,1,2,1,1
SF,IH2011,2020-10-09 09:34:10.000,3258.4000,2541,0,187025460.000,0,-,-,-,-,3256.6000,3256.4000,3256.2000,3252.6000,3250.0000,3260.0000,3260.4000,3261.8000,3264.6000,3264.8000,1,1,2,1,2,2,1,1,1,2
SF,IH2011,2020-10-09 09:34:10.500,3258.4000,2541,0,187025460.000,0,-,-,-,-,3256.6000,3256.4000,3256.2000,3252.6000,3250.0000,3260.0000,3264.6000,3264.8000,3266.0000,3266.2000,1,1,2,1,2,2,1,2,1,1
SF,IH2011,2020-10-09 09:34:11.000,3258.4000,2541,0,187025460.000,0,-,-,-,-,3256.6000,3256.4000,3256.2000,3252.6000,3250.0000,3260.0000,3264.6000,3264.8000,3266.0000,3266.2000,1,1,2,1,2,2,1,2,1,1
SF,IH2011,2020-10-09 09:34:11.500,3258.4000,2541,0,187025460.000,0,-,-,-,-,3256.6000,3256.4000,3256.2000,3252.6000,3250.0000,3260.0000,3264.6000,3264.8000,3266.0000,3266.2000,1,1,2,1,2,2,1,2,1,1
SF,IH2011,2020-10-09 09:34:12.000,3258.4000,2541,0,187025460.000,0,-,-,-,-,3256.6000,3256.4000,3256.2000,3252.6000,3250.0000,3260.0000,3264.6000,3264.8000,3266.0000,3266.2000,1,1,2,1,2,2,1,2,1,1
SF,IH2011,2020-10-09 09:34:19.500,3258.4000,2541,0,187025460.000,0,-,-,-,-,3256.6000,3256.4000,3256.2000,3250.0000,3246.2000,3260.0000,3264.6000,3264.8000,3266.0000,3266.2000,1,1,2,2,1,2,1,2,1,1
SF,IH2011,2020-10-09 09:34:20.000,3258.4000,2541,0,187025460.000,0,-,-,-,-,3256.4000,3256.2000,3250.0000,3246.2000,3236.2000,3260.0000,3264.6000,3264.8000,3266.0000,3266.2000,1,2,2,1,1,2,1,2,1,1
SF,IH2011,2020-10-09 09:34:20.500,3258.4000,2541,0,187025460.000,0,-,-,-,-,3256.6000,3256.4000,3256.2000,3250.0000,3246.2000,3260.0000,3264.6000,3264.8000,3266.0000,3266.2000,1,1,2,2,1,2,1,2,1,1
SF,IH2011,2020-10-09 09:34:22.000,3258.4000,2541,0,187025460.000,0,-,-,-,-,3256.6000,3256.4000,3256.2000,3250.0000,3246.2000,3260.0000,3264.6000,3264.8000,3266.0000,3266.2000,1,1,2,2,1,2,1,1,1,1
SF,IH2011,2020-10-09 09:34:22.500,3258.4000,2541,0,187025460.000,0,-,-,-,-,3256.6000,3256.4000,3256.2000,3250.0000,3246.2000,3259.6000,3260.0000,3264.6000,3264.8000,3266.0000,1,1,2,2,1,1,2,1,1,1
SF,IH2011,2020-10-09 09:34:23.000,3258.4000,2541,0,187025460.000,0,-,-,-,-,3256.6000,3256.4000,3256.2000,3250.0000,3246.2000,3259.4000,3259.6000,3264.6000,3264.8000,3266.0000,1,1,2,2,1,2,1,1,1,1
SF,IH2011,2020-10-09 09:34:23.500,3258.4000,2541,0,187025460.000,0,-,-,-,-,3256.6000,3256.4000,3256.2000,3250.0000,3246.2000,3259.4000,3264.6000,3264.8000,3266.0000,3266.2000,1,1,2,2,1,2,1,1,1,1
SF,IH2011,2020-10-09 09:34:24.000,3258.4000,2541,0,187025460.000,0,-,-,-,-,3256.6000,3256.4000,3256.2000,3250.0000,3246.2000,3259.4000,3264.6000,3264.8000,3266.0000,3266.2000,1,1,2,2,1,2,1,1,1,1
SF,IH2011,2020-10-09 09:34:24.500,3258.4000,2541,0,187025460.000,0,-,-,-,-,3256.4000,3256.2000,3250.0000,3246.2000,3236.2000,3259.4000,3264.6000,3264.8000,3266.0000,3266.2000,1,2,2,1,1,2,1,1,1,1
SF,IH2011,2020-10-09 09:34:25.500,3258.4000,2541,0,187025460.000,0,-,-,-,-,3256.4000,3256.2000,3250.0000,3246.2000,3236.2000,3256.6000,3259.4000,3264.6000,3264.8000,3266.0000,1,2,2,1,1,1,2,1,1,1
SF,IH2011,2020-10-09 09:34:26.000,3256.6000,2540,-1,188002440.000,1,0,1,双平,S,3257.0000,3256.6000,3256.4000,3256.2000,3250.0000,3259.4000,3264.6000,3264.8000,3266.0000,3266.2000,1,3,2,2,2,2,1,1,1,1
SF,IH2011,2020-10-09 09:34:26.500,3256.6000,2540,0,188002440.000,0,-,-,-,-,3256.6000,3256.4000,3256.2000,3250.0000,3246.2000,3259.4000,3264.6000,3264.8000,3266.0000,3266.2000,2,1,2,2,1,2,1,1,1,1
SF,IH2011,2020-10-09 09:34:27.000,3256.6000,2540,0,188002440.000,0,-,-,-,-,3256.8000,3256.6000,3256.4000,3256.2000,3250.0000,3259.4000,3264.6000,3264.8000,3266.0000,3266.2000,1,2,1,2,2,2,1,1,1,1
SF,IH2011,2020-10-09 09:34:27.500,3256.8000,2540,0,189956520.000,2,1,1,多换,S,3256.8000,3256.6000,3256.4000,3256.2000,3250.0000,3259.4000,3264.6000,3264.8000,3266.0000,3266.2000,1,2,1,2,2,2,1,1,1,1
SF,IH2011,2020-10-09 09:34:28.000,3256.8000,2540,0,189956520.000,0,-,-,-,-,3256.8000,3256.6000,3256.4000,3256.2000,3250.0000,3259.4000,3264.6000,3264.8000,3266.0000,3266.2000,1,2,1,2,2,2,1,1,1,1
SF,IH2011,2020-10-09 09:34:28.500,3256.8000,2540,0,189956520.000,0,-,-,-,-,3256.6000,3256.4000,3256.2000,3250.0000,3246.2000,3259.4000,3264.6000,3264.8000,3266.0000,3266.2000,2,1,2,2,1,2,1,1,1,1
SF,IH2011,2020-10-09 09:34:29.000,3256.8000,2540,0,189956520.000,0,-,-,-,-,3256.6000,3256.4000,3256.2000,3250.0000,3246.2000,3259.2000,3259.4000,3264.6000,3264.8000,3266.0000,2,1,2,2,1,1,2,1,1,1
SF,IH2011,2020-10-09 09:34:29.500,3256.8000,2540,0,189956520.000,0,-,-,-,-,3256.6000,3256.4000,3256.2000,3250.0000,3246.2000,3259.0000,3259.2000,3264.6000,3264.8000,3266.0000,2,1,2,2,1,2,1,1,1,1
SF,IH2011,2020-10-09 09:34:30.000,3256.8000,2540,0,189956520.000,0,-,-,-,-,3256.6000,3256.4000,3256.2000,3250.0000,3246.2000,3259.0000,3264.6000,3264.8000,3266.0000,3266.2000,2,1,2,2,1,2,1,1,1,1
SF,IH2011,2020-10-09 09:34:32.000,3259.0000,2539,-1,190934220.000,1,0,1,双平,S,3256.6000,3256.4000,3256.2000,3250.0000,3246.2000,3259.0000,3264.6000,3264.8000,3266.0000,3266.2000,2,1,2,2,1,1,1,1,1,1
SF,IH2011,2020-10-09 09:34:32.500,3259.0000,2539,0,190934220.000,0,-,-,-,-,3256.6000,3256.4000,3256.2000,3250.0000,3246.2000,3258.6000,3258.8000,3259.0000,3264.6000,3264.8000,2,1,2,2,1,1,1,1,1,1
SF,IH2011,2020-10-09 09:34:33.000,3256.8000,2539,0,192888300.000,2,1,1,多换,S,3256.8000,3256.6000,3256.4000,3256.2000,3250.0000,3258.8000,3259.0000,3264.6000,3264.8000,3266.0000,1,2,1,2,2,1,1,1,1,1
SF,IH2011,2020-10-09 09:34:33.500,3256.8000,2539,0,192888300.000,0,-,-,-,-,3256.8000,3256.6000,3256.4000,3256.2000,3250.0000,3258.8000,3259.0000,3264.6000,3264.8000,3266.0000,1,2,1,2,2,1,1,1,1,1
SF,IH2011,2020-10-09 09:34:34.000,3256.8000,2539,0,192888300.000,0,-,-,-,-,3256.8000,3256.6000,3256.4000,3256.2000,3250.0000,3258.8000,3259.0000,3264.6000,3264.8000,3266.0000,1,2,1,2,2,1,1,1,1,1
SF,IH2011,2020-10-09 09:34:34.500,3256.8000,2539,0,192888300.000,0,-,-,-,-,3256.6000,3256.4000,3256.2000,3250.0000,3246.2000,3258.8000,3259.0000,3264.6000,3264.8000,3266.0000,2,1,2,2,1,1,1,1,1,1
SF,IH2011,2020-10-09 09:34:35.000,3256.6000,2539,0,194842260.000,2,1,1,多换,S,3256.4000,3256.2000,3250.0000,3246.2000,3236.2000,3258.8000,3259.0000,3264.6000,3264.8000,3266.0000,1,2,2,1,1,1,1,1,1,1
SF,IH2011,2020-10-09 09:34:35.500,3256.4000,2539,0,195819180.000,1,0,1,多换,S,3256.2000,3250.0000,3246.2000,3236.2000,3230.0000,3256.4000,3258.6000,3258.8000,3259.0000,3264.6000,2,2,1,1,2,1,1,1,1,1
SF,IH2011,2020-10-09 09:34:36.000,3256.4000,2539,0,196796100.000,1,0,1,多换,S,3256.6000,3256.4000,3256.2000,3250.0000,3246.2000,3258.6000,3258.8000,3259.0000,3264.6000,3264.8000,2,1,2,2,1,1,1,1,1,1
SF,IH2011,2020-10-09 09:34:36.500,3256.4000,2539,0,196796100.000,0,-,-,-,-,3256.6000,3256.4000,3256.2000,3250.0000,3246.2000,3258.4000,3259.0000,3264.6000,3264.8000,3266.0000,2,1,2,2,1,1,1,1,1,1
SF,IH2011,2020-10-09 09:34:37.000,3256.4000,2539,0,196796100.000,0,-,-,-,-,3256.4000,3256.2000,3250.0000,3246.2000,3236.2000,3258.4000,3259.0000,3264.6000,3264.8000,3266.0000,1,2,2,1,1,1,1,1,1,1
SF,IH2011,2020-10-09 09:34:37.500,3256.4000,2539,0,196796100.000,0,-,-,-,-,3256.2000,3250.0000,3246.2000,3236.2000,3230.0000,3258.4000,3259.0000,3264.6000,3264.8000,3266.0000,2,2,1,1,2,1,1,1,1,1
SF,IH2011,2020-10-09 09:34:38.000,3256.4000,2539,0,196796100.000,0,-,-,-,-,3256.2000,3250.0000,3246.2000,3236.2000,3230.0000,3258.4000,3259.0000,3264.6000,3264.8000,3266.0000,2,2,1,1,2,1,1,1,1,1
SF,IH2011,2020-10-09 09:34:38.500,3256.2000,2541,2,198749820.000,2,2,0,双开,S,3250.0000,3246.2000,3236.2000,3230.0000,3161.6000,3258.4000,3259.0000,3264.6000,3264.8000,3266.0000,2,1,1,2,1,1,1,1,1,1
SF,IH2011,2020-10-09 09:34:39.000,3256.2000,2541,0,198749820.000,0,-,-,-,-,3254.6000,3253.8000,3253.6000,3252.0000,3250.6000,3258.2000,3258.4000,3264.6000,3264.8000,3266.0000,1,1,1,3,1,1,1,1,1,1
SF,IH2011,2020-10-09 09:34:39.500,3256.2000,2541,0,198749820.000,0,-,-,-,-,3254.8000,3253.8000,3253.6000,3252.0000,3250.6000,3258.0000,3258.2000,3264.6000,3264.8000,3266.0000,1,1,1,3,1,1,1,1,1,1
SF,IH2011,2020-10-09 09:34:40.000,3256.2000,2541,0,198749820.000,0,-,-,-,-,3256.4000,3254.8000,3253.8000,3253.6000,3252.0000,3257.8000,3258.0000,3264.6000,3264.8000,3266.0000,1,1,1,1,3,1,1,1,1,1
SF,IH2011,2020-10-09 09:34:40.500,3257.6000,2540,-1,199727100.000,1,0,1,双平,S,3254.8000,3253.8000,3253.6000,3252.0000,3250.6000,3264.6000,3264.8000,3266.0000,3266.2000,3270.0000,1,1,1,3,1,1,1,1,1,12
SF,IH2011,2020-10-09 09:34:41.000,3257.6000,2540,0,199727100.000,0,-,-,-,-,3254.8000,3253.8000,3253.6000,3252.0000,3250.2000,3261.2000,3262.0000,3262.6000,3264.4000,3264.6000,1,1,1,3,1,1,1,1,5,1
SF,IH2011,2020-10-09 09:34:41.500,3257.6000,2540,0,199727100.000,0,-,-,-,-,3254.8000,3253.8000,3253.6000,3252.0000,3250.2000,3260.6000,3261.0000,3261.2000,3262.0000,3262.6000,1,1,1,3,1,2,3,1,1,1
SF,IH2011,2020-10-09 09:34:42.000,3257.6000,2540,0,199727100.000,0,-,-,-,-,3254.8000,3253.8000,3253.6000,3252.0000,3250.2000,3260.4000,3260.6000,3262.4000,3262.6000,3264.4000,1,1,1,3,1,2,2,1,1,3
SF,IH2011,2020-10-09 09:34:42.500,3257.6000,2540,0,199727100.000,0,-,-,-,-,3254.8000,3253.8000,3253.6000,3252.0000,3250.0000,3259.6000,3260.4000,3260.6000,3262.4000,3262.6000,1,1,1,3,2,1,2,2,1,1
SF,IH2011,2020-10-09 09:34:43.000,3257.6000,2540,0,199727100.000,0,-,-,-,-,3254.8000,3253.8000,3253.6000,3252.0000,3250.0000,3259.4000,3259.6000,3260.4000,3262.4000,3262.6000,1,1,1,3,2,1,1,1,1,1
SF,IH2011,2020-10-09 09:34:43.500,3257.6000,2540,0,199727100.000,0,-,-,-,-,3255.2000,3254.8000,3253.8000,3253.6000,3252.0000,3259.2000,3259.4000,3259.6000,3262.4000,3262.6000,1,1,1,1,3,1,1,1,1,1
SF,IH2011,2020-10-09 09:34:44.000,3257.6000,2540,0,199727100.000,0,-,-,-,-,3255.4000,3255.2000,3253.8000,3253.6000,3252.0000,3258.8000,3259.0000,3259.2000,3262.4000,3262.6000,1,1,1,1,3,2,1,1,1,1
SF,IH2011,2020-10-09 09:34:44.500,3257.6000,2540,0,199727100.000,0,-,-,-,-,3253.8000,3253.6000,3252.0000,3250.0000,3246.2000,3258.4000,3258.6000,3258.8000,3262.4000,3262.6000,1,1,3,2,1,1,2,2,1,1
SF,IH2011,2020-10-09 09:34:45.000,3257.6000,2540,0,199727100.000,0,-,-,-,-,3254.0000,3253.8000,3253.6000,3252.0000,3250.0000,3258.2000,3258.4000,3258.8000,3262.4000,3262.6000,1,1,1,3,2,2,1,2,1,1
SF,IH2011,2020-10-09 09:34:45.500,3257.6000,2540,0,199727100.000,0,-,-,-,-,3254.0000,3253.8000,3253.6000,3252.0000,3250.0000,3258.2000,3262.4000,3262.6000,3264.4000,3264.6000,1,1,1,3,2,2,1,1,3,1
SF,IH2011,2020-10-09 09:34:46.500,3257.6000,2540,0,199727100.000,0,-,-,-,-,3254.2000,3254.0000,3253.8000,3253.6000,3252.0000,3258.2000,3262.4000,3262.6000,3264.4000,3264.6000,1,1,1,1,3,2,1,1,3,1
SF,IH2011,2020-10-09 09:34:47.000,3257.6000,2540,0,199727100.000,0,-,-,-,-,3254.4000,3254.2000,3253.8000,3253.6000,3252.0000,3258.2000,3262.4000,3262.6000,3264.4000,3264.6000,1,1,1,1,3,2,1,1,3,1
SF,IH2011,2020-10-09 09:34:47.500,3257.6000,2540,0,199727100.000,0,-,-,-,-,3254.4000,3254.2000,3253.8000,3253.6000,3252.0000,3258.2000,3262.4000,3262.6000,3264.4000,3264.6000,1,1,1,1,3,2,1,1,3,1
SF,IH2011,2020-10-09 09:34:48.000,3257.6000,2540,0,199727100.000,0,-,-,-,-,3254.4000,3254.2000,3253.8000,3253.6000,3252.0000,3256.0000,3258.0000,3258.2000,3262.4000,3262.6000,1,1,1,1,3,1,1,2,1,1
SF,IH2011,2020-10-09 09:34:48.500,3256.2000,2539,-1,200703960.000,1,0,1,双平,S,3255.8000,3254.4000,3253.8000,3253.6000,3252.0000,3258.2000,3262.4000,3262.6000,3264.4000,3264.6000,1,1,1,1,3,2,1,1,3,1
SF,IH2011,2020-10-09 09:34:49.000,3256.2000,2539,0,200703960.000,0,-,-,-,-,3254.4000,3253.8000,3253.6000,3252.0000,3250.0000,3258.0000,3258.2000,3262.4000,3262.6000,3264.4000,1,1,1,3,2,1,2,1,1,3
SF,IH2011,2020-10-09 09:34:49.500,3256.2000,2539,0,200703960.000,0,-,-,-,-,3254.4000,3254.2000,3253.8000,3253.6000,3252.0000,3257.6000,3257.8000,3262.4000,3262.6000,3264.4000,1,1,1,1,3,2,2,1,1,3
SF,IH2011,2020-10-09 09:34:50.000,3256.2000,2539,0,200703960.000,0,-,-,-,-,3254.4000,3254.2000,3253.8000,3253.6000,3252.0000,3257.4000,3258.0000,3262.4000,3262.6000,3264.4000,1,1,1,1,3,2,1,1,1,3
