市场代码,合约代码,时间,最新,持仓,增仓,成交额,成交量,开仓,平仓,成交类型,方向,买一价,买二价,买三价,买四价,买五价,卖一价,卖二价,卖三价,卖四价,卖五价,买一量,买二量,买三量,买四量,买五量,卖一量,卖二量,卖三量,卖四量,卖五量
SF,IH2008,2020-07-14 09:29:00.100,3358.4000,10853,0,6045120.000,6.000,-,-,-,-,3358.0000,3357.0000,3354.8000,3354.4000,3354.0000,3360.0000,3363.6000,3365.4000,3367.0000,3369.8000,1,1,1,4,1,1,1,1,1,1
SF,IH2008,2020-07-14 09:30:00.100,3360.0000,10853,0,7053120.000,1,0,1,多换,S,3361.0000,3360.0000,3358.4000,3358.0000,3357.0000,3363.6000,3365.4000,3367.0000,3369.8000,3371.2000,1,1,2,2,1,1,1,1,1,1
SF,IH2008,2020-07-14 09:30:00.600,3360.0000,10855,2,13102860.000,6,4,2,空开,S,3358.0000,3357.0000,3356.0000,3353.4000,3352.0000,3359.8000,3363.4000,3367.0000,3369.8000,3374.0000,2,1,1,1,1,3,3,1,1,1
SF,IH2008,2020-07-14 09:30:01.100,3357.0000,10851,-4,22171140.000,9,2,7,多平,S,3356.0000,3353.4000,3352.0000,3351.8000,3351.0000,3366.8000,3367.0000,3369.8000,3374.0000,3375.0000,1,1,1,1,1,1,1,1,1,1
SF,IH2008,2020-07-14 09:30:01.600,3362.6000,10850,-1,24187020.000,2,0,2,多平,S,3359.8000,3358.0000,3357.2000,3357.0000,3356.4000,3364.2000,3364.4000,3364.8000,3365.2000,3365.6000,1,1,1,1,2,1,1,2,1,2
SF,IH2008,2020-07-14 09:30:02.100,3357.2000,10849,-1,26202300.000,2,0,2,多平,S,3357.0000,3356.2000,3356.0000,3353.4000,3352.0000,3359.8000,3361.6000,3362.6000,3363.6000,3363.8000,1,1,1,1,1,1,1,2,1,5
SF,IH2008,2020-07-14 09:30:02.600,3357.0000,10849,0,27209400.000,1,0,1,多换,S,3356.2000,3356.0000,3353.4000,3352.0000,3351.8000,3359.2000,3359.4000,3359.6000,3359.8000,3361.6000,1,1,1,1,1,1,2,2,2,1
SF,IH2008,2020-07-14 09:30:03.100,3358.8000,10847,-2,30230820.000,3,0,3,多平,S,3356.0000,3353.4000,3352.0000,3351.8000,3351.0000,3358.8000,3359.0000,3359.2000,3359.6000,3359.8000,1,1,1,1,1,1,2,1,1,2
SF,IH2008,2020-07-14 09:30:03.600,3358.6000,10847,0,34259580.000,4,2,2,多换,S,3353.4000,3352.0000,3351.8000,3351.0000,3350.6000,3358.6000,3358.8000,3359.0000,3359.2000,3359.6000,1,1,1,1,1,2,1,1,1,1
SF,IH2008,2020-07-14 09:30:04.100,3358.6000,10848,1,36274740.000,2,1,1,空开,S,3354.4000,3354.2000,3353.8000,3353.6000,3353.4000,3358.2000,3358.6000,3359.0000,3359.2000,3359.8000,1,1,1,6,1,2,2,1,1,2
SF,IH2008,2020-07-14 09:30:04.600,3355.4000,10847,-1,38287800.000,2,0,2,多平,S,3354.4000,3353.8000,3353.6000,3353.4000,3352.0000,3355.8000,3357.4000,3358.0000,3358.2000,3358.6000,1,1,5,1,1,1,1,5,2,1
SF,IH2008,2020-07-14 09:30:05.100,3355.8000,10847,0,39294540.000,1,0,1,多换,S,3353.6000,3353.4000,3352.0000,3351.8000,3351.0000,3355.4000,3355.6000,3358.0000,3358.2000,3359.8000,5,1,1,1,1,1,1,2,1,1
SF,IH2008,2020-07-14 09:30:05.600,3353.6000,10845,-2,41306820.000,2,0,2,双平,S,3353.6000,3353.4000,3352.6000,3352.0000,3351.8000,3354.4000,3355.2000,3355.4000,3355.6000,3358.0000,4,1,1,1,1,1,2,1,1,1
SF,IH2008,2020-07-14 09:30:06.100,3354.2000,10845,0,45331860.000,4,2,2,多换,S,3353.6000,3353.4000,3352.6000,3352.0000,3351.8000,3354.4000,3355.2000,3355.6000,3358.0000,3358.2000,4,1,1,1,1,1,2,1,1,1
SF,IH2008,2020-07-14 09:30:06.600,3355.2000,10843,-2,48350820.000,3,0,3,多平,S,3354.0000,3353.6000,3353.4000,3352.6000,3352.0000,3355.2000,3355.6000,3358.0000,3358.2000,3359.8000,1,3,1,1,1,1,1,1,1,1
SF,IH2008,2020-07-14 09:30:07.100,3353.6000,10842,-1,52375260.000,4,1,3,多平,S,3353.4000,3352.6000,3352.0000,3351.8000,3351.0000,3353.6000,3354.0000,3355.0000,3355.2000,3355.6000,1,1,1,1,1,1,1,1,1,1
SF,IH2008,2020-07-14 09:30:07.600,3353.4000,10842,0,54387300.000,2,1,1,多换,S,3352.6000,3352.0000,3351.8000,3351.0000,3350.6000,3353.6000,3354.0000,3355.0000,3355.2000,3358.0000,1,1,1,1,1,2,1,1,1,1
SF,IH2008,2020-07-14 09:30:08.100,3353.4000,10841,-1,57404940.000,3,1,2,多平,S,3352.0000,3351.8000,3351.0000,3350.6000,3350.2000,3353.4000,3353.6000,3354.0000,3355.0000,3355.2000,1,1,1,1,1,1,3,1,1,1
SF,IH2008,2020-07-14 09:30:08.600,3353.4000,10841,0,57404940.000,0,-,-,-,-,3352.8000,3352.0000,3351.8000,3351.0000,3350.6000,3353.0000,3353.2000,3353.4000,3353.6000,3354.0000,1,1,1,1,1,1,1,1,3,1
SF,IH2008,2020-07-14 09:30:09.100,3353.0000,10841,0,59416680.000,2,1,1,多换,S,3353.0000,3352.0000,3351.8000,3351.0000,3350.6000,3353.4000,3353.6000,3354.0000,3358.2000,3359.8000,1,1,1,1,1,1,3,1,1,1
SF,IH2008,2020-07-14 09:30:09.600,3353.4000,10840,-1,60422700.000,1,0,1,双平,S,3352.0000,3351.8000,3351.0000,3350.6000,3350.2000,3353.0000,3353.4000,3353.6000,3354.0000,3358.2000,1,1,1,1,1,1,1,3,1,1
SF,IH2008,2020-07-14 09:30:10.100,3353.0000,10838,-2,64445040.000,4,1,3,多平,S,3350.6000,3350.2000,3350.0000,3345.0000,3342.0000,3353.4000,3353.6000,3354.0000,3358.2000,3359.8000,1,1,2,1,1,1,3,1,1,1
SF,IH2008,2020-07-14 09:30:10.600,3350.8000,10837,-1,65450280.000,1,0,1,双平,S,3350.6000,3350.2000,3350.0000,3345.0000,3342.0000,3353.2000,3353.4000,3353.6000,3358.2000,3359.8000,1,1,2,1,1,2,1,3,1,1
SF,IH2008,2020-07-14 09:30:11.100,3350.6000,10837,0,70478580.000,5,2,3,多换,S,3350.2000,3350.0000,3345.0000,3342.0000,3340.2000,3353.4000,3353.6000,3358.2000,3359.8000,3362.6000,1,2,1,1,1,1,3,1,1,1
SF,IH2008,2020-07-14 09:30:11.600,3353.6000,10837,0,74502720.000,4,2,2,多换,S,3353.4000,3350.4000,3350.2000,3350.0000,3345.0000,3353.6000,3358.2000,3359.8000,3362.6000,3367.0000,3,1,1,2,1,1,1,1,1,1
SF,IH2008,2020-07-14 09:30:12.100,3353.4000,10836,-1,77520780.000,3,1,2,多平,S,3350.4000,3350.2000,3350.0000,3345.0000,3342.0000,3353.4000,3353.6000,3358.2000,3359.8000,3362.6000,1,1,2,1,1,7,3,1,1,1
SF,IH2008,2020-07-14 09:30:12.600,3353.4000,10832,-4,81543000.000,4,0,4,双平,S,3350.0000,3345.0000,3342.0000,3340.2000,3330.0000,3353.2000,3353.4000,3353.6000,3358.2000,3359.8000,2,1,1,1,2,1,3,2,1,1
SF,IH2008,2020-07-14 09:30:13.100,3353.2000,10834,2,83554920.000,2,2,0,双开,S,3350.0000,3348.4000,3345.0000,3342.0000,3340.2000,3353.2000,3353.6000,3358.2000,3359.8000,3362.6000,2,1,1,1,1,1,2,1,1,1
SF,IH2008,2020-07-14 09:30:13.600,3350.2000,10833,-1,85565940.000,2,0,2,多平,S,3353.2000,3350.0000,3348.4000,3345.0000,3342.0000,3353.6000,3358.2000,3359.8000,3362.6000,3374.0000,1,2,1,1,1,2,1,1,1,1
SF,IH2008,2020-07-14 09:30:14.100,3350.2000,10834,1,89588880.000,4,2,2,空开,S,3350.0000,3348.4000,3345.0000,3342.0000,3340.2000,3353.2000,3353.6000,3358.2000,3359.8000,3362.6000,2,1,1,1,1,1,2,1,1,1
SF,IH2008,2020-07-14 09:30:14.600,3350.2000,10834,0,89588880.000,0,-,-,-,-,3350.0000,3348.4000,3345.0000,3342.0000,3340.2000,3353.0000,3353.2000,3353.6000,3358.2000,3359.8000,2,1,1,1,1,1,3,5,1,1
SF,IH2008,2020-07-14 09:30:15.100,3353.2000,10832,-2,92606700.000,3,0,3,多平,S,3353.2000,3350.2000,3350.0000,3348.4000,3345.0000,3353.6000,3358.2000,3359.8000,3362.6000,3374.0000,2,1,2,1,1,5,1,1,1,1
SF,IH2008,2020-07-14 09:30:15.600,3353.4000,10829,-3,101661060.000,9,3,6,多平,S,3354.0000,3353.6000,3353.2000,3350.2000,3350.0000,3358.2000,3359.8000,3362.6000,3374.0000,3375.0000,1,2,1,1,2,1,1,1,1,1
SF,IH2008,2020-07-14 09:30:16.100,3353.4000,10829,0,101661060.000,0,-,-,-,-,3354.2000,3354.0000,3353.6000,3353.2000,3350.0000,3355.4000,3356.2000,3356.6000,3357.2000,3357.6000,2,1,2,1,2,1,1,2,2,2
SF,IH2008,2020-07-14 09:30:16.600,3353.6000,10826,-3,105686220.000,4,0,4,多平,S,3353.6000,3353.2000,3350.0000,3348.4000,3345.6000,3356.6000,3357.2000,3357.6000,3358.0000,3358.2000,1,1,2,1,1,1,2,2,2,2
SF,IH2008,2020-07-14 09:30:17.100,3353.6000,10825,-1,106692300.000,1,0,1,双平,S,3353.2000,3352.0000,3350.0000,3348.4000,3345.6000,3356.4000,3356.6000,3357.2000,3357.6000,3358.0000,1,1,2,1,1,2,4,2,2,2
SF,IH2008,2020-07-14 09:30:17.600,3355.8000,10825,0,110717160.000,4,2,2,多换,S,3352.0000,3350.0000,3348.4000,3345.6000,3345.0000,3355.8000,3356.2000,3356.4000,3356.6000,3357.2000,1,2,1,1,1,3,1,3,1,1
SF,IH2008,2020-07-14 09:30:18.100,3355.8000,10825,0,110717160.000,0,-,-,-,-,3355.4000,3352.4000,3352.0000,3350.0000,3348.4000,3355.6000,3355.8000,3356.4000,3356.6000,3357.2000,1,1,1,2,1,2,4,3,1,1
SF,IH2008,2020-07-14 09:30:18.600,3353.2000,10825,0,112729740.000,2,1,1,多换,S,3352.0000,3350.0000,3348.4000,3345.6000,3345.0000,3352.4000,3354.4000,3355.2000,3355.4000,3355.6000,1,2,1,1,1,2,1,7,7,1
SF,IH2008,2020-07-14 09:30:19.100,3352.4000,10823,-2,114741180.000,2,0,2,双平,S,3352.4000,3352.0000,3350.0000,3348.4000,3345.6000,3354.4000,3355.0000,3355.2000,3355.4000,3355.8000,3,1,2,1,1,1,1,2,3,3
SF,IH2008,2020-07-14 09:30:19.600,3354.2000,10822,-1,115747440.000,1,0,1,双平,S,3352.4000,3352.0000,3350.0000,3348.4000,3345.6000,3354.2000,3354.4000,3355.0000,3355.2000,3355.8000,3,1,2,1,1,2,1,1,1,2
SF,IH2008,2020-07-14 09:30:20.100,3354.2000,10821,-1,116753700.000,1,0,1,双平,S,3352.6000,3352.4000,3352.0000,3350.0000,3348.4000,3354.4000,3355.0000,3355.2000,3355.8000,3356.4000,1,4,1,2,1,1,1,1,1,1
SF,IH2008,2020-07-14 09:30:20.600,3354.4000,10820,-1,117760020.000,1,0,1,双平,S,3354.4000,3352.6000,3352.4000,3352.0000,3350.0000,3355.2000,3355.8000,3356.4000,3357.2000,3357.6000,2,1,4,1,2,1,1,1,1,1
SF,IH2008,2020-07-14 09:30:21.100,3354.2000,10819,-1,120778920.000,3,1,2,多平,S,3352.4000,3352.0000,3350.0000,3348.4000,3345.6000,3355.0000,3355.2000,3355.8000,3356.4000,3357.2000,4,1,2,1,1,1,1,1,1,1
SF,IH2008,2020-07-14 09:30:21.600,3354.2000,10819,0,120778920.000,0,-,-,-,-,3352.4000,3352.0000,3350.0000,3348.4000,3345.6000,3354.6000,3355.0000,3355.2000,3355.8000,3356.4000,4,1,2,1,1,1,1,1,1,1
SF,IH2008,2020-07-14 09:30:22.100,3354.2000,10819,0,120778920.000,0,-,-,-,-,3352.4000,3352.0000,3350.0000,3348.4000,3345.6000,3354.6000,3355.2000,3356.4000,3357.2000,3357.6000,3,1,2,1,1,2,1,1,1,1
SF,IH2008,2020-07-14 09:30:22.600,3352.4000,10819,0,121784640.000,1,0,1,多换,S,3352.0000,3350.0000,3348.4000,3345.6000,3345.0000,3354.4000,3354.6000,3355.2000,3356.4000,3357.2000,1,2,1,1,1,3,2,1,1,1
SF,IH2008,2020-07-14 09:30:23.100,3354.4000,10817,-2,125808480.000,4,1,3,多平,S,3350.0000,3348.4000,3345.6000,3345.0000,3342.0000,3354.4000,3354.6000,3355.2000,3356.4000,3357.2000,2,1,1,1,1,2,2,1,1,1
SF,IH2008,2020-07-14 09:30:23.600,3354.4000,10817,0,125808480.000,0,-,-,-,-,3350.4000,3350.0000,3348.4000,3345.6000,3345.0000,3352.4000,3354.0000,3354.2000,3354.4000,3354.6000,1,2,1,1,1,1,1,2,3,2
SF,IH2008,2020-07-14 09:30:24.100,3352.4000,10818,1,126814200.000,1,1,0,双开,S,3350.0000,3348.4000,3345.6000,3345.0000,3342.0000,3353.8000,3354.0000,3354.2000,3354.4000,3354.6000,2,1,1,1,1,1,1,1,2,1
SF,IH2008,2020-07-14 09:30:24.600,3352.4000,10818,0,126814200.000,0,-,-,-,-,3350.0000,3348.4000,3345.6000,3345.0000,3342.0000,3353.6000,3353.8000,3354.0000,3354.2000,3354.4000,2,1,1,1,1,3,2,1,1,2
SF,IH2008,2020-07-14 09:30:25.100,3352.4000,10818,0,126814200.000,0,-,-,-,-,3350.0000,3348.4000,3345.6000,3345.0000,3342.0000,3353.4000,3353.6000,3353.8000,3354.0000,3354.2000,2,1,1,1,1,1,3,2,2,1
SF,IH2008,2020-07-14 09:30:25.600,3353.0000,10818,0,127820100.000,1,0,1,多换,S,3351.0000,3350.0000,3348.4000,3345.6000,3345.0000,3352.8000,3353.2000,3353.4000,3353.6000,3353.8000,1,2,1,1,1,1,2,2,2,1
SF,IH2008,2020-07-14 09:30:26.100,3352.6000,10818,0,129831180.000,2,1,1,多换,S,3350.0000,3348.4000,3345.6000,3345.0000,3342.0000,3352.8000,3353.0000,3353.2000,3353.4000,3353.6000,2,1,1,1,1,1,1,2,2,1
SF,IH2008,2020-07-14 09:30:26.600,3352.6000,10818,0,130836960.000,1,0,1,多换,S,3350.0000,3348.4000,3345.6000,3345.0000,3342.0000,3352.6000,3352.8000,3353.0000,3353.2000,3353.4000,2,1,1,1,1,1,2,1,1,2
SF,IH2008,2020-07-14 09:30:27.100,3350.0000,10816,-2,133852020.000,3,0,3,多平,S,3348.4000,3345.6000,3345.0000,3342.0000,3340.2000,3352.4000,3352.6000,3352.8000,3353.2000,3353.4000,1,1,1,1,6,1,2,2,1,2
SF,IH2008,2020-07-14 09:30:27.600,3351.6000,10815,-1,134857500.000,1,0,1,双平,S,3348.6000,3348.4000,3345.6000,3345.0000,3342.0000,3351.8000,3352.2000,3352.4000,3352.6000,3352.8000,1,2,1,1,1,1,3,3,1,2
SF,IH2008,2020-07-14 09:30:28.100,3351.6000,10815,0,135862980.000,1,0,1,多换,S,3349.0000,3348.8000,3348.4000,3345.6000,3345.0000,3350.0000,3351.6000,3351.8000,3352.2000,3352.4000,1,1,1,1,1,1,1,1,3,3
SF,IH2008,2020-07-14 09:30:28.600,3349.0000,10814,-1,136867680.000,1,0,1,双平,S,3349.2000,3348.4000,3345.6000,3345.0000,3342.0000,3350.0000,3351.6000,3351.8000,3352.4000,3352.8000,5,1,1,1,1,1,3,1,3,1
SF,IH2008,2020-07-14 09:30:29.100,3350.0000,10808,-6,143901480.000,7,0,7,多平,S,3348.4000,3345.6000,3345.0000,3342.0000,3340.2000,3350.0000,3350.8000,3351.6000,3351.8000,3352.4000,1,1,1,1,1,1,1,2,1,3
SF,IH2008,2020-07-14 09:30:29.600,3350.0000,10808,0,145911000.000,2,1,1,多换,S,3345.6000,3345.0000,3342.0000,3340.4000,3340.2000,3350.8000,3351.6000,3351.8000,3352.4000,3352.8000,1,1,1,2,1,1,2,1,3,1
SF,IH2008,2020-07-14 09:30:30.100,3350.0000,10808,0,145911000.000,0,-,-,-,-,3348.4000,3347.8000,3347.4000,3346.6000,3346.0000,3349.2000,3350.4000,3350.6000,3350.8000,3351.6000,1,1,1,1,2,1,2,1,1,2
SF,IH2008,2020-07-14 09:30:30.600,3349.4000,10807,-1,146915820.000,1,0,1,双平,S,3347.4000,3345.8000,3345.6000,3345.0000,3342.0000,3350.8000,3351.6000,3351.8000,3352.4000,3352.8000,1,1,1,1,1,1,2,1,3,1
SF,IH2008,2020-07-14 09:30:31.600,3349.4000,10807,0,146915820.000,0,-,-,-,-,3347.4000,3345.8000,3345.6000,3345.0000,3342.0000,3350.4000,3350.8000,3351.6000,3352.4000,3352.8000,1,1,1,1,1,1,1,1,3,1
SF,IH2008,2020-07-14 09:30:32.100,3349.4000,10807,0,146915820.000,0,-,-,-,-,3347.4000,3345.8000,3345.6000,3345.0000,3342.0000,3350.0000,3350.8000,3351.6000,3352.4000,3352.8000,1,1,1,1,1,3,1,1,3,1
SF,IH2008,2020-07-14 09:30:32.600,3350.0000,10807,0,147920820.000,1,0,1,多换,S,3347.6000,3347.4000,3345.8000,3345.6000,3345.0000,3350.0000,3351.6000,3352.4000,3352.8000,3353.2000,1,1,1,1,1,2,1,3,1,1
SF,IH2008,2020-07-14 09:30:33.100,3350.0000,10807,0,147920820.000,0,-,-,-,-,3348.6000,3347.4000,3345.8000,3345.6000,3345.0000,3350.0000,3351.6000,3352.4000,3352.8000,3353.2000,2,1,1,1,1,2,1,3,1,1
SF,IH2008,2020-07-14 09:30:33.600,3350.0000,10807,0,147920820.000,0,-,-,-,-,3348.6000,3347.4000,3345.8000,3345.6000,3345.0000,3350.0000,3352.4000,3352.8000,3353.2000,3354.4000,2,1,1,1,1,2,3,1,1,1
SF,IH2008,2020-07-14 09:30:34.100,3350.0000,10807,0,148925820.000,1,0,1,多换,S,3348.6000,3347.4000,3345.8000,3345.6000,3345.0000,3350.0000,3352.4000,3352.8000,3353.2000,3354.4000,2,1,1,1,1,1,3,1,1,1
SF,IH2008,2020-07-14 09:30:34.600,3348.6000,10807,0,149930400.000,1,0,1,多换,S,3348.6000,3347.4000,3345.8000,3345.6000,3345.0000,3350.0000,3352.4000,3352.8000,3353.2000,3354.4000,1,1,1,1,1,1,3,1,1,1
SF,IH2008,2020-07-14 09:30:35.100,3348.6000,10807,0,150934980.000,1,0,1,多换,S,3347.4000,3345.8000,3345.6000,3345.0000,3342.0000,3350.0000,3352.4000,3352.8000,3353.2000,3354.4000,1,1,1,1,1,1,3,1,1,1
SF,IH2008,2020-07-14 09:30:35.600,3350.0000,10807,0,151939980.000,1,0,1,多换,S,3347.6000,3347.4000,3345.8000,3345.6000,3345.0000,3352.4000,3352.8000,3354.4000,3355.2000,3356.4000,2,2,1,1,1,3,1,1,1,1
SF,IH2008,2020-07-14 09:30:36.100,3350.0000,10807,0,151939980.000,0,-,-,-,-,3347.8000,3347.6000,3347.4000,3345.8000,3345.6000,3352.2000,3352.4000,3352.8000,3354.4000,3355.2000,3,2,1,1,1,2,3,1,1,1
SF,IH2008,2020-07-14 09:30:36.600,3350.0000,10807,0,151939980.000,0,-,-,-,-,3348.0000,3347.8000,3347.6000,3347.4000,3345.8000,3352.2000,3352.4000,3352.8000,3354.4000,3355.2000,1,4,2,1,1,3,2,1,1,1
SF,IH2008,2020-07-14 09:30:37.100,3350.0000,10807,0,151939980.000,0,-,-,-,-,3348.0000,3347.8000,3347.6000,3347.4000,3345.8000,3350.0000,3351.6000,3352.2000,3352.8000,3354.4000,1,3,1,1,1,1,1,2,1,1
SF,IH2008,2020-07-14 09:30:37.600,3350.0000,10807,0,153949980.000,2,1,1,多换,S,3348.8000,3348.4000,3348.2000,3348.0000,3347.8000,3352.2000,3354.4000,3356.4000,3357.6000,3358.0000,1,1,1,1,1,1,1,1,1,1
SF,IH2008,2020-07-14 09:30:38.100,3350.0000,10807,0,153949980.000,0,-,-,-,-,3349.0000,3348.0000,3347.8000,3347.6000,3347.4000,3352.2000,3354.4000,3356.4000,3357.6000,3358.0000,1,1,1,1,1,1,1,1,1,1
SF,IH2008,2020-07-14 09:30:38.600,3350.0000,10807,0,153949980.000,0,-,-,-,-,3349.0000,3348.8000,3348.0000,3347.8000,3347.6000,3354.4000,3356.4000,3357.6000,3358.0000,3359.8000,1,1,1,1,1,1,1,1,1,1
SF,IH2008,2020-07-14 09:30:39.100,3350.0000,10807,0,153949980.000,0,-,-,-,-,3350.0000,3349.4000,3349.0000,3348.0000,3347.8000,3353.8000,3354.0000,3354.2000,3354.4000,3356.4000,1,3,1,1,1,1,4,3,2,1
SF,IH2008,2020-07-14 09:30:39.600,3352.8000,10807,0,154955820.000,1,0,1,多换,S,3350.0000,3349.4000,3347.8000,3347.6000,3347.4000,3353.6000,3353.8000,3354.0000,3354.2000,3354.4000,1,3,1,1,1,2,2,4,1,1
SF,IH2008,2020-07-14 09:30:40.100,3352.8000,10807,0,154955820.000,0,-,-,-,-,3350.2000,3350.0000,3349.4000,3347.8000,3347.6000,3353.4000,3353.6000,3354.0000,3354.4000,3356.4000,2,1,3,1,1,1,3,3,1,1
SF,IH2008,2020-07-14 09:30:40.600,3352.8000,10807,0,154955820.000,0,-,-,-,-,3352.2000,3350.4000,3350.2000,3349.4000,3347.8000,3352.8000,3353.2000,3353.4000,3353.6000,3354.0000,1,1,2,3,1,1,1,1,1,3
SF,IH2008,2020-07-14 09:30:41.100,3353.2000,10804,-3,157973280.000,3,0,3,双平,S,3353.0000,3350.2000,3349.4000,3347.8000,3347.6000,3353.6000,3356.4000,3357.6000,3359.2000,3359.8000,1,1,2,1,1,1,1,1,5,1
SF,IH2008,2020-07-14 09:30:41.600,3353.0000,10803,-1,159985260.000,2,0,2,多平,S,3350.2000,3349.4000,3347.8000,3347.6000,3347.4000,3352.8000,3356.4000,3357.6000,3359.2000,3359.8000,1,2,1,1,1,1,1,1,5,1
SF,IH2008,2020-07-14 09:30:42.100,3352.8000,10803,0,160991100.000,1,0,1,多换,S,3351.6000,3350.4000,3350.2000,3349.4000,3347.8000,3356.4000,3357.6000,3359.2000,3359.8000,3362.0000,1,2,1,2,1,1,1,5,1,1
SF,IH2008,2020-07-14 09:30:42.600,3352.8000,10803,0,160991100.000,0,-,-,-,-,3350.4000,3350.2000,3349.4000,3347.8000,3347.6000,3351.2000,3355.6000,3355.8000,3356.2000,3356.4000,1,1,2,1,1,1,1,2,5,4
SF,IH2008,2020-07-14 09:30:43.100,3351.2000,10802,-1,161996460.000,1,0,1,双平,S,3351.2000,3350.4000,3350.2000,3347.8000,3347.6000,3355.8000,3356.2000,3356.4000,3357.6000,3359.2000,1,1,1,1,1,2,3,4,1,5
SF,IH2008,2020-07-14 09:30:43.600,3351.2000,10802,0,161996460.000,0,-,-,-,-,3351.6000,3351.4000,3351.2000,3350.2000,3347.8000,3354.8000,3355.4000,3355.6000,3355.8000,3356.2000,1,1,1,1,1,1,2,3,3,2
SF,IH2008,2020-07-14 09:30:44.100,3351.2000,10802,0,161996460.000,0,-,-,-,-,3351.8000,3351.6000,3351.4000,3351.2000,3347.8000,3355.2000,3355.4000,3355.6000,3355.8000,3356.2000,1,1,1,1,1,1,2,1,3,2
SF,IH2008,2020-07-14 09:30:44.600,3351.2000,10802,0,161996460.000,0,-,-,-,-,3351.8000,3351.6000,3351.2000,3347.8000,3347.6000,3355.0000,3355.2000,3355.4000,3355.6000,3355.8000,2,1,1,1,1,2,2,2,1,2
SF,IH2008,2020-07-14 09:30:45.100,3351.2000,10802,0,164007180.000,2,1,1,多换,S,3351.8000,3351.2000,3347.8000,3347.6000,3345.8000,3355.0000,3355.2000,3355.4000,3355.6000,3355.8000,1,1,1,1,1,3,1,2,1,2
SF,IH2008,2020-07-14 09:30:45.600,3351.8000,10801,-1,165012720.000,1,0,1,双平,S,3351.2000,3347.8000,3347.6000,3345.8000,3345.6000,3351.6000,3354.8000,3355.0000,3355.2000,3355.4000,1,1,1,1,1,2,1,3,1,2
SF,IH2008,2020-07-14 09:30:46.100,3351.4000,10798,-3,168029100.000,3,0,3,双平,S,3351.6000,3351.2000,3347.8000,3347.6000,3345.8000,3354.8000,3355.0000,3355.2000,3355.4000,3355.6000,2,1,1,1,1,1,2,1,2,1
SF,IH2008,2020-07-14 09:30:46.600,3351.4000,10798,0,168029100.000,0,-,-,-,-,3351.6000,3351.2000,3347.8000,3347.6000,3345.8000,3354.6000,3354.8000,3355.4000,3355.6000,3355.8000,3,1,1,1,1,4,2,2,1,2
SF,IH2008,2020-07-14 09:30:47.100,3351.6000,10796,-2,170040060.000,2,0,2,双平,S,3351.2000,3347.8000,3347.6000,3345.8000,3345.6000,3353.8000,3354.4000,3354.6000,3354.8000,3355.4000,1,1,1,1,1,1,3,5,1,2
SF,IH2008,2020-07-14 09:30:47.600,3354.8000,10798,2,181108380.000,11,6,5,空开,S,3351.6000,3347.8000,3347.6000,3345.8000,3345.6000,3355.4000,3355.8000,3356.2000,3356.4000,3357.6000,20,1,1,1,1,2,2,1,2,1
SF,IH2008,2020-07-14 09:30:48.100,3353.2000,10798,0,183119820.000,2,1,1,多换,S,3351.6000,3347.8000,3347.6000,3345.8000,3345.6000,3354.6000,3354.8000,3355.2000,3355.4000,3355.8000,19,1,1,1,1,2,1,3,3,2
SF,IH2008,2020-07-14 09:30:48.600,3353.2000,10798,0,183119820.000,0,-,-,-,-,3351.6000,3347.8000,3347.6000,3345.8000,3345.6000,3353.8000,3354.6000,3355.2000,3355.4000,3355.8000,19,1,1,1,1,1,1,2,2,2
SF,IH2008,2020-07-14 09:30:49.100,3353.2000,10798,0,183119820.000,0,-,-,-,-,3351.6000,3347.8000,3347.6000,3345.8000,3345.6000,3353.6000,3353.8000,3354.2000,3354.6000,3355.2000,19,1,1,1,1,1,1,1,1,2
SF,IH2008,2020-07-14 09:30:49.600,3351.6000,10798,0,185130780.000,2,1,1,多换,S,3351.6000,3347.8000,3347.6000,3345.8000,3345.6000,3353.6000,3354.2000,3354.6000,3355.2000,3355.4000,17,1,1,1,1,1,1,1,3,2
SF,IH2008,2020-07-14 09:30:50.100,3353.6000,10798,0,187142940.000,2,1,1,多换,S,3353.8000,3351.6000,3347.8000,3347.6000,3345.8000,3354.2000,3354.6000,3355.0000,3355.2000,3355.4000,8,17,1,1,1,1,1,1,3,2
SF,IH2008,2020-07-14 09:30:50.600,3353.8000,10798,0,195192060.000,8,4,4,多换,S,3351.6000,3347.8000,3347.6000,3345.8000,3345.6000,3353.6000,3353.8000,3354.2000,3354.6000,3355.0000,18,1,1,1,1,1,6,1,1,1
SF,IH2008,2020-07-14 09:30:51.100,3351.6000,10797,-1,196197540.000,1,0,1,双平,S,3351.6000,3347.8000,3347.6000,3345.8000,3345.6000,3353.6000,3353.8000,3354.6000,3355.0000,3355.2000,17,1,1,1,1,1,4,1,1,3
SF,IH2008,2020-07-14 09:30:51.600,3351.6000,10797,0,197203020.000,1,0,1,多换,S,3352.0000,3351.6000,3347.8000,3347.6000,3345.8000,3353.2000,3353.4000,3353.8000,3354.6000,3355.0000,1,16,1,1,1,1,1,3,1,1
SF,IH2008,2020-07-14 09:30:52.100,3352.0000,10797,0,199214580.000,2,1,1,多换,S,3351.6000,3347.8000,3347.6000,3345.8000,3345.6000,3353.4000,3353.8000,3354.6000,3355.0000,3355.8000,16,1,1,1,1,1,2,1,1,4
SF,IH2008,2020-07-14 09:30:52.600,3353.4000,10797,0,201226080.000,2,1,1,多换,S,3351.6000,3347.8000,3347.6000,3345.8000,3345.6000,3353.8000,3354.6000,3355.0000,3355.8000,3356.0000,15,1,1,1,1,2,1,1,4,1
SF,IH2008,2020-07-14 09:30:53.100,3351.6000,10797,0,202231560.000,1,0,1,多换,S,3351.6000,3351.0000,3347.8000,3347.6000,3345.8000,3353.4000,3353.6000,3353.8000,3354.6000,3355.0000,14,1,1,1,1,1,1,2,1,1
SF,IH2008,2020-07-14 09:30:53.600,3351.6000,10797,0,202231560.000,0,-,-,-,-,3351.6000,3351.0000,3347.8000,3347.6000,3345.8000,3353.2000,3353.6000,3353.8000,3354.6000,3355.0000,14,1,1,1,1,2,1,2,1,1
SF,IH2008,2020-07-14 09:30:54.100,3351.6000,10797,0,203237040.000,1,0,1,多换,S,3351.6000,3351.0000,3347.8000,3347.6000,3345.8000,3353.2000,3353.6000,3353.8000,3354.6000,3355.8000,13,1,1,1,1,2,1,2,1,2
SF,IH2008,2020-07-14 09:30:54.600,3351.6000,10797,0,204242520.000,1,0,1,多换,S,3351.6000,3351.0000,3347.8000,3347.6000,3345.8000,3353.2000,3353.6000,3353.8000,3354.6000,3355.8000,12,1,1,1,1,2,1,2,1,2
SF,IH2008,2020-07-14 09:30:55.100,3351.6000,10797,0,205248000.000,1,0,1,多换,S,3351.6000,3351.0000,3347.8000,3347.6000,3345.8000,3353.2000,3353.6000,3353.8000,3354.6000,3355.8000,11,1,1,1,1,1,1,3,1,2
SF,IH2008,2020-07-14 09:30:55.600,3351.6000,10791,-6,212286360.000,7,0,7,多平,S,3351.6000,3351.0000,3347.8000,3347.6000,3345.8000,3353.2000,3353.6000,3353.8000,3354.6000,3355.8000,4,1,1,1,1,1,2,2,1,2
SF,IH2008,2020-07-14 09:30:56.100,3351.6000,10787,-4,216308280.000,4,0,4,双平,S,3351.0000,3347.8000,3347.6000,3345.8000,3345.6000,3351.6000,3353.0000,3353.2000,3353.6000,3353.8000,1,1,1,1,1,1,1,1,2,1
SF,IH2008,2020-07-14 09:30:56.600,3351.6000,10786,-1,217313760.000,1,0,1,双平,S,3351.6000,3351.2000,3351.0000,3347.8000,3347.6000,3353.0000,3353.2000,3353.6000,3353.8000,3354.4000,1,1,1,1,1,1,1,2,1,1
SF,IH2008,2020-07-14 09:30:57.100,3351.6000,10786,0,217313760.000,0,-,-,-,-,3351.6000,3351.2000,3351.0000,3347.8000,3347.6000,3353.2000,3353.6000,3353.8000,3354.4000,3354.6000,1,1,1,1,1,1,2,1,1,1
SF,IH2008,2020-07-14 09:30:57.600,3351.2000,10784,-2,219324600.000,2,0,2,双平,S,3351.0000,3347.8000,3347.6000,3345.8000,3345.6000,3351.4000,3353.6000,3353.8000,3354.4000,3354.6000,1,1,1,1,1,1,1,1,1,1
SF,IH2008,2020-07-14 09:30:58.100,3351.4000,10784,0,220330020.000,1,0,1,多换,S,3351.0000,3347.8000,3347.6000,3345.8000,3345.6000,3353.0000,3353.6000,3353.8000,3354.6000,3355.8000,1,1,1,1,1,1,1,1,1,2
SF,IH2008,2020-07-14 09:30:59.100,3351.4000,10784,0,220330020.000,0,-,-,-,-,3351.0000,3347.8000,3347.6000,3345.8000,3345.6000,3353.0000,3353.6000,3353.8000,3354.6000,3355.8000,1,1,1,1,1,1,1,2,1,2
SF,IH2008,2020-07-14 09:30:59.600,3352.4000,10785,1,223346760.000,3,2,1,空开,S,3348.4000,3347.8000,3347.6000,3345.8000,3345.6000,3353.0000,3353.6000,3353.8000,3354.6000,3356.0000,1,1,1,1,1,1,1,2,1,2
SF,IH2008,2020-07-14 09:31:00.100,3352.4000,10785,0,223346760.000,0,-,-,-,-,3349.0000,3348.8000,3348.6000,3348.4000,3347.8000,3352.8000,3353.0000,3353.6000,3353.8000,3354.6000,2,1,7,2,1,3,2,1,2,1
SF,IH2008,2020-07-14 09:31:00.600,3352.4000,10785,0,223346760.000,0,-,-,-,-,3349.4000,3349.2000,3349.0000,3348.8000,3348.6000,3352.6000,3352.8000,3353.0000,3353.4000,3353.8000,1,1,3,1,6,2,3,1,1,1
SF,IH2008,2020-07-14 09:31:01.100,3352.4000,10785,0,223346760.000,0,-,-,-,-,3349.6000,3349.4000,3349.0000,3348.8000,3348.6000,3352.4000,3352.6000,3352.8000,3353.0000,3353.4000,2,1,3,1,5,2,2,3,1,1
SF,IH2008,2020-07-14 09:31:01.600,3352.4000,10785,0,223346760.000,0,-,-,-,-,3349.6000,3349.0000,3348.8000,3348.6000,3348.4000,3352.2000,3352.4000,3352.6000,3353.0000,3353.4000,1,2,1,5,2,2,2,1,1,1
SF,IH2008,2020-07-14 09:31:02.100,3352.4000,10783,-2,225358200.000,2,0,2,双平,S,3351.6000,3349.0000,3348.8000,3348.6000,3348.4000,3352.4000,3352.6000,3353.0000,3353.4000,3353.8000,20,2,1,4,2,1,1,1,1,1
SF,IH2008,2020-07-14 09:31:02.600,3351.6000,10776,-7,233402040.000,8,0,8,多平,S,3351.6000,3351.2000,3349.0000,3348.8000,3348.6000,3352.2000,3352.4000,3352.6000,3353.0000,3353.4000,12,1,2,1,4,1,2,1,1,1
SF,IH2008,2020-07-14 09:31:03.100,3351.6000,10772,-4,238429440.000,5,0,5,多平,S,3351.6000,3351.2000,3349.0000,3348.8000,3348.6000,3352.2000,3352.6000,3353.0000,3353.4000,3353.8000,7,1,2,1,4,1,1,1,1,1
SF,IH2008,2020-07-14 09:31:03.600,3351.6000,10771,-1,240440400.000,2,0,2,多平,S,3351.6000,3351.2000,3349.0000,3348.8000,3348.6000,3352.2000,3352.6000,3353.0000,3353.4000,3354.6000,5,1,2,1,4,1,1,1,1,1
SF,IH2008,2020-07-14 09:31:04.100,3351.6000,10771,0,241445880.000,1,0,1,多换,S,3351.6000,3351.2000,3349.0000,3348.8000,3348.6000,3352.2000,3353.0000,3353.4000,3354.0000,3354.6000,4,1,2,1,3,1,1,1,1,1
SF,IH2008,2020-07-14 09:31:04.600,3353.0000,10770,-1,245468400.000,4,1,3,多平,S,3351.6000,3351.2000,3349.0000,3348.8000,3348.6000,3353.4000,3354.0000,3354.6000,3356.0000,3356.4000,2,1,2,1,3,1,1,2,1,1
SF,IH2008,2020-07-14 09:31:05.100,3351.6000,10768,-2,249490800.000,4,1,3,多平,S,3351.2000,3351.0000,3349.0000,3348.8000,3348.6000,3351.6000,3352.6000,3352.8000,3353.2000,3353.4000,1,1,2,1,3,2,1,2,3,1
SF,IH2008,2020-07-14 09:31:05.600,3351.6000,10766,-2,254518500.000,5,1,4,多平,S,3351.2000,3351.0000,3349.0000,3348.8000,3348.4000,3352.8000,3353.2000,3353.8000,3354.0000,3354.6000,1,1,2,1,2,1,2,1,1,1
SF,IH2008,2020-07-14 09:31:06.100,3352.8000,10766,0,257535600.000,3,1,2,多换,S,3351.4000,3351.2000,3351.0000,3349.0000,3348.8000,3353.2000,3353.8000,3354.0000,3354.6000,3356.0000,1,1,1,2,1,2,1,1,1,1
SF,IH2008,2020-07-14 09:31:06.600,3353.2000,10765,-1,262565400.000,5,2,3,多平,S,3353.4000,3351.4000,3351.2000,3351.0000,3349.0000,3353.8000,3354.0000,3356.0000,3356.4000,3359.2000,1,1,1,1,2,1,1,1,1,5
SF,IH2008,2020-07-14 09:31:07.100,3354.0000,10763,-2,267596160.000,5,1,4,多平,S,3351.4000,3351.2000,3351.0000,3349.0000,3348.8000,3353.4000,3353.6000,3353.8000,3356.0000,3356.4000,2,1,1,2,1,1,1,1,1,1
SF,IH2008,2020-07-14 09:31:07.600,3354.0000,10762,-1,269608560.000,2,0,2,多平,S,3351.4000,3351.2000,3351.0000,3349.4000,3349.0000,3356.0000,3356.4000,3359.2000,3359.8000,3361.2000,1,1,1,1,2,1,1,5,1,1
SF,IH2008,2020-07-14 09:31:08.100,3355.0000,10762,0,270615060.000,1,0,1,多换,S,3352.8000,3351.8000,3351.6000,3351.4000,3351.2000,3355.2000,3355.6000,3355.8000,3356.0000,3356.4000,1,1,3,1,1,1,1,5,2,2
SF,IH2008,2020-07-14 09:31:08.600,3355.0000,10762,0,270615060.000,0,-,-,-,-,3353.0000,3352.8000,3351.8000,3351.6000,3351.2000,3355.2000,3355.8000,3356.0000,3356.4000,3357.4000,1,1,1,22,1,2,2,1,2,1
SF,IH2008,2020-07-14 09:31:09.100,3355.0000,10762,0,270615060.000,0,-,-,-,-,3351.8000,3351.6000,3351.2000,3351.0000,3349.0000,3355.0000,3355.2000,3355.8000,3356.0000,3356.4000,1,21,1,1,2,1,2,1,1,2
SF,IH2008,2020-07-14 09:31:09.600,3354.8000,10762,0,271621500.000,1,0,1,多换,S,3352.0000,3351.6000,3351.2000,3351.0000,3349.0000,3355.0000,3355.2000,3355.8000,3356.0000,3356.4000,2,21,1,1,2,2,1,1,1,2
SF,IH2008,2020-07-14 09:31:10.100,3355.0000,10761,-1,273633600.000,2,0,2,多平,S,3352.0000,3351.6000,3351.2000,3351.0000,3349.0000,3355.0000,3355.8000,3356.0000,3356.4000,3357.4000,1,21,1,1,2,2,1,1,1,1
SF,IH2008,2020-07-14 09:31:10.600,3355.0000,10759,-2,275646600.000,2,0,2,双平,S,3352.2000,3352.0000,3351.6000,3351.2000,3351.0000,3354.8000,3355.8000,3356.0000,3356.4000,3357.4000,1,1,21,1,1,1,1,1,1,1
SF,IH2008,2020-07-14 09:31:11.100,3355.0000,10759,0,275646600.000,0,-,-,-,-,3352.8000,3352.2000,3352.0000,3351.6000,3351.2000,3355.8000,3356.0000,3356.4000,3357.4000,3359.2000,1,1,1,20,1,1,1,1,1,5
SF,IH2008,2020-07-14 09:31:11.600,3355.0000,10759,0,275646600.000,0,-,-,-,-,3354.8000,3352.0000,3351.6000,3351.2000,3351.0000,3355.6000,3355.8000,3356.0000,3356.4000,3357.4000,1,1,20,1,1,2,1,1,1,1
SF,IH2008,2020-07-14 09:31:12.100,3354.8000,10760,1,278665920.000,3,2,1,空开,S,3352.8000,3352.0000,3351.6000,3351.2000,3351.0000,3354.6000,3354.8000,3355.6000,3355.8000,3356.0000,1,1,20,1,1,1,3,1,1,1
SF,IH2008,2020-07-14 09:31:12.600,3354.8000,10761,1,279672360.000,1,1,0,双开,S,3353.0000,3352.8000,3352.0000,3351.6000,3351.2000,3354.8000,3355.6000,3355.8000,3356.0000,3356.4000,1,1,1,20,1,3,1,1,1,1
SF,IH2008,2020-07-14 09:31:13.100,3353.0000,10761,0,280678260.000,1,0,1,多换,S,3352.0000,3351.6000,3351.2000,3351.0000,3349.0000,3354.8000,3355.6000,3355.8000,3356.0000,3356.4000,1,20,1,1,2,3,2,1,1,1
SF,IH2008,2020-07-14 09:31:13.600,3353.0000,10761,0,280678260.000,0,-,-,-,-,3353.4000,3352.8000,3352.6000,3352.2000,3352.0000,3354.8000,3355.6000,3355.8000,3356.0000,3356.4000,1,1,1,1,1,2,1,1,1,1
SF,IH2008,2020-07-14 09:31:14.100,3353.2000,10762,1,281684220.000,1,1,0,双开,S,3352.6000,3352.2000,3351.6000,3351.2000,3350.0000,3353.4000,3354.6000,3354.8000,3355.6000,3355.8000,1,1,20,1,1,2,1,2,1,1
SF,IH2008,2020-07-14 09:31:14.600,3352.8000,10762,0,282690060.000,1,0,1,多换,S,3352.6000,3352.2000,3351.6000,3351.2000,3350.0000,3353.4000,3354.8000,3355.6000,3355.8000,3356.0000,1,1,20,1,1,1,2,1,1,1
SF,IH2008,2020-07-14 09:31:15.100,3354.8000,10764,2,285708300.000,3,2,1,空开,S,3352.2000,3351.6000,3351.2000,3350.0000,3349.0000,3354.8000,3355.6000,3355.8000,3356.0000,3356.4000,1,20,1,1,2,1,1,1,1,1
SF,IH2008,2020-07-14 09:31:15.600,3354.6000,10764,0,287720700.000,2,1,1,多换,S,3352.8000,3352.2000,3351.8000,3351.6000,3351.2000,3354.8000,3355.6000,3355.8000,3356.0000,3356.4000,1,1,20,20,1,1,1,1,1,1
SF,IH2008,2020-07-14 09:31:16.100,3354.6000,10764,0,287720700.000,0,-,-,-,-,3351.8000,3351.6000,3351.2000,3350.0000,3349.0000,3352.6000,3352.8000,3354.8000,3355.6000,3355.8000,20,20,1,1,2,1,1,2,1,1
SF,IH2008,2020-07-14 09:31:16.600,3352.8000,10764,0,289732320.000,2,1,1,多换,S,3352.0000,3351.8000,3351.6000,3351.2000,3350.0000,3354.8000,3355.6000,3355.8000,3356.0000,3356.4000,1,20,20,1,1,3,1,1,1,1
SF,IH2008,2020-07-14 09:31:17.100,3354.0000,10764,0,291744060.000,2,1,1,多换,S,3351.8000,3351.6000,3351.2000,3350.0000,3349.0000,3354.6000,3354.8000,3356.0000,3356.4000,3357.0000,19,20,1,1,2,3,3,1,1,1
SF,IH2008,2020-07-14 09:31:17.600,3354.6000,10764,0,292750440.000,1,0,1,多换,S,3351.8000,3351.6000,3351.2000,3350.0000,3349.0000,3354.6000,3354.8000,3356.0000,3356.4000,3357.0000,19,20,1,1,2,2,3,1,1,1
SF,IH2008,2020-07-14 09:31:18.100,3351.8000,10760,-4,296772660.000,4,0,4,双平,S,3351.8000,3351.6000,3351.2000,3350.0000,3349.0000,3353.4000,3354.4000,3354.6000,3354.8000,3356.0000,16,20,1,1,2,1,1,2,3,1
SF,IH2008,2020-07-14 09:31:18.600,3351.8000,10756,-4,304817460.000,8,2,6,多平,S,3351.8000,3351.6000,3351.2000,3350.0000,3349.0000,3352.8000,3354.0000,3354.4000,3354.6000,3354.8000,9,20,1,1,2,1,1,1,3,2
SF,IH2008,2020-07-14 09:31:19.100,3351.8000,10752,-4,313867620.000,9,2,7,多平,S,3351.8000,3351.6000,3351.2000,3350.0000,3348.4000,3354.0000,3354.2000,3354.4000,3354.6000,3354.8000,2,20,1,1,1,1,1,2,2,2
SF,IH2008,2020-07-14 09:31:19.600,3351.8000,10750,-2,316884240.000,3,0,3,多平,S,3351.6000,3351.2000,3350.0000,3349.8000,3348.4000,3351.8000,3353.8000,3354.0000,3354.2000,3354.4000,20,1,1,1,1,1,1,1,1,2
SF,IH2008,2020-07-14 09:31:20.100,3351.6000,10748,-2,322917240.000,6,2,4,多平,S,3351.6000,3351.2000,3350.0000,3349.8000,3348.4000,3353.4000,3353.8000,3354.0000,3354.2000,3354.4000,16,1,1,1,1,1,1,1,1,2
SF,IH2008,2020-07-14 09:31:20.600,3351.6000,10743,-5,329955600.000,7,1,6,多平,S,3351.6000,3351.2000,3350.0000,3349.8000,3348.4000,3353.2000,3353.4000,3354.0000,3354.2000,3354.4000,9,1,1,1,1,1,2,1,1,2
SF,IH2008,2020-07-14 09:31:21.100,3353.4000,10742,-1,333979080.000,4,1,3,多平,S,3351.6000,3351.2000,3350.0000,3349.8000,3348.4000,3354.0000,3354.2000,3354.4000,3354.8000,3355.6000,8,1,1,1,1,1,1,2,2,1
SF,IH2008,2020-07-14 09:31:21.600,3351.6000,10742,0,334984560.000,1,0,1,多换,S,3351.6000,3351.2000,3350.0000,3349.8000,3348.4000,3354.0000,3354.2000,3354.4000,3354.8000,3355.6000,7,1,1,1,1,1,1,2,2,1
SF,IH2008,2020-07-14 09:31:22.100,3354.0000,10742,0,335990760.000,1,0,1,多换,S,3351.6000,3351.2000,3350.0000,3349.8000,3348.4000,3353.6000,3354.4000,3354.8000,3356.0000,3356.4000,7,1,1,1,1,1,1,2,1,1
SF,IH2008,2020-07-14 09:31:22.600,3354.0000,10742,0,335990760.000,0,-,-,-,-,3351.8000,3351.6000,3351.2000,3350.0000,3349.8000,3353.6000,3354.4000,3354.8000,3356.0000,3356.4000,1,7,1,1,1,1,1,1,1,1
SF,IH2008,2020-07-14 09:31:23.100,3354.0000,10742,0,335990760.000,0,-,-,-,-,3351.6000,3351.2000,3350.0000,3349.8000,3348.4000,3354.4000,3354.8000,3356.0000,3356.4000,3357.0000,7,1,1,1,1,1,1,1,1,1
SF,IH2008,2020-07-14 09:31:23.600,3354.0000,10742,0,335990760.000,0,-,-,-,-,3351.8000,3351.6000,3351.2000,3350.0000,3349.8000,3354.4000,3354.8000,3356.0000,3356.4000,3357.0000,1,7,1,1,1,1,1,1,1,1
SF,IH2008,2020-07-14 09:31:24.100,3354.0000,10742,0,335990760.000,0,-,-,-,-,3351.8000,3351.6000,3351.2000,3350.0000,3349.8000,3354.0000,3354.4000,3354.8000,3355.4000,3356.0000,1,7,1,1,1,1,1,1,1,1
SF,IH2008,2020-07-14 09:31:24.600,3351.8000,10741,-1,336996300.000,1,0,1,双平,S,3351.6000,3351.2000,3351.0000,3350.0000,3349.8000,3351.8000,3354.0000,3354.4000,3354.8000,3355.4000,7,1,1,1,1,1,1,1,1,1
SF,IH2008,2020-07-14 09:31:25.100,3351.8000,10741,0,338001840.000,1,0,1,多换,S,3352.0000,3351.6000,3351.2000,3351.0000,3350.0000,3353.4000,3354.0000,3354.4000,3354.8000,3355.4000,2,7,1,1,1,1,1,2,1,1
SF,IH2008,2020-07-14 09:31:25.600,3351.8000,10741,0,338001840.000,0,-,-,-,-,3352.0000,3351.6000,3351.2000,3351.0000,3350.4000,3353.4000,3354.0000,3354.4000,3354.8000,3355.4000,2,7,1,1,1,1,1,2,1,1
SF,IH2008,2020-07-14 09:31:26.100,3353.4000,10740,-1,339007860.000,1,0,1,双平,S,3352.0000,3351.6000,3351.2000,3351.0000,3350.4000,3354.0000,3354.4000,3354.8000,3355.4000,3356.0000,2,7,1,1,1,1,2,1,1,1
SF,IH2008,2020-07-14 09:31:26.600,3353.4000,10740,0,339007860.000,0,-,-,-,-,3352.0000,3351.6000,3351.2000,3351.0000,3350.4000,3354.0000,3354.4000,3354.8000,3355.4000,3356.0000,2,7,1,1,1,1,2,1,1,1
SF,IH2008,2020-07-14 09:31:27.100,3354.0000,10738,-2,341020260.000,2,0,2,双平,S,3352.0000,3351.6000,3351.2000,3351.0000,3350.4000,3354.4000,3354.8000,3355.4000,3356.0000,3356.4000,2,7,1,1,1,1,1,1,1,2
SF,IH2008,2020-07-14 09:31:27.600,3352.0000,10738,0,343031460.000,2,1,1,多换,S,3351.6000,3351.2000,3351.0000,3350.4000,3350.0000,3354.4000,3354.8000,3355.4000,3356.0000,3356.4000,7,1,1,1,1,1,1,1,1,2
SF,IH2008,2020-07-14 09:31:28.100,3352.0000,10738,0,343031460.000,0,-,-,-,-,3351.6000,3351.2000,3351.0000,3350.4000,3350.0000,3354.8000,3355.4000,3356.0000,3356.4000,3357.0000,7,1,1,1,1,1,1,1,2,1
SF,IH2008,2020-07-14 09:31:28.600,3352.0000,10738,0,343031460.000,0,-,-,-,-,3352.8000,3351.6000,3351.2000,3351.0000,3350.4000,3354.8000,3355.4000,3356.0000,3356.4000,3357.0000,1,1,1,1,1,1,1,1,2,1
SF,IH2008,2020-07-14 09:31:29.100,3352.0000,10738,0,343031460.000,0,-,-,-,-,3351.2000,3351.0000,3350.0000,3349.8000,3348.4000,3354.8000,3355.4000,3356.0000,3356.4000,3359.2000,1,1,1,1,1,1,1,1,2,5
SF,IH2008,2020-07-14 09:31:29.600,3352.0000,10738,0,343031460.000,0,-,-,-,-,3351.4000,3351.2000,3350.0000,3349.8000,3348.4000,3354.2000,3354.8000,3355.4000,3356.0000,3356.4000,1,1,2,1,1,1,1,1,1,2
SF,IH2008,2020-07-14 09:31:30.100,3354.2000,10738,0,344037720.000,1,0,1,多换,S,3351.2000,3350.0000,3349.8000,3348.4000,3347.8000,3354.8000,3355.4000,3356.0000,3356.4000,3359.2000,1,2,1,1,1,1,1,1,2,5
SF,IH2008,2020-07-14 09:31:30.600,3354.2000,10738,0,344037720.000,0,-,-,-,-,3351.6000,3351.4000,3351.2000,3350.0000,3349.8000,3354.6000,3354.8000,3355.4000,3356.0000,3356.4000,1,2,1,2,1,1,1,1,1,2
SF,IH2008,2020-07-14 09:31:31.100,3354.2000,10738,0,344037720.000,0,-,-,-,-,3351.6000,3351.4000,3351.2000,3350.0000,3349.8000,3354.6000,3354.8000,3355.4000,3356.0000,3356.4000,2,2,1,2,1,1,1,1,1,2
SF,IH2008,2020-07-14 09:31:31.600,3352.8000,10738,0,346049580.000,2,1,1,多换,S,3352.0000,3351.6000,3351.4000,3351.2000,3350.0000,3354.2000,3354.6000,3354.8000,3355.4000,3356.0000,2,2,2,1,2,2,1,1,1,1
SF,IH2008,2020-07-14 09:31:32.100,3352.8000,10738,0,346049580.000,0,-,-,-,-,3352.0000,3351.4000,3351.2000,3350.0000,3349.8000,3354.2000,3354.8000,3356.0000,3356.4000,3356.6000,2,2,1,2,1,2,1,1,2,1
SF,IH2008,2020-07-14 09:31:32.600,3354.2000,10737,-1,347055840.000,1,0,1,双平,S,3352.2000,3351.4000,3351.2000,3350.0000,3349.8000,3354.8000,3356.0000,3356.4000,3356.6000,3359.2000,1,2,1,2,1,1,1,2,1,5
SF,IH2008,2020-07-14 09:31:33.100,3354.8000,10736,-1,348062280.000,1,0,1,双平,S,3352.2000,3351.4000,3351.2000,3350.0000,3349.8000,3356.0000,3356.4000,3356.6000,3359.2000,3359.8000,1,2,1,2,1,1,2,1,5,1
SF,IH2008,2020-07-14 09:31:33.600,3354.8000,10736,0,348062280.000,0,-,-,-,-,3352.2000,3351.4000,3351.2000,3350.0000,3349.8000,3356.0000,3356.4000,3356.6000,3359.2000,3359.8000,1,2,1,2,1,2,2,1,5,1
SF,IH2008,2020-07-14 09:31:34.100,3354.8000,10736,0,348062280.000,0,-,-,-,-,3354.8000,3352.4000,3352.2000,3351.2000,3350.0000,3356.0000,3356.4000,3356.6000,3359.2000,3359.8000,1,2,1,1,2,2,2,1,5,1
SF,IH2008,2020-07-14 09:31:34.600,3354.8000,10735,-1,349068720.000,1,0,1,双平,S,3352.4000,3352.2000,3351.2000,3350.0000,3349.8000,3354.8000,3356.0000,3356.4000,3359.2000,3359.8000,2,1,1,2,1,8,2,2,5,1
SF,IH2008,2020-07-14 09:31:35.100,3354.8000,10734,-1,350075160.000,1,0,1,双平,S,3352.6000,3352.4000,3352.2000,3351.2000,3350.0000,3354.8000,3356.0000,3356.4000,3359.2000,3359.8000,4,2,1,1,2,4,2,2,5,1
SF,IH2008,2020-07-14 09:31:35.600,3354.8000,10734,0,350075160.000,0,-,-,-,-,3352.8000,3352.6000,3351.2000,3350.0000,3349.8000,3354.6000,3354.8000,3355.6000,3356.0000,3356.4000,3,4,1,2,1,1,2,1,2,2
SF,IH2008,2020-07-14 09:31:36.100,3354.8000,10734,0,353094420.000,3,1,2,多换,S,3352.8000,3352.6000,3351.2000,3350.0000,3349.8000,3355.6000,3356.0000,3356.4000,3359.2000,3359.8000,4,4,1,2,1,1,2,2,5,1
SF,IH2008,2020-07-14 09:31:36.600,3354.8000,10734,0,353094420.000,0,-,-,-,-,3354.6000,3353.0000,3352.8000,3352.6000,3351.2000,3356.0000,3356.4000,3359.2000,3359.8000,3361.2000,1,2,4,4,1,2,2,5,1,1
SF,IH2008,2020-07-14 09:31:37.100,3354.8000,10734,0,353094420.000,0,-,-,-,-,3354.8000,3354.6000,3353.0000,3352.8000,3352.6000,3356.0000,3356.4000,3359.2000,3359.8000,3361.2000,1,1,2,3,4,2,2,5,1,1
SF,IH2008,2020-07-14 09:31:37.600,3354.8000,10731,-3,357120900.000,4,0,4,多平,S,3356.0000,3354.6000,3353.0000,3352.8000,3352.6000,3356.4000,3359.2000,3359.8000,3361.2000,3362.0000,1,1,2,3,4,2,5,1,1,1
SF,IH2008,2020-07-14 09:31:38.100,3356.0000,10730,-1,360141300.000,3,1,2,多平,S,3354.6000,3353.0000,3352.8000,3352.6000,3351.2000,3356.0000,3356.4000,3357.4000,3359.2000,3359.8000,1,2,3,4,1,2,3,1,5,1
SF,IH2008,2020-07-14 09:31:38.600,3356.0000,10730,0,360141300.000,0,-,-,-,-,3354.8000,3354.6000,3353.0000,3352.8000,3352.6000,3356.0000,3356.4000,3357.4000,3359.2000,3359.8000,2,1,2,3,4,2,2,1,5,1
SF,IH2008,2020-07-14 09:31:39.100,3356.0000,10729,-1,361148100.000,1,0,1,双平,S,3354.8000,3354.6000,3353.0000,3352.8000,3352.6000,3355.8000,3356.4000,3357.4000,3359.2000,3359.8000,2,1,2,2,4,1,2,1,5,1
SF,IH2008,2020-07-14 09:31:39.600,3354.8000,10728,-1,363160980.000,2,0,2,多平,S,3354.6000,3353.0000,3352.8000,3352.6000,3351.2000,3355.8000,3356.4000,3357.4000,3358.6000,3359.2000,1,2,2,4,1,1,2,1,1,5
SF,IH2008,2020-07-14 09:31:40.100,3355.8000,10727,-1,365174340.000,2,0,2,多平,S,3354.8000,3354.6000,3353.0000,3352.8000,3352.6000,3356.4000,3357.4000,3358.6000,3359.2000,3359.8000,1,1,2,2,4,2,1,1,5,1
SF,IH2008,2020-07-14 09:31:40.600,3354.8000,10727,0,366180780.000,1,0,1,多换,S,3354.6000,3353.0000,3352.8000,3352.6000,3351.2000,3354.8000,3356.4000,3357.4000,3358.6000,3359.2000,1,2,2,4,1,1,2,1,1,5
SF,IH2008,2020-07-14 09:31:41.100,3354.8000,10726,-1,367187220.000,1,0,1,双平,S,3354.6000,3353.0000,3352.8000,3352.6000,3351.2000,3356.4000,3357.4000,3358.6000,3359.2000,3359.8000,1,2,2,4,1,2,1,1,5,1
SF,IH2008,2020-07-14 09:31:41.600,3356.4000,10726,0,368194140.000,1,0,1,多换,S,3354.8000,3354.6000,3353.0000,3352.6000,3351.2000,3356.4000,3357.4000,3358.6000,3359.2000,3359.8000,1,1,2,6,1,1,1,1,5,1
SF,IH2008,2020-07-14 09:31:42.100,3356.4000,10725,-1,369201060.000,1,0,1,双平,S,3354.8000,3354.6000,3353.0000,3352.6000,3351.2000,3357.4000,3358.6000,3359.2000,3359.8000,3361.2000,1,1,2,6,1,1,1,5,1,1
SF,IH2008,2020-07-14 09:31:42.600,3357.4000,10724,-1,370208280.000,1,0,1,双平,S,3355.0000,3354.8000,3354.6000,3353.0000,3352.6000,3357.2000,3357.4000,3358.6000,3359.2000,3359.8000,1,1,1,2,6,1,1,1,5,1
SF,IH2008,2020-07-14 09:31:43.100,3354.6000,10724,0,373227720.000,3,1,2,多换,S,3353.0000,3352.6000,3351.2000,3350.0000,3349.8000,3357.0000,3359.2000,3359.8000,3361.2000,3362.0000,2,6,1,2,1,1,5,1,1,1
SF,IH2008,2020-07-14 09:31:43.600,3357.0000,10722,-2,375241920.000,2,0,2,双平,S,3354.6000,3353.2000,3353.0000,3352.6000,3351.2000,3356.0000,3356.6000,3359.2000,3359.8000,3361.2000,1,4,2,6,1,1,1,5,1,1
SF,IH2008,2020-07-14 09:31:44.100,3356.2000,10721,-1,376248780.000,1,0,1,双平,S,3354.8000,3354.6000,3353.2000,3353.0000,3352.6000,3356.6000,3359.8000,3361.2000,3362.0000,3362.6000,1,1,3,2,6,1,1,1,1,1
SF,IH2008,2020-07-14 09:31:44.600,3356.2000,10721,0,376248780.000,0,-,-,-,-,3355.0000,3354.8000,3354.6000,3353.6000,3353.2000,3356.6000,3359.8000,3361.2000,3362.0000,3362.6000,1,1,1,1,3,1,1,1,1,1
SF,IH2008,2020-07-14 09:31:45.100,3355.0000,10721,0,377255280.000,1,0,1,多换,S,3354.8000,3354.6000,3353.2000,3353.0000,3352.6000,3355.0000,3356.6000,3356.8000,3359.8000,3361.2000,1,1,4,2,5,1,2,2,1,1
SF,IH2008,2020-07-14 09:31:45.600,3355.0000,10719,-2,380274720.000,3,0,3,多平,S,3356.0000,3354.6000,3353.2000,3353.0000,3352.6000,3356.6000,3356.8000,3357.2000,3359.8000,3361.2000,2,1,4,2,5,1,2,1,1,1
SF,IH2008,2020-07-14 09:31:46.100,3356.0000,10717,-2,382288320.000,2,0,2,双平,S,3354.6000,3353.2000,3353.0000,3352.6000,3351.2000,3355.6000,3355.8000,3356.0000,3356.4000,3356.6000,1,4,2,5,1,1,2,1,1,1
SF,IH2008,2020-07-14 09:31:46.600,3354.8000,10715,-2,385307880.000,3,0,3,多平,S,3355.0000,3354.6000,3353.2000,3353.0000,3352.6000,3355.8000,3356.0000,3356.6000,3356.8000,3357.4000,2,1,4,2,5,2,1,1,2,1
SF,IH2008,2020-07-14 09:31:47.100,3354.8000,10716,1,386314320.000,1,1,0,双开,S,3355.0000,3354.6000,3353.2000,3353.0000,3352.6000,3356.0000,3356.6000,3356.8000,3357.4000,3359.8000,1,1,4,2,5,1,1,2,1,1
SF,IH2008,2020-07-14 09:31:47.600,3356.0000,10715,-1,387321120.000,1,0,1,双平,S,3355.0000,3354.6000,3353.2000,3353.0000,3352.6000,3356.6000,3356.8000,3357.4000,3359.8000,3361.2000,1,1,4,2,5,1,2,1,1,1
SF,IH2008,2020-07-14 09:31:48.100,3356.0000,10715,0,387321120.000,0,-,-,-,-,3355.0000,3354.6000,3353.8000,3353.2000,3353.0000,3356.6000,3356.8000,3357.4000,3358.4000,3359.8000,1,1,2,4,2,1,2,2,1,1
SF,IH2008,2020-07-14 09:31:48.600,3356.6000,10715,0,388328100.000,1,0,1,多换,S,3355.2000,3355.0000,3354.6000,3353.8000,3353.2000,3356.8000,3357.4000,3358.4000,3359.8000,3361.2000,1,1,1,2,2,2,1,1,1,1
SF,IH2008,2020-07-14 09:31:49.100,3356.6000,10715,0,388328100.000,0,-,-,-,-,3356.6000,3355.2000,3355.0000,3354.6000,3353.8000,3356.8000,3357.4000,3358.4000,3359.8000,3361.2000,1,1,1,1,2,2,1,1,1,1
SF,IH2008,2020-07-14 09:31:49.600,3355.2000,10713,-2,392355720.000,4,1,3,多平,S,3355.0000,3354.6000,3353.8000,3353.2000,3353.0000,3357.4000,3358.4000,3359.8000,3361.2000,3362.0000,1,1,2,2,2,1,1,1,1,1
SF,IH2008,2020-07-14 09:31:50.100,3355.2000,10713,0,392355720.000,0,-,-,-,-,3355.2000,3355.0000,3354.6000,3353.8000,3353.2000,3358.4000,3359.8000,3361.2000,3362.0000,3362.6000,3,1,1,2,1,1,1,1,1,1
SF,IH2008,2020-07-14 09:31:50.600,3358.4000,10712,-1,393363240.000,1,0,1,双平,S,3355.6000,3355.4000,3355.2000,3355.0000,3354.6000,3358.0000,3359.8000,3360.0000,3361.2000,3362.0000,2,1,3,1,1,2,1,1,1,1
SF,IH2008,2020-07-14 09:31:51.100,3358.0000,10712,0,394370640.000,1,0,1,多换,S,3355.8000,3355.4000,3355.2000,3355.0000,3354.6000,3359.8000,3360.0000,3361.2000,3362.0000,3362.6000,1,1,3,1,1,1,1,1,1,1
SF,IH2008,2020-07-14 09:31:51.600,3358.0000,10712,0,394370640.000,0,-,-,-,-,3357.4000,3355.8000,3355.4000,3355.2000,3355.0000,3359.2000,3359.6000,3359.8000,3360.0000,3361.2000,1,1,1,3,1,1,1,1,1,1
SF,IH2008,2020-07-14 09:31:52.100,3357.4000,10711,-1,395377860.000,1,0,1,双平,S,3355.8000,3355.2000,3355.0000,3354.6000,3353.8000,3357.4000,3358.0000,3359.0000,3359.2000,3359.8000,1,3,1,1,2,3,1,2,1,1
SF,IH2008,2020-07-14 09:31:52.600,3357.4000,10711,0,395377860.000,0,-,-,-,-,3355.8000,3355.2000,3355.0000,3354.6000,3353.8000,3357.2000,3357.4000,3359.8000,3361.2000,3362.0000,1,3,1,1,2,2,2,1,1,1
SF,IH2008,2020-07-14 09:31:53.100,3357.4000,10711,0,395377860.000,0,-,-,-,-,3355.8000,3355.2000,3355.0000,3354.6000,3353.8000,3357.2000,3357.4000,3358.2000,3359.8000,3361.2000,1,3,1,1,2,2,1,1,1,1
SF,IH2008,2020-07-14 09:31:53.600,3357.4000,10710,-1,396385080.000,1,0,1,双平,S,3356.0000,3355.8000,3355.2000,3355.0000,3354.6000,3357.2000,3357.4000,3358.2000,3359.8000,3361.2000,1,1,3,1,1,2,1,1,1,1
SF,IH2008,2020-07-14 09:31:54.100,3357.4000,10711,1,397392300.000,1,1,0,双开,S,3356.0000,3355.8000,3355.2000,3355.0000,3354.6000,3357.6000,3358.2000,3358.6000,3359.8000,3361.2000,1,1,3,1,1,1,1,1,1,1
SF,IH2008,2020-07-14 09:31:54.600,3356.0000,10711,0,398399100.000,1,0,1,多换,S,3355.8000,3355.2000,3355.0000,3354.6000,3353.8000,3357.6000,3358.2000,3358.6000,3359.8000,3361.2000,1,3,1,1,2,1,1,1,1,1
SF,IH2008,2020-07-14 09:31:55.100,3356.0000,10711,0,398399100.000,0,-,-,-,-,3356.0000,3355.8000,3355.2000,3355.0000,3354.6000,3358.2000,3358.6000,3359.0000,3359.8000,3361.2000,1,1,3,1,1,1,1,1,1,1
SF,IH2008,2020-07-14 09:31:55.600,3356.0000,10711,0,398399100.000,0,-,-,-,-,3356.0000,3355.8000,3355.2000,3355.0000,3354.6000,3359.0000,3359.8000,3361.2000,3362.0000,3362.6000,1,1,3,1,1,1,1,1,1,1
SF,IH2008,2020-07-14 09:31:56.100,3356.0000,10711,0,398399100.000,0,-,-,-,-,3356.0000,3355.8000,3355.2000,3355.0000,3354.6000,3358.2000,3358.8000,3359.0000,3359.8000,3361.2000,1,1,1,1,1,1,1,2,1,1
SF,IH2008,2020-07-14 09:31:56.600,3356.0000,10711,0,398399100.000,0,-,-,-,-,3356.2000,3356.0000,3355.8000,3355.2000,3355.0000,3358.2000,3358.8000,3359.0000,3359.2000,3359.8000,2,1,1,1,1,1,1,2,1,1
SF,IH2008,2020-07-14 09:31:57.100,3356.0000,10711,0,398399100.000,0,-,-,-,-,3356.4000,3356.2000,3356.0000,3355.2000,3355.0000,3358.2000,3358.8000,3359.0000,3359.2000,3359.8000,2,2,1,1,1,1,1,2,1,1
SF,IH2008,2020-07-14 09:31:58.100,3356.0000,10711,0,398399100.000,0,-,-,-,-,3356.4000,3356.2000,3356.0000,3355.2000,3355.0000,3358.2000,3358.8000,3359.0000,3359.2000,3359.8000,2,2,1,1,1,1,1,1,1,1
SF,IH2008,2020-07-14 09:31:59.600,3356.0000,10711,0,398399100.000,0,-,-,-,-,3356.4000,3356.2000,3356.0000,3355.2000,3355.0000,3358.2000,3358.8000,3359.0000,3359.2000,3359.8000,2,2,1,1,1,1,1,1,1,1
SF,IH2008,2020-07-14 09:32:00.100,3356.0000,10711,0,398399100.000,0,-,-,-,-,3357.0000,3356.4000,3356.2000,3356.0000,3355.2000,3358.2000,3358.8000,3359.0000,3359.2000,3359.8000,1,2,2,1,1,1,1,1,1,1
SF,IH2008,2020-07-14 09:32:00.600,3357.0000,10710,-1,399406200.000,1,0,1,双平,S,3357.2000,3357.0000,3356.4000,3356.2000,3356.0000,3358.0000,3358.2000,3358.8000,3359.0000,3359.2000,1,1,1,2,1,1,1,1,1,1
SF,IH2008,2020-07-14 09:32:01.100,3358.0000,10709,-1,400413600.000,1,0,1,双平,S,3357.4000,3357.2000,3357.0000,3356.4000,3356.2000,3358.2000,3359.0000,3359.2000,3359.8000,3361.2000,1,1,1,1,2,1,1,1,1,1
SF,IH2008,2020-07-14 09:32:01.600,3358.0000,10709,0,400413600.000,0,-,-,-,-,3357.2000,3357.0000,3356.4000,3356.2000,3356.0000,3358.2000,3359.0000,3359.8000,3361.2000,3362.0000,1,1,1,2,1,1,1,1,1,1
SF,IH2008,2020-07-14 09:32:02.100,3358.2000,10708,-1,401421060.000,1,0,1,双平,S,3357.2000,3357.0000,3356.4000,3356.0000,3355.0000,3357.4000,3359.0000,3359.8000,3361.2000,3362.0000,1,1,1,1,1,1,1,1,1,1
SF,IH2008,2020-07-14 09:32:02.600,3357.4000,10708,0,402428280.000,1,0,1,多换,S,3357.4000,3357.2000,3357.0000,3356.4000,3356.0000,3359.8000,3361.2000,3362.0000,3362.6000,3363.0000,3,1,1,1,1,1,1,1,2,5
SF,IH2008,2020-07-14 09:32:03.100,3357.4000,10708,0,402428280.000,0,-,-,-,-,3357.2000,3357.0000,3356.4000,3356.0000,3355.0000,3359.6000,3359.8000,3361.2000,3362.0000,3362.6000,1,1,1,1,1,2,1,1,1,2
SF,IH2008,2020-07-14 09:32:03.600,3357.4000,10708,0,402428280.000,0,-,-,-,-,3357.2000,3357.0000,3356.4000,3356.0000,3355.0000,3359.6000,3359.8000,3361.2000,3362.0000,3362.6000,1,1,1,1,1,2,2,1,1,2
SF,IH2008,2020-07-14 09:32:04.100,3358.6000,10709,1,403435860.000,1,1,0,双开,S,3357.2000,3357.0000,3356.4000,3356.0000,3355.0000,3359.6000,3359.8000,3361.2000,3362.0000,3362.6000,1,1,1,1,1,1,2,1,2,2
SF,IH2008,2020-07-14 09:32:04.600,3358.6000,10709,0,403435860.000,0,-,-,-,-,3357.2000,3357.0000,3356.4000,3356.0000,3355.0000,3358.0000,3359.6000,3359.8000,3361.2000,3362.0000,1,1,1,1,1,2,2,1,1,2
SF,IH2008,2020-07-14 09:32:05.100,3359.4000,10710,1,407465700.000,4,2,2,空开,S,3357.2000,3357.0000,3356.4000,3356.0000,3355.0000,3359.6000,3359.8000,3361.2000,3362.0000,3362.6000,1,1,1,1,1,1,1,1,2,2
SF,IH2008,2020-07-14 09:32:06.100,3359.4000,10710,0,407465700.000,0,-,-,-,-,3357.0000,3356.4000,3356.0000,3355.0000,3354.6000,3359.4000,3359.6000,3359.8000,3361.2000,3362.0000,1,1,1,1,1,1,1,1,1,2
SF,IH2008,2020-07-14 09:32:06.600,3359.4000,10709,-1,408473520.000,1,0,1,双平,S,3357.4000,3357.0000,3356.4000,3356.0000,3355.0000,3359.4000,3359.8000,3361.2000,3362.0000,3362.6000,1,1,1,1,1,1,1,1,2,2
SF,IH2008,2020-07-14 09:32:07.100,3357.6000,10708,-1,409480800.000,1,0,1,双平,S,3357.4000,3357.0000,3356.4000,3356.0000,3355.0000,3359.4000,3359.8000,3361.2000,3362.0000,3362.6000,1,1,1,1,1,1,1,1,2,2
SF,IH2008,2020-07-14 09:32:07.600,3359.4000,10708,0,410488620.000,1,0,1,多换,S,3357.6000,3357.4000,3357.0000,3356.4000,3356.0000,3359.8000,3361.2000,3362.0000,3362.6000,3363.0000,1,1,1,1,1,1,1,2,2,5
SF,IH2008,2020-07-14 09:32:08.100,3357.8000,10707,-1,411495960.000,1,0,1,双平,S,3358.4000,3357.6000,3357.4000,3357.0000,3356.4000,3359.8000,3361.2000,3362.0000,3362.6000,3363.0000,1,1,1,1,1,1,1,2,2,5
SF,IH2008,2020-07-14 09:32:08.600,3359.8000,10706,-1,412503900.000,1,0,1,双平,S,3358.4000,3357.6000,3357.4000,3357.0000,3356.4000,3360.6000,3361.2000,3362.0000,3362.6000,3363.0000,1,2,1,1,1,1,1,2,2,5
SF,IH2008,2020-07-14 09:32:09.100,3360.6000,10707,1,413512080.000,1,1,0,双开,S,3359.2000,3358.8000,3357.6000,3357.4000,3357.0000,3361.2000,3362.0000,3362.6000,3363.0000,3366.8000,1,1,2,1,1,1,2,2,5,1
SF,IH2008,2020-07-14 09:32:09.600,3360.6000,10707,0,413512080.000,0,-,-,-,-,3359.2000,3358.8000,3357.6000,3357.4000,3357.0000,3361.0000,3361.2000,3362.0000,3362.6000,3363.0000,1,1,2,1,1,1,2,2,2,5
SF,IH2008,2020-07-14 09:32:10.100,3359.2000,10707,0,414519840.000,1,0,1,多换,S,3357.6000,3357.0000,3356.4000,3356.0000,3355.0000,3361.0000,3361.2000,3362.0000,3362.6000,3363.0000,2,1,1,1,1,1,2,2,2,5
SF,IH2008,2020-07-14 09:32:10.600,3359.2000,10707,0,414519840.000,0,-,-,-,-,3359.2000,3357.8000,3357.6000,3357.0000,3356.4000,3361.2000,3362.0000,3362.6000,3363.0000,3366.8000,1,3,2,1,1,2,2,2,5,1
SF,IH2008,2020-07-14 09:32:11.100,3359.2000,10707,0,414519840.000,0,-,-,-,-,3359.4000,3359.2000,3357.8000,3357.6000,3357.0000,3361.0000,3361.2000,3362.0000,3362.6000,3363.0000,1,1,3,1,1,1,1,2,2,5
SF,IH2008,2020-07-14 09:32:11.600,3359.2000,10707,0,414519840.000,0,-,-,-,-,3359.2000,3357.8000,3357.6000,3357.0000,3356.4000,3361.0000,3361.2000,3362.0000,3362.6000,3363.0000,1,3,1,1,1,1,1,2,2,5
SF,IH2008,2020-07-14 09:32:12.100,3359.2000,10707,0,414519840.000,0,-,-,-,-,3359.8000,3359.4000,3359.2000,3357.8000,3357.0000,3361.0000,3361.2000,3362.0000,3362.6000,3363.0000,1,1,1,3,1,1,1,2,2,5
SF,IH2008,2020-07-14 09:32:12.600,3359.2000,10707,0,414519840.000,0,-,-,-,-,3361.0000,3359.8000,3359.4000,3359.2000,3358.2000,3361.2000,3362.0000,3362.6000,3363.0000,3366.8000,1,1,1,1,1,1,2,2,5,1
SF,IH2008,2020-07-14 09:32:13.100,3361.0000,10694,-13,430652640.000,16,1,15,多平,S,3361.0000,3359.8000,3359.4000,3359.2000,3358.2000,3361.2000,3362.0000,3362.6000,3363.0000,3366.8000,5,2,1,1,1,1,2,2,5,1
SF,IH2008,2020-07-14 09:32:13.600,3361.0000,10687,-7,437710740.000,7,0,7,双平,S,3359.8000,3359.2000,3358.2000,3357.8000,3357.0000,3361.0000,3361.2000,3362.0000,3362.6000,3363.0000,2,1,1,3,1,3,2,2,2,5
SF,IH2008,2020-07-14 09:32:14.100,3361.2000,10686,-1,446785800.000,9,4,5,多平,S,3361.0000,3359.8000,3359.2000,3358.2000,3357.8000,3362.0000,3362.6000,3363.0000,3366.8000,3374.0000,1,1,1,1,3,2,2,5,1,1
SF,IH2008,2020-07-14 09:32:14.600,3361.0000,10686,0,447794100.000,1,0,1,多换,S,3359.8000,3359.2000,3358.2000,3357.8000,3357.0000,3361.0000,3361.2000,3361.8000,3362.0000,3362.6000,1,1,1,3,1,1,1,1,2,2
SF,IH2008,2020-07-14 09:32:15.100,3361.2000,10685,-1,450819120.000,3,1,2,多平,S,3359.8000,3359.2000,3358.2000,3357.8000,3357.0000,3361.2000,3362.0000,3362.6000,3363.0000,3366.8000,1,1,1,3,1,1,2,2,5,1
SF,IH2008,2020-07-14 09:32:15.600,3361.2000,10685,0,452835840.000,2,1,1,多换,S,3359.8000,3359.2000,3358.2000,3357.8000,3356.4000,3362.0000,3362.6000,3363.0000,3366.8000,3374.0000,1,1,1,3,1,2,2,5,1,1
SF,IH2008,2020-07-14 09:32:16.100,3361.2000,10685,0,452835840.000,0,-,-,-,-,3361.2000,3361.0000,3360.0000,3359.8000,3359.2000,3361.8000,3362.0000,3362.6000,3366.8000,3374.0000,1,1,1,1,1,1,2,2,6,1
SF,IH2008,2020-07-14 09:32:16.600,3361.0000,10685,0,454852500.000,2,1,1,多换,S,3360.0000,3359.8000,3359.2000,3358.2000,3357.8000,3361.2000,3361.8000,3362.0000,3362.6000,3366.8000,1,1,1,1,1,1,1,2,2,6
SF,IH2008,2020-07-14 09:32:17.100,3361.2000,10685,0,457877760.000,3,1,2,多换,S,3360.0000,3359.8000,3359.2000,3358.2000,3357.8000,3362.0000,3362.6000,3366.8000,3374.0000,3375.0000,1,1,1,1,1,2,2,6,1,1
SF,IH2008,2020-07-14 09:32:17.600,3361.2000,10685,0,457877760.000,0,-,-,-,-,3361.8000,3361.0000,3360.0000,3359.8000,3359.2000,3362.0000,3362.6000,3366.8000,3374.0000,3375.0000,15,20,1,1,1,2,2,6,1,1
SF,IH2008,2020-07-14 09:32:18.100,3361.8000,10681,-4,462920580.000,5,0,5,多平,S,3361.8000,3361.0000,3360.0000,3359.8000,3359.2000,3362.6000,3366.8000,3374.0000,3375.0000,3379.6000,14,20,1,1,1,2,6,1,1,1
SF,IH2008,2020-07-14 09:32:18.600,3362.6000,10680,-1,464938140.000,2,0,2,多平,S,3361.8000,3361.2000,3361.0000,3360.0000,3359.8000,3366.8000,3374.0000,3375.0000,3379.6000,3380.0000,14,1,20,1,1,6,1,1,1,2
SF,IH2008,2020-07-14 09:32:19.100,3362.6000,10680,0,464938140.000,0,-,-,-,-,3362.0000,3361.8000,3361.2000,3361.0000,3360.0000,3364.4000,3364.8000,3366.0000,3366.4000,3366.6000,3,14,1,20,1,1,1,2,4,5
SF,IH2008,2020-07-14 09:32:19.600,3361.8000,10680,0,465946680.000,1,0,1,多换,S,3361.8000,3361.2000,3361.0000,3360.0000,3359.8000,3364.4000,3364.6000,3364.8000,3366.0000,3366.6000,13,1,20,1,1,2,1,1,1,4
SF,IH2008,2020-07-14 09:32:20.100,3361.8000,10680,0,465946680.000,0,-,-,-,-,3362.2000,3362.0000,3361.8000,3361.2000,3361.0000,3364.2000,3364.4000,3364.6000,3364.8000,3366.0000,1,1,13,1,20,2,2,1,1,1
SF,IH2008,2020-07-14 09:32:20.600,3361.8000,10680,0,465946680.000,0,-,-,-,-,3362.2000,3362.0000,3361.8000,3361.2000,3361.0000,3364.0000,3364.2000,3364.4000,3364.8000,3366.0000,1,1,13,1,20,1,2,2,1,1
SF,IH2008,2020-07-14 09:32:21.100,3361.8000,10680,0,465946680.000,0,-,-,-,-,3362.2000,3362.0000,3361.8000,3361.2000,3361.0000,3363.8000,3364.0000,3364.4000,3364.8000,3366.0000,1,1,13,1,20,1,1,2,1,1
SF,IH2008,2020-07-14 09:32:21.600,3361.8000,10680,0,465946680.000,0,-,-,-,-,3362.2000,3362.0000,3361.8000,3361.2000,3361.0000,3364.0000,3364.8000,3366.0000,3366.6000,3366.8000,1,1,13,1,20,1,1,1,3,6
SF,IH2008,2020-07-14 09:32:22.100,3366.8000,10676,-4,482106060.000,16,6,10,多平,S,3366.8000,3362.4000,3362.2000,3361.8000,3361.2000,3368.2000,3370.6000,3371.2000,3374.0000,3375.0000,4,4,1,13,1,1,5,1,1,1
SF,IH2008,2020-07-14 09:32:22.600,3364.4000,10672,-4,487155540.000,5,0,5,多平,S,3362.4000,3362.2000,3361.8000,3361.2000,3361.0000,3364.8000,3365.8000,3366.6000,3366.8000,3367.2000,4,1,13,1,20,1,1,4,12,1
SF,IH2008,2020-07-14 09:32:23.100,3364.4000,10672,0,487155540.000,0,-,-,-,-,3362.4000,3362.2000,3361.8000,3361.2000,3361.0000,3363.2000,3364.6000,3364.8000,3365.8000,3366.2000,3,1,13,1,20,1,1,3,1,1
SF,IH2008,2020-07-14 09:32:23.600,3363.2000,10674,2,490182540.000,3,2,1,空开,S,3363.2000,3362.4000,3362.2000,3361.2000,3361.0000,3364.6000,3364.8000,3365.8000,3366.2000,3366.4000,1,3,1,1,20,1,1,1,2,1
SF,IH2008,2020-07-14 09:32:24.100,3363.2000,10673,-1,491191500.000,1,0,1,双平,S,3362.4000,3362.2000,3361.2000,3361.0000,3360.0000,3364.0000,3364.4000,3364.6000,3364.8000,3365.8000,3,1,1,20,1,1,3,1,1,1
SF,IH2008,2020-07-14 09:32:24.600,3363.6000,10673,0,492200580.000,1,0,1,多换,S,3362.4000,3362.2000,3361.2000,3361.0000,3360.0000,3364.0000,3364.4000,3364.8000,3365.8000,3366.2000,3,1,1,20,1,1,2,1,2,2
SF,IH2008,2020-07-14 09:32:25.100,3362.4000,10672,-1,494218020.000,2,0,2,多平,S,3362.4000,3362.2000,3361.2000,3361.0000,3360.0000,3364.0000,3364.4000,3364.8000,3365.8000,3366.2000,1,1,1,20,1,2,1,1,2,2
SF,IH2008,2020-07-14 09:32:25.600,3364.0000,10669,-3,499263360.000,5,1,4,多平,S,3364.0000,3361.2000,3361.0000,3360.0000,3359.2000,3364.8000,3365.4000,3365.8000,3366.2000,3366.4000,9,1,20,1,1,1,1,2,1,2
SF,IH2008,2020-07-14 09:32:26.100,3364.0000,10660,-9,508346160.000,9,0,9,双平,S,3361.2000,3361.0000,3360.0000,3359.2000,3359.0000,3364.2000,3364.6000,3364.8000,3365.4000,3365.8000,1,20,1,1,3,1,6,1,1,2
SF,IH2008,2020-07-14 09:32:26.600,3362.4000,10660,0,510363300.000,2,1,1,多换,S,3361.2000,3361.0000,3360.0000,3359.2000,3359.0000,3364.0000,3364.6000,3364.8000,3365.8000,3366.0000,1,20,1,1,3,4,4,1,2,3
SF,IH2008,2020-07-14 09:32:27.100,3361.2000,10661,1,511371660.000,1,1,0,双开,S,3361.0000,3360.0000,3359.2000,3359.0000,3358.2000,3364.0000,3364.8000,3365.8000,3366.0000,3366.2000,20,1,1,3,1,4,1,1,3,1
SF,IH2008,2020-07-14 09:32:27.600,3364.0000,10660,-1,513390060.000,2,0,2,多平,S,3361.2000,3360.0000,3359.2000,3359.0000,3358.2000,3363.8000,3364.0000,3364.8000,3365.8000,3366.0000,1,1,1,3,1,1,2,1,1,3
SF,IH2008,2020-07-14 09:32:28.100,3364.0000,10660,0,513390060.000,0,-,-,-,-,3361.6000,3361.4000,3361.2000,3360.0000,3359.2000,3363.4000,3363.6000,3363.8000,3364.0000,3364.8000,1,1,1,1,1,1,2,2,1,1
SF,IH2008,2020-07-14 09:32:28.600,3364.0000,10660,0,513390060.000,0,-,-,-,-,3361.6000,3361.4000,3361.2000,3360.0000,3359.2000,3363.0000,3363.2000,3363.4000,3363.6000,3363.8000,1,1,1,1,1,1,1,1,1,2
SF,IH2008,2020-07-14 09:32:29.100,3361.8000,10659,-1,516416400.000,3,1,2,多平,S,3361.6000,3361.2000,3360.0000,3359.2000,3359.0000,3363.4000,3363.6000,3363.8000,3364.0000,3364.8000,1,1,1,1,3,1,2,2,1,1
SF,IH2008,2020-07-14 09:32:29.600,3363.4000,10659,0,517425420.000,1,0,1,多换,S,3361.8000,3361.6000,3360.0000,3359.2000,3359.0000,3363.6000,3363.8000,3364.8000,3365.8000,3366.0000,1,1,1,1,3,1,2,1,2,1
SF,IH2008,2020-07-14 09:32:30.100,3363.4000,10659,0,517425420.000,0,-,-,-,-,3361.8000,3361.6000,3360.0000,3359.2000,3359.0000,3363.6000,3363.8000,3364.8000,3365.8000,3366.0000,1,1,1,1,3,1,1,1,2,2
SF,IH2008,2020-07-14 09:32:30.600,3363.4000,10659,0,517425420.000,0,-,-,-,-,3362.0000,3361.8000,3361.6000,3360.0000,3359.2000,3363.6000,3363.8000,3364.8000,3365.2000,3365.8000,1,1,1,1,1,1,1,1,1,2
SF,IH2008,2020-07-14 09:32:31.100,3363.4000,10658,-1,519443040.000,2,0,2,多平,S,3361.8000,3361.6000,3360.0000,3359.2000,3359.0000,3363.6000,3364.8000,3365.2000,3365.8000,3366.0000,1,1,1,1,3,1,1,1,2,2
SF,IH2008,2020-07-14 09:32:31.600,3363.4000,10658,0,519443040.000,0,-,-,-,-,3361.8000,3361.6000,3360.0000,3359.2000,3359.0000,3362.0000,3363.4000,3363.6000,3364.8000,3365.8000,1,1,1,1,3,1,3,1,1,2
SF,IH2008,2020-07-14 09:32:32.100,3361.8000,10658,0,522468780.000,3,1,2,多换,S,3360.0000,3359.2000,3359.0000,3358.2000,3355.0000,3361.8000,3362.6000,3363.4000,3364.8000,3365.8000,1,1,3,1,1,1,1,5,1,1
SF,IH2008,2020-07-14 09:32:32.600,3362.6000,10658,0,524486100.000,2,1,1,多换,S,3362.0000,3360.2000,3360.0000,3359.2000,3359.0000,3363.4000,3365.8000,3366.0000,3366.2000,3366.4000,10,1,1,1,3,5,1,1,1,1
SF,IH2008,2020-07-14 09:32:33.100,3362.0000,10659,1,525494700.000,1,1,0,双开,S,3362.0000,3361.6000,3360.0000,3359.2000,3359.0000,3362.4000,3362.8000,3363.4000,3365.8000,3366.0000,9,1,1,1,3,1,1,4,1,1
SF,IH2008,2020-07-14 09:32:33.600,3362.0000,10659,0,534572100.000,9,4,5,多换,S,3360.0000,3359.2000,3359.0000,3358.2000,3358.0000,3361.8000,3362.0000,3362.4000,3363.4000,3365.8000,1,1,3,1,1,1,3,1,3,1
SF,IH2008,2020-07-14 09:32:34.100,3362.0000,10659,0,534572100.000,0,-,-,-,-,3361.6000,3360.2000,3360.0000,3359.2000,3359.0000,3361.8000,3362.0000,3362.4000,3363.0000,3363.4000,1,1,1,1,3,1,3,1,2,2
SF,IH2008,2020-07-14 09:32:34.600,3361.8000,10658,-1,537597660.000,3,1,2,多平,S,3360.2000,3360.0000,3359.2000,3359.0000,3358.2000,3361.8000,3362.0000,3362.4000,3363.0000,3363.4000,1,1,1,3,1,1,2,1,2,2
SF,IH2008,2020-07-14 09:32:35.100,3361.8000,10658,0,538606200.000,1,0,1,多换,S,3361.8000,3360.2000,3360.0000,3359.2000,3359.0000,3362.0000,3362.4000,3363.0000,3363.4000,3365.8000,1,1,1,1,3,2,1,2,2,1
SF,IH2008,2020-07-14 09:32:35.600,3361.8000,10658,0,539614740.000,1,0,1,多换,S,3360.2000,3360.0000,3359.2000,3359.0000,3358.2000,3361.6000,3361.8000,3362.0000,3362.4000,3363.0000,1,1,1,3,1,2,1,2,1,2
SF,IH2008,2020-07-14 09:32:36.100,3361.8000,10658,0,539614740.000,0,-,-,-,-,3361.6000,3360.2000,3360.0000,3359.2000,3359.0000,3361.8000,3362.0000,3362.4000,3363.0000,3363.4000,1,1,1,1,3,1,2,1,2,1
SF,IH2008,2020-07-14 09:32:36.600,3361.8000,10658,0,542640240.000,3,1,2,多换,S,3360.4000,3360.2000,3360.0000,3359.2000,3359.0000,3362.0000,3362.4000,3363.0000,3363.4000,3364.4000,1,1,1,1,3,2,1,2,1,1
SF,IH2008,2020-07-14 09:32:37.100,3361.8000,10658,0,542640240.000,0,-,-,-,-,3360.4000,3360.0000,3359.2000,3359.0000,3358.2000,3361.8000,3362.0000,3362.4000,3363.0000,3363.4000,1,1,1,3,1,1,3,1,2,1
SF,IH2008,2020-07-14 09:32:37.600,3361.8000,10658,0,542640240.000,0,-,-,-,-,3360.4000,3360.0000,3359.2000,3359.0000,3358.2000,3362.0000,3362.4000,3363.0000,3363.4000,3364.4000,1,1,1,3,1,3,1,2,1,1
SF,IH2008,2020-07-14 09:32:38.100,3362.0000,10656,-2,544656960.000,2,0,2,双平,S,3360.0000,3359.2000,3359.0000,3358.2000,3358.0000,3361.2000,3362.0000,3363.0000,3363.4000,3364.4000,1,1,3,1,1,1,2,2,1,1
SF,IH2008,2020-07-14 09:32:38.600,3361.8000,10657,1,545665500.000,1,1,0,双开,S,3360.2000,3360.0000,3359.2000,3359.0000,3358.2000,3362.0000,3363.0000,3363.4000,3364.2000,3364.4000,1,1,1,3,1,1,2,1,1,1
SF,IH2008,2020-07-14 09:32:39.100,3361.8000,10657,0,545665500.000,0,-,-,-,-,3360.0000,3359.2000,3359.0000,3358.2000,3358.0000,3361.2000,3361.6000,3361.8000,3362.0000,3363.0000,1,1,3,1,1,1,1,2,1,1
SF,IH2008,2020-07-14 09:32:39.600,3361.8000,10657,0,545665500.000,0,-,-,-,-,3360.0000,3359.2000,3359.0000,3358.2000,3358.0000,3360.2000,3360.4000,3361.2000,3361.6000,3361.8000,1,1,3,1,1,1,5,1,1,3
SF,IH2008,2020-07-14 09:32:40.100,3360.0000,10658,1,547681560.000,2,1,1,空开,S,3359.2000,3359.0000,3358.2000,3358.0000,3355.0000,3360.4000,3361.2000,3361.8000,3362.0000,3363.4000,1,3,1,1,1,5,2,2,1,1
SF,IH2008,2020-07-14 09:32:40.600,3360.0000,10659,1,548689560.000,1,1,0,双开,S,3359.4000,3359.2000,3359.0000,3358.2000,3358.0000,3360.4000,3361.2000,3361.8000,3362.0000,3363.4000,1,1,3,1,1,5,2,1,1,1
SF,IH2008,2020-07-14 09:32:41.100,3360.4000,10659,0,550705800.000,2,1,1,多换,S,3359.4000,3359.2000,3359.0000,3358.2000,3358.0000,3360.4000,3361.2000,3361.8000,3362.0000,3363.4000,1,1,3,1,1,3,3,1,1,1
SF,IH2008,2020-07-14 09:32:41.600,3359.4000,10658,-1,551713620.000,1,0,1,双平,S,3359.2000,3359.0000,3358.2000,3358.0000,3355.0000,3360.4000,3361.2000,3361.8000,3362.0000,3363.4000,1,3,1,1,1,3,2,1,1,1
SF,IH2008,2020-07-14 09:32:42.100,3359.4000,10658,0,551713620.000,0,-,-,-,-,3359.2000,3359.0000,3358.2000,3358.0000,3355.0000,3359.4000,3360.0000,3360.4000,3361.2000,3361.8000,1,3,1,1,1,1,1,3,2,1
SF,IH2008,2020-07-14 09:32:42.600,3359.4000,10658,0,552721440.000,1,0,1,多换,S,3359.4000,3359.0000,3358.2000,3358.0000,3355.0000,3360.0000,3360.4000,3361.2000,3361.8000,3362.0000,1,3,1,1,1,1,3,2,1,1
SF,IH2008,2020-07-14 09:32:43.100,3359.4000,10658,0,552721440.000,0,-,-,-,-,3359.0000,3358.2000,3358.0000,3355.0000,3353.8000,3360.0000,3360.2000,3360.4000,3361.2000,3361.8000,3,1,1,1,2,1,1,3,1,1
SF,IH2008,2020-07-14 09:32:43.600,3359.0000,10657,-1,553729140.000,1,0,1,双平,S,3359.0000,3358.2000,3358.0000,3355.0000,3353.8000,3360.0000,3360.2000,3360.4000,3361.2000,3361.8000,2,1,1,1,2,1,1,3,1,1
SF,IH2008,2020-07-14 09:32:44.600,3359.0000,10657,0,554736840.000,1,0,1,多换,S,3359.0000,3358.2000,3358.0000,3355.0000,3353.8000,3360.0000,3360.2000,3360.4000,3361.2000,3361.8000,1,1,1,1,2,1,1,3,1,1
SF,IH2008,2020-07-14 09:32:45.100,3360.0000,10656,-1,555744840.000,1,0,1,双平,S,3359.0000,3358.2000,3358.0000,3355.0000,3354.2000,3360.2000,3360.4000,3361.2000,3361.8000,3363.4000,1,1,1,1,1,1,3,1,1,1
SF,IH2008,2020-07-14 09:32:45.600,3360.2000,10656,0,556752900.000,1,0,1,多换,S,3359.0000,3358.2000,3358.0000,3355.0000,3354.2000,3360.4000,3361.2000,3361.8000,3363.4000,3364.2000,1,1,1,1,1,3,1,1,1,2
SF,IH2008,2020-07-14 09:32:46.100,3360.2000,10656,0,556752900.000,0,-,-,-,-,3360.2000,3359.0000,3358.2000,3358.0000,3355.0000,3360.4000,3360.6000,3361.2000,3361.8000,3362.6000,1,1,1,1,1,3,1,1,1,1
SF,IH2008,2020-07-14 09:32:46.600,3360.2000,10655,-1,557760960.000,1,0,1,双平,S,3359.0000,3358.2000,3358.0000,3355.0000,3354.2000,3360.0000,3360.2000,3360.4000,3360.6000,3361.2000,1,1,1,1,1,2,1,3,1,1
SF,IH2008,2020-07-14 09:32:47.100,3360.2000,10655,0,558769020.000,1,0,1,多换,S,3359.0000,3358.2000,3358.0000,3355.0000,3354.2000,3360.0000,3360.2000,3360.4000,3360.6000,3361.0000,1,1,1,1,1,1,1,3,1,1
SF,IH2008,2020-07-14 09:32:47.600,3360.2000,10655,0,558769020.000,0,-,-,-,-,3359.0000,3358.2000,3358.0000,3355.0000,3354.2000,3360.0000,3360.2000,3360.4000,3360.6000,3361.0000,1,1,1,1,1,2,1,3,1,1
SF,IH2008,2020-07-14 09:32:48.100,3360.2000,10655,0,558769020.000,0,-,-,-,-,3359.4000,3359.2000,3359.0000,3358.2000,3358.0000,3360.0000,3360.2000,3360.4000,3360.6000,3361.0000,1,1,1,1,1,2,1,3,1,1
SF,IH2008,2020-07-14 09:32:48.600,3359.4000,10654,-1,559776840.000,1,0,1,双平,S,3359.0000,3358.2000,3358.0000,3355.0000,3354.2000,3359.4000,3360.0000,3360.2000,3360.4000,3360.6000,1,1,1,1,1,2,2,1,3,1
SF,IH2008,2020-07-14 09:32:49.100,3359.0000,10653,-1,560784540.000,1,0,1,双平,S,3358.2000,3358.0000,3355.0000,3354.2000,3353.8000,3359.0000,3359.4000,3360.0000,3360.2000,3360.4000,1,1,1,1,2,1,2,2,1,3
SF,IH2008,2020-07-14 09:32:49.600,3359.0000,10654,1,562799700.000,2,1,1,空开,S,3358.0000,3355.0000,3354.2000,3353.8000,3353.0000,3359.4000,3360.0000,3360.2000,3360.4000,3360.6000,1,1,1,2,1,1,2,1,3,1
SF,IH2008,2020-07-14 09:32:50.100,3359.0000,10654,0,562799700.000,0,-,-,-,-,3358.0000,3355.0000,3354.2000,3353.8000,3353.0000,3359.4000,3360.0000,3360.2000,3360.4000,3360.6000,1,1,1,2,1,1,2,1,3,1
SF,IH2008,2020-07-14 09:32:50.600,3360.0000,10648,-6,573885840.000,11,2,9,多平,S,3360.0000,3355.0000,3354.2000,3353.8000,3353.0000,3360.2000,3360.4000,3361.0000,3362.0000,3362.6000,10,1,1,2,1,1,3,1,1,1
SF,IH2008,2020-07-14 09:32:51.100,3360.0000,10638,-10,583965840.000,10,0,10,双平,S,3355.0000,3354.2000,3353.8000,3353.0000,3351.2000,3359.0000,3359.2000,3360.0000,3360.2000,3360.4000,1,1,2,1,1,4,1,1,2,3
SF,IH2008,2020-07-14 09:32:51.600,3359.2000,10636,-2,590011020.000,6,2,4,多平,S,3355.4000,3355.2000,3355.0000,3354.2000,3353.8000,3360.0000,3360.2000,3360.4000,3361.0000,3362.0000,2,2,1,1,2,1,2,3,1,1
SF,IH2008,2020-07-14 09:32:52.100,3359.2000,10636,0,590011020.000,0,-,-,-,-,3355.8000,3355.6000,3355.4000,3355.2000,3355.0000,3358.6000,3359.6000,3359.8000,3360.0000,3360.2000,1,1,1,1,1,1,1,3,1,1
SF,IH2008,2020-07-14 09:32:52.600,3358.6000,10636,0,591018600.000,1,0,1,多换,S,3356.0000,3355.8000,3355.4000,3355.2000,3355.0000,3359.6000,3359.8000,3360.0000,3360.4000,3362.0000,1,3,1,1,1,2,3,1,1,1
SF,IH2008,2020-07-14 09:32:53.100,3358.6000,10636,0,591018600.000,0,-,-,-,-,3356.0000,3355.4000,3355.2000,3355.0000,3353.8000,3359.4000,3359.6000,3359.8000,3360.0000,3360.4000,1,1,1,1,2,2,2,3,1,1
SF,IH2008,2020-07-14 09:32:53.600,3358.6000,10636,0,591018600.000,0,-,-,-,-,3356.0000,3355.4000,3355.2000,3355.0000,3353.8000,3359.0000,3359.2000,3359.4000,3359.6000,3359.8000,1,1,1,1,2,1,1,2,2,3
SF,IH2008,2020-07-14 09:32:54.100,3358.6000,10636,0,591018600.000,0,-,-,-,-,3356.0000,3355.4000,3355.2000,3355.0000,3353.8000,3358.8000,3359.0000,3359.2000,3359.4000,3359.6000,1,1,1,1,2,2,1,1,1,2
SF,IH2008,2020-07-14 09:32:54.600,3356.0000,10636,0,592025400.000,1,0,1,多换,S,3355.4000,3355.2000,3355.0000,3353.8000,3353.0000,3358.8000,3359.0000,3359.4000,3359.6000,3359.8000,1,1,1,2,1,2,1,1,2,3
SF,IH2008,2020-07-14 09:32:55.100,3356.0000,10636,0,592025400.000,0,-,-,-,-,3355.6000,3355.4000,3355.2000,3355.0000,3353.8000,3358.4000,3358.8000,3359.0000,3359.4000,3359.6000,1,1,1,1,2,1,2,1,1,1
SF,IH2008,2020-07-14 09:32:55.600,3358.8000,10636,0,597063060.000,5,2,3,多换,S,3355.6000,3355.4000,3355.2000,3355.0000,3353.8000,3359.0000,3359.4000,3359.6000,3359.8000,3360.0000,1,1,1,1,2,1,1,1,2,3
SF,IH2008,2020-07-14 09:32:56.100,3359.0000,10635,-1,602101320.000,5,2,3,多平,S,3359.0000,3355.8000,3355.6000,3355.0000,3353.8000,3359.4000,3359.6000,3359.8000,3360.0000,3360.4000,10,1,1,1,2,1,1,2,3,1
SF,IH2008,2020-07-14 09:32:56.600,3359.0000,10630,-5,611170620.000,9,2,7,多平,S,3359.0000,3355.0000,3353.8000,3353.6000,3353.0000,3359.4000,3359.8000,3360.4000,3362.0000,3363.0000,2,1,2,1,1,1,2,1,1,5
SF,IH2008,2020-07-14 09:32:57.100,3359.0000,10630,0,613186020.000,2,1,1,多换,S,3355.0000,3353.8000,3353.6000,3353.0000,3351.6000,3359.0000,3359.2000,3359.4000,3359.8000,3360.4000,1,2,1,1,5,3,3,1,2,1
SF,IH2008,2020-07-14 09:32:57.600,3359.0000,10630,0,613186020.000,0,-,-,-,-,3355.2000,3355.0000,3353.8000,3353.6000,3353.0000,3358.0000,3358.8000,3359.0000,3359.2000,3359.4000,2,1,2,1,1,1,2,3,2,1
SF,IH2008,2020-07-14 09:32:58.100,3355.2000,10630,0,614192580.000,1,0,1,多换,S,3356.0000,3355.4000,3355.2000,3355.0000,3353.8000,3358.8000,3359.0000,3359.2000,3359.4000,3359.8000,1,1,1,1,2,6,2,1,1,1
SF,IH2008,2020-07-14 09:32:58.600,3355.8000,10630,0,615199320.000,1,0,1,多换,S,3356.2000,3355.2000,3355.0000,3353.8000,3353.6000,3358.6000,3358.8000,3359.0000,3359.4000,3359.8000,1,1,1,2,1,1,7,2,1,1
SF,IH2008,2020-07-14 09:32:59.100,3355.8000,10630,0,615199320.000,0,-,-,-,-,3355.0000,3353.8000,3353.6000,3353.0000,3351.6000,3358.4000,3358.6000,3358.8000,3359.0000,3359.4000,1,2,1,1,5,2,1,5,2,1
SF,IH2008,2020-07-14 09:32:59.600,3355.8000,10630,0,615199320.000,0,-,-,-,-,3355.4000,3355.2000,3355.0000,3353.8000,3353.6000,3358.2000,3358.4000,3358.8000,3359.0000,3359.4000,1,1,1,2,1,1,2,5,2,1
SF,IH2008,2020-07-14 09:33:00.100,3355.4000,10629,-1,616205940.000,1,0,1,双平,S,3355.6000,3355.0000,3353.8000,3353.6000,3353.0000,3357.4000,3358.4000,3358.8000,3359.0000,3359.4000,1,1,2,1,1,1,2,6,2,1
SF,IH2008,2020-07-14 09:33:00.600,3355.4000,10629,0,616205940.000,0,-,-,-,-,3355.8000,3355.6000,3355.0000,3353.8000,3353.6000,3357.2000,3358.4000,3358.8000,3359.0000,3359.4000,1,1,1,2,1,1,1,5,2,1
SF,IH2008,2020-07-14 09:33:01.100,3355.6000,10629,0,617212620.000,1,0,1,多换,S,3355.6000,3355.0000,3353.8000,3353.6000,3353.0000,3357.0000,3357.6000,3358.4000,3358.8000,3359.0000,1,1,2,1,1,1,1,1,4,2
SF,IH2008,2020-07-14 09:33:01.600,3355.6000,10629,0,617212620.000,0,-,-,-,-,3355.0000,3354.6000,3353.8000,3353.6000,3353.0000,3356.8000,3357.6000,3358.0000,3358.4000,3358.8000,1,1,2,1,1,1,1,1,1,4
SF,IH2008,2020-07-14 09:33:02.100,3355.6000,10629,0,617212620.000,0,-,-,-,-,3355.2000,3355.0000,3354.6000,3353.8000,3353.6000,3356.6000,3358.0000,3358.2000,3358.4000,3358.8000,1,1,1,2,1,2,1,1,1,4
SF,IH2008,2020-07-14 09:33:02.600,3355.6000,10629,0,617212620.000,0,-,-,-,-,3355.2000,3355.0000,3354.6000,3353.8000,3353.6000,3356.6000,3358.0000,3358.2000,3358.4000,3358.8000,1,1,1,2,1,2,1,1,1,4
SF,IH2008,2020-07-14 09:33:03.100,3355.6000,10629,0,617212620.000,0,-,-,-,-,3355.0000,3354.6000,3353.8000,3353.6000,3353.0000,3355.2000,3356.4000,3356.6000,3357.0000,3358.0000,1,1,2,1,1,1,4,2,1,1
SF,IH2008,2020-07-14 09:33:03.600,3355.0000,10628,-1,619225680.000,2,0,2,多平,S,3356.0000,3355.4000,3354.6000,3353.8000,3353.6000,3356.4000,3356.6000,3357.0000,3357.8000,3358.0000,1,1,1,2,1,4,1,1,1,1
SF,IH2008,2020-07-14 09:33:04.100,3356.0000,10629,1,621239280.000,2,1,1,空开,S,3355.4000,3355.0000,3354.6000,3353.8000,3353.6000,3356.0000,3356.2000,3356.4000,3356.6000,3357.0000,1,1,1,2,1,1,1,4,1,1
SF,IH2008,2020-07-14 09:33:04.600,3355.4000,10629,0,622245900.000,1,0,1,多换,S,3355.0000,3354.6000,3353.8000,3353.6000,3353.0000,3355.4000,3355.8000,3356.0000,3356.4000,3356.6000,1,1,2,1,1,1,2,1,4,1
SF,IH2008,2020-07-14 09:33:05.100,3355.0000,10630,1,623252400.000,1,1,0,双开,S,3354.6000,3353.8000,3353.6000,3353.0000,3352.8000,3355.0000,3355.2000,3355.8000,3356.4000,3356.6000,1,2,1,1,1,1,1,1,4,1
SF,IH2008,2020-07-14 09:33:05.600,3354.6000,10629,-1,625265280.000,2,0,2,多平,S,3353.8000,3353.6000,3353.0000,3352.8000,3351.2000,3354.8000,3355.0000,3355.8000,3356.4000,3356.6000,2,1,1,1,1,1,1,1,4,1
SF,IH2008,2020-07-14 09:33:06.100,3353.8000,10631,2,627277560.000,2,2,0,双开,S,3353.6000,3353.0000,3352.8000,3351.2000,3350.0000,3353.8000,3354.6000,3355.8000,3356.4000,3356.6000,1,1,1,1,1,1,1,1,4,1
SF,IH2008,2020-07-14 09:33:06.600,3353.8000,10631,0,628283700.000,1,0,1,多换,S,3354.4000,3353.8000,3353.6000,3353.0000,3352.8000,3355.8000,3356.4000,3356.6000,3357.8000,3358.0000,4,2,1,1,1,1,4,1,1,1
SF,IH2008,2020-07-14 09:33:07.100,3354.4000,10632,1,630296340.000,2,1,1,空开,S,3354.4000,3353.8000,3353.6000,3353.4000,3353.0000,3354.8000,3355.6000,3356.4000,3356.6000,3357.8000,2,1,1,1,1,1,1,4,1,1
SF,IH2008,2020-07-14 09:33:07.600,3354.4000,10632,0,633315300.000,3,1,2,多换,S,3353.8000,3353.6000,3353.4000,3353.0000,3352.8000,3354.4000,3354.6000,3355.4000,3356.4000,3356.6000,1,1,1,1,1,1,1,1,4,1
SF,IH2008,2020-07-14 09:33:08.100,3354.4000,10632,0,636334260.000,3,1,2,多换,S,3355.0000,3353.6000,3353.4000,3353.0000,3352.8000,3356.4000,3356.6000,3357.8000,3358.0000,3358.4000,18,1,1,1,1,4,1,1,1,1
SF,IH2008,2020-07-14 09:33:08.600,3355.0000,10630,-2,638347260.000,2,0,2,双平,S,3355.0000,3353.6000,3353.4000,3353.0000,3352.8000,3356.2000,3356.4000,3356.6000,3357.8000,3358.0000,16,1,1,1,1,1,4,1,1,1
SF,IH2008,2020-07-14 09:33:09.100,3355.0000,10630,0,638347260.000,0,-,-,-,-,3355.0000,3354.8000,3353.6000,3353.4000,3353.0000,3356.2000,3356.4000,3356.6000,3357.8000,3358.0000,16,1,1,1,1,1,4,1,1,1
SF,IH2008,2020-07-14 09:33:09.600,3355.0000,10629,-1,639353760.000,1,0,1,双平,S,3355.0000,3354.8000,3353.6000,3353.4000,3353.0000,3355.2000,3356.0000,3356.2000,3356.4000,3356.6000,15,1,1,1,1,1,1,1,4,2
SF,IH2008,2020-07-14 09:33:10.100,3355.0000,10622,-7,646399260.000,7,0,7,双平,S,3355.0000,3354.8000,3353.6000,3353.4000,3353.0000,3355.2000,3356.0000,3356.2000,3356.4000,3356.6000,8,1,1,1,1,1,1,1,4,2
SF,IH2008,2020-07-14 09:33:10.600,3355.0000,10614,-8,654451260.000,8,0,8,双平,S,3354.8000,3353.6000,3353.4000,3353.0000,3352.8000,3355.2000,3356.0000,3356.4000,3356.6000,3357.8000,1,1,1,1,1,1,1,4,1,1
SF,IH2008,2020-07-14 09:33:11.100,3354.8000,10614,0,655457700.000,1,0,1,多换,S,3353.6000,3353.4000,3353.0000,3352.8000,3351.2000,3354.8000,3355.0000,3355.2000,3356.4000,3356.6000,1,1,1,2,1,2,2,2,4,1
SF,IH2008,2020-07-14 09:33:11.600,3353.6000,10615,1,658476660.000,3,2,1,空开,S,3353.4000,3353.0000,3352.8000,3352.4000,3351.2000,3353.6000,3355.0000,3355.2000,3356.4000,3356.6000,1,1,2,1,1,1,3,1,4,1
SF,IH2008,2020-07-14 09:33:12.100,3353.6000,10616,1,660488820.000,2,1,1,空开,S,3353.6000,3353.0000,3352.8000,3352.4000,3351.8000,3354.4000,3355.0000,3355.2000,3355.8000,3356.4000,1,1,2,1,1,1,3,1,1,4
SF,IH2008,2020-07-14 09:33:12.600,3353.6000,10616,0,660488820.000,0,-,-,-,-,3353.0000,3352.8000,3352.4000,3351.8000,3351.2000,3354.2000,3354.4000,3355.0000,3355.8000,3356.4000,1,2,1,1,1,1,1,2,1,4
SF,IH2008,2020-07-14 09:33:13.100,3355.0000,10617,1,665520240.000,5,3,2,空开,S,3355.2000,3352.8000,3352.4000,3351.8000,3351.2000,3355.8000,3356.4000,3356.6000,3358.0000,3358.4000,17,2,1,1,2,1,4,1,1,1
SF,IH2008,2020-07-14 09:33:13.600,3355.2000,10602,-15,682631700.000,17,1,16,多平,S,3352.8000,3351.2000,3350.0000,3349.8000,3347.8000,3355.4000,3355.6000,3355.8000,3356.4000,3356.6000,1,1,1,1,1,1,1,1,4,1
SF,IH2008,2020-07-14 09:33:14.100,3352.8000,10603,1,684643440.000,2,1,1,空开,S,3352.4000,3351.2000,3350.0000,3349.8000,3347.8000,3355.6000,3356.4000,3356.6000,3358.0000,3358.4000,1,1,1,1,1,1,4,1,1,1
SF,IH2008,2020-07-14 09:33:14.600,3352.8000,10604,1,685649280.000,1,1,0,双开,S,3352.6000,3352.4000,3351.2000,3350.0000,3349.8000,3355.2000,3355.4000,3356.4000,3356.6000,3358.0000,2,1,1,1,1,1,3,4,1,1
SF,IH2008,2020-07-14 09:33:15.100,3354.4000,10604,0,687661440.000,2,1,1,多换,S,3352.6000,3352.4000,3351.2000,3350.0000,3349.8000,3355.0000,3355.2000,3355.4000,3356.4000,3356.6000,3,1,1,1,1,2,2,1,4,1
SF,IH2008,2020-07-14 09:33:15.600,3352.6000,10604,0,688667220.000,1,0,1,多换,S,3352.6000,3352.4000,3351.2000,3350.0000,3349.8000,3353.4000,3355.0000,3355.2000,3355.4000,3356.4000,2,1,1,1,1,1,2,1,1,4
SF,IH2008,2020-07-14 09:33:16.100,3353.4000,10604,0,689673240.000,1,0,1,多换,S,3352.8000,3352.6000,3352.4000,3351.2000,3350.0000,3354.4000,3354.6000,3355.0000,3356.6000,3358.0000,1,2,1,1,1,1,1,3,1,1
SF,IH2008,2020-07-14 09:33:16.600,3353.0000,10605,1,691685040.000,2,1,1,空开,S,3352.6000,3352.4000,3351.2000,3350.0000,3349.8000,3352.8000,3354.2000,3354.4000,3354.6000,3355.0000,1,1,1,1,1,1,1,1,1,3
SF,IH2008,2020-07-14 09:33:17.100,3352.6000,10605,0,694702560.000,3,1,2,多换,S,3353.0000,3352.4000,3351.2000,3350.0000,3349.8000,3353.4000,3354.6000,3355.0000,3355.6000,3356.6000,1,1,1,1,1,1,1,3,1,1
SF,IH2008,2020-07-14 09:33:17.600,3353.0000,10605,0,697720380.000,3,1,2,多换,S,3353.0000,3352.4000,3351.2000,3350.0000,3349.8000,3354.0000,3354.6000,3355.0000,3355.6000,3356.6000,3,1,1,1,1,1,1,3,1,1
SF,IH2008,2020-07-14 09:33:18.100,3353.0000,10605,0,700738080.000,3,1,2,多换,S,3352.4000,3351.2000,3350.0000,3349.8000,3347.8000,3353.0000,3353.8000,3354.0000,3354.6000,3355.0000,1,1,1,1,1,1,2,1,1,2
SF,IH2008,2020-07-14 09:33:18.600,3355.0000,10591,-14,722877780.000,22,4,18,多平,S,3351.2000,3350.0000,3349.8000,3347.8000,3347.6000,3353.8000,3355.6000,3355.8000,3356.6000,3358.0000,1,1,1,1,1,3,1,1,1,1
SF,IH2008,2020-07-14 09:33:19.100,3355.0000,10591,0,722877780.000,0,-,-,-,-,3352.6000,3351.4000,3351.2000,3350.0000,3349.8000,3353.0000,3353.6000,3353.8000,3355.8000,3356.6000,1,2,1,1,1,1,1,3,1,1
SF,IH2008,2020-07-14 09:33:19.600,3355.0000,10591,0,722877780.000,0,-,-,-,-,3352.6000,3351.4000,3351.2000,3350.0000,3349.8000,3352.8000,3353.0000,3353.6000,3353.8000,3354.2000,1,2,1,1,1,1,1,1,3,1
SF,IH2008,2020-07-14 09:33:20.100,3352.6000,10591,0,725895300.000,3,1,2,多换,S,3351.4000,3351.2000,3350.0000,3349.8000,3347.8000,3352.6000,3353.6000,3353.8000,3354.2000,3354.8000,2,1,1,1,1,11,1,3,1,1
SF,IH2008,2020-07-14 09:33:20.600,3352.6000,10591,0,726901080.000,1,0,1,多换,S,3351.4000,3351.2000,3350.0000,3349.8000,3347.8000,3351.8000,3352.6000,3353.8000,3354.2000,3354.8000,2,1,1,1,1,1,13,3,1,1
SF,IH2008,2020-07-14 09:33:21.100,3351.4000,10591,0,728912040.000,2,1,1,多换,S,3351.2000,3350.0000,3349.8000,3347.8000,3347.6000,3351.4000,3352.6000,3352.8000,3353.8000,3354.2000,1,1,1,1,1,1,12,1,3,1
SF,IH2008,2020-07-14 09:33:21.600,3351.4000,10591,0,729917460.000,1,0,1,多换,S,3351.2000,3350.0000,3349.8000,3347.8000,3347.6000,3351.4000,3352.6000,3352.8000,3353.8000,3354.2000,1,1,1,1,1,1,12,1,3,1
SF,IH2008,2020-07-14 09:33:22.100,3351.4000,10591,0,731928240.000,2,1,1,多换,S,3350.0000,3349.8000,3347.6000,3345.8000,3345.0000,3351.2000,3351.4000,3351.6000,3352.6000,3353.8000,1,1,1,1,2,1,3,1,13,3
SF,IH2008,2020-07-14 09:33:22.600,3351.2000,10590,-1,732933600.000,1,0,1,双平,S,3350.0000,3349.8000,3347.6000,3345.8000,3345.0000,3351.2000,3351.4000,3351.6000,3352.6000,3353.8000,1,1,1,1,2,1,3,1,14,3
SF,IH2008,2020-07-14 09:33:23.100,3352.6000,10577,-13,753046620.000,20,3,17,多平,S,3352.8000,3349.8000,3347.6000,3345.8000,3345.0000,3353.8000,3354.4000,3355.0000,3355.4000,3356.6000,1,1,1,1,2,4,1,1,5,1
SF,IH2008,2020-07-14 09:33:23.600,3349.8000,10575,-2,755057340.000,2,0,2,双平,S,3347.6000,3345.8000,3345.0000,3340.8000,3340.2000,3351.4000,3352.8000,3353.0000,3353.4000,3353.6000,1,1,2,1,6,1,4,2,1,1
SF,IH2008,2020-07-14 09:33:24.100,3349.8000,10575,0,755057340.000,0,-,-,-,-,3348.2000,3347.8000,3347.6000,3345.8000,3345.0000,3349.2000,3349.8000,3351.2000,3351.4000,3352.4000,2,2,2,1,2,1,1,1,1,1
SF,IH2008,2020-07-14 09:33:24.600,3349.4000,10573,-2,758072040.000,3,0,3,多平,S,3349.4000,3349.2000,3347.8000,3347.6000,3345.8000,3350.0000,3351.4000,3352.4000,3352.6000,3352.8000,1,1,1,2,1,1,1,1,2,3
SF,IH2008,2020-07-14 09:33:25.100,3349.4000,10573,0,759076860.000,1,0,1,多换,S,3349.0000,3347.6000,3345.8000,3345.0000,3340.8000,3349.4000,3350.0000,3351.2000,3351.4000,3351.8000,1,2,1,2,1,1,1,1,1,1
SF,IH2008,2020-07-14 09:33:25.600,3349.0000,10571,-2,761086380.000,2,0,2,双平,S,3347.6000,3345.8000,3345.0000,3340.8000,3340.2000,3349.2000,3349.4000,3351.2000,3351.4000,3351.8000,1,1,2,1,6,1,2,1,2,1
SF,IH2008,2020-07-14 09:33:26.100,3349.0000,10571,0,761086380.000,0,-,-,-,-,3347.8000,3347.6000,3345.8000,3345.0000,3340.8000,3348.2000,3349.0000,3349.4000,3350.0000,3351.2000,3,1,1,2,1,1,1,2,1,1
SF,IH2008,2020-07-14 09:33:26.600,3348.8000,10570,-1,763095480.000,2,0,2,多平,S,3348.8000,3347.8000,3347.6000,3345.8000,3345.0000,3349.0000,3350.0000,3350.8000,3351.2000,3351.4000,1,1,1,1,2,1,1,1,1,2
SF,IH2008,2020-07-14 09:33:27.100,3348.8000,10569,-1,764100120.000,1,0,1,双平,S,3347.8000,3347.6000,3345.8000,3345.0000,3340.8000,3348.6000,3348.8000,3349.0000,3350.0000,3350.8000,1,1,1,2,1,2,1,1,1,1
SF,IH2008,2020-07-14 09:33:27.600,3347.8000,10567,-2,768118260.000,4,1,3,多平,S,3347.6000,3345.8000,3345.0000,3341.2000,3340.8000,3348.8000,3350.8000,3351.0000,3351.2000,3351.4000,1,1,2,2,1,1,1,1,1,2
SF,IH2008,2020-07-14 09:33:28.100,3348.8000,10566,-1,771132180.000,3,1,2,多平,S,3347.8000,3347.6000,3345.8000,3345.0000,3341.2000,3350.8000,3351.0000,3351.2000,3351.4000,3352.2000,1,1,1,2,2,2,1,1,2,1
SF,IH2008,2020-07-14 09:33:28.600,3348.0000,10566,0,772136580.000,1,0,1,多换,S,3349.4000,3348.0000,3347.6000,3345.8000,3345.0000,3350.6000,3350.8000,3351.0000,3351.2000,3351.4000,20,2,1,1,2,3,3,1,1,2
SF,IH2008,2020-07-14 09:33:29.100,3349.4000,10566,0,776156580.000,4,2,2,多换,S,3349.4000,3348.4000,3347.6000,3345.8000,3345.0000,3350.8000,3351.0000,3351.4000,3352.2000,3352.4000,19,1,1,1,2,2,1,1,1,1
SF,IH2008,2020-07-14 09:33:29.600,3351.0000,10564,-2,779172360.000,3,0,3,多平,S,3351.0000,3349.6000,3349.4000,3348.4000,3347.6000,3351.4000,3352.4000,3352.8000,3353.0000,3353.4000,1,2,19,1,1,1,1,1,1,1
SF,IH2008,2020-07-14 09:33:30.100,3351.4000,10564,0,780177780.000,1,0,1,多换,S,3351.4000,3349.4000,3348.4000,3347.6000,3345.8000,3352.0000,3352.8000,3353.4000,3353.8000,3355.0000,1,19,1,1,1,1,1,1,1,1
SF,IH2008,2020-07-14 09:33:30.600,3352.0000,10563,-1,782188980.000,2,0,2,多平,S,3351.6000,3350.6000,3349.4000,3348.4000,3347.6000,3353.4000,3353.8000,3355.0000,3356.6000,3356.8000,1,1,19,1,1,1,1,1,1,1
SF,IH2008,2020-07-14 09:33:31.100,3352.0000,10563,0,782188980.000,0,-,-,-,-,3351.8000,3350.6000,3349.8000,3349.4000,3347.6000,3353.4000,3356.6000,3356.8000,3357.8000,3358.0000,2,1,1,19,1,1,1,1,1,1
SF,IH2008,2020-07-14 09:33:31.600,3351.8000,10561,-2,784200540.000,2,0,2,双平,S,3351.8000,3350.6000,3349.8000,3349.4000,3347.6000,3353.2000,3355.4000,3356.6000,3356.8000,3357.8000,1,1,1,19,1,1,1,1,1,1
SF,IH2008,2020-07-14 09:33:32.100,3351.8000,10561,0,784200540.000,0,-,-,-,-,3352.2000,3352.0000,3350.6000,3349.4000,3347.6000,3353.2000,3355.4000,3356.6000,3356.8000,3357.6000,1,2,2,19,1,1,1,1,1,1
SF,IH2008,2020-07-14 09:33:32.600,3352.2000,10562,1,788223600.000,4,2,2,空开,S,3350.6000,3349.4000,3347.6000,3345.8000,3345.0000,3355.4000,3356.8000,3357.6000,3357.8000,3358.0000,2,19,1,1,2,1,1,1,2,1
SF,IH2008,2020-07-14 09:33:33.100,3352.2000,10562,0,788223600.000,0,-,-,-,-,3351.0000,3350.8000,3350.6000,3350.0000,3349.4000,3353.2000,3355.0000,3355.2000,3355.4000,3356.8000,2,1,2,1,19,1,2,1,4,1
SF,IH2008,2020-07-14 09:33:33.600,3353.2000,10562,0,789229560.000,1,0,1,多换,S,3351.4000,3351.2000,3350.6000,3350.0000,3349.4000,3352.2000,3353.2000,3355.0000,3355.4000,3356.8000,20,3,1,1,19,1,1,2,3,1
SF,IH2008,2020-07-14 09:33:34.100,3352.2000,10562,0,790235220.000,1,0,1,多换,S,3352.2000,3351.6000,3351.4000,3351.2000,3350.6000,3355.0000,3355.4000,3356.8000,3357.6000,3357.8000,2,1,20,2,1,2,3,1,1,2
SF,IH2008,2020-07-14 09:33:34.600,3352.2000,10562,0,791240880.000,1,0,1,多换,S,3351.4000,3351.2000,3350.6000,3349.4000,3347.6000,3352.2000,3353.0000,3354.8000,3355.0000,3355.4000,20,2,1,19,1,2,1,3,1,2
SF,IH2008,2020-07-14 09:33:35.100,3352.2000,10561,-1,794257860.000,3,1,2,多平,S,3351.6000,3351.4000,3351.2000,3350.6000,3349.4000,3354.2000,3354.8000,3355.0000,3355.4000,3356.8000,1,20,2,1,19,1,2,1,2,1
SF,IH2008,2020-07-14 09:33:35.600,3352.2000,10561,0,794257860.000,0,-,-,-,-,3352.0000,3351.8000,3351.6000,3351.4000,3350.6000,3354.2000,3354.8000,3355.0000,3355.4000,3355.6000,1,1,1,20,1,1,2,1,2,1
SF,IH2008,2020-07-14 09:33:36.100,3351.4000,10542,-19,815372040.000,21,1,20,多平,S,3351.4000,3350.6000,3349.4000,3347.6000,3345.8000,3352.0000,3353.2000,3354.0000,3355.0000,3355.4000,2,1,19,1,1,1,1,1,1,2
SF,IH2008,2020-07-14 09:33:36.600,3352.0000,10542,0,819394080.000,4,2,2,多换,S,3350.6000,3349.4000,3347.6000,3345.8000,3345.0000,3353.2000,3354.0000,3355.0000,3355.4000,3355.6000,1,19,1,1,2,1,1,1,2,1
SF,IH2008,2020-07-14 09:33:37.100,3350.6000,10542,0,820399260.000,1,0,1,多换,S,3349.4000,3347.6000,3345.8000,3345.0000,3341.2000,3351.6000,3353.0000,3353.2000,3355.0000,3355.4000,19,1,1,2,2,1,1,1,1,2
SF,IH2008,2020-07-14 09:33:37.600,3350.6000,10542,0,820399260.000,0,-,-,-,-,3349.6000,3349.4000,3347.6000,3345.8000,3345.0000,3351.6000,3352.0000,3355.0000,3355.4000,3355.6000,1,19,1,1,2,1,1,1,2,1
SF,IH2008,2020-07-14 09:33:38.100,3349.8000,10542,0,821404200.000,1,0,1,多换,S,3349.6000,3349.4000,3347.6000,3345.8000,3345.0000,3351.4000,3351.6000,3352.6000,3355.0000,3355.4000,1,19,1,1,2,1,1,1,1,2
SF,IH2008,2020-07-14 09:33:38.600,3349.8000,10542,0,821404200.000,0,-,-,-,-,3349.4000,3347.6000,3345.8000,3345.0000,3341.2000,3351.2000,3351.6000,3353.0000,3354.4000,3355.0000,19,1,1,2,2,2,2,1,1,1
SF,IH2008,2020-07-14 09:33:39.100,3349.4000,10542,0,824418660.000,3,1,2,多换,S,3349.4000,3347.6000,3345.8000,3345.0000,3341.2000,3350.6000,3351.2000,3351.6000,3353.0000,3353.8000,16,1,1,2,2,1,2,2,1,1
SF,IH2008,2020-07-14 09:33:39.600,3350.4000,10540,-2,827433420.000,3,0,3,多平,S,3349.4000,3347.6000,3345.8000,3345.0000,3341.2000,3350.4000,3350.6000,3351.2000,3351.6000,3353.0000,14,1,1,2,2,1,1,1,2,1
SF,IH2008,2020-07-14 09:33:40.100,3349.4000,10539,-1,830448240.000,3,1,2,多平,S,3349.4000,3347.6000,3345.8000,3345.0000,3341.2000,3351.2000,3351.6000,3353.0000,3353.8000,3354.4000,12,2,1,2,2,1,2,1,2,1
SF,IH2008,2020-07-14 09:33:40.600,3349.4000,10539,0,830448240.000,0,-,-,-,-,3349.6000,3349.4000,3347.6000,3345.8000,3345.0000,3351.0000,3351.2000,3351.6000,3353.0000,3353.8000,1,12,2,1,2,1,1,2,1,4
SF,IH2008,2020-07-14 09:33:41.100,3349.4000,10539,0,830448240.000,0,-,-,-,-,3349.8000,3349.4000,3347.6000,3345.8000,3345.0000,3350.8000,3351.6000,3352.4000,3353.0000,3353.8000,2,12,1,1,2,4,1,1,1,4
SF,IH2008,2020-07-14 09:33:41.600,3350.8000,10539,0,835474440.000,5,2,3,多换,S,3349.4000,3349.2000,3347.6000,3345.8000,3345.0000,3351.4000,3351.6000,3353.8000,3354.4000,3355.0000,12,1,1,1,2,1,1,4,1,1
SF,IH2008,2020-07-14 09:33:42.100,3349.6000,10523,-16,856578600.000,21,2,19,多平,S,3349.4000,3347.6000,3345.8000,3345.0000,3341.2000,3349.6000,3353.8000,3355.0000,3355.4000,3356.8000,12,1,1,2,2,1,4,1,1,1
SF,IH2008,2020-07-14 09:33:42.600,3349.6000,10522,-1,857583480.000,1,0,1,双平,S,3349.6000,3349.4000,3347.6000,3345.8000,3345.0000,3349.8000,3353.8000,3355.0000,3355.4000,3356.8000,1,12,1,1,2,1,4,1,1,1
SF,IH2008,2020-07-14 09:33:43.100,3349.8000,10522,0,859593360.000,2,1,1,多换,S,3349.8000,3349.6000,3349.4000,3347.6000,3345.8000,3353.8000,3355.0000,3355.4000,3356.8000,3357.8000,2,1,12,1,1,4,1,1,1,1
SF,IH2008,2020-07-14 09:33:43.600,3349.8000,10522,0,859593360.000,0,-,-,-,-,3350.0000,3349.8000,3349.6000,3349.4000,3347.6000,3353.4000,3353.6000,3353.8000,3355.0000,3355.4000,9,3,1,12,1,3,1,3,1,1
SF,IH2008,2020-07-14 09:33:44.100,3353.2000,10521,-1,860599320.000,1,0,1,双平,S,3350.4000,3350.2000,3350.0000,3349.8000,3349.6000,3353.4000,3353.8000,3355.0000,3355.4000,3356.8000,1,3,9,2,1,3,3,1,1,1
SF,IH2008,2020-07-14 09:33:44.600,3353.2000,10521,0,860599320.000,0,-,-,-,-,3350.6000,3350.4000,3350.2000,3350.0000,3349.8000,3353.4000,3353.8000,3355.0000,3356.6000,3356.8000,4,1,4,6,2,2,3,1,1,1
SF,IH2008,2020-07-14 09:33:45.100,3351.6000,10520,-1,863616840.000,3,1,2,多平,S,3351.0000,3350.8000,3350.6000,3350.2000,3350.0000,3353.8000,3356.6000,3356.8000,3357.8000,3358.0000,1,1,6,3,4,3,1,1,1,1
SF,IH2008,2020-07-14 09:33:45.600,3353.8000,10517,-3,866635260.000,3,0,3,双平,S,3351.4000,3351.2000,3351.0000,3350.6000,3350.2000,3353.6000,3356.8000,3357.8000,3358.0000,3358.8000,1,2,3,4,3,1,1,1,1,1
SF,IH2008,2020-07-14 09:33:46.100,3353.8000,10517,0,866635260.000,0,-,-,-,-,3351.6000,3351.4000,3351.2000,3351.0000,3350.6000,3356.8000,3357.8000,3358.0000,3358.8000,3363.0000,2,3,1,2,4,1,1,1,1,5
SF,IH2008,2020-07-14 09:33:46.600,3350.6000,10503,-14,886742520.000,20,3,17,多平,S,3350.2000,3350.0000,3349.8000,3349.4000,3348.6000,3355.8000,3356.2000,3356.6000,3356.8000,3357.4000,3,4,1,12,1,1,1,3,1,1
SF,IH2008,2020-07-14 09:33:47.100,3352.0000,10502,-1,887748120.000,1,0,1,双平,S,3351.6000,3350.6000,3350.4000,3350.2000,3350.0000,3355.0000,3355.6000,3355.8000,3356.2000,3356.8000,1,1,4,3,4,1,4,2,2,1
SF,IH2008,2020-07-14 09:33:47.600,3354.8000,10502,0,888754560.000,1,0,1,多换,S,3351.8000,3351.6000,3351.0000,3350.6000,3350.4000,3355.0000,3355.6000,3355.8000,3356.2000,3356.8000,1,2,1,2,3,1,3,1,2,1
SF,IH2008,2020-07-14 09:33:48.100,3354.8000,10502,0,888754560.000,0,-,-,-,-,3352.0000,3351.8000,3351.6000,3350.8000,3350.6000,3354.2000,3354.8000,3355.0000,3355.8000,3356.2000,1,1,1,1,2,1,3,1,1,2
SF,IH2008,2020-07-14 09:33:48.600,3354.8000,10502,0,888754560.000,0,-,-,-,-,3352.4000,3352.2000,3352.0000,3351.6000,3351.2000,3354.2000,3354.8000,3355.8000,3356.2000,3356.8000,1,1,1,1,1,2,3,1,2,1
SF,IH2008,2020-07-14 09:33:49.100,3354.8000,10502,0,888754560.000,0,-,-,-,-,3352.4000,3352.2000,3352.0000,3351.0000,3350.8000,3354.0000,3354.2000,3355.8000,3356.2000,3356.8000,1,1,1,1,1,3,2,1,2,1
SF,IH2008,2020-07-14 09:33:49.600,3352.0000,10499,-3,891771540.000,3,0,3,双平,S,3351.0000,3350.8000,3350.6000,3350.4000,3350.2000,3353.8000,3354.0000,3354.2000,3355.8000,3356.2000,1,2,1,3,2,1,3,2,1,2
SF,IH2008,2020-07-14 09:33:50.100,3352.0000,10499,0,891771540.000,0,-,-,-,-,3351.2000,3351.0000,3350.8000,3350.4000,3350.2000,3353.6000,3354.2000,3355.2000,3355.8000,3356.2000,1,1,1,1,2,4,1,1,1,1
SF,IH2008,2020-07-14 09:33:50.600,3352.0000,10499,0,891771540.000,0,-,-,-,-,3351.2000,3350.8000,3350.4000,3350.2000,3350.0000,3353.4000,3353.6000,3355.2000,3355.8000,3356.0000,1,1,1,2,4,1,4,1,1,2
SF,IH2008,2020-07-14 09:33:51.100,3352.0000,10499,0,891771540.000,0,-,-,-,-,3351.2000,3350.8000,3350.4000,3350.2000,3350.0000,3351.6000,3353.2000,3353.4000,3353.6000,3355.0000,1,1,1,2,4,1,2,1,1,1
SF,IH2008,2020-07-14 09:33:51.600,3353.2000,10497,-2,894789060.000,3,0,3,多平,S,3351.6000,3350.4000,3350.2000,3350.0000,3349.6000,3353.4000,3353.6000,3355.0000,3356.0000,3356.8000,1,1,2,3,1,1,1,1,2,1
SF,IH2008,2020-07-14 09:33:52.100,3353.6000,10496,-1,896801160.000,2,0,2,多平,S,3353.2000,3351.8000,3351.6000,3351.4000,3350.4000,3355.0000,3356.0000,3356.8000,3357.8000,3363.0000,1,1,1,1,1,1,2,1,1,5
SF,IH2008,2020-07-14 09:33:52.600,3353.6000,10496,0,896801160.000,0,-,-,-,-,3353.4000,3353.2000,3351.8000,3351.4000,3350.4000,3356.0000,3356.8000,3357.8000,3363.0000,3366.0000,1,2,1,1,1,2,1,1,5,1
SF,IH2008,2020-07-14 09:33:53.100,3353.6000,10496,0,896801160.000,0,-,-,-,-,3353.4000,3353.2000,3351.8000,3351.4000,3350.4000,3355.8000,3356.8000,3357.8000,3358.0000,3363.0000,1,1,2,1,1,2,1,1,1,5
SF,IH2008,2020-07-14 09:33:53.600,3353.6000,10496,0,896801160.000,0,-,-,-,-,3353.4000,3353.2000,3351.8000,3351.4000,3350.4000,3355.8000,3356.8000,3357.8000,3358.0000,3360.0000,1,1,2,1,1,2,1,1,1,2
SF,IH2008,2020-07-14 09:33:54.100,3353.6000,10496,0,896801160.000,0,-,-,-,-,3353.6000,3353.4000,3353.2000,3351.8000,3351.4000,3355.8000,3356.8000,3357.8000,3358.0000,3360.0000,1,1,1,2,1,2,1,1,1,2
SF,IH2008,2020-07-14 09:33:54.600,3353.6000,10496,0,896801160.000,0,-,-,-,-,3353.6000,3353.2000,3351.8000,3351.4000,3350.4000,3355.8000,3356.8000,3357.8000,3358.0000,3360.0000,1,1,1,1,1,2,1,1,1,2
SF,IH2008,2020-07-14 09:33:55.100,3353.6000,10495,-1,897807240.000,1,0,1,双平,S,3353.2000,3351.8000,3351.4000,3350.4000,3350.0000,3355.6000,3355.8000,3356.8000,3357.8000,3360.0000,1,1,1,1,3,4,2,1,1,2
SF,IH2008,2020-07-14 09:33:55.600,3355.4000,10495,0,898813860.000,1,0,1,多换,S,3351.8000,3351.4000,3350.4000,3350.0000,3349.4000,3355.6000,3356.6000,3356.8000,3357.8000,3360.0000,1,1,1,3,12,4,1,1,1,2
SF,IH2008,2020-07-14 09:33:56.100,3355.4000,10495,0,898813860.000,0,-,-,-,-,3352.2000,3352.0000,3351.8000,3351.4000,3350.4000,3355.2000,3355.4000,3355.6000,3356.6000,3356.8000,3,4,1,1,1,2,2,4,1,1
SF,IH2008,2020-07-14 09:33:56.600,3355.2000,10495,0,899820420.000,1,0,1,多换,S,3352.4000,3352.0000,3351.4000,3350.4000,3350.0000,3354.4000,3355.6000,3356.8000,3357.8000,3360.0000,2,3,1,1,3,1,4,1,1,2
SF,IH2008,2020-07-14 09:33:57.100,3354.4000,10494,-1,903845700.000,4,1,3,多平,S,3352.4000,3352.0000,3350.4000,3350.0000,3349.4000,3355.4000,3355.6000,3356.8000,3357.8000,3360.0000,3,1,1,3,12,1,4,1,1,2
SF,IH2008,2020-07-14 09:33:57.600,3354.4000,10494,0,903845700.000,0,-,-,-,-,3352.6000,3352.4000,3352.0000,3350.4000,3350.0000,3355.6000,3356.8000,3357.4000,3357.8000,3360.0000,2,2,1,1,3,4,1,1,1,2
SF,IH2008,2020-07-14 09:33:58.100,3355.6000,10494,0,904852380.000,1,0,1,多换,S,3353.0000,3352.8000,3352.6000,3352.0000,3351.8000,3355.6000,3356.8000,3357.8000,3360.0000,3366.0000,1,1,2,1,1,3,1,1,2,1
SF,IH2008,2020-07-14 09:33:58.600,3355.6000,10495,1,906865740.000,2,1,1,空开,S,3353.6000,3353.2000,3353.0000,3352.8000,3352.6000,3355.6000,3356.8000,3357.8000,3360.0000,3366.0000,1,2,1,2,2,1,1,1,2,1
SF,IH2008,2020-07-14 09:33:59.100,3355.6000,10495,0,907872420.000,1,0,1,多换,S,3354.0000,3353.8000,3353.6000,3353.2000,3352.8000,3356.8000,3357.8000,3360.0000,3366.0000,3366.4000,1,2,1,1,1,1,1,2,1,1
SF,IH2008,2020-07-14 09:33:59.600,3355.6000,10495,0,907872420.000,0,-,-,-,-,3354.2000,3354.0000,3353.8000,3353.6000,3353.4000,3356.8000,3357.8000,3360.0000,3366.0000,3366.4000,3,1,1,1,1,1,1,2,1,1
SF,IH2008,2020-07-14 09:34:00.100,3356.8000,10495,0,908879460.000,1,0,1,多换,S,3354.6000,3354.4000,3354.2000,3354.0000,3353.4000,3356.6000,3357.8000,3360.0000,3366.0000,3366.4000,2,5,3,1,1,1,1,2,1,1
SF,IH2008,2020-07-14 09:34:00.600,3356.8000,10495,0,908879460.000,0,-,-,-,-,3354.8000,3354.6000,3354.4000,3354.2000,3354.0000,3356.6000,3357.8000,3360.0000,3366.0000,3366.4000,3,1,2,2,1,1,1,2,1,1
SF,IH2008,2020-07-14 09:34:01.100,3356.8000,10495,0,908879460.000,0,-,-,-,-,3354.8000,3354.6000,3354.2000,3354.0000,3353.4000,3357.6000,3357.8000,3360.0000,3366.0000,3366.4000,2,1,1,1,1,1,1,2,1,1
SF,IH2008,2020-07-14 09:34:01.600,3356.8000,10495,0,908879460.000,0,-,-,-,-,3354.8000,3354.6000,3354.2000,3354.0000,3353.4000,3357.4000,3357.6000,3357.8000,3360.0000,3366.0000,2,1,1,1,1,1,1,1,2,1
SF,IH2008,2020-07-14 09:34:02.100,3356.8000,10495,0,908879460.000,0,-,-,-,-,3355.0000,3354.8000,3354.2000,3354.0000,3353.4000,3357.6000,3357.8000,3359.8000,3360.0000,3366.0000,2,2,1,1,1,1,1,1,2,1
SF,IH2008,2020-07-14 09:34:02.600,3356.8000,10495,0,908879460.000,0,-,-,-,-,3355.2000,3355.0000,3354.8000,3354.0000,3353.4000,3357.6000,3357.8000,3359.8000,3360.0000,3363.4000,1,2,1,1,1,1,1,1,2,1
SF,IH2008,2020-07-14 09:34:03.100,3357.8000,10493,-2,910894080.000,2,0,2,双平,S,3356.0000,3355.4000,3355.0000,3354.0000,3353.2000,3360.0000,3363.4000,3366.0000,3366.4000,3366.8000,1,1,2,1,1,2,1,1,1,7
SF,IH2008,2020-07-14 09:34:03.600,3357.8000,10493,0,910894080.000,0,-,-,-,-,3356.8000,3356.2000,3356.0000,3355.0000,3354.0000,3359.8000,3360.0000,3363.4000,3366.0000,3366.4000,15,2,2,2,1,2,2,1,1,1
SF,IH2008,2020-07-14 09:34:04.100,3357.8000,10493,0,910894080.000,0,-,-,-,-,3357.0000,3356.8000,3356.2000,3356.0000,3354.0000,3360.0000,3363.4000,3366.0000,3366.4000,3366.8000,2,15,1,1,1,2,1,1,1,7
SF,IH2008,2020-07-14 09:34:04.600,3357.8000,10493,0,910894080.000,0,-,-,-,-,3357.2000,3357.0000,3356.8000,3356.2000,3356.0000,3360.0000,3363.4000,3366.0000,3366.4000,3366.8000,2,2,15,1,1,2,1,1,1,7
SF,IH2008,2020-07-14 09:34:05.100,3357.8000,10493,0,910894080.000,0,-,-,-,-,3357.6000,3357.4000,3357.2000,3357.0000,3356.8000,3363.4000,3366.0000,3366.4000,3366.8000,3369.4000,1,1,2,1,15,1,1,1,7,1
SF,IH2008,2020-07-14 09:34:05.600,3357.8000,10493,0,910894080.000,0,-,-,-,-,3358.2000,3358.0000,3357.8000,3357.6000,3357.2000,3362.4000,3362.6000,3363.0000,3363.2000,3363.4000,1,1,2,1,2,2,1,6,1,2
SF,IH2008,2020-07-14 09:34:06.100,3357.8000,10493,0,910894080.000,0,-,-,-,-,3358.4000,3358.2000,3358.0000,3357.6000,3357.2000,3362.4000,3362.6000,3363.0000,3363.4000,3365.4000,2,2,1,1,2,1,1,4,1,2
SF,IH2008,2020-07-14 09:34:06.600,3357.8000,10493,0,910894080.000,0,-,-,-,-,3358.6000,3358.4000,3358.2000,3357.2000,3356.8000,3362.2000,3362.4000,3362.6000,3363.0000,3363.4000,2,3,1,2,15,1,1,1,4,2
SF,IH2008,2020-07-14 09:34:07.100,3357.8000,10493,0,910894080.000,0,-,-,-,-,3358.8000,3358.6000,3358.4000,3357.2000,3356.8000,3362.2000,3363.0000,3363.4000,3364.2000,3365.4000,2,1,1,2,15,1,3,1,1,2
SF,IH2008,2020-07-14 09:34:07.600,3357.8000,10493,0,910894080.000,0,-,-,-,-,3359.0000,3358.8000,3358.6000,3358.4000,3357.2000,3362.2000,3362.8000,3363.0000,3363.4000,3365.4000,1,2,1,1,2,1,1,3,1,2
SF,IH2008,2020-07-14 09:34:08.100,3357.8000,10493,0,910894080.000,0,-,-,-,-,3360.2000,3359.2000,3359.0000,3358.8000,3358.4000,3362.2000,3363.0000,3363.4000,3364.0000,3365.4000,1,1,1,1,1,1,3,1,1,2
SF,IH2008,2020-07-14 09:34:08.600,3362.2000,10492,-1,914926800.000,4,1,3,多平,S,3360.4000,3359.0000,3358.4000,3356.8000,3355.4000,3363.4000,3364.0000,3365.4000,3366.0000,3366.4000,1,1,1,15,5,1,1,2,1,1
SF,IH2008,2020-07-14 09:34:09.100,3363.2000,10491,-1,916943880.000,2,0,2,多平,S,3360.6000,3359.0000,3358.4000,3356.8000,3355.4000,3363.2000,3363.4000,3364.0000,3365.4000,3366.0000,1,1,2,15,5,1,1,1,2,1
SF,IH2008,2020-07-14 09:34:09.600,3363.2000,10491,0,916943880.000,0,-,-,-,-,3359.0000,3358.4000,3356.8000,3355.4000,3352.0000,3362.8000,3363.0000,3363.2000,3363.4000,3364.6000,1,2,15,5,1,1,2,1,1,1
SF,IH2008,2020-07-14 09:34:10.100,3363.2000,10491,0,916943880.000,0,-,-,-,-,3359.4000,3359.2000,3359.0000,3358.4000,3356.8000,3362.4000,3362.8000,3363.0000,3363.4000,3363.6000,2,4,1,2,15,3,1,2,1,1
SF,IH2008,2020-07-14 09:34:10.600,3362.8000,10491,0,917952720.000,1,0,1,多换,S,3359.6000,3359.2000,3359.0000,3358.4000,3356.8000,3363.0000,3365.4000,3366.0000,3366.4000,3366.8000,2,2,1,2,15,2,2,1,1,2
SF,IH2008,2020-07-14 09:34:11.100,3362.8000,10491,0,917952720.000,0,-,-,-,-,3360.0000,3359.8000,3359.6000,3359.2000,3358.4000,3363.0000,3365.4000,3366.0000,3366.4000,3366.8000,1,1,2,2,2,1,2,1,1,2
SF,IH2008,2020-07-14 09:34:11.600,3362.8000,10491,0,917952720.000,0,-,-,-,-,3360.2000,3360.0000,3359.8000,3359.6000,3359.2000,3363.0000,3365.4000,3366.0000,3366.4000,3366.8000,1,1,1,1,2,1,2,1,1,2
SF,IH2008,2020-07-14 09:34:12.100,3362.8000,10491,0,917952720.000,0,-,-,-,-,3363.0000,3360.4000,3360.2000,3360.0000,3359.2000,3365.4000,3366.0000,3366.4000,3366.8000,3369.4000,1,2,2,1,2,2,1,1,2,1
SF,IH2008,2020-07-14 09:34:12.600,3363.0000,10491,0,918961620.000,1,0,1,多换,S,3360.4000,3360.0000,3359.2000,3358.4000,3356.8000,3363.0000,3364.2000,3364.4000,3364.6000,3364.8000,2,1,2,2,15,4,1,1,1,1
SF,IH2008,2020-07-14 09:34:13.100,3360.4000,10490,-1,920977920.000,2,0,2,多平,S,3360.4000,3359.2000,3358.4000,3356.8000,3356.2000,3363.0000,3364.2000,3364.4000,3364.6000,3364.8000,1,2,2,15,1,3,1,1,1,1
SF,IH2008,2020-07-14 09:34:13.600,3360.4000,10490,0,920977920.000,0,-,-,-,-,3359.2000,3358.4000,3356.8000,3356.2000,3355.4000,3362.8000,3363.0000,3364.2000,3364.4000,3364.6000,2,2,15,1,5,1,2,1,1,1
SF,IH2008,2020-07-14 09:34:14.100,3359.4000,10490,0,921985740.000,1,0,1,多换,S,3359.4000,3359.2000,3358.4000,3356.8000,3356.2000,3362.6000,3362.8000,3364.2000,3364.4000,3364.6000,2,2,1,15,1,4,2,1,1,1
