市场代码,合约代码,时间,最新,持仓,增仓,成交额,成交量,开仓,平仓,成交类型,方向,买一价,买二价,买三价,买四价,买五价,卖一价,卖二价,卖三价,卖四价,卖五价,买一量,买二量,买三量,买四量,买五量,卖一量,卖二量,卖三量,卖四量,卖五量
SF,IH2009,2020-07-03 09:29:00.100,3080.0000,20620,0,16632000.000,18.000,-,-,-,-,3073.0000,3072.2000,3072.0000,3071.0000,3068.4000,3080.0000,3082.0000,3082.2000,3083.0000,3084.0000,1,7,12,1,1,1,1,4,1,1
SF,IH2009,2020-07-03 09:30:00.100,3078.0000,20618,-2,19401420.000,3,0,3,多平,S,3073.6000,3073.4000,3073.2000,3073.0000,3072.2000,3079.2000,3080.0000,3081.0000,3082.0000,3082.2000,1,3,1,1,7,1,1,1,1,4
SF,IH2009,2020-07-03 09:30:00.600,3080.0000,20613,-5,28642860.000,10,2,8,多平,S,3079.2000,3079.0000,3077.0000,3076.6000,3075.0000,3083.0000,3084.0000,3084.2000,3085.0000,3085.4000,7,2,1,4,4,1,1,2,1,1
SF,IH2009,2020-07-03 09:30:01.100,3080.0000,20610,-3,34187220.000,6,1,5,多平,S,3079.2000,3079.0000,3078.8000,3077.0000,3076.6000,3082.8000,3083.0000,3084.0000,3084.2000,3085.0000,10,2,1,1,4,1,1,1,2,1
SF,IH2009,2020-07-03 09:30:01.600,3080.0000,20611,1,36034980.000,2,1,1,空开,S,3079.8000,3079.4000,3079.2000,3079.0000,3077.0000,3082.2000,3082.6000,3082.8000,3083.0000,3084.0000,1,2,9,2,1,1,1,1,1,1
SF,IH2009,2020-07-03 09:30:02.100,3082.0000,20611,0,41581800.000,6,3,3,多换,S,3079.8000,3079.2000,3079.0000,3077.0000,3076.6000,3082.0000,3082.2000,3083.0000,3084.0000,3085.0000,4,5,2,1,4,2,1,1,1,1
SF,IH2009,2020-07-03 09:30:02.600,3080.0000,20608,-3,45279000.000,4,0,4,多平,S,3079.8000,3079.2000,3079.0000,3077.0000,3076.6000,3081.8000,3082.0000,3083.0000,3084.0000,3085.0000,4,5,2,1,4,1,2,1,1,1
SF,IH2009,2020-07-03 09:30:03.100,3079.8000,20601,-7,54521340.000,10,1,9,多平,S,3080.0000,3079.8000,3079.2000,3079.0000,3077.0000,3082.0000,3083.0000,3084.0000,3085.0000,3085.4000,1,3,5,2,1,1,2,1,1,1
SF,IH2009,2020-07-03 09:30:03.600,3082.0000,20600,-1,59144340.000,5,2,3,多平,S,3082.8000,3080.2000,3080.0000,3079.8000,3079.2000,3083.0000,3084.0000,3085.0000,3085.4000,3087.0000,2,1,1,3,5,2,1,1,1,1
SF,IH2009,2020-07-03 09:30:04.100,3082.0000,20601,1,60993540.000,2,1,1,空开,S,3082.8000,3082.2000,3080.2000,3080.0000,3079.8000,3083.0000,3084.0000,3085.0000,3085.4000,3087.0000,2,1,1,1,1,2,1,1,1,1
SF,IH2009,2020-07-03 09:30:04.600,3082.8000,20599,-2,62843280.000,2,0,2,双平,S,3082.8000,3082.2000,3082.0000,3080.2000,3080.0000,3083.0000,3084.0000,3085.0000,3085.4000,3087.0000,1,1,5,1,1,1,1,1,1,1
SF,IH2009,2020-07-03 09:30:05.100,3082.2000,20599,0,64692780.000,2,1,1,多换,S,3082.0000,3080.2000,3080.0000,3079.2000,3079.0000,3083.0000,3084.0000,3085.0000,3085.4000,3087.0000,6,1,1,5,2,1,1,1,1,1
SF,IH2009,2020-07-03 09:30:05.600,3083.0000,20598,-1,70242180.000,6,2,4,多平,S,3083.0000,3082.0000,3080.2000,3079.2000,3079.0000,3084.0000,3085.0000,3085.4000,3087.0000,3088.0000,7,6,1,5,2,1,1,1,1,22
SF,IH2009,2020-07-03 09:30:06.100,3083.0000,20597,-1,72092220.000,2,0,2,多平,S,3083.0000,3082.0000,3081.4000,3079.2000,3079.0000,3084.0000,3085.0000,3085.4000,3087.0000,3088.0000,1,6,1,5,2,1,1,1,1,22
SF,IH2009,2020-07-03 09:30:06.600,3084.0000,20596,-1,73017420.000,1,0,1,双平,S,3083.0000,3082.0000,3081.4000,3079.2000,3079.0000,3085.0000,3085.4000,3087.0000,3088.0000,3089.0000,1,6,1,5,2,1,1,1,22,1
SF,IH2009,2020-07-03 09:30:07.100,3084.0000,20596,0,73942620.000,1,0,1,多换,S,3084.0000,3083.2000,3083.0000,3082.0000,3081.8000,3085.0000,3085.4000,3087.0000,3088.0000,3089.0000,3,1,1,6,1,1,1,1,22,1
SF,IH2009,2020-07-03 09:30:07.600,3084.0000,20596,0,75793020.000,2,1,1,多换,S,3084.0000,3083.2000,3083.0000,3082.0000,3081.8000,3085.0000,3085.4000,3087.0000,3088.0000,3089.0000,6,1,1,6,1,1,1,1,22,1
SF,IH2009,2020-07-03 09:30:08.100,3084.0000,20596,0,76718220.000,1,0,1,多换,S,3084.0000,3083.2000,3083.0000,3082.2000,3082.0000,3084.8000,3085.0000,3085.4000,3087.0000,3088.0000,5,1,1,1,6,1,1,1,1,22
SF,IH2009,2020-07-03 09:30:08.600,3085.0000,20596,0,77643720.000,1,0,1,多换,S,3085.0000,3084.0000,3083.2000,3083.0000,3082.2000,3085.4000,3087.0000,3088.0000,3089.0000,3090.0000,5,5,1,1,1,1,1,22,1,1
SF,IH2009,2020-07-03 09:30:09.100,3085.4000,20594,-2,82271340.000,5,1,4,多平,S,3085.2000,3085.0000,3084.0000,3083.2000,3083.0000,3087.0000,3088.0000,3089.0000,3090.0000,3094.0000,1,1,5,1,1,1,22,1,1,1
SF,IH2009,2020-07-03 09:30:09.600,3086.6000,20593,-1,83197320.000,1,0,1,双平,S,3085.4000,3085.2000,3085.0000,3084.8000,3084.0000,3086.6000,3086.8000,3087.0000,3088.0000,3089.0000,8,1,4,22,6,3,1,1,22,1
SF,IH2009,2020-07-03 09:30:10.100,3086.4000,20583,-10,95231220.000,13,1,12,多平,S,3086.2000,3085.4000,3085.0000,3084.8000,3084.0000,3086.4000,3086.6000,3087.0000,3087.2000,3088.0000,2,1,4,22,6,1,3,2,2,22
SF,IH2009,2020-07-03 09:30:10.600,3086.0000,20579,-4,103563180.000,9,2,7,多平,S,3085.4000,3085.0000,3084.8000,3084.0000,3083.0000,3086.4000,3087.0000,3087.2000,3088.0000,3089.0000,1,4,22,6,3,2,2,2,22,1
SF,IH2009,2020-07-03 09:30:11.100,3086.4000,20578,-1,106340880.000,3,1,2,多平,S,3085.4000,3085.0000,3084.8000,3084.0000,3083.0000,3087.0000,3087.2000,3088.0000,3089.0000,3090.0000,5,4,22,6,3,2,1,22,1,1
SF,IH2009,2020-07-03 09:30:11.600,3086.4000,20578,0,106340880.000,0,-,-,-,-,3086.6000,3086.4000,3085.6000,3085.4000,3085.0000,3086.8000,3087.0000,3088.0000,3089.0000,3090.0000,1,3,1,5,4,3,2,22,1,1
SF,IH2009,2020-07-03 09:30:12.100,3086.4000,20574,-4,112823040.000,7,1,6,多平,S,3086.4000,3085.4000,3085.0000,3084.8000,3084.0000,3086.6000,3087.0000,3088.0000,3089.0000,3090.0000,2,5,4,22,6,1,2,22,1,1
SF,IH2009,2020-07-03 09:30:12.600,3087.0000,20576,2,118378980.000,6,4,2,空开,S,3087.0000,3086.4000,3085.4000,3085.0000,3084.8000,3088.0000,3089.0000,3090.0000,3094.0000,3095.8000,1,10,5,4,22,23,1,1,1,1
SF,IH2009,2020-07-03 09:30:13.100,3087.0000,20575,-1,121157280.000,3,1,2,多平,S,3087.0000,3086.8000,3086.4000,3085.4000,3085.0000,3087.2000,3088.0000,3089.0000,3090.0000,3094.0000,1,1,10,5,4,5,23,1,1,1
SF,IH2009,2020-07-03 09:30:13.600,3087.0000,20574,-1,122083380.000,1,0,1,双平,S,3087.2000,3086.8000,3086.6000,3086.4000,3085.4000,3088.0000,3089.0000,3090.0000,3094.0000,3095.8000,5,2,1,10,5,23,1,1,1,1
SF,IH2009,2020-07-03 09:30:14.100,3088.0000,20571,-3,125788680.000,4,0,4,多平,S,3087.2000,3086.8000,3086.6000,3086.4000,3085.4000,3088.0000,3089.0000,3090.0000,3094.0000,3095.8000,4,2,1,10,5,20,1,1,1,1
SF,IH2009,2020-07-03 09:30:14.600,3086.8000,20566,-5,131345400.000,6,0,6,多平,S,3086.6000,3086.4000,3085.4000,3085.0000,3084.8000,3087.2000,3087.6000,3087.8000,3088.0000,3089.0000,1,10,5,4,22,1,2,1,20,1
SF,IH2009,2020-07-03 09:30:15.100,3087.2000,20567,1,133197720.000,2,1,1,空开,S,3087.2000,3086.8000,3086.6000,3086.4000,3085.4000,3087.8000,3088.0000,3089.0000,3090.0000,3094.0000,3,1,1,10,5,1,21,1,1,1
SF,IH2009,2020-07-03 09:30:15.600,3087.6000,20566,-1,135976440.000,3,1,2,多平,S,3087.2000,3086.6000,3086.4000,3085.4000,3085.0000,3087.8000,3088.0000,3089.0000,3090.0000,3094.0000,4,1,10,4,2,1,21,1,1,2
SF,IH2009,2020-07-03 09:30:16.100,3088.0000,20565,-1,137829180.000,2,0,2,多平,S,3087.6000,3087.2000,3086.6000,3086.4000,3085.4000,3088.0000,3089.0000,3090.0000,3094.0000,3095.8000,1,6,1,10,4,21,1,1,2,1
SF,IH2009,2020-07-03 09:30:16.600,3088.0000,20562,-3,140608380.000,3,0,3,双平,S,3087.8000,3087.2000,3086.6000,3086.4000,3085.4000,3088.0000,3089.0000,3090.0000,3094.0000,3095.8000,1,6,1,10,4,20,1,1,2,1
SF,IH2009,2020-07-03 09:30:17.100,3087.2000,20562,0,142460880.000,2,1,1,多换,S,3087.2000,3086.6000,3086.4000,3085.4000,3085.0000,3087.8000,3088.0000,3089.0000,3090.0000,3094.0000,6,1,10,4,2,1,22,1,1,2
SF,IH2009,2020-07-03 09:30:17.600,3088.0000,20561,-1,145240080.000,3,1,2,多平,S,3087.8000,3087.2000,3086.6000,3086.4000,3085.4000,3088.0000,3089.0000,3090.0000,3094.0000,3095.8000,3,6,1,10,4,17,1,1,2,1
SF,IH2009,2020-07-03 09:30:18.100,3088.0000,20547,-14,160988880.000,17,1,16,多平,S,3088.4000,3088.0000,3087.8000,3087.4000,3087.2000,3089.0000,3090.0000,3094.0000,3095.8000,3096.0000,2,4,4,2,6,1,1,2,1,1
SF,IH2009,2020-07-03 09:30:18.600,3088.0000,20542,-5,169327260.000,9,2,7,多平,S,3088.0000,3087.8000,3087.4000,3087.2000,3086.6000,3088.4000,3088.8000,3090.0000,3094.0000,3095.8000,5,6,2,6,1,1,1,1,2,1
SF,IH2009,2020-07-03 09:30:19.100,3090.0000,20540,-2,172107240.000,3,0,3,多平,S,3088.0000,3087.8000,3087.2000,3086.6000,3086.4000,3094.0000,3095.8000,3096.0000,3098.0000,3099.2000,5,6,6,1,10,2,1,1,1,1
SF,IH2009,2020-07-03 09:30:19.600,3090.2000,20538,-2,173961360.000,2,0,2,双平,S,3088.4000,3088.2000,3088.0000,3087.8000,3087.2000,3090.6000,3091.2000,3092.0000,3092.8000,3093.0000,2,7,5,6,6,3,1,2,2,1
SF,IH2009,2020-07-03 09:30:20.100,3090.2000,20538,0,173961360.000,0,-,-,-,-,3088.6000,3088.4000,3088.2000,3088.0000,3087.8000,3090.6000,3091.2000,3091.4000,3092.0000,3092.8000,3,3,4,5,6,3,1,1,2,2
SF,IH2009,2020-07-03 09:30:20.600,3090.6000,20538,0,175815720.000,2,1,1,多换,S,3088.8000,3088.6000,3088.4000,3088.2000,3088.0000,3090.6000,3091.2000,3091.4000,3092.0000,3092.8000,2,3,3,3,5,1,1,1,2,2
SF,IH2009,2020-07-03 09:30:21.100,3090.6000,20538,0,175815720.000,0,-,-,-,-,3089.0000,3088.8000,3088.6000,3088.4000,3088.2000,3090.6000,3091.2000,3091.4000,3092.0000,3092.8000,1,2,2,3,3,1,1,1,2,2
SF,IH2009,2020-07-03 09:30:21.600,3090.6000,20538,0,175815720.000,0,-,-,-,-,3089.2000,3089.0000,3088.6000,3088.4000,3088.2000,3090.6000,3091.2000,3091.4000,3092.0000,3092.8000,2,2,2,3,3,1,1,1,2,2
SF,IH2009,2020-07-03 09:30:22.100,3090.6000,20538,0,176742900.000,1,0,1,多换,S,3090.6000,3089.2000,3089.0000,3088.8000,3088.4000,3090.8000,3091.2000,3091.4000,3092.0000,3092.8000,1,2,2,1,3,1,1,1,2,2
SF,IH2009,2020-07-03 09:30:22.600,3090.6000,20538,0,180451620.000,4,2,2,多换,S,3090.6000,3090.0000,3089.0000,3088.8000,3088.4000,3090.8000,3091.2000,3091.4000,3094.0000,3094.6000,1,1,1,1,3,1,1,1,2,1
SF,IH2009,2020-07-03 09:30:23.100,3091.2000,20536,-2,182306220.000,2,0,2,双平,S,3090.8000,3090.6000,3090.0000,3089.0000,3088.8000,3094.0000,3094.6000,3095.8000,3096.0000,3098.0000,1,1,1,1,1,2,1,1,1,1
SF,IH2009,2020-07-03 09:30:23.600,3091.0000,20535,-1,183233520.000,1,0,1,双平,S,3091.0000,3090.8000,3090.6000,3090.4000,3090.0000,3093.8000,3094.0000,3094.6000,3095.8000,3096.0000,1,1,2,1,1,1,2,1,1,1
SF,IH2009,2020-07-03 09:30:24.100,3094.0000,20528,-7,189729420.000,7,0,7,双平,S,3093.8000,3091.0000,3090.8000,3090.6000,3090.4000,3094.6000,3095.8000,3096.0000,3098.0000,3099.2000,1,1,1,2,1,1,1,1,1,1
SF,IH2009,2020-07-03 09:30:24.600,3094.0000,20528,0,197154840.000,8,4,4,多换,S,3091.0000,3090.8000,3090.6000,3090.4000,3090.0000,3094.6000,3095.8000,3096.0000,3098.0000,3099.2000,1,4,2,1,1,1,1,1,1,1
SF,IH2009,2020-07-03 09:30:25.100,3093.8000,20528,0,199011360.000,2,1,1,多换,S,3093.8000,3091.6000,3091.2000,3091.0000,3090.8000,3094.4000,3095.8000,3096.0000,3098.0000,3099.2000,1,1,3,1,4,1,1,1,1,1
SF,IH2009,2020-07-03 09:30:25.600,3093.8000,20528,0,200867640.000,2,1,1,多换,S,3091.2000,3091.0000,3090.8000,3090.6000,3090.4000,3095.8000,3096.0000,3098.0000,3099.2000,3099.8000,2,1,4,2,1,1,1,1,1,1
SF,IH2009,2020-07-03 09:30:26.100,3093.8000,20527,-1,201795780.000,1,0,1,双平,S,3094.6000,3092.0000,3091.6000,3091.4000,3091.2000,3095.4000,3095.6000,3095.8000,3096.0000,3098.0000,11,1,4,2,2,4,2,1,1,1
SF,IH2009,2020-07-03 09:30:26.600,3094.4000,20524,-3,204580380.000,3,0,3,双平,S,3094.6000,3091.6000,3091.4000,3091.2000,3090.8000,3095.2000,3095.8000,3096.0000,3098.0000,3099.2000,8,4,1,1,3,1,1,1,1,1
SF,IH2009,2020-07-03 09:30:27.100,3094.4000,20521,-3,207365340.000,3,0,3,双平,S,3094.6000,3091.6000,3091.4000,3091.2000,3090.8000,3095.2000,3095.8000,3096.0000,3098.0000,3099.2000,5,4,1,1,3,1,1,1,1,1
SF,IH2009,2020-07-03 09:30:27.600,3094.4000,20520,-1,209221980.000,2,0,2,多平,S,3094.6000,3091.6000,3091.4000,3091.2000,3090.8000,3095.0000,3095.8000,3096.0000,3098.0000,3099.2000,5,4,1,1,3,3,1,1,1,1
SF,IH2009,2020-07-03 09:30:28.100,3094.4000,20520,0,209221980.000,0,-,-,-,-,3094.6000,3094.4000,3091.6000,3091.4000,3091.2000,3095.0000,3095.4000,3095.8000,3096.0000,3098.0000,5,1,4,1,1,3,1,1,1,1
SF,IH2009,2020-07-03 09:30:28.600,3094.6000,20519,-1,210150360.000,1,0,1,双平,S,3094.6000,3094.4000,3091.6000,3091.4000,3091.2000,3095.0000,3095.4000,3095.8000,3096.0000,3098.0000,4,1,4,1,1,3,1,1,1,1
SF,IH2009,2020-07-03 09:30:29.100,3095.4000,20519,0,211078980.000,1,0,1,多换,S,3094.6000,3094.4000,3091.6000,3091.2000,3090.8000,3095.8000,3096.0000,3098.0000,3099.0000,3099.2000,4,1,4,1,3,1,1,1,2,1
SF,IH2009,2020-07-03 09:30:29.600,3094.8000,20519,0,212007420.000,1,0,1,多换,S,3095.0000,3094.8000,3094.6000,3094.4000,3091.6000,3095.6000,3095.8000,3096.0000,3098.0000,3099.0000,1,1,4,1,4,3,2,1,1,2
SF,IH2009,2020-07-03 09:30:30.100,3094.6000,20518,-1,213864300.000,2,0,2,多平,S,3094.6000,3094.4000,3091.6000,3091.2000,3090.8000,3095.6000,3095.8000,3096.0000,3097.6000,3098.0000,3,1,4,1,3,3,2,1,1,1
SF,IH2009,2020-07-03 09:30:30.600,3094.8000,20517,-1,216650100.000,3,1,2,多平,S,3094.6000,3094.4000,3091.6000,3091.2000,3090.8000,3095.6000,3095.8000,3096.0000,3097.6000,3098.0000,3,1,4,1,3,1,2,1,1,1
SF,IH2009,2020-07-03 09:30:31.100,3095.0000,20517,0,218506980.000,2,1,1,多换,S,3094.6000,3094.4000,3091.6000,3091.2000,3090.8000,3095.0000,3095.6000,3095.8000,3096.0000,3097.6000,2,1,4,1,3,1,1,2,1,1
SF,IH2009,2020-07-03 09:30:31.600,3095.8000,20516,-1,220364220.000,2,0,2,多平,S,3095.6000,3094.6000,3094.4000,3092.4000,3091.6000,3095.8000,3096.0000,3097.6000,3098.0000,3099.0000,11,2,1,1,4,1,2,1,1,2
SF,IH2009,2020-07-03 09:30:32.100,3096.0000,20515,-1,222221760.000,2,0,2,多平,S,3095.8000,3095.6000,3094.6000,3094.4000,3092.4000,3096.0000,3097.6000,3098.0000,3099.0000,3099.2000,1,11,2,1,1,1,1,1,2,1
SF,IH2009,2020-07-03 09:30:32.600,3096.0000,20514,-1,223150560.000,1,0,1,双平,S,3096.0000,3095.8000,3095.6000,3094.6000,3094.4000,3097.6000,3098.0000,3099.0000,3099.2000,3099.8000,4,1,11,2,1,1,1,2,1,1
SF,IH2009,2020-07-03 09:30:33.100,3097.6000,20513,-1,224079840.000,1,0,1,双平,S,3096.2000,3096.0000,3095.8000,3095.6000,3094.4000,3098.0000,3099.0000,3099.2000,3099.8000,3100.0000,1,3,1,11,1,1,2,1,1,4
SF,IH2009,2020-07-03 09:30:33.600,3096.2000,20511,-2,225937620.000,2,0,2,双平,S,3096.0000,3095.8000,3095.6000,3094.4000,3092.4000,3097.8000,3098.0000,3099.0000,3099.2000,3099.8000,5,7,11,1,1,3,1,2,1,1
SF,IH2009,2020-07-03 09:30:34.100,3098.0000,20507,-4,231513300.000,6,1,5,多平,S,3098.0000,3096.2000,3096.0000,3095.8000,3095.6000,3099.0000,3099.2000,3099.8000,3100.0000,3105.0000,5,2,5,8,11,2,1,1,4,1
SF,IH2009,2020-07-03 09:30:34.600,3098.0000,20502,-5,238019340.000,7,1,6,多平,S,3096.2000,3096.0000,3095.8000,3095.6000,3094.4000,3098.8000,3099.0000,3099.2000,3099.8000,3100.0000,1,5,8,11,1,3,2,1,1,4
SF,IH2009,2020-07-03 09:30:35.100,3098.0000,20501,-1,238948740.000,1,0,1,双平,S,3098.0000,3096.4000,3096.2000,3096.0000,3095.8000,3098.6000,3098.8000,3099.0000,3099.2000,3099.8000,1,2,1,5,8,1,3,2,1,1
SF,IH2009,2020-07-03 09:30:35.600,3096.4000,20501,0,240807060.000,2,1,1,多换,S,3096.0000,3095.8000,3095.6000,3094.4000,3092.4000,3096.2000,3098.4000,3098.8000,3099.0000,3099.2000,5,8,11,1,1,1,1,2,2,1
SF,IH2009,2020-07-03 09:30:36.100,3096.2000,20500,-1,241735920.000,1,0,1,双平,S,3096.6000,3096.2000,3096.0000,3095.8000,3095.6000,3098.0000,3099.0000,3099.2000,3099.8000,3100.0000,1,1,5,7,11,1,2,2,1,4
SF,IH2009,2020-07-03 09:30:36.600,3097.8000,20500,0,242665260.000,1,0,1,多换,S,3096.8000,3096.6000,3096.0000,3095.8000,3095.6000,3099.0000,3099.2000,3099.8000,3100.0000,3105.0000,1,1,5,7,11,2,2,1,4,1
SF,IH2009,2020-07-03 09:30:37.100,3098.0000,20499,-1,244524300.000,2,0,2,多平,S,3097.0000,3096.8000,3096.6000,3096.2000,3096.0000,3098.8000,3099.0000,3099.2000,3099.8000,3100.0000,3,1,1,2,5,3,2,2,1,4
SF,IH2009,2020-07-03 09:30:37.600,3098.6000,20498,-1,245453880.000,1,0,1,双平,S,3097.2000,3097.0000,3096.6000,3096.2000,3096.0000,3098.6000,3098.8000,3099.0000,3099.2000,3099.8000,1,3,1,2,5,1,2,2,2,1
SF,IH2009,2020-07-03 09:30:38.100,3098.0000,20497,-1,246383280.000,1,0,1,双平,S,3098.0000,3097.2000,3097.0000,3096.6000,3096.2000,3098.6000,3098.8000,3099.0000,3099.2000,3099.8000,1,1,3,1,2,1,2,2,2,1
SF,IH2009,2020-07-03 09:30:38.600,3098.0000,20497,0,246383280.000,0,-,-,-,-,3098.0000,3097.2000,3097.0000,3096.6000,3096.2000,3098.6000,3099.0000,3099.2000,3099.8000,3100.0000,1,1,3,1,2,1,2,2,1,4
SF,IH2009,2020-07-03 09:30:39.100,3098.6000,20497,0,247312860.000,1,0,1,多换,S,3098.2000,3098.0000,3097.0000,3096.6000,3096.2000,3099.0000,3099.2000,3099.8000,3100.0000,3105.0000,1,1,3,1,2,2,2,1,4,1
SF,IH2009,2020-07-03 09:30:39.600,3099.0000,20495,-2,250101720.000,3,0,3,多平,S,3098.0000,3097.0000,3096.6000,3096.2000,3096.0000,3099.2000,3099.8000,3100.0000,3105.0000,3110.0000,1,3,1,2,3,2,1,4,1,1
SF,IH2009,2020-07-03 09:30:40.100,3099.0000,20495,0,250101720.000,0,-,-,-,-,3098.2000,3098.0000,3097.0000,3096.6000,3096.2000,3099.2000,3099.8000,3100.0000,3105.0000,3110.0000,1,1,3,1,2,2,1,4,1,1
SF,IH2009,2020-07-03 09:30:40.600,3099.0000,20495,0,250101720.000,0,-,-,-,-,3098.6000,3098.2000,3098.0000,3097.0000,3096.6000,3099.2000,3099.8000,3100.0000,3105.0000,3110.0000,1,1,1,3,1,2,1,4,1,1
SF,IH2009,2020-07-03 09:30:41.100,3098.8000,20493,-2,251961000.000,2,0,2,双平,S,3098.6000,3098.2000,3098.0000,3097.0000,3096.6000,3099.0000,3099.2000,3099.8000,3100.0000,3105.0000,1,1,1,3,1,1,2,1,4,1
SF,IH2009,2020-07-03 09:30:41.600,3098.6000,20493,0,252890580.000,1,0,1,多换,S,3098.2000,3098.0000,3097.0000,3096.6000,3096.2000,3098.6000,3099.0000,3099.2000,3099.8000,3100.0000,1,1,3,1,2,2,1,2,1,4
SF,IH2009,2020-07-03 09:30:42.100,3099.0000,20489,-4,256609140.000,4,0,4,双平,S,3099.0000,3098.6000,3098.2000,3098.0000,3097.0000,3099.2000,3099.8000,3100.0000,3105.0000,3110.0000,8,1,1,1,3,2,1,4,1,1
SF,IH2009,2020-07-03 09:30:42.600,3099.2000,20485,-4,262187520.000,6,1,5,多平,S,3099.0000,3098.6000,3098.2000,3098.0000,3097.0000,3099.8000,3100.0000,3105.0000,3110.0000,3115.0000,5,4,1,1,3,1,4,1,1,1
SF,IH2009,2020-07-03 09:30:43.100,3099.8000,20483,-2,264047160.000,2,0,2,双平,S,3099.2000,3099.0000,3098.6000,3098.0000,3097.0000,3100.0000,3105.0000,3110.0000,3115.0000,3116.0000,1,4,4,1,1,4,1,1,1,1
SF,IH2009,2020-07-03 09:30:43.600,3099.8000,20483,0,264977100.000,1,0,1,多换,S,3099.2000,3099.0000,3098.8000,3098.6000,3098.0000,3100.0000,3105.0000,3110.0000,3115.0000,3116.0000,1,4,1,5,1,4,1,1,1,1
SF,IH2009,2020-07-03 09:30:44.100,3100.0000,20481,-2,266837100.000,2,0,2,双平,S,3099.2000,3099.0000,3098.8000,3098.6000,3098.0000,3100.0000,3105.0000,3110.0000,3115.0000,3116.0000,1,4,1,7,9,2,1,1,1,1
SF,IH2009,2020-07-03 09:30:44.600,3099.4000,20479,-2,272416740.000,6,2,4,多平,S,3100.0000,3099.2000,3099.0000,3098.8000,3098.6000,3105.0000,3110.0000,3115.0000,3116.0000,3125.0000,9,2,4,1,7,1,1,1,1,1
SF,IH2009,2020-07-03 09:30:45.100,3099.4000,20479,0,272416740.000,0,-,-,-,-,3100.2000,3100.0000,3099.2000,3099.0000,3098.8000,3103.8000,3104.0000,3104.2000,3104.4000,3104.8000,3,10,1,4,1,1,2,1,3,1
SF,IH2009,2020-07-03 09:30:45.600,3255.0000,20483,4,295902900.000,25,14,11,空开,S,3100.4000,3100.2000,3100.0000,3099.2000,3099.0000,3101.0000,3157.6000,3157.8000,3201.8000,3255.0000,6,3,11,1,4,2,1,10,3,5
SF,IH2009,2020-07-03 09:30:46.100,3100.4000,20475,-8,326844480.000,33,12,21,多平,S,3100.0000,3099.2000,3099.0000,3098.8000,3098.6000,3100.4000,3114.6000,3115.0000,3153.2000,3157.4000,11,1,4,1,7,5,1,5,2,1
SF,IH2009,2020-07-03 09:30:46.600,3100.0000,20465,-10,338005380.000,12,1,11,多平,S,3100.0000,3099.6000,3099.2000,3099.0000,3098.8000,3100.2000,3100.4000,3114.6000,3115.0000,3153.2000,10,1,1,4,1,2,1,1,5,2
SF,IH2009,2020-07-03 09:30:47.100,3100.0000,20457,-8,348235380.000,11,1,10,多平,S,3099.6000,3099.2000,3099.0000,3098.8000,3098.6000,3100.2000,3100.4000,3108.6000,3114.6000,3115.0000,1,1,4,1,8,2,1,6,1,5
SF,IH2009,2020-07-03 09:30:47.600,3100.0000,20455,-2,351955020.000,4,1,3,多平,S,3099.2000,3099.0000,3098.8000,3098.6000,3098.0000,3100.0000,3100.2000,3100.4000,3108.6000,3114.6000,1,4,1,8,9,3,2,1,6,1
SF,IH2009,2020-07-03 09:30:48.100,3100.0000,20454,-1,354745020.000,3,1,2,多平,S,3099.6000,3099.2000,3099.0000,3098.8000,3098.6000,3100.0000,3100.2000,3100.4000,3108.6000,3114.6000,1,1,4,1,8,1,2,1,6,1
SF,IH2009,2020-07-03 09:30:48.600,3100.0000,20452,-2,357534900.000,3,0,3,多平,S,3100.0000,3099.4000,3099.2000,3099.0000,3098.8000,3100.4000,3108.6000,3114.6000,3115.0000,3136.0000,8,2,1,4,1,1,6,1,5,4
SF,IH2009,2020-07-03 09:30:49.100,3100.0000,20447,-5,363115020.000,6,0,6,多平,S,3100.0000,3099.4000,3099.2000,3099.0000,3098.8000,3100.2000,3100.4000,3104.0000,3106.2000,3108.6000,3,2,1,4,1,1,1,1,2,6
SF,IH2009,2020-07-03 09:30:49.600,3100.0000,20444,-3,366835020.000,4,0,4,多平,S,3099.2000,3099.0000,3098.8000,3098.6000,3098.0000,3100.0000,3100.2000,3100.4000,3104.0000,3106.2000,1,4,1,8,1,3,1,1,1,2
SF,IH2009,2020-07-03 09:30:50.100,3100.4000,20433,-11,377064900.000,11,0,11,双平,S,3100.2000,3099.0000,3098.8000,3098.6000,3098.0000,3104.0000,3106.2000,3108.6000,3114.6000,3115.0000,1,4,1,8,1,1,2,6,1,5
SF,IH2009,2020-07-03 09:30:50.600,3100.0000,20432,-1,379855080.000,3,1,2,多平,S,3099.0000,3098.8000,3098.6000,3098.0000,3096.0000,3100.0000,3100.2000,3103.0000,3103.2000,3103.4000,4,1,8,1,3,3,2,2,1,1
SF,IH2009,2020-07-03 09:30:51.100,3100.0000,20431,-1,382645080.000,3,1,2,多平,S,3099.0000,3098.8000,3098.6000,3098.0000,3096.0000,3100.0000,3100.2000,3101.6000,3103.0000,3103.4000,4,1,8,1,3,1,3,1,2,2
SF,IH2009,2020-07-03 09:30:51.600,3100.2000,20429,-2,386364900.000,4,1,3,多平,S,3099.0000,3098.8000,3098.6000,3098.0000,3096.0000,3100.2000,3101.6000,3103.0000,3103.4000,3103.6000,3,1,8,1,3,1,1,2,2,1
SF,IH2009,2020-07-03 09:30:52.100,3099.0000,20426,-3,389154300.000,3,0,3,双平,S,3099.0000,3098.8000,3098.6000,3098.0000,3096.0000,3100.0000,3100.2000,3101.6000,3103.0000,3103.4000,1,1,8,1,3,1,2,1,2,2
SF,IH2009,2020-07-03 09:30:52.600,3099.0000,20426,0,390084000.000,1,0,1,多换,S,3098.8000,3098.6000,3098.0000,3096.0000,3095.8000,3099.0000,3099.8000,3100.0000,3100.2000,3101.6000,1,8,1,3,2,3,1,1,2,1
SF,IH2009,2020-07-03 09:30:53.100,3100.2000,20422,-4,396593100.000,7,1,6,多平,S,3100.0000,3099.0000,3098.8000,3098.6000,3098.0000,3101.6000,3103.4000,3103.8000,3104.0000,3106.2000,15,1,2,8,1,1,1,1,1,2
SF,IH2009,2020-07-03 09:30:53.600,3100.0000,20412,-10,405894360.000,10,0,10,双平,S,3100.0000,3099.0000,3098.8000,3098.6000,3098.0000,3101.6000,3103.4000,3103.8000,3104.0000,3106.2000,9,1,2,8,1,1,1,1,1,2
SF,IH2009,2020-07-03 09:30:54.100,3100.0000,20408,-4,409614360.000,4,0,4,双平,S,3100.0000,3099.0000,3098.8000,3098.6000,3098.0000,3101.4000,3103.4000,3103.8000,3104.0000,3106.2000,6,1,2,8,1,1,1,1,1,2
SF,IH2009,2020-07-03 09:30:54.600,3101.4000,20407,-1,411474780.000,2,0,2,多平,S,3100.0000,3099.0000,3098.8000,3098.6000,3098.0000,3103.4000,3103.8000,3104.0000,3106.2000,3108.6000,6,1,2,8,1,1,1,1,2,6
SF,IH2009,2020-07-03 09:30:55.100,3100.2000,20406,-1,412404840.000,1,0,1,双平,S,3100.6000,3100.2000,3100.0000,3099.0000,3098.8000,3101.4000,3103.0000,3103.2000,3103.4000,3104.0000,1,3,6,1,2,1,3,2,1,1
SF,IH2009,2020-07-03 09:30:55.600,3100.6000,20405,-1,413335020.000,1,0,1,双平,S,3100.0000,3099.0000,3098.8000,3098.6000,3098.0000,3100.6000,3101.0000,3101.2000,3101.6000,3103.0000,6,1,2,8,1,1,1,1,1,3
SF,IH2009,2020-07-03 09:30:56.100,3100.4000,20403,-2,418915620.000,6,2,4,多平,S,3100.0000,3099.0000,3098.8000,3098.6000,3098.0000,3100.6000,3101.2000,3101.6000,3103.0000,3103.2000,5,2,2,8,1,1,1,1,3,2
SF,IH2009,2020-07-03 09:30:56.600,3100.6000,20401,-2,420775800.000,2,0,2,双平,S,3100.0000,3099.0000,3098.8000,3098.6000,3098.0000,3101.2000,3101.6000,3103.0000,3103.2000,3103.4000,4,2,2,8,1,1,1,3,2,1
SF,IH2009,2020-07-03 09:30:57.100,3100.6000,20400,-1,422635980.000,2,0,2,多平,S,3100.6000,3100.0000,3099.0000,3098.8000,3098.6000,3101.2000,3101.6000,3103.0000,3103.2000,3103.4000,9,3,2,2,8,1,1,3,2,1
SF,IH2009,2020-07-03 09:30:57.600,3100.6000,20397,-3,426356820.000,4,0,4,多平,S,3100.6000,3100.0000,3099.0000,3098.8000,3098.6000,3101.0000,3101.2000,3101.6000,3103.0000,3103.2000,9,3,2,2,8,1,1,1,3,2
SF,IH2009,2020-07-03 09:30:58.100,3101.2000,20392,-5,431008560.000,5,0,5,双平,S,3100.6000,3100.4000,3100.0000,3099.0000,3098.8000,3101.6000,3103.0000,3103.2000,3103.4000,3104.0000,10,1,3,2,2,1,3,2,1,1
SF,IH2009,2020-07-03 09:30:58.600,3101.6000,20392,0,431939040.000,1,0,1,多换,S,3100.8000,3100.6000,3100.4000,3100.0000,3099.0000,3103.0000,3103.2000,3103.4000,3104.0000,3108.6000,1,10,1,3,2,3,2,1,1,6
SF,IH2009,2020-07-03 09:30:59.100,3101.6000,20392,0,431939040.000,0,-,-,-,-,3101.2000,3101.0000,3100.8000,3100.6000,3100.4000,3102.8000,3103.0000,3103.2000,3103.4000,3104.0000,1,2,1,10,1,1,2,1,1,1
SF,IH2009,2020-07-03 09:30:59.600,3101.0000,20391,-1,434730000.000,3,1,2,多平,S,3101.2000,3100.6000,3100.4000,3100.0000,3099.8000,3101.6000,3102.8000,3103.0000,3103.2000,3103.4000,1,10,1,3,2,1,1,2,1,1
SF,IH2009,2020-07-03 09:31:00.100,3101.2000,20390,-1,436590720.000,2,0,2,多平,S,3100.6000,3100.4000,3100.0000,3099.8000,3099.0000,3101.4000,3101.6000,3102.8000,3103.0000,3103.2000,10,1,3,2,2,2,1,1,2,1
SF,IH2009,2020-07-03 09:31:00.600,3101.2000,20388,-2,439381680.000,3,0,3,多平,S,3100.6000,3100.4000,3100.0000,3099.8000,3099.0000,3101.4000,3101.6000,3102.8000,3103.0000,3103.2000,9,1,3,2,2,1,1,1,2,1
SF,IH2009,2020-07-03 09:31:01.100,3101.4000,20387,-1,442173000.000,3,1,2,多平,S,3101.6000,3101.4000,3100.8000,3100.6000,3100.4000,3102.8000,3103.0000,3103.2000,3103.4000,3104.0000,10,2,1,9,1,1,2,1,1,1
SF,IH2009,2020-07-03 09:31:01.600,3101.4000,20387,0,442173000.000,0,-,-,-,-,3101.6000,3101.4000,3100.8000,3100.6000,3100.4000,3102.8000,3103.4000,3104.0000,3108.6000,3109.8000,10,2,1,9,1,1,1,1,6,2
SF,IH2009,2020-07-03 09:31:02.100,3101.4000,20385,-2,444964260.000,3,0,3,多平,S,3101.6000,3101.4000,3100.6000,3100.4000,3100.0000,3102.8000,3103.4000,3104.0000,3108.6000,3109.8000,8,2,9,1,8,1,1,1,6,2
SF,IH2009,2020-07-03 09:31:02.600,3101.6000,20384,-1,445894740.000,1,0,1,双平,S,3101.6000,3101.4000,3100.6000,3100.4000,3100.0000,3103.4000,3104.0000,3108.6000,3109.8000,3111.0000,8,3,9,2,8,1,1,6,2,4
SF,IH2009,2020-07-03 09:31:03.100,3101.6000,20383,-1,446825220.000,1,0,1,双平,S,3102.8000,3101.6000,3101.4000,3100.6000,3100.4000,3103.2000,3104.0000,3108.6000,3109.8000,3111.0000,2,8,3,9,2,2,1,6,2,4
SF,IH2009,2020-07-03 09:31:03.600,3103.0000,20379,-4,450548280.000,4,0,4,双平,S,3101.6000,3101.4000,3100.6000,3100.4000,3100.0000,3103.2000,3103.4000,3104.0000,3108.6000,3109.8000,8,3,9,1,8,2,1,1,6,2
SF,IH2009,2020-07-03 09:31:04.100,3102.8000,20377,-2,452409960.000,2,0,2,双平,S,3103.0000,3102.8000,3101.8000,3101.6000,3101.4000,3103.2000,3104.0000,3108.6000,3109.8000,3111.0000,1,1,1,8,3,1,1,6,2,4
SF,IH2009,2020-07-03 09:31:04.600,3103.2000,20376,-1,454271820.000,2,0,2,多平,S,3102.8000,3101.8000,3101.6000,3101.4000,3100.6000,3104.0000,3108.6000,3109.8000,3111.0000,3112.4000,1,1,8,2,9,1,6,2,4,1
SF,IH2009,2020-07-03 09:31:05.100,3103.2000,20376,0,454271820.000,0,-,-,-,-,3102.8000,3101.8000,3101.6000,3101.4000,3100.6000,3103.8000,3104.0000,3108.6000,3109.8000,3111.0000,1,1,8,2,9,2,1,6,2,4
SF,IH2009,2020-07-03 09:31:05.600,3103.8000,20374,-2,456133800.000,2,0,2,双平,S,3103.2000,3101.8000,3101.6000,3101.4000,3100.6000,3103.8000,3104.0000,3108.6000,3109.8000,3111.0000,7,1,8,2,9,1,1,6,2,4
SF,IH2009,2020-07-03 09:31:06.100,3103.2000,20374,0,457064760.000,1,0,1,多换,S,3103.2000,3101.8000,3101.6000,3101.4000,3100.6000,3103.6000,3103.8000,3104.0000,3108.6000,3109.8000,6,1,8,2,9,2,1,1,6,2
SF,IH2009,2020-07-03 09:31:06.600,3103.2000,20375,1,459857760.000,3,2,1,空开,S,3103.2000,3101.8000,3101.6000,3101.4000,3100.6000,3103.8000,3104.0000,3108.6000,3109.8000,3111.0000,4,1,8,2,9,1,1,6,2,4
SF,IH2009,2020-07-03 09:31:07.100,3103.2000,20375,0,463581600.000,4,2,2,多换,S,3101.8000,3101.6000,3101.4000,3100.6000,3100.4000,3103.8000,3104.0000,3108.6000,3109.8000,3111.0000,1,8,2,9,1,1,1,6,2,4
SF,IH2009,2020-07-03 09:31:07.600,3103.6000,20374,-1,465443640.000,2,0,2,多平,S,3102.6000,3102.0000,3101.8000,3101.6000,3101.4000,3103.8000,3104.0000,3108.6000,3109.8000,3111.0000,1,7,1,8,2,1,1,6,2,4
SF,IH2009,2020-07-03 09:31:08.100,3103.8000,20373,-1,466374780.000,1,0,1,双平,S,3103.8000,3102.6000,3102.0000,3101.8000,3101.6000,3104.0000,3108.6000,3109.8000,3111.0000,3114.0000,4,1,7,1,8,1,6,2,4,1
SF,IH2009,2020-07-03 09:31:08.600,3102.8000,20368,-5,471961020.000,6,0,6,多平,S,3103.8000,3102.8000,3102.6000,3102.0000,3101.8000,3104.0000,3108.6000,3109.8000,3111.0000,3114.0000,1,5,1,1,1,1,6,2,4,1
SF,IH2009,2020-07-03 09:31:09.100,3103.8000,20367,-1,472892160.000,1,0,1,双平,S,3103.2000,3102.8000,3102.6000,3102.0000,3101.8000,3103.6000,3103.8000,3104.0000,3108.6000,3111.0000,1,5,1,1,1,1,1,1,6,4
SF,IH2009,2020-07-03 09:31:09.600,3103.6000,20366,-1,473823240.000,1,0,1,双平,S,3103.2000,3102.8000,3102.6000,3102.0000,3101.8000,3103.8000,3104.0000,3108.6000,3111.0000,3114.6000,1,5,1,1,1,1,1,6,4,1
SF,IH2009,2020-07-03 09:31:10.100,3103.6000,20366,0,473823240.000,0,-,-,-,-,3103.2000,3103.0000,3102.8000,3102.6000,3102.0000,3103.8000,3104.0000,3108.6000,3111.0000,3114.6000,1,1,5,1,1,1,1,6,4,1
SF,IH2009,2020-07-03 09:31:10.600,3103.0000,20364,-2,475685100.000,2,0,2,双平,S,3102.8000,3102.6000,3102.0000,3101.8000,3101.6000,3103.8000,3104.0000,3108.6000,3111.0000,3114.6000,5,1,1,1,8,1,1,6,4,1
SF,IH2009,2020-07-03 09:31:11.100,3104.0000,20362,-2,477547440.000,2,0,2,双平,S,3103.4000,3103.0000,3102.6000,3102.0000,3101.6000,3108.6000,3111.0000,3114.6000,3115.0000,3115.6000,4,1,2,1,8,6,4,1,5,1
SF,IH2009,2020-07-03 09:31:11.600,3107.6000,20360,-2,479411940.000,2,0,2,双平,S,3103.6000,3103.4000,3102.6000,3101.6000,3101.4000,3107.6000,3108.0000,3108.4000,3108.6000,3111.0000,3,4,2,8,1,1,3,1,6,4
SF,IH2009,2020-07-03 09:31:12.100,3103.8000,20358,-2,481274220.000,2,0,2,双平,S,3103.8000,3103.6000,3103.4000,3102.6000,3101.6000,3107.4000,3107.6000,3108.0000,3108.6000,3111.0000,2,3,1,2,8,5,3,3,6,4
SF,IH2009,2020-07-03 09:31:12.600,3103.8000,20358,0,481274220.000,0,-,-,-,-,3104.0000,3103.8000,3103.6000,3103.4000,3102.6000,3107.4000,3107.6000,3108.0000,3108.6000,3111.0000,2,2,1,1,2,5,2,3,6,4
SF,IH2009,2020-07-03 09:31:13.100,3107.2000,20354,-4,485001720.000,4,0,4,双平,S,3104.2000,3104.0000,3103.8000,3103.4000,3102.6000,3107.4000,3108.0000,3108.6000,3111.0000,3114.6000,1,2,2,1,2,5,3,6,4,1
SF,IH2009,2020-07-03 09:31:13.600,3107.4000,20352,-2,488728740.000,4,1,3,多平,S,3104.4000,3104.2000,3103.8000,3103.4000,3102.6000,3107.4000,3108.0000,3108.6000,3111.0000,3114.6000,2,1,2,1,2,3,3,6,1,1
SF,IH2009,2020-07-03 09:31:14.100,3107.4000,20352,0,488728740.000,0,-,-,-,-,3104.6000,3104.4000,3104.2000,3103.8000,3103.4000,3107.2000,3107.4000,3108.0000,3108.6000,3111.0000,2,2,1,2,1,1,4,3,6,1
SF,IH2009,2020-07-03 09:31:14.600,3107.4000,20353,1,489660960.000,1,1,0,双开,S,3104.8000,3104.6000,3103.8000,3103.4000,3102.6000,3107.2000,3107.4000,3108.0000,3108.6000,3111.0000,3,1,2,1,2,1,4,3,6,1
SF,IH2009,2020-07-03 09:31:15.100,3107.4000,20353,0,489660960.000,0,-,-,-,-,3105.0000,3104.8000,3104.6000,3103.8000,3103.4000,3107.0000,3107.2000,3107.4000,3108.0000,3108.6000,1,2,1,2,1,1,1,4,1,6
SF,IH2009,2020-07-03 09:31:15.600,3107.2000,20352,-1,490593120.000,1,0,1,双平,S,3105.0000,3104.8000,3104.6000,3103.8000,3103.4000,3107.0000,3107.4000,3108.0000,3108.6000,3111.0000,1,2,1,3,1,1,4,1,6,1
SF,IH2009,2020-07-03 09:31:16.100,3104.8000,20352,0,492456060.000,2,1,1,多换,S,3104.8000,3104.6000,3103.8000,3103.4000,3102.6000,3106.8000,3107.0000,3107.4000,3108.0000,3111.0000,1,1,3,1,2,1,1,1,1,1
SF,IH2009,2020-07-03 09:31:16.600,3104.8000,20352,0,492456060.000,0,-,-,-,-,3104.8000,3104.6000,3103.8000,3103.4000,3102.6000,3106.6000,3106.8000,3107.4000,3108.0000,3111.0000,1,1,3,1,2,1,1,1,1,1
SF,IH2009,2020-07-03 09:31:17.100,3106.4000,20352,0,494319900.000,2,1,1,多换,S,3105.0000,3104.8000,3104.6000,3103.8000,3103.4000,3106.4000,3106.6000,3107.4000,3108.0000,3111.0000,1,1,1,3,1,2,1,1,2,1
SF,IH2009,2020-07-03 09:31:17.600,3104.8000,20351,-1,495251340.000,1,0,1,双平,S,3104.6000,3103.8000,3103.4000,3102.6000,3101.4000,3105.0000,3106.4000,3106.6000,3107.2000,3108.0000,1,3,1,2,1,1,2,1,1,2
SF,IH2009,2020-07-03 09:31:18.100,3104.6000,20349,-2,497114100.000,2,0,2,双平,S,3103.8000,3103.4000,3102.6000,3101.4000,3100.6000,3105.0000,3106.6000,3106.8000,3107.2000,3108.0000,3,1,2,1,3,1,1,1,2,2
SF,IH2009,2020-07-03 09:31:18.600,3105.0000,20349,0,498977100.000,2,1,1,多换,S,3106.4000,3104.6000,3103.8000,3103.4000,3102.6000,3106.6000,3106.8000,3107.2000,3108.0000,3111.0000,1,1,3,1,2,1,1,2,2,1
SF,IH2009,2020-07-03 09:31:19.100,3106.4000,20350,1,502704900.000,4,2,2,空开,S,3104.6000,3103.8000,3103.4000,3102.6000,3101.4000,3106.4000,3107.2000,3108.0000,3111.0000,3111.2000,1,3,1,2,1,2,2,1,1,1
SF,IH2009,2020-07-03 09:31:19.600,3104.8000,20349,-1,503636340.000,1,0,1,双平,S,3105.0000,3104.6000,3103.8000,3103.4000,3102.6000,3106.2000,3106.4000,3107.2000,3108.0000,3111.0000,1,1,3,1,2,1,3,2,1,1
SF,IH2009,2020-07-03 09:31:20.100,3104.8000,20349,0,503636340.000,0,-,-,-,-,3105.0000,3104.6000,3103.8000,3103.4000,3102.6000,3106.0000,3106.4000,3107.2000,3108.0000,3108.6000,1,1,3,1,2,1,3,2,1,1
SF,IH2009,2020-07-03 09:31:20.600,3105.0000,20349,0,505499640.000,2,1,1,多换,S,3104.6000,3103.8000,3103.4000,3102.6000,3102.0000,3106.4000,3107.2000,3108.0000,3108.6000,3111.0000,1,3,1,2,1,3,2,1,1,1
SF,IH2009,2020-07-03 09:31:21.100,3106.2000,20349,0,506431500.000,1,0,1,多换,S,3106.2000,3104.8000,3104.6000,3103.8000,3103.4000,3106.4000,3107.2000,3108.0000,3108.6000,3111.0000,1,2,1,3,1,3,2,1,1,1
SF,IH2009,2020-07-03 09:31:21.600,3106.4000,20348,-1,508295280.000,2,0,2,多平,S,3104.8000,3104.6000,3103.8000,3103.4000,3102.6000,3106.4000,3107.2000,3108.0000,3108.6000,3111.0000,2,1,3,1,2,2,2,1,1,1
SF,IH2009,2020-07-03 09:31:22.100,3104.8000,20348,0,510158640.000,2,1,1,多换,S,3104.8000,3104.6000,3103.8000,3103.4000,3102.6000,3106.4000,3107.2000,3108.0000,3108.6000,3111.0000,1,1,3,1,2,1,2,1,1,1
SF,IH2009,2020-07-03 09:31:22.600,3104.8000,20348,0,510158640.000,0,-,-,-,-,3105.0000,3104.8000,3104.6000,3103.8000,3103.4000,3106.2000,3106.4000,3107.2000,3108.0000,3108.6000,1,1,1,3,1,1,1,2,1,1
SF,IH2009,2020-07-03 09:31:23.100,3106.2000,20347,-1,511090500.000,1,0,1,双平,S,3105.2000,3104.8000,3104.6000,3103.8000,3103.4000,3106.4000,3107.2000,3108.0000,3108.6000,3111.0000,1,1,1,3,1,1,2,1,1,1
SF,IH2009,2020-07-03 09:31:23.600,3105.2000,20346,-1,512022060.000,1,0,1,双平,S,3104.8000,3103.8000,3103.4000,3102.6000,3102.0000,3106.4000,3107.2000,3108.0000,3108.6000,3111.0000,2,3,1,2,1,2,2,1,1,1
SF,IH2009,2020-07-03 09:31:24.100,3104.8000,20345,-1,512953500.000,1,0,1,双平,S,3104.8000,3103.8000,3103.4000,3102.6000,3102.0000,3106.4000,3107.2000,3108.0000,3108.6000,3111.0000,1,3,1,2,1,2,2,1,1,1
SF,IH2009,2020-07-03 09:31:25.100,3106.4000,20345,0,514817340.000,2,1,1,多换,S,3104.8000,3103.8000,3103.4000,3102.6000,3102.0000,3107.2000,3108.0000,3108.6000,3111.0000,3111.2000,1,3,1,2,1,2,1,1,1,1
SF,IH2009,2020-07-03 09:31:25.600,3106.4000,20345,0,514817340.000,0,-,-,-,-,3104.8000,3104.6000,3103.8000,3103.4000,3102.6000,3107.0000,3107.2000,3108.0000,3108.6000,3111.0000,1,1,3,1,2,1,2,1,1,1
SF,IH2009,2020-07-03 09:31:26.100,3105.0000,20344,-1,516680760.000,2,0,2,多平,S,3104.8000,3104.6000,3103.8000,3103.4000,3102.6000,3105.0000,3107.0000,3107.2000,3108.0000,3108.6000,1,1,3,1,2,3,1,2,1,1
SF,IH2009,2020-07-03 09:31:26.600,3105.0000,20340,-4,520406760.000,4,0,4,双平,S,3105.4000,3105.0000,3104.8000,3104.6000,3103.8000,3107.0000,3107.2000,3108.0000,3108.6000,3111.0000,3,3,1,1,3,1,2,1,1,1
SF,IH2009,2020-07-03 09:31:27.100,3107.0000,20338,-2,524134440.000,4,1,3,多平,S,3107.0000,3105.0000,3104.8000,3104.6000,3103.8000,3107.2000,3108.0000,3108.6000,3111.0000,3111.2000,1,1,1,1,3,2,1,1,1,1
SF,IH2009,2020-07-03 09:31:27.600,3107.0000,20337,-1,525066540.000,1,0,1,双平,S,3105.0000,3104.8000,3104.6000,3103.8000,3103.4000,3105.4000,3106.6000,3107.0000,3107.2000,3108.0000,2,1,1,3,1,1,3,1,2,1
SF,IH2009,2020-07-03 09:31:28.100,3105.4000,20337,0,525998160.000,1,0,1,多换,S,3105.8000,3105.4000,3105.2000,3105.0000,3104.8000,3107.0000,3107.2000,3108.0000,3108.6000,3110.0000,3,2,1,2,1,2,2,1,1,5
SF,IH2009,2020-07-03 09:31:28.600,3105.4000,20337,0,525998160.000,0,-,-,-,-,3105.4000,3105.2000,3105.0000,3104.8000,3104.6000,3106.8000,3107.0000,3107.2000,3108.0000,3108.6000,1,1,2,1,1,1,2,2,1,1
SF,IH2009,2020-07-03 09:31:29.100,3105.4000,20336,-1,526929780.000,1,0,1,双平,S,3105.4000,3105.0000,3104.8000,3104.6000,3103.8000,3106.8000,3107.0000,3107.2000,3108.0000,3108.6000,1,2,1,1,3,2,2,2,1,1
SF,IH2009,2020-07-03 09:31:29.600,3105.4000,20336,0,527861400.000,1,0,1,多换,S,3105.4000,3105.0000,3104.8000,3104.6000,3103.8000,3106.6000,3106.8000,3107.0000,3107.2000,3108.0000,1,2,1,1,3,1,2,1,2,1
SF,IH2009,2020-07-03 09:31:30.100,3105.4000,20336,0,527861400.000,0,-,-,-,-,3105.4000,3105.0000,3104.8000,3104.6000,3103.8000,3106.4000,3106.6000,3106.8000,3107.0000,3107.2000,2,2,1,1,3,1,1,1,1,2
SF,IH2009,2020-07-03 09:31:30.600,3105.4000,20335,-1,528793020.000,1,0,1,双平,S,3105.4000,3105.0000,3104.8000,3104.6000,3103.8000,3106.6000,3106.8000,3107.0000,3107.2000,3108.0000,2,2,1,1,3,1,1,1,2,1
SF,IH2009,2020-07-03 09:31:31.100,3105.4000,20334,-1,530656260.000,2,0,2,多平,S,3105.4000,3105.0000,3104.8000,3104.6000,3103.8000,3106.8000,3107.0000,3107.2000,3108.0000,3108.6000,1,2,1,1,3,1,1,2,1,1
SF,IH2009,2020-07-03 09:31:31.600,3105.4000,20333,-1,533451120.000,3,1,2,多平,S,3105.0000,3104.8000,3104.6000,3103.8000,3103.4000,3106.6000,3106.8000,3107.0000,3107.2000,3108.0000,2,1,1,3,1,2,1,1,2,1
SF,IH2009,2020-07-03 09:31:32.100,3105.4000,20333,0,533451120.000,0,-,-,-,-,3105.2000,3105.0000,3104.8000,3104.6000,3103.8000,3106.6000,3106.8000,3107.0000,3107.2000,3108.0000,1,2,1,1,3,2,1,1,2,1
SF,IH2009,2020-07-03 09:31:33.100,3105.4000,20333,0,533451120.000,0,-,-,-,-,3105.2000,3105.0000,3104.8000,3104.6000,3103.8000,3106.6000,3106.8000,3107.0000,3107.2000,3108.0000,1,2,1,1,3,2,1,1,2,1
SF,IH2009,2020-07-03 09:31:33.600,3105.4000,20332,-1,534382740.000,1,0,1,双平,S,3105.2000,3105.0000,3104.8000,3104.6000,3103.8000,3106.8000,3107.0000,3107.2000,3108.0000,3108.6000,1,2,1,1,3,1,1,2,1,1
SF,IH2009,2020-07-03 09:31:34.100,3105.4000,20332,0,534382740.000,0,-,-,-,-,3106.6000,3105.4000,3105.2000,3105.0000,3104.8000,3106.8000,3107.0000,3107.2000,3108.0000,3108.6000,1,1,1,2,1,2,1,2,1,1
SF,IH2009,2020-07-03 09:31:34.600,3105.4000,20331,-1,535314360.000,1,0,1,双平,S,3105.2000,3105.0000,3104.8000,3104.6000,3103.8000,3106.8000,3107.0000,3107.2000,3108.0000,3108.6000,2,2,1,1,3,2,1,2,1,1
SF,IH2009,2020-07-03 09:31:35.100,3105.2000,20329,-2,538109040.000,3,0,3,多平,S,3105.0000,3104.8000,3104.6000,3104.0000,3103.8000,3106.8000,3107.0000,3107.2000,3108.0000,3108.6000,2,1,1,1,3,2,1,2,1,1
SF,IH2009,2020-07-03 09:31:35.600,3105.2000,20329,0,538109040.000,0,-,-,-,-,3105.2000,3105.0000,3104.8000,3104.6000,3104.0000,3106.6000,3106.8000,3107.0000,3107.2000,3108.0000,2,3,1,1,1,3,2,1,2,1
SF,IH2009,2020-07-03 09:31:36.100,3105.2000,20329,0,538109040.000,0,-,-,-,-,3105.2000,3105.0000,3104.8000,3104.6000,3104.0000,3106.6000,3106.8000,3107.0000,3107.2000,3108.0000,1,2,1,1,1,3,2,1,2,1
SF,IH2009,2020-07-03 09:31:36.600,3105.2000,20329,0,538109040.000,0,-,-,-,-,3105.4000,3105.2000,3105.0000,3104.8000,3104.6000,3106.6000,3106.8000,3107.0000,3107.2000,3108.0000,1,1,2,1,1,3,1,1,2,1
SF,IH2009,2020-07-03 09:31:37.100,3105.2000,20329,0,538109040.000,0,-,-,-,-,3105.4000,3105.2000,3105.0000,3104.8000,3104.6000,3106.4000,3106.6000,3106.8000,3107.0000,3107.2000,1,1,2,1,1,1,3,2,1,2
SF,IH2009,2020-07-03 09:31:37.600,3106.2000,20329,0,539040900.000,1,0,1,多换,S,3105.0000,3104.8000,3104.6000,3104.0000,3103.8000,3106.2000,3106.4000,3106.6000,3106.8000,3107.0000,2,1,1,1,3,1,1,1,2,1
SF,IH2009,2020-07-03 09:31:38.100,3105.4000,20327,-2,541836240.000,3,0,3,多平,S,3105.4000,3105.2000,3105.0000,3104.8000,3104.6000,3106.6000,3106.8000,3107.0000,3107.2000,3108.0000,1,2,2,1,1,2,2,1,2,1
SF,IH2009,2020-07-03 09:31:38.600,3105.4000,20327,0,541836240.000,0,-,-,-,-,3106.2000,3105.6000,3105.4000,3105.2000,3105.0000,3106.4000,3106.6000,3106.8000,3107.0000,3107.2000,1,1,1,1,2,2,2,2,1,2
SF,IH2009,2020-07-03 09:31:39.100,3105.4000,20327,0,541836240.000,0,-,-,-,-,3106.2000,3105.6000,3105.4000,3105.2000,3105.0000,3106.6000,3106.8000,3107.0000,3107.2000,3108.0000,2,1,1,1,2,2,2,1,2,1
SF,IH2009,2020-07-03 09:31:39.600,3106.4000,20324,-3,544632120.000,3,0,3,双平,S,3106.4000,3106.2000,3105.6000,3105.4000,3105.2000,3106.8000,3107.0000,3107.2000,3108.0000,3108.6000,2,2,1,1,1,2,1,2,1,1
SF,IH2009,2020-07-03 09:31:40.100,3106.4000,20324,0,544632120.000,0,-,-,-,-,3106.4000,3106.2000,3105.6000,3105.4000,3105.2000,3106.8000,3107.0000,3107.2000,3108.0000,3108.6000,4,2,1,1,1,2,1,2,1,1
SF,IH2009,2020-07-03 09:31:40.600,3106.4000,20324,0,544632120.000,0,-,-,-,-,3106.6000,3106.4000,3106.2000,3105.6000,3105.4000,3106.8000,3107.0000,3107.2000,3108.0000,3108.6000,1,5,2,2,1,2,1,2,1,1
SF,IH2009,2020-07-03 09:31:41.100,3106.4000,20325,1,545564040.000,1,1,0,双开,S,3106.6000,3106.4000,3106.2000,3105.6000,3105.4000,3106.8000,3107.0000,3107.2000,3108.0000,3108.6000,1,5,2,2,1,2,1,2,1,1
SF,IH2009,2020-07-03 09:31:41.600,3106.8000,20324,-1,547428120.000,2,0,2,多平,S,3106.8000,3106.6000,3106.4000,3106.2000,3105.6000,3107.0000,3107.2000,3108.0000,3108.6000,3108.8000,1,1,6,2,2,1,2,1,1,3
SF,IH2009,2020-07-03 09:31:42.100,3107.0000,20325,1,548360220.000,1,1,0,双开,S,3106.8000,3106.6000,3106.4000,3106.2000,3105.6000,3107.2000,3108.0000,3108.6000,3108.8000,3110.0000,1,1,7,2,2,2,1,1,3,5
SF,IH2009,2020-07-03 09:31:42.600,3107.2000,20324,-1,550224540.000,2,0,2,多平,S,3106.8000,3106.6000,3106.4000,3106.2000,3105.6000,3108.0000,3108.6000,3108.8000,3110.0000,3111.0000,2,1,7,2,2,1,1,3,5,1
SF,IH2009,2020-07-03 09:31:43.100,3107.2000,20324,0,550224540.000,0,-,-,-,-,3106.8000,3106.6000,3106.4000,3106.2000,3105.6000,3107.8000,3108.0000,3108.6000,3108.8000,3110.0000,2,1,7,2,2,1,1,1,3,5
SF,IH2009,2020-07-03 09:31:43.600,3107.2000,20324,0,550224540.000,0,-,-,-,-,3106.8000,3106.6000,3106.4000,3106.2000,3105.6000,3107.6000,3108.0000,3108.6000,3108.8000,3110.0000,2,1,7,2,2,1,1,1,3,5
SF,IH2009,2020-07-03 09:31:44.100,3106.8000,20323,-1,551156580.000,1,0,1,双平,S,3106.6000,3106.4000,3106.2000,3105.6000,3105.4000,3106.8000,3107.4000,3108.0000,3108.6000,3108.8000,1,7,2,2,1,1,1,1,1,3
SF,IH2009,2020-07-03 09:31:44.600,3106.8000,20322,-1,553020600.000,2,0,2,多平,S,3106.4000,3106.2000,3105.6000,3105.4000,3105.2000,3106.6000,3106.8000,3107.4000,3108.0000,3108.6000,7,2,2,1,1,1,1,1,1,1
SF,IH2009,2020-07-03 09:31:45.100,3107.4000,20320,-2,555816900.000,3,0,3,多平,S,3107.6000,3106.4000,3106.2000,3105.6000,3105.4000,3108.0000,3108.6000,3108.8000,3110.0000,3111.0000,7,7,2,2,1,1,1,3,5,1
SF,IH2009,2020-07-03 09:31:45.600,3107.0000,20313,-7,563274960.000,8,0,8,多平,S,3106.4000,3106.2000,3105.6000,3105.4000,3105.2000,3106.8000,3108.0000,3108.6000,3108.8000,3110.0000,6,2,2,1,1,4,1,1,3,5
SF,IH2009,2020-07-03 09:31:46.100,3106.4000,20311,-2,567934800.000,5,1,4,多平,S,3106.4000,3106.2000,3105.6000,3105.4000,3105.2000,3106.8000,3107.6000,3108.0000,3108.6000,3108.8000,3,2,2,1,1,2,4,1,1,3
SF,IH2009,2020-07-03 09:31:46.600,3106.4000,20311,0,570730560.000,3,1,2,多换,S,3106.2000,3105.6000,3105.4000,3105.2000,3105.0000,3106.6000,3106.8000,3107.6000,3108.0000,3108.6000,1,2,1,1,4,1,3,2,1,1
SF,IH2009,2020-07-03 09:31:47.100,3106.2000,20310,-1,571662420.000,1,0,1,双平,S,3106.2000,3105.6000,3105.4000,3105.2000,3105.0000,3106.8000,3107.6000,3108.0000,3108.6000,3108.8000,2,2,1,1,4,3,2,1,1,3
SF,IH2009,2020-07-03 09:31:47.600,3106.2000,20310,0,571662420.000,0,-,-,-,-,3106.2000,3105.6000,3105.4000,3105.2000,3105.0000,3106.6000,3106.8000,3108.0000,3108.6000,3108.8000,2,2,1,1,4,1,3,1,1,3
SF,IH2009,2020-07-03 09:31:48.100,3106.2000,20310,0,571662420.000,0,-,-,-,-,3106.2000,3105.6000,3105.4000,3105.2000,3105.0000,3106.4000,3106.8000,3108.0000,3108.6000,3108.8000,2,2,1,1,4,1,3,1,1,3
SF,IH2009,2020-07-03 09:31:48.600,3106.2000,20310,0,573526140.000,2,1,1,多换,S,3105.6000,3105.4000,3105.2000,3105.0000,3104.8000,3106.8000,3108.0000,3108.6000,3108.8000,3110.0000,2,1,1,4,2,3,1,1,3,6
SF,IH2009,2020-07-03 09:31:49.100,3106.2000,20310,0,573526140.000,0,-,-,-,-,3106.4000,3105.6000,3105.4000,3105.2000,3105.0000,3106.6000,3106.8000,3108.0000,3108.6000,3108.8000,10,2,1,2,4,2,3,1,1,3
SF,IH2009,2020-07-03 09:31:49.600,3106.4000,20307,-3,576321900.000,3,0,3,双平,S,3106.4000,3105.6000,3105.4000,3105.2000,3105.0000,3106.6000,3106.8000,3108.0000,3108.6000,3108.8000,7,2,1,2,4,1,3,1,1,3
SF,IH2009,2020-07-03 09:31:50.100,3106.4000,20306,-1,577253820.000,1,0,1,双平,S,3106.4000,3105.6000,3105.4000,3105.2000,3105.0000,3106.8000,3108.0000,3108.6000,3108.8000,3110.0000,6,2,1,2,4,3,1,1,3,6
SF,IH2009,2020-07-03 09:31:50.600,3106.8000,20305,-1,579117780.000,2,0,2,多平,S,3106.4000,3105.6000,3105.4000,3105.2000,3105.0000,3106.8000,3108.0000,3108.6000,3108.8000,3110.0000,5,2,1,2,4,2,1,1,3,6
SF,IH2009,2020-07-03 09:31:51.100,3106.4000,20304,-1,580049700.000,1,0,1,双平,S,3106.4000,3105.6000,3105.4000,3105.2000,3105.0000,3106.8000,3108.0000,3108.6000,3108.8000,3110.0000,4,2,1,2,4,2,1,1,3,6
SF,IH2009,2020-07-03 09:31:51.600,3106.4000,20303,-1,580981620.000,1,0,1,双平,S,3106.4000,3105.6000,3105.4000,3105.2000,3105.0000,3106.6000,3106.8000,3108.0000,3108.6000,3108.8000,3,2,1,2,4,1,2,1,1,3
SF,IH2009,2020-07-03 09:31:52.100,3106.4000,20299,-4,584709300.000,4,0,4,双平,S,3105.6000,3105.4000,3105.2000,3105.0000,3104.8000,3106.4000,3106.8000,3108.0000,3108.6000,3108.8000,1,1,2,4,2,7,2,1,1,3
SF,IH2009,2020-07-03 09:31:52.600,3106.4000,20299,0,585641220.000,1,0,1,多换,S,3105.4000,3105.2000,3105.0000,3104.8000,3104.2000,3106.4000,3106.8000,3108.0000,3108.6000,3108.8000,1,2,5,2,1,6,2,1,1,3
SF,IH2009,2020-07-03 09:31:53.100,3106.4000,20293,-6,592164660.000,7,0,7,多平,S,3106.6000,3105.4000,3105.2000,3105.0000,3104.8000,3106.8000,3108.0000,3108.6000,3108.8000,3110.0000,3,1,2,5,2,2,1,1,3,6
SF,IH2009,2020-07-03 09:31:53.600,3106.6000,20290,-3,594960600.000,3,0,3,双平,S,3105.4000,3105.2000,3105.0000,3104.8000,3103.8000,3106.6000,3106.8000,3108.0000,3108.6000,3108.8000,1,2,5,2,3,2,2,1,1,3
SF,IH2009,2020-07-03 09:31:54.100,3106.4000,20291,1,597756120.000,3,2,1,空开,S,3105.2000,3105.0000,3104.8000,3104.4000,3103.8000,3106.4000,3106.6000,3106.8000,3108.0000,3108.6000,2,5,2,1,3,1,2,2,1,1
SF,IH2009,2020-07-03 09:31:54.600,3106.4000,20290,-1,598688040.000,1,0,1,双平,S,3106.0000,3105.4000,3105.2000,3105.0000,3104.8000,3106.2000,3106.6000,3106.8000,3108.0000,3108.6000,5,2,2,5,2,1,1,3,1,1
SF,IH2009,2020-07-03 09:31:55.100,3106.0000,20290,0,602415300.000,4,2,2,多换,S,3106.0000,3105.4000,3105.2000,3105.0000,3104.8000,3106.8000,3108.0000,3108.6000,3108.8000,3110.0000,2,1,2,5,2,3,1,1,3,6
SF,IH2009,2020-07-03 09:31:55.600,3106.0000,20290,0,602415300.000,0,-,-,-,-,3106.2000,3106.0000,3105.4000,3105.2000,3105.0000,3106.8000,3108.0000,3108.6000,3108.8000,3110.0000,10,2,1,2,5,3,1,1,3,6
SF,IH2009,2020-07-03 09:31:56.100,3106.2000,20289,-1,606142740.000,4,1,3,多平,S,3106.2000,3106.0000,3105.4000,3105.2000,3105.0000,3106.6000,3106.8000,3108.0000,3108.2000,3108.6000,7,11,1,2,5,1,3,1,1,1
SF,IH2009,2020-07-03 09:31:56.600,3106.2000,20289,0,611733900.000,6,3,3,多换,S,3106.2000,3106.0000,3105.4000,3105.2000,3105.0000,3106.6000,3106.8000,3108.0000,3108.2000,3108.6000,1,11,1,2,5,1,3,1,1,1
SF,IH2009,2020-07-03 09:31:57.100,3106.2000,20289,0,612665760.000,1,0,1,多换,S,3106.0000,3105.2000,3105.0000,3104.8000,3104.4000,3106.2000,3106.4000,3106.6000,3106.8000,3108.0000,11,2,5,2,1,2,1,1,3,1
SF,IH2009,2020-07-03 09:31:57.600,3106.2000,20289,0,612665760.000,0,-,-,-,-,3106.0000,3105.2000,3105.0000,3104.8000,3104.4000,3106.2000,3106.4000,3106.6000,3106.8000,3108.0000,11,2,5,2,1,3,1,1,3,1
SF,IH2009,2020-07-03 09:31:58.100,3106.0000,20290,1,615461280.000,3,2,1,空开,S,3106.0000,3105.2000,3105.0000,3104.8000,3104.4000,3106.6000,3106.8000,3108.0000,3108.2000,3108.6000,10,2,5,2,1,1,3,1,1,1
SF,IH2009,2020-07-03 09:31:58.600,3106.0000,20283,-7,622915680.000,8,0,8,多平,S,3106.0000,3105.2000,3105.0000,3104.8000,3104.4000,3106.4000,3106.6000,3106.8000,3108.0000,3108.2000,2,2,5,2,1,1,1,3,1,1
SF,IH2009,2020-07-03 09:31:59.100,3106.0000,20279,-4,626643060.000,4,0,4,双平,S,3105.2000,3105.0000,3104.8000,3104.4000,3104.0000,3106.0000,3106.6000,3106.8000,3108.0000,3108.2000,2,5,2,1,1,3,1,3,1,1
SF,IH2009,2020-07-03 09:31:59.600,3106.0000,20277,-2,629438460.000,3,0,3,多平,S,3106.4000,3105.4000,3105.2000,3105.0000,3104.8000,3106.6000,3106.8000,3108.0000,3108.2000,3108.6000,2,2,2,5,2,1,3,1,1,1
SF,IH2009,2020-07-03 09:32:00.100,3106.0000,20276,-1,630370260.000,1,0,1,双平,S,3106.4000,3105.4000,3105.2000,3105.0000,3104.8000,3106.6000,3106.8000,3108.0000,3108.2000,3108.6000,1,1,2,5,2,1,3,1,1,1
SF,IH2009,2020-07-03 09:32:00.600,3106.4000,20275,-1,632234160.000,2,0,2,多平,S,3105.4000,3105.2000,3105.0000,3104.8000,3104.4000,3106.8000,3108.0000,3108.2000,3108.6000,3108.8000,1,2,6,2,1,3,1,1,1,3
SF,IH2009,2020-07-03 09:32:01.100,3106.8000,20274,-1,633166200.000,1,0,1,双平,S,3105.6000,3105.4000,3105.2000,3105.0000,3104.8000,3106.2000,3106.8000,3108.0000,3108.2000,3108.6000,2,1,2,6,2,1,2,1,1,1
SF,IH2009,2020-07-03 09:32:01.600,3105.6000,20274,0,634097880.000,1,0,1,多换,S,3105.6000,3105.4000,3105.2000,3105.0000,3104.8000,3106.2000,3106.8000,3108.0000,3108.2000,3108.6000,1,1,2,6,2,2,2,1,1,1
SF,IH2009,2020-07-03 09:32:02.100,3106.2000,20273,-1,635029740.000,1,0,1,双平,S,3105.6000,3105.4000,3105.2000,3105.0000,3104.8000,3106.2000,3106.4000,3106.8000,3108.0000,3108.2000,1,1,2,6,2,1,1,2,1,1
SF,IH2009,2020-07-03 09:32:02.600,3105.2000,20270,-3,638756160.000,4,0,4,多平,S,3105.0000,3104.8000,3104.4000,3104.0000,3103.8000,3105.2000,3106.2000,3106.4000,3106.8000,3108.0000,6,2,1,1,3,1,1,1,2,1
SF,IH2009,2020-07-03 09:32:03.100,3105.6000,20268,-2,642482640.000,4,1,3,多平,S,3105.2000,3105.0000,3104.8000,3104.4000,3104.0000,3105.6000,3106.2000,3106.4000,3106.8000,3108.0000,2,5,2,1,1,1,1,3,2,1
SF,IH2009,2020-07-03 09:32:03.600,3105.6000,20267,-1,647140380.000,5,2,3,多平,S,3105.0000,3104.8000,3104.4000,3104.0000,3103.8000,3106.2000,3106.4000,3106.8000,3108.0000,3108.2000,1,2,1,1,3,1,3,2,1,1
SF,IH2009,2020-07-03 09:32:04.100,3106.0000,20266,-1,648072180.000,1,0,1,双平,S,3105.0000,3104.8000,3104.4000,3104.0000,3103.8000,3106.0000,3106.2000,3106.4000,3106.8000,3108.0000,1,2,1,1,3,2,1,3,2,1
SF,IH2009,2020-07-03 09:32:04.600,3105.0000,20267,1,650866680.000,3,2,1,空开,S,3104.8000,3104.4000,3104.0000,3103.8000,3103.4000,3105.0000,3105.6000,3105.8000,3106.0000,3106.2000,2,1,1,3,1,2,1,1,2,1
SF,IH2009,2020-07-03 09:32:05.100,3106.2000,20264,-3,657388320.000,7,2,5,多平,S,3106.2000,3104.4000,3104.0000,3103.8000,3103.4000,3106.4000,3106.8000,3108.0000,3108.2000,3108.6000,1,1,1,3,1,3,2,1,1,1
SF,IH2009,2020-07-03 09:32:05.600,3106.2000,20264,0,658320180.000,1,0,1,多换,S,3104.0000,3103.8000,3102.6000,3102.0000,3101.4000,3105.2000,3105.8000,3106.2000,3106.4000,3106.8000,1,3,1,1,1,1,2,2,3,2
SF,IH2009,2020-07-03 09:32:06.100,3105.0000,20265,1,662977680.000,5,3,2,空开,S,3103.8000,3102.6000,3102.0000,3101.4000,3100.6000,3105.0000,3105.2000,3105.8000,3106.0000,3106.2000,3,1,1,1,3,1,1,1,1,1
SF,IH2009,2020-07-03 09:32:06.600,3105.0000,20265,0,663909180.000,1,0,1,多换,S,3103.8000,3102.6000,3102.0000,3101.4000,3100.6000,3104.8000,3105.0000,3105.2000,3105.8000,3106.0000,3,1,1,1,3,1,1,1,1,1
SF,IH2009,2020-07-03 09:32:07.100,3103.8000,20262,-3,666702600.000,3,0,3,双平,S,3104.0000,3102.6000,3102.0000,3101.4000,3100.6000,3104.6000,3104.8000,3105.2000,3106.0000,3106.4000,1,1,1,1,3,2,1,1,1,3
SF,IH2009,2020-07-03 09:32:07.600,3104.8000,20261,-1,673222020.000,7,3,4,多平,S,3102.6000,3102.0000,3101.4000,3100.6000,3100.0000,3104.0000,3104.4000,3105.2000,3106.4000,3106.8000,1,1,1,3,6,1,1,1,3,2
SF,IH2009,2020-07-03 09:32:08.100,3104.4000,20259,-2,675084720.000,2,0,2,双平,S,3104.0000,3102.8000,3102.6000,3102.0000,3101.4000,3105.2000,3106.4000,3106.8000,3108.0000,3108.2000,1,3,1,1,1,1,3,2,1,1
SF,IH2009,2020-07-03 09:32:08.600,3104.4000,20259,0,675084720.000,0,-,-,-,-,3104.6000,3102.8000,3102.6000,3102.0000,3101.4000,3105.0000,3105.2000,3106.4000,3106.8000,3108.0000,5,2,1,1,1,1,1,3,2,1
SF,IH2009,2020-07-03 09:32:09.100,3105.0000,20258,-1,677879280.000,3,1,2,多平,S,3105.0000,3104.6000,3102.8000,3102.6000,3102.0000,3106.4000,3106.8000,3108.0000,3108.2000,3108.6000,1,5,1,1,1,3,1,1,1,1
SF,IH2009,2020-07-03 09:32:09.600,3106.4000,20257,-1,680674200.000,3,1,2,多平,S,3105.0000,3104.6000,3103.8000,3102.8000,3102.6000,3106.4000,3106.8000,3108.0000,3108.2000,3108.6000,5,5,1,1,1,2,1,1,1,1
SF,IH2009,2020-07-03 09:32:10.100,3105.0000,20255,-2,687195660.000,7,2,5,多平,S,3105.0000,3104.6000,3103.8000,3102.6000,3102.0000,3106.2000,3106.8000,3108.0000,3108.2000,3108.6000,2,5,1,1,1,1,1,1,1,1
SF,IH2009,2020-07-03 09:32:10.600,3105.0000,20252,-3,689990160.000,3,0,3,双平,S,3106.2000,3105.0000,3104.6000,3103.8000,3102.6000,3106.8000,3108.0000,3108.2000,3108.6000,3108.8000,1,2,5,1,1,1,1,1,1,2
SF,IH2009,2020-07-03 09:32:11.100,3105.0000,20252,0,696511020.000,7,3,4,多换,S,3106.4000,3104.6000,3102.6000,3102.0000,3101.4000,3106.6000,3106.8000,3108.0000,3108.2000,3108.6000,1,5,1,1,1,2,1,1,1,1
SF,IH2009,2020-07-03 09:32:11.600,3106.4000,20252,0,697442940.000,1,0,1,多换,S,3104.6000,3102.6000,3102.0000,3101.4000,3100.6000,3106.4000,3106.8000,3108.0000,3108.2000,3108.6000,5,1,1,1,3,4,1,1,1,1
SF,IH2009,2020-07-03 09:32:12.100,3106.4000,20250,-2,703964880.000,7,2,5,多平,S,3104.6000,3102.6000,3102.0000,3101.4000,3100.6000,3106.8000,3108.0000,3108.2000,3108.6000,3108.8000,5,1,1,1,3,1,1,1,1,2
SF,IH2009,2020-07-03 09:32:12.600,3106.4000,20250,0,703964880.000,0,-,-,-,-,3104.8000,3104.6000,3102.6000,3102.0000,3101.4000,3106.6000,3106.8000,3108.0000,3108.2000,3108.6000,2,5,1,1,1,1,1,1,1,1
SF,IH2009,2020-07-03 09:32:13.100,3106.4000,20250,0,704896800.000,1,0,1,多换,S,3105.0000,3104.8000,3104.6000,3102.6000,3102.0000,3106.4000,3106.6000,3106.8000,3108.0000,3108.2000,1,2,5,1,1,2,1,1,1,1
SF,IH2009,2020-07-03 09:32:13.600,3106.4000,20250,0,704896800.000,0,-,-,-,-,3104.8000,3104.6000,3102.6000,3102.0000,3101.4000,3106.2000,3106.4000,3106.8000,3108.0000,3108.2000,2,5,1,1,1,1,2,1,1,1
SF,IH2009,2020-07-03 09:32:14.100,3106.4000,20250,0,706760640.000,2,1,1,多换,S,3106.6000,3105.0000,3104.8000,3104.6000,3102.6000,3106.8000,3108.0000,3108.2000,3108.6000,3108.8000,4,1,2,5,1,1,1,1,1,2
SF,IH2009,2020-07-03 09:32:14.600,3106.6000,20250,0,710488380.000,4,2,2,多换,S,3104.8000,3104.6000,3102.6000,3102.0000,3101.4000,3106.0000,3106.8000,3108.0000,3108.2000,3108.6000,2,5,1,1,1,2,1,1,1,1
SF,IH2009,2020-07-03 09:32:15.100,3106.0000,20250,0,713283780.000,3,1,2,多换,S,3106.2000,3105.0000,3104.8000,3104.6000,3102.6000,3106.6000,3106.8000,3108.0000,3108.2000,3108.6000,1,2,1,5,1,1,1,1,1,1
SF,IH2009,2020-07-03 09:32:15.600,3105.0000,20248,-2,720738780.000,8,3,5,多平,S,3104.8000,3104.6000,3102.6000,3102.0000,3101.4000,3105.0000,3106.0000,3108.0000,3108.2000,3108.6000,1,5,1,1,1,1,1,1,1,1
SF,IH2009,2020-07-03 09:32:16.100,3105.0000,20246,-2,722601780.000,2,0,2,双平,S,3105.4000,3105.2000,3105.0000,3104.6000,3102.6000,3106.0000,3108.0000,3108.2000,3108.6000,3108.8000,2,1,5,5,1,2,1,1,1,2
SF,IH2009,2020-07-03 09:32:16.600,3106.0000,20247,1,723533580.000,1,1,0,双开,S,3105.2000,3105.0000,3104.6000,3103.8000,3102.6000,3108.0000,3108.2000,3108.6000,3108.8000,3110.0000,1,2,5,1,1,1,1,1,2,6
SF,IH2009,2020-07-03 09:32:17.100,3106.0000,20247,0,723533580.000,0,-,-,-,-,3105.4000,3105.2000,3105.0000,3104.6000,3103.8000,3107.6000,3107.8000,3108.0000,3108.2000,3108.6000,5,1,2,5,1,2,4,1,1,1
SF,IH2009,2020-07-03 09:32:17.600,3106.0000,20247,0,723533580.000,0,-,-,-,-,3105.4000,3105.2000,3105.0000,3104.6000,3103.8000,3107.2000,3107.4000,3107.6000,3107.8000,3108.0000,5,1,3,5,1,2,2,2,1,1
SF,IH2009,2020-07-03 09:32:18.100,3106.0000,20247,0,723533580.000,0,-,-,-,-,3105.4000,3105.2000,3105.0000,3104.6000,3103.8000,3107.0000,3107.2000,3107.4000,3107.6000,3108.0000,4,1,3,5,1,2,2,1,2,1
SF,IH2009,2020-07-03 09:32:18.600,3105.4000,20246,-1,724465200.000,1,0,1,双平,S,3105.4000,3105.2000,3105.0000,3104.6000,3103.8000,3107.0000,3107.2000,3107.4000,3107.6000,3108.0000,1,1,3,5,1,2,2,1,2,1
SF,IH2009,2020-07-03 09:32:19.100,3105.4000,20246,0,724465200.000,0,-,-,-,-,3106.0000,3105.4000,3105.2000,3105.0000,3104.6000,3107.0000,3107.4000,3107.6000,3108.0000,3108.2000,3,1,1,3,5,2,1,2,1,1
SF,IH2009,2020-07-03 09:32:19.600,3106.8000,20245,-1,725397240.000,1,0,1,双平,S,3106.0000,3105.4000,3105.2000,3105.0000,3104.6000,3107.0000,3107.4000,3108.0000,3108.2000,3108.6000,8,1,1,3,5,2,1,1,1,1
SF,IH2009,2020-07-03 09:32:20.100,3107.4000,20243,-2,727261560.000,2,0,2,双平,S,3107.0000,3106.2000,3106.0000,3105.2000,3105.0000,3108.0000,3108.2000,3108.6000,3108.8000,3110.0000,1,2,8,1,3,1,1,1,2,6
SF,IH2009,2020-07-03 09:32:20.600,3107.4000,20243,0,727261560.000,0,-,-,-,-,3106.2000,3106.0000,3105.2000,3105.0000,3104.6000,3107.0000,3107.8000,3108.0000,3108.2000,3108.6000,2,8,1,3,5,2,2,1,1,1
SF,IH2009,2020-07-03 09:32:21.100,3107.4000,20243,0,727261560.000,0,-,-,-,-,3106.2000,3106.0000,3105.2000,3105.0000,3104.6000,3106.6000,3107.0000,3107.8000,3108.0000,3108.2000,2,8,1,3,5,1,4,2,1,1
SF,IH2009,2020-07-03 09:32:21.600,3106.6000,20243,0,729125640.000,2,1,1,多换,S,3106.6000,3106.2000,3106.0000,3105.2000,3105.0000,3107.0000,3107.8000,3108.0000,3108.2000,3108.6000,1,1,8,1,3,1,1,1,1,1
SF,IH2009,2020-07-03 09:32:22.100,3107.0000,20243,0,730057740.000,1,0,1,多换,S,3107.0000,3106.6000,3106.2000,3106.0000,3105.2000,3107.8000,3108.0000,3108.2000,3108.6000,3108.8000,1,3,1,8,1,1,1,1,1,2
SF,IH2009,2020-07-03 09:32:22.600,3107.0000,20243,0,730057740.000,0,-,-,-,-,3107.4000,3106.2000,3106.0000,3105.2000,3105.0000,3107.8000,3108.0000,3108.2000,3108.6000,3108.8000,1,1,8,1,3,1,1,1,1,2
SF,IH2009,2020-07-03 09:32:23.100,3107.4000,20243,0,730989960.000,1,0,1,多换,S,3106.2000,3106.0000,3105.2000,3105.0000,3104.6000,3107.0000,3107.2000,3107.4000,3107.8000,3108.0000,1,8,2,1,5,1,1,1,1,1
SF,IH2009,2020-07-03 09:32:23.600,3107.8000,20240,-3,734718780.000,4,0,4,多平,S,3106.4000,3106.0000,3105.2000,3105.0000,3104.6000,3108.0000,3108.2000,3108.6000,3108.8000,3110.0000,2,5,2,1,5,1,1,1,2,6
SF,IH2009,2020-07-03 09:32:24.100,3108.0000,20240,0,735651180.000,1,0,1,多换,S,3106.4000,3106.0000,3105.2000,3105.0000,3104.6000,3108.2000,3108.6000,3108.8000,3110.0000,3111.0000,3,5,2,1,5,1,1,2,6,2
SF,IH2009,2020-07-03 09:32:24.600,3108.2000,20239,-1,736583640.000,1,0,1,双平,S,3106.4000,3106.0000,3105.2000,3105.0000,3104.6000,3108.0000,3108.6000,3108.8000,3110.0000,3111.0000,3,5,2,1,5,1,1,2,6,2
SF,IH2009,2020-07-03 09:32:25.100,3108.6000,20238,-1,738448680.000,2,0,2,多平,S,3108.0000,3106.6000,3106.4000,3106.0000,3105.2000,3108.8000,3110.0000,3111.0000,3111.2000,3115.0000,9,3,3,5,2,2,6,2,1,7
SF,IH2009,2020-07-03 09:32:25.600,3108.6000,20238,0,738448680.000,0,-,-,-,-,3108.2000,3108.0000,3106.6000,3106.4000,3106.0000,3108.8000,3110.0000,3111.0000,3111.2000,3115.0000,2,8,3,1,5,2,6,2,1,7
SF,IH2009,2020-07-03 09:32:26.100,3108.6000,20238,0,738448680.000,0,-,-,-,-,3108.2000,3108.0000,3106.6000,3106.4000,3106.0000,3108.8000,3110.0000,3111.0000,3111.2000,3115.0000,2,8,1,1,5,2,6,2,1,7
SF,IH2009,2020-07-03 09:32:26.600,3108.2000,20238,0,744045420.000,6,3,3,多换,S,3108.2000,3108.0000,3106.6000,3106.4000,3105.8000,3110.0000,3111.0000,3111.2000,3115.0000,3115.6000,1,8,1,1,1,3,2,1,7,4
SF,IH2009,2020-07-03 09:32:27.100,3108.2000,20238,0,744045420.000,0,-,-,-,-,3108.4000,3108.2000,3108.0000,3105.8000,3105.2000,3109.8000,3110.0000,3111.0000,3111.2000,3115.0000,3,1,8,1,2,1,3,2,1,7
SF,IH2009,2020-07-03 09:32:27.600,3108.2000,20238,0,744045420.000,0,-,-,-,-,3108.4000,3108.2000,3108.0000,3105.8000,3105.2000,3109.8000,3110.0000,3111.0000,3111.2000,3115.0000,3,1,8,1,1,1,3,2,1,7
SF,IH2009,2020-07-03 09:32:28.100,3108.2000,20238,0,744045420.000,0,-,-,-,-,3108.4000,3108.2000,3108.0000,3105.8000,3105.2000,3109.8000,3110.0000,3111.0000,3111.2000,3115.0000,3,1,8,1,1,1,3,2,1,7
SF,IH2009,2020-07-03 09:32:28.600,3108.8000,20238,0,745911060.000,2,1,1,多换,S,3108.6000,3108.4000,3108.2000,3108.0000,3105.8000,3110.0000,3111.0000,3111.2000,3115.0000,3115.6000,2,3,1,8,1,2,2,1,7,4
SF,IH2009,2020-07-03 09:32:29.100,3108.8000,20238,0,745911060.000,0,-,-,-,-,3109.8000,3108.8000,3108.6000,3108.4000,3108.2000,3110.0000,3111.0000,3111.2000,3115.0000,3115.6000,3,2,2,1,1,2,2,1,7,4
SF,IH2009,2020-07-03 09:32:29.600,3111.0000,20237,-1,748710360.000,3,1,2,多平,S,3110.0000,3109.8000,3108.8000,3108.4000,3108.2000,3111.0000,3111.2000,3115.0000,3115.6000,3120.0000,3,3,1,1,1,1,1,7,4,13
SF,IH2009,2020-07-03 09:32:30.100,3111.0000,20237,0,748710360.000,0,-,-,-,-,3110.2000,3110.0000,3109.8000,3108.4000,3108.2000,3111.0000,3111.2000,3115.0000,3115.6000,3120.0000,1,2,3,1,1,1,1,7,4,13
SF,IH2009,2020-07-03 09:32:30.600,3111.0000,20237,0,749643660.000,1,0,1,多换,S,3110.4000,3110.2000,3110.0000,3109.8000,3108.4000,3111.2000,3115.0000,3115.6000,3120.0000,3130.0000,1,1,1,3,1,1,7,4,13,1
SF,IH2009,2020-07-03 09:32:31.100,3111.2000,20237,0,750577020.000,1,0,1,多换,S,3111.2000,3110.6000,3110.0000,3109.8000,3108.4000,3115.0000,3115.6000,3120.0000,3130.0000,3134.6000,1,2,2,3,1,7,4,13,1,4
SF,IH2009,2020-07-03 09:32:31.600,3111.2000,20233,-4,754311360.000,4,0,4,双平,S,3110.0000,3109.8000,3108.2000,3108.0000,3105.8000,3110.4000,3114.2000,3114.4000,3114.6000,3114.8000,2,3,1,8,1,15,1,1,1,1
SF,IH2009,2020-07-03 09:32:32.100,3110.4000,20218,-15,768308160.000,15,0,15,双平,S,3110.4000,3110.2000,3110.0000,3109.8000,3108.2000,3114.6000,3114.8000,3115.0000,3118.8000,3120.0000,3,3,2,3,1,2,1,7,4,13
SF,IH2009,2020-07-03 09:32:32.600,3110.4000,20218,0,768308160.000,0,-,-,-,-,3110.6000,3110.4000,3110.2000,3110.0000,3109.8000,3113.8000,3114.0000,3114.2000,3114.4000,3114.6000,2,2,2,2,3,1,1,2,3,2
SF,IH2009,2020-07-03 09:32:33.100,3110.4000,20218,0,768308160.000,0,-,-,-,-,3110.8000,3110.6000,3110.4000,3110.2000,3110.0000,3111.2000,3113.6000,3113.8000,3114.0000,3114.2000,1,2,2,1,2,5,3,1,1,2
SF,IH2009,2020-07-03 09:32:33.600,3111.2000,20216,-2,771108240.000,3,0,3,多平,S,3110.8000,3110.4000,3110.2000,3110.0000,3109.8000,3111.0000,3111.2000,3113.6000,3114.0000,3114.2000,1,2,1,2,3,1,2,2,1,2
SF,IH2009,2020-07-03 09:32:34.100,3111.2000,20212,-4,774841620.000,4,0,4,双平,S,3111.2000,3111.0000,3110.8000,3110.4000,3110.2000,3113.6000,3114.0000,3114.2000,3114.4000,3114.6000,4,1,1,2,1,2,1,2,1,1
SF,IH2009,2020-07-03 09:32:34.600,3113.6000,20212,0,776709780.000,2,1,1,多换,S,3111.4000,3111.2000,3111.0000,3110.4000,3110.2000,3114.0000,3114.4000,3114.6000,3115.0000,3118.8000,4,6,1,2,1,1,1,1,7,4
SF,IH2009,2020-07-03 09:32:35.100,3111.8000,20212,0,777643320.000,1,0,1,多换,S,3111.4000,3111.2000,3111.0000,3110.4000,3110.2000,3112.0000,3113.8000,3114.0000,3114.4000,3114.6000,4,6,1,3,1,1,1,1,1,1
SF,IH2009,2020-07-03 09:32:35.600,3113.6000,20211,-1,779511000.000,2,0,2,多平,S,3113.8000,3112.0000,3111.4000,3111.2000,3111.0000,3114.0000,3114.6000,3115.0000,3118.8000,3120.0000,1,2,1,6,1,1,1,7,4,13
SF,IH2009,2020-07-03 09:32:36.100,3113.8000,20211,0,780445140.000,1,0,1,多换,S,3112.0000,3111.6000,3111.4000,3111.2000,3111.0000,3113.2000,3113.4000,3113.6000,3113.8000,3115.0000,2,2,1,5,1,2,3,1,4,7
SF,IH2009,2020-07-03 09:32:36.600,3112.2000,20211,0,781378800.000,1,0,1,多换,S,3112.2000,3112.0000,3111.6000,3111.2000,3111.0000,3113.2000,3113.6000,3113.8000,3115.0000,3115.2000,2,2,2,5,1,2,1,1,7,1
SF,IH2009,2020-07-03 09:32:37.100,3112.2000,20210,-1,782312460.000,1,0,1,双平,S,3112.4000,3112.2000,3112.0000,3111.2000,3111.0000,3113.2000,3113.8000,3115.0000,3115.2000,3118.8000,2,3,2,5,1,2,1,7,1,4
SF,IH2009,2020-07-03 09:32:37.600,3112.2000,20210,0,782312460.000,0,-,-,-,-,3113.2000,3112.4000,3112.2000,3112.0000,3111.2000,3115.0000,3115.2000,3118.8000,3120.0000,3130.0000,10,2,3,2,5,7,1,4,13,1
SF,IH2009,2020-07-03 09:32:38.100,3113.2000,20208,-2,784180380.000,2,0,2,双平,S,3113.4000,3113.2000,3112.2000,3112.0000,3111.2000,3114.8000,3115.0000,3115.2000,3116.4000,3118.8000,3,10,2,2,5,1,7,1,1,4
SF,IH2009,2020-07-03 09:32:38.600,3113.4000,20208,0,786048420.000,2,1,1,多换,S,3113.4000,3113.2000,3112.2000,3112.0000,3111.6000,3114.8000,3115.0000,3115.2000,3116.4000,3118.8000,1,13,2,2,1,1,7,1,1,4
SF,IH2009,2020-07-03 09:32:39.100,3114.8000,20207,-1,786982860.000,1,0,1,双平,S,3114.8000,3113.6000,3113.4000,3113.2000,3112.0000,3115.0000,3115.2000,3116.4000,3118.8000,3120.0000,1,1,1,14,2,7,1,1,4,12
SF,IH2009,2020-07-03 09:32:39.600,3113.2000,20208,1,800060700.000,14,7,7,空开,S,3114.8000,3114.0000,3113.2000,3112.0000,3111.6000,3115.0000,3115.2000,3116.4000,3118.8000,3120.0000,1,1,7,1,1,4,1,1,4,12
SF,IH2009,2020-07-03 09:32:40.100,3114.8000,20207,-1,800995140.000,1,0,1,双平,S,3114.8000,3114.0000,3113.2000,3112.0000,3111.6000,3115.0000,3115.2000,3116.4000,3118.8000,3120.0000,1,1,7,1,1,4,1,1,4,12
SF,IH2009,2020-07-03 09:32:41.100,3115.0000,20208,1,801929640.000,1,1,0,双开,S,3114.8000,3114.2000,3114.0000,3113.2000,3112.0000,3115.0000,3115.2000,3116.4000,3120.0000,3122.8000,1,1,1,8,1,3,1,1,12,4
SF,IH2009,2020-07-03 09:32:41.600,3115.0000,20211,3,805667580.000,4,3,1,空开,S,3115.0000,3114.2000,3114.0000,3113.2000,3112.0000,3115.2000,3116.4000,3120.0000,3122.8000,3130.0000,4,1,1,8,1,1,1,12,4,1
SF,IH2009,2020-07-03 09:32:42.100,3115.0000,20211,0,810340080.000,5,2,3,多换,S,3114.2000,3114.0000,3113.2000,3112.0000,3111.6000,3115.0000,3115.2000,3116.4000,3120.0000,3122.8000,1,1,8,1,1,3,1,1,12,4
SF,IH2009,2020-07-03 09:32:42.600,3115.0000,20211,0,811274580.000,1,0,1,多换,S,3114.4000,3114.2000,3114.0000,3113.4000,3113.2000,3114.8000,3115.0000,3115.2000,3115.8000,3116.4000,1,1,1,1,8,2,4,1,1,1
SF,IH2009,2020-07-03 09:32:43.100,3114.8000,20210,-1,814077780.000,3,1,2,多平,S,3114.2000,3114.0000,3113.4000,3113.2000,3112.0000,3115.0000,3115.2000,3115.8000,3116.4000,3120.0000,1,1,1,8,1,4,2,1,1,12
SF,IH2009,2020-07-03 09:32:43.600,3115.0000,20208,-2,815946780.000,2,0,2,双平,S,3114.2000,3114.0000,3113.4000,3113.2000,3112.0000,3115.0000,3115.2000,3115.8000,3116.4000,3117.0000,1,1,1,8,1,1,1,1,1,1
SF,IH2009,2020-07-03 09:32:44.100,3114.4000,20207,-1,817815600.000,2,0,2,多平,S,3114.8000,3114.4000,3114.2000,3114.0000,3113.4000,3115.2000,3115.8000,3116.4000,3117.0000,3120.0000,5,1,1,1,1,1,1,1,1,12
SF,IH2009,2020-07-03 09:32:44.600,3114.4000,20207,0,817815600.000,0,-,-,-,-,3115.0000,3114.8000,3114.4000,3114.0000,3113.4000,3115.2000,3115.8000,3116.4000,3117.0000,3120.0000,2,5,1,1,1,1,1,1,1,12
SF,IH2009,2020-07-03 09:32:45.100,3115.0000,20205,-2,821553720.000,4,1,3,多平,S,3115.0000,3114.8000,3114.4000,3114.0000,3113.4000,3115.8000,3116.4000,3117.0000,3120.0000,3122.8000,5,5,1,1,1,1,1,1,12,4
SF,IH2009,2020-07-03 09:32:45.600,3115.0000,20205,0,821553720.000,0,-,-,-,-,3115.2000,3115.0000,3114.8000,3114.4000,3113.4000,3116.4000,3117.0000,3117.4000,3120.0000,3122.8000,1,7,5,1,1,1,1,1,12,4
SF,IH2009,2020-07-03 09:32:46.100,3115.0000,20205,0,821553720.000,0,-,-,-,-,3115.2000,3115.0000,3114.8000,3114.4000,3113.4000,3116.4000,3117.0000,3117.4000,3118.0000,3120.0000,10,10,5,1,1,1,1,1,1,12
SF,IH2009,2020-07-03 09:32:46.600,3115.0000,20205,0,821553720.000,0,-,-,-,-,3115.2000,3115.0000,3114.8000,3114.4000,3113.4000,3116.4000,3117.0000,3117.4000,3118.0000,3120.0000,10,11,5,1,1,1,1,1,1,12
SF,IH2009,2020-07-03 09:32:47.100,3115.0000,20202,-3,824357220.000,3,0,3,双平,S,3115.2000,3115.0000,3114.8000,3114.4000,3113.4000,3116.4000,3117.0000,3117.4000,3118.0000,3120.0000,9,11,5,1,1,1,1,1,1,12
SF,IH2009,2020-07-03 09:32:47.600,3116.4000,20202,0,825292140.000,1,0,1,多换,S,3116.4000,3115.8000,3115.4000,3115.2000,3115.0000,3117.0000,3117.4000,3118.0000,3119.0000,3120.0000,3,1,1,9,14,1,1,1,1,12
SF,IH2009,2020-07-03 09:32:48.100,3116.4000,20202,0,826227060.000,1,0,1,多换,S,3116.4000,3115.8000,3115.4000,3115.2000,3115.0000,3117.0000,3117.4000,3118.0000,3119.0000,3120.0000,2,1,1,9,14,1,1,1,1,12
SF,IH2009,2020-07-03 09:32:48.600,3116.4000,20202,0,826227060.000,0,-,-,-,-,3116.4000,3116.0000,3115.8000,3115.4000,3115.2000,3117.0000,3117.4000,3118.0000,3119.0000,3120.0000,2,1,1,1,9,1,1,1,1,12
SF,IH2009,2020-07-03 09:32:49.100,3116.4000,20202,0,826227060.000,0,-,-,-,-,3116.6000,3116.4000,3116.0000,3115.8000,3115.2000,3117.0000,3117.4000,3118.0000,3119.0000,3120.0000,1,2,1,1,9,1,1,1,1,12
SF,IH2009,2020-07-03 09:32:49.600,3116.6000,20201,-1,828097020.000,2,0,2,多平,S,3116.4000,3116.0000,3115.8000,3115.2000,3115.0000,3117.0000,3117.4000,3118.0000,3119.0000,3120.0000,2,1,1,9,13,1,1,1,1,12
SF,IH2009,2020-07-03 09:32:50.100,3116.6000,20201,0,828097020.000,0,-,-,-,-,3116.4000,3116.0000,3115.8000,3115.2000,3115.0000,3117.4000,3118.0000,3119.0000,3120.0000,3122.8000,2,1,1,9,13,1,1,1,12,4
SF,IH2009,2020-07-03 09:32:50.600,3120.0000,20201,0,832775340.000,5,2,3,多换,S,3117.0000,3116.6000,3116.4000,3116.0000,3115.8000,3119.8000,3120.0000,3122.8000,3130.0000,3135.0000,4,1,2,1,1,1,10,4,1,1
SF,IH2009,2020-07-03 09:32:51.100,3117.2000,20200,-1,833710500.000,1,0,1,双平,S,3117.2000,3117.0000,3116.4000,3116.0000,3115.8000,3118.6000,3119.2000,3119.6000,3119.8000,3120.0000,1,5,3,1,1,2,2,5,1,10
SF,IH2009,2020-07-03 09:32:51.600,3117.2000,20200,0,833710500.000,0,-,-,-,-,3117.0000,3116.4000,3116.0000,3115.8000,3115.2000,3118.4000,3118.6000,3119.2000,3119.6000,3119.8000,7,3,1,2,9,1,2,2,1,1
SF,IH2009,2020-07-03 09:32:52.100,3117.2000,20200,0,833710500.000,0,-,-,-,-,3117.0000,3116.4000,3116.0000,3115.8000,3115.2000,3118.4000,3118.6000,3119.2000,3119.6000,3119.8000,7,3,1,2,9,3,2,2,1,1
SF,IH2009,2020-07-03 09:32:52.600,3117.2000,20200,0,833710500.000,0,-,-,-,-,3117.0000,3116.4000,3116.0000,3115.8000,3115.2000,3118.4000,3118.6000,3119.2000,3119.6000,3119.8000,7,3,1,2,9,1,2,2,1,1
SF,IH2009,2020-07-03 09:32:53.100,3118.2000,20198,-2,840258360.000,7,2,5,多平,S,3117.0000,3116.4000,3116.0000,3115.8000,3115.2000,3118.4000,3119.2000,3119.6000,3119.8000,3120.0000,6,2,1,2,9,1,2,1,1,12
SF,IH2009,2020-07-03 09:32:53.600,3118.2000,20198,0,841193820.000,1,0,1,多换,S,3117.2000,3117.0000,3116.4000,3115.8000,3115.2000,3118.4000,3119.2000,3119.6000,3119.8000,3120.0000,1,6,2,2,9,1,2,1,1,12
SF,IH2009,2020-07-03 09:32:54.100,3118.4000,20197,-1,842129340.000,1,0,1,双平,S,3117.2000,3117.0000,3116.4000,3115.8000,3115.2000,3119.2000,3119.6000,3119.8000,3120.0000,3126.0000,4,7,2,2,9,2,1,1,12,4
SF,IH2009,2020-07-03 09:32:54.600,3118.4000,20197,0,842129340.000,0,-,-,-,-,3118.4000,3117.4000,3117.2000,3117.0000,3116.6000,3119.0000,3119.2000,3119.8000,3120.0000,3121.2000,2,1,4,7,1,2,2,1,12,1
SF,IH2009,2020-07-03 09:32:55.100,3118.4000,20197,0,842129340.000,0,-,-,-,-,3118.4000,3117.4000,3117.2000,3117.0000,3116.6000,3119.8000,3120.0000,3121.2000,3126.0000,3130.0000,3,3,4,7,1,1,12,2,4,1
SF,IH2009,2020-07-03 09:32:55.600,3118.4000,20196,-1,844000380.000,2,0,2,多平,S,3118.4000,3117.2000,3117.0000,3116.6000,3116.4000,3119.6000,3119.8000,3120.0000,3121.2000,3126.0000,2,1,7,1,1,1,1,12,2,4
SF,IH2009,2020-07-03 09:32:56.100,3119.4000,20196,0,844936200.000,1,0,1,多换,S,3119.2000,3118.6000,3118.4000,3117.2000,3117.0000,3119.8000,3120.0000,3121.2000,3126.0000,3130.0000,1,2,2,1,7,1,4,2,4,1
SF,IH2009,2020-07-03 09:32:56.600,3119.2000,20195,-1,845871960.000,1,0,1,双平,S,3118.4000,3117.2000,3117.0000,3116.6000,3116.4000,3119.8000,3120.0000,3121.2000,3126.0000,3130.0000,2,1,7,1,1,1,4,2,4,1
SF,IH2009,2020-07-03 09:32:57.100,3119.2000,20195,0,845871960.000,0,-,-,-,-,3119.0000,3118.4000,3117.2000,3117.0000,3116.6000,3119.2000,3119.6000,3119.8000,3120.0000,3121.2000,1,2,1,7,1,1,1,1,5,2
SF,IH2009,2020-07-03 09:32:57.600,3119.0000,20195,0,851486160.000,6,3,3,多换,S,3118.4000,3117.2000,3117.0000,3116.6000,3116.4000,3119.0000,3119.2000,3119.6000,3119.8000,3120.0000,2,1,7,1,1,7,1,1,1,5
SF,IH2009,2020-07-03 09:32:58.100,3119.8000,20192,-3,854293680.000,3,0,3,双平,S,3119.8000,3119.4000,3119.2000,3119.0000,3118.4000,3120.0000,3121.2000,3126.0000,3130.0000,3135.0000,3,2,3,1,3,5,2,4,1,1
SF,IH2009,2020-07-03 09:32:58.600,3119.8000,20188,-4,858037440.000,4,0,4,双平,S,3119.8000,3119.4000,3119.2000,3119.0000,3118.6000,3120.0000,3121.2000,3126.0000,3130.0000,3135.0000,1,2,3,1,1,5,2,4,1,1
SF,IH2009,2020-07-03 09:32:59.100,3119.8000,20188,0,858973380.000,1,0,1,多换,S,3119.8000,3119.4000,3119.2000,3119.0000,3118.6000,3120.0000,3121.2000,3126.0000,3130.0000,3135.0000,3,2,4,1,1,5,2,4,1,1
SF,IH2009,2020-07-03 09:32:59.600,3120.0000,20184,-4,864589380.000,6,1,5,多平,S,3120.0000,3119.8000,3119.4000,3119.2000,3119.0000,3121.2000,3126.0000,3130.0000,3135.0000,3137.6000,4,3,2,4,2,2,4,1,1,1
SF,IH2009,2020-07-03 09:33:00.100,3120.0000,20184,0,864589380.000,0,-,-,-,-,3120.4000,3120.2000,3120.0000,3119.8000,3119.4000,3121.2000,3126.0000,3130.0000,3135.0000,3137.6000,2,3,4,3,2,2,4,1,1,1
SF,IH2009,2020-07-03 09:33:00.600,3121.2000,20182,-2,867398460.000,3,0,3,多平,S,3121.2000,3120.6000,3120.4000,3120.2000,3120.0000,3126.0000,3130.0000,3135.0000,3137.6000,3145.0000,9,1,2,4,4,4,1,1,1,1
SF,IH2009,2020-07-03 09:33:01.100,3121.4000,20184,2,870207900.000,3,2,1,空开,S,3121.2000,3120.4000,3120.2000,3120.0000,3119.8000,3122.0000,3124.8000,3125.0000,3125.2000,3125.4000,10,2,2,2,3,1,1,2,1,3
SF,IH2009,2020-07-03 09:33:01.600,3121.4000,20184,0,870207900.000,0,-,-,-,-,3122.0000,3121.2000,3120.4000,3120.2000,3120.0000,3124.6000,3124.8000,3125.0000,3125.4000,3125.8000,1,11,2,2,2,1,1,2,3,1
SF,IH2009,2020-07-03 09:33:02.100,3121.8000,20185,1,871144440.000,1,1,0,双开,S,3121.2000,3120.4000,3120.2000,3120.0000,3119.8000,3121.8000,3124.4000,3124.6000,3124.8000,3125.0000,11,2,2,2,3,2,3,1,1,2
SF,IH2009,2020-07-03 09:33:02.600,3124.4000,20186,1,873018300.000,2,1,1,空开,S,3122.0000,3121.8000,3121.2000,3120.4000,3120.2000,3124.4000,3124.6000,3124.8000,3125.4000,3126.2000,5,6,11,2,2,1,1,1,3,1
SF,IH2009,2020-07-03 09:33:03.100,3124.4000,20186,0,873018300.000,0,-,-,-,-,3122.2000,3122.0000,3121.8000,3121.2000,3120.4000,3122.4000,3124.2000,3124.4000,3124.6000,3124.8000,1,5,3,11,2,2,1,1,1,1
SF,IH2009,2020-07-03 09:33:03.600,3124.2000,20185,-1,876765720.000,4,1,3,多平,S,3122.0000,3121.8000,3121.2000,3120.4000,3120.2000,3124.4000,3124.6000,3124.8000,3125.4000,3126.2000,5,3,11,2,2,1,1,1,1,1
SF,IH2009,2020-07-03 09:33:04.100,3124.4000,20185,0,877703040.000,1,0,1,多换,S,3122.2000,3122.0000,3121.8000,3121.2000,3120.4000,3124.6000,3124.8000,3125.4000,3126.2000,3130.0000,2,5,3,11,2,1,1,1,1,5
SF,IH2009,2020-07-03 09:33:04.600,3124.4000,20185,0,881451720.000,4,2,2,多换,S,3124.4000,3122.2000,3122.0000,3121.8000,3121.2000,3124.6000,3124.8000,3125.4000,3126.2000,3130.0000,2,2,5,3,11,1,1,1,1,5
SF,IH2009,2020-07-03 09:33:05.100,3124.4000,20185,0,886138320.000,5,2,3,多换,S,3122.2000,3122.0000,3121.8000,3121.2000,3120.0000,3124.4000,3124.6000,3126.2000,3130.0000,3131.2000,1,5,3,11,3,5,1,1,5,1
SF,IH2009,2020-07-03 09:33:05.600,3124.6000,20186,1,893635140.000,8,4,4,空开,S,3124.6000,3124.4000,3122.4000,3122.2000,3122.0000,3126.2000,3130.0000,3131.2000,3135.0000,3137.6000,1,9,2,3,5,1,5,1,1,1
SF,IH2009,2020-07-03 09:33:06.100,3124.6000,20185,-1,898321980.000,5,2,3,多平,S,3124.6000,3124.4000,3122.4000,3122.2000,3122.0000,3126.0000,3126.2000,3130.0000,3131.2000,3135.0000,1,8,1,2,5,3,1,5,1,1
SF,IH2009,2020-07-03 09:33:06.600,3124.6000,20185,0,900196740.000,2,1,1,多换,S,3124.4000,3123.0000,3122.4000,3122.2000,3122.0000,3125.8000,3126.0000,3126.2000,3130.0000,3131.2000,8,1,1,2,5,2,1,1,5,1
SF,IH2009,2020-07-03 09:33:07.100,3124.4000,20185,0,901134060.000,1,0,1,多换,S,3124.4000,3123.0000,3122.4000,3122.0000,3121.8000,3124.6000,3125.6000,3126.2000,3130.0000,3131.2000,8,1,1,5,3,1,3,1,5,1
SF,IH2009,2020-07-03 09:33:07.600,3125.6000,20183,-2,903009120.000,2,0,2,双平,S,3126.0000,3124.6000,3124.4000,3123.0000,3122.4000,3126.2000,3130.0000,3131.2000,3135.0000,3137.6000,1,1,8,1,1,1,5,1,1,1
SF,IH2009,2020-07-03 09:33:08.100,3126.0000,20182,-1,903946920.000,1,0,1,双平,S,3125.8000,3124.4000,3123.0000,3122.4000,3122.0000,3126.0000,3126.2000,3130.0000,3131.2000,3135.0000,1,9,1,1,5,2,1,5,1,1
SF,IH2009,2020-07-03 09:33:08.600,3125.8000,20182,0,904884660.000,1,0,1,多换,S,3124.4000,3123.0000,3122.4000,3122.0000,3121.8000,3125.8000,3126.0000,3126.2000,3130.0000,3131.2000,9,1,1,5,3,4,4,2,5,1
SF,IH2009,2020-07-03 09:33:09.100,3124.4000,20180,-2,907696620.000,3,0,3,多平,S,3125.0000,3124.4000,3123.0000,3122.4000,3122.0000,3125.4000,3125.6000,3125.8000,3126.0000,3126.2000,1,6,1,1,5,1,2,5,4,2
SF,IH2009,2020-07-03 09:33:09.600,3125.0000,20179,-1,909571680.000,2,0,2,多平,S,3124.4000,3123.0000,3122.4000,3122.0000,3121.8000,3125.8000,3126.0000,3126.2000,3130.0000,3131.2000,6,1,1,5,3,2,3,2,1,1
SF,IH2009,2020-07-03 09:33:10.100,3125.6000,20179,0,910509360.000,1,0,1,多换,S,3124.6000,3124.4000,3123.0000,3122.0000,3121.8000,3125.8000,3126.0000,3126.2000,3130.0000,3131.2000,2,6,1,5,3,1,2,2,1,1
SF,IH2009,2020-07-03 09:33:10.600,3125.8000,20179,0,911447100.000,1,0,1,多换,S,3125.8000,3124.6000,3124.4000,3123.0000,3122.0000,3126.0000,3126.2000,3130.0000,3131.2000,3133.8000,4,2,6,1,5,1,2,1,1,4
SF,IH2009,2020-07-03 09:33:11.100,3125.8000,20180,1,917073540.000,6,3,3,空开,S,3125.8000,3125.4000,3124.6000,3124.4000,3123.0000,3126.0000,3126.2000,3130.0000,3131.2000,3133.8000,2,1,2,2,1,1,2,1,1,4
SF,IH2009,2020-07-03 09:33:11.600,3125.8000,20180,0,919886760.000,3,1,2,多换,S,3125.4000,3124.6000,3124.4000,3123.0000,3122.0000,3125.8000,3126.0000,3126.2000,3130.0000,3131.2000,1,3,2,1,5,6,1,3,1,1
SF,IH2009,2020-07-03 09:33:12.100,3125.4000,20179,-1,920824380.000,1,0,1,双平,S,3124.6000,3124.4000,3123.0000,3122.0000,3121.8000,3125.2000,3125.4000,3125.8000,3126.0000,3126.2000,3,2,1,5,3,4,1,3,1,3
SF,IH2009,2020-07-03 09:33:12.600,3125.4000,20178,-1,925511700.000,5,2,3,多平,S,3124.6000,3124.4000,3123.0000,3122.0000,3121.8000,3125.8000,3126.0000,3126.2000,3130.0000,3131.2000,2,2,1,5,3,2,1,3,1,1
SF,IH2009,2020-07-03 09:33:13.100,3125.4000,20178,0,925511700.000,0,-,-,-,-,3124.6000,3124.4000,3123.0000,3122.0000,3121.8000,3125.6000,3125.8000,3126.0000,3126.2000,3126.4000,2,2,1,5,3,3,2,1,3,1
SF,IH2009,2020-07-03 09:33:13.600,3125.2000,20178,0,926449260.000,1,0,1,多换,S,3124.6000,3124.4000,3122.0000,3121.8000,3121.2000,3125.4000,3125.6000,3125.8000,3126.0000,3126.2000,2,2,5,3,1,2,1,4,1,3
SF,IH2009,2020-07-03 09:33:14.100,3125.4000,20177,-1,927386880.000,1,0,1,双平,S,3124.6000,3124.4000,3122.0000,3121.8000,3121.2000,3125.4000,3125.6000,3125.8000,3126.0000,3126.2000,2,2,5,3,1,1,1,4,1,3
SF,IH2009,2020-07-03 09:33:14.600,3125.4000,20176,-1,928324500.000,1,0,1,双平,S,3125.4000,3124.8000,3124.6000,3124.4000,3122.0000,3125.6000,3125.8000,3126.0000,3126.2000,3126.4000,2,1,2,2,5,1,4,1,3,1
SF,IH2009,2020-07-03 09:33:15.100,3125.6000,20175,-1,935825880.000,8,3,5,多平,S,3124.8000,3124.6000,3124.4000,3122.0000,3121.8000,3125.8000,3126.0000,3126.2000,3126.4000,3130.0000,1,2,2,5,3,1,1,3,1,1
SF,IH2009,2020-07-03 09:33:15.600,3124.6000,20174,-1,936763260.000,1,0,1,双平,S,3125.4000,3124.6000,3124.4000,3122.0000,3121.8000,3125.8000,3126.0000,3126.2000,3126.4000,3130.0000,1,1,2,5,3,1,1,3,1,1
SF,IH2009,2020-07-03 09:33:16.100,3125.4000,20174,0,938638620.000,2,1,1,多换,S,3125.6000,3125.4000,3125.0000,3124.6000,3124.4000,3126.0000,3126.2000,3126.4000,3130.0000,3131.2000,5,1,1,1,2,1,3,1,1,1
SF,IH2009,2020-07-03 09:33:16.600,3125.6000,20174,0,940514100.000,2,1,1,多换,S,3125.8000,3125.6000,3125.4000,3124.6000,3124.4000,3126.2000,3126.4000,3130.0000,3131.2000,3133.8000,1,6,1,1,2,3,1,1,1,4
SF,IH2009,2020-07-03 09:33:17.100,3125.8000,20173,-1,945202560.000,5,2,3,多平,S,3126.0000,3125.6000,3125.4000,3125.2000,3124.6000,3126.2000,3126.4000,3130.0000,3131.2000,3133.8000,1,6,1,1,1,3,1,1,1,4
SF,IH2009,2020-07-03 09:33:17.600,3126.0000,20170,-3,952704180.000,8,2,6,多平,S,3125.4000,3125.2000,3124.6000,3124.4000,3122.0000,3126.2000,3126.4000,3130.0000,3131.2000,3133.8000,1,1,1,2,5,3,1,1,1,4
SF,IH2009,2020-07-03 09:33:18.100,3125.8000,20170,0,954579540.000,2,1,1,多换,S,3125.2000,3124.6000,3124.4000,3122.0000,3121.8000,3126.0000,3126.2000,3126.4000,3130.0000,3131.2000,1,1,2,5,3,1,3,1,1,1
SF,IH2009,2020-07-03 09:33:18.600,3125.4000,20169,-1,956454720.000,2,0,2,多平,S,3124.4000,3122.0000,3121.8000,3121.2000,3120.0000,3126.0000,3126.2000,3126.4000,3130.0000,3131.2000,2,5,3,1,2,1,5,1,1,1
SF,IH2009,2020-07-03 09:33:19.100,3125.8000,20167,-2,959267520.000,3,0,3,多平,S,3124.4000,3122.0000,3121.8000,3121.2000,3120.0000,3126.0000,3126.2000,3126.4000,3130.0000,3131.2000,1,5,2,1,2,1,5,1,1,1
SF,IH2009,2020-07-03 09:33:19.600,3125.8000,20167,0,961142580.000,2,1,1,多换,S,3122.0000,3121.8000,3121.2000,3120.0000,3117.0000,3126.0000,3126.2000,3126.4000,3130.0000,3131.2000,5,2,1,2,7,1,5,1,1,1
SF,IH2009,2020-07-03 09:33:20.100,3124.8000,20167,0,962080020.000,1,0,1,多换,S,3123.0000,3122.8000,3122.4000,3122.2000,3122.0000,3125.8000,3126.0000,3126.2000,3126.4000,3130.0000,2,1,1,8,5,7,1,5,1,1
SF,IH2009,2020-07-03 09:33:20.600,3123.2000,20167,0,965829180.000,4,2,2,多换,S,3123.0000,3122.4000,3122.2000,3122.0000,3121.8000,3125.6000,3125.8000,3126.0000,3126.2000,3126.4000,2,1,5,5,2,2,5,1,5,1
SF,IH2009,2020-07-03 09:33:21.100,3125.4000,20167,0,966766800.000,1,0,1,多换,S,3123.2000,3123.0000,3122.4000,3122.2000,3122.0000,3125.6000,3125.8000,3126.2000,3126.4000,3130.0000,1,2,1,5,5,2,5,5,1,1
SF,IH2009,2020-07-03 09:33:21.600,3123.4000,20168,1,967703820.000,1,1,0,双开,S,3123.2000,3123.0000,3122.4000,3122.2000,3122.0000,3125.4000,3125.6000,3125.8000,3126.0000,3126.2000,2,2,1,5,5,1,3,4,3,5
SF,IH2009,2020-07-03 09:33:22.100,3125.0000,20167,-1,969578820.000,2,0,2,多平,S,3123.2000,3123.0000,3122.4000,3122.2000,3122.0000,3125.0000,3125.2000,3125.6000,3125.8000,3126.0000,2,2,1,3,5,3,4,1,3,3
SF,IH2009,2020-07-03 09:33:22.600,3125.0000,20168,1,973328820.000,4,2,2,空开,S,3123.4000,3123.2000,3123.0000,3122.4000,3122.2000,3125.0000,3125.2000,3125.6000,3125.8000,3126.0000,3,2,2,1,3,2,1,1,3,3
SF,IH2009,2020-07-03 09:33:23.100,3123.6000,20164,-4,977077140.000,4,0,4,双平,S,3123.4000,3123.2000,3123.0000,3122.4000,3122.2000,3124.8000,3125.0000,3125.2000,3125.6000,3125.8000,6,2,2,1,1,1,2,1,1,3
SF,IH2009,2020-07-03 09:33:23.600,3125.0000,20162,-2,979889580.000,3,0,3,多平,S,3123.6000,3123.4000,3123.2000,3123.0000,3122.4000,3125.0000,3125.2000,3125.6000,3125.8000,3126.0000,3,5,2,2,1,2,1,1,3,3
SF,IH2009,2020-07-03 09:33:24.100,3123.8000,20161,-1,980826720.000,1,0,1,双平,S,3123.8000,3123.6000,3123.4000,3123.2000,3123.0000,3125.0000,3125.2000,3125.6000,3125.8000,3126.0000,1,3,1,2,2,2,2,1,2,3
SF,IH2009,2020-07-03 09:33:24.600,3123.8000,20161,0,981763860.000,1,0,1,多换,S,3124.8000,3124.0000,3123.8000,3123.4000,3123.2000,3125.0000,3125.2000,3125.6000,3125.8000,3126.0000,1,2,1,1,2,2,2,1,2,3
SF,IH2009,2020-07-03 09:33:25.100,3123.8000,20160,-1,983638440.000,2,0,2,多平,S,3123.4000,3123.2000,3123.0000,3122.4000,3122.0000,3123.8000,3124.8000,3125.0000,3125.2000,3125.6000,1,2,2,1,5,5,1,2,2,1
SF,IH2009,2020-07-03 09:33:25.600,3124.8000,20156,-4,989261580.000,6,1,5,多平,S,3123.8000,3123.2000,3122.0000,3121.8000,3121.2000,3125.0000,3125.2000,3125.6000,3126.0000,3126.2000,3,2,5,2,1,2,2,1,3,5
SF,IH2009,2020-07-03 09:33:26.100,3124.8000,20156,0,989261580.000,0,-,-,-,-,3123.2000,3122.0000,3121.8000,3121.2000,3120.0000,3124.8000,3125.0000,3125.2000,3125.6000,3126.0000,2,5,2,1,1,1,2,2,1,3
SF,IH2009,2020-07-03 09:33:26.600,3123.8000,20155,-1,990198720.000,1,0,1,双平,S,3123.4000,3123.2000,3122.0000,3121.8000,3121.2000,3125.0000,3125.2000,3125.6000,3126.0000,3126.2000,3,2,5,2,1,2,2,1,3,5
SF,IH2009,2020-07-03 09:33:27.100,3123.8000,20155,0,990198720.000,0,-,-,-,-,3123.8000,3123.2000,3122.0000,3121.8000,3121.2000,3124.8000,3125.0000,3125.2000,3125.6000,3126.0000,1,2,5,2,1,4,3,2,1,3
SF,IH2009,2020-07-03 09:33:27.600,3123.8000,20155,0,991135860.000,1,0,1,多换,S,3123.2000,3122.0000,3121.8000,3121.2000,3120.0000,3124.6000,3124.8000,3125.0000,3125.2000,3125.6000,2,5,2,1,1,1,6,3,2,1
SF,IH2009,2020-07-03 09:33:28.100,3125.0000,20157,2,1000509900.000,10,6,4,空开,S,3125.0000,3123.2000,3122.0000,3121.8000,3121.2000,3125.2000,3125.6000,3126.0000,3126.2000,3127.0000,11,2,5,2,1,2,1,3,5,1
SF,IH2009,2020-07-03 09:33:28.600,3125.0000,20157,0,1010822400.000,11,5,6,多换,S,3123.2000,3122.0000,3121.8000,3121.2000,3120.0000,3123.4000,3124.6000,3124.8000,3125.0000,3125.2000,2,5,2,1,1,1,2,1,1,2
SF,IH2009,2020-07-03 09:33:29.100,3124.0000,20157,0,1012696620.000,2,1,1,多换,S,3123.8000,3123.4000,3123.2000,3122.0000,3121.8000,3124.8000,3125.0000,3125.2000,3125.4000,3125.6000,1,1,2,5,1,1,1,1,1,1
SF,IH2009,2020-07-03 09:33:29.600,3123.8000,20156,-1,1013633760.000,1,0,1,双平,S,3123.2000,3122.0000,3121.8000,3121.2000,3120.0000,3124.6000,3124.8000,3125.0000,3125.2000,3125.4000,2,5,1,1,1,1,1,1,3,1
SF,IH2009,2020-07-03 09:33:30.100,3123.8000,20156,0,1013633760.000,0,-,-,-,-,3123.4000,3123.2000,3122.0000,3121.8000,3121.2000,3124.6000,3124.8000,3125.2000,3125.4000,3125.6000,3,2,5,1,1,1,1,3,1,1
SF,IH2009,2020-07-03 09:33:30.600,3123.4000,20156,0,1014570780.000,1,0,1,多换,S,3123.2000,3122.0000,3121.8000,3121.2000,3120.0000,3123.8000,3124.6000,3124.8000,3125.2000,3125.4000,2,5,1,1,1,2,1,1,3,1
SF,IH2009,2020-07-03 09:33:31.100,3123.4000,20152,-4,1019256480.000,5,0,5,多平,S,3123.4000,3123.2000,3122.0000,3121.8000,3121.2000,3124.8000,3125.2000,3125.4000,3125.6000,3126.0000,3,2,5,1,1,1,3,1,1,3
SF,IH2009,2020-07-03 09:33:31.600,3124.8000,20151,-1,1020193920.000,1,0,1,双平,S,3124.8000,3123.8000,3123.6000,3123.4000,3123.2000,3125.2000,3125.4000,3125.6000,3126.0000,3126.2000,1,2,1,3,2,3,1,1,3,5
SF,IH2009,2020-07-03 09:33:32.100,3124.8000,20152,1,1023006360.000,3,2,1,空开,S,3123.8000,3123.6000,3123.4000,3123.2000,3122.0000,3124.8000,3125.0000,3125.2000,3125.4000,3125.6000,3,3,1,2,5,1,3,2,1,1
SF,IH2009,2020-07-03 09:33:32.600,3125.0000,20148,-4,1029568080.000,7,1,6,多平,S,3124.6000,3124.0000,3123.8000,3123.2000,3122.0000,3125.0000,3125.2000,3125.4000,3125.6000,3126.0000,1,2,7,2,5,1,2,1,1,3
SF,IH2009,2020-07-03 09:33:33.100,3124.8000,20145,-3,1034255640.000,5,1,4,多平,S,3124.6000,3123.8000,3123.2000,3122.0000,3121.2000,3125.4000,3125.6000,3126.0000,3126.2000,3127.0000,1,7,2,5,1,1,1,3,5,1
SF,IH2009,2020-07-03 09:33:33.600,3124.8000,20144,-1,1036130700.000,2,0,2,多平,S,3124.8000,3124.6000,3123.8000,3123.2000,3122.0000,3125.6000,3126.0000,3126.2000,3127.0000,3130.0000,1,1,7,2,5,1,3,5,1,2
SF,IH2009,2020-07-03 09:33:34.100,3125.6000,20143,-1,1037068380.000,1,0,1,双平,S,3125.0000,3124.8000,3124.6000,3123.8000,3123.2000,3126.0000,3126.2000,3127.0000,3130.0000,3131.2000,1,1,1,7,2,3,5,1,2,1
SF,IH2009,2020-07-03 09:33:34.600,3125.0000,20143,0,1038943440.000,2,1,1,多换,S,3124.8000,3124.6000,3123.8000,3123.2000,3122.0000,3125.0000,3126.0000,3126.2000,3127.0000,3130.0000,1,1,7,2,5,1,3,5,1,2
SF,IH2009,2020-07-03 09:33:35.100,3125.0000,20142,-1,1039880940.000,1,0,1,双平,S,3125.4000,3125.0000,3124.8000,3124.6000,3123.8000,3126.0000,3126.2000,3127.0000,3130.0000,3131.2000,3,1,1,1,7,3,5,1,2,1
SF,IH2009,2020-07-03 09:33:35.600,3125.0000,20142,0,1039880940.000,0,-,-,-,-,3125.0000,3124.8000,3124.6000,3123.8000,3123.2000,3125.2000,3126.0000,3126.2000,3127.0000,3130.0000,2,1,1,7,2,3,3,5,1,2
SF,IH2009,2020-07-03 09:33:36.100,3125.0000,20140,-2,1044568260.000,5,1,4,多平,S,3123.8000,3123.2000,3122.0000,3121.2000,3120.0000,3125.0000,3125.2000,3126.0000,3126.2000,3127.0000,7,2,5,1,1,4,3,3,5,1
SF,IH2009,2020-07-03 09:33:36.600,3125.0000,20139,-1,1045505760.000,1,0,1,双平,S,3123.8000,3123.2000,3122.0000,3121.2000,3120.0000,3124.8000,3125.0000,3125.2000,3126.0000,3126.2000,7,2,5,1,1,1,3,3,3,5
SF,IH2009,2020-07-03 09:33:37.100,3123.8000,20138,-1,1046442900.000,1,0,1,双平,S,3123.8000,3123.2000,3122.0000,3121.2000,3120.0000,3124.8000,3125.0000,3125.2000,3126.0000,3126.2000,6,2,5,1,1,1,3,3,3,5
SF,IH2009,2020-07-03 09:33:37.600,3125.0000,20138,0,1050192840.000,4,2,2,多换,S,3125.0000,3124.8000,3123.8000,3123.2000,3122.0000,3125.2000,3126.0000,3126.2000,3127.0000,3130.0000,3,1,6,2,5,3,3,5,1,2
SF,IH2009,2020-07-03 09:33:38.100,3124.8000,20136,-2,1053942780.000,4,1,3,多平,S,3124.6000,3123.8000,3123.2000,3122.0000,3121.2000,3125.0000,3125.2000,3126.0000,3126.2000,3127.0000,2,6,2,5,1,4,3,3,5,1
SF,IH2009,2020-07-03 09:33:38.600,3124.8000,20135,-1,1056754980.000,3,1,2,多平,S,3123.8000,3123.2000,3122.0000,3121.2000,3120.0000,3125.0000,3125.2000,3126.0000,3126.2000,3126.8000,6,2,5,1,1,5,3,3,5,1
SF,IH2009,2020-07-03 09:33:39.100,3125.0000,20134,-1,1057692480.000,1,0,1,双平,S,3124.0000,3123.8000,3123.2000,3122.0000,3121.2000,3125.0000,3125.2000,3126.0000,3126.2000,3126.8000,5,6,2,5,1,4,3,3,5,1
SF,IH2009,2020-07-03 09:33:39.600,3125.0000,20131,-3,1061442480.000,4,0,4,多平,S,3124.8000,3124.2000,3124.0000,3123.8000,3123.2000,3125.2000,3126.0000,3126.2000,3126.8000,3127.0000,1,1,7,6,2,3,3,5,1,1
SF,IH2009,2020-07-03 09:33:40.100,3124.8000,20132,1,1062379920.000,1,1,0,双开,S,3125.0000,3124.2000,3124.0000,3123.8000,3123.2000,3125.2000,3126.0000,3126.2000,3126.8000,3127.0000,10,1,1,6,2,4,3,5,1,1
SF,IH2009,2020-07-03 09:33:40.600,3125.0000,20131,-1,1068942480.000,7,3,4,多平,S,3125.0000,3124.2000,3123.8000,3123.2000,3122.0000,3125.2000,3126.0000,3126.2000,3126.8000,3127.0000,4,1,6,2,5,3,3,5,1,1
SF,IH2009,2020-07-03 09:33:41.100,3124.2000,20130,-1,1073629740.000,5,2,3,多平,S,3123.8000,3123.2000,3122.0000,3121.2000,3120.0000,3124.0000,3125.2000,3125.8000,3126.0000,3126.2000,6,2,5,1,1,1,3,1,3,5
SF,IH2009,2020-07-03 09:33:41.600,3124.0000,20129,-1,1074566940.000,1,0,1,双平,S,3124.0000,3123.8000,3123.2000,3122.0000,3121.2000,3124.8000,3125.2000,3125.8000,3126.0000,3126.2000,2,7,2,5,1,1,3,1,3,5
SF,IH2009,2020-07-03 09:33:42.100,3125.2000,20129,0,1079254260.000,5,2,3,多换,S,3123.8000,3123.2000,3122.0000,3121.2000,3120.0000,3125.8000,3126.0000,3126.2000,3126.8000,3127.0000,7,2,5,1,1,1,3,5,1,1
SF,IH2009,2020-07-03 09:33:42.600,3125.2000,20129,0,1079254260.000,0,-,-,-,-,3125.2000,3124.0000,3123.8000,3123.2000,3122.0000,3125.6000,3125.8000,3126.0000,3126.2000,3126.8000,1,2,7,2,5,1,1,3,5,1
SF,IH2009,2020-07-03 09:33:43.100,3124.0000,20128,-1,1081129020.000,2,0,2,多平,S,3124.0000,3123.8000,3123.2000,3122.0000,3121.2000,3125.2000,3125.8000,3126.0000,3126.2000,3126.8000,3,7,2,5,1,2,1,3,5,1
SF,IH2009,2020-07-03 09:33:43.600,3125.0000,20129,1,1088627400.000,8,4,4,空开,S,3123.8000,3123.2000,3122.0000,3121.2000,3120.0000,3125.8000,3126.0000,3126.2000,3126.8000,3127.0000,2,2,5,1,1,1,3,5,1,1
SF,IH2009,2020-07-03 09:33:44.100,3123.8000,20129,0,1089564540.000,1,0,1,多换,S,3123.8000,3123.2000,3122.0000,3121.2000,3120.0000,3125.6000,3125.8000,3126.0000,3126.2000,3126.8000,1,2,5,1,1,2,1,3,5,1
SF,IH2009,2020-07-03 09:33:44.600,3123.8000,20129,0,1090501680.000,1,0,1,多换,S,3123.2000,3122.0000,3121.2000,3120.0000,3119.6000,3125.6000,3125.8000,3126.0000,3126.2000,3126.8000,2,5,1,1,1,2,1,3,5,1
SF,IH2009,2020-07-03 09:33:45.100,3125.4000,20130,1,1091439300.000,1,1,0,双开,S,3123.4000,3123.2000,3122.0000,3121.2000,3120.0000,3125.4000,3125.6000,3125.8000,3126.0000,3126.2000,6,2,5,1,1,2,2,1,3,5
SF,IH2009,2020-07-03 09:33:45.600,3125.8000,20130,0,1097065140.000,6,3,3,多换,S,3123.6000,3123.4000,3123.2000,3122.0000,3121.2000,3123.8000,3125.2000,3126.0000,3126.2000,3126.8000,4,4,2,5,1,1,3,3,5,1
SF,IH2009,2020-07-03 09:33:46.100,3125.2000,20129,-1,1098939840.000,2,0,2,多平,S,3124.0000,3123.8000,3123.6000,3123.4000,3123.2000,3125.2000,3126.0000,3126.2000,3126.8000,3127.0000,1,4,3,3,2,2,3,5,1,1
SF,IH2009,2020-07-03 09:33:46.600,3125.2000,20129,0,1098939840.000,0,-,-,-,-,3124.2000,3124.0000,3123.8000,3123.6000,3123.4000,3125.2000,3126.0000,3126.2000,3126.8000,3127.0000,2,1,2,3,3,2,3,1,1,1
SF,IH2009,2020-07-03 09:33:47.100,3124.4000,20129,0,1099877160.000,1,0,1,多换,S,3124.2000,3124.0000,3123.8000,3123.4000,3123.2000,3125.2000,3126.0000,3126.2000,3126.8000,3127.0000,6,1,2,2,2,6,3,1,1,1
SF,IH2009,2020-07-03 09:33:47.600,3124.2000,20124,-5,1104564060.000,5,0,5,双平,S,3124.2000,3124.0000,3123.8000,3123.4000,3123.2000,3125.2000,3126.0000,3126.2000,3126.8000,3127.0000,3,1,4,2,2,4,3,1,1,1
SF,IH2009,2020-07-03 09:33:48.100,3124.2000,20124,0,1104564060.000,0,-,-,-,-,3124.4000,3124.2000,3124.0000,3123.8000,3123.2000,3125.2000,3126.0000,3126.2000,3126.8000,3127.0000,1,3,1,4,2,4,3,1,1,1
SF,IH2009,2020-07-03 09:33:48.600,3124.2000,20124,0,1104564060.000,0,-,-,-,-,3124.4000,3124.2000,3124.0000,3123.8000,3123.2000,3125.0000,3125.2000,3126.0000,3126.2000,3126.8000,1,3,1,2,2,1,5,3,1,1
SF,IH2009,2020-07-03 09:33:49.100,3124.2000,20124,0,1104564060.000,0,-,-,-,-,3124.2000,3123.8000,3123.2000,3122.0000,3121.2000,3124.6000,3125.0000,3125.2000,3126.0000,3126.2000,3,2,2,5,1,1,1,5,3,1
SF,IH2009,2020-07-03 09:33:49.600,3125.2000,20123,-1,1106439000.000,2,0,2,多平,S,3124.4000,3124.2000,3123.8000,3123.2000,3122.0000,3125.2000,3126.0000,3126.2000,3126.8000,3127.0000,1,2,2,2,5,4,3,1,1,1
SF,IH2009,2020-07-03 09:33:50.100,3124.4000,20122,-1,1108313880.000,2,0,2,多平,S,3124.2000,3123.8000,3123.2000,3122.0000,3121.2000,3125.2000,3126.0000,3126.2000,3126.8000,3127.0000,2,2,2,5,1,3,3,1,1,1
SF,IH2009,2020-07-03 09:33:50.600,3124.2000,20120,-2,1110188400.000,2,0,2,双平,S,3123.8000,3123.2000,3122.0000,3121.2000,3120.0000,3124.0000,3125.0000,3125.2000,3126.0000,3126.2000,2,2,5,1,1,2,1,3,3,1
SF,IH2009,2020-07-03 09:33:51.100,3124.0000,20118,-2,1113937080.000,4,1,3,多平,S,3123.2000,3122.0000,3121.2000,3120.0000,3119.6000,3124.4000,3125.2000,3126.0000,3126.2000,3126.8000,2,5,1,1,1,2,3,3,1,1
SF,IH2009,2020-07-03 09:33:51.600,3124.0000,20118,0,1113937080.000,0,-,-,-,-,3123.4000,3123.2000,3122.0000,3121.2000,3120.0000,3124.2000,3124.4000,3125.2000,3126.0000,3126.2000,3,2,5,1,1,1,2,3,3,1
SF,IH2009,2020-07-03 09:33:52.100,3125.2000,20115,-3,1117686540.000,4,0,4,多平,S,3123.6000,3123.4000,3123.2000,3122.0000,3121.2000,3126.0000,3126.2000,3126.8000,3127.0000,3128.4000,1,4,2,5,1,3,1,1,1,1
SF,IH2009,2020-07-03 09:33:52.600,3125.2000,20115,0,1118624100.000,1,0,1,多换,S,3124.2000,3123.8000,3123.6000,3123.4000,3123.2000,3125.8000,3126.0000,3126.2000,3126.8000,3127.0000,1,3,2,2,2,3,5,1,1,1
SF,IH2009,2020-07-03 09:33:53.100,3124.2000,20115,0,1121436000.000,3,1,2,多换,S,3123.8000,3123.6000,3123.4000,3123.2000,3122.0000,3124.2000,3125.6000,3126.0000,3126.2000,3126.8000,1,1,2,2,5,1,1,5,1,1
SF,IH2009,2020-07-03 09:33:53.600,3124.2000,20114,-1,1122373260.000,1,0,1,双平,S,3124.2000,3123.6000,3123.2000,3122.0000,3121.2000,3126.0000,3126.2000,3126.8000,3127.0000,3128.4000,5,1,2,5,1,5,1,1,1,1
SF,IH2009,2020-07-03 09:33:54.100,3124.2000,20114,0,1123310520.000,1,0,1,多换,S,3124.4000,3124.2000,3123.2000,3122.0000,3121.2000,3125.8000,3126.0000,3126.2000,3126.8000,3127.0000,1,1,2,5,1,1,5,1,1,1
SF,IH2009,2020-07-03 09:33:54.600,3124.2000,20114,0,1123310520.000,0,-,-,-,-,3125.0000,3124.6000,3124.4000,3124.2000,3123.2000,3125.8000,3126.0000,3126.2000,3126.8000,3127.0000,1,1,1,1,2,1,5,1,1,1
SF,IH2009,2020-07-03 09:33:55.100,3124.4000,20112,-2,1126122720.000,3,0,3,多平,S,3124.2000,3123.2000,3122.0000,3121.2000,3120.0000,3125.6000,3125.8000,3126.0000,3126.2000,3126.8000,1,2,5,1,1,1,1,5,1,1
SF,IH2009,2020-07-03 09:33:55.600,3124.4000,20112,0,1126122720.000,0,-,-,-,-,3124.2000,3123.2000,3122.0000,3121.2000,3120.0000,3125.0000,3125.4000,3125.6000,3126.0000,3126.2000,1,2,5,1,1,1,1,1,5,1
SF,IH2009,2020-07-03 09:33:56.100,3124.2000,20109,-3,1128934920.000,3,0,3,双平,S,3123.2000,3122.0000,3121.2000,3120.0000,3119.6000,3124.2000,3124.4000,3125.6000,3126.0000,3126.2000,2,5,1,1,1,1,1,1,5,1
SF,IH2009,2020-07-03 09:33:56.600,3124.2000,20109,0,1128934920.000,0,-,-,-,-,3123.4000,3123.2000,3122.0000,3121.2000,3120.0000,3124.2000,3124.4000,3125.6000,3126.0000,3126.2000,2,2,5,1,1,2,1,1,5,1
SF,IH2009,2020-07-03 09:33:57.100,3124.2000,20108,-1,1129872180.000,1,0,1,双平,S,3123.4000,3123.2000,3122.0000,3121.2000,3120.0000,3124.2000,3124.4000,3125.2000,3125.6000,3126.0000,2,2,5,1,1,1,1,1,1,5
SF,IH2009,2020-07-03 09:33:57.600,3124.2000,20108,0,1129872180.000,0,-,-,-,-,3123.4000,3123.2000,3122.0000,3121.2000,3120.0000,3124.2000,3124.4000,3125.2000,3125.6000,3126.0000,1,2,5,1,1,2,1,1,1,3
SF,IH2009,2020-07-03 09:33:58.100,3123.4000,20108,0,1130809200.000,1,0,1,多换,S,3123.2000,3122.0000,3121.2000,3120.0000,3119.6000,3124.2000,3124.4000,3125.2000,3125.6000,3126.0000,2,5,1,1,1,4,1,1,1,3
SF,IH2009,2020-07-03 09:33:58.600,3124.2000,20109,1,1134558240.000,4,2,2,空开,S,3124.2000,3123.2000,3122.0000,3121.2000,3120.0000,3124.4000,3125.2000,3125.6000,3126.0000,3126.2000,3,2,5,1,1,1,1,1,3,1
SF,IH2009,2020-07-03 09:33:59.100,3124.2000,20109,0,1137370080.000,3,1,2,多换,S,3124.2000,3123.2000,3122.0000,3120.0000,3119.6000,3125.2000,3125.6000,3126.0000,3126.2000,3126.8000,1,2,5,1,1,1,1,3,1,1
SF,IH2009,2020-07-03 09:33:59.600,3124.2000,20109,0,1138307340.000,1,0,1,多换,S,3123.2000,3122.0000,3120.0000,3119.6000,3117.0000,3123.4000,3124.2000,3125.0000,3125.2000,3125.6000,2,5,1,1,1,1,1,3,1,1
SF,IH2009,2020-07-03 09:34:00.100,3123.4000,20108,-1,1139244360.000,1,0,1,双平,S,3123.6000,3123.4000,3123.2000,3122.0000,3120.0000,3125.0000,3125.2000,3125.6000,3126.0000,3126.2000,4,5,2,5,1,1,1,1,3,1
SF,IH2009,2020-07-03 09:34:00.600,3125.0000,20107,-1,1143931860.000,5,2,3,多平,S,3125.0000,3123.8000,3123.6000,3123.2000,3122.0000,3125.2000,3125.6000,3126.0000,3126.2000,3126.8000,2,1,1,2,5,1,1,3,1,1
SF,IH2009,2020-07-03 09:34:01.100,3125.0000,20107,0,1145806860.000,2,1,1,多换,S,3123.6000,3123.2000,3122.0000,3120.0000,3119.6000,3124.6000,3125.0000,3125.2000,3125.6000,3126.0000,1,2,5,1,1,3,2,1,1,3
SF,IH2009,2020-07-03 09:34:01.600,3125.0000,20107,0,1146744360.000,1,0,1,多换,S,3123.8000,3123.6000,3123.2000,3122.0000,3120.0000,3125.0000,3125.2000,3125.6000,3126.0000,3126.2000,2,1,2,5,1,1,1,1,3,1
SF,IH2009,2020-07-03 09:34:02.100,3125.0000,20107,0,1146744360.000,0,-,-,-,-,3123.8000,3123.6000,3123.2000,3122.0000,3120.0000,3125.0000,3125.2000,3125.6000,3126.0000,3126.2000,1,1,2,5,1,1,1,1,3,1
SF,IH2009,2020-07-03 09:34:02.600,3124.0000,20107,0,1147681560.000,1,0,1,多换,S,3124.0000,3123.8000,3123.6000,3123.2000,3122.0000,3124.6000,3125.0000,3125.2000,3126.0000,3126.2000,1,1,1,2,5,1,1,1,3,1
SF,IH2009,2020-07-03 09:34:03.100,3124.0000,20105,-2,1150493400.000,3,0,3,多平,S,3123.6000,3123.2000,3122.0000,3120.0000,3117.0000,3124.8000,3125.0000,3125.2000,3126.0000,3126.2000,1,2,5,1,1,1,1,1,3,1
SF,IH2009,2020-07-03 09:34:03.600,3124.0000,20105,0,1150493400.000,0,-,-,-,-,3123.6000,3123.2000,3122.0000,3120.0000,3117.0000,3124.0000,3124.6000,3124.8000,3125.0000,3125.2000,1,2,5,1,1,1,1,1,1,1
SF,IH2009,2020-07-03 09:34:04.100,3124.0000,20104,-1,1151430600.000,1,0,1,双平,S,3124.0000,3123.6000,3123.2000,3122.0000,3120.0000,3124.6000,3124.8000,3125.2000,3126.0000,3126.2000,2,1,2,5,1,1,1,1,3,1
SF,IH2009,2020-07-03 09:34:04.600,3124.0000,20102,-2,1153305000.000,2,0,2,双平,S,3124.0000,3123.6000,3123.2000,3122.0000,3120.0000,3124.6000,3124.8000,3125.2000,3126.0000,3126.2000,2,1,2,5,1,1,1,1,3,1
SF,IH2009,2020-07-03 09:34:05.100,3124.0000,20101,-1,1154242200.000,1,0,1,双平,S,3124.0000,3123.6000,3123.2000,3122.0000,3120.0000,3124.6000,3125.2000,3126.0000,3126.2000,3126.8000,1,1,2,5,1,2,1,3,1,1
SF,IH2009,2020-07-03 09:34:05.600,3124.0000,20100,-1,1155179400.000,1,0,1,双平,S,3123.6000,3123.2000,3122.0000,3120.0000,3117.0000,3124.6000,3125.2000,3126.0000,3126.2000,3126.8000,1,2,5,1,1,2,1,3,1,1
SF,IH2009,2020-07-03 09:34:06.100,3123.6000,20099,-1,1156116480.000,1,0,1,双平,S,3123.2000,3122.0000,3120.0000,3117.0000,3116.8000,3124.0000,3124.4000,3124.6000,3125.2000,3126.0000,2,5,1,1,3,2,2,2,1,3
SF,IH2009,2020-07-03 09:34:06.600,3123.6000,20099,0,1156116480.000,0,-,-,-,-,3123.2000,3122.0000,3120.0000,3117.0000,3116.8000,3123.8000,3124.0000,3124.4000,3124.6000,3125.2000,2,5,1,1,3,3,3,2,1,1
SF,IH2009,2020-07-03 09:34:07.100,3123.6000,20099,0,1156116480.000,0,-,-,-,-,3123.2000,3122.0000,3120.0000,3117.0000,3116.8000,3123.8000,3124.0000,3124.6000,3125.0000,3125.2000,2,5,1,1,3,3,3,1,1,1
SF,IH2009,2020-07-03 09:34:07.600,3123.6000,20099,0,1156116480.000,0,-,-,-,-,3123.2000,3122.0000,3120.0000,3117.0000,3116.8000,3123.8000,3124.0000,3124.6000,3125.0000,3125.2000,2,5,1,1,3,3,3,1,1,1
SF,IH2009,2020-07-03 09:34:08.100,3123.6000,20099,0,1156116480.000,0,-,-,-,-,3123.2000,3122.0000,3120.0000,3117.0000,3116.8000,3123.8000,3124.0000,3124.6000,3125.0000,3125.2000,2,5,1,1,3,3,4,1,1,1
SF,IH2009,2020-07-03 09:34:08.600,3123.2000,20099,0,1158927540.000,3,1,2,多换,S,3122.0000,3120.0000,3117.0000,3116.8000,3116.4000,3123.8000,3124.0000,3124.6000,3125.0000,3125.2000,5,1,1,3,1,2,4,1,1,1
SF,IH2009,2020-07-03 09:34:09.100,3123.2000,20099,0,1158927540.000,0,-,-,-,-,3122.2000,3122.0000,3120.0000,3117.0000,3116.8000,3123.6000,3123.8000,3124.0000,3124.6000,3125.0000,1,5,1,1,3,4,3,3,1,1
SF,IH2009,2020-07-03 09:34:09.600,3122.8000,20098,-1,1159864380.000,1,0,1,双平,S,3122.8000,3122.2000,3122.0000,3120.0000,3117.0000,3123.6000,3123.8000,3124.0000,3125.0000,3125.2000,1,1,5,1,1,4,3,3,1,1
SF,IH2009,2020-07-03 09:34:10.100,3123.8000,20099,1,1164549720.000,5,3,2,空开,S,3122.2000,3122.0000,3120.0000,3117.0000,3116.8000,3123.8000,3124.0000,3125.0000,3125.2000,3126.0000,1,5,1,1,3,2,3,1,1,3
SF,IH2009,2020-07-03 09:34:10.600,3123.8000,20097,-2,1166424000.000,2,0,2,双平,S,3122.2000,3122.0000,3120.0000,3117.0000,3116.8000,3124.0000,3125.0000,3125.2000,3126.0000,3126.2000,1,5,1,1,3,3,1,1,3,1
SF,IH2009,2020-07-03 09:34:11.100,3122.4000,20095,-2,1168297860.000,2,0,2,双平,S,3122.4000,3122.2000,3122.0000,3120.0000,3117.0000,3124.0000,3125.0000,3125.2000,3126.0000,3126.2000,1,1,5,1,1,3,1,1,3,1
SF,IH2009,2020-07-03 09:34:11.600,3124.0000,20093,-2,1170172260.000,2,0,2,双平,S,3122.6000,3122.4000,3122.0000,3120.0000,3117.0000,3124.0000,3125.0000,3125.2000,3126.0000,3126.2000,1,1,5,1,1,1,1,1,3,1
