市场代码,合约代码,时间,最新,持仓,增仓,成交额,成交量,开仓,平仓,成交类型,方向,买一价,买二价,买三价,买四价,买五价,卖一价,卖二价,卖三价,卖四价,卖五价,买一量,买二量,买三量,买四量,买五量,卖一量,卖二量,卖三量,卖四量,卖五量
SF,IH2012,2020-10-16 09:29:00.100,3358.6000,32192,0,20151600.000,20.000,-,-,-,-,3355.0000,3353.4000,3353.2000,3352.8000,3352.6000,3358.6000,3359.0000,3360.0000,3361.8000,3363.0000,1,11,9,6,8,3,20,1,4,5
SF,IH2012,2020-10-16 09:30:00.100,3358.0000,32190,-2,36255300.000,16,7,9,多平,S,3353.4000,3353.2000,3352.6000,3352.0000,3350.4000,3355.0000,3356.6000,3358.0000,3358.2000,3358.4000,3,9,1,1,1,1,1,4,5,1
SF,IH2012,2020-10-16 09:30:00.600,3358.4000,32178,-12,57404700.000,21,4,17,多平,S,3355.0000,3354.4000,3353.4000,3353.2000,3352.6000,3358.4000,3358.6000,3358.8000,3359.0000,3360.0000,2,1,3,9,1,6,2,1,21,1
SF,IH2012,2020-10-16 09:30:01.100,3355.0000,32173,-5,64450800.000,7,1,6,多平,S,3355.0000,3354.4000,3353.4000,3353.2000,3352.6000,3357.0000,3357.2000,3357.8000,3358.0000,3358.2000,1,1,3,9,1,2,1,2,1,6
SF,IH2012,2020-10-16 09:30:01.600,3356.8000,32171,-2,66464880.000,2,0,2,双平,S,3355.8000,3355.6000,3355.4000,3355.2000,3355.0000,3357.8000,3358.2000,3358.4000,3358.6000,3358.8000,2,1,7,3,1,1,5,6,1,1
SF,IH2012,2020-10-16 09:30:02.100,3356.8000,32170,-1,67471920.000,1,0,1,双平,S,3356.8000,3356.2000,3356.0000,3355.6000,3355.4000,3357.8000,3358.2000,3358.4000,3358.6000,3358.8000,2,7,2,1,1,1,1,4,1,1
SF,IH2012,2020-10-16 09:30:02.600,3358.2000,32168,-2,69486720.000,2,0,2,双平,S,3357.4000,3357.0000,3356.2000,3356.0000,3355.6000,3357.6000,3357.8000,3358.0000,3358.4000,3358.6000,1,1,2,1,1,1,1,1,5,1
SF,IH2012,2020-10-16 09:30:03.100,3358.4000,32161,-7,77545500.000,8,0,8,多平,S,3357.8000,3357.6000,3357.0000,3356.8000,3356.2000,3358.4000,3358.6000,3358.8000,3359.0000,3360.0000,3,3,1,1,1,4,1,1,21,1
SF,IH2012,2020-10-16 09:30:03.600,3357.8000,32153,-8,85604520.000,8,0,8,双平,S,3357.0000,3356.8000,3356.0000,3355.4000,3355.0000,3358.0000,3358.4000,3358.6000,3358.8000,3359.0000,1,1,2,1,1,3,4,1,1,21
SF,IH2012,2020-10-16 09:30:04.100,3357.0000,32150,-3,89632800.000,4,0,4,多平,S,3358.0000,3356.0000,3355.4000,3355.0000,3353.4000,3358.4000,3358.6000,3358.8000,3359.0000,3360.0000,1,2,1,1,3,4,1,1,21,1
SF,IH2012,2020-10-16 09:30:04.600,3358.4000,32147,-3,94670280.000,5,1,4,多平,S,3357.4000,3356.0000,3355.4000,3355.0000,3353.4000,3358.8000,3359.0000,3360.0000,3360.2000,3361.0000,1,2,1,1,3,1,20,1,1,1
SF,IH2012,2020-10-16 09:30:05.100,3357.6000,32147,0,95677560.000,1,0,1,多换,S,3357.6000,3357.4000,3356.0000,3355.4000,3355.0000,3357.8000,3358.6000,3358.8000,3359.0000,3360.0000,2,1,2,1,1,4,1,1,20,1
SF,IH2012,2020-10-16 09:30:05.600,3358.8000,32146,-1,101722140.000,6,2,4,多平,S,3358.2000,3357.6000,3357.4000,3356.0000,3355.4000,3359.0000,3360.0000,3360.2000,3361.0000,3361.6000,1,3,1,2,1,20,2,1,1,1
SF,IH2012,2020-10-16 09:30:06.100,3359.0000,32129,-17,126913920.000,25,4,21,多平,S,3359.4000,3358.6000,3358.4000,3357.4000,3356.0000,3360.0000,3360.2000,3361.0000,3361.6000,3363.0000,1,3,3,1,2,2,1,1,1,5
SF,IH2012,2020-10-16 09:30:06.600,3358.6000,32129,0,131952420.000,5,2,3,多换,S,3358.4000,3358.0000,3357.8000,3357.4000,3356.0000,3358.6000,3359.4000,3359.6000,3360.0000,3360.2000,2,1,2,1,2,1,3,4,2,1
SF,IH2012,2020-10-16 09:30:07.100,3358.0000,32127,-2,139005660.000,7,2,5,多平,S,3357.8000,3357.6000,3357.4000,3356.0000,3355.4000,3360.0000,3360.2000,3361.0000,3361.6000,3363.0000,2,1,1,2,1,2,1,1,1,5
SF,IH2012,2020-10-16 09:30:07.600,3358.0000,32126,-1,141020460.000,2,0,2,多平,S,3357.8000,3357.6000,3357.4000,3356.0000,3355.4000,3358.6000,3359.8000,3360.0000,3360.2000,3361.0000,2,1,1,1,1,1,2,2,1,1
SF,IH2012,2020-10-16 09:30:08.100,3358.6000,32126,0,142028040.000,1,0,1,多换,S,3358.6000,3358.4000,3358.2000,3358.0000,3357.8000,3359.8000,3360.0000,3360.2000,3361.0000,3361.6000,2,1,3,1,2,1,2,1,1,1
SF,IH2012,2020-10-16 09:30:08.600,3359.8000,32124,-2,151100820.000,9,3,6,多平,S,3359.2000,3359.0000,3358.8000,3358.6000,3358.2000,3362.0000,3363.0000,3364.0000,3364.2000,3365.0000,3,2,2,2,1,1,5,1,1,2
SF,IH2012,2020-10-16 09:30:09.100,3359.6000,32124,0,155132880.000,4,2,2,多换,S,3359.4000,3359.2000,3358.8000,3358.6000,3358.2000,3361.8000,3362.0000,3363.0000,3364.0000,3364.2000,3,3,1,2,1,1,1,5,1,1
SF,IH2012,2020-10-16 09:30:09.600,3359.4000,32124,0,156140700.000,1,0,1,多换,S,3359.8000,3359.4000,3358.8000,3358.6000,3358.2000,3360.6000,3361.6000,3361.8000,3362.0000,3363.0000,1,1,1,1,1,1,2,1,1,5
SF,IH2012,2020-10-16 09:30:10.100,3359.8000,32123,-1,163195980.000,7,3,4,多平,S,3358.6000,3358.2000,3357.6000,3355.0000,3353.4000,3359.4000,3359.8000,3361.6000,3361.8000,3362.0000,2,1,1,2,3,2,1,2,1,1
SF,IH2012,2020-10-16 09:30:10.600,3359.8000,32121,-2,169243500.000,6,2,4,多平,S,3360.0000,3359.4000,3359.0000,3358.8000,3358.6000,3361.6000,3361.8000,3362.0000,3363.0000,3364.0000,7,3,3,2,3,2,1,1,5,1
SF,IH2012,2020-10-16 09:30:11.100,3361.6000,32116,-5,182348940.000,13,4,9,多平,S,3361.8000,3359.4000,3358.8000,3358.6000,3358.2000,3362.0000,3363.0000,3364.0000,3364.2000,3365.0000,1,1,1,3,1,1,5,1,1,2
SF,IH2012,2020-10-16 09:30:11.600,3359.4000,32116,0,184365300.000,2,1,1,多换,S,3360.6000,3358.8000,3358.6000,3357.6000,3355.0000,3361.0000,3361.8000,3362.0000,3363.0000,3364.0000,1,1,3,1,2,2,1,1,5,1
SF,IH2012,2020-10-16 09:30:12.100,3360.6000,32113,-3,188398020.000,4,0,4,多平,S,3359.4000,3358.8000,3358.6000,3357.6000,3355.0000,3360.8000,3361.0000,3362.0000,3363.0000,3364.0000,10,1,2,1,2,1,2,1,5,1
SF,IH2012,2020-10-16 09:30:12.600,3360.6000,32112,-1,191421840.000,3,1,2,多平,S,3359.4000,3358.8000,3358.6000,3357.6000,3355.0000,3360.6000,3361.0000,3361.8000,3362.0000,3363.0000,8,1,2,1,2,1,2,1,1,5
SF,IH2012,2020-10-16 09:30:13.100,3360.6000,32111,-1,195453840.000,4,1,3,多平,S,3360.0000,3359.4000,3358.8000,3358.6000,3357.6000,3361.0000,3361.8000,3362.0000,3363.0000,3364.0000,1,6,1,2,1,2,1,1,5,1
SF,IH2012,2020-10-16 09:30:13.600,3360.0000,32111,0,196461840.000,1,0,1,多换,S,3360.0000,3359.4000,3358.8000,3358.6000,3357.6000,3360.8000,3361.8000,3362.0000,3363.0000,3364.0000,1,6,1,2,1,1,1,2,5,1
SF,IH2012,2020-10-16 09:30:14.100,3360.0000,32110,-1,198478080.000,2,0,2,多平,S,3360.8000,3360.6000,3359.4000,3358.8000,3358.6000,3361.8000,3362.0000,3363.0000,3364.0000,3365.0000,1,2,6,1,2,1,2,5,1,2
SF,IH2012,2020-10-16 09:30:14.600,3360.8000,32109,-1,199486320.000,1,0,1,双平,S,3361.0000,3360.6000,3359.4000,3358.8000,3358.6000,3361.6000,3361.8000,3362.0000,3363.0000,3364.0000,1,2,6,1,2,1,1,2,5,1
SF,IH2012,2020-10-16 09:30:15.100,3360.6000,32108,-1,202510980.000,3,1,2,多平,S,3359.4000,3358.8000,3358.6000,3357.6000,3355.0000,3360.6000,3361.0000,3361.4000,3361.6000,3361.8000,6,1,2,1,2,1,2,1,1,1
SF,IH2012,2020-10-16 09:30:15.600,3359.4000,32108,0,206542740.000,4,2,2,多换,S,3359.4000,3358.8000,3358.6000,3357.6000,3355.0000,3361.4000,3361.6000,3362.0000,3363.0000,3364.0000,5,1,2,1,2,2,1,2,5,1
SF,IH2012,2020-10-16 09:30:16.100,3359.4000,32106,-2,213597480.000,7,2,5,多平,S,3358.8000,3358.6000,3357.6000,3355.0000,3353.4000,3361.2000,3361.4000,3362.0000,3363.0000,3364.0000,1,2,1,2,3,4,1,2,5,1
SF,IH2012,2020-10-16 09:30:16.600,3359.4000,32105,-1,214605300.000,1,0,1,双平,S,3359.0000,3358.8000,3358.6000,3357.6000,3355.0000,3359.4000,3361.0000,3361.2000,3361.4000,3362.0000,4,3,2,1,2,1,1,3,1,2
SF,IH2012,2020-10-16 09:30:17.100,3361.2000,32104,-1,218637120.000,4,1,3,多平,S,3360.0000,3359.4000,3359.0000,3358.8000,3358.6000,3361.2000,3361.4000,3362.0000,3363.0000,3364.0000,8,3,1,4,1,1,1,2,5,1
SF,IH2012,2020-10-16 09:30:17.600,3361.2000,32104,0,218637120.000,0,-,-,-,-,3360.0000,3359.4000,3359.0000,3358.8000,3358.6000,3361.0000,3361.4000,3362.0000,3363.0000,3364.0000,1,2,1,3,1,1,1,2,5,1
SF,IH2012,2020-10-16 09:30:18.100,3361.0000,32104,0,219645420.000,1,0,1,多换,S,3360.0000,3359.4000,3359.0000,3358.8000,3358.6000,3361.2000,3362.0000,3363.0000,3364.0000,3365.0000,1,2,1,3,1,1,2,5,1,2
SF,IH2012,2020-10-16 09:30:18.600,3362.0000,32104,0,222670980.000,3,1,2,多换,S,3360.2000,3360.0000,3359.4000,3358.8000,3358.6000,3363.0000,3364.0000,3365.0000,3365.8000,3366.0000,1,1,1,4,1,5,1,2,1,1
SF,IH2012,2020-10-16 09:30:19.100,3362.8000,32105,1,226706220.000,4,2,2,空开,S,3362.8000,3361.2000,3360.4000,3360.2000,3360.0000,3363.0000,3364.0000,3365.0000,3365.8000,3366.0000,5,1,1,3,1,5,1,2,1,1
SF,IH2012,2020-10-16 09:30:19.600,3361.2000,32103,-2,233767620.000,7,2,5,多平,S,3360.4000,3360.2000,3360.0000,3358.8000,3358.6000,3361.2000,3362.6000,3362.8000,3363.0000,3364.0000,1,3,1,4,1,1,5,7,5,1
SF,IH2012,2020-10-16 09:30:20.100,3361.0000,32101,-2,238808460.000,5,1,4,多平,S,3361.0000,3360.2000,3360.0000,3358.8000,3358.6000,3362.8000,3363.0000,3364.0000,3365.0000,3365.8000,1,1,1,4,1,3,5,1,2,1
SF,IH2012,2020-10-16 09:30:20.600,3361.2000,32100,-1,245868120.000,7,3,4,多平,S,3360.2000,3360.0000,3358.8000,3358.6000,3357.6000,3362.6000,3362.8000,3363.0000,3364.0000,3365.0000,1,1,2,1,1,3,3,5,1,2
SF,IH2012,2020-10-16 09:30:21.100,3360.0000,32099,-1,247884240.000,2,0,2,多平,S,3358.8000,3358.6000,3357.6000,3355.0000,3352.6000,3361.0000,3362.6000,3362.8000,3363.0000,3364.0000,1,1,1,2,1,10,2,3,5,1
SF,IH2012,2020-10-16 09:30:21.600,3360.8000,32098,-1,249900720.000,2,0,2,多平,S,3359.2000,3359.0000,3358.8000,3358.6000,3357.6000,3361.0000,3362.8000,3363.0000,3364.0000,3365.0000,1,5,1,1,1,10,3,5,1,3
SF,IH2012,2020-10-16 09:30:22.100,3360.8000,32097,-1,250908960.000,1,0,1,双平,S,3359.4000,3359.2000,3359.0000,3358.8000,3358.6000,3360.8000,3361.0000,3362.8000,3363.0000,3364.0000,2,1,1,1,1,2,10,3,5,1
SF,IH2012,2020-10-16 09:30:22.600,3360.8000,32093,-4,256956600.000,6,1,5,多平,S,3358.8000,3358.6000,3357.6000,3355.0000,3352.6000,3360.8000,3361.0000,3362.8000,3363.0000,3364.0000,1,1,1,2,1,1,10,3,5,1
SF,IH2012,2020-10-16 09:30:23.100,3358.8000,32091,-2,259979580.000,3,0,3,多平,S,3358.6000,3357.6000,3355.0000,3352.6000,3352.2000,3360.2000,3360.6000,3360.8000,3361.0000,3362.8000,1,1,2,1,1,1,2,1,10,3
SF,IH2012,2020-10-16 09:30:23.600,3358.8000,32091,0,265018140.000,5,2,3,多换,S,3357.6000,3355.0000,3352.6000,3352.2000,3350.6000,3358.6000,3360.0000,3360.2000,3360.6000,3360.8000,1,2,1,1,1,18,2,1,2,1
SF,IH2012,2020-10-16 09:30:24.100,3358.6000,32089,-2,274085640.000,9,3,6,多平,S,3357.8000,3355.0000,3352.6000,3352.2000,3350.6000,3358.6000,3360.0000,3360.2000,3360.6000,3360.8000,1,2,1,1,1,17,1,1,2,1
SF,IH2012,2020-10-16 09:30:24.600,3358.6000,32088,-1,277108140.000,3,1,2,多平,S,3355.0000,3352.6000,3352.2000,3350.6000,3350.2000,3358.6000,3360.2000,3360.6000,3360.8000,3361.0000,2,1,1,1,2,15,1,1,1,10
SF,IH2012,2020-10-16 09:30:25.100,3358.6000,32087,-1,285168780.000,8,3,5,多平,S,3356.6000,3356.0000,3355.8000,3355.4000,3355.2000,3358.6000,3360.2000,3360.8000,3361.0000,3362.8000,3,1,2,1,4,9,1,1,10,1
SF,IH2012,2020-10-16 09:30:25.600,3358.6000,32086,-1,288191520.000,3,1,2,多平,S,3356.8000,3356.6000,3356.0000,3355.8000,3355.4000,3358.6000,3360.2000,3360.8000,3361.0000,3361.6000,4,3,1,2,1,7,1,1,10,1
SF,IH2012,2020-10-16 09:30:26.100,3358.6000,32085,-1,291214260.000,3,1,2,多平,S,3360.0000,3357.0000,3356.8000,3356.0000,3355.8000,3360.2000,3360.8000,3361.0000,3361.6000,3362.8000,4,1,3,1,2,1,1,10,1,1
SF,IH2012,2020-10-16 09:30:26.600,3360.0000,32086,1,303309360.000,12,6,6,空开,S,3357.4000,3356.8000,3356.0000,3355.8000,3355.4000,3360.2000,3360.8000,3361.0000,3361.6000,3363.0000,1,2,1,2,2,1,1,10,1,5
SF,IH2012,2020-10-16 09:30:27.100,3360.8000,32086,0,310365660.000,7,3,4,多换,S,3357.6000,3356.0000,3355.8000,3355.4000,3355.0000,3361.0000,3361.6000,3362.6000,3363.0000,3364.0000,2,1,2,2,2,10,1,1,5,1
SF,IH2012,2020-10-16 09:30:27.600,3358.4000,32087,1,317422620.000,7,4,3,空开,S,3358.0000,3357.6000,3356.0000,3355.8000,3355.4000,3359.6000,3360.6000,3360.8000,3361.0000,3361.6000,6,5,1,2,2,1,1,1,10,1
SF,IH2012,2020-10-16 09:30:28.100,3358.2000,32085,-2,319437960.000,2,0,2,双平,S,3358.2000,3358.0000,3357.6000,3356.0000,3355.8000,3360.6000,3360.8000,3361.0000,3361.6000,3362.6000,3,6,4,1,2,1,1,10,1,1
SF,IH2012,2020-10-16 09:30:28.600,3361.0000,32084,-1,327503220.000,8,3,5,多平,S,3358.4000,3358.2000,3357.6000,3356.0000,3355.8000,3361.0000,3361.6000,3362.6000,3363.0000,3364.0000,7,2,3,1,2,5,1,1,5,1
SF,IH2012,2020-10-16 09:30:29.100,3361.0000,32084,0,329519820.000,2,1,1,多换,S,3358.6000,3358.4000,3357.6000,3356.0000,3355.8000,3359.8000,3361.0000,3361.6000,3361.8000,3362.6000,4,7,3,1,2,4,3,1,1,1
SF,IH2012,2020-10-16 09:30:29.600,3361.0000,32081,-3,335568180.000,6,1,5,多平,S,3359.2000,3359.0000,3358.8000,3358.6000,3358.4000,3361.0000,3361.6000,3361.8000,3362.6000,3363.0000,1,6,1,2,1,1,1,1,1,5
SF,IH2012,2020-10-16 09:30:30.100,3362.6000,32080,-1,340611060.000,5,2,3,多平,S,3362.2000,3359.6000,3359.4000,3359.2000,3358.6000,3362.4000,3363.0000,3364.0000,3365.0000,3365.8000,1,6,4,1,1,1,5,1,3,1
SF,IH2012,2020-10-16 09:30:30.600,3362.4000,32077,-3,346663260.000,6,1,5,多平,S,3362.4000,3361.0000,3360.6000,3359.6000,3359.4000,3363.0000,3364.0000,3365.0000,3365.8000,3366.0000,1,1,1,7,2,5,1,3,1,1
SF,IH2012,2020-10-16 09:30:31.100,3360.8000,32074,-3,351705420.000,5,1,4,多平,S,3359.6000,3359.4000,3357.6000,3356.0000,3355.8000,3360.8000,3362.4000,3363.0000,3364.0000,3365.0000,7,1,3,1,2,2,5,5,1,3
SF,IH2012,2020-10-16 09:30:31.600,3360.8000,32068,-6,362795820.000,11,2,9,多平,S,3360.0000,3359.8000,3359.6000,3359.4000,3357.6000,3361.4000,3363.0000,3364.0000,3365.0000,3365.8000,3,4,7,1,3,2,5,1,3,1
SF,IH2012,2020-10-16 09:30:32.100,3361.4000,32066,-2,364812660.000,2,0,2,双平,S,3361.4000,3360.4000,3360.2000,3360.0000,3359.8000,3362.4000,3363.0000,3364.0000,3365.0000,3365.8000,1,6,3,3,1,1,5,1,3,1
SF,IH2012,2020-10-16 09:30:32.600,3362.4000,32063,-3,368846640.000,4,0,4,多平,S,3361.8000,3360.2000,3360.0000,3359.8000,3359.6000,3363.0000,3364.0000,3365.0000,3365.8000,3366.0000,6,2,3,1,1,5,1,3,1,1
SF,IH2012,2020-10-16 09:30:33.100,3362.0000,32056,-7,377925900.000,9,1,8,多平,S,3362.0000,3361.8000,3361.4000,3360.2000,3360.0000,3364.0000,3365.0000,3365.8000,3366.0000,3367.0000,1,6,3,2,3,1,3,1,1,1
SF,IH2012,2020-10-16 09:30:33.600,3362.0000,32055,-1,378934500.000,1,0,1,双平,S,3362.2000,3362.0000,3361.4000,3360.2000,3360.0000,3363.4000,3363.8000,3364.0000,3365.0000,3365.8000,7,1,3,2,3,1,1,1,3,1
SF,IH2012,2020-10-16 09:30:34.100,3362.0000,32049,-6,384986100.000,6,0,6,双平,S,3362.4000,3362.2000,3361.4000,3360.2000,3360.0000,3363.8000,3364.0000,3365.0000,3365.8000,3366.0000,1,7,3,2,3,1,1,3,1,1
SF,IH2012,2020-10-16 09:30:34.600,3362.4000,32048,-1,387003420.000,2,0,2,多平,S,3362.8000,3362.6000,3362.4000,3361.4000,3360.2000,3363.0000,3363.6000,3363.8000,3364.0000,3365.0000,5,1,1,3,2,10,1,1,1,3
SF,IH2012,2020-10-16 09:30:35.100,3362.8000,32046,-2,392047740.000,5,1,4,多平,S,3362.8000,3362.4000,3361.4000,3360.2000,3360.0000,3363.0000,3363.6000,3364.0000,3365.0000,3365.8000,3,1,3,2,1,7,1,1,3,1
SF,IH2012,2020-10-16 09:30:35.600,3363.0000,32042,-4,396083340.000,4,0,4,双平,S,3362.4000,3361.4000,3360.2000,3360.0000,3359.6000,3363.0000,3363.6000,3364.0000,3365.0000,3365.8000,1,3,2,1,1,4,1,1,3,1
SF,IH2012,2020-10-16 09:30:36.100,3363.0000,32041,-1,398101140.000,2,0,2,多平,S,3362.4000,3361.4000,3360.2000,3360.0000,3359.6000,3363.0000,3364.0000,3365.0000,3365.8000,3366.0000,1,3,2,1,1,3,1,3,3,1
SF,IH2012,2020-10-16 09:30:36.600,3362.6000,32040,-1,399109920.000,1,0,1,双平,S,3362.4000,3361.4000,3360.2000,3360.0000,3359.6000,3363.0000,3364.0000,3365.0000,3365.8000,3366.0000,1,3,2,1,1,3,1,3,3,1
SF,IH2012,2020-10-16 09:30:37.100,3363.0000,32037,-3,403145400.000,4,0,4,多平,S,3363.0000,3362.8000,3362.6000,3362.4000,3361.4000,3364.0000,3365.0000,3365.8000,3366.0000,3367.0000,1,2,1,1,3,1,3,3,1,1
SF,IH2012,2020-10-16 09:30:37.600,3363.0000,32037,0,403145400.000,0,-,-,-,-,3363.4000,3363.2000,3363.0000,3362.4000,3361.4000,3364.0000,3365.0000,3365.8000,3366.0000,3367.0000,2,1,1,1,3,1,3,3,1,1
SF,IH2012,2020-10-16 09:30:38.100,3363.4000,32034,-3,406172700.000,3,0,3,双平,S,3363.4000,3363.0000,3362.4000,3361.0000,3360.2000,3365.0000,3365.8000,3366.0000,3367.0000,3367.2000,1,1,1,1,2,3,3,1,1,1
SF,IH2012,2020-10-16 09:30:38.600,3363.4000,32034,0,406172700.000,0,-,-,-,-,3363.6000,3363.4000,3363.0000,3362.4000,3361.0000,3364.8000,3365.0000,3365.6000,3365.8000,3366.0000,2,1,1,1,1,1,3,1,3,1
SF,IH2012,2020-10-16 09:30:39.100,3364.6000,32033,-1,408191160.000,2,0,2,多平,S,3364.0000,3363.0000,3362.4000,3361.0000,3360.2000,3364.8000,3365.0000,3365.6000,3365.8000,3366.0000,1,1,2,1,2,1,3,1,1,1
SF,IH2012,2020-10-16 09:30:39.600,3364.0000,32032,-1,411218760.000,3,1,2,多平,S,3363.0000,3362.4000,3361.0000,3360.2000,3360.0000,3363.8000,3364.2000,3364.8000,3365.0000,3365.6000,2,2,1,2,1,3,3,1,3,1
SF,IH2012,2020-10-16 09:30:40.100,3363.0000,32031,-1,413236560.000,2,0,2,多平,S,3362.4000,3361.0000,3360.2000,3360.0000,3359.6000,3363.6000,3363.8000,3364.2000,3364.6000,3365.0000,2,1,2,1,1,1,3,3,1,3
SF,IH2012,2020-10-16 09:30:40.600,3362.4000,32029,-2,415254000.000,2,0,2,双平,S,3361.0000,3360.2000,3360.0000,3359.6000,3356.6000,3362.8000,3363.2000,3363.6000,3363.8000,3364.0000,1,2,1,1,1,1,1,2,3,1
SF,IH2012,2020-10-16 09:30:41.100,3362.8000,32027,-2,418280400.000,3,0,3,多平,S,3361.4000,3361.2000,3361.0000,3360.0000,3359.6000,3362.6000,3362.8000,3363.2000,3363.4000,3363.6000,1,4,1,1,1,1,1,1,1,1
SF,IH2012,2020-10-16 09:30:41.600,3361.6000,32026,-1,421306560.000,3,1,2,多平,S,3361.2000,3361.0000,3360.0000,3359.6000,3356.6000,3363.2000,3363.4000,3363.6000,3363.8000,3364.2000,2,1,1,1,1,1,1,1,3,6
SF,IH2012,2020-10-16 09:30:42.100,3362.8000,32026,0,422315400.000,1,0,1,多换,S,3361.4000,3361.0000,3360.0000,3359.6000,3356.6000,3361.8000,3363.0000,3363.2000,3363.4000,3363.6000,1,1,1,1,1,1,2,1,1,1
SF,IH2012,2020-10-16 09:30:42.600,3361.8000,32024,-2,425340660.000,3,0,3,多平,S,3360.0000,3359.6000,3356.6000,3356.0000,3355.8000,3363.0000,3363.2000,3363.4000,3363.6000,3363.8000,1,1,1,1,2,2,1,1,1,4
SF,IH2012,2020-10-16 09:30:43.100,3361.8000,32024,0,425340660.000,0,-,-,-,-,3361.0000,3360.4000,3360.2000,3360.0000,3359.6000,3362.6000,3362.8000,3363.0000,3363.4000,3363.8000,1,1,2,1,1,4,1,2,1,5
SF,IH2012,2020-10-16 09:30:43.600,3362.0000,32023,-1,428365560.000,3,1,2,多平,S,3359.6000,3356.6000,3356.0000,3355.8000,3355.4000,3362.0000,3362.4000,3362.6000,3363.0000,3363.4000,1,1,1,2,2,2,1,4,1,1
SF,IH2012,2020-10-16 09:30:44.100,3361.8000,32023,0,434416140.000,6,3,3,多换,S,3359.8000,3356.6000,3356.0000,3355.8000,3355.4000,3361.8000,3362.0000,3362.2000,3363.4000,3363.8000,1,1,1,2,2,6,3,1,2,6
SF,IH2012,2020-10-16 09:30:44.600,3363.8000,32025,2,441477720.000,7,4,3,空开,S,3360.0000,3359.8000,3356.6000,3356.0000,3355.8000,3362.6000,3363.8000,3364.0000,3364.2000,3364.6000,4,1,1,1,2,1,4,1,3,3
SF,IH2012,2020-10-16 09:30:45.100,3360.2000,32026,1,449549760.000,8,4,4,空开,S,3360.0000,3356.6000,3356.0000,3355.8000,3355.4000,3362.4000,3362.6000,3363.4000,3363.8000,3364.0000,2,1,1,2,2,1,1,1,4,1
SF,IH2012,2020-10-16 09:30:45.600,3363.4000,32027,1,456610920.000,7,4,3,空开,S,3360.2000,3360.0000,3356.6000,3356.0000,3355.8000,3363.8000,3364.0000,3364.2000,3364.6000,3365.0000,1,2,1,1,2,4,1,3,3,4
SF,IH2012,2020-10-16 09:30:46.100,3362.6000,32027,0,457619700.000,1,0,1,多换,S,3361.0000,3360.4000,3360.2000,3360.0000,3356.6000,3362.0000,3362.8000,3363.2000,3363.4000,3363.6000,1,1,3,1,1,3,1,1,1,4
SF,IH2012,2020-10-16 09:30:46.600,3363.6000,32030,3,462664740.000,5,4,1,空开,S,3361.2000,3361.0000,3360.4000,3360.2000,3360.0000,3363.2000,3363.8000,3364.0000,3364.2000,3364.6000,1,1,1,2,1,1,4,2,4,3
SF,IH2012,2020-10-16 09:30:47.100,3363.8000,32029,-1,467709180.000,5,2,3,多平,S,3361.4000,3361.2000,3361.0000,3360.2000,3360.0000,3363.8000,3364.0000,3364.2000,3364.4000,3364.6000,2,2,1,2,2,2,1,5,1,3
SF,IH2012,2020-10-16 09:30:47.600,3361.6000,32027,-2,469726140.000,2,0,2,双平,S,3361.6000,3361.4000,3361.2000,3361.0000,3360.2000,3362.0000,3363.6000,3363.8000,3364.0000,3364.2000,5,1,1,1,2,3,2,2,1,4
SF,IH2012,2020-10-16 09:30:48.100,3363.8000,32024,-3,476788380.000,7,2,5,多平,S,3361.8000,3361.6000,3361.2000,3361.0000,3360.2000,3363.6000,3364.0000,3364.2000,3364.6000,3365.0000,2,6,1,1,2,1,1,4,3,7
SF,IH2012,2020-10-16 09:30:48.600,3363.8000,32024,0,476788380.000,0,-,-,-,-,3362.2000,3362.0000,3361.8000,3361.6000,3361.0000,3363.4000,3363.6000,3364.0000,3364.2000,3364.6000,6,3,2,1,1,1,1,1,4,3
SF,IH2012,2020-10-16 09:30:49.100,3364.2000,32022,-2,483851640.000,7,2,5,多平,S,3363.0000,3362.2000,3362.0000,3361.8000,3361.6000,3364.2000,3364.6000,3365.0000,3365.4000,3365.6000,1,6,2,1,1,2,3,7,3,2
SF,IH2012,2020-10-16 09:30:49.600,3363.0000,32020,-2,486878340.000,3,0,3,多平,S,3363.4000,3363.2000,3362.2000,3362.0000,3361.8000,3364.2000,3364.6000,3365.0000,3365.4000,3365.6000,4,2,1,2,1,2,3,7,3,1
SF,IH2012,2020-10-16 09:30:50.100,3363.0000,32020,0,487887240.000,1,0,1,多换,S,3363.6000,3363.4000,3363.2000,3362.8000,3362.2000,3363.8000,3364.2000,3364.6000,3365.0000,3365.4000,2,5,6,1,1,1,2,3,7,3
SF,IH2012,2020-10-16 09:30:50.600,3364.6000,32020,0,492933660.000,5,2,3,多换,S,3363.6000,3363.4000,3363.2000,3362.8000,3362.2000,3364.6000,3365.0000,3365.4000,3365.6000,3365.8000,1,1,6,1,1,1,7,3,1,4
SF,IH2012,2020-10-16 09:30:51.100,3364.6000,32018,-2,494952180.000,2,0,2,双平,S,3363.8000,3363.6000,3363.4000,3363.2000,3362.2000,3365.0000,3365.4000,3365.6000,3365.8000,3366.0000,2,1,1,6,1,7,3,1,4,1
SF,IH2012,2020-10-16 09:30:51.600,3364.6000,32018,0,494952180.000,0,-,-,-,-,3364.2000,3364.0000,3363.8000,3363.6000,3363.4000,3365.0000,3365.4000,3365.6000,3365.8000,3366.0000,4,4,2,2,1,7,3,1,4,1
SF,IH2012,2020-10-16 09:30:52.100,3364.4000,32017,-1,495961500.000,1,0,1,双平,S,3364.4000,3364.2000,3364.0000,3363.8000,3363.6000,3365.0000,3365.4000,3365.6000,3365.8000,3366.0000,2,6,3,3,1,8,3,1,4,1
SF,IH2012,2020-10-16 09:30:52.600,3364.8000,32013,-4,504036720.000,8,2,6,多平,S,3364.8000,3364.6000,3364.2000,3364.0000,3363.8000,3365.0000,3365.4000,3365.6000,3365.8000,3366.0000,3,1,2,4,3,5,3,1,4,2
SF,IH2012,2020-10-16 09:30:53.100,3364.6000,32011,-2,508074420.000,4,1,3,多平,S,3364.2000,3364.0000,3363.8000,3363.4000,3363.2000,3364.4000,3364.8000,3365.0000,3365.4000,3365.6000,2,1,3,1,5,1,2,5,3,1
SF,IH2012,2020-10-16 09:30:53.600,3364.4000,32008,-3,513121020.000,5,1,4,多平,S,3364.0000,3363.8000,3363.4000,3363.2000,3362.2000,3364.8000,3365.0000,3365.4000,3365.6000,3365.8000,1,3,1,5,1,3,5,3,1,4
SF,IH2012,2020-10-16 09:30:54.100,3363.8000,32005,-3,516148440.000,3,0,3,双平,S,3363.4000,3363.2000,3362.2000,3362.0000,3361.0000,3364.6000,3364.8000,3365.0000,3365.4000,3365.6000,1,5,1,1,1,3,3,5,3,1
SF,IH2012,2020-10-16 09:30:54.600,3364.4000,32007,2,520185060.000,4,3,1,空开,S,3363.2000,3362.2000,3362.0000,3361.0000,3360.0000,3364.4000,3364.6000,3364.8000,3365.0000,3365.4000,4,1,1,1,3,1,2,3,5,3
SF,IH2012,2020-10-16 09:30:55.100,3364.4000,32007,0,520185060.000,0,-,-,-,-,3363.2000,3362.2000,3362.0000,3361.0000,3360.0000,3364.2000,3364.4000,3364.6000,3364.8000,3365.0000,4,1,1,1,4,2,2,1,3,5
SF,IH2012,2020-10-16 09:30:55.600,3364.2000,32005,-2,522203580.000,2,0,2,双平,S,3363.2000,3362.2000,3362.0000,3361.0000,3360.0000,3364.4000,3364.6000,3364.8000,3365.0000,3365.4000,4,1,1,1,4,2,1,4,5,3
SF,IH2012,2020-10-16 09:30:56.100,3364.2000,32005,0,522203580.000,0,-,-,-,-,3363.2000,3362.2000,3362.0000,3361.0000,3360.0000,3363.4000,3364.2000,3364.4000,3364.6000,3364.8000,4,1,1,1,4,1,1,2,1,4
SF,IH2012,2020-10-16 09:30:56.600,3364.6000,32005,0,527249160.000,5,2,3,多换,S,3363.2000,3362.2000,3362.0000,3361.0000,3360.0000,3364.0000,3364.8000,3365.0000,3365.4000,3365.6000,2,1,1,1,4,1,5,5,3,1
SF,IH2012,2020-10-16 09:30:57.600,3364.6000,32005,0,527249160.000,0,-,-,-,-,3363.4000,3363.2000,3362.2000,3362.0000,3361.0000,3364.0000,3364.8000,3365.0000,3365.4000,3365.6000,1,2,1,2,1,2,5,7,3,1
SF,IH2012,2020-10-16 09:30:58.100,3364.6000,32005,0,529267920.000,2,1,1,多换,S,3364.0000,3363.4000,3363.2000,3362.2000,3362.0000,3364.4000,3364.8000,3365.0000,3365.4000,3365.6000,1,1,2,1,2,1,5,7,3,1
SF,IH2012,2020-10-16 09:30:58.600,3364.6000,32005,0,529267920.000,0,-,-,-,-,3364.0000,3363.4000,3363.2000,3362.2000,3362.0000,3364.4000,3364.8000,3365.0000,3365.4000,3365.6000,2,1,2,1,2,1,5,7,3,1
SF,IH2012,2020-10-16 09:30:59.100,3364.0000,32001,-4,535323480.000,6,1,5,多平,S,3364.0000,3363.4000,3363.2000,3362.2000,3362.0000,3364.8000,3365.0000,3365.4000,3365.6000,3365.8000,1,1,2,1,2,5,7,3,1,4
SF,IH2012,2020-10-16 09:30:59.600,3364.0000,32001,0,536332680.000,1,0,1,多换,S,3364.0000,3363.4000,3363.2000,3362.2000,3362.0000,3364.6000,3364.8000,3365.0000,3365.4000,3365.6000,1,1,2,1,2,1,5,7,3,1
SF,IH2012,2020-10-16 09:31:00.100,3364.8000,32001,0,538351500.000,2,1,1,多换,S,3364.0000,3363.4000,3363.2000,3362.2000,3362.0000,3364.8000,3365.0000,3365.4000,3365.6000,3365.8000,1,1,2,1,2,4,7,3,1,4
SF,IH2012,2020-10-16 09:31:00.600,3364.8000,32001,0,538351500.000,0,-,-,-,-,3364.4000,3364.0000,3363.4000,3363.2000,3362.2000,3364.8000,3365.0000,3365.4000,3365.6000,3365.8000,1,1,1,2,1,4,7,3,1,4
SF,IH2012,2020-10-16 09:31:01.100,3364.8000,31993,-8,548446140.000,10,1,9,多平,S,3364.6000,3364.4000,3364.0000,3363.4000,3363.2000,3365.0000,3365.4000,3365.6000,3365.8000,3366.0000,1,1,1,1,2,3,3,1,4,2
SF,IH2012,2020-10-16 09:31:01.600,3365.0000,31990,-3,552484080.000,4,0,4,多平,S,3365.2000,3364.8000,3364.6000,3364.4000,3364.0000,3365.4000,3365.6000,3365.8000,3366.0000,3366.2000,1,4,2,1,1,3,1,4,2,3
SF,IH2012,2020-10-16 09:31:02.100,3364.8000,31984,-6,566618820.000,14,4,10,多平,S,3364.8000,3364.6000,3364.4000,3364.0000,3363.4000,3366.0000,3366.2000,3366.6000,3367.0000,3367.2000,3,2,1,1,1,2,3,3,1,1
SF,IH2012,2020-10-16 09:31:02.600,3366.2000,31984,0,569648280.000,3,1,2,多换,S,3365.6000,3365.2000,3365.0000,3364.8000,3364.6000,3366.2000,3366.6000,3367.0000,3367.2000,3367.4000,2,2,3,2,2,2,3,1,1,1
SF,IH2012,2020-10-16 09:31:03.100,3367.2000,31981,-3,580757280.000,11,4,7,多平,S,3366.2000,3365.6000,3365.4000,3365.2000,3365.0000,3367.4000,3367.8000,3369.8000,3370.0000,3370.6000,10,3,1,2,1,1,1,3,5,2
SF,IH2012,2020-10-16 09:31:03.600,3367.4000,31980,-1,583788060.000,3,1,2,多平,S,3367.4000,3367.2000,3366.4000,3366.2000,3365.6000,3367.6000,3369.8000,3370.0000,3370.6000,3371.6000,1,1,6,10,3,1,3,5,2,1
SF,IH2012,2020-10-16 09:31:04.100,3369.8000,31980,0,587830440.000,4,2,2,多换,S,3367.2000,3366.4000,3366.2000,3365.6000,3365.4000,3369.8000,3370.0000,3370.6000,3371.6000,3372.0000,1,5,10,3,4,3,5,2,1,2
SF,IH2012,2020-10-16 09:31:04.600,3369.4000,31978,-2,598947000.000,11,4,7,多平,S,3366.4000,3366.2000,3365.6000,3365.4000,3364.8000,3369.4000,3369.6000,3369.8000,3370.0000,3370.6000,4,10,2,4,3,2,2,3,6,2
SF,IH2012,2020-10-16 09:31:05.100,3369.4000,31978,0,598947000.000,0,-,-,-,-,3367.0000,3366.8000,3366.6000,3366.4000,3366.2000,3369.2000,3369.8000,3370.0000,3370.6000,3371.6000,2,3,4,4,10,4,3,6,2,1
SF,IH2012,2020-10-16 09:31:05.600,3367.4000,31978,0,601977660.000,3,1,2,多换,S,3367.4000,3367.2000,3367.0000,3366.6000,3366.4000,3369.0000,3369.2000,3369.4000,3369.8000,3370.0000,3,4,2,2,4,1,2,1,3,6
SF,IH2012,2020-10-16 09:31:06.100,3369.2000,31978,0,607030140.000,5,2,3,多换,S,3369.2000,3367.4000,3367.2000,3367.0000,3366.6000,3369.4000,3369.8000,3370.0000,3370.4000,3371.6000,1,3,4,2,2,1,3,7,1,1
SF,IH2012,2020-10-16 09:31:06.600,3369.2000,31978,0,613094460.000,6,3,3,多换,S,3367.4000,3367.2000,3367.0000,3366.6000,3366.4000,3369.2000,3369.4000,3369.8000,3370.0000,3371.6000,3,2,2,1,3,2,1,3,7,1
SF,IH2012,2020-10-16 09:31:07.100,3367.4000,31977,-1,619156500.000,6,2,4,多平,S,3367.4000,3367.2000,3367.0000,3366.6000,3366.4000,3369.0000,3369.4000,3369.8000,3370.0000,3371.6000,1,1,2,1,3,2,1,3,7,1
SF,IH2012,2020-10-16 09:31:07.600,3367.4000,31976,-1,621176940.000,2,0,2,多平,S,3367.6000,3367.4000,3367.2000,3367.0000,3366.6000,3368.8000,3369.0000,3369.4000,3369.8000,3370.0000,1,2,1,2,1,1,2,1,3,7
SF,IH2012,2020-10-16 09:31:08.100,3368.6000,31977,1,625218540.000,4,2,2,空开,S,3367.2000,3367.0000,3366.6000,3366.4000,3366.2000,3368.8000,3369.4000,3369.8000,3370.0000,3371.6000,2,2,1,2,6,1,1,3,7,1
SF,IH2012,2020-10-16 09:31:08.600,3367.2000,31975,-2,630269820.000,5,1,4,多平,S,3366.4000,3366.2000,3365.4000,3365.0000,3364.8000,3367.0000,3367.2000,3368.6000,3368.8000,3369.0000,2,6,1,3,2,1,1,1,1,1
SF,IH2012,2020-10-16 09:31:09.100,3366.4000,31972,-3,641378760.000,11,4,7,多平,S,3367.0000,3365.4000,3365.0000,3364.8000,3364.6000,3367.2000,3368.8000,3369.0000,3369.4000,3369.8000,1,1,3,2,1,1,1,1,1,3
SF,IH2012,2020-10-16 09:31:09.600,3366.8000,31971,-1,643398720.000,2,0,2,多平,S,3365.4000,3364.8000,3364.6000,3364.4000,3364.0000,3367.0000,3367.2000,3367.4000,3368.2000,3368.8000,1,2,1,1,1,2,1,1,1,1
SF,IH2012,2020-10-16 09:31:10.100,3365.4000,31971,0,644408340.000,1,0,1,多换,S,3364.8000,3364.6000,3364.4000,3364.0000,3363.2000,3366.4000,3366.8000,3367.0000,3367.2000,3367.4000,2,1,1,1,2,1,3,2,1,2
SF,IH2012,2020-10-16 09:31:10.600,3364.8000,31970,-1,645417780.000,1,0,1,双平,S,3365.0000,3364.8000,3364.6000,3364.4000,3364.0000,3366.2000,3366.8000,3367.0000,3367.2000,3367.4000,1,1,1,1,1,2,1,1,1,2
SF,IH2012,2020-10-16 09:31:11.100,3365.0000,31969,-1,646427280.000,1,0,1,双平,S,3364.8000,3364.6000,3364.4000,3364.0000,3363.2000,3366.0000,3366.2000,3366.6000,3367.0000,3367.2000,1,1,1,1,2,2,2,1,1,1
SF,IH2012,2020-10-16 09:31:11.600,3365.8000,31968,-1,647437020.000,1,0,1,双平,S,3364.8000,3364.6000,3364.4000,3364.0000,3363.2000,3365.8000,3366.0000,3366.6000,3367.0000,3367.2000,1,1,1,1,2,1,1,1,1,1
SF,IH2012,2020-10-16 09:31:12.100,3365.8000,31966,-2,650465880.000,3,0,3,多平,S,3364.6000,3364.4000,3364.0000,3363.2000,3362.4000,3366.0000,3366.6000,3367.0000,3367.2000,3367.4000,1,1,1,2,1,1,1,1,1,2
SF,IH2012,2020-10-16 09:31:12.600,3365.8000,31966,0,650465880.000,0,-,-,-,-,3364.6000,3364.4000,3364.0000,3363.2000,3362.4000,3365.8000,3366.6000,3367.0000,3367.2000,3367.4000,2,1,1,2,1,3,1,1,1,2
SF,IH2012,2020-10-16 09:31:13.100,3365.8000,31966,0,650465880.000,0,-,-,-,-,3364.8000,3364.6000,3364.4000,3364.0000,3363.2000,3365.8000,3366.6000,3367.0000,3367.2000,3367.4000,1,2,1,1,2,3,1,1,1,2
SF,IH2012,2020-10-16 09:31:13.600,3365.8000,31966,0,652485120.000,2,1,1,多换,S,3364.8000,3364.6000,3364.4000,3364.0000,3363.2000,3365.8000,3366.6000,3367.0000,3367.2000,3367.4000,1,2,1,1,2,1,1,1,1,2
SF,IH2012,2020-10-16 09:31:14.100,3365.8000,31965,-1,654504600.000,2,0,2,多平,S,3365.0000,3364.8000,3364.6000,3364.4000,3364.0000,3366.6000,3367.0000,3367.2000,3367.4000,3369.0000,1,1,2,1,1,1,1,1,2,1
SF,IH2012,2020-10-16 09:31:14.600,3365.8000,31965,0,654504600.000,0,-,-,-,-,3365.2000,3365.0000,3364.6000,3364.4000,3364.0000,3366.6000,3367.0000,3367.2000,3367.4000,3369.0000,4,1,1,1,1,1,1,1,2,1
SF,IH2012,2020-10-16 09:31:15.100,3366.6000,31964,-1,655514580.000,1,0,1,双平,S,3365.6000,3365.4000,3365.2000,3364.6000,3364.4000,3365.8000,3366.0000,3367.0000,3367.2000,3367.4000,2,1,2,1,1,1,1,1,1,2
SF,IH2012,2020-10-16 09:31:15.600,3366.0000,31963,-1,658543920.000,3,1,2,多平,S,3366.0000,3365.8000,3365.6000,3365.4000,3365.2000,3367.0000,3367.2000,3367.4000,3369.0000,3369.4000,1,1,3,1,1,1,1,2,1,1
SF,IH2012,2020-10-16 09:31:16.100,3366.0000,31963,0,658543920.000,0,-,-,-,-,3366.2000,3365.6000,3365.4000,3364.4000,3364.0000,3367.0000,3367.2000,3367.4000,3369.0000,3369.4000,1,3,1,1,1,1,1,2,1,1
SF,IH2012,2020-10-16 09:31:16.600,3366.0000,31962,-1,659553720.000,1,0,1,双平,S,3366.2000,3365.6000,3364.4000,3364.0000,3363.2000,3367.0000,3367.2000,3367.4000,3369.0000,3369.4000,1,3,1,1,2,1,1,2,1,1
SF,IH2012,2020-10-16 09:31:17.100,3366.0000,31962,0,659553720.000,0,-,-,-,-,3365.6000,3364.4000,3364.0000,3363.2000,3362.4000,3366.8000,3367.0000,3367.2000,3367.4000,3367.8000,1,1,1,2,1,2,2,1,2,1
SF,IH2012,2020-10-16 09:31:17.600,3365.6000,31962,0,660563400.000,1,0,1,多换,S,3365.2000,3364.4000,3364.0000,3363.2000,3362.4000,3365.6000,3366.6000,3366.8000,3367.0000,3367.2000,1,1,1,2,1,2,3,2,2,1
SF,IH2012,2020-10-16 09:31:18.100,3365.2000,31959,-3,664601400.000,4,0,4,多平,S,3364.0000,3363.2000,3362.4000,3361.0000,3360.2000,3365.6000,3366.4000,3366.6000,3366.8000,3367.0000,6,2,1,2,1,2,1,3,2,2
SF,IH2012,2020-10-16 09:31:18.600,3365.4000,31958,-1,665611020.000,1,0,1,双平,S,3364.2000,3364.0000,3363.2000,3363.0000,3361.0000,3365.2000,3365.4000,3365.6000,3366.4000,3366.6000,1,6,2,1,2,1,3,3,1,3
SF,IH2012,2020-10-16 09:31:19.100,3365.0000,31957,-1,667629780.000,2,0,2,多平,S,3364.0000,3363.2000,3363.0000,3362.6000,3361.0000,3365.0000,3365.2000,3365.4000,3365.6000,3366.4000,6,2,1,1,2,3,1,1,4,1
SF,IH2012,2020-10-16 09:31:19.600,3365.2000,31956,-1,670658340.000,3,1,2,多平,S,3364.2000,3364.0000,3363.2000,3363.0000,3362.6000,3365.6000,3366.4000,3366.6000,3366.8000,3367.2000,1,6,2,1,1,4,1,2,1,1
SF,IH2012,2020-10-16 09:31:20.100,3365.2000,31956,0,670658340.000,0,-,-,-,-,3364.4000,3364.2000,3364.0000,3363.2000,3363.0000,3365.4000,3365.6000,3366.4000,3366.6000,3366.8000,1,1,6,2,1,2,4,1,2,1
SF,IH2012,2020-10-16 09:31:20.600,3365.4000,31955,-1,671667960.000,1,0,1,双平,S,3365.0000,3364.6000,3364.4000,3364.2000,3364.0000,3365.4000,3365.6000,3366.0000,3366.4000,3366.6000,5,1,1,1,6,1,4,5,1,2
SF,IH2012,2020-10-16 09:31:21.100,3365.2000,31954,-1,672677520.000,1,0,1,双平,S,3365.0000,3364.6000,3364.4000,3364.2000,3364.0000,3365.6000,3366.0000,3366.4000,3366.6000,3366.8000,6,1,1,1,7,7,5,1,2,1
SF,IH2012,2020-10-16 09:31:21.600,3365.6000,31949,-5,682773420.000,10,2,8,多平,S,3365.0000,3364.6000,3364.4000,3364.2000,3364.0000,3365.6000,3366.0000,3366.4000,3366.6000,3366.8000,1,1,1,1,7,2,5,1,2,1
SF,IH2012,2020-10-16 09:31:22.100,3365.6000,31949,0,682773420.000,0,-,-,-,-,3365.0000,3364.6000,3364.4000,3364.2000,3364.0000,3365.6000,3365.8000,3366.0000,3366.4000,3366.6000,1,1,1,1,7,2,1,5,1,2
SF,IH2012,2020-10-16 09:31:22.600,3365.4000,31949,0,683783040.000,1,0,1,多换,S,3365.0000,3364.6000,3364.4000,3364.2000,3364.0000,3365.4000,3365.6000,3365.8000,3366.0000,3366.4000,1,1,1,1,7,1,2,1,5,1
SF,IH2012,2020-10-16 09:31:23.100,3365.2000,31949,0,686811660.000,3,1,2,多换,S,3364.6000,3364.4000,3364.2000,3364.0000,3363.2000,3365.0000,3365.6000,3365.8000,3366.0000,3366.4000,1,1,1,7,2,1,2,1,8,1
SF,IH2012,2020-10-16 09:31:23.600,3365.0000,31948,-1,694889160.000,8,3,5,多平,S,3365.0000,3364.4000,3364.2000,3364.0000,3363.2000,3366.0000,3366.4000,3366.8000,3367.4000,3367.8000,3,1,1,7,2,5,1,1,2,1
SF,IH2012,2020-10-16 09:31:24.100,3365.0000,31947,-1,695898660.000,1,0,1,双平,S,3364.4000,3364.2000,3364.0000,3363.2000,3363.0000,3366.0000,3366.4000,3366.8000,3367.4000,3367.8000,1,1,7,2,1,5,1,1,2,2
SF,IH2012,2020-10-16 09:31:24.600,3364.8000,31946,-1,696908100.000,1,0,1,双平,S,3364.8000,3364.6000,3364.4000,3364.0000,3363.2000,3365.8000,3366.0000,3366.4000,3366.8000,3367.4000,1,2,2,7,2,1,5,4,1,2
SF,IH2012,2020-10-16 09:31:25.100,3364.8000,31946,0,696908100.000,0,-,-,-,-,3365.0000,3364.8000,3364.6000,3364.4000,3364.0000,3365.8000,3366.0000,3366.2000,3366.4000,3366.8000,1,1,2,1,7,1,5,1,4,1
SF,IH2012,2020-10-16 09:31:25.600,3365.6000,31945,-1,697917780.000,1,0,1,双平,S,3365.0000,3364.8000,3364.6000,3364.4000,3364.0000,3366.0000,3366.2000,3366.4000,3366.8000,3367.4000,1,1,2,1,7,5,1,3,1,2
SF,IH2012,2020-10-16 09:31:26.100,3366.0000,31944,-1,698927580.000,1,0,1,双平,S,3365.8000,3365.2000,3365.0000,3364.8000,3364.4000,3366.0000,3366.2000,3366.4000,3366.8000,3367.4000,1,1,2,1,1,4,1,3,1,2
SF,IH2012,2020-10-16 09:31:26.600,3366.2000,31939,-5,704986380.000,6,0,6,多平,S,3366.0000,3365.8000,3365.2000,3365.0000,3364.8000,3366.4000,3366.8000,3367.4000,3367.8000,3368.0000,1,1,1,2,1,3,1,2,2,1
SF,IH2012,2020-10-16 09:31:27.100,3366.0000,31937,-2,707006040.000,2,0,2,双平,S,3365.8000,3365.2000,3365.0000,3364.8000,3364.0000,3366.0000,3366.4000,3366.8000,3367.4000,3367.8000,1,2,2,1,7,1,3,1,2,2
SF,IH2012,2020-10-16 09:31:27.600,3365.8000,31936,-1,708015780.000,1,0,1,双平,S,3366.0000,3365.2000,3365.0000,3364.8000,3364.0000,3366.4000,3366.8000,3367.4000,3367.8000,3368.0000,1,2,2,1,7,3,1,2,2,1
SF,IH2012,2020-10-16 09:31:28.100,3366.0000,31934,-2,710035380.000,2,0,2,双平,S,3365.2000,3365.0000,3364.8000,3364.0000,3363.2000,3365.8000,3366.2000,3366.4000,3366.8000,3367.4000,1,2,1,7,2,1,1,3,1,2
SF,IH2012,2020-10-16 09:31:28.600,3366.0000,31934,0,711045180.000,1,0,1,多换,S,3366.0000,3365.8000,3365.4000,3365.2000,3365.0000,3366.2000,3366.4000,3366.8000,3367.4000,3367.8000,2,1,1,1,2,1,3,1,2,2
SF,IH2012,2020-10-16 09:31:29.100,3366.0000,31935,1,716094420.000,5,3,2,空开,S,3365.4000,3365.2000,3365.0000,3364.0000,3363.2000,3366.0000,3366.4000,3366.8000,3367.4000,3367.8000,1,1,2,7,2,1,2,1,2,2
SF,IH2012,2020-10-16 09:31:29.600,3366.0000,31935,0,717104220.000,1,0,1,多换,S,3366.0000,3365.6000,3365.4000,3365.2000,3365.0000,3366.4000,3366.8000,3367.4000,3367.8000,3368.0000,1,2,1,1,1,2,1,2,2,1
SF,IH2012,2020-10-16 09:31:30.100,3365.6000,31935,0,718113900.000,1,0,1,多换,S,3365.6000,3365.4000,3365.2000,3365.0000,3364.0000,3366.4000,3366.8000,3367.4000,3367.8000,3368.0000,1,1,1,1,7,2,1,2,2,1
SF,IH2012,2020-10-16 09:31:30.600,3365.6000,31935,0,718113900.000,0,-,-,-,-,3365.6000,3365.4000,3365.2000,3365.0000,3364.0000,3366.4000,3366.8000,3367.4000,3367.8000,3368.0000,2,1,1,1,7,2,1,2,2,1
SF,IH2012,2020-10-16 09:31:31.100,3365.6000,31935,0,718113900.000,0,-,-,-,-,3365.8000,3365.6000,3365.2000,3365.0000,3364.0000,3366.0000,3366.4000,3366.8000,3367.4000,3367.8000,1,2,1,1,7,1,2,1,2,2
SF,IH2012,2020-10-16 09:31:31.600,3366.0000,31934,-1,719123700.000,1,0,1,双平,S,3366.0000,3365.8000,3365.6000,3365.2000,3365.0000,3366.4000,3366.8000,3367.4000,3367.8000,3368.0000,4,1,2,1,1,2,1,2,2,1
SF,IH2012,2020-10-16 09:31:32.100,3366.4000,31934,0,720133620.000,1,0,1,多换,S,3366.0000,3365.8000,3365.6000,3365.4000,3365.2000,3366.4000,3366.8000,3367.4000,3367.8000,3368.0000,2,1,2,1,1,1,1,2,2,1
SF,IH2012,2020-10-16 09:31:32.600,3366.4000,31933,-1,721143540.000,1,0,1,双平,S,3366.4000,3366.0000,3365.8000,3365.6000,3365.4000,3366.8000,3367.4000,3367.8000,3368.0000,3368.4000,1,3,1,1,1,1,2,2,1,1
SF,IH2012,2020-10-16 09:31:33.100,3366.4000,31933,0,721143540.000,0,-,-,-,-,3366.4000,3366.0000,3365.8000,3365.4000,3365.2000,3367.4000,3367.8000,3368.0000,3368.4000,3369.0000,2,3,1,1,1,2,2,3,1,2
SF,IH2012,2020-10-16 09:31:33.600,3366.4000,31932,-1,722153460.000,1,0,1,双平,S,3366.4000,3366.0000,3365.8000,3365.4000,3365.2000,3367.4000,3367.8000,3368.0000,3368.4000,3369.0000,1,3,1,1,1,2,2,4,1,3
SF,IH2012,2020-10-16 09:31:34.100,3366.6000,31931,-1,724173660.000,2,0,2,多平,S,3366.6000,3366.4000,3366.0000,3365.4000,3365.2000,3367.4000,3367.8000,3368.0000,3368.4000,3369.0000,1,1,3,1,1,1,2,4,1,3
SF,IH2012,2020-10-16 09:31:34.600,3366.6000,31931,0,724173660.000,0,-,-,-,-,3366.6000,3366.4000,3366.0000,3365.4000,3365.2000,3367.4000,3367.8000,3368.0000,3368.4000,3369.0000,1,1,3,1,1,2,2,4,1,3
SF,IH2012,2020-10-16 09:31:35.100,3366.8000,31928,-3,728213820.000,4,0,4,多平,S,3366.8000,3366.0000,3365.4000,3365.2000,3365.0000,3367.4000,3367.8000,3368.0000,3368.4000,3369.0000,3,3,1,1,1,1,2,4,1,3
SF,IH2012,2020-10-16 09:31:35.600,3367.4000,31926,-2,735285000.000,7,2,5,多平,S,3366.8000,3366.0000,3365.4000,3365.2000,3365.0000,3367.4000,3367.6000,3367.8000,3368.0000,3368.4000,3,3,1,1,1,1,1,2,4,1
SF,IH2012,2020-10-16 09:31:36.100,3366.8000,31923,-3,738315120.000,3,0,3,双平,S,3366.0000,3365.4000,3365.2000,3365.0000,3364.8000,3367.4000,3367.6000,3367.8000,3368.0000,3368.4000,3,1,1,1,1,1,1,2,4,1
SF,IH2012,2020-10-16 09:31:36.600,3366.2000,31922,-1,739324980.000,1,0,1,双平,S,3366.2000,3366.0000,3365.4000,3365.2000,3365.0000,3367.2000,3367.4000,3367.6000,3367.8000,3368.0000,1,3,1,1,1,1,2,1,2,4
SF,IH2012,2020-10-16 09:31:37.100,3367.2000,31922,0,740335140.000,1,0,1,多换,S,3366.0000,3365.4000,3365.2000,3365.0000,3364.8000,3367.2000,3367.4000,3367.6000,3367.8000,3368.0000,3,1,1,1,1,1,2,1,2,4
SF,IH2012,2020-10-16 09:31:37.600,3367.2000,31922,0,740335140.000,0,-,-,-,-,3366.6000,3366.4000,3366.2000,3366.0000,3365.4000,3367.0000,3367.2000,3367.4000,3367.6000,3367.8000,2,1,1,2,1,1,1,1,1,2
SF,IH2012,2020-10-16 09:31:38.100,3366.2000,31921,-1,742354920.000,2,0,2,多平,S,3366.0000,3365.4000,3365.2000,3365.0000,3364.8000,3366.6000,3367.0000,3367.2000,3367.4000,3367.6000,2,1,1,1,1,1,1,2,1,1
SF,IH2012,2020-10-16 09:31:38.600,3366.0000,31919,-2,744374520.000,2,0,2,双平,S,3365.4000,3365.2000,3365.0000,3364.8000,3364.0000,3366.0000,3366.6000,3366.8000,3367.0000,3367.2000,1,1,1,1,7,1,2,1,1,4
SF,IH2012,2020-10-16 09:31:39.100,3366.0000,31918,-1,745384320.000,1,0,1,双平,S,3366.0000,3365.6000,3365.4000,3365.2000,3365.0000,3366.6000,3366.8000,3367.0000,3367.2000,3367.4000,1,1,1,1,1,2,1,1,4,1
SF,IH2012,2020-10-16 09:31:39.600,3366.0000,31917,-1,746394120.000,1,0,1,双平,S,3365.6000,3365.4000,3365.2000,3365.0000,3364.8000,3366.6000,3366.8000,3367.0000,3367.2000,3367.4000,1,1,1,1,1,2,1,1,4,1
SF,IH2012,2020-10-16 09:31:40.100,3366.6000,31918,1,748414020.000,2,1,1,空开,S,3365.6000,3365.4000,3365.2000,3365.0000,3364.8000,3366.6000,3366.8000,3367.2000,3367.4000,3367.6000,1,1,1,1,1,1,1,4,1,1
SF,IH2012,2020-10-16 09:31:40.600,3366.6000,31918,0,749424000.000,1,0,1,多换,S,3365.6000,3365.4000,3365.2000,3365.0000,3364.8000,3366.0000,3366.8000,3367.2000,3367.4000,3367.6000,1,1,1,1,1,1,1,4,1,1
SF,IH2012,2020-10-16 09:31:41.100,3366.8000,31918,0,751444020.000,2,1,1,多换,S,3366.0000,3365.6000,3365.4000,3365.2000,3365.0000,3367.2000,3367.4000,3367.6000,3367.8000,3368.0000,1,1,1,1,1,4,1,1,2,4
SF,IH2012,2020-10-16 09:31:41.600,3367.0000,31919,1,752454120.000,1,1,0,双开,S,3365.4000,3365.2000,3365.0000,3364.8000,3364.0000,3365.8000,3367.0000,3367.2000,3367.4000,3367.6000,1,1,1,1,8,1,3,4,1,1
SF,IH2012,2020-10-16 09:31:42.100,3367.0000,31919,0,755484060.000,3,1,2,多换,S,3365.8000,3365.4000,3365.2000,3365.0000,3364.8000,3367.2000,3367.4000,3367.6000,3367.8000,3368.0000,2,2,1,1,1,4,1,1,2,4
SF,IH2012,2020-10-16 09:31:42.600,3367.0000,31919,0,755484060.000,0,-,-,-,-,3365.8000,3365.4000,3365.2000,3365.0000,3364.8000,3366.4000,3367.0000,3367.2000,3367.4000,3367.6000,2,2,1,1,1,1,2,4,1,1
SF,IH2012,2020-10-16 09:31:43.100,3366.4000,31920,1,758513460.000,3,2,1,空开,S,3365.4000,3365.2000,3365.0000,3364.8000,3364.0000,3367.0000,3367.2000,3367.4000,3367.6000,3367.8000,1,1,1,1,8,1,4,1,1,2
SF,IH2012,2020-10-16 09:31:43.600,3366.6000,31918,-2,763562460.000,5,1,4,多平,S,3365.0000,3364.8000,3364.0000,3363.2000,3363.0000,3366.6000,3366.8000,3367.0000,3367.2000,3367.4000,1,1,8,2,1,4,5,2,4,1
SF,IH2012,2020-10-16 09:31:44.100,3366.6000,31919,1,766592400.000,3,2,1,空开,S,3365.0000,3364.8000,3364.0000,3363.2000,3363.0000,3366.4000,3366.8000,3367.0000,3367.2000,3367.4000,1,1,8,2,2,2,2,1,4,1
SF,IH2012,2020-10-16 09:31:44.600,3365.2000,31918,-1,767601960.000,1,0,1,双平,S,3365.0000,3364.8000,3364.0000,3363.2000,3363.0000,3366.4000,3366.8000,3367.0000,3367.2000,3367.4000,1,1,8,2,2,2,2,1,4,1
SF,IH2012,2020-10-16 09:31:45.100,3366.4000,31918,0,769621800.000,2,1,1,多换,S,3365.2000,3365.0000,3364.8000,3364.0000,3363.2000,3366.2000,3366.8000,3367.0000,3367.2000,3367.4000,1,3,1,8,2,1,2,1,4,1
SF,IH2012,2020-10-16 09:31:45.600,3365.8000,31918,0,771641460.000,2,1,1,多换,S,3365.2000,3365.0000,3364.8000,3364.0000,3363.2000,3366.8000,3367.0000,3367.2000,3367.6000,3367.8000,1,3,1,8,2,2,1,4,1,2
SF,IH2012,2020-10-16 09:31:46.100,3365.8000,31918,0,771641460.000,0,-,-,-,-,3365.2000,3365.0000,3364.8000,3364.0000,3363.2000,3366.6000,3366.8000,3367.2000,3367.6000,3367.8000,2,3,1,8,2,1,3,4,1,2
SF,IH2012,2020-10-16 09:31:46.600,3366.6000,31918,0,772651440.000,1,0,1,多换,S,3365.2000,3365.0000,3364.8000,3364.0000,3363.2000,3366.8000,3367.2000,3367.8000,3368.0000,3368.6000,3,3,1,8,2,2,4,2,5,1
SF,IH2012,2020-10-16 09:31:47.100,3366.6000,31918,0,772651440.000,0,-,-,-,-,3365.4000,3365.2000,3365.0000,3364.8000,3364.0000,3366.8000,3367.2000,3367.8000,3368.0000,3368.6000,1,3,2,1,8,6,5,2,5,1
SF,IH2012,2020-10-16 09:31:47.600,3366.8000,31918,0,773661480.000,1,0,1,多换,S,3365.6000,3365.4000,3365.2000,3365.0000,3364.8000,3366.8000,3367.2000,3367.8000,3368.0000,3368.6000,2,1,1,2,1,5,5,2,5,1
SF,IH2012,2020-10-16 09:31:48.100,3366.6000,31917,-1,774671460.000,1,0,1,双平,S,3366.6000,3365.8000,3365.6000,3365.2000,3365.0000,3366.8000,3367.0000,3367.2000,3367.8000,3368.0000,2,1,2,1,2,4,1,5,2,4
SF,IH2012,2020-10-16 09:31:48.600,3366.8000,31915,-2,778711620.000,4,1,3,多平,S,3366.6000,3365.8000,3365.6000,3365.2000,3365.0000,3367.0000,3367.2000,3367.8000,3368.0000,3368.6000,2,1,2,1,2,1,5,2,4,1
SF,IH2012,2020-10-16 09:31:49.100,3366.8000,31915,0,778711620.000,0,-,-,-,-,3366.6000,3365.8000,3365.6000,3365.2000,3365.0000,3367.0000,3367.2000,3367.8000,3368.0000,3368.6000,2,1,2,1,2,1,5,2,4,1
SF,IH2012,2020-10-16 09:31:49.600,3367.0000,31915,0,779721720.000,1,0,1,多换,S,3366.6000,3365.8000,3365.6000,3365.2000,3365.0000,3367.2000,3367.8000,3368.0000,3368.6000,3368.8000,2,1,2,1,2,5,2,4,1,2
SF,IH2012,2020-10-16 09:31:50.100,3367.2000,31914,-1,780731880.000,1,0,1,双平,S,3366.8000,3366.6000,3365.8000,3365.6000,3365.2000,3367.2000,3367.8000,3368.0000,3368.6000,3368.8000,1,2,1,1,1,4,2,4,1,2
SF,IH2012,2020-10-16 09:31:50.600,3366.8000,31914,0,781741920.000,1,0,1,多换,S,3366.6000,3365.8000,3365.6000,3365.2000,3365.0000,3367.2000,3367.8000,3368.0000,3368.6000,3368.8000,2,1,1,1,2,4,2,4,1,2
SF,IH2012,2020-10-16 09:31:51.100,3366.8000,31914,0,781741920.000,0,-,-,-,-,3366.6000,3365.8000,3365.6000,3365.2000,3365.0000,3367.0000,3367.2000,3367.4000,3367.8000,3368.0000,2,1,1,1,2,11,5,1,2,4
SF,IH2012,2020-10-16 09:31:51.600,3366.6000,31913,-1,782751900.000,1,0,1,双平,S,3366.6000,3365.8000,3365.6000,3365.2000,3365.0000,3367.0000,3367.2000,3367.4000,3367.8000,3368.0000,1,1,1,1,2,11,5,1,2,4
SF,IH2012,2020-10-16 09:31:52.100,3366.6000,31912,-1,783761880.000,1,0,1,双平,S,3365.8000,3365.6000,3365.2000,3365.0000,3364.8000,3367.0000,3367.2000,3367.4000,3367.8000,3368.0000,1,1,1,2,1,11,5,1,2,4
SF,IH2012,2020-10-16 09:31:52.600,3367.0000,31911,-1,784771980.000,1,0,1,双平,S,3366.0000,3365.8000,3365.2000,3365.0000,3364.8000,3367.0000,3367.2000,3367.4000,3367.8000,3368.0000,2,1,1,2,1,11,5,1,2,4
SF,IH2012,2020-10-16 09:31:53.100,3367.0000,31911,0,784771980.000,0,-,-,-,-,3366.0000,3365.8000,3365.2000,3365.0000,3364.8000,3366.6000,3367.0000,3367.2000,3367.4000,3367.8000,4,1,1,2,1,1,11,5,1,2
SF,IH2012,2020-10-16 09:31:53.600,3367.0000,31911,0,784771980.000,0,-,-,-,-,3366.0000,3365.8000,3365.6000,3365.2000,3365.0000,3366.6000,3367.0000,3367.2000,3367.4000,3367.8000,4,1,1,1,2,1,11,5,1,2
SF,IH2012,2020-10-16 09:31:54.100,3366.6000,31911,0,785781960.000,1,0,1,多换,S,3366.0000,3365.8000,3365.6000,3365.2000,3365.0000,3367.0000,3367.2000,3367.4000,3367.8000,3368.0000,3,1,1,1,2,11,5,1,2,4
SF,IH2012,2020-10-16 09:31:54.600,3366.6000,31911,0,785781960.000,0,-,-,-,-,3366.0000,3365.6000,3365.2000,3365.0000,3364.8000,3367.0000,3367.2000,3367.4000,3367.8000,3368.0000,2,1,1,2,1,11,5,1,2,4
SF,IH2012,2020-10-16 09:31:55.100,3366.6000,31911,0,785781960.000,0,-,-,-,-,3366.6000,3366.0000,3365.6000,3365.2000,3365.0000,3367.0000,3367.2000,3367.4000,3367.8000,3368.0000,1,2,1,1,2,11,5,1,2,4
SF,IH2012,2020-10-16 09:31:55.600,3366.6000,31911,0,786791940.000,1,0,1,多换,S,3366.0000,3365.6000,3365.2000,3365.0000,3364.8000,3366.6000,3367.0000,3367.2000,3367.4000,3367.8000,2,1,1,2,1,1,11,5,1,2
SF,IH2012,2020-10-16 09:31:56.100,3365.6000,31912,1,789821220.000,3,2,1,空开,S,3365.2000,3365.0000,3364.8000,3364.0000,3363.2000,3367.0000,3367.2000,3367.4000,3367.8000,3368.0000,1,2,1,8,2,11,5,2,2,4
SF,IH2012,2020-10-16 09:31:56.600,3365.6000,31912,0,789821220.000,0,-,-,-,-,3365.4000,3365.2000,3365.0000,3364.8000,3364.0000,3366.0000,3366.8000,3367.0000,3367.2000,3367.4000,1,2,2,1,8,1,2,11,5,2
SF,IH2012,2020-10-16 09:31:57.100,3365.6000,31912,0,789821220.000,0,-,-,-,-,3365.4000,3365.2000,3365.0000,3364.8000,3364.0000,3366.0000,3366.6000,3366.8000,3367.0000,3367.2000,1,2,2,1,8,1,1,2,11,5
SF,IH2012,2020-10-16 09:31:57.600,3365.6000,31912,0,789821220.000,0,-,-,-,-,3365.4000,3365.2000,3365.0000,3364.8000,3364.0000,3366.0000,3366.6000,3366.8000,3367.0000,3367.2000,1,2,2,1,8,1,1,2,10,5
SF,IH2012,2020-10-16 09:31:58.100,3365.4000,31911,-1,797898780.000,8,3,5,多平,S,3365.2000,3365.0000,3364.8000,3364.0000,3363.2000,3365.4000,3366.6000,3366.8000,3367.0000,3367.2000,2,2,1,8,3,3,1,2,10,5
SF,IH2012,2020-10-16 09:31:58.600,3365.4000,31910,-1,801937260.000,4,1,3,多平,S,3365.4000,3365.2000,3365.0000,3364.8000,3364.0000,3366.6000,3366.8000,3367.0000,3367.2000,3367.4000,1,2,1,1,8,1,2,10,5,2
SF,IH2012,2020-10-16 09:31:59.100,3365.4000,31910,0,801937260.000,0,-,-,-,-,3365.6000,3365.2000,3365.0000,3364.8000,3364.0000,3366.4000,3366.6000,3366.8000,3367.0000,3367.2000,2,2,1,1,8,2,1,1,10,5
SF,IH2012,2020-10-16 09:31:59.600,3365.4000,31910,0,801937260.000,0,-,-,-,-,3366.0000,3365.6000,3365.2000,3365.0000,3364.8000,3366.4000,3366.6000,3367.0000,3367.2000,3367.4000,1,2,2,1,1,1,1,10,5,2
SF,IH2012,2020-10-16 09:32:00.100,3366.0000,31910,0,802947060.000,1,0,1,多换,S,3365.2000,3365.0000,3364.8000,3364.0000,3363.2000,3366.2000,3366.4000,3366.6000,3367.0000,3367.2000,2,2,1,8,2,4,1,1,10,5
SF,IH2012,2020-10-16 09:32:00.600,3366.0000,31910,0,802947060.000,0,-,-,-,-,3365.4000,3365.2000,3365.0000,3364.8000,3364.0000,3366.0000,3366.2000,3366.6000,3367.0000,3367.2000,1,2,2,1,8,1,5,1,10,5
SF,IH2012,2020-10-16 09:32:01.100,3366.0000,31905,-5,809006100.000,6,0,6,多平,S,3365.6000,3365.4000,3365.2000,3365.0000,3364.8000,3366.2000,3366.4000,3366.6000,3367.0000,3367.2000,1,3,2,2,1,1,4,1,9,5
SF,IH2012,2020-10-16 09:32:01.600,3366.2000,31905,0,810015960.000,1,0,1,多换,S,3366.2000,3365.8000,3365.6000,3365.4000,3365.2000,3366.4000,3366.6000,3367.0000,3367.2000,3367.4000,4,2,1,3,2,4,1,9,5,2
SF,IH2012,2020-10-16 09:32:02.100,3366.4000,31902,-3,814055640.000,4,0,4,多平,S,3366.2000,3365.8000,3365.6000,3365.4000,3365.2000,3366.6000,3367.0000,3367.2000,3367.4000,3367.8000,2,1,1,3,2,5,9,5,2,1
SF,IH2012,2020-10-16 09:32:02.600,3366.6000,31902,0,815065620.000,1,0,1,多换,S,3365.8000,3365.6000,3365.4000,3365.2000,3365.0000,3366.6000,3367.0000,3367.2000,3367.4000,3367.8000,1,1,3,2,2,4,9,5,2,1
SF,IH2012,2020-10-16 09:32:03.100,3366.6000,31901,-1,816075600.000,1,0,1,双平,S,3366.0000,3365.8000,3365.6000,3365.4000,3365.2000,3366.6000,3367.0000,3367.2000,3367.4000,3367.8000,2,1,1,3,1,3,9,5,2,1
SF,IH2012,2020-10-16 09:32:03.600,3366.6000,31900,-1,817085580.000,1,0,1,双平,S,3366.0000,3365.8000,3365.6000,3365.4000,3365.2000,3366.6000,3366.8000,3367.0000,3367.2000,3367.4000,2,1,1,3,1,2,4,9,5,2
SF,IH2012,2020-10-16 09:32:04.100,3366.6000,31898,-2,819105540.000,2,0,2,双平,S,3366.0000,3365.8000,3365.6000,3365.4000,3365.2000,3366.8000,3367.0000,3367.2000,3367.4000,3367.8000,2,1,1,3,1,4,9,5,2,1
SF,IH2012,2020-10-16 09:32:04.600,3366.8000,31897,-1,820115580.000,1,0,1,双平,S,3366.2000,3366.0000,3365.4000,3365.2000,3365.0000,3366.8000,3367.0000,3367.2000,3367.4000,3367.8000,2,2,3,1,2,4,13,5,2,1
SF,IH2012,2020-10-16 09:32:05.100,3366.6000,31896,-1,823145220.000,3,1,2,多平,S,3365.4000,3365.2000,3365.0000,3364.8000,3364.0000,3366.0000,3366.8000,3367.0000,3367.2000,3367.4000,3,1,2,1,8,1,4,13,5,2
SF,IH2012,2020-10-16 09:32:05.600,3366.0000,31896,0,824155020.000,1,0,1,多换,S,3366.0000,3365.6000,3365.4000,3365.2000,3365.0000,3366.8000,3367.0000,3367.2000,3367.4000,3367.8000,2,2,3,1,2,4,13,9,2,1
SF,IH2012,2020-10-16 09:32:06.100,3366.0000,31894,-2,826174620.000,2,0,2,双平,S,3365.4000,3365.2000,3365.0000,3364.8000,3364.0000,3366.0000,3366.6000,3366.8000,3367.0000,3367.2000,3,1,2,1,8,1,2,4,13,9
SF,IH2012,2020-10-16 09:32:06.600,3366.0000,31891,-3,829203660.000,3,0,3,双平,S,3365.4000,3365.2000,3365.0000,3364.8000,3364.0000,3366.0000,3366.6000,3366.8000,3367.0000,3367.2000,1,1,2,1,8,1,2,5,13,9
SF,IH2012,2020-10-16 09:32:07.100,3365.4000,31889,-2,831222900.000,2,0,2,双平,S,3365.2000,3365.0000,3364.8000,3364.0000,3363.2000,3365.8000,3366.0000,3366.6000,3366.8000,3367.0000,1,2,1,8,2,1,1,1,5,13
SF,IH2012,2020-10-16 09:32:07.600,3365.6000,31889,0,832232580.000,1,0,1,多换,S,3365.2000,3365.0000,3364.8000,3364.0000,3363.2000,3365.4000,3365.8000,3366.6000,3366.8000,3367.0000,1,2,1,8,3,2,1,1,5,13
SF,IH2012,2020-10-16 09:32:08.100,3365.4000,31887,-2,835261260.000,3,0,3,多平,S,3365.0000,3364.8000,3364.0000,3363.2000,3363.0000,3365.4000,3365.8000,3366.6000,3366.8000,3367.0000,1,1,8,3,1,1,1,1,5,13
SF,IH2012,2020-10-16 09:32:08.600,3365.4000,31886,-1,836270880.000,1,0,1,双平,S,3365.0000,3364.8000,3364.0000,3363.2000,3363.0000,3365.4000,3366.6000,3366.8000,3367.0000,3367.2000,1,1,8,3,1,1,1,5,13,8
SF,IH2012,2020-10-16 09:32:09.100,3365.4000,31886,0,836270880.000,0,-,-,-,-,3365.0000,3364.8000,3364.0000,3363.2000,3363.0000,3365.4000,3366.6000,3366.8000,3367.0000,3367.2000,1,1,8,3,1,1,1,5,13,8
SF,IH2012,2020-10-16 09:32:09.600,3365.0000,31886,0,837280380.000,1,0,1,多换,S,3364.0000,3363.2000,3363.0000,3361.0000,3360.2000,3365.0000,3365.4000,3366.6000,3366.8000,3367.0000,8,3,1,2,2,1,2,1,5,13
SF,IH2012,2020-10-16 09:32:10.100,3365.0000,31886,0,839299380.000,2,1,1,多换,S,3364.6000,3364.4000,3364.2000,3364.0000,3363.2000,3365.0000,3365.4000,3366.6000,3366.8000,3367.0000,2,1,4,8,3,3,1,1,5,13
SF,IH2012,2020-10-16 09:32:10.600,3364.6000,31884,-2,841318260.000,2,0,2,双平,S,3364.6000,3364.2000,3364.0000,3363.2000,3363.0000,3365.0000,3365.4000,3366.6000,3366.8000,3367.0000,1,3,8,3,1,2,1,1,5,13
SF,IH2012,2020-10-16 09:32:11.100,3364.6000,31884,0,841318260.000,0,-,-,-,-,3364.6000,3364.2000,3364.0000,3363.2000,3363.0000,3365.0000,3365.4000,3366.6000,3366.8000,3367.0000,1,3,8,3,1,2,1,1,5,13
SF,IH2012,2020-10-16 09:32:11.600,3364.6000,31884,0,841318260.000,0,-,-,-,-,3364.6000,3364.2000,3364.0000,3363.2000,3363.0000,3365.0000,3365.4000,3366.6000,3366.8000,3367.0000,1,3,8,1,1,2,1,1,5,13
SF,IH2012,2020-10-16 09:32:12.100,3364.6000,31883,-1,842327640.000,1,0,1,双平,S,3364.2000,3364.0000,3363.2000,3363.0000,3362.6000,3365.0000,3365.4000,3366.6000,3366.8000,3367.0000,3,9,1,1,1,2,1,1,5,13
SF,IH2012,2020-10-16 09:32:12.600,3365.0000,31882,-1,843337140.000,1,0,1,双平,S,3364.4000,3364.2000,3364.0000,3363.2000,3363.0000,3364.6000,3365.4000,3366.6000,3366.8000,3367.0000,2,2,9,1,1,2,1,1,5,13
SF,IH2012,2020-10-16 09:32:13.100,3364.8000,31880,-2,845356020.000,2,0,2,双平,S,3364.6000,3364.4000,3364.2000,3364.0000,3363.2000,3365.4000,3366.6000,3366.8000,3367.0000,3367.2000,4,2,2,9,1,1,1,5,13,8
SF,IH2012,2020-10-16 09:32:13.600,3365.4000,31878,-2,847375260.000,2,0,2,双平,S,3364.6000,3364.4000,3364.2000,3364.0000,3363.2000,3366.6000,3366.8000,3367.0000,3367.2000,3367.4000,4,2,2,9,1,1,5,13,8,7
SF,IH2012,2020-10-16 09:32:14.100,3365.4000,31878,0,847375260.000,0,-,-,-,-,3365.8000,3364.8000,3364.6000,3364.4000,3364.0000,3366.4000,3366.6000,3366.8000,3367.0000,3367.2000,1,6,4,1,9,1,2,5,13,8
SF,IH2012,2020-10-16 09:32:14.600,3366.4000,31876,-2,849394920.000,2,0,2,双平,S,3364.8000,3364.6000,3364.4000,3364.0000,3363.0000,3366.6000,3366.8000,3367.0000,3367.2000,3367.4000,4,4,1,9,1,1,5,13,8,7
SF,IH2012,2020-10-16 09:32:15.100,3365.0000,31876,0,851414400.000,2,1,1,多换,S,3365.0000,3364.8000,3364.6000,3364.4000,3364.0000,3366.6000,3366.8000,3367.0000,3367.2000,3367.4000,1,4,4,1,9,2,5,13,8,7
SF,IH2012,2020-10-16 09:32:15.600,3365.0000,31874,-2,853433400.000,2,0,2,双平,S,3364.8000,3364.6000,3364.4000,3364.0000,3363.2000,3366.4000,3366.6000,3366.8000,3367.0000,3367.2000,3,4,1,9,1,3,2,5,13,8
SF,IH2012,2020-10-16 09:32:16.100,3365.0000,31874,0,853433400.000,0,-,-,-,-,3365.0000,3364.8000,3364.6000,3364.4000,3364.0000,3366.2000,3366.4000,3366.6000,3366.8000,3367.0000,1,2,4,1,9,2,2,2,5,13
SF,IH2012,2020-10-16 09:32:16.600,3365.0000,31874,0,853433400.000,0,-,-,-,-,3364.8000,3364.6000,3364.0000,3363.2000,3363.0000,3366.0000,3366.2000,3366.4000,3366.6000,3366.8000,2,4,9,1,1,2,1,1,2,5
SF,IH2012,2020-10-16 09:32:17.100,3365.0000,31874,0,854442900.000,1,0,1,多换,S,3364.8000,3364.6000,3364.0000,3363.2000,3363.0000,3365.8000,3366.0000,3366.4000,3366.6000,3366.8000,1,4,9,1,1,1,1,1,2,5
SF,IH2012,2020-10-16 09:32:17.600,3364.8000,31873,-1,855452340.000,1,0,1,双平,S,3364.6000,3364.0000,3363.2000,3363.0000,3361.0000,3365.6000,3366.0000,3366.4000,3366.6000,3366.8000,4,9,1,1,2,1,1,1,1,5
SF,IH2012,2020-10-16 09:32:18.100,3365.4000,31874,1,856461960.000,1,1,0,双开,S,3364.6000,3364.0000,3363.2000,3363.0000,3361.0000,3365.4000,3366.4000,3366.6000,3366.8000,3367.0000,2,9,1,1,2,1,1,1,5,13
SF,IH2012,2020-10-16 09:32:18.600,3365.4000,31874,0,856461960.000,0,-,-,-,-,3364.6000,3364.0000,3363.2000,3363.0000,3361.0000,3365.4000,3366.4000,3366.6000,3366.8000,3367.0000,2,9,1,1,2,1,1,1,5,13
SF,IH2012,2020-10-16 09:32:19.600,3365.4000,31874,0,856461960.000,0,-,-,-,-,3365.0000,3364.6000,3364.0000,3363.2000,3363.0000,3365.4000,3366.4000,3366.6000,3366.8000,3367.0000,1,2,9,1,1,1,1,1,6,13
SF,IH2012,2020-10-16 09:32:20.100,3365.0000,31874,0,857471460.000,1,0,1,多换,S,3364.6000,3364.0000,3363.2000,3363.0000,3361.0000,3365.0000,3365.4000,3366.4000,3366.6000,3366.8000,2,9,1,1,2,3,1,1,1,5
SF,IH2012,2020-10-16 09:32:20.600,3364.6000,31873,-1,858480840.000,1,0,1,双平,S,3364.0000,3363.2000,3363.0000,3361.0000,3360.2000,3364.6000,3364.8000,3365.0000,3366.4000,3366.6000,9,1,1,2,2,2,2,3,1,1
SF,IH2012,2020-10-16 09:32:21.100,3364.6000,31873,0,862518060.000,4,2,2,多换,S,3364.0000,3363.2000,3363.0000,3362.2000,3361.0000,3364.6000,3364.8000,3365.0000,3365.8000,3366.4000,8,1,1,1,2,1,1,3,1,1
SF,IH2012,2020-10-16 09:32:21.600,3364.6000,31873,0,862518060.000,0,-,-,-,-,3364.0000,3363.2000,3363.0000,3362.2000,3361.0000,3364.4000,3364.6000,3364.8000,3365.0000,3365.4000,7,1,1,1,2,1,1,3,3,1
SF,IH2012,2020-10-16 09:32:22.100,3364.0000,31873,0,867564060.000,5,2,3,多换,S,3364.0000,3363.2000,3363.0000,3362.2000,3361.0000,3364.4000,3364.6000,3364.8000,3365.0000,3365.4000,2,1,1,1,2,1,1,3,3,1
SF,IH2012,2020-10-16 09:32:22.600,3364.0000,31872,-1,869582460.000,2,0,2,多平,S,3363.2000,3363.0000,3362.2000,3361.0000,3360.2000,3364.0000,3364.4000,3364.6000,3364.8000,3365.0000,1,1,1,2,2,2,1,1,3,3
SF,IH2012,2020-10-16 09:32:23.100,3364.0000,31872,0,869582460.000,0,-,-,-,-,3363.2000,3363.0000,3362.2000,3361.4000,3361.0000,3363.8000,3364.6000,3364.8000,3365.0000,3365.4000,1,1,1,1,2,1,1,3,1,1
SF,IH2012,2020-10-16 09:32:23.600,3364.8000,31872,0,872610480.000,3,1,2,多换,S,3363.2000,3363.0000,3362.2000,3361.4000,3361.0000,3364.8000,3365.0000,3365.4000,3365.8000,3366.6000,1,1,1,1,2,2,2,1,1,2
SF,IH2012,2020-10-16 09:32:24.100,3364.8000,31872,0,872610480.000,0,-,-,-,-,3363.4000,3363.2000,3363.0000,3362.2000,3361.4000,3364.4000,3364.6000,3364.8000,3365.0000,3365.4000,1,1,1,1,1,4,4,3,2,1
SF,IH2012,2020-10-16 09:32:24.600,3364.8000,31872,0,872610480.000,0,-,-,-,-,3363.2000,3363.0000,3362.2000,3361.4000,3361.0000,3364.2000,3364.4000,3364.6000,3364.8000,3365.0000,1,1,1,1,2,3,4,1,3,2
SF,IH2012,2020-10-16 09:32:25.100,3364.8000,31872,0,872610480.000,0,-,-,-,-,3363.0000,3362.2000,3361.4000,3361.0000,3360.2000,3363.2000,3363.8000,3364.2000,3364.6000,3364.8000,1,1,1,2,2,2,4,3,1,3
SF,IH2012,2020-10-16 09:32:25.600,3363.0000,31872,0,873619380.000,1,0,1,多换,S,3362.2000,3361.4000,3361.0000,3360.2000,3360.0000,3362.8000,3363.0000,3363.2000,3364.2000,3364.6000,1,1,2,2,3,4,2,2,2,1
SF,IH2012,2020-10-16 09:32:26.100,3363.0000,31872,0,874628280.000,1,0,1,多换,S,3362.2000,3361.4000,3361.0000,3360.6000,3360.2000,3363.0000,3363.2000,3364.2000,3364.6000,3364.8000,1,1,2,1,2,1,2,2,1,3
SF,IH2012,2020-10-16 09:32:26.600,3363.0000,31872,0,874628280.000,0,-,-,-,-,3362.4000,3362.2000,3361.4000,3361.0000,3360.6000,3363.0000,3363.2000,3364.0000,3364.2000,3364.6000,1,1,1,2,1,1,2,2,2,1
SF,IH2012,2020-10-16 09:32:27.100,3361.4000,31870,-2,877654080.000,3,0,3,多平,S,3361.0000,3360.6000,3360.2000,3360.0000,3359.8000,3361.4000,3362.2000,3363.0000,3363.2000,3364.0000,2,1,2,3,1,8,20,1,2,2
SF,IH2012,2020-10-16 09:32:27.600,3361.4000,31860,-10,888746940.000,11,0,11,多平,S,3361.4000,3361.0000,3360.6000,3360.2000,3360.0000,3362.2000,3363.0000,3363.2000,3364.0000,3364.2000,5,2,1,2,3,19,1,2,2,2
SF,IH2012,2020-10-16 09:32:28.100,3361.4000,31858,-2,891772440.000,3,0,3,多平,S,3361.4000,3361.0000,3360.6000,3360.2000,3360.0000,3362.2000,3363.0000,3363.2000,3364.0000,3364.2000,1,2,1,2,3,18,1,2,2,2
SF,IH2012,2020-10-16 09:32:28.600,3361.4000,31858,0,892780860.000,1,0,1,多换,S,3361.0000,3360.6000,3360.2000,3360.0000,3359.8000,3361.4000,3362.0000,3362.2000,3363.0000,3363.2000,2,1,2,3,1,1,1,18,1,2
SF,IH2012,2020-10-16 09:32:29.100,3361.4000,31857,-1,893789280.000,1,0,1,双平,S,3361.0000,3360.6000,3360.2000,3360.0000,3359.8000,3362.0000,3362.2000,3363.0000,3363.2000,3364.0000,3,1,2,3,1,1,18,3,2,2
SF,IH2012,2020-10-16 09:32:29.600,3361.0000,31860,3,897822540.000,4,3,1,空开,S,3360.6000,3360.2000,3360.0000,3359.8000,3359.4000,3360.8000,3362.0000,3363.0000,3363.2000,3364.0000,1,2,3,1,2,14,2,3,2,2
SF,IH2012,2020-10-16 09:32:30.100,3362.0000,31863,3,912946500.000,15,9,6,空开,S,3361.0000,3360.8000,3360.6000,3360.2000,3360.0000,3362.0000,3363.0000,3363.2000,3364.0000,3364.2000,2,13,3,2,3,1,3,2,2,1
SF,IH2012,2020-10-16 09:32:30.600,3362.0000,31862,-1,914963700.000,2,0,2,多平,S,3361.2000,3361.0000,3360.8000,3360.6000,3360.2000,3363.0000,3363.2000,3364.0000,3364.2000,3364.6000,3,1,4,3,2,2,2,2,1,1
SF,IH2012,2020-10-16 09:32:31.100,3362.0000,31862,0,914963700.000,0,-,-,-,-,3361.4000,3361.2000,3361.0000,3360.8000,3360.6000,3362.8000,3363.2000,3364.0000,3364.6000,3364.8000,1,4,1,4,3,5,2,2,1,4
SF,IH2012,2020-10-16 09:32:31.600,3361.2000,31859,-3,917988780.000,3,0,3,双平,S,3361.2000,3361.0000,3360.8000,3360.6000,3360.2000,3362.6000,3362.8000,3363.2000,3364.0000,3364.6000,1,1,4,3,2,1,5,2,2,1
SF,IH2012,2020-10-16 09:32:32.100,3361.2000,31859,0,917988780.000,0,-,-,-,-,3361.2000,3361.0000,3360.8000,3360.6000,3360.2000,3361.4000,3362.4000,3362.6000,3362.8000,3363.2000,1,1,4,3,2,1,2,1,3,2
SF,IH2012,2020-10-16 09:32:32.600,3361.4000,31858,-1,918997200.000,1,0,1,双平,S,3361.6000,3361.4000,3361.2000,3361.0000,3360.8000,3362.4000,3362.6000,3362.8000,3363.2000,3364.6000,2,2,2,1,4,2,1,3,2,1
SF,IH2012,2020-10-16 09:32:33.100,3362.4000,31858,0,920005920.000,1,0,1,多换,S,3361.4000,3361.2000,3361.0000,3360.8000,3360.6000,3362.4000,3362.6000,3362.8000,3363.2000,3364.6000,1,1,1,4,4,1,1,2,2,1
SF,IH2012,2020-10-16 09:32:33.600,3362.4000,31857,-1,921014640.000,1,0,1,双平,S,3361.4000,3361.2000,3361.0000,3360.8000,3360.6000,3362.6000,3362.8000,3363.2000,3364.6000,3364.8000,2,1,1,4,3,1,2,2,1,4
SF,IH2012,2020-10-16 09:32:34.100,3362.4000,31857,0,921014640.000,0,-,-,-,-,3362.0000,3361.6000,3361.4000,3361.0000,3360.8000,3362.4000,3362.6000,3362.8000,3363.2000,3364.6000,1,2,2,1,4,1,1,2,2,1
SF,IH2012,2020-10-16 09:32:34.600,3362.0000,31856,-1,922023240.000,1,0,1,双平,S,3361.6000,3361.4000,3361.0000,3360.8000,3360.6000,3362.0000,3362.4000,3362.8000,3363.2000,3364.6000,1,2,1,4,3,4,2,2,2,1
SF,IH2012,2020-10-16 09:32:35.100,3361.4000,31853,-3,925048740.000,3,0,3,双平,S,3361.4000,3361.0000,3360.8000,3360.6000,3360.2000,3362.0000,3362.4000,3362.8000,3363.2000,3364.6000,1,1,4,3,2,1,2,2,1,1
SF,IH2012,2020-10-16 09:32:35.600,3362.0000,31852,-1,926057340.000,1,0,1,双平,S,3361.4000,3361.0000,3360.8000,3360.6000,3360.2000,3362.4000,3362.8000,3363.2000,3364.6000,3364.8000,1,1,4,3,2,2,2,1,1,4
SF,IH2012,2020-10-16 09:32:36.100,3362.0000,31852,0,926057340.000,0,-,-,-,-,3361.4000,3361.0000,3360.8000,3360.6000,3360.2000,3362.4000,3362.8000,3363.2000,3364.6000,3364.8000,1,1,4,3,2,2,1,1,1,4
SF,IH2012,2020-10-16 09:32:36.600,3361.4000,31852,0,927065760.000,1,0,1,多换,S,3361.2000,3361.0000,3360.8000,3360.6000,3360.2000,3362.4000,3362.8000,3364.6000,3364.8000,3365.0000,1,1,4,2,2,2,1,1,4,1
SF,IH2012,2020-10-16 09:32:37.100,3361.4000,31852,0,927065760.000,0,-,-,-,-,3361.2000,3361.0000,3360.8000,3360.6000,3360.2000,3362.2000,3362.4000,3362.8000,3364.6000,3364.8000,2,1,4,2,2,1,2,1,1,4
SF,IH2012,2020-10-16 09:32:37.600,3361.4000,31852,0,927065760.000,0,-,-,-,-,3361.4000,3361.2000,3361.0000,3360.8000,3360.6000,3362.0000,3362.2000,3362.8000,3364.6000,3364.8000,1,2,1,4,2,2,1,1,1,4
SF,IH2012,2020-10-16 09:32:38.100,3361.4000,31853,1,929082780.000,2,1,1,空开,S,3361.2000,3361.0000,3360.8000,3360.6000,3360.2000,3362.0000,3362.2000,3362.8000,3364.6000,3364.8000,2,1,4,2,2,1,1,1,1,4
SF,IH2012,2020-10-16 09:32:38.600,3362.0000,31853,0,930091380.000,1,0,1,多换,S,3361.2000,3361.0000,3360.8000,3360.6000,3360.2000,3362.0000,3362.8000,3364.0000,3364.6000,3364.8000,1,1,4,2,2,1,1,1,1,4
SF,IH2012,2020-10-16 09:32:39.100,3361.8000,31853,0,931099920.000,1,0,1,多换,S,3361.2000,3361.0000,3360.8000,3360.6000,3360.2000,3362.0000,3362.8000,3364.0000,3364.6000,3364.8000,1,1,4,2,2,1,1,1,1,4
SF,IH2012,2020-10-16 09:32:39.600,3361.8000,31853,0,931099920.000,0,-,-,-,-,3361.2000,3361.0000,3360.8000,3360.6000,3360.2000,3361.8000,3362.0000,3362.8000,3364.0000,3364.6000,1,1,4,2,2,6,1,1,1,1
SF,IH2012,2020-10-16 09:32:40.100,3361.2000,31852,-1,932108280.000,1,0,1,双平,S,3361.0000,3360.8000,3360.6000,3360.2000,3360.0000,3361.8000,3362.8000,3364.0000,3364.6000,3364.8000,1,4,2,2,3,1,1,1,1,3
SF,IH2012,2020-10-16 09:32:40.600,3361.2000,31852,0,932108280.000,0,-,-,-,-,3361.0000,3360.8000,3360.6000,3360.2000,3360.0000,3361.6000,3361.8000,3364.0000,3364.6000,3364.8000,1,4,2,2,3,1,1,1,1,3
SF,IH2012,2020-10-16 09:32:41.100,3361.2000,31852,0,932108280.000,0,-,-,-,-,3361.0000,3360.8000,3360.6000,3360.2000,3360.0000,3361.6000,3364.0000,3364.6000,3364.8000,3365.0000,1,4,2,2,3,2,2,1,3,1
SF,IH2012,2020-10-16 09:32:41.600,3361.2000,31852,0,932108280.000,0,-,-,-,-,3361.2000,3361.0000,3360.8000,3360.6000,3360.2000,3361.6000,3362.0000,3364.0000,3364.6000,3364.8000,1,1,4,2,2,2,1,2,1,3
SF,IH2012,2020-10-16 09:32:42.100,3361.2000,31852,0,933116640.000,1,0,1,多换,S,3361.0000,3360.8000,3360.6000,3360.2000,3360.0000,3361.2000,3361.6000,3362.0000,3364.0000,3364.6000,1,4,2,2,3,1,1,1,2,1
SF,IH2012,2020-10-16 09:32:42.600,3361.0000,31849,-3,937149840.000,4,0,4,多平,S,3360.8000,3360.6000,3360.2000,3360.0000,3359.8000,3361.0000,3361.6000,3362.0000,3364.0000,3364.6000,3,2,2,3,1,1,1,2,2,1
SF,IH2012,2020-10-16 09:32:43.100,3360.8000,31849,0,940174560.000,3,1,2,多换,S,3360.6000,3360.2000,3360.0000,3359.8000,3359.4000,3360.8000,3361.6000,3362.0000,3362.8000,3364.0000,2,2,3,1,2,2,1,2,1,2
SF,IH2012,2020-10-16 09:32:43.600,3360.6000,31848,-1,941182740.000,1,0,1,双平,S,3360.2000,3360.0000,3359.8000,3359.4000,3359.0000,3360.4000,3360.6000,3360.8000,3361.6000,3362.0000,2,4,1,2,2,4,3,1,1,2
SF,IH2012,2020-10-16 09:32:44.100,3360.0000,31846,-2,945214860.000,4,1,3,多平,S,3360.0000,3359.8000,3359.4000,3359.0000,3357.0000,3360.6000,3360.8000,3361.6000,3362.0000,3364.0000,2,1,2,2,2,3,1,1,2,2
SF,IH2012,2020-10-16 09:32:44.600,3359.4000,31843,-3,950254680.000,5,1,4,多平,S,3359.4000,3359.0000,3358.4000,3357.0000,3356.6000,3360.0000,3360.2000,3360.6000,3360.8000,3361.2000,1,2,1,2,1,1,3,4,1,1
SF,IH2012,2020-10-16 09:32:45.100,3359.0000,31841,-2,953278140.000,3,0,3,多平,S,3359.0000,3358.4000,3357.8000,3357.2000,3357.0000,3359.6000,3360.0000,3360.6000,3360.8000,3361.0000,1,1,1,1,2,3,2,3,1,2
SF,IH2012,2020-10-16 09:32:45.600,3359.2000,31837,-4,959325120.000,6,1,5,多平,S,3359.0000,3358.4000,3357.8000,3357.2000,3357.0000,3360.0000,3360.6000,3360.8000,3361.0000,3361.2000,1,1,1,1,2,2,3,1,2,1
SF,IH2012,2020-10-16 09:32:46.100,3359.0000,31837,0,962348220.000,3,1,2,多换,S,3358.4000,3357.8000,3357.2000,3357.0000,3356.6000,3359.6000,3359.8000,3360.0000,3360.6000,3361.0000,2,1,1,2,1,1,5,5,3,2
SF,IH2012,2020-10-16 09:32:46.600,3359.4000,31837,0,963356040.000,1,0,1,多换,S,3358.8000,3358.6000,3358.4000,3357.8000,3357.2000,3359.4000,3359.6000,3359.8000,3360.0000,3360.6000,1,6,2,1,1,1,1,1,3,3
SF,IH2012,2020-10-16 09:32:47.100,3359.6000,31836,-1,965371740.000,2,0,2,多平,S,3359.4000,3359.2000,3359.0000,3358.8000,3358.6000,3359.8000,3360.0000,3360.6000,3361.0000,3361.2000,1,1,1,2,1,1,2,3,2,1
SF,IH2012,2020-10-16 09:32:47.600,3359.8000,31835,-1,966379680.000,1,0,1,双平,S,3359.8000,3359.2000,3358.8000,3358.6000,3358.4000,3360.0000,3360.6000,3361.0000,3361.2000,3361.6000,1,1,2,1,2,2,3,2,1,1
SF,IH2012,2020-10-16 09:32:48.100,3359.8000,31835,0,966379680.000,0,-,-,-,-,3360.2000,3360.0000,3358.8000,3358.6000,3358.4000,3360.6000,3361.0000,3361.2000,3361.6000,3362.0000,1,2,2,1,2,3,2,1,1,2
SF,IH2012,2020-10-16 09:32:48.600,3359.8000,31835,0,966379680.000,0,-,-,-,-,3360.2000,3360.0000,3358.8000,3358.6000,3358.4000,3360.6000,3361.0000,3361.2000,3361.6000,3362.0000,1,3,2,1,2,1,2,1,1,2
SF,IH2012,2020-10-16 09:32:49.100,3360.6000,31834,-1,967387860.000,1,0,1,双平,S,3360.6000,3360.2000,3360.0000,3359.0000,3358.8000,3361.0000,3361.2000,3361.6000,3362.0000,3364.0000,5,1,3,1,2,2,1,1,3,2
SF,IH2012,2020-10-16 09:32:49.600,3361.2000,31831,-3,970412820.000,3,0,3,双平,S,3361.0000,3360.6000,3360.2000,3360.0000,3359.0000,3361.6000,3362.0000,3364.0000,3364.6000,3364.8000,3,5,2,1,1,1,2,2,1,2
SF,IH2012,2020-10-16 09:32:50.100,3360.6000,31826,-5,975454380.000,5,0,5,双平,S,3360.6000,3360.2000,3360.0000,3359.0000,3358.8000,3362.0000,3364.0000,3364.6000,3364.8000,3365.0000,4,2,1,1,1,2,2,1,2,1
SF,IH2012,2020-10-16 09:32:50.600,3360.6000,31826,0,976462560.000,1,0,1,多换,S,3360.8000,3360.6000,3360.2000,3360.0000,3359.0000,3361.8000,3362.0000,3363.8000,3364.0000,3364.6000,1,4,2,1,1,1,3,1,2,1
SF,IH2012,2020-10-16 09:32:51.100,3360.6000,31826,0,976462560.000,0,-,-,-,-,3360.6000,3360.2000,3360.0000,3359.0000,3358.8000,3361.6000,3361.8000,3362.0000,3363.8000,3364.0000,4,2,1,1,1,1,1,3,1,2
SF,IH2012,2020-10-16 09:32:51.600,3360.6000,31826,0,976462560.000,0,-,-,-,-,3360.8000,3360.6000,3360.2000,3360.0000,3359.0000,3361.4000,3361.6000,3362.0000,3363.8000,3364.0000,2,4,2,1,1,1,1,3,1,2
SF,IH2012,2020-10-16 09:32:52.600,3361.6000,31825,-1,978479460.000,2,0,2,多平,S,3360.8000,3360.6000,3360.2000,3360.0000,3359.0000,3362.0000,3363.8000,3364.0000,3364.6000,3364.8000,2,4,2,1,1,3,1,2,1,2
SF,IH2012,2020-10-16 09:32:53.100,3361.6000,31825,0,978479460.000,0,-,-,-,-,3361.0000,3360.8000,3360.6000,3360.2000,3360.0000,3362.0000,3363.8000,3364.0000,3364.6000,3364.8000,2,2,4,2,1,3,1,2,1,2
SF,IH2012,2020-10-16 09:32:54.100,3361.6000,31825,0,978479460.000,0,-,-,-,-,3361.0000,3360.8000,3360.6000,3360.2000,3360.0000,3362.0000,3363.8000,3364.0000,3364.6000,3364.8000,2,2,4,2,1,3,1,2,1,2
SF,IH2012,2020-10-16 09:32:54.600,3361.0000,31825,0,980496120.000,2,1,1,多换,S,3361.0000,3360.8000,3360.6000,3360.2000,3360.0000,3362.0000,3363.8000,3364.0000,3364.6000,3364.8000,1,2,4,2,1,2,1,2,1,2
SF,IH2012,2020-10-16 09:32:55.100,3362.0000,31824,-1,981504720.000,1,0,1,双平,S,3361.0000,3360.8000,3360.6000,3360.2000,3360.0000,3362.0000,3363.8000,3364.0000,3364.6000,3364.8000,1,2,4,2,1,2,1,2,1,2
SF,IH2012,2020-10-16 09:32:55.600,3362.0000,31824,0,981504720.000,0,-,-,-,-,3361.0000,3360.8000,3360.6000,3360.2000,3360.0000,3362.0000,3362.2000,3363.8000,3364.0000,3364.6000,2,2,4,1,1,2,1,1,2,1
SF,IH2012,2020-10-16 09:32:56.600,3362.0000,31823,-1,982513320.000,1,0,1,双平,S,3361.0000,3360.8000,3360.6000,3360.2000,3360.0000,3362.0000,3362.2000,3363.8000,3364.0000,3364.6000,2,2,4,1,1,1,1,1,2,1
SF,IH2012,2020-10-16 09:32:57.100,3362.0000,31823,0,982513320.000,0,-,-,-,-,3361.0000,3360.8000,3360.6000,3360.2000,3360.0000,3362.0000,3362.2000,3363.8000,3364.0000,3364.6000,2,2,4,1,1,1,1,1,2,1
SF,IH2012,2020-10-16 09:32:58.100,3362.0000,31823,0,982513320.000,0,-,-,-,-,3361.0000,3360.8000,3360.6000,3360.2000,3360.0000,3362.0000,3362.2000,3363.0000,3363.8000,3364.0000,2,2,4,1,1,1,1,1,1,2
SF,IH2012,2020-10-16 09:32:58.600,3362.0000,31823,0,982513320.000,0,-,-,-,-,3361.2000,3361.0000,3360.8000,3360.6000,3360.2000,3362.0000,3362.2000,3363.0000,3363.8000,3364.0000,1,2,2,4,1,1,1,1,1,2
SF,IH2012,2020-10-16 09:32:59.100,3361.4000,31823,0,983521740.000,1,0,1,多换,S,3361.4000,3361.2000,3361.0000,3360.8000,3360.6000,3362.0000,3362.2000,3363.0000,3363.8000,3364.0000,1,1,1,2,4,1,1,1,1,2
SF,IH2012,2020-10-16 09:33:00.100,3361.4000,31822,-1,984530160.000,1,0,1,双平,S,3361.2000,3361.0000,3360.6000,3360.2000,3360.0000,3361.4000,3362.0000,3362.2000,3363.0000,3363.8000,1,1,4,1,1,1,1,1,1,1
SF,IH2012,2020-10-16 09:33:00.600,3361.2000,31820,-2,986546940.000,2,0,2,双平,S,3361.4000,3361.0000,3360.6000,3360.2000,3360.0000,3362.0000,3362.2000,3363.0000,3363.8000,3364.0000,1,1,4,1,1,1,1,1,1,2
SF,IH2012,2020-10-16 09:33:01.100,3361.4000,31819,-1,987555360.000,1,0,1,双平,S,3360.6000,3360.2000,3360.0000,3359.0000,3358.8000,3361.4000,3361.8000,3362.0000,3362.2000,3363.0000,4,1,1,1,1,2,1,1,1,1
SF,IH2012,2020-10-16 09:33:01.600,3361.0000,31819,0,988563660.000,1,0,1,多换,S,3361.0000,3360.8000,3360.6000,3360.2000,3360.0000,3361.2000,3361.4000,3361.8000,3362.0000,3362.2000,1,1,4,1,1,1,2,1,1,1
SF,IH2012,2020-10-16 09:33:02.100,3361.0000,31819,0,989571960.000,1,0,1,多换,S,3361.0000,3360.6000,3360.2000,3360.0000,3359.0000,3361.2000,3361.8000,3362.0000,3362.2000,3363.0000,1,4,1,1,1,1,1,1,1,1
SF,IH2012,2020-10-16 09:33:02.600,3361.2000,31820,1,990580320.000,1,1,0,双开,S,3361.2000,3361.0000,3360.6000,3360.2000,3360.0000,3361.8000,3362.0000,3362.2000,3363.0000,3363.8000,2,2,4,1,1,1,3,1,1,1
SF,IH2012,2020-10-16 09:33:03.100,3361.2000,31818,-2,992597040.000,2,0,2,双平,S,3361.4000,3361.0000,3360.6000,3360.2000,3360.0000,3361.8000,3362.0000,3362.2000,3363.0000,3363.8000,1,1,4,1,1,1,4,1,1,1
SF,IH2012,2020-10-16 09:33:03.600,3361.4000,31817,-1,993605460.000,1,0,1,双平,S,3361.0000,3360.6000,3360.2000,3360.0000,3359.0000,3361.4000,3361.8000,3362.0000,3362.2000,3363.0000,1,4,1,1,1,1,1,4,1,1
SF,IH2012,2020-10-16 09:33:04.600,3361.0000,31818,1,995622060.000,2,1,1,空开,S,3360.6000,3360.2000,3360.0000,3359.0000,3357.0000,3361.0000,3361.4000,3361.8000,3362.0000,3362.2000,4,1,1,1,4,2,1,1,4,1
SF,IH2012,2020-10-16 09:33:05.100,3360.0000,31813,-5,1004695380.000,9,2,7,多平,S,3359.0000,3357.0000,3356.6000,3356.0000,3355.8000,3360.0000,3360.6000,3360.8000,3361.0000,3361.4000,1,4,2,1,2,1,7,6,2,1
SF,IH2012,2020-10-16 09:33:05.600,3360.6000,31811,-2,1008727560.000,4,1,3,多平,S,3360.0000,3359.4000,3359.2000,3359.0000,3357.0000,3360.2000,3361.4000,3361.6000,3362.0000,3362.2000,1,4,4,2,4,1,1,1,3,1
SF,IH2012,2020-10-16 09:33:06.100,3360.2000,31808,-3,1011751740.000,3,0,3,双平,S,3360.2000,3359.0000,3357.0000,3356.6000,3356.0000,3361.4000,3361.6000,3362.0000,3362.2000,3363.0000,1,2,4,2,1,1,1,3,1,1
SF,IH2012,2020-10-16 09:33:06.600,3360.2000,31808,0,1011751740.000,0,-,-,-,-,3360.4000,3359.0000,3357.0000,3356.6000,3356.0000,3361.2000,3361.4000,3361.6000,3362.0000,3362.2000,2,2,4,2,1,2,1,1,3,1
SF,IH2012,2020-10-16 09:33:07.100,3360.2000,31808,0,1011751740.000,0,-,-,-,-,3360.4000,3359.0000,3357.0000,3356.6000,3356.0000,3361.2000,3361.4000,3361.6000,3362.0000,3362.2000,2,2,4,2,1,2,1,1,4,1
SF,IH2012,2020-10-16 09:33:07.600,3360.2000,31808,0,1011751740.000,0,-,-,-,-,3360.8000,3360.4000,3360.2000,3359.0000,3357.0000,3361.2000,3361.4000,3361.6000,3362.0000,3362.2000,1,2,1,2,4,2,1,1,4,1
SF,IH2012,2020-10-16 09:33:08.100,3360.8000,31808,0,1012759980.000,1,0,1,多换,S,3360.4000,3360.2000,3359.0000,3357.0000,3356.6000,3360.8000,3361.4000,3361.6000,3362.0000,3362.2000,1,1,2,4,2,3,1,1,4,1
SF,IH2012,2020-10-16 09:33:08.600,3360.8000,31808,0,1012759980.000,0,-,-,-,-,3360.2000,3359.0000,3357.0000,3356.6000,3356.0000,3361.4000,3361.6000,3362.0000,3362.2000,3363.0000,1,2,4,2,1,1,1,4,1,1
SF,IH2012,2020-10-16 09:33:09.100,3360.8000,31808,0,1012759980.000,0,-,-,-,-,3360.4000,3360.2000,3359.0000,3357.0000,3356.6000,3361.2000,3361.4000,3361.6000,3362.0000,3362.2000,2,1,2,4,2,1,1,1,4,1
SF,IH2012,2020-10-16 09:33:09.600,3360.8000,31808,0,1012759980.000,0,-,-,-,-,3360.4000,3360.2000,3359.6000,3359.0000,3357.0000,3361.4000,3361.6000,3362.0000,3362.2000,3363.0000,2,1,2,2,4,1,1,4,1,1
SF,IH2012,2020-10-16 09:33:10.100,3360.8000,31808,0,1012759980.000,0,-,-,-,-,3360.4000,3360.2000,3359.6000,3359.4000,3359.0000,3361.4000,3361.6000,3362.0000,3362.2000,3363.0000,2,1,2,1,2,1,1,4,1,1
SF,IH2012,2020-10-16 09:33:10.600,3361.4000,31808,0,1013768400.000,1,0,1,多换,S,3360.6000,3360.4000,3360.2000,3359.6000,3359.4000,3361.6000,3362.0000,3362.2000,3363.0000,3364.0000,4,2,1,2,1,1,4,1,1,2
SF,IH2012,2020-10-16 09:33:11.100,3361.4000,31808,0,1013768400.000,0,-,-,-,-,3360.8000,3360.6000,3360.2000,3359.6000,3359.4000,3361.6000,3362.0000,3362.2000,3363.0000,3364.0000,2,4,1,2,1,1,4,1,1,2
SF,IH2012,2020-10-16 09:33:11.600,3361.6000,31807,-1,1014776880.000,1,0,1,双平,S,3361.4000,3361.0000,3360.8000,3360.6000,3360.2000,3362.0000,3362.2000,3363.0000,3364.0000,3364.6000,1,1,3,4,1,3,1,1,2,1
SF,IH2012,2020-10-16 09:33:12.100,3362.0000,31806,-1,1015785480.000,1,0,1,双平,S,3361.4000,3361.0000,3360.8000,3360.6000,3360.2000,3362.0000,3362.2000,3363.0000,3364.0000,3364.6000,1,1,2,4,1,2,1,1,2,1
SF,IH2012,2020-10-16 09:33:13.100,3362.0000,31806,0,1015785480.000,0,-,-,-,-,3361.4000,3361.0000,3360.8000,3360.2000,3359.6000,3362.0000,3362.2000,3363.0000,3364.0000,3364.6000,1,1,2,1,2,2,1,1,2,2
SF,IH2012,2020-10-16 09:33:13.600,3362.0000,31806,0,1016794080.000,1,0,1,多换,S,3361.4000,3361.0000,3360.8000,3360.2000,3359.6000,3362.0000,3362.2000,3363.0000,3364.0000,3364.6000,1,1,2,1,2,2,2,1,2,2
SF,IH2012,2020-10-16 09:33:14.100,3362.2000,31804,-2,1019820000.000,3,0,3,多平,S,3361.4000,3361.0000,3360.8000,3360.2000,3359.6000,3363.0000,3364.0000,3364.6000,3364.8000,3365.4000,1,1,2,1,2,1,2,2,2,1
SF,IH2012,2020-10-16 09:33:14.600,3362.2000,31804,0,1019820000.000,0,-,-,-,-,3361.6000,3361.4000,3361.0000,3360.8000,3360.2000,3362.8000,3363.0000,3364.0000,3364.6000,3364.8000,3,1,1,1,1,2,1,2,2,2
SF,IH2012,2020-10-16 09:33:15.100,3362.2000,31804,0,1019820000.000,0,-,-,-,-,3362.0000,3361.6000,3361.4000,3361.0000,3360.8000,3362.8000,3363.0000,3364.0000,3364.6000,3364.8000,4,3,1,1,1,1,1,2,1,2
SF,IH2012,2020-10-16 09:33:15.600,3362.2000,31804,0,1019820000.000,0,-,-,-,-,3361.6000,3361.4000,3361.0000,3360.8000,3360.2000,3362.8000,3363.0000,3364.0000,3364.6000,3364.8000,2,1,1,1,1,1,1,2,1,2
SF,IH2012,2020-10-16 09:33:16.100,3362.2000,31804,0,1019820000.000,0,-,-,-,-,3361.8000,3361.6000,3361.4000,3361.0000,3360.8000,3362.6000,3362.8000,3363.0000,3364.0000,3364.6000,1,2,1,1,1,1,1,1,2,1
SF,IH2012,2020-10-16 09:33:16.600,3362.2000,31804,0,1019820000.000,0,-,-,-,-,3361.6000,3361.4000,3361.0000,3360.8000,3360.2000,3362.6000,3362.8000,3363.0000,3364.0000,3364.6000,2,1,1,1,1,1,1,1,2,1
SF,IH2012,2020-10-16 09:33:17.100,3362.2000,31804,0,1019820000.000,0,-,-,-,-,3361.4000,3361.0000,3360.8000,3360.2000,3359.6000,3362.6000,3362.8000,3363.0000,3364.0000,3364.6000,1,1,1,1,2,1,1,1,2,1
SF,IH2012,2020-10-16 09:33:17.600,3362.2000,31804,0,1019820000.000,0,-,-,-,-,3361.4000,3361.0000,3360.8000,3360.2000,3359.6000,3362.2000,3362.6000,3362.8000,3363.0000,3364.0000,1,1,1,1,2,1,1,1,1,2
SF,IH2012,2020-10-16 09:33:18.100,3362.2000,31804,0,1019820000.000,0,-,-,-,-,3361.4000,3361.0000,3360.8000,3360.2000,3359.6000,3362.2000,3362.6000,3362.8000,3363.0000,3364.0000,1,1,1,1,2,1,1,1,1,2
SF,IH2012,2020-10-16 09:33:19.100,3362.2000,31803,-1,1020828660.000,1,0,1,双平,S,3362.2000,3361.8000,3361.6000,3361.4000,3361.0000,3362.6000,3362.8000,3363.0000,3364.0000,3364.6000,1,4,2,1,1,1,1,1,2,1
SF,IH2012,2020-10-16 09:33:19.600,3362.6000,31802,-1,1021837440.000,1,0,1,双平,S,3361.4000,3361.0000,3360.8000,3360.2000,3359.6000,3362.8000,3363.0000,3364.0000,3364.6000,3364.8000,1,1,1,1,2,1,1,2,1,2
SF,IH2012,2020-10-16 09:33:20.100,3362.6000,31802,0,1021837440.000,0,-,-,-,-,3361.6000,3361.4000,3361.0000,3360.8000,3360.2000,3362.8000,3363.0000,3364.0000,3364.6000,3364.8000,7,1,1,1,1,1,1,2,1,2
SF,IH2012,2020-10-16 09:33:20.600,3362.6000,31802,0,1021837440.000,0,-,-,-,-,3361.6000,3361.4000,3361.0000,3360.8000,3360.2000,3362.8000,3363.0000,3364.0000,3364.6000,3364.8000,7,1,1,1,1,1,1,2,1,2
SF,IH2012,2020-10-16 09:33:21.100,3362.6000,31802,0,1021837440.000,0,-,-,-,-,3362.6000,3361.6000,3361.4000,3361.0000,3360.8000,3362.8000,3363.0000,3364.0000,3364.6000,3364.8000,1,7,1,1,1,1,1,2,1,2
SF,IH2012,2020-10-16 09:33:21.600,3361.6000,31803,1,1025872020.000,4,2,2,空开,S,3361.6000,3361.4000,3361.0000,3360.8000,3360.2000,3363.0000,3364.0000,3364.6000,3364.8000,3365.0000,4,1,1,1,1,1,2,1,2,1
SF,IH2012,2020-10-16 09:33:22.100,3361.6000,31803,0,1025872020.000,0,-,-,-,-,3361.8000,3361.6000,3361.4000,3361.0000,3360.8000,3362.8000,3363.0000,3364.0000,3364.6000,3364.8000,2,4,1,1,1,1,2,2,1,2
SF,IH2012,2020-10-16 09:33:22.600,3361.6000,31803,0,1025872020.000,0,-,-,-,-,3362.2000,3362.0000,3361.8000,3361.4000,3361.0000,3362.8000,3363.0000,3364.0000,3364.6000,3364.8000,3,2,2,2,1,1,2,2,1,2
SF,IH2012,2020-10-16 09:33:23.100,3362.8000,31802,-1,1026880860.000,1,0,1,双平,S,3362.0000,3361.8000,3361.6000,3361.4000,3361.0000,3363.0000,3364.0000,3364.6000,3364.8000,3365.0000,2,1,1,2,1,1,2,1,2,1
SF,IH2012,2020-10-16 09:33:23.600,3363.0000,31800,-2,1028898480.000,2,0,2,双平,S,3362.8000,3362.4000,3362.2000,3362.0000,3361.8000,3364.0000,3364.6000,3364.8000,3365.0000,3365.4000,1,2,4,2,1,2,1,2,1,1
SF,IH2012,2020-10-16 09:33:24.100,3363.0000,31800,0,1028898480.000,0,-,-,-,-,3362.8000,3362.0000,3361.8000,3361.6000,3361.4000,3363.0000,3363.8000,3364.0000,3364.8000,3365.0000,1,2,1,2,2,1,3,2,2,1
SF,IH2012,2020-10-16 09:33:24.600,3362.8000,31800,0,1029907320.000,1,0,1,多换,S,3362.0000,3361.8000,3361.6000,3361.4000,3361.0000,3362.8000,3363.8000,3364.0000,3364.8000,3365.0000,2,1,1,2,1,3,2,2,2,1
SF,IH2012,2020-10-16 09:33:25.100,3362.8000,31796,-4,1033942680.000,4,0,4,双平,S,3362.8000,3362.4000,3362.2000,3362.0000,3361.8000,3363.8000,3364.0000,3364.8000,3365.0000,3365.4000,1,2,5,2,1,2,2,2,1,1
SF,IH2012,2020-10-16 09:33:25.600,3362.8000,31795,-1,1034951520.000,1,0,1,双平,S,3362.2000,3362.0000,3361.8000,3361.6000,3361.4000,3362.6000,3363.6000,3363.8000,3364.0000,3364.8000,1,2,1,1,2,1,1,2,2,2
SF,IH2012,2020-10-16 09:33:26.100,3362.6000,31794,-1,1035960300.000,1,0,1,双平,S,3362.6000,3362.4000,3362.2000,3362.0000,3361.8000,3363.6000,3363.8000,3364.0000,3364.8000,3365.0000,7,2,1,1,1,1,2,2,2,1
SF,IH2012,2020-10-16 09:33:26.600,3363.6000,31794,0,1036969380.000,1,0,1,多换,S,3362.8000,3362.6000,3362.2000,3362.0000,3361.8000,3363.8000,3364.0000,3364.8000,3365.0000,3365.4000,2,5,1,1,1,1,2,2,1,1
SF,IH2012,2020-10-16 09:33:27.100,3363.6000,31794,0,1036969380.000,0,-,-,-,-,3363.2000,3363.0000,3362.8000,3362.6000,3362.2000,3363.8000,3364.0000,3364.8000,3365.0000,3365.4000,2,1,2,3,1,1,2,2,1,1
SF,IH2012,2020-10-16 09:33:27.600,3363.6000,31794,0,1036969380.000,0,-,-,-,-,3363.4000,3363.2000,3363.0000,3362.6000,3362.2000,3364.0000,3364.8000,3365.0000,3365.4000,3365.8000,1,2,1,3,1,2,2,1,1,1
SF,IH2012,2020-10-16 09:33:28.100,3363.4000,31793,-1,1037978400.000,1,0,1,双平,S,3363.0000,3362.6000,3362.2000,3362.0000,3361.6000,3364.0000,3364.8000,3365.0000,3365.4000,3365.8000,1,3,1,1,1,3,2,1,1,1
SF,IH2012,2020-10-16 09:33:28.600,3363.4000,31793,0,1037978400.000,0,-,-,-,-,3362.6000,3362.2000,3362.0000,3361.6000,3361.4000,3363.8000,3364.0000,3364.8000,3365.0000,3365.4000,3,1,1,1,2,2,2,2,1,1
SF,IH2012,2020-10-16 09:33:29.100,3363.4000,31793,0,1037978400.000,0,-,-,-,-,3363.0000,3362.8000,3362.6000,3362.2000,3362.0000,3363.8000,3364.0000,3364.8000,3365.0000,3365.4000,2,3,3,1,1,1,2,3,1,1
SF,IH2012,2020-10-16 09:33:29.600,3363.4000,31793,0,1037978400.000,0,-,-,-,-,3363.2000,3363.0000,3362.8000,3362.6000,3362.2000,3364.0000,3364.8000,3365.0000,3365.4000,3365.8000,3,2,1,3,1,2,3,1,1,4
SF,IH2012,2020-10-16 09:33:30.100,3363.4000,31793,0,1037978400.000,0,-,-,-,-,3363.6000,3363.2000,3362.8000,3362.6000,3362.2000,3364.0000,3364.8000,3365.0000,3365.4000,3365.8000,2,3,1,3,1,2,3,1,1,4
SF,IH2012,2020-10-16 09:33:30.600,3363.4000,31793,0,1037978400.000,0,-,-,-,-,3363.6000,3363.2000,3362.8000,3362.6000,3362.2000,3364.0000,3364.8000,3365.0000,3365.4000,3365.8000,2,2,1,3,1,2,3,1,1,4
SF,IH2012,2020-10-16 09:33:31.100,3363.6000,31792,-1,1039996560.000,2,0,2,多平,S,3363.2000,3362.8000,3362.2000,3361.6000,3361.4000,3364.0000,3364.8000,3365.0000,3365.4000,3365.8000,2,1,1,1,2,2,3,1,1,4
SF,IH2012,2020-10-16 09:33:31.600,3363.6000,31792,0,1039996560.000,0,-,-,-,-,3363.2000,3362.8000,3362.2000,3361.6000,3361.4000,3363.8000,3364.0000,3364.8000,3365.0000,3365.4000,1,1,1,1,2,1,2,3,1,1
SF,IH2012,2020-10-16 09:33:32.100,3363.6000,31792,0,1039996560.000,0,-,-,-,-,3363.6000,3363.4000,3363.2000,3362.8000,3362.2000,3363.8000,3364.0000,3364.8000,3365.0000,3365.4000,3,1,1,1,1,1,2,3,1,1
SF,IH2012,2020-10-16 09:33:32.600,3363.6000,31791,-1,1043023800.000,3,1,2,多平,S,3362.8000,3362.2000,3361.6000,3361.4000,3361.0000,3363.6000,3363.8000,3364.0000,3364.8000,3365.0000,1,1,1,2,2,2,1,3,3,1
SF,IH2012,2020-10-16 09:33:33.100,3363.0000,31791,0,1044032700.000,1,0,1,多换,S,3362.8000,3362.2000,3361.6000,3361.4000,3361.0000,3363.4000,3363.6000,3363.8000,3364.0000,3364.8000,1,1,1,1,2,1,2,1,3,3
SF,IH2012,2020-10-16 09:33:33.600,3363.0000,31791,0,1044032700.000,0,-,-,-,-,3362.8000,3361.6000,3361.4000,3361.0000,3360.8000,3363.4000,3363.6000,3363.8000,3364.0000,3364.8000,1,1,1,2,1,1,2,1,3,3
SF,IH2012,2020-10-16 09:33:34.100,3363.6000,31791,0,1045041780.000,1,0,1,多换,S,3361.6000,3361.4000,3361.0000,3360.8000,3360.2000,3363.6000,3363.8000,3364.0000,3364.8000,3365.0000,1,1,2,1,1,1,1,3,3,1
SF,IH2012,2020-10-16 09:33:34.600,3363.6000,31791,0,1045041780.000,0,-,-,-,-,3361.8000,3361.6000,3361.4000,3361.0000,3360.8000,3363.4000,3363.6000,3363.8000,3364.0000,3364.8000,7,1,1,2,1,1,2,1,3,3
SF,IH2012,2020-10-16 09:33:35.100,3363.6000,31791,0,1045041780.000,0,-,-,-,-,3362.0000,3361.8000,3361.6000,3361.4000,3361.0000,3363.4000,3363.6000,3363.8000,3364.0000,3364.8000,1,7,1,1,2,1,2,1,3,3
SF,IH2012,2020-10-16 09:33:35.600,3363.6000,31791,0,1046050860.000,1,0,1,多换,S,3362.2000,3362.0000,3361.8000,3361.6000,3361.4000,3363.6000,3363.8000,3364.0000,3364.8000,3365.0000,2,1,3,1,1,2,1,3,3,1
SF,IH2012,2020-10-16 09:33:36.100,3363.6000,31791,0,1046050860.000,0,-,-,-,-,3362.4000,3362.2000,3361.8000,3361.6000,3361.4000,3363.6000,3363.8000,3364.0000,3364.8000,3365.0000,1,2,3,1,1,2,1,3,3,1
SF,IH2012,2020-10-16 09:33:36.600,3363.6000,31791,0,1046050860.000,0,-,-,-,-,3363.0000,3362.6000,3362.4000,3362.2000,3361.8000,3363.4000,3363.6000,3363.8000,3364.0000,3364.8000,1,1,1,1,2,1,1,1,3,3
SF,IH2012,2020-10-16 09:33:37.100,3363.6000,31791,0,1046050860.000,0,-,-,-,-,3363.0000,3362.6000,3362.4000,3362.2000,3361.8000,3363.6000,3363.8000,3364.0000,3364.8000,3365.0000,1,1,1,1,2,1,1,3,4,1
SF,IH2012,2020-10-16 09:33:37.600,3363.0000,31790,-1,1047059760.000,1,0,1,双平,S,3362.6000,3362.4000,3362.2000,3361.8000,3361.6000,3363.0000,3363.6000,3363.8000,3364.0000,3364.8000,1,1,1,2,1,1,2,1,3,4
SF,IH2012,2020-10-16 09:33:38.100,3363.0000,31790,0,1047059760.000,0,-,-,-,-,3362.4000,3362.2000,3361.6000,3361.4000,3361.0000,3363.0000,3363.4000,3363.6000,3363.8000,3364.0000,1,1,1,1,2,1,1,2,1,3
SF,IH2012,2020-10-16 09:33:38.600,3363.0000,31790,0,1047059760.000,0,-,-,-,-,3362.2000,3361.6000,3361.0000,3360.8000,3360.2000,3363.0000,3363.4000,3363.6000,3363.8000,3364.0000,1,1,2,1,1,1,1,2,1,3
SF,IH2012,2020-10-16 09:33:39.100,3363.0000,31790,0,1047059760.000,0,-,-,-,-,3362.4000,3362.2000,3361.6000,3361.0000,3360.8000,3363.0000,3363.4000,3363.6000,3363.8000,3364.0000,1,1,1,2,1,6,1,2,1,3
SF,IH2012,2020-10-16 09:33:39.600,3363.0000,31790,0,1047059760.000,0,-,-,-,-,3362.4000,3362.2000,3361.6000,3361.0000,3360.8000,3363.0000,3363.4000,3363.6000,3363.8000,3364.0000,1,1,1,2,1,6,1,2,1,3
SF,IH2012,2020-10-16 09:33:40.100,3362.4000,31789,-1,1048068480.000,1,0,1,双平,S,3361.6000,3361.0000,3360.8000,3360.2000,3359.6000,3363.0000,3363.4000,3363.6000,3363.8000,3364.0000,1,2,1,1,2,7,1,1,1,3
SF,IH2012,2020-10-16 09:33:40.600,3362.4000,31789,0,1048068480.000,0,-,-,-,-,3361.8000,3361.6000,3361.0000,3360.8000,3360.2000,3363.0000,3363.4000,3363.6000,3363.8000,3364.0000,3,1,2,1,1,7,1,1,1,3
SF,IH2012,2020-10-16 09:33:41.100,3362.4000,31789,0,1048068480.000,0,-,-,-,-,3362.0000,3361.8000,3361.6000,3361.0000,3360.8000,3363.0000,3363.4000,3363.8000,3364.0000,3364.8000,1,3,1,2,1,8,1,1,3,4
SF,IH2012,2020-10-16 09:33:41.600,3362.4000,31789,0,1048068480.000,0,-,-,-,-,3362.0000,3361.8000,3361.6000,3361.0000,3360.8000,3363.0000,3363.4000,3363.8000,3364.0000,3364.8000,1,2,1,2,1,8,1,1,3,4
SF,IH2012,2020-10-16 09:33:42.100,3362.4000,31789,0,1048068480.000,0,-,-,-,-,3362.0000,3361.8000,3361.6000,3361.0000,3360.8000,3363.0000,3363.4000,3363.8000,3364.0000,3364.8000,2,1,1,2,1,8,1,1,3,4
SF,IH2012,2020-10-16 09:33:42.600,3362.4000,31789,0,1048068480.000,0,-,-,-,-,3362.0000,3361.8000,3361.6000,3361.0000,3360.8000,3362.4000,3362.8000,3363.0000,3363.4000,3363.8000,3,1,1,2,1,1,1,8,1,1
SF,IH2012,2020-10-16 09:33:43.100,3362.4000,31789,0,1048068480.000,0,-,-,-,-,3362.0000,3361.8000,3361.6000,3361.0000,3360.8000,3362.4000,3362.8000,3363.0000,3363.4000,3364.0000,2,1,1,2,1,1,1,8,1,3
SF,IH2012,2020-10-16 09:33:43.600,3362.0000,31789,0,1049077080.000,1,0,1,多换,S,3362.0000,3361.8000,3361.6000,3361.0000,3360.8000,3362.4000,3362.8000,3363.0000,3363.4000,3364.0000,1,1,1,2,1,1,1,8,1,3
SF,IH2012,2020-10-16 09:33:44.100,3362.0000,31789,0,1050085680.000,1,0,1,多换,S,3361.6000,3361.0000,3360.8000,3360.2000,3359.6000,3362.4000,3362.8000,3363.0000,3363.4000,3364.0000,1,2,1,1,2,2,1,7,1,3
SF,IH2012,2020-10-16 09:33:44.600,3362.0000,31789,0,1050085680.000,0,-,-,-,-,3361.6000,3361.0000,3360.8000,3360.2000,3359.6000,3361.8000,3362.4000,3363.0000,3363.4000,3364.0000,1,2,1,1,2,5,2,2,1,3
SF,IH2012,2020-10-16 09:33:45.100,3361.6000,31789,0,1051094160.000,1,0,1,多换,S,3361.0000,3360.8000,3360.2000,3359.6000,3359.4000,3361.8000,3362.4000,3363.0000,3363.4000,3364.0000,2,1,1,2,1,5,2,2,1,3
SF,IH2012,2020-10-16 09:33:45.600,3361.8000,31789,0,1052102700.000,1,0,1,多换,S,3361.0000,3360.8000,3360.2000,3360.0000,3359.6000,3361.6000,3361.8000,3362.4000,3363.0000,3363.4000,3,1,1,1,2,1,4,2,3,1
SF,IH2012,2020-10-16 09:33:46.600,3361.6000,31788,-1,1053111180.000,1,0,1,双平,S,3361.0000,3360.8000,3360.2000,3360.0000,3359.6000,3361.8000,3362.4000,3363.0000,3363.4000,3364.0000,3,1,1,1,2,4,2,3,1,3
SF,IH2012,2020-10-16 09:33:47.100,3361.6000,31788,0,1053111180.000,0,-,-,-,-,3361.0000,3360.8000,3360.2000,3360.0000,3359.6000,3361.8000,3362.4000,3363.0000,3363.4000,3364.0000,3,1,1,1,2,4,2,3,1,2
SF,IH2012,2020-10-16 09:33:47.600,3361.6000,31788,0,1053111180.000,0,-,-,-,-,3361.6000,3361.0000,3360.8000,3360.2000,3360.0000,3361.8000,3362.4000,3363.0000,3363.4000,3364.0000,1,3,1,1,1,5,2,3,1,2
SF,IH2012,2020-10-16 09:33:48.100,3361.6000,31788,0,1054119660.000,1,0,1,多换,S,3361.0000,3360.8000,3360.2000,3360.0000,3359.6000,3361.6000,3361.8000,3362.4000,3363.0000,3363.4000,3,1,1,1,2,1,5,2,3,1
SF,IH2012,2020-10-16 09:33:48.600,3360.8000,31788,0,1057144500.000,3,1,2,多换,S,3360.2000,3360.0000,3359.6000,3359.4000,3359.0000,3360.6000,3361.8000,3362.4000,3363.0000,3363.4000,1,1,2,1,1,1,1,2,3,1
SF,IH2012,2020-10-16 09:33:49.100,3360.6000,31787,-1,1058152680.000,1,0,1,双平,S,3360.6000,3360.4000,3360.2000,3360.0000,3359.6000,3361.8000,3362.4000,3363.0000,3363.4000,3364.0000,3,1,1,1,2,1,2,3,1,2
SF,IH2012,2020-10-16 09:33:49.600,3361.8000,31787,0,1059161220.000,1,0,1,多换,S,3360.6000,3360.2000,3360.0000,3359.6000,3359.4000,3362.4000,3363.0000,3363.4000,3364.0000,3364.8000,1,1,1,2,1,2,3,1,2,3
SF,IH2012,2020-10-16 09:33:50.100,3361.8000,31787,0,1059161220.000,0,-,-,-,-,3360.8000,3360.6000,3360.2000,3360.0000,3359.6000,3362.2000,3362.4000,3363.0000,3363.4000,3364.0000,4,1,1,1,2,2,1,3,1,2
SF,IH2012,2020-10-16 09:33:50.600,3361.0000,31785,-2,1061178000.000,2,0,2,双平,S,3360.8000,3360.6000,3360.2000,3360.0000,3359.6000,3361.0000,3362.2000,3362.4000,3363.0000,3363.4000,4,1,1,1,2,7,2,1,3,1
SF,IH2012,2020-10-16 09:33:51.100,3361.0000,31778,-7,1068236100.000,7,0,7,双平,S,3361.2000,3361.0000,3360.8000,3360.6000,3360.2000,3362.2000,3362.4000,3363.0000,3363.4000,3364.0000,1,4,2,1,2,2,1,3,1,2
SF,IH2012,2020-10-16 09:33:51.600,3361.0000,31778,0,1068236100.000,0,-,-,-,-,3361.0000,3360.8000,3360.6000,3360.2000,3360.0000,3362.0000,3362.2000,3362.4000,3363.0000,3363.4000,3,2,1,2,1,1,2,1,3,1
SF,IH2012,2020-10-16 09:33:52.100,3361.0000,31778,0,1068236100.000,0,-,-,-,-,3361.0000,3360.8000,3360.6000,3360.2000,3360.0000,3361.8000,3362.0000,3362.2000,3362.4000,3363.0000,3,1,1,2,1,1,1,1,1,3
SF,IH2012,2020-10-16 09:33:52.600,3361.0000,31778,0,1068236100.000,0,-,-,-,-,3361.0000,3360.6000,3360.2000,3360.0000,3359.6000,3361.2000,3361.6000,3361.8000,3362.0000,3362.4000,2,1,2,1,2,1,3,1,1,1
SF,IH2012,2020-10-16 09:33:53.100,3361.8000,31774,-4,1073278440.000,5,0,5,多平,S,3361.2000,3361.0000,3360.6000,3360.2000,3360.0000,3362.0000,3362.4000,3363.0000,3363.4000,3364.0000,2,1,1,2,1,1,1,3,1,2
SF,IH2012,2020-10-16 09:33:53.600,3362.0000,31773,-1,1074287040.000,1,0,1,双平,S,3361.0000,3360.6000,3360.2000,3360.0000,3359.6000,3362.4000,3363.0000,3363.4000,3364.0000,3364.8000,1,1,2,1,2,1,3,1,2,3
SF,IH2012,2020-10-16 09:33:54.100,3362.0000,31773,0,1074287040.000,0,-,-,-,-,3361.2000,3361.0000,3360.6000,3360.2000,3360.0000,3362.4000,3363.0000,3363.4000,3364.0000,3364.8000,2,1,1,2,1,1,3,1,2,3
SF,IH2012,2020-10-16 09:33:54.600,3362.0000,31773,0,1074287040.000,0,-,-,-,-,3361.4000,3361.2000,3361.0000,3360.6000,3360.2000,3362.4000,3363.0000,3363.4000,3364.0000,3364.8000,1,3,1,1,2,1,3,1,2,3
SF,IH2012,2020-10-16 09:33:55.100,3362.0000,31773,0,1074287040.000,0,-,-,-,-,3361.6000,3361.4000,3361.2000,3361.0000,3360.6000,3362.4000,3363.0000,3363.4000,3364.0000,3364.8000,1,1,1,1,1,1,3,1,2,3
SF,IH2012,2020-10-16 09:33:55.600,3362.0000,31773,0,1074287040.000,0,-,-,-,-,3361.8000,3361.6000,3361.2000,3361.0000,3360.6000,3362.4000,3363.0000,3363.4000,3364.0000,3364.8000,1,1,1,1,1,1,3,1,2,3
SF,IH2012,2020-10-16 09:33:56.100,3362.4000,31772,-1,1075295760.000,1,0,1,双平,S,3361.8000,3361.6000,3361.2000,3361.0000,3360.6000,3363.0000,3363.4000,3364.0000,3364.8000,3365.0000,1,1,1,1,1,3,1,2,3,1
SF,IH2012,2020-10-16 09:33:56.600,3362.4000,31772,0,1075295760.000,0,-,-,-,-,3362.0000,3361.8000,3361.2000,3361.0000,3360.6000,3363.0000,3363.4000,3364.0000,3364.8000,3365.0000,4,1,1,1,1,3,1,2,3,1
SF,IH2012,2020-10-16 09:33:57.100,3362.4000,31772,0,1075295760.000,0,-,-,-,-,3362.2000,3362.0000,3361.2000,3361.0000,3360.6000,3363.0000,3363.4000,3364.0000,3364.8000,3365.0000,1,5,1,1,1,3,1,2,3,1
SF,IH2012,2020-10-16 09:33:57.600,3362.4000,31772,0,1075295760.000,0,-,-,-,-,3362.4000,3362.2000,3362.0000,3361.2000,3361.0000,3363.0000,3363.4000,3364.0000,3364.8000,3365.0000,1,1,4,1,1,3,1,2,3,1
SF,IH2012,2020-10-16 09:33:58.100,3362.4000,31772,0,1075295760.000,0,-,-,-,-,3362.6000,3362.4000,3362.2000,3362.0000,3361.2000,3363.0000,3363.4000,3364.0000,3364.8000,3365.0000,1,1,1,1,1,3,1,2,3,1
SF,IH2012,2020-10-16 09:33:59.100,3362.6000,31771,-1,1076304540.000,1,0,1,双平,S,3362.4000,3362.2000,3362.0000,3361.2000,3361.0000,3363.0000,3363.4000,3364.0000,3364.8000,3365.0000,1,1,1,1,1,3,1,2,3,1
SF,IH2012,2020-10-16 09:33:59.600,3362.4000,31771,0,1077313260.000,1,0,1,多换,S,3362.2000,3362.0000,3361.4000,3361.2000,3361.0000,3363.0000,3363.4000,3364.0000,3364.8000,3365.0000,1,1,1,1,1,3,1,2,3,1
SF,IH2012,2020-10-16 09:34:00.100,3362.4000,31771,0,1077313260.000,0,-,-,-,-,3362.2000,3362.0000,3361.4000,3361.2000,3361.0000,3363.0000,3363.4000,3364.0000,3364.8000,3365.0000,1,1,1,1,1,3,1,2,3,1
SF,IH2012,2020-10-16 09:34:01.100,3363.0000,31769,-2,1080339960.000,3,0,3,多平,S,3363.0000,3362.8000,3362.6000,3362.2000,3362.0000,3363.4000,3364.0000,3364.8000,3365.0000,3365.4000,2,1,2,1,1,1,2,3,1,1
SF,IH2012,2020-10-16 09:34:01.600,3363.4000,31769,0,1081348980.000,1,0,1,多换,S,3363.4000,3362.8000,3362.6000,3362.2000,3361.4000,3364.0000,3364.8000,3365.0000,3365.4000,3365.8000,3,1,2,1,1,2,3,1,1,4
SF,IH2012,2020-10-16 09:34:02.100,3363.4000,31769,0,1081348980.000,0,-,-,-,-,3363.6000,3363.4000,3362.8000,3362.2000,3361.4000,3364.0000,3364.8000,3365.0000,3365.4000,3365.8000,3,2,1,1,1,2,3,1,1,4
SF,IH2012,2020-10-16 09:34:02.600,3364.0000,31768,-1,1082358180.000,1,0,1,双平,S,3363.4000,3362.8000,3362.2000,3361.4000,3361.2000,3364.0000,3364.8000,3365.0000,3365.4000,3365.8000,2,1,1,1,1,1,3,1,1,4
SF,IH2012,2020-10-16 09:34:03.100,3364.0000,31767,-1,1083367380.000,1,0,1,双平,S,3364.0000,3362.8000,3362.2000,3361.2000,3360.6000,3364.8000,3365.0000,3365.4000,3365.8000,3366.0000,2,1,1,1,1,3,1,1,4,7
SF,IH2012,2020-10-16 09:34:03.600,3364.0000,31767,0,1083367380.000,0,-,-,-,-,3364.0000,3362.8000,3362.2000,3361.2000,3360.6000,3364.6000,3364.8000,3365.0000,3365.4000,3365.8000,1,1,1,1,1,2,3,1,1,3
SF,IH2012,2020-10-16 09:34:04.100,3364.0000,31766,-1,1084376580.000,1,0,1,双平,S,3362.8000,3362.2000,3361.2000,3360.6000,3360.2000,3363.6000,3364.6000,3364.8000,3365.0000,3365.4000,1,1,1,1,2,1,1,3,1,1
SF,IH2012,2020-10-16 09:34:04.600,3364.6000,31764,-2,1086395040.000,2,0,2,双平,S,3364.4000,3364.0000,3363.8000,3363.6000,3363.2000,3364.8000,3365.0000,3365.4000,3365.8000,3366.0000,1,1,1,6,4,3,1,1,3,7
SF,IH2012,2020-10-16 09:34:05.100,3364.4000,31763,-1,1088413680.000,2,0,2,多平,S,3363.8000,3363.0000,3362.8000,3362.2000,3361.2000,3364.4000,3364.8000,3365.0000,3365.4000,3365.8000,1,1,3,1,1,1,3,1,1,3
SF,IH2012,2020-10-16 09:34:05.600,3364.4000,31763,0,1088413680.000,0,-,-,-,-,3363.8000,3363.4000,3363.0000,3362.8000,3362.2000,3364.0000,3364.2000,3364.4000,3364.8000,3365.0000,2,1,2,3,1,1,1,1,3,1
SF,IH2012,2020-10-16 09:34:06.100,3364.4000,31763,0,1088413680.000,0,-,-,-,-,3363.8000,3363.4000,3363.0000,3362.8000,3362.2000,3364.0000,3364.4000,3364.8000,3365.0000,3365.4000,2,1,2,3,1,1,1,3,1,1
SF,IH2012,2020-10-16 09:34:06.600,3364.0000,31762,-1,1089422880.000,1,0,1,双平,S,3363.8000,3363.4000,3363.0000,3362.8000,3362.2000,3364.4000,3364.8000,3365.0000,3365.4000,3365.8000,2,1,2,3,1,1,3,1,1,3
SF,IH2012,2020-10-16 09:34:07.600,3364.4000,31761,-1,1090432200.000,1,0,1,双平,S,3364.4000,3364.0000,3363.8000,3363.4000,3363.0000,3364.8000,3365.0000,3365.4000,3365.8000,3366.0000,1,1,2,1,2,3,1,1,3,7
SF,IH2012,2020-10-16 09:34:08.100,3364.8000,31760,-1,1091441640.000,1,0,1,双平,S,3364.0000,3363.8000,3363.4000,3363.0000,3362.8000,3364.8000,3365.0000,3365.4000,3365.8000,3366.0000,1,2,1,2,3,2,1,1,3,7
SF,IH2012,2020-10-16 09:34:08.600,3364.8000,31759,-1,1093460520.000,2,0,2,多平,S,3364.2000,3364.0000,3363.8000,3363.4000,3363.0000,3365.0000,3365.4000,3365.8000,3366.0000,3366.2000,4,1,2,1,2,2,1,3,7,3
SF,IH2012,2020-10-16 09:34:09.100,3365.0000,31758,-1,1094470020.000,1,0,1,双平,S,3364.4000,3364.2000,3364.0000,3363.8000,3363.4000,3365.0000,3365.4000,3365.8000,3366.0000,3366.2000,2,2,1,1,1,1,1,3,7,3
SF,IH2012,2020-10-16 09:34:09.600,3364.4000,31757,-1,1097498280.000,3,1,2,多平,S,3364.2000,3364.0000,3363.8000,3363.4000,3363.0000,3365.4000,3365.8000,3366.0000,3366.2000,3366.4000,2,1,1,1,2,1,3,7,3,5
SF,IH2012,2020-10-16 09:34:10.100,3364.2000,31756,-1,1098507540.000,1,0,1,双平,S,3363.8000,3363.4000,3363.0000,3362.8000,3362.2000,3364.8000,3365.2000,3365.4000,3365.8000,3366.0000,1,1,2,3,1,1,1,2,3,7
SF,IH2012,2020-10-16 09:34:10.600,3363.8000,31754,-2,1100525820.000,2,0,2,双平,S,3363.4000,3363.0000,3362.8000,3362.2000,3361.2000,3364.8000,3365.2000,3365.4000,3365.8000,3366.0000,1,2,3,1,1,1,1,2,3,7
SF,IH2012,2020-10-16 09:34:11.100,3363.4000,31752,-2,1102543860.000,2,0,2,双平,S,3363.0000,3362.8000,3362.2000,3361.2000,3360.6000,3363.4000,3364.6000,3364.8000,3365.4000,3365.8000,2,3,1,1,1,1,2,1,2,3
SF,IH2012,2020-10-16 09:34:11.600,3364.6000,31751,-1,1110615540.000,8,3,5,多平,S,3363.4000,3362.4000,3362.2000,3361.2000,3360.6000,3364.8000,3365.4000,3365.8000,3366.0000,3366.2000,1,1,1,1,1,1,1,3,7,3
SF,IH2012,2020-10-16 09:34:12.100,3363.4000,31750,-1,1111624560.000,1,0,1,双平,S,3362.4000,3362.2000,3361.2000,3360.6000,3360.2000,3363.4000,3364.2000,3364.4000,3364.6000,3364.8000,1,1,1,1,2,1,1,3,5,4
SF,IH2012,2020-10-16 09:34:12.600,3363.2000,31749,-1,1114650900.000,3,1,2,多平,S,3361.2000,3360.6000,3360.2000,3360.0000,3359.6000,3363.2000,3363.4000,3364.2000,3364.4000,3364.6000,1,1,2,1,2,2,1,1,3,4
SF,IH2012,2020-10-16 09:34:13.100,3363.2000,31745,-4,1118686740.000,4,0,4,双平,S,3361.4000,3361.2000,3360.6000,3360.2000,3360.0000,3363.4000,3364.2000,3364.4000,3364.6000,3364.8000,3,1,1,2,1,1,1,3,3,4
SF,IH2012,2020-10-16 09:34:13.600,3363.2000,31745,0,1118686740.000,0,-,-,-,-,3361.6000,3361.4000,3361.2000,3360.6000,3360.2000,3363.4000,3364.2000,3364.4000,3364.6000,3364.8000,1,3,1,1,2,1,1,3,3,4
SF,IH2012,2020-10-16 09:34:14.100,3363.2000,31745,0,1118686740.000,0,-,-,-,-,3361.8000,3361.6000,3361.2000,3360.6000,3360.2000,3363.4000,3364.2000,3364.6000,3364.8000,3365.4000,5,1,1,1,2,1,1,3,4,1
SF,IH2012,2020-10-16 09:34:14.600,3363.2000,31745,0,1118686740.000,0,-,-,-,-,3362.0000,3361.8000,3361.2000,3360.6000,3360.2000,3363.4000,3364.6000,3364.8000,3365.4000,3365.8000,1,5,1,1,2,1,3,4,1,3
SF,IH2012,2020-10-16 09:34:15.100,3363.2000,31745,0,1118686740.000,0,-,-,-,-,3362.2000,3362.0000,3361.8000,3361.2000,3360.6000,3364.6000,3364.8000,3365.4000,3365.8000,3366.0000,4,1,1,1,1,3,4,1,3,7
SF,IH2012,2020-10-16 09:34:15.600,3363.2000,31745,0,1118686740.000,0,-,-,-,-,3362.4000,3362.2000,3361.2000,3360.6000,3360.2000,3364.6000,3364.8000,3365.4000,3365.8000,3366.0000,2,3,1,1,2,4,2,1,3,7
SF,IH2012,2020-10-16 09:34:16.100,3363.2000,31745,0,1118686740.000,0,-,-,-,-,3363.0000,3362.6000,3362.4000,3361.2000,3360.6000,3364.6000,3364.8000,3365.4000,3365.8000,3366.0000,1,2,2,1,1,4,2,1,3,7
SF,IH2012,2020-10-16 09:34:16.600,3363.2000,31745,0,1118686740.000,0,-,-,-,-,3363.2000,3363.0000,3362.6000,3362.4000,3361.6000,3364.6000,3364.8000,3365.4000,3365.8000,3366.0000,3,1,2,1,1,4,2,1,3,7
SF,IH2012,2020-10-16 09:34:17.100,3363.2000,31745,0,1118686740.000,0,-,-,-,-,3363.4000,3363.2000,3363.0000,3362.6000,3362.4000,3364.6000,3364.8000,3365.4000,3365.8000,3366.0000,2,3,1,1,1,4,1,1,3,7
