市场代码,合约代码,时间,最新,持仓,增仓,成交额,成交量,开仓,平仓,成交类型,方向,买一价,买二价,买三价,买四价,买五价,卖一价,卖二价,卖三价,卖四价,卖五价,买一量,买二量,买三量,买四量,买五量,卖一量,卖二量,卖三量,卖四量,卖五量
SF,IH2010,2020-08-26 09:29:00.300,3299.6000,310,0,1979760.000,2.000,-,-,-,-,3299.4000,3298.0000,3297.4000,3294.8000,3294.6000,3314.4000,3314.6000,3315.2000,3318.8000,3329.0000,1,1,4,1,1,2,4,1,1,2
SF,IH2010,2020-08-26 09:30:00.300,3299.6000,310,0,1979760.000,0,-,-,-,-,3299.4000,3298.0000,3294.8000,3294.6000,3290.8000,3314.2000,3314.4000,3315.2000,3318.8000,3326.8000,1,1,1,1,1,1,2,1,1,3
SF,IH2010,2020-08-26 09:30:00.800,3299.6000,310,0,1979760.000,0,-,-,-,-,3299.4000,3298.0000,3294.8000,3294.6000,3288.6000,3307.2000,3307.4000,3312.0000,3313.0000,3314.0000,1,1,1,1,1,1,1,1,1,2
SF,IH2010,2020-08-26 09:30:01.300,3299.6000,310,0,1979760.000,0,-,-,-,-,3289.0000,3288.6000,3285.0000,3284.8000,3283.0000,3302.6000,3307.0000,3307.4000,3313.0000,3314.2000,1,1,1,3,1,1,2,1,1,1
SF,IH2010,2020-08-26 09:30:01.800,3299.6000,310,0,1979760.000,0,-,-,-,-,3293.6000,3293.2000,3290.8000,3289.2000,3289.0000,3302.4000,3313.0000,3314.2000,3318.8000,3326.8000,1,1,1,2,1,3,1,1,1,3
SF,IH2010,2020-08-26 09:30:02.300,3299.6000,310,0,1979760.000,0,-,-,-,-,3295.4000,3293.6000,3293.2000,3290.8000,3289.2000,3302.2000,3305.6000,3313.0000,3318.8000,3326.8000,1,1,1,1,1,1,1,1,1,3
SF,IH2010,2020-08-26 09:30:02.800,3299.6000,310,0,1979760.000,0,-,-,-,-,3299.0000,3295.4000,3289.2000,3289.0000,3288.6000,3302.2000,3305.6000,3309.6000,3313.0000,3318.8000,1,1,1,1,1,1,1,1,1,1
SF,IH2010,2020-08-26 09:30:03.300,3299.6000,310,0,1979760.000,0,-,-,-,-,3295.4000,3289.2000,3289.0000,3288.6000,3285.0000,3305.6000,3309.6000,3313.0000,3318.8000,3326.8000,1,1,1,1,1,1,1,2,1,3
SF,IH2010,2020-08-26 09:30:03.800,3299.6000,310,0,1979760.000,0,-,-,-,-,3295.6000,3295.4000,3289.2000,3289.0000,3288.6000,3305.4000,3305.6000,3309.6000,3313.0000,3318.8000,1,1,1,1,1,4,1,1,2,1
SF,IH2010,2020-08-26 09:30:04.300,3305.4000,308,-2,3963000.000,2,0,2,双平,S,3295.6000,3295.4000,3289.2000,3289.0000,3288.6000,3308.0000,3309.6000,3313.0000,3318.8000,3326.8000,1,1,1,1,1,1,1,2,1,3
SF,IH2010,2020-08-26 09:30:04.800,3305.4000,308,0,3963000.000,0,-,-,-,-,3295.6000,3295.4000,3289.2000,3289.0000,3288.6000,3307.0000,3307.8000,3308.0000,3309.6000,3313.0000,1,1,1,1,1,2,2,1,1,2
SF,IH2010,2020-08-26 09:30:05.300,3305.4000,308,0,3963000.000,0,-,-,-,-,3295.6000,3295.4000,3289.2000,3289.0000,3288.6000,3306.8000,3307.0000,3307.8000,3308.0000,3309.6000,1,1,1,1,1,2,2,1,1,1
SF,IH2010,2020-08-26 09:30:05.800,3305.4000,308,0,3963000.000,0,-,-,-,-,3297.0000,3295.6000,3295.4000,3289.2000,3289.0000,3305.4000,3306.8000,3307.0000,3307.8000,3308.0000,1,1,1,1,1,1,2,1,1,1
SF,IH2010,2020-08-26 09:30:06.300,3305.4000,308,0,3963000.000,0,-,-,-,-,3297.2000,3297.0000,3295.4000,3289.2000,3289.0000,3305.2000,3305.4000,3306.8000,3308.0000,3309.6000,1,1,1,1,1,3,1,1,1,1
SF,IH2010,2020-08-26 09:30:06.800,3305.4000,308,0,3963000.000,0,-,-,-,-,3297.2000,3297.0000,3295.4000,3289.2000,3289.0000,3304.8000,3305.0000,3305.2000,3305.4000,3306.8000,1,1,1,1,1,1,1,3,1,1
SF,IH2010,2020-08-26 09:30:07.300,3305.4000,308,0,3963000.000,0,-,-,-,-,3297.2000,3297.0000,3295.4000,3289.2000,3289.0000,3304.4000,3304.6000,3304.8000,3305.2000,3305.4000,1,1,1,1,1,1,1,1,2,1
SF,IH2010,2020-08-26 09:30:07.800,3305.4000,308,0,3963000.000,0,-,-,-,-,3297.2000,3295.4000,3289.2000,3289.0000,3288.6000,3304.2000,3304.4000,3304.6000,3304.8000,3305.2000,1,1,1,1,1,1,1,1,1,2
SF,IH2010,2020-08-26 09:30:08.300,3305.4000,308,0,3963000.000,0,-,-,-,-,3297.2000,3295.4000,3289.2000,3289.0000,3288.6000,3304.2000,3304.6000,3305.2000,3305.4000,3306.8000,1,1,1,1,1,1,1,2,1,1
SF,IH2010,2020-08-26 09:30:08.800,3305.4000,308,0,3963000.000,0,-,-,-,-,3297.2000,3295.4000,3289.2000,3289.0000,3288.6000,3304.2000,3304.6000,3305.2000,3305.4000,3306.8000,1,1,1,1,1,1,1,2,1,1
SF,IH2010,2020-08-26 09:30:09.300,3305.4000,308,0,3963000.000,0,-,-,-,-,3297.2000,3295.4000,3289.2000,3289.0000,3288.6000,3304.2000,3304.6000,3305.2000,3305.4000,3306.8000,1,1,1,1,1,1,1,2,1,1
SF,IH2010,2020-08-26 09:30:09.800,3305.4000,308,0,3963000.000,0,-,-,-,-,3297.2000,3295.4000,3289.2000,3289.0000,3288.6000,3304.2000,3304.6000,3305.2000,3305.4000,3306.8000,1,1,1,1,1,1,1,2,1,1
SF,IH2010,2020-08-26 09:30:10.300,3305.4000,308,0,3963000.000,0,-,-,-,-,3298.0000,3297.2000,3295.4000,3289.2000,3289.0000,3303.8000,3304.2000,3304.6000,3305.2000,3305.4000,1,2,1,1,1,1,1,1,2,1
SF,IH2010,2020-08-26 09:30:10.800,3305.4000,308,0,3963000.000,0,-,-,-,-,3298.2000,3298.0000,3297.2000,3295.4000,3289.2000,3303.6000,3303.8000,3304.2000,3304.6000,3305.2000,1,1,1,1,1,1,1,1,1,2
SF,IH2010,2020-08-26 09:30:11.300,3305.4000,308,0,3963000.000,0,-,-,-,-,3298.2000,3298.0000,3295.4000,3289.2000,3289.0000,3303.6000,3303.8000,3304.2000,3304.6000,3305.2000,1,1,1,1,1,1,1,1,1,2
SF,IH2010,2020-08-26 09:30:11.800,3305.4000,308,0,3963000.000,0,-,-,-,-,3298.6000,3298.2000,3295.4000,3289.2000,3289.0000,3303.6000,3303.8000,3304.2000,3304.6000,3305.2000,1,1,1,1,1,1,1,1,1,2
SF,IH2010,2020-08-26 09:30:12.300,3305.4000,308,0,3963000.000,0,-,-,-,-,3298.6000,3295.4000,3289.2000,3289.0000,3288.6000,3303.4000,3303.6000,3303.8000,3304.2000,3304.6000,1,1,1,1,1,1,1,1,1,1
SF,IH2010,2020-08-26 09:30:12.800,3305.4000,308,0,3963000.000,0,-,-,-,-,3298.6000,3295.4000,3289.2000,3289.0000,3288.6000,3303.2000,3303.4000,3303.6000,3303.8000,3304.2000,1,1,1,1,1,3,1,1,1,1
SF,IH2010,2020-08-26 09:30:13.300,3305.4000,308,0,3963000.000,0,-,-,-,-,3295.4000,3289.2000,3289.0000,3288.6000,3285.0000,3303.2000,3303.4000,3303.6000,3303.8000,3304.2000,1,1,1,1,1,3,1,1,1,1
SF,IH2010,2020-08-26 09:30:13.800,3305.4000,308,0,3963000.000,0,-,-,-,-,3295.4000,3289.2000,3289.0000,3288.6000,3285.0000,3302.8000,3303.0000,3303.2000,3303.6000,3304.2000,1,1,1,1,1,1,1,3,1,1
SF,IH2010,2020-08-26 09:30:14.300,3289.2000,308,0,5938380.000,2,1,1,多换,S,3289.0000,3288.6000,3285.0000,3284.8000,3283.0000,3299.0000,3302.6000,3302.8000,3303.2000,3303.6000,1,1,1,3,1,1,4,1,3,1
SF,IH2010,2020-08-26 09:30:14.800,3289.2000,308,0,5938380.000,0,-,-,-,-,3296.0000,3291.4000,3289.2000,3289.0000,3288.6000,3298.8000,3299.0000,3302.6000,3302.8000,3303.2000,1,2,2,2,1,1,1,3,1,3
SF,IH2010,2020-08-26 09:30:15.300,3289.2000,308,0,5938380.000,0,-,-,-,-,3289.2000,3289.0000,3288.6000,3285.0000,3284.8000,3299.0000,3302.6000,3302.8000,3303.2000,3303.6000,2,1,1,1,3,1,3,1,3,1
SF,IH2010,2020-08-26 09:30:15.800,3289.2000,308,0,5938380.000,0,-,-,-,-,3292.8000,3292.0000,3291.0000,3290.8000,3290.6000,3298.8000,3299.0000,3302.6000,3302.8000,3303.2000,1,2,1,2,1,1,1,3,1,3
SF,IH2010,2020-08-26 09:30:16.300,3289.2000,308,0,5938380.000,0,-,-,-,-,3296.2000,3292.8000,3292.2000,3292.0000,3291.0000,3298.8000,3299.0000,3302.6000,3302.8000,3303.2000,1,1,1,2,1,1,1,3,1,3
SF,IH2010,2020-08-26 09:30:16.800,3289.2000,308,0,5938380.000,0,-,-,-,-,3293.0000,3292.8000,3292.2000,3292.0000,3291.0000,3299.0000,3302.6000,3302.8000,3303.2000,3303.6000,1,1,1,3,1,1,3,1,3,1
SF,IH2010,2020-08-26 09:30:17.300,3289.2000,308,0,5938380.000,0,-,-,-,-,3293.2000,3293.0000,3292.8000,3292.2000,3292.0000,3298.8000,3299.0000,3302.6000,3302.8000,3303.2000,1,1,1,1,3,1,1,3,1,3
SF,IH2010,2020-08-26 09:30:17.800,3289.2000,308,0,5938380.000,0,-,-,-,-,3293.2000,3293.0000,3292.8000,3292.2000,3292.0000,3298.8000,3299.0000,3302.6000,3302.8000,3303.2000,1,1,1,1,3,1,1,3,1,3
SF,IH2010,2020-08-26 09:30:18.300,3289.2000,308,0,5938380.000,0,-,-,-,-,3293.2000,3293.0000,3292.8000,3292.2000,3292.0000,3298.8000,3299.0000,3302.6000,3302.8000,3303.2000,1,1,1,1,3,1,1,3,1,3
SF,IH2010,2020-08-26 09:30:18.800,3289.2000,308,0,5938380.000,0,-,-,-,-,3294.0000,3293.2000,3293.0000,3292.8000,3292.2000,3298.8000,3299.0000,3302.8000,3303.6000,3309.6000,2,1,1,1,1,1,1,1,1,1
SF,IH2010,2020-08-26 09:30:19.300,3289.2000,308,0,5938380.000,0,-,-,-,-,3294.0000,3293.2000,3293.0000,3292.8000,3292.2000,3298.6000,3298.8000,3299.0000,3302.2000,3302.8000,2,1,1,1,1,3,1,1,5,1
SF,IH2010,2020-08-26 09:30:19.800,3289.2000,308,0,5938380.000,0,-,-,-,-,3294.0000,3293.0000,3292.2000,3292.0000,3291.0000,3295.4000,3298.6000,3298.8000,3302.2000,3302.8000,2,1,1,1,1,1,3,1,5,1
SF,IH2010,2020-08-26 09:30:20.300,3295.4000,307,-1,6927000.000,1,0,1,双平,S,3295.4000,3292.2000,3292.0000,3291.0000,3290.6000,3298.8000,3302.2000,3302.8000,3303.6000,3309.6000,1,1,1,1,2,1,5,1,1,1
SF,IH2010,2020-08-26 09:30:20.800,3295.4000,307,0,6927000.000,0,-,-,-,-,3295.4000,3292.2000,3291.0000,3290.6000,3290.2000,3298.6000,3302.2000,3303.6000,3309.6000,3313.0000,1,1,1,2,2,3,5,1,1,2
SF,IH2010,2020-08-26 09:30:21.300,3295.4000,307,0,6927000.000,0,-,-,-,-,3295.4000,3292.2000,3291.0000,3290.6000,3290.2000,3298.6000,3302.2000,3303.6000,3309.6000,3310.8000,1,1,1,2,2,3,5,1,1,1
SF,IH2010,2020-08-26 09:30:21.800,3295.4000,307,0,6927000.000,0,-,-,-,-,3295.4000,3292.2000,3291.0000,3290.6000,3290.2000,3298.6000,3302.2000,3303.6000,3309.6000,3310.8000,1,1,1,2,2,3,5,1,1,1
SF,IH2010,2020-08-26 09:30:22.300,3295.4000,307,0,6927000.000,0,-,-,-,-,3295.4000,3292.2000,3291.0000,3290.6000,3290.2000,3302.2000,3303.6000,3309.6000,3310.8000,3313.0000,1,1,2,2,2,5,1,1,1,2
SF,IH2010,2020-08-26 09:30:22.800,3295.4000,307,0,6927000.000,0,-,-,-,-,3295.6000,3295.4000,3292.2000,3291.0000,3290.6000,3302.0000,3302.2000,3303.6000,3309.6000,3310.8000,1,1,1,2,2,1,5,1,1,1
SF,IH2010,2020-08-26 09:30:23.300,3295.4000,307,0,6927000.000,0,-,-,-,-,3295.6000,3295.4000,3292.2000,3291.0000,3290.6000,3302.0000,3302.2000,3303.6000,3309.6000,3310.8000,1,1,1,2,2,1,5,1,1,1
SF,IH2010,2020-08-26 09:30:23.800,3295.4000,307,0,6927000.000,0,-,-,-,-,3295.6000,3295.4000,3292.2000,3291.0000,3290.6000,3300.0000,3302.0000,3302.2000,3303.6000,3309.6000,1,1,1,2,2,1,1,5,1,1
SF,IH2010,2020-08-26 09:30:24.300,3295.4000,307,0,6927000.000,0,-,-,-,-,3295.6000,3295.4000,3292.2000,3291.0000,3290.6000,3299.8000,3300.0000,3302.0000,3302.2000,3303.6000,1,1,1,2,2,2,1,1,5,1
SF,IH2010,2020-08-26 09:30:24.800,3295.4000,307,0,6927000.000,0,-,-,-,-,3295.4000,3292.2000,3291.0000,3290.6000,3290.2000,3299.8000,3300.0000,3302.0000,3302.2000,3303.6000,1,1,2,2,2,2,1,1,5,1
SF,IH2010,2020-08-26 09:30:25.300,3295.4000,307,0,6927000.000,0,-,-,-,-,3295.4000,3292.2000,3291.0000,3290.6000,3290.2000,3299.4000,3299.8000,3302.0000,3302.2000,3303.6000,1,1,2,2,2,1,2,1,5,1
SF,IH2010,2020-08-26 09:30:25.800,3295.4000,307,0,6927000.000,0,-,-,-,-,3295.4000,3292.2000,3291.0000,3290.6000,3290.2000,3299.2000,3299.4000,3299.8000,3302.0000,3302.2000,1,1,2,2,2,2,1,2,1,5
SF,IH2010,2020-08-26 09:30:26.300,3295.4000,307,0,6927000.000,0,-,-,-,-,3295.4000,3292.2000,3291.0000,3290.6000,3290.2000,3299.2000,3299.4000,3299.8000,3302.0000,3302.2000,1,1,2,2,2,2,1,2,1,5
SF,IH2010,2020-08-26 09:30:26.800,3295.4000,307,0,6927000.000,0,-,-,-,-,3295.4000,3292.2000,3291.0000,3290.6000,3290.2000,3299.2000,3299.4000,3299.8000,3302.0000,3302.2000,1,1,2,2,2,2,1,2,1,5
SF,IH2010,2020-08-26 09:30:27.300,3295.4000,307,0,6927000.000,0,-,-,-,-,3295.4000,3292.2000,3291.0000,3290.6000,3290.2000,3299.2000,3299.8000,3302.0000,3302.2000,3303.6000,1,1,2,2,2,2,2,1,5,1
SF,IH2010,2020-08-26 09:30:27.800,3295.4000,307,0,6927000.000,0,-,-,-,-,3295.4000,3291.0000,3290.6000,3290.2000,3290.0000,3299.2000,3299.8000,3302.0000,3302.2000,3303.6000,1,2,2,2,6,2,2,1,5,1
SF,IH2010,2020-08-26 09:30:29.300,3295.4000,307,0,6927000.000,0,-,-,-,-,3295.4000,3291.0000,3290.6000,3290.2000,3290.0000,3299.2000,3299.8000,3302.0000,3303.6000,3305.0000,1,2,2,2,6,2,2,1,1,2
SF,IH2010,2020-08-26 09:30:29.800,3295.4000,307,0,6927000.000,0,-,-,-,-,3295.4000,3291.0000,3290.6000,3290.2000,3290.0000,3299.8000,3302.0000,3303.6000,3305.0000,3305.4000,1,2,2,2,6,2,1,1,2,1
SF,IH2010,2020-08-26 09:30:30.300,3295.4000,307,0,6927000.000,0,-,-,-,-,3295.4000,3291.0000,3290.6000,3290.2000,3290.0000,3302.0000,3303.6000,3305.0000,3305.4000,3306.0000,1,2,2,2,6,1,1,2,1,5
SF,IH2010,2020-08-26 09:30:30.800,3295.4000,307,0,6927000.000,0,-,-,-,-,3295.6000,3295.4000,3291.0000,3290.6000,3290.2000,3301.8000,3302.0000,3303.6000,3305.0000,3305.4000,1,2,2,2,2,3,1,1,2,1
SF,IH2010,2020-08-26 09:30:31.300,3295.4000,307,0,6927000.000,0,-,-,-,-,3295.6000,3295.4000,3291.0000,3290.6000,3290.2000,3301.8000,3302.0000,3303.6000,3305.0000,3305.4000,2,2,1,2,1,3,1,1,2,1
SF,IH2010,2020-08-26 09:30:32.300,3295.4000,307,0,6927000.000,0,-,-,-,-,3296.4000,3295.8000,3295.6000,3295.4000,3291.0000,3301.8000,3302.0000,3303.6000,3305.0000,3305.2000,2,1,1,2,1,3,1,1,2,1
SF,IH2010,2020-08-26 09:30:32.800,3295.4000,307,0,6927000.000,0,-,-,-,-,3296.6000,3296.4000,3295.8000,3295.4000,3291.0000,3301.6000,3301.8000,3302.0000,3303.6000,3305.0000,1,2,1,2,1,1,3,1,1,2
SF,IH2010,2020-08-26 09:30:33.300,3295.4000,307,0,6927000.000,0,-,-,-,-,3296.6000,3296.4000,3295.8000,3295.4000,3290.6000,3301.4000,3301.6000,3301.8000,3302.0000,3303.6000,1,2,1,2,2,1,1,3,1,1
SF,IH2010,2020-08-26 09:30:33.800,3295.4000,307,0,6927000.000,0,-,-,-,-,3296.6000,3296.4000,3295.8000,3295.4000,3290.6000,3301.4000,3301.6000,3301.8000,3302.0000,3303.6000,1,2,1,2,1,1,1,3,1,1
SF,IH2010,2020-08-26 09:30:34.300,3295.4000,307,0,6927000.000,0,-,-,-,-,3300.0000,3297.0000,3296.6000,3295.8000,3295.4000,3301.4000,3301.6000,3301.8000,3302.0000,3303.6000,1,1,1,1,2,1,1,3,1,1
SF,IH2010,2020-08-26 09:30:34.800,3299.8000,307,0,7916940.000,1,0,1,多换,S,3297.0000,3296.6000,3295.8000,3295.4000,3290.6000,3300.0000,3301.4000,3301.6000,3301.8000,3302.0000,1,1,1,1,1,1,1,1,3,1
SF,IH2010,2020-08-26 09:30:35.300,3299.8000,307,0,7916940.000,0,-,-,-,-,3297.0000,3295.8000,3290.6000,3290.2000,3290.0000,3300.0000,3301.4000,3301.6000,3301.8000,3302.0000,1,1,1,1,5,1,1,1,3,1
SF,IH2010,2020-08-26 09:30:36.800,3299.8000,307,0,7916940.000,0,-,-,-,-,3295.8000,3290.6000,3290.2000,3290.0000,3289.6000,3300.0000,3301.4000,3301.6000,3301.8000,3303.6000,1,1,1,5,5,1,1,1,3,1
SF,IH2010,2020-08-26 09:30:37.300,3299.8000,307,0,7916940.000,0,-,-,-,-,3295.8000,3290.6000,3290.2000,3290.0000,3289.6000,3299.8000,3300.0000,3301.4000,3301.6000,3301.8000,1,1,1,5,6,1,1,1,1,3
SF,IH2010,2020-08-26 09:30:37.800,3299.8000,307,0,7916940.000,0,-,-,-,-,3290.6000,3290.2000,3290.0000,3289.6000,3289.4000,3299.8000,3300.0000,3301.4000,3303.6000,3305.0000,1,1,5,6,1,1,1,1,1,2
SF,IH2010,2020-08-26 09:30:38.300,3299.8000,307,0,7916940.000,0,-,-,-,-,3296.2000,3291.6000,3290.6000,3290.2000,3290.0000,3299.6000,3299.8000,3300.0000,3301.4000,3303.6000,1,1,1,1,5,1,1,1,1,1
SF,IH2010,2020-08-26 09:30:38.800,3299.8000,307,0,7916940.000,0,-,-,-,-,3295.2000,3290.2000,3290.0000,3289.6000,3289.4000,3299.4000,3299.8000,3300.0000,3301.4000,3303.6000,1,1,5,6,1,1,1,1,1,1
SF,IH2010,2020-08-26 09:30:39.300,3299.8000,307,0,7916940.000,0,-,-,-,-,3295.2000,3290.2000,3290.0000,3289.6000,3289.4000,3299.4000,3299.8000,3300.0000,3303.6000,3305.0000,1,1,5,6,1,1,1,1,1,2
SF,IH2010,2020-08-26 09:30:39.800,3299.8000,307,0,7916940.000,0,-,-,-,-,3295.2000,3290.2000,3290.0000,3289.6000,3289.4000,3299.4000,3299.8000,3300.0000,3303.6000,3305.0000,1,1,5,5,1,1,1,1,1,2
SF,IH2010,2020-08-26 09:30:40.300,3299.8000,307,0,7916940.000,0,-,-,-,-,3295.2000,3291.6000,3291.2000,3290.2000,3290.0000,3299.4000,3299.8000,3300.0000,3303.6000,3305.0000,1,1,1,1,5,1,1,1,1,5
SF,IH2010,2020-08-26 09:30:40.800,3299.8000,307,0,7916940.000,0,-,-,-,-,3295.2000,3291.6000,3291.2000,3290.2000,3290.0000,3299.8000,3300.0000,3303.6000,3305.0000,3305.2000,1,1,1,1,5,1,1,1,5,1
SF,IH2010,2020-08-26 09:30:41.300,3299.8000,307,0,7916940.000,0,-,-,-,-,3295.2000,3291.6000,3291.2000,3290.0000,3289.6000,3299.6000,3299.8000,3300.0000,3303.6000,3305.0000,1,1,1,4,5,1,1,1,1,5
SF,IH2010,2020-08-26 09:30:41.800,3295.2000,306,-1,8905500.000,1,0,1,双平,S,3291.6000,3291.2000,3290.0000,3289.6000,3289.4000,3299.8000,3300.0000,3303.6000,3305.0000,3305.2000,1,1,4,5,1,1,1,1,5,1
SF,IH2010,2020-08-26 09:30:42.300,3295.2000,306,0,8905500.000,0,-,-,-,-,3296.6000,3292.0000,3291.8000,3291.6000,3291.2000,3300.0000,3303.6000,3305.0000,3305.2000,3305.4000,1,1,2,1,1,1,1,5,1,1
SF,IH2010,2020-08-26 09:30:42.800,3295.2000,306,0,8905500.000,0,-,-,-,-,3291.8000,3291.6000,3290.0000,3289.6000,3289.4000,3300.0000,3303.6000,3305.0000,3305.2000,3305.4000,2,1,4,5,1,1,1,5,1,1
SF,IH2010,2020-08-26 09:30:43.300,3295.2000,306,0,8905500.000,0,-,-,-,-,3292.6000,3292.0000,3291.8000,3291.6000,3290.0000,3300.0000,3303.6000,3305.0000,3305.2000,3305.4000,1,1,1,1,4,1,1,5,1,1
SF,IH2010,2020-08-26 09:30:43.800,3295.2000,306,0,8905500.000,0,-,-,-,-,3297.6000,3295.2000,3292.8000,3292.6000,3292.0000,3300.0000,3303.6000,3305.0000,3305.2000,3305.4000,1,1,1,1,1,1,1,5,1,1
SF,IH2010,2020-08-26 09:30:44.300,3295.2000,306,0,8905500.000,0,-,-,-,-,3295.2000,3293.4000,3292.8000,3292.0000,3291.6000,3300.0000,3303.6000,3305.0000,3305.2000,3305.4000,2,1,1,1,1,1,1,5,1,1
SF,IH2010,2020-08-26 09:30:44.800,3295.2000,306,0,8905500.000,0,-,-,-,-,3297.8000,3297.6000,3295.4000,3295.2000,3293.4000,3299.6000,3300.0000,3303.6000,3305.0000,3305.2000,1,1,1,1,1,1,1,1,5,1
SF,IH2010,2020-08-26 09:30:45.300,3295.2000,306,0,8905500.000,0,-,-,-,-,3297.6000,3295.2000,3293.4000,3291.6000,3290.0000,3300.0000,3303.6000,3305.0000,3305.2000,3305.4000,1,1,1,1,4,1,1,5,1,1
SF,IH2010,2020-08-26 09:30:45.800,3295.2000,306,0,8905500.000,0,-,-,-,-,3295.2000,3293.4000,3291.6000,3290.0000,3289.6000,3299.8000,3300.0000,3303.6000,3305.0000,3305.2000,1,1,1,4,3,1,1,1,5,1
SF,IH2010,2020-08-26 09:30:46.300,3295.2000,306,0,8905500.000,0,-,-,-,-,3295.4000,3295.2000,3295.0000,3293.4000,3291.6000,3299.8000,3300.0000,3303.6000,3305.0000,3305.2000,1,1,1,1,1,1,1,1,5,1
SF,IH2010,2020-08-26 09:30:46.800,3295.2000,306,0,8905500.000,0,-,-,-,-,3295.6000,3295.4000,3295.2000,3295.0000,3293.4000,3299.8000,3300.0000,3303.6000,3305.0000,3305.2000,1,1,1,1,1,1,1,1,5,1
SF,IH2010,2020-08-26 09:30:47.800,3295.2000,306,0,8905500.000,0,-,-,-,-,3295.6000,3295.4000,3295.2000,3295.0000,3291.6000,3299.8000,3300.0000,3303.6000,3305.0000,3305.2000,1,1,1,1,1,1,1,1,5,1
SF,IH2010,2020-08-26 09:30:48.300,3295.2000,306,0,8905500.000,0,-,-,-,-,3295.6000,3295.2000,3295.0000,3291.6000,3290.8000,3299.8000,3300.0000,3303.6000,3305.0000,3305.2000,1,1,1,1,1,1,1,1,5,1
SF,IH2010,2020-08-26 09:30:48.800,3295.2000,306,0,8905500.000,0,-,-,-,-,3295.6000,3295.2000,3295.0000,3291.6000,3290.8000,3299.6000,3299.8000,3300.0000,3303.6000,3305.0000,1,1,1,1,1,3,1,1,1,5
SF,IH2010,2020-08-26 09:30:49.300,3295.2000,306,0,8905500.000,0,-,-,-,-,3295.0000,3291.6000,3290.8000,3290.0000,3289.6000,3299.6000,3300.0000,3303.6000,3305.0000,3305.2000,1,1,1,4,3,3,1,1,3,1
SF,IH2010,2020-08-26 09:30:49.800,3295.2000,306,0,8905500.000,0,-,-,-,-,3295.0000,3291.6000,3290.8000,3290.0000,3289.6000,3298.0000,3299.6000,3300.0000,3303.6000,3305.0000,1,1,1,4,3,1,3,1,1,3
SF,IH2010,2020-08-26 09:30:50.300,3295.2000,306,0,8905500.000,0,-,-,-,-,3295.2000,3294.4000,3291.6000,3290.8000,3290.0000,3299.6000,3300.0000,3303.6000,3305.0000,3305.2000,1,1,1,1,4,3,1,1,3,1
SF,IH2010,2020-08-26 09:30:50.800,3295.2000,306,0,8905500.000,0,-,-,-,-,3291.6000,3290.8000,3290.0000,3289.6000,3289.4000,3298.0000,3299.6000,3300.0000,3303.6000,3305.0000,1,1,4,3,1,1,3,1,1,3
SF,IH2010,2020-08-26 09:30:51.300,3295.2000,306,0,8905500.000,0,-,-,-,-,3295.8000,3291.6000,3290.8000,3290.0000,3289.6000,3297.8000,3298.0000,3299.6000,3300.0000,3303.6000,1,1,1,4,3,1,1,3,1,1
SF,IH2010,2020-08-26 09:30:51.800,3295.2000,306,0,8905500.000,0,-,-,-,-,3293.0000,3292.8000,3291.6000,3290.8000,3290.0000,3298.0000,3299.6000,3300.0000,3303.6000,3305.0000,1,1,1,1,4,1,3,1,1,3
SF,IH2010,2020-08-26 09:30:52.300,3295.2000,306,0,8905500.000,0,-,-,-,-,3293.2000,3293.0000,3292.8000,3291.6000,3290.8000,3298.0000,3299.6000,3300.0000,3303.6000,3305.0000,1,1,1,1,1,1,3,1,1,3
SF,IH2010,2020-08-26 09:30:52.800,3295.2000,306,0,8905500.000,0,-,-,-,-,3296.8000,3293.2000,3293.0000,3292.8000,3291.6000,3300.0000,3303.6000,3305.0000,3305.2000,3305.4000,1,1,1,1,1,1,1,3,1,1
SF,IH2010,2020-08-26 09:30:53.300,3295.2000,306,0,8905500.000,0,-,-,-,-,3293.2000,3293.0000,3292.8000,3291.6000,3290.8000,3298.4000,3299.8000,3300.0000,3303.6000,3305.0000,1,1,1,1,1,1,2,1,1,3
SF,IH2010,2020-08-26 09:30:53.800,3295.2000,306,0,8905500.000,0,-,-,-,-,3293.2000,3293.0000,3292.8000,3291.6000,3290.8000,3298.4000,3300.0000,3303.6000,3305.0000,3305.2000,1,1,1,1,1,1,1,1,3,1
SF,IH2010,2020-08-26 09:30:54.300,3295.2000,306,0,8905500.000,0,-,-,-,-,3296.4000,3293.8000,3293.2000,3293.0000,3292.8000,3300.0000,3303.6000,3305.0000,3305.2000,3305.4000,1,1,1,1,1,1,1,3,1,1
SF,IH2010,2020-08-26 09:30:54.800,3295.2000,306,0,8905500.000,0,-,-,-,-,3294.2000,3293.8000,3293.2000,3293.0000,3290.8000,3298.6000,3299.8000,3300.0000,3303.6000,3305.0000,1,1,1,1,1,1,1,1,1,3
SF,IH2010,2020-08-26 09:30:55.300,3295.2000,306,0,8905500.000,0,-,-,-,-,3294.2000,3293.8000,3293.4000,3293.2000,3290.8000,3298.6000,3299.8000,3300.0000,3303.6000,3305.0000,1,1,1,1,1,1,1,1,1,3
SF,IH2010,2020-08-26 09:30:55.800,3295.2000,306,0,8905500.000,0,-,-,-,-,3295.6000,3294.2000,3293.8000,3293.4000,3293.2000,3298.6000,3299.8000,3300.0000,3303.6000,3305.0000,1,1,1,1,1,1,1,1,1,3
SF,IH2010,2020-08-26 09:30:56.300,3295.2000,306,0,8905500.000,0,-,-,-,-,3295.6000,3294.2000,3293.8000,3293.4000,3293.2000,3298.6000,3299.8000,3300.0000,3303.6000,3305.0000,1,1,1,1,1,1,1,1,1,3
SF,IH2010,2020-08-26 09:30:56.800,3295.2000,306,0,8905500.000,0,-,-,-,-,3294.2000,3293.8000,3293.2000,3290.8000,3290.0000,3298.4000,3298.6000,3299.8000,3300.0000,3303.6000,1,1,1,1,4,1,1,1,1,1
SF,IH2010,2020-08-26 09:30:57.300,3295.2000,306,0,8905500.000,0,-,-,-,-,3294.2000,3293.8000,3293.2000,3290.8000,3290.0000,3299.8000,3300.0000,3303.6000,3305.0000,3305.2000,1,1,1,1,4,1,1,1,3,1
SF,IH2010,2020-08-26 09:30:57.800,3295.2000,306,0,8905500.000,0,-,-,-,-,3294.4000,3294.2000,3293.8000,3290.8000,3290.0000,3297.6000,3299.6000,3299.8000,3300.0000,3303.6000,1,1,1,1,4,1,1,1,1,1
SF,IH2010,2020-08-26 09:30:58.300,3295.2000,306,0,8905500.000,0,-,-,-,-,3294.2000,3293.8000,3290.8000,3290.0000,3289.6000,3299.6000,3299.8000,3303.6000,3305.0000,3305.2000,1,1,1,4,3,1,1,1,3,1
SF,IH2010,2020-08-26 09:30:58.800,3295.2000,306,0,8905500.000,0,-,-,-,-,3294.6000,3294.4000,3294.2000,3293.8000,3290.0000,3298.0000,3299.6000,3299.8000,3303.6000,3305.0000,1,1,1,1,4,1,1,1,1,3
SF,IH2010,2020-08-26 09:30:59.300,3295.2000,306,0,8905500.000,0,-,-,-,-,3294.6000,3294.2000,3293.8000,3290.0000,3289.6000,3299.6000,3299.8000,3303.6000,3305.0000,3305.2000,1,1,1,4,3,1,1,1,3,1
SF,IH2010,2020-08-26 09:30:59.800,3295.2000,306,0,8905500.000,0,-,-,-,-,3294.8000,3294.6000,3294.2000,3293.8000,3290.0000,3298.4000,3299.6000,3299.8000,3303.6000,3305.0000,1,1,1,1,4,1,1,1,1,3
SF,IH2010,2020-08-26 09:31:00.300,3295.2000,306,0,8905500.000,0,-,-,-,-,3294.6000,3294.2000,3293.8000,3290.0000,3289.6000,3299.8000,3303.6000,3305.0000,3305.2000,3305.4000,1,1,1,4,3,1,1,3,1,1
SF,IH2010,2020-08-26 09:31:00.800,3295.2000,306,0,8905500.000,0,-,-,-,-,3295.4000,3294.8000,3294.2000,3293.8000,3290.0000,3298.6000,3299.6000,3299.8000,3303.6000,3305.0000,1,1,1,1,4,1,1,1,1,3
SF,IH2010,2020-08-26 09:31:01.300,3295.2000,306,0,8905500.000,0,-,-,-,-,3295.4000,3294.2000,3293.8000,3290.0000,3289.6000,3298.6000,3299.6000,3299.8000,3303.6000,3305.0000,1,1,1,4,3,1,1,1,1,3
SF,IH2010,2020-08-26 09:31:01.800,3295.2000,306,0,8905500.000,0,-,-,-,-,3295.4000,3294.2000,3293.8000,3290.0000,3289.6000,3298.4000,3298.6000,3299.6000,3299.8000,3303.6000,1,1,1,4,3,1,1,1,1,1
SF,IH2010,2020-08-26 09:31:02.300,3295.2000,306,0,8905500.000,0,-,-,-,-,3290.0000,3289.6000,3289.4000,3289.2000,3289.0000,3298.4000,3299.6000,3299.8000,3303.6000,3305.0000,4,3,1,1,1,1,1,1,1,3
SF,IH2010,2020-08-26 09:31:02.800,3295.2000,306,0,8905500.000,0,-,-,-,-,3295.2000,3293.6000,3290.2000,3290.0000,3289.6000,3297.2000,3298.2000,3298.4000,3299.6000,3299.8000,1,1,2,4,3,1,1,1,1,1
SF,IH2010,2020-08-26 09:31:03.300,3295.2000,306,0,8905500.000,0,-,-,-,-,3293.6000,3290.2000,3290.0000,3289.6000,3289.4000,3297.0000,3297.2000,3303.6000,3305.0000,3305.2000,1,2,4,3,1,1,1,1,3,1
SF,IH2010,2020-08-26 09:31:03.800,3295.2000,306,0,8905500.000,0,-,-,-,-,3293.8000,3293.6000,3290.2000,3290.0000,3289.6000,3297.0000,3303.6000,3305.0000,3305.2000,3305.4000,1,1,1,4,3,1,1,3,1,1
SF,IH2010,2020-08-26 09:31:04.300,3295.2000,306,0,8905500.000,0,-,-,-,-,3293.8000,3293.6000,3290.2000,3290.0000,3289.6000,3296.6000,3297.0000,3303.6000,3305.0000,3305.2000,1,1,1,4,3,1,1,1,3,1
SF,IH2010,2020-08-26 09:31:04.800,3295.2000,306,0,8905500.000,0,-,-,-,-,3293.6000,3290.2000,3290.0000,3289.6000,3289.4000,3296.4000,3296.6000,3303.6000,3305.0000,3305.2000,1,1,3,3,1,1,1,1,3,1
SF,IH2010,2020-08-26 09:31:05.300,3295.2000,306,0,8905500.000,0,-,-,-,-,3293.8000,3290.6000,3290.0000,3289.6000,3289.4000,3303.6000,3305.0000,3305.2000,3306.0000,3309.6000,1,1,3,3,1,1,3,1,5,1
SF,IH2010,2020-08-26 09:31:05.800,3295.2000,306,0,8905500.000,0,-,-,-,-,3290.6000,3290.0000,3289.6000,3289.4000,3289.0000,3296.8000,3297.8000,3298.0000,3301.2000,3303.4000,1,4,3,1,1,1,1,1,1,5
SF,IH2010,2020-08-26 09:31:06.300,3295.2000,306,0,8905500.000,0,-,-,-,-,3292.4000,3290.8000,3290.6000,3290.0000,3289.6000,3296.6000,3296.8000,3298.0000,3300.4000,3303.4000,1,1,1,4,3,3,1,1,1,1
SF,IH2010,2020-08-26 09:31:06.800,3295.2000,306,0,8905500.000,0,-,-,-,-,3292.6000,3290.6000,3290.0000,3289.6000,3289.4000,3296.4000,3296.6000,3298.0000,3300.4000,3305.0000,1,1,4,3,1,2,2,1,1,3
SF,IH2010,2020-08-26 09:31:07.300,3295.2000,306,0,8905500.000,0,-,-,-,-,3290.6000,3290.0000,3289.4000,3289.0000,3288.6000,3296.2000,3296.4000,3296.6000,3298.0000,3300.4000,1,4,1,1,1,2,2,1,1,1
SF,IH2010,2020-08-26 09:31:07.800,3295.2000,306,0,8905500.000,0,-,-,-,-,3291.4000,3290.8000,3290.6000,3290.0000,3289.4000,3295.4000,3296.0000,3296.2000,3296.4000,3296.6000,1,1,1,4,1,1,1,2,2,1
SF,IH2010,2020-08-26 09:31:08.300,3295.2000,306,0,8905500.000,0,-,-,-,-,3290.8000,3290.6000,3290.0000,3289.4000,3289.0000,3295.2000,3295.4000,3296.0000,3296.2000,3296.4000,1,1,1,1,1,1,1,1,1,2
SF,IH2010,2020-08-26 09:31:08.800,3295.2000,306,0,8905500.000,0,-,-,-,-,3290.8000,3290.6000,3290.0000,3289.0000,3288.6000,3295.0000,3295.2000,3296.0000,3296.2000,3296.6000,1,1,1,1,1,1,1,1,1,1
SF,IH2010,2020-08-26 09:31:09.300,3295.2000,306,0,8905500.000,0,-,-,-,-,3290.6000,3289.0000,3288.6000,3287.4000,3286.8000,3294.8000,3295.0000,3296.0000,3296.2000,3296.6000,1,1,1,3,1,1,1,1,1,1
SF,IH2010,2020-08-26 09:31:09.800,3295.2000,306,0,8905500.000,0,-,-,-,-,3290.8000,3290.6000,3289.0000,3288.6000,3287.4000,3294.6000,3294.8000,3295.0000,3296.0000,3296.2000,1,1,1,1,3,1,1,1,1,1
SF,IH2010,2020-08-26 09:31:10.300,3295.2000,306,0,8905500.000,0,-,-,-,-,3290.8000,3290.6000,3289.0000,3288.6000,3287.4000,3294.4000,3294.6000,3295.0000,3296.0000,3296.2000,1,1,1,1,3,1,1,1,1,1
SF,IH2010,2020-08-26 09:31:10.800,3295.2000,306,0,8905500.000,0,-,-,-,-,3290.8000,3290.6000,3289.0000,3288.6000,3287.4000,3294.2000,3294.4000,3294.6000,3296.0000,3296.2000,1,1,1,1,3,1,1,1,1,1
SF,IH2010,2020-08-26 09:31:11.300,3295.2000,306,0,8905500.000,0,-,-,-,-,3292.4000,3290.8000,3290.6000,3289.0000,3288.6000,3294.0000,3294.2000,3296.0000,3296.2000,3298.0000,1,1,1,1,1,1,1,1,1,1
SF,IH2010,2020-08-26 09:31:11.800,3294.0000,305,-1,9893700.000,1,0,1,双平,S,3290.8000,3290.6000,3289.0000,3288.6000,3287.4000,3296.2000,3298.0000,3300.4000,3305.0000,3306.0000,1,1,1,1,3,1,1,1,3,5
SF,IH2010,2020-08-26 09:31:12.300,3294.0000,305,0,9893700.000,0,-,-,-,-,3291.2000,3290.8000,3290.6000,3289.0000,3288.6000,3296.0000,3298.0000,3300.4000,3305.0000,3306.0000,1,1,1,1,1,5,1,1,3,5
SF,IH2010,2020-08-26 09:31:12.800,3294.0000,305,0,9893700.000,0,-,-,-,-,3293.6000,3291.4000,3291.2000,3290.6000,3289.0000,3296.0000,3298.0000,3300.4000,3305.0000,3306.0000,1,1,1,1,1,1,1,1,3,5
SF,IH2010,2020-08-26 09:31:13.300,3294.0000,305,0,9893700.000,0,-,-,-,-,3293.8000,3291.2000,3290.6000,3289.0000,3288.6000,3298.0000,3300.4000,3305.0000,3306.0000,3309.6000,1,1,1,1,1,1,1,3,5,1
SF,IH2010,2020-08-26 09:31:13.800,3294.0000,305,0,9893700.000,0,-,-,-,-,3291.2000,3290.6000,3289.0000,3288.6000,3287.4000,3297.4000,3297.8000,3298.0000,3300.4000,3305.0000,1,1,1,1,3,1,2,1,1,3
SF,IH2010,2020-08-26 09:31:14.300,3294.0000,305,0,9893700.000,0,-,-,-,-,3291.4000,3291.2000,3290.6000,3289.0000,3288.6000,3297.2000,3297.4000,3297.8000,3298.0000,3300.4000,2,1,1,1,1,3,1,1,1,1
SF,IH2010,2020-08-26 09:31:14.800,3294.0000,305,0,9893700.000,0,-,-,-,-,3291.4000,3289.0000,3288.6000,3287.4000,3285.0000,3296.8000,3297.2000,3297.4000,3297.8000,3298.0000,2,1,1,3,1,2,3,1,1,1
SF,IH2010,2020-08-26 09:31:15.300,3294.0000,305,0,9893700.000,0,-,-,-,-,3291.4000,3289.0000,3288.6000,3287.4000,3285.0000,3296.6000,3296.8000,3297.2000,3297.4000,3297.8000,2,1,1,3,1,2,2,2,1,1
SF,IH2010,2020-08-26 09:31:15.800,3294.0000,305,0,9893700.000,0,-,-,-,-,3291.4000,3289.0000,3288.6000,3287.4000,3285.0000,3296.6000,3297.2000,3297.8000,3298.0000,3300.4000,1,1,1,3,1,2,2,1,1,1
SF,IH2010,2020-08-26 09:31:16.300,3294.0000,305,0,9893700.000,0,-,-,-,-,3291.6000,3289.0000,3288.6000,3287.4000,3285.0000,3295.4000,3296.4000,3296.6000,3297.2000,3297.8000,1,1,1,3,1,3,1,2,2,1
SF,IH2010,2020-08-26 09:31:16.800,3294.0000,305,0,9893700.000,0,-,-,-,-,3291.6000,3289.0000,3288.6000,3287.4000,3285.0000,3295.2000,3295.4000,3296.4000,3296.6000,3297.2000,1,1,1,3,1,3,3,1,1,2
SF,IH2010,2020-08-26 09:31:17.300,3294.0000,305,0,9893700.000,0,-,-,-,-,3289.0000,3288.6000,3287.4000,3285.0000,3283.0000,3295.2000,3296.4000,3296.6000,3298.0000,3298.4000,1,1,3,1,1,3,1,1,1,5
SF,IH2010,2020-08-26 09:31:17.800,3294.0000,305,0,9893700.000,0,-,-,-,-,3290.0000,3289.2000,3289.0000,3288.6000,3287.4000,3294.4000,3295.0000,3295.2000,3296.6000,3298.0000,1,1,1,1,3,1,1,3,1,1
SF,IH2010,2020-08-26 09:31:18.300,3294.0000,305,0,9893700.000,0,-,-,-,-,3290.4000,3290.2000,3290.0000,3289.0000,3288.6000,3294.2000,3294.4000,3295.0000,3295.2000,3298.0000,1,1,1,1,1,1,1,1,2,1
SF,IH2010,2020-08-26 09:31:18.800,3294.0000,305,0,9893700.000,0,-,-,-,-,3290.6000,3290.4000,3289.0000,3288.6000,3285.0000,3293.8000,3294.2000,3294.4000,3295.0000,3295.2000,1,1,1,1,1,1,1,1,1,2
SF,IH2010,2020-08-26 09:31:19.800,3294.0000,305,0,9893700.000,0,-,-,-,-,3291.4000,3290.6000,3289.0000,3288.6000,3285.0000,3293.8000,3294.2000,3294.4000,3295.0000,3295.2000,1,1,1,1,1,1,1,1,1,2
SF,IH2010,2020-08-26 09:31:20.300,3294.0000,305,0,9893700.000,0,-,-,-,-,3291.4000,3290.6000,3289.0000,3288.6000,3285.0000,3293.6000,3293.8000,3294.4000,3295.2000,3298.0000,1,1,1,1,1,1,1,1,2,1
SF,IH2010,2020-08-26 09:31:20.800,3294.0000,305,0,9893700.000,0,-,-,-,-,3293.6000,3292.8000,3291.6000,3291.4000,3289.0000,3293.8000,3294.4000,3298.0000,3300.4000,3302.2000,1,1,1,1,1,1,1,1,1,5
SF,IH2010,2020-08-26 09:31:21.300,3293.6000,304,-1,11869920.000,2,0,2,多平,S,3291.6000,3291.4000,3289.0000,3288.6000,3285.0000,3298.0000,3300.4000,3302.2000,3305.0000,3309.6000,1,1,1,1,1,1,1,5,3,1
SF,IH2010,2020-08-26 09:31:21.800,3293.6000,304,0,11869920.000,0,-,-,-,-,3291.6000,3291.4000,3289.0000,3288.6000,3285.0000,3296.0000,3297.8000,3298.0000,3300.4000,3302.2000,1,1,1,1,1,2,3,1,1,5
SF,IH2010,2020-08-26 09:31:22.300,3293.6000,304,0,11869920.000,0,-,-,-,-,3291.6000,3291.4000,3289.0000,3288.6000,3285.0000,3295.8000,3297.8000,3298.0000,3300.4000,3302.2000,1,1,1,1,1,1,2,1,1,5
SF,IH2010,2020-08-26 09:31:22.800,3293.6000,304,0,11869920.000,0,-,-,-,-,3292.0000,3291.6000,3289.0000,3288.6000,3285.0000,3295.8000,3297.8000,3298.0000,3300.4000,3302.2000,1,1,1,1,1,1,2,1,1,5
SF,IH2010,2020-08-26 09:31:23.300,3293.6000,304,0,11869920.000,0,-,-,-,-,3292.2000,3292.0000,3289.0000,3288.6000,3285.0000,3295.6000,3295.8000,3297.8000,3298.0000,3300.4000,1,1,1,1,1,1,1,2,1,1
SF,IH2010,2020-08-26 09:31:23.800,3293.6000,304,0,11869920.000,0,-,-,-,-,3292.2000,3292.0000,3289.0000,3288.6000,3285.0000,3295.4000,3297.8000,3298.0000,3300.4000,3302.2000,1,1,1,1,1,1,2,1,1,5
SF,IH2010,2020-08-26 09:31:24.300,3293.6000,304,0,11869920.000,0,-,-,-,-,3292.2000,3289.0000,3288.6000,3285.0000,3284.6000,3295.4000,3297.8000,3298.0000,3300.4000,3302.2000,1,1,1,1,3,1,2,1,1,5
SF,IH2010,2020-08-26 09:31:24.800,3293.6000,304,0,11869920.000,0,-,-,-,-,3292.6000,3292.2000,3289.0000,3288.6000,3285.0000,3295.4000,3297.8000,3298.0000,3300.4000,3302.2000,1,1,1,1,1,1,1,1,1,5
SF,IH2010,2020-08-26 09:31:25.300,3293.6000,304,0,11869920.000,0,-,-,-,-,3292.8000,3292.6000,3289.0000,3288.6000,3285.0000,3295.4000,3297.8000,3298.0000,3300.4000,3302.2000,1,1,1,1,1,1,1,1,1,5
SF,IH2010,2020-08-26 09:31:25.800,3293.6000,304,0,11869920.000,0,-,-,-,-,3292.8000,3292.6000,3289.0000,3288.6000,3285.0000,3297.8000,3298.0000,3300.4000,3302.2000,3304.0000,1,1,1,1,1,1,1,1,5,1
SF,IH2010,2020-08-26 09:31:26.300,3293.6000,304,0,11869920.000,0,-,-,-,-,3289.0000,3288.6000,3285.0000,3284.6000,3283.0000,3297.0000,3297.6000,3297.8000,3298.0000,3300.4000,1,1,1,3,1,2,2,1,1,1
SF,IH2010,2020-08-26 09:31:26.800,3293.6000,304,0,11869920.000,0,-,-,-,-,3293.2000,3291.6000,3289.2000,3289.0000,3288.6000,3296.8000,3297.0000,3297.6000,3298.0000,3300.4000,2,2,1,1,1,4,2,1,1,1
SF,IH2010,2020-08-26 09:31:27.300,3293.6000,304,0,11869920.000,0,-,-,-,-,3293.4000,3293.2000,3291.6000,3289.0000,3288.6000,3296.8000,3297.0000,3297.6000,3298.0000,3300.4000,1,1,2,1,1,3,2,1,1,1
SF,IH2010,2020-08-26 09:31:27.800,3293.6000,304,0,11869920.000,0,-,-,-,-,3293.4000,3293.2000,3291.6000,3289.0000,3288.6000,3296.8000,3297.6000,3298.0000,3300.4000,3302.2000,1,1,2,1,1,1,1,1,1,5
SF,IH2010,2020-08-26 09:31:28.800,3293.6000,304,0,11869920.000,0,-,-,-,-,3293.4000,3291.6000,3289.0000,3288.6000,3285.0000,3296.8000,3297.6000,3298.0000,3300.4000,3302.2000,1,2,1,1,1,1,1,1,1,5
SF,IH2010,2020-08-26 09:31:29.300,3293.6000,304,0,11869920.000,0,-,-,-,-,3293.8000,3289.0000,3288.6000,3285.0000,3284.6000,3296.8000,3297.6000,3298.0000,3300.4000,3302.2000,1,1,1,1,3,1,1,1,1,5
SF,IH2010,2020-08-26 09:31:30.300,3293.6000,304,0,11869920.000,0,-,-,-,-,3293.8000,3289.2000,3289.0000,3288.6000,3285.0000,3296.8000,3297.6000,3298.0000,3300.4000,3302.2000,1,1,1,1,1,1,1,1,1,5
SF,IH2010,2020-08-26 09:31:30.800,3293.6000,304,0,11869920.000,0,-,-,-,-,3293.8000,3289.2000,3289.0000,3288.6000,3285.0000,3296.6000,3296.8000,3297.6000,3298.0000,3300.4000,1,1,1,1,1,2,1,1,1,1
SF,IH2010,2020-08-26 09:31:31.300,3293.6000,304,0,11869920.000,0,-,-,-,-,3293.8000,3289.2000,3289.0000,3288.6000,3285.0000,3296.4000,3297.6000,3298.0000,3300.4000,3302.2000,1,1,1,1,1,1,1,1,1,5
SF,IH2010,2020-08-26 09:31:31.800,3293.6000,304,0,11869920.000,0,-,-,-,-,3289.2000,3289.0000,3288.6000,3285.0000,3284.6000,3296.4000,3297.6000,3298.0000,3300.4000,3302.2000,1,1,1,1,3,1,1,1,1,5
SF,IH2010,2020-08-26 09:31:32.300,3293.6000,304,0,11869920.000,0,-,-,-,-,3293.2000,3291.8000,3289.4000,3289.2000,3289.0000,3296.4000,3297.6000,3298.0000,3300.4000,3302.2000,1,2,2,1,1,1,1,1,1,5
SF,IH2010,2020-08-26 09:31:32.800,3293.6000,304,0,11869920.000,0,-,-,-,-,3293.4000,3289.4000,3289.2000,3289.0000,3288.6000,3296.4000,3297.6000,3298.0000,3300.4000,3302.2000,1,1,1,1,1,1,1,1,1,5
SF,IH2010,2020-08-26 09:31:33.300,3293.6000,304,0,11869920.000,0,-,-,-,-,3293.4000,3291.8000,3289.4000,3289.2000,3289.0000,3296.4000,3297.6000,3298.0000,3300.4000,3302.2000,1,1,1,1,1,1,1,1,1,5
SF,IH2010,2020-08-26 09:31:33.800,3293.6000,304,0,11869920.000,0,-,-,-,-,3293.4000,3291.8000,3289.4000,3289.2000,3289.0000,3297.6000,3298.0000,3300.4000,3302.2000,3304.0000,1,1,1,1,1,1,1,1,5,1
SF,IH2010,2020-08-26 09:31:34.300,3293.6000,304,0,11869920.000,0,-,-,-,-,3293.4000,3291.8000,3289.4000,3289.2000,3289.0000,3297.2000,3297.4000,3297.6000,3298.0000,3300.4000,1,1,1,1,1,2,2,1,1,1
SF,IH2010,2020-08-26 09:31:34.800,3293.6000,304,0,11869920.000,0,-,-,-,-,3293.4000,3291.8000,3289.4000,3289.2000,3289.0000,3297.0000,3297.4000,3297.6000,3298.0000,3300.4000,1,1,1,1,1,1,1,1,1,1
SF,IH2010,2020-08-26 09:31:35.800,3293.6000,304,0,11869920.000,0,-,-,-,-,3293.4000,3291.8000,3289.4000,3289.2000,3289.0000,3297.0000,3297.6000,3298.0000,3300.4000,3302.2000,1,1,1,1,1,1,1,1,1,5
SF,IH2010,2020-08-26 09:31:36.300,3293.6000,304,0,11869920.000,0,-,-,-,-,3293.4000,3291.8000,3289.4000,3289.2000,3289.0000,3297.0000,3298.0000,3300.4000,3302.2000,3304.0000,1,1,1,1,1,1,1,1,5,1
SF,IH2010,2020-08-26 09:31:36.800,3293.6000,304,0,11869920.000,0,-,-,-,-,3293.4000,3291.8000,3289.4000,3289.2000,3289.0000,3297.0000,3298.0000,3300.4000,3302.2000,3304.0000,1,1,1,1,1,1,1,1,5,1
SF,IH2010,2020-08-26 09:31:37.300,3293.6000,304,0,11869920.000,0,-,-,-,-,3293.4000,3291.8000,3289.4000,3289.2000,3289.0000,3298.0000,3300.4000,3302.2000,3304.0000,3305.0000,1,1,1,1,1,2,1,5,1,3
SF,IH2010,2020-08-26 09:31:37.800,3293.6000,304,0,11869920.000,0,-,-,-,-,3293.4000,3291.8000,3289.4000,3289.2000,3289.0000,3297.8000,3298.0000,3300.4000,3302.2000,3304.0000,1,1,1,1,1,1,2,1,5,1
SF,IH2010,2020-08-26 09:31:38.300,3293.6000,304,0,11869920.000,0,-,-,-,-,3293.4000,3291.8000,3289.4000,3289.2000,3289.0000,3297.8000,3298.0000,3302.2000,3302.6000,3304.0000,1,1,1,1,1,1,2,5,1,1
SF,IH2010,2020-08-26 09:31:38.800,3293.6000,304,0,11869920.000,0,-,-,-,-,3293.4000,3291.8000,3289.4000,3289.2000,3289.0000,3297.8000,3298.0000,3302.2000,3302.6000,3304.0000,1,1,1,1,1,1,2,5,1,1
SF,IH2010,2020-08-26 09:31:39.800,3293.6000,304,0,11869920.000,0,-,-,-,-,3294.6000,3293.6000,3293.4000,3291.8000,3289.4000,3297.8000,3298.0000,3302.2000,3302.6000,3304.0000,1,2,1,1,1,1,2,5,1,1
SF,IH2010,2020-08-26 09:31:40.300,3293.6000,304,0,11869920.000,0,-,-,-,-,3294.8000,3294.6000,3293.6000,3291.8000,3289.4000,3297.8000,3298.0000,3302.2000,3302.6000,3304.0000,1,1,2,1,1,1,2,5,1,1
SF,IH2010,2020-08-26 09:31:41.300,3293.6000,304,0,11869920.000,0,-,-,-,-,3295.0000,3294.8000,3293.6000,3291.8000,3289.4000,3297.8000,3298.0000,3302.2000,3302.6000,3304.0000,1,1,2,1,1,1,2,5,1,1
SF,IH2010,2020-08-26 09:31:41.800,3293.6000,304,0,11869920.000,0,-,-,-,-,3295.2000,3295.0000,3293.6000,3291.8000,3289.4000,3297.8000,3298.0000,3302.6000,3304.0000,3305.0000,1,1,2,1,1,1,2,1,1,3
SF,IH2010,2020-08-26 09:31:42.300,3293.6000,304,0,11869920.000,0,-,-,-,-,3295.2000,3295.0000,3293.6000,3291.8000,3289.4000,3298.0000,3302.6000,3304.0000,3305.0000,3306.0000,1,1,2,1,1,2,1,1,3,5
SF,IH2010,2020-08-26 09:31:42.800,3293.6000,304,0,11869920.000,0,-,-,-,-,3295.8000,3295.2000,3293.6000,3291.8000,3289.4000,3298.0000,3302.6000,3304.0000,3305.0000,3306.0000,1,1,2,1,1,2,1,1,3,5
SF,IH2010,2020-08-26 09:31:43.300,3293.6000,304,0,11869920.000,0,-,-,-,-,3295.2000,3293.6000,3291.8000,3289.4000,3289.2000,3298.0000,3302.6000,3304.0000,3305.0000,3306.0000,1,2,1,1,1,2,1,1,3,5
SF,IH2010,2020-08-26 09:31:46.300,3295.2000,303,-1,12858480.000,1,0,1,双平,S,3291.8000,3289.4000,3289.2000,3289.0000,3288.6000,3298.0000,3302.6000,3304.0000,3305.0000,3306.0000,1,1,1,1,1,2,1,1,3,5
SF,IH2010,2020-08-26 09:31:46.800,3295.2000,303,0,12858480.000,0,-,-,-,-,3293.2000,3292.0000,3291.8000,3289.2000,3289.0000,3297.4000,3297.8000,3298.0000,3302.6000,3304.0000,2,2,1,1,1,2,2,2,1,1
SF,IH2010,2020-08-26 09:31:47.300,3295.2000,303,0,12858480.000,0,-,-,-,-,3292.0000,3291.8000,3289.2000,3289.0000,3288.6000,3297.2000,3297.4000,3297.8000,3298.0000,3301.2000,2,1,1,1,1,2,2,1,2,1
SF,IH2010,2020-08-26 09:31:47.800,3295.2000,303,0,12858480.000,0,-,-,-,-,3292.0000,3291.8000,3289.2000,3289.0000,3288.6000,3297.0000,3297.2000,3297.8000,3298.0000,3301.2000,1,1,1,1,1,1,2,1,2,1
SF,IH2010,2020-08-26 09:31:48.300,3295.2000,303,0,12858480.000,0,-,-,-,-,3292.0000,3291.8000,3289.0000,3288.6000,3285.0000,3296.6000,3296.8000,3297.0000,3297.2000,3297.8000,1,1,1,1,1,2,2,1,1,1
SF,IH2010,2020-08-26 09:31:48.800,3295.2000,303,0,12858480.000,0,-,-,-,-,3291.8000,3290.4000,3289.0000,3288.6000,3285.0000,3296.4000,3296.6000,3296.8000,3297.0000,3297.2000,1,1,1,1,1,4,2,1,1,1
SF,IH2010,2020-08-26 09:31:49.300,3295.2000,303,0,12858480.000,0,-,-,-,-,3291.8000,3290.4000,3289.0000,3288.6000,3285.0000,3296.4000,3296.8000,3297.0000,3297.2000,3297.8000,1,1,1,1,1,4,1,1,1,1
SF,IH2010,2020-08-26 09:31:49.800,3295.2000,303,0,12858480.000,0,-,-,-,-,3292.0000,3291.8000,3290.4000,3289.0000,3288.6000,3295.8000,3296.4000,3296.8000,3297.0000,3297.2000,1,1,1,1,1,2,4,1,1,1
SF,IH2010,2020-08-26 09:31:50.300,3295.2000,303,0,12858480.000,0,-,-,-,-,3292.0000,3291.8000,3290.4000,3289.0000,3288.6000,3296.4000,3296.8000,3297.0000,3297.2000,3297.8000,1,1,1,1,1,1,1,1,1,1
SF,IH2010,2020-08-26 09:31:50.800,3295.2000,303,0,12858480.000,0,-,-,-,-,3292.0000,3291.8000,3290.4000,3289.0000,3288.6000,3296.4000,3297.8000,3298.0000,3299.6000,3304.0000,1,1,1,1,1,1,1,2,1,1
SF,IH2010,2020-08-26 09:31:51.300,3295.2000,303,0,12858480.000,0,-,-,-,-,3292.0000,3291.8000,3290.4000,3289.0000,3288.6000,3296.4000,3297.8000,3298.0000,3299.6000,3304.0000,1,1,1,1,1,1,1,2,1,1
SF,IH2010,2020-08-26 09:31:52.300,3295.2000,303,0,12858480.000,0,-,-,-,-,3292.6000,3292.0000,3291.8000,3290.4000,3289.0000,3296.4000,3297.8000,3298.0000,3299.6000,3304.0000,2,1,1,1,1,1,1,2,1,1
SF,IH2010,2020-08-26 09:31:52.800,3295.2000,303,0,12858480.000,0,-,-,-,-,3292.0000,3291.8000,3290.4000,3289.0000,3288.6000,3296.4000,3297.8000,3298.0000,3299.6000,3304.0000,1,1,1,1,1,1,1,2,1,1
SF,IH2010,2020-08-26 09:31:53.300,3295.2000,303,0,12858480.000,0,-,-,-,-,3292.0000,3290.4000,3289.0000,3288.6000,3285.0000,3296.4000,3297.8000,3298.0000,3299.6000,3304.0000,1,1,1,1,1,1,1,2,1,1
SF,IH2010,2020-08-26 09:31:54.300,3295.2000,303,0,12858480.000,0,-,-,-,-,3292.2000,3292.0000,3290.4000,3289.0000,3288.6000,3296.4000,3297.8000,3298.0000,3299.6000,3304.0000,1,1,1,1,1,1,1,2,1,1
SF,IH2010,2020-08-26 09:31:54.800,3295.2000,303,0,12858480.000,0,-,-,-,-,3294.2000,3292.4000,3292.2000,3290.4000,3289.0000,3296.4000,3297.8000,3298.0000,3299.6000,3304.0000,1,1,1,1,1,1,1,2,1,1
SF,IH2010,2020-08-26 09:31:55.300,3295.2000,303,0,12858480.000,0,-,-,-,-,3292.4000,3292.2000,3290.4000,3289.0000,3288.6000,3296.4000,3297.8000,3298.0000,3299.6000,3304.0000,1,1,1,1,1,1,1,2,1,1
SF,IH2010,2020-08-26 09:31:55.800,3295.2000,303,0,12858480.000,0,-,-,-,-,3292.4000,3292.2000,3290.4000,3289.0000,3288.6000,3297.8000,3298.0000,3299.6000,3304.0000,3305.0000,1,1,1,1,1,1,2,1,1,3
SF,IH2010,2020-08-26 09:31:56.300,3295.2000,303,0,12858480.000,0,-,-,-,-,3292.8000,3292.6000,3292.4000,3292.2000,3290.4000,3297.4000,3297.6000,3297.8000,3298.0000,3299.6000,2,1,1,1,1,2,2,1,2,1
SF,IH2010,2020-08-26 09:31:56.800,3295.2000,303,0,12858480.000,0,-,-,-,-,3293.0000,3292.6000,3292.2000,3290.4000,3289.0000,3297.2000,3297.6000,3297.8000,3298.0000,3299.6000,1,1,1,1,1,2,1,1,2,1
SF,IH2010,2020-08-26 09:31:57.300,3295.2000,303,0,12858480.000,0,-,-,-,-,3293.0000,3292.6000,3292.2000,3290.4000,3289.0000,3297.2000,3297.6000,3297.8000,3298.0000,3299.6000,1,1,1,1,1,1,1,1,2,1
SF,IH2010,2020-08-26 09:31:57.800,3295.2000,303,0,12858480.000,0,-,-,-,-,3294.0000,3293.0000,3292.6000,3292.2000,3290.4000,3297.2000,3297.6000,3297.8000,3298.0000,3299.6000,1,1,1,1,1,1,1,1,2,1
SF,IH2010,2020-08-26 09:31:58.300,3295.2000,303,0,12858480.000,0,-,-,-,-,3294.0000,3293.0000,3292.6000,3292.2000,3290.4000,3297.2000,3297.6000,3297.8000,3298.0000,3299.6000,1,1,1,1,1,1,1,1,2,1
SF,IH2010,2020-08-26 09:31:58.800,3295.2000,303,0,12858480.000,0,-,-,-,-,3294.0000,3293.0000,3292.6000,3292.2000,3290.4000,3297.2000,3298.0000,3299.6000,3304.0000,3305.0000,1,1,1,1,1,1,2,1,1,3
SF,IH2010,2020-08-26 09:31:59.300,3295.2000,303,0,12858480.000,0,-,-,-,-,3294.0000,3293.0000,3292.2000,3290.4000,3289.0000,3297.2000,3298.0000,3299.6000,3304.0000,3305.0000,1,1,1,1,1,1,2,1,1,3
SF,IH2010,2020-08-26 09:31:59.800,3295.2000,303,0,12858480.000,0,-,-,-,-,3294.0000,3293.0000,3292.2000,3290.4000,3289.0000,3297.2000,3298.0000,3299.6000,3304.0000,3305.0000,1,1,1,1,1,1,2,1,1,3
SF,IH2010,2020-08-26 09:32:00.300,3295.2000,303,0,12858480.000,0,-,-,-,-,3294.2000,3294.0000,3292.2000,3290.4000,3289.0000,3297.2000,3298.0000,3301.6000,3304.0000,3305.0000,1,1,1,1,1,1,2,1,1,3
SF,IH2010,2020-08-26 09:32:00.800,3295.2000,303,0,12858480.000,0,-,-,-,-,3294.2000,3294.0000,3292.2000,3290.4000,3289.0000,3298.0000,3301.6000,3304.0000,3305.0000,3306.0000,1,1,1,1,1,2,1,1,3,5
SF,IH2010,2020-08-26 09:32:01.300,3295.2000,303,0,12858480.000,0,-,-,-,-,3294.6000,3294.2000,3292.2000,3290.4000,3289.0000,3298.0000,3301.6000,3304.0000,3305.0000,3306.0000,2,1,1,1,1,2,1,1,3,5
SF,IH2010,2020-08-26 09:32:01.800,3295.2000,303,0,12858480.000,0,-,-,-,-,3294.8000,3294.6000,3292.2000,3290.4000,3289.0000,3298.0000,3301.6000,3304.0000,3305.0000,3306.0000,2,2,1,1,1,2,1,1,3,5
SF,IH2010,2020-08-26 09:32:02.300,3295.2000,303,0,12858480.000,0,-,-,-,-,3296.4000,3294.8000,3292.2000,3290.4000,3289.0000,3298.0000,3301.6000,3304.0000,3305.0000,3306.0000,1,2,1,1,1,2,1,1,3,5
SF,IH2010,2020-08-26 09:32:02.800,3295.2000,303,0,12858480.000,0,-,-,-,-,3295.4000,3292.2000,3290.4000,3289.0000,3288.6000,3297.8000,3298.0000,3301.6000,3304.0000,3305.0000,1,1,1,1,1,1,2,1,1,3
SF,IH2010,2020-08-26 09:32:03.300,3295.2000,303,0,12858480.000,0,-,-,-,-,3295.4000,3292.2000,3290.4000,3289.0000,3288.6000,3297.8000,3298.0000,3301.6000,3304.0000,3305.0000,1,1,1,1,1,1,2,1,1,3
SF,IH2010,2020-08-26 09:32:04.300,3295.2000,303,0,12858480.000,0,-,-,-,-,3295.4000,3292.2000,3290.4000,3289.0000,3288.6000,3297.8000,3298.0000,3301.6000,3304.0000,3305.0000,1,1,1,1,1,1,2,1,1,3
SF,IH2010,2020-08-26 09:32:05.300,3295.2000,303,0,12858480.000,0,-,-,-,-,3295.4000,3292.2000,3290.4000,3289.0000,3288.6000,3297.8000,3298.0000,3301.6000,3304.0000,3305.0000,1,1,1,1,1,1,2,1,1,3
SF,IH2010,2020-08-26 09:32:06.800,3295.2000,303,0,12858480.000,0,-,-,-,-,3295.4000,3292.2000,3290.4000,3289.0000,3288.6000,3297.8000,3298.0000,3301.6000,3304.0000,3305.0000,1,1,1,1,1,1,2,1,1,3
SF,IH2010,2020-08-26 09:32:08.300,3295.2000,303,0,12858480.000,0,-,-,-,-,3293.0000,3292.2000,3290.4000,3289.0000,3288.6000,3297.8000,3298.0000,3301.6000,3304.0000,3305.0000,1,1,1,1,1,1,2,1,1,3
SF,IH2010,2020-08-26 09:32:08.800,3295.2000,303,0,12858480.000,0,-,-,-,-,3293.2000,3293.0000,3292.2000,3290.4000,3289.0000,3297.6000,3297.8000,3298.0000,3301.6000,3304.0000,3,1,1,1,1,1,1,2,1,1
SF,IH2010,2020-08-26 09:32:09.300,3295.2000,303,0,12858480.000,0,-,-,-,-,3293.2000,3292.2000,3290.4000,3289.0000,3288.6000,3297.4000,3297.6000,3298.0000,3301.6000,3304.0000,3,1,1,1,1,1,1,2,1,1
SF,IH2010,2020-08-26 09:32:09.800,3295.2000,303,0,12858480.000,0,-,-,-,-,3295.2000,3293.8000,3293.6000,3293.2000,3292.2000,3297.4000,3297.6000,3298.0000,3301.6000,3304.0000,1,1,1,1,1,1,1,2,1,1
SF,IH2010,2020-08-26 09:32:10.300,3295.2000,303,0,12858480.000,0,-,-,-,-,3293.8000,3293.6000,3293.2000,3292.2000,3290.4000,3297.4000,3298.0000,3301.6000,3304.0000,3305.0000,1,1,1,1,1,1,2,1,1,3
SF,IH2010,2020-08-26 09:32:10.800,3295.2000,303,0,12858480.000,0,-,-,-,-,3294.0000,3293.8000,3293.6000,3292.2000,3290.4000,3298.0000,3301.6000,3304.0000,3305.0000,3306.0000,1,1,1,1,1,2,1,1,3,5
SF,IH2010,2020-08-26 09:32:11.300,3295.2000,303,0,12858480.000,0,-,-,-,-,3294.2000,3294.0000,3293.8000,3293.6000,3290.4000,3297.8000,3298.0000,3301.6000,3304.0000,3305.0000,2,1,1,1,1,1,2,1,1,3
SF,IH2010,2020-08-26 09:32:11.800,3295.2000,303,0,12858480.000,0,-,-,-,-,3294.6000,3294.4000,3294.2000,3294.0000,3293.6000,3297.8000,3298.0000,3301.6000,3304.0000,3305.0000,1,1,2,1,1,1,2,1,1,3
SF,IH2010,2020-08-26 09:32:12.300,3295.2000,303,0,12858480.000,0,-,-,-,-,3294.8000,3294.6000,3294.2000,3294.0000,3293.6000,3297.8000,3298.0000,3301.6000,3304.0000,3305.0000,1,1,2,1,1,1,2,1,1,3
SF,IH2010,2020-08-26 09:32:12.800,3295.2000,303,0,12858480.000,0,-,-,-,-,3294.6000,3293.6000,3290.4000,3289.0000,3288.6000,3297.8000,3298.0000,3301.6000,3304.0000,3305.0000,1,1,1,1,1,1,2,1,1,3
SF,IH2010,2020-08-26 09:32:13.300,3295.2000,303,0,12858480.000,0,-,-,-,-,3294.6000,3293.6000,3290.4000,3289.0000,3288.6000,3297.8000,3298.0000,3301.6000,3304.0000,3305.0000,1,1,1,1,1,1,2,1,1,3
SF,IH2010,2020-08-26 09:32:14.300,3295.2000,303,0,12858480.000,0,-,-,-,-,3293.6000,3292.0000,3290.4000,3289.0000,3288.6000,3297.8000,3298.0000,3301.6000,3304.0000,3305.0000,1,1,1,1,1,1,2,1,1,3
SF,IH2010,2020-08-26 09:32:14.800,3295.2000,303,0,12858480.000,0,-,-,-,-,3293.8000,3293.6000,3292.0000,3290.4000,3289.0000,3297.8000,3298.0000,3301.6000,3304.0000,3305.0000,1,1,1,1,1,1,1,1,1,3
SF,IH2010,2020-08-26 09:32:15.300,3295.2000,303,0,12858480.000,0,-,-,-,-,3293.8000,3293.6000,3293.4000,3292.0000,3290.4000,3297.8000,3298.0000,3301.6000,3304.0000,3305.0000,1,1,1,1,1,1,1,1,1,3
SF,IH2010,2020-08-26 09:32:16.300,3295.2000,303,0,12858480.000,0,-,-,-,-,3294.2000,3293.8000,3293.6000,3293.4000,3290.4000,3297.8000,3298.0000,3301.6000,3304.0000,3305.0000,1,1,1,1,1,1,1,1,1,3
SF,IH2010,2020-08-26 09:32:16.800,3295.2000,303,0,12858480.000,0,-,-,-,-,3294.4000,3294.2000,3293.4000,3290.4000,3289.0000,3297.8000,3298.0000,3301.6000,3304.0000,3305.0000,1,1,1,1,1,1,1,1,1,3
SF,IH2010,2020-08-26 09:32:17.300,3295.2000,303,0,12858480.000,0,-,-,-,-,3294.4000,3294.2000,3293.4000,3290.4000,3289.0000,3297.8000,3298.0000,3301.6000,3304.0000,3305.0000,1,1,1,1,1,1,1,1,1,3
SF,IH2010,2020-08-26 09:32:19.300,3295.2000,303,0,12858480.000,0,-,-,-,-,3294.8000,3294.4000,3293.4000,3290.4000,3289.0000,3297.8000,3298.0000,3301.6000,3304.0000,3305.0000,1,1,1,1,1,1,1,1,1,3
SF,IH2010,2020-08-26 09:32:25.800,3295.2000,303,0,12858480.000,0,-,-,-,-,3294.8000,3294.4000,3293.4000,3289.0000,3288.6000,3297.8000,3298.0000,3301.6000,3304.0000,3305.0000,1,1,1,1,1,1,1,1,1,3
SF,IH2010,2020-08-26 09:32:28.800,3295.2000,303,0,12858480.000,0,-,-,-,-,3294.8000,3294.4000,3293.4000,3289.0000,3288.6000,3297.8000,3298.0000,3301.6000,3303.6000,3304.0000,1,1,1,1,1,1,1,1,1,1
SF,IH2010,2020-08-26 09:32:29.300,3295.2000,303,0,12858480.000,0,-,-,-,-,3294.8000,3293.4000,3289.0000,3288.6000,3285.2000,3297.8000,3298.0000,3301.6000,3303.6000,3304.0000,1,1,1,1,1,1,1,1,1,1
SF,IH2010,2020-08-26 09:32:34.800,3294.8000,302,-1,13846920.000,1,0,1,双平,S,3289.0000,3288.6000,3285.2000,3285.0000,3284.6000,3297.8000,3298.0000,3301.6000,3303.6000,3304.0000,1,1,1,1,3,1,1,1,1,1
SF,IH2010,2020-08-26 09:32:35.300,3294.8000,302,0,13846920.000,0,-,-,-,-,3293.8000,3292.2000,3289.2000,3289.0000,3288.6000,3297.6000,3297.8000,3298.0000,3301.6000,3303.6000,1,2,3,1,1,3,1,1,1,1
SF,IH2010,2020-08-26 09:32:35.800,3294.8000,302,0,13846920.000,0,-,-,-,-,3292.2000,3289.2000,3289.0000,3288.6000,3285.2000,3297.4000,3297.6000,3298.0000,3301.6000,3303.6000,2,3,1,1,1,1,3,1,1,1
SF,IH2010,2020-08-26 09:32:36.300,3294.8000,302,0,13846920.000,0,-,-,-,-,3292.4000,3292.2000,3289.2000,3289.0000,3288.6000,3297.4000,3297.6000,3298.0000,3301.6000,3303.6000,2,2,1,1,1,1,1,1,1,1
SF,IH2010,2020-08-26 09:32:36.800,3294.8000,302,0,13846920.000,0,-,-,-,-,3292.4000,3289.2000,3289.0000,3288.6000,3285.2000,3297.2000,3297.4000,3297.6000,3298.0000,3301.6000,2,1,1,1,1,3,1,1,1,1
SF,IH2010,2020-08-26 09:32:37.300,3294.8000,302,0,13846920.000,0,-,-,-,-,3292.4000,3289.4000,3289.2000,3289.0000,3288.6000,3297.0000,3297.2000,3297.6000,3298.0000,3301.6000,2,1,1,1,1,1,3,1,1,1
SF,IH2010,2020-08-26 09:32:37.800,3294.8000,302,0,13846920.000,0,-,-,-,-,3292.4000,3289.4000,3289.2000,3289.0000,3288.6000,3297.0000,3297.2000,3297.6000,3298.0000,3301.6000,2,1,1,1,1,1,1,1,1,1
SF,IH2010,2020-08-26 09:32:39.300,3294.8000,302,0,13846920.000,0,-,-,-,-,3292.4000,3289.4000,3289.2000,3289.0000,3288.6000,3296.8000,3297.0000,3297.2000,3297.6000,3298.0000,2,1,1,1,1,3,1,1,1,1
SF,IH2010,2020-08-26 09:32:39.800,3294.8000,302,0,13846920.000,0,-,-,-,-,3292.4000,3289.4000,3289.2000,3289.0000,3288.6000,3296.6000,3296.8000,3297.2000,3297.6000,3298.0000,1,1,1,1,1,1,3,1,1,1
SF,IH2010,2020-08-26 09:32:40.300,3294.8000,302,0,13846920.000,0,-,-,-,-,3289.4000,3289.2000,3289.0000,3288.6000,3285.2000,3296.6000,3296.8000,3297.2000,3297.6000,3298.0000,1,1,1,1,1,1,3,1,1,1
SF,IH2010,2020-08-26 09:32:40.800,3294.8000,302,0,13846920.000,0,-,-,-,-,3293.0000,3291.4000,3289.6000,3289.4000,3289.0000,3296.6000,3296.8000,3297.2000,3297.6000,3298.0000,1,2,2,1,1,1,3,1,1,1
SF,IH2010,2020-08-26 09:32:41.300,3294.8000,302,0,13846920.000,0,-,-,-,-,3289.6000,3289.4000,3289.0000,3288.6000,3285.2000,3296.6000,3297.2000,3297.6000,3298.0000,3301.6000,2,1,1,1,1,1,1,1,1,1
SF,IH2010,2020-08-26 09:32:41.800,3294.8000,302,0,13846920.000,0,-,-,-,-,3291.0000,3289.6000,3289.4000,3289.0000,3288.6000,3296.6000,3297.2000,3297.6000,3298.0000,3301.6000,2,2,1,1,1,1,1,1,1,1
SF,IH2010,2020-08-26 09:32:42.300,3294.8000,302,0,13846920.000,0,-,-,-,-,3291.2000,3289.4000,3289.0000,3288.6000,3285.2000,3296.4000,3296.6000,3297.2000,3297.6000,3298.0000,2,1,1,1,1,2,1,1,1,1
SF,IH2010,2020-08-26 09:32:42.800,3294.8000,302,0,13846920.000,0,-,-,-,-,3291.2000,3289.4000,3289.0000,3288.6000,3285.2000,3296.2000,3297.2000,3297.6000,3298.0000,3301.6000,2,1,1,1,1,1,1,1,1,1
SF,IH2010,2020-08-26 09:32:43.300,3294.8000,302,0,13846920.000,0,-,-,-,-,3293.8000,3291.8000,3291.2000,3289.4000,3289.0000,3296.0000,3296.2000,3297.2000,3297.6000,3298.0000,1,2,1,1,1,1,1,1,1,1
SF,IH2010,2020-08-26 09:32:43.800,3294.8000,302,0,13846920.000,0,-,-,-,-,3291.8000,3291.2000,3289.4000,3289.0000,3288.6000,3295.8000,3297.2000,3297.6000,3298.0000,3301.6000,2,1,1,1,1,1,1,1,1,1
SF,IH2010,2020-08-26 09:32:44.300,3294.8000,302,0,13846920.000,0,-,-,-,-,3293.8000,3292.0000,3291.8000,3289.4000,3289.0000,3295.8000,3297.2000,3297.6000,3298.0000,3301.6000,1,1,2,1,1,1,1,1,1,1
SF,IH2010,2020-08-26 09:32:44.800,3294.8000,302,0,13846920.000,0,-,-,-,-,3292.0000,3289.4000,3289.0000,3288.6000,3285.2000,3295.8000,3297.2000,3297.6000,3298.0000,3301.6000,1,1,1,1,1,1,1,1,1,1
SF,IH2010,2020-08-26 09:32:45.800,3294.8000,302,0,13846920.000,0,-,-,-,-,3292.0000,3289.0000,3288.6000,3285.2000,3285.0000,3295.8000,3297.2000,3297.6000,3298.0000,3301.6000,1,1,1,1,1,1,1,1,1,1
SF,IH2010,2020-08-26 09:32:46.300,3294.8000,302,0,13846920.000,0,-,-,-,-,3294.0000,3292.2000,3292.0000,3289.0000,3288.6000,3295.8000,3297.2000,3297.6000,3298.0000,3301.6000,1,2,1,1,1,1,1,1,1,1
SF,IH2010,2020-08-26 09:32:46.800,3294.8000,302,0,13846920.000,0,-,-,-,-,3289.0000,3288.6000,3285.2000,3285.0000,3284.6000,3295.8000,3297.2000,3297.6000,3298.0000,3301.6000,1,1,1,1,3,1,1,1,1,1
SF,IH2010,2020-08-26 09:32:47.300,3294.8000,302,0,13846920.000,0,-,-,-,-,3291.0000,3289.2000,3289.0000,3288.6000,3285.2000,3295.8000,3297.2000,3297.6000,3298.0000,3301.6000,2,2,1,1,1,1,1,1,1,1
SF,IH2010,2020-08-26 09:32:47.800,3294.8000,302,0,13846920.000,0,-,-,-,-,3291.2000,3291.0000,3289.0000,3288.6000,3285.2000,3295.8000,3297.2000,3297.6000,3298.0000,3301.6000,2,2,1,1,1,1,1,1,1,1
SF,IH2010,2020-08-26 09:32:48.300,3294.8000,302,0,13846920.000,0,-,-,-,-,3291.2000,3289.0000,3288.6000,3285.2000,3285.0000,3295.8000,3297.2000,3297.6000,3298.0000,3301.6000,2,1,1,1,1,1,1,1,1,1
SF,IH2010,2020-08-26 09:32:48.800,3294.8000,302,0,13846920.000,0,-,-,-,-,3293.4000,3291.8000,3291.2000,3289.0000,3288.6000,3295.8000,3297.2000,3297.6000,3298.0000,3301.6000,1,2,2,1,1,1,1,1,1,1
SF,IH2010,2020-08-26 09:32:49.300,3294.8000,302,0,13846920.000,0,-,-,-,-,3291.2000,3289.0000,3288.6000,3285.2000,3285.0000,3295.8000,3297.2000,3297.6000,3298.0000,3301.6000,2,1,1,1,1,1,1,1,1,1
SF,IH2010,2020-08-26 09:32:49.800,3294.8000,302,0,13846920.000,0,-,-,-,-,3291.4000,3291.2000,3289.0000,3288.6000,3285.2000,3295.8000,3297.2000,3297.6000,3298.0000,3301.6000,2,1,1,1,1,1,1,1,1,1
SF,IH2010,2020-08-26 09:32:50.300,3294.8000,302,0,13846920.000,0,-,-,-,-,3291.6000,3291.4000,3291.2000,3289.0000,3288.6000,3295.8000,3297.2000,3297.6000,3298.0000,3301.6000,1,2,1,1,1,1,1,1,1,1
SF,IH2010,2020-08-26 09:32:50.800,3294.8000,302,0,13846920.000,0,-,-,-,-,3291.6000,3291.4000,3291.2000,3289.0000,3288.6000,3295.8000,3297.2000,3297.6000,3298.0000,3301.6000,1,2,1,1,1,1,1,1,1,1
SF,IH2010,2020-08-26 09:32:51.800,3295.8000,302,0,14835660.000,1,0,1,多换,S,3291.6000,3291.4000,3291.2000,3289.0000,3288.6000,3297.2000,3297.6000,3298.0000,3301.6000,3303.6000,1,2,1,1,1,1,1,1,1,1
SF,IH2010,2020-08-26 09:32:52.300,3295.8000,302,0,14835660.000,0,-,-,-,-,3291.6000,3291.4000,3291.2000,3289.0000,3288.6000,3296.8000,3297.0000,3297.2000,3297.6000,3298.0000,1,2,1,1,1,2,3,1,1,1
SF,IH2010,2020-08-26 09:32:52.800,3295.8000,302,0,14835660.000,0,-,-,-,-,3291.6000,3291.4000,3291.2000,3289.0000,3288.6000,3296.6000,3296.8000,3297.0000,3297.2000,3297.6000,1,2,1,1,1,3,2,1,1,1
SF,IH2010,2020-08-26 09:32:53.300,3295.8000,302,0,14835660.000,0,-,-,-,-,3291.6000,3291.2000,3289.0000,3288.6000,3285.2000,3296.6000,3297.0000,3297.2000,3297.6000,3298.0000,1,1,1,1,1,3,1,1,1,1
SF,IH2010,2020-08-26 09:32:53.800,3295.8000,302,0,14835660.000,0,-,-,-,-,3291.8000,3291.6000,3291.2000,3289.0000,3288.6000,3296.2000,3296.6000,3297.0000,3297.2000,3297.6000,2,1,1,1,1,2,3,1,1,1
SF,IH2010,2020-08-26 09:32:54.300,3295.8000,302,0,14835660.000,0,-,-,-,-,3292.0000,3291.2000,3289.0000,3288.6000,3285.2000,3296.0000,3296.2000,3296.6000,3297.0000,3297.2000,1,1,1,1,1,1,2,2,1,1
SF,IH2010,2020-08-26 09:32:54.800,3295.8000,302,0,14835660.000,0,-,-,-,-,3291.2000,3289.0000,3288.6000,3285.2000,3285.0000,3295.8000,3296.0000,3296.2000,3296.6000,3297.0000,1,1,1,1,1,1,1,2,2,1
SF,IH2010,2020-08-26 09:32:55.300,3295.8000,302,0,14835660.000,0,-,-,-,-,3291.2000,3289.0000,3288.6000,3285.2000,3285.0000,3295.6000,3295.8000,3296.2000,3296.6000,3297.0000,1,1,1,1,1,1,1,2,2,1
SF,IH2010,2020-08-26 09:32:55.800,3295.8000,302,0,14835660.000,0,-,-,-,-,3291.2000,3289.0000,3288.6000,3285.2000,3285.0000,3295.4000,3295.6000,3295.8000,3296.2000,3296.6000,1,1,1,1,1,1,1,1,2,2
SF,IH2010,2020-08-26 09:32:56.300,3295.8000,302,0,14835660.000,0,-,-,-,-,3291.2000,3289.0000,3288.6000,3285.2000,3285.0000,3295.2000,3295.4000,3295.8000,3296.2000,3296.6000,1,1,1,1,1,1,1,1,2,2
SF,IH2010,2020-08-26 09:32:56.800,3295.8000,302,0,14835660.000,0,-,-,-,-,3291.2000,3289.0000,3288.6000,3285.2000,3285.0000,3295.0000,3295.2000,3295.4000,3295.8000,3296.2000,1,1,1,1,1,1,1,1,1,2
SF,IH2010,2020-08-26 09:32:57.300,3295.8000,302,0,14835660.000,0,-,-,-,-,3291.2000,3289.0000,3288.6000,3285.2000,3285.0000,3294.8000,3295.0000,3295.4000,3295.8000,3296.2000,1,1,1,1,1,1,1,1,1,2
SF,IH2010,2020-08-26 09:32:57.800,3295.8000,302,0,14835660.000,0,-,-,-,-,3291.4000,3291.2000,3289.0000,3288.6000,3285.2000,3294.8000,3295.0000,3295.4000,3295.8000,3296.2000,1,1,1,1,1,1,1,1,1,2
SF,IH2010,2020-08-26 09:32:58.300,3295.8000,302,0,14835660.000,0,-,-,-,-,3291.4000,3291.2000,3289.0000,3288.6000,3285.2000,3294.8000,3295.0000,3295.4000,3295.8000,3296.2000,1,1,1,1,1,1,1,1,1,2
SF,IH2010,2020-08-26 09:32:58.800,3295.8000,302,0,14835660.000,0,-,-,-,-,3291.4000,3291.2000,3289.0000,3288.6000,3285.2000,3294.8000,3295.0000,3295.4000,3295.8000,3296.2000,1,1,1,1,1,1,1,1,1,2
SF,IH2010,2020-08-26 09:32:59.300,3295.8000,302,0,14835660.000,0,-,-,-,-,3291.4000,3291.2000,3289.0000,3288.6000,3285.2000,3294.8000,3295.4000,3295.8000,3296.2000,3296.6000,1,1,1,1,1,1,1,1,2,2
SF,IH2010,2020-08-26 09:32:59.800,3295.8000,302,0,14835660.000,0,-,-,-,-,3291.4000,3291.2000,3289.0000,3288.6000,3285.2000,3294.8000,3295.8000,3296.2000,3296.6000,3298.0000,1,1,1,1,1,1,1,2,2,1
SF,IH2010,2020-08-26 09:33:00.300,3295.8000,302,0,14835660.000,0,-,-,-,-,3291.4000,3291.2000,3289.0000,3288.6000,3285.2000,3294.8000,3295.8000,3296.2000,3296.6000,3298.0000,1,1,1,1,1,1,1,2,1,1
SF,IH2010,2020-08-26 09:33:00.800,3295.8000,302,0,14835660.000,0,-,-,-,-,3291.4000,3291.2000,3289.0000,3288.6000,3285.2000,3294.8000,3295.8000,3296.2000,3296.6000,3298.0000,1,1,1,1,1,1,1,2,1,1
SF,IH2010,2020-08-26 09:33:01.300,3295.8000,302,0,14835660.000,0,-,-,-,-,3291.4000,3291.2000,3289.0000,3288.6000,3285.2000,3294.6000,3294.8000,3295.8000,3296.2000,3296.6000,1,1,1,1,1,2,1,1,2,1
SF,IH2010,2020-08-26 09:33:01.800,3295.8000,302,0,14835660.000,0,-,-,-,-,3291.2000,3289.0000,3288.6000,3285.2000,3285.0000,3294.4000,3294.6000,3295.8000,3296.2000,3298.0000,1,1,1,1,1,1,2,1,2,1
SF,IH2010,2020-08-26 09:33:02.300,3295.8000,302,0,14835660.000,0,-,-,-,-,3291.2000,3289.0000,3288.6000,3285.2000,3285.0000,3294.4000,3294.6000,3295.8000,3296.2000,3298.0000,1,1,1,1,1,1,2,1,2,1
SF,IH2010,2020-08-26 09:33:02.800,3295.8000,302,0,14835660.000,0,-,-,-,-,3291.2000,3289.0000,3288.6000,3285.2000,3285.0000,3294.2000,3294.4000,3294.6000,3295.8000,3296.2000,1,1,1,1,1,2,1,2,1,2
SF,IH2010,2020-08-26 09:33:03.300,3295.8000,302,0,14835660.000,0,-,-,-,-,3291.2000,3289.0000,3288.6000,3285.2000,3285.0000,3294.0000,3294.2000,3294.6000,3295.8000,3296.2000,1,1,1,1,1,1,2,2,1,2
SF,IH2010,2020-08-26 09:33:03.800,3295.8000,302,0,14835660.000,0,-,-,-,-,3291.2000,3289.0000,3288.6000,3285.2000,3285.0000,3293.8000,3294.0000,3294.2000,3294.6000,3295.0000,1,1,1,1,1,1,1,2,2,1
SF,IH2010,2020-08-26 09:33:04.300,3295.8000,302,0,14835660.000,0,-,-,-,-,3291.2000,3289.0000,3288.6000,3285.2000,3285.0000,3293.4000,3293.6000,3293.8000,3294.2000,3294.6000,1,1,1,1,1,2,1,1,2,2
SF,IH2010,2020-08-26 09:33:04.800,3291.2000,302,0,15823020.000,1,0,1,多换,S,3289.0000,3288.6000,3285.2000,3285.0000,3284.6000,3293.2000,3293.4000,3293.8000,3294.2000,3294.6000,1,1,1,1,3,2,2,1,2,2
SF,IH2010,2020-08-26 09:33:05.300,3291.2000,302,0,15823020.000,0,-,-,-,-,3289.0000,3288.6000,3285.2000,3285.0000,3284.6000,3293.2000,3293.8000,3294.2000,3294.6000,3295.0000,1,1,1,1,3,2,1,2,2,1
SF,IH2010,2020-08-26 09:33:05.800,3291.2000,302,0,15823020.000,0,-,-,-,-,3289.2000,3289.0000,3288.6000,3285.2000,3285.0000,3292.8000,3293.2000,3293.8000,3294.2000,3294.6000,1,1,1,1,1,2,2,1,2,2
SF,IH2010,2020-08-26 09:33:06.300,3291.2000,302,0,15823020.000,0,-,-,-,-,3289.0000,3288.6000,3285.2000,3285.0000,3284.6000,3292.6000,3293.2000,3293.8000,3294.2000,3294.6000,1,1,1,1,3,2,1,1,2,2
SF,IH2010,2020-08-26 09:33:06.800,3291.2000,302,0,15823020.000,0,-,-,-,-,3289.0000,3288.6000,3285.2000,3285.0000,3284.6000,3292.6000,3293.2000,3293.8000,3294.2000,3295.0000,1,1,1,1,3,2,1,1,2,1
SF,IH2010,2020-08-26 09:33:07.300,3291.2000,302,0,15823020.000,0,-,-,-,-,3289.0000,3288.6000,3285.2000,3285.0000,3284.6000,3292.4000,3292.6000,3293.2000,3293.8000,3294.2000,1,1,1,1,3,2,2,1,1,2
SF,IH2010,2020-08-26 09:33:07.800,3291.2000,302,0,15823020.000,0,-,-,-,-,3289.0000,3288.6000,3285.2000,3285.0000,3284.6000,3292.2000,3292.4000,3292.6000,3293.2000,3293.8000,1,1,1,1,3,3,2,1,1,1
SF,IH2010,2020-08-26 09:33:08.300,3291.2000,302,0,15823020.000,0,-,-,-,-,3289.0000,3288.6000,3285.2000,3285.0000,3284.6000,3291.6000,3292.2000,3292.6000,3293.2000,3293.8000,1,1,1,1,3,2,3,1,1,1
SF,IH2010,2020-08-26 09:33:08.800,3291.2000,302,0,15823020.000,0,-,-,-,-,3289.0000,3288.6000,3285.2000,3285.0000,3284.6000,3291.4000,3291.6000,3292.2000,3292.6000,3293.2000,1,1,1,1,3,2,2,2,1,1
SF,IH2010,2020-08-26 09:33:09.300,3289.0000,301,-1,16809720.000,1,0,1,双平,S,3288.6000,3285.2000,3285.0000,3284.6000,3283.0000,3291.4000,3292.2000,3292.6000,3293.2000,3295.0000,1,1,1,3,1,2,2,1,1,2
SF,IH2010,2020-08-26 09:33:09.800,3289.0000,301,0,16809720.000,0,-,-,-,-,3288.6000,3285.2000,3285.0000,3284.6000,3283.0000,3290.6000,3291.4000,3292.2000,3292.6000,3293.2000,1,1,1,3,1,2,2,2,1,1
SF,IH2010,2020-08-26 09:33:10.300,3289.0000,301,0,16809720.000,0,-,-,-,-,3288.6000,3285.2000,3285.0000,3283.0000,3282.6000,3290.4000,3291.4000,3292.2000,3295.0000,3298.0000,1,1,1,1,3,2,1,2,2,1
SF,IH2010,2020-08-26 09:33:10.800,3289.0000,301,0,16809720.000,0,-,-,-,-,3288.6000,3285.2000,3285.0000,3283.0000,3282.6000,3291.4000,3292.2000,3295.0000,3298.0000,3298.4000,1,1,1,1,3,1,2,2,1,5
SF,IH2010,2020-08-26 09:33:11.300,3289.0000,301,0,16809720.000,0,-,-,-,-,3288.8000,3288.6000,3285.2000,3285.0000,3283.0000,3292.2000,3295.0000,3298.0000,3298.4000,3299.8000,1,1,1,1,1,2,2,1,5,2
SF,IH2010,2020-08-26 09:33:11.800,3288.8000,301,0,17796360.000,1,0,1,多换,S,3288.6000,3285.2000,3285.0000,3283.0000,3282.6000,3295.0000,3298.0000,3298.4000,3299.8000,3303.6000,1,1,1,1,3,2,1,5,2,1
SF,IH2010,2020-08-26 09:33:12.300,3288.8000,301,0,17796360.000,0,-,-,-,-,3288.8000,3288.6000,3285.2000,3285.0000,3283.0000,3293.4000,3294.8000,3295.0000,3298.0000,3298.4000,1,1,1,1,1,2,3,2,1,5
SF,IH2010,2020-08-26 09:33:12.800,3288.8000,301,0,17796360.000,0,-,-,-,-,3288.8000,3288.6000,3285.2000,3285.0000,3283.0000,3293.2000,3294.8000,3295.0000,3298.0000,3298.4000,1,1,1,1,1,2,2,2,1,5
SF,IH2010,2020-08-26 09:33:13.300,3288.8000,301,0,17796360.000,0,-,-,-,-,3288.8000,3288.6000,3285.2000,3285.0000,3283.0000,3293.2000,3294.8000,3295.0000,3298.0000,3298.4000,1,1,1,1,1,1,2,2,1,5
SF,IH2010,2020-08-26 09:33:14.300,3288.8000,301,0,17796360.000,0,-,-,-,-,3289.0000,3288.8000,3288.6000,3285.2000,3285.0000,3293.2000,3294.8000,3295.0000,3298.0000,3298.4000,1,1,1,1,1,1,2,2,1,5
SF,IH2010,2020-08-26 09:33:14.800,3288.8000,301,0,17796360.000,0,-,-,-,-,3289.2000,3289.0000,3288.6000,3285.2000,3285.0000,3293.0000,3293.2000,3294.8000,3295.0000,3298.0000,1,1,1,1,1,1,1,1,2,1
SF,IH2010,2020-08-26 09:33:15.300,3288.8000,301,0,17796360.000,0,-,-,-,-,3289.2000,3288.6000,3285.2000,3285.0000,3283.0000,3292.8000,3294.8000,3295.0000,3298.0000,3298.4000,1,1,1,1,1,1,1,2,1,5
SF,IH2010,2020-08-26 09:33:16.800,3289.0000,301,0,18783060.000,1,0,1,多换,S,3288.6000,3285.2000,3285.0000,3283.0000,3282.6000,3292.8000,3295.0000,3297.2000,3298.0000,3298.4000,1,1,1,1,3,1,1,1,1,5
SF,IH2010,2020-08-26 09:33:17.300,3289.0000,301,0,18783060.000,0,-,-,-,-,3289.0000,3288.8000,3288.6000,3285.2000,3285.0000,3292.8000,3295.0000,3297.2000,3298.0000,3298.4000,2,1,1,1,1,1,1,1,1,5
SF,IH2010,2020-08-26 09:33:17.800,3289.0000,301,0,18783060.000,0,-,-,-,-,3291.2000,3289.2000,3289.0000,3288.6000,3285.2000,3292.8000,3295.0000,3297.2000,3298.0000,3298.4000,1,2,2,1,1,1,1,1,1,5
SF,IH2010,2020-08-26 09:33:18.300,3289.0000,301,0,18783060.000,0,-,-,-,-,3289.2000,3288.6000,3285.2000,3285.0000,3283.0000,3292.8000,3295.0000,3297.2000,3298.0000,3298.4000,1,1,1,1,1,1,1,1,1,5
SF,IH2010,2020-08-26 09:33:20.300,3289.0000,301,0,18783060.000,0,-,-,-,-,3288.6000,3285.2000,3285.0000,3283.0000,3282.6000,3292.8000,3295.0000,3297.2000,3298.0000,3298.4000,1,1,1,1,3,1,1,1,1,5
SF,IH2010,2020-08-26 09:33:20.800,3289.0000,301,0,18783060.000,0,-,-,-,-,3288.8000,3288.6000,3285.2000,3285.0000,3283.0000,3292.8000,3295.0000,3297.2000,3298.0000,3298.4000,1,1,1,1,1,1,1,1,1,5
SF,IH2010,2020-08-26 09:33:21.300,3289.0000,301,0,18783060.000,0,-,-,-,-,3291.2000,3290.0000,3289.0000,3288.8000,3288.6000,3295.0000,3297.2000,3298.0000,3298.4000,3299.6000,1,2,1,1,1,1,1,1,5,3
SF,IH2010,2020-08-26 09:33:21.800,3289.0000,301,0,18783060.000,0,-,-,-,-,3290.0000,3289.0000,3288.8000,3288.6000,3285.2000,3294.8000,3295.0000,3297.2000,3298.0000,3299.6000,2,1,1,1,1,1,1,1,1,3
SF,IH2010,2020-08-26 09:33:22.300,3289.0000,301,0,18783060.000,0,-,-,-,-,3290.2000,3290.0000,3289.0000,3288.6000,3285.2000,3295.0000,3297.2000,3298.0000,3299.6000,3299.8000,2,2,1,1,1,1,1,1,3,2
SF,IH2010,2020-08-26 09:33:22.800,3289.0000,301,0,18783060.000,0,-,-,-,-,3293.8000,3290.2000,3289.0000,3288.6000,3285.2000,3295.0000,3298.0000,3299.6000,3299.8000,3300.8000,1,2,1,1,1,1,1,3,2,1
SF,IH2010,2020-08-26 09:33:23.300,3289.0000,301,0,18783060.000,0,-,-,-,-,3290.2000,3289.0000,3288.6000,3285.2000,3285.0000,3298.0000,3299.6000,3299.8000,3300.8000,3302.2000,2,1,1,1,1,1,3,2,1,5
SF,IH2010,2020-08-26 09:33:23.800,3289.0000,301,0,18783060.000,0,-,-,-,-,3292.6000,3290.4000,3290.2000,3288.6000,3285.2000,3297.4000,3297.8000,3298.0000,3299.6000,3299.8000,2,1,2,1,1,2,3,1,3,2
SF,IH2010,2020-08-26 09:33:24.300,3289.0000,301,0,18783060.000,0,-,-,-,-,3292.8000,3290.4000,3290.2000,3288.6000,3285.2000,3297.2000,3297.8000,3298.0000,3299.6000,3299.8000,1,1,1,1,1,1,2,1,3,2
SF,IH2010,2020-08-26 09:33:24.800,3289.0000,301,0,18783060.000,0,-,-,-,-,3292.8000,3290.4000,3290.2000,3288.6000,3285.2000,3297.0000,3297.2000,3297.8000,3298.0000,3299.6000,1,1,1,1,1,3,1,2,1,3
SF,IH2010,2020-08-26 09:33:25.300,3289.0000,301,0,18783060.000,0,-,-,-,-,3290.4000,3290.2000,3288.6000,3285.2000,3285.0000,3296.8000,3297.8000,3298.0000,3299.6000,3300.8000,1,1,1,1,1,1,2,1,3,1
SF,IH2010,2020-08-26 09:33:25.800,3289.0000,301,0,18783060.000,0,-,-,-,-,3294.4000,3292.4000,3290.6000,3290.4000,3288.6000,3296.8000,3297.8000,3298.0000,3299.6000,3300.8000,1,2,2,1,1,1,2,1,3,1
SF,IH2010,2020-08-26 09:33:26.300,3294.4000,300,-1,19771380.000,1,0,1,双平,S,3291.2000,3290.6000,3288.6000,3285.2000,3285.0000,3296.6000,3297.8000,3298.0000,3299.6000,3300.8000,1,1,1,1,1,1,2,1,3,1
SF,IH2010,2020-08-26 09:33:26.800,3294.4000,300,0,19771380.000,0,-,-,-,-,3292.0000,3291.4000,3291.2000,3288.6000,3285.2000,3296.4000,3296.6000,3297.8000,3298.0000,3299.6000,2,1,1,1,1,2,1,2,1,3
SF,IH2010,2020-08-26 09:33:27.300,3294.4000,300,0,19771380.000,0,-,-,-,-,3291.2000,3288.6000,3285.2000,3285.0000,3283.0000,3296.2000,3296.4000,3296.6000,3297.8000,3298.0000,1,1,1,1,1,3,2,1,2,1
SF,IH2010,2020-08-26 09:33:27.800,3294.4000,300,0,19771380.000,0,-,-,-,-,3291.8000,3291.4000,3291.2000,3288.6000,3285.2000,3296.0000,3296.6000,3297.8000,3298.0000,3299.6000,2,1,1,1,1,2,1,2,1,3
SF,IH2010,2020-08-26 09:33:28.300,3294.4000,300,0,19771380.000,0,-,-,-,-,3291.2000,3288.6000,3285.2000,3285.0000,3283.0000,3296.0000,3296.6000,3297.8000,3298.0000,3299.6000,1,1,1,1,1,1,1,2,1,3
SF,IH2010,2020-08-26 09:33:28.800,3294.4000,300,0,19771380.000,0,-,-,-,-,3291.4000,3291.2000,3288.6000,3285.2000,3285.0000,3295.8000,3296.0000,3296.6000,3297.8000,3298.0000,3,1,1,1,1,1,1,1,2,1
SF,IH2010,2020-08-26 09:33:29.300,3294.4000,300,0,19771380.000,0,-,-,-,-,3291.4000,3291.2000,3288.6000,3285.2000,3285.0000,3295.6000,3295.8000,3297.8000,3298.0000,3300.8000,3,1,1,1,1,1,1,2,1,1
SF,IH2010,2020-08-26 09:33:29.800,3294.4000,300,0,19771380.000,0,-,-,-,-,3291.4000,3291.2000,3288.6000,3285.2000,3285.0000,3295.6000,3295.8000,3297.8000,3298.0000,3300.8000,3,1,1,1,1,1,1,2,1,1
SF,IH2010,2020-08-26 09:33:30.300,3294.4000,300,0,19771380.000,0,-,-,-,-,3291.4000,3291.2000,3288.6000,3285.2000,3285.0000,3295.6000,3295.8000,3297.8000,3298.0000,3300.8000,3,1,1,1,1,1,1,2,1,1
SF,IH2010,2020-08-26 09:33:30.800,3294.4000,300,0,19771380.000,0,-,-,-,-,3291.4000,3291.2000,3288.6000,3285.2000,3285.0000,3295.6000,3295.8000,3298.0000,3300.8000,3302.2000,2,1,1,1,1,1,1,1,1,5
SF,IH2010,2020-08-26 09:33:31.300,3294.4000,300,0,19771380.000,0,-,-,-,-,3291.2000,3288.6000,3285.2000,3285.0000,3283.0000,3295.4000,3295.6000,3295.8000,3298.0000,3300.8000,1,1,1,1,1,2,1,1,1,1
SF,IH2010,2020-08-26 09:33:31.800,3294.4000,300,0,19771380.000,0,-,-,-,-,3288.6000,3285.2000,3285.0000,3283.0000,3282.6000,3295.2000,3295.4000,3295.8000,3298.0000,3300.8000,1,1,1,1,3,3,2,1,1,1
SF,IH2010,2020-08-26 09:33:32.300,3294.4000,300,0,19771380.000,0,-,-,-,-,3289.4000,3288.8000,3288.6000,3285.2000,3285.0000,3295.0000,3295.2000,3298.0000,3300.8000,3301.6000,2,1,1,1,1,1,3,1,1,1
SF,IH2010,2020-08-26 09:33:32.800,3294.4000,300,0,19771380.000,0,-,-,-,-,3289.6000,3289.4000,3288.6000,3285.2000,3285.0000,3294.8000,3295.0000,3298.0000,3300.8000,3301.6000,1,2,1,1,1,1,1,1,1,1
SF,IH2010,2020-08-26 09:33:33.300,3294.4000,300,0,19771380.000,0,-,-,-,-,3291.0000,3289.6000,3288.6000,3285.2000,3285.0000,3294.6000,3298.0000,3300.8000,3301.6000,3302.2000,2,1,1,1,1,1,1,1,1,5
SF,IH2010,2020-08-26 09:33:33.800,3294.4000,300,0,19771380.000,0,-,-,-,-,3291.2000,3291.0000,3289.8000,3288.6000,3285.2000,3298.0000,3300.8000,3301.6000,3302.2000,3303.6000,1,2,1,1,1,1,1,1,5,4
SF,IH2010,2020-08-26 09:33:34.300,3294.4000,300,0,19771380.000,0,-,-,-,-,3291.4000,3291.2000,3289.8000,3288.6000,3285.2000,3297.2000,3297.8000,3298.0000,3298.2000,3300.8000,1,1,1,1,1,2,2,1,1,1
SF,IH2010,2020-08-26 09:33:34.800,3294.4000,300,0,19771380.000,0,-,-,-,-,3291.8000,3291.4000,3289.8000,3288.6000,3285.2000,3297.0000,3297.2000,3297.8000,3298.0000,3298.2000,2,1,1,1,1,4,2,1,1,1
SF,IH2010,2020-08-26 09:33:35.300,3294.4000,300,0,19771380.000,0,-,-,-,-,3289.8000,3288.6000,3285.2000,3285.0000,3283.0000,3296.8000,3297.0000,3297.8000,3298.0000,3298.2000,1,1,1,1,1,1,4,1,1,1
SF,IH2010,2020-08-26 09:33:35.800,3294.4000,300,0,19771380.000,0,-,-,-,-,3290.6000,3290.0000,3288.6000,3285.2000,3285.0000,3295.6000,3296.6000,3296.8000,3297.0000,3297.8000,2,1,1,1,1,2,2,1,3,1
SF,IH2010,2020-08-26 09:33:36.300,3294.4000,300,0,19771380.000,0,-,-,-,-,3288.6000,3285.2000,3285.0000,3283.0000,3282.6000,3295.4000,3295.6000,3296.6000,3297.0000,3297.8000,1,1,1,1,3,2,2,1,3,1
SF,IH2010,2020-08-26 09:33:36.800,3294.4000,300,0,19771380.000,0,-,-,-,-,3289.2000,3288.8000,3288.6000,3285.2000,3285.0000,3295.4000,3295.6000,3296.6000,3297.0000,3297.8000,2,1,1,1,1,2,2,1,3,1
SF,IH2010,2020-08-26 09:33:37.300,3294.4000,300,0,19771380.000,0,-,-,-,-,3289.4000,3289.2000,3288.6000,3285.2000,3285.0000,3295.4000,3296.6000,3297.0000,3297.8000,3298.0000,1,2,1,1,1,2,1,3,1,1
SF,IH2010,2020-08-26 09:33:37.800,3294.4000,300,0,19771380.000,0,-,-,-,-,3289.4000,3288.6000,3285.2000,3285.0000,3283.0000,3295.4000,3296.6000,3297.0000,3297.8000,3298.0000,1,1,2,1,1,2,1,3,1,1
SF,IH2010,2020-08-26 09:33:38.300,3294.4000,300,0,19771380.000,0,-,-,-,-,3291.6000,3290.2000,3289.8000,3289.4000,3288.6000,3295.4000,3296.6000,3297.0000,3297.8000,3298.0000,2,1,1,1,1,2,1,3,1,1
SF,IH2010,2020-08-26 09:33:38.800,3294.4000,300,0,19771380.000,0,-,-,-,-,3291.6000,3290.2000,3289.8000,3289.4000,3288.6000,3295.4000,3296.6000,3297.0000,3297.8000,3298.0000,2,1,1,1,1,1,1,3,1,1
SF,IH2010,2020-08-26 09:33:39.300,3294.4000,300,0,19771380.000,0,-,-,-,-,3290.2000,3289.4000,3288.6000,3285.2000,3285.0000,3295.4000,3296.6000,3297.0000,3297.8000,3298.0000,1,1,1,2,1,1,1,3,1,1
SF,IH2010,2020-08-26 09:33:39.800,3294.4000,300,0,19771380.000,0,-,-,-,-,3290.4000,3288.6000,3285.2000,3285.0000,3283.0000,3295.2000,3295.4000,3296.6000,3297.0000,3297.8000,3,1,2,1,1,1,1,1,3,1
SF,IH2010,2020-08-26 09:33:40.300,3294.4000,300,0,19771380.000,0,-,-,-,-,3290.4000,3288.6000,3285.2000,3285.0000,3283.0000,3295.0000,3295.2000,3296.6000,3297.0000,3297.8000,1,1,2,1,1,1,1,1,3,1
SF,IH2010,2020-08-26 09:33:40.800,3294.4000,300,0,19771380.000,0,-,-,-,-,3290.4000,3288.6000,3285.2000,3285.0000,3283.0000,3295.0000,3295.2000,3296.6000,3298.0000,3300.8000,1,1,2,1,1,1,1,1,1,1
SF,IH2010,2020-08-26 09:33:42.300,3294.4000,300,0,19771380.000,0,-,-,-,-,3291.8000,3290.4000,3288.6000,3285.2000,3285.0000,3295.0000,3295.2000,3296.6000,3298.0000,3300.8000,2,1,1,2,1,1,1,1,1,1
SF,IH2010,2020-08-26 09:33:42.800,3294.4000,300,0,19771380.000,0,-,-,-,-,3292.0000,3291.8000,3288.6000,3285.2000,3285.0000,3298.0000,3300.8000,3301.6000,3302.2000,3303.6000,1,2,1,2,1,1,1,1,5,4
SF,IH2010,2020-08-26 09:33:43.300,3294.4000,300,0,19771380.000,0,-,-,-,-,3292.2000,3292.0000,3288.6000,3285.2000,3285.0000,3297.6000,3297.8000,3298.0000,3300.8000,3301.6000,1,1,1,2,1,2,4,1,1,1
SF,IH2010,2020-08-26 09:33:43.800,3294.4000,300,0,19771380.000,0,-,-,-,-,3292.6000,3292.4000,3292.2000,3288.6000,3285.2000,3297.4000,3297.8000,3298.0000,3300.8000,3301.6000,2,1,1,1,2,4,3,1,1,1
SF,IH2010,2020-08-26 09:33:44.300,3294.4000,300,0,19771380.000,0,-,-,-,-,3292.8000,3288.6000,3285.2000,3285.0000,3283.0000,3297.4000,3297.8000,3298.0000,3300.8000,3301.6000,1,1,2,1,1,4,3,1,1,1
SF,IH2010,2020-08-26 09:33:44.800,3294.4000,300,0,19771380.000,0,-,-,-,-,3292.8000,3288.6000,3285.2000,3285.0000,3283.0000,3297.4000,3297.8000,3298.0000,3300.8000,3301.6000,1,1,2,1,1,4,3,1,1,1
SF,IH2010,2020-08-26 09:33:45.300,3294.4000,300,0,19771380.000,0,-,-,-,-,3292.8000,3288.6000,3285.2000,3285.0000,3283.0000,3297.0000,3297.4000,3297.8000,3298.0000,3300.8000,1,1,2,1,1,2,4,3,1,1
SF,IH2010,2020-08-26 09:33:45.800,3294.4000,300,0,19771380.000,0,-,-,-,-,3288.6000,3285.2000,3285.0000,3283.0000,3282.6000,3296.8000,3297.4000,3297.8000,3298.0000,3300.8000,1,2,1,1,3,1,3,3,1,1
SF,IH2010,2020-08-26 09:33:46.300,3294.4000,300,0,19771380.000,0,-,-,-,-,3292.4000,3289.6000,3288.8000,3288.6000,3285.2000,3296.8000,3297.4000,3297.8000,3298.0000,3300.8000,2,1,3,1,1,1,3,3,1,1
SF,IH2010,2020-08-26 09:33:46.800,3294.4000,300,0,19771380.000,0,-,-,-,-,3289.6000,3288.8000,3288.6000,3285.2000,3285.0000,3296.6000,3296.8000,3297.4000,3297.8000,3298.0000,1,3,1,1,1,3,1,3,3,1
SF,IH2010,2020-08-26 09:33:47.300,3294.4000,300,0,19771380.000,0,-,-,-,-,3291.8000,3289.8000,3289.6000,3288.8000,3288.6000,3296.4000,3296.6000,3296.8000,3297.4000,3297.8000,2,1,1,1,1,2,3,1,3,3
SF,IH2010,2020-08-26 09:33:47.800,3294.4000,300,0,19771380.000,0,-,-,-,-,3289.8000,3289.6000,3288.8000,3288.6000,3285.2000,3296.2000,3296.4000,3296.6000,3296.8000,3297.4000,1,1,1,1,1,1,2,1,1,3
SF,IH2010,2020-08-26 09:33:48.300,3294.4000,300,0,19771380.000,0,-,-,-,-,3291.4000,3289.8000,3289.6000,3288.8000,3288.6000,3296.0000,3297.4000,3297.8000,3298.0000,3300.8000,2,1,1,1,1,2,3,3,1,1
SF,IH2010,2020-08-26 09:33:48.800,3294.4000,300,0,19771380.000,0,-,-,-,-,3291.6000,3291.4000,3289.6000,3289.4000,3288.8000,3296.0000,3297.4000,3297.8000,3298.0000,3300.8000,1,2,1,1,1,2,3,3,1,1
SF,IH2010,2020-08-26 09:33:49.300,3294.4000,300,0,19771380.000,0,-,-,-,-,3291.6000,3289.6000,3289.4000,3288.8000,3288.6000,3296.0000,3297.4000,3297.8000,3298.0000,3300.8000,1,1,1,1,1,2,3,3,1,1
SF,IH2010,2020-08-26 09:33:49.800,3294.4000,300,0,19771380.000,0,-,-,-,-,3292.6000,3291.6000,3289.6000,3289.4000,3288.8000,3296.0000,3297.4000,3297.8000,3298.0000,3300.8000,2,1,1,1,1,2,3,3,1,1
SF,IH2010,2020-08-26 09:33:50.300,3294.4000,300,0,19771380.000,0,-,-,-,-,3289.6000,3289.4000,3288.8000,3288.6000,3285.2000,3296.0000,3297.4000,3297.8000,3298.0000,3300.8000,1,1,1,1,1,1,3,3,1,1
SF,IH2010,2020-08-26 09:33:50.800,3294.4000,300,0,19771380.000,0,-,-,-,-,3292.0000,3289.8000,3289.6000,3289.4000,3288.8000,3295.8000,3296.0000,3297.4000,3297.8000,3298.0000,2,1,1,1,1,1,1,3,3,1
SF,IH2010,2020-08-26 09:33:51.300,3294.4000,300,0,19771380.000,0,-,-,-,-,3289.8000,3289.6000,3289.4000,3288.8000,3288.6000,3295.6000,3297.4000,3297.8000,3298.0000,3300.8000,1,1,1,1,1,1,3,3,1,1
SF,IH2010,2020-08-26 09:33:51.800,3294.4000,300,0,19771380.000,0,-,-,-,-,3291.2000,3289.8000,3289.6000,3289.4000,3288.8000,3295.4000,3295.6000,3297.4000,3297.8000,3298.0000,2,1,1,1,1,1,1,3,3,1
SF,IH2010,2020-08-26 09:33:52.300,3294.4000,300,0,19771380.000,0,-,-,-,-,3291.4000,3291.2000,3289.6000,3289.4000,3288.8000,3295.2000,3297.4000,3297.8000,3298.0000,3300.8000,1,2,1,1,1,1,3,3,1,1
SF,IH2010,2020-08-26 09:33:52.800,3294.4000,300,0,19771380.000,0,-,-,-,-,3291.4000,3289.6000,3289.4000,3288.8000,3288.6000,3295.2000,3298.0000,3300.8000,3301.6000,3302.2000,1,1,1,1,1,1,1,1,1,5
SF,IH2010,2020-08-26 09:33:53.300,3294.4000,300,0,19771380.000,0,-,-,-,-,3292.0000,3291.4000,3289.6000,3289.4000,3288.8000,3298.0000,3300.8000,3301.6000,3302.2000,3303.6000,2,1,1,1,1,1,1,1,5,4
SF,IH2010,2020-08-26 09:33:53.800,3294.4000,300,0,19771380.000,0,-,-,-,-,3292.2000,3292.0000,3289.6000,3289.4000,3288.8000,3297.8000,3298.0000,3300.8000,3301.6000,3302.2000,2,2,1,1,1,2,1,1,1,5
SF,IH2010,2020-08-26 09:33:54.300,3294.4000,300,0,19771380.000,0,-,-,-,-,3292.2000,3289.6000,3289.4000,3288.8000,3288.6000,3297.8000,3298.0000,3300.8000,3301.6000,3302.2000,2,1,1,1,1,1,1,1,1,5
SF,IH2010,2020-08-26 09:33:54.800,3294.4000,300,0,19771380.000,0,-,-,-,-,3293.2000,3292.2000,3290.8000,3289.6000,3289.4000,3297.8000,3298.0000,3300.8000,3301.6000,3302.2000,2,2,1,1,1,1,1,1,1,5
SF,IH2010,2020-08-26 09:33:55.300,3294.4000,300,0,19771380.000,0,-,-,-,-,3292.2000,3290.8000,3289.6000,3289.4000,3288.8000,3297.8000,3298.0000,3300.8000,3301.6000,3302.2000,2,1,1,1,1,1,1,1,1,5
SF,IH2010,2020-08-26 09:33:55.800,3294.4000,300,0,19771380.000,0,-,-,-,-,3293.0000,3292.2000,3290.8000,3289.6000,3289.4000,3297.8000,3298.0000,3300.8000,3301.6000,3302.2000,2,2,1,1,1,1,1,1,1,5
SF,IH2010,2020-08-26 09:33:56.300,3294.4000,300,0,19771380.000,0,-,-,-,-,3293.2000,3292.2000,3290.8000,3289.6000,3289.4000,3297.8000,3298.0000,3300.8000,3301.6000,3302.2000,1,1,1,1,1,1,1,1,1,5
SF,IH2010,2020-08-26 09:33:56.800,3294.4000,300,0,19771380.000,0,-,-,-,-,3293.4000,3293.2000,3290.8000,3289.6000,3289.4000,3297.8000,3298.0000,3300.8000,3301.6000,3302.2000,1,1,1,1,1,1,1,1,1,5
SF,IH2010,2020-08-26 09:33:57.300,3294.4000,300,0,19771380.000,0,-,-,-,-,3293.2000,3290.8000,3289.6000,3289.4000,3288.8000,3297.8000,3298.0000,3300.8000,3301.6000,3302.2000,1,1,1,1,1,1,1,1,1,5
SF,IH2010,2020-08-26 09:33:57.800,3294.4000,300,0,19771380.000,0,-,-,-,-,3293.2000,3290.8000,3289.6000,3289.4000,3288.8000,3297.6000,3297.8000,3298.0000,3300.8000,3301.6000,1,1,1,1,1,1,1,1,1,1
SF,IH2010,2020-08-26 09:33:58.300,3294.4000,300,0,19771380.000,0,-,-,-,-,3293.4000,3293.2000,3290.8000,3289.6000,3289.4000,3297.4000,3298.0000,3300.8000,3301.6000,3302.2000,1,1,1,1,1,1,1,1,1,5
SF,IH2010,2020-08-26 09:33:58.800,3294.4000,300,0,19771380.000,0,-,-,-,-,3293.4000,3290.8000,3289.6000,3289.4000,3288.8000,3297.4000,3298.0000,3300.8000,3301.6000,3302.2000,1,1,1,1,1,1,1,1,1,5
SF,IH2010,2020-08-26 09:33:59.300,3294.4000,300,0,19771380.000,0,-,-,-,-,3293.6000,3293.4000,3290.8000,3289.6000,3289.4000,3297.4000,3298.0000,3300.8000,3301.6000,3302.2000,2,1,1,1,1,1,1,1,1,5
SF,IH2010,2020-08-26 09:33:59.800,3294.4000,300,0,19771380.000,0,-,-,-,-,3293.8000,3293.6000,3290.8000,3289.6000,3289.4000,3297.4000,3298.0000,3300.8000,3301.6000,3303.6000,1,2,1,1,1,1,1,1,1,4
SF,IH2010,2020-08-26 09:34:00.800,3294.4000,300,0,19771380.000,0,-,-,-,-,3293.8000,3293.6000,3290.8000,3289.6000,3289.4000,3297.4000,3298.0000,3300.8000,3301.6000,3303.6000,1,2,1,1,1,1,1,1,1,4
SF,IH2010,2020-08-26 09:34:01.300,3294.4000,300,0,19771380.000,0,-,-,-,-,3293.6000,3290.8000,3289.6000,3289.4000,3288.8000,3297.4000,3298.0000,3300.8000,3301.6000,3303.6000,2,1,1,1,1,1,1,1,1,4
SF,IH2010,2020-08-26 09:34:01.800,3294.4000,300,0,19771380.000,0,-,-,-,-,3293.8000,3290.8000,3289.6000,3289.4000,3288.8000,3297.4000,3298.0000,3300.8000,3301.6000,3303.6000,1,1,1,1,1,1,1,1,1,4
SF,IH2010,2020-08-26 09:34:02.300,3294.4000,300,0,19771380.000,0,-,-,-,-,3293.8000,3290.8000,3289.6000,3289.4000,3288.8000,3297.4000,3298.0000,3300.8000,3301.6000,3303.6000,1,1,1,1,1,1,1,1,1,4
SF,IH2010,2020-08-26 09:34:02.800,3294.4000,300,0,19771380.000,0,-,-,-,-,3294.6000,3293.8000,3290.8000,3289.6000,3289.4000,3297.4000,3298.0000,3300.8000,3301.6000,3303.6000,2,1,1,1,1,1,1,1,1,4
SF,IH2010,2020-08-26 09:34:03.300,3294.4000,300,0,19771380.000,0,-,-,-,-,3294.8000,3294.6000,3290.8000,3289.6000,3289.4000,3298.0000,3300.8000,3301.6000,3303.6000,3304.0000,1,3,1,1,1,1,1,1,4,1
SF,IH2010,2020-08-26 09:34:03.800,3294.4000,300,0,19771380.000,0,-,-,-,-,3294.8000,3294.6000,3290.8000,3289.6000,3289.4000,3297.8000,3298.0000,3301.6000,3303.0000,3303.6000,1,1,1,1,1,1,1,1,1,4
SF,IH2010,2020-08-26 09:34:04.300,3294.4000,300,0,19771380.000,0,-,-,-,-,3295.0000,3294.6000,3290.8000,3289.6000,3289.4000,3297.8000,3298.0000,3301.6000,3303.0000,3303.6000,2,1,1,1,1,1,1,1,1,4
SF,IH2010,2020-08-26 09:34:04.800,3294.4000,300,0,19771380.000,0,-,-,-,-,3294.6000,3290.8000,3289.6000,3289.4000,3288.8000,3297.8000,3298.0000,3301.6000,3303.0000,3303.6000,1,1,1,1,1,1,1,1,1,4
SF,IH2010,2020-08-26 09:34:05.800,3294.4000,300,0,19771380.000,0,-,-,-,-,3290.8000,3289.6000,3289.4000,3288.8000,3288.6000,3297.8000,3298.0000,3301.6000,3303.0000,3303.6000,1,1,1,1,1,1,1,1,1,4
SF,IH2010,2020-08-26 09:34:06.300,3294.4000,300,0,19771380.000,0,-,-,-,-,3293.4000,3291.0000,3290.8000,3289.6000,3289.4000,3297.6000,3297.8000,3298.0000,3301.6000,3303.0000,2,1,2,1,1,1,1,1,1,1
SF,IH2010,2020-08-26 09:34:06.800,3294.4000,300,0,19771380.000,0,-,-,-,-,3293.6000,3293.4000,3290.8000,3289.6000,3289.4000,3297.4000,3298.0000,3301.6000,3303.0000,3303.6000,1,2,1,1,1,1,1,1,1,4
SF,IH2010,2020-08-26 09:34:07.300,3294.4000,300,0,19771380.000,0,-,-,-,-,3293.6000,3293.4000,3290.8000,3289.6000,3289.4000,3297.4000,3298.0000,3301.6000,3303.0000,3303.6000,1,2,1,1,1,1,1,1,1,4
SF,IH2010,2020-08-26 09:34:07.800,3294.4000,300,0,19771380.000,0,-,-,-,-,3293.6000,3290.8000,3289.6000,3289.4000,3288.6000,3297.4000,3298.0000,3301.6000,3303.0000,3303.6000,1,1,1,1,1,1,1,1,1,4
SF,IH2010,2020-08-26 09:34:08.300,3294.4000,300,0,19771380.000,0,-,-,-,-,3294.0000,3293.8000,3293.6000,3290.8000,3289.6000,3297.4000,3298.0000,3301.6000,3303.0000,3303.6000,3,1,1,1,1,1,1,1,1,4
SF,IH2010,2020-08-26 09:34:08.800,3294.4000,300,0,19771380.000,0,-,-,-,-,3294.2000,3294.0000,3293.8000,3290.8000,3289.6000,3297.4000,3298.0000,3301.6000,3303.0000,3303.6000,1,3,1,1,1,1,1,1,1,4
SF,IH2010,2020-08-26 09:34:09.300,3294.4000,300,0,19771380.000,0,-,-,-,-,3294.2000,3294.0000,3293.8000,3290.8000,3289.6000,3297.4000,3298.0000,3301.6000,3303.0000,3303.6000,1,3,1,1,1,1,1,1,1,4
SF,IH2010,2020-08-26 09:34:09.800,3294.4000,300,0,19771380.000,0,-,-,-,-,3294.2000,3294.0000,3293.8000,3290.8000,3289.6000,3297.4000,3298.0000,3301.6000,3303.0000,3303.6000,1,3,1,1,1,1,1,1,1,4
SF,IH2010,2020-08-26 09:34:10.300,3294.4000,300,0,19771380.000,0,-,-,-,-,3294.4000,3294.2000,3294.0000,3293.8000,3290.8000,3297.4000,3298.0000,3301.6000,3303.0000,3303.6000,1,1,3,1,1,1,1,1,1,4
SF,IH2010,2020-08-26 09:34:10.800,3294.4000,300,0,19771380.000,0,-,-,-,-,3294.6000,3294.4000,3294.0000,3290.8000,3289.6000,3297.4000,3298.0000,3301.6000,3303.0000,3303.6000,1,2,3,1,1,1,1,1,1,4
SF,IH2010,2020-08-26 09:34:11.300,3297.4000,300,0,20760600.000,1,0,1,多换,S,3294.6000,3294.4000,3294.0000,3290.8000,3289.6000,3298.0000,3301.6000,3303.0000,3303.6000,3304.0000,1,2,3,1,1,1,1,1,4,1
SF,IH2010,2020-08-26 09:34:11.800,3297.4000,300,0,20760600.000,0,-,-,-,-,3295.2000,3295.0000,3294.6000,3294.4000,3294.0000,3297.8000,3298.0000,3301.6000,3303.0000,3303.6000,1,1,1,1,1,1,1,1,1,4
SF,IH2010,2020-08-26 09:34:12.300,3297.4000,300,0,20760600.000,0,-,-,-,-,3295.2000,3295.0000,3294.6000,3294.4000,3294.0000,3297.8000,3298.0000,3301.6000,3303.0000,3303.6000,1,1,1,1,1,1,1,1,1,4
SF,IH2010,2020-08-26 09:34:12.800,3297.4000,300,0,20760600.000,0,-,-,-,-,3295.4000,3295.2000,3294.4000,3294.0000,3291.4000,3298.0000,3301.6000,3303.0000,3303.6000,3304.0000,1,1,1,1,1,1,1,1,4,1
SF,IH2010,2020-08-26 09:34:13.300,3297.4000,300,0,20760600.000,0,-,-,-,-,3295.2000,3294.4000,3294.0000,3291.4000,3290.8000,3297.8000,3298.0000,3301.6000,3303.0000,3303.6000,1,1,1,1,1,1,1,1,1,4
SF,IH2010,2020-08-26 09:34:13.800,3297.4000,300,0,20760600.000,0,-,-,-,-,3295.4000,3295.2000,3294.4000,3294.0000,3291.4000,3297.8000,3298.0000,3301.6000,3303.0000,3303.6000,1,1,1,1,1,1,1,1,1,4
SF,IH2010,2020-08-26 09:34:14.300,3297.4000,300,0,20760600.000,0,-,-,-,-,3295.4000,3295.2000,3294.0000,3291.4000,3290.8000,3298.0000,3301.6000,3303.0000,3303.6000,3304.0000,1,1,1,1,1,1,1,1,4,1
SF,IH2010,2020-08-26 09:34:14.800,3297.4000,300,0,20760600.000,0,-,-,-,-,3295.4000,3295.2000,3291.4000,3290.8000,3289.6000,3297.8000,3298.0000,3301.6000,3303.0000,3303.6000,1,1,1,1,1,1,1,1,1,4
SF,IH2010,2020-08-26 09:34:15.300,3297.4000,300,0,20760600.000,0,-,-,-,-,3291.4000,3290.8000,3289.6000,3289.4000,3288.6000,3297.8000,3298.0000,3301.6000,3303.0000,3303.6000,1,1,1,1,1,1,1,1,1,4
SF,IH2010,2020-08-26 09:34:15.800,3297.4000,300,0,20760600.000,0,-,-,-,-,3293.4000,3291.6000,3291.4000,3290.8000,3289.6000,3297.6000,3297.8000,3298.0000,3301.6000,3303.0000,2,1,2,1,1,1,1,1,1,1
SF,IH2010,2020-08-26 09:34:16.300,3297.4000,300,0,20760600.000,0,-,-,-,-,3293.6000,3293.4000,3291.4000,3290.8000,3289.6000,3297.4000,3298.0000,3301.6000,3303.0000,3303.6000,1,2,2,1,1,1,1,1,1,4
SF,IH2010,2020-08-26 09:34:16.800,3297.4000,300,0,20760600.000,0,-,-,-,-,3293.6000,3293.4000,3291.4000,3290.8000,3289.6000,3297.4000,3298.0000,3301.6000,3303.0000,3303.6000,1,2,1,1,1,1,1,1,1,4
SF,IH2010,2020-08-26 09:34:18.300,3297.4000,300,0,20760600.000,0,-,-,-,-,3293.6000,3291.4000,3290.8000,3289.6000,3289.4000,3297.4000,3298.0000,3301.6000,3303.0000,3303.6000,1,1,1,1,1,1,1,1,1,4
SF,IH2010,2020-08-26 09:34:18.800,3297.4000,300,0,20760600.000,0,-,-,-,-,3293.6000,3291.4000,3290.8000,3289.6000,3289.4000,3297.4000,3298.0000,3301.6000,3303.0000,3303.6000,1,1,1,1,1,1,1,1,1,4
SF,IH2010,2020-08-26 09:34:19.300,3297.4000,300,0,20760600.000,0,-,-,-,-,3294.0000,3293.6000,3291.4000,3290.8000,3289.6000,3297.4000,3298.0000,3301.6000,3303.0000,3303.6000,2,1,1,1,1,1,1,1,1,4
SF,IH2010,2020-08-26 09:34:19.800,3297.4000,300,0,20760600.000,0,-,-,-,-,3293.6000,3291.4000,3290.8000,3289.6000,3289.4000,3297.4000,3298.0000,3301.6000,3303.0000,3303.6000,1,1,1,1,1,1,1,1,1,4
SF,IH2010,2020-08-26 09:34:20.300,3297.4000,300,0,20760600.000,0,-,-,-,-,3291.4000,3290.8000,3289.6000,3289.4000,3289.0000,3297.4000,3298.0000,3301.6000,3303.0000,3303.6000,1,1,1,1,1,1,1,1,1,4
SF,IH2010,2020-08-26 09:34:20.800,3297.4000,300,0,20760600.000,0,-,-,-,-,3293.2000,3291.6000,3291.4000,3290.8000,3289.6000,3297.2000,3297.4000,3298.0000,3301.6000,3303.0000,2,1,2,1,1,1,1,1,1,1
SF,IH2010,2020-08-26 09:34:21.300,3297.4000,300,0,20760600.000,0,-,-,-,-,3293.4000,3293.2000,3291.4000,3290.8000,3289.6000,3297.0000,3298.0000,3301.6000,3303.0000,3303.6000,1,2,2,1,1,1,1,1,1,4
SF,IH2010,2020-08-26 09:34:21.800,3297.4000,300,0,20760600.000,0,-,-,-,-,3293.4000,3291.4000,3290.8000,3289.6000,3289.4000,3298.0000,3301.6000,3303.0000,3303.6000,3304.0000,1,2,1,1,1,1,1,1,4,1
SF,IH2010,2020-08-26 09:34:22.300,3297.4000,300,0,20760600.000,0,-,-,-,-,3293.6000,3293.4000,3291.4000,3290.8000,3289.6000,3297.8000,3298.0000,3301.6000,3303.0000,3303.6000,2,1,2,1,1,1,1,1,1,4
SF,IH2010,2020-08-26 09:34:22.800,3297.4000,300,0,20760600.000,0,-,-,-,-,3293.8000,3291.4000,3290.8000,3289.6000,3289.4000,3297.8000,3298.0000,3301.6000,3303.0000,3303.6000,1,2,1,1,1,1,1,1,1,4
SF,IH2010,2020-08-26 09:34:23.300,3297.4000,300,0,20760600.000,0,-,-,-,-,3293.8000,3291.4000,3290.8000,3289.6000,3289.4000,3297.8000,3298.0000,3301.6000,3303.0000,3303.6000,1,1,1,1,1,1,1,1,1,4
SF,IH2010,2020-08-26 09:34:23.800,3297.4000,300,0,20760600.000,0,-,-,-,-,3291.4000,3290.8000,3289.6000,3289.4000,3289.0000,3297.8000,3298.0000,3301.6000,3303.0000,3303.6000,1,1,1,1,1,1,1,1,1,4
SF,IH2010,2020-08-26 09:34:24.300,3297.4000,300,0,20760600.000,0,-,-,-,-,3293.4000,3291.6000,3291.4000,3290.8000,3289.6000,3297.8000,3298.0000,3301.6000,3303.0000,3303.6000,2,2,2,1,1,1,1,1,1,4
SF,IH2010,2020-08-26 09:34:24.800,3297.4000,300,0,20760600.000,0,-,-,-,-,3293.6000,3291.6000,3291.4000,3290.8000,3289.6000,3297.8000,3298.0000,3301.6000,3303.0000,3303.6000,1,1,2,1,1,1,1,1,1,4
SF,IH2010,2020-08-26 09:34:25.300,3297.4000,300,0,20760600.000,0,-,-,-,-,3293.6000,3291.6000,3291.4000,3290.8000,3289.6000,3297.8000,3298.0000,3301.6000,3303.0000,3303.6000,1,1,1,1,1,1,1,1,1,4
SF,IH2010,2020-08-26 09:34:26.300,3297.4000,300,0,20760600.000,0,-,-,-,-,3293.8000,3293.6000,3291.6000,3291.4000,3290.8000,3297.8000,3298.0000,3301.6000,3303.0000,3303.6000,1,1,1,1,1,1,1,1,1,4
SF,IH2010,2020-08-26 09:34:26.800,3297.4000,300,0,20760600.000,0,-,-,-,-,3294.0000,3293.8000,3291.6000,3291.4000,3290.8000,3297.8000,3298.0000,3301.6000,3303.0000,3303.6000,1,1,1,1,1,1,1,1,1,4
SF,IH2010,2020-08-26 09:34:31.800,3297.4000,300,0,20760600.000,0,-,-,-,-,3294.2000,3294.0000,3293.8000,3291.6000,3291.4000,3297.8000,3298.0000,3301.6000,3303.0000,3303.6000,2,1,1,1,1,1,1,1,1,4
SF,IH2010,2020-08-26 09:34:32.300,3297.4000,300,0,20760600.000,0,-,-,-,-,3294.4000,3294.2000,3293.8000,3291.6000,3291.4000,3297.8000,3298.0000,3301.6000,3303.0000,3303.6000,1,2,1,1,1,1,1,1,1,4
SF,IH2010,2020-08-26 09:34:32.800,3297.4000,300,0,20760600.000,0,-,-,-,-,3294.4000,3293.8000,3291.6000,3291.4000,3289.6000,3297.8000,3298.0000,3301.6000,3303.0000,3303.6000,1,1,1,1,1,1,1,1,1,4
SF,IH2010,2020-08-26 09:34:33.300,3297.4000,300,0,20760600.000,0,-,-,-,-,3293.8000,3291.6000,3291.4000,3289.6000,3289.4000,3297.8000,3298.0000,3301.6000,3303.0000,3303.6000,1,1,1,1,1,1,1,1,1,4
SF,IH2010,2020-08-26 09:34:33.800,3297.4000,300,0,20760600.000,0,-,-,-,-,3294.0000,3293.8000,3291.6000,3291.4000,3289.6000,3297.8000,3298.0000,3301.6000,3303.0000,3303.6000,1,1,1,1,1,1,1,1,1,4
SF,IH2010,2020-08-26 09:34:34.300,3297.4000,300,0,20760600.000,0,-,-,-,-,3293.8000,3291.4000,3289.6000,3289.4000,3289.0000,3297.8000,3298.0000,3301.6000,3303.0000,3303.6000,1,1,1,1,1,1,1,1,1,4
SF,IH2010,2020-08-26 09:34:34.800,3297.4000,300,0,20760600.000,0,-,-,-,-,3293.8000,3291.4000,3289.6000,3289.4000,3289.0000,3297.8000,3298.0000,3301.6000,3303.0000,3303.6000,1,1,1,1,1,1,1,1,1,4
SF,IH2010,2020-08-26 09:34:35.800,3297.4000,300,0,20760600.000,0,-,-,-,-,3293.8000,3291.4000,3289.6000,3289.0000,3288.6000,3297.8000,3298.0000,3301.6000,3303.0000,3303.6000,1,1,1,1,1,1,1,1,1,4
SF,IH2010,2020-08-26 09:34:36.300,3297.4000,300,0,20760600.000,0,-,-,-,-,3294.0000,3293.8000,3293.6000,3291.4000,3289.6000,3297.8000,3298.0000,3301.6000,3303.0000,3303.6000,1,1,1,1,1,1,1,1,1,4
SF,IH2010,2020-08-26 09:34:36.800,3297.4000,300,0,20760600.000,0,-,-,-,-,3294.0000,3293.8000,3293.6000,3291.4000,3289.6000,3297.8000,3298.0000,3301.6000,3303.0000,3303.6000,1,1,1,1,1,1,1,1,1,4
SF,IH2010,2020-08-26 09:34:37.300,3297.4000,300,0,20760600.000,0,-,-,-,-,3294.0000,3293.8000,3293.6000,3291.4000,3289.6000,3297.8000,3298.0000,3301.6000,3303.0000,3303.6000,1,1,1,1,1,1,1,1,1,4
SF,IH2010,2020-08-26 09:34:37.800,3297.4000,300,0,20760600.000,0,-,-,-,-,3294.0000,3293.6000,3291.4000,3289.6000,3289.0000,3297.8000,3298.0000,3301.6000,3303.0000,3303.6000,1,1,1,1,1,1,1,1,1,4
SF,IH2010,2020-08-26 09:34:39.800,3297.4000,300,0,20760600.000,0,-,-,-,-,3294.0000,3291.4000,3289.6000,3289.0000,3288.6000,3297.8000,3298.0000,3301.6000,3303.0000,3303.6000,1,1,1,1,1,1,1,1,1,4
SF,IH2010,2020-08-26 09:34:40.300,3297.4000,300,0,20760600.000,0,-,-,-,-,3291.4000,3289.6000,3289.0000,3288.6000,3288.0000,3297.8000,3298.0000,3301.6000,3303.0000,3303.6000,1,1,1,1,1,1,1,1,1,4
SF,IH2010,2020-08-26 09:34:40.800,3297.4000,300,0,20760600.000,0,-,-,-,-,3293.0000,3291.4000,3289.6000,3289.0000,3288.6000,3297.6000,3297.8000,3298.0000,3301.6000,3303.0000,2,1,1,1,1,1,1,1,1,1
SF,IH2010,2020-08-26 09:34:41.300,3297.4000,300,0,20760600.000,0,-,-,-,-,3293.2000,3293.0000,3291.4000,3289.6000,3289.0000,3297.4000,3297.6000,3298.0000,3301.6000,3303.0000,1,2,1,1,1,1,1,1,1,1
SF,IH2010,2020-08-26 09:34:42.300,3297.4000,300,0,20760600.000,0,-,-,-,-,3293.2000,3293.0000,3292.4000,3291.4000,3289.6000,3297.4000,3297.6000,3298.0000,3301.6000,3303.0000,1,2,1,1,1,1,1,1,1,1
SF,IH2010,2020-08-26 09:34:42.800,3297.4000,300,0,20760600.000,0,-,-,-,-,3293.2000,3293.0000,3292.4000,3291.4000,3289.6000,3297.4000,3297.6000,3298.0000,3301.6000,3303.0000,1,2,1,1,1,1,1,1,1,1
SF,IH2010,2020-08-26 09:34:45.800,3297.4000,300,0,20760600.000,0,-,-,-,-,3293.2000,3292.4000,3291.4000,3289.6000,3289.0000,3297.4000,3297.6000,3298.0000,3301.6000,3303.0000,1,1,1,1,1,1,1,1,1,1
SF,IH2010,2020-08-26 09:34:46.300,3297.4000,300,0,20760600.000,0,-,-,-,-,3293.2000,3292.4000,3291.4000,3289.6000,3289.0000,3297.4000,3297.6000,3298.0000,3301.6000,3303.0000,1,1,1,1,1,1,1,1,1,1
SF,IH2010,2020-08-26 09:34:49.300,3297.4000,300,0,20760600.000,0,-,-,-,-,3293.6000,3293.2000,3292.4000,3291.4000,3289.6000,3297.4000,3297.6000,3298.0000,3301.6000,3303.0000,1,1,1,1,1,1,1,1,1,1
SF,IH2010,2020-08-26 09:34:49.800,3297.4000,300,0,20760600.000,0,-,-,-,-,3293.8000,3293.6000,3292.4000,3291.4000,3289.6000,3297.4000,3298.0000,3301.6000,3303.0000,3303.6000,1,1,1,1,1,1,1,1,1,4
SF,IH2010,2020-08-26 09:34:52.800,3297.4000,300,0,20760600.000,0,-,-,-,-,3294.0000,3293.8000,3292.4000,3291.4000,3289.6000,3297.4000,3298.0000,3301.6000,3303.0000,3303.6000,1,1,1,1,1,1,1,1,1,4
SF,IH2010,2020-08-26 09:34:54.800,3297.4000,300,0,20760600.000,0,-,-,-,-,3294.0000,3293.8000,3292.4000,3291.4000,3289.6000,3297.4000,3301.6000,3303.0000,3303.6000,3304.0000,1,1,1,1,1,1,1,1,4,1
SF,IH2010,2020-08-26 09:34:55.800,3297.4000,300,0,20760600.000,0,-,-,-,-,3293.8000,3292.4000,3291.4000,3289.6000,3289.0000,3297.4000,3301.6000,3303.0000,3303.6000,3304.0000,1,1,1,1,1,1,1,1,1,1
SF,IH2010,2020-08-26 09:35:05.800,3297.4000,300,0,20760600.000,0,-,-,-,-,3293.8000,3292.4000,3291.4000,3289.6000,3289.0000,3297.2000,3297.4000,3301.6000,3303.0000,3303.6000,1,1,1,1,1,2,1,1,1,1
SF,IH2010,2020-08-26 09:35:06.300,3297.4000,300,0,20760600.000,0,-,-,-,-,3293.8000,3292.4000,3291.4000,3289.6000,3289.0000,3297.0000,3301.6000,3303.0000,3303.6000,3304.0000,1,1,1,1,1,1,1,1,1,1
SF,IH2010,2020-08-26 09:35:06.800,3297.4000,300,0,20760600.000,0,-,-,-,-,3293.8000,3292.4000,3291.4000,3289.6000,3289.0000,3301.6000,3303.0000,3303.6000,3304.0000,3306.0000,1,1,1,1,1,1,1,1,1,5
SF,IH2010,2020-08-26 09:35:07.300,3297.4000,300,0,20760600.000,0,-,-,-,-,3294.0000,3292.4000,3291.4000,3289.6000,3289.0000,3299.0000,3301.4000,3301.6000,3301.8000,3303.0000,1,1,1,1,1,2,3,1,3,1
SF,IH2010,2020-08-26 09:35:07.800,3297.4000,300,0,20760600.000,0,-,-,-,-,3294.2000,3294.0000,3292.4000,3291.4000,3289.6000,3298.8000,3299.0000,3301.4000,3301.6000,3301.8000,1,1,1,1,1,1,2,2,1,2
SF,IH2010,2020-08-26 09:35:08.300,3297.4000,300,0,20760600.000,0,-,-,-,-,3294.2000,3294.0000,3292.4000,3291.4000,3289.6000,3298.8000,3301.4000,3301.6000,3301.8000,3303.0000,1,1,1,1,1,1,2,1,2,1
SF,IH2010,2020-08-26 09:35:08.800,3297.4000,300,0,20760600.000,0,-,-,-,-,3294.2000,3294.0000,3292.4000,3291.4000,3289.6000,3298.4000,3298.8000,3301.4000,3301.6000,3301.8000,1,1,1,1,1,2,1,2,1,2
SF,IH2010,2020-08-26 09:35:09.300,3297.4000,300,0,20760600.000,0,-,-,-,-,3294.2000,3294.0000,3292.4000,3291.4000,3289.6000,3298.2000,3301.4000,3301.6000,3301.8000,3303.0000,1,1,1,1,1,1,2,1,2,1
SF,IH2010,2020-08-26 09:35:09.800,3297.4000,300,0,20760600.000,0,-,-,-,-,3292.4000,3291.4000,3289.6000,3289.0000,3288.6000,3298.2000,3301.4000,3301.6000,3301.8000,3303.0000,1,1,1,2,1,1,2,1,2,1
SF,IH2010,2020-08-26 09:35:10.300,3297.4000,300,0,20760600.000,0,-,-,-,-,3293.2000,3292.6000,3292.4000,3291.4000,3289.6000,3298.0000,3298.2000,3301.4000,3301.6000,3303.0000,2,1,1,1,1,1,1,2,1,1
SF,IH2010,2020-08-26 09:35:10.800,3297.4000,300,0,20760600.000,0,-,-,-,-,3293.4000,3293.2000,3292.4000,3291.4000,3289.6000,3297.8000,3298.0000,3301.6000,3303.0000,3303.6000,1,2,1,1,1,1,1,1,1,1
SF,IH2010,2020-08-26 09:35:11.300,3297.4000,300,0,20760600.000,0,-,-,-,-,3293.4000,3292.4000,3291.4000,3289.6000,3289.0000,3297.8000,3298.0000,3301.6000,3303.0000,3303.6000,1,1,1,1,2,1,1,1,1,1
SF,IH2010,2020-08-26 09:35:11.800,3297.4000,300,0,20760600.000,0,-,-,-,-,3293.6000,3293.4000,3292.4000,3291.4000,3289.6000,3297.8000,3298.0000,3301.6000,3303.0000,3303.6000,2,2,1,1,1,1,1,1,1,1
SF,IH2010,2020-08-26 09:35:12.300,3297.4000,300,0,20760600.000,0,-,-,-,-,3293.8000,3292.4000,3291.4000,3289.6000,3289.0000,3297.8000,3298.0000,3301.6000,3303.0000,3303.6000,1,1,1,1,2,1,1,1,1,1
SF,IH2010,2020-08-26 09:35:12.800,3297.8000,299,-1,21749940.000,1,0,1,双平,S,3293.8000,3293.6000,3292.4000,3291.4000,3289.6000,3301.6000,3303.0000,3303.6000,3304.0000,3306.0000,1,1,1,1,1,1,1,1,1,5
SF,IH2010,2020-08-26 09:35:13.300,3297.8000,299,0,21749940.000,0,-,-,-,-,3294.0000,3293.8000,3293.6000,3292.4000,3291.4000,3298.2000,3301.4000,3301.6000,3301.8000,3303.0000,1,1,1,1,1,2,2,1,3,1
SF,IH2010,2020-08-26 09:35:13.800,3297.8000,299,0,21749940.000,0,-,-,-,-,3294.4000,3294.2000,3292.4000,3291.4000,3289.6000,3301.4000,3301.6000,3301.8000,3303.0000,3303.6000,2,1,1,1,1,1,1,1,1,1
SF,IH2010,2020-08-26 09:35:14.300,3297.8000,299,0,21749940.000,0,-,-,-,-,3294.6000,3294.4000,3291.4000,3289.6000,3289.0000,3299.2000,3300.8000,3301.2000,3301.4000,3301.6000,2,2,1,1,2,2,2,3,1,1
SF,IH2010,2020-08-26 09:35:14.800,3297.8000,299,0,21749940.000,0,-,-,-,-,3294.6000,3291.4000,3289.6000,3289.0000,3288.6000,3299.0000,3300.8000,3301.6000,3301.8000,3303.0000,2,1,1,2,1,1,2,1,1,1
SF,IH2010,2020-08-26 09:35:15.300,3297.8000,299,0,21749940.000,0,-,-,-,-,3295.2000,3294.6000,3291.4000,3289.6000,3289.0000,3299.0000,3301.6000,3301.8000,3303.0000,3303.6000,2,2,1,1,2,1,1,1,1,1
SF,IH2010,2020-08-26 09:35:15.800,3297.8000,299,0,21749940.000,0,-,-,-,-,3295.4000,3294.6000,3291.4000,3289.6000,3289.0000,3301.6000,3301.8000,3303.0000,3303.6000,3304.0000,1,1,1,1,2,1,1,1,1,1
SF,IH2010,2020-08-26 09:35:16.300,3297.8000,299,0,21749940.000,0,-,-,-,-,3295.6000,3295.4000,3291.4000,3289.6000,3289.0000,3300.0000,3301.4000,3301.6000,3301.8000,3303.0000,1,1,1,1,2,2,3,1,3,1
SF,IH2010,2020-08-26 09:35:16.800,3297.8000,299,0,21749940.000,0,-,-,-,-,3295.6000,3291.4000,3289.6000,3289.0000,3288.6000,3299.8000,3300.0000,3301.4000,3301.6000,3301.8000,1,1,1,2,1,4,2,2,1,1
SF,IH2010,2020-08-26 09:35:17.300,3297.8000,299,0,21749940.000,0,-,-,-,-,3291.4000,3289.6000,3289.0000,3288.6000,3288.0000,3299.4000,3299.8000,3301.4000,3301.6000,3303.0000,1,1,2,1,1,1,4,2,1,1
SF,IH2010,2020-08-26 09:35:17.800,3297.8000,299,0,21749940.000,0,-,-,-,-,3293.8000,3291.6000,3291.4000,3289.6000,3289.0000,3298.8000,3299.2000,3299.4000,3299.8000,3301.4000,2,1,1,1,2,2,4,1,3,2
SF,IH2010,2020-08-26 09:35:18.300,3297.8000,299,0,21749940.000,0,-,-,-,-,3294.0000,3291.4000,3289.6000,3289.0000,3288.6000,3298.6000,3298.8000,3299.2000,3299.4000,3299.8000,1,1,1,2,1,2,2,2,1,3
SF,IH2010,2020-08-26 09:35:18.800,3297.8000,299,0,21749940.000,0,-,-,-,-,3294.0000,3291.4000,3289.6000,3289.0000,3288.6000,3298.6000,3299.2000,3299.4000,3299.8000,3301.6000,1,1,1,2,1,2,2,1,3,1
SF,IH2010,2020-08-26 09:35:19.300,3297.8000,299,0,21749940.000,0,-,-,-,-,3294.0000,3291.4000,3289.6000,3289.0000,3288.6000,3298.4000,3298.6000,3299.4000,3299.8000,3301.6000,1,1,1,2,1,2,2,1,3,1
SF,IH2010,2020-08-26 09:35:19.800,3297.8000,299,0,21749940.000,0,-,-,-,-,3294.4000,3294.0000,3291.4000,3289.6000,3289.0000,3298.6000,3301.6000,3303.0000,3303.6000,3304.0000,2,1,1,1,2,1,1,1,1,1
