市场代码,合约代码,时间,最新,持仓,增仓,成交额,成交量,开仓,平仓,成交类型,方向,买一价,买二价,买三价,买四价,买五价,卖一价,卖二价,卖三价,卖四价,卖五价,买一量,买二量,买三量,买四量,买五量,卖一量,卖二量,卖三量,卖四量,卖五量
SF,IH2012,2020-07-09 09:29:00.200,3400.4000,12256,0,11221320.000,11.000,-,-,-,-,3400.4000,3399.8000,3399.0000,3398.2000,3396.0000,3405.0000,3407.4000,3409.6000,3411.0000,3414.0000,1,1,1,1,1,1,1,1,1,1
SF,IH2012,2020-07-09 09:30:00.200,3400.0000,12252,-4,17346120.000,6,1,5,多平,S,3399.8000,3399.0000,3396.0000,3392.8000,3390.2000,3404.6000,3405.0000,3407.4000,3409.6000,3411.0000,1,1,1,1,1,4,1,1,1,1
SF,IH2012,2020-07-09 09:30:00.700,3404.4000,12252,0,20408700.000,3,1,2,多换,S,3400.0000,3399.0000,3392.8000,3390.2000,3389.0000,3404.6000,3405.0000,3409.6000,3411.0000,3414.0000,4,1,1,1,1,4,1,1,1,1
SF,IH2012,2020-07-09 09:30:01.200,3404.4000,12252,0,20408700.000,0,-,-,-,-,3402.0000,3400.4000,3400.0000,3399.0000,3390.2000,3404.4000,3404.6000,3405.0000,3409.6000,3411.0000,1,1,3,1,1,1,4,1,1,1
SF,IH2012,2020-07-09 09:30:01.700,3404.0000,12249,-3,25512480.000,5,1,4,多平,S,3400.0000,3399.0000,3390.2000,3389.0000,3385.0000,3404.6000,3405.0000,3409.6000,3411.0000,3414.0000,2,1,1,1,1,2,1,1,1,1
SF,IH2012,2020-07-09 09:30:02.200,3400.2000,12248,-1,26532540.000,1,0,1,双平,S,3400.6000,3400.0000,3399.0000,3390.2000,3389.0000,3404.0000,3404.2000,3404.4000,3405.0000,3409.6000,1,1,1,1,1,1,3,1,1,1
SF,IH2012,2020-07-09 09:30:02.700,3400.0000,12247,-1,29592780.000,3,1,2,多平,S,3399.0000,3390.2000,3389.0000,3385.0000,3380.0000,3403.6000,3403.8000,3404.0000,3404.2000,3405.0000,1,1,1,1,2,1,1,1,3,1
SF,IH2012,2020-07-09 09:30:03.200,3403.2000,12247,0,30613740.000,1,0,1,多换,S,3399.0000,3390.2000,3389.0000,3385.0000,3380.0000,3400.4000,3403.4000,3403.6000,3403.8000,3404.2000,1,1,1,1,2,1,1,1,1,2
SF,IH2012,2020-07-09 09:30:03.700,3399.0000,12246,-1,31633440.000,1,0,1,双平,S,3399.4000,3390.2000,3389.0000,3385.0000,3380.0000,3400.0000,3400.4000,3403.8000,3404.2000,3405.0000,2,1,1,1,2,1,1,1,2,1
SF,IH2012,2020-07-09 09:30:04.200,3399.0000,12244,-2,33672840.000,2,0,2,双平,S,3390.2000,3389.0000,3385.0000,3380.0000,3373.0000,3399.0000,3400.0000,3400.4000,3400.6000,3403.8000,1,1,1,2,1,1,1,1,2,1
SF,IH2012,2020-07-09 09:30:04.700,3399.0000,12244,0,33672840.000,0,-,-,-,-,3393.6000,3391.8000,3391.2000,3390.6000,3390.2000,3398.6000,3398.8000,3399.0000,3399.4000,3400.4000,2,1,1,6,1,1,1,1,3,1
SF,IH2012,2020-07-09 09:30:05.200,3399.0000,12244,0,33672840.000,0,-,-,-,-,3391.8000,3390.6000,3390.2000,3389.0000,3385.0000,3398.4000,3398.6000,3399.0000,3399.4000,3400.4000,1,1,1,1,1,1,1,1,3,1
SF,IH2012,2020-07-09 09:30:05.700,3399.0000,12244,0,33672840.000,0,-,-,-,-,3391.8000,3390.6000,3390.2000,3389.0000,3385.0000,3398.0000,3398.4000,3399.0000,3399.4000,3400.4000,1,1,1,1,1,1,1,1,3,1
SF,IH2012,2020-07-09 09:30:06.200,3399.0000,12244,0,34692540.000,1,0,1,多换,S,3391.8000,3390.6000,3390.2000,3389.0000,3385.0000,3398.0000,3399.0000,3399.4000,3400.4000,3400.6000,1,1,1,1,1,1,1,3,1,2
SF,IH2012,2020-07-09 09:30:06.700,3399.0000,12244,0,34692540.000,0,-,-,-,-,3391.8000,3390.6000,3390.2000,3390.0000,3389.0000,3397.8000,3398.0000,3399.0000,3399.4000,3400.4000,1,1,1,2,1,1,1,1,3,1
SF,IH2012,2020-07-09 09:30:07.200,3399.0000,12244,0,34692540.000,0,-,-,-,-,3391.8000,3390.6000,3390.2000,3390.0000,3389.0000,3397.4000,3397.8000,3399.0000,3399.4000,3400.4000,1,1,1,2,1,1,3,1,3,1
SF,IH2012,2020-07-09 09:30:07.700,3398.0000,12242,-2,37750740.000,3,0,3,多平,S,3391.8000,3390.6000,3390.2000,3390.0000,3389.0000,3397.2000,3398.6000,3399.0000,3399.4000,3400.0000,1,1,1,2,1,1,1,1,3,1
SF,IH2012,2020-07-09 09:30:08.700,3398.0000,12242,0,37750740.000,0,-,-,-,-,3391.8000,3391.0000,3390.6000,3390.2000,3390.0000,3396.2000,3396.8000,3397.2000,3398.6000,3399.0000,1,1,1,1,2,1,1,1,1,1
SF,IH2012,2020-07-09 09:30:09.200,3391.8000,12242,0,38768280.000,1,0,1,多换,S,3391.0000,3390.6000,3390.2000,3390.0000,3389.0000,3395.8000,3396.0000,3396.2000,3399.0000,3399.4000,1,1,1,2,1,2,2,1,1,3
SF,IH2012,2020-07-09 09:30:09.700,3391.8000,12242,0,38768280.000,0,-,-,-,-,3391.0000,3390.6000,3390.2000,3390.0000,3389.0000,3395.2000,3395.6000,3396.2000,3399.0000,3399.4000,1,1,1,2,1,2,2,1,1,3
SF,IH2012,2020-07-09 09:30:10.200,3391.8000,12242,0,38768280.000,0,-,-,-,-,3391.2000,3391.0000,3390.6000,3390.2000,3390.0000,3395.6000,3396.2000,3399.0000,3399.4000,3400.0000,2,1,1,1,2,1,1,1,3,1
SF,IH2012,2020-07-09 09:30:10.700,3391.8000,12242,0,38768280.000,0,-,-,-,-,3391.2000,3391.0000,3390.6000,3390.2000,3390.0000,3394.6000,3395.6000,3396.2000,3399.0000,3400.0000,2,1,1,1,2,2,1,1,1,1
SF,IH2012,2020-07-09 09:30:11.200,3394.6000,12239,-3,42841680.000,4,0,4,多平,S,3391.4000,3391.2000,3391.0000,3390.6000,3390.2000,3396.2000,3399.0000,3400.0000,3400.4000,3400.6000,1,1,1,1,1,1,1,1,1,2
SF,IH2012,2020-07-09 09:30:11.700,3391.4000,12238,-1,43859100.000,1,0,1,双平,S,3391.0000,3390.6000,3390.2000,3390.0000,3389.0000,3393.8000,3396.0000,3399.0000,3400.0000,3400.4000,1,1,1,2,1,1,2,1,1,1
SF,IH2012,2020-07-09 09:30:12.200,3391.4000,12237,-1,44876520.000,1,0,1,双平,S,3391.0000,3390.6000,3390.2000,3390.0000,3389.0000,3393.6000,3393.8000,3396.0000,3399.0000,3400.0000,1,1,1,2,1,1,1,1,1,1
SF,IH2012,2020-07-09 09:30:12.700,3391.0000,12236,-1,45893820.000,1,0,1,双平,S,3390.6000,3390.2000,3390.0000,3389.0000,3385.0000,3391.0000,3393.4000,3393.6000,3393.8000,3395.6000,1,1,2,1,1,3,1,1,1,1
SF,IH2012,2020-07-09 09:30:13.200,3391.0000,12234,-2,47928420.000,2,0,2,双平,S,3390.2000,3390.0000,3389.0000,3385.0000,3380.0000,3391.0000,3393.4000,3393.6000,3393.8000,3395.6000,1,2,1,1,3,1,1,1,1,1
SF,IH2012,2020-07-09 09:30:13.700,3389.0000,12230,-4,51996180.000,4,0,4,双平,S,3385.0000,3380.0000,3373.0000,3371.0000,3370.0000,3386.0000,3388.0000,3390.2000,3390.4000,3390.6000,1,3,1,2,1,2,3,3,1,2
SF,IH2012,2020-07-09 09:30:14.200,3385.4000,12227,-3,55044420.000,3,0,3,双平,S,3385.4000,3385.0000,3380.0000,3373.0000,3371.0000,3390.2000,3390.6000,3391.0000,3393.6000,3393.8000,4,1,3,1,2,4,2,2,1,1
SF,IH2012,2020-07-09 09:30:14.700,3385.0000,12222,-5,62153580.000,7,1,6,多平,S,3380.0000,3373.0000,3371.0000,3370.0000,3368.0000,3389.8000,3390.0000,3390.2000,3391.0000,3399.0000,3,1,2,1,2,1,1,6,3,1
SF,IH2012,2020-07-09 09:30:15.200,3389.8000,12223,1,64187400.000,2,1,1,空开,S,3385.2000,3381.4000,3381.0000,3380.4000,3380.2000,3389.8000,3390.2000,3391.0000,3399.0000,3400.0000,1,3,2,3,4,1,6,2,1,1
SF,IH2012,2020-07-09 09:30:15.700,3381.4000,12220,-3,68248680.000,4,0,4,多平,S,3381.4000,3381.0000,3380.4000,3380.2000,3380.0000,3389.0000,3389.6000,3389.8000,3390.2000,3391.0000,2,1,2,2,3,1,1,1,3,2
SF,IH2012,2020-07-09 09:30:16.200,3381.4000,12220,0,68248680.000,0,-,-,-,-,3382.4000,3381.8000,3381.6000,3381.0000,3380.4000,3388.6000,3388.8000,3389.0000,3389.2000,3389.8000,1,1,3,1,1,1,1,1,1,1
SF,IH2012,2020-07-09 09:30:16.700,3381.4000,12220,0,68248680.000,0,-,-,-,-,3382.8000,3382.4000,3381.6000,3380.4000,3380.0000,3388.4000,3388.6000,3389.0000,3389.2000,3389.8000,1,1,4,1,3,1,1,1,1,1
SF,IH2012,2020-07-09 09:30:17.200,3381.4000,12220,0,68248680.000,0,-,-,-,-,3382.8000,3381.6000,3380.4000,3380.0000,3373.0000,3388.0000,3388.4000,3389.2000,3389.8000,3390.2000,1,1,1,3,1,2,1,1,1,3
SF,IH2012,2020-07-09 09:30:17.700,3381.4000,12220,0,68248680.000,0,-,-,-,-,3381.6000,3380.4000,3380.0000,3373.0000,3371.0000,3382.8000,3387.8000,3388.0000,3389.2000,3389.8000,1,1,3,1,2,1,1,2,1,1
SF,IH2012,2020-07-09 09:30:18.200,3382.8000,12220,0,69263520.000,1,0,1,多换,S,3382.8000,3382.0000,3381.6000,3380.0000,3373.0000,3387.8000,3388.0000,3389.2000,3389.8000,3390.2000,3,1,1,3,1,1,2,1,1,3
SF,IH2012,2020-07-09 09:30:18.700,3381.6000,12219,-1,70278000.000,1,0,1,双平,S,3380.0000,3373.0000,3371.0000,3370.0000,3368.0000,3387.4000,3387.6000,3387.8000,3388.0000,3389.2000,3,1,2,1,2,1,2,1,1,1
SF,IH2012,2020-07-09 09:30:19.200,3387.0000,12219,0,71294100.000,1,0,1,多换,S,3381.6000,3381.0000,3380.4000,3380.2000,3380.0000,3387.0000,3387.2000,3387.4000,3387.6000,3388.0000,1,1,1,1,3,1,1,1,2,1
SF,IH2012,2020-07-09 09:30:19.700,3387.0000,12219,0,71294100.000,0,-,-,-,-,3381.8000,3381.6000,3380.4000,3380.0000,3373.0000,3386.0000,3386.6000,3386.8000,3387.6000,3388.0000,1,1,1,3,1,1,1,1,2,1
SF,IH2012,2020-07-09 09:30:20.200,3382.0000,12218,-1,72308700.000,1,0,1,双平,S,3381.8000,3381.6000,3380.4000,3380.0000,3373.0000,3385.8000,3386.0000,3386.6000,3388.0000,3389.2000,1,1,1,3,1,1,1,1,1,1
SF,IH2012,2020-07-09 09:30:20.700,3381.8000,12217,-1,73323240.000,1,0,1,双平,S,3381.6000,3380.4000,3380.0000,3373.0000,3371.0000,3385.2000,3385.6000,3385.8000,3388.0000,3389.2000,1,1,3,1,2,1,1,1,1,1
SF,IH2012,2020-07-09 09:30:21.200,3381.8000,12217,0,73323240.000,0,-,-,-,-,3380.4000,3380.0000,3373.0000,3371.0000,3370.0000,3385.0000,3385.2000,3386.0000,3388.0000,3389.2000,1,3,1,2,1,3,2,1,1,1
SF,IH2012,2020-07-09 09:30:21.700,3384.8000,12217,0,74338680.000,1,0,1,多换,S,3382.8000,3380.0000,3373.0000,3371.0000,3370.0000,3384.4000,3385.0000,3385.2000,3386.0000,3388.0000,1,3,1,2,1,1,2,1,1,1
SF,IH2012,2020-07-09 09:30:22.200,3382.8000,12217,0,75353520.000,1,0,1,多换,S,3380.0000,3373.0000,3371.0000,3370.0000,3368.0000,3381.8000,3384.4000,3384.8000,3385.0000,3385.2000,3,1,2,1,2,1,2,1,2,1
SF,IH2012,2020-07-09 09:30:22.700,3382.0000,12217,0,76368120.000,1,0,1,多换,S,3380.0000,3373.0000,3371.0000,3370.0000,3368.0000,3384.4000,3384.8000,3385.0000,3385.2000,3389.2000,3,1,2,1,2,2,1,2,1,1
SF,IH2012,2020-07-09 09:30:23.200,3382.0000,12217,0,76368120.000,0,-,-,-,-,3380.0000,3375.0000,3373.0000,3371.0000,3370.0000,3384.0000,3384.2000,3384.4000,3385.0000,3385.2000,3,1,1,2,1,1,1,2,1,1
SF,IH2012,2020-07-09 09:30:23.700,3382.0000,12217,0,76368120.000,0,-,-,-,-,3380.0000,3375.0000,3373.0000,3371.0000,3370.0000,3383.0000,3383.8000,3384.0000,3384.4000,3385.0000,3,1,1,2,1,1,2,1,1,1
SF,IH2012,2020-07-09 09:30:24.200,3382.0000,12217,0,76368120.000,0,-,-,-,-,3381.8000,3380.0000,3375.0000,3373.0000,3371.0000,3382.8000,3383.0000,3383.4000,3383.8000,3384.0000,1,3,1,1,2,1,1,1,1,1
SF,IH2012,2020-07-09 09:30:24.700,3382.6000,12217,0,79412460.000,3,1,2,多换,S,3381.8000,3380.0000,3375.0000,3373.0000,3371.0000,3383.0000,3383.4000,3384.0000,3390.2000,3391.0000,1,3,1,1,2,1,1,1,3,1
SF,IH2012,2020-07-09 09:30:25.200,3381.8000,12217,0,82456920.000,3,1,2,多换,S,3380.0000,3375.0000,3373.0000,3371.0000,3370.0000,3384.0000,3390.2000,3391.0000,3399.0000,3400.0000,3,1,1,2,1,1,3,1,1,1
SF,IH2012,2020-07-09 09:30:25.700,3381.8000,12217,0,82456920.000,0,-,-,-,-,3380.2000,3380.0000,3375.0000,3373.0000,3371.0000,3383.8000,3390.2000,3391.0000,3399.0000,3400.0000,2,4,1,1,2,1,3,1,1,1
SF,IH2012,2020-07-09 09:30:26.200,3381.8000,12217,0,82456920.000,0,-,-,-,-,3382.8000,3380.2000,3380.0000,3375.0000,3373.0000,3383.8000,3390.2000,3391.0000,3399.0000,3400.0000,1,2,4,1,1,1,3,1,1,1
SF,IH2012,2020-07-09 09:30:26.700,3381.8000,12217,0,82456920.000,0,-,-,-,-,3382.8000,3380.2000,3380.0000,3375.0000,3373.0000,3390.2000,3391.0000,3399.0000,3400.0000,3403.0000,1,2,4,1,1,3,1,1,1,1
SF,IH2012,2020-07-09 09:30:27.200,3381.8000,12216,-1,83471460.000,1,0,1,双平,S,3383.0000,3382.8000,3380.2000,3380.0000,3375.0000,3389.2000,3389.4000,3389.8000,3390.0000,3390.2000,1,1,2,4,1,1,2,6,1,3
SF,IH2012,2020-07-09 09:30:27.700,3381.8000,12216,0,83471460.000,0,-,-,-,-,3383.0000,3382.8000,3380.8000,3380.2000,3380.0000,3388.8000,3389.0000,3389.2000,3389.4000,3390.2000,1,1,1,2,4,6,1,1,2,3
SF,IH2012,2020-07-09 09:30:28.200,3381.8000,12216,0,83471460.000,0,-,-,-,-,3383.2000,3383.0000,3382.8000,3381.8000,3380.8000,3388.6000,3388.8000,3389.4000,3390.2000,3391.0000,1,1,1,1,1,1,6,2,3,1
SF,IH2012,2020-07-09 09:30:28.700,3383.0000,12214,-2,85501260.000,2,0,2,双平,S,3382.8000,3381.8000,3380.8000,3380.2000,3380.0000,3383.0000,3388.2000,3388.6000,3389.4000,3390.2000,1,1,1,2,5,1,6,1,2,3
SF,IH2012,2020-07-09 09:30:29.200,3383.0000,12213,-1,86516160.000,1,0,1,双平,S,3383.2000,3382.8000,3381.8000,3381.0000,3380.8000,3388.2000,3388.6000,3389.4000,3390.2000,3391.0000,2,1,1,1,1,6,1,2,3,1
SF,IH2012,2020-07-09 09:30:29.700,3388.0000,12213,0,92613060.000,6,3,3,多换,S,3383.2000,3382.8000,3381.8000,3381.6000,3381.0000,3388.0000,3388.2000,3389.4000,3390.2000,3391.0000,1,1,1,1,1,4,6,2,3,1
SF,IH2012,2020-07-09 09:30:30.200,3388.0000,12213,0,92613060.000,0,-,-,-,-,3383.2000,3382.8000,3381.6000,3381.0000,3380.8000,3386.2000,3387.6000,3388.0000,3389.4000,3390.2000,1,1,1,1,1,1,7,4,2,3
SF,IH2012,2020-07-09 09:30:30.700,3383.4000,12212,-1,93628080.000,1,0,1,双平,S,3383.2000,3382.8000,3382.6000,3381.6000,3381.0000,3385.8000,3386.0000,3386.2000,3387.6000,3389.4000,1,1,1,1,1,1,2,1,6,2
SF,IH2012,2020-07-09 09:30:31.200,3383.4000,12212,0,93628080.000,0,-,-,-,-,3383.2000,3382.8000,3382.6000,3381.6000,3381.0000,3385.6000,3385.8000,3386.0000,3387.4000,3387.6000,1,1,1,1,1,1,1,1,1,6
SF,IH2012,2020-07-09 09:30:31.700,3383.2000,12212,0,94643040.000,1,0,1,多换,S,3382.8000,3382.6000,3381.6000,3381.0000,3380.0000,3385.2000,3385.4000,3385.6000,3386.0000,3387.2000,1,1,1,1,5,1,2,1,1,1
SF,IH2012,2020-07-09 09:30:32.200,3382.6000,12211,-1,96672660.000,2,0,2,多平,S,3381.6000,3381.0000,3380.0000,3373.0000,3371.0000,3385.0000,3385.2000,3385.4000,3386.0000,3387.2000,1,1,5,1,2,1,1,2,1,1
SF,IH2012,2020-07-09 09:30:32.700,3382.6000,12211,0,96672660.000,0,-,-,-,-,3381.6000,3381.0000,3380.0000,3373.0000,3371.0000,3384.6000,3384.8000,3385.0000,3385.4000,3386.0000,1,1,5,1,2,1,1,1,2,1
SF,IH2012,2020-07-09 09:30:33.200,3382.6000,12211,0,96672660.000,0,-,-,-,-,3381.6000,3381.0000,3380.0000,3373.0000,3371.0000,3384.4000,3384.6000,3384.8000,3385.4000,3386.0000,1,1,5,1,2,1,6,1,2,1
SF,IH2012,2020-07-09 09:30:33.700,3382.6000,12211,0,96672660.000,0,-,-,-,-,3381.6000,3381.0000,3380.0000,3373.0000,3371.0000,3384.0000,3384.4000,3384.6000,3384.8000,3385.4000,1,1,5,1,2,1,1,5,1,2
SF,IH2012,2020-07-09 09:30:34.200,3381.6000,12212,1,97687140.000,1,1,0,双开,S,3381.0000,3380.0000,3373.0000,3371.0000,3370.0000,3383.8000,3384.0000,3384.6000,3384.8000,3385.4000,1,5,1,2,1,1,1,5,1,2
SF,IH2012,2020-07-09 09:30:34.700,3381.6000,12212,0,97687140.000,0,-,-,-,-,3381.0000,3380.2000,3380.0000,3373.0000,3371.0000,3383.4000,3383.6000,3383.8000,3384.6000,3384.8000,1,2,5,1,2,1,1,1,5,1
SF,IH2012,2020-07-09 09:30:35.200,3381.6000,12212,0,97687140.000,0,-,-,-,-,3381.0000,3380.2000,3380.0000,3373.0000,3371.0000,3383.2000,3383.6000,3384.8000,3386.0000,3387.2000,1,2,5,1,2,1,1,1,1,2
SF,IH2012,2020-07-09 09:30:35.700,3381.6000,12211,-1,98701620.000,1,0,1,双平,S,3381.0000,3380.2000,3380.0000,3373.0000,3371.0000,3383.2000,3383.6000,3384.8000,3387.2000,3387.4000,1,2,5,1,2,1,1,1,2,2
SF,IH2012,2020-07-09 09:30:36.200,3383.0000,12211,0,103776120.000,5,2,3,多换,S,3381.0000,3380.2000,3380.0000,3373.0000,3371.0000,3383.2000,3383.6000,3384.8000,3387.2000,3387.4000,1,2,5,1,2,1,1,1,2,1
SF,IH2012,2020-07-09 09:30:36.700,3381.0000,12211,0,104790420.000,1,0,1,多换,S,3380.2000,3380.0000,3373.0000,3371.0000,3370.0000,3383.2000,3383.6000,3387.2000,3387.4000,3387.8000,2,5,1,2,1,1,1,2,1,1
SF,IH2012,2020-07-09 09:30:37.200,3381.0000,12211,0,104790420.000,0,-,-,-,-,3380.2000,3380.0000,3373.0000,3371.0000,3370.0000,3383.0000,3383.2000,3387.2000,3387.4000,3390.2000,2,5,1,2,1,1,1,2,1,1
SF,IH2012,2020-07-09 09:30:37.700,3382.8000,12211,0,106819560.000,2,1,1,多换,S,3380.4000,3380.2000,3380.0000,3373.0000,3371.0000,3387.2000,3387.4000,3390.2000,3391.0000,3400.0000,1,2,5,1,2,2,1,1,1,1
SF,IH2012,2020-07-09 09:30:38.200,3380.4000,12211,0,107833680.000,1,0,1,多换,S,3380.2000,3380.0000,3373.0000,3371.0000,3370.0000,3384.2000,3385.2000,3386.8000,3387.0000,3387.2000,2,5,1,2,1,1,2,6,1,2
SF,IH2012,2020-07-09 09:30:38.700,3380.2000,12211,0,109861800.000,2,1,1,多换,S,3380.0000,3373.0000,3371.0000,3370.0000,3368.0000,3383.8000,3384.0000,3384.2000,3385.2000,3386.8000,5,1,2,1,10,1,1,1,2,5
SF,IH2012,2020-07-09 09:30:39.200,3380.2000,12211,0,109861800.000,0,-,-,-,-,3380.0000,3373.0000,3371.0000,3370.0000,3368.0000,3383.6000,3383.8000,3384.2000,3385.2000,3386.4000,5,1,2,1,10,1,1,1,2,1
SF,IH2012,2020-07-09 09:30:39.700,3380.2000,12211,0,109861800.000,0,-,-,-,-,3380.0000,3373.0000,3371.0000,3370.0000,3368.0000,3383.6000,3384.2000,3386.4000,3386.8000,3387.2000,5,1,2,1,10,1,1,1,5,1
SF,IH2012,2020-07-09 09:30:40.200,3380.2000,12211,0,109861800.000,0,-,-,-,-,3383.8000,3380.2000,3380.0000,3373.0000,3371.0000,3384.2000,3386.8000,3387.2000,3390.2000,3391.0000,1,3,5,1,2,1,5,1,1,1
SF,IH2012,2020-07-09 09:30:40.700,3380.2000,12211,0,109861800.000,0,-,-,-,-,3383.8000,3380.2000,3380.0000,3373.0000,3371.0000,3384.2000,3386.8000,3387.2000,3390.2000,3391.0000,1,5,5,1,2,1,5,1,1,1
SF,IH2012,2020-07-09 09:30:41.200,3383.8000,12209,-2,112907460.000,3,0,3,多平,S,3380.4000,3380.2000,3380.0000,3373.0000,3371.0000,3387.2000,3390.2000,3391.0000,3400.0000,3403.0000,1,4,5,1,2,1,1,1,1,1
SF,IH2012,2020-07-09 09:30:41.700,3383.8000,12209,0,112907460.000,0,-,-,-,-,3380.8000,3380.6000,3380.4000,3380.2000,3380.0000,3383.8000,3387.2000,3390.2000,3391.0000,3400.0000,1,4,1,1,5,1,1,1,1,1
SF,IH2012,2020-07-09 09:30:42.200,3383.8000,12209,0,113922600.000,1,0,1,多换,S,3381.0000,3380.8000,3380.6000,3380.4000,3380.2000,3387.2000,3390.2000,3391.0000,3400.0000,3403.0000,2,1,2,1,1,1,1,1,1,1
SF,IH2012,2020-07-09 09:30:42.700,3383.8000,12209,0,113922600.000,0,-,-,-,-,3381.6000,3381.4000,3381.2000,3381.0000,3380.6000,3387.2000,3390.2000,3391.0000,3400.0000,3403.0000,1,1,2,2,1,1,1,1,1,1
SF,IH2012,2020-07-09 09:30:43.200,3383.8000,12209,0,113922600.000,0,-,-,-,-,3382.0000,3381.8000,3381.6000,3381.4000,3381.2000,3387.2000,3390.2000,3391.0000,3400.0000,3403.0000,1,2,2,1,2,1,1,1,1,1
SF,IH2012,2020-07-09 09:30:43.700,3383.8000,12209,0,113922600.000,0,-,-,-,-,3382.4000,3382.2000,3382.0000,3381.8000,3381.6000,3387.2000,3390.2000,3391.0000,3400.0000,3403.0000,1,2,1,1,2,1,1,1,1,1
SF,IH2012,2020-07-09 09:30:44.200,3383.8000,12209,0,113922600.000,0,-,-,-,-,3382.8000,3382.6000,3382.4000,3382.2000,3381.8000,3387.2000,3390.2000,3391.0000,3400.0000,3403.0000,2,1,3,1,1,1,1,1,1,1
SF,IH2012,2020-07-09 09:30:44.700,3387.2000,12208,-1,114938760.000,1,0,1,双平,S,3386.4000,3383.0000,3382.8000,3382.6000,3382.4000,3390.2000,3391.0000,3400.0000,3403.0000,3405.0000,2,1,2,1,3,1,1,1,1,1
SF,IH2012,2020-07-09 09:30:45.200,3387.2000,12208,0,114938760.000,0,-,-,-,-,3386.6000,3384.2000,3383.6000,3383.2000,3382.8000,3390.2000,3391.0000,3400.0000,3403.0000,3405.0000,1,1,1,1,1,1,1,1,1,1
SF,IH2012,2020-07-09 09:30:45.700,3387.2000,12208,0,114938760.000,0,-,-,-,-,3386.6000,3384.2000,3383.6000,3383.2000,3382.8000,3390.2000,3391.0000,3400.0000,3403.0000,3405.0000,1,1,1,1,1,1,1,1,1,1
SF,IH2012,2020-07-09 09:30:46.200,3387.2000,12208,0,114938760.000,0,-,-,-,-,3386.6000,3384.2000,3383.2000,3383.0000,3382.8000,3390.2000,3391.0000,3400.0000,3403.0000,3405.0000,1,1,1,1,1,1,1,1,1,1
SF,IH2012,2020-07-09 09:30:46.700,3387.2000,12208,0,114938760.000,0,-,-,-,-,3386.6000,3384.2000,3383.2000,3383.0000,3382.8000,3390.2000,3391.0000,3400.0000,3403.0000,3405.0000,1,1,1,1,1,1,1,1,1,1
SF,IH2012,2020-07-09 09:30:47.200,3387.2000,12208,0,114938760.000,0,-,-,-,-,3384.2000,3383.2000,3383.0000,3382.8000,3382.4000,3390.0000,3390.2000,3391.0000,3400.0000,3403.0000,1,1,1,1,2,1,1,1,1,1
SF,IH2012,2020-07-09 09:30:47.700,3389.8000,12208,0,115955700.000,1,0,1,多换,S,3384.6000,3384.2000,3383.2000,3383.0000,3382.4000,3390.0000,3390.2000,3391.0000,3400.0000,3403.0000,1,1,1,1,2,1,1,1,1,1
SF,IH2012,2020-07-09 09:30:48.200,3389.8000,12208,0,115955700.000,0,-,-,-,-,3384.6000,3383.0000,3382.4000,3381.6000,3381.0000,3390.0000,3390.2000,3391.0000,3400.0000,3403.0000,1,1,1,1,3,1,1,1,1,1
SF,IH2012,2020-07-09 09:30:48.700,3390.0000,12208,0,116972700.000,1,0,1,多换,S,3384.8000,3384.6000,3383.0000,3382.4000,3381.6000,3390.2000,3391.0000,3400.0000,3403.0000,3405.0000,1,1,1,1,1,1,1,1,1,1
SF,IH2012,2020-07-09 09:30:49.200,3390.0000,12208,0,116972700.000,0,-,-,-,-,3385.2000,3385.0000,3384.8000,3383.0000,3382.4000,3390.2000,3391.0000,3400.0000,3403.0000,3405.0000,1,2,1,1,1,1,1,1,1,1
SF,IH2012,2020-07-09 09:30:49.700,3390.0000,12208,0,116972700.000,0,-,-,-,-,3385.4000,3385.2000,3385.0000,3383.0000,3382.4000,3390.2000,3391.0000,3400.0000,3403.0000,3405.0000,2,1,2,1,1,1,1,1,1,1
SF,IH2012,2020-07-09 09:30:50.200,3390.0000,12208,0,116972700.000,0,-,-,-,-,3385.6000,3385.4000,3385.0000,3383.0000,3382.4000,3390.2000,3391.0000,3400.0000,3403.0000,3405.0000,2,3,1,1,1,1,1,1,1,1
SF,IH2012,2020-07-09 09:30:50.700,3390.0000,12208,0,116972700.000,0,-,-,-,-,3385.8000,3385.6000,3385.4000,3385.0000,3383.0000,3390.2000,3391.0000,3400.0000,3403.0000,3405.0000,2,2,1,1,1,1,1,1,1,1
SF,IH2012,2020-07-09 09:30:51.200,3390.0000,12208,0,116972700.000,0,-,-,-,-,3386.2000,3386.0000,3385.8000,3385.0000,3383.0000,3390.2000,3391.0000,3400.0000,3403.0000,3405.0000,2,2,2,1,1,1,1,1,1,1
SF,IH2012,2020-07-09 09:30:51.700,3390.0000,12208,0,116972700.000,0,-,-,-,-,3386.4000,3386.2000,3386.0000,3385.0000,3383.0000,3390.2000,3391.0000,3400.0000,3403.0000,3405.0000,2,2,2,1,1,1,1,1,1,1
SF,IH2012,2020-07-09 09:30:52.200,3390.0000,12208,0,116972700.000,0,-,-,-,-,3387.2000,3386.6000,3386.4000,3386.0000,3385.0000,3390.2000,3391.0000,3400.0000,3403.0000,3405.0000,1,1,2,1,1,1,1,1,1,1
SF,IH2012,2020-07-09 09:30:52.700,3390.0000,12208,0,116972700.000,0,-,-,-,-,3387.4000,3387.2000,3386.6000,3386.4000,3386.0000,3390.2000,3391.0000,3400.0000,3403.0000,3405.0000,1,1,1,1,1,1,1,1,1,1
SF,IH2012,2020-07-09 09:30:53.200,3390.0000,12208,0,116972700.000,0,-,-,-,-,3387.4000,3386.6000,3386.4000,3386.0000,3385.0000,3390.2000,3391.0000,3400.0000,3403.0000,3405.0000,1,1,1,1,1,1,1,1,1,1
SF,IH2012,2020-07-09 09:30:53.700,3387.6000,12206,-2,119005260.000,2,0,2,双平,S,3387.4000,3386.6000,3386.0000,3385.0000,3383.0000,3390.2000,3391.0000,3400.0000,3403.0000,3405.0000,1,1,1,1,1,1,1,1,1,1
SF,IH2012,2020-07-09 09:30:54.200,3387.6000,12206,0,119005260.000,0,-,-,-,-,3387.4000,3386.6000,3386.0000,3385.0000,3383.0000,3390.2000,3391.0000,3400.0000,3403.0000,3405.0000,1,1,1,1,1,1,1,1,1,1
SF,IH2012,2020-07-09 09:30:54.700,3387.6000,12206,0,119005260.000,0,-,-,-,-,3387.4000,3386.6000,3386.0000,3385.0000,3383.0000,3391.0000,3400.0000,3403.0000,3405.0000,3411.0000,1,1,1,1,1,1,1,1,1,1
SF,IH2012,2020-07-09 09:30:55.200,3387.6000,12206,0,119005260.000,0,-,-,-,-,3387.4000,3386.6000,3386.0000,3383.0000,3381.6000,3390.8000,3391.0000,3400.0000,3403.0000,3405.0000,1,1,1,1,1,1,1,1,1,1
SF,IH2012,2020-07-09 09:30:55.700,3387.6000,12206,0,119005260.000,0,-,-,-,-,3387.4000,3386.6000,3386.0000,3383.0000,3381.6000,3390.8000,3391.0000,3400.0000,3403.0000,3405.0000,1,1,1,1,1,1,1,1,1,1
SF,IH2012,2020-07-09 09:30:56.200,3387.6000,12206,0,119005260.000,0,-,-,-,-,3387.4000,3386.6000,3386.0000,3383.0000,3381.6000,3390.8000,3391.0000,3400.0000,3403.0000,3405.0000,1,1,1,1,1,1,1,1,1,1
SF,IH2012,2020-07-09 09:30:56.700,3387.6000,12206,0,119005260.000,0,-,-,-,-,3387.4000,3386.6000,3386.0000,3383.0000,3381.6000,3391.0000,3400.0000,3403.0000,3405.0000,3411.0000,1,1,1,1,1,1,1,1,1,1
SF,IH2012,2020-07-09 09:30:57.200,3387.6000,12206,0,119005260.000,0,-,-,-,-,3387.4000,3386.6000,3386.0000,3383.0000,3381.6000,3391.0000,3400.0000,3403.0000,3405.0000,3411.0000,1,1,1,1,1,1,1,1,1,1
SF,IH2012,2020-07-09 09:30:57.700,3387.6000,12206,0,119005260.000,0,-,-,-,-,3387.6000,3387.4000,3386.6000,3386.0000,3383.0000,3391.0000,3400.0000,3403.0000,3405.0000,3411.0000,1,1,1,1,1,1,1,1,1,1
SF,IH2012,2020-07-09 09:30:58.200,3391.0000,12205,-1,120022560.000,1,0,1,双平,S,3387.8000,3387.6000,3386.0000,3383.0000,3381.6000,3400.0000,3403.0000,3405.0000,3411.0000,3414.6000,2,1,1,1,1,1,1,1,1,6
SF,IH2012,2020-07-09 09:30:58.700,3391.0000,12205,0,120022560.000,0,-,-,-,-,3388.0000,3387.8000,3387.6000,3386.0000,3383.0000,3397.8000,3398.0000,3398.4000,3398.8000,3399.0000,1,2,1,1,1,2,1,1,2,1
SF,IH2012,2020-07-09 09:30:59.200,3391.0000,12205,0,120022560.000,0,-,-,-,-,3388.4000,3388.2000,3388.0000,3387.6000,3386.0000,3397.4000,3397.6000,3397.8000,3398.0000,3398.8000,1,1,1,1,1,6,1,2,1,2
SF,IH2012,2020-07-09 09:30:59.700,3391.0000,12205,0,120022560.000,0,-,-,-,-,3388.6000,3388.4000,3388.0000,3387.6000,3386.0000,3396.4000,3397.2000,3397.4000,3397.8000,3398.0000,1,1,1,1,1,1,1,6,2,1
SF,IH2012,2020-07-09 09:31:00.200,3391.0000,12205,0,120022560.000,0,-,-,-,-,3389.2000,3388.8000,3388.6000,3388.4000,3388.0000,3396.0000,3396.4000,3397.8000,3398.0000,3398.8000,1,1,2,1,1,6,1,2,1,2
SF,IH2012,2020-07-09 09:31:00.700,3391.0000,12205,0,120022560.000,0,-,-,-,-,3389.4000,3389.2000,3388.8000,3388.6000,3388.4000,3395.8000,3396.0000,3397.8000,3398.0000,3398.8000,2,1,1,1,1,1,6,2,1,2
SF,IH2012,2020-07-09 09:31:01.200,3391.0000,12205,0,120022560.000,0,-,-,-,-,3389.4000,3389.2000,3388.4000,3388.0000,3387.6000,3395.4000,3395.8000,3397.8000,3398.0000,3400.0000,3,1,1,1,1,6,1,2,1,1
SF,IH2012,2020-07-09 09:31:01.700,3391.0000,12205,0,120022560.000,0,-,-,-,-,3389.4000,3389.2000,3388.4000,3388.0000,3387.6000,3395.2000,3395.4000,3397.8000,3398.0000,3400.0000,3,1,1,1,1,1,6,2,1,1
SF,IH2012,2020-07-09 09:31:02.200,3391.0000,12205,0,120022560.000,0,-,-,-,-,3389.8000,3389.4000,3388.4000,3388.0000,3387.6000,3394.8000,3395.2000,3397.8000,3398.0000,3400.0000,1,3,1,1,1,6,1,2,1,1
SF,IH2012,2020-07-09 09:31:02.700,3391.0000,12205,0,120022560.000,0,-,-,-,-,3390.0000,3389.8000,3389.4000,3388.4000,3388.0000,3394.6000,3394.8000,3397.8000,3398.0000,3400.0000,2,2,1,1,1,1,6,2,1,1
SF,IH2012,2020-07-09 09:31:03.200,3391.0000,12205,0,120022560.000,0,-,-,-,-,3390.0000,3389.8000,3388.4000,3388.0000,3387.6000,3394.2000,3394.6000,3397.8000,3398.0000,3400.0000,2,1,1,1,1,6,1,2,1,1
SF,IH2012,2020-07-09 09:31:03.700,3391.0000,12205,0,120022560.000,0,-,-,-,-,3390.0000,3388.4000,3388.0000,3387.6000,3383.0000,3394.0000,3394.2000,3397.8000,3398.0000,3400.0000,2,1,1,2,1,1,6,2,1,1
SF,IH2012,2020-07-09 09:31:04.200,3391.0000,12205,0,120022560.000,0,-,-,-,-,3390.0000,3388.4000,3388.0000,3387.6000,3383.0000,3393.6000,3394.0000,3397.8000,3398.0000,3400.0000,2,1,1,2,1,6,1,2,1,1
SF,IH2012,2020-07-09 09:31:04.700,3391.0000,12205,0,120022560.000,0,-,-,-,-,3390.0000,3388.4000,3387.6000,3383.0000,3381.6000,3393.4000,3393.6000,3397.8000,3398.0000,3400.0000,2,1,2,1,1,1,1,2,1,1
SF,IH2012,2020-07-09 09:31:05.200,3390.0000,12206,1,121039560.000,1,1,0,双开,S,3388.4000,3387.6000,3383.0000,3381.6000,3381.0000,3393.0000,3393.2000,3393.4000,3397.8000,3398.0000,1,2,1,1,1,1,6,1,2,1
SF,IH2012,2020-07-09 09:31:05.700,3390.0000,12206,0,121039560.000,0,-,-,-,-,3388.6000,3387.6000,3383.0000,3381.6000,3381.0000,3392.8000,3393.0000,3393.2000,3397.8000,3398.0000,1,2,1,1,1,2,1,5,2,1
SF,IH2012,2020-07-09 09:31:06.200,3392.4000,12206,0,122057280.000,1,0,1,多换,S,3389.0000,3388.6000,3387.6000,3383.0000,3381.6000,3392.8000,3397.8000,3398.0000,3403.0000,3405.0000,1,1,2,1,1,2,2,1,1,1
SF,IH2012,2020-07-09 09:31:06.700,3392.4000,12206,0,122057280.000,0,-,-,-,-,3389.4000,3389.2000,3387.6000,3383.0000,3381.6000,3392.8000,3397.8000,3398.0000,3403.0000,3405.0000,1,1,2,1,1,2,2,1,1,1
SF,IH2012,2020-07-09 09:31:07.200,3392.4000,12206,0,122057280.000,0,-,-,-,-,3389.6000,3387.6000,3383.0000,3381.6000,3381.0000,3392.8000,3397.8000,3398.0000,3403.0000,3405.0000,1,2,1,1,1,2,1,1,1,1
SF,IH2012,2020-07-09 09:31:08.200,3389.6000,12205,-1,123074160.000,1,0,1,双平,S,3387.6000,3383.0000,3381.6000,3381.0000,3380.4000,3392.8000,3397.8000,3398.0000,3403.0000,3405.0000,2,1,1,1,9,2,1,1,1,1
SF,IH2012,2020-07-09 09:31:08.700,3389.6000,12205,0,123074160.000,0,-,-,-,-,3387.8000,3387.6000,3383.0000,3381.6000,3380.4000,3392.4000,3392.6000,3392.8000,3398.0000,3403.0000,2,1,1,1,9,5,1,2,1,1
SF,IH2012,2020-07-09 09:31:09.200,3389.6000,12205,0,123074160.000,0,-,-,-,-,3387.6000,3383.0000,3381.6000,3380.4000,3380.0000,3389.0000,3392.2000,3392.4000,3392.6000,3398.0000,1,1,1,9,5,1,2,5,1,1
SF,IH2012,2020-07-09 09:31:09.700,3387.6000,12205,0,124090440.000,1,0,1,多换,S,3383.0000,3381.6000,3380.4000,3380.0000,3373.0000,3389.0000,3392.2000,3392.4000,3392.6000,3398.0000,1,1,9,5,1,1,2,5,1,1
SF,IH2012,2020-07-09 09:31:10.200,3387.6000,12205,0,124090440.000,0,-,-,-,-,3387.2000,3383.4000,3383.2000,3383.0000,3381.6000,3388.6000,3388.8000,3389.0000,3398.0000,3403.0000,1,2,1,1,1,5,2,1,1,1
SF,IH2012,2020-07-09 09:31:10.700,3387.2000,12205,0,125106600.000,1,0,1,多换,S,3383.4000,3383.2000,3383.0000,3381.6000,3380.4000,3387.2000,3388.8000,3389.0000,3403.0000,3411.0000,2,1,1,1,9,2,1,2,1,1
SF,IH2012,2020-07-09 09:31:11.200,3387.2000,12205,0,125106600.000,0,-,-,-,-,3383.6000,3383.4000,3383.0000,3381.6000,3380.4000,3387.0000,3389.0000,3403.0000,3411.0000,3414.6000,1,2,1,1,9,1,2,1,1,6
SF,IH2012,2020-07-09 09:31:11.700,3387.0000,12205,0,127138800.000,2,1,1,多换,S,3384.0000,3383.8000,3383.6000,3383.0000,3381.6000,3389.0000,3403.0000,3411.0000,3414.6000,3419.8000,2,1,1,1,1,2,1,1,6,1
SF,IH2012,2020-07-09 09:31:12.200,3387.0000,12205,0,127138800.000,0,-,-,-,-,3384.2000,3384.0000,3383.0000,3381.6000,3380.4000,3388.8000,3389.0000,3392.2000,3403.0000,3411.0000,4,2,1,1,1,1,2,1,1,1
SF,IH2012,2020-07-09 09:31:12.700,3388.8000,12205,0,128155440.000,1,0,1,多换,S,3384.6000,3384.2000,3383.0000,3381.6000,3380.4000,3389.0000,3392.2000,3403.0000,3411.0000,3414.6000,2,4,1,1,1,2,1,1,1,6
SF,IH2012,2020-07-09 09:31:13.200,3388.8000,12205,0,128155440.000,0,-,-,-,-,3384.8000,3384.6000,3384.2000,3383.0000,3381.6000,3388.8000,3389.0000,3392.2000,3393.4000,3403.0000,2,3,2,1,1,1,2,1,1,1
SF,IH2012,2020-07-09 09:31:13.700,3388.8000,12205,0,128155440.000,0,-,-,-,-,3385.2000,3384.8000,3384.2000,3383.0000,3381.6000,3388.8000,3389.0000,3392.2000,3393.4000,3403.0000,2,3,2,1,1,1,2,1,1,1
SF,IH2012,2020-07-09 09:31:14.200,3388.8000,12205,0,128155440.000,0,-,-,-,-,3385.4000,3385.2000,3385.0000,3384.8000,3384.2000,3388.8000,3389.0000,3392.2000,3393.4000,3403.0000,2,1,1,1,2,1,2,1,1,1
SF,IH2012,2020-07-09 09:31:14.700,3388.8000,12204,-1,129172080.000,1,0,1,双平,S,3385.8000,3385.4000,3384.8000,3384.2000,3383.0000,3389.0000,3392.2000,3393.4000,3403.0000,3411.0000,1,2,1,2,1,2,1,1,1,1
SF,IH2012,2020-07-09 09:31:15.200,3388.8000,12204,0,129172080.000,0,-,-,-,-,3386.0000,3385.8000,3384.8000,3384.2000,3383.0000,3389.0000,3392.2000,3393.4000,3403.0000,3411.0000,2,1,1,2,1,2,1,1,1,1
SF,IH2012,2020-07-09 09:31:15.700,3388.8000,12204,0,129172080.000,0,-,-,-,-,3386.4000,3386.0000,3385.6000,3384.8000,3384.2000,3389.0000,3392.2000,3393.4000,3403.0000,3411.0000,1,2,1,1,2,2,1,1,1,1
SF,IH2012,2020-07-09 09:31:16.200,3389.0000,12202,-2,131205480.000,2,0,2,双平,S,3386.6000,3386.4000,3385.6000,3384.8000,3384.2000,3392.2000,3393.4000,3403.0000,3411.0000,3414.6000,2,1,1,1,2,1,1,1,1,6
SF,IH2012,2020-07-09 09:31:16.700,3389.0000,12202,0,131205480.000,0,-,-,-,-,3389.0000,3387.0000,3386.8000,3386.6000,3384.8000,3391.8000,3392.0000,3392.2000,3393.4000,3403.0000,1,1,1,2,1,5,1,1,1,1
SF,IH2012,2020-07-09 09:31:17.200,3389.0000,12202,0,131205480.000,0,-,-,-,-,3389.2000,3389.0000,3387.0000,3386.8000,3386.6000,3391.6000,3392.2000,3393.4000,3403.0000,3411.0000,1,1,1,1,1,1,1,1,1,1
SF,IH2012,2020-07-09 09:31:17.700,3389.0000,12202,0,131205480.000,0,-,-,-,-,3389.2000,3389.0000,3387.0000,3386.8000,3386.6000,3391.6000,3392.2000,3393.4000,3403.0000,3411.0000,1,1,1,1,1,1,1,1,1,1
SF,IH2012,2020-07-09 09:31:18.200,3389.0000,12202,0,131205480.000,0,-,-,-,-,3389.4000,3389.2000,3389.0000,3387.0000,3386.8000,3391.6000,3392.2000,3393.4000,3403.0000,3411.0000,1,1,1,1,1,1,1,1,1,1
SF,IH2012,2020-07-09 09:31:19.200,3389.0000,12202,0,131205480.000,0,-,-,-,-,3389.4000,3389.2000,3389.0000,3387.0000,3386.8000,3391.6000,3392.2000,3393.0000,3393.4000,3403.0000,1,1,1,1,1,1,1,1,1,1
SF,IH2012,2020-07-09 09:31:19.700,3391.6000,12202,0,132222960.000,1,0,1,多换,S,3391.6000,3389.4000,3389.2000,3389.0000,3387.0000,3392.2000,3393.0000,3393.4000,3403.0000,3411.0000,2,1,1,1,1,1,1,1,1,1
SF,IH2012,2020-07-09 09:31:20.200,3392.2000,12199,-3,135275580.000,3,0,3,双平,S,3389.4000,3389.2000,3389.0000,3387.0000,3386.8000,3393.0000,3393.4000,3403.0000,3411.0000,3414.6000,1,1,1,1,1,1,1,1,1,6
SF,IH2012,2020-07-09 09:31:20.700,3392.2000,12199,0,135275580.000,0,-,-,-,-,3389.8000,3389.6000,3389.4000,3389.0000,3386.8000,3392.0000,3392.8000,3393.0000,3393.4000,3403.0000,1,2,1,1,1,1,1,1,1,1
SF,IH2012,2020-07-09 09:31:21.200,3392.2000,12199,0,135275580.000,0,-,-,-,-,3390.0000,3389.6000,3389.0000,3386.8000,3386.0000,3392.0000,3392.8000,3393.0000,3393.4000,3403.0000,1,2,1,1,1,1,1,1,1,1
SF,IH2012,2020-07-09 09:31:21.700,3392.2000,12199,0,135275580.000,0,-,-,-,-,3390.0000,3389.6000,3389.0000,3386.8000,3386.0000,3391.8000,3392.0000,3392.8000,3393.0000,3393.4000,1,1,1,1,1,1,1,1,1,1
SF,IH2012,2020-07-09 09:31:22.200,3392.2000,12199,0,135275580.000,0,-,-,-,-,3390.0000,3389.6000,3389.0000,3386.8000,3386.0000,3391.8000,3392.0000,3392.8000,3393.0000,3393.4000,1,1,1,1,1,1,1,1,1,1
SF,IH2012,2020-07-09 09:31:22.700,3390.0000,12199,0,136292580.000,1,0,1,多换,S,3389.6000,3389.0000,3386.8000,3386.0000,3384.2000,3390.0000,3391.8000,3392.0000,3392.8000,3393.0000,1,1,1,1,1,1,1,1,1,1
SF,IH2012,2020-07-09 09:31:23.200,3389.6000,12200,1,137309460.000,1,1,0,双开,S,3386.8000,3386.0000,3384.2000,3383.0000,3382.0000,3389.6000,3390.0000,3391.8000,3392.0000,3392.8000,1,1,1,2,1,1,2,1,1,1
SF,IH2012,2020-07-09 09:31:23.700,3389.6000,12199,-1,138326340.000,1,0,1,双平,S,3387.2000,3387.0000,3386.0000,3384.2000,3383.0000,3389.4000,3389.6000,3390.0000,3391.2000,3391.8000,1,1,1,1,2,1,1,2,1,1
SF,IH2012,2020-07-09 09:31:24.200,3389.6000,12199,0,138326340.000,0,-,-,-,-,3387.4000,3387.2000,3386.0000,3384.2000,3383.0000,3389.4000,3389.6000,3390.0000,3391.2000,3392.0000,1,1,1,1,2,1,1,2,1,1
SF,IH2012,2020-07-09 09:31:25.200,3389.6000,12199,0,138326340.000,0,-,-,-,-,3387.4000,3386.0000,3384.2000,3383.0000,3382.0000,3389.4000,3389.6000,3390.0000,3391.2000,3392.0000,1,1,1,2,1,1,1,2,1,1
SF,IH2012,2020-07-09 09:31:25.700,3389.6000,12199,0,138326340.000,0,-,-,-,-,3387.6000,3387.4000,3386.0000,3384.2000,3383.0000,3389.2000,3389.4000,3389.6000,3390.0000,3391.2000,1,1,1,1,2,1,1,1,2,1
SF,IH2012,2020-07-09 09:31:26.200,3389.6000,12198,-1,139343220.000,1,0,1,双平,S,3387.6000,3387.4000,3386.0000,3384.2000,3383.0000,3389.6000,3390.0000,3391.2000,3392.0000,3392.4000,1,1,1,1,2,1,2,1,1,1
SF,IH2012,2020-07-09 09:31:26.700,3389.6000,12198,0,139343220.000,0,-,-,-,-,3387.8000,3387.6000,3386.0000,3384.2000,3383.0000,3389.6000,3390.0000,3391.2000,3392.0000,3392.4000,1,1,1,1,2,1,2,1,1,1
SF,IH2012,2020-07-09 09:31:27.200,3389.6000,12198,0,140360100.000,1,0,1,多换,S,3387.8000,3387.6000,3386.0000,3384.2000,3383.0000,3390.0000,3391.2000,3392.0000,3392.4000,3392.8000,1,1,1,1,2,2,1,1,1,1
SF,IH2012,2020-07-09 09:31:27.700,3389.6000,12198,0,140360100.000,0,-,-,-,-,3388.0000,3387.8000,3387.6000,3386.0000,3384.2000,3390.0000,3391.2000,3392.0000,3392.4000,3392.8000,1,1,1,1,1,2,1,1,1,1
SF,IH2012,2020-07-09 09:31:28.200,3390.0000,12197,-1,141377100.000,1,0,1,双平,S,3388.2000,3388.0000,3387.6000,3386.0000,3384.2000,3391.2000,3392.0000,3392.4000,3392.8000,3393.0000,1,1,1,1,1,1,1,1,1,1
SF,IH2012,2020-07-09 09:31:28.700,3390.0000,12197,0,141377100.000,0,-,-,-,-,3388.6000,3388.4000,3388.2000,3387.6000,3386.0000,3392.0000,3392.8000,3393.0000,3393.4000,3403.0000,1,1,2,1,1,1,1,1,1,1
SF,IH2012,2020-07-09 09:31:29.200,3392.0000,12196,-1,142394700.000,1,0,1,双平,S,3388.8000,3388.6000,3388.2000,3387.6000,3386.0000,3392.8000,3393.0000,3393.4000,3395.0000,3403.0000,2,1,1,1,1,1,1,1,2,1
SF,IH2012,2020-07-09 09:31:29.700,3392.0000,12196,0,142394700.000,0,-,-,-,-,3392.0000,3389.4000,3389.2000,3389.0000,3388.8000,3393.0000,3393.4000,3395.0000,3403.0000,3406.4000,2,2,1,1,2,1,1,2,1,1
SF,IH2012,2020-07-09 09:31:30.200,3393.0000,12195,-1,143412600.000,1,0,1,双平,S,3393.2000,3389.4000,3389.2000,3389.0000,3388.8000,3393.4000,3395.0000,3403.0000,3406.4000,3411.0000,1,1,1,1,2,1,2,1,1,1
SF,IH2012,2020-07-09 09:31:30.700,3393.2000,12193,-2,145448580.000,2,0,2,双平,S,3390.0000,3389.4000,3389.2000,3389.0000,3388.8000,3392.8000,3395.0000,3403.0000,3406.4000,3411.0000,1,1,1,1,2,1,2,1,1,1
SF,IH2012,2020-07-09 09:31:31.200,3393.2000,12192,-1,146466540.000,1,0,1,双平,S,3390.4000,3390.2000,3390.0000,3389.4000,3389.0000,3395.0000,3403.0000,3406.4000,3411.0000,3414.6000,1,2,1,1,1,2,1,1,1,6
SF,IH2012,2020-07-09 09:31:31.700,3393.2000,12192,0,146466540.000,0,-,-,-,-,3390.8000,3390.6000,3390.4000,3390.2000,3390.0000,3395.0000,3403.0000,3406.4000,3411.0000,3414.6000,1,2,1,1,1,2,1,1,1,6
SF,IH2012,2020-07-09 09:31:32.200,3393.2000,12192,0,146466540.000,0,-,-,-,-,3391.2000,3391.0000,3390.8000,3390.2000,3390.0000,3395.0000,3403.0000,3406.4000,3411.0000,3414.6000,2,2,1,1,1,2,1,1,1,6
SF,IH2012,2020-07-09 09:31:32.700,3395.0000,12190,-2,148503540.000,2,0,2,双平,S,3394.4000,3391.6000,3391.4000,3391.2000,3390.2000,3403.0000,3406.4000,3411.0000,3414.6000,3419.8000,2,1,2,2,1,1,1,1,6,1
SF,IH2012,2020-07-09 09:31:33.200,3395.0000,12190,0,148503540.000,0,-,-,-,-,3394.8000,3394.6000,3391.6000,3391.2000,3390.0000,3401.4000,3402.0000,3402.6000,3402.8000,3403.0000,1,2,1,1,1,1,2,5,1,1
SF,IH2012,2020-07-09 09:31:33.700,3395.0000,12190,0,148503540.000,0,-,-,-,-,3395.0000,3391.6000,3391.2000,3390.0000,3389.4000,3401.0000,3401.2000,3401.4000,3402.0000,3403.0000,2,1,1,1,1,5,5,1,2,1
SF,IH2012,2020-07-09 09:31:34.200,3395.0000,12190,0,148503540.000,0,-,-,-,-,3395.0000,3391.6000,3391.2000,3390.0000,3389.4000,3400.8000,3401.0000,3401.4000,3402.0000,3403.0000,2,1,1,1,1,1,5,1,2,1
SF,IH2012,2020-07-09 09:31:34.700,3395.0000,12190,0,148503540.000,0,-,-,-,-,3395.0000,3391.6000,3391.2000,3390.0000,3389.4000,3400.4000,3400.8000,3401.4000,3402.0000,3403.0000,2,1,1,1,1,5,1,1,2,1
SF,IH2012,2020-07-09 09:31:35.200,3400.4000,12189,-1,154624080.000,6,2,4,多平,S,3395.0000,3391.6000,3391.2000,3390.0000,3389.4000,3400.4000,3401.4000,3402.0000,3403.0000,3406.4000,2,1,1,1,1,3,1,2,1,1
SF,IH2012,2020-07-09 09:31:35.700,3400.4000,12189,0,154624080.000,0,-,-,-,-,3395.0000,3391.6000,3390.0000,3389.4000,3388.2000,3400.2000,3400.4000,3401.4000,3402.0000,3403.0000,2,1,1,1,1,2,3,1,2,1
SF,IH2012,2020-07-09 09:31:36.200,3400.4000,12189,0,154624080.000,0,-,-,-,-,3395.0000,3391.6000,3389.4000,3388.2000,3386.0000,3399.8000,3400.2000,3401.4000,3402.0000,3403.0000,2,1,1,1,1,3,2,1,2,1
SF,IH2012,2020-07-09 09:31:36.700,3395.0000,12188,-1,155642580.000,1,0,1,双平,S,3395.4000,3395.0000,3391.6000,3389.4000,3388.2000,3399.6000,3399.8000,3400.2000,3401.4000,3402.0000,1,1,1,1,1,1,3,1,1,2
SF,IH2012,2020-07-09 09:31:37.200,3395.0000,12188,0,155642580.000,0,-,-,-,-,3395.6000,3395.4000,3391.6000,3389.4000,3388.2000,3399.2000,3399.6000,3400.0000,3400.2000,3401.4000,2,1,1,1,1,3,1,1,1,1
SF,IH2012,2020-07-09 09:31:37.700,3395.0000,12188,0,155642580.000,0,-,-,-,-,3395.6000,3391.6000,3388.2000,3386.0000,3384.2000,3399.0000,3399.2000,3400.0000,3400.2000,3401.4000,2,1,1,1,1,1,3,1,1,1
SF,IH2012,2020-07-09 09:31:38.200,3395.0000,12188,0,155642580.000,0,-,-,-,-,3395.6000,3391.6000,3388.6000,3388.2000,3386.0000,3398.6000,3399.0000,3400.2000,3401.4000,3402.0000,1,1,1,1,1,3,1,1,1,2
SF,IH2012,2020-07-09 09:31:38.700,3395.0000,12188,0,155642580.000,0,-,-,-,-,3395.8000,3395.6000,3391.6000,3388.6000,3388.2000,3398.4000,3398.6000,3400.2000,3401.4000,3402.0000,1,1,1,1,1,1,3,1,1,2
SF,IH2012,2020-07-09 09:31:39.200,3398.0000,12189,1,157681380.000,2,1,1,空开,S,3396.0000,3391.6000,3388.6000,3388.2000,3386.0000,3398.0000,3398.4000,3400.2000,3401.4000,3402.0000,1,1,1,1,1,1,1,1,1,2
SF,IH2012,2020-07-09 09:31:39.700,3398.0000,12189,0,157681380.000,0,-,-,-,-,3396.0000,3391.6000,3388.6000,3388.2000,3386.0000,3397.8000,3398.0000,3400.2000,3401.4000,3402.0000,1,1,1,1,1,1,1,1,1,2
SF,IH2012,2020-07-09 09:31:40.200,3396.0000,12189,0,158700180.000,1,0,1,多换,S,3396.0000,3391.6000,3388.6000,3388.2000,3386.0000,3397.6000,3397.8000,3400.2000,3401.4000,3402.0000,1,1,1,1,1,2,1,1,1,2
SF,IH2012,2020-07-09 09:31:40.700,3397.6000,12188,-1,160738260.000,2,0,2,多平,S,3391.6000,3388.6000,3388.2000,3386.0000,3383.0000,3397.8000,3401.4000,3402.0000,3406.4000,3411.0000,1,1,1,1,2,1,1,2,1,1
SF,IH2012,2020-07-09 09:31:41.200,3397.6000,12188,0,161757540.000,1,0,1,多换,S,3392.0000,3391.8000,3388.6000,3388.2000,3386.0000,3396.0000,3397.2000,3397.6000,3397.8000,3401.4000,1,2,1,1,1,1,1,1,1,1
SF,IH2012,2020-07-09 09:31:41.700,3397.6000,12188,0,161757540.000,0,-,-,-,-,3392.2000,3392.0000,3391.8000,3388.6000,3388.2000,3395.8000,3396.0000,3397.2000,3397.8000,3401.4000,1,1,1,1,1,1,1,1,2,1
SF,IH2012,2020-07-09 09:31:42.200,3397.6000,12188,0,161757540.000,0,-,-,-,-,3392.6000,3392.4000,3392.2000,3391.8000,3388.6000,3395.6000,3395.8000,3396.0000,3397.2000,3397.6000,1,1,1,1,1,2,1,1,2,1
SF,IH2012,2020-07-09 09:31:42.700,3397.6000,12188,0,161757540.000,0,-,-,-,-,3392.8000,3392.4000,3391.8000,3388.6000,3388.2000,3395.4000,3395.6000,3396.0000,3397.2000,3397.6000,1,1,1,1,1,1,2,1,2,1
SF,IH2012,2020-07-09 09:31:43.200,3395.4000,12188,0,162776160.000,1,0,1,多换,S,3392.8000,3392.4000,3391.8000,3388.6000,3386.0000,3395.6000,3396.0000,3397.2000,3397.6000,3397.8000,1,1,1,1,1,2,1,2,1,2
SF,IH2012,2020-07-09 09:31:43.700,3395.4000,12188,0,162776160.000,0,-,-,-,-,3393.0000,3392.8000,3392.4000,3391.8000,3388.6000,3395.6000,3396.0000,3397.2000,3397.6000,3397.8000,2,1,1,1,1,2,1,2,1,2
SF,IH2012,2020-07-09 09:31:44.200,3395.4000,12188,0,162776160.000,0,-,-,-,-,3393.2000,3393.0000,3392.4000,3391.8000,3388.6000,3395.6000,3396.0000,3397.2000,3397.6000,3397.8000,1,3,1,1,1,2,1,1,1,2
SF,IH2012,2020-07-09 09:31:44.700,3395.4000,12188,0,162776160.000,0,-,-,-,-,3393.4000,3393.2000,3393.0000,3392.4000,3391.8000,3395.6000,3396.0000,3397.8000,3401.4000,3402.0000,3,1,1,1,1,2,1,2,1,2
SF,IH2012,2020-07-09 09:31:45.200,3395.4000,12188,0,162776160.000,0,-,-,-,-,3393.6000,3393.4000,3393.0000,3392.4000,3391.8000,3395.6000,3396.0000,3397.8000,3401.4000,3402.0000,1,3,1,1,1,2,1,2,1,2
SF,IH2012,2020-07-09 09:31:45.700,3395.6000,12189,1,163794840.000,1,1,0,双开,S,3393.6000,3393.4000,3393.0000,3392.6000,3392.4000,3395.6000,3396.0000,3397.8000,3401.4000,3402.0000,1,3,1,1,1,1,1,2,1,2
SF,IH2012,2020-07-09 09:31:46.200,3395.6000,12188,-1,165832200.000,2,0,2,多平,S,3395.6000,3393.8000,3393.6000,3393.4000,3393.0000,3397.8000,3401.4000,3402.0000,3406.4000,3411.0000,2,1,1,2,1,2,1,2,1,1
SF,IH2012,2020-07-09 09:31:46.700,3395.6000,12187,-1,166850880.000,1,0,1,双平,S,3395.6000,3393.8000,3393.6000,3393.4000,3393.0000,3397.8000,3401.4000,3402.0000,3406.4000,3411.0000,1,1,1,2,1,2,1,2,1,1
SF,IH2012,2020-07-09 09:31:47.200,3395.6000,12187,0,166850880.000,0,-,-,-,-,3395.8000,3395.6000,3393.8000,3393.4000,3393.0000,3397.8000,3399.8000,3401.4000,3402.0000,3406.4000,1,1,1,2,1,2,1,1,2,1
SF,IH2012,2020-07-09 09:31:47.700,3395.6000,12187,0,166850880.000,0,-,-,-,-,3395.8000,3395.6000,3393.4000,3393.0000,3392.6000,3397.8000,3399.8000,3401.4000,3402.0000,3406.4000,1,1,2,1,1,1,1,1,2,1
SF,IH2012,2020-07-09 09:31:48.200,3397.8000,12186,-1,167870220.000,1,0,1,双平,S,3396.0000,3395.8000,3395.6000,3394.2000,3393.4000,3399.8000,3401.4000,3402.0000,3406.4000,3411.0000,2,1,1,1,2,1,1,1,1,1
SF,IH2012,2020-07-09 09:31:48.700,3397.8000,12186,0,167870220.000,0,-,-,-,-,3396.2000,3396.0000,3395.6000,3394.2000,3393.4000,3399.8000,3401.4000,3406.4000,3411.0000,3414.6000,2,2,1,1,1,1,1,1,1,6
SF,IH2012,2020-07-09 09:31:49.200,3397.8000,12186,0,167870220.000,0,-,-,-,-,3396.6000,3396.2000,3396.0000,3395.6000,3394.2000,3399.8000,3401.4000,3406.4000,3411.0000,3414.6000,1,2,1,1,1,1,1,1,1,6
SF,IH2012,2020-07-09 09:31:49.700,3397.8000,12186,0,167870220.000,0,-,-,-,-,3396.8000,3396.6000,3396.0000,3395.6000,3394.2000,3399.8000,3401.4000,3406.4000,3411.0000,3414.6000,2,1,1,1,1,1,1,1,1,6
SF,IH2012,2020-07-09 09:31:50.200,3399.8000,12185,-1,168890160.000,1,0,1,双平,S,3397.2000,3397.0000,3396.8000,3396.0000,3395.6000,3401.4000,3406.4000,3411.0000,3414.6000,3419.8000,1,6,1,1,1,1,1,1,6,1
SF,IH2012,2020-07-09 09:31:50.700,3399.8000,12185,0,168890160.000,0,-,-,-,-,3397.6000,3397.4000,3397.2000,3397.0000,3396.0000,3399.8000,3401.4000,3406.4000,3411.0000,3414.6000,1,2,2,5,1,1,1,1,1,6
SF,IH2012,2020-07-09 09:31:51.200,3399.8000,12186,1,169910100.000,1,1,0,双开,S,3398.0000,3397.6000,3397.4000,3397.0000,3396.0000,3406.4000,3411.0000,3414.6000,3419.8000,3420.0000,1,2,5,1,1,1,1,6,1,1
SF,IH2012,2020-07-09 09:31:51.700,3398.2000,12185,-1,170929560.000,1,0,1,双平,S,3398.2000,3398.0000,3397.4000,3397.0000,3396.0000,3404.8000,3405.4000,3406.0000,3406.2000,3406.4000,2,2,4,1,1,1,1,2,4,1
SF,IH2012,2020-07-09 09:31:52.200,3398.2000,12185,0,170929560.000,0,-,-,-,-,3399.8000,3398.6000,3398.2000,3398.0000,3397.4000,3403.8000,3404.4000,3404.6000,3404.8000,3406.2000,1,1,1,1,4,3,2,2,1,2
SF,IH2012,2020-07-09 09:31:52.700,3398.2000,12185,0,170929560.000,0,-,-,-,-,3400.0000,3399.8000,3398.6000,3397.4000,3397.0000,3403.4000,3403.6000,3403.8000,3404.4000,3404.8000,2,3,3,4,1,1,2,3,1,1
SF,IH2012,2020-07-09 09:31:53.200,3398.2000,12185,0,170929560.000,0,-,-,-,-,3400.2000,3400.0000,3399.8000,3398.6000,3397.4000,3403.2000,3403.4000,3403.8000,3404.4000,3404.8000,1,1,3,3,4,1,1,3,1,1
SF,IH2012,2020-07-09 09:31:53.700,3398.2000,12185,0,170929560.000,0,-,-,-,-,3400.4000,3400.2000,3399.8000,3398.6000,3397.4000,3402.8000,3403.2000,3404.8000,3406.2000,3406.4000,1,2,3,2,4,1,1,1,2,1
SF,IH2012,2020-07-09 09:31:54.200,3398.2000,12185,0,170929560.000,0,-,-,-,-,3400.6000,3400.4000,3399.8000,3398.6000,3397.4000,3402.8000,3403.2000,3404.8000,3406.2000,3406.4000,3,1,3,2,4,1,1,1,2,1
SF,IH2012,2020-07-09 09:31:54.700,3398.2000,12185,0,170929560.000,0,-,-,-,-,3400.8000,3400.6000,3399.8000,3398.6000,3397.4000,3404.8000,3406.4000,3411.0000,3414.6000,3419.8000,1,2,3,2,4,1,1,1,6,1
SF,IH2012,2020-07-09 09:31:55.200,3398.2000,12185,0,170929560.000,0,-,-,-,-,3401.2000,3401.0000,3400.8000,3400.6000,3399.8000,3404.4000,3404.6000,3404.8000,3406.4000,3411.0000,1,5,1,1,3,1,2,1,1,1
SF,IH2012,2020-07-09 09:31:55.700,3398.2000,12185,0,170929560.000,0,-,-,-,-,3401.6000,3401.4000,3401.2000,3401.0000,3400.6000,3406.4000,3411.0000,3414.6000,3419.8000,3420.0000,4,2,1,1,1,1,1,6,1,1
SF,IH2012,2020-07-09 09:31:56.200,3398.2000,12185,0,170929560.000,0,-,-,-,-,3402.0000,3401.8000,3401.4000,3401.0000,3400.2000,3406.0000,3406.2000,3406.4000,3411.0000,3414.6000,1,2,1,1,1,1,1,1,1,6
SF,IH2012,2020-07-09 09:31:56.700,3401.6000,12184,-1,171950040.000,1,0,1,双平,S,3402.2000,3402.0000,3401.0000,3400.2000,3399.8000,3405.8000,3406.0000,3406.4000,3411.0000,3414.6000,3,2,1,1,3,1,1,1,1,6
SF,IH2012,2020-07-09 09:31:57.200,3405.4000,12185,1,172971660.000,1,1,0,双开,S,3402.2000,3402.0000,3400.2000,3399.8000,3398.6000,3405.6000,3405.8000,3406.4000,3411.0000,3414.6000,2,2,1,3,1,1,1,1,1,6
SF,IH2012,2020-07-09 09:31:57.700,3405.4000,12185,0,173993280.000,1,0,1,多换,S,3402.6000,3402.4000,3402.2000,3400.2000,3399.8000,3406.4000,3411.0000,3414.6000,3419.8000,3420.0000,1,1,2,1,3,1,1,6,1,1
SF,IH2012,2020-07-09 09:31:58.200,3405.4000,12185,0,173993280.000,0,-,-,-,-,3402.8000,3402.6000,3400.2000,3399.8000,3397.0000,3404.0000,3406.2000,3406.4000,3411.0000,3414.6000,2,1,1,3,1,1,1,1,1,6
SF,IH2012,2020-07-09 09:31:58.700,3402.6000,12184,-1,177056280.000,3,1,2,多平,S,3400.2000,3399.8000,3397.0000,3395.0000,3394.2000,3406.2000,3406.4000,3411.0000,3414.6000,3419.8000,1,3,1,1,1,1,1,1,6,1
SF,IH2012,2020-07-09 09:31:59.200,3402.6000,12184,0,177056280.000,0,-,-,-,-,3400.6000,3400.4000,3400.2000,3399.8000,3397.0000,3405.8000,3406.2000,3406.4000,3411.0000,3414.6000,2,4,1,3,1,1,1,1,1,6
SF,IH2012,2020-07-09 09:31:59.700,3402.6000,12184,0,177056280.000,0,-,-,-,-,3401.2000,3400.8000,3400.6000,3400.4000,3399.8000,3405.6000,3405.8000,3411.0000,3414.6000,3418.0000,1,2,2,1,3,1,2,1,6,1
SF,IH2012,2020-07-09 09:32:00.200,3402.6000,12184,0,177056280.000,0,-,-,-,-,3401.6000,3401.4000,3401.2000,3400.8000,3400.6000,3405.6000,3405.8000,3411.0000,3414.6000,3418.0000,1,2,1,1,1,1,1,1,6,1
SF,IH2012,2020-07-09 09:32:00.700,3402.6000,12184,0,177056280.000,0,-,-,-,-,3401.8000,3401.6000,3401.2000,3400.8000,3400.6000,3405.6000,3405.8000,3411.0000,3414.6000,3418.0000,3,1,1,1,1,1,1,1,6,1
SF,IH2012,2020-07-09 09:32:01.200,3402.6000,12184,0,177056280.000,0,-,-,-,-,3402.2000,3401.8000,3401.2000,3400.8000,3400.6000,3405.6000,3405.8000,3411.0000,3414.6000,3418.0000,1,3,1,1,1,1,1,1,6,1
SF,IH2012,2020-07-09 09:32:01.700,3402.4000,12183,-1,178077000.000,1,0,1,双平,S,3402.4000,3402.2000,3401.8000,3400.8000,3400.6000,3405.6000,3411.0000,3414.6000,3418.0000,3419.8000,1,1,1,1,1,1,1,6,1,1
SF,IH2012,2020-07-09 09:32:02.200,3402.4000,12183,0,178077000.000,0,-,-,-,-,3402.4000,3401.8000,3400.8000,3400.6000,3400.4000,3405.6000,3411.0000,3414.6000,3418.0000,3419.8000,1,1,1,1,1,1,1,6,1,1
SF,IH2012,2020-07-09 09:32:02.700,3402.4000,12183,0,178077000.000,0,-,-,-,-,3402.4000,3401.8000,3400.8000,3400.6000,3400.0000,3405.2000,3405.4000,3405.6000,3411.0000,3414.6000,1,1,1,1,1,1,1,1,1,6
SF,IH2012,2020-07-09 09:32:03.200,3402.4000,12183,0,179097720.000,1,0,1,多换,S,3400.8000,3400.6000,3400.0000,3399.8000,3397.0000,3405.0000,3405.2000,3405.4000,3411.0000,3414.6000,1,1,1,3,1,2,1,1,1,6
SF,IH2012,2020-07-09 09:32:03.700,3402.4000,12183,0,179097720.000,0,-,-,-,-,3401.2000,3400.6000,3400.0000,3399.8000,3395.0000,3402.4000,3404.6000,3404.8000,3405.0000,3405.4000,1,1,1,3,1,1,1,1,3,1
SF,IH2012,2020-07-09 09:32:04.200,3402.4000,12183,0,179097720.000,0,-,-,-,-,3400.0000,3399.8000,3395.0000,3394.2000,3393.0000,3401.2000,3402.2000,3402.4000,3404.6000,3404.8000,1,3,1,1,1,3,1,1,2,1
SF,IH2012,2020-07-09 09:32:04.700,3399.8000,12182,-1,183177540.000,4,1,3,多平,S,3395.0000,3394.2000,3393.0000,3392.6000,3392.0000,3399.2000,3400.0000,3400.6000,3401.2000,3402.0000,1,1,1,1,8,1,1,1,3,1
SF,IH2012,2020-07-09 09:32:05.200,3399.8000,12182,0,183177540.000,0,-,-,-,-,3395.4000,3395.2000,3395.0000,3394.2000,3393.0000,3399.0000,3399.2000,3400.0000,3400.6000,3401.2000,6,2,1,1,1,1,1,1,1,1
SF,IH2012,2020-07-09 09:32:05.700,3399.8000,12182,0,183177540.000,0,-,-,-,-,3395.6000,3395.4000,3395.2000,3395.0000,3394.2000,3399.0000,3399.2000,3400.0000,3400.6000,3401.2000,1,6,1,1,1,1,1,1,1,1
SF,IH2012,2020-07-09 09:32:06.200,3399.0000,12182,0,184197240.000,1,0,1,多换,S,3396.0000,3395.8000,3395.6000,3395.2000,3395.0000,3398.8000,3399.2000,3400.0000,3400.6000,3401.2000,1,1,1,2,1,2,1,1,1,1
SF,IH2012,2020-07-09 09:32:06.700,3396.2000,12181,-1,186235740.000,2,0,2,多平,S,3396.2000,3396.0000,3395.8000,3395.2000,3395.0000,3399.2000,3400.0000,3400.6000,3401.2000,3402.0000,4,1,4,2,1,1,1,1,1,1
SF,IH2012,2020-07-09 09:32:07.200,3399.2000,12181,0,187255500.000,1,0,1,多换,S,3396.6000,3396.4000,3396.2000,3395.2000,3395.0000,3400.0000,3400.6000,3401.2000,3402.4000,3403.6000,1,5,4,1,1,1,1,1,1,1
SF,IH2012,2020-07-09 09:32:07.700,3399.2000,12181,0,187255500.000,0,-,-,-,-,3397.0000,3396.8000,3396.6000,3396.4000,3396.2000,3400.0000,3400.6000,3401.2000,3402.4000,3403.6000,1,7,2,1,1,1,1,1,1,1
SF,IH2012,2020-07-09 09:32:08.200,3399.2000,12181,0,187255500.000,0,-,-,-,-,3397.4000,3397.2000,3397.0000,3396.8000,3396.6000,3400.6000,3401.2000,3402.4000,3403.6000,3404.8000,5,2,1,1,1,1,1,1,1,1
SF,IH2012,2020-07-09 09:32:08.700,3400.6000,12180,-1,188275680.000,1,0,1,双平,S,3400.2000,3397.8000,3397.6000,3397.4000,3396.8000,3401.2000,3402.4000,3403.6000,3404.8000,3411.0000,2,3,3,5,1,1,1,1,1,1
SF,IH2012,2020-07-09 09:32:09.200,3401.2000,12180,0,189296040.000,1,0,1,多换,S,3400.4000,3400.2000,3397.8000,3397.6000,3397.4000,3402.4000,3403.6000,3404.8000,3411.0000,3414.6000,1,2,3,3,5,1,1,1,1,6
SF,IH2012,2020-07-09 09:32:09.700,3402.4000,12180,0,190316760.000,1,0,1,多换,S,3401.2000,3400.4000,3397.8000,3397.6000,3397.4000,3403.6000,3404.8000,3411.0000,3414.6000,3418.0000,1,2,3,3,4,1,1,1,6,2
SF,IH2012,2020-07-09 09:32:10.200,3402.4000,12180,0,190316760.000,0,-,-,-,-,3401.4000,3401.2000,3400.4000,3397.8000,3397.6000,3403.4000,3403.6000,3404.8000,3411.0000,3414.6000,3,1,1,3,1,1,1,1,1,6
SF,IH2012,2020-07-09 09:32:12.200,3402.4000,12180,0,190316760.000,0,-,-,-,-,3401.6000,3401.4000,3401.2000,3400.4000,3397.8000,3403.4000,3403.6000,3404.8000,3411.0000,3414.6000,1,3,1,1,3,1,1,1,1,6
SF,IH2012,2020-07-09 09:32:12.700,3402.4000,12180,0,190316760.000,0,-,-,-,-,3401.6000,3401.4000,3401.2000,3400.4000,3397.8000,3403.4000,3403.6000,3404.8000,3411.0000,3414.6000,1,2,1,1,3,1,1,1,1,6
SF,IH2012,2020-07-09 09:32:13.200,3401.6000,12179,-1,191337240.000,1,0,1,双平,S,3401.4000,3401.2000,3400.4000,3400.0000,3397.8000,3401.6000,3403.4000,3403.6000,3404.8000,3411.0000,2,1,11,1,1,2,1,1,1,1
SF,IH2012,2020-07-09 09:32:13.700,3401.4000,12178,-1,193378080.000,2,0,2,多平,S,3401.2000,3400.4000,3400.0000,3397.8000,3397.6000,3401.6000,3403.6000,3404.8000,3411.0000,3414.6000,1,11,1,1,1,2,1,1,1,6
SF,IH2012,2020-07-09 09:32:14.200,3401.4000,12178,0,193378080.000,0,-,-,-,-,3401.2000,3400.4000,3400.0000,3397.8000,3397.6000,3403.6000,3404.8000,3411.0000,3414.6000,3418.0000,1,11,2,1,1,1,1,1,6,2
SF,IH2012,2020-07-09 09:32:14.700,3401.4000,12178,0,193378080.000,0,-,-,-,-,3400.4000,3400.0000,3398.0000,3397.8000,3397.6000,3403.4000,3403.6000,3404.8000,3411.0000,3414.6000,11,2,1,1,1,2,1,1,1,6
SF,IH2012,2020-07-09 09:32:15.200,3401.4000,12178,0,193378080.000,0,-,-,-,-,3400.4000,3400.0000,3398.0000,3397.8000,3397.6000,3403.2000,3403.4000,3403.6000,3404.8000,3411.0000,10,2,1,1,1,1,2,1,1,1
SF,IH2012,2020-07-09 09:32:15.700,3401.4000,12178,0,193378080.000,0,-,-,-,-,3400.4000,3400.0000,3398.0000,3397.8000,3397.6000,3402.4000,3403.0000,3403.2000,3403.6000,3404.8000,10,2,1,1,1,1,2,1,1,1
SF,IH2012,2020-07-09 09:32:16.200,3401.4000,12178,0,193378080.000,0,-,-,-,-,3400.4000,3400.0000,3398.0000,3397.8000,3397.6000,3402.2000,3402.4000,3403.0000,3403.6000,3404.8000,10,2,1,1,1,2,1,1,1,1
SF,IH2012,2020-07-09 09:32:16.700,3400.4000,12178,0,194398200.000,1,0,1,多换,S,3400.4000,3400.0000,3398.0000,3397.8000,3397.6000,3402.2000,3402.4000,3403.0000,3403.6000,3404.8000,9,2,1,1,1,2,1,1,1,1
SF,IH2012,2020-07-09 09:32:17.200,3400.4000,12178,0,194398200.000,0,-,-,-,-,3400.4000,3400.0000,3398.0000,3397.8000,3397.6000,3401.8000,3402.2000,3403.0000,3403.6000,3404.8000,9,2,1,1,1,1,2,1,1,1
SF,IH2012,2020-07-09 09:32:18.200,3400.4000,12178,0,194398200.000,0,-,-,-,-,3400.4000,3400.0000,3398.6000,3398.0000,3397.8000,3401.8000,3402.2000,3403.0000,3403.6000,3404.8000,9,2,2,1,1,1,2,1,1,1
SF,IH2012,2020-07-09 09:32:18.700,3401.8000,12177,-1,195418740.000,1,0,1,双平,S,3401.8000,3400.4000,3400.0000,3398.6000,3398.4000,3402.2000,3403.0000,3403.6000,3404.8000,3411.0000,1,9,2,2,1,1,1,1,1,1
SF,IH2012,2020-07-09 09:32:19.200,3402.2000,12176,-1,196439400.000,1,0,1,双平,S,3402.2000,3401.8000,3400.4000,3400.0000,3398.6000,3403.6000,3404.8000,3411.0000,3414.6000,3418.0000,1,1,9,2,2,1,1,1,6,2
SF,IH2012,2020-07-09 09:32:21.700,3402.2000,12176,0,196439400.000,0,-,-,-,-,3400.4000,3400.0000,3398.6000,3398.0000,3397.8000,3401.6000,3402.0000,3403.2000,3403.6000,3404.8000,9,2,2,1,1,1,2,1,1,1
SF,IH2012,2020-07-09 09:32:22.200,3400.4000,12176,0,201540000.000,5,2,3,多换,S,3400.4000,3400.0000,3398.6000,3398.0000,3397.8000,3403.2000,3403.6000,3404.8000,3411.0000,3414.6000,4,1,2,1,1,1,1,1,1,6
SF,IH2012,2020-07-09 09:32:22.700,3400.4000,12176,0,201540000.000,0,-,-,-,-,3400.4000,3400.0000,3398.6000,3398.0000,3397.8000,3403.0000,3403.2000,3403.6000,3404.8000,3411.0000,4,1,2,1,1,2,1,1,1,1
SF,IH2012,2020-07-09 09:32:23.200,3400.4000,12176,0,201540000.000,0,-,-,-,-,3400.4000,3400.0000,3398.6000,3398.0000,3397.8000,3402.6000,3403.0000,3403.6000,3404.8000,3411.0000,4,1,2,1,1,1,3,1,1,1
SF,IH2012,2020-07-09 09:32:23.700,3400.4000,12176,0,201540000.000,0,-,-,-,-,3400.4000,3400.0000,3398.6000,3398.0000,3397.8000,3402.4000,3402.6000,3403.0000,3403.6000,3404.8000,4,1,2,1,1,1,1,2,1,1
SF,IH2012,2020-07-09 09:32:24.200,3400.4000,12176,0,201540000.000,0,-,-,-,-,3400.4000,3400.0000,3398.6000,3398.0000,3397.8000,3402.2000,3402.4000,3403.0000,3403.6000,3404.8000,4,1,2,1,1,2,1,2,1,1
SF,IH2012,2020-07-09 09:32:24.700,3400.4000,12176,0,202560120.000,1,0,1,多换,S,3400.6000,3400.4000,3400.0000,3398.6000,3398.0000,3402.2000,3402.4000,3403.0000,3403.6000,3404.8000,2,4,1,2,1,1,1,2,1,1
SF,IH2012,2020-07-09 09:32:25.200,3400.4000,12176,0,202560120.000,0,-,-,-,-,3400.6000,3400.4000,3400.0000,3398.6000,3398.0000,3402.0000,3402.4000,3403.0000,3403.6000,3404.8000,2,4,1,2,1,1,1,2,1,1
SF,IH2012,2020-07-09 09:32:26.200,3400.4000,12176,0,202560120.000,0,-,-,-,-,3400.6000,3400.4000,3400.0000,3398.6000,3398.0000,3402.4000,3403.0000,3403.6000,3404.8000,3411.0000,2,4,1,2,1,1,1,1,1,1
SF,IH2012,2020-07-09 09:32:26.700,3400.4000,12176,0,202560120.000,0,-,-,-,-,3402.4000,3400.8000,3400.6000,3400.4000,3400.0000,3403.6000,3404.8000,3411.0000,3414.6000,3418.0000,1,1,2,4,1,1,1,1,6,2
SF,IH2012,2020-07-09 09:32:27.200,3400.4000,12176,0,202560120.000,0,-,-,-,-,3402.4000,3400.8000,3400.6000,3400.4000,3400.0000,3403.6000,3404.8000,3411.0000,3414.6000,3418.0000,1,1,2,5,1,1,1,1,6,2
SF,IH2012,2020-07-09 09:32:27.700,3403.6000,12175,-1,203581200.000,1,0,1,双平,S,3402.4000,3400.8000,3400.6000,3400.4000,3400.0000,3404.8000,3411.0000,3414.6000,3418.0000,3419.8000,1,1,2,5,1,1,1,6,2,1
SF,IH2012,2020-07-09 09:32:28.200,3403.6000,12175,0,203581200.000,0,-,-,-,-,3402.6000,3402.4000,3400.4000,3400.0000,3398.6000,3404.8000,3411.0000,3414.6000,3418.0000,3419.8000,2,1,5,1,2,1,1,6,2,1
SF,IH2012,2020-07-09 09:32:29.200,3403.6000,12175,0,203581200.000,0,-,-,-,-,3402.6000,3402.4000,3400.4000,3400.0000,3398.6000,3404.6000,3404.8000,3411.0000,3414.6000,3418.0000,2,1,5,1,2,1,1,1,6,2
SF,IH2012,2020-07-09 09:32:29.700,3403.6000,12175,0,203581200.000,0,-,-,-,-,3402.6000,3402.4000,3400.4000,3400.0000,3398.6000,3404.6000,3404.8000,3411.0000,3414.6000,3418.0000,2,1,5,1,2,2,1,1,6,2
SF,IH2012,2020-07-09 09:32:30.200,3403.6000,12175,0,203581200.000,0,-,-,-,-,3402.6000,3402.4000,3400.4000,3400.0000,3398.6000,3404.4000,3404.6000,3404.8000,3411.0000,3414.6000,1,1,5,1,2,2,2,1,1,6
SF,IH2012,2020-07-09 09:32:32.700,3403.6000,12175,0,203581200.000,0,-,-,-,-,3402.6000,3402.4000,3400.4000,3400.0000,3398.6000,3404.2000,3404.4000,3404.6000,3404.8000,3411.0000,1,1,5,1,2,1,2,1,1,1
SF,IH2012,2020-07-09 09:32:33.200,3403.6000,12175,0,203581200.000,0,-,-,-,-,3402.6000,3402.4000,3400.4000,3400.0000,3398.6000,3404.2000,3404.4000,3404.6000,3404.8000,3411.0000,1,1,5,1,2,1,2,1,3,1
SF,IH2012,2020-07-09 09:32:33.700,3404.2000,12174,-1,204602460.000,1,0,1,双平,S,3402.4000,3400.4000,3400.0000,3398.6000,3398.0000,3404.4000,3404.6000,3404.8000,3411.0000,3414.6000,1,5,1,2,1,2,1,3,1,6
SF,IH2012,2020-07-09 09:32:34.200,3404.2000,12174,0,204602460.000,0,-,-,-,-,3402.4000,3400.4000,3400.0000,3398.6000,3398.0000,3404.2000,3404.4000,3404.8000,3411.0000,3414.6000,1,5,1,2,1,1,2,3,1,6
SF,IH2012,2020-07-09 09:32:34.700,3402.4000,12174,0,205623180.000,1,0,1,多换,S,3400.4000,3400.0000,3398.6000,3398.0000,3397.8000,3404.0000,3404.2000,3404.4000,3404.8000,3411.0000,5,1,3,1,1,2,1,2,3,1
SF,IH2012,2020-07-09 09:32:35.200,3402.4000,12174,0,205623180.000,0,-,-,-,-,3400.6000,3400.4000,3400.0000,3398.6000,3398.0000,3402.6000,3403.8000,3404.0000,3404.2000,3404.8000,2,5,1,3,1,2,2,3,1,3
SF,IH2012,2020-07-09 09:32:35.700,3402.4000,12174,0,205623180.000,0,-,-,-,-,3400.6000,3400.4000,3400.0000,3398.6000,3398.0000,3402.6000,3403.8000,3404.0000,3404.2000,3404.8000,1,5,1,3,1,3,2,2,1,3
SF,IH2012,2020-07-09 09:32:36.200,3402.6000,12174,0,206643960.000,1,0,1,多换,S,3400.6000,3400.4000,3400.0000,3398.6000,3398.0000,3402.6000,3403.8000,3404.0000,3404.2000,3404.8000,1,5,1,3,1,2,2,1,1,3
SF,IH2012,2020-07-09 09:32:37.200,3402.6000,12174,0,206643960.000,0,-,-,-,-,3400.6000,3400.4000,3400.0000,3398.6000,3398.0000,3402.6000,3403.8000,3404.0000,3404.2000,3404.8000,1,5,1,3,1,2,2,1,1,3
SF,IH2012,2020-07-09 09:32:37.700,3402.6000,12174,0,206643960.000,0,-,-,-,-,3400.4000,3400.0000,3398.6000,3398.0000,3397.8000,3402.4000,3402.6000,3403.8000,3404.2000,3404.8000,5,1,3,1,1,2,2,1,1,3
SF,IH2012,2020-07-09 09:32:38.200,3402.6000,12172,-2,208685520.000,2,0,2,双平,S,3400.4000,3400.0000,3398.6000,3397.8000,3395.2000,3402.6000,3403.8000,3404.2000,3404.8000,3411.0000,5,1,3,1,1,1,1,1,3,1
SF,IH2012,2020-07-09 09:32:38.700,3402.6000,12172,0,208685520.000,0,-,-,-,-,3400.4000,3400.0000,3398.6000,3397.8000,3395.2000,3402.2000,3402.6000,3403.8000,3404.8000,3411.0000,5,1,3,1,1,1,1,1,3,1
SF,IH2012,2020-07-09 09:32:39.200,3402.6000,12172,0,208685520.000,0,-,-,-,-,3400.4000,3400.0000,3398.6000,3397.8000,3395.2000,3402.2000,3402.6000,3403.8000,3404.8000,3410.0000,5,1,3,1,1,2,1,1,3,1
SF,IH2012,2020-07-09 09:32:40.200,3402.2000,12171,-1,209706180.000,1,0,1,双平,S,3402.2000,3400.4000,3400.0000,3398.6000,3397.8000,3402.6000,3403.8000,3404.8000,3410.0000,3411.0000,1,5,1,3,1,1,1,3,1,1
SF,IH2012,2020-07-09 09:32:40.700,3402.6000,12171,0,210726960.000,1,0,1,多换,S,3402.2000,3400.4000,3400.0000,3398.6000,3397.8000,3404.8000,3410.0000,3411.0000,3414.6000,3418.0000,1,6,1,2,1,3,1,1,6,2
SF,IH2012,2020-07-09 09:32:41.200,3402.6000,12171,0,210726960.000,0,-,-,-,-,3400.4000,3400.0000,3398.6000,3397.8000,3395.2000,3404.4000,3404.6000,3404.8000,3410.0000,3411.0000,6,1,2,1,1,1,2,3,1,1
SF,IH2012,2020-07-09 09:32:41.700,3402.6000,12171,0,210726960.000,0,-,-,-,-,3400.6000,3400.4000,3400.0000,3398.6000,3397.8000,3404.2000,3404.4000,3404.8000,3410.0000,3411.0000,3,7,1,2,1,1,2,3,1,1
SF,IH2012,2020-07-09 09:32:42.200,3402.6000,12171,0,210726960.000,0,-,-,-,-,3400.6000,3400.4000,3400.0000,3398.6000,3397.8000,3404.4000,3404.8000,3410.0000,3411.0000,3414.6000,3,7,1,2,1,2,3,1,1,6
SF,IH2012,2020-07-09 09:32:42.700,3402.6000,12171,0,210726960.000,0,-,-,-,-,3401.0000,3400.6000,3400.4000,3400.0000,3398.6000,3404.4000,3404.8000,3410.0000,3411.0000,3414.6000,1,3,7,1,2,1,3,1,1,6
SF,IH2012,2020-07-09 09:32:43.200,3404.4000,12171,0,211748280.000,1,0,1,多换,S,3401.4000,3401.2000,3401.0000,3400.4000,3400.0000,3404.8000,3410.0000,3411.0000,3414.6000,3418.0000,1,3,1,7,1,3,1,1,6,2
SF,IH2012,2020-07-09 09:32:43.700,3404.4000,12171,0,211748280.000,0,-,-,-,-,3401.6000,3401.4000,3401.2000,3400.4000,3400.0000,3404.8000,3410.0000,3411.0000,3414.6000,3418.0000,4,1,2,7,1,3,1,1,6,2
SF,IH2012,2020-07-09 09:32:44.200,3404.4000,12171,0,211748280.000,0,-,-,-,-,3402.0000,3401.6000,3401.2000,3400.4000,3400.0000,3404.8000,3410.0000,3411.0000,3414.6000,3418.0000,1,5,2,7,1,3,1,1,6,2
SF,IH2012,2020-07-09 09:32:44.700,3404.4000,12171,0,211748280.000,0,-,-,-,-,3402.4000,3402.2000,3402.0000,3401.6000,3401.2000,3404.8000,3410.0000,3411.0000,3414.6000,3418.0000,1,2,1,2,2,3,1,1,6,2
SF,IH2012,2020-07-09 09:32:45.200,3404.4000,12171,0,211748280.000,0,-,-,-,-,3402.8000,3402.6000,3402.4000,3401.6000,3401.2000,3404.8000,3410.0000,3411.0000,3414.6000,3418.0000,1,2,1,2,2,3,1,1,6,1
SF,IH2012,2020-07-09 09:32:45.700,3404.4000,12171,0,211748280.000,0,-,-,-,-,3403.0000,3402.8000,3402.6000,3402.4000,3401.2000,3404.6000,3404.8000,3410.0000,3411.0000,3414.6000,1,1,1,1,2,1,3,1,1,6
SF,IH2012,2020-07-09 09:32:46.200,3404.4000,12171,0,211748280.000,0,-,-,-,-,3403.0000,3402.8000,3402.6000,3401.2000,3400.4000,3404.6000,3404.8000,3410.0000,3411.0000,3414.6000,1,1,1,2,6,1,3,1,1,6
SF,IH2012,2020-07-09 09:32:46.700,3404.4000,12171,0,211748280.000,0,-,-,-,-,3403.0000,3402.6000,3401.2000,3400.4000,3400.0000,3404.6000,3404.8000,3410.0000,3411.0000,3414.6000,1,1,1,6,1,1,3,1,1,6
SF,IH2012,2020-07-09 09:32:47.200,3403.0000,12170,-1,213790080.000,2,0,2,多平,S,3402.6000,3401.2000,3400.4000,3400.0000,3398.6000,3402.8000,3404.6000,3404.8000,3410.0000,3411.0000,1,1,6,1,2,1,1,3,1,1
SF,IH2012,2020-07-09 09:32:47.700,3402.6000,12171,1,214810860.000,1,1,0,双开,S,3401.2000,3400.4000,3400.0000,3398.6000,3397.8000,3402.6000,3404.6000,3404.8000,3410.0000,3411.0000,1,6,1,2,1,1,2,3,1,1
SF,IH2012,2020-07-09 09:32:48.200,3402.6000,12170,-1,215831640.000,1,0,1,双平,S,3402.8000,3402.6000,3402.4000,3401.4000,3401.2000,3404.6000,3404.8000,3410.0000,3411.0000,3414.6000,1,2,2,1,1,1,3,1,1,6
SF,IH2012,2020-07-09 09:32:48.700,3402.8000,12169,-1,216852480.000,1,0,1,双平,S,3402.8000,3401.2000,3400.4000,3400.0000,3398.6000,3404.4000,3404.6000,3404.8000,3406.0000,3410.0000,1,1,6,1,2,1,1,3,1,1
SF,IH2012,2020-07-09 09:32:49.200,3402.8000,12168,-1,217873320.000,1,0,1,双平,S,3401.2000,3400.4000,3400.0000,3398.6000,3397.8000,3402.8000,3404.4000,3404.6000,3404.8000,3406.0000,1,6,1,2,1,2,1,1,3,1
SF,IH2012,2020-07-09 09:32:49.700,3402.8000,12168,0,217873320.000,0,-,-,-,-,3401.2000,3400.4000,3400.0000,3398.6000,3397.8000,3404.4000,3404.6000,3404.8000,3406.0000,3410.0000,1,6,1,2,1,1,1,3,1,1
SF,IH2012,2020-07-09 09:32:50.200,3402.8000,12168,0,217873320.000,0,-,-,-,-,3401.2000,3400.4000,3400.0000,3398.6000,3397.8000,3404.2000,3404.4000,3404.6000,3404.8000,3406.0000,1,6,1,2,1,2,1,1,3,1
SF,IH2012,2020-07-09 09:32:50.700,3402.8000,12168,0,217873320.000,0,-,-,-,-,3401.4000,3401.2000,3400.4000,3400.0000,3398.6000,3404.0000,3404.2000,3404.6000,3404.8000,3406.0000,1,1,6,1,2,1,2,1,3,1
SF,IH2012,2020-07-09 09:32:51.200,3402.8000,12168,0,217873320.000,0,-,-,-,-,3401.2000,3400.4000,3400.0000,3398.6000,3397.8000,3403.8000,3404.0000,3404.2000,3404.6000,3404.8000,1,6,1,2,1,2,1,1,1,3
SF,IH2012,2020-07-09 09:32:51.700,3404.0000,12166,-2,220936800.000,3,0,3,多平,S,3401.4000,3401.2000,3400.4000,3400.0000,3398.6000,3404.6000,3404.8000,3406.0000,3410.0000,3411.0000,2,1,6,1,2,1,3,1,1,1
SF,IH2012,2020-07-09 09:32:52.200,3404.6000,12166,0,221958180.000,1,0,1,多换,S,3401.6000,3401.4000,3401.2000,3400.4000,3400.0000,3404.8000,3406.0000,3410.0000,3411.0000,3414.6000,2,2,1,6,1,3,1,1,1,6
SF,IH2012,2020-07-09 09:32:52.700,3404.6000,12166,0,221958180.000,0,-,-,-,-,3404.2000,3401.8000,3401.6000,3401.4000,3401.2000,3404.8000,3406.0000,3410.0000,3411.0000,3414.6000,1,4,2,1,1,3,1,1,1,6
SF,IH2012,2020-07-09 09:32:53.200,3404.2000,12166,0,222979440.000,1,0,1,多换,S,3402.0000,3401.8000,3401.6000,3401.4000,3401.2000,3404.8000,3406.0000,3410.0000,3411.0000,3414.6000,1,4,2,1,1,3,1,1,1,6
SF,IH2012,2020-07-09 09:32:53.700,3404.8000,12165,-1,225022320.000,2,0,2,多平,S,3404.6000,3402.2000,3402.0000,3401.8000,3401.4000,3404.8000,3406.0000,3410.0000,3411.0000,3414.6000,1,3,1,3,1,1,1,1,1,6
SF,IH2012,2020-07-09 09:32:54.200,3404.8000,12165,0,226043760.000,1,0,1,多换,S,3404.6000,3402.2000,3401.8000,3401.4000,3401.2000,3406.0000,3410.0000,3411.0000,3414.6000,3418.0000,1,3,3,1,1,1,1,1,6,1
SF,IH2012,2020-07-09 09:32:54.700,3404.8000,12165,0,226043760.000,0,-,-,-,-,3404.6000,3402.2000,3401.8000,3401.2000,3400.4000,3405.8000,3406.0000,3410.0000,3411.0000,3414.6000,1,3,3,1,6,1,1,1,1,6
SF,IH2012,2020-07-09 09:32:55.200,3404.8000,12165,0,226043760.000,0,-,-,-,-,3404.8000,3404.6000,3402.2000,3401.8000,3401.2000,3405.8000,3406.0000,3410.0000,3411.0000,3414.6000,1,1,3,1,2,1,1,1,1,6
SF,IH2012,2020-07-09 09:32:55.700,3404.8000,12165,0,227065200.000,1,0,1,多换,S,3404.6000,3402.2000,3401.8000,3401.2000,3400.4000,3405.8000,3406.0000,3410.0000,3411.0000,3414.6000,1,3,1,2,6,1,1,1,1,6
SF,IH2012,2020-07-09 09:32:56.200,3404.8000,12165,0,227065200.000,0,-,-,-,-,3404.6000,3402.2000,3401.8000,3401.2000,3400.4000,3405.0000,3405.8000,3406.0000,3410.0000,3411.0000,1,3,1,2,6,1,1,1,1,1
SF,IH2012,2020-07-09 09:32:56.700,3405.0000,12164,-1,229108080.000,2,0,2,多平,S,3402.2000,3401.8000,3401.2000,3400.4000,3400.0000,3405.8000,3406.0000,3410.0000,3411.0000,3414.6000,3,1,2,6,1,1,1,1,1,6
SF,IH2012,2020-07-09 09:32:57.200,3405.6000,12165,1,230129760.000,1,1,0,双开,S,3402.4000,3402.2000,3401.8000,3401.2000,3400.4000,3406.0000,3410.0000,3411.0000,3414.6000,3418.0000,1,2,1,2,6,1,1,1,6,1
SF,IH2012,2020-07-09 09:32:57.700,3405.6000,12165,0,230129760.000,0,-,-,-,-,3402.8000,3402.6000,3402.4000,3401.8000,3401.2000,3405.8000,3406.0000,3410.0000,3411.0000,3414.6000,2,2,1,1,2,1,1,1,1,6
SF,IH2012,2020-07-09 09:32:58.200,3405.6000,12165,0,230129760.000,0,-,-,-,-,3405.8000,3403.0000,3402.8000,3402.6000,3401.8000,3406.0000,3410.0000,3411.0000,3414.6000,3418.0000,1,2,2,1,1,1,1,1,6,1
SF,IH2012,2020-07-09 09:32:58.700,3406.0000,12163,-2,233195040.000,3,0,3,多平,S,3403.0000,3402.8000,3402.6000,3401.8000,3401.2000,3410.0000,3411.0000,3414.6000,3418.0000,3419.8000,2,1,1,1,2,1,1,6,1,1
SF,IH2012,2020-07-09 09:32:59.200,3406.0000,12163,0,233195040.000,0,-,-,-,-,3406.0000,3403.4000,3403.0000,3402.6000,3401.8000,3409.8000,3410.0000,3411.0000,3414.6000,3418.0000,1,1,2,1,1,1,1,1,6,1
SF,IH2012,2020-07-09 09:32:59.700,3406.0000,12163,0,233195040.000,0,-,-,-,-,3406.2000,3406.0000,3403.4000,3403.0000,3401.2000,3406.6000,3409.8000,3410.0000,3411.0000,3414.6000,1,1,3,1,2,3,1,1,1,6
SF,IH2012,2020-07-09 09:33:00.200,3406.6000,12160,-3,236260980.000,3,0,3,双平,S,3406.0000,3403.4000,3403.0000,3401.2000,3400.4000,3409.8000,3410.0000,3411.0000,3414.6000,3418.0000,1,3,1,2,6,1,1,1,6,1
SF,IH2012,2020-07-09 09:33:00.700,3406.6000,12160,0,236260980.000,0,-,-,-,-,3406.2000,3406.0000,3403.4000,3401.2000,3400.4000,3409.8000,3410.0000,3411.0000,3414.6000,3418.0000,2,1,3,2,6,1,1,1,6,1
SF,IH2012,2020-07-09 09:33:01.200,3406.6000,12160,0,236260980.000,0,-,-,-,-,3406.2000,3406.0000,3403.4000,3401.2000,3400.4000,3409.8000,3410.0000,3411.0000,3414.6000,3418.0000,2,1,2,2,6,1,1,1,6,1
SF,IH2012,2020-07-09 09:33:02.700,3406.6000,12160,0,236260980.000,0,-,-,-,-,3406.6000,3406.2000,3406.0000,3403.4000,3401.2000,3409.8000,3410.0000,3411.0000,3414.6000,3418.0000,1,2,1,1,2,1,1,1,6,1
SF,IH2012,2020-07-09 09:33:03.200,3409.8000,12159,-1,237283920.000,1,0,1,双平,S,3409.8000,3406.8000,3406.6000,3406.0000,3403.4000,3410.0000,3411.0000,3414.6000,3418.0000,3419.8000,1,2,1,1,1,1,1,6,1,1
SF,IH2012,2020-07-09 09:33:03.700,3409.8000,12159,0,238306860.000,1,0,1,多换,S,3406.8000,3406.6000,3406.0000,3403.4000,3401.2000,3409.8000,3410.0000,3411.0000,3414.6000,3418.0000,2,1,1,1,2,2,1,1,6,1
SF,IH2012,2020-07-09 09:33:04.200,3409.8000,12159,0,238306860.000,0,-,-,-,-,3406.8000,3406.6000,3406.0000,3403.4000,3401.2000,3410.0000,3411.0000,3414.6000,3418.0000,3419.8000,2,1,1,1,2,1,1,6,1,1
SF,IH2012,2020-07-09 09:33:04.700,3409.8000,12159,0,238306860.000,0,-,-,-,-,3407.2000,3406.8000,3406.0000,3403.4000,3401.2000,3410.0000,3411.0000,3414.6000,3418.0000,3419.8000,1,2,1,1,2,1,1,6,1,1
SF,IH2012,2020-07-09 09:33:05.200,3409.8000,12159,0,238306860.000,0,-,-,-,-,3407.4000,3407.2000,3406.0000,3403.4000,3401.2000,3410.0000,3411.0000,3414.6000,3418.0000,3419.8000,2,1,1,1,2,1,1,6,1,1
SF,IH2012,2020-07-09 09:33:05.700,3410.0000,12158,-1,241375020.000,3,1,2,多平,S,3407.4000,3406.0000,3403.4000,3401.2000,3400.4000,3411.0000,3414.6000,3418.0000,3419.8000,3420.0000,1,1,1,2,6,1,6,1,1,1
SF,IH2012,2020-07-09 09:33:06.200,3410.0000,12158,0,241375020.000,0,-,-,-,-,3407.6000,3407.4000,3406.0000,3403.4000,3401.2000,3410.4000,3410.6000,3410.8000,3411.0000,3414.6000,1,1,1,1,2,1,1,1,1,6
SF,IH2012,2020-07-09 09:33:06.700,3410.0000,12158,0,241375020.000,0,-,-,-,-,3407.8000,3407.6000,3406.0000,3403.4000,3401.2000,3410.2000,3410.4000,3410.6000,3411.0000,3414.6000,1,1,1,1,1,2,2,1,1,6
SF,IH2012,2020-07-09 09:33:07.200,3410.0000,12158,0,242398020.000,1,0,1,多换,S,3407.8000,3406.0000,3403.4000,3401.2000,3400.4000,3410.0000,3410.2000,3410.4000,3411.0000,3414.6000,1,1,1,1,6,1,2,2,1,6
SF,IH2012,2020-07-09 09:33:07.700,3407.8000,12158,0,244442700.000,2,1,1,多换,S,3406.0000,3403.4000,3401.2000,3400.4000,3400.0000,3407.8000,3409.8000,3410.0000,3410.2000,3410.4000,1,1,1,6,2,1,1,2,1,2
SF,IH2012,2020-07-09 09:33:08.200,3407.8000,12158,0,244442700.000,0,-,-,-,-,3406.0000,3403.4000,3401.2000,3400.4000,3400.0000,3407.6000,3409.8000,3410.0000,3410.2000,3410.4000,1,1,1,6,2,2,3,2,1,2
SF,IH2012,2020-07-09 09:33:08.700,3407.8000,12158,0,244442700.000,0,-,-,-,-,3406.0000,3403.4000,3401.2000,3400.4000,3400.0000,3407.6000,3409.6000,3409.8000,3410.0000,3410.2000,1,1,1,6,2,2,1,3,2,1
SF,IH2012,2020-07-09 09:33:09.200,3407.6000,12157,-1,246486780.000,2,0,2,多平,S,3403.4000,3401.2000,3400.4000,3400.0000,3397.8000,3407.6000,3409.6000,3409.8000,3410.0000,3410.2000,1,1,6,2,1,1,1,3,2,2
SF,IH2012,2020-07-09 09:33:09.700,3407.6000,12157,0,246486780.000,0,-,-,-,-,3403.6000,3401.2000,3400.4000,3400.0000,3397.8000,3407.2000,3407.4000,3407.6000,3409.6000,3409.8000,1,1,6,2,1,1,3,1,1,2
SF,IH2012,2020-07-09 09:33:10.200,3407.6000,12157,0,246486780.000,0,-,-,-,-,3403.6000,3401.2000,3400.4000,3400.0000,3397.8000,3407.0000,3407.2000,3407.4000,3409.6000,3409.8000,1,1,6,2,1,1,1,2,1,2
SF,IH2012,2020-07-09 09:33:10.700,3407.6000,12157,0,246486780.000,0,-,-,-,-,3403.6000,3401.2000,3400.4000,3400.0000,3397.8000,3407.0000,3407.2000,3407.4000,3409.6000,3409.8000,1,1,6,2,1,1,1,2,2,2
SF,IH2012,2020-07-09 09:33:11.200,3407.6000,12158,1,247509060.000,1,1,0,双开,S,3404.0000,3403.8000,3403.6000,3401.2000,3400.4000,3407.2000,3407.4000,3409.6000,3409.8000,3410.2000,1,1,1,1,6,1,1,2,2,1
SF,IH2012,2020-07-09 09:33:11.700,3407.6000,12158,0,248531340.000,1,0,1,多换,S,3404.2000,3404.0000,3401.2000,3400.4000,3400.0000,3409.6000,3409.8000,3410.2000,3410.4000,3411.0000,2,1,1,6,2,2,1,1,2,1
SF,IH2012,2020-07-09 09:33:12.200,3407.6000,12158,0,248531340.000,0,-,-,-,-,3404.4000,3404.2000,3404.0000,3401.2000,3400.4000,3409.4000,3409.6000,3410.2000,3410.4000,3411.0000,1,2,1,1,6,1,1,1,2,1
SF,IH2012,2020-07-09 09:33:12.700,3407.6000,12158,0,248531340.000,0,-,-,-,-,3404.8000,3404.6000,3404.4000,3404.0000,3401.2000,3409.0000,3409.4000,3409.6000,3410.2000,3410.4000,1,4,1,1,1,1,1,1,1,2
SF,IH2012,2020-07-09 09:33:13.200,3407.6000,12158,0,248531340.000,0,-,-,-,-,3405.0000,3404.8000,3404.6000,3404.4000,3404.0000,3409.0000,3409.6000,3410.2000,3411.0000,3414.6000,2,2,2,1,1,1,1,1,1,6
SF,IH2012,2020-07-09 09:33:13.700,3407.6000,12158,0,248531340.000,0,-,-,-,-,3405.6000,3405.4000,3405.0000,3404.8000,3401.2000,3408.2000,3409.6000,3410.2000,3411.0000,3413.0000,1,1,3,1,1,1,1,1,1,1
SF,IH2012,2020-07-09 09:33:14.200,3407.6000,12158,0,248531340.000,0,-,-,-,-,3405.8000,3405.6000,3405.4000,3405.0000,3401.2000,3408.2000,3409.6000,3410.2000,3411.0000,3413.0000,2,1,1,1,1,1,1,1,1,1
SF,IH2012,2020-07-09 09:33:14.700,3408.2000,12157,-1,249553800.000,1,0,1,双平,S,3408.2000,3405.8000,3405.6000,3405.4000,3405.0000,3409.6000,3410.2000,3411.0000,3413.0000,3414.6000,1,2,1,1,2,1,1,1,1,6
SF,IH2012,2020-07-09 09:33:15.200,3408.2000,12156,-1,250576260.000,1,0,1,双平,S,3406.6000,3406.2000,3405.8000,3405.4000,3405.0000,3409.4000,3409.6000,3410.2000,3411.0000,3413.0000,1,1,1,1,2,1,1,1,1,1
SF,IH2012,2020-07-09 09:33:15.700,3408.2000,12156,0,250576260.000,0,-,-,-,-,3406.8000,3406.6000,3406.2000,3405.0000,3401.2000,3409.4000,3409.6000,3410.2000,3411.0000,3413.0000,2,1,1,2,1,1,1,1,1,1
SF,IH2012,2020-07-09 09:33:16.200,3408.2000,12156,0,250576260.000,0,-,-,-,-,3407.2000,3406.8000,3406.6000,3405.0000,3401.2000,3409.2000,3409.4000,3409.6000,3410.2000,3411.0000,1,2,1,2,1,1,1,1,1,1
SF,IH2012,2020-07-09 09:33:16.700,3408.2000,12156,0,250576260.000,0,-,-,-,-,3407.2000,3406.8000,3406.6000,3405.0000,3401.2000,3409.0000,3409.2000,3409.4000,3410.2000,3410.6000,1,2,1,1,2,1,1,1,1,1
SF,IH2012,2020-07-09 09:33:17.200,3406.6000,12154,-2,254664480.000,4,1,3,多平,S,3405.0000,3401.2000,3400.4000,3400.0000,3397.8000,3409.0000,3409.2000,3409.4000,3410.2000,3410.6000,1,2,6,2,1,2,1,1,1,1
SF,IH2012,2020-07-09 09:33:17.700,3406.6000,12154,0,254664480.000,0,-,-,-,-,3405.2000,3405.0000,3401.2000,3400.4000,3400.0000,3408.6000,3408.8000,3409.0000,3409.4000,3410.2000,1,1,2,6,2,1,2,2,1,1
SF,IH2012,2020-07-09 09:33:18.200,3406.6000,12154,0,254664480.000,0,-,-,-,-,3405.2000,3405.0000,3401.2000,3400.4000,3400.0000,3408.4000,3408.6000,3408.8000,3409.0000,3409.4000,1,1,2,6,2,2,1,1,2,1
SF,IH2012,2020-07-09 09:33:18.700,3405.0000,12152,-2,256707540.000,2,0,2,双平,S,3401.2000,3400.4000,3400.0000,3399.6000,3397.8000,3408.4000,3408.8000,3409.0000,3409.4000,3410.2000,2,6,2,1,1,2,1,2,1,1
SF,IH2012,2020-07-09 09:33:19.200,3405.0000,12152,0,256707540.000,0,-,-,-,-,3401.6000,3401.4000,3401.2000,3400.4000,3400.0000,3408.4000,3408.8000,3409.0000,3410.2000,3410.6000,6,2,2,6,2,2,1,2,1,1
SF,IH2012,2020-07-09 09:33:19.700,3405.0000,12152,0,256707540.000,0,-,-,-,-,3401.8000,3401.6000,3401.4000,3401.2000,3400.4000,3408.2000,3408.4000,3408.8000,3409.0000,3410.2000,2,6,2,2,6,1,2,1,1,1
SF,IH2012,2020-07-09 09:33:20.200,3408.0000,12152,0,257729940.000,1,0,1,多换,S,3402.2000,3401.8000,3401.6000,3401.4000,3401.2000,3408.0000,3408.2000,3408.8000,3410.2000,3410.6000,1,1,5,2,2,2,2,1,1,1
SF,IH2012,2020-07-09 09:33:20.700,3408.0000,12152,0,257729940.000,0,-,-,-,-,3402.4000,3402.2000,3401.6000,3401.2000,3400.4000,3407.8000,3408.0000,3408.2000,3408.8000,3410.2000,1,2,5,2,6,1,2,2,1,1
SF,IH2012,2020-07-09 09:33:21.200,3408.0000,12152,0,257729940.000,0,-,-,-,-,3402.8000,3402.6000,3402.4000,3402.2000,3401.6000,3407.6000,3407.8000,3408.0000,3408.2000,3408.8000,1,1,1,1,5,1,2,1,1,1
SF,IH2012,2020-07-09 09:33:21.700,3408.0000,12152,0,257729940.000,0,-,-,-,-,3403.0000,3402.8000,3402.6000,3401.2000,3400.4000,3407.4000,3407.6000,3407.8000,3408.0000,3408.2000,1,2,1,2,6,1,1,1,1,1
SF,IH2012,2020-07-09 09:33:22.200,3403.0000,12153,1,259771860.000,2,1,1,空开,S,3403.4000,3402.6000,3401.2000,3400.4000,3400.0000,3407.0000,3407.2000,3407.4000,3408.8000,3410.2000,1,1,2,6,2,1,1,1,1,1
SF,IH2012,2020-07-09 09:33:22.700,3403.0000,12153,0,259771860.000,0,-,-,-,-,3403.6000,3403.4000,3401.2000,3400.4000,3400.0000,3406.8000,3407.0000,3408.8000,3410.2000,3410.6000,1,1,2,6,2,2,1,1,1,1
SF,IH2012,2020-07-09 09:33:23.200,3403.0000,12153,0,259771860.000,0,-,-,-,-,3403.6000,3401.2000,3400.4000,3400.0000,3399.6000,3406.8000,3408.8000,3410.2000,3410.6000,3411.0000,1,2,6,2,1,2,1,1,1,1
SF,IH2012,2020-07-09 09:33:23.700,3403.0000,12153,0,259771860.000,0,-,-,-,-,3403.8000,3403.6000,3401.2000,3400.4000,3400.0000,3406.8000,3408.8000,3410.2000,3410.6000,3411.0000,1,1,2,6,2,1,1,1,1,1
SF,IH2012,2020-07-09 09:33:24.200,3403.0000,12153,0,259771860.000,0,-,-,-,-,3404.0000,3403.8000,3401.2000,3400.4000,3400.0000,3408.8000,3410.2000,3410.6000,3411.0000,3413.0000,1,1,2,6,2,1,1,1,1,1
SF,IH2012,2020-07-09 09:33:24.700,3403.0000,12153,0,259771860.000,0,-,-,-,-,3404.2000,3404.0000,3401.2000,3400.4000,3400.0000,3408.4000,3408.6000,3408.8000,3410.2000,3410.6000,1,2,2,6,2,1,2,1,1,1
SF,IH2012,2020-07-09 09:33:25.200,3403.0000,12153,0,259771860.000,0,-,-,-,-,3404.4000,3404.2000,3404.0000,3401.2000,3400.4000,3408.2000,3408.4000,3408.6000,3408.8000,3410.2000,3,1,1,2,6,1,1,1,1,1
SF,IH2012,2020-07-09 09:33:25.700,3403.0000,12153,0,259771860.000,0,-,-,-,-,3404.6000,3404.4000,3404.0000,3401.2000,3400.4000,3407.8000,3408.2000,3408.6000,3408.8000,3410.2000,1,1,1,2,6,2,1,1,1,1
SF,IH2012,2020-07-09 09:33:26.200,3403.0000,12153,0,259771860.000,0,-,-,-,-,3401.2000,3400.4000,3400.0000,3399.6000,3398.8000,3407.0000,3407.6000,3407.8000,3408.6000,3408.8000,2,6,2,1,1,1,3,3,1,1
SF,IH2012,2020-07-09 09:33:26.700,3403.0000,12153,0,259771860.000,0,-,-,-,-,3401.4000,3401.2000,3400.4000,3400.0000,3399.6000,3406.6000,3406.8000,3407.0000,3407.6000,3407.8000,1,2,6,2,1,1,2,2,1,1
SF,IH2012,2020-07-09 09:33:27.200,3403.0000,12153,0,259771860.000,0,-,-,-,-,3401.4000,3401.2000,3400.4000,3400.0000,3399.6000,3406.4000,3406.6000,3407.0000,3407.6000,3407.8000,1,2,6,2,1,4,1,2,1,1
SF,IH2012,2020-07-09 09:33:27.700,3403.0000,12153,0,259771860.000,0,-,-,-,-,3402.0000,3401.4000,3401.2000,3400.4000,3400.0000,3406.0000,3406.4000,3407.0000,3407.6000,3407.8000,1,1,3,6,2,1,4,1,1,1
SF,IH2012,2020-07-09 09:33:28.200,3403.0000,12153,0,259771860.000,0,-,-,-,-,3402.2000,3402.0000,3401.2000,3400.4000,3400.0000,3405.8000,3406.0000,3406.4000,3407.6000,3408.0000,1,1,3,6,2,2,1,2,1,3
SF,IH2012,2020-07-09 09:33:28.700,3405.6000,12154,1,260793540.000,1,1,0,双开,S,3402.6000,3402.4000,3402.2000,3401.2000,3400.4000,3405.8000,3406.4000,3407.6000,3408.0000,3408.8000,1,1,1,3,6,2,1,1,3,1
SF,IH2012,2020-07-09 09:33:29.200,3405.6000,12154,0,260793540.000,0,-,-,-,-,3402.8000,3402.6000,3402.4000,3401.2000,3400.4000,3405.8000,3406.4000,3407.6000,3408.0000,3408.8000,1,1,1,3,6,2,1,1,3,1
SF,IH2012,2020-07-09 09:33:29.700,3405.6000,12154,0,260793540.000,0,-,-,-,-,3402.8000,3402.6000,3402.4000,3401.2000,3400.4000,3405.8000,3406.4000,3407.6000,3408.8000,3410.2000,1,1,1,3,6,2,1,1,1,1
SF,IH2012,2020-07-09 09:33:30.200,3402.6000,12152,-2,262835160.000,2,0,2,双平,S,3402.4000,3401.2000,3400.4000,3400.0000,3399.6000,3402.6000,3405.6000,3405.8000,3406.4000,3408.8000,1,3,6,2,1,1,1,2,1,1
SF,IH2012,2020-07-09 09:33:30.700,3402.6000,12151,-1,263855940.000,1,0,1,双平,S,3402.6000,3401.2000,3400.4000,3400.0000,3399.6000,3405.6000,3405.8000,3408.8000,3410.2000,3410.6000,2,3,6,2,1,1,2,1,1,1
SF,IH2012,2020-07-09 09:33:31.200,3405.4000,12151,0,264877560.000,1,0,1,多换,S,3402.6000,3401.2000,3400.4000,3400.0000,3399.6000,3405.4000,3405.6000,3408.8000,3410.2000,3410.6000,1,3,6,2,1,2,1,1,1,1
SF,IH2012,2020-07-09 09:33:31.700,3405.4000,12151,0,264877560.000,0,-,-,-,-,3402.8000,3401.2000,3400.4000,3400.0000,3399.6000,3405.2000,3405.4000,3405.6000,3408.8000,3410.2000,1,3,6,2,1,1,2,1,1,1
SF,IH2012,2020-07-09 09:33:32.200,3405.4000,12151,0,264877560.000,0,-,-,-,-,3402.8000,3401.2000,3400.4000,3400.0000,3399.6000,3405.0000,3405.2000,3405.4000,3405.6000,3408.8000,1,3,6,2,1,1,2,1,1,1
SF,IH2012,2020-07-09 09:33:32.700,3405.4000,12151,0,264877560.000,0,-,-,-,-,3401.2000,3400.4000,3400.0000,3399.6000,3398.8000,3404.8000,3405.0000,3405.2000,3405.4000,3405.6000,3,6,2,1,1,1,2,2,1,1
SF,IH2012,2020-07-09 09:33:33.200,3405.4000,12151,0,264877560.000,0,-,-,-,-,3401.6000,3401.4000,3401.2000,3400.4000,3400.0000,3404.4000,3404.6000,3404.8000,3405.0000,3405.2000,1,1,3,6,2,1,1,1,1,2
SF,IH2012,2020-07-09 09:33:33.700,3404.4000,12152,1,266920200.000,2,1,1,空开,S,3401.8000,3401.6000,3401.2000,3400.4000,3400.0000,3404.8000,3405.2000,3408.8000,3410.2000,3410.6000,2,1,3,6,2,1,2,1,1,1
SF,IH2012,2020-07-09 09:33:34.200,3404.4000,12152,0,266920200.000,0,-,-,-,-,3402.2000,3401.8000,3401.2000,3400.4000,3400.0000,3405.2000,3408.8000,3410.2000,3410.6000,3411.0000,1,2,3,6,2,1,1,1,1,1
SF,IH2012,2020-07-09 09:33:34.700,3404.4000,12152,0,266920200.000,0,-,-,-,-,3402.4000,3402.2000,3401.2000,3400.4000,3400.0000,3408.8000,3410.2000,3410.6000,3411.0000,3413.0000,2,1,3,6,2,1,1,1,1,1
SF,IH2012,2020-07-09 09:33:35.200,3404.4000,12152,0,266920200.000,0,-,-,-,-,3402.8000,3402.6000,3402.4000,3401.2000,3400.4000,3408.6000,3408.8000,3410.2000,3410.6000,3411.0000,1,2,2,3,6,1,1,1,1,1
SF,IH2012,2020-07-09 09:33:35.700,3404.4000,12152,0,266920200.000,0,-,-,-,-,3403.0000,3402.8000,3402.6000,3401.2000,3400.4000,3407.6000,3408.6000,3408.8000,3410.2000,3410.6000,2,1,1,3,6,1,1,1,1,1
SF,IH2012,2020-07-09 09:33:36.200,3407.4000,12150,-2,268964580.000,2,0,2,双平,S,3403.4000,3403.2000,3403.0000,3402.6000,3401.2000,3407.6000,3408.8000,3410.2000,3410.6000,3411.0000,1,1,2,1,3,1,1,1,1,1
SF,IH2012,2020-07-09 09:33:36.700,3407.4000,12150,0,268964580.000,0,-,-,-,-,3403.6000,3403.4000,3403.2000,3401.2000,3400.4000,3407.4000,3407.6000,3408.8000,3410.2000,3410.6000,2,1,2,3,6,2,1,1,1,1
SF,IH2012,2020-07-09 09:33:37.200,3407.4000,12150,0,268964580.000,0,-,-,-,-,3403.6000,3403.2000,3401.2000,3400.4000,3400.0000,3407.0000,3407.4000,3408.8000,3410.2000,3410.6000,2,1,3,6,2,1,2,1,1,1
SF,IH2012,2020-07-09 09:33:37.700,3407.4000,12150,0,268964580.000,0,-,-,-,-,3403.8000,3403.6000,3403.2000,3401.2000,3400.4000,3406.8000,3407.0000,3407.4000,3408.8000,3410.2000,1,2,1,3,6,3,2,1,1,1
SF,IH2012,2020-07-09 09:33:38.200,3407.4000,12150,0,268964580.000,0,-,-,-,-,3404.0000,3403.8000,3403.2000,3401.2000,3400.4000,3406.6000,3406.8000,3407.0000,3407.4000,3408.8000,2,1,1,3,6,2,3,1,1,1
SF,IH2012,2020-07-09 09:33:38.700,3404.0000,12149,-1,269985780.000,1,0,1,双平,S,3404.0000,3403.8000,3403.2000,3401.2000,3400.4000,3406.2000,3406.6000,3406.8000,3407.0000,3407.4000,1,1,1,3,6,1,2,2,1,1
SF,IH2012,2020-07-09 09:33:39.200,3404.0000,12149,0,271006980.000,1,0,1,多换,S,3403.8000,3403.2000,3401.2000,3400.4000,3400.0000,3406.0000,3406.6000,3406.8000,3407.0000,3407.4000,1,1,3,6,2,2,2,1,1,1
SF,IH2012,2020-07-09 09:33:39.700,3403.8000,12148,-1,272028120.000,1,0,1,双平,S,3403.2000,3401.2000,3400.4000,3400.0000,3399.6000,3406.0000,3406.6000,3406.8000,3407.0000,3407.4000,1,3,6,2,1,2,2,1,1,1
SF,IH2012,2020-07-09 09:33:40.200,3403.8000,12148,0,272028120.000,0,-,-,-,-,3401.2000,3400.4000,3400.0000,3399.6000,3398.8000,3405.8000,3406.0000,3406.6000,3406.8000,3407.0000,3,6,2,1,1,1,3,1,1,1
SF,IH2012,2020-07-09 09:33:40.700,3403.8000,12148,0,272028120.000,0,-,-,-,-,3401.4000,3401.2000,3400.4000,3400.0000,3399.6000,3405.6000,3405.8000,3406.0000,3406.6000,3406.8000,2,3,6,2,1,4,1,1,1,1
SF,IH2012,2020-07-09 09:33:41.200,3405.2000,12148,0,273049680.000,1,0,1,多换,S,3401.4000,3401.2000,3400.4000,3400.0000,3399.6000,3405.4000,3405.6000,3406.0000,3406.8000,3407.4000,1,3,6,2,1,1,5,1,1,1
SF,IH2012,2020-07-09 09:33:41.700,3405.2000,12148,0,273049680.000,0,-,-,-,-,3401.6000,3401.4000,3401.2000,3400.4000,3400.0000,3405.2000,3405.4000,3405.6000,3406.0000,3406.8000,1,1,3,6,2,1,2,4,1,1
SF,IH2012,2020-07-09 09:33:42.200,3405.2000,12148,0,273049680.000,0,-,-,-,-,3402.0000,3401.8000,3401.2000,3400.4000,3400.0000,3405.0000,3405.2000,3405.4000,3405.6000,3406.0000,1,1,3,6,2,1,2,1,3,1
SF,IH2012,2020-07-09 09:33:42.700,3405.2000,12148,0,273049680.000,0,-,-,-,-,3402.2000,3402.0000,3401.2000,3400.4000,3400.0000,3404.8000,3405.0000,3405.2000,3405.6000,3406.0000,1,1,3,6,2,2,2,1,2,1
SF,IH2012,2020-07-09 09:33:43.200,3405.2000,12148,0,273049680.000,0,-,-,-,-,3402.0000,3401.2000,3400.4000,3400.0000,3399.6000,3404.6000,3404.8000,3405.0000,3405.2000,3405.6000,1,3,6,3,1,1,3,1,1,2
SF,IH2012,2020-07-09 09:33:43.700,3405.2000,12148,0,273049680.000,0,-,-,-,-,3402.0000,3401.2000,3400.4000,3400.0000,3399.6000,3404.4000,3404.6000,3404.8000,3405.2000,3405.6000,1,3,6,3,1,1,2,1,1,2
SF,IH2012,2020-07-09 09:33:44.200,3405.2000,12148,0,273049680.000,0,-,-,-,-,3402.0000,3401.2000,3400.4000,3400.0000,3399.6000,3404.0000,3404.2000,3404.4000,3404.6000,3404.8000,1,3,6,3,1,2,2,2,1,1
SF,IH2012,2020-07-09 09:33:44.700,3403.8000,12147,-1,275091420.000,2,0,2,多平,S,3401.2000,3400.4000,3400.0000,3399.6000,3398.8000,3403.8000,3404.0000,3404.2000,3404.4000,3404.6000,3,6,3,1,1,1,2,1,1,1
SF,IH2012,2020-07-09 09:33:45.200,3403.8000,12148,1,277133700.000,2,1,1,空开,S,3401.4000,3401.2000,3400.4000,3400.0000,3399.6000,3404.0000,3404.4000,3404.6000,3404.8000,3405.6000,1,3,6,3,1,2,1,1,1,1
SF,IH2012,2020-07-09 09:33:45.700,3401.2000,12148,0,279174480.000,2,1,1,多换,S,3401.2000,3400.4000,3400.0000,3399.6000,3398.8000,3403.2000,3403.8000,3404.0000,3404.4000,3404.6000,2,6,3,1,1,3,3,2,1,1
SF,IH2012,2020-07-09 09:33:46.200,3401.2000,12147,-1,281215200.000,2,0,2,多平,S,3400.4000,3400.0000,3399.6000,3398.8000,3392.6000,3401.2000,3403.0000,3403.2000,3403.8000,3404.0000,6,3,1,1,1,1,1,3,2,1
SF,IH2012,2020-07-09 09:33:46.700,3401.2000,12146,-1,282235560.000,1,0,1,双平,S,3400.4000,3400.0000,3399.6000,3398.8000,3392.6000,3403.0000,3403.8000,3404.0000,3404.4000,3404.6000,6,3,1,1,1,1,2,1,1,1
SF,IH2012,2020-07-09 09:33:47.200,3400.4000,12146,0,284275800.000,2,1,1,多换,S,3400.4000,3400.0000,3399.6000,3398.8000,3392.6000,3402.0000,3402.8000,3403.0000,3403.8000,3404.0000,4,3,1,1,1,1,2,1,1,1
SF,IH2012,2020-07-09 09:33:47.700,3400.4000,12146,0,284275800.000,0,-,-,-,-,3400.4000,3400.0000,3399.6000,3398.8000,3392.6000,3401.8000,3402.0000,3402.8000,3403.8000,3404.0000,4,3,1,1,1,1,1,2,1,1
SF,IH2012,2020-07-09 09:33:49.200,3400.4000,12146,0,284275800.000,0,-,-,-,-,3400.4000,3400.0000,3399.6000,3398.8000,3392.6000,3401.8000,3402.0000,3402.8000,3403.8000,3404.0000,4,4,1,1,1,1,1,2,1,1
SF,IH2012,2020-07-09 09:33:49.700,3400.4000,12146,0,285295920.000,1,0,1,多换,S,3400.4000,3400.0000,3399.6000,3398.8000,3398.0000,3401.8000,3402.0000,3402.8000,3403.8000,3404.0000,3,4,1,1,1,1,1,2,1,1
SF,IH2012,2020-07-09 09:33:50.200,3400.0000,12146,0,289376280.000,4,2,2,多换,S,3400.0000,3399.6000,3398.8000,3398.0000,3392.6000,3401.8000,3402.0000,3402.8000,3403.8000,3404.0000,3,1,1,1,1,1,1,2,1,1
SF,IH2012,2020-07-09 09:33:50.700,3400.4000,12146,0,291416400.000,2,1,1,多换,S,3400.0000,3399.6000,3398.8000,3398.0000,3392.6000,3401.8000,3402.0000,3402.8000,3404.0000,3405.6000,2,1,1,1,1,1,1,2,1,1
SF,IH2012,2020-07-09 09:33:52.700,3400.0000,12147,1,293456400.000,2,1,1,空开,S,3399.6000,3398.8000,3398.0000,3392.6000,3391.0000,3399.8000,3401.6000,3401.8000,3402.0000,3402.8000,1,1,1,1,1,2,4,1,1,2
SF,IH2012,2020-07-09 09:33:53.200,3399.6000,12147,0,294476280.000,1,0,1,多换,S,3398.8000,3398.0000,3393.0000,3392.6000,3391.0000,3399.6000,3401.8000,3402.0000,3405.6000,3406.0000,1,1,1,1,1,2,1,1,1,1
SF,IH2012,2020-07-09 09:33:53.700,3399.6000,12145,-2,296516040.000,2,0,2,双平,S,3398.8000,3398.0000,3393.0000,3392.6000,3391.0000,3401.8000,3402.0000,3405.6000,3406.0000,3408.6000,1,1,1,1,1,1,1,1,1,1
SF,IH2012,2020-07-09 09:33:54.200,3399.6000,12145,0,296516040.000,0,-,-,-,-,3399.4000,3399.0000,3398.8000,3398.0000,3393.0000,3401.6000,3401.8000,3402.0000,3405.6000,3408.6000,1,2,1,1,1,1,1,1,1,1
SF,IH2012,2020-07-09 09:33:54.700,3399.6000,12145,0,296516040.000,0,-,-,-,-,3399.4000,3399.0000,3398.8000,3398.0000,3393.0000,3401.6000,3401.8000,3402.0000,3408.6000,3410.2000,1,2,1,1,1,1,1,1,1,1
SF,IH2012,2020-07-09 09:33:55.200,3399.6000,12145,0,296516040.000,0,-,-,-,-,3399.6000,3399.4000,3399.0000,3398.8000,3398.0000,3401.6000,3401.8000,3402.0000,3408.6000,3410.2000,1,1,1,1,1,1,1,1,1,1
SF,IH2012,2020-07-09 09:33:55.700,3399.0000,12143,-2,299575440.000,3,0,3,多平,S,3398.8000,3398.0000,3393.0000,3392.6000,3391.0000,3401.8000,3402.0000,3408.6000,3410.2000,3411.0000,1,1,1,1,1,1,1,1,1,1
SF,IH2012,2020-07-09 09:33:56.200,3399.0000,12143,0,299575440.000,0,-,-,-,-,3399.0000,3398.8000,3398.0000,3393.0000,3392.6000,3401.6000,3401.8000,3408.6000,3410.2000,3411.0000,2,1,1,1,1,1,1,1,1,1
SF,IH2012,2020-07-09 09:33:56.700,3401.6000,12143,0,300595920.000,1,0,1,多换,S,3399.2000,3399.0000,3398.8000,3398.0000,3393.0000,3408.6000,3410.2000,3411.0000,3413.0000,3415.0000,2,2,1,1,1,1,1,1,1,1
SF,IH2012,2020-07-09 09:33:57.200,3401.6000,12143,0,300595920.000,0,-,-,-,-,3399.4000,3399.2000,3399.0000,3398.8000,3398.0000,3405.6000,3406.2000,3407.6000,3408.0000,3408.2000,2,2,1,1,1,2,1,1,1,1
SF,IH2012,2020-07-09 09:33:57.700,3401.6000,12143,0,300595920.000,0,-,-,-,-,3399.4000,3399.2000,3399.0000,3398.8000,3398.0000,3403.6000,3405.4000,3406.2000,3408.2000,3408.4000,2,1,1,1,1,1,2,1,1,1
SF,IH2012,2020-07-09 09:33:58.200,3401.6000,12143,0,300595920.000,0,-,-,-,-,3399.6000,3399.4000,3399.2000,3399.0000,3398.8000,3403.2000,3403.4000,3403.6000,3406.2000,3408.2000,1,1,1,1,1,1,2,1,1,1
SF,IH2012,2020-07-09 09:33:58.700,3401.6000,12143,0,300595920.000,0,-,-,-,-,3399.8000,3399.6000,3399.4000,3399.0000,3398.8000,3403.0000,3403.2000,3403.6000,3406.2000,3408.2000,1,1,1,1,1,2,1,1,1,1
SF,IH2012,2020-07-09 09:33:59.200,3401.6000,12143,0,300595920.000,0,-,-,-,-,3399.8000,3399.4000,3399.0000,3398.8000,3398.0000,3402.0000,3402.8000,3403.0000,3403.2000,3403.6000,1,1,1,1,1,1,1,2,1,1
SF,IH2012,2020-07-09 09:33:59.700,3401.6000,12143,0,300595920.000,0,-,-,-,-,3399.8000,3399.4000,3399.0000,3398.8000,3398.0000,3401.8000,3402.8000,3403.0000,3403.2000,3403.6000,1,1,1,1,1,1,1,1,1,1
SF,IH2012,2020-07-09 09:34:00.200,3401.6000,12143,0,300595920.000,0,-,-,-,-,3399.4000,3399.0000,3398.8000,3398.0000,3393.0000,3401.6000,3401.8000,3402.0000,3402.8000,3403.0000,1,1,1,1,1,1,1,1,1,1
SF,IH2012,2020-07-09 09:34:00.700,3401.6000,12143,0,300595920.000,0,-,-,-,-,3400.0000,3399.4000,3399.0000,3398.8000,3398.0000,3401.4000,3401.6000,3402.0000,3402.8000,3403.0000,1,1,1,1,1,1,1,1,1,1
SF,IH2012,2020-07-09 09:34:01.200,3401.6000,12143,0,300595920.000,0,-,-,-,-,3400.0000,3399.4000,3399.0000,3398.8000,3398.0000,3401.4000,3401.6000,3402.0000,3402.8000,3403.0000,1,1,1,1,1,1,1,1,1,1
SF,IH2012,2020-07-09 09:34:01.700,3401.6000,12143,0,300595920.000,0,-,-,-,-,3400.0000,3399.4000,3399.0000,3398.8000,3398.0000,3401.2000,3401.4000,3402.0000,3402.8000,3403.0000,1,1,1,1,1,1,1,1,1,1
SF,IH2012,2020-07-09 09:34:02.200,3401.6000,12143,0,300595920.000,0,-,-,-,-,3400.0000,3399.4000,3399.0000,3398.8000,3398.0000,3401.2000,3401.4000,3402.0000,3402.8000,3403.0000,1,1,3,1,1,1,1,1,1,1
SF,IH2012,2020-07-09 09:34:02.700,3401.6000,12143,0,300595920.000,0,-,-,-,-,3400.0000,3399.4000,3399.0000,3398.8000,3398.0000,3401.2000,3401.4000,3402.0000,3402.8000,3403.0000,1,1,3,1,1,1,1,1,1,1
SF,IH2012,2020-07-09 09:34:03.200,3401.6000,12143,0,300595920.000,0,-,-,-,-,3400.0000,3399.4000,3399.0000,3398.8000,3398.0000,3401.0000,3401.2000,3401.4000,3402.0000,3402.8000,1,1,3,1,1,1,1,1,1,1
SF,IH2012,2020-07-09 09:34:03.700,3401.6000,12143,0,300595920.000,0,-,-,-,-,3400.0000,3399.4000,3399.0000,3398.8000,3398.0000,3401.0000,3401.2000,3401.4000,3402.0000,3402.8000,1,1,3,1,1,4,1,1,1,1
SF,IH2012,2020-07-09 09:34:04.200,3401.6000,12143,0,300595920.000,0,-,-,-,-,3400.0000,3399.4000,3399.0000,3398.8000,3398.0000,3401.0000,3401.2000,3401.4000,3402.0000,3403.0000,1,1,3,1,1,3,1,1,1,1
SF,IH2012,2020-07-09 09:34:05.200,3400.0000,12143,0,301615920.000,1,0,1,多换,S,3399.4000,3399.0000,3398.8000,3398.0000,3395.2000,3401.0000,3401.2000,3401.4000,3402.0000,3403.0000,1,3,1,1,1,3,1,1,1,1
SF,IH2012,2020-07-09 09:34:06.200,3399.4000,12142,-1,302635740.000,1,0,1,双平,S,3399.0000,3398.8000,3398.0000,3395.2000,3395.0000,3401.0000,3401.2000,3401.4000,3402.0000,3403.0000,3,1,1,1,3,3,1,1,1,1
SF,IH2012,2020-07-09 09:34:06.700,3399.4000,12142,0,302635740.000,0,-,-,-,-,3399.0000,3398.8000,3398.0000,3395.2000,3395.0000,3400.8000,3401.0000,3401.2000,3402.0000,3403.0000,3,1,1,1,3,2,3,1,1,1
SF,IH2012,2020-07-09 09:34:07.200,3399.0000,12139,-3,305694840.000,3,0,3,双平,S,3398.8000,3398.0000,3395.2000,3395.0000,3393.0000,3400.8000,3402.0000,3403.0000,3408.2000,3408.4000,1,1,1,3,1,2,1,1,1,1
SF,IH2012,2020-07-09 09:34:08.200,3399.0000,12139,0,305694840.000,0,-,-,-,-,3398.8000,3398.0000,3395.2000,3395.0000,3393.0000,3400.2000,3400.8000,3402.0000,3403.0000,3408.2000,1,1,1,3,1,1,2,1,1,1
SF,IH2012,2020-07-09 09:34:08.700,3398.8000,12139,0,306714480.000,1,0,1,多换,S,3398.0000,3395.2000,3395.0000,3393.0000,3392.6000,3398.6000,3398.8000,3400.0000,3400.2000,3400.8000,1,1,3,1,1,1,1,1,1,1
SF,IH2012,2020-07-09 09:34:09.200,3398.8000,12139,0,307734120.000,1,0,1,多换,S,3398.0000,3395.2000,3395.0000,3393.0000,3392.6000,3400.0000,3400.8000,3402.0000,3403.0000,3408.2000,1,1,3,1,1,2,1,1,1,1
SF,IH2012,2020-07-09 09:34:09.700,3398.8000,12139,0,307734120.000,0,-,-,-,-,3398.0000,3395.2000,3395.0000,3393.0000,3392.6000,3399.8000,3400.0000,3400.8000,3402.0000,3408.2000,1,1,3,1,1,1,1,1,1,1
SF,IH2012,2020-07-09 09:34:10.200,3398.8000,12139,0,307734120.000,0,-,-,-,-,3398.0000,3395.2000,3395.0000,3393.0000,3392.6000,3399.4000,3399.8000,3400.0000,3400.8000,3402.0000,1,1,3,1,1,1,1,1,1,1
SF,IH2012,2020-07-09 09:34:10.700,3398.0000,12139,0,308753520.000,1,0,1,多换,S,3395.2000,3395.0000,3393.0000,3392.6000,3391.0000,3398.0000,3399.4000,3399.8000,3400.0000,3400.8000,1,3,1,1,1,1,1,1,1,1
SF,IH2012,2020-07-09 09:34:11.200,3395.4000,12136,-3,311809380.000,3,0,3,双平,S,3395.4000,3395.2000,3395.0000,3393.0000,3392.6000,3398.0000,3399.8000,3400.0000,3402.0000,3408.2000,3,1,3,1,1,1,1,1,1,1
SF,IH2012,2020-07-09 09:34:11.700,3395.4000,12136,0,311809380.000,0,-,-,-,-,3395.4000,3395.2000,3395.0000,3393.0000,3392.6000,3398.0000,3399.8000,3402.0000,3405.0000,3408.2000,3,1,3,1,1,1,1,1,1,1
SF,IH2012,2020-07-09 09:34:12.200,3395.4000,12136,0,311809380.000,0,-,-,-,-,3395.4000,3395.2000,3395.0000,3393.0000,3392.6000,3398.0000,3399.8000,3402.0000,3405.0000,3408.2000,3,1,3,1,1,1,1,1,1,1
SF,IH2012,2020-07-09 09:34:12.700,3398.0000,12136,0,312828780.000,1,0,1,多换,S,3395.6000,3395.4000,3395.2000,3395.0000,3393.0000,3399.8000,3402.0000,3405.0000,3408.2000,3408.6000,2,3,1,3,1,1,1,1,1,1
SF,IH2012,2020-07-09 09:34:13.200,3396.0000,12137,1,313847580.000,1,1,0,双开,S,3395.8000,3395.6000,3395.2000,3395.0000,3393.0000,3399.4000,3399.8000,3402.0000,3405.0000,3408.2000,2,2,1,3,1,1,1,1,1,1
SF,IH2012,2020-07-09 09:34:13.700,3396.0000,12137,0,315885180.000,2,1,1,多换,S,3395.8000,3395.6000,3395.2000,3395.0000,3393.0000,3399.2000,3402.0000,3405.0000,3408.0000,3408.2000,2,2,1,3,1,2,1,1,3,1
SF,IH2012,2020-07-09 09:34:14.200,3396.0000,12137,0,315885180.000,0,-,-,-,-,3395.8000,3395.6000,3395.2000,3395.0000,3393.0000,3399.2000,3402.0000,3405.0000,3408.0000,3408.2000,2,2,1,3,1,2,1,1,3,1
SF,IH2012,2020-07-09 09:34:14.700,3396.0000,12137,0,315885180.000,0,-,-,-,-,3395.8000,3395.6000,3395.2000,3395.0000,3393.0000,3399.2000,3402.0000,3405.0000,3408.0000,3408.2000,2,2,1,3,1,2,1,1,3,1
SF,IH2012,2020-07-09 09:34:15.200,3396.0000,12137,0,315885180.000,0,-,-,-,-,3396.0000,3395.8000,3395.6000,3395.2000,3395.0000,3402.0000,3405.0000,3408.0000,3408.2000,3408.6000,2,2,2,1,3,1,1,3,1,1
SF,IH2012,2020-07-09 09:34:15.700,3396.0000,12137,0,315885180.000,0,-,-,-,-,3396.2000,3396.0000,3395.6000,3395.2000,3395.0000,3401.6000,3401.8000,3402.0000,3405.0000,3408.0000,3,2,2,1,3,1,1,1,1,3
SF,IH2012,2020-07-09 09:34:16.200,3396.0000,12137,0,315885180.000,0,-,-,-,-,3396.2000,3396.0000,3395.2000,3395.0000,3393.0000,3401.4000,3401.6000,3402.0000,3405.0000,3408.0000,3,2,1,3,1,1,1,1,1,3
SF,IH2012,2020-07-09 09:34:16.700,3396.0000,12137,0,315885180.000,0,-,-,-,-,3396.2000,3396.0000,3395.2000,3395.0000,3393.0000,3400.6000,3401.0000,3401.4000,3402.0000,3405.0000,3,1,1,3,1,1,1,1,1,1
SF,IH2012,2020-07-09 09:34:17.200,3396.0000,12137,0,315885180.000,0,-,-,-,-,3396.6000,3396.4000,3396.2000,3395.2000,3395.0000,3400.2000,3400.4000,3400.6000,3402.0000,3405.0000,1,1,2,1,3,1,2,1,1,1
SF,IH2012,2020-07-09 09:34:17.700,3396.0000,12137,0,315885180.000,0,-,-,-,-,3396.8000,3396.6000,3396.4000,3395.2000,3395.0000,3400.0000,3400.2000,3400.4000,3400.6000,3402.0000,2,1,1,1,3,1,2,1,1,1
SF,IH2012,2020-07-09 09:34:18.200,3396.2000,12137,0,316904040.000,1,0,1,多换,S,3397.0000,3396.8000,3396.6000,3395.2000,3395.0000,3400.0000,3400.2000,3400.4000,3400.6000,3402.0000,1,2,1,1,3,1,1,1,1,1
SF,IH2012,2020-07-09 09:34:18.700,3396.2000,12137,0,316904040.000,0,-,-,-,-,3397.2000,3397.0000,3396.8000,3395.2000,3395.0000,3399.8000,3400.0000,3400.2000,3400.4000,3400.6000,2,1,2,1,3,1,1,1,1,1
SF,IH2012,2020-07-09 09:34:19.200,3396.2000,12137,0,317922900.000,1,0,1,多换,S,3397.0000,3395.2000,3395.0000,3393.0000,3392.6000,3399.6000,3399.8000,3400.4000,3402.0000,3405.0000,1,1,3,1,1,3,1,1,1,1
SF,IH2012,2020-07-09 09:34:20.700,3396.2000,12137,0,317922900.000,0,-,-,-,-,3397.0000,3395.2000,3395.0000,3393.0000,3392.6000,3399.4000,3399.6000,3400.4000,3402.0000,3405.0000,1,1,3,1,1,1,3,1,1,1
SF,IH2012,2020-07-09 09:34:21.200,3396.2000,12137,0,317922900.000,0,-,-,-,-,3395.2000,3395.0000,3393.0000,3392.6000,3391.0000,3399.2000,3399.4000,3399.6000,3400.4000,3402.0000,1,3,1,1,1,3,1,1,1,1
SF,IH2012,2020-07-09 09:34:21.700,3396.2000,12137,0,317922900.000,0,-,-,-,-,3395.4000,3395.2000,3395.0000,3393.0000,3392.6000,3398.8000,3399.2000,3399.6000,3400.4000,3402.0000,1,1,3,1,1,1,3,1,1,1
SF,IH2012,2020-07-09 09:34:22.200,3396.2000,12137,0,317922900.000,0,-,-,-,-,3396.0000,3395.4000,3395.2000,3395.0000,3393.0000,3398.6000,3398.8000,3399.2000,3399.6000,3400.4000,1,1,1,3,1,2,1,1,1,1
SF,IH2012,2020-07-09 09:34:22.700,3396.2000,12137,0,317922900.000,0,-,-,-,-,3396.0000,3395.4000,3395.2000,3395.0000,3393.0000,3398.4000,3398.6000,3399.2000,3399.6000,3400.4000,1,1,1,3,1,1,2,1,1,1
SF,IH2012,2020-07-09 09:34:23.200,3396.2000,12137,0,317922900.000,0,-,-,-,-,3396.0000,3395.4000,3395.2000,3395.0000,3394.0000,3398.2000,3398.4000,3399.2000,3399.6000,3400.4000,1,1,1,3,1,2,1,1,1,1
SF,IH2012,2020-07-09 09:34:23.700,3396.2000,12137,0,317922900.000,0,-,-,-,-,3396.0000,3395.4000,3395.2000,3395.0000,3394.0000,3397.8000,3398.2000,3398.4000,3399.2000,3399.6000,1,1,1,4,1,1,2,2,1,1
SF,IH2012,2020-07-09 09:34:24.200,3396.2000,12137,0,317922900.000,0,-,-,-,-,3396.0000,3395.4000,3395.2000,3395.0000,3394.0000,3398.0000,3398.2000,3398.4000,3399.2000,3399.6000,1,1,1,4,1,1,2,1,1,1
SF,IH2012,2020-07-09 09:34:24.700,3396.2000,12137,0,317922900.000,0,-,-,-,-,3396.0000,3395.4000,3395.2000,3395.0000,3394.0000,3398.2000,3398.4000,3399.2000,3399.6000,3405.0000,1,1,1,4,1,2,1,1,1,1
SF,IH2012,2020-07-09 09:34:25.200,3396.2000,12137,0,317922900.000,0,-,-,-,-,3396.0000,3395.4000,3395.2000,3395.0000,3394.0000,3398.2000,3398.4000,3399.2000,3405.0000,3408.0000,1,1,1,4,1,2,1,1,1,3
SF,IH2012,2020-07-09 09:34:25.700,3396.2000,12137,0,317922900.000,0,-,-,-,-,3396.2000,3396.0000,3395.2000,3395.0000,3394.0000,3398.2000,3398.4000,3405.0000,3408.0000,3408.2000,2,1,1,1,1,1,1,1,3,1
SF,IH2012,2020-07-09 09:34:26.200,3398.2000,12137,0,318942360.000,1,0,1,多换,S,3398.2000,3396.2000,3396.0000,3395.2000,3395.0000,3398.4000,3405.0000,3408.0000,3408.2000,3408.6000,1,2,1,1,1,1,1,3,1,1
SF,IH2012,2020-07-09 09:34:26.700,3398.4000,12136,-1,319961880.000,1,0,1,双平,S,3398.4000,3398.2000,3396.2000,3396.0000,3395.2000,3405.0000,3408.0000,3408.2000,3408.6000,3410.2000,1,1,2,1,1,1,3,1,1,1
SF,IH2012,2020-07-09 09:34:27.200,3398.4000,12136,0,319961880.000,0,-,-,-,-,3398.6000,3396.2000,3396.0000,3395.2000,3395.0000,3402.0000,3404.4000,3404.6000,3404.8000,3405.0000,2,1,1,1,1,1,1,1,2,1
SF,IH2012,2020-07-09 09:34:27.700,3398.4000,12137,1,320981400.000,1,1,0,双开,S,3398.2000,3396.2000,3396.0000,3395.2000,3395.0000,3401.6000,3401.8000,3402.0000,3404.4000,3404.8000,1,1,1,1,1,1,2,1,1,1
