市场代码,合约代码,时间,最新,持仓,增仓,成交额,成交量,开仓,平仓,成交类型,方向,买一价,买二价,买三价,买四价,买五价,卖一价,卖二价,卖三价,卖四价,卖五价,买一量,买二量,买三量,买四量,买五量,卖一量,卖二量,卖三量,卖四量,卖五量
SF,IH2004,2020-04-17 09:29:00.000,2788.0000,12165,0,64402800.000,77.000,-,-,-,-,2786.0000,2785.2000,2785.0000,2784.8000,2784.6000,2788.0000,2789.0000,2789.4000,2789.6000,2789.8000,1,3,17,6,19,4,1,1,5,5
SF,IH2004,2020-04-17 09:30:00.500,2788.2000,12155,-10,81135060.000,20,5,15,多平,S,2788.2000,2788.0000,2786.2000,2786.0000,2785.8000,2789.8000,2790.0000,2790.8000,2791.2000,2791.8000,2,41,14,6,1,5,1,2,1,1
SF,IH2004,2020-04-17 09:30:01.000,2790.0000,12134,-21,99545520.000,22,0,22,多平,S,2788.6000,2788.4000,2788.2000,2788.0000,2787.0000,2790.8000,2791.0000,2791.2000,2791.8000,2793.0000,1,25,7,59,1,2,1,1,1,1
SF,IH2004,2020-04-17 09:30:01.500,2791.0000,12119,-15,112938720.000,16,0,16,多平,S,2790.8000,2790.2000,2790.0000,2789.8000,2789.0000,2791.2000,2791.8000,2793.0000,2794.0000,2794.4000,10,1,2,2,1,1,1,1,1,1
SF,IH2004,2020-04-17 09:30:02.000,2795.0000,12105,-14,125503500.000,15,0,15,多平,S,2791.0000,2790.8000,2789.8000,2789.0000,2788.8000,2795.0000,2798.0000,2800.0000,2800.6000,2811.6000,23,22,2,2,3,2,1,1,1,1
SF,IH2004,2020-04-17 09:30:02.500,2793.2000,12092,-13,138071760.000,15,1,14,多平,S,2791.2000,2791.0000,2790.8000,2789.8000,2789.0000,2793.6000,2794.0000,2794.2000,2794.8000,2795.0000,14,18,29,2,2,3,2,1,2,3
SF,IH2004,2020-04-17 09:30:03.000,2792.4000,12082,-10,147288300.000,11,0,11,多平,S,2792.4000,2791.4000,2791.2000,2791.0000,2790.8000,2794.8000,2795.0000,2795.4000,2797.8000,2798.0000,2,18,11,1,28,5,3,1,2,1
SF,IH2004,2020-04-17 09:30:03.500,2792.4000,12073,-9,154828620.000,9,0,9,双平,S,2792.6000,2792.4000,2792.2000,2791.6000,2791.4000,2793.4000,2794.2000,2794.6000,2794.8000,2795.0000,13,1,1,2,1,1,1,4,4,3
SF,IH2004,2020-04-17 09:30:04.000,2793.0000,12062,-11,167395260.000,15,2,13,多平,S,2792.2000,2791.6000,2791.4000,2791.2000,2790.8000,2792.4000,2793.2000,2793.4000,2793.6000,2794.6000,1,2,1,7,29,1,1,1,1,2
SF,IH2004,2020-04-17 09:30:04.500,2791.2000,12057,-5,171582720.000,5,0,5,双平,S,2791.2000,2790.8000,2789.8000,2788.8000,2788.2000,2791.4000,2792.0000,2792.2000,2792.4000,2792.6000,5,29,2,1,2,1,1,4,2,1
SF,IH2004,2020-04-17 09:30:05.000,2791.2000,12049,-8,179118720.000,9,0,9,多平,S,2790.8000,2789.8000,2788.2000,2788.0000,2786.2000,2791.2000,2792.0000,2792.2000,2792.4000,2792.6000,27,2,2,67,2,5,1,2,1,1
SF,IH2004,2020-04-17 09:30:05.500,2791.2000,12048,-1,180793320.000,2,0,2,多平,S,2790.8000,2789.8000,2788.2000,2788.0000,2786.2000,2791.2000,2792.0000,2792.2000,2792.4000,2792.6000,25,2,2,67,1,4,1,3,1,2
SF,IH2004,2020-04-17 09:30:06.000,2791.2000,12048,0,180793320.000,0,-,-,-,-,2790.8000,2789.8000,2788.2000,2788.0000,2786.2000,2791.2000,2792.0000,2792.2000,2792.4000,2792.6000,25,2,2,67,1,15,1,3,1,2
SF,IH2004,2020-04-17 09:30:06.500,2791.0000,12038,-10,189166140.000,10,0,10,双平,S,2790.8000,2789.8000,2788.2000,2788.0000,2786.2000,2791.0000,2791.2000,2792.0000,2792.2000,2792.4000,19,2,2,67,1,1,13,1,3,1
SF,IH2004,2020-04-17 09:30:07.000,2790.8000,12034,-4,192515280.000,4,0,4,双平,S,2790.8000,2788.2000,2788.0000,2786.2000,2786.0000,2791.2000,2791.4000,2792.0000,2792.2000,2792.4000,17,2,63,1,6,9,1,1,3,1
SF,IH2004,2020-04-17 09:30:07.500,2790.8000,12032,-2,194189820.000,2,0,2,双平,S,2790.8000,2788.2000,2788.0000,2786.2000,2786.0000,2791.0000,2791.2000,2791.4000,2791.6000,2792.0000,16,2,63,1,5,3,10,1,1,1
SF,IH2004,2020-04-17 09:30:08.000,2790.8000,12021,-11,204236760.000,12,0,12,多平,S,2790.8000,2788.2000,2788.0000,2786.2000,2786.0000,2791.0000,2791.2000,2791.4000,2791.6000,2792.0000,5,2,63,1,5,4,10,1,1,1
SF,IH2004,2020-04-17 09:30:08.500,2790.8000,12016,-5,208422960.000,5,0,5,双平,S,2788.2000,2788.0000,2786.2000,2786.0000,2785.8000,2790.4000,2790.8000,2791.0000,2791.2000,2791.4000,2,63,1,5,2,1,24,4,10,1
SF,IH2004,2020-04-17 09:30:09.000,2788.6000,12013,-3,210934020.000,3,0,3,双平,S,2788.6000,2788.4000,2788.2000,2788.0000,2786.2000,2790.0000,2790.2000,2790.4000,2790.8000,2791.0000,3,7,5,63,1,1,2,2,23,4
SF,IH2004,2020-04-17 09:30:09.500,2790.0000,12007,-6,215955480.000,6,0,6,双平,S,2788.8000,2788.2000,2788.0000,2786.2000,2786.0000,2789.8000,2790.2000,2790.4000,2790.8000,2791.0000,6,2,63,1,5,1,1,1,25,4
SF,IH2004,2020-04-17 09:30:10.000,2789.4000,12004,-3,218465580.000,3,0,3,双平,S,2789.2000,2788.8000,2788.2000,2788.0000,2786.2000,2789.8000,2790.4000,2790.8000,2791.0000,2791.2000,3,3,2,63,1,1,1,25,5,2
SF,IH2004,2020-04-17 09:30:10.500,2789.8000,12002,-2,220139460.000,2,0,2,双平,S,2789.2000,2788.8000,2788.2000,2788.0000,2786.2000,2789.6000,2789.8000,2790.4000,2790.8000,2791.0000,3,3,2,63,1,1,9,1,25,5
SF,IH2004,2020-04-17 09:30:11.000,2788.8000,11997,-5,224323140.000,5,0,5,双平,S,2788.8000,2788.2000,2788.0000,2786.2000,2786.0000,2789.6000,2789.8000,2790.4000,2790.8000,2791.0000,1,2,63,1,5,1,1,1,25,5
SF,IH2004,2020-04-17 09:30:11.500,2788.8000,11996,-1,225159780.000,1,0,1,双平,S,2788.8000,2788.2000,2788.0000,2786.2000,2786.0000,2789.6000,2789.8000,2790.4000,2790.8000,2791.0000,1,2,63,1,5,1,1,2,25,5
SF,IH2004,2020-04-17 09:30:12.000,2788.8000,11996,0,225159780.000,0,-,-,-,-,2788.8000,2788.2000,2788.0000,2786.2000,2786.0000,2789.2000,2789.4000,2789.6000,2789.8000,2790.4000,1,2,63,1,5,1,1,1,1,2
SF,IH2004,2020-04-17 09:30:12.500,2789.0000,11994,-2,226833180.000,2,0,2,双平,S,2788.8000,2788.2000,2788.0000,2786.2000,2786.0000,2789.0000,2789.2000,2789.4000,2789.8000,2790.4000,1,2,63,1,5,1,1,9,1,2
SF,IH2004,2020-04-17 09:30:13.000,2788.2000,11989,-5,231853080.000,6,0,6,多平,S,2788.2000,2788.0000,2786.2000,2786.0000,2785.8000,2789.8000,2790.4000,2790.8000,2791.0000,2791.2000,1,63,1,5,2,1,2,25,5,3
SF,IH2004,2020-04-17 09:30:13.500,2788.2000,11989,0,231853080.000,0,-,-,-,-,2788.4000,2788.2000,2788.0000,2786.2000,2786.0000,2789.6000,2789.8000,2790.0000,2790.4000,2790.8000,2,1,63,1,5,2,1,1,2,25
SF,IH2004,2020-04-17 09:30:14.000,2788.2000,11989,0,231853080.000,0,-,-,-,-,2788.4000,2788.2000,2788.0000,2786.2000,2786.0000,2788.8000,2789.4000,2789.6000,2789.8000,2790.0000,1,1,63,1,5,1,1,2,1,1
SF,IH2004,2020-04-17 09:30:14.500,2788.6000,11985,-4,235199580.000,4,0,4,双平,S,2789.2000,2788.2000,2788.0000,2786.2000,2786.0000,2789.4000,2789.6000,2789.8000,2790.0000,2790.4000,1,1,63,1,5,1,10,1,1,2
SF,IH2004,2020-04-17 09:30:15.000,2788.6000,11985,0,236036160.000,1,0,1,多换,S,2788.2000,2788.0000,2786.2000,2786.0000,2785.8000,2788.6000,2789.2000,2789.6000,2789.8000,2790.0000,1,63,1,5,1,13,2,11,1,1
SF,IH2004,2020-04-17 09:30:15.500,2788.4000,11979,-6,241055580.000,6,0,6,双平,S,2788.4000,2788.2000,2788.0000,2786.2000,2786.0000,2788.6000,2789.2000,2789.6000,2789.8000,2790.0000,3,1,63,1,5,8,2,3,1,1
SF,IH2004,2020-04-17 09:30:16.000,2788.6000,11968,-11,250257960.000,11,0,11,双平,S,2789.0000,2788.6000,2788.2000,2788.0000,2786.2000,2789.2000,2789.6000,2789.8000,2790.0000,2790.4000,1,1,1,63,1,2,3,1,1,2
SF,IH2004,2020-04-17 09:30:16.500,2788.6000,11965,-3,252767820.000,3,0,3,双平,S,2788.6000,2788.2000,2788.0000,2786.2000,2786.0000,2789.0000,2789.2000,2789.4000,2789.6000,2789.8000,1,1,63,1,5,3,2,1,3,1
SF,IH2004,2020-04-17 09:30:17.000,2788.6000,11965,0,253604400.000,1,0,1,多换,S,2788.2000,2788.0000,2786.2000,2786.0000,2785.8000,2788.4000,2788.8000,2789.0000,2789.2000,2789.4000,1,63,1,5,1,7,1,3,2,1
SF,IH2004,2020-04-17 09:30:17.500,2788.4000,11963,-2,261132960.000,9,3,6,多平,S,2788.0000,2786.2000,2786.0000,2785.8000,2785.0000,2788.8000,2789.0000,2789.2000,2789.4000,2789.6000,63,1,5,1,2,1,2,2,1,2
SF,IH2004,2020-04-17 09:30:18.000,2788.8000,11961,-2,262806240.000,2,0,2,双平,S,2788.0000,2786.2000,2786.0000,2785.8000,2785.0000,2789.0000,2789.2000,2789.4000,2789.6000,2789.8000,64,1,5,1,2,2,2,1,2,1
SF,IH2004,2020-04-17 09:30:18.500,2788.8000,11961,0,262806240.000,0,-,-,-,-,2788.2000,2788.0000,2786.2000,2786.0000,2785.8000,2788.4000,2788.8000,2789.0000,2789.2000,2789.4000,1,64,1,5,1,3,1,2,2,1
SF,IH2004,2020-04-17 09:30:19.000,2789.0000,11952,-9,270335580.000,9,0,9,双平,S,2788.2000,2788.0000,2786.2000,2786.0000,2785.8000,2789.2000,2789.4000,2789.6000,2789.8000,2790.0000,1,64,1,5,1,2,1,2,1,1
SF,IH2004,2020-04-17 09:30:19.500,2788.2000,11950,-2,272008500.000,2,0,2,双平,S,2788.4000,2788.0000,2786.2000,2786.0000,2785.8000,2789.0000,2789.2000,2789.4000,2789.6000,2789.8000,2,64,1,5,1,1,2,1,2,1
SF,IH2004,2020-04-17 09:30:20.000,2788.8000,11948,-2,273681780.000,2,0,2,双平,S,2788.0000,2786.6000,2786.2000,2786.0000,2785.8000,2789.0000,2789.2000,2789.4000,2789.6000,2789.8000,64,1,1,5,1,2,2,1,2,1
SF,IH2004,2020-04-17 09:30:20.500,2789.0000,11945,-3,276191880.000,3,0,3,双平,S,2789.0000,2788.2000,2788.0000,2786.6000,2786.2000,2789.2000,2789.4000,2789.6000,2789.8000,2790.0000,3,3,64,1,1,2,1,2,1,1
SF,IH2004,2020-04-17 09:30:21.000,2789.2000,11942,-3,278702040.000,3,0,3,双平,S,2789.0000,2788.0000,2786.6000,2786.2000,2786.0000,2789.2000,2789.4000,2789.6000,2789.8000,2790.0000,1,64,1,1,4,1,1,2,1,1
SF,IH2004,2020-04-17 09:30:21.500,2788.0000,11940,-2,281211900.000,3,0,3,多平,S,2788.0000,2786.6000,2786.2000,2786.0000,2785.8000,2788.6000,2789.0000,2789.4000,2789.6000,2789.8000,63,1,1,4,1,1,1,1,2,1
SF,IH2004,2020-04-17 09:30:22.000,2789.0000,11937,-3,283721760.000,3,0,3,双平,S,2789.2000,2788.6000,2788.0000,2786.6000,2786.2000,2789.4000,2789.6000,2789.8000,2790.0000,2790.4000,1,1,65,1,1,1,2,1,1,2
SF,IH2004,2020-04-17 09:30:22.500,2788.6000,11935,-2,285395100.000,2,0,2,双平,S,2788.2000,2788.0000,2787.2000,2786.6000,2786.2000,2789.0000,2789.2000,2789.4000,2789.6000,2789.8000,2,64,1,1,1,1,2,1,2,1
SF,IH2004,2020-04-17 09:30:23.000,2789.0000,11933,-2,287068500.000,2,0,2,双平,S,2788.6000,2788.4000,2788.2000,2788.0000,2787.2000,2789.2000,2789.4000,2789.6000,2789.8000,2790.0000,1,1,2,64,1,2,5,2,1,1
SF,IH2004,2020-04-17 09:30:23.500,2789.0000,11932,-1,287905200.000,1,0,1,双平,S,2789.2000,2789.0000,2788.8000,2788.6000,2788.4000,2789.4000,2789.6000,2789.8000,2790.0000,2790.4000,1,1,2,1,1,5,2,1,1,2
SF,IH2004,2020-04-17 09:30:24.000,2789.0000,11927,-5,292925940.000,6,0,6,多平,S,2788.8000,2788.6000,2788.4000,2788.0000,2787.2000,2789.2000,2789.4000,2789.6000,2789.8000,2790.0000,2,1,1,64,1,1,2,2,1,1
SF,IH2004,2020-04-17 09:30:24.500,2789.6000,11921,-6,297946800.000,6,0,6,双平,S,2789.2000,2789.0000,2788.6000,2788.0000,2787.2000,2789.6000,2789.8000,2790.0000,2790.4000,2790.8000,1,1,1,64,1,1,1,1,2,24
SF,IH2004,2020-04-17 09:30:25.000,2789.4000,11918,-3,300457320.000,3,0,3,双平,S,2789.0000,2788.6000,2788.2000,2788.0000,2787.2000,2789.8000,2790.0000,2790.4000,2790.8000,2791.0000,1,1,1,62,1,1,1,2,24,4
SF,IH2004,2020-04-17 09:30:25.500,2789.8000,11917,-1,302131020.000,2,0,2,多平,S,2789.0000,2788.6000,2788.2000,2788.0000,2787.2000,2790.0000,2790.4000,2790.8000,2791.0000,2791.2000,1,1,1,62,1,1,2,24,4,2
SF,IH2004,2020-04-17 09:30:26.000,2789.8000,11917,0,302131020.000,0,-,-,-,-,2789.2000,2789.0000,2788.2000,2788.0000,2787.2000,2789.4000,2790.0000,2790.4000,2790.8000,2791.0000,1,1,2,62,1,1,1,2,24,4
SF,IH2004,2020-04-17 09:30:26.500,2789.4000,11916,-1,302967840.000,1,0,1,双平,S,2789.4000,2789.2000,2788.2000,2788.0000,2787.2000,2790.0000,2790.4000,2790.8000,2791.0000,2791.2000,5,2,2,62,1,1,2,24,4,2
SF,IH2004,2020-04-17 09:30:27.000,2790.0000,11914,-2,304641840.000,2,0,2,双平,S,2790.0000,2789.4000,2789.2000,2788.2000,2788.0000,2790.4000,2790.8000,2791.0000,2791.2000,2791.4000,1,5,2,2,62,2,24,4,2,1
SF,IH2004,2020-04-17 09:30:27.500,2790.0000,11913,-1,305478840.000,1,0,1,双平,S,2789.4000,2789.2000,2789.0000,2788.2000,2788.0000,2789.6000,2790.0000,2790.2000,2790.4000,2790.8000,5,2,1,2,62,1,2,1,2,25
SF,IH2004,2020-04-17 09:30:28.000,2789.6000,11912,-1,306315720.000,1,0,1,双平,S,2789.6000,2789.4000,2789.2000,2789.0000,2788.2000,2790.0000,2790.2000,2790.4000,2790.8000,2791.0000,3,3,1,1,2,2,1,2,24,4
SF,IH2004,2020-04-17 09:30:28.500,2790.0000,11910,-2,307989660.000,2,0,2,双平,S,2789.6000,2789.4000,2789.2000,2789.0000,2788.2000,2790.0000,2790.4000,2790.8000,2791.0000,2791.2000,3,2,1,1,2,1,2,24,3,2
SF,IH2004,2020-04-17 09:30:29.000,2789.6000,11907,-3,310500480.000,3,0,3,双平,S,2789.6000,2789.4000,2789.2000,2789.0000,2788.2000,2790.4000,2790.8000,2791.0000,2791.2000,2791.4000,2,2,1,1,2,2,24,3,2,1
SF,IH2004,2020-04-17 09:30:29.500,2790.2000,11906,-1,311337540.000,1,0,1,双平,S,2790.0000,2789.6000,2789.4000,2789.2000,2789.0000,2790.2000,2790.4000,2790.8000,2791.0000,2791.2000,2,2,2,1,1,3,2,24,3,2
SF,IH2004,2020-04-17 09:30:30.000,2789.6000,11901,-5,315522300.000,5,0,5,双平,S,2789.4000,2789.2000,2789.0000,2788.2000,2788.0000,2790.2000,2790.4000,2790.8000,2791.0000,2791.2000,1,1,1,2,62,3,2,24,3,2
SF,IH2004,2020-04-17 09:30:30.500,2789.6000,11895,-6,320543580.000,6,0,6,双平,S,2789.8000,2789.4000,2789.0000,2788.2000,2788.0000,2790.0000,2790.2000,2790.4000,2790.6000,2790.8000,6,1,1,2,62,2,2,2,1,24
SF,IH2004,2020-04-17 09:30:31.000,2789.8000,11889,-6,325565220.000,6,0,6,双平,S,2789.0000,2788.2000,2788.0000,2787.2000,2786.6000,2789.6000,2790.0000,2790.2000,2790.4000,2790.6000,1,2,62,1,1,1,3,2,2,1
SF,IH2004,2020-04-17 09:30:31.500,2789.4000,11888,-1,327238800.000,2,0,2,多平,S,2789.0000,2788.2000,2788.0000,2787.2000,2786.6000,2789.6000,2790.0000,2790.2000,2790.4000,2790.6000,1,2,62,1,1,2,2,2,2,1
SF,IH2004,2020-04-17 09:30:32.000,2789.4000,11888,0,327238800.000,0,-,-,-,-,2789.0000,2788.2000,2788.0000,2787.2000,2786.6000,2789.4000,2789.6000,2790.0000,2790.4000,2790.6000,1,2,62,1,1,1,2,2,2,1
SF,IH2004,2020-04-17 09:30:32.500,2789.4000,11887,-1,328912320.000,2,0,2,多平,S,2789.0000,2788.2000,2788.0000,2787.2000,2786.6000,2789.4000,2789.6000,2790.0000,2790.4000,2790.6000,1,2,61,1,1,1,2,2,2,1
SF,IH2004,2020-04-17 09:30:33.000,2789.0000,11886,-1,329749020.000,1,0,1,双平,S,2788.6000,2788.2000,2788.0000,2787.2000,2786.6000,2789.0000,2789.4000,2789.6000,2789.8000,2790.0000,1,2,61,1,1,1,2,2,1,2
SF,IH2004,2020-04-17 09:30:33.500,2789.0000,11885,-1,330585720.000,1,0,1,双平,S,2788.6000,2788.2000,2788.0000,2787.2000,2786.6000,2789.4000,2789.6000,2789.8000,2790.0000,2790.4000,1,2,61,1,1,1,2,1,2,2
SF,IH2004,2020-04-17 09:30:34.000,2788.2000,11883,-2,332258760.000,2,0,2,双平,S,2788.2000,2788.0000,2787.2000,2786.6000,2786.2000,2788.4000,2789.6000,2789.8000,2790.0000,2790.4000,1,61,1,1,1,3,3,1,2,2
SF,IH2004,2020-04-17 09:30:34.500,2788.4000,11879,-4,335604840.000,4,0,4,双平,S,2788.2000,2788.0000,2787.2000,2786.6000,2786.2000,2789.6000,2789.8000,2790.0000,2790.4000,2790.6000,4,61,1,1,1,2,1,2,2,1
SF,IH2004,2020-04-17 09:30:35.000,2788.4000,11879,0,335604840.000,0,-,-,-,-,2788.6000,2788.4000,2788.2000,2788.0000,2787.2000,2789.0000,2789.4000,2789.6000,2789.8000,2790.0000,3,5,1,61,1,1,1,1,1,2
SF,IH2004,2020-04-17 09:30:35.500,2788.4000,11876,-3,338114400.000,3,0,3,双平,S,2788.2000,2788.0000,2787.2000,2786.6000,2786.2000,2788.6000,2788.8000,2789.0000,2789.2000,2789.4000,2,61,1,1,1,1,2,1,1,1
SF,IH2004,2020-04-17 09:30:36.000,2788.4000,11876,0,338114400.000,0,-,-,-,-,2788.2000,2788.0000,2787.2000,2786.6000,2786.2000,2788.6000,2788.8000,2789.0000,2789.2000,2789.6000,2,60,1,1,1,1,2,1,1,1
SF,IH2004,2020-04-17 09:30:36.500,2788.6000,11871,-5,342296880.000,5,0,5,双平,S,2788.0000,2787.2000,2786.6000,2786.2000,2786.0000,2788.6000,2788.8000,2789.0000,2789.2000,2789.6000,59,1,1,1,4,1,1,2,1,1
SF,IH2004,2020-04-17 09:30:37.000,2788.0000,11870,-1,343133280.000,1,0,1,双平,S,2788.0000,2787.2000,2786.6000,2786.2000,2786.0000,2788.2000,2788.4000,2788.6000,2788.8000,2789.0000,61,1,1,1,4,1,2,2,1,2
SF,IH2004,2020-04-17 09:30:37.500,2788.0000,11866,-4,346478880.000,4,0,4,双平,S,2788.0000,2787.2000,2786.6000,2786.2000,2786.0000,2788.2000,2788.4000,2788.6000,2788.8000,2789.0000,57,1,1,1,4,1,2,2,1,2
SF,IH2004,2020-04-17 09:30:38.000,2788.0000,11856,-10,354842880.000,10,0,10,双平,S,2788.0000,2787.2000,2786.6000,2786.2000,2786.0000,2788.2000,2788.4000,2788.6000,2788.8000,2789.0000,47,1,1,1,4,1,1,2,1,2
SF,IH2004,2020-04-17 09:30:38.500,2788.0000,11849,-7,360697680.000,7,0,7,双平,S,2788.0000,2787.2000,2786.6000,2786.2000,2786.0000,2788.2000,2788.4000,2788.6000,2788.8000,2789.0000,40,1,1,1,4,2,1,2,1,2
SF,IH2004,2020-04-17 09:30:39.000,2788.2000,11840,-9,368225400.000,9,0,9,双平,S,2788.0000,2787.2000,2786.6000,2786.2000,2786.0000,2788.4000,2788.6000,2788.8000,2789.0000,2789.6000,33,1,1,1,4,1,2,1,3,1
SF,IH2004,2020-04-17 09:30:39.500,2788.0000,11828,-12,378262200.000,12,0,12,双平,S,2788.0000,2787.2000,2786.6000,2786.2000,2786.0000,2788.2000,2788.4000,2788.6000,2788.8000,2789.0000,21,1,1,1,4,3,1,2,1,3
SF,IH2004,2020-04-17 09:30:40.000,2788.0000,11823,-5,382444200.000,5,0,5,双平,S,2788.0000,2787.2000,2786.6000,2786.2000,2786.0000,2788.2000,2788.6000,2788.8000,2789.0000,2789.6000,16,1,1,1,4,4,2,1,3,1
SF,IH2004,2020-04-17 09:30:40.500,2788.0000,11816,-7,388299000.000,7,0,7,双平,S,2788.0000,2787.2000,2786.6000,2786.2000,2786.0000,2788.2000,2788.6000,2788.8000,2789.0000,2789.6000,9,1,2,1,4,4,2,1,3,1
SF,IH2004,2020-04-17 09:30:41.000,2788.0000,11809,-7,395826600.000,9,1,8,多平,S,2787.2000,2786.6000,2786.2000,2786.0000,2783.2000,2787.8000,2788.2000,2788.6000,2788.8000,2789.0000,1,2,1,4,1,1,4,2,1,3
SF,IH2004,2020-04-17 09:30:41.500,2787.6000,11806,-3,398335440.000,3,0,3,双平,S,2787.2000,2786.6000,2786.2000,2786.0000,2783.2000,2787.6000,2788.0000,2788.6000,2788.8000,2789.0000,1,2,1,4,1,3,3,2,1,3
SF,IH2004,2020-04-17 09:30:42.000,2787.6000,11805,-1,399171720.000,1,0,1,双平,S,2787.2000,2786.6000,2786.2000,2786.0000,2783.2000,2787.6000,2788.0000,2788.2000,2788.6000,2788.8000,1,2,1,4,1,2,3,1,2,1
SF,IH2004,2020-04-17 09:30:42.500,2787.2000,11804,-1,400007880.000,1,0,1,双平,S,2786.6000,2786.2000,2786.0000,2783.2000,2783.0000,2787.2000,2787.6000,2787.8000,2788.0000,2788.2000,2,1,4,1,1,2,2,2,2,1
SF,IH2004,2020-04-17 09:30:43.000,2786.8000,11803,-1,400843920.000,1,0,1,双平,S,2786.8000,2786.6000,2786.2000,2786.0000,2783.2000,2787.0000,2787.2000,2788.0000,2788.2000,2788.6000,1,2,1,4,1,2,2,2,1,2
SF,IH2004,2020-04-17 09:30:43.500,2786.8000,11797,-6,405860640.000,6,0,6,双平,S,2787.0000,2786.6000,2786.2000,2786.0000,2783.2000,2788.0000,2788.2000,2788.6000,2788.8000,2789.0000,1,2,1,4,1,2,2,2,1,3
SF,IH2004,2020-04-17 09:30:44.000,2786.8000,11796,-1,406696680.000,1,0,1,双平,S,2787.2000,2787.0000,2786.6000,2786.2000,2786.0000,2787.8000,2788.0000,2788.2000,2788.6000,2788.8000,5,1,2,1,4,7,2,2,2,1
SF,IH2004,2020-04-17 09:30:44.500,2787.4000,11795,-1,407532900.000,1,0,1,双平,S,2787.4000,2787.2000,2786.6000,2786.2000,2786.0000,2787.6000,2787.8000,2788.0000,2788.2000,2788.6000,1,5,3,1,4,1,6,2,2,2
SF,IH2004,2020-04-17 09:30:45.000,2787.4000,11785,-10,415894860.000,10,0,10,双平,S,2787.2000,2786.6000,2786.2000,2786.0000,2785.0000,2787.4000,2787.6000,2787.8000,2788.0000,2788.2000,1,3,1,4,1,1,4,1,1,2
SF,IH2004,2020-04-17 09:30:45.500,2787.4000,11785,0,415894860.000,0,-,-,-,-,2787.2000,2786.6000,2786.2000,2786.0000,2785.0000,2788.0000,2788.2000,2788.6000,2788.8000,2789.0000,1,2,1,4,1,1,2,2,1,3
SF,IH2004,2020-04-17 09:30:46.000,2787.8000,11783,-2,417567420.000,2,0,2,双平,S,2787.2000,2786.6000,2786.2000,2786.0000,2785.0000,2788.0000,2788.2000,2788.4000,2788.6000,2789.0000,1,2,1,4,1,1,2,1,2,3
SF,IH2004,2020-04-17 09:30:46.500,2787.4000,11779,-4,420912480.000,4,0,4,双平,S,2787.6000,2787.2000,2786.6000,2786.2000,2786.0000,2787.8000,2788.2000,2788.4000,2788.6000,2789.0000,1,1,2,1,4,2,2,2,2,2
SF,IH2004,2020-04-17 09:30:47.000,2787.2000,11778,-1,422584920.000,2,0,2,多平,S,2786.6000,2786.2000,2786.0000,2785.0000,2783.8000,2787.8000,2788.2000,2788.4000,2788.6000,2789.0000,2,1,4,1,1,2,2,2,2,2
SF,IH2004,2020-04-17 09:30:47.500,2787.2000,11778,0,422584920.000,0,-,-,-,-,2787.4000,2787.2000,2786.6000,2786.2000,2786.0000,2787.8000,2788.2000,2788.4000,2788.6000,2789.0000,1,1,2,1,4,2,2,3,2,2
SF,IH2004,2020-04-17 09:30:48.000,2787.8000,11776,-2,424257600.000,2,0,2,双平,S,2787.8000,2787.4000,2787.2000,2786.6000,2786.2000,2788.2000,2788.4000,2788.6000,2789.0000,2789.6000,1,1,1,2,1,2,3,2,2,1
SF,IH2004,2020-04-17 09:30:48.500,2787.4000,11775,-1,425930160.000,2,0,2,多平,S,2787.2000,2786.6000,2786.2000,2786.0000,2785.0000,2787.4000,2787.6000,2788.2000,2788.4000,2788.6000,1,1,1,4,1,1,2,2,3,3
SF,IH2004,2020-04-17 09:30:49.000,2787.6000,11771,-4,429275220.000,4,0,4,双平,S,2787.2000,2786.6000,2786.2000,2786.0000,2785.0000,2788.2000,2788.4000,2788.6000,2789.0000,2789.6000,1,1,1,4,1,2,3,3,1,1
SF,IH2004,2020-04-17 09:30:49.500,2787.6000,11770,-1,430111500.000,1,0,1,双平,S,2787.2000,2786.6000,2786.2000,2786.0000,2785.0000,2788.2000,2788.4000,2788.6000,2789.0000,2789.6000,1,1,1,4,1,2,3,3,1,1
SF,IH2004,2020-04-17 09:30:50.000,2787.4000,11769,-1,430947720.000,1,0,1,双平,S,2787.4000,2787.2000,2786.6000,2786.2000,2786.0000,2788.2000,2788.4000,2788.6000,2789.0000,2789.6000,1,2,1,1,4,2,3,3,1,1
SF,IH2004,2020-04-17 09:30:50.500,2788.2000,11767,-2,432620640.000,2,0,2,双平,S,2787.4000,2787.2000,2786.6000,2786.2000,2786.0000,2788.4000,2788.6000,2789.0000,2789.6000,2790.0000,1,2,1,1,4,3,4,1,1,1
SF,IH2004,2020-04-17 09:30:51.000,2788.2000,11767,0,432620640.000,0,-,-,-,-,2787.4000,2787.2000,2786.6000,2786.2000,2786.0000,2788.4000,2788.6000,2789.0000,2789.6000,2790.0000,1,2,1,1,4,3,4,1,1,1
SF,IH2004,2020-04-17 09:30:51.500,2788.2000,11767,0,432620640.000,0,-,-,-,-,2787.6000,2787.4000,2787.2000,2786.8000,2786.6000,2787.8000,2788.4000,2788.6000,2789.0000,2789.6000,1,1,2,1,1,1,3,4,1,1
SF,IH2004,2020-04-17 09:30:52.000,2787.8000,11767,0,433456980.000,1,0,1,多换,S,2787.8000,2787.6000,2787.2000,2786.8000,2786.6000,2788.4000,2788.6000,2789.0000,2789.6000,2790.0000,1,1,2,1,1,3,4,1,1,1
SF,IH2004,2020-04-17 09:30:52.500,2787.8000,11766,-1,434293320.000,1,0,1,双平,S,2787.6000,2787.4000,2787.2000,2786.8000,2786.6000,2788.4000,2788.6000,2789.0000,2789.6000,2790.0000,1,1,2,1,1,3,4,1,1,1
SF,IH2004,2020-04-17 09:30:53.000,2787.8000,11766,0,434293320.000,0,-,-,-,-,2787.6000,2787.4000,2787.2000,2786.8000,2786.6000,2788.4000,2788.6000,2789.0000,2789.6000,2790.0000,1,1,2,1,1,3,4,1,1,1
SF,IH2004,2020-04-17 09:30:53.500,2787.6000,11765,-1,435129600.000,1,0,1,双平,S,2787.4000,2787.2000,2786.8000,2786.6000,2786.2000,2788.4000,2788.6000,2789.0000,2789.6000,2790.0000,1,2,1,1,1,3,4,1,1,1
SF,IH2004,2020-04-17 09:30:54.000,2787.6000,11764,-1,436802220.000,2,0,2,多平,S,2787.4000,2787.2000,2786.8000,2786.6000,2786.2000,2788.4000,2788.6000,2789.0000,2789.6000,2790.0000,2,2,1,1,1,3,4,1,1,1
SF,IH2004,2020-04-17 09:30:54.500,2787.6000,11764,0,436802220.000,0,-,-,-,-,2788.0000,2787.4000,2787.2000,2786.8000,2786.6000,2788.2000,2788.4000,2788.6000,2789.0000,2789.6000,1,2,2,1,1,1,3,4,1,1
SF,IH2004,2020-04-17 09:30:55.000,2788.0000,11763,-1,437638620.000,1,0,1,双平,S,2787.4000,2787.2000,2786.8000,2786.6000,2786.2000,2787.6000,2788.0000,2788.2000,2788.4000,2788.6000,1,2,1,1,1,1,3,1,3,5
SF,IH2004,2020-04-17 09:30:55.500,2787.6000,11762,-1,438474900.000,1,0,1,双平,S,2787.4000,2787.2000,2786.8000,2786.6000,2786.2000,2787.6000,2788.0000,2788.4000,2788.6000,2789.0000,2,2,1,1,1,1,5,3,5,1
SF,IH2004,2020-04-17 09:30:56.000,2787.6000,11762,0,438474900.000,0,-,-,-,-,2787.4000,2787.2000,2786.8000,2786.6000,2786.2000,2787.6000,2788.0000,2788.4000,2788.6000,2789.0000,1,2,1,1,1,1,5,3,6,1
SF,IH2004,2020-04-17 09:30:56.500,2787.6000,11757,-5,442656300.000,5,0,5,双平,S,2787.6000,2787.4000,2787.2000,2786.8000,2786.6000,2788.0000,2788.4000,2788.6000,2789.0000,2789.6000,1,1,2,1,1,5,3,6,1,1
SF,IH2004,2020-04-17 09:30:57.000,2787.8000,11756,-1,443492640.000,1,0,1,双平,S,2787.6000,2787.4000,2787.2000,2786.8000,2786.6000,2788.0000,2788.4000,2788.6000,2789.0000,2789.6000,1,2,2,1,1,6,3,6,1,1
SF,IH2004,2020-04-17 09:30:57.500,2787.4000,11755,-1,445165140.000,2,0,2,多平,S,2787.4000,2787.2000,2786.8000,2786.6000,2786.2000,2788.0000,2788.4000,2788.6000,2789.0000,2789.6000,1,2,1,1,1,6,3,6,1,1
SF,IH2004,2020-04-17 09:30:58.000,2787.6000,11753,-2,446837640.000,2,0,2,双平,S,2787.2000,2786.8000,2786.6000,2786.2000,2786.0000,2788.0000,2788.4000,2788.6000,2789.0000,2789.6000,2,1,1,1,4,6,3,6,1,1
SF,IH2004,2020-04-17 09:30:58.500,2787.6000,11753,0,446837640.000,0,-,-,-,-,2787.4000,2787.2000,2786.8000,2786.6000,2786.2000,2788.0000,2788.4000,2788.6000,2789.0000,2789.6000,4,2,1,1,1,6,3,6,1,1
SF,IH2004,2020-04-17 09:30:59.000,2787.6000,11753,0,446837640.000,0,-,-,-,-,2787.4000,2787.2000,2786.8000,2786.6000,2786.2000,2788.0000,2788.4000,2788.6000,2789.6000,2790.0000,4,2,1,1,1,7,3,6,1,1
SF,IH2004,2020-04-17 09:30:59.500,2787.6000,11753,0,446837640.000,0,-,-,-,-,2787.2000,2786.8000,2786.6000,2786.2000,2786.0000,2788.0000,2788.4000,2788.6000,2789.6000,2790.0000,2,1,1,1,4,8,3,6,1,1
SF,IH2004,2020-04-17 09:31:00.000,2787.6000,11753,0,446837640.000,0,-,-,-,-,2787.4000,2787.2000,2786.8000,2786.6000,2786.2000,2788.0000,2788.4000,2788.6000,2789.6000,2790.0000,4,3,1,1,1,8,3,6,1,1
SF,IH2004,2020-04-17 09:31:00.500,2787.6000,11751,-2,448510200.000,2,0,2,双平,S,2787.4000,2787.2000,2786.8000,2786.6000,2786.2000,2788.0000,2788.4000,2788.6000,2789.6000,2790.0000,5,3,1,1,1,12,3,6,1,1
SF,IH2004,2020-04-17 09:31:01.000,2787.6000,11749,-2,454364760.000,7,2,5,多平,S,2787.4000,2787.2000,2786.8000,2786.6000,2786.2000,2788.0000,2788.4000,2788.6000,2789.6000,2790.4000,4,3,1,1,1,8,3,6,1,1
SF,IH2004,2020-04-17 09:31:01.500,2787.2000,11737,-12,465235680.000,13,0,13,多平,S,2786.8000,2786.6000,2786.2000,2786.0000,2785.0000,2787.0000,2788.0000,2788.4000,2788.6000,2789.6000,1,1,1,4,1,2,8,3,6,1
SF,IH2004,2020-04-17 09:31:02.000,2786.8000,11723,-14,478615740.000,16,1,15,多平,S,2786.6000,2786.2000,2786.0000,2785.0000,2783.8000,2787.0000,2788.4000,2788.6000,2789.6000,2790.4000,1,1,2,1,1,1,3,5,1,1
SF,IH2004,2020-04-17 09:31:02.500,2787.0000,11722,-1,479451840.000,1,0,1,双平,S,2786.8000,2786.6000,2786.2000,2786.0000,2785.0000,2788.2000,2788.4000,2788.6000,2789.6000,2790.4000,4,1,1,2,1,3,3,5,1,1
SF,IH2004,2020-04-17 09:31:03.000,2787.0000,11722,0,479451840.000,0,-,-,-,-,2787.6000,2786.8000,2786.6000,2786.2000,2786.0000,2788.0000,2788.4000,2788.6000,2789.6000,2790.4000,1,4,1,1,2,2,3,5,1,1
SF,IH2004,2020-04-17 09:31:03.500,2787.0000,11722,0,479451840.000,0,-,-,-,-,2787.6000,2787.0000,2786.8000,2786.6000,2786.2000,2788.4000,2788.6000,2789.6000,2790.4000,2790.6000,1,2,4,1,1,3,5,1,1,1
SF,IH2004,2020-04-17 09:31:04.000,2787.0000,11722,0,479451840.000,0,-,-,-,-,2787.8000,2787.6000,2787.0000,2786.8000,2786.6000,2788.4000,2788.6000,2789.6000,2790.4000,2790.6000,1,1,2,4,1,3,5,1,1,1
SF,IH2004,2020-04-17 09:31:04.500,2787.8000,11719,-3,481961160.000,3,0,3,双平,S,2787.6000,2787.0000,2786.8000,2786.6000,2786.2000,2787.8000,2788.4000,2788.6000,2789.6000,2790.4000,1,2,4,1,1,13,2,5,1,1
SF,IH2004,2020-04-17 09:31:05.000,2787.6000,11718,-1,482797440.000,1,0,1,双平,S,2787.0000,2786.8000,2786.6000,2786.2000,2786.0000,2787.8000,2788.2000,2788.4000,2788.6000,2789.6000,1,4,1,1,2,13,1,2,5,1
SF,IH2004,2020-04-17 09:31:05.500,2787.8000,11716,-2,484470120.000,2,0,2,双平,S,2787.0000,2786.8000,2786.6000,2786.2000,2786.0000,2787.8000,2788.4000,2788.6000,2789.6000,2790.4000,1,4,1,1,2,11,3,5,1,1
SF,IH2004,2020-04-17 09:31:06.000,2787.8000,11716,0,484470120.000,0,-,-,-,-,2787.2000,2787.0000,2786.8000,2786.6000,2786.2000,2787.8000,2788.4000,2788.6000,2789.6000,2790.4000,1,1,4,1,1,11,3,5,1,1
SF,IH2004,2020-04-17 09:31:06.500,2787.8000,11714,-2,486142680.000,2,0,2,双平,S,2787.2000,2787.0000,2786.8000,2786.6000,2786.2000,2787.8000,2788.4000,2788.6000,2789.6000,2790.4000,1,2,4,1,1,10,3,5,1,1
SF,IH2004,2020-04-17 09:31:07.000,2787.8000,11710,-4,489488040.000,4,0,4,双平,S,2787.4000,2787.2000,2787.0000,2786.8000,2786.6000,2787.8000,2788.4000,2788.6000,2789.6000,2790.4000,1,1,6,4,1,6,3,5,1,1
SF,IH2004,2020-04-17 09:31:07.500,2787.8000,11710,0,489488040.000,0,-,-,-,-,2787.4000,2787.2000,2787.0000,2786.8000,2786.6000,2787.8000,2788.4000,2788.6000,2789.6000,2790.4000,2,1,6,4,1,6,4,5,1,1
SF,IH2004,2020-04-17 09:31:08.000,2787.8000,11710,0,489488040.000,0,-,-,-,-,2787.6000,2787.4000,2787.2000,2787.0000,2786.8000,2787.8000,2788.4000,2788.6000,2789.6000,2790.4000,1,1,1,6,4,6,4,5,1,1
SF,IH2004,2020-04-17 09:31:08.500,2787.8000,11703,-7,495342420.000,7,0,7,双平,S,2787.8000,2787.6000,2787.4000,2787.2000,2787.0000,2788.4000,2788.6000,2789.6000,2790.4000,2790.6000,1,4,1,1,6,4,5,1,1,1
SF,IH2004,2020-04-17 09:31:09.000,2787.8000,11703,0,495342420.000,0,-,-,-,-,2787.8000,2787.6000,2787.4000,2787.0000,2786.8000,2788.4000,2788.6000,2789.6000,2790.4000,2790.6000,2,4,1,6,4,4,5,1,1,1
SF,IH2004,2020-04-17 09:31:09.500,2787.8000,11703,0,495342420.000,0,-,-,-,-,2787.8000,2787.4000,2787.0000,2786.8000,2786.6000,2788.0000,2788.4000,2788.6000,2789.6000,2790.4000,2,2,6,4,1,1,4,5,1,1
SF,IH2004,2020-04-17 09:31:10.000,2787.8000,11703,0,495342420.000,0,-,-,-,-,2787.8000,2787.4000,2787.0000,2786.8000,2786.6000,2788.0000,2788.4000,2788.6000,2789.6000,2790.4000,2,2,6,5,1,1,4,5,1,1
SF,IH2004,2020-04-17 09:31:10.500,2787.8000,11698,-5,499524120.000,5,0,5,双平,S,2787.4000,2787.0000,2786.8000,2786.6000,2786.2000,2788.0000,2788.4000,2788.6000,2789.6000,2790.4000,2,6,5,1,1,1,5,5,1,1
SF,IH2004,2020-04-17 09:31:11.000,2788.0000,11697,-1,500360520.000,1,0,1,双平,S,2788.0000,2787.6000,2787.4000,2787.0000,2786.8000,2788.4000,2788.6000,2789.6000,2790.4000,2790.6000,2,1,1,6,5,5,5,1,1,1
SF,IH2004,2020-04-17 09:31:11.500,2788.2000,11693,-4,503706180.000,4,0,4,双平,S,2787.6000,2787.4000,2787.0000,2786.8000,2786.6000,2788.4000,2788.6000,2789.6000,2790.4000,2790.6000,1,1,6,5,1,4,5,1,1,1
SF,IH2004,2020-04-17 09:31:12.000,2788.2000,11693,0,503706180.000,0,-,-,-,-,2787.4000,2787.0000,2786.8000,2786.6000,2786.4000,2788.0000,2788.4000,2788.6000,2789.6000,2790.4000,1,6,5,1,1,1,4,5,1,1
SF,IH2004,2020-04-17 09:31:12.500,2788.2000,11693,0,503706180.000,0,-,-,-,-,2787.6000,2787.4000,2787.0000,2786.8000,2786.6000,2788.0000,2788.4000,2788.6000,2789.6000,2790.4000,1,1,6,5,1,1,4,5,1,1
SF,IH2004,2020-04-17 09:31:13.000,2788.2000,11693,0,503706180.000,0,-,-,-,-,2787.6000,2787.4000,2787.0000,2786.8000,2786.6000,2787.8000,2788.0000,2788.4000,2788.6000,2789.6000,2,1,6,5,1,1,1,4,5,1
SF,IH2004,2020-04-17 09:31:13.500,2787.8000,11693,0,505378800.000,2,1,1,多换,S,2787.6000,2787.4000,2787.0000,2786.8000,2786.6000,2788.0000,2788.4000,2788.6000,2789.6000,2790.4000,1,1,6,5,1,1,4,5,1,1
SF,IH2004,2020-04-17 09:31:14.000,2787.6000,11693,0,506215080.000,1,0,1,多换,S,2787.4000,2787.0000,2786.8000,2786.6000,2786.4000,2788.0000,2788.4000,2788.6000,2789.6000,2790.4000,2,6,5,1,1,1,4,5,1,1
SF,IH2004,2020-04-17 09:31:14.500,2787.4000,11691,-2,507887580.000,2,0,2,双平,S,2787.4000,2787.0000,2786.8000,2786.6000,2786.4000,2787.8000,2788.0000,2788.4000,2788.6000,2789.6000,1,2,4,1,1,1,1,4,5,1
SF,IH2004,2020-04-17 09:31:15.000,2787.4000,11689,-2,509560020.000,2,0,2,双平,S,2787.0000,2786.8000,2786.6000,2786.4000,2786.2000,2787.2000,2787.4000,2787.8000,2788.0000,2788.4000,2,4,1,1,1,1,4,1,1,4
SF,IH2004,2020-04-17 09:31:15.500,2787.0000,11687,-2,511232220.000,2,0,2,双平,S,2786.8000,2786.6000,2786.4000,2786.2000,2786.0000,2787.0000,2787.2000,2787.4000,2787.8000,2788.0000,4,1,1,1,3,1,1,2,1,2
SF,IH2004,2020-04-17 09:31:16.000,2786.8000,11684,-3,513740340.000,3,0,3,双平,S,2787.0000,2786.8000,2786.6000,2786.4000,2786.2000,2787.4000,2787.8000,2788.0000,2788.2000,2788.4000,1,1,1,1,1,2,1,2,1,4
SF,IH2004,2020-04-17 09:31:16.500,2786.8000,11684,0,513740340.000,0,-,-,-,-,2786.8000,2786.6000,2786.4000,2786.2000,2786.0000,2787.2000,2787.4000,2787.8000,2788.0000,2788.2000,1,1,1,1,3,1,2,1,2,1
SF,IH2004,2020-04-17 09:31:17.000,2787.0000,11683,-1,514576440.000,1,0,1,双平,S,2786.6000,2786.4000,2786.2000,2786.0000,2785.4000,2787.2000,2787.4000,2787.8000,2788.0000,2788.2000,1,1,1,3,1,1,2,1,2,1
SF,IH2004,2020-04-17 09:31:17.500,2787.0000,11683,0,514576440.000,0,-,-,-,-,2787.0000,2786.6000,2786.4000,2786.2000,2786.0000,2787.2000,2787.4000,2787.8000,2788.0000,2788.2000,1,1,1,1,3,1,2,1,2,1
SF,IH2004,2020-04-17 09:31:18.000,2787.0000,11683,0,514576440.000,0,-,-,-,-,2787.0000,2786.6000,2786.4000,2786.2000,2786.0000,2787.2000,2787.4000,2787.8000,2788.0000,2788.2000,1,1,1,1,3,1,2,1,2,1
SF,IH2004,2020-04-17 09:31:18.500,2787.0000,11682,-1,515412540.000,1,0,1,双平,S,2786.6000,2786.4000,2786.2000,2786.0000,2785.4000,2786.8000,2787.0000,2787.2000,2787.4000,2787.6000,1,1,2,3,1,2,1,1,2,1
SF,IH2004,2020-04-17 09:31:19.000,2786.6000,11678,-4,519592920.000,5,0,5,多平,S,2786.4000,2786.2000,2786.0000,2785.4000,2785.0000,2786.6000,2787.0000,2787.4000,2787.6000,2787.8000,1,2,3,1,2,1,2,2,1,1
SF,IH2004,2020-04-17 09:31:19.500,2787.0000,11676,-2,521265000.000,2,0,2,双平,S,2786.8000,2786.6000,2786.4000,2786.2000,2786.0000,2787.0000,2787.4000,2787.6000,2787.8000,2788.0000,4,1,1,2,3,2,3,1,1,2
SF,IH2004,2020-04-17 09:31:20.000,2787.0000,11672,-4,524609400.000,4,0,4,双平,S,2787.0000,2786.8000,2786.6000,2786.4000,2786.2000,2787.4000,2787.6000,2787.8000,2788.0000,2788.2000,1,4,1,1,2,3,1,1,2,1
SF,IH2004,2020-04-17 09:31:20.500,2787.0000,11672,0,524609400.000,0,-,-,-,-,2787.0000,2786.8000,2786.6000,2786.4000,2786.2000,2787.4000,2787.6000,2787.8000,2788.0000,2788.2000,1,4,1,1,2,1,1,1,2,1
SF,IH2004,2020-04-17 09:31:21.000,2787.0000,11672,0,524609400.000,0,-,-,-,-,2787.0000,2786.8000,2786.6000,2786.4000,2786.2000,2787.4000,2787.6000,2787.8000,2788.0000,2788.2000,2,5,1,1,2,1,1,1,2,1
SF,IH2004,2020-04-17 09:31:21.500,2786.8000,11670,-2,529625760.000,6,2,4,多平,S,2786.6000,2786.4000,2786.2000,2786.0000,2785.4000,2786.8000,2787.4000,2787.6000,2787.8000,2788.0000,1,1,2,3,1,2,1,2,1,2
SF,IH2004,2020-04-17 09:31:22.000,2786.8000,11667,-3,532133820.000,3,0,3,双平,S,2786.4000,2786.2000,2786.0000,2785.4000,2785.0000,2787.4000,2787.6000,2787.8000,2788.0000,2788.2000,1,2,3,1,2,1,2,1,2,1
SF,IH2004,2020-04-17 09:31:22.500,2786.8000,11667,0,532133820.000,0,-,-,-,-,2786.4000,2786.2000,2786.0000,2785.4000,2785.0000,2786.8000,2787.4000,2787.6000,2787.8000,2788.0000,1,2,3,1,2,1,1,2,1,2
SF,IH2004,2020-04-17 09:31:23.000,2786.4000,11666,-1,532969740.000,1,0,1,双平,S,2786.2000,2786.0000,2785.4000,2785.0000,2784.2000,2786.8000,2787.4000,2787.6000,2787.8000,2788.0000,2,3,1,2,1,1,1,2,1,2
SF,IH2004,2020-04-17 09:31:23.500,2786.4000,11666,0,532969740.000,0,-,-,-,-,2786.6000,2786.4000,2786.2000,2786.0000,2785.4000,2786.8000,2787.4000,2787.6000,2787.8000,2788.0000,1,1,2,3,1,1,1,2,1,2
SF,IH2004,2020-04-17 09:31:24.000,2786.4000,11666,0,532969740.000,0,-,-,-,-,2786.2000,2786.0000,2785.4000,2785.0000,2784.2000,2786.8000,2787.4000,2787.6000,2787.8000,2788.0000,2,3,1,2,1,1,1,2,1,2
SF,IH2004,2020-04-17 09:31:24.500,2786.8000,11664,-2,534641820.000,2,0,2,双平,S,2786.4000,2786.2000,2786.0000,2785.4000,2785.0000,2787.4000,2787.6000,2787.8000,2788.0000,2788.2000,2,2,3,1,2,1,2,1,2,1
SF,IH2004,2020-04-17 09:31:25.000,2786.8000,11663,-1,535477860.000,1,0,1,双平,S,2786.4000,2786.2000,2786.0000,2785.4000,2785.0000,2787.2000,2787.4000,2787.6000,2787.8000,2788.0000,4,2,3,1,2,1,2,2,1,2
SF,IH2004,2020-04-17 09:31:25.500,2786.8000,11662,-1,536313900.000,1,0,1,双平,S,2786.6000,2786.4000,2786.2000,2786.0000,2785.4000,2787.2000,2787.4000,2787.6000,2787.8000,2788.0000,1,3,2,3,1,1,2,2,1,2
SF,IH2004,2020-04-17 09:31:26.000,2786.8000,11661,-1,537149940.000,1,0,1,双平,S,2786.6000,2786.4000,2786.2000,2786.0000,2785.4000,2787.4000,2787.6000,2787.8000,2788.0000,2788.2000,2,3,2,3,1,2,2,1,2,1
SF,IH2004,2020-04-17 09:31:26.500,2786.8000,11660,-1,537985980.000,1,0,1,双平,S,2786.8000,2786.6000,2786.4000,2786.2000,2786.0000,2787.4000,2787.6000,2787.8000,2788.0000,2788.2000,1,2,1,2,3,2,2,1,2,1
SF,IH2004,2020-04-17 09:31:27.000,2786.8000,11660,0,537985980.000,0,-,-,-,-,2786.6000,2786.4000,2786.2000,2786.0000,2785.4000,2787.4000,2787.6000,2787.8000,2788.0000,2788.2000,2,1,2,3,2,2,2,1,2,1
SF,IH2004,2020-04-17 09:31:27.500,2786.8000,11660,0,537985980.000,0,-,-,-,-,2786.6000,2786.4000,2786.2000,2786.0000,2785.4000,2786.8000,2787.4000,2787.6000,2787.8000,2788.0000,2,1,2,3,2,1,2,2,1,2
SF,IH2004,2020-04-17 09:31:28.000,2786.8000,11659,-1,538822020.000,1,0,1,双平,S,2786.8000,2786.6000,2786.4000,2786.2000,2786.0000,2787.4000,2787.6000,2787.8000,2788.0000,2788.4000,2,2,1,2,3,2,2,1,2,5
SF,IH2004,2020-04-17 09:31:28.500,2786.8000,11659,0,538822020.000,0,-,-,-,-,2786.4000,2786.2000,2786.0000,2785.4000,2785.2000,2787.4000,2787.6000,2787.8000,2788.0000,2788.4000,1,2,3,2,1,2,2,1,2,5
SF,IH2004,2020-04-17 09:31:29.000,2786.8000,11659,0,538822020.000,0,-,-,-,-,2786.6000,2786.4000,2786.2000,2786.0000,2785.4000,2786.8000,2787.4000,2787.6000,2787.8000,2788.0000,1,1,2,3,2,1,2,2,1,2
SF,IH2004,2020-04-17 09:31:29.500,2786.6000,11657,-2,540493980.000,2,0,2,双平,S,2786.4000,2786.2000,2786.0000,2785.4000,2785.2000,2786.8000,2787.4000,2787.6000,2787.8000,2788.0000,1,2,3,2,1,1,2,2,1,2
SF,IH2004,2020-04-17 09:31:30.000,2786.4000,11656,-1,541329900.000,1,0,1,双平,S,2786.2000,2786.0000,2785.4000,2785.2000,2785.0000,2786.4000,2786.8000,2787.4000,2787.6000,2787.8000,2,3,2,1,3,1,1,2,2,1
SF,IH2004,2020-04-17 09:31:30.500,2786.0000,11650,-6,546345060.000,6,0,6,双平,S,2786.0000,2785.4000,2785.2000,2785.0000,2784.2000,2786.8000,2787.4000,2787.6000,2787.8000,2788.0000,1,2,1,3,1,1,2,2,1,2
SF,IH2004,2020-04-17 09:31:31.000,2786.2000,11650,0,547180920.000,1,0,1,多换,S,2786.2000,2786.0000,2785.4000,2785.2000,2785.0000,2786.6000,2786.8000,2787.4000,2787.6000,2787.8000,1,1,2,1,3,1,1,2,2,1
SF,IH2004,2020-04-17 09:31:31.500,2786.8000,11648,-2,548852940.000,2,0,2,双平,S,2786.4000,2786.2000,2786.0000,2785.4000,2785.2000,2787.4000,2787.6000,2787.8000,2788.0000,2788.4000,4,2,1,2,1,2,2,1,2,5
SF,IH2004,2020-04-17 09:31:32.000,2786.6000,11647,-1,549688920.000,1,0,1,双平,S,2786.6000,2786.4000,2786.2000,2786.0000,2785.4000,2787.2000,2787.4000,2787.6000,2787.8000,2788.0000,1,4,2,1,2,2,2,2,1,2
SF,IH2004,2020-04-17 09:31:32.500,2786.6000,11646,-1,550524900.000,1,0,1,双平,S,2786.4000,2786.2000,2786.0000,2785.4000,2785.2000,2787.2000,2787.4000,2787.6000,2787.8000,2788.0000,4,3,1,2,1,2,2,2,1,2
SF,IH2004,2020-04-17 09:31:33.000,2786.6000,11646,0,550524900.000,0,-,-,-,-,2786.8000,2786.4000,2786.2000,2786.0000,2785.4000,2787.2000,2787.4000,2787.6000,2787.8000,2788.0000,1,6,3,1,2,2,2,2,1,2
SF,IH2004,2020-04-17 09:31:33.500,2786.8000,11645,-1,551360940.000,1,0,1,双平,S,2786.4000,2786.2000,2786.0000,2785.4000,2785.2000,2787.4000,2787.6000,2787.8000,2788.0000,2788.4000,6,3,1,2,1,2,2,1,2,5
SF,IH2004,2020-04-17 09:31:34.000,2786.6000,11644,-1,552196920.000,1,0,1,双平,S,2786.6000,2786.4000,2786.2000,2786.0000,2785.4000,2787.4000,2787.6000,2787.8000,2788.0000,2788.4000,1,6,2,1,2,2,2,1,2,5
SF,IH2004,2020-04-17 09:31:34.500,2786.6000,11641,-3,554704860.000,3,0,3,双平,S,2786.6000,2786.4000,2786.2000,2786.0000,2785.4000,2787.4000,2787.6000,2787.8000,2788.0000,2788.4000,3,6,1,1,2,4,2,1,2,5
SF,IH2004,2020-04-17 09:31:35.000,2786.6000,11641,0,554704860.000,0,-,-,-,-,2786.6000,2786.4000,2786.2000,2786.0000,2785.4000,2787.2000,2787.4000,2787.6000,2787.8000,2788.0000,3,6,1,1,2,1,4,2,1,2
SF,IH2004,2020-04-17 09:31:35.500,2786.6000,11641,0,554704860.000,0,-,-,-,-,2786.6000,2786.4000,2786.2000,2786.0000,2785.4000,2786.8000,2787.2000,2787.4000,2787.6000,2787.8000,3,6,1,1,2,9,1,4,2,1
SF,IH2004,2020-04-17 09:31:36.000,2786.6000,11634,-7,560556960.000,7,0,7,双平,S,2786.6000,2786.4000,2786.2000,2786.0000,2785.4000,2786.8000,2787.2000,2787.4000,2787.6000,2787.8000,2,4,1,1,2,5,1,4,2,1
SF,IH2004,2020-04-17 09:31:36.500,2786.8000,11631,-3,563064960.000,3,0,3,双平,S,2786.4000,2786.2000,2786.0000,2785.4000,2785.2000,2786.8000,2787.2000,2787.4000,2787.6000,2787.8000,4,1,1,2,1,4,1,4,2,1
SF,IH2004,2020-04-17 09:31:37.000,2786.4000,11625,-6,568080420.000,6,0,6,双平,S,2786.0000,2785.4000,2785.2000,2785.0000,2784.2000,2786.4000,2786.6000,2786.8000,2787.2000,2787.4000,1,2,1,3,1,1,1,4,1,4
SF,IH2004,2020-04-17 09:31:37.500,2786.4000,11624,-1,568916340.000,1,0,1,双平,S,2786.0000,2785.4000,2785.2000,2785.0000,2784.2000,2786.4000,2786.6000,2786.8000,2787.2000,2787.4000,1,2,1,3,1,1,1,4,1,4
SF,IH2004,2020-04-17 09:31:38.000,2786.4000,11623,-1,569752260.000,1,0,1,双平,S,2786.0000,2785.4000,2785.2000,2785.0000,2784.2000,2786.6000,2786.8000,2787.2000,2787.4000,2787.6000,1,2,1,3,1,1,4,1,4,2
SF,IH2004,2020-04-17 09:31:38.500,2786.4000,11622,-1,570588180.000,1,0,1,双平,S,2786.0000,2785.4000,2785.2000,2785.0000,2784.2000,2786.6000,2786.8000,2787.2000,2787.4000,2787.6000,1,2,1,3,1,1,4,1,4,2
SF,IH2004,2020-04-17 09:31:39.000,2786.6000,11617,-5,574768080.000,5,0,5,双平,S,2786.6000,2786.2000,2786.0000,2785.4000,2785.2000,2786.8000,2787.2000,2787.4000,2787.6000,2788.0000,2,2,1,2,1,4,1,4,2,2
SF,IH2004,2020-04-17 09:31:39.500,2786.6000,11610,-7,580620240.000,7,0,7,双平,S,2786.6000,2786.2000,2786.0000,2785.4000,2785.2000,2787.2000,2787.4000,2787.6000,2788.0000,2788.4000,1,2,1,2,1,1,4,2,2,5
SF,IH2004,2020-04-17 09:31:40.000,2786.6000,11610,0,580620240.000,0,-,-,-,-,2786.8000,2786.6000,2786.2000,2786.0000,2785.4000,2787.0000,2787.2000,2787.4000,2787.6000,2788.0000,1,1,2,1,2,2,1,4,2,2
SF,IH2004,2020-04-17 09:31:40.500,2787.0000,11608,-2,582292440.000,2,0,2,双平,S,2786.8000,2786.6000,2786.2000,2786.0000,2785.4000,2787.0000,2787.4000,2787.6000,2788.0000,2788.4000,1,1,1,1,2,1,4,2,2,5
SF,IH2004,2020-04-17 09:31:41.000,2787.0000,11606,-2,583964640.000,2,0,2,双平,S,2787.0000,2786.8000,2786.6000,2786.2000,2786.0000,2787.2000,2787.4000,2787.6000,2788.0000,2788.4000,1,1,1,1,1,1,4,2,2,5
SF,IH2004,2020-04-17 09:31:41.500,2787.0000,11604,-2,585636900.000,2,0,2,双平,S,2786.6000,2786.2000,2786.0000,2785.4000,2785.2000,2787.4000,2787.6000,2788.0000,2788.4000,2788.6000,1,1,1,2,1,4,2,2,5,4
SF,IH2004,2020-04-17 09:31:42.000,2787.0000,11604,0,585636900.000,0,-,-,-,-,2786.8000,2786.6000,2786.2000,2786.0000,2785.4000,2787.4000,2787.6000,2788.0000,2788.2000,2788.4000,2,1,1,1,2,4,2,2,1,5
SF,IH2004,2020-04-17 09:31:42.500,2787.0000,11604,0,585636900.000,0,-,-,-,-,2786.8000,2786.6000,2786.2000,2786.0000,2785.4000,2787.4000,2787.6000,2788.0000,2788.2000,2788.4000,2,1,1,1,2,4,2,2,1,5
SF,IH2004,2020-04-17 09:31:43.000,2787.0000,11604,0,585636900.000,0,-,-,-,-,2786.8000,2786.6000,2786.2000,2786.0000,2785.4000,2787.4000,2787.6000,2788.0000,2788.2000,2788.4000,2,1,1,1,2,4,2,2,1,5
SF,IH2004,2020-04-17 09:31:43.500,2787.0000,11604,0,585636900.000,0,-,-,-,-,2786.8000,2786.6000,2786.2000,2786.0000,2785.4000,2787.4000,2787.6000,2788.0000,2788.2000,2788.4000,2,1,1,2,2,4,2,2,1,5
SF,IH2004,2020-04-17 09:31:44.000,2787.4000,11605,1,586473120.000,1,1,0,双开,S,2786.8000,2786.6000,2786.4000,2786.2000,2786.0000,2787.4000,2787.6000,2788.0000,2788.2000,2788.4000,2,1,10,1,1,3,2,2,1,5
SF,IH2004,2020-04-17 09:31:44.500,2787.4000,11605,0,586473120.000,0,-,-,-,-,2786.8000,2786.6000,2786.4000,2786.2000,2786.0000,2787.4000,2787.6000,2788.0000,2788.2000,2788.4000,2,1,10,1,1,3,2,2,1,5
SF,IH2004,2020-04-17 09:31:45.000,2787.4000,11605,0,586473120.000,0,-,-,-,-,2787.0000,2786.8000,2786.6000,2786.4000,2786.2000,2787.4000,2787.6000,2788.0000,2788.2000,2788.4000,3,2,1,10,1,3,2,2,1,5
SF,IH2004,2020-04-17 09:31:45.500,2787.2000,11604,-1,588145500.000,2,0,2,多平,S,2787.0000,2786.8000,2786.6000,2786.4000,2786.2000,2787.4000,2787.6000,2788.0000,2788.2000,2788.4000,3,1,1,10,1,2,2,2,1,5
SF,IH2004,2020-04-17 09:31:46.000,2787.4000,11604,0,588981720.000,1,0,1,多换,S,2787.0000,2786.8000,2786.6000,2786.4000,2786.2000,2787.4000,2787.6000,2788.0000,2788.2000,2788.4000,3,1,1,10,1,1,2,2,1,5
SF,IH2004,2020-04-17 09:31:46.500,2787.6000,11602,-2,590654220.000,2,0,2,双平,S,2787.4000,2787.0000,2786.8000,2786.6000,2786.4000,2787.6000,2788.0000,2788.2000,2788.4000,2788.6000,1,3,1,1,10,1,2,1,5,4
SF,IH2004,2020-04-17 09:31:47.000,2787.6000,11602,0,591490500.000,1,0,1,多换,S,2787.8000,2787.4000,2787.0000,2786.8000,2786.6000,2788.0000,2788.2000,2788.4000,2788.6000,2788.8000,2,5,2,1,1,1,1,5,4,1
SF,IH2004,2020-04-17 09:31:47.500,2787.0000,11596,-6,596507700.000,6,0,6,双平,S,2787.0000,2786.8000,2786.6000,2786.4000,2786.2000,2787.6000,2788.0000,2788.2000,2788.4000,2788.6000,1,1,2,10,2,1,1,1,6,4
SF,IH2004,2020-04-17 09:31:48.000,2787.6000,11597,1,597343980.000,1,1,0,双开,S,2787.2000,2787.0000,2786.8000,2786.6000,2786.4000,2788.2000,2788.4000,2788.6000,2788.8000,2789.2000,2,1,1,1,10,1,6,4,1,1
SF,IH2004,2020-04-17 09:31:48.500,2787.6000,11597,0,597343980.000,0,-,-,-,-,2787.2000,2787.0000,2786.8000,2786.6000,2786.4000,2787.6000,2788.0000,2788.2000,2788.4000,2788.6000,3,1,1,1,10,1,1,1,6,4
SF,IH2004,2020-04-17 09:31:49.000,2787.2000,11595,-2,599016300.000,2,0,2,双平,S,2787.0000,2786.8000,2786.6000,2786.4000,2786.2000,2787.2000,2787.6000,2788.0000,2788.2000,2788.4000,1,1,1,10,2,13,1,1,1,6
SF,IH2004,2020-04-17 09:31:49.500,2787.2000,11589,-6,604033260.000,6,0,6,双平,S,2787.0000,2786.8000,2786.6000,2786.4000,2786.2000,2787.2000,2787.6000,2788.0000,2788.2000,2788.4000,1,2,1,10,2,7,1,1,1,6
SF,IH2004,2020-04-17 09:31:50.000,2787.2000,11587,-2,605705580.000,2,0,2,双平,S,2787.0000,2786.8000,2786.6000,2786.4000,2786.2000,2787.2000,2787.6000,2788.0000,2788.2000,2788.4000,1,2,1,10,2,5,2,1,1,6
SF,IH2004,2020-04-17 09:31:50.500,2787.0000,11583,-4,609050160.000,4,0,4,双平,S,2786.8000,2786.6000,2786.4000,2786.2000,2786.0000,2787.0000,2787.2000,2787.6000,2788.0000,2788.2000,2,1,10,2,1,2,2,1,1,1
SF,IH2004,2020-04-17 09:31:51.000,2787.0000,11582,-1,610722360.000,2,0,2,多平,S,2787.0000,2786.8000,2786.6000,2786.4000,2786.2000,2787.2000,2787.6000,2788.0000,2788.2000,2788.4000,1,2,1,10,2,2,1,1,1,6
SF,IH2004,2020-04-17 09:31:51.500,2787.2000,11580,-2,612394680.000,2,0,2,双平,S,2787.0000,2786.8000,2786.6000,2786.4000,2786.2000,2787.6000,2788.0000,2788.2000,2788.4000,2788.6000,3,2,1,10,2,1,1,1,6,5
SF,IH2004,2020-04-17 09:31:52.000,2787.2000,11580,0,612394680.000,0,-,-,-,-,2787.0000,2786.8000,2786.6000,2786.4000,2786.2000,2787.6000,2788.0000,2788.2000,2788.4000,2788.6000,3,4,1,10,2,1,1,1,5,5
SF,IH2004,2020-04-17 09:31:52.500,2787.2000,11580,0,612394680.000,0,-,-,-,-,2787.0000,2786.8000,2786.6000,2786.4000,2786.2000,2787.6000,2788.0000,2788.2000,2788.4000,2788.6000,2,4,1,10,2,2,1,1,5,5
SF,IH2004,2020-04-17 09:31:53.000,2786.8000,11577,-3,615738960.000,4,0,4,多平,S,2787.2000,2786.8000,2786.6000,2786.4000,2786.2000,2787.6000,2788.0000,2788.2000,2788.4000,2788.6000,1,1,1,11,2,2,1,1,5,5
SF,IH2004,2020-04-17 09:31:53.500,2786.8000,11575,-2,617411160.000,2,0,2,双平,S,2786.6000,2786.4000,2786.2000,2786.0000,2785.4000,2787.2000,2787.6000,2788.0000,2788.2000,2788.4000,1,11,2,1,1,2,2,1,1,5
SF,IH2004,2020-04-17 09:31:54.000,2787.2000,11573,-2,619083480.000,2,0,2,双平,S,2787.2000,2786.6000,2786.4000,2786.2000,2786.0000,2787.6000,2788.0000,2788.2000,2788.4000,2788.6000,6,1,11,2,1,2,1,1,5,5
SF,IH2004,2020-04-17 09:31:54.500,2787.2000,11573,0,619083480.000,0,-,-,-,-,2787.2000,2786.6000,2786.4000,2786.2000,2786.0000,2787.6000,2788.0000,2788.2000,2788.4000,2788.6000,6,1,11,2,1,2,1,1,5,5
SF,IH2004,2020-04-17 09:31:55.000,2787.2000,11571,-2,620755920.000,2,0,2,双平,S,2787.2000,2786.6000,2786.4000,2786.2000,2786.0000,2787.6000,2788.0000,2788.2000,2788.4000,2788.6000,7,1,11,2,1,2,1,1,5,5
SF,IH2004,2020-04-17 09:31:55.500,2787.2000,11570,-1,621592080.000,1,0,1,双平,S,2787.2000,2786.6000,2786.4000,2786.2000,2786.0000,2787.6000,2788.0000,2788.2000,2788.4000,2788.6000,6,1,11,2,1,2,1,1,5,5
SF,IH2004,2020-04-17 09:31:56.000,2787.2000,11570,0,621592080.000,0,-,-,-,-,2787.2000,2786.6000,2786.4000,2786.2000,2786.0000,2787.6000,2788.0000,2788.2000,2788.4000,2788.6000,7,1,11,2,1,2,1,1,5,5
SF,IH2004,2020-04-17 09:31:56.500,2787.2000,11569,-1,622428240.000,1,0,1,双平,S,2787.2000,2786.6000,2786.4000,2786.2000,2786.0000,2787.6000,2788.0000,2788.2000,2788.4000,2788.6000,6,1,11,2,1,3,1,1,5,5
SF,IH2004,2020-04-17 09:31:57.000,2787.2000,11569,0,622428240.000,0,-,-,-,-,2787.2000,2786.6000,2786.4000,2786.2000,2786.0000,2787.6000,2788.0000,2788.2000,2788.4000,2788.6000,16,1,11,2,1,3,1,1,5,5
SF,IH2004,2020-04-17 09:31:57.500,2787.6000,11567,-2,624937080.000,3,0,3,多平,S,2787.6000,2787.2000,2786.6000,2786.4000,2786.2000,2788.0000,2788.2000,2788.4000,2788.6000,2788.8000,4,16,1,11,2,1,1,5,5,1
SF,IH2004,2020-04-17 09:31:58.000,2787.6000,11567,0,624937080.000,0,-,-,-,-,2787.6000,2787.2000,2786.6000,2786.4000,2786.2000,2788.0000,2788.2000,2788.4000,2788.6000,2788.8000,4,17,1,11,2,1,1,5,6,1
SF,IH2004,2020-04-17 09:31:58.500,2787.6000,11567,0,624937080.000,0,-,-,-,-,2787.6000,2787.2000,2786.6000,2786.4000,2786.2000,2787.8000,2788.0000,2788.2000,2788.4000,2788.6000,4,17,1,11,2,1,1,1,5,6
SF,IH2004,2020-04-17 09:31:59.000,2787.6000,11566,-1,625773360.000,1,0,1,双平,S,2787.6000,2787.2000,2786.6000,2786.4000,2786.2000,2787.8000,2788.0000,2788.2000,2788.4000,2788.6000,3,17,1,11,2,1,1,1,5,6
SF,IH2004,2020-04-17 09:31:59.500,2787.6000,11564,-2,628282200.000,3,0,3,多平,S,2787.2000,2786.6000,2786.4000,2786.2000,2786.0000,2787.8000,2788.0000,2788.2000,2788.4000,2788.6000,17,1,11,2,1,2,1,1,5,6
SF,IH2004,2020-04-17 09:32:00.000,2787.6000,11564,0,628282200.000,0,-,-,-,-,2787.2000,2786.6000,2786.4000,2786.2000,2786.0000,2787.8000,2788.0000,2788.2000,2788.4000,2788.6000,18,1,11,2,1,2,1,1,5,6
SF,IH2004,2020-04-17 09:32:00.500,2787.2000,11556,-8,635807700.000,9,0,9,多平,S,2787.2000,2786.6000,2786.4000,2786.2000,2786.0000,2787.8000,2788.0000,2788.2000,2788.4000,2788.6000,9,1,11,2,1,2,1,1,5,6
SF,IH2004,2020-04-17 09:32:01.000,2787.2000,11556,0,635807700.000,0,-,-,-,-,2787.4000,2787.2000,2786.6000,2786.4000,2786.2000,2787.8000,2788.0000,2788.2000,2788.4000,2788.6000,1,9,1,11,2,2,1,1,5,6
SF,IH2004,2020-04-17 09:32:01.500,2787.2000,11556,0,635807700.000,0,-,-,-,-,2787.4000,2787.2000,2787.0000,2786.6000,2786.4000,2787.6000,2787.8000,2788.0000,2788.2000,2788.4000,1,9,1,1,11,4,2,1,1,5
SF,IH2004,2020-04-17 09:32:02.000,2787.4000,11554,-2,637480200.000,2,0,2,双平,S,2787.2000,2787.0000,2786.6000,2786.4000,2786.2000,2787.4000,2787.6000,2787.8000,2788.0000,2788.2000,9,1,1,11,2,1,3,2,1,1
SF,IH2004,2020-04-17 09:32:03.000,2787.4000,11554,0,637480200.000,0,-,-,-,-,2787.2000,2787.0000,2786.8000,2786.6000,2786.4000,2787.4000,2787.6000,2787.8000,2788.0000,2788.2000,10,1,1,1,11,1,3,2,1,1
SF,IH2004,2020-04-17 09:32:03.500,2787.2000,11550,-4,640824840.000,4,0,4,双平,S,2787.2000,2787.0000,2786.8000,2786.6000,2786.4000,2787.4000,2787.6000,2787.8000,2788.0000,2788.2000,6,1,1,1,11,1,3,2,1,1
SF,IH2004,2020-04-17 09:32:04.000,2787.2000,11544,-6,645841800.000,6,0,6,双平,S,2787.0000,2786.8000,2786.6000,2786.4000,2786.2000,2787.2000,2787.4000,2787.6000,2787.8000,2788.0000,1,1,1,11,3,3,1,4,2,1
SF,IH2004,2020-04-17 09:32:04.500,2787.0000,11543,-1,646677900.000,1,0,1,双平,S,2786.8000,2786.6000,2786.4000,2786.2000,2786.0000,2787.2000,2787.4000,2787.6000,2787.8000,2788.0000,1,1,11,3,2,3,1,4,2,2
SF,IH2004,2020-04-17 09:32:05.000,2787.2000,11542,-1,647514060.000,1,0,1,双平,S,2786.8000,2786.6000,2786.4000,2786.2000,2786.0000,2787.2000,2787.4000,2787.6000,2787.8000,2788.0000,2,1,11,3,2,2,1,4,2,2
SF,IH2004,2020-04-17 09:32:05.500,2787.4000,11541,-1,648350280.000,1,0,1,双平,S,2786.8000,2786.6000,2786.4000,2786.2000,2786.0000,2787.6000,2787.8000,2788.0000,2788.2000,2788.4000,2,1,11,3,2,4,2,2,1,5
SF,IH2004,2020-04-17 09:32:06.000,2787.4000,11539,-2,650022720.000,2,0,2,双平,S,2786.8000,2786.6000,2786.4000,2786.2000,2786.0000,2787.6000,2787.8000,2788.0000,2788.2000,2788.4000,2,1,11,3,2,4,2,2,1,5
SF,IH2004,2020-04-17 09:32:06.500,2787.4000,11539,0,650022720.000,0,-,-,-,-,2786.8000,2786.6000,2786.4000,2786.2000,2786.0000,2787.6000,2787.8000,2788.0000,2788.2000,2788.4000,2,1,11,3,2,4,2,2,1,5
SF,IH2004,2020-04-17 09:32:07.000,2787.4000,11539,0,650022720.000,0,-,-,-,-,2787.0000,2786.8000,2786.6000,2786.4000,2786.2000,2787.6000,2787.8000,2788.0000,2788.2000,2788.4000,1,2,1,11,3,4,2,2,1,5
SF,IH2004,2020-04-17 09:32:08.000,2787.4000,11539,0,650022720.000,0,-,-,-,-,2787.0000,2786.8000,2786.6000,2786.4000,2786.2000,2787.6000,2787.8000,2788.0000,2788.2000,2788.4000,2,2,1,11,3,4,1,2,1,5
SF,IH2004,2020-04-17 09:32:08.500,2787.2000,11538,-1,650858880.000,1,0,1,双平,S,2787.0000,2786.8000,2786.6000,2786.4000,2786.2000,2787.4000,2787.6000,2787.8000,2788.0000,2788.2000,2,2,1,11,3,1,4,1,2,1
SF,IH2004,2020-04-17 09:32:09.000,2787.4000,11537,-1,651695100.000,1,0,1,双平,S,2787.0000,2786.8000,2786.6000,2786.4000,2786.2000,2787.6000,2787.8000,2788.0000,2788.2000,2788.4000,4,2,1,11,3,4,1,2,1,5
SF,IH2004,2020-04-17 09:32:09.500,2787.6000,11534,-3,654203700.000,3,0,3,双平,S,2787.0000,2786.8000,2786.6000,2786.4000,2786.2000,2787.6000,2787.8000,2788.0000,2788.2000,2788.4000,3,2,1,11,3,3,1,2,1,5
SF,IH2004,2020-04-17 09:32:10.500,2787.6000,11534,0,654203700.000,0,-,-,-,-,2787.2000,2787.0000,2786.8000,2786.6000,2786.4000,2787.6000,2787.8000,2788.0000,2788.2000,2788.4000,1,3,2,1,11,3,1,2,1,5
SF,IH2004,2020-04-17 09:32:11.000,2787.6000,11534,0,654203700.000,0,-,-,-,-,2787.2000,2787.0000,2786.8000,2786.6000,2786.4000,2787.6000,2787.8000,2788.0000,2788.2000,2788.4000,1,4,2,1,11,4,1,3,1,5
SF,IH2004,2020-04-17 09:32:11.500,2787.6000,11534,0,654203700.000,0,-,-,-,-,2787.4000,2787.2000,2787.0000,2786.8000,2786.6000,2787.6000,2787.8000,2788.0000,2788.2000,2788.4000,1,1,3,2,1,4,1,3,1,5
SF,IH2004,2020-04-17 09:32:12.000,2787.2000,11532,-2,655876080.000,2,0,2,双平,S,2787.0000,2786.8000,2786.6000,2786.4000,2786.2000,2787.2000,2787.6000,2787.8000,2788.0000,2788.2000,2,2,1,11,3,1,4,1,3,1
SF,IH2004,2020-04-17 09:32:12.500,2787.6000,11530,-2,657548520.000,2,0,2,双平,S,2787.2000,2787.0000,2786.8000,2786.6000,2786.4000,2787.6000,2787.8000,2788.0000,2788.2000,2788.4000,3,2,2,1,11,2,1,3,1,5
SF,IH2004,2020-04-17 09:32:13.000,2787.2000,11528,-2,659220840.000,2,0,2,双平,S,2787.0000,2786.8000,2786.6000,2786.4000,2786.2000,2787.6000,2787.8000,2788.0000,2788.2000,2788.4000,2,2,1,11,3,2,1,3,1,5
SF,IH2004,2020-04-17 09:32:13.500,2787.2000,11528,0,659220840.000,0,-,-,-,-,2787.2000,2787.0000,2786.8000,2786.6000,2786.4000,2787.4000,2787.6000,2787.8000,2788.0000,2788.2000,1,2,2,1,11,2,2,1,3,1
SF,IH2004,2020-04-17 09:32:14.500,2787.4000,11528,0,660057060.000,1,0,1,多换,S,2787.2000,2787.0000,2786.8000,2786.6000,2786.4000,2787.4000,2787.6000,2787.8000,2788.0000,2788.2000,2,2,2,1,11,1,2,1,3,1
SF,IH2004,2020-04-17 09:32:15.000,2787.4000,11528,0,660893280.000,1,0,1,多换,S,2787.2000,2787.0000,2786.8000,2786.6000,2786.4000,2787.6000,2787.8000,2788.0000,2788.2000,2788.4000,1,2,2,1,11,2,1,3,1,5
SF,IH2004,2020-04-17 09:32:15.500,2787.4000,11528,0,660893280.000,0,-,-,-,-,2787.0000,2786.8000,2786.6000,2786.4000,2786.2000,2787.2000,2787.6000,2787.8000,2788.0000,2788.2000,2,2,1,11,3,1,2,1,3,1
SF,IH2004,2020-04-17 09:32:16.000,2787.2000,11527,-1,661729440.000,1,0,1,双平,S,2787.2000,2787.0000,2786.8000,2786.6000,2786.4000,2787.6000,2787.8000,2788.0000,2788.2000,2788.4000,4,2,2,1,11,3,1,3,1,5
SF,IH2004,2020-04-17 09:32:16.500,2787.2000,11527,0,661729440.000,0,-,-,-,-,2787.4000,2787.2000,2787.0000,2786.8000,2786.6000,2787.6000,2787.8000,2788.0000,2788.2000,2788.4000,1,1,2,2,1,3,1,3,1,5
SF,IH2004,2020-04-17 09:32:17.500,2787.4000,11525,-2,663401940.000,2,0,2,双平,S,2787.2000,2787.0000,2786.8000,2786.6000,2786.4000,2787.6000,2787.8000,2788.0000,2788.2000,2788.4000,1,2,2,1,11,2,1,3,1,5
SF,IH2004,2020-04-17 09:32:18.000,2787.6000,11523,-2,665074500.000,2,0,2,双平,S,2787.6000,2787.2000,2787.0000,2786.8000,2786.6000,2787.8000,2788.0000,2788.2000,2788.4000,2788.6000,1,1,2,2,1,1,3,1,5,6
SF,IH2004,2020-04-17 09:32:18.500,2788.0000,11519,-4,668419680.000,4,0,4,双平,S,2787.2000,2787.0000,2786.8000,2786.6000,2786.4000,2788.0000,2788.2000,2788.4000,2788.6000,2788.8000,1,2,2,1,11,2,1,5,6,1
SF,IH2004,2020-04-17 09:32:19.000,2787.4000,11518,-1,669255900.000,1,0,1,双平,S,2787.0000,2786.8000,2786.6000,2786.4000,2786.2000,2788.0000,2788.2000,2788.4000,2788.6000,2788.8000,2,2,1,11,3,2,1,5,6,1
SF,IH2004,2020-04-17 09:32:19.500,2787.4000,11518,0,669255900.000,0,-,-,-,-,2787.4000,2787.2000,2787.0000,2786.8000,2786.6000,2788.0000,2788.2000,2788.4000,2788.6000,2788.8000,1,3,3,2,1,2,1,5,6,1
SF,IH2004,2020-04-17 09:32:20.000,2788.0000,11515,-3,671764920.000,3,0,3,双平,S,2787.2000,2787.0000,2786.8000,2786.6000,2786.4000,2788.2000,2788.4000,2788.6000,2788.8000,2789.0000,3,4,2,1,11,1,5,6,1,1
SF,IH2004,2020-04-17 09:32:20.500,2787.4000,11514,-1,672601140.000,1,0,1,双平,S,2787.4000,2787.2000,2787.0000,2786.8000,2786.6000,2788.2000,2788.4000,2788.6000,2788.8000,2789.0000,1,3,4,2,1,1,5,6,1,1
SF,IH2004,2020-04-17 09:32:21.000,2788.0000,11513,-1,673437540.000,1,0,1,双平,S,2788.0000,2787.4000,2787.2000,2787.0000,2786.8000,2788.2000,2788.4000,2788.6000,2788.8000,2789.0000,2,1,3,4,2,1,5,6,1,1
SF,IH2004,2020-04-17 09:32:21.500,2788.0000,11510,-3,675946740.000,3,0,3,双平,S,2787.4000,2787.2000,2787.0000,2786.8000,2786.6000,2788.2000,2788.4000,2788.6000,2788.8000,2789.0000,1,3,4,1,1,1,5,6,1,1
SF,IH2004,2020-04-17 09:32:22.000,2788.0000,11510,0,675946740.000,0,-,-,-,-,2787.6000,2787.4000,2787.2000,2787.0000,2786.8000,2788.4000,2788.6000,2788.8000,2789.0000,2789.4000,2,1,3,4,1,5,6,1,1,1
SF,IH2004,2020-04-17 09:32:22.500,2788.2000,11508,-2,677619480.000,2,0,2,双平,S,2787.6000,2787.4000,2787.2000,2787.0000,2786.8000,2788.4000,2788.6000,2788.8000,2789.0000,2789.4000,1,1,3,4,1,5,6,1,1,1
SF,IH2004,2020-04-17 09:32:23.000,2788.4000,11507,-1,678456000.000,1,0,1,双平,S,2787.6000,2787.4000,2787.2000,2787.0000,2786.8000,2788.4000,2788.6000,2788.8000,2789.0000,2789.4000,1,1,3,4,1,4,6,1,1,1
SF,IH2004,2020-04-17 09:32:23.500,2787.8000,11506,-1,679292340.000,1,0,1,双平,S,2787.8000,2787.6000,2787.4000,2787.2000,2787.0000,2788.0000,2788.4000,2788.6000,2788.8000,2789.0000,1,1,1,3,4,1,4,6,1,1
SF,IH2004,2020-04-17 09:32:24.000,2787.8000,11506,0,679292340.000,0,-,-,-,-,2787.8000,2787.6000,2787.4000,2787.2000,2787.0000,2788.0000,2788.4000,2788.6000,2788.8000,2789.0000,2,1,1,3,4,1,4,6,1,1
SF,IH2004,2020-04-17 09:32:24.500,2788.4000,11500,-6,685146840.000,7,0,7,多平,S,2787.2000,2787.0000,2786.8000,2786.6000,2786.4000,2788.4000,2788.6000,2788.8000,2789.0000,2789.4000,2,4,1,1,11,2,6,1,1,1
SF,IH2004,2020-04-17 09:32:25.000,2788.4000,11500,0,685146840.000,0,-,-,-,-,2787.4000,2787.2000,2787.0000,2786.8000,2786.6000,2788.2000,2788.4000,2788.6000,2788.8000,2789.0000,1,2,4,1,1,1,2,6,1,1
SF,IH2004,2020-04-17 09:32:25.500,2788.4000,11500,0,685146840.000,0,-,-,-,-,2787.6000,2787.4000,2787.2000,2787.0000,2786.8000,2788.2000,2788.4000,2788.6000,2788.8000,2789.0000,1,1,2,4,1,1,2,6,1,1
SF,IH2004,2020-04-17 09:32:26.000,2787.6000,11498,-2,686819580.000,2,0,2,双平,S,2787.8000,2787.6000,2787.4000,2787.2000,2787.0000,2788.4000,2788.6000,2788.8000,2789.0000,2789.4000,1,3,1,1,4,2,7,1,1,1
SF,IH2004,2020-04-17 09:32:26.500,2787.8000,11497,-1,687655920.000,1,0,1,双平,S,2787.6000,2787.4000,2787.2000,2787.0000,2786.8000,2788.4000,2788.6000,2788.8000,2789.0000,2789.4000,3,1,1,4,1,2,7,1,1,1
SF,IH2004,2020-04-17 09:32:27.000,2788.4000,11496,-1,688492440.000,1,0,1,双平,S,2787.8000,2787.6000,2787.4000,2787.2000,2787.0000,2788.4000,2788.6000,2788.8000,2789.0000,2789.4000,1,2,1,1,4,1,7,1,1,1
SF,IH2004,2020-04-17 09:32:27.500,2788.4000,11496,0,688492440.000,0,-,-,-,-,2787.8000,2787.4000,2787.2000,2787.0000,2786.8000,2788.4000,2788.6000,2788.8000,2789.0000,2789.4000,1,1,1,3,1,1,7,1,1,1
SF,IH2004,2020-04-17 09:32:28.000,2788.4000,11496,0,688492440.000,0,-,-,-,-,2787.8000,2787.6000,2787.4000,2787.2000,2787.0000,2788.4000,2788.6000,2788.8000,2789.0000,2789.4000,1,1,1,1,3,1,7,1,1,1
SF,IH2004,2020-04-17 09:32:28.500,2788.0000,11494,-2,690165360.000,2,0,2,双平,S,2787.8000,2787.6000,2787.4000,2787.2000,2787.0000,2788.6000,2788.8000,2789.0000,2789.4000,2789.6000,1,1,1,1,3,7,1,1,1,1
SF,IH2004,2020-04-17 09:32:29.000,2788.0000,11494,0,690165360.000,0,-,-,-,-,2787.8000,2787.6000,2787.4000,2787.2000,2787.0000,2788.6000,2788.8000,2789.0000,2789.4000,2789.6000,1,1,1,1,3,7,1,1,1,1
SF,IH2004,2020-04-17 09:32:29.500,2788.0000,11494,0,690165360.000,0,-,-,-,-,2788.0000,2787.8000,2787.6000,2787.4000,2787.2000,2788.2000,2788.4000,2788.6000,2788.8000,2789.0000,2,1,1,1,1,5,1,7,1,1
SF,IH2004,2020-04-17 09:32:30.000,2788.0000,11491,-3,692674620.000,3,0,3,双平,S,2787.4000,2787.2000,2787.0000,2786.8000,2786.6000,2788.2000,2788.4000,2788.6000,2788.8000,2789.0000,1,1,3,1,1,4,1,7,1,1
SF,IH2004,2020-04-17 09:32:30.500,2788.0000,11490,-1,693511020.000,1,0,1,双平,S,2787.6000,2787.4000,2787.2000,2787.0000,2786.8000,2787.8000,2788.2000,2788.4000,2788.6000,2788.8000,2,1,1,3,1,3,4,1,7,1
SF,IH2004,2020-04-17 09:32:31.000,2787.6000,11483,-7,699365400.000,7,0,7,双平,S,2787.4000,2787.2000,2787.0000,2786.8000,2786.6000,2788.4000,2788.6000,2788.8000,2789.0000,2789.4000,1,1,3,1,1,1,7,1,1,1
SF,IH2004,2020-04-17 09:32:31.500,2787.4000,11482,-1,700201620.000,1,0,1,双平,S,2787.2000,2787.0000,2786.8000,2786.6000,2786.4000,2787.8000,2788.4000,2788.6000,2788.8000,2789.0000,1,3,1,1,1,2,1,7,1,1
SF,IH2004,2020-04-17 09:32:32.000,2787.8000,11479,-3,702710400.000,3,0,3,双平,S,2787.4000,2787.2000,2787.0000,2786.8000,2786.6000,2787.8000,2788.4000,2788.6000,2788.8000,2789.0000,1,1,3,1,1,1,1,7,1,1
SF,IH2004,2020-04-17 09:32:32.500,2787.8000,11478,-1,703546740.000,1,0,1,双平,S,2787.2000,2787.0000,2786.8000,2786.6000,2786.4000,2788.4000,2788.6000,2788.8000,2789.0000,2789.4000,1,3,1,1,1,1,7,1,1,1
SF,IH2004,2020-04-17 09:32:33.000,2788.2000,11477,-1,704383200.000,1,0,1,双平,S,2787.2000,2787.0000,2786.8000,2786.6000,2786.4000,2788.2000,2788.4000,2788.6000,2788.8000,2789.0000,1,3,1,1,1,1,1,7,1,1
SF,IH2004,2020-04-17 09:32:33.500,2788.2000,11474,-3,706892460.000,3,0,3,双平,S,2788.2000,2787.2000,2787.0000,2786.8000,2786.6000,2788.4000,2788.6000,2788.8000,2789.0000,2789.4000,5,1,3,1,1,1,8,1,1,1
SF,IH2004,2020-04-17 09:32:34.000,2788.4000,11470,-4,710238360.000,4,0,4,双平,S,2788.2000,2787.4000,2787.2000,2787.0000,2786.8000,2788.6000,2788.8000,2789.0000,2789.4000,2789.6000,2,2,1,3,1,8,1,1,1,1
SF,IH2004,2020-04-17 09:32:34.500,2788.2000,11469,-1,711911280.000,2,0,2,多平,S,2787.4000,2787.2000,2787.0000,2786.8000,2786.6000,2788.6000,2788.8000,2789.0000,2789.4000,2789.6000,2,1,3,1,1,8,1,1,1,1
SF,IH2004,2020-04-17 09:32:35.000,2788.2000,11469,0,711911280.000,0,-,-,-,-,2787.6000,2787.4000,2787.2000,2787.0000,2786.8000,2788.0000,2788.2000,2788.4000,2788.6000,2788.8000,1,1,1,3,1,2,3,5,8,1
SF,IH2004,2020-04-17 09:32:35.500,2788.2000,11468,-1,712747740.000,1,0,1,双平,S,2787.6000,2787.4000,2787.2000,2787.0000,2786.8000,2788.0000,2788.2000,2788.4000,2788.6000,2788.8000,2,1,1,3,1,1,2,5,8,1
SF,IH2004,2020-04-17 09:32:36.000,2788.0000,11466,-2,714420480.000,2,0,2,双平,S,2787.6000,2787.4000,2787.2000,2787.0000,2786.8000,2788.4000,2788.6000,2788.8000,2789.0000,2789.4000,2,1,1,3,1,1,7,1,1,1
SF,IH2004,2020-04-17 09:32:36.500,2788.0000,11466,0,714420480.000,0,-,-,-,-,2787.8000,2787.6000,2787.4000,2787.2000,2787.0000,2788.6000,2788.8000,2789.0000,2789.4000,2789.6000,1,2,1,1,3,7,1,1,1,1
SF,IH2004,2020-04-17 09:32:37.000,2788.0000,11462,-4,717766620.000,4,0,4,双平,S,2788.0000,2787.8000,2787.6000,2787.4000,2787.2000,2788.6000,2789.0000,2789.4000,2789.6000,2789.8000,1,2,1,1,1,3,1,1,1,1
SF,IH2004,2020-04-17 09:32:37.500,2788.4000,11461,-1,718603140.000,1,0,1,双平,S,2788.2000,2788.0000,2787.8000,2787.6000,2787.4000,2788.6000,2789.0000,2789.4000,2789.6000,2789.8000,1,1,2,1,1,3,1,1,1,1
SF,IH2004,2020-04-17 09:32:38.000,2788.4000,11459,-2,720276240.000,2,0,2,双平,S,2788.2000,2787.8000,2787.6000,2787.4000,2787.2000,2788.6000,2789.0000,2789.4000,2789.6000,2789.8000,1,2,1,1,1,2,1,1,1,1
SF,IH2004,2020-04-17 09:32:38.500,2788.6000,11457,-2,721949400.000,2,0,2,双平,S,2788.2000,2787.8000,2787.6000,2787.4000,2787.2000,2788.4000,2789.0000,2789.4000,2789.6000,2789.8000,1,2,1,1,1,1,1,1,1,1
SF,IH2004,2020-04-17 09:32:39.000,2788.2000,11456,-1,722785860.000,1,0,1,双平,S,2787.8000,2787.6000,2787.4000,2787.2000,2787.0000,2788.4000,2789.0000,2789.4000,2789.6000,2789.8000,2,1,1,1,4,2,1,1,1,1
SF,IH2004,2020-04-17 09:32:39.500,2788.4000,11454,-2,724458900.000,2,0,2,双平,S,2788.0000,2787.8000,2787.6000,2787.4000,2787.2000,2789.0000,2789.4000,2789.6000,2789.8000,2790.0000,1,2,2,1,1,1,1,1,1,2
SF,IH2004,2020-04-17 09:32:40.000,2788.4000,11454,0,724458900.000,0,-,-,-,-,2788.0000,2787.8000,2787.6000,2787.4000,2787.2000,2788.8000,2789.0000,2789.4000,2789.6000,2789.8000,1,2,2,1,1,1,1,1,1,1
SF,IH2004,2020-04-17 09:32:40.500,2788.0000,11452,-2,726131700.000,2,0,2,双平,S,2787.8000,2787.6000,2787.4000,2787.2000,2787.0000,2788.4000,2788.8000,2789.0000,2789.4000,2789.6000,2,2,1,1,4,1,1,1,1,1
SF,IH2004,2020-04-17 09:32:41.000,2788.4000,11451,-1,726968220.000,1,0,1,双平,S,2787.8000,2787.6000,2787.4000,2787.2000,2787.0000,2788.8000,2789.0000,2789.4000,2789.6000,2789.8000,2,2,1,1,4,1,1,1,1,1
SF,IH2004,2020-04-17 09:32:41.500,2788.4000,11451,0,726968220.000,0,-,-,-,-,2787.8000,2787.6000,2787.4000,2787.2000,2787.0000,2788.8000,2789.0000,2789.4000,2789.6000,2789.8000,1,2,1,1,4,1,1,1,1,1
SF,IH2004,2020-04-17 09:32:42.000,2788.4000,11451,0,726968220.000,0,-,-,-,-,2787.8000,2787.6000,2787.4000,2787.2000,2787.0000,2788.8000,2789.0000,2789.4000,2789.6000,2789.8000,1,2,1,1,4,1,1,1,1,1
SF,IH2004,2020-04-17 09:32:42.500,2788.4000,11451,0,726968220.000,0,-,-,-,-,2788.0000,2787.8000,2787.6000,2787.4000,2787.2000,2788.8000,2789.0000,2789.4000,2789.6000,2789.8000,1,1,1,1,1,1,1,1,1,1
SF,IH2004,2020-04-17 09:32:43.000,2788.4000,11451,0,726968220.000,0,-,-,-,-,2788.4000,2788.0000,2787.8000,2787.6000,2787.4000,2788.8000,2789.0000,2789.4000,2789.6000,2789.8000,1,1,1,1,1,1,1,1,1,1
SF,IH2004,2020-04-17 09:32:43.500,2788.8000,11450,-1,727804860.000,1,0,1,双平,S,2788.4000,2788.0000,2787.8000,2787.6000,2787.4000,2789.0000,2789.4000,2789.6000,2789.8000,2790.0000,1,1,1,1,1,1,1,1,1,2
SF,IH2004,2020-04-17 09:32:44.000,2788.8000,11450,0,727804860.000,0,-,-,-,-,2788.8000,2788.4000,2788.0000,2787.8000,2787.6000,2789.0000,2789.4000,2789.6000,2789.8000,2790.0000,1,1,1,1,1,1,1,1,1,2
SF,IH2004,2020-04-17 09:32:44.500,2788.8000,11448,-2,729478140.000,2,0,2,双平,S,2788.4000,2788.2000,2788.0000,2787.8000,2787.6000,2788.8000,2789.0000,2789.4000,2789.6000,2789.8000,1,10,1,1,1,3,1,1,1,1
SF,IH2004,2020-04-17 09:32:45.000,2788.4000,11448,0,730314660.000,1,0,1,多换,S,2788.2000,2788.0000,2787.8000,2787.6000,2787.4000,2788.4000,2788.6000,2788.8000,2789.0000,2789.4000,10,1,1,1,1,5,1,3,1,1
SF,IH2004,2020-04-17 09:32:45.500,2787.8000,11436,-12,740352000.000,12,0,12,双平,S,2787.6000,2787.4000,2787.2000,2787.0000,2786.8000,2788.4000,2788.6000,2788.8000,2789.0000,2789.4000,1,1,1,3,1,6,2,3,1,3
SF,IH2004,2020-04-17 09:32:46.000,2788.2000,11435,-1,741188460.000,1,0,1,双平,S,2787.6000,2787.4000,2787.2000,2787.0000,2786.8000,2788.2000,2788.4000,2788.6000,2788.8000,2789.0000,6,1,1,3,1,1,6,2,3,1
SF,IH2004,2020-04-17 09:32:46.500,2787.6000,11433,-2,742861020.000,2,0,2,双平,S,2787.6000,2787.4000,2787.2000,2787.0000,2786.8000,2787.8000,2788.2000,2788.4000,2788.6000,2788.8000,4,1,1,3,1,5,1,1,2,3
SF,IH2004,2020-04-17 09:32:47.000,2787.8000,11432,-1,743697360.000,1,0,1,双平,S,2787.6000,2787.4000,2787.2000,2787.0000,2786.8000,2787.8000,2788.2000,2788.4000,2788.6000,2788.8000,4,1,1,3,1,4,1,2,2,3
SF,IH2004,2020-04-17 09:32:47.500,2787.8000,11427,-5,747879060.000,5,0,5,双平,S,2787.8000,2787.6000,2787.4000,2787.2000,2787.0000,2788.2000,2788.4000,2788.6000,2788.8000,2789.0000,6,4,1,1,3,1,1,2,4,1
SF,IH2004,2020-04-17 09:32:48.000,2788.0000,11426,-1,748715460.000,1,0,1,双平,S,2787.8000,2787.6000,2787.4000,2787.2000,2787.0000,2788.2000,2788.4000,2788.6000,2788.8000,2789.0000,3,4,1,1,3,1,1,2,4,1
SF,IH2004,2020-04-17 09:32:48.500,2788.0000,11426,0,748715460.000,0,-,-,-,-,2787.8000,2787.6000,2787.4000,2787.2000,2787.0000,2788.4000,2788.6000,2788.8000,2789.0000,2789.4000,3,4,1,1,3,1,2,4,1,3
SF,IH2004,2020-04-17 09:32:49.000,2788.0000,11426,0,748715460.000,0,-,-,-,-,2787.8000,2787.6000,2787.4000,2787.2000,2787.0000,2788.4000,2788.6000,2788.8000,2789.0000,2789.4000,2,4,1,1,3,1,2,4,1,3
SF,IH2004,2020-04-17 09:32:49.500,2788.4000,11425,-1,749551980.000,1,0,1,双平,S,2787.8000,2787.6000,2787.4000,2787.2000,2787.0000,2788.6000,2788.8000,2789.0000,2789.4000,2789.6000,2,4,1,1,3,2,4,1,3,1
SF,IH2004,2020-04-17 09:32:51.000,2788.4000,11425,0,749551980.000,0,-,-,-,-,2788.0000,2787.8000,2787.6000,2787.4000,2787.2000,2788.6000,2788.8000,2789.0000,2789.4000,2789.6000,1,2,4,1,1,4,4,1,3,1
SF,IH2004,2020-04-17 09:32:51.500,2788.0000,11424,-1,750388380.000,1,0,1,双平,S,2787.8000,2787.6000,2787.4000,2787.2000,2787.0000,2788.6000,2788.8000,2789.0000,2789.4000,2789.6000,2,4,1,1,5,3,4,1,3,1
SF,IH2004,2020-04-17 09:32:52.000,2788.6000,11421,-3,752897760.000,3,0,3,双平,S,2787.8000,2787.6000,2787.4000,2787.2000,2787.0000,2788.6000,2788.8000,2789.0000,2789.4000,2789.6000,2,4,1,1,5,2,4,1,3,1
SF,IH2004,2020-04-17 09:32:52.500,2788.6000,11421,0,752897760.000,0,-,-,-,-,2787.8000,2787.6000,2787.4000,2787.2000,2787.0000,2788.6000,2788.8000,2789.0000,2789.4000,2789.6000,2,4,1,1,5,2,4,1,3,1
SF,IH2004,2020-04-17 09:32:53.000,2788.6000,11421,0,752897760.000,0,-,-,-,-,2787.8000,2787.6000,2787.4000,2787.2000,2787.0000,2788.6000,2788.8000,2789.0000,2789.4000,2789.6000,2,4,1,1,5,2,4,1,3,1
SF,IH2004,2020-04-17 09:32:53.500,2788.6000,11421,0,752897760.000,0,-,-,-,-,2787.8000,2787.6000,2787.4000,2787.2000,2787.0000,2788.6000,2788.8000,2789.0000,2789.4000,2789.6000,2,4,1,1,5,2,4,1,3,1
SF,IH2004,2020-04-17 09:32:54.000,2788.6000,11421,0,752897760.000,0,-,-,-,-,2787.8000,2787.6000,2787.4000,2787.2000,2787.0000,2788.6000,2788.8000,2789.0000,2789.4000,2789.6000,2,4,1,1,5,2,4,1,3,1
SF,IH2004,2020-04-17 09:32:54.500,2788.6000,11421,0,752897760.000,0,-,-,-,-,2787.8000,2787.6000,2787.4000,2787.2000,2787.0000,2788.0000,2788.6000,2788.8000,2789.0000,2789.4000,2,4,1,1,5,1,2,4,1,3
SF,IH2004,2020-04-17 09:32:55.000,2788.6000,11419,-2,754570740.000,2,0,2,双平,S,2788.0000,2787.8000,2787.6000,2787.4000,2787.2000,2788.6000,2788.8000,2789.0000,2789.4000,2789.6000,3,3,4,1,1,2,1,1,3,1
SF,IH2004,2020-04-17 09:32:55.500,2788.6000,11419,0,754570740.000,0,-,-,-,-,2788.0000,2787.8000,2787.6000,2787.4000,2787.2000,2788.4000,2788.6000,2788.8000,2789.0000,2789.4000,2,2,4,1,1,1,2,1,1,3
SF,IH2004,2020-04-17 09:32:56.000,2788.4000,11418,-1,755407260.000,1,0,1,双平,S,2788.2000,2788.0000,2787.8000,2787.6000,2787.4000,2788.6000,2788.8000,2789.0000,2789.4000,2789.6000,1,2,2,4,1,2,1,1,3,1
SF,IH2004,2020-04-17 09:32:56.500,2788.6000,11417,-1,756243840.000,1,0,1,双平,S,2788.2000,2788.0000,2787.8000,2787.6000,2787.4000,2788.6000,2788.8000,2789.0000,2789.4000,2789.6000,1,2,2,4,1,2,1,1,3,1
SF,IH2004,2020-04-17 09:32:57.000,2788.6000,11416,-1,757080420.000,1,0,1,双平,S,2788.2000,2788.0000,2787.8000,2787.6000,2787.4000,2788.6000,2788.8000,2789.0000,2789.4000,2789.6000,1,1,2,4,1,1,1,1,3,1
SF,IH2004,2020-04-17 09:32:57.500,2788.2000,11415,-1,757916880.000,1,0,1,双平,S,2788.0000,2787.8000,2787.6000,2787.4000,2787.2000,2788.4000,2788.6000,2788.8000,2789.0000,2789.4000,1,2,4,1,1,1,1,1,1,3
SF,IH2004,2020-04-17 09:32:58.000,2788.4000,11412,-3,760426260.000,3,0,3,双平,S,2787.8000,2787.6000,2787.4000,2787.2000,2787.0000,2788.6000,2788.8000,2789.0000,2789.4000,2789.6000,2,4,1,1,5,1,1,1,3,1
SF,IH2004,2020-04-17 09:32:58.500,2788.4000,11412,0,760426260.000,0,-,-,-,-,2787.8000,2787.6000,2787.4000,2787.2000,2787.0000,2788.4000,2788.6000,2788.8000,2789.0000,2789.4000,2,4,1,1,5,2,1,1,1,3
SF,IH2004,2020-04-17 09:32:59.000,2788.4000,11412,0,760426260.000,0,-,-,-,-,2788.0000,2787.8000,2787.6000,2787.4000,2787.2000,2788.4000,2788.6000,2788.8000,2789.0000,2789.4000,1,2,4,1,1,3,1,1,1,3
SF,IH2004,2020-04-17 09:32:59.500,2788.0000,11411,-1,761262660.000,1,0,1,双平,S,2787.8000,2787.6000,2787.4000,2787.2000,2787.0000,2788.4000,2788.6000,2788.8000,2789.0000,2789.4000,2,4,1,1,5,3,1,1,1,3
SF,IH2004,2020-04-17 09:33:00.000,2788.2000,11410,-1,762099120.000,1,0,1,双平,S,2787.8000,2787.6000,2787.4000,2787.2000,2787.0000,2788.2000,2788.4000,2788.6000,2788.8000,2789.0000,2,4,1,1,5,1,3,1,1,1
SF,IH2004,2020-04-17 09:33:00.500,2787.8000,11409,-1,762935460.000,1,0,1,双平,S,2787.8000,2787.6000,2787.4000,2787.2000,2787.0000,2788.2000,2788.4000,2788.6000,2788.8000,2789.0000,1,4,1,1,5,3,3,1,1,1
SF,IH2004,2020-04-17 09:33:01.000,2787.8000,11408,-1,763771800.000,1,0,1,双平,S,2787.6000,2787.4000,2787.2000,2787.0000,2786.8000,2787.8000,2788.2000,2788.4000,2788.6000,2788.8000,4,1,1,6,1,1,3,2,1,1
SF,IH2004,2020-04-17 09:33:01.500,2787.8000,11405,-3,766280700.000,3,0,3,双平,S,2787.4000,2787.2000,2787.0000,2786.8000,2786.6000,2787.8000,2788.2000,2788.4000,2788.6000,2788.8000,1,1,10,1,1,1,3,1,1,1
SF,IH2004,2020-04-17 09:33:02.000,2787.8000,11404,-1,767117040.000,1,0,1,双平,S,2787.4000,2787.2000,2787.0000,2786.8000,2786.6000,2788.2000,2788.4000,2788.6000,2788.8000,2789.0000,1,1,10,1,1,1,1,1,1,1
SF,IH2004,2020-04-17 09:33:02.500,2788.2000,11403,-1,767953500.000,1,0,1,双平,S,2787.4000,2787.2000,2787.0000,2786.8000,2786.6000,2788.4000,2788.6000,2788.8000,2789.0000,2789.4000,1,1,10,1,1,1,1,1,1,3
SF,IH2004,2020-04-17 09:33:03.000,2788.2000,11403,0,767953500.000,0,-,-,-,-,2787.4000,2787.2000,2787.0000,2786.8000,2786.6000,2788.2000,2788.4000,2788.6000,2788.8000,2789.0000,1,1,10,1,1,1,1,1,1,1
SF,IH2004,2020-04-17 09:33:03.500,2787.8000,11396,-7,773807880.000,7,0,7,双平,S,2787.6000,2787.4000,2787.2000,2787.0000,2786.8000,2788.0000,2788.2000,2788.4000,2788.6000,2788.8000,1,1,1,10,1,2,2,1,1,1
SF,IH2004,2020-04-17 09:33:04.000,2787.8000,11393,-3,776316780.000,3,0,3,双平,S,2787.4000,2787.2000,2787.0000,2786.8000,2786.6000,2787.8000,2788.0000,2788.2000,2788.4000,2788.6000,1,1,10,1,1,2,4,2,1,1
SF,IH2004,2020-04-17 09:33:04.500,2787.8000,11392,-1,777153120.000,1,0,1,双平,S,2787.4000,2787.2000,2787.0000,2786.8000,2786.6000,2787.6000,2788.0000,2788.2000,2788.4000,2788.6000,1,1,10,1,1,3,4,1,1,1
SF,IH2004,2020-04-17 09:33:05.000,2787.6000,11389,-3,779661960.000,3,0,3,双平,S,2787.4000,2787.2000,2787.0000,2786.8000,2786.6000,2788.0000,2788.2000,2788.4000,2788.6000,2788.8000,2,1,10,1,1,3,1,1,1,1
SF,IH2004,2020-04-17 09:33:05.500,2787.4000,11386,-3,782170800.000,3,0,3,双平,S,2787.2000,2787.0000,2786.8000,2786.6000,2786.0000,2788.0000,2788.2000,2788.4000,2788.6000,2788.8000,1,10,1,1,1,2,1,1,1,1
SF,IH2004,2020-04-17 09:33:06.000,2787.4000,11386,0,782170800.000,0,-,-,-,-,2787.2000,2787.0000,2786.8000,2786.6000,2786.0000,2788.0000,2788.2000,2788.4000,2788.6000,2788.8000,2,10,1,1,1,2,1,1,1,1
SF,IH2004,2020-04-17 09:33:06.500,2787.4000,11384,-2,783843240.000,2,0,2,双平,S,2787.2000,2787.0000,2786.8000,2786.6000,2786.0000,2787.8000,2788.0000,2788.2000,2788.4000,2788.6000,2,10,1,1,1,1,2,1,1,1
SF,IH2004,2020-04-17 09:33:07.000,2787.4000,11384,0,783843240.000,0,-,-,-,-,2787.2000,2787.0000,2786.8000,2786.6000,2786.0000,2787.4000,2788.0000,2788.2000,2788.4000,2788.6000,2,9,1,1,1,1,2,1,1,1
SF,IH2004,2020-04-17 09:33:07.500,2787.2000,11381,-3,786351780.000,3,0,3,双平,S,2787.0000,2786.8000,2786.6000,2786.0000,2785.4000,2788.0000,2788.4000,2788.6000,2788.8000,2789.0000,9,2,1,1,2,2,1,1,1,1
SF,IH2004,2020-04-17 09:33:08.000,2787.2000,11381,0,786351780.000,0,-,-,-,-,2787.4000,2787.0000,2786.8000,2786.6000,2786.0000,2787.6000,2788.0000,2788.4000,2788.6000,2788.8000,2,10,3,1,1,1,2,1,1,1
SF,IH2004,2020-04-17 09:33:08.500,2787.4000,11378,-3,788860320.000,3,0,3,双平,S,2787.0000,2786.8000,2786.6000,2786.0000,2785.4000,2787.6000,2787.8000,2788.0000,2788.4000,2788.6000,10,3,1,1,2,1,2,2,1,1
SF,IH2004,2020-04-17 09:33:09.000,2787.8000,11376,-2,790532940.000,2,0,2,双平,S,2787.0000,2786.8000,2786.6000,2786.0000,2785.4000,2787.8000,2788.0000,2788.2000,2788.4000,2788.6000,10,3,1,1,2,1,2,1,1,1
SF,IH2004,2020-04-17 09:33:09.500,2787.8000,11375,-1,791369280.000,1,0,1,双平,S,2787.0000,2786.8000,2786.6000,2786.0000,2785.4000,2788.0000,2788.2000,2788.4000,2788.6000,2788.8000,10,3,1,1,2,2,1,1,1,1
SF,IH2004,2020-04-17 09:33:10.000,2787.8000,11375,0,791369280.000,0,-,-,-,-,2787.0000,2786.8000,2786.6000,2786.0000,2785.4000,2787.8000,2788.0000,2788.2000,2788.4000,2788.6000,10,2,1,1,2,1,2,1,1,1
SF,IH2004,2020-04-17 09:33:10.500,2787.8000,11375,0,791369280.000,0,-,-,-,-,2787.2000,2787.0000,2786.8000,2786.6000,2786.0000,2787.8000,2788.0000,2788.2000,2788.4000,2788.6000,1,10,2,1,1,1,2,1,1,1
SF,IH2004,2020-04-17 09:33:11.000,2787.8000,11375,0,791369280.000,0,-,-,-,-,2787.2000,2787.0000,2786.8000,2786.6000,2786.0000,2787.6000,2787.8000,2788.0000,2788.2000,2788.4000,1,10,2,1,1,4,1,2,1,1
SF,IH2004,2020-04-17 09:33:11.500,2787.0000,11374,-1,792205380.000,1,0,1,双平,S,2787.0000,2786.8000,2786.6000,2786.0000,2785.4000,2787.4000,2787.6000,2788.0000,2788.2000,2788.4000,9,2,1,1,2,1,4,2,1,1
SF,IH2004,2020-04-17 09:33:12.000,2787.0000,11370,-4,795549840.000,4,0,4,双平,S,2787.0000,2786.8000,2786.6000,2786.0000,2785.4000,2787.2000,2787.6000,2788.0000,2788.2000,2788.4000,6,3,1,1,2,1,4,2,1,1
SF,IH2004,2020-04-17 09:33:12.500,2787.0000,11364,-6,800566440.000,6,0,6,双平,S,2786.8000,2786.6000,2786.0000,2785.4000,2785.2000,2787.0000,2787.2000,2787.6000,2788.0000,2788.2000,3,1,1,2,1,2,3,4,2,1
SF,IH2004,2020-04-17 09:33:13.000,2787.0000,11362,-2,803074620.000,3,0,3,多平,S,2786.6000,2786.0000,2785.4000,2785.2000,2785.0000,2787.2000,2787.6000,2788.0000,2788.2000,2788.4000,1,1,2,1,1,3,4,2,1,1
SF,IH2004,2020-04-17 09:33:13.500,2786.8000,11361,-1,803910660.000,1,0,1,双平,S,2786.6000,2786.0000,2785.4000,2785.2000,2785.0000,2786.8000,2787.2000,2787.6000,2788.0000,2788.2000,1,1,2,1,1,1,3,4,2,1
SF,IH2004,2020-04-17 09:33:14.000,2786.8000,11361,0,803910660.000,0,-,-,-,-,2786.6000,2786.0000,2785.4000,2785.2000,2785.0000,2786.8000,2787.2000,2787.6000,2788.0000,2788.2000,1,1,2,1,1,1,3,4,2,1
SF,IH2004,2020-04-17 09:33:14.500,2787.2000,11359,-2,805582860.000,2,0,2,双平,S,2786.8000,2786.6000,2786.0000,2785.4000,2785.2000,2787.2000,2787.6000,2788.0000,2788.2000,2788.4000,2,1,1,2,1,2,4,2,1,1
SF,IH2004,2020-04-17 09:33:15.000,2786.8000,11357,-2,807254940.000,2,0,2,双平,S,2786.6000,2786.0000,2785.4000,2785.2000,2785.0000,2787.2000,2787.6000,2788.0000,2788.2000,2788.4000,1,1,2,1,1,2,4,1,1,1
SF,IH2004,2020-04-17 09:33:15.500,2787.0000,11355,-2,809762820.000,3,0,3,多平,S,2785.4000,2785.2000,2785.0000,2784.2000,2783.2000,2786.6000,2787.2000,2787.6000,2788.0000,2788.2000,2,1,1,1,1,1,2,4,1,1
SF,IH2004,2020-04-17 09:33:16.000,2786.6000,11353,-2,811434720.000,2,0,2,双平,S,2786.4000,2786.2000,2785.8000,2785.6000,2785.4000,2786.6000,2787.2000,2788.0000,2788.2000,2788.4000,1,4,1,5,3,1,2,1,1,1
SF,IH2004,2020-04-17 09:33:16.500,2786.6000,11353,0,811434720.000,0,-,-,-,-,2786.2000,2785.8000,2785.6000,2785.4000,2785.2000,2786.6000,2787.0000,2787.2000,2788.0000,2788.2000,1,1,2,3,1,1,1,2,1,1
SF,IH2004,2020-04-17 09:33:17.000,2786.6000,11353,0,811434720.000,0,-,-,-,-,2786.2000,2785.8000,2785.6000,2785.4000,2785.2000,2786.6000,2787.0000,2787.2000,2787.4000,2788.0000,1,1,2,3,1,2,1,2,1,1
SF,IH2004,2020-04-17 09:33:17.500,2786.2000,11352,-1,813106440.000,2,0,2,多平,S,2786.0000,2785.8000,2785.6000,2785.4000,2785.2000,2786.6000,2787.0000,2787.2000,2787.4000,2788.0000,1,1,2,3,1,2,1,2,1,1
SF,IH2004,2020-04-17 09:33:18.000,2786.2000,11352,0,813106440.000,0,-,-,-,-,2786.0000,2785.8000,2785.6000,2785.4000,2785.2000,2786.6000,2787.0000,2787.2000,2787.4000,2788.0000,2,1,2,2,1,2,1,2,1,1
SF,IH2004,2020-04-17 09:33:18.500,2786.2000,11349,-3,815614260.000,3,0,3,双平,S,2786.0000,2785.8000,2785.6000,2785.4000,2785.2000,2787.0000,2787.2000,2787.4000,2788.0000,2788.2000,2,1,2,2,1,1,2,1,1,1
SF,IH2004,2020-04-17 09:33:19.000,2786.2000,11349,0,815614260.000,0,-,-,-,-,2786.0000,2785.8000,2785.6000,2785.4000,2785.2000,2787.0000,2787.2000,2788.0000,2788.2000,2788.4000,2,1,2,2,1,1,2,1,1,2
SF,IH2004,2020-04-17 09:33:19.500,2786.2000,11348,-1,816450120.000,1,0,1,双平,S,2786.0000,2785.8000,2785.6000,2785.4000,2785.2000,2787.0000,2787.2000,2788.0000,2788.2000,2788.4000,2,1,2,2,1,1,2,1,1,2
SF,IH2004,2020-04-17 09:33:20.000,2786.2000,11348,0,816450120.000,0,-,-,-,-,2786.0000,2785.8000,2785.6000,2785.4000,2785.2000,2787.0000,2787.2000,2788.0000,2788.2000,2788.4000,2,1,2,2,1,1,2,1,1,2
SF,IH2004,2020-04-17 09:33:20.500,2786.2000,11348,0,816450120.000,0,-,-,-,-,2786.2000,2786.0000,2785.8000,2785.6000,2785.4000,2786.4000,2787.0000,2787.2000,2788.0000,2788.2000,1,2,1,2,2,1,1,2,1,1
SF,IH2004,2020-04-17 09:33:21.000,2786.2000,11347,-1,817285980.000,1,0,1,双平,S,2786.0000,2785.8000,2785.6000,2785.4000,2785.2000,2786.4000,2786.8000,2787.0000,2787.2000,2788.0000,2,1,2,2,1,1,2,1,2,1
SF,IH2004,2020-04-17 09:33:21.500,2786.2000,11347,0,817285980.000,0,-,-,-,-,2786.0000,2785.8000,2785.6000,2785.4000,2785.2000,2786.2000,2786.4000,2786.8000,2787.0000,2787.2000,3,1,1,2,1,1,1,2,1,2
SF,IH2004,2020-04-17 09:33:23.000,2786.2000,11347,0,817285980.000,0,-,-,-,-,2786.0000,2785.8000,2785.6000,2785.4000,2785.2000,2786.2000,2786.4000,2786.8000,2787.0000,2787.2000,2,2,1,2,1,1,1,2,1,2
SF,IH2004,2020-04-17 09:33:23.500,2786.2000,11345,-2,818957640.000,2,0,2,双平,S,2786.0000,2785.8000,2785.6000,2785.4000,2785.2000,2786.4000,2786.8000,2787.0000,2787.2000,2788.0000,1,1,1,2,1,1,2,1,2,1
SF,IH2004,2020-04-17 09:33:24.000,2785.8000,11343,-2,820629180.000,2,0,2,双平,S,2785.4000,2785.2000,2785.0000,2784.2000,2783.2000,2786.4000,2786.8000,2787.0000,2787.2000,2788.0000,2,1,1,1,1,1,2,2,2,1
SF,IH2004,2020-04-17 09:33:24.500,2785.8000,11343,0,820629180.000,0,-,-,-,-,2785.4000,2785.2000,2785.0000,2784.2000,2783.2000,2786.4000,2786.8000,2787.0000,2787.2000,2788.0000,3,1,1,1,1,1,2,2,2,1
SF,IH2004,2020-04-17 09:33:25.000,2785.8000,11343,0,820629180.000,0,-,-,-,-,2785.4000,2785.2000,2785.0000,2784.2000,2783.2000,2786.4000,2786.8000,2787.0000,2787.2000,2788.0000,3,1,1,1,1,5,2,2,2,1
SF,IH2004,2020-04-17 09:33:25.500,2785.4000,11342,-1,821464800.000,1,0,1,双平,S,2785.4000,2785.2000,2785.0000,2784.2000,2783.2000,2786.2000,2786.4000,2786.8000,2787.0000,2787.2000,2,1,1,1,1,1,5,2,1,2
SF,IH2004,2020-04-17 09:33:26.000,2785.4000,11340,-2,823136040.000,2,0,2,双平,S,2785.2000,2785.0000,2784.2000,2783.2000,2783.0000,2786.2000,2786.4000,2786.8000,2787.0000,2787.2000,1,1,1,1,1,1,5,2,1,2
SF,IH2004,2020-04-17 09:33:26.500,2785.4000,11340,0,823136040.000,0,-,-,-,-,2785.2000,2785.0000,2784.8000,2784.2000,2783.2000,2786.2000,2786.4000,2786.8000,2787.0000,2787.2000,1,1,1,1,1,1,5,2,1,2
SF,IH2004,2020-04-17 09:33:27.000,2786.0000,11340,0,823971840.000,1,0,1,多换,S,2785.2000,2785.0000,2784.2000,2783.2000,2783.0000,2785.6000,2786.2000,2786.4000,2786.8000,2787.0000,2,2,1,1,1,1,1,5,2,1
SF,IH2004,2020-04-17 09:33:27.500,2785.2000,11339,-1,824807400.000,1,0,1,双平,S,2785.2000,2785.0000,2784.8000,2784.2000,2783.2000,2785.6000,2786.2000,2786.4000,2786.8000,2787.0000,1,1,1,1,1,1,1,5,2,1
SF,IH2004,2020-04-17 09:33:28.000,2785.6000,11338,-1,825643080.000,1,0,1,双平,S,2785.2000,2785.0000,2784.8000,2784.2000,2783.2000,2786.2000,2786.4000,2786.8000,2787.0000,2787.2000,1,1,1,1,1,1,5,2,1,1
SF,IH2004,2020-04-17 09:33:28.500,2786.0000,11337,-1,826478880.000,1,0,1,双平,S,2785.2000,2785.0000,2784.8000,2784.2000,2783.2000,2786.2000,2786.4000,2786.8000,2787.0000,2787.2000,1,1,1,1,1,1,5,2,1,1
SF,IH2004,2020-04-17 09:33:29.000,2786.0000,11337,0,826478880.000,0,-,-,-,-,2785.2000,2785.0000,2784.2000,2783.2000,2783.0000,2785.6000,2786.2000,2786.4000,2786.8000,2787.0000,1,1,1,1,1,1,1,5,2,1
SF,IH2004,2020-04-17 09:33:30.000,2786.0000,11336,-1,827314680.000,1,0,1,双平,S,2785.4000,2785.2000,2785.0000,2784.2000,2783.2000,2786.2000,2786.4000,2786.8000,2787.0000,2787.2000,1,1,1,1,1,1,5,2,1,1
SF,IH2004,2020-04-17 09:33:30.500,2785.4000,11335,-1,828150300.000,1,0,1,双平,S,2785.2000,2785.0000,2784.2000,2783.2000,2783.0000,2786.2000,2786.4000,2786.8000,2787.0000,2787.2000,1,1,1,1,1,1,5,2,1,1
SF,IH2004,2020-04-17 09:33:31.000,2785.4000,11335,0,828150300.000,0,-,-,-,-,2785.2000,2785.0000,2784.2000,2783.2000,2783.0000,2786.0000,2786.2000,2786.4000,2786.8000,2787.0000,1,1,1,1,1,1,1,5,2,1
SF,IH2004,2020-04-17 09:33:31.500,2785.4000,11335,0,828150300.000,0,-,-,-,-,2785.2000,2785.0000,2784.2000,2783.2000,2783.0000,2786.0000,2786.2000,2786.4000,2786.8000,2787.0000,1,1,1,1,1,1,1,5,2,1
SF,IH2004,2020-04-17 09:33:32.000,2785.4000,11335,0,828150300.000,0,-,-,-,-,2785.2000,2785.0000,2784.2000,2783.2000,2783.0000,2786.0000,2786.4000,2786.8000,2787.0000,2787.2000,1,1,1,1,1,1,4,2,1,1
SF,IH2004,2020-04-17 09:33:32.500,2785.4000,11334,-1,828985920.000,1,0,1,双平,S,2785.4000,2785.2000,2785.0000,2784.8000,2784.2000,2786.0000,2786.4000,2786.8000,2787.0000,2787.2000,1,1,1,1,1,1,4,2,1,1
SF,IH2004,2020-04-17 09:33:33.000,2785.4000,11333,-1,829821540.000,1,0,1,双平,S,2785.2000,2785.0000,2784.2000,2783.2000,2783.0000,2785.6000,2786.0000,2786.4000,2786.8000,2787.0000,1,1,1,1,1,1,1,4,2,1
SF,IH2004,2020-04-17 09:33:33.500,2785.4000,11333,0,829821540.000,0,-,-,-,-,2785.2000,2785.0000,2784.2000,2783.2000,2783.0000,2785.6000,2786.0000,2786.4000,2786.8000,2787.0000,1,2,1,1,1,1,1,4,2,1
SF,IH2004,2020-04-17 09:33:34.000,2785.4000,11333,0,829821540.000,0,-,-,-,-,2785.2000,2785.0000,2784.2000,2783.2000,2783.0000,2785.6000,2786.0000,2786.4000,2786.8000,2787.0000,2,2,1,1,1,1,1,4,2,1
SF,IH2004,2020-04-17 09:33:34.500,2785.2000,11331,-2,831492780.000,2,0,2,双平,S,2785.2000,2785.0000,2784.2000,2783.2000,2783.0000,2786.0000,2786.4000,2786.8000,2787.0000,2787.2000,1,2,1,1,1,1,4,1,1,1
SF,IH2004,2020-04-17 09:33:35.000,2786.0000,11330,-1,832328580.000,1,0,1,双平,S,2785.4000,2785.2000,2785.0000,2784.2000,2783.2000,2786.4000,2786.8000,2787.0000,2787.2000,2788.0000,3,1,2,1,1,4,1,1,1,1
SF,IH2004,2020-04-17 09:33:35.500,2786.0000,11330,0,832328580.000,0,-,-,-,-,2785.4000,2785.2000,2785.0000,2784.2000,2783.2000,2786.0000,2786.4000,2786.8000,2787.0000,2787.2000,3,1,2,1,1,1,4,1,1,1
SF,IH2004,2020-04-17 09:33:36.000,2785.6000,11328,-2,834000060.000,2,0,2,双平,S,2785.4000,2785.2000,2785.0000,2784.2000,2783.2000,2786.4000,2786.8000,2787.0000,2787.2000,2788.0000,3,1,2,1,1,4,1,1,1,1
SF,IH2004,2020-04-17 09:33:36.500,2785.6000,11328,0,834000060.000,0,-,-,-,-,2785.6000,2785.4000,2785.2000,2785.0000,2784.2000,2786.4000,2786.8000,2787.0000,2787.2000,2788.0000,1,3,1,2,1,4,1,1,1,1
SF,IH2004,2020-04-17 09:33:37.000,2785.6000,11328,0,834000060.000,0,-,-,-,-,2785.6000,2785.4000,2785.2000,2785.0000,2784.2000,2785.8000,2786.0000,2786.4000,2786.8000,2787.2000,1,3,1,2,1,1,1,4,1,1
SF,IH2004,2020-04-17 09:33:37.500,2785.6000,11328,0,834000060.000,0,-,-,-,-,2785.4000,2785.2000,2785.0000,2784.2000,2783.2000,2785.8000,2786.0000,2786.4000,2786.8000,2787.2000,3,1,2,1,1,1,1,4,1,1
SF,IH2004,2020-04-17 09:33:38.000,2785.8000,11327,-1,835671420.000,2,0,2,多平,S,2785.4000,2785.2000,2785.0000,2784.2000,2783.2000,2786.0000,2786.4000,2786.8000,2787.2000,2788.0000,2,1,2,1,1,1,4,1,1,1
SF,IH2004,2020-04-17 09:33:38.500,2785.8000,11327,0,835671420.000,0,-,-,-,-,2785.4000,2785.2000,2785.0000,2784.2000,2783.2000,2786.0000,2786.4000,2786.8000,2787.2000,2788.0000,3,2,2,1,1,1,4,1,1,1
SF,IH2004,2020-04-17 09:33:39.000,2786.0000,11326,-1,836507220.000,1,0,1,双平,S,2785.6000,2785.4000,2785.2000,2785.0000,2784.2000,2786.4000,2786.8000,2787.2000,2788.0000,2788.2000,1,4,2,2,1,4,1,1,1,1
SF,IH2004,2020-04-17 09:33:39.500,2786.4000,11324,-2,841522740.000,6,2,4,多平,S,2786.4000,2785.6000,2785.4000,2785.2000,2785.0000,2786.8000,2788.0000,2788.2000,2788.4000,2788.6000,2,1,4,2,2,1,1,1,1,1
SF,IH2004,2020-04-17 09:33:40.000,2786.8000,11323,-1,842358780.000,1,0,1,双平,S,2786.8000,2786.4000,2785.8000,2785.4000,2785.2000,2788.0000,2788.2000,2788.4000,2788.6000,2788.8000,1,2,3,4,2,1,1,1,1,1
SF,IH2004,2020-04-17 09:33:40.500,2786.8000,11323,0,842358780.000,0,-,-,-,-,2786.8000,2786.4000,2785.8000,2785.6000,2785.4000,2788.0000,2788.4000,2788.6000,2788.8000,2789.2000,2,6,3,1,4,1,1,1,1,4
SF,IH2004,2020-04-17 09:33:41.000,2788.0000,11322,-1,844031520.000,2,0,2,多平,S,2787.0000,2786.8000,2786.4000,2785.8000,2785.6000,2788.4000,2788.6000,2788.8000,2789.2000,2789.6000,1,1,4,1,1,1,1,1,4,1
SF,IH2004,2020-04-17 09:33:41.500,2787.0000,11319,-3,846539760.000,3,0,3,双平,S,2787.2000,2786.4000,2785.8000,2785.6000,2785.4000,2788.4000,2788.6000,2788.8000,2789.2000,2789.6000,1,4,1,1,4,1,1,1,4,1
SF,IH2004,2020-04-17 09:33:42.000,2787.0000,11318,-1,847375860.000,1,0,1,双平,S,2786.6000,2786.4000,2785.8000,2785.6000,2785.4000,2787.2000,2787.6000,2788.2000,2788.4000,2788.6000,3,4,1,1,4,1,4,1,1,1
SF,IH2004,2020-04-17 09:33:42.500,2787.0000,11318,0,847375860.000,0,-,-,-,-,2786.4000,2785.8000,2785.6000,2785.4000,2785.2000,2787.2000,2788.2000,2788.4000,2788.6000,2788.8000,4,1,1,4,1,1,1,1,1,1
SF,IH2004,2020-04-17 09:33:43.000,2787.2000,11317,-1,848212020.000,1,0,1,双平,S,2786.6000,2786.4000,2785.8000,2785.6000,2785.4000,2788.0000,2788.2000,2788.4000,2788.6000,2788.8000,1,4,1,1,4,3,1,1,1,1
SF,IH2004,2020-04-17 09:33:43.500,2787.2000,11317,0,848212020.000,0,-,-,-,-,2786.8000,2786.4000,2785.8000,2785.6000,2785.4000,2788.2000,2788.4000,2788.6000,2788.8000,2789.2000,1,4,1,1,4,1,1,1,1,4
SF,IH2004,2020-04-17 09:33:44.000,2788.0000,11313,-4,851557260.000,4,0,4,双平,S,2786.8000,2785.8000,2785.6000,2785.4000,2785.2000,2788.2000,2788.4000,2788.6000,2788.8000,2789.2000,1,1,1,4,1,1,1,1,1,4
SF,IH2004,2020-04-17 09:33:44.500,2787.0000,11311,-2,853229460.000,2,0,2,双平,S,2787.0000,2786.8000,2786.0000,2785.8000,2785.6000,2788.2000,2788.4000,2788.6000,2788.8000,2789.2000,1,1,3,1,1,1,1,1,1,4
SF,IH2004,2020-04-17 09:33:45.000,2787.0000,11311,0,853229460.000,0,-,-,-,-,2787.0000,2786.8000,2786.0000,2785.8000,2785.6000,2787.4000,2788.2000,2788.4000,2788.8000,2789.2000,1,1,3,1,1,2,1,1,1,4
SF,IH2004,2020-04-17 09:33:45.500,2787.0000,11311,0,853229460.000,0,-,-,-,-,2787.0000,2786.8000,2785.8000,2785.6000,2785.4000,2787.4000,2788.2000,2788.4000,2788.8000,2789.2000,1,1,1,1,4,1,1,1,1,4
SF,IH2004,2020-04-17 09:33:46.000,2787.4000,11310,-1,854065680.000,1,0,1,双平,S,2787.2000,2787.0000,2786.8000,2785.8000,2785.6000,2788.2000,2788.4000,2788.8000,2789.2000,2789.6000,1,1,1,1,1,1,1,1,4,1
SF,IH2004,2020-04-17 09:33:46.500,2787.2000,11309,-1,854901840.000,1,0,1,双平,S,2786.8000,2785.8000,2785.6000,2785.4000,2785.0000,2788.0000,2788.4000,2788.8000,2789.2000,2789.6000,1,1,1,4,2,1,1,1,4,1
SF,IH2004,2020-04-17 09:33:47.000,2787.2000,11309,0,854901840.000,0,-,-,-,-,2786.0000,2785.8000,2785.6000,2785.4000,2785.0000,2787.6000,2788.0000,2788.4000,2788.8000,2789.2000,3,1,1,4,2,2,4,1,1,4
SF,IH2004,2020-04-17 09:33:47.500,2787.2000,11309,0,854901840.000,0,-,-,-,-,2786.8000,2786.6000,2786.4000,2786.0000,2785.8000,2787.6000,2787.8000,2788.0000,2788.4000,2788.8000,1,1,1,3,1,2,1,4,1,1
SF,IH2004,2020-04-17 09:33:48.000,2787.2000,11309,0,854901840.000,0,-,-,-,-,2786.6000,2786.4000,2786.2000,2786.0000,2785.8000,2787.6000,2787.8000,2788.0000,2788.4000,2788.8000,1,2,2,3,1,2,1,4,1,1
SF,IH2004,2020-04-17 09:33:48.500,2787.2000,11309,0,854901840.000,0,-,-,-,-,2786.6000,2786.4000,2786.2000,2786.0000,2785.8000,2787.6000,2787.8000,2788.0000,2788.4000,2788.8000,1,2,2,3,1,2,1,4,1,1
SF,IH2004,2020-04-17 09:33:49.000,2786.6000,11308,-1,855737820.000,1,0,1,双平,S,2786.4000,2786.2000,2786.0000,2785.8000,2785.6000,2787.4000,2787.6000,2787.8000,2788.0000,2788.4000,2,2,3,1,1,1,2,1,4,1
SF,IH2004,2020-04-17 09:33:49.500,2786.6000,11308,0,855737820.000,0,-,-,-,-,2786.4000,2785.8000,2785.6000,2785.4000,2785.0000,2787.4000,2787.6000,2787.8000,2788.0000,2788.2000,2,1,1,4,2,1,2,1,4,1
SF,IH2004,2020-04-17 09:33:50.000,2786.4000,11304,-4,859081680.000,4,0,4,双平,S,2786.4000,2785.8000,2785.6000,2785.4000,2785.0000,2786.8000,2787.4000,2787.6000,2787.8000,2788.0000,1,1,1,4,2,1,2,2,1,4
SF,IH2004,2020-04-17 09:33:50.500,2787.4000,11302,-2,860753940.000,2,0,2,双平,S,2786.8000,2786.6000,2786.4000,2785.8000,2785.6000,2787.4000,2787.6000,2787.8000,2788.0000,2788.2000,1,2,1,1,1,1,2,1,4,1
SF,IH2004,2020-04-17 09:33:51.000,2787.4000,11302,0,860753940.000,0,-,-,-,-,2786.8000,2786.6000,2786.4000,2785.8000,2785.6000,2787.4000,2787.6000,2787.8000,2788.0000,2788.2000,1,3,1,1,1,1,2,1,4,1
SF,IH2004,2020-04-17 09:33:51.500,2787.4000,11302,0,860753940.000,0,-,-,-,-,2787.0000,2786.8000,2786.6000,2786.4000,2785.8000,2787.4000,2787.6000,2787.8000,2788.0000,2788.2000,1,1,3,1,1,1,2,1,4,1
SF,IH2004,2020-04-17 09:33:52.000,2787.4000,11302,0,860753940.000,0,-,-,-,-,2787.0000,2786.6000,2786.4000,2785.8000,2785.6000,2787.4000,2787.6000,2787.8000,2788.0000,2788.2000,1,2,1,1,1,1,2,1,4,1
SF,IH2004,2020-04-17 09:33:52.500,2787.4000,11302,0,860753940.000,0,-,-,-,-,2787.0000,2786.8000,2786.6000,2786.4000,2785.8000,2787.4000,2787.6000,2787.8000,2788.0000,2788.2000,1,1,1,1,1,1,2,1,4,1
SF,IH2004,2020-04-17 09:33:53.000,2787.4000,11302,0,860753940.000,0,-,-,-,-,2787.0000,2786.8000,2786.6000,2786.4000,2785.8000,2787.4000,2787.6000,2787.8000,2788.0000,2788.2000,1,1,1,1,1,1,2,1,4,1
SF,IH2004,2020-04-17 09:33:53.500,2787.0000,11301,-1,861590040.000,1,0,1,双平,S,2786.8000,2786.6000,2786.4000,2785.8000,2785.4000,2787.0000,2787.4000,2787.6000,2787.8000,2788.0000,1,1,1,1,4,1,1,2,1,4
SF,IH2004,2020-04-17 09:33:54.000,2786.8000,11300,-1,862426080.000,1,0,1,双平,S,2786.6000,2786.4000,2785.8000,2785.4000,2785.0000,2787.0000,2787.4000,2787.6000,2787.8000,2788.0000,1,1,1,4,2,1,1,2,1,4
SF,IH2004,2020-04-17 09:33:54.500,2786.6000,11299,-1,863262060.000,1,0,1,双平,S,2786.4000,2785.8000,2785.4000,2785.0000,2783.2000,2786.8000,2787.0000,2787.4000,2787.6000,2787.8000,1,1,3,2,1,1,4,1,2,1
SF,IH2004,2020-04-17 09:33:55.000,2786.6000,11296,-3,865770000.000,3,0,3,双平,S,2786.4000,2785.8000,2785.4000,2785.0000,2783.2000,2786.8000,2787.0000,2787.6000,2787.8000,2788.0000,1,1,3,2,1,1,4,2,1,4
SF,IH2004,2020-04-17 09:33:55.500,2786.6000,11295,-1,866605980.000,1,0,1,双平,S,2786.4000,2785.8000,2785.4000,2785.0000,2783.2000,2786.8000,2787.0000,2787.2000,2787.6000,2787.8000,1,1,3,2,1,1,4,1,2,1
SF,IH2004,2020-04-17 09:33:56.000,2786.6000,11295,0,866605980.000,0,-,-,-,-,2786.6000,2786.4000,2785.8000,2785.4000,2785.0000,2786.8000,2787.0000,2787.2000,2787.6000,2787.8000,1,1,1,3,2,1,4,1,1,1
SF,IH2004,2020-04-17 09:33:56.500,2786.8000,11293,-2,868278060.000,2,0,2,双平,S,2786.6000,2786.4000,2785.8000,2785.4000,2785.0000,2787.0000,2787.2000,2787.6000,2787.8000,2788.0000,1,1,1,3,2,4,1,1,1,4
SF,IH2004,2020-04-17 09:33:57.000,2786.8000,11293,0,868278060.000,0,-,-,-,-,2786.8000,2786.6000,2786.4000,2785.8000,2785.4000,2787.0000,2787.2000,2787.4000,2787.6000,2787.8000,2,1,1,1,3,4,1,1,1,1
SF,IH2004,2020-04-17 09:33:57.500,2786.8000,11289,-4,871622340.000,4,0,4,双平,S,2786.4000,2786.0000,2785.8000,2785.4000,2785.0000,2786.8000,2787.0000,2787.2000,2787.4000,2787.6000,1,1,1,3,2,1,2,1,1,1
SF,IH2004,2020-04-17 09:33:58.000,2786.8000,11283,-6,876638820.000,6,0,6,双平,S,2786.6000,2786.4000,2786.0000,2785.8000,2785.4000,2786.8000,2787.4000,2787.6000,2787.8000,2788.0000,2,1,1,1,3,2,1,1,1,4
SF,IH2004,2020-04-17 09:33:58.500,2786.8000,11281,-2,878310900.000,2,0,2,双平,S,2786.8000,2786.6000,2786.4000,2786.0000,2785.8000,2787.4000,2787.6000,2787.8000,2788.0000,2788.2000,1,2,1,1,1,1,1,1,4,1
SF,IH2004,2020-04-17 09:33:59.000,2786.6000,11277,-4,881655000.000,4,0,4,双平,S,2786.4000,2786.0000,2785.8000,2785.4000,2785.0000,2787.4000,2787.6000,2787.8000,2788.0000,2788.2000,2,1,1,3,2,1,1,1,4,1
SF,IH2004,2020-04-17 09:33:59.500,2786.6000,11277,0,881655000.000,0,-,-,-,-,2786.6000,2786.4000,2786.0000,2785.8000,2785.4000,2787.4000,2787.8000,2788.0000,2788.2000,2788.4000,1,2,1,1,3,1,1,4,1,1
SF,IH2004,2020-04-17 09:34:00.000,2786.6000,11276,-1,882490980.000,1,0,1,双平,S,2786.6000,2786.4000,2786.0000,2785.8000,2785.4000,2787.4000,2787.8000,2788.0000,2788.2000,2788.8000,1,2,1,1,3,1,1,4,1,1
SF,IH2004,2020-04-17 09:34:00.500,2786.6000,11276,0,882490980.000,0,-,-,-,-,2786.6000,2786.4000,2786.0000,2785.8000,2785.4000,2787.0000,2787.2000,2787.4000,2787.8000,2788.0000,1,1,1,1,3,1,1,1,1,4
SF,IH2004,2020-04-17 09:34:01.000,2786.8000,11275,-1,883327020.000,1,0,1,双平,S,2786.6000,2786.4000,2786.0000,2785.8000,2785.4000,2787.0000,2787.4000,2787.8000,2788.0000,2788.2000,1,1,1,1,3,1,1,1,4,1
SF,IH2004,2020-04-17 09:34:01.500,2787.0000,11274,-1,884163120.000,1,0,1,双平,S,2786.6000,2786.4000,2786.0000,2785.8000,2785.4000,2787.4000,2787.8000,2788.0000,2788.2000,2788.8000,1,2,1,1,3,1,1,4,1,1
SF,IH2004,2020-04-17 09:34:02.000,2787.0000,11274,0,884163120.000,0,-,-,-,-,2787.0000,2786.8000,2786.6000,2786.4000,2786.0000,2787.4000,2787.8000,2788.0000,2788.2000,2788.8000,5,3,1,2,1,1,1,4,1,1
SF,IH2004,2020-04-17 09:34:02.500,2787.4000,11274,0,884999340.000,1,0,1,多换,S,2787.2000,2787.0000,2786.8000,2786.6000,2786.4000,2787.8000,2788.0000,2788.2000,2788.8000,2789.2000,1,5,2,1,2,1,4,1,1,4
SF,IH2004,2020-04-17 09:34:03.000,2787.2000,11273,-1,885835500.000,1,0,1,双平,S,2787.0000,2786.8000,2786.6000,2786.4000,2786.0000,2787.8000,2788.0000,2788.2000,2788.8000,2789.2000,5,2,2,2,1,1,4,1,1,4
SF,IH2004,2020-04-17 09:34:03.500,2787.2000,11273,0,885835500.000,0,-,-,-,-,2787.0000,2786.8000,2786.6000,2786.4000,2786.0000,2787.8000,2788.0000,2788.2000,2788.8000,2789.2000,5,2,2,2,1,2,4,1,1,4
SF,IH2004,2020-04-17 09:34:04.000,2787.2000,11273,0,885835500.000,0,-,-,-,-,2787.0000,2786.8000,2786.6000,2786.4000,2786.0000,2787.4000,2787.8000,2788.0000,2788.2000,2788.8000,5,2,2,2,1,1,2,4,1,1
SF,IH2004,2020-04-17 09:34:05.500,2787.4000,11272,-1,886671720.000,1,0,1,双平,S,2787.0000,2786.8000,2786.6000,2786.4000,2786.0000,2787.8000,2788.0000,2788.2000,2788.8000,2789.2000,5,2,2,2,1,2,4,1,1,4
SF,IH2004,2020-04-17 09:34:06.000,2787.2000,11270,-2,888344040.000,2,0,2,双平,S,2787.4000,2787.0000,2786.8000,2786.6000,2786.4000,2787.8000,2788.0000,2788.2000,2788.8000,2789.2000,3,5,2,2,2,1,4,1,1,4
SF,IH2004,2020-04-17 09:34:06.500,2787.6000,11269,-1,889180320.000,1,0,1,双平,S,2787.4000,2787.2000,2787.0000,2786.8000,2786.6000,2787.6000,2787.8000,2788.0000,2788.2000,2788.8000,3,1,5,2,2,1,1,4,1,1
SF,IH2004,2020-04-17 09:34:07.000,2787.4000,11265,-4,892525260.000,4,0,4,双平,S,2787.2000,2787.0000,2786.8000,2786.6000,2786.4000,2787.8000,2788.0000,2788.2000,2788.8000,2789.2000,1,5,2,2,2,1,4,1,1,4
SF,IH2004,2020-04-17 09:34:07.500,2787.4000,11265,0,892525260.000,0,-,-,-,-,2787.0000,2786.8000,2786.6000,2786.4000,2786.0000,2787.8000,2788.0000,2788.2000,2788.8000,2789.2000,5,2,2,2,1,1,4,1,1,4
SF,IH2004,2020-04-17 09:34:08.000,2787.4000,11265,0,892525260.000,0,-,-,-,-,2787.0000,2786.8000,2786.6000,2786.4000,2786.0000,2787.8000,2788.0000,2788.2000,2788.8000,2789.2000,5,2,2,2,1,1,4,1,1,4
SF,IH2004,2020-04-17 09:34:08.500,2787.4000,11265,0,892525260.000,0,-,-,-,-,2787.2000,2787.0000,2786.8000,2786.6000,2786.4000,2787.8000,2788.0000,2788.2000,2788.8000,2789.2000,1,5,2,2,2,2,4,1,1,4
SF,IH2004,2020-04-17 09:34:09.000,2787.8000,11262,-3,895034280.000,3,0,3,双平,S,2787.8000,2787.2000,2787.0000,2786.8000,2786.6000,2788.0000,2788.2000,2788.8000,2789.2000,2789.6000,1,1,5,2,2,4,1,1,4,1
SF,IH2004,2020-04-17 09:34:09.500,2787.8000,11261,-1,895870620.000,1,0,1,双平,S,2787.0000,2786.8000,2786.6000,2786.4000,2786.0000,2787.8000,2788.0000,2788.2000,2788.8000,2789.2000,5,2,2,2,1,8,4,1,1,4
SF,IH2004,2020-04-17 09:34:10.000,2787.2000,11261,0,896706780.000,1,0,1,多换,S,2787.0000,2786.8000,2786.6000,2786.4000,2786.0000,2787.8000,2788.0000,2788.2000,2788.8000,2789.2000,5,2,2,2,1,4,4,1,1,4
SF,IH2004,2020-04-17 09:34:10.500,2787.2000,11261,0,896706780.000,0,-,-,-,-,2787.2000,2787.0000,2786.8000,2786.6000,2786.4000,2787.8000,2788.0000,2788.2000,2788.8000,2789.2000,1,5,2,2,2,4,4,1,1,4
SF,IH2004,2020-04-17 09:34:11.000,2787.4000,11259,-2,898379220.000,2,0,2,双平,S,2787.2000,2787.0000,2786.8000,2786.6000,2786.4000,2787.8000,2788.0000,2788.2000,2788.8000,2789.2000,2,5,2,2,2,4,4,1,1,4
SF,IH2004,2020-04-17 09:34:11.500,2787.4000,11259,0,898379220.000,0,-,-,-,-,2787.4000,2787.2000,2787.0000,2786.8000,2786.6000,2787.8000,2788.0000,2788.2000,2788.8000,2789.2000,1,2,5,2,2,4,4,1,1,4
SF,IH2004,2020-04-17 09:34:12.000,2787.4000,11259,0,898379220.000,0,-,-,-,-,2787.4000,2787.2000,2787.0000,2786.8000,2786.6000,2787.8000,2788.0000,2788.2000,2788.8000,2789.2000,1,2,5,2,2,4,4,1,1,4
SF,IH2004,2020-04-17 09:34:12.500,2787.4000,11258,-1,899215440.000,1,0,1,双平,S,2787.2000,2787.0000,2786.8000,2786.6000,2786.4000,2787.8000,2788.0000,2788.2000,2788.8000,2789.2000,2,5,2,2,2,4,4,1,1,4
SF,IH2004,2020-04-17 09:34:13.000,2787.4000,11258,0,899215440.000,0,-,-,-,-,2787.2000,2787.0000,2786.8000,2786.6000,2786.4000,2787.8000,2788.0000,2788.2000,2788.8000,2789.2000,2,5,2,2,2,4,4,1,1,4
SF,IH2004,2020-04-17 09:34:13.500,2787.0000,11252,-6,904232160.000,6,0,6,双平,S,2787.0000,2786.8000,2786.6000,2786.4000,2786.0000,2787.4000,2787.8000,2788.0000,2788.2000,2788.8000,1,2,2,2,2,1,4,4,1,1
SF,IH2004,2020-04-17 09:34:14.000,2787.0000,11248,-4,907576440.000,4,0,4,双平,S,2786.6000,2786.4000,2786.0000,2785.8000,2785.4000,2787.0000,2787.4000,2787.6000,2787.8000,2788.0000,2,2,2,1,3,1,1,1,4,4
SF,IH2004,2020-04-17 09:34:14.500,2786.6000,11246,-2,909248520.000,2,0,2,双平,S,2786.6000,2786.4000,2786.0000,2785.8000,2785.4000,2787.0000,2787.4000,2787.6000,2787.8000,2788.0000,1,2,2,1,3,6,1,1,4,4
SF,IH2004,2020-04-17 09:34:15.000,2786.6000,11244,-2,910920480.000,2,0,2,双平,S,2786.4000,2786.0000,2785.8000,2785.4000,2785.0000,2787.0000,2787.4000,2787.6000,2787.8000,2788.0000,2,2,1,3,2,6,1,1,4,4
SF,IH2004,2020-04-17 09:34:15.500,2786.6000,11244,0,910920480.000,0,-,-,-,-,2786.4000,2786.0000,2785.8000,2785.4000,2785.0000,2787.0000,2787.4000,2787.6000,2787.8000,2788.0000,3,2,1,3,2,6,1,1,4,4
SF,IH2004,2020-04-17 09:34:16.000,2786.6000,11244,0,910920480.000,0,-,-,-,-,2786.4000,2786.0000,2785.8000,2785.4000,2785.0000,2786.6000,2787.0000,2787.4000,2787.6000,2787.8000,3,2,1,3,2,1,6,1,1,4
SF,IH2004,2020-04-17 09:34:16.500,2786.4000,11242,-2,912592320.000,2,0,2,双平,S,2786.4000,2786.0000,2785.8000,2785.4000,2785.0000,2786.6000,2787.0000,2787.4000,2787.6000,2787.8000,1,2,1,3,2,1,6,1,2,4
