市场代码,合约代码,时间,最新,持仓,增仓,成交额,成交量,开仓,平仓,成交类型,方向,买一价,买二价,买三价,买四价,买五价,卖一价,卖二价,卖三价,卖四价,卖五价,买一量,买二量,买三量,买四量,买五量,卖一量,卖二量,卖三量,卖四量,卖五量
SF,IH2006,2020-04-01 09:29:00.000,2631.0000,17893,0,7103700.000,9.000,-,-,-,-,2631.0000,2630.8000,2630.0000,2629.0000,2627.6000,2633.8000,2634.4000,2635.0000,2636.0000,2639.0000,1,3,2,1,2,1,1,1,1,1
SF,IH2006,2020-04-01 09:30:00.500,2632.0000,17890,-3,11840100.000,6,1,5,多平,S,2631.0000,2630.0000,2629.6000,2629.0000,2626.6000,2632.8000,2633.0000,2633.6000,2633.8000,2634.0000,2,2,1,1,1,1,1,5,2,1
SF,IH2006,2020-04-01 09:30:01.000,2632.6000,17887,-3,14209440.000,3,0,3,双平,S,2631.6000,2631.2000,2631.0000,2630.8000,2630.0000,2632.6000,2632.8000,2633.0000,2633.6000,2633.8000,1,3,2,3,2,3,1,1,1,2
SF,IH2006,2020-04-01 09:30:01.500,2631.8000,17885,-2,16578540.000,3,0,3,多平,S,2631.8000,2631.6000,2631.2000,2631.0000,2630.8000,2632.8000,2633.0000,2633.6000,2633.8000,2634.0000,1,1,1,2,3,1,1,1,2,1
SF,IH2006,2020-04-01 09:30:02.000,2632.0000,17883,-2,18157980.000,2,0,2,双平,S,2632.0000,2631.8000,2631.6000,2631.2000,2631.0000,2633.0000,2633.6000,2633.8000,2634.0000,2634.4000,1,3,2,1,2,1,1,2,1,2
SF,IH2006,2020-04-01 09:30:02.500,2632.2000,17879,-4,21316980.000,4,0,4,双平,S,2632.2000,2632.0000,2631.8000,2631.6000,2631.0000,2633.6000,2633.8000,2634.0000,2634.4000,2635.0000,3,2,2,2,2,1,2,1,2,1
SF,IH2006,2020-04-01 09:30:03.000,2633.6000,17879,0,22107060.000,1,0,1,多换,S,2633.0000,2632.2000,2632.0000,2631.8000,2631.6000,2633.8000,2634.0000,2634.4000,2635.0000,2636.0000,1,3,2,2,2,2,1,2,1,2
SF,IH2006,2020-04-01 09:30:03.500,2633.6000,17879,0,22107060.000,0,-,-,-,-,2633.0000,2632.2000,2632.0000,2631.8000,2631.6000,2633.8000,2634.0000,2634.4000,2635.0000,2636.0000,1,3,1,2,2,2,2,2,1,2
SF,IH2006,2020-04-01 09:30:04.000,2633.6000,17879,0,22897140.000,1,0,1,多换,S,2633.0000,2632.2000,2632.0000,2631.8000,2631.6000,2633.8000,2634.0000,2634.4000,2635.0000,2636.0000,1,3,1,2,2,2,2,2,1,2
SF,IH2006,2020-04-01 09:30:04.500,2633.8000,17878,-1,23687280.000,1,0,1,双平,S,2633.0000,2632.2000,2632.0000,2631.8000,2631.6000,2633.8000,2634.0000,2634.4000,2635.0000,2636.0000,1,3,1,2,2,1,2,2,1,2
SF,IH2006,2020-04-01 09:30:05.000,2633.0000,17876,-2,27638040.000,5,1,4,多平,S,2633.8000,2633.2000,2632.2000,2631.8000,2631.6000,2634.4000,2635.0000,2636.0000,2639.0000,2639.8000,1,1,3,2,2,1,1,2,1,1
SF,IH2006,2020-04-01 09:30:05.500,2634.4000,17875,-1,28428360.000,1,0,1,双平,S,2634.8000,2633.8000,2633.2000,2632.8000,2632.2000,2635.0000,2636.0000,2639.0000,2639.8000,2640.0000,1,3,1,5,3,1,2,1,1,1
SF,IH2006,2020-04-01 09:30:06.000,2634.0000,17874,-1,30009060.000,2,0,2,多平,S,2633.8000,2633.2000,2632.8000,2632.2000,2631.6000,2636.0000,2639.0000,2639.8000,2640.0000,2640.2000,5,1,5,3,2,2,1,1,1,1
SF,IH2006,2020-04-01 09:30:06.500,2634.0000,17874,0,30009060.000,0,-,-,-,-,2634.0000,2633.8000,2633.2000,2632.8000,2631.6000,2635.0000,2635.8000,2636.0000,2636.2000,2639.0000,4,3,1,5,2,2,4,2,1,1
SF,IH2006,2020-04-01 09:30:07.000,2634.0000,17873,-1,30799260.000,1,0,1,双平,S,2634.0000,2633.8000,2633.2000,2632.8000,2631.6000,2635.8000,2636.0000,2636.2000,2639.0000,2639.8000,2,3,1,5,2,2,2,1,1,1
SF,IH2006,2020-04-01 09:30:07.500,2634.0000,17872,-1,31589460.000,1,0,1,双平,S,2634.0000,2633.8000,2633.2000,2632.8000,2632.6000,2635.6000,2635.8000,2636.0000,2639.0000,2639.8000,2,3,1,5,2,2,2,2,1,1
SF,IH2006,2020-04-01 09:30:08.000,2634.0000,17872,0,31589460.000,0,-,-,-,-,2635.0000,2634.6000,2634.4000,2634.2000,2634.0000,2635.4000,2635.6000,2635.8000,2636.0000,2639.0000,1,5,5,1,2,1,1,1,2,1
SF,IH2006,2020-04-01 09:30:08.500,2634.4000,17866,-6,37122060.000,7,0,7,多平,S,2634.2000,2634.0000,2633.8000,2633.0000,2631.6000,2634.4000,2635.2000,2635.4000,2635.8000,2636.0000,1,2,3,1,2,1,2,1,1,2
SF,IH2006,2020-04-01 09:30:09.000,2633.8000,17861,-5,41073180.000,5,0,5,双平,S,2634.6000,2634.4000,2633.2000,2633.0000,2631.6000,2635.4000,2635.8000,2636.0000,2639.0000,2639.8000,1,1,5,1,2,1,1,2,1,1
SF,IH2006,2020-04-01 09:30:09.500,2635.2000,17859,-2,42654120.000,2,0,2,双平,S,2634.4000,2633.0000,2631.6000,2631.0000,2630.0000,2635.2000,2635.4000,2636.0000,2639.0000,2639.8000,1,1,2,2,2,3,2,2,1,1
SF,IH2006,2020-04-01 09:30:10.000,2634.6000,17857,-2,44234880.000,2,0,2,双平,S,2633.0000,2631.6000,2631.0000,2630.0000,2629.6000,2635.0000,2635.2000,2635.4000,2636.0000,2639.0000,1,2,2,2,1,3,1,1,2,1
SF,IH2006,2020-04-01 09:30:10.500,2634.6000,17857,0,44234880.000,0,-,-,-,-,2633.0000,2632.8000,2632.4000,2631.6000,2631.0000,2634.8000,2635.0000,2635.4000,2636.0000,2639.0000,1,5,2,2,2,2,4,1,2,1
SF,IH2006,2020-04-01 09:30:11.000,2634.6000,17857,0,44234880.000,0,-,-,-,-,2633.0000,2632.4000,2631.6000,2631.0000,2630.0000,2634.6000,2634.8000,2635.0000,2636.0000,2639.0000,1,5,2,2,2,4,2,1,2,1
SF,IH2006,2020-04-01 09:30:11.500,2634.6000,17857,0,44234880.000,0,-,-,-,-,2633.2000,2633.0000,2632.4000,2632.2000,2631.6000,2634.4000,2634.6000,2634.8000,2635.0000,2636.0000,1,3,5,2,2,1,4,1,1,3
SF,IH2006,2020-04-01 09:30:12.000,2633.6000,17855,-2,47394840.000,4,1,3,多平,S,2633.0000,2631.6000,2631.0000,2630.0000,2629.6000,2634.2000,2634.4000,2634.8000,2635.0000,2636.0000,1,1,1,2,1,5,1,1,1,3
SF,IH2006,2020-04-01 09:30:12.500,2633.0000,17854,-1,48184740.000,1,0,1,双平,S,2631.6000,2631.0000,2630.0000,2629.6000,2626.0000,2634.0000,2634.2000,2634.8000,2635.0000,2636.0000,1,1,2,1,1,4,5,1,1,3
SF,IH2006,2020-04-01 09:30:13.000,2633.0000,17854,0,48184740.000,0,-,-,-,-,2631.8000,2631.6000,2631.0000,2630.2000,2630.0000,2633.8000,2634.0000,2635.0000,2636.0000,2639.0000,1,3,1,5,2,6,4,1,3,1
SF,IH2006,2020-04-01 09:30:13.500,2633.0000,17854,0,48184740.000,0,-,-,-,-,2632.0000,2631.6000,2631.0000,2630.0000,2629.6000,2633.6000,2633.8000,2634.0000,2635.0000,2636.0000,1,2,1,2,1,2,6,3,1,3
SF,IH2006,2020-04-01 09:30:14.000,2633.4000,17853,-1,48974760.000,1,0,1,双平,S,2632.2000,2631.6000,2631.0000,2630.8000,2630.6000,2633.4000,2633.6000,2633.8000,2635.0000,2636.0000,1,2,1,5,2,3,2,1,1,3
SF,IH2006,2020-04-01 09:30:14.500,2633.4000,17849,-4,52134840.000,4,0,4,双平,S,2632.8000,2632.4000,2632.2000,2632.0000,2631.6000,2633.2000,2633.8000,2635.0000,2636.0000,2639.0000,2,6,1,2,2,2,1,1,3,1
SF,IH2006,2020-04-01 09:30:15.000,2633.8000,17847,-2,54504900.000,3,0,3,多平,S,2633.4000,2633.2000,2633.0000,2632.4000,2632.2000,2635.0000,2636.0000,2639.0000,2639.8000,2640.0000,2,2,6,3,1,1,3,1,1,1
SF,IH2006,2020-04-01 09:30:15.500,2633.6000,17846,-1,55294980.000,1,0,1,双平,S,2633.6000,2633.2000,2633.0000,2632.4000,2632.2000,2634.8000,2635.0000,2636.0000,2639.0000,2639.8000,2,2,2,1,1,2,1,3,1,1
SF,IH2006,2020-04-01 09:30:16.000,2633.2000,17845,-1,56084940.000,1,0,1,双平,S,2633.2000,2633.0000,2632.4000,2632.2000,2632.0000,2634.8000,2635.0000,2636.0000,2639.0000,2639.8000,1,2,1,1,1,2,1,3,1,1
SF,IH2006,2020-04-01 09:30:16.500,2633.2000,17845,0,56084940.000,0,-,-,-,-,2633.4000,2633.2000,2633.0000,2632.0000,2631.6000,2634.6000,2634.8000,2635.0000,2636.0000,2639.0000,1,1,2,1,2,3,2,1,3,1
SF,IH2006,2020-04-01 09:30:17.000,2633.2000,17845,0,56084940.000,0,-,-,-,-,2633.2000,2633.0000,2632.0000,2631.6000,2631.0000,2633.6000,2634.4000,2634.6000,2635.0000,2636.0000,1,2,1,2,1,1,2,3,1,3
SF,IH2006,2020-04-01 09:30:17.500,2633.6000,17845,0,56875020.000,1,0,1,多换,S,2633.0000,2631.6000,2631.0000,2630.0000,2629.6000,2634.4000,2634.6000,2635.0000,2636.0000,2639.0000,2,2,1,2,1,2,2,1,3,1
SF,IH2006,2020-04-01 09:30:18.000,2633.6000,17845,0,56875020.000,0,-,-,-,-,2631.6000,2631.0000,2630.0000,2629.6000,2626.0000,2633.2000,2634.2000,2634.4000,2635.0000,2636.0000,2,1,2,1,1,1,5,2,1,3
SF,IH2006,2020-04-01 09:30:18.500,2631.8000,17844,-1,57664560.000,1,0,1,双平,S,2631.8000,2631.6000,2631.0000,2630.2000,2630.0000,2633.0000,2633.2000,2634.2000,2634.4000,2635.0000,1,2,1,5,2,3,1,3,1,1
SF,IH2006,2020-04-01 09:30:19.000,2631.8000,17844,0,57664560.000,0,-,-,-,-,2632.6000,2631.8000,2631.6000,2631.0000,2630.2000,2633.0000,2633.2000,2634.2000,2634.4000,2635.0000,1,3,2,1,5,1,1,1,1,1
SF,IH2006,2020-04-01 09:30:19.500,2632.6000,17844,0,58454340.000,1,0,1,多换,S,2631.8000,2631.6000,2631.0000,2630.2000,2630.0000,2632.8000,2633.2000,2634.2000,2634.4000,2635.0000,3,2,1,5,2,1,1,1,1,1
SF,IH2006,2020-04-01 09:30:20.000,2632.6000,17844,0,58454340.000,0,-,-,-,-,2632.0000,2631.8000,2631.6000,2631.0000,2630.2000,2632.6000,2633.2000,2634.2000,2634.4000,2635.0000,1,2,1,1,5,1,1,1,1,1
SF,IH2006,2020-04-01 09:30:20.500,2632.6000,17844,0,58454340.000,0,-,-,-,-,2632.6000,2632.0000,2631.8000,2631.6000,2631.0000,2633.0000,2633.2000,2634.2000,2634.4000,2635.0000,1,1,2,1,1,1,1,1,1,1
SF,IH2006,2020-04-01 09:30:21.000,2632.6000,17844,0,58454340.000,0,-,-,-,-,2631.8000,2631.6000,2631.0000,2630.0000,2629.6000,2633.0000,2633.2000,2634.2000,2634.4000,2635.0000,2,1,1,2,1,1,1,1,1,1
SF,IH2006,2020-04-01 09:30:21.500,2632.6000,17844,0,58454340.000,0,-,-,-,-,2632.4000,2632.0000,2631.8000,2631.6000,2631.0000,2633.0000,2633.2000,2634.2000,2634.4000,2635.0000,2,4,2,6,1,1,1,1,1,1
SF,IH2006,2020-04-01 09:30:22.000,2633.2000,17842,-2,60034200.000,2,0,2,双平,S,2633.0000,2632.6000,2632.0000,2631.8000,2631.6000,2634.2000,2634.4000,2635.0000,2636.0000,2639.0000,1,2,2,2,6,1,1,1,3,1
SF,IH2006,2020-04-01 09:30:22.500,2633.2000,17842,0,60034200.000,0,-,-,-,-,2633.0000,2632.6000,2632.0000,2631.6000,2631.0000,2634.0000,2635.0000,2636.0000,2639.0000,2639.8000,2,2,3,6,1,2,1,3,1,1
SF,IH2006,2020-04-01 09:30:23.000,2633.2000,17842,0,60034200.000,0,-,-,-,-,2633.0000,2632.6000,2632.0000,2631.6000,2631.0000,2634.0000,2635.0000,2636.0000,2639.0000,2639.8000,2,2,1,2,1,2,1,3,1,1
SF,IH2006,2020-04-01 09:30:24.000,2633.2000,17842,0,60824160.000,1,0,1,多换,S,2633.2000,2633.0000,2632.6000,2631.6000,2631.0000,2634.0000,2635.0000,2636.0000,2639.0000,2639.8000,1,3,1,2,1,2,1,3,1,1
SF,IH2006,2020-04-01 09:30:24.500,2633.2000,17841,-1,61614120.000,1,0,1,双平,S,2633.0000,2632.6000,2631.6000,2631.0000,2630.0000,2633.8000,2634.0000,2635.0000,2636.0000,2639.0000,3,1,2,1,2,1,2,1,3,1
SF,IH2006,2020-04-01 09:30:25.000,2633.0000,17840,-1,62404020.000,1,0,1,双平,S,2633.0000,2632.6000,2631.6000,2631.0000,2630.0000,2633.6000,2633.8000,2634.0000,2635.0000,2636.0000,2,1,2,1,2,1,1,1,1,3
SF,IH2006,2020-04-01 09:30:25.500,2633.0000,17838,-2,64773720.000,3,0,3,多平,S,2632.6000,2631.6000,2631.0000,2630.0000,2629.6000,2632.8000,2633.6000,2633.8000,2634.0000,2635.0000,1,2,1,2,1,1,1,1,1,1
SF,IH2006,2020-04-01 09:30:26.000,2632.8000,17835,-3,67143240.000,3,0,3,双平,S,2631.6000,2631.0000,2630.0000,2629.6000,2626.0000,2632.6000,2633.0000,2634.0000,2635.0000,2636.0000,2,1,2,1,1,1,1,1,1,3
SF,IH2006,2020-04-01 09:30:26.500,2632.8000,17835,0,67143240.000,0,-,-,-,-,2632.6000,2632.2000,2631.8000,2631.6000,2631.0000,2633.0000,2634.0000,2635.0000,2636.0000,2639.0000,1,2,1,5,1,1,1,1,3,1
SF,IH2006,2020-04-01 09:30:27.000,2632.8000,17835,0,67143240.000,0,-,-,-,-,2631.6000,2631.0000,2630.0000,2629.6000,2626.0000,2633.0000,2634.0000,2635.0000,2636.0000,2639.0000,2,1,2,1,1,1,1,1,3,1
SF,IH2006,2020-04-01 09:30:27.500,2632.8000,17835,0,67143240.000,0,-,-,-,-,2631.6000,2631.0000,2630.0000,2629.6000,2626.0000,2633.0000,2634.0000,2635.0000,2635.8000,2636.0000,2,1,2,1,1,1,1,1,1,3
SF,IH2006,2020-04-01 09:30:28.000,2632.8000,17835,0,67143240.000,0,-,-,-,-,2631.8000,2631.6000,2631.0000,2630.0000,2629.6000,2632.8000,2633.0000,2634.0000,2635.0000,2635.8000,1,2,1,2,1,1,1,1,1,1
SF,IH2006,2020-04-01 09:30:28.500,2633.0000,17834,-1,68722980.000,2,0,2,多平,S,2632.4000,2631.6000,2631.0000,2630.0000,2629.6000,2634.0000,2635.0000,2635.8000,2636.0000,2639.0000,1,3,1,2,1,1,1,1,3,1
SF,IH2006,2020-04-01 09:30:29.000,2632.4000,17833,-1,69512700.000,1,0,1,双平,S,2631.6000,2631.0000,2630.0000,2629.6000,2626.0000,2633.8000,2634.0000,2635.0000,2635.8000,2636.0000,2,1,2,1,1,5,1,1,1,3
SF,IH2006,2020-04-01 09:30:29.500,2632.4000,17833,0,69512700.000,0,-,-,-,-,2633.0000,2631.8000,2631.6000,2631.0000,2630.0000,2633.6000,2633.8000,2635.0000,2635.8000,2636.0000,1,1,2,1,2,2,4,1,1,3
SF,IH2006,2020-04-01 09:30:30.000,2633.0000,17833,0,70302600.000,1,0,1,多换,S,2631.8000,2631.6000,2631.0000,2630.0000,2629.6000,2633.0000,2633.4000,2633.8000,2635.0000,2635.8000,1,2,1,2,1,1,4,1,1,1
SF,IH2006,2020-04-01 09:30:30.500,2633.0000,17833,0,70302600.000,0,-,-,-,-,2631.6000,2631.0000,2630.0000,2629.6000,2626.0000,2632.8000,2635.0000,2635.8000,2636.0000,2639.0000,1,1,2,1,1,5,1,1,3,1
SF,IH2006,2020-04-01 09:30:31.000,2633.0000,17833,0,70302600.000,0,-,-,-,-,2631.6000,2631.0000,2630.0000,2629.6000,2626.0000,2632.8000,2635.0000,2635.8000,2636.0000,2639.0000,2,1,2,1,1,2,1,1,3,1
SF,IH2006,2020-04-01 09:30:31.500,2633.0000,17833,0,70302600.000,0,-,-,-,-,2631.6000,2631.0000,2630.0000,2629.6000,2626.0000,2632.8000,2635.0000,2635.8000,2636.0000,2639.0000,2,1,2,1,1,1,1,1,3,1
SF,IH2006,2020-04-01 09:30:32.000,2631.6000,17831,-2,71881920.000,2,0,2,双平,S,2631.6000,2631.0000,2630.0000,2629.6000,2626.0000,2635.0000,2635.8000,2636.0000,2639.0000,2639.8000,1,1,2,1,1,1,1,3,1,1
SF,IH2006,2020-04-01 09:30:32.500,2631.6000,17831,0,71881920.000,0,-,-,-,-,2631.8000,2631.6000,2631.0000,2630.0000,2629.6000,2633.6000,2634.6000,2634.8000,2635.0000,2635.2000,5,1,1,2,1,2,4,8,4,1
SF,IH2006,2020-04-01 09:30:33.000,2631.6000,17831,0,71881920.000,0,-,-,-,-,2631.8000,2631.0000,2630.0000,2629.6000,2626.0000,2633.4000,2634.6000,2634.8000,2635.0000,2635.2000,2,1,2,1,1,5,4,1,2,1
SF,IH2006,2020-04-01 09:30:33.500,2631.6000,17831,0,71881920.000,0,-,-,-,-,2631.8000,2631.0000,2630.0000,2629.6000,2626.0000,2633.2000,2633.4000,2634.6000,2634.8000,2635.0000,2,1,2,1,1,4,4,5,1,2
SF,IH2006,2020-04-01 09:30:34.000,2631.8000,17830,-1,73461000.000,2,0,2,多平,S,2631.0000,2630.0000,2629.6000,2626.0000,2625.0000,2633.0000,2633.2000,2634.6000,2634.8000,2635.0000,1,2,1,1,1,5,4,5,1,2
SF,IH2006,2020-04-01 09:30:34.500,2631.8000,17830,0,73461000.000,0,-,-,-,-,2631.6000,2631.2000,2631.0000,2630.0000,2629.6000,2632.8000,2633.0000,2633.2000,2634.6000,2634.8000,1,2,1,2,1,2,5,3,5,1
SF,IH2006,2020-04-01 09:30:35.000,2631.6000,17829,-1,74250480.000,1,0,1,双平,S,2631.0000,2630.0000,2629.6000,2626.0000,2625.0000,2632.6000,2632.8000,2633.0000,2633.2000,2634.6000,1,2,1,1,1,5,1,1,3,5
SF,IH2006,2020-04-01 09:30:35.500,2631.6000,17829,0,74250480.000,0,-,-,-,-,2631.0000,2630.0000,2629.6000,2626.0000,2625.0000,2632.4000,2632.6000,2633.2000,2634.6000,2635.0000,1,2,6,1,1,2,5,3,5,2
SF,IH2006,2020-04-01 09:30:36.000,2631.6000,17829,0,74250480.000,0,-,-,-,-,2631.0000,2630.0000,2629.6000,2626.0000,2625.0000,2632.2000,2632.4000,2632.6000,2633.0000,2633.2000,1,2,6,1,1,4,1,1,1,3
SF,IH2006,2020-04-01 09:30:36.500,2632.2000,17826,-3,76619460.000,3,0,3,双平,S,2631.2000,2631.0000,2630.0000,2629.6000,2626.0000,2632.6000,2633.0000,2633.2000,2634.6000,2635.0000,2,1,2,1,1,1,1,3,1,2
SF,IH2006,2020-04-01 09:30:37.000,2632.2000,17826,0,76619460.000,0,-,-,-,-,2631.4000,2631.2000,2631.0000,2630.0000,2629.6000,2632.6000,2633.0000,2633.2000,2634.6000,2635.0000,3,2,1,2,1,1,2,3,1,2
SF,IH2006,2020-04-01 09:30:37.500,2631.6000,17826,0,77408940.000,1,0,1,多换,S,2631.4000,2631.2000,2631.0000,2630.0000,2629.6000,2632.6000,2633.0000,2633.2000,2634.6000,2635.0000,4,1,1,2,1,1,2,3,1,2
SF,IH2006,2020-04-01 09:30:38.000,2631.6000,17826,0,77408940.000,0,-,-,-,-,2631.6000,2631.4000,2631.2000,2631.0000,2630.0000,2632.6000,2633.0000,2633.2000,2634.6000,2635.0000,4,4,1,1,2,1,2,3,1,2
SF,IH2006,2020-04-01 09:30:38.500,2631.6000,17826,0,77408940.000,0,-,-,-,-,2631.8000,2631.6000,2631.2000,2631.0000,2630.0000,2632.6000,2633.0000,2633.2000,2634.6000,2635.0000,3,5,1,1,2,1,2,3,1,2
SF,IH2006,2020-04-01 09:30:39.500,2631.6000,17826,0,77408940.000,0,-,-,-,-,2631.8000,2631.6000,2631.2000,2631.0000,2630.0000,2632.6000,2633.0000,2633.2000,2634.6000,2635.0000,3,6,1,1,2,1,2,3,1,2
SF,IH2006,2020-04-01 09:30:40.000,2631.6000,17826,0,78198420.000,1,0,1,多换,S,2631.8000,2631.6000,2631.2000,2631.0000,2630.0000,2632.6000,2633.0000,2633.2000,2634.6000,2635.0000,2,5,1,1,2,1,2,3,1,2
SF,IH2006,2020-04-01 09:30:40.500,2631.6000,17824,-2,79777380.000,2,0,2,双平,S,2632.0000,2631.6000,2631.2000,2631.0000,2630.0000,2632.6000,2633.0000,2633.2000,2634.0000,2634.6000,1,4,1,1,2,1,2,3,2,1
SF,IH2006,2020-04-01 09:30:41.000,2631.6000,17824,0,79777380.000,0,-,-,-,-,2632.0000,2631.6000,2631.2000,2631.0000,2630.0000,2632.4000,2632.6000,2633.0000,2633.2000,2634.0000,1,3,1,1,2,1,1,2,3,2
SF,IH2006,2020-04-01 09:30:41.500,2631.6000,17824,0,79777380.000,0,-,-,-,-,2631.6000,2631.2000,2631.0000,2630.0000,2629.6000,2633.0000,2634.0000,2634.6000,2635.0000,2635.2000,3,1,1,2,1,2,2,1,2,1
SF,IH2006,2020-04-01 09:30:42.000,2631.6000,17824,0,79777380.000,0,-,-,-,-,2631.6000,2631.2000,2631.0000,2630.0000,2629.6000,2632.8000,2633.0000,2634.0000,2634.6000,2635.0000,3,1,1,2,1,1,2,2,1,3
SF,IH2006,2020-04-01 09:30:42.500,2631.6000,17824,0,79777380.000,0,-,-,-,-,2631.6000,2631.2000,2631.0000,2630.0000,2629.6000,2632.6000,2633.0000,2634.0000,2634.6000,2635.0000,2,1,1,2,1,2,2,2,1,3
SF,IH2006,2020-04-01 09:30:43.000,2631.6000,17824,0,79777380.000,0,-,-,-,-,2632.0000,2631.8000,2631.6000,2631.2000,2631.0000,2632.6000,2633.0000,2634.0000,2634.6000,2635.0000,5,1,2,1,1,2,2,2,1,3
SF,IH2006,2020-04-01 09:30:43.500,2632.0000,17819,-5,83725380.000,5,0,5,双平,S,2632.2000,2632.0000,2631.8000,2631.6000,2631.2000,2632.6000,2633.0000,2634.0000,2634.6000,2635.0000,4,2,1,1,1,1,2,2,1,3
SF,IH2006,2020-04-01 09:30:44.000,2632.2000,17816,-3,86094240.000,3,0,3,双平,S,2632.0000,2631.8000,2631.6000,2631.2000,2631.0000,2632.6000,2633.0000,2634.0000,2634.6000,2635.0000,1,1,1,1,1,1,2,2,1,3
SF,IH2006,2020-04-01 09:30:44.500,2632.2000,17816,0,86094240.000,0,-,-,-,-,2632.0000,2631.8000,2631.6000,2631.2000,2631.0000,2632.6000,2633.0000,2634.0000,2634.6000,2635.0000,1,1,1,1,1,1,1,2,1,3
SF,IH2006,2020-04-01 09:30:45.500,2632.0000,17815,-1,86883840.000,1,0,1,双平,S,2631.6000,2631.2000,2631.0000,2630.0000,2629.6000,2632.6000,2633.0000,2634.0000,2634.6000,2635.0000,1,1,1,2,1,1,1,2,1,3
SF,IH2006,2020-04-01 09:30:46.000,2631.6000,17814,-1,87673320.000,1,0,1,双平,S,2631.2000,2631.0000,2630.0000,2629.6000,2626.0000,2632.4000,2632.6000,2633.0000,2634.0000,2634.6000,1,1,2,1,1,1,1,1,2,1
SF,IH2006,2020-04-01 09:30:46.500,2631.6000,17814,0,87673320.000,0,-,-,-,-,2631.4000,2631.2000,2631.0000,2630.0000,2629.6000,2632.2000,2633.0000,2634.0000,2634.6000,2635.0000,4,1,1,2,1,2,1,2,1,3
SF,IH2006,2020-04-01 09:30:47.000,2632.2000,17813,-1,89252640.000,2,0,2,多平,S,2632.6000,2632.2000,2631.4000,2631.2000,2631.0000,2633.0000,2634.0000,2634.6000,2635.0000,2635.2000,2,2,4,1,1,2,2,1,3,1
SF,IH2006,2020-04-01 09:30:47.500,2633.0000,17811,-2,90832440.000,2,0,2,双平,S,2632.6000,2632.2000,2631.6000,2631.0000,2630.0000,2634.0000,2634.6000,2635.0000,2635.2000,2635.8000,2,2,1,1,2,2,1,3,1,1
SF,IH2006,2020-04-01 09:30:48.000,2632.6000,17810,-1,91622220.000,1,0,1,双平,S,2632.6000,2632.2000,2631.6000,2631.0000,2630.0000,2633.8000,2634.0000,2634.6000,2635.0000,2635.2000,1,2,1,1,2,4,2,1,3,1
SF,IH2006,2020-04-01 09:30:48.500,2632.6000,17810,0,91622220.000,0,-,-,-,-,2632.6000,2632.2000,2631.0000,2630.0000,2629.6000,2633.6000,2633.8000,2634.0000,2634.6000,2635.0000,1,2,1,2,1,1,6,2,1,3
SF,IH2006,2020-04-01 09:30:49.000,2632.6000,17810,0,91622220.000,0,-,-,-,-,2632.2000,2631.0000,2630.0000,2629.6000,2626.0000,2632.6000,2633.4000,2634.0000,2634.6000,2635.0000,2,1,2,1,1,1,4,2,1,3
SF,IH2006,2020-04-01 09:30:49.500,2632.6000,17807,-3,93991560.000,3,0,3,双平,S,2632.2000,2631.0000,2630.0000,2629.6000,2626.0000,2633.4000,2634.0000,2634.6000,2635.0000,2635.2000,2,1,2,1,1,4,2,1,3,1
SF,IH2006,2020-04-01 09:30:50.000,2632.6000,17807,0,93991560.000,0,-,-,-,-,2631.6000,2631.0000,2630.0000,2629.6000,2626.0000,2633.4000,2634.0000,2634.6000,2635.0000,2635.2000,1,1,2,1,1,4,2,1,3,1
SF,IH2006,2020-04-01 09:30:50.500,2632.6000,17807,0,93991560.000,0,-,-,-,-,2632.4000,2632.0000,2631.8000,2631.6000,2631.0000,2633.2000,2633.4000,2634.0000,2634.6000,2635.0000,1,4,2,1,1,2,4,2,1,3
SF,IH2006,2020-04-01 09:30:51.000,2632.6000,17807,0,93991560.000,0,-,-,-,-,2631.8000,2631.6000,2631.0000,2630.0000,2629.6000,2633.4000,2634.0000,2634.6000,2635.0000,2635.2000,1,1,1,2,1,4,2,1,3,1
SF,IH2006,2020-04-01 09:30:51.500,2632.2000,17806,-1,94781220.000,1,0,1,双平,S,2632.2000,2632.0000,2631.8000,2631.6000,2631.0000,2633.4000,2634.0000,2634.6000,2635.0000,2635.2000,3,1,1,1,1,4,2,1,3,1
SF,IH2006,2020-04-01 09:30:52.000,2632.2000,17806,0,94781220.000,0,-,-,-,-,2631.8000,2631.6000,2631.0000,2630.0000,2629.6000,2633.2000,2633.4000,2634.0000,2634.6000,2635.0000,1,1,1,2,1,1,2,2,1,3
SF,IH2006,2020-04-01 09:30:52.500,2632.2000,17806,0,94781220.000,0,-,-,-,-,2632.0000,2631.8000,2631.6000,2631.0000,2630.4000,2633.0000,2633.4000,2634.0000,2634.6000,2635.0000,4,1,1,1,5,1,1,2,1,3
SF,IH2006,2020-04-01 09:30:53.000,2632.2000,17806,0,94781220.000,0,-,-,-,-,2632.2000,2632.0000,2631.6000,2631.0000,2630.4000,2633.4000,2634.0000,2634.6000,2635.0000,2635.2000,1,4,1,1,5,1,2,1,3,1
SF,IH2006,2020-04-01 09:30:53.500,2632.2000,17806,0,94781220.000,0,-,-,-,-,2632.2000,2632.0000,2631.6000,2631.0000,2630.4000,2633.2000,2634.0000,2634.6000,2635.0000,2635.2000,1,4,1,1,5,1,2,1,3,1
SF,IH2006,2020-04-01 09:30:54.000,2632.2000,17806,0,94781220.000,0,-,-,-,-,2633.2000,2632.2000,2632.0000,2631.6000,2631.0000,2634.0000,2634.6000,2635.0000,2635.2000,2635.8000,1,1,4,1,1,2,1,3,1,1
SF,IH2006,2020-04-01 09:30:54.500,2633.2000,17806,0,95571180.000,1,0,1,多换,S,2632.4000,2631.6000,2631.0000,2630.4000,2630.0000,2633.8000,2634.0000,2634.6000,2635.0000,2635.2000,1,1,1,5,2,5,2,1,3,1
SF,IH2006,2020-04-01 09:30:55.000,2633.2000,17806,0,95571180.000,0,-,-,-,-,2632.8000,2632.4000,2631.6000,2631.0000,2630.4000,2633.8000,2634.0000,2634.6000,2635.0000,2635.2000,3,1,1,1,5,5,2,1,3,1
SF,IH2006,2020-04-01 09:30:55.500,2633.2000,17806,0,95571180.000,0,-,-,-,-,2632.8000,2632.4000,2631.6000,2631.0000,2630.4000,2633.8000,2634.0000,2634.6000,2635.0000,2635.2000,3,1,1,1,5,4,2,1,3,1
SF,IH2006,2020-04-01 09:30:56.000,2633.2000,17806,0,95571180.000,0,-,-,-,-,2632.8000,2632.4000,2631.6000,2631.0000,2630.4000,2633.8000,2634.0000,2634.6000,2635.0000,2635.8000,3,1,1,1,5,4,2,1,3,1
SF,IH2006,2020-04-01 09:30:56.500,2633.2000,17806,0,95571180.000,0,-,-,-,-,2633.0000,2632.8000,2632.4000,2631.6000,2631.0000,2633.8000,2634.0000,2634.6000,2635.0000,2635.8000,1,3,1,1,1,4,2,1,4,1
SF,IH2006,2020-04-01 09:30:57.000,2633.2000,17806,0,95571180.000,0,-,-,-,-,2633.8000,2633.0000,2632.8000,2632.4000,2631.6000,2634.0000,2634.6000,2635.0000,2635.8000,2636.0000,2,2,3,1,2,2,1,3,1,3
SF,IH2006,2020-04-01 09:30:57.500,2633.2000,17806,0,95571180.000,0,-,-,-,-,2633.2000,2633.0000,2632.8000,2631.6000,2631.0000,2633.8000,2634.0000,2634.6000,2635.0000,2635.8000,1,2,3,2,1,2,2,1,3,1
SF,IH2006,2020-04-01 09:30:58.500,2633.2000,17806,0,95571180.000,0,-,-,-,-,2633.2000,2633.0000,2632.8000,2631.6000,2631.0000,2633.8000,2634.0000,2634.6000,2635.0000,2635.8000,1,1,3,2,1,2,2,1,3,1
SF,IH2006,2020-04-01 09:30:59.000,2633.8000,17806,0,96361320.000,1,0,1,多换,S,2633.2000,2633.0000,2632.8000,2631.6000,2631.0000,2634.0000,2634.6000,2635.0000,2635.8000,2636.0000,1,1,3,2,1,2,1,3,1,3
SF,IH2006,2020-04-01 09:31:00.000,2633.2000,17806,0,97151280.000,1,0,1,多换,S,2633.0000,2632.8000,2631.6000,2631.0000,2630.0000,2634.0000,2634.6000,2635.0000,2635.6000,2635.8000,1,3,2,1,2,2,1,3,1,1
SF,IH2006,2020-04-01 09:31:00.500,2634.0000,17804,-2,98731680.000,2,0,2,双平,S,2633.2000,2633.0000,2632.8000,2631.6000,2631.0000,2634.6000,2635.0000,2635.6000,2635.8000,2636.0000,1,2,3,2,1,1,3,1,1,3
SF,IH2006,2020-04-01 09:31:01.000,2634.6000,17804,0,99522060.000,1,0,1,多换,S,2633.4000,2633.2000,2633.0000,2632.8000,2631.6000,2634.0000,2635.0000,2635.6000,2635.8000,2636.0000,1,1,1,3,2,1,3,1,1,3
SF,IH2006,2020-04-01 09:31:01.500,2634.0000,17804,0,100312260.000,1,0,1,多换,S,2634.0000,2633.6000,2633.4000,2633.0000,2631.6000,2635.0000,2635.6000,2635.8000,2636.0000,2639.0000,2,3,1,1,2,3,1,1,3,1
SF,IH2006,2020-04-01 09:31:02.000,2634.0000,17804,0,100312260.000,0,-,-,-,-,2634.2000,2634.0000,2633.6000,2633.4000,2633.0000,2634.6000,2635.0000,2635.6000,2636.0000,2639.0000,3,2,1,2,1,1,3,1,3,1
SF,IH2006,2020-04-01 09:31:02.500,2634.4000,17802,-2,101892960.000,2,0,2,双平,S,2634.0000,2633.6000,2633.4000,2633.0000,2631.6000,2635.0000,2635.6000,2636.0000,2639.0000,2639.8000,2,1,2,2,2,3,1,3,1,1
SF,IH2006,2020-04-01 09:31:03.000,2634.4000,17802,0,101892960.000,0,-,-,-,-,2634.2000,2634.0000,2633.6000,2633.4000,2633.0000,2635.0000,2635.6000,2636.0000,2639.0000,2639.8000,3,2,1,2,2,3,1,3,1,1
SF,IH2006,2020-04-01 09:31:03.500,2634.4000,17802,0,101892960.000,0,-,-,-,-,2634.2000,2634.0000,2633.6000,2633.4000,2633.0000,2635.0000,2635.6000,2636.0000,2639.0000,2639.8000,3,2,1,2,2,3,1,3,1,1
SF,IH2006,2020-04-01 09:31:04.500,2634.4000,17802,0,101892960.000,0,-,-,-,-,2634.2000,2634.0000,2633.6000,2633.4000,2633.0000,2635.0000,2635.6000,2636.0000,2639.0000,2639.8000,3,3,1,2,2,3,1,3,1,1
SF,IH2006,2020-04-01 09:31:05.000,2635.6000,17801,-1,105055140.000,4,1,3,多平,S,2634.4000,2634.2000,2634.0000,2633.6000,2633.0000,2636.0000,2639.0000,2639.8000,2640.0000,2640.2000,1,3,3,1,2,3,1,1,1,1
SF,IH2006,2020-04-01 09:31:05.500,2635.6000,17801,0,105055140.000,0,-,-,-,-,2634.6000,2634.4000,2634.2000,2634.0000,2633.0000,2635.8000,2636.0000,2639.0000,2639.8000,2640.0000,1,1,4,3,2,1,3,1,1,1
SF,IH2006,2020-04-01 09:31:06.000,2635.6000,17801,0,105055140.000,0,-,-,-,-,2634.8000,2634.6000,2634.2000,2634.0000,2633.0000,2635.8000,2636.0000,2639.0000,2639.8000,2640.0000,1,1,4,3,2,1,3,1,1,1
SF,IH2006,2020-04-01 09:31:06.500,2635.6000,17801,0,105055140.000,0,-,-,-,-,2634.2000,2634.0000,2633.0000,2631.6000,2631.0000,2635.8000,2636.0000,2639.0000,2639.8000,2640.0000,3,3,1,2,1,1,3,1,1,1
SF,IH2006,2020-04-01 09:31:07.000,2635.6000,17801,0,105055140.000,0,-,-,-,-,2634.4000,2634.2000,2634.0000,2633.0000,2631.6000,2634.6000,2635.8000,2636.0000,2639.0000,2639.8000,2,3,3,1,2,1,1,3,1,1
SF,IH2006,2020-04-01 09:31:07.500,2634.6000,17800,-1,105845520.000,1,0,1,双平,S,2635.0000,2634.8000,2634.6000,2634.4000,2634.0000,2635.8000,2636.0000,2639.0000,2639.8000,2640.0000,1,2,4,1,3,1,3,1,1,1
SF,IH2006,2020-04-01 09:31:08.000,2634.6000,17800,0,105845520.000,0,-,-,-,-,2634.6000,2634.4000,2634.0000,2633.0000,2631.6000,2635.8000,2636.0000,2637.0000,2639.0000,2639.8000,1,2,3,1,2,1,3,1,1,1
SF,IH2006,2020-04-01 09:31:08.500,2634.6000,17800,0,105845520.000,0,-,-,-,-,2634.8000,2634.6000,2634.4000,2634.0000,2633.0000,2635.8000,2636.0000,2637.0000,2639.0000,2639.8000,3,1,2,3,1,1,3,1,1,1
SF,IH2006,2020-04-01 09:31:09.000,2635.8000,17799,-1,106636260.000,1,0,1,双平,S,2635.0000,2634.8000,2634.6000,2634.4000,2634.0000,2636.0000,2637.0000,2639.0000,2639.8000,2640.0000,1,3,2,2,3,3,1,1,1,1
SF,IH2006,2020-04-01 09:31:09.500,2635.8000,17799,0,106636260.000,0,-,-,-,-,2635.2000,2635.0000,2634.8000,2634.6000,2634.4000,2636.0000,2637.0000,2639.0000,2639.8000,2640.0000,2,1,3,2,1,3,1,1,1,1
SF,IH2006,2020-04-01 09:31:10.000,2636.0000,17796,-3,109008660.000,3,0,3,双平,S,2636.0000,2635.4000,2635.2000,2634.8000,2634.6000,2637.0000,2639.0000,2639.8000,2640.0000,2640.2000,2,1,2,3,2,1,1,1,1,1
SF,IH2006,2020-04-01 09:31:10.500,2636.0000,17796,0,109008660.000,0,-,-,-,-,2636.0000,2635.4000,2635.2000,2635.0000,2634.6000,2637.0000,2639.0000,2639.8000,2640.0000,2640.2000,2,1,2,1,1,1,1,1,1,1
SF,IH2006,2020-04-01 09:31:11.000,2636.0000,17796,0,109008660.000,0,-,-,-,-,2636.4000,2636.2000,2636.0000,2635.2000,2635.0000,2637.0000,2638.6000,2639.0000,2639.8000,2640.0000,3,2,2,1,1,1,1,1,1,1
SF,IH2006,2020-04-01 09:31:11.500,2636.0000,17796,0,109008660.000,0,-,-,-,-,2636.6000,2636.4000,2636.2000,2636.0000,2635.2000,2637.0000,2638.6000,2639.0000,2639.8000,2640.0000,1,3,1,2,1,1,1,1,1,1
SF,IH2006,2020-04-01 09:31:12.000,2636.0000,17796,0,109008660.000,0,-,-,-,-,2636.6000,2636.4000,2636.2000,2636.0000,2635.2000,2637.0000,2638.6000,2639.0000,2639.8000,2640.0000,1,3,1,2,1,1,1,1,1,1
SF,IH2006,2020-04-01 09:31:12.500,2636.6000,17795,-1,109799640.000,1,0,1,双平,S,2636.0000,2635.2000,2635.0000,2634.6000,2634.0000,2637.0000,2638.6000,2639.0000,2639.8000,2640.0000,2,1,1,1,3,1,1,1,1,1
SF,IH2006,2020-04-01 09:31:13.000,2636.6000,17795,0,109799640.000,0,-,-,-,-,2636.0000,2635.2000,2635.0000,2634.6000,2634.0000,2637.0000,2638.6000,2639.0000,2639.8000,2640.0000,1,1,1,1,3,1,1,1,1,1
SF,IH2006,2020-04-01 09:31:13.500,2636.6000,17795,0,109799640.000,0,-,-,-,-,2636.2000,2636.0000,2635.2000,2635.0000,2634.6000,2637.0000,2638.6000,2639.0000,2639.8000,2640.0000,3,1,1,1,1,1,1,1,1,1
SF,IH2006,2020-04-01 09:31:14.000,2636.6000,17795,0,109799640.000,0,-,-,-,-,2636.2000,2636.0000,2635.2000,2635.0000,2634.6000,2637.0000,2638.6000,2639.0000,2639.8000,2640.0000,3,1,1,1,1,1,1,1,1,1
SF,IH2006,2020-04-01 09:31:14.500,2637.0000,17794,-1,110590740.000,1,0,1,双平,S,2637.0000,2636.2000,2636.0000,2635.2000,2635.0000,2638.6000,2639.0000,2639.8000,2640.0000,2640.2000,1,3,1,1,1,1,1,1,1,1
SF,IH2006,2020-04-01 09:31:15.000,2637.0000,17794,0,110590740.000,0,-,-,-,-,2637.2000,2636.4000,2636.2000,2636.0000,2635.2000,2638.4000,2638.6000,2639.0000,2639.8000,2640.0000,2,1,3,1,1,5,1,1,1,1
SF,IH2006,2020-04-01 09:31:15.500,2637.0000,17794,0,110590740.000,0,-,-,-,-,2637.2000,2636.2000,2636.0000,2635.2000,2635.0000,2638.4000,2638.6000,2639.0000,2639.8000,2640.0000,2,3,1,1,1,5,1,1,1,1
SF,IH2006,2020-04-01 09:31:16.000,2637.0000,17794,0,110590740.000,0,-,-,-,-,2637.2000,2636.2000,2636.0000,2635.2000,2635.0000,2638.2000,2638.4000,2638.6000,2639.0000,2639.8000,2,3,1,1,1,1,5,1,1,1
SF,IH2006,2020-04-01 09:31:16.500,2637.0000,17794,0,110590740.000,0,-,-,-,-,2637.4000,2637.2000,2636.2000,2636.0000,2635.2000,2638.2000,2638.4000,2638.6000,2639.0000,2639.8000,1,2,3,1,1,1,5,1,1,1
SF,IH2006,2020-04-01 09:31:17.000,2637.2000,17791,-3,112964340.000,3,0,3,双平,S,2637.2000,2636.0000,2635.2000,2634.6000,2634.0000,2637.4000,2638.2000,2638.4000,2638.6000,2639.0000,1,1,1,1,3,1,1,5,1,1
SF,IH2006,2020-04-01 09:31:17.500,2638.2000,17791,0,114547020.000,2,1,1,多换,S,2637.2000,2636.0000,2635.2000,2634.6000,2634.0000,2638.4000,2638.6000,2639.0000,2639.8000,2640.0000,1,1,1,1,3,5,2,1,1,1
SF,IH2006,2020-04-01 09:31:18.000,2638.2000,17791,0,114547020.000,0,-,-,-,-,2637.2000,2636.0000,2635.2000,2634.6000,2634.0000,2638.4000,2638.6000,2639.0000,2639.6000,2639.8000,1,1,1,1,3,5,2,1,1,1
SF,IH2006,2020-04-01 09:31:18.500,2638.4000,17790,-1,115338540.000,1,0,1,双平,S,2637.2000,2636.0000,2635.2000,2634.6000,2634.0000,2638.4000,2638.6000,2639.0000,2639.6000,2639.8000,1,1,1,1,3,4,2,1,1,1
SF,IH2006,2020-04-01 09:31:19.000,2638.4000,17790,0,115338540.000,0,-,-,-,-,2637.6000,2637.2000,2636.0000,2635.2000,2634.6000,2638.4000,2638.6000,2639.0000,2639.6000,2639.8000,3,1,1,1,1,4,2,1,1,1
SF,IH2006,2020-04-01 09:31:19.500,2637.6000,17787,-3,117712380.000,3,0,3,双平,S,2637.2000,2636.0000,2634.6000,2634.0000,2633.8000,2638.2000,2638.4000,2638.6000,2639.0000,2639.6000,1,1,1,3,1,1,1,2,1,1
SF,IH2006,2020-04-01 09:31:20.000,2637.6000,17787,0,117712380.000,0,-,-,-,-,2637.2000,2636.0000,2634.6000,2634.0000,2633.8000,2638.0000,2638.6000,2639.0000,2639.6000,2639.8000,1,1,1,3,1,4,2,1,1,1
SF,IH2006,2020-04-01 09:31:20.500,2637.6000,17787,0,117712380.000,0,-,-,-,-,2637.2000,2636.0000,2634.6000,2634.0000,2633.8000,2638.0000,2638.6000,2639.0000,2639.6000,2639.8000,1,1,1,3,1,1,2,1,1,1
SF,IH2006,2020-04-01 09:31:21.000,2638.0000,17786,-1,118503780.000,1,0,1,双平,S,2637.2000,2636.0000,2634.6000,2634.0000,2633.8000,2638.6000,2639.0000,2639.6000,2639.8000,2640.0000,1,1,1,3,1,3,1,1,1,1
SF,IH2006,2020-04-01 09:31:21.500,2637.2000,17785,-1,119294940.000,1,0,1,双平,S,2636.0000,2634.6000,2634.0000,2633.8000,2633.0000,2638.4000,2638.6000,2639.0000,2639.6000,2639.8000,1,1,3,1,1,4,3,1,1,1
SF,IH2006,2020-04-01 09:31:22.000,2637.2000,17785,0,119294940.000,0,-,-,-,-,2636.2000,2636.0000,2634.6000,2634.0000,2633.8000,2638.2000,2638.4000,2638.6000,2639.0000,2639.6000,5,1,6,3,1,3,4,3,1,1
SF,IH2006,2020-04-01 09:31:22.500,2637.2000,17785,0,119294940.000,0,-,-,-,-,2636.2000,2636.0000,2634.6000,2634.0000,2633.8000,2638.0000,2638.2000,2638.6000,2639.0000,2639.6000,5,1,6,3,1,4,2,3,1,1
SF,IH2006,2020-04-01 09:31:23.000,2637.2000,17785,0,119294940.000,0,-,-,-,-,2637.0000,2636.2000,2636.0000,2634.6000,2634.0000,2637.8000,2638.0000,2638.6000,2639.0000,2639.6000,1,7,1,1,3,1,4,3,1,1
SF,IH2006,2020-04-01 09:31:23.500,2637.6000,17785,0,120086220.000,1,0,1,多换,S,2636.2000,2636.0000,2634.6000,2634.0000,2633.8000,2638.0000,2638.6000,2639.0000,2639.6000,2639.8000,7,1,1,3,1,4,3,1,1,1
SF,IH2006,2020-04-01 09:31:24.000,2637.6000,17785,0,120086220.000,0,-,-,-,-,2636.2000,2636.0000,2634.6000,2634.0000,2633.8000,2637.8000,2638.0000,2638.6000,2639.0000,2639.6000,7,1,1,2,1,1,4,3,1,1
SF,IH2006,2020-04-01 09:31:24.500,2637.6000,17785,0,120086220.000,0,-,-,-,-,2636.4000,2636.2000,2636.0000,2634.6000,2634.0000,2637.6000,2637.8000,2638.6000,2639.0000,2639.6000,1,4,1,1,2,4,1,3,1,1
SF,IH2006,2020-04-01 09:31:25.000,2637.6000,17785,0,120086220.000,0,-,-,-,-,2636.4000,2636.2000,2636.0000,2634.6000,2634.0000,2637.0000,2637.6000,2637.8000,2638.6000,2639.0000,2,4,1,1,2,1,1,1,3,1
SF,IH2006,2020-04-01 09:31:25.500,2637.0000,17784,-1,120877320.000,1,0,1,双平,S,2637.2000,2636.8000,2636.6000,2636.4000,2636.2000,2637.6000,2637.8000,2638.6000,2639.0000,2639.8000,2,1,8,1,5,1,1,3,1,2
SF,IH2006,2020-04-01 09:31:26.000,2637.2000,17784,0,121668480.000,1,0,1,多换,S,2637.2000,2636.4000,2636.2000,2636.0000,2635.8000,2637.6000,2638.6000,2639.0000,2639.8000,2640.0000,2,1,3,1,1,1,3,1,2,1
SF,IH2006,2020-04-01 09:31:26.500,2637.6000,17783,-1,122459760.000,1,0,1,双平,S,2636.0000,2635.8000,2634.6000,2634.0000,2633.8000,2638.0000,2638.6000,2639.0000,2639.6000,2639.8000,1,1,1,2,1,1,3,1,1,2
SF,IH2006,2020-04-01 09:31:27.000,2637.6000,17783,0,122459760.000,0,-,-,-,-,2637.6000,2636.2000,2636.0000,2635.8000,2635.0000,2637.8000,2638.0000,2638.6000,2639.0000,2639.6000,1,2,1,1,1,5,1,3,1,1
SF,IH2006,2020-04-01 09:31:27.500,2637.6000,17781,-2,124042320.000,2,0,2,双平,S,2636.2000,2636.0000,2635.8000,2634.6000,2634.0000,2637.2000,2637.4000,2637.6000,2638.0000,2638.6000,2,1,1,1,2,2,2,3,1,3
SF,IH2006,2020-04-01 09:31:28.000,2637.6000,17781,0,124042320.000,0,-,-,-,-,2636.8000,2636.6000,2636.2000,2636.0000,2635.8000,2637.2000,2637.4000,2638.0000,2638.6000,2639.0000,1,1,2,1,1,2,2,1,3,1
SF,IH2006,2020-04-01 09:31:28.500,2637.6000,17781,0,124042320.000,0,-,-,-,-,2636.2000,2636.0000,2635.8000,2634.8000,2634.6000,2637.2000,2637.4000,2638.0000,2638.6000,2639.0000,2,1,1,1,1,2,2,1,3,1
SF,IH2006,2020-04-01 09:31:29.000,2636.2000,17781,0,124833180.000,1,0,1,多换,S,2636.4000,2636.0000,2635.8000,2634.8000,2634.6000,2637.2000,2637.4000,2638.0000,2638.6000,2639.0000,1,1,1,1,1,2,2,1,3,1
SF,IH2006,2020-04-01 09:31:29.500,2636.2000,17781,0,124833180.000,0,-,-,-,-,2636.4000,2636.0000,2635.8000,2634.8000,2634.6000,2637.0000,2637.2000,2637.4000,2638.0000,2638.6000,1,1,1,1,1,1,2,2,1,3
SF,IH2006,2020-04-01 09:31:30.000,2637.0000,17781,0,125624280.000,1,0,1,多换,S,2636.4000,2636.0000,2635.8000,2634.8000,2634.6000,2637.2000,2637.4000,2638.0000,2638.6000,2639.0000,1,1,1,1,1,2,2,1,3,1
SF,IH2006,2020-04-01 09:31:30.500,2637.0000,17781,0,125624280.000,0,-,-,-,-,2636.4000,2636.0000,2635.8000,2634.8000,2634.6000,2637.0000,2637.2000,2637.4000,2638.0000,2638.6000,1,1,1,1,1,1,2,2,1,3
SF,IH2006,2020-04-01 09:31:31.000,2636.4000,17780,-1,126415200.000,1,0,1,双平,S,2636.0000,2635.8000,2634.8000,2634.6000,2634.0000,2637.0000,2637.2000,2637.4000,2638.0000,2638.6000,1,1,1,1,2,1,2,2,1,3
SF,IH2006,2020-04-01 09:31:31.500,2636.4000,17780,0,126415200.000,0,-,-,-,-,2636.0000,2635.8000,2634.8000,2634.6000,2634.0000,2637.0000,2637.2000,2637.4000,2638.0000,2638.6000,1,1,1,1,3,1,2,2,1,3
SF,IH2006,2020-04-01 09:31:32.500,2636.0000,17780,0,127997100.000,2,1,1,多换,S,2635.8000,2634.8000,2634.6000,2634.0000,2633.0000,2637.2000,2637.4000,2638.0000,2638.6000,2639.0000,1,1,1,3,1,2,2,1,3,1
SF,IH2006,2020-04-01 09:31:33.000,2636.0000,17780,0,127997100.000,0,-,-,-,-,2636.0000,2634.8000,2634.6000,2634.0000,2633.0000,2637.0000,2637.2000,2637.4000,2638.0000,2638.6000,2,1,1,3,1,4,2,2,1,3
SF,IH2006,2020-04-01 09:31:33.500,2636.0000,17779,-1,129578700.000,2,0,2,多平,S,2634.8000,2634.6000,2634.0000,2633.0000,2631.6000,2636.0000,2636.8000,2637.0000,2637.2000,2637.4000,1,1,3,2,2,1,1,5,2,2
SF,IH2006,2020-04-01 09:31:34.000,2636.0000,17779,0,129578700.000,0,-,-,-,-,2635.0000,2634.8000,2634.6000,2634.0000,2633.0000,2636.0000,2636.8000,2637.0000,2637.2000,2637.4000,1,2,1,3,2,1,1,5,2,2
SF,IH2006,2020-04-01 09:31:34.500,2636.0000,17779,0,131160000.000,2,1,1,多换,S,2634.8000,2634.6000,2634.0000,2633.0000,2631.6000,2636.8000,2637.0000,2637.2000,2637.4000,2638.6000,1,1,3,2,2,1,4,2,2,2
SF,IH2006,2020-04-01 09:31:35.000,2636.0000,17779,0,131160000.000,0,-,-,-,-,2634.8000,2634.6000,2634.0000,2633.0000,2631.6000,2635.8000,2636.6000,2636.8000,2637.2000,2637.4000,1,1,3,2,2,1,7,1,2,2
SF,IH2006,2020-04-01 09:31:35.500,2636.0000,17779,0,131160000.000,0,-,-,-,-,2634.8000,2634.6000,2634.0000,2633.0000,2631.6000,2635.8000,2636.6000,2636.8000,2637.2000,2637.4000,1,1,3,2,2,1,6,1,2,2
SF,IH2006,2020-04-01 09:31:36.000,2635.8000,17779,0,131950740.000,1,0,1,多换,S,2635.2000,2635.0000,2634.8000,2634.6000,2634.0000,2636.6000,2636.8000,2637.2000,2637.4000,2638.6000,1,1,2,1,3,6,1,2,2,2
SF,IH2006,2020-04-01 09:31:36.500,2635.8000,17779,0,131950740.000,0,-,-,-,-,2635.0000,2634.8000,2634.6000,2634.0000,2633.0000,2636.6000,2636.8000,2637.2000,2637.4000,2637.8000,1,1,1,3,2,5,1,2,2,1
SF,IH2006,2020-04-01 09:31:37.000,2635.8000,17779,0,131950740.000,0,-,-,-,-,2635.0000,2634.8000,2634.6000,2634.0000,2633.0000,2636.6000,2636.8000,2637.2000,2637.4000,2637.8000,1,1,2,3,2,5,1,2,2,1
SF,IH2006,2020-04-01 09:31:38.000,2635.8000,17779,0,131950740.000,0,-,-,-,-,2635.2000,2635.0000,2634.8000,2634.6000,2634.0000,2636.6000,2636.8000,2637.2000,2637.4000,2637.8000,1,1,2,2,3,5,1,2,2,1
SF,IH2006,2020-04-01 09:31:38.500,2635.8000,17779,0,131950740.000,0,-,-,-,-,2635.2000,2635.0000,2634.8000,2634.6000,2634.0000,2636.6000,2636.8000,2637.2000,2637.4000,2637.8000,1,1,1,2,3,5,1,2,2,1
SF,IH2006,2020-04-01 09:31:39.500,2635.8000,17779,0,131950740.000,0,-,-,-,-,2635.2000,2635.0000,2634.8000,2634.6000,2634.0000,2636.6000,2636.8000,2637.2000,2637.4000,2637.8000,2,3,1,2,3,5,1,2,2,1
SF,IH2006,2020-04-01 09:31:40.000,2635.8000,17779,0,131950740.000,0,-,-,-,-,2635.2000,2635.0000,2634.8000,2634.6000,2634.0000,2636.6000,2636.8000,2637.2000,2637.4000,2637.8000,1,1,1,2,3,5,1,2,2,1
SF,IH2006,2020-04-01 09:31:40.500,2635.8000,17779,0,131950740.000,0,-,-,-,-,2635.4000,2635.2000,2634.8000,2634.6000,2634.0000,2636.6000,2636.8000,2637.2000,2637.4000,2637.8000,1,1,1,2,3,5,2,2,2,1
SF,IH2006,2020-04-01 09:31:41.000,2635.4000,17778,-1,132741360.000,1,0,1,双平,S,2635.2000,2634.8000,2634.6000,2634.0000,2633.0000,2636.0000,2636.6000,2636.8000,2637.2000,2637.4000,1,1,2,3,1,1,4,2,2,2
SF,IH2006,2020-04-01 09:31:42.000,2635.2000,17779,1,133531920.000,1,1,0,双开,S,2634.8000,2634.6000,2634.0000,2633.0000,2631.6000,2635.2000,2635.8000,2636.0000,2636.6000,2636.8000,1,2,3,1,2,1,1,1,4,2
SF,IH2006,2020-04-01 09:31:42.500,2635.2000,17778,-1,134322480.000,1,0,1,双平,S,2635.2000,2634.8000,2634.6000,2634.0000,2633.0000,2636.0000,2636.6000,2636.8000,2637.2000,2637.4000,2,1,2,3,1,1,4,2,2,2
SF,IH2006,2020-04-01 09:31:43.000,2635.2000,17777,-1,135113040.000,1,0,1,双平,S,2634.8000,2634.6000,2634.0000,2633.0000,2631.6000,2636.0000,2636.6000,2636.8000,2637.2000,2637.4000,1,2,3,2,2,1,3,2,2,2
SF,IH2006,2020-04-01 09:31:43.500,2635.2000,17777,0,135113040.000,0,-,-,-,-,2634.8000,2634.6000,2634.0000,2633.0000,2631.6000,2635.8000,2636.0000,2636.6000,2636.8000,2637.2000,1,2,3,2,2,2,1,3,2,2
SF,IH2006,2020-04-01 09:31:44.000,2635.2000,17777,0,135113040.000,0,-,-,-,-,2634.8000,2634.6000,2634.0000,2633.0000,2631.6000,2635.8000,2636.0000,2636.6000,2636.8000,2637.2000,1,2,3,2,2,2,1,3,1,2
SF,IH2006,2020-04-01 09:31:44.500,2635.8000,17775,-2,136694520.000,2,0,2,双平,S,2634.8000,2634.6000,2634.0000,2633.0000,2631.6000,2636.0000,2636.6000,2636.8000,2637.2000,2637.4000,1,2,3,2,2,1,3,1,2,2
SF,IH2006,2020-04-01 09:31:45.000,2635.8000,17775,0,136694520.000,0,-,-,-,-,2635.0000,2634.8000,2634.6000,2634.0000,2633.0000,2636.0000,2636.6000,2636.8000,2637.2000,2637.4000,1,1,2,3,2,1,3,1,2,2
SF,IH2006,2020-04-01 09:31:45.500,2636.0000,17774,-1,137485320.000,1,0,1,双平,S,2635.0000,2634.8000,2634.6000,2634.0000,2633.0000,2636.6000,2636.8000,2637.2000,2637.4000,2637.8000,1,1,2,3,2,3,1,2,2,1
SF,IH2006,2020-04-01 09:31:46.000,2636.0000,17774,0,137485320.000,0,-,-,-,-,2635.0000,2634.8000,2634.6000,2634.0000,2633.0000,2636.6000,2636.8000,2637.2000,2637.4000,2637.8000,1,1,2,3,2,3,1,2,2,1
SF,IH2006,2020-04-01 09:31:47.000,2636.0000,17774,0,137485320.000,0,-,-,-,-,2634.8000,2634.6000,2634.0000,2633.0000,2631.6000,2636.6000,2636.8000,2637.2000,2637.4000,2637.8000,1,2,3,2,2,3,1,2,2,1
SF,IH2006,2020-04-01 09:31:47.500,2636.0000,17774,0,137485320.000,0,-,-,-,-,2634.8000,2634.6000,2634.0000,2633.0000,2632.0000,2636.4000,2636.6000,2636.8000,2637.2000,2637.4000,1,2,3,2,1,1,3,1,2,2
SF,IH2006,2020-04-01 09:31:48.000,2636.0000,17774,0,137485320.000,0,-,-,-,-,2634.8000,2634.6000,2634.0000,2633.0000,2632.0000,2636.2000,2636.4000,2636.8000,2637.2000,2637.4000,1,2,3,2,1,4,1,1,2,2
SF,IH2006,2020-04-01 09:31:48.500,2634.8000,17773,-1,138275760.000,1,0,1,双平,S,2634.6000,2634.0000,2633.0000,2632.0000,2631.6000,2636.2000,2636.4000,2636.8000,2637.2000,2637.4000,2,3,2,1,2,4,1,1,2,2
SF,IH2006,2020-04-01 09:31:49.000,2634.8000,17773,0,138275760.000,0,-,-,-,-,2634.6000,2634.0000,2633.0000,2632.0000,2631.6000,2636.2000,2636.4000,2636.8000,2637.2000,2637.4000,2,3,2,1,2,4,1,1,2,2
SF,IH2006,2020-04-01 09:31:49.500,2636.0000,17773,0,139066560.000,1,0,1,多换,S,2634.6000,2634.0000,2633.0000,2632.0000,2631.6000,2636.0000,2636.2000,2636.4000,2636.8000,2637.2000,2,3,2,1,2,1,4,1,1,2
SF,IH2006,2020-04-01 09:31:50.000,2636.0000,17773,0,139066560.000,0,-,-,-,-,2634.6000,2634.0000,2633.0000,2632.0000,2631.6000,2635.8000,2636.0000,2636.2000,2636.4000,2636.8000,2,3,2,1,2,3,1,1,1,1
SF,IH2006,2020-04-01 09:31:50.500,2636.0000,17773,0,139066560.000,0,-,-,-,-,2634.6000,2634.0000,2633.0000,2632.0000,2631.6000,2635.8000,2636.2000,2636.4000,2636.8000,2637.2000,2,3,2,1,2,3,1,1,1,2
SF,IH2006,2020-04-01 09:31:51.000,2634.8000,17773,0,139857000.000,1,0,1,多换,S,2634.6000,2634.0000,2633.0000,2632.0000,2631.6000,2635.8000,2636.2000,2636.4000,2636.8000,2637.2000,2,3,2,1,2,3,1,1,1,2
SF,IH2006,2020-04-01 09:31:51.500,2634.6000,17772,-1,140647380.000,1,0,1,双平,S,2634.6000,2634.0000,2633.0000,2632.0000,2631.6000,2635.8000,2636.4000,2636.8000,2637.2000,2637.4000,1,3,2,1,2,3,1,1,2,2
SF,IH2006,2020-04-01 09:31:52.000,2634.6000,17772,0,140647380.000,0,-,-,-,-,2634.8000,2634.6000,2634.0000,2633.0000,2632.0000,2636.4000,2636.8000,2637.0000,2637.2000,2637.4000,1,1,3,2,1,1,1,1,2,2
SF,IH2006,2020-04-01 09:31:52.500,2634.6000,17772,0,140647380.000,0,-,-,-,-,2634.8000,2634.6000,2634.0000,2633.0000,2632.0000,2636.2000,2636.4000,2636.8000,2637.0000,2637.2000,1,1,3,2,1,3,1,1,1,2
SF,IH2006,2020-04-01 09:31:53.000,2634.6000,17772,0,142228140.000,2,1,1,多换,S,2634.0000,2633.0000,2632.0000,2631.6000,2631.0000,2634.6000,2636.2000,2636.4000,2636.8000,2637.0000,3,2,1,2,1,3,3,1,1,1
SF,IH2006,2020-04-01 09:31:53.500,2634.6000,17769,-3,144599280.000,3,0,3,双平,S,2634.6000,2634.2000,2634.0000,2633.0000,2632.0000,2634.8000,2636.2000,2636.4000,2636.8000,2637.0000,2,1,2,2,1,2,3,1,1,1
SF,IH2006,2020-04-01 09:31:54.000,2634.8000,17767,-2,146970540.000,3,0,3,多平,S,2634.2000,2634.0000,2633.0000,2632.0000,2631.6000,2636.2000,2636.4000,2636.8000,2637.0000,2637.2000,1,2,2,1,2,3,1,1,1,1
SF,IH2006,2020-04-01 09:31:54.500,2634.8000,17767,0,146970540.000,0,-,-,-,-,2634.2000,2634.0000,2633.0000,2632.0000,2631.6000,2636.0000,2636.2000,2636.8000,2637.0000,2637.2000,1,2,2,1,2,2,3,1,1,1
SF,IH2006,2020-04-01 09:31:55.000,2634.8000,17767,0,146970540.000,0,-,-,-,-,2634.2000,2634.0000,2633.0000,2632.0000,2631.6000,2635.8000,2636.0000,2636.8000,2637.0000,2637.2000,1,2,2,1,2,3,2,1,1,1
SF,IH2006,2020-04-01 09:31:57.500,2634.8000,17767,0,146970540.000,0,-,-,-,-,2634.2000,2634.0000,2633.0000,2632.0000,2631.6000,2635.8000,2636.0000,2636.8000,2637.0000,2637.2000,1,2,2,1,2,3,1,1,1,1
SF,IH2006,2020-04-01 09:31:58.000,2634.8000,17767,0,146970540.000,0,-,-,-,-,2634.2000,2634.0000,2633.0000,2632.0000,2631.6000,2635.8000,2636.0000,2636.8000,2637.0000,2637.2000,1,2,2,1,2,3,1,1,1,1
SF,IH2006,2020-04-01 09:31:58.500,2635.8000,17766,-1,147761280.000,1,0,1,双平,S,2634.2000,2634.0000,2633.0000,2632.0000,2631.6000,2635.8000,2636.0000,2636.8000,2637.0000,2637.2000,1,2,2,1,2,2,1,1,1,1
SF,IH2006,2020-04-01 09:31:59.000,2635.8000,17766,0,148552020.000,1,0,1,多换,S,2634.4000,2634.2000,2634.0000,2633.0000,2632.0000,2635.8000,2636.0000,2636.8000,2637.0000,2637.2000,1,1,1,2,1,1,1,1,1,1
SF,IH2006,2020-04-01 09:31:59.500,2635.8000,17765,-1,149342760.000,1,0,1,双平,S,2634.4000,2634.2000,2634.0000,2633.0000,2632.0000,2635.0000,2636.0000,2636.8000,2637.0000,2637.8000,1,1,1,2,1,1,1,1,1,1
SF,IH2006,2020-04-01 09:32:00.000,2635.8000,17765,0,149342760.000,0,-,-,-,-,2634.4000,2634.2000,2634.0000,2633.0000,2632.0000,2635.0000,2635.6000,2635.8000,2636.0000,2636.8000,1,1,1,2,1,1,1,1,1,1
SF,IH2006,2020-04-01 09:32:00.500,2635.8000,17765,0,149342760.000,0,-,-,-,-,2634.4000,2634.2000,2634.0000,2633.0000,2632.0000,2635.0000,2635.8000,2636.0000,2636.8000,2637.0000,1,1,1,2,1,1,1,1,1,1
SF,IH2006,2020-04-01 09:32:01.500,2635.0000,17764,-1,150133260.000,1,0,1,双平,S,2635.0000,2634.6000,2634.4000,2634.2000,2634.0000,2635.8000,2636.0000,2636.8000,2637.0000,2638.0000,1,1,1,1,1,1,1,1,1,1
SF,IH2006,2020-04-01 09:32:02.000,2635.0000,17764,0,150133260.000,0,-,-,-,-,2635.0000,2634.6000,2634.2000,2634.0000,2633.0000,2635.8000,2636.8000,2637.0000,2638.0000,2638.2000,1,1,1,1,2,1,1,1,1,1
SF,IH2006,2020-04-01 09:32:02.500,2635.0000,17764,0,150133260.000,0,-,-,-,-,2634.6000,2634.2000,2634.0000,2633.0000,2632.0000,2635.8000,2636.8000,2637.0000,2638.0000,2638.2000,1,1,1,2,1,1,1,1,1,1
SF,IH2006,2020-04-01 09:32:03.000,2635.0000,17764,0,150133260.000,0,-,-,-,-,2634.8000,2634.6000,2634.2000,2634.0000,2633.0000,2635.8000,2636.8000,2637.0000,2638.0000,2638.2000,3,1,1,1,2,1,1,1,1,1
SF,IH2006,2020-04-01 09:32:03.500,2635.0000,17764,0,150133260.000,0,-,-,-,-,2635.0000,2634.8000,2634.2000,2634.0000,2633.0000,2635.8000,2636.8000,2637.0000,2638.0000,2638.2000,1,3,1,1,2,1,1,1,1,1
SF,IH2006,2020-04-01 09:32:04.000,2635.0000,17763,-1,150923760.000,1,0,1,双平,S,2635.0000,2634.8000,2634.2000,2634.0000,2633.0000,2635.8000,2636.8000,2637.0000,2638.0000,2638.2000,1,2,1,1,2,1,1,1,1,1
SF,IH2006,2020-04-01 09:32:04.500,2635.0000,17763,0,150923760.000,0,-,-,-,-,2635.0000,2634.8000,2634.2000,2634.0000,2633.0000,2635.8000,2636.8000,2637.0000,2638.0000,2638.2000,1,2,1,1,2,1,1,1,1,1
SF,IH2006,2020-04-01 09:32:05.000,2635.0000,17763,0,150923760.000,0,-,-,-,-,2635.0000,2634.8000,2634.2000,2634.0000,2633.0000,2635.6000,2635.8000,2636.8000,2637.0000,2638.0000,1,2,1,1,2,1,1,1,1,1
SF,IH2006,2020-04-01 09:32:05.500,2635.0000,17763,0,150923760.000,0,-,-,-,-,2634.8000,2634.2000,2634.0000,2633.0000,2632.0000,2635.4000,2635.6000,2635.8000,2636.8000,2637.0000,2,1,1,2,2,1,1,1,1,1
SF,IH2006,2020-04-01 09:32:06.000,2635.4000,17762,-1,151714380.000,1,0,1,双平,S,2635.0000,2634.2000,2634.0000,2633.0000,2632.0000,2635.8000,2636.8000,2637.0000,2638.0000,2638.2000,1,1,1,2,2,1,1,1,1,1
SF,IH2006,2020-04-01 09:32:07.500,2635.4000,17762,0,151714380.000,0,-,-,-,-,2635.2000,2635.0000,2634.2000,2634.0000,2633.0000,2635.8000,2636.8000,2637.0000,2638.0000,2638.2000,2,1,1,1,2,1,1,1,1,1
SF,IH2006,2020-04-01 09:32:08.500,2635.4000,17762,0,151714380.000,0,-,-,-,-,2635.2000,2635.0000,2634.2000,2634.0000,2633.0000,2635.8000,2636.8000,2637.0000,2638.0000,2638.2000,2,1,1,1,2,1,1,1,1,1
SF,IH2006,2020-04-01 09:32:09.000,2635.8000,17762,0,152505120.000,1,0,1,多换,S,2635.8000,2635.4000,2635.2000,2635.0000,2634.2000,2636.8000,2637.0000,2638.0000,2638.2000,2638.6000,5,1,2,1,1,1,1,1,1,2
SF,IH2006,2020-04-01 09:32:09.500,2635.8000,17762,0,152505120.000,0,-,-,-,-,2635.8000,2635.2000,2635.0000,2634.2000,2634.0000,2636.8000,2637.0000,2638.0000,2638.2000,2638.6000,5,2,1,1,1,1,1,1,1,2
SF,IH2006,2020-04-01 09:32:10.000,2636.8000,17762,0,156459840.000,5,2,3,多换,S,2635.8000,2635.2000,2635.0000,2634.2000,2634.0000,2636.6000,2637.0000,2638.0000,2638.2000,2638.6000,1,1,1,1,1,1,1,1,1,2
SF,IH2006,2020-04-01 09:32:11.500,2636.6000,17762,0,157250820.000,1,0,1,多换,S,2635.8000,2635.2000,2635.0000,2634.2000,2634.0000,2637.0000,2638.0000,2638.2000,2638.6000,2639.0000,1,1,1,1,1,1,1,1,2,3
SF,IH2006,2020-04-01 09:32:12.000,2635.8000,17761,-1,158041560.000,1,0,1,双平,S,2635.2000,2635.0000,2634.2000,2634.0000,2633.0000,2635.8000,2636.8000,2637.0000,2638.0000,2638.2000,1,1,1,1,1,4,2,1,1,1
SF,IH2006,2020-04-01 09:32:12.500,2635.8000,17759,-2,159623040.000,2,0,2,双平,S,2635.2000,2635.0000,2634.2000,2634.0000,2633.0000,2635.8000,2636.8000,2637.0000,2638.0000,2638.2000,1,1,1,1,1,2,1,1,1,1
SF,IH2006,2020-04-01 09:32:13.000,2635.8000,17759,0,159623040.000,0,-,-,-,-,2635.2000,2635.0000,2634.2000,2634.0000,2633.0000,2635.8000,2636.8000,2637.0000,2638.0000,2638.2000,1,1,1,1,1,2,1,1,1,1
SF,IH2006,2020-04-01 09:32:13.500,2635.8000,17759,0,159623040.000,0,-,-,-,-,2635.2000,2635.0000,2634.2000,2634.0000,2633.0000,2635.8000,2636.8000,2637.0000,2637.6000,2638.0000,1,1,1,1,1,2,1,1,1,1
SF,IH2006,2020-04-01 09:32:17.500,2635.8000,17758,-1,160413780.000,1,0,1,双平,S,2635.2000,2635.0000,2634.2000,2634.0000,2633.0000,2635.8000,2636.8000,2637.0000,2637.6000,2638.0000,1,1,1,1,1,1,1,1,1,2
SF,IH2006,2020-04-01 09:32:18.000,2635.8000,17758,0,160413780.000,0,-,-,-,-,2635.2000,2635.0000,2634.2000,2634.0000,2632.0000,2635.8000,2636.8000,2637.0000,2637.6000,2638.0000,1,1,1,1,2,1,1,1,1,2
SF,IH2006,2020-04-01 09:32:19.000,2635.2000,17758,0,161204340.000,1,0,1,多换,S,2635.0000,2634.2000,2634.0000,2632.0000,2631.6000,2635.8000,2636.8000,2637.0000,2637.6000,2638.0000,1,1,1,2,2,1,1,1,1,2
SF,IH2006,2020-04-01 09:32:19.500,2635.2000,17758,0,161204340.000,0,-,-,-,-,2635.0000,2634.2000,2634.0000,2632.0000,2631.6000,2635.6000,2635.8000,2636.8000,2637.0000,2637.6000,1,1,1,2,2,1,1,1,1,1
SF,IH2006,2020-04-01 09:32:20.000,2635.2000,17758,0,161204340.000,0,-,-,-,-,2635.0000,2634.2000,2634.0000,2632.0000,2631.6000,2635.6000,2635.8000,2636.8000,2637.0000,2637.6000,1,1,1,1,2,1,1,1,1,1
SF,IH2006,2020-04-01 09:32:20.500,2635.2000,17758,0,161204340.000,0,-,-,-,-,2635.0000,2634.2000,2634.0000,2632.0000,2631.6000,2635.6000,2635.8000,2636.8000,2637.0000,2637.6000,1,1,1,1,2,1,1,2,1,1
SF,IH2006,2020-04-01 09:32:21.500,2635.6000,17757,-1,161995020.000,1,0,1,双平,S,2635.2000,2635.0000,2634.2000,2634.0000,2632.0000,2635.4000,2635.8000,2636.8000,2637.0000,2637.6000,1,1,1,1,1,1,1,2,1,1
SF,IH2006,2020-04-01 09:32:22.000,2635.8000,17755,-2,163576380.000,2,0,2,双平,S,2635.4000,2635.2000,2635.0000,2634.2000,2634.0000,2636.8000,2637.0000,2637.6000,2638.0000,2638.2000,6,3,1,1,1,1,1,1,2,1
SF,IH2006,2020-04-01 09:32:22.500,2635.4000,17755,0,171483000.000,10,5,5,多换,S,2635.4000,2635.2000,2635.0000,2634.2000,2634.0000,2637.0000,2637.6000,2638.0000,2638.2000,2638.6000,2,2,1,1,1,1,1,2,1,2
SF,IH2006,2020-04-01 09:32:23.000,2635.4000,17755,0,171483000.000,0,-,-,-,-,2635.6000,2635.4000,2635.2000,2635.0000,2634.2000,2637.0000,2637.6000,2638.0000,2638.2000,2638.6000,2,2,1,1,1,1,1,2,1,2
SF,IH2006,2020-04-01 09:32:24.000,2635.4000,17755,0,171483000.000,0,-,-,-,-,2635.6000,2635.4000,2635.2000,2635.0000,2634.2000,2636.8000,2637.0000,2637.6000,2638.0000,2638.2000,1,2,1,1,1,1,1,1,2,1
SF,IH2006,2020-04-01 09:32:24.500,2635.4000,17755,0,171483000.000,0,-,-,-,-,2635.4000,2635.2000,2635.0000,2634.2000,2634.0000,2636.6000,2637.0000,2637.6000,2638.0000,2638.2000,2,2,1,1,1,2,1,1,2,1
SF,IH2006,2020-04-01 09:32:25.000,2635.4000,17755,0,171483000.000,0,-,-,-,-,2635.6000,2635.4000,2635.2000,2635.0000,2634.2000,2636.6000,2637.0000,2637.6000,2638.0000,2638.2000,1,2,2,1,1,1,1,1,2,1
SF,IH2006,2020-04-01 09:32:25.500,2635.4000,17755,0,171483000.000,0,-,-,-,-,2635.6000,2635.4000,2635.2000,2635.0000,2634.2000,2637.0000,2637.6000,2638.0000,2638.2000,2638.6000,1,2,2,1,1,1,1,2,1,2
SF,IH2006,2020-04-01 09:32:26.000,2635.4000,17755,0,171483000.000,0,-,-,-,-,2635.4000,2635.2000,2635.0000,2634.2000,2634.0000,2636.8000,2637.0000,2637.6000,2638.0000,2638.2000,2,2,1,1,2,3,1,1,2,1
SF,IH2006,2020-04-01 09:32:26.500,2635.4000,17755,0,171483000.000,0,-,-,-,-,2635.4000,2635.2000,2635.0000,2634.2000,2634.0000,2636.6000,2636.8000,2637.0000,2637.6000,2638.0000,2,2,1,1,2,3,4,1,1,2
SF,IH2006,2020-04-01 09:32:27.000,2635.4000,17755,0,171483000.000,0,-,-,-,-,2635.2000,2635.0000,2634.2000,2634.0000,2633.8000,2636.4000,2636.6000,2636.8000,2637.0000,2637.6000,2,2,1,2,1,3,3,1,1,1
SF,IH2006,2020-04-01 09:32:27.500,2635.4000,17755,0,171483000.000,0,-,-,-,-,2635.4000,2635.2000,2635.0000,2634.2000,2634.0000,2636.4000,2636.6000,2637.0000,2637.6000,2638.0000,1,2,2,1,2,3,2,1,1,2
SF,IH2006,2020-04-01 09:32:28.500,2635.4000,17755,0,171483000.000,0,-,-,-,-,2635.4000,2635.2000,2635.0000,2634.2000,2634.0000,2636.4000,2636.6000,2637.0000,2637.6000,2638.0000,1,2,2,1,2,2,2,1,1,2
SF,IH2006,2020-04-01 09:32:29.500,2635.4000,17755,0,171483000.000,0,-,-,-,-,2635.4000,2635.2000,2635.0000,2634.2000,2634.0000,2636.4000,2636.6000,2637.0000,2637.6000,2638.0000,1,2,2,1,2,1,2,1,1,2
SF,IH2006,2020-04-01 09:32:30.000,2635.4000,17755,0,171483000.000,0,-,-,-,-,2635.2000,2635.0000,2634.2000,2634.0000,2633.8000,2636.4000,2636.6000,2637.0000,2637.6000,2638.0000,2,2,1,2,1,1,2,1,1,2
SF,IH2006,2020-04-01 09:32:30.500,2635.4000,17755,0,171483000.000,0,-,-,-,-,2635.4000,2635.2000,2635.0000,2634.2000,2634.0000,2636.4000,2636.6000,2637.0000,2637.6000,2638.0000,1,3,4,1,2,1,2,1,1,2
SF,IH2006,2020-04-01 09:32:31.000,2635.4000,17755,0,171483000.000,0,-,-,-,-,2635.2000,2635.0000,2634.2000,2634.0000,2633.8000,2636.4000,2637.0000,2637.6000,2638.0000,2638.2000,2,2,1,2,1,1,1,1,2,1
SF,IH2006,2020-04-01 09:32:31.500,2635.4000,17755,0,171483000.000,0,-,-,-,-,2635.4000,2635.2000,2635.0000,2634.2000,2634.0000,2636.4000,2637.0000,2637.6000,2638.0000,2638.2000,2,2,2,1,2,1,1,1,2,1
SF,IH2006,2020-04-01 09:32:33.000,2635.4000,17755,0,171483000.000,0,-,-,-,-,2635.4000,2635.2000,2635.0000,2634.2000,2634.0000,2636.4000,2637.0000,2637.6000,2638.0000,2638.2000,2,3,2,1,2,1,1,1,2,1
SF,IH2006,2020-04-01 09:32:33.500,2635.4000,17755,0,171483000.000,0,-,-,-,-,2635.4000,2635.2000,2635.0000,2634.2000,2634.0000,2636.4000,2637.0000,2637.6000,2638.0000,2638.2000,1,2,2,1,2,1,1,1,2,1
SF,IH2006,2020-04-01 09:32:34.000,2635.4000,17755,0,171483000.000,0,-,-,-,-,2635.4000,2635.2000,2635.0000,2634.2000,2634.0000,2635.8000,2636.4000,2637.0000,2637.6000,2638.0000,1,2,2,1,2,1,1,1,1,2
SF,IH2006,2020-04-01 09:32:34.500,2636.4000,17754,-1,173064660.000,2,0,2,多平,S,2635.4000,2635.2000,2635.0000,2634.2000,2634.0000,2637.0000,2637.6000,2638.0000,2638.2000,2638.6000,1,2,2,1,2,2,1,2,1,1
SF,IH2006,2020-04-01 09:32:35.000,2636.4000,17754,0,173064660.000,0,-,-,-,-,2635.2000,2635.0000,2634.2000,2634.0000,2633.8000,2636.8000,2637.0000,2637.6000,2638.0000,2638.2000,2,2,1,2,1,6,2,1,2,1
SF,IH2006,2020-04-01 09:32:35.500,2636.4000,17754,0,173064660.000,0,-,-,-,-,2635.8000,2635.2000,2635.0000,2634.2000,2634.0000,2636.6000,2636.8000,2637.0000,2637.6000,2638.0000,1,2,2,1,2,2,5,2,1,2
SF,IH2006,2020-04-01 09:32:36.000,2635.8000,17754,0,173855400.000,1,0,1,多换,S,2635.2000,2635.0000,2634.2000,2634.0000,2633.8000,2635.4000,2635.8000,2636.4000,2636.6000,2637.0000,2,2,1,2,1,2,1,5,2,2
SF,IH2006,2020-04-01 09:32:36.500,2635.2000,17752,-2,175436520.000,2,0,2,双平,S,2635.0000,2634.2000,2634.0000,2633.8000,2633.6000,2635.2000,2635.8000,2636.4000,2637.0000,2637.6000,2,1,2,1,1,1,1,5,2,1
SF,IH2006,2020-04-01 09:32:37.000,2635.0000,17751,-1,177017520.000,2,0,2,多平,S,2634.2000,2634.0000,2633.8000,2633.6000,2632.0000,2635.2000,2635.8000,2636.4000,2637.0000,2637.2000,1,2,1,1,1,1,1,5,2,1
SF,IH2006,2020-04-01 09:32:37.500,2634.2000,17749,-2,178598160.000,2,0,2,双平,S,2634.0000,2633.6000,2632.0000,2631.6000,2631.2000,2635.2000,2635.8000,2636.4000,2637.0000,2637.2000,1,1,1,2,1,1,1,5,2,1
SF,IH2006,2020-04-01 09:32:38.000,2634.2000,17749,0,178598160.000,0,-,-,-,-,2634.0000,2633.6000,2632.0000,2631.6000,2631.2000,2635.0000,2635.2000,2635.8000,2636.4000,2637.0000,1,1,1,2,1,1,1,1,5,2
SF,IH2006,2020-04-01 09:32:38.500,2634.0000,17749,0,179388360.000,1,0,1,多换,S,2633.6000,2632.0000,2631.6000,2631.2000,2631.0000,2635.0000,2635.2000,2635.8000,2636.4000,2637.0000,1,1,2,1,1,1,1,1,5,2
SF,IH2006,2020-04-01 09:32:39.000,2634.0000,17749,0,179388360.000,0,-,-,-,-,2633.8000,2633.6000,2633.4000,2632.0000,2631.6000,2634.8000,2635.0000,2635.2000,2635.8000,2636.4000,1,1,1,1,2,1,1,1,1,4
SF,IH2006,2020-04-01 09:32:39.500,2634.6000,17748,-1,180178740.000,1,0,1,双平,S,2633.6000,2633.4000,2632.0000,2631.6000,2631.2000,2635.8000,2636.4000,2637.0000,2637.6000,2638.0000,1,1,1,2,1,1,4,2,1,2
SF,IH2006,2020-04-01 09:32:40.000,2634.6000,17748,0,180178740.000,0,-,-,-,-,2633.6000,2633.4000,2632.0000,2631.6000,2631.2000,2633.8000,2635.4000,2635.6000,2635.8000,2636.4000,1,1,1,2,1,1,1,6,1,1
SF,IH2006,2020-04-01 09:32:40.500,2633.8000,17748,0,180968880.000,1,0,1,多换,S,2634.2000,2634.0000,2633.8000,2633.6000,2633.4000,2635.6000,2635.8000,2637.0000,2637.6000,2638.0000,1,1,2,1,1,5,1,2,1,2
SF,IH2006,2020-04-01 09:32:41.000,2634.2000,17747,-1,181759140.000,1,0,1,双平,S,2633.8000,2633.6000,2633.4000,2632.6000,2632.0000,2635.4000,2635.6000,2635.8000,2637.0000,2637.6000,3,1,1,1,1,3,2,1,2,1
SF,IH2006,2020-04-01 09:32:41.500,2634.2000,17747,0,181759140.000,0,-,-,-,-,2634.0000,2633.8000,2633.6000,2633.4000,2632.6000,2635.2000,2635.4000,2635.6000,2635.8000,2637.0000,1,3,1,1,1,1,2,1,1,2
SF,IH2006,2020-04-01 09:32:42.000,2634.2000,17747,0,181759140.000,0,-,-,-,-,2634.2000,2633.8000,2633.6000,2633.4000,2632.6000,2635.0000,2635.6000,2635.8000,2637.0000,2637.6000,2,2,1,1,1,1,1,1,2,1
SF,IH2006,2020-04-01 09:32:43.000,2634.2000,17746,-1,182549400.000,1,0,1,双平,S,2633.8000,2633.6000,2633.4000,2632.6000,2632.0000,2634.0000,2634.8000,2635.6000,2635.8000,2637.0000,1,1,1,1,1,2,1,1,1,2
SF,IH2006,2020-04-01 09:32:43.500,2634.0000,17744,-2,184129800.000,2,0,2,双平,S,2634.0000,2633.8000,2633.6000,2633.4000,2632.6000,2634.8000,2635.6000,2635.8000,2637.0000,2637.6000,1,1,1,1,1,1,1,1,2,1
SF,IH2006,2020-04-01 09:32:44.000,2634.0000,17744,0,184129800.000,0,-,-,-,-,2633.8000,2633.6000,2633.4000,2632.6000,2632.0000,2634.6000,2634.8000,2635.6000,2635.8000,2637.0000,1,1,2,1,1,1,1,1,1,2
SF,IH2006,2020-04-01 09:32:44.500,2634.0000,17744,0,184129800.000,0,-,-,-,-,2633.8000,2633.6000,2633.4000,2632.6000,2632.0000,2634.4000,2634.6000,2635.6000,2635.8000,2637.0000,1,1,2,1,1,1,1,1,1,2
SF,IH2006,2020-04-01 09:32:45.000,2633.8000,17743,-1,184919940.000,1,0,1,双平,S,2633.6000,2633.4000,2632.6000,2632.0000,2631.8000,2633.8000,2634.2000,2635.6000,2637.0000,2637.6000,1,2,1,1,1,1,1,1,2,1
SF,IH2006,2020-04-01 09:32:45.500,2633.6000,17742,-1,186500100.000,2,0,2,多平,S,2632.6000,2632.0000,2631.8000,2631.6000,2631.2000,2633.6000,2635.6000,2637.0000,2637.6000,2638.0000,1,1,1,2,1,2,1,2,1,2
SF,IH2006,2020-04-01 09:32:46.000,2633.6000,17742,0,186500100.000,0,-,-,-,-,2633.0000,2632.8000,2632.6000,2632.0000,2631.8000,2633.6000,2635.6000,2637.0000,2637.6000,2638.0000,1,3,1,1,1,2,1,2,1,2
SF,IH2006,2020-04-01 09:32:46.500,2633.6000,17742,0,186500100.000,0,-,-,-,-,2632.8000,2632.6000,2632.0000,2631.8000,2631.6000,2633.4000,2633.6000,2635.6000,2637.0000,2637.6000,1,1,1,1,2,1,2,1,2,1
SF,IH2006,2020-04-01 09:32:47.000,2633.6000,17742,0,187290180.000,1,0,1,多换,S,2633.4000,2632.8000,2632.6000,2632.0000,2631.8000,2633.6000,2634.2000,2635.6000,2637.0000,2637.6000,1,1,1,1,1,1,1,1,2,1
SF,IH2006,2020-04-01 09:32:47.500,2633.4000,17741,-1,188080200.000,1,0,1,双平,S,2632.8000,2632.6000,2632.0000,2631.8000,2631.6000,2634.2000,2634.8000,2635.6000,2637.0000,2637.6000,1,1,1,1,2,1,1,1,2,1
SF,IH2006,2020-04-01 09:32:48.000,2633.4000,17741,0,188080200.000,0,-,-,-,-,2632.8000,2632.6000,2632.0000,2631.8000,2631.6000,2634.2000,2634.8000,2635.4000,2635.6000,2637.0000,1,1,1,1,2,1,1,1,1,2
SF,IH2006,2020-04-01 09:32:48.500,2633.4000,17741,0,188080200.000,0,-,-,-,-,2632.8000,2632.6000,2632.0000,2631.8000,2631.6000,2634.2000,2634.8000,2635.4000,2635.6000,2636.2000,1,1,1,1,2,1,1,1,1,1
SF,IH2006,2020-04-01 09:32:49.000,2634.0000,17740,-1,188870400.000,1,0,1,双平,S,2632.6000,2632.0000,2631.8000,2631.6000,2631.2000,2634.2000,2634.8000,2635.4000,2635.6000,2636.2000,1,1,1,2,2,1,1,1,1,1
SF,IH2006,2020-04-01 09:32:49.500,2634.0000,17740,0,188870400.000,0,-,-,-,-,2632.6000,2632.0000,2631.8000,2631.6000,2631.2000,2634.0000,2634.2000,2634.8000,2635.4000,2635.6000,1,1,1,2,2,1,1,1,1,1
SF,IH2006,2020-04-01 09:32:50.500,2632.0000,17740,0,190449780.000,2,1,1,多换,S,2633.6000,2631.8000,2631.6000,2631.2000,2631.0000,2634.0000,2634.2000,2634.8000,2635.4000,2635.6000,1,1,2,2,1,1,1,1,1,1
SF,IH2006,2020-04-01 09:32:51.000,2633.6000,17739,-1,191239860.000,1,0,1,双平,S,2631.8000,2631.6000,2631.2000,2631.0000,2630.4000,2633.6000,2634.2000,2634.8000,2635.4000,2635.6000,1,2,1,1,1,3,1,1,1,1
SF,IH2006,2020-04-01 09:32:51.500,2633.6000,17739,0,192820020.000,2,1,1,多换,S,2632.8000,2632.0000,2631.8000,2631.6000,2631.2000,2634.2000,2634.8000,2635.4000,2637.0000,2637.6000,1,13,1,7,1,1,1,1,2,1
SF,IH2006,2020-04-01 09:32:52.000,2633.6000,17739,0,192820020.000,0,-,-,-,-,2633.0000,2632.0000,2631.8000,2631.6000,2631.2000,2634.2000,2634.8000,2635.4000,2637.0000,2637.6000,1,11,1,7,1,1,1,1,2,1
SF,IH2006,2020-04-01 09:32:52.500,2633.6000,17739,0,192820020.000,0,-,-,-,-,2633.2000,2633.0000,2632.0000,2631.8000,2631.6000,2634.2000,2634.8000,2635.4000,2637.0000,2637.6000,2,1,10,1,7,1,1,1,2,1
SF,IH2006,2020-04-01 09:32:53.000,2633.6000,17739,0,192820020.000,0,-,-,-,-,2633.6000,2633.2000,2633.0000,2632.0000,2631.8000,2634.2000,2634.8000,2635.4000,2637.0000,2637.6000,2,2,1,10,1,1,1,1,2,1
SF,IH2006,2020-04-01 09:32:53.500,2633.6000,17739,0,192820020.000,0,-,-,-,-,2633.6000,2633.4000,2633.2000,2633.0000,2632.0000,2634.2000,2634.8000,2635.4000,2637.0000,2637.6000,1,1,2,1,9,1,1,1,2,1
SF,IH2006,2020-04-01 09:32:54.000,2633.6000,17739,0,192820020.000,0,-,-,-,-,2633.6000,2633.4000,2633.2000,2633.0000,2632.0000,2633.8000,2634.8000,2635.4000,2637.0000,2637.6000,1,1,2,1,9,1,1,1,2,1
SF,IH2006,2020-04-01 09:32:54.500,2633.8000,17738,-1,193610160.000,1,0,1,双平,S,2634.2000,2634.0000,2633.8000,2633.6000,2633.4000,2634.8000,2635.4000,2637.0000,2637.6000,2638.0000,2,2,1,2,1,1,1,2,1,2
SF,IH2006,2020-04-01 09:32:55.000,2633.8000,17738,0,193610160.000,0,-,-,-,-,2634.2000,2634.0000,2633.8000,2633.6000,2633.4000,2634.8000,2635.4000,2637.0000,2637.6000,2638.0000,2,2,1,1,1,1,1,2,1,2
SF,IH2006,2020-04-01 09:32:55.500,2634.8000,17737,-1,194400600.000,1,0,1,双平,S,2634.2000,2634.0000,2633.8000,2633.6000,2633.4000,2635.4000,2637.0000,2637.6000,2638.0000,2638.2000,2,2,1,1,1,1,2,1,2,1
SF,IH2006,2020-04-01 09:32:56.500,2634.8000,17737,0,194400600.000,0,-,-,-,-,2634.4000,2634.2000,2634.0000,2633.8000,2633.6000,2635.4000,2637.0000,2637.6000,2638.0000,2638.2000,1,2,2,1,1,1,2,1,2,1
SF,IH2006,2020-04-01 09:32:57.000,2634.8000,17737,0,194400600.000,0,-,-,-,-,2634.4000,2634.2000,2634.0000,2633.6000,2633.4000,2635.4000,2637.0000,2637.6000,2638.0000,2638.2000,1,2,2,1,1,1,2,1,2,1
SF,IH2006,2020-04-01 09:32:57.500,2634.8000,17737,0,194400600.000,0,-,-,-,-,2634.4000,2634.2000,2634.0000,2633.6000,2633.4000,2635.4000,2637.0000,2637.6000,2638.0000,2638.2000,1,2,2,1,1,1,2,1,2,1
SF,IH2006,2020-04-01 09:33:00.500,2634.8000,17737,0,194400600.000,0,-,-,-,-,2634.4000,2634.2000,2634.0000,2633.6000,2633.4000,2634.8000,2637.0000,2637.6000,2638.0000,2638.2000,1,2,2,1,1,1,2,1,2,1
SF,IH2006,2020-04-01 09:33:01.000,2634.8000,17737,0,195191040.000,1,0,1,多换,S,2634.4000,2634.2000,2634.0000,2633.6000,2633.4000,2637.0000,2637.6000,2638.0000,2638.2000,2638.6000,1,2,2,1,1,2,1,2,1,1
SF,IH2006,2020-04-01 09:33:01.500,2634.8000,17737,0,195191040.000,0,-,-,-,-,2634.6000,2634.2000,2634.0000,2633.6000,2633.4000,2636.4000,2636.8000,2637.0000,2637.6000,2638.0000,2,2,2,1,1,2,11,5,1,2
SF,IH2006,2020-04-01 09:33:02.000,2634.8000,17737,0,195191040.000,0,-,-,-,-,2634.6000,2634.2000,2634.0000,2633.6000,2633.4000,2636.2000,2636.4000,2636.8000,2637.0000,2637.6000,1,2,2,1,1,4,2,7,3,1
SF,IH2006,2020-04-01 09:33:02.500,2634.8000,17737,0,195191040.000,0,-,-,-,-,2634.2000,2634.0000,2633.6000,2633.4000,2633.0000,2636.2000,2636.8000,2637.0000,2637.6000,2638.0000,2,2,1,1,1,4,6,2,1,2
SF,IH2006,2020-04-01 09:33:03.000,2634.8000,17737,0,195191040.000,0,-,-,-,-,2634.4000,2634.2000,2634.0000,2633.6000,2633.4000,2636.0000,2636.2000,2636.8000,2637.0000,2637.6000,2,2,2,1,1,1,4,4,2,1
SF,IH2006,2020-04-01 09:33:03.500,2634.8000,17737,0,195191040.000,0,-,-,-,-,2634.2000,2634.0000,2633.6000,2633.4000,2633.0000,2635.8000,2636.0000,2636.8000,2637.0000,2637.6000,2,2,1,1,1,4,1,4,2,1
SF,IH2006,2020-04-01 09:33:04.500,2634.8000,17737,0,195191040.000,0,-,-,-,-,2634.2000,2634.0000,2633.6000,2633.4000,2633.0000,2635.6000,2635.8000,2636.8000,2637.0000,2637.6000,2,2,1,1,1,1,4,4,2,1
SF,IH2006,2020-04-01 09:33:05.000,2634.8000,17737,0,195191040.000,0,-,-,-,-,2634.2000,2634.0000,2633.6000,2633.4000,2633.0000,2635.4000,2635.6000,2636.8000,2637.0000,2637.6000,2,2,1,1,1,4,1,4,2,1
SF,IH2006,2020-04-01 09:33:05.500,2634.8000,17737,0,195191040.000,0,-,-,-,-,2634.6000,2634.4000,2634.2000,2634.0000,2633.6000,2635.2000,2636.8000,2637.0000,2637.6000,2638.0000,1,3,2,3,1,1,4,2,1,2
SF,IH2006,2020-04-01 09:33:06.000,2634.6000,17736,-1,195981420.000,1,0,1,双平,S,2634.2000,2634.0000,2633.6000,2633.4000,2633.0000,2634.6000,2635.2000,2636.8000,2637.0000,2637.6000,2,2,1,1,1,1,1,4,2,1
SF,IH2006,2020-04-01 09:33:06.500,2634.2000,17735,-1,196771680.000,1,0,1,双平,S,2634.2000,2634.0000,2633.6000,2633.0000,2632.0000,2634.6000,2636.8000,2637.0000,2637.6000,2638.0000,1,2,1,1,7,1,4,2,1,2
SF,IH2006,2020-04-01 09:33:07.500,2634.2000,17734,-1,197561940.000,1,0,1,双平,S,2634.0000,2633.6000,2633.0000,2632.0000,2631.6000,2634.6000,2636.8000,2637.0000,2637.6000,2638.0000,2,1,1,7,7,1,4,2,1,2
SF,IH2006,2020-04-01 09:33:08.500,2634.0000,17734,0,198352140.000,1,0,1,多换,S,2633.6000,2633.0000,2632.0000,2631.6000,2631.2000,2636.8000,2637.0000,2637.6000,2638.0000,2638.2000,1,1,7,7,1,4,2,1,2,1
SF,IH2006,2020-04-01 09:33:09.000,2634.0000,17734,0,198352140.000,0,-,-,-,-,2633.6000,2633.0000,2632.0000,2631.6000,2631.2000,2635.2000,2636.0000,2636.2000,2636.4000,2636.6000,1,1,7,7,1,1,1,3,1,7
SF,IH2006,2020-04-01 09:33:09.500,2634.0000,17734,0,198352140.000,0,-,-,-,-,2633.6000,2633.0000,2632.0000,2631.6000,2631.2000,2635.2000,2636.0000,2636.4000,2636.6000,2636.8000,1,1,7,7,1,1,1,1,5,5
SF,IH2006,2020-04-01 09:33:10.000,2634.0000,17734,0,198352140.000,0,-,-,-,-,2633.6000,2633.0000,2632.0000,2631.6000,2631.2000,2635.0000,2636.0000,2636.4000,2636.6000,2636.8000,1,1,7,7,1,1,1,1,4,6
SF,IH2006,2020-04-01 09:33:11.000,2634.0000,17734,0,198352140.000,0,-,-,-,-,2633.6000,2633.0000,2632.0000,2631.6000,2631.2000,2636.0000,2636.4000,2636.6000,2636.8000,2637.0000,1,1,7,7,1,1,1,4,6,2
SF,IH2006,2020-04-01 09:33:11.500,2634.0000,17734,0,198352140.000,0,-,-,-,-,2633.8000,2633.6000,2633.4000,2633.0000,2632.0000,2635.8000,2636.4000,2636.6000,2636.8000,2637.0000,1,1,4,1,6,5,1,2,16,2
SF,IH2006,2020-04-01 09:33:12.000,2634.0000,17734,0,198352140.000,0,-,-,-,-,2633.6000,2633.0000,2632.0000,2631.6000,2631.2000,2635.8000,2636.4000,2636.6000,2636.8000,2637.0000,1,1,6,7,1,4,1,2,16,2
SF,IH2006,2020-04-01 09:33:12.500,2633.6000,17734,0,199142220.000,1,0,1,多换,S,2632.0000,2631.6000,2631.2000,2631.0000,2630.4000,2635.6000,2635.8000,2636.4000,2636.6000,2636.8000,6,7,1,1,1,1,4,1,2,16
SF,IH2006,2020-04-01 09:33:13.000,2633.6000,17734,0,199142220.000,0,-,-,-,-,2632.6000,2632.4000,2632.2000,2632.0000,2631.6000,2635.4000,2635.6000,2636.4000,2636.6000,2636.8000,1,4,6,9,7,4,1,1,2,16
SF,IH2006,2020-04-01 09:33:13.500,2633.6000,17734,0,199142220.000,0,-,-,-,-,2634.0000,2633.4000,2633.0000,2632.8000,2632.6000,2635.4000,2635.6000,2636.4000,2636.6000,2636.8000,1,3,1,3,2,4,1,1,2,16
SF,IH2006,2020-04-01 09:33:14.000,2633.6000,17734,0,199142220.000,0,-,-,-,-,2632.8000,2632.6000,2632.2000,2632.0000,2631.6000,2634.0000,2635.4000,2635.6000,2636.4000,2636.6000,2,2,3,6,7,1,4,1,1,2
SF,IH2006,2020-04-01 09:33:14.500,2634.0000,17734,0,199932420.000,1,0,1,多换,S,2633.6000,2633.4000,2633.2000,2633.0000,2632.8000,2635.4000,2635.6000,2636.4000,2636.6000,2636.8000,1,1,1,4,3,4,1,1,2,16
SF,IH2006,2020-04-01 09:33:15.000,2634.0000,17734,0,199932420.000,0,-,-,-,-,2633.8000,2632.8000,2632.6000,2632.2000,2632.0000,2635.4000,2635.6000,2636.4000,2636.6000,2636.8000,1,2,1,3,6,4,1,1,2,16
SF,IH2006,2020-04-01 09:33:17.000,2635.4000,17734,0,200723040.000,1,0,1,多换,S,2633.8000,2632.8000,2632.6000,2632.2000,2632.0000,2635.4000,2635.6000,2636.4000,2636.6000,2636.8000,1,2,1,3,6,3,1,1,2,16
SF,IH2006,2020-04-01 09:33:17.500,2635.4000,17734,0,200723040.000,0,-,-,-,-,2632.8000,2632.6000,2632.2000,2632.0000,2631.6000,2635.4000,2635.6000,2636.4000,2636.6000,2636.8000,2,1,3,6,7,3,1,1,2,16
SF,IH2006,2020-04-01 09:33:18.000,2635.4000,17734,0,200723040.000,0,-,-,-,-,2633.2000,2633.0000,2632.8000,2632.6000,2632.2000,2635.2000,2635.4000,2635.6000,2636.4000,2636.6000,2,3,2,1,3,1,3,1,1,2
SF,IH2006,2020-04-01 09:33:18.500,2635.4000,17734,0,200723040.000,0,-,-,-,-,2633.4000,2633.0000,2632.8000,2632.6000,2632.2000,2635.0000,2635.2000,2636.4000,2636.6000,2636.8000,4,1,2,1,3,3,1,1,2,16
SF,IH2006,2020-04-01 09:33:19.000,2635.0000,17731,-3,203094540.000,3,0,3,双平,S,2633.6000,2633.4000,2632.8000,2632.6000,2632.2000,2636.4000,2636.6000,2636.8000,2637.0000,2637.6000,5,3,2,1,3,1,2,16,2,2
SF,IH2006,2020-04-01 09:33:19.500,2636.2000,17731,0,203885400.000,1,0,1,多换,S,2633.8000,2633.6000,2633.4000,2632.8000,2632.2000,2636.2000,2636.4000,2636.6000,2636.8000,2637.0000,6,2,4,2,3,6,1,1,17,2
SF,IH2006,2020-04-01 09:33:20.000,2636.2000,17731,0,203885400.000,0,-,-,-,-,2634.0000,2633.8000,2633.4000,2632.8000,2632.2000,2636.0000,2636.2000,2636.4000,2636.6000,2636.8000,4,6,3,2,3,1,4,1,1,17
SF,IH2006,2020-04-01 09:33:20.500,2636.2000,17731,0,203885400.000,0,-,-,-,-,2634.2000,2634.0000,2633.8000,2633.4000,2632.8000,2636.0000,2636.2000,2636.4000,2636.6000,2636.8000,3,2,3,3,2,1,3,1,1,17
SF,IH2006,2020-04-01 09:33:21.000,2636.2000,17731,0,203885400.000,0,-,-,-,-,2634.4000,2634.2000,2633.8000,2633.4000,2632.8000,2636.2000,2636.4000,2636.6000,2636.8000,2637.0000,2,3,2,3,2,3,1,1,17,2
SF,IH2006,2020-04-01 09:33:21.500,2636.2000,17731,0,203885400.000,0,-,-,-,-,2634.6000,2634.4000,2634.2000,2633.8000,2633.4000,2636.2000,2636.4000,2636.6000,2636.8000,2637.0000,1,2,2,2,3,3,1,1,17,2
SF,IH2006,2020-04-01 09:33:22.000,2636.2000,17731,0,203885400.000,0,-,-,-,-,2634.6000,2634.4000,2634.2000,2633.4000,2632.8000,2636.2000,2636.4000,2636.6000,2636.8000,2637.0000,1,2,2,1,2,4,1,1,17,2
SF,IH2006,2020-04-01 09:33:22.500,2634.6000,17730,-1,204675780.000,1,0,1,双平,S,2634.4000,2634.2000,2633.4000,2632.8000,2632.2000,2636.0000,2636.2000,2636.4000,2636.6000,2636.8000,2,2,1,2,3,2,3,1,1,17
SF,IH2006,2020-04-01 09:33:23.000,2634.6000,17730,0,204675780.000,0,-,-,-,-,2634.2000,2633.4000,2632.8000,2632.2000,2632.0000,2635.8000,2636.0000,2636.2000,2636.4000,2636.6000,2,1,2,3,6,2,2,1,1,1
SF,IH2006,2020-04-01 09:33:23.500,2634.6000,17730,0,204675780.000,0,-,-,-,-,2634.2000,2633.4000,2632.8000,2632.2000,2632.0000,2635.6000,2635.8000,2636.0000,2636.2000,2636.4000,1,1,2,3,6,1,2,1,1,1
SF,IH2006,2020-04-01 09:33:25.000,2634.6000,17730,0,204675780.000,0,-,-,-,-,2633.4000,2632.8000,2632.2000,2632.0000,2631.6000,2635.6000,2635.8000,2636.0000,2636.2000,2636.4000,1,2,3,6,7,1,2,1,1,1
SF,IH2006,2020-04-01 09:33:25.500,2635.6000,17729,-1,205466460.000,1,0,1,双平,S,2633.6000,2633.4000,2632.8000,2632.2000,2632.0000,2635.8000,2636.0000,2636.2000,2636.4000,2636.6000,6,3,2,3,6,3,1,1,1,1
SF,IH2006,2020-04-01 09:33:26.000,2635.6000,17729,0,205466460.000,0,-,-,-,-,2633.6000,2633.4000,2632.8000,2632.2000,2632.0000,2635.8000,2636.0000,2636.2000,2636.4000,2636.6000,6,1,2,3,6,3,1,1,1,1
SF,IH2006,2020-04-01 09:33:26.500,2635.6000,17729,0,205466460.000,0,-,-,-,-,2633.6000,2633.4000,2632.8000,2632.2000,2632.0000,2635.8000,2636.0000,2636.2000,2636.4000,2636.6000,5,1,2,3,6,3,1,1,1,1
SF,IH2006,2020-04-01 09:33:27.000,2635.6000,17729,0,205466460.000,0,-,-,-,-,2633.6000,2633.4000,2632.8000,2632.2000,2632.0000,2635.8000,2636.2000,2636.4000,2636.6000,2636.8000,5,1,2,3,6,3,1,1,1,17
SF,IH2006,2020-04-01 09:33:27.500,2635.6000,17729,0,205466460.000,0,-,-,-,-,2633.8000,2633.6000,2633.4000,2632.8000,2632.2000,2635.8000,2636.2000,2636.4000,2636.6000,2636.8000,3,5,3,2,3,3,1,1,1,17
SF,IH2006,2020-04-01 09:33:28.000,2635.6000,17729,0,205466460.000,0,-,-,-,-,2634.0000,2633.8000,2633.6000,2633.4000,2632.8000,2635.8000,2636.2000,2636.4000,2636.8000,2637.0000,7,3,1,3,2,3,1,1,17,2
SF,IH2006,2020-04-01 09:33:28.500,2635.6000,17729,0,205466460.000,0,-,-,-,-,2634.2000,2634.0000,2633.8000,2633.4000,2632.8000,2635.6000,2635.8000,2636.2000,2636.4000,2636.8000,2,7,3,3,2,1,3,1,1,17
SF,IH2006,2020-04-01 09:33:29.000,2635.6000,17728,-1,206257140.000,1,0,1,双平,S,2634.4000,2634.2000,2634.0000,2633.8000,2633.4000,2635.8000,2636.2000,2636.4000,2636.8000,2637.0000,5,2,2,2,3,3,1,1,17,2
SF,IH2006,2020-04-01 09:33:29.500,2635.6000,17728,0,206257140.000,0,-,-,-,-,2634.6000,2634.4000,2634.2000,2634.0000,2633.8000,2635.6000,2635.8000,2636.2000,2636.4000,2636.8000,1,4,1,2,2,1,1,1,1,17
SF,IH2006,2020-04-01 09:33:30.000,2635.6000,17728,0,206257140.000,0,-,-,-,-,2634.8000,2634.6000,2634.4000,2634.2000,2633.8000,2635.8000,2636.2000,2636.4000,2636.8000,2637.0000,2,1,2,1,2,1,1,1,17,2
SF,IH2006,2020-04-01 09:33:31.500,2635.6000,17728,0,206257140.000,0,-,-,-,-,2634.8000,2634.6000,2634.4000,2634.2000,2633.8000,2635.8000,2636.0000,2636.2000,2636.4000,2636.8000,2,1,2,1,2,3,1,1,1,17
SF,IH2006,2020-04-01 09:33:32.500,2635.6000,17728,0,206257140.000,0,-,-,-,-,2634.8000,2634.6000,2634.4000,2634.2000,2633.8000,2635.8000,2636.0000,2636.2000,2636.4000,2636.8000,2,1,2,1,2,3,1,1,1,16
SF,IH2006,2020-04-01 09:33:35.500,2635.6000,17728,0,206257140.000,0,-,-,-,-,2635.0000,2634.8000,2634.4000,2634.2000,2633.8000,2635.8000,2636.0000,2636.2000,2636.4000,2636.8000,1,2,2,1,2,3,1,1,1,16
SF,IH2006,2020-04-01 09:33:36.000,2635.6000,17728,0,206257140.000,0,-,-,-,-,2635.2000,2635.0000,2634.8000,2634.4000,2634.2000,2635.8000,2636.0000,2636.2000,2636.4000,2636.8000,1,1,1,2,1,3,1,1,1,16
SF,IH2006,2020-04-01 09:33:36.500,2635.6000,17728,0,206257140.000,0,-,-,-,-,2635.4000,2635.2000,2634.8000,2634.4000,2634.2000,2635.8000,2636.0000,2636.2000,2636.4000,2636.8000,1,1,1,2,1,3,1,1,1,16
SF,IH2006,2020-04-01 09:33:37.500,2635.6000,17728,0,206257140.000,0,-,-,-,-,2635.2000,2634.8000,2634.4000,2634.2000,2633.8000,2635.8000,2636.0000,2636.2000,2636.4000,2636.8000,1,1,2,1,2,3,1,1,1,16
SF,IH2006,2020-04-01 09:33:38.000,2635.6000,17728,0,206257140.000,0,-,-,-,-,2635.4000,2635.2000,2634.8000,2634.4000,2634.2000,2635.8000,2636.0000,2636.2000,2636.4000,2636.8000,1,1,1,2,1,3,1,1,1,16
SF,IH2006,2020-04-01 09:33:38.500,2635.6000,17728,0,206257140.000,0,-,-,-,-,2635.6000,2635.4000,2634.8000,2634.4000,2634.2000,2635.8000,2636.0000,2636.2000,2636.4000,2636.8000,1,1,1,2,1,13,1,1,1,16
SF,IH2006,2020-04-01 09:33:39.000,2635.8000,17727,-1,211792260.000,7,3,4,多平,S,2635.4000,2634.8000,2634.4000,2634.2000,2633.8000,2635.8000,2636.0000,2636.2000,2636.4000,2636.8000,1,1,2,1,2,7,1,1,1,16
SF,IH2006,2020-04-01 09:33:39.500,2635.8000,17727,0,211792260.000,0,-,-,-,-,2635.4000,2634.8000,2634.4000,2634.2000,2633.8000,2635.6000,2635.8000,2636.0000,2636.2000,2636.4000,1,1,2,1,2,1,7,1,1,1
SF,IH2006,2020-04-01 09:33:40.000,2634.8000,17726,-1,214954740.000,4,1,3,多平,S,2634.4000,2634.2000,2633.8000,2633.4000,2632.8000,2635.8000,2636.0000,2636.2000,2636.4000,2636.8000,2,1,2,2,2,6,1,1,1,16
SF,IH2006,2020-04-01 09:33:40.500,2634.8000,17726,0,214954740.000,0,-,-,-,-,2634.6000,2634.4000,2634.2000,2633.8000,2633.4000,2635.8000,2636.0000,2636.2000,2636.4000,2636.8000,6,2,1,2,2,6,1,1,1,16
SF,IH2006,2020-04-01 09:33:41.000,2634.8000,17726,0,214954740.000,0,-,-,-,-,2634.8000,2634.6000,2634.2000,2633.8000,2633.4000,2635.8000,2636.0000,2636.2000,2636.4000,2636.8000,6,5,1,2,2,6,1,1,1,16
SF,IH2006,2020-04-01 09:33:41.500,2634.8000,17726,0,214954740.000,0,-,-,-,-,2635.0000,2634.8000,2634.6000,2634.2000,2633.8000,2635.8000,2636.0000,2636.2000,2636.4000,2636.8000,2,6,3,1,2,6,1,1,1,16
SF,IH2006,2020-04-01 09:33:42.000,2634.8000,17726,0,214954740.000,0,-,-,-,-,2635.2000,2635.0000,2634.8000,2634.6000,2634.2000,2635.8000,2636.0000,2636.2000,2636.4000,2636.8000,2,2,2,3,1,6,1,1,1,16
SF,IH2006,2020-04-01 09:33:42.500,2635.8000,17728,2,218908440.000,5,3,2,空开,S,2635.4000,2635.2000,2635.0000,2634.8000,2634.6000,2635.8000,2636.0000,2636.2000,2636.4000,2636.8000,1,2,1,2,3,1,1,1,1,12
SF,IH2006,2020-04-01 09:33:43.000,2636.2000,17726,-2,221280840.000,3,0,3,多平,S,2636.0000,2635.8000,2635.6000,2635.2000,2634.8000,2636.4000,2636.8000,2637.0000,2637.6000,2638.0000,3,2,3,4,1,1,12,2,2,2
SF,IH2006,2020-04-01 09:33:43.500,2636.8000,17726,0,222862800.000,2,1,1,多换,S,2636.4000,2636.0000,2635.8000,2635.6000,2635.2000,2636.8000,2637.0000,2637.6000,2637.8000,2638.0000,1,1,2,2,2,11,2,2,2,2
SF,IH2006,2020-04-01 09:33:44.000,2636.4000,17725,-1,223653720.000,1,0,1,双平,S,2636.0000,2635.8000,2635.6000,2635.2000,2634.8000,2636.4000,2636.8000,2637.0000,2637.6000,2637.8000,1,2,2,2,1,1,12,2,2,2
SF,IH2006,2020-04-01 09:33:44.500,2636.4000,17725,0,223653720.000,0,-,-,-,-,2636.4000,2635.6000,2635.2000,2634.8000,2634.6000,2636.8000,2637.0000,2637.6000,2637.8000,2638.0000,3,2,2,1,1,12,2,2,2,2
SF,IH2006,2020-04-01 09:33:45.000,2636.8000,17724,-1,227608860.000,5,2,3,多平,S,2636.4000,2635.6000,2635.2000,2634.8000,2634.6000,2636.8000,2637.0000,2637.6000,2637.8000,2638.0000,2,2,2,1,1,7,2,2,2,2
SF,IH2006,2020-04-01 09:33:45.500,2636.8000,17724,0,231564060.000,5,2,3,多换,S,2636.6000,2636.4000,2636.2000,2635.6000,2635.2000,2636.8000,2637.0000,2637.6000,2637.8000,2638.0000,5,2,2,2,2,2,2,2,2,2
SF,IH2006,2020-04-01 09:33:46.000,2637.0000,17722,-2,234728340.000,4,1,3,多平,S,2636.8000,2636.6000,2636.2000,2635.6000,2635.2000,2637.6000,2637.8000,2638.0000,2638.2000,2639.0000,2,1,1,2,2,2,2,2,1,3
SF,IH2006,2020-04-01 09:33:46.500,2637.0000,17722,0,234728340.000,0,-,-,-,-,2637.0000,2636.8000,2636.2000,2635.6000,2635.2000,2637.6000,2637.8000,2638.0000,2638.2000,2639.0000,1,4,1,1,2,2,2,2,1,3
SF,IH2006,2020-04-01 09:33:47.000,2637.0000,17722,0,234728340.000,0,-,-,-,-,2636.8000,2636.2000,2635.6000,2635.2000,2634.6000,2637.4000,2637.6000,2637.8000,2638.0000,2638.2000,3,1,1,2,1,1,2,2,2,1
SF,IH2006,2020-04-01 09:33:48.000,2636.8000,17721,-1,235519380.000,1,0,1,双平,S,2636.8000,2636.2000,2635.6000,2635.2000,2634.6000,2637.4000,2637.6000,2637.8000,2638.0000,2638.2000,2,1,1,2,1,1,2,2,2,1
SF,IH2006,2020-04-01 09:33:48.500,2636.8000,17721,0,235519380.000,0,-,-,-,-,2637.0000,2636.8000,2636.2000,2635.6000,2635.2000,2637.4000,2637.6000,2637.8000,2638.0000,2638.2000,1,3,1,1,2,1,2,2,2,1
SF,IH2006,2020-04-01 09:33:49.000,2636.8000,17721,0,235519380.000,0,-,-,-,-,2636.8000,2635.6000,2635.2000,2634.6000,2633.8000,2637.0000,2637.4000,2637.6000,2637.8000,2638.0000,3,1,2,1,2,1,1,2,2,2
SF,IH2006,2020-04-01 09:33:49.500,2636.8000,17721,0,235519380.000,0,-,-,-,-,2636.8000,2635.6000,2635.2000,2634.6000,2633.8000,2637.4000,2637.6000,2637.8000,2638.0000,2638.2000,1,1,2,1,2,1,2,2,2,1
SF,IH2006,2020-04-01 09:33:50.500,2636.8000,17721,0,235519380.000,0,-,-,-,-,2636.8000,2635.6000,2635.2000,2634.6000,2633.8000,2637.0000,2637.4000,2637.6000,2637.8000,2638.0000,2,1,2,1,2,1,1,2,2,2
SF,IH2006,2020-04-01 09:33:51.000,2637.0000,17720,-1,236310480.000,1,0,1,双平,S,2636.8000,2635.6000,2635.2000,2634.6000,2633.8000,2637.4000,2637.6000,2637.8000,2638.0000,2638.2000,2,1,2,1,2,1,2,2,2,1
SF,IH2006,2020-04-01 09:33:51.500,2637.0000,17720,0,236310480.000,0,-,-,-,-,2637.0000,2636.8000,2635.6000,2635.2000,2634.6000,2637.4000,2637.6000,2637.8000,2638.0000,2638.2000,1,2,1,2,1,1,2,2,2,1
SF,IH2006,2020-04-01 09:33:52.000,2637.0000,17720,0,236310480.000,0,-,-,-,-,2637.0000,2635.6000,2635.2000,2634.6000,2633.8000,2637.4000,2637.6000,2638.0000,2638.2000,2639.0000,1,1,2,1,2,1,2,2,1,3
SF,IH2006,2020-04-01 09:33:52.500,2637.0000,17719,-1,237101580.000,1,0,1,双平,S,2635.6000,2635.2000,2634.6000,2633.8000,2633.4000,2637.0000,2637.4000,2637.6000,2638.0000,2638.2000,1,2,1,2,1,1,1,2,2,1
SF,IH2006,2020-04-01 09:33:53.000,2637.0000,17719,0,237101580.000,0,-,-,-,-,2636.8000,2636.4000,2636.2000,2636.0000,2635.8000,2637.0000,2637.4000,2637.6000,2638.0000,2638.2000,2,3,3,3,11,1,1,2,2,1
SF,IH2006,2020-04-01 09:33:53.500,2637.0000,17717,-2,239474760.000,3,0,3,多平,S,2636.2000,2636.0000,2635.8000,2635.6000,2634.6000,2637.4000,2637.6000,2638.0000,2638.2000,2639.0000,1,2,6,3,1,1,2,2,1,3
SF,IH2006,2020-04-01 09:33:54.000,2637.0000,17717,0,239474760.000,0,-,-,-,-,2636.4000,2636.2000,2636.0000,2635.8000,2635.6000,2637.6000,2638.0000,2638.2000,2639.0000,2639.8000,6,1,1,2,1,2,2,1,3,1
SF,IH2006,2020-04-01 09:33:54.500,2637.0000,17717,0,239474760.000,0,-,-,-,-,2636.6000,2636.4000,2636.2000,2636.0000,2635.8000,2637.6000,2638.0000,2638.2000,2639.0000,2639.8000,1,5,1,1,2,2,2,1,3,1
SF,IH2006,2020-04-01 09:33:55.000,2637.0000,17717,0,239474760.000,0,-,-,-,-,2636.8000,2636.6000,2636.4000,2636.2000,2636.0000,2637.6000,2638.0000,2638.2000,2639.0000,2639.8000,4,1,1,1,1,2,2,1,3,1
SF,IH2006,2020-04-01 09:33:55.500,2637.0000,17717,0,239474760.000,0,-,-,-,-,2636.8000,2636.4000,2636.2000,2636.0000,2635.8000,2637.6000,2638.0000,2638.2000,2639.0000,2639.8000,5,1,1,1,2,2,2,1,3,1
SF,IH2006,2020-04-01 09:33:56.000,2637.0000,17717,0,239474760.000,0,-,-,-,-,2636.8000,2636.4000,2636.2000,2636.0000,2635.8000,2637.6000,2638.0000,2638.2000,2639.0000,2639.8000,4,1,1,1,2,2,2,1,3,1
SF,IH2006,2020-04-01 09:33:56.500,2637.6000,17717,0,240266040.000,1,0,1,多换,S,2637.0000,2636.8000,2636.4000,2636.2000,2636.0000,2637.6000,2638.0000,2638.2000,2639.0000,2639.8000,3,4,1,1,1,1,2,1,3,1
SF,IH2006,2020-04-01 09:33:57.000,2637.2000,17716,-1,241057200.000,1,0,1,双平,S,2637.2000,2637.0000,2636.8000,2636.4000,2636.2000,2637.6000,2638.0000,2638.2000,2639.0000,2639.8000,2,4,1,1,1,1,2,1,3,1
SF,IH2006,2020-04-01 09:33:57.500,2637.2000,17716,0,241057200.000,0,-,-,-,-,2637.2000,2637.0000,2636.8000,2636.4000,2636.2000,2637.6000,2638.0000,2638.2000,2639.0000,2639.8000,2,3,1,1,1,1,2,1,3,1
SF,IH2006,2020-04-01 09:33:59.000,2637.6000,17716,0,241848480.000,1,0,1,多换,S,2637.8000,2637.6000,2637.4000,2637.2000,2637.0000,2638.0000,2638.2000,2639.0000,2639.8000,2640.0000,1,3,1,5,3,2,1,3,1,1
SF,IH2006,2020-04-01 09:33:59.500,2637.6000,17713,-3,245013600.000,4,0,4,多平,S,2637.2000,2636.8000,2636.4000,2636.0000,2635.8000,2638.0000,2638.2000,2639.0000,2639.8000,2640.0000,2,1,1,1,2,2,1,3,1,1
SF,IH2006,2020-04-01 09:34:00.000,2637.2000,17711,-2,246595920.000,2,0,2,双平,S,2636.8000,2636.4000,2636.0000,2635.8000,2635.6000,2637.8000,2638.0000,2638.2000,2639.0000,2639.8000,1,1,1,2,1,1,2,1,3,1
SF,IH2006,2020-04-01 09:34:00.500,2637.8000,17711,0,247387260.000,1,0,1,多换,S,2637.0000,2636.4000,2636.0000,2635.8000,2635.6000,2638.0000,2638.2000,2639.0000,2639.8000,2640.0000,2,1,1,2,1,2,1,3,1,1
SF,IH2006,2020-04-01 09:34:01.500,2637.0000,17710,-1,248178360.000,1,0,1,双平,S,2637.0000,2636.4000,2636.0000,2635.8000,2635.6000,2638.0000,2638.2000,2639.0000,2639.8000,2640.0000,2,1,1,2,1,2,1,3,1,1
SF,IH2006,2020-04-01 09:34:02.000,2637.0000,17710,0,248178360.000,0,-,-,-,-,2637.2000,2637.0000,2636.4000,2636.0000,2635.8000,2638.0000,2638.2000,2639.0000,2639.8000,2640.0000,1,1,1,1,2,2,1,3,1,1
SF,IH2006,2020-04-01 09:34:02.500,2637.2000,17709,-1,248969520.000,1,0,1,双平,S,2637.2000,2636.4000,2636.0000,2635.8000,2635.6000,2638.0000,2638.2000,2639.0000,2639.8000,2640.0000,1,1,1,2,1,2,1,3,1,1
SF,IH2006,2020-04-01 09:34:03.000,2637.2000,17709,0,249760680.000,1,0,1,多换,S,2636.4000,2636.0000,2635.8000,2635.6000,2634.6000,2637.2000,2638.0000,2638.2000,2639.0000,2639.8000,1,1,2,1,1,9,2,1,3,1
SF,IH2006,2020-04-01 09:34:03.500,2637.2000,17709,0,252925320.000,4,2,2,多换,S,2636.6000,2636.4000,2636.2000,2636.0000,2635.8000,2637.2000,2638.0000,2638.2000,2639.0000,2639.8000,5,3,1,1,2,5,2,1,3,1
SF,IH2006,2020-04-01 09:34:04.000,2637.2000,17710,1,254507640.000,2,1,1,空开,S,2636.8000,2636.6000,2636.2000,2635.8000,2635.6000,2637.2000,2638.0000,2638.2000,2639.0000,2639.8000,1,8,1,2,1,3,2,1,3,1
SF,IH2006,2020-04-01 09:34:04.500,2637.2000,17711,1,256881120.000,3,2,1,空开,S,2637.0000,2636.8000,2636.6000,2636.2000,2635.8000,2638.0000,2638.2000,2639.0000,2639.8000,2640.0000,1,1,4,1,2,2,1,3,1,1
SF,IH2006,2020-04-01 09:34:05.000,2637.2000,17711,0,256881120.000,0,-,-,-,-,2637.2000,2637.0000,2636.8000,2636.6000,2636.2000,2637.8000,2638.0000,2638.2000,2639.0000,2639.8000,1,1,1,3,1,1,2,1,3,1
SF,IH2006,2020-04-01 09:34:05.500,2637.2000,17711,0,256881120.000,0,-,-,-,-,2637.2000,2637.0000,2636.8000,2636.6000,2636.2000,2637.8000,2638.0000,2638.2000,2639.0000,2639.8000,2,1,1,2,1,1,2,1,3,1
SF,IH2006,2020-04-01 09:34:06.000,2637.2000,17711,0,256881120.000,0,-,-,-,-,2637.4000,2637.2000,2637.0000,2636.8000,2636.6000,2637.8000,2638.0000,2638.2000,2639.0000,2639.8000,2,2,1,1,2,1,2,1,3,1
SF,IH2006,2020-04-01 09:34:06.500,2637.2000,17711,0,256881120.000,0,-,-,-,-,2637.4000,2637.2000,2637.0000,2636.8000,2636.6000,2637.8000,2638.0000,2638.2000,2639.0000,2639.8000,2,2,2,1,2,1,2,1,3,1
SF,IH2006,2020-04-01 09:34:07.000,2637.8000,17711,0,257672460.000,1,0,1,多换,S,2637.4000,2637.2000,2637.0000,2636.8000,2636.6000,2638.0000,2638.2000,2639.0000,2639.8000,2640.0000,2,1,2,1,2,2,1,3,1,1
SF,IH2006,2020-04-01 09:34:07.500,2637.8000,17711,0,257672460.000,0,-,-,-,-,2637.6000,2637.4000,2637.0000,2636.8000,2636.6000,2638.0000,2638.2000,2639.0000,2639.8000,2640.0000,1,2,2,1,2,2,1,3,1,1
SF,IH2006,2020-04-01 09:34:08.000,2637.8000,17711,0,257672460.000,0,-,-,-,-,2637.6000,2637.4000,2637.0000,2636.8000,2636.6000,2638.0000,2638.2000,2639.0000,2639.8000,2640.0000,1,2,1,1,2,2,1,3,1,1
SF,IH2006,2020-04-01 09:34:09.000,2638.0000,17710,-1,259255140.000,2,0,2,多平,S,2637.4000,2637.0000,2636.8000,2636.6000,2636.2000,2638.0000,2638.2000,2639.0000,2639.8000,2640.0000,2,1,1,2,1,1,1,3,1,1
SF,IH2006,2020-04-01 09:34:09.500,2638.0000,17710,0,259255140.000,0,-,-,-,-,2637.4000,2637.0000,2636.8000,2636.6000,2636.2000,2637.6000,2638.0000,2638.2000,2639.0000,2639.8000,2,1,1,2,1,2,1,1,3,1
SF,IH2006,2020-04-01 09:34:10.000,2637.6000,17709,-1,261628980.000,3,1,2,多平,S,2637.6000,2637.4000,2637.0000,2636.8000,2636.6000,2638.0000,2638.2000,2639.0000,2639.8000,2640.0000,3,2,1,1,2,1,1,3,1,1
SF,IH2006,2020-04-01 09:34:10.500,2638.0000,17708,-1,262420380.000,1,0,1,双平,S,2637.8000,2637.6000,2636.8000,2636.6000,2636.2000,2638.2000,2639.0000,2639.8000,2640.0000,2640.2000,3,3,1,2,1,1,3,1,1,1
SF,IH2006,2020-04-01 09:34:11.000,2638.0000,17708,0,262420380.000,0,-,-,-,-,2637.8000,2637.6000,2637.2000,2636.8000,2636.6000,2638.2000,2639.0000,2639.8000,2640.0000,2640.2000,3,3,1,1,2,1,3,1,1,1
SF,IH2006,2020-04-01 09:34:11.500,2638.2000,17709,1,263211840.000,1,1,0,双开,S,2637.8000,2637.6000,2637.2000,2636.8000,2636.6000,2639.0000,2639.8000,2640.0000,2640.2000,2641.0000,4,2,1,1,2,3,1,1,1,1
SF,IH2006,2020-04-01 09:34:12.000,2638.0000,17707,-2,264794640.000,2,0,2,双平,S,2638.0000,2637.8000,2637.2000,2636.6000,2635.8000,2638.8000,2639.0000,2639.8000,2640.0000,2640.2000,2,3,1,2,2,1,3,1,1,1
SF,IH2006,2020-04-01 09:34:12.500,2638.0000,17706,-1,265586040.000,1,0,1,双平,S,2638.2000,2638.0000,2637.8000,2637.2000,2636.6000,2638.6000,2638.8000,2639.0000,2639.8000,2640.0000,1,1,3,1,2,1,1,3,1,1
SF,IH2006,2020-04-01 09:34:13.000,2638.0000,17704,-2,267168900.000,2,0,2,双平,S,2637.8000,2637.2000,2636.6000,2635.8000,2635.6000,2638.6000,2638.8000,2639.0000,2639.8000,2640.0000,2,1,2,2,1,1,1,3,1,1
SF,IH2006,2020-04-01 09:34:13.500,2638.0000,17704,0,267168900.000,0,-,-,-,-,2637.8000,2637.2000,2636.6000,2636.0000,2635.8000,2638.6000,2638.8000,2639.0000,2639.8000,2640.0000,1,1,2,1,2,1,1,3,1,1
SF,IH2006,2020-04-01 09:34:14.000,2638.0000,17704,0,267168900.000,0,-,-,-,-,2637.8000,2637.2000,2636.6000,2636.0000,2635.8000,2638.2000,2638.6000,2638.8000,2639.0000,2639.8000,1,1,2,1,2,1,1,1,3,1
SF,IH2006,2020-04-01 09:34:14.500,2638.0000,17704,0,267168900.000,0,-,-,-,-,2637.2000,2636.6000,2636.0000,2635.8000,2635.6000,2638.2000,2638.8000,2639.0000,2639.8000,2640.0000,1,2,1,2,1,1,1,3,1,1
SF,IH2006,2020-04-01 09:34:15.000,2638.0000,17704,0,267168900.000,0,-,-,-,-,2638.0000,2637.8000,2637.6000,2637.4000,2637.2000,2638.2000,2639.0000,2639.8000,2640.0000,2640.2000,1,1,1,6,1,1,3,1,1,1
SF,IH2006,2020-04-01 09:34:15.500,2638.0000,17704,0,267960300.000,1,0,1,多换,S,2637.8000,2637.6000,2637.4000,2637.2000,2637.0000,2638.0000,2638.2000,2638.8000,2639.0000,2639.8000,1,1,3,1,1,1,1,1,3,1
SF,IH2006,2020-04-01 09:34:16.000,2637.8000,17703,-1,269542980.000,2,0,2,多平,S,2637.4000,2637.2000,2636.6000,2636.0000,2635.8000,2638.2000,2638.8000,2639.0000,2639.8000,2640.0000,1,1,2,1,2,1,2,3,1,1
SF,IH2006,2020-04-01 09:34:16.500,2637.4000,17702,-1,270334200.000,1,0,1,双平,S,2637.2000,2636.6000,2636.0000,2635.8000,2635.6000,2637.8000,2638.0000,2638.2000,2638.8000,2639.0000,1,2,1,2,1,1,1,1,2,3
SF,IH2006,2020-04-01 09:34:17.000,2637.2000,17701,-1,271125360.000,1,0,1,双平,S,2636.6000,2636.0000,2635.8000,2635.6000,2634.6000,2637.4000,2637.8000,2638.0000,2638.2000,2638.8000,2,1,2,1,1,1,1,1,1,2
SF,IH2006,2020-04-01 09:34:17.500,2637.2000,17701,0,271125360.000,0,-,-,-,-,2637.0000,2636.8000,2636.6000,2636.0000,2635.8000,2637.2000,2637.4000,2638.0000,2638.2000,2638.8000,1,6,2,1,2,1,1,1,1,2
SF,IH2006,2020-04-01 09:34:18.000,2637.4000,17701,0,272707740.000,2,1,1,多换,S,2636.8000,2636.6000,2636.0000,2635.8000,2635.6000,2638.0000,2638.2000,2638.8000,2639.0000,2639.8000,2,2,1,2,1,1,1,2,3,1
SF,IH2006,2020-04-01 09:34:18.500,2637.4000,17701,0,272707740.000,0,-,-,-,-,2637.4000,2636.8000,2636.6000,2636.0000,2635.8000,2637.8000,2638.0000,2638.2000,2638.8000,2639.0000,1,1,2,1,2,2,1,1,2,3
SF,IH2006,2020-04-01 09:34:19.000,2637.4000,17700,-1,275081400.000,3,1,2,多平,S,2637.4000,2636.8000,2636.6000,2636.0000,2635.8000,2637.8000,2638.0000,2638.2000,2638.8000,2639.0000,1,1,1,1,1,2,1,1,2,3
SF,IH2006,2020-04-01 09:34:19.500,2637.4000,17699,-1,275872620.000,1,0,1,双平,S,2637.0000,2636.8000,2636.6000,2636.0000,2635.8000,2638.0000,2638.2000,2638.8000,2639.0000,2639.8000,1,1,1,1,1,1,1,2,3,1
SF,IH2006,2020-04-01 09:34:20.500,2637.4000,17699,0,275872620.000,0,-,-,-,-,2637.2000,2637.0000,2636.8000,2636.6000,2636.0000,2638.0000,2638.2000,2638.8000,2639.0000,2639.8000,2,1,1,1,1,1,1,2,3,1
SF,IH2006,2020-04-01 09:34:21.000,2637.4000,17699,0,275872620.000,0,-,-,-,-,2637.2000,2636.8000,2636.6000,2636.0000,2635.8000,2638.2000,2638.8000,2639.0000,2639.8000,2640.0000,3,1,1,1,1,1,2,3,1,2
SF,IH2006,2020-04-01 09:34:21.500,2637.4000,17699,0,275872620.000,0,-,-,-,-,2637.2000,2636.8000,2636.6000,2636.0000,2635.8000,2638.2000,2638.8000,2639.0000,2639.8000,2640.0000,3,1,1,1,1,1,2,3,1,2
SF,IH2006,2020-04-01 09:34:22.500,2637.4000,17699,0,275872620.000,0,-,-,-,-,2637.4000,2637.2000,2636.8000,2636.6000,2636.0000,2637.8000,2638.2000,2638.8000,2639.0000,2639.8000,1,2,1,1,1,10,1,2,3,1
SF,IH2006,2020-04-01 09:34:23.000,2637.8000,17699,0,282203340.000,8,4,4,多换,S,2637.6000,2637.4000,2636.8000,2636.6000,2636.0000,2637.8000,2638.2000,2638.8000,2639.0000,2639.8000,1,1,1,1,1,2,1,2,3,1
SF,IH2006,2020-04-01 09:34:23.500,2637.8000,17699,0,283786020.000,2,1,1,多换,S,2637.8000,2637.6000,2637.4000,2636.8000,2636.6000,2638.2000,2638.8000,2639.0000,2639.8000,2640.0000,2,1,1,1,1,1,2,3,1,3
SF,IH2006,2020-04-01 09:34:24.000,2637.8000,17699,0,283786020.000,0,-,-,-,-,2637.8000,2637.6000,2637.4000,2636.8000,2636.6000,2638.2000,2638.8000,2639.0000,2639.8000,2640.0000,3,1,1,1,1,1,2,3,1,3
SF,IH2006,2020-04-01 09:34:24.500,2637.8000,17699,0,283786020.000,0,-,-,-,-,2637.8000,2637.6000,2636.8000,2636.6000,2636.0000,2638.2000,2638.8000,2639.0000,2639.8000,2640.0000,5,1,1,1,1,1,2,3,1,3
SF,IH2006,2020-04-01 09:34:25.000,2637.8000,17699,0,283786020.000,0,-,-,-,-,2637.8000,2637.6000,2636.8000,2636.6000,2636.0000,2638.0000,2638.2000,2638.8000,2639.0000,2639.8000,5,1,1,1,1,1,1,2,3,1
SF,IH2006,2020-04-01 09:34:26.500,2638.0000,17699,0,284577420.000,1,0,1,多换,S,2637.8000,2637.6000,2636.8000,2636.6000,2636.0000,2638.2000,2638.8000,2639.0000,2639.8000,2640.0000,5,1,1,1,1,1,2,3,1,3
SF,IH2006,2020-04-01 09:34:27.000,2638.0000,17699,0,284577420.000,0,-,-,-,-,2638.0000,2637.8000,2637.6000,2636.8000,2636.6000,2638.2000,2638.8000,2639.0000,2639.8000,2640.0000,1,3,1,1,1,1,2,3,1,3
SF,IH2006,2020-04-01 09:34:28.000,2638.2000,17699,0,285368880.000,1,0,1,多换,S,2638.0000,2637.8000,2637.6000,2636.8000,2636.6000,2638.8000,2639.0000,2639.8000,2640.0000,2640.2000,1,3,1,1,1,2,3,1,3,1
SF,IH2006,2020-04-01 09:34:28.500,2638.2000,17698,-1,286160340.000,1,0,1,双平,S,2638.0000,2637.8000,2637.6000,2636.8000,2636.6000,2638.8000,2639.0000,2639.8000,2640.0000,2640.2000,1,3,1,1,1,2,3,1,3,1
SF,IH2006,2020-04-01 09:34:30.000,2638.8000,17699,1,288534720.000,3,2,1,空开,S,2637.8000,2637.6000,2636.8000,2636.6000,2636.0000,2638.8000,2639.0000,2639.8000,2640.0000,2640.2000,1,1,1,1,1,1,3,1,3,1
SF,IH2006,2020-04-01 09:34:30.500,2638.8000,17698,-1,289326360.000,1,0,1,双平,S,2638.0000,2637.8000,2637.6000,2636.0000,2635.8000,2639.0000,2639.8000,2640.0000,2640.2000,2641.0000,4,1,3,1,1,3,1,3,1,1
SF,IH2006,2020-04-01 09:34:31.000,2638.8000,17698,0,289326360.000,0,-,-,-,-,2638.0000,2637.6000,2636.0000,2635.8000,2635.6000,2639.0000,2639.8000,2640.0000,2640.2000,2641.0000,4,3,1,1,1,3,1,3,1,1
SF,IH2006,2020-04-01 09:34:31.500,2638.8000,17698,0,289326360.000,0,-,-,-,-,2638.8000,2638.0000,2637.6000,2636.0000,2635.8000,2639.0000,2639.8000,2640.0000,2640.2000,2641.0000,1,3,3,1,1,3,1,3,1,1
SF,IH2006,2020-04-01 09:34:32.000,2638.8000,17697,-1,290118000.000,1,0,1,双平,S,2638.0000,2637.6000,2636.0000,2635.8000,2635.6000,2638.8000,2639.0000,2639.8000,2640.0000,2640.2000,2,3,1,1,1,1,3,1,3,1
SF,IH2006,2020-04-01 09:34:32.500,2639.0000,17697,0,290909700.000,1,0,1,多换,S,2638.0000,2637.6000,2636.0000,2635.8000,2635.6000,2639.0000,2639.8000,2640.0000,2640.2000,2641.0000,2,3,1,1,1,2,1,3,1,1
SF,IH2006,2020-04-01 09:34:33.000,2639.0000,17697,0,290909700.000,0,-,-,-,-,2638.2000,2638.0000,2637.6000,2636.0000,2635.8000,2639.0000,2639.8000,2640.0000,2640.2000,2641.0000,1,2,3,1,1,2,1,3,1,1
SF,IH2006,2020-04-01 09:34:33.500,2639.0000,17697,0,290909700.000,0,-,-,-,-,2638.2000,2638.0000,2637.6000,2636.0000,2635.8000,2639.0000,2639.8000,2640.0000,2640.2000,2641.0000,1,1,3,1,1,2,1,3,1,1
SF,IH2006,2020-04-01 09:34:34.000,2639.0000,17697,0,290909700.000,0,-,-,-,-,2638.2000,2638.0000,2637.6000,2636.0000,2635.8000,2639.0000,2639.8000,2640.0000,2640.2000,2641.0000,1,1,3,1,1,2,1,3,1,1
SF,IH2006,2020-04-01 09:34:34.500,2639.0000,17697,0,290909700.000,0,-,-,-,-,2638.2000,2638.0000,2637.6000,2636.0000,2635.8000,2639.0000,2639.8000,2640.0000,2640.2000,2641.0000,1,1,3,1,1,2,1,3,1,1
SF,IH2006,2020-04-01 09:34:35.000,2638.2000,17697,0,291701160.000,1,0,1,多换,S,2638.0000,2637.6000,2636.0000,2635.8000,2635.6000,2638.8000,2639.0000,2639.8000,2640.0000,2640.2000,1,3,1,1,1,1,2,1,3,1
SF,IH2006,2020-04-01 09:34:35.500,2638.2000,17697,0,291701160.000,0,-,-,-,-,2637.6000,2636.0000,2635.8000,2635.6000,2635.0000,2638.6000,2638.8000,2639.0000,2639.8000,2640.0000,1,1,1,1,1,1,1,2,1,3
SF,IH2006,2020-04-01 09:34:36.000,2638.2000,17697,0,291701160.000,0,-,-,-,-,2637.6000,2636.0000,2635.8000,2635.6000,2635.0000,2638.4000,2638.6000,2639.0000,2639.8000,2640.0000,1,1,1,1,1,1,1,2,1,3
SF,IH2006,2020-04-01 09:34:36.500,2638.2000,17697,0,291701160.000,0,-,-,-,-,2637.6000,2636.0000,2635.8000,2635.6000,2635.0000,2638.4000,2638.6000,2639.0000,2639.8000,2640.0000,1,1,1,1,2,1,1,2,1,3
SF,IH2006,2020-04-01 09:34:37.000,2638.4000,17696,-1,292492680.000,1,0,1,双平,S,2638.4000,2638.2000,2638.0000,2637.8000,2637.6000,2639.0000,2639.8000,2640.0000,2640.2000,2641.0000,1,2,1,4,6,2,1,3,1,1
SF,IH2006,2020-04-01 09:34:37.500,2638.4000,17695,-1,293284200.000,1,0,1,双平,S,2638.6000,2637.8000,2637.6000,2636.0000,2635.8000,2639.0000,2639.8000,2640.0000,2640.2000,2641.0000,1,1,1,1,1,2,1,3,1,1
SF,IH2006,2020-04-01 09:34:38.000,2638.6000,17694,-1,294075780.000,1,0,1,双平,S,2637.8000,2636.0000,2635.8000,2635.0000,2631.6000,2638.6000,2639.0000,2639.8000,2640.0000,2640.2000,1,1,1,2,2,1,2,1,3,1
SF,IH2006,2020-04-01 09:34:39.000,2638.6000,17694,0,294075780.000,0,-,-,-,-,2637.8000,2636.0000,2635.8000,2635.0000,2631.6000,2638.4000,2638.6000,2639.0000,2639.8000,2640.0000,1,1,1,2,2,1,1,2,1,3
SF,IH2006,2020-04-01 09:34:39.500,2638.6000,17694,0,294075780.000,0,-,-,-,-,2637.8000,2636.0000,2635.8000,2635.0000,2631.6000,2638.4000,2638.6000,2639.0000,2639.8000,2640.0000,1,1,1,2,2,1,1,3,1,3
SF,IH2006,2020-04-01 09:34:40.000,2638.6000,17694,0,294075780.000,0,-,-,-,-,2637.8000,2636.0000,2635.8000,2635.0000,2631.6000,2638.2000,2638.4000,2638.6000,2639.0000,2639.8000,1,1,1,2,2,1,1,1,3,1
SF,IH2006,2020-04-01 09:34:40.500,2638.6000,17694,0,294075780.000,0,-,-,-,-,2636.0000,2635.8000,2635.0000,2631.6000,2631.2000,2638.2000,2638.4000,2638.6000,2639.0000,2639.8000,1,1,2,2,1,1,1,1,3,1
SF,IH2006,2020-04-01 09:34:41.000,2638.6000,17694,0,294075780.000,0,-,-,-,-,2638.2000,2637.6000,2637.4000,2637.2000,2637.0000,2638.4000,2638.6000,2639.0000,2639.8000,2640.0000,1,4,2,3,6,1,1,3,1,3
SF,IH2006,2020-04-01 09:34:41.500,2638.2000,17694,0,294867240.000,1,0,1,多换,S,2637.6000,2637.2000,2637.0000,2636.8000,2636.6000,2638.4000,2638.6000,2639.0000,2639.8000,2640.0000,2,1,4,1,2,1,1,3,1,3
SF,IH2006,2020-04-01 09:34:42.000,2637.8000,17693,-1,295658580.000,1,0,1,双平,S,2637.6000,2637.2000,2637.0000,2636.8000,2636.6000,2638.0000,2638.2000,2638.4000,2638.6000,2638.8000,3,1,3,1,2,1,1,1,1,1
SF,IH2006,2020-04-01 09:34:42.500,2637.6000,17690,-3,298032420.000,3,0,3,双平,S,2637.2000,2637.0000,2636.8000,2636.6000,2636.4000,2637.6000,2638.0000,2638.2000,2638.4000,2638.8000,1,3,1,2,6,1,1,1,1,1
SF,IH2006,2020-04-01 09:34:43.000,2637.2000,17688,-2,301197420.000,4,1,3,多平,S,2636.4000,2636.2000,2636.0000,2635.8000,2635.0000,2637.2000,2638.0000,2638.2000,2638.4000,2638.8000,1,9,2,1,2,2,1,1,1,1
SF,IH2006,2020-04-01 09:34:43.500,2636.6000,17688,0,301988400.000,1,0,1,多换,S,2636.6000,2636.2000,2636.0000,2635.8000,2635.0000,2637.2000,2638.0000,2638.4000,2638.8000,2639.0000,1,6,2,1,2,2,1,1,1,3
SF,IH2006,2020-04-01 09:34:44.000,2636.6000,17688,0,302779380.000,1,0,1,多换,S,2636.6000,2636.2000,2636.0000,2635.8000,2635.0000,2637.0000,2637.2000,2638.0000,2638.4000,2638.8000,1,4,1,1,2,1,2,1,1,1
SF,IH2006,2020-04-01 09:34:44.500,2636.8000,17687,-1,304361400.000,2,0,2,多平,S,2636.2000,2636.0000,2635.8000,2635.0000,2631.6000,2637.2000,2638.0000,2638.4000,2638.8000,2639.0000,4,1,1,2,2,2,1,1,1,3
SF,IH2006,2020-04-01 09:34:45.000,2636.8000,17687,0,304361400.000,0,-,-,-,-,2636.6000,2636.4000,2636.2000,2636.0000,2635.8000,2637.2000,2638.0000,2638.4000,2638.8000,2639.0000,1,1,5,1,1,2,1,1,2,3
SF,IH2006,2020-04-01 09:34:45.500,2636.8000,17687,0,304361400.000,0,-,-,-,-,2636.4000,2636.2000,2636.0000,2635.8000,2635.0000,2637.2000,2638.0000,2638.4000,2638.8000,2639.0000,1,5,1,1,2,2,1,1,2,3
SF,IH2006,2020-04-01 09:34:46.000,2636.8000,17687,0,304361400.000,0,-,-,-,-,2636.8000,2636.2000,2636.0000,2635.8000,2635.0000,2637.2000,2638.0000,2638.4000,2638.8000,2639.0000,1,4,1,1,2,2,1,1,2,3
SF,IH2006,2020-04-01 09:34:47.000,2636.2000,17683,-4,307525020.000,4,0,4,双平,S,2636.2000,2636.0000,2635.8000,2635.0000,2631.6000,2636.8000,2637.2000,2638.0000,2638.4000,2638.8000,1,1,1,2,2,2,2,1,1,2
SF,IH2006,2020-04-01 09:34:47.500,2636.0000,17682,-1,309106680.000,2,0,2,多平,S,2635.0000,2631.6000,2631.2000,2631.0000,2630.4000,2636.6000,2636.8000,2637.2000,2638.0000,2638.4000,2,2,1,1,1,2,1,2,1,1
SF,IH2006,2020-04-01 09:34:48.000,2636.0000,17682,0,309106680.000,0,-,-,-,-,2635.0000,2631.6000,2631.2000,2631.0000,2630.4000,2636.4000,2636.6000,2636.8000,2638.0000,2638.4000,2,2,1,1,1,8,2,1,1,1
SF,IH2006,2020-04-01 09:34:48.500,2636.0000,17682,0,309106680.000,0,-,-,-,-,2635.2000,2635.0000,2634.8000,2631.6000,2631.2000,2636.2000,2636.4000,2636.8000,2638.0000,2638.4000,2,3,1,2,1,2,8,1,1,1
SF,IH2006,2020-04-01 09:34:49.000,2636.0000,17682,0,309106680.000,0,-,-,-,-,2635.2000,2635.0000,2634.8000,2631.6000,2631.2000,2636.4000,2636.8000,2638.0000,2638.4000,2638.8000,3,4,1,2,1,4,1,1,1,2
SF,IH2006,2020-04-01 09:34:49.500,2636.0000,17682,0,309106680.000,0,-,-,-,-,2635.4000,2635.2000,2635.0000,2634.8000,2631.6000,2636.4000,2636.8000,2638.0000,2638.4000,2638.8000,1,3,4,1,2,2,1,1,1,2
SF,IH2006,2020-04-01 09:34:50.000,2636.4000,17680,-2,310688520.000,2,0,2,双平,S,2635.4000,2635.2000,2635.0000,2634.8000,2631.6000,2636.8000,2638.0000,2638.4000,2638.8000,2639.0000,2,3,4,1,2,1,2,1,2,3
