市场代码,合约代码,时间,最新,持仓,增仓,成交额,成交量,开仓,平仓,成交类型,方向,买一价,买二价,买三价,买四价,买五价,卖一价,卖二价,卖三价,卖四价,卖五价,买一量,买二量,买三量,买四量,买五量,卖一量,卖二量,卖三量,卖四量,卖五量
SF,IH2003,2019-11-04 09:29:00.000,3000.0000,9911,0,0.000,0.000,-,-,-,-,3008.4000,3008.0000,3006.2000,3005.8000,3005.2000,3010.0000,3013.0000,3014.8000,3016.6000,3017.0000,1,1,2,1,1,2,5,1,1,1
SF,IH2003,2019-11-04 09:30:00.500,3000.0000,9911,0,0.000,0,-,-,-,-,3005.8000,3005.0000,3004.0000,3002.8000,3001.6000,3009.6000,3009.8000,3010.0000,3013.0000,3014.8000,1,5,1,1,1,1,1,2,5,1
SF,IH2003,2019-11-04 09:30:01.000,3009.6000,9910,-1,902880.000,1,0,1,双平,S,3008.8000,3008.6000,3008.4000,3007.2000,3006.2000,3010.0000,3013.0000,3014.8000,3016.6000,3017.0000,2,7,1,1,2,2,5,1,1,1
SF,IH2003,2019-11-04 09:30:01.500,3009.6000,9910,0,902880.000,0,-,-,-,-,3009.6000,3009.2000,3009.0000,3008.8000,3008.6000,3010.0000,3013.0000,3014.8000,3016.6000,3017.0000,1,5,3,2,2,2,5,1,1,1
SF,IH2003,2019-11-04 09:30:02.000,3010.0000,9908,-2,3611760.000,3,0,3,多平,S,3009.2000,3009.0000,3008.6000,3006.0000,3005.8000,3013.0000,3014.8000,3016.6000,3017.0000,3023.8000,5,4,2,5,1,5,1,1,1,1
SF,IH2003,2019-11-04 09:30:02.500,3010.0000,9908,0,3611760.000,0,-,-,-,-,3009.2000,3009.0000,3008.6000,3006.0000,3005.0000,3012.6000,3012.8000,3013.0000,3014.8000,3016.6000,5,3,2,5,5,6,8,5,1,1
SF,IH2003,2019-11-04 09:30:03.000,3010.0000,9908,0,3611760.000,0,-,-,-,-,3009.0000,3008.6000,3006.0000,3005.0000,3004.0000,3012.0000,3012.4000,3012.6000,3012.8000,3013.0000,1,2,5,5,1,1,7,6,3,5
SF,IH2003,2019-11-04 09:30:03.500,3010.0000,9908,0,3611760.000,0,-,-,-,-,3010.0000,3009.2000,3009.0000,3008.6000,3006.0000,3011.8000,3012.0000,3012.4000,3012.6000,3012.8000,1,7,1,2,5,4,1,3,6,2
SF,IH2003,2019-11-04 09:30:04.000,3010.0000,9908,0,3611760.000,0,-,-,-,-,3010.0000,3009.0000,3008.6000,3006.0000,3005.8000,3011.8000,3012.0000,3012.4000,3012.6000,3012.8000,1,1,1,5,5,4,1,3,6,2
SF,IH2003,2019-11-04 09:30:04.500,3010.0000,9908,0,3611760.000,0,-,-,-,-,3010.0000,3008.6000,3006.0000,3005.8000,3005.0000,3011.8000,3012.0000,3012.4000,3012.6000,3012.8000,1,1,3,5,5,4,2,3,6,2
SF,IH2003,2019-11-04 09:30:05.000,3010.0000,9908,0,4514760.000,1,0,1,多换,S,3008.6000,3006.0000,3005.8000,3005.0000,3004.0000,3009.0000,3011.8000,3012.0000,3012.4000,3012.6000,1,3,5,5,1,1,4,1,3,6
SF,IH2003,2019-11-04 09:30:05.500,3009.0000,9907,-1,5417460.000,1,0,1,双平,S,3009.0000,3008.8000,3008.6000,3006.0000,3005.8000,3010.0000,3011.8000,3012.4000,3012.6000,3012.8000,5,2,2,3,5,1,3,3,6,2
SF,IH2003,2019-11-04 09:30:06.000,3009.0000,9907,0,5417460.000,0,-,-,-,-,3008.6000,3006.0000,3005.0000,3004.0000,3002.8000,3010.0000,3011.8000,3012.4000,3012.6000,3012.8000,1,3,5,1,1,1,3,3,6,1
SF,IH2003,2019-11-04 09:30:07.000,3009.0000,9907,0,5417460.000,0,-,-,-,-,3008.8000,3008.6000,3006.0000,3005.0000,3004.0000,3010.0000,3011.8000,3012.4000,3012.6000,3012.8000,7,1,3,5,1,1,3,3,6,1
SF,IH2003,2019-11-04 09:30:07.500,3009.0000,9907,0,5417460.000,0,-,-,-,-,3008.8000,3008.6000,3006.0000,3005.0000,3004.0000,3010.0000,3011.8000,3012.4000,3012.6000,3012.8000,7,2,3,5,1,1,3,3,6,1
SF,IH2003,2019-11-04 09:30:08.000,3009.0000,9907,0,5417460.000,0,-,-,-,-,3009.0000,3008.8000,3008.6000,3006.0000,3005.0000,3010.0000,3011.8000,3012.4000,3012.6000,3012.8000,2,7,2,3,5,1,3,3,6,1
SF,IH2003,2019-11-04 09:30:08.500,3009.0000,9907,0,5417460.000,0,-,-,-,-,3009.0000,3008.8000,3008.6000,3006.0000,3005.0000,3010.0000,3011.8000,3012.4000,3012.6000,3012.8000,1,7,1,3,5,1,3,3,6,1
SF,IH2003,2019-11-04 09:30:09.000,3009.0000,9907,0,5417460.000,0,-,-,-,-,3008.6000,3006.0000,3005.0000,3004.0000,3002.8000,3011.8000,3012.4000,3012.6000,3012.8000,3013.0000,1,3,5,1,1,3,3,6,1,5
SF,IH2003,2019-11-04 09:30:09.500,3009.0000,9907,0,5417460.000,0,-,-,-,-,3008.8000,3008.6000,3006.0000,3005.0000,3004.0000,3011.6000,3011.8000,3012.4000,3012.6000,3012.8000,8,2,3,5,1,1,3,3,6,1
SF,IH2003,2019-11-04 09:30:10.000,3008.8000,9906,-1,7222740.000,2,0,2,多平,S,3008.8000,3008.6000,3006.0000,3005.0000,3004.0000,3011.2000,3011.4000,3011.6000,3011.8000,3012.4000,6,2,3,5,1,1,2,1,2,2
SF,IH2003,2019-11-04 09:30:10.500,3008.8000,9906,0,7222740.000,0,-,-,-,-,3009.0000,3008.8000,3008.6000,3006.0000,3005.0000,3011.2000,3011.4000,3011.8000,3012.4000,3012.6000,1,6,2,3,5,1,2,1,2,5
SF,IH2003,2019-11-04 09:30:11.000,3011.2000,9905,-1,8126100.000,1,0,1,双平,S,3009.2000,3009.0000,3008.6000,3006.0000,3005.0000,3011.4000,3011.8000,3012.4000,3012.6000,3012.8000,7,1,2,3,5,2,1,2,5,1
SF,IH2003,2019-11-04 09:30:11.500,3011.2000,9905,0,8126100.000,0,-,-,-,-,3009.4000,3009.2000,3009.0000,3008.6000,3006.0000,3011.4000,3011.8000,3012.4000,3012.6000,3012.8000,1,7,1,1,2,1,1,2,5,1
SF,IH2003,2019-11-04 09:30:12.000,3011.2000,9905,0,8126100.000,0,-,-,-,-,3009.6000,3009.4000,3009.0000,3008.6000,3006.0000,3011.8000,3012.4000,3012.6000,3012.8000,3013.0000,7,1,1,1,1,1,1,5,1,5
SF,IH2003,2019-11-04 09:30:12.500,3011.2000,9905,0,8126100.000,0,-,-,-,-,3009.8000,3009.6000,3009.4000,3008.6000,3006.0000,3011.8000,3012.4000,3012.6000,3012.8000,3013.0000,1,7,1,1,1,1,1,5,1,5
SF,IH2003,2019-11-04 09:30:13.000,3011.2000,9905,0,8126100.000,0,-,-,-,-,3010.0000,3009.8000,3009.4000,3008.6000,3006.0000,3011.8000,3012.4000,3012.8000,3013.0000,3014.6000,7,1,1,1,1,1,1,1,5,1
SF,IH2003,2019-11-04 09:30:13.500,3011.2000,9905,0,8126100.000,0,-,-,-,-,3009.8000,3009.4000,3008.6000,3006.0000,3005.0000,3011.8000,3012.4000,3012.8000,3013.0000,3014.6000,1,1,1,1,5,1,1,1,5,1
SF,IH2003,2019-11-04 09:30:14.000,3011.2000,9905,0,8126100.000,0,-,-,-,-,3009.4000,3008.6000,3006.0000,3005.0000,3004.0000,3010.2000,3011.6000,3011.8000,3012.4000,3012.8000,1,1,1,5,1,1,1,1,1,1
SF,IH2003,2019-11-04 09:30:14.500,3010.2000,9904,-1,9029160.000,1,0,1,双平,S,3010.2000,3010.0000,3009.8000,3009.4000,3008.6000,3011.8000,3012.8000,3013.0000,3014.6000,3014.8000,6,1,1,1,1,1,1,5,1,1
SF,IH2003,2019-11-04 09:30:15.000,3010.2000,9904,0,9029160.000,0,-,-,-,-,3010.0000,3009.4000,3006.0000,3005.0000,3004.0000,3012.8000,3013.0000,3014.6000,3014.8000,3017.0000,2,1,1,5,1,1,5,1,1,1
SF,IH2003,2019-11-04 09:30:15.500,3010.2000,9904,0,9029160.000,0,-,-,-,-,3010.4000,3010.0000,3009.4000,3005.0000,3004.0000,3012.6000,3012.8000,3013.0000,3014.6000,3014.8000,8,1,1,5,1,2,1,5,1,1
SF,IH2003,2019-11-04 09:30:16.000,3010.2000,9903,-1,9932220.000,1,0,1,双平,S,3010.4000,3010.0000,3005.0000,3004.0000,3002.8000,3012.4000,3012.6000,3012.8000,3013.0000,3014.6000,7,1,5,1,1,1,1,1,5,1
SF,IH2003,2019-11-04 09:30:16.500,3010.2000,9903,0,9932220.000,0,-,-,-,-,3010.4000,3010.0000,3005.0000,3004.0000,3002.8000,3012.4000,3012.6000,3013.0000,3014.6000,3014.8000,7,1,5,1,1,1,1,5,1,1
SF,IH2003,2019-11-04 09:30:17.000,3010.2000,9903,0,10835280.000,1,0,1,多换,S,3010.4000,3010.0000,3005.0000,3004.0000,3002.8000,3012.4000,3013.0000,3014.6000,3014.8000,3017.0000,6,1,5,1,1,1,5,1,1,1
SF,IH2003,2019-11-04 09:30:18.000,3012.4000,9902,-1,11739000.000,1,0,1,双平,S,3010.6000,3010.4000,3010.0000,3005.0000,3004.0000,3013.0000,3014.6000,3014.8000,3017.0000,3017.6000,1,6,1,5,1,5,1,1,1,5
SF,IH2003,2019-11-04 09:30:18.500,3013.0000,9903,1,12642900.000,1,1,0,双开,S,3011.0000,3010.8000,3010.6000,3010.0000,3005.0000,3013.0000,3014.6000,3014.8000,3017.0000,3017.6000,5,2,1,1,5,4,1,1,1,5
SF,IH2003,2019-11-04 09:30:19.000,3013.0000,9903,0,12642900.000,0,-,-,-,-,3011.2000,3011.0000,3010.6000,3010.0000,3005.0000,3013.0000,3014.6000,3014.8000,3017.0000,3020.8000,3,5,1,1,5,4,1,1,1,5
SF,IH2003,2019-11-04 09:30:19.500,3013.0000,9903,0,12642900.000,0,-,-,-,-,3011.4000,3011.2000,3010.6000,3010.0000,3005.0000,3013.0000,3014.6000,3014.8000,3017.0000,3020.8000,5,2,1,1,5,4,1,1,1,5
SF,IH2003,2019-11-04 09:30:20.000,3013.0000,9903,0,12642900.000,0,-,-,-,-,3011.6000,3011.4000,3011.2000,3005.0000,3004.0000,3013.0000,3014.6000,3014.8000,3017.0000,3020.8000,2,6,1,5,1,4,1,1,1,5
SF,IH2003,2019-11-04 09:30:20.500,3013.0000,9903,0,12642900.000,0,-,-,-,-,3011.2000,3005.0000,3004.0000,3002.8000,3002.0000,3013.0000,3014.6000,3014.8000,3017.0000,3020.8000,1,5,1,1,5,4,1,1,1,5
SF,IH2003,2019-11-04 09:30:21.000,3013.0000,9903,0,12642900.000,0,-,-,-,-,3012.6000,3011.2000,3005.0000,3004.0000,3002.8000,3012.8000,3013.0000,3014.6000,3014.8000,3017.0000,1,1,5,1,1,1,4,1,1,1
SF,IH2003,2019-11-04 09:30:21.500,3012.6000,9902,-1,13546680.000,1,0,1,双平,S,3011.2000,3005.0000,3004.0000,3002.8000,3002.0000,3011.6000,3012.4000,3012.8000,3013.0000,3014.6000,1,5,1,1,5,2,1,1,4,1
SF,IH2003,2019-11-04 09:30:22.000,3011.6000,9900,-2,15353700.000,2,0,2,双平,S,3011.8000,3011.6000,3011.4000,3011.2000,3005.0000,3012.4000,3013.0000,3014.6000,3014.8000,3017.0000,2,1,2,1,5,1,4,1,1,1
SF,IH2003,2019-11-04 09:30:22.500,3011.6000,9900,0,15353700.000,0,-,-,-,-,3012.4000,3011.8000,3011.6000,3011.4000,3011.2000,3013.0000,3014.6000,3014.8000,3017.0000,3020.8000,1,3,6,2,1,4,1,1,1,5
SF,IH2003,2019-11-04 09:30:23.000,3011.6000,9900,0,15353700.000,0,-,-,-,-,3012.4000,3011.8000,3011.6000,3011.4000,3011.2000,3013.0000,3014.6000,3014.8000,3017.0000,3020.8000,2,3,6,2,1,4,1,1,1,5
SF,IH2003,2019-11-04 09:30:23.500,3013.0000,9900,0,18969300.000,4,2,2,多换,S,3012.6000,3012.4000,3011.8000,3011.6000,3011.4000,3014.6000,3014.8000,3017.0000,3020.8000,3024.8000,1,2,3,6,2,1,1,1,5,1
SF,IH2003,2019-11-04 09:30:24.000,3013.0000,9900,0,18969300.000,0,-,-,-,-,3012.6000,3012.4000,3011.8000,3011.6000,3011.4000,3014.4000,3014.8000,3017.0000,3020.8000,3024.8000,1,2,2,6,2,2,1,1,5,1
SF,IH2003,2019-11-04 09:30:24.500,3013.0000,9900,0,18969300.000,0,-,-,-,-,3012.6000,3012.4000,3011.8000,3011.6000,3011.4000,3013.6000,3014.4000,3014.8000,3017.0000,3020.8000,1,2,2,6,2,1,2,1,1,5
SF,IH2003,2019-11-04 09:30:25.000,3013.0000,9900,0,18969300.000,0,-,-,-,-,3012.4000,3011.8000,3011.6000,3011.4000,3011.2000,3013.6000,3014.4000,3014.8000,3017.0000,3020.8000,2,2,6,2,1,1,2,1,1,5
SF,IH2003,2019-11-04 09:30:25.500,3013.0000,9900,0,18969300.000,0,-,-,-,-,3012.6000,3012.4000,3011.8000,3011.6000,3011.4000,3013.6000,3014.4000,3014.8000,3017.0000,3020.8000,1,2,2,6,2,1,2,1,1,5
SF,IH2003,2019-11-04 09:30:27.000,3013.0000,9900,0,18969300.000,0,-,-,-,-,3012.6000,3012.4000,3011.8000,3011.6000,3011.4000,3013.6000,3014.4000,3014.8000,3017.0000,3020.8000,1,2,2,6,2,1,1,1,1,5
SF,IH2003,2019-11-04 09:30:27.500,3013.0000,9900,0,18969300.000,0,-,-,-,-,3012.8000,3012.6000,3012.4000,3011.8000,3011.6000,3013.6000,3014.8000,3017.0000,3020.8000,3024.8000,6,1,2,2,1,1,1,1,5,1
SF,IH2003,2019-11-04 09:30:28.000,3013.0000,9900,0,18969300.000,0,-,-,-,-,3012.8000,3012.6000,3012.4000,3011.8000,3011.6000,3013.6000,3014.8000,3017.0000,3020.8000,3024.8000,6,1,2,2,1,1,1,1,5,1
SF,IH2003,2019-11-04 09:30:28.500,3013.6000,9900,0,19873380.000,1,0,1,多换,S,3013.6000,3012.8000,3012.6000,3012.4000,3011.8000,3014.8000,3017.0000,3020.8000,3024.8000,3027.0000,1,6,1,2,2,1,1,5,1,1
SF,IH2003,2019-11-04 09:30:29.000,3013.6000,9900,0,20777460.000,1,0,1,多换,S,3012.8000,3012.6000,3012.4000,3011.8000,3011.6000,3014.8000,3017.0000,3020.8000,3024.8000,3027.0000,6,1,2,2,1,1,1,5,1,1
SF,IH2003,2019-11-04 09:30:29.500,3013.6000,9900,0,20777460.000,0,-,-,-,-,3013.0000,3012.8000,3012.6000,3012.4000,3011.8000,3014.8000,3017.0000,3020.8000,3024.8000,3027.0000,1,7,1,2,2,1,1,5,1,1
SF,IH2003,2019-11-04 09:30:30.000,3013.6000,9900,0,20777460.000,0,-,-,-,-,3013.0000,3012.8000,3012.6000,3012.4000,3011.8000,3014.8000,3017.0000,3020.8000,3024.8000,3027.0000,1,6,1,2,2,1,1,5,1,1
SF,IH2003,2019-11-04 09:30:30.500,3013.6000,9900,0,20777460.000,0,-,-,-,-,3013.0000,3012.8000,3012.6000,3012.4000,3011.8000,3014.8000,3017.0000,3020.8000,3024.8000,3027.0000,1,7,1,2,2,1,1,5,1,1
SF,IH2003,2019-11-04 09:30:31.000,3013.6000,9900,0,20777460.000,0,-,-,-,-,3013.0000,3012.8000,3012.6000,3012.4000,3011.8000,3014.8000,3017.0000,3020.8000,3024.8000,3027.0000,1,6,1,2,2,1,1,5,1,1
SF,IH2003,2019-11-04 09:30:31.500,3013.6000,9900,0,20777460.000,0,-,-,-,-,3013.0000,3012.8000,3012.6000,3012.4000,3011.8000,3014.8000,3017.0000,3020.8000,3024.8000,3027.0000,1,7,1,2,2,1,1,5,1,1
SF,IH2003,2019-11-04 09:30:32.000,3013.6000,9900,0,20777460.000,0,-,-,-,-,3013.0000,3012.8000,3012.6000,3012.4000,3011.8000,3014.8000,3017.0000,3020.8000,3024.8000,3027.0000,1,6,1,2,2,1,1,5,1,1
SF,IH2003,2019-11-04 09:30:32.500,3013.6000,9900,0,20777460.000,0,-,-,-,-,3013.0000,3012.8000,3012.6000,3012.4000,3011.8000,3014.8000,3017.0000,3020.8000,3024.8000,3027.0000,1,7,1,2,2,1,1,5,1,1
SF,IH2003,2019-11-04 09:30:33.000,3013.6000,9900,0,20777460.000,0,-,-,-,-,3013.0000,3012.8000,3012.6000,3012.4000,3011.8000,3014.8000,3017.0000,3020.8000,3024.8000,3027.0000,1,7,1,2,2,1,1,5,1,1
SF,IH2003,2019-11-04 09:30:33.500,3013.6000,9900,0,20777460.000,0,-,-,-,-,3013.2000,3013.0000,3012.8000,3012.6000,3012.4000,3014.8000,3017.0000,3020.8000,3024.8000,3027.0000,6,1,1,1,2,1,1,5,1,1
SF,IH2003,2019-11-04 09:30:34.500,3013.6000,9900,0,20777460.000,0,-,-,-,-,3013.0000,3012.8000,3012.6000,3012.4000,3011.8000,3014.8000,3017.0000,3020.8000,3024.8000,3027.0000,1,1,1,2,2,1,1,5,1,1
SF,IH2003,2019-11-04 09:30:35.000,3013.6000,9900,0,20777460.000,0,-,-,-,-,3013.0000,3012.8000,3012.6000,3012.4000,3011.8000,3014.8000,3017.0000,3020.8000,3024.8000,3027.0000,1,1,1,2,2,1,1,5,1,1
SF,IH2003,2019-11-04 09:30:36.000,3013.6000,9900,0,20777460.000,0,-,-,-,-,3012.6000,3012.4000,3011.8000,3011.6000,3010.0000,3014.6000,3014.8000,3017.0000,3020.8000,3024.8000,1,2,2,1,1,1,1,1,5,1
SF,IH2003,2019-11-04 09:30:36.500,3013.6000,9900,0,20777460.000,0,-,-,-,-,3012.6000,3012.4000,3011.8000,3011.6000,3010.0000,3014.6000,3014.8000,3017.0000,3020.8000,3024.8000,1,2,2,1,2,2,1,1,5,1
SF,IH2003,2019-11-04 09:30:37.000,3013.6000,9900,0,20777460.000,0,-,-,-,-,3012.4000,3011.8000,3011.6000,3010.0000,3005.8000,3014.2000,3014.4000,3014.6000,3014.8000,3017.0000,1,2,1,2,5,1,1,2,1,1
SF,IH2003,2019-11-04 09:30:37.500,3013.6000,9900,0,20777460.000,0,-,-,-,-,3011.8000,3011.6000,3010.0000,3005.8000,3005.0000,3014.0000,3014.2000,3014.6000,3014.8000,3017.0000,2,1,2,5,5,2,1,1,1,1
SF,IH2003,2019-11-04 09:30:38.000,3013.6000,9900,0,20777460.000,0,-,-,-,-,3011.6000,3010.0000,3005.8000,3005.0000,3004.0000,3012.4000,3014.0000,3014.2000,3014.6000,3014.8000,1,2,5,5,1,1,2,1,1,1
SF,IH2003,2019-11-04 09:30:38.500,3013.6000,9900,0,20777460.000,0,-,-,-,-,3011.4000,3010.0000,3005.8000,3005.0000,3004.0000,3012.4000,3014.0000,3014.2000,3014.6000,3014.8000,1,2,5,5,1,1,2,1,1,1
SF,IH2003,2019-11-04 09:30:39.000,3011.4000,9900,0,21680880.000,1,0,1,多换,S,3010.0000,3005.8000,3005.0000,3004.0000,3002.8000,3012.4000,3014.0000,3014.2000,3014.6000,3014.8000,2,5,5,1,1,1,2,1,1,1
SF,IH2003,2019-11-04 09:30:39.500,3011.4000,9900,0,21680880.000,0,-,-,-,-,3010.4000,3010.2000,3010.0000,3005.8000,3005.0000,3012.4000,3014.0000,3014.2000,3014.6000,3014.8000,5,4,3,5,5,1,2,1,1,1
SF,IH2003,2019-11-04 09:30:40.000,3011.4000,9900,0,21680880.000,0,-,-,-,-,3010.6000,3010.4000,3010.2000,3010.0000,3005.8000,3012.4000,3014.0000,3014.2000,3014.6000,3014.8000,1,5,2,3,5,1,2,1,1,1
SF,IH2003,2019-11-04 09:30:41.500,3011.4000,9900,0,21680880.000,0,-,-,-,-,3010.6000,3010.2000,3010.0000,3005.8000,3005.0000,3012.2000,3012.4000,3014.0000,3014.2000,3014.6000,1,2,3,5,5,1,1,1,1,1
SF,IH2003,2019-11-04 09:30:42.000,3011.4000,9900,0,21680880.000,0,-,-,-,-,3010.2000,3010.0000,3005.8000,3005.0000,3004.0000,3010.6000,3012.2000,3012.4000,3014.0000,3014.2000,1,2,5,5,1,1,1,1,1,1
SF,IH2003,2019-11-04 09:30:42.500,3011.4000,9900,0,21680880.000,0,-,-,-,-,3010.2000,3010.0000,3005.8000,3005.0000,3004.0000,3010.6000,3012.2000,3012.4000,3014.0000,3014.2000,1,2,5,5,1,1,1,1,1,1
SF,IH2003,2019-11-04 09:30:43.000,3010.2000,9900,0,22583940.000,1,0,1,多换,S,3010.0000,3005.8000,3005.0000,3004.0000,3002.8000,3012.2000,3012.4000,3014.2000,3014.8000,3017.0000,2,5,5,1,1,1,1,1,1,1
SF,IH2003,2019-11-04 09:30:43.500,3010.2000,9900,0,22583940.000,0,-,-,-,-,3010.0000,3005.8000,3005.0000,3004.0000,3002.8000,3011.4000,3012.0000,3012.2000,3012.4000,3014.2000,2,5,5,1,1,1,1,1,1,1
SF,IH2003,2019-11-04 09:30:44.000,3010.2000,9900,0,22583940.000,0,-,-,-,-,3010.0000,3005.8000,3005.0000,3004.0000,3002.8000,3011.2000,3011.4000,3011.8000,3012.0000,3012.2000,2,5,5,1,1,1,1,1,1,1
SF,IH2003,2019-11-04 09:30:44.500,3010.0000,9900,0,23486940.000,1,0,1,多换,S,3010.0000,3005.8000,3005.0000,3004.0000,3002.8000,3011.2000,3011.4000,3011.8000,3012.0000,3012.2000,1,5,5,1,1,1,1,1,1,1
SF,IH2003,2019-11-04 09:30:45.000,3010.0000,9900,0,24389940.000,1,0,1,多换,S,3005.8000,3005.0000,3004.0000,3002.8000,3000.0000,3011.0000,3011.2000,3011.4000,3011.8000,3012.0000,5,5,1,1,5,1,1,1,1,1
SF,IH2003,2019-11-04 09:30:45.500,3010.0000,9900,0,24389940.000,0,-,-,-,-,3008.0000,3006.6000,3006.4000,3006.2000,3006.0000,3010.8000,3011.0000,3011.2000,3011.4000,3011.8000,1,3,3,6,4,1,1,1,1,1
SF,IH2003,2019-11-04 09:30:46.000,3010.0000,9900,0,24389940.000,0,-,-,-,-,3008.4000,3008.2000,3008.0000,3006.6000,3006.0000,3010.8000,3011.0000,3011.2000,3011.4000,3011.8000,6,2,1,3,4,1,1,1,1,1
SF,IH2003,2019-11-04 09:30:46.500,3010.0000,9900,0,24389940.000,0,-,-,-,-,3008.6000,3008.4000,3008.0000,3006.6000,3006.0000,3010.8000,3011.0000,3011.2000,3011.4000,3011.8000,2,6,1,3,4,1,1,1,1,1
SF,IH2003,2019-11-04 09:30:47.000,3010.0000,9900,0,24389940.000,0,-,-,-,-,3009.0000,3008.8000,3008.6000,3008.0000,3006.6000,3011.2000,3011.4000,3011.8000,3012.4000,3014.8000,7,1,2,1,3,1,1,1,1,1
SF,IH2003,2019-11-04 09:30:47.500,3010.0000,9900,0,24389940.000,0,-,-,-,-,3009.2000,3009.0000,3008.8000,3008.0000,3006.6000,3011.2000,3011.4000,3011.8000,3012.4000,3014.8000,2,7,1,1,3,1,1,1,1,1
SF,IH2003,2019-11-04 09:30:48.000,3010.0000,9900,0,24389940.000,0,-,-,-,-,3010.0000,3009.6000,3009.4000,3009.2000,3009.0000,3011.4000,3012.4000,3014.8000,3017.0000,3020.8000,1,5,1,2,2,1,1,1,1,5
SF,IH2003,2019-11-04 09:30:48.500,3010.0000,9900,0,24389940.000,0,-,-,-,-,3010.4000,3010.2000,3010.0000,3009.4000,3009.0000,3012.4000,3014.8000,3017.0000,3020.8000,3024.8000,5,1,1,1,2,1,1,1,5,1
SF,IH2003,2019-11-04 09:30:49.000,3010.0000,9900,0,24389940.000,0,-,-,-,-,3010.6000,3010.4000,3010.0000,3009.4000,3009.0000,3012.2000,3012.4000,3014.8000,3017.0000,3020.8000,1,5,1,1,2,1,1,1,1,5
SF,IH2003,2019-11-04 09:30:50.000,3010.0000,9900,0,24389940.000,0,-,-,-,-,3010.6000,3010.4000,3010.0000,3009.4000,3009.0000,3011.8000,3012.2000,3012.4000,3014.8000,3017.0000,1,5,1,1,2,1,1,1,1,1
SF,IH2003,2019-11-04 09:30:50.500,3010.0000,9900,0,24389940.000,0,-,-,-,-,3010.0000,3009.0000,3008.0000,3006.0000,3005.8000,3010.6000,3011.4000,3011.6000,3011.8000,3012.0000,1,2,1,1,5,1,1,1,1,1
SF,IH2003,2019-11-04 09:30:51.000,3010.0000,9900,0,25292940.000,1,0,1,多换,S,3009.0000,3008.0000,3006.0000,3005.8000,3005.0000,3010.4000,3010.6000,3011.4000,3011.6000,3011.8000,2,1,1,5,5,1,1,1,1,1
SF,IH2003,2019-11-04 09:30:51.500,3010.0000,9900,0,25292940.000,0,-,-,-,-,3009.4000,3009.2000,3009.0000,3008.0000,3006.0000,3010.4000,3010.6000,3011.4000,3011.6000,3011.8000,5,1,2,1,1,1,1,1,1,1
SF,IH2003,2019-11-04 09:30:52.000,3010.0000,9900,0,25292940.000,0,-,-,-,-,3009.2000,3008.0000,3006.0000,3005.8000,3005.0000,3010.4000,3010.6000,3011.4000,3011.6000,3011.8000,1,1,1,5,5,1,1,1,1,1
SF,IH2003,2019-11-04 09:30:52.500,3010.0000,9900,0,25292940.000,0,-,-,-,-,3009.4000,3009.2000,3008.0000,3006.0000,3005.8000,3010.4000,3010.6000,3011.4000,3011.6000,3011.8000,5,1,1,1,5,1,1,1,1,1
SF,IH2003,2019-11-04 09:30:53.000,3010.0000,9900,0,25292940.000,0,-,-,-,-,3009.2000,3008.0000,3006.0000,3005.8000,3005.0000,3010.4000,3010.6000,3011.4000,3011.6000,3011.8000,1,1,1,5,5,1,1,1,1,1
SF,IH2003,2019-11-04 09:30:53.500,3010.0000,9900,0,25292940.000,0,-,-,-,-,3009.2000,3008.0000,3006.0000,3005.8000,3005.0000,3010.4000,3010.6000,3011.4000,3011.6000,3011.8000,1,1,1,5,6,1,1,1,1,1
SF,IH2003,2019-11-04 09:30:54.000,3010.0000,9900,0,25292940.000,0,-,-,-,-,3009.4000,3009.2000,3008.0000,3006.0000,3005.8000,3010.4000,3010.6000,3011.4000,3011.6000,3011.8000,5,1,1,1,5,1,1,1,1,1
SF,IH2003,2019-11-04 09:30:55.000,3010.4000,9899,-1,26196060.000,1,0,1,双平,S,3010.4000,3009.6000,3009.4000,3008.0000,3006.0000,3011.4000,3011.6000,3011.8000,3012.0000,3012.2000,1,1,5,1,1,1,1,1,2,1
SF,IH2003,2019-11-04 09:30:56.500,3010.4000,9899,0,26196060.000,0,-,-,-,-,3010.4000,3009.6000,3009.4000,3008.0000,3006.0000,3011.4000,3011.6000,3011.8000,3012.0000,3012.2000,1,1,5,1,1,1,1,1,1,1
SF,IH2003,2019-11-04 09:30:57.000,3010.4000,9899,0,26196060.000,0,-,-,-,-,3010.4000,3009.6000,3009.4000,3008.0000,3006.0000,3011.6000,3011.8000,3012.0000,3012.2000,3012.4000,1,1,5,1,1,1,1,1,1,1
SF,IH2003,2019-11-04 09:30:57.500,3010.4000,9899,0,26196060.000,0,-,-,-,-,3010.4000,3009.6000,3009.4000,3008.0000,3006.0000,3011.4000,3011.6000,3011.8000,3012.0000,3012.2000,1,1,5,1,1,1,1,1,1,1
SF,IH2003,2019-11-04 09:30:58.500,3010.4000,9899,0,26196060.000,0,-,-,-,-,3010.4000,3010.0000,3009.6000,3009.4000,3008.0000,3011.4000,3011.6000,3011.8000,3012.0000,3012.2000,1,1,1,5,1,1,1,1,1,1
SF,IH2003,2019-11-04 09:30:59.500,3010.4000,9899,0,26196060.000,0,-,-,-,-,3011.4000,3010.6000,3010.4000,3010.0000,3008.0000,3011.6000,3011.8000,3012.0000,3012.2000,3012.4000,1,6,1,1,1,1,1,1,1,1
SF,IH2003,2019-11-04 09:31:00.000,3011.2000,9898,-1,28002780.000,2,0,2,多平,S,3010.6000,3010.4000,3010.0000,3008.0000,3007.6000,3011.6000,3011.8000,3012.0000,3012.2000,3012.4000,6,1,1,1,1,1,1,1,1,1
SF,IH2003,2019-11-04 09:31:00.500,3012.0000,9897,-1,29809920.000,2,0,2,多平,S,3011.6000,3010.6000,3010.4000,3010.0000,3008.0000,3012.2000,3012.4000,3014.8000,3017.0000,3020.8000,1,6,1,1,1,1,1,1,1,5
SF,IH2003,2019-11-04 09:31:01.000,3012.0000,9897,0,29809920.000,0,-,-,-,-,3011.6000,3010.8000,3010.6000,3010.4000,3010.0000,3012.4000,3014.8000,3017.0000,3020.8000,3024.8000,1,1,6,1,1,1,1,1,5,1
SF,IH2003,2019-11-04 09:31:01.500,3012.0000,9897,0,29809920.000,0,-,-,-,-,3012.4000,3011.6000,3010.8000,3010.6000,3010.4000,3014.8000,3017.0000,3020.8000,3024.8000,3027.0000,1,1,1,6,1,1,1,5,1,1
SF,IH2003,2019-11-04 09:31:02.000,3011.6000,9895,-2,31617120.000,2,0,2,双平,S,3010.8000,3010.6000,3010.4000,3010.0000,3008.0000,3011.6000,3013.6000,3014.2000,3014.4000,3014.6000,1,6,1,1,1,1,1,1,1,10
SF,IH2003,2019-11-04 09:31:02.500,3011.6000,9894,-1,32520600.000,1,0,1,双平,S,3011.6000,3011.2000,3011.0000,3010.8000,3010.4000,3014.2000,3014.4000,3014.6000,3014.8000,3015.0000,2,5,2,1,1,1,1,8,1,1
SF,IH2003,2019-11-04 09:31:03.000,3011.6000,9894,0,32520600.000,0,-,-,-,-,3012.0000,3011.8000,3011.6000,3010.8000,3010.4000,3014.0000,3014.2000,3014.4000,3014.6000,3014.8000,5,1,1,1,1,3,1,1,1,1
SF,IH2003,2019-11-04 09:31:03.500,3011.6000,9894,0,32520600.000,0,-,-,-,-,3012.2000,3012.0000,3011.6000,3010.8000,3010.4000,3014.0000,3014.2000,3014.6000,3014.8000,3017.0000,1,6,1,1,1,2,1,1,1,1
SF,IH2003,2019-11-04 09:31:04.500,3011.6000,9894,0,32520600.000,0,-,-,-,-,3012.2000,3012.0000,3011.6000,3010.8000,3010.4000,3013.4000,3014.0000,3014.2000,3014.6000,3014.8000,1,7,1,1,1,1,2,1,1,1
SF,IH2003,2019-11-04 09:31:05.000,3013.4000,9894,0,33424620.000,1,0,1,多换,S,3012.2000,3012.0000,3011.6000,3010.8000,3010.4000,3014.0000,3014.2000,3014.6000,3014.8000,3017.0000,1,7,1,1,1,1,1,1,1,1
SF,IH2003,2019-11-04 09:31:05.500,3013.4000,9894,0,33424620.000,0,-,-,-,-,3012.6000,3012.4000,3012.2000,3012.0000,3011.6000,3014.2000,3014.6000,3014.8000,3017.0000,3020.8000,5,1,1,3,1,1,1,1,1,5
SF,IH2003,2019-11-04 09:31:06.000,3013.4000,9894,0,33424620.000,0,-,-,-,-,3012.2000,3012.0000,3011.6000,3010.8000,3010.4000,3014.2000,3014.6000,3014.8000,3017.0000,3020.8000,1,1,1,1,1,1,1,1,1,5
SF,IH2003,2019-11-04 09:31:06.500,3013.4000,9894,0,33424620.000,0,-,-,-,-,3012.6000,3012.2000,3012.0000,3011.6000,3010.8000,3014.2000,3014.6000,3014.8000,3017.0000,3020.8000,5,1,1,1,1,1,1,1,1,5
SF,IH2003,2019-11-04 09:31:07.000,3013.4000,9894,0,33424620.000,0,-,-,-,-,3012.8000,3012.6000,3012.0000,3011.6000,3010.8000,3014.6000,3014.8000,3017.0000,3020.8000,3024.8000,1,5,1,1,1,1,1,1,5,1
SF,IH2003,2019-11-04 09:31:07.500,3013.4000,9894,0,33424620.000,0,-,-,-,-,3012.6000,3012.0000,3011.6000,3010.8000,3010.4000,3014.6000,3014.8000,3017.0000,3020.8000,3024.8000,5,1,1,1,1,1,1,1,5,1
SF,IH2003,2019-11-04 09:31:08.000,3013.4000,9894,0,33424620.000,0,-,-,-,-,3013.0000,3012.0000,3011.6000,3010.8000,3010.4000,3014.6000,3014.8000,3017.0000,3020.8000,3024.8000,6,1,1,1,1,1,1,1,5,1
SF,IH2003,2019-11-04 09:31:08.500,3013.4000,9894,0,33424620.000,0,-,-,-,-,3013.0000,3012.0000,3011.6000,3010.8000,3010.4000,3014.6000,3014.8000,3017.0000,3020.8000,3024.8000,6,1,1,1,1,1,1,1,5,1
SF,IH2003,2019-11-04 09:31:09.000,3013.4000,9894,0,33424620.000,0,-,-,-,-,3013.0000,3012.0000,3011.6000,3010.8000,3010.4000,3014.8000,3017.0000,3020.8000,3024.8000,3027.0000,6,1,1,1,1,1,1,5,1,1
SF,IH2003,2019-11-04 09:31:09.500,3014.8000,9895,1,34329060.000,1,1,0,双开,S,3013.0000,3012.0000,3011.6000,3010.8000,3010.4000,3017.0000,3020.8000,3024.8000,3027.0000,3028.0000,6,1,1,1,1,1,5,1,1,1
SF,IH2003,2019-11-04 09:31:10.000,3014.8000,9895,0,34329060.000,0,-,-,-,-,3013.2000,3013.0000,3011.6000,3010.8000,3010.4000,3016.6000,3016.8000,3017.0000,3020.8000,3024.8000,1,6,1,1,1,6,5,2,5,1
SF,IH2003,2019-11-04 09:31:10.500,3014.8000,9895,0,34329060.000,0,-,-,-,-,3013.6000,3013.4000,3013.2000,3011.6000,3010.4000,3015.6000,3016.4000,3016.6000,3016.8000,3017.0000,5,1,2,1,1,1,3,6,3,1
SF,IH2003,2019-11-04 09:31:11.000,3014.8000,9895,0,34329060.000,0,-,-,-,-,3013.8000,3013.6000,3011.6000,3010.4000,3010.0000,3016.4000,3016.6000,3016.8000,3017.0000,3020.8000,3,5,1,1,1,2,1,1,1,5
SF,IH2003,2019-11-04 09:31:11.500,3016.4000,9895,0,35233980.000,1,0,1,多换,S,3016.4000,3014.2000,3014.0000,3013.8000,3011.6000,3017.0000,3024.0000,3024.8000,3027.0000,3028.0000,1,5,1,3,1,1,5,1,1,1
SF,IH2003,2019-11-04 09:31:12.000,3016.4000,9895,0,36138900.000,1,0,1,多换,S,3014.2000,3014.0000,3013.8000,3010.0000,3007.6000,3016.4000,3016.8000,3017.0000,3024.0000,3024.8000,5,1,2,1,1,1,1,2,5,1
SF,IH2003,2019-11-04 09:31:12.500,3016.4000,9895,0,36138900.000,0,-,-,-,-,3014.6000,3014.4000,3014.2000,3014.0000,3010.0000,3017.0000,3024.0000,3024.8000,3027.0000,3028.0000,1,3,5,1,2,2,5,1,1,1
SF,IH2003,2019-11-04 09:31:13.000,3016.4000,9895,0,36138900.000,0,-,-,-,-,3015.0000,3014.8000,3014.6000,3014.4000,3010.0000,3017.0000,3024.0000,3024.8000,3027.0000,3028.0000,5,3,1,2,2,1,5,1,1,1
SF,IH2003,2019-11-04 09:31:13.500,3016.4000,9895,0,36138900.000,0,-,-,-,-,3015.2000,3015.0000,3014.8000,3010.0000,3007.6000,3016.0000,3017.0000,3024.0000,3024.8000,3027.0000,3,5,1,2,1,1,2,5,1,1
SF,IH2003,2019-11-04 09:31:14.000,3016.2000,9894,-1,37043760.000,1,0,1,双平,S,3016.0000,3015.6000,3015.4000,3015.2000,3014.8000,3017.0000,3024.0000,3024.8000,3027.0000,3028.0000,1,5,1,3,1,2,5,1,1,1
SF,IH2003,2019-11-04 09:31:14.500,3017.0000,9895,1,37948860.000,1,1,0,双开,S,3015.6000,3015.2000,3014.8000,3010.0000,3007.6000,3024.0000,3024.8000,3027.0000,3028.0000,3030.0000,5,2,1,2,1,5,1,1,1,17
SF,IH2003,2019-11-04 09:31:15.000,3017.0000,9895,0,37948860.000,0,-,-,-,-,3016.2000,3015.8000,3015.2000,3010.0000,3007.6000,3017.8000,3018.4000,3019.4000,3020.0000,3020.8000,6,1,1,2,1,1,1,3,1,1
SF,IH2003,2019-11-04 09:31:15.500,3017.0000,9895,0,37948860.000,0,-,-,-,-,3016.2000,3016.0000,3015.8000,3015.2000,3010.0000,3018.4000,3020.0000,3020.8000,3021.0000,3023.6000,6,1,1,1,2,1,1,2,3,7
SF,IH2003,2019-11-04 09:31:16.000,3017.0000,9895,0,37948860.000,0,-,-,-,-,3016.4000,3016.2000,3016.0000,3015.8000,3010.0000,3018.4000,3020.0000,3020.8000,3021.0000,3023.6000,1,6,1,1,2,1,1,1,3,7
SF,IH2003,2019-11-04 09:31:16.500,3017.0000,9895,0,37948860.000,0,-,-,-,-,3016.8000,3016.6000,3016.4000,3016.0000,3015.8000,3018.2000,3018.4000,3020.0000,3020.8000,3021.0000,5,1,1,1,1,1,1,1,1,3
SF,IH2003,2019-11-04 09:31:17.000,3017.0000,9895,0,37948860.000,0,-,-,-,-,3017.0000,3016.8000,3016.6000,3016.4000,3015.8000,3018.4000,3020.0000,3020.8000,3021.0000,3023.6000,1,5,1,1,1,1,1,1,3,7
SF,IH2003,2019-11-04 09:31:17.500,3017.0000,9895,0,37948860.000,0,-,-,-,-,3017.0000,3016.8000,3016.4000,3015.8000,3013.4000,3018.4000,3020.0000,3020.8000,3021.0000,3023.6000,1,5,1,1,5,1,1,1,3,7
SF,IH2003,2019-11-04 09:31:18.000,3017.0000,9895,0,37948860.000,0,-,-,-,-,3016.4000,3015.8000,3013.4000,3010.0000,3007.6000,3017.8000,3018.2000,3018.4000,3020.0000,3020.8000,1,1,5,2,1,1,1,1,1,1
SF,IH2003,2019-11-04 09:31:18.500,3017.8000,9894,-1,38854200.000,1,0,1,双平,S,3016.8000,3016.6000,3016.4000,3015.8000,3013.4000,3018.4000,3020.0000,3020.8000,3021.0000,3023.6000,5,2,1,1,5,1,1,1,3,7
SF,IH2003,2019-11-04 09:31:19.000,3017.8000,9894,0,38854200.000,0,-,-,-,-,3017.0000,3016.8000,3016.4000,3015.8000,3013.4000,3018.4000,3020.0000,3020.8000,3021.0000,3023.6000,2,5,1,1,5,1,1,1,3,7
SF,IH2003,2019-11-04 09:31:19.500,3017.8000,9894,0,38854200.000,0,-,-,-,-,3017.4000,3017.0000,3016.4000,3013.4000,3010.0000,3020.8000,3021.0000,3023.6000,3023.8000,3024.0000,5,4,1,5,2,1,2,7,3,6
SF,IH2003,2019-11-04 09:31:20.000,3017.8000,9894,0,38854200.000,0,-,-,-,-,3017.6000,3017.4000,3017.0000,3016.4000,3013.4000,3019.8000,3020.4000,3020.6000,3020.8000,3021.0000,1,5,2,1,5,1,6,7,1,2
SF,IH2003,2019-11-04 09:31:20.500,3017.8000,9894,0,38854200.000,0,-,-,-,-,3017.6000,3017.4000,3017.0000,3013.4000,3010.0000,3019.6000,3019.8000,3020.4000,3020.6000,3021.0000,2,5,2,5,2,3,1,1,3,2
SF,IH2003,2019-11-04 09:31:21.000,3017.8000,9894,0,38854200.000,0,-,-,-,-,3017.8000,3017.6000,3017.0000,3013.4000,3010.0000,3019.6000,3019.8000,3020.4000,3020.6000,3021.0000,5,2,2,5,2,3,1,1,3,1
SF,IH2003,2019-11-04 09:31:21.500,3017.8000,9894,0,38854200.000,0,-,-,-,-,3017.0000,3013.4000,3010.0000,3007.6000,3005.0000,3018.4000,3019.6000,3020.4000,3020.6000,3021.0000,1,5,2,1,6,1,3,1,3,1
SF,IH2003,2019-11-04 09:31:22.000,3018.4000,9893,-1,40665240.000,2,0,2,多平,S,3018.2000,3018.0000,3017.2000,3017.0000,3016.8000,3020.6000,3023.6000,3024.0000,3024.8000,3027.0000,6,2,2,2,1,1,1,1,1,1
SF,IH2003,2019-11-04 09:31:22.500,3018.4000,9893,0,40665240.000,0,-,-,-,-,3018.0000,3017.0000,3016.8000,3013.4000,3010.0000,3020.2000,3020.4000,3020.6000,3023.6000,3024.0000,2,2,1,5,3,1,2,1,1,1
SF,IH2003,2019-11-04 09:31:23.000,3018.4000,9893,0,40665240.000,0,-,-,-,-,3018.2000,3018.0000,3017.0000,3016.8000,3013.4000,3020.4000,3020.6000,3023.6000,3024.0000,3024.8000,5,2,2,1,5,1,1,1,1,1
SF,IH2003,2019-11-04 09:31:23.500,3018.4000,9893,0,40665240.000,0,-,-,-,-,3018.2000,3018.0000,3017.0000,3016.8000,3013.4000,3020.2000,3020.4000,3020.6000,3023.6000,3024.0000,5,2,2,1,5,2,1,1,1,1
SF,IH2003,2019-11-04 09:31:25.000,3018.4000,9893,0,40665240.000,0,-,-,-,-,3018.4000,3018.2000,3018.0000,3016.8000,3013.4000,3020.2000,3020.4000,3020.6000,3023.6000,3024.0000,3,5,1,1,5,1,1,1,1,1
SF,IH2003,2019-11-04 09:31:25.500,3018.4000,9893,0,40665240.000,0,-,-,-,-,3018.0000,3016.8000,3013.4000,3010.0000,3007.6000,3020.0000,3020.2000,3020.6000,3023.6000,3024.0000,1,1,5,3,1,1,1,1,1,1
SF,IH2003,2019-11-04 09:31:26.000,3018.4000,9893,0,40665240.000,0,-,-,-,-,3018.0000,3016.8000,3013.4000,3010.0000,3007.6000,3020.0000,3020.6000,3023.6000,3024.0000,3024.8000,1,1,5,3,1,1,1,1,1,1
SF,IH2003,2019-11-04 09:31:26.500,3018.4000,9893,0,40665240.000,0,-,-,-,-,3013.4000,3010.0000,3007.6000,3005.0000,3002.8000,3019.6000,3019.8000,3020.0000,3020.6000,3023.6000,5,3,1,6,1,6,3,1,1,1
SF,IH2003,2019-11-04 09:31:27.000,3018.4000,9893,0,40665240.000,0,-,-,-,-,3015.6000,3015.0000,3014.4000,3013.8000,3013.6000,3019.4000,3019.6000,3019.8000,3023.6000,3024.0000,4,4,2,6,2,3,1,2,1,1
SF,IH2003,2019-11-04 09:31:27.500,3018.4000,9893,0,40665240.000,0,-,-,-,-,3017.0000,3016.8000,3016.0000,3015.8000,3015.6000,3023.6000,3024.0000,3024.8000,3027.0000,3027.2000,1,1,6,2,3,1,1,1,1,5
SF,IH2003,2019-11-04 09:31:28.000,3018.4000,9893,0,40665240.000,0,-,-,-,-,3017.2000,3016.0000,3015.8000,3015.6000,3015.0000,3019.2000,3021.0000,3021.2000,3023.2000,3023.4000,2,6,2,1,4,3,5,1,5,2
SF,IH2003,2019-11-04 09:31:28.500,3018.4000,9893,0,40665240.000,0,-,-,-,-,3017.2000,3017.0000,3016.0000,3015.8000,3015.0000,3019.2000,3021.0000,3021.2000,3023.2000,3023.4000,2,1,6,2,4,2,2,1,5,2
SF,IH2003,2019-11-04 09:31:29.000,3018.4000,9893,0,40665240.000,0,-,-,-,-,3017.4000,3017.2000,3017.0000,3016.0000,3015.8000,3021.0000,3021.2000,3023.2000,3023.4000,3023.6000,6,2,1,1,1,1,1,5,2,1
SF,IH2003,2019-11-04 09:31:29.500,3018.4000,9893,0,40665240.000,0,-,-,-,-,3017.6000,3017.4000,3017.2000,3017.0000,3016.0000,3020.6000,3020.8000,3021.2000,3023.4000,3023.6000,2,6,1,1,1,1,10,1,1,1
SF,IH2003,2019-11-04 09:31:30.000,3018.4000,9893,0,40665240.000,0,-,-,-,-,3017.6000,3017.2000,3017.0000,3016.0000,3015.0000,3020.2000,3020.4000,3020.6000,3020.8000,3021.2000,1,1,1,1,4,5,6,2,2,1
SF,IH2003,2019-11-04 09:31:30.500,3018.4000,9893,0,40665240.000,0,-,-,-,-,3017.6000,3017.2000,3017.0000,3016.0000,3015.0000,3019.8000,3020.0000,3020.2000,3020.4000,3020.6000,1,1,1,1,4,1,4,5,2,1
SF,IH2003,2019-11-04 09:31:31.000,3018.4000,9893,0,40665240.000,0,-,-,-,-,3017.2000,3015.0000,3013.4000,3010.0000,3007.6000,3019.4000,3019.6000,3019.8000,3020.0000,3020.4000,1,4,5,3,1,5,4,1,2,1
SF,IH2003,2019-11-04 09:31:31.500,3018.4000,9893,0,40665240.000,0,-,-,-,-,3015.0000,3013.4000,3010.0000,3007.6000,3005.0000,3019.0000,3019.2000,3019.4000,3019.6000,3020.0000,4,5,3,1,6,2,3,5,3,1
SF,IH2003,2019-11-04 09:31:32.000,3018.4000,9893,0,40665240.000,0,-,-,-,-,3017.0000,3015.6000,3015.4000,3015.2000,3015.0000,3019.0000,3019.2000,3019.6000,3020.4000,3024.0000,1,3,6,2,4,1,2,2,1,1
SF,IH2003,2019-11-04 09:31:32.500,3019.6000,9894,1,42476820.000,2,1,1,空开,S,3017.4000,3017.2000,3017.0000,3015.4000,3015.2000,3020.4000,3024.0000,3024.8000,3027.0000,3027.2000,5,3,1,1,1,1,1,1,1,5
SF,IH2003,2019-11-04 09:31:33.000,3019.6000,9894,0,42476820.000,0,-,-,-,-,3017.6000,3017.4000,3017.2000,3017.0000,3015.4000,3020.0000,3020.2000,3020.4000,3024.0000,3024.8000,4,5,1,1,1,1,2,1,1,1
SF,IH2003,2019-11-04 09:31:33.500,3019.6000,9894,0,42476820.000,0,-,-,-,-,3017.8000,3017.6000,3017.2000,3017.0000,3015.4000,3019.8000,3020.0000,3020.4000,3024.0000,3024.8000,5,4,1,1,1,1,1,1,1,1
SF,IH2003,2019-11-04 09:31:34.000,3019.6000,9894,0,42476820.000,0,-,-,-,-,3018.0000,3017.8000,3017.6000,3017.0000,3015.4000,3019.4000,3024.0000,3024.8000,3027.0000,3027.2000,2,5,1,1,1,1,1,1,1,5
SF,IH2003,2019-11-04 09:31:34.500,3019.6000,9894,0,42476820.000,0,-,-,-,-,3018.2000,3018.0000,3017.8000,3017.6000,3017.0000,3019.4000,3024.0000,3024.8000,3027.0000,3027.2000,1,1,5,1,1,1,1,1,1,5
SF,IH2003,2019-11-04 09:31:35.000,3019.6000,9894,0,42476820.000,0,-,-,-,-,3018.0000,3017.8000,3017.6000,3017.0000,3015.4000,3019.4000,3024.0000,3024.8000,3027.0000,3027.2000,1,5,1,1,1,1,1,1,1,5
SF,IH2003,2019-11-04 09:31:35.500,3019.6000,9894,0,42476820.000,0,-,-,-,-,3018.0000,3017.6000,3017.0000,3015.4000,3015.2000,3019.4000,3024.0000,3024.8000,3027.0000,3027.2000,1,2,1,1,1,1,1,1,1,5
SF,IH2003,2019-11-04 09:31:36.000,3019.6000,9894,0,42476820.000,0,-,-,-,-,3018.0000,3017.6000,3017.0000,3015.4000,3015.2000,3019.4000,3024.0000,3024.8000,3027.0000,3027.2000,1,2,1,1,1,1,1,1,1,5
SF,IH2003,2019-11-04 09:31:36.500,3019.4000,9894,0,43382640.000,1,0,1,多换,S,3018.0000,3017.6000,3017.0000,3015.4000,3015.2000,3024.0000,3024.8000,3027.0000,3027.2000,3028.0000,1,2,1,1,1,1,1,1,5,1
SF,IH2003,2019-11-04 09:31:37.000,3019.4000,9894,0,43382640.000,0,-,-,-,-,3018.0000,3017.6000,3017.0000,3015.4000,3015.2000,3021.0000,3021.2000,3021.4000,3022.8000,3023.6000,1,2,1,1,1,1,1,3,3,7
SF,IH2003,2019-11-04 09:31:37.500,3019.4000,9894,0,43382640.000,0,-,-,-,-,3018.2000,3018.0000,3017.6000,3017.0000,3015.4000,3020.6000,3020.8000,3022.6000,3022.8000,3023.6000,2,1,2,1,1,1,2,1,3,6
SF,IH2003,2019-11-04 09:31:38.000,3019.4000,9894,0,43382640.000,0,-,-,-,-,3018.2000,3018.0000,3017.6000,3017.0000,3015.4000,3020.4000,3020.6000,3020.8000,3021.0000,3022.8000,1,1,2,1,1,5,6,2,1,3
SF,IH2003,2019-11-04 09:31:38.500,3019.4000,9894,0,43382640.000,0,-,-,-,-,3018.4000,3018.2000,3018.0000,3017.6000,3017.0000,3020.4000,3020.6000,3020.8000,3021.0000,3022.8000,1,1,1,1,1,4,1,1,1,3
SF,IH2003,2019-11-04 09:31:39.000,3019.4000,9894,0,43382640.000,0,-,-,-,-,3018.4000,3018.0000,3017.6000,3017.0000,3015.4000,3019.4000,3020.0000,3020.4000,3020.8000,3021.0000,1,1,1,1,1,1,1,4,1,1
SF,IH2003,2019-11-04 09:31:39.500,3019.4000,9894,0,43382640.000,0,-,-,-,-,3018.4000,3018.0000,3017.6000,3017.0000,3015.4000,3019.4000,3020.0000,3020.4000,3020.8000,3021.0000,1,1,1,1,1,1,1,2,1,1
SF,IH2003,2019-11-04 09:31:40.000,3019.4000,9894,0,43382640.000,0,-,-,-,-,3018.6000,3018.4000,3018.0000,3017.6000,3017.0000,3019.4000,3020.4000,3020.8000,3023.0000,3023.6000,7,1,1,1,1,1,1,1,1,1
SF,IH2003,2019-11-04 09:31:40.500,3019.4000,9894,0,43382640.000,0,-,-,-,-,3018.6000,3018.4000,3018.0000,3017.6000,3017.0000,3019.4000,3020.4000,3020.8000,3023.0000,3023.6000,1,1,1,1,1,1,1,1,1,1
SF,IH2003,2019-11-04 09:31:41.000,3019.4000,9894,0,43382640.000,0,-,-,-,-,3018.6000,3018.4000,3018.0000,3017.6000,3017.0000,3019.4000,3020.4000,3020.8000,3023.0000,3023.6000,1,1,1,1,1,1,1,1,1,1
SF,IH2003,2019-11-04 09:31:41.500,3019.4000,9894,0,43382640.000,0,-,-,-,-,3018.4000,3018.0000,3017.6000,3017.0000,3015.4000,3019.4000,3020.4000,3020.8000,3023.0000,3023.6000,1,1,1,1,1,1,1,1,1,1
SF,IH2003,2019-11-04 09:31:42.000,3019.4000,9894,0,43382640.000,0,-,-,-,-,3018.4000,3018.0000,3017.6000,3017.0000,3015.4000,3019.4000,3020.4000,3020.8000,3023.0000,3023.6000,1,1,1,1,1,1,1,1,1,1
SF,IH2003,2019-11-04 09:31:43.000,3019.4000,9894,0,43382640.000,0,-,-,-,-,3018.0000,3017.6000,3017.0000,3015.4000,3015.2000,3019.4000,3020.4000,3020.8000,3023.0000,3023.6000,1,1,1,1,1,1,1,1,1,1
SF,IH2003,2019-11-04 09:31:43.500,3019.4000,9894,0,43382640.000,0,-,-,-,-,3018.2000,3018.0000,3017.6000,3017.0000,3015.4000,3019.4000,3020.4000,3023.0000,3023.6000,3024.0000,1,1,1,1,1,1,1,1,1,2
SF,IH2003,2019-11-04 09:31:44.000,3019.4000,9894,0,43382640.000,0,-,-,-,-,3018.4000,3018.2000,3018.0000,3017.6000,3017.0000,3019.2000,3019.4000,3020.4000,3023.0000,3023.6000,2,1,1,1,1,1,1,1,1,1
SF,IH2003,2019-11-04 09:31:44.500,3019.4000,9894,0,43382640.000,0,-,-,-,-,3018.4000,3018.0000,3017.6000,3017.0000,3015.4000,3019.2000,3019.4000,3020.4000,3023.0000,3023.6000,2,1,1,1,1,1,1,1,1,1
SF,IH2003,2019-11-04 09:31:45.000,3019.4000,9894,0,43382640.000,0,-,-,-,-,3018.4000,3018.0000,3017.6000,3017.0000,3015.4000,3019.2000,3019.4000,3020.4000,3023.0000,3023.6000,1,1,1,1,1,1,1,1,1,1
SF,IH2003,2019-11-04 09:31:47.000,3018.4000,9894,0,44288160.000,1,0,1,多换,S,3017.6000,3017.0000,3015.4000,3015.2000,3015.0000,3018.4000,3019.2000,3019.4000,3020.4000,3023.0000,1,1,1,1,4,1,1,1,1,1
SF,IH2003,2019-11-04 09:31:47.500,3018.4000,9894,0,44288160.000,0,-,-,-,-,3017.8000,3017.6000,3017.0000,3015.4000,3015.2000,3018.0000,3018.4000,3019.0000,3019.2000,3019.4000,1,1,1,1,1,1,1,1,1,1
SF,IH2003,2019-11-04 09:31:48.000,3017.6000,9893,-1,46098780.000,2,0,2,多平,S,3017.0000,3015.4000,3015.2000,3015.0000,3013.4000,3017.6000,3018.0000,3018.4000,3019.0000,3019.2000,1,1,1,4,5,1,1,1,1,1
SF,IH2003,2019-11-04 09:31:48.500,3017.6000,9893,0,46098780.000,0,-,-,-,-,3017.2000,3015.4000,3015.2000,3015.0000,3013.4000,3017.6000,3018.0000,3018.4000,3019.0000,3019.2000,1,1,1,4,5,1,1,1,1,1
SF,IH2003,2019-11-04 09:31:49.000,3017.2000,9893,0,47003940.000,1,0,1,多换,S,3016.0000,3015.4000,3015.2000,3015.0000,3013.4000,3017.0000,3017.6000,3018.0000,3018.4000,3019.0000,1,1,1,4,5,1,1,1,1,2
SF,IH2003,2019-11-04 09:31:49.500,3017.0000,9892,-1,47909040.000,1,0,1,双平,S,3016.4000,3016.2000,3016.0000,3015.4000,3015.2000,3018.0000,3018.4000,3019.0000,3019.2000,3019.4000,6,2,1,1,1,1,1,1,1,1
SF,IH2003,2019-11-04 09:31:50.000,3017.0000,9892,0,47909040.000,0,-,-,-,-,3017.6000,3016.6000,3016.4000,3016.2000,3015.4000,3018.0000,3018.4000,3019.0000,3019.2000,3019.4000,1,1,6,2,1,1,1,1,1,1
SF,IH2003,2019-11-04 09:31:50.500,3017.6000,9891,-1,49719600.000,2,0,2,多平,S,3016.6000,3016.4000,3016.2000,3015.4000,3015.2000,3018.0000,3018.4000,3019.0000,3019.2000,3019.4000,1,6,2,1,1,1,1,1,1,1
SF,IH2003,2019-11-04 09:31:51.000,3017.6000,9891,0,49719600.000,0,-,-,-,-,3016.6000,3016.4000,3016.2000,3015.4000,3015.2000,3018.0000,3018.4000,3019.0000,3019.2000,3019.4000,1,1,2,1,1,1,1,1,1,1
SF,IH2003,2019-11-04 09:31:51.500,3016.6000,9891,0,50624580.000,1,0,1,多换,S,3016.4000,3016.2000,3015.4000,3015.2000,3015.0000,3018.0000,3018.4000,3019.0000,3019.2000,3019.4000,1,1,1,1,4,1,1,1,1,1
SF,IH2003,2019-11-04 09:31:52.500,3016.6000,9891,0,50624580.000,0,-,-,-,-,3016.6000,3016.4000,3015.4000,3015.2000,3015.0000,3018.0000,3018.4000,3019.0000,3019.2000,3019.4000,6,1,1,1,4,1,1,1,1,1
SF,IH2003,2019-11-04 09:31:53.000,3016.6000,9891,0,50624580.000,0,-,-,-,-,3017.0000,3016.8000,3016.6000,3015.4000,3015.2000,3018.0000,3018.4000,3019.0000,3019.2000,3019.4000,1,1,6,1,1,1,1,1,1,1
SF,IH2003,2019-11-04 09:31:53.500,3018.0000,9891,0,52434960.000,2,1,1,多换,S,3017.2000,3017.0000,3016.6000,3015.4000,3015.2000,3018.4000,3019.0000,3019.2000,3019.4000,3023.0000,1,1,6,1,1,1,1,1,1,1
SF,IH2003,2019-11-04 09:31:54.000,3018.0000,9891,0,52434960.000,0,-,-,-,-,3017.2000,3016.6000,3015.4000,3015.2000,3015.0000,3018.4000,3019.0000,3019.2000,3019.4000,3023.0000,1,6,1,1,4,1,1,1,1,1
SF,IH2003,2019-11-04 09:31:54.500,3018.0000,9891,0,52434960.000,0,-,-,-,-,3017.0000,3016.6000,3015.4000,3015.2000,3015.0000,3018.4000,3019.0000,3019.2000,3019.4000,3023.0000,1,6,1,1,4,1,1,1,1,1
SF,IH2003,2019-11-04 09:31:55.000,3018.0000,9891,0,52434960.000,0,-,-,-,-,3017.0000,3016.6000,3015.4000,3015.2000,3015.0000,3018.2000,3018.4000,3019.0000,3019.2000,3019.4000,1,6,1,1,4,1,1,1,1,1
SF,IH2003,2019-11-04 09:31:55.500,3018.0000,9891,0,52434960.000,0,-,-,-,-,3016.6000,3015.4000,3015.2000,3015.0000,3013.4000,3018.2000,3018.4000,3019.0000,3019.2000,3019.4000,6,1,1,4,5,1,1,1,1,1
SF,IH2003,2019-11-04 09:31:56.000,3018.0000,9891,0,52434960.000,0,-,-,-,-,3016.8000,3015.4000,3015.2000,3015.0000,3013.4000,3018.2000,3018.4000,3019.0000,3019.2000,3019.4000,1,1,1,4,5,1,1,1,1,1
SF,IH2003,2019-11-04 09:31:56.500,3018.0000,9891,0,52434960.000,0,-,-,-,-,3016.8000,3015.4000,3015.2000,3015.0000,3013.4000,3018.2000,3018.4000,3018.6000,3019.0000,3019.2000,1,1,1,4,5,1,1,1,1,1
SF,IH2003,2019-11-04 09:31:57.000,3018.0000,9891,0,52434960.000,0,-,-,-,-,3015.4000,3015.2000,3015.0000,3013.4000,3012.0000,3018.2000,3018.4000,3018.6000,3019.0000,3019.2000,1,1,4,5,1,1,1,1,1,1
SF,IH2003,2019-11-04 09:31:57.500,3018.0000,9891,0,52434960.000,0,-,-,-,-,3016.2000,3015.8000,3015.6000,3015.4000,3015.2000,3016.8000,3018.2000,3018.4000,3018.6000,3019.0000,1,5,3,1,1,1,1,1,1,1
SF,IH2003,2019-11-04 09:31:58.000,3018.0000,9891,0,52434960.000,0,-,-,-,-,3016.2000,3015.6000,3015.2000,3015.0000,3012.0000,3016.8000,3017.8000,3018.0000,3018.4000,3018.6000,1,1,1,4,1,1,1,1,1,1
SF,IH2003,2019-11-04 09:31:58.500,3017.0000,9890,-1,53340060.000,1,0,1,双平,S,3016.2000,3015.6000,3015.2000,3015.0000,3012.0000,3018.0000,3018.4000,3018.6000,3019.2000,3019.4000,1,1,1,4,1,1,1,1,1,1
SF,IH2003,2019-11-04 09:31:59.000,3017.0000,9890,0,53340060.000,0,-,-,-,-,3016.2000,3015.6000,3015.2000,3015.0000,3012.0000,3017.6000,3017.8000,3018.0000,3018.4000,3018.6000,1,1,1,3,1,1,3,1,1,1
SF,IH2003,2019-11-04 09:31:59.500,3017.0000,9890,0,53340060.000,0,-,-,-,-,3015.6000,3015.2000,3015.0000,3012.0000,3010.0000,3017.4000,3017.6000,3017.8000,3018.4000,3018.6000,1,1,3,1,3,3,1,1,1,1
SF,IH2003,2019-11-04 09:32:00.000,3017.0000,9890,0,53340060.000,0,-,-,-,-,3015.8000,3015.6000,3015.2000,3015.0000,3012.0000,3017.4000,3017.6000,3017.8000,3018.4000,3018.6000,1,1,1,3,1,3,1,1,1,1
SF,IH2003,2019-11-04 09:32:00.500,3017.0000,9890,0,53340060.000,0,-,-,-,-,3015.8000,3012.0000,3010.0000,3009.6000,3007.6000,3017.0000,3017.2000,3017.4000,3017.8000,3018.4000,1,1,3,5,1,1,6,3,1,1
SF,IH2003,2019-11-04 09:32:01.000,3017.0000,9890,0,54245160.000,1,0,1,多换,S,3015.0000,3012.0000,3010.0000,3009.6000,3007.6000,3017.4000,3017.8000,3018.0000,3018.4000,3018.6000,1,1,3,5,1,2,1,1,1,1
SF,IH2003,2019-11-04 09:32:01.500,3017.0000,9890,0,54245160.000,0,-,-,-,-,3016.2000,3016.0000,3015.6000,3015.0000,3012.0000,3017.8000,3018.4000,3018.6000,3019.2000,3019.4000,5,2,2,5,1,1,1,1,1,1
SF,IH2003,2019-11-04 09:32:02.000,3017.0000,9890,0,54245160.000,0,-,-,-,-,3015.6000,3012.0000,3010.0000,3009.6000,3007.6000,3017.2000,3017.6000,3017.8000,3018.4000,3018.6000,1,1,3,5,1,2,2,1,1,1
SF,IH2003,2019-11-04 09:32:02.500,3017.0000,9890,0,54245160.000,0,-,-,-,-,3015.8000,3012.0000,3010.0000,3009.6000,3007.6000,3017.2000,3017.8000,3018.4000,3018.6000,3019.2000,7,1,3,5,1,1,1,1,1,1
SF,IH2003,2019-11-04 09:32:03.000,3017.0000,9890,0,54245160.000,0,-,-,-,-,3016.0000,3015.8000,3015.6000,3012.0000,3010.0000,3017.8000,3018.4000,3018.6000,3019.2000,3019.4000,1,7,1,1,3,1,1,1,1,1
SF,IH2003,2019-11-04 09:32:03.500,3017.0000,9890,0,54245160.000,0,-,-,-,-,3016.4000,3016.2000,3016.0000,3015.6000,3012.0000,3017.6000,3017.8000,3018.4000,3018.6000,3019.2000,5,1,1,1,1,1,1,1,1,1
SF,IH2003,2019-11-04 09:32:04.000,3017.0000,9890,0,54245160.000,0,-,-,-,-,3016.6000,3016.4000,3016.0000,3015.6000,3012.0000,3017.2000,3017.6000,3017.8000,3018.4000,3018.6000,1,5,1,1,1,1,1,1,1,1
SF,IH2003,2019-11-04 09:32:04.500,3017.2000,9890,0,55150320.000,1,0,1,多换,S,3016.6000,3016.4000,3016.0000,3015.6000,3012.0000,3018.4000,3018.6000,3019.4000,3020.0000,3023.0000,1,5,1,1,1,1,1,1,2,1
SF,IH2003,2019-11-04 09:32:05.000,3017.2000,9890,0,55150320.000,0,-,-,-,-,3016.4000,3015.6000,3012.0000,3010.0000,3009.6000,3018.2000,3018.4000,3018.6000,3019.4000,3020.0000,5,1,1,3,5,3,1,1,1,2
SF,IH2003,2019-11-04 09:32:05.500,3017.2000,9890,0,55150320.000,0,-,-,-,-,3017.0000,3016.8000,3016.6000,3012.0000,3010.0000,3018.4000,3018.6000,3019.4000,3020.0000,3023.0000,1,6,1,1,3,1,1,1,2,1
SF,IH2003,2019-11-04 09:32:06.000,3017.2000,9890,0,55150320.000,0,-,-,-,-,3012.0000,3010.0000,3009.6000,3007.6000,3005.0000,3018.2000,3018.4000,3018.6000,3019.4000,3020.0000,1,3,5,1,6,1,1,1,1,2
SF,IH2003,2019-11-04 09:32:06.500,3017.2000,9890,0,55150320.000,0,-,-,-,-,3015.6000,3015.4000,3015.0000,3014.4000,3012.4000,3018.2000,3018.4000,3018.6000,3019.4000,3020.0000,1,3,4,2,6,1,1,1,1,2
SF,IH2003,2019-11-04 09:32:07.000,3017.2000,9890,0,55150320.000,0,-,-,-,-,3016.0000,3015.8000,3015.6000,3015.0000,3012.4000,3018.0000,3018.2000,3018.4000,3018.6000,3019.4000,1,7,1,3,1,2,1,1,1,1
SF,IH2003,2019-11-04 09:32:07.500,3017.2000,9890,0,55150320.000,0,-,-,-,-,3016.0000,3015.8000,3015.6000,3015.0000,3012.4000,3017.8000,3018.0000,3018.2000,3018.4000,3018.6000,1,6,1,3,1,1,2,1,1,1
SF,IH2003,2019-11-04 09:32:08.000,3017.2000,9890,0,55150320.000,0,-,-,-,-,3016.2000,3016.0000,3015.8000,3015.6000,3015.0000,3017.8000,3018.0000,3018.2000,3018.4000,3018.6000,1,1,6,1,3,1,1,1,1,1
SF,IH2003,2019-11-04 09:32:08.500,3017.2000,9890,0,55150320.000,0,-,-,-,-,3016.4000,3016.2000,3016.0000,3015.6000,3015.0000,3018.2000,3018.4000,3018.6000,3019.4000,3020.0000,5,2,1,1,3,1,1,1,1,2
SF,IH2003,2019-11-04 09:32:09.000,3017.2000,9890,0,55150320.000,0,-,-,-,-,3016.4000,3016.2000,3016.0000,3015.6000,3015.0000,3018.0000,3018.2000,3018.4000,3018.6000,3019.4000,5,1,1,1,3,1,1,1,1,1
SF,IH2003,2019-11-04 09:32:09.500,3017.2000,9890,0,55150320.000,0,-,-,-,-,3016.2000,3016.0000,3015.6000,3015.0000,3012.4000,3017.8000,3018.0000,3018.2000,3018.4000,3018.6000,1,1,1,3,1,1,1,1,1,1
SF,IH2003,2019-11-04 09:32:10.000,3017.2000,9890,0,55150320.000,0,-,-,-,-,3016.0000,3015.6000,3015.0000,3012.4000,3012.2000,3017.6000,3017.8000,3018.2000,3018.4000,3018.6000,1,1,3,1,1,1,2,1,1,1
SF,IH2003,2019-11-04 09:32:10.500,3016.0000,9889,-1,56055120.000,1,0,1,双平,S,3015.6000,3015.0000,3012.4000,3012.2000,3012.0000,3017.4000,3017.6000,3017.8000,3018.4000,3018.6000,1,3,1,1,1,2,1,1,1,1
SF,IH2003,2019-11-04 09:32:11.000,3016.0000,9889,0,56055120.000,0,-,-,-,-,3015.0000,3012.4000,3012.2000,3012.0000,3010.0000,3017.2000,3017.4000,3017.8000,3018.4000,3018.6000,2,1,1,1,3,3,2,1,1,1
SF,IH2003,2019-11-04 09:32:11.500,3016.0000,9889,0,56055120.000,0,-,-,-,-,3012.4000,3012.2000,3012.0000,3010.0000,3009.6000,3017.0000,3017.2000,3017.4000,3018.4000,3018.6000,1,1,1,3,5,2,3,1,1,1
SF,IH2003,2019-11-04 09:32:12.000,3016.0000,9889,0,56055120.000,0,-,-,-,-,3014.2000,3013.4000,3012.8000,3012.6000,3012.4000,3016.6000,3016.8000,3017.0000,3017.4000,3018.4000,1,3,5,1,1,1,6,3,1,1
SF,IH2003,2019-11-04 09:32:12.500,3016.0000,9889,0,56055120.000,0,-,-,-,-,3014.4000,3012.8000,3012.6000,3012.4000,3012.0000,3016.0000,3016.2000,3016.4000,3016.6000,3017.0000,1,6,1,1,1,1,5,4,1,1
SF,IH2003,2019-11-04 09:32:13.000,3016.0000,9889,0,56055120.000,0,-,-,-,-,3012.8000,3012.6000,3012.4000,3012.0000,3010.0000,3014.4000,3015.6000,3015.8000,3016.0000,3016.2000,6,1,1,1,3,1,1,3,1,5
SF,IH2003,2019-11-04 09:32:13.500,3014.4000,9888,-1,56959440.000,1,0,1,双平,S,3013.2000,3013.0000,3012.8000,3012.0000,3010.0000,3015.8000,3016.0000,3016.4000,3018.6000,3019.0000,1,3,6,1,3,2,1,1,1,1
SF,IH2003,2019-11-04 09:32:14.000,3014.4000,9888,0,56959440.000,0,-,-,-,-,3014.4000,3013.6000,3013.4000,3013.2000,3012.8000,3015.6000,3015.8000,3016.4000,3018.6000,3019.0000,1,5,2,1,1,1,2,1,1,1
SF,IH2003,2019-11-04 09:32:14.500,3014.4000,9888,0,56959440.000,0,-,-,-,-,3014.4000,3013.6000,3013.4000,3013.2000,3012.8000,3015.0000,3015.4000,3015.6000,3015.8000,3018.6000,1,5,1,1,1,1,1,1,1,1
SF,IH2003,2019-11-04 09:32:15.000,3014.4000,9887,-1,57863760.000,1,0,1,双平,S,3013.6000,3013.4000,3013.2000,3012.8000,3012.0000,3015.0000,3015.8000,3018.6000,3019.0000,3019.4000,5,1,1,1,1,1,1,1,1,1
SF,IH2003,2019-11-04 09:32:15.500,3013.8000,9887,0,58767900.000,1,0,1,多换,S,3013.8000,3013.6000,3013.2000,3012.8000,3012.0000,3015.0000,3015.8000,3018.6000,3019.0000,3019.4000,2,5,1,1,1,1,1,1,1,1
SF,IH2003,2019-11-04 09:32:16.000,3015.0000,9887,0,59672400.000,1,0,1,多换,S,3014.0000,3013.8000,3013.2000,3012.8000,3012.0000,3015.8000,3018.6000,3019.0000,3019.4000,3020.0000,5,2,1,1,1,1,1,1,1,2
SF,IH2003,2019-11-04 09:32:16.500,3015.0000,9887,0,59672400.000,0,-,-,-,-,3015.0000,3014.2000,3014.0000,3013.2000,3012.8000,3015.6000,3015.8000,3018.6000,3019.0000,3019.4000,2,1,5,1,1,1,1,1,1,1
SF,IH2003,2019-11-04 09:32:17.500,3015.6000,9886,-1,60577080.000,1,0,1,双平,S,3015.8000,3015.0000,3014.2000,3014.0000,3013.2000,3018.6000,3019.0000,3019.4000,3020.0000,3023.0000,1,2,1,5,1,1,1,1,2,1
SF,IH2003,2019-11-04 09:32:18.000,3015.6000,9886,0,60577080.000,0,-,-,-,-,3015.0000,3014.2000,3014.0000,3013.2000,3012.0000,3016.4000,3017.8000,3018.2000,3018.4000,3018.6000,2,1,5,1,1,1,3,7,6,1
SF,IH2003,2019-11-04 09:32:18.500,3016.4000,9886,0,61482000.000,1,0,1,多换,S,3016.4000,3015.2000,3015.0000,3014.2000,3014.0000,3018.2000,3018.4000,3018.6000,3019.0000,3020.0000,1,2,2,1,5,7,5,1,1,2
SF,IH2003,2019-11-04 09:32:19.000,3016.4000,9885,-1,62386920.000,1,0,1,双平,S,3015.2000,3015.0000,3014.2000,3014.0000,3013.2000,3018.0000,3018.2000,3018.4000,3018.6000,3019.0000,1,2,1,5,1,5,7,3,1,1
SF,IH2003,2019-11-04 09:32:19.500,3016.4000,9885,0,62386920.000,0,-,-,-,-,3015.0000,3014.2000,3014.0000,3013.2000,3012.0000,3017.6000,3018.0000,3018.2000,3018.4000,3018.6000,2,1,5,1,1,6,8,4,3,1
SF,IH2003,2019-11-04 09:32:20.000,3016.4000,9885,0,62386920.000,0,-,-,-,-,3015.2000,3015.0000,3013.2000,3012.0000,3010.0000,3017.4000,3017.6000,3018.0000,3018.4000,3018.6000,6,2,1,1,3,4,1,5,2,1
SF,IH2003,2019-11-04 09:32:20.500,3016.4000,9885,0,62386920.000,0,-,-,-,-,3015.4000,3015.2000,3015.0000,3013.2000,3012.0000,3017.4000,3017.6000,3018.0000,3018.4000,3018.6000,1,6,2,1,1,4,1,2,1,1
SF,IH2003,2019-11-04 09:32:21.000,3016.4000,9885,0,62386920.000,0,-,-,-,-,3015.4000,3015.0000,3013.2000,3012.0000,3010.0000,3017.2000,3017.4000,3018.0000,3018.4000,3018.6000,1,2,1,1,3,1,4,2,1,1
SF,IH2003,2019-11-04 09:32:21.500,3016.4000,9885,0,62386920.000,0,-,-,-,-,3015.6000,3015.4000,3015.0000,3013.2000,3012.0000,3017.0000,3017.4000,3018.0000,3018.4000,3018.6000,1,1,2,1,1,3,1,1,1,1
SF,IH2003,2019-11-04 09:32:22.500,3016.4000,9885,0,62386920.000,0,-,-,-,-,3015.6000,3015.4000,3015.0000,3013.2000,3012.0000,3016.8000,3017.0000,3017.4000,3018.0000,3018.4000,1,1,2,1,1,1,3,1,1,1
SF,IH2003,2019-11-04 09:32:23.000,3016.4000,9885,0,62386920.000,0,-,-,-,-,3015.6000,3015.4000,3015.0000,3013.2000,3012.0000,3017.0000,3017.4000,3018.0000,3018.4000,3018.6000,1,1,2,1,1,2,1,1,1,1
SF,IH2003,2019-11-04 09:32:23.500,3016.4000,9885,0,62386920.000,0,-,-,-,-,3015.6000,3015.4000,3015.0000,3013.2000,3012.0000,3017.0000,3017.4000,3018.4000,3018.6000,3019.0000,1,1,2,1,1,1,1,1,1,1
SF,IH2003,2019-11-04 09:32:24.000,3016.4000,9885,0,62386920.000,0,-,-,-,-,3015.6000,3015.4000,3015.0000,3013.2000,3012.0000,3017.0000,3017.4000,3018.4000,3018.6000,3019.0000,1,1,2,1,1,1,1,1,1,1
SF,IH2003,2019-11-04 09:32:24.500,3016.4000,9885,0,62386920.000,0,-,-,-,-,3015.8000,3015.6000,3015.4000,3015.0000,3013.2000,3017.0000,3017.4000,3018.6000,3019.0000,3020.0000,7,1,1,2,1,1,1,1,1,2
SF,IH2003,2019-11-04 09:32:25.000,3016.4000,9885,0,62386920.000,0,-,-,-,-,3015.8000,3015.6000,3015.0000,3013.2000,3012.0000,3017.0000,3017.4000,3018.6000,3019.0000,3020.0000,7,1,2,1,1,1,1,1,1,2
SF,IH2003,2019-11-04 09:32:25.500,3016.4000,9885,0,62386920.000,0,-,-,-,-,3015.6000,3015.0000,3013.2000,3012.0000,3010.0000,3017.0000,3017.4000,3018.6000,3019.0000,3020.0000,1,2,1,1,3,1,1,1,1,2
SF,IH2003,2019-11-04 09:32:26.000,3016.4000,9885,0,62386920.000,0,-,-,-,-,3015.8000,3015.6000,3015.0000,3013.2000,3012.0000,3017.0000,3017.4000,3018.6000,3019.0000,3020.0000,6,1,2,1,1,1,1,1,1,2
SF,IH2003,2019-11-04 09:32:26.500,3016.4000,9885,0,62386920.000,0,-,-,-,-,3015.6000,3015.0000,3013.2000,3012.0000,3010.0000,3017.0000,3017.4000,3018.6000,3019.0000,3020.0000,1,2,1,1,3,1,1,1,1,2
SF,IH2003,2019-11-04 09:32:27.500,3016.4000,9885,0,62386920.000,0,-,-,-,-,3015.6000,3015.0000,3013.2000,3012.0000,3010.0000,3017.0000,3017.4000,3018.6000,3019.0000,3020.0000,2,2,1,1,3,1,1,1,1,2
SF,IH2003,2019-11-04 09:32:28.000,3016.4000,9885,0,62386920.000,0,-,-,-,-,3015.8000,3015.6000,3015.0000,3013.2000,3012.0000,3017.0000,3017.4000,3018.6000,3019.0000,3020.0000,1,1,2,1,1,1,1,1,1,2
SF,IH2003,2019-11-04 09:32:28.500,3016.4000,9885,0,62386920.000,0,-,-,-,-,3016.0000,3015.8000,3015.6000,3015.0000,3013.2000,3017.0000,3017.4000,3018.6000,3019.0000,3020.0000,1,1,1,2,1,1,1,1,1,3
SF,IH2003,2019-11-04 09:32:29.000,3016.4000,9885,0,62386920.000,0,-,-,-,-,3016.0000,3015.8000,3015.6000,3015.0000,3013.2000,3016.4000,3017.0000,3017.4000,3018.6000,3019.0000,1,1,1,2,1,1,1,1,1,1
SF,IH2003,2019-11-04 09:32:29.500,3016.4000,9885,0,63291840.000,1,0,1,多换,S,3016.0000,3015.8000,3015.6000,3015.0000,3013.2000,3017.0000,3017.4000,3018.6000,3019.0000,3020.0000,1,1,1,2,1,1,1,1,1,3
SF,IH2003,2019-11-04 09:32:30.000,3016.0000,9885,0,64196640.000,1,0,1,多换,S,3015.6000,3015.0000,3013.2000,3012.0000,3010.0000,3016.8000,3017.0000,3017.4000,3018.6000,3019.0000,1,2,1,1,3,1,1,1,1,1
SF,IH2003,2019-11-04 09:32:31.000,3016.0000,9885,0,64196640.000,0,-,-,-,-,3015.6000,3015.0000,3013.2000,3012.0000,3010.0000,3016.6000,3016.8000,3017.0000,3018.6000,3019.0000,1,2,1,1,3,1,1,1,1,1
SF,IH2003,2019-11-04 09:32:31.500,3016.0000,9885,0,64196640.000,0,-,-,-,-,3015.6000,3015.0000,3013.2000,3012.0000,3010.0000,3016.4000,3016.6000,3017.0000,3018.6000,3019.0000,1,2,1,1,3,1,1,1,1,1
SF,IH2003,2019-11-04 09:32:32.000,3016.0000,9885,0,64196640.000,0,-,-,-,-,3015.6000,3015.0000,3013.2000,3012.0000,3010.0000,3016.2000,3016.4000,3016.6000,3018.6000,3019.0000,1,2,1,1,3,1,1,1,1,1
SF,IH2003,2019-11-04 09:32:32.500,3016.0000,9885,0,64196640.000,0,-,-,-,-,3015.6000,3015.0000,3013.2000,3012.0000,3010.0000,3016.2000,3016.4000,3016.6000,3018.6000,3019.0000,1,2,1,1,3,1,1,1,1,1
SF,IH2003,2019-11-04 09:32:33.000,3015.6000,9885,0,65101320.000,1,0,1,多换,S,3015.0000,3013.2000,3012.0000,3010.0000,3009.6000,3015.6000,3016.2000,3016.4000,3016.6000,3018.6000,2,1,1,3,5,1,1,1,1,1
SF,IH2003,2019-11-04 09:32:33.500,3015.6000,9885,0,65101320.000,0,-,-,-,-,3015.0000,3013.2000,3012.0000,3010.0000,3009.6000,3015.6000,3016.2000,3016.4000,3016.6000,3018.6000,1,1,1,3,5,1,1,1,1,1
SF,IH2003,2019-11-04 09:32:34.000,3015.0000,9884,-1,66005820.000,1,0,1,双平,S,3013.2000,3012.0000,3010.0000,3009.6000,3007.6000,3015.0000,3015.6000,3016.2000,3016.4000,3016.6000,1,1,3,5,1,1,1,1,1,1
SF,IH2003,2019-11-04 09:32:34.500,3015.0000,9884,0,66005820.000,0,-,-,-,-,3014.0000,3013.6000,3013.4000,3013.2000,3012.0000,3015.6000,3016.2000,3016.4000,3016.6000,3018.6000,1,5,3,1,1,1,1,1,1,1
SF,IH2003,2019-11-04 09:32:35.000,3015.0000,9884,0,66005820.000,0,-,-,-,-,3014.0000,3013.6000,3013.4000,3012.0000,3010.0000,3015.4000,3015.6000,3016.2000,3016.4000,3018.6000,1,5,1,1,3,2,1,1,1,1
SF,IH2003,2019-11-04 09:32:35.500,3015.0000,9884,0,66005820.000,0,-,-,-,-,3013.4000,3012.0000,3010.0000,3009.6000,3007.6000,3015.4000,3015.6000,3016.2000,3016.4000,3018.6000,1,1,3,5,1,3,1,1,1,1
SF,IH2003,2019-11-04 09:32:36.000,3015.0000,9884,0,66005820.000,0,-,-,-,-,3013.6000,3013.4000,3012.0000,3010.0000,3009.6000,3015.4000,3015.6000,3016.2000,3016.4000,3018.6000,1,1,1,3,5,3,1,1,1,1
SF,IH2003,2019-11-04 09:32:37.000,3015.0000,9884,0,66005820.000,0,-,-,-,-,3013.6000,3012.0000,3010.0000,3009.6000,3007.6000,3015.4000,3015.6000,3016.2000,3016.4000,3018.6000,1,1,3,5,1,3,1,1,1,1
SF,IH2003,2019-11-04 09:32:37.500,3015.0000,9884,0,66005820.000,0,-,-,-,-,3013.6000,3012.0000,3010.0000,3009.6000,3007.6000,3015.4000,3015.6000,3016.2000,3016.4000,3018.6000,1,1,3,5,1,2,1,1,1,1
SF,IH2003,2019-11-04 09:32:38.000,3015.0000,9884,0,66005820.000,0,-,-,-,-,3013.8000,3013.6000,3012.0000,3010.0000,3009.6000,3015.4000,3015.6000,3016.2000,3016.4000,3018.6000,1,1,1,3,5,2,1,1,1,1
SF,IH2003,2019-11-04 09:32:38.500,3015.0000,9884,0,66005820.000,0,-,-,-,-,3013.8000,3013.6000,3012.0000,3010.0000,3009.6000,3015.4000,3015.6000,3016.2000,3016.4000,3018.6000,1,1,1,3,5,2,1,1,1,1
SF,IH2003,2019-11-04 09:32:39.000,3015.0000,9884,0,66005820.000,0,-,-,-,-,3013.8000,3013.6000,3012.0000,3010.0000,3009.6000,3015.4000,3015.6000,3016.2000,3016.4000,3018.6000,1,2,1,3,5,2,1,1,1,1
SF,IH2003,2019-11-04 09:32:39.500,3015.0000,9884,0,66005820.000,0,-,-,-,-,3015.0000,3013.6000,3012.0000,3010.0000,3009.6000,3015.2000,3015.4000,3015.6000,3016.2000,3016.4000,1,2,1,3,5,1,2,1,1,1
SF,IH2003,2019-11-04 09:32:40.000,3015.0000,9884,0,66910320.000,1,0,1,多换,S,3013.6000,3012.0000,3010.0000,3009.6000,3005.0000,3014.2000,3014.8000,3015.0000,3015.2000,3015.4000,2,1,3,5,6,2,1,1,1,1
SF,IH2003,2019-11-04 09:32:40.500,3015.0000,9884,0,66910320.000,0,-,-,-,-,3013.6000,3012.0000,3010.0000,3009.6000,3005.0000,3015.0000,3015.2000,3015.4000,3015.6000,3016.4000,2,1,3,5,6,2,1,1,1,1
SF,IH2003,2019-11-04 09:32:41.000,3015.0000,9884,0,66910320.000,0,-,-,-,-,3014.2000,3013.8000,3013.6000,3012.0000,3010.0000,3015.0000,3015.4000,3015.6000,3016.4000,3018.6000,1,7,2,1,3,1,1,1,1,1
SF,IH2003,2019-11-04 09:32:41.500,3015.0000,9884,0,66910320.000,0,-,-,-,-,3014.2000,3013.6000,3012.0000,3010.0000,3009.6000,3015.4000,3015.6000,3016.4000,3018.6000,3019.0000,1,2,1,3,5,1,1,1,1,1
SF,IH2003,2019-11-04 09:32:42.000,3015.0000,9884,0,66910320.000,0,-,-,-,-,3014.2000,3013.6000,3012.0000,3010.0000,3009.6000,3015.6000,3016.4000,3018.6000,3019.0000,3020.0000,2,2,1,3,5,1,1,1,1,3
SF,IH2003,2019-11-04 09:32:42.500,3015.0000,9884,0,66910320.000,0,-,-,-,-,3014.2000,3013.6000,3012.0000,3010.0000,3009.6000,3015.2000,3015.4000,3015.6000,3016.4000,3018.6000,1,2,1,3,5,2,1,1,1,1
SF,IH2003,2019-11-04 09:32:43.000,3015.0000,9884,0,66910320.000,0,-,-,-,-,3013.6000,3012.0000,3010.0000,3009.6000,3005.0000,3014.8000,3015.6000,3018.6000,3019.0000,3020.0000,2,1,3,5,6,1,1,1,1,3
SF,IH2003,2019-11-04 09:32:43.500,3015.0000,9884,0,66910320.000,0,-,-,-,-,3013.8000,3013.6000,3012.0000,3010.0000,3009.6000,3014.8000,3015.6000,3018.6000,3019.0000,3020.0000,1,2,1,3,5,1,1,1,1,3
SF,IH2003,2019-11-04 09:32:44.000,3014.8000,9884,0,67814760.000,1,0,1,多换,S,3014.0000,3013.8000,3013.6000,3012.0000,3010.0000,3015.6000,3018.6000,3019.0000,3020.0000,3022.0000,5,2,2,1,3,1,1,1,3,1
SF,IH2003,2019-11-04 09:32:44.500,3014.8000,9884,0,67814760.000,0,-,-,-,-,3013.6000,3012.0000,3010.0000,3009.6000,3005.0000,3015.4000,3015.6000,3018.6000,3019.0000,3020.0000,1,1,3,5,6,2,1,1,1,3
SF,IH2003,2019-11-04 09:32:45.000,3014.8000,9884,0,67814760.000,0,-,-,-,-,3013.8000,3013.6000,3012.0000,3010.0000,3009.6000,3015.4000,3015.6000,3018.6000,3019.0000,3020.0000,1,1,1,3,5,2,1,1,1,3
SF,IH2003,2019-11-04 09:32:48.500,3014.8000,9884,0,67814760.000,0,-,-,-,-,3013.8000,3013.6000,3012.0000,3010.0000,3009.6000,3015.2000,3015.4000,3015.6000,3018.6000,3019.0000,1,1,1,3,5,1,2,1,1,1
SF,IH2003,2019-11-04 09:32:49.000,3014.0000,9884,0,68718960.000,1,0,1,多换,S,3013.6000,3012.0000,3010.0000,3009.6000,3005.0000,3015.0000,3015.2000,3015.4000,3015.6000,3018.6000,1,1,3,5,6,3,1,1,1,1
SF,IH2003,2019-11-04 09:32:49.500,3014.0000,9884,0,68718960.000,0,-,-,-,-,3013.6000,3012.0000,3010.0000,3009.6000,3005.0000,3014.8000,3015.0000,3015.4000,3015.6000,3018.6000,1,1,3,5,6,1,3,1,1,1
SF,IH2003,2019-11-04 09:32:50.000,3014.0000,9884,0,68718960.000,0,-,-,-,-,3013.6000,3012.0000,3010.0000,3009.6000,3005.0000,3014.6000,3014.8000,3015.0000,3015.6000,3018.6000,1,1,3,5,6,2,1,1,1,1
SF,IH2003,2019-11-04 09:32:50.500,3014.0000,9884,0,68718960.000,0,-,-,-,-,3013.6000,3012.0000,3010.0000,3009.6000,3005.0000,3014.6000,3015.0000,3015.6000,3018.6000,3019.0000,1,1,3,5,6,2,1,1,1,1
SF,IH2003,2019-11-04 09:32:51.000,3014.0000,9884,0,68718960.000,0,-,-,-,-,3013.6000,3012.0000,3010.0000,3009.6000,3005.0000,3015.0000,3015.6000,3018.6000,3019.0000,3020.0000,1,1,3,5,6,1,1,1,1,3
SF,IH2003,2019-11-04 09:32:51.500,3014.0000,9884,0,68718960.000,0,-,-,-,-,3013.6000,3012.0000,3010.0000,3009.6000,3005.0000,3014.8000,3015.0000,3015.6000,3018.6000,3019.0000,1,1,3,5,6,1,1,1,1,1
SF,IH2003,2019-11-04 09:32:52.000,3014.0000,9884,0,68718960.000,0,-,-,-,-,3013.8000,3013.6000,3012.0000,3010.0000,3009.6000,3014.8000,3015.0000,3015.6000,3018.6000,3019.0000,1,1,1,2,5,1,1,1,1,1
SF,IH2003,2019-11-04 09:32:52.500,3014.0000,9884,0,68718960.000,0,-,-,-,-,3013.8000,3013.6000,3012.0000,3010.0000,3009.6000,3015.0000,3015.6000,3018.6000,3019.0000,3020.0000,1,1,1,2,5,1,1,1,1,3
SF,IH2003,2019-11-04 09:32:53.500,3015.0000,9885,1,69623460.000,1,1,0,双开,S,3013.8000,3013.6000,3012.0000,3010.0000,3009.6000,3015.6000,3018.6000,3019.0000,3020.0000,3022.0000,1,1,1,2,5,1,1,1,3,1
SF,IH2003,2019-11-04 09:32:54.000,3015.0000,9885,0,69623460.000,0,-,-,-,-,3013.8000,3013.6000,3012.0000,3010.0000,3009.6000,3015.4000,3015.6000,3018.6000,3019.0000,3020.0000,1,1,1,2,5,1,1,1,1,3
SF,IH2003,2019-11-04 09:32:54.500,3015.0000,9885,0,69623460.000,0,-,-,-,-,3014.0000,3013.8000,3013.6000,3012.0000,3010.0000,3015.4000,3015.6000,3018.6000,3019.0000,3020.0000,1,1,1,1,2,1,1,1,1,3
SF,IH2003,2019-11-04 09:32:56.500,3015.0000,9885,0,69623460.000,0,-,-,-,-,3014.2000,3014.0000,3013.8000,3013.6000,3012.0000,3015.4000,3015.6000,3018.6000,3019.0000,3020.0000,2,1,1,1,1,1,1,1,1,3
SF,IH2003,2019-11-04 09:32:57.000,3015.0000,9885,0,69623460.000,0,-,-,-,-,3015.6000,3015.4000,3014.4000,3014.2000,3013.6000,3018.6000,3019.0000,3020.0000,3022.0000,3023.0000,1,1,1,2,1,1,1,3,1,1
SF,IH2003,2019-11-04 09:32:57.500,3015.0000,9885,0,69623460.000,0,-,-,-,-,3015.4000,3014.6000,3014.4000,3014.2000,3013.6000,3017.0000,3018.0000,3018.2000,3018.4000,3018.6000,1,5,1,2,1,3,2,7,5,1
SF,IH2003,2019-11-04 09:32:58.000,3015.0000,9885,0,69623460.000,0,-,-,-,-,3015.4000,3014.6000,3014.4000,3014.2000,3013.6000,3016.8000,3018.2000,3018.4000,3018.6000,3019.0000,1,5,1,2,1,1,1,5,1,1
SF,IH2003,2019-11-04 09:32:58.500,3016.8000,9884,-1,70528500.000,1,0,1,双平,S,3017.0000,3015.8000,3015.6000,3015.4000,3014.2000,3018.0000,3018.2000,3018.4000,3018.6000,3019.0000,1,6,3,1,2,1,1,2,1,1
SF,IH2003,2019-11-04 09:32:59.000,3017.0000,9883,-1,71433600.000,1,0,1,双平,S,3015.8000,3015.6000,3015.4000,3014.2000,3013.6000,3017.8000,3018.0000,3018.4000,3018.6000,3019.0000,1,1,1,2,1,3,1,1,1,1
SF,IH2003,2019-11-04 09:32:59.500,3017.0000,9883,0,71433600.000,0,-,-,-,-,3016.0000,3015.8000,3015.6000,3015.4000,3014.2000,3017.8000,3018.4000,3018.6000,3019.0000,3020.0000,2,1,2,1,1,2,1,1,1,3
SF,IH2003,2019-11-04 09:33:00.000,3017.0000,9883,0,71433600.000,0,-,-,-,-,3016.0000,3015.6000,3015.4000,3013.6000,3012.0000,3017.8000,3018.4000,3018.6000,3019.0000,3020.0000,9,2,1,1,1,1,1,1,1,3
SF,IH2003,2019-11-04 09:33:00.500,3017.0000,9883,0,71433600.000,0,-,-,-,-,3016.6000,3016.0000,3015.6000,3015.4000,3013.6000,3017.8000,3018.4000,3018.6000,3019.0000,3020.0000,1,3,2,1,1,1,1,1,1,3
SF,IH2003,2019-11-04 09:33:01.000,3017.0000,9883,0,71433600.000,0,-,-,-,-,3016.8000,3016.6000,3016.4000,3016.2000,3016.0000,3018.4000,3018.6000,3019.0000,3020.0000,3022.0000,1,1,5,1,1,1,1,1,3,1
SF,IH2003,2019-11-04 09:33:01.500,3017.0000,9883,0,71433600.000,0,-,-,-,-,3016.8000,3016.6000,3016.0000,3015.6000,3015.4000,3018.2000,3018.4000,3018.6000,3019.0000,3020.0000,1,1,1,2,1,2,1,1,1,3
SF,IH2003,2019-11-04 09:33:02.000,3017.0000,9883,0,71433600.000,0,-,-,-,-,3016.8000,3016.6000,3016.0000,3015.6000,3015.4000,3018.0000,3018.2000,3018.4000,3018.6000,3019.0000,1,1,1,2,1,2,2,1,1,1
SF,IH2003,2019-11-04 09:33:02.500,3017.0000,9883,0,71433600.000,0,-,-,-,-,3016.8000,3016.6000,3016.0000,3015.6000,3015.4000,3018.2000,3018.4000,3018.6000,3019.0000,3020.0000,1,1,1,2,1,1,1,1,1,3
SF,IH2003,2019-11-04 09:33:03.000,3017.0000,9883,0,71433600.000,0,-,-,-,-,3018.0000,3016.8000,3016.6000,3016.0000,3015.6000,3018.2000,3018.4000,3018.6000,3019.0000,3020.0000,1,1,1,1,2,1,1,1,1,3
SF,IH2003,2019-11-04 09:33:03.500,3018.0000,9883,0,72339000.000,1,0,1,多换,S,3016.6000,3016.0000,3015.6000,3015.0000,3013.6000,3018.6000,3019.0000,3020.0000,3022.0000,3023.0000,1,1,2,1,1,1,1,3,1,1
SF,IH2003,2019-11-04 09:33:04.000,3018.0000,9883,0,72339000.000,0,-,-,-,-,3016.8000,3016.6000,3016.0000,3015.6000,3015.0000,3018.6000,3019.0000,3020.0000,3022.0000,3023.0000,9,1,1,1,1,1,1,3,1,1
SF,IH2003,2019-11-04 09:33:04.500,3018.0000,9883,0,72339000.000,0,-,-,-,-,3016.8000,3016.0000,3015.6000,3015.0000,3013.6000,3018.6000,3019.0000,3020.0000,3022.0000,3023.0000,9,1,1,1,1,1,1,3,1,1
SF,IH2003,2019-11-04 09:33:05.000,3018.0000,9883,0,72339000.000,0,-,-,-,-,3017.4000,3017.0000,3016.8000,3016.0000,3015.0000,3018.6000,3019.0000,3020.0000,3022.0000,3023.0000,1,1,9,1,1,1,1,3,1,1
SF,IH2003,2019-11-04 09:33:05.500,3018.0000,9883,0,72339000.000,0,-,-,-,-,3017.6000,3017.4000,3017.0000,3016.8000,3016.0000,3018.6000,3019.0000,3020.0000,3022.0000,3023.0000,1,1,1,7,1,1,1,3,1,1
SF,IH2003,2019-11-04 09:33:06.000,3018.0000,9883,0,72339000.000,0,-,-,-,-,3017.6000,3017.4000,3017.0000,3016.8000,3016.0000,3018.6000,3019.0000,3020.0000,3022.0000,3023.0000,1,1,1,7,1,1,1,3,1,1
SF,IH2003,2019-11-04 09:33:06.500,3018.0000,9883,0,72339000.000,0,-,-,-,-,3017.6000,3017.4000,3017.0000,3016.8000,3016.0000,3018.6000,3019.0000,3020.0000,3022.0000,3023.0000,1,1,1,7,1,1,1,3,1,1
SF,IH2003,2019-11-04 09:33:07.000,3018.0000,9883,0,72339000.000,0,-,-,-,-,3017.6000,3017.4000,3017.0000,3016.8000,3016.0000,3018.6000,3019.0000,3020.0000,3022.0000,3023.0000,1,1,1,7,1,1,1,3,1,1
SF,IH2003,2019-11-04 09:33:07.500,3018.6000,9882,-1,73244580.000,1,0,1,双平,S,3017.6000,3017.4000,3017.0000,3016.8000,3016.0000,3019.0000,3020.0000,3022.0000,3023.0000,3024.8000,1,1,1,7,1,1,3,1,1,1
SF,IH2003,2019-11-04 09:33:08.000,3018.6000,9882,0,73244580.000,0,-,-,-,-,3018.6000,3017.6000,3017.4000,3017.0000,3016.8000,3019.0000,3020.0000,3022.0000,3023.0000,3024.8000,1,1,1,1,7,1,3,1,1,1
SF,IH2003,2019-11-04 09:33:08.500,3019.0000,9882,0,74150280.000,1,0,1,多换,S,3017.4000,3017.0000,3016.8000,3016.0000,3015.0000,3018.4000,3020.0000,3022.0000,3023.0000,3024.8000,1,1,7,1,1,1,3,1,1,1
SF,IH2003,2019-11-04 09:33:09.000,3018.4000,9881,-1,75055800.000,1,0,1,双平,S,3018.6000,3017.6000,3017.4000,3017.0000,3016.8000,3020.0000,3022.0000,3023.0000,3024.8000,3027.0000,2,4,1,1,7,3,1,1,1,1
SF,IH2003,2019-11-04 09:33:09.500,3018.4000,9881,0,75055800.000,0,-,-,-,-,3017.4000,3016.8000,3015.0000,3013.6000,3012.0000,3018.8000,3019.6000,3019.8000,3020.0000,3022.0000,1,7,1,1,1,1,1,4,3,1
SF,IH2003,2019-11-04 09:33:10.000,3018.4000,9881,0,75055800.000,0,-,-,-,-,3017.6000,3017.4000,3016.8000,3015.0000,3013.6000,3018.8000,3019.8000,3020.0000,3022.0000,3023.0000,1,1,7,1,1,1,2,3,1,1
SF,IH2003,2019-11-04 09:33:10.500,3018.4000,9881,0,75055800.000,0,-,-,-,-,3017.6000,3017.4000,3016.8000,3015.0000,3013.6000,3018.8000,3019.8000,3020.0000,3022.0000,3023.0000,2,1,7,1,1,1,2,3,1,1
SF,IH2003,2019-11-04 09:33:11.000,3018.4000,9881,0,75055800.000,0,-,-,-,-,3017.6000,3016.8000,3015.0000,3013.6000,3012.0000,3018.8000,3019.8000,3020.0000,3022.0000,3023.0000,1,7,1,1,1,1,2,3,1,1
SF,IH2003,2019-11-04 09:33:11.500,3018.4000,9881,0,75055800.000,0,-,-,-,-,3017.8000,3017.6000,3016.8000,3015.0000,3013.6000,3018.8000,3019.8000,3020.0000,3022.0000,3023.0000,1,1,7,1,1,1,2,3,1,1
SF,IH2003,2019-11-04 09:33:12.000,3018.4000,9881,0,75055800.000,0,-,-,-,-,3017.8000,3016.8000,3015.0000,3013.6000,3012.0000,3018.8000,3019.8000,3020.0000,3022.0000,3023.0000,1,7,1,1,1,1,2,3,1,1
SF,IH2003,2019-11-04 09:33:13.500,3017.8000,9880,-1,75961140.000,1,0,1,双平,S,3016.8000,3015.0000,3013.6000,3012.0000,3010.0000,3017.8000,3018.4000,3018.8000,3019.8000,3020.0000,7,1,1,1,2,2,1,1,2,3
SF,IH2003,2019-11-04 09:33:14.000,3017.8000,9880,0,75961140.000,0,-,-,-,-,3017.0000,3016.8000,3015.0000,3013.6000,3012.0000,3017.8000,3018.4000,3018.6000,3018.8000,3019.8000,1,1,1,1,1,2,1,2,1,1
SF,IH2003,2019-11-04 09:33:14.500,3017.8000,9880,0,75961140.000,0,-,-,-,-,3017.0000,3015.0000,3013.6000,3012.0000,3010.0000,3017.8000,3018.4000,3018.6000,3018.8000,3019.8000,1,1,1,1,2,2,1,2,1,1
SF,IH2003,2019-11-04 09:33:15.000,3017.8000,9880,0,75961140.000,0,-,-,-,-,3015.0000,3013.6000,3012.0000,3010.0000,3009.6000,3017.6000,3017.8000,3018.4000,3018.6000,3018.8000,1,1,1,2,5,2,2,1,1,1
SF,IH2003,2019-11-04 09:33:15.500,3017.8000,9880,0,75961140.000,0,-,-,-,-,3016.0000,3015.6000,3015.4000,3015.2000,3015.0000,3017.0000,3017.8000,3018.4000,3018.6000,3018.8000,3,1,6,2,5,1,2,1,1,1
SF,IH2003,2019-11-04 09:33:16.000,3017.8000,9880,0,75961140.000,0,-,-,-,-,3017.0000,3016.2000,3016.0000,3015.6000,3015.2000,3017.4000,3017.8000,3018.4000,3018.6000,3018.8000,2,1,3,1,1,2,2,1,1,1
SF,IH2003,2019-11-04 09:33:16.500,3017.0000,9879,-1,77771340.000,2,0,2,多平,S,3016.2000,3015.6000,3015.2000,3015.0000,3013.6000,3017.0000,3017.8000,3018.4000,3018.6000,3018.8000,1,1,1,4,1,2,2,1,1,1
SF,IH2003,2019-11-04 09:33:17.000,3017.0000,9879,0,77771340.000,0,-,-,-,-,3015.6000,3015.2000,3015.0000,3013.6000,3012.0000,3017.0000,3017.8000,3018.4000,3018.6000,3018.8000,1,1,4,1,1,2,2,1,1,1
SF,IH2003,2019-11-04 09:33:17.500,3017.0000,9879,0,77771340.000,0,-,-,-,-,3015.8000,3015.6000,3015.2000,3015.0000,3013.6000,3017.0000,3017.8000,3018.4000,3018.6000,3018.8000,3,1,1,4,1,2,2,1,1,1
SF,IH2003,2019-11-04 09:33:18.000,3017.0000,9879,0,77771340.000,0,-,-,-,-,3015.8000,3015.6000,3015.2000,3015.0000,3013.6000,3017.0000,3017.8000,3018.4000,3018.6000,3018.8000,3,1,1,4,1,2,2,1,1,1
SF,IH2003,2019-11-04 09:33:19.000,3017.0000,9879,0,77771340.000,0,-,-,-,-,3015.8000,3015.2000,3015.0000,3013.6000,3012.0000,3017.0000,3017.8000,3018.4000,3018.6000,3018.8000,3,1,3,1,1,2,2,1,1,1
SF,IH2003,2019-11-04 09:33:19.500,3017.0000,9879,0,77771340.000,0,-,-,-,-,3015.8000,3015.2000,3015.0000,3013.6000,3012.0000,3017.0000,3017.8000,3018.4000,3018.6000,3018.8000,3,1,3,1,1,2,2,1,1,1
SF,IH2003,2019-11-04 09:33:20.000,3017.0000,9879,0,77771340.000,0,-,-,-,-,3015.8000,3015.2000,3015.0000,3013.6000,3012.0000,3017.8000,3018.4000,3018.6000,3018.8000,3019.8000,3,1,3,1,1,2,1,1,1,1
SF,IH2003,2019-11-04 09:33:20.500,3017.0000,9879,0,77771340.000,0,-,-,-,-,3016.0000,3015.8000,3015.6000,3015.2000,3015.0000,3017.6000,3017.8000,3018.4000,3018.6000,3018.8000,6,3,1,1,3,1,2,1,1,1
SF,IH2003,2019-11-04 09:33:21.000,3017.0000,9879,0,77771340.000,0,-,-,-,-,3016.2000,3015.8000,3015.6000,3015.2000,3015.0000,3017.6000,3017.8000,3018.4000,3018.6000,3018.8000,1,1,1,1,3,2,2,1,1,1
SF,IH2003,2019-11-04 09:33:21.500,3017.0000,9879,0,77771340.000,0,-,-,-,-,3016.2000,3015.8000,3015.6000,3015.2000,3015.0000,3017.4000,3017.6000,3017.8000,3018.4000,3018.6000,1,1,1,1,3,1,2,2,1,1
SF,IH2003,2019-11-04 09:33:22.000,3017.0000,9879,0,77771340.000,0,-,-,-,-,3015.8000,3015.2000,3015.0000,3013.6000,3012.0000,3017.2000,3017.4000,3017.6000,3017.8000,3018.4000,1,1,3,1,1,2,1,1,2,1
SF,IH2003,2019-11-04 09:33:22.500,3017.0000,9879,0,77771340.000,0,-,-,-,-,3016.0000,3015.8000,3015.6000,3015.2000,3015.0000,3017.2000,3017.6000,3017.8000,3018.4000,3018.6000,1,1,1,1,3,2,1,2,1,1
SF,IH2003,2019-11-04 09:33:23.000,3017.0000,9879,0,77771340.000,0,-,-,-,-,3016.0000,3015.8000,3015.6000,3015.2000,3015.0000,3017.2000,3017.6000,3017.8000,3018.4000,3018.6000,1,1,1,1,3,1,1,2,1,1
SF,IH2003,2019-11-04 09:33:24.000,3017.0000,9879,0,77771340.000,0,-,-,-,-,3016.0000,3015.8000,3015.2000,3015.0000,3013.6000,3017.2000,3017.6000,3017.8000,3018.4000,3018.6000,1,1,1,3,1,1,1,2,1,1
SF,IH2003,2019-11-04 09:33:25.000,3017.0000,9879,0,77771340.000,0,-,-,-,-,3016.0000,3015.8000,3015.2000,3015.0000,3013.6000,3017.6000,3017.8000,3018.4000,3018.6000,3018.8000,1,1,1,3,1,1,2,1,1,1
SF,IH2003,2019-11-04 09:33:25.500,3017.0000,9879,0,77771340.000,0,-,-,-,-,3017.2000,3016.2000,3016.0000,3015.8000,3015.0000,3017.8000,3018.4000,3018.6000,3018.8000,3019.8000,1,7,1,1,3,2,1,1,1,1
SF,IH2003,2019-11-04 09:33:26.000,3017.8000,9879,0,78676680.000,1,0,1,多换,S,3017.2000,3016.2000,3015.8000,3015.0000,3013.6000,3018.4000,3018.6000,3018.8000,3019.8000,3020.0000,1,7,1,3,1,1,1,1,1,3
SF,IH2003,2019-11-04 09:33:26.500,3017.2000,9878,-1,79581840.000,1,0,1,双平,S,3015.0000,3013.6000,3012.0000,3010.0000,3009.6000,3017.2000,3017.6000,3018.0000,3018.2000,3018.4000,3,1,1,2,5,1,2,2,3,2
SF,IH2003,2019-11-04 09:33:27.000,3017.2000,9877,-1,80487000.000,1,0,1,双平,S,3016.0000,3015.6000,3015.4000,3015.2000,3015.0000,3018.0000,3018.4000,3018.6000,3018.8000,3020.0000,3,1,6,2,4,1,1,1,1,3
SF,IH2003,2019-11-04 09:33:27.500,3017.2000,9877,0,80487000.000,0,-,-,-,-,3016.4000,3016.2000,3016.0000,3015.4000,3015.2000,3018.4000,3018.8000,3020.0000,3022.0000,3023.0000,5,2,3,1,2,1,1,3,1,1
SF,IH2003,2019-11-04 09:33:28.000,3017.2000,9877,0,80487000.000,0,-,-,-,-,3016.8000,3016.6000,3016.2000,3015.4000,3015.2000,3018.2000,3018.4000,3018.8000,3020.0000,3022.0000,1,2,2,1,1,2,1,1,3,1
SF,IH2003,2019-11-04 09:33:28.500,3017.2000,9877,0,80487000.000,0,-,-,-,-,3016.8000,3016.6000,3016.2000,3015.4000,3015.2000,3018.2000,3018.4000,3018.8000,3020.0000,3022.0000,1,1,2,1,1,2,1,1,3,1
SF,IH2003,2019-11-04 09:33:29.000,3017.2000,9877,0,80487000.000,0,-,-,-,-,3017.0000,3016.8000,3016.6000,3016.2000,3015.4000,3018.2000,3018.4000,3018.8000,3020.0000,3022.0000,1,1,1,2,1,1,1,1,3,1
SF,IH2003,2019-11-04 09:33:31.000,3017.0000,9876,-1,81392100.000,1,0,1,双平,S,3016.8000,3016.6000,3016.2000,3015.6000,3015.4000,3017.0000,3018.2000,3018.4000,3018.8000,3020.0000,1,1,2,1,1,1,1,1,1,3
SF,IH2003,2019-11-04 09:33:31.500,3016.8000,9877,1,83202240.000,2,1,1,空开,S,3016.2000,3015.4000,3015.2000,3015.0000,3013.6000,3016.8000,3018.0000,3018.4000,3018.8000,3020.0000,1,1,1,4,1,1,1,1,1,3
SF,IH2003,2019-11-04 09:33:32.000,3016.8000,9877,0,83202240.000,0,-,-,-,-,3015.0000,3013.6000,3012.0000,3010.0000,3009.6000,3016.8000,3018.0000,3018.4000,3018.8000,3020.0000,3,1,1,2,5,1,1,1,1,3
SF,IH2003,2019-11-04 09:33:32.500,3016.8000,9877,0,83202240.000,0,-,-,-,-,3015.2000,3015.0000,3013.6000,3012.0000,3010.0000,3016.2000,3016.8000,3018.0000,3018.4000,3018.8000,8,1,1,1,2,1,1,1,1,1
SF,IH2003,2019-11-04 09:33:33.000,3016.8000,9877,0,83202240.000,0,-,-,-,-,3015.2000,3015.0000,3013.6000,3012.0000,3010.0000,3016.2000,3016.8000,3018.0000,3018.4000,3018.8000,2,1,1,1,2,1,1,1,1,1
SF,IH2003,2019-11-04 09:33:33.500,3016.8000,9877,0,83202240.000,0,-,-,-,-,3015.2000,3015.0000,3013.6000,3012.0000,3010.0000,3016.8000,3018.0000,3018.4000,3018.8000,3020.0000,2,1,1,1,2,1,1,1,1,3
SF,IH2003,2019-11-04 09:33:34.000,3016.8000,9877,0,83202240.000,0,-,-,-,-,3016.2000,3015.6000,3015.4000,3015.2000,3015.0000,3016.6000,3016.8000,3018.0000,3018.4000,3018.8000,1,5,1,2,2,2,1,1,1,1
SF,IH2003,2019-11-04 09:33:34.500,3016.8000,9877,0,83202240.000,0,-,-,-,-,3016.2000,3015.6000,3015.4000,3015.2000,3015.0000,3016.6000,3016.8000,3018.0000,3018.4000,3018.8000,1,5,1,1,3,1,1,1,1,1
SF,IH2003,2019-11-04 09:33:35.000,3016.6000,9876,-1,84107220.000,1,0,1,双平,S,3016.2000,3015.4000,3015.2000,3015.0000,3013.6000,3016.4000,3016.8000,3017.6000,3018.0000,3018.4000,1,2,1,1,1,1,1,1,1,1
SF,IH2003,2019-11-04 09:33:35.500,3016.4000,9875,-1,85012140.000,1,0,1,双平,S,3016.4000,3016.2000,3015.4000,3015.2000,3015.0000,3016.8000,3018.0000,3018.4000,3018.8000,3020.0000,1,1,1,1,1,1,1,1,1,3
SF,IH2003,2019-11-04 09:33:36.000,3016.4000,9874,-1,85917060.000,1,0,1,双平,S,3015.2000,3015.0000,3013.6000,3012.0000,3010.0000,3016.4000,3016.8000,3018.0000,3018.4000,3018.8000,1,1,1,1,2,1,1,1,1,1
SF,IH2003,2019-11-04 09:33:36.500,3016.4000,9874,0,85917060.000,0,-,-,-,-,3015.6000,3015.4000,3015.2000,3015.0000,3013.6000,3016.2000,3016.4000,3016.8000,3018.0000,3018.4000,5,2,1,1,1,1,1,1,1,1
SF,IH2003,2019-11-04 09:33:37.000,3016.4000,9874,0,85917060.000,0,-,-,-,-,3015.4000,3015.2000,3015.0000,3013.6000,3012.0000,3016.2000,3016.4000,3016.8000,3018.0000,3018.4000,1,1,1,1,1,1,1,1,1,1
SF,IH2003,2019-11-04 09:33:37.500,3016.4000,9874,0,85917060.000,0,-,-,-,-,3015.6000,3015.4000,3015.2000,3015.0000,3013.6000,3016.4000,3016.8000,3018.0000,3018.4000,3018.8000,5,1,1,1,1,1,1,1,1,1
SF,IH2003,2019-11-04 09:33:38.000,3016.4000,9874,0,85917060.000,0,-,-,-,-,3015.4000,3015.0000,3013.6000,3012.0000,3010.0000,3016.4000,3016.8000,3018.0000,3018.4000,3018.8000,1,1,1,1,2,1,1,1,1,1
SF,IH2003,2019-11-04 09:33:38.500,3016.4000,9874,0,85917060.000,0,-,-,-,-,3015.8000,3015.6000,3015.4000,3015.0000,3013.6000,3016.8000,3018.0000,3018.4000,3018.8000,3020.0000,1,2,1,1,1,1,1,1,1,3
SF,IH2003,2019-11-04 09:33:39.000,3016.4000,9874,0,85917060.000,0,-,-,-,-,3015.0000,3013.6000,3012.0000,3010.0000,3009.6000,3016.8000,3018.0000,3018.4000,3018.8000,3020.0000,1,1,1,2,5,1,1,1,1,3
SF,IH2003,2019-11-04 09:33:39.500,3016.4000,9874,0,85917060.000,0,-,-,-,-,3015.0000,3013.6000,3012.0000,3010.0000,3009.6000,3016.6000,3016.8000,3018.4000,3018.8000,3020.0000,1,1,1,2,5,2,1,1,1,3
SF,IH2003,2019-11-04 09:33:40.500,3016.4000,9874,0,85917060.000,0,-,-,-,-,3015.0000,3013.6000,3012.0000,3010.0000,3009.6000,3016.6000,3016.8000,3018.4000,3018.8000,3020.0000,1,1,1,2,5,1,1,1,1,3
SF,IH2003,2019-11-04 09:33:41.000,3016.8000,9872,-2,87727080.000,2,0,2,双平,S,3015.6000,3015.4000,3015.2000,3015.0000,3013.6000,3018.0000,3018.4000,3018.8000,3020.0000,3022.0000,1,6,6,5,1,1,1,1,3,1
SF,IH2003,2019-11-04 09:33:41.500,3016.8000,9872,0,87727080.000,0,-,-,-,-,3015.8000,3015.2000,3015.0000,3013.6000,3012.0000,3017.6000,3017.8000,3018.0000,3018.4000,3018.8000,1,1,1,1,1,6,4,1,1,1
SF,IH2003,2019-11-04 09:33:42.000,3016.8000,9872,0,87727080.000,0,-,-,-,-,3015.8000,3015.0000,3013.6000,3012.0000,3010.0000,3017.4000,3017.6000,3018.4000,3018.8000,3020.0000,1,1,1,1,2,2,1,1,1,3
SF,IH2003,2019-11-04 09:33:42.500,3016.8000,9872,0,87727080.000,0,-,-,-,-,3015.8000,3015.0000,3013.6000,3012.0000,3010.0000,3017.2000,3017.4000,3018.4000,3018.8000,3020.0000,1,1,1,1,2,1,2,1,1,3
SF,IH2003,2019-11-04 09:33:43.000,3016.8000,9872,0,87727080.000,0,-,-,-,-,3015.8000,3015.0000,3013.6000,3012.0000,3010.0000,3017.2000,3017.4000,3018.4000,3018.8000,3020.0000,1,1,1,1,2,1,1,1,1,3
SF,IH2003,2019-11-04 09:33:44.500,3016.8000,9872,0,87727080.000,0,-,-,-,-,3015.8000,3015.6000,3015.0000,3013.6000,3012.0000,3017.2000,3018.4000,3018.8000,3020.0000,3022.0000,1,1,1,1,1,1,1,1,3,1
SF,IH2003,2019-11-04 09:33:45.000,3016.8000,9872,0,87727080.000,0,-,-,-,-,3015.8000,3015.0000,3013.6000,3012.0000,3010.0000,3018.4000,3018.8000,3020.0000,3022.0000,3023.0000,1,1,1,1,2,1,1,3,1,1
SF,IH2003,2019-11-04 09:33:45.500,3016.8000,9872,0,87727080.000,0,-,-,-,-,3016.2000,3016.0000,3015.8000,3015.6000,3015.0000,3018.2000,3018.4000,3018.8000,3020.0000,3022.0000,1,6,1,1,1,3,1,1,3,1
SF,IH2003,2019-11-04 09:33:46.000,3016.8000,9872,0,87727080.000,0,-,-,-,-,3016.4000,3016.2000,3015.6000,3015.0000,3013.6000,3018.2000,3018.4000,3018.8000,3020.0000,3022.0000,2,1,1,1,1,3,1,1,3,1
SF,IH2003,2019-11-04 09:33:46.500,3016.8000,9872,0,87727080.000,0,-,-,-,-,3016.4000,3015.6000,3015.0000,3013.6000,3012.0000,3018.2000,3018.4000,3018.8000,3020.0000,3022.0000,2,1,1,1,1,3,1,1,3,1
SF,IH2003,2019-11-04 09:33:48.500,3016.8000,9872,0,87727080.000,0,-,-,-,-,3016.4000,3015.6000,3015.0000,3013.6000,3012.0000,3018.0000,3018.2000,3018.4000,3018.8000,3020.0000,2,1,1,1,1,1,3,1,1,3
SF,IH2003,2019-11-04 09:33:49.000,3016.8000,9872,0,87727080.000,0,-,-,-,-,3016.4000,3015.6000,3015.0000,3013.6000,3012.0000,3017.8000,3018.0000,3018.2000,3018.4000,3018.8000,2,1,1,1,1,1,1,1,1,1
SF,IH2003,2019-11-04 09:33:49.500,3016.8000,9872,0,87727080.000,0,-,-,-,-,3016.6000,3016.4000,3015.6000,3015.0000,3013.6000,3017.8000,3018.0000,3018.2000,3018.4000,3018.8000,1,2,1,1,1,1,1,2,1,1
SF,IH2003,2019-11-04 09:33:50.000,3016.8000,9872,0,87727080.000,0,-,-,-,-,3016.8000,3016.6000,3015.6000,3015.0000,3013.6000,3017.8000,3018.0000,3018.2000,3018.4000,3018.8000,1,1,1,1,1,1,1,2,1,1
SF,IH2003,2019-11-04 09:33:51.500,3017.8000,9872,0,88632420.000,1,0,1,多换,S,3016.8000,3016.6000,3015.6000,3015.0000,3013.6000,3018.0000,3018.2000,3018.4000,3018.8000,3020.0000,1,1,1,1,1,1,2,1,1,3
SF,IH2003,2019-11-04 09:33:52.000,3017.8000,9872,0,88632420.000,0,-,-,-,-,3017.0000,3016.8000,3016.6000,3015.6000,3015.0000,3018.0000,3018.2000,3018.4000,3018.8000,3020.0000,1,1,1,1,1,1,1,1,1,3
SF,IH2003,2019-11-04 09:33:52.500,3017.8000,9872,0,88632420.000,0,-,-,-,-,3016.6000,3015.6000,3015.0000,3013.6000,3012.0000,3018.0000,3018.2000,3018.4000,3018.8000,3020.0000,1,1,1,1,1,1,1,1,1,3
SF,IH2003,2019-11-04 09:33:53.000,3017.8000,9872,0,88632420.000,0,-,-,-,-,3016.8000,3016.6000,3015.6000,3015.0000,3013.6000,3018.0000,3018.2000,3018.4000,3018.8000,3020.0000,2,1,1,1,1,1,1,1,1,3
SF,IH2003,2019-11-04 09:33:53.500,3017.8000,9872,0,88632420.000,0,-,-,-,-,3016.8000,3016.6000,3015.6000,3015.0000,3013.6000,3018.0000,3018.2000,3018.4000,3018.8000,3020.0000,1,1,1,1,1,1,1,1,1,3
SF,IH2003,2019-11-04 09:33:56.500,3017.8000,9872,0,88632420.000,0,-,-,-,-,3016.8000,3016.6000,3015.6000,3015.0000,3013.6000,3018.0000,3018.2000,3018.4000,3018.8000,3020.0000,1,1,1,1,1,1,1,1,2,3
SF,IH2003,2019-11-04 09:33:57.000,3017.8000,9872,0,88632420.000,0,-,-,-,-,3016.8000,3016.6000,3015.6000,3015.0000,3013.6000,3018.0000,3018.2000,3018.4000,3018.8000,3020.0000,1,1,1,1,1,1,1,1,2,3
SF,IH2003,2019-11-04 09:34:03.000,3016.8000,9871,-1,89537460.000,1,0,1,双平,S,3016.6000,3015.8000,3015.6000,3015.0000,3013.6000,3016.8000,3017.8000,3018.0000,3018.2000,3018.4000,1,1,1,1,1,1,1,2,1,1
SF,IH2003,2019-11-04 09:34:03.500,3016.6000,9870,-1,91347420.000,2,0,2,多平,S,3015.6000,3015.0000,3013.6000,3012.0000,3010.0000,3017.8000,3018.0000,3018.2000,3018.4000,3018.8000,1,1,1,1,2,1,1,1,1,2
SF,IH2003,2019-11-04 09:34:04.000,3016.6000,9870,0,91347420.000,0,-,-,-,-,3015.8000,3015.0000,3013.6000,3012.0000,3010.0000,3017.6000,3017.8000,3018.0000,3018.2000,3018.4000,7,1,1,1,2,2,1,1,1,1
SF,IH2003,2019-11-04 09:34:04.500,3016.6000,9870,0,91347420.000,0,-,-,-,-,3015.8000,3015.0000,3013.6000,3012.0000,3010.0000,3017.4000,3017.6000,3018.0000,3018.2000,3018.4000,1,1,1,1,2,1,2,1,1,1
SF,IH2003,2019-11-04 09:34:05.000,3016.6000,9870,0,91347420.000,0,-,-,-,-,3015.0000,3013.6000,3012.0000,3010.0000,3009.6000,3017.2000,3017.4000,3017.6000,3018.0000,3018.2000,1,1,1,2,5,2,1,1,1,1
SF,IH2003,2019-11-04 09:34:05.500,3016.6000,9870,0,91347420.000,0,-,-,-,-,3015.2000,3015.0000,3013.6000,3012.0000,3010.0000,3017.0000,3017.2000,3018.0000,3018.2000,3018.4000,1,1,1,1,2,1,2,1,1,1
SF,IH2003,2019-11-04 09:34:06.000,3016.6000,9870,0,91347420.000,0,-,-,-,-,3015.2000,3015.0000,3013.6000,3012.0000,3010.0000,3016.8000,3017.0000,3018.0000,3018.2000,3018.4000,1,1,1,1,2,1,2,1,1,1
SF,IH2003,2019-11-04 09:34:07.000,3016.6000,9870,0,91347420.000,0,-,-,-,-,3015.2000,3015.0000,3013.6000,3012.0000,3010.0000,3016.8000,3017.0000,3018.0000,3018.2000,3018.4000,1,1,1,1,2,1,1,1,1,1
SF,IH2003,2019-11-04 09:34:07.500,3016.6000,9870,0,91347420.000,0,-,-,-,-,3015.2000,3015.0000,3013.6000,3012.0000,3010.0000,3016.8000,3018.0000,3018.2000,3018.4000,3018.8000,1,1,1,1,2,1,1,1,1,2
SF,IH2003,2019-11-04 09:34:10.000,3016.8000,9869,-1,92252460.000,1,0,1,双平,S,3016.8000,3015.2000,3015.0000,3013.6000,3012.0000,3018.0000,3018.2000,3018.4000,3018.8000,3020.0000,3,1,1,1,1,1,1,1,2,3
SF,IH2003,2019-11-04 09:34:10.500,3016.8000,9867,-2,94967580.000,3,0,3,多平,S,3015.0000,3013.6000,3012.0000,3010.0000,3009.6000,3016.0000,3016.6000,3017.2000,3017.6000,3017.8000,1,1,1,2,5,2,1,3,6,2
SF,IH2003,2019-11-04 09:34:11.000,3016.8000,9867,0,94967580.000,0,-,-,-,-,3015.2000,3015.0000,3013.6000,3012.0000,3010.0000,3016.0000,3017.6000,3017.8000,3018.0000,3018.2000,1,1,1,1,2,2,7,2,3,1
SF,IH2003,2019-11-04 09:34:11.500,3015.0000,9867,0,96776640.000,2,1,1,多换,S,3013.8000,3013.6000,3012.0000,3010.0000,3009.6000,3016.0000,3017.6000,3017.8000,3018.0000,3018.2000,1,1,1,2,5,3,7,2,3,1
SF,IH2003,2019-11-04 09:34:13.000,3015.0000,9867,0,96776640.000,0,-,-,-,-,3013.8000,3013.6000,3012.0000,3010.0000,3009.6000,3015.6000,3016.0000,3017.6000,3017.8000,3018.0000,1,1,1,2,5,1,3,6,2,3
SF,IH2003,2019-11-04 09:34:13.500,3015.0000,9867,0,96776640.000,0,-,-,-,-,3014.0000,3013.8000,3013.6000,3012.0000,3010.0000,3016.0000,3017.6000,3017.8000,3018.0000,3018.2000,6,1,1,1,2,2,6,2,3,1
SF,IH2003,2019-11-04 09:34:14.000,3015.0000,9867,0,96776640.000,0,-,-,-,-,3014.2000,3013.6000,3012.0000,3010.0000,3009.6000,3015.8000,3016.0000,3017.6000,3017.8000,3018.0000,1,1,1,2,5,1,2,6,2,3
SF,IH2003,2019-11-04 09:34:16.000,3015.0000,9867,0,96776640.000,0,-,-,-,-,3014.4000,3014.2000,3013.6000,3012.0000,3010.0000,3015.8000,3016.0000,3017.6000,3017.8000,3018.0000,6,1,1,1,2,1,2,5,2,3
SF,IH2003,2019-11-04 09:34:16.500,3015.0000,9867,0,96776640.000,0,-,-,-,-,3013.6000,3012.0000,3010.0000,3009.6000,3005.0000,3015.8000,3016.0000,3017.6000,3017.8000,3018.0000,1,1,2,5,6,1,2,5,2,3
SF,IH2003,2019-11-04 09:34:17.000,3015.0000,9867,0,96776640.000,0,-,-,-,-,3014.2000,3014.0000,3013.8000,3013.6000,3012.0000,3015.8000,3016.0000,3017.6000,3017.8000,3018.0000,1,5,5,1,1,1,2,5,2,3
SF,IH2003,2019-11-04 09:34:17.500,3015.0000,9867,0,96776640.000,0,-,-,-,-,3014.4000,3014.2000,3014.0000,3013.8000,3013.6000,3015.8000,3016.0000,3017.6000,3017.8000,3018.0000,1,1,5,1,1,1,2,5,2,3
SF,IH2003,2019-11-04 09:34:18.000,3014.4000,9866,-1,97680960.000,1,0,1,双平,S,3014.4000,3014.2000,3013.8000,3013.6000,3012.0000,3015.8000,3016.0000,3017.6000,3017.8000,3018.0000,6,1,1,1,1,1,2,5,2,3
SF,IH2003,2019-11-04 09:34:18.500,3014.4000,9866,0,97680960.000,0,-,-,-,-,3014.4000,3014.2000,3013.6000,3012.0000,3010.0000,3015.8000,3016.0000,3017.6000,3017.8000,3018.0000,6,1,1,1,2,1,2,5,2,3
SF,IH2003,2019-11-04 09:34:19.000,3014.4000,9866,0,97680960.000,0,-,-,-,-,3014.6000,3013.6000,3012.0000,3010.0000,3009.6000,3015.8000,3016.0000,3017.6000,3017.8000,3018.0000,1,1,1,2,5,1,2,5,2,3
SF,IH2003,2019-11-04 09:34:20.000,3014.6000,9866,0,98585340.000,1,0,1,多换,S,3013.6000,3012.0000,3010.0000,3009.6000,3005.0000,3014.6000,3015.8000,3016.0000,3017.6000,3017.8000,1,1,2,5,6,1,1,2,5,2
SF,IH2003,2019-11-04 09:34:20.500,3014.6000,9866,0,98585340.000,0,-,-,-,-,3013.8000,3013.6000,3012.0000,3010.0000,3009.6000,3014.6000,3016.0000,3017.6000,3017.8000,3018.0000,1,1,1,2,5,1,2,5,2,3
SF,IH2003,2019-11-04 09:34:21.000,3014.6000,9866,0,98585340.000,0,-,-,-,-,3013.6000,3012.0000,3010.0000,3009.6000,3005.0000,3016.0000,3017.6000,3017.8000,3018.0000,3018.2000,1,1,2,5,6,2,5,2,3,1
SF,IH2003,2019-11-04 09:34:21.500,3014.6000,9866,0,98585340.000,0,-,-,-,-,3013.6000,3012.0000,3010.0000,3009.6000,3005.0000,3015.4000,3015.6000,3015.8000,3016.0000,3017.6000,1,1,2,5,6,3,1,1,2,5
SF,IH2003,2019-11-04 09:34:22.000,3014.6000,9866,0,98585340.000,0,-,-,-,-,3013.6000,3012.0000,3010.0000,3009.6000,3005.0000,3015.4000,3015.6000,3015.8000,3016.0000,3017.6000,1,1,2,5,6,3,1,1,2,5
SF,IH2003,2019-11-04 09:34:22.500,3014.6000,9866,0,98585340.000,0,-,-,-,-,3013.6000,3012.0000,3010.0000,3009.6000,3005.0000,3015.4000,3015.8000,3016.0000,3017.6000,3017.8000,1,1,2,5,6,3,1,2,5,2
SF,IH2003,2019-11-04 09:34:24.500,3014.6000,9866,0,98585340.000,0,-,-,-,-,3013.6000,3012.0000,3010.0000,3009.6000,3005.0000,3015.4000,3016.0000,3017.6000,3017.8000,3018.0000,1,1,2,5,6,3,2,5,2,3
SF,IH2003,2019-11-04 09:34:25.000,3014.6000,9866,0,98585340.000,0,-,-,-,-,3014.0000,3013.8000,3013.6000,3012.0000,3010.0000,3015.2000,3016.0000,3017.6000,3017.8000,3018.0000,5,3,1,1,2,1,2,5,2,3
SF,IH2003,2019-11-04 09:34:25.500,3014.6000,9866,0,98585340.000,0,-,-,-,-,3013.8000,3013.6000,3012.0000,3010.0000,3009.6000,3015.2000,3016.0000,3017.6000,3017.8000,3018.0000,1,1,1,2,5,1,2,5,2,3
SF,IH2003,2019-11-04 09:34:26.500,3014.6000,9866,0,98585340.000,0,-,-,-,-,3013.6000,3012.0000,3010.0000,3009.6000,3005.0000,3015.2000,3016.0000,3017.6000,3017.8000,3018.0000,1,1,2,5,6,1,2,5,2,3
SF,IH2003,2019-11-04 09:34:28.000,3014.6000,9866,0,98585340.000,0,-,-,-,-,3013.8000,3013.6000,3012.0000,3010.0000,3009.6000,3015.2000,3016.0000,3017.6000,3017.8000,3018.0000,6,1,1,2,5,1,2,5,2,3
SF,IH2003,2019-11-04 09:34:28.500,3014.6000,9866,0,98585340.000,0,-,-,-,-,3013.6000,3012.0000,3010.0000,3009.6000,3005.0000,3015.2000,3016.0000,3017.6000,3017.8000,3018.0000,1,1,2,5,6,1,2,5,2,2
SF,IH2003,2019-11-04 09:34:32.000,3014.6000,9866,0,98585340.000,0,-,-,-,-,3013.8000,3013.6000,3012.0000,3010.0000,3009.6000,3015.2000,3016.0000,3017.6000,3017.8000,3018.0000,6,1,1,2,5,1,2,5,2,2
SF,IH2003,2019-11-04 09:34:32.500,3015.2000,9865,-1,99489900.000,1,0,1,双平,S,3015.2000,3014.0000,3013.8000,3013.6000,3012.0000,3016.4000,3017.6000,3017.8000,3018.0000,3018.2000,1,2,7,1,1,1,5,2,2,1
SF,IH2003,2019-11-04 09:34:33.000,3015.2000,9865,0,99489900.000,0,-,-,-,-,3015.2000,3014.0000,3013.8000,3013.6000,3012.0000,3016.4000,3017.8000,3018.0000,3018.2000,3018.8000,1,1,7,1,1,1,1,2,1,2
SF,IH2003,2019-11-04 09:34:33.500,3016.4000,9865,0,100394820.000,1,0,1,多换,S,3015.2000,3015.0000,3014.0000,3013.8000,3013.6000,3017.0000,3018.2000,3018.8000,3020.0000,3022.0000,1,1,1,7,1,1,1,2,4,1
SF,IH2003,2019-11-04 09:34:34.000,3016.4000,9865,0,100394820.000,0,-,-,-,-,3015.2000,3014.0000,3013.6000,3012.0000,3010.0000,3016.0000,3016.6000,3016.8000,3018.2000,3018.8000,1,1,1,1,2,1,6,3,1,2
SF,IH2003,2019-11-04 09:34:34.500,3016.4000,9865,0,100394820.000,0,-,-,-,-,3015.2000,3014.0000,3013.6000,3012.0000,3010.0000,3018.2000,3018.8000,3020.0000,3022.0000,3023.0000,1,1,1,1,2,1,2,4,1,1
SF,IH2003,2019-11-04 09:34:35.000,3016.4000,9865,0,100394820.000,0,-,-,-,-,3015.4000,3015.2000,3014.0000,3013.6000,3012.0000,3017.8000,3018.0000,3018.2000,3018.4000,3018.8000,7,1,2,1,1,4,1,1,1,2
SF,IH2003,2019-11-04 09:34:35.500,3016.4000,9865,0,100394820.000,0,-,-,-,-,3015.4000,3015.2000,3014.0000,3013.6000,3012.0000,3017.2000,3017.8000,3018.2000,3018.8000,3020.0000,7,1,2,1,1,1,4,1,2,4
SF,IH2003,2019-11-04 09:34:36.000,3016.4000,9865,0,100394820.000,0,-,-,-,-,3015.4000,3015.2000,3014.0000,3013.6000,3012.0000,3016.8000,3017.0000,3017.4000,3017.6000,3018.2000,1,1,2,1,1,1,1,5,1,1
SF,IH2003,2019-11-04 09:34:36.500,3016.4000,9865,0,100394820.000,0,-,-,-,-,3015.4000,3015.2000,3014.0000,3013.6000,3012.0000,3016.6000,3016.8000,3017.4000,3017.6000,3018.2000,1,1,2,1,1,1,1,5,1,1
SF,IH2003,2019-11-04 09:34:37.000,3016.4000,9865,0,100394820.000,0,-,-,-,-,3015.2000,3014.0000,3013.6000,3012.0000,3010.0000,3016.6000,3016.8000,3017.4000,3017.6000,3018.2000,1,2,1,1,2,1,1,5,1,1
SF,IH2003,2019-11-04 09:34:37.500,3016.4000,9865,0,100394820.000,0,-,-,-,-,3014.0000,3013.6000,3012.0000,3010.0000,3009.6000,3015.2000,3016.4000,3016.6000,3016.8000,3017.4000,2,1,1,2,5,1,1,1,1,5
SF,IH2003,2019-11-04 09:34:38.000,3016.4000,9865,0,100394820.000,0,-,-,-,-,3014.2000,3014.0000,3013.6000,3012.0000,3010.0000,3015.2000,3016.2000,3017.4000,3017.6000,3018.2000,1,2,1,1,2,2,1,5,1,1
SF,IH2003,2019-11-04 09:34:38.500,3015.2000,9863,-2,102203940.000,2,0,2,双平,S,3015.4000,3014.2000,3014.0000,3013.6000,3012.0000,3016.2000,3017.4000,3017.6000,3018.2000,3018.8000,2,1,2,1,1,1,5,1,1,2
SF,IH2003,2019-11-04 09:34:39.000,3015.2000,9863,0,102203940.000,0,-,-,-,-,3014.4000,3014.2000,3014.0000,3013.6000,3012.0000,3016.0000,3017.4000,3017.6000,3018.2000,3018.8000,6,1,2,1,1,1,5,1,1,2
SF,IH2003,2019-11-04 09:34:39.500,3015.2000,9863,0,102203940.000,0,-,-,-,-,3014.6000,3014.0000,3013.6000,3012.0000,3010.0000,3017.4000,3017.6000,3018.2000,3018.8000,3020.0000,2,2,1,1,2,5,1,1,2,4
SF,IH2003,2019-11-04 09:34:40.000,3015.2000,9863,0,102203940.000,0,-,-,-,-,3014.6000,3014.0000,3013.6000,3012.0000,3010.0000,3016.6000,3017.0000,3017.2000,3017.4000,3018.2000,2,2,1,1,2,1,1,4,5,1
SF,IH2003,2019-11-04 09:34:40.500,3015.2000,9863,0,102203940.000,0,-,-,-,-,3014.6000,3014.0000,3013.6000,3012.0000,3010.0000,3017.0000,3017.4000,3018.2000,3018.8000,3020.0000,2,2,1,1,2,1,5,1,2,4
SF,IH2003,2019-11-04 09:34:41.000,3015.2000,9863,0,102203940.000,0,-,-,-,-,3014.6000,3014.0000,3013.6000,3012.0000,3010.0000,3016.6000,3016.8000,3017.0000,3017.4000,3018.2000,2,2,1,1,2,1,1,1,5,1
SF,IH2003,2019-11-04 09:34:41.500,3015.2000,9863,0,102203940.000,0,-,-,-,-,3014.6000,3014.0000,3013.6000,3012.0000,3010.0000,3017.0000,3017.4000,3018.2000,3018.8000,3020.0000,2,2,1,1,2,1,5,1,2,4
SF,IH2003,2019-11-04 09:34:42.000,3015.2000,9863,0,102203940.000,0,-,-,-,-,3014.6000,3014.0000,3013.6000,3012.0000,3010.0000,3016.6000,3016.8000,3017.0000,3017.4000,3018.2000,2,2,1,1,2,1,1,1,5,1
SF,IH2003,2019-11-04 09:34:42.500,3014.6000,9862,-1,103108320.000,1,0,1,双平,S,3014.6000,3014.0000,3013.6000,3012.0000,3010.0000,3017.0000,3017.4000,3018.2000,3018.8000,3020.0000,1,2,1,1,2,1,5,1,2,5
SF,IH2003,2019-11-04 09:34:43.000,3014.6000,9862,0,103108320.000,0,-,-,-,-,3014.6000,3014.0000,3013.6000,3012.0000,3010.0000,3016.6000,3016.8000,3017.0000,3017.4000,3018.2000,1,2,1,1,2,1,2,1,5,1
SF,IH2003,2019-11-04 09:34:43.500,3014.6000,9862,0,103108320.000,0,-,-,-,-,3014.6000,3014.0000,3013.6000,3012.0000,3010.0000,3017.0000,3017.4000,3018.2000,3018.8000,3020.0000,1,2,1,1,2,1,5,1,2,5
SF,IH2003,2019-11-04 09:34:44.000,3014.6000,9862,0,103108320.000,0,-,-,-,-,3014.6000,3014.0000,3013.6000,3012.0000,3010.0000,3016.8000,3017.0000,3018.2000,3018.8000,3020.0000,1,2,1,1,2,2,1,1,2,5
SF,IH2003,2019-11-04 09:34:44.500,3014.6000,9862,0,103108320.000,0,-,-,-,-,3015.0000,3014.8000,3014.6000,3014.0000,3013.6000,3018.2000,3018.8000,3020.0000,3022.0000,3023.0000,5,1,1,2,1,1,2,5,1,1
SF,IH2003,2019-11-04 09:34:45.000,3014.6000,9862,0,103108320.000,0,-,-,-,-,3015.6000,3015.2000,3015.0000,3014.0000,3013.6000,3017.6000,3018.0000,3018.2000,3018.8000,3020.0000,3,3,9,1,1,1,1,1,2,5
SF,IH2003,2019-11-04 09:34:45.500,3014.6000,9862,0,103108320.000,0,-,-,-,-,3015.6000,3015.2000,3015.0000,3014.0000,3013.6000,3018.0000,3018.2000,3018.8000,3020.0000,3022.0000,4,3,9,1,1,1,1,2,5,1
SF,IH2003,2019-11-04 09:34:46.000,3015.6000,9861,-1,104013000.000,1,0,1,双平,S,3015.6000,3015.2000,3015.0000,3014.0000,3013.6000,3017.8000,3018.0000,3018.2000,3018.8000,3020.0000,4,3,9,1,1,1,1,1,2,5
SF,IH2003,2019-11-04 09:34:46.500,3015.6000,9861,0,104013000.000,0,-,-,-,-,3015.6000,3015.2000,3015.0000,3014.0000,3013.6000,3017.6000,3017.8000,3018.0000,3018.2000,3018.8000,3,3,9,1,1,1,1,1,1,2
SF,IH2003,2019-11-04 09:34:47.000,3015.6000,9861,0,104013000.000,0,-,-,-,-,3015.8000,3015.6000,3015.2000,3015.0000,3014.0000,3018.0000,3018.2000,3018.8000,3020.0000,3022.0000,6,4,2,4,2,1,1,2,5,1
SF,IH2003,2019-11-04 09:34:47.500,3015.6000,9861,0,104013000.000,0,-,-,-,-,3016.0000,3015.2000,3015.0000,3014.0000,3013.6000,3017.6000,3017.8000,3018.0000,3018.2000,3018.8000,1,2,1,2,1,1,1,1,1,2
SF,IH2003,2019-11-04 09:34:48.000,3015.6000,9861,0,104013000.000,0,-,-,-,-,3016.0000,3015.6000,3015.2000,3015.0000,3014.0000,3017.6000,3018.2000,3018.8000,3020.0000,3022.0000,1,1,2,1,2,1,1,2,5,1
SF,IH2003,2019-11-04 09:34:48.500,3015.6000,9861,0,104013000.000,0,-,-,-,-,3016.0000,3015.6000,3015.2000,3015.0000,3014.0000,3018.2000,3018.8000,3020.0000,3022.0000,3023.0000,1,1,2,1,2,1,2,5,1,1
SF,IH2003,2019-11-04 09:34:49.000,3015.6000,9861,0,104013000.000,0,-,-,-,-,3016.0000,3015.6000,3015.2000,3015.0000,3014.0000,3017.8000,3018.0000,3018.2000,3018.8000,3020.0000,1,1,2,1,2,1,2,1,2,5
SF,IH2003,2019-11-04 09:34:49.500,3015.6000,9861,0,104013000.000,0,-,-,-,-,3016.0000,3015.2000,3015.0000,3014.0000,3013.6000,3017.8000,3018.0000,3018.2000,3018.8000,3020.0000,1,2,1,2,1,1,1,1,2,5
SF,IH2003,2019-11-04 09:34:50.500,3015.6000,9861,0,104013000.000,0,-,-,-,-,3016.0000,3015.2000,3015.0000,3014.0000,3013.6000,3017.8000,3018.0000,3018.2000,3018.8000,3020.0000,1,1,1,2,1,1,1,1,2,5
SF,IH2003,2019-11-04 09:34:52.500,3015.6000,9861,0,104013000.000,0,-,-,-,-,3016.0000,3015.0000,3014.0000,3013.6000,3012.0000,3017.8000,3018.0000,3018.2000,3018.8000,3020.0000,1,1,2,1,1,1,1,1,2,5
SF,IH2003,2019-11-04 09:34:53.500,3015.6000,9861,0,104013000.000,0,-,-,-,-,3016.0000,3014.0000,3013.6000,3012.0000,3010.0000,3017.8000,3018.0000,3018.2000,3018.8000,3020.0000,1,2,1,1,2,1,1,1,2,5
SF,IH2003,2019-11-04 09:34:54.000,3015.6000,9861,0,104013000.000,0,-,-,-,-,3016.0000,3014.0000,3013.6000,3012.0000,3010.0000,3017.6000,3017.8000,3018.0000,3018.2000,3018.8000,1,2,1,1,2,2,1,1,1,2
SF,IH2003,2019-11-04 09:34:54.500,3015.6000,9861,0,104013000.000,0,-,-,-,-,3016.0000,3014.0000,3013.6000,3012.0000,3010.0000,3018.2000,3018.8000,3020.0000,3022.0000,3023.0000,1,2,1,1,2,1,2,5,1,1
SF,IH2003,2019-11-04 09:34:55.000,3015.6000,9861,0,104013000.000,0,-,-,-,-,3016.0000,3014.0000,3013.6000,3012.0000,3010.0000,3017.6000,3017.8000,3018.0000,3018.2000,3018.8000,1,2,1,1,2,1,1,2,1,2
SF,IH2003,2019-11-04 09:34:55.500,3015.6000,9861,0,104013000.000,0,-,-,-,-,3016.0000,3014.0000,3013.6000,3012.0000,3010.0000,3017.4000,3017.6000,3017.8000,3018.2000,3018.8000,1,2,1,1,2,1,1,1,1,2
SF,IH2003,2019-11-04 09:34:56.500,3015.6000,9861,0,104013000.000,0,-,-,-,-,3016.0000,3015.0000,3014.0000,3013.6000,3012.0000,3017.4000,3017.6000,3017.8000,3018.2000,3018.8000,1,1,2,1,1,1,1,1,1,2
SF,IH2003,2019-11-04 09:34:57.000,3015.6000,9861,0,104013000.000,0,-,-,-,-,3016.0000,3015.0000,3014.0000,3013.6000,3012.0000,3017.4000,3017.6000,3017.8000,3018.2000,3018.8000,1,1,3,1,1,1,1,1,1,2
SF,IH2003,2019-11-04 09:34:59.000,3016.0000,9860,-1,104917800.000,1,0,1,双平,S,3015.0000,3014.6000,3014.0000,3013.6000,3012.0000,3017.0000,3017.4000,3017.6000,3018.2000,3018.8000,1,1,3,1,1,1,1,1,1,2
SF,IH2003,2019-11-04 09:34:59.500,3016.0000,9860,0,104917800.000,0,-,-,-,-,3015.0000,3014.0000,3013.6000,3012.0000,3010.0000,3016.8000,3017.0000,3017.2000,3018.2000,3018.8000,1,3,1,1,2,2,6,1,1,2
SF,IH2003,2019-11-04 09:35:00.000,3016.0000,9860,0,104917800.000,0,-,-,-,-,3015.0000,3014.0000,3013.6000,3012.0000,3010.0000,3016.0000,3016.4000,3016.8000,3017.0000,3017.2000,1,3,1,1,2,1,1,2,5,1
SF,IH2003,2019-11-04 09:35:00.500,3016.0000,9860,0,104917800.000,0,-,-,-,-,3015.0000,3014.0000,3013.6000,3012.0000,3010.0000,3015.8000,3016.0000,3016.4000,3017.0000,3017.2000,1,3,1,1,2,1,1,1,5,1
SF,IH2003,2019-11-04 09:35:01.000,3016.0000,9860,0,104917800.000,0,-,-,-,-,3015.0000,3014.0000,3013.6000,3012.0000,3010.0000,3015.8000,3016.0000,3017.2000,3018.2000,3018.8000,1,3,1,1,2,1,1,1,1,2
SF,IH2003,2019-11-04 09:35:03.500,3015.8000,9859,-1,105822540.000,1,0,1,双平,S,3015.8000,3015.0000,3014.8000,3014.0000,3013.6000,3016.0000,3016.8000,3017.2000,3018.2000,3018.8000,3,1,1,3,1,1,1,1,1,2
SF,IH2003,2019-11-04 09:35:04.000,3015.8000,9855,-4,109441560.000,4,0,4,双平,S,3015.0000,3014.0000,3013.6000,3012.0000,3010.0000,3018.2000,3018.8000,3020.0000,3022.0000,3023.0000,1,3,1,1,2,1,2,5,1,1
SF,IH2003,2019-11-04 09:35:04.500,3015.8000,9855,0,109441560.000,0,-,-,-,-,3015.2000,3015.0000,3014.0000,3013.6000,3012.0000,3017.6000,3017.8000,3018.0000,3018.2000,3018.4000,1,1,3,1,1,3,6,3,1,1
SF,IH2003,2019-11-04 09:35:05.000,3015.8000,9855,0,109441560.000,0,-,-,-,-,3015.2000,3015.0000,3014.0000,3013.6000,3012.0000,3017.2000,3017.6000,3017.8000,3018.0000,3018.2000,1,1,3,1,1,2,3,5,3,1
SF,IH2003,2019-11-04 09:35:05.500,3015.8000,9855,0,109441560.000,0,-,-,-,-,3015.2000,3015.0000,3014.0000,3013.6000,3012.0000,3017.0000,3017.2000,3017.8000,3018.0000,3018.2000,1,1,3,1,1,2,2,5,3,1
SF,IH2003,2019-11-04 09:35:06.000,3015.8000,9855,0,109441560.000,0,-,-,-,-,3015.2000,3015.0000,3014.0000,3013.6000,3012.0000,3017.0000,3017.2000,3017.8000,3018.0000,3018.2000,1,1,3,1,1,2,1,5,2,1
SF,IH2003,2019-11-04 09:35:06.500,3015.8000,9855,0,109441560.000,0,-,-,-,-,3015.2000,3015.0000,3014.0000,3013.6000,3012.0000,3016.8000,3017.0000,3017.2000,3017.8000,3018.0000,1,1,3,1,1,1,2,1,5,2
SF,IH2003,2019-11-04 09:35:07.000,3015.8000,9855,0,109441560.000,0,-,-,-,-,3015.2000,3015.0000,3014.0000,3013.6000,3012.0000,3016.6000,3016.8000,3017.2000,3017.8000,3018.0000,1,1,3,1,1,1,1,1,5,2
SF,IH2003,2019-11-04 09:35:07.500,3015.8000,9855,0,109441560.000,0,-,-,-,-,3015.2000,3015.0000,3014.0000,3013.6000,3012.0000,3016.6000,3016.8000,3017.2000,3017.8000,3018.0000,1,1,3,1,1,1,1,1,5,2
