市场代码,合约代码,时间,最新,持仓,增仓,成交额,成交量,开仓,平仓,成交类型,方向,买一价,买二价,买三价,买四价,买五价,卖一价,卖二价,卖三价,卖四价,卖五价,买一量,买二量,买三量,买四量,买五量,卖一量,卖二量,卖三量,卖四量,卖五量
SF,IH2001,2019-11-19 09:29:00.200,2979.4000,141,0,0.000,0.000,-,-,-,-,2970.2000,2969.2000,2969.0000,2965.6000,2965.0000,2979.6000,2980.6000,2981.0000,2983.0000,2987.8000,1,1,1,2,1,2,1,3,1,1
SF,IH2001,2019-11-19 09:30:00.200,2979.4000,141,0,0.000,0,-,-,-,-,2970.2000,2969.2000,2969.0000,2965.0000,2960.4000,2978.0000,2983.0000,2995.0000,3016.0000,3033.0000,1,1,1,1,1,1,1,1,1,3
SF,IH2001,2019-11-19 09:30:00.700,2979.4000,141,0,0.000,0,-,-,-,-,2971.0000,2970.2000,2969.2000,2965.2000,2965.0000,2976.8000,2978.0000,2995.0000,3016.0000,3033.0000,3,1,1,1,1,3,2,1,1,3
SF,IH2001,2019-11-19 09:30:01.200,2979.4000,141,0,0.000,0,-,-,-,-,2971.0000,2970.2000,2969.2000,2965.2000,2965.0000,2976.6000,2976.8000,2978.0000,2995.0000,3016.0000,3,1,1,1,1,1,3,1,1,1
SF,IH2001,2019-11-19 09:30:01.700,2979.4000,141,0,0.000,0,-,-,-,-,2971.0000,2970.2000,2969.2000,2965.2000,2964.0000,2975.4000,2976.0000,2976.6000,2978.0000,2995.0000,3,1,1,1,5,5,3,1,1,1
SF,IH2001,2019-11-19 09:30:02.200,2979.4000,141,0,0.000,0,-,-,-,-,2971.0000,2970.2000,2969.2000,2965.2000,2964.0000,2975.2000,2975.4000,2995.0000,3016.0000,3032.4000,3,1,1,1,5,3,5,1,1,1
SF,IH2001,2019-11-19 09:30:02.700,2979.4000,141,0,0.000,0,-,-,-,-,2971.2000,2970.2000,2969.2000,2965.2000,2964.0000,2975.0000,2975.2000,2975.4000,2995.0000,3016.0000,1,1,1,1,5,1,3,5,1,1
SF,IH2001,2019-11-19 09:30:03.200,2979.4000,141,0,0.000,0,-,-,-,-,2971.2000,2970.2000,2969.2000,2965.2000,2964.0000,2974.8000,2979.2000,2995.0000,3016.0000,3032.4000,1,1,1,1,5,1,5,1,1,1
SF,IH2001,2019-11-19 09:30:11.700,2974.8000,140,-1,892440.000,1,0,1,双平,S,2971.2000,2970.2000,2969.2000,2965.2000,2964.0000,2977.2000,2979.2000,2995.0000,3016.0000,3032.4000,1,1,1,1,5,1,5,1,1,1
SF,IH2001,2019-11-19 09:30:13.700,2974.8000,140,0,892440.000,0,-,-,-,-,2971.2000,2970.2000,2969.2000,2965.2000,2964.0000,2977.2000,2979.2000,2995.0000,3032.4000,3033.0000,4,1,1,1,5,1,5,1,1,3
SF,IH2001,2019-11-19 09:30:14.200,2974.8000,140,0,892440.000,0,-,-,-,-,2971.2000,2970.2000,2969.2000,2965.2000,2964.0000,2977.2000,2979.2000,2995.0000,3032.4000,3033.0000,1,1,1,1,5,2,5,1,1,3
SF,IH2001,2019-11-19 09:30:14.700,2974.8000,140,0,892440.000,0,-,-,-,-,2971.8000,2971.2000,2970.2000,2969.2000,2965.2000,2977.2000,2979.2000,2995.0000,3032.4000,3033.0000,1,1,1,1,1,1,5,1,1,3
SF,IH2001,2019-11-19 09:30:15.200,2974.8000,140,0,892440.000,0,-,-,-,-,2973.6000,2971.8000,2971.2000,2970.2000,2969.2000,2977.2000,2979.2000,2995.0000,3032.4000,3033.0000,3,1,3,1,1,2,5,1,1,3
SF,IH2001,2019-11-19 09:30:16.700,2974.8000,140,0,892440.000,0,-,-,-,-,2973.6000,2971.8000,2970.2000,2969.2000,2965.2000,2977.2000,2979.2000,2995.0000,3032.4000,3033.0000,3,1,1,1,1,2,5,1,1,3
SF,IH2001,2019-11-19 09:30:17.200,2974.8000,140,0,892440.000,0,-,-,-,-,2970.2000,2969.2000,2965.2000,2964.0000,2960.4000,2977.2000,2979.2000,2995.0000,3032.4000,3033.0000,1,1,1,5,1,2,5,1,1,3
SF,IH2001,2019-11-19 09:30:17.700,2974.8000,140,0,892440.000,0,-,-,-,-,2972.4000,2970.4000,2970.2000,2969.2000,2965.2000,2977.2000,2979.2000,2995.0000,3032.4000,3033.0000,3,3,1,1,1,1,5,1,1,3
SF,IH2001,2019-11-19 09:30:18.200,2974.8000,140,0,892440.000,0,-,-,-,-,2972.4000,2970.2000,2969.2000,2965.2000,2964.0000,2977.0000,2977.2000,2979.2000,2995.0000,3032.4000,3,1,1,1,5,1,2,5,1,1
SF,IH2001,2019-11-19 09:30:18.700,2974.8000,140,0,892440.000,0,-,-,-,-,2972.4000,2970.2000,2969.2000,2965.2000,2964.0000,2976.8000,2977.0000,2979.2000,2995.0000,3032.4000,3,1,1,1,5,3,2,5,1,1
SF,IH2001,2019-11-19 09:30:19.200,2974.8000,140,0,892440.000,0,-,-,-,-,2972.4000,2970.2000,2969.2000,2965.2000,2964.0000,2976.8000,2977.0000,2979.2000,2995.0000,3032.4000,3,1,1,1,5,3,1,5,1,1
SF,IH2001,2019-11-19 09:30:19.700,2974.8000,140,0,892440.000,0,-,-,-,-,2972.6000,2972.4000,2970.2000,2969.2000,2965.2000,2976.4000,2976.8000,2979.2000,2995.0000,3032.4000,2,3,1,1,1,1,3,5,1,1
SF,IH2001,2019-11-19 09:30:20.200,2974.8000,140,0,892440.000,0,-,-,-,-,2972.8000,2972.6000,2970.2000,2969.2000,2965.2000,2976.2000,2976.4000,2979.2000,2995.0000,3032.4000,2,2,1,1,1,1,1,5,1,1
SF,IH2001,2019-11-19 09:30:20.700,2974.8000,140,0,892440.000,0,-,-,-,-,2972.8000,2972.6000,2970.2000,2969.2000,2965.2000,2976.2000,2979.2000,2995.0000,3032.4000,3033.0000,3,1,1,1,1,1,5,1,1,3
SF,IH2001,2019-11-19 09:30:21.200,2974.8000,140,0,892440.000,0,-,-,-,-,2973.6000,2973.0000,2972.8000,2972.6000,2970.2000,2979.2000,2995.0000,3032.4000,3033.0000,3191.2000,1,1,2,1,1,5,1,1,3,3
SF,IH2001,2019-11-19 09:30:21.700,2974.8000,140,0,892440.000,0,-,-,-,-,2973.8000,2973.6000,2972.6000,2970.2000,2969.2000,2977.8000,2979.2000,2995.0000,3032.4000,3033.0000,2,2,1,1,1,3,5,1,1,3
SF,IH2001,2019-11-19 09:30:22.200,2974.8000,140,0,892440.000,0,-,-,-,-,2973.8000,2973.6000,2972.6000,2970.2000,2969.2000,2977.8000,2979.2000,2995.0000,3032.4000,3033.0000,3,1,1,1,1,3,5,1,1,3
SF,IH2001,2019-11-19 09:30:22.700,2974.8000,140,0,892440.000,0,-,-,-,-,2974.8000,2974.0000,2973.8000,2972.6000,2970.2000,2977.6000,2979.2000,2995.0000,3032.4000,3033.0000,1,1,3,1,1,1,5,1,1,3
SF,IH2001,2019-11-19 09:30:23.200,2974.8000,140,0,892440.000,0,-,-,-,-,2974.8000,2974.0000,2972.6000,2970.2000,2969.2000,2977.6000,2979.2000,2995.0000,3032.4000,3033.0000,1,1,1,1,1,1,5,1,1,3
SF,IH2001,2019-11-19 09:30:23.700,2974.8000,140,0,892440.000,0,-,-,-,-,2974.8000,2974.0000,2970.2000,2969.2000,2965.2000,2977.6000,2979.2000,2995.0000,3032.4000,3033.0000,1,1,1,1,1,1,5,1,1,3
SF,IH2001,2019-11-19 09:30:24.200,2974.8000,140,0,892440.000,0,-,-,-,-,2975.0000,2974.8000,2974.0000,2970.2000,2969.2000,2977.6000,2979.2000,2995.0000,3032.4000,3033.0000,1,1,1,1,1,1,5,1,1,3
SF,IH2001,2019-11-19 09:30:24.700,2974.8000,140,0,892440.000,0,-,-,-,-,2975.0000,2974.0000,2970.2000,2969.2000,2965.2000,2977.6000,2979.2000,2995.0000,3032.4000,3033.0000,1,1,1,1,1,1,5,1,1,3
SF,IH2001,2019-11-19 09:30:25.200,2974.8000,140,0,892440.000,0,-,-,-,-,2975.0000,2974.0000,2970.2000,2969.2000,2965.2000,2977.6000,2979.2000,2995.0000,3032.4000,3033.0000,1,1,1,1,1,2,5,1,1,3
SF,IH2001,2019-11-19 09:30:28.200,2975.0000,140,0,1784940.000,1,0,1,多换,S,2974.0000,2973.2000,2970.2000,2969.2000,2965.2000,2977.6000,2979.2000,2995.0000,3032.4000,3033.0000,1,1,1,1,1,2,5,1,1,3
SF,IH2001,2019-11-19 09:30:28.700,2975.0000,140,0,1784940.000,0,-,-,-,-,2974.2000,2970.2000,2969.2000,2965.2000,2964.0000,2977.6000,2979.2000,2995.0000,3032.4000,3033.0000,1,1,1,1,5,1,5,1,1,3
SF,IH2001,2019-11-19 09:30:31.200,2975.0000,140,0,1784940.000,0,-,-,-,-,2974.2000,2970.2000,2969.2000,2965.2000,2964.0000,2977.4000,2977.6000,2979.2000,2995.0000,3032.4000,1,1,1,1,5,1,1,5,1,1
SF,IH2001,2019-11-19 09:30:31.700,2975.0000,140,0,1784940.000,0,-,-,-,-,2974.2000,2970.2000,2969.2000,2965.2000,2964.0000,2977.2000,2977.4000,2979.2000,2995.0000,3032.4000,1,1,1,1,5,2,1,5,1,1
SF,IH2001,2019-11-19 09:30:32.700,2975.0000,140,0,1784940.000,0,-,-,-,-,2974.2000,2970.2000,2969.2000,2965.2000,2964.0000,2977.2000,2977.4000,2979.2000,2995.0000,3032.4000,1,1,1,1,5,3,1,5,1,1
SF,IH2001,2019-11-19 09:30:33.200,2975.0000,140,0,1784940.000,0,-,-,-,-,2974.2000,2970.2000,2969.2000,2965.2000,2964.0000,2976.8000,2977.0000,2977.2000,2979.2000,2995.0000,1,1,1,1,5,1,1,3,5,1
SF,IH2001,2019-11-19 09:30:33.700,2975.0000,140,0,1784940.000,0,-,-,-,-,2974.2000,2970.2000,2969.2000,2965.2000,2964.0000,2976.8000,2977.0000,2977.2000,2979.2000,2995.0000,1,1,1,1,5,1,1,1,5,1
SF,IH2001,2019-11-19 09:30:34.700,2975.0000,140,0,1784940.000,0,-,-,-,-,2974.2000,2970.2000,2969.2000,2965.2000,2964.0000,2976.8000,2977.2000,2979.2000,2995.0000,3032.4000,1,1,1,1,5,1,1,5,1,1
SF,IH2001,2019-11-19 09:30:35.200,2975.0000,140,0,1784940.000,0,-,-,-,-,2974.2000,2970.2000,2969.2000,2965.2000,2964.0000,2977.2000,2979.2000,2995.0000,3032.4000,3033.0000,1,1,1,1,5,1,5,1,1,3
SF,IH2001,2019-11-19 09:30:35.700,2975.0000,140,0,1784940.000,0,-,-,-,-,2974.4000,2974.2000,2970.2000,2969.2000,2965.2000,2977.2000,2979.2000,2995.0000,3032.4000,3033.0000,1,1,1,1,1,1,5,1,1,3
SF,IH2001,2019-11-19 09:30:36.200,2975.0000,140,0,1784940.000,0,-,-,-,-,2974.6000,2974.4000,2970.2000,2969.2000,2965.2000,2977.0000,2977.2000,2979.2000,2995.0000,3032.4000,1,1,1,1,1,2,1,5,1,1
SF,IH2001,2019-11-19 09:30:38.700,2975.0000,140,0,1784940.000,0,-,-,-,-,2974.6000,2970.2000,2969.2000,2965.2000,2964.0000,2977.0000,2979.2000,2995.0000,3000.0000,3032.4000,1,1,1,1,5,2,5,1,1,1
SF,IH2001,2019-11-19 09:30:39.200,2975.0000,140,0,1784940.000,0,-,-,-,-,2974.8000,2974.6000,2970.2000,2969.2000,2965.2000,2977.0000,2979.2000,2995.0000,3000.0000,3032.4000,1,1,1,1,1,2,5,1,1,1
SF,IH2001,2019-11-19 09:30:39.700,2975.0000,140,0,1784940.000,0,-,-,-,-,2974.8000,2970.2000,2969.2000,2965.2000,2964.0000,2977.0000,2979.2000,2995.0000,3000.0000,3032.4000,1,1,1,1,5,2,5,1,1,1
SF,IH2001,2019-11-19 09:30:41.200,2975.0000,140,0,1784940.000,0,-,-,-,-,2970.2000,2969.2000,2965.2000,2964.0000,2960.4000,2977.0000,2979.2000,2995.0000,3000.0000,3032.4000,1,1,1,5,1,2,5,1,1,1
SF,IH2001,2019-11-19 09:30:41.700,2975.0000,140,0,1784940.000,0,-,-,-,-,2973.2000,2970.6000,2970.2000,2969.2000,2965.2000,2977.0000,2979.2000,2995.0000,3000.0000,3032.4000,3,3,2,1,1,2,5,1,1,1
SF,IH2001,2019-11-19 09:30:42.200,2975.0000,140,0,1784940.000,0,-,-,-,-,2973.2000,2970.6000,2970.2000,2969.2000,2965.2000,2977.0000,2979.2000,2995.0000,3000.0000,3032.4000,3,3,1,1,1,2,5,1,1,1
SF,IH2001,2019-11-19 09:30:42.700,2975.0000,140,0,1784940.000,0,-,-,-,-,2973.4000,2970.6000,2970.2000,2969.2000,2965.2000,2976.6000,2977.0000,2979.2000,2995.0000,3000.0000,1,3,1,1,1,1,2,5,1,1
SF,IH2001,2019-11-19 09:30:43.200,2975.0000,140,0,1784940.000,0,-,-,-,-,2973.4000,2970.2000,2969.2000,2965.2000,2964.0000,2976.4000,2976.6000,2977.0000,2979.2000,2995.0000,1,1,1,1,5,1,1,1,5,1
SF,IH2001,2019-11-19 09:30:43.700,2975.0000,140,0,1784940.000,0,-,-,-,-,2973.4000,2970.2000,2969.2000,2965.2000,2964.0000,2976.4000,2976.6000,2977.0000,2979.2000,2995.0000,2,1,1,1,5,1,1,1,5,1
SF,IH2001,2019-11-19 09:30:46.700,2975.0000,140,0,1784940.000,0,-,-,-,-,2973.6000,2973.4000,2970.2000,2969.2000,2965.2000,2976.4000,2977.0000,2979.2000,2995.0000,3000.0000,1,2,1,1,1,1,1,5,1,1
SF,IH2001,2019-11-19 09:30:47.200,2975.0000,140,0,1784940.000,0,-,-,-,-,2973.8000,2973.6000,2970.2000,2969.2000,2965.2000,2976.4000,2977.0000,2979.2000,2995.0000,3000.0000,1,2,1,1,1,1,1,5,1,1
SF,IH2001,2019-11-19 09:30:47.700,2975.0000,140,0,1784940.000,0,-,-,-,-,2973.8000,2973.6000,2970.2000,2969.2000,2965.2000,2976.4000,2979.2000,2995.0000,3000.0000,3032.4000,1,2,1,1,1,1,5,1,1,1
SF,IH2001,2019-11-19 09:30:48.700,2975.0000,140,0,1784940.000,0,-,-,-,-,2974.0000,2973.8000,2973.6000,2970.2000,2969.2000,2976.4000,2979.2000,2995.0000,3000.0000,3032.4000,1,1,2,1,1,1,5,1,1,1
SF,IH2001,2019-11-19 09:30:49.200,2975.0000,140,0,1784940.000,0,-,-,-,-,2974.2000,2974.0000,2973.6000,2970.2000,2969.2000,2976.4000,2979.2000,2995.0000,3000.0000,3032.4000,1,1,2,1,1,1,5,1,1,1
SF,IH2001,2019-11-19 09:30:50.200,2975.0000,140,0,1784940.000,0,-,-,-,-,2974.2000,2974.0000,2973.6000,2970.2000,2969.2000,2976.4000,2979.2000,2995.0000,3000.0000,3032.4000,1,1,1,1,1,1,5,1,1,1
SF,IH2001,2019-11-19 09:30:50.700,2975.0000,140,0,1784940.000,0,-,-,-,-,2974.2000,2974.0000,2970.2000,2969.2000,2965.2000,2976.4000,2979.2000,2995.0000,3000.0000,3032.4000,2,1,1,1,1,1,5,1,1,1
SF,IH2001,2019-11-19 09:30:51.200,2976.4000,139,-1,2677860.000,1,0,1,双平,S,2974.2000,2974.0000,2970.2000,2969.2000,2965.2000,2978.2000,2979.2000,2995.0000,3000.0000,3032.4000,2,1,1,1,1,1,5,1,1,1
SF,IH2001,2019-11-19 09:30:51.700,2976.4000,139,0,2677860.000,0,-,-,-,-,2974.4000,2974.2000,2974.0000,2970.2000,2969.2000,2978.2000,2979.2000,2995.0000,3000.0000,3032.4000,1,1,1,1,1,1,5,1,1,1
SF,IH2001,2019-11-19 09:30:52.200,2976.4000,139,0,2677860.000,0,-,-,-,-,2974.6000,2974.4000,2970.2000,2969.2000,2965.2000,2978.2000,2979.2000,2995.0000,3000.0000,3032.4000,2,2,1,1,1,1,5,1,1,1
SF,IH2001,2019-11-19 09:30:52.700,2976.4000,139,0,2677860.000,0,-,-,-,-,2974.6000,2974.4000,2970.2000,2969.2000,2965.2000,2978.2000,2979.2000,2995.0000,3000.0000,3032.4000,2,1,1,1,1,1,5,1,1,1
SF,IH2001,2019-11-19 09:30:54.200,2976.4000,139,0,2677860.000,0,-,-,-,-,2974.8000,2974.6000,2974.4000,2970.2000,2969.2000,2978.2000,2979.2000,2995.0000,3000.0000,3032.4000,1,2,1,1,1,1,5,1,1,1
SF,IH2001,2019-11-19 09:30:54.700,2976.4000,139,0,2677860.000,0,-,-,-,-,2975.0000,2974.8000,2970.2000,2969.2000,2965.2000,2978.2000,2983.0000,2995.0000,3000.0000,3032.4000,2,1,1,1,1,1,5,1,1,1
SF,IH2001,2019-11-19 09:30:58.200,2976.4000,139,0,2677860.000,0,-,-,-,-,2975.0000,2970.2000,2969.2000,2965.2000,2964.0000,2978.2000,2983.0000,2995.0000,3000.0000,3032.4000,2,1,1,1,5,1,5,1,1,1
SF,IH2001,2019-11-19 09:31:08.200,2976.4000,139,0,2677860.000,0,-,-,-,-,2975.2000,2975.0000,2970.2000,2969.2000,2965.2000,2978.2000,2983.0000,2995.0000,3000.0000,3032.4000,1,2,1,1,1,1,5,1,1,1
SF,IH2001,2019-11-19 09:31:08.700,2976.4000,139,0,2677860.000,0,-,-,-,-,2976.0000,2975.2000,2970.2000,2969.2000,2965.2000,2983.0000,2995.0000,3000.0000,3032.4000,3033.0000,3,2,1,1,1,5,1,1,1,3
SF,IH2001,2019-11-19 09:31:09.200,2976.4000,139,0,2677860.000,0,-,-,-,-,2976.0000,2975.2000,2970.2000,2969.2000,2965.2000,2980.4000,2982.4000,2983.0000,2995.0000,3000.0000,3,2,1,1,1,3,1,5,1,1
SF,IH2001,2019-11-19 09:31:09.700,2976.4000,139,0,2677860.000,0,-,-,-,-,2976.2000,2976.0000,2975.2000,2970.2000,2969.2000,2980.4000,2982.4000,2983.0000,2995.0000,3000.0000,1,3,1,1,1,3,1,5,1,1
SF,IH2001,2019-11-19 09:31:10.200,2976.4000,139,0,2677860.000,0,-,-,-,-,2976.4000,2976.2000,2970.2000,2969.2000,2965.2000,2980.4000,2982.4000,2983.0000,2995.0000,3000.0000,2,2,1,1,1,3,1,5,1,1
SF,IH2001,2019-11-19 09:31:11.200,2976.4000,139,0,2677860.000,0,-,-,-,-,2976.4000,2976.2000,2970.2000,2969.2000,2965.2000,2980.4000,2983.0000,2995.0000,3000.0000,3032.4000,2,2,1,1,1,3,5,1,1,1
SF,IH2001,2019-11-19 09:31:11.700,2976.4000,139,0,2677860.000,0,-,-,-,-,2976.6000,2976.4000,2970.2000,2969.2000,2965.2000,2980.2000,2983.0000,2995.0000,3000.0000,3032.4000,1,3,1,1,1,1,5,1,1,1
SF,IH2001,2019-11-19 09:31:12.200,2976.4000,139,0,2677860.000,0,-,-,-,-,2976.8000,2976.6000,2970.2000,2969.2000,2965.2000,2980.2000,2983.0000,2995.0000,3000.0000,3032.4000,2,2,1,1,1,1,5,1,1,1
SF,IH2001,2019-11-19 09:31:14.700,2976.4000,139,0,2677860.000,0,-,-,-,-,2977.0000,2976.8000,2976.6000,2970.2000,2969.2000,2980.2000,2983.0000,2995.0000,3000.0000,3032.4000,1,2,1,1,1,1,5,1,1,1
SF,IH2001,2019-11-19 09:31:15.200,2976.4000,139,0,2677860.000,0,-,-,-,-,2977.2000,2977.0000,2976.6000,2970.2000,2969.2000,2980.0000,2980.2000,2983.0000,2995.0000,3000.0000,2,1,1,1,1,1,1,5,1,1
SF,IH2001,2019-11-19 09:31:15.700,2976.4000,139,0,2677860.000,0,-,-,-,-,2977.2000,2977.0000,2970.2000,2969.2000,2965.2000,2980.0000,2983.0000,2995.0000,3000.0000,3032.4000,2,1,1,1,1,1,5,1,1,1
SF,IH2001,2019-11-19 09:31:16.200,2976.4000,139,0,2677860.000,0,-,-,-,-,2977.2000,2977.0000,2970.2000,2969.2000,2965.2000,2980.0000,2983.0000,2995.0000,3000.0000,3032.4000,3,1,1,1,1,1,5,1,1,1
SF,IH2001,2019-11-19 09:31:16.700,2976.4000,139,0,2677860.000,0,-,-,-,-,2977.4000,2977.2000,2970.2000,2969.2000,2965.2000,2980.0000,2983.0000,2995.0000,3000.0000,3032.4000,1,3,1,1,1,1,5,1,1,1
SF,IH2001,2019-11-19 09:31:17.200,2976.4000,139,0,2677860.000,0,-,-,-,-,2977.6000,2977.4000,2977.2000,2970.2000,2969.2000,2983.0000,2995.0000,3000.0000,3032.4000,3033.0000,3,1,1,1,1,5,1,1,1,3
SF,IH2001,2019-11-19 09:31:17.700,2976.4000,139,0,2677860.000,0,-,-,-,-,2977.6000,2977.4000,2977.2000,2970.2000,2969.2000,2981.8000,2983.0000,2995.0000,3000.0000,3032.4000,3,1,1,1,1,3,5,1,1,1
SF,IH2001,2019-11-19 09:31:18.200,2976.4000,139,0,2677860.000,0,-,-,-,-,2977.8000,2977.6000,2977.4000,2970.2000,2969.2000,2981.8000,2983.0000,2995.0000,3000.0000,3032.4000,1,3,1,1,1,3,5,1,1,1
SF,IH2001,2019-11-19 09:31:18.700,2976.4000,139,0,2677860.000,0,-,-,-,-,2978.0000,2977.8000,2977.4000,2970.2000,2969.2000,2981.8000,2983.0000,2995.0000,3000.0000,3032.4000,2,1,1,1,1,3,5,1,1,1
SF,IH2001,2019-11-19 09:31:19.200,2976.4000,139,0,2677860.000,0,-,-,-,-,2978.0000,2977.8000,2977.4000,2970.2000,2969.2000,2981.4000,2981.8000,2983.0000,2995.0000,3000.0000,2,1,1,1,1,1,3,5,1,1
SF,IH2001,2019-11-19 09:31:19.700,2976.4000,139,0,2677860.000,0,-,-,-,-,2978.0000,2977.8000,2977.4000,2970.2000,2969.2000,2981.2000,2981.4000,2983.0000,2995.0000,3000.0000,2,1,1,1,1,1,1,5,1,1
SF,IH2001,2019-11-19 09:31:20.200,2976.4000,139,0,2677860.000,0,-,-,-,-,2978.0000,2977.4000,2970.2000,2969.2000,2965.2000,2981.2000,2981.4000,2983.0000,2995.0000,3000.0000,3,1,1,1,1,1,1,5,1,1
SF,IH2001,2019-11-19 09:31:20.700,2976.4000,139,0,2677860.000,0,-,-,-,-,2978.0000,2977.4000,2970.2000,2969.2000,2965.2000,2981.2000,2983.0000,2995.0000,3000.0000,3032.4000,3,1,1,1,1,1,5,1,1,1
SF,IH2001,2019-11-19 09:31:21.200,2976.4000,139,0,2677860.000,0,-,-,-,-,2978.2000,2978.0000,2977.4000,2970.2000,2969.2000,2983.0000,2995.0000,3000.0000,3032.4000,3033.0000,1,2,1,1,1,5,1,1,1,3
SF,IH2001,2019-11-19 09:31:21.700,2976.4000,139,0,2677860.000,0,-,-,-,-,2978.8000,2978.2000,2977.4000,2970.2000,2969.2000,2982.8000,2983.0000,2995.0000,3000.0000,3032.4000,3,1,1,1,1,1,5,1,1,1
SF,IH2001,2019-11-19 09:31:22.200,2976.4000,139,0,2677860.000,0,-,-,-,-,2978.8000,2977.4000,2974.4000,2970.2000,2965.2000,2982.8000,2983.0000,2995.0000,3000.0000,3032.4000,3,1,1,1,1,1,5,1,1,1
SF,IH2001,2019-11-19 09:31:24.700,2976.4000,139,0,2677860.000,0,-,-,-,-,2978.8000,2974.4000,2970.2000,2965.2000,2964.0000,2982.8000,2983.0000,2995.0000,3000.0000,3032.4000,3,1,1,1,5,1,5,1,1,1
SF,IH2001,2019-11-19 09:31:26.700,2976.4000,139,0,2677860.000,0,-,-,-,-,2978.8000,2974.4000,2970.2000,2968.2000,2965.2000,2982.8000,2983.0000,2995.0000,3000.0000,3032.4000,3,1,1,1,1,1,5,1,1,1
SF,IH2001,2019-11-19 09:31:27.200,2976.4000,139,0,2677860.000,0,-,-,-,-,2978.8000,2974.4000,2970.2000,2968.2000,2965.2000,2982.8000,2983.0000,2995.0000,3000.0000,3032.4000,3,1,1,1,1,2,5,1,1,1
SF,IH2001,2019-11-19 09:31:27.700,2976.4000,139,0,2677860.000,0,-,-,-,-,2978.8000,2974.4000,2970.2000,2968.2000,2965.2000,2982.8000,2983.0000,2995.0000,3000.0000,3032.4000,3,1,1,1,1,1,5,1,1,1
SF,IH2001,2019-11-19 09:31:28.200,2976.4000,139,0,2677860.000,0,-,-,-,-,2978.8000,2974.4000,2970.2000,2968.2000,2965.2000,2982.8000,2983.0000,2995.0000,3000.0000,3032.4000,3,1,1,1,1,2,5,1,1,1
SF,IH2001,2019-11-19 09:31:28.700,2976.4000,139,0,2677860.000,0,-,-,-,-,2978.8000,2974.4000,2970.2000,2968.2000,2965.2000,2982.0000,2982.8000,2983.0000,2995.0000,3000.0000,3,1,1,1,1,1,1,5,1,1
SF,IH2001,2019-11-19 09:31:29.200,2976.4000,139,0,2677860.000,0,-,-,-,-,2978.8000,2974.4000,2970.2000,2968.2000,2965.2000,2982.0000,2983.0000,2995.0000,3000.0000,3032.4000,3,1,1,1,1,1,5,1,1,1
SF,IH2001,2019-11-19 09:31:34.700,2976.4000,139,0,2677860.000,0,-,-,-,-,2978.8000,2974.4000,2970.2000,2968.2000,2965.2000,2981.6000,2982.0000,2983.0000,2995.0000,3000.0000,3,1,1,1,1,1,1,5,1,1
SF,IH2001,2019-11-19 09:31:35.200,2978.8000,138,-1,4465140.000,2,0,2,多平,S,2979.0000,2974.4000,2970.2000,2968.2000,2965.2000,2981.4000,2981.6000,2982.0000,2983.0000,2995.0000,1,1,1,1,1,1,1,1,5,1
SF,IH2001,2019-11-19 09:31:35.700,2978.8000,138,0,4465140.000,0,-,-,-,-,2974.4000,2970.2000,2968.2000,2965.2000,2964.0000,2981.4000,2981.6000,2982.0000,2983.0000,2995.0000,1,1,1,1,5,2,1,1,5,1
SF,IH2001,2019-11-19 09:31:36.200,2978.8000,138,0,4465140.000,0,-,-,-,-,2977.2000,2974.4000,2970.2000,2968.2000,2965.2000,2981.4000,2981.6000,2982.0000,2983.0000,2995.0000,3,1,1,1,1,1,1,1,5,1
SF,IH2001,2019-11-19 09:31:36.700,2978.8000,138,0,4465140.000,0,-,-,-,-,2977.2000,2974.4000,2971.2000,2970.2000,2968.2000,2980.6000,2981.4000,2982.0000,2983.0000,2995.0000,3,1,1,1,1,1,2,1,5,1
SF,IH2001,2019-11-19 09:31:37.200,2978.8000,138,0,4465140.000,0,-,-,-,-,2977.2000,2974.4000,2971.2000,2970.2000,2968.2000,2980.6000,2981.0000,2983.0000,2995.0000,3000.0000,3,1,1,1,1,1,1,5,1,1
SF,IH2001,2019-11-19 09:31:37.700,2978.8000,138,0,4465140.000,0,-,-,-,-,2977.4000,2977.2000,2974.4000,2971.2000,2970.2000,2981.0000,2983.0000,2995.0000,3000.0000,3032.4000,1,3,1,1,1,1,5,1,1,1
SF,IH2001,2019-11-19 09:31:38.200,2978.8000,138,0,4465140.000,0,-,-,-,-,2977.6000,2977.4000,2974.4000,2971.2000,2970.2000,2980.8000,2981.0000,2983.0000,2995.0000,3000.0000,2,1,1,1,1,1,1,5,1,1
SF,IH2001,2019-11-19 09:31:38.700,2978.8000,138,0,4465140.000,0,-,-,-,-,2977.6000,2974.4000,2971.2000,2970.2000,2968.2000,2980.8000,2981.0000,2983.0000,2995.0000,3000.0000,2,1,1,1,1,1,1,5,1,1
SF,IH2001,2019-11-19 09:31:39.700,2978.8000,138,0,4465140.000,0,-,-,-,-,2977.6000,2974.4000,2971.2000,2970.2000,2968.2000,2980.6000,2980.8000,2983.0000,2995.0000,3000.0000,2,1,1,1,1,1,1,5,1,1
SF,IH2001,2019-11-19 09:31:40.200,2978.8000,138,0,4465140.000,0,-,-,-,-,2977.6000,2974.4000,2971.2000,2970.2000,2968.2000,2980.4000,2980.6000,2983.0000,2995.0000,3000.0000,2,1,1,1,1,1,2,5,1,1
SF,IH2001,2019-11-19 09:31:51.700,2978.8000,138,0,4465140.000,0,-,-,-,-,2977.6000,2974.4000,2971.2000,2970.2000,2968.2000,2980.2000,2980.4000,2980.6000,2983.0000,2995.0000,2,1,1,1,1,1,1,1,5,1
SF,IH2001,2019-11-19 09:31:52.200,2978.8000,138,0,4465140.000,0,-,-,-,-,2974.4000,2971.2000,2970.2000,2968.2000,2965.2000,2980.0000,2980.2000,2983.0000,2995.0000,3000.0000,1,1,1,1,1,1,2,5,1,1
SF,IH2001,2019-11-19 09:31:52.700,2978.8000,138,0,4465140.000,0,-,-,-,-,2976.2000,2974.4000,2971.2000,2970.2000,2968.2000,2980.0000,2980.2000,2983.0000,2995.0000,3000.0000,3,1,1,1,1,1,1,5,1,1
SF,IH2001,2019-11-19 09:31:53.200,2978.8000,138,0,4465140.000,0,-,-,-,-,2976.2000,2974.4000,2971.6000,2971.2000,2970.2000,2980.0000,2980.2000,2983.0000,2995.0000,3000.0000,3,1,5,1,1,2,1,5,1,1
SF,IH2001,2019-11-19 09:31:53.700,2978.8000,138,0,4465140.000,0,-,-,-,-,2976.2000,2974.4000,2971.6000,2971.2000,2970.2000,2980.0000,2983.0000,2995.0000,3000.0000,3032.4000,3,1,5,1,1,1,5,1,1,1
SF,IH2001,2019-11-19 09:31:56.200,2978.8000,138,0,4465140.000,0,-,-,-,-,2976.2000,2974.4000,2971.2000,2970.2000,2968.2000,2980.0000,2983.0000,2995.0000,3000.0000,3032.4000,3,1,1,1,1,1,5,1,1,1
SF,IH2001,2019-11-19 09:31:58.700,2978.8000,138,0,4465140.000,0,-,-,-,-,2976.2000,2974.4000,2971.2000,2970.2000,2968.2000,2979.8000,2980.0000,2983.0000,2995.0000,3000.0000,3,1,1,1,1,1,1,5,1,1
SF,IH2001,2019-11-19 09:31:59.200,2978.8000,138,0,4465140.000,0,-,-,-,-,2976.4000,2974.4000,2971.2000,2970.2000,2968.2000,2979.6000,2979.8000,2983.0000,2995.0000,3000.0000,1,1,1,1,1,2,1,5,1,1
SF,IH2001,2019-11-19 09:31:59.700,2978.8000,138,0,4465140.000,0,-,-,-,-,2976.4000,2974.4000,2971.2000,2970.2000,2968.2000,2979.6000,2979.8000,2983.0000,2995.0000,3000.0000,2,1,1,1,1,2,1,5,1,1
SF,IH2001,2019-11-19 09:32:00.200,2978.8000,138,0,4465140.000,0,-,-,-,-,2976.4000,2974.4000,2971.2000,2970.2000,2968.2000,2979.6000,2983.0000,2995.0000,3000.0000,3032.4000,2,1,1,1,1,2,5,1,1,1
SF,IH2001,2019-11-19 09:32:06.700,2978.8000,138,0,4465140.000,0,-,-,-,-,2976.4000,2974.4000,2971.2000,2970.2000,2968.2000,2979.0000,2979.6000,2983.0000,2995.0000,3000.0000,2,1,1,1,1,1,2,5,1,1
SF,IH2001,2019-11-19 09:32:07.200,2978.8000,138,0,4465140.000,0,-,-,-,-,2976.4000,2974.4000,2971.2000,2970.2000,2968.2000,2978.8000,2979.0000,2983.0000,2995.0000,3000.0000,1,1,1,1,1,1,1,5,1,1
SF,IH2001,2019-11-19 09:32:07.700,2978.8000,138,0,4465140.000,0,-,-,-,-,2976.4000,2974.4000,2971.2000,2970.2000,2968.2000,2978.8000,2979.0000,2983.0000,2995.0000,3000.0000,2,1,1,1,1,1,1,5,1,1
SF,IH2001,2019-11-19 09:32:08.200,2978.8000,138,0,4465140.000,0,-,-,-,-,2976.4000,2974.4000,2971.2000,2970.2000,2968.2000,2978.8000,2983.0000,2995.0000,3000.0000,3032.4000,2,1,1,1,1,1,5,1,1,1
SF,IH2001,2019-11-19 09:32:09.200,2978.8000,138,0,4465140.000,0,-,-,-,-,2977.2000,2976.4000,2974.4000,2971.2000,2970.2000,2978.8000,2983.0000,2995.0000,3000.0000,3032.4000,1,2,1,1,1,1,5,1,1,1
SF,IH2001,2019-11-19 09:32:09.700,2978.8000,138,0,4465140.000,0,-,-,-,-,2977.2000,2974.4000,2971.2000,2970.2000,2968.2000,2978.8000,2983.0000,2995.0000,3000.0000,3032.4000,1,1,1,1,1,1,5,1,1,1
SF,IH2001,2019-11-19 09:32:13.200,2978.8000,138,0,4465140.000,0,-,-,-,-,2974.4000,2971.2000,2970.2000,2968.2000,2967.8000,2978.8000,2983.0000,2995.0000,3000.0000,3032.4000,1,1,1,1,5,1,5,1,1,1
SF,IH2001,2019-11-19 09:32:13.700,2978.8000,138,0,4465140.000,0,-,-,-,-,2975.4000,2974.4000,2971.2000,2970.2000,2968.2000,2978.8000,2983.0000,2995.0000,3000.0000,3032.4000,3,1,1,1,1,1,5,1,1,1
SF,IH2001,2019-11-19 09:32:14.200,2978.8000,138,0,4465140.000,0,-,-,-,-,2975.4000,2974.4000,2971.2000,2970.2000,2968.2000,2978.8000,2983.0000,2995.0000,3000.0000,3032.4000,3,1,1,1,1,2,5,1,1,1
SF,IH2001,2019-11-19 09:32:17.200,2978.8000,138,0,4465140.000,0,-,-,-,-,2975.6000,2975.4000,2974.4000,2971.2000,2970.2000,2978.8000,2983.0000,2995.0000,3000.0000,3032.4000,1,3,1,1,1,2,5,1,1,1
SF,IH2001,2019-11-19 09:32:17.700,2978.8000,138,0,4465140.000,0,-,-,-,-,2975.8000,2975.6000,2974.4000,2971.2000,2970.2000,2978.8000,2983.0000,2995.0000,3000.0000,3032.4000,2,1,1,1,1,1,5,1,1,1
SF,IH2001,2019-11-19 09:32:19.700,2978.8000,138,0,4465140.000,0,-,-,-,-,2976.0000,2975.8000,2975.6000,2974.4000,2971.2000,2978.8000,2983.0000,2995.0000,3000.0000,3032.4000,2,2,1,1,1,1,5,1,1,1
SF,IH2001,2019-11-19 09:32:20.200,2978.8000,138,0,4465140.000,0,-,-,-,-,2976.2000,2976.0000,2975.6000,2974.4000,2971.2000,2978.8000,2983.0000,2995.0000,3000.0000,3032.4000,1,2,1,1,1,1,5,1,1,1
SF,IH2001,2019-11-19 09:32:21.200,2978.8000,138,0,4465140.000,0,-,-,-,-,2976.4000,2976.2000,2976.0000,2975.6000,2974.4000,2978.8000,2983.0000,2995.0000,3000.0000,3032.4000,1,1,1,1,1,1,5,1,1,1
SF,IH2001,2019-11-19 09:32:21.700,2978.8000,138,0,4465140.000,0,-,-,-,-,2976.6000,2976.4000,2976.0000,2975.6000,2974.4000,2978.8000,2983.0000,2995.0000,3000.0000,3032.4000,1,1,1,1,1,1,5,1,1,1
SF,IH2001,2019-11-19 09:32:22.700,2978.8000,138,0,4465140.000,0,-,-,-,-,2976.8000,2976.6000,2976.0000,2975.6000,2974.4000,2978.8000,2983.0000,2995.0000,3000.0000,3032.4000,1,1,1,1,1,1,5,1,1,1
SF,IH2001,2019-11-19 09:32:23.200,2978.8000,138,0,4465140.000,0,-,-,-,-,2976.8000,2976.0000,2975.6000,2974.4000,2971.2000,2978.8000,2983.0000,2995.0000,3000.0000,3032.4000,1,1,1,1,1,1,5,1,1,1
SF,IH2001,2019-11-19 09:32:26.200,2978.8000,138,0,4465140.000,0,-,-,-,-,2974.4000,2971.2000,2970.2000,2968.2000,2967.8000,2978.8000,2983.0000,2995.0000,3000.0000,3032.4000,1,1,1,1,5,1,5,1,1,1
SF,IH2001,2019-11-19 09:32:26.700,2978.8000,138,0,4465140.000,0,-,-,-,-,2975.4000,2974.4000,2971.2000,2970.2000,2968.2000,2978.8000,2983.0000,2995.0000,3000.0000,3032.4000,3,2,1,1,1,1,5,1,1,1
SF,IH2001,2019-11-19 09:32:27.200,2978.8000,138,0,4465140.000,0,-,-,-,-,2975.4000,2974.4000,2971.2000,2970.2000,2968.2000,2978.8000,2983.0000,2995.0000,3000.0000,3032.4000,3,1,1,1,1,1,5,1,1,1
SF,IH2001,2019-11-19 09:32:27.700,2978.8000,138,0,4465140.000,0,-,-,-,-,2975.8000,2975.6000,2975.4000,2974.4000,2971.2000,2978.8000,2983.0000,2995.0000,3000.0000,3032.4000,1,1,3,1,1,1,5,1,1,1
SF,IH2001,2019-11-19 09:32:28.200,2978.8000,138,0,4465140.000,0,-,-,-,-,2976.0000,2975.8000,2975.6000,2974.4000,2971.2000,2978.8000,2983.0000,2995.0000,3000.0000,3032.4000,1,1,1,1,1,1,5,1,1,1
SF,IH2001,2019-11-19 09:32:29.200,2978.8000,138,0,4465140.000,0,-,-,-,-,2976.2000,2976.0000,2975.6000,2974.4000,2971.2000,2978.8000,2983.0000,2995.0000,3000.0000,3032.4000,1,1,1,1,1,1,5,1,1,1
SF,IH2001,2019-11-19 09:32:29.700,2978.8000,138,0,4465140.000,0,-,-,-,-,2976.2000,2975.6000,2974.4000,2971.2000,2970.2000,2978.8000,2983.0000,2995.0000,3000.0000,3032.4000,1,1,1,1,1,1,5,1,1,1
SF,IH2001,2019-11-19 09:32:38.700,2978.8000,138,0,4465140.000,0,-,-,-,-,2976.6000,2976.2000,2975.6000,2974.4000,2971.2000,2978.8000,2983.0000,2995.0000,3000.0000,3032.4000,1,1,1,1,1,1,5,1,1,1
SF,IH2001,2019-11-19 09:32:45.700,2978.8000,138,0,4465140.000,0,-,-,-,-,2976.6000,2975.6000,2974.4000,2971.2000,2970.2000,2978.8000,2983.0000,2995.0000,3000.0000,3032.4000,1,1,1,1,1,1,5,1,1,1
SF,IH2001,2019-11-19 09:32:46.200,2978.8000,138,0,4465140.000,0,-,-,-,-,2976.6000,2975.6000,2974.4000,2971.2000,2970.2000,2978.8000,2983.0000,2995.0000,3000.0000,3032.4000,1,1,1,1,1,2,5,1,1,1
SF,IH2001,2019-11-19 09:32:49.200,2978.8000,138,0,4465140.000,0,-,-,-,-,2975.6000,2974.4000,2971.2000,2970.2000,2968.2000,2978.8000,2983.0000,2995.0000,3000.0000,3032.4000,1,1,1,1,1,2,5,1,1,1
SF,IH2001,2019-11-19 09:32:49.700,2978.8000,138,0,4465140.000,0,-,-,-,-,2975.8000,2975.6000,2974.4000,2971.2000,2970.2000,2978.8000,2983.0000,2995.0000,3000.0000,3032.4000,1,1,1,1,1,1,5,1,1,1
SF,IH2001,2019-11-19 09:32:50.200,2978.8000,138,0,4465140.000,0,-,-,-,-,2975.8000,2974.4000,2971.2000,2970.2000,2968.2000,2978.8000,2983.0000,2995.0000,3000.0000,3032.4000,1,1,1,1,1,2,5,1,1,1
SF,IH2001,2019-11-19 09:32:56.200,2978.8000,138,0,4465140.000,0,-,-,-,-,2976.0000,2975.8000,2974.4000,2971.2000,2970.2000,2978.8000,2983.0000,2995.0000,3000.0000,3032.4000,1,1,1,1,1,2,5,1,1,1
SF,IH2001,2019-11-19 09:33:08.200,2978.8000,138,0,4465140.000,0,-,-,-,-,2976.0000,2975.8000,2974.4000,2971.2000,2970.2000,2978.8000,2983.0000,2995.0000,3000.0000,3032.4000,1,1,1,1,1,2,5,1,1,1
SF,IH2001,2019-11-19 09:33:08.700,2978.8000,138,0,4465140.000,0,-,-,-,-,2976.0000,2974.4000,2971.2000,2970.2000,2968.2000,2978.8000,2983.0000,2995.0000,3000.0000,3032.4000,1,1,1,1,1,2,5,1,1,1
SF,IH2001,2019-11-19 09:33:09.200,2978.8000,138,0,4465140.000,0,-,-,-,-,2974.4000,2971.2000,2970.2000,2968.2000,2967.8000,2978.8000,2983.0000,2995.0000,3000.0000,3032.4000,1,1,1,1,5,2,5,1,1,1
SF,IH2001,2019-11-19 09:33:09.700,2978.8000,138,0,4465140.000,0,-,-,-,-,2974.6000,2974.4000,2971.2000,2970.2000,2968.2000,2978.8000,2983.0000,2995.0000,3000.0000,3032.4000,1,1,1,1,1,2,5,1,1,1
SF,IH2001,2019-11-19 09:33:10.200,2978.8000,138,0,4465140.000,0,-,-,-,-,2974.6000,2974.4000,2971.2000,2970.2000,2968.2000,2978.8000,2983.0000,2995.0000,3000.0000,3032.4000,1,1,1,1,1,1,5,1,1,1
SF,IH2001,2019-11-19 09:33:10.700,2978.8000,138,0,4465140.000,0,-,-,-,-,2975.2000,2974.6000,2974.4000,2971.2000,2970.2000,2978.8000,2983.0000,2995.0000,3000.0000,3032.4000,1,1,1,1,1,1,5,1,1,1
SF,IH2001,2019-11-19 09:33:11.200,2978.8000,138,0,4465140.000,0,-,-,-,-,2975.2000,2974.4000,2971.2000,2970.2000,2968.2000,2978.8000,2983.0000,2995.0000,3000.0000,3032.4000,1,1,1,1,1,1,5,1,1,1
SF,IH2001,2019-11-19 09:33:29.700,2978.8000,138,0,4465140.000,0,-,-,-,-,2975.4000,2975.2000,2974.4000,2971.2000,2970.2000,2978.8000,2983.0000,2995.0000,3000.0000,3032.4000,1,1,1,1,1,1,5,1,1,1
SF,IH2001,2019-11-19 09:33:30.200,2978.8000,138,0,4465140.000,0,-,-,-,-,2975.6000,2975.4000,2975.2000,2974.4000,2971.2000,2978.8000,2983.0000,2995.0000,3000.0000,3032.4000,2,1,1,1,1,2,5,1,1,1
SF,IH2001,2019-11-19 09:33:31.700,2978.8000,138,0,4465140.000,0,-,-,-,-,2976.0000,2975.6000,2975.4000,2974.4000,2971.2000,2978.8000,2983.0000,2995.0000,3000.0000,3032.4000,1,2,1,1,1,2,5,1,1,1
SF,IH2001,2019-11-19 09:33:32.200,2978.8000,138,0,4465140.000,0,-,-,-,-,2976.0000,2975.4000,2974.4000,2971.2000,2970.2000,2978.8000,2983.0000,2995.0000,3000.0000,3032.4000,1,1,1,1,1,2,5,1,1,1
SF,IH2001,2019-11-19 09:33:38.200,2978.8000,138,0,4465140.000,0,-,-,-,-,2976.0000,2974.4000,2971.2000,2970.2000,2968.2000,2978.8000,2983.0000,2995.0000,3000.0000,3032.4000,1,1,1,1,1,2,5,1,1,1
SF,IH2001,2019-11-19 09:33:40.700,2978.8000,138,0,4465140.000,0,-,-,-,-,2974.4000,2971.2000,2970.2000,2968.2000,2967.8000,2978.8000,2983.0000,2995.0000,3000.0000,3032.4000,1,1,1,1,5,2,5,1,1,1
SF,IH2001,2019-11-19 09:33:41.200,2978.8000,138,0,4465140.000,0,-,-,-,-,2975.2000,2974.6000,2974.4000,2971.2000,2970.2000,2978.8000,2983.0000,2995.0000,3000.0000,3032.4000,1,3,1,1,1,1,5,1,1,1
SF,IH2001,2019-11-19 09:33:41.700,2978.8000,138,0,4465140.000,0,-,-,-,-,2975.2000,2974.6000,2974.4000,2971.2000,2970.2000,2978.8000,2983.0000,2995.0000,3000.0000,3032.4000,1,3,1,1,1,2,5,1,1,1
SF,IH2001,2019-11-19 09:33:44.700,2978.8000,138,0,4465140.000,0,-,-,-,-,2975.2000,2974.6000,2974.4000,2971.2000,2970.2000,2978.6000,2978.8000,2983.0000,2995.0000,3000.0000,1,3,1,1,1,1,2,5,1,1
SF,IH2001,2019-11-19 09:33:45.200,2978.8000,138,0,4465140.000,0,-,-,-,-,2975.2000,2974.4000,2971.2000,2970.2000,2968.2000,2977.6000,2978.6000,2978.8000,2983.0000,2995.0000,1,1,1,1,1,3,1,1,5,1
SF,IH2001,2019-11-19 09:33:45.700,2978.8000,138,0,4465140.000,0,-,-,-,-,2975.2000,2974.4000,2971.2000,2970.2000,2968.2000,2977.6000,2978.6000,2983.0000,2995.0000,3000.0000,1,1,1,1,1,3,1,5,1,1
SF,IH2001,2019-11-19 09:33:46.200,2978.8000,138,0,4465140.000,0,-,-,-,-,2975.2000,2974.4000,2971.2000,2970.2000,2968.2000,2977.6000,2983.0000,2995.0000,3000.0000,3032.4000,2,1,1,1,1,3,5,1,1,1
SF,IH2001,2019-11-19 09:33:46.700,2978.8000,138,0,4465140.000,0,-,-,-,-,2975.2000,2974.4000,2971.2000,2970.2000,2968.2000,2977.6000,2983.0000,2995.0000,3000.0000,3032.4000,1,1,1,1,1,3,5,1,1,1
SF,IH2001,2019-11-19 09:33:54.200,2978.8000,138,0,4465140.000,0,-,-,-,-,2975.4000,2975.2000,2974.4000,2971.2000,2970.2000,2977.6000,2983.0000,2995.0000,3000.0000,3032.4000,1,1,1,1,1,3,5,1,1,1
SF,IH2001,2019-11-19 09:33:54.700,2978.8000,138,0,4465140.000,0,-,-,-,-,2975.4000,2975.2000,2974.4000,2971.2000,2970.2000,2977.4000,2977.6000,2983.0000,2995.0000,3000.0000,1,1,1,1,1,1,3,5,1,1
SF,IH2001,2019-11-19 09:33:55.200,2978.8000,138,0,4465140.000,0,-,-,-,-,2975.4000,2975.2000,2974.4000,2971.2000,2970.2000,2977.2000,2977.4000,2983.0000,2995.0000,3000.0000,1,1,1,1,1,2,1,5,1,1
SF,IH2001,2019-11-19 09:33:55.700,2978.8000,138,0,4465140.000,0,-,-,-,-,2975.4000,2975.2000,2974.4000,2971.2000,2970.2000,2977.2000,2983.0000,2995.0000,3000.0000,3032.4000,1,1,1,1,1,2,5,1,1,1
SF,IH2001,2019-11-19 09:33:56.200,2978.8000,138,0,4465140.000,0,-,-,-,-,2975.4000,2975.2000,2974.4000,2971.2000,2970.2000,2977.2000,2983.0000,2995.0000,3000.0000,3032.4000,1,1,1,1,1,3,5,1,1,1
SF,IH2001,2019-11-19 09:33:59.200,2978.8000,138,0,4465140.000,0,-,-,-,-,2975.2000,2974.4000,2971.2000,2970.2000,2968.2000,2977.2000,2983.0000,2995.0000,3000.0000,3032.4000,1,1,1,1,1,3,5,1,1,1
SF,IH2001,2019-11-19 09:34:04.700,2977.2000,136,-2,6251460.000,2,0,2,双平,S,2975.4000,2975.2000,2974.4000,2971.2000,2970.2000,2977.2000,2978.0000,2983.0000,2995.0000,3000.0000,1,1,1,1,1,1,1,5,1,1
SF,IH2001,2019-11-19 09:34:05.200,2977.2000,135,-1,7144620.000,1,0,1,双平,S,2977.4000,2975.4000,2974.4000,2971.2000,2970.2000,2983.0000,2995.0000,3000.0000,3032.4000,3033.0000,1,2,1,1,1,5,1,1,1,3
SF,IH2001,2019-11-19 09:34:05.700,2977.4000,134,-1,8037840.000,1,0,1,双平,S,2975.4000,2974.4000,2971.2000,2970.2000,2968.2000,2978.6000,2982.8000,2983.0000,2995.0000,3000.0000,1,1,1,1,1,3,1,5,1,1
SF,IH2001,2019-11-19 09:34:06.200,2977.4000,134,0,8037840.000,0,-,-,-,-,2975.8000,2975.4000,2974.4000,2971.2000,2970.2000,2982.8000,2983.0000,2995.0000,3000.0000,3032.4000,3,2,1,1,1,1,5,1,1,1
SF,IH2001,2019-11-19 09:34:06.700,2977.4000,134,0,8037840.000,0,-,-,-,-,2975.8000,2975.4000,2974.4000,2971.2000,2970.2000,2979.4000,2982.8000,2983.0000,2995.0000,3000.0000,3,1,1,1,1,3,1,5,1,1
SF,IH2001,2019-11-19 09:34:07.200,2977.4000,134,0,8037840.000,0,-,-,-,-,2976.0000,2975.8000,2975.4000,2974.4000,2971.2000,2979.4000,2982.8000,2983.0000,2995.0000,3000.0000,1,3,1,1,1,3,1,5,1,1
SF,IH2001,2019-11-19 09:34:07.700,2977.4000,134,0,8037840.000,0,-,-,-,-,2976.2000,2976.0000,2975.4000,2974.4000,2971.2000,2979.4000,2982.8000,2983.0000,2995.0000,3000.0000,2,1,1,1,1,3,1,5,1,1
SF,IH2001,2019-11-19 09:34:10.700,2977.4000,134,0,8037840.000,0,-,-,-,-,2977.6000,2976.2000,2976.0000,2975.4000,2974.4000,2979.4000,2982.8000,2983.0000,2995.0000,3000.0000,1,2,1,1,1,3,1,5,1,1
SF,IH2001,2019-11-19 09:34:11.200,2977.4000,134,0,8037840.000,0,-,-,-,-,2977.6000,2976.4000,2975.4000,2974.4000,2971.2000,2982.8000,2983.0000,2995.0000,3000.0000,3032.4000,1,2,1,1,1,1,5,1,1,1
SF,IH2001,2019-11-19 09:34:11.700,2977.4000,134,0,8037840.000,0,-,-,-,-,2977.6000,2976.4000,2975.4000,2974.4000,2971.2000,2980.0000,2982.8000,2983.0000,2995.0000,3000.0000,1,2,1,1,1,3,1,5,1,1
SF,IH2001,2019-11-19 09:34:12.200,2977.4000,134,0,8037840.000,0,-,-,-,-,2977.6000,2976.4000,2975.4000,2974.4000,2971.2000,2980.0000,2982.8000,2983.0000,2995.0000,3000.0000,2,2,1,1,1,3,1,5,1,1
SF,IH2001,2019-11-19 09:34:12.700,2977.4000,134,0,8037840.000,0,-,-,-,-,2977.6000,2976.4000,2975.4000,2974.4000,2971.2000,2982.8000,2983.0000,2995.0000,3000.0000,3032.4000,2,2,1,1,1,1,5,1,1,1
SF,IH2001,2019-11-19 09:34:13.200,2977.4000,134,0,8037840.000,0,-,-,-,-,2977.8000,2977.6000,2976.4000,2975.4000,2974.4000,2980.8000,2982.8000,2983.0000,2995.0000,3000.0000,2,1,2,1,1,3,1,5,1,1
SF,IH2001,2019-11-19 09:34:13.700,2977.4000,134,0,8037840.000,0,-,-,-,-,2977.8000,2977.6000,2976.4000,2975.4000,2974.4000,2980.8000,2982.8000,2983.0000,2995.0000,3000.0000,5,1,1,1,1,3,1,5,1,1
SF,IH2001,2019-11-19 09:34:14.200,2977.4000,134,0,8037840.000,0,-,-,-,-,2977.8000,2977.6000,2976.4000,2975.4000,2974.4000,2980.8000,2982.8000,2983.0000,2995.0000,3000.0000,4,1,1,1,1,3,1,5,1,1
SF,IH2001,2019-11-19 09:34:14.700,2977.4000,134,0,8037840.000,0,-,-,-,-,2977.8000,2977.6000,2976.4000,2975.4000,2974.4000,2982.8000,2983.0000,2995.0000,3000.0000,3032.4000,4,1,1,1,1,1,5,1,1,1
SF,IH2001,2019-11-19 09:34:15.200,2977.4000,134,0,8037840.000,0,-,-,-,-,2977.8000,2977.6000,2976.4000,2975.4000,2974.4000,2981.2000,2982.8000,2983.0000,2995.0000,3000.0000,3,1,1,1,1,3,1,5,1,1
SF,IH2001,2019-11-19 09:34:15.700,2977.4000,134,0,8037840.000,0,-,-,-,-,2978.0000,2977.8000,2977.6000,2976.4000,2975.4000,2981.2000,2982.8000,2983.0000,2995.0000,3000.0000,1,3,1,1,1,3,1,5,1,1
SF,IH2001,2019-11-19 09:34:16.200,2977.4000,134,0,8037840.000,0,-,-,-,-,2978.2000,2978.0000,2977.8000,2977.6000,2976.4000,2981.2000,2982.8000,2983.0000,2995.0000,3000.0000,2,1,1,1,1,3,1,5,1,1
SF,IH2001,2019-11-19 09:34:17.200,2977.4000,134,0,8037840.000,0,-,-,-,-,2978.2000,2978.0000,2977.6000,2976.4000,2975.4000,2981.2000,2982.8000,2983.0000,2995.0000,3000.0000,2,1,1,1,1,3,1,5,1,1
SF,IH2001,2019-11-19 09:34:17.700,2977.4000,134,0,8037840.000,0,-,-,-,-,2978.4000,2978.2000,2978.0000,2977.6000,2976.4000,2981.2000,2982.8000,2983.0000,2995.0000,3000.0000,1,2,1,1,1,3,1,5,1,1
SF,IH2001,2019-11-19 09:34:18.200,2977.4000,134,0,8037840.000,0,-,-,-,-,2978.8000,2978.4000,2977.6000,2976.4000,2975.4000,2982.8000,2983.0000,2995.0000,3000.0000,3032.4000,3,2,1,1,1,1,5,1,1,1
SF,IH2001,2019-11-19 09:34:18.700,2977.4000,134,0,8037840.000,0,-,-,-,-,2978.8000,2978.4000,2977.6000,2976.4000,2975.4000,2982.0000,2982.8000,2983.0000,2995.0000,3000.0000,3,1,1,1,1,3,1,5,1,1
SF,IH2001,2019-11-19 09:34:19.200,2977.4000,134,0,8037840.000,0,-,-,-,-,2979.0000,2978.8000,2978.4000,2977.6000,2976.4000,2982.0000,2982.8000,2983.0000,2995.0000,3000.0000,1,3,1,1,1,3,1,5,1,1
SF,IH2001,2019-11-19 09:34:19.700,2977.4000,134,0,8037840.000,0,-,-,-,-,2979.2000,2979.0000,2977.6000,2976.4000,2975.4000,2981.4000,2982.8000,2983.0000,2995.0000,3000.0000,2,1,1,1,1,1,1,5,1,1
SF,IH2001,2019-11-19 09:34:20.200,2977.4000,134,0,8037840.000,0,-,-,-,-,2979.2000,2977.6000,2976.4000,2975.4000,2974.4000,2981.4000,2982.8000,2983.0000,2995.0000,3000.0000,2,1,1,1,1,1,1,5,1,1
SF,IH2001,2019-11-19 09:34:20.700,2977.4000,134,0,8037840.000,0,-,-,-,-,2979.2000,2977.6000,2976.4000,2975.4000,2974.4000,2981.4000,2982.8000,2983.0000,2995.0000,3000.0000,3,1,1,1,1,1,1,5,1,1
SF,IH2001,2019-11-19 09:34:23.200,2977.4000,134,0,8037840.000,0,-,-,-,-,2979.2000,2977.6000,2976.4000,2975.4000,2974.4000,2981.4000,2981.6000,2982.8000,2983.0000,2995.0000,3,1,1,1,1,1,1,1,5,1
SF,IH2001,2019-11-19 09:34:23.700,2977.4000,134,0,8037840.000,0,-,-,-,-,2979.4000,2979.2000,2977.6000,2976.4000,2975.4000,2981.4000,2982.8000,2983.0000,2995.0000,3000.0000,1,2,1,1,1,1,1,5,1,1
SF,IH2001,2019-11-19 09:34:24.200,2977.4000,134,0,8037840.000,0,-,-,-,-,2979.6000,2979.4000,2977.6000,2976.4000,2975.4000,2981.4000,2982.8000,2983.0000,2995.0000,3000.0000,2,1,1,1,1,1,1,5,1,1
SF,IH2001,2019-11-19 09:34:25.200,2977.4000,134,0,8037840.000,0,-,-,-,-,2979.6000,2979.4000,2976.4000,2975.4000,2974.4000,2981.4000,2982.8000,2983.0000,2995.0000,3000.0000,2,1,1,1,1,1,1,5,1,1
SF,IH2001,2019-11-19 09:34:29.200,2977.4000,134,0,8037840.000,0,-,-,-,-,2979.6000,2979.4000,2976.4000,2975.4000,2974.4000,2982.8000,2983.0000,2995.0000,3000.0000,3032.4000,2,1,1,1,1,1,5,1,1,1
SF,IH2001,2019-11-19 09:34:29.700,2977.4000,134,0,8037840.000,0,-,-,-,-,2979.6000,2976.4000,2975.4000,2974.4000,2971.2000,2982.8000,2983.0000,2995.0000,3000.0000,3032.4000,2,1,1,1,1,1,5,1,1,1
SF,IH2001,2019-11-19 09:34:30.200,2977.4000,134,0,8037840.000,0,-,-,-,-,2979.6000,2976.4000,2975.4000,2974.4000,2971.2000,2982.8000,2983.0000,2995.0000,3000.0000,3032.4000,3,1,1,1,1,1,5,1,1,1
SF,IH2001,2019-11-19 09:34:30.700,2977.4000,134,0,8037840.000,0,-,-,-,-,2979.6000,2976.4000,2975.4000,2974.4000,2971.2000,2982.4000,2982.8000,2983.0000,2995.0000,3000.0000,3,1,1,1,1,1,1,5,1,1
SF,IH2001,2019-11-19 09:34:31.200,2977.4000,134,0,8037840.000,0,-,-,-,-,2979.8000,2979.6000,2976.4000,2975.4000,2974.4000,2982.4000,2982.6000,2982.8000,2983.0000,2995.0000,1,2,1,1,1,1,2,1,5,1
SF,IH2001,2019-11-19 09:34:31.700,2977.4000,134,0,8037840.000,0,-,-,-,-,2980.6000,2979.8000,2976.4000,2975.4000,2974.4000,2982.2000,2982.4000,2982.6000,2982.8000,2983.0000,3,1,1,1,1,1,1,1,1,5
SF,IH2001,2019-11-19 09:34:32.200,2977.4000,134,0,8037840.000,0,-,-,-,-,2980.6000,2976.4000,2975.4000,2974.4000,2971.2000,2982.0000,2982.2000,2982.4000,2982.8000,2983.0000,3,1,1,1,1,1,1,1,1,5
SF,IH2001,2019-11-19 09:34:32.700,2980.6000,132,-2,9826200.000,2,0,2,双平,S,2980.6000,2976.4000,2975.4000,2974.4000,2971.2000,2982.0000,2982.2000,2982.4000,2982.8000,2983.0000,1,1,1,1,1,1,1,1,1,5
SF,IH2001,2019-11-19 09:34:33.200,2980.6000,132,0,9826200.000,0,-,-,-,-,2980.8000,2976.4000,2975.4000,2974.4000,2971.2000,2981.8000,2982.0000,2982.4000,2982.8000,2983.0000,1,1,1,1,1,1,1,1,1,5
SF,IH2001,2019-11-19 09:34:33.700,2980.8000,131,-1,10720440.000,1,0,1,双平,S,2980.0000,2976.4000,2975.4000,2974.4000,2971.2000,2981.8000,2982.0000,2982.6000,2982.8000,2983.0000,1,1,1,1,1,1,1,1,1,5
SF,IH2001,2019-11-19 09:34:34.200,2980.8000,131,0,10720440.000,0,-,-,-,-,2980.0000,2976.4000,2975.4000,2974.4000,2971.2000,2981.8000,2982.0000,2982.8000,2983.0000,2995.0000,1,1,1,1,1,1,1,1,5,1
SF,IH2001,2019-11-19 09:34:34.700,2980.8000,131,0,10720440.000,0,-,-,-,-,2980.0000,2976.4000,2975.4000,2974.4000,2971.2000,2981.8000,2982.0000,2982.8000,2983.0000,2995.0000,2,1,1,1,1,1,1,1,5,1
SF,IH2001,2019-11-19 09:34:35.200,2980.8000,131,0,10720440.000,0,-,-,-,-,2980.0000,2976.4000,2975.4000,2974.4000,2971.2000,2981.6000,2981.8000,2982.0000,2982.8000,2983.0000,2,1,1,1,1,1,1,1,1,5
SF,IH2001,2019-11-19 09:34:35.700,2980.8000,131,0,10720440.000,0,-,-,-,-,2980.0000,2976.4000,2975.4000,2974.4000,2971.2000,2981.6000,2981.8000,2982.8000,2983.0000,2995.0000,2,1,1,1,1,1,1,1,5,1
SF,IH2001,2019-11-19 09:34:36.200,2980.8000,131,0,10720440.000,0,-,-,-,-,2980.0000,2976.4000,2975.4000,2974.4000,2971.2000,2981.4000,2981.6000,2982.8000,2983.0000,2995.0000,2,1,1,1,1,1,1,1,5,1
SF,IH2001,2019-11-19 09:34:40.200,2980.8000,131,0,10720440.000,0,-,-,-,-,2980.0000,2976.4000,2975.4000,2974.4000,2971.2000,2981.4000,2982.8000,2983.0000,2995.0000,3000.0000,2,1,1,1,1,1,1,5,1,1
SF,IH2001,2019-11-19 09:34:40.700,2980.8000,131,0,10720440.000,0,-,-,-,-,2980.0000,2976.4000,2975.4000,2974.4000,2971.2000,2982.8000,2983.0000,2995.0000,3000.0000,3032.4000,2,1,1,1,1,1,5,1,1,1
SF,IH2001,2019-11-19 09:34:41.200,2980.8000,131,0,10720440.000,0,-,-,-,-,2980.0000,2976.4000,2975.4000,2974.4000,2971.2000,2982.6000,2982.8000,2983.0000,2995.0000,3000.0000,1,1,1,1,1,3,1,5,1,1
SF,IH2001,2019-11-19 09:34:41.700,2980.8000,131,0,10720440.000,0,-,-,-,-,2980.0000,2976.4000,2975.4000,2974.4000,2971.2000,2982.6000,2982.8000,2983.0000,2995.0000,3000.0000,2,1,1,1,1,3,1,5,1,1
SF,IH2001,2019-11-19 09:34:42.200,2980.8000,131,0,10720440.000,0,-,-,-,-,2980.0000,2976.4000,2975.4000,2974.4000,2971.2000,2982.4000,2982.6000,2982.8000,2983.0000,2995.0000,2,1,1,1,1,1,3,1,5,1
SF,IH2001,2019-11-19 09:34:42.700,2980.8000,131,0,10720440.000,0,-,-,-,-,2980.0000,2976.4000,2975.4000,2974.4000,2971.2000,2982.4000,2982.8000,2983.0000,2995.0000,3000.0000,2,1,1,1,1,2,1,5,1,1
SF,IH2001,2019-11-19 09:34:43.200,2980.8000,131,0,10720440.000,0,-,-,-,-,2980.0000,2976.4000,2975.4000,2974.4000,2971.2000,2982.2000,2982.4000,2982.8000,2983.0000,2995.0000,2,1,1,1,1,1,1,1,5,1
SF,IH2001,2019-11-19 09:34:43.700,2980.8000,131,0,10720440.000,0,-,-,-,-,2980.0000,2976.4000,2975.4000,2974.4000,2971.2000,2982.2000,2982.4000,2982.8000,2983.0000,2995.0000,1,1,1,1,1,1,1,1,5,1
SF,IH2001,2019-11-19 09:34:44.200,2980.8000,131,0,10720440.000,0,-,-,-,-,2980.0000,2976.4000,2975.4000,2974.4000,2971.2000,2982.0000,2982.2000,2982.4000,2982.8000,2983.0000,2,1,1,1,1,1,1,1,1,5
SF,IH2001,2019-11-19 09:34:44.700,2980.8000,131,0,10720440.000,0,-,-,-,-,2980.0000,2976.4000,2975.4000,2974.4000,2971.2000,2981.8000,2982.0000,2982.4000,2982.8000,2983.0000,1,1,1,1,1,1,1,1,1,5
SF,IH2001,2019-11-19 09:34:46.700,2980.8000,131,0,10720440.000,0,-,-,-,-,2980.0000,2976.4000,2975.4000,2974.4000,2971.2000,2981.4000,2981.8000,2982.4000,2982.8000,2983.0000,1,1,1,1,1,1,1,1,1,5
SF,IH2001,2019-11-19 09:34:47.200,2980.8000,131,0,10720440.000,0,-,-,-,-,2980.0000,2976.4000,2975.4000,2974.4000,2971.2000,2981.4000,2982.4000,2982.8000,2983.0000,2995.0000,2,1,1,1,1,1,1,1,5,1
SF,IH2001,2019-11-19 09:34:47.700,2980.8000,131,0,10720440.000,0,-,-,-,-,2980.0000,2976.4000,2975.4000,2974.4000,2971.2000,2982.4000,2982.8000,2983.0000,2995.0000,3000.0000,2,1,1,1,1,1,1,5,1,1
SF,IH2001,2019-11-19 09:34:48.200,2980.8000,131,0,10720440.000,0,-,-,-,-,2980.0000,2976.4000,2975.4000,2974.4000,2971.2000,2982.2000,2982.4000,2982.8000,2983.0000,2995.0000,2,1,1,1,1,1,1,1,5,1
SF,IH2001,2019-11-19 09:34:51.700,2980.8000,131,0,10720440.000,0,-,-,-,-,2980.0000,2976.4000,2975.4000,2974.4000,2971.2000,2982.0000,2982.2000,2982.4000,2982.8000,2983.0000,2,1,1,1,1,1,1,1,1,5
SF,IH2001,2019-11-19 09:34:52.200,2980.8000,131,0,10720440.000,0,-,-,-,-,2980.0000,2976.4000,2975.4000,2974.4000,2971.2000,2981.8000,2982.0000,2982.4000,2982.8000,2983.0000,2,1,1,1,1,1,1,1,1,5
SF,IH2001,2019-11-19 09:34:58.200,2980.8000,131,0,10720440.000,0,-,-,-,-,2980.0000,2976.4000,2975.4000,2974.4000,2971.2000,2981.8000,2982.4000,2982.8000,2983.0000,2995.0000,2,1,1,1,1,1,1,1,5,1
SF,IH2001,2019-11-19 09:34:58.700,2980.8000,131,0,10720440.000,0,-,-,-,-,2980.0000,2976.4000,2975.4000,2974.4000,2971.2000,2982.4000,2982.8000,2983.0000,2995.0000,3000.0000,2,1,1,1,1,1,1,5,1,1
SF,IH2001,2019-11-19 09:35:00.700,2980.8000,131,0,10720440.000,0,-,-,-,-,2980.0000,2976.4000,2975.4000,2974.4000,2971.2000,2982.4000,2982.8000,2986.8000,2995.0000,3000.0000,2,1,1,1,1,1,1,5,1,1
SF,IH2001,2019-11-19 09:35:03.700,2982.4000,130,-1,11615160.000,1,0,1,双平,S,2982.4000,2980.0000,2976.4000,2975.4000,2974.4000,2982.8000,2986.8000,2995.0000,3000.0000,3032.4000,4,2,1,1,1,1,5,1,1,1
SF,IH2001,2019-11-19 09:35:04.200,2982.8000,132,2,20562660.000,10,6,4,空开,S,2982.8000,2980.8000,2980.0000,2976.4000,2975.4000,2983.4000,2986.8000,2995.0000,3000.0000,3032.4000,5,1,1,1,1,1,5,1,1,1
SF,IH2001,2019-11-19 09:35:04.700,2983.4000,134,2,29511240.000,10,6,4,空开,S,2983.4000,2981.6000,2980.0000,2976.4000,2975.4000,2986.8000,2995.0000,3000.0000,3032.4000,3033.0000,9,1,1,1,1,5,1,1,1,3
SF,IH2001,2019-11-19 09:35:05.200,2986.8000,140,6,38469060.000,10,8,2,空开,S,2983.6000,2983.4000,2976.4000,2975.4000,2974.4000,2986.8000,2995.0000,3000.0000,3032.4000,3033.0000,1,7,1,1,1,2,1,1,1,3
SF,IH2001,2019-11-19 09:35:05.700,2983.4000,140,0,41154240.000,3,1,2,多换,S,2983.4000,2976.4000,2975.4000,2974.4000,2971.2000,2984.2000,2985.2000,2985.4000,2986.8000,2995.0000,6,1,1,1,1,1,1,1,2,1
SF,IH2001,2019-11-19 09:35:06.200,2983.6000,140,0,42049320.000,1,0,1,多换,S,2983.4000,2976.4000,2975.4000,2974.4000,2971.2000,2983.8000,2984.0000,2984.2000,2985.2000,2985.4000,6,1,1,1,1,1,1,1,1,1
SF,IH2001,2019-11-19 09:35:06.700,2983.8000,141,1,42944460.000,1,1,0,双开,S,2983.4000,2976.4000,2975.4000,2974.4000,2971.2000,2984.0000,2984.2000,2984.6000,2985.0000,2985.2000,6,1,1,1,1,1,1,1,1,2
SF,IH2001,2019-11-19 09:35:07.200,2984.0000,140,-1,43839660.000,1,0,1,双平,S,2983.4000,2976.4000,2975.4000,2974.4000,2971.2000,2984.2000,2984.6000,2985.0000,2985.2000,2985.4000,6,1,1,1,1,1,1,1,2,1
SF,IH2001,2019-11-19 09:35:07.700,2984.0000,140,0,43839660.000,0,-,-,-,-,2983.6000,2983.4000,2976.4000,2975.4000,2974.4000,2985.2000,2985.4000,2985.8000,2986.6000,2986.8000,2,6,1,1,1,2,1,2,3,1
SF,IH2001,2019-11-19 09:35:08.200,2984.0000,140,0,43839660.000,0,-,-,-,-,2983.6000,2983.4000,2976.4000,2975.4000,2974.4000,2984.8000,2985.0000,2985.2000,2985.4000,2985.6000,2,6,1,1,1,1,1,1,1,2
SF,IH2001,2019-11-19 09:35:08.700,2984.0000,140,0,43839660.000,0,-,-,-,-,2983.6000,2983.4000,2976.4000,2975.4000,2974.4000,2984.8000,2985.0000,2985.2000,2985.6000,2986.2000,2,6,1,1,1,2,1,1,2,2
SF,IH2001,2019-11-19 09:35:09.200,2984.0000,140,0,43839660.000,0,-,-,-,-,2983.6000,2983.4000,2976.4000,2975.4000,2974.4000,2984.0000,2984.6000,2984.8000,2985.2000,2985.4000,2,6,1,1,1,1,1,3,2,1
SF,IH2001,2019-11-19 09:35:09.700,2984.0000,140,0,43839660.000,0,-,-,-,-,2983.6000,2983.4000,2976.4000,2975.4000,2974.4000,2984.0000,2984.8000,2985.2000,2985.4000,2985.6000,2,6,1,1,1,1,2,1,1,2
SF,IH2001,2019-11-19 09:35:10.200,2984.0000,140,0,43839660.000,0,-,-,-,-,2983.6000,2983.4000,2976.4000,2975.4000,2974.4000,2984.0000,2984.8000,2985.2000,2985.4000,2985.6000,2,6,1,1,1,1,2,1,2,2
SF,IH2001,2019-11-19 09:35:10.700,2983.6000,138,-2,45629820.000,2,0,2,双平,S,2983.4000,2976.4000,2975.4000,2974.4000,2971.2000,2984.0000,2984.8000,2985.2000,2985.4000,2985.6000,6,1,1,1,1,1,2,1,3,2
SF,IH2001,2019-11-19 09:35:11.200,2983.4000,137,-1,46524840.000,1,0,1,双平,S,2983.4000,2976.4000,2975.4000,2974.4000,2971.2000,2983.6000,2984.0000,2984.8000,2985.2000,2985.4000,5,1,1,1,1,1,1,1,1,3
SF,IH2001,2019-11-19 09:35:11.700,2983.4000,136,-1,50999940.000,5,2,3,多平,S,2976.6000,2976.4000,2975.4000,2974.4000,2971.2000,2983.4000,2983.6000,2984.0000,2984.8000,2985.2000,1,1,1,1,1,2,1,1,1,1
SF,IH2001,2019-11-19 09:35:12.200,2983.4000,136,0,50999940.000,0,-,-,-,-,2981.2000,2976.8000,2976.6000,2976.4000,2975.4000,2982.8000,2983.4000,2983.6000,2984.8000,2985.0000,1,1,1,1,1,1,3,1,1,1
SF,IH2001,2019-11-19 09:35:12.700,2983.4000,136,0,50999940.000,0,-,-,-,-,2981.4000,2981.2000,2976.8000,2976.6000,2976.4000,2982.8000,2983.4000,2984.8000,2985.0000,2985.2000,1,1,1,1,1,1,4,1,1,1
SF,IH2001,2019-11-19 09:35:13.200,2983.4000,136,0,50999940.000,0,-,-,-,-,2981.4000,2981.2000,2979.2000,2976.8000,2976.4000,2983.4000,2984.8000,2985.0000,2985.2000,2985.4000,1,1,1,1,1,4,1,1,2,1
SF,IH2001,2019-11-19 09:35:13.700,2983.4000,136,0,50999940.000,0,-,-,-,-,2981.4000,2981.2000,2979.2000,2976.8000,2976.4000,2983.4000,2984.0000,2984.8000,2985.0000,2985.2000,1,1,1,1,1,2,1,1,1,2
SF,IH2001,2019-11-19 09:35:14.200,2983.4000,136,0,50999940.000,0,-,-,-,-,2981.4000,2981.2000,2979.2000,2976.8000,2976.4000,2983.4000,2984.0000,2984.8000,2985.0000,2985.2000,1,1,1,1,1,3,1,1,1,2
SF,IH2001,2019-11-19 09:35:14.700,2983.4000,136,0,50999940.000,0,-,-,-,-,2981.4000,2981.2000,2979.2000,2976.8000,2976.4000,2982.8000,2983.2000,2983.4000,2984.0000,2984.6000,1,1,1,1,1,1,1,1,1,1
SF,IH2001,2019-11-19 09:35:15.200,2983.4000,136,0,50999940.000,0,-,-,-,-,2981.4000,2981.2000,2979.2000,2976.8000,2976.4000,2982.8000,2983.2000,2983.4000,2984.0000,2984.4000,1,1,1,1,1,1,1,1,1,1
SF,IH2001,2019-11-19 09:35:15.700,2983.4000,136,0,50999940.000,0,-,-,-,-,2981.4000,2981.2000,2979.2000,2976.8000,2976.4000,2982.8000,2983.2000,2984.0000,2984.4000,2984.6000,1,1,1,1,1,1,1,1,1,1
SF,IH2001,2019-11-19 09:35:16.700,2983.4000,136,0,50999940.000,0,-,-,-,-,2981.4000,2979.2000,2976.8000,2976.4000,2975.4000,2982.8000,2983.2000,2984.0000,2984.4000,2984.6000,1,1,1,1,1,1,1,1,1,1
SF,IH2001,2019-11-19 09:35:17.200,2983.4000,136,0,50999940.000,0,-,-,-,-,2981.4000,2979.2000,2976.8000,2976.4000,2975.4000,2982.8000,2983.2000,2984.0000,2984.2000,2984.4000,1,1,1,1,1,1,1,2,1,1
SF,IH2001,2019-11-19 09:35:17.700,2983.4000,136,0,50999940.000,0,-,-,-,-,2981.4000,2979.2000,2976.8000,2976.4000,2975.4000,2982.2000,2983.2000,2983.6000,2984.0000,2984.2000,1,1,1,1,1,1,1,1,2,1
SF,IH2001,2019-11-19 09:35:18.200,2983.4000,136,0,50999940.000,0,-,-,-,-,2981.4000,2979.2000,2976.8000,2976.4000,2975.4000,2982.2000,2983.2000,2983.6000,2984.0000,2984.2000,1,1,1,1,1,1,2,1,2,1
SF,IH2001,2019-11-19 09:35:18.700,2982.2000,137,1,51894600.000,1,1,0,双开,S,2981.4000,2979.2000,2976.8000,2976.4000,2975.4000,2983.2000,2983.6000,2984.0000,2984.2000,2984.4000,1,1,1,1,1,2,1,2,1,1
SF,IH2001,2019-11-19 09:35:19.200,2982.2000,137,0,51894600.000,0,-,-,-,-,2981.4000,2979.2000,2976.8000,2976.4000,2975.4000,2983.2000,2983.6000,2984.0000,2984.2000,2984.4000,1,1,1,1,1,2,1,2,1,1
SF,IH2001,2019-11-19 09:35:19.700,2982.2000,137,0,51894600.000,0,-,-,-,-,2981.4000,2979.2000,2976.8000,2976.4000,2975.4000,2983.2000,2984.0000,2984.2000,2984.4000,2984.6000,1,1,1,1,1,2,2,1,1,2
SF,IH2001,2019-11-19 09:35:20.200,2982.2000,137,0,51894600.000,0,-,-,-,-,2981.4000,2979.2000,2976.8000,2976.4000,2975.4000,2983.2000,2984.0000,2984.2000,2984.4000,2984.6000,1,1,1,1,1,2,2,1,2,1
SF,IH2001,2019-11-19 09:35:20.700,2982.2000,137,0,51894600.000,0,-,-,-,-,2981.4000,2979.2000,2976.8000,2976.4000,2975.4000,2983.2000,2984.0000,2984.4000,2984.6000,2984.8000,1,1,1,1,1,2,2,2,1,3
SF,IH2001,2019-11-19 09:35:21.200,2982.2000,137,0,51894600.000,0,-,-,-,-,2981.4000,2979.2000,2976.8000,2976.4000,2975.4000,2983.2000,2984.0000,2984.4000,2984.6000,2984.8000,1,1,1,1,1,2,3,3,1,3
SF,IH2001,2019-11-19 09:35:21.700,2982.2000,137,0,51894600.000,0,-,-,-,-,2981.4000,2976.8000,2976.4000,2975.4000,2974.4000,2983.2000,2984.0000,2984.4000,2984.6000,2984.8000,1,1,1,1,1,2,3,3,1,3
SF,IH2001,2019-11-19 09:35:23.700,2982.2000,137,0,51894600.000,0,-,-,-,-,2981.4000,2976.8000,2976.4000,2975.4000,2974.4000,2983.0000,2983.2000,2984.0000,2984.4000,2984.6000,1,1,1,1,1,1,2,3,3,1
SF,IH2001,2019-11-19 09:35:24.200,2982.2000,137,0,51894600.000,0,-,-,-,-,2981.4000,2976.8000,2976.4000,2975.4000,2974.4000,2983.0000,2983.2000,2984.0000,2984.4000,2984.6000,1,1,1,1,1,1,2,3,3,1
SF,IH2001,2019-11-19 09:35:24.700,2982.2000,137,0,51894600.000,0,-,-,-,-,2981.4000,2976.8000,2976.4000,2975.4000,2974.4000,2983.0000,2983.2000,2984.0000,2984.4000,2984.6000,1,1,1,1,1,2,1,3,5,1
SF,IH2001,2019-11-19 09:35:25.200,2982.2000,137,0,51894600.000,0,-,-,-,-,2981.4000,2976.8000,2976.4000,2975.4000,2974.4000,2983.0000,2983.2000,2984.0000,2984.4000,2984.6000,1,1,1,1,1,1,1,3,5,1
SF,IH2001,2019-11-19 09:35:25.700,2982.2000,137,0,51894600.000,0,-,-,-,-,2981.4000,2976.8000,2976.4000,2975.4000,2974.4000,2983.0000,2983.2000,2984.0000,2984.4000,2984.6000,1,1,1,1,1,2,1,3,5,1
SF,IH2001,2019-11-19 09:35:26.200,2982.2000,137,0,51894600.000,0,-,-,-,-,2981.4000,2976.8000,2976.4000,2975.4000,2974.4000,2983.0000,2983.2000,2984.0000,2984.4000,2984.6000,1,1,1,1,1,1,1,3,5,1
SF,IH2001,2019-11-19 09:35:27.200,2982.2000,137,0,51894600.000,0,-,-,-,-,2981.4000,2976.8000,2976.4000,2975.4000,2974.4000,2983.2000,2984.0000,2984.4000,2984.6000,2984.8000,1,1,1,1,1,1,2,5,1,2
SF,IH2001,2019-11-19 09:35:31.200,2982.2000,137,0,51894600.000,0,-,-,-,-,2981.4000,2976.8000,2976.4000,2975.4000,2974.4000,2983.2000,2984.0000,2984.4000,2984.6000,2984.8000,1,1,1,1,1,1,2,5,1,2
SF,IH2001,2019-11-19 09:35:31.700,2982.2000,137,0,51894600.000,0,-,-,-,-,2981.4000,2976.8000,2976.4000,2975.4000,2974.4000,2983.2000,2984.0000,2984.4000,2984.6000,2984.8000,1,1,1,1,1,2,2,5,1,2
SF,IH2001,2019-11-19 09:35:32.700,2982.2000,137,0,51894600.000,0,-,-,-,-,2981.4000,2976.8000,2976.4000,2975.4000,2974.4000,2983.0000,2983.2000,2984.0000,2984.4000,2984.6000,1,1,1,1,1,1,2,1,5,1
SF,IH2001,2019-11-19 09:35:33.200,2982.2000,137,0,51894600.000,0,-,-,-,-,2981.4000,2976.8000,2976.4000,2975.4000,2974.4000,2983.0000,2983.2000,2984.0000,2984.4000,2984.6000,1,1,1,1,1,1,1,1,4,1
SF,IH2001,2019-11-19 09:35:33.700,2982.2000,137,0,51894600.000,0,-,-,-,-,2981.4000,2976.8000,2976.4000,2975.4000,2974.4000,2983.0000,2983.2000,2984.0000,2984.4000,2984.6000,1,1,1,1,1,1,1,1,5,1
SF,IH2001,2019-11-19 09:35:35.200,2982.2000,137,0,51894600.000,0,-,-,-,-,2981.4000,2976.8000,2976.4000,2975.4000,2974.4000,2983.0000,2983.2000,2983.6000,2984.0000,2984.4000,1,1,1,1,1,1,1,1,1,4
SF,IH2001,2019-11-19 09:35:36.200,2982.2000,137,0,51894600.000,0,-,-,-,-,2981.4000,2976.8000,2976.4000,2975.4000,2974.4000,2982.8000,2983.0000,2983.6000,2984.0000,2984.4000,1,1,1,1,1,2,1,1,1,4
SF,IH2001,2019-11-19 09:35:37.200,2982.2000,137,0,51894600.000,0,-,-,-,-,2981.4000,2976.8000,2976.4000,2975.4000,2974.4000,2982.8000,2983.0000,2983.4000,2983.6000,2984.0000,1,1,1,1,1,2,1,1,1,1
SF,IH2001,2019-11-19 09:35:37.700,2982.2000,137,0,51894600.000,0,-,-,-,-,2981.4000,2976.8000,2976.4000,2975.4000,2974.4000,2982.8000,2983.4000,2983.6000,2983.8000,2984.0000,1,1,1,1,1,3,1,1,1,1
SF,IH2001,2019-11-19 09:35:38.200,2982.2000,137,0,51894600.000,0,-,-,-,-,2981.4000,2976.8000,2976.4000,2975.4000,2974.4000,2982.8000,2983.4000,2983.6000,2983.8000,2984.0000,1,1,1,1,1,3,1,1,1,1
SF,IH2001,2019-11-19 09:35:38.700,2982.2000,137,0,51894600.000,0,-,-,-,-,2981.4000,2976.8000,2976.4000,2975.4000,2974.4000,2982.4000,2982.8000,2983.4000,2983.6000,2983.8000,1,1,1,1,1,1,3,1,1,1
SF,IH2001,2019-11-19 09:35:39.700,2982.2000,137,0,51894600.000,0,-,-,-,-,2981.4000,2976.8000,2976.4000,2975.4000,2974.4000,2982.4000,2982.8000,2983.4000,2983.6000,2983.8000,1,1,1,1,1,1,3,1,1,1
SF,IH2001,2019-11-19 09:35:40.200,2982.2000,137,0,51894600.000,0,-,-,-,-,2976.8000,2976.4000,2975.4000,2974.4000,2971.2000,2982.4000,2982.8000,2983.4000,2983.6000,2983.8000,1,1,1,1,1,2,2,1,1,1
SF,IH2001,2019-11-19 09:35:40.700,2982.2000,137,0,51894600.000,0,-,-,-,-,2976.8000,2976.4000,2975.4000,2974.4000,2971.2000,2982.4000,2982.8000,2983.4000,2983.6000,2983.8000,1,1,1,1,1,1,2,1,1,1
SF,IH2001,2019-11-19 09:35:41.200,2982.2000,137,0,51894600.000,0,-,-,-,-,2976.8000,2976.4000,2975.4000,2974.4000,2971.2000,2982.4000,2982.8000,2983.4000,2983.6000,2983.8000,1,1,6,1,1,1,1,1,1,1
SF,IH2001,2019-11-19 09:35:41.700,2982.2000,137,0,51894600.000,0,-,-,-,-,2976.8000,2976.4000,2975.4000,2974.4000,2971.2000,2982.4000,2983.4000,2983.6000,2983.8000,2984.4000,1,1,6,1,1,2,1,1,1,4
SF,IH2001,2019-11-19 09:35:42.200,2982.2000,137,0,51894600.000,0,-,-,-,-,2978.0000,2976.8000,2976.4000,2975.4000,2974.4000,2982.0000,2982.2000,2982.4000,2983.4000,2983.8000,1,1,1,6,1,1,2,1,1,1
SF,IH2001,2019-11-19 09:35:42.700,2982.2000,137,0,51894600.000,0,-,-,-,-,2978.6000,2978.4000,2978.2000,2978.0000,2976.8000,2981.8000,2982.0000,2982.2000,2982.4000,2983.4000,1,1,1,1,1,1,1,2,1,1
SF,IH2001,2019-11-19 09:35:43.200,2982.2000,137,0,51894600.000,0,-,-,-,-,2978.8000,2978.6000,2978.4000,2978.2000,2978.0000,2981.8000,2982.0000,2982.2000,2982.4000,2983.4000,1,1,1,1,1,1,1,3,1,1
SF,IH2001,2019-11-19 09:35:43.700,2982.2000,137,0,51894600.000,0,-,-,-,-,2979.0000,2978.8000,2978.6000,2978.2000,2976.8000,2981.8000,2982.0000,2982.2000,2983.4000,2983.8000,1,1,1,1,1,1,1,1,1,1
SF,IH2001,2019-11-19 09:35:44.200,2982.2000,137,0,51894600.000,0,-,-,-,-,2979.4000,2979.2000,2979.0000,2978.8000,2978.6000,2982.2000,2983.4000,2983.8000,2984.4000,2984.8000,1,1,1,1,1,1,1,1,3,1
SF,IH2001,2019-11-19 09:35:44.700,2982.2000,137,0,51894600.000,0,-,-,-,-,2979.6000,2979.4000,2979.2000,2979.0000,2978.8000,2983.4000,2983.8000,2984.4000,2984.8000,2985.2000,1,1,1,1,1,1,1,3,1,5
SF,IH2001,2019-11-19 09:35:45.200,2982.2000,137,0,51894600.000,0,-,-,-,-,2979.6000,2979.4000,2979.2000,2979.0000,2978.8000,2983.4000,2983.8000,2984.4000,2984.8000,2985.2000,1,1,1,1,1,2,1,3,1,5
SF,IH2001,2019-11-19 09:35:45.700,2982.2000,137,0,51894600.000,0,-,-,-,-,2979.6000,2979.4000,2979.2000,2979.0000,2978.8000,2983.2000,2983.4000,2983.8000,2984.4000,2984.8000,1,1,1,1,1,1,2,1,3,1
SF,IH2001,2019-11-19 09:35:46.200,2982.2000,137,0,51894600.000,0,-,-,-,-,2979.6000,2979.4000,2979.2000,2978.8000,2978.6000,2983.0000,2983.2000,2983.4000,2983.8000,2984.4000,1,1,1,1,1,1,2,2,1,2
SF,IH2001,2019-11-19 09:35:46.700,2982.2000,137,0,51894600.000,0,-,-,-,-,2979.6000,2979.4000,2979.2000,2978.8000,2978.6000,2982.8000,2983.0000,2983.2000,2983.4000,2983.8000,1,1,1,1,1,1,1,2,2,1
SF,IH2001,2019-11-19 09:35:47.200,2982.2000,137,0,51894600.000,0,-,-,-,-,2979.6000,2979.2000,2978.8000,2978.6000,2978.2000,2982.8000,2983.0000,2983.2000,2983.8000,2984.4000,1,1,1,1,1,3,1,1,1,2
SF,IH2001,2019-11-19 09:35:47.700,2982.2000,137,0,51894600.000,0,-,-,-,-,2979.6000,2979.2000,2978.8000,2978.6000,2978.2000,2982.6000,2982.8000,2983.0000,2983.8000,2984.4000,1,1,1,1,1,1,3,1,1,2
SF,IH2001,2019-11-19 09:35:48.200,2982.2000,137,0,51894600.000,0,-,-,-,-,2979.6000,2979.2000,2978.8000,2978.6000,2978.2000,2982.4000,2982.6000,2982.8000,2983.0000,2983.8000,1,1,1,1,1,1,3,1,1,1
SF,IH2001,2019-11-19 09:35:48.700,2982.2000,137,0,51894600.000,0,-,-,-,-,2979.6000,2979.2000,2978.8000,2978.6000,2978.2000,2981.4000,2982.4000,2982.6000,2982.8000,2983.0000,1,1,1,1,1,1,1,3,1,1
SF,IH2001,2019-11-19 09:35:49.200,2982.2000,137,0,51894600.000,0,-,-,-,-,2979.6000,2979.2000,2978.8000,2978.6000,2978.2000,2981.4000,2982.4000,2982.6000,2982.8000,2983.0000,1,1,1,1,1,1,1,3,1,1
SF,IH2001,2019-11-19 09:35:50.200,2982.2000,137,0,51894600.000,0,-,-,-,-,2979.6000,2979.2000,2978.8000,2978.6000,2978.2000,2981.4000,2982.4000,2982.6000,2982.8000,2983.0000,1,1,1,1,1,1,1,2,1,1
SF,IH2001,2019-11-19 09:35:51.200,2982.2000,137,0,51894600.000,0,-,-,-,-,2979.6000,2979.2000,2978.8000,2978.6000,2978.2000,2981.4000,2982.4000,2982.6000,2982.8000,2983.0000,1,1,1,1,1,1,1,1,1,1
SF,IH2001,2019-11-19 09:35:51.700,2982.2000,137,0,51894600.000,0,-,-,-,-,2979.8000,2979.6000,2979.2000,2978.8000,2978.2000,2981.4000,2982.4000,2982.6000,2982.8000,2983.0000,1,1,1,1,1,1,1,1,1,1
SF,IH2001,2019-11-19 09:35:52.200,2982.2000,137,0,51894600.000,0,-,-,-,-,2980.0000,2979.8000,2979.6000,2979.2000,2978.8000,2982.4000,2982.6000,2982.8000,2983.0000,2983.8000,1,1,1,1,1,1,1,1,1,1
SF,IH2001,2019-11-19 09:35:54.200,2982.2000,137,0,51894600.000,0,-,-,-,-,2980.0000,2979.8000,2979.6000,2979.2000,2978.8000,2982.2000,2982.4000,2982.6000,2982.8000,2983.0000,1,1,1,1,1,1,1,1,1,1
SF,IH2001,2019-11-19 09:35:55.700,2982.2000,137,0,51894600.000,0,-,-,-,-,2980.0000,2979.8000,2979.6000,2979.2000,2978.8000,2982.0000,2982.2000,2982.6000,2982.8000,2983.0000,1,1,1,1,1,1,1,1,1,1
SF,IH2001,2019-11-19 09:35:56.200,2982.2000,137,0,51894600.000,0,-,-,-,-,2980.0000,2979.8000,2979.6000,2979.2000,2978.8000,2982.2000,2982.8000,2983.0000,2983.8000,2984.4000,1,1,1,1,1,1,1,1,1,2
SF,IH2001,2019-11-19 09:35:56.700,2982.2000,137,0,51894600.000,0,-,-,-,-,2980.0000,2979.8000,2979.6000,2979.2000,2978.8000,2982.8000,2983.0000,2983.8000,2984.4000,2984.8000,1,1,1,1,1,1,1,1,2,1
SF,IH2001,2019-11-19 09:35:57.700,2982.2000,137,0,51894600.000,0,-,-,-,-,2980.2000,2980.0000,2979.8000,2979.6000,2979.2000,2982.8000,2983.0000,2983.8000,2984.4000,2984.8000,1,1,1,1,1,1,1,1,2,1
SF,IH2001,2019-11-19 09:35:58.200,2982.2000,137,0,51894600.000,0,-,-,-,-,2980.4000,2980.2000,2980.0000,2979.6000,2979.2000,2982.8000,2983.0000,2983.8000,2984.2000,2984.4000,1,1,1,1,1,1,1,1,1,2
SF,IH2001,2019-11-19 09:35:58.700,2982.2000,137,0,51894600.000,0,-,-,-,-,2980.4000,2980.2000,2980.0000,2979.6000,2979.2000,2982.8000,2983.8000,2984.2000,2984.4000,2984.8000,1,1,1,1,1,1,1,1,2,1
SF,IH2001,2019-11-19 09:35:59.700,2982.2000,137,0,51894600.000,0,-,-,-,-,2980.4000,2980.0000,2979.6000,2979.2000,2978.8000,2982.6000,2982.8000,2983.8000,2984.2000,2984.4000,1,1,1,1,1,1,1,1,1,2
SF,IH2001,2019-11-19 09:36:00.200,2982.2000,137,0,51894600.000,0,-,-,-,-,2980.4000,2980.0000,2979.6000,2979.2000,2978.8000,2982.6000,2983.8000,2984.2000,2984.4000,2984.8000,1,1,1,1,1,2,1,1,2,1
SF,IH2001,2019-11-19 09:36:01.700,2982.2000,137,0,51894600.000,0,-,-,-,-,2980.4000,2980.0000,2979.6000,2979.2000,2978.8000,2982.6000,2983.8000,2984.2000,2984.4000,2985.0000,1,1,1,1,1,1,1,1,2,1
SF,IH2001,2019-11-19 09:36:02.200,2982.2000,137,0,51894600.000,0,-,-,-,-,2980.6000,2980.4000,2980.0000,2979.6000,2979.2000,2982.6000,2983.8000,2984.2000,2984.4000,2985.0000,1,1,1,1,1,1,1,1,2,1
SF,IH2001,2019-11-19 09:36:02.700,2982.2000,137,0,51894600.000,0,-,-,-,-,2980.8000,2980.6000,2980.4000,2980.0000,2979.6000,2982.6000,2983.8000,2984.2000,2984.4000,2985.0000,1,1,1,1,1,1,1,1,2,1
SF,IH2001,2019-11-19 09:36:03.700,2982.2000,137,0,51894600.000,0,-,-,-,-,2980.8000,2980.4000,2980.0000,2979.6000,2979.2000,2982.6000,2983.8000,2984.2000,2984.4000,2985.0000,1,1,1,1,1,1,1,1,2,1
SF,IH2001,2019-11-19 09:36:05.700,2982.2000,137,0,51894600.000,0,-,-,-,-,2980.8000,2980.4000,2980.0000,2979.6000,2979.2000,2982.6000,2983.8000,2984.2000,2984.4000,2985.0000,1,1,1,1,1,1,1,1,2,1
SF,IH2001,2019-11-19 09:36:06.700,2982.2000,137,0,51894600.000,0,-,-,-,-,2980.8000,2980.4000,2980.0000,2979.6000,2979.2000,2982.6000,2983.8000,2984.2000,2984.4000,2985.0000,1,1,1,1,1,1,1,1,2,1
SF,IH2001,2019-11-19 09:36:07.200,2982.2000,137,0,51894600.000,0,-,-,-,-,2980.8000,2980.4000,2980.0000,2979.6000,2979.2000,2982.6000,2984.2000,2984.4000,2985.0000,2985.2000,1,1,1,1,1,1,1,2,1,4
SF,IH2001,2019-11-19 09:36:10.200,2982.2000,137,0,51894600.000,0,-,-,-,-,2980.8000,2980.4000,2980.0000,2979.6000,2979.2000,2984.2000,2984.4000,2985.0000,2985.2000,2986.0000,1,1,1,1,1,1,2,1,4,2
SF,IH2001,2019-11-19 09:36:11.200,2982.2000,137,0,51894600.000,0,-,-,-,-,2980.8000,2980.4000,2980.0000,2979.6000,2979.2000,2984.4000,2985.0000,2985.2000,2986.0000,2986.4000,1,1,1,1,1,1,1,4,2,2
SF,IH2001,2019-11-19 09:36:11.700,2982.2000,137,0,51894600.000,0,-,-,-,-,2980.8000,2980.4000,2980.0000,2979.6000,2979.2000,2985.0000,2985.2000,2986.0000,2986.4000,2986.8000,1,1,1,1,1,1,4,2,2,1
SF,IH2001,2019-11-19 09:36:12.200,2982.2000,137,0,51894600.000,0,-,-,-,-,2980.8000,2980.4000,2980.0000,2979.6000,2979.2000,2985.0000,2985.2000,2986.0000,2986.4000,2986.8000,1,1,1,1,1,2,4,2,2,1
SF,IH2001,2019-11-19 09:36:13.700,2982.2000,137,0,51894600.000,0,-,-,-,-,2980.8000,2980.6000,2980.4000,2980.0000,2979.6000,2984.8000,2985.0000,2985.2000,2986.0000,2986.4000,1,1,1,1,1,1,2,4,2,2
SF,IH2001,2019-11-19 09:36:14.200,2982.2000,137,0,51894600.000,0,-,-,-,-,2980.8000,2980.6000,2980.4000,2980.0000,2979.6000,2984.8000,2985.0000,2985.2000,2986.0000,2986.4000,1,1,1,1,1,2,1,4,2,2
SF,IH2001,2019-11-19 09:36:14.700,2982.2000,137,0,51894600.000,0,-,-,-,-,2980.8000,2980.6000,2980.4000,2980.0000,2979.6000,2984.6000,2984.8000,2985.0000,2985.2000,2986.0000,1,1,1,1,1,1,2,1,4,2
SF,IH2001,2019-11-19 09:36:15.200,2982.2000,137,0,51894600.000,0,-,-,-,-,2980.8000,2980.6000,2980.4000,2980.0000,2979.6000,2984.6000,2984.8000,2985.0000,2985.2000,2986.0000,1,1,1,1,1,3,2,1,4,2
SF,IH2001,2019-11-19 09:36:15.700,2982.2000,137,0,51894600.000,0,-,-,-,-,2980.8000,2980.6000,2980.4000,2980.0000,2979.6000,2984.6000,2984.8000,2985.2000,2986.0000,2986.2000,1,1,1,1,1,3,1,4,2,1
SF,IH2001,2019-11-19 09:36:16.200,2982.2000,137,0,51894600.000,0,-,-,-,-,2980.8000,2980.6000,2980.4000,2980.0000,2979.6000,2984.4000,2984.6000,2984.8000,2985.2000,2986.0000,1,1,1,1,1,1,2,1,4,2
SF,IH2001,2019-11-19 09:36:16.700,2982.2000,137,0,51894600.000,0,-,-,-,-,2980.8000,2980.6000,2980.4000,2980.0000,2979.6000,2983.0000,2983.8000,2984.4000,2984.6000,2984.8000,1,1,1,1,1,1,1,2,2,1
SF,IH2001,2019-11-19 09:36:17.200,2982.2000,137,0,51894600.000,0,-,-,-,-,2980.8000,2980.6000,2980.4000,2980.0000,2979.6000,2983.0000,2983.8000,2984.2000,2984.4000,2984.6000,1,1,1,1,1,1,1,1,2,2
SF,IH2001,2019-11-19 09:36:18.700,2982.2000,137,0,51894600.000,0,-,-,-,-,2980.8000,2980.6000,2980.4000,2980.0000,2979.6000,2983.8000,2984.2000,2984.4000,2984.6000,2984.8000,1,1,1,1,1,1,1,2,2,1
SF,IH2001,2019-11-19 09:36:20.200,2982.2000,137,0,51894600.000,0,-,-,-,-,2980.8000,2980.6000,2980.4000,2980.0000,2979.6000,2983.4000,2983.6000,2983.8000,2984.2000,2984.4000,1,1,1,1,1,1,1,1,1,2
SF,IH2001,2019-11-19 09:36:20.700,2982.2000,137,0,51894600.000,0,-,-,-,-,2980.8000,2980.6000,2980.4000,2980.0000,2979.6000,2983.4000,2983.6000,2983.8000,2984.2000,2984.6000,1,1,1,1,1,2,2,1,1,1
SF,IH2001,2019-11-19 09:36:21.200,2982.2000,137,0,51894600.000,0,-,-,-,-,2980.8000,2980.6000,2980.4000,2980.0000,2979.6000,2983.4000,2983.6000,2983.8000,2984.2000,2984.6000,1,1,1,1,1,1,2,1,1,1
SF,IH2001,2019-11-19 09:36:21.700,2982.2000,137,0,51894600.000,0,-,-,-,-,2980.8000,2980.6000,2980.4000,2980.0000,2979.6000,2983.0000,2983.4000,2983.6000,2983.8000,2984.2000,1,1,1,1,1,1,2,3,1,1
SF,IH2001,2019-11-19 09:36:22.200,2982.2000,137,0,51894600.000,0,-,-,-,-,2980.8000,2980.6000,2980.4000,2980.0000,2979.6000,2983.0000,2983.2000,2983.4000,2983.6000,2983.8000,1,1,1,1,1,1,1,2,2,1
SF,IH2001,2019-11-19 09:36:22.700,2982.2000,137,0,51894600.000,0,-,-,-,-,2980.8000,2980.6000,2980.4000,2980.0000,2979.6000,2983.0000,2983.2000,2983.4000,2983.6000,2983.8000,1,1,1,1,1,1,1,1,2,1
SF,IH2001,2019-11-19 09:36:24.200,2982.2000,137,0,51894600.000,0,-,-,-,-,2980.8000,2980.6000,2980.4000,2980.0000,2979.6000,2983.2000,2983.4000,2983.6000,2983.8000,2984.2000,1,1,1,1,1,1,1,2,1,1
SF,IH2001,2019-11-19 09:36:25.200,2982.2000,137,0,51894600.000,0,-,-,-,-,2980.8000,2980.6000,2980.4000,2980.0000,2979.6000,2983.2000,2983.4000,2983.6000,2983.8000,2984.2000,1,1,1,1,1,1,1,2,1,1
SF,IH2001,2019-11-19 09:36:25.700,2982.2000,137,0,51894600.000,0,-,-,-,-,2980.8000,2980.6000,2980.4000,2980.0000,2979.6000,2983.2000,2983.4000,2983.6000,2983.8000,2984.2000,1,1,1,1,1,2,1,2,1,1
SF,IH2001,2019-11-19 09:36:28.700,2982.2000,137,0,51894600.000,0,-,-,-,-,2980.8000,2980.6000,2980.4000,2980.0000,2979.6000,2983.2000,2983.4000,2983.6000,2984.2000,2984.6000,1,1,1,1,1,2,1,2,1,1
SF,IH2001,2019-11-19 09:36:30.200,2982.2000,137,0,51894600.000,0,-,-,-,-,2980.8000,2980.6000,2980.4000,2980.0000,2979.6000,2983.0000,2983.2000,2983.4000,2983.6000,2984.2000,1,1,1,1,1,1,1,1,2,1
SF,IH2001,2019-11-19 09:36:31.700,2983.0000,138,1,52789500.000,1,1,0,双开,S,2983.0000,2980.8000,2980.6000,2980.4000,2980.0000,2983.2000,2983.4000,2983.6000,2984.2000,2984.6000,2,1,1,1,1,1,1,2,1,1
SF,IH2001,2019-11-19 09:36:32.200,2983.0000,139,1,53684400.000,1,1,0,双开,S,2983.0000,2980.8000,2980.6000,2980.4000,2980.0000,2983.2000,2983.4000,2983.6000,2984.2000,2984.6000,1,1,1,1,1,1,1,2,1,1
SF,IH2001,2019-11-19 09:36:32.700,2983.2000,139,0,55474260.000,2,1,1,多换,S,2983.2000,2980.8000,2980.6000,2980.4000,2980.0000,2983.4000,2983.6000,2984.2000,2984.6000,2984.8000,2,1,1,1,1,1,3,1,1,1
SF,IH2001,2019-11-19 09:36:33.200,2983.2000,139,0,57264180.000,2,1,1,多换,S,2980.8000,2980.6000,2980.4000,2980.0000,2979.6000,2983.2000,2983.6000,2984.2000,2984.8000,2985.2000,1,1,1,1,1,1,1,1,1,4
SF,IH2001,2019-11-19 09:36:33.700,2983.2000,139,0,57264180.000,0,-,-,-,-,2980.8000,2980.6000,2980.4000,2980.0000,2979.6000,2983.2000,2983.6000,2984.8000,2985.2000,2986.0000,1,1,1,1,1,2,1,1,4,2
SF,IH2001,2019-11-19 09:36:34.200,2983.2000,139,0,57264180.000,0,-,-,-,-,2980.8000,2980.6000,2980.4000,2980.0000,2979.6000,2983.2000,2983.6000,2984.8000,2985.2000,2986.0000,1,1,1,1,1,2,1,2,3,2
SF,IH2001,2019-11-19 09:36:34.700,2983.2000,139,0,57264180.000,0,-,-,-,-,2980.8000,2980.6000,2980.4000,2980.0000,2979.6000,2983.0000,2983.2000,2983.6000,2984.8000,2985.2000,1,1,1,1,1,1,4,1,2,3
SF,IH2001,2019-11-19 09:36:35.200,2983.2000,139,0,57264180.000,0,-,-,-,-,2980.8000,2980.6000,2980.4000,2980.0000,2979.6000,2983.0000,2983.2000,2983.6000,2984.8000,2985.2000,1,1,1,1,1,1,5,1,2,3
SF,IH2001,2019-11-19 09:36:35.700,2983.2000,139,0,57264180.000,0,-,-,-,-,2980.8000,2980.6000,2980.4000,2980.0000,2979.6000,2982.8000,2983.0000,2983.2000,2983.4000,2983.6000,1,1,1,1,1,1,3,4,1,1
SF,IH2001,2019-11-19 09:36:36.200,2983.2000,139,0,57264180.000,0,-,-,-,-,2980.8000,2980.6000,2980.4000,2980.0000,2979.6000,2982.8000,2983.0000,2983.2000,2983.4000,2983.6000,1,1,1,1,1,1,2,3,1,1
SF,IH2001,2019-11-19 09:36:36.700,2983.2000,139,0,57264180.000,0,-,-,-,-,2980.8000,2980.6000,2980.4000,2980.0000,2979.6000,2982.8000,2983.0000,2983.2000,2983.4000,2983.6000,1,1,1,1,1,1,2,3,1,1
SF,IH2001,2019-11-19 09:36:37.200,2983.2000,139,0,57264180.000,0,-,-,-,-,2980.8000,2980.6000,2980.4000,2980.0000,2979.6000,2982.6000,2982.8000,2983.0000,2983.2000,2983.4000,1,1,1,1,1,1,1,2,3,1
SF,IH2001,2019-11-19 09:36:37.700,2983.2000,139,0,57264180.000,0,-,-,-,-,2980.8000,2980.6000,2980.4000,2980.0000,2979.6000,2982.6000,2982.8000,2983.0000,2983.2000,2983.4000,1,1,1,1,1,1,1,2,3,1
SF,IH2001,2019-11-19 09:36:38.200,2983.2000,139,0,57264180.000,0,-,-,-,-,2980.8000,2980.6000,2980.4000,2980.0000,2979.6000,2982.6000,2982.8000,2983.0000,2983.2000,2983.4000,1,1,1,1,1,1,1,3,2,1
SF,IH2001,2019-11-19 09:36:38.700,2983.2000,139,0,57264180.000,0,-,-,-,-,2980.8000,2980.6000,2980.4000,2980.0000,2979.6000,2982.4000,2982.6000,2982.8000,2983.0000,2983.2000,1,1,1,1,1,1,1,1,2,2
SF,IH2001,2019-11-19 09:36:40.700,2983.2000,139,0,57264180.000,0,-,-,-,-,2980.8000,2980.6000,2980.4000,2980.0000,2979.6000,2982.4000,2982.6000,2982.8000,2983.0000,2983.2000,1,1,1,1,1,1,1,1,2,2
SF,IH2001,2019-11-19 09:36:41.200,2983.2000,139,0,57264180.000,0,-,-,-,-,2980.8000,2980.6000,2980.4000,2980.0000,2979.6000,2982.2000,2982.4000,2982.8000,2983.0000,2983.2000,1,1,1,1,1,2,1,1,2,2
SF,IH2001,2019-11-19 09:36:41.700,2983.2000,139,0,57264180.000,0,-,-,-,-,2980.8000,2980.4000,2980.0000,2979.6000,2979.2000,2982.2000,2982.4000,2982.8000,2983.0000,2983.2000,1,1,1,1,1,1,1,1,2,2
SF,IH2001,2019-11-19 09:36:42.700,2983.2000,139,0,57264180.000,0,-,-,-,-,2980.8000,2980.4000,2980.0000,2979.6000,2979.2000,2982.2000,2982.8000,2983.0000,2983.2000,2983.4000,1,1,1,1,1,1,1,2,2,1
SF,IH2001,2019-11-19 09:36:43.200,2983.2000,139,0,57264180.000,0,-,-,-,-,2980.8000,2980.4000,2980.0000,2979.6000,2979.2000,2982.2000,2982.8000,2983.0000,2983.2000,2983.4000,1,1,1,1,1,1,1,2,2,1
SF,IH2001,2019-11-19 09:36:43.700,2983.2000,139,0,57264180.000,0,-,-,-,-,2980.8000,2980.4000,2980.0000,2979.6000,2979.2000,2982.2000,2982.8000,2983.0000,2983.2000,2983.4000,1,1,1,1,1,1,1,2,2,1
SF,IH2001,2019-11-19 09:36:44.200,2983.2000,139,0,57264180.000,0,-,-,-,-,2980.8000,2980.4000,2980.0000,2979.6000,2979.2000,2982.2000,2982.8000,2983.0000,2983.2000,2983.4000,1,1,1,1,1,1,1,2,1,1
SF,IH2001,2019-11-19 09:36:45.700,2983.2000,139,0,57264180.000,0,-,-,-,-,2980.8000,2980.4000,2980.0000,2979.6000,2979.2000,2982.2000,2982.8000,2983.0000,2983.2000,2983.4000,1,1,1,1,1,1,1,3,1,1
SF,IH2001,2019-11-19 09:36:52.200,2983.2000,139,0,57264180.000,0,-,-,-,-,2980.8000,2980.4000,2980.0000,2979.6000,2979.2000,2982.2000,2982.8000,2983.0000,2983.4000,2983.8000,1,1,1,1,1,1,1,3,1,1
SF,IH2001,2019-11-19 09:36:53.200,2983.2000,139,0,57264180.000,0,-,-,-,-,2980.8000,2980.4000,2980.0000,2979.6000,2979.2000,2982.2000,2982.8000,2983.0000,2983.4000,2983.8000,1,1,1,1,1,1,1,3,1,1
SF,IH2001,2019-11-19 09:36:54.200,2983.2000,139,0,57264180.000,0,-,-,-,-,2981.0000,2980.8000,2980.4000,2980.0000,2979.6000,2982.2000,2982.8000,2983.0000,2983.4000,2983.8000,1,1,1,1,1,1,1,3,1,1
SF,IH2001,2019-11-19 09:36:54.700,2983.2000,139,0,57264180.000,0,-,-,-,-,2981.2000,2981.0000,2980.8000,2980.4000,2980.0000,2982.2000,2982.8000,2983.0000,2983.4000,2983.8000,1,1,1,1,1,1,1,2,1,1
SF,IH2001,2019-11-19 09:36:55.700,2983.2000,139,0,57264180.000,0,-,-,-,-,2981.2000,2981.0000,2980.8000,2980.4000,2980.0000,2982.8000,2983.0000,2983.4000,2983.8000,2984.2000,1,1,1,1,1,1,2,1,1,2
SF,IH2001,2019-11-19 09:36:59.200,2983.2000,139,0,57264180.000,0,-,-,-,-,2981.2000,2981.0000,2980.8000,2980.4000,2980.0000,2982.8000,2983.0000,2983.4000,2983.8000,2984.2000,1,1,1,1,1,1,1,1,1,2
SF,IH2001,2019-11-19 09:36:59.700,2983.2000,139,0,57264180.000,0,-,-,-,-,2981.4000,2981.2000,2980.8000,2980.4000,2980.0000,2982.8000,2983.0000,2983.4000,2983.8000,2984.2000,1,2,1,1,1,1,1,1,1,2
SF,IH2001,2019-11-19 09:37:00.200,2983.2000,139,0,57264180.000,0,-,-,-,-,2981.6000,2981.4000,2981.2000,2980.8000,2980.4000,2982.6000,2983.0000,2983.4000,2983.8000,2984.2000,1,2,1,1,1,1,1,1,1,2
SF,IH2001,2019-11-19 09:37:00.700,2983.2000,139,0,57264180.000,0,-,-,-,-,2981.6000,2981.4000,2981.2000,2980.8000,2980.4000,2983.8000,2984.2000,2984.8000,2985.2000,2986.0000,2,1,1,1,1,1,2,2,3,4
SF,IH2001,2019-11-19 09:37:01.200,2983.2000,139,0,57264180.000,0,-,-,-,-,2981.6000,2981.4000,2981.2000,2980.8000,2980.4000,2983.4000,2984.2000,2984.8000,2985.2000,2986.0000,1,1,1,1,1,2,1,2,3,4
SF,IH2001,2019-11-19 09:37:01.700,2983.2000,139,0,57264180.000,0,-,-,-,-,2981.6000,2981.4000,2981.2000,2980.8000,2980.4000,2983.4000,2984.2000,2984.8000,2985.2000,2986.0000,2,1,1,1,1,2,1,2,3,4
SF,IH2001,2019-11-19 09:37:02.200,2983.2000,139,0,57264180.000,0,-,-,-,-,2981.6000,2981.4000,2981.2000,2980.8000,2980.4000,2983.4000,2984.0000,2984.2000,2984.8000,2985.2000,2,1,1,1,1,2,1,1,2,3
SF,IH2001,2019-11-19 09:37:02.700,2983.2000,139,0,57264180.000,0,-,-,-,-,2981.6000,2981.4000,2981.2000,2980.8000,2980.4000,2983.2000,2984.0000,2984.2000,2984.8000,2985.0000,1,1,1,1,1,1,1,1,2,1
SF,IH2001,2019-11-19 09:37:03.200,2983.2000,139,0,57264180.000,0,-,-,-,-,2981.6000,2981.2000,2980.8000,2980.4000,2980.0000,2983.2000,2984.0000,2984.2000,2984.8000,2985.0000,1,1,1,1,1,2,1,3,2,1
SF,IH2001,2019-11-19 09:37:04.700,2983.2000,139,0,57264180.000,0,-,-,-,-,2981.6000,2981.2000,2980.8000,2980.4000,2980.0000,2983.2000,2984.0000,2984.2000,2984.8000,2985.0000,1,1,1,1,1,2,2,3,2,1
SF,IH2001,2019-11-19 09:37:12.700,2983.2000,139,0,57264180.000,0,-,-,-,-,2981.6000,2981.2000,2980.8000,2980.4000,2980.0000,2983.2000,2984.0000,2984.2000,2984.8000,2985.0000,1,1,1,1,1,2,1,3,2,1
SF,IH2001,2019-11-19 09:37:14.700,2983.2000,139,0,57264180.000,0,-,-,-,-,2981.6000,2981.2000,2980.8000,2980.4000,2980.0000,2982.8000,2983.2000,2984.0000,2984.2000,2984.8000,1,1,1,1,1,1,2,1,3,1
SF,IH2001,2019-11-19 09:37:16.200,2983.2000,139,0,57264180.000,0,-,-,-,-,2981.6000,2981.2000,2980.8000,2980.4000,2980.0000,2983.2000,2984.0000,2984.2000,2984.8000,2985.0000,1,1,1,1,1,2,1,3,1,1
SF,IH2001,2019-11-19 09:37:17.200,2983.2000,139,0,57264180.000,0,-,-,-,-,2981.6000,2981.2000,2980.8000,2980.4000,2980.0000,2983.0000,2983.2000,2984.0000,2984.2000,2984.8000,1,1,1,1,1,1,2,1,3,1
SF,IH2001,2019-11-19 09:37:17.700,2983.2000,139,0,57264180.000,0,-,-,-,-,2981.2000,2980.8000,2980.4000,2980.0000,2978.0000,2983.0000,2983.2000,2984.0000,2984.2000,2984.8000,1,1,1,1,5,1,2,1,3,1
SF,IH2001,2019-11-19 09:37:18.200,2983.2000,139,0,57264180.000,0,-,-,-,-,2981.2000,2980.8000,2980.4000,2980.0000,2978.0000,2983.0000,2983.2000,2984.0000,2984.2000,2984.8000,1,1,1,1,5,1,3,1,3,1
SF,IH2001,2019-11-19 09:37:18.700,2983.2000,139,0,57264180.000,0,-,-,-,-,2981.2000,2980.8000,2980.4000,2980.0000,2978.0000,2982.8000,2983.0000,2983.2000,2984.0000,2984.2000,1,1,1,1,5,1,1,4,1,3
SF,IH2001,2019-11-19 09:37:20.200,2983.2000,139,0,57264180.000,0,-,-,-,-,2981.2000,2980.8000,2980.4000,2980.0000,2978.0000,2982.6000,2982.8000,2983.0000,2983.2000,2984.0000,1,1,1,1,5,1,1,1,3,1
SF,IH2001,2019-11-19 09:37:21.700,2983.2000,139,0,57264180.000,0,-,-,-,-,2981.2000,2980.8000,2980.4000,2980.0000,2978.0000,2982.6000,2982.8000,2983.2000,2984.0000,2984.2000,1,1,1,1,5,1,2,3,1,3
SF,IH2001,2019-11-19 09:37:24.700,2983.2000,139,0,57264180.000,0,-,-,-,-,2981.2000,2980.8000,2980.4000,2980.0000,2978.0000,2982.4000,2982.6000,2983.2000,2984.0000,2984.2000,1,1,1,1,5,1,2,3,1,3
SF,IH2001,2019-11-19 09:37:25.200,2983.2000,139,0,57264180.000,0,-,-,-,-,2981.2000,2980.8000,2980.4000,2980.0000,2978.0000,2982.4000,2982.6000,2983.2000,2984.0000,2984.2000,1,1,1,1,5,1,2,2,1,3
SF,IH2001,2019-11-19 09:37:25.700,2983.2000,139,0,57264180.000,0,-,-,-,-,2981.2000,2980.8000,2980.4000,2980.0000,2978.0000,2982.6000,2983.2000,2984.0000,2984.2000,2984.8000,1,1,1,1,5,2,2,1,3,1
SF,IH2001,2019-11-19 09:37:26.200,2983.2000,139,0,57264180.000,0,-,-,-,-,2981.2000,2980.8000,2980.4000,2980.0000,2978.0000,2982.6000,2983.2000,2984.0000,2984.2000,2984.8000,1,1,1,1,5,2,1,1,3,1
SF,IH2001,2019-11-19 09:37:26.700,2983.2000,139,0,57264180.000,0,-,-,-,-,2981.2000,2980.8000,2980.4000,2980.0000,2978.0000,2982.6000,2983.2000,2984.0000,2984.2000,2984.8000,1,1,1,1,5,3,1,1,3,1
SF,IH2001,2019-11-19 09:37:28.700,2983.2000,139,0,57264180.000,0,-,-,-,-,2981.2000,2980.8000,2980.4000,2980.0000,2978.0000,2982.4000,2982.6000,2984.0000,2984.2000,2984.8000,1,1,1,1,5,1,2,1,3,1
SF,IH2001,2019-11-19 09:37:35.200,2983.2000,139,0,57264180.000,0,-,-,-,-,2981.2000,2980.8000,2980.4000,2980.0000,2978.0000,2982.4000,2982.6000,2984.0000,2984.2000,2984.8000,1,1,1,1,5,1,2,1,3,1
SF,IH2001,2019-11-19 09:37:41.200,2983.2000,139,0,57264180.000,0,-,-,-,-,2981.2000,2980.8000,2980.4000,2980.0000,2978.0000,2982.4000,2982.6000,2984.0000,2984.2000,2984.8000,1,1,1,1,5,2,2,1,3,1
SF,IH2001,2019-11-19 09:37:41.700,2983.2000,139,0,57264180.000,0,-,-,-,-,2981.2000,2980.8000,2980.4000,2980.0000,2978.0000,2982.4000,2982.6000,2984.0000,2984.2000,2984.8000,1,1,1,1,5,3,1,1,3,1
SF,IH2001,2019-11-19 09:37:43.700,2983.2000,139,0,57264180.000,0,-,-,-,-,2980.8000,2980.4000,2980.0000,2978.0000,2975.4000,2982.2000,2982.4000,2984.0000,2984.2000,2984.8000,1,1,1,5,5,1,3,1,3,1
SF,IH2001,2019-11-19 09:37:44.200,2983.2000,139,0,57264180.000,0,-,-,-,-,2980.8000,2980.4000,2980.0000,2978.0000,2975.4000,2982.2000,2982.4000,2984.0000,2984.2000,2984.8000,1,1,1,5,5,2,2,1,3,1
SF,IH2001,2019-11-19 09:37:44.700,2983.2000,139,0,57264180.000,0,-,-,-,-,2980.4000,2980.0000,2978.0000,2975.4000,2974.4000,2982.2000,2982.4000,2984.0000,2984.2000,2984.8000,1,1,5,5,1,2,2,1,3,1
SF,IH2001,2019-11-19 09:37:45.200,2983.2000,139,0,57264180.000,0,-,-,-,-,2981.0000,2980.4000,2980.0000,2978.0000,2975.4000,2982.2000,2982.4000,2984.0000,2984.2000,2984.8000,1,1,1,5,5,2,2,1,3,1
SF,IH2001,2019-11-19 09:37:45.700,2983.2000,139,0,57264180.000,0,-,-,-,-,2981.0000,2980.4000,2980.0000,2978.0000,2975.4000,2982.2000,2982.4000,2984.0000,2984.2000,2984.8000,1,1,1,5,5,2,2,1,3,1
SF,IH2001,2019-11-19 09:37:47.700,2983.2000,139,0,57264180.000,0,-,-,-,-,2981.0000,2980.4000,2980.0000,2978.0000,2975.4000,2982.2000,2982.4000,2983.2000,2984.0000,2984.2000,1,1,1,5,5,2,2,1,1,3
SF,IH2001,2019-11-19 09:37:50.200,2983.2000,139,0,57264180.000,0,-,-,-,-,2981.0000,2980.4000,2980.0000,2978.0000,2975.4000,2982.2000,2982.4000,2983.2000,2984.0000,2984.2000,1,1,1,5,5,2,2,1,1,3
SF,IH2001,2019-11-19 09:37:50.700,2983.2000,139,0,57264180.000,0,-,-,-,-,2981.0000,2980.4000,2980.0000,2978.0000,2975.4000,2982.0000,2982.2000,2982.4000,2983.2000,2984.0000,1,1,1,5,5,2,1,2,1,1
SF,IH2001,2019-11-19 09:37:51.700,2983.2000,139,0,57264180.000,0,-,-,-,-,2981.0000,2980.4000,2980.0000,2978.0000,2975.4000,2982.0000,2982.2000,2982.4000,2983.2000,2984.0000,1,1,1,5,5,2,1,2,1,1
SF,IH2001,2019-11-19 09:37:52.200,2983.2000,139,0,57264180.000,0,-,-,-,-,2981.0000,2980.4000,2980.0000,2978.0000,2975.4000,2982.0000,2982.2000,2982.4000,2983.2000,2984.0000,1,1,1,5,5,2,1,2,3,1
SF,IH2001,2019-11-19 09:37:52.700,2983.2000,139,0,57264180.000,0,-,-,-,-,2981.0000,2980.4000,2980.0000,2978.0000,2975.4000,2982.0000,2982.4000,2983.2000,2984.0000,2984.2000,1,1,1,5,5,2,2,3,1,1
SF,IH2001,2019-11-19 09:37:55.200,2982.0000,141,2,59053380.000,2,2,0,双开,S,2981.0000,2980.4000,2980.0000,2978.0000,2975.4000,2982.4000,2983.2000,2984.0000,2984.2000,2984.8000,1,1,1,5,5,2,3,1,1,1
SF,IH2001,2019-11-19 09:37:55.700,2982.0000,141,0,59053380.000,0,-,-,-,-,2981.0000,2980.4000,2980.0000,2978.0000,2975.4000,2982.4000,2983.2000,2984.0000,2984.2000,2984.8000,1,1,1,5,5,2,2,1,1,1
SF,IH2001,2019-11-19 09:37:56.700,2982.0000,141,0,59053380.000,0,-,-,-,-,2981.8000,2981.0000,2980.4000,2980.0000,2978.0000,2982.4000,2983.2000,2984.0000,2984.2000,2984.8000,1,1,1,1,5,2,2,1,1,1
SF,IH2001,2019-11-19 09:38:01.700,2982.4000,143,2,60842820.000,2,2,0,双开,S,2982.0000,2981.8000,2981.0000,2980.4000,2980.0000,2983.2000,2984.0000,2984.2000,2984.8000,2985.0000,1,1,1,1,1,2,1,1,1,1
SF,IH2001,2019-11-19 09:38:02.200,2982.4000,143,0,60842820.000,0,-,-,-,-,2982.0000,2981.8000,2981.0000,2980.4000,2980.0000,2983.2000,2984.0000,2984.2000,2984.8000,2985.0000,1,1,1,1,1,3,1,1,1,1
SF,IH2001,2019-11-19 09:38:02.700,2982.4000,143,0,60842820.000,0,-,-,-,-,2982.0000,2981.8000,2981.0000,2980.4000,2980.0000,2983.2000,2983.8000,2984.0000,2984.2000,2984.8000,1,1,1,1,1,1,2,1,1,1
SF,IH2001,2019-11-19 09:38:05.200,2982.4000,143,0,60842820.000,0,-,-,-,-,2982.0000,2981.8000,2981.0000,2980.4000,2980.0000,2983.2000,2984.0000,2984.2000,2984.8000,2985.0000,1,1,1,1,1,1,1,3,1,1
SF,IH2001,2019-11-19 09:38:06.700,2982.4000,143,0,60842820.000,0,-,-,-,-,2982.0000,2981.8000,2981.0000,2980.4000,2980.0000,2983.2000,2984.0000,2984.2000,2984.8000,2985.0000,1,1,1,1,1,1,1,2,1,1
SF,IH2001,2019-11-19 09:38:07.200,2982.4000,143,0,60842820.000,0,-,-,-,-,2982.0000,2981.8000,2981.0000,2980.4000,2980.0000,2984.0000,2984.2000,2984.8000,2985.0000,2985.2000,1,1,1,1,1,1,2,1,1,3
SF,IH2001,2019-11-19 09:38:07.700,2982.4000,143,0,60842820.000,0,-,-,-,-,2982.0000,2981.8000,2981.0000,2980.4000,2980.0000,2984.0000,2984.2000,2984.8000,2985.0000,2985.2000,1,1,1,1,1,2,2,1,1,3
SF,IH2001,2019-11-19 09:38:08.200,2982.4000,143,0,60842820.000,0,-,-,-,-,2982.0000,2981.8000,2981.0000,2980.4000,2980.0000,2984.0000,2984.2000,2984.8000,2985.0000,2985.2000,1,1,1,1,1,1,2,1,1,3
SF,IH2001,2019-11-19 09:38:08.700,2982.4000,143,0,60842820.000,0,-,-,-,-,2982.0000,2981.8000,2981.0000,2980.4000,2980.0000,2984.0000,2984.2000,2984.8000,2985.0000,2985.2000,1,1,1,1,1,2,2,1,1,3
SF,IH2001,2019-11-19 09:38:10.200,2982.4000,143,0,60842820.000,0,-,-,-,-,2982.0000,2981.8000,2981.0000,2980.4000,2980.0000,2983.8000,2984.0000,2984.2000,2984.8000,2985.0000,1,1,1,1,1,2,2,2,1,1
SF,IH2001,2019-11-19 09:38:10.700,2982.4000,143,0,60842820.000,0,-,-,-,-,2982.0000,2981.8000,2981.0000,2980.4000,2980.0000,2983.2000,2983.8000,2984.0000,2984.2000,2984.8000,1,1,1,1,1,1,2,2,2,1
SF,IH2001,2019-11-19 09:38:11.700,2982.4000,143,0,60842820.000,0,-,-,-,-,2981.8000,2981.0000,2980.4000,2980.0000,2978.0000,2983.2000,2983.8000,2984.0000,2984.2000,2984.8000,1,1,1,1,5,1,2,2,2,1
SF,IH2001,2019-11-19 09:38:12.200,2982.4000,143,0,60842820.000,0,-,-,-,-,2981.8000,2981.0000,2980.4000,2980.0000,2978.0000,2983.0000,2983.2000,2983.8000,2984.0000,2984.2000,1,1,1,1,5,1,1,2,2,2
SF,IH2001,2019-11-19 09:38:12.700,2982.4000,143,0,60842820.000,0,-,-,-,-,2981.8000,2981.0000,2980.4000,2980.0000,2978.0000,2983.0000,2983.2000,2983.8000,2984.0000,2984.2000,1,1,1,1,5,1,1,2,1,2
SF,IH2001,2019-11-19 09:38:16.700,2982.4000,143,0,60842820.000,0,-,-,-,-,2982.0000,2981.8000,2981.0000,2980.4000,2980.0000,2983.0000,2983.2000,2983.8000,2984.0000,2984.2000,1,1,1,1,1,1,1,2,1,2
SF,IH2001,2019-11-19 09:38:19.200,2982.4000,143,0,60842820.000,0,-,-,-,-,2982.0000,2981.8000,2981.0000,2980.4000,2980.0000,2983.0000,2983.8000,2984.0000,2984.2000,2984.8000,1,1,1,1,1,1,2,1,2,1
SF,IH2001,2019-11-19 09:38:22.700,2982.4000,143,0,60842820.000,0,-,-,-,-,2981.8000,2981.0000,2980.4000,2980.0000,2978.0000,2983.0000,2983.8000,2984.0000,2984.2000,2984.8000,1,1,1,1,5,1,2,1,2,1
SF,IH2001,2019-11-19 09:38:23.200,2982.4000,143,0,60842820.000,0,-,-,-,-,2981.8000,2981.0000,2980.4000,2980.0000,2978.0000,2983.0000,2983.8000,2984.0000,2984.2000,2984.8000,1,1,1,1,5,2,2,1,2,1
SF,IH2001,2019-11-19 09:38:24.700,2982.4000,143,0,60842820.000,0,-,-,-,-,2981.8000,2981.0000,2980.4000,2980.0000,2978.0000,2982.6000,2983.0000,2983.8000,2984.0000,2984.2000,1,1,1,1,5,1,2,2,1,2
SF,IH2001,2019-11-19 09:38:25.200,2982.4000,143,0,60842820.000,0,-,-,-,-,2981.8000,2981.0000,2980.4000,2980.0000,2978.0000,2982.6000,2983.0000,2983.8000,2984.0000,2984.2000,1,1,1,1,5,1,1,2,1,2
SF,IH2001,2019-11-19 09:38:25.700,2982.4000,143,0,60842820.000,0,-,-,-,-,2981.8000,2981.0000,2980.4000,2980.0000,2978.0000,2982.6000,2983.0000,2983.8000,2984.0000,2984.2000,2,1,1,1,5,1,1,2,1,2
SF,IH2001,2019-11-19 09:38:26.200,2982.4000,143,0,60842820.000,0,-,-,-,-,2981.8000,2981.0000,2980.4000,2980.0000,2978.0000,2982.6000,2983.8000,2984.0000,2984.2000,2984.8000,2,1,1,1,5,1,2,1,2,1
SF,IH2001,2019-11-19 09:38:32.200,2982.4000,143,0,60842820.000,0,-,-,-,-,2981.8000,2981.0000,2980.4000,2980.0000,2978.0000,2983.8000,2984.0000,2984.2000,2984.8000,2985.0000,2,1,1,1,5,2,1,2,1,1
SF,IH2001,2019-11-19 09:38:33.200,2982.4000,143,0,60842820.000,0,-,-,-,-,2981.8000,2981.0000,2980.4000,2980.0000,2978.0000,2983.0000,2983.8000,2984.0000,2984.2000,2984.8000,2,1,1,1,5,1,2,1,2,1
SF,IH2001,2019-11-19 09:38:34.200,2982.4000,143,0,60842820.000,0,-,-,-,-,2982.0000,2981.8000,2981.0000,2980.4000,2980.0000,2983.0000,2983.8000,2984.0000,2984.2000,2984.8000,1,2,1,1,1,1,2,1,2,1
SF,IH2001,2019-11-19 09:38:34.700,2982.4000,143,0,60842820.000,0,-,-,-,-,2981.8000,2981.0000,2980.4000,2980.0000,2978.0000,2983.0000,2983.8000,2984.0000,2984.2000,2984.8000,1,1,1,1,5,1,2,1,2,1
SF,IH2001,2019-11-19 09:38:35.700,2982.4000,143,0,60842820.000,0,-,-,-,-,2981.8000,2981.0000,2980.4000,2980.0000,2978.0000,2983.0000,2983.8000,2984.0000,2984.2000,2984.8000,1,1,1,1,5,1,2,1,2,1
SF,IH2001,2019-11-19 09:38:36.200,2982.4000,143,0,60842820.000,0,-,-,-,-,2982.0000,2981.8000,2981.0000,2980.4000,2980.0000,2983.0000,2983.8000,2984.0000,2984.2000,2984.8000,1,2,1,1,1,1,2,1,2,1
SF,IH2001,2019-11-19 09:38:36.700,2982.4000,143,0,60842820.000,0,-,-,-,-,2982.0000,2981.8000,2981.0000,2980.4000,2980.0000,2983.0000,2983.8000,2984.0000,2984.2000,2984.8000,1,2,1,1,1,1,1,1,2,1
SF,IH2001,2019-11-19 09:38:37.200,2982.4000,143,0,60842820.000,0,-,-,-,-,2982.0000,2981.8000,2981.0000,2980.4000,2980.0000,2983.0000,2983.8000,2984.0000,2984.2000,2984.8000,1,1,1,1,1,1,1,1,2,1
SF,IH2001,2019-11-19 09:38:38.200,2982.4000,143,0,60842820.000,0,-,-,-,-,2981.8000,2981.0000,2980.4000,2980.0000,2978.0000,2983.0000,2983.8000,2984.0000,2984.2000,2984.8000,1,1,1,1,5,1,1,1,2,1
SF,IH2001,2019-11-19 09:38:38.700,2982.4000,143,0,60842820.000,0,-,-,-,-,2981.8000,2981.0000,2980.4000,2980.0000,2978.0000,2983.0000,2983.8000,2984.0000,2984.2000,2984.8000,1,1,1,1,5,2,1,1,2,1
SF,IH2001,2019-11-19 09:38:39.200,2982.4000,143,0,60842820.000,0,-,-,-,-,2981.8000,2981.0000,2980.4000,2980.0000,2978.0000,2983.0000,2983.8000,2984.0000,2984.2000,2984.8000,1,1,1,1,5,1,1,1,2,1
SF,IH2001,2019-11-19 09:38:41.700,2982.4000,143,0,60842820.000,0,-,-,-,-,2981.8000,2981.0000,2980.4000,2980.0000,2978.0000,2982.8000,2983.0000,2983.8000,2984.0000,2984.2000,1,1,1,1,5,1,1,1,1,2
SF,IH2001,2019-11-19 09:38:42.700,2982.4000,143,0,60842820.000,0,-,-,-,-,2981.8000,2981.0000,2980.4000,2980.0000,2978.0000,2982.8000,2983.0000,2983.8000,2984.0000,2984.2000,1,1,1,1,5,1,1,1,1,2
SF,IH2001,2019-11-19 09:38:43.200,2982.4000,143,0,60842820.000,0,-,-,-,-,2981.8000,2981.0000,2980.4000,2980.0000,2978.0000,2982.8000,2983.0000,2983.8000,2984.0000,2984.2000,1,1,1,1,5,2,1,1,1,2
SF,IH2001,2019-11-19 09:38:44.200,2982.4000,143,0,60842820.000,0,-,-,-,-,2981.8000,2981.0000,2980.4000,2980.0000,2978.0000,2982.8000,2983.0000,2983.8000,2984.0000,2984.2000,1,1,1,1,5,2,1,1,1,2
SF,IH2001,2019-11-19 09:38:46.700,2982.4000,143,0,60842820.000,0,-,-,-,-,2981.8000,2981.0000,2980.4000,2980.0000,2978.0000,2982.6000,2982.8000,2983.0000,2983.8000,2984.0000,1,1,1,1,5,1,2,1,1,1
SF,IH2001,2019-11-19 09:38:47.200,2982.4000,143,0,60842820.000,0,-,-,-,-,2981.8000,2981.0000,2980.4000,2980.0000,2978.0000,2982.6000,2982.8000,2983.0000,2983.8000,2984.0000,1,1,1,1,5,2,1,1,1,1
SF,IH2001,2019-11-19 09:38:47.700,2982.4000,143,0,60842820.000,0,-,-,-,-,2981.8000,2981.0000,2980.4000,2980.0000,2978.0000,2982.6000,2982.8000,2983.0000,2983.8000,2984.0000,1,1,1,1,5,1,1,1,1,1
SF,IH2001,2019-11-19 09:38:48.200,2982.4000,143,0,60842820.000,0,-,-,-,-,2981.8000,2981.0000,2980.4000,2980.0000,2978.0000,2982.4000,2982.6000,2982.8000,2983.0000,2983.8000,1,1,1,1,5,1,1,1,1,1
SF,IH2001,2019-11-19 09:38:53.200,2982.4000,143,0,60842820.000,0,-,-,-,-,2981.8000,2981.0000,2980.4000,2980.0000,2978.0000,2982.4000,2982.8000,2983.0000,2983.8000,2984.0000,1,1,1,1,5,1,1,1,1,1
SF,IH2001,2019-11-19 09:39:00.700,2981.8000,143,0,61737360.000,1,0,1,多换,S,2981.0000,2980.4000,2980.0000,2978.0000,2975.4000,2982.4000,2982.8000,2983.0000,2983.8000,2984.0000,1,1,1,5,5,1,1,1,1,1
SF,IH2001,2019-11-19 09:39:01.200,2981.8000,143,0,61737360.000,0,-,-,-,-,2981.0000,2980.4000,2980.0000,2978.0000,2975.4000,2981.8000,2982.4000,2982.8000,2983.0000,2983.8000,1,1,1,5,5,1,1,1,1,1
SF,IH2001,2019-11-19 09:39:01.700,2981.8000,143,0,61737360.000,0,-,-,-,-,2980.4000,2980.0000,2978.0000,2975.4000,2974.4000,2981.8000,2982.4000,2982.8000,2983.0000,2983.8000,1,1,5,5,1,2,1,1,1,1
SF,IH2001,2019-11-19 09:39:02.200,2981.8000,143,0,61737360.000,0,-,-,-,-,2980.4000,2980.0000,2978.0000,2975.4000,2974.4000,2981.8000,2982.4000,2982.8000,2983.0000,2983.8000,1,1,5,5,1,1,1,1,1,1
SF,IH2001,2019-11-19 09:39:04.200,2981.8000,143,0,61737360.000,0,-,-,-,-,2980.4000,2980.0000,2978.0000,2975.4000,2974.4000,2981.8000,2982.4000,2983.0000,2983.8000,2984.0000,1,1,5,5,1,1,1,1,1,1
SF,IH2001,2019-11-19 09:39:05.200,2981.8000,143,0,61737360.000,0,-,-,-,-,2980.4000,2980.0000,2975.4000,2974.4000,2971.6000,2982.4000,2983.0000,2983.8000,2984.0000,2984.2000,1,1,5,1,1,1,1,1,1,2
SF,IH2001,2019-11-19 09:39:06.700,2981.8000,143,0,61737360.000,0,-,-,-,-,2980.4000,2980.0000,2975.4000,2974.4000,2971.6000,2982.0000,2983.0000,2983.8000,2984.0000,2984.2000,1,1,5,1,1,1,1,1,1,2
SF,IH2001,2019-11-19 09:39:07.200,2981.8000,143,0,61737360.000,0,-,-,-,-,2980.6000,2980.4000,2980.0000,2975.4000,2974.4000,2982.0000,2983.0000,2983.8000,2984.0000,2984.2000,1,1,1,5,1,1,1,1,1,2
SF,IH2001,2019-11-19 09:39:08.200,2981.8000,143,0,61737360.000,0,-,-,-,-,2980.6000,2980.4000,2980.0000,2975.4000,2974.4000,2982.0000,2983.8000,2984.0000,2984.2000,2985.0000,1,1,1,5,1,1,1,1,2,1
SF,IH2001,2019-11-19 09:39:09.700,2980.6000,144,1,62631540.000,1,1,0,双开,S,2980.4000,2980.0000,2975.4000,2974.4000,2971.6000,2981.8000,2982.0000,2983.8000,2984.0000,2984.2000,1,1,5,1,1,1,1,1,1,2
SF,IH2001,2019-11-19 09:39:10.200,2980.6000,144,0,62631540.000,0,-,-,-,-,2980.0000,2974.4000,2971.6000,2971.2000,2968.2000,2981.8000,2982.0000,2984.0000,2984.2000,2985.0000,1,1,6,1,1,2,1,1,2,1
SF,IH2001,2019-11-19 09:39:11.200,2980.6000,144,0,62631540.000,0,-,-,-,-,2974.4000,2971.6000,2971.2000,2968.2000,2965.2000,2981.8000,2982.0000,2984.0000,2984.2000,2985.0000,1,6,1,1,1,2,1,1,2,1
SF,IH2001,2019-11-19 09:39:11.700,2980.6000,144,0,62631540.000,0,-,-,-,-,2974.4000,2971.6000,2971.2000,2968.2000,2965.2000,2980.6000,2982.0000,2984.0000,2984.2000,2985.0000,1,6,1,1,1,1,1,1,2,1
SF,IH2001,2019-11-19 09:39:12.200,2980.6000,144,0,62631540.000,0,-,-,-,-,2974.6000,2974.4000,2971.6000,2971.2000,2968.2000,2980.6000,2981.6000,2984.0000,2984.2000,2985.0000,1,1,6,1,1,2,1,1,2,1
SF,IH2001,2019-11-19 09:39:12.700,2980.6000,144,0,62631540.000,0,-,-,-,-,2974.6000,2974.4000,2971.6000,2971.2000,2968.2000,2981.6000,2984.0000,2984.2000,2985.0000,2985.2000,1,1,6,1,1,1,1,2,1,3
SF,IH2001,2019-11-19 09:39:13.200,2980.6000,144,0,62631540.000,0,-,-,-,-,2976.4000,2974.6000,2974.4000,2971.6000,2971.2000,2981.6000,2984.0000,2984.2000,2985.2000,2985.6000,1,1,1,6,1,2,1,2,3,1
SF,IH2001,2019-11-19 09:39:13.700,2980.6000,144,0,62631540.000,0,-,-,-,-,2976.6000,2976.4000,2974.6000,2974.4000,2971.6000,2981.6000,2984.0000,2984.2000,2985.2000,2985.6000,1,1,1,1,6,1,1,2,3,1
SF,IH2001,2019-11-19 09:39:14.700,2980.6000,144,0,62631540.000,0,-,-,-,-,2977.0000,2976.6000,2974.6000,2974.4000,2971.6000,2981.6000,2984.0000,2984.2000,2985.2000,2985.6000,1,1,1,1,6,1,1,2,3,1
SF,IH2001,2019-11-19 09:39:15.200,2980.6000,144,0,62631540.000,0,-,-,-,-,2977.2000,2977.0000,2976.8000,2976.6000,2974.6000,2981.6000,2984.0000,2984.2000,2985.2000,2985.6000,1,1,1,1,1,1,1,2,3,1
SF,IH2001,2019-11-19 09:39:16.200,2980.6000,144,0,62631540.000,0,-,-,-,-,2977.4000,2977.2000,2976.6000,2974.6000,2974.4000,2981.6000,2984.0000,2984.2000,2985.2000,2985.6000,2,1,1,1,1,1,1,2,3,1
SF,IH2001,2019-11-19 09:39:16.700,2980.6000,144,0,62631540.000,0,-,-,-,-,2977.6000,2977.4000,2977.2000,2976.6000,2974.6000,2981.6000,2984.0000,2984.2000,2985.2000,2985.6000,1,2,1,1,1,1,1,2,3,1
SF,IH2001,2019-11-19 09:39:17.200,2980.6000,144,0,62631540.000,0,-,-,-,-,2977.6000,2977.4000,2977.2000,2976.6000,2974.6000,2981.4000,2984.0000,2984.2000,2985.2000,2985.6000,1,2,1,1,1,1,1,2,3,1
SF,IH2001,2019-11-19 09:39:17.700,2980.6000,144,0,62631540.000,0,-,-,-,-,2977.8000,2977.6000,2977.2000,2976.6000,2974.6000,2981.2000,2981.4000,2984.0000,2984.2000,2985.2000,1,2,1,1,1,1,1,1,2,3
SF,IH2001,2019-11-19 09:39:18.200,2980.6000,144,0,62631540.000,0,-,-,-,-,2978.0000,2977.8000,2977.6000,2977.2000,2976.6000,2981.2000,2981.4000,2984.0000,2984.2000,2985.2000,1,2,2,1,1,1,1,1,2,3
SF,IH2001,2019-11-19 09:39:19.200,2980.6000,144,0,62631540.000,0,-,-,-,-,2978.0000,2977.8000,2977.6000,2977.2000,2976.6000,2981.2000,2984.0000,2984.2000,2985.2000,2985.6000,1,2,2,1,1,1,1,2,3,1
SF,IH2001,2019-11-19 09:39:19.700,2980.6000,144,0,62631540.000,0,-,-,-,-,2978.0000,2977.8000,2977.6000,2977.2000,2976.6000,2981.0000,2981.2000,2984.0000,2984.2000,2985.2000,1,2,1,1,1,1,1,1,2,3
SF,IH2001,2019-11-19 09:39:20.700,2980.6000,144,0,62631540.000,0,-,-,-,-,2978.0000,2977.8000,2977.6000,2977.2000,2976.6000,2981.0000,2981.2000,2984.0000,2984.2000,2985.2000,1,1,1,1,1,1,1,1,2,3
SF,IH2001,2019-11-19 09:39:21.200,2980.6000,144,0,62631540.000,0,-,-,-,-,2978.0000,2977.8000,2977.6000,2977.2000,2976.6000,2980.6000,2981.0000,2981.2000,2984.0000,2984.2000,1,1,1,1,1,1,1,1,1,2
SF,IH2001,2019-11-19 09:39:21.700,2980.6000,144,0,62631540.000,0,-,-,-,-,2978.0000,2977.8000,2977.6000,2977.2000,2976.6000,2980.6000,2981.0000,2984.0000,2984.2000,2985.2000,2,1,1,1,1,1,1,1,2,3
SF,IH2001,2019-11-19 09:39:22.200,2980.6000,144,0,62631540.000,0,-,-,-,-,2978.0000,2977.8000,2977.6000,2977.2000,2976.6000,2980.6000,2981.0000,2984.0000,2984.2000,2985.2000,1,1,1,1,1,1,1,1,2,3
SF,IH2001,2019-11-19 09:39:22.700,2980.6000,144,0,62631540.000,0,-,-,-,-,2978.0000,2977.8000,2977.6000,2977.2000,2976.6000,2980.6000,2981.0000,2984.0000,2984.2000,2985.2000,2,1,1,1,1,1,1,1,2,3
SF,IH2001,2019-11-19 09:39:23.200,2980.6000,144,0,62631540.000,0,-,-,-,-,2978.0000,2977.8000,2977.6000,2977.2000,2976.6000,2980.4000,2980.6000,2984.0000,2984.2000,2985.2000,2,1,1,1,1,1,1,1,2,3
SF,IH2001,2019-11-19 09:39:24.200,2980.6000,144,0,62631540.000,0,-,-,-,-,2978.0000,2977.6000,2977.2000,2976.6000,2974.6000,2980.4000,2980.6000,2984.0000,2984.2000,2985.2000,2,1,1,1,1,1,1,1,2,3
SF,IH2001,2019-11-19 09:39:24.700,2980.6000,144,0,62631540.000,0,-,-,-,-,2978.0000,2977.6000,2977.2000,2976.6000,2974.6000,2984.0000,2984.2000,2985.2000,2985.6000,2986.0000,2,1,1,1,1,1,2,3,1,2
SF,IH2001,2019-11-19 09:39:25.200,2980.6000,144,0,62631540.000,0,-,-,-,-,2978.0000,2977.6000,2977.2000,2976.6000,2974.6000,2984.0000,2984.2000,2985.2000,2985.6000,2986.0000,1,1,1,1,1,1,2,3,1,2
SF,IH2001,2019-11-19 09:39:25.700,2980.6000,144,0,62631540.000,0,-,-,-,-,2978.0000,2977.6000,2977.2000,2976.6000,2974.6000,2981.4000,2984.0000,2985.2000,2985.6000,2986.0000,2,1,1,1,1,1,1,3,1,2
SF,IH2001,2019-11-19 09:39:26.200,2980.6000,144,0,62631540.000,0,-,-,-,-,2978.2000,2978.0000,2977.6000,2977.2000,2976.6000,2981.4000,2982.8000,2984.0000,2985.2000,2985.6000,1,2,1,1,1,1,2,1,3,1
SF,IH2001,2019-11-19 09:39:26.700,2980.6000,144,0,62631540.000,0,-,-,-,-,2978.4000,2978.2000,2978.0000,2977.6000,2977.2000,2981.4000,2982.8000,2984.0000,2985.2000,2985.6000,1,2,1,1,1,2,2,1,3,1
SF,IH2001,2019-11-19 09:39:27.200,2980.6000,144,0,62631540.000,0,-,-,-,-,2978.4000,2978.2000,2978.0000,2977.6000,2977.2000,2981.4000,2982.8000,2984.0000,2985.2000,2985.6000,1,1,1,1,1,2,2,1,3,1
SF,IH2001,2019-11-19 09:39:28.200,2980.6000,144,0,62631540.000,0,-,-,-,-,2978.4000,2978.2000,2978.0000,2977.6000,2977.2000,2981.2000,2981.4000,2982.8000,2984.0000,2985.2000,1,1,1,1,1,1,2,2,1,3
SF,IH2001,2019-11-19 09:39:29.200,2980.6000,144,0,62631540.000,0,-,-,-,-,2978.6000,2978.4000,2978.0000,2977.6000,2977.2000,2981.2000,2981.4000,2982.8000,2984.0000,2985.2000,1,1,1,1,1,1,2,2,1,3
SF,IH2001,2019-11-19 09:39:29.700,2980.6000,144,0,62631540.000,0,-,-,-,-,2978.8000,2978.6000,2978.4000,2978.0000,2977.6000,2981.0000,2981.2000,2981.4000,2982.8000,2984.0000,1,1,1,1,1,1,2,1,2,1
SF,IH2001,2019-11-19 09:39:30.700,2980.6000,144,0,62631540.000,0,-,-,-,-,2978.8000,2978.6000,2978.4000,2978.0000,2977.6000,2981.0000,2981.2000,2981.4000,2982.8000,2984.0000,1,1,1,1,1,1,1,1,2,1
SF,IH2001,2019-11-19 09:39:31.200,2980.6000,144,0,62631540.000,0,-,-,-,-,2979.0000,2978.8000,2978.4000,2978.0000,2977.6000,2981.0000,2981.2000,2981.4000,2982.8000,2984.0000,1,1,1,1,1,1,1,1,2,1
SF,IH2001,2019-11-19 09:39:31.700,2980.6000,144,0,62631540.000,0,-,-,-,-,2979.2000,2979.0000,2978.8000,2978.4000,2978.0000,2981.0000,2981.2000,2981.4000,2982.8000,2984.0000,1,1,1,1,1,1,1,1,2,1
SF,IH2001,2019-11-19 09:39:32.200,2980.6000,144,0,62631540.000,0,-,-,-,-,2979.2000,2979.0000,2978.8000,2978.4000,2978.0000,2981.0000,2982.8000,2984.0000,2985.2000,2985.6000,1,1,1,1,1,1,2,1,3,1
SF,IH2001,2019-11-19 09:39:32.700,2980.6000,144,0,62631540.000,0,-,-,-,-,2979.2000,2979.0000,2978.8000,2978.4000,2978.0000,2981.0000,2982.8000,2984.0000,2985.2000,2985.6000,1,1,1,1,1,2,2,1,3,1
