市场代码,合约代码,时间,最新,持仓,增仓,成交额,成交量,开仓,平仓,成交类型,方向,买一价,买二价,买三价,买四价,买五价,卖一价,卖二价,卖三价,卖四价,卖五价,买一量,买二量,买三量,买四量,买五量,卖一量,卖二量,卖三量,卖四量,卖五量
SF,IH2007,2020-06-02 09:29:00.000,2795.0000,5987,0,3354000.000,4.000,-,-,-,-,2791.2000,2791.0000,2790.6000,2790.0000,2788.6000,2795.2000,2797.2000,2799.0000,2799.2000,2801.6000,3,1,1,3,1,1,4,1,1,1
SF,IH2007,2020-06-02 09:30:00.500,2795.0000,5986,-1,4192500.000,1,0,1,双平,S,2791.4000,2791.2000,2791.0000,2790.6000,2790.0000,2795.0000,2795.2000,2796.6000,2796.8000,2797.4000,2,3,1,1,3,5,1,2,1,1
SF,IH2007,2020-06-02 09:30:01.000,2795.0000,5986,0,4192500.000,0,-,-,-,-,2791.6000,2791.4000,2791.2000,2791.0000,2790.6000,2794.4000,2794.6000,2794.8000,2795.0000,2796.6000,2,4,3,1,1,2,1,6,4,2
SF,IH2007,2020-06-02 09:30:01.500,2795.0000,5985,-1,5031000.000,1,0,1,双平,S,2791.6000,2791.4000,2791.2000,2791.0000,2790.6000,2794.2000,2794.4000,2794.8000,2796.6000,2796.8000,4,2,3,1,1,4,2,6,2,5
SF,IH2007,2020-06-02 09:30:02.000,2794.4000,5983,-2,7545960.000,3,0,3,多平,S,2791.8000,2791.6000,2791.4000,2791.2000,2791.0000,2794.8000,2796.6000,2797.4000,2799.0000,2800.6000,4,5,2,3,1,5,2,1,1,5
SF,IH2007,2020-06-02 09:30:02.500,2794.4000,5983,0,7545960.000,0,-,-,-,-,2792.0000,2791.8000,2791.6000,2791.4000,2791.2000,2794.8000,2796.6000,2797.4000,2799.0000,2800.6000,6,4,3,2,3,2,2,1,1,5
SF,IH2007,2020-06-02 09:30:03.000,2794.4000,5983,0,7545960.000,0,-,-,-,-,2792.6000,2792.2000,2792.0000,2791.8000,2791.6000,2794.8000,2799.0000,2800.6000,2802.0000,2803.8000,2,3,6,3,2,2,1,5,1,1
SF,IH2007,2020-06-02 09:30:03.500,2794.8000,5983,0,8384400.000,1,0,1,多换,S,2793.2000,2792.8000,2792.6000,2792.2000,2792.0000,2794.8000,2799.0000,2800.6000,2802.0000,2803.8000,1,7,2,1,1,1,1,5,1,2
SF,IH2007,2020-06-02 09:30:04.000,2794.8000,5983,0,8384400.000,0,-,-,-,-,2793.4000,2793.2000,2792.8000,2792.0000,2791.8000,2794.8000,2799.0000,2800.6000,2802.0000,2803.8000,1,1,6,1,3,1,1,5,1,2
SF,IH2007,2020-06-02 09:30:04.500,2794.8000,5983,0,8384400.000,0,-,-,-,-,2794.8000,2793.4000,2793.2000,2792.8000,2792.0000,2799.0000,2802.0000,2803.8000,2807.6000,2828.0000,1,1,1,6,1,1,1,2,1,5
SF,IH2007,2020-06-02 09:30:05.000,2794.8000,5983,0,8384400.000,0,-,-,-,-,2795.0000,2794.8000,2793.4000,2793.2000,2792.8000,2796.0000,2796.4000,2796.8000,2798.4000,2798.6000,1,1,1,1,5,2,1,1,2,1
SF,IH2007,2020-06-02 09:30:05.500,2794.8000,5981,-2,10061340.000,2,0,2,双平,S,2793.4000,2793.2000,2792.8000,2792.0000,2791.6000,2795.8000,2796.0000,2796.4000,2798.4000,2798.8000,1,1,5,1,1,2,2,1,1,1
SF,IH2007,2020-06-02 09:30:06.000,2795.6000,5980,-1,10900020.000,1,0,1,双平,S,2793.4000,2792.8000,2792.0000,2791.6000,2791.4000,2795.6000,2795.8000,2796.0000,2796.4000,2798.4000,1,4,1,1,2,1,2,2,1,1
SF,IH2007,2020-06-02 09:30:06.500,2795.6000,5980,0,10900020.000,0,-,-,-,-,2793.6000,2793.4000,2792.8000,2792.0000,2791.6000,2795.6000,2796.4000,2798.4000,2799.0000,2802.0000,3,1,4,1,1,1,1,1,2,1
SF,IH2007,2020-06-02 09:30:07.000,2795.6000,5980,0,10900020.000,0,-,-,-,-,2794.2000,2793.8000,2793.6000,2792.8000,2792.0000,2795.6000,2796.4000,2798.4000,2799.0000,2802.0000,1,4,5,1,1,1,1,1,1,1
SF,IH2007,2020-06-02 09:30:07.500,2795.6000,5979,-1,11738700.000,1,0,1,双平,S,2794.4000,2794.2000,2793.8000,2793.6000,2792.8000,2796.4000,2798.4000,2799.0000,2800.6000,2802.0000,1,1,3,5,1,1,1,1,6,1
SF,IH2007,2020-06-02 09:30:08.000,2795.6000,5979,0,11738700.000,0,-,-,-,-,2794.6000,2794.4000,2794.2000,2793.8000,2793.6000,2798.4000,2799.0000,2800.6000,2802.0000,2803.8000,1,1,1,3,5,1,1,6,1,2
SF,IH2007,2020-06-02 09:30:08.500,2795.6000,5979,0,11738700.000,0,-,-,-,-,2794.8000,2794.6000,2793.8000,2793.6000,2792.8000,2797.4000,2798.2000,2798.4000,2799.0000,2800.6000,1,1,3,3,1,1,4,1,1,6
SF,IH2007,2020-06-02 09:30:09.000,2795.6000,5979,0,11738700.000,0,-,-,-,-,2795.0000,2794.8000,2793.8000,2793.6000,2792.8000,2797.2000,2798.2000,2798.4000,2799.0000,2800.6000,1,1,3,3,1,1,3,1,1,6
SF,IH2007,2020-06-02 09:30:09.500,2797.2000,5978,-1,12577860.000,1,0,1,双平,S,2795.2000,2795.0000,2793.8000,2793.6000,2792.0000,2798.2000,2798.4000,2799.0000,2800.6000,2802.0000,1,1,3,3,1,3,1,1,6,1
SF,IH2007,2020-06-02 09:30:10.000,2797.2000,5978,0,12577860.000,0,-,-,-,-,2795.4000,2795.2000,2793.8000,2793.6000,2792.0000,2799.0000,2802.0000,2803.8000,2804.4000,2828.0000,3,2,2,3,1,1,1,2,6,5
SF,IH2007,2020-06-02 09:30:10.500,2797.2000,5978,0,12577860.000,0,-,-,-,-,2795.6000,2795.4000,2795.2000,2793.8000,2793.6000,2798.8000,2799.0000,2802.0000,2803.8000,2804.4000,2,3,1,2,3,4,1,1,2,6
SF,IH2007,2020-06-02 09:30:11.000,2797.2000,5978,0,12577860.000,0,-,-,-,-,2795.8000,2795.6000,2795.4000,2793.8000,2791.4000,2798.8000,2799.0000,2802.0000,2803.8000,2804.4000,1,2,2,2,2,4,1,1,2,6
SF,IH2007,2020-06-02 09:30:11.500,2797.2000,5978,0,12577860.000,0,-,-,-,-,2796.0000,2795.8000,2795.4000,2793.8000,2791.4000,2798.8000,2799.0000,2802.0000,2803.8000,2804.4000,1,1,2,2,2,4,1,1,2,6
SF,IH2007,2020-06-02 09:30:12.000,2797.2000,5978,0,12577860.000,0,-,-,-,-,2796.2000,2796.0000,2795.4000,2793.8000,2791.4000,2798.8000,2799.0000,2802.0000,2803.8000,2804.4000,1,1,2,2,2,4,1,1,2,6
SF,IH2007,2020-06-02 09:30:12.500,2796.2000,5976,-2,14255640.000,2,0,2,双平,S,2795.4000,2793.8000,2791.4000,2791.2000,2791.0000,2798.6000,2798.8000,2799.0000,2802.0000,2803.8000,2,2,2,3,1,2,4,1,1,2
SF,IH2007,2020-06-02 09:30:13.000,2796.2000,5976,0,14255640.000,0,-,-,-,-,2795.6000,2793.8000,2791.4000,2791.2000,2791.0000,2798.2000,2798.4000,2798.6000,2798.8000,2799.0000,2,2,2,3,1,1,2,2,4,1
SF,IH2007,2020-06-02 09:30:13.500,2795.6000,5974,-2,15933000.000,2,0,2,双平,S,2793.8000,2791.4000,2791.2000,2791.0000,2790.6000,2798.0000,2798.2000,2798.4000,2798.6000,2798.8000,2,2,3,1,1,2,1,2,1,2
SF,IH2007,2020-06-02 09:30:14.000,2795.6000,5974,0,15933000.000,0,-,-,-,-,2795.0000,2794.4000,2794.0000,2793.8000,2793.6000,2798.0000,2798.4000,2798.6000,2798.8000,2799.0000,1,2,7,5,1,2,2,1,2,1
SF,IH2007,2020-06-02 09:30:14.500,2795.6000,5974,0,15933000.000,0,-,-,-,-,2795.2000,2795.0000,2794.0000,2793.8000,2793.6000,2798.0000,2798.4000,2798.6000,2798.8000,2799.0000,1,1,6,5,1,2,2,1,2,1
SF,IH2007,2020-06-02 09:30:15.000,2795.6000,5974,0,15933000.000,0,-,-,-,-,2795.2000,2795.0000,2794.0000,2793.8000,2793.6000,2797.8000,2798.0000,2798.4000,2798.6000,2798.8000,1,1,6,5,1,1,2,1,1,2
SF,IH2007,2020-06-02 09:30:15.500,2795.6000,5974,0,15933000.000,0,-,-,-,-,2795.2000,2795.0000,2794.0000,2793.8000,2793.6000,2797.6000,2798.8000,2799.0000,2802.0000,2803.8000,1,1,6,5,1,2,2,1,1,2
SF,IH2007,2020-06-02 09:30:16.000,2795.6000,5974,0,15933000.000,0,-,-,-,-,2795.2000,2795.0000,2794.0000,2793.8000,2793.6000,2797.6000,2798.8000,2799.0000,2802.0000,2803.8000,2,1,6,5,1,1,2,1,1,2
SF,IH2007,2020-06-02 09:30:16.500,2795.6000,5974,0,15933000.000,0,-,-,-,-,2795.2000,2795.0000,2794.0000,2793.8000,2793.6000,2797.4000,2797.6000,2798.8000,2799.0000,2802.0000,2,1,6,5,1,1,1,2,1,1
SF,IH2007,2020-06-02 09:30:17.000,2795.6000,5974,0,15933000.000,0,-,-,-,-,2795.2000,2795.0000,2794.0000,2793.8000,2793.6000,2797.2000,2797.4000,2798.8000,2799.0000,2802.0000,2,1,6,5,1,2,1,2,1,1
SF,IH2007,2020-06-02 09:30:17.500,2795.4000,5974,0,16771620.000,1,0,1,多换,S,2795.2000,2795.0000,2794.0000,2793.8000,2793.6000,2797.2000,2797.4000,2798.8000,2799.0000,2802.0000,2,1,6,5,1,2,1,2,1,1
SF,IH2007,2020-06-02 09:30:18.000,2797.4000,5971,-3,19289160.000,3,0,3,双平,S,2795.4000,2795.2000,2795.0000,2794.0000,2793.8000,2798.8000,2799.0000,2802.0000,2803.8000,2804.4000,2,2,1,6,5,2,1,1,2,6
SF,IH2007,2020-06-02 09:30:18.500,2797.4000,5971,0,19289160.000,0,-,-,-,-,2795.6000,2795.4000,2795.0000,2794.0000,2793.8000,2798.6000,2798.8000,2799.0000,2802.0000,2803.8000,2,3,1,6,5,3,2,1,1,2
SF,IH2007,2020-06-02 09:30:19.000,2797.4000,5971,0,19289160.000,0,-,-,-,-,2795.8000,2795.6000,2795.4000,2794.0000,2793.8000,2798.4000,2798.8000,2799.0000,2802.0000,2803.8000,4,3,1,4,4,1,2,1,1,2
SF,IH2007,2020-06-02 09:30:19.500,2797.4000,5971,0,19289160.000,0,-,-,-,-,2797.6000,2796.0000,2795.8000,2795.4000,2794.0000,2798.4000,2798.8000,2799.0000,2802.0000,2803.8000,1,1,5,1,4,1,2,1,1,2
SF,IH2007,2020-06-02 09:30:20.000,2797.6000,5969,-2,21807240.000,3,0,3,多平,S,2796.0000,2795.8000,2795.4000,2794.0000,2793.8000,2798.8000,2799.0000,2802.0000,2803.8000,2804.4000,1,4,1,1,4,2,1,1,2,6
SF,IH2007,2020-06-02 09:30:20.500,2797.6000,5969,0,21807240.000,0,-,-,-,-,2796.2000,2796.0000,2795.8000,2795.4000,2794.0000,2798.6000,2798.8000,2799.0000,2802.0000,2803.8000,2,1,3,1,1,1,2,1,1,2
SF,IH2007,2020-06-02 09:30:21.000,2797.6000,5969,0,21807240.000,0,-,-,-,-,2796.4000,2796.2000,2795.8000,2794.0000,2793.8000,2799.0000,2802.0000,2803.8000,2804.4000,2837.4000,2,2,3,1,4,1,1,2,6,1
SF,IH2007,2020-06-02 09:30:21.500,2797.6000,5969,0,21807240.000,0,-,-,-,-,2796.6000,2796.4000,2796.2000,2795.8000,2794.0000,2799.0000,2802.0000,2803.8000,2804.4000,2837.4000,2,2,1,3,1,1,1,2,6,1
SF,IH2007,2020-06-02 09:30:22.000,2797.6000,5969,0,21807240.000,0,-,-,-,-,2796.8000,2796.6000,2796.4000,2796.2000,2795.8000,2799.0000,2802.0000,2803.8000,2804.4000,2837.4000,1,2,1,1,3,1,1,2,6,1
SF,IH2007,2020-06-02 09:30:22.500,2797.6000,5969,0,21807240.000,0,-,-,-,-,2797.0000,2796.8000,2796.6000,2796.4000,2796.2000,2799.0000,2802.0000,2803.8000,2804.4000,2837.4000,1,1,1,1,1,1,1,2,6,1
SF,IH2007,2020-06-02 09:30:23.000,2797.6000,5969,0,21807240.000,0,-,-,-,-,2797.2000,2797.0000,2796.6000,2796.2000,2795.8000,2799.0000,2802.0000,2803.8000,2804.4000,2837.4000,1,1,1,1,3,1,1,2,6,1
SF,IH2007,2020-06-02 09:30:23.500,2798.8000,5969,0,22646880.000,1,0,1,多换,S,2797.4000,2797.2000,2796.6000,2796.2000,2795.8000,2799.0000,2802.0000,2803.8000,2804.4000,2837.4000,1,1,1,1,3,1,1,2,6,1
SF,IH2007,2020-06-02 09:30:24.000,2798.8000,5969,0,22646880.000,0,-,-,-,-,2797.6000,2797.4000,2796.6000,2796.2000,2795.8000,2799.0000,2802.0000,2803.8000,2804.4000,2837.4000,1,1,1,1,3,1,1,2,6,1
SF,IH2007,2020-06-02 09:30:24.500,2798.8000,5969,0,22646880.000,0,-,-,-,-,2797.6000,2797.4000,2796.6000,2796.2000,2795.8000,2799.0000,2802.0000,2803.8000,2804.4000,2837.4000,1,1,1,1,3,1,1,2,6,1
SF,IH2007,2020-06-02 09:30:25.000,2798.8000,5969,0,22646880.000,0,-,-,-,-,2797.6000,2797.4000,2796.6000,2796.2000,2795.8000,2799.0000,2802.0000,2803.8000,2804.4000,2837.4000,1,1,1,1,3,1,1,2,6,1
SF,IH2007,2020-06-02 09:30:25.500,2797.8000,5968,-1,23486220.000,1,0,1,双平,S,2797.6000,2797.4000,2796.6000,2796.2000,2795.8000,2799.0000,2802.0000,2803.8000,2804.4000,2837.4000,1,1,1,1,3,1,1,2,6,1
SF,IH2007,2020-06-02 09:30:26.000,2797.8000,5968,0,24325560.000,1,0,1,多换,S,2797.6000,2797.4000,2796.6000,2796.2000,2795.8000,2799.0000,2802.0000,2803.8000,2804.4000,2837.4000,1,1,1,1,3,1,1,2,6,1
SF,IH2007,2020-06-02 09:30:26.500,2797.8000,5968,0,24325560.000,0,-,-,-,-,2797.6000,2797.4000,2796.6000,2796.2000,2795.8000,2799.0000,2802.0000,2803.8000,2804.4000,2837.4000,1,1,1,1,3,1,1,2,6,1
SF,IH2007,2020-06-02 09:30:27.000,2797.8000,5968,0,24325560.000,0,-,-,-,-,2797.6000,2797.4000,2796.6000,2796.2000,2795.8000,2799.0000,2802.0000,2803.8000,2804.4000,2837.4000,1,1,1,1,3,1,1,2,6,1
SF,IH2007,2020-06-02 09:30:27.500,2799.0000,5967,-1,25165260.000,1,0,1,双平,S,2797.6000,2797.4000,2796.6000,2796.2000,2795.8000,2802.0000,2803.8000,2804.4000,2837.4000,2852.0000,1,1,1,1,3,1,2,6,1,1
SF,IH2007,2020-06-02 09:30:28.000,2799.0000,5967,0,25165260.000,0,-,-,-,-,2797.8000,2797.6000,2796.6000,2796.2000,2793.8000,2801.8000,2802.0000,2803.8000,2808.2000,2837.4000,4,1,1,1,1,4,4,2,6,1
SF,IH2007,2020-06-02 09:30:28.500,2799.0000,5967,0,25165260.000,0,-,-,-,-,2798.0000,2797.8000,2796.6000,2796.2000,2793.8000,2801.2000,2801.6000,2801.8000,2802.0000,2803.8000,1,1,1,1,1,2,1,7,1,2
SF,IH2007,2020-06-02 09:30:29.000,2799.0000,5967,0,25165260.000,0,-,-,-,-,2798.2000,2798.0000,2796.6000,2796.2000,2793.8000,2801.0000,2801.2000,2801.6000,2801.8000,2802.0000,2,1,1,1,1,5,2,1,4,1
SF,IH2007,2020-06-02 09:30:29.500,2799.0000,5967,0,25165260.000,0,-,-,-,-,2798.4000,2798.2000,2796.6000,2793.8000,2793.6000,2801.0000,2801.8000,2802.0000,2803.8000,2808.2000,1,1,1,1,1,5,4,1,1,6
SF,IH2007,2020-06-02 09:30:30.000,2799.0000,5967,0,25165260.000,0,-,-,-,-,2798.4000,2796.6000,2793.8000,2793.6000,2791.4000,2800.6000,2801.0000,2801.8000,2802.0000,2803.8000,1,1,1,1,2,2,5,4,1,1
SF,IH2007,2020-06-02 09:30:30.500,2799.0000,5967,0,25165260.000,0,-,-,-,-,2798.4000,2796.6000,2793.8000,2793.6000,2791.4000,2800.6000,2801.0000,2801.8000,2802.0000,2803.8000,1,1,1,1,2,3,5,3,1,1
SF,IH2007,2020-06-02 09:30:31.000,2799.0000,5967,0,25165260.000,0,-,-,-,-,2798.4000,2796.6000,2793.8000,2793.6000,2791.4000,2800.4000,2800.6000,2801.0000,2801.8000,2802.0000,1,1,1,1,2,1,3,3,2,1
SF,IH2007,2020-06-02 09:30:31.500,2799.0000,5967,0,25165260.000,0,-,-,-,-,2798.4000,2796.6000,2793.8000,2793.6000,2791.4000,2800.4000,2800.6000,2801.0000,2801.8000,2802.0000,1,1,1,1,2,1,3,3,2,1
SF,IH2007,2020-06-02 09:30:32.500,2800.4000,5966,-1,26005380.000,1,0,1,双平,S,2798.4000,2796.6000,2793.8000,2793.6000,2791.4000,2800.6000,2801.0000,2801.8000,2802.0000,2803.8000,1,1,1,1,2,3,2,2,1,1
SF,IH2007,2020-06-02 09:30:33.000,2800.4000,5966,0,26005380.000,0,-,-,-,-,2798.4000,2796.6000,2793.8000,2793.6000,2791.4000,2800.6000,2801.0000,2801.8000,2802.0000,2803.8000,1,1,1,1,2,2,2,2,1,1
SF,IH2007,2020-06-02 09:30:33.500,2800.4000,5966,0,26005380.000,0,-,-,-,-,2798.4000,2796.6000,2793.8000,2793.6000,2791.4000,2801.8000,2802.0000,2803.8000,2808.2000,2837.4000,1,1,1,1,2,2,1,1,6,1
SF,IH2007,2020-06-02 09:30:34.000,2800.4000,5966,0,26005380.000,0,-,-,-,-,2798.4000,2796.6000,2793.8000,2793.6000,2791.4000,2801.6000,2801.8000,2802.0000,2803.8000,2808.2000,1,1,1,1,2,4,4,1,1,6
SF,IH2007,2020-06-02 09:30:34.500,2800.4000,5966,0,26005380.000,0,-,-,-,-,2798.4000,2796.6000,2793.8000,2793.6000,2791.4000,2801.6000,2801.8000,2802.0000,2803.8000,2808.2000,1,1,1,1,2,6,2,1,1,6
SF,IH2007,2020-06-02 09:30:35.000,2800.4000,5966,0,26005380.000,0,-,-,-,-,2798.4000,2796.6000,2793.8000,2793.6000,2791.4000,2801.6000,2801.8000,2802.0000,2803.8000,2808.2000,1,1,1,1,2,5,2,1,1,6
SF,IH2007,2020-06-02 09:30:35.500,2800.4000,5966,0,26005380.000,0,-,-,-,-,2798.4000,2796.6000,2793.8000,2793.6000,2791.4000,2801.0000,2801.6000,2801.8000,2802.0000,2803.8000,1,1,1,1,2,1,6,1,1,1
SF,IH2007,2020-06-02 09:30:36.000,2800.4000,5966,0,26005380.000,0,-,-,-,-,2798.4000,2796.6000,2793.8000,2793.6000,2791.4000,2800.8000,2801.0000,2801.6000,2801.8000,2802.0000,1,1,1,1,2,1,1,6,1,1
SF,IH2007,2020-06-02 09:30:36.500,2800.8000,5967,1,26845620.000,1,1,0,双开,S,2800.8000,2798.4000,2796.6000,2793.8000,2793.6000,2801.0000,2801.6000,2801.8000,2802.0000,2803.8000,1,1,1,1,1,1,4,1,1,1
SF,IH2007,2020-06-02 09:30:37.000,2800.8000,5967,0,27685860.000,1,0,1,多换,S,2798.4000,2793.8000,2793.6000,2791.4000,2791.2000,2800.6000,2800.8000,2801.0000,2801.6000,2801.8000,1,1,1,2,3,3,3,1,4,1
SF,IH2007,2020-06-02 09:30:37.500,2800.8000,5967,0,27685860.000,0,-,-,-,-,2798.4000,2793.8000,2793.6000,2791.4000,2791.2000,2800.2000,2800.8000,2801.0000,2801.6000,2801.8000,1,1,1,2,3,2,2,1,4,1
SF,IH2007,2020-06-02 09:30:38.000,2800.8000,5967,0,27685860.000,0,-,-,-,-,2798.4000,2793.8000,2793.6000,2791.4000,2791.2000,2800.2000,2800.6000,2800.8000,2801.0000,2801.2000,1,1,1,2,3,2,1,2,1,1
SF,IH2007,2020-06-02 09:30:38.500,2800.8000,5967,0,27685860.000,0,-,-,-,-,2798.4000,2793.8000,2793.6000,2791.4000,2791.2000,2800.2000,2800.6000,2800.8000,2801.0000,2801.2000,1,1,1,2,3,2,1,2,1,1
SF,IH2007,2020-06-02 09:30:39.000,2800.8000,5967,0,27685860.000,0,-,-,-,-,2798.4000,2793.8000,2793.6000,2791.4000,2791.2000,2800.2000,2800.6000,2800.8000,2801.0000,2801.2000,1,1,1,2,3,2,1,2,1,1
SF,IH2007,2020-06-02 09:30:40.000,2800.8000,5967,0,27685860.000,0,-,-,-,-,2798.4000,2793.8000,2793.6000,2791.4000,2791.2000,2800.2000,2800.6000,2800.8000,2801.0000,2801.2000,1,1,1,2,3,2,1,2,1,1
SF,IH2007,2020-06-02 09:30:40.500,2800.8000,5967,0,27685860.000,0,-,-,-,-,2798.4000,2793.8000,2793.6000,2791.4000,2791.2000,2800.2000,2800.6000,2800.8000,2801.0000,2801.2000,1,1,1,2,3,2,1,2,1,1
SF,IH2007,2020-06-02 09:30:41.000,2800.8000,5967,0,27685860.000,0,-,-,-,-,2798.4000,2793.8000,2793.6000,2791.4000,2791.2000,2800.2000,2800.6000,2800.8000,2801.0000,2801.2000,1,1,1,2,3,2,1,2,1,1
SF,IH2007,2020-06-02 09:30:41.500,2800.8000,5967,0,27685860.000,0,-,-,-,-,2798.4000,2793.8000,2793.6000,2791.4000,2791.2000,2800.2000,2800.6000,2800.8000,2801.0000,2801.2000,1,1,1,2,3,2,1,2,1,1
SF,IH2007,2020-06-02 09:30:42.000,2800.8000,5967,0,27685860.000,0,-,-,-,-,2798.4000,2793.8000,2793.6000,2791.4000,2791.2000,2800.2000,2800.6000,2800.8000,2801.0000,2801.2000,1,1,1,2,3,2,1,2,1,1
SF,IH2007,2020-06-02 09:30:43.500,2798.4000,5966,-1,28525380.000,1,0,1,双平,S,2793.8000,2793.6000,2791.4000,2791.2000,2791.0000,2800.0000,2800.2000,2800.6000,2800.8000,2801.2000,1,1,2,3,1,1,3,1,1,1
SF,IH2007,2020-06-02 09:30:44.000,2800.0000,5966,0,29365380.000,1,0,1,多换,S,2796.2000,2795.2000,2794.0000,2793.8000,2793.6000,2800.2000,2800.6000,2800.8000,2801.2000,2801.6000,1,1,11,4,1,2,1,1,1,3
SF,IH2007,2020-06-02 09:30:44.500,2800.0000,5966,0,29365380.000,0,-,-,-,-,2796.4000,2796.2000,2794.0000,2793.8000,2793.6000,2799.2000,2800.0000,2800.2000,2800.6000,2800.8000,5,3,5,1,1,1,1,2,1,1
SF,IH2007,2020-06-02 09:30:45.000,2800.0000,5966,0,29365380.000,0,-,-,-,-,2796.4000,2796.2000,2794.0000,2793.8000,2793.6000,2799.0000,2799.2000,2799.6000,2800.0000,2800.2000,3,3,5,1,1,2,1,1,1,1
SF,IH2007,2020-06-02 09:30:45.500,2800.0000,5966,0,29365380.000,0,-,-,-,-,2796.6000,2796.4000,2796.2000,2794.0000,2793.8000,2799.2000,2799.6000,2800.0000,2800.2000,2800.6000,1,3,3,5,1,1,1,1,1,1
SF,IH2007,2020-06-02 09:30:46.000,2800.0000,5966,0,29365380.000,0,-,-,-,-,2796.8000,2796.4000,2796.2000,2794.0000,2793.8000,2799.2000,2799.6000,2800.0000,2800.2000,2800.6000,1,2,3,5,1,1,1,1,1,1
SF,IH2007,2020-06-02 09:30:46.500,2800.0000,5966,0,29365380.000,0,-,-,-,-,2796.8000,2796.4000,2796.2000,2794.0000,2793.8000,2799.0000,2799.2000,2799.6000,2800.0000,2800.2000,1,1,3,5,1,3,1,1,1,1
SF,IH2007,2020-06-02 09:30:47.000,2800.0000,5966,0,29365380.000,0,-,-,-,-,2796.8000,2796.4000,2796.2000,2794.0000,2793.8000,2799.2000,2799.6000,2800.0000,2800.2000,2800.6000,3,1,1,5,1,1,1,1,1,1
SF,IH2007,2020-06-02 09:30:47.500,2800.0000,5966,0,29365380.000,0,-,-,-,-,2796.8000,2796.2000,2794.0000,2793.8000,2793.6000,2799.0000,2799.2000,2799.6000,2800.0000,2800.2000,3,1,5,1,1,3,1,1,1,1
SF,IH2007,2020-06-02 09:30:48.000,2800.0000,5966,0,29365380.000,0,-,-,-,-,2797.0000,2796.8000,2796.2000,2794.0000,2793.8000,2799.0000,2799.2000,2799.6000,2800.0000,2800.2000,1,3,1,5,1,3,1,1,1,1
SF,IH2007,2020-06-02 09:30:48.500,2800.0000,5966,0,29365380.000,0,-,-,-,-,2797.2000,2797.0000,2796.8000,2796.2000,2794.0000,2799.0000,2799.2000,2799.6000,2800.0000,2800.2000,1,1,2,1,5,3,1,1,2,1
SF,IH2007,2020-06-02 09:30:49.000,2800.0000,5966,0,29365380.000,0,-,-,-,-,2797.2000,2797.0000,2796.8000,2796.2000,2794.0000,2799.0000,2799.2000,2799.6000,2800.0000,2800.6000,1,1,2,1,5,3,1,1,2,1
SF,IH2007,2020-06-02 09:30:49.500,2800.0000,5966,0,29365380.000,0,-,-,-,-,2797.2000,2797.0000,2796.8000,2796.2000,2794.0000,2798.6000,2799.0000,2799.2000,2799.6000,2800.0000,1,1,2,1,5,1,3,1,1,2
SF,IH2007,2020-06-02 09:30:50.000,2800.0000,5966,0,29365380.000,0,-,-,-,-,2797.2000,2796.8000,2796.2000,2794.0000,2793.8000,2798.6000,2799.0000,2799.2000,2799.6000,2800.0000,1,2,1,5,1,1,3,1,1,2
SF,IH2007,2020-06-02 09:30:50.500,2800.0000,5966,0,29365380.000,0,-,-,-,-,2797.2000,2796.8000,2796.2000,2794.0000,2793.8000,2799.0000,2799.2000,2799.6000,2800.0000,2800.6000,1,2,1,5,1,3,1,1,2,1
SF,IH2007,2020-06-02 09:30:51.000,2800.0000,5966,0,29365380.000,0,-,-,-,-,2797.2000,2796.8000,2796.2000,2794.0000,2793.8000,2798.6000,2799.0000,2799.2000,2799.6000,2800.0000,1,1,1,5,1,1,3,1,1,2
SF,IH2007,2020-06-02 09:30:53.500,2800.0000,5966,0,29365380.000,0,-,-,-,-,2797.2000,2796.2000,2794.0000,2793.8000,2793.6000,2798.6000,2799.0000,2799.2000,2799.6000,2800.0000,1,1,5,1,1,1,3,1,1,2
SF,IH2007,2020-06-02 09:30:54.000,2800.0000,5966,0,29365380.000,0,-,-,-,-,2797.2000,2796.2000,2794.0000,2793.8000,2793.6000,2798.6000,2799.0000,2799.2000,2799.6000,2800.0000,1,1,5,1,1,2,3,1,1,2
SF,IH2007,2020-06-02 09:30:54.500,2797.2000,5965,-1,30204540.000,1,0,1,双平,S,2796.2000,2794.0000,2793.8000,2793.6000,2791.4000,2797.2000,2798.6000,2799.0000,2799.2000,2799.6000,1,5,1,1,2,1,2,3,1,1
SF,IH2007,2020-06-02 09:30:55.000,2797.2000,5965,0,30204540.000,0,-,-,-,-,2796.4000,2796.2000,2794.0000,2793.8000,2793.6000,2797.2000,2798.6000,2799.0000,2799.2000,2799.6000,1,3,5,1,1,1,2,3,1,1
SF,IH2007,2020-06-02 09:30:55.500,2797.2000,5965,0,30204540.000,0,-,-,-,-,2796.4000,2796.2000,2794.0000,2793.8000,2793.6000,2797.2000,2798.6000,2799.0000,2799.2000,2799.6000,2,2,5,1,1,2,2,3,1,1
SF,IH2007,2020-06-02 09:30:56.000,2797.2000,5965,0,30204540.000,0,-,-,-,-,2796.4000,2796.2000,2794.0000,2793.8000,2793.6000,2797.2000,2798.6000,2799.0000,2799.2000,2799.6000,3,1,5,1,1,2,2,3,1,1
SF,IH2007,2020-06-02 09:30:57.000,2797.2000,5965,0,30204540.000,0,-,-,-,-,2796.4000,2796.2000,2794.0000,2793.8000,2793.6000,2797.2000,2798.6000,2799.0000,2799.2000,2799.6000,3,1,5,1,1,1,2,3,1,1
SF,IH2007,2020-06-02 09:30:57.500,2797.2000,5964,-1,31043700.000,1,0,1,双平,S,2796.4000,2796.2000,2794.0000,2793.8000,2793.6000,2798.6000,2799.0000,2799.2000,2799.6000,2800.0000,3,1,5,1,1,2,3,1,1,2
SF,IH2007,2020-06-02 09:30:58.000,2797.2000,5964,0,31043700.000,0,-,-,-,-,2796.6000,2796.4000,2796.2000,2794.0000,2793.8000,2797.4000,2798.6000,2799.0000,2799.2000,2799.6000,2,3,1,5,1,1,2,2,1,1
SF,IH2007,2020-06-02 09:30:58.500,2797.4000,5963,-1,31882920.000,1,0,1,双平,S,2796.8000,2796.6000,2796.4000,2796.2000,2794.0000,2798.6000,2799.0000,2799.2000,2799.6000,2800.0000,1,2,1,1,5,2,2,1,1,2
SF,IH2007,2020-06-02 09:30:59.000,2797.4000,5963,0,31882920.000,0,-,-,-,-,2796.8000,2796.6000,2796.4000,2796.2000,2796.0000,2798.4000,2798.6000,2799.0000,2799.2000,2799.6000,1,2,1,1,1,1,2,2,1,1
SF,IH2007,2020-06-02 09:31:00.000,2797.4000,5963,0,31882920.000,0,-,-,-,-,2796.8000,2796.6000,2796.4000,2796.2000,2796.0000,2797.6000,2797.8000,2798.4000,2798.6000,2799.0000,1,2,1,1,1,1,1,2,1,2
SF,IH2007,2020-06-02 09:31:00.500,2797.6000,5962,-1,32722200.000,1,0,1,双平,S,2796.6000,2796.4000,2796.2000,2796.0000,2794.0000,2798.4000,2798.6000,2799.0000,2799.6000,2800.0000,2,1,1,1,5,1,1,2,1,2
SF,IH2007,2020-06-02 09:31:01.000,2797.6000,5962,0,32722200.000,0,-,-,-,-,2796.8000,2796.6000,2796.4000,2796.2000,2796.0000,2798.4000,2798.6000,2799.0000,2799.6000,2800.0000,1,2,1,1,1,1,1,2,1,2
SF,IH2007,2020-06-02 09:31:01.500,2797.6000,5962,0,32722200.000,0,-,-,-,-,2796.8000,2796.6000,2796.4000,2796.2000,2796.0000,2798.2000,2798.4000,2798.6000,2799.0000,2799.6000,1,2,1,1,1,2,1,1,2,1
SF,IH2007,2020-06-02 09:31:02.000,2796.6000,5959,-3,35239200.000,3,0,3,双平,S,2796.4000,2796.2000,2796.0000,2794.0000,2793.8000,2798.0000,2798.2000,2798.4000,2798.6000,2799.0000,1,1,1,5,1,1,2,1,1,2
SF,IH2007,2020-06-02 09:31:02.500,2796.4000,5958,-1,36078120.000,1,0,1,双平,S,2796.2000,2796.0000,2794.0000,2793.8000,2793.6000,2796.4000,2797.8000,2798.0000,2798.2000,2798.4000,1,1,5,1,1,1,1,1,2,1
SF,IH2007,2020-06-02 09:31:03.000,2796.2000,5956,-2,37755900.000,2,0,2,双平,S,2796.0000,2794.0000,2793.8000,2793.6000,2791.4000,2797.8000,2798.0000,2798.2000,2798.4000,2798.6000,1,5,1,1,2,2,2,2,1,1
SF,IH2007,2020-06-02 09:31:03.500,2796.0000,5955,-1,38594700.000,1,0,1,双平,S,2794.0000,2793.8000,2791.4000,2791.2000,2791.0000,2796.0000,2797.6000,2797.8000,2798.0000,2798.4000,5,1,2,3,1,1,3,2,1,1
SF,IH2007,2020-06-02 09:31:04.000,2796.0000,5955,0,38594700.000,0,-,-,-,-,2794.2000,2794.0000,2793.8000,2791.4000,2791.2000,2797.6000,2797.8000,2798.0000,2798.4000,2798.6000,3,2,1,2,3,3,2,1,1,1
SF,IH2007,2020-06-02 09:31:04.500,2796.0000,5955,0,38594700.000,0,-,-,-,-,2794.4000,2794.2000,2794.0000,2793.8000,2791.4000,2796.8000,2797.4000,2797.6000,2797.8000,2798.0000,1,5,2,1,2,2,2,3,2,1
SF,IH2007,2020-06-02 09:31:05.000,2796.0000,5955,0,38594700.000,0,-,-,-,-,2794.6000,2794.4000,2794.2000,2794.0000,2793.8000,2796.8000,2797.4000,2797.6000,2797.8000,2798.0000,2,4,1,2,1,2,2,2,2,1
SF,IH2007,2020-06-02 09:31:05.500,2796.0000,5955,0,38594700.000,0,-,-,-,-,2794.8000,2794.6000,2794.4000,2794.0000,2793.8000,2796.6000,2796.8000,2797.4000,2797.6000,2797.8000,1,2,3,1,1,1,2,2,2,2
SF,IH2007,2020-06-02 09:31:06.000,2796.0000,5955,0,38594700.000,0,-,-,-,-,2794.8000,2794.6000,2794.4000,2794.0000,2793.8000,2796.6000,2796.8000,2797.4000,2797.6000,2797.8000,1,2,3,1,1,1,2,2,2,1
SF,IH2007,2020-06-02 09:31:07.000,2796.0000,5955,0,38594700.000,0,-,-,-,-,2794.8000,2794.6000,2794.4000,2794.0000,2793.8000,2796.6000,2796.8000,2797.4000,2797.6000,2797.8000,1,1,3,1,1,1,2,2,2,1
SF,IH2007,2020-06-02 09:31:07.500,2796.0000,5955,0,38594700.000,0,-,-,-,-,2795.0000,2794.8000,2794.6000,2794.4000,2794.0000,2796.6000,2796.8000,2797.6000,2797.8000,2798.0000,1,2,1,2,1,1,2,2,1,1
SF,IH2007,2020-06-02 09:31:08.000,2796.0000,5955,0,38594700.000,0,-,-,-,-,2795.0000,2794.8000,2794.6000,2794.4000,2794.0000,2796.6000,2796.8000,2797.6000,2797.8000,2798.0000,7,2,1,2,1,1,2,2,1,1
SF,IH2007,2020-06-02 09:31:08.500,2796.0000,5955,0,38594700.000,0,-,-,-,-,2795.2000,2795.0000,2794.8000,2794.4000,2794.0000,2796.6000,2796.8000,2797.6000,2797.8000,2798.0000,1,9,2,2,1,1,2,2,1,1
SF,IH2007,2020-06-02 09:31:09.000,2796.0000,5955,0,38594700.000,0,-,-,-,-,2795.4000,2795.2000,2795.0000,2794.8000,2794.4000,2796.6000,2796.8000,2797.6000,2797.8000,2798.0000,1,1,9,2,2,1,2,2,1,1
SF,IH2007,2020-06-02 09:31:10.500,2796.0000,5955,0,38594700.000,0,-,-,-,-,2795.6000,2795.4000,2795.2000,2795.0000,2794.8000,2796.6000,2796.8000,2797.6000,2797.8000,2798.0000,1,3,1,9,1,1,2,2,1,1
SF,IH2007,2020-06-02 09:31:11.000,2796.0000,5955,0,38594700.000,0,-,-,-,-,2795.8000,2795.4000,2795.2000,2795.0000,2794.8000,2796.6000,2797.6000,2797.8000,2798.0000,2798.4000,1,3,1,9,1,1,2,1,1,1
SF,IH2007,2020-06-02 09:31:11.500,2796.6000,5954,-1,39433680.000,1,0,1,双平,S,2795.8000,2795.4000,2795.2000,2795.0000,2794.8000,2797.6000,2797.8000,2798.0000,2798.4000,2798.6000,1,3,1,9,1,2,1,1,1,1
SF,IH2007,2020-06-02 09:31:12.000,2796.6000,5954,0,39433680.000,0,-,-,-,-,2796.0000,2795.8000,2795.4000,2795.2000,2795.0000,2797.2000,2797.4000,2797.6000,2797.8000,2798.0000,1,1,3,1,9,2,1,2,1,1
SF,IH2007,2020-06-02 09:31:12.500,2796.6000,5954,0,39433680.000,0,-,-,-,-,2795.8000,2795.4000,2795.2000,2795.0000,2794.8000,2797.2000,2797.4000,2797.6000,2797.8000,2798.0000,1,3,1,9,1,2,1,2,1,1
SF,IH2007,2020-06-02 09:31:13.000,2796.6000,5954,0,39433680.000,0,-,-,-,-,2796.0000,2795.8000,2795.4000,2795.0000,2794.8000,2797.2000,2797.4000,2797.6000,2797.8000,2798.0000,1,1,3,9,1,2,1,2,1,1
SF,IH2007,2020-06-02 09:31:13.500,2796.6000,5954,0,39433680.000,0,-,-,-,-,2796.2000,2796.0000,2795.8000,2795.4000,2795.0000,2797.4000,2797.6000,2797.8000,2798.0000,2798.4000,1,1,1,3,9,1,2,1,1,1
SF,IH2007,2020-06-02 09:31:14.500,2797.6000,5952,-2,41112180.000,2,0,2,双平,S,2796.2000,2796.0000,2795.8000,2795.4000,2795.0000,2797.6000,2797.8000,2798.0000,2798.4000,2798.6000,1,1,1,3,9,1,1,1,1,1
SF,IH2007,2020-06-02 09:31:15.000,2797.6000,5952,0,41951460.000,1,0,1,多换,S,2796.4000,2796.2000,2795.8000,2795.4000,2795.0000,2798.0000,2798.4000,2798.6000,2799.4000,2800.0000,2,3,1,2,9,1,1,1,1,1
SF,IH2007,2020-06-02 09:31:15.500,2797.6000,5952,0,41951460.000,0,-,-,-,-,2796.6000,2796.4000,2796.2000,2795.8000,2795.4000,2798.0000,2798.4000,2798.6000,2799.4000,2800.0000,1,2,3,1,2,1,1,1,1,1
SF,IH2007,2020-06-02 09:31:16.000,2797.6000,5952,0,41951460.000,0,-,-,-,-,2796.8000,2796.6000,2796.4000,2796.2000,2795.8000,2798.0000,2798.6000,2799.4000,2800.0000,2800.6000,1,1,1,3,1,1,1,1,1,1
SF,IH2007,2020-06-02 09:31:16.500,2797.6000,5952,0,41951460.000,0,-,-,-,-,2796.8000,2796.6000,2796.4000,2796.2000,2795.8000,2798.0000,2798.6000,2799.4000,2800.0000,2800.6000,1,1,1,3,1,1,1,1,1,1
SF,IH2007,2020-06-02 09:31:17.000,2797.6000,5952,0,41951460.000,0,-,-,-,-,2796.8000,2796.6000,2796.4000,2796.2000,2795.8000,2798.0000,2798.6000,2799.4000,2800.0000,2800.6000,1,1,1,3,1,1,1,1,1,1
SF,IH2007,2020-06-02 09:31:17.500,2797.6000,5952,0,41951460.000,0,-,-,-,-,2796.8000,2796.6000,2796.2000,2795.4000,2795.0000,2798.0000,2798.6000,2799.4000,2800.0000,2800.6000,1,1,3,1,8,1,1,1,1,1
SF,IH2007,2020-06-02 09:31:18.000,2797.6000,5952,0,41951460.000,0,-,-,-,-,2796.8000,2796.6000,2796.2000,2795.4000,2795.0000,2798.0000,2798.6000,2799.4000,2800.0000,2800.6000,1,1,2,1,8,1,1,1,1,1
SF,IH2007,2020-06-02 09:31:18.500,2797.6000,5952,0,41951460.000,0,-,-,-,-,2796.8000,2796.2000,2795.4000,2795.0000,2794.8000,2798.0000,2798.6000,2799.4000,2800.0000,2800.6000,1,2,1,8,1,1,1,1,1,1
SF,IH2007,2020-06-02 09:31:19.000,2797.6000,5952,0,41951460.000,0,-,-,-,-,2796.8000,2796.2000,2795.4000,2795.0000,2794.8000,2798.6000,2799.4000,2800.0000,2800.6000,2800.8000,1,2,1,8,1,1,1,1,1,1
SF,IH2007,2020-06-02 09:31:19.500,2797.6000,5952,0,41951460.000,0,-,-,-,-,2797.0000,2796.8000,2796.2000,2795.4000,2795.0000,2798.4000,2798.6000,2799.4000,2800.0000,2800.6000,1,1,2,1,8,1,1,1,1,2
SF,IH2007,2020-06-02 09:31:20.000,2797.6000,5952,0,41951460.000,0,-,-,-,-,2797.2000,2797.0000,2796.2000,2795.4000,2795.0000,2798.4000,2798.6000,2799.4000,2800.0000,2800.6000,1,1,2,1,8,1,1,1,1,2
SF,IH2007,2020-06-02 09:31:20.500,2797.6000,5952,0,41951460.000,0,-,-,-,-,2797.2000,2797.0000,2796.2000,2795.4000,2795.0000,2798.4000,2798.6000,2799.4000,2800.0000,2800.6000,1,1,2,1,8,1,1,1,1,2
SF,IH2007,2020-06-02 09:31:21.000,2797.6000,5952,0,41951460.000,0,-,-,-,-,2797.2000,2797.0000,2796.2000,2795.4000,2795.0000,2798.4000,2798.6000,2799.4000,2800.0000,2800.6000,1,1,2,1,8,1,1,1,1,2
SF,IH2007,2020-06-02 09:31:24.000,2797.6000,5952,0,41951460.000,0,-,-,-,-,2797.2000,2797.0000,2796.2000,2795.4000,2795.0000,2798.0000,2798.4000,2798.6000,2799.4000,2800.0000,1,1,2,1,8,1,1,1,1,1
SF,IH2007,2020-06-02 09:31:24.500,2798.0000,5952,0,42790860.000,1,0,1,多换,S,2797.2000,2796.2000,2795.4000,2795.0000,2794.8000,2798.6000,2799.4000,2800.0000,2800.6000,2800.8000,1,2,1,8,1,1,1,1,1,1
SF,IH2007,2020-06-02 09:31:25.000,2798.0000,5952,0,42790860.000,0,-,-,-,-,2797.2000,2796.2000,2795.4000,2795.0000,2794.8000,2798.6000,2799.4000,2800.0000,2800.4000,2800.8000,1,2,1,8,1,1,1,1,1,1
SF,IH2007,2020-06-02 09:31:25.500,2798.0000,5952,0,42790860.000,0,-,-,-,-,2798.4000,2797.2000,2796.2000,2795.4000,2795.0000,2798.6000,2799.4000,2800.0000,2800.4000,2800.8000,1,1,2,1,8,1,1,1,1,1
SF,IH2007,2020-06-02 09:31:26.000,2798.4000,5952,0,43630380.000,1,0,1,多换,S,2797.2000,2796.2000,2795.4000,2795.0000,2794.8000,2798.4000,2798.6000,2799.4000,2800.0000,2800.4000,1,2,1,8,1,1,1,1,1,1
SF,IH2007,2020-06-02 09:31:26.500,2798.4000,5952,0,43630380.000,0,-,-,-,-,2797.2000,2796.2000,2795.4000,2795.0000,2794.8000,2798.6000,2799.4000,2800.0000,2800.4000,2800.8000,1,2,1,8,1,1,1,1,1,1
SF,IH2007,2020-06-02 09:31:27.500,2798.4000,5952,0,43630380.000,0,-,-,-,-,2797.4000,2797.2000,2796.2000,2795.4000,2795.0000,2798.6000,2799.4000,2800.0000,2800.4000,2800.8000,1,1,2,1,8,1,1,1,1,1
SF,IH2007,2020-06-02 09:31:28.000,2798.4000,5952,0,43630380.000,0,-,-,-,-,2797.6000,2797.4000,2797.2000,2796.2000,2795.4000,2798.6000,2799.4000,2800.0000,2800.4000,2800.8000,1,1,1,1,1,1,1,1,1,1
SF,IH2007,2020-06-02 09:31:30.500,2798.4000,5952,0,43630380.000,0,-,-,-,-,2797.6000,2797.4000,2797.2000,2796.2000,2795.4000,2798.6000,2799.4000,2800.0000,2800.4000,2800.8000,1,1,1,1,1,1,1,1,1,1
SF,IH2007,2020-06-02 09:31:31.000,2798.4000,5952,0,43630380.000,0,-,-,-,-,2797.6000,2797.2000,2796.2000,2795.4000,2795.0000,2798.6000,2799.4000,2800.0000,2800.4000,2800.8000,1,1,1,1,8,1,1,1,1,1
SF,IH2007,2020-06-02 09:31:31.500,2798.4000,5952,0,43630380.000,0,-,-,-,-,2797.6000,2797.2000,2796.2000,2795.4000,2795.0000,2798.6000,2799.4000,2800.0000,2800.4000,2800.8000,1,1,1,1,8,1,1,1,1,1
SF,IH2007,2020-06-02 09:31:32.000,2798.4000,5952,0,43630380.000,0,-,-,-,-,2797.2000,2796.2000,2795.4000,2795.0000,2793.8000,2798.6000,2799.4000,2800.0000,2800.4000,2800.8000,1,1,1,8,1,1,1,1,1,1
SF,IH2007,2020-06-02 09:31:33.500,2798.6000,5951,-1,44469960.000,1,0,1,双平,S,2797.2000,2796.2000,2795.4000,2795.0000,2793.8000,2799.4000,2800.0000,2800.4000,2800.8000,2802.0000,1,1,1,8,1,1,1,1,1,1
SF,IH2007,2020-06-02 09:31:34.000,2798.6000,5951,0,44469960.000,0,-,-,-,-,2798.0000,2797.2000,2796.2000,2795.4000,2795.0000,2798.8000,2799.2000,2799.4000,2800.0000,2800.4000,1,1,1,1,8,2,3,1,1,1
SF,IH2007,2020-06-02 09:31:34.500,2798.0000,5951,0,45309360.000,1,0,1,多换,S,2797.2000,2796.2000,2795.4000,2795.0000,2793.8000,2798.8000,2799.2000,2799.4000,2800.0000,2800.4000,1,1,1,8,1,2,3,1,1,1
SF,IH2007,2020-06-02 09:31:35.000,2798.0000,5951,0,45309360.000,0,-,-,-,-,2797.4000,2797.2000,2796.2000,2795.4000,2795.0000,2798.8000,2799.2000,2799.4000,2800.0000,2800.4000,1,1,1,1,8,2,2,1,1,1
SF,IH2007,2020-06-02 09:31:35.500,2798.8000,5950,-1,46149000.000,1,0,1,双平,S,2797.6000,2797.4000,2796.2000,2795.4000,2795.0000,2799.4000,2800.0000,2800.4000,2800.8000,2802.0000,1,1,1,1,8,1,1,1,1,1
SF,IH2007,2020-06-02 09:31:36.000,2798.8000,5950,0,46149000.000,0,-,-,-,-,2797.8000,2797.6000,2797.4000,2796.2000,2795.4000,2799.4000,2800.4000,2800.8000,2802.0000,2803.8000,1,1,1,1,1,1,1,1,1,2
SF,IH2007,2020-06-02 09:31:36.500,2798.8000,5950,0,46149000.000,0,-,-,-,-,2798.0000,2797.8000,2797.4000,2796.2000,2795.4000,2799.4000,2799.8000,2800.4000,2800.8000,2802.0000,2,1,1,1,1,1,1,1,1,1
SF,IH2007,2020-06-02 09:31:37.000,2798.8000,5950,0,46149000.000,0,-,-,-,-,2798.0000,2797.8000,2796.2000,2795.4000,2795.0000,2799.4000,2799.8000,2800.4000,2800.8000,2802.0000,2,1,1,1,8,1,1,1,1,1
SF,IH2007,2020-06-02 09:31:37.500,2798.8000,5950,0,46149000.000,0,-,-,-,-,2798.0000,2797.8000,2796.2000,2795.4000,2795.0000,2799.4000,2799.8000,2800.4000,2800.8000,2802.0000,1,1,1,1,8,1,1,1,1,1
SF,IH2007,2020-06-02 09:31:38.500,2799.4000,5949,-1,46988820.000,1,0,1,双平,S,2798.0000,2797.8000,2796.2000,2795.4000,2795.0000,2799.8000,2800.4000,2800.8000,2801.8000,2802.0000,1,1,1,1,8,1,1,1,1,1
SF,IH2007,2020-06-02 09:31:39.000,2799.4000,5949,0,46988820.000,0,-,-,-,-,2798.2000,2798.0000,2796.2000,2795.4000,2795.0000,2799.4000,2799.8000,2800.4000,2800.8000,2801.8000,1,1,1,1,8,1,1,1,1,1
SF,IH2007,2020-06-02 09:31:39.500,2799.4000,5949,0,46988820.000,0,-,-,-,-,2798.0000,2796.2000,2795.4000,2795.0000,2793.8000,2799.4000,2799.8000,2800.4000,2800.8000,2802.0000,1,1,1,8,1,1,1,1,1,1
SF,IH2007,2020-06-02 09:31:40.000,2799.4000,5949,0,46988820.000,0,-,-,-,-,2798.0000,2796.2000,2795.4000,2795.0000,2793.8000,2799.4000,2799.8000,2800.4000,2800.8000,2802.0000,1,1,1,8,1,1,1,1,1,1
SF,IH2007,2020-06-02 09:31:40.500,2799.4000,5949,0,46988820.000,0,-,-,-,-,2798.0000,2796.2000,2795.4000,2795.0000,2793.8000,2799.4000,2799.8000,2800.4000,2800.8000,2802.0000,1,1,1,8,1,1,1,1,1,1
SF,IH2007,2020-06-02 09:31:41.500,2799.4000,5949,0,46988820.000,0,-,-,-,-,2798.2000,2798.0000,2796.2000,2795.0000,2793.8000,2799.4000,2800.4000,2800.8000,2802.0000,2803.8000,1,1,1,8,1,1,1,1,1,2
SF,IH2007,2020-06-02 09:31:42.000,2798.2000,5948,-1,47828280.000,1,0,1,双平,S,2798.0000,2796.2000,2795.0000,2793.8000,2791.4000,2799.4000,2800.4000,2800.8000,2802.0000,2803.8000,1,1,8,1,2,1,1,1,1,2
SF,IH2007,2020-06-02 09:31:42.500,2798.2000,5948,0,47828280.000,0,-,-,-,-,2798.0000,2796.2000,2795.0000,2793.8000,2791.4000,2799.4000,2800.4000,2800.8000,2802.0000,2803.8000,1,1,8,1,2,1,1,1,1,2
SF,IH2007,2020-06-02 09:31:45.000,2798.0000,5947,-1,48667680.000,1,0,1,双平,S,2796.2000,2795.0000,2793.8000,2791.4000,2791.2000,2798.0000,2799.4000,2800.4000,2800.8000,2802.0000,1,8,1,2,3,1,1,1,1,1
SF,IH2007,2020-06-02 09:31:45.500,2798.0000,5947,0,48667680.000,0,-,-,-,-,2796.4000,2796.2000,2795.0000,2793.8000,2791.4000,2798.0000,2799.4000,2800.8000,2802.0000,2803.8000,11,2,8,1,2,1,1,1,1,2
SF,IH2007,2020-06-02 09:31:46.000,2798.0000,5947,0,48667680.000,0,-,-,-,-,2796.4000,2795.0000,2793.8000,2791.4000,2791.2000,2798.0000,2799.4000,2800.8000,2802.0000,2803.8000,13,8,1,2,3,1,1,1,1,2
SF,IH2007,2020-06-02 09:31:46.500,2798.0000,5947,0,48667680.000,0,-,-,-,-,2796.4000,2795.0000,2793.8000,2791.4000,2791.2000,2798.0000,2799.4000,2800.8000,2802.0000,2803.8000,11,8,1,2,3,1,1,1,1,2
SF,IH2007,2020-06-02 09:31:47.000,2798.0000,5947,0,48667680.000,0,-,-,-,-,2796.4000,2795.0000,2793.8000,2791.4000,2791.2000,2798.0000,2799.4000,2800.8000,2802.0000,2803.8000,11,8,1,2,3,1,1,1,1,2
SF,IH2007,2020-06-02 09:31:47.500,2798.0000,5947,0,48667680.000,0,-,-,-,-,2796.4000,2795.0000,2793.8000,2791.4000,2791.2000,2798.0000,2799.4000,2800.8000,2802.0000,2803.8000,8,8,1,2,3,1,1,1,1,2
SF,IH2007,2020-06-02 09:31:48.500,2798.0000,5947,0,48667680.000,0,-,-,-,-,2796.4000,2795.0000,2793.8000,2791.4000,2791.2000,2798.0000,2799.4000,2800.8000,2802.0000,2803.8000,6,8,1,2,3,1,1,1,1,2
SF,IH2007,2020-06-02 09:31:49.500,2798.0000,5947,0,48667680.000,0,-,-,-,-,2796.6000,2796.4000,2795.0000,2793.8000,2791.4000,2798.0000,2799.4000,2800.8000,2802.0000,2803.8000,1,6,8,1,2,1,1,1,1,2
SF,IH2007,2020-06-02 09:31:50.000,2796.8000,5947,0,49506720.000,1,0,1,多换,S,2796.8000,2796.6000,2796.4000,2795.0000,2793.8000,2798.0000,2799.4000,2800.8000,2802.0000,2803.8000,2,2,3,8,1,1,1,1,1,2
SF,IH2007,2020-06-02 09:31:52.000,2796.8000,5947,0,49506720.000,0,-,-,-,-,2796.8000,2796.6000,2796.4000,2795.0000,2793.8000,2798.0000,2799.4000,2800.8000,2802.0000,2803.8000,2,1,3,8,1,1,1,1,1,2
SF,IH2007,2020-06-02 09:31:52.500,2796.8000,5947,0,49506720.000,0,-,-,-,-,2796.8000,2796.6000,2796.4000,2795.0000,2793.8000,2798.0000,2799.4000,2800.8000,2802.0000,2803.8000,2,1,2,8,1,1,1,1,1,2
SF,IH2007,2020-06-02 09:31:53.000,2796.8000,5947,0,49506720.000,0,-,-,-,-,2797.0000,2796.8000,2796.6000,2796.4000,2795.0000,2798.0000,2799.4000,2800.8000,2802.0000,2803.8000,1,2,1,2,8,1,1,1,1,2
SF,IH2007,2020-06-02 09:31:53.500,2796.8000,5947,0,49506720.000,0,-,-,-,-,2796.8000,2796.4000,2795.0000,2793.8000,2791.4000,2798.0000,2799.4000,2800.8000,2802.0000,2803.8000,2,2,8,1,2,1,1,1,1,2
SF,IH2007,2020-06-02 09:31:54.000,2796.8000,5947,0,49506720.000,0,-,-,-,-,2797.0000,2796.8000,2796.4000,2795.0000,2793.8000,2798.0000,2799.4000,2800.8000,2802.0000,2803.8000,1,2,2,8,1,1,1,1,1,2
SF,IH2007,2020-06-02 09:31:55.000,2796.8000,5947,0,49506720.000,0,-,-,-,-,2797.0000,2796.8000,2796.4000,2795.0000,2793.8000,2798.0000,2799.4000,2800.8000,2802.0000,2803.8000,1,2,2,8,1,1,1,1,1,2
SF,IH2007,2020-06-02 09:31:55.500,2798.0000,5946,-1,51185220.000,2,0,2,多平,S,2798.0000,2796.8000,2796.4000,2795.0000,2793.8000,2799.4000,2800.8000,2802.0000,2803.8000,2804.4000,9,2,2,8,1,1,1,1,2,6
SF,IH2007,2020-06-02 09:31:56.000,2798.0000,5946,0,58739820.000,9,4,5,多换,S,2796.8000,2796.4000,2795.0000,2793.8000,2791.4000,2797.0000,2798.0000,2798.2000,2798.8000,2799.0000,1,2,8,1,2,1,1,1,1,1
SF,IH2007,2020-06-02 09:31:56.500,2797.0000,5946,0,59578920.000,1,0,1,多换,S,2797.0000,2796.8000,2796.4000,2795.0000,2793.8000,2798.0000,2798.8000,2799.0000,2799.2000,2799.4000,1,1,2,8,1,1,1,1,5,1
SF,IH2007,2020-06-02 09:31:57.000,2797.0000,5946,0,59578920.000,0,-,-,-,-,2797.0000,2796.4000,2795.0000,2793.8000,2791.4000,2798.0000,2798.8000,2799.0000,2799.2000,2799.4000,1,2,8,1,2,1,1,1,5,1
SF,IH2007,2020-06-02 09:31:57.500,2797.0000,5946,0,59578920.000,0,-,-,-,-,2796.4000,2795.0000,2793.8000,2791.4000,2791.2000,2798.0000,2798.8000,2799.0000,2799.2000,2799.4000,2,8,1,2,3,1,1,1,5,1
SF,IH2007,2020-06-02 09:31:58.000,2797.0000,5946,0,59578920.000,0,-,-,-,-,2796.6000,2796.4000,2795.0000,2793.8000,2791.4000,2798.0000,2798.8000,2799.0000,2799.2000,2799.4000,1,3,8,1,2,1,1,1,5,1
SF,IH2007,2020-06-02 09:31:59.500,2797.0000,5946,0,59578920.000,0,-,-,-,-,2796.6000,2796.4000,2795.0000,2793.8000,2791.4000,2798.8000,2799.0000,2799.2000,2799.4000,2800.8000,1,3,8,1,2,1,1,5,1,1
SF,IH2007,2020-06-02 09:32:00.000,2797.0000,5946,0,59578920.000,0,-,-,-,-,2796.8000,2796.4000,2795.0000,2793.8000,2791.4000,2798.6000,2798.8000,2799.0000,2799.2000,2800.6000,1,2,8,1,2,1,1,1,4,1
SF,IH2007,2020-06-02 09:32:00.500,2797.0000,5946,0,59578920.000,0,-,-,-,-,2796.8000,2796.4000,2795.0000,2793.8000,2791.4000,2798.4000,2798.8000,2799.0000,2799.2000,2800.6000,1,2,8,1,2,1,1,1,4,1
SF,IH2007,2020-06-02 09:32:01.000,2797.0000,5946,0,59578920.000,0,-,-,-,-,2796.8000,2796.4000,2795.0000,2793.8000,2791.4000,2798.0000,2798.2000,2798.4000,2798.8000,2799.0000,1,2,8,1,2,1,1,2,1,1
SF,IH2007,2020-06-02 09:32:01.500,2797.0000,5946,0,59578920.000,0,-,-,-,-,2796.8000,2796.4000,2795.0000,2793.8000,2791.4000,2798.4000,2798.8000,2799.0000,2799.2000,2800.8000,1,2,8,1,2,1,1,1,4,1
SF,IH2007,2020-06-02 09:32:02.000,2797.0000,5946,0,59578920.000,0,-,-,-,-,2796.8000,2796.4000,2795.0000,2793.8000,2791.4000,2798.2000,2798.4000,2798.8000,2799.0000,2799.2000,1,2,8,1,2,1,1,1,1,4
SF,IH2007,2020-06-02 09:32:05.000,2798.2000,5945,-1,60418380.000,1,0,1,双平,S,2796.8000,2796.4000,2795.0000,2793.8000,2791.4000,2798.4000,2798.8000,2799.0000,2799.2000,2800.8000,1,2,8,1,2,1,1,1,4,1
SF,IH2007,2020-06-02 09:32:05.500,2798.2000,5945,0,60418380.000,0,-,-,-,-,2797.0000,2796.8000,2796.4000,2795.0000,2793.8000,2799.2000,2800.8000,2802.0000,2803.8000,2804.4000,3,2,1,8,1,1,1,1,2,6
SF,IH2007,2020-06-02 09:32:06.000,2798.2000,5945,0,60418380.000,0,-,-,-,-,2797.2000,2797.0000,2796.8000,2796.4000,2795.0000,2799.2000,2800.8000,2802.0000,2803.8000,2804.4000,1,3,1,1,8,1,2,1,2,6
SF,IH2007,2020-06-02 09:32:06.500,2798.2000,5945,0,60418380.000,0,-,-,-,-,2797.2000,2797.0000,2796.8000,2796.4000,2795.0000,2799.0000,2799.2000,2800.8000,2802.0000,2803.8000,1,1,1,1,8,1,1,2,1,2
SF,IH2007,2020-06-02 09:32:07.000,2798.2000,5945,0,60418380.000,0,-,-,-,-,2797.2000,2796.8000,2796.4000,2795.0000,2793.8000,2799.0000,2799.2000,2800.8000,2802.0000,2803.8000,1,1,1,8,1,1,1,2,1,2
SF,IH2007,2020-06-02 09:32:08.000,2798.2000,5945,0,60418380.000,0,-,-,-,-,2797.2000,2796.8000,2796.4000,2795.0000,2793.8000,2798.8000,2799.0000,2799.2000,2800.8000,2802.0000,1,1,1,8,1,1,1,1,2,1
SF,IH2007,2020-06-02 09:32:08.500,2798.2000,5945,0,60418380.000,0,-,-,-,-,2797.4000,2797.2000,2796.8000,2796.4000,2795.0000,2798.8000,2799.0000,2799.2000,2800.8000,2802.0000,1,1,1,1,8,1,1,1,2,1
SF,IH2007,2020-06-02 09:32:10.500,2798.2000,5945,0,60418380.000,0,-,-,-,-,2797.4000,2797.2000,2796.8000,2796.4000,2795.0000,2798.6000,2798.8000,2799.0000,2799.2000,2800.8000,1,1,1,1,8,1,1,1,1,2
SF,IH2007,2020-06-02 09:32:11.000,2798.2000,5945,0,60418380.000,0,-,-,-,-,2797.2000,2796.8000,2796.4000,2795.0000,2793.8000,2798.6000,2799.0000,2799.2000,2800.8000,2802.0000,1,1,1,8,1,1,1,1,2,1
SF,IH2007,2020-06-02 09:32:13.000,2798.6000,5945,0,61257960.000,1,0,1,多换,S,2798.6000,2797.2000,2796.8000,2796.4000,2795.0000,2799.0000,2799.2000,2800.8000,2802.0000,2803.8000,2,1,1,1,8,1,1,2,1,2
SF,IH2007,2020-06-02 09:32:13.500,2798.6000,5945,0,62937120.000,2,1,1,多换,S,2797.2000,2796.8000,2796.4000,2795.0000,2793.8000,2798.6000,2799.0000,2799.2000,2800.8000,2802.0000,1,1,1,8,1,2,1,1,2,1
SF,IH2007,2020-06-02 09:32:14.000,2798.6000,5945,0,62937120.000,0,-,-,-,-,2797.2000,2796.8000,2796.4000,2795.0000,2793.8000,2798.6000,2799.0000,2799.2000,2800.8000,2802.0000,1,1,1,8,1,1,1,1,2,1
SF,IH2007,2020-06-02 09:32:14.500,2798.6000,5945,0,62937120.000,0,-,-,-,-,2797.4000,2797.2000,2796.8000,2796.4000,2795.0000,2798.6000,2799.0000,2799.2000,2800.8000,2802.0000,1,1,1,1,8,1,1,1,2,1
SF,IH2007,2020-06-02 09:32:15.000,2798.6000,5945,0,62937120.000,0,-,-,-,-,2797.6000,2797.4000,2797.2000,2796.8000,2796.4000,2798.6000,2799.0000,2799.2000,2800.8000,2802.0000,1,1,1,1,1,1,1,1,2,1
SF,IH2007,2020-06-02 09:32:15.500,2798.6000,5945,0,62937120.000,0,-,-,-,-,2797.8000,2797.6000,2797.4000,2797.2000,2796.8000,2798.6000,2799.0000,2799.2000,2800.8000,2802.0000,1,1,1,1,1,1,1,1,2,1
SF,IH2007,2020-06-02 09:32:17.000,2798.6000,5944,-1,63776700.000,1,0,1,双平,S,2797.8000,2797.6000,2797.4000,2797.2000,2796.8000,2799.0000,2799.2000,2800.8000,2802.0000,2803.8000,1,1,1,1,1,1,1,2,1,2
SF,IH2007,2020-06-02 09:32:17.500,2799.0000,5943,-1,64616400.000,1,0,1,双平,S,2797.8000,2797.6000,2797.4000,2797.2000,2796.8000,2800.8000,2802.0000,2803.8000,2804.0000,2804.4000,1,1,1,1,1,2,1,2,1,6
SF,IH2007,2020-06-02 09:32:18.000,2799.0000,5943,0,64616400.000,0,-,-,-,-,2798.0000,2796.8000,2796.4000,2793.8000,2791.4000,2799.4000,2800.0000,2800.6000,2800.8000,2802.0000,2,1,1,1,2,2,1,2,5,2
SF,IH2007,2020-06-02 09:32:18.500,2799.0000,5943,0,64616400.000,0,-,-,-,-,2798.0000,2796.8000,2796.4000,2793.8000,2791.4000,2800.0000,2800.6000,2800.8000,2802.0000,2803.8000,2,1,1,1,2,1,2,5,1,2
SF,IH2007,2020-06-02 09:32:19.000,2799.0000,5943,0,64616400.000,0,-,-,-,-,2798.2000,2798.0000,2796.8000,2796.4000,2793.8000,2799.8000,2800.0000,2800.6000,2800.8000,2802.0000,1,2,1,1,1,3,1,2,3,1
SF,IH2007,2020-06-02 09:32:19.500,2798.4000,5942,-1,65455920.000,1,0,1,双平,S,2798.2000,2798.0000,2796.8000,2796.4000,2793.8000,2799.8000,2800.0000,2800.6000,2800.8000,2802.0000,1,1,1,1,1,2,1,2,3,1
SF,IH2007,2020-06-02 09:32:21.000,2798.4000,5942,0,65455920.000,0,-,-,-,-,2798.4000,2798.2000,2798.0000,2796.8000,2796.4000,2799.8000,2800.0000,2800.6000,2800.8000,2802.0000,1,1,1,1,1,2,1,2,3,1
SF,IH2007,2020-06-02 09:32:21.500,2798.4000,5942,0,65455920.000,0,-,-,-,-,2798.6000,2798.4000,2798.2000,2796.8000,2796.4000,2799.8000,2800.6000,2800.8000,2802.0000,2803.8000,1,1,1,1,1,1,2,3,1,2
SF,IH2007,2020-06-02 09:32:22.000,2798.4000,5942,0,65455920.000,0,-,-,-,-,2798.8000,2798.6000,2798.4000,2798.2000,2796.8000,2800.6000,2800.8000,2802.0000,2803.8000,2804.0000,1,1,1,1,1,2,3,1,2,1
SF,IH2007,2020-06-02 09:32:22.500,2798.4000,5942,0,65455920.000,0,-,-,-,-,2799.0000,2798.8000,2798.4000,2796.8000,2796.4000,2800.6000,2800.8000,2802.0000,2802.2000,2803.8000,2,1,1,1,1,2,3,1,1,2
SF,IH2007,2020-06-02 09:32:23.000,2798.4000,5942,0,65455920.000,0,-,-,-,-,2799.0000,2798.8000,2796.8000,2796.4000,2793.8000,2799.8000,2800.4000,2800.6000,2800.8000,2802.0000,2,1,1,1,1,1,1,2,3,1
SF,IH2007,2020-06-02 09:32:23.500,2798.4000,5942,0,65455920.000,0,-,-,-,-,2799.0000,2796.8000,2796.4000,2793.8000,2791.4000,2800.4000,2800.6000,2800.8000,2802.0000,2803.8000,1,1,1,1,2,1,2,3,1,2
SF,IH2007,2020-06-02 09:32:24.000,2798.4000,5942,0,65455920.000,0,-,-,-,-,2796.8000,2796.4000,2793.8000,2791.4000,2791.2000,2799.0000,2800.0000,2800.2000,2800.4000,2800.6000,1,1,1,2,3,1,1,2,1,2
SF,IH2007,2020-06-02 09:32:24.500,2798.4000,5942,0,65455920.000,0,-,-,-,-,2797.0000,2796.8000,2793.8000,2791.4000,2791.2000,2799.0000,2800.0000,2800.2000,2800.4000,2800.6000,12,3,1,2,3,1,1,2,1,2
SF,IH2007,2020-06-02 09:32:25.000,2798.4000,5942,0,65455920.000,0,-,-,-,-,2797.2000,2797.0000,2796.8000,2793.8000,2791.4000,2799.0000,2800.0000,2800.2000,2800.4000,2800.6000,2,13,1,1,2,1,1,2,1,2
SF,IH2007,2020-06-02 09:32:25.500,2798.4000,5942,0,65455920.000,0,-,-,-,-,2797.4000,2797.2000,2797.0000,2796.8000,2793.8000,2799.0000,2800.0000,2800.2000,2800.4000,2800.6000,7,2,7,1,1,1,1,1,1,2
SF,IH2007,2020-06-02 09:32:26.000,2798.4000,5942,0,65455920.000,0,-,-,-,-,2797.6000,2797.4000,2797.0000,2796.8000,2793.8000,2799.0000,2800.0000,2800.2000,2800.4000,2800.6000,2,7,7,1,1,1,1,1,1,2
SF,IH2007,2020-06-02 09:32:26.500,2798.4000,5942,0,65455920.000,0,-,-,-,-,2797.8000,2797.6000,2797.4000,2797.0000,2796.8000,2799.0000,2800.0000,2800.2000,2800.4000,2800.6000,2,2,6,7,1,1,1,1,1,2
SF,IH2007,2020-06-02 09:32:27.000,2798.4000,5942,0,65455920.000,0,-,-,-,-,2797.8000,2797.6000,2797.4000,2797.0000,2796.8000,2799.0000,2800.0000,2800.2000,2800.4000,2800.6000,4,2,6,5,1,1,1,1,1,2
SF,IH2007,2020-06-02 09:32:28.000,2798.4000,5942,0,65455920.000,0,-,-,-,-,2798.0000,2797.8000,2797.4000,2797.0000,2796.8000,2799.0000,2800.0000,2800.2000,2800.4000,2800.6000,2,4,4,5,1,1,1,1,1,2
SF,IH2007,2020-06-02 09:32:28.500,2798.4000,5942,0,65455920.000,0,-,-,-,-,2798.0000,2797.8000,2797.4000,2797.0000,2796.8000,2799.0000,2800.0000,2800.2000,2800.4000,2800.6000,2,4,3,5,1,1,1,1,1,2
SF,IH2007,2020-06-02 09:32:29.000,2798.4000,5942,0,65455920.000,0,-,-,-,-,2798.0000,2797.8000,2797.4000,2797.0000,2796.8000,2799.0000,2800.0000,2800.2000,2800.4000,2800.6000,2,3,3,5,1,1,1,1,1,2
SF,IH2007,2020-06-02 09:32:29.500,2798.4000,5942,0,65455920.000,0,-,-,-,-,2798.0000,2797.8000,2797.4000,2797.0000,2796.8000,2799.0000,2800.0000,2800.2000,2800.4000,2800.6000,3,2,3,5,1,1,1,1,1,2
SF,IH2007,2020-06-02 09:32:30.000,2798.4000,5942,0,65455920.000,0,-,-,-,-,2798.0000,2797.8000,2797.4000,2797.0000,2796.8000,2799.0000,2800.0000,2800.2000,2800.4000,2800.6000,3,2,3,2,1,1,1,1,1,2
SF,IH2007,2020-06-02 09:32:30.500,2798.0000,5939,-3,67974120.000,3,0,3,双平,S,2797.8000,2797.4000,2797.0000,2796.8000,2793.8000,2799.0000,2800.0000,2800.2000,2800.4000,2800.6000,2,3,2,1,1,1,1,1,1,2
SF,IH2007,2020-06-02 09:32:31.000,2797.8000,5937,-2,69652800.000,2,0,2,双平,S,2796.8000,2793.8000,2791.4000,2791.2000,2791.0000,2798.8000,2799.0000,2800.0000,2800.2000,2800.4000,1,1,2,3,1,5,1,1,1,1
SF,IH2007,2020-06-02 09:32:31.500,2797.8000,5937,0,69652800.000,0,-,-,-,-,2797.0000,2796.8000,2793.8000,2791.4000,2791.2000,2798.8000,2799.0000,2800.0000,2800.2000,2800.6000,3,1,1,2,3,1,1,1,1,2
SF,IH2007,2020-06-02 09:32:32.000,2797.8000,5937,0,69652800.000,0,-,-,-,-,2797.0000,2796.8000,2793.8000,2791.4000,2791.2000,2798.6000,2798.8000,2799.0000,2800.0000,2800.2000,2,1,1,2,3,1,1,1,1,1
SF,IH2007,2020-06-02 09:32:32.500,2797.8000,5937,0,69652800.000,0,-,-,-,-,2797.2000,2797.0000,2796.8000,2793.8000,2791.4000,2798.6000,2799.0000,2800.0000,2800.2000,2800.6000,1,2,1,1,2,1,1,1,1,2
SF,IH2007,2020-06-02 09:32:33.000,2797.8000,5937,0,69652800.000,0,-,-,-,-,2797.2000,2797.0000,2796.8000,2793.8000,2791.4000,2798.6000,2799.0000,2800.0000,2800.2000,2800.6000,1,2,1,1,2,1,1,1,1,2
SF,IH2007,2020-06-02 09:32:34.000,2797.8000,5937,0,69652800.000,0,-,-,-,-,2797.0000,2796.8000,2793.8000,2791.4000,2791.2000,2798.6000,2799.0000,2800.0000,2800.2000,2800.6000,2,1,1,2,3,1,1,1,1,2
SF,IH2007,2020-06-02 09:32:34.500,2797.8000,5937,0,69652800.000,0,-,-,-,-,2797.2000,2797.0000,2796.8000,2793.8000,2791.4000,2798.6000,2799.0000,2800.0000,2800.2000,2800.6000,1,3,1,1,2,1,1,1,1,2
SF,IH2007,2020-06-02 09:32:35.500,2797.8000,5937,0,69652800.000,0,-,-,-,-,2797.0000,2796.8000,2793.8000,2791.4000,2791.2000,2798.6000,2799.0000,2800.0000,2800.2000,2800.6000,2,1,1,2,3,1,1,1,1,2
SF,IH2007,2020-06-02 09:32:36.500,2796.8000,5934,-3,72170040.000,3,0,3,双平,S,2793.8000,2791.4000,2791.2000,2791.0000,2790.6000,2798.6000,2799.0000,2800.0000,2800.2000,2800.6000,1,2,3,1,2,1,1,1,1,2
SF,IH2007,2020-06-02 09:32:37.000,2796.8000,5934,0,72170040.000,0,-,-,-,-,2795.4000,2794.0000,2793.8000,2793.6000,2791.4000,2798.6000,2799.0000,2800.0000,2800.2000,2800.6000,3,16,2,1,2,1,1,1,1,2
SF,IH2007,2020-06-02 09:32:37.500,2796.8000,5934,0,72170040.000,0,-,-,-,-,2795.6000,2795.4000,2794.0000,2793.8000,2793.6000,2798.6000,2799.0000,2800.0000,2800.2000,2800.6000,7,4,9,1,1,1,1,1,1,2
SF,IH2007,2020-06-02 09:32:38.000,2796.8000,5934,0,72170040.000,0,-,-,-,-,2795.8000,2795.6000,2795.4000,2794.0000,2793.8000,2798.6000,2799.0000,2800.0000,2800.2000,2800.6000,2,7,4,7,1,1,1,1,1,2
SF,IH2007,2020-06-02 09:32:38.500,2796.8000,5934,0,72170040.000,0,-,-,-,-,2796.0000,2795.8000,2795.6000,2795.4000,2794.0000,2798.6000,2799.0000,2800.0000,2800.2000,2800.6000,1,2,6,4,7,1,1,1,1,2
SF,IH2007,2020-06-02 09:32:39.000,2796.8000,5934,0,72170040.000,0,-,-,-,-,2796.0000,2795.8000,2795.6000,2795.4000,2794.0000,2798.6000,2799.0000,2800.0000,2800.2000,2800.6000,3,2,6,4,4,1,1,1,1,2
SF,IH2007,2020-06-02 09:32:39.500,2796.8000,5934,0,72170040.000,0,-,-,-,-,2797.0000,2796.2000,2796.0000,2795.8000,2795.6000,2798.6000,2799.0000,2800.0000,2800.2000,2800.6000,1,5,4,2,1,1,1,1,1,2
SF,IH2007,2020-06-02 09:32:40.000,2796.8000,5934,0,72170040.000,0,-,-,-,-,2797.0000,2796.2000,2796.0000,2795.8000,2795.6000,2798.6000,2799.0000,2800.0000,2800.2000,2800.6000,1,5,4,2,1,1,1,1,1,2
SF,IH2007,2020-06-02 09:32:40.500,2796.8000,5934,0,72170040.000,0,-,-,-,-,2797.2000,2797.0000,2796.2000,2796.0000,2795.8000,2798.6000,2799.0000,2800.0000,2800.2000,2800.6000,1,2,5,3,1,1,1,1,1,2
SF,IH2007,2020-06-02 09:32:43.000,2796.8000,5934,0,72170040.000,0,-,-,-,-,2797.2000,2797.0000,2796.2000,2796.0000,2795.8000,2798.6000,2799.0000,2800.0000,2800.2000,2800.6000,2,1,5,3,1,1,1,1,1,2
SF,IH2007,2020-06-02 09:32:44.500,2796.8000,5934,0,72170040.000,0,-,-,-,-,2797.2000,2797.0000,2796.2000,2796.0000,2795.8000,2797.6000,2798.6000,2799.0000,2800.0000,2800.2000,3,1,5,2,1,1,1,1,1,1
SF,IH2007,2020-06-02 09:32:45.000,2797.6000,5933,-1,73009320.000,1,0,1,双平,S,2797.2000,2797.0000,2796.2000,2796.0000,2795.8000,2798.6000,2799.0000,2800.0000,2800.2000,2800.6000,3,1,5,2,1,1,1,1,1,2
SF,IH2007,2020-06-02 09:32:46.000,2797.6000,5933,0,73009320.000,0,-,-,-,-,2797.2000,2796.2000,2796.0000,2795.8000,2795.6000,2798.6000,2799.0000,2800.0000,2800.2000,2800.6000,1,5,2,1,1,1,1,1,1,2
SF,IH2007,2020-06-02 09:32:47.000,2797.6000,5933,0,73009320.000,0,-,-,-,-,2796.2000,2796.0000,2795.8000,2795.6000,2795.4000,2798.6000,2799.0000,2800.0000,2800.2000,2800.6000,5,2,1,1,3,1,1,1,1,2
SF,IH2007,2020-06-02 09:32:47.500,2797.6000,5933,0,73009320.000,0,-,-,-,-,2796.4000,2796.2000,2795.6000,2795.4000,2794.0000,2798.6000,2799.0000,2800.0000,2800.2000,2800.6000,6,8,1,3,3,1,1,1,1,2
SF,IH2007,2020-06-02 09:32:48.000,2797.6000,5933,0,73009320.000,0,-,-,-,-,2796.6000,2796.4000,2796.2000,2795.6000,2795.4000,2798.6000,2799.0000,2800.0000,2800.2000,2800.6000,4,6,4,1,3,1,1,1,1,2
SF,IH2007,2020-06-02 09:32:48.500,2797.6000,5933,0,73009320.000,0,-,-,-,-,2796.8000,2796.6000,2796.4000,2796.2000,2795.6000,2798.6000,2799.0000,2800.0000,2800.2000,2800.6000,2,5,2,3,1,1,1,1,1,2
SF,IH2007,2020-06-02 09:32:49.000,2797.6000,5933,0,73009320.000,0,-,-,-,-,2796.8000,2796.6000,2796.4000,2796.2000,2795.6000,2798.6000,2799.0000,2800.0000,2800.2000,2800.6000,2,5,1,3,1,1,1,1,1,2
SF,IH2007,2020-06-02 09:32:49.500,2797.6000,5933,0,73009320.000,0,-,-,-,-,2797.0000,2796.8000,2796.6000,2796.2000,2795.6000,2798.6000,2799.0000,2800.0000,2800.2000,2800.6000,1,3,5,2,1,1,1,1,1,2
SF,IH2007,2020-06-02 09:32:50.500,2797.6000,5933,0,73009320.000,0,-,-,-,-,2797.0000,2796.8000,2796.6000,2796.2000,2795.6000,2798.6000,2799.0000,2800.0000,2800.2000,2800.6000,2,2,4,2,1,1,1,1,1,2
SF,IH2007,2020-06-02 09:32:51.000,2797.6000,5933,0,73009320.000,0,-,-,-,-,2797.2000,2797.0000,2796.8000,2796.6000,2796.2000,2798.6000,2799.0000,2800.0000,2800.2000,2800.6000,1,2,2,4,2,1,1,1,1,2
SF,IH2007,2020-06-02 09:32:53.000,2797.6000,5933,0,73009320.000,0,-,-,-,-,2797.2000,2797.0000,2796.8000,2796.6000,2796.2000,2798.6000,2800.0000,2800.2000,2800.6000,2800.8000,1,1,2,4,2,1,1,1,2,1
SF,IH2007,2020-06-02 09:32:53.500,2797.6000,5933,0,73009320.000,0,-,-,-,-,2797.2000,2797.0000,2796.8000,2796.6000,2796.2000,2797.8000,2798.6000,2800.0000,2800.2000,2800.6000,1,2,2,4,2,1,1,1,1,2
SF,IH2007,2020-06-02 09:32:54.000,2797.8000,5932,-1,73848660.000,1,0,1,双平,S,2797.2000,2797.0000,2796.8000,2796.6000,2796.2000,2798.6000,2800.0000,2800.2000,2800.6000,2800.8000,1,2,2,4,2,1,1,1,2,1
SF,IH2007,2020-06-02 09:32:54.500,2797.2000,5931,-1,74687820.000,1,0,1,双平,S,2797.0000,2796.8000,2796.6000,2796.2000,2795.6000,2798.6000,2800.0000,2800.2000,2800.6000,2800.8000,2,2,4,2,1,1,1,1,2,1
SF,IH2007,2020-06-02 09:32:55.000,2797.2000,5931,0,74687820.000,0,-,-,-,-,2797.0000,2796.8000,2796.6000,2796.2000,2795.6000,2798.6000,2800.0000,2800.2000,2800.6000,2800.8000,3,2,4,2,1,1,1,1,2,1
SF,IH2007,2020-06-02 09:32:56.500,2797.2000,5931,0,74687820.000,0,-,-,-,-,2797.2000,2797.0000,2796.8000,2796.6000,2796.2000,2798.6000,2800.0000,2800.2000,2800.6000,2800.8000,1,3,2,4,2,1,1,1,2,1
SF,IH2007,2020-06-02 09:33:00.500,2797.2000,5931,0,74687820.000,0,-,-,-,-,2797.2000,2797.0000,2796.8000,2796.6000,2796.2000,2797.8000,2798.6000,2800.0000,2800.2000,2800.6000,1,2,2,4,2,1,1,1,1,2
SF,IH2007,2020-06-02 09:33:01.000,2797.8000,5930,-1,75527160.000,1,0,1,双平,S,2797.2000,2797.0000,2796.8000,2796.6000,2796.2000,2798.4000,2798.6000,2800.0000,2800.2000,2800.6000,1,2,2,4,2,1,1,1,1,2
SF,IH2007,2020-06-02 09:33:01.500,2797.8000,5930,0,75527160.000,0,-,-,-,-,2797.0000,2796.8000,2796.6000,2796.2000,2795.6000,2798.4000,2798.6000,2800.0000,2800.2000,2800.6000,2,2,4,2,1,1,1,1,1,2
SF,IH2007,2020-06-02 09:33:04.000,2797.0000,5930,0,76366260.000,1,0,1,多换,S,2797.0000,2796.8000,2796.6000,2796.2000,2795.6000,2798.4000,2798.6000,2800.0000,2800.2000,2800.6000,1,2,4,2,1,1,1,1,1,2
SF,IH2007,2020-06-02 09:33:04.500,2797.0000,5929,-1,77205360.000,1,0,1,双平,S,2796.8000,2796.6000,2796.2000,2795.6000,2795.4000,2798.2000,2798.4000,2800.0000,2800.2000,2800.6000,2,4,2,1,3,2,1,1,1,2
SF,IH2007,2020-06-02 09:33:05.000,2797.0000,5929,0,77205360.000,0,-,-,-,-,2796.8000,2796.6000,2796.2000,2795.6000,2795.4000,2797.8000,2798.2000,2798.4000,2800.0000,2800.2000,2,1,2,1,3,1,2,1,1,1
SF,IH2007,2020-06-02 09:33:05.500,2797.0000,5929,0,77205360.000,0,-,-,-,-,2797.0000,2796.8000,2796.6000,2796.2000,2795.6000,2797.8000,2798.2000,2798.4000,2800.0000,2800.2000,1,2,1,2,1,1,2,1,1,1
SF,IH2007,2020-06-02 09:33:06.000,2797.8000,5929,0,78044700.000,1,0,1,多换,S,2797.0000,2796.8000,2796.6000,2796.2000,2795.6000,2798.2000,2798.4000,2800.0000,2800.2000,2800.6000,1,1,1,2,1,2,1,1,1,2
SF,IH2007,2020-06-02 09:33:06.500,2797.8000,5929,0,78044700.000,0,-,-,-,-,2797.0000,2796.8000,2796.2000,2795.6000,2795.4000,2798.2000,2798.4000,2800.0000,2800.2000,2800.6000,1,1,2,1,3,2,1,1,1,2
SF,IH2007,2020-06-02 09:33:07.000,2797.8000,5929,0,78044700.000,0,-,-,-,-,2797.0000,2796.2000,2795.6000,2795.4000,2794.0000,2798.2000,2798.4000,2800.0000,2800.2000,2800.6000,1,1,1,3,3,2,2,1,1,2
SF,IH2007,2020-06-02 09:33:07.500,2797.8000,5929,0,78044700.000,0,-,-,-,-,2796.2000,2795.6000,2795.4000,2794.0000,2793.8000,2798.0000,2798.2000,2798.4000,2800.0000,2800.2000,1,1,3,3,1,1,2,1,1,1
SF,IH2007,2020-06-02 09:33:08.000,2797.8000,5929,0,78044700.000,0,-,-,-,-,2796.4000,2796.2000,2795.6000,2794.0000,2793.8000,2798.0000,2798.2000,2800.0000,2800.2000,2800.6000,5,2,1,3,1,1,2,1,1,2
SF,IH2007,2020-06-02 09:33:08.500,2797.8000,5929,0,78044700.000,0,-,-,-,-,2796.6000,2796.4000,2796.2000,2795.6000,2794.0000,2797.8000,2798.0000,2798.2000,2800.0000,2800.2000,1,5,2,1,3,1,1,1,1,1
SF,IH2007,2020-06-02 09:33:09.000,2797.8000,5929,0,78044700.000,0,-,-,-,-,2796.4000,2796.2000,2795.6000,2794.0000,2793.8000,2797.8000,2798.0000,2798.2000,2800.0000,2800.2000,3,2,1,3,1,1,1,1,1,1
SF,IH2007,2020-06-02 09:33:09.500,2797.8000,5929,0,78044700.000,0,-,-,-,-,2796.4000,2795.6000,2794.0000,2793.8000,2793.6000,2797.8000,2798.2000,2800.0000,2800.2000,2800.6000,2,1,3,1,1,1,1,1,1,2
SF,IH2007,2020-06-02 09:33:10.000,2797.8000,5929,0,78044700.000,0,-,-,-,-,2796.4000,2794.0000,2793.8000,2793.6000,2791.4000,2797.6000,2797.8000,2798.2000,2800.0000,2800.2000,2,3,1,1,2,1,1,1,1,1
SF,IH2007,2020-06-02 09:33:10.500,2797.6000,5928,-1,78883980.000,1,0,1,双平,S,2796.4000,2794.0000,2793.8000,2793.6000,2791.4000,2797.8000,2800.0000,2800.2000,2800.6000,2800.8000,1,3,1,1,2,1,1,1,2,1
SF,IH2007,2020-06-02 09:33:11.000,2797.8000,5927,-1,79723320.000,1,0,1,双平,S,2797.8000,2796.6000,2796.4000,2794.0000,2793.8000,2800.0000,2800.2000,2800.6000,2800.8000,2803.8000,1,3,1,3,1,1,1,2,1,3
SF,IH2007,2020-06-02 09:33:11.500,2797.8000,5927,0,79723320.000,0,-,-,-,-,2797.8000,2796.6000,2796.4000,2794.0000,2793.8000,2798.0000,2798.8000,2799.8000,2800.0000,2800.6000,1,3,2,3,1,1,1,3,3,2
SF,IH2007,2020-06-02 09:33:12.000,2797.8000,5927,0,79723320.000,0,-,-,-,-,2796.6000,2796.4000,2794.0000,2793.8000,2793.6000,2797.0000,2797.8000,2798.0000,2798.8000,2799.8000,2,2,3,1,1,1,1,1,1,3
SF,IH2007,2020-06-02 09:33:12.500,2797.0000,5926,-1,80562420.000,1,0,1,双平,S,2797.0000,2796.6000,2796.4000,2794.0000,2793.8000,2797.8000,2798.8000,2799.0000,2799.8000,2800.0000,1,1,2,3,1,1,1,1,3,3
SF,IH2007,2020-06-02 09:33:13.000,2797.0000,5926,0,80562420.000,0,-,-,-,-,2797.0000,2796.6000,2796.4000,2795.2000,2794.0000,2797.8000,2798.8000,2799.0000,2799.8000,2800.0000,1,1,2,1,3,1,1,1,3,3
SF,IH2007,2020-06-02 09:33:14.000,2797.8000,5925,-1,81401760.000,1,0,1,双平,S,2797.8000,2797.0000,2796.6000,2796.4000,2795.2000,2798.8000,2799.0000,2799.8000,2800.0000,2800.6000,4,1,1,1,1,1,1,4,3,2
SF,IH2007,2020-06-02 09:33:14.500,2797.8000,5920,-5,85598460.000,5,0,5,双平,S,2797.0000,2796.4000,2795.4000,2794.0000,2793.8000,2798.0000,2798.4000,2798.6000,2798.8000,2799.0000,1,1,1,3,1,1,1,2,1,1
SF,IH2007,2020-06-02 09:33:15.000,2797.8000,5920,0,85598460.000,0,-,-,-,-,2797.0000,2796.4000,2795.4000,2794.0000,2793.8000,2798.0000,2798.4000,2798.6000,2798.8000,2799.0000,1,1,1,3,1,1,1,2,1,1
SF,IH2007,2020-06-02 09:33:15.500,2797.8000,5920,0,85598460.000,0,-,-,-,-,2797.0000,2796.4000,2795.4000,2794.0000,2793.8000,2797.8000,2798.0000,2798.4000,2798.6000,2798.8000,1,1,1,3,1,1,1,1,2,1
SF,IH2007,2020-06-02 09:33:16.000,2797.8000,5920,0,85598460.000,0,-,-,-,-,2797.0000,2796.4000,2795.4000,2794.0000,2793.8000,2797.8000,2798.0000,2798.4000,2798.6000,2798.8000,1,1,1,3,1,1,1,1,2,1
SF,IH2007,2020-06-02 09:33:16.500,2797.8000,5920,0,85598460.000,0,-,-,-,-,2797.0000,2796.4000,2795.4000,2794.0000,2793.8000,2797.8000,2798.0000,2798.4000,2798.6000,2798.8000,1,1,1,3,1,1,1,1,2,1
SF,IH2007,2020-06-02 09:33:17.000,2797.8000,5920,0,85598460.000,0,-,-,-,-,2796.4000,2795.4000,2794.0000,2793.8000,2793.6000,2797.8000,2798.0000,2798.4000,2798.6000,2798.8000,1,1,3,1,1,1,1,1,2,1
SF,IH2007,2020-06-02 09:33:17.500,2797.8000,5920,0,85598460.000,0,-,-,-,-,2796.4000,2795.4000,2794.4000,2794.0000,2793.8000,2797.6000,2797.8000,2798.0000,2798.4000,2798.6000,1,1,1,3,1,1,1,1,1,1
SF,IH2007,2020-06-02 09:33:18.000,2797.6000,5919,-1,86437740.000,1,0,1,双平,S,2796.4000,2795.4000,2794.4000,2794.0000,2793.8000,2797.8000,2798.0000,2798.4000,2798.6000,2798.8000,1,1,1,3,1,1,1,1,1,1
SF,IH2007,2020-06-02 09:33:18.500,2797.6000,5919,0,86437740.000,0,-,-,-,-,2796.4000,2795.4000,2794.4000,2794.0000,2793.8000,2797.6000,2797.8000,2798.0000,2798.4000,2798.6000,1,1,1,3,1,3,1,1,1,1
SF,IH2007,2020-06-02 09:33:19.000,2797.6000,5919,0,86437740.000,0,-,-,-,-,2796.4000,2795.4000,2794.4000,2794.0000,2793.8000,2797.6000,2797.8000,2798.0000,2798.4000,2798.6000,1,1,1,3,1,1,1,1,1,1
SF,IH2007,2020-06-02 09:33:20.500,2797.6000,5919,0,86437740.000,0,-,-,-,-,2796.4000,2795.4000,2794.4000,2794.0000,2793.8000,2797.8000,2798.0000,2798.4000,2798.6000,2799.0000,1,1,1,3,1,1,1,1,1,1
SF,IH2007,2020-06-02 09:33:21.000,2797.6000,5919,0,87277020.000,1,0,1,多换,S,2796.4000,2795.4000,2794.4000,2794.0000,2793.8000,2797.8000,2798.0000,2798.4000,2798.6000,2799.0000,1,1,1,3,1,1,1,1,1,1
SF,IH2007,2020-06-02 09:33:21.500,2797.6000,5919,0,87277020.000,0,-,-,-,-,2796.4000,2795.4000,2794.4000,2794.0000,2793.8000,2797.8000,2798.0000,2798.4000,2798.6000,2799.0000,1,1,1,3,1,1,1,1,1,1
SF,IH2007,2020-06-02 09:33:22.000,2797.6000,5919,0,87277020.000,0,-,-,-,-,2796.4000,2795.4000,2794.4000,2794.0000,2793.8000,2797.6000,2797.8000,2798.0000,2798.4000,2798.6000,1,1,1,3,1,1,1,1,1,1
SF,IH2007,2020-06-02 09:33:22.500,2797.6000,5919,0,87277020.000,0,-,-,-,-,2796.4000,2795.4000,2794.4000,2794.0000,2793.8000,2797.4000,2797.6000,2797.8000,2798.0000,2798.4000,1,1,1,3,1,2,1,1,1,1
SF,IH2007,2020-06-02 09:33:23.000,2797.6000,5919,0,87277020.000,0,-,-,-,-,2796.4000,2795.4000,2794.4000,2794.0000,2793.8000,2797.6000,2797.8000,2798.0000,2798.4000,2798.6000,1,1,1,3,1,1,1,1,1,1
SF,IH2007,2020-06-02 09:33:23.500,2797.6000,5919,0,87277020.000,0,-,-,-,-,2796.6000,2796.4000,2795.4000,2794.4000,2794.0000,2797.8000,2798.0000,2798.4000,2798.6000,2799.0000,1,1,1,1,3,1,1,1,1,1
SF,IH2007,2020-06-02 09:33:26.500,2798.0000,5919,0,88116420.000,1,0,1,多换,S,2796.6000,2796.4000,2795.4000,2794.4000,2794.0000,2798.4000,2798.6000,2799.0000,2799.8000,2800.0000,1,1,1,1,3,1,1,1,2,2
SF,IH2007,2020-06-02 09:33:27.000,2798.0000,5919,0,88116420.000,0,-,-,-,-,2796.6000,2796.4000,2795.4000,2794.4000,2794.0000,2799.0000,2799.8000,2800.0000,2800.8000,2803.8000,1,1,1,1,3,1,2,2,1,3
SF,IH2007,2020-06-02 09:33:27.500,2798.0000,5919,0,88116420.000,0,-,-,-,-,2796.8000,2796.6000,2796.4000,2795.4000,2794.4000,2798.2000,2798.4000,2798.6000,2798.8000,2799.0000,1,1,1,1,1,1,1,1,5,1
SF,IH2007,2020-06-02 09:33:28.000,2798.0000,5919,0,88116420.000,0,-,-,-,-,2797.0000,2796.8000,2796.4000,2795.4000,2794.0000,2798.2000,2798.4000,2798.6000,2798.8000,2799.0000,1,1,1,1,3,1,1,1,5,1
SF,IH2007,2020-06-02 09:33:28.500,2798.0000,5919,0,88116420.000,0,-,-,-,-,2797.0000,2796.8000,2796.4000,2795.4000,2794.0000,2798.6000,2798.8000,2799.0000,2799.8000,2800.0000,1,1,1,1,3,1,3,1,2,2
SF,IH2007,2020-06-02 09:33:29.000,2798.0000,5919,0,88116420.000,0,-,-,-,-,2797.0000,2796.8000,2796.4000,2795.4000,2794.0000,2798.6000,2798.8000,2799.0000,2799.8000,2800.0000,1,1,1,1,3,1,3,1,2,2
SF,IH2007,2020-06-02 09:33:29.500,2798.0000,5919,0,88116420.000,0,-,-,-,-,2797.0000,2796.8000,2796.4000,2795.4000,2794.0000,2798.6000,2798.8000,2799.0000,2799.8000,2800.0000,1,1,1,1,3,1,3,1,2,2
SF,IH2007,2020-06-02 09:33:30.500,2798.0000,5919,0,88116420.000,0,-,-,-,-,2797.0000,2796.8000,2796.4000,2795.4000,2794.0000,2798.2000,2798.4000,2798.6000,2798.8000,2799.0000,1,1,1,1,3,1,1,1,3,1
SF,IH2007,2020-06-02 09:33:31.000,2797.0000,5918,-1,88955520.000,1,0,1,双平,S,2796.8000,2796.4000,2795.4000,2794.0000,2793.8000,2798.6000,2798.8000,2799.0000,2799.8000,2800.0000,1,1,1,3,1,1,3,1,2,2
SF,IH2007,2020-06-02 09:33:31.500,2797.0000,5918,0,88955520.000,0,-,-,-,-,2796.8000,2796.4000,2795.4000,2794.0000,2793.8000,2798.4000,2798.6000,2798.8000,2799.0000,2799.8000,1,1,1,3,1,1,1,2,1,2
SF,IH2007,2020-06-02 09:33:32.000,2797.0000,5918,0,88955520.000,0,-,-,-,-,2797.0000,2796.8000,2796.4000,2795.4000,2794.0000,2798.4000,2798.6000,2798.8000,2799.0000,2799.8000,3,1,1,1,3,1,1,2,1,2
SF,IH2007,2020-06-02 09:33:33.500,2797.0000,5918,0,88955520.000,0,-,-,-,-,2797.0000,2796.8000,2796.4000,2795.4000,2794.0000,2798.2000,2798.4000,2798.6000,2798.8000,2799.0000,3,1,1,1,3,1,2,1,2,1
SF,IH2007,2020-06-02 09:33:34.000,2797.0000,5918,0,88955520.000,0,-,-,-,-,2796.8000,2796.4000,2795.4000,2794.0000,2793.8000,2798.2000,2798.4000,2798.6000,2798.8000,2799.0000,1,1,1,3,1,1,2,1,2,1
SF,IH2007,2020-06-02 09:33:34.500,2797.0000,5918,0,88955520.000,0,-,-,-,-,2796.8000,2796.4000,2795.4000,2794.0000,2793.8000,2798.0000,2798.2000,2798.4000,2798.6000,2798.8000,1,1,1,3,1,1,1,1,1,2
SF,IH2007,2020-06-02 09:33:35.000,2797.0000,5918,0,88955520.000,0,-,-,-,-,2796.4000,2795.4000,2794.0000,2793.8000,2791.4000,2798.0000,2798.2000,2798.4000,2798.6000,2798.8000,1,1,3,1,2,1,1,1,1,2
SF,IH2007,2020-06-02 09:33:35.500,2797.0000,5918,0,88955520.000,0,-,-,-,-,2796.6000,2796.4000,2795.4000,2794.0000,2793.8000,2798.0000,2798.2000,2798.4000,2798.6000,2798.8000,1,1,1,3,1,1,1,1,1,2
SF,IH2007,2020-06-02 09:33:38.000,2797.0000,5918,0,88955520.000,0,-,-,-,-,2796.6000,2796.4000,2795.4000,2794.0000,2793.8000,2798.0000,2798.2000,2798.4000,2798.6000,2798.8000,1,1,1,3,1,1,1,2,1,2
SF,IH2007,2020-06-02 09:33:40.500,2797.0000,5918,0,88955520.000,0,-,-,-,-,2796.6000,2796.4000,2795.4000,2794.0000,2793.8000,2798.0000,2798.2000,2798.4000,2798.6000,2798.8000,1,1,1,3,1,1,1,1,1,2
SF,IH2007,2020-06-02 09:33:47.500,2797.0000,5918,0,88955520.000,0,-,-,-,-,2796.6000,2796.4000,2795.4000,2794.0000,2793.8000,2797.4000,2798.0000,2798.2000,2798.4000,2798.6000,1,1,1,3,1,1,1,1,1,1
SF,IH2007,2020-06-02 09:33:50.500,2796.6000,5917,-1,89794500.000,1,0,1,双平,S,2795.4000,2794.0000,2793.8000,2791.4000,2791.2000,2796.6000,2797.4000,2798.0000,2798.2000,2798.4000,1,3,1,2,3,1,1,1,1,1
SF,IH2007,2020-06-02 09:33:51.000,2796.6000,5917,0,89794500.000,0,-,-,-,-,2795.6000,2795.4000,2794.0000,2793.8000,2791.4000,2797.4000,2798.0000,2798.2000,2798.4000,2798.6000,4,2,3,1,2,1,1,1,1,1
SF,IH2007,2020-06-02 09:33:51.500,2796.6000,5917,0,89794500.000,0,-,-,-,-,2795.8000,2795.6000,2795.4000,2794.4000,2794.0000,2797.2000,2797.4000,2798.2000,2798.4000,2798.6000,1,3,2,1,3,1,1,1,1,1
SF,IH2007,2020-06-02 09:33:52.000,2796.6000,5917,0,89794500.000,0,-,-,-,-,2795.8000,2795.6000,2795.4000,2794.4000,2794.0000,2797.2000,2797.4000,2798.2000,2798.4000,2798.6000,1,1,1,1,3,1,1,1,1,1
SF,IH2007,2020-06-02 09:33:52.500,2796.6000,5917,0,89794500.000,0,-,-,-,-,2795.8000,2795.6000,2795.4000,2794.4000,2794.0000,2797.2000,2797.4000,2798.2000,2798.4000,2798.6000,1,1,1,1,3,1,1,1,1,1
SF,IH2007,2020-06-02 09:33:54.500,2796.6000,5917,0,89794500.000,0,-,-,-,-,2795.8000,2795.6000,2795.4000,2794.4000,2794.0000,2797.2000,2798.2000,2798.4000,2798.6000,2798.8000,1,1,1,1,3,1,1,1,1,2
SF,IH2007,2020-06-02 09:33:58.500,2796.6000,5917,0,89794500.000,0,-,-,-,-,2796.0000,2795.8000,2795.6000,2795.4000,2794.4000,2797.2000,2798.2000,2798.4000,2798.6000,2798.8000,1,1,1,1,1,1,1,1,1,2
SF,IH2007,2020-06-02 09:33:59.500,2796.6000,5917,0,89794500.000,0,-,-,-,-,2796.0000,2795.8000,2795.6000,2795.4000,2794.4000,2796.8000,2797.2000,2798.2000,2798.4000,2798.6000,1,1,1,1,1,1,1,1,1,1
SF,IH2007,2020-06-02 09:34:00.000,2796.8000,5916,-1,90633540.000,1,0,1,双平,S,2796.8000,2796.2000,2796.0000,2795.6000,2795.4000,2797.2000,2798.2000,2798.4000,2798.6000,2798.8000,1,1,1,1,1,1,1,1,1,2
SF,IH2007,2020-06-02 09:34:00.500,2796.8000,5916,0,90633540.000,0,-,-,-,-,2796.2000,2796.0000,2795.6000,2795.4000,2794.0000,2797.2000,2798.2000,2798.4000,2798.6000,2798.8000,1,1,1,1,3,1,1,1,1,2
SF,IH2007,2020-06-02 09:34:01.000,2796.8000,5916,0,90633540.000,0,-,-,-,-,2796.2000,2796.0000,2795.6000,2795.4000,2794.4000,2798.2000,2798.4000,2798.6000,2798.8000,2799.8000,1,1,1,1,1,1,1,1,2,2
SF,IH2007,2020-06-02 09:34:01.500,2796.8000,5916,0,90633540.000,0,-,-,-,-,2796.4000,2796.2000,2796.0000,2795.6000,2795.4000,2798.0000,2798.2000,2798.4000,2798.6000,2798.8000,1,1,1,1,1,6,2,2,1,2
SF,IH2007,2020-06-02 09:34:02.000,2796.8000,5916,0,90633540.000,0,-,-,-,-,2796.4000,2796.2000,2796.0000,2795.6000,2795.4000,2798.0000,2798.2000,2798.4000,2798.6000,2798.8000,1,1,1,1,1,2,2,1,1,2
SF,IH2007,2020-06-02 09:34:02.500,2796.8000,5916,0,90633540.000,0,-,-,-,-,2796.6000,2796.4000,2796.0000,2795.6000,2795.4000,2797.8000,2798.0000,2798.2000,2798.4000,2798.6000,1,1,1,1,1,1,2,2,1,1
SF,IH2007,2020-06-02 09:34:03.000,2796.8000,5916,0,90633540.000,0,-,-,-,-,2796.6000,2796.4000,2796.0000,2795.6000,2795.4000,2798.0000,2798.2000,2798.4000,2798.6000,2798.8000,1,1,1,1,1,2,2,1,1,2
SF,IH2007,2020-06-02 09:34:03.500,2796.8000,5916,0,90633540.000,0,-,-,-,-,2796.6000,2796.4000,2795.6000,2795.4000,2794.4000,2798.0000,2798.2000,2798.4000,2798.6000,2798.8000,1,1,1,1,1,2,2,1,1,2
SF,IH2007,2020-06-02 09:34:04.000,2796.8000,5916,0,90633540.000,0,-,-,-,-,2796.6000,2796.4000,2795.6000,2795.4000,2794.4000,2798.0000,2798.2000,2798.4000,2798.6000,2798.8000,1,1,1,1,1,3,1,1,1,2
SF,IH2007,2020-06-02 09:34:04.500,2796.8000,5916,0,90633540.000,0,-,-,-,-,2796.6000,2796.4000,2795.6000,2795.4000,2794.4000,2798.0000,2798.2000,2798.4000,2798.6000,2798.8000,1,1,1,1,1,3,1,1,1,2
SF,IH2007,2020-06-02 09:34:05.000,2796.6000,5915,-1,91472520.000,1,0,1,双平,S,2796.4000,2795.6000,2795.4000,2794.4000,2794.0000,2798.0000,2798.2000,2798.4000,2798.6000,2798.8000,1,1,1,1,3,3,1,1,1,2
SF,IH2007,2020-06-02 09:34:05.500,2796.6000,5915,0,91472520.000,0,-,-,-,-,2796.4000,2795.6000,2795.4000,2794.4000,2794.0000,2797.8000,2798.0000,2798.2000,2798.4000,2798.6000,1,1,1,1,3,1,3,1,1,1
SF,IH2007,2020-06-02 09:34:06.500,2796.6000,5915,0,91472520.000,0,-,-,-,-,2796.4000,2796.0000,2795.6000,2795.4000,2794.4000,2797.8000,2798.0000,2798.2000,2798.4000,2798.6000,1,1,1,1,1,1,3,1,1,1
SF,IH2007,2020-06-02 09:34:07.000,2796.6000,5915,0,91472520.000,0,-,-,-,-,2796.4000,2796.0000,2795.6000,2795.4000,2794.4000,2797.8000,2798.0000,2798.2000,2798.4000,2798.6000,1,1,1,1,1,1,2,1,1,1
SF,IH2007,2020-06-02 09:34:08.000,2796.6000,5915,0,91472520.000,0,-,-,-,-,2796.4000,2796.0000,2795.6000,2795.4000,2794.4000,2797.8000,2798.0000,2798.2000,2798.4000,2798.6000,1,1,1,1,1,1,3,1,1,1
SF,IH2007,2020-06-02 09:34:12.500,2796.6000,5915,0,91472520.000,0,-,-,-,-,2796.4000,2796.0000,2795.6000,2795.4000,2794.4000,2797.8000,2798.0000,2798.2000,2798.4000,2798.6000,1,1,1,1,1,1,3,1,1,1
SF,IH2007,2020-06-02 09:34:13.000,2796.6000,5915,0,91472520.000,0,-,-,-,-,2796.0000,2795.6000,2795.4000,2794.4000,2794.0000,2797.6000,2797.8000,2798.0000,2798.2000,2798.4000,1,1,1,1,3,2,1,2,1,1
SF,IH2007,2020-06-02 09:34:14.000,2796.6000,5915,0,91472520.000,0,-,-,-,-,2796.0000,2795.6000,2795.4000,2794.4000,2794.0000,2797.6000,2797.8000,2798.0000,2798.2000,2798.4000,1,1,1,1,3,2,1,2,1,1
SF,IH2007,2020-06-02 09:34:15.000,2796.6000,5915,0,91472520.000,0,-,-,-,-,2796.0000,2795.6000,2795.4000,2794.4000,2794.0000,2797.6000,2798.0000,2798.2000,2798.4000,2798.6000,1,1,1,1,3,2,1,1,1,1
SF,IH2007,2020-06-02 09:34:15.500,2796.6000,5915,0,91472520.000,0,-,-,-,-,2796.2000,2796.0000,2795.4000,2794.4000,2794.0000,2797.6000,2798.0000,2798.2000,2798.4000,2798.6000,2,1,1,1,3,2,1,1,1,1
SF,IH2007,2020-06-02 09:34:16.000,2796.6000,5915,0,91472520.000,0,-,-,-,-,2796.2000,2796.0000,2795.4000,2794.4000,2794.0000,2797.6000,2798.0000,2798.2000,2798.4000,2798.6000,2,1,1,1,3,1,1,1,1,1
SF,IH2007,2020-06-02 09:34:16.500,2796.6000,5915,0,91472520.000,0,-,-,-,-,2796.2000,2796.0000,2795.4000,2794.4000,2794.0000,2797.6000,2798.0000,2798.2000,2798.4000,2798.6000,3,1,1,1,3,1,1,1,1,1
SF,IH2007,2020-06-02 09:34:20.500,2796.6000,5915,0,91472520.000,0,-,-,-,-,2796.2000,2796.0000,2795.4000,2794.4000,2794.0000,2797.6000,2798.0000,2798.2000,2798.4000,2798.6000,2,1,1,1,3,1,1,1,1,1
SF,IH2007,2020-06-02 09:34:23.000,2797.6000,5914,-1,92311800.000,1,0,1,双平,S,2796.2000,2796.0000,2795.4000,2794.4000,2794.0000,2798.0000,2798.2000,2798.4000,2798.6000,2798.8000,2,1,1,1,3,1,1,1,1,2
SF,IH2007,2020-06-02 09:34:23.500,2797.6000,5914,0,92311800.000,0,-,-,-,-,2796.4000,2796.2000,2796.0000,2795.4000,2794.4000,2798.0000,2798.2000,2798.4000,2798.6000,2798.8000,2,2,1,1,1,1,1,1,1,2
SF,IH2007,2020-06-02 09:34:24.000,2797.6000,5914,0,92311800.000,0,-,-,-,-,2796.6000,2796.4000,2796.0000,2795.4000,2794.4000,2798.0000,2798.2000,2798.4000,2798.6000,2798.8000,2,2,1,1,1,1,1,1,1,2
SF,IH2007,2020-06-02 09:34:28.000,2798.0000,5913,-1,93151200.000,1,0,1,双平,S,2796.6000,2796.4000,2796.0000,2795.4000,2794.4000,2798.2000,2798.4000,2798.6000,2798.8000,2799.8000,2,2,1,1,1,1,1,1,2,1
SF,IH2007,2020-06-02 09:34:28.500,2798.0000,5913,0,93151200.000,0,-,-,-,-,2796.8000,2796.6000,2796.4000,2796.0000,2795.4000,2798.2000,2798.4000,2798.6000,2798.8000,2799.8000,1,2,2,1,1,1,1,1,2,1
SF,IH2007,2020-06-02 09:34:29.000,2798.0000,5913,0,93151200.000,0,-,-,-,-,2796.8000,2796.6000,2796.4000,2796.0000,2795.4000,2798.2000,2798.4000,2798.6000,2798.8000,2799.8000,1,2,2,1,1,1,1,1,2,1
SF,IH2007,2020-06-02 09:34:29.500,2798.0000,5913,0,93151200.000,0,-,-,-,-,2796.8000,2796.6000,2796.4000,2796.0000,2795.4000,2798.2000,2798.4000,2798.6000,2798.8000,2799.8000,2,2,2,1,1,1,1,1,2,1
SF,IH2007,2020-06-02 09:34:30.000,2798.0000,5913,0,93151200.000,0,-,-,-,-,2796.8000,2796.6000,2796.4000,2796.0000,2795.4000,2798.2000,2798.4000,2798.6000,2798.8000,2799.8000,2,2,1,1,1,1,1,1,2,1
SF,IH2007,2020-06-02 09:34:30.500,2798.0000,5913,0,93151200.000,0,-,-,-,-,2796.8000,2796.6000,2796.4000,2796.0000,2795.4000,2798.2000,2798.4000,2798.6000,2798.8000,2799.8000,1,2,1,1,1,1,1,1,2,1
SF,IH2007,2020-06-02 09:34:31.000,2798.0000,5913,0,93151200.000,0,-,-,-,-,2796.8000,2796.6000,2796.4000,2796.0000,2795.4000,2798.2000,2798.4000,2798.6000,2798.8000,2799.8000,1,2,1,1,1,1,2,1,2,1
SF,IH2007,2020-06-02 09:34:32.000,2798.0000,5913,0,93151200.000,0,-,-,-,-,2797.0000,2796.8000,2796.6000,2796.4000,2796.0000,2798.2000,2798.4000,2798.6000,2798.8000,2799.8000,1,1,2,1,1,1,2,1,2,1
SF,IH2007,2020-06-02 09:34:32.500,2798.0000,5913,0,93151200.000,0,-,-,-,-,2797.0000,2796.8000,2796.6000,2796.4000,2796.0000,2798.2000,2798.4000,2798.6000,2798.8000,2799.8000,1,1,1,1,1,1,2,1,2,1
SF,IH2007,2020-06-02 09:34:33.500,2798.0000,5913,0,93151200.000,0,-,-,-,-,2797.0000,2796.8000,2796.6000,2796.4000,2796.0000,2798.2000,2798.4000,2798.6000,2798.8000,2799.8000,1,1,1,1,1,1,1,1,2,1
SF,IH2007,2020-06-02 09:34:34.000,2798.0000,5913,0,93151200.000,0,-,-,-,-,2797.0000,2796.8000,2796.6000,2796.4000,2796.0000,2798.2000,2798.4000,2798.6000,2798.8000,2799.8000,1,1,1,1,1,1,2,1,2,1
SF,IH2007,2020-06-02 09:34:34.500,2798.0000,5913,0,93151200.000,0,-,-,-,-,2797.0000,2796.6000,2796.4000,2796.0000,2795.4000,2798.2000,2798.4000,2798.6000,2798.8000,2799.8000,1,1,1,1,1,1,1,1,2,1
SF,IH2007,2020-06-02 09:34:35.500,2798.0000,5913,0,93151200.000,0,-,-,-,-,2797.0000,2796.6000,2796.4000,2796.0000,2795.4000,2798.4000,2798.6000,2798.8000,2799.8000,2800.8000,1,1,1,1,1,1,1,2,1,1
SF,IH2007,2020-06-02 09:34:36.000,2798.0000,5913,0,93151200.000,0,-,-,-,-,2797.0000,2796.6000,2796.4000,2796.0000,2795.4000,2798.4000,2798.6000,2798.8000,2799.8000,2800.8000,1,1,1,1,1,3,1,2,1,1
SF,IH2007,2020-06-02 09:34:36.500,2798.0000,5913,0,93151200.000,0,-,-,-,-,2797.0000,2796.6000,2796.4000,2796.0000,2795.4000,2798.2000,2798.4000,2798.6000,2798.8000,2799.8000,1,1,1,1,1,2,5,1,2,1
SF,IH2007,2020-06-02 09:34:37.000,2798.0000,5913,0,93151200.000,0,-,-,-,-,2797.0000,2796.6000,2796.4000,2796.0000,2795.4000,2798.2000,2798.4000,2798.6000,2798.8000,2799.8000,1,1,1,1,1,2,4,1,2,1
SF,IH2007,2020-06-02 09:34:37.500,2798.0000,5913,0,93151200.000,0,-,-,-,-,2797.0000,2796.6000,2796.4000,2796.0000,2795.4000,2798.2000,2798.4000,2798.6000,2798.8000,2799.8000,1,1,1,1,1,2,2,1,2,1
SF,IH2007,2020-06-02 09:34:38.500,2798.0000,5913,0,93151200.000,0,-,-,-,-,2797.0000,2796.6000,2796.4000,2796.0000,2795.4000,2798.2000,2798.4000,2798.6000,2798.8000,2799.8000,1,1,1,1,1,2,1,1,2,1
SF,IH2007,2020-06-02 09:34:40.500,2798.0000,5913,0,93151200.000,0,-,-,-,-,2797.0000,2796.6000,2796.4000,2796.0000,2795.4000,2798.2000,2798.4000,2799.8000,2800.8000,2803.8000,1,1,1,1,1,2,1,1,1,3
SF,IH2007,2020-06-02 09:34:41.000,2798.0000,5913,0,93151200.000,0,-,-,-,-,2797.0000,2796.6000,2796.4000,2796.0000,2795.4000,2798.2000,2798.4000,2799.8000,2800.8000,2803.8000,1,1,1,1,1,1,1,1,1,3
SF,IH2007,2020-06-02 09:34:41.500,2798.0000,5913,0,93151200.000,0,-,-,-,-,2797.2000,2797.0000,2796.4000,2796.0000,2795.4000,2798.4000,2799.8000,2800.8000,2803.8000,2804.4000,2,1,1,1,1,1,1,1,3,6
SF,IH2007,2020-06-02 09:34:44.000,2798.0000,5913,0,93151200.000,0,-,-,-,-,2797.2000,2797.0000,2796.4000,2796.0000,2795.4000,2798.4000,2799.8000,2800.8000,2803.8000,2804.4000,3,1,1,1,1,1,1,1,3,6
SF,IH2007,2020-06-02 09:34:44.500,2798.0000,5913,0,93151200.000,0,-,-,-,-,2797.2000,2797.0000,2796.4000,2796.0000,2795.4000,2798.4000,2799.8000,2800.8000,2803.8000,2804.4000,2,1,1,1,1,1,1,1,3,6
SF,IH2007,2020-06-02 09:34:45.000,2797.2000,5911,-2,94829520.000,2,0,2,双平,S,2797.0000,2796.4000,2796.0000,2795.4000,2794.0000,2797.2000,2798.2000,2798.4000,2799.8000,2800.8000,1,1,1,1,3,1,1,3,1,1
SF,IH2007,2020-06-02 09:34:45.500,2797.2000,5910,-1,96507780.000,2,0,2,多平,S,2796.0000,2795.4000,2794.0000,2793.8000,2791.4000,2798.4000,2799.8000,2800.8000,2803.8000,2804.4000,1,1,3,1,2,4,1,1,3,6
SF,IH2007,2020-06-02 09:34:46.000,2797.2000,5910,0,96507780.000,0,-,-,-,-,2796.2000,2796.0000,2795.4000,2794.2000,2794.0000,2798.2000,2798.4000,2799.6000,2799.8000,2800.8000,3,1,1,1,3,3,6,1,1,1
SF,IH2007,2020-06-02 09:34:46.500,2797.2000,5910,0,96507780.000,0,-,-,-,-,2796.2000,2796.0000,2795.4000,2794.2000,2794.0000,2798.0000,2798.2000,2798.4000,2799.6000,2799.8000,3,1,1,1,3,2,4,2,1,1
SF,IH2007,2020-06-02 09:34:47.500,2797.2000,5910,0,96507780.000,0,-,-,-,-,2796.2000,2796.0000,2795.4000,2794.2000,2794.0000,2798.0000,2798.2000,2798.4000,2799.6000,2799.8000,1,1,1,1,3,2,4,2,1,1
SF,IH2007,2020-06-02 09:34:48.500,2797.2000,5910,0,96507780.000,0,-,-,-,-,2796.2000,2796.0000,2795.4000,2794.2000,2794.0000,2798.0000,2798.2000,2798.4000,2799.6000,2799.8000,1,1,1,1,3,4,2,2,1,1
SF,IH2007,2020-06-02 09:34:52.000,2797.2000,5910,0,96507780.000,0,-,-,-,-,2796.2000,2796.0000,2795.4000,2794.2000,2794.0000,2797.8000,2798.0000,2798.2000,2798.4000,2799.6000,1,1,1,1,3,1,4,2,2,1
SF,IH2007,2020-06-02 09:34:52.500,2797.2000,5910,0,96507780.000,0,-,-,-,-,2796.2000,2796.0000,2795.4000,2794.2000,2794.0000,2797.6000,2797.8000,2798.0000,2798.2000,2798.4000,1,1,1,1,3,2,1,2,2,2
SF,IH2007,2020-06-02 09:34:53.000,2797.2000,5910,0,96507780.000,0,-,-,-,-,2796.0000,2795.4000,2794.2000,2794.0000,2793.8000,2797.6000,2797.8000,2798.0000,2798.2000,2798.4000,1,1,1,3,1,2,1,2,2,2
SF,IH2007,2020-06-02 09:34:53.500,2797.2000,5910,0,96507780.000,0,-,-,-,-,2796.0000,2795.4000,2794.2000,2794.0000,2793.8000,2797.6000,2797.8000,2798.0000,2798.2000,2798.4000,1,1,1,3,1,1,1,2,2,2
SF,IH2007,2020-06-02 09:34:55.000,2797.6000,5910,0,97347060.000,1,0,1,多换,S,2796.0000,2795.4000,2794.2000,2794.0000,2793.8000,2798.0000,2798.2000,2798.4000,2799.6000,2799.8000,1,1,1,3,1,2,2,2,1,1
SF,IH2007,2020-06-02 09:34:55.500,2797.6000,5910,0,97347060.000,0,-,-,-,-,2796.2000,2796.0000,2795.4000,2794.2000,2794.0000,2797.8000,2798.0000,2798.2000,2798.4000,2799.6000,1,1,1,1,3,2,2,2,2,1
SF,IH2007,2020-06-02 09:34:56.000,2797.6000,5910,0,97347060.000,0,-,-,-,-,2796.2000,2796.0000,2795.4000,2794.2000,2794.0000,2797.8000,2798.0000,2798.2000,2798.4000,2799.6000,1,1,1,1,3,2,2,2,2,1
SF,IH2007,2020-06-02 09:34:56.500,2797.6000,5910,0,97347060.000,0,-,-,-,-,2796.2000,2796.0000,2795.4000,2794.2000,2794.0000,2797.8000,2798.0000,2798.4000,2799.6000,2799.8000,1,1,1,1,3,2,1,2,1,1
SF,IH2007,2020-06-02 09:34:57.000,2797.6000,5910,0,97347060.000,0,-,-,-,-,2796.2000,2796.0000,2795.4000,2794.2000,2794.0000,2797.8000,2798.0000,2798.4000,2799.6000,2799.8000,1,1,1,1,3,1,1,2,1,1
SF,IH2007,2020-06-02 09:34:58.000,2797.6000,5910,0,97347060.000,0,-,-,-,-,2796.2000,2796.0000,2795.4000,2794.2000,2794.0000,2797.8000,2798.0000,2798.4000,2799.6000,2799.8000,1,1,1,1,3,1,1,2,1,1
SF,IH2007,2020-06-02 09:34:59.500,2797.6000,5910,0,97347060.000,0,-,-,-,-,2796.2000,2796.0000,2795.4000,2794.2000,2794.0000,2797.6000,2797.8000,2798.0000,2798.4000,2799.6000,1,1,1,1,3,1,1,1,2,1
SF,IH2007,2020-06-02 09:35:01.000,2797.6000,5910,0,97347060.000,0,-,-,-,-,2796.2000,2796.0000,2795.4000,2794.2000,2794.0000,2797.6000,2797.8000,2798.4000,2799.6000,2799.8000,1,1,1,1,3,1,1,2,1,1
SF,IH2007,2020-06-02 09:35:02.000,2796.0000,5909,-1,99024720.000,2,0,2,多平,S,2795.4000,2794.2000,2794.0000,2793.8000,2791.4000,2797.6000,2797.8000,2798.4000,2799.6000,2799.8000,1,1,3,1,2,1,1,2,1,1
SF,IH2007,2020-06-02 09:35:02.500,2796.0000,5909,0,99024720.000,0,-,-,-,-,2795.4000,2794.2000,2794.0000,2793.8000,2791.4000,2797.4000,2797.6000,2797.8000,2798.4000,2799.6000,1,1,3,1,2,1,1,1,2,1
SF,IH2007,2020-06-02 09:35:03.000,2796.0000,5909,0,99024720.000,0,-,-,-,-,2795.4000,2794.2000,2794.0000,2793.8000,2791.4000,2797.2000,2797.4000,2797.8000,2798.4000,2799.6000,1,1,3,1,2,2,1,1,2,1
SF,IH2007,2020-06-02 09:35:03.500,2796.0000,5909,0,99024720.000,0,-,-,-,-,2795.4000,2794.2000,2794.0000,2793.8000,2791.4000,2797.0000,2797.2000,2797.8000,2798.4000,2799.8000,1,1,3,1,2,1,2,1,2,1
SF,IH2007,2020-06-02 09:35:04.000,2796.0000,5909,0,99024720.000,0,-,-,-,-,2795.4000,2794.2000,2794.0000,2793.8000,2791.4000,2796.8000,2797.0000,2797.2000,2797.8000,2798.4000,1,1,3,1,2,1,1,1,1,2
SF,IH2007,2020-06-02 09:35:04.500,2796.0000,5909,0,99024720.000,0,-,-,-,-,2795.4000,2794.2000,2794.0000,2793.8000,2791.4000,2796.6000,2796.8000,2797.2000,2797.8000,2798.4000,1,1,3,1,2,1,1,1,1,2
SF,IH2007,2020-06-02 09:35:05.000,2796.0000,5909,0,99024720.000,0,-,-,-,-,2795.4000,2794.2000,2794.0000,2793.8000,2791.4000,2796.6000,2797.2000,2797.8000,2798.4000,2799.8000,1,1,3,1,2,1,1,1,2,1
SF,IH2007,2020-06-02 09:35:05.500,2796.0000,5909,0,99024720.000,0,-,-,-,-,2795.4000,2794.2000,2794.0000,2793.8000,2791.4000,2796.6000,2797.2000,2797.8000,2798.4000,2799.8000,1,1,3,1,2,1,1,1,2,1
SF,IH2007,2020-06-02 09:35:06.000,2795.4000,5908,-1,99863340.000,1,0,1,双平,S,2794.2000,2794.0000,2793.8000,2792.8000,2791.4000,2796.6000,2797.2000,2797.8000,2798.4000,2799.8000,1,3,1,1,2,1,1,1,2,1
SF,IH2007,2020-06-02 09:35:06.500,2795.4000,5908,0,99863340.000,0,-,-,-,-,2794.4000,2794.2000,2794.0000,2793.8000,2792.8000,2796.4000,2796.6000,2797.2000,2797.8000,2798.4000,1,1,3,1,1,1,1,1,1,2
SF,IH2007,2020-06-02 09:35:07.000,2795.4000,5908,0,99863340.000,0,-,-,-,-,2794.2000,2794.0000,2793.8000,2792.8000,2791.4000,2796.2000,2797.8000,2798.4000,2799.8000,2800.8000,1,3,1,1,2,2,1,2,1,1
SF,IH2007,2020-06-02 09:35:07.500,2795.4000,5908,0,99863340.000,0,-,-,-,-,2794.2000,2794.0000,2793.8000,2792.8000,2791.4000,2795.8000,2796.0000,2796.2000,2797.8000,2798.4000,1,3,1,1,2,1,1,1,1,2
SF,IH2007,2020-06-02 09:35:08.000,2795.4000,5908,0,99863340.000,0,-,-,-,-,2794.2000,2794.0000,2793.8000,2792.8000,2791.4000,2795.6000,2795.8000,2797.8000,2798.4000,2799.8000,1,3,1,1,2,2,1,1,1,1
SF,IH2007,2020-06-02 09:35:08.500,2795.4000,5908,0,99863340.000,0,-,-,-,-,2794.2000,2794.0000,2793.8000,2792.8000,2791.4000,2795.6000,2795.8000,2797.8000,2798.4000,2799.8000,1,3,1,1,2,2,1,1,1,1
SF,IH2007,2020-06-02 09:35:09.000,2795.4000,5908,0,99863340.000,0,-,-,-,-,2794.0000,2793.8000,2792.8000,2791.4000,2791.2000,2795.4000,2795.6000,2795.8000,2797.8000,2798.4000,3,1,1,2,2,2,2,1,1,1
SF,IH2007,2020-06-02 09:35:09.500,2795.4000,5908,0,99863340.000,0,-,-,-,-,2793.8000,2792.8000,2791.4000,2791.2000,2791.0000,2795.2000,2795.4000,2795.6000,2795.8000,2797.8000,1,1,2,2,1,3,2,1,1,1
SF,IH2007,2020-06-02 09:35:10.000,2795.4000,5908,0,99863340.000,0,-,-,-,-,2792.8000,2791.4000,2791.2000,2791.0000,2790.6000,2795.2000,2795.6000,2795.8000,2797.8000,2798.4000,1,2,2,1,2,1,1,1,1,1
SF,IH2007,2020-06-02 09:35:10.500,2795.4000,5908,0,99863340.000,0,-,-,-,-,2793.0000,2792.8000,2791.4000,2791.2000,2791.0000,2795.2000,2795.8000,2798.4000,2799.8000,2800.8000,3,2,3,2,1,1,1,1,1,1
SF,IH2007,2020-06-02 09:35:11.000,2795.4000,5908,0,99863340.000,0,-,-,-,-,2793.2000,2793.0000,2792.8000,2791.4000,2791.2000,2795.2000,2795.8000,2798.4000,2799.8000,2800.8000,2,3,2,3,2,1,1,1,1,1
SF,IH2007,2020-06-02 09:35:11.500,2795.4000,5908,0,99863340.000,0,-,-,-,-,2793.4000,2793.2000,2793.0000,2792.8000,2791.4000,2795.2000,2795.8000,2798.4000,2799.8000,2800.8000,2,2,1,2,3,1,1,1,1,1
SF,IH2007,2020-06-02 09:35:12.000,2795.2000,5907,-1,100701900.000,1,0,1,双平,S,2793.4000,2793.2000,2793.0000,2792.8000,2791.4000,2795.8000,2798.4000,2799.8000,2800.8000,2803.8000,2,2,1,2,3,1,1,1,1,4
SF,IH2007,2020-06-02 09:35:12.500,2795.2000,5907,0,100701900.000,0,-,-,-,-,2793.6000,2793.4000,2793.2000,2793.0000,2792.8000,2795.6000,2795.8000,2798.4000,2799.8000,2800.8000,1,1,2,1,2,3,1,1,1,1
SF,IH2007,2020-06-02 09:35:13.000,2795.2000,5907,0,100701900.000,0,-,-,-,-,2793.8000,2793.6000,2793.2000,2793.0000,2792.8000,2795.6000,2795.8000,2798.4000,2799.8000,2800.8000,1,1,2,1,2,3,1,1,1,1
SF,IH2007,2020-06-02 09:35:13.500,2795.2000,5907,0,100701900.000,0,-,-,-,-,2793.8000,2793.6000,2793.0000,2792.8000,2791.4000,2795.6000,2795.8000,2798.4000,2799.8000,2800.8000,1,1,1,2,2,1,1,1,1,1
SF,IH2007,2020-06-02 09:35:14.000,2795.2000,5907,0,100701900.000,0,-,-,-,-,2794.0000,2793.8000,2793.6000,2793.0000,2792.8000,2795.6000,2795.8000,2798.4000,2799.8000,2800.8000,1,1,1,1,2,1,1,1,1,1
SF,IH2007,2020-06-02 09:35:14.500,2795.2000,5907,0,100701900.000,0,-,-,-,-,2794.2000,2794.0000,2793.6000,2793.0000,2792.8000,2795.6000,2795.8000,2798.4000,2799.8000,2800.8000,2,1,1,1,2,1,1,1,1,1
SF,IH2007,2020-06-02 09:35:15.000,2795.2000,5907,0,100701900.000,0,-,-,-,-,2794.2000,2794.0000,2793.6000,2793.0000,2792.8000,2795.6000,2795.8000,2798.4000,2799.8000,2800.8000,2,1,1,1,2,3,1,1,1,1
SF,IH2007,2020-06-02 09:35:15.500,2795.6000,5905,-2,102379260.000,2,0,2,双平,S,2794.2000,2794.0000,2793.6000,2793.0000,2792.8000,2798.4000,2799.8000,2800.8000,2803.8000,2804.4000,2,1,1,1,2,1,1,1,4,6
SF,IH2007,2020-06-02 09:35:16.000,2795.6000,5905,0,102379260.000,0,-,-,-,-,2794.4000,2794.2000,2793.6000,2793.0000,2792.8000,2796.4000,2796.6000,2797.4000,2798.2000,2798.4000,1,1,1,1,2,2,1,1,10,6
SF,IH2007,2020-06-02 09:35:16.500,2795.6000,5905,0,102379260.000,0,-,-,-,-,2794.6000,2794.4000,2794.0000,2793.0000,2792.8000,2796.4000,2796.6000,2797.4000,2798.2000,2798.4000,2,1,1,1,2,2,1,1,9,6
SF,IH2007,2020-06-02 09:35:17.000,2795.6000,5905,0,102379260.000,0,-,-,-,-,2795.4000,2795.2000,2794.8000,2794.6000,2794.0000,2798.2000,2798.4000,2799.8000,2800.8000,2803.8000,1,1,1,2,1,5,4,1,1,4
SF,IH2007,2020-06-02 09:35:17.500,2795.6000,5905,0,102379260.000,0,-,-,-,-,2795.6000,2795.2000,2794.6000,2794.0000,2793.0000,2796.8000,2798.0000,2798.2000,2798.4000,2799.8000,1,1,1,1,1,1,3,8,2,1
SF,IH2007,2020-06-02 09:35:18.000,2798.0000,5904,-1,103218660.000,1,0,1,双平,S,2795.2000,2794.6000,2794.2000,2794.0000,2793.0000,2798.0000,2798.2000,2798.4000,2799.8000,2800.8000,1,1,1,1,1,2,3,1,1,1
SF,IH2007,2020-06-02 09:35:18.500,2798.0000,5904,0,103218660.000,0,-,-,-,-,2795.4000,2795.2000,2794.2000,2794.0000,2793.0000,2796.8000,2797.6000,2797.8000,2798.0000,2798.2000,2,1,1,1,1,1,1,5,2,3
SF,IH2007,2020-06-02 09:35:19.000,2798.0000,5904,0,103218660.000,0,-,-,-,-,2795.4000,2795.2000,2794.2000,2794.0000,2793.0000,2796.8000,2797.8000,2798.0000,2798.2000,2798.4000,2,1,1,1,1,1,5,2,3,1
SF,IH2007,2020-06-02 09:35:19.500,2798.0000,5904,0,103218660.000,0,-,-,-,-,2795.4000,2795.2000,2794.2000,2794.0000,2793.0000,2796.8000,2797.8000,2798.0000,2798.2000,2798.4000,2,1,1,1,1,1,4,2,3,1
SF,IH2007,2020-06-02 09:35:20.000,2798.0000,5904,0,103218660.000,0,-,-,-,-,2795.4000,2795.2000,2794.2000,2794.0000,2793.0000,2796.8000,2797.8000,2798.0000,2798.2000,2798.4000,1,1,1,1,1,1,3,2,3,1
SF,IH2007,2020-06-02 09:35:20.500,2798.0000,5904,0,103218660.000,0,-,-,-,-,2795.4000,2795.2000,2794.2000,2794.0000,2793.0000,2796.8000,2797.8000,2798.0000,2798.2000,2798.4000,1,1,1,1,1,1,3,2,3,1
SF,IH2007,2020-06-02 09:35:21.000,2798.0000,5904,0,103218660.000,0,-,-,-,-,2795.4000,2795.2000,2794.2000,2794.0000,2793.0000,2796.8000,2797.8000,2798.0000,2798.2000,2798.4000,1,1,1,1,1,1,3,2,3,1
SF,IH2007,2020-06-02 09:35:21.500,2798.0000,5904,0,103218660.000,0,-,-,-,-,2795.4000,2795.2000,2794.2000,2794.0000,2793.0000,2796.6000,2796.8000,2797.8000,2798.0000,2798.2000,1,1,1,1,1,1,1,3,2,3
SF,IH2007,2020-06-02 09:35:22.000,2798.0000,5904,0,103218660.000,0,-,-,-,-,2795.4000,2795.2000,2794.2000,2794.0000,2793.0000,2796.6000,2797.8000,2798.0000,2798.2000,2798.4000,1,1,1,1,1,1,2,2,3,1
SF,IH2007,2020-06-02 09:35:26.000,2798.0000,5904,0,103218660.000,0,-,-,-,-,2795.4000,2795.2000,2794.2000,2794.0000,2793.0000,2796.2000,2796.6000,2797.8000,2798.0000,2798.2000,1,1,1,1,1,1,1,2,2,3
SF,IH2007,2020-06-02 09:35:26.500,2796.2000,5903,-1,104057520.000,1,0,1,双平,S,2795.4000,2795.2000,2794.2000,2794.0000,2793.0000,2796.6000,2797.8000,2798.0000,2798.2000,2798.4000,1,1,1,1,1,1,2,2,3,1
SF,IH2007,2020-06-02 09:35:29.500,2795.4000,5902,-1,104896140.000,1,0,1,双平,S,2795.2000,2794.2000,2794.0000,2793.0000,2791.4000,2796.6000,2797.8000,2798.0000,2798.2000,2798.4000,1,1,1,1,2,1,2,2,3,1
SF,IH2007,2020-06-02 09:35:30.000,2795.4000,5902,0,104896140.000,0,-,-,-,-,2795.2000,2794.2000,2794.0000,2793.0000,2791.4000,2796.4000,2796.6000,2797.8000,2798.0000,2798.2000,1,1,1,1,2,1,1,2,1,3
SF,IH2007,2020-06-02 09:35:30.500,2795.4000,5902,0,104896140.000,0,-,-,-,-,2795.2000,2794.2000,2794.0000,2793.0000,2791.4000,2796.4000,2797.8000,2798.0000,2798.2000,2798.4000,1,1,1,1,2,1,2,1,3,1
SF,IH2007,2020-06-02 09:35:34.500,2795.4000,5902,0,104896140.000,0,-,-,-,-,2795.2000,2794.0000,2793.0000,2791.4000,2791.2000,2796.4000,2797.8000,2798.0000,2798.2000,2798.4000,1,1,1,2,2,1,2,1,3,1
SF,IH2007,2020-06-02 09:35:35.000,2796.4000,5901,-1,105735060.000,1,0,1,双平,S,2796.4000,2795.2000,2794.0000,2793.0000,2791.4000,2797.8000,2798.0000,2798.2000,2798.4000,2799.8000,1,1,1,1,2,2,1,3,1,1
SF,IH2007,2020-06-02 09:35:35.500,2795.2000,5900,-1,106573620.000,1,0,1,双平,S,2794.0000,2793.0000,2791.4000,2791.2000,2791.0000,2797.0000,2797.2000,2797.6000,2797.8000,2798.0000,1,1,2,2,1,1,1,1,3,1
SF,IH2007,2020-06-02 09:35:36.000,2795.2000,5900,0,106573620.000,0,-,-,-,-,2795.4000,2795.0000,2794.2000,2794.0000,2791.4000,2797.6000,2797.8000,2798.0000,2798.2000,2798.4000,1,1,17,4,2,1,3,1,2,1
SF,IH2007,2020-06-02 09:35:36.500,2795.2000,5900,0,106573620.000,0,-,-,-,-,2795.6000,2795.0000,2794.2000,2794.0000,2791.4000,2797.6000,2797.8000,2798.2000,2798.4000,2799.8000,2,1,15,4,2,1,1,2,1,1
SF,IH2007,2020-06-02 09:35:37.000,2795.2000,5900,0,106573620.000,0,-,-,-,-,2795.6000,2795.0000,2794.2000,2794.0000,2791.4000,2797.6000,2797.8000,2798.2000,2798.4000,2799.8000,2,1,15,4,2,1,1,1,1,1
SF,IH2007,2020-06-02 09:35:37.500,2795.2000,5900,0,106573620.000,0,-,-,-,-,2795.8000,2795.6000,2795.0000,2794.2000,2794.0000,2797.6000,2798.2000,2799.8000,2800.0000,2800.8000,1,2,1,15,4,1,1,1,3,1
SF,IH2007,2020-06-02 09:35:38.000,2795.2000,5900,0,106573620.000,0,-,-,-,-,2796.0000,2795.8000,2795.0000,2794.2000,2794.0000,2797.6000,2798.2000,2799.8000,2800.0000,2800.8000,2,1,1,15,4,1,1,1,3,1
SF,IH2007,2020-06-02 09:35:39.500,2795.2000,5900,0,106573620.000,0,-,-,-,-,2796.0000,2795.0000,2794.2000,2794.0000,2791.4000,2797.6000,2798.2000,2799.8000,2800.0000,2800.8000,2,1,14,4,2,1,1,1,3,1
SF,IH2007,2020-06-02 09:35:40.000,2795.2000,5900,0,106573620.000,0,-,-,-,-,2796.0000,2795.0000,2794.2000,2794.0000,2791.4000,2797.4000,2797.6000,2798.2000,2799.8000,2800.0000,1,1,9,4,2,2,1,1,1,3
SF,IH2007,2020-06-02 09:35:40.500,2795.2000,5900,0,106573620.000,0,-,-,-,-,2796.0000,2795.0000,2794.2000,2794.0000,2791.4000,2797.2000,2797.4000,2797.6000,2798.2000,2799.8000,1,1,9,4,2,1,2,1,1,1
SF,IH2007,2020-06-02 09:35:41.000,2795.2000,5900,0,106573620.000,0,-,-,-,-,2796.0000,2795.0000,2794.2000,2794.0000,2791.4000,2797.4000,2797.6000,2798.2000,2799.8000,2800.0000,1,1,8,4,2,1,1,1,1,3
SF,IH2007,2020-06-02 09:35:42.000,2795.2000,5900,0,106573620.000,0,-,-,-,-,2796.0000,2795.0000,2794.2000,2794.0000,2791.4000,2797.6000,2798.2000,2799.8000,2800.0000,2800.8000,1,1,8,4,2,1,1,1,3,1
SF,IH2007,2020-06-02 09:35:42.500,2795.2000,5900,0,106573620.000,0,-,-,-,-,2796.0000,2795.0000,2794.2000,2794.0000,2791.4000,2797.4000,2797.6000,2798.2000,2799.8000,2800.0000,1,1,8,4,2,1,1,1,1,3
SF,IH2007,2020-06-02 09:35:46.500,2795.2000,5900,0,106573620.000,0,-,-,-,-,2796.2000,2796.0000,2795.0000,2794.2000,2794.0000,2797.4000,2797.6000,2798.2000,2799.8000,2800.0000,1,1,1,8,4,1,1,1,1,3
SF,IH2007,2020-06-02 09:35:47.000,2797.2000,5899,-1,107412780.000,1,0,1,双平,S,2796.2000,2796.0000,2795.0000,2794.2000,2794.0000,2797.4000,2797.6000,2798.2000,2799.8000,2800.0000,1,1,1,8,4,1,1,1,1,3
SF,IH2007,2020-06-02 09:35:47.500,2797.2000,5899,0,107412780.000,0,-,-,-,-,2796.4000,2796.2000,2796.0000,2795.0000,2794.2000,2797.6000,2798.2000,2799.8000,2800.0000,2800.8000,1,1,1,1,8,1,1,1,3,1
SF,IH2007,2020-06-02 09:35:48.000,2796.4000,5898,-1,108251700.000,1,0,1,双平,S,2796.2000,2796.0000,2795.0000,2794.2000,2794.0000,2797.6000,2798.2000,2799.8000,2800.0000,2800.8000,1,1,1,8,4,1,1,1,3,1
SF,IH2007,2020-06-02 09:35:48.500,2796.4000,5898,0,108251700.000,0,-,-,-,-,2796.4000,2796.2000,2795.0000,2794.2000,2794.0000,2798.2000,2799.8000,2800.0000,2800.8000,2803.8000,2,1,1,8,4,1,1,3,1,4
SF,IH2007,2020-06-02 09:35:49.000,2796.4000,5898,0,108251700.000,0,-,-,-,-,2796.6000,2796.4000,2796.2000,2795.0000,2794.2000,2798.2000,2798.4000,2799.8000,2800.0000,2800.8000,1,2,1,1,8,1,1,1,3,1
SF,IH2007,2020-06-02 09:35:49.500,2796.4000,5898,0,108251700.000,0,-,-,-,-,2796.6000,2796.4000,2796.2000,2795.0000,2794.2000,2798.0000,2798.2000,2798.4000,2799.8000,2800.0000,1,2,1,1,8,2,1,1,1,3
SF,IH2007,2020-06-02 09:35:51.000,2796.4000,5898,0,108251700.000,0,-,-,-,-,2796.6000,2796.4000,2796.2000,2795.0000,2794.2000,2797.4000,2798.0000,2798.2000,2798.4000,2799.8000,1,2,1,1,8,1,2,1,1,1
SF,IH2007,2020-06-02 09:35:51.500,2796.4000,5898,0,108251700.000,0,-,-,-,-,2796.4000,2796.2000,2795.0000,2794.2000,2794.0000,2797.4000,2798.0000,2798.2000,2798.4000,2799.8000,2,1,1,8,4,1,1,1,1,1
SF,IH2007,2020-06-02 09:35:56.000,2797.4000,5898,0,109090920.000,1,0,1,多换,S,2796.4000,2796.2000,2795.0000,2794.2000,2794.0000,2798.0000,2798.2000,2798.4000,2799.8000,2800.0000,2,1,1,8,4,1,1,1,1,3
SF,IH2007,2020-06-02 09:35:56.500,2797.4000,5898,0,109090920.000,0,-,-,-,-,2796.4000,2796.2000,2795.0000,2794.2000,2794.0000,2797.8000,2798.0000,2798.2000,2798.4000,2799.8000,2,1,1,8,4,1,1,1,1,1
SF,IH2007,2020-06-02 09:35:57.500,2797.4000,5898,0,109090920.000,0,-,-,-,-,2796.4000,2796.2000,2795.0000,2794.2000,2794.0000,2797.8000,2798.0000,2798.2000,2798.4000,2799.8000,2,1,1,8,4,1,1,1,1,1
SF,IH2007,2020-06-02 09:35:58.000,2797.4000,5898,0,109090920.000,0,-,-,-,-,2796.4000,2796.2000,2795.0000,2794.2000,2794.0000,2798.0000,2798.2000,2799.8000,2800.0000,2800.8000,2,1,1,8,4,1,1,1,3,1
SF,IH2007,2020-06-02 09:35:58.500,2797.4000,5898,0,109090920.000,0,-,-,-,-,2796.6000,2796.4000,2796.2000,2795.0000,2794.2000,2798.0000,2798.2000,2799.8000,2800.0000,2800.8000,1,2,1,1,8,1,1,1,3,1
SF,IH2007,2020-06-02 09:35:59.000,2797.4000,5898,0,109090920.000,0,-,-,-,-,2796.8000,2796.6000,2796.4000,2796.2000,2795.0000,2798.0000,2798.2000,2799.8000,2800.0000,2800.8000,1,1,2,1,1,1,1,1,3,1
SF,IH2007,2020-06-02 09:36:00.000,2797.4000,5898,0,109090920.000,0,-,-,-,-,2796.8000,2796.6000,2796.4000,2796.2000,2795.0000,2798.0000,2799.8000,2800.0000,2800.8000,2803.8000,1,1,2,1,1,1,1,3,1,4
SF,IH2007,2020-06-02 09:36:00.500,2797.4000,5898,0,109090920.000,0,-,-,-,-,2796.8000,2796.6000,2796.4000,2796.2000,2795.0000,2799.8000,2800.0000,2800.8000,2803.8000,2804.4000,1,1,2,1,1,1,3,1,4,6
SF,IH2007,2020-06-02 09:36:01.000,2797.4000,5898,0,109090920.000,0,-,-,-,-,2797.0000,2796.8000,2796.6000,2796.2000,2795.0000,2798.6000,2799.2000,2799.6000,2799.8000,2800.0000,2,1,1,1,1,2,1,8,5,3
SF,IH2007,2020-06-02 09:36:01.500,2797.0000,5897,-1,109930020.000,1,0,1,双平,S,2797.0000,2796.2000,2795.0000,2794.2000,2794.0000,2798.4000,2798.6000,2799.2000,2799.6000,2799.8000,1,1,1,8,4,3,3,1,8,4
SF,IH2007,2020-06-02 09:36:02.000,2797.0000,5897,0,109930020.000,0,-,-,-,-,2797.0000,2796.2000,2795.0000,2794.2000,2794.0000,2798.4000,2798.6000,2799.2000,2799.6000,2799.8000,1,1,1,8,4,5,3,1,8,4
SF,IH2007,2020-06-02 09:36:02.500,2797.0000,5897,0,109930020.000,0,-,-,-,-,2797.0000,2796.2000,2795.0000,2794.2000,2794.0000,2798.4000,2798.6000,2799.2000,2799.6000,2799.8000,1,1,1,8,4,4,3,1,8,4
SF,IH2007,2020-06-02 09:36:03.500,2797.0000,5897,0,109930020.000,0,-,-,-,-,2797.0000,2796.2000,2795.0000,2794.2000,2794.0000,2798.4000,2798.6000,2799.2000,2799.6000,2799.8000,2,1,1,8,4,4,3,1,8,4
SF,IH2007,2020-06-02 09:36:04.000,2797.0000,5897,0,109930020.000,0,-,-,-,-,2797.0000,2796.2000,2795.0000,2794.2000,2794.0000,2798.4000,2798.6000,2799.2000,2799.6000,2799.8000,2,1,1,8,4,5,2,1,8,4
SF,IH2007,2020-06-02 09:36:04.500,2797.0000,5897,0,109930020.000,0,-,-,-,-,2797.0000,2796.2000,2795.0000,2794.2000,2794.0000,2798.4000,2798.6000,2799.2000,2799.6000,2799.8000,2,1,1,8,4,6,2,1,8,4
SF,IH2007,2020-06-02 09:36:05.000,2797.0000,5896,-1,111608220.000,2,0,2,多平,S,2796.2000,2795.0000,2794.2000,2794.0000,2791.4000,2796.8000,2798.2000,2798.4000,2798.6000,2799.2000,1,1,8,4,2,1,1,7,2,1
SF,IH2007,2020-06-02 09:36:05.500,2797.0000,5896,0,111608220.000,0,-,-,-,-,2796.2000,2795.0000,2794.2000,2794.0000,2791.4000,2798.2000,2798.4000,2798.6000,2799.2000,2799.6000,1,1,8,4,2,1,6,2,1,8
SF,IH2007,2020-06-02 09:36:06.000,2797.0000,5896,0,111608220.000,0,-,-,-,-,2796.2000,2794.2000,2794.0000,2791.4000,2791.2000,2798.0000,2798.2000,2798.4000,2798.6000,2798.8000,1,8,4,2,2,5,3,4,2,1
SF,IH2007,2020-06-02 09:36:06.500,2797.0000,5896,0,111608220.000,0,-,-,-,-,2794.2000,2794.0000,2791.4000,2791.2000,2791.0000,2797.8000,2798.0000,2798.2000,2798.4000,2798.6000,8,4,2,2,1,2,5,3,4,2
SF,IH2007,2020-06-02 09:36:07.000,2797.0000,5896,0,111608220.000,0,-,-,-,-,2794.6000,2794.4000,2794.2000,2794.0000,2791.4000,2797.6000,2797.8000,2798.0000,2798.2000,2798.4000,1,3,10,2,2,2,2,2,2,3
SF,IH2007,2020-06-02 09:36:07.500,2797.0000,5896,0,111608220.000,0,-,-,-,-,2794.8000,2794.6000,2794.4000,2794.2000,2794.0000,2797.6000,2797.8000,2798.0000,2798.2000,2798.4000,2,1,2,8,2,2,1,2,2,3
SF,IH2007,2020-06-02 09:36:08.000,2797.0000,5896,0,111608220.000,0,-,-,-,-,2794.8000,2794.4000,2794.2000,2794.0000,2791.4000,2797.4000,2797.6000,2797.8000,2798.0000,2798.2000,1,2,8,2,2,1,2,1,2,2
SF,IH2007,2020-06-02 09:36:08.500,2797.0000,5896,0,111608220.000,0,-,-,-,-,2795.0000,2794.8000,2794.4000,2794.2000,2794.0000,2797.2000,2797.4000,2798.0000,2798.2000,2798.4000,3,1,2,8,2,1,1,2,2,3
SF,IH2007,2020-06-02 09:36:09.000,2797.0000,5896,0,111608220.000,0,-,-,-,-,2796.2000,2795.2000,2795.0000,2794.4000,2794.2000,2797.2000,2797.4000,2798.2000,2798.4000,2798.6000,1,4,4,2,6,1,1,1,2,2
SF,IH2007,2020-06-02 09:36:09.500,2797.0000,5896,0,111608220.000,0,-,-,-,-,2796.4000,2795.2000,2795.0000,2794.4000,2794.2000,2797.4000,2798.2000,2798.4000,2798.6000,2798.8000,1,3,3,2,6,1,1,2,2,1
SF,IH2007,2020-06-02 09:36:10.000,2797.0000,5896,0,111608220.000,0,-,-,-,-,2796.4000,2795.2000,2795.0000,2794.4000,2794.2000,2797.4000,2798.2000,2798.4000,2798.6000,2798.8000,1,2,3,2,6,1,1,2,2,1
SF,IH2007,2020-06-02 09:36:11.500,2797.0000,5896,0,111608220.000,0,-,-,-,-,2796.4000,2795.2000,2795.0000,2794.4000,2794.2000,2797.4000,2798.2000,2798.4000,2798.6000,2798.8000,1,1,3,2,6,1,1,2,2,1
