市场代码,合约代码,时间,最新,持仓,增仓,成交额,成交量,开仓,平仓,成交类型,方向,买一价,买二价,买三价,买四价,买五价,卖一价,卖二价,卖三价,卖四价,卖五价,买一量,买二量,买三量,买四量,买五量,卖一量,卖二量,卖三量,卖四量,卖五量
SF,IH2010,2020-09-11 09:29:00.000,3220.0000,4182,0,3864000.000,4.000,-,-,-,-,3216.2000,3215.0000,3211.0000,3210.0000,3207.8000,3220.0000,3221.8000,3223.8000,3224.0000,3225.0000,1,1,1,1,1,3,4,1,1,1
SF,IH2010,2020-09-11 09:30:00.500,3220.0000,4185,3,6762000.000,3,3,0,双开,S,3218.4000,3218.2000,3216.6000,3216.2000,3215.0000,3224.0000,3225.0000,3226.2000,3228.0000,3229.8000,1,1,4,1,1,1,1,1,4,7
SF,IH2010,2020-09-11 09:30:01.000,3220.0000,4184,-1,7728000.000,1,0,1,双平,S,3219.2000,3218.8000,3218.6000,3217.2000,3215.0000,3223.8000,3224.0000,3225.0000,3228.0000,3228.2000,1,5,2,2,1,1,1,1,4,1
SF,IH2010,2020-09-11 09:30:01.500,3223.6000,4183,-1,8695080.000,1,0,1,双平,S,3220.6000,3220.0000,3219.8000,3219.6000,3219.4000,3223.8000,3225.0000,3228.0000,3228.2000,3229.8000,1,1,1,5,1,1,1,4,1,7
SF,IH2010,2020-09-11 09:30:02.000,3223.8000,4183,0,9662220.000,1,0,1,多换,S,3221.4000,3221.2000,3221.0000,3220.8000,3220.6000,3225.0000,3228.0000,3228.2000,3229.8000,3232.4000,2,1,2,2,1,1,4,1,7,1
SF,IH2010,2020-09-11 09:30:02.500,3224.8000,4183,0,10629660.000,1,0,1,多换,S,3221.8000,3221.6000,3220.8000,3220.6000,3220.0000,3225.0000,3228.0000,3228.2000,3229.8000,3232.4000,1,2,2,1,1,1,4,1,7,1
SF,IH2010,2020-09-11 09:30:03.000,3224.8000,4183,0,10629660.000,0,-,-,-,-,3222.0000,3221.8000,3221.4000,3220.8000,3220.0000,3225.0000,3228.0000,3229.8000,3232.4000,3233.2000,3,1,1,2,1,1,4,7,1,1
SF,IH2010,2020-09-11 09:30:03.500,3224.8000,4183,0,10629660.000,0,-,-,-,-,3222.4000,3222.0000,3221.4000,3220.8000,3220.0000,3225.0000,3228.0000,3229.8000,3231.4000,3232.4000,2,3,1,2,1,1,4,7,1,1
SF,IH2010,2020-09-11 09:30:04.000,3224.8000,4183,0,10629660.000,0,-,-,-,-,3223.6000,3222.8000,3222.6000,3222.4000,3222.0000,3225.0000,3228.0000,3229.8000,3231.4000,3232.4000,1,3,1,4,1,1,4,7,1,1
SF,IH2010,2020-09-11 09:30:04.500,3225.0000,4182,-1,11597160.000,1,0,1,双平,S,3225.0000,3224.0000,3222.8000,3222.6000,3222.4000,3228.0000,3229.8000,3232.4000,3233.2000,3235.0000,1,2,2,1,2,4,7,1,1,1
SF,IH2010,2020-09-11 09:30:05.000,3225.0000,4182,0,11597160.000,0,-,-,-,-,3225.2000,3225.0000,3224.0000,3222.8000,3222.4000,3228.0000,3229.8000,3232.4000,3232.6000,3233.2000,2,2,2,2,2,4,7,1,1,1
SF,IH2010,2020-09-11 09:30:05.500,3225.0000,4182,0,11597160.000,0,-,-,-,-,3225.2000,3225.0000,3224.0000,3222.8000,3222.4000,3228.0000,3229.8000,3232.4000,3232.6000,3233.2000,2,2,2,2,2,4,7,1,1,1
SF,IH2010,2020-09-11 09:30:06.000,3225.0000,4182,0,11597160.000,0,-,-,-,-,3225.2000,3225.0000,3224.0000,3222.8000,3222.4000,3228.0000,3231.4000,3232.4000,3232.6000,3233.2000,2,2,2,1,2,4,7,1,1,1
SF,IH2010,2020-09-11 09:30:06.500,3225.0000,4182,0,11597160.000,0,-,-,-,-,3226.0000,3225.6000,3225.2000,3225.0000,3222.4000,3228.0000,3231.4000,3232.4000,3233.2000,3235.0000,1,4,4,2,2,4,7,1,1,1
SF,IH2010,2020-09-11 09:30:07.000,3225.0000,4182,0,11597160.000,0,-,-,-,-,3226.0000,3225.6000,3225.2000,3225.0000,3222.4000,3228.0000,3231.4000,3232.4000,3235.0000,3237.6000,1,4,3,2,2,5,7,1,1,5
SF,IH2010,2020-09-11 09:30:07.500,3225.0000,4182,0,11597160.000,0,-,-,-,-,3226.2000,3226.0000,3225.6000,3225.2000,3225.0000,3228.0000,3231.4000,3232.4000,3235.0000,3237.6000,1,1,2,3,2,5,7,1,1,5
SF,IH2010,2020-09-11 09:30:08.000,3225.0000,4182,0,11597160.000,0,-,-,-,-,3226.4000,3226.2000,3225.0000,3222.4000,3218.6000,3228.0000,3231.4000,3232.4000,3235.0000,3237.6000,1,1,1,2,5,5,7,1,1,5
SF,IH2010,2020-09-11 09:30:08.500,3228.0000,4182,0,12565560.000,1,0,1,多换,S,3226.4000,3225.0000,3222.4000,3218.6000,3215.8000,3228.0000,3231.4000,3232.4000,3235.0000,3237.6000,1,1,2,5,1,4,7,1,1,5
SF,IH2010,2020-09-11 09:30:09.000,3226.4000,4181,-1,13533480.000,1,0,1,双平,S,3226.6000,3225.2000,3225.0000,3222.4000,3218.6000,3228.0000,3231.4000,3232.4000,3235.0000,3237.6000,1,1,1,2,5,4,7,1,1,5
SF,IH2010,2020-09-11 09:30:09.500,3226.4000,4181,0,13533480.000,0,-,-,-,-,3226.6000,3225.0000,3222.4000,3218.6000,3215.8000,3228.0000,3231.4000,3232.4000,3235.0000,3237.6000,1,1,2,5,1,4,7,1,1,5
SF,IH2010,2020-09-11 09:30:10.000,3228.0000,4178,-3,16438680.000,3,0,3,双平,S,3226.6000,3225.0000,3222.4000,3218.6000,3215.8000,3228.0000,3231.4000,3232.4000,3235.0000,3237.6000,1,1,2,5,1,1,7,1,1,5
SF,IH2010,2020-09-11 09:30:10.500,3228.0000,4176,-2,18375060.000,2,0,2,双平,S,3230.0000,3228.0000,3225.0000,3222.4000,3218.6000,3231.4000,3232.4000,3235.0000,3237.6000,3245.0000,1,1,1,2,5,7,1,1,5,1
SF,IH2010,2020-09-11 09:30:11.000,3230.0000,4176,0,19344060.000,1,0,1,多换,S,3228.0000,3222.4000,3218.6000,3215.8000,3213.0000,3229.8000,3230.0000,3230.6000,3231.0000,3231.2000,1,2,5,1,1,1,2,1,2,4
SF,IH2010,2020-09-11 09:30:11.500,3230.0000,4176,0,19344060.000,0,-,-,-,-,3228.0000,3222.4000,3218.6000,3215.8000,3213.0000,3229.4000,3229.8000,3230.2000,3231.0000,3231.2000,1,2,5,1,1,1,1,1,2,3
SF,IH2010,2020-09-11 09:30:12.000,3228.0000,4175,-1,20312460.000,1,0,1,双平,S,3222.4000,3218.6000,3215.8000,3213.0000,3211.0000,3229.8000,3230.2000,3231.0000,3231.2000,3231.4000,2,5,1,1,1,1,1,2,3,7
SF,IH2010,2020-09-11 09:30:12.500,3228.0000,4175,0,20312460.000,0,-,-,-,-,3226.0000,3225.6000,3225.2000,3225.0000,3224.0000,3229.6000,3229.8000,3230.2000,3231.0000,3231.2000,1,1,1,1,1,1,1,1,2,3
SF,IH2010,2020-09-11 09:30:13.000,3229.8000,4175,0,22250280.000,2,1,1,多换,S,3226.2000,3225.2000,3224.0000,3222.8000,3222.4000,3230.2000,3231.0000,3231.2000,3232.4000,3237.6000,2,2,1,2,2,1,2,3,1,5
SF,IH2010,2020-09-11 09:30:13.500,3229.8000,4175,0,22250280.000,0,-,-,-,-,3226.2000,3225.2000,3224.0000,3222.8000,3222.4000,3229.6000,3230.2000,3231.0000,3231.2000,3232.4000,1,2,1,2,2,1,1,2,1,1
SF,IH2010,2020-09-11 09:30:14.000,3229.8000,4175,0,22250280.000,0,-,-,-,-,3226.4000,3226.2000,3225.2000,3224.0000,3222.8000,3230.2000,3231.0000,3231.2000,3232.4000,3237.6000,1,1,1,1,2,1,2,1,1,5
SF,IH2010,2020-09-11 09:30:15.500,3229.8000,4175,0,22250280.000,0,-,-,-,-,3226.4000,3226.2000,3225.2000,3224.0000,3222.8000,3230.2000,3231.0000,3231.2000,3232.4000,3237.6000,1,1,1,1,2,1,2,1,1,5
SF,IH2010,2020-09-11 09:30:16.000,3229.8000,4175,0,22250280.000,0,-,-,-,-,3226.4000,3226.2000,3224.0000,3222.8000,3222.4000,3230.0000,3231.0000,3231.2000,3232.4000,3237.6000,1,1,1,2,2,1,1,1,1,5
SF,IH2010,2020-09-11 09:30:16.500,3229.8000,4175,0,22250280.000,0,-,-,-,-,3226.4000,3226.2000,3224.0000,3222.8000,3222.4000,3230.0000,3231.0000,3231.2000,3232.4000,3237.6000,1,1,1,2,2,1,1,1,1,5
SF,IH2010,2020-09-11 09:30:17.000,3229.8000,4175,0,22250280.000,0,-,-,-,-,3226.4000,3226.2000,3224.0000,3222.8000,3222.4000,3229.2000,3229.6000,3229.8000,3230.0000,3231.2000,1,1,1,2,2,1,2,5,1,1
SF,IH2010,2020-09-11 09:30:17.500,3229.8000,4175,0,22250280.000,0,-,-,-,-,3226.4000,3226.2000,3224.0000,3222.8000,3222.4000,3229.2000,3229.6000,3229.8000,3231.2000,3232.4000,1,1,1,2,2,2,1,3,1,1
SF,IH2010,2020-09-11 09:30:18.500,3229.8000,4175,0,22250280.000,0,-,-,-,-,3226.4000,3226.2000,3224.0000,3222.8000,3222.4000,3229.2000,3229.6000,3229.8000,3231.2000,3232.4000,1,1,1,2,2,1,1,3,1,1
SF,IH2010,2020-09-11 09:30:19.000,3229.8000,4175,0,22250280.000,0,-,-,-,-,3226.4000,3226.2000,3224.0000,3222.8000,3222.4000,3229.2000,3229.8000,3231.2000,3232.4000,3237.6000,1,1,1,2,2,1,2,1,1,5
SF,IH2010,2020-09-11 09:30:20.000,3229.8000,4175,0,22250280.000,0,-,-,-,-,3226.4000,3224.0000,3222.8000,3222.4000,3218.6000,3229.2000,3229.8000,3231.2000,3232.4000,3237.6000,1,1,2,2,5,2,1,1,1,5
SF,IH2010,2020-09-11 09:30:20.500,3229.8000,4175,0,22250280.000,0,-,-,-,-,3224.0000,3222.8000,3222.4000,3218.6000,3215.8000,3229.2000,3229.8000,3231.2000,3232.4000,3237.6000,1,2,2,5,1,1,1,1,1,5
SF,IH2010,2020-09-11 09:30:21.000,3229.8000,4175,0,22250280.000,0,-,-,-,-,3225.6000,3225.2000,3225.0000,3224.4000,3224.2000,3229.2000,3229.8000,3231.2000,3232.4000,3237.6000,1,1,1,4,1,1,1,1,1,5
SF,IH2010,2020-09-11 09:30:21.500,3229.8000,4175,0,22250280.000,0,-,-,-,-,3225.8000,3225.6000,3225.2000,3225.0000,3224.4000,3229.2000,3229.8000,3231.2000,3232.4000,3237.6000,2,1,1,1,3,1,1,1,1,5
SF,IH2010,2020-09-11 09:30:22.000,3229.8000,4175,0,22250280.000,0,-,-,-,-,3226.0000,3225.8000,3225.6000,3225.2000,3224.4000,3229.2000,3231.2000,3232.4000,3237.6000,3245.0000,1,2,2,1,3,1,1,1,5,1
SF,IH2010,2020-09-11 09:30:22.500,3229.8000,4175,0,22250280.000,0,-,-,-,-,3226.0000,3225.8000,3225.6000,3225.2000,3224.4000,3229.2000,3231.2000,3232.4000,3237.6000,3245.0000,1,2,1,1,3,1,1,1,5,1
SF,IH2010,2020-09-11 09:30:23.000,3229.8000,4175,0,22250280.000,0,-,-,-,-,3226.0000,3225.8000,3225.6000,3225.2000,3224.4000,3229.2000,3231.2000,3232.4000,3237.6000,3245.0000,1,1,1,1,3,1,1,1,5,1
SF,IH2010,2020-09-11 09:30:23.500,3229.8000,4175,0,22250280.000,0,-,-,-,-,3226.0000,3225.8000,3225.6000,3225.2000,3224.4000,3229.2000,3231.2000,3232.4000,3237.6000,3245.0000,1,1,1,1,3,1,1,1,5,1
SF,IH2010,2020-09-11 09:30:24.000,3229.8000,4175,0,22250280.000,0,-,-,-,-,3226.2000,3226.0000,3225.8000,3225.6000,3225.2000,3229.2000,3231.2000,3232.4000,3237.6000,3245.0000,1,1,1,1,1,1,1,1,5,1
SF,IH2010,2020-09-11 09:30:24.500,3229.8000,4175,0,22250280.000,0,-,-,-,-,3226.2000,3226.0000,3225.8000,3225.6000,3225.2000,3229.2000,3231.2000,3232.4000,3237.6000,3245.0000,1,1,1,1,1,1,1,1,5,1
SF,IH2010,2020-09-11 09:30:25.000,3229.8000,4175,0,22250280.000,0,-,-,-,-,3226.2000,3226.0000,3225.8000,3225.6000,3225.2000,3229.2000,3231.2000,3232.4000,3237.6000,3245.0000,1,1,1,1,1,1,1,1,5,1
SF,IH2010,2020-09-11 09:30:25.500,3229.8000,4175,0,22250280.000,0,-,-,-,-,3226.6000,3226.2000,3226.0000,3225.8000,3225.6000,3229.2000,3231.2000,3232.4000,3237.6000,3245.0000,1,1,1,1,1,1,1,1,5,1
SF,IH2010,2020-09-11 09:30:26.000,3229.8000,4175,0,22250280.000,0,-,-,-,-,3227.0000,3226.6000,3226.0000,3225.8000,3225.6000,3229.2000,3231.2000,3232.4000,3237.6000,3245.0000,1,1,1,1,1,1,1,1,5,1
SF,IH2010,2020-09-11 09:30:26.500,3229.2000,4175,0,23219040.000,1,0,1,多换,S,3229.2000,3227.4000,3227.0000,3226.0000,3225.6000,3232.4000,3237.6000,3245.0000,3246.2000,3264.4000,1,1,1,1,1,1,5,1,1,7
SF,IH2010,2020-09-11 09:30:27.000,3229.2000,4175,0,23219040.000,0,-,-,-,-,3229.2000,3227.4000,3227.0000,3225.6000,3225.2000,3231.8000,3232.0000,3232.2000,3232.4000,3237.6000,1,1,1,1,1,2,1,1,1,5
SF,IH2010,2020-09-11 09:30:27.500,3229.2000,4175,0,23219040.000,0,-,-,-,-,3229.4000,3229.2000,3227.0000,3225.6000,3225.2000,3231.8000,3232.0000,3232.4000,3237.6000,3245.0000,1,1,1,1,1,2,3,1,5,1
SF,IH2010,2020-09-11 09:30:28.000,3229.2000,4175,0,23219040.000,0,-,-,-,-,3229.4000,3229.2000,3227.0000,3225.6000,3225.2000,3231.8000,3232.0000,3232.4000,3237.6000,3245.0000,1,1,1,1,1,2,3,1,5,1
SF,IH2010,2020-09-11 09:30:28.500,3229.2000,4175,0,23219040.000,0,-,-,-,-,3229.4000,3229.2000,3227.0000,3225.6000,3225.2000,3231.8000,3232.0000,3232.4000,3237.6000,3245.0000,1,1,1,1,1,1,1,1,5,1
SF,IH2010,2020-09-11 09:30:29.000,3229.4000,4174,-1,24187860.000,1,0,1,双平,S,3227.0000,3225.6000,3225.2000,3224.4000,3218.6000,3231.2000,3231.4000,3231.8000,3232.4000,3237.6000,1,1,1,2,5,1,1,1,1,5
SF,IH2010,2020-09-11 09:30:29.500,3229.4000,4174,0,24187860.000,0,-,-,-,-,3227.0000,3225.6000,3225.2000,3224.4000,3218.6000,3231.0000,3231.2000,3231.8000,3232.4000,3237.6000,1,1,1,2,5,1,2,1,1,5
SF,IH2010,2020-09-11 09:30:30.000,3229.4000,4174,0,24187860.000,0,-,-,-,-,3227.0000,3225.6000,3225.2000,3224.4000,3218.6000,3231.0000,3231.2000,3231.8000,3232.4000,3237.6000,2,1,1,2,5,1,1,1,1,5
SF,IH2010,2020-09-11 09:30:30.500,3229.4000,4174,0,24187860.000,0,-,-,-,-,3225.6000,3225.2000,3225.0000,3224.4000,3218.6000,3231.0000,3231.8000,3232.4000,3237.6000,3245.0000,1,1,1,2,5,1,1,1,5,1
SF,IH2010,2020-09-11 09:30:31.000,3229.4000,4174,0,24187860.000,0,-,-,-,-,3227.0000,3225.8000,3225.6000,3225.0000,3224.4000,3230.4000,3230.6000,3230.8000,3231.8000,3232.4000,1,1,1,1,2,1,2,1,1,1
SF,IH2010,2020-09-11 09:30:31.500,3229.4000,4174,0,24187860.000,0,-,-,-,-,3227.0000,3225.6000,3225.0000,3218.6000,3215.8000,3229.2000,3230.0000,3230.2000,3230.8000,3232.4000,1,1,1,5,1,1,4,1,1,1
SF,IH2010,2020-09-11 09:30:32.000,3227.0000,4173,-1,25155960.000,1,0,1,双平,S,3225.6000,3225.0000,3218.6000,3215.8000,3215.0000,3227.0000,3228.0000,3228.2000,3228.4000,3228.8000,1,1,5,1,1,2,1,1,1,2
SF,IH2010,2020-09-11 09:30:32.500,3227.0000,4173,0,25155960.000,0,-,-,-,-,3225.6000,3225.0000,3218.6000,3215.8000,3215.0000,3227.0000,3229.2000,3230.2000,3230.8000,3232.4000,1,1,5,1,1,2,2,1,1,1
SF,IH2010,2020-09-11 09:30:33.000,3227.0000,4173,0,25155960.000,0,-,-,-,-,3225.6000,3225.0000,3218.6000,3215.8000,3215.0000,3227.0000,3229.2000,3230.2000,3230.8000,3232.4000,1,1,5,1,1,2,1,1,1,1
SF,IH2010,2020-09-11 09:30:34.000,3227.0000,4173,0,25155960.000,0,-,-,-,-,3225.6000,3225.0000,3218.6000,3215.8000,3215.0000,3227.0000,3229.2000,3232.4000,3237.6000,3245.0000,1,1,5,1,1,2,1,1,5,1
SF,IH2010,2020-09-11 09:30:34.500,3227.0000,4173,0,25155960.000,0,-,-,-,-,3225.6000,3225.0000,3218.6000,3215.8000,3215.0000,3227.0000,3232.4000,3237.6000,3245.0000,3246.2000,1,1,5,1,1,2,1,5,1,1
SF,IH2010,2020-09-11 09:30:35.000,3227.0000,4173,0,25155960.000,0,-,-,-,-,3225.6000,3225.0000,3218.6000,3215.8000,3215.0000,3227.0000,3232.4000,3237.6000,3245.0000,3246.2000,1,1,5,1,1,2,1,5,1,1
SF,IH2010,2020-09-11 09:30:35.500,3225.8000,4172,-1,26123700.000,1,0,1,双平,S,3225.6000,3225.0000,3218.6000,3215.8000,3215.0000,3227.0000,3232.4000,3237.6000,3245.0000,3246.2000,1,1,5,1,1,2,1,5,1,1
SF,IH2010,2020-09-11 09:30:36.000,3225.6000,4171,-1,27091380.000,1,0,1,双平,S,3225.0000,3218.6000,3215.8000,3215.0000,3213.0000,3227.0000,3232.4000,3237.6000,3245.0000,3246.2000,1,5,1,1,1,2,1,5,1,1
SF,IH2010,2020-09-11 09:30:36.500,3225.0000,4171,0,28058880.000,1,0,1,多换,S,3218.6000,3215.8000,3215.0000,3213.0000,3211.0000,3225.0000,3227.0000,3232.4000,3237.6000,3245.0000,5,1,1,1,1,1,2,1,5,1
SF,IH2010,2020-09-11 09:30:37.000,3225.0000,4171,0,28058880.000,0,-,-,-,-,3223.8000,3222.8000,3222.2000,3221.4000,3220.8000,3225.0000,3227.0000,3232.4000,3237.6000,3245.0000,1,3,1,2,1,1,2,1,5,1
SF,IH2010,2020-09-11 09:30:37.500,3225.0000,4171,0,28058880.000,0,-,-,-,-,3222.8000,3222.2000,3221.4000,3220.8000,3220.0000,3223.6000,3225.0000,3227.0000,3232.4000,3237.6000,1,1,2,1,1,2,1,2,1,5
SF,IH2010,2020-09-11 09:30:38.000,3222.8000,4170,-1,29025720.000,1,0,1,双平,S,3221.4000,3220.8000,3220.0000,3219.0000,3218.6000,3222.8000,3223.6000,3225.0000,3232.4000,3237.6000,2,1,1,4,5,1,2,1,1,5
SF,IH2010,2020-09-11 09:30:38.500,3222.8000,4170,0,29025720.000,0,-,-,-,-,3222.0000,3221.4000,3220.8000,3220.0000,3219.0000,3222.8000,3223.6000,3225.0000,3232.4000,3237.6000,1,2,1,1,4,1,2,1,1,5
SF,IH2010,2020-09-11 09:30:39.000,3222.8000,4170,0,29025720.000,0,-,-,-,-,3219.0000,3215.8000,3215.0000,3214.8000,3213.0000,3222.0000,3223.6000,3225.0000,3232.4000,3237.6000,4,1,1,5,1,1,2,1,1,5
SF,IH2010,2020-09-11 09:30:39.500,3222.8000,4170,0,29025720.000,0,-,-,-,-,3220.0000,3219.6000,3219.0000,3215.8000,3215.0000,3223.6000,3232.4000,3237.6000,3245.0000,3246.2000,1,1,4,1,1,2,1,5,1,1
SF,IH2010,2020-09-11 09:30:40.000,3222.8000,4170,0,29025720.000,0,-,-,-,-,3222.4000,3221.4000,3220.8000,3220.4000,3220.0000,3223.6000,3232.4000,3237.6000,3245.0000,3246.2000,1,2,1,4,1,2,1,5,1,1
SF,IH2010,2020-09-11 09:30:40.500,3222.8000,4170,0,29025720.000,0,-,-,-,-,3220.4000,3220.0000,3215.8000,3215.0000,3214.8000,3223.6000,3232.4000,3237.6000,3245.0000,3246.2000,4,1,1,1,5,2,1,5,1,1
SF,IH2010,2020-09-11 09:30:41.000,3222.8000,4170,0,29025720.000,0,-,-,-,-,3220.4000,3220.0000,3215.8000,3215.0000,3214.8000,3223.6000,3232.4000,3237.6000,3245.0000,3246.2000,4,1,1,1,5,2,1,5,1,1
SF,IH2010,2020-09-11 09:30:41.500,3222.8000,4170,0,29025720.000,0,-,-,-,-,3222.0000,3221.4000,3220.8000,3220.4000,3220.0000,3223.6000,3232.4000,3237.6000,3245.0000,3246.2000,1,2,2,4,1,2,1,5,1,1
SF,IH2010,2020-09-11 09:30:42.000,3222.8000,4170,0,29025720.000,0,-,-,-,-,3222.0000,3221.4000,3220.8000,3220.4000,3220.0000,3223.6000,3232.4000,3237.6000,3245.0000,3246.2000,1,2,2,4,1,2,1,5,1,1
SF,IH2010,2020-09-11 09:30:42.500,3222.8000,4170,0,29025720.000,0,-,-,-,-,3222.0000,3221.4000,3220.8000,3220.4000,3220.0000,3232.4000,3237.6000,3245.0000,3246.2000,3264.4000,1,2,2,4,1,1,5,1,1,8
SF,IH2010,2020-09-11 09:30:43.000,3222.8000,4170,0,29025720.000,0,-,-,-,-,3223.6000,3222.4000,3222.2000,3222.0000,3221.4000,3229.2000,3229.6000,3229.8000,3232.0000,3232.4000,2,2,3,1,2,1,1,1,4,1
SF,IH2010,2020-09-11 09:30:43.500,3222.8000,4170,0,29025720.000,0,-,-,-,-,3223.6000,3222.4000,3222.2000,3222.0000,3221.4000,3227.4000,3227.8000,3228.4000,3228.6000,3228.8000,2,2,1,1,2,1,1,1,1,4
SF,IH2010,2020-09-11 09:30:44.000,3222.8000,4170,0,29025720.000,0,-,-,-,-,3223.6000,3222.4000,3222.2000,3222.0000,3221.4000,3228.8000,3229.2000,3229.8000,3232.4000,3237.6000,2,2,1,1,2,4,1,1,1,5
SF,IH2010,2020-09-11 09:30:44.500,3222.8000,4170,0,29025720.000,0,-,-,-,-,3223.6000,3222.4000,3222.0000,3221.4000,3215.8000,3228.6000,3228.8000,3229.2000,3229.8000,3232.4000,2,2,1,2,1,1,4,1,1,1
SF,IH2010,2020-09-11 09:30:45.000,3222.8000,4170,0,29025720.000,0,-,-,-,-,3223.6000,3222.4000,3222.0000,3221.4000,3215.8000,3228.2000,3228.4000,3228.6000,3228.8000,3229.2000,2,2,1,2,1,2,1,2,2,1
SF,IH2010,2020-09-11 09:30:45.500,3222.8000,4170,0,29025720.000,0,-,-,-,-,3223.6000,3222.4000,3222.0000,3221.4000,3215.8000,3228.2000,3228.6000,3229.2000,3229.8000,3232.4000,2,2,1,2,1,1,1,1,1,1
SF,IH2010,2020-09-11 09:30:46.000,3228.6000,4170,0,29994300.000,1,0,1,多换,S,3224.0000,3223.6000,3222.0000,3221.4000,3215.8000,3229.2000,3229.8000,3230.0000,3232.4000,3237.6000,2,2,1,2,1,1,1,1,1,5
SF,IH2010,2020-09-11 09:30:46.500,3228.6000,4170,0,29994300.000,0,-,-,-,-,3224.2000,3224.0000,3223.6000,3222.0000,3221.4000,3228.4000,3228.8000,3229.0000,3229.2000,3229.8000,1,1,2,1,2,1,2,1,1,1
SF,IH2010,2020-09-11 09:30:47.000,3228.6000,4170,0,29994300.000,0,-,-,-,-,3224.6000,3224.4000,3224.2000,3223.6000,3222.0000,3228.2000,3229.8000,3230.0000,3232.4000,3237.6000,1,1,1,2,1,1,1,1,1,5
SF,IH2010,2020-09-11 09:30:47.500,3228.6000,4170,0,29994300.000,0,-,-,-,-,3224.8000,3224.6000,3224.4000,3223.6000,3222.4000,3229.8000,3230.0000,3232.4000,3237.6000,3245.0000,1,2,1,2,5,1,1,1,5,1
SF,IH2010,2020-09-11 09:30:48.000,3228.6000,4170,0,29994300.000,0,-,-,-,-,3229.2000,3224.8000,3224.6000,3223.6000,3222.0000,3229.4000,3229.6000,3229.8000,3230.0000,3232.4000,1,1,1,2,1,2,2,1,1,1
SF,IH2010,2020-09-11 09:30:48.500,3229.2000,4170,0,30963060.000,1,0,1,多换,S,3224.6000,3223.6000,3222.0000,3221.4000,3218.6000,3229.2000,3229.4000,3229.6000,3229.8000,3230.0000,2,1,1,1,5,3,2,1,1,1
SF,IH2010,2020-09-11 09:30:49.000,3229.2000,4170,0,30963060.000,0,-,-,-,-,3225.2000,3224.8000,3224.6000,3223.6000,3222.0000,3228.8000,3229.0000,3229.2000,3229.4000,3229.6000,1,1,1,1,1,1,3,2,1,1
SF,IH2010,2020-09-11 09:30:49.500,3229.2000,4170,0,30963060.000,0,-,-,-,-,3225.4000,3225.2000,3225.0000,3224.8000,3224.6000,3228.6000,3229.0000,3229.2000,3229.8000,3230.0000,2,1,1,1,1,1,1,1,1,1
SF,IH2010,2020-09-11 09:30:50.000,3229.2000,4170,0,30963060.000,0,-,-,-,-,3225.4000,3225.2000,3224.6000,3223.6000,3222.0000,3228.6000,3229.0000,3229.2000,3229.8000,3230.0000,2,1,1,1,1,1,1,1,1,1
SF,IH2010,2020-09-11 09:30:50.500,3229.2000,4170,0,30963060.000,0,-,-,-,-,3225.6000,3225.4000,3225.2000,3223.6000,3222.0000,3228.6000,3229.0000,3229.2000,3229.8000,3230.0000,2,2,1,1,1,1,1,1,1,1
SF,IH2010,2020-09-11 09:30:51.000,3229.2000,4170,0,30963060.000,0,-,-,-,-,3225.8000,3225.6000,3225.4000,3225.2000,3223.6000,3228.6000,3229.0000,3229.2000,3229.8000,3230.0000,1,1,1,1,1,1,1,1,1,1
SF,IH2010,2020-09-11 09:30:51.500,3229.2000,4170,0,30963060.000,0,-,-,-,-,3225.8000,3223.6000,3222.0000,3218.6000,3215.8000,3228.6000,3229.2000,3229.8000,3230.0000,3232.4000,1,1,1,5,1,1,1,1,1,1
SF,IH2010,2020-09-11 09:30:52.000,3228.6000,4168,-2,32900220.000,2,0,2,双平,S,3225.8000,3223.6000,3222.0000,3218.6000,3215.8000,3228.4000,3228.6000,3229.2000,3229.8000,3230.0000,1,1,1,5,1,2,1,1,1,1
SF,IH2010,2020-09-11 09:30:52.500,3228.6000,4168,0,32900220.000,0,-,-,-,-,3225.8000,3223.6000,3222.0000,3218.6000,3215.8000,3228.2000,3228.4000,3229.2000,3229.8000,3230.0000,1,1,1,5,1,2,2,1,1,1
SF,IH2010,2020-09-11 09:30:53.000,3228.6000,4168,0,32900220.000,0,-,-,-,-,3225.8000,3223.6000,3218.6000,3215.8000,3215.0000,3228.2000,3228.4000,3229.2000,3229.8000,3230.0000,1,1,5,1,1,1,2,1,1,1
SF,IH2010,2020-09-11 09:30:53.500,3228.6000,4168,0,32900220.000,0,-,-,-,-,3225.8000,3223.6000,3218.6000,3215.8000,3215.0000,3228.2000,3228.4000,3229.2000,3229.8000,3230.0000,1,1,5,1,1,1,2,1,1,1
SF,IH2010,2020-09-11 09:30:54.000,3228.6000,4168,0,32900220.000,0,-,-,-,-,3225.8000,3223.6000,3218.6000,3215.8000,3215.0000,3227.8000,3228.2000,3228.4000,3229.2000,3229.8000,1,1,5,1,1,1,1,2,1,1
SF,IH2010,2020-09-11 09:30:54.500,3228.6000,4168,0,32900220.000,0,-,-,-,-,3225.8000,3223.6000,3218.6000,3215.8000,3215.0000,3227.6000,3228.4000,3229.2000,3229.8000,3230.0000,1,1,5,1,1,1,2,1,1,1
SF,IH2010,2020-09-11 09:30:55.000,3228.6000,4168,0,32900220.000,0,-,-,-,-,3225.8000,3223.6000,3218.6000,3215.8000,3215.0000,3227.6000,3229.2000,3229.8000,3230.0000,3232.4000,1,1,5,1,1,1,1,1,1,1
SF,IH2010,2020-09-11 09:30:55.500,3228.6000,4168,0,32900220.000,0,-,-,-,-,3227.6000,3225.8000,3223.6000,3218.6000,3215.8000,3229.2000,3229.8000,3230.0000,3232.4000,3237.6000,1,1,1,5,1,1,1,1,1,5
SF,IH2010,2020-09-11 09:30:56.000,3228.6000,4168,0,32900220.000,0,-,-,-,-,3228.2000,3225.8000,3223.6000,3218.6000,3215.8000,3229.0000,3229.2000,3229.8000,3230.0000,3232.4000,1,1,1,5,1,1,1,1,1,1
SF,IH2010,2020-09-11 09:30:56.500,3228.2000,4168,0,33868680.000,1,0,1,多换,S,3225.8000,3223.6000,3218.6000,3215.8000,3215.0000,3229.0000,3229.2000,3229.8000,3230.0000,3232.4000,1,1,5,1,1,1,2,1,1,1
SF,IH2010,2020-09-11 09:30:57.000,3228.2000,4168,0,33868680.000,0,-,-,-,-,3225.8000,3223.6000,3218.6000,3215.8000,3215.0000,3229.0000,3229.2000,3229.8000,3230.0000,3232.4000,1,1,5,1,1,1,1,1,1,1
SF,IH2010,2020-09-11 09:30:58.500,3228.2000,4168,0,33868680.000,0,-,-,-,-,3225.8000,3223.6000,3218.6000,3215.8000,3215.0000,3229.0000,3229.2000,3230.0000,3232.4000,3237.6000,1,1,5,1,1,1,1,1,1,5
SF,IH2010,2020-09-11 09:31:00.500,3228.2000,4168,0,33868680.000,0,-,-,-,-,3226.0000,3225.8000,3223.6000,3218.6000,3215.8000,3229.0000,3229.2000,3230.0000,3232.4000,3237.6000,1,1,1,5,1,1,1,1,1,5
SF,IH2010,2020-09-11 09:31:01.000,3229.2000,4166,-2,35806140.000,2,0,2,双平,S,3226.0000,3225.8000,3223.6000,3218.6000,3215.8000,3230.0000,3232.4000,3237.6000,3245.0000,3246.2000,2,1,1,5,1,1,1,5,1,1
SF,IH2010,2020-09-11 09:31:01.500,3229.2000,4166,0,35806140.000,0,-,-,-,-,3226.2000,3226.0000,3223.6000,3218.6000,3215.8000,3229.8000,3230.0000,3232.4000,3237.6000,3245.0000,2,2,1,5,1,1,1,1,5,1
SF,IH2010,2020-09-11 09:31:02.000,3229.2000,4166,0,35806140.000,0,-,-,-,-,3226.6000,3226.2000,3223.6000,3218.6000,3215.8000,3229.6000,3229.8000,3230.0000,3232.4000,3237.6000,3,2,1,5,1,1,1,1,1,5
SF,IH2010,2020-09-11 09:31:02.500,3229.2000,4166,0,35806140.000,0,-,-,-,-,3226.8000,3226.6000,3226.2000,3223.6000,3218.6000,3229.4000,3229.6000,3230.0000,3232.4000,3237.6000,1,3,1,1,5,1,1,1,1,5
SF,IH2010,2020-09-11 09:31:03.000,3229.2000,4166,0,35806140.000,0,-,-,-,-,3226.8000,3226.6000,3223.6000,3218.6000,3215.8000,3229.4000,3230.0000,3232.4000,3237.6000,3245.0000,1,1,1,5,1,1,1,1,5,1
SF,IH2010,2020-09-11 09:31:03.500,3229.2000,4166,0,35806140.000,0,-,-,-,-,3226.8000,3223.6000,3218.6000,3215.8000,3215.0000,3229.4000,3230.0000,3232.4000,3237.6000,3245.0000,1,1,5,1,1,1,1,1,5,1
SF,IH2010,2020-09-11 09:31:05.000,3226.8000,4165,-1,36774180.000,1,0,1,双平,S,3223.6000,3218.6000,3215.8000,3215.0000,3213.0000,3229.4000,3230.0000,3232.4000,3237.6000,3245.0000,1,5,1,1,1,1,1,1,5,1
SF,IH2010,2020-09-11 09:31:05.500,3226.8000,4165,0,36774180.000,0,-,-,-,-,3225.6000,3225.2000,3224.6000,3224.0000,3223.8000,3229.2000,3229.4000,3230.0000,3232.4000,3237.6000,1,1,1,5,1,1,1,1,1,5
SF,IH2010,2020-09-11 09:31:06.000,3226.8000,4165,0,36774180.000,0,-,-,-,-,3225.8000,3225.6000,3225.2000,3224.6000,3224.0000,3229.0000,3229.2000,3230.0000,3232.4000,3237.6000,2,1,1,1,3,1,1,1,1,5
SF,IH2010,2020-09-11 09:31:06.500,3226.8000,4165,0,36774180.000,0,-,-,-,-,3225.8000,3224.0000,3223.6000,3218.6000,3215.8000,3229.0000,3229.2000,3230.0000,3232.4000,3237.6000,2,3,1,5,1,1,2,1,1,5
SF,IH2010,2020-09-11 09:31:07.000,3226.8000,4165,0,36774180.000,0,-,-,-,-,3225.8000,3224.0000,3223.6000,3218.6000,3215.8000,3228.6000,3228.8000,3229.0000,3229.2000,3230.0000,1,2,1,5,1,1,1,1,2,1
SF,IH2010,2020-09-11 09:31:07.500,3226.8000,4165,0,36774180.000,0,-,-,-,-,3225.8000,3224.0000,3223.6000,3218.6000,3215.8000,3228.4000,3228.6000,3228.8000,3229.2000,3230.0000,1,2,1,5,1,1,1,1,1,1
SF,IH2010,2020-09-11 09:31:08.000,3226.8000,4165,0,36774180.000,0,-,-,-,-,3225.8000,3224.0000,3223.6000,3218.6000,3215.8000,3228.4000,3228.6000,3228.8000,3229.2000,3230.0000,1,1,1,5,1,1,1,1,1,1
SF,IH2010,2020-09-11 09:31:08.500,3226.8000,4165,0,36774180.000,0,-,-,-,-,3225.8000,3224.0000,3223.6000,3218.6000,3215.8000,3228.4000,3229.2000,3230.0000,3231.0000,3232.4000,1,1,1,5,1,1,1,1,1,1
SF,IH2010,2020-09-11 09:31:09.000,3226.8000,4165,0,36774180.000,0,-,-,-,-,3225.8000,3224.0000,3223.6000,3218.6000,3215.8000,3228.4000,3229.2000,3230.0000,3231.0000,3232.4000,1,1,1,5,1,1,1,1,1,1
SF,IH2010,2020-09-11 09:31:09.500,3226.8000,4165,0,36774180.000,0,-,-,-,-,3225.8000,3224.0000,3223.6000,3218.6000,3215.8000,3228.2000,3228.4000,3229.2000,3230.0000,3231.0000,1,1,1,5,1,1,1,1,1,1
SF,IH2010,2020-09-11 09:31:10.000,3225.8000,4164,-1,37741920.000,1,0,1,双平,S,3223.6000,3218.6000,3215.8000,3215.0000,3213.0000,3228.0000,3228.2000,3229.2000,3230.0000,3231.0000,1,5,1,1,1,1,2,1,1,1
SF,IH2010,2020-09-11 09:31:10.500,3225.8000,4164,0,37741920.000,0,-,-,-,-,3223.8000,3223.6000,3218.6000,3215.8000,3215.0000,3225.2000,3227.8000,3228.0000,3228.2000,3229.2000,1,1,5,1,1,1,1,1,2,1
SF,IH2010,2020-09-11 09:31:11.000,3225.2000,4164,0,38709480.000,1,0,1,多换,S,3223.8000,3223.6000,3218.6000,3215.8000,3215.0000,3228.0000,3228.2000,3229.2000,3230.0000,3231.0000,1,1,5,1,1,1,2,1,1,1
SF,IH2010,2020-09-11 09:31:11.500,3225.2000,4164,0,38709480.000,0,-,-,-,-,3224.0000,3223.8000,3223.6000,3218.6000,3215.8000,3227.8000,3228.0000,3229.2000,3230.0000,3231.0000,1,1,1,5,1,1,1,1,1,1
SF,IH2010,2020-09-11 09:31:12.000,3225.2000,4164,0,38709480.000,0,-,-,-,-,3224.2000,3224.0000,3223.6000,3218.6000,3215.8000,3227.6000,3227.8000,3229.2000,3230.0000,3231.0000,4,4,1,5,1,1,1,1,1,1
SF,IH2010,2020-09-11 09:31:12.500,3225.2000,4164,0,38709480.000,0,-,-,-,-,3226.0000,3225.6000,3224.4000,3224.2000,3224.0000,3227.6000,3227.8000,3230.0000,3231.0000,3232.4000,1,1,2,3,2,1,1,1,1,1
SF,IH2010,2020-09-11 09:31:13.000,3227.6000,4163,-1,39677760.000,1,0,1,双平,S,3228.0000,3227.8000,3226.2000,3225.6000,3225.2000,3230.0000,3231.0000,3232.4000,3237.6000,3240.0000,2,1,2,2,1,1,1,1,5,1
SF,IH2010,2020-09-11 09:31:13.500,3227.6000,4163,0,39677760.000,0,-,-,-,-,3228.2000,3228.0000,3227.8000,3226.4000,3226.2000,3229.8000,3230.0000,3231.0000,3232.4000,3237.6000,1,2,1,1,1,1,1,1,1,5
SF,IH2010,2020-09-11 09:31:14.000,3227.6000,4161,-2,41614320.000,2,0,2,双平,S,3228.0000,3227.8000,3226.4000,3226.2000,3225.6000,3229.8000,3230.0000,3231.0000,3232.4000,3237.6000,1,1,1,1,2,1,1,1,1,5
SF,IH2010,2020-09-11 09:31:14.500,3227.6000,4161,0,41614320.000,0,-,-,-,-,3228.0000,3227.8000,3226.4000,3226.2000,3225.6000,3229.8000,3230.0000,3231.0000,3232.4000,3237.6000,1,1,1,1,2,1,1,1,1,5
SF,IH2010,2020-09-11 09:31:15.000,3228.0000,4161,0,42582720.000,1,0,1,多换,S,3226.2000,3225.6000,3225.2000,3224.4000,3223.6000,3229.8000,3230.0000,3231.0000,3232.4000,3237.6000,1,2,1,2,1,1,1,1,1,5
SF,IH2010,2020-09-11 09:31:15.500,3228.0000,4161,0,42582720.000,0,-,-,-,-,3226.4000,3226.2000,3225.6000,3225.2000,3224.4000,3229.6000,3229.8000,3230.0000,3231.0000,3232.4000,1,1,2,1,2,1,1,1,1,1
SF,IH2010,2020-09-11 09:31:16.000,3228.0000,4161,0,42582720.000,0,-,-,-,-,3226.4000,3225.6000,3225.2000,3224.4000,3223.6000,3229.4000,3229.6000,3230.0000,3231.0000,3232.4000,1,1,1,2,1,1,1,1,1,1
SF,IH2010,2020-09-11 09:31:16.500,3228.0000,4161,0,42582720.000,0,-,-,-,-,3226.4000,3225.6000,3225.2000,3224.4000,3223.6000,3229.4000,3229.6000,3230.0000,3231.0000,3232.4000,1,1,1,2,2,1,1,1,1,1
SF,IH2010,2020-09-11 09:31:17.000,3228.0000,4161,0,42582720.000,0,-,-,-,-,3226.4000,3225.6000,3225.2000,3224.4000,3223.6000,3229.4000,3229.6000,3230.0000,3231.0000,3232.4000,1,1,1,2,2,1,1,1,1,1
SF,IH2010,2020-09-11 09:31:17.500,3228.0000,4161,0,42582720.000,0,-,-,-,-,3226.6000,3226.4000,3225.6000,3225.2000,3224.4000,3229.4000,3229.6000,3230.0000,3231.0000,3232.4000,1,1,1,1,2,1,1,1,1,1
SF,IH2010,2020-09-11 09:31:18.000,3228.0000,4161,0,42582720.000,0,-,-,-,-,3226.8000,3226.6000,3225.6000,3225.2000,3224.4000,3229.4000,3230.0000,3231.0000,3232.4000,3237.6000,2,2,1,1,2,1,1,1,1,5
SF,IH2010,2020-09-11 09:31:18.500,3228.0000,4161,0,42582720.000,0,-,-,-,-,3227.0000,3226.8000,3226.6000,3225.6000,3225.2000,3229.4000,3230.0000,3231.0000,3232.4000,3237.6000,1,2,2,1,1,1,1,1,1,5
SF,IH2010,2020-09-11 09:31:19.000,3229.4000,4160,-1,43551540.000,1,0,1,双平,S,3227.2000,3227.0000,3225.6000,3225.2000,3224.4000,3230.0000,3231.0000,3232.4000,3237.6000,3240.0000,1,1,1,1,2,1,1,1,5,1
SF,IH2010,2020-09-11 09:31:19.500,3229.4000,4160,0,43551540.000,0,-,-,-,-,3227.2000,3225.6000,3225.2000,3224.4000,3223.6000,3229.8000,3230.0000,3231.0000,3232.4000,3237.6000,1,1,1,2,2,1,1,1,1,5
SF,IH2010,2020-09-11 09:31:20.000,3229.4000,4160,0,43551540.000,0,-,-,-,-,3227.2000,3225.6000,3225.2000,3225.0000,3224.4000,3229.8000,3230.0000,3231.0000,3232.4000,3237.6000,1,1,1,1,2,1,1,1,1,5
SF,IH2010,2020-09-11 09:31:21.500,3229.4000,4160,0,43551540.000,0,-,-,-,-,3227.4000,3227.2000,3225.6000,3225.2000,3225.0000,3229.8000,3230.0000,3231.0000,3232.4000,3237.6000,1,1,1,1,1,1,1,1,1,5
SF,IH2010,2020-09-11 09:31:22.000,3229.4000,4160,0,43551540.000,0,-,-,-,-,3227.6000,3225.6000,3225.0000,3224.4000,3223.6000,3229.8000,3230.0000,3231.0000,3232.4000,3237.6000,2,1,1,2,2,1,1,1,1,5
SF,IH2010,2020-09-11 09:31:23.500,3229.4000,4160,0,43551540.000,0,-,-,-,-,3227.6000,3227.4000,3225.6000,3225.0000,3224.4000,3229.8000,3230.0000,3231.0000,3232.4000,3237.6000,1,2,1,1,2,1,1,1,1,5
SF,IH2010,2020-09-11 09:31:24.000,3227.6000,4159,-1,44519820.000,1,0,1,双平,S,3227.4000,3225.6000,3225.0000,3224.4000,3223.6000,3229.8000,3230.0000,3231.0000,3232.4000,3237.6000,2,1,1,2,2,2,1,1,1,5
SF,IH2010,2020-09-11 09:31:24.500,3227.6000,4159,0,44519820.000,0,-,-,-,-,3227.4000,3225.0000,3223.6000,3222.2000,3218.6000,3229.4000,3229.8000,3230.0000,3231.0000,3232.4000,2,1,2,1,5,2,2,1,1,1
SF,IH2010,2020-09-11 09:31:25.000,3227.6000,4159,0,44519820.000,0,-,-,-,-,3227.4000,3225.0000,3223.6000,3222.2000,3218.6000,3229.2000,3229.4000,3229.6000,3229.8000,3230.0000,2,1,2,1,5,1,3,1,1,1
SF,IH2010,2020-09-11 09:31:25.500,3227.4000,4159,0,45488040.000,1,0,1,多换,S,3227.4000,3225.0000,3223.6000,3222.2000,3218.6000,3229.2000,3229.4000,3229.6000,3229.8000,3230.0000,1,1,2,1,5,1,3,1,1,1
SF,IH2010,2020-09-11 09:31:26.000,3227.4000,4159,0,46456260.000,1,0,1,多换,S,3225.0000,3223.6000,3222.2000,3218.6000,3215.8000,3228.8000,3229.2000,3229.4000,3229.6000,3229.8000,1,2,1,5,1,1,2,2,1,1
SF,IH2010,2020-09-11 09:31:26.500,3227.4000,4159,0,46456260.000,0,-,-,-,-,3225.2000,3225.0000,3223.6000,3222.2000,3218.6000,3228.6000,3228.8000,3229.2000,3229.6000,3229.8000,1,1,2,1,5,2,3,1,1,1
SF,IH2010,2020-09-11 09:31:27.000,3227.4000,4159,0,46456260.000,0,-,-,-,-,3225.4000,3225.2000,3225.0000,3223.6000,3222.2000,3227.6000,3228.4000,3228.6000,3228.8000,3229.2000,1,1,1,2,1,2,1,2,2,1
SF,IH2010,2020-09-11 09:31:27.500,3227.4000,4159,0,46456260.000,0,-,-,-,-,3225.6000,3225.4000,3225.0000,3223.6000,3222.2000,3227.4000,3227.6000,3228.4000,3228.8000,3229.2000,1,1,1,2,1,1,2,1,1,1
SF,IH2010,2020-09-11 09:31:28.000,3227.4000,4159,0,46456260.000,0,-,-,-,-,3225.6000,3225.0000,3223.6000,3222.2000,3218.6000,3227.4000,3227.6000,3228.4000,3228.8000,3229.2000,1,1,2,1,5,1,2,1,1,1
SF,IH2010,2020-09-11 09:31:28.500,3227.4000,4159,0,46456260.000,0,-,-,-,-,3225.4000,3225.0000,3223.6000,3222.2000,3218.6000,3227.4000,3227.6000,3228.4000,3228.8000,3229.2000,1,1,2,1,5,1,2,1,1,1
SF,IH2010,2020-09-11 09:31:29.000,3227.4000,4158,-1,47424480.000,1,0,1,双平,S,3225.4000,3225.0000,3223.6000,3222.2000,3218.6000,3227.4000,3227.6000,3228.4000,3228.8000,3229.2000,1,1,2,1,5,4,2,1,1,1
SF,IH2010,2020-09-11 09:31:29.500,3227.4000,4158,0,47424480.000,0,-,-,-,-,3225.4000,3225.0000,3223.6000,3222.2000,3218.6000,3227.4000,3227.6000,3228.4000,3228.8000,3229.2000,1,1,2,1,5,4,2,1,1,1
SF,IH2010,2020-09-11 09:31:30.000,3227.4000,4158,0,47424480.000,0,-,-,-,-,3225.4000,3225.0000,3223.6000,3222.2000,3218.6000,3227.4000,3227.6000,3228.4000,3228.8000,3229.2000,1,1,2,1,5,3,2,1,1,1
SF,IH2010,2020-09-11 09:31:30.500,3227.4000,4158,0,47424480.000,0,-,-,-,-,3225.4000,3225.0000,3224.4000,3223.6000,3222.2000,3227.4000,3227.6000,3228.4000,3228.8000,3229.2000,1,1,5,2,1,3,2,1,1,1
SF,IH2010,2020-09-11 09:31:31.000,3227.4000,4158,0,47424480.000,0,-,-,-,-,3225.6000,3225.4000,3225.0000,3224.4000,3223.6000,3227.4000,3227.6000,3228.4000,3228.8000,3229.2000,1,1,1,5,2,3,2,1,1,1
SF,IH2010,2020-09-11 09:31:31.500,3227.4000,4157,-1,48392700.000,1,0,1,双平,S,3225.6000,3225.4000,3225.0000,3224.4000,3223.6000,3227.4000,3227.6000,3228.4000,3228.8000,3229.2000,1,1,1,5,2,2,2,1,1,1
SF,IH2010,2020-09-11 09:31:32.000,3227.4000,4157,0,48392700.000,0,-,-,-,-,3225.6000,3225.4000,3225.0000,3224.4000,3223.6000,3227.6000,3228.8000,3229.2000,3229.4000,3229.8000,1,1,1,5,2,2,1,1,1,1
SF,IH2010,2020-09-11 09:31:32.500,3227.4000,4157,0,48392700.000,0,-,-,-,-,3227.4000,3225.6000,3225.4000,3225.0000,3224.4000,3227.6000,3229.2000,3229.4000,3229.8000,3230.0000,1,1,1,1,5,2,1,1,1,1
SF,IH2010,2020-09-11 09:31:33.000,3227.6000,4155,-2,50329260.000,2,0,2,双平,S,3228.0000,3227.4000,3225.6000,3225.4000,3225.0000,3229.2000,3229.4000,3229.8000,3230.0000,3231.0000,2,1,1,1,1,1,1,1,1,1
SF,IH2010,2020-09-11 09:31:33.500,3228.0000,4154,-1,51297660.000,1,0,1,双平,S,3227.4000,3225.6000,3225.4000,3225.0000,3224.4000,3228.0000,3229.4000,3229.8000,3230.0000,3231.0000,1,1,1,1,5,1,1,1,1,1
SF,IH2010,2020-09-11 09:31:34.000,3228.0000,4154,0,51297660.000,0,-,-,-,-,3227.4000,3225.6000,3225.4000,3225.0000,3224.4000,3228.0000,3229.4000,3229.8000,3230.0000,3231.0000,1,2,1,1,5,1,1,2,1,1
SF,IH2010,2020-09-11 09:31:34.500,3227.4000,4153,-1,52265880.000,1,0,1,双平,S,3225.6000,3225.4000,3225.0000,3224.4000,3223.6000,3228.0000,3229.4000,3229.8000,3230.0000,3231.0000,2,6,1,6,2,1,1,2,1,1
SF,IH2010,2020-09-11 09:31:35.000,3227.4000,4153,0,52265880.000,0,-,-,-,-,3225.6000,3225.4000,3225.0000,3224.4000,3223.6000,3227.8000,3228.0000,3229.4000,3229.8000,3230.0000,2,6,1,6,2,1,1,1,2,1
SF,IH2010,2020-09-11 09:31:35.500,3227.4000,4153,0,52265880.000,0,-,-,-,-,3225.6000,3225.4000,3225.0000,3224.4000,3223.6000,3227.8000,3228.0000,3229.4000,3229.8000,3230.0000,2,6,1,6,2,1,1,1,2,1
SF,IH2010,2020-09-11 09:31:36.000,3227.4000,4153,0,52265880.000,0,-,-,-,-,3225.6000,3225.4000,3225.0000,3224.4000,3223.6000,3227.8000,3228.0000,3229.4000,3229.8000,3230.0000,2,6,1,6,2,1,1,1,2,1
SF,IH2010,2020-09-11 09:31:36.500,3227.4000,4153,0,52265880.000,0,-,-,-,-,3225.6000,3225.4000,3225.0000,3224.4000,3223.6000,3228.0000,3229.4000,3229.8000,3230.0000,3231.0000,2,6,1,6,2,1,1,2,1,1
SF,IH2010,2020-09-11 09:31:37.000,3227.4000,4153,0,52265880.000,0,-,-,-,-,3225.6000,3225.4000,3225.0000,3224.4000,3223.6000,3228.0000,3229.4000,3229.8000,3230.0000,3231.0000,3,6,1,6,2,1,1,2,1,1
SF,IH2010,2020-09-11 09:31:37.500,3227.4000,4153,0,52265880.000,0,-,-,-,-,3225.6000,3225.4000,3225.0000,3224.4000,3223.6000,3227.8000,3228.0000,3229.4000,3229.8000,3230.0000,3,6,1,6,2,1,1,1,2,1
SF,IH2010,2020-09-11 09:31:38.000,3227.4000,4153,0,52265880.000,0,-,-,-,-,3225.6000,3225.4000,3225.0000,3224.4000,3223.6000,3227.8000,3228.0000,3229.4000,3229.8000,3230.0000,2,6,1,6,2,1,1,1,2,1
SF,IH2010,2020-09-11 09:31:40.000,3227.8000,4153,0,53234220.000,1,0,1,多换,S,3225.6000,3225.4000,3225.0000,3224.4000,3223.6000,3228.0000,3229.4000,3229.8000,3230.0000,3231.0000,2,6,1,6,2,1,1,2,1,1
SF,IH2010,2020-09-11 09:31:40.500,3227.8000,4153,0,53234220.000,0,-,-,-,-,3225.6000,3225.4000,3225.0000,3224.4000,3223.6000,3227.8000,3228.0000,3229.4000,3229.8000,3230.0000,2,6,1,6,2,1,1,1,2,1
SF,IH2010,2020-09-11 09:31:41.000,3227.8000,4153,0,53234220.000,0,-,-,-,-,3225.6000,3225.4000,3225.0000,3224.4000,3223.6000,3227.8000,3228.0000,3229.4000,3229.8000,3230.0000,2,6,1,6,2,1,1,1,2,1
SF,IH2010,2020-09-11 09:31:41.500,3227.8000,4153,0,53234220.000,0,-,-,-,-,3225.6000,3225.4000,3225.0000,3224.4000,3223.6000,3227.8000,3228.0000,3229.4000,3229.8000,3230.0000,3,6,1,6,2,1,1,1,2,1
SF,IH2010,2020-09-11 09:31:42.000,3227.8000,4153,0,53234220.000,0,-,-,-,-,3225.8000,3225.6000,3225.4000,3225.0000,3224.4000,3227.8000,3228.0000,3229.4000,3229.8000,3230.0000,1,2,6,1,6,1,1,1,2,1
SF,IH2010,2020-09-11 09:31:42.500,3227.8000,4153,0,53234220.000,0,-,-,-,-,3226.0000,3225.8000,3225.6000,3225.4000,3225.0000,3228.0000,3229.4000,3229.8000,3230.0000,3231.0000,1,1,2,6,1,1,1,2,1,1
SF,IH2010,2020-09-11 09:31:43.000,3227.8000,4153,0,53234220.000,0,-,-,-,-,3226.0000,3225.8000,3225.6000,3225.4000,3225.0000,3228.0000,3229.4000,3229.8000,3230.0000,3231.0000,1,1,2,6,1,1,1,2,1,1
SF,IH2010,2020-09-11 09:31:43.500,3228.0000,4152,-1,54202620.000,1,0,1,双平,S,3226.0000,3225.8000,3225.6000,3225.4000,3225.0000,3229.4000,3229.8000,3230.0000,3231.0000,3232.4000,1,1,2,6,1,1,2,1,1,1
SF,IH2010,2020-09-11 09:31:44.000,3228.0000,4152,0,54202620.000,0,-,-,-,-,3226.2000,3226.0000,3225.8000,3225.6000,3225.4000,3229.2000,3229.4000,3229.8000,3230.0000,3231.0000,2,1,1,2,6,2,1,1,1,1
SF,IH2010,2020-09-11 09:31:44.500,3228.0000,4152,0,54202620.000,0,-,-,-,-,3226.4000,3226.2000,3225.8000,3225.6000,3225.4000,3229.2000,3229.4000,3229.8000,3230.0000,3231.0000,1,1,1,2,6,2,1,1,1,1
SF,IH2010,2020-09-11 09:31:45.000,3228.0000,4152,0,54202620.000,0,-,-,-,-,3226.4000,3225.8000,3225.6000,3225.4000,3225.0000,3229.2000,3229.4000,3229.8000,3230.0000,3231.0000,1,1,2,6,1,1,1,1,1,1
SF,IH2010,2020-09-11 09:31:45.500,3228.0000,4152,0,54202620.000,0,-,-,-,-,3226.4000,3225.8000,3225.6000,3225.4000,3225.0000,3229.2000,3229.4000,3229.8000,3230.0000,3231.0000,1,1,1,6,1,2,1,1,1,1
SF,IH2010,2020-09-11 09:31:46.500,3226.4000,4151,-1,55170540.000,1,0,1,双平,S,3225.8000,3225.6000,3225.4000,3225.0000,3224.4000,3229.2000,3229.4000,3229.8000,3230.0000,3231.0000,1,1,6,1,6,2,1,1,1,1
SF,IH2010,2020-09-11 09:31:47.000,3226.4000,4151,0,55170540.000,0,-,-,-,-,3226.0000,3225.8000,3225.6000,3225.4000,3225.0000,3229.0000,3229.2000,3229.4000,3229.8000,3230.0000,2,1,1,6,1,1,2,1,1,1
SF,IH2010,2020-09-11 09:31:47.500,3226.4000,4151,0,55170540.000,0,-,-,-,-,3226.0000,3225.8000,3225.6000,3225.4000,3225.0000,3228.8000,3229.0000,3229.2000,3229.4000,3229.8000,2,1,1,6,1,3,1,1,1,1
SF,IH2010,2020-09-11 09:31:48.000,3226.4000,4151,0,55170540.000,0,-,-,-,-,3226.0000,3225.8000,3225.6000,3225.4000,3225.0000,3228.8000,3229.2000,3229.4000,3229.8000,3230.0000,1,1,1,6,1,2,1,1,1,1
SF,IH2010,2020-09-11 09:31:49.000,3226.4000,4151,0,55170540.000,0,-,-,-,-,3226.0000,3225.8000,3225.6000,3225.4000,3225.0000,3228.4000,3228.8000,3229.2000,3229.4000,3229.8000,1,1,1,6,1,2,2,1,1,1
SF,IH2010,2020-09-11 09:31:49.500,3226.4000,4151,0,55170540.000,0,-,-,-,-,3226.0000,3225.8000,3225.6000,3225.4000,3225.0000,3228.2000,3228.4000,3228.8000,3229.2000,3229.4000,1,1,1,6,1,2,1,1,1,1
SF,IH2010,2020-09-11 09:31:50.000,3226.4000,4151,0,55170540.000,0,-,-,-,-,3225.8000,3225.6000,3225.4000,3225.0000,3224.4000,3226.0000,3227.2000,3227.4000,3228.0000,3228.2000,1,1,6,1,6,2,1,1,1,3
SF,IH2010,2020-09-11 09:31:50.500,3226.0000,4149,-2,57106140.000,2,0,2,双平,S,3225.8000,3225.6000,3225.4000,3225.0000,3224.4000,3227.4000,3228.2000,3228.4000,3229.2000,3229.4000,1,1,6,1,6,1,2,1,1,1
SF,IH2010,2020-09-11 09:31:51.000,3226.0000,4149,0,57106140.000,0,-,-,-,-,3226.0000,3225.8000,3225.6000,3225.4000,3225.0000,3228.2000,3228.4000,3229.2000,3229.4000,3230.0000,1,1,1,6,1,2,1,1,1,1
SF,IH2010,2020-09-11 09:31:51.500,3226.0000,4149,0,57106140.000,0,-,-,-,-,3226.0000,3225.8000,3225.6000,3225.4000,3225.0000,3228.2000,3229.2000,3229.4000,3230.0000,3231.0000,1,1,1,6,1,2,1,1,1,1
SF,IH2010,2020-09-11 09:31:52.000,3226.0000,4149,0,57106140.000,0,-,-,-,-,3226.0000,3225.8000,3225.6000,3225.4000,3225.0000,3228.2000,3229.2000,3229.4000,3230.0000,3231.0000,1,1,1,6,1,2,1,1,1,1
SF,IH2010,2020-09-11 09:31:52.500,3228.2000,4147,-2,59043060.000,2,0,2,双平,S,3226.0000,3225.8000,3225.6000,3225.4000,3225.0000,3229.2000,3229.4000,3230.0000,3231.0000,3232.4000,1,1,1,6,1,1,1,1,1,1
SF,IH2010,2020-09-11 09:31:53.000,3228.2000,4147,0,59043060.000,0,-,-,-,-,3226.0000,3225.8000,3225.6000,3225.4000,3225.0000,3229.0000,3229.2000,3229.4000,3230.0000,3231.0000,1,1,1,6,1,1,1,1,1,1
SF,IH2010,2020-09-11 09:31:53.500,3228.2000,4147,0,59043060.000,0,-,-,-,-,3226.0000,3225.8000,3225.6000,3225.4000,3225.0000,3228.0000,3228.8000,3229.0000,3229.2000,3229.4000,1,1,1,6,1,1,1,1,1,1
SF,IH2010,2020-09-11 09:31:54.000,3228.2000,4147,0,59043060.000,0,-,-,-,-,3226.0000,3225.8000,3225.6000,3225.4000,3225.0000,3229.0000,3229.2000,3229.4000,3230.0000,3231.0000,1,1,1,6,1,1,1,1,1,1
SF,IH2010,2020-09-11 09:31:55.500,3228.2000,4147,0,59043060.000,0,-,-,-,-,3226.0000,3225.8000,3225.6000,3225.4000,3225.0000,3228.4000,3228.6000,3228.8000,3229.0000,3229.2000,1,1,1,6,1,1,1,4,1,1
SF,IH2010,2020-09-11 09:31:56.000,3228.2000,4147,0,59043060.000,0,-,-,-,-,3226.0000,3225.8000,3225.6000,3225.4000,3225.0000,3228.2000,3228.8000,3229.2000,3229.4000,3230.0000,1,1,1,6,1,1,3,1,1,1
SF,IH2010,2020-09-11 09:31:56.500,3228.2000,4147,0,59043060.000,0,-,-,-,-,3226.0000,3225.8000,3225.6000,3225.4000,3225.0000,3228.8000,3229.2000,3229.4000,3230.0000,3231.0000,1,1,1,6,1,3,1,1,1,1
SF,IH2010,2020-09-11 09:31:57.000,3228.2000,4147,0,59043060.000,0,-,-,-,-,3226.0000,3225.8000,3225.6000,3225.4000,3225.0000,3228.6000,3228.8000,3229.4000,3230.0000,3231.0000,1,1,1,6,1,1,3,1,1,1
SF,IH2010,2020-09-11 09:31:57.500,3228.2000,4147,0,59043060.000,0,-,-,-,-,3226.0000,3225.8000,3225.6000,3225.4000,3225.0000,3228.6000,3228.8000,3229.4000,3230.0000,3231.0000,1,1,1,6,1,1,3,1,1,1
SF,IH2010,2020-09-11 09:31:58.000,3228.2000,4147,0,59043060.000,0,-,-,-,-,3226.0000,3225.8000,3225.6000,3225.4000,3225.0000,3228.6000,3228.8000,3229.4000,3230.0000,3231.0000,1,1,1,6,1,1,1,1,1,1
SF,IH2010,2020-09-11 09:31:58.500,3228.2000,4147,0,59043060.000,0,-,-,-,-,3226.0000,3225.8000,3225.6000,3225.4000,3225.0000,3228.6000,3229.4000,3230.0000,3231.0000,3232.4000,1,1,1,6,1,1,1,1,1,1
SF,IH2010,2020-09-11 09:31:59.500,3228.2000,4147,0,59043060.000,0,-,-,-,-,3226.2000,3226.0000,3225.6000,3225.4000,3225.0000,3228.4000,3228.6000,3229.4000,3230.0000,3231.0000,1,1,1,6,1,1,1,1,1,1
SF,IH2010,2020-09-11 09:32:00.000,3228.2000,4147,0,59043060.000,0,-,-,-,-,3226.4000,3226.2000,3225.6000,3225.4000,3225.0000,3228.2000,3228.4000,3229.4000,3230.0000,3231.0000,1,1,1,6,1,1,1,1,1,1
SF,IH2010,2020-09-11 09:32:01.000,3228.2000,4147,0,59043060.000,0,-,-,-,-,3226.4000,3226.2000,3225.6000,3225.4000,3225.0000,3228.0000,3228.2000,3229.4000,3230.0000,3231.0000,1,1,1,6,1,1,1,1,1,1
SF,IH2010,2020-09-11 09:32:01.500,3228.2000,4147,0,59043060.000,0,-,-,-,-,3226.4000,3226.2000,3225.6000,3225.4000,3225.0000,3228.2000,3229.4000,3230.0000,3231.0000,3232.4000,1,1,1,6,1,1,1,1,1,1
SF,IH2010,2020-09-11 09:32:02.000,3228.2000,4146,-1,60011520.000,1,0,1,双平,S,3228.2000,3226.4000,3226.2000,3225.6000,3225.4000,3229.4000,3230.0000,3231.0000,3232.4000,3237.6000,1,1,1,1,6,1,1,1,1,5
SF,IH2010,2020-09-11 09:32:02.500,3228.2000,4146,0,60011520.000,0,-,-,-,-,3228.4000,3228.2000,3226.2000,3225.4000,3225.0000,3229.4000,3230.0000,3231.0000,3232.4000,3237.6000,3,1,1,6,1,1,1,1,1,5
SF,IH2010,2020-09-11 09:32:03.000,3229.4000,4145,-1,60980340.000,1,0,1,双平,S,3228.4000,3228.2000,3226.8000,3226.2000,3225.4000,3230.0000,3231.0000,3232.4000,3237.6000,3240.0000,3,1,1,1,6,1,1,1,5,2
SF,IH2010,2020-09-11 09:32:03.500,3229.4000,4145,0,60980340.000,0,-,-,-,-,3228.4000,3228.2000,3226.8000,3226.2000,3225.4000,3230.0000,3231.0000,3232.4000,3237.6000,3240.0000,3,1,1,1,6,1,1,1,5,2
SF,IH2010,2020-09-11 09:32:04.000,3229.4000,4145,0,60980340.000,0,-,-,-,-,3228.4000,3228.2000,3226.8000,3226.2000,3226.0000,3230.0000,3231.0000,3232.4000,3237.6000,3240.0000,3,1,1,1,1,1,1,1,5,2
SF,IH2010,2020-09-11 09:32:04.500,3229.4000,4145,0,60980340.000,0,-,-,-,-,3228.4000,3228.2000,3226.8000,3226.2000,3226.0000,3230.0000,3231.0000,3232.4000,3237.6000,3240.0000,3,1,1,1,1,1,1,1,5,2
SF,IH2010,2020-09-11 09:32:07.000,3230.0000,4145,0,61949340.000,1,0,1,多换,S,3230.0000,3228.4000,3228.2000,3226.8000,3226.2000,3231.0000,3232.4000,3237.6000,3240.0000,3245.0000,1,3,1,1,1,1,1,5,2,1
SF,IH2010,2020-09-11 09:32:07.500,3230.0000,4145,0,61949340.000,0,-,-,-,-,3230.0000,3228.4000,3228.2000,3226.2000,3226.0000,3231.0000,3232.4000,3237.6000,3240.0000,3245.0000,1,3,1,1,1,1,1,5,2,1
SF,IH2010,2020-09-11 09:32:08.000,3230.0000,4145,0,61949340.000,0,-,-,-,-,3230.2000,3230.0000,3228.4000,3228.2000,3226.2000,3231.0000,3232.4000,3237.6000,3240.0000,3245.0000,1,1,2,1,1,1,1,5,2,1
SF,IH2010,2020-09-11 09:32:08.500,3231.0000,4144,-1,62918640.000,1,0,1,双平,S,3230.2000,3230.0000,3228.4000,3228.2000,3226.2000,3232.4000,3237.6000,3240.0000,3245.0000,3246.2000,1,1,2,1,1,1,5,2,1,1
SF,IH2010,2020-09-11 09:32:09.000,3230.2000,4144,0,63887700.000,1,0,1,多换,S,3230.0000,3228.4000,3228.2000,3226.2000,3226.0000,3232.0000,3232.2000,3232.4000,3237.6000,3240.0000,1,2,1,1,1,2,2,1,5,2
SF,IH2010,2020-09-11 09:32:09.500,3230.2000,4143,-1,64856760.000,1,0,1,双平,S,3228.4000,3228.2000,3226.2000,3226.0000,3225.4000,3230.0000,3230.4000,3231.0000,3231.8000,3232.0000,2,1,1,1,6,1,1,1,4,1
SF,IH2010,2020-09-11 09:32:10.000,3230.2000,4143,0,65825820.000,1,0,1,多换,S,3228.6000,3228.4000,3228.2000,3226.2000,3226.0000,3230.4000,3231.8000,3232.0000,3232.2000,3232.4000,1,2,1,1,1,1,1,1,1,1
SF,IH2010,2020-09-11 09:32:11.500,3230.2000,4143,0,65825820.000,0,-,-,-,-,3228.6000,3228.4000,3228.2000,3226.2000,3226.0000,3230.0000,3230.4000,3231.8000,3232.0000,3232.2000,1,2,1,1,1,1,1,1,1,1
SF,IH2010,2020-09-11 09:32:12.000,3230.2000,4143,0,65825820.000,0,-,-,-,-,3228.6000,3228.4000,3228.2000,3226.2000,3226.0000,3229.8000,3230.4000,3232.0000,3232.2000,3232.4000,1,2,1,1,1,1,1,1,1,1
SF,IH2010,2020-09-11 09:32:12.500,3230.2000,4143,0,65825820.000,0,-,-,-,-,3228.6000,3228.4000,3228.2000,3226.2000,3226.0000,3229.8000,3230.4000,3232.0000,3232.2000,3232.4000,1,2,1,1,1,1,1,1,1,1
SF,IH2010,2020-09-11 09:32:13.000,3230.2000,4143,0,65825820.000,0,-,-,-,-,3228.6000,3228.4000,3228.2000,3226.2000,3226.0000,3230.4000,3232.0000,3232.2000,3232.4000,3237.6000,1,2,1,1,1,1,1,1,1,5
SF,IH2010,2020-09-11 09:32:13.500,3230.2000,4143,0,65825820.000,0,-,-,-,-,3228.6000,3228.4000,3228.2000,3226.2000,3225.4000,3230.2000,3230.4000,3232.0000,3232.2000,3232.4000,1,2,1,1,6,1,1,1,1,1
SF,IH2010,2020-09-11 09:32:14.000,3230.2000,4143,0,65825820.000,0,-,-,-,-,3230.0000,3228.6000,3228.4000,3228.2000,3226.8000,3230.2000,3230.4000,3232.0000,3232.2000,3232.4000,1,1,2,1,1,1,1,1,1,1
SF,IH2010,2020-09-11 09:32:14.500,3228.6000,4142,-1,67763400.000,2,0,2,多平,S,3228.4000,3228.2000,3226.2000,3225.4000,3224.4000,3230.0000,3230.4000,3232.4000,3237.6000,3240.0000,2,1,1,6,5,2,1,1,5,2
SF,IH2010,2020-09-11 09:32:15.000,3228.6000,4142,0,67763400.000,0,-,-,-,-,3228.2000,3226.6000,3226.2000,3225.4000,3224.4000,3229.8000,3230.0000,3230.4000,3232.4000,3237.6000,1,1,1,6,5,1,2,1,1,5
SF,IH2010,2020-09-11 09:32:15.500,3228.6000,4142,0,67763400.000,0,-,-,-,-,3226.6000,3226.2000,3225.4000,3224.4000,3223.6000,3228.4000,3229.8000,3230.0000,3230.4000,3232.4000,1,1,6,5,2,1,2,2,1,1
SF,IH2010,2020-09-11 09:32:16.000,3228.6000,4142,0,67763400.000,0,-,-,-,-,3226.8000,3226.6000,3226.2000,3225.4000,3224.4000,3228.4000,3229.2000,3229.4000,3229.6000,3229.8000,1,1,1,6,5,1,1,1,1,3
SF,IH2010,2020-09-11 09:32:16.500,3227.0000,4141,-1,68731500.000,1,0,1,双平,S,3226.8000,3226.6000,3226.2000,3225.4000,3224.4000,3228.4000,3229.6000,3229.8000,3230.0000,3230.4000,1,1,1,6,5,1,1,3,1,2
SF,IH2010,2020-09-11 09:32:17.000,3227.0000,4141,0,68731500.000,0,-,-,-,-,3227.4000,3226.8000,3226.6000,3225.4000,3224.4000,3229.8000,3230.0000,3230.4000,3232.4000,3237.6000,1,1,1,6,5,1,1,2,1,5
SF,IH2010,2020-09-11 09:32:17.500,3227.0000,4141,0,68731500.000,0,-,-,-,-,3227.6000,3227.4000,3226.6000,3225.4000,3224.4000,3229.6000,3229.8000,3230.0000,3230.4000,3232.4000,1,1,1,6,5,1,1,1,2,1
SF,IH2010,2020-09-11 09:32:18.000,3227.0000,4141,0,68731500.000,0,-,-,-,-,3227.4000,3226.6000,3225.4000,3224.4000,3223.6000,3229.4000,3230.0000,3230.4000,3232.4000,3237.6000,1,1,6,5,2,2,1,2,1,5
SF,IH2010,2020-09-11 09:32:18.500,3227.0000,4141,0,68731500.000,0,-,-,-,-,3227.4000,3226.6000,3225.4000,3224.4000,3223.6000,3229.2000,3229.4000,3230.0000,3230.4000,3232.4000,1,1,6,5,2,1,1,1,2,1
SF,IH2010,2020-09-11 09:32:19.000,3227.0000,4141,0,68731500.000,0,-,-,-,-,3227.4000,3226.6000,3225.4000,3224.4000,3223.6000,3229.0000,3229.2000,3230.0000,3230.4000,3232.4000,1,1,6,5,2,1,1,1,2,1
SF,IH2010,2020-09-11 09:32:19.500,3229.0000,4140,-1,69700200.000,1,0,1,双平,S,3229.0000,3227.4000,3226.6000,3225.4000,3224.4000,3230.0000,3230.4000,3232.4000,3237.6000,3240.0000,4,1,1,6,5,1,2,1,5,2
SF,IH2010,2020-09-11 09:32:20.000,3229.0000,4136,-4,73575000.000,4,0,4,双平,S,3226.8000,3225.4000,3224.4000,3223.6000,3223.4000,3229.0000,3229.4000,3229.6000,3229.8000,3230.0000,1,6,5,2,5,2,1,2,1,1
SF,IH2010,2020-09-11 09:32:20.500,3229.0000,4136,0,73575000.000,0,-,-,-,-,3227.0000,3226.8000,3225.4000,3224.4000,3223.6000,3228.8000,3229.0000,3229.2000,3229.6000,3229.8000,1,1,6,5,2,1,1,1,3,1
SF,IH2010,2020-09-11 09:32:21.000,3228.8000,4130,-6,79386900.000,6,0,6,双平,S,3227.0000,3226.8000,3225.4000,3224.4000,3223.6000,3229.0000,3229.2000,3229.6000,3229.8000,3230.0000,1,1,6,5,2,1,1,2,1,1
SF,IH2010,2020-09-11 09:32:21.500,3228.8000,4128,-2,82292220.000,3,0,3,多平,S,3229.0000,3226.8000,3225.4000,3224.4000,3223.6000,3229.6000,3229.8000,3230.0000,3230.4000,3232.4000,3,1,6,5,2,1,1,1,2,1
SF,IH2010,2020-09-11 09:32:22.000,3229.0000,4125,-3,85198320.000,3,0,3,双平,S,3226.8000,3225.4000,3224.4000,3223.6000,3223.4000,3227.0000,3228.8000,3229.0000,3229.2000,3229.4000,1,6,5,2,5,1,1,3,1,1
SF,IH2010,2020-09-11 09:32:22.500,3227.0000,4125,0,87134520.000,2,1,1,多换,S,3227.0000,3226.8000,3225.4000,3224.4000,3223.6000,3229.0000,3229.4000,3229.6000,3229.8000,3230.0000,6,1,6,5,2,1,1,1,1,1
SF,IH2010,2020-09-11 09:32:23.000,3227.0000,4125,0,87134520.000,0,-,-,-,-,3227.2000,3227.0000,3226.8000,3225.4000,3224.4000,3229.0000,3229.6000,3229.8000,3230.0000,3230.4000,2,6,1,6,5,1,1,1,1,1
SF,IH2010,2020-09-11 09:32:23.500,3229.0000,4124,-1,89071860.000,2,0,2,多平,S,3229.0000,3227.2000,3227.0000,3226.8000,3225.4000,3229.6000,3229.8000,3230.4000,3232.4000,3237.6000,3,1,6,1,6,1,1,1,1,5
SF,IH2010,2020-09-11 09:32:24.000,3229.0000,4123,-1,91977960.000,3,1,2,多平,S,3227.2000,3227.0000,3226.8000,3225.4000,3224.4000,3228.8000,3229.0000,3229.2000,3229.4000,3229.6000,1,6,1,6,5,1,1,1,1,1
SF,IH2010,2020-09-11 09:32:24.500,3229.0000,4122,-1,92946660.000,1,0,1,双平,S,3228.8000,3227.2000,3227.0000,3226.8000,3225.4000,3229.2000,3229.4000,3229.6000,3229.8000,3230.4000,6,1,6,1,6,1,1,1,1,1
SF,IH2010,2020-09-11 09:32:25.000,3229.8000,4119,-3,95853240.000,3,0,3,双平,S,3230.2000,3229.6000,3229.4000,3228.8000,3227.2000,3230.4000,3232.4000,3237.6000,3240.0000,3245.0000,1,1,1,6,1,1,1,5,2,1
SF,IH2010,2020-09-11 09:32:25.500,3230.4000,4112,-7,102636720.000,7,0,7,双平,S,3229.6000,3229.4000,3228.8000,3227.2000,3227.0000,3232.4000,3237.6000,3240.0000,3245.0000,3246.2000,1,1,6,1,6,1,5,2,1,1
SF,IH2010,2020-09-11 09:32:26.000,3230.4000,4112,0,102636720.000,0,-,-,-,-,3229.8000,3229.6000,3229.4000,3228.8000,3227.0000,3230.8000,3231.0000,3231.2000,3231.8000,3232.0000,1,1,1,6,6,1,1,1,1,2
SF,IH2010,2020-09-11 09:32:26.500,3229.8000,4111,-1,103605660.000,1,0,1,双平,S,3229.6000,3229.4000,3228.8000,3227.0000,3226.8000,3231.2000,3231.8000,3232.2000,3232.4000,3237.6000,1,1,6,6,1,1,1,2,1,5
SF,IH2010,2020-09-11 09:32:27.000,3231.2000,4107,-4,107482560.000,4,0,4,双平,S,3231.2000,3229.4000,3228.8000,3227.0000,3226.8000,3231.8000,3232.2000,3232.4000,3237.6000,3240.0000,1,1,6,6,1,1,1,1,5,2
SF,IH2010,2020-09-11 09:32:27.500,3231.2000,4106,-1,108451920.000,1,0,1,双平,S,3228.8000,3227.0000,3226.8000,3225.4000,3224.4000,3230.6000,3230.8000,3231.0000,3231.2000,3231.4000,5,5,1,6,5,3,1,2,5,2
SF,IH2010,2020-09-11 09:32:28.000,3231.2000,4106,0,108451920.000,0,-,-,-,-,3229.0000,3228.8000,3227.0000,3226.8000,3225.4000,3230.4000,3230.6000,3230.8000,3231.2000,3231.4000,1,5,5,1,6,1,3,2,3,2
SF,IH2010,2020-09-11 09:32:28.500,3230.4000,4105,-1,110389740.000,2,0,2,多平,S,3228.8000,3227.0000,3226.8000,3225.4000,3224.4000,3230.0000,3230.2000,3230.4000,3230.6000,3230.8000,5,5,1,6,5,1,1,1,3,2
SF,IH2010,2020-09-11 09:32:29.000,3228.8000,4102,-3,113296080.000,3,0,3,双平,S,3230.0000,3228.8000,3227.0000,3226.8000,3225.4000,3230.2000,3230.8000,3231.0000,3231.6000,3231.8000,1,4,5,1,6,1,4,2,1,1
SF,IH2010,2020-09-11 09:32:29.500,3230.0000,4100,-2,117172620.000,4,1,3,多平,S,3228.8000,3228.4000,3227.0000,3226.8000,3225.4000,3229.6000,3229.8000,3230.8000,3231.0000,3231.6000,4,1,5,1,6,1,1,1,2,1
SF,IH2010,2020-09-11 09:32:30.000,3229.8000,4099,-1,119110440.000,2,0,2,多平,S,3230.0000,3229.6000,3229.0000,3228.8000,3228.4000,3230.8000,3231.0000,3231.6000,3231.8000,3232.4000,1,1,1,4,1,1,1,1,1,1
SF,IH2010,2020-09-11 09:32:30.500,3229.8000,4099,0,119110440.000,0,-,-,-,-,3229.0000,3228.8000,3228.4000,3228.0000,3227.0000,3230.6000,3230.8000,3231.6000,3231.8000,3232.4000,1,4,1,1,5,1,1,1,1,1
SF,IH2010,2020-09-11 09:32:31.500,3229.8000,4099,0,119110440.000,0,-,-,-,-,3229.0000,3228.8000,3228.4000,3228.0000,3227.0000,3230.6000,3230.8000,3231.0000,3231.8000,3232.4000,1,4,1,1,5,1,1,1,1,1
SF,IH2010,2020-09-11 09:32:32.000,3229.8000,4099,0,119110440.000,0,-,-,-,-,3229.0000,3228.8000,3228.4000,3228.0000,3227.0000,3230.4000,3230.6000,3230.8000,3231.0000,3231.8000,1,4,1,1,5,1,1,1,1,1
SF,IH2010,2020-09-11 09:32:32.500,3229.8000,4099,0,119110440.000,0,-,-,-,-,3229.0000,3228.8000,3228.4000,3228.0000,3227.0000,3230.0000,3230.4000,3230.8000,3231.0000,3231.2000,1,4,1,1,5,1,2,2,1,1
SF,IH2010,2020-09-11 09:32:34.500,3229.8000,4099,0,119110440.000,0,-,-,-,-,3229.0000,3228.8000,3228.4000,3228.0000,3227.0000,3230.4000,3230.8000,3231.0000,3231.2000,3231.8000,1,4,1,1,5,2,3,1,1,1
SF,IH2010,2020-09-11 09:32:35.500,3229.8000,4099,0,119110440.000,0,-,-,-,-,3229.0000,3228.8000,3228.4000,3228.0000,3227.0000,3230.4000,3230.8000,3231.0000,3231.8000,3232.4000,1,4,1,1,5,2,3,1,1,1
SF,IH2010,2020-09-11 09:32:36.000,3229.8000,4099,0,119110440.000,0,-,-,-,-,3229.0000,3228.8000,3228.4000,3228.0000,3227.0000,3230.2000,3230.8000,3231.8000,3232.4000,3235.8000,1,4,1,1,5,1,1,1,1,3
SF,IH2010,2020-09-11 09:32:37.000,3229.8000,4099,0,119110440.000,0,-,-,-,-,3229.0000,3228.8000,3228.4000,3228.0000,3227.0000,3230.8000,3231.0000,3231.8000,3232.4000,3235.8000,1,4,1,1,5,1,2,1,1,3
SF,IH2010,2020-09-11 09:32:37.500,3229.8000,4099,0,119110440.000,0,-,-,-,-,3229.0000,3228.8000,3228.4000,3228.0000,3227.0000,3230.6000,3230.8000,3231.0000,3231.8000,3232.4000,1,4,1,1,5,1,2,2,1,1
SF,IH2010,2020-09-11 09:32:38.500,3229.8000,4099,0,119110440.000,0,-,-,-,-,3229.0000,3228.8000,3228.4000,3228.0000,3227.0000,3230.2000,3230.4000,3230.6000,3230.8000,3231.0000,1,4,1,1,5,1,1,1,2,1
SF,IH2010,2020-09-11 09:32:39.000,3229.8000,4099,0,119110440.000,0,-,-,-,-,3229.0000,3228.8000,3228.4000,3228.0000,3227.0000,3230.2000,3230.4000,3230.6000,3230.8000,3231.0000,1,4,1,1,5,1,2,1,1,1
SF,IH2010,2020-09-11 09:32:39.500,3229.8000,4099,0,119110440.000,0,-,-,-,-,3229.0000,3228.8000,3228.4000,3228.0000,3227.0000,3230.4000,3230.6000,3230.8000,3231.0000,3231.8000,1,4,1,1,5,1,1,1,1,1
SF,IH2010,2020-09-11 09:32:41.000,3229.8000,4099,0,119110440.000,0,-,-,-,-,3229.0000,3228.8000,3228.4000,3228.0000,3227.0000,3230.4000,3230.6000,3230.8000,3231.0000,3231.8000,1,4,6,1,5,1,1,1,1,1
SF,IH2010,2020-09-11 09:32:41.500,3229.8000,4099,0,119110440.000,0,-,-,-,-,3229.0000,3228.8000,3228.4000,3228.0000,3227.0000,3230.4000,3230.6000,3230.8000,3231.0000,3231.8000,1,4,6,1,5,2,1,1,1,1
SF,IH2010,2020-09-11 09:32:42.000,3229.8000,4099,0,119110440.000,0,-,-,-,-,3229.0000,3228.8000,3228.4000,3228.0000,3227.0000,3230.2000,3230.4000,3230.6000,3230.8000,3231.0000,1,4,6,1,5,2,2,1,1,1
SF,IH2010,2020-09-11 09:32:42.500,3229.8000,4099,0,119110440.000,0,-,-,-,-,3229.0000,3228.8000,3228.4000,3228.0000,3227.0000,3230.2000,3230.6000,3231.0000,3231.8000,3232.4000,1,4,6,1,5,2,1,1,1,1
SF,IH2010,2020-09-11 09:32:43.000,3230.2000,4098,-1,120079500.000,1,0,1,双平,S,3229.0000,3228.8000,3228.4000,3227.0000,3225.4000,3229.8000,3230.6000,3231.2000,3231.8000,3232.4000,1,4,6,5,6,1,1,1,1,1
SF,IH2010,2020-09-11 09:32:43.500,3229.8000,4097,-1,121048440.000,1,0,1,双平,S,3229.0000,3228.8000,3228.4000,3227.4000,3227.0000,3231.2000,3231.8000,3232.4000,3235.8000,3237.6000,1,4,6,5,5,1,1,1,3,5
SF,IH2010,2020-09-11 09:32:44.000,3229.8000,4097,0,121048440.000,0,-,-,-,-,3229.0000,3228.8000,3228.4000,3227.4000,3227.0000,3230.8000,3231.0000,3231.2000,3231.8000,3232.4000,1,4,6,5,5,3,1,1,1,1
SF,IH2010,2020-09-11 09:32:44.500,3229.8000,4097,0,121048440.000,0,-,-,-,-,3229.0000,3228.8000,3228.4000,3227.4000,3227.0000,3230.6000,3230.8000,3231.2000,3231.8000,3232.4000,1,4,6,5,5,1,3,1,1,1
SF,IH2010,2020-09-11 09:32:45.000,3229.8000,4097,0,121048440.000,0,-,-,-,-,3229.0000,3228.8000,3228.4000,3227.4000,3227.0000,3230.6000,3230.8000,3231.2000,3231.8000,3232.4000,1,4,6,5,5,1,2,1,1,1
SF,IH2010,2020-09-11 09:32:45.500,3229.8000,4097,0,121048440.000,0,-,-,-,-,3229.0000,3228.8000,3228.4000,3227.4000,3227.0000,3230.6000,3230.8000,3231.8000,3232.4000,3233.4000,1,4,6,5,5,1,2,1,1,1
SF,IH2010,2020-09-11 09:32:47.500,3230.8000,4094,-3,123956100.000,3,0,3,双平,S,3229.0000,3228.8000,3228.4000,3227.4000,3227.0000,3230.2000,3231.6000,3231.8000,3232.4000,3233.4000,1,4,6,5,5,2,1,1,1,1
SF,IH2010,2020-09-11 09:32:48.000,3230.2000,4092,-2,125894340.000,2,0,2,双平,S,3229.0000,3228.8000,3228.4000,3227.4000,3227.0000,3230.6000,3231.6000,3231.8000,3232.4000,3233.4000,1,4,6,5,5,1,1,1,1,1
SF,IH2010,2020-09-11 09:32:48.500,3230.6000,4091,-1,126863520.000,1,0,1,双平,S,3229.0000,3228.8000,3228.4000,3227.4000,3227.0000,3231.6000,3231.8000,3232.4000,3233.4000,3235.8000,1,4,6,5,5,1,1,1,1,3
SF,IH2010,2020-09-11 09:32:49.000,3230.6000,4091,0,126863520.000,0,-,-,-,-,3229.6000,3229.4000,3229.0000,3228.8000,3228.4000,3232.4000,3233.6000,3235.8000,3237.6000,3240.0000,1,3,1,4,6,1,1,3,5,2
SF,IH2010,2020-09-11 09:32:49.500,3230.6000,4091,0,126863520.000,0,-,-,-,-,3229.8000,3228.8000,3228.4000,3227.4000,3227.0000,3232.2000,3232.4000,3233.6000,3235.8000,3237.6000,2,4,6,5,5,1,1,1,3,5
SF,IH2010,2020-09-11 09:32:50.000,3230.6000,4091,0,126863520.000,0,-,-,-,-,3229.8000,3229.6000,3228.8000,3228.4000,3227.4000,3232.2000,3232.4000,3235.2000,3235.8000,3237.6000,2,1,4,6,5,2,1,1,3,5
SF,IH2010,2020-09-11 09:32:50.500,3229.8000,4090,-1,127832460.000,1,0,1,双平,S,3229.8000,3228.8000,3228.4000,3227.4000,3227.0000,3231.8000,3232.0000,3232.2000,3232.4000,3235.2000,1,4,6,5,5,1,1,2,1,1
SF,IH2010,2020-09-11 09:32:51.000,3229.8000,4090,0,127832460.000,0,-,-,-,-,3229.8000,3228.8000,3228.4000,3227.4000,3227.0000,3231.6000,3231.8000,3232.0000,3232.4000,3235.2000,1,4,6,5,5,1,2,1,1,1
SF,IH2010,2020-09-11 09:32:51.500,3231.4000,4089,-1,128801880.000,1,0,1,双平,S,3230.0000,3229.8000,3228.8000,3228.4000,3227.4000,3231.6000,3231.8000,3232.0000,3232.4000,3235.2000,1,1,4,6,5,2,1,1,1,1
SF,IH2010,2020-09-11 09:32:52.000,3231.4000,4089,0,128801880.000,0,-,-,-,-,3230.0000,3229.8000,3228.8000,3228.4000,3227.4000,3231.2000,3231.6000,3231.8000,3232.4000,3235.2000,1,1,4,6,5,1,2,1,1,1
SF,IH2010,2020-09-11 09:32:52.500,3231.4000,4089,0,128801880.000,0,-,-,-,-,3230.0000,3228.8000,3228.4000,3227.4000,3227.0000,3231.6000,3231.8000,3232.4000,3235.2000,3235.8000,1,4,6,5,5,2,1,1,1,3
SF,IH2010,2020-09-11 09:32:53.000,3231.4000,4089,0,128801880.000,0,-,-,-,-,3230.0000,3228.8000,3228.4000,3227.4000,3227.0000,3232.4000,3235.2000,3235.8000,3237.6000,3240.0000,2,4,6,5,5,1,1,3,5,2
SF,IH2010,2020-09-11 09:32:53.500,3231.4000,4089,0,128801880.000,0,-,-,-,-,3230.2000,3230.0000,3228.8000,3228.4000,3227.4000,3232.4000,3235.2000,3235.8000,3237.6000,3240.0000,2,2,4,6,5,1,1,3,5,2
SF,IH2010,2020-09-11 09:32:54.000,3231.4000,4089,0,128801880.000,0,-,-,-,-,3230.4000,3230.2000,3230.0000,3228.8000,3228.4000,3232.4000,3235.2000,3235.8000,3237.6000,3240.0000,1,2,1,4,6,1,1,3,5,2
SF,IH2010,2020-09-11 09:32:54.500,3231.4000,4089,0,128801880.000,0,-,-,-,-,3230.6000,3230.4000,3230.0000,3228.8000,3228.4000,3232.2000,3232.4000,3235.2000,3235.8000,3237.6000,2,1,1,4,6,1,1,1,3,5
SF,IH2010,2020-09-11 09:32:55.000,3231.4000,4089,0,128801880.000,0,-,-,-,-,3230.8000,3230.0000,3228.8000,3228.4000,3227.4000,3232.4000,3235.2000,3235.8000,3237.6000,3240.0000,1,1,4,6,5,1,1,3,5,2
SF,IH2010,2020-09-11 09:32:55.500,3231.4000,4089,0,128801880.000,0,-,-,-,-,3230.8000,3228.8000,3228.4000,3227.4000,3227.0000,3232.4000,3235.2000,3235.8000,3237.6000,3240.0000,1,4,5,5,5,1,1,3,5,2
SF,IH2010,2020-09-11 09:32:56.000,3232.4000,4089,0,129771600.000,1,0,1,多换,S,3231.0000,3230.8000,3228.8000,3228.4000,3227.4000,3235.8000,3236.8000,3237.6000,3240.0000,3240.8000,1,1,4,5,5,3,1,5,1,1
SF,IH2010,2020-09-11 09:32:56.500,3232.8000,4088,-1,130741440.000,1,0,1,双平,S,3231.2000,3231.0000,3228.8000,3228.4000,3227.4000,3233.2000,3234.4000,3235.4000,3235.6000,3235.8000,1,1,4,5,5,2,1,1,1,7
SF,IH2010,2020-09-11 09:32:57.000,3232.8000,4088,0,130741440.000,0,-,-,-,-,3231.4000,3231.2000,3231.0000,3228.8000,3228.4000,3233.0000,3233.4000,3234.4000,3235.4000,3235.8000,2,1,1,4,5,1,1,1,1,3
SF,IH2010,2020-09-11 09:32:57.500,3232.8000,4088,0,130741440.000,0,-,-,-,-,3231.2000,3231.0000,3228.8000,3228.4000,3227.4000,3233.0000,3234.4000,3234.8000,3235.0000,3235.4000,1,1,4,5,5,1,1,1,1,1
SF,IH2010,2020-09-11 09:32:58.000,3231.2000,4087,-1,131710800.000,1,0,1,双平,S,3231.0000,3228.8000,3228.4000,3227.4000,3227.0000,3232.6000,3232.8000,3233.0000,3234.4000,3234.8000,1,4,5,5,5,1,1,1,1,1
SF,IH2010,2020-09-11 09:32:58.500,3231.0000,4087,0,132680100.000,1,0,1,多换,S,3228.8000,3228.4000,3227.4000,3227.0000,3225.4000,3232.2000,3232.4000,3232.6000,3234.4000,3234.8000,4,5,5,5,6,1,1,1,1,1
SF,IH2010,2020-09-11 09:32:59.000,3231.0000,4087,0,132680100.000,0,-,-,-,-,3229.8000,3229.6000,3229.2000,3229.0000,3228.8000,3231.8000,3232.0000,3232.2000,3232.6000,3234.4000,1,1,1,4,4,1,1,1,2,1
SF,IH2010,2020-09-11 09:32:59.500,3231.0000,4087,0,132680100.000,0,-,-,-,-,3229.0000,3228.8000,3228.4000,3227.4000,3227.0000,3231.6000,3231.8000,3232.2000,3232.4000,3232.6000,1,4,5,5,5,1,1,1,1,2
SF,IH2010,2020-09-11 09:33:00.000,3231.0000,4087,0,132680100.000,0,-,-,-,-,3230.0000,3229.8000,3229.6000,3229.0000,3228.8000,3231.6000,3231.8000,3232.2000,3232.4000,3232.6000,3,1,1,1,4,1,2,1,1,2
SF,IH2010,2020-09-11 09:33:00.500,3231.6000,4086,-1,133649580.000,1,0,1,双平,S,3230.0000,3229.0000,3228.8000,3228.4000,3227.4000,3231.8000,3232.2000,3232.4000,3232.6000,3234.8000,3,1,4,5,5,2,1,1,2,1
SF,IH2010,2020-09-11 09:33:01.000,3231.6000,4086,0,133649580.000,0,-,-,-,-,3230.2000,3230.0000,3228.8000,3228.4000,3227.4000,3231.8000,3232.2000,3232.4000,3232.6000,3234.8000,1,1,4,5,5,1,1,1,1,1
SF,IH2010,2020-09-11 09:33:01.500,3231.6000,4086,0,133649580.000,0,-,-,-,-,3230.2000,3230.0000,3228.8000,3228.4000,3227.4000,3232.2000,3232.4000,3232.6000,3234.8000,3235.4000,1,1,4,5,5,1,1,1,1,1
SF,IH2010,2020-09-11 09:33:02.000,3231.6000,4086,0,133649580.000,0,-,-,-,-,3230.4000,3230.2000,3230.0000,3228.8000,3228.4000,3232.0000,3232.4000,3232.8000,3234.8000,3235.4000,2,1,1,4,5,1,1,1,1,1
SF,IH2010,2020-09-11 09:33:02.500,3230.0000,4086,0,134618580.000,1,0,1,多换,S,3228.8000,3228.4000,3227.4000,3227.0000,3225.4000,3231.8000,3232.0000,3232.4000,3232.8000,3234.8000,4,5,5,5,6,2,1,1,1,1
SF,IH2010,2020-09-11 09:33:03.000,3230.0000,4086,0,134618580.000,0,-,-,-,-,3229.6000,3229.2000,3229.0000,3228.8000,3228.4000,3231.6000,3231.8000,3232.0000,3232.4000,3235.8000,1,2,3,4,5,1,1,1,1,3
SF,IH2010,2020-09-11 09:33:03.500,3230.0000,4086,0,134618580.000,0,-,-,-,-,3229.8000,3229.6000,3228.8000,3228.4000,3227.8000,3231.8000,3232.6000,3235.8000,3237.6000,3240.0000,4,1,4,5,1,1,1,3,5,1
SF,IH2010,2020-09-11 09:33:04.000,3230.0000,4086,0,134618580.000,0,-,-,-,-,3229.8000,3229.6000,3228.8000,3228.4000,3227.8000,3231.6000,3231.8000,3232.6000,3235.8000,3237.6000,4,1,4,5,1,1,1,1,3,5
SF,IH2010,2020-09-11 09:33:04.500,3230.0000,4086,0,134618580.000,0,-,-,-,-,3229.8000,3229.6000,3228.8000,3228.4000,3227.8000,3232.6000,3235.8000,3237.6000,3240.0000,3240.8000,2,1,4,5,1,1,3,5,1,1
SF,IH2010,2020-09-11 09:33:05.000,3230.0000,4086,0,134618580.000,0,-,-,-,-,3229.8000,3229.6000,3228.8000,3228.4000,3227.8000,3232.4000,3232.6000,3235.8000,3237.6000,3240.0000,1,1,4,5,1,1,1,3,5,1
SF,IH2010,2020-09-11 09:33:05.500,3229.8000,4085,-1,135587520.000,1,0,1,双平,S,3229.6000,3228.8000,3228.4000,3227.8000,3227.4000,3231.8000,3232.0000,3232.4000,3232.6000,3235.8000,1,4,5,1,5,1,1,2,1,3
SF,IH2010,2020-09-11 09:33:06.000,3229.8000,4085,0,135587520.000,0,-,-,-,-,3229.8000,3229.6000,3228.8000,3228.4000,3227.8000,3231.6000,3231.8000,3232.2000,3232.4000,3235.8000,2,1,4,5,1,1,1,1,1,3
SF,IH2010,2020-09-11 09:33:06.500,3229.8000,4085,0,135587520.000,0,-,-,-,-,3229.8000,3229.6000,3228.8000,3228.4000,3227.8000,3231.6000,3231.8000,3232.2000,3232.4000,3235.8000,2,1,4,5,1,1,1,1,1,3
SF,IH2010,2020-09-11 09:33:07.000,3229.8000,4085,0,135587520.000,0,-,-,-,-,3229.8000,3229.6000,3228.8000,3228.4000,3227.8000,3230.4000,3231.6000,3232.2000,3232.4000,3235.8000,2,1,4,5,1,1,1,1,1,3
SF,IH2010,2020-09-11 09:33:07.500,3231.6000,4084,-1,137526120.000,2,0,2,多平,S,3230.6000,3230.0000,3229.8000,3229.6000,3228.8000,3232.2000,3232.4000,3235.8000,3237.6000,3240.0000,1,1,2,1,4,1,1,3,5,1
SF,IH2010,2020-09-11 09:33:08.000,3231.6000,4084,0,137526120.000,0,-,-,-,-,3230.8000,3230.6000,3229.8000,3229.6000,3228.8000,3232.4000,3232.8000,3235.8000,3237.6000,3240.0000,1,1,1,1,4,1,1,3,5,1
SF,IH2010,2020-09-11 09:33:08.500,3232.4000,4085,1,138495840.000,1,1,0,双开,S,3230.8000,3229.8000,3229.6000,3228.8000,3228.4000,3234.0000,3235.8000,3237.6000,3240.0000,3240.8000,1,1,1,4,5,1,3,5,1,1
SF,IH2010,2020-09-11 09:33:09.000,3232.4000,4085,0,138495840.000,0,-,-,-,-,3230.8000,3229.8000,3229.6000,3228.8000,3228.4000,3233.8000,3234.0000,3235.8000,3237.6000,3240.0000,1,1,1,4,5,1,1,3,5,1
SF,IH2010,2020-09-11 09:33:09.500,3232.4000,4085,0,138495840.000,0,-,-,-,-,3231.2000,3230.8000,3229.8000,3229.6000,3228.8000,3233.8000,3234.0000,3235.8000,3237.6000,3240.0000,2,1,1,1,4,2,1,3,5,1
SF,IH2010,2020-09-11 09:33:10.000,3232.4000,4085,0,138495840.000,0,-,-,-,-,3231.4000,3231.2000,3229.8000,3229.6000,3228.8000,3233.8000,3235.8000,3237.6000,3240.0000,3240.8000,1,2,1,1,4,2,3,5,1,1
SF,IH2010,2020-09-11 09:33:10.500,3232.4000,4085,0,138495840.000,0,-,-,-,-,3231.6000,3231.4000,3229.8000,3229.6000,3228.8000,3233.8000,3235.8000,3236.4000,3237.6000,3240.0000,2,1,1,1,4,2,3,1,5,1
SF,IH2010,2020-09-11 09:33:11.000,3232.4000,4085,0,138495840.000,0,-,-,-,-,3231.8000,3231.6000,3229.8000,3229.6000,3228.8000,3233.8000,3235.8000,3236.4000,3237.6000,3240.0000,1,2,1,1,4,2,3,1,5,1
SF,IH2010,2020-09-11 09:33:11.500,3232.4000,4085,0,138495840.000,0,-,-,-,-,3232.0000,3231.8000,3229.8000,3229.6000,3228.8000,3233.8000,3235.8000,3236.4000,3237.6000,3240.0000,2,1,1,1,4,2,3,1,5,1
SF,IH2010,2020-09-11 09:33:12.000,3232.4000,4085,0,138495840.000,0,-,-,-,-,3232.2000,3232.0000,3229.8000,3228.8000,3228.4000,3233.8000,3235.8000,3236.4000,3240.0000,3240.8000,1,2,1,4,5,2,3,1,1,1
SF,IH2010,2020-09-11 09:33:12.500,3232.4000,4085,0,138495840.000,0,-,-,-,-,3232.2000,3229.8000,3228.8000,3228.4000,3227.8000,3235.8000,3236.4000,3240.0000,3240.8000,3241.4000,1,2,4,5,1,3,1,1,1,5
SF,IH2010,2020-09-11 09:33:13.000,3232.4000,4085,0,138495840.000,0,-,-,-,-,3232.6000,3232.4000,3232.2000,3229.8000,3228.8000,3235.6000,3235.8000,3236.4000,3240.0000,3240.8000,2,1,1,2,4,1,3,1,1,1
SF,IH2010,2020-09-11 09:33:13.500,3232.4000,4085,0,138495840.000,0,-,-,-,-,3232.8000,3232.6000,3229.8000,3228.8000,3228.4000,3235.6000,3235.8000,3236.4000,3240.0000,3240.8000,2,4,2,4,5,2,3,1,1,1
SF,IH2010,2020-09-11 09:33:14.000,3232.4000,4085,0,138495840.000,0,-,-,-,-,3232.8000,3232.6000,3229.8000,3228.8000,3228.4000,3235.6000,3235.8000,3237.8000,3240.0000,3240.8000,1,2,2,4,5,2,3,1,1,1
SF,IH2010,2020-09-11 09:33:14.500,3232.4000,4085,0,138495840.000,0,-,-,-,-,3233.0000,3232.8000,3229.8000,3228.8000,3228.4000,3235.6000,3235.8000,3237.8000,3240.0000,3240.8000,2,1,2,4,5,2,3,1,1,1
SF,IH2010,2020-09-11 09:33:15.000,3232.4000,4085,0,138495840.000,0,-,-,-,-,3233.2000,3233.0000,3232.0000,3229.8000,3228.8000,3235.6000,3235.8000,3237.8000,3240.0000,3240.8000,1,2,1,2,4,2,3,1,1,1
SF,IH2010,2020-09-11 09:33:15.500,3233.2000,4084,-1,139465800.000,1,0,1,双平,S,3232.0000,3229.8000,3228.8000,3228.4000,3227.8000,3235.2000,3235.6000,3235.8000,3240.0000,3240.8000,1,2,4,5,1,1,2,3,1,1
SF,IH2010,2020-09-11 09:33:16.000,3233.2000,4084,0,139465800.000,0,-,-,-,-,3233.4000,3232.4000,3232.2000,3232.0000,3229.8000,3235.0000,3235.2000,3235.6000,3235.8000,3240.0000,2,1,3,1,2,1,2,1,3,1
SF,IH2010,2020-09-11 09:33:16.500,3233.2000,4084,0,139465800.000,0,-,-,-,-,3232.4000,3232.2000,3232.0000,3229.8000,3228.8000,3235.0000,3235.2000,3235.6000,3235.8000,3240.0000,1,3,1,2,4,1,2,1,3,1
SF,IH2010,2020-09-11 09:33:17.000,3233.2000,4084,0,139465800.000,0,-,-,-,-,3232.6000,3232.4000,3232.2000,3232.0000,3229.8000,3235.0000,3235.2000,3235.6000,3235.8000,3240.0000,1,1,2,1,1,1,2,1,3,1
SF,IH2010,2020-09-11 09:33:17.500,3232.6000,4083,-1,140435580.000,1,0,1,双平,S,3232.0000,3229.8000,3228.8000,3228.4000,3227.8000,3234.8000,3235.0000,3235.2000,3235.6000,3235.8000,1,1,4,5,1,1,1,1,1,3
SF,IH2010,2020-09-11 09:33:18.000,3232.6000,4083,0,140435580.000,0,-,-,-,-,3232.2000,3232.0000,3229.8000,3228.8000,3228.4000,3234.4000,3234.6000,3234.8000,3235.2000,3235.6000,3,1,1,4,5,1,1,1,1,1
SF,IH2010,2020-09-11 09:33:18.500,3232.6000,4083,0,140435580.000,0,-,-,-,-,3232.2000,3232.0000,3229.8000,3228.8000,3228.4000,3234.2000,3234.4000,3234.8000,3235.6000,3235.8000,3,1,1,4,5,1,1,1,1,3
SF,IH2010,2020-09-11 09:33:19.000,3232.6000,4083,0,140435580.000,0,-,-,-,-,3232.0000,3229.8000,3228.8000,3228.4000,3227.8000,3234.2000,3234.8000,3235.6000,3235.8000,3239.0000,1,1,4,5,1,1,1,1,3,1
SF,IH2010,2020-09-11 09:33:19.500,3232.6000,4083,0,140435580.000,0,-,-,-,-,3232.0000,3229.8000,3228.8000,3228.4000,3227.8000,3233.8000,3234.0000,3234.2000,3235.6000,3235.8000,1,1,4,5,1,2,1,1,1,3
SF,IH2010,2020-09-11 09:33:20.000,3232.6000,4083,0,140435580.000,0,-,-,-,-,3232.0000,3229.8000,3228.8000,3228.4000,3227.8000,3233.6000,3233.8000,3234.0000,3235.6000,3235.8000,1,1,4,5,1,1,2,1,1,3
SF,IH2010,2020-09-11 09:33:20.500,3232.6000,4083,0,140435580.000,0,-,-,-,-,3232.0000,3229.8000,3228.8000,3228.4000,3227.4000,3233.6000,3233.8000,3234.0000,3235.6000,3235.8000,1,1,4,5,5,1,2,1,1,3
SF,IH2010,2020-09-11 09:33:21.000,3232.6000,4083,0,140435580.000,0,-,-,-,-,3232.0000,3229.8000,3228.8000,3228.4000,3227.4000,3233.6000,3233.8000,3234.0000,3235.6000,3235.8000,1,1,4,5,5,1,1,1,1,3
SF,IH2010,2020-09-11 09:33:21.500,3232.6000,4083,0,140435580.000,0,-,-,-,-,3232.0000,3229.8000,3228.8000,3228.4000,3227.4000,3233.6000,3235.6000,3235.8000,3239.0000,3240.0000,1,1,4,5,5,1,1,3,1,2
SF,IH2010,2020-09-11 09:33:22.000,3233.6000,4082,-1,141405660.000,1,0,1,双平,S,3232.2000,3232.0000,3229.8000,3228.8000,3228.4000,3235.6000,3235.8000,3239.0000,3240.0000,3240.8000,1,1,1,4,5,1,3,1,2,1
SF,IH2010,2020-09-11 09:33:22.500,3233.6000,4082,0,141405660.000,0,-,-,-,-,3232.4000,3232.2000,3232.0000,3229.8000,3228.8000,3235.4000,3235.6000,3235.8000,3239.0000,3240.0000,1,1,1,1,4,2,1,3,1,2
SF,IH2010,2020-09-11 09:33:23.000,3233.6000,4082,0,141405660.000,0,-,-,-,-,3232.6000,3232.4000,3232.0000,3229.8000,3228.8000,3235.4000,3235.6000,3235.8000,3239.0000,3240.0000,1,2,1,1,4,2,1,3,1,2
SF,IH2010,2020-09-11 09:33:23.500,3233.6000,4082,0,141405660.000,0,-,-,-,-,3232.8000,3232.6000,3232.0000,3229.8000,3228.8000,3235.4000,3235.6000,3235.8000,3239.0000,3240.0000,1,1,1,1,4,1,1,3,1,2
SF,IH2010,2020-09-11 09:33:24.000,3233.6000,4082,0,141405660.000,0,-,-,-,-,3233.0000,3232.8000,3232.0000,3229.8000,3228.8000,3235.0000,3235.4000,3235.6000,3235.8000,3239.0000,1,2,1,1,4,1,1,1,3,1
SF,IH2010,2020-09-11 09:33:24.500,3233.6000,4082,0,141405660.000,0,-,-,-,-,3233.2000,3233.0000,3232.0000,3229.8000,3228.8000,3234.8000,3235.0000,3235.6000,3235.8000,3239.0000,2,1,1,1,4,1,1,1,3,1
SF,IH2010,2020-09-11 09:33:25.000,3233.0000,4081,-1,142375560.000,1,0,1,双平,S,3232.0000,3229.8000,3228.8000,3228.4000,3227.4000,3234.8000,3235.0000,3235.8000,3239.0000,3240.0000,1,1,4,5,5,1,1,3,1,2
SF,IH2010,2020-09-11 09:33:25.500,3232.2000,4080,-1,143345220.000,1,0,1,双平,S,3232.0000,3229.8000,3228.8000,3228.4000,3227.4000,3234.8000,3235.0000,3235.8000,3239.0000,3240.0000,1,1,4,5,5,1,1,3,1,2
SF,IH2010,2020-09-11 09:33:26.000,3232.2000,4080,0,143345220.000,0,-,-,-,-,3232.2000,3232.0000,3229.8000,3228.8000,3228.4000,3234.4000,3234.8000,3235.0000,3235.8000,3239.0000,1,1,1,4,5,1,1,1,3,1
SF,IH2010,2020-09-11 09:33:26.500,3232.2000,4080,0,143345220.000,0,-,-,-,-,3232.0000,3229.8000,3228.8000,3228.4000,3227.4000,3234.2000,3234.4000,3235.0000,3235.8000,3239.0000,1,1,4,5,5,3,2,1,3,1
SF,IH2010,2020-09-11 09:33:27.000,3232.2000,4080,0,143345220.000,0,-,-,-,-,3232.0000,3229.8000,3228.8000,3228.4000,3227.4000,3234.2000,3234.4000,3235.0000,3235.8000,3239.0000,1,1,4,5,5,2,1,1,3,1
SF,IH2010,2020-09-11 09:33:28.500,3232.2000,4080,0,143345220.000,0,-,-,-,-,3232.0000,3229.8000,3228.8000,3228.4000,3227.4000,3234.2000,3234.4000,3235.0000,3235.8000,3239.0000,2,1,4,5,5,2,1,1,3,1
SF,IH2010,2020-09-11 09:33:29.000,3232.2000,4080,0,143345220.000,0,-,-,-,-,3232.2000,3232.0000,3229.8000,3228.8000,3228.4000,3234.2000,3234.4000,3235.0000,3235.8000,3239.0000,1,2,1,4,5,1,1,1,3,1
SF,IH2010,2020-09-11 09:33:30.000,3232.2000,4080,0,143345220.000,0,-,-,-,-,3232.4000,3232.2000,3232.0000,3229.8000,3228.8000,3234.2000,3234.4000,3235.0000,3235.8000,3239.0000,2,1,2,1,4,1,1,1,3,1
SF,IH2010,2020-09-11 09:33:30.500,3232.2000,4080,0,143345220.000,0,-,-,-,-,3232.4000,3232.0000,3229.8000,3228.8000,3228.4000,3234.2000,3234.4000,3235.0000,3235.8000,3239.0000,4,2,1,4,5,1,1,1,3,1
SF,IH2010,2020-09-11 09:33:31.000,3232.2000,4080,0,143345220.000,0,-,-,-,-,3232.4000,3232.0000,3229.8000,3228.8000,3228.4000,3234.2000,3234.4000,3235.0000,3235.8000,3239.0000,2,2,1,4,5,1,1,1,3,1
SF,IH2010,2020-09-11 09:33:31.500,3234.2000,4080,0,144315480.000,1,0,1,多换,S,3232.4000,3232.0000,3229.8000,3228.8000,3228.4000,3234.4000,3235.0000,3235.8000,3239.0000,3240.0000,2,2,1,4,5,1,1,3,1,2
SF,IH2010,2020-09-11 09:33:32.000,3234.2000,4080,0,144315480.000,0,-,-,-,-,3232.4000,3232.0000,3229.8000,3228.8000,3228.4000,3234.2000,3234.4000,3235.0000,3235.8000,3239.0000,2,2,1,4,5,1,1,1,3,1
SF,IH2010,2020-09-11 09:33:32.500,3234.2000,4080,0,144315480.000,0,-,-,-,-,3232.0000,3229.8000,3228.8000,3228.4000,3227.4000,3234.0000,3234.2000,3234.4000,3235.0000,3235.8000,2,1,4,5,5,1,1,2,1,3
SF,IH2010,2020-09-11 09:33:33.000,3234.2000,4080,0,144315480.000,0,-,-,-,-,3232.2000,3232.0000,3229.8000,3228.8000,3228.4000,3233.8000,3234.4000,3235.0000,3235.8000,3240.0000,3,2,1,4,5,1,1,1,3,2
SF,IH2010,2020-09-11 09:33:33.500,3234.2000,4080,0,144315480.000,0,-,-,-,-,3232.2000,3232.0000,3229.8000,3228.8000,3228.4000,3233.8000,3234.4000,3235.0000,3235.8000,3240.0000,1,2,1,4,5,1,1,1,3,2
SF,IH2010,2020-09-11 09:33:34.000,3234.2000,4080,0,144315480.000,0,-,-,-,-,3232.2000,3232.0000,3229.8000,3228.8000,3228.4000,3233.8000,3234.4000,3235.0000,3235.8000,3236.0000,1,2,1,4,5,1,1,1,3,1
SF,IH2010,2020-09-11 09:33:37.500,3234.2000,4080,0,144315480.000,0,-,-,-,-,3232.2000,3232.0000,3229.8000,3228.8000,3228.4000,3233.6000,3233.8000,3234.4000,3235.0000,3235.8000,1,2,1,4,5,2,1,1,1,3
SF,IH2010,2020-09-11 09:33:38.000,3234.2000,4080,0,144315480.000,0,-,-,-,-,3232.0000,3229.8000,3228.8000,3228.4000,3227.4000,3233.4000,3233.6000,3234.4000,3235.0000,3235.8000,2,1,4,5,5,1,2,1,1,3
SF,IH2010,2020-09-11 09:33:38.500,3234.2000,4080,0,144315480.000,0,-,-,-,-,3232.0000,3229.8000,3228.8000,3228.4000,3227.4000,3233.2000,3233.4000,3233.6000,3234.4000,3235.0000,2,1,4,5,5,1,1,2,1,1
SF,IH2010,2020-09-11 09:33:39.000,3234.2000,4080,0,144315480.000,0,-,-,-,-,3232.0000,3229.8000,3228.8000,3228.4000,3227.4000,3233.0000,3233.2000,3233.6000,3234.4000,3235.0000,2,1,4,5,5,1,1,2,1,1
SF,IH2010,2020-09-11 09:33:39.500,3234.2000,4080,0,144315480.000,0,-,-,-,-,3232.0000,3229.8000,3228.8000,3228.4000,3227.4000,3233.0000,3233.2000,3233.6000,3234.4000,3235.0000,2,1,4,5,5,1,1,1,1,1
SF,IH2010,2020-09-11 09:33:40.000,3232.0000,4080,0,146254680.000,2,1,1,多换,S,3229.8000,3228.8000,3228.4000,3227.4000,3227.0000,3233.0000,3233.6000,3234.4000,3235.0000,3235.4000,1,4,5,5,5,1,1,1,1,1
SF,IH2010,2020-09-11 09:33:40.500,3232.0000,4080,0,146254680.000,0,-,-,-,-,3231.2000,3230.2000,3230.0000,3229.8000,3228.8000,3233.0000,3233.6000,3234.4000,3235.0000,3235.4000,1,5,1,1,4,1,1,1,1,1
SF,IH2010,2020-09-11 09:33:41.000,3232.0000,4080,0,146254680.000,0,-,-,-,-,3231.2000,3230.2000,3230.0000,3229.8000,3228.8000,3233.0000,3233.6000,3234.4000,3235.0000,3235.4000,1,3,1,1,4,1,1,1,1,1
SF,IH2010,2020-09-11 09:33:41.500,3233.0000,4079,-1,147224580.000,1,0,1,双平,S,3231.2000,3230.2000,3230.0000,3229.8000,3228.8000,3233.6000,3234.4000,3235.0000,3235.4000,3235.8000,1,3,1,1,4,1,1,1,1,3
SF,IH2010,2020-09-11 09:33:42.000,3233.0000,4079,0,147224580.000,0,-,-,-,-,3231.8000,3231.4000,3231.2000,3230.2000,3229.8000,3233.4000,3235.4000,3235.8000,3240.0000,3240.8000,1,3,1,3,1,1,1,3,2,1
SF,IH2010,2020-09-11 09:33:42.500,3233.0000,4079,0,147224580.000,0,-,-,-,-,3232.0000,3231.8000,3231.4000,3231.2000,3230.2000,3235.4000,3235.8000,3240.0000,3240.8000,3241.4000,1,1,1,1,2,1,3,2,1,5
SF,IH2010,2020-09-11 09:33:43.000,3233.0000,4079,0,147224580.000,0,-,-,-,-,3232.0000,3231.8000,3231.4000,3231.2000,3230.2000,3235.2000,3235.8000,3239.4000,3240.0000,3240.8000,1,1,1,1,2,2,3,1,2,1
SF,IH2010,2020-09-11 09:33:43.500,3233.0000,4079,0,147224580.000,0,-,-,-,-,3232.4000,3232.0000,3231.8000,3231.4000,3231.2000,3235.0000,3235.2000,3235.8000,3239.4000,3240.0000,2,1,1,1,1,1,1,3,1,2
SF,IH2010,2020-09-11 09:33:44.000,3233.0000,4079,0,147224580.000,0,-,-,-,-,3232.6000,3232.4000,3231.8000,3231.2000,3229.8000,3234.8000,3235.8000,3239.4000,3240.0000,3240.8000,1,5,1,1,1,1,3,1,2,1
SF,IH2010,2020-09-11 09:33:44.500,3233.0000,4079,0,147224580.000,0,-,-,-,-,3232.6000,3232.4000,3231.8000,3231.2000,3229.8000,3234.8000,3235.8000,3239.4000,3240.0000,3240.8000,1,5,1,1,1,1,3,1,2,1
SF,IH2010,2020-09-11 09:33:45.000,3233.0000,4079,0,147224580.000,0,-,-,-,-,3232.8000,3232.6000,3232.4000,3231.8000,3231.2000,3234.8000,3235.8000,3239.4000,3240.0000,3240.8000,2,1,3,1,1,1,3,1,2,1
SF,IH2010,2020-09-11 09:33:45.500,3233.0000,4079,0,147224580.000,0,-,-,-,-,3233.0000,3232.8000,3232.4000,3231.8000,3231.2000,3234.8000,3235.8000,3239.4000,3240.0000,3240.8000,3,2,3,1,1,1,3,1,2,1
SF,IH2010,2020-09-11 09:33:46.000,3233.0000,4079,0,147224580.000,0,-,-,-,-,3233.2000,3233.0000,3232.4000,3231.8000,3231.2000,3234.8000,3235.8000,3239.4000,3240.0000,3240.8000,2,3,1,1,1,1,3,1,2,1
SF,IH2010,2020-09-11 09:33:46.500,3233.0000,4079,0,147224580.000,0,-,-,-,-,3233.2000,3233.0000,3232.4000,3231.8000,3231.2000,3234.8000,3235.8000,3239.4000,3240.0000,3240.8000,2,1,1,1,1,1,3,1,2,1
SF,IH2010,2020-09-11 09:33:47.000,3233.0000,4079,0,147224580.000,0,-,-,-,-,3233.4000,3233.2000,3232.4000,3231.8000,3231.2000,3234.8000,3235.8000,3239.4000,3240.0000,3240.8000,1,2,1,1,1,1,3,1,2,1
SF,IH2010,2020-09-11 09:33:47.500,3233.0000,4078,-1,148194480.000,1,0,1,双平,S,3233.4000,3233.2000,3232.4000,3231.8000,3231.2000,3234.8000,3235.8000,3239.4000,3240.0000,3240.8000,1,2,1,1,1,1,3,1,2,1
SF,IH2010,2020-09-11 09:33:48.000,3233.0000,4078,0,148194480.000,0,-,-,-,-,3233.4000,3233.2000,3232.4000,3231.8000,3231.2000,3234.8000,3235.8000,3239.4000,3240.0000,3240.8000,1,2,1,1,1,1,3,1,2,1
SF,IH2010,2020-09-11 09:33:48.500,3234.8000,4077,-1,149164920.000,1,0,1,双平,S,3233.4000,3233.2000,3232.4000,3231.8000,3231.2000,3235.8000,3239.4000,3240.0000,3240.8000,3241.4000,1,2,1,1,1,3,1,2,1,5
SF,IH2010,2020-09-11 09:33:49.000,3234.8000,4077,0,149164920.000,0,-,-,-,-,3234.0000,3233.6000,3233.4000,3233.2000,3232.4000,3235.6000,3235.8000,3239.4000,3240.0000,3240.8000,3,2,1,2,1,1,3,1,2,1
SF,IH2010,2020-09-11 09:33:49.500,3234.8000,4077,0,149164920.000,0,-,-,-,-,3234.2000,3233.2000,3232.4000,3230.0000,3228.8000,3234.8000,3235.6000,3235.8000,3239.4000,3240.0000,1,2,1,1,4,1,1,3,1,2
SF,IH2010,2020-09-11 09:33:50.000,3234.8000,4076,-1,150135360.000,1,0,1,双平,S,3234.2000,3233.2000,3232.4000,3230.0000,3228.8000,3235.6000,3235.8000,3239.4000,3240.0000,3240.8000,1,2,1,1,4,1,3,1,2,1
SF,IH2010,2020-09-11 09:33:50.500,3234.8000,4076,0,150135360.000,0,-,-,-,-,3234.2000,3233.2000,3232.4000,3230.0000,3228.8000,3235.8000,3239.4000,3240.0000,3240.8000,3241.4000,1,2,1,1,4,3,1,2,1,5
SF,IH2010,2020-09-11 09:33:51.000,3234.8000,4076,0,150135360.000,0,-,-,-,-,3234.2000,3233.2000,3232.4000,3230.0000,3228.8000,3235.8000,3240.0000,3240.8000,3241.4000,3242.6000,1,2,1,1,4,3,2,1,5,1
SF,IH2010,2020-09-11 09:33:51.500,3235.8000,4076,0,151106100.000,1,0,1,多换,S,3234.2000,3233.2000,3232.4000,3230.0000,3228.8000,3235.8000,3240.0000,3240.8000,3241.4000,3242.6000,1,2,1,1,4,2,2,1,5,1
SF,IH2010,2020-09-11 09:33:52.000,3235.8000,4074,-2,153047580.000,2,0,2,双平,S,3234.2000,3233.2000,3232.4000,3230.0000,3228.8000,3240.0000,3240.8000,3242.6000,3244.0000,3245.0000,1,2,1,1,4,2,1,1,2,1
SF,IH2010,2020-09-11 09:33:52.500,3235.8000,4074,0,153047580.000,0,-,-,-,-,3234.4000,3234.2000,3233.2000,3232.4000,3230.0000,3239.6000,3239.8000,3240.0000,3240.8000,3242.6000,1,1,2,1,1,2,2,2,1,1
SF,IH2010,2020-09-11 09:33:53.000,3235.8000,4074,0,153047580.000,0,-,-,-,-,3234.6000,3234.4000,3233.2000,3230.0000,3228.8000,3238.4000,3239.4000,3239.6000,3239.8000,3240.0000,4,1,2,1,4,1,1,2,1,2
SF,IH2010,2020-09-11 09:33:53.500,3235.8000,4074,0,153047580.000,0,-,-,-,-,3234.6000,3234.4000,3233.2000,3230.0000,3228.8000,3238.2000,3238.4000,3238.6000,3239.6000,3240.0000,2,1,2,1,4,1,1,1,2,2
SF,IH2010,2020-09-11 09:33:54.000,3235.8000,4074,0,153047580.000,0,-,-,-,-,3235.0000,3234.6000,3234.4000,3233.2000,3230.0000,3238.0000,3238.2000,3238.4000,3238.6000,3239.2000,2,1,1,2,1,1,1,1,1,1
SF,IH2010,2020-09-11 09:33:54.500,3235.8000,4074,0,153047580.000,0,-,-,-,-,3235.2000,3235.0000,3233.2000,3230.0000,3228.8000,3237.8000,3238.0000,3238.4000,3238.6000,3239.2000,1,2,2,1,4,1,1,1,1,1
SF,IH2010,2020-09-11 09:33:55.000,3235.8000,4074,0,153047580.000,0,-,-,-,-,3235.2000,3235.0000,3230.0000,3228.8000,3228.4000,3237.8000,3238.4000,3238.6000,3239.6000,3240.0000,1,2,1,4,5,1,1,1,2,2
SF,IH2010,2020-09-11 09:33:57.000,3235.8000,4074,0,153047580.000,0,-,-,-,-,3235.2000,3230.0000,3228.8000,3228.4000,3227.4000,3237.8000,3238.4000,3238.6000,3239.6000,3240.0000,1,1,4,5,5,1,1,1,2,2
SF,IH2010,2020-09-11 09:33:58.000,3235.8000,4074,0,153047580.000,0,-,-,-,-,3235.2000,3234.0000,3230.0000,3228.8000,3228.4000,3237.8000,3238.4000,3238.6000,3239.6000,3240.0000,1,1,1,4,5,1,1,1,2,2
SF,IH2010,2020-09-11 09:33:58.500,3235.8000,4074,0,153047580.000,0,-,-,-,-,3235.2000,3234.0000,3230.0000,3228.8000,3228.4000,3237.8000,3238.4000,3238.6000,3239.6000,3240.0000,1,1,1,4,5,1,1,1,2,2
SF,IH2010,2020-09-11 09:33:59.000,3235.8000,4074,0,153047580.000,0,-,-,-,-,3235.2000,3234.0000,3233.0000,3230.0000,3228.8000,3237.8000,3238.4000,3239.6000,3240.0000,3240.2000,1,1,1,1,4,1,1,2,2,1
SF,IH2010,2020-09-11 09:34:00.000,3235.8000,4074,0,153047580.000,0,-,-,-,-,3235.2000,3234.0000,3233.0000,3230.0000,3228.8000,3237.0000,3237.2000,3237.4000,3237.8000,3239.6000,1,1,1,1,4,1,1,1,1,1
SF,IH2010,2020-09-11 09:34:00.500,3235.8000,4074,0,153047580.000,0,-,-,-,-,3235.4000,3235.2000,3234.0000,3233.0000,3230.0000,3236.8000,3237.2000,3237.4000,3238.2000,3239.6000,1,1,1,1,1,1,1,3,1,1
SF,IH2010,2020-09-11 09:34:01.500,3236.8000,4073,-1,154018620.000,1,0,1,双平,S,3235.4000,3235.2000,3234.0000,3233.0000,3230.0000,3237.4000,3238.2000,3239.6000,3240.0000,3240.8000,1,1,1,1,1,1,1,1,2,1
SF,IH2010,2020-09-11 09:34:02.000,3236.8000,4073,0,154018620.000,0,-,-,-,-,3235.6000,3234.0000,3233.0000,3230.0000,3228.8000,3236.6000,3238.2000,3239.6000,3240.0000,3240.8000,3,1,1,1,4,2,1,1,2,1
SF,IH2010,2020-09-11 09:34:04.000,3235.6000,4070,-3,156930660.000,3,0,3,双平,S,3234.0000,3233.0000,3230.0000,3228.8000,3228.4000,3236.6000,3238.2000,3239.6000,3240.0000,3240.8000,1,1,1,4,5,2,1,1,2,1
SF,IH2010,2020-09-11 09:34:04.500,3235.6000,4070,0,156930660.000,0,-,-,-,-,3234.2000,3234.0000,3233.0000,3230.0000,3228.8000,3236.4000,3236.6000,3238.2000,3239.6000,3240.0000,2,4,1,1,4,1,2,1,1,2
SF,IH2010,2020-09-11 09:34:05.500,3235.6000,4070,0,156930660.000,0,-,-,-,-,3234.2000,3234.0000,3233.0000,3230.0000,3228.8000,3236.4000,3236.6000,3238.2000,3239.6000,3240.0000,1,4,1,1,4,1,2,1,1,2
SF,IH2010,2020-09-11 09:34:07.000,3235.6000,4070,0,156930660.000,0,-,-,-,-,3234.2000,3234.0000,3233.0000,3230.0000,3228.8000,3236.4000,3236.6000,3238.2000,3239.6000,3240.0000,1,4,1,1,4,1,2,1,1,2
SF,IH2010,2020-09-11 09:34:08.000,3235.6000,4070,0,156930660.000,0,-,-,-,-,3234.4000,3234.2000,3234.0000,3233.0000,3230.0000,3236.4000,3236.6000,3238.2000,3239.6000,3240.0000,1,1,4,1,1,1,2,1,1,2
SF,IH2010,2020-09-11 09:34:08.500,3235.6000,4070,0,156930660.000,0,-,-,-,-,3234.6000,3234.4000,3234.0000,3233.0000,3230.0000,3236.4000,3236.6000,3238.2000,3239.6000,3240.0000,1,1,4,1,1,1,2,1,1,2
SF,IH2010,2020-09-11 09:34:09.000,3235.6000,4070,0,156930660.000,0,-,-,-,-,3234.6000,3234.0000,3233.0000,3230.0000,3228.8000,3236.4000,3236.6000,3238.2000,3239.6000,3240.0000,1,4,1,1,4,1,2,1,1,2
SF,IH2010,2020-09-11 09:34:10.500,3234.0000,4068,-2,158871240.000,2,0,2,双平,S,3233.0000,3230.0000,3228.8000,3228.4000,3227.4000,3236.2000,3236.4000,3236.6000,3238.2000,3239.6000,2,1,4,5,5,1,1,2,1,1
SF,IH2010,2020-09-11 09:34:11.000,3234.0000,4068,0,158871240.000,0,-,-,-,-,3233.2000,3233.0000,3230.0000,3228.8000,3228.4000,3235.8000,3236.0000,3236.2000,3236.6000,3238.2000,1,2,1,4,5,2,2,1,2,1
SF,IH2010,2020-09-11 09:34:11.500,3234.0000,4068,0,158871240.000,0,-,-,-,-,3233.2000,3233.0000,3230.0000,3228.8000,3228.4000,3235.4000,3235.6000,3235.8000,3236.0000,3236.2000,1,2,1,4,5,1,1,2,2,1
SF,IH2010,2020-09-11 09:34:12.000,3234.0000,4068,0,158871240.000,0,-,-,-,-,3233.0000,3230.0000,3228.8000,3228.4000,3227.4000,3235.2000,3235.4000,3235.8000,3236.0000,3236.2000,2,1,4,5,5,1,1,2,2,1
SF,IH2010,2020-09-11 09:34:12.500,3234.0000,4068,0,158871240.000,0,-,-,-,-,3233.2000,3233.0000,3230.0000,3228.8000,3228.4000,3235.2000,3235.4000,3236.0000,3236.2000,3236.6000,1,2,1,4,5,1,1,1,1,2
SF,IH2010,2020-09-11 09:34:13.000,3234.0000,4068,0,158871240.000,0,-,-,-,-,3233.2000,3233.0000,3230.0000,3228.8000,3228.4000,3235.0000,3235.2000,3235.4000,3236.0000,3236.2000,1,2,1,4,5,2,1,1,1,1
SF,IH2010,2020-09-11 09:34:13.500,3234.0000,4068,0,158871240.000,0,-,-,-,-,3233.2000,3233.0000,3230.0000,3228.8000,3228.4000,3234.8000,3235.4000,3236.0000,3236.2000,3236.6000,1,2,1,4,5,1,1,1,1,2
SF,IH2010,2020-09-11 09:34:14.500,3234.8000,4068,0,159841680.000,1,0,1,多换,S,3233.2000,3233.0000,3230.0000,3228.8000,3228.4000,3235.4000,3236.0000,3236.2000,3236.6000,3238.2000,1,2,1,4,5,1,1,1,2,1
SF,IH2010,2020-09-11 09:34:15.000,3234.8000,4068,0,159841680.000,0,-,-,-,-,3233.2000,3233.0000,3230.0000,3228.8000,3228.4000,3235.2000,3235.4000,3236.0000,3236.2000,3236.6000,1,2,1,4,5,1,1,1,1,2
SF,IH2010,2020-09-11 09:34:15.500,3234.8000,4068,0,159841680.000,0,-,-,-,-,3233.2000,3233.0000,3230.0000,3228.8000,3228.4000,3235.0000,3235.2000,3235.4000,3236.0000,3236.6000,1,2,1,4,5,3,1,1,1,2
SF,IH2010,2020-09-11 09:34:16.000,3233.0000,4067,-1,161781540.000,2,0,2,多平,S,3233.0000,3230.0000,3228.8000,3228.4000,3227.4000,3234.8000,3235.0000,3236.0000,3236.6000,3238.2000,1,1,4,5,5,1,4,1,2,1
SF,IH2010,2020-09-11 09:34:16.500,3233.0000,4067,0,161781540.000,0,-,-,-,-,3233.0000,3230.0000,3228.8000,3228.4000,3227.4000,3234.6000,3234.8000,3235.0000,3236.0000,3236.6000,1,1,4,5,5,2,1,3,1,2
SF,IH2010,2020-09-11 09:34:17.000,3233.0000,4067,0,161781540.000,0,-,-,-,-,3233.2000,3233.0000,3230.0000,3228.8000,3228.4000,3234.4000,3234.6000,3235.0000,3236.0000,3236.6000,1,1,1,4,5,1,2,1,1,2
SF,IH2010,2020-09-11 09:34:17.500,3233.0000,4067,0,161781540.000,0,-,-,-,-,3233.0000,3230.0000,3228.8000,3228.4000,3227.4000,3234.4000,3234.6000,3235.0000,3236.0000,3236.6000,1,1,4,5,5,1,2,1,1,2
SF,IH2010,2020-09-11 09:34:18.000,3233.0000,4067,0,161781540.000,0,-,-,-,-,3233.0000,3230.0000,3228.8000,3228.4000,3227.4000,3234.4000,3234.6000,3235.0000,3236.0000,3236.6000,1,1,4,5,5,1,1,1,2,2
SF,IH2010,2020-09-11 09:34:18.500,3233.0000,4067,0,161781540.000,0,-,-,-,-,3233.0000,3230.0000,3228.8000,3228.4000,3227.4000,3234.4000,3235.0000,3236.0000,3236.6000,3238.2000,1,1,4,5,5,1,1,2,2,1
SF,IH2010,2020-09-11 09:34:19.500,3233.0000,4067,0,161781540.000,0,-,-,-,-,3233.0000,3230.0000,3228.8000,3228.4000,3227.4000,3234.4000,3236.0000,3236.6000,3238.2000,3239.6000,1,1,4,5,5,1,2,2,1,1
SF,IH2010,2020-09-11 09:34:24.000,3233.0000,4067,0,161781540.000,0,-,-,-,-,3233.0000,3230.0000,3228.8000,3228.4000,3227.4000,3234.4000,3236.0000,3236.6000,3237.2000,3238.2000,1,1,4,5,5,1,2,2,1,1
SF,IH2010,2020-09-11 09:34:24.500,3233.0000,4067,0,161781540.000,0,-,-,-,-,3233.2000,3233.0000,3230.0000,3228.8000,3228.4000,3236.0000,3236.6000,3237.2000,3238.2000,3239.6000,1,1,1,4,5,2,2,1,1,1
SF,IH2010,2020-09-11 09:34:25.000,3233.0000,4067,0,161781540.000,0,-,-,-,-,3233.4000,3233.2000,3233.0000,3230.0000,3228.8000,3235.8000,3236.0000,3236.6000,3237.2000,3238.2000,3,1,1,1,4,3,1,2,1,1
SF,IH2010,2020-09-11 09:34:25.500,3233.0000,4067,0,161781540.000,0,-,-,-,-,3234.0000,3233.6000,3233.4000,3233.0000,3230.0000,3235.8000,3236.0000,3236.6000,3237.2000,3238.2000,1,1,3,1,1,2,1,2,1,1
SF,IH2010,2020-09-11 09:34:26.000,3233.0000,4067,0,161781540.000,0,-,-,-,-,3234.2000,3234.0000,3233.4000,3233.0000,3230.0000,3235.8000,3236.6000,3236.8000,3237.2000,3238.2000,1,3,3,1,1,1,2,1,1,1
SF,IH2010,2020-09-11 09:34:26.500,3233.0000,4067,0,161781540.000,0,-,-,-,-,3234.2000,3234.0000,3233.4000,3233.0000,3230.0000,3235.8000,3236.6000,3236.8000,3238.2000,3239.6000,1,1,3,1,1,2,2,1,1,1
SF,IH2010,2020-09-11 09:34:27.500,3233.0000,4067,0,161781540.000,0,-,-,-,-,3234.2000,3234.0000,3233.4000,3233.0000,3230.0000,3235.8000,3236.6000,3236.8000,3238.2000,3239.0000,1,1,3,1,1,2,2,1,1,1
SF,IH2010,2020-09-11 09:34:28.000,3233.0000,4067,0,161781540.000,0,-,-,-,-,3234.0000,3233.4000,3233.0000,3230.0000,3228.8000,3235.8000,3236.6000,3236.8000,3238.2000,3239.0000,1,1,1,1,4,1,2,1,1,1
SF,IH2010,2020-09-11 09:34:28.500,3233.0000,4067,0,161781540.000,0,-,-,-,-,3234.0000,3233.0000,3230.0000,3228.8000,3228.4000,3235.4000,3235.8000,3236.6000,3236.8000,3238.2000,1,1,1,4,5,1,1,2,1,1
SF,IH2010,2020-09-11 09:34:29.000,3233.0000,4067,0,161781540.000,0,-,-,-,-,3234.0000,3233.0000,3230.0000,3228.8000,3228.4000,3235.2000,3235.4000,3235.6000,3236.6000,3238.2000,1,1,1,4,5,2,1,1,2,1
SF,IH2010,2020-09-11 09:34:29.500,3233.0000,4067,0,162751440.000,1,0,1,多换,S,3230.0000,3228.8000,3228.4000,3227.4000,3227.0000,3234.8000,3235.2000,3235.4000,3235.6000,3236.6000,1,4,5,5,5,1,2,1,1,2
SF,IH2010,2020-09-11 09:34:30.000,3233.0000,4067,0,162751440.000,0,-,-,-,-,3232.6000,3232.4000,3232.2000,3231.8000,3231.2000,3234.4000,3234.6000,3235.2000,3235.6000,3236.6000,1,1,1,2,1,1,2,1,1,2
SF,IH2010,2020-09-11 09:34:30.500,3234.6000,4067,0,164692200.000,2,1,1,多换,S,3234.0000,3233.0000,3232.8000,3231.8000,3231.2000,3235.2000,3236.6000,3237.6000,3238.2000,3239.6000,2,3,1,1,1,1,2,2,1,1
SF,IH2010,2020-09-11 09:34:31.000,3234.6000,4067,0,164692200.000,0,-,-,-,-,3232.8000,3231.2000,3230.0000,3228.8000,3228.4000,3235.0000,3236.6000,3237.6000,3238.2000,3239.6000,1,1,1,4,5,2,2,2,1,1
SF,IH2010,2020-09-11 09:34:31.500,3235.0000,4067,0,165662700.000,1,0,1,多换,S,3234.0000,3233.2000,3233.0000,3232.8000,3230.0000,3236.6000,3237.6000,3238.2000,3239.6000,3240.0000,3,3,1,1,1,2,2,1,1,2
SF,IH2010,2020-09-11 09:34:32.000,3235.0000,4067,0,165662700.000,0,-,-,-,-,3234.2000,3234.0000,3233.2000,3233.0000,3230.0000,3236.4000,3236.6000,3238.2000,3239.6000,3240.0000,1,1,3,1,1,2,2,1,1,2
SF,IH2010,2020-09-11 09:34:32.500,3234.2000,4066,-1,166632960.000,1,0,1,双平,S,3234.0000,3233.2000,3233.0000,3230.0000,3228.8000,3236.4000,3236.6000,3238.2000,3239.6000,3240.0000,2,3,1,1,4,1,2,1,1,2
SF,IH2010,2020-09-11 09:34:33.000,3234.2000,4066,0,166632960.000,0,-,-,-,-,3233.0000,3230.0000,3228.8000,3228.4000,3227.4000,3236.2000,3236.4000,3236.6000,3238.2000,3239.6000,1,1,4,5,5,3,1,2,1,1
SF,IH2010,2020-09-11 09:34:33.500,3234.2000,4066,0,166632960.000,0,-,-,-,-,3234.0000,3233.2000,3233.0000,3230.0000,3228.8000,3235.6000,3235.8000,3236.0000,3236.2000,3236.6000,1,2,1,1,4,1,4,1,1,2
SF,IH2010,2020-09-11 09:34:34.000,3234.0000,4064,-2,168573360.000,2,0,2,双平,S,3234.0000,3233.2000,3233.0000,3230.0000,3228.8000,3235.4000,3235.6000,3235.8000,3236.2000,3236.6000,1,2,1,1,4,1,1,2,1,2
SF,IH2010,2020-09-11 09:34:34.500,3234.0000,4064,0,168573360.000,0,-,-,-,-,3234.0000,3233.2000,3233.0000,3230.0000,3228.8000,3235.4000,3236.6000,3238.2000,3239.6000,3240.0000,1,2,1,1,4,1,2,1,1,2
SF,IH2010,2020-09-11 09:34:35.000,3234.0000,4064,0,168573360.000,0,-,-,-,-,3233.2000,3233.0000,3230.0000,3228.8000,3228.4000,3235.4000,3236.4000,3236.6000,3238.2000,3239.6000,1,1,1,4,5,1,1,2,1,1
SF,IH2010,2020-09-11 09:34:35.500,3234.0000,4064,0,168573360.000,0,-,-,-,-,3233.4000,3233.2000,3233.0000,3230.0000,3228.8000,3235.0000,3235.4000,3236.4000,3236.6000,3238.2000,1,1,1,1,4,1,1,1,2,1
SF,IH2010,2020-09-11 09:34:36.000,3234.0000,4064,0,168573360.000,0,-,-,-,-,3234.0000,3233.6000,3233.4000,3230.0000,3228.8000,3235.4000,3236.4000,3236.6000,3238.2000,3239.6000,1,1,3,1,4,1,1,2,1,1
SF,IH2010,2020-09-11 09:34:36.500,3234.0000,4064,0,168573360.000,0,-,-,-,-,3234.2000,3234.0000,3233.4000,3230.0000,3228.8000,3236.4000,3236.6000,3238.2000,3239.6000,3240.0000,1,1,3,1,4,1,2,1,1,2
SF,IH2010,2020-09-11 09:34:37.000,3234.0000,4064,0,168573360.000,0,-,-,-,-,3234.2000,3233.4000,3230.0000,3228.8000,3228.4000,3236.0000,3236.2000,3236.4000,3236.6000,3238.2000,1,3,1,4,5,1,1,1,2,1
SF,IH2010,2020-09-11 09:34:37.500,3234.0000,4064,0,168573360.000,0,-,-,-,-,3234.2000,3233.4000,3230.0000,3228.8000,3228.4000,3235.8000,3236.0000,3236.4000,3236.6000,3238.2000,1,3,1,4,5,1,1,1,2,1
SF,IH2010,2020-09-11 09:34:38.000,3234.0000,4064,0,168573360.000,0,-,-,-,-,3234.4000,3234.2000,3233.4000,3230.0000,3228.8000,3235.8000,3236.4000,3236.6000,3238.2000,3239.6000,1,1,3,1,4,1,1,2,1,1
SF,IH2010,2020-09-11 09:34:38.500,3234.0000,4064,0,168573360.000,0,-,-,-,-,3234.6000,3234.4000,3233.4000,3230.0000,3228.8000,3235.8000,3236.4000,3236.6000,3238.2000,3239.6000,1,1,3,1,4,1,1,2,1,1
SF,IH2010,2020-09-11 09:34:39.000,3234.0000,4064,0,168573360.000,0,-,-,-,-,3234.6000,3234.4000,3233.4000,3230.0000,3228.8000,3235.8000,3236.4000,3236.6000,3238.2000,3239.6000,1,1,1,1,4,1,1,2,1,1
SF,IH2010,2020-09-11 09:34:42.000,3234.0000,4064,0,168573360.000,0,-,-,-,-,3234.6000,3234.4000,3233.4000,3230.0000,3228.8000,3235.8000,3236.6000,3238.2000,3239.6000,3240.0000,1,1,1,1,4,1,2,1,1,2
SF,IH2010,2020-09-11 09:34:42.500,3234.0000,4064,0,168573360.000,0,-,-,-,-,3234.6000,3234.4000,3233.4000,3230.0000,3228.8000,3235.8000,3236.6000,3238.2000,3239.6000,3240.0000,1,1,1,1,4,1,2,1,1,1
SF,IH2010,2020-09-11 09:34:43.000,3234.0000,4064,0,168573360.000,0,-,-,-,-,3234.6000,3234.4000,3233.4000,3230.0000,3228.8000,3236.6000,3238.2000,3239.6000,3240.0000,3240.8000,1,1,1,1,4,2,1,1,1,1
SF,IH2010,2020-09-11 09:34:43.500,3234.0000,4064,0,168573360.000,0,-,-,-,-,3234.6000,3234.4000,3233.4000,3230.0000,3228.8000,3236.4000,3236.6000,3238.2000,3239.6000,3240.0000,1,1,1,1,4,1,2,1,1,1
SF,IH2010,2020-09-11 09:34:44.000,3234.0000,4064,0,168573360.000,0,-,-,-,-,3234.6000,3234.4000,3233.4000,3230.0000,3228.8000,3236.4000,3236.6000,3238.2000,3239.6000,3240.0000,1,1,1,1,4,3,2,1,1,1
SF,IH2010,2020-09-11 09:34:45.000,3234.0000,4064,0,168573360.000,0,-,-,-,-,3234.6000,3234.4000,3233.4000,3230.0000,3228.8000,3235.6000,3236.4000,3236.6000,3238.2000,3239.6000,1,1,1,1,4,1,3,2,1,1
SF,IH2010,2020-09-11 09:34:45.500,3234.0000,4064,0,168573360.000,0,-,-,-,-,3234.6000,3233.4000,3230.0000,3228.8000,3228.4000,3236.0000,3236.4000,3236.6000,3238.2000,3239.6000,1,1,1,4,5,1,1,2,1,1
SF,IH2010,2020-09-11 09:34:46.000,3234.0000,4064,0,168573360.000,0,-,-,-,-,3234.6000,3233.4000,3230.0000,3228.8000,3228.4000,3236.4000,3236.6000,3238.2000,3239.6000,3240.0000,1,1,1,4,5,1,2,1,1,1
SF,IH2010,2020-09-11 09:34:47.000,3234.0000,4064,0,168573360.000,0,-,-,-,-,3234.6000,3233.4000,3230.0000,3228.8000,3228.4000,3236.0000,3236.2000,3236.4000,3236.6000,3238.2000,1,1,1,4,5,1,1,1,2,1
SF,IH2010,2020-09-11 09:34:48.500,3234.0000,4064,0,168573360.000,0,-,-,-,-,3234.6000,3233.4000,3230.0000,3228.8000,3228.4000,3235.8000,3236.2000,3236.4000,3236.6000,3238.2000,1,1,1,4,5,1,1,1,2,1
SF,IH2010,2020-09-11 09:34:49.000,3234.0000,4064,0,168573360.000,0,-,-,-,-,3230.0000,3228.8000,3228.4000,3227.4000,3227.0000,3235.4000,3235.8000,3236.4000,3236.6000,3238.2000,1,4,5,5,5,1,1,1,2,1
SF,IH2010,2020-09-11 09:34:49.500,3234.0000,4064,0,168573360.000,0,-,-,-,-,3234.0000,3233.2000,3233.0000,3232.4000,3231.8000,3235.2000,3235.8000,3236.6000,3238.2000,3239.6000,1,1,1,1,2,1,1,2,1,1
SF,IH2010,2020-09-11 09:34:50.000,3234.0000,4064,0,168573360.000,0,-,-,-,-,3232.4000,3231.8000,3231.2000,3231.0000,3230.4000,3235.0000,3235.2000,3236.4000,3236.6000,3238.2000,1,1,1,1,3,2,1,1,2,1
SF,IH2010,2020-09-11 09:34:50.500,3234.8000,4063,-1,169543800.000,1,0,1,双平,S,3232.8000,3232.6000,3232.4000,3231.8000,3231.2000,3235.0000,3236.4000,3236.6000,3238.2000,3239.6000,3,1,1,1,1,1,1,2,1,1
SF,IH2010,2020-09-11 09:34:51.000,3235.0000,4062,-1,170514300.000,1,0,1,双平,S,3233.0000,3232.8000,3231.8000,3231.2000,3231.0000,3236.4000,3236.6000,3238.2000,3239.6000,3240.0000,1,3,1,1,1,1,2,1,1,1
SF,IH2010,2020-09-11 09:34:51.500,3235.0000,4062,0,170514300.000,0,-,-,-,-,3233.4000,3233.2000,3233.0000,3231.8000,3231.2000,3236.2000,3236.4000,3236.6000,3238.2000,3239.6000,3,1,1,1,1,2,1,2,1,1
SF,IH2010,2020-09-11 09:34:52.000,3235.0000,4062,0,170514300.000,0,-,-,-,-,3233.6000,3233.4000,3233.2000,3231.8000,3231.2000,3236.0000,3236.2000,3236.4000,3236.6000,3238.2000,1,3,1,1,1,2,1,1,2,1
SF,IH2010,2020-09-11 09:34:52.500,3235.0000,4062,0,170514300.000,0,-,-,-,-,3234.0000,3233.6000,3233.4000,3233.2000,3231.8000,3235.8000,3236.4000,3236.6000,3238.2000,3239.6000,1,1,3,1,1,4,1,2,1,1
SF,IH2010,2020-09-11 09:34:53.000,3235.0000,4062,0,170514300.000,0,-,-,-,-,3234.2000,3234.0000,3233.4000,3233.2000,3231.8000,3235.8000,3236.4000,3236.6000,3238.2000,3239.6000,1,1,1,1,1,3,1,2,1,1
SF,IH2010,2020-09-11 09:34:53.500,3235.0000,4062,0,170514300.000,0,-,-,-,-,3234.2000,3234.0000,3233.4000,3233.2000,3231.8000,3235.8000,3236.4000,3236.6000,3238.2000,3239.6000,1,1,1,1,1,1,1,2,1,1
SF,IH2010,2020-09-11 09:34:55.500,3235.0000,4062,0,170514300.000,0,-,-,-,-,3234.2000,3234.0000,3233.4000,3233.2000,3231.8000,3235.8000,3236.4000,3236.6000,3238.2000,3239.6000,1,1,1,1,1,1,1,2,1,1
SF,IH2010,2020-09-11 09:34:59.000,3235.0000,4062,0,170514300.000,0,-,-,-,-,3234.2000,3234.0000,3233.4000,3233.2000,3231.8000,3235.2000,3235.8000,3236.4000,3236.6000,3238.2000,1,1,1,1,1,1,1,1,2,1
SF,IH2010,2020-09-11 09:34:59.500,3235.0000,4062,0,170514300.000,0,-,-,-,-,3234.2000,3233.4000,3233.2000,3231.8000,3231.2000,3235.4000,3235.8000,3236.4000,3236.6000,3238.2000,1,1,1,1,1,1,1,1,2,1
SF,IH2010,2020-09-11 09:35:00.500,3235.0000,4062,0,170514300.000,0,-,-,-,-,3234.2000,3233.2000,3231.8000,3231.2000,3231.0000,3235.4000,3235.8000,3236.4000,3236.6000,3238.2000,2,1,1,1,1,1,1,1,2,1
SF,IH2010,2020-09-11 09:35:01.000,3235.8000,4060,-2,172455660.000,2,0,2,双平,S,3235.4000,3234.2000,3233.2000,3231.8000,3231.2000,3236.4000,3236.6000,3238.2000,3239.6000,3240.0000,1,2,1,1,1,1,2,1,1,1
SF,IH2010,2020-09-11 09:35:01.500,3235.8000,4060,0,172455660.000,0,-,-,-,-,3235.4000,3234.6000,3234.4000,3234.2000,3233.2000,3236.4000,3236.6000,3238.2000,3239.6000,3240.0000,1,1,2,2,1,1,2,1,1,1
SF,IH2010,2020-09-11 09:35:02.000,3235.8000,4060,0,172455660.000,0,-,-,-,-,3235.6000,3235.4000,3234.6000,3234.4000,3234.2000,3236.4000,3236.6000,3238.2000,3239.6000,3240.0000,1,1,1,2,1,1,2,1,1,1
SF,IH2010,2020-09-11 09:35:02.500,3235.6000,4057,-3,176339220.000,4,0,4,多平,S,3235.4000,3234.6000,3234.4000,3234.2000,3233.2000,3238.2000,3239.6000,3240.0000,3240.8000,3244.0000,1,1,2,1,1,1,1,1,1,2
