市场代码,合约代码,时间,最新,持仓,增仓,成交额,成交量,开仓,平仓,成交类型,方向,买一价,买二价,买三价,买四价,买五价,卖一价,卖二价,卖三价,卖四价,卖五价,买一量,买二量,买三量,买四量,买五量,卖一量,卖二量,卖三量,卖四量,卖五量
SF,IH2004,2020-03-12 09:29:00.000,2854.0000,5900,0,8562000.000,10.000,-,-,-,-,2853.0000,2851.4000,2849.4000,2848.2000,2846.6000,2858.0000,2859.0000,2860.6000,2862.6000,2864.2000,1,1,1,1,1,1,5,1,1,1
SF,IH2004,2020-03-12 09:30:00.500,2851.8000,5900,0,12839820.000,5,2,3,多换,S,2849.4000,2848.2000,2846.6000,2846.0000,2845.2000,2852.4000,2852.8000,2853.0000,2854.8000,2856.0000,1,1,1,1,1,10,3,1,2,1
SF,IH2004,2020-03-12 09:30:01.000,2849.4000,5899,-1,14549460.000,2,0,2,多平,S,2848.2000,2846.6000,2846.0000,2845.2000,2845.0000,2849.4000,2849.6000,2850.0000,2851.2000,2851.8000,1,1,1,1,2,1,1,1,2,3
SF,IH2004,2020-03-12 09:30:01.500,2848.2000,5898,-1,15403920.000,1,0,1,双平,S,2846.6000,2846.0000,2845.2000,2845.0000,2834.2000,2847.4000,2848.2000,2849.0000,2849.2000,2849.4000,1,1,1,2,1,3,2,1,6,2
SF,IH2004,2020-03-12 09:30:02.000,2848.2000,5896,-2,18821280.000,4,1,3,多平,S,2846.8000,2846.6000,2846.0000,2845.2000,2845.0000,2849.0000,2849.2000,2849.4000,2849.6000,2850.0000,1,1,1,1,1,1,6,1,1,1
SF,IH2004,2020-03-12 09:30:02.500,2849.0000,5895,-1,21385260.000,3,1,2,多平,S,2847.0000,2846.6000,2846.0000,2845.2000,2845.0000,2849.2000,2849.4000,2849.6000,2850.0000,2851.2000,1,1,1,1,1,6,1,1,1,1
SF,IH2004,2020-03-12 09:30:03.000,2849.0000,5895,0,21385260.000,0,-,-,-,-,2847.0000,2846.6000,2846.0000,2845.2000,2845.0000,2847.4000,2848.4000,2848.8000,2849.0000,2849.2000,1,1,1,1,1,2,1,3,2,5
SF,IH2004,2020-03-12 09:30:03.500,2849.0000,5895,0,21385260.000,0,-,-,-,-,2846.6000,2846.0000,2845.2000,2845.0000,2838.6000,2848.8000,2849.0000,2849.2000,2849.4000,2849.6000,1,1,1,1,5,3,2,5,1,1
SF,IH2004,2020-03-12 09:30:04.000,2849.0000,5895,0,21385260.000,0,-,-,-,-,2846.8000,2846.6000,2846.4000,2846.0000,2845.2000,2848.6000,2848.8000,2849.0000,2849.2000,2849.4000,1,1,1,1,1,1,3,1,5,1
SF,IH2004,2020-03-12 09:30:04.500,2849.2000,5893,-2,24804240.000,4,1,3,多平,S,2849.0000,2846.8000,2846.6000,2846.4000,2846.0000,2849.6000,2850.0000,2851.2000,2852.2000,2852.4000,1,1,1,2,1,1,1,1,2,1
SF,IH2004,2020-03-12 09:30:05.000,2849.6000,5892,-1,25659120.000,1,0,1,双平,S,2846.8000,2846.6000,2846.4000,2846.0000,2845.2000,2849.4000,2850.0000,2851.2000,2852.2000,2852.4000,2,1,2,1,1,1,1,1,1,1
SF,IH2004,2020-03-12 09:30:05.500,2849.6000,5892,0,25659120.000,0,-,-,-,-,2848.4000,2847.6000,2847.0000,2846.8000,2846.6000,2851.2000,2852.4000,2853.0000,2853.8000,2858.0000,1,1,4,2,1,1,1,2,5,1
SF,IH2004,2020-03-12 09:30:06.000,2849.6000,5892,0,25659120.000,0,-,-,-,-,2849.0000,2848.6000,2847.6000,2847.0000,2846.6000,2851.2000,2852.4000,2853.0000,2853.8000,2858.0000,1,3,1,4,1,1,1,2,5,1
SF,IH2004,2020-03-12 09:30:06.500,2849.0000,5892,0,29078220.000,4,2,2,多换,S,2848.6000,2847.6000,2847.0000,2846.6000,2846.4000,2849.0000,2850.6000,2851.2000,2852.4000,2853.0000,1,1,4,1,2,1,1,1,1,2
SF,IH2004,2020-03-12 09:30:07.000,2849.0000,5892,0,29932920.000,1,0,1,多换,S,2848.8000,2848.6000,2847.6000,2847.0000,2846.6000,2849.0000,2850.6000,2851.2000,2852.4000,2853.0000,1,1,1,4,1,1,1,1,1,1
SF,IH2004,2020-03-12 09:30:07.500,2849.0000,5892,0,30787620.000,1,0,1,多换,S,2848.6000,2847.6000,2847.0000,2846.6000,2846.4000,2850.6000,2852.4000,2853.0000,2857.6000,2859.0000,1,1,5,1,2,1,1,1,5,4
SF,IH2004,2020-03-12 09:30:08.000,2849.0000,5892,0,30787620.000,0,-,-,-,-,2849.0000,2848.8000,2848.6000,2847.6000,2847.0000,2850.6000,2852.4000,2853.0000,2857.6000,2859.0000,3,2,1,1,4,1,1,1,5,4
SF,IH2004,2020-03-12 09:30:08.500,2849.0000,5892,0,30787620.000,0,-,-,-,-,2850.0000,2849.2000,2849.0000,2848.8000,2848.6000,2853.0000,2857.6000,2859.0000,2867.4000,2869.0000,1,1,4,1,1,1,5,4,1,4
SF,IH2004,2020-03-12 09:30:09.000,2850.0000,5891,-1,31642620.000,1,0,1,双平,S,2849.2000,2849.0000,2848.8000,2848.6000,2847.6000,2852.8000,2853.0000,2857.6000,2859.0000,2867.4000,1,4,1,1,1,2,2,5,4,1
SF,IH2004,2020-03-12 09:30:09.500,2850.0000,5891,0,31642620.000,0,-,-,-,-,2849.4000,2849.2000,2849.0000,2848.8000,2848.6000,2851.2000,2852.0000,2852.2000,2852.6000,2852.8000,1,1,4,1,1,1,1,1,2,2
SF,IH2004,2020-03-12 09:30:10.000,2850.0000,5891,0,31642620.000,0,-,-,-,-,2849.2000,2849.0000,2848.8000,2848.6000,2847.6000,2851.0000,2851.2000,2852.0000,2852.2000,2852.6000,1,2,1,1,1,2,2,1,1,2
SF,IH2004,2020-03-12 09:30:10.500,2849.0000,5890,-1,34206780.000,3,1,2,多平,S,2847.6000,2847.0000,2846.6000,2846.4000,2846.0000,2848.8000,2850.8000,2851.0000,2851.2000,2852.2000,1,2,1,2,1,1,2,2,2,1
SF,IH2004,2020-03-12 09:30:11.000,2850.8000,5890,0,35062020.000,1,0,1,多换,S,2849.0000,2848.8000,2848.4000,2847.8000,2847.6000,2850.8000,2851.0000,2851.2000,2852.2000,2852.6000,1,3,1,3,1,1,1,2,1,2
SF,IH2004,2020-03-12 09:30:11.500,2850.8000,5890,0,35062020.000,0,-,-,-,-,2849.4000,2849.0000,2848.8000,2847.8000,2847.6000,2850.6000,2851.2000,2852.2000,2852.6000,2852.8000,2,1,5,3,1,1,1,1,2,2
SF,IH2004,2020-03-12 09:30:12.000,2849.4000,5888,-2,37626480.000,3,0,3,多平,S,2848.8000,2847.8000,2847.6000,2847.0000,2846.6000,2849.2000,2849.4000,2850.6000,2851.2000,2852.2000,2,3,1,2,1,36,1,1,1,1
SF,IH2004,2020-03-12 09:30:12.500,2847.6000,5885,-3,41898720.000,5,1,4,多平,S,2847.0000,2846.6000,2846.4000,2846.0000,2845.2000,2849.0000,2849.2000,2849.4000,2850.6000,2851.2000,2,1,2,1,1,1,36,1,1,1
SF,IH2004,2020-03-12 09:30:13.000,2849.0000,5884,-1,43608120.000,2,0,2,多平,S,2848.0000,2847.6000,2847.2000,2847.0000,2846.8000,2849.2000,2849.4000,2850.6000,2851.2000,2852.2000,1,1,3,2,1,36,1,1,1,1
SF,IH2004,2020-03-12 09:30:13.500,2849.0000,5884,0,43608120.000,0,-,-,-,-,2847.2000,2847.0000,2846.6000,2846.4000,2846.0000,2847.6000,2849.2000,2849.4000,2850.6000,2851.2000,3,2,1,2,1,1,36,1,1,1
SF,IH2004,2020-03-12 09:30:14.000,2849.0000,5884,0,43608120.000,0,-,-,-,-,2848.2000,2848.0000,2847.6000,2847.2000,2847.0000,2849.2000,2849.4000,2850.6000,2851.2000,2852.2000,2,2,2,2,2,36,1,1,1,1
SF,IH2004,2020-03-12 09:30:14.500,2849.0000,5884,0,43608120.000,0,-,-,-,-,2848.2000,2848.0000,2847.6000,2847.2000,2847.0000,2849.2000,2849.4000,2850.6000,2851.2000,2852.2000,2,2,2,2,2,36,1,1,1,1
SF,IH2004,2020-03-12 09:30:15.000,2849.2000,5884,0,47881920.000,5,2,3,多换,S,2848.2000,2848.0000,2847.6000,2847.2000,2847.0000,2849.2000,2849.4000,2850.6000,2851.2000,2852.2000,2,2,2,2,2,31,1,1,1,1
SF,IH2004,2020-03-12 09:30:15.500,2849.2000,5884,0,49591440.000,2,1,1,多换,S,2848.2000,2847.6000,2847.2000,2847.0000,2846.6000,2849.2000,2849.4000,2850.6000,2851.2000,2852.2000,3,3,2,2,1,29,1,1,1,1
SF,IH2004,2020-03-12 09:30:16.000,2849.2000,5884,0,49591440.000,0,-,-,-,-,2848.2000,2847.6000,2847.2000,2847.0000,2846.6000,2849.2000,2849.4000,2850.6000,2851.2000,2852.2000,3,1,2,2,1,29,1,1,1,1
SF,IH2004,2020-03-12 09:30:16.500,2848.2000,5884,0,55572900.000,7,3,4,多换,S,2847.6000,2847.2000,2847.0000,2846.6000,2846.4000,2848.2000,2849.2000,2849.4000,2850.6000,2851.2000,1,2,2,1,2,13,29,1,1,1
SF,IH2004,2020-03-12 09:30:17.000,2848.2000,5884,0,63263040.000,9,4,5,多换,S,2847.6000,2847.2000,2847.0000,2846.6000,2846.4000,2848.2000,2849.2000,2849.4000,2850.6000,2851.2000,1,2,2,1,2,5,29,1,1,1
SF,IH2004,2020-03-12 09:30:17.500,2848.2000,5883,-1,67535340.000,5,2,3,多平,S,2848.2000,2847.6000,2847.2000,2847.0000,2846.6000,2849.2000,2849.4000,2850.6000,2851.2000,2852.2000,1,1,2,2,1,29,1,1,1,1
SF,IH2004,2020-03-12 09:30:18.000,2848.2000,5883,0,67535340.000,0,-,-,-,-,2848.2000,2848.0000,2847.6000,2847.2000,2847.0000,2849.2000,2849.4000,2850.6000,2851.2000,2852.2000,2,1,2,2,2,29,1,1,1,1
SF,IH2004,2020-03-12 09:30:18.500,2848.2000,5883,0,67535340.000,0,-,-,-,-,2848.2000,2847.6000,2847.2000,2847.0000,2846.6000,2849.2000,2849.4000,2850.6000,2851.2000,2852.2000,2,1,2,2,1,29,1,1,1,1
SF,IH2004,2020-03-12 09:30:19.000,2848.2000,5883,0,67535340.000,0,-,-,-,-,2848.2000,2847.6000,2847.2000,2847.0000,2846.6000,2849.2000,2849.4000,2850.6000,2851.2000,2852.2000,4,1,2,2,1,29,1,1,1,1
SF,IH2004,2020-03-12 09:30:19.500,2848.2000,5883,0,67535340.000,0,-,-,-,-,2848.2000,2847.6000,2847.2000,2847.0000,2846.6000,2849.2000,2849.4000,2850.6000,2851.2000,2852.2000,3,1,2,2,1,29,1,1,1,1
SF,IH2004,2020-03-12 09:30:20.000,2848.4000,5884,1,69244620.000,2,1,1,空开,S,2848.2000,2847.6000,2847.2000,2847.0000,2846.6000,2849.2000,2849.4000,2850.6000,2851.2000,2852.2000,2,1,2,2,1,28,1,1,1,1
SF,IH2004,2020-03-12 09:30:20.500,2848.4000,5884,0,69244620.000,0,-,-,-,-,2848.2000,2847.6000,2847.2000,2847.0000,2846.6000,2849.2000,2849.4000,2850.6000,2851.2000,2852.2000,2,1,2,2,1,28,1,1,1,1
SF,IH2004,2020-03-12 09:30:21.000,2848.4000,5884,0,69244620.000,0,-,-,-,-,2848.2000,2847.2000,2847.0000,2846.6000,2846.4000,2849.2000,2849.4000,2850.6000,2851.2000,2852.2000,2,2,2,1,2,28,1,1,1,1
SF,IH2004,2020-03-12 09:30:21.500,2848.2000,5882,-2,70953600.000,2,0,2,双平,S,2848.2000,2847.2000,2847.0000,2846.6000,2846.4000,2849.2000,2849.4000,2851.2000,2852.2000,2852.6000,1,2,2,1,2,28,1,1,1,2
SF,IH2004,2020-03-12 09:30:22.000,2848.2000,5882,0,70953600.000,0,-,-,-,-,2848.2000,2847.2000,2847.0000,2846.6000,2846.4000,2849.2000,2849.4000,2851.2000,2852.2000,2852.6000,1,2,2,1,2,29,1,1,1,2
SF,IH2004,2020-03-12 09:30:22.500,2848.2000,5882,0,70953600.000,0,-,-,-,-,2848.2000,2847.2000,2847.0000,2846.6000,2846.4000,2849.2000,2849.4000,2851.2000,2852.2000,2852.6000,1,2,2,1,2,29,1,1,1,2
SF,IH2004,2020-03-12 09:30:23.000,2849.0000,5879,-3,73517460.000,3,0,3,双平,S,2847.2000,2847.0000,2846.6000,2846.4000,2845.2000,2849.0000,2849.2000,2849.4000,2851.2000,2852.2000,1,2,1,2,1,1,30,1,1,1
SF,IH2004,2020-03-12 09:30:23.500,2849.0000,5878,-1,74372160.000,1,0,1,双平,S,2848.0000,2847.6000,2847.4000,2847.2000,2847.0000,2849.2000,2849.4000,2851.2000,2852.6000,2852.8000,1,2,2,1,2,30,1,1,2,2
SF,IH2004,2020-03-12 09:30:24.000,2849.0000,5878,0,74372160.000,0,-,-,-,-,2848.0000,2847.6000,2847.4000,2847.2000,2847.0000,2849.2000,2849.4000,2851.2000,2852.6000,2852.8000,1,2,2,3,2,30,1,1,2,2
SF,IH2004,2020-03-12 09:30:24.500,2849.0000,5878,0,74372160.000,0,-,-,-,-,2848.0000,2847.6000,2847.4000,2847.2000,2847.0000,2849.2000,2849.4000,2851.2000,2852.6000,2852.8000,1,2,3,3,1,30,1,1,2,2
SF,IH2004,2020-03-12 09:30:25.000,2849.2000,5878,0,77791200.000,4,2,2,多换,S,2848.2000,2848.0000,2847.6000,2847.4000,2847.2000,2849.2000,2849.4000,2851.2000,2852.6000,2852.8000,1,1,2,3,2,26,1,1,2,2
SF,IH2004,2020-03-12 09:30:25.500,2849.2000,5878,0,77791200.000,0,-,-,-,-,2847.4000,2847.0000,2846.6000,2846.4000,2845.2000,2848.0000,2849.2000,2849.4000,2851.2000,2852.6000,2,1,1,2,1,1,26,1,1,2
SF,IH2004,2020-03-12 09:30:26.000,2848.0000,5877,-1,78645600.000,1,0,1,双平,S,2848.0000,2847.4000,2847.0000,2846.6000,2846.4000,2848.2000,2849.2000,2849.4000,2851.2000,2852.6000,1,1,1,1,2,1,26,1,1,2
SF,IH2004,2020-03-12 09:30:26.500,2848.2000,5876,-1,79500060.000,1,0,1,双平,S,2848.2000,2848.0000,2847.6000,2847.4000,2847.0000,2849.2000,2849.4000,2851.2000,2852.6000,2852.8000,1,3,1,1,1,26,1,1,2,2
SF,IH2004,2020-03-12 09:30:27.000,2847.6000,5878,2,83772000.000,5,3,2,空开,S,2847.4000,2847.0000,2846.6000,2846.4000,2845.2000,2848.0000,2849.2000,2849.4000,2851.2000,2852.6000,1,1,1,2,1,3,26,1,1,2
SF,IH2004,2020-03-12 09:30:27.500,2849.2000,5878,0,87189960.000,4,2,2,多换,S,2848.0000,2847.6000,2847.4000,2847.0000,2846.6000,2849.2000,2849.4000,2851.2000,2852.6000,2852.8000,3,1,1,1,1,25,1,1,2,2
SF,IH2004,2020-03-12 09:30:28.000,2848.0000,5877,-1,88044360.000,1,0,1,双平,S,2848.0000,2847.4000,2847.0000,2846.6000,2846.4000,2849.2000,2849.4000,2851.2000,2852.6000,2852.8000,3,1,1,1,2,25,1,1,2,2
SF,IH2004,2020-03-12 09:30:28.500,2848.0000,5875,-2,90607560.000,3,0,3,多平,S,2847.4000,2847.0000,2846.6000,2846.4000,2845.2000,2849.2000,2849.4000,2851.2000,2852.6000,2852.8000,1,1,1,2,1,25,1,1,2,2
SF,IH2004,2020-03-12 09:30:29.000,2847.6000,5875,0,91461840.000,1,0,1,多换,S,2847.6000,2847.4000,2847.0000,2846.6000,2846.4000,2849.2000,2849.4000,2851.2000,2852.6000,2852.8000,3,1,1,1,2,25,1,1,2,2
SF,IH2004,2020-03-12 09:30:29.500,2847.6000,5875,0,91461840.000,0,-,-,-,-,2848.4000,2847.4000,2847.0000,2846.6000,2846.4000,2849.2000,2849.4000,2851.2000,2852.6000,2852.8000,1,1,1,1,2,25,1,1,2,2
SF,IH2004,2020-03-12 09:30:30.000,2848.4000,5875,0,92316360.000,1,0,1,多换,S,2847.4000,2847.0000,2846.6000,2846.4000,2845.2000,2849.2000,2849.4000,2851.2000,2852.6000,2852.8000,1,1,1,2,1,25,1,1,2,2
SF,IH2004,2020-03-12 09:30:30.500,2848.4000,5875,0,92316360.000,0,-,-,-,-,2847.4000,2847.0000,2846.6000,2846.4000,2845.2000,2849.2000,2849.4000,2851.2000,2852.6000,2852.8000,1,1,1,2,1,2,1,1,2,2
SF,IH2004,2020-03-12 09:30:31.000,2848.2000,5873,-2,94880340.000,3,0,3,多平,S,2848.0000,2847.8000,2847.6000,2847.4000,2847.0000,2848.4000,2849.4000,2851.2000,2852.6000,2852.8000,1,3,1,1,1,23,1,1,2,2
SF,IH2004,2020-03-12 09:30:31.500,2848.4000,5873,0,102571020.000,9,4,5,多换,S,2848.0000,2847.6000,2847.4000,2847.0000,2846.6000,2848.4000,2849.4000,2851.2000,2852.6000,2852.8000,1,1,1,1,1,14,1,1,2,2
SF,IH2004,2020-03-12 09:30:32.000,2848.4000,5875,2,106843620.000,5,3,2,空开,S,2848.0000,2847.6000,2847.4000,2847.0000,2846.6000,2848.4000,2849.4000,2851.2000,2852.6000,2852.8000,1,1,1,1,1,9,1,1,2,2
SF,IH2004,2020-03-12 09:30:32.500,2848.4000,5878,3,114534300.000,9,6,3,空开,S,2848.4000,2848.2000,2848.0000,2847.4000,2847.0000,2849.4000,2851.2000,2852.6000,2852.8000,2853.0000,2,1,1,1,1,1,1,2,2,1
SF,IH2004,2020-03-12 09:30:33.000,2848.4000,5878,0,114534300.000,0,-,-,-,-,2848.6000,2848.4000,2848.0000,2847.4000,2847.0000,2849.4000,2851.2000,2852.6000,2852.8000,2853.0000,1,1,1,1,1,1,1,2,2,1
SF,IH2004,2020-03-12 09:30:33.500,2849.4000,5878,0,115389120.000,1,0,1,多换,S,2848.6000,2848.4000,2848.0000,2847.4000,2847.0000,2851.2000,2852.6000,2852.8000,2853.0000,2857.6000,1,1,1,1,1,1,2,2,1,5
SF,IH2004,2020-03-12 09:30:34.000,2849.4000,5878,0,115389120.000,0,-,-,-,-,2848.6000,2848.4000,2848.0000,2847.4000,2847.0000,2851.2000,2852.6000,2853.0000,2857.6000,2859.0000,1,1,1,1,2,2,2,1,5,4
SF,IH2004,2020-03-12 09:30:34.500,2849.4000,5878,0,115389120.000,0,-,-,-,-,2848.6000,2848.0000,2847.4000,2847.0000,2846.6000,2851.2000,2852.6000,2853.0000,2857.6000,2859.0000,1,1,1,2,1,1,2,1,5,4
SF,IH2004,2020-03-12 09:30:35.000,2849.4000,5878,0,115389120.000,0,-,-,-,-,2848.6000,2848.0000,2847.4000,2847.0000,2846.6000,2851.2000,2852.6000,2853.0000,2857.6000,2859.0000,1,2,1,2,1,1,2,1,5,4
SF,IH2004,2020-03-12 09:30:36.000,2848.6000,5878,0,116243700.000,1,0,1,多换,S,2848.0000,2847.4000,2847.0000,2846.6000,2846.4000,2851.2000,2852.6000,2853.0000,2857.6000,2859.0000,2,1,2,1,2,1,2,1,5,4
SF,IH2004,2020-03-12 09:30:36.500,2848.6000,5878,0,116243700.000,0,-,-,-,-,2848.4000,2848.2000,2848.0000,2847.4000,2847.0000,2851.2000,2852.6000,2853.0000,2857.6000,2859.0000,1,1,2,1,2,1,2,1,5,4
SF,IH2004,2020-03-12 09:30:37.000,2848.6000,5878,0,116243700.000,0,-,-,-,-,2848.6000,2848.2000,2848.0000,2847.4000,2847.0000,2851.2000,2852.6000,2853.0000,2857.6000,2859.0000,3,2,2,1,2,1,2,1,5,4
SF,IH2004,2020-03-12 09:30:37.500,2851.2000,5878,0,117099060.000,1,0,1,多换,S,2849.6000,2849.0000,2848.8000,2848.6000,2848.2000,2852.6000,2853.0000,2857.6000,2859.0000,2869.0000,1,1,1,3,2,2,1,5,4,4
SF,IH2004,2020-03-12 09:30:38.000,2851.2000,5878,0,117099060.000,0,-,-,-,-,2848.6000,2848.0000,2847.4000,2847.0000,2846.6000,2851.8000,2852.4000,2852.6000,2853.0000,2857.6000,1,2,1,2,1,1,5,2,1,5
SF,IH2004,2020-03-12 09:30:38.500,2851.2000,5878,0,117099060.000,0,-,-,-,-,2848.0000,2847.4000,2847.0000,2846.6000,2846.4000,2851.6000,2851.8000,2852.4000,2853.0000,2857.6000,2,1,2,1,2,3,1,3,1,5
SF,IH2004,2020-03-12 09:30:39.000,2851.2000,5878,0,117099060.000,0,-,-,-,-,2848.0000,2847.4000,2847.0000,2846.6000,2846.4000,2851.6000,2851.8000,2852.4000,2853.0000,2857.6000,3,1,2,1,2,3,1,3,1,5
SF,IH2004,2020-03-12 09:30:39.500,2848.2000,5879,1,117953520.000,1,1,0,双开,S,2848.2000,2848.0000,2847.4000,2847.0000,2846.6000,2851.6000,2851.8000,2852.4000,2853.0000,2857.6000,1,3,1,2,1,3,1,3,1,5
SF,IH2004,2020-03-12 09:30:40.000,2848.2000,5879,0,117953520.000,0,-,-,-,-,2848.6000,2848.2000,2848.0000,2847.4000,2847.0000,2851.6000,2851.8000,2853.0000,2857.6000,2859.0000,1,4,3,1,2,2,1,1,5,4
SF,IH2004,2020-03-12 09:30:40.500,2851.4000,5879,0,118808940.000,1,0,1,多换,S,2848.6000,2848.2000,2848.0000,2847.4000,2847.0000,2851.6000,2851.8000,2853.0000,2857.6000,2859.0000,1,2,3,1,2,2,1,1,5,4
SF,IH2004,2020-03-12 09:30:41.000,2851.4000,5879,0,118808940.000,0,-,-,-,-,2849.0000,2848.8000,2848.2000,2848.0000,2847.4000,2851.6000,2851.8000,2853.0000,2857.6000,2859.0000,1,2,1,3,1,2,1,1,5,3
SF,IH2004,2020-03-12 09:30:41.500,2851.4000,5879,0,118808940.000,0,-,-,-,-,2851.4000,2849.0000,2848.8000,2848.2000,2848.0000,2851.8000,2853.0000,2857.6000,2859.0000,2869.0000,1,1,2,1,3,1,1,5,3,3
SF,IH2004,2020-03-12 09:30:42.000,2851.6000,5879,0,120519840.000,2,1,1,多换,S,2849.0000,2848.8000,2848.2000,2848.0000,2847.4000,2851.4000,2851.8000,2853.0000,2857.6000,2859.0000,1,2,1,3,1,1,1,1,5,3
SF,IH2004,2020-03-12 09:30:42.500,2851.6000,5879,0,121375320.000,1,0,1,多换,S,2851.6000,2849.0000,2848.8000,2848.2000,2848.0000,2851.8000,2853.0000,2857.6000,2859.0000,2869.0000,3,2,2,1,3,1,1,5,3,2
SF,IH2004,2020-03-12 09:30:43.000,2851.6000,5880,1,123086280.000,2,1,1,空开,S,2851.6000,2849.6000,2849.2000,2849.0000,2848.8000,2857.6000,2859.0000,2873.0000,2878.2000,2879.0000,1,1,2,2,2,5,3,1,1,1
SF,IH2004,2020-03-12 09:30:43.500,2851.6000,5881,1,124797240.000,2,1,1,空开,S,2849.0000,2848.8000,2848.2000,2848.0000,2847.4000,2851.8000,2853.0000,2853.2000,2853.4000,2854.0000,1,1,1,3,1,2,1,1,1,1
SF,IH2004,2020-03-12 09:30:44.000,2851.6000,5881,0,124797240.000,0,-,-,-,-,2849.0000,2848.8000,2848.2000,2848.0000,2847.4000,2853.4000,2854.0000,2854.4000,2854.8000,2855.2000,2,1,1,4,1,1,1,1,2,1
SF,IH2004,2020-03-12 09:30:44.500,2851.6000,5881,0,124797240.000,0,-,-,-,-,2851.2000,2849.6000,2849.2000,2849.0000,2848.2000,2853.2000,2853.4000,2854.4000,2854.8000,2855.2000,1,1,1,2,1,1,1,1,2,1
SF,IH2004,2020-03-12 09:30:45.000,2851.8000,5882,1,125652780.000,1,1,0,双开,S,2849.6000,2849.2000,2849.0000,2848.2000,2848.0000,2853.0000,2853.2000,2853.4000,2854.4000,2854.8000,1,2,2,1,4,1,4,2,2,2
SF,IH2004,2020-03-12 09:30:45.500,2851.8000,5882,0,125652780.000,0,-,-,-,-,2851.2000,2850.0000,2849.8000,2849.6000,2849.2000,2852.8000,2854.4000,2854.8000,2855.2000,2856.0000,1,1,1,1,2,1,2,2,1,2
SF,IH2004,2020-03-12 09:30:46.000,2851.8000,5882,0,125652780.000,0,-,-,-,-,2851.2000,2850.0000,2849.8000,2849.6000,2849.2000,2853.2000,2854.4000,2854.8000,2855.2000,2856.0000,2,1,2,1,2,1,1,2,1,2
SF,IH2004,2020-03-12 09:30:46.500,2851.8000,5882,0,125652780.000,0,-,-,-,-,2851.2000,2850.0000,2849.8000,2849.6000,2849.2000,2853.2000,2854.4000,2854.8000,2855.2000,2856.0000,2,2,2,1,1,1,1,2,1,2
SF,IH2004,2020-03-12 09:30:47.000,2851.4000,5881,-1,126508200.000,1,0,1,双平,S,2851.4000,2851.2000,2850.0000,2849.8000,2849.6000,2853.2000,2854.4000,2854.8000,2855.2000,2856.0000,1,2,2,1,1,1,1,2,1,2
SF,IH2004,2020-03-12 09:30:47.500,2851.4000,5881,0,126508200.000,0,-,-,-,-,2851.4000,2851.2000,2850.0000,2849.8000,2849.6000,2853.2000,2854.4000,2854.8000,2855.2000,2856.0000,1,2,2,1,1,1,1,2,1,2
SF,IH2004,2020-03-12 09:30:48.000,2853.2000,5881,0,127364160.000,1,0,1,多换,S,2853.2000,2853.0000,2852.8000,2851.8000,2851.6000,2854.8000,2855.2000,2865.2000,2873.0000,2878.2000,1,2,2,1,1,1,1,5,1,1
SF,IH2004,2020-03-12 09:30:48.500,2853.2000,5880,-1,128220120.000,1,0,1,双平,S,2853.4000,2851.2000,2850.0000,2849.6000,2849.2000,2854.8000,2855.2000,2865.2000,2873.0000,2878.2000,1,2,1,1,1,1,1,5,1,1
SF,IH2004,2020-03-12 09:30:49.000,2853.2000,5880,0,129076080.000,1,0,1,多换,S,2851.2000,2850.0000,2849.6000,2849.2000,2849.0000,2852.8000,2853.8000,2854.2000,2854.4000,2854.6000,2,1,1,1,3,1,1,1,1,1
SF,IH2004,2020-03-12 09:30:49.500,2853.2000,5880,0,129076080.000,0,-,-,-,-,2851.2000,2850.0000,2849.6000,2849.2000,2849.0000,2852.8000,2853.4000,2854.2000,2854.4000,2854.6000,2,1,1,1,3,1,1,1,1,3
SF,IH2004,2020-03-12 09:30:50.000,2853.2000,5880,0,129076080.000,0,-,-,-,-,2851.2000,2850.0000,2849.6000,2849.2000,2849.0000,2852.8000,2854.2000,2854.4000,2854.6000,2854.8000,1,1,1,1,3,1,1,1,3,1
SF,IH2004,2020-03-12 09:30:50.500,2854.2000,5879,-1,130788180.000,2,0,2,多平,S,2852.0000,2851.2000,2850.0000,2849.6000,2849.2000,2854.4000,2854.6000,2854.8000,2857.6000,2873.0000,1,2,1,1,1,1,3,1,5,1
SF,IH2004,2020-03-12 09:30:51.000,2854.2000,5879,0,130788180.000,0,-,-,-,-,2852.0000,2851.2000,2850.0000,2849.6000,2849.0000,2853.0000,2854.2000,2854.4000,2854.6000,2854.8000,1,2,1,1,3,1,6,1,2,1
SF,IH2004,2020-03-12 09:30:51.500,2854.2000,5879,0,130788180.000,0,-,-,-,-,2852.8000,2852.0000,2851.2000,2850.0000,2849.6000,2854.2000,2861.4000,2873.0000,2878.2000,2879.0000,2,1,2,1,1,1,5,1,1,1
SF,IH2004,2020-03-12 09:30:52.000,2854.2000,5879,0,130788180.000,0,-,-,-,-,2853.0000,2852.8000,2852.0000,2851.2000,2850.0000,2861.4000,2873.0000,2878.2000,2879.0000,2879.2000,1,2,1,2,1,5,1,1,1,1
SF,IH2004,2020-03-12 09:30:52.500,2854.2000,5879,0,130788180.000,0,-,-,-,-,2853.2000,2853.0000,2852.8000,2852.0000,2851.2000,2854.0000,2854.8000,2855.4000,2855.6000,2856.0000,2,1,2,1,2,1,1,1,1,4
SF,IH2004,2020-03-12 09:30:53.000,2854.2000,5879,0,130788180.000,0,-,-,-,-,2853.2000,2853.0000,2852.8000,2852.0000,2851.2000,2854.8000,2855.2000,2855.6000,2856.0000,2858.2000,1,2,2,1,2,1,1,2,6,1
SF,IH2004,2020-03-12 09:30:53.500,2853.2000,5878,-1,131644140.000,1,0,1,双平,S,2853.0000,2852.8000,2852.0000,2851.2000,2850.0000,2854.4000,2854.6000,2854.8000,2855.2000,2855.6000,2,2,1,2,1,1,2,1,1,2
SF,IH2004,2020-03-12 09:30:54.000,2853.0000,5877,-1,132500040.000,1,0,1,双平,S,2853.0000,2852.8000,2852.0000,2851.2000,2850.0000,2854.2000,2854.4000,2854.8000,2855.2000,2855.6000,1,2,1,2,1,1,1,1,1,2
SF,IH2004,2020-03-12 09:30:54.500,2853.0000,5877,0,132500040.000,0,-,-,-,-,2853.0000,2852.8000,2852.0000,2851.2000,2850.0000,2854.2000,2854.4000,2854.8000,2855.2000,2855.6000,1,2,1,3,1,1,1,1,1,2
SF,IH2004,2020-03-12 09:30:55.000,2852.8000,5877,0,135067620.000,3,1,2,多换,S,2852.0000,2851.2000,2850.0000,2849.6000,2849.0000,2854.2000,2854.4000,2854.8000,2855.2000,2855.6000,1,3,1,1,3,1,1,1,1,2
SF,IH2004,2020-03-12 09:30:55.500,2852.8000,5877,0,135067620.000,0,-,-,-,-,2852.0000,2851.2000,2850.0000,2849.6000,2849.0000,2854.0000,2854.2000,2854.4000,2854.8000,2855.2000,1,3,1,1,3,2,1,1,1,1
SF,IH2004,2020-03-12 09:30:56.000,2852.8000,5877,0,135067620.000,0,-,-,-,-,2852.0000,2851.2000,2850.0000,2849.6000,2849.0000,2853.0000,2853.8000,2854.0000,2854.4000,2854.8000,1,2,1,1,3,1,1,2,1,1
SF,IH2004,2020-03-12 09:30:56.500,2853.8000,5878,1,135923760.000,1,1,0,双开,S,2852.0000,2851.2000,2850.0000,2849.6000,2849.0000,2854.0000,2854.4000,2854.8000,2855.2000,2855.6000,1,2,1,1,3,2,1,1,1,2
SF,IH2004,2020-03-12 09:30:57.000,2853.8000,5878,0,135923760.000,0,-,-,-,-,2852.0000,2851.2000,2850.0000,2849.6000,2849.0000,2853.8000,2854.0000,2854.4000,2854.8000,2855.2000,1,2,1,1,3,1,2,1,1,1
SF,IH2004,2020-03-12 09:30:57.500,2852.0000,5878,0,136779360.000,1,0,1,多换,S,2851.2000,2850.0000,2849.6000,2849.0000,2847.4000,2852.6000,2853.0000,2853.4000,2853.6000,2853.8000,2,1,1,3,1,1,1,1,3,1
SF,IH2004,2020-03-12 09:30:58.000,2852.0000,5878,0,136779360.000,0,-,-,-,-,2851.2000,2850.0000,2849.6000,2849.0000,2847.4000,2853.0000,2853.6000,2853.8000,2854.0000,2854.4000,2,1,1,3,1,2,3,1,1,1
SF,IH2004,2020-03-12 09:30:58.500,2852.0000,5878,0,136779360.000,0,-,-,-,-,2851.2000,2850.0000,2849.6000,2849.0000,2847.4000,2852.8000,2853.0000,2853.6000,2853.8000,2854.0000,2,1,1,3,1,1,2,2,1,1
SF,IH2004,2020-03-12 09:30:59.000,2852.0000,5878,0,136779360.000,0,-,-,-,-,2851.2000,2850.0000,2849.6000,2849.0000,2847.4000,2852.8000,2853.0000,2853.8000,2854.0000,2854.4000,3,1,1,3,1,1,2,1,1,1
SF,IH2004,2020-03-12 09:30:59.500,2852.0000,5878,0,136779360.000,0,-,-,-,-,2851.2000,2850.0000,2849.6000,2849.0000,2847.4000,2852.0000,2852.6000,2852.8000,2853.0000,2853.8000,3,1,1,2,1,1,1,1,2,1
SF,IH2004,2020-03-12 09:31:00.000,2852.0000,5878,0,136779360.000,0,-,-,-,-,2851.2000,2850.0000,2849.6000,2849.0000,2847.4000,2852.0000,2852.6000,2852.8000,2853.0000,2853.8000,3,1,1,2,1,1,1,1,2,1
SF,IH2004,2020-03-12 09:31:00.500,2852.0000,5877,-1,137634960.000,1,0,1,双平,S,2852.0000,2851.2000,2850.0000,2849.6000,2849.0000,2852.6000,2852.8000,2853.0000,2853.8000,2854.0000,1,3,1,1,2,1,1,2,1,1
SF,IH2004,2020-03-12 09:31:01.000,2852.6000,5876,-1,139346520.000,2,0,2,多平,S,2852.0000,2851.2000,2850.0000,2849.6000,2849.0000,2853.0000,2853.8000,2854.0000,2854.4000,2854.8000,1,2,1,1,2,2,1,1,1,1
SF,IH2004,2020-03-12 09:31:01.500,2852.6000,5876,0,139346520.000,0,-,-,-,-,2851.2000,2850.0000,2849.6000,2849.0000,2848.0000,2852.0000,2853.0000,2853.8000,2854.0000,2854.4000,2,1,1,2,1,1,2,1,1,1
SF,IH2004,2020-03-12 09:31:02.000,2852.6000,5876,0,139346520.000,0,-,-,-,-,2851.2000,2850.0000,2849.6000,2849.0000,2848.0000,2852.0000,2853.0000,2853.8000,2854.0000,2854.4000,3,1,1,2,1,1,2,1,1,1
SF,IH2004,2020-03-12 09:31:02.500,2851.2000,5875,-1,140201880.000,1,0,1,双平,S,2850.0000,2849.0000,2848.0000,2847.4000,2847.0000,2852.0000,2853.0000,2853.8000,2854.0000,2854.4000,1,2,1,1,1,1,2,1,1,1
SF,IH2004,2020-03-12 09:31:03.000,2851.2000,5875,0,140201880.000,0,-,-,-,-,2850.2000,2850.0000,2849.0000,2848.0000,2847.4000,2851.0000,2851.8000,2852.0000,2853.0000,2853.8000,1,1,2,1,1,1,1,1,2,1
SF,IH2004,2020-03-12 09:31:03.500,2851.2000,5875,0,140201880.000,0,-,-,-,-,2850.2000,2850.0000,2849.0000,2848.0000,2847.4000,2851.8000,2852.0000,2853.0000,2853.8000,2854.0000,1,1,2,1,1,1,1,2,1,1
SF,IH2004,2020-03-12 09:31:04.000,2851.2000,5875,0,140201880.000,0,-,-,-,-,2850.0000,2849.0000,2848.0000,2847.4000,2847.0000,2851.6000,2851.8000,2852.0000,2853.0000,2853.8000,1,2,1,1,1,1,1,1,2,1
SF,IH2004,2020-03-12 09:31:04.500,2850.0000,5874,-1,141056880.000,1,0,1,双平,S,2849.0000,2848.0000,2847.4000,2847.0000,2846.6000,2851.6000,2851.8000,2852.0000,2853.0000,2853.8000,2,1,1,1,1,1,1,1,2,1
SF,IH2004,2020-03-12 09:31:05.000,2850.0000,5874,0,141056880.000,0,-,-,-,-,2849.2000,2849.0000,2848.0000,2847.4000,2847.0000,2851.4000,2851.6000,2852.0000,2853.0000,2853.8000,2,2,1,1,1,1,1,1,2,1
SF,IH2004,2020-03-12 09:31:05.500,2850.0000,5874,0,141056880.000,0,-,-,-,-,2850.8000,2849.2000,2849.0000,2848.0000,2847.4000,2851.2000,2851.4000,2852.0000,2853.0000,2853.8000,1,1,2,1,1,1,1,1,2,1
SF,IH2004,2020-03-12 09:31:06.000,2850.8000,5873,-1,142767360.000,2,0,2,多平,S,2849.0000,2848.0000,2847.4000,2847.0000,2846.6000,2850.4000,2852.0000,2853.0000,2853.8000,2854.0000,2,1,1,1,1,1,1,2,1,1
SF,IH2004,2020-03-12 09:31:06.500,2850.8000,5873,0,142767360.000,0,-,-,-,-,2849.2000,2849.0000,2848.0000,2847.4000,2847.0000,2850.4000,2852.0000,2853.0000,2853.8000,2854.0000,1,2,1,1,1,1,1,2,1,1
SF,IH2004,2020-03-12 09:31:08.500,2850.8000,5873,0,142767360.000,0,-,-,-,-,2849.2000,2849.0000,2848.0000,2847.4000,2847.0000,2852.0000,2853.0000,2853.8000,2854.0000,2854.4000,1,2,1,1,1,1,2,1,1,1
SF,IH2004,2020-03-12 09:31:09.000,2850.8000,5873,0,142767360.000,0,-,-,-,-,2849.4000,2849.2000,2849.0000,2848.0000,2847.4000,2851.8000,2852.0000,2853.0000,2853.2000,2853.8000,1,1,2,1,1,1,1,2,1,1
SF,IH2004,2020-03-12 09:31:09.500,2851.6000,5872,-1,143622840.000,1,0,1,双平,S,2849.6000,2849.0000,2848.0000,2847.4000,2847.0000,2851.8000,2852.0000,2853.0000,2853.2000,2853.8000,1,2,1,1,1,1,1,2,1,1
SF,IH2004,2020-03-12 09:31:11.000,2851.6000,5872,0,143622840.000,0,-,-,-,-,2850.0000,2849.6000,2849.0000,2848.0000,2847.4000,2851.8000,2852.0000,2853.0000,2853.2000,2853.8000,2,1,2,1,1,1,1,2,1,1
SF,IH2004,2020-03-12 09:31:11.500,2851.6000,5872,0,143622840.000,0,-,-,-,-,2850.2000,2850.0000,2849.6000,2849.0000,2848.0000,2852.0000,2853.0000,2853.2000,2853.8000,2854.0000,1,2,1,2,1,1,2,1,1,1
SF,IH2004,2020-03-12 09:31:12.000,2851.6000,5872,0,143622840.000,0,-,-,-,-,2850.2000,2850.0000,2849.6000,2849.0000,2848.0000,2852.0000,2853.0000,2853.2000,2853.8000,2854.0000,1,2,1,2,1,1,2,1,1,1
SF,IH2004,2020-03-12 09:31:12.500,2851.6000,5872,0,143622840.000,0,-,-,-,-,2850.0000,2849.0000,2848.0000,2847.4000,2847.0000,2851.8000,2852.0000,2853.0000,2853.2000,2853.8000,2,2,1,1,1,1,1,2,1,1
SF,IH2004,2020-03-12 09:31:13.000,2851.6000,5872,0,143622840.000,0,-,-,-,-,2850.0000,2849.2000,2849.0000,2848.0000,2847.4000,2851.6000,2851.8000,2852.0000,2853.0000,2853.2000,2,1,2,1,1,1,1,1,2,1
SF,IH2004,2020-03-12 09:31:13.500,2851.6000,5872,0,143622840.000,0,-,-,-,-,2850.0000,2849.2000,2849.0000,2848.0000,2847.4000,2851.4000,2851.6000,2852.0000,2853.0000,2853.2000,2,1,2,1,1,1,1,1,2,1
SF,IH2004,2020-03-12 09:31:14.000,2851.6000,5872,0,143622840.000,0,-,-,-,-,2850.0000,2849.2000,2849.0000,2848.0000,2847.4000,2851.4000,2852.0000,2853.0000,2853.2000,2853.8000,2,1,2,1,1,1,1,2,1,1
SF,IH2004,2020-03-12 09:31:14.500,2850.0000,5870,-2,145332840.000,2,0,2,双平,S,2849.2000,2849.0000,2848.0000,2847.4000,2847.0000,2851.4000,2852.0000,2853.0000,2853.2000,2853.8000,1,2,1,1,1,1,1,2,1,1
SF,IH2004,2020-03-12 09:31:15.000,2850.0000,5870,0,145332840.000,0,-,-,-,-,2849.4000,2849.2000,2849.0000,2848.0000,2847.4000,2851.4000,2852.0000,2853.0000,2853.2000,2853.8000,1,1,2,1,1,1,1,2,1,1
SF,IH2004,2020-03-12 09:31:15.500,2850.0000,5870,0,145332840.000,0,-,-,-,-,2849.2000,2849.0000,2848.0000,2847.4000,2847.0000,2851.4000,2852.0000,2853.0000,2853.2000,2853.8000,1,2,1,1,1,1,1,2,1,1
SF,IH2004,2020-03-12 09:31:16.000,2850.0000,5870,0,145332840.000,0,-,-,-,-,2849.4000,2849.2000,2849.0000,2848.0000,2847.4000,2851.4000,2852.0000,2853.0000,2853.2000,2853.8000,1,1,2,1,1,1,1,2,1,1
SF,IH2004,2020-03-12 09:31:16.500,2850.0000,5870,0,145332840.000,0,-,-,-,-,2851.4000,2849.4000,2849.2000,2849.0000,2848.0000,2852.0000,2853.0000,2853.2000,2853.8000,2854.0000,1,2,1,3,1,1,2,1,1,1
SF,IH2004,2020-03-12 09:31:17.000,2850.0000,5870,0,145332840.000,0,-,-,-,-,2851.2000,2849.6000,2849.4000,2849.2000,2849.0000,2852.0000,2853.0000,2853.2000,2853.8000,2854.0000,1,1,2,1,3,1,2,1,1,1
SF,IH2004,2020-03-12 09:31:17.500,2850.0000,5870,0,145332840.000,0,-,-,-,-,2849.4000,2849.2000,2849.0000,2848.0000,2847.4000,2852.0000,2853.0000,2853.2000,2853.8000,2854.0000,2,1,3,1,1,1,2,1,1,1
SF,IH2004,2020-03-12 09:31:18.000,2850.0000,5870,0,145332840.000,0,-,-,-,-,2851.2000,2849.6000,2849.4000,2849.2000,2849.0000,2852.0000,2853.0000,2853.2000,2853.8000,2854.0000,1,1,2,1,3,1,2,1,1,1
SF,IH2004,2020-03-12 09:31:19.000,2850.0000,5870,0,145332840.000,0,-,-,-,-,2851.2000,2849.6000,2849.4000,2849.2000,2849.0000,2852.0000,2853.0000,2853.2000,2853.8000,2854.0000,2,1,2,1,3,1,2,1,1,1
SF,IH2004,2020-03-12 09:31:19.500,2850.0000,5870,0,145332840.000,0,-,-,-,-,2851.2000,2849.6000,2849.4000,2849.2000,2849.0000,2852.0000,2853.0000,2853.2000,2853.8000,2854.0000,1,1,3,1,3,1,2,1,1,1
SF,IH2004,2020-03-12 09:31:20.000,2850.0000,5870,0,145332840.000,0,-,-,-,-,2851.2000,2849.6000,2849.4000,2849.2000,2849.0000,2853.0000,2853.2000,2853.8000,2854.0000,2854.4000,1,1,3,1,3,2,1,1,1,1
SF,IH2004,2020-03-12 09:31:20.500,2850.0000,5870,0,145332840.000,0,-,-,-,-,2851.2000,2849.6000,2849.4000,2849.2000,2849.0000,2852.8000,2853.0000,2853.2000,2854.0000,2854.2000,1,1,3,1,3,2,2,1,1,1
SF,IH2004,2020-03-12 09:31:21.000,2850.0000,5870,0,145332840.000,0,-,-,-,-,2851.2000,2849.6000,2849.4000,2849.2000,2849.0000,2852.8000,2853.0000,2853.2000,2854.0000,2854.2000,1,1,3,1,3,1,2,1,1,1
SF,IH2004,2020-03-12 09:31:21.500,2850.0000,5870,0,145332840.000,0,-,-,-,-,2851.4000,2851.2000,2849.6000,2849.4000,2849.2000,2853.0000,2853.2000,2854.0000,2854.2000,2854.4000,1,1,1,2,1,2,1,1,1,1
SF,IH2004,2020-03-12 09:31:22.000,2852.8000,5868,-2,147044580.000,2,0,2,双平,S,2851.4000,2851.2000,2849.6000,2849.4000,2849.2000,2853.0000,2853.2000,2854.0000,2854.2000,2854.4000,1,1,1,2,1,1,1,1,1,1
SF,IH2004,2020-03-12 09:31:22.500,2852.8000,5868,0,147044580.000,0,-,-,-,-,2851.4000,2851.2000,2849.6000,2849.4000,2849.2000,2853.0000,2853.2000,2854.0000,2854.2000,2854.4000,1,2,1,2,1,1,1,1,1,1
SF,IH2004,2020-03-12 09:31:23.000,2852.8000,5868,0,147044580.000,0,-,-,-,-,2851.6000,2851.4000,2851.2000,2849.6000,2849.4000,2853.0000,2853.2000,2854.2000,2854.4000,2854.8000,1,1,2,1,2,1,1,1,1,1
SF,IH2004,2020-03-12 09:31:23.500,2853.0000,5867,-1,147900480.000,1,0,1,双平,S,2851.8000,2851.6000,2851.2000,2850.2000,2849.6000,2854.2000,2854.4000,2854.8000,2855.6000,2856.0000,1,1,2,1,1,1,1,1,1,5
SF,IH2004,2020-03-12 09:31:24.000,2853.0000,5867,0,147900480.000,0,-,-,-,-,2851.8000,2851.6000,2851.2000,2850.2000,2849.6000,2854.0000,2854.2000,2854.4000,2854.8000,2855.6000,1,1,2,1,1,3,1,1,1,1
SF,IH2004,2020-03-12 09:31:24.500,2853.0000,5867,0,147900480.000,0,-,-,-,-,2851.8000,2851.6000,2851.2000,2850.2000,2849.6000,2854.0000,2854.2000,2854.4000,2854.8000,2855.6000,1,1,2,1,1,2,1,1,1,1
SF,IH2004,2020-03-12 09:31:25.000,2853.0000,5867,0,147900480.000,0,-,-,-,-,2851.8000,2851.2000,2850.2000,2849.6000,2849.4000,2854.0000,2854.2000,2854.4000,2854.8000,2855.6000,1,2,1,1,2,2,1,1,1,1
SF,IH2004,2020-03-12 09:31:25.500,2852.0000,5866,-1,148756080.000,1,0,1,双平,S,2851.8000,2851.2000,2850.2000,2849.6000,2849.4000,2853.8000,2854.0000,2854.2000,2854.4000,2854.8000,1,2,1,1,2,1,2,1,1,1
SF,IH2004,2020-03-12 09:31:26.000,2853.6000,5867,1,149612160.000,1,1,0,双开,S,2852.0000,2851.8000,2851.2000,2850.2000,2849.6000,2853.8000,2854.0000,2854.2000,2854.4000,2854.8000,1,1,2,1,1,1,1,1,1,1
SF,IH2004,2020-03-12 09:31:26.500,2853.6000,5867,0,149612160.000,0,-,-,-,-,2852.0000,2851.8000,2851.6000,2851.2000,2850.2000,2853.6000,2853.8000,2854.0000,2854.2000,2854.4000,1,1,1,2,1,1,1,1,1,1
SF,IH2004,2020-03-12 09:31:27.000,2853.6000,5866,-1,150468240.000,1,0,1,双平,S,2852.0000,2851.8000,2851.6000,2851.2000,2850.2000,2853.8000,2854.0000,2854.2000,2854.4000,2854.8000,1,1,1,2,1,1,1,1,1,1
SF,IH2004,2020-03-12 09:31:27.500,2853.6000,5866,0,150468240.000,0,-,-,-,-,2852.2000,2852.0000,2851.6000,2851.2000,2850.2000,2854.0000,2854.2000,2854.4000,2854.8000,2855.6000,1,1,1,2,1,1,1,1,1,1
SF,IH2004,2020-03-12 09:31:28.000,2853.6000,5866,0,150468240.000,0,-,-,-,-,2853.0000,2852.4000,2852.2000,2851.6000,2851.2000,2854.0000,2854.2000,2854.4000,2854.8000,2855.6000,1,1,1,1,2,1,1,1,1,1
SF,IH2004,2020-03-12 09:31:28.500,2853.0000,5865,-1,151324140.000,1,0,1,双平,S,2852.4000,2852.2000,2851.6000,2851.2000,2850.2000,2853.6000,2854.0000,2854.2000,2854.4000,2854.8000,1,1,1,2,1,1,1,1,1,1
SF,IH2004,2020-03-12 09:31:29.000,2853.0000,5865,0,151324140.000,0,-,-,-,-,2851.6000,2851.2000,2850.2000,2849.6000,2849.4000,2853.4000,2854.0000,2854.2000,2854.4000,2854.8000,1,2,1,1,2,1,1,1,1,1
SF,IH2004,2020-03-12 09:31:29.500,2853.0000,5865,0,151324140.000,0,-,-,-,-,2851.8000,2851.6000,2851.2000,2850.2000,2849.6000,2854.0000,2854.2000,2854.4000,2854.8000,2855.6000,2,1,2,1,1,1,1,1,1,1
SF,IH2004,2020-03-12 09:31:30.000,2853.0000,5865,0,151324140.000,0,-,-,-,-,2851.8000,2851.6000,2851.2000,2850.2000,2849.6000,2853.8000,2854.0000,2854.2000,2854.4000,2854.8000,2,1,2,1,1,1,1,1,1,1
SF,IH2004,2020-03-12 09:31:30.500,2853.0000,5865,0,151324140.000,0,-,-,-,-,2851.8000,2851.6000,2851.2000,2850.2000,2849.6000,2854.0000,2854.2000,2854.4000,2854.8000,2855.6000,2,1,2,1,1,1,1,1,1,1
SF,IH2004,2020-03-12 09:31:31.000,2853.0000,5865,0,151324140.000,0,-,-,-,-,2851.8000,2851.6000,2851.2000,2850.2000,2849.6000,2854.0000,2854.2000,2855.6000,2855.8000,2856.0000,2,1,2,1,1,1,1,1,1,5
SF,IH2004,2020-03-12 09:31:31.500,2853.0000,5865,0,151324140.000,0,-,-,-,-,2851.8000,2851.6000,2851.2000,2850.2000,2849.6000,2854.0000,2854.2000,2855.6000,2855.8000,2856.0000,2,1,2,2,1,1,1,1,1,5
SF,IH2004,2020-03-12 09:31:32.000,2853.0000,5865,0,151324140.000,0,-,-,-,-,2851.8000,2851.6000,2851.2000,2850.2000,2849.6000,2854.2000,2855.6000,2855.8000,2856.0000,2856.4000,2,1,2,2,1,1,1,1,5,1
SF,IH2004,2020-03-12 09:31:32.500,2853.0000,5865,0,151324140.000,0,-,-,-,-,2851.8000,2851.6000,2851.2000,2850.2000,2849.6000,2854.0000,2854.2000,2855.6000,2855.8000,2856.0000,2,1,2,2,1,1,1,1,1,5
SF,IH2004,2020-03-12 09:31:33.000,2854.0000,5864,-1,152180340.000,1,0,1,双平,S,2854.0000,2851.8000,2851.6000,2851.2000,2850.2000,2854.2000,2855.6000,2855.8000,2856.0000,2856.4000,1,2,1,2,2,1,1,1,5,1
SF,IH2004,2020-03-12 09:31:33.500,2854.0000,5863,-1,153036540.000,1,0,1,双平,S,2851.8000,2851.6000,2851.2000,2850.2000,2849.6000,2853.8000,2854.0000,2854.2000,2855.6000,2855.8000,2,1,2,2,1,1,1,2,1,1
SF,IH2004,2020-03-12 09:31:34.000,2854.0000,5863,0,153036540.000,0,-,-,-,-,2851.8000,2851.6000,2851.2000,2850.2000,2849.6000,2854.0000,2854.2000,2855.6000,2855.8000,2856.0000,2,1,2,2,1,1,1,1,1,5
SF,IH2004,2020-03-12 09:31:34.500,2854.0000,5863,0,153036540.000,0,-,-,-,-,2851.8000,2851.6000,2851.2000,2850.2000,2849.6000,2853.8000,2854.0000,2854.2000,2855.6000,2855.8000,2,1,2,2,1,3,1,1,1,1
SF,IH2004,2020-03-12 09:31:35.000,2854.0000,5863,0,153036540.000,0,-,-,-,-,2851.8000,2851.6000,2851.2000,2850.2000,2849.6000,2853.8000,2854.0000,2854.2000,2855.6000,2855.8000,2,1,2,2,1,3,1,1,1,1
SF,IH2004,2020-03-12 09:31:35.500,2851.8000,5862,-1,153892080.000,1,0,1,双平,S,2851.8000,2851.6000,2851.2000,2850.2000,2849.6000,2853.8000,2854.0000,2854.2000,2855.6000,2855.8000,1,1,2,2,1,3,1,1,1,1
SF,IH2004,2020-03-12 09:31:36.000,2851.8000,5862,0,153892080.000,0,-,-,-,-,2851.8000,2851.6000,2851.2000,2850.2000,2849.6000,2853.8000,2854.0000,2854.2000,2855.6000,2855.8000,1,1,2,2,1,3,1,1,1,1
SF,IH2004,2020-03-12 09:31:38.500,2851.8000,5863,1,154747620.000,1,1,0,双开,S,2851.6000,2851.2000,2850.2000,2849.6000,2849.4000,2853.6000,2853.8000,2854.0000,2854.2000,2855.6000,1,2,1,1,2,1,3,1,1,1
SF,IH2004,2020-03-12 09:31:39.000,2851.2000,5860,-3,158169300.000,4,0,4,多平,S,2850.2000,2849.6000,2849.4000,2849.2000,2849.0000,2851.8000,2853.4000,2853.6000,2853.8000,2854.0000,1,1,2,1,3,1,2,2,1,1
SF,IH2004,2020-03-12 09:31:39.500,2851.2000,5860,0,158169300.000,0,-,-,-,-,2850.4000,2850.2000,2849.4000,2849.2000,2849.0000,2851.8000,2853.0000,2853.4000,2853.6000,2853.8000,1,1,2,1,2,1,1,2,2,1
SF,IH2004,2020-03-12 09:31:40.000,2851.2000,5860,0,158169300.000,0,-,-,-,-,2850.4000,2850.2000,2849.4000,2849.2000,2849.0000,2851.8000,2853.0000,2853.4000,2853.6000,2853.8000,1,1,2,1,2,1,1,2,2,1
SF,IH2004,2020-03-12 09:31:40.500,2851.2000,5860,0,158169300.000,0,-,-,-,-,2850.4000,2850.2000,2849.4000,2849.2000,2849.0000,2851.8000,2853.0000,2853.4000,2853.6000,2853.8000,1,1,2,1,2,2,1,2,2,1
SF,IH2004,2020-03-12 09:31:41.000,2851.8000,5860,0,159024840.000,1,0,1,多换,S,2851.8000,2850.4000,2850.2000,2849.4000,2849.2000,2853.4000,2853.6000,2853.8000,2854.0000,2855.6000,1,1,1,2,1,2,2,1,1,1
SF,IH2004,2020-03-12 09:31:41.500,2851.8000,5860,0,159024840.000,0,-,-,-,-,2851.8000,2850.4000,2850.2000,2849.4000,2849.2000,2853.4000,2853.6000,2854.0000,2855.6000,2856.0000,1,1,2,2,1,2,2,1,1,5
SF,IH2004,2020-03-12 09:31:42.000,2851.8000,5860,0,159880380.000,1,0,1,多换,S,2850.4000,2850.2000,2849.4000,2849.2000,2849.0000,2852.6000,2853.0000,2853.2000,2853.4000,2853.6000,1,2,2,1,2,1,1,2,3,2
SF,IH2004,2020-03-12 09:31:42.500,2851.8000,5860,0,159880380.000,0,-,-,-,-,2850.6000,2850.4000,2850.2000,2849.4000,2849.2000,2852.4000,2853.2000,2853.4000,2854.0000,2855.6000,1,1,2,1,1,1,1,1,1,1
SF,IH2004,2020-03-12 09:31:43.000,2851.8000,5860,0,159880380.000,0,-,-,-,-,2850.8000,2850.6000,2850.2000,2849.4000,2849.2000,2852.4000,2853.4000,2854.0000,2855.6000,2856.0000,1,1,2,1,1,1,1,1,1,5
SF,IH2004,2020-03-12 09:31:45.000,2852.4000,5860,0,162446520.000,3,1,2,多换,S,2850.2000,2849.4000,2849.2000,2849.0000,2848.6000,2854.0000,2855.6000,2856.0000,2856.4000,2861.2000,2,1,1,2,1,1,1,5,1,5
SF,IH2004,2020-03-12 09:31:45.500,2852.4000,5860,0,162446520.000,0,-,-,-,-,2850.4000,2850.2000,2849.4000,2849.2000,2849.0000,2852.2000,2853.0000,2853.4000,2853.8000,2854.0000,1,2,1,1,2,1,1,2,4,1
SF,IH2004,2020-03-12 09:31:46.000,2852.4000,5860,0,162446520.000,0,-,-,-,-,2850.4000,2850.2000,2849.4000,2849.2000,2849.0000,2852.0000,2853.4000,2853.8000,2854.0000,2855.6000,1,2,1,1,2,1,1,3,1,1
SF,IH2004,2020-03-12 09:31:46.500,2852.4000,5860,0,162446520.000,0,-,-,-,-,2850.4000,2850.2000,2849.4000,2849.2000,2849.0000,2852.0000,2853.4000,2853.8000,2854.0000,2855.6000,1,2,1,1,2,1,1,3,1,1
SF,IH2004,2020-03-12 09:31:47.000,2852.4000,5860,0,162446520.000,0,-,-,-,-,2850.4000,2850.2000,2849.4000,2849.2000,2849.0000,2852.0000,2853.4000,2853.8000,2854.0000,2855.6000,1,2,1,1,1,1,1,3,1,1
SF,IH2004,2020-03-12 09:31:49.000,2852.4000,5860,0,162446520.000,0,-,-,-,-,2851.2000,2850.4000,2850.2000,2849.4000,2849.2000,2852.0000,2853.4000,2853.8000,2854.0000,2855.6000,1,1,2,1,1,1,1,3,1,1
SF,IH2004,2020-03-12 09:31:49.500,2851.2000,5861,1,163301880.000,1,1,0,双开,S,2850.4000,2850.2000,2849.4000,2849.2000,2849.0000,2852.0000,2853.4000,2853.8000,2854.0000,2855.6000,1,2,1,1,1,1,1,1,1,1
SF,IH2004,2020-03-12 09:31:50.000,2851.2000,5861,0,163301880.000,0,-,-,-,-,2850.4000,2850.2000,2849.4000,2849.2000,2849.0000,2852.0000,2853.4000,2853.8000,2854.0000,2855.6000,1,2,1,1,2,1,1,1,1,1
SF,IH2004,2020-03-12 09:31:51.500,2852.0000,5860,-1,164157480.000,1,0,1,双平,S,2850.4000,2850.2000,2849.4000,2849.2000,2849.0000,2853.4000,2853.8000,2854.0000,2855.6000,2856.0000,1,2,1,1,2,1,1,1,1,5
SF,IH2004,2020-03-12 09:31:52.000,2852.0000,5860,0,164157480.000,0,-,-,-,-,2850.6000,2850.4000,2850.2000,2849.4000,2849.2000,2853.2000,2853.4000,2854.0000,2855.6000,2856.0000,1,1,2,1,1,2,1,1,1,5
SF,IH2004,2020-03-12 09:31:52.500,2852.0000,5860,0,164157480.000,0,-,-,-,-,2851.2000,2850.8000,2850.6000,2850.2000,2849.4000,2853.4000,2854.0000,2855.6000,2856.0000,2856.4000,1,1,1,2,1,1,1,1,5,1
SF,IH2004,2020-03-12 09:31:53.000,2852.0000,5860,0,164157480.000,0,-,-,-,-,2851.4000,2851.2000,2850.2000,2849.4000,2849.2000,2854.0000,2855.6000,2856.0000,2856.4000,2861.2000,2,2,2,1,1,1,1,5,1,4
SF,IH2004,2020-03-12 09:31:53.500,2852.0000,5860,0,164157480.000,0,-,-,-,-,2851.8000,2851.4000,2851.2000,2850.2000,2849.4000,2854.0000,2855.6000,2856.0000,2856.4000,2861.2000,1,2,4,2,1,1,1,5,1,4
SF,IH2004,2020-03-12 09:31:54.000,2852.0000,5860,0,164157480.000,0,-,-,-,-,2852.0000,2851.8000,2851.2000,2850.2000,2849.4000,2853.8000,2854.0000,2855.6000,2856.0000,2856.4000,2,1,4,2,1,1,1,1,5,1
SF,IH2004,2020-03-12 09:31:54.500,2852.0000,5860,0,164157480.000,0,-,-,-,-,2852.0000,2851.8000,2851.2000,2850.2000,2849.4000,2854.0000,2855.6000,2856.0000,2856.4000,2861.2000,2,1,4,2,1,1,1,5,1,4
SF,IH2004,2020-03-12 09:31:55.000,2852.0000,5860,0,164157480.000,0,-,-,-,-,2852.0000,2851.2000,2850.2000,2849.4000,2849.2000,2854.0000,2855.6000,2856.0000,2856.4000,2861.2000,2,4,2,1,1,1,1,6,1,4
SF,IH2004,2020-03-12 09:31:56.000,2852.0000,5860,0,164157480.000,0,-,-,-,-,2852.0000,2850.2000,2849.4000,2849.2000,2849.0000,2853.8000,2854.0000,2855.6000,2856.0000,2856.4000,2,2,1,1,1,1,1,1,6,1
SF,IH2004,2020-03-12 09:31:56.500,2852.0000,5860,0,164157480.000,0,-,-,-,-,2852.0000,2850.2000,2849.4000,2849.2000,2849.0000,2853.6000,2853.8000,2854.0000,2855.6000,2856.0000,1,2,1,1,1,1,1,1,1,6
SF,IH2004,2020-03-12 09:31:57.000,2852.0000,5860,0,164157480.000,0,-,-,-,-,2852.0000,2850.2000,2849.4000,2849.2000,2849.0000,2853.4000,2853.6000,2854.0000,2855.6000,2856.0000,1,2,1,1,1,1,1,1,1,5
SF,IH2004,2020-03-12 09:31:57.500,2852.0000,5860,0,165013080.000,1,0,1,多换,S,2850.2000,2849.4000,2849.2000,2849.0000,2848.0000,2853.2000,2853.4000,2854.0000,2855.6000,2856.0000,2,1,1,1,1,1,1,1,1,5
SF,IH2004,2020-03-12 09:31:58.000,2852.0000,5860,0,165013080.000,0,-,-,-,-,2850.4000,2850.2000,2850.0000,2849.4000,2849.2000,2853.0000,2853.2000,2853.4000,2854.0000,2855.6000,1,2,1,1,1,2,1,1,1,1
SF,IH2004,2020-03-12 09:31:58.500,2853.0000,5858,-2,166724820.000,2,0,2,双平,S,2850.2000,2849.4000,2849.2000,2849.0000,2848.2000,2853.0000,2854.0000,2855.6000,2856.0000,2856.4000,2,1,1,1,1,2,1,1,5,1
SF,IH2004,2020-03-12 09:31:59.000,2853.0000,5858,0,166724820.000,0,-,-,-,-,2850.6000,2850.4000,2850.2000,2850.0000,2849.4000,2853.0000,2854.0000,2855.6000,2856.0000,2856.4000,1,1,2,1,1,2,1,1,5,1
SF,IH2004,2020-03-12 09:31:59.500,2853.0000,5858,0,166724820.000,0,-,-,-,-,2850.8000,2850.6000,2850.2000,2849.4000,2849.2000,2852.8000,2853.0000,2854.0000,2855.6000,2856.0000,1,1,2,1,1,1,3,1,1,5
SF,IH2004,2020-03-12 09:32:00.000,2853.0000,5858,0,166724820.000,0,-,-,-,-,2850.8000,2850.6000,2850.2000,2849.4000,2849.2000,2852.6000,2852.8000,2854.0000,2855.6000,2856.0000,1,1,2,1,1,2,1,1,1,5
SF,IH2004,2020-03-12 09:32:00.500,2850.8000,5857,-1,167580060.000,1,0,1,双平,S,2850.2000,2849.4000,2849.2000,2849.0000,2848.0000,2850.8000,2851.4000,2852.4000,2852.6000,2853.0000,2,1,1,1,1,1,1,2,5,1
SF,IH2004,2020-03-12 09:32:01.000,2850.4000,5854,-3,170145540.000,3,0,3,双平,S,2850.2000,2849.4000,2849.2000,2849.0000,2848.0000,2852.4000,2852.6000,2853.0000,2855.6000,2856.0000,2,1,1,1,1,1,5,1,1,5
SF,IH2004,2020-03-12 09:32:01.500,2850.4000,5854,0,170145540.000,0,-,-,-,-,2850.2000,2849.4000,2849.2000,2849.0000,2848.0000,2852.0000,2852.2000,2852.4000,2852.6000,2853.0000,2,1,1,1,1,1,2,1,3,1
SF,IH2004,2020-03-12 09:32:02.000,2850.4000,5854,0,170145540.000,0,-,-,-,-,2850.2000,2849.4000,2849.2000,2849.0000,2848.0000,2851.2000,2851.8000,2852.2000,2852.6000,2853.0000,2,1,1,1,1,1,4,1,3,1
SF,IH2004,2020-03-12 09:32:02.500,2850.4000,5854,0,170145540.000,0,-,-,-,-,2850.2000,2849.4000,2849.2000,2849.0000,2848.0000,2851.0000,2851.8000,2852.2000,2852.6000,2853.0000,2,1,1,1,1,1,3,1,3,1
SF,IH2004,2020-03-12 09:32:03.000,2850.4000,5854,0,170145540.000,0,-,-,-,-,2850.2000,2849.4000,2849.2000,2849.0000,2848.0000,2851.0000,2851.8000,2852.6000,2853.0000,2855.6000,1,1,1,1,1,1,3,3,1,1
SF,IH2004,2020-03-12 09:32:03.500,2850.2000,5854,0,171000600.000,1,0,1,多换,S,2849.4000,2849.2000,2849.0000,2848.0000,2847.0000,2851.0000,2851.8000,2852.6000,2853.0000,2855.6000,1,1,1,1,1,1,3,3,1,1
SF,IH2004,2020-03-12 09:32:04.000,2850.2000,5854,0,171000600.000,0,-,-,-,-,2850.0000,2849.4000,2849.2000,2849.0000,2848.0000,2850.8000,2851.0000,2851.8000,2852.6000,2853.0000,1,1,1,1,1,1,1,2,3,1
SF,IH2004,2020-03-12 09:32:04.500,2850.6000,5854,0,172710780.000,2,1,1,多换,S,2849.4000,2849.2000,2849.0000,2848.0000,2847.0000,2850.8000,2851.0000,2851.8000,2852.6000,2853.0000,1,1,1,1,1,1,1,2,3,1
SF,IH2004,2020-03-12 09:32:05.000,2850.6000,5854,0,172710780.000,0,-,-,-,-,2849.4000,2849.2000,2849.0000,2848.0000,2847.0000,2850.6000,2850.8000,2851.8000,2852.6000,2853.0000,1,1,1,1,1,1,1,2,3,1
SF,IH2004,2020-03-12 09:32:05.500,2850.6000,5854,0,172710780.000,0,-,-,-,-,2849.4000,2849.2000,2849.0000,2848.0000,2847.0000,2850.4000,2850.6000,2851.8000,2852.6000,2853.0000,1,1,1,1,1,1,2,1,3,1
SF,IH2004,2020-03-12 09:32:06.000,2850.6000,5854,0,172710780.000,0,-,-,-,-,2849.4000,2849.2000,2849.0000,2848.0000,2847.0000,2850.2000,2850.4000,2850.6000,2851.8000,2852.6000,1,1,1,1,1,1,1,1,1,3
SF,IH2004,2020-03-12 09:32:06.500,2850.6000,5854,0,172710780.000,0,-,-,-,-,2849.4000,2849.2000,2849.0000,2848.0000,2847.0000,2850.2000,2850.4000,2850.6000,2851.8000,2852.6000,1,1,1,1,1,1,1,1,1,3
SF,IH2004,2020-03-12 09:32:07.000,2850.6000,5854,0,172710780.000,0,-,-,-,-,2849.4000,2849.2000,2849.0000,2848.0000,2847.0000,2850.2000,2850.4000,2850.6000,2851.8000,2852.6000,1,1,1,1,1,1,1,1,1,3
SF,IH2004,2020-03-12 09:32:07.500,2849.2000,5853,-1,174420360.000,2,0,2,多平,S,2849.0000,2848.0000,2847.0000,2846.6000,2845.4000,2849.2000,2850.2000,2850.4000,2850.6000,2851.8000,1,1,1,1,3,1,1,1,1,1
SF,IH2004,2020-03-12 09:32:08.000,2849.0000,5852,-1,175275060.000,1,0,1,双平,S,2848.0000,2847.0000,2846.6000,2845.4000,2845.2000,2850.0000,2850.2000,2850.4000,2851.8000,2852.6000,1,1,1,3,1,1,3,1,1,3
SF,IH2004,2020-03-12 09:32:08.500,2849.0000,5852,0,175275060.000,0,-,-,-,-,2848.0000,2847.0000,2846.6000,2845.4000,2845.2000,2848.8000,2849.0000,2849.8000,2850.0000,2850.2000,1,1,1,3,1,1,2,2,1,3
SF,IH2004,2020-03-12 09:32:09.000,2849.0000,5852,0,175275060.000,0,-,-,-,-,2848.0000,2847.0000,2846.6000,2845.4000,2845.2000,2848.8000,2849.0000,2849.8000,2850.0000,2850.2000,1,1,1,3,1,1,2,2,1,3
SF,IH2004,2020-03-12 09:32:09.500,2848.0000,5851,-1,176129460.000,1,0,1,双平,S,2847.0000,2846.6000,2845.4000,2845.2000,2845.0000,2848.8000,2849.0000,2849.8000,2850.0000,2850.2000,1,1,3,1,1,1,2,2,1,3
SF,IH2004,2020-03-12 09:32:10.000,2848.0000,5851,0,176129460.000,0,-,-,-,-,2847.2000,2847.0000,2846.6000,2845.4000,2845.2000,2848.0000,2848.6000,2848.8000,2849.0000,2849.8000,2,2,1,3,1,1,1,1,2,1
SF,IH2004,2020-03-12 09:32:10.500,2848.0000,5850,-1,176983860.000,1,0,1,双平,S,2848.0000,2847.2000,2847.0000,2846.6000,2845.2000,2848.6000,2848.8000,2849.0000,2849.8000,2850.0000,1,2,1,1,1,1,1,2,1,1
SF,IH2004,2020-03-12 09:32:11.000,2848.0000,5847,-3,180401460.000,4,0,4,多平,S,2847.0000,2846.6000,2845.2000,2845.0000,2843.0000,2848.8000,2849.8000,2850.0000,2850.2000,2852.6000,1,1,1,1,1,1,1,1,2,3
SF,IH2004,2020-03-12 09:32:11.500,2848.0000,5847,0,180401460.000,0,-,-,-,-,2847.2000,2847.0000,2846.6000,2845.2000,2845.0000,2849.8000,2850.0000,2850.2000,2852.6000,2853.8000,1,1,1,1,1,1,1,2,3,5
SF,IH2004,2020-03-12 09:32:12.000,2848.0000,5847,0,180401460.000,0,-,-,-,-,2847.0000,2846.6000,2845.2000,2845.0000,2843.0000,2848.6000,2849.6000,2849.8000,2850.0000,2850.2000,1,1,1,1,1,1,2,1,1,2
SF,IH2004,2020-03-12 09:32:12.500,2848.0000,5847,0,180401460.000,0,-,-,-,-,2847.0000,2846.6000,2845.2000,2845.0000,2843.0000,2848.4000,2848.6000,2849.6000,2850.0000,2850.2000,1,1,1,1,1,1,1,3,1,2
SF,IH2004,2020-03-12 09:32:13.000,2848.0000,5847,0,180401460.000,0,-,-,-,-,2847.0000,2846.6000,2845.2000,2845.0000,2843.0000,2848.4000,2848.6000,2849.6000,2850.0000,2850.2000,1,1,1,1,1,1,1,3,1,2
SF,IH2004,2020-03-12 09:32:13.500,2847.0000,5846,-1,181255560.000,1,0,1,双平,S,2846.6000,2845.2000,2845.0000,2843.0000,2841.6000,2847.6000,2848.2000,2849.6000,2850.0000,2850.2000,1,1,1,1,3,1,2,1,1,2
SF,IH2004,2020-03-12 09:32:14.000,2847.4000,5846,0,182109780.000,1,0,1,多换,S,2846.6000,2845.2000,2845.0000,2843.0000,2841.6000,2847.4000,2848.2000,2849.6000,2850.0000,2850.2000,1,1,1,1,3,1,1,1,1,2
SF,IH2004,2020-03-12 09:32:14.500,2847.4000,5846,0,182109780.000,0,-,-,-,-,2846.6000,2845.2000,2845.0000,2843.0000,2841.6000,2847.4000,2850.0000,2850.2000,2852.6000,2853.8000,1,1,1,1,3,2,1,2,3,5
SF,IH2004,2020-03-12 09:32:15.000,2847.4000,5845,-1,183818220.000,2,0,2,多平,S,2846.6000,2845.2000,2845.0000,2843.0000,2841.6000,2847.0000,2850.0000,2850.2000,2852.6000,2853.8000,1,1,1,1,3,1,1,2,3,5
SF,IH2004,2020-03-12 09:32:15.500,2847.4000,5844,-1,184672440.000,1,0,1,双平,S,2846.6000,2845.2000,2845.0000,2843.0000,2841.6000,2850.0000,2850.2000,2852.6000,2853.8000,2855.6000,1,1,1,1,3,1,2,3,5,1
SF,IH2004,2020-03-12 09:32:16.000,2847.4000,5844,0,184672440.000,0,-,-,-,-,2846.8000,2846.6000,2845.2000,2845.0000,2843.0000,2848.2000,2849.6000,2849.8000,2850.0000,2850.2000,1,1,1,1,1,1,2,8,1,2
SF,IH2004,2020-03-12 09:32:16.500,2847.4000,5844,0,184672440.000,0,-,-,-,-,2846.8000,2846.6000,2845.2000,2845.0000,2843.0000,2849.6000,2849.8000,2850.0000,2850.2000,2852.6000,1,1,1,1,1,2,8,1,2,3
SF,IH2004,2020-03-12 09:32:17.000,2847.4000,5844,0,184672440.000,0,-,-,-,-,2846.8000,2846.6000,2845.2000,2845.0000,2843.0000,2849.4000,2849.6000,2849.8000,2850.0000,2852.6000,1,1,1,1,1,2,2,4,1,3
SF,IH2004,2020-03-12 09:32:17.500,2846.8000,5843,-1,185526480.000,1,0,1,双平,S,2846.6000,2845.2000,2845.0000,2843.0000,2841.6000,2849.4000,2849.6000,2849.8000,2850.0000,2852.6000,1,1,1,1,3,3,2,4,1,3
SF,IH2004,2020-03-12 09:32:18.000,2846.8000,5843,0,185526480.000,0,-,-,-,-,2847.6000,2846.8000,2846.6000,2845.2000,2845.0000,2849.4000,2849.6000,2849.8000,2850.0000,2852.6000,1,2,1,1,1,2,1,4,1,3
SF,IH2004,2020-03-12 09:32:18.500,2846.8000,5843,0,185526480.000,0,-,-,-,-,2847.6000,2846.8000,2846.6000,2845.2000,2845.0000,2848.6000,2849.4000,2849.6000,2849.8000,2850.0000,1,1,1,1,1,1,2,1,4,1
SF,IH2004,2020-03-12 09:32:19.000,2849.4000,5842,-1,186381300.000,1,0,1,双平,S,2847.6000,2846.8000,2846.6000,2845.2000,2845.0000,2849.4000,2849.6000,2849.8000,2850.0000,2852.6000,1,1,1,1,1,1,1,4,1,3
SF,IH2004,2020-03-12 09:32:19.500,2847.6000,5843,1,187235580.000,1,1,0,双开,S,2846.8000,2846.6000,2845.2000,2845.0000,2843.0000,2849.2000,2849.4000,2849.6000,2849.8000,2850.0000,1,1,1,1,1,2,1,1,4,1
SF,IH2004,2020-03-12 09:32:20.000,2847.6000,5843,0,187235580.000,0,-,-,-,-,2847.0000,2846.8000,2846.6000,2845.2000,2845.0000,2849.0000,2849.6000,2849.8000,2850.0000,2852.6000,1,1,1,1,1,1,1,4,1,3
SF,IH2004,2020-03-12 09:32:20.500,2847.6000,5843,0,187235580.000,0,-,-,-,-,2847.0000,2846.8000,2846.6000,2845.2000,2845.0000,2849.0000,2849.6000,2849.8000,2850.0000,2852.6000,1,1,1,1,1,1,1,4,1,3
SF,IH2004,2020-03-12 09:32:21.000,2847.0000,5843,0,188089680.000,1,0,1,多换,S,2846.8000,2846.6000,2845.2000,2845.0000,2841.6000,2849.0000,2849.6000,2849.8000,2850.0000,2852.6000,1,1,1,1,3,1,1,3,1,3
SF,IH2004,2020-03-12 09:32:21.500,2847.0000,5843,0,188089680.000,0,-,-,-,-,2846.8000,2846.6000,2845.2000,2845.0000,2841.6000,2848.8000,2849.0000,2849.6000,2849.8000,2850.0000,1,1,1,1,3,1,1,1,3,1
SF,IH2004,2020-03-12 09:32:22.000,2847.0000,5843,0,188089680.000,0,-,-,-,-,2846.6000,2845.2000,2845.0000,2841.6000,2840.0000,2848.6000,2848.8000,2849.0000,2849.6000,2849.8000,1,1,1,3,1,2,3,1,1,3
SF,IH2004,2020-03-12 09:32:22.500,2847.0000,5843,0,188089680.000,0,-,-,-,-,2846.6000,2845.2000,2845.0000,2841.6000,2840.0000,2847.6000,2848.0000,2848.4000,2848.6000,2848.8000,1,1,1,3,1,1,1,2,2,2
SF,IH2004,2020-03-12 09:32:23.000,2846.6000,5842,-1,188943660.000,1,0,1,双平,S,2845.2000,2845.0000,2841.6000,2840.0000,2834.8000,2848.4000,2848.6000,2848.8000,2849.6000,2849.8000,1,1,3,1,5,1,1,1,1,3
SF,IH2004,2020-03-12 09:32:23.500,2846.6000,5842,0,188943660.000,0,-,-,-,-,2845.4000,2845.2000,2845.0000,2841.6000,2840.0000,2848.2000,2848.4000,2848.8000,2849.6000,2849.8000,2,1,1,3,1,1,1,1,1,3
SF,IH2004,2020-03-12 09:32:24.000,2846.6000,5842,0,188943660.000,0,-,-,-,-,2845.4000,2845.2000,2845.0000,2841.6000,2840.0000,2848.0000,2848.2000,2848.8000,2849.6000,2849.8000,2,1,1,3,1,1,1,1,1,3
SF,IH2004,2020-03-12 09:32:24.500,2846.6000,5842,0,188943660.000,0,-,-,-,-,2845.2000,2845.0000,2841.6000,2840.0000,2834.8000,2847.8000,2848.0000,2848.8000,2849.6000,2849.8000,1,1,3,1,5,1,4,1,1,3
SF,IH2004,2020-03-12 09:32:25.000,2846.6000,5842,0,188943660.000,0,-,-,-,-,2845.2000,2845.0000,2841.6000,2840.0000,2834.8000,2847.6000,2847.8000,2848.0000,2848.8000,2849.6000,1,1,3,1,5,3,1,3,1,1
SF,IH2004,2020-03-12 09:32:25.500,2846.6000,5842,0,188943660.000,0,-,-,-,-,2845.2000,2845.0000,2841.6000,2840.0000,2834.8000,2846.2000,2847.4000,2847.6000,2848.0000,2848.8000,1,1,3,1,5,1,1,3,3,1
SF,IH2004,2020-03-12 09:32:26.000,2846.6000,5842,0,188943660.000,0,-,-,-,-,2845.2000,2845.0000,2841.6000,2840.0000,2834.8000,2847.4000,2847.6000,2848.0000,2848.8000,2849.6000,1,1,3,1,5,1,4,3,1,1
SF,IH2004,2020-03-12 09:32:26.500,2846.6000,5842,0,188943660.000,0,-,-,-,-,2845.2000,2845.0000,2840.0000,2838.2000,2834.8000,2847.0000,2847.2000,2847.4000,2847.6000,2848.0000,1,1,1,3,5,1,3,1,2,3
SF,IH2004,2020-03-12 09:32:27.000,2846.6000,5842,0,188943660.000,0,-,-,-,-,2845.2000,2845.0000,2840.0000,2838.2000,2834.8000,2846.0000,2846.8000,2847.0000,2847.2000,2847.6000,1,1,1,3,5,1,3,1,1,2
SF,IH2004,2020-03-12 09:32:27.500,2846.6000,5842,0,188943660.000,0,-,-,-,-,2845.2000,2845.0000,2840.0000,2838.2000,2834.8000,2846.8000,2847.0000,2847.2000,2847.6000,2848.0000,1,1,1,3,5,4,1,1,2,3
SF,IH2004,2020-03-12 09:32:28.000,2846.6000,5842,0,188943660.000,0,-,-,-,-,2845.2000,2845.0000,2840.0000,2838.2000,2834.8000,2846.8000,2847.0000,2847.2000,2847.6000,2848.0000,1,1,1,3,5,3,1,1,2,3
SF,IH2004,2020-03-12 09:32:28.500,2845.2000,5842,0,189797220.000,1,0,1,多换,S,2845.0000,2840.0000,2838.2000,2834.8000,2834.2000,2845.6000,2846.4000,2846.6000,2846.8000,2847.0000,1,1,3,5,1,1,3,3,4,1
SF,IH2004,2020-03-12 09:32:29.000,2845.4000,5840,-2,191504460.000,2,0,2,双平,S,2845.2000,2845.0000,2840.0000,2838.2000,2834.8000,2846.8000,2847.0000,2847.2000,2847.6000,2848.0000,1,1,1,3,5,3,1,1,2,3
SF,IH2004,2020-03-12 09:32:29.500,2845.4000,5840,0,191504460.000,0,-,-,-,-,2845.2000,2845.0000,2840.0000,2838.2000,2834.8000,2846.4000,2846.6000,2846.8000,2847.0000,2847.2000,1,1,1,3,5,1,1,4,1,1
SF,IH2004,2020-03-12 09:32:30.000,2845.4000,5840,0,191504460.000,0,-,-,-,-,2845.2000,2845.0000,2840.0000,2838.2000,2834.8000,2846.2000,2846.8000,2847.0000,2847.2000,2847.6000,1,1,1,3,5,1,2,1,1,2
SF,IH2004,2020-03-12 09:32:30.500,2845.4000,5840,0,191504460.000,0,-,-,-,-,2845.4000,2845.2000,2845.0000,2840.0000,2838.2000,2846.8000,2847.0000,2847.2000,2847.6000,2848.0000,2,1,1,1,3,2,1,1,2,3
SF,IH2004,2020-03-12 09:32:31.000,2845.4000,5840,0,191504460.000,0,-,-,-,-,2845.4000,2845.2000,2845.0000,2840.0000,2838.2000,2846.6000,2846.8000,2847.0000,2847.2000,2847.6000,2,1,1,1,3,2,2,1,1,2
SF,IH2004,2020-03-12 09:32:31.500,2846.8000,5838,-2,194066460.000,3,0,3,多平,S,2845.2000,2845.0000,2840.0000,2838.2000,2834.8000,2847.6000,2848.0000,2849.6000,2849.8000,2852.6000,1,1,1,3,5,2,3,1,3,3
SF,IH2004,2020-03-12 09:32:32.000,2846.8000,5838,0,194066460.000,0,-,-,-,-,2846.6000,2845.6000,2845.4000,2845.2000,2845.0000,2847.4000,2848.0000,2849.6000,2849.8000,2852.6000,1,1,2,1,1,1,3,1,3,3
SF,IH2004,2020-03-12 09:32:32.500,2846.8000,5838,0,194066460.000,0,-,-,-,-,2846.6000,2845.4000,2845.2000,2845.0000,2844.6000,2849.6000,2849.8000,2852.6000,2853.8000,2855.6000,1,2,1,1,1,1,3,3,5,1
SF,IH2004,2020-03-12 09:32:33.000,2846.6000,5838,0,195774420.000,2,1,1,多换,S,2845.2000,2845.0000,2844.6000,2840.0000,2838.2000,2846.0000,2846.6000,2846.8000,2847.0000,2847.4000,1,1,1,1,3,1,3,1,2,1
SF,IH2004,2020-03-12 09:32:33.500,2846.6000,5838,0,195774420.000,0,-,-,-,-,2845.2000,2845.0000,2844.6000,2840.0000,2838.2000,2846.6000,2848.0000,2849.0000,2849.4000,2849.6000,1,1,1,1,3,1,1,1,2,1
SF,IH2004,2020-03-12 09:32:34.000,2846.6000,5838,0,196628400.000,1,0,1,多换,S,2845.6000,2845.4000,2845.2000,2845.0000,2844.6000,2849.0000,2849.4000,2849.6000,2849.8000,2852.6000,1,3,1,1,1,1,2,1,3,3
SF,IH2004,2020-03-12 09:32:34.500,2846.6000,5838,0,196628400.000,0,-,-,-,-,2846.8000,2846.4000,2845.8000,2845.6000,2845.2000,2848.8000,2849.0000,2849.6000,2849.8000,2852.6000,1,1,1,1,1,4,1,1,3,3
SF,IH2004,2020-03-12 09:32:35.000,2846.6000,5838,0,196628400.000,0,-,-,-,-,2846.8000,2846.4000,2845.8000,2845.6000,2845.2000,2847.6000,2848.8000,2849.0000,2849.6000,2849.8000,1,1,1,1,1,1,4,1,1,3
SF,IH2004,2020-03-12 09:32:35.500,2846.6000,5838,0,196628400.000,0,-,-,-,-,2846.8000,2845.8000,2845.6000,2845.2000,2845.0000,2848.8000,2849.0000,2849.6000,2849.8000,2852.6000,1,1,1,1,1,4,1,1,3,3
SF,IH2004,2020-03-12 09:32:36.000,2846.6000,5838,0,196628400.000,0,-,-,-,-,2847.6000,2846.8000,2845.8000,2845.6000,2845.2000,2848.8000,2849.0000,2849.6000,2849.8000,2852.6000,1,2,1,1,1,4,1,1,3,3
SF,IH2004,2020-03-12 09:32:36.500,2846.6000,5838,0,196628400.000,0,-,-,-,-,2847.6000,2846.8000,2845.8000,2845.6000,2845.2000,2848.8000,2849.6000,2849.8000,2852.6000,2853.8000,1,3,1,1,1,1,1,3,3,5
SF,IH2004,2020-03-12 09:32:37.000,2846.6000,5838,0,196628400.000,0,-,-,-,-,2847.8000,2847.6000,2846.8000,2846.0000,2845.6000,2852.6000,2853.8000,2855.6000,2856.0000,2856.4000,2,1,3,1,1,3,5,1,2,1
SF,IH2004,2020-03-12 09:32:37.500,2846.6000,5838,0,196628400.000,0,-,-,-,-,2847.8000,2847.6000,2846.8000,2846.0000,2845.6000,2849.2000,2851.2000,2851.8000,2852.4000,2852.6000,2,1,2,1,1,1,5,1,6,3
SF,IH2004,2020-03-12 09:32:38.000,2846.6000,5838,0,196628400.000,0,-,-,-,-,2847.8000,2847.6000,2846.8000,2846.0000,2845.6000,2849.6000,2850.0000,2851.2000,2851.8000,2852.2000,1,1,2,1,1,1,1,5,1,1
SF,IH2004,2020-03-12 09:32:38.500,2846.6000,5838,0,196628400.000,0,-,-,-,-,2847.8000,2847.6000,2846.8000,2846.0000,2845.6000,2849.4000,2850.0000,2851.2000,2851.8000,2852.0000,1,1,2,1,1,1,1,5,1,1
SF,IH2004,2020-03-12 09:32:39.000,2846.6000,5838,0,196628400.000,0,-,-,-,-,2847.6000,2846.8000,2846.0000,2845.6000,2845.2000,2848.4000,2849.2000,2849.4000,2849.6000,2850.0000,1,2,1,1,1,1,1,4,1,1
SF,IH2004,2020-03-12 09:32:39.500,2847.6000,5837,-1,197482680.000,1,0,1,双平,S,2846.8000,2846.0000,2845.6000,2845.2000,2845.0000,2847.4000,2849.2000,2849.4000,2849.6000,2850.0000,2,1,1,1,1,1,2,4,1,1
SF,IH2004,2020-03-12 09:32:40.000,2847.4000,5836,-1,198336900.000,1,0,1,双平,S,2847.4000,2847.0000,2846.8000,2846.0000,2845.6000,2849.2000,2849.4000,2849.6000,2850.0000,2851.2000,1,1,2,1,1,1,4,1,1,4
SF,IH2004,2020-03-12 09:32:40.500,2847.4000,5836,0,198336900.000,0,-,-,-,-,2847.4000,2847.0000,2846.8000,2846.0000,2845.6000,2849.0000,2849.2000,2849.4000,2849.6000,2850.0000,1,1,2,1,1,2,1,3,1,1
SF,IH2004,2020-03-12 09:32:41.000,2847.4000,5836,0,198336900.000,0,-,-,-,-,2846.8000,2846.0000,2845.6000,2845.2000,2845.0000,2847.6000,2848.0000,2848.8000,2849.0000,2849.4000,2,1,1,1,1,1,1,2,5,3
SF,IH2004,2020-03-12 09:32:41.500,2847.4000,5836,0,198336900.000,0,-,-,-,-,2847.0000,2846.8000,2846.0000,2845.6000,2845.2000,2847.4000,2849.0000,2849.4000,2849.6000,2850.0000,1,2,1,1,1,1,2,3,1,1
SF,IH2004,2020-03-12 09:32:42.000,2847.4000,5836,0,198336900.000,0,-,-,-,-,2847.6000,2847.4000,2847.0000,2846.8000,2846.0000,2849.0000,2849.4000,2849.6000,2850.0000,2851.2000,1,1,1,2,1,2,3,1,1,3
SF,IH2004,2020-03-12 09:32:42.500,2847.4000,5836,0,198336900.000,0,-,-,-,-,2847.6000,2847.4000,2846.8000,2846.0000,2845.6000,2848.2000,2848.8000,2849.0000,2849.4000,2849.6000,1,1,2,1,1,1,1,2,3,1
SF,IH2004,2020-03-12 09:32:43.000,2847.4000,5836,0,198336900.000,0,-,-,-,-,2847.8000,2847.6000,2847.4000,2846.8000,2846.0000,2849.0000,2849.2000,2849.6000,2850.0000,2851.2000,1,1,1,2,1,1,1,1,1,3
SF,IH2004,2020-03-12 09:32:43.500,2847.4000,5834,-2,200045340.000,2,0,2,双平,S,2847.4000,2846.8000,2846.0000,2845.6000,2845.2000,2849.0000,2849.2000,2849.6000,2850.0000,2851.2000,1,2,1,1,1,1,1,1,1,3
SF,IH2004,2020-03-12 09:32:44.000,2847.4000,5834,0,200045340.000,0,-,-,-,-,2847.4000,2846.8000,2846.0000,2845.6000,2845.2000,2849.0000,2849.2000,2849.6000,2850.0000,2851.2000,1,2,1,1,1,1,1,1,1,3
SF,IH2004,2020-03-12 09:32:44.500,2847.4000,5834,0,200045340.000,0,-,-,-,-,2847.6000,2847.4000,2846.8000,2846.0000,2845.6000,2849.0000,2849.2000,2850.0000,2851.2000,2851.8000,2,1,2,1,1,1,1,1,3,1
SF,IH2004,2020-03-12 09:32:45.000,2847.4000,5833,-1,201753780.000,2,0,2,多平,S,2846.8000,2846.0000,2845.6000,2845.2000,2845.0000,2847.8000,2848.0000,2848.8000,2849.0000,2849.2000,2,1,1,1,1,1,1,6,2,1
SF,IH2004,2020-03-12 09:32:45.500,2848.0000,5833,0,202608180.000,1,0,1,多换,S,2847.0000,2846.8000,2846.0000,2845.6000,2845.2000,2848.8000,2849.0000,2849.2000,2850.0000,2851.2000,2,2,1,1,1,1,1,1,1,3
SF,IH2004,2020-03-12 09:32:46.000,2848.0000,5833,0,202608180.000,0,-,-,-,-,2847.2000,2847.0000,2846.8000,2846.0000,2845.6000,2848.6000,2849.0000,2849.2000,2850.0000,2851.2000,2,1,2,1,1,1,1,1,1,3
SF,IH2004,2020-03-12 09:32:46.500,2848.0000,5833,0,202608180.000,0,-,-,-,-,2847.4000,2847.2000,2847.0000,2846.8000,2846.0000,2848.6000,2849.0000,2849.2000,2850.0000,2851.2000,2,1,1,2,1,1,1,1,1,3
SF,IH2004,2020-03-12 09:32:47.000,2848.0000,5833,0,202608180.000,0,-,-,-,-,2847.4000,2847.2000,2846.8000,2846.0000,2845.6000,2849.0000,2849.2000,2850.0000,2851.2000,2851.8000,2,1,2,1,1,1,1,1,3,1
SF,IH2004,2020-03-12 09:32:47.500,2848.0000,5833,0,202608180.000,0,-,-,-,-,2847.4000,2846.8000,2846.0000,2845.6000,2845.2000,2848.8000,2849.0000,2849.2000,2850.0000,2851.2000,2,2,1,1,1,1,1,1,1,3
SF,IH2004,2020-03-12 09:32:48.000,2848.0000,5833,0,202608180.000,0,-,-,-,-,2847.4000,2846.8000,2846.0000,2845.6000,2845.2000,2848.8000,2849.0000,2849.2000,2850.0000,2851.2000,2,2,1,1,1,1,1,1,1,3
SF,IH2004,2020-03-12 09:32:48.500,2848.0000,5833,0,202608180.000,0,-,-,-,-,2846.8000,2846.0000,2845.6000,2845.2000,2845.0000,2849.0000,2849.2000,2850.0000,2851.2000,2851.8000,2,1,1,1,1,1,1,1,3,1
SF,IH2004,2020-03-12 09:32:49.000,2848.0000,5833,0,202608180.000,0,-,-,-,-,2847.6000,2847.0000,2846.8000,2846.0000,2845.2000,2848.8000,2849.0000,2849.2000,2850.0000,2851.2000,1,1,2,1,1,2,1,1,1,3
SF,IH2004,2020-03-12 09:32:49.500,2848.0000,5833,0,202608180.000,0,-,-,-,-,2848.0000,2847.8000,2847.6000,2847.0000,2846.8000,2848.8000,2849.0000,2849.2000,2850.0000,2851.2000,1,1,1,1,2,1,1,1,1,3
SF,IH2004,2020-03-12 09:32:50.000,2848.0000,5833,0,202608180.000,0,-,-,-,-,2848.2000,2848.0000,2847.8000,2847.6000,2846.8000,2849.2000,2850.0000,2851.2000,2851.8000,2852.0000,1,1,1,1,2,1,1,3,1,1
SF,IH2004,2020-03-12 09:32:50.500,2848.0000,5833,0,202608180.000,0,-,-,-,-,2848.4000,2848.2000,2848.0000,2847.8000,2846.8000,2849.2000,2850.0000,2851.2000,2851.8000,2852.0000,2,1,1,1,2,1,1,3,1,1
SF,IH2004,2020-03-12 09:32:51.000,2848.0000,5833,0,202608180.000,0,-,-,-,-,2848.4000,2848.2000,2848.0000,2847.8000,2846.8000,2849.2000,2851.2000,2851.8000,2852.0000,2852.4000,2,1,1,1,2,1,3,1,1,6
SF,IH2004,2020-03-12 09:32:51.500,2848.0000,5833,0,202608180.000,0,-,-,-,-,2848.4000,2848.2000,2847.8000,2846.8000,2845.2000,2849.2000,2851.2000,2851.8000,2852.0000,2852.4000,2,1,1,2,1,1,3,1,1,6
SF,IH2004,2020-03-12 09:32:52.000,2849.2000,5832,-1,203462940.000,1,0,1,双平,S,2849.2000,2848.4000,2848.2000,2847.8000,2846.8000,2851.2000,2851.8000,2852.0000,2852.4000,2852.6000,1,2,1,1,2,3,1,1,6,3
SF,IH2004,2020-03-12 09:32:52.500,2848.4000,5830,-2,205172220.000,2,0,2,双平,S,2847.8000,2846.8000,2845.2000,2845.0000,2841.4000,2849.4000,2851.0000,2851.2000,2851.8000,2852.0000,1,2,1,1,1,1,6,4,1,1
SF,IH2004,2020-03-12 09:32:53.000,2848.4000,5830,0,205172220.000,0,-,-,-,-,2848.0000,2847.8000,2846.8000,2845.2000,2845.0000,2849.6000,2850.0000,2850.2000,2850.6000,2851.0000,3,1,2,1,1,1,1,1,1,7
SF,IH2004,2020-03-12 09:32:53.500,2848.4000,5830,0,205172220.000,0,-,-,-,-,2848.0000,2846.8000,2845.0000,2841.4000,2840.0000,2850.0000,2850.6000,2851.0000,2851.2000,2851.8000,3,2,1,1,2,1,1,7,4,1
SF,IH2004,2020-03-12 09:32:54.000,2848.4000,5830,0,205172220.000,0,-,-,-,-,2848.0000,2846.8000,2845.0000,2841.4000,2840.0000,2849.0000,2849.6000,2849.8000,2850.0000,2850.6000,1,2,1,1,2,1,1,5,1,1
SF,IH2004,2020-03-12 09:32:54.500,2848.0000,5831,1,206026620.000,1,1,0,双开,S,2846.8000,2845.0000,2841.4000,2840.0000,2838.2000,2849.6000,2849.8000,2850.0000,2850.6000,2851.0000,2,1,1,2,3,1,5,1,1,6
SF,IH2004,2020-03-12 09:32:55.000,2848.0000,5831,0,206026620.000,0,-,-,-,-,2847.2000,2847.0000,2846.8000,2845.0000,2841.4000,2849.4000,2849.8000,2850.0000,2850.6000,2851.0000,1,2,2,1,1,3,2,1,1,6
SF,IH2004,2020-03-12 09:32:55.500,2848.0000,5831,0,206026620.000,0,-,-,-,-,2847.4000,2847.2000,2846.8000,2845.0000,2841.4000,2849.4000,2849.8000,2850.0000,2850.6000,2851.0000,2,1,2,1,1,3,2,1,1,6
SF,IH2004,2020-03-12 09:32:56.500,2848.0000,5831,0,206026620.000,0,-,-,-,-,2847.4000,2847.2000,2846.8000,2845.0000,2841.4000,2849.4000,2849.6000,2849.8000,2850.0000,2850.6000,2,1,2,1,1,3,1,2,1,1
SF,IH2004,2020-03-12 09:32:57.000,2849.4000,5832,1,208590720.000,3,2,1,空开,S,2847.4000,2846.8000,2845.0000,2841.4000,2840.0000,2849.4000,2849.6000,2849.8000,2850.0000,2850.6000,1,2,1,1,2,2,1,2,1,1
SF,IH2004,2020-03-12 09:32:57.500,2849.4000,5832,0,208590720.000,0,-,-,-,-,2847.4000,2846.8000,2845.0000,2841.4000,2840.0000,2849.2000,2849.4000,2849.6000,2849.8000,2850.0000,1,2,1,1,2,1,2,1,2,1
SF,IH2004,2020-03-12 09:32:58.000,2847.4000,5832,0,209444940.000,1,0,1,多换,S,2846.8000,2845.0000,2841.4000,2840.0000,2838.2000,2849.0000,2849.2000,2849.6000,2849.8000,2850.0000,2,1,1,2,3,4,2,1,2,1
SF,IH2004,2020-03-12 09:32:58.500,2847.4000,5832,0,209444940.000,0,-,-,-,-,2846.8000,2845.0000,2841.4000,2840.0000,2838.2000,2848.8000,2849.0000,2849.2000,2849.6000,2849.8000,2,1,1,2,3,3,4,1,1,2
SF,IH2004,2020-03-12 09:32:59.000,2847.4000,5832,0,209444940.000,0,-,-,-,-,2846.8000,2845.0000,2841.4000,2840.0000,2838.2000,2848.6000,2848.8000,2849.2000,2849.6000,2849.8000,2,1,1,2,3,2,1,1,1,2
SF,IH2004,2020-03-12 09:32:59.500,2847.4000,5832,0,209444940.000,0,-,-,-,-,2846.8000,2845.0000,2841.4000,2840.0000,2834.8000,2848.4000,2848.6000,2849.6000,2849.8000,2850.0000,2,1,1,2,5,1,2,1,2,1
SF,IH2004,2020-03-12 09:33:00.000,2847.4000,5832,0,209444940.000,0,-,-,-,-,2846.8000,2845.0000,2841.8000,2841.4000,2840.0000,2848.2000,2848.4000,2848.6000,2849.6000,2849.8000,2,1,3,1,2,2,2,1,1,2
SF,IH2004,2020-03-12 09:33:00.500,2847.4000,5832,0,209444940.000,0,-,-,-,-,2846.8000,2845.0000,2841.8000,2841.4000,2840.0000,2848.0000,2848.2000,2848.6000,2849.6000,2849.8000,2,1,3,1,2,2,2,1,1,2
SF,IH2004,2020-03-12 09:33:01.000,2846.8000,5830,-2,211153020.000,2,0,2,双平,S,2845.0000,2841.8000,2841.4000,2840.0000,2834.8000,2846.6000,2846.8000,2847.8000,2848.0000,2848.2000,1,3,1,2,5,2,1,1,2,1
SF,IH2004,2020-03-12 09:33:01.500,2846.8000,5830,0,212007060.000,1,0,1,多换,S,2846.4000,2845.2000,2845.0000,2841.8000,2841.4000,2846.6000,2846.8000,2847.8000,2848.0000,2848.2000,1,4,1,3,1,1,1,1,2,1
SF,IH2004,2020-03-12 09:33:02.000,2845.2000,5829,-1,212860620.000,1,0,1,双平,S,2845.2000,2845.0000,2841.8000,2841.4000,2840.0000,2846.6000,2846.8000,2847.8000,2848.0000,2848.2000,2,1,3,1,2,1,1,1,1,1
SF,IH2004,2020-03-12 09:33:02.500,2846.4000,5828,-1,214568100.000,2,0,2,多平,S,2845.0000,2841.8000,2841.4000,2840.0000,2834.8000,2846.6000,2846.8000,2847.8000,2848.0000,2848.2000,1,3,1,2,5,1,1,1,1,1
SF,IH2004,2020-03-12 09:33:03.000,2846.4000,5828,0,214568100.000,0,-,-,-,-,2845.0000,2841.4000,2840.0000,2839.0000,2834.8000,2846.4000,2846.6000,2846.8000,2848.0000,2848.2000,1,1,2,3,5,4,1,1,1,1
SF,IH2004,2020-03-12 09:33:03.500,2845.0000,5827,-1,215421600.000,1,0,1,双平,S,2841.4000,2840.0000,2839.0000,2834.8000,2834.2000,2846.2000,2846.4000,2846.6000,2846.8000,2848.0000,1,2,3,5,1,1,4,1,2,1
SF,IH2004,2020-03-12 09:33:04.000,2845.0000,5827,0,215421600.000,0,-,-,-,-,2842.4000,2841.6000,2841.4000,2840.0000,2839.0000,2846.0000,2846.4000,2846.6000,2846.8000,2848.0000,1,11,1,2,3,3,1,1,2,1
SF,IH2004,2020-03-12 09:33:04.500,2845.0000,5827,0,215421600.000,0,-,-,-,-,2842.6000,2842.4000,2841.6000,2841.4000,2840.0000,2845.8000,2846.0000,2846.4000,2846.6000,2846.8000,3,1,7,1,2,1,3,3,1,2
SF,IH2004,2020-03-12 09:33:05.000,2842.6000,5826,-1,216274380.000,1,0,1,双平,S,2842.6000,2841.6000,2841.4000,2840.0000,2839.0000,2842.8000,2844.8000,2845.4000,2845.6000,2845.8000,1,1,1,2,3,1,1,1,3,3
SF,IH2004,2020-03-12 09:33:05.500,2842.6000,5825,-1,217979940.000,2,0,2,多平,S,2841.6000,2841.4000,2840.0000,2839.0000,2834.2000,2844.0000,2844.8000,2845.2000,2845.4000,2845.6000,1,1,3,3,1,1,2,2,1,3
SF,IH2004,2020-03-12 09:33:06.000,2842.6000,5825,0,217979940.000,0,-,-,-,-,2841.4000,2840.0000,2834.2000,2833.6000,2831.6000,2843.8000,2844.0000,2844.8000,2845.2000,2845.4000,1,3,1,1,2,7,1,2,2,1
SF,IH2004,2020-03-12 09:33:06.500,2842.6000,5825,0,217979940.000,0,-,-,-,-,2842.8000,2841.4000,2840.0000,2834.2000,2833.6000,2843.8000,2844.0000,2844.8000,2845.2000,2845.8000,1,1,3,1,1,7,1,2,2,3
SF,IH2004,2020-03-12 09:33:07.000,2842.8000,5824,-1,218832780.000,1,0,1,双平,S,2841.4000,2840.0000,2834.2000,2833.6000,2831.6000,2843.4000,2843.6000,2843.8000,2844.0000,2844.8000,1,3,1,1,2,1,3,5,1,2
SF,IH2004,2020-03-12 09:33:07.500,2842.8000,5824,0,218832780.000,0,-,-,-,-,2841.4000,2840.0000,2834.2000,2833.6000,2831.6000,2843.2000,2843.4000,2843.6000,2843.8000,2844.0000,1,3,1,1,2,3,1,3,3,1
SF,IH2004,2020-03-12 09:33:08.000,2842.8000,5824,0,218832780.000,0,-,-,-,-,2841.4000,2840.0000,2834.2000,2833.6000,2831.6000,2843.0000,2843.2000,2843.4000,2843.6000,2843.8000,1,3,1,1,2,2,4,1,2,3
SF,IH2004,2020-03-12 09:33:08.500,2842.8000,5824,0,218832780.000,0,-,-,-,-,2841.4000,2840.0000,2834.2000,2833.6000,2831.6000,2842.8000,2843.0000,2843.2000,2843.8000,2844.0000,1,3,1,1,2,2,2,1,3,1
SF,IH2004,2020-03-12 09:33:09.000,2842.8000,5824,0,218832780.000,0,-,-,-,-,2841.4000,2840.0000,2834.2000,2833.6000,2831.6000,2842.8000,2843.0000,2843.2000,2843.8000,2844.0000,1,3,1,1,2,2,1,1,3,1
SF,IH2004,2020-03-12 09:33:09.500,2842.8000,5824,0,218832780.000,0,-,-,-,-,2841.6000,2841.4000,2840.0000,2834.2000,2833.6000,2842.0000,2842.6000,2842.8000,2843.8000,2844.0000,1,1,3,1,1,1,1,2,3,1
SF,IH2004,2020-03-12 09:33:10.000,2842.0000,5823,-1,219685380.000,1,0,1,双平,S,2841.4000,2840.0000,2834.2000,2833.6000,2831.6000,2842.0000,2842.8000,2843.8000,2844.0000,2844.8000,1,3,1,1,2,1,2,3,1,2
SF,IH2004,2020-03-12 09:33:10.500,2841.4000,5823,0,220537800.000,1,0,1,多换,S,2840.0000,2834.2000,2833.6000,2831.6000,2831.4000,2842.0000,2842.8000,2843.8000,2844.0000,2844.8000,3,1,1,2,2,1,2,3,1,2
SF,IH2004,2020-03-12 09:33:11.000,2841.4000,5823,0,220537800.000,0,-,-,-,-,2840.2000,2840.0000,2834.2000,2833.6000,2831.6000,2841.4000,2842.0000,2842.8000,2843.8000,2844.0000,4,3,1,1,2,1,1,1,3,1
SF,IH2004,2020-03-12 09:33:11.500,2840.2000,5822,-1,221389860.000,1,0,1,双平,S,2840.2000,2840.0000,2834.2000,2833.6000,2831.6000,2841.4000,2842.8000,2843.8000,2844.0000,2844.8000,3,3,1,1,2,3,1,3,1,2
SF,IH2004,2020-03-12 09:33:12.000,2840.2000,5822,0,221389860.000,0,-,-,-,-,2841.0000,2840.2000,2840.0000,2834.2000,2833.6000,2841.2000,2841.4000,2841.6000,2842.8000,2843.8000,1,1,3,1,1,1,3,1,1,3
SF,IH2004,2020-03-12 09:33:12.500,2841.0000,5821,-1,222242160.000,1,0,1,双平,S,2840.2000,2840.0000,2834.2000,2833.6000,2831.6000,2841.4000,2841.6000,2842.8000,2843.8000,2844.0000,1,3,1,1,2,3,1,1,3,1
SF,IH2004,2020-03-12 09:33:13.000,2841.0000,5821,0,222242160.000,0,-,-,-,-,2840.2000,2840.0000,2834.2000,2833.6000,2831.6000,2841.4000,2841.6000,2842.8000,2843.8000,2844.0000,1,3,1,1,2,3,1,1,3,1
SF,IH2004,2020-03-12 09:33:13.500,2841.4000,5819,-2,223947000.000,2,0,2,双平,S,2840.4000,2840.2000,2840.0000,2834.2000,2833.6000,2841.4000,2841.6000,2842.8000,2843.8000,2844.0000,2,1,3,1,1,1,1,1,3,1
SF,IH2004,2020-03-12 09:33:14.000,2841.6000,5818,-1,225651900.000,2,0,2,多平,S,2841.6000,2841.4000,2840.6000,2840.4000,2840.2000,2842.8000,2843.8000,2844.0000,2844.8000,2845.2000,1,1,3,1,1,1,3,1,2,2
SF,IH2004,2020-03-12 09:33:14.500,2840.2000,5816,-2,227356440.000,2,0,2,双平,S,2840.0000,2834.2000,2833.6000,2831.6000,2831.4000,2840.2000,2842.6000,2842.8000,2843.8000,2844.0000,3,1,1,2,2,1,1,1,3,1
SF,IH2004,2020-03-12 09:33:15.000,2840.2000,5815,-1,228208500.000,1,0,1,双平,S,2840.0000,2834.2000,2833.6000,2831.6000,2831.4000,2842.6000,2842.8000,2843.8000,2844.0000,2844.8000,3,1,1,2,2,3,1,3,1,2
SF,IH2004,2020-03-12 09:33:15.500,2840.2000,5815,0,228208500.000,0,-,-,-,-,2840.2000,2840.0000,2834.2000,2833.6000,2831.6000,2842.4000,2842.6000,2843.8000,2844.0000,2844.8000,3,3,1,1,2,2,1,3,1,2
SF,IH2004,2020-03-12 09:33:16.000,2840.2000,5815,0,228208500.000,0,-,-,-,-,2840.4000,2840.2000,2840.0000,2834.2000,2833.6000,2842.2000,2842.4000,2843.8000,2844.0000,2844.8000,1,3,3,1,1,1,2,3,1,2
SF,IH2004,2020-03-12 09:33:16.500,2840.2000,5815,0,228208500.000,0,-,-,-,-,2840.6000,2840.2000,2840.0000,2834.2000,2833.6000,2842.0000,2842.2000,2842.4000,2843.8000,2844.0000,1,2,3,1,1,1,1,1,3,1
SF,IH2004,2020-03-12 09:33:17.000,2840.2000,5815,0,228208500.000,0,-,-,-,-,2840.2000,2840.0000,2834.2000,2833.6000,2831.6000,2841.8000,2842.0000,2842.4000,2843.8000,2844.0000,1,3,1,1,2,1,1,1,3,1
SF,IH2004,2020-03-12 09:33:17.500,2840.2000,5815,0,228208500.000,0,-,-,-,-,2841.2000,2840.4000,2840.0000,2834.2000,2833.6000,2841.8000,2842.0000,2842.4000,2843.8000,2844.0000,1,1,3,1,1,2,1,1,3,1
SF,IH2004,2020-03-12 09:33:18.000,2841.2000,5814,-1,229060860.000,1,0,1,双平,S,2840.4000,2840.0000,2834.2000,2833.6000,2831.6000,2841.8000,2842.4000,2843.8000,2844.0000,2844.8000,1,3,1,1,2,1,1,3,1,2
SF,IH2004,2020-03-12 09:33:18.500,2841.2000,5814,0,229060860.000,0,-,-,-,-,2840.6000,2840.4000,2840.0000,2834.2000,2833.6000,2842.4000,2843.8000,2844.0000,2844.8000,2845.2000,1,1,3,1,1,1,3,1,2,2
SF,IH2004,2020-03-12 09:33:19.000,2841.2000,5814,0,229060860.000,0,-,-,-,-,2840.6000,2840.4000,2840.0000,2834.2000,2833.6000,2842.2000,2842.4000,2843.8000,2844.0000,2844.8000,2,1,3,1,1,1,1,3,1,2
SF,IH2004,2020-03-12 09:33:19.500,2841.2000,5814,0,229060860.000,0,-,-,-,-,2841.8000,2840.6000,2840.4000,2840.0000,2834.2000,2842.2000,2842.4000,2843.8000,2844.0000,2844.8000,2,1,1,3,1,1,1,3,1,2
SF,IH2004,2020-03-12 09:33:20.000,2841.8000,5814,0,230765940.000,2,1,1,多换,S,2840.4000,2840.0000,2838.0000,2834.2000,2833.6000,2840.6000,2842.2000,2842.4000,2843.8000,2844.0000,1,2,1,1,1,2,1,1,3,1
SF,IH2004,2020-03-12 09:33:20.500,2840.6000,5812,-2,232470300.000,2,0,2,双平,S,2840.4000,2840.0000,2838.0000,2834.2000,2833.6000,2842.4000,2843.8000,2844.0000,2844.8000,2845.2000,1,2,1,1,1,1,3,1,2,2
SF,IH2004,2020-03-12 09:33:21.000,2840.6000,5812,0,232470300.000,0,-,-,-,-,2840.4000,2840.0000,2838.0000,2834.2000,2833.6000,2842.2000,2842.4000,2843.8000,2844.0000,2844.8000,1,2,1,1,1,1,1,3,1,2
SF,IH2004,2020-03-12 09:33:21.500,2840.6000,5812,0,232470300.000,0,-,-,-,-,2840.4000,2840.0000,2838.0000,2834.2000,2833.6000,2842.0000,2842.2000,2842.4000,2843.8000,2844.0000,1,2,1,1,1,2,1,1,3,1
SF,IH2004,2020-03-12 09:33:22.000,2840.4000,5811,-1,233322420.000,1,0,1,双平,S,2840.0000,2838.0000,2834.2000,2833.6000,2831.6000,2842.0000,2842.4000,2843.8000,2844.0000,2844.8000,2,1,1,1,2,2,1,3,1,2
SF,IH2004,2020-03-12 09:33:22.500,2840.4000,5811,0,233322420.000,0,-,-,-,-,2840.0000,2838.0000,2834.2000,2833.6000,2831.6000,2841.8000,2842.0000,2843.8000,2844.0000,2844.8000,2,1,1,1,2,2,2,3,1,2
SF,IH2004,2020-03-12 09:33:23.000,2841.6000,5809,-2,235027380.000,2,0,2,双平,S,2840.0000,2838.0000,2834.2000,2833.6000,2831.6000,2841.6000,2841.8000,2842.0000,2843.8000,2844.0000,2,1,1,1,2,1,2,1,3,1
SF,IH2004,2020-03-12 09:33:23.500,2841.8000,5809,0,235879920.000,1,0,1,多换,S,2840.2000,2840.0000,2838.0000,2834.2000,2833.6000,2841.8000,2842.0000,2843.8000,2844.0000,2844.8000,2,2,1,1,1,1,1,3,1,2
SF,IH2004,2020-03-12 09:33:24.000,2841.8000,5809,0,235879920.000,0,-,-,-,-,2840.0000,2838.0000,2834.2000,2833.6000,2831.6000,2841.8000,2842.0000,2843.8000,2844.0000,2844.8000,2,1,1,1,2,1,1,3,1,2
SF,IH2004,2020-03-12 09:33:24.500,2841.8000,5809,0,235879920.000,0,-,-,-,-,2840.2000,2840.0000,2838.0000,2834.2000,2833.6000,2841.6000,2841.8000,2843.8000,2844.0000,2844.8000,1,2,1,1,1,2,1,3,1,2
SF,IH2004,2020-03-12 09:33:25.000,2840.2000,5809,0,236731980.000,1,0,1,多换,S,2840.0000,2838.0000,2834.2000,2833.6000,2831.6000,2841.4000,2841.6000,2843.8000,2844.0000,2844.8000,2,1,1,1,2,2,2,3,1,1
SF,IH2004,2020-03-12 09:33:25.500,2840.0000,5809,0,237583980.000,1,0,1,多换,S,2840.0000,2838.0000,2834.2000,2833.6000,2831.6000,2841.2000,2841.4000,2843.8000,2844.0000,2844.8000,1,1,1,1,2,2,1,3,1,1
SF,IH2004,2020-03-12 09:33:26.000,2840.0000,5808,-1,238435980.000,1,0,1,双平,S,2838.0000,2834.2000,2833.6000,2831.6000,2831.4000,2840.8000,2841.0000,2841.2000,2841.6000,2843.8000,1,1,1,2,2,1,2,4,1,3
SF,IH2004,2020-03-12 09:33:26.500,2840.0000,5808,0,238435980.000,0,-,-,-,-,2838.2000,2838.0000,2834.2000,2833.6000,2831.6000,2840.6000,2841.0000,2841.2000,2843.8000,2845.2000,2,1,1,1,2,3,1,1,3,1
SF,IH2004,2020-03-12 09:33:27.000,2840.0000,5808,0,238435980.000,0,-,-,-,-,2838.2000,2838.0000,2834.2000,2833.6000,2831.6000,2840.6000,2841.0000,2843.8000,2845.2000,2845.8000,2,1,1,1,2,3,1,3,1,3
SF,IH2004,2020-03-12 09:33:27.500,2840.0000,5808,0,238435980.000,0,-,-,-,-,2838.2000,2838.0000,2834.2000,2833.6000,2831.6000,2840.6000,2841.0000,2843.8000,2845.2000,2845.8000,1,1,1,1,2,3,1,3,1,3
SF,IH2004,2020-03-12 09:33:28.000,2840.0000,5808,0,238435980.000,0,-,-,-,-,2838.2000,2838.0000,2834.2000,2833.6000,2831.6000,2840.2000,2840.4000,2840.6000,2843.8000,2845.2000,1,1,1,1,2,1,1,3,3,1
SF,IH2004,2020-03-12 09:33:28.500,2840.0000,5808,0,238435980.000,0,-,-,-,-,2838.0000,2834.2000,2833.6000,2831.6000,2831.4000,2840.0000,2840.6000,2843.8000,2845.2000,2845.8000,1,1,1,2,2,2,1,3,1,3
SF,IH2004,2020-03-12 09:33:29.000,2838.0000,5807,-1,239287380.000,1,0,1,双平,S,2834.2000,2833.6000,2831.6000,2831.4000,2831.0000,2840.0000,2843.8000,2845.2000,2845.8000,2846.8000,1,1,2,2,6,3,3,1,3,1
SF,IH2004,2020-03-12 09:33:29.500,2838.0000,5807,0,239287380.000,0,-,-,-,-,2835.6000,2835.2000,2835.0000,2834.4000,2834.2000,2839.8000,2840.0000,2840.2000,2843.8000,2845.2000,1,1,2,5,1,4,3,1,3,1
SF,IH2004,2020-03-12 09:33:30.000,2839.6000,5806,-1,240139260.000,1,0,1,双平,S,2835.8000,2835.6000,2835.2000,2835.0000,2834.6000,2839.6000,2839.8000,2840.2000,2843.8000,2845.8000,5,1,1,5,2,3,3,1,3,3
SF,IH2004,2020-03-12 09:33:30.500,2839.6000,5806,0,240139260.000,0,-,-,-,-,2835.8000,2835.6000,2835.2000,2835.0000,2834.4000,2839.2000,2839.4000,2839.6000,2839.8000,2840.2000,4,1,1,1,3,2,3,3,3,1
SF,IH2004,2020-03-12 09:33:31.000,2839.6000,5806,0,240139260.000,0,-,-,-,-,2835.8000,2835.6000,2835.2000,2835.0000,2834.4000,2839.0000,2839.2000,2839.4000,2839.8000,2840.2000,4,1,1,1,3,4,2,2,3,1
SF,IH2004,2020-03-12 09:33:31.500,2839.6000,5806,0,240139260.000,0,-,-,-,-,2835.8000,2835.6000,2835.2000,2835.0000,2834.4000,2838.8000,2839.0000,2839.2000,2839.4000,2839.8000,4,1,1,1,3,1,4,2,2,3
SF,IH2004,2020-03-12 09:33:32.000,2839.6000,5806,0,240139260.000,0,-,-,-,-,2835.8000,2835.6000,2835.2000,2835.0000,2834.4000,2838.6000,2839.4000,2839.8000,2840.2000,2842.4000,4,1,1,1,3,3,2,3,1,5
SF,IH2004,2020-03-12 09:33:32.500,2839.0000,5808,2,242694360.000,3,2,1,空开,S,2839.0000,2836.2000,2836.0000,2835.8000,2835.6000,2839.4000,2839.8000,2840.2000,2842.4000,2843.8000,1,1,2,3,1,2,3,1,5,3
SF,IH2004,2020-03-12 09:33:33.000,2839.0000,5808,0,243546060.000,1,0,1,多换,S,2836.0000,2835.8000,2835.6000,2835.2000,2835.0000,2839.2000,2839.8000,2840.2000,2842.4000,2843.8000,2,3,1,1,1,1,3,1,5,3
SF,IH2004,2020-03-12 09:33:33.500,2839.0000,5808,0,243546060.000,0,-,-,-,-,2836.2000,2836.0000,2835.8000,2835.2000,2835.0000,2839.8000,2840.2000,2842.4000,2843.8000,2845.8000,4,2,1,1,1,3,1,5,3,2
SF,IH2004,2020-03-12 09:33:34.000,2839.0000,5808,0,243546060.000,0,-,-,-,-,2836.6000,2836.4000,2836.2000,2835.8000,2835.2000,2839.6000,2840.2000,2843.8000,2845.8000,2846.2000,1,2,4,2,1,2,1,3,2,5
SF,IH2004,2020-03-12 09:33:34.500,2839.6000,5808,0,244397940.000,1,0,1,多换,S,2836.8000,2836.6000,2836.2000,2835.8000,2835.2000,2839.6000,2840.2000,2843.8000,2845.8000,2846.2000,3,1,2,1,1,1,1,3,2,5
SF,IH2004,2020-03-12 09:33:35.000,2839.6000,5808,0,244397940.000,0,-,-,-,-,2837.0000,2836.8000,2836.2000,2835.8000,2835.2000,2840.2000,2843.8000,2845.8000,2846.2000,2846.8000,1,4,2,1,1,1,3,2,5,1
SF,IH2004,2020-03-12 09:33:35.500,2837.0000,5807,-1,245249040.000,1,0,1,双平,S,2837.2000,2836.2000,2835.8000,2834.4000,2834.2000,2839.8000,2840.0000,2843.8000,2845.8000,2846.2000,2,1,1,3,1,1,1,3,2,5
SF,IH2004,2020-03-12 09:33:36.000,2837.0000,5807,0,245249040.000,0,-,-,-,-,2837.2000,2835.8000,2834.4000,2834.2000,2834.0000,2839.4000,2839.8000,2840.0000,2840.2000,2843.8000,2,1,3,1,1,2,1,1,1,3
SF,IH2004,2020-03-12 09:33:36.500,2837.0000,5807,0,245249040.000,0,-,-,-,-,2837.2000,2835.8000,2834.4000,2834.2000,2834.0000,2839.0000,2839.2000,2839.6000,2840.0000,2840.2000,2,1,3,1,1,2,1,1,1,1
SF,IH2004,2020-03-12 09:33:37.000,2837.2000,5806,-1,246100200.000,1,0,1,双平,S,2837.2000,2835.8000,2834.4000,2834.2000,2834.0000,2838.8000,2839.2000,2839.6000,2840.0000,2840.2000,1,1,3,1,1,2,1,1,1,1
SF,IH2004,2020-03-12 09:33:37.500,2837.2000,5806,0,246100200.000,0,-,-,-,-,2837.2000,2835.8000,2834.4000,2834.0000,2833.6000,2838.6000,2838.8000,2839.2000,2839.6000,2840.0000,1,1,3,1,1,1,2,1,1,1
SF,IH2004,2020-03-12 09:33:38.000,2837.2000,5806,0,246100200.000,0,-,-,-,-,2837.2000,2835.8000,2834.4000,2834.0000,2833.6000,2838.4000,2838.6000,2839.2000,2839.6000,2840.0000,1,1,3,1,1,3,2,1,1,1
SF,IH2004,2020-03-12 09:33:38.500,2837.2000,5807,1,246951360.000,1,1,0,双开,S,2835.8000,2834.4000,2834.0000,2833.6000,2831.6000,2838.4000,2838.6000,2839.2000,2839.6000,2840.0000,1,3,1,1,2,2,1,1,1,1
SF,IH2004,2020-03-12 09:33:39.000,2837.2000,5807,0,246951360.000,0,-,-,-,-,2836.0000,2835.8000,2834.4000,2834.0000,2833.6000,2838.2000,2839.2000,2839.6000,2840.0000,2840.2000,4,1,3,1,1,1,1,1,1,1
SF,IH2004,2020-03-12 09:33:39.500,2838.2000,5807,0,247802820.000,1,0,1,多换,S,2837.0000,2836.2000,2836.0000,2835.8000,2834.4000,2838.0000,2841.8000,2843.8000,2845.8000,2846.2000,1,1,3,2,3,1,1,3,2,5
SF,IH2004,2020-03-12 09:33:40.000,2838.0000,5806,-1,248654220.000,1,0,1,双平,S,2838.4000,2837.2000,2836.2000,2836.0000,2835.8000,2841.8000,2843.8000,2845.8000,2846.2000,2847.4000,1,1,1,2,1,1,3,2,5,1
SF,IH2004,2020-03-12 09:33:40.500,2838.0000,5806,0,249505620.000,1,0,1,多换,S,2838.6000,2838.4000,2837.2000,2836.0000,2835.8000,2840.2000,2840.6000,2841.0000,2841.6000,2841.8000,1,1,2,1,1,1,1,1,9,1
SF,IH2004,2020-03-12 09:33:41.000,2838.0000,5806,0,249505620.000,0,-,-,-,-,2838.6000,2838.4000,2837.2000,2836.0000,2835.8000,2840.0000,2840.6000,2841.0000,2841.4000,2841.6000,1,1,2,1,1,1,2,3,1,9
SF,IH2004,2020-03-12 09:33:41.500,2838.0000,5806,0,249505620.000,0,-,-,-,-,2838.8000,2838.6000,2838.4000,2837.2000,2836.0000,2840.6000,2841.0000,2841.4000,2841.6000,2843.8000,1,1,1,2,1,1,3,1,8,3
SF,IH2004,2020-03-12 09:33:42.000,2838.0000,5806,0,249505620.000,0,-,-,-,-,2839.0000,2838.8000,2838.4000,2837.2000,2836.0000,2841.0000,2841.4000,2841.6000,2843.8000,2845.8000,1,2,1,2,1,2,1,1,3,2
SF,IH2004,2020-03-12 09:33:42.500,2838.0000,5806,0,249505620.000,0,-,-,-,-,2839.2000,2839.0000,2838.8000,2838.4000,2837.2000,2840.8000,2841.0000,2841.4000,2841.6000,2843.8000,1,1,1,1,2,1,1,1,1,3
SF,IH2004,2020-03-12 09:33:43.000,2838.0000,5806,0,249505620.000,0,-,-,-,-,2839.2000,2839.0000,2838.8000,2838.4000,2837.2000,2841.6000,2843.8000,2845.8000,2846.2000,2847.4000,2,1,1,1,2,1,3,2,5,1
SF,IH2004,2020-03-12 09:33:43.500,2838.0000,5806,0,249505620.000,0,-,-,-,-,2839.4000,2838.8000,2838.4000,2837.2000,2836.0000,2841.0000,2841.4000,2841.6000,2843.8000,2845.8000,1,1,1,2,1,1,2,5,3,2
SF,IH2004,2020-03-12 09:33:44.000,2838.0000,5806,0,249505620.000,0,-,-,-,-,2839.6000,2839.4000,2838.8000,2838.4000,2837.6000,2841.4000,2841.6000,2843.8000,2845.8000,2846.2000,1,2,1,1,1,1,4,3,2,5
SF,IH2004,2020-03-12 09:33:44.500,2838.0000,5806,0,249505620.000,0,-,-,-,-,2839.8000,2838.8000,2838.4000,2837.6000,2837.2000,2841.2000,2841.4000,2841.6000,2843.8000,2845.8000,1,1,1,1,2,2,1,4,3,2
SF,IH2004,2020-03-12 09:33:45.000,2838.8000,5807,1,250357260.000,1,1,0,双开,S,2838.8000,2838.4000,2837.6000,2837.2000,2836.0000,2841.0000,2841.2000,2841.6000,2843.8000,2845.8000,1,1,1,2,1,1,2,4,3,2
SF,IH2004,2020-03-12 09:33:45.500,2838.8000,5807,0,250357260.000,0,-,-,-,-,2839.0000,2838.8000,2838.4000,2837.6000,2837.2000,2841.6000,2843.8000,2845.8000,2846.2000,2847.4000,3,1,1,1,2,4,3,2,5,1
SF,IH2004,2020-03-12 09:33:46.500,2838.8000,5807,0,250357260.000,0,-,-,-,-,2839.2000,2839.0000,2838.8000,2838.4000,2837.6000,2843.8000,2845.8000,2846.2000,2847.4000,2848.0000,1,3,1,1,1,3,2,5,1,1
SF,IH2004,2020-03-12 09:33:47.000,2838.8000,5807,0,250357260.000,0,-,-,-,-,2839.4000,2839.2000,2839.0000,2838.8000,2838.4000,2842.4000,2842.8000,2843.2000,2843.4000,2843.6000,2,1,2,1,1,3,2,1,1,5
SF,IH2004,2020-03-12 09:33:47.500,2838.8000,5807,0,250357260.000,0,-,-,-,-,2839.4000,2839.2000,2839.0000,2838.8000,2838.4000,2841.6000,2842.0000,2842.2000,2842.4000,2842.8000,2,1,2,1,1,1,2,3,2,2
SF,IH2004,2020-03-12 09:33:48.000,2838.8000,5807,0,250357260.000,0,-,-,-,-,2839.2000,2839.0000,2838.8000,2838.4000,2837.6000,2841.0000,2841.2000,2841.4000,2841.6000,2842.2000,1,1,1,1,1,1,2,5,5,4
SF,IH2004,2020-03-12 09:33:48.500,2838.8000,5807,0,250357260.000,0,-,-,-,-,2838.4000,2837.6000,2837.2000,2836.0000,2835.8000,2840.8000,2841.0000,2841.4000,2841.6000,2842.2000,1,1,1,1,1,4,1,3,5,4
SF,IH2004,2020-03-12 09:33:49.000,2838.8000,5807,0,250357260.000,0,-,-,-,-,2838.4000,2837.6000,2837.2000,2836.0000,2835.8000,2840.2000,2840.6000,2840.8000,2841.0000,2841.4000,1,1,1,1,1,1,2,6,1,3
SF,IH2004,2020-03-12 09:33:49.500,2838.8000,5807,0,250357260.000,0,-,-,-,-,2838.4000,2837.6000,2837.2000,2836.0000,2835.8000,2840.0000,2840.6000,2840.8000,2841.0000,2841.4000,1,1,1,1,1,2,2,1,1,3
SF,IH2004,2020-03-12 09:33:50.000,2838.8000,5807,0,250357260.000,0,-,-,-,-,2838.4000,2837.6000,2837.2000,2836.0000,2835.8000,2839.8000,2840.0000,2840.6000,2840.8000,2841.0000,1,1,1,1,1,1,3,2,1,1
SF,IH2004,2020-03-12 09:33:50.500,2838.8000,5807,0,250357260.000,0,-,-,-,-,2838.4000,2837.6000,2837.2000,2836.0000,2835.8000,2839.6000,2839.8000,2840.0000,2840.6000,2840.8000,1,1,1,1,1,1,1,2,2,1
SF,IH2004,2020-03-12 09:33:51.000,2838.8000,5807,0,250357260.000,0,-,-,-,-,2838.4000,2837.6000,2837.2000,2836.0000,2835.8000,2839.4000,2839.6000,2839.8000,2840.0000,2840.6000,1,1,1,1,1,1,2,1,1,2
SF,IH2004,2020-03-12 09:33:51.500,2838.8000,5807,0,250357260.000,0,-,-,-,-,2838.4000,2837.6000,2837.2000,2836.0000,2835.8000,2839.2000,2839.4000,2839.6000,2839.8000,2840.0000,1,1,1,1,1,3,1,1,1,1
SF,IH2004,2020-03-12 09:33:52.000,2838.8000,5807,0,250357260.000,0,-,-,-,-,2838.4000,2837.6000,2837.2000,2836.0000,2835.8000,2839.2000,2839.4000,2839.6000,2839.8000,2840.0000,1,1,1,1,1,3,1,1,1,1
SF,IH2004,2020-03-12 09:33:52.500,2838.4000,5807,0,251208780.000,1,0,1,多换,S,2837.6000,2836.0000,2835.8000,2834.4000,2834.0000,2838.4000,2839.0000,2839.2000,2839.4000,2839.6000,1,1,1,3,1,1,1,5,1,1
SF,IH2004,2020-03-12 09:33:53.000,2838.4000,5807,0,251208780.000,0,-,-,-,-,2837.6000,2836.0000,2835.8000,2834.4000,2834.0000,2838.4000,2839.0000,2839.2000,2839.4000,2839.6000,1,1,1,3,1,1,1,1,1,1
SF,IH2004,2020-03-12 09:33:53.500,2838.4000,5807,0,252060300.000,1,0,1,多换,S,2837.6000,2836.0000,2835.8000,2834.4000,2834.0000,2839.0000,2839.2000,2839.4000,2839.6000,2839.8000,1,1,1,3,1,1,1,1,1,1
SF,IH2004,2020-03-12 09:33:54.000,2838.8000,5806,-1,252911940.000,1,0,1,双平,S,2837.6000,2836.0000,2835.8000,2834.4000,2834.0000,2838.8000,2839.0000,2839.2000,2839.4000,2839.6000,1,1,1,3,1,1,1,1,1,1
SF,IH2004,2020-03-12 09:33:54.500,2838.8000,5806,0,252911940.000,0,-,-,-,-,2838.6000,2837.6000,2836.0000,2835.8000,2834.4000,2838.8000,2839.0000,2839.2000,2839.4000,2839.6000,1,1,1,1,3,1,1,1,1,1
SF,IH2004,2020-03-12 09:33:55.000,2839.0000,5805,-1,254615280.000,2,0,2,多平,S,2838.6000,2837.6000,2836.0000,2835.8000,2834.4000,2839.2000,2839.4000,2839.6000,2840.0000,2840.6000,1,1,1,1,3,1,1,1,1,1
SF,IH2004,2020-03-12 09:33:55.500,2838.6000,5805,0,255466860.000,1,0,1,多换,S,2837.6000,2836.0000,2835.8000,2834.4000,2834.0000,2839.2000,2840.0000,2840.6000,2840.8000,2841.0000,1,1,1,3,1,1,1,1,1,1
SF,IH2004,2020-03-12 09:33:56.000,2838.6000,5805,0,255466860.000,0,-,-,-,-,2837.6000,2836.0000,2835.8000,2834.4000,2834.0000,2838.4000,2839.2000,2840.0000,2840.6000,2840.8000,1,1,1,3,1,1,1,1,1,1
SF,IH2004,2020-03-12 09:33:56.500,2838.6000,5805,0,256318440.000,1,0,1,多换,S,2837.6000,2836.0000,2835.8000,2834.4000,2834.0000,2839.2000,2840.0000,2840.6000,2840.8000,2841.0000,1,1,1,3,1,1,1,1,1,1
SF,IH2004,2020-03-12 09:33:57.000,2839.2000,5805,0,257170200.000,1,0,1,多换,S,2837.8000,2837.6000,2836.0000,2835.8000,2834.4000,2840.0000,2840.6000,2840.8000,2841.0000,2841.4000,1,1,1,1,3,1,1,1,1,3
SF,IH2004,2020-03-12 09:33:57.500,2839.2000,5805,0,257170200.000,0,-,-,-,-,2837.8000,2837.6000,2836.0000,2835.8000,2834.4000,2840.2000,2840.6000,2840.8000,2841.0000,2841.4000,1,1,1,1,3,1,1,1,1,3
SF,IH2004,2020-03-12 09:33:58.000,2839.2000,5805,0,257170200.000,0,-,-,-,-,2838.2000,2837.8000,2837.6000,2836.0000,2835.8000,2840.0000,2840.2000,2840.6000,2840.8000,2841.0000,1,1,1,1,1,2,1,1,1,1
SF,IH2004,2020-03-12 09:33:58.500,2839.2000,5805,0,257170200.000,0,-,-,-,-,2838.4000,2837.6000,2836.4000,2836.0000,2835.8000,2840.0000,2840.2000,2840.6000,2840.8000,2841.0000,1,1,1,1,1,2,1,1,1,1
SF,IH2004,2020-03-12 09:33:59.000,2839.2000,5805,0,257170200.000,0,-,-,-,-,2838.4000,2837.6000,2836.4000,2836.0000,2835.8000,2840.6000,2840.8000,2841.0000,2841.4000,2841.6000,1,1,1,1,1,1,1,1,3,5
SF,IH2004,2020-03-12 09:33:59.500,2839.2000,5805,0,257170200.000,0,-,-,-,-,2837.6000,2836.4000,2836.0000,2835.8000,2834.4000,2840.2000,2840.4000,2840.6000,2840.8000,2841.0000,1,1,1,1,3,1,3,1,1,1
SF,IH2004,2020-03-12 09:34:00.000,2839.2000,5805,0,257170200.000,0,-,-,-,-,2838.0000,2837.8000,2837.6000,2836.4000,2836.0000,2840.4000,2840.6000,2840.8000,2841.0000,2841.4000,1,2,1,1,1,3,1,1,1,3
SF,IH2004,2020-03-12 09:34:00.500,2839.2000,5805,0,257170200.000,0,-,-,-,-,2838.2000,2838.0000,2837.6000,2836.4000,2836.0000,2840.4000,2840.8000,2841.0000,2841.4000,2841.6000,1,1,1,1,1,3,1,1,3,5
SF,IH2004,2020-03-12 09:34:01.000,2840.4000,5805,0,258022320.000,1,0,1,多换,S,2838.2000,2837.6000,2836.4000,2836.0000,2835.8000,2840.4000,2840.8000,2841.0000,2841.4000,2841.6000,2,1,1,1,1,2,1,1,3,5
SF,IH2004,2020-03-12 09:34:01.500,2840.4000,5805,0,258022320.000,0,-,-,-,-,2838.2000,2837.6000,2836.4000,2836.0000,2835.8000,2840.0000,2840.4000,2840.8000,2841.0000,2841.4000,1,1,1,1,1,1,2,1,1,3
SF,IH2004,2020-03-12 09:34:02.000,2840.4000,5805,0,258022320.000,0,-,-,-,-,2837.6000,2836.4000,2836.0000,2835.8000,2834.4000,2839.8000,2840.2000,2840.4000,2840.8000,2841.0000,1,1,1,1,3,3,1,2,1,1
SF,IH2004,2020-03-12 09:34:02.500,2840.4000,5805,0,258022320.000,0,-,-,-,-,2837.8000,2837.6000,2836.4000,2836.0000,2835.8000,2839.4000,2839.8000,2840.2000,2840.4000,2840.8000,1,1,1,1,1,1,1,1,2,1
SF,IH2004,2020-03-12 09:34:03.000,2840.4000,5805,0,258022320.000,0,-,-,-,-,2837.8000,2837.6000,2836.4000,2836.0000,2835.8000,2839.4000,2840.2000,2840.4000,2840.8000,2841.0000,1,1,1,1,1,1,1,2,1,1
SF,IH2004,2020-03-12 09:34:03.500,2840.4000,5805,0,258022320.000,0,-,-,-,-,2838.0000,2837.8000,2837.6000,2836.4000,2836.0000,2839.4000,2840.2000,2840.4000,2840.8000,2841.0000,1,1,1,1,1,1,1,2,1,1
SF,IH2004,2020-03-12 09:34:04.000,2840.4000,5805,0,258022320.000,0,-,-,-,-,2838.2000,2838.0000,2837.6000,2836.4000,2836.0000,2839.2000,2840.2000,2840.4000,2840.8000,2841.0000,1,1,1,1,1,1,1,2,1,1
SF,IH2004,2020-03-12 09:34:04.500,2838.4000,5803,-2,259725600.000,2,0,2,双平,S,2838.2000,2838.0000,2837.6000,2836.4000,2836.0000,2840.2000,2840.4000,2840.8000,2841.0000,2841.4000,1,1,1,1,1,1,2,1,1,3
SF,IH2004,2020-03-12 09:34:05.000,2838.4000,5803,0,259725600.000,0,-,-,-,-,2838.4000,2838.2000,2838.0000,2837.6000,2836.4000,2840.4000,2840.8000,2841.0000,2841.4000,2841.6000,2,1,1,1,1,2,1,1,3,5
SF,IH2004,2020-03-12 09:34:05.500,2838.4000,5803,0,259725600.000,0,-,-,-,-,2839.4000,2838.6000,2838.4000,2838.0000,2837.6000,2840.4000,2840.8000,2841.0000,2841.4000,2841.6000,1,1,2,1,1,2,1,1,3,5
SF,IH2004,2020-03-12 09:34:06.000,2838.4000,5803,0,259725600.000,0,-,-,-,-,2839.6000,2839.4000,2838.0000,2837.6000,2836.4000,2841.0000,2841.4000,2841.6000,2842.2000,2843.2000,1,1,1,1,1,1,3,5,2,1
SF,IH2004,2020-03-12 09:34:06.500,2838.4000,5803,0,259725600.000,0,-,-,-,-,2839.6000,2839.4000,2838.0000,2837.6000,2836.4000,2841.0000,2841.4000,2841.6000,2842.2000,2843.2000,3,1,1,1,1,1,3,5,2,1
SF,IH2004,2020-03-12 09:34:07.000,2841.0000,5803,0,260577900.000,1,0,1,多换,S,2839.6000,2839.4000,2838.0000,2837.6000,2836.4000,2841.4000,2841.6000,2842.2000,2843.2000,2843.4000,3,1,1,1,1,3,5,2,1,1
SF,IH2004,2020-03-12 09:34:07.500,2841.4000,5803,0,262282740.000,2,1,1,多换,S,2839.8000,2839.6000,2839.4000,2837.6000,2836.4000,2841.6000,2842.2000,2843.2000,2843.4000,2843.6000,2,1,1,1,1,3,2,1,1,6
SF,IH2004,2020-03-12 09:34:08.000,2841.4000,5803,0,262282740.000,0,-,-,-,-,2840.0000,2839.4000,2837.6000,2836.4000,2836.0000,2841.6000,2842.2000,2843.2000,2843.4000,2843.6000,3,1,1,1,1,1,2,1,1,6
SF,IH2004,2020-03-12 09:34:08.500,2841.4000,5803,0,262282740.000,0,-,-,-,-,2840.0000,2839.4000,2837.6000,2836.4000,2836.0000,2843.2000,2843.4000,2843.6000,2843.8000,2845.8000,4,1,1,1,1,1,1,6,3,2
SF,IH2004,2020-03-12 09:34:09.000,2841.4000,5803,0,262282740.000,0,-,-,-,-,2840.2000,2840.0000,2839.4000,2837.6000,2836.4000,2842.4000,2843.0000,2843.2000,2843.4000,2843.6000,1,3,1,1,1,1,5,1,1,5
SF,IH2004,2020-03-12 09:34:09.500,2841.4000,5803,0,262282740.000,0,-,-,-,-,2840.4000,2840.2000,2840.0000,2839.4000,2837.6000,2843.0000,2843.2000,2843.4000,2843.6000,2843.8000,1,1,2,1,1,5,1,1,5,3
SF,IH2004,2020-03-12 09:34:10.000,2841.4000,5803,0,262282740.000,0,-,-,-,-,2840.4000,2840.2000,2839.4000,2837.6000,2836.4000,2843.0000,2843.4000,2843.6000,2843.8000,2845.8000,1,1,1,1,1,5,1,5,3,2
SF,IH2004,2020-03-12 09:34:10.500,2841.4000,5803,0,262282740.000,0,-,-,-,-,2840.2000,2839.4000,2837.6000,2836.4000,2836.0000,2841.6000,2842.0000,2842.4000,2842.8000,2843.0000,1,1,1,1,1,3,2,3,3,5
SF,IH2004,2020-03-12 09:34:11.000,2841.4000,5803,0,262282740.000,0,-,-,-,-,2840.4000,2840.2000,2839.4000,2837.6000,2836.4000,2842.8000,2843.0000,2843.4000,2843.6000,2843.8000,3,1,1,1,1,2,5,1,5,3
SF,IH2004,2020-03-12 09:34:11.500,2841.4000,5803,0,262282740.000,0,-,-,-,-,2840.4000,2840.2000,2839.4000,2837.6000,2836.4000,2841.4000,2841.6000,2842.0000,2842.4000,2842.6000,1,1,1,1,1,1,6,1,1,1
SF,IH2004,2020-03-12 09:34:12.000,2840.6000,5803,0,263134920.000,1,0,1,多换,S,2840.4000,2840.2000,2839.4000,2837.6000,2836.4000,2842.4000,2842.6000,2842.8000,2843.0000,2843.4000,1,1,1,1,1,1,1,2,4,1
SF,IH2004,2020-03-12 09:34:12.500,2840.6000,5803,0,263134920.000,0,-,-,-,-,2840.4000,2840.2000,2839.4000,2837.6000,2836.4000,2842.2000,2842.4000,2842.8000,2843.0000,2843.4000,1,1,1,1,1,4,1,1,4,1
SF,IH2004,2020-03-12 09:34:13.000,2840.6000,5803,0,263134920.000,0,-,-,-,-,2840.4000,2840.2000,2839.4000,2837.6000,2836.4000,2842.2000,2842.4000,2842.8000,2843.0000,2843.4000,1,1,1,1,1,3,1,1,4,1
SF,IH2004,2020-03-12 09:34:13.500,2840.6000,5803,0,263134920.000,0,-,-,-,-,2840.4000,2840.2000,2839.4000,2837.6000,2836.4000,2842.8000,2843.0000,2843.4000,2843.6000,2843.8000,1,1,1,1,1,1,4,1,5,3
SF,IH2004,2020-03-12 09:34:14.000,2840.6000,5803,0,263134920.000,0,-,-,-,-,2840.4000,2840.2000,2839.4000,2837.6000,2836.4000,2842.6000,2842.8000,2843.0000,2843.4000,2843.6000,1,1,1,1,1,3,1,4,1,5
SF,IH2004,2020-03-12 09:34:14.500,2842.4000,5803,0,263987640.000,1,0,1,多换,S,2840.4000,2840.2000,2839.4000,2837.6000,2836.4000,2842.6000,2842.8000,2843.0000,2843.4000,2843.6000,1,1,1,1,1,4,1,4,1,5
SF,IH2004,2020-03-12 09:34:15.000,2842.4000,5803,0,263987640.000,0,-,-,-,-,2840.4000,2840.2000,2839.4000,2837.6000,2836.4000,2842.2000,2842.6000,2842.8000,2843.0000,2843.4000,1,1,1,1,1,1,3,1,4,1
SF,IH2004,2020-03-12 09:34:16.000,2842.4000,5803,0,263987640.000,0,-,-,-,-,2840.6000,2840.4000,2840.2000,2839.4000,2837.6000,2842.6000,2842.8000,2843.0000,2843.4000,2843.6000,1,1,1,1,1,3,1,4,1,5
SF,IH2004,2020-03-12 09:34:16.500,2842.4000,5803,0,263987640.000,0,-,-,-,-,2840.8000,2840.6000,2840.2000,2839.4000,2837.6000,2842.4000,2842.6000,2842.8000,2843.0000,2843.4000,1,1,1,1,1,1,3,1,4,1
SF,IH2004,2020-03-12 09:34:17.000,2842.4000,5803,0,263987640.000,0,-,-,-,-,2840.8000,2840.6000,2840.2000,2839.4000,2837.6000,2843.0000,2843.4000,2843.6000,2843.8000,2845.8000,1,1,1,1,1,3,1,5,3,2
SF,IH2004,2020-03-12 09:34:17.500,2842.4000,5803,0,263987640.000,0,-,-,-,-,2840.2000,2839.4000,2837.6000,2836.4000,2836.0000,2842.6000,2842.8000,2843.0000,2843.4000,2843.6000,1,1,1,1,1,2,4,3,1,5
SF,IH2004,2020-03-12 09:34:18.000,2842.4000,5803,0,263987640.000,0,-,-,-,-,2840.4000,2840.2000,2839.4000,2837.6000,2836.4000,2842.4000,2842.6000,2842.8000,2843.0000,2843.4000,1,1,1,1,1,1,2,4,3,1
SF,IH2004,2020-03-12 09:34:18.500,2842.4000,5803,0,263987640.000,0,-,-,-,-,2840.4000,2840.2000,2839.4000,2837.6000,2836.4000,2842.4000,2842.6000,2842.8000,2843.0000,2843.4000,1,1,1,1,1,2,2,4,3,1
SF,IH2004,2020-03-12 09:34:20.000,2842.4000,5803,0,263987640.000,0,-,-,-,-,2840.6000,2840.4000,2840.2000,2839.4000,2837.6000,2842.4000,2842.6000,2842.8000,2843.0000,2843.4000,1,1,1,1,1,2,2,4,3,1
SF,IH2004,2020-03-12 09:34:20.500,2842.4000,5803,0,263987640.000,0,-,-,-,-,2840.8000,2840.2000,2839.4000,2837.6000,2836.4000,2842.2000,2842.4000,2842.6000,2842.8000,2843.0000,1,1,1,1,1,2,2,1,4,3
SF,IH2004,2020-03-12 09:34:21.000,2842.4000,5803,0,263987640.000,0,-,-,-,-,2840.8000,2840.2000,2839.4000,2837.6000,2836.4000,2842.4000,2842.8000,2843.0000,2843.4000,2843.6000,2,1,1,1,1,1,4,3,1,5
SF,IH2004,2020-03-12 09:34:21.500,2842.4000,5803,0,263987640.000,0,-,-,-,-,2840.8000,2840.2000,2839.4000,2837.6000,2836.4000,2842.4000,2842.8000,2843.0000,2843.4000,2843.6000,1,1,1,1,1,1,4,3,1,5
SF,IH2004,2020-03-12 09:34:22.000,2842.4000,5803,0,263987640.000,0,-,-,-,-,2840.8000,2840.2000,2839.4000,2837.6000,2836.4000,2842.4000,2843.0000,2843.4000,2843.6000,2843.8000,1,1,1,1,1,1,3,1,5,3
SF,IH2004,2020-03-12 09:34:22.500,2842.4000,5803,0,263987640.000,0,-,-,-,-,2840.8000,2840.2000,2839.4000,2837.6000,2836.4000,2842.4000,2843.0000,2843.4000,2843.6000,2843.8000,1,1,1,1,1,1,3,1,5,3
SF,IH2004,2020-03-12 09:34:23.000,2842.4000,5802,-1,264840360.000,1,0,1,双平,S,2841.0000,2840.8000,2840.2000,2839.4000,2837.6000,2843.4000,2843.6000,2843.8000,2845.8000,2846.2000,8,1,1,1,1,1,3,3,2,5
SF,IH2004,2020-03-12 09:34:23.500,2842.4000,5802,0,264840360.000,0,-,-,-,-,2841.2000,2840.2000,2839.4000,2837.6000,2836.4000,2843.4000,2843.6000,2843.8000,2845.8000,2846.2000,1,1,1,1,1,1,3,3,2,5
SF,IH2004,2020-03-12 09:34:24.000,2842.4000,5802,0,264840360.000,0,-,-,-,-,2841.2000,2839.4000,2837.6000,2836.4000,2836.0000,2842.8000,2843.0000,2843.2000,2843.4000,2843.6000,1,1,1,1,1,1,1,7,1,3
SF,IH2004,2020-03-12 09:34:24.500,2842.4000,5802,0,264840360.000,0,-,-,-,-,2839.4000,2837.6000,2836.4000,2836.0000,2835.8000,2842.6000,2842.8000,2843.0000,2843.2000,2843.4000,1,1,1,1,1,3,1,1,6,1
SF,IH2004,2020-03-12 09:34:25.000,2843.4000,5804,2,266546100.000,2,2,0,双开,S,2843.4000,2840.0000,2839.6000,2839.4000,2839.2000,2843.6000,2843.8000,2845.8000,2846.2000,2848.0000,1,1,4,1,1,3,3,2,5,1
SF,IH2004,2020-03-12 09:34:25.500,2843.4000,5804,0,267399120.000,1,0,1,多换,S,2840.0000,2839.6000,2839.4000,2839.2000,2837.6000,2843.4000,2843.6000,2843.8000,2845.8000,2846.2000,1,4,1,1,1,3,3,3,2,5
SF,IH2004,2020-03-12 09:34:26.000,2843.4000,5804,0,267399120.000,0,-,-,-,-,2840.2000,2840.0000,2839.6000,2839.4000,2839.2000,2843.4000,2843.6000,2843.8000,2845.8000,2846.2000,4,1,1,1,1,2,3,3,2,5
