市场代码,合约代码,时间,最新,持仓,增仓,成交额,成交量,开仓,平仓,成交类型,方向,买一价,买二价,买三价,买四价,买五价,卖一价,卖二价,卖三价,卖四价,卖五价,买一量,买二量,买三量,买四量,买五量,卖一量,卖二量,卖三量,卖四量,卖五量
SF,IH2012,2020-09-11 09:29:00.000,3201.0000,25013,0,20166300.000,21.000,-,-,-,-,3200.8000,3200.0000,3199.0000,3198.0000,3197.2000,3201.0000,3202.6000,3203.6000,3203.8000,3205.2000,1,2,1,2,1,1,4,1,1,1
SF,IH2012,2020-09-11 09:30:00.500,3201.0000,25013,0,22086840.000,2,1,1,多换,S,3201.8000,3201.2000,3201.0000,3200.0000,3199.2000,3203.6000,3205.2000,3207.2000,3208.8000,3210.0000,5,5,1,3,1,1,1,2,3,1
SF,IH2012,2020-09-11 09:30:01.000,3203.6000,25013,0,24009000.000,2,1,1,多换,S,3201.8000,3201.2000,3201.0000,3200.0000,3199.2000,3202.0000,3203.0000,3203.2000,3203.4000,3207.2000,5,5,4,3,1,1,1,1,1,2
SF,IH2012,2020-09-11 09:30:01.500,3201.8000,24996,-17,40339560.000,17,0,17,双平,S,3202.2000,3201.2000,3201.0000,3200.0000,3199.2000,3203.6000,3207.0000,3207.2000,3208.8000,3210.0000,1,5,2,3,1,1,1,2,3,1
SF,IH2012,2020-09-11 09:30:02.000,3201.8000,24996,0,40339560.000,0,-,-,-,-,3203.2000,3202.6000,3202.4000,3202.2000,3201.2000,3203.6000,3207.0000,3207.2000,3208.8000,3210.0000,1,1,2,2,5,1,1,2,3,1
SF,IH2012,2020-09-11 09:30:02.500,3203.6000,24994,-2,42261600.000,2,0,2,双平,S,3203.4000,3202.6000,3202.4000,3201.2000,3201.0000,3207.0000,3207.2000,3208.8000,3210.0000,3213.0000,1,1,2,5,2,1,2,3,1,2
SF,IH2012,2020-09-11 09:30:03.000,3203.6000,24994,0,42261600.000,0,-,-,-,-,3204.0000,3203.6000,3203.4000,3202.6000,3202.4000,3206.4000,3206.6000,3206.8000,3207.0000,3208.8000,1,1,1,1,1,2,8,2,1,3
SF,IH2012,2020-09-11 09:30:03.500,3203.6000,24992,-2,44183760.000,2,0,2,双平,S,3204.0000,3203.4000,3202.4000,3202.2000,3201.2000,3206.0000,3206.2000,3206.4000,3206.6000,3206.8000,1,1,1,1,5,7,1,3,1,1
SF,IH2012,2020-09-11 09:30:04.000,3203.6000,24992,0,44183760.000,0,-,-,-,-,3204.2000,3204.0000,3203.4000,3202.4000,3202.2000,3206.4000,3206.8000,3207.0000,3210.0000,3213.0000,1,1,1,1,1,1,1,1,1,2
SF,IH2012,2020-09-11 09:30:04.500,3207.0000,24989,-3,49951260.000,6,1,5,多平,S,3203.4000,3202.4000,3202.2000,3201.2000,3201.0000,3207.0000,3210.0000,3213.0000,3214.8000,3216.0000,1,1,1,5,2,1,1,2,3,1
SF,IH2012,2020-09-11 09:30:05.000,3207.0000,24989,0,49951260.000,0,-,-,-,-,3204.0000,3203.4000,3202.4000,3202.2000,3201.2000,3207.0000,3210.0000,3213.0000,3214.8000,3216.0000,3,1,1,1,5,1,1,2,3,1
SF,IH2012,2020-09-11 09:30:05.500,3207.0000,24990,1,50913360.000,1,1,0,双开,S,3204.0000,3203.4000,3202.4000,3202.2000,3201.2000,3210.0000,3213.0000,3216.0000,3216.6000,3218.0000,3,1,1,1,5,1,2,1,1,1
SF,IH2012,2020-09-11 09:30:06.000,3207.0000,24990,0,50913360.000,0,-,-,-,-,3207.0000,3205.4000,3204.4000,3204.2000,3204.0000,3207.6000,3208.4000,3209.0000,3209.6000,3209.8000,1,1,1,3,1,1,2,1,18,3
SF,IH2012,2020-09-11 09:30:06.500,3207.0000,24990,0,50913360.000,0,-,-,-,-,3207.6000,3207.0000,3205.4000,3204.4000,3204.2000,3208.4000,3208.8000,3209.6000,3209.8000,3210.0000,1,1,2,1,1,1,1,11,2,1
SF,IH2012,2020-09-11 09:30:07.000,3207.0000,24990,0,50913360.000,0,-,-,-,-,3207.6000,3207.0000,3205.4000,3204.2000,3204.0000,3209.4000,3209.6000,3209.8000,3210.0000,3213.0000,1,1,2,1,1,2,8,1,1,2
SF,IH2012,2020-09-11 09:30:07.500,3207.0000,24990,0,50913360.000,0,-,-,-,-,3207.6000,3207.0000,3205.4000,3204.2000,3203.4000,3209.0000,3209.2000,3209.4000,3209.6000,3209.8000,1,1,1,1,1,7,5,2,1,1
SF,IH2012,2020-09-11 09:30:08.000,3208.0000,24988,-2,52838040.000,2,0,2,双平,S,3207.0000,3204.2000,3203.4000,3202.4000,3202.2000,3208.2000,3208.8000,3209.0000,3209.2000,3209.4000,1,1,1,1,1,1,1,7,4,2
SF,IH2012,2020-09-11 09:30:08.500,3208.0000,24985,-3,55725240.000,3,0,3,双平,S,3207.0000,3204.2000,3203.4000,3202.4000,3202.2000,3207.8000,3209.2000,3209.6000,3209.8000,3210.0000,1,1,1,1,1,4,4,1,1,1
SF,IH2012,2020-09-11 09:30:09.000,3207.8000,24984,-1,56687580.000,1,0,1,双平,S,3208.2000,3207.8000,3207.0000,3204.2000,3203.4000,3209.2000,3209.8000,3210.0000,3213.0000,3214.2000,1,1,1,1,1,1,1,1,2,1
SF,IH2012,2020-09-11 09:30:09.500,3207.8000,24985,1,57649920.000,1,1,0,双开,S,3207.8000,3204.2000,3203.4000,3202.4000,3202.2000,3208.8000,3209.0000,3209.2000,3209.8000,3210.0000,1,1,1,1,1,3,1,1,1,1
SF,IH2012,2020-09-11 09:30:10.000,3208.8000,24982,-3,60537840.000,3,0,3,双平,S,3207.8000,3204.2000,3203.4000,3202.4000,3202.2000,3209.2000,3209.8000,3210.0000,3213.0000,3216.6000,1,1,1,1,1,1,1,1,2,1
SF,IH2012,2020-09-11 09:30:10.500,3207.8000,24982,0,61500180.000,1,0,1,多换,S,3204.2000,3203.4000,3202.4000,3202.2000,3201.2000,3209.0000,3209.2000,3209.8000,3210.0000,3210.2000,1,1,1,1,5,1,1,1,1,1
SF,IH2012,2020-09-11 09:30:11.000,3207.8000,24982,0,61500180.000,0,-,-,-,-,3206.0000,3205.4000,3204.6000,3204.4000,3204.2000,3208.8000,3209.2000,3210.0000,3210.2000,3213.0000,2,2,9,2,1,4,1,1,1,2
SF,IH2012,2020-09-11 09:30:11.500,3207.8000,24982,0,61500180.000,0,-,-,-,-,3206.6000,3206.2000,3205.4000,3205.2000,3204.8000,3208.8000,3209.2000,3210.0000,3213.0000,3216.6000,1,1,1,1,2,3,1,1,2,1
SF,IH2012,2020-09-11 09:30:12.000,3207.8000,24982,0,61500180.000,0,-,-,-,-,3206.8000,3206.6000,3205.4000,3204.6000,3204.4000,3209.2000,3210.0000,3213.0000,3216.6000,3217.6000,1,1,1,7,1,1,1,2,1,1
SF,IH2012,2020-09-11 09:30:12.500,3207.8000,24982,0,61500180.000,0,-,-,-,-,3206.8000,3206.6000,3205.4000,3204.6000,3204.4000,3209.0000,3209.2000,3210.0000,3213.0000,3216.6000,2,1,1,7,1,3,1,1,2,1
SF,IH2012,2020-09-11 09:30:13.000,3207.0000,24982,0,64387320.000,3,1,2,多换,S,3207.0000,3206.8000,3206.6000,3204.6000,3204.4000,3210.0000,3213.0000,3216.6000,3217.6000,3218.0000,1,1,1,7,1,1,2,1,1,1
SF,IH2012,2020-09-11 09:30:13.500,3207.0000,24982,0,64387320.000,0,-,-,-,-,3207.2000,3207.0000,3206.6000,3204.6000,3202.4000,3209.2000,3209.4000,3209.6000,3209.8000,3210.0000,2,1,1,7,1,1,3,2,4,2
SF,IH2012,2020-09-11 09:30:14.000,3207.0000,24982,0,64387320.000,0,-,-,-,-,3207.4000,3207.2000,3207.0000,3206.8000,3206.6000,3209.0000,3209.2000,3209.6000,3209.8000,3210.0000,1,1,1,1,1,3,1,1,4,1
SF,IH2012,2020-09-11 09:30:14.500,3207.2000,24981,-1,65349480.000,1,0,1,双平,S,3207.6000,3207.4000,3206.8000,3206.6000,3204.6000,3209.2000,3209.6000,3209.8000,3210.0000,3213.0000,1,1,1,1,7,1,1,4,1,2
SF,IH2012,2020-09-11 09:30:15.000,3207.2000,24981,0,65349480.000,0,-,-,-,-,3206.8000,3206.6000,3204.6000,3202.4000,3202.2000,3209.2000,3209.6000,3209.8000,3210.0000,3213.0000,1,1,7,1,1,1,1,4,1,2
SF,IH2012,2020-09-11 09:30:15.500,3207.2000,24981,0,65349480.000,0,-,-,-,-,3206.8000,3206.6000,3204.6000,3203.0000,3202.4000,3208.8000,3209.0000,3209.2000,3209.6000,3209.8000,1,1,7,1,1,1,3,1,1,4
SF,IH2012,2020-09-11 09:30:16.000,3207.2000,24981,0,65349480.000,0,-,-,-,-,3207.2000,3207.0000,3206.8000,3206.6000,3204.6000,3208.8000,3209.0000,3209.8000,3210.0000,3213.0000,1,1,1,1,7,1,3,3,1,2
SF,IH2012,2020-09-11 09:30:16.500,3207.2000,24981,0,65349480.000,0,-,-,-,-,3207.2000,3206.8000,3206.6000,3204.6000,3203.0000,3208.6000,3209.0000,3209.2000,3209.8000,3210.0000,1,1,1,7,1,3,1,1,3,1
SF,IH2012,2020-09-11 09:30:17.000,3208.6000,24980,-1,69199740.000,4,1,3,多平,S,3208.6000,3206.8000,3204.6000,3203.0000,3202.4000,3209.0000,3209.2000,3209.8000,3210.0000,3213.0000,2,1,7,1,1,1,1,3,1,2
SF,IH2012,2020-09-11 09:30:17.500,3206.8000,24979,-1,72086940.000,3,1,2,多平,S,3204.6000,3203.0000,3202.4000,3202.2000,3201.0000,3206.8000,3208.4000,3208.6000,3208.8000,3209.0000,7,1,1,1,2,9,1,2,2,1
SF,IH2012,2020-09-11 09:30:18.000,3206.8000,24980,1,74973060.000,3,2,1,空开,S,3205.6000,3205.0000,3204.6000,3203.0000,3202.4000,3206.8000,3208.8000,3209.0000,3209.2000,3209.8000,2,2,7,1,1,6,2,1,1,2
SF,IH2012,2020-09-11 09:30:18.500,3206.8000,24980,0,80745300.000,6,3,3,多换,S,3205.8000,3205.4000,3205.0000,3204.6000,3203.0000,3208.8000,3209.0000,3209.2000,3209.8000,3210.0000,2,1,4,7,1,2,1,1,2,1
SF,IH2012,2020-09-11 09:30:19.000,3208.6000,24980,0,81707880.000,1,0,1,多换,S,3206.2000,3206.0000,3205.8000,3205.4000,3205.0000,3208.6000,3208.8000,3209.0000,3209.2000,3209.8000,3,1,1,1,4,1,1,1,1,2
SF,IH2012,2020-09-11 09:30:19.500,3208.6000,24980,0,81707880.000,0,-,-,-,-,3206.2000,3206.0000,3205.8000,3205.4000,3205.0000,3208.6000,3208.8000,3209.0000,3209.2000,3209.4000,1,1,1,1,2,1,1,1,1,1
SF,IH2012,2020-09-11 09:30:20.000,3208.6000,24980,0,81707880.000,0,-,-,-,-,3207.2000,3206.0000,3205.8000,3205.4000,3205.0000,3208.4000,3208.6000,3208.8000,3209.0000,3209.2000,1,1,1,1,2,1,1,1,1,1
SF,IH2012,2020-09-11 09:30:20.500,3208.4000,24979,-1,83632560.000,2,0,2,多平,S,3206.0000,3205.8000,3205.0000,3204.6000,3203.0000,3208.6000,3208.8000,3209.0000,3209.2000,3209.8000,1,1,2,7,1,1,1,1,1,2
SF,IH2012,2020-09-11 09:30:21.000,3208.4000,24979,0,84595080.000,1,0,1,多换,S,3206.0000,3205.8000,3205.0000,3204.6000,3203.0000,3208.6000,3208.8000,3209.0000,3209.2000,3209.8000,3,1,2,7,1,1,1,1,1,2
SF,IH2012,2020-09-11 09:30:21.500,3208.4000,24979,0,84595080.000,0,-,-,-,-,3206.2000,3206.0000,3205.8000,3205.0000,3204.6000,3208.6000,3208.8000,3209.0000,3209.2000,3209.8000,1,3,1,2,7,1,1,1,1,2
SF,IH2012,2020-09-11 09:30:22.000,3208.4000,24979,0,84595080.000,0,-,-,-,-,3206.6000,3206.2000,3206.0000,3205.8000,3205.0000,3208.6000,3209.0000,3209.2000,3209.8000,3210.0000,1,1,1,1,1,1,1,1,2,1
SF,IH2012,2020-09-11 09:30:22.500,3208.4000,24979,0,84595080.000,0,-,-,-,-,3206.8000,3206.2000,3206.0000,3205.8000,3205.0000,3208.6000,3208.8000,3209.0000,3209.2000,3209.8000,1,1,1,1,2,1,1,1,1,2
SF,IH2012,2020-09-11 09:30:23.000,3208.6000,24979,0,85557660.000,1,0,1,多换,S,3208.6000,3207.0000,3206.0000,3205.8000,3205.0000,3208.8000,3209.0000,3209.2000,3209.8000,3210.0000,1,1,1,1,2,1,1,1,2,1
SF,IH2012,2020-09-11 09:30:23.500,3208.6000,24980,1,87482820.000,2,1,1,空开,S,3206.0000,3205.8000,3205.0000,3204.6000,3203.0000,3208.6000,3208.8000,3209.0000,3209.2000,3209.8000,1,1,2,7,1,1,1,1,1,2
SF,IH2012,2020-09-11 09:30:24.000,3208.0000,24980,0,88445220.000,1,0,1,多换,S,3206.6000,3206.2000,3206.0000,3205.8000,3205.0000,3208.8000,3209.0000,3209.2000,3209.8000,3210.0000,3,3,1,2,2,1,1,1,2,1
SF,IH2012,2020-09-11 09:30:24.500,3208.0000,24980,0,88445220.000,0,-,-,-,-,3206.8000,3206.6000,3206.2000,3205.8000,3205.0000,3208.8000,3209.0000,3209.2000,3209.8000,3210.0000,1,1,8,2,2,1,1,1,2,1
SF,IH2012,2020-09-11 09:30:25.000,3208.8000,24980,0,89407860.000,1,0,1,多换,S,3207.0000,3206.8000,3206.6000,3206.2000,3205.8000,3209.0000,3209.2000,3209.8000,3210.0000,3213.0000,1,1,1,8,2,1,1,2,1,2
SF,IH2012,2020-09-11 09:30:25.500,3208.8000,24980,0,89407860.000,0,-,-,-,-,3207.2000,3207.0000,3206.6000,3206.4000,3206.2000,3209.0000,3209.2000,3209.8000,3210.0000,3213.0000,2,4,1,1,6,1,1,2,1,2
SF,IH2012,2020-09-11 09:30:26.000,3208.8000,24980,0,90370500.000,1,0,1,多换,S,3207.2000,3207.0000,3206.6000,3206.4000,3206.2000,3209.8000,3210.0000,3213.0000,3216.6000,3217.6000,2,4,1,1,6,2,1,2,1,1
SF,IH2012,2020-09-11 09:30:26.500,3208.8000,24980,0,90370500.000,0,-,-,-,-,3207.6000,3207.4000,3207.2000,3206.6000,3206.4000,3210.0000,3213.0000,3216.6000,3217.6000,3218.0000,2,6,1,1,1,1,2,1,1,1
SF,IH2012,2020-09-11 09:30:27.000,3208.8000,24980,0,90370500.000,0,-,-,-,-,3207.6000,3207.4000,3207.2000,3206.6000,3206.4000,3210.0000,3213.0000,3216.6000,3217.6000,3218.0000,2,6,1,1,1,1,2,1,1,1
SF,IH2012,2020-09-11 09:30:27.500,3210.0000,24980,0,91333500.000,1,0,1,多换,S,3207.8000,3207.4000,3207.2000,3206.6000,3205.8000,3213.0000,3216.6000,3217.6000,3218.0000,3218.6000,1,1,1,1,1,2,1,1,1,5
SF,IH2012,2020-09-11 09:30:28.000,3210.0000,24980,0,91333500.000,0,-,-,-,-,3208.0000,3207.8000,3207.4000,3205.8000,3205.0000,3210.4000,3210.6000,3212.0000,3212.2000,3212.6000,2,1,1,1,2,1,1,2,1,11
SF,IH2012,2020-09-11 09:30:28.500,3210.0000,24980,0,91333500.000,0,-,-,-,-,3208.2000,3208.0000,3207.4000,3206.8000,3205.8000,3212.0000,3212.2000,3212.6000,3212.8000,3213.0000,1,1,1,2,1,2,1,9,1,4
SF,IH2012,2020-09-11 09:30:29.000,3210.0000,24980,0,91333500.000,0,-,-,-,-,3208.0000,3207.4000,3206.8000,3205.8000,3205.0000,3210.0000,3211.0000,3211.4000,3211.6000,3211.8000,1,1,2,1,2,1,1,2,7,1
SF,IH2012,2020-09-11 09:30:29.500,3210.0000,24980,0,91333500.000,0,-,-,-,-,3208.0000,3207.4000,3206.8000,3205.8000,3205.0000,3209.8000,3210.0000,3211.0000,3211.6000,3211.8000,1,1,2,1,2,1,2,1,7,1
SF,IH2012,2020-09-11 09:30:30.000,3208.2000,24979,-1,92295960.000,1,0,1,双平,S,3208.0000,3206.8000,3205.8000,3205.2000,3205.0000,3209.8000,3210.0000,3211.0000,3211.6000,3211.8000,1,2,1,1,2,1,1,1,7,1
SF,IH2012,2020-09-11 09:30:30.500,3208.2000,24978,-1,93258420.000,1,0,1,双平,S,3207.0000,3206.8000,3205.8000,3205.2000,3205.0000,3209.4000,3209.6000,3209.8000,3210.0000,3210.4000,1,2,2,1,2,2,2,1,1,1
SF,IH2012,2020-09-11 09:30:31.000,3206.8000,24977,-1,96144600.000,3,1,2,多平,S,3205.8000,3205.2000,3205.0000,3203.0000,3201.0000,3209.0000,3209.4000,3209.6000,3209.8000,3210.0000,2,1,2,1,2,1,2,2,1,1
SF,IH2012,2020-09-11 09:30:31.500,3206.8000,24977,0,96144600.000,0,-,-,-,-,3205.8000,3205.2000,3205.0000,3203.0000,3201.0000,3207.0000,3208.6000,3208.8000,3209.0000,3209.4000,2,1,2,1,2,1,1,1,8,2
SF,IH2012,2020-09-11 09:30:32.000,3205.8000,24976,-1,97106340.000,1,0,1,双平,S,3205.8000,3205.2000,3205.0000,3203.0000,3201.0000,3207.0000,3207.6000,3208.2000,3208.6000,3209.0000,1,1,1,1,2,1,1,1,1,8
SF,IH2012,2020-09-11 09:30:32.500,3207.0000,24975,-1,99030180.000,2,0,2,多平,S,3205.8000,3205.2000,3205.0000,3203.0000,3201.0000,3207.8000,3208.6000,3209.0000,3209.4000,3209.6000,1,1,1,1,2,1,1,1,2,2
SF,IH2012,2020-09-11 09:30:33.000,3207.0000,24975,0,99030180.000,0,-,-,-,-,3206.0000,3205.8000,3205.2000,3205.0000,3203.0000,3208.6000,3208.8000,3209.0000,3209.2000,3209.4000,1,1,1,1,1,2,1,1,2,2
SF,IH2012,2020-09-11 09:30:33.500,3207.0000,24975,0,99030180.000,0,-,-,-,-,3205.8000,3205.2000,3205.0000,3203.0000,3201.0000,3208.2000,3208.4000,3208.6000,3208.8000,3209.0000,1,1,1,1,2,3,1,1,4,1
SF,IH2012,2020-09-11 09:30:34.000,3207.0000,24975,0,99030180.000,0,-,-,-,-,3205.8000,3205.2000,3205.0000,3203.0000,3201.0000,3208.2000,3208.6000,3208.8000,3209.0000,3209.4000,1,1,1,1,2,1,1,2,1,1
SF,IH2012,2020-09-11 09:30:34.500,3207.0000,24975,0,99030180.000,0,-,-,-,-,3207.0000,3205.8000,3205.2000,3205.0000,3203.0000,3208.2000,3208.6000,3208.8000,3209.0000,3209.4000,1,1,1,1,1,1,1,2,3,1
SF,IH2012,2020-09-11 09:30:35.000,3207.0000,24975,0,99992280.000,1,0,1,多换,S,3205.8000,3205.2000,3205.0000,3203.0000,3201.0000,3208.0000,3208.2000,3208.6000,3208.8000,3209.0000,1,1,1,1,2,3,1,1,1,3
SF,IH2012,2020-09-11 09:30:35.500,3206.4000,24974,-1,100954200.000,1,0,1,双平,S,3205.8000,3205.2000,3205.0000,3203.0000,3201.0000,3207.8000,3208.0000,3208.2000,3208.6000,3208.8000,1,1,1,1,2,1,2,1,1,1
SF,IH2012,2020-09-11 09:30:36.000,3205.8000,24974,0,101915940.000,1,0,1,多换,S,3205.2000,3205.0000,3203.0000,3201.0000,3200.0000,3205.8000,3207.4000,3207.6000,3207.8000,3208.0000,1,1,1,2,3,1,1,1,2,2
SF,IH2012,2020-09-11 09:30:36.500,3205.0000,24973,-1,103839000.000,2,0,2,多平,S,3203.0000,3201.0000,3200.0000,3199.6000,3199.0000,3205.0000,3205.2000,3206.8000,3207.0000,3207.4000,1,2,3,5,1,1,1,1,2,8
SF,IH2012,2020-09-11 09:30:37.000,3205.2000,24973,0,105762060.000,2,1,1,多换,S,3203.4000,3203.2000,3203.0000,3201.0000,3200.0000,3206.8000,3207.4000,3207.8000,3208.0000,3208.2000,1,3,1,2,3,1,8,2,2,1
SF,IH2012,2020-09-11 09:30:37.500,3205.2000,24973,0,105762060.000,0,-,-,-,-,3203.6000,3203.4000,3203.0000,3201.0000,3200.0000,3206.2000,3206.6000,3207.0000,3207.4000,3207.6000,1,1,1,2,3,2,1,1,8,2
SF,IH2012,2020-09-11 09:30:38.000,3203.6000,24972,-1,106723140.000,1,0,1,双平,S,3203.0000,3201.0000,3200.0000,3199.6000,3199.0000,3205.6000,3205.8000,3206.0000,3206.2000,3206.4000,1,2,3,5,1,1,1,1,3,7
SF,IH2012,2020-09-11 09:30:38.500,3205.0000,24971,-1,108645540.000,2,0,2,多平,S,3201.0000,3200.0000,3198.0000,3197.2000,3197.0000,3205.2000,3205.4000,3205.6000,3205.8000,3206.0000,2,3,3,1,2,7,4,1,2,2
SF,IH2012,2020-09-11 09:30:39.000,3205.0000,24971,0,108645540.000,0,-,-,-,-,3201.6000,3201.0000,3200.0000,3198.0000,3197.2000,3204.6000,3205.0000,3205.2000,3205.4000,3205.8000,1,2,3,3,1,1,2,7,5,2
SF,IH2012,2020-09-11 09:30:39.500,3205.0000,24970,-1,109607040.000,1,0,1,双平,S,3202.0000,3201.8000,3201.0000,3200.0000,3198.0000,3204.2000,3204.6000,3205.0000,3205.2000,3205.4000,1,1,2,3,3,1,1,2,2,5
SF,IH2012,2020-09-11 09:30:40.000,3204.4000,24969,-1,111529680.000,2,0,2,多平,S,3202.6000,3202.2000,3202.0000,3201.8000,3201.0000,3204.4000,3205.0000,3205.4000,3206.0000,3206.2000,4,1,1,4,2,1,2,4,2,1
SF,IH2012,2020-09-11 09:30:40.500,3204.4000,24969,0,111529680.000,0,-,-,-,-,3203.2000,3202.6000,3202.2000,3201.8000,3201.0000,3204.2000,3204.4000,3205.0000,3205.4000,3206.0000,1,2,1,1,2,1,1,2,4,1
SF,IH2012,2020-09-11 09:30:41.000,3204.4000,24969,0,111529680.000,0,-,-,-,-,3203.2000,3202.6000,3202.2000,3201.8000,3201.0000,3204.4000,3205.4000,3206.0000,3206.2000,3207.0000,1,2,1,1,2,1,3,1,1,1
SF,IH2012,2020-09-11 09:30:41.500,3204.4000,24969,0,111529680.000,0,-,-,-,-,3203.6000,3203.4000,3202.6000,3202.2000,3201.0000,3204.4000,3205.4000,3205.8000,3206.0000,3206.2000,2,1,1,1,2,1,3,1,1,1
SF,IH2012,2020-09-11 09:30:42.000,3203.4000,24966,-3,114413100.000,3,0,3,双平,S,3202.6000,3202.2000,3201.0000,3200.0000,3198.0000,3203.2000,3205.4000,3205.8000,3206.0000,3206.2000,1,1,2,3,3,8,3,1,1,1
SF,IH2012,2020-09-11 09:30:42.500,3203.2000,24958,-8,122100780.000,8,0,8,双平,S,3203.2000,3202.6000,3202.2000,3201.0000,3200.0000,3205.4000,3205.8000,3206.0000,3206.2000,3207.0000,2,1,1,2,3,1,1,1,1,1
SF,IH2012,2020-09-11 09:30:43.000,3203.2000,24958,0,122100780.000,0,-,-,-,-,3205.4000,3203.8000,3203.2000,3203.0000,3202.8000,3205.8000,3206.6000,3207.0000,3208.0000,3209.4000,1,1,2,8,2,1,2,1,1,1
SF,IH2012,2020-09-11 09:30:43.500,3205.6000,24954,-4,125947320.000,4,0,4,双平,S,3203.8000,3203.2000,3203.0000,3202.8000,3202.6000,3205.8000,3207.0000,3208.0000,3209.4000,3210.0000,1,2,1,2,1,1,3,1,1,1
SF,IH2012,2020-09-11 09:30:44.000,3205.8000,24953,-1,126909060.000,1,0,1,双平,S,3204.4000,3204.2000,3204.0000,3203.0000,3202.8000,3207.0000,3207.2000,3208.0000,3209.4000,3210.0000,1,1,1,1,2,1,2,1,1,1
SF,IH2012,2020-09-11 09:30:44.500,3205.8000,24953,0,126909060.000,0,-,-,-,-,3205.0000,3204.6000,3204.2000,3202.8000,3201.6000,3206.8000,3207.0000,3207.4000,3208.0000,3209.4000,1,1,1,2,1,1,1,2,1,1
SF,IH2012,2020-09-11 09:30:45.000,3205.8000,24953,0,126909060.000,0,-,-,-,-,3205.0000,3204.2000,3202.8000,3201.6000,3201.0000,3206.6000,3207.2000,3207.8000,3208.0000,3209.4000,1,1,2,1,2,2,1,2,1,1
SF,IH2012,2020-09-11 09:30:45.500,3205.8000,24953,0,126909060.000,0,-,-,-,-,3205.4000,3205.0000,3204.2000,3202.8000,3201.6000,3206.6000,3207.2000,3207.8000,3208.0000,3209.4000,1,1,1,2,1,1,1,2,1,1
SF,IH2012,2020-09-11 09:30:46.000,3205.8000,24953,0,126909060.000,0,-,-,-,-,3205.6000,3205.0000,3204.2000,3202.8000,3201.6000,3206.6000,3207.2000,3207.8000,3208.0000,3209.4000,1,1,1,2,1,1,1,2,1,1
SF,IH2012,2020-09-11 09:30:46.500,3206.8000,24951,-2,128833080.000,2,0,2,双平,S,3206.8000,3205.8000,3205.0000,3204.2000,3202.8000,3207.8000,3208.0000,3209.4000,3210.0000,3213.0000,1,1,1,1,2,1,1,1,1,2
SF,IH2012,2020-09-11 09:30:47.000,3206.8000,24951,0,128833080.000,0,-,-,-,-,3206.8000,3206.6000,3206.0000,3205.0000,3204.2000,3207.8000,3208.0000,3208.6000,3209.4000,3210.0000,1,1,1,1,1,2,1,2,1,1
SF,IH2012,2020-09-11 09:30:47.500,3206.8000,24951,0,128833080.000,0,-,-,-,-,3206.8000,3206.6000,3206.0000,3205.0000,3204.2000,3207.6000,3207.8000,3208.0000,3208.6000,3209.4000,1,1,1,1,1,1,1,1,2,1
SF,IH2012,2020-09-11 09:30:48.000,3206.8000,24951,0,128833080.000,0,-,-,-,-,3206.8000,3206.6000,3206.0000,3205.0000,3204.2000,3207.6000,3208.0000,3208.6000,3209.4000,3210.0000,1,1,1,1,1,3,1,2,1,1
SF,IH2012,2020-09-11 09:30:48.500,3206.8000,24951,0,128833080.000,0,-,-,-,-,3206.8000,3206.6000,3206.0000,3205.0000,3204.2000,3207.6000,3208.0000,3209.4000,3210.0000,3213.0000,1,1,1,1,1,2,1,1,1,2
SF,IH2012,2020-09-11 09:30:49.000,3206.8000,24951,0,128833080.000,0,-,-,-,-,3206.8000,3206.6000,3206.0000,3205.2000,3205.0000,3207.6000,3208.0000,3209.4000,3210.0000,3213.0000,1,1,1,1,1,2,1,1,1,2
SF,IH2012,2020-09-11 09:30:49.500,3206.8000,24951,0,128833080.000,0,-,-,-,-,3206.8000,3206.6000,3206.0000,3205.2000,3205.0000,3207.6000,3207.8000,3208.0000,3209.4000,3210.0000,1,1,1,1,1,1,1,1,1,1
SF,IH2012,2020-09-11 09:30:50.000,3206.8000,24951,0,128833080.000,0,-,-,-,-,3206.8000,3206.6000,3206.0000,3205.2000,3205.0000,3207.6000,3208.0000,3208.4000,3209.4000,3210.0000,2,1,1,1,1,1,1,1,1,1
SF,IH2012,2020-09-11 09:30:50.500,3206.8000,24951,0,128833080.000,0,-,-,-,-,3206.8000,3206.6000,3206.0000,3205.2000,3205.0000,3207.6000,3208.0000,3208.4000,3209.4000,3210.0000,2,1,1,1,1,1,1,1,1,1
SF,IH2012,2020-09-11 09:30:51.000,3206.8000,24951,0,129795120.000,1,0,1,多换,S,3206.6000,3206.0000,3205.8000,3205.2000,3205.0000,3206.8000,3207.6000,3208.0000,3208.4000,3209.4000,1,1,1,1,1,1,1,1,3,1
SF,IH2012,2020-09-11 09:30:51.500,3206.6000,24950,-1,130757100.000,1,0,1,双平,S,3206.0000,3205.8000,3205.2000,3205.0000,3204.2000,3206.6000,3206.8000,3207.6000,3208.0000,3208.4000,1,1,1,1,1,2,1,1,1,3
SF,IH2012,2020-09-11 09:30:52.000,3206.6000,24950,0,130757100.000,0,-,-,-,-,3205.8000,3205.2000,3205.0000,3204.2000,3204.0000,3206.0000,3206.6000,3206.8000,3207.6000,3208.0000,1,1,1,1,1,1,2,1,1,1
SF,IH2012,2020-09-11 09:30:52.500,3205.8000,24949,-1,131718840.000,1,0,1,双平,S,3206.0000,3205.2000,3205.0000,3204.2000,3204.0000,3206.6000,3206.8000,3207.6000,3208.0000,3208.4000,1,1,1,1,1,2,1,1,1,1
SF,IH2012,2020-09-11 09:30:53.000,3206.0000,24948,-1,132680640.000,1,0,1,双平,S,3205.2000,3205.0000,3204.2000,3204.0000,3202.8000,3206.0000,3206.6000,3206.8000,3207.6000,3208.0000,1,1,1,1,1,2,2,1,1,1
SF,IH2012,2020-09-11 09:30:53.500,3206.0000,24948,0,133642440.000,1,0,1,多换,S,3205.4000,3205.2000,3204.2000,3204.0000,3202.8000,3206.6000,3206.8000,3207.6000,3208.0000,3208.4000,1,1,1,1,1,1,1,1,1,1
SF,IH2012,2020-09-11 09:30:54.000,3206.6000,24947,-1,134604420.000,1,0,1,双平,S,3205.4000,3205.2000,3204.2000,3204.0000,3202.8000,3206.8000,3208.0000,3208.4000,3209.4000,3210.0000,1,1,1,1,1,1,1,1,1,1
SF,IH2012,2020-09-11 09:30:54.500,3206.6000,24947,0,134604420.000,0,-,-,-,-,3205.6000,3205.4000,3205.2000,3204.2000,3204.0000,3206.8000,3208.0000,3208.4000,3209.4000,3210.0000,2,2,1,1,1,1,2,1,1,1
SF,IH2012,2020-09-11 09:30:55.000,3206.8000,24946,-1,135566460.000,1,0,1,双平,S,3206.0000,3205.8000,3205.6000,3205.4000,3205.2000,3208.0000,3209.4000,3210.0000,3213.0000,3213.8000,1,1,3,2,1,2,1,1,2,1
SF,IH2012,2020-09-11 09:30:55.500,3206.8000,24946,0,135566460.000,0,-,-,-,-,3206.4000,3206.2000,3206.0000,3205.8000,3205.6000,3207.8000,3208.0000,3209.4000,3210.0000,3213.0000,1,2,1,2,1,1,2,1,1,2
SF,IH2012,2020-09-11 09:30:56.000,3206.8000,24946,0,135566460.000,0,-,-,-,-,3207.6000,3206.6000,3206.4000,3206.0000,3205.8000,3207.8000,3208.0000,3208.6000,3209.4000,3210.0000,1,1,1,1,2,1,3,2,1,1
SF,IH2012,2020-09-11 09:30:56.500,3207.6000,24946,0,136528740.000,1,0,1,多换,S,3206.4000,3206.0000,3205.8000,3205.6000,3205.4000,3207.8000,3208.0000,3208.6000,3209.4000,3210.0000,1,1,2,1,1,1,3,2,1,1
SF,IH2012,2020-09-11 09:30:57.000,3207.6000,24946,0,136528740.000,0,-,-,-,-,3206.6000,3206.4000,3206.0000,3205.8000,3205.6000,3208.0000,3208.4000,3208.6000,3209.4000,3210.0000,2,1,1,2,1,2,1,2,1,1
SF,IH2012,2020-09-11 09:30:57.500,3207.6000,24946,0,136528740.000,0,-,-,-,-,3207.0000,3206.6000,3206.4000,3205.8000,3205.6000,3208.0000,3209.4000,3210.0000,3213.0000,3213.8000,1,3,1,2,1,2,1,1,2,1
SF,IH2012,2020-09-11 09:30:58.000,3207.6000,24946,0,136528740.000,0,-,-,-,-,3207.6000,3207.2000,3207.0000,3206.6000,3205.8000,3208.0000,3209.4000,3210.0000,3213.0000,3213.8000,1,1,1,1,2,2,1,1,2,1
SF,IH2012,2020-09-11 09:30:58.500,3208.0000,24944,-2,138453540.000,2,0,2,双平,S,3208.0000,3207.4000,3207.0000,3206.8000,3206.6000,3209.4000,3210.0000,3213.0000,3213.8000,3216.6000,1,1,1,1,1,1,1,2,1,1
SF,IH2012,2020-09-11 09:30:59.000,3208.0000,24944,0,138453540.000,0,-,-,-,-,3207.4000,3207.0000,3206.8000,3206.6000,3205.8000,3209.2000,3209.4000,3209.6000,3210.0000,3213.0000,1,1,1,1,1,3,1,3,1,2
SF,IH2012,2020-09-11 09:30:59.500,3208.0000,24944,0,138453540.000,0,-,-,-,-,3207.4000,3207.0000,3206.8000,3205.8000,3205.6000,3209.0000,3209.2000,3209.4000,3209.6000,3210.0000,2,1,1,1,1,1,2,2,3,1
SF,IH2012,2020-09-11 09:31:00.000,3208.0000,24944,0,138453540.000,0,-,-,-,-,3207.6000,3207.4000,3207.0000,3206.8000,3205.8000,3208.8000,3209.0000,3209.4000,3209.6000,3210.0000,1,1,1,1,1,1,1,1,3,1
SF,IH2012,2020-09-11 09:31:00.500,3208.0000,24944,0,138453540.000,0,-,-,-,-,3207.6000,3207.4000,3207.0000,3206.8000,3205.8000,3209.0000,3209.4000,3209.6000,3210.0000,3213.0000,1,1,1,1,1,1,1,3,1,2
SF,IH2012,2020-09-11 09:31:01.000,3208.0000,24944,0,138453540.000,0,-,-,-,-,3207.8000,3207.6000,3207.4000,3206.8000,3205.8000,3209.4000,3210.0000,3213.0000,3213.8000,3214.0000,1,2,1,1,1,1,1,2,1,1
SF,IH2012,2020-09-11 09:31:01.500,3208.0000,24944,0,138453540.000,0,-,-,-,-,3208.0000,3207.8000,3207.6000,3206.8000,3205.8000,3209.4000,3210.0000,3210.4000,3213.0000,3213.8000,2,2,1,1,1,1,1,1,2,1
SF,IH2012,2020-09-11 09:31:02.000,3208.0000,24944,0,138453540.000,0,-,-,-,-,3208.2000,3208.0000,3207.8000,3206.8000,3205.8000,3210.0000,3210.6000,3213.0000,3213.8000,3214.0000,3,3,1,1,1,1,1,2,1,1
SF,IH2012,2020-09-11 09:31:02.500,3208.0000,24944,0,138453540.000,0,-,-,-,-,3208.4000,3208.2000,3208.0000,3206.8000,3205.8000,3209.8000,3210.0000,3210.6000,3211.2000,3213.0000,3,3,1,1,1,1,1,1,2,2
SF,IH2012,2020-09-11 09:31:03.000,3208.0000,24943,-1,139415940.000,1,0,1,双平,S,3208.2000,3208.0000,3206.8000,3205.8000,3205.6000,3209.6000,3209.8000,3210.0000,3210.6000,3211.2000,2,1,1,1,1,2,2,1,1,2
SF,IH2012,2020-09-11 09:31:03.500,3208.0000,24943,0,139415940.000,0,-,-,-,-,3208.2000,3208.0000,3206.8000,3205.8000,3205.6000,3209.4000,3209.6000,3210.0000,3210.6000,3211.2000,1,1,1,1,1,2,3,1,1,2
SF,IH2012,2020-09-11 09:31:04.000,3208.2000,24942,-1,141340860.000,2,0,2,多平,S,3206.8000,3205.8000,3205.6000,3205.4000,3205.2000,3208.2000,3209.4000,3209.6000,3210.0000,3210.6000,1,1,1,1,2,1,3,1,1,1
SF,IH2012,2020-09-11 09:31:04.500,3208.2000,24942,0,141340860.000,0,-,-,-,-,3207.0000,3206.8000,3205.8000,3205.6000,3205.4000,3208.0000,3208.2000,3209.0000,3209.2000,3209.6000,4,1,1,1,1,1,2,1,2,1
SF,IH2012,2020-09-11 09:31:05.000,3206.8000,24939,-3,145189200.000,4,0,4,多平,S,3205.8000,3205.6000,3205.4000,3205.2000,3205.0000,3206.8000,3208.0000,3208.2000,3209.0000,3209.2000,1,1,1,2,1,1,1,2,1,2
SF,IH2012,2020-09-11 09:31:05.500,3206.8000,24939,0,145189200.000,0,-,-,-,-,3206.0000,3205.8000,3205.4000,3205.2000,3205.0000,3208.0000,3208.2000,3209.0000,3209.2000,3209.6000,1,2,1,2,1,2,2,1,2,1
SF,IH2012,2020-09-11 09:31:06.000,3206.8000,24939,0,145189200.000,0,-,-,-,-,3206.0000,3205.8000,3205.4000,3205.2000,3205.0000,3207.8000,3208.0000,3208.2000,3209.2000,3209.6000,2,2,1,2,1,4,1,2,2,1
SF,IH2012,2020-09-11 09:31:06.500,3206.0000,24937,-2,147112800.000,2,0,2,双平,S,3205.8000,3205.4000,3205.2000,3205.0000,3204.0000,3207.6000,3207.8000,3208.2000,3209.2000,3209.6000,1,1,2,1,1,2,3,2,2,1
SF,IH2012,2020-09-11 09:31:07.000,3206.0000,24937,0,147112800.000,0,-,-,-,-,3205.8000,3205.4000,3205.2000,3205.0000,3204.0000,3206.0000,3207.4000,3207.6000,3207.8000,3208.2000,1,1,2,1,1,1,2,3,1,2
SF,IH2012,2020-09-11 09:31:07.500,3206.0000,24936,-1,148074600.000,1,0,1,双平,S,3205.4000,3205.2000,3205.0000,3204.0000,3202.8000,3207.6000,3207.8000,3208.2000,3209.2000,3209.6000,1,2,1,1,1,2,1,2,2,1
SF,IH2012,2020-09-11 09:31:08.000,3206.0000,24936,0,148074600.000,0,-,-,-,-,3205.6000,3205.4000,3205.2000,3205.0000,3204.0000,3206.0000,3207.4000,3207.6000,3207.8000,3208.2000,1,2,2,1,1,1,1,2,1,2
SF,IH2012,2020-09-11 09:31:08.500,3206.0000,24935,-1,149036400.000,1,0,1,双平,S,3205.6000,3205.4000,3205.2000,3205.0000,3204.0000,3207.6000,3207.8000,3208.2000,3209.2000,3209.6000,1,1,2,1,1,2,1,2,2,1
SF,IH2012,2020-09-11 09:31:09.000,3206.0000,24935,0,149036400.000,0,-,-,-,-,3205.6000,3205.4000,3205.2000,3205.0000,3204.0000,3207.2000,3207.4000,3207.6000,3207.8000,3208.2000,1,1,2,1,1,2,3,2,1,2
SF,IH2012,2020-09-11 09:31:09.500,3206.0000,24935,0,149036400.000,0,-,-,-,-,3205.6000,3205.2000,3205.0000,3204.0000,3202.8000,3207.0000,3207.2000,3207.4000,3207.6000,3207.8000,1,2,1,1,1,4,3,1,1,1
SF,IH2012,2020-09-11 09:31:10.000,3205.6000,24934,-1,149998080.000,1,0,1,双平,S,3205.8000,3205.2000,3205.0000,3204.0000,3202.8000,3206.8000,3207.0000,3207.2000,3207.4000,3207.8000,1,1,2,1,1,1,4,2,1,1
SF,IH2012,2020-09-11 09:31:10.500,3205.0000,24932,-2,153844380.000,4,1,3,多平,S,3204.0000,3202.8000,3201.2000,3201.0000,3200.0000,3206.6000,3206.8000,3207.2000,3207.4000,3207.8000,1,1,1,2,8,4,1,2,1,1
SF,IH2012,2020-09-11 09:31:11.000,3205.0000,24932,0,153844380.000,0,-,-,-,-,3204.2000,3204.0000,3202.8000,3201.2000,3201.0000,3206.2000,3206.6000,3207.2000,3207.4000,3207.8000,2,4,1,1,2,1,2,2,1,1
SF,IH2012,2020-09-11 09:31:11.500,3205.0000,24932,0,153844380.000,0,-,-,-,-,3204.2000,3204.0000,3202.8000,3201.2000,3201.0000,3206.0000,3206.2000,3207.4000,3207.8000,3208.2000,3,2,1,1,2,1,1,3,1,2
SF,IH2012,2020-09-11 09:31:12.000,3206.2000,24930,-2,155768040.000,2,0,2,双平,S,3206.2000,3205.2000,3204.8000,3204.6000,3204.4000,3207.4000,3207.8000,3208.2000,3209.6000,3210.0000,1,2,1,10,1,1,1,2,1,1
SF,IH2012,2020-09-11 09:31:12.500,3206.2000,24930,0,155768040.000,0,-,-,-,-,3206.4000,3206.2000,3204.8000,3204.6000,3204.4000,3207.8000,3208.2000,3208.6000,3209.6000,3210.0000,1,2,1,11,1,1,2,2,1,1
SF,IH2012,2020-09-11 09:31:13.000,3207.8000,24929,-1,156730380.000,1,0,1,双平,S,3207.4000,3206.6000,3206.4000,3206.2000,3204.8000,3208.2000,3209.2000,3209.6000,3210.0000,3213.0000,1,2,2,2,1,2,4,1,1,2
SF,IH2012,2020-09-11 09:31:13.500,3208.2000,24927,-2,158655300.000,2,0,2,双平,S,3208.2000,3208.0000,3207.8000,3207.6000,3207.4000,3209.6000,3210.0000,3213.0000,3213.8000,3214.0000,1,1,1,1,1,1,1,2,1,1
SF,IH2012,2020-09-11 09:31:14.000,3208.2000,24927,0,158655300.000,0,-,-,-,-,3208.4000,3208.2000,3208.0000,3207.8000,3207.4000,3209.4000,3209.6000,3209.8000,3210.0000,3213.0000,1,1,1,1,1,2,1,4,1,2
SF,IH2012,2020-09-11 09:31:14.500,3208.4000,24926,-1,159617820.000,1,0,1,双平,S,3208.2000,3208.0000,3207.8000,3207.4000,3206.8000,3209.4000,3209.8000,3210.0000,3213.0000,3213.8000,2,1,1,1,2,3,4,1,2,1
SF,IH2012,2020-09-11 09:31:15.000,3208.2000,24924,-2,161542740.000,2,0,2,双平,S,3207.8000,3207.4000,3206.2000,3204.8000,3204.6000,3208.0000,3209.2000,3209.4000,3209.6000,3209.8000,1,1,1,1,2,1,1,3,4,4
SF,IH2012,2020-09-11 09:31:15.500,3208.2000,24924,0,161542740.000,0,-,-,-,-,3206.2000,3204.8000,3204.6000,3204.2000,3204.0000,3207.8000,3208.0000,3209.2000,3209.6000,3209.8000,1,1,2,1,1,2,1,1,4,4
SF,IH2012,2020-09-11 09:31:16.000,3208.2000,24924,0,161542740.000,0,-,-,-,-,3206.4000,3206.2000,3206.0000,3205.2000,3204.8000,3207.6000,3207.8000,3208.0000,3209.0000,3209.2000,1,2,1,1,1,2,2,1,1,1
SF,IH2012,2020-09-11 09:31:16.500,3207.6000,24923,-1,162505020.000,1,0,1,双平,S,3206.6000,3206.4000,3206.2000,3206.0000,3205.2000,3207.8000,3208.0000,3209.0000,3209.2000,3209.6000,1,2,2,1,1,2,1,1,1,4
SF,IH2012,2020-09-11 09:31:17.000,3207.8000,24922,-1,163467360.000,1,0,1,双平,S,3207.6000,3206.8000,3206.6000,3206.4000,3206.2000,3209.0000,3209.2000,3209.6000,3209.8000,3210.0000,1,1,3,1,1,1,1,4,4,1
SF,IH2012,2020-09-11 09:31:17.500,3207.8000,24922,0,163467360.000,0,-,-,-,-,3207.6000,3207.4000,3206.8000,3206.6000,3206.4000,3208.8000,3209.0000,3209.2000,3209.6000,3209.8000,1,1,2,3,1,3,1,1,4,4
SF,IH2012,2020-09-11 09:31:18.000,3207.8000,24922,0,163467360.000,0,-,-,-,-,3207.8000,3207.6000,3207.4000,3207.2000,3206.8000,3208.8000,3209.0000,3209.2000,3209.6000,3209.8000,1,1,1,1,2,3,1,1,4,4
SF,IH2012,2020-09-11 09:31:18.500,3207.8000,24921,-1,164429700.000,1,0,1,双平,S,3207.6000,3207.4000,3207.0000,3206.8000,3206.6000,3208.8000,3209.0000,3209.2000,3209.6000,3209.8000,1,1,1,2,1,1,1,1,4,4
SF,IH2012,2020-09-11 09:31:19.000,3207.4000,24919,-2,166354200.000,2,0,2,双平,S,3207.0000,3206.8000,3206.6000,3206.4000,3206.2000,3207.4000,3208.6000,3208.8000,3209.0000,3209.2000,1,2,1,1,1,1,2,1,1,1
SF,IH2012,2020-09-11 09:31:19.500,3207.4000,24919,0,166354200.000,0,-,-,-,-,3207.0000,3206.8000,3206.6000,3206.4000,3206.2000,3207.4000,3208.8000,3209.0000,3209.2000,3209.6000,1,1,1,1,1,1,1,1,1,4
SF,IH2012,2020-09-11 09:31:20.000,3207.0000,24918,-1,167316300.000,1,0,1,双平,S,3206.6000,3206.4000,3206.2000,3206.0000,3205.6000,3207.2000,3207.4000,3207.6000,3209.0000,3209.2000,1,1,1,1,1,1,1,4,1,1
SF,IH2012,2020-09-11 09:31:20.500,3207.2000,24917,-1,168278460.000,1,0,1,双平,S,3206.6000,3206.4000,3206.2000,3206.0000,3205.6000,3207.6000,3209.0000,3209.2000,3209.6000,3209.8000,1,3,1,1,1,4,1,1,4,4
SF,IH2012,2020-09-11 09:31:21.000,3207.2000,24917,0,168278460.000,0,-,-,-,-,3206.8000,3206.6000,3206.4000,3206.2000,3206.0000,3207.6000,3209.0000,3209.2000,3209.6000,3209.8000,2,1,4,1,1,4,1,1,4,4
SF,IH2012,2020-09-11 09:31:21.500,3207.6000,24913,-4,172127580.000,4,0,4,双平,S,3207.6000,3206.8000,3206.6000,3206.4000,3206.2000,3208.4000,3209.0000,3209.2000,3209.6000,3209.8000,1,5,1,3,1,1,1,1,4,4
SF,IH2012,2020-09-11 09:31:22.000,3207.6000,24913,0,172127580.000,0,-,-,-,-,3207.6000,3207.4000,3207.0000,3206.8000,3206.6000,3208.2000,3208.4000,3209.0000,3209.2000,3209.6000,1,1,1,5,1,1,1,1,1,4
SF,IH2012,2020-09-11 09:31:22.500,3207.6000,24913,0,172127580.000,0,-,-,-,-,3207.6000,3207.4000,3207.0000,3206.8000,3206.6000,3208.4000,3209.0000,3209.2000,3209.6000,3209.8000,1,2,1,4,1,1,1,1,4,5
SF,IH2012,2020-09-11 09:31:23.000,3208.4000,24913,0,173090100.000,1,0,1,多换,S,3207.6000,3207.4000,3207.0000,3206.8000,3206.4000,3209.0000,3209.2000,3209.6000,3209.8000,3210.0000,2,2,1,2,3,1,1,4,1,1
SF,IH2012,2020-09-11 09:31:23.500,3208.4000,24913,0,173090100.000,0,-,-,-,-,3207.4000,3207.0000,3206.8000,3206.4000,3206.2000,3207.6000,3208.8000,3209.0000,3209.2000,3209.6000,2,1,2,3,1,1,4,1,1,8
SF,IH2012,2020-09-11 09:31:24.000,3206.8000,24909,-4,176938680.000,4,0,4,双平,S,3206.4000,3206.2000,3206.0000,3205.6000,3205.0000,3207.6000,3208.8000,3209.0000,3209.2000,3209.6000,3,1,1,1,1,1,1,1,1,8
SF,IH2012,2020-09-11 09:31:24.500,3206.8000,24909,0,176938680.000,0,-,-,-,-,3206.4000,3206.2000,3206.0000,3205.6000,3205.0000,3207.4000,3207.6000,3209.0000,3209.2000,3209.6000,3,1,1,1,2,3,2,1,1,8
SF,IH2012,2020-09-11 09:31:25.000,3206.8000,24909,0,176938680.000,0,-,-,-,-,3206.4000,3206.2000,3206.0000,3205.6000,3205.0000,3207.4000,3207.6000,3209.0000,3209.6000,3210.0000,3,1,1,1,2,4,5,1,8,1
SF,IH2012,2020-09-11 09:31:25.500,3206.8000,24909,0,176938680.000,0,-,-,-,-,3206.4000,3206.2000,3206.0000,3205.6000,3205.0000,3207.4000,3207.6000,3209.0000,3209.6000,3210.0000,3,3,1,1,2,4,5,1,8,1
SF,IH2012,2020-09-11 09:31:26.000,3206.4000,24906,-3,180786360.000,4,0,4,多平,S,3206.2000,3206.0000,3205.6000,3205.0000,3204.6000,3206.4000,3207.2000,3207.4000,3207.6000,3209.0000,2,1,1,2,2,1,1,8,5,1
SF,IH2012,2020-09-11 09:31:26.500,3206.0000,24903,-3,183671880.000,3,0,3,双平,S,3205.6000,3205.0000,3204.6000,3204.2000,3204.0000,3206.2000,3206.4000,3207.0000,3207.2000,3207.6000,1,2,1,1,2,3,1,1,1,5
SF,IH2012,2020-09-11 09:31:27.000,3205.6000,24903,0,184633560.000,1,0,1,多换,S,3205.0000,3204.6000,3204.2000,3204.0000,3202.8000,3206.0000,3206.2000,3206.4000,3207.0000,3207.2000,2,1,1,3,1,1,2,1,1,1
SF,IH2012,2020-09-11 09:31:27.500,3205.6000,24903,0,184633560.000,0,-,-,-,-,3205.0000,3204.8000,3204.2000,3204.0000,3202.8000,3206.0000,3207.0000,3207.2000,3207.6000,3208.0000,2,1,2,3,1,2,5,1,5,1
SF,IH2012,2020-09-11 09:31:28.000,3205.0000,24902,-1,185595060.000,1,0,1,双平,S,3204.8000,3204.2000,3204.0000,3203.2000,3202.8000,3205.8000,3206.0000,3207.0000,3207.2000,3207.6000,1,2,3,1,1,1,2,5,1,5
SF,IH2012,2020-09-11 09:31:28.500,3204.8000,24901,-1,186556500.000,1,0,1,双平,S,3204.2000,3204.0000,3203.2000,3202.8000,3202.0000,3205.6000,3205.8000,3207.0000,3207.2000,3207.6000,2,3,1,1,1,2,2,5,1,5
SF,IH2012,2020-09-11 09:31:29.000,3205.4000,24902,1,187518120.000,1,1,0,双开,S,3204.2000,3204.0000,3203.2000,3202.2000,3202.0000,3205.6000,3207.0000,3207.2000,3207.6000,3208.0000,1,2,1,1,1,3,5,1,5,1
SF,IH2012,2020-09-11 09:31:29.500,3205.4000,24902,0,187518120.000,0,-,-,-,-,3204.2000,3204.0000,3203.2000,3202.2000,3202.0000,3205.6000,3207.0000,3207.2000,3207.6000,3208.0000,2,2,1,1,1,3,5,1,5,1
SF,IH2012,2020-09-11 09:31:30.000,3205.4000,24902,0,187518120.000,0,-,-,-,-,3204.4000,3204.2000,3204.0000,3203.2000,3202.2000,3205.6000,3205.8000,3207.0000,3207.2000,3207.6000,1,2,2,1,1,3,3,5,1,5
SF,IH2012,2020-09-11 09:31:30.500,3205.4000,24902,0,187518120.000,0,-,-,-,-,3204.4000,3204.2000,3204.0000,3203.2000,3202.2000,3205.6000,3205.8000,3207.0000,3207.2000,3207.6000,1,4,2,1,1,3,3,5,1,5
SF,IH2012,2020-09-11 09:31:31.000,3205.4000,24902,0,187518120.000,0,-,-,-,-,3204.4000,3204.2000,3204.0000,3203.2000,3202.2000,3205.6000,3205.8000,3207.0000,3207.2000,3207.6000,2,4,2,1,1,3,3,5,1,5
SF,IH2012,2020-09-11 09:31:31.500,3205.6000,24901,-1,188479800.000,1,0,1,双平,S,3204.4000,3204.2000,3204.0000,3203.2000,3202.2000,3205.6000,3205.8000,3207.0000,3207.2000,3207.6000,2,4,2,1,1,1,3,5,1,5
SF,IH2012,2020-09-11 09:31:32.000,3205.6000,24900,-1,189441480.000,1,0,1,双平,S,3205.6000,3204.6000,3204.4000,3204.2000,3204.0000,3205.8000,3207.0000,3207.2000,3207.6000,3208.0000,1,2,4,4,2,3,1,1,5,1
SF,IH2012,2020-09-11 09:31:32.500,3205.8000,24897,-3,192326700.000,3,0,3,双平,S,3206.0000,3205.8000,3205.6000,3204.6000,3204.4000,3207.0000,3207.2000,3207.6000,3208.0000,3209.6000,2,2,1,1,2,1,1,5,1,5
SF,IH2012,2020-09-11 09:31:33.000,3205.8000,24897,0,192326700.000,0,-,-,-,-,3206.2000,3206.0000,3205.8000,3205.6000,3204.4000,3207.2000,3207.6000,3208.0000,3209.0000,3209.6000,1,3,2,1,1,1,5,1,1,5
SF,IH2012,2020-09-11 09:31:33.500,3205.8000,24897,0,192326700.000,0,-,-,-,-,3206.2000,3206.0000,3205.8000,3205.6000,3204.4000,3207.2000,3207.6000,3208.0000,3209.0000,3209.6000,1,3,1,1,1,1,5,1,1,5
SF,IH2012,2020-09-11 09:31:34.000,3205.8000,24897,0,192326700.000,0,-,-,-,-,3206.2000,3206.0000,3205.8000,3205.6000,3205.0000,3207.2000,3207.4000,3207.6000,3209.0000,3209.6000,1,3,1,1,1,2,4,5,1,5
SF,IH2012,2020-09-11 09:31:34.500,3206.2000,24896,-1,193288560.000,1,0,1,双平,S,3206.0000,3205.8000,3205.6000,3205.0000,3204.4000,3207.2000,3207.4000,3207.6000,3209.0000,3209.6000,3,1,1,2,1,2,4,5,1,5
SF,IH2012,2020-09-11 09:31:35.000,3206.2000,24896,0,193288560.000,0,-,-,-,-,3206.0000,3205.8000,3205.6000,3205.0000,3204.4000,3207.0000,3207.2000,3207.4000,3207.6000,3209.0000,3,1,1,2,1,1,2,7,5,2
SF,IH2012,2020-09-11 09:31:35.500,3206.2000,24896,0,193288560.000,0,-,-,-,-,3206.0000,3205.8000,3205.6000,3205.0000,3204.4000,3207.0000,3207.2000,3207.4000,3207.6000,3207.8000,2,3,1,2,1,2,2,3,5,4
SF,IH2012,2020-09-11 09:31:36.000,3206.2000,24896,0,193288560.000,0,-,-,-,-,3206.0000,3205.8000,3205.6000,3205.0000,3204.4000,3207.0000,3207.2000,3207.4000,3207.6000,3207.8000,3,3,1,2,1,1,2,3,5,4
SF,IH2012,2020-09-11 09:31:36.500,3206.2000,24896,0,193288560.000,0,-,-,-,-,3206.2000,3206.0000,3205.8000,3205.6000,3205.0000,3207.0000,3207.2000,3207.4000,3207.6000,3207.8000,3,3,3,1,2,1,2,3,5,4
SF,IH2012,2020-09-11 09:31:37.000,3206.2000,24896,0,193288560.000,0,-,-,-,-,3206.2000,3206.0000,3205.8000,3205.6000,3205.0000,3206.8000,3207.2000,3207.4000,3207.6000,3207.8000,4,4,3,1,2,1,2,3,5,4
SF,IH2012,2020-09-11 09:31:38.000,3206.8000,24895,-1,194250600.000,1,0,1,双平,S,3206.4000,3206.2000,3206.0000,3205.8000,3205.6000,3207.2000,3207.4000,3207.6000,3207.8000,3209.0000,1,3,4,3,1,2,3,5,4,2
SF,IH2012,2020-09-11 09:31:38.500,3206.4000,24894,-1,195212520.000,1,0,1,双平,S,3206.2000,3206.0000,3205.8000,3205.6000,3205.0000,3207.0000,3207.2000,3207.4000,3207.6000,3207.8000,3,4,3,1,2,1,2,3,5,4
SF,IH2012,2020-09-11 09:31:39.000,3206.2000,24894,0,196174380.000,1,0,1,多换,S,3206.2000,3206.0000,3205.8000,3205.6000,3205.0000,3207.0000,3207.2000,3207.4000,3207.6000,3207.8000,3,4,3,1,2,1,2,3,5,4
SF,IH2012,2020-09-11 09:31:39.500,3206.2000,24895,1,197136240.000,1,1,0,双开,S,3206.2000,3206.0000,3205.8000,3205.6000,3205.0000,3207.0000,3207.2000,3207.4000,3207.6000,3207.8000,1,2,3,1,2,2,2,3,5,4
SF,IH2012,2020-09-11 09:31:40.000,3206.2000,24895,0,197136240.000,0,-,-,-,-,3206.2000,3206.0000,3205.8000,3205.6000,3205.0000,3207.0000,3207.2000,3207.4000,3207.6000,3207.8000,1,3,3,1,2,2,5,3,5,4
SF,IH2012,2020-09-11 09:31:40.500,3206.2000,24895,0,197136240.000,0,-,-,-,-,3206.2000,3206.0000,3205.8000,3205.6000,3205.0000,3207.0000,3207.2000,3207.4000,3207.6000,3207.8000,1,5,3,1,2,2,5,3,5,4
SF,IH2012,2020-09-11 09:31:41.000,3206.2000,24895,0,197136240.000,0,-,-,-,-,3206.2000,3206.0000,3205.8000,3205.6000,3205.0000,3207.0000,3207.2000,3207.4000,3207.6000,3207.8000,1,5,3,1,2,1,5,3,5,4
SF,IH2012,2020-09-11 09:31:42.000,3206.2000,24895,0,197136240.000,0,-,-,-,-,3206.2000,3206.0000,3205.8000,3205.6000,3205.4000,3206.6000,3207.0000,3207.2000,3207.4000,3207.6000,1,5,3,1,1,1,1,5,3,5
SF,IH2012,2020-09-11 09:31:42.500,3207.2000,24892,-3,201946680.000,5,1,4,多平,S,3206.0000,3205.8000,3205.6000,3205.0000,3204.2000,3207.2000,3207.4000,3207.6000,3207.8000,3208.8000,5,3,2,2,4,3,3,5,4,1
SF,IH2012,2020-09-11 09:31:43.000,3207.2000,24892,0,201946680.000,0,-,-,-,-,3206.2000,3206.0000,3205.8000,3205.6000,3205.0000,3207.2000,3207.4000,3207.6000,3207.8000,3208.4000,2,8,6,1,2,3,3,5,4,1
SF,IH2012,2020-09-11 09:31:43.500,3207.2000,24892,0,201946680.000,0,-,-,-,-,3206.2000,3206.0000,3205.8000,3205.6000,3205.0000,3207.2000,3207.4000,3207.6000,3207.8000,3208.4000,3,9,3,1,2,3,3,5,4,1
SF,IH2012,2020-09-11 09:31:44.000,3207.2000,24892,0,201946680.000,0,-,-,-,-,3206.2000,3206.0000,3205.8000,3205.6000,3205.0000,3207.2000,3207.4000,3207.6000,3207.8000,3208.4000,4,9,3,1,2,3,3,5,4,1
SF,IH2012,2020-09-11 09:31:44.500,3207.2000,24892,0,202908840.000,1,0,1,多换,S,3206.2000,3206.0000,3205.8000,3205.6000,3205.0000,3207.2000,3207.4000,3207.6000,3207.8000,3208.4000,3,6,6,1,2,2,3,5,4,1
SF,IH2012,2020-09-11 09:31:45.000,3207.2000,24892,0,202908840.000,0,-,-,-,-,3206.2000,3206.0000,3205.8000,3205.6000,3205.0000,3207.2000,3207.4000,3207.6000,3207.8000,3208.4000,2,6,6,1,2,3,6,5,4,1
SF,IH2012,2020-09-11 09:31:45.500,3206.2000,24891,-1,203870700.000,1,0,1,双平,S,3206.0000,3205.8000,3205.6000,3205.0000,3204.2000,3207.0000,3207.2000,3207.4000,3207.6000,3207.8000,8,6,1,2,4,2,3,6,5,4
SF,IH2012,2020-09-11 09:31:46.000,3206.2000,24891,0,203870700.000,0,-,-,-,-,3206.0000,3205.8000,3205.6000,3205.0000,3204.2000,3206.2000,3206.8000,3207.0000,3207.2000,3207.4000,5,6,1,2,4,3,1,2,3,6
SF,IH2012,2020-09-11 09:31:46.500,3205.8000,24883,-8,212526660.000,9,0,9,多平,S,3205.8000,3205.6000,3205.0000,3204.2000,3204.0000,3206.0000,3206.2000,3207.0000,3207.2000,3207.4000,2,1,2,5,1,2,3,2,3,6
SF,IH2012,2020-09-11 09:31:47.000,3205.6000,24883,0,215411820.000,3,1,2,多换,S,3205.0000,3204.2000,3204.0000,3202.4000,3202.0000,3205.8000,3206.0000,3206.2000,3207.0000,3207.2000,2,5,1,1,1,1,2,3,1,2
SF,IH2012,2020-09-11 09:31:47.500,3205.6000,24883,0,215411820.000,0,-,-,-,-,3205.2000,3205.0000,3204.2000,3204.0000,3203.4000,3205.6000,3205.8000,3206.0000,3206.2000,3207.0000,1,1,5,1,1,2,1,2,3,1
SF,IH2012,2020-09-11 09:31:48.000,3205.2000,24883,0,216373380.000,1,0,1,多换,S,3205.0000,3204.2000,3204.0000,3203.4000,3202.4000,3205.6000,3205.8000,3206.0000,3206.2000,3207.0000,1,5,1,1,1,2,1,2,3,1
SF,IH2012,2020-09-11 09:31:48.500,3205.6000,24884,1,217335060.000,1,1,0,双开,S,3205.0000,3204.2000,3204.0000,3203.4000,3202.4000,3205.6000,3205.8000,3206.0000,3206.2000,3207.0000,3,5,1,1,1,1,1,2,3,1
SF,IH2012,2020-09-11 09:31:49.000,3205.6000,24884,0,217335060.000,0,-,-,-,-,3205.0000,3204.2000,3204.0000,3203.4000,3202.4000,3205.6000,3205.8000,3206.0000,3206.2000,3207.0000,1,5,2,1,1,2,1,2,7,1
SF,IH2012,2020-09-11 09:31:49.500,3205.0000,24884,0,218296560.000,1,0,1,多换,S,3204.2000,3204.0000,3203.8000,3203.4000,3202.4000,3205.6000,3205.8000,3206.0000,3206.2000,3207.0000,5,1,1,1,1,2,1,2,7,1
SF,IH2012,2020-09-11 09:31:50.000,3205.4000,24885,1,219258180.000,1,1,0,双开,S,3205.2000,3204.2000,3204.0000,3203.8000,3203.4000,3205.4000,3205.6000,3205.8000,3206.0000,3206.2000,1,5,1,1,1,2,2,1,2,7
SF,IH2012,2020-09-11 09:31:50.500,3205.2000,24884,-1,220219740.000,1,0,1,双平,S,3204.2000,3204.0000,3203.8000,3203.4000,3202.4000,3205.4000,3205.6000,3205.8000,3206.0000,3206.2000,3,1,1,1,1,4,2,1,2,7
SF,IH2012,2020-09-11 09:31:51.000,3205.2000,24884,0,220219740.000,0,-,-,-,-,3204.4000,3204.2000,3204.0000,3203.8000,3203.4000,3205.4000,3205.6000,3206.0000,3206.2000,3207.6000,4,6,1,1,1,4,2,2,7,1
SF,IH2012,2020-09-11 09:31:51.500,3205.4000,24881,-3,223104600.000,3,0,3,双平,S,3204.4000,3204.2000,3204.0000,3203.4000,3202.6000,3205.4000,3205.6000,3206.0000,3206.2000,3207.6000,4,6,2,1,1,1,2,2,7,1
SF,IH2012,2020-09-11 09:31:52.000,3205.4000,24880,-1,224066220.000,1,0,1,双平,S,3205.2000,3204.6000,3204.4000,3204.2000,3204.0000,3205.4000,3205.6000,3206.2000,3206.4000,3207.6000,1,1,3,6,2,1,1,3,4,1
SF,IH2012,2020-09-11 09:31:52.500,3205.4000,24880,0,224066220.000,0,-,-,-,-,3205.2000,3204.6000,3204.4000,3204.2000,3204.0000,3205.4000,3206.2000,3206.4000,3207.6000,3208.8000,1,1,2,6,1,3,3,4,1,1
SF,IH2012,2020-09-11 09:31:53.000,3205.4000,24880,0,226951080.000,3,1,2,多换,S,3205.6000,3205.4000,3205.2000,3204.6000,3204.4000,3206.2000,3207.6000,3208.8000,3209.0000,3209.6000,2,2,1,1,2,3,1,1,1,1
SF,IH2012,2020-09-11 09:31:53.500,3206.2000,24878,-2,229836660.000,3,0,3,多平,S,3205.6000,3205.4000,3205.2000,3204.6000,3204.4000,3207.6000,3208.8000,3209.0000,3209.6000,3210.0000,2,1,1,1,2,1,1,1,1,2
SF,IH2012,2020-09-11 09:31:54.000,3206.2000,24878,0,229836660.000,0,-,-,-,-,3205.8000,3205.6000,3205.4000,3205.2000,3204.6000,3207.0000,3207.4000,3207.6000,3208.4000,3208.8000,2,3,1,1,1,1,2,6,1,1
SF,IH2012,2020-09-11 09:31:54.500,3206.2000,24878,0,229836660.000,0,-,-,-,-,3205.8000,3205.6000,3205.4000,3205.2000,3204.4000,3206.8000,3207.0000,3207.4000,3207.6000,3208.4000,2,3,1,1,1,2,1,1,5,1
SF,IH2012,2020-09-11 09:31:55.000,3206.2000,24878,0,229836660.000,0,-,-,-,-,3205.6000,3205.4000,3205.2000,3204.4000,3204.2000,3206.4000,3206.6000,3206.8000,3207.4000,3207.6000,2,1,1,1,6,1,1,2,1,5
SF,IH2012,2020-09-11 09:31:55.500,3206.2000,24878,0,229836660.000,0,-,-,-,-,3205.6000,3205.4000,3205.2000,3204.4000,3204.2000,3206.2000,3206.4000,3206.6000,3206.8000,3207.4000,2,1,1,1,6,1,4,1,1,1
SF,IH2012,2020-09-11 09:31:56.000,3206.4000,24877,-1,230798580.000,1,0,1,双平,S,3206.2000,3205.8000,3205.6000,3205.4000,3205.2000,3206.4000,3206.8000,3207.4000,3207.6000,3208.4000,1,1,2,1,1,3,1,1,5,1
SF,IH2012,2020-09-11 09:31:56.500,3205.6000,24864,-13,243301800.000,13,0,13,双平,S,3205.4000,3205.2000,3204.4000,3204.2000,3204.0000,3207.4000,3207.6000,3208.4000,3208.8000,3209.0000,1,1,1,3,3,1,5,1,1,1
SF,IH2012,2020-09-11 09:31:57.000,3206.8000,24864,0,244263840.000,1,0,1,多换,S,3205.6000,3205.4000,3205.2000,3204.4000,3204.2000,3207.2000,3207.4000,3207.6000,3208.4000,3208.8000,2,2,1,1,3,1,1,5,1,1
SF,IH2012,2020-09-11 09:31:57.500,3206.8000,24864,0,244263840.000,0,-,-,-,-,3206.0000,3205.6000,3205.4000,3205.2000,3204.2000,3207.2000,3207.4000,3207.6000,3208.4000,3208.8000,1,3,2,1,3,1,1,5,1,1
SF,IH2012,2020-09-11 09:31:58.000,3206.8000,24864,0,244263840.000,0,-,-,-,-,3206.2000,3206.0000,3205.6000,3205.4000,3205.2000,3207.2000,3207.4000,3207.6000,3207.8000,3208.4000,2,2,1,1,1,1,1,1,4,1
SF,IH2012,2020-09-11 09:31:58.500,3206.8000,24864,0,244263840.000,0,-,-,-,-,3206.2000,3206.0000,3205.4000,3205.2000,3204.2000,3207.2000,3207.4000,3207.6000,3207.8000,3208.4000,4,6,1,1,3,1,1,1,4,1
SF,IH2012,2020-09-11 09:31:59.000,3206.2000,24863,-1,245225700.000,1,0,1,双平,S,3206.0000,3205.4000,3205.2000,3204.2000,3204.0000,3206.2000,3207.2000,3207.4000,3207.6000,3207.8000,6,1,1,3,3,1,1,1,1,4
SF,IH2012,2020-09-11 09:31:59.500,3206.0000,24862,-1,250996500.000,6,2,4,多平,S,3205.4000,3205.2000,3204.2000,3204.0000,3202.4000,3205.8000,3206.0000,3206.2000,3207.2000,3207.4000,1,1,3,3,1,2,1,1,1,1
SF,IH2012,2020-09-11 09:32:00.000,3205.8000,24860,-2,252919980.000,2,0,2,双平,S,3205.4000,3205.2000,3204.2000,3204.0000,3202.4000,3206.0000,3206.2000,3206.8000,3207.2000,3207.4000,1,1,3,3,1,1,1,1,1,1
SF,IH2012,2020-09-11 09:32:00.500,3205.4000,24859,-1,253881600.000,1,0,1,双平,S,3205.2000,3204.2000,3204.0000,3202.4000,3202.0000,3206.0000,3206.2000,3206.8000,3207.2000,3207.4000,1,4,1,1,1,4,1,1,1,1
SF,IH2012,2020-09-11 09:32:01.000,3206.2000,24854,-5,258690660.000,5,0,5,双平,S,3205.4000,3205.2000,3204.4000,3204.2000,3204.0000,3206.8000,3207.2000,3207.4000,3207.6000,3207.8000,1,2,2,3,1,1,1,1,1,4
SF,IH2012,2020-09-11 09:32:01.500,3206.2000,24854,0,258690660.000,0,-,-,-,-,3205.6000,3205.4000,3205.2000,3204.4000,3204.2000,3207.2000,3207.4000,3207.6000,3207.8000,3208.8000,1,3,2,2,3,1,1,1,5,1
SF,IH2012,2020-09-11 09:32:02.000,3206.2000,24854,0,258690660.000,0,-,-,-,-,3205.8000,3205.6000,3205.4000,3205.2000,3204.4000,3207.2000,3207.6000,3207.8000,3208.8000,3209.6000,1,3,2,1,2,1,1,5,1,1
SF,IH2012,2020-09-11 09:32:02.500,3207.2000,24853,-1,259652820.000,1,0,1,双平,S,3206.0000,3205.8000,3205.6000,3205.4000,3205.2000,3207.8000,3208.8000,3209.6000,3210.0000,3213.0000,2,4,1,1,1,1,1,1,2,2
SF,IH2012,2020-09-11 09:32:03.000,3207.8000,24852,-1,260615160.000,1,0,1,双平,S,3206.4000,3206.2000,3206.0000,3205.8000,3205.4000,3208.8000,3209.0000,3209.6000,3210.0000,3213.0000,2,10,2,1,1,1,4,1,2,2
SF,IH2012,2020-09-11 09:32:03.500,3206.8000,24851,-1,261577200.000,1,0,1,双平,S,3206.8000,3206.6000,3206.4000,3206.2000,3206.0000,3208.8000,3209.2000,3209.6000,3210.0000,3213.0000,4,3,3,2,1,2,4,1,2,2
SF,IH2012,2020-09-11 09:32:04.000,3207.2000,24848,-3,264464160.000,3,0,3,双平,S,3207.0000,3206.8000,3206.6000,3206.4000,3206.2000,3208.8000,3209.2000,3209.6000,3210.0000,3213.0000,5,5,1,1,1,1,4,1,2,2
SF,IH2012,2020-09-11 09:32:04.500,3207.2000,24848,0,264464160.000,0,-,-,-,-,3207.4000,3207.2000,3207.0000,3206.8000,3206.6000,3208.8000,3209.2000,3209.6000,3210.0000,3213.0000,1,1,5,4,1,1,4,1,2,2
SF,IH2012,2020-09-11 09:32:05.000,3208.8000,24847,-1,265426800.000,1,0,1,双平,S,3207.6000,3207.4000,3207.2000,3207.0000,3206.6000,3209.2000,3209.6000,3210.0000,3213.0000,3213.8000,2,1,1,1,1,4,1,2,2,1
SF,IH2012,2020-09-11 09:32:05.500,3208.8000,24847,0,265426800.000,0,-,-,-,-,3207.6000,3207.4000,3207.0000,3206.6000,3206.4000,3209.0000,3209.2000,3209.6000,3210.0000,3213.0000,2,1,1,1,1,3,8,1,2,2
SF,IH2012,2020-09-11 09:32:06.000,3208.8000,24847,0,265426800.000,0,-,-,-,-,3208.8000,3207.6000,3207.0000,3206.4000,3206.2000,3209.0000,3209.2000,3209.6000,3210.0000,3213.0000,1,2,1,1,1,4,7,1,2,2
SF,IH2012,2020-09-11 09:32:06.500,3208.8000,24847,0,266389440.000,1,0,1,多换,S,3207.6000,3207.0000,3205.4000,3205.2000,3204.4000,3208.8000,3209.0000,3209.2000,3209.6000,3210.0000,1,1,1,1,2,1,2,3,1,2
SF,IH2012,2020-09-11 09:32:07.000,3209.0000,24845,-2,268314780.000,2,0,2,双平,S,3207.8000,3207.6000,3207.0000,3205.4000,3205.2000,3209.2000,3209.6000,3210.0000,3213.0000,3213.8000,2,2,1,1,1,3,5,2,2,1
SF,IH2012,2020-09-11 09:32:07.500,3209.2000,24843,-2,270240300.000,2,0,2,双平,S,3208.0000,3207.8000,3207.6000,3207.0000,3205.4000,3209.2000,3209.6000,3210.0000,3213.0000,3214.0000,2,3,1,1,1,1,5,2,2,1
SF,IH2012,2020-09-11 09:32:08.000,3209.2000,24842,-1,271203060.000,1,0,1,双平,S,3208.2000,3208.0000,3207.8000,3207.0000,3205.4000,3209.6000,3210.0000,3210.2000,3213.0000,3214.0000,2,5,1,1,1,1,2,4,2,1
SF,IH2012,2020-09-11 09:32:08.500,3209.2000,24842,0,271203060.000,0,-,-,-,-,3208.4000,3208.2000,3208.0000,3207.0000,3205.4000,3209.6000,3210.0000,3210.2000,3213.0000,3214.0000,1,3,2,1,1,1,2,4,2,1
SF,IH2012,2020-09-11 09:32:09.000,3208.6000,24842,0,272165640.000,1,0,1,多换,S,3208.6000,3208.4000,3208.2000,3208.0000,3207.0000,3209.6000,3210.0000,3210.2000,3213.0000,3214.0000,1,1,1,2,1,1,2,4,2,1
SF,IH2012,2020-09-11 09:32:09.500,3208.2000,24839,-3,275053200.000,3,0,3,双平,S,3208.8000,3208.0000,3207.0000,3205.4000,3205.2000,3209.4000,3209.6000,3210.0000,3210.2000,3213.0000,1,1,1,1,1,1,1,2,4,2
SF,IH2012,2020-09-11 09:32:10.000,3208.6000,24838,-1,276015780.000,1,0,1,双平,S,3208.0000,3207.0000,3205.4000,3205.2000,3204.4000,3208.8000,3209.2000,3209.4000,3209.6000,3210.0000,5,1,1,1,2,1,1,2,1,2
SF,IH2012,2020-09-11 09:32:10.500,3208.0000,24838,0,279865380.000,4,2,2,多换,S,3208.2000,3208.0000,3207.0000,3205.4000,3205.2000,3208.8000,3209.2000,3209.6000,3210.0000,3210.2000,1,1,1,1,1,5,1,1,2,4
SF,IH2012,2020-09-11 09:32:11.000,3208.0000,24837,-1,281790180.000,2,0,2,多平,S,3207.0000,3205.2000,3204.4000,3204.2000,3204.0000,3208.0000,3208.2000,3208.6000,3208.8000,3209.6000,1,1,2,2,1,3,3,1,4,1
SF,IH2012,2020-09-11 09:32:11.500,3208.0000,24837,0,281790180.000,0,-,-,-,-,3207.0000,3205.2000,3204.4000,3204.2000,3204.0000,3208.0000,3208.2000,3208.6000,3208.8000,3209.6000,1,1,2,1,1,4,2,1,3,1
SF,IH2012,2020-09-11 09:32:12.000,3208.0000,24835,-2,283714980.000,2,0,2,双平,S,3207.0000,3205.2000,3204.4000,3204.2000,3204.0000,3208.0000,3208.2000,3208.8000,3209.6000,3210.0000,1,1,2,1,1,3,2,3,1,3
SF,IH2012,2020-09-11 09:32:12.500,3208.0000,24835,0,283714980.000,0,-,-,-,-,3207.0000,3205.2000,3204.4000,3204.0000,3202.4000,3208.0000,3208.2000,3208.8000,3209.6000,3210.0000,2,1,2,1,1,1,1,3,1,3
SF,IH2012,2020-09-11 09:32:13.000,3208.0000,24835,0,283714980.000,0,-,-,-,-,3207.2000,3207.0000,3205.2000,3204.4000,3204.0000,3208.0000,3208.2000,3208.6000,3208.8000,3209.6000,2,2,1,2,1,1,1,4,3,1
SF,IH2012,2020-09-11 09:32:13.500,3208.0000,24835,0,283714980.000,0,-,-,-,-,3207.2000,3207.0000,3205.2000,3204.4000,3204.0000,3208.0000,3208.2000,3208.6000,3208.8000,3209.6000,3,2,1,2,1,1,1,4,3,1
SF,IH2012,2020-09-11 09:32:14.000,3208.0000,24833,-2,285639540.000,2,0,2,双平,S,3207.2000,3207.0000,3205.2000,3204.4000,3204.0000,3208.2000,3208.6000,3208.8000,3209.6000,3210.0000,2,2,1,2,1,1,4,3,1,3
SF,IH2012,2020-09-11 09:32:14.500,3207.2000,24831,-2,287563860.000,2,0,2,双平,S,3207.4000,3207.2000,3207.0000,3205.2000,3204.4000,3208.2000,3208.8000,3209.6000,3210.0000,3213.0000,4,1,2,1,2,1,7,1,3,2
SF,IH2012,2020-09-11 09:32:15.000,3207.2000,24828,-3,292374900.000,5,1,4,多平,S,3207.0000,3205.2000,3204.4000,3204.0000,3202.4000,3207.4000,3208.0000,3208.2000,3208.8000,3209.6000,1,1,2,1,1,1,3,2,7,1
SF,IH2012,2020-09-11 09:32:15.500,3207.0000,24827,-1,293337000.000,1,0,1,双平,S,3205.2000,3204.4000,3204.0000,3202.4000,3202.0000,3207.0000,3207.2000,3207.4000,3208.2000,3208.8000,1,2,1,1,1,1,1,1,1,4
SF,IH2012,2020-09-11 09:32:16.000,3207.0000,24826,-1,295261200.000,2,0,2,多平,S,3205.4000,3205.2000,3204.4000,3204.0000,3202.4000,3207.0000,3208.2000,3208.8000,3209.6000,3210.0000,3,2,2,1,1,5,1,4,1,3
SF,IH2012,2020-09-11 09:32:16.500,3207.0000,24826,0,295261200.000,0,-,-,-,-,3205.4000,3205.2000,3204.4000,3204.0000,3202.4000,3207.0000,3207.4000,3208.2000,3208.8000,3209.6000,4,2,2,1,1,3,1,1,4,1
SF,IH2012,2020-09-11 09:32:17.000,3207.0000,24826,0,295261200.000,0,-,-,-,-,3205.8000,3205.6000,3205.4000,3205.2000,3204.4000,3207.0000,3207.4000,3208.2000,3208.8000,3209.6000,1,1,3,2,2,3,1,1,4,1
SF,IH2012,2020-09-11 09:32:17.500,3207.0000,24826,0,295261200.000,0,-,-,-,-,3206.0000,3205.8000,3205.4000,3205.2000,3204.4000,3207.0000,3207.4000,3208.2000,3208.8000,3209.6000,4,2,1,1,2,3,1,1,4,1
SF,IH2012,2020-09-11 09:32:18.000,3207.0000,24826,0,295261200.000,0,-,-,-,-,3206.0000,3205.8000,3205.2000,3204.4000,3204.0000,3206.8000,3207.0000,3207.4000,3208.2000,3208.8000,2,1,1,2,1,1,3,1,1,4
SF,IH2012,2020-09-11 09:32:18.500,3207.0000,24826,0,296223300.000,1,0,1,多换,S,3206.0000,3205.8000,3205.2000,3204.4000,3204.0000,3207.0000,3207.4000,3208.2000,3208.8000,3209.6000,2,1,1,2,1,3,1,1,4,1
SF,IH2012,2020-09-11 09:32:19.000,3207.0000,24826,0,297185400.000,1,0,1,多换,S,3206.0000,3205.8000,3205.2000,3204.4000,3204.0000,3207.0000,3207.4000,3208.2000,3208.8000,3209.6000,2,1,1,2,1,2,1,1,4,1
SF,IH2012,2020-09-11 09:32:19.500,3207.0000,24826,0,297185400.000,0,-,-,-,-,3206.0000,3205.8000,3205.2000,3204.4000,3204.0000,3207.0000,3207.4000,3208.2000,3208.8000,3209.6000,2,1,1,2,1,2,1,1,4,1
SF,IH2012,2020-09-11 09:32:20.000,3207.0000,24826,0,297185400.000,0,-,-,-,-,3205.8000,3205.2000,3204.4000,3204.0000,3202.4000,3207.0000,3207.4000,3208.2000,3208.8000,3209.6000,1,1,2,1,1,2,1,1,4,1
SF,IH2012,2020-09-11 09:32:20.500,3206.8000,24826,0,298147440.000,1,0,1,多换,S,3205.6000,3205.2000,3204.4000,3204.0000,3202.4000,3206.8000,3207.0000,3207.4000,3208.2000,3208.8000,1,1,2,1,1,1,3,1,1,4
SF,IH2012,2020-09-11 09:32:21.000,3206.8000,24826,0,298147440.000,0,-,-,-,-,3205.6000,3205.2000,3204.4000,3204.0000,3202.4000,3206.6000,3206.8000,3207.0000,3207.4000,3208.2000,1,1,1,1,1,1,2,1,1,1
SF,IH2012,2020-09-11 09:32:21.500,3205.6000,24826,0,299109120.000,1,0,1,多换,S,3205.2000,3204.4000,3204.0000,3202.4000,3202.0000,3205.6000,3206.6000,3206.8000,3207.4000,3208.4000,1,1,1,1,1,3,1,2,1,1
SF,IH2012,2020-09-11 09:32:22.000,3205.6000,24825,-1,300070800.000,1,0,1,双平,S,3205.2000,3205.0000,3204.4000,3204.0000,3202.4000,3205.6000,3206.6000,3206.8000,3207.4000,3208.4000,1,1,1,1,1,2,1,2,1,1
SF,IH2012,2020-09-11 09:32:22.500,3205.6000,24823,-2,301994160.000,2,0,2,双平,S,3205.6000,3205.2000,3205.0000,3204.4000,3204.0000,3206.6000,3206.8000,3207.4000,3208.4000,3209.6000,2,1,1,1,1,1,2,1,1,1
SF,IH2012,2020-09-11 09:32:23.000,3205.6000,24823,0,301994160.000,0,-,-,-,-,3205.8000,3205.6000,3205.2000,3205.0000,3204.4000,3206.6000,3206.8000,3207.4000,3208.4000,3209.6000,1,3,1,1,1,1,6,1,1,1
SF,IH2012,2020-09-11 09:32:23.500,3205.6000,24823,0,301994160.000,0,-,-,-,-,3205.8000,3205.6000,3205.2000,3205.0000,3204.4000,3206.6000,3206.8000,3208.4000,3209.6000,3210.0000,1,3,1,1,1,1,6,1,1,3
SF,IH2012,2020-09-11 09:32:24.000,3206.8000,24821,-2,303918180.000,2,0,2,双平,S,3205.8000,3205.6000,3205.2000,3205.0000,3204.4000,3206.8000,3208.4000,3209.6000,3210.0000,3213.0000,1,3,1,1,1,5,1,1,3,2
SF,IH2012,2020-09-11 09:32:24.500,3206.8000,24817,-4,307766340.000,4,0,4,双平,S,3206.0000,3205.8000,3205.6000,3205.2000,3205.0000,3208.4000,3209.6000,3210.0000,3213.0000,3214.0000,1,2,2,1,1,1,1,3,2,1
SF,IH2012,2020-09-11 09:32:25.000,3206.8000,24817,0,307766340.000,0,-,-,-,-,3206.8000,3206.0000,3205.8000,3205.6000,3205.2000,3208.0000,3208.2000,3208.4000,3209.6000,3210.0000,1,2,2,2,1,7,2,5,1,3
SF,IH2012,2020-09-11 09:32:25.500,3206.8000,24817,0,307766340.000,0,-,-,-,-,3207.0000,3206.0000,3205.8000,3205.6000,3205.2000,3208.0000,3208.2000,3208.4000,3209.6000,3210.0000,1,1,2,3,1,1,1,4,1,3
SF,IH2012,2020-09-11 09:32:26.000,3206.8000,24817,0,307766340.000,0,-,-,-,-,3207.0000,3206.0000,3205.8000,3205.6000,3205.2000,3208.4000,3209.6000,3210.0000,3213.0000,3214.0000,4,1,1,1,1,4,1,3,2,1
SF,IH2012,2020-09-11 09:32:26.500,3207.0000,24815,-2,309690540.000,2,0,2,双平,S,3206.0000,3205.8000,3205.6000,3205.2000,3205.0000,3207.0000,3208.4000,3209.6000,3210.0000,3213.0000,1,1,1,1,1,2,4,1,3,2
SF,IH2012,2020-09-11 09:32:27.000,3207.0000,24813,-2,311614740.000,2,0,2,双平,S,3207.0000,3206.2000,3206.0000,3205.8000,3205.6000,3208.4000,3209.6000,3210.0000,3213.0000,3214.0000,1,2,1,1,1,4,1,3,2,1
SF,IH2012,2020-09-11 09:32:27.500,3207.0000,24812,-1,312576840.000,1,0,1,双平,S,3206.2000,3206.0000,3205.8000,3205.6000,3205.2000,3208.2000,3208.4000,3209.6000,3210.0000,3213.0000,1,1,1,1,1,3,4,1,3,2
SF,IH2012,2020-09-11 09:32:28.000,3207.0000,24812,0,312576840.000,0,-,-,-,-,3205.8000,3205.6000,3205.2000,3205.0000,3204.4000,3207.8000,3208.0000,3208.2000,3208.4000,3209.6000,1,1,1,1,1,1,8,3,4,1
SF,IH2012,2020-09-11 09:32:28.500,3207.0000,24812,0,312576840.000,0,-,-,-,-,3206.0000,3205.8000,3205.6000,3205.2000,3205.0000,3207.4000,3207.6000,3207.8000,3208.0000,3208.2000,1,1,1,1,1,1,2,2,7,2
SF,IH2012,2020-09-11 09:32:29.000,3207.6000,24809,-3,315463560.000,3,0,3,双平,S,3206.0000,3205.8000,3205.6000,3205.2000,3205.0000,3207.8000,3208.2000,3208.4000,3208.6000,3209.6000,3,1,1,1,1,2,1,2,1,1
SF,IH2012,2020-09-11 09:32:29.500,3207.8000,24807,-2,317388240.000,2,0,2,双平,S,3207.8000,3206.0000,3205.8000,3205.6000,3205.2000,3208.2000,3208.4000,3208.6000,3209.6000,3210.0000,1,2,1,1,1,2,2,1,1,3
SF,IH2012,2020-09-11 09:32:30.000,3207.8000,24807,0,317388240.000,0,-,-,-,-,3207.8000,3206.2000,3206.0000,3205.8000,3205.6000,3208.2000,3209.6000,3210.0000,3211.0000,3213.0000,1,1,2,1,1,2,1,3,1,2
SF,IH2012,2020-09-11 09:32:30.500,3207.8000,24807,0,318350580.000,1,0,1,多换,S,3206.0000,3205.8000,3205.6000,3205.2000,3205.0000,3208.2000,3209.6000,3210.0000,3211.0000,3213.0000,2,1,1,1,2,1,1,3,1,2
SF,IH2012,2020-09-11 09:32:31.000,3207.8000,24807,0,318350580.000,0,-,-,-,-,3206.4000,3206.2000,3206.0000,3205.8000,3205.6000,3208.2000,3208.8000,3209.6000,3210.0000,3211.0000,1,2,2,1,1,1,3,1,3,1
SF,IH2012,2020-09-11 09:32:31.500,3207.8000,24807,0,318350580.000,0,-,-,-,-,3206.6000,3206.4000,3206.2000,3206.0000,3205.8000,3208.0000,3208.2000,3208.8000,3209.6000,3210.0000,1,2,1,1,1,1,1,3,1,3
SF,IH2012,2020-09-11 09:32:32.000,3207.8000,24807,0,318350580.000,0,-,-,-,-,3206.6000,3206.4000,3206.0000,3205.8000,3205.6000,3208.0000,3208.2000,3208.8000,3209.6000,3210.0000,1,1,1,1,1,1,1,3,1,3
SF,IH2012,2020-09-11 09:32:32.500,3207.8000,24807,0,318350580.000,0,-,-,-,-,3206.6000,3206.4000,3206.0000,3205.8000,3205.6000,3207.8000,3208.0000,3208.2000,3208.8000,3209.6000,1,1,1,1,1,8,1,1,3,1
SF,IH2012,2020-09-11 09:32:33.000,3206.6000,24806,-1,319312560.000,1,0,1,双平,S,3206.4000,3206.0000,3205.8000,3205.6000,3205.2000,3206.6000,3207.8000,3208.0000,3208.2000,3208.8000,1,1,1,1,1,2,1,1,1,3
SF,IH2012,2020-09-11 09:32:33.500,3206.6000,24804,-2,321236520.000,2,0,2,双平,S,3206.6000,3206.4000,3206.0000,3205.8000,3205.6000,3208.0000,3208.2000,3208.8000,3209.6000,3210.0000,2,1,1,1,1,1,1,3,1,3
SF,IH2012,2020-09-11 09:32:34.000,3206.6000,24804,0,321236520.000,0,-,-,-,-,3206.8000,3206.0000,3205.8000,3205.6000,3205.2000,3207.8000,3208.0000,3208.2000,3208.8000,3209.6000,1,1,1,1,1,1,2,1,3,1
SF,IH2012,2020-09-11 09:32:34.500,3206.6000,24804,0,321236520.000,0,-,-,-,-,3207.0000,3206.8000,3206.0000,3205.8000,3205.6000,3207.8000,3208.0000,3208.2000,3208.8000,3209.2000,1,1,1,1,1,2,2,1,2,1
SF,IH2012,2020-09-11 09:32:35.000,3206.6000,24804,0,321236520.000,0,-,-,-,-,3207.0000,3206.8000,3206.0000,3205.8000,3205.6000,3207.8000,3208.0000,3208.2000,3209.6000,3210.0000,1,1,1,1,1,2,2,1,1,3
SF,IH2012,2020-09-11 09:32:35.500,3207.8000,24803,-1,322198860.000,1,0,1,双平,S,3207.0000,3206.8000,3206.0000,3205.8000,3205.6000,3208.0000,3209.6000,3210.0000,3211.0000,3213.0000,1,1,1,1,1,2,1,3,1,2
SF,IH2012,2020-09-11 09:32:36.000,3207.8000,24803,0,322198860.000,0,-,-,-,-,3207.2000,3207.0000,3206.0000,3205.8000,3205.6000,3208.0000,3209.6000,3210.0000,3211.0000,3213.0000,1,2,1,1,1,1,1,3,1,2
SF,IH2012,2020-09-11 09:32:36.500,3207.8000,24803,0,322198860.000,0,-,-,-,-,3207.2000,3207.0000,3206.0000,3205.8000,3205.6000,3208.0000,3208.6000,3209.0000,3209.6000,3210.0000,1,2,1,1,1,1,2,1,1,3
SF,IH2012,2020-09-11 09:32:37.000,3207.8000,24803,0,322198860.000,0,-,-,-,-,3207.0000,3206.0000,3205.8000,3205.6000,3205.2000,3208.0000,3208.6000,3209.0000,3209.6000,3210.0000,1,1,1,1,1,2,2,1,1,3
SF,IH2012,2020-09-11 09:32:37.500,3207.8000,24803,0,322198860.000,0,-,-,-,-,3207.0000,3206.0000,3205.8000,3205.6000,3205.2000,3207.8000,3208.0000,3208.6000,3209.0000,3209.6000,1,1,1,1,1,1,2,2,1,1
SF,IH2012,2020-09-11 09:32:38.000,3207.8000,24803,0,322198860.000,0,-,-,-,-,3207.0000,3206.0000,3205.8000,3205.6000,3205.2000,3207.8000,3208.0000,3208.6000,3209.0000,3209.6000,1,1,1,1,1,2,1,2,1,1
SF,IH2012,2020-09-11 09:32:38.500,3207.8000,24803,0,322198860.000,0,-,-,-,-,3207.0000,3206.0000,3205.8000,3205.6000,3205.2000,3207.8000,3208.0000,3209.6000,3210.0000,3211.0000,1,1,1,1,1,2,1,1,3,1
SF,IH2012,2020-09-11 09:32:39.000,3207.8000,24803,0,322198860.000,0,-,-,-,-,3207.0000,3206.0000,3205.8000,3205.6000,3205.2000,3208.0000,3209.6000,3210.0000,3211.0000,3213.0000,1,1,1,1,1,1,1,3,1,2
SF,IH2012,2020-09-11 09:32:39.500,3207.8000,24803,0,322198860.000,0,-,-,-,-,3207.0000,3206.0000,3205.8000,3205.6000,3205.2000,3208.0000,3208.8000,3209.2000,3209.6000,3210.0000,1,1,1,1,1,2,2,1,1,3
SF,IH2012,2020-09-11 09:32:40.500,3207.8000,24803,0,322198860.000,0,-,-,-,-,3207.0000,3206.0000,3205.8000,3205.6000,3205.2000,3208.0000,3208.8000,3209.2000,3209.6000,3210.0000,2,1,1,1,1,2,2,1,1,3
SF,IH2012,2020-09-11 09:32:41.000,3207.8000,24803,0,322198860.000,0,-,-,-,-,3207.0000,3206.0000,3205.8000,3205.6000,3205.2000,3207.4000,3207.8000,3208.0000,3208.8000,3209.2000,2,1,1,1,1,1,2,2,2,1
SF,IH2012,2020-09-11 09:32:41.500,3207.4000,24803,0,323161080.000,1,0,1,多换,S,3207.0000,3206.0000,3205.8000,3205.6000,3205.2000,3207.8000,3208.0000,3209.6000,3210.0000,3211.0000,2,1,1,1,1,2,2,1,3,1
SF,IH2012,2020-09-11 09:32:42.000,3207.4000,24803,0,323161080.000,0,-,-,-,-,3207.0000,3206.0000,3205.8000,3205.6000,3205.2000,3207.8000,3208.0000,3209.6000,3210.0000,3211.0000,2,1,1,1,1,3,1,1,3,1
SF,IH2012,2020-09-11 09:32:42.500,3207.4000,24803,0,323161080.000,0,-,-,-,-,3207.0000,3206.0000,3205.8000,3205.6000,3205.2000,3207.8000,3208.0000,3209.6000,3210.0000,3211.0000,3,1,1,1,1,1,1,1,3,1
SF,IH2012,2020-09-11 09:32:43.000,3207.4000,24803,0,323161080.000,0,-,-,-,-,3207.0000,3206.0000,3205.8000,3205.6000,3205.2000,3207.8000,3208.0000,3208.8000,3209.6000,3210.0000,3,1,1,1,1,1,1,2,1,3
SF,IH2012,2020-09-11 09:32:43.500,3208.0000,24802,-1,325085820.000,2,0,2,多平,S,3207.2000,3207.0000,3206.0000,3205.8000,3205.6000,3209.6000,3210.0000,3211.0000,3213.0000,3214.0000,1,3,1,1,1,1,3,1,2,1
SF,IH2012,2020-09-11 09:32:44.000,3208.0000,24802,0,325085820.000,0,-,-,-,-,3207.2000,3207.0000,3206.0000,3205.8000,3205.6000,3209.4000,3209.6000,3210.0000,3211.0000,3213.0000,1,3,1,1,1,2,5,3,1,2
SF,IH2012,2020-09-11 09:32:44.500,3208.0000,24802,0,325085820.000,0,-,-,-,-,3207.2000,3207.0000,3206.0000,3205.8000,3205.6000,3209.0000,3209.4000,3209.6000,3210.0000,3211.0000,2,2,1,1,1,1,9,4,3,1
SF,IH2012,2020-09-11 09:32:45.000,3208.0000,24802,0,325085820.000,0,-,-,-,-,3207.2000,3207.0000,3206.0000,3205.8000,3205.6000,3208.8000,3209.0000,3209.6000,3210.0000,3211.0000,2,2,1,1,1,1,2,4,3,1
SF,IH2012,2020-09-11 09:32:45.500,3208.0000,24802,0,325085820.000,0,-,-,-,-,3208.0000,3207.2000,3207.0000,3206.0000,3205.8000,3208.6000,3208.8000,3209.6000,3210.0000,3211.0000,1,2,2,1,1,1,2,4,3,1
SF,IH2012,2020-09-11 09:32:46.000,3207.2000,24801,-1,327972540.000,3,1,2,多平,S,3207.0000,3205.8000,3205.6000,3205.2000,3205.0000,3208.0000,3208.6000,3208.8000,3209.6000,3210.0000,2,1,1,1,2,2,1,1,4,3
SF,IH2012,2020-09-11 09:32:46.500,3207.8000,24800,-1,328934880.000,1,0,1,双平,S,3207.0000,3205.8000,3205.6000,3205.2000,3205.0000,3208.0000,3209.6000,3210.0000,3211.0000,3213.0000,3,1,1,1,2,3,4,3,1,2
SF,IH2012,2020-09-11 09:32:47.000,3207.8000,24800,0,328934880.000,0,-,-,-,-,3207.0000,3205.8000,3205.6000,3205.2000,3205.0000,3208.0000,3209.6000,3210.0000,3211.0000,3213.0000,3,1,1,1,2,1,4,3,1,2
SF,IH2012,2020-09-11 09:32:47.500,3207.8000,24800,0,328934880.000,0,-,-,-,-,3207.0000,3205.8000,3205.6000,3205.2000,3205.0000,3209.6000,3210.0000,3211.0000,3213.0000,3214.0000,4,1,1,1,2,1,3,1,2,1
SF,IH2012,2020-09-11 09:32:48.000,3207.8000,24800,0,328934880.000,0,-,-,-,-,3208.0000,3207.4000,3207.2000,3207.0000,3205.8000,3209.2000,3209.4000,3209.6000,3210.0000,3210.2000,1,1,4,4,1,7,1,2,3,2
SF,IH2012,2020-09-11 09:32:48.500,3207.8000,24800,0,328934880.000,0,-,-,-,-,3208.2000,3208.0000,3207.6000,3207.4000,3207.2000,3209.2000,3209.4000,3209.6000,3210.0000,3211.0000,1,1,1,1,2,1,1,1,3,1
SF,IH2012,2020-09-11 09:32:49.000,3209.2000,24799,-1,329897640.000,1,0,1,双平,S,3208.2000,3208.0000,3207.4000,3207.2000,3207.0000,3209.6000,3210.0000,3211.0000,3213.0000,3214.0000,4,1,1,1,4,1,3,1,2,1
SF,IH2012,2020-09-11 09:32:49.500,3209.2000,24799,0,329897640.000,0,-,-,-,-,3208.2000,3207.4000,3207.2000,3207.0000,3205.8000,3209.6000,3210.0000,3210.8000,3211.0000,3213.0000,1,1,1,4,1,1,3,2,2,2
SF,IH2012,2020-09-11 09:32:50.000,3209.2000,24799,0,329897640.000,0,-,-,-,-,3207.4000,3207.2000,3207.0000,3205.8000,3205.6000,3209.4000,3210.0000,3210.8000,3211.0000,3213.0000,1,1,4,1,1,1,3,2,2,2
SF,IH2012,2020-09-11 09:32:50.500,3209.2000,24799,0,329897640.000,0,-,-,-,-,3207.6000,3207.4000,3207.2000,3207.0000,3205.8000,3209.4000,3210.0000,3210.8000,3211.0000,3213.0000,1,1,1,4,1,1,3,2,2,2
SF,IH2012,2020-09-11 09:32:51.000,3209.2000,24799,0,329897640.000,0,-,-,-,-,3207.6000,3207.4000,3207.2000,3207.0000,3205.8000,3209.0000,3209.2000,3209.4000,3210.0000,3211.0000,2,1,1,3,1,7,1,1,3,1
SF,IH2012,2020-09-11 09:32:51.500,3209.2000,24799,0,330860400.000,1,0,1,多换,S,3207.6000,3207.4000,3207.2000,3207.0000,3205.8000,3209.2000,3210.0000,3211.0000,3213.0000,3214.0000,2,1,1,3,1,1,3,1,2,1
SF,IH2012,2020-09-11 09:32:52.000,3209.2000,24799,0,330860400.000,0,-,-,-,-,3207.8000,3207.6000,3207.4000,3207.2000,3207.0000,3209.2000,3210.0000,3211.0000,3213.0000,3214.0000,2,2,1,1,3,1,3,1,2,1
SF,IH2012,2020-09-11 09:32:52.500,3209.2000,24799,0,330860400.000,0,-,-,-,-,3208.0000,3207.8000,3207.6000,3207.2000,3207.0000,3210.0000,3211.0000,3213.0000,3214.0000,3214.2000,2,3,1,1,3,3,1,2,1,1
SF,IH2012,2020-09-11 09:32:53.000,3209.2000,24799,0,330860400.000,0,-,-,-,-,3208.6000,3208.4000,3208.2000,3208.0000,3207.8000,3210.0000,3211.0000,3213.0000,3214.0000,3214.2000,1,1,2,2,1,3,1,2,1,1
SF,IH2012,2020-09-11 09:32:53.500,3210.0000,24798,-1,331823400.000,1,0,1,双平,S,3209.0000,3208.8000,3208.6000,3208.2000,3208.0000,3210.0000,3211.0000,3213.0000,3214.0000,3214.2000,1,2,1,2,1,2,1,2,1,1
SF,IH2012,2020-09-11 09:32:54.000,3210.0000,24796,-2,333749400.000,2,0,2,双平,S,3209.2000,3209.0000,3208.6000,3208.2000,3207.2000,3211.0000,3213.0000,3214.0000,3214.2000,3215.0000,3,1,1,1,1,1,2,1,1,3
SF,IH2012,2020-09-11 09:32:54.500,3209.2000,24796,0,334712160.000,1,0,1,多换,S,3209.2000,3209.0000,3208.2000,3207.2000,3207.0000,3210.8000,3211.0000,3212.2000,3213.0000,3214.0000,3,1,1,1,3,1,1,3,2,1
SF,IH2012,2020-09-11 09:32:55.000,3209.2000,24796,0,334712160.000,0,-,-,-,-,3209.4000,3209.2000,3209.0000,3208.2000,3207.2000,3210.0000,3210.8000,3211.0000,3212.2000,3213.0000,1,3,1,1,1,1,1,1,2,2
SF,IH2012,2020-09-11 09:32:55.500,3210.0000,24795,-1,335675160.000,1,0,1,双平,S,3209.6000,3209.4000,3209.2000,3208.2000,3207.2000,3210.8000,3211.0000,3212.2000,3213.0000,3214.0000,1,1,2,1,1,1,1,2,2,1
SF,IH2012,2020-09-11 09:32:56.000,3210.0000,24795,0,335675160.000,0,-,-,-,-,3209.8000,3209.6000,3209.4000,3208.2000,3207.2000,3211.0000,3212.2000,3213.0000,3214.0000,3214.2000,1,3,1,1,1,1,2,2,1,1
SF,IH2012,2020-09-11 09:32:56.500,3210.0000,24794,-1,336638160.000,1,0,1,双平,S,3209.4000,3208.2000,3207.2000,3207.0000,3205.8000,3210.6000,3211.0000,3212.2000,3212.4000,3213.0000,1,1,1,2,1,1,1,2,1,2
SF,IH2012,2020-09-11 09:32:57.500,3209.4000,24793,-1,337600980.000,1,0,1,双平,S,3208.2000,3207.2000,3207.0000,3205.8000,3205.6000,3210.0000,3210.4000,3211.0000,3212.2000,3212.4000,1,1,2,1,1,3,1,1,2,1
SF,IH2012,2020-09-11 09:32:58.000,3209.4000,24793,0,337600980.000,0,-,-,-,-,3208.8000,3208.4000,3208.2000,3207.0000,3205.8000,3209.8000,3210.0000,3211.0000,3212.2000,3212.4000,1,2,2,2,1,1,4,1,2,1
SF,IH2012,2020-09-11 09:32:58.500,3209.4000,24793,0,337600980.000,0,-,-,-,-,3208.4000,3208.2000,3207.0000,3205.8000,3205.6000,3209.8000,3210.0000,3211.4000,3212.2000,3212.4000,1,2,2,1,1,2,3,1,2,1
SF,IH2012,2020-09-11 09:32:59.000,3209.4000,24793,0,337600980.000,0,-,-,-,-,3208.4000,3208.2000,3207.0000,3205.8000,3205.6000,3209.6000,3209.8000,3210.0000,3211.4000,3212.2000,1,2,2,1,1,1,2,3,1,2
SF,IH2012,2020-09-11 09:32:59.500,3209.4000,24793,0,337600980.000,0,-,-,-,-,3208.2000,3207.0000,3205.8000,3205.6000,3205.4000,3209.4000,3209.6000,3210.0000,3211.4000,3212.2000,1,2,1,1,1,2,1,3,1,2
SF,IH2012,2020-09-11 09:33:00.000,3209.4000,24793,0,338563800.000,1,0,1,多换,S,3208.6000,3208.2000,3207.0000,3205.8000,3205.6000,3209.6000,3210.0000,3211.4000,3212.2000,3212.4000,1,1,2,1,1,1,3,1,2,1
SF,IH2012,2020-09-11 09:33:00.500,3209.4000,24793,0,338563800.000,0,-,-,-,-,3208.2000,3207.0000,3205.8000,3205.6000,3205.4000,3209.4000,3209.6000,3210.0000,3211.4000,3212.2000,1,2,1,1,1,7,1,3,1,2
SF,IH2012,2020-09-11 09:33:01.000,3209.6000,24790,-3,341452320.000,3,0,3,双平,S,3208.4000,3208.2000,3207.0000,3205.8000,3205.6000,3210.0000,3211.4000,3212.2000,3213.0000,3214.0000,3,1,2,1,1,3,1,2,2,1
SF,IH2012,2020-09-11 09:33:01.500,3209.6000,24790,0,341452320.000,0,-,-,-,-,3208.6000,3208.4000,3208.2000,3207.0000,3205.8000,3210.0000,3211.4000,3213.0000,3214.0000,3214.2000,1,3,1,2,1,3,1,2,1,1
SF,IH2012,2020-09-11 09:33:02.000,3209.6000,24790,0,341452320.000,0,-,-,-,-,3209.4000,3208.8000,3208.6000,3208.4000,3207.0000,3209.8000,3210.0000,3211.4000,3213.0000,3214.0000,1,2,1,1,2,1,3,1,2,1
SF,IH2012,2020-09-11 09:33:02.500,3209.4000,24790,0,342415140.000,1,0,1,多换,S,3208.8000,3208.6000,3208.4000,3207.6000,3207.0000,3209.2000,3209.4000,3209.6000,3209.8000,3210.0000,1,1,1,1,2,1,2,7,1,3
SF,IH2012,2020-09-11 09:33:03.000,3209.2000,24789,-1,343377900.000,1,0,1,双平,S,3208.6000,3208.4000,3207.6000,3207.0000,3205.8000,3209.6000,3210.0000,3211.4000,3213.0000,3214.0000,1,1,1,2,1,1,3,1,2,1
SF,IH2012,2020-09-11 09:33:03.500,3209.2000,24789,0,343377900.000,0,-,-,-,-,3208.8000,3208.6000,3208.4000,3207.6000,3207.0000,3209.6000,3210.0000,3211.4000,3213.0000,3214.0000,3,1,1,1,2,1,3,1,2,1
SF,IH2012,2020-09-11 09:33:04.000,3209.2000,24789,0,343377900.000,0,-,-,-,-,3209.0000,3208.8000,3208.6000,3208.4000,3207.6000,3209.6000,3210.0000,3211.4000,3213.0000,3214.0000,1,2,1,1,1,1,3,1,2,1
SF,IH2012,2020-09-11 09:33:04.500,3209.0000,24787,-2,345303300.000,2,0,2,双平,S,3208.6000,3208.4000,3207.6000,3207.0000,3205.8000,3209.6000,3210.0000,3211.4000,3213.0000,3214.0000,1,1,1,2,1,1,3,1,2,1
SF,IH2012,2020-09-11 09:33:05.000,3209.4000,24787,0,346266120.000,1,0,1,多换,S,3209.6000,3208.4000,3207.6000,3207.0000,3205.8000,3210.0000,3211.4000,3213.0000,3214.0000,3214.2000,7,1,1,2,1,3,1,2,1,1
SF,IH2012,2020-09-11 09:33:05.500,3209.6000,24787,0,353006280.000,7,3,4,多换,S,3208.4000,3207.6000,3207.0000,3205.8000,3205.6000,3210.0000,3211.4000,3213.0000,3214.0000,3214.2000,1,1,2,1,1,3,1,2,1,1
SF,IH2012,2020-09-11 09:33:06.000,3209.6000,24786,-1,353969160.000,1,0,1,双平,S,3209.6000,3208.8000,3208.6000,3208.4000,3207.6000,3210.0000,3211.4000,3213.0000,3214.0000,3214.2000,9,2,2,1,1,3,1,2,1,1
SF,IH2012,2020-09-11 09:33:06.500,3210.0000,24783,-3,356858160.000,3,0,3,双平,S,3209.6000,3208.8000,3208.6000,3208.4000,3207.6000,3211.4000,3213.0000,3214.0000,3214.2000,3215.0000,9,2,1,1,1,1,2,1,1,2
SF,IH2012,2020-09-11 09:33:07.000,3210.0000,24783,0,356858160.000,0,-,-,-,-,3209.8000,3209.6000,3208.8000,3208.4000,3207.6000,3210.4000,3210.8000,3211.0000,3211.2000,3211.4000,1,10,2,1,1,1,1,5,4,1
SF,IH2012,2020-09-11 09:33:07.500,3210.0000,24783,0,356858160.000,0,-,-,-,-,3210.0000,3209.8000,3209.6000,3208.8000,3208.4000,3210.8000,3211.0000,3211.2000,3211.4000,3213.0000,2,1,10,2,1,1,5,2,1,3
SF,IH2012,2020-09-11 09:33:08.000,3210.0000,24783,0,356858160.000,0,-,-,-,-,3210.4000,3210.0000,3209.8000,3209.6000,3208.8000,3211.0000,3211.2000,3211.4000,3213.0000,3214.0000,1,3,1,10,2,5,1,1,3,1
SF,IH2012,2020-09-11 09:33:08.500,3210.0000,24783,0,356858160.000,0,-,-,-,-,3210.4000,3210.0000,3209.8000,3209.6000,3208.8000,3211.4000,3213.0000,3214.0000,3214.2000,3215.0000,1,3,1,10,2,1,3,1,1,2
SF,IH2012,2020-09-11 09:33:09.000,3210.0000,24783,0,356858160.000,0,-,-,-,-,3210.4000,3210.0000,3209.8000,3209.6000,3208.8000,3211.2000,3211.4000,3213.0000,3214.0000,3214.2000,2,3,1,9,2,5,1,3,1,1
SF,IH2012,2020-09-11 09:33:09.500,3210.0000,24783,0,356858160.000,0,-,-,-,-,3210.6000,3210.4000,3210.0000,3209.6000,3208.8000,3211.4000,3213.0000,3214.0000,3214.2000,3215.0000,1,2,3,9,2,1,3,1,1,1
SF,IH2012,2020-09-11 09:33:10.000,3210.0000,24783,0,356858160.000,0,-,-,-,-,3210.6000,3210.4000,3210.0000,3209.6000,3208.8000,3211.4000,3212.0000,3213.0000,3214.0000,3214.2000,1,2,3,9,2,1,1,3,1,1
SF,IH2012,2020-09-11 09:33:10.500,3211.4000,24782,-1,357821580.000,1,0,1,双平,S,3211.4000,3210.6000,3210.4000,3210.0000,3209.6000,3212.0000,3213.0000,3213.2000,3214.0000,3214.2000,1,2,1,2,9,1,3,1,1,1
SF,IH2012,2020-09-11 09:33:11.000,3211.4000,24782,0,357821580.000,0,-,-,-,-,3210.6000,3210.4000,3210.0000,3209.6000,3208.8000,3211.6000,3213.0000,3213.2000,3214.0000,3214.2000,2,1,2,9,2,5,3,1,1,1
SF,IH2012,2020-09-11 09:33:11.500,3211.6000,24782,0,358785060.000,1,0,1,多换,S,3210.6000,3210.4000,3210.0000,3209.6000,3208.8000,3211.6000,3213.0000,3213.2000,3214.0000,3214.2000,2,1,2,9,2,4,3,1,1,1
SF,IH2012,2020-09-11 09:33:12.000,3211.6000,24781,-1,359748540.000,1,0,1,双平,S,3211.6000,3210.8000,3210.6000,3210.4000,3210.0000,3213.0000,3213.2000,3214.0000,3214.2000,3215.0000,1,2,1,1,2,3,1,1,1,1
SF,IH2012,2020-09-11 09:33:12.500,3211.6000,24781,0,359748540.000,0,-,-,-,-,3211.8000,3211.6000,3210.8000,3210.6000,3210.0000,3213.0000,3213.2000,3214.0000,3214.2000,3215.0000,1,2,1,2,2,3,1,1,1,1
SF,IH2012,2020-09-11 09:33:13.000,3211.8000,24780,-1,360712080.000,1,0,1,双平,S,3212.0000,3211.8000,3211.6000,3210.6000,3210.0000,3213.0000,3213.2000,3214.0000,3214.2000,3215.0000,1,2,2,2,2,21,1,1,1,1
SF,IH2012,2020-09-11 09:33:13.500,3212.8000,24780,0,361675920.000,1,0,1,多换,S,3212.2000,3212.0000,3211.8000,3211.6000,3210.6000,3213.0000,3213.2000,3214.0000,3214.2000,3215.0000,1,1,1,2,2,21,1,2,1,1
SF,IH2012,2020-09-11 09:33:14.000,3212.0000,24778,-2,363603180.000,2,0,2,双平,S,3211.8000,3211.6000,3210.6000,3210.0000,3208.8000,3212.2000,3212.6000,3213.0000,3213.2000,3214.0000,1,1,2,2,1,2,1,21,1,1
SF,IH2012,2020-09-11 09:33:14.500,3212.2000,24776,-2,365530500.000,2,0,2,双平,S,3212.2000,3211.8000,3210.6000,3210.0000,3208.8000,3212.6000,3213.0000,3213.2000,3214.0000,3214.2000,2,1,2,2,1,1,21,1,1,1
SF,IH2012,2020-09-11 09:33:15.000,3212.2000,24776,0,367457820.000,2,1,1,多换,S,3211.6000,3210.6000,3210.0000,3208.8000,3207.6000,3212.2000,3212.6000,3212.8000,3213.0000,3213.2000,1,2,2,1,1,2,1,1,21,1
SF,IH2012,2020-09-11 09:33:15.500,3211.6000,24775,-1,368421300.000,1,0,1,双平,S,3210.6000,3210.0000,3208.8000,3207.6000,3207.2000,3212.2000,3212.6000,3212.8000,3213.0000,3213.2000,2,2,1,1,5,2,1,1,21,1
SF,IH2012,2020-09-11 09:33:16.000,3211.6000,24775,0,368421300.000,0,-,-,-,-,3211.2000,3210.8000,3210.6000,3210.0000,3208.8000,3212.0000,3212.6000,3212.8000,3213.0000,3213.2000,1,6,2,2,1,1,1,1,21,1
SF,IH2012,2020-09-11 09:33:16.500,3212.2000,24774,-1,370348440.000,2,0,2,多平,S,3212.2000,3211.4000,3211.2000,3211.0000,3210.8000,3212.6000,3212.8000,3213.0000,3213.2000,3214.0000,8,1,1,1,5,1,1,21,1,1
SF,IH2012,2020-09-11 09:33:17.000,3212.2000,24774,0,378057720.000,8,4,4,多换,S,3211.4000,3211.2000,3210.8000,3210.6000,3210.0000,3212.2000,3212.6000,3212.8000,3213.0000,3213.2000,1,1,5,2,2,8,1,2,21,1
SF,IH2012,2020-09-11 09:33:17.500,3212.2000,24774,0,378057720.000,0,-,-,-,-,3211.2000,3210.8000,3210.6000,3210.0000,3208.8000,3212.2000,3212.6000,3212.8000,3213.0000,3213.2000,2,5,2,2,1,1,1,2,21,1
SF,IH2012,2020-09-11 09:33:18.000,3212.4000,24774,0,379021440.000,1,0,1,多换,S,3211.2000,3210.8000,3210.6000,3210.0000,3208.8000,3212.6000,3212.8000,3213.0000,3213.2000,3214.0000,2,5,2,2,1,1,2,21,1,1
SF,IH2012,2020-09-11 09:33:18.500,3212.4000,24774,0,379021440.000,0,-,-,-,-,3212.2000,3211.4000,3211.2000,3210.8000,3210.6000,3212.6000,3212.8000,3213.0000,3213.2000,3214.0000,1,1,1,5,2,1,2,21,1,1
SF,IH2012,2020-09-11 09:33:19.000,3211.2000,24772,-2,381911880.000,3,0,3,多平,S,3210.8000,3210.6000,3210.0000,3208.8000,3207.6000,3211.4000,3212.0000,3212.2000,3212.4000,3212.6000,5,2,2,1,1,1,3,6,2,1
SF,IH2012,2020-09-11 09:33:19.500,3211.2000,24772,0,381911880.000,0,-,-,-,-,3210.8000,3210.6000,3210.0000,3208.8000,3207.6000,3212.0000,3212.2000,3212.6000,3212.8000,3213.0000,5,1,2,1,1,3,5,1,3,21
SF,IH2012,2020-09-11 09:33:20.000,3211.6000,24772,0,382875360.000,1,0,1,多换,S,3210.8000,3210.6000,3210.2000,3210.0000,3208.8000,3211.6000,3211.8000,3212.0000,3212.2000,3212.6000,5,1,1,2,1,1,3,3,5,1
SF,IH2012,2020-09-11 09:33:20.500,3211.8000,24771,-1,384802380.000,2,0,2,多平,S,3210.8000,3210.6000,3210.2000,3210.0000,3208.8000,3212.0000,3212.2000,3212.6000,3212.8000,3213.0000,5,1,2,2,1,1,5,1,3,21
SF,IH2012,2020-09-11 09:33:21.000,3211.8000,24771,0,384802380.000,0,-,-,-,-,3211.0000,3210.8000,3210.6000,3210.2000,3210.0000,3212.0000,3212.2000,3212.6000,3212.8000,3213.0000,1,5,1,2,2,1,4,1,3,21
SF,IH2012,2020-09-11 09:33:21.500,3211.2000,24769,-2,387693000.000,3,0,3,多平,S,3211.0000,3210.8000,3210.6000,3210.2000,3210.0000,3212.2000,3212.6000,3212.8000,3213.0000,3213.2000,2,5,1,2,2,1,1,3,21,1
SF,IH2012,2020-09-11 09:33:22.000,3211.2000,24769,0,387693000.000,0,-,-,-,-,3211.2000,3211.0000,3210.8000,3210.6000,3210.2000,3212.2000,3212.4000,3212.6000,3212.8000,3213.0000,1,2,5,1,2,1,1,1,3,21
SF,IH2012,2020-09-11 09:33:22.500,3212.2000,24768,-1,388656660.000,1,0,1,双平,S,3211.4000,3211.2000,3211.0000,3210.8000,3210.6000,3212.4000,3212.6000,3212.8000,3213.0000,3213.2000,1,2,1,5,1,1,1,3,21,1
SF,IH2012,2020-09-11 09:33:23.000,3211.2000,24765,-3,391546860.000,3,0,3,双平,S,3211.2000,3210.8000,3210.6000,3210.2000,3210.0000,3212.4000,3212.6000,3212.8000,3213.0000,3213.2000,1,5,1,2,2,1,1,3,21,1
SF,IH2012,2020-09-11 09:33:23.500,3211.2000,24765,0,391546860.000,0,-,-,-,-,3211.2000,3210.8000,3210.6000,3210.2000,3210.0000,3212.4000,3212.6000,3212.8000,3213.0000,3213.2000,1,5,1,2,2,2,1,3,21,1
SF,IH2012,2020-09-11 09:33:24.000,3211.2000,24765,0,391546860.000,0,-,-,-,-,3211.2000,3210.8000,3210.6000,3210.2000,3210.0000,3212.2000,3212.4000,3212.6000,3212.8000,3213.0000,1,5,1,2,2,1,2,1,3,21
SF,IH2012,2020-09-11 09:33:24.500,3211.2000,24765,0,391546860.000,0,-,-,-,-,3212.0000,3211.2000,3210.8000,3210.6000,3210.2000,3212.2000,3212.4000,3212.6000,3212.8000,3213.0000,1,1,5,1,2,1,2,1,3,21
SF,IH2012,2020-09-11 09:33:25.000,3212.0000,24766,1,393474060.000,2,1,1,空开,S,3210.8000,3210.6000,3210.2000,3210.0000,3208.8000,3211.8000,3212.0000,3212.2000,3212.4000,3212.6000,5,1,2,2,1,2,2,1,1,1
SF,IH2012,2020-09-11 09:33:25.500,3212.0000,24766,0,393474060.000,0,-,-,-,-,3210.8000,3210.6000,3210.2000,3210.0000,3208.8000,3211.8000,3212.0000,3212.2000,3212.4000,3212.6000,5,1,2,2,1,3,1,2,2,1
SF,IH2012,2020-09-11 09:33:26.000,3210.8000,24766,0,394437300.000,1,0,1,多换,S,3210.8000,3210.6000,3210.2000,3210.0000,3208.8000,3211.8000,3212.0000,3212.2000,3212.4000,3212.6000,4,1,2,2,1,3,1,2,2,1
SF,IH2012,2020-09-11 09:33:26.500,3210.8000,24766,0,398290260.000,4,2,2,多换,S,3210.6000,3210.2000,3210.0000,3208.8000,3207.6000,3211.6000,3211.8000,3212.0000,3212.2000,3212.4000,1,2,2,1,1,2,3,1,1,2
SF,IH2012,2020-09-11 09:33:27.000,3210.8000,24766,0,398290260.000,0,-,-,-,-,3210.6000,3210.2000,3210.0000,3208.8000,3207.6000,3211.6000,3211.8000,3212.0000,3212.2000,3212.4000,1,2,2,1,1,3,1,1,1,2
SF,IH2012,2020-09-11 09:33:28.500,3210.8000,24766,0,398290260.000,0,-,-,-,-,3210.8000,3210.6000,3210.2000,3210.0000,3208.8000,3211.6000,3211.8000,3212.0000,3212.2000,3212.4000,1,1,2,2,1,2,1,1,1,2
SF,IH2012,2020-09-11 09:33:29.500,3210.8000,24766,0,398290260.000,0,-,-,-,-,3210.8000,3210.6000,3210.2000,3210.0000,3208.8000,3211.6000,3211.8000,3212.0000,3212.2000,3212.4000,1,1,2,2,1,2,1,1,1,2
SF,IH2012,2020-09-11 09:33:30.000,3210.8000,24766,0,398290260.000,0,-,-,-,-,3210.6000,3210.2000,3210.0000,3208.8000,3207.6000,3211.6000,3211.8000,3212.0000,3212.2000,3212.4000,1,2,2,1,1,2,1,2,1,2
SF,IH2012,2020-09-11 09:33:30.500,3210.8000,24766,0,398290260.000,0,-,-,-,-,3210.6000,3210.2000,3210.0000,3208.8000,3207.0000,3211.6000,3211.8000,3212.0000,3212.2000,3212.4000,1,2,2,1,1,2,1,2,1,2
SF,IH2012,2020-09-11 09:33:31.500,3210.8000,24766,0,398290260.000,0,-,-,-,-,3210.6000,3210.2000,3210.0000,3209.2000,3208.8000,3211.6000,3211.8000,3212.0000,3212.2000,3212.4000,1,2,2,1,1,2,1,2,1,2
SF,IH2012,2020-09-11 09:33:32.000,3211.6000,24766,0,399253740.000,1,0,1,多换,S,3210.6000,3210.2000,3210.0000,3209.2000,3208.8000,3211.6000,3211.8000,3212.0000,3212.2000,3212.4000,1,2,2,1,1,1,2,2,1,2
SF,IH2012,2020-09-11 09:33:32.500,3211.6000,24766,0,399253740.000,0,-,-,-,-,3210.6000,3210.2000,3210.0000,3209.2000,3208.8000,3211.6000,3211.8000,3212.0000,3212.2000,3212.4000,1,2,2,1,1,1,2,1,1,2
SF,IH2012,2020-09-11 09:33:33.000,3211.6000,24766,0,399253740.000,0,-,-,-,-,3210.8000,3210.6000,3210.2000,3210.0000,3209.2000,3211.8000,3212.0000,3212.2000,3212.4000,3212.6000,2,2,2,2,1,2,1,1,2,1
SF,IH2012,2020-09-11 09:33:33.500,3211.6000,24766,0,399253740.000,0,-,-,-,-,3210.8000,3210.6000,3210.2000,3210.0000,3209.2000,3211.8000,3212.0000,3212.2000,3212.4000,3212.6000,2,2,2,2,1,2,1,1,2,1
SF,IH2012,2020-09-11 09:33:34.500,3211.6000,24766,0,399253740.000,0,-,-,-,-,3210.8000,3210.6000,3210.2000,3210.0000,3209.2000,3211.8000,3212.0000,3212.2000,3212.4000,3212.6000,2,3,2,2,1,2,1,1,2,1
SF,IH2012,2020-09-11 09:33:35.000,3211.8000,24765,-1,400217280.000,1,0,1,双平,S,3211.0000,3210.8000,3210.6000,3210.2000,3210.0000,3211.8000,3212.0000,3212.2000,3212.4000,3212.6000,1,3,3,2,2,1,1,1,2,1
SF,IH2012,2020-09-11 09:33:35.500,3211.8000,24764,-1,401180820.000,1,0,1,双平,S,3211.0000,3210.8000,3210.6000,3210.2000,3210.0000,3212.0000,3212.2000,3212.4000,3212.6000,3212.8000,2,2,2,2,2,1,1,2,1,3
SF,IH2012,2020-09-11 09:33:36.000,3211.8000,24764,0,401180820.000,0,-,-,-,-,3211.2000,3211.0000,3210.8000,3210.6000,3210.2000,3212.0000,3212.2000,3212.4000,3212.6000,3212.8000,1,2,1,2,2,1,1,2,1,3
SF,IH2012,2020-09-11 09:33:36.500,3211.8000,24764,0,401180820.000,0,-,-,-,-,3211.8000,3211.2000,3211.0000,3210.6000,3210.2000,3212.0000,3212.2000,3212.4000,3212.6000,3212.8000,3,1,1,2,1,2,1,2,1,3
SF,IH2012,2020-09-11 09:33:37.000,3211.8000,24761,-3,404071440.000,3,0,3,双平,S,3211.0000,3210.6000,3210.2000,3210.0000,3209.2000,3211.6000,3211.8000,3212.0000,3212.2000,3212.4000,1,2,1,2,1,2,2,2,2,2
SF,IH2012,2020-09-11 09:33:37.500,3211.0000,24760,-1,405034740.000,1,0,1,双平,S,3210.6000,3210.2000,3210.0000,3209.2000,3208.8000,3211.6000,3211.8000,3212.0000,3212.2000,3212.4000,2,1,2,1,1,4,2,1,2,2
SF,IH2012,2020-09-11 09:33:38.000,3211.0000,24760,0,405034740.000,0,-,-,-,-,3210.6000,3210.2000,3210.0000,3209.2000,3208.8000,3211.6000,3211.8000,3212.0000,3212.2000,3212.4000,2,1,2,1,1,4,1,1,1,2
SF,IH2012,2020-09-11 09:33:38.500,3210.6000,24760,0,405997920.000,1,0,1,多换,S,3210.6000,3210.2000,3210.0000,3209.2000,3208.8000,3211.6000,3211.8000,3212.0000,3212.2000,3212.4000,1,1,2,1,1,4,1,1,1,2
SF,IH2012,2020-09-11 09:33:39.500,3210.6000,24760,0,405997920.000,0,-,-,-,-,3210.6000,3210.2000,3210.0000,3209.2000,3208.8000,3211.6000,3211.8000,3212.0000,3212.2000,3212.4000,1,1,2,1,1,4,1,1,1,2
SF,IH2012,2020-09-11 09:33:40.000,3210.6000,24760,0,405997920.000,0,-,-,-,-,3210.6000,3210.2000,3210.0000,3209.2000,3208.8000,3211.4000,3211.6000,3211.8000,3212.0000,3212.2000,1,1,2,1,1,1,4,1,1,1
SF,IH2012,2020-09-11 09:33:40.500,3210.6000,24760,0,405997920.000,0,-,-,-,-,3210.6000,3210.2000,3210.0000,3209.2000,3208.8000,3211.4000,3211.6000,3211.8000,3212.0000,3212.2000,1,1,2,1,1,2,1,1,1,1
SF,IH2012,2020-09-11 09:33:41.000,3210.6000,24760,0,405997920.000,0,-,-,-,-,3210.6000,3210.2000,3210.0000,3209.2000,3208.8000,3211.4000,3211.6000,3211.8000,3212.0000,3212.2000,1,1,2,1,1,1,1,1,1,1
SF,IH2012,2020-09-11 09:33:41.500,3211.8000,24758,-2,407924940.000,2,0,2,双平,S,3210.6000,3210.2000,3210.0000,3209.2000,3208.8000,3212.0000,3212.2000,3212.4000,3212.6000,3212.8000,2,1,2,1,1,1,1,2,1,3
SF,IH2012,2020-09-11 09:33:42.000,3211.8000,24758,0,407924940.000,0,-,-,-,-,3210.8000,3210.6000,3210.2000,3210.0000,3209.2000,3212.0000,3212.2000,3212.4000,3212.6000,3212.8000,1,2,1,2,1,1,2,2,1,3
SF,IH2012,2020-09-11 09:33:42.500,3211.8000,24758,0,407924940.000,0,-,-,-,-,3210.8000,3210.6000,3210.2000,3210.0000,3209.2000,3211.4000,3212.0000,3212.2000,3212.4000,3212.6000,3,2,1,2,1,1,1,2,2,1
SF,IH2012,2020-09-11 09:33:43.000,3211.4000,24758,0,408888360.000,1,0,1,多换,S,3211.4000,3210.8000,3210.6000,3210.2000,3210.0000,3212.0000,3212.2000,3212.4000,3212.6000,3212.8000,2,2,2,1,2,1,2,2,1,3
SF,IH2012,2020-09-11 09:33:43.500,3211.4000,24758,0,408888360.000,0,-,-,-,-,3211.4000,3211.0000,3210.8000,3210.6000,3210.2000,3211.6000,3212.0000,3212.2000,3212.4000,3212.6000,2,1,2,2,1,1,1,2,2,1
SF,IH2012,2020-09-11 09:33:44.000,3212.0000,24756,-2,410815440.000,2,0,2,双平,S,3211.6000,3211.4000,3211.0000,3210.8000,3210.6000,3212.2000,3212.4000,3212.6000,3212.8000,3213.0000,2,1,1,1,2,2,2,1,3,3
SF,IH2012,2020-09-11 09:33:44.500,3212.0000,24756,0,410815440.000,0,-,-,-,-,3211.6000,3211.0000,3210.8000,3210.6000,3210.2000,3212.2000,3212.4000,3212.6000,3212.8000,3213.0000,1,1,1,2,1,2,2,1,3,3
SF,IH2012,2020-09-11 09:33:45.000,3212.0000,24756,0,410815440.000,0,-,-,-,-,3211.6000,3211.0000,3210.8000,3210.6000,3210.2000,3212.2000,3212.4000,3212.6000,3212.8000,3213.0000,1,1,1,2,1,2,2,1,3,3
SF,IH2012,2020-09-11 09:33:46.000,3212.2000,24754,-2,412742760.000,2,0,2,双平,S,3211.6000,3211.0000,3210.8000,3210.6000,3210.2000,3212.4000,3212.6000,3212.8000,3213.0000,3213.2000,1,1,1,2,1,2,1,3,3,1
SF,IH2012,2020-09-11 09:33:46.500,3212.2000,24754,0,412742760.000,0,-,-,-,-,3211.6000,3211.0000,3210.8000,3210.6000,3210.2000,3212.4000,3212.6000,3213.0000,3213.2000,3213.4000,1,1,1,2,1,1,1,3,1,1
SF,IH2012,2020-09-11 09:33:47.000,3212.2000,24754,0,412742760.000,0,-,-,-,-,3211.6000,3211.0000,3210.8000,3210.6000,3210.2000,3212.4000,3212.6000,3213.0000,3213.2000,3213.4000,2,1,1,1,1,4,1,3,1,1
SF,IH2012,2020-09-11 09:33:47.500,3212.4000,24753,-1,413706480.000,1,0,1,双平,S,3212.0000,3211.8000,3211.6000,3211.0000,3210.8000,3212.4000,3212.6000,3213.0000,3213.2000,3213.4000,2,1,2,1,1,5,1,3,1,1
SF,IH2012,2020-09-11 09:33:48.000,3212.6000,24748,-5,419488860.000,6,0,6,多平,S,3212.0000,3211.8000,3211.6000,3211.0000,3210.8000,3213.0000,3213.2000,3213.4000,3213.6000,3214.0000,2,1,3,1,1,3,1,1,1,1
SF,IH2012,2020-09-11 09:33:48.500,3212.2000,24747,-1,420452520.000,1,0,1,双平,S,3212.2000,3212.0000,3211.6000,3211.0000,3210.6000,3213.0000,3213.2000,3213.4000,3213.6000,3214.0000,1,3,2,1,1,3,1,1,1,1
SF,IH2012,2020-09-11 09:33:49.000,3212.2000,24747,0,420452520.000,0,-,-,-,-,3212.2000,3212.0000,3211.6000,3211.0000,3210.6000,3213.0000,3213.2000,3213.4000,3213.6000,3214.0000,3,3,1,1,1,3,1,1,1,1
SF,IH2012,2020-09-11 09:33:49.500,3213.0000,24745,-2,423344220.000,3,0,3,多平,S,3212.8000,3212.2000,3212.0000,3211.0000,3210.6000,3213.2000,3213.4000,3213.6000,3214.0000,3214.2000,2,3,1,1,1,1,1,1,1,2
SF,IH2012,2020-09-11 09:33:50.000,3213.0000,24745,0,424308120.000,1,0,1,多换,S,3212.8000,3212.2000,3212.0000,3211.0000,3210.6000,3213.2000,3213.4000,3213.6000,3214.0000,3214.2000,3,3,1,1,1,1,1,1,1,2
SF,IH2012,2020-09-11 09:33:50.500,3213.6000,24743,-2,427200180.000,3,0,3,多平,S,3213.2000,3212.8000,3212.2000,3212.0000,3211.0000,3214.0000,3214.2000,3215.6000,3215.8000,3216.6000,1,3,3,1,2,1,2,1,1,1
SF,IH2012,2020-09-11 09:33:51.000,3213.6000,24743,0,427200180.000,0,-,-,-,-,3213.4000,3212.8000,3212.2000,3212.0000,3211.0000,3214.0000,3214.2000,3215.6000,3215.8000,3216.6000,1,3,1,1,2,1,2,1,1,1
SF,IH2012,2020-09-11 09:33:51.500,3214.0000,24742,-1,428164380.000,1,0,1,双平,S,3213.4000,3212.8000,3212.2000,3212.0000,3211.0000,3214.2000,3215.6000,3215.8000,3216.6000,3218.0000,1,1,1,1,2,2,1,1,1,1
SF,IH2012,2020-09-11 09:33:52.000,3214.0000,24742,0,428164380.000,0,-,-,-,-,3213.6000,3213.4000,3213.2000,3212.8000,3212.2000,3214.2000,3215.6000,3215.8000,3216.6000,3218.0000,3,1,1,1,1,2,1,1,1,1
SF,IH2012,2020-09-11 09:33:52.500,3214.2000,24740,-2,430092900.000,2,0,2,双平,S,3213.6000,3213.4000,3213.2000,3212.8000,3212.2000,3215.6000,3215.8000,3216.6000,3218.0000,3219.0000,3,1,1,1,1,1,1,1,1,1
SF,IH2012,2020-09-11 09:33:53.000,3214.2000,24740,0,430092900.000,0,-,-,-,-,3213.8000,3213.6000,3213.2000,3212.8000,3212.2000,3214.0000,3215.4000,3215.6000,3215.8000,3216.6000,2,3,1,1,1,1,1,2,1,1
SF,IH2012,2020-09-11 09:33:53.500,3214.0000,24739,-1,431057100.000,1,0,1,双平,S,3213.6000,3213.2000,3212.8000,3212.2000,3211.0000,3215.4000,3215.6000,3215.8000,3216.6000,3218.0000,2,1,1,1,1,2,2,1,1,1
SF,IH2012,2020-09-11 09:33:54.000,3214.0000,24739,0,431057100.000,0,-,-,-,-,3213.8000,3213.6000,3213.2000,3212.8000,3212.2000,3215.4000,3215.6000,3215.8000,3216.6000,3218.0000,2,2,1,1,1,2,1,1,1,1
SF,IH2012,2020-09-11 09:33:54.500,3214.0000,24739,0,431057100.000,0,-,-,-,-,3213.8000,3213.6000,3213.2000,3212.8000,3212.2000,3215.4000,3215.6000,3215.8000,3216.6000,3218.0000,2,2,1,1,1,2,1,1,1,1
SF,IH2012,2020-09-11 09:33:55.000,3214.0000,24739,0,431057100.000,0,-,-,-,-,3213.8000,3213.6000,3212.8000,3212.2000,3211.0000,3215.2000,3215.4000,3215.6000,3215.8000,3216.6000,2,2,1,1,1,1,2,1,1,1
SF,IH2012,2020-09-11 09:33:55.500,3214.0000,24738,-1,432021300.000,1,0,1,双平,S,3213.8000,3213.6000,3212.8000,3212.2000,3211.0000,3215.2000,3215.4000,3215.6000,3215.8000,3216.6000,3,2,1,1,1,1,1,1,1,1
SF,IH2012,2020-09-11 09:33:56.000,3215.0000,24738,0,432985800.000,1,0,1,多换,S,3213.8000,3213.6000,3212.8000,3212.2000,3211.0000,3215.2000,3215.6000,3215.8000,3216.6000,3218.0000,2,2,1,1,6,1,1,1,1,1
SF,IH2012,2020-09-11 09:33:56.500,3213.8000,24737,-1,433949940.000,1,0,1,双平,S,3213.8000,3213.6000,3212.2000,3211.0000,3210.2000,3215.2000,3215.6000,3215.8000,3216.6000,3218.0000,2,2,1,6,1,1,1,1,1,1
SF,IH2012,2020-09-11 09:33:57.000,3213.8000,24736,-1,434914080.000,1,0,1,双平,S,3214.0000,3213.8000,3212.2000,3211.0000,3210.2000,3215.0000,3215.2000,3215.6000,3215.8000,3216.6000,2,2,1,6,1,1,1,1,1,1
SF,IH2012,2020-09-11 09:33:57.500,3214.0000,24735,-1,435878280.000,1,0,1,双平,S,3213.8000,3212.2000,3211.0000,3210.2000,3210.0000,3215.0000,3215.2000,3215.6000,3215.8000,3216.6000,2,1,6,1,3,2,1,1,1,1
SF,IH2012,2020-09-11 09:33:58.000,3213.8000,24733,-2,437806560.000,2,0,2,双平,S,3212.2000,3211.0000,3210.2000,3210.0000,3209.4000,3214.8000,3215.0000,3215.2000,3215.6000,3215.8000,1,1,1,3,1,2,1,2,1,1
SF,IH2012,2020-09-11 09:33:58.500,3214.6000,24732,-1,438770940.000,1,0,1,双平,S,3212.6000,3212.4000,3212.2000,3211.0000,3210.2000,3215.2000,3215.6000,3215.8000,3216.6000,3218.0000,1,5,2,1,1,2,1,1,1,1
SF,IH2012,2020-09-11 09:33:59.000,3214.6000,24732,0,438770940.000,0,-,-,-,-,3213.2000,3213.0000,3212.8000,3212.6000,3212.4000,3215.0000,3215.2000,3215.6000,3215.8000,3216.6000,1,3,2,2,5,1,2,1,1,1
SF,IH2012,2020-09-11 09:33:59.500,3214.6000,24732,0,438770940.000,0,-,-,-,-,3213.4000,3213.2000,3213.0000,3212.8000,3212.6000,3214.8000,3215.0000,3215.2000,3215.6000,3215.8000,2,2,3,1,2,1,1,2,1,1
SF,IH2012,2020-09-11 09:34:00.000,3214.6000,24732,0,438770940.000,0,-,-,-,-,3213.6000,3213.0000,3212.8000,3212.6000,3212.4000,3214.6000,3214.8000,3215.2000,3215.6000,3215.8000,1,1,1,1,1,1,2,1,1,1
SF,IH2012,2020-09-11 09:34:00.500,3214.6000,24732,0,438770940.000,0,-,-,-,-,3213.0000,3212.8000,3212.6000,3211.0000,3210.2000,3214.6000,3215.2000,3215.6000,3215.8000,3216.6000,1,1,1,1,1,2,1,1,1,1
SF,IH2012,2020-09-11 09:34:01.000,3213.2000,24731,-1,440699280.000,2,0,2,多平,S,3213.4000,3213.2000,3213.0000,3212.6000,3211.0000,3214.6000,3215.2000,3215.6000,3215.8000,3216.6000,1,1,2,1,1,2,1,1,1,1
SF,IH2012,2020-09-11 09:34:01.500,3214.6000,24731,0,441663660.000,1,0,1,多换,S,3213.6000,3213.4000,3213.2000,3213.0000,3211.0000,3214.6000,3215.2000,3215.6000,3215.8000,3216.6000,1,2,2,2,1,1,1,1,1,1
SF,IH2012,2020-09-11 09:34:02.000,3214.6000,24730,-1,442628040.000,1,0,1,双平,S,3213.6000,3213.4000,3213.2000,3213.0000,3211.0000,3214.6000,3215.2000,3215.6000,3215.8000,3216.6000,1,2,1,2,1,1,1,1,1,1
SF,IH2012,2020-09-11 09:34:02.500,3214.6000,24729,-1,443592420.000,1,0,1,双平,S,3214.0000,3213.6000,3213.4000,3213.2000,3213.0000,3215.2000,3215.6000,3215.8000,3216.6000,3218.0000,1,2,1,1,1,1,1,1,1,1
SF,IH2012,2020-09-11 09:34:03.000,3214.6000,24729,0,443592420.000,0,-,-,-,-,3214.2000,3214.0000,3213.6000,3213.0000,3211.0000,3215.0000,3215.2000,3215.6000,3215.8000,3216.6000,1,2,1,1,1,1,1,1,1,1
SF,IH2012,2020-09-11 09:34:03.500,3214.6000,24729,0,443592420.000,0,-,-,-,-,3214.2000,3214.0000,3213.6000,3211.0000,3210.2000,3215.0000,3215.2000,3215.6000,3215.8000,3216.6000,1,2,1,1,1,1,1,1,1,1
SF,IH2012,2020-09-11 09:34:04.000,3214.0000,24726,-3,446485080.000,3,0,3,双平,S,3211.0000,3210.2000,3210.0000,3209.4000,3209.2000,3215.0000,3215.2000,3215.6000,3215.8000,3216.6000,1,1,3,1,1,1,1,1,1,1
SF,IH2012,2020-09-11 09:34:04.500,3214.0000,24726,0,446485080.000,0,-,-,-,-,3213.0000,3212.0000,3211.8000,3211.4000,3211.2000,3214.6000,3214.8000,3215.2000,3215.6000,3215.8000,2,3,2,10,9,1,2,1,1,1
SF,IH2012,2020-09-11 09:34:05.000,3214.0000,24726,0,446485080.000,0,-,-,-,-,3213.2000,3213.0000,3212.0000,3211.8000,3211.4000,3214.4000,3214.6000,3215.2000,3215.6000,3215.8000,1,2,3,2,10,3,1,1,1,1
SF,IH2012,2020-09-11 09:34:05.500,3214.0000,24726,0,446485080.000,0,-,-,-,-,3213.2000,3213.0000,3212.0000,3211.8000,3211.4000,3214.2000,3214.4000,3214.6000,3215.2000,3215.6000,1,2,1,2,9,1,1,1,1,1
SF,IH2012,2020-09-11 09:34:06.500,3214.0000,24726,0,446485080.000,0,-,-,-,-,3213.2000,3213.0000,3211.4000,3211.2000,3211.0000,3214.0000,3214.4000,3214.6000,3215.2000,3215.6000,1,1,2,7,2,1,1,1,1,1
SF,IH2012,2020-09-11 09:34:07.000,3214.0000,24726,0,446485080.000,0,-,-,-,-,3213.0000,3211.4000,3211.2000,3211.0000,3210.2000,3214.0000,3214.4000,3214.6000,3215.2000,3215.6000,1,2,7,2,1,1,1,1,1,1
SF,IH2012,2020-09-11 09:34:07.500,3214.0000,24726,0,446485080.000,0,-,-,-,-,3213.0000,3211.4000,3211.2000,3211.0000,3210.2000,3214.4000,3214.6000,3215.2000,3215.6000,3215.8000,1,2,7,2,1,1,1,1,1,1
SF,IH2012,2020-09-11 09:34:08.000,3214.0000,24726,0,446485080.000,0,-,-,-,-,3213.4000,3213.2000,3213.0000,3211.4000,3211.2000,3214.4000,3214.6000,3215.2000,3215.6000,3215.8000,1,2,1,2,7,1,1,1,1,1
SF,IH2012,2020-09-11 09:34:08.500,3214.0000,24726,0,446485080.000,0,-,-,-,-,3213.6000,3213.4000,3213.0000,3211.4000,3211.2000,3214.6000,3215.2000,3215.6000,3215.8000,3216.6000,1,1,1,2,7,1,1,1,1,1
SF,IH2012,2020-09-11 09:34:09.000,3214.0000,24726,0,446485080.000,0,-,-,-,-,3213.0000,3211.4000,3211.2000,3211.0000,3210.2000,3214.6000,3215.2000,3215.6000,3215.8000,3216.6000,1,2,7,2,1,1,1,1,1,1
SF,IH2012,2020-09-11 09:34:09.500,3214.0000,24726,0,446485080.000,0,-,-,-,-,3213.2000,3213.0000,3211.4000,3211.2000,3211.0000,3214.4000,3214.6000,3215.2000,3215.6000,3215.8000,1,1,2,7,2,1,1,1,1,1
SF,IH2012,2020-09-11 09:34:10.000,3214.0000,24726,0,446485080.000,0,-,-,-,-,3211.4000,3211.2000,3211.0000,3210.2000,3210.0000,3214.4000,3214.6000,3215.2000,3215.6000,3215.8000,2,7,2,1,3,2,1,1,1,1
SF,IH2012,2020-09-11 09:34:10.500,3214.0000,24726,0,446485080.000,0,-,-,-,-,3212.0000,3211.6000,3211.4000,3211.2000,3211.0000,3213.8000,3214.0000,3214.2000,3214.4000,3214.6000,1,6,3,2,1,1,1,2,1,1
SF,IH2012,2020-09-11 09:34:11.000,3214.0000,24726,0,446485080.000,0,-,-,-,-,3212.2000,3212.0000,3211.6000,3211.4000,3211.0000,3213.6000,3213.8000,3214.0000,3214.2000,3214.6000,1,2,4,2,1,1,1,1,1,1
SF,IH2012,2020-09-11 09:34:11.500,3214.0000,24726,0,446485080.000,0,-,-,-,-,3212.0000,3211.6000,3211.4000,3211.0000,3210.2000,3213.4000,3213.6000,3213.8000,3214.2000,3214.6000,1,4,1,1,1,1,2,1,1,1
SF,IH2012,2020-09-11 09:34:12.000,3214.0000,24726,0,446485080.000,0,-,-,-,-,3212.0000,3211.6000,3211.4000,3211.0000,3210.2000,3212.8000,3213.0000,3213.2000,3213.4000,3213.8000,1,4,1,1,1,1,1,3,1,1
SF,IH2012,2020-09-11 09:34:12.500,3214.0000,24726,0,446485080.000,0,-,-,-,-,3212.0000,3211.6000,3211.4000,3211.0000,3210.2000,3212.8000,3213.0000,3213.2000,3213.4000,3213.8000,1,1,1,1,1,1,1,1,1,1
SF,IH2012,2020-09-11 09:34:13.000,3214.0000,24726,0,446485080.000,0,-,-,-,-,3212.0000,3211.4000,3211.0000,3210.2000,3210.0000,3212.8000,3213.2000,3213.8000,3214.2000,3215.0000,1,1,1,1,3,1,1,1,1,1
SF,IH2012,2020-09-11 09:34:13.500,3214.0000,24726,0,446485080.000,0,-,-,-,-,3212.0000,3211.4000,3210.2000,3210.0000,3209.2000,3212.8000,3213.2000,3213.8000,3214.2000,3215.0000,1,1,1,3,1,1,1,1,1,1
SF,IH2012,2020-09-11 09:34:14.000,3214.0000,24726,0,446485080.000,0,-,-,-,-,3212.2000,3212.0000,3211.4000,3210.2000,3210.0000,3213.8000,3214.2000,3215.0000,3215.2000,3215.6000,1,1,1,1,3,1,1,1,1,1
SF,IH2012,2020-09-11 09:34:14.500,3212.0000,24724,-2,448412340.000,2,0,2,双平,S,3211.4000,3210.2000,3210.0000,3209.2000,3208.8000,3213.2000,3213.6000,3213.8000,3214.2000,3215.0000,1,1,3,1,1,1,2,1,1,1
SF,IH2012,2020-09-11 09:34:15.000,3212.0000,24724,0,448412340.000,0,-,-,-,-,3211.6000,3211.4000,3210.2000,3210.0000,3209.2000,3212.2000,3213.0000,3213.2000,3213.6000,3213.8000,1,1,1,3,1,1,3,2,1,1
SF,IH2012,2020-09-11 09:34:15.500,3212.0000,24724,0,448412340.000,0,-,-,-,-,3211.6000,3211.4000,3210.2000,3210.0000,3209.2000,3212.2000,3213.0000,3213.2000,3213.8000,3214.2000,1,1,1,3,1,1,1,2,1,1
SF,IH2012,2020-09-11 09:34:16.000,3211.4000,24723,-1,450339240.000,2,0,2,多平,S,3210.2000,3210.0000,3209.2000,3208.8000,3208.6000,3212.2000,3213.0000,3213.2000,3213.8000,3214.2000,1,3,1,1,1,1,1,2,1,1
SF,IH2012,2020-09-11 09:34:16.500,3211.4000,24723,0,450339240.000,0,-,-,-,-,3210.6000,3210.4000,3210.2000,3210.0000,3209.2000,3212.0000,3212.2000,3213.2000,3213.8000,3214.2000,1,6,2,3,1,1,1,1,1,1
SF,IH2012,2020-09-11 09:34:17.000,3211.4000,24723,0,450339240.000,0,-,-,-,-,3211.0000,3210.8000,3210.6000,3210.4000,3210.2000,3212.0000,3212.2000,3213.2000,3213.8000,3214.2000,2,2,7,2,2,1,1,1,1,1
SF,IH2012,2020-09-11 09:34:17.500,3211.4000,24723,0,450339240.000,0,-,-,-,-,3211.0000,3210.8000,3210.6000,3210.4000,3210.2000,3212.0000,3212.2000,3213.2000,3213.8000,3214.2000,1,1,2,1,1,1,1,1,1,1
SF,IH2012,2020-09-11 09:34:18.000,3211.4000,24723,0,450339240.000,0,-,-,-,-,3211.0000,3210.8000,3210.6000,3210.2000,3210.0000,3212.0000,3212.2000,3213.2000,3213.8000,3214.2000,1,1,2,1,3,1,1,1,2,1
