市场代码,合约代码,时间,最新,持仓,增仓,成交额,成交量,开仓,平仓,成交类型,方向,买一价,买二价,买三价,买四价,买五价,卖一价,卖二价,卖三价,卖四价,卖五价,买一量,买二量,买三量,买四量,买五量,卖一量,卖二量,卖三量,卖四量,卖五量
SF,IH2007,2020-06-11 09:29:00.200,2837.0000,8063,0,3404400.000,4.000,-,-,-,-,2835.8000,2835.0000,2834.6000,2834.0000,2833.8000,2840.0000,2840.6000,2841.8000,2844.4000,2845.0000,1,3,1,1,1,1,1,4,2,2
SF,IH2007,2020-06-11 09:30:00.200,2838.6000,8062,-1,4255980.000,1,0,1,双平,S,2837.0000,2835.8000,2835.0000,2834.6000,2834.0000,2839.8000,2840.0000,2841.8000,2844.4000,2845.0000,11,1,4,1,1,4,1,4,1,2
SF,IH2007,2020-06-11 09:30:00.700,2837.8000,8060,-2,7660620.000,4,1,3,多平,S,2837.0000,2835.8000,2835.0000,2834.6000,2834.0000,2838.2000,2838.4000,2839.6000,2839.8000,2840.0000,9,1,4,1,1,2,3,5,4,1
SF,IH2007,2020-06-11 09:30:01.200,2837.0000,8059,-1,16171620.000,10,4,6,多平,S,2835.8000,2835.0000,2834.6000,2834.0000,2833.0000,2836.8000,2838.0000,2839.4000,2839.6000,2839.8000,1,4,1,1,1,2,6,4,7,2
SF,IH2007,2020-06-11 09:30:01.700,2836.6000,8058,-1,17873340.000,2,0,2,多平,S,2836.0000,2835.0000,2834.6000,2834.0000,2833.0000,2836.6000,2836.8000,2838.0000,2839.4000,2839.6000,1,4,1,1,1,1,2,6,4,7
SF,IH2007,2020-06-11 09:30:02.200,2836.0000,8056,-2,19575120.000,2,0,2,双平,S,2835.0000,2834.6000,2834.0000,2833.0000,2831.0000,2835.6000,2836.8000,2838.0000,2839.4000,2839.6000,4,1,1,1,1,1,1,6,4,7
SF,IH2007,2020-06-11 09:30:02.700,2835.6000,8055,-1,20425800.000,1,0,1,双平,S,2836.0000,2835.2000,2835.0000,2834.6000,2834.0000,2838.0000,2839.4000,2839.6000,2839.8000,2840.0000,1,3,4,1,1,6,4,7,2,1
SF,IH2007,2020-06-11 09:30:03.200,2835.2000,8054,-1,23828280.000,4,1,3,多平,S,2835.2000,2835.0000,2834.6000,2834.0000,2833.0000,2835.8000,2836.6000,2836.8000,2837.0000,2837.8000,1,5,1,1,1,1,2,2,2,4
SF,IH2007,2020-06-11 09:30:03.700,2835.8000,8053,-1,24679020.000,1,0,1,双平,S,2835.2000,2835.0000,2834.6000,2834.0000,2833.0000,2835.8000,2836.6000,2836.8000,2837.0000,2837.8000,1,6,1,1,1,1,2,2,1,4
SF,IH2007,2020-06-11 09:30:04.200,2835.6000,8052,-1,26380260.000,2,0,2,多平,S,2835.0000,2834.6000,2834.0000,2833.0000,2831.2000,2835.6000,2835.8000,2836.6000,2836.8000,2837.0000,5,1,1,1,1,1,1,2,2,1
SF,IH2007,2020-06-11 09:30:04.700,2835.6000,8051,-1,27230940.000,1,0,1,双平,S,2835.0000,2834.6000,2834.0000,2833.0000,2831.2000,2835.6000,2836.6000,2836.8000,2837.0000,2837.8000,5,1,1,1,1,1,2,2,1,4
SF,IH2007,2020-06-11 09:30:05.200,2835.6000,8050,-1,28081620.000,1,0,1,双平,S,2835.0000,2834.6000,2834.0000,2833.0000,2831.2000,2836.6000,2836.8000,2837.0000,2837.8000,2838.0000,5,1,1,1,1,2,2,1,4,6
SF,IH2007,2020-06-11 09:30:05.700,2835.0000,8049,-1,29782620.000,2,0,2,多平,S,2835.8000,2835.0000,2834.6000,2834.0000,2833.0000,2836.4000,2836.6000,2836.8000,2837.8000,2838.0000,1,4,1,1,1,7,2,2,3,4
SF,IH2007,2020-06-11 09:30:06.200,2835.0000,8045,-4,34035360.000,5,0,5,多平,S,2834.6000,2834.0000,2833.0000,2831.2000,2831.0000,2835.0000,2835.8000,2836.4000,2836.6000,2836.8000,1,1,1,1,1,1,1,2,2,2
SF,IH2007,2020-06-11 09:30:06.700,2835.8000,8044,-1,35736600.000,2,0,2,多平,S,2834.6000,2834.0000,2833.0000,2831.2000,2831.0000,2836.4000,2836.6000,2836.8000,2837.8000,2838.0000,1,1,1,1,1,2,2,2,3,4
SF,IH2007,2020-06-11 09:30:07.200,2835.8000,8044,0,35736600.000,0,-,-,-,-,2834.8000,2834.6000,2834.0000,2833.0000,2831.2000,2836.2000,2836.4000,2836.6000,2836.8000,2837.8000,1,1,1,1,1,1,2,2,2,2
SF,IH2007,2020-06-11 09:30:07.700,2835.8000,8044,0,35736600.000,0,-,-,-,-,2834.8000,2834.6000,2834.0000,2833.0000,2831.2000,2836.0000,2836.2000,2836.4000,2836.6000,2836.8000,1,1,1,1,1,1,1,1,2,2
SF,IH2007,2020-06-11 09:30:08.200,2835.8000,8044,0,35736600.000,0,-,-,-,-,2834.8000,2834.6000,2834.0000,2833.0000,2831.2000,2836.0000,2836.2000,2836.4000,2836.6000,2836.8000,1,1,1,1,1,1,1,1,2,2
SF,IH2007,2020-06-11 09:30:08.700,2834.8000,8043,-1,36587040.000,1,0,1,双平,S,2834.6000,2834.0000,2833.0000,2831.2000,2831.0000,2835.8000,2836.0000,2836.6000,2836.8000,2837.0000,1,1,1,1,1,1,1,2,2,1
SF,IH2007,2020-06-11 09:30:09.200,2834.8000,8043,0,36587040.000,0,-,-,-,-,2834.6000,2834.0000,2833.0000,2831.2000,2831.0000,2835.6000,2835.8000,2836.6000,2836.8000,2837.0000,1,1,1,1,1,1,1,2,2,1
SF,IH2007,2020-06-11 09:30:09.700,2834.6000,8042,-1,37437420.000,1,0,1,双平,S,2834.0000,2833.0000,2831.2000,2831.0000,2830.4000,2835.6000,2835.8000,2836.6000,2836.8000,2837.0000,1,1,1,1,5,1,1,2,2,1
SF,IH2007,2020-06-11 09:30:10.200,2834.0000,8041,-1,38287620.000,1,0,1,双平,S,2833.0000,2831.2000,2831.0000,2830.4000,2828.2000,2835.6000,2835.8000,2836.6000,2836.8000,2837.0000,1,1,1,5,1,1,1,2,2,1
SF,IH2007,2020-06-11 09:30:10.700,2834.0000,8041,0,38287620.000,0,-,-,-,-,2833.2000,2833.0000,2831.2000,2831.0000,2830.4000,2835.4000,2835.6000,2835.8000,2836.6000,2836.8000,3,1,1,1,5,1,1,1,2,2
SF,IH2007,2020-06-11 09:30:11.200,2834.0000,8041,0,38287620.000,0,-,-,-,-,2833.2000,2833.0000,2831.2000,2831.0000,2830.4000,2835.2000,2835.4000,2836.6000,2836.8000,2837.0000,3,1,1,1,5,1,1,2,2,1
SF,IH2007,2020-06-11 09:30:11.700,2834.0000,8041,0,38287620.000,0,-,-,-,-,2833.2000,2833.0000,2831.2000,2831.0000,2830.4000,2835.0000,2835.2000,2836.6000,2836.8000,2837.0000,3,1,1,1,5,1,1,2,2,1
SF,IH2007,2020-06-11 09:30:12.200,2833.2000,8040,-1,39137580.000,1,0,1,双平,S,2833.2000,2833.0000,2831.2000,2831.0000,2830.4000,2834.8000,2835.0000,2836.6000,2836.8000,2837.0000,2,1,1,1,5,1,1,2,2,1
SF,IH2007,2020-06-11 09:30:12.700,2833.2000,8038,-2,40837500.000,2,0,2,双平,S,2833.0000,2831.2000,2831.0000,2830.4000,2828.2000,2834.8000,2835.0000,2836.6000,2836.8000,2837.0000,1,1,1,5,1,1,1,2,2,1
SF,IH2007,2020-06-11 09:30:13.200,2833.2000,8038,0,40837500.000,0,-,-,-,-,2833.0000,2831.2000,2831.0000,2830.4000,2828.2000,2834.6000,2834.8000,2836.6000,2836.8000,2837.0000,1,1,1,5,1,1,1,2,2,1
SF,IH2007,2020-06-11 09:30:13.700,2833.0000,8037,-1,41687400.000,1,0,1,双平,S,2831.2000,2831.0000,2830.4000,2828.2000,2827.2000,2834.4000,2834.6000,2836.6000,2836.8000,2837.0000,1,1,5,1,5,1,1,2,2,1
SF,IH2007,2020-06-11 09:30:14.200,2833.0000,8037,0,41687400.000,0,-,-,-,-,2832.4000,2832.0000,2831.4000,2831.2000,2831.0000,2834.2000,2834.4000,2836.6000,2836.8000,2837.0000,1,1,5,1,1,1,1,2,2,1
SF,IH2007,2020-06-11 09:30:14.700,2834.0000,8036,-1,42537600.000,1,0,1,双平,S,2832.4000,2832.0000,2831.4000,2831.2000,2831.0000,2834.0000,2834.2000,2836.6000,2836.8000,2837.0000,1,2,5,1,1,1,1,2,2,1
SF,IH2007,2020-06-11 09:30:15.200,2834.0000,8036,0,42537600.000,0,-,-,-,-,2832.4000,2831.4000,2831.2000,2831.0000,2830.4000,2834.0000,2834.2000,2836.6000,2836.8000,2837.0000,1,5,1,1,5,1,1,2,2,1
SF,IH2007,2020-06-11 09:30:15.700,2832.4000,8035,-1,43387320.000,1,0,1,双平,S,2831.4000,2831.2000,2831.0000,2830.4000,2828.2000,2834.0000,2834.2000,2836.6000,2836.8000,2837.0000,4,1,1,5,1,1,1,2,2,1
SF,IH2007,2020-06-11 09:30:16.200,2832.4000,8035,0,43387320.000,0,-,-,-,-,2831.4000,2831.2000,2831.0000,2830.4000,2830.0000,2833.8000,2834.0000,2836.6000,2836.8000,2837.0000,3,1,1,5,1,1,1,2,2,1
SF,IH2007,2020-06-11 09:30:16.700,2833.8000,8035,0,46787700.000,4,2,2,多换,S,2834.0000,2833.0000,2831.6000,2831.4000,2831.2000,2836.6000,2836.8000,2837.0000,2837.8000,2838.0000,7,1,1,1,1,2,2,1,2,3
SF,IH2007,2020-06-11 09:30:17.200,2833.0000,8034,-1,54438600.000,9,4,5,多平,S,2832.8000,2831.4000,2831.2000,2831.0000,2830.4000,2833.4000,2833.8000,2834.0000,2836.4000,2836.6000,3,1,1,1,5,1,5,1,7,1
SF,IH2007,2020-06-11 09:30:17.700,2832.8000,8031,-3,56988120.000,3,0,3,双平,S,2831.2000,2831.0000,2830.4000,2830.0000,2828.2000,2832.8000,2833.0000,2833.2000,2833.8000,2834.0000,1,1,5,1,1,3,2,3,5,4
SF,IH2007,2020-06-11 09:30:18.200,2832.8000,8031,0,56988120.000,0,-,-,-,-,2831.2000,2831.0000,2830.4000,2830.0000,2828.2000,2831.8000,2832.6000,2832.8000,2833.0000,2834.0000,1,1,5,1,1,2,3,4,3,4
SF,IH2007,2020-06-11 09:30:18.700,2832.0000,8031,0,58687320.000,2,1,1,多换,S,2831.2000,2831.0000,2830.4000,2830.0000,2828.2000,2832.6000,2832.8000,2833.0000,2834.0000,2836.4000,1,1,5,1,1,1,3,3,4,1
SF,IH2007,2020-06-11 09:30:19.200,2832.0000,8031,0,58687320.000,0,-,-,-,-,2831.4000,2831.2000,2831.0000,2830.4000,2830.0000,2832.6000,2832.8000,2833.0000,2834.0000,2836.4000,1,1,1,5,1,1,1,4,4,1
SF,IH2007,2020-06-11 09:30:19.700,2832.0000,8031,0,58687320.000,0,-,-,-,-,2832.0000,2831.4000,2831.2000,2831.0000,2830.0000,2832.6000,2832.8000,2833.0000,2834.0000,2836.4000,1,1,1,1,1,1,1,3,4,1
SF,IH2007,2020-06-11 09:30:20.700,2832.0000,8031,0,58687320.000,0,-,-,-,-,2832.0000,2831.4000,2831.2000,2831.0000,2830.0000,2832.6000,2833.0000,2834.0000,2836.0000,2838.0000,1,1,1,1,1,1,3,4,1,3
SF,IH2007,2020-06-11 09:30:21.200,2832.0000,8031,0,58687320.000,0,-,-,-,-,2832.0000,2831.4000,2831.0000,2830.0000,2828.2000,2832.6000,2833.0000,2834.0000,2836.0000,2838.0000,1,2,1,1,1,1,2,5,1,3
SF,IH2007,2020-06-11 09:30:21.700,2832.0000,8031,0,58687320.000,0,-,-,-,-,2832.0000,2831.4000,2831.0000,2830.0000,2828.2000,2832.2000,2832.6000,2833.0000,2834.0000,2836.0000,1,2,1,1,1,1,1,2,5,1
SF,IH2007,2020-06-11 09:30:22.200,2832.6000,8029,-2,60386760.000,2,0,2,双平,S,2832.6000,2832.0000,2831.4000,2831.0000,2830.0000,2833.0000,2834.0000,2836.0000,2838.0000,2839.4000,2,1,2,1,1,2,5,1,3,4
SF,IH2007,2020-06-11 09:30:22.700,2832.6000,8029,0,60386760.000,0,-,-,-,-,2832.6000,2832.0000,2831.4000,2831.0000,2830.0000,2832.8000,2833.0000,2834.0000,2836.0000,2838.0000,2,1,2,1,1,1,2,4,1,3
SF,IH2007,2020-06-11 09:30:23.200,2832.6000,8026,-3,62936220.000,3,0,3,双平,S,2832.6000,2832.0000,2831.4000,2831.0000,2830.0000,2834.0000,2836.0000,2838.0000,2839.4000,2839.6000,1,1,1,1,1,4,1,3,4,3
SF,IH2007,2020-06-11 09:30:23.700,2832.6000,8026,0,62936220.000,0,-,-,-,-,2832.8000,2832.6000,2832.0000,2831.4000,2831.0000,2833.2000,2833.8000,2834.0000,2836.0000,2838.0000,1,1,1,1,1,2,7,4,1,3
SF,IH2007,2020-06-11 09:30:24.200,2832.6000,8025,-1,64635840.000,2,0,2,多平,S,2832.0000,2831.4000,2831.0000,2830.0000,2828.2000,2833.0000,2833.8000,2834.0000,2834.4000,2836.0000,1,1,1,1,1,1,1,3,2,1
SF,IH2007,2020-06-11 09:30:24.700,2833.0000,8025,0,65485740.000,1,0,1,多换,S,2832.4000,2832.2000,2832.0000,2831.4000,2831.0000,2833.8000,2834.0000,2834.4000,2836.0000,2838.0000,1,1,1,1,1,1,3,2,1,3
SF,IH2007,2020-06-11 09:30:25.200,2833.0000,8025,0,65485740.000,0,-,-,-,-,2832.6000,2832.4000,2832.0000,2831.4000,2831.0000,2833.6000,2833.8000,2834.0000,2834.4000,2836.0000,1,1,1,1,1,2,1,3,2,1
SF,IH2007,2020-06-11 09:30:25.700,2833.0000,8025,0,65485740.000,0,-,-,-,-,2832.6000,2832.4000,2832.0000,2831.4000,2831.0000,2833.4000,2833.6000,2833.8000,2834.0000,2834.4000,1,1,1,1,1,1,2,1,3,2
SF,IH2007,2020-06-11 09:30:26.200,2833.0000,8025,0,65485740.000,0,-,-,-,-,2832.6000,2832.4000,2832.0000,2831.4000,2831.0000,2833.6000,2833.8000,2834.0000,2834.4000,2836.0000,1,1,1,1,1,2,1,3,2,1
SF,IH2007,2020-06-11 09:30:26.700,2833.0000,8025,0,65485740.000,0,-,-,-,-,2832.6000,2832.4000,2832.0000,2831.4000,2831.0000,2833.4000,2833.6000,2833.8000,2834.0000,2834.4000,1,1,1,1,1,1,2,1,3,2
SF,IH2007,2020-06-11 09:30:27.200,2832.6000,8025,0,66335520.000,1,0,1,多换,S,2832.4000,2832.2000,2832.0000,2831.4000,2831.0000,2833.2000,2833.4000,2833.6000,2834.4000,2836.0000,1,1,1,1,1,2,1,2,2,1
SF,IH2007,2020-06-11 09:30:28.200,2833.4000,8024,-1,67185540.000,1,0,1,双平,S,2832.4000,2832.2000,2832.0000,2831.4000,2831.0000,2833.6000,2834.4000,2836.0000,2838.0000,2839.4000,1,1,1,1,1,2,2,1,3,4
SF,IH2007,2020-06-11 09:30:28.700,2833.4000,8024,0,67185540.000,0,-,-,-,-,2832.6000,2832.4000,2832.2000,2832.0000,2831.4000,2833.6000,2834.4000,2836.0000,2838.0000,2839.4000,1,1,1,1,1,2,2,1,3,4
SF,IH2007,2020-06-11 09:30:29.200,2833.4000,8024,0,67185540.000,0,-,-,-,-,2832.6000,2832.4000,2832.2000,2832.0000,2831.4000,2833.4000,2833.6000,2834.4000,2836.0000,2838.0000,1,1,1,1,1,2,3,2,1,3
SF,IH2007,2020-06-11 09:30:29.700,2832.4000,8024,0,68035260.000,1,0,1,多换,S,2832.2000,2832.0000,2831.4000,2831.0000,2830.0000,2833.4000,2833.6000,2834.4000,2836.0000,2838.0000,1,1,1,1,2,2,3,2,1,3
SF,IH2007,2020-06-11 09:30:30.200,2832.2000,8023,-1,68884920.000,1,0,1,双平,S,2832.0000,2831.4000,2831.0000,2830.0000,2829.0000,2833.2000,2833.4000,2833.6000,2834.4000,2836.0000,1,1,1,2,1,1,2,3,2,1
SF,IH2007,2020-06-11 09:30:30.700,2832.2000,8023,0,68884920.000,0,-,-,-,-,2832.0000,2831.4000,2831.0000,2830.0000,2829.0000,2833.2000,2833.6000,2834.4000,2836.0000,2838.0000,1,1,1,2,1,1,3,2,1,3
SF,IH2007,2020-06-11 09:30:32.200,2832.0000,8022,-1,69734520.000,1,0,1,双平,S,2831.4000,2831.0000,2830.0000,2829.0000,2828.2000,2833.2000,2833.6000,2834.4000,2836.0000,2838.0000,1,1,2,1,1,1,2,2,1,3
SF,IH2007,2020-06-11 09:30:32.700,2832.0000,8022,0,69734520.000,0,-,-,-,-,2831.6000,2831.4000,2831.0000,2830.0000,2829.0000,2832.0000,2833.0000,2833.2000,2833.6000,2834.4000,3,1,1,2,1,1,2,1,2,2
SF,IH2007,2020-06-11 09:30:33.200,2832.0000,8022,0,70584120.000,1,0,1,多换,S,2831.6000,2831.4000,2831.0000,2830.0000,2829.0000,2833.0000,2833.2000,2833.6000,2834.4000,2836.0000,2,1,1,2,2,2,1,2,2,1
SF,IH2007,2020-06-11 09:30:33.700,2832.0000,8022,0,70584120.000,0,-,-,-,-,2831.6000,2831.4000,2831.0000,2830.0000,2829.0000,2832.8000,2833.0000,2833.6000,2834.4000,2836.0000,1,1,1,2,2,1,2,2,2,1
SF,IH2007,2020-06-11 09:30:34.200,2831.4000,8022,0,71433540.000,1,0,1,多换,S,2831.0000,2830.0000,2829.0000,2828.2000,2825.0000,2832.8000,2833.0000,2833.6000,2834.4000,2836.0000,1,2,2,1,2,1,2,2,2,1
SF,IH2007,2020-06-11 09:30:34.700,2831.4000,8022,0,71433540.000,0,-,-,-,-,2831.2000,2831.0000,2830.0000,2829.0000,2828.2000,2832.6000,2832.8000,2833.6000,2834.4000,2836.0000,1,1,2,2,1,1,1,2,2,1
SF,IH2007,2020-06-11 09:30:35.200,2831.4000,8022,0,71433540.000,0,-,-,-,-,2831.0000,2830.0000,2829.0000,2828.2000,2825.0000,2832.4000,2832.6000,2833.6000,2834.4000,2836.0000,1,2,2,1,2,1,1,2,2,1
SF,IH2007,2020-06-11 09:30:36.200,2831.4000,8022,0,71433540.000,0,-,-,-,-,2831.2000,2831.0000,2830.0000,2829.0000,2828.2000,2832.4000,2832.6000,2833.6000,2834.4000,2836.0000,1,1,2,2,1,1,1,2,2,1
SF,IH2007,2020-06-11 09:30:36.700,2831.0000,8023,1,72282840.000,1,1,0,双开,S,2830.0000,2829.0000,2828.2000,2825.0000,2823.4000,2832.4000,2832.6000,2833.6000,2834.4000,2836.0000,2,2,1,2,5,1,1,2,2,1
SF,IH2007,2020-06-11 09:30:37.200,2832.2000,8022,-1,73132500.000,1,0,1,双平,S,2830.2000,2830.0000,2829.0000,2828.2000,2825.0000,2832.4000,2833.6000,2834.4000,2836.0000,2838.0000,3,2,2,1,2,1,2,2,1,3
SF,IH2007,2020-06-11 09:30:37.700,2832.2000,8022,0,73132500.000,0,-,-,-,-,2830.4000,2830.2000,2830.0000,2829.0000,2828.2000,2832.4000,2833.6000,2834.4000,2836.0000,2838.0000,1,8,2,2,1,1,2,2,1,3
SF,IH2007,2020-06-11 09:30:38.200,2832.2000,8022,0,73132500.000,0,-,-,-,-,2830.6000,2830.2000,2830.0000,2829.0000,2828.2000,2832.4000,2833.6000,2834.4000,2836.0000,2838.0000,2,3,2,2,1,1,2,2,1,3
SF,IH2007,2020-06-11 09:30:39.200,2832.2000,8022,0,73132500.000,0,-,-,-,-,2830.6000,2830.2000,2830.0000,2829.0000,2828.2000,2832.0000,2832.4000,2833.6000,2834.4000,2836.0000,2,3,2,2,1,1,1,2,2,1
SF,IH2007,2020-06-11 09:30:39.700,2832.2000,8022,0,73132500.000,0,-,-,-,-,2830.6000,2830.2000,2830.0000,2829.0000,2828.2000,2831.8000,2832.0000,2833.6000,2834.4000,2836.0000,2,3,2,2,1,1,1,2,2,1
SF,IH2007,2020-06-11 09:30:40.200,2832.2000,8022,0,73132500.000,0,-,-,-,-,2830.6000,2830.2000,2830.0000,2829.0000,2828.2000,2831.8000,2832.0000,2833.6000,2834.4000,2836.0000,1,3,2,2,1,1,1,2,2,1
SF,IH2007,2020-06-11 09:30:40.700,2832.0000,8020,-2,74831700.000,2,0,2,双平,S,2830.8000,2830.6000,2830.2000,2830.0000,2829.0000,2833.6000,2834.4000,2836.0000,2838.0000,2839.4000,1,1,2,2,2,2,2,1,3,4
SF,IH2007,2020-06-11 09:30:41.200,2831.0000,8020,0,75681000.000,1,0,1,多换,S,2831.0000,2830.8000,2830.2000,2830.0000,2829.0000,2832.6000,2832.8000,2833.4000,2834.4000,2836.0000,1,1,2,2,2,3,1,8,2,1
SF,IH2007,2020-06-11 09:30:41.700,2831.0000,8020,0,75681000.000,0,-,-,-,-,2831.0000,2830.8000,2830.2000,2830.0000,2829.0000,2831.6000,2832.4000,2832.6000,2832.8000,2833.4000,1,1,2,2,2,2,6,4,1,5
SF,IH2007,2020-06-11 09:30:42.200,2831.0000,8020,0,75681000.000,0,-,-,-,-,2830.8000,2830.2000,2830.0000,2829.0000,2828.2000,2832.4000,2832.6000,2832.8000,2833.4000,2834.4000,1,2,2,2,1,1,3,1,5,2
SF,IH2007,2020-06-11 09:30:42.700,2831.0000,8020,0,75681000.000,0,-,-,-,-,2830.8000,2830.2000,2830.0000,2829.0000,2828.2000,2831.8000,2832.2000,2832.4000,2832.6000,2832.8000,1,2,2,2,1,2,1,1,3,1
SF,IH2007,2020-06-11 09:30:43.200,2831.0000,8020,0,75681000.000,0,-,-,-,-,2830.2000,2830.0000,2829.0000,2828.2000,2825.0000,2831.6000,2831.8000,2832.2000,2832.6000,2832.8000,2,2,2,1,2,1,2,1,3,1
SF,IH2007,2020-06-11 09:30:43.700,2831.0000,8020,0,75681000.000,0,-,-,-,-,2830.4000,2830.0000,2829.0000,2828.2000,2825.0000,2830.8000,2831.6000,2831.8000,2832.2000,2832.6000,1,2,2,1,2,1,1,2,1,3
SF,IH2007,2020-06-11 09:30:44.200,2830.4000,8019,-1,76530120.000,1,0,1,双平,S,2830.0000,2829.0000,2828.2000,2825.0000,2823.4000,2830.8000,2831.4000,2831.6000,2831.8000,2832.2000,2,2,1,2,5,1,1,1,2,1
SF,IH2007,2020-06-11 09:30:44.700,2830.4000,8019,0,76530120.000,0,-,-,-,-,2830.2000,2830.0000,2829.0000,2828.2000,2825.0000,2830.8000,2831.6000,2831.8000,2832.2000,2832.6000,2,2,2,1,2,1,1,2,1,3
SF,IH2007,2020-06-11 09:30:45.200,2830.2000,8018,-1,77379180.000,1,0,1,双平,S,2830.2000,2830.0000,2829.0000,2828.2000,2825.0000,2830.8000,2831.6000,2831.8000,2832.2000,2832.6000,1,2,2,1,2,1,1,2,1,3
SF,IH2007,2020-06-11 09:30:45.700,2830.2000,8018,0,77379180.000,0,-,-,-,-,2830.2000,2830.0000,2829.0000,2828.2000,2825.0000,2830.8000,2831.6000,2831.8000,2832.0000,2832.2000,1,2,2,1,2,1,1,2,1,1
SF,IH2007,2020-06-11 09:30:46.700,2830.2000,8018,0,77379180.000,0,-,-,-,-,2830.6000,2830.2000,2830.0000,2829.0000,2828.2000,2830.8000,2831.6000,2831.8000,2832.0000,2832.2000,1,1,2,2,1,1,1,2,1,1
SF,IH2007,2020-06-11 09:30:47.200,2830.6000,8017,-1,78228360.000,1,0,1,双平,S,2830.2000,2830.0000,2829.0000,2828.2000,2825.0000,2830.8000,2832.0000,2832.2000,2832.6000,2832.8000,1,3,2,1,2,1,1,1,3,1
SF,IH2007,2020-06-11 09:30:47.700,2830.6000,8017,0,78228360.000,0,-,-,-,-,2830.2000,2830.0000,2829.0000,2828.2000,2825.0000,2830.8000,2832.0000,2832.2000,2832.6000,2832.8000,1,3,2,1,2,1,1,1,3,1
SF,IH2007,2020-06-11 09:30:48.200,2830.8000,8017,0,79077600.000,1,0,1,多换,S,2830.8000,2830.2000,2830.0000,2829.0000,2828.2000,2832.0000,2832.2000,2832.6000,2832.8000,2833.4000,2,1,3,2,1,1,1,3,1,5
SF,IH2007,2020-06-11 09:30:48.700,2830.8000,8015,-2,80776080.000,2,0,2,双平,S,2830.2000,2830.0000,2829.0000,2828.2000,2825.0000,2831.0000,2831.8000,2832.0000,2832.2000,2832.6000,1,3,2,1,2,2,6,1,1,3
SF,IH2007,2020-06-11 09:30:49.200,2830.8000,8015,0,80776080.000,0,-,-,-,-,2830.2000,2830.0000,2829.0000,2828.2000,2825.0000,2830.8000,2831.0000,2831.8000,2832.0000,2832.2000,1,3,2,1,2,1,2,8,1,1
SF,IH2007,2020-06-11 09:30:50.200,2830.8000,8015,0,80776080.000,0,-,-,-,-,2830.2000,2830.0000,2829.0000,2828.2000,2825.0000,2830.8000,2831.0000,2831.8000,2832.0000,2832.2000,1,3,2,1,2,2,2,8,1,1
SF,IH2007,2020-06-11 09:30:50.700,2830.2000,8015,0,81625140.000,1,0,1,多换,S,2830.0000,2829.0000,2828.2000,2828.0000,2825.0000,2830.8000,2831.0000,2831.8000,2832.0000,2832.2000,3,2,1,2,2,2,2,8,1,1
SF,IH2007,2020-06-11 09:30:51.200,2830.2000,8015,0,81625140.000,0,-,-,-,-,2830.0000,2829.0000,2828.2000,2828.0000,2825.0000,2830.8000,2831.0000,2831.8000,2832.0000,2832.2000,3,2,1,2,2,2,2,8,1,1
SF,IH2007,2020-06-11 09:30:51.700,2830.0000,8015,0,84172140.000,3,1,2,多换,S,2829.0000,2828.2000,2828.0000,2825.0000,2823.4000,2830.0000,2830.6000,2830.8000,2831.0000,2831.8000,2,1,2,2,5,1,3,2,2,8
SF,IH2007,2020-06-11 09:30:52.200,2830.0000,8015,0,84172140.000,0,-,-,-,-,2829.0000,2828.2000,2828.0000,2825.0000,2823.4000,2830.8000,2831.0000,2831.8000,2832.0000,2832.2000,2,1,2,2,5,2,2,8,1,1
SF,IH2007,2020-06-11 09:30:52.700,2830.0000,8015,0,84172140.000,0,-,-,-,-,2829.2000,2829.0000,2828.2000,2828.0000,2825.0000,2830.8000,2831.0000,2831.8000,2832.0000,2832.2000,2,2,1,2,2,2,2,8,1,1
SF,IH2007,2020-06-11 09:30:53.200,2830.0000,8015,0,84172140.000,0,-,-,-,-,2829.2000,2829.0000,2828.2000,2828.0000,2825.0000,2830.8000,2831.0000,2831.8000,2832.0000,2832.2000,2,2,1,2,2,2,2,8,1,1
SF,IH2007,2020-06-11 09:30:53.700,2829.2000,8015,0,85020900.000,1,0,1,多换,S,2829.2000,2829.0000,2828.2000,2828.0000,2825.0000,2830.8000,2831.0000,2831.8000,2832.0000,2832.2000,1,2,1,2,2,2,2,8,1,1
SF,IH2007,2020-06-11 09:30:54.200,2829.2000,8015,0,85020900.000,0,-,-,-,-,2829.4000,2829.2000,2829.0000,2828.2000,2828.0000,2830.8000,2831.0000,2831.8000,2832.0000,2832.2000,1,1,2,1,2,2,2,8,1,1
SF,IH2007,2020-06-11 09:30:54.700,2829.2000,8015,0,85020900.000,0,-,-,-,-,2829.4000,2829.2000,2829.0000,2828.2000,2828.0000,2830.8000,2831.0000,2831.8000,2832.0000,2832.2000,1,1,2,1,2,2,2,6,1,1
SF,IH2007,2020-06-11 09:30:56.200,2829.2000,8015,0,85020900.000,0,-,-,-,-,2829.4000,2829.2000,2829.0000,2828.2000,2828.0000,2830.8000,2831.0000,2831.8000,2832.0000,2832.2000,1,1,2,1,2,2,2,6,1,1
SF,IH2007,2020-06-11 09:30:56.700,2830.8000,8014,-1,86719380.000,2,0,2,多平,S,2829.4000,2829.2000,2829.0000,2828.2000,2828.0000,2831.0000,2831.8000,2832.0000,2832.2000,2832.6000,2,1,2,1,2,2,6,1,1,1
SF,IH2007,2020-06-11 09:30:57.200,2829.4000,8013,-1,87568200.000,1,0,1,双平,S,2829.4000,2829.2000,2829.0000,2828.2000,2828.0000,2831.8000,2832.0000,2832.2000,2832.6000,2832.8000,1,1,2,1,2,6,1,1,1,1
SF,IH2007,2020-06-11 09:30:57.700,2829.4000,8013,0,87568200.000,0,-,-,-,-,2829.6000,2829.0000,2828.2000,2828.0000,2825.0000,2831.4000,2831.8000,2832.0000,2832.2000,2832.6000,2,2,1,2,2,2,5,1,1,1
SF,IH2007,2020-06-11 09:30:58.200,2829.4000,8013,0,87568200.000,0,-,-,-,-,2829.6000,2829.0000,2828.2000,2828.0000,2825.0000,2831.2000,2831.4000,2831.6000,2831.8000,2832.0000,2,2,1,2,2,2,2,1,5,1
SF,IH2007,2020-06-11 09:30:58.700,2829.6000,8013,0,88417080.000,1,0,1,多换,S,2829.6000,2829.0000,2828.2000,2828.0000,2826.0000,2831.2000,2831.4000,2831.8000,2832.0000,2832.2000,1,2,1,2,2,1,2,5,1,1
SF,IH2007,2020-06-11 09:30:59.200,2829.6000,8013,0,88417080.000,0,-,-,-,-,2829.6000,2829.0000,2828.2000,2828.0000,2826.0000,2831.2000,2831.4000,2831.8000,2832.0000,2832.2000,1,2,1,2,2,1,2,5,2,1
SF,IH2007,2020-06-11 09:31:01.200,2829.6000,8013,0,88417080.000,0,-,-,-,-,2829.6000,2829.0000,2828.2000,2828.0000,2826.0000,2831.0000,2831.2000,2831.4000,2831.8000,2832.0000,1,2,1,2,2,1,1,2,5,2
SF,IH2007,2020-06-11 09:31:01.700,2829.6000,8013,0,88417080.000,0,-,-,-,-,2829.6000,2829.0000,2828.2000,2828.0000,2826.0000,2830.8000,2831.0000,2831.4000,2831.8000,2832.0000,1,2,1,2,2,1,1,2,5,2
SF,IH2007,2020-06-11 09:31:02.200,2829.6000,8013,0,88417080.000,0,-,-,-,-,2829.0000,2828.2000,2828.0000,2826.0000,2825.0000,2830.8000,2831.0000,2831.4000,2831.8000,2832.0000,2,1,2,2,2,1,1,2,5,2
SF,IH2007,2020-06-11 09:31:02.700,2829.6000,8013,0,88417080.000,0,-,-,-,-,2829.2000,2829.0000,2828.2000,2828.0000,2826.0000,2830.8000,2831.0000,2831.4000,2831.8000,2832.0000,1,2,1,2,2,1,1,2,5,2
SF,IH2007,2020-06-11 09:31:03.200,2829.6000,8013,0,88417080.000,0,-,-,-,-,2829.2000,2829.0000,2828.2000,2828.0000,2826.0000,2830.6000,2830.8000,2831.0000,2831.8000,2832.0000,1,2,1,2,2,1,1,1,5,2
SF,IH2007,2020-06-11 09:31:03.700,2830.4000,8008,-5,92661660.000,5,0,5,双平,S,2829.0000,2828.2000,2828.0000,2826.0000,2825.0000,2830.6000,2831.0000,2831.8000,2832.0000,2832.2000,1,1,2,2,4,1,1,5,2,1
SF,IH2007,2020-06-11 09:31:04.200,2829.0000,8007,-1,93510360.000,1,0,1,双平,S,2828.2000,2828.0000,2826.0000,2825.0000,2819.6000,2829.0000,2829.2000,2829.4000,2830.4000,2830.6000,1,2,2,4,5,1,2,1,7,1
SF,IH2007,2020-06-11 09:31:04.700,2829.0000,8007,0,93510360.000,0,-,-,-,-,2828.2000,2828.0000,2826.0000,2825.0000,2819.6000,2829.2000,2830.4000,2830.6000,2831.0000,2831.8000,1,2,2,4,5,1,7,1,1,3
SF,IH2007,2020-06-11 09:31:05.200,2829.0000,8007,0,94359060.000,1,0,1,多换,S,2828.2000,2828.0000,2826.0000,2825.0000,2819.6000,2829.0000,2830.4000,2830.6000,2831.0000,2831.8000,1,2,3,4,5,1,6,1,1,3
SF,IH2007,2020-06-11 09:31:05.700,2830.4000,8005,-2,97754460.000,4,1,3,多平,S,2828.0000,2826.0000,2825.0000,2819.6000,2813.0000,2830.4000,2830.6000,2831.0000,2831.8000,2832.0000,2,3,4,5,2,4,1,1,3,2
SF,IH2007,2020-06-11 09:31:06.200,2830.4000,8005,0,97754460.000,0,-,-,-,-,2828.2000,2828.0000,2826.0000,2825.0000,2819.6000,2829.4000,2829.6000,2830.2000,2830.4000,2830.6000,1,2,3,4,5,5,1,5,3,1
SF,IH2007,2020-06-11 09:31:06.700,2830.4000,8005,0,97754460.000,0,-,-,-,-,2828.0000,2826.0000,2825.0000,2819.6000,2813.0000,2829.2000,2829.4000,2829.6000,2830.2000,2830.4000,2,3,4,5,2,3,4,2,6,3
SF,IH2007,2020-06-11 09:31:07.200,2829.2000,8004,-1,98603220.000,1,0,1,双平,S,2828.0000,2826.0000,2825.0000,2819.6000,2813.0000,2829.0000,2829.2000,2829.4000,2829.6000,2830.2000,2,3,4,5,2,1,3,4,2,6
SF,IH2007,2020-06-11 09:31:07.700,2829.2000,8004,0,98603220.000,0,-,-,-,-,2828.0000,2826.0000,2825.0000,2819.6000,2813.0000,2829.0000,2829.2000,2829.4000,2829.6000,2830.2000,3,3,4,5,2,1,3,4,2,6
SF,IH2007,2020-06-11 09:31:08.200,2828.0000,8004,0,99451620.000,1,0,1,多换,S,2828.0000,2826.0000,2825.0000,2819.6000,2813.0000,2828.6000,2828.8000,2829.2000,2829.4000,2829.6000,2,3,4,5,2,1,2,2,4,2
SF,IH2007,2020-06-11 09:31:08.700,2828.0000,8003,-1,101148420.000,2,0,2,多平,S,2826.0000,2825.0000,2819.6000,2813.0000,2812.0000,2828.0000,2828.4000,2828.8000,2829.2000,2829.4000,3,4,5,2,1,1,2,1,2,4
SF,IH2007,2020-06-11 09:31:09.200,2828.0000,8003,0,101148420.000,0,-,-,-,-,2826.2000,2826.0000,2825.0000,2819.6000,2813.0000,2827.8000,2828.0000,2828.4000,2828.8000,2829.2000,1,3,4,5,2,1,4,1,1,2
SF,IH2007,2020-06-11 09:31:09.700,2828.0000,8003,0,101148420.000,0,-,-,-,-,2826.2000,2826.0000,2825.0000,2819.6000,2813.0000,2827.6000,2827.8000,2828.0000,2828.4000,2828.8000,1,3,4,5,2,1,1,3,1,1
SF,IH2007,2020-06-11 09:31:10.200,2828.0000,8003,0,101148420.000,0,-,-,-,-,2826.0000,2825.0000,2819.6000,2813.0000,2812.0000,2827.6000,2827.8000,2828.0000,2828.4000,2828.8000,3,4,5,2,1,3,1,3,1,1
SF,IH2007,2020-06-11 09:31:10.700,2828.0000,8003,0,101148420.000,0,-,-,-,-,2826.2000,2826.0000,2825.0000,2819.6000,2813.0000,2827.6000,2827.8000,2828.0000,2828.4000,2828.8000,1,3,3,5,2,2,1,1,1,2
SF,IH2007,2020-06-11 09:31:11.200,2827.6000,8001,-2,102844980.000,2,0,2,双平,S,2826.2000,2826.0000,2825.0000,2819.6000,2813.0000,2827.8000,2828.0000,2828.4000,2828.8000,2829.2000,1,3,3,5,2,1,1,1,2,2
SF,IH2007,2020-06-11 09:31:11.700,2827.6000,8001,0,102844980.000,0,-,-,-,-,2826.2000,2826.0000,2825.0000,2819.6000,2813.0000,2827.8000,2828.0000,2828.4000,2828.8000,2829.2000,1,3,3,5,2,1,1,1,2,2
SF,IH2007,2020-06-11 09:31:12.200,2827.8000,8000,-1,103693320.000,1,0,1,双平,S,2826.2000,2826.0000,2825.0000,2819.6000,2813.0000,2828.0000,2828.4000,2828.8000,2829.2000,2830.2000,1,3,3,5,2,1,1,2,2,5
SF,IH2007,2020-06-11 09:31:12.700,2827.8000,8000,0,103693320.000,0,-,-,-,-,2826.4000,2826.2000,2826.0000,2825.0000,2819.6000,2827.4000,2827.6000,2827.8000,2828.0000,2828.4000,1,1,4,3,5,4,2,1,1,1
SF,IH2007,2020-06-11 09:31:13.200,2827.8000,8000,0,103693320.000,0,-,-,-,-,2826.6000,2826.0000,2825.0000,2819.6000,2813.0000,2828.0000,2828.4000,2828.8000,2829.2000,2830.2000,1,10,3,5,2,1,1,2,2,5
SF,IH2007,2020-06-11 09:31:13.700,2826.6000,8000,0,104541300.000,1,0,1,多换,S,2826.0000,2825.0000,2819.6000,2813.0000,2812.0000,2827.8000,2828.0000,2828.4000,2828.8000,2829.2000,10,3,5,2,1,1,1,1,2,2
SF,IH2007,2020-06-11 09:31:14.200,2826.6000,8000,0,104541300.000,0,-,-,-,-,2826.2000,2826.0000,2825.0000,2824.0000,2819.6000,2827.8000,2828.0000,2828.4000,2828.8000,2829.2000,2,10,3,4,5,1,1,1,2,2
SF,IH2007,2020-06-11 09:31:14.700,2827.8000,7999,-1,105389640.000,1,0,1,双平,S,2826.2000,2826.0000,2825.0000,2824.0000,2819.6000,2828.0000,2828.4000,2828.8000,2829.2000,2830.2000,2,10,3,4,5,1,1,2,2,5
SF,IH2007,2020-06-11 09:31:15.200,2828.0000,7999,0,106238040.000,1,0,1,多换,S,2826.4000,2826.2000,2826.0000,2825.0000,2824.0000,2828.8000,2829.2000,2830.2000,2830.6000,2831.0000,4,2,10,3,4,1,2,5,1,1
SF,IH2007,2020-06-11 09:31:15.700,2828.8000,7998,-1,107086680.000,1,0,1,双平,S,2826.6000,2826.4000,2826.0000,2825.0000,2824.0000,2829.2000,2830.2000,2830.6000,2831.0000,2831.8000,1,4,10,3,4,2,5,1,1,3
SF,IH2007,2020-06-11 09:31:16.200,2828.8000,7998,0,107086680.000,0,-,-,-,-,2828.0000,2826.8000,2826.6000,2826.4000,2826.0000,2829.0000,2829.2000,2830.2000,2830.6000,2831.0000,1,1,1,4,10,4,2,5,1,1
SF,IH2007,2020-06-11 09:31:16.700,2828.8000,7999,1,107935320.000,1,1,0,双开,S,2828.6000,2828.0000,2826.8000,2826.6000,2826.4000,2828.8000,2829.0000,2829.2000,2830.2000,2830.6000,3,1,1,1,4,3,3,2,5,1
SF,IH2007,2020-06-11 09:31:17.200,2828.6000,7996,-3,110481060.000,3,0,3,双平,S,2828.0000,2826.8000,2826.6000,2826.4000,2826.0000,2829.0000,2830.2000,2830.6000,2831.0000,2831.8000,1,1,1,4,11,1,1,1,1,3
SF,IH2007,2020-06-11 09:31:17.700,2828.6000,7996,0,110481060.000,0,-,-,-,-,2828.0000,2826.6000,2826.4000,2826.0000,2825.0000,2829.0000,2830.2000,2830.6000,2831.0000,2831.8000,1,1,4,11,3,1,1,1,1,3
SF,IH2007,2020-06-11 09:31:18.200,2828.2000,7995,-1,111329520.000,1,0,1,双平,S,2830.0000,2828.8000,2828.0000,2826.6000,2826.4000,2830.2000,2830.6000,2831.0000,2831.8000,2832.0000,1,1,1,1,4,1,1,1,3,1
SF,IH2007,2020-06-11 09:31:18.700,2830.0000,7995,0,112178520.000,1,0,1,多换,S,2828.8000,2828.0000,2826.6000,2826.4000,2826.0000,2830.0000,2830.2000,2830.6000,2831.0000,2831.8000,1,1,1,4,11,5,1,1,1,3
SF,IH2007,2020-06-11 09:31:19.200,2830.0000,7995,0,112178520.000,0,-,-,-,-,2828.8000,2828.4000,2826.6000,2826.4000,2826.0000,2829.8000,2830.0000,2830.2000,2830.6000,2831.0000,1,1,1,4,11,4,4,1,1,1
SF,IH2007,2020-06-11 09:31:19.700,2830.0000,7995,0,112178520.000,0,-,-,-,-,2828.8000,2828.4000,2826.6000,2826.4000,2826.0000,2829.6000,2829.8000,2830.0000,2830.2000,2830.6000,1,1,1,4,11,1,3,3,1,1
SF,IH2007,2020-06-11 09:31:20.200,2830.0000,7995,0,112178520.000,0,-,-,-,-,2828.8000,2828.4000,2826.6000,2826.4000,2826.0000,2829.8000,2830.0000,2830.2000,2830.6000,2831.0000,1,1,1,4,11,4,3,1,1,1
SF,IH2007,2020-06-11 09:31:20.700,2830.0000,7995,0,112178520.000,0,-,-,-,-,2828.8000,2828.4000,2826.6000,2826.4000,2826.0000,2829.6000,2829.8000,2830.0000,2830.2000,2830.6000,1,1,1,4,11,1,4,3,1,1
SF,IH2007,2020-06-11 09:31:21.200,2830.0000,7995,0,112178520.000,0,-,-,-,-,2828.8000,2828.4000,2826.6000,2826.4000,2826.0000,2829.8000,2830.0000,2830.6000,2831.0000,2831.2000,1,1,1,4,11,4,3,1,1,1
SF,IH2007,2020-06-11 09:31:21.700,2830.0000,7995,0,112178520.000,0,-,-,-,-,2828.8000,2828.4000,2826.6000,2826.4000,2826.0000,2829.8000,2830.0000,2830.4000,2830.6000,2831.0000,1,1,1,4,11,3,3,1,1,1
SF,IH2007,2020-06-11 09:31:22.200,2830.0000,7995,0,112178520.000,0,-,-,-,-,2828.4000,2826.6000,2826.4000,2826.0000,2825.0000,2829.8000,2830.0000,2830.4000,2830.6000,2831.0000,1,1,4,11,3,3,3,1,1,1
SF,IH2007,2020-06-11 09:31:22.700,2829.8000,7994,-1,113027460.000,1,0,1,双平,S,2828.8000,2828.4000,2826.6000,2826.4000,2826.0000,2829.8000,2830.0000,2830.4000,2830.6000,2831.0000,3,1,1,4,11,2,3,1,1,1
SF,IH2007,2020-06-11 09:31:23.700,2829.8000,7994,0,113876400.000,1,0,1,多换,S,2829.8000,2828.8000,2828.4000,2826.6000,2826.4000,2830.0000,2830.4000,2830.6000,2831.0000,2831.2000,1,3,1,1,4,3,1,1,1,1
SF,IH2007,2020-06-11 09:31:24.200,2829.8000,7992,-2,115574340.000,2,0,2,双平,S,2829.0000,2828.8000,2828.4000,2826.6000,2826.4000,2830.0000,2830.4000,2830.6000,2831.0000,2831.2000,6,4,1,1,4,1,1,1,1,1
SF,IH2007,2020-06-11 09:31:24.700,2830.0000,7992,0,117272340.000,2,1,1,多换,S,2829.0000,2828.8000,2828.4000,2826.6000,2826.4000,2830.4000,2831.0000,2831.2000,2831.8000,2832.0000,6,4,1,1,4,1,1,1,3,1
SF,IH2007,2020-06-11 09:31:25.200,2830.4000,7991,-1,118121460.000,1,0,1,双平,S,2829.0000,2828.8000,2828.4000,2826.6000,2826.4000,2831.0000,2831.2000,2831.8000,2832.0000,2832.2000,6,4,1,1,4,1,1,3,1,2
SF,IH2007,2020-06-11 09:31:25.700,2830.8000,7989,-2,119819460.000,2,0,2,双平,S,2829.0000,2828.8000,2828.4000,2826.4000,2826.0000,2831.8000,2832.0000,2832.2000,2833.4000,2835.4000,6,4,1,4,11,3,1,2,2,1
SF,IH2007,2020-06-11 09:31:26.200,2830.8000,7989,0,119819460.000,0,-,-,-,-,2829.2000,2829.0000,2828.8000,2828.4000,2827.2000,2831.0000,2831.2000,2831.4000,2831.6000,2831.8000,1,6,4,1,1,1,2,2,5,3
SF,IH2007,2020-06-11 09:31:26.700,2830.8000,7989,0,119819460.000,0,-,-,-,-,2829.2000,2829.0000,2828.8000,2828.4000,2827.2000,2830.8000,2831.0000,2831.2000,2831.4000,2831.6000,1,6,4,1,1,3,2,2,2,6
SF,IH2007,2020-06-11 09:31:27.700,2830.8000,7989,0,119819460.000,0,-,-,-,-,2829.2000,2829.0000,2828.8000,2828.4000,2827.2000,2830.8000,2831.0000,2831.2000,2831.4000,2831.6000,1,6,4,1,1,3,2,2,2,6
SF,IH2007,2020-06-11 09:31:28.200,2830.8000,7989,0,119819460.000,0,-,-,-,-,2829.0000,2828.8000,2828.4000,2827.2000,2826.4000,2830.8000,2831.0000,2831.2000,2831.4000,2831.6000,6,4,1,1,4,3,2,2,2,6
SF,IH2007,2020-06-11 09:31:28.700,2830.8000,7989,0,119819460.000,0,-,-,-,-,2829.0000,2828.8000,2828.4000,2827.2000,2826.4000,2830.6000,2830.8000,2831.0000,2831.2000,2831.4000,6,4,1,1,4,1,3,2,2,2
SF,IH2007,2020-06-11 09:31:29.200,2830.8000,7989,0,119819460.000,0,-,-,-,-,2829.0000,2828.8000,2828.4000,2828.0000,2827.2000,2830.6000,2830.8000,2831.0000,2831.2000,2831.4000,6,4,1,1,1,1,3,2,2,2
SF,IH2007,2020-06-11 09:31:29.700,2830.8000,7989,0,119819460.000,0,-,-,-,-,2829.0000,2828.8000,2828.4000,2828.0000,2827.2000,2830.6000,2830.8000,2831.0000,2831.2000,2831.4000,6,4,1,1,1,1,3,2,2,2
SF,IH2007,2020-06-11 09:31:30.200,2830.8000,7989,0,119819460.000,0,-,-,-,-,2829.0000,2828.8000,2828.4000,2828.0000,2827.2000,2830.6000,2830.8000,2831.0000,2831.2000,2831.4000,6,4,1,1,1,1,3,2,2,2
SF,IH2007,2020-06-11 09:31:30.700,2830.6000,7988,-1,120668640.000,1,0,1,双平,S,2829.0000,2828.8000,2828.4000,2828.0000,2827.2000,2830.8000,2831.0000,2831.2000,2831.4000,2831.6000,6,4,1,1,1,3,2,2,2,6
SF,IH2007,2020-06-11 09:31:31.200,2830.6000,7988,0,120668640.000,0,-,-,-,-,2829.2000,2829.0000,2828.8000,2828.4000,2828.0000,2830.8000,2831.0000,2831.2000,2831.4000,2831.6000,1,6,4,1,1,3,2,2,2,6
SF,IH2007,2020-06-11 09:31:31.700,2830.6000,7988,0,120668640.000,0,-,-,-,-,2830.0000,2829.2000,2829.0000,2828.8000,2828.4000,2830.6000,2830.8000,2831.0000,2831.2000,2831.4000,1,2,6,4,1,2,3,2,2,2
SF,IH2007,2020-06-11 09:31:32.200,2830.0000,7988,0,121517640.000,1,0,1,多换,S,2829.2000,2829.0000,2828.8000,2828.4000,2828.0000,2830.4000,2830.6000,2830.8000,2831.0000,2831.2000,2,6,4,1,1,5,2,2,2,2
SF,IH2007,2020-06-11 09:31:32.700,2830.0000,7988,0,121517640.000,0,-,-,-,-,2829.2000,2829.0000,2828.8000,2828.4000,2828.0000,2830.0000,2830.2000,2830.4000,2830.6000,2830.8000,1,6,4,1,1,2,1,4,1,2
SF,IH2007,2020-06-11 09:31:33.200,2830.0000,7988,0,123215640.000,2,1,1,多换,S,2829.2000,2829.0000,2828.8000,2828.4000,2828.0000,2830.2000,2830.4000,2830.6000,2830.8000,2831.0000,1,6,4,1,1,1,4,1,2,2
SF,IH2007,2020-06-11 09:31:33.700,2830.2000,7988,0,124064700.000,1,0,1,多换,S,2830.0000,2829.2000,2829.0000,2828.8000,2828.4000,2830.4000,2830.6000,2830.8000,2831.0000,2831.2000,1,1,6,4,1,4,1,2,2,2
SF,IH2007,2020-06-11 09:31:34.200,2830.0000,7988,0,124913700.000,1,0,1,多换,S,2829.4000,2829.2000,2829.0000,2828.8000,2828.4000,2830.8000,2831.0000,2831.2000,2831.4000,2831.6000,1,1,6,4,1,2,2,2,2,5
SF,IH2007,2020-06-11 09:31:34.700,2830.0000,7988,0,124913700.000,0,-,-,-,-,2829.4000,2829.2000,2829.0000,2828.8000,2828.4000,2830.2000,2830.8000,2831.0000,2831.2000,2831.4000,1,1,6,4,1,3,2,2,2,2
SF,IH2007,2020-06-11 09:31:35.200,2830.0000,7988,0,124913700.000,0,-,-,-,-,2829.4000,2829.2000,2829.0000,2828.8000,2828.4000,2830.8000,2831.0000,2831.2000,2831.4000,2831.6000,1,1,6,4,1,2,2,2,2,5
SF,IH2007,2020-06-11 09:31:35.700,2830.0000,7988,0,124913700.000,0,-,-,-,-,2830.0000,2829.4000,2829.2000,2829.0000,2828.8000,2830.6000,2830.8000,2831.0000,2831.2000,2831.4000,1,1,1,6,4,4,2,2,2,2
SF,IH2007,2020-06-11 09:31:36.700,2830.0000,7988,0,124913700.000,0,-,-,-,-,2830.0000,2829.4000,2829.2000,2829.0000,2828.8000,2830.6000,2830.8000,2831.0000,2831.2000,2831.4000,1,1,1,6,4,4,2,2,2,2
SF,IH2007,2020-06-11 09:31:37.200,2830.0000,7987,-1,125762700.000,1,0,1,双平,S,2830.0000,2829.4000,2829.2000,2829.0000,2828.8000,2830.6000,2830.8000,2831.0000,2831.2000,2831.4000,1,1,1,6,4,4,2,2,2,2
SF,IH2007,2020-06-11 09:31:38.200,2830.0000,7986,-1,126611700.000,1,0,1,双平,S,2830.0000,2829.4000,2829.2000,2829.0000,2828.8000,2830.6000,2830.8000,2831.0000,2831.2000,2831.4000,1,1,1,6,4,4,2,2,2,2
SF,IH2007,2020-06-11 09:31:38.700,2830.0000,7986,0,126611700.000,0,-,-,-,-,2830.0000,2829.4000,2829.2000,2829.0000,2828.8000,2830.2000,2830.6000,2830.8000,2831.0000,2831.2000,1,1,1,6,4,1,3,2,2,2
SF,IH2007,2020-06-11 09:31:39.200,2830.0000,7986,0,127460700.000,1,0,1,多换,S,2829.4000,2829.2000,2829.0000,2828.8000,2828.0000,2830.2000,2830.6000,2830.8000,2831.0000,2831.2000,1,1,6,4,1,1,3,2,2,2
SF,IH2007,2020-06-11 09:31:39.700,2830.0000,7986,0,127460700.000,0,-,-,-,-,2829.4000,2829.2000,2829.0000,2828.8000,2828.0000,2830.2000,2830.8000,2831.0000,2831.2000,2831.4000,1,1,6,4,1,1,2,2,2,2
SF,IH2007,2020-06-11 09:31:40.200,2830.0000,7986,0,127460700.000,0,-,-,-,-,2829.2000,2829.0000,2828.8000,2828.0000,2827.8000,2830.2000,2830.8000,2831.0000,2831.2000,2831.4000,1,6,4,1,1,1,2,2,2,2
SF,IH2007,2020-06-11 09:31:40.700,2830.0000,7986,0,127460700.000,0,-,-,-,-,2829.2000,2829.0000,2828.8000,2828.0000,2827.8000,2830.2000,2830.8000,2831.0000,2831.2000,2831.4000,1,6,4,1,1,1,2,2,2,2
SF,IH2007,2020-06-11 09:31:45.200,2830.0000,7986,0,127460700.000,0,-,-,-,-,2829.2000,2829.0000,2828.8000,2828.0000,2827.8000,2830.0000,2830.2000,2830.8000,2831.0000,2831.2000,1,6,4,1,1,2,1,2,2,2
SF,IH2007,2020-06-11 09:31:45.700,2830.0000,7986,0,128309700.000,1,0,1,多换,S,2829.2000,2829.0000,2828.8000,2828.0000,2827.8000,2830.2000,2830.8000,2831.0000,2831.2000,2831.4000,1,6,4,1,1,1,2,2,2,2
SF,IH2007,2020-06-11 09:31:46.200,2830.0000,7986,0,128309700.000,0,-,-,-,-,2829.2000,2829.0000,2828.8000,2828.0000,2827.8000,2830.0000,2830.2000,2830.8000,2831.0000,2831.2000,1,6,4,1,1,2,1,2,2,2
SF,IH2007,2020-06-11 09:31:47.200,2829.2000,7988,2,130007460.000,2,2,0,双开,S,2829.0000,2828.8000,2828.0000,2827.8000,2827.6000,2830.2000,2830.8000,2831.0000,2831.2000,2831.4000,6,4,1,1,5,1,2,1,2,2
SF,IH2007,2020-06-11 09:31:47.700,2829.0000,7988,0,135099660.000,6,3,3,多换,S,2828.8000,2828.0000,2827.8000,2827.6000,2827.0000,2829.6000,2829.8000,2830.2000,2830.8000,2831.0000,3,1,1,5,1,1,1,1,2,1
SF,IH2007,2020-06-11 09:31:48.200,2828.8000,7985,-3,137645580.000,3,0,3,双平,S,2828.0000,2827.8000,2827.6000,2827.0000,2826.4000,2829.6000,2830.2000,2830.8000,2831.0000,2831.4000,1,1,5,1,4,1,1,2,1,2
SF,IH2007,2020-06-11 09:31:48.700,2828.8000,7985,0,137645580.000,0,-,-,-,-,2828.2000,2828.0000,2827.8000,2827.6000,2827.0000,2829.6000,2830.2000,2830.8000,2831.0000,2831.4000,1,1,1,5,1,1,1,2,1,2
SF,IH2007,2020-06-11 09:31:49.200,2828.8000,7985,0,137645580.000,0,-,-,-,-,2828.2000,2828.0000,2827.8000,2827.6000,2827.0000,2829.6000,2830.2000,2830.8000,2831.0000,2831.4000,1,1,1,5,1,1,1,2,1,2
SF,IH2007,2020-06-11 09:31:49.700,2828.8000,7985,0,137645580.000,0,-,-,-,-,2828.2000,2828.0000,2827.8000,2827.6000,2827.0000,2829.4000,2829.6000,2830.2000,2830.8000,2831.0000,1,1,1,5,1,1,1,1,2,1
SF,IH2007,2020-06-11 09:31:50.700,2828.2000,7986,1,139342860.000,2,1,1,空开,S,2828.0000,2827.8000,2827.6000,2827.0000,2826.4000,2829.6000,2830.2000,2831.0000,2831.4000,2831.6000,1,1,5,1,4,1,1,1,2,3
SF,IH2007,2020-06-11 09:31:51.200,2828.2000,7986,0,139342860.000,0,-,-,-,-,2828.0000,2827.8000,2827.6000,2827.0000,2826.4000,2829.6000,2830.2000,2831.0000,2831.4000,2831.6000,1,1,5,1,4,1,1,1,2,3
SF,IH2007,2020-06-11 09:31:52.700,2828.2000,7986,0,139342860.000,0,-,-,-,-,2828.0000,2827.8000,2827.6000,2827.0000,2826.4000,2829.2000,2829.6000,2830.0000,2830.2000,2831.0000,1,1,5,1,4,2,1,1,1,1
SF,IH2007,2020-06-11 09:31:53.200,2829.2000,7986,0,141040380.000,2,1,1,多换,S,2829.4000,2829.2000,2828.0000,2827.8000,2827.6000,2829.6000,2830.0000,2830.2000,2831.0000,2831.4000,1,1,1,1,5,1,1,1,1,2
SF,IH2007,2020-06-11 09:31:53.700,2829.2000,7986,0,142737960.000,2,1,1,多换,S,2828.0000,2827.8000,2827.6000,2826.4000,2826.0000,2829.4000,2829.6000,2830.0000,2830.2000,2831.0000,1,1,5,5,10,1,1,1,1,1
SF,IH2007,2020-06-11 09:31:54.200,2829.2000,7986,0,142737960.000,0,-,-,-,-,2829.2000,2828.0000,2827.8000,2827.6000,2826.4000,2829.4000,2829.6000,2830.0000,2830.2000,2831.0000,1,1,1,5,5,1,1,1,1,1
SF,IH2007,2020-06-11 09:31:54.700,2829.2000,7987,1,143586720.000,1,1,0,双开,S,2828.0000,2827.8000,2827.6000,2826.4000,2826.0000,2829.6000,2830.0000,2830.2000,2831.0000,2831.4000,1,1,5,4,10,1,1,1,1,2
SF,IH2007,2020-06-11 09:31:55.200,2829.2000,7987,0,143586720.000,0,-,-,-,-,2828.0000,2827.8000,2827.6000,2827.0000,2826.4000,2829.6000,2830.0000,2830.2000,2831.0000,2831.4000,1,1,5,1,4,1,1,1,1,2
SF,IH2007,2020-06-11 09:31:55.700,2829.2000,7987,0,143586720.000,0,-,-,-,-,2828.2000,2828.0000,2827.8000,2827.6000,2827.0000,2829.6000,2830.0000,2830.2000,2831.0000,2831.4000,2,1,1,5,1,1,1,1,1,2
SF,IH2007,2020-06-11 09:31:56.200,2828.2000,7986,-1,145283640.000,2,0,2,多平,S,2828.0000,2827.8000,2827.6000,2827.0000,2826.4000,2829.6000,2830.0000,2830.2000,2831.0000,2831.4000,1,1,5,1,4,1,1,1,1,2
SF,IH2007,2020-06-11 09:31:56.700,2828.2000,7986,0,145283640.000,0,-,-,-,-,2828.0000,2827.8000,2827.6000,2827.0000,2826.4000,2828.2000,2829.6000,2830.0000,2830.2000,2831.0000,1,1,5,1,4,1,1,1,1,1
SF,IH2007,2020-06-11 09:31:57.200,2828.2000,7986,0,146132100.000,1,0,1,多换,S,2828.6000,2828.0000,2827.8000,2827.6000,2827.0000,2829.6000,2830.0000,2830.2000,2830.6000,2831.0000,1,1,1,5,1,1,1,1,1,1
SF,IH2007,2020-06-11 09:31:57.700,2828.2000,7986,0,146132100.000,0,-,-,-,-,2828.0000,2827.8000,2827.6000,2827.0000,2826.4000,2829.6000,2830.0000,2830.2000,2830.6000,2831.0000,1,1,5,1,4,1,1,1,1,1
SF,IH2007,2020-06-11 09:31:58.200,2828.2000,7986,0,146132100.000,0,-,-,-,-,2828.0000,2827.8000,2827.6000,2827.0000,2826.4000,2829.6000,2830.0000,2830.2000,2830.6000,2831.0000,1,1,5,1,4,1,1,1,1,1
SF,IH2007,2020-06-11 09:31:58.700,2828.2000,7986,0,146132100.000,0,-,-,-,-,2828.0000,2827.8000,2827.6000,2827.0000,2826.4000,2829.6000,2830.0000,2830.2000,2830.6000,2831.0000,1,1,5,1,4,2,1,1,1,1
SF,IH2007,2020-06-11 09:31:59.700,2828.2000,7986,0,146132100.000,0,-,-,-,-,2828.0000,2827.8000,2827.6000,2827.0000,2826.4000,2829.6000,2830.0000,2830.2000,2830.6000,2831.0000,1,1,5,1,4,2,1,1,1,1
SF,IH2007,2020-06-11 09:32:00.700,2828.2000,7986,0,146132100.000,0,-,-,-,-,2828.0000,2827.8000,2827.6000,2827.0000,2826.8000,2829.6000,2830.0000,2830.2000,2830.6000,2831.0000,1,1,5,1,1,2,1,1,1,1
SF,IH2007,2020-06-11 09:32:01.200,2828.2000,7986,0,146132100.000,0,-,-,-,-,2828.0000,2827.8000,2827.6000,2827.0000,2826.8000,2829.0000,2829.6000,2830.0000,2830.2000,2830.6000,1,1,5,1,1,1,2,1,1,1
SF,IH2007,2020-06-11 09:32:01.700,2828.2000,7986,0,146132100.000,0,-,-,-,-,2828.0000,2827.8000,2827.6000,2827.0000,2826.8000,2829.0000,2829.6000,2830.0000,2830.2000,2830.6000,1,1,5,1,1,1,1,1,1,1
SF,IH2007,2020-06-11 09:32:02.200,2828.0000,7986,0,146980500.000,1,0,1,多换,S,2827.8000,2827.6000,2827.0000,2826.8000,2826.4000,2829.0000,2829.6000,2830.0000,2830.2000,2830.6000,1,5,1,1,4,1,1,1,1,1
SF,IH2007,2020-06-11 09:32:02.700,2828.0000,7986,0,146980500.000,0,-,-,-,-,2828.0000,2827.8000,2827.6000,2827.0000,2826.8000,2829.0000,2829.6000,2830.0000,2830.2000,2830.6000,1,1,5,1,1,1,1,1,1,1
SF,IH2007,2020-06-11 09:32:03.700,2829.0000,7985,-1,147829200.000,1,0,1,双平,S,2828.0000,2827.8000,2827.6000,2827.0000,2826.8000,2830.0000,2830.2000,2830.6000,2831.0000,2831.4000,1,1,5,1,1,1,1,1,1,2
SF,IH2007,2020-06-11 09:32:04.200,2829.0000,7985,0,147829200.000,0,-,-,-,-,2828.2000,2828.0000,2827.8000,2827.6000,2827.0000,2829.4000,2830.0000,2830.2000,2830.6000,2831.0000,1,1,1,5,1,1,1,1,1,1
SF,IH2007,2020-06-11 09:32:04.700,2829.0000,7985,0,147829200.000,0,-,-,-,-,2828.0000,2827.8000,2827.6000,2827.0000,2826.8000,2830.0000,2830.2000,2830.6000,2831.0000,2831.6000,1,1,5,1,1,1,1,1,1,2
SF,IH2007,2020-06-11 09:32:05.200,2829.0000,7985,0,147829200.000,0,-,-,-,-,2828.2000,2828.0000,2827.8000,2827.6000,2827.0000,2829.8000,2830.0000,2830.2000,2830.6000,2831.0000,1,1,1,5,1,1,1,1,1,1
SF,IH2007,2020-06-11 09:32:06.200,2829.0000,7985,0,147829200.000,0,-,-,-,-,2828.2000,2828.0000,2827.8000,2827.6000,2827.0000,2829.8000,2830.0000,2830.2000,2830.6000,2831.0000,1,1,1,5,1,1,1,1,1,1
SF,IH2007,2020-06-11 09:32:06.700,2830.0000,7986,1,148678200.000,1,1,0,双开,S,2828.2000,2828.0000,2827.8000,2827.6000,2827.0000,2830.0000,2830.2000,2830.6000,2831.0000,2831.6000,1,1,1,5,1,2,1,1,1,2
SF,IH2007,2020-06-11 09:32:07.200,2830.0000,7986,0,148678200.000,0,-,-,-,-,2828.2000,2828.0000,2827.8000,2827.6000,2827.0000,2830.0000,2830.2000,2830.6000,2831.0000,2831.6000,2,1,1,5,1,2,1,1,1,2
SF,IH2007,2020-06-11 09:32:08.700,2830.0000,7986,0,148678200.000,0,-,-,-,-,2828.2000,2828.0000,2827.8000,2827.6000,2827.0000,2830.0000,2830.2000,2830.6000,2831.0000,2831.6000,3,1,1,5,1,2,1,1,1,2
SF,IH2007,2020-06-11 09:32:10.200,2830.0000,7986,0,148678200.000,0,-,-,-,-,2828.2000,2828.0000,2827.8000,2827.6000,2827.0000,2830.0000,2830.2000,2831.0000,2831.6000,2831.8000,3,1,1,5,1,2,1,1,2,3
SF,IH2007,2020-06-11 09:32:10.700,2830.0000,7986,0,148678200.000,0,-,-,-,-,2828.2000,2828.0000,2827.8000,2827.6000,2827.0000,2830.0000,2830.2000,2831.0000,2831.6000,2831.8000,3,1,1,5,1,1,1,1,2,3
SF,IH2007,2020-06-11 09:32:11.200,2830.0000,7986,0,148678200.000,0,-,-,-,-,2828.4000,2828.2000,2828.0000,2827.8000,2827.6000,2829.8000,2830.0000,2830.2000,2831.0000,2831.6000,1,3,1,1,5,1,1,1,1,2
SF,IH2007,2020-06-11 09:32:11.700,2830.0000,7986,0,148678200.000,0,-,-,-,-,2828.4000,2828.2000,2828.0000,2827.8000,2827.6000,2829.8000,2830.0000,2830.2000,2831.0000,2831.6000,1,3,1,1,5,1,1,1,1,2
SF,IH2007,2020-06-11 09:32:12.200,2830.0000,7986,0,148678200.000,0,-,-,-,-,2829.6000,2828.4000,2828.2000,2828.0000,2827.8000,2829.8000,2830.0000,2830.2000,2831.0000,2831.6000,1,1,3,1,1,1,1,1,1,2
SF,IH2007,2020-06-11 09:32:12.700,2830.0000,7986,0,148678200.000,0,-,-,-,-,2829.6000,2828.4000,2828.2000,2828.0000,2827.8000,2829.8000,2830.0000,2830.2000,2831.0000,2831.6000,1,1,3,1,1,1,1,1,1,2
SF,IH2007,2020-06-11 09:32:13.200,2829.6000,7987,1,149527080.000,1,1,0,双开,S,2828.4000,2828.2000,2828.0000,2827.8000,2827.6000,2829.8000,2830.0000,2830.2000,2831.0000,2831.6000,1,3,1,1,5,1,1,1,1,2
SF,IH2007,2020-06-11 09:32:13.700,2829.6000,7987,0,149527080.000,0,-,-,-,-,2828.4000,2828.2000,2828.0000,2827.8000,2827.6000,2829.8000,2830.0000,2830.2000,2831.0000,2831.6000,1,3,1,1,5,1,1,1,1,2
SF,IH2007,2020-06-11 09:32:14.700,2829.6000,7987,0,149527080.000,0,-,-,-,-,2828.4000,2828.2000,2828.0000,2827.8000,2827.6000,2829.4000,2829.8000,2830.0000,2831.0000,2831.6000,1,3,1,1,5,1,1,1,1,2
SF,IH2007,2020-06-11 09:32:15.200,2829.6000,7986,-1,150375960.000,1,0,1,双平,S,2828.4000,2828.2000,2828.0000,2827.8000,2827.6000,2829.4000,2830.0000,2831.0000,2831.6000,2831.8000,1,2,1,1,5,3,1,1,2,3
SF,IH2007,2020-06-11 09:32:15.700,2829.4000,7986,0,152922420.000,3,1,2,多换,S,2829.4000,2828.4000,2828.2000,2828.0000,2827.8000,2830.0000,2831.0000,2831.6000,2831.8000,2835.0000,1,1,2,1,1,1,1,2,3,2
SF,IH2007,2020-06-11 09:32:16.200,2829.4000,7986,0,152922420.000,0,-,-,-,-,2828.4000,2828.2000,2828.0000,2827.8000,2827.6000,2830.0000,2831.0000,2831.6000,2831.8000,2835.0000,1,2,1,1,5,1,1,2,3,2
SF,IH2007,2020-06-11 09:32:16.700,2829.8000,7986,0,153771360.000,1,0,1,多换,S,2829.4000,2828.4000,2828.2000,2828.0000,2827.8000,2830.0000,2831.0000,2831.6000,2831.8000,2835.0000,1,1,2,1,1,1,1,2,3,2
SF,IH2007,2020-06-11 09:32:17.200,2829.8000,7986,0,153771360.000,0,-,-,-,-,2829.4000,2828.4000,2828.2000,2828.0000,2827.8000,2830.0000,2831.0000,2831.6000,2831.8000,2835.0000,1,1,2,1,1,1,1,2,3,2
SF,IH2007,2020-06-11 09:32:18.200,2829.4000,7987,1,154620180.000,1,1,0,双开,S,2828.4000,2828.2000,2828.0000,2827.8000,2827.6000,2830.0000,2831.0000,2831.6000,2831.8000,2835.0000,1,2,1,1,5,1,1,2,3,2
SF,IH2007,2020-06-11 09:32:18.700,2829.4000,7987,0,154620180.000,0,-,-,-,-,2828.4000,2828.2000,2828.0000,2827.8000,2827.6000,2830.0000,2831.0000,2831.6000,2831.8000,2835.0000,1,2,1,1,5,2,1,2,3,2
SF,IH2007,2020-06-11 09:32:19.200,2829.4000,7987,0,154620180.000,0,-,-,-,-,2828.4000,2828.2000,2828.0000,2827.8000,2827.6000,2830.0000,2831.0000,2831.6000,2831.8000,2835.0000,1,1,1,1,5,2,1,2,3,2
SF,IH2007,2020-06-11 09:32:21.200,2829.4000,7987,0,154620180.000,0,-,-,-,-,2829.0000,2828.4000,2828.2000,2828.0000,2827.8000,2830.0000,2831.0000,2831.6000,2831.8000,2835.0000,1,1,1,6,1,2,1,2,3,2
SF,IH2007,2020-06-11 09:32:21.700,2829.0000,7987,0,155468880.000,1,0,1,多换,S,2828.4000,2828.2000,2828.0000,2827.8000,2827.6000,2829.6000,2829.8000,2830.0000,2831.0000,2831.6000,1,1,6,1,5,1,2,2,1,2
SF,IH2007,2020-06-11 09:32:22.200,2829.0000,7987,0,155468880.000,0,-,-,-,-,2828.4000,2828.2000,2828.0000,2827.8000,2827.6000,2829.0000,2829.8000,2830.0000,2831.0000,2831.6000,1,1,6,1,5,1,2,2,1,2
SF,IH2007,2020-06-11 09:32:22.700,2829.0000,7987,0,156317580.000,1,0,1,多换,S,2828.4000,2828.2000,2828.0000,2827.8000,2827.6000,2829.8000,2830.0000,2831.0000,2831.6000,2831.8000,1,1,6,1,5,2,2,1,2,3
SF,IH2007,2020-06-11 09:32:23.200,2829.8000,7987,0,157166520.000,1,0,1,多换,S,2828.4000,2828.2000,2828.0000,2827.8000,2827.6000,2830.0000,2831.0000,2831.6000,2831.8000,2835.0000,1,1,6,1,5,2,1,2,3,2
SF,IH2007,2020-06-11 09:32:24.200,2830.0000,7987,0,158015520.000,1,0,1,多换,S,2828.4000,2828.2000,2828.0000,2827.8000,2827.6000,2830.0000,2831.0000,2831.6000,2831.8000,2835.0000,1,1,6,1,5,1,1,2,3,2
SF,IH2007,2020-06-11 09:32:25.700,2830.0000,7987,0,158015520.000,0,-,-,-,-,2828.4000,2828.2000,2828.0000,2827.8000,2827.6000,2829.8000,2830.0000,2831.0000,2831.6000,2831.8000,1,1,6,1,5,1,1,1,2,3
SF,IH2007,2020-06-11 09:32:26.200,2830.0000,7987,0,158015520.000,0,-,-,-,-,2828.4000,2828.2000,2828.0000,2827.8000,2827.6000,2829.8000,2830.0000,2831.0000,2831.6000,2831.8000,1,1,6,1,5,1,2,1,2,3
SF,IH2007,2020-06-11 09:32:26.700,2830.0000,7987,0,158015520.000,0,-,-,-,-,2828.4000,2828.2000,2828.0000,2827.8000,2827.6000,2829.8000,2830.0000,2831.0000,2831.6000,2831.8000,1,1,6,1,5,1,2,1,2,3
SF,IH2007,2020-06-11 09:32:28.200,2830.0000,7987,0,158015520.000,0,-,-,-,-,2828.4000,2828.2000,2828.0000,2827.8000,2827.6000,2830.0000,2831.0000,2831.6000,2831.8000,2835.0000,1,1,6,1,5,2,1,2,3,2
SF,IH2007,2020-06-11 09:32:28.700,2830.0000,7987,0,158015520.000,0,-,-,-,-,2828.4000,2828.2000,2828.0000,2827.8000,2827.6000,2830.0000,2831.0000,2831.6000,2831.8000,2835.0000,1,1,6,1,5,2,1,2,3,2
SF,IH2007,2020-06-11 09:32:29.700,2830.0000,7987,0,158015520.000,0,-,-,-,-,2828.4000,2828.2000,2828.0000,2827.8000,2827.6000,2829.6000,2830.0000,2831.0000,2831.6000,2831.8000,1,1,6,1,5,3,2,1,2,3
SF,IH2007,2020-06-11 09:32:30.200,2830.0000,7987,0,158015520.000,0,-,-,-,-,2828.4000,2828.2000,2828.0000,2827.8000,2827.6000,2829.6000,2830.0000,2831.0000,2831.6000,2831.8000,1,1,6,1,5,3,2,1,2,3
SF,IH2007,2020-06-11 09:32:31.200,2830.0000,7987,0,158015520.000,0,-,-,-,-,2828.4000,2828.2000,2828.0000,2827.8000,2827.6000,2829.6000,2830.0000,2831.0000,2831.6000,2831.8000,1,1,6,1,5,3,2,1,2,3
SF,IH2007,2020-06-11 09:32:31.700,2830.0000,7987,0,158015520.000,0,-,-,-,-,2828.4000,2828.2000,2828.0000,2827.8000,2827.6000,2829.6000,2830.0000,2831.0000,2831.6000,2831.8000,1,1,6,1,5,3,2,1,2,3
SF,IH2007,2020-06-11 09:32:32.200,2829.6000,7990,3,160562160.000,3,3,0,双开,S,2829.6000,2828.4000,2828.2000,2828.0000,2827.8000,2830.0000,2831.0000,2831.6000,2831.8000,2835.0000,3,1,1,6,1,2,1,2,3,2
SF,IH2007,2020-06-11 09:32:32.700,2829.6000,7990,0,163108800.000,3,1,2,多换,S,2828.4000,2828.2000,2828.0000,2827.8000,2827.6000,2829.6000,2830.0000,2831.0000,2831.6000,2831.8000,1,1,6,1,5,1,2,1,2,3
SF,IH2007,2020-06-11 09:32:33.200,2829.6000,7990,0,163108800.000,0,-,-,-,-,2828.4000,2828.2000,2828.0000,2827.8000,2827.6000,2829.6000,2830.0000,2830.4000,2831.0000,2831.6000,1,1,6,1,5,1,1,1,1,2
SF,IH2007,2020-06-11 09:32:33.700,2829.6000,7990,0,163108800.000,0,-,-,-,-,2828.4000,2828.2000,2828.0000,2827.8000,2827.6000,2829.6000,2830.0000,2830.4000,2831.0000,2831.4000,1,1,6,1,5,2,1,1,1,1
SF,IH2007,2020-06-11 09:32:37.200,2829.6000,7990,0,163108800.000,0,-,-,-,-,2829.4000,2828.4000,2828.2000,2828.0000,2827.8000,2829.6000,2830.0000,2830.4000,2831.0000,2831.4000,1,1,1,6,1,2,1,1,1,1
SF,IH2007,2020-06-11 09:32:37.700,2829.4000,7990,0,163957620.000,1,0,1,多换,S,2828.4000,2828.2000,2828.0000,2827.8000,2827.6000,2829.6000,2830.0000,2830.4000,2831.0000,2831.4000,1,1,6,1,5,2,1,1,1,1
SF,IH2007,2020-06-11 09:32:38.200,2829.4000,7990,0,163957620.000,0,-,-,-,-,2828.4000,2828.2000,2828.0000,2827.8000,2827.6000,2829.6000,2830.0000,2830.4000,2831.0000,2831.4000,1,1,6,1,5,2,1,1,1,1
SF,IH2007,2020-06-11 09:32:43.200,2829.4000,7990,0,163957620.000,0,-,-,-,-,2828.4000,2828.2000,2828.0000,2827.8000,2827.6000,2829.6000,2830.0000,2830.4000,2831.0000,2831.4000,1,1,6,1,5,1,1,1,1,1
SF,IH2007,2020-06-11 09:32:44.700,2829.4000,7990,0,163957620.000,0,-,-,-,-,2828.4000,2828.2000,2828.0000,2827.8000,2827.6000,2830.0000,2830.4000,2831.0000,2831.4000,2831.6000,1,1,6,1,5,1,1,1,1,2
SF,IH2007,2020-06-11 09:32:45.200,2829.4000,7990,0,163957620.000,0,-,-,-,-,2828.4000,2828.2000,2828.0000,2827.8000,2827.6000,2829.8000,2830.0000,2830.4000,2831.0000,2831.4000,1,1,6,1,5,1,1,1,1,1
SF,IH2007,2020-06-11 09:32:45.700,2829.4000,7990,0,163957620.000,0,-,-,-,-,2828.4000,2828.2000,2828.0000,2827.8000,2827.6000,2829.8000,2830.0000,2830.4000,2831.0000,2831.4000,1,2,6,1,5,1,1,1,1,1
SF,IH2007,2020-06-11 09:32:49.200,2829.4000,7990,0,163957620.000,0,-,-,-,-,2828.4000,2828.2000,2828.0000,2827.8000,2827.6000,2829.4000,2829.8000,2830.0000,2830.4000,2831.0000,1,2,6,1,5,1,1,1,1,1
SF,IH2007,2020-06-11 09:32:50.200,2829.4000,7990,0,163957620.000,0,-,-,-,-,2828.4000,2828.2000,2828.0000,2827.8000,2827.6000,2829.4000,2829.8000,2830.0000,2830.4000,2831.0000,1,2,6,1,5,1,1,1,1,1
SF,IH2007,2020-06-11 09:32:51.200,2829.4000,7989,-1,164806440.000,1,0,1,双平,S,2828.4000,2828.2000,2828.0000,2827.8000,2827.6000,2829.8000,2830.0000,2830.4000,2831.0000,2831.4000,1,2,6,1,5,1,1,1,1,1
SF,IH2007,2020-06-11 09:32:51.700,2829.4000,7989,0,164806440.000,0,-,-,-,-,2828.6000,2828.4000,2828.2000,2828.0000,2827.8000,2830.0000,2830.4000,2831.0000,2831.4000,2831.6000,1,1,2,6,1,1,1,1,1,2
SF,IH2007,2020-06-11 09:32:52.200,2830.0000,7989,0,165655440.000,1,0,1,多换,S,2828.8000,2828.6000,2828.2000,2828.0000,2827.8000,2830.4000,2831.0000,2831.4000,2831.6000,2831.8000,1,2,2,6,1,1,1,1,2,3
SF,IH2007,2020-06-11 09:32:52.700,2830.0000,7989,0,165655440.000,0,-,-,-,-,2828.8000,2828.6000,2828.2000,2828.0000,2827.8000,2830.4000,2831.0000,2831.4000,2831.6000,2831.8000,1,2,2,6,1,1,1,1,1,3
SF,IH2007,2020-06-11 09:32:53.200,2830.0000,7989,0,165655440.000,0,-,-,-,-,2828.8000,2828.6000,2828.2000,2828.0000,2827.8000,2830.2000,2830.4000,2831.0000,2831.4000,2831.6000,1,2,2,6,1,1,1,1,1,1
SF,IH2007,2020-06-11 09:32:53.700,2830.0000,7989,0,165655440.000,0,-,-,-,-,2829.0000,2828.8000,2828.6000,2828.2000,2828.0000,2830.2000,2830.4000,2831.0000,2831.4000,2831.6000,2,1,1,2,6,1,1,1,1,1
SF,IH2007,2020-06-11 09:32:54.200,2830.0000,7989,0,165655440.000,0,-,-,-,-,2829.2000,2829.0000,2828.6000,2828.2000,2828.0000,2830.2000,2830.4000,2831.0000,2831.4000,2831.6000,1,1,1,2,6,1,1,1,1,1
SF,IH2007,2020-06-11 09:32:54.700,2830.0000,7989,0,165655440.000,0,-,-,-,-,2829.2000,2829.0000,2828.6000,2828.2000,2828.0000,2830.4000,2831.0000,2831.4000,2831.6000,2831.8000,1,1,1,2,6,1,1,1,1,3
SF,IH2007,2020-06-11 09:32:55.700,2830.0000,7989,0,165655440.000,0,-,-,-,-,2829.2000,2829.0000,2828.6000,2828.2000,2828.0000,2830.4000,2831.4000,2831.6000,2831.8000,2835.0000,1,1,1,2,6,1,1,1,3,3
SF,IH2007,2020-06-11 09:32:56.200,2830.0000,7990,1,166504440.000,1,1,0,双开,S,2829.2000,2829.0000,2828.6000,2828.2000,2828.0000,2830.0000,2830.4000,2831.4000,2831.6000,2831.8000,1,1,1,2,6,2,1,1,1,3
SF,IH2007,2020-06-11 09:32:56.700,2830.0000,7990,0,166504440.000,0,-,-,-,-,2829.2000,2829.0000,2828.6000,2828.2000,2828.0000,2830.0000,2830.4000,2831.4000,2831.6000,2831.8000,1,1,1,2,6,2,1,1,1,3
SF,IH2007,2020-06-11 09:32:57.200,2830.0000,7990,0,167353440.000,1,0,1,多换,S,2829.2000,2829.0000,2828.6000,2828.2000,2828.0000,2830.0000,2830.4000,2831.4000,2831.6000,2831.8000,1,1,1,2,6,1,1,1,1,3
SF,IH2007,2020-06-11 09:32:57.700,2830.0000,7990,0,168202440.000,1,0,1,多换,S,2830.0000,2829.4000,2829.2000,2828.6000,2828.2000,2830.4000,2831.4000,2831.6000,2831.8000,2835.0000,1,1,1,1,2,1,1,1,3,3
SF,IH2007,2020-06-11 09:32:58.200,2830.4000,7989,-1,169051560.000,1,0,1,双平,S,2830.0000,2829.4000,2829.2000,2829.0000,2828.6000,2831.4000,2831.8000,2832.4000,2835.0000,2835.4000,1,1,1,1,1,1,3,1,3,1
SF,IH2007,2020-06-11 09:32:58.700,2830.4000,7989,0,169051560.000,0,-,-,-,-,2830.2000,2830.0000,2829.4000,2829.0000,2828.6000,2830.4000,2831.2000,2831.4000,2831.8000,2832.4000,1,1,1,1,1,1,1,1,3,1
SF,IH2007,2020-06-11 09:32:59.200,2830.4000,7988,-1,169900680.000,1,0,1,双平,S,2830.2000,2830.0000,2829.4000,2829.0000,2828.6000,2831.2000,2831.4000,2831.8000,2832.4000,2835.0000,1,1,1,1,1,1,1,3,1,3
SF,IH2007,2020-06-11 09:32:59.700,2830.4000,7988,0,169900680.000,0,-,-,-,-,2830.4000,2830.2000,2830.0000,2829.4000,2829.0000,2831.2000,2831.4000,2831.8000,2832.4000,2835.0000,1,1,1,1,1,1,1,3,1,3
SF,IH2007,2020-06-11 09:33:00.200,2830.4000,7988,0,169900680.000,0,-,-,-,-,2830.2000,2830.0000,2829.4000,2829.0000,2828.6000,2831.2000,2831.4000,2831.8000,2832.4000,2835.0000,1,1,1,1,1,1,1,3,1,3
SF,IH2007,2020-06-11 09:33:00.700,2831.2000,7988,0,170750040.000,1,0,1,多换,S,2830.2000,2830.0000,2829.4000,2829.0000,2828.6000,2830.4000,2831.4000,2831.8000,2832.4000,2835.0000,1,1,1,1,1,1,1,3,1,3
SF,IH2007,2020-06-11 09:33:01.200,2830.4000,7988,0,171599160.000,1,0,1,多换,S,2830.4000,2830.0000,2829.4000,2829.0000,2828.6000,2831.4000,2831.8000,2832.4000,2835.0000,2835.4000,1,1,1,1,1,1,3,1,3,1
SF,IH2007,2020-06-11 09:33:01.700,2830.4000,7988,0,171599160.000,0,-,-,-,-,2830.0000,2829.4000,2829.0000,2828.6000,2828.2000,2831.4000,2831.8000,2832.4000,2835.0000,2835.4000,1,1,1,1,2,1,3,1,3,1
SF,IH2007,2020-06-11 09:33:02.200,2830.4000,7988,0,171599160.000,0,-,-,-,-,2830.2000,2830.0000,2829.4000,2829.0000,2828.6000,2831.4000,2831.8000,2832.4000,2835.0000,2835.4000,1,1,1,1,1,1,3,1,3,1
SF,IH2007,2020-06-11 09:33:03.700,2830.4000,7988,0,171599160.000,0,-,-,-,-,2830.2000,2830.0000,2829.4000,2829.0000,2828.6000,2831.4000,2831.8000,2832.4000,2835.0000,2835.4000,1,2,1,1,1,1,3,1,3,1
SF,IH2007,2020-06-11 09:33:04.700,2830.2000,7987,-1,172448220.000,1,0,1,双平,S,2830.0000,2829.4000,2829.0000,2828.6000,2828.2000,2830.2000,2831.4000,2831.8000,2832.4000,2835.0000,1,1,1,1,3,1,1,3,1,3
SF,IH2007,2020-06-11 09:33:05.200,2830.2000,7987,0,172448220.000,0,-,-,-,-,2830.0000,2829.4000,2829.0000,2828.6000,2828.2000,2831.4000,2831.8000,2832.4000,2835.0000,2835.4000,1,1,1,1,3,1,3,1,3,1
SF,IH2007,2020-06-11 09:33:05.700,2830.2000,7987,0,172448220.000,0,-,-,-,-,2830.0000,2829.4000,2829.0000,2828.6000,2828.2000,2831.2000,2831.4000,2831.8000,2832.4000,2833.2000,1,1,1,1,3,1,1,3,1,1
SF,IH2007,2020-06-11 09:33:06.200,2830.2000,7987,0,172448220.000,0,-,-,-,-,2830.2000,2830.0000,2829.4000,2829.0000,2828.6000,2831.2000,2831.4000,2831.8000,2832.4000,2833.2000,1,1,1,1,1,1,1,3,1,1
SF,IH2007,2020-06-11 09:33:07.700,2830.2000,7987,0,173297280.000,1,0,1,多换,S,2830.0000,2829.4000,2829.0000,2828.6000,2828.2000,2831.2000,2831.4000,2831.8000,2832.4000,2833.2000,1,1,1,1,3,1,1,3,1,1
SF,IH2007,2020-06-11 09:33:08.700,2830.2000,7987,0,173297280.000,0,-,-,-,-,2830.0000,2829.4000,2829.0000,2828.6000,2828.2000,2831.2000,2831.4000,2831.8000,2832.4000,2833.2000,1,1,1,1,3,1,1,3,1,1
SF,IH2007,2020-06-11 09:33:12.200,2830.2000,7987,0,173297280.000,0,-,-,-,-,2830.0000,2829.4000,2829.0000,2828.6000,2828.2000,2831.2000,2831.4000,2831.8000,2832.4000,2833.2000,1,1,1,1,3,1,1,3,1,1
SF,IH2007,2020-06-11 09:33:12.700,2830.0000,7988,1,174146280.000,1,1,0,双开,S,2829.4000,2829.0000,2828.6000,2828.2000,2828.0000,2831.2000,2831.4000,2831.8000,2832.4000,2833.2000,1,1,1,3,7,1,1,3,1,1
SF,IH2007,2020-06-11 09:33:13.200,2830.0000,7988,0,174146280.000,0,-,-,-,-,2829.6000,2829.4000,2829.0000,2828.6000,2828.2000,2831.2000,2831.4000,2831.8000,2832.4000,2833.2000,2,1,1,1,3,1,1,3,1,1
SF,IH2007,2020-06-11 09:33:13.700,2830.0000,7988,0,174146280.000,0,-,-,-,-,2829.6000,2829.0000,2828.6000,2828.2000,2828.0000,2831.2000,2831.4000,2831.8000,2832.4000,2833.2000,2,1,1,3,7,1,1,3,1,1
SF,IH2007,2020-06-11 09:33:15.200,2830.0000,7988,0,174146280.000,0,-,-,-,-,2829.6000,2829.0000,2828.6000,2828.2000,2828.0000,2831.0000,2831.2000,2831.4000,2831.8000,2832.4000,2,1,1,3,7,1,1,1,3,1
SF,IH2007,2020-06-11 09:33:15.700,2830.0000,7988,0,174146280.000,0,-,-,-,-,2829.6000,2829.0000,2828.6000,2828.2000,2828.0000,2830.8000,2831.0000,2831.4000,2831.8000,2832.4000,2,1,1,3,7,2,1,1,3,1
SF,IH2007,2020-06-11 09:33:16.200,2830.0000,7988,0,174146280.000,0,-,-,-,-,2829.6000,2829.0000,2828.6000,2828.2000,2828.0000,2830.8000,2831.0000,2831.4000,2831.8000,2832.4000,1,1,1,3,7,2,1,1,3,1
SF,IH2007,2020-06-11 09:33:17.700,2830.0000,7988,0,174146280.000,0,-,-,-,-,2829.6000,2829.0000,2828.6000,2828.2000,2828.0000,2830.8000,2831.0000,2831.4000,2831.8000,2832.4000,1,1,1,3,7,1,1,1,3,1
SF,IH2007,2020-06-11 09:33:18.200,2830.0000,7988,0,174146280.000,0,-,-,-,-,2829.0000,2828.6000,2828.2000,2828.0000,2827.6000,2830.8000,2831.0000,2831.4000,2831.8000,2832.4000,1,1,3,7,5,1,1,1,3,1
SF,IH2007,2020-06-11 09:33:18.700,2830.8000,7987,-1,174995520.000,1,0,1,双平,S,2829.4000,2829.2000,2829.0000,2828.6000,2828.2000,2831.0000,2831.4000,2831.8000,2832.4000,2835.0000,1,2,1,1,3,1,1,3,1,3
SF,IH2007,2020-06-11 09:33:19.200,2830.8000,7987,0,175844760.000,1,0,1,多换,S,2829.6000,2829.2000,2829.0000,2828.6000,2828.2000,2830.8000,2831.0000,2831.4000,2831.8000,2832.4000,1,1,1,1,3,1,1,1,3,1
SF,IH2007,2020-06-11 09:33:20.700,2830.8000,7987,0,175844760.000,0,-,-,-,-,2829.6000,2829.2000,2829.0000,2828.6000,2828.2000,2830.4000,2830.8000,2831.0000,2831.4000,2831.8000,1,1,1,1,3,3,1,1,1,3
SF,IH2007,2020-06-11 09:33:21.200,2830.8000,7987,0,175844760.000,0,-,-,-,-,2829.6000,2829.0000,2828.6000,2828.2000,2828.0000,2830.4000,2830.8000,2831.0000,2831.4000,2831.8000,1,1,1,3,7,3,1,1,1,3
SF,IH2007,2020-06-11 09:33:22.700,2829.6000,7987,0,176693640.000,1,0,1,多换,S,2829.0000,2828.6000,2828.2000,2828.0000,2827.6000,2830.4000,2830.8000,2831.0000,2831.4000,2831.8000,1,1,3,7,5,3,1,1,1,3
SF,IH2007,2020-06-11 09:33:23.200,2829.6000,7987,0,176693640.000,0,-,-,-,-,2829.2000,2829.0000,2828.6000,2828.2000,2828.0000,2830.4000,2830.8000,2831.0000,2831.4000,2831.8000,1,1,1,3,7,3,1,1,1,3
SF,IH2007,2020-06-11 09:33:24.200,2829.6000,7987,0,176693640.000,0,-,-,-,-,2829.4000,2829.2000,2829.0000,2828.6000,2828.2000,2830.4000,2830.8000,2831.0000,2831.4000,2831.8000,1,1,1,1,3,3,1,1,1,3
SF,IH2007,2020-06-11 09:33:24.700,2829.6000,7987,0,176693640.000,0,-,-,-,-,2829.4000,2829.2000,2829.0000,2828.6000,2828.2000,2830.4000,2830.8000,2831.0000,2831.4000,2831.8000,1,1,1,1,3,3,1,1,1,3
SF,IH2007,2020-06-11 09:33:25.200,2829.6000,7987,0,176693640.000,0,-,-,-,-,2829.4000,2829.2000,2829.0000,2828.2000,2828.0000,2830.4000,2830.8000,2831.0000,2831.4000,2831.8000,1,1,1,3,7,3,1,1,1,3
SF,IH2007,2020-06-11 09:33:25.700,2829.6000,7987,0,177542520.000,1,0,1,多换,S,2829.4000,2829.0000,2828.2000,2828.0000,2827.6000,2830.4000,2830.8000,2831.0000,2831.4000,2831.8000,1,2,3,7,5,3,1,1,1,3
SF,IH2007,2020-06-11 09:33:26.700,2830.4000,7987,0,180089880.000,3,1,2,多换,S,2829.4000,2829.0000,2828.2000,2828.0000,2827.6000,2830.8000,2831.0000,2831.4000,2831.8000,2832.4000,1,2,3,7,5,1,1,1,3,1
SF,IH2007,2020-06-11 09:33:27.200,2830.4000,7987,0,180089880.000,0,-,-,-,-,2829.6000,2829.4000,2829.0000,2828.2000,2828.0000,2830.8000,2831.0000,2831.4000,2831.8000,2832.4000,1,1,2,3,7,1,1,1,3,1
SF,IH2007,2020-06-11 09:33:27.700,2830.4000,7987,0,180089880.000,0,-,-,-,-,2829.6000,2829.4000,2829.0000,2828.2000,2828.0000,2830.8000,2831.0000,2831.4000,2831.8000,2832.4000,2,1,2,3,7,1,1,1,3,1
SF,IH2007,2020-06-11 09:33:29.200,2830.4000,7987,0,180089880.000,0,-,-,-,-,2829.6000,2829.4000,2829.0000,2828.2000,2828.0000,2830.8000,2831.0000,2831.4000,2831.8000,2832.4000,1,1,2,3,7,1,1,1,3,1
SF,IH2007,2020-06-11 09:33:29.700,2830.4000,7987,0,180089880.000,0,-,-,-,-,2829.6000,2829.4000,2829.0000,2828.2000,2828.0000,2830.6000,2830.8000,2831.0000,2831.4000,2831.8000,1,1,2,3,7,1,1,1,1,3
SF,IH2007,2020-06-11 09:33:32.700,2830.4000,7987,0,180089880.000,0,-,-,-,-,2829.6000,2829.4000,2829.0000,2828.2000,2828.0000,2830.0000,2830.6000,2830.8000,2831.0000,2831.4000,1,1,2,3,7,3,1,1,1,1
SF,IH2007,2020-06-11 09:33:33.200,2830.4000,7987,0,180089880.000,0,-,-,-,-,2829.4000,2829.0000,2828.2000,2828.0000,2827.6000,2830.0000,2830.6000,2830.8000,2831.0000,2831.4000,1,2,3,7,5,3,1,1,1,1
SF,IH2007,2020-06-11 09:33:33.700,2830.0000,7987,0,180938880.000,1,0,1,多换,S,2829.4000,2829.0000,2828.2000,2828.0000,2827.6000,2830.0000,2830.6000,2830.8000,2831.0000,2831.4000,1,2,3,7,5,2,1,1,1,1
SF,IH2007,2020-06-11 09:33:36.200,2829.4000,7986,-1,181787700.000,1,0,1,双平,S,2829.0000,2828.2000,2828.0000,2827.6000,2826.4000,2830.0000,2830.6000,2830.8000,2831.0000,2831.4000,1,3,7,5,4,2,1,1,1,1
SF,IH2007,2020-06-11 09:33:36.700,2829.4000,7986,0,181787700.000,0,-,-,-,-,2829.0000,2828.2000,2828.0000,2827.6000,2827.4000,2830.0000,2830.6000,2830.8000,2831.0000,2831.4000,1,3,7,5,1,2,1,1,1,1
SF,IH2007,2020-06-11 09:33:37.200,2829.4000,7986,0,181787700.000,0,-,-,-,-,2829.0000,2828.2000,2828.0000,2827.6000,2827.4000,2829.8000,2830.0000,2831.0000,2831.4000,2831.8000,1,3,7,5,1,1,2,1,1,3
SF,IH2007,2020-06-11 09:33:38.200,2829.8000,7986,0,182636640.000,1,0,1,多换,S,2829.0000,2828.2000,2828.0000,2827.6000,2827.4000,2830.0000,2831.0000,2831.4000,2831.8000,2835.0000,1,3,7,5,1,2,1,1,3,3
SF,IH2007,2020-06-11 09:33:38.700,2829.8000,7986,0,182636640.000,0,-,-,-,-,2829.0000,2828.2000,2828.0000,2827.6000,2827.4000,2829.8000,2830.0000,2831.0000,2831.4000,2831.8000,1,3,7,5,1,1,2,1,1,3
SF,IH2007,2020-06-11 09:33:39.700,2829.0000,7986,0,183485340.000,1,0,1,多换,S,2828.2000,2828.0000,2827.6000,2827.4000,2826.4000,2829.8000,2830.0000,2831.0000,2831.4000,2831.8000,3,7,5,1,4,1,2,1,1,3
SF,IH2007,2020-06-11 09:33:40.200,2829.0000,7986,0,183485340.000,0,-,-,-,-,2828.4000,2828.2000,2828.0000,2827.6000,2827.4000,2829.6000,2829.8000,2830.0000,2831.0000,2831.4000,1,3,7,5,1,1,1,2,1,1
SF,IH2007,2020-06-11 09:33:40.700,2829.0000,7986,0,183485340.000,0,-,-,-,-,2828.4000,2828.2000,2828.0000,2827.6000,2827.4000,2829.6000,2829.8000,2830.0000,2831.0000,2831.4000,1,3,7,5,1,1,1,2,1,1
SF,IH2007,2020-06-11 09:33:43.700,2829.0000,7986,0,183485340.000,0,-,-,-,-,2828.4000,2828.2000,2828.0000,2827.6000,2827.4000,2829.6000,2829.8000,2830.0000,2831.4000,2831.8000,1,3,7,5,1,1,1,2,1,3
SF,IH2007,2020-06-11 09:33:44.200,2829.0000,7986,0,183485340.000,0,-,-,-,-,2828.4000,2828.2000,2828.0000,2827.6000,2827.4000,2829.8000,2830.0000,2831.4000,2831.8000,2835.0000,1,3,7,5,1,1,2,1,3,3
SF,IH2007,2020-06-11 09:33:44.700,2829.0000,7986,0,183485340.000,0,-,-,-,-,2828.4000,2828.2000,2828.0000,2827.6000,2827.4000,2829.8000,2830.0000,2831.4000,2831.8000,2835.0000,1,3,7,5,1,1,2,1,3,3
SF,IH2007,2020-06-11 09:33:46.200,2829.0000,7986,0,183485340.000,0,-,-,-,-,2828.4000,2828.2000,2828.0000,2827.6000,2827.4000,2829.6000,2829.8000,2830.0000,2831.4000,2831.8000,1,3,7,5,1,3,1,2,1,3
SF,IH2007,2020-06-11 09:33:46.700,2828.4000,7986,0,184333860.000,1,0,1,多换,S,2828.2000,2828.0000,2827.6000,2827.4000,2826.4000,2829.8000,2830.0000,2831.4000,2831.8000,2835.0000,3,7,5,1,4,1,2,1,3,3
SF,IH2007,2020-06-11 09:33:47.200,2828.4000,7986,0,184333860.000,0,-,-,-,-,2828.4000,2828.2000,2828.0000,2827.6000,2827.4000,2829.6000,2829.8000,2830.0000,2831.4000,2831.8000,2,3,7,5,1,1,1,2,1,3
SF,IH2007,2020-06-11 09:33:47.700,2828.4000,7985,-1,185182380.000,1,0,1,双平,S,2828.4000,2828.2000,2828.0000,2827.6000,2827.4000,2829.6000,2829.8000,2830.0000,2831.4000,2831.8000,1,4,7,5,1,1,1,2,1,3
SF,IH2007,2020-06-11 09:33:48.700,2828.4000,7985,0,185182380.000,0,-,-,-,-,2828.4000,2828.2000,2828.0000,2827.6000,2827.4000,2829.6000,2829.8000,2830.0000,2831.4000,2831.8000,1,4,7,5,1,1,5,2,1,3
SF,IH2007,2020-06-11 09:33:49.700,2828.4000,7985,0,186030900.000,1,0,1,多换,S,2828.2000,2828.0000,2827.6000,2827.4000,2826.4000,2829.6000,2829.8000,2830.0000,2831.4000,2831.8000,4,7,5,1,4,1,5,2,1,3
SF,IH2007,2020-06-11 09:33:50.200,2828.4000,7985,0,186030900.000,0,-,-,-,-,2828.2000,2828.0000,2827.6000,2827.4000,2826.4000,2828.4000,2829.6000,2829.8000,2830.0000,2831.4000,4,7,5,1,4,1,1,5,2,1
SF,IH2007,2020-06-11 09:33:50.700,2828.4000,7983,-2,188576460.000,3,0,3,多平,S,2828.2000,2828.0000,2827.6000,2827.4000,2826.4000,2829.6000,2829.8000,2830.0000,2831.8000,2835.0000,4,7,5,1,4,1,5,2,3,3
SF,IH2007,2020-06-11 09:33:51.200,2828.2000,7983,0,189424920.000,1,0,1,多换,S,2828.2000,2828.0000,2827.6000,2827.4000,2826.4000,2829.6000,2829.8000,2830.0000,2831.8000,2835.0000,3,7,5,1,4,1,5,2,3,3
SF,IH2007,2020-06-11 09:33:51.700,2828.2000,7983,0,190273380.000,1,0,1,多换,S,2828.2000,2828.0000,2827.6000,2827.4000,2826.4000,2829.6000,2829.8000,2830.0000,2831.8000,2835.0000,2,7,6,1,4,1,5,2,3,3
SF,IH2007,2020-06-11 09:33:52.200,2828.2000,7983,0,191121840.000,1,0,1,多换,S,2828.2000,2828.0000,2827.6000,2827.4000,2826.4000,2829.6000,2829.8000,2830.0000,2831.8000,2835.0000,1,7,6,1,4,1,5,2,3,3
SF,IH2007,2020-06-11 09:33:52.700,2828.2000,7984,1,191970300.000,1,1,0,双开,S,2828.0000,2827.6000,2827.4000,2826.4000,2826.2000,2829.6000,2829.8000,2830.0000,2831.8000,2835.0000,7,6,1,4,1,1,5,2,3,3
SF,IH2007,2020-06-11 09:33:53.200,2828.2000,7984,0,191970300.000,0,-,-,-,-,2828.0000,2827.6000,2827.4000,2826.4000,2826.2000,2829.4000,2829.6000,2829.8000,2830.0000,2831.8000,7,6,1,4,1,1,1,5,2,3
SF,IH2007,2020-06-11 09:33:53.700,2828.2000,7984,0,191970300.000,0,-,-,-,-,2828.0000,2827.6000,2827.4000,2826.4000,2826.2000,2828.2000,2829.2000,2829.4000,2829.8000,2830.0000,7,6,1,4,1,1,1,1,5,2
SF,IH2007,2020-06-11 09:33:54.200,2828.2000,7984,0,192818760.000,1,0,1,多换,S,2828.2000,2828.0000,2827.6000,2827.4000,2826.4000,2829.2000,2829.4000,2829.8000,2830.0000,2831.8000,3,7,6,1,4,1,2,5,2,3
SF,IH2007,2020-06-11 09:33:54.700,2828.2000,7984,0,193667220.000,1,0,1,多换,S,2828.2000,2828.0000,2827.6000,2827.4000,2826.4000,2829.2000,2829.4000,2829.8000,2830.0000,2831.8000,2,7,6,1,4,1,2,4,2,3
SF,IH2007,2020-06-11 09:33:55.200,2828.2000,7984,0,194515680.000,1,0,1,多换,S,2828.2000,2828.0000,2827.6000,2827.4000,2826.4000,2829.2000,2829.4000,2829.8000,2830.0000,2831.8000,1,7,6,1,4,1,2,4,2,3
SF,IH2007,2020-06-11 09:33:56.700,2828.2000,7984,0,194515680.000,0,-,-,-,-,2828.2000,2828.0000,2827.6000,2827.4000,2826.4000,2828.4000,2829.2000,2829.4000,2829.8000,2830.0000,1,7,6,1,4,1,1,2,4,2
SF,IH2007,2020-06-11 09:33:57.200,2828.4000,7984,0,195364200.000,1,0,1,多换,S,2828.4000,2828.2000,2828.0000,2827.6000,2827.4000,2829.2000,2829.4000,2829.8000,2830.0000,2831.8000,1,1,7,6,1,1,2,4,2,3
SF,IH2007,2020-06-11 09:33:58.200,2828.4000,7984,0,196212720.000,1,0,1,多换,S,2828.2000,2828.0000,2827.6000,2827.4000,2826.4000,2829.2000,2829.4000,2829.8000,2830.0000,2831.8000,1,7,6,1,4,1,2,4,2,3
SF,IH2007,2020-06-11 09:33:58.700,2828.4000,7984,0,196212720.000,0,-,-,-,-,2828.0000,2827.6000,2827.4000,2826.4000,2826.2000,2829.2000,2829.4000,2829.8000,2830.0000,2831.8000,7,6,1,4,1,2,2,4,2,3
SF,IH2007,2020-06-11 09:34:01.700,2828.0000,7985,1,197061120.000,1,1,0,双开,S,2828.0000,2827.6000,2827.4000,2826.4000,2826.2000,2829.2000,2829.4000,2829.8000,2830.0000,2831.8000,6,6,1,4,1,2,2,4,2,3
SF,IH2007,2020-06-11 09:34:02.200,2829.2000,7985,0,198758580.000,2,1,1,多换,S,2828.0000,2827.6000,2827.4000,2826.4000,2826.2000,2829.2000,2829.4000,2829.8000,2830.0000,2831.8000,6,5,1,4,1,1,2,4,2,3
SF,IH2007,2020-06-11 09:34:02.700,2829.4000,7983,-2,203850480.000,6,2,4,多平,S,2829.6000,2828.0000,2827.6000,2827.4000,2826.4000,2829.8000,2830.0000,2831.8000,2835.0000,2835.4000,10,4,5,1,4,4,2,3,3,1
SF,IH2007,2020-06-11 09:34:03.200,2829.6000,7973,-10,212339160.000,10,0,10,双平,S,2828.0000,2827.6000,2827.4000,2826.4000,2826.0000,2829.4000,2829.6000,2829.8000,2830.0000,2831.8000,4,5,1,4,10,2,4,4,2,3
SF,IH2007,2020-06-11 09:34:03.700,2829.6000,7973,0,212339160.000,0,-,-,-,-,2828.2000,2828.0000,2827.6000,2827.4000,2826.4000,2829.4000,2829.6000,2829.8000,2830.0000,2831.8000,1,4,5,1,4,2,3,4,2,3
SF,IH2007,2020-06-11 09:34:04.700,2828.2000,7973,0,213187620.000,1,0,1,多换,S,2828.0000,2827.6000,2827.4000,2826.4000,2826.2000,2829.4000,2829.6000,2829.8000,2830.0000,2831.8000,4,5,1,4,1,2,3,4,2,3
SF,IH2007,2020-06-11 09:34:05.200,2828.2000,7973,0,213187620.000,0,-,-,-,-,2828.2000,2828.0000,2827.6000,2827.4000,2826.4000,2829.2000,2829.6000,2829.8000,2830.0000,2831.8000,3,4,5,1,4,1,4,4,2,3
SF,IH2007,2020-06-11 09:34:05.700,2828.2000,7973,0,213187620.000,0,-,-,-,-,2828.2000,2828.0000,2827.6000,2827.4000,2826.4000,2829.2000,2829.6000,2829.8000,2830.0000,2830.2000,3,4,5,1,4,1,4,4,2,1
SF,IH2007,2020-06-11 09:34:06.200,2828.2000,7973,0,213187620.000,0,-,-,-,-,2828.2000,2828.0000,2827.6000,2827.4000,2826.4000,2829.2000,2829.6000,2829.8000,2830.0000,2830.2000,3,4,5,1,4,1,1,4,2,1
SF,IH2007,2020-06-11 09:34:07.200,2828.2000,7973,0,213187620.000,0,-,-,-,-,2828.2000,2828.0000,2827.6000,2827.4000,2826.4000,2829.2000,2829.6000,2829.8000,2830.0000,2830.2000,3,4,5,1,4,1,2,4,2,1
SF,IH2007,2020-06-11 09:34:10.200,2828.2000,7973,0,213187620.000,0,-,-,-,-,2828.2000,2828.0000,2827.6000,2827.4000,2826.4000,2829.2000,2829.6000,2829.8000,2830.0000,2830.2000,3,4,5,1,4,1,2,4,2,1
SF,IH2007,2020-06-11 09:34:11.700,2828.2000,7973,0,213187620.000,0,-,-,-,-,2828.2000,2828.0000,2827.6000,2827.4000,2826.4000,2829.2000,2829.6000,2829.8000,2830.0000,2830.2000,1,4,5,1,4,1,2,4,2,1
SF,IH2007,2020-06-11 09:34:12.200,2828.2000,7973,0,214036080.000,1,0,1,多换,S,2828.0000,2827.6000,2827.4000,2826.4000,2826.2000,2828.2000,2829.2000,2829.6000,2829.8000,2830.0000,4,5,1,4,1,4,1,2,4,2
SF,IH2007,2020-06-11 09:34:12.700,2828.2000,7973,0,218278380.000,5,2,3,多换,S,2828.0000,2827.6000,2827.4000,2826.4000,2826.2000,2829.2000,2829.6000,2829.8000,2830.0000,2830.2000,6,5,1,4,1,1,2,4,2,1
SF,IH2007,2020-06-11 09:34:13.200,2828.2000,7973,0,218278380.000,0,-,-,-,-,2828.0000,2827.6000,2827.4000,2826.4000,2826.2000,2829.0000,2829.2000,2829.6000,2829.8000,2830.0000,6,5,1,4,1,1,1,2,4,2
SF,IH2007,2020-06-11 09:34:13.700,2828.2000,7973,0,218278380.000,0,-,-,-,-,2828.0000,2827.6000,2827.4000,2826.4000,2826.2000,2828.8000,2829.0000,2829.2000,2829.6000,2829.8000,6,5,1,4,1,1,1,1,2,4
SF,IH2007,2020-06-11 09:34:14.200,2828.2000,7973,0,218278380.000,0,-,-,-,-,2828.0000,2827.6000,2827.4000,2826.4000,2826.2000,2828.8000,2829.0000,2829.2000,2829.6000,2829.8000,6,5,1,4,1,1,2,1,2,4
SF,IH2007,2020-06-11 09:34:14.700,2828.8000,7972,-1,219127020.000,1,0,1,双平,S,2828.0000,2827.6000,2827.4000,2826.4000,2826.2000,2829.0000,2829.2000,2829.6000,2829.8000,2830.0000,6,5,1,4,1,2,1,2,4,2
SF,IH2007,2020-06-11 09:34:15.700,2828.8000,7972,0,219127020.000,0,-,-,-,-,2828.2000,2828.0000,2827.6000,2827.4000,2826.4000,2829.0000,2829.6000,2829.8000,2830.0000,2830.2000,1,6,5,1,4,2,2,4,2,1
SF,IH2007,2020-06-11 09:34:16.200,2828.8000,7972,0,219127020.000,0,-,-,-,-,2828.4000,2828.0000,2827.6000,2827.4000,2826.4000,2829.0000,2829.6000,2829.8000,2830.0000,2830.2000,1,5,5,1,4,2,2,4,2,1
SF,IH2007,2020-06-11 09:34:16.700,2828.8000,7972,0,219127020.000,0,-,-,-,-,2828.0000,2827.6000,2827.4000,2826.4000,2826.2000,2829.0000,2829.6000,2829.8000,2830.0000,2830.2000,5,5,1,4,1,2,2,4,2,1
SF,IH2007,2020-06-11 09:34:17.200,2828.8000,7972,0,219127020.000,0,-,-,-,-,2828.2000,2828.0000,2827.6000,2827.4000,2826.4000,2828.4000,2829.0000,2829.6000,2829.8000,2830.0000,4,5,5,1,4,1,2,2,4,2
SF,IH2007,2020-06-11 09:34:17.700,2828.4000,7972,0,219975540.000,1,0,1,多换,S,2828.4000,2828.2000,2828.0000,2827.6000,2827.4000,2829.0000,2829.6000,2829.8000,2830.0000,2830.2000,1,3,5,5,1,2,2,4,2,1
SF,IH2007,2020-06-11 09:34:18.700,2829.0000,7971,-1,220824240.000,1,0,1,双平,S,2828.4000,2828.2000,2828.0000,2827.6000,2827.4000,2829.0000,2829.6000,2829.8000,2830.0000,2830.2000,1,3,5,5,1,1,2,4,2,1
SF,IH2007,2020-06-11 09:34:19.700,2829.0000,7971,0,221672940.000,1,0,1,多换,S,2828.4000,2828.2000,2828.0000,2827.6000,2827.4000,2829.6000,2829.8000,2830.0000,2830.2000,2831.8000,1,3,5,5,1,2,4,2,1,3
SF,IH2007,2020-06-11 09:34:20.200,2829.0000,7971,0,221672940.000,0,-,-,-,-,2828.6000,2828.4000,2828.2000,2828.0000,2827.6000,2829.6000,2829.8000,2830.0000,2830.2000,2831.8000,1,1,2,5,5,2,4,2,1,3
SF,IH2007,2020-06-11 09:34:20.700,2829.0000,7971,0,221672940.000,0,-,-,-,-,2828.6000,2828.4000,2828.2000,2828.0000,2827.6000,2829.6000,2829.8000,2830.0000,2830.2000,2831.8000,1,1,2,5,5,2,4,2,1,3
SF,IH2007,2020-06-11 09:34:21.200,2829.0000,7971,0,221672940.000,0,-,-,-,-,2828.6000,2828.4000,2828.2000,2828.0000,2827.6000,2829.6000,2829.8000,2830.0000,2831.8000,2835.0000,1,1,2,5,5,2,4,2,3,3
SF,IH2007,2020-06-11 09:34:22.200,2829.0000,7971,0,221672940.000,0,-,-,-,-,2828.6000,2828.4000,2828.2000,2828.0000,2827.6000,2829.6000,2829.8000,2830.0000,2831.8000,2835.0000,1,1,2,5,5,2,4,2,3,3
SF,IH2007,2020-06-11 09:34:22.700,2829.0000,7971,0,221672940.000,0,-,-,-,-,2828.8000,2828.6000,2828.4000,2828.2000,2828.0000,2829.6000,2829.8000,2830.0000,2831.8000,2835.0000,2,1,1,1,5,2,3,3,3,3
SF,IH2007,2020-06-11 09:34:23.200,2829.6000,7971,0,223370700.000,2,1,1,多换,S,2828.8000,2828.6000,2828.4000,2828.2000,2828.0000,2829.8000,2830.0000,2831.8000,2835.0000,2835.4000,1,1,1,1,5,3,3,3,3,1
SF,IH2007,2020-06-11 09:34:23.700,2829.6000,7971,0,223370700.000,0,-,-,-,-,2829.0000,2828.8000,2828.4000,2828.2000,2828.0000,2829.8000,2830.0000,2831.8000,2835.0000,2835.4000,2,1,1,1,5,3,3,3,3,1
SF,IH2007,2020-06-11 09:34:24.200,2829.8000,7971,0,224219640.000,1,0,1,多换,S,2829.0000,2828.8000,2828.4000,2828.2000,2828.0000,2829.8000,2830.0000,2831.8000,2835.0000,2835.4000,2,1,1,1,5,2,3,3,3,1
SF,IH2007,2020-06-11 09:34:24.700,2829.8000,7971,0,225068580.000,1,0,1,多换,S,2829.2000,2829.0000,2828.4000,2828.2000,2828.0000,2829.8000,2830.0000,2831.8000,2835.0000,2835.4000,1,2,1,1,5,1,3,3,3,1
SF,IH2007,2020-06-11 09:34:25.200,2829.8000,7971,0,225068580.000,0,-,-,-,-,2829.2000,2829.0000,2828.4000,2828.2000,2828.0000,2829.8000,2830.0000,2831.8000,2835.0000,2835.4000,1,1,1,1,5,1,3,3,3,1
SF,IH2007,2020-06-11 09:34:26.700,2829.8000,7971,0,225068580.000,0,-,-,-,-,2829.4000,2829.2000,2829.0000,2828.4000,2828.2000,2829.8000,2830.0000,2831.8000,2835.0000,2835.4000,1,1,1,1,1,1,3,3,3,1
SF,IH2007,2020-06-11 09:34:27.200,2829.8000,7971,0,225917520.000,1,0,1,多换,S,2829.8000,2829.2000,2829.0000,2828.4000,2828.2000,2830.0000,2831.8000,2835.0000,2835.4000,2837.0000,1,1,1,1,1,3,3,3,1,1
SF,IH2007,2020-06-11 09:34:27.700,2829.8000,7971,0,225917520.000,0,-,-,-,-,2829.8000,2829.2000,2829.0000,2828.4000,2828.2000,2830.0000,2831.8000,2835.0000,2835.4000,2837.0000,1,1,1,1,1,3,3,3,1,1
SF,IH2007,2020-06-11 09:34:28.200,2830.0000,7971,0,227615520.000,2,1,1,多换,S,2829.8000,2829.2000,2829.0000,2828.4000,2828.2000,2830.0000,2831.8000,2835.0000,2835.4000,2837.0000,1,1,1,1,1,1,3,3,1,1
SF,IH2007,2020-06-11 09:34:28.700,2830.0000,7971,0,227615520.000,0,-,-,-,-,2829.2000,2829.0000,2828.4000,2828.2000,2828.0000,2830.0000,2831.8000,2835.0000,2835.4000,2837.0000,1,1,1,1,5,1,3,3,1,1
SF,IH2007,2020-06-11 09:34:29.200,2830.0000,7971,0,227615520.000,0,-,-,-,-,2829.2000,2829.0000,2828.4000,2828.2000,2828.0000,2830.0000,2831.8000,2835.0000,2835.4000,2837.0000,1,1,1,1,6,1,3,3,1,1
SF,IH2007,2020-06-11 09:34:31.200,2830.0000,7971,0,227615520.000,0,-,-,-,-,2829.4000,2829.2000,2829.0000,2828.4000,2828.2000,2830.0000,2831.8000,2835.0000,2835.4000,2837.0000,2,1,1,1,1,1,3,3,1,1
SF,IH2007,2020-06-11 09:34:31.700,2829.4000,7970,-1,228464340.000,1,0,1,双平,S,2829.2000,2829.0000,2828.4000,2828.2000,2828.0000,2830.0000,2831.8000,2835.0000,2835.4000,2837.0000,1,1,1,1,6,1,3,3,1,1
SF,IH2007,2020-06-11 09:34:33.200,2829.4000,7970,0,228464340.000,0,-,-,-,-,2829.0000,2828.4000,2828.2000,2828.0000,2827.6000,2830.0000,2831.8000,2835.0000,2835.4000,2837.0000,1,1,1,6,5,1,3,3,1,1
SF,IH2007,2020-06-11 09:34:36.700,2829.4000,7970,0,228464340.000,0,-,-,-,-,2829.0000,2828.4000,2828.2000,2828.0000,2827.6000,2830.0000,2831.8000,2835.0000,2835.4000,2837.0000,2,1,1,6,5,1,3,3,1,1
SF,IH2007,2020-06-11 09:34:37.200,2830.0000,7971,1,229313340.000,1,1,0,双开,S,2829.0000,2828.4000,2828.2000,2828.0000,2827.6000,2831.8000,2835.0000,2835.4000,2837.0000,2838.6000,2,1,1,6,5,3,3,1,1,5
SF,IH2007,2020-06-11 09:34:37.700,2830.0000,7971,0,229313340.000,0,-,-,-,-,2829.2000,2829.0000,2828.4000,2828.2000,2828.0000,2830.2000,2830.4000,2830.8000,2831.0000,2831.6000,1,2,1,1,6,1,1,3,1,4
SF,IH2007,2020-06-11 09:34:38.200,2830.0000,7971,0,229313340.000,0,-,-,-,-,2829.0000,2828.4000,2828.2000,2828.0000,2827.6000,2830.0000,2830.2000,2830.4000,2830.8000,2831.0000,2,1,1,6,5,1,1,1,3,1
SF,IH2007,2020-06-11 09:34:39.200,2830.0000,7971,0,229313340.000,0,-,-,-,-,2829.0000,2828.4000,2828.2000,2828.0000,2827.6000,2829.2000,2830.0000,2830.2000,2830.4000,2830.8000,2,1,1,6,5,1,1,1,1,3
SF,IH2007,2020-06-11 09:34:39.700,2829.2000,7971,0,230162100.000,1,0,1,多换,S,2829.0000,2828.4000,2828.2000,2828.0000,2827.6000,2830.0000,2830.2000,2830.4000,2830.8000,2831.0000,2,1,1,6,5,1,1,1,3,1
SF,IH2007,2020-06-11 09:34:40.700,2829.2000,7971,0,230162100.000,0,-,-,-,-,2829.0000,2828.4000,2828.2000,2828.0000,2827.6000,2830.0000,2830.2000,2830.4000,2830.8000,2831.0000,2,1,1,6,5,1,1,1,3,1
SF,IH2007,2020-06-11 09:34:41.200,2829.2000,7971,0,230162100.000,0,-,-,-,-,2829.2000,2829.0000,2828.4000,2828.2000,2828.0000,2830.0000,2830.2000,2830.4000,2830.8000,2831.0000,1,2,1,1,6,1,1,1,3,1
SF,IH2007,2020-06-11 09:34:41.700,2829.2000,7971,0,230162100.000,0,-,-,-,-,2829.2000,2829.0000,2828.4000,2828.2000,2828.0000,2830.0000,2830.2000,2830.4000,2830.8000,2831.0000,1,2,1,1,6,1,1,1,3,1
SF,IH2007,2020-06-11 09:34:43.200,2829.2000,7971,0,231010860.000,1,0,1,多换,S,2829.0000,2828.4000,2828.2000,2828.0000,2827.6000,2830.0000,2830.2000,2830.4000,2830.8000,2831.0000,2,1,1,6,5,1,1,1,3,1
SF,IH2007,2020-06-11 09:34:43.700,2829.0000,7970,-1,231859560.000,1,0,1,双平,S,2829.0000,2828.4000,2828.2000,2828.0000,2827.6000,2829.2000,2830.0000,2830.2000,2830.4000,2830.8000,1,1,1,6,5,2,1,1,1,3
SF,IH2007,2020-06-11 09:34:44.200,2829.2000,7971,1,233557020.000,2,1,1,空开,S,2828.4000,2828.2000,2828.0000,2827.6000,2826.4000,2829.2000,2830.0000,2830.2000,2830.4000,2830.8000,1,1,6,5,4,1,2,1,1,3
SF,IH2007,2020-06-11 09:34:44.700,2829.2000,7971,0,233557020.000,0,-,-,-,-,2828.4000,2828.2000,2828.0000,2827.6000,2827.0000,2829.2000,2830.0000,2830.2000,2830.4000,2830.8000,1,1,6,5,1,1,2,1,1,3
SF,IH2007,2020-06-11 09:34:45.200,2829.2000,7971,0,233557020.000,0,-,-,-,-,2828.4000,2828.2000,2828.0000,2827.6000,2827.0000,2829.2000,2830.0000,2830.2000,2830.4000,2830.8000,2,1,6,5,1,1,2,1,1,3
SF,IH2007,2020-06-11 09:34:48.200,2829.2000,7971,0,233557020.000,0,-,-,-,-,2828.4000,2828.2000,2828.0000,2827.6000,2827.0000,2829.2000,2830.0000,2830.2000,2830.4000,2830.8000,2,1,8,5,1,1,2,1,1,3
SF,IH2007,2020-06-11 09:34:48.700,2829.2000,7971,0,233557020.000,0,-,-,-,-,2828.4000,2828.2000,2828.0000,2827.6000,2827.0000,2830.0000,2830.2000,2830.4000,2830.8000,2831.0000,3,1,8,5,1,2,1,1,3,2
SF,IH2007,2020-06-11 09:34:49.200,2829.2000,7971,0,233557020.000,0,-,-,-,-,2828.4000,2828.2000,2828.0000,2827.6000,2827.0000,2829.8000,2830.0000,2830.2000,2830.4000,2830.8000,3,1,8,5,1,1,2,1,1,3
SF,IH2007,2020-06-11 09:34:49.700,2829.2000,7971,0,233557020.000,0,-,-,-,-,2828.4000,2828.2000,2828.0000,2827.6000,2827.0000,2829.6000,2830.0000,2830.2000,2830.4000,2830.8000,3,1,8,5,1,2,1,1,1,3
SF,IH2007,2020-06-11 09:34:50.700,2829.2000,7971,0,233557020.000,0,-,-,-,-,2828.4000,2828.2000,2828.0000,2827.6000,2827.0000,2829.6000,2830.0000,2830.2000,2830.4000,2830.8000,3,1,8,5,1,1,1,1,1,3
SF,IH2007,2020-06-11 09:34:52.700,2829.2000,7971,0,233557020.000,0,-,-,-,-,2828.4000,2828.2000,2828.0000,2827.6000,2827.0000,2829.4000,2829.6000,2830.0000,2830.2000,2830.8000,3,1,8,5,1,1,1,1,1,3
SF,IH2007,2020-06-11 09:34:53.200,2828.4000,7971,0,234405540.000,1,0,1,多换,S,2828.4000,2828.2000,2828.0000,2827.6000,2827.0000,2829.6000,2830.0000,2830.2000,2830.8000,2831.0000,2,2,8,5,1,1,1,1,3,2
SF,IH2007,2020-06-11 09:34:54.200,2828.4000,7971,0,234405540.000,0,-,-,-,-,2829.0000,2828.4000,2828.2000,2828.0000,2827.6000,2829.6000,2830.0000,2830.2000,2830.8000,2831.0000,1,2,2,8,5,1,1,1,3,2
SF,IH2007,2020-06-11 09:34:54.700,2829.0000,7971,0,235254240.000,1,0,1,多换,S,2828.4000,2828.2000,2828.0000,2827.6000,2827.0000,2829.6000,2830.0000,2830.2000,2830.8000,2831.0000,2,2,8,5,1,1,1,1,3,2
SF,IH2007,2020-06-11 09:34:55.700,2829.0000,7971,0,235254240.000,0,-,-,-,-,2828.4000,2828.2000,2828.0000,2827.6000,2827.0000,2829.6000,2830.0000,2830.2000,2830.8000,2831.0000,2,2,7,5,1,1,1,1,3,2
SF,IH2007,2020-06-11 09:34:57.200,2829.0000,7971,0,235254240.000,0,-,-,-,-,2828.4000,2828.2000,2828.0000,2827.6000,2827.0000,2829.6000,2829.8000,2830.0000,2830.2000,2830.8000,2,2,7,5,1,1,3,1,1,3
SF,IH2007,2020-06-11 09:34:57.700,2829.0000,7971,0,235254240.000,0,-,-,-,-,2828.4000,2828.2000,2828.0000,2827.6000,2827.0000,2829.6000,2829.8000,2830.0000,2830.2000,2830.8000,3,2,7,5,1,1,3,1,1,3
SF,IH2007,2020-06-11 09:34:58.700,2829.0000,7971,0,235254240.000,0,-,-,-,-,2828.6000,2828.4000,2828.2000,2828.0000,2827.6000,2829.6000,2829.8000,2830.0000,2830.2000,2830.8000,1,3,2,7,5,1,3,1,1,3
SF,IH2007,2020-06-11 09:34:59.200,2829.0000,7971,0,235254240.000,0,-,-,-,-,2828.4000,2828.2000,2828.0000,2827.6000,2827.0000,2829.6000,2829.8000,2830.0000,2830.2000,2830.8000,3,2,7,5,1,1,3,1,1,3
SF,IH2007,2020-06-11 09:35:02.700,2829.0000,7971,0,235254240.000,0,-,-,-,-,2828.4000,2828.2000,2828.0000,2827.6000,2827.0000,2829.4000,2829.6000,2829.8000,2830.0000,2830.2000,3,2,7,5,1,1,1,3,1,1
SF,IH2007,2020-06-11 09:35:03.200,2829.0000,7971,0,235254240.000,0,-,-,-,-,2828.4000,2828.2000,2828.0000,2827.6000,2827.0000,2829.2000,2829.8000,2830.0000,2830.2000,2830.8000,3,2,7,5,1,1,3,1,1,3
SF,IH2007,2020-06-11 09:35:04.700,2828.4000,7971,0,236102760.000,1,0,1,多换,S,2828.4000,2828.2000,2828.0000,2827.6000,2827.0000,2829.0000,2829.2000,2829.8000,2830.0000,2830.2000,2,2,7,5,1,1,1,3,1,1
SF,IH2007,2020-06-11 09:35:05.200,2828.4000,7970,-1,236951280.000,1,0,1,双平,S,2828.4000,2828.2000,2828.0000,2827.6000,2827.0000,2829.0000,2829.2000,2829.8000,2830.0000,2830.2000,1,2,7,5,1,1,1,3,1,1
SF,IH2007,2020-06-11 09:35:05.700,2828.2000,7969,-1,238648260.000,2,0,2,多平,S,2828.2000,2828.0000,2827.6000,2827.0000,2826.4000,2828.4000,2829.0000,2829.2000,2829.8000,2830.0000,1,7,5,1,4,1,1,1,3,1
SF,IH2007,2020-06-11 09:35:06.200,2828.0000,7967,-2,240345120.000,2,0,2,双平,S,2828.0000,2827.6000,2827.0000,2826.4000,2826.0000,2828.4000,2829.0000,2829.2000,2829.8000,2830.0000,5,5,1,4,9,1,1,1,3,1
SF,IH2007,2020-06-11 09:35:06.700,2828.0000,7964,-3,242890560.000,3,0,3,双平,S,2828.0000,2827.6000,2827.0000,2826.4000,2826.0000,2829.0000,2829.2000,2829.8000,2830.0000,2830.2000,4,5,1,4,9,1,1,3,1,1
SF,IH2007,2020-06-11 09:35:07.200,2828.0000,7960,-4,246284160.000,4,0,4,双平,S,2827.6000,2827.0000,2826.4000,2826.0000,2825.0000,2828.0000,2828.8000,2829.0000,2829.8000,2830.0000,5,1,5,9,5,3,1,1,3,1
SF,IH2007,2020-06-11 09:35:07.700,2828.0000,7960,0,246284160.000,0,-,-,-,-,2827.8000,2827.6000,2827.0000,2826.4000,2826.0000,2828.0000,2828.8000,2829.0000,2829.8000,2830.0000,1,5,1,5,9,5,1,1,3,1
SF,IH2007,2020-06-11 09:35:08.200,2828.0000,7959,-1,250526100.000,5,2,3,多平,S,2827.6000,2827.0000,2826.4000,2826.0000,2825.0000,2828.8000,2829.0000,2829.8000,2830.0000,2830.2000,5,1,5,9,5,2,1,3,1,1
SF,IH2007,2020-06-11 09:35:08.700,2828.0000,7959,0,250526100.000,0,-,-,-,-,2827.6000,2827.0000,2826.4000,2826.0000,2825.0000,2828.8000,2829.0000,2829.2000,2829.8000,2830.0000,5,1,5,10,5,2,1,1,3,1
SF,IH2007,2020-06-11 09:35:09.200,2828.8000,7953,-6,255617700.000,6,0,6,双平,S,2828.8000,2827.6000,2827.0000,2826.4000,2826.0000,2829.0000,2829.2000,2829.8000,2830.0000,2830.2000,6,5,1,5,10,1,1,3,1,1
SF,IH2007,2020-06-11 09:35:09.700,2828.8000,7947,-6,260709540.000,6,0,6,双平,S,2827.6000,2827.0000,2826.4000,2826.0000,2825.0000,2828.6000,2828.8000,2829.0000,2829.2000,2829.8000,5,1,4,9,5,1,3,1,1,3
SF,IH2007,2020-06-11 09:35:10.200,2828.8000,7947,0,260709540.000,0,-,-,-,-,2827.6000,2827.0000,2826.4000,2826.0000,2825.0000,2828.6000,2828.8000,2829.0000,2829.2000,2829.8000,5,1,4,10,5,3,1,1,1,3
SF,IH2007,2020-06-11 09:35:10.700,2827.6000,7948,1,261557820.000,1,1,0,双开,S,2827.6000,2827.0000,2826.4000,2826.0000,2825.0000,2828.6000,2828.8000,2829.0000,2829.2000,2829.8000,4,1,4,10,5,3,1,1,1,3
SF,IH2007,2020-06-11 09:35:11.200,2827.6000,7948,0,261557820.000,0,-,-,-,-,2827.6000,2827.0000,2826.4000,2826.0000,2825.0000,2828.6000,2828.8000,2829.0000,2829.2000,2829.8000,4,1,4,10,5,3,1,1,1,3
SF,IH2007,2020-06-11 09:35:11.700,2827.6000,7948,0,261557820.000,0,-,-,-,-,2827.6000,2827.0000,2826.4000,2826.0000,2825.0000,2828.6000,2828.8000,2829.0000,2829.2000,2829.8000,4,1,4,10,5,3,1,1,1,3
SF,IH2007,2020-06-11 09:35:12.200,2827.6000,7948,0,261557820.000,0,-,-,-,-,2827.6000,2827.0000,2826.4000,2826.0000,2825.0000,2828.6000,2828.8000,2829.0000,2829.2000,2829.8000,4,1,4,10,5,3,2,1,1,3
SF,IH2007,2020-06-11 09:35:12.700,2827.6000,7948,0,263254380.000,2,1,1,多换,S,2827.6000,2827.0000,2826.4000,2826.0000,2825.0000,2828.6000,2828.8000,2829.0000,2829.2000,2829.8000,2,1,4,10,5,3,2,1,1,3
SF,IH2007,2020-06-11 09:35:13.200,2827.6000,7947,-1,265799220.000,3,1,2,多平,S,2827.0000,2826.4000,2826.0000,2825.0000,2824.2000,2828.0000,2828.4000,2828.6000,2828.8000,2829.0000,1,4,10,5,3,1,1,3,2,1
SF,IH2007,2020-06-11 09:35:13.700,2827.6000,7947,0,265799220.000,0,-,-,-,-,2827.2000,2827.0000,2826.4000,2826.0000,2825.0000,2827.6000,2828.4000,2828.6000,2828.8000,2829.0000,3,1,4,10,5,1,1,1,2,1
SF,IH2007,2020-06-11 09:35:14.200,2827.6000,7947,0,266647500.000,1,0,1,多换,S,2827.6000,2827.2000,2827.0000,2826.4000,2826.0000,2828.4000,2828.6000,2828.8000,2829.0000,2829.2000,1,3,1,4,10,1,1,2,1,1
SF,IH2007,2020-06-11 09:35:14.700,2827.6000,7947,0,266647500.000,0,-,-,-,-,2827.6000,2827.2000,2827.0000,2826.4000,2826.0000,2828.2000,2828.4000,2828.6000,2828.8000,2829.0000,1,2,1,4,10,1,1,1,2,1
SF,IH2007,2020-06-11 09:35:15.200,2827.6000,7947,0,266647500.000,0,-,-,-,-,2827.2000,2827.0000,2826.4000,2826.0000,2825.0000,2828.2000,2828.4000,2828.6000,2829.0000,2829.2000,2,1,4,10,5,1,1,1,1,1
SF,IH2007,2020-06-11 09:35:15.700,2827.2000,7947,0,267495660.000,1,0,1,多换,S,2827.2000,2827.0000,2826.4000,2826.0000,2825.2000,2828.2000,2828.4000,2828.6000,2829.0000,2829.2000,1,1,4,10,1,1,1,1,1,1
SF,IH2007,2020-06-11 09:35:16.700,2827.2000,7947,0,268343820.000,1,0,1,多换,S,2827.0000,2826.4000,2826.0000,2825.2000,2825.0000,2828.2000,2828.4000,2828.6000,2829.0000,2829.2000,1,4,10,1,5,1,1,1,1,1
SF,IH2007,2020-06-11 09:35:17.200,2827.2000,7947,0,268343820.000,0,-,-,-,-,2827.2000,2827.0000,2826.4000,2826.0000,2825.2000,2828.0000,2828.2000,2828.6000,2829.0000,2829.2000,1,1,4,10,1,1,1,1,1,1
SF,IH2007,2020-06-11 09:35:17.700,2827.2000,7947,0,268343820.000,0,-,-,-,-,2827.0000,2826.4000,2826.0000,2825.2000,2825.0000,2828.0000,2828.2000,2828.6000,2829.0000,2829.2000,1,4,10,1,5,1,1,1,1,1
SF,IH2007,2020-06-11 09:35:18.700,2827.2000,7947,0,268343820.000,0,-,-,-,-,2827.2000,2827.0000,2826.4000,2826.0000,2825.2000,2827.8000,2828.0000,2828.6000,2829.0000,2829.2000,1,1,4,10,1,3,1,1,1,1
SF,IH2007,2020-06-11 09:35:19.200,2827.8000,7948,1,269192160.000,1,1,0,双开,S,2827.0000,2826.4000,2826.0000,2825.2000,2825.0000,2827.8000,2828.0000,2828.6000,2829.0000,2829.2000,1,4,10,1,5,2,1,1,1,1
SF,IH2007,2020-06-11 09:35:19.700,2827.8000,7948,0,269192160.000,0,-,-,-,-,2827.0000,2826.4000,2826.0000,2825.2000,2825.0000,2827.6000,2827.8000,2828.6000,2829.0000,2829.2000,1,4,10,1,5,1,2,1,1,1
SF,IH2007,2020-06-11 09:35:20.200,2827.6000,7947,-1,270040440.000,1,0,1,双平,S,2827.2000,2827.0000,2826.4000,2826.0000,2825.2000,2827.8000,2828.6000,2829.0000,2829.2000,2829.8000,2,1,4,10,1,2,1,1,1,3
SF,IH2007,2020-06-11 09:35:20.700,2827.8000,7947,0,270888780.000,1,0,1,多换,S,2827.2000,2827.0000,2826.4000,2826.0000,2825.2000,2827.8000,2828.6000,2829.0000,2829.2000,2829.8000,2,1,4,10,1,1,1,1,1,3
SF,IH2007,2020-06-11 09:35:21.200,2827.4000,7947,0,272585340.000,2,1,1,多换,S,2827.2000,2827.0000,2826.4000,2826.0000,2825.2000,2828.6000,2829.0000,2829.2000,2829.8000,2830.0000,2,1,4,10,1,1,1,1,3,1
SF,IH2007,2020-06-11 09:35:21.700,2827.4000,7947,0,272585340.000,0,-,-,-,-,2827.8000,2827.4000,2827.2000,2827.0000,2826.4000,2828.4000,2828.6000,2829.0000,2829.2000,2829.8000,1,1,2,1,4,1,1,1,1,3
SF,IH2007,2020-06-11 09:35:22.200,2827.4000,7947,0,272585340.000,0,-,-,-,-,2827.8000,2827.4000,2827.2000,2827.0000,2826.4000,2829.0000,2829.2000,2829.8000,2830.0000,2830.2000,1,2,1,1,4,1,1,3,1,1
SF,IH2007,2020-06-11 09:35:22.700,2827.4000,7947,0,272585340.000,0,-,-,-,-,2828.0000,2827.8000,2827.4000,2827.2000,2827.0000,2829.0000,2829.2000,2829.8000,2830.0000,2830.2000,2,1,1,1,1,1,1,3,1,1
SF,IH2007,2020-06-11 09:35:23.200,2829.0000,7947,0,273434040.000,1,0,1,多换,S,2828.0000,2827.8000,2827.4000,2827.2000,2827.0000,2829.2000,2829.8000,2830.0000,2830.2000,2830.8000,1,2,1,1,1,1,3,1,1,2
SF,IH2007,2020-06-11 09:35:23.700,2829.0000,7947,0,273434040.000,0,-,-,-,-,2828.2000,2827.8000,2827.4000,2827.2000,2827.0000,2829.2000,2829.8000,2830.0000,2830.2000,2830.8000,3,2,1,1,1,1,3,1,1,2
SF,IH2007,2020-06-11 09:35:24.200,2829.0000,7947,0,273434040.000,0,-,-,-,-,2828.2000,2827.8000,2827.4000,2827.2000,2827.0000,2829.8000,2830.0000,2830.2000,2830.8000,2831.0000,3,2,1,1,1,3,1,1,2,2
SF,IH2007,2020-06-11 09:35:24.700,2829.0000,7947,0,273434040.000,0,-,-,-,-,2828.2000,2827.8000,2827.4000,2827.2000,2827.0000,2829.6000,2829.8000,2830.0000,2830.2000,2830.8000,3,2,1,1,1,2,3,1,1,2
SF,IH2007,2020-06-11 09:35:25.700,2829.0000,7947,0,273434040.000,0,-,-,-,-,2828.2000,2827.8000,2827.4000,2827.2000,2827.0000,2829.6000,2829.8000,2830.0000,2830.2000,2830.8000,3,2,1,1,1,1,3,1,1,2
SF,IH2007,2020-06-11 09:35:27.200,2829.0000,7947,0,273434040.000,0,-,-,-,-,2828.2000,2827.8000,2827.4000,2827.2000,2827.0000,2829.6000,2829.8000,2830.0000,2830.2000,2830.8000,4,1,1,1,1,1,3,1,1,2
SF,IH2007,2020-06-11 09:35:27.700,2829.0000,7947,0,273434040.000,0,-,-,-,-,2828.4000,2828.2000,2827.8000,2827.4000,2827.2000,2829.6000,2829.8000,2830.0000,2830.2000,2830.8000,1,4,1,1,1,1,3,1,1,2
SF,IH2007,2020-06-11 09:35:28.200,2829.0000,7947,0,273434040.000,0,-,-,-,-,2828.6000,2828.4000,2828.2000,2827.8000,2827.4000,2829.6000,2829.8000,2830.0000,2830.2000,2830.8000,2,1,2,1,1,1,3,1,1,2
SF,IH2007,2020-06-11 09:35:28.700,2829.8000,7946,-1,276829740.000,4,1,3,多平,S,2828.6000,2828.4000,2828.2000,2827.8000,2827.4000,2830.0000,2830.2000,2830.8000,2831.0000,2831.6000,2,1,2,1,1,1,1,2,2,2
SF,IH2007,2020-06-11 09:35:29.200,2830.2000,7946,0,277678800.000,1,0,1,多换,S,2828.8000,2828.6000,2828.4000,2828.2000,2827.8000,2830.8000,2831.0000,2831.6000,2831.8000,2835.0000,1,2,1,1,1,2,2,2,3,3
SF,IH2007,2020-06-11 09:35:29.700,2830.6000,7946,0,278527980.000,1,0,1,多换,S,2829.0000,2828.8000,2828.4000,2828.2000,2827.8000,2831.0000,2831.6000,2831.8000,2835.0000,2835.4000,3,1,1,1,1,2,2,3,3,1
SF,IH2007,2020-06-11 09:35:30.200,2830.6000,7946,0,278527980.000,0,-,-,-,-,2829.0000,2828.8000,2828.4000,2828.2000,2827.8000,2831.0000,2831.6000,2831.8000,2835.0000,2835.4000,3,1,1,1,1,1,1,3,3,1
SF,IH2007,2020-06-11 09:35:30.700,2830.6000,7946,0,278527980.000,0,-,-,-,-,2829.2000,2829.0000,2828.2000,2827.8000,2827.4000,2831.0000,2831.6000,2831.8000,2835.0000,2835.4000,1,3,1,1,1,1,1,3,3,1
SF,IH2007,2020-06-11 09:35:31.200,2830.6000,7946,0,278527980.000,0,-,-,-,-,2829.4000,2829.2000,2829.0000,2828.2000,2827.8000,2831.0000,2831.6000,2831.8000,2835.0000,2835.4000,3,1,1,1,1,1,1,3,3,1
SF,IH2007,2020-06-11 09:35:31.700,2830.6000,7946,0,278527980.000,0,-,-,-,-,2829.6000,2829.4000,2828.2000,2827.8000,2827.4000,2831.0000,2831.6000,2831.8000,2835.0000,2835.4000,1,3,1,1,1,1,1,3,3,1
SF,IH2007,2020-06-11 09:35:32.200,2830.6000,7946,0,278527980.000,0,-,-,-,-,2829.8000,2829.6000,2829.4000,2828.2000,2827.8000,2831.0000,2831.6000,2831.8000,2835.0000,2835.4000,2,1,1,1,1,1,1,3,3,1
SF,IH2007,2020-06-11 09:35:34.200,2830.6000,7946,0,278527980.000,0,-,-,-,-,2829.8000,2829.6000,2829.4000,2828.2000,2827.8000,2830.8000,2831.0000,2831.6000,2831.8000,2835.0000,2,1,1,1,1,1,1,1,3,3
SF,IH2007,2020-06-11 09:35:34.700,2829.8000,7946,0,279376920.000,1,0,1,多换,S,2829.8000,2829.6000,2829.4000,2828.2000,2827.8000,2830.8000,2831.0000,2831.6000,2831.8000,2835.0000,1,1,1,1,1,1,1,1,3,3
SF,IH2007,2020-06-11 09:35:35.200,2829.8000,7946,0,279376920.000,0,-,-,-,-,2829.6000,2829.4000,2827.8000,2827.4000,2827.2000,2830.8000,2831.0000,2831.6000,2831.8000,2835.0000,1,1,1,1,1,1,1,1,3,3
SF,IH2007,2020-06-11 09:35:35.700,2829.8000,7946,0,279376920.000,0,-,-,-,-,2829.8000,2829.6000,2829.4000,2827.8000,2827.4000,2830.8000,2831.0000,2831.6000,2831.8000,2835.0000,2,1,1,1,1,1,1,1,3,3
SF,IH2007,2020-06-11 09:35:37.200,2829.8000,7946,0,279376920.000,0,-,-,-,-,2829.8000,2829.6000,2829.4000,2827.8000,2827.4000,2830.8000,2831.0000,2831.6000,2831.8000,2835.0000,2,1,1,1,1,1,2,1,3,3
SF,IH2007,2020-06-11 09:35:39.200,2829.8000,7946,0,280225860.000,1,0,1,多换,S,2829.8000,2829.6000,2829.4000,2827.8000,2827.4000,2831.0000,2831.6000,2831.8000,2835.0000,2835.4000,1,1,1,1,1,2,1,3,3,1
SF,IH2007,2020-06-11 09:35:41.700,2829.8000,7946,0,280225860.000,0,-,-,-,-,2830.0000,2829.8000,2829.4000,2827.8000,2827.4000,2830.6000,2831.0000,2831.6000,2831.8000,2835.0000,1,1,1,1,1,1,2,1,3,3
SF,IH2007,2020-06-11 09:35:42.200,2829.8000,7946,0,280225860.000,0,-,-,-,-,2829.8000,2827.8000,2827.4000,2827.2000,2826.4000,2830.6000,2831.0000,2831.6000,2831.8000,2835.0000,1,1,1,1,4,1,2,1,3,3
SF,IH2007,2020-06-11 09:35:42.700,2830.0000,7946,0,281074860.000,1,0,1,多换,S,2829.8000,2827.8000,2827.4000,2827.2000,2826.4000,2830.6000,2831.0000,2831.8000,2835.0000,2835.4000,1,1,1,1,4,1,2,3,3,1
SF,IH2007,2020-06-11 09:35:43.200,2830.6000,7946,0,281924040.000,1,0,1,多换,S,2830.0000,2829.8000,2827.8000,2827.4000,2827.2000,2831.0000,2831.8000,2835.0000,2835.4000,2837.0000,1,1,1,1,1,2,3,3,1,1
SF,IH2007,2020-06-11 09:35:43.700,2830.6000,7946,0,281924040.000,0,-,-,-,-,2830.2000,2827.8000,2827.4000,2827.2000,2826.4000,2831.0000,2831.8000,2835.0000,2835.4000,2837.0000,1,1,1,1,4,1,3,3,1,1
SF,IH2007,2020-06-11 09:35:44.200,2831.8000,7946,0,283622880.000,2,1,1,多换,S,2830.2000,2827.8000,2827.4000,2827.2000,2827.0000,2831.8000,2835.0000,2835.4000,2837.0000,2838.6000,1,1,1,1,1,2,3,1,1,5
SF,IH2007,2020-06-11 09:35:44.700,2831.8000,7946,0,283622880.000,0,-,-,-,-,2830.4000,2830.2000,2827.8000,2827.4000,2827.2000,2831.6000,2831.8000,2835.0000,2835.4000,2837.0000,1,1,1,1,1,1,2,3,1,1
SF,IH2007,2020-06-11 09:35:45.200,2831.6000,7947,1,284472360.000,1,1,0,双开,S,2830.6000,2827.8000,2827.4000,2827.2000,2827.0000,2831.8000,2835.0000,2835.4000,2837.0000,2838.6000,2,1,1,1,1,2,3,1,1,5
SF,IH2007,2020-06-11 09:35:46.200,2831.8000,7948,1,286171440.000,2,1,1,空开,S,2830.6000,2827.8000,2827.4000,2827.2000,2827.0000,2835.0000,2835.4000,2837.0000,2838.6000,2844.4000,2,1,1,1,1,3,1,1,5,1
SF,IH2007,2020-06-11 09:35:46.700,2830.8000,7948,0,287869920.000,2,1,1,多换,S,2830.6000,2827.8000,2827.4000,2827.2000,2827.0000,2832.8000,2833.2000,2833.4000,2834.8000,2835.0000,1,1,1,1,1,1,2,1,7,4
SF,IH2007,2020-06-11 09:35:47.200,2830.8000,7948,0,287869920.000,0,-,-,-,-,2830.8000,2830.6000,2827.8000,2827.4000,2827.2000,2833.6000,2834.8000,2835.0000,2835.4000,2837.0000,2,2,1,1,1,2,7,4,1,1
SF,IH2007,2020-06-11 09:35:47.700,2833.4000,7948,0,289569960.000,2,1,1,多换,S,2831.6000,2831.4000,2831.2000,2831.0000,2830.8000,2833.4000,2833.6000,2834.8000,2835.0000,2835.4000,1,1,3,2,7,1,2,3,3,1
SF,IH2007,2020-06-11 09:35:48.200,2833.4000,7949,1,290419980.000,1,1,0,双开,S,2831.8000,2831.0000,2830.8000,2827.8000,2827.4000,2833.2000,2833.6000,2834.8000,2835.0000,2835.4000,2,1,6,1,1,1,1,3,3,1
SF,IH2007,2020-06-11 09:35:48.700,2833.4000,7949,0,290419980.000,0,-,-,-,-,2831.8000,2831.4000,2831.0000,2830.8000,2827.8000,2833.2000,2833.6000,2834.8000,2835.0000,2835.4000,2,1,2,6,1,1,1,3,3,1
SF,IH2007,2020-06-11 09:35:49.200,2833.2000,7948,-1,291269940.000,1,0,1,双平,S,2833.2000,2832.0000,2831.8000,2831.4000,2831.0000,2833.6000,2834.8000,2835.0000,2835.4000,2837.0000,2,2,2,1,2,1,3,3,1,1
SF,IH2007,2020-06-11 09:35:49.700,2833.6000,7947,-1,293819940.000,3,1,2,多平,S,2832.0000,2831.8000,2831.4000,2831.0000,2830.8000,2834.8000,2835.0000,2835.4000,2837.0000,2838.6000,1,2,1,2,6,3,3,1,1,5
SF,IH2007,2020-06-11 09:35:50.200,2833.6000,7947,0,293819940.000,0,-,-,-,-,2832.2000,2831.4000,2831.0000,2830.8000,2827.8000,2834.2000,2834.6000,2834.8000,2835.0000,2835.4000,2,1,2,6,1,1,3,2,3,1
SF,IH2007,2020-06-11 09:35:50.700,2833.6000,7947,0,293819940.000,0,-,-,-,-,2832.2000,2831.0000,2830.8000,2827.8000,2827.4000,2834.0000,2834.2000,2834.6000,2834.8000,2835.0000,2,2,5,1,1,1,2,2,2,3
SF,IH2007,2020-06-11 09:35:51.200,2833.6000,7947,0,293819940.000,0,-,-,-,-,2832.2000,2831.0000,2830.8000,2827.8000,2827.4000,2833.8000,2834.0000,2834.2000,2834.6000,2834.8000,2,2,5,1,1,1,1,2,2,2
SF,IH2007,2020-06-11 09:35:51.700,2833.6000,7947,0,293819940.000,0,-,-,-,-,2832.4000,2832.2000,2831.0000,2830.8000,2830.0000,2834.8000,2835.0000,2835.4000,2837.0000,2838.6000,1,2,2,5,1,1,3,1,1,5
