市场代码,合约代码,时间,最新,持仓,增仓,成交额,成交量,开仓,平仓,成交类型,方向,买一价,买二价,买三价,买四价,买五价,卖一价,卖二价,卖三价,卖四价,卖五价,买一量,买二量,买三量,买四量,买五量,卖一量,卖二量,卖三量,卖四量,卖五量
SF,IH2006,2020-05-07 09:29:00.100,2810.6000,22878,0,21079500.000,25.000,-,-,-,-,2810.0000,2809.0000,2808.8000,2808.6000,2808.2000,2810.8000,2813.0000,2815.0000,2815.6000,2817.0000,1,4,6,3,1,1,1,3,1,1
SF,IH2006,2020-05-07 09:30:00.100,2810.6000,22878,0,21079500.000,0,-,-,-,-,2810.6000,2810.0000,2809.0000,2808.8000,2808.6000,2813.0000,2815.0000,2817.0000,2817.4000,2819.6000,1,1,4,7,3,1,3,1,1,1
SF,IH2006,2020-05-07 09:30:00.600,2811.0000,22875,-3,25296660.000,5,1,4,多平,S,2811.0000,2810.8000,2810.6000,2810.0000,2809.4000,2811.6000,2811.8000,2812.0000,2812.4000,2812.6000,2,4,1,1,1,3,2,1,3,5
SF,IH2006,2020-05-07 09:30:01.100,2811.4000,22875,0,26983380.000,2,1,1,多换,S,2811.0000,2810.8000,2810.6000,2810.0000,2809.4000,2811.4000,2812.2000,2812.4000,2812.6000,2812.8000,1,1,1,1,1,2,2,3,6,9
SF,IH2006,2020-05-07 09:30:01.600,2811.4000,22873,-2,28670220.000,2,0,2,双平,S,2811.0000,2810.8000,2810.6000,2810.0000,2809.4000,2811.2000,2811.4000,2811.6000,2811.8000,2812.4000,1,1,1,1,1,1,3,1,1,3
SF,IH2006,2020-05-07 09:30:02.100,2811.4000,22873,0,28670220.000,0,-,-,-,-,2811.0000,2810.8000,2810.6000,2810.0000,2809.4000,2811.4000,2812.4000,2812.6000,2812.8000,2813.0000,2,1,1,1,1,3,3,7,6,1
SF,IH2006,2020-05-07 09:30:02.600,2811.4000,22873,0,28670220.000,0,-,-,-,-,2811.0000,2810.8000,2810.6000,2810.0000,2809.4000,2811.4000,2812.4000,2812.6000,2812.8000,2813.0000,2,1,1,1,1,2,3,7,6,1
SF,IH2006,2020-05-07 09:30:03.100,2811.4000,22873,0,28670220.000,0,-,-,-,-,2811.0000,2810.8000,2810.6000,2810.0000,2809.4000,2811.4000,2812.4000,2812.6000,2812.8000,2813.0000,2,2,2,1,1,2,3,7,6,1
SF,IH2006,2020-05-07 09:30:03.600,2811.4000,22873,0,29513640.000,1,0,1,多换,S,2811.0000,2810.8000,2810.6000,2810.0000,2809.4000,2812.4000,2812.6000,2812.8000,2813.0000,2815.0000,2,2,2,1,1,3,7,6,1,2
SF,IH2006,2020-05-07 09:30:04.100,2811.4000,22873,0,30357060.000,1,0,1,多换,S,2811.0000,2810.8000,2810.6000,2810.0000,2809.4000,2812.0000,2812.2000,2812.4000,2812.6000,2812.8000,2,2,2,1,1,7,12,3,2,3
SF,IH2006,2020-05-07 09:30:04.600,2811.4000,22873,0,30357060.000,0,-,-,-,-,2811.2000,2811.0000,2810.8000,2810.6000,2810.0000,2811.8000,2812.0000,2812.2000,2812.4000,2812.6000,1,2,1,2,1,4,7,4,3,2
SF,IH2006,2020-05-07 09:30:05.100,2811.4000,22872,-1,31200480.000,1,0,1,双平,S,2811.0000,2810.8000,2810.6000,2810.0000,2809.4000,2811.4000,2811.6000,2811.8000,2812.0000,2812.2000,2,1,2,1,1,5,1,7,2,2
SF,IH2006,2020-05-07 09:30:05.600,2811.0000,22871,-1,32043780.000,1,0,1,双平,S,2811.0000,2810.8000,2810.6000,2810.0000,2809.4000,2811.2000,2811.4000,2811.8000,2812.0000,2812.2000,2,1,2,1,1,3,5,4,2,2
SF,IH2006,2020-05-07 09:30:06.100,2811.2000,22865,-6,37103640.000,6,0,6,双平,S,2810.6000,2810.0000,2809.4000,2809.0000,2808.8000,2811.0000,2811.2000,2811.4000,2811.8000,2812.0000,2,1,1,1,4,1,3,5,2,2
SF,IH2006,2020-05-07 09:30:06.600,2811.2000,22865,0,37103640.000,0,-,-,-,-,2810.6000,2810.0000,2809.4000,2809.0000,2808.8000,2810.8000,2811.0000,2811.4000,2811.8000,2812.0000,2,1,1,1,4,1,2,5,2,2
SF,IH2006,2020-05-07 09:30:07.100,2811.0000,22863,-2,38790180.000,2,0,2,双平,S,2810.6000,2810.0000,2809.4000,2809.0000,2808.8000,2811.4000,2811.8000,2812.0000,2812.2000,2812.4000,2,1,1,1,4,5,2,2,2,3
SF,IH2006,2020-05-07 09:30:07.600,2810.6000,22861,-2,40476540.000,2,0,2,双平,S,2810.4000,2810.0000,2809.4000,2809.0000,2808.8000,2811.2000,2811.4000,2811.6000,2811.8000,2812.0000,1,1,1,1,4,1,6,1,1,2
SF,IH2006,2020-05-07 09:30:08.100,2810.6000,22861,0,40476540.000,0,-,-,-,-,2810.4000,2810.0000,2809.4000,2809.0000,2808.8000,2810.8000,2811.2000,2811.4000,2811.6000,2812.0000,1,1,1,1,4,4,4,2,1,2
SF,IH2006,2020-05-07 09:30:08.600,2810.2000,22859,-2,43005720.000,3,0,3,多平,S,2809.4000,2809.0000,2808.8000,2808.2000,2808.0000,2810.4000,2810.6000,2810.8000,2811.4000,2811.6000,1,1,1,1,11,4,4,4,2,1
SF,IH2006,2020-05-07 09:30:09.100,2809.6000,22855,-4,46377780.000,4,0,4,双平,S,2809.4000,2809.0000,2808.8000,2808.2000,2808.0000,2810.2000,2810.4000,2810.6000,2811.4000,2811.6000,1,1,1,1,11,7,7,1,2,1
SF,IH2006,2020-05-07 09:30:09.600,2809.4000,22855,0,48063420.000,2,1,1,多换,S,2809.0000,2808.8000,2808.2000,2808.0000,2807.0000,2809.4000,2810.2000,2810.4000,2811.4000,2811.6000,1,1,1,11,1,1,9,7,2,1
SF,IH2006,2020-05-07 09:30:10.100,2809.4000,22853,-2,50591580.000,3,0,3,多平,S,2808.2000,2808.0000,2807.0000,2806.0000,2805.4000,2809.0000,2809.4000,2810.2000,2810.4000,2811.4000,1,12,1,1,10,1,1,8,7,2
SF,IH2006,2020-05-07 09:30:10.600,2808.0000,22851,-2,53118900.000,3,0,3,多平,S,2808.0000,2807.0000,2806.0000,2805.4000,2805.2000,2809.0000,2809.4000,2810.2000,2810.4000,2811.4000,11,1,1,10,1,2,1,8,7,2
SF,IH2006,2020-05-07 09:30:11.100,2808.0000,22851,0,53118900.000,0,-,-,-,-,2808.2000,2808.0000,2807.0000,2806.0000,2805.4000,2809.0000,2809.4000,2810.2000,2810.4000,2811.4000,2,11,1,1,10,3,1,8,7,2
SF,IH2006,2020-05-07 09:30:11.600,2808.2000,22850,-1,53961360.000,1,0,1,双平,S,2808.0000,2807.0000,2806.0000,2805.4000,2805.2000,2808.2000,2809.0000,2809.4000,2810.2000,2810.4000,11,1,1,10,1,1,3,1,8,7
SF,IH2006,2020-05-07 09:30:12.100,2808.2000,22849,-1,57331380.000,4,1,3,多平,S,2808.0000,2807.0000,2806.0000,2805.4000,2805.2000,2809.0000,2809.4000,2810.2000,2810.4000,2811.4000,10,1,1,10,1,1,1,8,7,2
SF,IH2006,2020-05-07 09:30:12.600,2808.2000,22849,0,57331380.000,0,-,-,-,-,2808.0000,2807.0000,2806.0000,2805.4000,2805.2000,2808.8000,2809.0000,2809.4000,2810.2000,2810.4000,10,1,1,10,1,2,2,1,7,7
SF,IH2006,2020-05-07 09:30:13.100,2808.2000,22849,0,57331380.000,0,-,-,-,-,2808.0000,2807.0000,2806.0000,2805.4000,2805.2000,2809.0000,2809.4000,2810.2000,2810.4000,2811.4000,11,1,1,10,1,1,1,7,7,1
SF,IH2006,2020-05-07 09:30:13.600,2808.2000,22849,0,57331380.000,0,-,-,-,-,2808.0000,2807.0000,2806.0000,2805.4000,2805.2000,2808.4000,2808.8000,2809.0000,2809.4000,2810.2000,11,1,1,10,1,1,1,1,1,7
SF,IH2006,2020-05-07 09:30:14.100,2808.0000,22849,0,59858580.000,3,1,2,多换,S,2808.0000,2807.0000,2806.0000,2805.4000,2805.2000,2808.6000,2808.8000,2809.0000,2809.4000,2810.2000,8,1,1,10,1,4,4,1,1,1
SF,IH2006,2020-05-07 09:30:14.600,2808.0000,22848,-1,62385780.000,3,1,2,多平,S,2808.0000,2807.0000,2806.0000,2805.4000,2805.2000,2808.4000,2808.6000,2808.8000,2809.0000,2809.4000,5,1,1,10,1,2,4,3,1,1
SF,IH2006,2020-05-07 09:30:15.100,2808.4000,22845,-3,64913220.000,3,0,3,双平,S,2808.0000,2807.0000,2806.0000,2805.4000,2805.2000,2808.4000,2808.6000,2808.8000,2809.0000,2809.4000,4,1,1,10,1,2,4,1,1,1
SF,IH2006,2020-05-07 09:30:15.600,2808.4000,22845,0,64913220.000,0,-,-,-,-,2808.0000,2807.0000,2806.0000,2805.4000,2805.2000,2808.2000,2808.4000,2808.6000,2808.8000,2809.4000,4,1,1,10,1,2,2,4,1,1
SF,IH2006,2020-05-07 09:30:16.100,2808.2000,22842,-3,69125280.000,5,1,4,多平,S,2807.6000,2807.0000,2806.0000,2805.4000,2805.2000,2808.0000,2808.2000,2808.4000,2808.8000,2809.4000,1,1,1,10,1,1,5,2,1,1
SF,IH2006,2020-05-07 09:30:16.600,2807.6000,22842,0,69967560.000,1,0,1,多换,S,2807.0000,2806.0000,2805.4000,2805.2000,2805.0000,2808.0000,2808.2000,2808.4000,2808.8000,2809.4000,1,1,10,1,2,1,5,2,1,1
SF,IH2006,2020-05-07 09:30:17.100,2808.0000,22841,-1,70809960.000,1,0,1,双平,S,2807.0000,2806.0000,2805.4000,2805.2000,2805.0000,2808.2000,2808.4000,2808.8000,2809.4000,2810.2000,1,1,10,1,2,5,2,1,1,1
SF,IH2006,2020-05-07 09:30:17.600,2808.0000,22841,0,70809960.000,0,-,-,-,-,2807.2000,2807.0000,2806.0000,2805.4000,2805.2000,2807.6000,2808.2000,2808.4000,2808.8000,2809.4000,2,1,1,10,1,1,5,2,1,1
SF,IH2006,2020-05-07 09:30:18.100,2807.6000,22841,0,71652240.000,1,0,1,多换,S,2807.0000,2806.0000,2805.4000,2805.2000,2805.0000,2808.2000,2808.4000,2808.8000,2809.4000,2810.2000,1,1,10,1,2,5,2,1,1,1
SF,IH2006,2020-05-07 09:30:19.100,2807.0000,22840,-1,72494340.000,1,0,1,双平,S,2806.0000,2805.4000,2805.2000,2805.0000,2802.6000,2806.8000,2808.0000,2808.2000,2808.8000,2809.4000,1,10,1,2,1,1,2,5,1,1
SF,IH2006,2020-05-07 09:30:19.600,2808.0000,22840,0,75021180.000,3,1,2,多换,S,2806.8000,2806.2000,2806.0000,2805.4000,2805.2000,2808.2000,2809.4000,2810.2000,2810.4000,2812.2000,1,3,1,10,1,6,1,1,6,1
SF,IH2006,2020-05-07 09:30:20.100,2808.0000,22840,0,75021180.000,0,-,-,-,-,2806.2000,2806.0000,2805.4000,2805.2000,2805.0000,2808.0000,2808.2000,2809.4000,2810.4000,2812.2000,1,1,10,1,2,4,6,1,6,1
SF,IH2006,2020-05-07 09:30:20.600,2808.0000,22839,-1,75863580.000,1,0,1,双平,S,2806.4000,2806.2000,2806.0000,2805.4000,2805.2000,2807.2000,2807.6000,2807.8000,2808.0000,2808.2000,2,1,1,10,1,1,3,2,5,2
SF,IH2006,2020-05-07 09:30:21.100,2807.2000,22838,-1,76705740.000,1,0,1,双平,S,2806.6000,2806.4000,2806.2000,2806.0000,2805.4000,2807.8000,2808.2000,2809.4000,2810.4000,2812.2000,1,1,1,1,10,1,2,1,6,1
SF,IH2006,2020-05-07 09:30:21.600,2807.2000,22838,0,77547900.000,1,0,1,多换,S,2806.0000,2805.4000,2805.2000,2805.0000,2802.6000,2807.0000,2807.4000,2807.6000,2808.2000,2809.4000,1,10,1,2,1,1,3,1,2,1
SF,IH2006,2020-05-07 09:30:22.100,2806.2000,22837,-1,79231620.000,2,0,2,多平,S,2806.0000,2805.4000,2805.2000,2805.0000,2802.6000,2807.0000,2807.4000,2807.6000,2808.2000,2809.4000,1,10,1,2,1,1,3,1,2,1
SF,IH2006,2020-05-07 09:30:22.600,2806.0000,22837,0,80073420.000,1,0,1,多换,S,2805.4000,2805.2000,2805.0000,2802.6000,2802.2000,2807.0000,2807.4000,2808.2000,2809.4000,2810.4000,10,1,2,1,2,1,3,2,1,6
SF,IH2006,2020-05-07 09:30:23.100,2805.6000,22833,-4,83440260.000,4,0,4,双平,S,2805.6000,2805.4000,2805.2000,2805.0000,2802.6000,2806.0000,2806.8000,2807.0000,2807.2000,2807.4000,5,10,1,2,1,1,5,1,1,3
SF,IH2006,2020-05-07 09:30:23.600,2807.0000,22830,-3,88491360.000,6,1,5,多平,S,2806.6000,2805.8000,2805.4000,2805.2000,2805.0000,2807.2000,2807.4000,2808.2000,2809.4000,2810.4000,1,3,10,1,2,1,3,2,1,6
SF,IH2006,2020-05-07 09:30:24.100,2807.0000,22830,0,88491360.000,0,-,-,-,-,2806.6000,2805.8000,2805.4000,2805.2000,2805.0000,2807.0000,2807.2000,2808.2000,2809.4000,2810.4000,1,3,10,1,2,3,1,2,1,6
SF,IH2006,2020-05-07 09:30:24.600,2807.0000,22828,-2,90175560.000,2,0,2,双平,S,2806.6000,2805.8000,2805.2000,2805.0000,2802.6000,2807.0000,2807.2000,2808.2000,2809.4000,2810.4000,1,3,1,2,1,1,1,2,1,6
SF,IH2006,2020-05-07 09:30:25.100,2806.6000,22827,-1,91859520.000,2,0,2,多平,S,2805.2000,2805.0000,2802.6000,2802.2000,2801.0000,2807.0000,2807.2000,2808.2000,2809.4000,2810.4000,1,2,1,2,1,1,1,2,1,6
SF,IH2006,2020-05-07 09:30:25.600,2806.6000,22827,0,91859520.000,0,-,-,-,-,2805.2000,2805.0000,2802.6000,2802.2000,2801.0000,2806.8000,2807.0000,2807.2000,2808.2000,2809.4000,1,2,1,2,1,6,1,1,2,1
SF,IH2006,2020-05-07 09:30:26.100,2806.8000,22826,-1,93543540.000,2,0,2,多平,S,2805.4000,2805.2000,2805.0000,2802.6000,2802.2000,2806.8000,2807.0000,2807.2000,2808.2000,2809.4000,5,1,2,1,2,4,1,1,2,1
SF,IH2006,2020-05-07 09:30:26.600,2805.6000,22826,0,94385220.000,1,0,1,多换,S,2805.4000,2805.2000,2805.0000,2802.6000,2802.2000,2806.8000,2807.0000,2807.2000,2808.2000,2809.4000,4,1,2,1,2,4,1,1,2,1
SF,IH2006,2020-05-07 09:30:27.100,2805.6000,22826,0,94385220.000,0,-,-,-,-,2805.4000,2805.2000,2805.0000,2802.6000,2802.2000,2806.6000,2806.8000,2807.0000,2807.2000,2808.2000,1,1,2,1,2,1,4,1,1,2
SF,IH2006,2020-05-07 09:30:27.600,2805.6000,22826,0,94385220.000,0,-,-,-,-,2806.0000,2805.4000,2805.2000,2805.0000,2802.6000,2806.4000,2806.6000,2806.8000,2807.2000,2808.2000,1,1,1,2,1,3,2,1,1,2
SF,IH2006,2020-05-07 09:30:28.100,2805.6000,22826,0,94385220.000,0,-,-,-,-,2806.2000,2806.0000,2805.2000,2805.0000,2802.6000,2806.4000,2806.6000,2807.2000,2808.2000,2809.4000,1,1,1,2,1,1,3,1,2,2
SF,IH2006,2020-05-07 09:30:28.600,2806.6000,22825,-1,96069120.000,2,0,2,多平,S,2806.6000,2806.4000,2806.2000,2806.0000,2805.2000,2807.2000,2808.2000,2809.4000,2810.4000,2812.2000,1,1,1,1,1,1,2,2,1,1
SF,IH2006,2020-05-07 09:30:29.100,2806.6000,22824,-1,96911100.000,1,0,1,双平,S,2806.8000,2806.4000,2806.0000,2805.2000,2805.0000,2807.0000,2807.2000,2808.2000,2809.4000,2810.4000,1,1,1,1,2,4,1,1,2,1
SF,IH2006,2020-05-07 09:30:29.600,2806.8000,22820,-4,100279200.000,4,0,4,双平,S,2806.4000,2806.0000,2805.2000,2805.0000,2802.6000,2807.0000,2807.2000,2808.2000,2809.4000,2810.4000,1,1,1,2,1,2,1,1,2,1
SF,IH2006,2020-05-07 09:30:30.100,2807.0000,22819,-1,101121300.000,1,0,1,双平,S,2806.6000,2806.4000,2806.0000,2805.2000,2805.0000,2806.8000,2807.2000,2808.2000,2809.4000,2810.4000,1,1,1,1,2,5,1,1,2,1
SF,IH2006,2020-05-07 09:30:30.600,2806.8000,22818,-1,101963340.000,1,0,1,双平,S,2806.6000,2806.4000,2806.0000,2805.6000,2805.2000,2806.8000,2807.2000,2808.2000,2809.4000,2810.4000,1,1,1,1,1,4,1,1,2,1
SF,IH2006,2020-05-07 09:30:31.100,2806.8000,22814,-4,106173540.000,5,0,5,多平,S,2806.8000,2806.6000,2806.4000,2806.0000,2805.6000,2807.2000,2807.4000,2808.2000,2809.4000,2810.4000,2,1,1,1,1,1,1,1,2,1
SF,IH2006,2020-05-07 09:30:31.600,2806.8000,22812,-2,107857620.000,2,0,2,双平,S,2806.6000,2806.4000,2806.0000,2805.6000,2805.2000,2807.2000,2807.4000,2808.2000,2809.4000,2810.4000,1,1,1,1,1,1,1,1,2,1
SF,IH2006,2020-05-07 09:30:32.100,2806.6000,22811,-1,108699600.000,1,0,1,双平,S,2806.8000,2806.4000,2805.6000,2805.2000,2805.0000,2807.4000,2808.2000,2809.4000,2810.4000,2812.2000,1,1,1,1,2,1,1,2,1,1
SF,IH2006,2020-05-07 09:30:33.100,2807.4000,22811,0,109541820.000,1,0,1,多换,S,2806.8000,2806.4000,2805.6000,2805.2000,2805.0000,2808.2000,2809.4000,2810.4000,2812.2000,2812.4000,1,1,1,1,2,1,2,1,1,3
SF,IH2006,2020-05-07 09:30:33.600,2807.4000,22811,0,109541820.000,0,-,-,-,-,2807.0000,2806.4000,2805.6000,2805.2000,2805.0000,2808.0000,2809.4000,2810.4000,2812.2000,2812.4000,2,1,1,1,2,1,2,1,1,3
SF,IH2006,2020-05-07 09:30:34.100,2807.4000,22811,0,109541820.000,0,-,-,-,-,2806.4000,2805.6000,2805.2000,2805.0000,2802.6000,2808.0000,2809.4000,2810.4000,2812.2000,2812.4000,1,1,1,2,1,1,2,1,1,3
SF,IH2006,2020-05-07 09:30:34.600,2807.4000,22811,0,109541820.000,0,-,-,-,-,2806.6000,2806.4000,2805.6000,2805.2000,2805.0000,2807.8000,2809.4000,2810.4000,2812.2000,2812.4000,8,1,1,1,2,2,2,1,1,3
SF,IH2006,2020-05-07 09:30:35.100,2807.4000,22811,0,109541820.000,0,-,-,-,-,2806.8000,2806.6000,2806.4000,2805.6000,2805.2000,2807.8000,2809.4000,2810.4000,2812.2000,2812.4000,1,13,1,1,1,2,2,1,1,3
SF,IH2006,2020-05-07 09:30:35.600,2807.4000,22811,0,109541820.000,0,-,-,-,-,2807.0000,2806.8000,2806.6000,2806.4000,2805.6000,2807.8000,2809.4000,2810.4000,2812.2000,2812.4000,4,1,7,1,1,2,2,1,1,3
SF,IH2006,2020-05-07 09:30:36.100,2807.8000,22809,-2,112910520.000,4,1,3,多平,S,2807.0000,2806.4000,2805.6000,2805.2000,2805.0000,2807.8000,2809.4000,2810.4000,2812.2000,2812.4000,2,1,1,1,2,1,2,1,1,3
SF,IH2006,2020-05-07 09:30:36.600,2807.8000,22809,0,112910520.000,0,-,-,-,-,2806.4000,2805.6000,2805.2000,2805.0000,2802.6000,2809.4000,2810.4000,2812.2000,2812.4000,2812.6000,1,1,1,2,1,2,1,1,3,8
SF,IH2006,2020-05-07 09:30:37.100,2807.8000,22809,0,112910520.000,0,-,-,-,-,2807.0000,2806.8000,2806.6000,2806.4000,2805.6000,2808.2000,2808.4000,2808.6000,2809.0000,2809.2000,1,1,4,1,1,1,1,2,2,8
SF,IH2006,2020-05-07 09:30:37.600,2807.8000,22809,0,112910520.000,0,-,-,-,-,2806.6000,2806.4000,2805.6000,2805.2000,2805.0000,2808.0000,2808.2000,2808.4000,2808.6000,2809.0000,4,1,1,1,2,4,1,1,1,1
SF,IH2006,2020-05-07 09:30:38.100,2807.8000,22809,0,112910520.000,0,-,-,-,-,2806.6000,2806.4000,2805.6000,2805.2000,2805.0000,2807.8000,2808.0000,2808.2000,2808.4000,2808.6000,1,1,1,1,2,2,4,1,1,1
SF,IH2006,2020-05-07 09:30:38.600,2807.8000,22809,0,112910520.000,0,-,-,-,-,2806.8000,2806.4000,2805.6000,2805.2000,2805.0000,2807.6000,2807.8000,2808.0000,2808.2000,2808.4000,1,1,1,1,2,4,2,2,1,1
SF,IH2006,2020-05-07 09:30:39.100,2807.8000,22808,-1,114595200.000,2,0,2,多平,S,2806.8000,2806.4000,2806.2000,2805.6000,2805.2000,2807.6000,2808.0000,2808.2000,2808.4000,2808.6000,1,1,1,1,1,2,2,1,1,1
SF,IH2006,2020-05-07 09:30:39.600,2807.8000,22808,0,114595200.000,0,-,-,-,-,2807.0000,2806.8000,2806.4000,2806.2000,2805.6000,2807.6000,2808.0000,2808.2000,2808.4000,2808.6000,1,1,1,1,1,2,2,1,1,1
SF,IH2006,2020-05-07 09:30:40.100,2807.8000,22808,0,114595200.000,0,-,-,-,-,2807.0000,2806.8000,2806.4000,2806.2000,2805.6000,2807.6000,2808.2000,2808.4000,2808.6000,2809.0000,1,1,1,1,1,2,1,1,1,1
SF,IH2006,2020-05-07 09:30:40.600,2805.0000,22810,2,120487260.000,7,4,3,空开,S,2802.6000,2802.2000,2801.0000,2800.0000,2799.4000,2804.8000,2808.2000,2808.4000,2808.6000,2809.0000,1,2,1,2,1,3,1,1,1,1
SF,IH2006,2020-05-07 09:30:41.100,2804.8000,22810,0,123011580.000,3,1,2,多换,S,2805.2000,2805.0000,2804.8000,2804.6000,2804.4000,2808.4000,2808.6000,2809.0000,2809.2000,2809.4000,1,1,5,3,1,1,1,1,1,4
SF,IH2006,2020-05-07 09:30:41.600,2804.8000,22810,0,123011580.000,0,-,-,-,-,2805.6000,2805.4000,2805.2000,2805.0000,2804.6000,2807.8000,2808.0000,2808.2000,2808.4000,2808.6000,6,12,1,1,3,1,1,3,1,1
SF,IH2006,2020-05-07 09:30:42.100,2807.6000,22809,-1,124695420.000,2,0,2,多平,S,2805.8000,2805.6000,2805.4000,2805.2000,2805.0000,2807.6000,2807.8000,2808.4000,2808.6000,2809.0000,10,6,1,1,1,2,1,1,1,1
SF,IH2006,2020-05-07 09:30:42.600,2806.0000,22812,3,128904420.000,5,4,1,空开,S,2806.0000,2805.8000,2805.2000,2805.0000,2804.6000,2807.6000,2808.4000,2808.6000,2809.0000,2809.2000,4,9,1,1,1,2,1,1,1,1
SF,IH2006,2020-05-07 09:30:43.100,2806.0000,22812,0,128904420.000,0,-,-,-,-,2806.2000,2806.0000,2805.8000,2805.2000,2805.0000,2807.4000,2807.6000,2808.4000,2808.6000,2809.0000,7,1,2,1,1,2,2,1,1,1
SF,IH2006,2020-05-07 09:30:43.600,2806.0000,22812,0,128904420.000,0,-,-,-,-,2806.6000,2806.2000,2805.8000,2805.4000,2805.2000,2807.0000,2807.4000,2807.6000,2808.4000,2808.6000,1,2,2,1,1,1,2,1,1,1
SF,IH2006,2020-05-07 09:30:44.100,2807.0000,22811,-1,130588500.000,2,0,2,多平,S,2805.8000,2805.2000,2805.0000,2804.6000,2803.8000,2806.6000,2807.6000,2808.4000,2808.6000,2809.0000,1,1,1,1,1,1,1,1,1,1
SF,IH2006,2020-05-07 09:30:44.600,2807.0000,22810,-1,131430600.000,1,0,1,双平,S,2805.2000,2805.0000,2804.6000,2803.8000,2803.6000,2806.6000,2807.0000,2807.2000,2807.4000,2807.6000,1,1,1,1,1,2,2,1,1,1
SF,IH2006,2020-05-07 09:30:45.100,2807.0000,22810,0,131430600.000,0,-,-,-,-,2805.0000,2803.8000,2803.6000,2803.2000,2802.8000,2806.4000,2806.6000,2807.0000,2807.2000,2807.4000,1,1,1,2,7,3,2,2,1,1
SF,IH2006,2020-05-07 09:30:45.600,2807.0000,22810,0,131430600.000,0,-,-,-,-,2805.0000,2803.8000,2803.6000,2803.2000,2802.8000,2806.4000,2806.6000,2807.0000,2807.2000,2807.4000,1,1,1,2,6,3,2,2,1,1
SF,IH2006,2020-05-07 09:30:46.100,2807.0000,22810,0,131430600.000,0,-,-,-,-,2805.0000,2803.8000,2803.6000,2802.8000,2802.6000,2806.2000,2806.4000,2806.6000,2807.0000,2807.2000,1,1,1,4,7,2,3,2,2,1
SF,IH2006,2020-05-07 09:30:46.600,2807.0000,22810,0,131430600.000,0,-,-,-,-,2803.8000,2802.8000,2802.6000,2802.2000,2801.0000,2806.0000,2806.2000,2806.6000,2807.0000,2807.2000,1,1,7,2,1,2,1,2,2,1
SF,IH2006,2020-05-07 09:30:47.100,2807.0000,22810,0,131430600.000,0,-,-,-,-,2804.2000,2804.0000,2803.8000,2802.8000,2802.6000,2805.8000,2806.0000,2806.6000,2806.8000,2807.0000,2,5,1,1,7,4,1,2,1,2
SF,IH2006,2020-05-07 09:30:47.600,2806.2000,22810,0,132272460.000,1,0,1,多换,S,2804.4000,2804.2000,2804.0000,2802.8000,2802.6000,2805.6000,2805.8000,2806.6000,2806.8000,2807.0000,6,2,1,1,7,1,3,2,1,2
SF,IH2006,2020-05-07 09:30:48.100,2804.8000,22810,0,133113900.000,1,0,1,多换,S,2804.8000,2804.4000,2804.0000,2802.8000,2802.6000,2805.6000,2805.8000,2806.6000,2806.8000,2807.0000,1,6,1,1,7,1,1,3,1,2
SF,IH2006,2020-05-07 09:30:48.600,2804.8000,22810,0,133113900.000,0,-,-,-,-,2805.6000,2805.0000,2804.8000,2804.4000,2804.0000,2806.6000,2806.8000,2807.0000,2807.2000,2807.4000,1,2,1,4,1,2,1,2,1,1
SF,IH2006,2020-05-07 09:30:49.100,2805.6000,22810,0,133955580.000,1,0,1,多换,S,2804.8000,2804.4000,2804.0000,2802.8000,2802.6000,2805.4000,2806.4000,2806.6000,2806.8000,2807.0000,1,4,1,1,7,1,3,2,1,2
SF,IH2006,2020-05-07 09:30:49.600,2805.6000,22809,-1,135638880.000,2,0,2,多平,S,2805.6000,2805.4000,2804.4000,2804.0000,2802.8000,2806.4000,2806.6000,2807.0000,2807.2000,2807.4000,1,1,4,1,1,1,2,2,1,1
SF,IH2006,2020-05-07 09:30:50.100,2805.4000,22807,-2,138163800.000,3,0,3,多平,S,2805.0000,2804.4000,2802.8000,2802.6000,2802.4000,2806.2000,2806.4000,2806.6000,2807.0000,2807.2000,1,4,1,7,1,2,1,2,2,1
SF,IH2006,2020-05-07 09:30:50.600,2805.4000,22807,0,138163800.000,0,-,-,-,-,2804.4000,2802.8000,2802.6000,2802.4000,2802.2000,2806.0000,2806.2000,2806.6000,2807.0000,2807.2000,4,1,7,1,2,2,1,2,2,1
SF,IH2006,2020-05-07 09:30:51.100,2805.4000,22807,0,138163800.000,0,-,-,-,-,2805.0000,2804.6000,2802.8000,2802.6000,2802.4000,2805.8000,2806.0000,2806.6000,2807.0000,2807.2000,2,2,1,7,1,3,1,2,2,1
SF,IH2006,2020-05-07 09:30:51.600,2805.4000,22807,0,138163800.000,0,-,-,-,-,2805.0000,2802.8000,2802.6000,2802.4000,2802.2000,2805.6000,2806.2000,2806.6000,2807.0000,2807.2000,1,1,7,1,2,1,1,2,2,1
SF,IH2006,2020-05-07 09:30:52.100,2805.4000,22807,0,138163800.000,0,-,-,-,-,2805.0000,2802.8000,2802.6000,2802.4000,2802.2000,2805.6000,2806.2000,2807.0000,2807.2000,2807.4000,1,1,7,1,2,1,1,2,1,1
SF,IH2006,2020-05-07 09:30:52.600,2805.4000,22807,0,138163800.000,0,-,-,-,-,2805.0000,2802.8000,2802.6000,2802.4000,2802.2000,2805.6000,2806.2000,2807.0000,2807.2000,2807.4000,1,1,7,1,2,2,1,2,1,1
SF,IH2006,2020-05-07 09:30:53.100,2805.0000,22807,0,139005300.000,1,0,1,多换,S,2802.8000,2802.6000,2802.4000,2802.2000,2801.0000,2805.0000,2805.6000,2806.2000,2807.0000,2807.2000,1,7,1,2,1,1,2,1,2,1
SF,IH2006,2020-05-07 09:30:53.600,2805.0000,22805,-2,142371480.000,4,1,3,多平,S,2803.2000,2803.0000,2802.8000,2802.6000,2802.4000,2805.0000,2805.6000,2806.2000,2807.0000,2807.2000,5,13,2,7,1,1,1,1,2,1
SF,IH2006,2020-05-07 09:30:54.100,2805.6000,22803,-2,144054660.000,2,0,2,双平,S,2805.6000,2805.0000,2804.0000,2803.4000,2803.2000,2806.2000,2807.0000,2807.2000,2807.4000,2807.8000,1,3,3,12,7,1,2,1,1,1
SF,IH2006,2020-05-07 09:30:54.600,2805.6000,22802,-1,144896340.000,1,0,1,双平,S,2806.0000,2805.0000,2804.0000,2803.4000,2803.2000,2806.2000,2807.0000,2807.2000,2807.4000,2807.8000,1,1,3,11,7,1,2,1,1,1
SF,IH2006,2020-05-07 09:30:55.100,2805.6000,22801,-1,145738020.000,1,0,1,双平,S,2805.0000,2804.0000,2803.4000,2803.2000,2803.0000,2806.2000,2807.0000,2807.2000,2807.4000,2807.8000,1,1,10,8,1,1,2,1,1,1
SF,IH2006,2020-05-07 09:30:55.600,2806.2000,22800,-1,146579880.000,1,0,1,双平,S,2805.0000,2804.0000,2803.4000,2803.2000,2803.0000,2807.0000,2807.2000,2807.4000,2807.8000,2808.4000,1,5,10,8,1,2,1,1,1,1
SF,IH2006,2020-05-07 09:30:56.100,2805.2000,22801,1,147421440.000,1,1,0,双开,S,2805.2000,2805.0000,2804.0000,2803.4000,2803.2000,2806.8000,2807.0000,2807.2000,2807.4000,2807.8000,8,1,5,4,8,4,2,1,1,1
SF,IH2006,2020-05-07 09:30:56.600,2805.2000,22801,0,147421440.000,0,-,-,-,-,2805.2000,2805.0000,2804.0000,2803.4000,2803.2000,2806.6000,2806.8000,2807.0000,2807.2000,2807.4000,7,1,2,4,8,3,3,2,1,1
SF,IH2006,2020-05-07 09:30:57.100,2805.2000,22801,0,147421440.000,0,-,-,-,-,2805.2000,2805.0000,2804.0000,2803.4000,2803.2000,2806.4000,2806.6000,2807.0000,2807.2000,2807.4000,3,1,2,4,8,3,2,2,1,1
SF,IH2006,2020-05-07 09:30:57.600,2805.2000,22801,0,147421440.000,0,-,-,-,-,2805.2000,2805.0000,2804.0000,2803.6000,2803.4000,2806.2000,2806.4000,2806.6000,2807.0000,2807.2000,1,1,2,1,4,3,2,2,2,1
SF,IH2006,2020-05-07 09:30:58.100,2805.2000,22801,0,147421440.000,0,-,-,-,-,2805.0000,2804.0000,2803.6000,2803.4000,2803.2000,2806.0000,2806.2000,2806.6000,2807.0000,2807.2000,1,2,1,3,8,3,2,2,2,1
SF,IH2006,2020-05-07 09:30:58.600,2805.2000,22801,0,147421440.000,0,-,-,-,-,2805.0000,2804.0000,2803.6000,2803.4000,2803.2000,2806.0000,2807.0000,2807.2000,2807.4000,2807.8000,1,1,1,3,8,3,2,1,1,1
SF,IH2006,2020-05-07 09:30:59.600,2806.0000,22801,0,148263240.000,1,0,1,多换,S,2805.0000,2804.0000,2803.6000,2803.4000,2803.2000,2806.0000,2807.0000,2807.2000,2807.4000,2807.8000,1,1,4,3,8,2,2,1,1,1
SF,IH2006,2020-05-07 09:31:00.100,2806.0000,22800,-1,149105040.000,1,0,1,双平,S,2805.2000,2805.0000,2804.0000,2803.6000,2803.4000,2806.0000,2807.0000,2807.2000,2807.4000,2807.8000,2,1,1,4,3,1,2,1,1,1
SF,IH2006,2020-05-07 09:31:00.600,2806.0000,22800,0,149105040.000,0,-,-,-,-,2805.4000,2805.2000,2805.0000,2804.0000,2803.6000,2806.0000,2806.2000,2807.0000,2807.2000,2807.4000,1,3,3,1,4,1,1,2,1,1
SF,IH2006,2020-05-07 09:31:01.100,2806.0000,22800,0,149105040.000,0,-,-,-,-,2805.4000,2805.2000,2805.0000,2804.2000,2804.0000,2806.0000,2806.2000,2807.0000,2807.2000,2807.4000,1,1,2,1,1,1,1,2,1,1
SF,IH2006,2020-05-07 09:31:01.600,2806.0000,22800,0,149105040.000,0,-,-,-,-,2805.2000,2805.0000,2804.0000,2803.6000,2803.4000,2806.0000,2806.2000,2807.0000,2807.2000,2807.4000,1,2,1,4,3,1,1,2,1,1
SF,IH2006,2020-05-07 09:31:02.100,2806.0000,22800,0,149105040.000,0,-,-,-,-,2805.2000,2805.0000,2804.0000,2803.6000,2803.4000,2806.0000,2806.2000,2807.0000,2807.2000,2807.4000,1,2,2,4,3,1,1,2,1,1
SF,IH2006,2020-05-07 09:31:02.600,2806.0000,22800,0,149105040.000,0,-,-,-,-,2805.2000,2805.0000,2804.0000,2803.6000,2803.4000,2806.0000,2806.2000,2807.0000,2807.2000,2807.4000,1,2,1,4,3,1,1,2,1,1
SF,IH2006,2020-05-07 09:31:03.100,2806.0000,22800,0,149946840.000,1,0,1,多换,S,2805.4000,2805.2000,2805.0000,2804.2000,2803.6000,2806.2000,2807.0000,2807.2000,2807.4000,2807.8000,1,1,3,1,4,1,2,1,1,1
SF,IH2006,2020-05-07 09:31:03.600,2806.2000,22799,-1,150788700.000,1,0,1,双平,S,2806.2000,2805.4000,2805.0000,2804.2000,2803.6000,2807.0000,2807.2000,2807.4000,2807.8000,2808.4000,3,1,3,1,4,2,1,1,1,1
SF,IH2006,2020-05-07 09:31:04.100,2806.2000,22797,-2,152472420.000,2,0,2,双平,S,2806.2000,2806.0000,2805.0000,2804.2000,2803.6000,2806.8000,2807.0000,2807.2000,2807.4000,2807.8000,1,1,3,1,4,9,3,1,1,1
SF,IH2006,2020-05-07 09:31:04.600,2806.8000,22796,-1,153314460.000,1,0,1,双平,S,2806.2000,2806.0000,2805.0000,2804.2000,2803.6000,2806.8000,2807.0000,2807.2000,2807.4000,2807.8000,1,1,3,1,4,8,3,1,1,1
SF,IH2006,2020-05-07 09:31:05.100,2806.8000,22796,0,153314460.000,0,-,-,-,-,2806.2000,2806.0000,2805.0000,2804.2000,2803.6000,2806.8000,2807.0000,2807.2000,2807.4000,2807.8000,2,1,3,1,4,3,3,1,1,1
SF,IH2006,2020-05-07 09:31:05.600,2806.8000,22794,-2,154998540.000,2,0,2,双平,S,2806.2000,2806.0000,2805.0000,2804.2000,2803.6000,2806.8000,2807.0000,2807.2000,2807.4000,2807.8000,2,1,3,1,4,1,3,1,1,1
SF,IH2006,2020-05-07 09:31:06.100,2806.8000,22793,-1,155840580.000,1,0,1,双平,S,2806.8000,2806.4000,2806.2000,2806.0000,2805.0000,2807.0000,2807.2000,2807.4000,2807.8000,2808.6000,2,1,2,1,4,2,1,1,1,1
SF,IH2006,2020-05-07 09:31:06.600,2806.8000,22791,-2,158366820.000,3,0,3,多平,S,2806.8000,2806.4000,2806.2000,2806.0000,2805.0000,2807.2000,2807.4000,2807.8000,2808.6000,2809.0000,1,1,2,1,4,1,1,1,1,1
SF,IH2006,2020-05-07 09:31:07.100,2806.8000,22791,0,158366820.000,0,-,-,-,-,2806.8000,2806.4000,2806.2000,2806.0000,2805.0000,2807.4000,2807.8000,2808.6000,2809.0000,2809.2000,3,1,2,1,4,1,1,1,1,1
SF,IH2006,2020-05-07 09:31:07.600,2806.8000,22791,0,158366820.000,0,-,-,-,-,2806.8000,2806.4000,2806.2000,2806.0000,2805.0000,2807.2000,2807.4000,2807.8000,2808.6000,2809.0000,3,1,2,1,4,1,1,1,1,1
SF,IH2006,2020-05-07 09:31:08.100,2806.8000,22790,-1,160892940.000,3,1,2,多平,S,2806.2000,2806.0000,2805.0000,2804.2000,2803.6000,2806.6000,2807.0000,2807.2000,2807.4000,2807.8000,2,1,4,1,4,2,1,1,1,1
SF,IH2006,2020-05-07 09:31:08.600,2806.6000,22789,-1,161734920.000,1,0,1,双平,S,2806.6000,2806.2000,2806.0000,2805.0000,2804.2000,2807.2000,2807.4000,2807.8000,2808.6000,2809.0000,4,2,1,4,1,1,1,1,1,1
SF,IH2006,2020-05-07 09:31:09.100,2806.6000,22788,-1,162576900.000,1,0,1,双平,S,2806.6000,2806.2000,2806.0000,2805.4000,2805.0000,2806.8000,2807.4000,2807.8000,2808.6000,2809.0000,3,2,2,1,4,1,1,1,1,1
SF,IH2006,2020-05-07 09:31:09.600,2806.6000,22786,-2,164260920.000,2,0,2,双平,S,2806.6000,2806.4000,2806.2000,2806.0000,2805.4000,2807.4000,2807.8000,2808.6000,2809.0000,2809.2000,2,2,2,3,1,1,1,1,1,1
SF,IH2006,2020-05-07 09:31:10.600,2806.6000,22786,0,164260920.000,0,-,-,-,-,2806.6000,2806.2000,2806.0000,2805.4000,2805.0000,2807.4000,2807.8000,2808.6000,2809.0000,2809.2000,2,2,3,1,4,1,1,1,1,1
SF,IH2006,2020-05-07 09:31:11.100,2807.4000,22785,-1,165103140.000,1,0,1,双平,S,2807.4000,2806.6000,2806.2000,2806.0000,2805.4000,2807.8000,2808.6000,2809.0000,2809.2000,2809.4000,2,2,2,3,1,1,1,1,1,3
SF,IH2006,2020-05-07 09:31:11.600,2807.4000,22784,-1,165945360.000,1,0,1,双平,S,2807.4000,2806.6000,2806.2000,2806.0000,2805.4000,2807.8000,2808.6000,2809.0000,2809.2000,2809.4000,1,2,2,3,1,1,1,1,1,3
SF,IH2006,2020-05-07 09:31:12.100,2807.4000,22783,-1,166787580.000,1,0,1,双平,S,2806.6000,2806.2000,2806.0000,2805.4000,2805.0000,2807.4000,2807.6000,2807.8000,2808.0000,2808.6000,2,2,3,1,4,1,1,2,1,1
SF,IH2006,2020-05-07 09:31:12.600,2807.4000,22783,0,166787580.000,0,-,-,-,-,2806.8000,2806.6000,2806.2000,2806.0000,2805.8000,2807.4000,2807.6000,2807.8000,2808.6000,2809.0000,1,2,2,3,3,1,1,1,1,1
SF,IH2006,2020-05-07 09:31:13.100,2807.4000,22783,0,166787580.000,0,-,-,-,-,2807.0000,2806.8000,2806.6000,2806.2000,2806.0000,2807.4000,2807.6000,2807.8000,2808.6000,2809.0000,1,1,2,2,3,1,1,1,1,1
SF,IH2006,2020-05-07 09:31:13.600,2807.4000,22783,0,166787580.000,0,-,-,-,-,2807.0000,2806.8000,2806.6000,2806.2000,2806.0000,2807.4000,2807.8000,2808.6000,2809.0000,2809.2000,1,1,2,2,3,1,1,1,1,1
SF,IH2006,2020-05-07 09:31:14.100,2807.4000,22783,0,166787580.000,0,-,-,-,-,2807.0000,2806.8000,2806.6000,2806.2000,2806.0000,2807.4000,2807.8000,2808.6000,2809.0000,2809.2000,1,2,2,2,3,1,1,1,1,1
SF,IH2006,2020-05-07 09:31:14.600,2807.4000,22783,0,167629800.000,1,0,1,多换,S,2807.0000,2806.8000,2806.6000,2806.2000,2806.0000,2807.8000,2808.6000,2809.0000,2809.2000,2809.4000,1,2,2,2,3,1,1,1,1,3
SF,IH2006,2020-05-07 09:31:15.100,2807.4000,22782,-1,169314120.000,2,0,2,多平,S,2806.8000,2806.6000,2806.2000,2806.0000,2805.4000,2807.4000,2807.6000,2807.8000,2808.0000,2808.6000,2,2,2,3,1,3,1,3,1,1
SF,IH2006,2020-05-07 09:31:15.600,2807.4000,22782,0,169314120.000,0,-,-,-,-,2806.8000,2806.6000,2806.2000,2806.0000,2805.4000,2807.2000,2807.4000,2807.6000,2807.8000,2808.0000,1,2,2,3,1,2,4,1,2,1
SF,IH2006,2020-05-07 09:31:16.100,2806.8000,22781,-1,170156160.000,1,0,1,双平,S,2806.6000,2806.2000,2806.0000,2805.4000,2805.0000,2806.8000,2807.2000,2807.4000,2807.6000,2807.8000,2,2,3,1,2,2,5,3,1,2
SF,IH2006,2020-05-07 09:31:16.600,2806.6000,22781,0,171840300.000,2,1,1,多换,S,2806.6000,2806.2000,2806.0000,2805.4000,2805.0000,2807.2000,2807.4000,2807.6000,2807.8000,2808.0000,1,2,3,1,2,2,4,1,2,1
SF,IH2006,2020-05-07 09:31:17.100,2806.6000,22781,0,171840300.000,0,-,-,-,-,2806.6000,2806.2000,2806.0000,2805.4000,2805.0000,2806.8000,2807.2000,2807.4000,2807.6000,2807.8000,1,2,3,1,1,1,1,1,1,3
SF,IH2006,2020-05-07 09:31:17.600,2806.6000,22780,-1,172682280.000,1,0,1,双平,S,2806.2000,2806.0000,2805.4000,2805.0000,2804.2000,2806.8000,2807.2000,2807.4000,2807.6000,2807.8000,2,3,1,1,1,1,1,1,1,3
SF,IH2006,2020-05-07 09:31:18.100,2806.6000,22779,-1,173524260.000,1,0,1,双平,S,2806.2000,2806.0000,2805.4000,2805.0000,2804.2000,2806.8000,2807.2000,2807.4000,2807.6000,2807.8000,2,3,1,1,1,1,1,1,1,3
SF,IH2006,2020-05-07 09:31:18.600,2806.6000,22779,0,173524260.000,0,-,-,-,-,2806.2000,2806.0000,2805.4000,2805.0000,2804.2000,2806.8000,2807.2000,2807.4000,2807.6000,2807.8000,2,3,1,1,1,1,1,1,2,3
SF,IH2006,2020-05-07 09:31:19.100,2806.8000,22779,0,174366300.000,1,0,1,多换,S,2806.2000,2806.0000,2805.4000,2805.0000,2804.2000,2807.2000,2807.4000,2807.6000,2807.8000,2808.0000,2,3,1,1,1,1,1,2,3,1
SF,IH2006,2020-05-07 09:31:19.600,2806.8000,22778,-1,175208340.000,1,0,1,双平,S,2806.2000,2806.0000,2805.4000,2805.0000,2804.2000,2807.0000,2807.2000,2807.4000,2807.6000,2807.8000,2,3,1,1,1,1,2,1,2,3
SF,IH2006,2020-05-07 09:31:20.100,2806.8000,22778,0,175208340.000,0,-,-,-,-,2806.2000,2806.0000,2805.4000,2805.0000,2804.2000,2807.0000,2807.2000,2807.4000,2807.6000,2807.8000,2,3,1,1,1,5,3,1,1,2
SF,IH2006,2020-05-07 09:31:20.600,2806.2000,22776,-2,176892060.000,2,0,2,双平,S,2806.0000,2805.4000,2805.0000,2804.2000,2803.6000,2806.8000,2807.0000,2807.2000,2807.4000,2807.6000,3,1,1,1,1,1,5,3,1,1
SF,IH2006,2020-05-07 09:31:21.100,2806.2000,22776,0,176892060.000,0,-,-,-,-,2806.2000,2806.0000,2805.4000,2805.0000,2804.2000,2806.8000,2807.0000,2807.2000,2807.4000,2807.6000,1,3,1,1,1,1,5,3,1,1
SF,IH2006,2020-05-07 09:31:21.600,2806.2000,22776,0,177733920.000,1,0,1,多换,S,2806.0000,2805.4000,2805.0000,2804.6000,2804.2000,2806.2000,2806.8000,2807.0000,2807.2000,2807.4000,3,1,3,1,1,1,1,5,3,1
SF,IH2006,2020-05-07 09:31:22.100,2806.2000,22775,-1,178575780.000,1,0,1,双平,S,2806.0000,2805.4000,2805.0000,2804.6000,2803.6000,2807.0000,2807.2000,2807.4000,2807.6000,2807.8000,3,1,3,1,1,5,3,1,1,2
SF,IH2006,2020-05-07 09:31:22.600,2806.2000,22775,0,178575780.000,0,-,-,-,-,2806.0000,2805.4000,2805.0000,2804.6000,2803.6000,2807.0000,2807.2000,2807.4000,2807.6000,2807.8000,3,1,4,1,1,5,3,1,1,2
SF,IH2006,2020-05-07 09:31:23.100,2806.2000,22775,0,178575780.000,0,-,-,-,-,2806.0000,2805.4000,2805.0000,2804.6000,2804.0000,2806.8000,2807.0000,2807.2000,2807.4000,2807.6000,3,1,5,1,1,3,5,3,1,1
SF,IH2006,2020-05-07 09:31:24.600,2806.2000,22775,0,178575780.000,0,-,-,-,-,2806.0000,2805.4000,2805.0000,2804.6000,2804.0000,2806.8000,2807.0000,2807.2000,2807.4000,2807.6000,3,2,5,1,1,3,5,3,1,1
SF,IH2006,2020-05-07 09:31:25.100,2806.0000,22775,0,180259380.000,2,1,1,多换,S,2805.4000,2805.0000,2804.6000,2804.0000,2803.6000,2806.0000,2806.8000,2807.0000,2807.2000,2807.4000,2,5,1,1,1,1,3,5,3,1
SF,IH2006,2020-05-07 09:31:25.600,2806.0000,22775,0,180259380.000,0,-,-,-,-,2805.4000,2805.0000,2804.6000,2804.0000,2803.6000,2806.0000,2806.8000,2807.0000,2807.2000,2807.4000,2,5,1,1,1,1,3,5,3,1
SF,IH2006,2020-05-07 09:31:26.100,2806.0000,22775,0,181101180.000,1,0,1,多换,S,2805.4000,2805.0000,2804.6000,2804.0000,2803.6000,2806.8000,2807.0000,2807.2000,2807.4000,2807.6000,2,5,1,1,1,3,5,3,1,1
SF,IH2006,2020-05-07 09:31:26.600,2805.4000,22774,-1,181942800.000,1,0,1,双平,S,2805.4000,2805.0000,2804.6000,2804.0000,2803.6000,2806.4000,2806.6000,2806.8000,2807.2000,2807.4000,1,5,1,1,1,3,8,3,2,1
SF,IH2006,2020-05-07 09:31:27.100,2805.4000,22774,0,181942800.000,0,-,-,-,-,2805.4000,2805.0000,2804.6000,2804.0000,2803.6000,2806.2000,2806.4000,2806.6000,2806.8000,2807.2000,1,5,1,1,1,1,3,3,3,2
SF,IH2006,2020-05-07 09:31:27.600,2805.4000,22774,0,181942800.000,0,-,-,-,-,2805.4000,2805.0000,2804.6000,2804.0000,2803.6000,2806.2000,2806.4000,2806.6000,2806.8000,2807.2000,1,5,1,1,1,2,3,3,3,2
SF,IH2006,2020-05-07 09:31:28.100,2805.4000,22774,0,181942800.000,0,-,-,-,-,2805.4000,2805.2000,2805.0000,2804.6000,2804.0000,2806.2000,2806.4000,2806.6000,2806.8000,2807.2000,1,1,5,1,1,2,3,3,3,2
SF,IH2006,2020-05-07 09:31:28.600,2805.4000,22774,0,181942800.000,0,-,-,-,-,2805.4000,2805.2000,2805.0000,2804.6000,2804.0000,2806.2000,2806.4000,2806.6000,2806.8000,2807.2000,1,1,5,1,1,2,3,3,3,2
SF,IH2006,2020-05-07 09:31:29.100,2805.4000,22774,0,182784420.000,1,0,1,多换,S,2805.2000,2805.0000,2804.6000,2804.0000,2803.6000,2806.2000,2806.4000,2806.6000,2806.8000,2807.2000,1,5,1,1,1,2,3,3,3,2
SF,IH2006,2020-05-07 09:31:29.600,2805.4000,22774,0,182784420.000,0,-,-,-,-,2805.2000,2805.0000,2804.6000,2804.0000,2803.6000,2806.2000,2806.4000,2806.6000,2806.8000,2807.2000,1,5,1,1,1,2,3,3,3,2
SF,IH2006,2020-05-07 09:31:30.100,2805.4000,22774,0,182784420.000,0,-,-,-,-,2805.2000,2805.0000,2804.6000,2804.0000,2803.6000,2806.2000,2806.4000,2806.6000,2806.8000,2807.2000,1,6,1,1,1,2,3,3,3,2
SF,IH2006,2020-05-07 09:31:30.600,2805.4000,22774,0,182784420.000,0,-,-,-,-,2805.2000,2805.0000,2804.6000,2804.0000,2803.6000,2806.2000,2806.4000,2806.6000,2806.8000,2807.2000,1,6,1,1,1,2,3,3,3,2
SF,IH2006,2020-05-07 09:31:31.100,2805.4000,22774,0,182784420.000,0,-,-,-,-,2805.2000,2805.0000,2804.6000,2804.0000,2803.6000,2806.0000,2806.2000,2806.4000,2806.6000,2806.8000,1,6,1,1,1,1,2,3,2,3
SF,IH2006,2020-05-07 09:31:31.600,2805.4000,22774,0,182784420.000,0,-,-,-,-,2805.2000,2805.0000,2804.6000,2804.0000,2803.6000,2806.2000,2806.4000,2806.6000,2806.8000,2807.2000,1,6,1,1,1,2,3,2,3,2
SF,IH2006,2020-05-07 09:31:32.600,2805.2000,22773,-1,183625980.000,1,0,1,双平,S,2805.0000,2804.6000,2804.0000,2803.6000,2803.4000,2806.2000,2806.4000,2806.6000,2806.8000,2807.2000,6,1,1,1,1,2,3,2,3,2
SF,IH2006,2020-05-07 09:31:33.100,2805.2000,22773,0,183625980.000,0,-,-,-,-,2805.2000,2805.0000,2804.6000,2804.0000,2803.6000,2806.2000,2806.4000,2806.6000,2806.8000,2807.2000,1,6,1,1,1,2,3,2,3,2
SF,IH2006,2020-05-07 09:31:33.600,2806.2000,22773,0,184467840.000,1,0,1,多换,S,2805.2000,2805.0000,2804.6000,2804.0000,2803.6000,2806.2000,2806.4000,2806.6000,2807.2000,2807.4000,1,6,1,1,1,2,3,2,2,1
SF,IH2006,2020-05-07 09:31:34.100,2805.4000,22772,-1,185309460.000,1,0,1,双平,S,2805.2000,2805.0000,2804.6000,2804.0000,2803.6000,2806.2000,2806.4000,2806.6000,2807.2000,2807.4000,1,6,1,1,1,1,3,1,2,1
SF,IH2006,2020-05-07 09:31:34.600,2805.4000,22772,0,185309460.000,0,-,-,-,-,2805.4000,2805.2000,2805.0000,2804.6000,2804.2000,2806.4000,2806.6000,2807.2000,2807.4000,2807.6000,1,1,7,1,3,3,1,2,1,1
SF,IH2006,2020-05-07 09:31:35.100,2805.4000,22771,-1,186151080.000,1,0,1,双平,S,2805.2000,2805.0000,2804.6000,2804.0000,2803.6000,2806.2000,2806.4000,2806.6000,2807.2000,2807.4000,1,7,1,1,1,1,3,1,2,1
SF,IH2006,2020-05-07 09:31:35.600,2805.4000,22771,0,186151080.000,0,-,-,-,-,2805.2000,2805.0000,2804.6000,2804.0000,2803.6000,2806.0000,2806.4000,2806.6000,2807.2000,2807.4000,1,8,1,5,1,1,3,1,2,1
SF,IH2006,2020-05-07 09:31:36.100,2805.4000,22771,0,186151080.000,0,-,-,-,-,2805.2000,2805.0000,2804.6000,2804.0000,2803.6000,2806.6000,2807.2000,2807.4000,2807.6000,2807.8000,1,8,1,5,1,1,2,1,1,2
SF,IH2006,2020-05-07 09:31:36.600,2805.4000,22771,0,186151080.000,0,-,-,-,-,2805.4000,2805.2000,2805.0000,2804.6000,2804.0000,2806.4000,2806.6000,2807.2000,2807.4000,2807.6000,6,1,8,1,5,3,1,2,1,1
SF,IH2006,2020-05-07 09:31:37.100,2805.4000,22771,0,186151080.000,0,-,-,-,-,2805.2000,2805.0000,2804.6000,2804.0000,2803.6000,2806.4000,2806.6000,2807.2000,2807.4000,2807.6000,2,8,1,4,1,4,1,2,1,1
SF,IH2006,2020-05-07 09:31:37.600,2805.4000,22771,0,186151080.000,0,-,-,-,-,2805.2000,2805.0000,2804.6000,2804.0000,2803.6000,2806.4000,2806.6000,2807.2000,2807.4000,2807.6000,2,8,1,4,1,3,1,2,1,1
SF,IH2006,2020-05-07 09:31:38.100,2805.4000,22771,0,186151080.000,0,-,-,-,-,2805.2000,2805.0000,2804.6000,2804.0000,2803.6000,2806.2000,2806.4000,2806.6000,2807.2000,2807.4000,2,8,1,4,1,2,4,1,2,1
SF,IH2006,2020-05-07 09:31:38.600,2805.2000,22770,-1,186992640.000,1,0,1,双平,S,2805.2000,2805.0000,2804.6000,2804.0000,2803.6000,2806.2000,2806.4000,2807.2000,2807.4000,2807.6000,1,8,1,4,1,6,4,2,1,1
SF,IH2006,2020-05-07 09:31:39.100,2805.2000,22770,0,186992640.000,0,-,-,-,-,2805.2000,2805.0000,2804.6000,2804.0000,2803.6000,2805.8000,2806.0000,2806.2000,2806.4000,2807.2000,1,8,1,4,1,1,3,5,4,2
SF,IH2006,2020-05-07 09:31:39.600,2805.2000,22770,0,186992640.000,0,-,-,-,-,2805.2000,2805.0000,2804.6000,2804.0000,2803.6000,2806.0000,2806.2000,2806.4000,2807.2000,2807.4000,1,8,1,4,1,2,4,3,2,1
SF,IH2006,2020-05-07 09:31:40.100,2805.2000,22770,0,186992640.000,0,-,-,-,-,2805.2000,2805.0000,2804.6000,2804.0000,2803.6000,2806.0000,2806.2000,2806.4000,2807.2000,2807.4000,1,8,1,4,1,2,4,3,2,1
SF,IH2006,2020-05-07 09:31:40.600,2805.8000,22770,0,187834380.000,1,0,1,多换,S,2805.2000,2805.0000,2804.6000,2804.0000,2803.6000,2806.0000,2806.2000,2806.4000,2807.2000,2807.4000,1,8,1,1,1,2,4,3,2,1
SF,IH2006,2020-05-07 09:31:41.100,2805.8000,22770,0,187834380.000,0,-,-,-,-,2805.2000,2805.0000,2804.6000,2804.0000,2803.6000,2805.8000,2806.0000,2806.2000,2806.4000,2807.2000,1,8,1,1,1,1,2,4,2,2
SF,IH2006,2020-05-07 09:31:41.600,2805.2000,22769,-1,188675940.000,1,0,1,双平,S,2805.0000,2804.6000,2804.0000,2803.6000,2803.4000,2805.8000,2806.0000,2806.2000,2806.4000,2807.2000,8,1,1,1,1,1,2,4,2,2
SF,IH2006,2020-05-07 09:31:42.100,2805.0000,22769,0,189517440.000,1,0,1,多换,S,2805.0000,2804.6000,2804.0000,2803.6000,2803.4000,2805.8000,2806.0000,2806.2000,2806.4000,2807.2000,7,1,1,1,1,2,2,4,1,2
SF,IH2006,2020-05-07 09:31:42.600,2805.0000,22769,0,189517440.000,0,-,-,-,-,2805.0000,2804.6000,2804.0000,2803.6000,2803.4000,2805.4000,2805.8000,2806.0000,2806.2000,2806.4000,7,1,1,1,1,1,2,3,4,1
SF,IH2006,2020-05-07 09:31:43.100,2805.0000,22769,0,189517440.000,0,-,-,-,-,2805.0000,2804.6000,2804.0000,2803.6000,2803.4000,2805.8000,2806.0000,2806.2000,2806.4000,2807.2000,7,1,1,1,1,1,3,5,1,2
SF,IH2006,2020-05-07 09:31:43.600,2805.0000,22769,0,189517440.000,0,-,-,-,-,2805.0000,2804.6000,2804.0000,2803.6000,2803.4000,2805.6000,2805.8000,2806.0000,2806.2000,2806.4000,7,1,1,1,1,1,1,3,5,1
SF,IH2006,2020-05-07 09:31:44.100,2805.0000,22769,0,189517440.000,0,-,-,-,-,2805.0000,2804.6000,2804.0000,2803.6000,2803.4000,2805.4000,2805.6000,2805.8000,2806.0000,2806.2000,7,1,1,1,1,1,1,1,3,5
SF,IH2006,2020-05-07 09:31:44.600,2805.0000,22764,-5,194566440.000,6,0,6,多平,S,2805.0000,2804.6000,2804.0000,2803.6000,2803.4000,2805.2000,2805.4000,2805.6000,2805.8000,2806.0000,1,1,1,1,1,1,1,1,1,3
SF,IH2006,2020-05-07 09:31:45.600,2805.0000,22763,-1,195407940.000,1,0,1,双平,S,2804.6000,2804.0000,2803.6000,2803.4000,2803.2000,2805.2000,2805.6000,2805.8000,2806.0000,2806.2000,1,1,1,1,4,1,1,1,3,5
SF,IH2006,2020-05-07 09:31:46.100,2805.0000,22763,0,195407940.000,0,-,-,-,-,2804.6000,2804.2000,2804.0000,2803.6000,2803.4000,2805.2000,2805.6000,2805.8000,2806.0000,2806.2000,1,1,1,2,1,1,1,1,3,5
SF,IH2006,2020-05-07 09:31:46.600,2805.0000,22763,0,195407940.000,0,-,-,-,-,2804.2000,2804.0000,2803.6000,2803.4000,2803.2000,2805.0000,2805.2000,2805.6000,2805.8000,2806.0000,1,1,2,1,4,1,1,1,1,3
SF,IH2006,2020-05-07 09:31:47.100,2805.0000,22763,0,195407940.000,0,-,-,-,-,2804.2000,2804.0000,2803.6000,2803.4000,2803.2000,2805.0000,2805.2000,2805.6000,2805.8000,2806.0000,1,1,2,1,4,2,1,1,1,2
SF,IH2006,2020-05-07 09:31:47.600,2805.0000,22763,0,195407940.000,0,-,-,-,-,2804.2000,2804.0000,2803.6000,2803.4000,2803.2000,2805.0000,2805.2000,2805.6000,2805.8000,2806.0000,1,1,2,1,3,1,1,1,1,2
SF,IH2006,2020-05-07 09:31:48.600,2805.0000,22763,0,195407940.000,0,-,-,-,-,2804.2000,2804.0000,2803.6000,2803.2000,2803.0000,2805.0000,2805.2000,2805.6000,2805.8000,2806.0000,1,1,2,3,1,1,1,1,1,2
SF,IH2006,2020-05-07 09:31:49.100,2804.2000,22762,-1,196249200.000,1,0,1,双平,S,2804.0000,2803.6000,2803.2000,2803.0000,2802.8000,2804.6000,2805.0000,2805.2000,2805.6000,2805.8000,1,2,3,1,2,2,2,1,1,1
SF,IH2006,2020-05-07 09:31:49.600,2804.6000,22762,0,197090580.000,1,0,1,多换,S,2804.0000,2803.6000,2803.2000,2803.0000,2802.8000,2804.2000,2804.6000,2805.0000,2805.2000,2805.6000,1,2,3,1,2,1,1,2,1,1
SF,IH2006,2020-05-07 09:31:50.100,2804.6000,22762,0,197931960.000,1,0,1,多换,S,2804.2000,2804.0000,2803.6000,2803.2000,2803.0000,2805.0000,2805.2000,2805.6000,2805.8000,2806.0000,3,1,2,3,1,1,1,1,1,2
SF,IH2006,2020-05-07 09:31:50.600,2804.6000,22762,0,197931960.000,0,-,-,-,-,2804.2000,2804.0000,2803.6000,2803.2000,2803.0000,2805.0000,2805.2000,2805.6000,2805.8000,2806.0000,3,1,2,3,1,1,1,1,1,2
SF,IH2006,2020-05-07 09:31:52.100,2804.2000,22762,0,198773220.000,1,0,1,多换,S,2804.2000,2804.0000,2803.6000,2803.2000,2803.0000,2805.0000,2805.2000,2805.6000,2805.8000,2806.0000,2,1,2,3,1,1,1,1,1,2
SF,IH2006,2020-05-07 09:31:53.100,2804.2000,22761,-1,199614480.000,1,0,1,双平,S,2804.6000,2804.2000,2804.0000,2803.6000,2803.2000,2805.0000,2805.2000,2805.6000,2805.8000,2806.0000,1,1,1,2,3,1,1,1,1,2
SF,IH2006,2020-05-07 09:31:53.600,2804.6000,22760,-1,200455860.000,1,0,1,双平,S,2804.2000,2804.0000,2803.6000,2803.2000,2803.0000,2804.6000,2805.0000,2805.2000,2805.6000,2805.8000,1,1,2,3,1,1,1,1,1,1
SF,IH2006,2020-05-07 09:31:54.100,2804.6000,22760,0,200455860.000,0,-,-,-,-,2804.2000,2804.0000,2803.6000,2803.2000,2803.0000,2804.6000,2805.0000,2805.2000,2805.6000,2805.8000,1,1,2,3,1,1,1,1,1,1
SF,IH2006,2020-05-07 09:31:54.600,2804.6000,22759,-1,201297240.000,1,0,1,双平,S,2804.2000,2804.0000,2803.6000,2803.2000,2803.0000,2805.0000,2805.2000,2805.6000,2805.8000,2806.0000,1,1,2,3,1,1,1,1,1,2
SF,IH2006,2020-05-07 09:31:55.100,2804.6000,22759,0,201297240.000,0,-,-,-,-,2804.2000,2804.0000,2803.6000,2803.2000,2803.0000,2805.0000,2805.2000,2805.6000,2805.8000,2806.0000,1,1,2,3,1,1,1,1,1,2
SF,IH2006,2020-05-07 09:31:55.600,2804.6000,22759,0,201297240.000,0,-,-,-,-,2804.2000,2804.0000,2803.6000,2803.2000,2803.0000,2805.0000,2805.2000,2805.6000,2805.8000,2806.0000,1,1,2,3,1,1,1,1,1,2
SF,IH2006,2020-05-07 09:31:56.100,2804.6000,22759,0,201297240.000,0,-,-,-,-,2804.2000,2804.0000,2803.6000,2803.2000,2803.0000,2805.0000,2805.2000,2805.6000,2805.8000,2806.0000,1,1,2,3,1,1,1,1,1,2
SF,IH2006,2020-05-07 09:31:56.600,2804.2000,22759,0,202138500.000,1,0,1,多换,S,2804.0000,2803.6000,2803.2000,2803.0000,2802.8000,2805.0000,2805.2000,2805.6000,2805.8000,2806.0000,1,2,3,1,2,1,1,1,1,2
SF,IH2006,2020-05-07 09:31:57.600,2804.2000,22759,0,202138500.000,0,-,-,-,-,2804.0000,2803.6000,2803.2000,2803.0000,2802.8000,2805.0000,2805.2000,2805.6000,2805.8000,2806.0000,1,2,3,1,2,1,1,1,1,2
SF,IH2006,2020-05-07 09:31:58.600,2804.2000,22759,0,202138500.000,0,-,-,-,-,2804.8000,2804.0000,2803.6000,2803.2000,2803.0000,2805.0000,2805.2000,2805.6000,2805.8000,2806.0000,1,1,2,3,1,1,1,1,1,2
SF,IH2006,2020-05-07 09:31:59.100,2804.8000,22758,-1,202979940.000,1,0,1,双平,S,2804.0000,2803.6000,2803.2000,2803.0000,2802.8000,2804.8000,2805.0000,2805.2000,2805.6000,2805.8000,1,2,3,1,2,4,1,1,1,1
SF,IH2006,2020-05-07 09:31:59.600,2804.8000,22758,0,202979940.000,0,-,-,-,-,2804.0000,2803.6000,2803.2000,2803.0000,2802.8000,2804.8000,2805.0000,2805.2000,2805.4000,2805.6000,1,2,3,1,2,4,1,1,1,1
SF,IH2006,2020-05-07 09:32:00.100,2804.8000,22758,0,202979940.000,0,-,-,-,-,2804.0000,2803.6000,2803.2000,2803.0000,2802.8000,2804.8000,2805.0000,2805.2000,2805.4000,2805.6000,1,2,3,1,2,4,1,1,1,1
SF,IH2006,2020-05-07 09:32:00.600,2804.8000,22758,0,203821380.000,1,0,1,多换,S,2804.2000,2804.0000,2803.6000,2803.2000,2803.0000,2804.8000,2805.0000,2805.2000,2805.4000,2805.6000,2,1,2,3,1,2,1,1,1,1
SF,IH2006,2020-05-07 09:32:01.100,2804.8000,22758,0,203821380.000,0,-,-,-,-,2804.2000,2804.0000,2803.6000,2803.2000,2803.0000,2804.8000,2805.0000,2805.2000,2805.4000,2805.6000,2,1,2,3,1,1,2,1,1,1
SF,IH2006,2020-05-07 09:32:01.600,2804.6000,22758,0,205504020.000,2,1,1,多换,S,2804.2000,2804.0000,2803.6000,2803.2000,2803.0000,2804.8000,2805.0000,2805.2000,2805.4000,2805.8000,1,1,2,2,1,1,2,1,1,1
SF,IH2006,2020-05-07 09:32:02.100,2804.0000,22758,0,207186480.000,2,1,1,多换,S,2803.6000,2803.2000,2803.0000,2802.8000,2802.6000,2804.8000,2805.0000,2805.2000,2805.4000,2805.8000,2,2,1,2,1,1,1,1,1,1
SF,IH2006,2020-05-07 09:32:02.600,2804.0000,22758,0,207186480.000,0,-,-,-,-,2803.8000,2803.6000,2803.2000,2803.0000,2802.8000,2804.8000,2805.0000,2805.2000,2805.4000,2805.8000,2,2,2,1,2,1,2,1,1,1
SF,IH2006,2020-05-07 09:32:04.100,2804.0000,22758,0,207186480.000,0,-,-,-,-,2803.8000,2803.6000,2803.2000,2803.0000,2802.8000,2804.8000,2805.0000,2805.2000,2805.4000,2805.8000,2,2,2,1,2,1,2,1,1,1
SF,IH2006,2020-05-07 09:32:04.600,2804.0000,22758,0,207186480.000,0,-,-,-,-,2803.8000,2803.6000,2803.4000,2803.2000,2803.0000,2804.8000,2805.0000,2805.2000,2805.4000,2805.8000,2,2,1,2,1,1,2,1,1,1
SF,IH2006,2020-05-07 09:32:05.600,2804.8000,22758,0,208027920.000,1,0,1,多换,S,2803.8000,2803.6000,2803.4000,2803.2000,2803.0000,2805.0000,2805.2000,2805.4000,2805.8000,2806.0000,2,2,1,2,1,2,1,1,1,2
SF,IH2006,2020-05-07 09:32:06.100,2803.8000,22757,-1,208869060.000,1,0,1,双平,S,2803.6000,2803.4000,2803.2000,2803.0000,2802.8000,2804.6000,2804.8000,2805.0000,2805.2000,2805.4000,2,1,2,1,2,1,1,2,1,1
SF,IH2006,2020-05-07 09:32:06.600,2803.8000,22757,0,208869060.000,0,-,-,-,-,2803.8000,2803.6000,2803.4000,2803.2000,2803.0000,2804.6000,2804.8000,2805.0000,2805.2000,2805.4000,1,2,1,2,1,1,2,2,1,1
SF,IH2006,2020-05-07 09:32:07.100,2803.8000,22757,0,208869060.000,0,-,-,-,-,2803.8000,2803.6000,2803.4000,2803.2000,2803.0000,2804.6000,2804.8000,2805.0000,2805.2000,2805.4000,1,2,1,2,1,1,1,2,1,1
SF,IH2006,2020-05-07 09:32:07.600,2803.8000,22757,0,208869060.000,0,-,-,-,-,2803.8000,2803.6000,2803.4000,2803.2000,2803.0000,2804.8000,2805.0000,2805.2000,2805.4000,2805.8000,1,2,1,2,1,1,1,1,1,1
SF,IH2006,2020-05-07 09:32:08.100,2803.8000,22757,0,209710200.000,1,0,1,多换,S,2804.6000,2803.8000,2803.6000,2803.4000,2803.2000,2804.8000,2805.0000,2805.2000,2805.4000,2805.8000,10,1,2,1,2,1,2,1,1,1
SF,IH2006,2020-05-07 09:32:08.600,2804.6000,22757,0,213917100.000,5,2,3,多换,S,2804.6000,2803.8000,2803.6000,2803.4000,2803.2000,2804.8000,2805.0000,2805.2000,2805.4000,2805.8000,5,1,2,1,2,1,2,1,1,1
SF,IH2006,2020-05-07 09:32:09.100,2804.6000,22757,0,214758480.000,1,0,1,多换,S,2804.6000,2803.8000,2803.6000,2803.4000,2803.2000,2805.0000,2805.2000,2805.4000,2805.8000,2806.0000,4,1,2,1,2,1,1,1,1,2
SF,IH2006,2020-05-07 09:32:09.600,2804.8000,22757,0,215599920.000,1,0,1,多换,S,2804.6000,2803.8000,2803.6000,2803.4000,2803.2000,2804.8000,2805.0000,2805.2000,2805.4000,2805.8000,4,1,2,1,2,2,2,1,1,1
SF,IH2006,2020-05-07 09:32:10.100,2804.8000,22756,-1,217282740.000,2,0,2,多平,S,2804.6000,2803.8000,2803.6000,2803.4000,2803.2000,2804.8000,2805.0000,2805.2000,2805.4000,2805.8000,3,1,2,1,3,1,2,1,1,1
SF,IH2006,2020-05-07 09:32:10.600,2804.8000,22755,-1,218124180.000,1,0,1,双平,S,2804.6000,2803.8000,2803.6000,2803.4000,2803.2000,2805.0000,2805.2000,2805.4000,2805.8000,2806.0000,3,1,2,1,3,2,1,1,1,2
SF,IH2006,2020-05-07 09:32:11.100,2804.8000,22755,0,218124180.000,0,-,-,-,-,2804.6000,2803.8000,2803.6000,2803.4000,2803.2000,2805.0000,2805.2000,2805.4000,2805.8000,2806.0000,3,1,2,1,3,2,1,1,2,2
SF,IH2006,2020-05-07 09:32:11.600,2804.6000,22755,0,218965560.000,1,0,1,多换,S,2804.6000,2803.8000,2803.6000,2803.4000,2803.2000,2805.0000,2805.2000,2805.4000,2805.8000,2806.0000,2,1,2,1,3,2,1,1,2,2
SF,IH2006,2020-05-07 09:32:12.100,2804.6000,22755,0,219806940.000,1,0,1,多换,S,2804.6000,2803.8000,2803.6000,2803.4000,2803.2000,2805.0000,2805.2000,2805.4000,2805.8000,2806.0000,1,1,2,1,3,2,1,1,2,2
SF,IH2006,2020-05-07 09:32:12.600,2804.6000,22755,0,220648320.000,1,0,1,多换,S,2803.8000,2803.6000,2803.4000,2803.2000,2803.0000,2805.0000,2805.2000,2805.4000,2805.8000,2806.0000,1,2,1,3,1,2,1,1,2,2
SF,IH2006,2020-05-07 09:32:13.100,2804.6000,22755,0,220648320.000,0,-,-,-,-,2804.0000,2803.8000,2803.6000,2803.4000,2803.2000,2805.0000,2805.2000,2805.4000,2805.8000,2806.0000,1,1,2,1,3,2,1,1,2,2
SF,IH2006,2020-05-07 09:32:14.100,2804.6000,22755,0,220648320.000,0,-,-,-,-,2804.2000,2804.0000,2803.8000,2803.6000,2803.4000,2805.0000,2805.2000,2805.4000,2805.8000,2806.0000,1,1,1,2,1,2,1,1,2,2
SF,IH2006,2020-05-07 09:32:14.600,2804.6000,22755,0,220648320.000,0,-,-,-,-,2804.4000,2804.2000,2804.0000,2803.8000,2803.6000,2805.0000,2805.2000,2805.4000,2805.8000,2806.0000,1,1,1,1,2,2,1,1,2,2
SF,IH2006,2020-05-07 09:32:15.100,2804.6000,22755,0,220648320.000,0,-,-,-,-,2804.4000,2804.2000,2803.8000,2803.6000,2803.4000,2805.0000,2805.2000,2805.4000,2805.8000,2806.0000,1,1,1,2,1,2,1,1,2,2
SF,IH2006,2020-05-07 09:32:15.600,2804.4000,22754,-1,221489640.000,1,0,1,双平,S,2804.2000,2803.8000,2803.6000,2803.4000,2803.2000,2804.8000,2805.0000,2805.2000,2805.4000,2805.8000,1,1,2,1,3,1,4,1,1,1
SF,IH2006,2020-05-07 09:32:16.100,2804.4000,22754,0,221489640.000,0,-,-,-,-,2804.2000,2803.8000,2803.6000,2803.4000,2803.2000,2805.0000,2805.2000,2805.4000,2805.8000,2806.0000,1,1,2,1,3,4,1,1,1,2
SF,IH2006,2020-05-07 09:32:16.600,2804.4000,22754,0,221489640.000,0,-,-,-,-,2804.2000,2803.8000,2803.6000,2803.4000,2803.2000,2804.8000,2805.0000,2805.2000,2805.4000,2805.8000,1,1,2,1,3,1,4,1,1,1
SF,IH2006,2020-05-07 09:32:17.100,2804.8000,22753,-1,222331080.000,1,0,1,双平,S,2804.2000,2803.8000,2803.6000,2803.4000,2803.2000,2805.0000,2805.2000,2805.4000,2805.8000,2806.0000,1,1,2,1,3,4,1,1,1,2
SF,IH2006,2020-05-07 09:32:17.600,2804.8000,22753,0,222331080.000,0,-,-,-,-,2804.2000,2803.8000,2803.6000,2803.4000,2803.2000,2805.0000,2805.2000,2805.4000,2805.8000,2806.0000,2,1,2,1,3,3,1,1,1,2
SF,IH2006,2020-05-07 09:32:18.100,2804.2000,22753,0,223172340.000,1,0,1,多换,S,2804.2000,2804.0000,2803.8000,2803.6000,2803.4000,2805.0000,2805.2000,2805.4000,2805.8000,2806.0000,1,1,1,2,1,4,1,1,1,2
SF,IH2006,2020-05-07 09:32:18.600,2805.0000,22752,-1,224013840.000,1,0,1,双平,S,2804.2000,2804.0000,2803.8000,2803.6000,2803.4000,2805.0000,2805.2000,2805.4000,2805.8000,2806.0000,1,1,1,2,1,2,1,1,1,2
SF,IH2006,2020-05-07 09:32:19.100,2804.4000,22750,-2,226538160.000,3,0,3,多平,S,2804.2000,2804.0000,2803.8000,2803.6000,2803.4000,2805.2000,2805.4000,2805.8000,2806.0000,2806.2000,1,1,1,2,1,1,1,1,2,6
SF,IH2006,2020-05-07 09:32:19.600,2804.4000,22750,0,226538160.000,0,-,-,-,-,2804.4000,2804.2000,2804.0000,2803.6000,2803.4000,2805.2000,2805.4000,2805.8000,2806.0000,2806.2000,3,1,1,2,1,1,1,1,2,6
SF,IH2006,2020-05-07 09:32:20.100,2804.4000,22750,0,226538160.000,0,-,-,-,-,2805.0000,2804.4000,2804.2000,2804.0000,2803.6000,2805.2000,2805.4000,2805.8000,2806.0000,2806.2000,20,3,1,1,2,1,1,1,2,6
SF,IH2006,2020-05-07 09:32:20.600,2805.2000,22748,-2,228221280.000,2,0,2,双平,S,2805.2000,2805.0000,2804.4000,2804.2000,2804.0000,2805.4000,2805.8000,2806.0000,2806.2000,2806.4000,1,20,2,1,1,1,1,2,6,1
SF,IH2006,2020-05-07 09:32:21.100,2805.4000,22747,-1,229062900.000,1,0,1,双平,S,2805.2000,2805.0000,2804.4000,2804.2000,2804.0000,2805.8000,2806.0000,2806.2000,2806.4000,2806.8000,2,20,2,1,1,1,2,6,1,1
SF,IH2006,2020-05-07 09:32:21.600,2805.4000,22747,0,229062900.000,0,-,-,-,-,2805.2000,2805.0000,2804.4000,2804.2000,2804.0000,2805.6000,2805.8000,2806.0000,2806.2000,2806.4000,1,20,2,1,1,6,1,2,6,1
SF,IH2006,2020-05-07 09:32:22.100,2805.0000,22748,1,231587460.000,3,2,1,空开,S,2805.0000,2804.4000,2804.2000,2804.0000,2803.6000,2805.6000,2805.8000,2806.0000,2806.2000,2806.4000,18,1,1,1,2,10,1,2,2,1
SF,IH2006,2020-05-07 09:32:22.600,2805.0000,22748,0,240002460.000,10,5,5,多换,S,2805.0000,2804.4000,2804.2000,2804.0000,2803.6000,2805.4000,2805.6000,2805.8000,2806.0000,2806.2000,8,1,1,1,2,1,10,1,2,2
SF,IH2006,2020-05-07 09:32:23.100,2805.0000,22748,0,247575960.000,9,4,5,多换,S,2804.2000,2804.0000,2803.6000,2803.4000,2803.2000,2805.2000,2805.4000,2805.6000,2805.8000,2806.0000,1,1,2,1,3,6,1,6,1,2
SF,IH2006,2020-05-07 09:32:23.600,2805.2000,22746,-2,249259080.000,2,0,2,双平,S,2804.2000,2804.0000,2803.6000,2803.4000,2803.2000,2805.0000,2805.2000,2805.4000,2805.6000,2805.8000,1,1,2,1,3,1,3,1,5,1
SF,IH2006,2020-05-07 09:32:24.100,2805.0000,22746,0,250100580.000,1,0,1,多换,S,2805.0000,2804.4000,2804.2000,2804.0000,2803.6000,2805.2000,2805.4000,2805.6000,2805.8000,2806.0000,1,3,1,1,2,3,1,5,1,2
SF,IH2006,2020-05-07 09:32:24.600,2805.0000,22746,0,250100580.000,0,-,-,-,-,2804.4000,2804.2000,2804.0000,2803.6000,2803.4000,2805.2000,2805.4000,2805.6000,2805.8000,2806.0000,1,1,1,2,1,3,1,5,1,2
SF,IH2006,2020-05-07 09:32:25.600,2805.0000,22746,0,250100580.000,0,-,-,-,-,2805.0000,2804.4000,2804.2000,2804.0000,2803.6000,2805.4000,2805.6000,2805.8000,2806.0000,2806.2000,1,1,1,1,2,1,5,1,2,2
SF,IH2006,2020-05-07 09:32:26.100,2805.0000,22746,0,250100580.000,0,-,-,-,-,2805.0000,2804.6000,2804.4000,2804.2000,2804.0000,2805.4000,2805.6000,2805.8000,2806.0000,2806.2000,1,2,1,1,1,1,5,1,2,2
SF,IH2006,2020-05-07 09:32:26.600,2805.0000,22746,0,250100580.000,0,-,-,-,-,2805.0000,2804.6000,2804.4000,2804.2000,2804.0000,2805.4000,2805.6000,2805.8000,2806.0000,2806.2000,1,2,1,1,1,2,5,1,2,2
SF,IH2006,2020-05-07 09:32:27.100,2805.4000,22745,-1,251783700.000,2,0,2,多平,S,2804.4000,2804.2000,2804.0000,2803.6000,2803.4000,2805.4000,2805.6000,2805.8000,2806.0000,2806.2000,1,1,1,2,1,1,5,1,2,2
SF,IH2006,2020-05-07 09:32:27.600,2804.4000,22744,-1,252625020.000,1,0,1,双平,S,2804.2000,2804.0000,2803.6000,2803.4000,2803.2000,2805.4000,2805.6000,2805.8000,2806.0000,2806.2000,1,1,2,1,3,1,5,1,2,2
SF,IH2006,2020-05-07 09:32:28.100,2804.2000,22744,0,253466280.000,1,0,1,多换,S,2804.0000,2803.6000,2803.4000,2803.2000,2803.0000,2805.2000,2805.4000,2805.6000,2805.8000,2806.0000,1,2,1,3,1,11,1,5,1,1
SF,IH2006,2020-05-07 09:32:28.600,2804.2000,22744,0,253466280.000,0,-,-,-,-,2804.0000,2803.6000,2803.4000,2803.2000,2803.0000,2805.2000,2805.4000,2805.6000,2805.8000,2806.0000,1,2,1,3,1,7,1,5,1,1
SF,IH2006,2020-05-07 09:32:29.100,2804.2000,22744,0,253466280.000,0,-,-,-,-,2804.0000,2803.6000,2803.4000,2803.2000,2803.0000,2804.8000,2805.0000,2805.2000,2805.6000,2805.8000,1,2,1,3,1,4,4,7,1,1
SF,IH2006,2020-05-07 09:32:29.600,2804.2000,22744,0,253466280.000,0,-,-,-,-,2804.0000,2803.6000,2803.4000,2803.2000,2803.0000,2804.8000,2805.2000,2805.6000,2805.8000,2806.0000,1,2,1,3,1,1,7,1,1,1
SF,IH2006,2020-05-07 09:32:30.100,2804.8000,22743,-1,254307720.000,1,0,1,双平,S,2804.0000,2803.6000,2803.4000,2803.2000,2803.0000,2805.2000,2805.6000,2805.8000,2806.0000,2806.2000,1,2,1,3,1,7,1,1,1,2
SF,IH2006,2020-05-07 09:32:30.600,2804.8000,22743,0,254307720.000,0,-,-,-,-,2804.2000,2804.0000,2803.6000,2803.4000,2803.2000,2805.0000,2805.2000,2805.6000,2805.8000,2806.0000,1,1,2,1,3,1,6,1,1,1
SF,IH2006,2020-05-07 09:32:31.100,2804.8000,22743,0,254307720.000,0,-,-,-,-,2804.2000,2804.0000,2803.6000,2803.4000,2803.2000,2804.8000,2805.0000,2805.2000,2805.6000,2805.8000,1,1,2,1,3,2,6,7,1,1
SF,IH2006,2020-05-07 09:32:31.600,2805.0000,22742,-1,255149220.000,1,0,1,双平,S,2804.2000,2804.0000,2803.6000,2803.4000,2803.2000,2805.2000,2805.6000,2805.8000,2806.0000,2806.2000,1,1,2,1,3,7,1,1,1,2
SF,IH2006,2020-05-07 09:32:32.100,2805.0000,22742,0,255149220.000,0,-,-,-,-,2804.2000,2804.0000,2803.6000,2803.4000,2803.2000,2804.8000,2805.0000,2805.2000,2805.6000,2805.8000,1,1,2,1,3,5,2,7,1,1
SF,IH2006,2020-05-07 09:32:32.600,2804.2000,22741,-1,255990480.000,1,0,1,双平,S,2804.0000,2803.6000,2803.4000,2803.2000,2803.0000,2804.8000,2805.0000,2805.2000,2805.6000,2805.8000,1,2,1,3,1,1,1,6,1,1
SF,IH2006,2020-05-07 09:32:33.100,2804.2000,22741,0,255990480.000,0,-,-,-,-,2804.4000,2804.0000,2803.6000,2803.4000,2803.2000,2804.8000,2805.0000,2805.2000,2805.6000,2805.8000,1,1,2,1,3,2,1,6,1,1
SF,IH2006,2020-05-07 09:32:33.600,2804.4000,22740,-1,256831800.000,1,0,1,双平,S,2804.0000,2803.6000,2803.4000,2803.2000,2803.0000,2804.8000,2805.0000,2805.2000,2805.6000,2805.8000,1,2,1,3,1,2,1,6,1,1
SF,IH2006,2020-05-07 09:32:34.100,2804.4000,22740,0,256831800.000,0,-,-,-,-,2804.0000,2803.6000,2803.4000,2803.2000,2803.0000,2804.8000,2805.0000,2805.2000,2805.6000,2805.8000,1,2,1,3,1,2,1,6,1,1
SF,IH2006,2020-05-07 09:32:34.600,2804.4000,22740,0,256831800.000,0,-,-,-,-,2804.2000,2804.0000,2803.6000,2803.4000,2803.2000,2804.8000,2805.0000,2805.2000,2805.6000,2805.8000,1,1,2,1,3,2,1,6,1,1
SF,IH2006,2020-05-07 09:32:35.100,2804.0000,22739,-1,258514260.000,2,0,2,多平,S,2803.6000,2803.4000,2803.2000,2803.0000,2802.8000,2804.0000,2804.8000,2805.0000,2805.2000,2805.6000,2,1,3,1,2,1,2,1,6,1
SF,IH2006,2020-05-07 09:32:35.600,2804.0000,22738,-1,259355460.000,1,0,1,双平,S,2804.2000,2804.0000,2803.8000,2803.6000,2803.4000,2804.8000,2805.2000,2805.6000,2805.8000,2806.0000,1,3,1,2,1,2,6,1,1,1
SF,IH2006,2020-05-07 09:32:36.100,2804.0000,22738,0,259355460.000,0,-,-,-,-,2804.2000,2803.8000,2803.6000,2803.4000,2803.2000,2804.8000,2805.2000,2805.6000,2805.8000,2806.0000,1,1,2,1,3,1,6,1,1,1
SF,IH2006,2020-05-07 09:32:36.600,2804.0000,22738,0,259355460.000,0,-,-,-,-,2804.2000,2803.6000,2803.4000,2803.2000,2803.0000,2804.8000,2805.2000,2805.6000,2805.8000,2806.0000,1,2,1,3,1,1,6,1,1,1
SF,IH2006,2020-05-07 09:32:37.100,2804.0000,22737,-1,260196660.000,1,0,1,双平,S,2803.6000,2803.4000,2803.2000,2803.0000,2802.8000,2804.2000,2804.8000,2805.2000,2805.6000,2805.8000,2,1,3,1,2,1,1,6,1,1
SF,IH2006,2020-05-07 09:32:37.600,2804.2000,22736,-1,261037920.000,1,0,1,双平,S,2803.6000,2803.4000,2803.2000,2803.0000,2802.8000,2804.8000,2805.2000,2805.6000,2805.8000,2806.0000,2,1,3,1,2,1,6,1,1,1
SF,IH2006,2020-05-07 09:32:38.100,2804.8000,22736,0,261879360.000,1,0,1,多换,S,2804.8000,2803.8000,2803.6000,2803.4000,2803.2000,2805.2000,2805.6000,2805.8000,2806.0000,2806.2000,1,4,2,1,3,6,1,1,1,2
SF,IH2006,2020-05-07 09:32:38.600,2804.8000,22736,0,262720800.000,1,0,1,多换,S,2803.8000,2803.6000,2803.4000,2803.2000,2803.0000,2804.8000,2805.2000,2805.6000,2805.8000,2806.0000,2,2,1,3,1,5,6,1,1,1
SF,IH2006,2020-05-07 09:32:39.100,2804.8000,22736,0,262720800.000,0,-,-,-,-,2803.8000,2803.6000,2803.4000,2803.2000,2803.0000,2804.8000,2805.2000,2805.6000,2805.8000,2806.0000,1,2,1,3,1,2,6,1,1,1
SF,IH2006,2020-05-07 09:32:39.600,2804.8000,22736,0,262720800.000,0,-,-,-,-,2803.6000,2803.4000,2803.2000,2803.0000,2802.8000,2804.6000,2804.8000,2805.2000,2805.6000,2805.8000,2,1,3,1,2,2,2,5,1,1
SF,IH2006,2020-05-07 09:32:40.100,2804.8000,22736,0,262720800.000,0,-,-,-,-,2803.6000,2803.4000,2803.2000,2803.0000,2802.8000,2804.6000,2804.8000,2805.0000,2805.2000,2805.6000,2,1,3,1,2,4,2,1,5,1
SF,IH2006,2020-05-07 09:32:40.600,2804.8000,22736,0,262720800.000,0,-,-,-,-,2803.8000,2803.6000,2803.4000,2803.2000,2803.0000,2804.4000,2804.6000,2804.8000,2805.2000,2805.6000,1,2,1,3,1,1,2,2,5,1
SF,IH2006,2020-05-07 09:32:41.100,2804.8000,22736,0,262720800.000,0,-,-,-,-,2803.8000,2803.6000,2803.4000,2803.2000,2803.0000,2804.4000,2804.6000,2804.8000,2805.2000,2805.6000,2,3,1,3,2,1,2,2,5,1
SF,IH2006,2020-05-07 09:32:41.600,2804.8000,22736,0,262720800.000,0,-,-,-,-,2803.8000,2803.6000,2803.4000,2803.2000,2803.0000,2804.6000,2804.8000,2805.2000,2805.6000,2805.8000,2,4,1,3,2,2,2,5,1,1
SF,IH2006,2020-05-07 09:32:42.100,2804.8000,22736,0,262720800.000,0,-,-,-,-,2803.8000,2803.6000,2803.4000,2803.2000,2803.0000,2804.2000,2804.6000,2804.8000,2805.2000,2805.6000,1,4,1,3,2,1,2,2,5,1
SF,IH2006,2020-05-07 09:32:43.100,2804.8000,22736,0,262720800.000,0,-,-,-,-,2803.8000,2803.6000,2803.4000,2803.2000,2803.0000,2804.2000,2804.6000,2804.8000,2805.2000,2805.6000,1,4,1,3,2,1,2,2,5,1
SF,IH2006,2020-05-07 09:32:43.600,2803.8000,22735,-1,263561940.000,1,0,1,双平,S,2803.6000,2803.4000,2803.2000,2803.0000,2802.8000,2804.6000,2804.8000,2805.2000,2805.6000,2805.8000,4,1,3,2,2,2,3,5,1,1
SF,IH2006,2020-05-07 09:32:45.600,2803.8000,22735,0,263561940.000,0,-,-,-,-,2804.0000,2803.8000,2803.6000,2803.4000,2803.2000,2804.6000,2804.8000,2805.2000,2805.6000,2805.8000,1,1,4,1,3,2,3,5,1,1
SF,IH2006,2020-05-07 09:32:46.100,2803.8000,22734,-1,264403080.000,1,0,1,双平,S,2804.0000,2803.8000,2803.6000,2803.4000,2803.2000,2804.6000,2804.8000,2805.2000,2805.6000,2805.8000,1,1,4,1,3,2,3,5,1,1
SF,IH2006,2020-05-07 09:32:46.600,2804.6000,22733,-1,265244460.000,1,0,1,双平,S,2804.0000,2803.8000,2803.6000,2803.4000,2803.2000,2804.8000,2805.2000,2805.6000,2805.8000,2806.0000,1,1,4,1,3,3,5,1,1,1
SF,IH2006,2020-05-07 09:32:47.100,2804.0000,22733,0,266085660.000,1,0,1,多换,S,2803.6000,2803.4000,2803.2000,2803.0000,2802.8000,2804.4000,2804.8000,2805.2000,2805.8000,2806.0000,4,1,3,2,2,2,3,5,1,1
SF,IH2006,2020-05-07 09:32:47.600,2804.0000,22733,0,266085660.000,0,-,-,-,-,2803.8000,2803.6000,2803.4000,2803.2000,2803.0000,2804.2000,2804.4000,2804.8000,2805.2000,2805.8000,1,4,1,3,2,1,2,2,4,1
SF,IH2006,2020-05-07 09:32:48.100,2804.2000,22732,-1,266926920.000,1,0,1,双平,S,2804.2000,2803.8000,2803.6000,2803.4000,2803.2000,2804.4000,2804.8000,2805.2000,2805.8000,2806.0000,1,1,4,1,3,2,2,4,1,1
SF,IH2006,2020-05-07 09:32:48.600,2804.2000,22729,-3,269450820.000,3,0,3,双平,S,2803.6000,2803.4000,2803.2000,2803.0000,2802.8000,2804.8000,2805.2000,2805.8000,2806.0000,2806.2000,4,1,3,2,2,2,5,1,1,2
SF,IH2006,2020-05-07 09:32:49.100,2804.2000,22729,0,269450820.000,0,-,-,-,-,2803.8000,2803.6000,2803.4000,2803.2000,2803.0000,2804.6000,2804.8000,2805.2000,2805.8000,2806.0000,4,4,1,3,2,1,2,5,1,1
SF,IH2006,2020-05-07 09:32:49.600,2804.2000,22729,0,269450820.000,0,-,-,-,-,2804.4000,2803.8000,2803.6000,2803.4000,2803.2000,2804.6000,2804.8000,2805.2000,2805.8000,2806.0000,1,4,4,1,3,2,2,5,1,1
SF,IH2006,2020-05-07 09:32:50.100,2804.4000,22729,0,270292140.000,1,0,1,多换,S,2803.8000,2803.6000,2803.4000,2803.2000,2803.0000,2804.4000,2804.6000,2804.8000,2805.2000,2805.8000,1,4,1,3,2,1,2,2,5,1
SF,IH2006,2020-05-07 09:32:50.600,2804.4000,22729,0,270292140.000,0,-,-,-,-,2803.6000,2803.4000,2803.2000,2803.0000,2802.8000,2803.8000,2804.4000,2804.6000,2804.8000,2805.2000,4,1,3,2,2,1,1,2,3,5
SF,IH2006,2020-05-07 09:32:51.100,2804.4000,22729,0,270292140.000,0,-,-,-,-,2803.6000,2803.4000,2803.2000,2803.0000,2802.8000,2803.8000,2804.4000,2804.6000,2804.8000,2805.2000,4,1,3,2,2,1,1,2,3,5
SF,IH2006,2020-05-07 09:32:51.600,2803.6000,22726,-3,273656460.000,4,0,4,多平,S,2803.4000,2803.2000,2803.0000,2802.8000,2802.6000,2803.8000,2804.4000,2804.6000,2804.8000,2805.2000,1,3,2,2,1,1,1,2,3,5
SF,IH2006,2020-05-07 09:32:52.100,2803.6000,22726,0,273656460.000,0,-,-,-,-,2803.6000,2803.4000,2803.2000,2803.0000,2802.8000,2803.8000,2804.4000,2804.6000,2804.8000,2805.2000,1,1,3,2,2,1,1,2,3,5
SF,IH2006,2020-05-07 09:32:52.600,2803.8000,22725,-1,274497600.000,1,0,1,双平,S,2803.6000,2803.4000,2803.2000,2803.0000,2802.8000,2804.4000,2804.6000,2804.8000,2805.2000,2805.8000,1,1,3,2,2,1,2,3,5,1
SF,IH2006,2020-05-07 09:32:53.100,2803.8000,22725,0,274497600.000,0,-,-,-,-,2803.6000,2803.4000,2803.2000,2803.0000,2802.8000,2804.4000,2804.6000,2804.8000,2805.2000,2805.8000,1,1,3,2,2,1,2,3,6,1
SF,IH2006,2020-05-07 09:32:54.100,2803.8000,22725,0,274497600.000,0,-,-,-,-,2803.8000,2803.6000,2803.4000,2803.2000,2803.0000,2804.6000,2804.8000,2805.2000,2805.8000,2806.0000,1,1,1,3,2,2,3,6,1,1
SF,IH2006,2020-05-07 09:32:54.600,2803.8000,22725,0,274497600.000,0,-,-,-,-,2803.8000,2803.6000,2803.4000,2803.2000,2803.0000,2804.6000,2804.8000,2805.2000,2805.8000,2806.0000,1,1,1,3,2,2,3,6,1,1
SF,IH2006,2020-05-07 09:32:55.100,2803.8000,22725,0,274497600.000,0,-,-,-,-,2803.6000,2803.4000,2803.2000,2803.0000,2802.8000,2804.6000,2804.8000,2805.2000,2805.8000,2806.0000,1,1,3,2,2,2,3,6,1,1
SF,IH2006,2020-05-07 09:32:55.600,2803.8000,22725,0,274497600.000,0,-,-,-,-,2803.8000,2803.6000,2803.4000,2803.2000,2803.0000,2804.6000,2804.8000,2805.2000,2805.8000,2806.0000,2,1,1,3,2,2,3,6,1,1
SF,IH2006,2020-05-07 09:32:56.100,2803.8000,22725,0,274497600.000,0,-,-,-,-,2804.0000,2803.8000,2803.6000,2803.4000,2803.2000,2804.6000,2804.8000,2805.2000,2805.8000,2806.0000,1,2,1,1,3,2,3,6,1,1
SF,IH2006,2020-05-07 09:32:56.600,2803.8000,22725,0,274497600.000,0,-,-,-,-,2804.0000,2803.8000,2803.6000,2803.4000,2803.2000,2804.6000,2804.8000,2805.2000,2805.8000,2806.0000,1,2,1,1,3,2,3,6,1,1
SF,IH2006,2020-05-07 09:32:57.100,2803.8000,22725,0,274497600.000,0,-,-,-,-,2804.0000,2803.6000,2803.4000,2803.2000,2803.0000,2804.6000,2804.8000,2805.2000,2805.8000,2806.0000,1,1,1,3,2,2,3,6,1,1
SF,IH2006,2020-05-07 09:32:57.600,2804.0000,22725,0,275338800.000,1,0,1,多换,S,2803.6000,2803.4000,2803.2000,2803.0000,2802.8000,2804.0000,2804.6000,2804.8000,2805.2000,2805.8000,1,1,3,2,2,1,2,3,6,1
SF,IH2006,2020-05-07 09:32:58.100,2804.0000,22724,-1,276180000.000,1,0,1,双平,S,2803.6000,2803.4000,2803.2000,2803.0000,2802.8000,2804.0000,2804.6000,2804.8000,2805.2000,2805.8000,1,1,3,2,2,1,2,3,6,1
SF,IH2006,2020-05-07 09:32:58.600,2804.0000,22723,-1,277021200.000,1,0,1,双平,S,2804.0000,2803.6000,2803.4000,2803.2000,2803.0000,2804.4000,2804.6000,2804.8000,2805.2000,2805.8000,1,1,1,3,2,1,2,3,6,1
SF,IH2006,2020-05-07 09:32:59.100,2804.4000,22723,0,277862520.000,1,0,1,多换,S,2804.0000,2803.6000,2803.4000,2803.2000,2803.0000,2804.6000,2804.8000,2805.2000,2805.8000,2806.0000,1,1,1,3,2,2,3,6,1,1
SF,IH2006,2020-05-07 09:32:59.600,2804.6000,22723,0,278703900.000,1,0,1,多换,S,2804.0000,2803.6000,2803.4000,2803.2000,2803.0000,2804.6000,2804.8000,2805.2000,2805.8000,2806.0000,2,1,1,3,2,1,3,6,1,1
SF,IH2006,2020-05-07 09:33:00.600,2804.6000,22723,0,278703900.000,0,-,-,-,-,2804.0000,2803.6000,2803.4000,2803.2000,2803.0000,2804.6000,2804.8000,2805.2000,2805.8000,2806.0000,2,1,1,2,2,1,3,6,1,1
SF,IH2006,2020-05-07 09:33:01.100,2804.6000,22723,0,278703900.000,0,-,-,-,-,2804.0000,2803.8000,2803.6000,2803.4000,2803.2000,2804.6000,2804.8000,2805.2000,2805.8000,2806.0000,2,12,1,1,2,1,3,6,1,1
SF,IH2006,2020-05-07 09:33:01.600,2804.6000,22722,-1,279545280.000,1,0,1,双平,S,2804.0000,2803.8000,2803.6000,2803.4000,2803.2000,2804.6000,2804.8000,2805.2000,2805.8000,2806.0000,2,12,1,1,2,1,3,6,1,1
SF,IH2006,2020-05-07 09:33:02.100,2804.6000,22722,0,280386660.000,1,0,1,多换,S,2804.2000,2804.0000,2803.8000,2803.6000,2803.4000,2804.8000,2805.2000,2805.8000,2806.0000,2806.2000,2,2,12,1,1,3,6,1,1,1
SF,IH2006,2020-05-07 09:33:02.600,2804.6000,22722,0,280386660.000,0,-,-,-,-,2804.2000,2804.0000,2803.8000,2803.6000,2803.4000,2804.8000,2805.2000,2805.8000,2806.0000,2806.2000,2,2,12,2,1,2,5,1,1,1
SF,IH2006,2020-05-07 09:33:03.100,2804.6000,22722,0,280386660.000,0,-,-,-,-,2804.6000,2804.2000,2804.0000,2803.8000,2803.6000,2804.8000,2805.2000,2805.8000,2806.0000,2806.2000,1,2,2,12,2,2,2,1,1,1
SF,IH2006,2020-05-07 09:33:03.600,2804.6000,22723,1,281228040.000,1,1,0,双开,S,2804.2000,2804.0000,2803.8000,2803.6000,2803.4000,2804.6000,2804.8000,2805.2000,2805.8000,2806.0000,1,2,12,2,1,6,2,2,1,1
SF,IH2006,2020-05-07 09:33:04.100,2804.2000,22722,-1,282069300.000,1,0,1,双平,S,2804.0000,2803.8000,2803.6000,2803.4000,2803.2000,2804.6000,2804.8000,2805.2000,2805.8000,2806.0000,2,13,3,1,2,1,2,2,1,1
SF,IH2006,2020-05-07 09:33:04.600,2804.2000,22722,0,282069300.000,0,-,-,-,-,2804.0000,2803.8000,2803.6000,2803.4000,2803.2000,2804.6000,2804.8000,2805.2000,2805.8000,2806.0000,2,13,3,1,2,1,2,2,1,1
SF,IH2006,2020-05-07 09:33:05.100,2804.2000,22722,0,282069300.000,0,-,-,-,-,2804.0000,2803.8000,2803.6000,2803.4000,2803.2000,2804.6000,2804.8000,2805.2000,2805.8000,2806.0000,2,13,3,1,2,2,2,2,1,1
SF,IH2006,2020-05-07 09:33:05.600,2804.0000,22721,-1,282910500.000,1,0,1,双平,S,2804.0000,2803.8000,2803.6000,2803.4000,2803.2000,2804.6000,2804.8000,2805.2000,2805.8000,2806.0000,1,13,3,1,2,1,2,2,1,1
SF,IH2006,2020-05-07 09:33:06.600,2804.0000,22721,0,282910500.000,0,-,-,-,-,2804.2000,2804.0000,2803.8000,2803.6000,2803.4000,2804.6000,2804.8000,2805.2000,2805.8000,2806.0000,1,1,13,3,1,1,2,2,1,1
SF,IH2006,2020-05-07 09:33:07.600,2804.0000,22721,0,282910500.000,0,-,-,-,-,2804.2000,2804.0000,2803.8000,2803.6000,2803.4000,2804.6000,2804.8000,2805.2000,2805.8000,2806.0000,1,2,13,3,1,1,2,2,1,1
SF,IH2006,2020-05-07 09:33:08.600,2804.6000,22719,-2,284593080.000,2,0,2,双平,S,2804.4000,2804.0000,2803.8000,2803.6000,2803.4000,2804.8000,2805.2000,2805.8000,2806.0000,2806.2000,1,2,14,3,1,2,2,1,1,1
SF,IH2006,2020-05-07 09:33:09.100,2804.6000,22719,0,284593080.000,0,-,-,-,-,2804.4000,2804.0000,2803.8000,2803.6000,2803.4000,2804.8000,2805.2000,2805.8000,2806.0000,2806.2000,1,2,14,3,1,2,2,1,1,1
SF,IH2006,2020-05-07 09:33:09.600,2804.4000,22719,0,285434400.000,1,0,1,多换,S,2804.0000,2803.8000,2803.6000,2803.4000,2803.2000,2804.4000,2804.6000,2804.8000,2805.0000,2805.2000,2,14,3,1,2,3,9,3,1,2
SF,IH2006,2020-05-07 09:33:10.100,2804.4000,22719,0,285434400.000,0,-,-,-,-,2804.0000,2803.8000,2803.6000,2803.4000,2803.2000,2804.2000,2804.6000,2804.8000,2805.2000,2805.8000,2,14,3,1,2,3,2,3,2,1
SF,IH2006,2020-05-07 09:33:10.600,2804.2000,22716,-3,287958180.000,3,0,3,双平,S,2804.0000,2803.8000,2803.6000,2803.4000,2803.2000,2804.6000,2804.8000,2805.2000,2805.8000,2806.0000,2,15,3,1,2,2,3,2,1,1
SF,IH2006,2020-05-07 09:33:11.600,2804.2000,22716,0,287958180.000,0,-,-,-,-,2804.0000,2803.8000,2803.6000,2803.4000,2803.2000,2804.4000,2804.6000,2804.8000,2805.2000,2805.8000,2,15,3,1,2,1,2,3,2,1
SF,IH2006,2020-05-07 09:33:12.100,2804.2000,22716,0,287958180.000,0,-,-,-,-,2804.0000,2803.8000,2803.6000,2803.4000,2803.2000,2804.4000,2804.6000,2804.8000,2805.2000,2805.8000,2,16,3,1,2,1,2,3,2,1
SF,IH2006,2020-05-07 09:33:12.600,2804.4000,22716,0,288799500.000,1,0,1,多换,S,2804.0000,2803.8000,2803.6000,2803.4000,2803.2000,2804.6000,2804.8000,2805.2000,2805.8000,2806.0000,2,17,3,1,2,2,3,2,1,1
SF,IH2006,2020-05-07 09:33:13.100,2804.4000,22716,0,288799500.000,0,-,-,-,-,2804.0000,2803.8000,2803.6000,2803.4000,2803.2000,2804.6000,2804.8000,2805.0000,2805.2000,2805.8000,2,17,3,1,2,2,3,1,2,1
SF,IH2006,2020-05-07 09:33:14.600,2804.4000,22716,0,288799500.000,0,-,-,-,-,2804.0000,2803.8000,2803.6000,2803.4000,2803.2000,2804.6000,2804.8000,2805.0000,2805.2000,2805.8000,2,17,2,1,2,2,3,1,2,1
SF,IH2006,2020-05-07 09:33:15.100,2804.4000,22716,0,288799500.000,0,-,-,-,-,2804.0000,2803.8000,2803.6000,2803.4000,2803.2000,2804.6000,2804.8000,2805.0000,2805.2000,2805.8000,2,19,2,1,2,2,3,1,2,1
SF,IH2006,2020-05-07 09:33:15.600,2804.6000,22716,0,289640880.000,1,0,1,多换,S,2804.0000,2803.8000,2803.6000,2803.4000,2803.2000,2804.6000,2804.8000,2805.0000,2805.2000,2805.8000,2,20,2,1,2,1,3,1,2,1
SF,IH2006,2020-05-07 09:33:16.100,2804.6000,22716,0,289640880.000,0,-,-,-,-,2804.0000,2803.8000,2803.6000,2803.4000,2803.2000,2804.6000,2804.8000,2805.0000,2805.2000,2805.8000,2,21,2,1,2,1,3,1,2,1
SF,IH2006,2020-05-07 09:33:19.600,2804.0000,22716,0,290482080.000,1,0,1,多换,S,2804.0000,2803.8000,2803.6000,2803.4000,2803.2000,2804.6000,2804.8000,2805.0000,2805.2000,2805.8000,1,21,2,1,2,1,3,1,2,1
SF,IH2006,2020-05-07 09:33:20.100,2804.6000,22715,-1,291323460.000,1,0,1,双平,S,2804.2000,2804.0000,2803.8000,2803.6000,2803.4000,2804.8000,2805.0000,2805.2000,2805.8000,2806.0000,1,1,27,2,1,3,1,2,1,1
SF,IH2006,2020-05-07 09:33:20.600,2804.2000,22714,-1,292164720.000,1,0,1,双平,S,2804.2000,2804.0000,2803.8000,2803.6000,2803.4000,2804.4000,2804.8000,2805.0000,2805.2000,2805.8000,1,2,27,2,1,2,3,2,2,1
SF,IH2006,2020-05-07 09:33:21.100,2804.2000,22713,-1,293005980.000,1,0,1,双平,S,2804.0000,2803.8000,2803.6000,2803.4000,2803.2000,2804.4000,2804.6000,2804.8000,2805.0000,2805.2000,3,27,2,1,2,2,2,3,2,2
SF,IH2006,2020-05-07 09:33:21.600,2804.2000,22713,0,293005980.000,0,-,-,-,-,2804.0000,2803.8000,2803.6000,2803.4000,2803.2000,2804.6000,2804.8000,2805.0000,2805.2000,2805.8000,3,27,2,1,2,2,3,1,2,1
SF,IH2006,2020-05-07 09:33:22.100,2804.2000,22713,0,293005980.000,0,-,-,-,-,2804.0000,2803.8000,2803.6000,2803.4000,2803.2000,2804.6000,2804.8000,2805.0000,2805.2000,2805.8000,3,28,2,1,2,2,3,1,2,1
SF,IH2006,2020-05-07 09:33:22.600,2804.2000,22713,0,293005980.000,0,-,-,-,-,2804.2000,2804.0000,2803.8000,2803.6000,2803.4000,2804.8000,2805.0000,2805.2000,2805.8000,2806.0000,1,4,28,2,1,3,1,2,1,1
SF,IH2006,2020-05-07 09:33:23.600,2804.2000,22713,0,293847240.000,1,0,1,多换,S,2804.0000,2803.8000,2803.6000,2803.4000,2803.2000,2804.6000,2804.8000,2805.0000,2805.2000,2805.8000,4,28,2,1,2,2,3,2,2,1
SF,IH2006,2020-05-07 09:33:24.100,2804.2000,22713,0,293847240.000,0,-,-,-,-,2804.0000,2803.8000,2803.6000,2803.4000,2803.2000,2804.8000,2805.0000,2805.2000,2805.8000,2806.0000,4,28,2,1,2,3,1,2,1,1
SF,IH2006,2020-05-07 09:33:25.600,2804.2000,22713,0,293847240.000,0,-,-,-,-,2804.0000,2803.8000,2803.6000,2803.4000,2803.2000,2804.8000,2805.0000,2805.2000,2805.8000,2806.0000,4,28,2,1,2,3,1,2,1,1
SF,IH2006,2020-05-07 09:33:26.100,2804.2000,22713,0,293847240.000,0,-,-,-,-,2804.0000,2803.8000,2803.6000,2803.4000,2803.2000,2804.8000,2805.0000,2805.2000,2805.8000,2806.0000,4,33,2,1,2,3,1,2,1,1
SF,IH2006,2020-05-07 09:33:26.600,2804.0000,22713,0,294688440.000,1,0,1,多换,S,2804.0000,2803.8000,2803.6000,2803.4000,2803.2000,2804.8000,2805.0000,2805.2000,2805.8000,2806.0000,3,34,2,1,2,3,1,2,1,1
SF,IH2006,2020-05-07 09:33:27.100,2804.0000,22713,0,294688440.000,0,-,-,-,-,2804.0000,2803.8000,2803.6000,2803.4000,2803.2000,2804.8000,2805.0000,2805.2000,2805.8000,2806.0000,3,35,2,1,2,3,1,2,1,1
SF,IH2006,2020-05-07 09:33:27.600,2804.0000,22713,0,294688440.000,0,-,-,-,-,2804.0000,2803.8000,2803.6000,2803.4000,2803.2000,2804.8000,2805.0000,2805.2000,2805.8000,2806.0000,3,36,2,1,2,3,1,2,1,1
SF,IH2006,2020-05-07 09:33:29.600,2804.0000,22713,0,294688440.000,0,-,-,-,-,2804.0000,2803.8000,2803.6000,2803.4000,2803.2000,2804.8000,2805.0000,2805.2000,2805.8000,2806.0000,3,36,2,1,2,3,1,2,1,1
SF,IH2006,2020-05-07 09:33:30.100,2804.0000,22713,0,294688440.000,0,-,-,-,-,2804.0000,2803.8000,2803.6000,2803.4000,2803.2000,2804.6000,2804.8000,2805.0000,2805.2000,2805.8000,3,38,2,1,2,6,3,2,2,1
SF,IH2006,2020-05-07 09:33:30.600,2804.0000,22712,-1,295529640.000,1,0,1,双平,S,2804.0000,2803.8000,2803.6000,2803.4000,2803.2000,2804.6000,2804.8000,2805.0000,2805.2000,2805.8000,3,39,2,1,2,4,3,1,2,1
SF,IH2006,2020-05-07 09:33:31.100,2804.0000,22711,-1,296370840.000,1,0,1,双平,S,2804.0000,2803.8000,2803.6000,2803.4000,2803.2000,2804.6000,2804.8000,2805.0000,2805.2000,2805.8000,2,43,2,1,2,4,3,1,2,1
SF,IH2006,2020-05-07 09:33:31.600,2804.0000,22711,0,296370840.000,0,-,-,-,-,2804.0000,2803.8000,2803.6000,2803.4000,2803.2000,2804.6000,2804.8000,2805.0000,2805.2000,2805.8000,2,45,2,1,2,4,3,1,2,1
SF,IH2006,2020-05-07 09:33:32.100,2804.0000,22710,-1,297212040.000,1,0,1,双平,S,2804.0000,2803.8000,2803.6000,2803.4000,2803.2000,2804.6000,2804.8000,2805.0000,2805.2000,2805.8000,1,45,2,1,2,4,3,1,2,1
SF,IH2006,2020-05-07 09:33:32.600,2804.0000,22710,0,297212040.000,0,-,-,-,-,2804.0000,2803.8000,2803.6000,2803.4000,2803.2000,2804.6000,2804.8000,2805.0000,2805.2000,2805.8000,1,46,3,1,2,4,3,1,2,1
SF,IH2006,2020-05-07 09:33:33.100,2804.0000,22710,0,297212040.000,0,-,-,-,-,2804.0000,2803.8000,2803.6000,2803.4000,2803.2000,2804.6000,2804.8000,2805.0000,2805.2000,2805.8000,2,47,3,1,2,4,3,1,2,1
SF,IH2006,2020-05-07 09:33:34.600,2804.0000,22710,0,298053240.000,1,0,1,多换,S,2804.0000,2803.8000,2803.6000,2803.4000,2803.2000,2804.6000,2804.8000,2805.0000,2805.2000,2805.8000,1,47,3,1,2,4,3,1,2,1
SF,IH2006,2020-05-07 09:33:35.100,2804.0000,22710,0,298053240.000,0,-,-,-,-,2804.0000,2803.8000,2803.6000,2803.4000,2803.2000,2804.6000,2804.8000,2805.0000,2805.2000,2805.8000,1,49,3,1,2,4,3,1,2,1
SF,IH2006,2020-05-07 09:33:35.600,2804.0000,22710,0,298053240.000,0,-,-,-,-,2804.0000,2803.8000,2803.6000,2803.4000,2803.2000,2804.6000,2804.8000,2805.0000,2805.2000,2805.8000,1,50,3,1,2,4,3,1,2,1
SF,IH2006,2020-05-07 09:33:36.100,2804.0000,22710,0,298053240.000,0,-,-,-,-,2804.0000,2803.8000,2803.6000,2803.4000,2803.2000,2804.6000,2804.8000,2805.0000,2805.2000,2805.8000,1,53,3,1,2,4,3,1,2,1
SF,IH2006,2020-05-07 09:33:36.600,2804.0000,22710,0,298894440.000,1,0,1,多换,S,2804.0000,2803.8000,2803.6000,2803.4000,2803.2000,2804.6000,2804.8000,2805.0000,2805.2000,2805.8000,1,55,3,1,2,4,3,1,2,1
SF,IH2006,2020-05-07 09:33:37.600,2804.0000,22710,0,299735640.000,1,0,1,多换,S,2803.8000,2803.6000,2803.4000,2803.2000,2802.8000,2804.6000,2804.8000,2805.0000,2805.2000,2805.8000,55,3,1,2,2,4,3,1,2,1
SF,IH2006,2020-05-07 09:33:38.100,2804.0000,22710,0,299735640.000,0,-,-,-,-,2803.8000,2803.6000,2803.4000,2803.2000,2802.8000,2804.6000,2804.8000,2805.0000,2805.2000,2805.8000,55,5,1,2,2,4,3,1,2,1
SF,IH2006,2020-05-07 09:33:39.100,2804.0000,22710,0,299735640.000,0,-,-,-,-,2803.8000,2803.6000,2803.4000,2803.2000,2802.8000,2804.4000,2804.6000,2804.8000,2805.0000,2805.2000,55,5,1,2,2,1,4,3,1,2
SF,IH2006,2020-05-07 09:33:40.600,2804.0000,22710,0,299735640.000,0,-,-,-,-,2803.8000,2803.6000,2803.4000,2803.2000,2802.8000,2804.6000,2804.8000,2805.0000,2805.2000,2805.8000,55,5,1,2,2,4,3,1,2,1
SF,IH2006,2020-05-07 09:33:41.100,2804.0000,22710,0,299735640.000,0,-,-,-,-,2804.0000,2803.8000,2803.6000,2803.2000,2802.8000,2804.6000,2804.8000,2805.0000,2805.2000,2805.8000,1,55,9,2,2,4,3,1,2,1
SF,IH2006,2020-05-07 09:33:41.600,2804.0000,22710,0,299735640.000,0,-,-,-,-,2804.0000,2803.8000,2803.6000,2803.2000,2802.8000,2804.6000,2804.8000,2805.0000,2805.2000,2805.8000,1,57,9,2,2,4,3,1,2,1
SF,IH2006,2020-05-07 09:33:42.100,2804.0000,22709,-1,300576840.000,1,0,1,双平,S,2803.8000,2803.6000,2803.2000,2802.8000,2802.6000,2804.6000,2804.8000,2805.0000,2805.2000,2805.8000,57,9,2,2,1,4,3,1,2,1
SF,IH2006,2020-05-07 09:33:42.600,2804.0000,22708,-1,301418040.000,1,0,1,双平,S,2804.0000,2803.8000,2803.6000,2803.2000,2802.8000,2804.6000,2804.8000,2805.0000,2805.2000,2805.8000,3,58,9,2,2,4,4,1,2,1
SF,IH2006,2020-05-07 09:33:43.100,2804.0000,22708,0,302259240.000,1,0,1,多换,S,2803.8000,2803.6000,2803.2000,2802.8000,2802.6000,2804.2000,2804.6000,2804.8000,2805.0000,2805.2000,60,9,2,2,1,2,4,4,1,2
SF,IH2006,2020-05-07 09:33:43.600,2804.0000,22706,-2,304782720.000,3,0,3,多平,S,2803.8000,2803.6000,2803.2000,2802.8000,2802.6000,2804.2000,2804.6000,2804.8000,2805.0000,2805.2000,58,9,2,2,1,3,4,4,1,2
SF,IH2006,2020-05-07 09:33:44.600,2803.8000,22702,-4,308147280.000,4,0,4,双平,S,2803.8000,2803.6000,2803.2000,2802.8000,2802.6000,2804.2000,2804.6000,2804.8000,2805.0000,2805.2000,54,9,2,2,1,3,4,4,1,2
SF,IH2006,2020-05-07 09:33:45.100,2803.8000,22694,-8,314876400.000,8,0,8,双平,S,2803.8000,2803.6000,2803.2000,2802.8000,2802.6000,2804.0000,2804.2000,2804.6000,2804.8000,2805.0000,46,9,2,2,1,4,3,4,4,1
SF,IH2006,2020-05-07 09:33:45.600,2804.0000,22685,-9,324129000.000,11,1,10,多平,S,2803.8000,2803.6000,2803.2000,2802.8000,2802.6000,2804.0000,2804.2000,2804.6000,2804.8000,2805.0000,36,9,2,2,1,3,1,4,4,1
SF,IH2006,2020-05-07 09:33:46.100,2804.0000,22685,0,324129000.000,0,-,-,-,-,2803.8000,2803.6000,2803.2000,2802.8000,2802.6000,2804.0000,2804.2000,2804.6000,2804.8000,2805.0000,36,10,2,2,1,3,1,4,4,1
SF,IH2006,2020-05-07 09:33:46.600,2804.0000,22684,-1,324970200.000,1,0,1,双平,S,2803.8000,2803.6000,2803.2000,2802.8000,2802.6000,2804.0000,2804.2000,2804.6000,2804.8000,2805.0000,7,7,2,2,1,2,2,4,4,1
SF,IH2006,2020-05-07 09:33:47.100,2803.8000,22682,-2,326652480.000,2,0,2,双平,S,2803.8000,2803.6000,2803.4000,2803.2000,2802.8000,2804.0000,2804.2000,2804.6000,2804.8000,2805.0000,11,7,1,2,2,2,2,4,4,1
SF,IH2006,2020-05-07 09:33:47.600,2803.8000,22681,-1,327493620.000,1,0,1,双平,S,2803.8000,2803.6000,2803.4000,2803.2000,2803.0000,2804.0000,2804.2000,2804.6000,2804.8000,2805.0000,10,7,1,2,1,2,2,4,4,1
SF,IH2006,2020-05-07 09:33:48.100,2804.0000,22679,-2,329176020.000,2,0,2,双平,S,2803.8000,2803.6000,2803.4000,2803.2000,2803.0000,2804.2000,2804.6000,2804.8000,2805.0000,2805.2000,8,5,1,2,1,2,4,4,1,2
SF,IH2006,2020-05-07 09:33:48.600,2804.0000,22679,0,329176020.000,0,-,-,-,-,2803.8000,2803.6000,2803.4000,2803.2000,2803.0000,2804.2000,2804.6000,2804.8000,2805.0000,2805.2000,10,5,1,2,1,3,4,3,1,2
SF,IH2006,2020-05-07 09:33:49.100,2804.0000,22679,0,329176020.000,0,-,-,-,-,2804.0000,2803.8000,2803.6000,2803.4000,2803.2000,2804.2000,2804.6000,2804.8000,2805.0000,2805.2000,1,10,5,1,2,3,4,3,1,2
SF,IH2006,2020-05-07 09:33:49.600,2804.0000,22678,-1,330017220.000,1,0,1,双平,S,2803.8000,2803.6000,2803.4000,2803.2000,2803.0000,2804.2000,2804.6000,2804.8000,2805.0000,2805.2000,10,5,1,2,1,2,4,3,1,2
SF,IH2006,2020-05-07 09:33:50.100,2803.8000,22678,0,330858360.000,1,0,1,多换,S,2804.0000,2803.8000,2803.6000,2803.4000,2803.2000,2804.2000,2804.6000,2804.8000,2805.0000,2805.2000,1,9,5,1,2,2,4,3,1,2
SF,IH2006,2020-05-07 09:33:50.600,2803.8000,22677,-1,332540640.000,2,0,2,多平,S,2803.8000,2803.6000,2803.4000,2803.2000,2803.0000,2804.2000,2804.4000,2804.6000,2804.8000,2805.0000,9,5,1,2,1,2,1,4,3,1
SF,IH2006,2020-05-07 09:33:51.100,2803.8000,22677,0,332540640.000,0,-,-,-,-,2803.8000,2803.6000,2803.4000,2803.2000,2803.0000,2804.2000,2804.4000,2804.6000,2804.8000,2805.0000,9,3,1,2,1,2,1,4,3,1
SF,IH2006,2020-05-07 09:33:51.600,2803.8000,22677,0,332540640.000,0,-,-,-,-,2803.8000,2803.6000,2803.4000,2803.2000,2803.0000,2804.2000,2804.4000,2804.6000,2804.8000,2805.0000,12,3,1,2,1,2,1,4,3,1
SF,IH2006,2020-05-07 09:33:52.100,2803.8000,22677,0,332540640.000,0,-,-,-,-,2803.8000,2803.6000,2803.4000,2803.2000,2803.0000,2804.0000,2804.2000,2804.4000,2804.6000,2804.8000,25,3,1,2,1,1,2,1,4,2
SF,IH2006,2020-05-07 09:33:52.600,2804.0000,22672,-5,336746760.000,5,0,5,双平,S,2803.8000,2803.6000,2803.4000,2803.2000,2803.0000,2804.4000,2804.6000,2804.8000,2805.0000,2805.2000,31,3,1,2,1,1,4,2,1,2
SF,IH2006,2020-05-07 09:33:53.100,2804.0000,22670,-2,338429160.000,2,0,2,双平,S,2803.8000,2803.6000,2803.4000,2803.2000,2803.0000,2804.4000,2804.6000,2804.8000,2805.0000,2805.2000,31,3,1,2,1,1,4,1,1,2
SF,IH2006,2020-05-07 09:33:53.600,2804.0000,22670,0,338429160.000,0,-,-,-,-,2803.8000,2803.6000,2803.4000,2803.2000,2803.0000,2804.4000,2804.6000,2804.8000,2805.0000,2805.2000,34,3,1,2,1,1,4,1,1,2
SF,IH2006,2020-05-07 09:33:54.100,2803.8000,22670,0,340111620.000,2,1,1,多换,S,2803.8000,2803.6000,2803.4000,2803.2000,2803.0000,2804.6000,2804.8000,2805.0000,2805.2000,2805.6000,34,3,1,2,1,1,1,1,2,1
SF,IH2006,2020-05-07 09:33:55.100,2803.8000,22670,0,340111620.000,0,-,-,-,-,2804.0000,2803.8000,2803.6000,2803.4000,2803.2000,2804.6000,2804.8000,2805.0000,2805.2000,2805.6000,1,34,4,1,2,1,1,1,2,1
SF,IH2006,2020-05-07 09:33:55.600,2804.6000,22669,-1,340953000.000,1,0,1,双平,S,2804.0000,2803.8000,2803.6000,2803.4000,2803.2000,2804.8000,2805.0000,2805.2000,2805.6000,2805.8000,1,34,4,1,2,1,1,2,1,1
SF,IH2006,2020-05-07 09:33:56.100,2804.6000,22669,0,340953000.000,0,-,-,-,-,2804.0000,2803.8000,2803.6000,2803.4000,2803.2000,2804.8000,2805.0000,2805.2000,2805.6000,2805.8000,1,34,4,1,2,1,1,2,1,1
SF,IH2006,2020-05-07 09:33:56.600,2804.6000,22669,0,340953000.000,0,-,-,-,-,2804.0000,2803.8000,2803.6000,2803.4000,2803.2000,2804.8000,2805.0000,2805.2000,2805.6000,2805.8000,1,31,4,1,2,1,1,2,1,1
SF,IH2006,2020-05-07 09:33:57.100,2804.6000,22669,0,340953000.000,0,-,-,-,-,2804.0000,2803.8000,2803.6000,2803.4000,2803.2000,2804.8000,2805.0000,2805.2000,2805.6000,2805.8000,4,14,4,1,2,1,1,2,1,1
SF,IH2006,2020-05-07 09:33:57.600,2804.6000,22669,0,340953000.000,0,-,-,-,-,2804.0000,2803.8000,2803.6000,2803.4000,2803.2000,2804.8000,2805.0000,2805.2000,2805.6000,2805.8000,18,6,4,1,2,1,1,2,1,1
SF,IH2006,2020-05-07 09:33:58.100,2804.6000,22669,0,340953000.000,0,-,-,-,-,2804.0000,2803.8000,2803.6000,2803.4000,2803.2000,2804.8000,2805.0000,2805.2000,2805.6000,2805.8000,29,6,4,1,2,1,1,2,1,1
SF,IH2006,2020-05-07 09:33:58.600,2804.6000,22669,0,340953000.000,0,-,-,-,-,2804.0000,2803.8000,2803.6000,2803.4000,2803.2000,2804.8000,2805.0000,2805.2000,2805.6000,2805.8000,29,3,4,1,2,1,1,2,1,1
SF,IH2006,2020-05-07 09:33:59.100,2804.6000,22669,0,340953000.000,0,-,-,-,-,2804.2000,2804.0000,2803.8000,2803.6000,2803.4000,2804.8000,2805.0000,2805.2000,2805.6000,2805.8000,1,32,1,4,1,1,1,2,1,1
SF,IH2006,2020-05-07 09:33:59.600,2804.6000,22669,0,340953000.000,0,-,-,-,-,2804.2000,2804.0000,2803.8000,2803.6000,2803.4000,2804.8000,2805.0000,2805.2000,2805.6000,2805.8000,3,32,1,4,1,1,1,2,1,1
SF,IH2006,2020-05-07 09:34:00.100,2804.6000,22668,-1,341794380.000,1,0,1,双平,S,2804.2000,2804.0000,2803.8000,2803.6000,2803.4000,2804.8000,2805.0000,2805.2000,2805.6000,2805.8000,3,32,1,4,1,1,1,2,1,1
SF,IH2006,2020-05-07 09:34:00.600,2804.2000,22665,-3,344318160.000,3,0,3,双平,S,2804.0000,2803.8000,2803.6000,2803.4000,2803.2000,2804.8000,2805.0000,2805.2000,2805.6000,2805.8000,33,1,4,1,2,1,1,2,1,1
SF,IH2006,2020-05-07 09:34:01.100,2804.0000,22663,-2,346000560.000,2,0,2,双平,S,2804.0000,2803.8000,2803.6000,2803.4000,2803.2000,2804.8000,2805.0000,2805.2000,2805.6000,2805.8000,31,1,4,1,2,1,2,2,1,1
SF,IH2006,2020-05-07 09:34:01.600,2804.0000,22663,0,346000560.000,0,-,-,-,-,2804.0000,2803.8000,2803.6000,2803.4000,2803.2000,2804.6000,2804.8000,2805.0000,2805.2000,2805.6000,31,1,4,1,2,3,1,2,2,1
SF,IH2006,2020-05-07 09:34:02.100,2804.0000,22663,0,346000560.000,0,-,-,-,-,2804.0000,2803.8000,2803.6000,2803.4000,2803.2000,2804.6000,2804.8000,2805.0000,2805.2000,2805.6000,29,1,4,1,2,4,1,2,2,1
SF,IH2006,2020-05-07 09:34:02.600,2804.0000,22663,0,346000560.000,0,-,-,-,-,2804.0000,2803.8000,2803.6000,2803.4000,2803.2000,2804.6000,2804.8000,2805.0000,2805.2000,2805.6000,16,1,4,1,2,4,1,2,2,1
SF,IH2006,2020-05-07 09:34:03.100,2804.0000,22663,0,346000560.000,0,-,-,-,-,2804.0000,2803.8000,2803.6000,2803.4000,2803.2000,2804.4000,2804.6000,2804.8000,2805.0000,2805.2000,21,1,4,1,2,2,4,1,2,2
SF,IH2006,2020-05-07 09:34:03.600,2804.4000,22659,-4,349365720.000,4,0,4,双平,S,2804.0000,2803.8000,2803.6000,2803.4000,2803.2000,2804.6000,2804.8000,2805.0000,2805.2000,2805.6000,31,1,4,1,2,1,1,2,2,1
SF,IH2006,2020-05-07 09:34:04.100,2804.4000,22659,0,349365720.000,0,-,-,-,-,2804.0000,2803.8000,2803.6000,2803.4000,2803.2000,2804.6000,2804.8000,2805.0000,2805.2000,2805.6000,30,1,4,1,2,1,1,2,2,1
SF,IH2006,2020-05-07 09:34:04.600,2804.6000,22658,-1,350207100.000,1,0,1,双平,S,2804.0000,2803.8000,2803.6000,2803.4000,2803.2000,2804.8000,2805.0000,2805.2000,2805.6000,2805.8000,33,1,4,1,2,1,2,2,1,1
SF,IH2006,2020-05-07 09:34:05.100,2804.8000,22657,-1,351048540.000,1,0,1,双平,S,2804.0000,2803.8000,2803.6000,2803.4000,2803.2000,2804.6000,2805.0000,2805.2000,2805.6000,2805.8000,33,1,4,1,2,2,2,2,1,1
SF,IH2006,2020-05-07 09:34:05.600,2804.6000,22655,-2,352731300.000,2,0,2,双平,S,2804.0000,2803.8000,2803.6000,2803.4000,2803.2000,2805.0000,2805.2000,2805.6000,2805.8000,2806.0000,33,1,4,1,2,2,2,1,1,1
SF,IH2006,2020-05-07 09:34:06.100,2804.6000,22655,0,352731300.000,0,-,-,-,-,2804.2000,2804.0000,2803.8000,2803.6000,2803.4000,2805.0000,2805.2000,2805.6000,2805.8000,2806.0000,3,33,1,4,1,2,2,1,1,1
SF,IH2006,2020-05-07 09:34:06.600,2804.6000,22655,0,352731300.000,0,-,-,-,-,2804.2000,2804.0000,2803.8000,2803.6000,2803.4000,2804.8000,2805.0000,2805.2000,2805.6000,2805.8000,1,33,1,4,1,1,2,2,1,1
SF,IH2006,2020-05-07 09:34:07.100,2804.6000,22655,0,352731300.000,0,-,-,-,-,2804.0000,2803.8000,2803.6000,2803.4000,2803.2000,2804.8000,2805.0000,2805.2000,2805.6000,2805.8000,33,1,3,1,2,1,3,2,1,1
SF,IH2006,2020-05-07 09:34:07.600,2804.6000,22655,0,352731300.000,0,-,-,-,-,2804.0000,2803.8000,2803.6000,2803.4000,2803.2000,2804.6000,2804.8000,2805.0000,2805.2000,2805.6000,30,1,3,1,2,2,1,2,2,1
SF,IH2006,2020-05-07 09:34:08.100,2804.6000,22655,0,352731300.000,0,-,-,-,-,2804.0000,2803.8000,2803.6000,2803.4000,2803.2000,2804.4000,2804.6000,2804.8000,2805.0000,2805.2000,19,1,3,1,2,1,2,1,2,2
SF,IH2006,2020-05-07 09:34:08.600,2804.6000,22655,0,352731300.000,0,-,-,-,-,2804.0000,2803.8000,2803.6000,2803.4000,2803.2000,2804.4000,2804.6000,2804.8000,2805.0000,2805.2000,14,1,3,1,2,1,2,1,2,2
SF,IH2006,2020-05-07 09:34:09.100,2804.6000,22655,0,352731300.000,0,-,-,-,-,2804.0000,2803.8000,2803.6000,2803.4000,2803.2000,2804.4000,2804.6000,2804.8000,2805.0000,2805.2000,27,1,3,1,2,1,2,1,2,2
SF,IH2006,2020-05-07 09:34:09.600,2804.6000,22655,0,352731300.000,0,-,-,-,-,2804.0000,2803.8000,2803.6000,2803.4000,2803.2000,2804.4000,2804.6000,2804.8000,2805.0000,2805.2000,26,2,3,1,2,1,2,1,2,2
SF,IH2006,2020-05-07 09:34:10.100,2804.4000,22654,-1,353572620.000,1,0,1,双平,S,2804.0000,2803.8000,2803.6000,2803.4000,2803.2000,2804.6000,2804.8000,2805.0000,2805.2000,2805.6000,30,2,3,1,2,2,1,1,2,1
SF,IH2006,2020-05-07 09:34:10.600,2804.4000,22654,0,353572620.000,0,-,-,-,-,2804.0000,2803.8000,2803.6000,2803.4000,2803.2000,2804.8000,2805.0000,2805.2000,2805.6000,2805.8000,30,1,3,1,2,1,1,2,1,1
SF,IH2006,2020-05-07 09:34:11.100,2804.4000,22654,0,353572620.000,0,-,-,-,-,2804.0000,2803.8000,2803.6000,2803.4000,2803.2000,2804.6000,2804.8000,2805.0000,2805.2000,2805.6000,30,1,3,1,2,2,1,1,2,1
SF,IH2006,2020-05-07 09:34:11.600,2804.0000,22654,0,354413820.000,1,0,1,多换,S,2804.0000,2803.8000,2803.6000,2803.4000,2803.2000,2804.6000,2804.8000,2805.0000,2805.2000,2805.8000,29,1,3,1,2,2,1,1,2,1
SF,IH2006,2020-05-07 09:34:12.100,2804.0000,22654,0,354413820.000,0,-,-,-,-,2804.0000,2803.8000,2803.6000,2803.4000,2803.2000,2804.6000,2804.8000,2805.0000,2805.2000,2805.8000,29,2,3,1,2,2,1,1,2,1
SF,IH2006,2020-05-07 09:34:12.600,2804.0000,22654,0,354413820.000,0,-,-,-,-,2804.0000,2803.8000,2803.6000,2803.4000,2803.2000,2804.6000,2804.8000,2805.0000,2805.2000,2805.8000,29,2,3,1,2,2,1,1,2,1
SF,IH2006,2020-05-07 09:34:13.100,2804.0000,22654,0,354413820.000,0,-,-,-,-,2804.0000,2803.8000,2803.6000,2803.4000,2803.2000,2804.6000,2804.8000,2805.0000,2805.2000,2805.8000,26,2,3,1,2,2,1,1,2,1
SF,IH2006,2020-05-07 09:34:13.600,2804.0000,22654,0,355255020.000,1,0,1,多换,S,2804.0000,2803.8000,2803.6000,2803.4000,2803.2000,2804.8000,2805.0000,2805.2000,2805.8000,2806.0000,26,2,3,1,2,1,1,2,1,1
SF,IH2006,2020-05-07 09:34:14.100,2804.0000,22654,0,355255020.000,0,-,-,-,-,2804.0000,2803.8000,2803.6000,2803.4000,2803.2000,2804.8000,2805.0000,2805.2000,2805.8000,2806.0000,20,2,3,1,2,1,1,2,1,1
SF,IH2006,2020-05-07 09:34:14.600,2804.0000,22654,0,355255020.000,0,-,-,-,-,2804.0000,2803.8000,2803.6000,2803.4000,2803.2000,2804.8000,2805.0000,2805.2000,2805.8000,2806.0000,22,2,4,1,2,1,1,2,1,1
SF,IH2006,2020-05-07 09:34:15.100,2804.0000,22654,0,355255020.000,0,-,-,-,-,2804.2000,2804.0000,2803.8000,2803.6000,2803.4000,2804.8000,2805.0000,2805.2000,2805.8000,2806.0000,4,24,2,4,1,1,1,2,1,1
SF,IH2006,2020-05-07 09:34:15.600,2804.0000,22654,0,355255020.000,0,-,-,-,-,2804.2000,2804.0000,2803.8000,2803.6000,2803.4000,2804.8000,2805.0000,2805.2000,2805.8000,2806.0000,7,31,2,4,1,1,1,2,1,1
SF,IH2006,2020-05-07 09:34:16.100,2804.2000,22653,-1,356096280.000,1,0,1,双平,S,2804.2000,2804.0000,2803.8000,2803.6000,2803.4000,2804.8000,2805.0000,2805.2000,2805.8000,2806.0000,2,31,2,4,1,1,1,2,1,1
SF,IH2006,2020-05-07 09:34:16.600,2804.2000,22653,0,356096280.000,0,-,-,-,-,2804.2000,2804.0000,2803.8000,2803.6000,2803.4000,2804.8000,2805.0000,2805.2000,2805.8000,2806.0000,2,31,2,4,1,1,1,2,1,1
SF,IH2006,2020-05-07 09:34:17.100,2804.2000,22653,0,356096280.000,0,-,-,-,-,2804.2000,2804.0000,2803.8000,2803.6000,2803.4000,2804.8000,2805.0000,2805.2000,2805.8000,2806.0000,2,31,2,4,1,1,2,2,1,1
SF,IH2006,2020-05-07 09:34:19.600,2804.8000,22653,0,356937720.000,1,0,1,多换,S,2804.8000,2804.2000,2804.0000,2803.8000,2803.6000,2805.0000,2805.2000,2805.8000,2806.0000,2806.2000,2,2,31,2,4,2,2,1,1,1
SF,IH2006,2020-05-07 09:34:20.100,2804.8000,22653,0,358620600.000,2,1,1,多换,S,2804.6000,2804.2000,2804.0000,2803.8000,2803.6000,2804.8000,2805.0000,2805.2000,2805.8000,2806.0000,1,2,12,2,4,8,2,2,1,1
SF,IH2006,2020-05-07 09:34:20.600,2804.6000,22648,-5,362827500.000,5,0,5,双平,S,2804.6000,2804.0000,2803.8000,2803.6000,2803.4000,2804.8000,2805.0000,2805.2000,2805.8000,2806.0000,15,6,2,4,1,5,4,2,1,1
SF,IH2006,2020-05-07 09:34:21.100,2804.8000,22640,-8,369558720.000,8,0,8,双平,S,2804.6000,2804.0000,2803.8000,2803.6000,2803.4000,2804.8000,2805.0000,2805.2000,2805.8000,2806.0000,10,7,2,4,1,2,2,2,1,1
SF,IH2006,2020-05-07 09:34:21.600,2804.8000,22640,0,370400160.000,1,0,1,多换,S,2804.6000,2804.0000,2803.8000,2803.6000,2803.4000,2804.8000,2805.0000,2805.2000,2805.8000,2806.0000,10,7,2,4,1,1,2,2,1,1
SF,IH2006,2020-05-07 09:34:22.100,2804.8000,22640,0,371241600.000,1,0,1,多换,S,2804.8000,2804.6000,2804.0000,2803.8000,2803.6000,2805.0000,2805.2000,2805.8000,2806.0000,2806.2000,1,10,7,2,4,2,2,1,1,1
SF,IH2006,2020-05-07 09:34:22.600,2804.8000,22640,0,372083040.000,1,0,1,多换,S,2804.6000,2804.0000,2803.8000,2803.6000,2803.4000,2804.8000,2805.0000,2805.2000,2805.8000,2806.0000,13,7,2,4,1,1,2,2,1,1
SF,IH2006,2020-05-07 09:34:23.100,2804.8000,22640,0,372924480.000,1,0,1,多换,S,2804.6000,2804.0000,2803.8000,2803.6000,2803.4000,2804.8000,2805.0000,2805.2000,2805.8000,2806.0000,13,7,2,4,1,1,2,2,1,1
SF,IH2006,2020-05-07 09:34:23.600,2804.8000,22639,-1,373765920.000,1,0,1,双平,S,2804.6000,2804.0000,2803.8000,2803.6000,2803.4000,2805.0000,2805.2000,2805.8000,2806.0000,2806.2000,13,5,2,3,1,2,2,1,1,1
SF,IH2006,2020-05-07 09:34:24.100,2804.8000,22639,0,373765920.000,0,-,-,-,-,2804.6000,2804.0000,2803.8000,2803.6000,2803.4000,2805.0000,2805.2000,2805.8000,2806.0000,2806.2000,13,5,2,3,1,2,2,1,1,1
SF,IH2006,2020-05-07 09:34:24.600,2805.0000,22635,-4,377131800.000,4,0,4,双平,S,2804.8000,2804.6000,2804.0000,2803.8000,2803.6000,2805.0000,2805.2000,2805.8000,2806.0000,2806.2000,1,12,5,2,3,1,2,1,1,1
SF,IH2006,2020-05-07 09:34:25.100,2805.2000,22633,-2,378814860.000,2,0,2,双平,S,2805.0000,2804.8000,2804.6000,2804.0000,2803.8000,2805.8000,2806.0000,2806.2000,2806.4000,2806.6000,1,1,12,5,2,1,1,1,2,1
SF,IH2006,2020-05-07 09:34:25.600,2805.8000,22630,-3,381339960.000,3,0,3,双平,S,2805.8000,2805.0000,2804.8000,2804.0000,2803.8000,2806.0000,2806.2000,2806.4000,2806.6000,2806.8000,2,1,1,5,2,1,1,2,1,2
SF,IH2006,2020-05-07 09:34:26.100,2806.0000,22624,-6,387232320.000,7,0,7,多平,S,2806.0000,2805.0000,2804.8000,2804.0000,2803.8000,2806.2000,2806.4000,2806.6000,2806.8000,2807.2000,5,1,1,5,2,1,2,1,2,2
SF,IH2006,2020-05-07 09:34:26.600,2806.0000,22619,-5,391441320.000,5,0,5,双平,S,2806.0000,2805.0000,2804.8000,2804.0000,2803.8000,2806.2000,2806.4000,2806.6000,2806.8000,2807.2000,3,1,1,5,2,4,2,1,2,2
SF,IH2006,2020-05-07 09:34:27.100,2806.0000,22616,-3,393966720.000,3,0,3,双平,S,2805.0000,2804.8000,2804.4000,2804.0000,2803.8000,2806.0000,2806.2000,2806.4000,2806.6000,2806.8000,1,1,1,5,2,3,1,2,1,2
SF,IH2006,2020-05-07 09:34:27.600,2806.0000,22616,0,393966720.000,0,-,-,-,-,2805.2000,2805.0000,2804.8000,2804.4000,2804.0000,2806.0000,2806.2000,2806.4000,2806.8000,2807.0000,2,1,1,1,5,5,1,2,2,1
SF,IH2006,2020-05-07 09:34:28.100,2806.0000,22616,0,393966720.000,0,-,-,-,-,2805.0000,2804.8000,2804.0000,2803.8000,2803.6000,2805.2000,2805.8000,2806.0000,2806.2000,2806.4000,1,1,5,2,2,1,4,5,1,2
SF,IH2006,2020-05-07 09:34:28.600,2805.2000,22612,-4,397332960.000,4,0,4,双平,S,2805.0000,2804.8000,2804.0000,2803.8000,2803.6000,2805.6000,2805.8000,2806.0000,2806.2000,2806.4000,1,1,5,2,2,1,4,2,1,2
SF,IH2006,2020-05-07 09:34:29.100,2805.2000,22612,0,397332960.000,0,-,-,-,-,2805.2000,2805.0000,2804.8000,2804.0000,2803.8000,2805.6000,2805.8000,2806.0000,2806.2000,2806.4000,1,1,1,5,2,1,4,2,1,2
SF,IH2006,2020-05-07 09:34:29.600,2805.2000,22612,0,397332960.000,0,-,-,-,-,2805.2000,2805.0000,2804.8000,2804.0000,2803.8000,2805.6000,2805.8000,2806.0000,2806.2000,2806.4000,1,1,1,5,2,1,3,2,1,2
SF,IH2006,2020-05-07 09:34:30.100,2805.2000,22611,-1,398174520.000,1,0,1,双平,S,2805.0000,2804.8000,2804.0000,2803.8000,2803.6000,2805.6000,2805.8000,2806.0000,2806.2000,2806.4000,1,1,2,2,2,1,3,2,1,2
SF,IH2006,2020-05-07 09:34:30.600,2805.4000,22611,0,399016140.000,1,0,1,多换,S,2805.6000,2804.8000,2804.0000,2803.8000,2803.6000,2805.8000,2806.0000,2806.2000,2806.4000,2806.8000,3,1,2,2,2,3,2,1,2,2
SF,IH2006,2020-05-07 09:34:31.100,2805.8000,22608,-3,404066400.000,6,1,5,多平,S,2805.8000,2804.8000,2804.0000,2803.8000,2803.6000,2806.0000,2806.2000,2806.4000,2806.8000,2807.0000,3,1,2,2,2,2,1,2,3,1
SF,IH2006,2020-05-07 09:34:31.600,2805.8000,22605,-3,406591620.000,3,0,3,双平,S,2804.8000,2804.0000,2803.8000,2803.6000,2803.2000,2805.6000,2805.8000,2806.0000,2806.2000,2806.4000,1,2,2,2,1,1,8,2,1,2
SF,IH2006,2020-05-07 09:34:32.100,2804.8000,22605,0,407433060.000,1,0,1,多换,S,2804.0000,2803.8000,2803.6000,2803.2000,2802.8000,2804.8000,2805.6000,2805.8000,2806.0000,2806.2000,2,2,2,1,1,2,1,1,2,1
SF,IH2006,2020-05-07 09:34:32.600,2805.6000,22603,-2,410799060.000,4,1,3,多平,S,2804.8000,2804.4000,2804.2000,2804.0000,2803.8000,2805.8000,2806.0000,2806.2000,2806.4000,2806.8000,8,1,3,2,2,2,2,1,2,3
SF,IH2006,2020-05-07 09:34:33.100,2805.6000,22603,0,410799060.000,0,-,-,-,-,2805.0000,2804.4000,2804.2000,2804.0000,2803.8000,2805.6000,2805.8000,2806.0000,2806.2000,2806.4000,1,1,1,2,2,1,2,2,1,2
SF,IH2006,2020-05-07 09:34:33.600,2805.6000,22603,0,410799060.000,0,-,-,-,-,2805.0000,2804.2000,2804.0000,2803.8000,2803.6000,2805.6000,2805.8000,2806.0000,2806.2000,2806.4000,1,1,2,2,2,1,2,2,1,2
SF,IH2006,2020-05-07 09:34:34.600,2805.0000,22602,-1,411640560.000,1,0,1,双平,S,2804.2000,2804.0000,2803.8000,2803.6000,2803.2000,2805.6000,2805.8000,2806.0000,2806.2000,2806.4000,1,2,2,2,1,1,2,2,1,2
SF,IH2006,2020-05-07 09:34:35.100,2805.0000,22602,0,411640560.000,0,-,-,-,-,2804.4000,2804.2000,2804.0000,2803.8000,2803.6000,2805.4000,2805.6000,2805.8000,2806.0000,2806.2000,1,1,2,2,2,1,1,1,2,1
SF,IH2006,2020-05-07 09:34:35.600,2805.0000,22602,0,411640560.000,0,-,-,-,-,2804.6000,2804.4000,2804.2000,2804.0000,2803.8000,2805.6000,2805.8000,2806.0000,2806.2000,2806.4000,1,2,1,2,2,4,1,2,1,2
SF,IH2006,2020-05-07 09:34:36.100,2805.6000,22601,-1,415007280.000,4,1,3,多平,S,2804.6000,2804.4000,2804.2000,2804.0000,2803.8000,2805.8000,2806.0000,2806.2000,2806.4000,2806.8000,1,2,1,2,2,1,2,1,2,2
SF,IH2006,2020-05-07 09:34:36.600,2805.6000,22601,0,415007280.000,0,-,-,-,-,2804.6000,2804.4000,2804.2000,2804.0000,2803.8000,2805.6000,2805.8000,2806.0000,2806.2000,2806.4000,1,2,1,2,2,1,1,2,1,2
SF,IH2006,2020-05-07 09:34:37.100,2805.6000,22601,0,415007280.000,0,-,-,-,-,2804.8000,2804.6000,2804.4000,2804.2000,2804.0000,2805.8000,2806.0000,2806.2000,2806.4000,2806.8000,1,1,1,1,2,1,2,1,2,1
SF,IH2006,2020-05-07 09:34:37.600,2805.6000,22601,0,415007280.000,0,-,-,-,-,2804.8000,2804.6000,2804.4000,2804.2000,2804.0000,2805.6000,2805.8000,2806.0000,2806.2000,2806.4000,1,2,1,1,2,2,1,2,1,2
SF,IH2006,2020-05-07 09:34:38.100,2805.6000,22601,0,415007280.000,0,-,-,-,-,2805.0000,2804.8000,2804.6000,2804.2000,2804.0000,2805.6000,2805.8000,2806.0000,2806.2000,2806.4000,1,1,2,1,2,1,2,1,2,2
SF,IH2006,2020-05-07 09:34:38.600,2805.6000,22601,0,415007280.000,0,-,-,-,-,2805.0000,2804.8000,2804.6000,2804.2000,2804.0000,2805.6000,2805.8000,2806.0000,2806.2000,2806.4000,1,1,2,1,2,1,2,1,2,7
SF,IH2006,2020-05-07 09:34:39.100,2805.6000,22601,0,415007280.000,0,-,-,-,-,2805.2000,2805.0000,2804.6000,2804.2000,2804.0000,2805.8000,2806.0000,2806.2000,2806.4000,2806.8000,1,1,2,1,2,1,1,2,7,1
