市场代码,合约代码,时间,最新,持仓,增仓,成交额,成交量,开仓,平仓,成交类型,方向,买一价,买二价,买三价,买四价,买五价,卖一价,卖二价,卖三价,卖四价,卖五价,买一量,买二量,买三量,买四量,买五量,卖一量,卖二量,卖三量,卖四量,卖五量
SF,IH2006,2020-06-17 09:29:00.200,2855.8000,22264,0,65112240.000,76.000,-,-,-,-,2855.8000,2855.6000,2855.2000,2855.0000,2854.6000,2859.4000,2861.0000,2861.8000,2862.0000,2862.6000,3,1,6,2,4,4,4,1,2,6
SF,IH2006,2020-06-17 09:30:00.200,2861.0000,22261,-3,72835020.000,9,3,6,多平,S,2861.4000,2860.4000,2859.8000,2859.6000,2859.4000,2861.8000,2862.0000,2862.6000,2863.0000,2863.8000,3,10,1,1,4,1,2,2,2,1
SF,IH2006,2020-06-17 09:30:00.700,2862.0000,22241,-20,93440160.000,24,2,22,多平,S,2861.4000,2860.4000,2860.2000,2859.8000,2859.4000,2863.0000,2863.8000,2864.0000,2864.8000,2865.0000,9,10,1,1,1,1,1,2,1,2
SF,IH2006,2020-06-17 09:30:01.200,2861.8000,22239,-2,102027720.000,10,4,6,多平,S,2861.8000,2861.6000,2861.4000,2860.4000,2860.2000,2863.6000,2863.8000,2864.0000,2864.8000,2865.0000,1,11,10,10,1,7,1,2,1,2
SF,IH2006,2020-06-17 09:30:01.700,2863.2000,22238,-1,111476700.000,11,5,6,多平,S,2862.4000,2862.0000,2861.8000,2861.6000,2861.4000,2863.4000,2863.6000,2863.8000,2864.0000,2864.8000,1,21,7,1,6,1,6,1,2,1
SF,IH2006,2020-06-17 09:30:02.200,2863.0000,22226,-12,125218500.000,16,2,14,多平,S,2862.4000,2862.0000,2861.8000,2861.4000,2860.4000,2863.4000,2863.8000,2864.0000,2864.8000,2865.0000,2,6,2,6,10,2,1,2,1,2
SF,IH2006,2020-06-17 09:30:02.700,2862.4000,22224,-2,135523920.000,12,5,7,多平,S,2862.4000,2862.0000,2861.8000,2861.4000,2860.4000,2863.4000,2863.8000,2864.0000,2864.8000,2865.0000,2,4,1,4,10,1,1,3,1,2
SF,IH2006,2020-06-17 09:30:03.200,2863.8000,22223,-1,138101100.000,3,1,2,多平,S,2863.4000,2862.6000,2862.4000,2862.0000,2861.8000,2864.0000,2864.8000,2865.0000,2865.6000,2866.0000,1,1,6,4,1,3,1,2,3,2
SF,IH2006,2020-06-17 09:30:03.700,2863.6000,22220,-3,140678400.000,3,0,3,双平,S,2863.6000,2863.4000,2862.8000,2862.4000,2862.0000,2863.8000,2864.0000,2864.8000,2865.0000,2865.6000,1,7,2,1,3,1,2,1,2,3
SF,IH2006,2020-06-17 09:30:04.200,2863.8000,22216,-4,145833300.000,6,1,5,多平,S,2863.6000,2863.4000,2862.0000,2861.8000,2860.4000,2864.8000,2865.0000,2865.6000,2866.0000,2867.8000,8,1,3,1,9,1,2,3,2,2
SF,IH2006,2020-06-17 09:30:04.700,2863.8000,22214,-2,147551580.000,2,0,2,双平,S,2864.2000,2863.8000,2863.6000,2863.4000,2862.0000,2864.6000,2864.8000,2865.0000,2865.6000,2866.0000,1,1,9,1,1,1,2,2,3,2
SF,IH2006,2020-06-17 09:30:05.200,2864.6000,22212,-2,149270280.000,2,0,2,双平,S,2864.4000,2864.2000,2863.6000,2863.4000,2863.0000,2864.8000,2865.0000,2865.6000,2866.0000,2867.8000,2,9,1,1,1,2,2,3,2,2
SF,IH2006,2020-06-17 09:30:05.700,2864.8000,22208,-4,152707920.000,4,0,4,双平,S,2864.4000,2864.2000,2863.6000,2863.4000,2863.0000,2865.0000,2865.6000,2866.0000,2867.8000,2868.8000,8,1,1,1,1,2,3,2,2,2
SF,IH2006,2020-06-17 09:30:06.200,2864.6000,22202,-6,160443360.000,9,1,8,多平,S,2864.6000,2864.4000,2864.2000,2863.6000,2863.4000,2865.6000,2866.0000,2867.8000,2868.8000,2869.2000,1,10,1,1,1,2,2,2,2,1
SF,IH2006,2020-06-17 09:30:06.700,2866.0000,22200,-2,163022520.000,3,0,3,多平,S,2864.8000,2864.6000,2864.4000,2864.2000,2863.6000,2866.0000,2867.8000,2868.8000,2869.2000,2869.6000,2,10,1,1,1,1,2,2,1,1
SF,IH2006,2020-06-17 09:30:07.200,2864.8000,22195,-5,168179760.000,6,0,6,多平,S,2864.8000,2864.6000,2864.4000,2864.2000,2863.6000,2865.0000,2865.8000,2867.6000,2867.8000,2868.8000,8,2,1,1,1,1,1,6,2,2
SF,IH2006,2020-06-17 09:30:07.700,2864.8000,22190,-5,175914780.000,9,2,7,多平,S,2864.8000,2864.6000,2864.4000,2864.2000,2863.6000,2867.6000,2868.8000,2869.2000,2869.6000,2869.8000,2,2,1,1,1,6,2,1,1,5
SF,IH2006,2020-06-17 09:30:08.200,2864.8000,22189,-1,176774220.000,1,0,1,双平,S,2865.2000,2865.0000,2864.8000,2864.6000,2864.4000,2865.8000,2866.4000,2866.8000,2867.0000,2867.2000,1,13,6,4,1,1,2,1,2,1
SF,IH2006,2020-06-17 09:30:08.700,2865.2000,22185,-4,180212460.000,4,0,4,双平,S,2865.2000,2865.0000,2864.6000,2864.4000,2864.2000,2865.4000,2865.6000,2865.8000,2866.4000,2866.8000,3,3,4,1,1,1,9,3,2,1
SF,IH2006,2020-06-17 09:30:09.200,2865.0000,22180,-5,187088820.000,8,1,7,多平,S,2865.0000,2864.6000,2864.4000,2864.2000,2863.6000,2865.2000,2865.4000,2865.6000,2865.8000,2866.4000,1,4,1,1,1,7,1,4,2,2
SF,IH2006,2020-06-17 09:30:09.700,2865.0000,22173,-7,194824020.000,9,1,8,多平,S,2864.6000,2864.4000,2864.2000,2863.6000,2863.0000,2865.2000,2865.6000,2865.8000,2866.4000,2866.8000,2,1,1,1,1,5,3,2,2,3
SF,IH2006,2020-06-17 09:30:10.200,2865.0000,22168,-5,201699360.000,8,1,7,多平,S,2864.4000,2864.2000,2863.6000,2863.0000,2861.8000,2865.0000,2865.2000,2865.8000,2866.4000,2866.8000,3,1,1,1,1,1,5,2,2,3
SF,IH2006,2020-06-17 09:30:10.700,2864.4000,22165,-3,204277320.000,3,0,3,双平,S,2864.4000,2864.2000,2863.6000,2863.0000,2861.8000,2864.6000,2864.8000,2865.0000,2865.2000,2865.8000,1,1,1,1,1,3,4,3,2,2
SF,IH2006,2020-06-17 09:30:11.200,2864.4000,22162,-3,209433060.000,6,1,5,多平,S,2864.2000,2863.0000,2861.8000,2861.2000,2861.0000,2864.4000,2864.6000,2865.0000,2865.2000,2865.4000,1,1,1,1,1,2,5,2,2,1
SF,IH2006,2020-06-17 09:30:11.700,2864.2000,22161,-1,212870100.000,4,1,3,多平,S,2863.0000,2861.8000,2861.4000,2861.2000,2861.0000,2864.4000,2864.6000,2865.0000,2865.2000,2865.4000,1,1,1,1,1,7,4,2,2,1
SF,IH2006,2020-06-17 09:30:12.200,2864.4000,22161,0,213729420.000,1,0,1,多换,S,2863.2000,2863.0000,2862.0000,2861.8000,2861.4000,2863.4000,2864.2000,2864.4000,2864.6000,2865.0000,7,1,7,1,1,1,12,6,4,3
SF,IH2006,2020-06-17 09:30:12.700,2863.4000,22157,-4,218024760.000,5,0,5,多平,S,2863.4000,2863.2000,2863.0000,2861.8000,2861.6000,2864.2000,2864.4000,2864.6000,2865.0000,2865.2000,5,3,1,1,1,2,6,4,3,2
SF,IH2006,2020-06-17 09:30:13.200,2864.0000,22156,-1,219742980.000,2,0,2,多平,S,2863.6000,2863.4000,2863.0000,2861.8000,2861.6000,2864.0000,2864.2000,2864.4000,2864.6000,2865.0000,3,1,1,1,1,3,3,5,4,3
SF,IH2006,2020-06-17 09:30:13.700,2863.4000,22156,0,224038260.000,5,2,3,多换,S,2863.2000,2863.0000,2861.8000,2861.6000,2861.4000,2863.6000,2863.8000,2864.0000,2864.2000,2864.4000,1,1,2,1,1,1,1,3,3,5
SF,IH2006,2020-06-17 09:30:14.200,2863.0000,22151,-5,230050860.000,7,1,6,多平,S,2861.8000,2861.6000,2861.4000,2861.2000,2861.0000,2863.6000,2864.0000,2864.2000,2864.4000,2864.6000,2,1,1,1,1,1,1,3,5,4
SF,IH2006,2020-06-17 09:30:14.700,2863.4000,22148,-3,232627860.000,3,0,3,双平,S,2863.0000,2862.2000,2862.0000,2861.8000,2861.6000,2863.4000,2863.6000,2864.0000,2864.2000,2864.4000,5,5,6,3,1,10,1,1,2,5
SF,IH2006,2020-06-17 09:30:15.200,2863.2000,22147,-1,233486820.000,1,0,1,双平,S,2863.2000,2863.0000,2862.2000,2862.0000,2861.8000,2863.4000,2863.6000,2863.8000,2864.0000,2864.2000,1,2,1,4,2,1,1,1,1,2
SF,IH2006,2020-06-17 09:30:15.700,2863.2000,22145,-2,236063760.000,3,0,3,多平,S,2863.0000,2862.2000,2862.0000,2861.8000,2861.6000,2863.6000,2863.8000,2864.0000,2864.2000,2864.4000,3,1,4,2,1,1,1,1,2,7
SF,IH2006,2020-06-17 09:30:16.200,2863.6000,22144,-1,236922840.000,1,0,1,双平,S,2863.4000,2863.0000,2862.2000,2862.0000,2861.8000,2863.6000,2863.8000,2864.0000,2864.2000,2864.4000,1,8,1,3,2,1,1,1,2,7
SF,IH2006,2020-06-17 09:30:16.700,2863.2000,22141,-3,240358680.000,4,0,4,多平,S,2863.0000,2862.2000,2862.0000,2861.8000,2861.6000,2863.2000,2863.4000,2863.6000,2863.8000,2864.0000,2,1,3,2,1,3,1,1,1,1
SF,IH2006,2020-06-17 09:30:17.200,2862.2000,22137,-4,245511720.000,6,1,5,多平,S,2862.0000,2861.8000,2861.6000,2861.4000,2861.2000,2863.0000,2863.2000,2863.4000,2863.6000,2863.8000,3,2,1,1,1,3,4,1,1,1
SF,IH2006,2020-06-17 09:30:17.700,2862.8000,22136,-1,246370560.000,1,0,1,双平,S,2862.2000,2862.0000,2861.8000,2861.6000,2861.4000,2863.0000,2863.2000,2863.4000,2863.6000,2863.8000,1,8,2,1,1,3,5,1,1,1
SF,IH2006,2020-06-17 09:30:18.200,2862.2000,22131,-5,251523180.000,6,0,6,多平,S,2862.0000,2861.8000,2861.6000,2861.4000,2861.2000,2863.0000,2863.2000,2863.4000,2863.6000,2863.8000,7,2,1,1,1,1,5,1,4,1
SF,IH2006,2020-06-17 09:30:18.700,2862.8000,22130,-1,252382020.000,1,0,1,双平,S,2862.6000,2862.2000,2862.0000,2861.8000,2861.6000,2863.0000,2863.2000,2863.4000,2863.6000,2863.8000,1,1,2,2,1,3,5,1,3,1
SF,IH2006,2020-06-17 09:30:19.200,2863.0000,22129,-1,255817200.000,4,1,3,多平,S,2862.0000,2861.8000,2861.6000,2861.4000,2861.2000,2863.2000,2863.4000,2863.6000,2863.8000,2864.0000,1,2,1,1,1,5,1,3,1,1
SF,IH2006,2020-06-17 09:30:19.700,2862.2000,22128,-1,256675860.000,1,0,1,双平,S,2862.0000,2861.8000,2861.6000,2861.4000,2861.2000,2863.0000,2863.2000,2863.4000,2863.6000,2863.8000,2,2,1,1,1,5,5,1,3,1
SF,IH2006,2020-06-17 09:30:20.200,2862.2000,22123,-5,260969700.000,5,0,5,双平,S,2861.8000,2861.6000,2861.4000,2861.2000,2861.0000,2862.0000,2863.0000,2863.2000,2863.4000,2863.6000,4,1,1,1,1,2,3,5,1,3
SF,IH2006,2020-06-17 09:30:20.700,2863.0000,22122,-1,264404400.000,4,1,3,多平,S,2862.6000,2862.0000,2861.8000,2861.6000,2861.4000,2863.2000,2863.4000,2863.6000,2863.8000,2864.0000,1,3,4,1,1,5,1,3,1,1
SF,IH2006,2020-06-17 09:30:21.200,2862.6000,22116,-6,269557080.000,6,0,6,双平,S,2862.2000,2862.0000,2861.8000,2861.6000,2861.4000,2862.6000,2863.0000,2863.2000,2863.4000,2863.6000,1,3,5,1,1,1,1,5,1,3
SF,IH2006,2020-06-17 09:30:21.700,2863.2000,22115,-1,271274820.000,2,0,2,多平,S,2862.2000,2862.0000,2861.8000,2861.6000,2861.4000,2862.6000,2863.2000,2863.4000,2863.6000,2863.8000,1,3,5,1,1,1,4,1,3,1
SF,IH2006,2020-06-17 09:30:22.200,2861.8000,22109,-6,279001980.000,9,1,8,多平,S,2861.6000,2861.4000,2861.2000,2861.0000,2860.8000,2862.2000,2862.6000,2863.2000,2863.4000,2863.6000,1,1,1,1,1,1,3,6,1,3
SF,IH2006,2020-06-17 09:30:22.700,2862.0000,22106,-3,282436260.000,4,0,4,多平,S,2861.4000,2861.2000,2861.0000,2860.8000,2860.6000,2862.2000,2862.6000,2863.2000,2863.4000,2863.6000,1,1,1,1,1,6,4,6,1,3
SF,IH2006,2020-06-17 09:30:23.200,2862.2000,22104,-2,284153580.000,2,0,2,双平,S,2861.4000,2861.2000,2861.0000,2860.8000,2860.6000,2861.6000,2862.0000,2862.2000,2862.6000,2863.2000,1,3,1,1,1,6,1,5,4,6
SF,IH2006,2020-06-17 09:30:23.700,2862.0000,22102,-2,291880320.000,9,3,6,多平,S,2862.0000,2861.8000,2861.6000,2861.4000,2861.2000,2862.2000,2862.6000,2863.2000,2863.4000,2863.6000,1,3,5,6,3,4,5,6,1,3
SF,IH2006,2020-06-17 09:30:24.200,2862.0000,22097,-5,300466080.000,10,2,8,多平,S,2861.6000,2861.4000,2861.2000,2861.0000,2860.8000,2862.2000,2862.6000,2863.2000,2863.4000,2863.6000,1,6,3,1,1,2,4,6,1,3
SF,IH2006,2020-06-17 09:30:24.700,2861.6000,22096,-1,303041700.000,3,1,2,多平,S,2861.4000,2861.2000,2861.0000,2860.8000,2860.6000,2862.2000,2862.6000,2863.2000,2863.4000,2863.6000,1,3,1,1,1,1,4,6,1,3
SF,IH2006,2020-06-17 09:30:25.200,2861.4000,22094,-2,305617320.000,3,0,3,多平,S,2861.4000,2861.2000,2861.0000,2860.8000,2860.6000,2862.2000,2862.6000,2863.2000,2863.4000,2863.6000,5,3,1,1,1,2,4,6,1,3
SF,IH2006,2020-06-17 09:30:25.700,2862.2000,22093,-1,308193120.000,3,1,2,多平,S,2861.8000,2861.6000,2861.4000,2861.2000,2861.0000,2862.6000,2863.2000,2863.4000,2863.6000,2864.2000,1,1,5,3,1,4,6,1,3,1
SF,IH2006,2020-06-17 09:30:26.200,2862.0000,22090,-3,312486840.000,5,1,4,多平,S,2862.0000,2861.8000,2861.6000,2861.4000,2861.2000,2863.2000,2863.4000,2863.6000,2864.2000,2864.4000,1,2,3,5,3,6,1,3,1,3
SF,IH2006,2020-06-17 09:30:26.700,2863.0000,22086,-4,316780380.000,5,0,5,多平,S,2862.0000,2861.8000,2861.6000,2861.4000,2861.2000,2863.0000,2863.2000,2863.4000,2863.6000,2864.2000,1,1,2,5,3,4,6,1,3,1
SF,IH2006,2020-06-17 09:30:27.200,2862.2000,22083,-3,319356600.000,3,0,3,双平,S,2862.0000,2861.8000,2861.6000,2861.2000,2861.0000,2863.0000,2863.2000,2863.4000,2863.6000,2864.2000,1,1,2,3,1,3,6,1,3,1
SF,IH2006,2020-06-17 09:30:27.700,2862.8000,22080,-3,322791480.000,4,0,4,多平,S,2861.6000,2861.2000,2861.0000,2860.8000,2860.6000,2863.0000,2863.2000,2863.4000,2863.6000,2864.2000,2,3,1,1,1,3,6,1,3,1
SF,IH2006,2020-06-17 09:30:28.200,2862.4000,22079,-1,324508740.000,2,0,2,多平,S,2861.8000,2861.6000,2861.2000,2861.0000,2860.8000,2862.4000,2862.8000,2863.0000,2863.2000,2863.4000,3,2,3,1,1,4,9,3,6,1
SF,IH2006,2020-06-17 09:30:28.700,2862.4000,22078,-1,325367460.000,1,0,1,双平,S,2862.0000,2861.8000,2861.6000,2861.2000,2861.0000,2862.4000,2862.6000,2862.8000,2863.0000,2863.2000,1,2,2,3,1,3,1,3,1,6
SF,IH2006,2020-06-17 09:30:29.200,2862.4000,22078,0,325367460.000,0,-,-,-,-,2862.2000,2862.0000,2861.8000,2861.6000,2861.2000,2862.4000,2862.6000,2862.8000,2863.0000,2863.2000,1,1,6,2,2,3,1,3,1,6
SF,IH2006,2020-06-17 09:30:29.700,2862.0000,22076,-2,329660460.000,5,1,4,多平,S,2861.8000,2861.6000,2861.2000,2861.0000,2860.8000,2862.2000,2862.4000,2862.6000,2862.8000,2863.0000,5,2,2,1,1,2,3,1,3,1
SF,IH2006,2020-06-17 09:30:30.200,2861.8000,22071,-5,333953160.000,5,0,5,双平,S,2861.8000,2861.6000,2861.2000,2861.0000,2860.8000,2862.0000,2862.2000,2862.6000,2862.8000,2863.0000,2,4,2,1,1,2,5,1,2,1
SF,IH2006,2020-06-17 09:30:30.700,2861.8000,22063,-8,343396500.000,11,1,10,多平,S,2861.2000,2861.0000,2860.8000,2860.6000,2860.4000,2862.0000,2862.2000,2862.6000,2862.8000,2863.0000,1,1,1,1,1,3,3,1,2,1
SF,IH2006,2020-06-17 09:30:31.200,2861.4000,22061,-2,345113400.000,2,0,2,双平,S,2861.2000,2861.0000,2860.8000,2860.6000,2860.4000,2861.8000,2862.0000,2862.2000,2862.6000,2862.8000,1,1,1,1,1,3,3,3,1,2
SF,IH2006,2020-06-17 09:30:31.700,2861.8000,22058,-3,347688720.000,3,0,3,双平,S,2861.0000,2860.8000,2860.6000,2860.4000,2860.2000,2861.8000,2862.0000,2862.2000,2862.6000,2862.8000,1,1,1,1,3,2,2,3,1,2
SF,IH2006,2020-06-17 09:30:32.200,2861.8000,22054,-4,351122640.000,4,0,4,双平,S,2861.8000,2861.2000,2861.0000,2860.8000,2860.6000,2862.0000,2862.2000,2862.6000,2862.8000,2863.0000,1,1,1,4,1,2,3,1,2,1
SF,IH2006,2020-06-17 09:30:32.700,2861.2000,22052,-2,352839540.000,2,0,2,双平,S,2861.0000,2860.8000,2860.6000,2860.4000,2860.2000,2861.4000,2861.6000,2861.8000,2862.0000,2862.2000,1,4,1,1,3,1,1,6,2,3
SF,IH2006,2020-06-17 09:30:33.200,2861.2000,22049,-3,357131760.000,5,1,4,多平,S,2861.2000,2861.0000,2860.8000,2860.6000,2860.4000,2861.8000,2862.0000,2862.2000,2862.6000,2862.8000,3,1,4,1,1,2,2,3,1,2
SF,IH2006,2020-06-17 09:30:33.700,2862.2000,22042,-7,364858980.000,9,1,8,多平,S,2861.4000,2861.2000,2861.0000,2860.8000,2860.6000,2862.2000,2862.6000,2862.8000,2863.0000,2863.2000,8,3,1,4,1,1,1,2,1,6
SF,IH2006,2020-06-17 09:30:34.200,2862.0000,22034,-8,371726760.000,8,0,8,双平,S,2861.4000,2861.2000,2861.0000,2860.8000,2860.6000,2862.6000,2862.8000,2863.0000,2863.2000,2863.4000,4,1,1,4,1,1,2,1,6,1
SF,IH2006,2020-06-17 09:30:34.700,2861.6000,22034,0,372585240.000,1,0,1,多换,S,2861.6000,2861.4000,2861.2000,2861.0000,2860.8000,2862.0000,2862.4000,2862.6000,2862.8000,2863.2000,4,4,1,1,4,1,3,4,3,6
SF,IH2006,2020-06-17 09:30:35.200,2861.6000,22029,-5,379453440.000,8,1,7,多平,S,2861.4000,2861.2000,2861.0000,2860.8000,2860.6000,2861.6000,2861.8000,2862.0000,2862.2000,2862.4000,4,1,1,4,1,2,1,2,1,3
SF,IH2006,2020-06-17 09:30:35.700,2862.2000,22024,-5,384604800.000,6,0,6,多平,S,2861.4000,2861.2000,2861.0000,2860.8000,2860.6000,2862.4000,2862.6000,2862.8000,2863.0000,2863.2000,4,1,1,4,1,3,4,3,1,6
SF,IH2006,2020-06-17 09:30:36.200,2861.2000,22018,-6,389755260.000,6,0,6,双平,S,2860.8000,2860.6000,2860.4000,2860.2000,2860.0000,2862.0000,2862.2000,2862.4000,2862.6000,2862.8000,4,1,2,3,2,1,5,7,3,3
SF,IH2006,2020-06-17 09:30:36.700,2861.6000,22017,-1,390613740.000,1,0,1,双平,S,2861.2000,2860.8000,2860.6000,2860.4000,2860.2000,2861.6000,2861.8000,2862.0000,2862.4000,2862.6000,1,4,1,2,3,2,5,3,4,3
SF,IH2006,2020-06-17 09:30:37.200,2861.4000,22019,2,393188940.000,3,2,1,空开,S,2861.0000,2860.8000,2860.6000,2860.4000,2860.2000,2861.4000,2861.6000,2861.8000,2862.0000,2862.4000,1,4,1,2,3,2,3,1,2,6
SF,IH2006,2020-06-17 09:30:37.700,2861.0000,22020,1,394905660.000,2,1,1,空开,S,2860.8000,2860.6000,2860.4000,2860.2000,2860.0000,2861.2000,2861.4000,2861.6000,2861.8000,2862.0000,4,1,2,3,2,1,2,2,1,2
SF,IH2006,2020-06-17 09:30:38.200,2860.8000,22016,-4,399196920.000,5,0,5,多平,S,2860.8000,2860.6000,2860.4000,2860.2000,2860.0000,2861.2000,2861.4000,2861.6000,2861.8000,2862.0000,1,1,2,3,2,1,1,2,1,1
SF,IH2006,2020-06-17 09:30:38.700,2861.4000,22012,-4,402630420.000,4,0,4,双平,S,2861.4000,2860.8000,2860.6000,2860.4000,2860.2000,2861.6000,2861.8000,2862.0000,2862.4000,2862.6000,3,1,1,2,3,2,1,1,6,3
SF,IH2006,2020-06-17 09:30:39.200,2860.8000,22008,-4,406063920.000,4,0,4,双平,S,2860.6000,2860.4000,2860.2000,2860.0000,2859.8000,2860.8000,2861.0000,2861.6000,2861.8000,2862.0000,1,2,3,2,1,1,1,2,1,6
SF,IH2006,2020-06-17 09:30:39.700,2860.8000,22002,-6,412072020.000,7,0,7,多平,S,2861.4000,2860.8000,2860.6000,2860.4000,2860.2000,2861.6000,2861.8000,2862.0000,2862.4000,2862.6000,1,3,1,2,3,1,1,6,4,1
SF,IH2006,2020-06-17 09:30:40.200,2860.8000,22001,-1,413788620.000,2,0,2,多平,S,2860.8000,2860.6000,2860.4000,2860.2000,2860.0000,2861.2000,2861.4000,2861.6000,2861.8000,2862.0000,1,2,2,2,2,3,4,1,1,6
SF,IH2006,2020-06-17 09:30:40.700,2860.8000,22001,0,416363340.000,3,1,2,多换,S,2860.8000,2860.6000,2860.4000,2860.2000,2860.0000,2861.0000,2861.4000,2861.8000,2862.0000,2862.4000,1,1,2,2,2,1,3,1,6,4
SF,IH2006,2020-06-17 09:30:41.200,2860.8000,22000,-1,418079880.000,2,0,2,多平,S,2861.0000,2860.6000,2860.4000,2860.2000,2860.0000,2861.4000,2861.8000,2862.0000,2862.4000,2862.6000,1,1,2,2,2,3,1,6,2,1
SF,IH2006,2020-06-17 09:30:41.700,2861.4000,21998,-2,421513320.000,4,1,3,多平,S,2861.2000,2860.4000,2860.2000,2860.0000,2859.8000,2861.4000,2861.8000,2862.0000,2862.4000,2862.8000,1,2,2,2,1,2,1,6,2,2
SF,IH2006,2020-06-17 09:30:42.200,2861.2000,21998,0,422371680.000,1,0,1,多换,S,2860.4000,2860.2000,2860.0000,2859.8000,2859.4000,2860.8000,2861.0000,2861.2000,2861.4000,2861.8000,2,2,2,1,6,1,2,2,2,1
SF,IH2006,2020-06-17 09:30:42.700,2860.8000,21997,-1,423229920.000,1,0,1,双平,S,2861.0000,2860.8000,2860.4000,2860.2000,2860.0000,2861.2000,2861.4000,2861.8000,2862.0000,2862.4000,1,9,2,2,2,1,3,1,6,2
SF,IH2006,2020-06-17 09:30:43.200,2861.2000,21991,-6,430097340.000,8,1,7,多平,S,2860.8000,2860.4000,2860.2000,2860.0000,2859.8000,2862.0000,2862.4000,2862.8000,2863.0000,2863.2000,11,2,2,2,1,5,2,2,1,5
SF,IH2006,2020-06-17 09:30:43.700,2861.8000,21990,-1,431814240.000,2,0,2,多平,S,2861.4000,2861.2000,2861.0000,2860.8000,2860.6000,2861.8000,2862.0000,2862.4000,2862.8000,2863.0000,1,2,3,11,1,1,6,2,2,1
SF,IH2006,2020-06-17 09:30:44.200,2861.0000,21986,-4,436964640.000,6,1,5,多平,S,2860.8000,2860.6000,2860.4000,2860.2000,2860.0000,2861.4000,2861.8000,2862.0000,2862.4000,2862.8000,11,1,2,2,2,1,1,6,2,2
SF,IH2006,2020-06-17 09:30:44.700,2861.0000,21986,0,437822940.000,1,0,1,多换,S,2861.0000,2860.8000,2860.6000,2860.4000,2860.2000,2861.2000,2861.8000,2862.0000,2862.4000,2862.8000,1,11,1,2,2,1,1,6,2,2
SF,IH2006,2020-06-17 09:30:45.200,2861.8000,21985,-1,440398200.000,3,1,2,多平,S,2861.0000,2860.8000,2860.6000,2860.4000,2860.2000,2861.8000,2862.0000,2862.4000,2862.8000,2863.0000,3,11,1,2,2,1,6,2,2,1
SF,IH2006,2020-06-17 09:30:45.700,2861.8000,21982,-3,443831700.000,4,0,4,多平,S,2861.0000,2860.8000,2860.6000,2860.4000,2860.2000,2861.4000,2861.6000,2861.8000,2862.0000,2862.4000,1,11,1,2,2,1,1,1,6,2
SF,IH2006,2020-06-17 09:30:46.200,2861.2000,21981,-1,444690060.000,1,0,1,双平,S,2861.0000,2860.8000,2860.6000,2860.4000,2860.2000,2861.4000,2861.6000,2861.8000,2862.0000,2862.4000,3,11,1,2,2,1,1,1,6,2
SF,IH2006,2020-06-17 09:30:46.700,2861.2000,21979,-2,447265140.000,3,0,3,多平,S,2861.0000,2860.8000,2860.6000,2860.4000,2860.2000,2861.4000,2861.6000,2861.8000,2862.0000,2862.4000,4,11,1,2,2,1,1,2,6,2
SF,IH2006,2020-06-17 09:30:47.200,2861.0000,21976,-3,452415540.000,6,1,5,多平,S,2861.0000,2860.8000,2860.6000,2860.4000,2860.2000,2861.8000,2862.0000,2862.4000,2863.0000,2863.2000,5,11,1,2,2,1,6,2,1,5
SF,IH2006,2020-06-17 09:30:47.700,2861.8000,21974,-2,454991040.000,3,0,3,多平,S,2861.6000,2861.2000,2861.0000,2860.8000,2860.6000,2862.0000,2862.4000,2863.0000,2863.2000,2863.4000,1,1,4,11,1,6,2,1,5,1
SF,IH2006,2020-06-17 09:30:48.200,2861.6000,21972,-2,458425140.000,4,1,3,多平,S,2861.6000,2861.4000,2861.2000,2860.8000,2860.6000,2861.8000,2862.0000,2862.4000,2863.0000,2863.2000,4,3,2,10,1,1,5,2,1,5
SF,IH2006,2020-06-17 09:30:48.700,2861.8000,21966,-6,465293580.000,8,1,7,多平,S,2861.6000,2861.4000,2861.2000,2860.8000,2860.6000,2862.0000,2862.4000,2863.0000,2863.2000,2863.4000,2,4,2,10,1,1,2,1,5,1
SF,IH2006,2020-06-17 09:30:49.200,2861.8000,21963,-3,468728040.000,4,0,4,多平,S,2861.8000,2861.6000,2861.4000,2861.2000,2860.8000,2862.4000,2863.0000,2863.2000,2863.4000,2863.8000,4,2,5,1,10,1,1,5,1,4
SF,IH2006,2020-06-17 09:30:49.700,2861.8000,21958,-5,473879280.000,6,0,6,多平,S,2861.8000,2861.4000,2861.2000,2860.8000,2860.6000,2862.4000,2863.0000,2863.2000,2863.4000,2863.8000,2,6,1,10,1,1,1,4,1,4
SF,IH2006,2020-06-17 09:30:50.200,2861.8000,21954,-4,479889720.000,7,1,6,多平,S,2861.4000,2861.2000,2860.8000,2860.6000,2860.4000,2862.2000,2863.2000,2863.4000,2863.6000,2863.8000,6,1,10,1,2,3,4,1,1,4
SF,IH2006,2020-06-17 09:30:50.700,2861.8000,21954,0,479889720.000,0,-,-,-,-,2861.6000,2861.4000,2861.2000,2860.8000,2860.6000,2862.0000,2862.2000,2863.2000,2863.4000,2863.6000,1,6,1,10,1,1,4,4,1,1
SF,IH2006,2020-06-17 09:30:51.200,2862.0000,21949,-5,485041500.000,6,0,6,多平,S,2862.0000,2861.8000,2861.6000,2861.4000,2861.2000,2863.0000,2863.2000,2863.4000,2863.6000,2863.8000,1,1,2,6,1,1,4,1,1,4
SF,IH2006,2020-06-17 09:30:51.700,2862.0000,21949,0,486758700.000,2,1,1,多换,S,2862.2000,2861.6000,2861.4000,2861.2000,2860.8000,2862.8000,2863.0000,2863.2000,2863.4000,2863.6000,1,2,6,1,1,5,4,5,1,1
SF,IH2006,2020-06-17 09:30:52.200,2862.2000,21936,-13,498781080.000,14,0,14,多平,S,2861.6000,2861.4000,2861.2000,2860.6000,2860.4000,2862.2000,2862.4000,2862.8000,2863.0000,2863.2000,2,6,1,1,2,1,2,4,3,5
SF,IH2006,2020-06-17 09:30:52.700,2862.2000,21932,-4,503074080.000,5,0,5,多平,S,2862.2000,2861.8000,2861.6000,2861.4000,2861.2000,2862.8000,2863.0000,2863.2000,2863.4000,2863.6000,4,1,5,6,1,2,2,5,1,1
SF,IH2006,2020-06-17 09:30:53.200,2862.2000,21928,-4,507367380.000,5,0,5,多平,S,2861.8000,2861.6000,2861.4000,2861.2000,2860.6000,2862.6000,2862.8000,2863.0000,2863.2000,2863.4000,1,5,6,1,1,2,2,2,5,1
SF,IH2006,2020-06-17 09:30:53.700,2862.0000,21927,-1,508225980.000,1,0,1,双平,S,2861.8000,2861.6000,2861.4000,2861.2000,2860.6000,2862.4000,2862.6000,2862.8000,2863.0000,2863.2000,3,5,6,1,1,1,2,2,2,5
SF,IH2006,2020-06-17 09:30:54.200,2862.0000,21925,-2,510801840.000,3,0,3,多平,S,2861.8000,2861.6000,2861.4000,2861.2000,2860.6000,2862.6000,2862.8000,2863.0000,2863.2000,2863.4000,3,5,6,1,1,1,2,2,5,1
SF,IH2006,2020-06-17 09:30:54.700,2862.6000,21921,-4,514236780.000,4,0,4,双平,S,2862.6000,2862.4000,2861.8000,2861.6000,2861.4000,2862.8000,2863.0000,2863.2000,2863.4000,2863.6000,5,2,1,5,6,2,2,5,1,1
SF,IH2006,2020-06-17 09:30:55.200,2862.6000,21916,-5,518530680.000,5,0,5,双平,S,2862.4000,2861.8000,2861.6000,2861.4000,2861.2000,2862.6000,2862.8000,2863.0000,2863.2000,2863.4000,2,1,4,6,1,3,2,2,5,1
SF,IH2006,2020-06-17 09:30:55.700,2861.8000,21913,-3,521106660.000,3,0,3,双平,S,2861.6000,2861.4000,2861.2000,2860.6000,2860.4000,2862.4000,2862.6000,2862.8000,2863.0000,2863.2000,1,6,1,1,2,1,3,2,2,5
SF,IH2006,2020-06-17 09:30:56.200,2862.2000,21913,0,521965320.000,1,0,1,多换,S,2861.8000,2861.6000,2861.4000,2861.2000,2860.6000,2862.4000,2862.6000,2862.8000,2863.0000,2863.2000,1,2,5,1,1,3,2,2,2,5
SF,IH2006,2020-06-17 09:30:56.700,2862.4000,21912,-1,522824040.000,1,0,1,双平,S,2862.0000,2861.8000,2861.6000,2861.4000,2861.2000,2862.2000,2862.4000,2862.6000,2862.8000,2863.0000,1,2,2,5,1,3,3,2,1,2
SF,IH2006,2020-06-17 09:30:57.200,2862.2000,21909,-3,526258740.000,4,0,4,多平,S,2862.2000,2861.8000,2861.6000,2861.4000,2861.2000,2862.4000,2862.6000,2862.8000,2863.0000,2863.2000,6,1,2,5,1,2,2,1,2,5
SF,IH2006,2020-06-17 09:30:57.700,2862.4000,21905,-4,530552100.000,5,0,5,多平,S,2862.2000,2861.8000,2861.6000,2861.4000,2861.2000,2862.4000,2862.6000,2862.8000,2863.0000,2863.2000,2,1,2,5,1,1,2,1,2,5
SF,IH2006,2020-06-17 09:30:58.200,2862.6000,21901,-4,537421800.000,8,2,6,多平,S,2862.4000,2862.2000,2861.8000,2861.6000,2861.4000,2863.0000,2863.2000,2863.4000,2863.6000,2863.8000,6,1,1,1,5,2,5,1,1,4
SF,IH2006,2020-06-17 09:30:58.700,2862.6000,21901,0,537421800.000,0,-,-,-,-,2862.6000,2862.4000,2862.2000,2861.8000,2861.6000,2862.8000,2863.0000,2863.2000,2863.4000,2863.6000,2,6,1,1,1,4,1,4,1,1
SF,IH2006,2020-06-17 09:30:59.200,2862.6000,21896,-5,541715940.000,5,0,5,双平,S,2862.4000,2862.2000,2861.8000,2861.6000,2861.4000,2863.2000,2863.4000,2863.6000,2863.8000,2864.0000,5,2,1,1,5,4,1,1,4,1
SF,IH2006,2020-06-17 09:30:59.700,2862.6000,21895,-1,542574720.000,1,0,1,双平,S,2862.4000,2862.2000,2862.0000,2861.8000,2861.6000,2863.0000,2863.2000,2863.4000,2863.6000,2863.8000,6,2,1,1,1,3,5,1,1,4
SF,IH2006,2020-06-17 09:31:00.200,2862.4000,21891,-4,546868560.000,5,0,5,多平,S,2862.4000,2862.2000,2862.0000,2861.8000,2861.6000,2862.8000,2863.0000,2863.2000,2863.4000,2863.6000,3,2,1,1,1,1,2,5,1,1
SF,IH2006,2020-06-17 09:31:00.700,2862.4000,21888,-3,549444720.000,3,0,3,双平,S,2862.2000,2862.0000,2861.8000,2861.6000,2861.4000,2862.4000,2862.6000,2862.8000,2863.2000,2863.4000,2,1,1,1,5,1,4,5,5,1
SF,IH2006,2020-06-17 09:31:01.200,2862.6000,21877,-11,558890640.000,11,0,11,双平,S,2862.4000,2862.0000,2861.8000,2861.6000,2861.4000,2862.6000,2862.8000,2863.2000,2863.4000,2863.6000,3,1,1,1,5,1,4,5,1,1
SF,IH2006,2020-06-17 09:31:01.700,2863.2000,21863,-14,573490560.000,17,1,16,多平,S,2863.2000,2861.8000,2861.6000,2861.4000,2860.8000,2863.4000,2863.6000,2863.8000,2864.0000,2864.4000,2,1,1,5,1,1,1,4,1,3
SF,IH2006,2020-06-17 09:31:02.200,2863.2000,21867,4,578644320.000,6,5,1,空开,S,2862.4000,2861.6000,2861.4000,2860.8000,2860.6000,2863.0000,2863.2000,2863.4000,2863.6000,2863.8000,1,1,5,1,2,2,7,1,1,4
SF,IH2006,2020-06-17 09:31:02.700,2863.0000,21862,-5,582938340.000,5,0,5,双平,S,2863.0000,2862.0000,2861.6000,2861.4000,2861.0000,2863.2000,2863.4000,2863.6000,2863.8000,2864.0000,1,1,1,5,1,1,2,1,4,1
SF,IH2006,2020-06-17 09:31:03.200,2863.0000,21859,-3,585515100.000,3,0,3,双平,S,2862.6000,2862.0000,2861.6000,2861.4000,2861.0000,2863.0000,2863.4000,2863.6000,2863.8000,2864.0000,2,1,1,5,1,2,1,1,4,1
SF,IH2006,2020-06-17 09:31:03.700,2862.6000,21851,-8,594103980.000,10,1,9,多平,S,2862.8000,2862.6000,2862.2000,2862.0000,2861.6000,2863.6000,2863.8000,2864.0000,2864.4000,2864.6000,1,9,1,1,1,1,4,1,3,1
SF,IH2006,2020-06-17 09:31:04.200,2863.2000,21848,-3,596681040.000,3,0,3,双平,S,2863.0000,2862.8000,2862.6000,2862.2000,2862.0000,2863.4000,2863.6000,2863.8000,2864.0000,2864.4000,12,2,2,1,1,1,1,4,1,3
SF,IH2006,2020-06-17 09:31:04.700,2863.4000,21844,-4,600117180.000,4,0,4,双平,S,2863.4000,2863.0000,2862.8000,2862.6000,2862.2000,2863.8000,2864.0000,2864.4000,2864.6000,2865.2000,3,12,2,2,1,4,1,3,1,1
SF,IH2006,2020-06-17 09:31:05.200,2863.6000,21845,1,606131220.000,7,4,3,空开,S,2863.6000,2863.0000,2862.8000,2862.6000,2862.2000,2864.4000,2864.6000,2865.2000,2865.4000,2865.6000,12,4,2,2,1,3,1,1,1,2
SF,IH2006,2020-06-17 09:31:05.700,2863.6000,21841,-4,610426800.000,5,0,5,多平,S,2863.6000,2863.4000,2863.0000,2862.8000,2862.6000,2864.4000,2864.6000,2865.2000,2865.4000,2865.6000,10,1,4,2,2,3,1,1,1,2
SF,IH2006,2020-06-17 09:31:06.200,2863.6000,21838,-3,613004040.000,3,0,3,双平,S,2863.6000,2863.4000,2863.0000,2862.8000,2862.6000,2864.0000,2864.2000,2864.4000,2864.6000,2865.2000,9,1,3,2,2,1,1,5,2,1
SF,IH2006,2020-06-17 09:31:06.700,2863.6000,21837,-1,613863120.000,1,0,1,双平,S,2863.6000,2863.4000,2863.0000,2862.8000,2862.6000,2864.0000,2864.4000,2864.6000,2865.2000,2865.4000,7,1,4,2,2,1,5,2,1,1
SF,IH2006,2020-06-17 09:31:07.200,2863.8000,21832,-5,619018080.000,6,0,6,多平,S,2863.6000,2863.4000,2863.0000,2862.8000,2862.6000,2864.4000,2864.6000,2865.2000,2865.4000,2865.6000,5,1,5,2,1,4,2,1,1,2
SF,IH2006,2020-06-17 09:31:07.700,2864.2000,21828,-4,628468620.000,11,3,8,多平,S,2863.4000,2863.0000,2862.8000,2862.6000,2862.2000,2864.2000,2864.4000,2864.6000,2865.2000,2865.4000,1,5,2,1,1,3,4,2,1,1
SF,IH2006,2020-06-17 09:31:08.200,2864.2000,21826,-2,631046400.000,3,0,3,多平,S,2863.8000,2863.4000,2863.0000,2862.8000,2862.6000,2864.2000,2864.4000,2864.6000,2865.2000,2865.4000,2,1,6,1,1,1,3,2,1,1
SF,IH2006,2020-06-17 09:31:08.700,2863.8000,21820,-6,636201600.000,6,0,6,双平,S,2863.8000,2863.6000,2863.4000,2863.0000,2862.6000,2864.4000,2864.6000,2865.2000,2865.4000,2865.6000,3,1,1,6,1,2,2,1,1,2
SF,IH2006,2020-06-17 09:31:09.200,2864.4000,21819,-1,637060920.000,1,0,1,双平,S,2864.0000,2863.8000,2863.6000,2863.4000,2863.0000,2864.4000,2864.6000,2865.2000,2865.4000,2865.6000,1,4,5,1,6,1,2,1,1,2
SF,IH2006,2020-06-17 09:31:09.700,2864.4000,21819,0,637920240.000,1,0,1,多换,S,2864.0000,2863.8000,2863.6000,2863.4000,2863.0000,2864.2000,2864.6000,2865.2000,2865.4000,2865.6000,3,1,5,1,6,1,2,1,1,2
SF,IH2006,2020-06-17 09:31:10.200,2864.0000,21811,-8,644794020.000,8,0,8,双平,S,2863.8000,2863.6000,2863.4000,2863.0000,2862.6000,2864.0000,2864.6000,2865.2000,2865.4000,2865.6000,1,5,1,6,1,4,2,1,1,2
SF,IH2006,2020-06-17 09:31:10.700,2864.0000,21807,-4,649949160.000,6,1,5,多平,S,2863.6000,2863.4000,2863.0000,2862.6000,2862.2000,2863.8000,2864.0000,2864.6000,2865.2000,2865.4000,6,1,6,1,1,2,1,2,1,1
SF,IH2006,2020-06-17 09:31:11.200,2864.2000,21800,-7,656823120.000,8,0,8,多平,S,2864.2000,2863.8000,2863.6000,2863.4000,2863.0000,2864.4000,2864.6000,2865.2000,2865.4000,2865.6000,4,6,6,1,6,12,2,1,1,2
SF,IH2006,2020-06-17 09:31:11.700,2864.2000,21795,-5,661119420.000,5,0,5,双平,S,2863.8000,2863.6000,2863.4000,2863.0000,2862.6000,2864.2000,2864.4000,2864.6000,2865.2000,2865.4000,3,5,1,3,1,16,12,3,1,1
SF,IH2006,2020-06-17 09:31:12.200,2863.8000,21787,-8,668851320.000,9,0,9,多平,S,2863.4000,2863.0000,2862.6000,2862.2000,2862.0000,2863.8000,2864.2000,2864.4000,2864.6000,2865.2000,1,6,1,1,1,3,13,13,2,1
SF,IH2006,2020-06-17 09:31:12.700,2863.8000,21787,0,668851320.000,0,-,-,-,-,2863.4000,2863.0000,2862.6000,2862.2000,2862.0000,2863.6000,2863.8000,2864.2000,2864.4000,2864.6000,1,6,1,1,1,3,4,11,13,2
SF,IH2006,2020-06-17 09:31:13.200,2863.4000,21783,-4,672287400.000,4,0,4,双平,S,2863.0000,2862.6000,2862.2000,2862.0000,2861.6000,2863.6000,2863.8000,2864.2000,2864.4000,2864.6000,6,1,1,1,1,4,4,11,13,2
SF,IH2006,2020-06-17 09:31:13.700,2863.2000,21783,0,674864280.000,3,1,2,多换,S,2863.0000,2862.6000,2862.2000,2862.0000,2861.6000,2863.6000,2863.8000,2864.2000,2864.4000,2864.6000,6,1,1,1,1,3,4,10,13,1
SF,IH2006,2020-06-17 09:31:14.200,2863.2000,21783,0,674864280.000,0,-,-,-,-,2863.2000,2863.0000,2862.6000,2862.2000,2862.0000,2863.6000,2863.8000,2864.2000,2864.4000,2864.6000,1,6,1,1,1,3,4,10,13,1
SF,IH2006,2020-06-17 09:31:14.700,2863.4000,21782,-1,676582260.000,2,0,2,多平,S,2863.0000,2862.6000,2862.2000,2862.0000,2861.6000,2863.6000,2863.8000,2864.2000,2864.4000,2864.6000,5,1,1,2,1,3,4,10,15,1
SF,IH2006,2020-06-17 09:31:15.200,2863.0000,21779,-3,679159320.000,3,0,3,双平,S,2863.0000,2862.6000,2862.2000,2862.0000,2861.6000,2863.4000,2863.6000,2863.8000,2864.2000,2864.4000,4,1,1,2,1,2,1,4,10,15
SF,IH2006,2020-06-17 09:31:15.700,2863.0000,21779,0,679159320.000,0,-,-,-,-,2863.2000,2863.0000,2862.6000,2862.2000,2862.0000,2863.4000,2863.6000,2863.8000,2864.2000,2864.4000,1,4,1,1,2,2,1,4,10,15
SF,IH2006,2020-06-17 09:31:16.200,2863.6000,21774,-5,683454300.000,5,0,5,双平,S,2863.0000,2862.6000,2862.2000,2862.0000,2861.6000,2863.8000,2864.2000,2864.4000,2864.6000,2864.8000,2,1,1,2,1,4,10,15,1,2
SF,IH2006,2020-06-17 09:31:16.700,2863.6000,21774,0,683454300.000,0,-,-,-,-,2863.2000,2863.0000,2862.6000,2862.2000,2862.0000,2863.6000,2863.8000,2864.2000,2864.4000,2864.6000,1,3,1,1,2,2,4,10,15,1
SF,IH2006,2020-06-17 09:31:17.200,2863.2000,21771,-3,686031240.000,3,0,3,双平,S,2863.0000,2862.6000,2862.2000,2862.0000,2861.6000,2863.6000,2863.8000,2864.2000,2864.4000,2864.6000,3,1,1,2,1,4,4,10,15,1
SF,IH2006,2020-06-17 09:31:17.700,2863.0000,21770,-1,686890140.000,1,0,1,双平,S,2863.2000,2863.0000,2862.8000,2862.6000,2862.2000,2863.4000,2863.6000,2863.8000,2864.0000,2864.2000,4,2,2,1,1,1,4,4,15,9
SF,IH2006,2020-06-17 09:31:18.200,2863.6000,21763,-7,696339180.000,11,2,9,多平,S,2863.0000,2862.8000,2862.6000,2862.2000,2862.0000,2863.2000,2863.6000,2863.8000,2864.0000,2864.2000,2,2,1,1,2,1,1,4,15,9
SF,IH2006,2020-06-17 09:31:18.700,2863.0000,21760,-3,698916000.000,3,0,3,双平,S,2862.8000,2862.6000,2862.2000,2862.0000,2861.6000,2863.0000,2863.2000,2863.8000,2864.0000,2864.2000,1,1,1,2,1,2,17,3,15,4
SF,IH2006,2020-06-17 09:31:19.200,2862.6000,21757,-3,702351300.000,4,0,4,多平,S,2862.2000,2862.0000,2861.6000,2861.4000,2861.0000,2862.8000,2863.0000,2863.2000,2863.8000,2864.0000,1,2,1,5,2,3,4,17,3,15
SF,IH2006,2020-06-17 09:31:19.700,2862.0000,21751,-6,707503440.000,6,0,6,双平,S,2862.0000,2861.6000,2861.4000,2861.0000,2860.8000,2862.4000,2862.8000,2863.0000,2863.2000,2864.0000,2,1,5,2,2,15,2,4,17,15
SF,IH2006,2020-06-17 09:31:20.200,2862.0000,21742,-9,715230900.000,9,0,9,双平,S,2861.6000,2861.4000,2861.0000,2860.8000,2860.6000,2861.8000,2862.2000,2862.4000,2862.8000,2863.0000,1,5,2,2,2,1,2,16,1,4
SF,IH2006,2020-06-17 09:31:20.700,2861.8000,21728,-14,727251600.000,14,0,14,双平,S,2861.8000,2861.6000,2861.4000,2861.0000,2860.8000,2862.4000,2863.0000,2863.2000,2864.0000,2864.2000,6,1,5,2,2,11,5,17,15,1
SF,IH2006,2020-06-17 09:31:21.200,2862.0000,21727,-1,728110200.000,1,0,1,双平,S,2861.8000,2861.6000,2861.4000,2861.0000,2860.8000,2862.2000,2862.4000,2863.0000,2863.2000,2863.4000,6,1,6,2,2,2,11,5,17,1
SF,IH2006,2020-06-17 09:31:21.700,2861.8000,21722,-5,733261440.000,6,0,6,多平,S,2861.8000,2861.6000,2861.4000,2861.0000,2860.8000,2862.0000,2862.2000,2862.4000,2863.0000,2863.2000,2,1,6,2,3,1,2,11,5,17
SF,IH2006,2020-06-17 09:31:22.200,2862.0000,21719,-3,737554320.000,5,1,4,多平,S,2861.6000,2861.4000,2861.0000,2860.8000,2860.6000,2862.0000,2862.2000,2862.4000,2863.0000,2863.2000,1,6,2,3,2,1,1,11,5,16
SF,IH2006,2020-06-17 09:31:22.700,2861.8000,21715,-4,740988600.000,4,0,4,双平,S,2861.8000,2861.6000,2861.4000,2861.0000,2860.8000,2862.2000,2862.4000,2863.0000,2863.2000,2863.4000,1,2,5,2,3,1,11,5,16,2
SF,IH2006,2020-06-17 09:31:23.200,2862.2000,21714,-1,742705800.000,2,0,2,多平,S,2861.6000,2861.4000,2861.0000,2860.8000,2860.6000,2862.2000,2862.4000,2863.0000,2863.2000,2863.4000,2,5,2,3,2,1,11,5,16,2
SF,IH2006,2020-06-17 09:31:23.700,2862.2000,21714,0,743564460.000,1,0,1,多换,S,2861.8000,2861.6000,2861.4000,2861.2000,2861.0000,2862.0000,2862.4000,2863.0000,2863.2000,2863.4000,1,3,6,1,2,1,11,5,16,2
SF,IH2006,2020-06-17 09:31:24.200,2861.6000,21712,-2,745281480.000,2,0,2,双平,S,2861.6000,2861.4000,2861.2000,2861.0000,2860.8000,2861.8000,2862.0000,2862.4000,2863.0000,2863.2000,2,7,1,2,3,1,1,11,3,16
SF,IH2006,2020-06-17 09:31:24.700,2861.6000,21710,-2,746998500.000,2,0,2,双平,S,2861.6000,2861.4000,2861.2000,2861.0000,2860.8000,2861.8000,2862.0000,2862.4000,2863.0000,2863.2000,3,7,1,2,3,1,1,11,3,16
SF,IH2006,2020-06-17 09:31:25.200,2861.8000,21710,0,747857040.000,1,0,1,多换,S,2862.2000,2861.6000,2861.4000,2861.2000,2861.0000,2862.4000,2863.0000,2863.2000,2863.4000,2863.8000,1,3,8,1,2,11,3,15,2,1
SF,IH2006,2020-06-17 09:31:25.700,2861.6000,21708,-2,752149740.000,5,1,4,多平,S,2861.4000,2861.2000,2861.0000,2860.8000,2860.6000,2862.2000,2862.4000,2863.0000,2863.2000,2863.4000,8,1,2,3,2,8,11,3,15,2
SF,IH2006,2020-06-17 09:31:26.200,2861.6000,21707,-1,753008220.000,1,0,1,双平,S,2861.6000,2861.4000,2861.2000,2861.0000,2860.8000,2862.0000,2862.2000,2862.4000,2863.0000,2863.2000,3,10,2,2,3,2,6,10,3,15
SF,IH2006,2020-06-17 09:31:26.700,2861.6000,21707,0,753008220.000,0,-,-,-,-,2861.6000,2861.4000,2861.2000,2861.0000,2860.8000,2862.0000,2862.2000,2862.4000,2863.0000,2863.2000,3,9,2,2,3,2,2,10,3,15
SF,IH2006,2020-06-17 09:31:27.200,2861.6000,21706,-1,753866700.000,1,0,1,双平,S,2861.6000,2861.4000,2861.2000,2861.0000,2860.8000,2862.0000,2862.2000,2862.4000,2863.0000,2863.2000,3,10,2,2,3,2,2,10,3,15
SF,IH2006,2020-06-17 09:31:27.700,2861.6000,21704,-2,755583660.000,2,0,2,双平,S,2861.6000,2861.4000,2861.2000,2861.0000,2860.8000,2862.0000,2862.2000,2862.4000,2863.0000,2863.2000,2,10,2,2,3,1,2,10,3,15
SF,IH2006,2020-06-17 09:31:28.200,2861.6000,21703,-1,758159160.000,3,1,2,多平,S,2861.4000,2861.2000,2861.0000,2860.8000,2860.6000,2861.8000,2862.0000,2862.2000,2862.4000,2863.0000,9,2,2,3,2,1,1,2,10,3
SF,IH2006,2020-06-17 09:31:28.700,2861.8000,21702,-1,759017700.000,1,0,1,双平,S,2861.4000,2861.2000,2861.0000,2860.8000,2860.6000,2861.8000,2862.2000,2862.4000,2863.0000,2863.2000,8,2,2,3,2,3,2,10,3,15
SF,IH2006,2020-06-17 09:31:29.200,2861.8000,21700,-2,760734780.000,2,0,2,双平,S,2861.4000,2861.2000,2861.0000,2860.8000,2860.6000,2861.8000,2862.2000,2862.4000,2863.0000,2863.2000,8,2,2,3,2,2,2,10,3,15
SF,IH2006,2020-06-17 09:31:29.700,2861.8000,21700,0,760734780.000,0,-,-,-,-,2861.4000,2861.2000,2861.0000,2860.8000,2860.6000,2861.6000,2861.8000,2862.2000,2862.4000,2863.0000,8,2,3,3,2,1,2,2,10,3
SF,IH2006,2020-06-17 09:31:30.200,2861.8000,21692,-8,767602320.000,8,0,8,双平,S,2861.4000,2861.2000,2861.0000,2860.8000,2860.6000,2862.0000,2862.2000,2862.4000,2863.0000,2863.2000,2,2,3,3,2,1,2,10,3,15
SF,IH2006,2020-06-17 09:31:30.700,2861.4000,21692,0,770177580.000,3,1,2,多换,S,2861.2000,2861.0000,2860.8000,2860.6000,2860.4000,2861.4000,2861.8000,2862.0000,2862.2000,2862.4000,2,4,3,2,3,3,7,2,2,10
SF,IH2006,2020-06-17 09:31:31.200,2861.8000,21687,-5,775328160.000,6,0,6,多平,S,2861.0000,2860.8000,2860.6000,2860.4000,2860.2000,2861.4000,2861.8000,2862.0000,2862.2000,2862.4000,4,3,2,3,2,1,1,2,3,10
SF,IH2006,2020-06-17 09:31:31.700,2861.4000,21683,-4,778761660.000,4,0,4,双平,S,2861.0000,2860.8000,2860.6000,2860.4000,2860.2000,2861.8000,2862.0000,2862.2000,2862.4000,2863.0000,5,3,2,3,2,1,2,3,10,2
SF,IH2006,2020-06-17 09:31:32.200,2861.8000,21682,-1,779620200.000,1,0,1,双平,S,2861.0000,2860.8000,2860.6000,2860.4000,2860.2000,2861.6000,2861.8000,2862.0000,2862.2000,2862.4000,6,3,2,3,2,1,2,2,3,10
SF,IH2006,2020-06-17 09:31:32.700,2861.8000,21682,0,779620200.000,0,-,-,-,-,2861.0000,2860.8000,2860.6000,2860.4000,2860.2000,2861.4000,2861.6000,2861.8000,2862.0000,2862.2000,6,3,2,3,2,2,2,2,4,3
SF,IH2006,2020-06-17 09:31:33.200,2861.4000,21676,-6,786487020.000,8,1,7,多平,S,2861.0000,2860.8000,2860.6000,2860.4000,2860.2000,2861.6000,2861.8000,2862.0000,2862.2000,2862.4000,1,3,2,3,2,1,2,4,3,10
SF,IH2006,2020-06-17 09:31:33.700,2861.6000,21674,-2,788203980.000,2,0,2,双平,S,2861.0000,2860.8000,2860.6000,2860.4000,2860.2000,2861.4000,2861.8000,2862.0000,2862.2000,2862.4000,2,4,2,3,2,1,1,4,3,10
SF,IH2006,2020-06-17 09:31:34.200,2861.6000,21674,0,788203980.000,0,-,-,-,-,2861.0000,2860.8000,2860.6000,2860.4000,2860.2000,2861.4000,2861.8000,2862.0000,2862.2000,2862.4000,3,3,2,3,2,1,1,5,3,10
SF,IH2006,2020-06-17 09:31:34.700,2861.2000,21671,-3,790779060.000,3,0,3,双平,S,2861.0000,2860.8000,2860.6000,2860.4000,2860.2000,2861.8000,2862.0000,2862.2000,2862.4000,2863.0000,1,3,2,3,2,1,5,3,10,2
SF,IH2006,2020-06-17 09:31:35.200,2861.0000,21670,-1,792495780.000,2,0,2,多平,S,2860.8000,2860.6000,2860.4000,2860.2000,2860.0000,2861.8000,2862.0000,2862.2000,2862.4000,2863.0000,3,2,3,5,6,1,5,3,10,2
SF,IH2006,2020-06-17 09:31:35.700,2861.0000,21670,0,793354080.000,1,0,1,多换,S,2861.0000,2860.8000,2860.6000,2860.4000,2860.2000,2861.8000,2862.0000,2862.2000,2862.4000,2863.0000,3,4,2,3,5,2,5,3,10,2
SF,IH2006,2020-06-17 09:31:36.200,2861.0000,21670,0,793354080.000,0,-,-,-,-,2861.0000,2860.8000,2860.6000,2860.4000,2860.2000,2861.6000,2861.8000,2862.0000,2862.2000,2862.4000,3,4,2,3,5,2,1,5,3,10
SF,IH2006,2020-06-17 09:31:36.700,2861.0000,21670,0,793354080.000,0,-,-,-,-,2861.0000,2860.8000,2860.6000,2860.4000,2860.2000,2861.6000,2861.8000,2862.0000,2862.2000,2862.4000,4,4,2,3,5,1,1,5,3,10
SF,IH2006,2020-06-17 09:31:37.200,2861.0000,21670,0,793354080.000,0,-,-,-,-,2861.0000,2860.8000,2860.6000,2860.4000,2860.2000,2861.4000,2861.6000,2861.8000,2862.0000,2862.2000,4,4,2,3,5,1,4,1,5,3
SF,IH2006,2020-06-17 09:31:37.700,2861.0000,21670,0,793354080.000,0,-,-,-,-,2861.0000,2860.8000,2860.6000,2860.4000,2860.2000,2861.4000,2861.6000,2861.8000,2862.0000,2862.2000,3,4,2,3,5,2,3,1,5,3
SF,IH2006,2020-06-17 09:31:38.200,2861.0000,21670,0,793354080.000,0,-,-,-,-,2861.0000,2860.8000,2860.6000,2860.4000,2860.2000,2861.2000,2861.4000,2861.6000,2861.8000,2862.0000,3,4,2,3,5,1,2,3,1,5
SF,IH2006,2020-06-17 09:31:38.700,2861.4000,21662,-8,801079020.000,9,0,9,多平,S,2861.2000,2860.8000,2860.6000,2860.4000,2860.2000,2861.6000,2861.8000,2862.0000,2862.2000,2862.4000,8,5,2,3,5,3,1,5,3,10
SF,IH2006,2020-06-17 09:31:39.200,2861.6000,21656,-6,806229660.000,6,0,6,双平,S,2861.6000,2861.2000,2860.8000,2860.6000,2860.4000,2861.8000,2862.0000,2862.2000,2862.4000,2863.0000,4,7,5,2,3,1,5,3,10,2
SF,IH2006,2020-06-17 09:31:39.700,2861.6000,21649,-7,813097140.000,8,0,8,多平,S,2861.2000,2860.8000,2860.6000,2860.4000,2860.2000,2861.6000,2861.8000,2862.0000,2862.2000,2862.4000,4,5,2,3,5,9,4,5,3,10
SF,IH2006,2020-06-17 09:31:40.200,2861.6000,21649,0,813955620.000,1,0,1,多换,S,2861.2000,2860.8000,2860.6000,2860.4000,2860.2000,2861.6000,2861.8000,2862.0000,2862.2000,2862.4000,4,5,2,3,5,2,1,4,3,10
SF,IH2006,2020-06-17 09:31:40.700,2861.6000,21649,0,813955620.000,0,-,-,-,-,2861.2000,2860.8000,2860.6000,2860.4000,2860.2000,2861.4000,2861.6000,2861.8000,2862.0000,2862.2000,4,5,2,3,5,1,4,1,3,3
SF,IH2006,2020-06-17 09:31:41.200,2861.6000,21645,-4,819105960.000,6,1,5,多平,S,2861.2000,2860.8000,2860.6000,2860.4000,2860.2000,2861.8000,2862.0000,2862.2000,2862.4000,2863.0000,1,5,2,3,5,1,3,3,10,2
SF,IH2006,2020-06-17 09:31:41.700,2861.2000,21644,-1,819964320.000,1,0,1,双平,S,2860.8000,2860.6000,2860.4000,2860.2000,2860.0000,2861.6000,2861.8000,2862.0000,2862.2000,2862.4000,5,2,3,5,7,1,1,3,3,10
SF,IH2006,2020-06-17 09:31:42.200,2861.2000,21644,0,820822680.000,1,0,1,多换,S,2861.0000,2860.8000,2860.6000,2860.4000,2860.2000,2861.2000,2861.6000,2861.8000,2862.0000,2862.2000,2,5,2,3,5,2,2,3,3,3
SF,IH2006,2020-06-17 09:31:42.700,2861.2000,21641,-3,823397760.000,3,0,3,双平,S,2861.0000,2860.8000,2860.6000,2860.4000,2860.2000,2861.6000,2861.8000,2862.0000,2862.2000,2862.4000,2,5,2,3,5,2,3,3,3,10
SF,IH2006,2020-06-17 09:31:43.200,2861.2000,21641,0,823397760.000,0,-,-,-,-,2860.8000,2860.6000,2860.4000,2860.2000,2860.0000,2861.4000,2861.6000,2861.8000,2862.0000,2862.2000,5,2,3,5,7,4,3,1,2,3
SF,IH2006,2020-06-17 09:31:43.700,2861.2000,21641,0,823397760.000,0,-,-,-,-,2860.8000,2860.6000,2860.4000,2860.2000,2860.0000,2861.4000,2861.6000,2861.8000,2862.0000,2862.2000,11,2,3,5,7,4,3,2,2,3
SF,IH2006,2020-06-17 09:31:44.200,2861.2000,21641,0,823397760.000,0,-,-,-,-,2861.0000,2860.8000,2860.6000,2860.4000,2860.2000,2861.2000,2861.4000,2861.6000,2861.8000,2862.0000,1,12,2,3,5,2,5,2,2,2
SF,IH2006,2020-06-17 09:31:44.700,2861.2000,21640,-1,825114420.000,2,0,2,多平,S,2861.0000,2860.8000,2860.6000,2860.4000,2860.2000,2861.2000,2861.4000,2861.6000,2861.8000,2862.0000,1,12,2,3,5,1,4,2,2,2
SF,IH2006,2020-06-17 09:31:45.200,2861.4000,21638,-2,827689500.000,3,0,3,多平,S,2860.8000,2860.6000,2860.4000,2860.2000,2860.0000,2861.4000,2861.6000,2861.8000,2862.0000,2862.2000,12,2,3,5,7,3,2,2,2,3
SF,IH2006,2020-06-17 09:31:45.700,2860.8000,21638,0,828547740.000,1,0,1,多换,S,2860.8000,2860.6000,2860.4000,2860.2000,2860.0000,2861.2000,2861.4000,2861.6000,2861.8000,2862.0000,11,2,3,6,7,1,4,2,2,2
SF,IH2006,2020-06-17 09:31:46.200,2860.8000,21637,-1,830264220.000,2,0,2,多平,S,2860.8000,2860.6000,2860.4000,2860.2000,2860.0000,2861.2000,2861.4000,2861.6000,2861.8000,2862.0000,8,2,4,3,7,1,4,2,2,2
SF,IH2006,2020-06-17 09:31:46.700,2861.0000,21635,-2,831980880.000,2,0,2,双平,S,2861.0000,2860.8000,2860.6000,2860.4000,2860.2000,2861.4000,2861.6000,2861.8000,2862.0000,2862.2000,1,9,2,4,3,3,2,2,2,3
SF,IH2006,2020-06-17 09:31:47.200,2860.8000,21634,-1,835413900.000,4,1,3,多平,S,2861.2000,2860.8000,2860.6000,2860.4000,2860.2000,2861.4000,2861.6000,2861.8000,2862.0000,2862.2000,5,6,2,4,3,3,2,2,2,3
SF,IH2006,2020-06-17 09:31:47.700,2861.2000,21629,-5,839705700.000,5,0,5,双平,S,2860.8000,2860.6000,2860.4000,2860.2000,2860.0000,2861.2000,2861.4000,2861.8000,2862.0000,2862.2000,6,2,5,3,7,5,3,2,2,3
SF,IH2006,2020-06-17 09:31:48.200,2861.2000,21628,-1,840564060.000,1,0,1,双平,S,2860.8000,2860.6000,2860.4000,2860.2000,2860.0000,2861.0000,2861.2000,2861.8000,2862.0000,2862.2000,5,2,5,3,7,1,1,2,2,3
SF,IH2006,2020-06-17 09:31:48.700,2860.8000,21623,-5,847430220.000,8,1,7,多平,S,2860.6000,2860.4000,2860.2000,2860.0000,2859.8000,2861.8000,2862.0000,2862.2000,2862.4000,2862.6000,2,5,3,7,2,2,2,3,10,1
SF,IH2006,2020-06-17 09:31:49.200,2860.8000,21623,0,847430220.000,0,-,-,-,-,2860.8000,2860.6000,2860.4000,2860.2000,2860.0000,2861.2000,2861.6000,2861.8000,2862.0000,2862.2000,1,4,7,3,7,2,6,4,2,3
SF,IH2006,2020-06-17 09:31:49.700,2861.0000,21622,-1,848288520.000,1,0,1,双平,S,2860.6000,2860.4000,2860.2000,2860.0000,2859.8000,2861.2000,2861.6000,2861.8000,2862.0000,2862.2000,4,8,2,7,2,3,5,4,2,3
SF,IH2006,2020-06-17 09:31:50.200,2860.6000,21621,-1,849146700.000,1,0,1,双平,S,2860.6000,2860.4000,2860.2000,2860.0000,2859.8000,2861.0000,2861.2000,2861.6000,2861.8000,2862.0000,1,8,2,7,2,2,3,5,4,2
SF,IH2006,2020-06-17 09:31:50.700,2861.0000,21620,-1,850005000.000,1,0,1,双平,S,2860.8000,2860.6000,2860.4000,2860.2000,2860.0000,2861.0000,2861.2000,2861.6000,2861.8000,2862.0000,1,1,8,2,7,16,3,5,4,2
SF,IH2006,2020-06-17 09:31:51.200,2860.8000,21618,-2,852579660.000,3,0,3,多平,S,2860.4000,2860.2000,2860.0000,2859.8000,2859.6000,2860.8000,2861.0000,2861.2000,2861.6000,2861.8000,8,2,7,2,1,4,16,3,5,4
SF,IH2006,2020-06-17 09:31:51.700,2860.8000,21613,-5,856870920.000,5,0,5,双平,S,2860.8000,2860.6000,2860.4000,2860.2000,2860.0000,2861.0000,2861.2000,2861.6000,2861.8000,2862.0000,5,1,8,2,7,15,4,5,4,2
SF,IH2006,2020-06-17 09:31:52.200,2860.8000,21608,-5,861162120.000,5,0,5,双平,S,2860.6000,2860.4000,2860.2000,2860.0000,2859.8000,2860.8000,2861.0000,2861.2000,2861.6000,2861.8000,1,8,2,7,2,2,15,4,5,4
SF,IH2006,2020-06-17 09:31:52.700,2860.6000,21606,-2,862878480.000,2,0,2,双平,S,2860.4000,2860.2000,2860.0000,2859.8000,2859.6000,2860.6000,2860.8000,2861.0000,2861.2000,2861.6000,8,2,7,2,1,1,2,15,4,5
SF,IH2006,2020-06-17 09:31:53.200,2860.8000,21605,-1,864594840.000,2,0,2,多平,S,2860.6000,2860.4000,2860.2000,2860.0000,2859.8000,2860.8000,2861.0000,2861.2000,2861.6000,2861.8000,1,7,2,7,2,1,15,4,4,4
SF,IH2006,2020-06-17 09:31:53.700,2860.8000,21604,-1,867169500.000,3,1,2,多平,S,2860.4000,2860.2000,2860.0000,2859.8000,2859.6000,2861.0000,2861.2000,2861.6000,2861.8000,2862.0000,7,2,7,3,1,15,4,4,4,2
SF,IH2006,2020-06-17 09:31:54.200,2860.8000,21604,0,867169500.000,0,-,-,-,-,2860.6000,2860.4000,2860.2000,2860.0000,2859.8000,2861.0000,2861.2000,2861.6000,2861.8000,2862.0000,1,7,3,7,3,15,4,3,4,2
SF,IH2006,2020-06-17 09:31:54.700,2860.8000,21604,0,867169500.000,0,-,-,-,-,2860.6000,2860.4000,2860.2000,2860.0000,2859.8000,2861.0000,2861.2000,2861.6000,2861.8000,2862.0000,1,7,3,7,3,15,4,3,4,2
SF,IH2006,2020-06-17 09:31:55.200,2861.0000,21590,-14,880043940.000,15,0,15,多平,S,2860.6000,2860.4000,2860.2000,2860.0000,2859.8000,2860.8000,2861.0000,2861.2000,2861.6000,2861.8000,3,6,3,7,3,15,1,4,3,4
SF,IH2006,2020-06-17 09:31:55.700,2860.8000,21589,-1,880902180.000,1,0,1,双平,S,2860.6000,2860.4000,2860.2000,2860.0000,2859.8000,2860.8000,2861.0000,2861.2000,2861.6000,2861.8000,2,6,4,7,3,14,1,3,3,4
SF,IH2006,2020-06-17 09:31:56.200,2860.8000,21583,-6,887768040.000,8,1,7,多平,S,2860.6000,2860.4000,2860.2000,2860.0000,2859.8000,2860.8000,2861.0000,2861.2000,2861.6000,2861.8000,1,6,4,7,3,7,1,3,3,4
SF,IH2006,2020-06-17 09:31:56.700,2860.8000,21582,-1,889484520.000,2,0,2,多平,S,2860.6000,2860.4000,2860.2000,2860.0000,2859.8000,2860.8000,2861.0000,2861.2000,2861.6000,2861.8000,1,6,4,7,3,5,1,3,3,3
SF,IH2006,2020-06-17 09:31:57.200,2860.6000,21572,-10,900641520.000,13,1,12,多平,S,2860.4000,2860.2000,2860.0000,2859.8000,2859.6000,2860.6000,2861.0000,2861.2000,2861.6000,2861.8000,7,4,7,3,2,3,1,3,3,3
SF,IH2006,2020-06-17 09:31:57.700,2860.8000,21567,-5,904932600.000,5,0,5,双平,S,2860.8000,2860.6000,2860.4000,2860.2000,2860.0000,2861.2000,2861.6000,2861.8000,2862.0000,2862.2000,1,12,7,4,7,3,3,3,1,3
SF,IH2006,2020-06-17 09:31:58.200,2861.2000,21567,0,905790960.000,1,0,1,多换,S,2860.8000,2860.6000,2860.4000,2860.2000,2860.0000,2861.0000,2861.2000,2861.6000,2861.8000,2862.0000,1,6,7,4,7,2,2,3,3,1
SF,IH2006,2020-06-17 09:31:58.700,2861.2000,21567,0,908365920.000,3,1,2,多换,S,2861.0000,2860.8000,2860.6000,2860.4000,2860.2000,2861.2000,2861.6000,2861.8000,2862.0000,2862.2000,2,2,6,6,4,1,3,3,1,3
SF,IH2006,2020-06-17 09:31:59.200,2861.2000,21566,-1,909224280.000,1,0,1,双平,S,2861.0000,2860.8000,2860.6000,2860.4000,2860.2000,2861.6000,2861.8000,2862.0000,2862.2000,2862.4000,2,2,6,6,4,3,3,1,3,1
SF,IH2006,2020-06-17 09:31:59.700,2861.0000,21564,-2,910940940.000,2,0,2,双平,S,2861.0000,2860.8000,2860.6000,2860.4000,2860.2000,2861.6000,2861.8000,2862.0000,2862.2000,2862.4000,1,2,6,6,4,1,1,1,3,1
SF,IH2006,2020-06-17 09:32:00.200,2860.8000,21563,-1,912657540.000,2,0,2,多平,S,2860.6000,2860.4000,2860.2000,2860.0000,2859.8000,2860.8000,2861.2000,2861.4000,2861.6000,2861.8000,6,6,4,7,3,11,3,1,2,1
SF,IH2006,2020-06-17 09:32:00.700,2860.4000,21557,-6,919523160.000,8,1,7,多平,S,2860.4000,2860.2000,2860.0000,2859.8000,2859.6000,2860.8000,2861.0000,2861.4000,2861.6000,2861.8000,5,3,7,3,1,8,1,2,2,1
SF,IH2006,2020-06-17 09:32:01.200,2860.4000,21556,-1,920381280.000,1,0,1,双平,S,2860.6000,2860.4000,2860.2000,2860.0000,2859.8000,2860.8000,2861.0000,2861.4000,2861.6000,2861.8000,1,4,3,8,3,8,1,2,2,1
SF,IH2006,2020-06-17 09:32:01.700,2860.2000,21550,-6,928104180.000,9,1,8,多平,S,2860.0000,2859.8000,2859.6000,2859.4000,2859.2000,2860.4000,2860.6000,2860.8000,2861.0000,2861.4000,8,3,1,5,2,1,6,8,1,1
SF,IH2006,2020-06-17 09:32:02.200,2860.6000,21546,-4,933252600.000,6,1,5,多平,S,2860.4000,2860.2000,2860.0000,2859.8000,2859.6000,2860.6000,2860.8000,2861.0000,2861.6000,2861.8000,1,1,6,3,1,3,8,1,2,1
SF,IH2006,2020-06-17 09:32:02.700,2860.0000,21544,-2,939258780.000,7,2,5,多平,S,2859.8000,2859.6000,2859.4000,2859.2000,2859.0000,2860.0000,2860.2000,2860.4000,2860.6000,2860.8000,3,1,6,2,1,7,2,2,3,8
SF,IH2006,2020-06-17 09:32:03.200,2859.8000,21545,1,946980660.000,9,5,4,空开,S,2860.0000,2859.8000,2859.6000,2859.4000,2859.2000,2860.2000,2860.4000,2860.6000,2860.8000,2861.0000,1,3,1,6,2,1,1,3,8,1
SF,IH2006,2020-06-17 09:32:03.700,2860.2000,21543,-2,948696660.000,2,0,2,双平,S,2859.8000,2859.6000,2859.4000,2859.2000,2859.0000,2860.4000,2860.6000,2860.8000,2861.0000,2861.6000,3,1,6,2,1,1,3,8,1,3
SF,IH2006,2020-06-17 09:32:04.200,2860.2000,21541,-2,950412720.000,2,0,2,双平,S,2859.8000,2859.6000,2859.4000,2859.2000,2859.0000,2860.6000,2860.8000,2861.0000,2861.6000,2861.8000,4,1,6,3,1,3,8,1,3,1
SF,IH2006,2020-06-17 09:32:04.700,2860.4000,21540,-1,951270840.000,1,0,1,双平,S,2860.0000,2859.8000,2859.6000,2859.4000,2859.2000,2860.6000,2860.8000,2861.0000,2861.6000,2861.8000,1,3,2,6,3,3,8,1,3,1
SF,IH2006,2020-06-17 09:32:05.200,2860.4000,21540,0,951270840.000,0,-,-,-,-,2860.0000,2859.8000,2859.6000,2859.4000,2859.2000,2860.6000,2860.8000,2861.0000,2861.6000,2861.8000,1,3,1,6,3,3,8,1,3,1
SF,IH2006,2020-06-17 09:32:05.700,2860.2000,21539,-1,953844840.000,3,1,2,多平,S,2859.8000,2859.6000,2859.4000,2859.2000,2859.0000,2860.6000,2860.8000,2861.0000,2861.4000,2861.6000,2,1,6,3,2,3,8,1,1,3
SF,IH2006,2020-06-17 09:32:06.200,2860.2000,21539,0,953844840.000,0,-,-,-,-,2859.8000,2859.6000,2859.4000,2859.2000,2859.0000,2860.2000,2860.4000,2860.6000,2861.0000,2861.4000,2,1,6,3,3,8,4,4,1,1
SF,IH2006,2020-06-17 09:32:06.700,2860.2000,21539,0,953844840.000,0,-,-,-,-,2859.8000,2859.6000,2859.4000,2859.2000,2859.0000,2860.2000,2860.4000,2860.6000,2861.0000,2861.4000,1,1,6,3,3,8,4,3,1,1
SF,IH2006,2020-06-17 09:32:07.200,2860.2000,21539,0,953844840.000,0,-,-,-,-,2860.0000,2859.8000,2859.6000,2859.4000,2859.2000,2860.2000,2860.4000,2860.6000,2861.0000,2861.4000,1,1,1,6,3,8,5,3,1,1
SF,IH2006,2020-06-17 09:32:07.700,2860.2000,21532,-7,959851260.000,7,0,7,双平,S,2860.0000,2859.8000,2859.6000,2859.4000,2859.2000,2860.2000,2860.4000,2860.6000,2861.0000,2861.4000,1,1,1,6,3,1,5,3,1,1
SF,IH2006,2020-06-17 09:32:08.200,2860.6000,21527,-5,965858100.000,7,1,6,多平,S,2860.4000,2860.2000,2860.0000,2859.8000,2859.6000,2860.6000,2861.0000,2861.4000,2861.6000,2862.2000,2,4,1,1,1,1,1,1,2,3
SF,IH2006,2020-06-17 09:32:08.700,2860.6000,21525,-2,967574460.000,2,0,2,双平,S,2860.8000,2860.6000,2860.4000,2860.2000,2859.8000,2861.0000,2861.4000,2861.6000,2862.2000,2864.4000,1,2,1,5,1,1,1,2,3,3
SF,IH2006,2020-06-17 09:32:09.200,2860.6000,21523,-2,970149180.000,3,0,3,多平,S,2860.6000,2860.4000,2860.2000,2859.8000,2859.6000,2861.4000,2861.6000,2862.2000,2862.6000,2864.4000,1,1,6,2,1,1,2,3,1,3
SF,IH2006,2020-06-17 09:32:09.700,2860.8000,21523,0,971007420.000,1,0,1,多换,S,2860.8000,2860.4000,2860.2000,2859.8000,2859.6000,2861.2000,2861.4000,2861.6000,2862.2000,2862.6000,1,1,6,2,1,4,1,2,3,1
SF,IH2006,2020-06-17 09:32:10.200,2860.8000,21523,0,971865660.000,1,0,1,多换,S,2860.8000,2860.4000,2860.2000,2859.8000,2859.6000,2861.2000,2861.4000,2861.6000,2862.2000,2862.6000,1,1,5,2,1,5,1,1,3,1
SF,IH2006,2020-06-17 09:32:10.700,2860.8000,21522,-1,972723900.000,1,0,1,双平,S,2860.4000,2860.2000,2859.8000,2859.6000,2859.4000,2860.8000,2861.2000,2861.4000,2861.6000,2862.2000,1,5,2,1,6,2,5,1,1,3
SF,IH2006,2020-06-17 09:32:11.200,2860.2000,21518,-4,976156260.000,4,0,4,双平,S,2860.6000,2860.2000,2859.8000,2859.6000,2859.4000,2860.8000,2861.2000,2861.4000,2861.6000,2862.2000,1,3,2,1,6,8,5,1,1,3
SF,IH2006,2020-06-17 09:32:11.700,2860.4000,21516,-2,977872500.000,2,0,2,双平,S,2860.2000,2859.8000,2859.6000,2859.4000,2859.2000,2860.6000,2860.8000,2861.2000,2861.4000,2861.6000,3,2,1,6,3,1,8,5,1,1
SF,IH2006,2020-06-17 09:32:12.200,2860.4000,21516,0,977872500.000,0,-,-,-,-,2860.2000,2859.8000,2859.6000,2859.4000,2859.2000,2860.6000,2860.8000,2861.2000,2861.4000,2861.6000,3,2,1,6,3,1,8,5,1,1
SF,IH2006,2020-06-17 09:32:12.700,2860.4000,21516,0,977872500.000,0,-,-,-,-,2860.2000,2859.8000,2859.6000,2859.4000,2859.2000,2860.6000,2860.8000,2861.2000,2861.4000,2861.6000,4,2,1,6,3,1,8,5,1,1
SF,IH2006,2020-06-17 09:32:13.200,2860.4000,21516,0,977872500.000,0,-,-,-,-,2860.2000,2859.8000,2859.6000,2859.4000,2859.2000,2860.6000,2860.8000,2861.2000,2861.4000,2861.6000,4,2,1,6,3,2,8,5,1,1
SF,IH2006,2020-06-17 09:32:13.700,2860.4000,21515,-1,978730620.000,1,0,1,双平,S,2860.2000,2859.8000,2859.6000,2859.4000,2859.2000,2860.6000,2860.8000,2861.2000,2861.4000,2861.6000,4,2,1,6,3,2,8,5,1,1
SF,IH2006,2020-06-17 09:32:14.200,2860.6000,21513,-2,980446980.000,2,0,2,双平,S,2860.6000,2860.4000,2860.2000,2859.8000,2859.6000,2860.8000,2861.2000,2861.4000,2861.6000,2862.2000,1,1,5,2,1,8,5,1,1,3
SF,IH2006,2020-06-17 09:32:14.700,2860.4000,21511,-2,983879640.000,4,1,3,多平,S,2860.2000,2859.8000,2859.6000,2859.4000,2859.2000,2860.6000,2860.8000,2861.2000,2861.4000,2861.6000,3,2,1,6,3,1,9,4,2,1
SF,IH2006,2020-06-17 09:32:15.200,2860.4000,21511,0,983879640.000,0,-,-,-,-,2860.4000,2860.2000,2859.8000,2859.6000,2859.4000,2860.8000,2861.2000,2861.4000,2861.6000,2862.2000,1,3,2,1,6,9,4,2,1,3
SF,IH2006,2020-06-17 09:32:15.700,2860.4000,21510,-1,984737760.000,1,0,1,双平,S,2860.2000,2859.8000,2859.6000,2859.4000,2859.2000,2860.8000,2861.2000,2861.4000,2861.6000,2862.2000,3,2,1,6,3,9,4,2,1,3
SF,IH2006,2020-06-17 09:32:16.200,2860.4000,21510,0,984737760.000,0,-,-,-,-,2860.2000,2860.0000,2859.8000,2859.6000,2859.4000,2860.8000,2861.2000,2861.4000,2861.6000,2862.2000,3,1,2,1,6,9,4,2,1,3
SF,IH2006,2020-06-17 09:32:17.200,2860.4000,21510,0,984737760.000,0,-,-,-,-,2860.2000,2860.0000,2859.8000,2859.6000,2859.4000,2860.8000,2861.2000,2861.4000,2861.6000,2862.2000,3,1,2,1,6,9,4,2,1,3
SF,IH2006,2020-06-17 09:32:17.700,2860.4000,21510,0,984737760.000,0,-,-,-,-,2860.2000,2860.0000,2859.8000,2859.6000,2859.4000,2860.8000,2861.2000,2861.4000,2861.6000,2862.2000,3,1,2,1,6,9,4,2,1,3
SF,IH2006,2020-06-17 09:32:18.200,2860.4000,21510,0,984737760.000,0,-,-,-,-,2860.4000,2860.2000,2860.0000,2859.8000,2859.6000,2860.8000,2861.2000,2861.4000,2861.6000,2862.2000,1,3,1,3,1,9,4,2,1,3
SF,IH2006,2020-06-17 09:32:18.700,2860.4000,21509,-1,985595880.000,1,0,1,双平,S,2860.2000,2860.0000,2859.8000,2859.6000,2859.4000,2860.8000,2861.2000,2861.4000,2861.6000,2862.2000,3,1,3,1,6,9,4,2,1,3
SF,IH2006,2020-06-17 09:32:19.200,2860.4000,21509,0,985595880.000,0,-,-,-,-,2860.4000,2860.2000,2860.0000,2859.8000,2859.6000,2860.8000,2861.2000,2861.4000,2861.6000,2862.2000,1,4,1,3,1,10,4,2,1,3
SF,IH2006,2020-06-17 09:32:20.200,2860.4000,21508,-1,986454000.000,1,0,1,双平,S,2860.2000,2860.0000,2859.8000,2859.6000,2859.4000,2860.4000,2860.8000,2861.2000,2861.4000,2861.6000,4,1,4,1,6,1,10,4,2,1
SF,IH2006,2020-06-17 09:32:20.700,2860.8000,21506,-2,988170360.000,2,0,2,双平,S,2860.6000,2860.4000,2860.2000,2860.0000,2859.8000,2860.8000,2861.2000,2861.4000,2861.6000,2862.2000,1,1,4,2,4,9,4,2,1,3
SF,IH2006,2020-06-17 09:32:21.200,2860.8000,21506,0,988170360.000,0,-,-,-,-,2860.2000,2860.0000,2859.8000,2859.6000,2859.4000,2860.8000,2861.2000,2861.4000,2861.6000,2862.2000,4,2,4,1,6,8,4,2,1,3
SF,IH2006,2020-06-17 09:32:21.700,2860.6000,21505,-1,989028540.000,1,0,1,双平,S,2860.4000,2860.2000,2860.0000,2859.8000,2859.6000,2860.8000,2861.2000,2861.4000,2861.6000,2862.2000,1,4,2,4,1,8,4,2,1,3
SF,IH2006,2020-06-17 09:32:22.200,2860.6000,21504,-1,989886720.000,1,0,1,双平,S,2860.4000,2860.2000,2860.0000,2859.8000,2859.6000,2860.8000,2861.2000,2861.4000,2861.6000,2862.2000,2,4,2,4,1,8,4,2,1,3
SF,IH2006,2020-06-17 09:32:22.700,2860.4000,21503,-1,990744840.000,1,0,1,双平,S,2860.4000,2860.2000,2860.0000,2859.8000,2859.6000,2860.8000,2861.2000,2861.4000,2861.6000,2862.2000,1,4,2,4,1,8,4,2,1,3
SF,IH2006,2020-06-17 09:32:23.200,2860.4000,21502,-1,991602960.000,1,0,1,双平,S,2860.2000,2860.0000,2859.8000,2859.6000,2859.4000,2860.8000,2861.2000,2861.4000,2861.6000,2862.2000,4,2,4,1,6,8,4,2,1,3
SF,IH2006,2020-06-17 09:32:23.700,2860.4000,21502,0,991602960.000,0,-,-,-,-,2860.4000,2860.2000,2860.0000,2859.8000,2859.6000,2860.8000,2861.2000,2861.4000,2861.6000,2862.2000,1,4,2,4,1,8,4,2,1,3
SF,IH2006,2020-06-17 09:32:24.200,2860.4000,21502,0,991602960.000,0,-,-,-,-,2860.4000,2860.2000,2860.0000,2859.8000,2859.6000,2860.8000,2861.2000,2861.4000,2861.6000,2862.2000,1,4,2,4,1,9,4,2,1,3
SF,IH2006,2020-06-17 09:32:24.700,2860.4000,21502,0,991602960.000,0,-,-,-,-,2860.4000,2860.2000,2860.0000,2859.8000,2859.6000,2860.8000,2861.2000,2861.4000,2861.6000,2862.2000,2,4,2,4,1,8,4,2,1,3
SF,IH2006,2020-06-17 09:32:25.200,2860.4000,21502,0,991602960.000,0,-,-,-,-,2860.6000,2860.4000,2860.2000,2860.0000,2859.8000,2860.8000,2861.2000,2861.4000,2861.6000,2862.2000,1,2,4,2,4,8,4,2,1,3
SF,IH2006,2020-06-17 09:32:25.700,2860.4000,21502,0,991602960.000,0,-,-,-,-,2860.6000,2860.4000,2860.2000,2860.0000,2859.8000,2860.8000,2861.2000,2861.4000,2861.6000,2862.2000,1,2,5,2,4,8,4,2,1,3
SF,IH2006,2020-06-17 09:32:26.200,2860.4000,21502,0,991602960.000,0,-,-,-,-,2860.6000,2860.4000,2860.2000,2860.0000,2859.8000,2860.8000,2861.2000,2861.4000,2861.6000,2862.2000,1,2,5,3,4,8,4,2,1,3
SF,IH2006,2020-06-17 09:32:26.700,2861.4000,21489,-13,1003619160.000,14,0,14,多平,S,2861.0000,2860.8000,2860.6000,2860.4000,2860.2000,2861.6000,2862.2000,2862.6000,2863.0000,2864.4000,1,5,1,2,5,1,3,2,5,1
SF,IH2006,2020-06-17 09:32:27.200,2861.4000,21489,0,1003619160.000,0,-,-,-,-,2861.2000,2860.8000,2860.6000,2860.4000,2860.2000,2861.6000,2861.8000,2862.2000,2862.6000,2863.0000,2,1,1,2,5,1,1,3,2,5
SF,IH2006,2020-06-17 09:32:27.700,2861.6000,21488,-1,1004477640.000,1,0,1,双平,S,2861.2000,2860.8000,2860.6000,2860.4000,2860.2000,2861.8000,2862.2000,2862.6000,2863.0000,2864.4000,2,3,1,2,5,1,3,2,5,1
SF,IH2006,2020-06-17 09:32:28.200,2861.8000,21487,-1,1005336180.000,1,0,1,双平,S,2861.8000,2861.4000,2861.2000,2861.0000,2860.8000,2862.2000,2862.6000,2863.0000,2864.4000,2864.8000,1,4,3,1,3,3,2,5,1,1
SF,IH2006,2020-06-17 09:32:28.700,2861.8000,21484,-3,1007911800.000,3,0,3,双平,S,2861.4000,2861.2000,2861.0000,2860.8000,2860.6000,2862.2000,2862.6000,2863.0000,2864.4000,2864.8000,4,2,2,3,1,3,2,5,1,1
SF,IH2006,2020-06-17 09:32:29.200,2862.2000,21483,-1,1008770460.000,1,0,1,双平,S,2862.0000,2861.6000,2861.4000,2861.2000,2861.0000,2862.2000,2862.6000,2863.0000,2864.4000,2864.8000,4,2,4,1,2,2,2,5,1,1
SF,IH2006,2020-06-17 09:32:29.700,2862.0000,21479,-4,1012205040.000,4,0,4,双平,S,2861.6000,2861.4000,2861.2000,2861.0000,2860.8000,2862.0000,2862.6000,2863.0000,2864.4000,2864.8000,2,3,1,2,3,6,2,5,1,1
SF,IH2006,2020-06-17 09:32:30.200,2862.0000,21478,-1,1013063640.000,1,0,1,双平,S,2861.8000,2861.6000,2861.4000,2861.2000,2861.0000,2862.0000,2862.6000,2863.0000,2864.4000,2864.8000,2,1,3,1,2,7,2,5,1,1
SF,IH2006,2020-06-17 09:32:30.700,2861.8000,21475,-3,1015639380.000,3,0,3,双平,S,2861.8000,2861.6000,2861.4000,2861.2000,2861.0000,2862.0000,2862.6000,2863.0000,2864.4000,2864.8000,1,1,3,1,2,5,2,5,1,1
SF,IH2006,2020-06-17 09:32:31.200,2861.8000,21473,-2,1017356520.000,2,0,2,双平,S,2861.6000,2861.4000,2861.2000,2861.0000,2860.8000,2862.0000,2862.6000,2863.0000,2864.4000,2864.8000,1,3,1,2,2,4,2,5,1,1
SF,IH2006,2020-06-17 09:32:31.700,2861.8000,21473,0,1017356520.000,0,-,-,-,-,2861.8000,2861.6000,2861.4000,2861.2000,2861.0000,2862.0000,2862.6000,2863.0000,2864.4000,2864.8000,1,1,3,1,2,4,2,5,1,1
SF,IH2006,2020-06-17 09:32:32.200,2862.0000,21472,-1,1018215120.000,1,0,1,双平,S,2861.8000,2861.6000,2861.4000,2861.2000,2861.0000,2862.0000,2862.6000,2863.0000,2864.4000,2864.8000,1,1,3,1,2,3,2,5,1,1
SF,IH2006,2020-06-17 09:32:32.700,2861.8000,21466,-6,1024225440.000,7,0,7,多平,S,2861.6000,2861.4000,2861.2000,2861.0000,2860.8000,2861.8000,2862.6000,2863.0000,2864.4000,2864.8000,1,3,1,2,1,1,1,5,1,1
SF,IH2006,2020-06-17 09:32:33.200,2861.8000,21466,0,1025083980.000,1,0,1,多换,S,2862.0000,2861.8000,2861.4000,2861.2000,2861.0000,2862.6000,2863.0000,2864.4000,2864.8000,2865.0000,4,1,3,1,3,1,5,1,1,1
SF,IH2006,2020-06-17 09:32:33.700,2862.0000,21465,-1,1026801240.000,2,0,2,多平,S,2861.8000,2861.4000,2861.2000,2861.0000,2860.8000,2862.2000,2862.6000,2863.0000,2864.4000,2864.8000,1,3,1,3,1,3,2,5,1,1
SF,IH2006,2020-06-17 09:32:34.200,2862.0000,21465,0,1026801240.000,0,-,-,-,-,2862.0000,2861.4000,2861.2000,2861.0000,2860.8000,2862.6000,2863.0000,2864.4000,2864.8000,2865.0000,1,3,1,3,1,2,5,1,1,1
SF,IH2006,2020-06-17 09:32:34.700,2862.0000,21463,-2,1028518440.000,2,0,2,双平,S,2861.4000,2861.2000,2861.0000,2860.8000,2860.4000,2862.0000,2862.6000,2863.0000,2864.4000,2864.8000,1,1,3,1,2,1,2,5,1,1
SF,IH2006,2020-06-17 09:32:35.200,2862.0000,21463,0,1029377040.000,1,0,1,多换,S,2861.6000,2861.4000,2861.2000,2861.0000,2860.8000,2862.6000,2863.0000,2864.4000,2864.8000,2865.0000,2,2,1,3,1,2,5,1,1,1
SF,IH2006,2020-06-17 09:32:35.700,2862.0000,21463,0,1029377040.000,0,-,-,-,-,2862.2000,2861.6000,2861.4000,2861.2000,2861.0000,2862.4000,2862.6000,2863.0000,2864.4000,2864.8000,1,3,2,1,3,3,2,5,1,1
SF,IH2006,2020-06-17 09:32:36.200,2862.2000,21461,-2,1031094360.000,2,0,2,双平,S,2861.6000,2861.4000,2861.2000,2861.0000,2860.8000,2862.0000,2862.2000,2862.4000,2862.6000,2863.0000,3,2,1,3,1,1,3,2,4,5
SF,IH2006,2020-06-17 09:32:36.700,2862.0000,21460,-1,1031952960.000,1,0,1,双平,S,2861.6000,2861.4000,2861.2000,2861.0000,2860.8000,2862.4000,2862.6000,2863.0000,2864.4000,2864.8000,2,2,1,3,1,2,2,5,1,1
SF,IH2006,2020-06-17 09:32:37.200,2862.0000,21460,0,1031952960.000,0,-,-,-,-,2861.6000,2861.4000,2861.2000,2861.0000,2860.8000,2862.2000,2862.4000,2862.6000,2863.0000,2864.4000,2,2,1,3,1,1,1,2,5,1
SF,IH2006,2020-06-17 09:32:38.200,2862.0000,21460,0,1031952960.000,0,-,-,-,-,2861.6000,2861.4000,2861.2000,2861.0000,2860.8000,2862.2000,2862.4000,2862.6000,2863.0000,2864.4000,3,2,1,3,1,1,1,2,5,1
SF,IH2006,2020-06-17 09:32:38.700,2862.0000,21460,0,1031952960.000,0,-,-,-,-,2861.6000,2861.4000,2861.2000,2861.0000,2860.8000,2862.0000,2862.2000,2862.4000,2862.6000,2863.0000,2,2,1,2,1,1,1,1,1,5
SF,IH2006,2020-06-17 09:32:39.200,2862.0000,21460,0,1032811560.000,1,0,1,多换,S,2861.6000,2861.4000,2861.2000,2861.0000,2860.8000,2862.2000,2862.4000,2862.6000,2863.0000,2864.4000,2,2,1,2,1,1,1,1,5,1
SF,IH2006,2020-06-17 09:32:40.200,2862.0000,21460,0,1032811560.000,0,-,-,-,-,2862.0000,2861.6000,2861.4000,2861.2000,2861.0000,2862.2000,2862.4000,2862.6000,2863.0000,2864.4000,1,2,2,1,2,1,1,1,5,1
SF,IH2006,2020-06-17 09:32:40.700,2862.0000,21460,0,1033670160.000,1,0,1,多换,S,2861.6000,2861.4000,2861.2000,2861.0000,2860.8000,2862.0000,2862.2000,2862.4000,2862.6000,2863.0000,2,2,2,1,1,5,1,1,1,5
SF,IH2006,2020-06-17 09:32:41.200,2862.0000,21460,0,1033670160.000,0,-,-,-,-,2861.6000,2861.4000,2861.2000,2861.0000,2860.8000,2862.0000,2862.2000,2862.4000,2862.6000,2863.0000,1,1,2,1,1,2,1,1,1,5
SF,IH2006,2020-06-17 09:32:42.700,2862.0000,21460,0,1033670160.000,0,-,-,-,-,2861.8000,2861.6000,2861.4000,2861.2000,2861.0000,2862.0000,2862.2000,2862.4000,2862.6000,2863.0000,1,1,1,2,1,2,1,1,1,5
SF,IH2006,2020-06-17 09:32:43.200,2862.0000,21460,0,1034528760.000,1,0,1,多换,S,2861.8000,2861.6000,2861.4000,2861.2000,2861.0000,2862.2000,2862.4000,2862.6000,2863.0000,2864.4000,1,1,1,2,1,1,1,1,5,1
SF,IH2006,2020-06-17 09:32:43.700,2862.2000,21458,-2,1036246080.000,2,0,2,双平,S,2862.2000,2862.0000,2861.8000,2861.6000,2861.4000,2862.4000,2862.6000,2863.0000,2864.4000,2864.8000,1,3,1,1,1,1,1,5,1,1
SF,IH2006,2020-06-17 09:32:44.200,2862.2000,21457,-1,1037963400.000,2,0,2,多平,S,2862.0000,2861.6000,2861.4000,2861.2000,2861.0000,2862.2000,2862.6000,2863.0000,2864.4000,2864.8000,3,1,1,2,1,1,5,5,1,1
SF,IH2006,2020-06-17 09:32:44.700,2862.0000,21454,-3,1040539200.000,3,0,3,双平,S,2861.6000,2861.4000,2861.2000,2861.0000,2860.8000,2862.0000,2862.2000,2862.6000,2863.0000,2864.4000,2,1,2,1,1,2,1,5,5,1
SF,IH2006,2020-06-17 09:32:45.200,2861.8000,21454,0,1042256220.000,2,1,1,多换,S,2861.4000,2861.2000,2861.0000,2860.8000,2860.4000,2861.6000,2862.0000,2862.6000,2863.0000,2864.4000,1,2,1,1,2,1,3,3,5,1
SF,IH2006,2020-06-17 09:32:45.700,2861.4000,21452,-2,1043973060.000,2,0,2,双平,S,2861.2000,2861.0000,2860.8000,2860.4000,2860.2000,2861.6000,2862.0000,2862.6000,2864.4000,2864.8000,1,2,1,2,3,2,2,3,1,1
SF,IH2006,2020-06-17 09:32:46.200,2861.2000,21451,-1,1044831420.000,1,0,1,双平,S,2861.0000,2860.8000,2860.4000,2860.2000,2860.0000,2861.6000,2862.0000,2862.6000,2864.4000,2864.8000,2,1,2,3,5,2,2,3,1,1
SF,IH2006,2020-06-17 09:32:46.700,2861.2000,21451,0,1044831420.000,0,-,-,-,-,2861.2000,2861.0000,2860.8000,2860.4000,2860.2000,2861.6000,2862.0000,2862.6000,2864.4000,2864.8000,3,1,1,2,3,2,2,3,1,1
SF,IH2006,2020-06-17 09:32:47.200,2861.6000,21449,-2,1046548380.000,2,0,2,双平,S,2861.6000,2861.4000,2861.2000,2861.0000,2860.8000,2862.0000,2862.6000,2864.4000,2864.8000,2865.0000,5,1,3,1,1,2,3,1,1,1
SF,IH2006,2020-06-17 09:32:47.700,2861.6000,21447,-2,1048265460.000,2,0,2,双平,S,2861.6000,2861.4000,2861.2000,2861.0000,2860.8000,2862.0000,2862.6000,2864.4000,2864.8000,2865.0000,7,1,3,1,1,1,3,1,1,1
SF,IH2006,2020-06-17 09:32:48.200,2861.6000,21447,0,1049123940.000,1,0,1,多换,S,2861.6000,2861.4000,2861.2000,2861.0000,2860.8000,2862.0000,2862.6000,2864.4000,2864.8000,2865.0000,7,1,3,1,1,1,3,1,1,1
SF,IH2006,2020-06-17 09:32:48.700,2861.6000,21446,-1,1050840900.000,2,0,2,多平,S,2861.6000,2861.4000,2861.2000,2861.0000,2860.8000,2862.0000,2862.2000,2862.6000,2864.4000,2864.8000,5,1,3,2,1,1,1,3,1,1
SF,IH2006,2020-06-17 09:32:49.200,2861.6000,21446,0,1050840900.000,0,-,-,-,-,2861.8000,2861.6000,2861.4000,2861.2000,2861.0000,2862.0000,2862.2000,2862.6000,2864.4000,2864.8000,1,6,1,3,2,1,1,3,1,1
SF,IH2006,2020-06-17 09:32:49.700,2861.8000,21445,-1,1051699440.000,1,0,1,双平,S,2861.6000,2861.4000,2861.2000,2861.0000,2860.8000,2862.0000,2862.2000,2862.6000,2864.4000,2864.8000,6,1,3,3,1,1,1,3,1,1
SF,IH2006,2020-06-17 09:32:50.200,2862.0000,21444,-1,1053416640.000,2,0,2,多平,S,2862.0000,2861.6000,2861.4000,2861.2000,2861.0000,2862.2000,2862.6000,2864.4000,2864.8000,2865.0000,1,6,1,3,3,1,3,1,1,1
SF,IH2006,2020-06-17 09:32:51.200,2862.0000,21443,-1,1054275240.000,1,0,1,双平,S,2861.6000,2861.4000,2861.2000,2861.0000,2860.8000,2862.2000,2862.6000,2862.8000,2864.4000,2864.8000,6,1,3,3,1,2,3,1,1,1
SF,IH2006,2020-06-17 09:32:51.700,2862.0000,21443,0,1054275240.000,0,-,-,-,-,2861.8000,2861.6000,2861.4000,2861.2000,2861.0000,2862.2000,2862.6000,2862.8000,2864.4000,2864.8000,1,6,1,1,3,2,3,1,1,1
SF,IH2006,2020-06-17 09:32:52.200,2862.0000,21443,0,1054275240.000,0,-,-,-,-,2861.8000,2861.6000,2861.4000,2861.2000,2861.0000,2862.0000,2862.2000,2862.6000,2862.8000,2864.4000,1,6,1,1,3,2,2,3,1,1
SF,IH2006,2020-06-17 09:32:52.700,2861.8000,21442,-1,1055133780.000,1,0,1,双平,S,2861.6000,2861.4000,2861.2000,2861.0000,2860.8000,2862.2000,2862.6000,2862.8000,2864.4000,2864.8000,6,1,1,3,1,2,3,1,1,1
SF,IH2006,2020-06-17 09:32:53.200,2861.8000,21442,0,1055133780.000,0,-,-,-,-,2861.6000,2861.4000,2861.2000,2861.0000,2860.8000,2861.8000,2862.2000,2862.6000,2862.8000,2864.4000,6,1,1,3,1,1,2,3,1,1
SF,IH2006,2020-06-17 09:32:53.700,2861.8000,21442,0,1055133780.000,0,-,-,-,-,2861.6000,2861.4000,2861.2000,2861.0000,2860.8000,2861.8000,2862.2000,2862.6000,2862.8000,2864.4000,5,1,1,3,1,1,2,3,1,1
SF,IH2006,2020-06-17 09:32:54.200,2861.8000,21442,0,1055133780.000,0,-,-,-,-,2861.6000,2861.4000,2861.2000,2861.0000,2860.8000,2861.8000,2862.2000,2862.6000,2862.8000,2864.4000,5,1,1,3,1,2,2,3,1,1
SF,IH2006,2020-06-17 09:32:54.700,2861.6000,21441,-1,1055992260.000,1,0,1,双平,S,2861.6000,2861.4000,2861.2000,2861.0000,2860.8000,2861.8000,2862.2000,2862.6000,2862.8000,2864.4000,4,1,1,3,1,3,2,3,1,1
SF,IH2006,2020-06-17 09:32:55.200,2861.6000,21437,-4,1059426180.000,4,0,4,双平,S,2861.4000,2861.2000,2861.0000,2860.8000,2860.4000,2861.8000,2862.2000,2862.6000,2862.8000,2864.4000,1,1,3,1,2,3,2,3,1,1
SF,IH2006,2020-06-17 09:32:55.700,2861.4000,21436,-1,1060284600.000,1,0,1,双平,S,2861.0000,2860.8000,2860.4000,2860.2000,2860.0000,2861.4000,2861.6000,2861.8000,2862.2000,2862.6000,3,1,2,3,5,2,3,5,2,1
SF,IH2006,2020-06-17 09:32:56.200,2861.4000,21429,-7,1066292940.000,7,0,7,双平,S,2860.4000,2860.2000,2860.0000,2859.8000,2859.6000,2861.4000,2861.8000,2862.2000,2862.6000,2862.8000,2,3,5,3,1,3,3,2,1,1
SF,IH2006,2020-06-17 09:32:56.700,2861.4000,21429,0,1066292940.000,0,-,-,-,-,2860.6000,2860.4000,2860.2000,2860.0000,2859.8000,2861.4000,2861.8000,2862.2000,2862.6000,2862.8000,5,2,3,5,3,3,2,2,2,1
SF,IH2006,2020-06-17 09:32:57.200,2861.4000,21429,0,1066292940.000,0,-,-,-,-,2860.6000,2860.4000,2860.2000,2860.0000,2859.8000,2860.8000,2861.2000,2861.4000,2861.8000,2862.2000,4,2,3,5,3,1,1,3,2,2
SF,IH2006,2020-06-17 09:32:57.700,2860.8000,21428,-1,1068867660.000,3,1,2,多平,S,2860.8000,2860.6000,2860.4000,2860.2000,2860.0000,2861.4000,2861.8000,2862.2000,2862.6000,2862.8000,13,3,2,3,3,1,2,2,2,1
SF,IH2006,2020-06-17 09:32:58.200,2860.8000,21428,0,1068867660.000,0,-,-,-,-,2860.8000,2860.6000,2860.4000,2860.2000,2860.0000,2861.4000,2861.8000,2862.2000,2862.6000,2862.8000,10,3,2,3,3,1,2,2,2,1
SF,IH2006,2020-06-17 09:32:58.700,2861.4000,21428,0,1069726080.000,1,0,1,多换,S,2860.8000,2860.6000,2860.4000,2860.2000,2860.0000,2861.8000,2862.2000,2862.6000,2862.8000,2863.8000,11,3,2,3,3,2,2,2,1,1
SF,IH2006,2020-06-17 09:32:59.200,2861.4000,21428,0,1070584500.000,1,0,1,多换,S,2860.8000,2860.6000,2860.4000,2860.2000,2860.0000,2861.2000,2861.6000,2861.8000,2862.0000,2862.2000,11,3,2,3,3,1,6,3,1,2
SF,IH2006,2020-06-17 09:32:59.700,2861.4000,21428,0,1070584500.000,0,-,-,-,-,2860.8000,2860.6000,2860.4000,2860.2000,2860.0000,2861.6000,2861.8000,2862.0000,2862.2000,2862.6000,11,3,2,3,3,2,4,1,2,2
SF,IH2006,2020-06-17 09:33:00.200,2861.4000,21428,0,1070584500.000,0,-,-,-,-,2860.8000,2860.6000,2860.4000,2860.2000,2860.0000,2861.0000,2861.4000,2861.6000,2861.8000,2862.0000,11,3,2,3,3,8,2,3,3,1
SF,IH2006,2020-06-17 09:33:00.700,2860.8000,21418,-10,1079166900.000,10,0,10,双平,S,2860.6000,2860.4000,2860.2000,2860.0000,2859.8000,2861.0000,2861.2000,2861.4000,2861.6000,2861.8000,3,2,3,3,3,1,2,2,3,2
SF,IH2006,2020-06-17 09:33:01.200,2860.8000,21418,0,1079166900.000,0,-,-,-,-,2860.6000,2860.4000,2860.2000,2860.0000,2859.8000,2860.8000,2861.0000,2861.2000,2861.4000,2861.6000,2,2,3,3,3,1,4,2,1,2
SF,IH2006,2020-06-17 09:33:01.700,2860.6000,21415,-3,1081741440.000,3,0,3,双平,S,2860.4000,2860.2000,2860.0000,2859.8000,2859.6000,2860.8000,2861.0000,2861.2000,2861.8000,2862.0000,2,3,3,3,1,2,5,2,2,1
SF,IH2006,2020-06-17 09:33:02.200,2860.6000,21415,0,1081741440.000,0,-,-,-,-,2860.4000,2860.2000,2860.0000,2859.8000,2859.6000,2860.6000,2860.8000,2861.0000,2861.2000,2861.8000,2,3,3,3,1,1,2,5,2,2
SF,IH2006,2020-06-17 09:33:02.700,2860.8000,21414,-1,1084316100.000,3,1,2,多平,S,2860.4000,2860.2000,2860.0000,2859.8000,2859.6000,2861.0000,2861.2000,2861.8000,2862.0000,2862.2000,3,3,3,3,1,5,2,2,1,2
SF,IH2006,2020-06-17 09:33:03.200,2860.4000,21410,-4,1089464820.000,6,1,5,多平,S,2860.2000,2860.0000,2859.8000,2859.6000,2859.4000,2860.4000,2861.0000,2861.2000,2861.8000,2862.0000,3,3,3,1,6,2,3,2,2,1
SF,IH2006,2020-06-17 09:33:03.700,2860.4000,21410,0,1089464820.000,0,-,-,-,-,2860.2000,2860.0000,2859.8000,2859.6000,2859.4000,2861.0000,2861.2000,2861.8000,2862.0000,2862.2000,4,3,3,1,6,5,2,2,1,2
SF,IH2006,2020-06-17 09:33:04.200,2860.2000,21409,-1,1092897060.000,4,1,3,多平,S,2860.4000,2860.0000,2859.8000,2859.6000,2859.4000,2860.6000,2860.8000,2861.0000,2861.2000,2861.4000,2,3,3,1,5,2,4,7,2,1
SF,IH2006,2020-06-17 09:33:04.700,2860.4000,21408,-1,1094613300.000,2,0,2,多平,S,2860.0000,2859.8000,2859.6000,2859.4000,2859.2000,2860.2000,2860.4000,2860.6000,2860.8000,2861.0000,3,3,1,5,3,2,5,3,3,5
SF,IH2006,2020-06-17 09:33:05.200,2860.2000,21407,-1,1097187360.000,3,1,2,多平,S,2860.0000,2859.8000,2859.6000,2859.4000,2859.2000,2860.4000,2860.6000,2860.8000,2861.0000,2861.2000,1,3,1,6,3,6,2,3,4,1
SF,IH2006,2020-06-17 09:33:05.700,2860.0000,21406,-1,1098045360.000,1,0,1,双平,S,2859.8000,2859.6000,2859.4000,2859.2000,2859.0000,2860.0000,2860.4000,2860.6000,2860.8000,2861.0000,3,1,6,3,1,2,7,2,2,4
SF,IH2006,2020-06-17 09:33:06.200,2860.0000,21405,-1,1098903360.000,1,0,1,双平,S,2860.0000,2859.8000,2859.6000,2859.4000,2859.2000,2860.4000,2860.6000,2860.8000,2861.0000,2861.2000,1,3,1,6,3,7,2,2,4,1
SF,IH2006,2020-06-17 09:33:06.700,2859.8000,21402,-3,1103193120.000,5,1,4,多平,S,2859.6000,2859.4000,2859.2000,2859.0000,2858.8000,2859.8000,2860.0000,2860.2000,2860.4000,2860.8000,1,6,3,1,1,3,10,3,9,2
SF,IH2006,2020-06-17 09:33:07.200,2859.8000,21400,-2,1105766880.000,3,0,3,多平,S,2859.4000,2859.2000,2859.0000,2858.8000,2858.6000,2859.8000,2860.0000,2860.4000,2860.8000,2861.0000,6,3,1,1,1,1,10,8,2,1
SF,IH2006,2020-06-17 09:33:07.700,2859.4000,21399,-1,1106624700.000,1,0,1,双平,S,2859.4000,2859.2000,2859.0000,2858.8000,2858.6000,2859.8000,2860.0000,2860.4000,2860.8000,2861.0000,5,3,1,1,1,3,11,6,2,1
SF,IH2006,2020-06-17 09:33:08.200,2859.8000,21398,-1,1107482640.000,1,0,1,双平,S,2859.4000,2859.2000,2859.0000,2858.8000,2858.6000,2859.8000,2860.0000,2860.4000,2860.8000,2861.0000,5,3,1,1,1,3,11,6,2,1
SF,IH2006,2020-06-17 09:33:08.700,2859.4000,21398,0,1112629680.000,6,3,3,多换,S,2859.2000,2859.0000,2858.8000,2858.6000,2858.4000,2859.4000,2859.8000,2860.0000,2860.4000,2860.8000,3,1,1,1,1,15,2,10,6,2
SF,IH2006,2020-06-17 09:33:09.200,2859.2000,21397,-1,1115203020.000,3,1,2,多平,S,2859.2000,2859.0000,2858.8000,2858.6000,2858.4000,2859.4000,2859.8000,2860.0000,2860.4000,2860.8000,1,1,1,1,1,14,2,10,3,2
SF,IH2006,2020-06-17 09:33:09.700,2859.2000,21393,-4,1118634060.000,4,0,4,双平,S,2859.0000,2858.8000,2858.6000,2858.4000,2858.2000,2859.2000,2859.4000,2859.6000,2859.8000,2860.0000,1,1,1,1,3,5,15,1,1,10
SF,IH2006,2020-06-17 09:33:10.200,2859.2000,21388,-5,1122922860.000,5,0,5,双平,S,2859.0000,2858.8000,2858.6000,2858.4000,2858.2000,2859.2000,2859.4000,2859.6000,2859.8000,2860.0000,2,1,1,1,3,1,15,1,1,10
SF,IH2006,2020-06-17 09:33:10.700,2859.2000,21388,0,1124638320.000,2,1,1,多换,S,2859.0000,2858.8000,2858.6000,2858.4000,2858.2000,2859.4000,2859.6000,2859.8000,2860.0000,2860.4000,1,1,1,1,2,15,1,1,10,1
SF,IH2006,2020-06-17 09:33:11.200,2859.4000,21389,1,1129785240.000,6,3,3,空开,S,2859.2000,2859.0000,2858.8000,2858.6000,2858.4000,2859.4000,2859.6000,2859.8000,2860.0000,2860.4000,4,1,1,2,1,8,1,1,10,1
SF,IH2006,2020-06-17 09:33:11.700,2859.8000,21389,0,1138363620.000,10,5,5,多换,S,2859.8000,2859.6000,2859.4000,2859.2000,2859.0000,2860.0000,2860.4000,2860.6000,2861.4000,2861.8000,1,8,9,4,1,10,1,1,1,1
SF,IH2006,2020-06-17 09:33:12.200,2860.0000,21376,-13,1150375560.000,14,0,14,多平,S,2859.4000,2859.2000,2859.0000,2858.8000,2858.6000,2860.4000,2860.6000,2861.4000,2861.8000,2862.6000,6,4,1,1,2,1,1,1,1,3
SF,IH2006,2020-06-17 09:33:12.700,2860.4000,21375,-1,1152091680.000,2,0,2,多平,S,2859.8000,2859.6000,2859.4000,2859.2000,2859.0000,2860.4000,2860.6000,2861.4000,2861.8000,2862.6000,1,7,6,4,1,3,2,1,1,3
SF,IH2006,2020-06-17 09:33:13.200,2860.4000,21374,-1,1152949800.000,1,0,1,双平,S,2860.2000,2860.0000,2859.8000,2859.6000,2859.4000,2860.4000,2860.6000,2861.4000,2861.8000,2862.6000,1,1,1,4,6,2,2,1,1,3
SF,IH2006,2020-06-17 09:33:13.700,2860.2000,21367,-7,1158956220.000,7,0,7,双平,S,2860.0000,2859.8000,2859.6000,2859.4000,2859.2000,2860.2000,2860.4000,2860.6000,2861.4000,2861.8000,1,1,3,6,4,2,2,2,1,1
SF,IH2006,2020-06-17 09:33:14.200,2860.4000,21364,-3,1161530460.000,3,0,3,双平,S,2860.0000,2859.8000,2859.6000,2859.4000,2859.2000,2860.4000,2860.6000,2861.4000,2861.8000,2862.6000,1,1,3,7,5,1,2,1,1,3
SF,IH2006,2020-06-17 09:33:14.700,2860.2000,21362,-2,1164104640.000,3,0,3,多平,S,2859.8000,2859.6000,2859.4000,2859.2000,2859.0000,2860.6000,2861.4000,2861.8000,2862.6000,2862.8000,1,3,7,4,1,2,1,1,3,2
SF,IH2006,2020-06-17 09:33:15.200,2860.2000,21362,0,1164104640.000,0,-,-,-,-,2859.8000,2859.6000,2859.4000,2859.2000,2859.0000,2860.6000,2861.4000,2861.8000,2862.6000,2862.8000,4,3,7,4,1,2,1,1,3,2
SF,IH2006,2020-06-17 09:33:15.700,2860.2000,21362,0,1164104640.000,0,-,-,-,-,2859.8000,2859.6000,2859.4000,2859.2000,2859.0000,2860.4000,2860.6000,2861.4000,2861.8000,2862.6000,4,3,7,4,1,2,2,1,1,3
SF,IH2006,2020-06-17 09:33:16.200,2860.2000,21362,0,1164104640.000,0,-,-,-,-,2860.0000,2859.8000,2859.6000,2859.4000,2859.2000,2860.4000,2860.6000,2861.4000,2861.8000,2862.6000,1,2,3,7,4,7,2,1,1,3
SF,IH2006,2020-06-17 09:33:16.700,2860.2000,21362,0,1164104640.000,0,-,-,-,-,2859.8000,2859.6000,2859.4000,2859.2000,2859.0000,2860.4000,2860.6000,2861.4000,2861.8000,2862.6000,2,3,7,4,1,7,2,1,1,3
SF,IH2006,2020-06-17 09:33:17.200,2859.8000,21361,-1,1164962580.000,1,0,1,双平,S,2859.8000,2859.6000,2859.4000,2859.2000,2859.0000,2860.4000,2860.6000,2861.4000,2861.8000,2862.6000,2,3,7,4,1,7,2,1,1,3
SF,IH2006,2020-06-17 09:33:17.700,2859.8000,21361,0,1164962580.000,0,-,-,-,-,2860.2000,2859.8000,2859.6000,2859.4000,2859.2000,2860.4000,2860.6000,2861.4000,2861.8000,2862.6000,2,2,3,7,4,7,2,1,1,3
SF,IH2006,2020-06-17 09:33:18.200,2860.2000,21359,-2,1166678700.000,2,0,2,双平,S,2859.8000,2859.6000,2859.4000,2859.2000,2859.0000,2860.2000,2860.4000,2860.6000,2861.4000,2861.8000,2,3,7,4,1,1,6,2,1,1
SF,IH2006,2020-06-17 09:33:18.700,2860.2000,21357,-2,1168394820.000,2,0,2,双平,S,2859.8000,2859.6000,2859.4000,2859.2000,2859.0000,2860.4000,2860.6000,2861.4000,2861.8000,2862.6000,2,3,7,4,1,6,2,1,1,3
SF,IH2006,2020-06-17 09:33:19.200,2860.0000,21357,0,1169252820.000,1,0,1,多换,S,2859.8000,2859.6000,2859.4000,2859.2000,2859.0000,2860.2000,2860.4000,2860.6000,2861.4000,2861.8000,2,3,7,4,1,1,6,2,1,1
SF,IH2006,2020-06-17 09:33:19.700,2860.0000,21357,0,1169252820.000,0,-,-,-,-,2859.8000,2859.6000,2859.4000,2859.2000,2859.0000,2860.2000,2860.4000,2860.6000,2861.4000,2861.8000,2,3,7,4,1,1,7,2,1,1
SF,IH2006,2020-06-17 09:33:20.700,2860.0000,21357,0,1169252820.000,0,-,-,-,-,2860.0000,2859.8000,2859.6000,2859.4000,2859.2000,2860.2000,2860.4000,2860.6000,2861.4000,2861.8000,1,2,3,7,4,1,7,2,1,1
SF,IH2006,2020-06-17 09:33:21.200,2860.2000,21356,-1,1170110880.000,1,0,1,双平,S,2860.2000,2860.0000,2859.8000,2859.6000,2859.4000,2860.4000,2860.6000,2861.4000,2861.8000,2862.6000,1,1,2,3,7,7,2,1,1,3
SF,IH2006,2020-06-17 09:33:21.700,2859.8000,21352,-4,1179549660.000,11,3,8,多平,S,2859.6000,2859.4000,2859.2000,2859.0000,2858.8000,2859.8000,2860.2000,2860.6000,2860.8000,2861.4000,3,7,4,1,2,1,1,2,1,1
SF,IH2006,2020-06-17 09:33:22.200,2860.2000,21351,-1,1181265660.000,2,0,2,多平,S,2860.2000,2860.0000,2859.8000,2859.6000,2859.4000,2860.6000,2860.8000,2861.4000,2861.8000,2862.6000,1,4,13,1,6,2,1,1,1,3
SF,IH2006,2020-06-17 09:33:22.700,2860.2000,21348,-3,1183839840.000,3,0,3,双平,S,2859.8000,2859.6000,2859.4000,2859.2000,2859.0000,2860.6000,2860.8000,2861.4000,2861.8000,2862.6000,11,1,6,4,1,5,2,1,1,3
SF,IH2006,2020-06-17 09:33:23.200,2860.2000,21348,0,1183839840.000,0,-,-,-,-,2860.0000,2859.8000,2859.6000,2859.4000,2859.2000,2860.4000,2860.6000,2860.8000,2861.4000,2861.8000,1,5,2,6,4,1,6,2,1,1
SF,IH2006,2020-06-17 09:33:23.700,2859.8000,21346,-2,1186413720.000,3,0,3,多平,S,2859.8000,2859.6000,2859.4000,2859.2000,2859.0000,2860.4000,2860.6000,2860.8000,2861.4000,2861.8000,3,2,6,4,1,1,6,2,1,2
SF,IH2006,2020-06-17 09:33:24.200,2859.8000,21345,-1,1187271660.000,1,0,1,双平,S,2860.2000,2859.8000,2859.6000,2859.4000,2859.2000,2860.4000,2860.6000,2860.8000,2861.4000,2861.8000,2,3,2,7,4,2,3,2,1,2
SF,IH2006,2020-06-17 09:33:24.700,2860.2000,21343,-2,1188987780.000,2,0,2,双平,S,2859.8000,2859.6000,2859.4000,2859.2000,2859.0000,2860.2000,2860.4000,2860.6000,2860.8000,2861.4000,2,2,7,4,1,1,2,3,2,1
SF,IH2006,2020-06-17 09:33:25.200,2860.2000,21344,1,1189845840.000,1,1,0,双开,S,2860.2000,2859.8000,2859.6000,2859.4000,2859.2000,2860.4000,2860.6000,2860.8000,2861.4000,2861.8000,3,1,1,7,3,2,3,2,1,2
SF,IH2006,2020-06-17 09:33:25.700,2859.4000,21338,-6,1195851480.000,7,0,7,多平,S,2859.4000,2859.2000,2859.0000,2858.8000,2858.6000,2860.4000,2860.6000,2860.8000,2861.4000,2861.8000,5,3,2,2,1,2,4,2,1,2
SF,IH2006,2020-06-17 09:33:26.200,2859.4000,21338,0,1195851480.000,0,-,-,-,-,2859.6000,2859.4000,2859.2000,2859.0000,2858.8000,2860.2000,2860.4000,2860.6000,2860.8000,2861.4000,1,5,3,3,2,2,2,4,2,1
SF,IH2006,2020-06-17 09:33:26.700,2860.0000,21338,0,1196709480.000,1,0,1,多换,S,2859.6000,2859.4000,2859.2000,2859.0000,2858.8000,2860.2000,2860.4000,2860.6000,2860.8000,2861.4000,1,5,3,3,2,2,2,3,2,1
SF,IH2006,2020-06-17 09:33:27.200,2860.0000,21338,0,1196709480.000,0,-,-,-,-,2859.8000,2859.6000,2859.4000,2859.2000,2859.0000,2860.2000,2860.4000,2860.6000,2860.8000,2861.4000,1,1,5,3,3,2,2,3,2,1
SF,IH2006,2020-06-17 09:33:27.700,2860.2000,21337,-1,1197567540.000,1,0,1,双平,S,2859.8000,2859.6000,2859.4000,2859.2000,2859.0000,2860.2000,2860.4000,2860.6000,2860.8000,2861.4000,1,1,5,3,3,1,2,3,2,1
SF,IH2006,2020-06-17 09:33:28.200,2860.2000,21336,-1,1198425600.000,1,0,1,双平,S,2860.2000,2859.8000,2859.6000,2859.4000,2859.2000,2860.4000,2860.6000,2860.8000,2861.4000,2861.8000,1,2,1,5,3,3,3,2,1,2
SF,IH2006,2020-06-17 09:33:28.700,2860.4000,21334,-2,1200141840.000,2,0,2,双平,S,2860.4000,2859.8000,2859.6000,2859.4000,2859.2000,2860.6000,2860.8000,2861.4000,2861.8000,2862.6000,1,2,1,5,3,3,2,1,2,3
SF,IH2006,2020-06-17 09:33:29.200,2860.6000,21334,0,1201000020.000,1,0,1,多换,S,2860.4000,2859.8000,2859.6000,2859.4000,2859.2000,2860.6000,2860.8000,2861.4000,2861.8000,2862.6000,1,3,1,5,1,2,2,1,2,3
SF,IH2006,2020-06-17 09:33:29.700,2860.6000,21332,-2,1204432740.000,4,1,3,多平,S,2860.6000,2860.4000,2860.2000,2859.8000,2859.6000,2860.8000,2861.4000,2861.8000,2862.6000,2862.8000,1,1,1,3,1,2,1,2,3,2
SF,IH2006,2020-06-17 09:33:30.200,2860.6000,21328,-4,1207865460.000,4,0,4,双平,S,2860.4000,2860.2000,2859.8000,2859.6000,2859.4000,2860.6000,2860.8000,2861.4000,2861.8000,2862.6000,1,1,3,1,2,2,2,1,2,3
SF,IH2006,2020-06-17 09:33:30.700,2860.8000,21325,-3,1211298300.000,4,0,4,多平,S,2860.4000,2860.2000,2860.0000,2859.8000,2859.6000,2861.4000,2861.8000,2862.6000,2862.8000,2863.8000,1,1,1,3,1,1,2,3,2,1
SF,IH2006,2020-06-17 09:33:31.200,2860.8000,21325,0,1211298300.000,0,-,-,-,-,2860.4000,2860.2000,2860.0000,2859.8000,2859.6000,2861.2000,2861.4000,2861.8000,2862.6000,2862.8000,2,1,1,3,1,6,2,2,3,2
SF,IH2006,2020-06-17 09:33:31.700,2860.8000,21325,0,1211298300.000,0,-,-,-,-,2860.6000,2860.4000,2860.2000,2860.0000,2859.8000,2861.2000,2861.4000,2861.8000,2862.6000,2862.8000,1,3,2,1,2,5,1,2,3,2
SF,IH2006,2020-06-17 09:33:32.200,2860.8000,21325,0,1211298300.000,0,-,-,-,-,2860.8000,2860.6000,2860.4000,2860.2000,2860.0000,2861.2000,2861.4000,2861.8000,2862.6000,2862.8000,1,3,3,2,1,4,1,2,3,2
SF,IH2006,2020-06-17 09:33:32.700,2861.2000,21322,-3,1213873380.000,3,0,3,双平,S,2860.8000,2860.6000,2860.4000,2860.2000,2860.0000,2861.2000,2861.4000,2861.8000,2862.6000,2862.8000,1,3,3,2,1,1,1,2,3,2
SF,IH2006,2020-06-17 09:33:33.200,2861.2000,21321,-1,1214731740.000,1,0,1,双平,S,2861.2000,2860.8000,2860.6000,2860.4000,2860.2000,2861.4000,2861.8000,2862.6000,2862.8000,2863.8000,3,2,3,3,1,1,2,3,2,1
SF,IH2006,2020-06-17 09:33:33.700,2861.2000,21321,0,1214731740.000,0,-,-,-,-,2861.2000,2861.0000,2860.8000,2860.6000,2860.4000,2861.4000,2861.8000,2862.6000,2862.8000,2863.8000,3,1,2,3,3,1,2,3,2,1
SF,IH2006,2020-06-17 09:33:34.200,2861.2000,21321,0,1214731740.000,0,-,-,-,-,2861.2000,2861.0000,2860.8000,2860.6000,2860.4000,2861.4000,2861.8000,2862.0000,2862.6000,2862.8000,3,1,2,3,3,1,2,5,3,2
SF,IH2006,2020-06-17 09:33:34.700,2861.2000,21321,0,1214731740.000,0,-,-,-,-,2861.2000,2861.0000,2860.8000,2860.6000,2860.4000,2861.4000,2861.8000,2862.0000,2862.6000,2862.8000,3,1,2,3,3,1,2,5,3,2
SF,IH2006,2020-06-17 09:33:35.200,2861.2000,21318,-3,1217306820.000,3,0,3,双平,S,2861.0000,2860.8000,2860.6000,2860.4000,2860.2000,2861.4000,2861.8000,2862.0000,2862.6000,2862.8000,1,2,3,3,1,1,2,5,3,2
SF,IH2006,2020-06-17 09:33:36.200,2861.4000,21317,-1,1218165240.000,1,0,1,双平,S,2861.4000,2861.0000,2860.8000,2860.6000,2860.4000,2861.8000,2862.0000,2862.6000,2862.8000,2863.8000,1,1,2,3,3,2,5,3,5,1
SF,IH2006,2020-06-17 09:33:36.700,2861.6000,21316,-1,1219023720.000,1,0,1,双平,S,2861.4000,2860.8000,2860.6000,2860.4000,2860.2000,2861.8000,2862.0000,2862.6000,2862.8000,2863.8000,2,2,3,3,1,2,5,3,5,1
SF,IH2006,2020-06-17 09:33:37.200,2861.6000,21314,-2,1220740740.000,2,0,2,双平,S,2861.4000,2860.8000,2860.6000,2860.4000,2860.2000,2862.0000,2862.6000,2862.8000,2863.8000,2864.4000,2,2,3,3,1,5,3,5,1,1
SF,IH2006,2020-06-17 09:33:37.700,2861.6000,21313,-1,1221599220.000,1,0,1,双平,S,2861.4000,2860.8000,2860.6000,2860.4000,2860.2000,2862.0000,2862.6000,2862.8000,2863.8000,2864.4000,2,2,3,3,1,5,3,5,1,1
SF,IH2006,2020-06-17 09:33:38.200,2862.0000,21312,-1,1222457820.000,1,0,1,双平,S,2861.6000,2861.4000,2860.8000,2860.6000,2860.4000,2862.0000,2862.6000,2862.8000,2863.8000,2864.4000,1,2,2,3,3,4,3,5,1,1
SF,IH2006,2020-06-17 09:33:38.700,2862.0000,21312,0,1222457820.000,0,-,-,-,-,2861.6000,2861.4000,2860.8000,2860.6000,2860.4000,2862.0000,2862.6000,2862.8000,2863.8000,2864.4000,1,2,2,3,3,8,3,5,1,1
SF,IH2006,2020-06-17 09:33:39.200,2861.6000,21311,-1,1223316300.000,1,0,1,双平,S,2861.4000,2860.8000,2860.6000,2860.4000,2860.2000,2861.6000,2862.0000,2862.6000,2862.8000,2863.8000,2,2,3,3,1,5,8,3,5,1
SF,IH2006,2020-06-17 09:33:39.700,2861.4000,21311,0,1225033140.000,2,1,1,多换,S,2860.8000,2860.6000,2860.4000,2860.2000,2860.0000,2861.4000,2862.0000,2862.6000,2862.8000,2863.8000,2,3,3,1,1,3,8,3,5,1
SF,IH2006,2020-06-17 09:33:40.200,2861.4000,21311,0,1225033140.000,0,-,-,-,-,2860.8000,2860.6000,2860.4000,2860.2000,2860.0000,2861.4000,2862.0000,2862.6000,2862.8000,2863.8000,2,3,3,1,1,1,8,3,5,1
SF,IH2006,2020-06-17 09:33:40.700,2861.4000,21309,-2,1226749980.000,2,0,2,双平,S,2861.4000,2860.8000,2860.6000,2860.4000,2860.2000,2862.0000,2862.6000,2862.8000,2863.8000,2864.4000,2,1,1,3,1,8,3,5,1,1
SF,IH2006,2020-06-17 09:33:41.200,2861.4000,21307,-2,1228466820.000,2,0,2,双平,S,2860.6000,2860.4000,2860.2000,2860.0000,2859.8000,2860.8000,2861.2000,2861.4000,2861.6000,2862.0000,1,3,1,1,1,1,1,6,2,8
SF,IH2006,2020-06-17 09:33:41.700,2860.8000,21306,-1,1230183300.000,2,0,2,多平,S,2861.0000,2860.8000,2860.6000,2860.4000,2860.2000,2862.0000,2862.6000,2862.8000,2863.8000,2864.4000,1,4,1,3,1,8,3,5,1,1
SF,IH2006,2020-06-17 09:33:42.200,2861.2000,21303,-3,1232758380.000,3,0,3,双平,S,2861.0000,2860.8000,2860.6000,2860.4000,2860.2000,2861.2000,2861.8000,2862.0000,2862.6000,2862.8000,1,4,1,3,1,5,5,14,3,5
SF,IH2006,2020-06-17 09:33:42.700,2861.0000,21302,-1,1235333280.000,3,1,2,多平,S,2860.8000,2860.6000,2860.4000,2860.2000,2860.0000,2861.0000,2861.8000,2862.0000,2862.6000,2862.8000,3,1,3,1,1,2,5,14,3,5
SF,IH2006,2020-06-17 09:33:43.200,2860.8000,21299,-3,1237908000.000,3,0,3,双平,S,2860.6000,2860.4000,2860.2000,2860.0000,2859.8000,2860.8000,2861.0000,2861.2000,2861.8000,2862.0000,1,3,1,1,1,4,2,1,2,13
SF,IH2006,2020-06-17 09:33:43.700,2860.6000,21295,-4,1242198780.000,5,0,5,多平,S,2860.2000,2860.0000,2859.8000,2859.4000,2859.2000,2860.6000,2861.0000,2861.2000,2861.8000,2862.0000,1,1,1,2,1,2,3,1,1,13
SF,IH2006,2020-06-17 09:33:44.200,2860.6000,21295,0,1242198780.000,0,-,-,-,-,2860.2000,2860.0000,2859.8000,2859.4000,2859.2000,2860.6000,2861.0000,2861.2000,2861.8000,2862.0000,1,1,1,2,1,1,3,1,1,13
SF,IH2006,2020-06-17 09:33:45.200,2860.6000,21294,-1,1243915020.000,2,0,2,多平,S,2860.2000,2860.0000,2859.8000,2859.4000,2859.2000,2861.0000,2861.2000,2861.8000,2862.0000,2862.6000,1,1,1,2,1,3,1,1,13,3
SF,IH2006,2020-06-17 09:33:45.700,2860.6000,21294,0,1243915020.000,0,-,-,-,-,2860.2000,2860.0000,2859.8000,2859.4000,2859.2000,2860.8000,2861.0000,2861.2000,2861.8000,2862.0000,1,1,1,2,1,1,3,1,1,8
SF,IH2006,2020-06-17 09:33:46.200,2860.6000,21294,0,1243915020.000,0,-,-,-,-,2860.4000,2860.2000,2860.0000,2859.8000,2859.4000,2860.8000,2861.0000,2861.2000,2861.8000,2862.0000,1,2,1,1,2,1,3,1,1,8
SF,IH2006,2020-06-17 09:33:46.700,2861.0000,21291,-3,1246489860.000,3,0,3,双平,S,2860.2000,2860.0000,2859.8000,2859.4000,2859.2000,2861.0000,2861.2000,2861.8000,2862.0000,2862.6000,2,1,1,2,1,1,1,1,8,3
SF,IH2006,2020-06-17 09:33:47.200,2860.8000,21290,-1,1247348100.000,1,0,1,双平,S,2860.8000,2860.4000,2860.2000,2860.0000,2859.8000,2861.0000,2861.2000,2861.8000,2862.0000,2862.6000,2,6,2,1,1,1,1,1,8,3
SF,IH2006,2020-06-17 09:33:47.700,2860.8000,21289,-1,1249064640.000,2,0,2,多平,S,2860.8000,2860.4000,2860.2000,2860.0000,2859.8000,2861.8000,2862.0000,2862.6000,2862.8000,2863.8000,1,6,2,1,1,1,8,3,6,1
SF,IH2006,2020-06-17 09:33:48.200,2860.8000,21288,-1,1249922880.000,1,0,1,双平,S,2861.0000,2860.4000,2860.2000,2860.0000,2859.8000,2861.6000,2861.8000,2862.0000,2862.6000,2862.8000,2,4,2,1,1,3,2,8,3,6
SF,IH2006,2020-06-17 09:33:48.700,2860.8000,21288,0,1249922880.000,0,-,-,-,-,2861.0000,2860.4000,2860.2000,2860.0000,2859.8000,2861.6000,2861.8000,2862.0000,2862.2000,2862.6000,1,4,2,1,1,2,2,8,1,3
SF,IH2006,2020-06-17 09:33:49.200,2860.8000,21288,0,1250781120.000,1,0,1,多换,S,2860.4000,2860.2000,2860.0000,2859.8000,2859.4000,2861.0000,2861.6000,2861.8000,2862.0000,2862.2000,4,2,1,1,2,4,2,1,7,1
SF,IH2006,2020-06-17 09:33:49.700,2860.8000,21288,0,1250781120.000,0,-,-,-,-,2860.6000,2860.4000,2860.2000,2860.0000,2859.8000,2860.8000,2861.0000,2861.6000,2862.0000,2862.2000,1,4,2,1,1,1,4,2,7,1
SF,IH2006,2020-06-17 09:33:50.700,2860.8000,21288,0,1250781120.000,0,-,-,-,-,2860.6000,2860.4000,2860.2000,2860.0000,2859.8000,2861.0000,2861.6000,2862.0000,2862.2000,2862.6000,1,3,2,1,1,4,2,7,1,3
SF,IH2006,2020-06-17 09:33:51.200,2860.6000,21283,-5,1255072200.000,5,0,5,双平,S,2860.4000,2860.2000,2860.0000,2859.8000,2859.4000,2860.6000,2860.8000,2861.0000,2861.6000,2862.0000,3,2,1,1,2,2,1,3,2,7
SF,IH2006,2020-06-17 09:33:51.700,2860.6000,21281,-2,1256788560.000,2,0,2,双平,S,2860.6000,2860.4000,2860.2000,2860.0000,2859.8000,2860.8000,2861.0000,2861.6000,2862.0000,2862.2000,3,2,2,1,1,1,3,2,7,1
SF,IH2006,2020-06-17 09:33:52.200,2861.0000,21280,-1,1259363400.000,3,1,2,多平,S,2860.6000,2860.4000,2860.2000,2860.0000,2859.8000,2861.0000,2861.6000,2862.0000,2862.2000,2862.6000,1,3,2,1,1,1,2,7,1,3
SF,IH2006,2020-06-17 09:33:52.700,2860.6000,21278,-2,1261079760.000,2,0,2,双平,S,2860.6000,2860.4000,2860.2000,2860.0000,2859.8000,2861.0000,2861.6000,2862.0000,2862.2000,2862.6000,1,3,2,1,1,1,2,7,1,3
SF,IH2006,2020-06-17 09:33:53.200,2860.6000,21276,-2,1262796120.000,2,0,2,双平,S,2860.4000,2860.2000,2860.0000,2859.8000,2859.4000,2861.0000,2861.6000,2862.0000,2862.2000,2862.6000,3,2,1,1,2,1,2,7,1,3
SF,IH2006,2020-06-17 09:33:53.700,2860.6000,21276,0,1262796120.000,0,-,-,-,-,2860.4000,2860.2000,2860.0000,2859.8000,2859.4000,2861.0000,2861.6000,2862.0000,2862.2000,2862.6000,4,2,1,1,2,1,2,7,1,3
SF,IH2006,2020-06-17 09:33:54.200,2860.6000,21276,0,1262796120.000,0,-,-,-,-,2860.4000,2860.2000,2860.0000,2859.8000,2859.4000,2860.8000,2861.0000,2861.6000,2862.0000,2862.2000,4,2,1,1,2,1,1,1,7,1
SF,IH2006,2020-06-17 09:33:54.700,2860.8000,21275,-1,1263654360.000,1,0,1,双平,S,2860.4000,2860.2000,2860.0000,2859.8000,2859.4000,2861.0000,2861.6000,2862.0000,2862.2000,2862.6000,2,2,1,1,2,1,1,7,1,3
SF,IH2006,2020-06-17 09:33:55.200,2861.0000,21273,-2,1266229260.000,3,0,3,多平,S,2861.2000,2861.0000,2860.4000,2860.2000,2860.0000,2861.6000,2862.0000,2862.2000,2862.6000,2862.8000,1,2,2,2,1,1,7,1,3,5
SF,IH2006,2020-06-17 09:33:55.700,2861.2000,21272,-1,1269662580.000,4,1,3,多平,S,2860.4000,2860.2000,2860.0000,2859.8000,2859.4000,2861.2000,2861.4000,2861.6000,2861.8000,2862.0000,3,2,1,1,2,4,2,2,2,7
SF,IH2006,2020-06-17 09:33:56.200,2861.2000,21271,-1,1270520940.000,1,0,1,双平,S,2860.6000,2860.4000,2860.2000,2860.0000,2859.8000,2861.2000,2861.4000,2861.6000,2861.8000,2862.0000,5,3,2,1,1,3,2,2,1,7
SF,IH2006,2020-06-17 09:33:56.700,2861.4000,21267,-4,1277387520.000,8,2,6,多平,S,2861.0000,2860.8000,2860.6000,2860.4000,2860.2000,2861.6000,2861.8000,2862.0000,2862.2000,2862.6000,1,2,5,3,2,3,1,7,1,3
SF,IH2006,2020-06-17 09:33:57.200,2861.0000,21266,-1,1278245820.000,1,0,1,双平,S,2861.0000,2860.8000,2860.6000,2860.4000,2860.2000,2861.2000,2861.4000,2861.6000,2861.8000,2862.0000,1,3,5,3,1,2,1,3,1,7
SF,IH2006,2020-06-17 09:33:57.700,2861.2000,21264,-2,1281679260.000,4,1,3,多平,S,2861.4000,2861.2000,2861.0000,2860.8000,2860.6000,2861.6000,2862.0000,2862.2000,2862.6000,2862.8000,7,17,1,3,3,2,7,1,3,5
SF,IH2006,2020-06-17 09:33:58.200,2861.6000,21262,-2,1283396220.000,2,0,2,双平,S,2861.2000,2861.0000,2860.8000,2860.6000,2860.4000,2862.0000,2862.2000,2862.6000,2862.8000,2863.8000,10,1,3,3,3,8,1,3,5,1
SF,IH2006,2020-06-17 09:33:58.700,2861.8000,21258,-4,1286830080.000,4,0,4,双平,S,2861.2000,2861.0000,2860.8000,2860.6000,2860.4000,2861.8000,2862.0000,2862.2000,2862.6000,2862.8000,7,1,3,3,3,1,8,1,3,5
SF,IH2006,2020-06-17 09:33:59.200,2861.8000,21255,-3,1289405700.000,3,0,3,双平,S,2861.2000,2861.0000,2860.8000,2860.6000,2860.4000,2861.8000,2862.0000,2862.2000,2862.6000,2862.8000,3,1,3,3,3,1,8,1,3,5
SF,IH2006,2020-06-17 09:34:00.700,2861.8000,21255,0,1289405700.000,0,-,-,-,-,2861.4000,2861.0000,2860.8000,2860.6000,2860.4000,2861.8000,2862.0000,2862.2000,2862.6000,2862.8000,1,1,3,3,3,1,8,1,3,5
SF,IH2006,2020-06-17 09:34:01.200,2861.6000,21254,-1,1291981020.000,3,1,2,多平,S,2861.0000,2860.8000,2860.6000,2860.4000,2860.0000,2861.8000,2862.0000,2862.2000,2862.6000,2862.8000,1,3,3,3,1,1,8,1,3,5
SF,IH2006,2020-06-17 09:34:01.700,2861.6000,21254,0,1291981020.000,0,-,-,-,-,2861.2000,2861.0000,2860.8000,2860.6000,2860.4000,2861.4000,2861.8000,2862.0000,2862.2000,2862.6000,1,1,2,3,3,1,1,8,1,3
SF,IH2006,2020-06-17 09:34:02.700,2861.4000,21253,-1,1292839440.000,1,0,1,双平,S,2861.2000,2861.0000,2860.8000,2860.6000,2860.4000,2861.8000,2862.0000,2862.2000,2862.6000,2862.8000,1,1,2,3,3,1,8,1,3,5
SF,IH2006,2020-06-17 09:34:03.200,2861.2000,21253,0,1293697800.000,1,0,1,多换,S,2861.0000,2860.8000,2860.6000,2860.4000,2860.0000,2861.2000,2861.8000,2862.0000,2862.2000,2862.6000,1,2,3,3,1,1,1,8,1,3
SF,IH2006,2020-06-17 09:34:03.700,2861.2000,21252,-1,1295414520.000,2,0,2,多平,S,2861.0000,2860.8000,2860.6000,2860.4000,2860.0000,2861.8000,2862.0000,2862.2000,2862.6000,2862.8000,1,2,3,3,1,1,8,1,2,5
SF,IH2006,2020-06-17 09:34:04.200,2861.2000,21252,0,1295414520.000,0,-,-,-,-,2861.0000,2860.8000,2860.6000,2860.4000,2860.0000,2861.8000,2862.0000,2862.2000,2862.6000,2862.8000,1,2,3,3,1,1,8,1,2,5
SF,IH2006,2020-06-17 09:34:04.700,2861.8000,21249,-3,1297990080.000,3,0,3,双平,S,2861.8000,2861.0000,2860.8000,2860.6000,2860.4000,2862.0000,2862.2000,2862.6000,2862.8000,2863.8000,7,1,2,3,3,8,1,2,5,1
SF,IH2006,2020-06-17 09:34:05.200,2861.8000,21246,-3,1307434020.000,11,4,7,多平,S,2861.0000,2860.8000,2860.6000,2860.4000,2860.0000,2861.8000,2862.0000,2862.2000,2862.6000,2862.8000,1,2,2,3,1,15,10,2,2,5
SF,IH2006,2020-06-17 09:34:05.700,2861.6000,21243,-3,1310867940.000,4,0,4,多平,S,2861.2000,2861.0000,2860.8000,2860.6000,2860.4000,2861.6000,2861.8000,2862.0000,2862.2000,2862.6000,1,2,3,2,3,1,9,11,2,2
SF,IH2006,2020-06-17 09:34:06.200,2861.6000,21243,0,1310867940.000,0,-,-,-,-,2861.0000,2860.8000,2860.6000,2860.4000,2860.0000,2861.2000,2861.6000,2861.8000,2862.0000,2862.2000,2,4,2,3,1,2,3,5,11,2
SF,IH2006,2020-06-17 09:34:06.700,2861.2000,21238,-5,1316018100.000,6,0,6,多平,S,2861.4000,2861.2000,2861.0000,2860.8000,2860.6000,2861.6000,2861.8000,2862.0000,2862.2000,2862.6000,2,10,2,4,2,2,5,11,2,2
SF,IH2006,2020-06-17 09:34:07.200,2861.6000,21236,-2,1318593420.000,3,0,3,多平,S,2861.0000,2860.8000,2860.6000,2860.4000,2860.0000,2861.2000,2861.8000,2862.0000,2862.2000,2862.6000,2,4,2,2,1,1,5,11,2,2
SF,IH2006,2020-06-17 09:34:07.700,2861.2000,21234,-2,1320310140.000,2,0,2,双平,S,2861.0000,2860.8000,2860.6000,2860.4000,2860.0000,2861.8000,2862.0000,2862.2000,2862.6000,2862.8000,2,4,2,2,1,5,11,2,2,5
SF,IH2006,2020-06-17 09:34:08.200,2861.6000,21234,0,1321168620.000,1,0,1,多换,S,2861.4000,2861.0000,2860.8000,2860.6000,2860.4000,2861.8000,2862.0000,2862.2000,2862.6000,2862.8000,1,2,3,2,2,5,10,2,2,5
SF,IH2006,2020-06-17 09:34:08.700,2861.0000,21232,-2,1322885340.000,2,0,2,双平,S,2861.0000,2860.8000,2860.6000,2860.4000,2860.0000,2861.4000,2861.8000,2862.0000,2862.2000,2862.6000,1,3,2,2,1,1,5,10,2,2
SF,IH2006,2020-06-17 09:34:09.200,2860.8000,21230,-2,1324601880.000,2,0,2,双平,S,2860.8000,2860.6000,2860.4000,2860.0000,2859.4000,2861.4000,2861.6000,2861.8000,2862.0000,2862.2000,2,2,2,1,2,2,1,5,10,2
SF,IH2006,2020-06-17 09:34:09.700,2860.8000,21229,-1,1326318360.000,2,0,2,多平,S,2860.6000,2860.4000,2860.0000,2859.4000,2859.2000,2861.2000,2861.4000,2861.6000,2861.8000,2862.0000,2,2,2,2,1,1,2,1,5,10
SF,IH2006,2020-06-17 09:34:10.200,2860.8000,21229,0,1326318360.000,0,-,-,-,-,2860.6000,2860.4000,2860.2000,2860.0000,2859.4000,2861.2000,2861.4000,2861.6000,2861.8000,2862.0000,1,2,1,1,2,1,2,1,5,10
SF,IH2006,2020-06-17 09:34:10.700,2860.4000,21227,-2,1328034660.000,2,0,2,双平,S,2860.4000,2860.2000,2860.0000,2859.4000,2859.2000,2861.2000,2861.4000,2861.6000,2861.8000,2862.0000,1,1,1,2,1,2,2,1,5,10
SF,IH2006,2020-06-17 09:34:11.200,2860.4000,21227,0,1328034660.000,0,-,-,-,-,2860.2000,2860.0000,2859.4000,2859.2000,2859.0000,2861.0000,2861.2000,2861.4000,2861.6000,2861.8000,1,1,3,1,2,1,6,2,1,4
SF,IH2006,2020-06-17 09:34:11.700,2860.4000,21227,0,1328034660.000,0,-,-,-,-,2860.2000,2859.4000,2859.2000,2859.0000,2858.8000,2860.8000,2861.2000,2861.4000,2861.6000,2861.8000,1,2,1,2,1,2,5,2,1,4
SF,IH2006,2020-06-17 09:34:12.200,2860.4000,21227,0,1328034660.000,0,-,-,-,-,2860.2000,2859.4000,2859.2000,2859.0000,2858.8000,2860.8000,2861.0000,2861.2000,2861.4000,2861.6000,1,2,1,2,1,2,2,3,2,1
SF,IH2006,2020-06-17 09:34:12.700,2860.2000,21226,-1,1328892720.000,1,0,1,双平,S,2859.8000,2859.4000,2859.2000,2859.0000,2858.8000,2860.4000,2860.6000,2860.8000,2861.0000,2861.2000,1,2,1,2,1,1,1,1,1,1
SF,IH2006,2020-06-17 09:34:13.200,2860.2000,21226,0,1328892720.000,0,-,-,-,-,2860.0000,2859.8000,2859.4000,2859.2000,2859.0000,2860.2000,2860.4000,2860.6000,2860.8000,2861.2000,2,2,2,1,2,1,1,1,1,1
SF,IH2006,2020-06-17 09:34:13.700,2860.2000,21226,0,1330608840.000,2,1,1,多换,S,2860.0000,2859.8000,2859.4000,2859.2000,2859.0000,2860.4000,2860.6000,2860.8000,2861.2000,2861.4000,2,2,2,1,2,1,1,1,1,2
SF,IH2006,2020-06-17 09:34:14.200,2860.0000,21225,-1,1332324840.000,2,0,2,多平,S,2860.0000,2859.8000,2859.4000,2859.2000,2859.0000,2860.4000,2860.6000,2860.8000,2861.2000,2861.4000,1,2,2,1,2,1,1,1,1,2
SF,IH2006,2020-06-17 09:34:14.700,2860.2000,21225,0,1333182900.000,1,0,1,多换,S,2860.0000,2859.8000,2859.4000,2859.2000,2859.0000,2860.4000,2860.6000,2860.8000,2861.2000,2861.4000,1,2,2,1,2,1,1,1,1,2
SF,IH2006,2020-06-17 09:34:15.200,2860.0000,21224,-1,1334898960.000,2,0,2,多平,S,2859.8000,2859.4000,2859.2000,2859.0000,2858.8000,2860.4000,2860.6000,2860.8000,2861.2000,2861.4000,1,2,1,2,2,1,1,1,1,2
SF,IH2006,2020-06-17 09:34:15.700,2860.6000,21222,-2,1336615260.000,2,0,2,双平,S,2860.0000,2859.8000,2859.4000,2859.2000,2859.0000,2860.8000,2861.2000,2861.4000,2861.8000,2862.0000,1,1,2,1,2,1,1,2,3,10
SF,IH2006,2020-06-17 09:34:16.200,2860.2000,21221,-1,1337473320.000,1,0,1,双平,S,2860.0000,2859.8000,2859.4000,2859.2000,2859.0000,2860.4000,2860.6000,2860.8000,2861.0000,2861.2000,3,1,2,1,2,1,2,1,1,1
