市场代码,合约代码,时间,最新,持仓,增仓,成交额,成交量,开仓,平仓,成交类型,方向,买一价,买二价,买三价,买四价,买五价,卖一价,卖二价,卖三价,卖四价,卖五价,买一量,买二量,买三量,买四量,买五量,卖一量,卖二量,卖三量,卖四量,卖五量
SF,IH2010,2020-08-25 09:29:00.400,3282.6000,189,0,0.000,0.000,-,-,-,-,3290.0000,3289.0000,3288.4000,3284.4000,3283.0000,3292.0000,3295.0000,3296.0000,3298.0000,3298.8000,1,1,1,5,1,1,2,1,1,1
SF,IH2010,2020-08-25 09:30:00.400,3295.0000,192,3,2964600.000,3,3,0,双开,S,3295.0000,3294.2000,3294.0000,3293.8000,3293.4000,3296.0000,3298.0000,3298.8000,3304.0000,3308.8000,1,1,1,1,2,1,1,1,1,1
SF,IH2010,2020-08-25 09:30:00.900,3298.8000,192,0,5932440.000,3,1,2,多换,S,3295.0000,3294.6000,3294.2000,3294.0000,3293.8000,3308.8000,3309.0000,3309.2000,3309.6000,3313.2000,1,1,1,1,1,1,1,2,1,2
SF,IH2010,2020-08-25 09:30:01.400,3298.8000,192,0,5932440.000,0,-,-,-,-,3295.2000,3295.0000,3294.6000,3293.8000,3293.4000,3308.8000,3309.0000,3309.2000,3309.6000,3322.8000,3,1,1,1,2,1,1,2,1,2
SF,IH2010,2020-08-25 09:30:01.900,3298.8000,192,0,5932440.000,0,-,-,-,-,3297.0000,3296.4000,3296.0000,3295.2000,3294.6000,3308.8000,3309.0000,3309.2000,3322.8000,3337.4000,1,1,1,3,1,1,1,2,2,1
SF,IH2010,2020-08-25 09:30:02.400,3298.8000,192,0,5932440.000,0,-,-,-,-,3297.2000,3296.4000,3296.0000,3295.4000,3295.2000,3303.0000,3307.2000,3308.8000,3309.0000,3322.8000,1,1,1,1,2,3,2,1,1,2
SF,IH2010,2020-08-25 09:30:02.900,3298.8000,192,0,5932440.000,0,-,-,-,-,3297.2000,3296.4000,3296.0000,3295.4000,3294.6000,3302.8000,3307.2000,3308.8000,3309.0000,3322.8000,1,1,1,1,1,4,2,1,1,2
SF,IH2010,2020-08-25 09:30:03.400,3298.8000,192,0,5932440.000,0,-,-,-,-,3298.0000,3297.2000,3295.4000,3293.8000,3293.0000,3302.8000,3307.2000,3308.8000,3309.0000,3322.8000,1,1,1,1,1,4,2,1,1,2
SF,IH2010,2020-08-25 09:30:03.900,3298.8000,192,0,5932440.000,0,-,-,-,-,3298.0000,3295.4000,3293.0000,3292.8000,3273.0000,3302.2000,3302.8000,3307.2000,3308.8000,3309.0000,1,1,1,1,1,1,4,2,1,1
SF,IH2010,2020-08-25 09:30:04.400,3298.8000,192,0,5932440.000,0,-,-,-,-,3298.6000,3298.2000,3298.0000,3295.4000,3293.0000,3302.0000,3302.2000,3307.2000,3308.8000,3309.0000,1,1,1,1,1,4,1,2,1,1
SF,IH2010,2020-08-25 09:30:04.900,3298.8000,192,0,5932440.000,0,-,-,-,-,3298.6000,3298.2000,3298.0000,3295.4000,3293.0000,3302.0000,3307.2000,3308.8000,3309.0000,3322.8000,1,1,1,1,1,4,2,1,1,2
SF,IH2010,2020-08-25 09:30:05.400,3298.8000,192,0,5932440.000,0,-,-,-,-,3298.0000,3295.4000,3293.0000,3292.8000,3273.0000,3302.0000,3307.2000,3308.8000,3309.0000,3322.8000,1,1,1,1,1,4,2,1,1,2
SF,IH2010,2020-08-25 09:30:05.900,3298.8000,192,0,5932440.000,0,-,-,-,-,3298.2000,3295.4000,3293.0000,3292.8000,3273.0000,3302.0000,3307.2000,3308.8000,3309.0000,3322.8000,1,1,1,1,1,4,2,1,1,2
SF,IH2010,2020-08-25 09:30:06.900,3298.8000,192,0,5932440.000,0,-,-,-,-,3298.4000,3298.2000,3295.4000,3293.0000,3292.8000,3302.0000,3307.2000,3308.8000,3309.0000,3322.8000,1,1,1,1,1,4,2,1,1,2
SF,IH2010,2020-08-25 09:30:07.400,3298.8000,192,0,5932440.000,0,-,-,-,-,3298.8000,3298.4000,3296.6000,3295.4000,3293.0000,3302.0000,3307.2000,3308.8000,3309.0000,3322.8000,1,1,1,1,1,4,2,1,1,2
SF,IH2010,2020-08-25 09:30:07.900,3298.8000,192,0,5932440.000,0,-,-,-,-,3299.0000,3298.8000,3298.4000,3296.6000,3295.4000,3302.0000,3307.2000,3308.8000,3309.0000,3322.8000,1,1,1,1,1,4,2,1,1,2
SF,IH2010,2020-08-25 09:30:08.400,3298.8000,192,0,5932440.000,0,-,-,-,-,3299.4000,3299.0000,3298.8000,3298.4000,3296.6000,3302.0000,3307.2000,3308.8000,3309.0000,3322.8000,1,1,1,1,1,4,2,1,1,2
SF,IH2010,2020-08-25 09:30:08.900,3298.8000,192,0,5932440.000,0,-,-,-,-,3299.4000,3299.0000,3298.8000,3296.6000,3295.4000,3302.0000,3307.2000,3308.8000,3309.0000,3322.8000,1,1,1,1,1,4,2,1,1,2
SF,IH2010,2020-08-25 09:30:09.900,3298.8000,192,0,5932440.000,0,-,-,-,-,3299.4000,3295.4000,3293.0000,3292.8000,3273.0000,3302.0000,3307.2000,3308.8000,3309.0000,3322.8000,1,1,1,1,1,4,2,1,1,2
SF,IH2010,2020-08-25 09:30:10.400,3298.8000,192,0,5932440.000,0,-,-,-,-,3295.4000,3293.0000,3273.0000,3247.4000,3242.6000,3302.0000,3307.2000,3308.8000,3309.0000,3322.8000,1,1,1,1,1,4,2,1,1,2
SF,IH2010,2020-08-25 09:30:10.900,3298.8000,192,0,5932440.000,0,-,-,-,-,3295.6000,3295.4000,3293.0000,3273.0000,3247.4000,3302.0000,3307.2000,3308.8000,3309.0000,3322.8000,1,1,1,1,1,4,2,1,1,2
SF,IH2010,2020-08-25 09:30:11.400,3298.8000,192,0,5932440.000,0,-,-,-,-,3295.6000,3295.4000,3293.0000,3273.0000,3247.4000,3302.0000,3307.2000,3308.8000,3309.0000,3322.8000,2,1,1,1,1,4,2,1,1,2
SF,IH2010,2020-08-25 09:30:11.900,3298.8000,192,0,5932440.000,0,-,-,-,-,3296.6000,3295.8000,3295.6000,3295.4000,3293.0000,3302.0000,3307.2000,3308.8000,3309.0000,3322.8000,1,1,2,1,1,4,2,1,1,2
SF,IH2010,2020-08-25 09:30:12.400,3298.8000,192,0,5932440.000,0,-,-,-,-,3296.6000,3296.0000,3295.8000,3295.6000,3295.4000,3302.0000,3307.2000,3308.8000,3309.0000,3322.8000,1,1,1,1,1,4,2,1,1,2
SF,IH2010,2020-08-25 09:30:12.900,3298.8000,192,0,5932440.000,0,-,-,-,-,3296.8000,3296.6000,3296.0000,3295.8000,3295.6000,3302.0000,3307.2000,3308.8000,3309.0000,3322.8000,1,1,1,1,1,4,2,1,1,2
SF,IH2010,2020-08-25 09:30:13.400,3298.8000,192,0,5932440.000,0,-,-,-,-,3297.2000,3296.6000,3295.8000,3295.6000,3295.4000,3302.0000,3307.2000,3308.8000,3309.0000,3322.8000,1,1,1,1,1,4,2,1,1,2
SF,IH2010,2020-08-25 09:30:13.900,3298.8000,192,0,5932440.000,0,-,-,-,-,3297.2000,3296.6000,3295.8000,3295.6000,3295.4000,3302.0000,3307.2000,3308.8000,3309.0000,3322.8000,1,1,1,1,1,4,2,1,1,2
SF,IH2010,2020-08-25 09:30:14.400,3298.8000,192,0,5932440.000,0,-,-,-,-,3297.4000,3297.2000,3295.6000,3295.4000,3293.0000,3302.0000,3307.2000,3308.8000,3309.0000,3322.8000,1,1,1,1,1,4,2,1,1,2
SF,IH2010,2020-08-25 09:30:14.900,3298.8000,192,0,5932440.000,0,-,-,-,-,3297.6000,3297.2000,3295.6000,3295.4000,3293.0000,3302.0000,3307.2000,3308.8000,3309.0000,3322.8000,1,1,1,1,1,4,2,1,1,2
SF,IH2010,2020-08-25 09:30:15.400,3298.8000,192,0,5932440.000,0,-,-,-,-,3297.6000,3297.2000,3295.6000,3295.4000,3293.0000,3302.0000,3307.2000,3308.8000,3309.0000,3322.8000,2,1,1,1,1,4,2,1,1,2
SF,IH2010,2020-08-25 09:30:16.900,3302.0000,196,4,9894840.000,4,4,0,双开,S,3297.6000,3297.2000,3295.6000,3295.4000,3273.0000,3307.2000,3308.8000,3309.0000,3322.8000,3342.8000,2,1,1,1,1,2,1,1,2,1
SF,IH2010,2020-08-25 09:30:17.400,3302.0000,196,0,9894840.000,0,-,-,-,-,3297.6000,3297.2000,3295.6000,3295.4000,3273.0000,3307.2000,3308.8000,3309.0000,3322.8000,3342.4000,2,1,1,1,1,2,1,1,2,4
SF,IH2010,2020-08-25 09:30:18.400,3302.0000,196,0,9894840.000,0,-,-,-,-,3298.4000,3297.6000,3295.6000,3273.0000,3262.4000,3307.2000,3308.8000,3309.0000,3322.8000,3342.4000,1,2,1,1,4,2,1,1,2,4
SF,IH2010,2020-08-25 09:30:18.900,3302.0000,196,0,9894840.000,0,-,-,-,-,3298.4000,3297.8000,3297.6000,3295.6000,3273.0000,3305.8000,3307.2000,3308.8000,3309.0000,3322.8000,1,1,1,1,1,1,2,1,1,2
SF,IH2010,2020-08-25 09:30:19.400,3302.0000,196,0,9894840.000,0,-,-,-,-,3298.8000,3298.6000,3298.4000,3297.8000,3295.6000,3305.8000,3307.2000,3308.8000,3309.0000,3322.8000,1,1,1,1,1,1,2,1,1,2
SF,IH2010,2020-08-25 09:30:19.900,3302.0000,196,0,9894840.000,0,-,-,-,-,3298.8000,3298.6000,3298.4000,3297.8000,3295.6000,3305.8000,3307.2000,3308.8000,3309.0000,3322.8000,1,1,1,1,1,1,2,1,1,2
SF,IH2010,2020-08-25 09:30:20.400,3302.0000,196,0,9894840.000,0,-,-,-,-,3298.8000,3298.4000,3297.8000,3295.6000,3273.0000,3305.8000,3307.2000,3308.8000,3309.0000,3322.8000,1,1,1,1,1,1,2,1,1,2
SF,IH2010,2020-08-25 09:30:20.900,3302.0000,196,0,9894840.000,0,-,-,-,-,3298.8000,3298.4000,3297.8000,3295.6000,3273.0000,3305.8000,3307.2000,3308.8000,3309.0000,3322.8000,1,1,1,1,1,1,2,1,1,2
SF,IH2010,2020-08-25 09:30:21.400,3302.0000,196,0,9894840.000,0,-,-,-,-,3299.2000,3298.8000,3297.8000,3295.6000,3273.0000,3305.4000,3305.8000,3308.8000,3309.0000,3322.8000,1,1,1,1,1,2,1,1,1,2
SF,IH2010,2020-08-25 09:30:21.900,3302.0000,196,0,9894840.000,0,-,-,-,-,3299.2000,3297.8000,3295.6000,3273.0000,3262.4000,3305.4000,3305.8000,3308.8000,3309.0000,3322.8000,1,1,1,1,4,2,1,1,1,2
SF,IH2010,2020-08-25 09:30:22.400,3302.0000,196,0,9894840.000,0,-,-,-,-,3299.2000,3297.8000,3295.6000,3273.0000,3262.4000,3304.6000,3305.4000,3308.8000,3309.0000,3322.8000,1,1,1,1,4,1,2,1,1,2
SF,IH2010,2020-08-25 09:30:22.900,3302.0000,196,0,9894840.000,0,-,-,-,-,3297.8000,3295.6000,3273.0000,3262.4000,3247.4000,3304.6000,3305.0000,3305.4000,3308.8000,3309.0000,1,1,1,4,1,1,1,2,1,1
SF,IH2010,2020-08-25 09:30:23.400,3302.0000,196,0,9894840.000,0,-,-,-,-,3297.8000,3295.6000,3273.0000,3262.4000,3247.4000,3304.6000,3305.0000,3305.4000,3308.8000,3309.0000,1,1,1,4,1,1,1,2,1,1
SF,IH2010,2020-08-25 09:30:23.900,3302.0000,196,0,9894840.000,0,-,-,-,-,3295.6000,3273.0000,3262.4000,3247.4000,3242.6000,3304.4000,3304.6000,3308.8000,3309.0000,3322.8000,1,1,4,1,1,2,1,1,1,2
SF,IH2010,2020-08-25 09:30:24.400,3302.0000,196,0,9894840.000,0,-,-,-,-,3298.0000,3295.6000,3273.0000,3262.4000,3247.4000,3304.2000,3304.4000,3304.6000,3308.8000,3309.0000,1,1,1,4,1,1,2,1,1,1
SF,IH2010,2020-08-25 09:30:24.900,3302.0000,196,0,9894840.000,0,-,-,-,-,3295.6000,3273.0000,3262.4000,3247.4000,3242.6000,3304.0000,3304.2000,3304.4000,3308.8000,3309.0000,1,1,4,1,1,1,1,2,1,1
SF,IH2010,2020-08-25 09:30:25.400,3302.0000,196,0,9894840.000,0,-,-,-,-,3295.6000,3273.0000,3262.4000,3247.4000,3242.6000,3304.0000,3304.2000,3304.4000,3308.8000,3309.0000,1,1,4,1,1,1,1,2,1,1
SF,IH2010,2020-08-25 09:30:25.900,3302.0000,196,0,9894840.000,0,-,-,-,-,3296.6000,3296.4000,3295.6000,3273.0000,3262.4000,3303.4000,3304.0000,3304.4000,3308.8000,3309.0000,1,1,1,1,4,1,1,2,1,1
SF,IH2010,2020-08-25 09:30:26.400,3302.0000,196,0,9894840.000,0,-,-,-,-,3296.6000,3296.4000,3295.6000,3273.0000,3262.4000,3303.4000,3304.0000,3304.4000,3305.0000,3308.8000,1,1,1,1,4,1,1,2,1,1
SF,IH2010,2020-08-25 09:30:26.900,3302.0000,196,0,9894840.000,0,-,-,-,-,3296.6000,3295.6000,3273.0000,3262.4000,3247.4000,3303.4000,3304.0000,3304.4000,3305.0000,3308.8000,1,1,1,4,1,1,1,2,1,1
SF,IH2010,2020-08-25 09:30:27.400,3302.0000,196,0,9894840.000,0,-,-,-,-,3296.6000,3295.6000,3273.0000,3262.4000,3247.4000,3303.4000,3304.4000,3305.0000,3308.8000,3309.0000,1,1,1,4,1,1,2,1,1,1
SF,IH2010,2020-08-25 09:30:27.900,3302.0000,196,0,9894840.000,0,-,-,-,-,3296.6000,3273.0000,3262.4000,3247.4000,3242.6000,3303.4000,3304.4000,3305.0000,3308.8000,3309.0000,1,1,4,1,1,1,2,1,1,1
SF,IH2010,2020-08-25 09:30:28.400,3302.0000,196,0,9894840.000,0,-,-,-,-,3296.6000,3273.0000,3262.4000,3247.4000,3242.6000,3303.4000,3304.4000,3305.0000,3308.8000,3309.0000,1,1,4,1,1,1,2,1,1,1
SF,IH2010,2020-08-25 09:30:28.900,3302.0000,196,0,9894840.000,0,-,-,-,-,3296.6000,3273.0000,3262.4000,3247.4000,3242.6000,3303.4000,3304.4000,3305.0000,3308.8000,3309.0000,1,1,4,1,1,1,2,1,1,1
SF,IH2010,2020-08-25 09:30:29.400,3302.0000,196,0,9894840.000,0,-,-,-,-,3296.6000,3273.0000,3262.4000,3247.4000,3242.6000,3303.4000,3304.4000,3305.0000,3308.8000,3309.0000,1,1,4,1,1,1,2,1,1,1
SF,IH2010,2020-08-25 09:30:29.900,3302.0000,196,0,9894840.000,0,-,-,-,-,3297.2000,3296.8000,3296.6000,3273.0000,3262.4000,3303.4000,3304.4000,3305.0000,3308.8000,3309.0000,1,2,1,1,4,1,2,1,1,1
SF,IH2010,2020-08-25 09:30:30.400,3302.0000,196,0,9894840.000,0,-,-,-,-,3297.2000,3296.8000,3273.0000,3262.4000,3247.4000,3303.4000,3304.4000,3305.0000,3308.8000,3309.0000,1,2,1,4,1,1,2,1,1,1
SF,IH2010,2020-08-25 09:30:30.900,3302.0000,196,0,9894840.000,0,-,-,-,-,3297.2000,3296.8000,3273.0000,3262.4000,3247.4000,3303.4000,3305.0000,3308.8000,3309.0000,3322.8000,1,2,1,4,1,1,1,1,1,2
SF,IH2010,2020-08-25 09:30:31.400,3302.0000,196,0,9894840.000,0,-,-,-,-,3297.2000,3296.8000,3273.0000,3262.4000,3247.4000,3303.4000,3305.0000,3308.8000,3309.0000,3322.8000,1,2,1,4,1,1,1,1,1,2
SF,IH2010,2020-08-25 09:30:31.900,3302.0000,196,0,9894840.000,0,-,-,-,-,3297.2000,3296.8000,3273.0000,3262.4000,3247.4000,3305.0000,3308.8000,3309.0000,3322.8000,3342.4000,1,1,1,4,1,1,1,1,2,4
SF,IH2010,2020-08-25 09:30:32.400,3302.0000,196,0,9894840.000,0,-,-,-,-,3297.2000,3296.8000,3273.0000,3262.4000,3247.4000,3305.0000,3308.8000,3309.0000,3322.8000,3342.4000,1,1,1,4,1,1,1,1,2,4
SF,IH2010,2020-08-25 09:30:32.900,3302.0000,196,0,9894840.000,0,-,-,-,-,3297.2000,3273.0000,3262.4000,3247.4000,3242.6000,3305.0000,3308.8000,3309.0000,3322.8000,3342.4000,1,1,4,1,1,1,1,1,2,4
SF,IH2010,2020-08-25 09:30:33.400,3302.0000,196,0,9894840.000,0,-,-,-,-,3297.6000,3297.2000,3273.0000,3262.4000,3247.4000,3303.6000,3304.6000,3305.0000,3308.8000,3309.0000,1,1,1,4,1,1,1,1,1,1
SF,IH2010,2020-08-25 09:30:33.900,3297.2000,195,-1,11873280.000,2,0,2,多平,S,3273.0000,3262.4000,3247.4000,3242.6000,3222.6000,3303.6000,3304.6000,3305.0000,3308.8000,3309.0000,1,4,1,1,1,1,1,1,1,1
SF,IH2010,2020-08-25 09:30:34.400,3297.2000,195,0,11873280.000,0,-,-,-,-,3297.0000,3293.4000,3288.6000,3282.8000,3277.6000,3303.6000,3304.6000,3305.0000,3308.8000,3309.0000,1,1,1,1,18,1,1,1,1,1
SF,IH2010,2020-08-25 09:30:34.900,3297.2000,195,0,11873280.000,0,-,-,-,-,3288.6000,3277.6000,3273.2000,3273.0000,3262.4000,3303.6000,3304.6000,3305.0000,3305.4000,3308.8000,1,18,4,1,4,1,1,1,1,1
SF,IH2010,2020-08-25 09:30:35.400,3297.2000,195,0,11873280.000,0,-,-,-,-,3297.8000,3297.4000,3297.2000,3293.2000,3291.2000,3303.6000,3305.0000,3305.4000,3308.8000,3309.0000,1,1,1,1,1,1,1,1,1,1
SF,IH2010,2020-08-25 09:30:35.900,3297.2000,195,0,11873280.000,0,-,-,-,-,3297.8000,3297.4000,3297.2000,3295.8000,3293.2000,3303.6000,3305.0000,3305.4000,3308.8000,3309.0000,1,1,1,1,1,1,1,1,1,1
SF,IH2010,2020-08-25 09:30:36.400,3297.2000,195,0,11873280.000,0,-,-,-,-,3298.2000,3298.0000,3297.8000,3297.4000,3295.8000,3303.6000,3305.0000,3305.4000,3308.8000,3309.0000,1,3,1,1,1,1,1,1,1,1
SF,IH2010,2020-08-25 09:30:36.900,3297.2000,195,0,11873280.000,0,-,-,-,-,3298.2000,3298.0000,3297.4000,3277.6000,3273.2000,3303.6000,3305.0000,3305.4000,3308.8000,3309.0000,3,3,1,18,2,1,1,1,1,1
SF,IH2010,2020-08-25 09:30:37.400,3297.2000,195,0,11873280.000,0,-,-,-,-,3299.0000,3298.4000,3298.2000,3298.0000,3297.4000,3305.0000,3305.4000,3308.8000,3309.0000,3322.8000,1,2,2,3,1,1,1,1,1,2
SF,IH2010,2020-08-25 09:30:37.900,3297.2000,195,0,11873280.000,0,-,-,-,-,3299.4000,3299.0000,3298.8000,3298.4000,3298.2000,3305.0000,3305.4000,3308.8000,3309.0000,3322.8000,1,2,1,2,2,1,1,1,1,2
SF,IH2010,2020-08-25 09:30:38.400,3297.2000,195,0,11873280.000,0,-,-,-,-,3299.6000,3299.4000,3299.0000,3298.8000,3298.4000,3304.6000,3305.0000,3305.4000,3308.8000,3309.0000,1,1,2,1,2,1,1,1,1,1
SF,IH2010,2020-08-25 09:30:38.900,3297.2000,195,0,11873280.000,0,-,-,-,-,3299.6000,3299.4000,3298.8000,3298.4000,3298.2000,3304.6000,3305.0000,3305.4000,3308.8000,3309.0000,2,1,1,2,1,1,1,1,1,1
SF,IH2010,2020-08-25 09:30:39.400,3297.2000,195,0,11873280.000,0,-,-,-,-,3299.6000,3299.4000,3298.8000,3298.4000,3298.2000,3304.6000,3305.0000,3305.4000,3308.8000,3309.0000,1,1,1,2,1,1,1,1,1,1
SF,IH2010,2020-08-25 09:30:39.900,3297.2000,195,0,11873280.000,0,-,-,-,-,3299.8000,3299.6000,3299.4000,3298.8000,3298.4000,3304.6000,3305.0000,3305.4000,3308.8000,3309.0000,1,1,1,1,2,1,1,1,1,1
SF,IH2010,2020-08-25 09:30:40.400,3297.2000,195,0,11873280.000,0,-,-,-,-,3299.8000,3299.6000,3299.4000,3298.8000,3298.4000,3304.6000,3305.0000,3305.4000,3308.8000,3309.0000,1,1,1,1,2,1,1,1,1,1
SF,IH2010,2020-08-25 09:30:40.900,3297.2000,195,0,11873280.000,0,-,-,-,-,3300.2000,3299.6000,3299.4000,3298.8000,3298.4000,3304.6000,3305.0000,3305.4000,3308.8000,3309.0000,1,1,1,1,2,1,1,1,1,1
SF,IH2010,2020-08-25 09:30:41.400,3297.2000,195,0,11873280.000,0,-,-,-,-,3300.2000,3300.0000,3299.6000,3299.4000,3298.8000,3304.6000,3305.0000,3305.4000,3308.8000,3309.0000,2,1,1,1,1,1,1,1,1,1
SF,IH2010,2020-08-25 09:30:41.900,3297.2000,195,0,11873280.000,0,-,-,-,-,3300.2000,3300.0000,3299.4000,3298.8000,3298.4000,3305.0000,3305.4000,3308.8000,3309.0000,3322.8000,3,1,1,1,1,1,1,1,1,2
SF,IH2010,2020-08-25 09:30:42.400,3297.2000,195,0,11873280.000,0,-,-,-,-,3300.4000,3300.2000,3300.0000,3299.4000,3298.8000,3305.0000,3305.4000,3308.8000,3309.0000,3322.8000,1,3,1,1,1,1,1,1,1,2
SF,IH2010,2020-08-25 09:30:42.900,3297.2000,195,0,11873280.000,0,-,-,-,-,3300.2000,3299.4000,3298.8000,3298.4000,3298.0000,3305.0000,3305.4000,3308.8000,3309.0000,3322.8000,3,1,1,1,1,1,1,1,1,2
SF,IH2010,2020-08-25 09:30:43.400,3297.2000,195,0,11873280.000,0,-,-,-,-,3300.6000,3300.2000,3299.4000,3299.2000,3298.8000,3305.0000,3305.4000,3308.8000,3309.0000,3322.8000,1,3,1,1,1,1,1,1,1,2
SF,IH2010,2020-08-25 09:30:43.900,3297.2000,195,0,11873280.000,0,-,-,-,-,3300.6000,3300.2000,3299.4000,3299.2000,3298.8000,3305.0000,3305.4000,3308.8000,3309.0000,3322.8000,1,3,1,1,1,1,1,1,1,2
SF,IH2010,2020-08-25 09:30:44.400,3297.2000,195,0,11873280.000,0,-,-,-,-,3301.0000,3300.8000,3300.2000,3299.4000,3299.2000,3305.0000,3305.4000,3308.8000,3309.0000,3322.8000,1,1,3,1,1,1,1,1,1,2
SF,IH2010,2020-08-25 09:30:44.900,3297.2000,195,0,11873280.000,0,-,-,-,-,3301.0000,3300.8000,3300.2000,3299.4000,3299.2000,3305.0000,3305.4000,3308.8000,3309.0000,3322.8000,1,1,2,1,1,1,1,1,1,2
SF,IH2010,2020-08-25 09:30:45.400,3297.2000,195,0,11873280.000,0,-,-,-,-,3301.0000,3300.2000,3299.4000,3299.2000,3298.0000,3305.0000,3305.4000,3308.8000,3309.0000,3322.8000,1,2,1,1,1,1,1,1,1,2
SF,IH2010,2020-08-25 09:30:45.900,3297.2000,195,0,11873280.000,0,-,-,-,-,3301.0000,3300.2000,3299.2000,3298.0000,3277.8000,3305.0000,3305.4000,3308.8000,3309.0000,3322.8000,1,2,1,1,1,1,1,1,1,2
SF,IH2010,2020-08-25 09:30:46.400,3297.2000,195,0,11873280.000,0,-,-,-,-,3301.2000,3301.0000,3299.2000,3298.0000,3277.8000,3305.0000,3305.4000,3308.8000,3309.0000,3322.8000,1,1,1,1,1,1,1,1,1,2
SF,IH2010,2020-08-25 09:30:47.400,3297.2000,195,0,11873280.000,0,-,-,-,-,3301.2000,3301.0000,3299.4000,3299.2000,3277.8000,3305.0000,3305.4000,3308.8000,3309.0000,3322.8000,1,1,1,1,1,1,1,1,1,2
SF,IH2010,2020-08-25 09:30:47.900,3297.2000,195,0,11873280.000,0,-,-,-,-,3301.2000,3299.4000,3299.2000,3277.8000,3277.6000,3305.0000,3305.4000,3308.8000,3309.0000,3322.8000,1,1,1,1,18,1,1,1,1,2
SF,IH2010,2020-08-25 09:30:48.400,3297.2000,195,0,11873280.000,0,-,-,-,-,3299.2000,3298.0000,3277.8000,3277.6000,3273.2000,3305.0000,3305.4000,3308.8000,3309.0000,3322.8000,1,1,1,18,2,1,1,1,1,2
SF,IH2010,2020-08-25 09:30:48.900,3297.2000,195,0,11873280.000,0,-,-,-,-,3299.2000,3298.0000,3297.2000,3277.8000,3277.6000,3305.0000,3305.4000,3308.8000,3309.0000,3322.8000,1,1,1,1,18,1,1,1,1,2
SF,IH2010,2020-08-25 09:30:49.900,3297.2000,195,0,11873280.000,0,-,-,-,-,3300.0000,3299.2000,3298.0000,3297.8000,3277.8000,3305.0000,3305.4000,3308.8000,3309.0000,3322.8000,1,1,1,1,1,1,1,1,1,2
SF,IH2010,2020-08-25 09:30:50.400,3297.2000,195,0,11873280.000,0,-,-,-,-,3300.0000,3299.2000,3298.0000,3297.8000,3277.8000,3305.0000,3305.4000,3308.8000,3309.0000,3322.8000,1,1,1,1,1,1,1,1,1,2
SF,IH2010,2020-08-25 09:30:50.900,3297.2000,195,0,11873280.000,0,-,-,-,-,3300.0000,3299.2000,3298.0000,3297.8000,3277.8000,3305.0000,3305.4000,3308.8000,3309.0000,3322.8000,1,1,1,1,1,1,1,1,1,2
SF,IH2010,2020-08-25 09:30:51.400,3297.2000,195,0,11873280.000,0,-,-,-,-,3300.0000,3298.0000,3277.8000,3277.6000,3273.2000,3305.0000,3305.4000,3308.8000,3309.0000,3322.8000,1,1,1,18,2,1,1,1,1,2
SF,IH2010,2020-08-25 09:30:51.900,3297.2000,195,0,11873280.000,0,-,-,-,-,3300.0000,3298.0000,3277.8000,3277.6000,3273.2000,3305.0000,3305.4000,3308.8000,3309.0000,3322.8000,1,1,1,18,2,1,1,1,1,2
SF,IH2010,2020-08-25 09:30:52.400,3297.2000,195,0,11873280.000,0,-,-,-,-,3300.0000,3298.0000,3297.2000,3277.8000,3277.6000,3305.0000,3305.4000,3308.8000,3309.0000,3322.8000,1,1,1,1,18,1,1,1,1,2
SF,IH2010,2020-08-25 09:30:52.900,3297.2000,195,0,11873280.000,0,-,-,-,-,3300.0000,3298.0000,3297.2000,3277.8000,3277.6000,3304.8000,3305.0000,3305.4000,3308.8000,3309.0000,1,1,1,1,18,1,1,1,1,1
SF,IH2010,2020-08-25 09:30:53.400,3297.2000,195,0,11873280.000,0,-,-,-,-,3298.0000,3297.2000,3277.8000,3277.6000,3273.2000,3304.8000,3305.0000,3305.4000,3308.8000,3309.0000,1,1,1,18,2,1,1,1,1,1
SF,IH2010,2020-08-25 09:30:53.900,3297.2000,195,0,11873280.000,0,-,-,-,-,3297.2000,3277.8000,3277.6000,3273.2000,3273.0000,3304.8000,3305.0000,3305.4000,3308.8000,3309.0000,1,1,18,2,1,1,1,1,1,1
SF,IH2010,2020-08-25 09:30:54.400,3297.2000,195,0,11873280.000,0,-,-,-,-,3297.2000,3277.8000,3277.6000,3273.2000,3273.0000,3304.8000,3305.0000,3305.4000,3308.8000,3309.0000,2,1,18,2,1,1,1,1,1,1
SF,IH2010,2020-08-25 09:30:54.900,3297.2000,195,0,11873280.000,0,-,-,-,-,3297.2000,3277.8000,3277.6000,3273.2000,3273.0000,3304.8000,3305.0000,3305.4000,3308.8000,3309.0000,1,1,18,2,1,1,1,1,1,1
SF,IH2010,2020-08-25 09:30:55.400,3297.2000,195,0,11873280.000,0,-,-,-,-,3297.2000,3277.8000,3277.6000,3273.2000,3273.0000,3304.4000,3304.8000,3305.0000,3305.4000,3308.8000,1,1,18,2,1,1,1,1,1,1
SF,IH2010,2020-08-25 09:30:55.900,3297.2000,195,0,11873280.000,0,-,-,-,-,3297.2000,3294.4000,3277.8000,3277.6000,3273.2000,3304.0000,3304.4000,3304.8000,3305.0000,3305.4000,1,1,1,18,2,1,1,1,1,1
SF,IH2010,2020-08-25 09:30:56.400,3297.2000,195,0,11873280.000,0,-,-,-,-,3297.2000,3294.4000,3277.8000,3277.6000,3273.2000,3304.0000,3304.4000,3304.8000,3305.0000,3305.4000,1,1,1,18,2,1,1,1,1,1
SF,IH2010,2020-08-25 09:30:56.900,3297.2000,195,0,11873280.000,0,-,-,-,-,3298.2000,3297.2000,3294.4000,3277.8000,3277.6000,3303.8000,3304.0000,3304.8000,3305.0000,3305.4000,1,1,1,1,18,1,1,1,1,1
SF,IH2010,2020-08-25 09:30:57.400,3297.2000,195,0,11873280.000,0,-,-,-,-,3298.2000,3297.2000,3294.4000,3277.8000,3277.6000,3303.4000,3303.8000,3304.0000,3305.0000,3305.4000,1,1,1,1,18,1,1,1,1,1
SF,IH2010,2020-08-25 09:30:57.900,3297.2000,195,0,11873280.000,0,-,-,-,-,3298.2000,3294.4000,3277.8000,3277.6000,3273.2000,3303.4000,3303.8000,3304.0000,3305.0000,3305.4000,1,1,1,18,2,1,1,1,1,1
SF,IH2010,2020-08-25 09:30:58.400,3297.2000,195,0,11873280.000,0,-,-,-,-,3298.2000,3294.4000,3277.8000,3277.6000,3273.2000,3303.2000,3303.4000,3305.0000,3305.4000,3308.8000,1,1,1,18,2,2,1,1,1,1
SF,IH2010,2020-08-25 09:30:58.900,3297.2000,195,0,11873280.000,0,-,-,-,-,3298.2000,3294.4000,3277.8000,3277.6000,3273.2000,3303.2000,3303.4000,3305.0000,3305.4000,3308.8000,1,1,1,18,2,2,1,1,1,1
SF,IH2010,2020-08-25 09:30:59.400,3297.2000,195,0,11873280.000,0,-,-,-,-,3298.2000,3294.4000,3277.8000,3277.6000,3273.2000,3303.2000,3303.4000,3305.0000,3305.4000,3308.8000,1,1,1,18,2,2,1,1,1,1
SF,IH2010,2020-08-25 09:30:59.900,3297.2000,195,0,11873280.000,0,-,-,-,-,3298.2000,3294.4000,3277.8000,3277.6000,3273.2000,3302.6000,3303.2000,3303.4000,3305.0000,3305.4000,1,1,1,18,2,1,1,1,1,1
SF,IH2010,2020-08-25 09:31:00.400,3297.2000,195,0,11873280.000,0,-,-,-,-,3294.4000,3277.8000,3277.6000,3273.2000,3273.0000,3302.6000,3303.2000,3303.4000,3305.0000,3305.4000,1,1,18,2,1,1,1,1,1,1
SF,IH2010,2020-08-25 09:31:00.900,3297.2000,195,0,11873280.000,0,-,-,-,-,3294.4000,3277.8000,3277.6000,3273.2000,3273.0000,3301.8000,3302.6000,3303.2000,3303.4000,3305.0000,1,1,18,2,1,2,1,1,1,1
SF,IH2010,2020-08-25 09:31:01.400,3297.2000,195,0,11873280.000,0,-,-,-,-,3294.6000,3294.4000,3277.8000,3277.6000,3273.2000,3301.6000,3301.8000,3302.4000,3302.6000,3303.4000,1,1,1,18,2,1,2,1,1,1
SF,IH2010,2020-08-25 09:31:01.900,3297.2000,195,0,11873280.000,0,-,-,-,-,3295.6000,3294.6000,3277.8000,3273.2000,3273.0000,3301.2000,3301.6000,3301.8000,3302.4000,3302.6000,1,1,1,2,1,1,1,2,1,1
SF,IH2010,2020-08-25 09:31:02.400,3297.2000,195,0,11873280.000,0,-,-,-,-,3295.6000,3294.6000,3277.8000,3273.2000,3273.0000,3301.0000,3301.2000,3302.4000,3302.6000,3305.0000,1,1,1,2,1,1,3,1,1,1
SF,IH2010,2020-08-25 09:31:02.900,3297.2000,195,0,11873280.000,0,-,-,-,-,3295.8000,3295.6000,3294.4000,3277.8000,3273.2000,3301.0000,3301.2000,3302.4000,3305.0000,3305.4000,1,1,1,1,2,1,3,1,1,1
SF,IH2010,2020-08-25 09:31:03.900,3297.2000,195,0,11873280.000,0,-,-,-,-,3296.8000,3295.8000,3294.4000,3277.8000,3273.2000,3301.0000,3301.2000,3302.4000,3305.0000,3305.4000,1,1,1,1,2,1,3,1,1,1
SF,IH2010,2020-08-25 09:31:04.400,3297.2000,195,0,11873280.000,0,-,-,-,-,3297.0000,3296.8000,3294.4000,3277.8000,3273.2000,3301.0000,3301.2000,3302.4000,3305.0000,3305.4000,1,1,1,1,2,1,1,1,1,1
SF,IH2010,2020-08-25 09:31:04.900,3297.2000,195,0,11873280.000,0,-,-,-,-,3297.0000,3296.8000,3294.4000,3277.8000,3273.2000,3301.0000,3301.2000,3305.0000,3305.4000,3308.8000,1,1,1,1,2,1,1,1,1,1
SF,IH2010,2020-08-25 09:31:05.400,3297.2000,195,0,11873280.000,0,-,-,-,-,3297.0000,3296.8000,3294.4000,3277.8000,3273.2000,3301.0000,3301.2000,3305.0000,3305.4000,3308.8000,1,1,1,1,2,1,1,1,1,1
SF,IH2010,2020-08-25 09:31:05.900,3297.2000,195,0,11873280.000,0,-,-,-,-,3297.0000,3296.8000,3294.4000,3277.8000,3273.2000,3301.0000,3301.2000,3305.0000,3305.4000,3308.8000,1,1,1,1,2,1,1,1,1,1
SF,IH2010,2020-08-25 09:31:06.400,3297.2000,195,0,11873280.000,0,-,-,-,-,3297.0000,3296.8000,3294.4000,3277.8000,3273.2000,3301.0000,3305.0000,3305.4000,3308.8000,3309.0000,1,1,1,1,2,1,2,1,1,1
SF,IH2010,2020-08-25 09:31:06.900,3297.2000,195,0,11873280.000,0,-,-,-,-,3297.0000,3296.8000,3294.4000,3277.8000,3273.2000,3301.0000,3305.0000,3305.4000,3308.8000,3309.0000,1,1,1,1,2,1,2,1,1,1
SF,IH2010,2020-08-25 09:31:07.400,3297.2000,195,0,11873280.000,0,-,-,-,-,3296.8000,3294.4000,3277.8000,3273.2000,3273.0000,3301.0000,3305.0000,3305.4000,3308.8000,3309.0000,1,1,1,2,1,1,2,1,1,1
SF,IH2010,2020-08-25 09:31:07.900,3297.2000,195,0,11873280.000,0,-,-,-,-,3296.8000,3294.4000,3277.8000,3273.2000,3273.0000,3301.0000,3305.0000,3305.4000,3308.8000,3309.0000,1,1,1,2,1,1,2,1,1,1
SF,IH2010,2020-08-25 09:31:08.900,3297.2000,195,0,11873280.000,0,-,-,-,-,3296.8000,3294.4000,3277.8000,3273.2000,3273.0000,3300.6000,3301.0000,3305.0000,3305.4000,3308.8000,1,1,1,2,1,1,1,2,1,1
SF,IH2010,2020-08-25 09:31:09.900,3297.2000,195,0,11873280.000,0,-,-,-,-,3297.0000,3296.8000,3294.4000,3277.8000,3273.2000,3300.6000,3301.0000,3305.0000,3305.4000,3308.8000,1,1,1,1,2,1,1,2,1,1
SF,IH2010,2020-08-25 09:31:10.400,3297.2000,195,0,11873280.000,0,-,-,-,-,3297.2000,3297.0000,3296.8000,3294.4000,3294.0000,3300.6000,3305.0000,3305.4000,3308.8000,3309.0000,1,1,1,1,1,1,2,1,1,1
SF,IH2010,2020-08-25 09:31:10.900,3297.2000,195,0,11873280.000,0,-,-,-,-,3297.2000,3297.0000,3296.8000,3294.4000,3294.0000,3305.0000,3305.4000,3308.8000,3309.0000,3327.8000,1,1,1,1,1,2,1,1,1,1
SF,IH2010,2020-08-25 09:31:11.400,3297.2000,195,0,11873280.000,0,-,-,-,-,3298.0000,3297.0000,3294.4000,3294.0000,3277.8000,3304.8000,3305.0000,3305.4000,3308.8000,3309.0000,1,1,1,1,1,1,2,1,1,1
SF,IH2010,2020-08-25 09:31:11.900,3297.2000,195,0,11873280.000,0,-,-,-,-,3298.2000,3298.0000,3294.4000,3294.0000,3277.8000,3304.8000,3305.0000,3305.4000,3308.8000,3309.0000,1,1,1,1,1,1,2,1,1,1
SF,IH2010,2020-08-25 09:31:12.400,3297.2000,195,0,11873280.000,0,-,-,-,-,3298.2000,3298.0000,3297.6000,3294.0000,3277.8000,3303.0000,3304.8000,3305.0000,3305.4000,3308.8000,1,1,1,1,1,1,1,2,1,1
SF,IH2010,2020-08-25 09:31:12.900,3297.2000,195,0,11873280.000,0,-,-,-,-,3298.2000,3298.0000,3297.6000,3294.0000,3277.8000,3302.8000,3303.0000,3304.6000,3305.0000,3305.4000,1,1,1,1,1,1,1,1,1,1
SF,IH2010,2020-08-25 09:31:13.400,3297.2000,195,0,11873280.000,0,-,-,-,-,3298.2000,3298.0000,3297.6000,3294.0000,3288.0000,3302.8000,3303.0000,3304.6000,3305.0000,3305.4000,1,1,1,1,1,1,1,1,1,1
SF,IH2010,2020-08-25 09:31:13.900,3297.2000,195,0,11873280.000,0,-,-,-,-,3298.2000,3298.0000,3297.6000,3294.0000,3288.0000,3302.0000,3302.4000,3302.8000,3304.6000,3305.0000,1,1,1,1,1,1,1,1,1,1
SF,IH2010,2020-08-25 09:31:14.400,3297.2000,195,0,11873280.000,0,-,-,-,-,3298.4000,3298.2000,3298.0000,3297.6000,3294.0000,3302.0000,3302.4000,3302.8000,3304.6000,3305.0000,1,1,1,1,1,1,1,1,1,1
SF,IH2010,2020-08-25 09:31:14.900,3297.2000,195,0,11873280.000,0,-,-,-,-,3298.4000,3298.2000,3298.0000,3297.6000,3294.0000,3302.0000,3302.4000,3302.8000,3304.6000,3305.0000,1,1,1,1,1,1,1,1,1,1
SF,IH2010,2020-08-25 09:31:15.400,3297.2000,195,0,11873280.000,0,-,-,-,-,3298.4000,3298.2000,3298.0000,3297.6000,3294.0000,3302.0000,3302.4000,3302.8000,3304.6000,3305.0000,1,1,1,1,1,1,1,1,1,1
SF,IH2010,2020-08-25 09:31:15.900,3297.2000,195,0,11873280.000,0,-,-,-,-,3298.6000,3298.4000,3298.2000,3298.0000,3297.6000,3302.0000,3302.4000,3302.8000,3304.6000,3305.0000,1,1,1,1,1,1,1,1,1,1
SF,IH2010,2020-08-25 09:31:16.400,3297.2000,195,0,11873280.000,0,-,-,-,-,3298.8000,3298.6000,3298.2000,3298.0000,3297.6000,3302.0000,3302.4000,3304.6000,3305.0000,3305.4000,1,1,1,1,1,1,1,1,1,1
SF,IH2010,2020-08-25 09:31:16.900,3297.2000,195,0,11873280.000,0,-,-,-,-,3298.8000,3298.0000,3297.6000,3294.0000,3288.0000,3302.0000,3302.4000,3304.6000,3305.0000,3305.4000,1,1,1,1,1,1,1,1,1,1
SF,IH2010,2020-08-25 09:31:20.400,3297.2000,195,0,11873280.000,0,-,-,-,-,3298.8000,3298.0000,3297.6000,3294.0000,3288.0000,3302.4000,3304.6000,3305.0000,3305.4000,3308.8000,1,1,1,1,1,1,1,1,1,1
SF,IH2010,2020-08-25 09:31:20.900,3297.2000,195,0,11873280.000,0,-,-,-,-,3298.8000,3298.0000,3297.6000,3294.0000,3288.0000,3302.4000,3304.6000,3305.0000,3305.4000,3308.8000,1,1,1,1,1,1,1,1,1,1
SF,IH2010,2020-08-25 09:31:21.400,3297.2000,195,0,11873280.000,0,-,-,-,-,3298.0000,3294.0000,3288.0000,3277.8000,3273.2000,3302.2000,3302.4000,3304.6000,3305.0000,3305.4000,1,1,1,1,2,1,1,1,1,1
SF,IH2010,2020-08-25 09:31:21.900,3297.2000,195,0,11873280.000,0,-,-,-,-,3298.0000,3294.0000,3288.0000,3277.8000,3273.2000,3302.2000,3302.4000,3304.6000,3305.0000,3305.4000,1,1,1,1,2,1,1,1,1,1
SF,IH2010,2020-08-25 09:31:22.400,3297.2000,195,0,11873280.000,0,-,-,-,-,3298.0000,3296.8000,3294.0000,3288.0000,3277.8000,3302.2000,3304.6000,3305.0000,3305.4000,3308.8000,1,1,1,1,1,1,1,1,1,1
SF,IH2010,2020-08-25 09:31:22.900,3297.2000,195,0,11873280.000,0,-,-,-,-,3298.0000,3296.8000,3294.0000,3288.0000,3277.8000,3301.8000,3302.2000,3304.6000,3305.0000,3305.4000,1,1,1,1,1,1,1,1,1,1
SF,IH2010,2020-08-25 09:31:23.400,3297.2000,195,0,11873280.000,0,-,-,-,-,3298.0000,3296.8000,3294.0000,3288.0000,3277.8000,3301.6000,3301.8000,3304.6000,3305.0000,3305.4000,1,1,1,1,1,1,1,1,1,1
SF,IH2010,2020-08-25 09:31:23.900,3297.2000,195,0,11873280.000,0,-,-,-,-,3296.8000,3294.0000,3288.0000,3277.8000,3273.2000,3301.6000,3301.8000,3304.6000,3305.0000,3305.4000,1,1,1,1,2,1,1,1,1,1
SF,IH2010,2020-08-25 09:31:24.900,3297.2000,195,0,11873280.000,0,-,-,-,-,3297.0000,3296.8000,3294.0000,3288.0000,3277.8000,3301.6000,3301.8000,3304.6000,3305.0000,3305.4000,1,1,1,1,1,1,1,1,1,1
SF,IH2010,2020-08-25 09:31:25.400,3297.2000,195,0,11873280.000,0,-,-,-,-,3297.0000,3296.8000,3294.0000,3288.0000,3277.8000,3301.6000,3301.8000,3304.6000,3305.0000,3305.4000,1,1,1,1,1,1,1,1,1,1
SF,IH2010,2020-08-25 09:31:26.900,3297.2000,195,0,11873280.000,0,-,-,-,-,3297.0000,3296.8000,3294.0000,3288.0000,3277.8000,3301.4000,3301.6000,3304.6000,3305.0000,3305.4000,1,1,1,1,1,1,1,1,1,1
SF,IH2010,2020-08-25 09:31:27.400,3297.2000,195,0,11873280.000,0,-,-,-,-,3297.0000,3296.8000,3294.0000,3288.0000,3277.8000,3301.2000,3301.4000,3304.6000,3305.0000,3305.4000,1,1,1,1,1,1,1,1,1,1
SF,IH2010,2020-08-25 09:31:27.900,3297.2000,195,0,11873280.000,0,-,-,-,-,3297.2000,3297.0000,3296.8000,3294.0000,3288.0000,3301.4000,3304.6000,3305.0000,3305.4000,3308.8000,1,1,1,1,1,1,1,1,1,1
SF,IH2010,2020-08-25 09:31:28.400,3297.2000,195,0,11873280.000,0,-,-,-,-,3297.4000,3297.2000,3296.8000,3294.0000,3288.0000,3304.6000,3305.0000,3305.4000,3308.8000,3309.0000,1,1,1,1,1,1,1,1,1,1
SF,IH2010,2020-08-25 09:31:28.900,3297.2000,195,0,11873280.000,0,-,-,-,-,3297.4000,3296.8000,3294.0000,3288.0000,3277.8000,3304.4000,3304.6000,3305.0000,3305.4000,3308.8000,1,1,1,1,1,1,1,1,1,1
SF,IH2010,2020-08-25 09:31:29.400,3297.2000,195,0,11873280.000,0,-,-,-,-,3297.4000,3296.8000,3294.0000,3288.0000,3277.8000,3304.4000,3304.6000,3305.0000,3305.4000,3308.8000,1,1,1,1,1,1,1,1,1,1
SF,IH2010,2020-08-25 09:31:29.900,3297.2000,195,0,11873280.000,0,-,-,-,-,3297.4000,3296.8000,3294.0000,3288.0000,3277.8000,3304.4000,3304.6000,3305.0000,3305.4000,3308.8000,1,1,1,1,1,1,1,1,1,1
SF,IH2010,2020-08-25 09:31:30.400,3297.2000,195,0,11873280.000,0,-,-,-,-,3297.4000,3296.8000,3294.0000,3288.0000,3277.8000,3304.0000,3304.4000,3304.6000,3305.0000,3305.4000,1,1,1,1,1,1,1,1,1,1
SF,IH2010,2020-08-25 09:31:30.900,3297.2000,195,0,11873280.000,0,-,-,-,-,3297.4000,3296.8000,3294.0000,3288.0000,3277.8000,3303.8000,3304.0000,3304.6000,3305.0000,3305.4000,1,1,1,1,1,1,1,1,1,1
SF,IH2010,2020-08-25 09:31:31.400,3297.2000,195,0,11873280.000,0,-,-,-,-,3297.4000,3296.8000,3294.0000,3288.0000,3277.8000,3303.8000,3304.0000,3304.6000,3305.0000,3305.4000,1,1,1,1,1,1,1,1,1,1
SF,IH2010,2020-08-25 09:31:31.900,3297.2000,195,0,11873280.000,0,-,-,-,-,3297.4000,3296.8000,3294.0000,3288.0000,3277.8000,3303.8000,3304.0000,3304.6000,3305.0000,3305.4000,1,1,1,1,1,1,1,1,1,1
SF,IH2010,2020-08-25 09:31:32.400,3297.2000,195,0,11873280.000,0,-,-,-,-,3297.4000,3296.8000,3294.0000,3288.0000,3277.8000,3302.8000,3303.4000,3303.8000,3304.0000,3304.6000,1,1,1,1,1,2,1,1,1,1
SF,IH2010,2020-08-25 09:31:32.900,3297.2000,195,0,11873280.000,0,-,-,-,-,3297.6000,3297.4000,3296.8000,3294.0000,3292.0000,3302.6000,3302.8000,3303.2000,3303.4000,3304.6000,1,1,1,1,1,1,2,1,1,1
SF,IH2010,2020-08-25 09:31:33.900,3297.2000,195,0,11873280.000,0,-,-,-,-,3297.6000,3297.4000,3296.8000,3294.0000,3292.0000,3302.6000,3302.8000,3303.4000,3304.6000,3305.0000,1,1,1,1,1,1,2,1,1,1
SF,IH2010,2020-08-25 09:31:34.400,3297.2000,195,0,11873280.000,0,-,-,-,-,3297.6000,3297.4000,3296.8000,3294.0000,3292.0000,3302.6000,3302.8000,3303.4000,3304.6000,3305.0000,1,1,1,1,1,1,2,1,1,1
SF,IH2010,2020-08-25 09:31:34.900,3297.2000,195,0,11873280.000,0,-,-,-,-,3297.6000,3297.4000,3296.8000,3294.0000,3292.0000,3302.6000,3303.4000,3304.6000,3305.0000,3305.4000,1,1,1,1,1,1,1,1,1,1
SF,IH2010,2020-08-25 09:31:35.400,3297.2000,195,0,11873280.000,0,-,-,-,-,3297.6000,3297.4000,3296.8000,3294.0000,3292.0000,3302.4000,3302.6000,3304.6000,3305.0000,3305.4000,1,1,1,1,1,1,1,1,1,1
SF,IH2010,2020-08-25 09:31:35.900,3297.2000,195,0,11873280.000,0,-,-,-,-,3297.6000,3297.4000,3296.8000,3294.0000,3292.0000,3302.2000,3302.4000,3304.6000,3305.0000,3305.4000,1,1,1,1,1,1,1,1,1,1
SF,IH2010,2020-08-25 09:31:36.400,3297.2000,195,0,11873280.000,0,-,-,-,-,3297.8000,3297.6000,3297.4000,3296.8000,3294.0000,3302.2000,3302.4000,3304.6000,3305.0000,3305.4000,1,1,1,1,1,1,1,1,1,1
SF,IH2010,2020-08-25 09:31:36.900,3297.2000,195,0,11873280.000,0,-,-,-,-,3298.0000,3297.8000,3297.4000,3296.8000,3294.0000,3302.2000,3302.4000,3304.6000,3305.0000,3305.4000,1,1,1,1,1,1,1,1,1,1
SF,IH2010,2020-08-25 09:31:38.400,3297.2000,195,0,11873280.000,0,-,-,-,-,3298.0000,3297.8000,3296.8000,3294.0000,3292.0000,3302.2000,3302.4000,3304.6000,3305.0000,3305.4000,2,1,1,1,1,1,1,1,1,1
SF,IH2010,2020-08-25 09:31:39.900,3297.2000,195,0,11873280.000,0,-,-,-,-,3298.0000,3296.8000,3294.0000,3292.0000,3288.0000,3302.2000,3302.4000,3304.6000,3305.0000,3305.4000,2,1,1,1,1,1,1,1,1,1
SF,IH2010,2020-08-25 09:31:40.400,3297.2000,195,0,11873280.000,0,-,-,-,-,3298.0000,3296.8000,3294.0000,3292.0000,3288.0000,3302.2000,3302.4000,3304.6000,3305.0000,3305.4000,1,1,1,1,1,1,1,1,1,1
SF,IH2010,2020-08-25 09:31:40.900,3297.2000,195,0,11873280.000,0,-,-,-,-,3296.8000,3294.0000,3292.0000,3288.0000,3277.8000,3302.2000,3304.6000,3305.0000,3305.4000,3308.8000,1,1,1,1,1,1,1,1,1,1
SF,IH2010,2020-08-25 09:31:41.400,3297.2000,195,0,11873280.000,0,-,-,-,-,3297.0000,3296.8000,3294.0000,3292.0000,3288.0000,3302.0000,3302.2000,3304.6000,3305.0000,3305.4000,2,1,1,1,1,1,1,1,1,1
SF,IH2010,2020-08-25 09:31:41.900,3297.2000,195,0,11873280.000,0,-,-,-,-,3297.0000,3296.8000,3294.0000,3292.0000,3288.0000,3301.8000,3302.0000,3304.6000,3305.0000,3305.4000,2,1,1,1,1,1,1,1,1,1
SF,IH2010,2020-08-25 09:31:43.400,3297.2000,195,0,11873280.000,0,-,-,-,-,3297.0000,3296.8000,3294.0000,3292.0000,3288.0000,3301.6000,3301.8000,3304.6000,3305.0000,3305.4000,2,1,1,1,1,1,1,1,1,1
SF,IH2010,2020-08-25 09:31:43.900,3297.2000,195,0,11873280.000,0,-,-,-,-,3297.0000,3294.0000,3292.0000,3288.0000,3277.8000,3301.4000,3301.6000,3304.6000,3305.0000,3305.4000,2,1,1,1,1,1,1,1,1,1
SF,IH2010,2020-08-25 09:31:44.400,3297.2000,195,0,11873280.000,0,-,-,-,-,3297.6000,3297.0000,3294.0000,3292.0000,3288.0000,3301.4000,3301.6000,3304.6000,3305.0000,3305.4000,1,2,1,1,1,1,1,1,1,1
SF,IH2010,2020-08-25 09:31:44.900,3297.2000,195,0,11873280.000,0,-,-,-,-,3297.6000,3297.0000,3294.0000,3292.0000,3288.0000,3301.2000,3301.4000,3304.6000,3305.0000,3305.4000,1,2,1,1,1,1,1,1,1,1
SF,IH2010,2020-08-25 09:31:46.400,3297.2000,195,0,11873280.000,0,-,-,-,-,3297.6000,3297.0000,3294.0000,3292.0000,3288.0000,3301.2000,3301.4000,3304.6000,3305.0000,3305.4000,1,1,1,1,1,1,1,1,1,1
SF,IH2010,2020-08-25 09:31:46.900,3297.2000,195,0,11873280.000,0,-,-,-,-,3297.8000,3297.6000,3294.0000,3292.0000,3288.0000,3304.6000,3305.0000,3305.4000,3308.8000,3309.0000,1,2,1,1,1,1,1,1,1,1
SF,IH2010,2020-08-25 09:31:47.400,3297.2000,195,0,11873280.000,0,-,-,-,-,3298.4000,3297.6000,3294.0000,3292.0000,3288.0000,3304.4000,3304.6000,3305.0000,3305.4000,3308.8000,1,2,1,1,1,1,1,1,1,1
SF,IH2010,2020-08-25 09:31:47.900,3297.2000,195,0,11873280.000,0,-,-,-,-,3298.4000,3297.6000,3294.0000,3292.0000,3288.0000,3304.4000,3304.6000,3305.0000,3305.4000,3308.8000,1,2,1,1,1,1,1,1,1,1
SF,IH2010,2020-08-25 09:31:48.400,3297.2000,195,0,11873280.000,0,-,-,-,-,3298.4000,3297.6000,3294.0000,3292.0000,3288.0000,3304.0000,3304.4000,3304.6000,3305.0000,3305.4000,1,2,1,1,1,1,1,1,1,1
SF,IH2010,2020-08-25 09:31:48.900,3297.2000,195,0,11873280.000,0,-,-,-,-,3298.4000,3297.6000,3294.0000,3292.0000,3288.0000,3303.8000,3304.0000,3304.6000,3305.0000,3305.4000,1,2,1,1,1,1,1,1,1,1
SF,IH2010,2020-08-25 09:31:49.400,3297.2000,195,0,11873280.000,0,-,-,-,-,3298.4000,3297.6000,3294.0000,3292.0000,3288.0000,3303.8000,3304.0000,3304.6000,3305.0000,3305.4000,1,1,1,1,1,1,1,1,1,1
SF,IH2010,2020-08-25 09:31:49.900,3297.2000,195,0,11873280.000,0,-,-,-,-,3298.4000,3297.6000,3294.0000,3292.0000,3288.0000,3303.8000,3304.6000,3305.0000,3305.4000,3308.8000,1,1,1,1,1,1,1,1,1,1
SF,IH2010,2020-08-25 09:31:50.400,3297.2000,195,0,11873280.000,0,-,-,-,-,3298.4000,3297.6000,3294.0000,3292.0000,3288.0000,3303.6000,3303.8000,3304.6000,3305.0000,3305.4000,1,1,1,1,1,1,1,1,1,1
SF,IH2010,2020-08-25 09:31:50.900,3297.2000,195,0,11873280.000,0,-,-,-,-,3298.4000,3297.6000,3294.0000,3292.0000,3288.0000,3303.4000,3303.6000,3304.6000,3305.0000,3305.4000,1,1,1,1,1,1,1,1,1,1
SF,IH2010,2020-08-25 09:31:51.900,3297.2000,195,0,11873280.000,0,-,-,-,-,3298.4000,3297.6000,3294.0000,3292.0000,3288.0000,3303.2000,3303.4000,3304.6000,3305.0000,3305.4000,1,1,1,1,1,1,1,1,1,1
SF,IH2010,2020-08-25 09:31:52.400,3297.2000,195,0,11873280.000,0,-,-,-,-,3298.4000,3297.6000,3294.0000,3292.0000,3288.0000,3303.0000,3303.2000,3304.6000,3305.0000,3305.4000,1,1,1,1,1,1,1,1,1,1
SF,IH2010,2020-08-25 09:31:53.900,3297.2000,195,0,11873280.000,0,-,-,-,-,3298.4000,3297.6000,3294.0000,3292.0000,3288.0000,3302.8000,3303.0000,3304.6000,3305.0000,3305.4000,1,1,1,1,1,1,1,1,1,1
SF,IH2010,2020-08-25 09:31:54.400,3297.2000,195,0,11873280.000,0,-,-,-,-,3298.4000,3297.6000,3294.0000,3292.0000,3288.0000,3302.6000,3302.8000,3304.6000,3305.0000,3305.4000,1,1,1,1,1,1,1,1,1,1
SF,IH2010,2020-08-25 09:31:55.400,3297.2000,195,0,11873280.000,0,-,-,-,-,3298.4000,3297.6000,3296.6000,3294.0000,3292.0000,3302.6000,3302.8000,3304.6000,3305.0000,3305.4000,1,1,1,1,1,1,1,1,1,1
SF,IH2010,2020-08-25 09:32:01.400,3298.4000,194,-1,12862800.000,1,0,1,双平,S,3297.6000,3296.6000,3294.0000,3292.0000,3288.0000,3302.6000,3302.8000,3304.6000,3305.0000,3305.4000,1,1,1,1,1,1,1,1,1,1
SF,IH2010,2020-08-25 09:32:01.900,3298.4000,194,0,12862800.000,0,-,-,-,-,3297.8000,3297.6000,3296.6000,3294.0000,3292.0000,3302.8000,3304.6000,3305.0000,3305.4000,3308.8000,2,1,1,1,1,1,1,1,1,1
SF,IH2010,2020-08-25 09:32:02.400,3298.4000,194,0,12862800.000,0,-,-,-,-,3297.8000,3297.6000,3296.6000,3294.0000,3292.0000,3302.8000,3304.6000,3305.0000,3305.4000,3308.8000,2,1,1,1,1,1,1,1,1,1
SF,IH2010,2020-08-25 09:32:02.900,3298.4000,194,0,12862800.000,0,-,-,-,-,3298.6000,3297.8000,3294.0000,3292.0000,3288.0000,3304.6000,3305.0000,3305.4000,3308.8000,3309.0000,1,2,1,1,1,1,1,1,1,1
SF,IH2010,2020-08-25 09:32:03.400,3298.4000,194,0,12862800.000,0,-,-,-,-,3298.6000,3298.2000,3297.8000,3294.0000,3292.0000,3304.4000,3304.6000,3305.0000,3305.4000,3308.8000,1,1,2,1,1,1,1,1,1,1
SF,IH2010,2020-08-25 09:32:03.900,3298.4000,194,0,12862800.000,0,-,-,-,-,3298.8000,3298.6000,3294.0000,3292.0000,3288.0000,3304.4000,3304.6000,3305.0000,3305.4000,3308.8000,2,1,1,1,1,1,1,1,1,1
SF,IH2010,2020-08-25 09:32:04.400,3298.4000,194,0,12862800.000,0,-,-,-,-,3299.0000,3298.8000,3298.6000,3294.0000,3292.0000,3304.4000,3304.6000,3305.0000,3305.4000,3308.8000,1,2,1,1,1,1,1,1,1,1
SF,IH2010,2020-08-25 09:32:04.900,3298.4000,194,0,12862800.000,0,-,-,-,-,3299.2000,3299.0000,3298.8000,3298.6000,3294.0000,3304.4000,3305.0000,3305.4000,3308.8000,3309.0000,1,1,1,1,1,1,1,1,1,1
SF,IH2010,2020-08-25 09:32:05.400,3298.4000,194,0,12862800.000,0,-,-,-,-,3300.0000,3299.2000,3299.0000,3298.8000,3298.6000,3304.4000,3305.0000,3305.4000,3308.8000,3309.0000,1,1,1,1,1,1,1,1,1,1
SF,IH2010,2020-08-25 09:32:05.900,3298.4000,194,0,12862800.000,0,-,-,-,-,3299.2000,3299.0000,3298.8000,3298.6000,3294.0000,3304.4000,3305.0000,3305.4000,3308.8000,3309.0000,1,1,1,1,1,1,1,1,1,1
SF,IH2010,2020-08-25 09:32:06.400,3298.4000,194,0,12862800.000,0,-,-,-,-,3299.4000,3299.2000,3299.0000,3298.6000,3294.0000,3304.4000,3305.0000,3305.4000,3308.8000,3309.0000,1,1,1,1,1,1,1,1,1,1
SF,IH2010,2020-08-25 09:32:06.900,3298.4000,194,0,12862800.000,0,-,-,-,-,3299.6000,3299.4000,3299.0000,3298.6000,3294.0000,3305.0000,3305.4000,3308.8000,3309.0000,3327.8000,1,1,1,1,1,1,1,1,1,1
SF,IH2010,2020-08-25 09:32:07.400,3298.4000,194,0,12862800.000,0,-,-,-,-,3299.6000,3299.4000,3298.6000,3294.0000,3292.0000,3305.0000,3305.4000,3308.8000,3309.0000,3327.8000,1,1,1,1,1,1,1,1,1,1
SF,IH2010,2020-08-25 09:32:07.900,3298.4000,194,0,12862800.000,0,-,-,-,-,3300.0000,3299.6000,3299.4000,3294.0000,3292.0000,3304.8000,3305.0000,3305.4000,3308.8000,3309.0000,2,1,1,1,1,1,1,1,1,1
SF,IH2010,2020-08-25 09:32:08.900,3298.4000,194,0,12862800.000,0,-,-,-,-,3300.0000,3299.6000,3294.0000,3292.0000,3288.0000,3304.8000,3305.0000,3305.4000,3308.8000,3309.0000,3,1,1,1,1,1,1,1,1,1
SF,IH2010,2020-08-25 09:32:09.400,3298.4000,194,0,12862800.000,0,-,-,-,-,3300.2000,3300.0000,3294.0000,3292.0000,3288.0000,3304.8000,3305.0000,3305.4000,3308.8000,3309.0000,2,3,1,1,1,1,1,1,1,1
SF,IH2010,2020-08-25 09:32:10.400,3298.4000,194,0,12862800.000,0,-,-,-,-,3300.2000,3300.0000,3294.0000,3292.0000,3288.0000,3304.8000,3305.0000,3305.4000,3308.8000,3309.0000,1,3,1,1,1,1,1,1,1,1
SF,IH2010,2020-08-25 09:32:10.900,3298.4000,194,0,12862800.000,0,-,-,-,-,3300.0000,3294.0000,3292.0000,3288.0000,3277.8000,3304.8000,3305.0000,3305.4000,3308.8000,3309.0000,3,1,1,1,1,1,1,1,1,1
SF,IH2010,2020-08-25 09:32:11.400,3298.4000,194,0,12862800.000,0,-,-,-,-,3300.0000,3294.0000,3292.0000,3288.0000,3277.8000,3304.8000,3305.0000,3305.4000,3308.8000,3309.0000,2,1,1,1,1,1,1,1,1,1
SF,IH2010,2020-08-25 09:32:12.900,3298.4000,194,0,12862800.000,0,-,-,-,-,3300.2000,3300.0000,3294.0000,3292.0000,3288.0000,3304.8000,3305.0000,3305.4000,3308.8000,3309.0000,1,2,1,1,1,1,1,1,1,1
SF,IH2010,2020-08-25 09:32:13.400,3298.4000,194,0,12862800.000,0,-,-,-,-,3300.4000,3300.2000,3300.0000,3294.0000,3292.0000,3304.8000,3305.0000,3305.4000,3308.8000,3309.0000,1,1,2,1,1,1,1,1,1,1
SF,IH2010,2020-08-25 09:32:13.900,3298.4000,194,0,12862800.000,0,-,-,-,-,3300.6000,3300.4000,3300.2000,3300.0000,3294.0000,3304.8000,3305.0000,3305.4000,3308.8000,3309.0000,1,1,1,2,1,1,1,1,1,1
SF,IH2010,2020-08-25 09:32:14.900,3298.4000,194,0,12862800.000,0,-,-,-,-,3300.6000,3300.4000,3300.0000,3294.0000,3292.0000,3304.8000,3305.0000,3305.4000,3308.8000,3309.0000,1,1,2,1,1,1,1,1,1,1
SF,IH2010,2020-08-25 09:32:15.400,3298.4000,194,0,12862800.000,0,-,-,-,-,3300.8000,3300.6000,3300.0000,3294.0000,3292.0000,3304.8000,3305.0000,3305.4000,3308.8000,3309.0000,1,1,2,1,1,1,1,1,1,1
SF,IH2010,2020-08-25 09:32:15.900,3298.4000,194,0,12862800.000,0,-,-,-,-,3300.6000,3300.0000,3294.0000,3292.0000,3288.0000,3304.8000,3305.0000,3305.4000,3308.8000,3309.0000,1,2,1,1,1,1,1,1,1,1
SF,IH2010,2020-08-25 09:32:16.400,3298.4000,194,0,12862800.000,0,-,-,-,-,3300.0000,3294.0000,3292.0000,3288.0000,3277.8000,3304.8000,3305.0000,3305.4000,3308.8000,3309.0000,2,1,1,1,1,1,1,1,1,1
SF,IH2010,2020-08-25 09:32:16.900,3298.4000,194,0,12862800.000,0,-,-,-,-,3300.2000,3300.0000,3294.0000,3292.0000,3288.0000,3304.8000,3305.0000,3305.4000,3308.8000,3309.0000,1,2,1,1,1,1,1,1,1,1
SF,IH2010,2020-08-25 09:32:17.400,3298.4000,194,0,12862800.000,0,-,-,-,-,3300.4000,3300.2000,3300.0000,3299.2000,3294.0000,3304.8000,3305.0000,3305.4000,3308.8000,3309.0000,1,1,1,1,1,1,1,1,1,1
SF,IH2010,2020-08-25 09:32:17.900,3298.4000,194,0,12862800.000,0,-,-,-,-,3300.4000,3300.2000,3300.0000,3299.2000,3294.0000,3304.8000,3305.0000,3305.4000,3308.8000,3309.0000,1,1,1,1,1,1,1,1,1,1
SF,IH2010,2020-08-25 09:32:18.400,3298.4000,194,0,12862800.000,0,-,-,-,-,3300.4000,3300.2000,3300.0000,3299.2000,3294.0000,3305.0000,3305.4000,3308.8000,3309.0000,3327.8000,1,1,1,1,1,1,1,1,1,1
SF,IH2010,2020-08-25 09:32:18.900,3298.4000,194,0,12862800.000,0,-,-,-,-,3300.4000,3300.2000,3300.0000,3299.2000,3294.0000,3305.0000,3305.4000,3308.8000,3309.0000,3327.8000,1,1,1,1,1,1,1,1,1,1
SF,IH2010,2020-08-25 09:32:19.400,3298.4000,194,0,12862800.000,0,-,-,-,-,3300.6000,3300.4000,3300.0000,3294.0000,3292.0000,3305.0000,3305.4000,3308.8000,3309.0000,3327.8000,1,1,1,1,1,1,1,1,1,1
SF,IH2010,2020-08-25 09:32:19.900,3298.4000,194,0,12862800.000,0,-,-,-,-,3301.0000,3300.8000,3300.6000,3300.0000,3294.0000,3305.0000,3305.4000,3308.8000,3309.0000,3327.8000,1,1,1,1,1,1,1,1,1,1
SF,IH2010,2020-08-25 09:32:20.400,3304.8000,193,-1,13854240.000,1,0,1,双平,S,3300.8000,3300.6000,3300.0000,3294.0000,3292.0000,3305.0000,3305.4000,3308.8000,3309.0000,3327.8000,1,1,1,1,1,1,1,1,1,1
SF,IH2010,2020-08-25 09:32:22.400,3304.8000,193,0,13854240.000,0,-,-,-,-,3300.8000,3300.0000,3294.0000,3292.0000,3288.0000,3305.0000,3305.4000,3308.8000,3309.0000,3327.8000,1,1,1,1,1,1,1,1,1,1
SF,IH2010,2020-08-25 09:32:22.900,3304.8000,193,0,13854240.000,0,-,-,-,-,3300.8000,3300.0000,3294.0000,3292.0000,3288.0000,3305.0000,3305.4000,3308.8000,3309.0000,3327.8000,1,1,1,1,1,1,1,1,1,1
SF,IH2010,2020-08-25 09:32:23.400,3304.8000,193,0,13854240.000,0,-,-,-,-,3300.8000,3300.0000,3294.0000,3292.0000,3288.0000,3305.0000,3305.4000,3308.8000,3309.0000,3327.8000,1,1,1,1,1,1,1,1,1,1
SF,IH2010,2020-08-25 09:32:23.900,3304.8000,193,0,13854240.000,0,-,-,-,-,3300.8000,3300.0000,3294.0000,3292.0000,3288.0000,3305.0000,3305.4000,3308.8000,3309.0000,3327.8000,1,1,1,1,1,1,1,1,1,1
SF,IH2010,2020-08-25 09:32:24.400,3304.8000,193,0,13854240.000,0,-,-,-,-,3301.4000,3301.2000,3300.8000,3300.0000,3294.0000,3305.0000,3305.4000,3308.8000,3309.0000,3327.8000,1,1,1,1,1,1,1,1,1,1
SF,IH2010,2020-08-25 09:32:24.900,3304.8000,193,0,13854240.000,0,-,-,-,-,3301.4000,3301.2000,3300.8000,3300.0000,3292.0000,3305.0000,3305.4000,3308.8000,3309.0000,3327.8000,1,1,1,1,1,1,1,1,1,1
SF,IH2010,2020-08-25 09:32:25.400,3304.8000,193,0,13854240.000,0,-,-,-,-,3301.4000,3301.2000,3300.8000,3300.0000,3292.0000,3305.0000,3305.4000,3308.8000,3309.0000,3327.8000,1,1,1,1,1,1,1,1,1,1
SF,IH2010,2020-08-25 09:32:25.900,3304.8000,193,0,13854240.000,0,-,-,-,-,3301.4000,3300.8000,3300.0000,3292.0000,3288.0000,3305.0000,3305.4000,3308.8000,3309.0000,3327.8000,1,1,1,1,1,1,1,1,1,1
SF,IH2010,2020-08-25 09:32:26.400,3304.8000,193,0,13854240.000,0,-,-,-,-,3301.8000,3301.6000,3301.4000,3292.0000,3288.0000,3305.0000,3305.4000,3308.8000,3309.0000,3327.8000,1,1,1,1,1,1,1,1,1,1
SF,IH2010,2020-08-25 09:32:26.900,3304.8000,193,0,13854240.000,0,-,-,-,-,3302.0000,3301.8000,3301.4000,3292.0000,3288.0000,3305.0000,3305.4000,3308.8000,3309.0000,3327.8000,1,1,1,1,1,1,1,1,1,1
SF,IH2010,2020-08-25 09:32:27.400,3304.8000,193,0,13854240.000,0,-,-,-,-,3302.0000,3301.4000,3292.0000,3288.0000,3277.8000,3304.0000,3305.0000,3305.4000,3308.8000,3309.0000,1,1,1,1,1,1,1,1,1,1
SF,IH2010,2020-08-25 09:32:27.900,3304.0000,193,0,14845440.000,1,0,1,多换,S,3304.0000,3302.0000,3292.0000,3288.0000,3277.8000,3305.0000,3305.4000,3308.8000,3309.0000,3327.8000,1,1,1,1,1,1,1,1,1,1
SF,IH2010,2020-08-25 09:32:28.400,3304.0000,194,1,16827840.000,2,1,1,空开,S,3292.0000,3288.0000,3277.8000,3273.2000,3273.0000,3304.8000,3305.0000,3305.4000,3308.8000,3309.0000,1,1,1,1,1,1,1,1,1,1
SF,IH2010,2020-08-25 09:32:28.900,3304.0000,194,0,16827840.000,0,-,-,-,-,3299.8000,3296.8000,3292.2000,3292.0000,3288.0000,3305.0000,3305.4000,3308.8000,3309.0000,3327.8000,1,1,2,1,1,1,1,1,1,1
SF,IH2010,2020-08-25 09:32:29.400,3304.0000,194,0,16827840.000,0,-,-,-,-,3300.0000,3292.2000,3292.0000,3288.0000,3277.8000,3305.0000,3305.4000,3308.8000,3309.0000,3327.8000,1,3,1,1,1,1,1,1,1,1
SF,IH2010,2020-08-25 09:32:30.400,3304.0000,194,0,16827840.000,0,-,-,-,-,3300.0000,3295.0000,3292.2000,3288.0000,3277.8000,3305.0000,3305.4000,3308.8000,3309.0000,3327.8000,1,1,3,1,1,1,1,1,1,1
SF,IH2010,2020-08-25 09:32:30.900,3304.0000,194,0,16827840.000,0,-,-,-,-,3301.2000,3300.0000,3295.0000,3292.2000,3288.0000,3305.0000,3305.4000,3308.8000,3309.0000,3327.8000,1,2,1,3,1,1,1,1,1,1
SF,IH2010,2020-08-25 09:32:31.400,3304.0000,194,0,16827840.000,0,-,-,-,-,3301.4000,3301.2000,3300.0000,3295.0000,3292.2000,3305.0000,3305.4000,3308.8000,3309.0000,3327.8000,1,1,1,1,3,1,1,1,1,1
SF,IH2010,2020-08-25 09:32:31.900,3304.0000,194,0,16827840.000,0,-,-,-,-,3301.4000,3301.2000,3300.0000,3295.0000,3292.2000,3305.0000,3305.4000,3308.8000,3309.0000,3327.8000,1,1,1,1,3,1,1,1,1,1
SF,IH2010,2020-08-25 09:32:32.400,3304.0000,194,0,16827840.000,0,-,-,-,-,3301.6000,3301.4000,3301.2000,3300.0000,3295.0000,3305.0000,3305.4000,3308.8000,3309.0000,3327.8000,1,1,1,1,1,1,1,1,1,1
SF,IH2010,2020-08-25 09:32:32.900,3304.0000,194,0,16827840.000,0,-,-,-,-,3302.2000,3301.8000,3301.6000,3300.0000,3295.0000,3305.0000,3305.4000,3308.8000,3309.0000,3327.8000,1,1,1,1,1,1,1,1,1,1
SF,IH2010,2020-08-25 09:32:33.400,3304.0000,194,0,16827840.000,0,-,-,-,-,3302.2000,3301.8000,3301.6000,3300.0000,3295.0000,3305.0000,3305.4000,3308.8000,3309.0000,3327.8000,1,1,1,2,1,1,1,1,1,1
SF,IH2010,2020-08-25 09:32:33.900,3304.0000,194,0,16827840.000,0,-,-,-,-,3302.4000,3302.2000,3301.6000,3300.0000,3295.0000,3305.0000,3305.4000,3308.8000,3309.0000,3327.8000,1,1,1,2,1,1,1,1,1,1
SF,IH2010,2020-08-25 09:32:34.900,3304.0000,194,0,16827840.000,0,-,-,-,-,3302.4000,3300.0000,3295.0000,3292.2000,3288.0000,3305.0000,3305.4000,3308.8000,3309.0000,3327.8000,1,2,1,3,1,1,1,1,1,1
SF,IH2010,2020-08-25 09:32:35.400,3304.0000,194,0,16827840.000,0,-,-,-,-,3302.4000,3300.0000,3295.0000,3292.2000,3288.0000,3305.0000,3305.4000,3308.8000,3309.0000,3327.8000,1,2,1,3,1,1,1,1,1,1
SF,IH2010,2020-08-25 09:32:35.900,3305.0000,194,0,17819340.000,1,0,1,多换,S,3305.0000,3302.4000,3300.0000,3295.0000,3292.2000,3305.4000,3308.8000,3309.0000,3327.8000,3329.0000,1,1,2,1,3,1,1,1,1,1
SF,IH2010,2020-08-25 09:32:36.400,3305.0000,194,0,17819340.000,0,-,-,-,-,3300.0000,3295.0000,3292.2000,3288.0000,3277.8000,3305.4000,3308.8000,3309.0000,3327.8000,3329.0000,2,1,3,1,1,1,1,1,1,1
SF,IH2010,2020-08-25 09:32:36.900,3305.4000,193,-1,18810960.000,1,0,1,双平,S,3300.0000,3295.0000,3292.2000,3288.0000,3277.8000,3308.8000,3309.0000,3327.8000,3329.0000,3342.4000,2,1,3,1,1,1,1,1,1,4
SF,IH2010,2020-08-25 09:32:37.400,3305.4000,193,0,18810960.000,0,-,-,-,-,3300.2000,3300.0000,3295.0000,3292.2000,3288.0000,3308.6000,3308.8000,3309.0000,3327.8000,3329.0000,1,1,1,2,1,1,1,1,1,1
SF,IH2010,2020-08-25 09:32:37.900,3305.4000,193,0,18810960.000,0,-,-,-,-,3301.4000,3300.2000,3300.0000,3295.0000,3292.2000,3308.6000,3308.8000,3309.0000,3327.8000,3329.0000,1,2,1,1,2,1,1,1,1,1
SF,IH2010,2020-08-25 09:32:38.400,3305.4000,193,0,18810960.000,0,-,-,-,-,3302.8000,3301.6000,3301.4000,3300.2000,3300.0000,3308.6000,3308.8000,3309.0000,3327.8000,3329.0000,1,1,1,1,1,1,1,1,1,1
SF,IH2010,2020-08-25 09:32:38.900,3305.4000,193,0,18810960.000,0,-,-,-,-,3302.8000,3301.6000,3301.4000,3300.2000,3300.0000,3308.4000,3308.6000,3308.8000,3309.0000,3327.8000,1,1,1,1,1,1,1,1,1,1
SF,IH2010,2020-08-25 09:32:39.400,3305.4000,193,0,18810960.000,0,-,-,-,-,3302.8000,3301.6000,3301.4000,3300.2000,3300.0000,3308.2000,3308.4000,3308.8000,3309.0000,3327.8000,1,1,1,1,1,1,1,1,1,1
SF,IH2010,2020-08-25 09:32:39.900,3308.2000,193,0,19803420.000,1,0,1,多换,S,3302.8000,3301.6000,3301.4000,3300.2000,3300.0000,3308.4000,3308.8000,3309.0000,3327.8000,3329.0000,1,1,1,1,1,1,1,1,1,1
SF,IH2010,2020-08-25 09:32:40.400,3308.2000,193,0,19803420.000,0,-,-,-,-,3303.0000,3302.8000,3301.4000,3300.2000,3300.0000,3308.0000,3308.2000,3308.8000,3309.0000,3327.8000,1,1,1,1,1,1,1,1,1,1
SF,IH2010,2020-08-25 09:32:40.900,3308.2000,193,0,19803420.000,0,-,-,-,-,3303.0000,3302.8000,3301.4000,3300.2000,3300.0000,3307.8000,3308.0000,3308.8000,3309.0000,3327.8000,1,1,1,1,1,1,1,1,1,1
SF,IH2010,2020-08-25 09:32:41.900,3308.2000,193,0,19803420.000,0,-,-,-,-,3303.6000,3303.0000,3302.8000,3301.4000,3300.2000,3307.2000,3307.6000,3307.8000,3308.8000,3309.0000,1,1,1,1,1,1,1,1,1,1
SF,IH2010,2020-08-25 09:32:43.900,3308.2000,193,0,19803420.000,0,-,-,-,-,3303.6000,3303.0000,3302.8000,3301.4000,3300.2000,3307.2000,3307.6000,3307.8000,3308.8000,3309.0000,1,1,1,1,1,1,2,1,1,1
SF,IH2010,2020-08-25 09:32:45.900,3308.2000,193,0,19803420.000,0,-,-,-,-,3303.6000,3303.0000,3302.8000,3301.4000,3300.2000,3307.6000,3307.8000,3308.8000,3309.0000,3327.8000,1,1,1,1,1,2,1,1,1,1
SF,IH2010,2020-08-25 09:32:46.400,3308.2000,193,0,19803420.000,0,-,-,-,-,3303.6000,3303.0000,3302.8000,3301.4000,3300.2000,3307.4000,3307.6000,3308.8000,3309.0000,3327.8000,1,1,1,1,1,1,1,1,1,1
SF,IH2010,2020-08-25 09:32:46.900,3308.2000,193,0,19803420.000,0,-,-,-,-,3304.0000,3303.6000,3301.4000,3300.2000,3300.0000,3307.4000,3307.6000,3308.8000,3309.0000,3327.8000,1,1,1,1,1,1,1,1,1,1
SF,IH2010,2020-08-25 09:32:47.400,3308.2000,193,0,19803420.000,0,-,-,-,-,3304.0000,3301.4000,3300.2000,3300.0000,3295.0000,3307.2000,3307.4000,3308.8000,3309.0000,3327.8000,1,1,1,1,1,1,1,1,1,1
SF,IH2010,2020-08-25 09:32:47.900,3308.2000,193,0,19803420.000,0,-,-,-,-,3301.4000,3300.2000,3300.0000,3295.0000,3292.2000,3307.0000,3307.2000,3308.8000,3309.0000,3327.8000,1,1,1,1,2,1,1,1,1,1
SF,IH2010,2020-08-25 09:32:48.400,3308.2000,193,0,19803420.000,0,-,-,-,-,3301.6000,3301.4000,3300.2000,3300.0000,3295.0000,3307.2000,3308.8000,3309.0000,3327.8000,3329.0000,1,1,1,1,1,1,1,1,1,1
SF,IH2010,2020-08-25 09:32:48.900,3308.2000,193,0,19803420.000,0,-,-,-,-,3302.6000,3301.6000,3301.4000,3300.2000,3300.0000,3307.2000,3308.8000,3309.0000,3327.8000,3329.0000,1,1,1,1,1,1,1,1,1,1
SF,IH2010,2020-08-25 09:32:49.400,3308.2000,193,0,19803420.000,0,-,-,-,-,3302.8000,3302.6000,3301.4000,3300.2000,3300.0000,3307.2000,3308.8000,3309.0000,3327.8000,3329.0000,2,1,1,1,1,1,1,1,1,1
SF,IH2010,2020-08-25 09:32:49.900,3308.2000,193,0,19803420.000,0,-,-,-,-,3302.8000,3302.6000,3301.4000,3300.2000,3300.0000,3307.2000,3308.8000,3309.0000,3327.8000,3329.0000,2,1,1,1,1,1,1,1,1,1
SF,IH2010,2020-08-25 09:32:50.400,3308.2000,193,0,19803420.000,0,-,-,-,-,3302.8000,3302.6000,3301.4000,3300.2000,3300.0000,3308.8000,3309.0000,3327.8000,3329.0000,3342.4000,2,1,1,1,1,1,1,1,1,4
SF,IH2010,2020-08-25 09:32:50.900,3308.2000,193,0,19803420.000,0,-,-,-,-,3302.8000,3302.6000,3301.4000,3300.2000,3300.0000,3308.6000,3308.8000,3309.0000,3327.8000,3329.0000,2,1,1,1,1,1,1,1,1,1
SF,IH2010,2020-08-25 09:32:51.400,3308.2000,193,0,19803420.000,0,-,-,-,-,3303.2000,3302.8000,3302.6000,3301.4000,3300.2000,3308.6000,3308.8000,3309.0000,3327.8000,3329.0000,1,1,1,1,1,2,1,1,1,1
SF,IH2010,2020-08-25 09:32:51.900,3308.2000,193,0,19803420.000,0,-,-,-,-,3303.2000,3302.8000,3302.6000,3301.4000,3300.2000,3307.4000,3308.4000,3308.6000,3308.8000,3309.0000,1,1,1,1,1,1,1,2,1,1
SF,IH2010,2020-08-25 09:32:52.400,3308.2000,193,0,19803420.000,0,-,-,-,-,3303.2000,3302.6000,3301.4000,3300.2000,3300.0000,3307.2000,3307.4000,3308.4000,3308.6000,3308.8000,1,1,1,1,1,1,1,1,1,1
SF,IH2010,2020-08-25 09:32:52.900,3308.2000,193,0,19803420.000,0,-,-,-,-,3301.4000,3300.2000,3300.0000,3295.0000,3292.2000,3307.2000,3307.4000,3308.4000,3308.6000,3308.8000,1,1,1,1,2,1,1,1,1,1
SF,IH2010,2020-08-25 09:32:53.400,3308.2000,193,0,19803420.000,0,-,-,-,-,3301.6000,3300.2000,3300.0000,3295.0000,3292.2000,3306.8000,3307.2000,3307.4000,3308.6000,3308.8000,1,1,1,1,2,1,1,1,1,1
SF,IH2010,2020-08-25 09:32:53.900,3308.2000,193,0,19803420.000,0,-,-,-,-,3301.6000,3300.2000,3300.0000,3295.0000,3292.2000,3306.6000,3306.8000,3307.4000,3308.6000,3308.8000,1,1,1,1,2,1,2,1,1,1
SF,IH2010,2020-08-25 09:32:54.400,3308.2000,193,0,19803420.000,0,-,-,-,-,3301.6000,3300.4000,3300.2000,3300.0000,3295.0000,3306.8000,3307.4000,3308.6000,3308.8000,3309.0000,1,1,1,1,1,2,1,1,1,1
SF,IH2010,2020-08-25 09:32:54.900,3308.2000,193,0,19803420.000,0,-,-,-,-,3302.2000,3301.6000,3300.4000,3300.2000,3300.0000,3306.4000,3306.6000,3306.8000,3307.4000,3308.6000,1,1,1,1,1,1,1,1,1,1
SF,IH2010,2020-08-25 09:32:55.400,3308.2000,193,0,19803420.000,0,-,-,-,-,3302.4000,3302.2000,3300.4000,3300.2000,3300.0000,3306.4000,3306.6000,3306.8000,3308.6000,3308.8000,1,1,1,1,1,1,1,1,1,1
SF,IH2010,2020-08-25 09:32:55.900,3308.2000,193,0,19803420.000,0,-,-,-,-,3302.4000,3302.2000,3300.4000,3300.2000,3300.0000,3306.4000,3306.8000,3308.6000,3308.8000,3309.0000,1,1,1,1,1,1,1,1,1,1
SF,IH2010,2020-08-25 09:32:56.900,3308.2000,193,0,19803420.000,0,-,-,-,-,3302.8000,3302.4000,3300.4000,3300.2000,3300.0000,3306.4000,3306.8000,3308.6000,3308.8000,3309.0000,1,1,1,1,1,1,1,1,1,1
SF,IH2010,2020-08-25 09:32:57.900,3308.2000,193,0,19803420.000,0,-,-,-,-,3302.8000,3302.4000,3301.0000,3300.4000,3300.2000,3306.4000,3306.8000,3308.6000,3308.8000,3309.0000,1,1,1,1,1,1,1,1,1,1
SF,IH2010,2020-08-25 09:32:58.400,3308.2000,193,0,19803420.000,0,-,-,-,-,3302.8000,3302.4000,3301.0000,3300.4000,3300.2000,3306.2000,3306.4000,3306.8000,3308.6000,3308.8000,1,1,1,1,1,1,1,1,1,1
SF,IH2010,2020-08-25 09:32:59.400,3308.2000,193,0,19803420.000,0,-,-,-,-,3302.4000,3301.0000,3300.4000,3300.2000,3295.0000,3306.2000,3306.4000,3306.8000,3308.6000,3308.8000,1,1,1,1,1,1,1,1,1,1
SF,IH2010,2020-08-25 09:32:59.900,3308.2000,193,0,19803420.000,0,-,-,-,-,3302.4000,3301.0000,3300.4000,3300.2000,3295.0000,3306.4000,3306.8000,3308.6000,3308.8000,3309.0000,1,1,1,1,1,1,1,1,1,1
SF,IH2010,2020-08-25 09:33:00.400,3308.2000,193,0,19803420.000,0,-,-,-,-,3302.4000,3301.0000,3300.4000,3300.2000,3295.0000,3306.0000,3306.8000,3308.6000,3308.8000,3309.0000,1,1,1,1,1,1,1,1,1,1
SF,IH2010,2020-08-25 09:33:02.900,3308.2000,193,0,19803420.000,0,-,-,-,-,3302.4000,3301.0000,3300.4000,3300.2000,3295.0000,3306.8000,3308.6000,3308.8000,3309.0000,3327.8000,1,1,1,1,1,1,1,1,1,1
SF,IH2010,2020-08-25 09:33:03.400,3308.2000,193,0,19803420.000,0,-,-,-,-,3302.4000,3301.0000,3300.4000,3300.2000,3295.0000,3308.6000,3308.8000,3309.0000,3327.8000,3329.0000,1,1,1,1,1,1,1,1,1,1
SF,IH2010,2020-08-25 09:33:03.900,3308.2000,193,0,19803420.000,0,-,-,-,-,3303.0000,3302.4000,3301.0000,3300.4000,3300.2000,3308.8000,3309.0000,3327.8000,3329.0000,3342.4000,1,1,1,1,1,1,1,1,1,4
SF,IH2010,2020-08-25 09:33:04.400,3308.2000,193,0,19803420.000,0,-,-,-,-,3303.2000,3303.0000,3301.0000,3300.4000,3300.2000,3308.8000,3309.0000,3327.8000,3329.0000,3342.4000,1,1,1,1,1,1,1,1,1,4
SF,IH2010,2020-08-25 09:33:04.900,3308.2000,193,0,19803420.000,0,-,-,-,-,3303.2000,3303.0000,3302.6000,3301.0000,3300.2000,3308.8000,3309.0000,3327.8000,3329.0000,3342.4000,1,1,1,1,1,1,1,1,1,4
SF,IH2010,2020-08-25 09:33:05.400,3308.2000,193,0,19803420.000,0,-,-,-,-,3303.2000,3303.0000,3302.6000,3301.0000,3300.2000,3308.8000,3309.0000,3327.8000,3329.0000,3342.4000,1,1,1,1,1,1,1,1,1,4
SF,IH2010,2020-08-25 09:33:05.900,3308.2000,193,0,19803420.000,0,-,-,-,-,3303.2000,3303.0000,3302.6000,3301.0000,3300.2000,3308.8000,3309.0000,3327.8000,3329.0000,3342.4000,1,1,1,1,1,1,1,1,1,4
SF,IH2010,2020-08-25 09:33:06.400,3308.2000,193,0,19803420.000,0,-,-,-,-,3304.0000,3303.2000,3303.0000,3302.6000,3301.0000,3308.8000,3309.0000,3318.8000,3327.8000,3329.0000,1,1,1,1,1,1,1,1,1,1
SF,IH2010,2020-08-25 09:33:06.900,3308.2000,193,0,19803420.000,0,-,-,-,-,3304.2000,3304.0000,3303.0000,3302.6000,3301.0000,3308.8000,3309.0000,3318.8000,3327.8000,3329.0000,1,1,1,1,1,1,1,1,1,1
SF,IH2010,2020-08-25 09:33:07.400,3308.2000,193,0,19803420.000,0,-,-,-,-,3304.2000,3304.0000,3303.0000,3302.6000,3301.0000,3308.8000,3309.0000,3318.8000,3327.8000,3329.0000,1,1,1,1,1,1,1,1,1,1
SF,IH2010,2020-08-25 09:33:07.900,3308.2000,193,0,19803420.000,0,-,-,-,-,3304.2000,3304.0000,3303.0000,3302.6000,3301.0000,3308.8000,3309.0000,3318.8000,3327.8000,3329.0000,1,1,1,1,1,1,1,1,1,1
SF,IH2010,2020-08-25 09:33:09.900,3308.2000,193,0,19803420.000,0,-,-,-,-,3304.2000,3303.0000,3302.6000,3301.0000,3300.2000,3308.8000,3309.0000,3318.8000,3327.8000,3329.0000,1,1,1,1,1,1,1,1,1,1
SF,IH2010,2020-08-25 09:33:10.400,3308.2000,193,0,19803420.000,0,-,-,-,-,3304.2000,3303.0000,3302.6000,3301.0000,3300.2000,3308.6000,3308.8000,3309.0000,3318.8000,3327.8000,1,1,1,1,1,2,1,1,1,1
SF,IH2010,2020-08-25 09:33:10.900,3308.2000,193,0,19803420.000,0,-,-,-,-,3303.0000,3302.6000,3301.0000,3300.2000,3295.0000,3308.0000,3308.6000,3308.8000,3309.0000,3318.8000,1,1,1,1,1,1,2,1,1,1
SF,IH2010,2020-08-25 09:33:11.400,3308.2000,193,0,19803420.000,0,-,-,-,-,3303.2000,3303.0000,3302.6000,3301.0000,3300.2000,3308.0000,3308.4000,3308.6000,3308.8000,3309.0000,1,1,1,1,1,1,1,1,1,1
SF,IH2010,2020-08-25 09:33:11.900,3308.2000,193,0,19803420.000,0,-,-,-,-,3303.2000,3303.0000,3302.6000,3301.0000,3300.2000,3307.8000,3308.0000,3308.6000,3308.8000,3309.0000,1,1,1,1,1,1,1,1,1,1
SF,IH2010,2020-08-25 09:33:12.400,3308.2000,193,0,19803420.000,0,-,-,-,-,3304.0000,3303.2000,3303.0000,3302.6000,3301.0000,3308.0000,3308.6000,3308.8000,3309.0000,3318.8000,1,1,1,1,1,1,1,1,1,1
SF,IH2010,2020-08-25 09:33:12.900,3308.2000,193,0,19803420.000,0,-,-,-,-,3304.0000,3303.2000,3303.0000,3302.6000,3301.0000,3308.0000,3308.6000,3308.8000,3309.0000,3318.8000,1,1,1,1,1,1,1,1,1,1
SF,IH2010,2020-08-25 09:33:13.400,3308.2000,193,0,19803420.000,0,-,-,-,-,3304.0000,3303.2000,3303.0000,3302.6000,3301.0000,3308.0000,3308.6000,3308.8000,3309.0000,3318.8000,1,1,1,1,1,1,1,1,1,1
SF,IH2010,2020-08-25 09:33:13.900,3308.2000,193,0,19803420.000,0,-,-,-,-,3304.2000,3304.0000,3303.0000,3302.6000,3301.0000,3308.0000,3308.6000,3308.8000,3309.0000,3318.8000,1,1,1,1,1,1,1,1,1,1
SF,IH2010,2020-08-25 09:33:14.400,3308.2000,193,0,19803420.000,0,-,-,-,-,3304.2000,3304.0000,3303.0000,3302.6000,3301.0000,3308.0000,3308.6000,3308.8000,3309.0000,3318.8000,1,1,1,1,1,1,1,1,1,1
SF,IH2010,2020-08-25 09:33:14.900,3308.2000,193,0,19803420.000,0,-,-,-,-,3304.2000,3304.0000,3303.0000,3302.6000,3301.0000,3308.0000,3308.6000,3308.8000,3309.0000,3318.8000,1,1,1,1,1,1,1,1,1,1
SF,IH2010,2020-08-25 09:33:15.400,3308.0000,193,0,20795820.000,1,0,1,多换,S,3304.2000,3304.0000,3303.0000,3302.6000,3301.0000,3308.6000,3308.8000,3309.0000,3318.8000,3327.8000,1,1,1,1,1,1,1,1,1,1
SF,IH2010,2020-08-25 09:33:15.900,3308.0000,193,0,20795820.000,0,-,-,-,-,3304.2000,3304.0000,3303.0000,3302.6000,3301.0000,3308.6000,3308.8000,3309.0000,3318.8000,3327.8000,1,1,1,1,1,1,1,1,1,1
SF,IH2010,2020-08-25 09:33:16.400,3308.0000,193,0,20795820.000,0,-,-,-,-,3304.4000,3304.2000,3304.0000,3303.0000,3301.0000,3308.8000,3309.0000,3318.8000,3327.8000,3329.0000,1,1,1,1,1,1,1,1,1,1
SF,IH2010,2020-08-25 09:33:16.900,3308.0000,193,0,20795820.000,0,-,-,-,-,3305.0000,3304.6000,3304.4000,3304.0000,3303.0000,3308.8000,3309.0000,3318.8000,3327.8000,3329.0000,1,1,1,1,1,1,1,1,1,1
SF,IH2010,2020-08-25 09:33:17.400,3308.0000,193,0,20795820.000,0,-,-,-,-,3304.8000,3304.6000,3304.4000,3304.0000,3303.0000,3308.8000,3309.0000,3318.8000,3327.8000,3329.0000,1,1,1,1,1,1,1,1,1,1
SF,IH2010,2020-08-25 09:33:17.900,3308.0000,193,0,20795820.000,0,-,-,-,-,3305.0000,3304.0000,3303.0000,3301.0000,3300.2000,3308.8000,3309.0000,3318.8000,3327.8000,3329.0000,1,1,1,1,1,1,1,1,1,1
SF,IH2010,2020-08-25 09:33:18.400,3308.0000,193,0,20795820.000,0,-,-,-,-,3305.0000,3304.0000,3303.0000,3301.0000,3300.2000,3308.8000,3309.0000,3318.8000,3327.8000,3329.0000,1,1,1,1,1,1,1,1,1,1
SF,IH2010,2020-08-25 09:33:18.900,3308.0000,193,0,20795820.000,0,-,-,-,-,3305.0000,3304.0000,3301.0000,3300.2000,3295.0000,3308.8000,3309.0000,3318.8000,3327.8000,3329.0000,1,1,1,1,1,1,1,1,1,1
SF,IH2010,2020-08-25 09:33:19.400,3308.0000,193,0,20795820.000,0,-,-,-,-,3305.0000,3304.0000,3301.0000,3300.2000,3295.0000,3308.8000,3309.0000,3318.8000,3327.8000,3329.0000,1,1,1,1,1,1,1,1,1,1
SF,IH2010,2020-08-25 09:33:19.900,3308.0000,193,0,20795820.000,0,-,-,-,-,3305.0000,3304.0000,3301.0000,3300.2000,3295.0000,3308.8000,3309.0000,3318.8000,3327.8000,3329.0000,1,1,1,1,1,1,1,1,1,1
SF,IH2010,2020-08-25 09:33:20.400,3308.0000,193,0,20795820.000,0,-,-,-,-,3305.0000,3304.0000,3301.0000,3300.2000,3295.0000,3308.8000,3309.0000,3318.8000,3327.8000,3329.0000,1,2,1,1,1,1,1,1,1,1
SF,IH2010,2020-08-25 09:33:20.900,3308.0000,193,0,20795820.000,0,-,-,-,-,3305.0000,3304.0000,3301.0000,3300.2000,3295.0000,3308.8000,3309.0000,3318.8000,3327.8000,3329.0000,1,2,1,1,1,1,1,1,1,1
SF,IH2010,2020-08-25 09:33:21.400,3308.0000,193,0,20795820.000,0,-,-,-,-,3305.0000,3304.0000,3301.0000,3300.2000,3295.0000,3308.8000,3309.0000,3318.8000,3327.8000,3329.0000,1,2,1,1,1,1,1,1,1,1
SF,IH2010,2020-08-25 09:33:21.900,3308.0000,193,0,20795820.000,0,-,-,-,-,3305.0000,3304.0000,3301.0000,3300.2000,3295.0000,3308.6000,3308.8000,3309.0000,3318.8000,3327.8000,1,2,1,1,1,1,1,1,1,1
SF,IH2010,2020-08-25 09:33:22.400,3308.0000,193,0,20795820.000,0,-,-,-,-,3305.0000,3304.0000,3301.0000,3300.2000,3295.0000,3308.8000,3309.0000,3318.8000,3327.8000,3329.0000,1,1,1,1,1,1,1,1,1,1
SF,IH2010,2020-08-25 09:33:22.900,3308.0000,193,0,20795820.000,0,-,-,-,-,3305.0000,3304.0000,3301.0000,3300.2000,3295.0000,3308.8000,3309.0000,3318.8000,3327.8000,3329.0000,1,1,1,1,1,1,1,1,1,1
SF,IH2010,2020-08-25 09:33:23.400,3308.0000,193,0,20795820.000,0,-,-,-,-,3305.0000,3304.0000,3301.0000,3300.2000,3295.0000,3308.8000,3309.0000,3318.8000,3327.8000,3329.0000,1,1,1,1,1,1,1,1,1,1
SF,IH2010,2020-08-25 09:33:23.900,3308.0000,193,0,20795820.000,0,-,-,-,-,3305.0000,3304.0000,3301.0000,3300.2000,3295.0000,3308.8000,3309.0000,3318.8000,3327.8000,3329.0000,1,1,1,1,1,1,1,1,1,1
SF,IH2010,2020-08-25 09:33:24.400,3308.0000,193,0,20795820.000,0,-,-,-,-,3305.0000,3304.0000,3301.0000,3300.2000,3295.0000,3308.8000,3309.0000,3318.8000,3327.8000,3329.0000,1,1,1,1,1,1,1,1,1,1
SF,IH2010,2020-08-25 09:33:24.900,3308.0000,193,0,20795820.000,0,-,-,-,-,3305.0000,3304.0000,3301.0000,3300.2000,3295.0000,3308.8000,3309.0000,3318.8000,3327.8000,3329.0000,1,1,1,1,1,1,1,1,1,1
SF,IH2010,2020-08-25 09:33:25.400,3308.0000,193,0,20795820.000,0,-,-,-,-,3305.0000,3304.0000,3301.0000,3300.2000,3295.0000,3308.8000,3309.0000,3318.8000,3327.8000,3329.0000,1,1,1,1,1,1,1,1,1,1
SF,IH2010,2020-08-25 09:33:25.900,3308.0000,193,0,20795820.000,0,-,-,-,-,3305.0000,3304.0000,3301.0000,3300.2000,3295.0000,3308.8000,3309.0000,3318.8000,3327.8000,3329.0000,1,1,1,1,1,1,1,1,1,1
SF,IH2010,2020-08-25 09:33:26.400,3308.0000,193,0,20795820.000,0,-,-,-,-,3305.0000,3304.0000,3301.0000,3300.2000,3295.0000,3308.8000,3309.0000,3318.8000,3327.8000,3329.0000,1,1,1,1,1,1,1,1,1,1
SF,IH2010,2020-08-25 09:33:26.900,3308.0000,193,0,20795820.000,0,-,-,-,-,3305.0000,3304.0000,3301.0000,3300.2000,3295.0000,3308.8000,3309.0000,3318.8000,3327.8000,3329.0000,1,1,1,1,1,1,1,1,1,1
SF,IH2010,2020-08-25 09:33:27.400,3308.0000,193,0,20795820.000,0,-,-,-,-,3305.0000,3304.0000,3301.0000,3300.2000,3295.0000,3308.8000,3309.0000,3318.8000,3327.8000,3329.0000,1,1,1,1,1,1,1,1,1,1
SF,IH2010,2020-08-25 09:33:27.900,3308.0000,193,0,20795820.000,0,-,-,-,-,3305.0000,3304.0000,3301.0000,3300.2000,3295.0000,3308.8000,3309.0000,3318.8000,3327.8000,3329.0000,1,1,1,1,1,1,1,1,1,1
SF,IH2010,2020-08-25 09:33:28.400,3308.0000,193,0,20795820.000,0,-,-,-,-,3305.0000,3304.0000,3301.0000,3300.2000,3295.0000,3308.6000,3308.8000,3309.0000,3318.8000,3327.8000,1,1,1,1,1,1,1,1,1,1
SF,IH2010,2020-08-25 09:33:28.900,3308.0000,193,0,20795820.000,0,-,-,-,-,3305.0000,3304.0000,3301.0000,3300.2000,3295.0000,3308.6000,3308.8000,3309.0000,3318.8000,3327.8000,1,1,1,1,1,1,1,1,1,1
SF,IH2010,2020-08-25 09:33:29.400,3308.0000,193,0,20795820.000,0,-,-,-,-,3305.0000,3304.0000,3300.2000,3295.0000,3292.2000,3308.6000,3308.8000,3309.0000,3318.8000,3327.8000,1,2,1,1,1,1,1,1,1,1
SF,IH2010,2020-08-25 09:33:29.900,3308.0000,193,0,20795820.000,0,-,-,-,-,3305.2000,3305.0000,3304.0000,3300.2000,3295.0000,3308.8000,3309.0000,3318.8000,3327.8000,3329.0000,1,1,1,1,1,1,1,1,1,1
SF,IH2010,2020-08-25 09:33:30.400,3308.0000,193,0,20795820.000,0,-,-,-,-,3305.4000,3305.2000,3304.0000,3300.2000,3295.0000,3308.8000,3309.0000,3318.8000,3327.8000,3329.0000,1,1,1,1,1,1,1,1,1,1
SF,IH2010,2020-08-25 09:33:30.900,3308.8000,192,-1,21788460.000,1,0,1,双平,S,3305.4000,3305.2000,3304.0000,3300.2000,3295.0000,3309.0000,3318.8000,3327.8000,3329.0000,3342.4000,1,1,1,1,1,1,1,1,1,4
SF,IH2010,2020-08-25 09:33:31.400,3309.0000,191,-1,22781160.000,1,0,1,双平,S,3305.4000,3305.2000,3304.0000,3300.2000,3295.0000,3318.8000,3327.8000,3329.0000,3342.4000,3344.2000,1,1,1,1,1,1,1,1,4,1
SF,IH2010,2020-08-25 09:33:31.900,3309.0000,191,0,22781160.000,0,-,-,-,-,3305.2000,3304.0000,3300.2000,3295.0000,3292.2000,3311.4000,3318.0000,3318.6000,3318.8000,3327.8000,1,1,1,1,1,3,1,3,1,1
SF,IH2010,2020-08-25 09:33:32.400,3309.0000,191,0,22781160.000,0,-,-,-,-,3305.4000,3305.2000,3304.0000,3300.2000,3295.0000,3318.6000,3318.8000,3327.8000,3329.0000,3342.4000,1,1,1,1,1,4,1,1,1,4
SF,IH2010,2020-08-25 09:33:32.900,3309.0000,191,0,22781160.000,0,-,-,-,-,3306.2000,3304.0000,3300.2000,3295.0000,3288.0000,3318.0000,3318.6000,3318.8000,3327.8000,3329.0000,1,1,1,1,1,1,4,1,1,1
SF,IH2010,2020-08-25 09:33:33.400,3309.0000,191,0,22781160.000,0,-,-,-,-,3306.4000,3304.0000,3300.2000,3295.0000,3288.0000,3311.8000,3316.4000,3317.8000,3318.0000,3318.4000,1,1,1,1,1,3,2,1,1,1
SF,IH2010,2020-08-25 09:33:33.900,3309.0000,191,0,22781160.000,0,-,-,-,-,3306.6000,3306.4000,3304.0000,3300.2000,3295.0000,3316.4000,3317.8000,3318.6000,3318.8000,3327.8000,1,1,1,1,1,2,1,2,1,1
SF,IH2010,2020-08-25 09:33:34.400,3309.0000,191,0,22781160.000,0,-,-,-,-,3304.0000,3300.2000,3295.0000,3288.0000,3282.2000,3316.2000,3316.4000,3318.6000,3318.8000,3326.2000,1,1,1,1,1,1,2,2,1,3
SF,IH2010,2020-08-25 09:33:34.900,3309.0000,191,0,22781160.000,0,-,-,-,-,3304.2000,3304.0000,3300.2000,3295.0000,3288.0000,3316.2000,3316.4000,3318.6000,3318.8000,3326.2000,1,1,1,1,1,1,2,1,1,3
SF,IH2010,2020-08-25 09:33:35.400,3309.0000,191,0,22781160.000,0,-,-,-,-,3304.2000,3304.0000,3295.0000,3288.0000,3282.2000,3316.0000,3316.2000,3316.4000,3318.6000,3318.8000,1,1,1,1,1,1,1,2,1,1
SF,IH2010,2020-08-25 09:33:35.900,3309.0000,191,0,22781160.000,0,-,-,-,-,3305.4000,3304.4000,3304.2000,3304.0000,3295.0000,3315.8000,3316.0000,3316.4000,3318.6000,3318.8000,1,1,1,1,1,1,1,2,1,1
SF,IH2010,2020-08-25 09:33:36.400,3309.0000,191,0,22781160.000,0,-,-,-,-,3305.6000,3305.4000,3304.4000,3304.0000,3295.0000,3315.8000,3316.0000,3316.4000,3318.6000,3318.8000,1,2,1,1,1,1,1,2,1,1
SF,IH2010,2020-08-25 09:33:36.900,3309.0000,191,0,22781160.000,0,-,-,-,-,3305.6000,3305.4000,3304.4000,3304.0000,3295.0000,3315.0000,3315.8000,3316.0000,3318.6000,3318.8000,1,2,1,1,1,2,1,1,1,1
SF,IH2010,2020-08-25 09:33:37.400,3309.0000,191,0,22781160.000,0,-,-,-,-,3306.4000,3305.6000,3305.4000,3304.4000,3304.0000,3314.8000,3315.0000,3316.0000,3318.6000,3318.8000,1,1,1,1,1,1,2,1,1,1
SF,IH2010,2020-08-25 09:33:37.900,3309.0000,191,0,22781160.000,0,-,-,-,-,3306.6000,3306.4000,3305.4000,3304.4000,3304.0000,3314.8000,3315.0000,3316.0000,3318.6000,3318.8000,1,1,1,1,1,1,2,1,1,1
SF,IH2010,2020-08-25 09:33:38.400,3309.0000,191,0,22781160.000,0,-,-,-,-,3307.4000,3306.6000,3306.4000,3305.4000,3304.4000,3314.8000,3315.0000,3316.0000,3318.6000,3318.8000,1,1,1,1,1,1,2,1,1,1
SF,IH2010,2020-08-25 09:33:38.900,3309.0000,191,0,22781160.000,0,-,-,-,-,3307.6000,3307.4000,3307.0000,3305.4000,3304.4000,3314.8000,3315.0000,3316.0000,3318.6000,3318.8000,1,1,1,1,1,1,2,1,1,1
SF,IH2010,2020-08-25 09:33:39.400,3309.0000,191,0,22781160.000,0,-,-,-,-,3307.6000,3307.4000,3307.0000,3305.4000,3304.4000,3314.4000,3314.8000,3316.0000,3318.6000,3318.8000,1,1,1,1,1,2,1,1,1,1
SF,IH2010,2020-08-25 09:33:39.900,3309.0000,191,0,22781160.000,0,-,-,-,-,3307.6000,3305.4000,3304.4000,3304.0000,3295.0000,3314.2000,3314.4000,3316.0000,3318.6000,3318.8000,1,1,1,1,1,1,2,1,1,1
SF,IH2010,2020-08-25 09:33:40.400,3309.0000,191,0,22781160.000,0,-,-,-,-,3307.8000,3305.4000,3304.4000,3304.0000,3295.0000,3314.2000,3318.6000,3318.8000,3326.2000,3327.8000,1,1,1,1,1,1,1,1,3,1
SF,IH2010,2020-08-25 09:33:40.900,3309.0000,191,0,22781160.000,0,-,-,-,-,3305.4000,3304.4000,3304.0000,3295.0000,3288.0000,3313.4000,3314.0000,3314.2000,3318.6000,3318.8000,1,1,1,1,1,2,1,1,1,1
SF,IH2010,2020-08-25 09:33:41.400,3309.0000,191,0,22781160.000,0,-,-,-,-,3305.6000,3305.4000,3304.4000,3304.0000,3295.0000,3313.2000,3313.4000,3314.0000,3318.6000,3318.8000,1,1,1,1,1,1,2,1,1,1
SF,IH2010,2020-08-25 09:33:41.900,3309.0000,191,0,22781160.000,0,-,-,-,-,3305.8000,3305.6000,3304.4000,3304.0000,3295.0000,3313.2000,3314.0000,3318.6000,3318.8000,3326.2000,1,1,1,1,1,1,1,1,1,3
SF,IH2010,2020-08-25 09:33:42.400,3309.0000,191,0,22781160.000,0,-,-,-,-,3306.0000,3305.8000,3304.4000,3304.0000,3295.0000,3312.4000,3312.6000,3313.2000,3314.0000,3318.6000,1,1,1,1,1,2,1,1,1,1
SF,IH2010,2020-08-25 09:33:42.900,3309.0000,191,0,22781160.000,0,-,-,-,-,3306.0000,3305.8000,3304.4000,3304.0000,3295.0000,3312.4000,3312.6000,3313.2000,3314.0000,3318.6000,1,1,1,1,1,2,1,1,1,1
SF,IH2010,2020-08-25 09:33:43.400,3309.0000,191,0,22781160.000,0,-,-,-,-,3306.0000,3304.4000,3304.0000,3295.0000,3288.0000,3314.0000,3318.6000,3318.8000,3326.2000,3327.8000,1,1,1,1,1,1,1,1,3,1
SF,IH2010,2020-08-25 09:33:43.900,3309.0000,191,0,22781160.000,0,-,-,-,-,3306.0000,3304.4000,3304.0000,3295.0000,3288.0000,3313.8000,3314.0000,3318.6000,3318.8000,3326.2000,1,1,1,1,1,1,1,1,1,3
SF,IH2010,2020-08-25 09:33:44.400,3309.0000,191,0,22781160.000,0,-,-,-,-,3306.2000,3306.0000,3304.0000,3295.0000,3288.0000,3313.8000,3318.6000,3318.8000,3326.2000,3327.8000,1,1,1,1,1,1,1,1,3,1
SF,IH2010,2020-08-25 09:33:44.900,3309.0000,191,0,22781160.000,0,-,-,-,-,3306.6000,3306.4000,3306.2000,3304.0000,3295.0000,3318.6000,3318.8000,3326.2000,3327.8000,3329.0000,1,1,2,1,1,1,1,3,1,1
SF,IH2010,2020-08-25 09:33:45.400,3309.0000,191,0,22781160.000,0,-,-,-,-,3306.2000,3304.0000,3295.0000,3288.0000,3282.2000,3318.4000,3318.6000,3318.8000,3326.2000,3327.8000,2,1,1,1,1,1,1,1,3,1
SF,IH2010,2020-08-25 09:33:45.900,3309.0000,191,0,22781160.000,0,-,-,-,-,3306.4000,3306.2000,3304.0000,3295.0000,3288.0000,3318.4000,3318.6000,3318.8000,3326.2000,3327.8000,1,1,1,1,1,3,1,1,3,1
SF,IH2010,2020-08-25 09:33:46.400,3309.0000,191,0,22781160.000,0,-,-,-,-,3306.4000,3306.2000,3304.0000,3295.0000,3288.0000,3318.4000,3318.6000,3318.8000,3326.2000,3327.8000,1,1,1,1,1,3,1,1,3,1
SF,IH2010,2020-08-25 09:33:46.900,3309.0000,191,0,22781160.000,0,-,-,-,-,3306.8000,3306.4000,3306.2000,3304.0000,3295.0000,3318.4000,3318.6000,3318.8000,3326.2000,3327.8000,1,1,2,1,1,3,1,1,3,1
SF,IH2010,2020-08-25 09:33:47.400,3309.0000,191,0,22781160.000,0,-,-,-,-,3307.2000,3307.0000,3306.8000,3306.2000,3304.0000,3316.6000,3318.4000,3318.8000,3326.2000,3327.8000,1,1,1,2,1,1,3,1,3,1
SF,IH2010,2020-08-25 09:33:47.900,3309.0000,191,0,22781160.000,0,-,-,-,-,3307.4000,3307.2000,3306.8000,3306.2000,3304.0000,3316.4000,3316.6000,3318.4000,3318.8000,3326.2000,1,1,1,1,1,1,1,2,1,3
SF,IH2010,2020-08-25 09:33:48.400,3309.0000,191,0,22781160.000,0,-,-,-,-,3309.0000,3307.4000,3307.2000,3306.8000,3306.2000,3316.4000,3318.4000,3318.8000,3326.2000,3327.8000,1,1,1,1,1,1,1,1,3,1
SF,IH2010,2020-08-25 09:33:48.900,3309.0000,191,0,22781160.000,0,-,-,-,-,3309.2000,3309.0000,3307.2000,3306.8000,3306.2000,3316.2000,3316.4000,3318.4000,3318.8000,3326.2000,1,1,1,1,1,1,1,1,1,3
SF,IH2010,2020-08-25 09:33:49.400,3309.0000,191,0,22781160.000,0,-,-,-,-,3309.2000,3309.0000,3307.2000,3306.8000,3306.2000,3316.0000,3316.2000,3318.4000,3318.8000,3326.2000,1,1,1,1,1,3,1,1,1,3
SF,IH2010,2020-08-25 09:33:49.900,3309.0000,191,0,22781160.000,0,-,-,-,-,3309.2000,3306.8000,3306.2000,3304.0000,3295.0000,3316.0000,3316.2000,3318.4000,3318.8000,3326.2000,1,1,1,1,1,3,1,1,1,3
SF,IH2010,2020-08-25 09:33:50.400,3309.0000,191,0,22781160.000,0,-,-,-,-,3306.8000,3306.2000,3304.0000,3295.0000,3288.0000,3316.0000,3316.2000,3318.4000,3318.8000,3326.2000,1,1,1,1,1,3,1,1,1,3
SF,IH2010,2020-08-25 09:33:50.900,3309.0000,191,0,22781160.000,0,-,-,-,-,3307.0000,3306.8000,3306.2000,3304.0000,3295.0000,3316.0000,3316.2000,3318.4000,3318.8000,3326.2000,1,1,1,1,1,3,1,1,1,3
SF,IH2010,2020-08-25 09:33:51.400,3309.0000,191,0,22781160.000,0,-,-,-,-,3307.0000,3306.8000,3306.2000,3304.0000,3295.0000,3315.0000,3316.0000,3316.2000,3318.4000,3318.8000,1,1,1,1,1,1,3,1,1,1
SF,IH2010,2020-08-25 09:33:51.900,3309.0000,191,0,22781160.000,0,-,-,-,-,3308.0000,3307.0000,3306.8000,3306.2000,3304.0000,3314.8000,3315.0000,3316.2000,3318.4000,3318.8000,2,1,1,1,1,1,1,1,1,1
SF,IH2010,2020-08-25 09:33:52.400,3309.0000,191,0,22781160.000,0,-,-,-,-,3308.2000,3308.0000,3306.8000,3306.2000,3304.0000,3314.8000,3315.0000,3316.2000,3318.4000,3318.8000,1,2,1,1,1,3,1,1,1,1
SF,IH2010,2020-08-25 09:33:52.900,3309.0000,191,0,22781160.000,0,-,-,-,-,3308.2000,3308.0000,3306.8000,3306.2000,3304.0000,3314.8000,3315.0000,3318.4000,3318.8000,3326.2000,1,2,1,1,1,3,1,1,1,3
SF,IH2010,2020-08-25 09:33:53.400,3309.0000,191,0,22781160.000,0,-,-,-,-,3308.6000,3308.2000,3306.8000,3306.2000,3304.0000,3314.2000,3314.6000,3314.8000,3315.0000,3318.4000,1,1,1,1,1,2,1,1,1,1
SF,IH2010,2020-08-25 09:33:53.900,3309.0000,191,0,22781160.000,0,-,-,-,-,3308.8000,3308.6000,3306.8000,3306.2000,3304.0000,3314.0000,3314.2000,3314.6000,3315.0000,3318.4000,1,1,1,1,1,1,2,1,1,1
SF,IH2010,2020-08-25 09:33:54.400,3309.0000,191,0,22781160.000,0,-,-,-,-,3308.8000,3308.6000,3306.8000,3306.2000,3304.0000,3314.0000,3314.2000,3314.6000,3315.0000,3318.4000,1,1,1,1,1,1,2,1,1,1
SF,IH2010,2020-08-25 09:33:54.900,3314.2000,191,0,23775420.000,1,0,1,多换,S,3308.8000,3306.8000,3306.2000,3304.0000,3295.0000,3314.2000,3314.6000,3315.0000,3318.4000,3318.8000,1,1,1,1,1,1,1,1,1,1
SF,IH2010,2020-08-25 09:33:55.400,3314.2000,191,0,23775420.000,0,-,-,-,-,3308.8000,3306.8000,3306.2000,3304.0000,3295.0000,3314.6000,3318.4000,3318.8000,3326.2000,3329.0000,1,1,1,1,1,1,1,1,3,1
SF,IH2010,2020-08-25 09:33:55.900,3314.2000,191,0,23775420.000,0,-,-,-,-,3308.8000,3306.2000,3304.0000,3295.0000,3288.0000,3314.6000,3318.4000,3318.8000,3326.2000,3329.0000,1,1,1,1,1,1,1,1,3,1
SF,IH2010,2020-08-25 09:33:56.400,3314.2000,191,0,23775420.000,0,-,-,-,-,3308.8000,3306.2000,3304.0000,3295.0000,3288.0000,3314.4000,3314.6000,3318.4000,3318.8000,3326.2000,1,1,1,1,1,1,1,1,1,3
SF,IH2010,2020-08-25 09:33:56.900,3314.2000,191,0,23775420.000,0,-,-,-,-,3308.8000,3306.2000,3304.0000,3295.0000,3288.0000,3314.0000,3314.4000,3314.6000,3318.4000,3318.8000,1,1,1,1,1,1,1,1,1,1
SF,IH2010,2020-08-25 09:33:57.400,3314.2000,191,0,23775420.000,0,-,-,-,-,3308.8000,3306.2000,3304.0000,3295.0000,3288.0000,3313.8000,3314.0000,3314.6000,3318.4000,3318.8000,1,1,1,1,1,2,1,1,1,1
SF,IH2010,2020-08-25 09:33:57.900,3314.2000,191,0,23775420.000,0,-,-,-,-,3308.8000,3306.2000,3304.0000,3295.0000,3288.0000,3313.6000,3313.8000,3314.6000,3318.4000,3318.8000,1,1,1,1,1,1,1,1,1,1
SF,IH2010,2020-08-25 09:33:58.400,3314.2000,191,0,23775420.000,0,-,-,-,-,3308.8000,3306.2000,3304.0000,3295.0000,3288.0000,3313.6000,3314.6000,3318.4000,3318.8000,3326.2000,1,1,1,1,1,1,1,1,1,3
SF,IH2010,2020-08-25 09:33:58.900,3314.2000,191,0,23775420.000,0,-,-,-,-,3308.8000,3306.2000,3304.0000,3295.0000,3288.0000,3314.6000,3314.8000,3318.4000,3318.8000,3326.2000,1,1,1,1,1,1,1,1,1,3
SF,IH2010,2020-08-25 09:33:59.400,3314.2000,191,0,23775420.000,0,-,-,-,-,3308.8000,3306.2000,3304.0000,3295.0000,3288.0000,3314.4000,3314.6000,3314.8000,3318.4000,3318.8000,1,1,1,1,1,1,1,1,1,1
SF,IH2010,2020-08-25 09:33:59.900,3314.2000,191,0,23775420.000,0,-,-,-,-,3308.8000,3306.2000,3304.0000,3295.0000,3288.0000,3314.4000,3314.8000,3318.4000,3318.8000,3326.2000,1,1,1,1,1,1,1,1,1,3
SF,IH2010,2020-08-25 09:34:00.400,3314.2000,191,0,23775420.000,0,-,-,-,-,3308.8000,3306.2000,3305.8000,3304.0000,3295.0000,3314.4000,3318.4000,3318.8000,3326.2000,3329.0000,1,1,1,1,1,1,1,1,3,1
SF,IH2010,2020-08-25 09:34:00.900,3314.2000,191,0,23775420.000,0,-,-,-,-,3309.0000,3308.8000,3306.2000,3305.8000,3304.0000,3314.2000,3314.4000,3318.4000,3318.8000,3326.2000,1,1,1,1,1,1,1,1,1,3
SF,IH2010,2020-08-25 09:34:01.400,3314.2000,191,0,23775420.000,0,-,-,-,-,3309.2000,3309.0000,3306.2000,3305.8000,3304.0000,3313.6000,3314.2000,3318.4000,3318.8000,3326.2000,1,1,1,1,1,1,1,1,1,3
SF,IH2010,2020-08-25 09:34:01.900,3314.2000,191,0,23775420.000,0,-,-,-,-,3309.2000,3309.0000,3306.2000,3305.8000,3304.0000,3313.6000,3313.8000,3318.4000,3318.8000,3326.2000,1,1,1,1,1,1,1,1,1,3
SF,IH2010,2020-08-25 09:34:02.400,3314.2000,191,0,23775420.000,0,-,-,-,-,3309.4000,3309.2000,3306.2000,3305.8000,3304.0000,3313.6000,3313.8000,3318.4000,3318.8000,3326.2000,1,1,1,1,1,1,1,1,1,3
SF,IH2010,2020-08-25 09:34:02.900,3314.2000,191,0,23775420.000,0,-,-,-,-,3309.6000,3309.4000,3306.2000,3305.8000,3304.0000,3313.8000,3318.8000,3326.2000,3329.0000,3337.4000,1,1,1,1,1,1,1,3,1,1
SF,IH2010,2020-08-25 09:34:03.400,3314.2000,191,0,23775420.000,0,-,-,-,-,3309.6000,3309.4000,3306.2000,3305.8000,3304.0000,3313.8000,3318.8000,3326.2000,3329.0000,3337.4000,1,1,1,1,1,1,1,3,1,1
SF,IH2010,2020-08-25 09:34:03.900,3314.2000,191,0,23775420.000,0,-,-,-,-,3309.6000,3309.4000,3306.2000,3305.8000,3304.0000,3313.8000,3318.8000,3326.2000,3329.0000,3337.4000,1,1,1,1,1,1,1,3,1,1
SF,IH2010,2020-08-25 09:34:04.400,3314.2000,191,0,23775420.000,0,-,-,-,-,3309.6000,3309.4000,3306.2000,3305.8000,3304.0000,3313.8000,3318.8000,3326.2000,3329.0000,3337.4000,1,1,1,1,1,1,1,3,1,1
SF,IH2010,2020-08-25 09:34:04.900,3314.2000,191,0,23775420.000,0,-,-,-,-,3309.8000,3309.6000,3309.4000,3306.2000,3305.8000,3313.8000,3318.8000,3326.2000,3329.0000,3337.4000,1,1,1,1,1,1,1,3,1,1
SF,IH2010,2020-08-25 09:34:05.400,3314.2000,191,0,23775420.000,0,-,-,-,-,3310.0000,3309.8000,3309.4000,3306.2000,3305.8000,3313.8000,3318.8000,3326.2000,3329.0000,3337.4000,1,1,1,1,1,1,1,3,1,1
SF,IH2010,2020-08-25 09:34:05.900,3314.2000,191,0,23775420.000,0,-,-,-,-,3310.0000,3309.8000,3306.2000,3305.8000,3304.0000,3313.8000,3318.8000,3326.2000,3329.0000,3337.4000,1,1,1,1,1,1,1,3,1,1
SF,IH2010,2020-08-25 09:34:06.400,3314.2000,191,0,23775420.000,0,-,-,-,-,3310.0000,3309.8000,3306.2000,3305.8000,3304.0000,3313.4000,3313.6000,3313.8000,3318.8000,3326.2000,1,1,1,1,1,1,1,1,1,3
SF,IH2010,2020-08-25 09:34:06.900,3314.2000,191,0,23775420.000,0,-,-,-,-,3306.2000,3305.8000,3304.0000,3295.0000,3288.0000,3313.2000,3313.4000,3313.8000,3318.8000,3326.2000,1,1,1,1,1,1,1,1,1,3
SF,IH2010,2020-08-25 09:34:07.400,3314.2000,191,0,23775420.000,0,-,-,-,-,3306.4000,3306.2000,3305.8000,3304.0000,3295.0000,3313.4000,3313.8000,3318.8000,3326.2000,3329.0000,1,1,1,1,1,1,1,1,3,1
SF,IH2010,2020-08-25 09:34:07.900,3314.2000,191,0,23775420.000,0,-,-,-,-,3308.2000,3306.4000,3306.2000,3305.8000,3304.0000,3313.4000,3313.8000,3318.8000,3326.2000,3329.0000,1,1,1,1,1,1,1,1,3,1
SF,IH2010,2020-08-25 09:34:08.400,3314.2000,191,0,23775420.000,0,-,-,-,-,3308.4000,3308.2000,3306.2000,3305.8000,3304.0000,3313.4000,3313.8000,3318.8000,3326.2000,3329.0000,1,1,1,1,1,1,1,1,3,1
SF,IH2010,2020-08-25 09:34:08.900,3314.2000,191,0,23775420.000,0,-,-,-,-,3308.4000,3308.2000,3306.2000,3305.8000,3304.0000,3313.4000,3313.8000,3318.8000,3326.2000,3329.0000,1,1,1,1,1,1,1,1,3,1
SF,IH2010,2020-08-25 09:34:09.400,3314.2000,191,0,23775420.000,0,-,-,-,-,3308.4000,3308.2000,3306.2000,3305.8000,3304.0000,3313.4000,3313.8000,3318.8000,3326.2000,3329.0000,1,1,1,1,1,1,1,1,3,1
SF,IH2010,2020-08-25 09:34:09.900,3314.2000,191,0,23775420.000,0,-,-,-,-,3308.4000,3308.2000,3306.2000,3305.8000,3304.0000,3313.4000,3313.8000,3318.8000,3326.2000,3329.0000,1,1,1,1,1,1,1,1,3,1
SF,IH2010,2020-08-25 09:34:10.400,3314.2000,191,0,23775420.000,0,-,-,-,-,3308.8000,3308.4000,3306.2000,3305.8000,3304.0000,3313.2000,3313.4000,3313.8000,3318.8000,3326.2000,1,1,1,1,1,1,1,1,1,3
SF,IH2010,2020-08-25 09:34:12.400,3314.2000,191,0,23775420.000,0,-,-,-,-,3308.4000,3306.2000,3305.8000,3304.0000,3295.0000,3313.2000,3313.4000,3313.8000,3318.8000,3326.2000,1,1,1,1,1,1,1,1,1,3
SF,IH2010,2020-08-25 09:34:12.900,3314.2000,191,0,23775420.000,0,-,-,-,-,3307.0000,3306.2000,3305.8000,3295.0000,3288.0000,3313.0000,3313.2000,3313.4000,3313.8000,3318.8000,1,1,1,1,1,1,1,1,1,1
SF,IH2010,2020-08-25 09:34:13.400,3314.2000,191,0,23775420.000,0,-,-,-,-,3307.0000,3306.2000,3305.8000,3295.0000,3288.0000,3312.8000,3313.0000,3313.8000,3318.8000,3326.2000,1,1,1,1,1,1,2,1,1,3
SF,IH2010,2020-08-25 09:34:13.900,3314.2000,191,0,23775420.000,0,-,-,-,-,3307.2000,3307.0000,3306.2000,3305.8000,3295.0000,3312.4000,3312.6000,3312.8000,3313.8000,3318.8000,1,1,1,1,1,1,1,1,1,1
SF,IH2010,2020-08-25 09:34:14.400,3314.2000,191,0,23775420.000,0,-,-,-,-,3307.6000,3307.2000,3307.0000,3306.2000,3305.8000,3312.2000,3312.4000,3313.8000,3318.8000,3326.2000,1,1,1,1,1,1,1,1,1,3
SF,IH2010,2020-08-25 09:34:14.900,3314.2000,191,0,23775420.000,0,-,-,-,-,3307.8000,3307.6000,3307.0000,3306.2000,3305.8000,3312.2000,3312.4000,3313.8000,3318.8000,3326.2000,1,1,1,1,1,1,1,1,1,3
SF,IH2010,2020-08-25 09:34:15.400,3314.2000,191,0,23775420.000,0,-,-,-,-,3307.8000,3307.6000,3307.0000,3306.2000,3305.8000,3312.2000,3313.8000,3318.8000,3326.2000,3329.0000,1,1,1,1,1,1,1,1,3,1
SF,IH2010,2020-08-25 09:34:15.900,3314.2000,191,0,23775420.000,0,-,-,-,-,3307.8000,3307.6000,3307.0000,3305.8000,3295.0000,3312.2000,3313.8000,3318.8000,3326.2000,3329.0000,1,1,1,1,1,1,1,1,3,1
SF,IH2010,2020-08-25 09:34:16.400,3314.2000,191,0,23775420.000,0,-,-,-,-,3307.8000,3307.0000,3305.8000,3295.0000,3288.0000,3313.8000,3318.8000,3326.2000,3329.0000,3337.4000,1,1,1,1,1,1,1,3,1,1
SF,IH2010,2020-08-25 09:34:16.900,3314.2000,191,0,23775420.000,0,-,-,-,-,3307.8000,3307.0000,3305.8000,3295.0000,3288.0000,3313.6000,3313.8000,3318.8000,3326.2000,3329.0000,1,1,1,1,1,1,1,1,3,1
SF,IH2010,2020-08-25 09:34:17.400,3314.2000,191,0,23775420.000,0,-,-,-,-,3307.8000,3307.0000,3305.8000,3295.0000,3288.0000,3313.6000,3313.8000,3318.8000,3326.2000,3329.0000,1,1,1,1,1,2,1,1,3,1
SF,IH2010,2020-08-25 09:34:17.900,3314.2000,191,0,23775420.000,0,-,-,-,-,3307.8000,3307.0000,3305.8000,3295.0000,3288.0000,3313.2000,3313.6000,3313.8000,3318.8000,3326.2000,1,1,1,1,1,1,2,1,1,3
SF,IH2010,2020-08-25 09:34:18.400,3314.2000,191,0,23775420.000,0,-,-,-,-,3307.0000,3305.8000,3295.0000,3288.0000,3287.4000,3313.0000,3313.2000,3313.6000,3313.8000,3318.8000,1,1,1,1,1,1,1,1,1,1
SF,IH2010,2020-08-25 09:34:18.900,3314.2000,191,0,23775420.000,0,-,-,-,-,3307.0000,3305.8000,3295.0000,3288.0000,3287.4000,3313.0000,3313.2000,3313.6000,3313.8000,3318.8000,1,1,1,1,1,1,1,1,1,1
SF,IH2010,2020-08-25 09:34:19.400,3314.2000,191,0,23775420.000,0,-,-,-,-,3307.2000,3307.0000,3305.8000,3295.0000,3288.0000,3313.0000,3313.6000,3313.8000,3318.8000,3326.2000,1,1,1,1,1,1,1,1,1,3
SF,IH2010,2020-08-25 09:34:19.900,3314.2000,191,0,23775420.000,0,-,-,-,-,3307.2000,3307.0000,3305.8000,3295.0000,3288.0000,3312.8000,3313.0000,3313.6000,3313.8000,3318.8000,1,1,1,1,1,1,1,1,1,1
SF,IH2010,2020-08-25 09:34:20.400,3314.2000,191,0,23775420.000,0,-,-,-,-,3307.2000,3307.0000,3305.8000,3295.0000,3288.0000,3312.6000,3312.8000,3313.6000,3313.8000,3318.8000,1,1,1,1,1,1,1,1,1,1
SF,IH2010,2020-08-25 09:34:20.900,3314.2000,191,0,23775420.000,0,-,-,-,-,3307.2000,3307.0000,3305.8000,3295.0000,3288.0000,3312.8000,3313.6000,3313.8000,3318.8000,3326.2000,1,1,1,1,1,1,1,1,1,3
SF,IH2010,2020-08-25 09:34:21.400,3314.2000,191,0,23775420.000,0,-,-,-,-,3307.2000,3307.0000,3305.8000,3295.0000,3288.0000,3312.8000,3313.8000,3318.8000,3326.2000,3329.0000,1,1,1,1,1,1,1,1,3,1
SF,IH2010,2020-08-25 09:34:24.900,3314.2000,191,0,23775420.000,0,-,-,-,-,3307.2000,3307.0000,3305.8000,3295.0000,3288.0000,3313.8000,3318.8000,3326.2000,3329.0000,3337.4000,1,1,1,1,1,1,1,3,1,1
SF,IH2010,2020-08-25 09:34:25.400,3314.2000,191,0,23775420.000,0,-,-,-,-,3307.2000,3307.0000,3305.8000,3295.0000,3288.0000,3313.6000,3313.8000,3318.8000,3326.2000,3329.0000,1,1,1,1,1,1,1,1,3,1
SF,IH2010,2020-08-25 09:34:25.900,3314.2000,191,0,23775420.000,0,-,-,-,-,3307.2000,3305.8000,3305.0000,3295.0000,3288.0000,3313.6000,3313.8000,3318.8000,3326.2000,3329.0000,1,1,1,1,1,1,1,1,3,1
SF,IH2010,2020-08-25 09:34:26.400,3314.2000,191,0,23775420.000,0,-,-,-,-,3307.2000,3305.8000,3305.0000,3295.0000,3288.0000,3313.2000,3313.6000,3313.8000,3318.8000,3326.2000,1,1,1,1,1,1,1,1,1,3
SF,IH2010,2020-08-25 09:34:29.400,3314.2000,191,0,23775420.000,0,-,-,-,-,3307.4000,3307.2000,3305.8000,3305.0000,3295.0000,3313.2000,3313.6000,3313.8000,3318.8000,3326.2000,1,1,1,1,1,1,1,1,1,3
SF,IH2010,2020-08-25 09:34:29.900,3314.2000,191,0,23775420.000,0,-,-,-,-,3307.6000,3307.4000,3305.8000,3305.0000,3295.0000,3313.6000,3313.8000,3318.8000,3326.2000,3329.0000,1,1,1,1,1,1,1,1,3,1
SF,IH2010,2020-08-25 09:34:30.400,3314.2000,191,0,23775420.000,0,-,-,-,-,3307.6000,3307.4000,3305.8000,3305.0000,3295.0000,3313.8000,3318.8000,3326.2000,3329.0000,3337.4000,1,1,1,1,1,1,1,3,1,1
SF,IH2010,2020-08-25 09:34:30.900,3314.2000,191,0,23775420.000,0,-,-,-,-,3307.6000,3307.4000,3305.8000,3305.0000,3295.0000,3313.8000,3318.8000,3326.2000,3329.0000,3337.4000,1,1,1,1,1,1,1,3,1,1
SF,IH2010,2020-08-25 09:34:31.400,3314.2000,191,0,23775420.000,0,-,-,-,-,3307.6000,3307.4000,3305.8000,3305.0000,3295.0000,3313.8000,3318.8000,3326.2000,3329.0000,3337.4000,1,1,1,1,1,1,1,3,1,1
SF,IH2010,2020-08-25 09:34:33.900,3314.2000,191,0,23775420.000,0,-,-,-,-,3308.4000,3307.6000,3307.4000,3305.8000,3305.0000,3313.8000,3318.8000,3326.2000,3329.0000,3337.4000,1,1,1,1,1,1,1,3,1,1
SF,IH2010,2020-08-25 09:34:34.400,3314.2000,191,0,23775420.000,0,-,-,-,-,3308.6000,3308.4000,3307.4000,3305.8000,3305.0000,3313.8000,3318.8000,3326.2000,3329.0000,3337.4000,1,1,1,1,1,1,1,3,1,1
SF,IH2010,2020-08-25 09:34:34.900,3314.2000,191,0,23775420.000,0,-,-,-,-,3308.6000,3308.4000,3307.4000,3305.8000,3305.0000,3313.8000,3318.8000,3326.2000,3329.0000,3337.4000,1,1,1,1,1,1,1,3,1,1
SF,IH2010,2020-08-25 09:34:35.400,3314.2000,191,0,23775420.000,0,-,-,-,-,3308.6000,3308.4000,3307.4000,3305.8000,3305.0000,3313.8000,3318.8000,3326.2000,3329.0000,3337.4000,1,1,1,1,1,1,1,3,1,1
SF,IH2010,2020-08-25 09:34:35.900,3314.2000,191,0,23775420.000,0,-,-,-,-,3308.6000,3308.4000,3307.4000,3305.8000,3305.0000,3313.8000,3318.8000,3326.2000,3329.0000,3337.4000,1,1,1,1,1,1,1,3,1,1
SF,IH2010,2020-08-25 09:34:36.400,3314.2000,191,0,23775420.000,0,-,-,-,-,3308.6000,3308.4000,3307.4000,3305.8000,3305.0000,3313.8000,3318.8000,3326.2000,3329.0000,3337.4000,1,1,1,1,1,1,1,3,1,1
SF,IH2010,2020-08-25 09:34:36.900,3314.2000,191,0,23775420.000,0,-,-,-,-,3309.6000,3308.6000,3308.4000,3307.4000,3305.8000,3313.8000,3318.8000,3326.2000,3329.0000,3337.4000,1,1,1,1,1,1,1,3,1,1
SF,IH2010,2020-08-25 09:34:37.400,3314.2000,191,0,23775420.000,0,-,-,-,-,3309.6000,3308.6000,3308.4000,3307.4000,3305.8000,3313.6000,3313.8000,3318.8000,3326.2000,3329.0000,1,1,1,1,1,1,1,1,3,1
SF,IH2010,2020-08-25 09:34:37.900,3314.2000,191,0,23775420.000,0,-,-,-,-,3309.8000,3309.6000,3308.4000,3307.4000,3305.8000,3313.8000,3318.8000,3326.2000,3329.0000,3337.4000,1,1,1,1,1,1,1,3,1,1
SF,IH2010,2020-08-25 09:34:39.900,3314.2000,191,0,23775420.000,0,-,-,-,-,3309.8000,3308.4000,3307.4000,3305.8000,3305.0000,3313.8000,3318.8000,3326.2000,3329.0000,3337.4000,1,1,1,1,1,1,1,3,1,1
SF,IH2010,2020-08-25 09:34:40.400,3314.2000,191,0,23775420.000,0,-,-,-,-,3309.8000,3308.4000,3307.4000,3305.8000,3305.0000,3313.8000,3318.8000,3326.2000,3329.0000,3337.4000,1,1,1,1,1,1,1,3,1,1
SF,IH2010,2020-08-25 09:34:40.900,3314.2000,191,0,23775420.000,0,-,-,-,-,3310.0000,3309.8000,3308.4000,3307.4000,3305.8000,3313.8000,3318.8000,3326.2000,3329.0000,3337.4000,1,1,1,1,1,1,1,3,1,1
SF,IH2010,2020-08-25 09:34:41.400,3314.2000,191,0,23775420.000,0,-,-,-,-,3310.8000,3310.2000,3310.0000,3307.4000,3305.8000,3313.8000,3318.8000,3326.2000,3329.0000,3337.4000,1,1,1,1,1,1,1,3,1,1
SF,IH2010,2020-08-25 09:34:41.900,3314.2000,191,0,23775420.000,0,-,-,-,-,3311.0000,3310.8000,3310.0000,3307.4000,3305.8000,3313.8000,3318.8000,3326.2000,3329.0000,3337.4000,1,1,1,1,1,1,1,3,1,1
SF,IH2010,2020-08-25 09:34:42.400,3313.8000,192,1,24769560.000,1,1,0,双开,S,3313.8000,3311.4000,3311.0000,3310.8000,3310.2000,3318.8000,3326.2000,3329.0000,3337.4000,3342.4000,3,1,1,1,1,1,3,1,1,4
SF,IH2010,2020-08-25 09:34:42.900,3313.8000,192,0,24769560.000,0,-,-,-,-,3311.4000,3310.2000,3307.4000,3305.0000,3301.0000,3318.6000,3318.8000,3326.2000,3329.0000,3337.4000,1,1,1,1,1,1,1,3,1,1
SF,IH2010,2020-08-25 09:34:43.400,3313.8000,192,0,24769560.000,0,-,-,-,-,3311.6000,3311.4000,3310.2000,3307.4000,3305.0000,3318.6000,3318.8000,3326.2000,3329.0000,3337.4000,1,1,1,1,1,2,1,3,1,1
SF,IH2010,2020-08-25 09:34:44.900,3313.8000,192,0,24769560.000,0,-,-,-,-,3311.6000,3311.4000,3310.2000,3307.4000,3305.0000,3318.0000,3318.6000,3318.8000,3326.2000,3329.0000,1,1,1,1,1,1,2,1,3,1
SF,IH2010,2020-08-25 09:34:45.400,3313.8000,192,0,24769560.000,0,-,-,-,-,3311.6000,3311.4000,3310.2000,3307.4000,3305.0000,3317.8000,3318.0000,3318.6000,3318.8000,3326.2000,1,1,1,1,1,1,1,1,1,3
SF,IH2010,2020-08-25 09:34:45.900,3313.8000,192,0,24769560.000,0,-,-,-,-,3311.6000,3311.4000,3310.2000,3307.4000,3305.0000,3317.6000,3317.8000,3318.0000,3318.6000,3318.8000,1,1,1,1,1,1,1,1,1,1
SF,IH2010,2020-08-25 09:34:46.400,3313.8000,192,0,24769560.000,0,-,-,-,-,3311.6000,3311.4000,3310.2000,3307.4000,3305.0000,3317.4000,3317.6000,3318.0000,3318.6000,3318.8000,1,1,1,1,1,1,1,1,1,1
SF,IH2010,2020-08-25 09:34:46.900,3317.4000,192,0,25764780.000,1,0,1,多换,S,3311.6000,3310.2000,3307.4000,3305.0000,3301.0000,3317.6000,3318.6000,3318.8000,3326.2000,3329.0000,1,1,1,1,1,1,1,1,3,1
SF,IH2010,2020-08-25 09:34:50.400,3317.4000,192,0,25764780.000,0,-,-,-,-,3312.0000,3311.6000,3310.2000,3307.4000,3305.0000,3317.0000,3317.6000,3318.6000,3318.8000,3326.2000,1,1,1,1,1,1,1,1,1,3
SF,IH2010,2020-08-25 09:34:50.900,3317.4000,192,0,25764780.000,0,-,-,-,-,3312.4000,3312.2000,3312.0000,3310.2000,3307.4000,3316.8000,3317.0000,3317.6000,3318.6000,3318.8000,1,1,1,1,1,1,1,1,1,1
SF,IH2010,2020-08-25 09:34:51.400,3317.4000,192,0,25764780.000,0,-,-,-,-,3312.6000,3312.4000,3312.0000,3310.2000,3307.4000,3317.0000,3317.6000,3318.6000,3318.8000,3326.2000,1,1,1,1,1,1,1,1,1,3
SF,IH2010,2020-08-25 09:34:51.900,3317.4000,192,0,25764780.000,0,-,-,-,-,3312.6000,3312.4000,3312.0000,3310.2000,3307.4000,3317.6000,3318.6000,3318.8000,3326.2000,3329.0000,1,1,1,1,1,1,1,1,3,1
SF,IH2010,2020-08-25 09:34:52.400,3317.4000,192,0,25764780.000,0,-,-,-,-,3312.6000,3312.4000,3312.0000,3310.2000,3307.4000,3318.0000,3318.6000,3318.8000,3326.2000,3329.0000,1,1,1,1,1,1,1,1,3,1
SF,IH2010,2020-08-25 09:34:52.900,3317.4000,192,0,25764780.000,0,-,-,-,-,3313.2000,3312.6000,3312.4000,3310.2000,3307.4000,3317.8000,3318.0000,3318.6000,3318.8000,3326.2000,1,1,1,1,1,1,1,1,1,3
SF,IH2010,2020-08-25 09:34:53.400,3317.4000,192,0,25764780.000,0,-,-,-,-,3313.4000,3313.2000,3312.4000,3310.2000,3307.4000,3317.8000,3318.0000,3318.6000,3318.8000,3326.2000,1,1,1,1,1,1,1,1,1,3
SF,IH2010,2020-08-25 09:34:53.900,3317.4000,192,0,25764780.000,0,-,-,-,-,3313.4000,3313.2000,3312.4000,3310.2000,3307.4000,3318.0000,3318.6000,3318.8000,3326.2000,3329.0000,1,1,1,1,1,1,1,1,3,1
SF,IH2010,2020-08-25 09:34:54.400,3317.4000,192,0,25764780.000,0,-,-,-,-,3313.4000,3313.2000,3312.4000,3310.2000,3307.4000,3318.0000,3318.6000,3318.8000,3326.2000,3329.0000,1,1,1,1,1,1,1,1,3,1
SF,IH2010,2020-08-25 09:34:54.900,3317.4000,192,0,25764780.000,0,-,-,-,-,3317.6000,3313.6000,3313.4000,3313.2000,3310.2000,3317.8000,3318.0000,3318.6000,3318.8000,3326.2000,1,1,1,1,1,1,1,1,1,3
SF,IH2010,2020-08-25 09:34:55.400,3317.6000,192,0,26760060.000,1,0,1,多换,S,3313.6000,3310.2000,3307.4000,3305.0000,3301.0000,3318.0000,3318.6000,3318.8000,3326.2000,3329.0000,1,1,1,1,1,1,1,1,3,1
SF,IH2010,2020-08-25 09:34:55.900,3317.6000,192,0,26760060.000,0,-,-,-,-,3313.8000,3313.6000,3310.2000,3307.4000,3305.0000,3318.0000,3318.6000,3318.8000,3326.2000,3329.0000,1,1,1,1,1,1,1,1,3,1
SF,IH2010,2020-08-25 09:34:56.400,3317.6000,192,0,26760060.000,0,-,-,-,-,3313.8000,3310.2000,3307.4000,3305.0000,3301.0000,3317.8000,3318.0000,3318.6000,3318.8000,3326.2000,1,1,1,1,1,1,1,1,1,3
SF,IH2010,2020-08-25 09:34:56.900,3317.6000,192,0,26760060.000,0,-,-,-,-,3313.8000,3310.2000,3307.4000,3305.0000,3301.0000,3317.8000,3318.0000,3318.6000,3318.8000,3326.2000,1,1,1,1,1,2,1,1,1,3
SF,IH2010,2020-08-25 09:34:57.400,3317.6000,192,0,26760060.000,0,-,-,-,-,3313.8000,3310.2000,3307.4000,3305.0000,3301.0000,3317.8000,3318.0000,3318.6000,3318.8000,3326.2000,1,1,1,1,1,2,1,1,1,3
SF,IH2010,2020-08-25 09:34:57.900,3317.6000,192,0,26760060.000,0,-,-,-,-,3310.2000,3307.4000,3305.0000,3301.0000,3288.0000,3317.8000,3318.0000,3318.6000,3318.8000,3326.2000,1,1,1,1,1,2,1,1,1,3
SF,IH2010,2020-08-25 09:34:58.400,3317.6000,192,0,26760060.000,0,-,-,-,-,3310.4000,3310.2000,3307.4000,3305.0000,3301.0000,3317.4000,3317.8000,3318.0000,3318.6000,3318.8000,1,1,1,1,1,1,1,1,1,1
SF,IH2010,2020-08-25 09:34:58.900,3317.6000,192,0,26760060.000,0,-,-,-,-,3310.4000,3310.2000,3305.0000,3301.0000,3288.0000,3317.4000,3318.0000,3318.6000,3318.8000,3326.2000,1,1,1,1,1,1,1,1,1,3
SF,IH2010,2020-08-25 09:34:59.400,3317.6000,192,0,26760060.000,0,-,-,-,-,3311.4000,3310.4000,3310.2000,3305.0000,3301.0000,3317.0000,3317.2000,3318.0000,3318.6000,3318.8000,1,1,1,1,1,1,2,1,1,1
SF,IH2010,2020-08-25 09:34:59.900,3317.6000,192,0,26760060.000,0,-,-,-,-,3311.6000,3311.4000,3310.2000,3305.0000,3301.0000,3317.0000,3317.2000,3318.0000,3318.6000,3318.8000,1,1,1,1,1,2,1,1,1,1
SF,IH2010,2020-08-25 09:35:00.400,3317.6000,192,0,26760060.000,0,-,-,-,-,3311.6000,3311.4000,3310.2000,3305.0000,3301.0000,3317.0000,3317.2000,3318.0000,3318.6000,3318.8000,1,1,1,1,1,1,1,1,1,1
SF,IH2010,2020-08-25 09:35:00.900,3317.6000,192,0,26760060.000,0,-,-,-,-,3311.6000,3311.4000,3310.2000,3305.0000,3301.0000,3317.2000,3318.0000,3318.6000,3318.8000,3326.2000,1,1,1,1,1,1,1,1,1,3
SF,IH2010,2020-08-25 09:35:01.400,3317.6000,192,0,26760060.000,0,-,-,-,-,3312.6000,3312.0000,3311.6000,3310.2000,3305.0000,3318.0000,3318.6000,3318.8000,3326.2000,3329.0000,1,1,1,1,1,1,1,1,3,1
SF,IH2010,2020-08-25 09:35:01.900,3317.6000,192,0,26760060.000,0,-,-,-,-,3312.8000,3312.6000,3312.0000,3311.8000,3310.2000,3318.0000,3318.6000,3318.8000,3326.2000,3329.0000,1,1,1,1,1,1,1,1,3,1
SF,IH2010,2020-08-25 09:35:02.400,3317.6000,192,0,26760060.000,0,-,-,-,-,3312.8000,3312.6000,3312.0000,3311.8000,3310.2000,3318.0000,3318.8000,3326.2000,3329.0000,3337.4000,1,1,1,1,1,1,1,3,1,1
SF,IH2010,2020-08-25 09:35:02.900,3317.6000,192,0,26760060.000,0,-,-,-,-,3313.6000,3312.8000,3312.0000,3311.8000,3310.2000,3318.0000,3318.8000,3326.2000,3329.0000,3337.4000,1,1,1,1,1,1,1,3,1,1
SF,IH2010,2020-08-25 09:35:03.400,3317.6000,192,0,26760060.000,0,-,-,-,-,3314.4000,3313.8000,3313.6000,3311.8000,3310.2000,3318.0000,3318.8000,3326.2000,3329.0000,3337.4000,1,1,1,1,1,1,1,3,1,1
SF,IH2010,2020-08-25 09:35:03.900,3317.6000,192,0,26760060.000,0,-,-,-,-,3314.6000,3314.4000,3313.6000,3311.8000,3310.2000,3318.0000,3318.8000,3326.2000,3329.0000,3337.4000,1,1,1,1,1,1,1,3,1,1
SF,IH2010,2020-08-25 09:35:04.400,3317.6000,192,0,26760060.000,0,-,-,-,-,3314.6000,3314.4000,3311.8000,3310.2000,3305.0000,3318.0000,3318.8000,3326.2000,3329.0000,3337.4000,1,1,1,1,1,1,1,3,1,1
SF,IH2010,2020-08-25 09:35:04.900,3317.6000,192,0,26760060.000,0,-,-,-,-,3314.6000,3311.8000,3310.2000,3305.0000,3301.0000,3318.0000,3318.8000,3326.2000,3329.0000,3337.4000,1,1,1,1,1,1,1,3,1,1
SF,IH2010,2020-08-25 09:35:05.400,3317.6000,192,0,26760060.000,0,-,-,-,-,3314.6000,3311.8000,3305.0000,3301.0000,3288.0000,3318.0000,3318.8000,3329.0000,3332.4000,3337.4000,1,1,1,1,1,1,1,1,3,1
SF,IH2010,2020-08-25 09:35:05.900,3317.6000,192,0,26760060.000,0,-,-,-,-,3314.6000,3311.8000,3305.0000,3301.0000,3288.0000,3318.0000,3318.8000,3329.0000,3332.4000,3337.4000,1,1,1,1,1,1,1,1,3,1
