市场代码,合约代码,时间,最新,持仓,增仓,成交额,成交量,开仓,平仓,成交类型,方向,买一价,买二价,买三价,买四价,买五价,卖一价,卖二价,卖三价,卖四价,卖五价,买一量,买二量,买三量,买四量,买五量,卖一量,卖二量,卖三量,卖四量,卖五量
SF,IH2007,2020-05-22 09:29:00.000,2774.2000,3123,0,4161300.000,5.000,-,-,-,-,2768.6000,2766.4000,2762.4000,2759.2000,2758.8000,2774.2000,2775.8000,2779.6000,2780.0000,2790.8000,2,1,4,2,1,3,1,1,1,4
SF,IH2007,2020-05-22 09:30:00.500,2768.6000,3122,-1,4991880.000,1,0,1,双平,S,2768.8000,2768.6000,2766.4000,2762.4000,2760.8000,2773.0000,2773.8000,2774.0000,2774.2000,2779.6000,1,1,1,4,1,1,1,2,3,1
SF,IH2007,2020-05-22 09:30:01.000,2768.6000,3122,0,4991880.000,0,-,-,-,-,2769.0000,2768.8000,2768.6000,2766.4000,2760.8000,2772.8000,2773.0000,2773.8000,2774.0000,2779.6000,2,1,1,1,1,1,1,1,1,1
SF,IH2007,2020-05-22 09:30:01.500,2768.6000,3122,0,4991880.000,0,-,-,-,-,2769.2000,2769.0000,2768.8000,2768.6000,2768.4000,2772.6000,2772.8000,2773.0000,2773.8000,2774.0000,4,2,1,1,1,1,1,1,1,1
SF,IH2007,2020-05-22 09:30:02.000,2768.6000,3122,0,4991880.000,0,-,-,-,-,2770.0000,2769.4000,2769.2000,2768.8000,2768.6000,2770.4000,2772.4000,2772.6000,2773.8000,2774.0000,1,2,1,1,1,1,1,2,1,1
SF,IH2007,2020-05-22 09:30:02.500,2770.4000,3122,0,5823000.000,1,0,1,多换,S,2770.4000,2770.0000,2769.4000,2769.2000,2768.8000,2772.4000,2772.6000,2774.0000,2777.8000,2782.6000,1,1,2,1,1,1,1,1,5,3
SF,IH2007,2020-05-22 09:30:03.000,2770.4000,3122,0,5823000.000,0,-,-,-,-,2770.6000,2770.4000,2770.0000,2769.4000,2769.2000,2772.4000,2774.0000,2777.8000,2782.6000,2783.8000,2,1,1,1,1,1,1,5,3,3
SF,IH2007,2020-05-22 09:30:03.500,2772.4000,3122,0,7486440.000,2,1,1,多换,S,2770.8000,2770.6000,2770.4000,2770.0000,2769.2000,2774.0000,2777.8000,2782.6000,2783.8000,2786.0000,1,2,1,1,1,1,5,3,3,1
SF,IH2007,2020-05-22 09:30:04.000,2772.4000,3122,0,7486440.000,0,-,-,-,-,2772.4000,2771.0000,2770.8000,2770.4000,2770.0000,2774.0000,2777.8000,2782.6000,2783.8000,2786.0000,2,2,1,1,1,1,5,3,3,1
SF,IH2007,2020-05-22 09:30:04.500,2774.0000,3121,-1,8318640.000,1,0,1,双平,S,2772.6000,2772.4000,2771.0000,2770.4000,2770.0000,2773.8000,2777.8000,2782.6000,2783.8000,2786.0000,1,2,2,1,1,1,5,3,3,1
SF,IH2007,2020-05-22 09:30:05.000,2774.0000,3121,0,8318640.000,0,-,-,-,-,2774.0000,2773.8000,2772.8000,2772.6000,2772.4000,2777.8000,2782.6000,2783.8000,2786.0000,2826.8000,1,1,1,1,2,5,3,3,1,1
SF,IH2007,2020-05-22 09:30:05.500,2774.0000,3122,1,10815240.000,3,2,1,空开,S,2773.8000,2772.4000,2770.0000,2769.6000,2768.6000,2776.0000,2777.6000,2777.8000,2782.6000,2783.8000,1,2,1,1,1,1,4,6,3,3
SF,IH2007,2020-05-22 09:30:06.000,2773.8000,3121,-1,11647380.000,1,0,1,双平,S,2772.4000,2770.0000,2769.6000,2768.6000,2759.2000,2775.8000,2776.0000,2777.6000,2777.8000,2782.6000,2,1,1,1,3,3,1,1,6,3
SF,IH2007,2020-05-22 09:30:06.500,2773.8000,3121,0,11647380.000,0,-,-,-,-,2772.6000,2772.4000,2770.0000,2769.6000,2768.6000,2775.8000,2776.0000,2777.6000,2781.6000,2782.6000,1,2,1,1,1,3,1,1,5,3
SF,IH2007,2020-05-22 09:30:07.000,2773.8000,3121,0,11647380.000,0,-,-,-,-,2772.6000,2772.4000,2770.0000,2769.6000,2768.6000,2775.2000,2775.8000,2781.6000,2782.6000,2783.8000,1,2,1,1,1,1,3,5,3,3
SF,IH2007,2020-05-22 09:30:07.500,2773.8000,3121,0,11647380.000,0,-,-,-,-,2772.8000,2772.6000,2772.4000,2770.0000,2769.6000,2775.0000,2775.2000,2781.6000,2782.6000,2783.8000,1,1,2,1,1,3,1,5,3,3
SF,IH2007,2020-05-22 09:30:08.000,2773.8000,3121,0,11647380.000,0,-,-,-,-,2773.0000,2772.8000,2772.4000,2770.0000,2769.6000,2774.0000,2774.8000,2775.0000,2781.6000,2782.6000,1,1,2,1,1,1,1,3,5,3
SF,IH2007,2020-05-22 09:30:08.500,2774.0000,3120,-1,12479580.000,1,0,1,双平,S,2773.0000,2772.4000,2770.0000,2769.6000,2768.6000,2774.8000,2775.0000,2776.2000,2781.6000,2782.6000,1,2,1,1,1,1,3,1,5,3
SF,IH2007,2020-05-22 09:30:09.000,2774.0000,3120,0,13311780.000,1,0,1,多换,S,2772.4000,2770.0000,2768.6000,2759.2000,2758.8000,2773.0000,2773.8000,2774.6000,2774.8000,2775.0000,2,1,1,3,5,1,1,2,1,1
SF,IH2007,2020-05-22 09:30:09.500,2773.0000,3120,0,15807720.000,3,1,2,多换,S,2772.4000,2770.0000,2768.6000,2759.2000,2758.8000,2773.8000,2774.6000,2776.2000,2776.8000,2781.6000,2,1,1,3,5,1,2,1,1,5
SF,IH2007,2020-05-22 09:30:10.000,2772.6000,3120,0,16639500.000,1,0,1,多换,S,2772.6000,2772.4000,2770.0000,2768.6000,2759.2000,2773.6000,2774.6000,2776.2000,2776.8000,2781.6000,1,2,1,1,3,1,3,1,1,5
SF,IH2007,2020-05-22 09:30:10.500,2772.4000,3119,-1,18303000.000,2,0,2,多平,S,2770.0000,2768.6000,2759.2000,2758.8000,2758.0000,2773.6000,2774.6000,2776.2000,2776.8000,2781.6000,1,1,3,5,3,2,3,1,1,5
SF,IH2007,2020-05-22 09:30:11.000,2772.4000,3119,0,18303000.000,0,-,-,-,-,2770.2000,2770.0000,2768.6000,2759.2000,2758.8000,2772.6000,2773.4000,2773.6000,2774.6000,2776.2000,2,1,1,3,5,1,1,2,1,1
SF,IH2007,2020-05-22 09:30:11.500,2772.4000,3119,0,18303000.000,0,-,-,-,-,2770.6000,2770.2000,2770.0000,2768.6000,2759.2000,2772.4000,2773.6000,2774.6000,2776.2000,2776.8000,3,2,1,1,3,1,1,1,1,1
SF,IH2007,2020-05-22 09:30:12.000,2772.4000,3119,0,18303000.000,0,-,-,-,-,2771.0000,2770.8000,2770.0000,2768.6000,2759.2000,2772.4000,2773.6000,2774.6000,2776.2000,2781.6000,1,2,1,1,3,1,1,1,1,5
SF,IH2007,2020-05-22 09:30:12.500,2771.2000,3118,-1,20797080.000,3,1,2,多平,S,2770.8000,2770.0000,2768.6000,2759.2000,2758.8000,2772.4000,2773.6000,2776.2000,2781.6000,2782.6000,1,1,1,3,5,1,1,1,5,3
SF,IH2007,2020-05-22 09:30:13.000,2771.2000,3118,0,20797080.000,0,-,-,-,-,2771.2000,2770.0000,2768.6000,2759.2000,2758.8000,2772.2000,2772.4000,2773.6000,2773.8000,2776.2000,1,1,1,3,5,2,1,1,1,1
SF,IH2007,2020-05-22 09:30:13.500,2771.0000,3116,-2,22459740.000,2,0,2,双平,S,2770.0000,2768.6000,2759.2000,2758.8000,2758.0000,2771.0000,2771.2000,2772.2000,2773.6000,2773.8000,1,1,3,5,3,2,1,2,1,1
SF,IH2007,2020-05-22 09:30:14.000,2771.0000,3116,0,22459740.000,0,-,-,-,-,2770.0000,2768.6000,2763.0000,2759.2000,2758.8000,2770.8000,2771.0000,2771.2000,2772.2000,2773.6000,1,1,1,3,5,1,2,1,1,1
SF,IH2007,2020-05-22 09:30:14.500,2771.0000,3116,0,23291040.000,1,0,1,多换,S,2770.0000,2768.6000,2763.0000,2759.2000,2758.8000,2770.6000,2771.0000,2771.2000,2772.2000,2773.0000,1,1,1,3,5,1,2,1,1,1
SF,IH2007,2020-05-22 09:30:16.000,2770.6000,3116,0,24122220.000,1,0,1,多换,S,2770.2000,2770.0000,2768.6000,2763.0000,2759.2000,2771.0000,2771.2000,2772.2000,2773.0000,2773.6000,1,1,1,1,3,2,1,1,1,1
SF,IH2007,2020-05-22 09:30:16.500,2770.6000,3116,0,24122220.000,0,-,-,-,-,2770.2000,2770.0000,2768.6000,2763.0000,2759.2000,2771.2000,2772.2000,2772.6000,2773.0000,2773.6000,1,1,1,1,3,1,1,1,1,1
SF,IH2007,2020-05-22 09:30:17.000,2771.2000,3115,-1,24953580.000,1,0,1,双平,S,2770.2000,2770.0000,2768.6000,2763.0000,2759.2000,2772.2000,2772.6000,2773.0000,2773.6000,2773.8000,1,1,1,1,3,1,1,1,1,1
SF,IH2007,2020-05-22 09:30:17.500,2771.2000,3115,0,24953580.000,0,-,-,-,-,2770.4000,2770.2000,2770.0000,2768.6000,2763.0000,2772.0000,2772.2000,2772.6000,2773.0000,2773.6000,2,1,1,1,1,1,1,1,1,1
SF,IH2007,2020-05-22 09:30:18.000,2771.2000,3115,0,24953580.000,0,-,-,-,-,2770.6000,2770.4000,2770.2000,2770.0000,2768.6000,2772.0000,2772.2000,2772.6000,2773.0000,2773.6000,3,2,1,1,1,1,1,1,1,1
SF,IH2007,2020-05-22 09:30:18.500,2771.2000,3115,0,24953580.000,0,-,-,-,-,2770.8000,2770.6000,2770.0000,2769.8000,2768.6000,2772.0000,2772.2000,2773.0000,2773.6000,2773.8000,1,4,1,1,1,1,1,1,1,1
SF,IH2007,2020-05-22 09:30:19.000,2771.2000,3115,0,24953580.000,0,-,-,-,-,2771.0000,2770.8000,2770.6000,2770.0000,2769.8000,2772.2000,2773.0000,2773.6000,2773.8000,2781.6000,1,1,3,1,1,1,1,1,1,5
SF,IH2007,2020-05-22 09:30:19.500,2771.2000,3115,0,24953580.000,0,-,-,-,-,2771.2000,2771.0000,2770.6000,2770.0000,2769.8000,2772.2000,2773.0000,2773.6000,2773.8000,2781.6000,1,1,3,1,1,1,1,1,1,5
SF,IH2007,2020-05-22 09:30:20.000,2771.2000,3115,0,24953580.000,0,-,-,-,-,2771.0000,2770.0000,2769.8000,2768.6000,2763.0000,2772.2000,2773.0000,2773.6000,2773.8000,2781.6000,1,1,1,1,1,1,1,1,1,5
SF,IH2007,2020-05-22 09:30:20.500,2771.2000,3115,0,24953580.000,0,-,-,-,-,2770.0000,2769.8000,2768.6000,2763.0000,2759.2000,2772.2000,2773.0000,2773.6000,2773.8000,2781.6000,1,1,1,1,3,1,1,1,1,5
SF,IH2007,2020-05-22 09:30:21.000,2771.2000,3115,0,24953580.000,0,-,-,-,-,2770.2000,2770.0000,2768.6000,2763.0000,2759.2000,2771.0000,2772.0000,2772.2000,2773.0000,2773.6000,2,1,1,1,3,1,2,1,1,1
SF,IH2007,2020-05-22 09:30:21.500,2771.2000,3115,0,24953580.000,0,-,-,-,-,2770.0000,2768.6000,2763.0000,2759.2000,2758.8000,2771.0000,2772.0000,2772.2000,2773.0000,2773.6000,1,1,1,3,5,1,2,1,1,1
SF,IH2007,2020-05-22 09:30:22.000,2771.2000,3115,0,24953580.000,0,-,-,-,-,2770.0000,2768.6000,2763.0000,2759.2000,2758.8000,2770.8000,2771.0000,2772.0000,2773.0000,2773.6000,1,1,1,3,5,1,1,1,1,1
SF,IH2007,2020-05-22 09:30:23.500,2771.2000,3115,0,24953580.000,0,-,-,-,-,2770.0000,2769.2000,2768.6000,2763.0000,2759.2000,2770.8000,2771.0000,2772.0000,2773.0000,2773.6000,1,1,1,1,3,1,1,1,1,1
SF,IH2007,2020-05-22 09:30:25.000,2771.0000,3115,0,25784880.000,1,0,1,多换,S,2770.0000,2769.2000,2768.6000,2763.0000,2759.2000,2771.0000,2772.0000,2773.0000,2773.6000,2773.8000,1,1,1,1,3,1,1,1,1,1
SF,IH2007,2020-05-22 09:30:26.000,2771.0000,3115,0,26616180.000,1,0,1,多换,S,2770.0000,2769.2000,2768.6000,2763.0000,2759.2000,2772.0000,2773.0000,2773.6000,2773.8000,2781.6000,2,1,1,1,3,1,1,1,1,5
SF,IH2007,2020-05-22 09:30:26.500,2770.0000,3114,-1,27447180.000,1,0,1,双平,S,2770.0000,2769.2000,2768.6000,2763.0000,2759.2000,2771.6000,2771.8000,2772.0000,2773.0000,2773.8000,1,1,1,1,3,1,2,1,1,1
SF,IH2007,2020-05-22 09:30:27.000,2770.0000,3113,-1,28278180.000,1,0,1,双平,S,2769.2000,2768.6000,2763.0000,2759.2000,2758.8000,2770.0000,2771.4000,2771.6000,2771.8000,2772.0000,1,1,1,3,5,1,1,1,1,1
SF,IH2007,2020-05-22 09:30:27.500,2769.2000,3112,-1,29108940.000,1,0,1,双平,S,2768.6000,2763.0000,2759.2000,2758.8000,2758.0000,2769.2000,2770.0000,2771.4000,2771.6000,2771.8000,1,1,3,5,3,2,1,2,1,1
SF,IH2007,2020-05-22 09:30:28.000,2768.6000,3111,-1,29939520.000,1,0,1,双平,S,2763.0000,2759.2000,2758.8000,2758.0000,2753.2000,2769.2000,2770.0000,2771.4000,2771.6000,2772.0000,1,3,5,3,1,2,1,2,1,1
SF,IH2007,2020-05-22 09:30:28.500,2768.6000,3111,0,29939520.000,0,-,-,-,-,2767.8000,2767.6000,2766.4000,2763.2000,2763.0000,2769.0000,2769.2000,2770.0000,2770.6000,2773.0000,1,3,1,4,1,1,2,1,1,1
SF,IH2007,2020-05-22 09:30:29.000,2768.6000,3111,0,29939520.000,0,-,-,-,-,2767.6000,2766.4000,2763.2000,2763.0000,2759.2000,2769.2000,2770.0000,2770.6000,2773.0000,2774.0000,3,1,4,1,3,2,1,1,1,5
SF,IH2007,2020-05-22 09:30:29.500,2768.6000,3111,0,29939520.000,0,-,-,-,-,2767.6000,2766.4000,2763.2000,2763.0000,2759.2000,2769.0000,2769.2000,2770.0000,2770.6000,2773.0000,3,1,4,1,3,1,2,1,1,1
SF,IH2007,2020-05-22 09:30:30.500,2768.6000,3111,0,29939520.000,0,-,-,-,-,2767.6000,2766.4000,2763.2000,2763.0000,2762.8000,2769.0000,2769.2000,2770.0000,2770.6000,2773.0000,3,1,4,1,2,1,2,1,1,1
SF,IH2007,2020-05-22 09:30:32.500,2768.6000,3111,0,29939520.000,0,-,-,-,-,2768.0000,2767.6000,2766.4000,2763.2000,2763.0000,2769.0000,2769.2000,2770.0000,2770.6000,2772.0000,1,3,1,4,1,1,2,1,1,5
SF,IH2007,2020-05-22 09:30:34.500,2769.0000,3110,-1,30770220.000,1,0,1,双平,S,2767.6000,2766.4000,2763.2000,2763.0000,2762.8000,2769.2000,2770.0000,2770.6000,2772.0000,2773.0000,3,1,4,1,2,2,1,1,5,1
SF,IH2007,2020-05-22 09:30:35.000,2769.0000,3110,0,30770220.000,0,-,-,-,-,2767.6000,2766.4000,2763.2000,2763.0000,2762.8000,2769.0000,2769.2000,2770.0000,2770.6000,2772.0000,3,1,4,1,2,1,2,1,1,5
SF,IH2007,2020-05-22 09:30:35.500,2769.0000,3110,0,30770220.000,0,-,-,-,-,2763.2000,2763.0000,2762.8000,2759.2000,2758.8000,2769.0000,2769.2000,2770.0000,2770.6000,2772.0000,4,1,2,3,5,1,2,1,1,5
SF,IH2007,2020-05-22 09:30:36.000,2769.0000,3110,0,30770220.000,0,-,-,-,-,2767.2000,2767.0000,2765.8000,2763.2000,2763.0000,2768.8000,2769.0000,2769.2000,2770.0000,2770.6000,1,3,1,4,1,1,1,2,1,1
SF,IH2007,2020-05-22 09:30:36.500,2769.0000,3110,0,30770220.000,0,-,-,-,-,2767.4000,2767.0000,2765.8000,2763.2000,2763.0000,2768.8000,2769.2000,2769.6000,2770.0000,2770.6000,1,3,1,2,1,1,2,1,1,1
SF,IH2007,2020-05-22 09:30:37.000,2769.0000,3110,0,30770220.000,0,-,-,-,-,2767.6000,2767.0000,2765.8000,2763.2000,2763.0000,2768.8000,2769.2000,2769.6000,2770.0000,2770.6000,1,3,1,2,1,1,2,1,1,1
SF,IH2007,2020-05-22 09:30:37.500,2769.0000,3110,0,30770220.000,0,-,-,-,-,2767.6000,2767.0000,2765.8000,2763.2000,2763.0000,2768.6000,2769.2000,2769.6000,2770.0000,2770.6000,1,3,1,2,1,1,2,1,1,1
SF,IH2007,2020-05-22 09:30:40.500,2767.6000,3109,-1,31600500.000,1,0,1,双平,S,2767.0000,2765.8000,2763.2000,2763.0000,2762.8000,2768.6000,2769.2000,2769.6000,2770.0000,2770.6000,3,1,2,1,2,1,2,1,1,1
SF,IH2007,2020-05-22 09:30:41.000,2768.6000,3108,-1,32431080.000,1,0,1,双平,S,2767.2000,2767.0000,2765.8000,2763.2000,2763.0000,2769.2000,2769.6000,2770.0000,2770.6000,2772.0000,3,3,1,2,1,2,1,1,1,5
SF,IH2007,2020-05-22 09:30:41.500,2768.6000,3108,0,32431080.000,0,-,-,-,-,2767.2000,2767.0000,2765.8000,2763.2000,2763.0000,2769.0000,2769.2000,2769.6000,2770.0000,2770.6000,3,3,1,2,1,1,2,1,1,1
SF,IH2007,2020-05-22 09:30:42.000,2768.6000,3108,0,32431080.000,0,-,-,-,-,2767.4000,2767.2000,2767.0000,2765.8000,2763.2000,2769.0000,2769.2000,2769.6000,2770.0000,2770.6000,1,3,5,1,2,1,2,1,1,1
SF,IH2007,2020-05-22 09:30:42.500,2768.6000,3108,0,32431080.000,0,-,-,-,-,2767.6000,2767.4000,2767.2000,2767.0000,2765.8000,2769.0000,2769.2000,2769.6000,2770.0000,2770.6000,1,2,2,5,1,1,2,1,1,1
SF,IH2007,2020-05-22 09:30:43.000,2768.6000,3108,0,32431080.000,0,-,-,-,-,2767.8000,2767.6000,2767.2000,2767.0000,2765.8000,2769.0000,2769.2000,2769.6000,2770.0000,2772.0000,1,1,2,5,1,1,2,1,1,5
SF,IH2007,2020-05-22 09:30:43.500,2768.6000,3108,0,32431080.000,0,-,-,-,-,2768.0000,2767.8000,2767.2000,2767.0000,2765.8000,2769.2000,2769.6000,2770.0000,2772.0000,2773.0000,1,1,2,5,1,2,1,1,5,1
SF,IH2007,2020-05-22 09:30:44.000,2768.6000,3108,0,32431080.000,0,-,-,-,-,2768.0000,2767.2000,2767.0000,2765.8000,2763.2000,2769.2000,2769.6000,2770.0000,2772.0000,2773.0000,1,2,5,1,2,2,1,1,5,1
SF,IH2007,2020-05-22 09:30:44.500,2768.6000,3108,0,32431080.000,0,-,-,-,-,2767.2000,2767.0000,2765.8000,2763.2000,2762.8000,2769.2000,2769.6000,2770.0000,2772.0000,2773.0000,1,5,1,2,2,2,1,1,5,1
SF,IH2007,2020-05-22 09:30:45.000,2768.6000,3108,0,32431080.000,0,-,-,-,-,2767.4000,2767.0000,2765.8000,2763.2000,2762.8000,2769.0000,2769.2000,2769.6000,2770.0000,2772.0000,1,5,1,2,2,1,2,1,1,5
SF,IH2007,2020-05-22 09:30:45.500,2768.6000,3108,0,32431080.000,0,-,-,-,-,2767.6000,2767.0000,2765.8000,2763.2000,2762.8000,2769.0000,2769.2000,2769.6000,2770.0000,2772.0000,1,5,1,2,2,1,2,1,1,5
SF,IH2007,2020-05-22 09:30:46.000,2768.6000,3108,0,32431080.000,0,-,-,-,-,2767.6000,2767.0000,2765.8000,2763.2000,2762.8000,2768.8000,2769.0000,2769.2000,2769.6000,2770.0000,1,5,1,2,2,1,1,2,1,1
SF,IH2007,2020-05-22 09:30:46.500,2767.6000,3107,-1,33261360.000,1,0,1,双平,S,2767.0000,2765.8000,2763.2000,2762.8000,2759.2000,2768.8000,2769.0000,2769.2000,2769.6000,2770.0000,5,1,2,2,3,1,1,2,1,1
SF,IH2007,2020-05-22 09:30:47.000,2767.6000,3107,0,33261360.000,0,-,-,-,-,2767.0000,2765.8000,2763.2000,2762.8000,2759.2000,2768.6000,2768.8000,2769.2000,2769.6000,2770.0000,5,1,2,2,3,1,1,2,1,1
SF,IH2007,2020-05-22 09:30:47.500,2767.6000,3107,0,33261360.000,0,-,-,-,-,2767.8000,2767.0000,2765.8000,2763.2000,2762.8000,2768.6000,2768.8000,2769.2000,2769.6000,2770.0000,1,5,1,2,2,1,1,2,1,1
SF,IH2007,2020-05-22 09:30:48.000,2767.6000,3107,0,33261360.000,0,-,-,-,-,2767.8000,2767.0000,2765.8000,2763.2000,2762.8000,2768.8000,2769.2000,2769.6000,2770.0000,2772.0000,1,7,1,2,2,1,2,1,1,5
SF,IH2007,2020-05-22 09:30:48.500,2767.6000,3107,0,33261360.000,0,-,-,-,-,2767.8000,2767.0000,2765.8000,2763.2000,2762.8000,2769.2000,2769.6000,2770.0000,2772.0000,2773.0000,1,7,1,2,2,2,1,1,5,1
SF,IH2007,2020-05-22 09:30:49.000,2767.6000,3107,0,33261360.000,0,-,-,-,-,2767.8000,2767.0000,2763.2000,2762.8000,2759.2000,2769.2000,2769.6000,2770.0000,2772.0000,2773.0000,1,4,2,2,3,2,1,1,5,1
SF,IH2007,2020-05-22 09:30:49.500,2767.6000,3107,0,33261360.000,0,-,-,-,-,2767.8000,2767.0000,2763.2000,2762.8000,2759.2000,2769.0000,2769.2000,2769.6000,2770.0000,2772.0000,1,4,2,2,3,1,2,1,1,5
SF,IH2007,2020-05-22 09:30:50.500,2767.6000,3107,0,33261360.000,0,-,-,-,-,2767.8000,2767.0000,2763.2000,2762.8000,2759.2000,2768.8000,2769.0000,2769.2000,2769.6000,2770.0000,1,4,2,2,3,1,1,2,1,1
SF,IH2007,2020-05-22 09:30:51.000,2767.6000,3107,0,33261360.000,0,-,-,-,-,2767.8000,2767.0000,2763.2000,2762.8000,2759.2000,2768.8000,2769.0000,2769.2000,2769.6000,2770.0000,1,4,2,2,3,1,1,2,1,1
SF,IH2007,2020-05-22 09:30:51.500,2767.6000,3107,0,33261360.000,0,-,-,-,-,2767.8000,2767.0000,2763.2000,2762.8000,2759.2000,2769.0000,2769.2000,2769.6000,2770.0000,2772.0000,1,4,2,2,3,1,2,1,1,5
SF,IH2007,2020-05-22 09:30:52.500,2767.6000,3107,0,33261360.000,0,-,-,-,-,2767.8000,2767.0000,2763.2000,2762.8000,2759.2000,2768.8000,2769.0000,2769.2000,2769.6000,2770.0000,1,4,2,2,3,1,1,2,1,1
SF,IH2007,2020-05-22 09:30:53.000,2767.6000,3107,0,33261360.000,0,-,-,-,-,2767.8000,2767.0000,2763.2000,2762.8000,2759.2000,2768.8000,2769.0000,2769.2000,2769.6000,2770.0000,1,4,2,2,3,1,1,2,1,1
SF,IH2007,2020-05-22 09:30:53.500,2767.6000,3107,0,33261360.000,0,-,-,-,-,2767.8000,2767.0000,2763.2000,2762.8000,2759.2000,2768.8000,2769.0000,2769.2000,2769.6000,2770.0000,1,4,2,2,3,1,1,2,1,1
SF,IH2007,2020-05-22 09:30:54.000,2767.6000,3107,0,33261360.000,0,-,-,-,-,2767.8000,2767.0000,2763.2000,2762.8000,2759.2000,2768.6000,2769.2000,2769.6000,2770.0000,2772.0000,1,4,2,2,3,1,2,1,1,5
SF,IH2007,2020-05-22 09:30:54.500,2767.6000,3107,0,33261360.000,0,-,-,-,-,2767.8000,2767.0000,2763.2000,2762.8000,2759.2000,2768.6000,2769.2000,2769.6000,2770.0000,2772.0000,1,4,2,2,3,1,2,1,1,5
SF,IH2007,2020-05-22 09:30:57.000,2768.6000,3106,-1,34091940.000,1,0,1,双平,S,2767.8000,2767.0000,2763.2000,2762.8000,2759.2000,2769.2000,2769.6000,2770.0000,2772.0000,2773.0000,1,4,2,2,3,2,1,1,5,1
SF,IH2007,2020-05-22 09:30:58.000,2768.6000,3106,0,34091940.000,0,-,-,-,-,2767.8000,2767.0000,2763.2000,2762.8000,2759.2000,2769.0000,2769.2000,2769.6000,2770.0000,2772.0000,1,4,2,2,3,1,2,1,1,5
SF,IH2007,2020-05-22 09:30:58.500,2767.8000,3105,-1,34922280.000,1,0,1,双平,S,2767.0000,2763.2000,2762.8000,2759.2000,2758.8000,2768.8000,2769.0000,2769.2000,2769.6000,2770.0000,4,2,2,3,5,1,1,2,1,1
SF,IH2007,2020-05-22 09:30:59.000,2767.8000,3105,0,34922280.000,0,-,-,-,-,2767.0000,2763.2000,2762.8000,2759.2000,2758.8000,2768.6000,2769.0000,2769.2000,2769.6000,2770.0000,4,2,2,3,5,2,1,2,1,1
SF,IH2007,2020-05-22 09:31:00.000,2767.8000,3105,0,34922280.000,0,-,-,-,-,2767.0000,2763.2000,2762.8000,2759.2000,2758.8000,2768.6000,2769.2000,2769.6000,2770.0000,2772.0000,4,2,2,3,5,2,2,1,1,5
SF,IH2007,2020-05-22 09:31:04.500,2767.8000,3105,0,34922280.000,0,-,-,-,-,2767.0000,2763.2000,2761.4000,2759.2000,2758.8000,2768.6000,2769.2000,2769.6000,2770.0000,2772.0000,4,2,1,3,5,2,2,1,1,5
SF,IH2007,2020-05-22 09:31:05.000,2767.8000,3105,0,34922280.000,0,-,-,-,-,2767.0000,2763.2000,2761.4000,2759.2000,2758.8000,2768.2000,2768.4000,2768.6000,2769.2000,2769.6000,4,2,1,3,5,1,1,1,2,1
SF,IH2007,2020-05-22 09:31:05.500,2767.8000,3105,0,34922280.000,0,-,-,-,-,2767.0000,2763.2000,2761.4000,2759.2000,2758.8000,2768.2000,2768.4000,2768.6000,2769.2000,2769.6000,4,2,1,3,5,1,3,1,2,1
SF,IH2007,2020-05-22 09:31:06.000,2767.0000,3104,-1,37412580.000,3,1,2,多平,S,2767.0000,2763.2000,2761.4000,2759.2000,2758.8000,2768.2000,2768.4000,2768.6000,2769.2000,2769.6000,1,2,1,3,5,1,3,1,2,1
SF,IH2007,2020-05-22 09:31:06.500,2767.0000,3103,-1,38242680.000,1,0,1,双平,S,2763.2000,2761.4000,2759.2000,2758.8000,2758.0000,2768.0000,2768.4000,2768.6000,2769.2000,2769.6000,2,1,3,5,3,2,3,1,2,1
SF,IH2007,2020-05-22 09:31:07.000,2767.0000,3103,0,38242680.000,0,-,-,-,-,2765.8000,2765.6000,2763.4000,2763.2000,2761.4000,2767.8000,2768.0000,2768.4000,2769.2000,2769.6000,1,3,1,2,1,1,2,1,2,1
SF,IH2007,2020-05-22 09:31:07.500,2767.0000,3103,0,38242680.000,0,-,-,-,-,2766.0000,2765.6000,2763.2000,2761.4000,2759.2000,2767.8000,2768.0000,2769.2000,2769.6000,2770.0000,1,3,2,1,3,1,2,2,1,1
SF,IH2007,2020-05-22 09:31:08.000,2767.0000,3103,0,38242680.000,0,-,-,-,-,2765.6000,2763.2000,2761.4000,2759.2000,2758.8000,2767.8000,2768.0000,2769.2000,2769.6000,2770.0000,3,2,1,3,5,1,2,2,1,1
SF,IH2007,2020-05-22 09:31:08.500,2767.0000,3103,0,38242680.000,0,-,-,-,-,2765.6000,2763.2000,2761.4000,2759.2000,2758.8000,2767.8000,2769.2000,2769.6000,2770.0000,2772.0000,3,2,1,3,5,1,2,1,1,5
SF,IH2007,2020-05-22 09:31:09.000,2767.0000,3103,0,38242680.000,0,-,-,-,-,2765.8000,2765.6000,2763.2000,2761.4000,2759.2000,2767.8000,2769.2000,2769.6000,2770.0000,2772.0000,1,3,2,1,3,1,2,1,1,5
SF,IH2007,2020-05-22 09:31:09.500,2767.0000,3103,0,38242680.000,0,-,-,-,-,2766.0000,2765.8000,2765.6000,2763.2000,2761.4000,2767.8000,2769.2000,2769.6000,2770.0000,2772.0000,1,1,3,2,1,1,2,1,1,5
SF,IH2007,2020-05-22 09:31:10.000,2767.0000,3103,0,38242680.000,0,-,-,-,-,2766.2000,2766.0000,2765.6000,2763.2000,2761.4000,2767.8000,2769.2000,2769.6000,2770.0000,2772.0000,1,1,3,2,1,1,2,1,1,5
SF,IH2007,2020-05-22 09:31:10.500,2767.0000,3103,0,38242680.000,0,-,-,-,-,2766.2000,2766.0000,2763.2000,2761.4000,2759.2000,2767.8000,2769.2000,2769.6000,2770.0000,2772.0000,1,1,2,1,3,1,2,1,1,5
SF,IH2007,2020-05-22 09:31:11.000,2767.0000,3103,0,38242680.000,0,-,-,-,-,2766.0000,2763.2000,2761.4000,2759.2000,2758.8000,2767.8000,2769.2000,2769.6000,2770.0000,2772.0000,1,2,1,3,5,1,2,1,1,5
SF,IH2007,2020-05-22 09:31:11.500,2766.0000,3102,-1,39072480.000,1,0,1,双平,S,2761.4000,2759.2000,2758.0000,2755.0000,2753.2000,2767.6000,2767.8000,2769.2000,2769.6000,2770.0000,1,3,3,5,1,1,1,2,1,1
SF,IH2007,2020-05-22 09:31:12.000,2766.0000,3102,0,39072480.000,0,-,-,-,-,2764.4000,2764.2000,2761.6000,2761.4000,2759.2000,2767.4000,2767.6000,2769.2000,2769.6000,2772.0000,1,3,3,1,3,1,1,2,1,5
SF,IH2007,2020-05-22 09:31:12.500,2766.0000,3102,0,39072480.000,0,-,-,-,-,2764.6000,2764.2000,2761.6000,2761.4000,2759.2000,2767.4000,2767.6000,2769.2000,2769.6000,2772.0000,1,3,2,1,3,1,1,2,1,5
SF,IH2007,2020-05-22 09:31:13.000,2766.0000,3102,0,39072480.000,0,-,-,-,-,2764.6000,2764.2000,2761.6000,2761.4000,2759.2000,2767.4000,2769.2000,2769.6000,2772.0000,2773.0000,2,3,2,1,3,1,2,1,5,1
SF,IH2007,2020-05-22 09:31:13.500,2766.0000,3102,0,39072480.000,0,-,-,-,-,2764.6000,2764.2000,2761.4000,2759.2000,2758.0000,2767.4000,2769.2000,2769.6000,2772.0000,2773.0000,2,3,1,3,3,1,2,1,5,1
SF,IH2007,2020-05-22 09:31:14.000,2766.0000,3102,0,39072480.000,0,-,-,-,-,2764.6000,2764.2000,2761.4000,2759.2000,2758.0000,2767.4000,2769.2000,2769.6000,2772.0000,2773.0000,2,3,1,3,3,1,2,1,5,1
SF,IH2007,2020-05-22 09:31:14.500,2766.0000,3102,0,39072480.000,0,-,-,-,-,2764.6000,2764.2000,2761.4000,2759.2000,2758.0000,2767.4000,2769.2000,2769.6000,2772.0000,2773.0000,1,3,1,3,3,1,2,1,5,1
SF,IH2007,2020-05-22 09:31:16.000,2766.0000,3102,0,39072480.000,0,-,-,-,-,2764.6000,2764.2000,2761.4000,2759.2000,2756.4000,2767.4000,2769.2000,2769.6000,2772.0000,2773.0000,1,3,1,3,2,1,2,1,5,1
SF,IH2007,2020-05-22 09:31:16.500,2766.0000,3102,0,39072480.000,0,-,-,-,-,2764.8000,2764.6000,2764.2000,2761.4000,2759.2000,2767.4000,2769.2000,2769.6000,2772.0000,2773.0000,1,1,3,1,3,1,2,1,5,1
SF,IH2007,2020-05-22 09:31:17.000,2766.0000,3102,0,39072480.000,0,-,-,-,-,2765.2000,2765.0000,2764.2000,2761.4000,2759.2000,2767.2000,2767.4000,2769.2000,2769.6000,2772.0000,1,1,3,1,3,1,1,2,1,5
SF,IH2007,2020-05-22 09:31:17.500,2766.0000,3102,0,39072480.000,0,-,-,-,-,2765.4000,2765.2000,2764.2000,2761.4000,2759.2000,2767.0000,2767.2000,2769.2000,2769.6000,2772.0000,1,1,3,1,3,2,1,2,1,5
SF,IH2007,2020-05-22 09:31:18.000,2766.0000,3102,0,39072480.000,0,-,-,-,-,2765.6000,2765.2000,2764.2000,2761.4000,2759.2000,2767.0000,2769.2000,2769.6000,2772.0000,2773.0000,1,1,3,1,3,1,2,1,5,1
SF,IH2007,2020-05-22 09:31:18.500,2766.0000,3102,0,39072480.000,0,-,-,-,-,2765.8000,2765.2000,2764.2000,2761.4000,2759.2000,2767.0000,2769.2000,2769.6000,2772.0000,2773.0000,1,1,3,1,3,1,2,1,5,1
SF,IH2007,2020-05-22 09:31:19.000,2766.0000,3102,0,39072480.000,0,-,-,-,-,2765.2000,2764.2000,2761.4000,2759.2000,2756.4000,2769.2000,2769.6000,2772.0000,2773.0000,2774.0000,1,3,1,3,2,2,1,5,1,5
SF,IH2007,2020-05-22 09:31:19.500,2766.0000,3102,0,39072480.000,0,-,-,-,-,2765.4000,2765.2000,2764.2000,2761.4000,2759.2000,2769.0000,2769.2000,2769.6000,2771.0000,2772.0000,1,1,3,1,3,1,2,1,1,5
SF,IH2007,2020-05-22 09:31:20.000,2766.0000,3102,0,39072480.000,0,-,-,-,-,2765.4000,2765.2000,2764.2000,2761.4000,2759.2000,2768.8000,2769.0000,2769.2000,2769.6000,2771.0000,1,1,3,1,3,1,2,2,1,1
SF,IH2007,2020-05-22 09:31:20.500,2766.0000,3102,0,39072480.000,0,-,-,-,-,2765.4000,2765.2000,2764.2000,2761.4000,2759.2000,2768.4000,2768.6000,2768.8000,2769.0000,2769.2000,1,1,3,1,3,1,1,1,1,2
SF,IH2007,2020-05-22 09:31:21.000,2766.0000,3102,0,39072480.000,0,-,-,-,-,2765.4000,2765.2000,2764.2000,2761.4000,2759.2000,2768.2000,2768.4000,2768.8000,2769.2000,2769.6000,1,1,3,1,3,1,1,1,2,1
SF,IH2007,2020-05-22 09:31:21.500,2766.0000,3102,0,39072480.000,0,-,-,-,-,2765.4000,2765.2000,2764.2000,2761.4000,2759.2000,2768.0000,2768.2000,2768.4000,2768.8000,2769.2000,1,1,3,1,3,2,1,1,1,2
SF,IH2007,2020-05-22 09:31:22.000,2766.0000,3102,0,39072480.000,0,-,-,-,-,2765.6000,2765.4000,2765.2000,2764.2000,2761.4000,2767.8000,2768.0000,2768.4000,2769.2000,2769.6000,1,1,1,3,1,1,2,1,2,1
SF,IH2007,2020-05-22 09:31:22.500,2766.0000,3102,0,39072480.000,0,-,-,-,-,2765.8000,2765.6000,2765.2000,2764.2000,2761.4000,2767.8000,2768.0000,2768.4000,2769.2000,2769.6000,1,1,1,3,1,1,2,1,2,1
SF,IH2007,2020-05-22 09:31:23.000,2766.0000,3102,0,39072480.000,0,-,-,-,-,2765.2000,2764.2000,2761.4000,2759.2000,2755.0000,2767.6000,2767.8000,2768.0000,2768.4000,2769.2000,1,3,1,3,5,1,1,2,1,2
SF,IH2007,2020-05-22 09:31:23.500,2766.0000,3102,0,39072480.000,0,-,-,-,-,2766.0000,2765.2000,2764.2000,2761.4000,2759.2000,2767.4000,2767.6000,2768.0000,2768.4000,2769.2000,1,1,3,1,3,1,1,2,1,2
SF,IH2007,2020-05-22 09:31:24.000,2766.0000,3102,0,39072480.000,0,-,-,-,-,2766.0000,2765.2000,2764.2000,2761.4000,2759.2000,2767.4000,2767.6000,2768.0000,2768.4000,2769.2000,1,1,3,1,3,1,1,2,1,2
SF,IH2007,2020-05-22 09:31:24.500,2766.0000,3102,0,39072480.000,0,-,-,-,-,2766.0000,2765.2000,2764.2000,2761.4000,2759.2000,2767.4000,2768.0000,2768.4000,2769.2000,2769.6000,1,1,3,1,3,1,1,1,2,1
SF,IH2007,2020-05-22 09:31:26.000,2767.4000,3101,-1,39902700.000,1,0,1,双平,S,2766.0000,2765.2000,2764.2000,2761.4000,2759.2000,2768.0000,2769.2000,2769.6000,2772.0000,2773.0000,1,1,3,1,3,1,2,1,5,1
SF,IH2007,2020-05-22 09:31:26.500,2767.4000,3101,0,39902700.000,0,-,-,-,-,2766.2000,2766.0000,2765.2000,2764.2000,2761.4000,2768.0000,2769.2000,2769.6000,2772.0000,2773.0000,1,1,1,3,1,1,2,1,5,1
SF,IH2007,2020-05-22 09:31:27.000,2767.4000,3101,0,39902700.000,0,-,-,-,-,2766.4000,2766.2000,2766.0000,2765.2000,2764.2000,2768.0000,2769.2000,2769.6000,2772.0000,2773.0000,1,1,1,1,3,1,2,1,5,1
SF,IH2007,2020-05-22 09:31:29.000,2766.4000,3102,1,40732620.000,1,1,0,双开,S,2766.2000,2766.0000,2765.2000,2764.2000,2761.4000,2767.8000,2768.0000,2769.2000,2769.6000,2772.0000,1,1,1,3,1,1,1,2,1,5
SF,IH2007,2020-05-22 09:31:29.500,2766.0000,3102,0,41562420.000,1,0,1,多换,S,2765.2000,2764.2000,2761.4000,2759.2000,2755.0000,2767.8000,2768.0000,2769.2000,2769.6000,2772.0000,1,3,1,3,5,1,1,2,1,5
SF,IH2007,2020-05-22 09:31:31.000,2766.0000,3102,0,41562420.000,0,-,-,-,-,2765.2000,2764.2000,2761.4000,2759.2000,2755.0000,2767.8000,2768.0000,2769.2000,2769.4000,2772.0000,1,3,1,3,5,1,1,2,1,5
SF,IH2007,2020-05-22 09:31:31.500,2766.0000,3102,0,41562420.000,0,-,-,-,-,2765.2000,2764.2000,2761.4000,2759.2000,2755.0000,2767.8000,2768.0000,2769.2000,2769.4000,2772.0000,1,3,1,3,5,1,1,2,1,5
SF,IH2007,2020-05-22 09:31:32.000,2766.0000,3102,0,41562420.000,0,-,-,-,-,2765.2000,2764.2000,2761.4000,2759.2000,2755.0000,2767.8000,2768.0000,2769.2000,2769.4000,2772.0000,1,3,1,3,5,1,1,2,1,5
SF,IH2007,2020-05-22 09:31:33.500,2767.8000,3103,1,42392760.000,1,1,0,双开,S,2767.8000,2765.4000,2765.2000,2764.2000,2761.4000,2768.0000,2769.2000,2769.4000,2772.0000,2773.0000,8,1,1,3,1,1,2,1,5,1
SF,IH2007,2020-05-22 09:31:34.000,2767.8000,3107,4,49035480.000,8,6,2,空开,S,2765.4000,2765.2000,2764.2000,2761.4000,2759.2000,2767.8000,2768.0000,2769.2000,2769.4000,2772.0000,1,1,3,1,3,4,1,2,1,5
SF,IH2007,2020-05-22 09:31:34.500,2767.8000,3107,0,49035480.000,0,-,-,-,-,2765.4000,2765.2000,2764.2000,2761.4000,2759.2000,2767.6000,2767.8000,2768.0000,2769.2000,2769.4000,1,1,3,1,3,2,4,1,2,1
SF,IH2007,2020-05-22 09:31:35.000,2767.8000,3107,0,49035480.000,0,-,-,-,-,2765.6000,2765.2000,2764.2000,2761.4000,2761.0000,2767.6000,2767.8000,2768.0000,2769.2000,2769.4000,1,1,3,1,1,3,1,1,2,1
SF,IH2007,2020-05-22 09:31:35.500,2767.8000,3107,0,49035480.000,0,-,-,-,-,2765.2000,2764.2000,2761.4000,2761.0000,2759.2000,2767.4000,2767.6000,2767.8000,2768.0000,2769.2000,1,3,1,1,3,1,4,1,1,2
SF,IH2007,2020-05-22 09:31:36.000,2767.8000,3107,0,49035480.000,0,-,-,-,-,2765.2000,2764.2000,2761.4000,2761.0000,2759.2000,2767.4000,2767.6000,2767.8000,2768.0000,2769.2000,1,3,1,1,3,2,1,1,2,2
SF,IH2007,2020-05-22 09:31:36.500,2767.8000,3107,0,49035480.000,0,-,-,-,-,2765.4000,2765.2000,2764.2000,2761.4000,2761.0000,2767.4000,2767.6000,2767.8000,2768.0000,2769.2000,4,1,3,1,1,1,1,1,1,2
SF,IH2007,2020-05-22 09:31:37.000,2767.8000,3107,0,49035480.000,0,-,-,-,-,2765.6000,2765.4000,2765.2000,2764.2000,2761.4000,2767.8000,2768.0000,2769.2000,2769.4000,2772.0000,1,3,1,3,1,1,1,2,1,5
SF,IH2007,2020-05-22 09:31:37.500,2767.8000,3107,0,49035480.000,0,-,-,-,-,2766.0000,2765.8000,2765.2000,2764.2000,2761.4000,2767.8000,2769.2000,2769.4000,2772.0000,2774.0000,1,3,1,3,1,1,2,1,5,5
SF,IH2007,2020-05-22 09:31:38.000,2767.8000,3107,0,49035480.000,0,-,-,-,-,2766.2000,2765.2000,2764.2000,2761.4000,2761.0000,2767.8000,2769.2000,2769.4000,2772.0000,2774.0000,3,1,3,1,1,1,2,1,5,5
SF,IH2007,2020-05-22 09:31:38.500,2767.8000,3107,0,49035480.000,0,-,-,-,-,2766.4000,2766.2000,2765.2000,2764.2000,2761.4000,2767.8000,2769.2000,2769.4000,2772.0000,2774.0000,2,1,1,3,1,1,2,1,5,5
SF,IH2007,2020-05-22 09:31:39.000,2767.8000,3107,0,49035480.000,0,-,-,-,-,2766.6000,2766.4000,2766.2000,2765.2000,2764.2000,2767.8000,2769.2000,2769.4000,2772.0000,2774.0000,1,1,1,1,3,1,2,1,5,5
SF,IH2007,2020-05-22 09:31:39.500,2766.8000,3107,0,49865520.000,1,0,1,多换,S,2766.8000,2766.2000,2765.2000,2764.2000,2761.4000,2767.8000,2769.0000,2769.2000,2769.4000,2772.0000,1,1,1,3,1,1,2,2,1,5
SF,IH2007,2020-05-22 09:31:40.000,2766.8000,3107,0,49865520.000,0,-,-,-,-,2766.2000,2765.2000,2764.2000,2761.4000,2761.0000,2767.8000,2769.0000,2769.2000,2769.4000,2772.0000,1,1,3,1,1,1,2,2,1,5
SF,IH2007,2020-05-22 09:31:40.500,2766.8000,3107,0,49865520.000,0,-,-,-,-,2766.2000,2765.2000,2764.2000,2761.4000,2761.0000,2767.6000,2767.8000,2769.0000,2769.2000,2769.4000,1,1,3,1,1,1,1,2,2,1
SF,IH2007,2020-05-22 09:31:41.000,2766.8000,3107,0,49865520.000,0,-,-,-,-,2766.2000,2765.2000,2764.2000,2761.4000,2761.0000,2767.6000,2767.8000,2769.0000,2769.2000,2769.4000,1,1,3,1,1,1,1,2,2,1
SF,IH2007,2020-05-22 09:31:44.000,2766.2000,3106,-1,50695380.000,1,0,1,双平,S,2765.2000,2764.2000,2761.4000,2761.0000,2759.2000,2767.6000,2767.8000,2769.0000,2769.2000,2769.4000,1,3,1,1,3,1,1,2,2,1
SF,IH2007,2020-05-22 09:31:44.500,2766.2000,3106,0,50695380.000,0,-,-,-,-,2765.4000,2765.2000,2764.2000,2761.4000,2761.0000,2767.4000,2767.6000,2767.8000,2769.0000,2769.2000,1,1,3,1,1,1,1,1,2,2
SF,IH2007,2020-05-22 09:31:45.000,2766.2000,3106,0,50695380.000,0,-,-,-,-,2765.4000,2765.2000,2764.2000,2761.4000,2761.0000,2767.4000,2767.6000,2767.8000,2769.0000,2769.2000,1,1,3,1,1,1,1,1,2,2
SF,IH2007,2020-05-22 09:31:45.500,2766.2000,3106,0,50695380.000,0,-,-,-,-,2765.4000,2765.2000,2764.2000,2761.4000,2761.0000,2767.2000,2767.4000,2767.6000,2767.8000,2769.0000,1,1,3,1,1,1,1,1,1,2
SF,IH2007,2020-05-22 09:31:46.000,2766.2000,3106,0,50695380.000,0,-,-,-,-,2765.6000,2765.2000,2764.2000,2761.4000,2761.0000,2767.0000,2767.2000,2767.6000,2767.8000,2769.0000,1,1,3,1,1,1,1,1,1,2
SF,IH2007,2020-05-22 09:31:46.500,2766.2000,3106,0,50695380.000,0,-,-,-,-,2765.2000,2764.2000,2761.4000,2761.0000,2759.2000,2767.0000,2767.2000,2767.8000,2769.0000,2769.2000,1,3,1,1,3,1,1,1,2,2
SF,IH2007,2020-05-22 09:31:47.500,2766.2000,3106,0,50695380.000,0,-,-,-,-,2765.4000,2765.2000,2764.2000,2761.4000,2761.0000,2767.0000,2767.8000,2769.0000,2769.2000,2769.4000,3,1,3,1,1,1,1,2,2,1
SF,IH2007,2020-05-22 09:31:49.500,2766.2000,3106,0,50695380.000,0,-,-,-,-,2765.6000,2765.4000,2765.2000,2764.2000,2761.4000,2767.0000,2767.8000,2769.0000,2769.2000,2769.4000,1,3,1,3,1,6,1,2,2,1
SF,IH2007,2020-05-22 09:31:50.000,2766.2000,3106,0,50695380.000,0,-,-,-,-,2765.8000,2765.6000,2765.4000,2765.2000,2764.2000,2767.0000,2767.8000,2769.0000,2769.2000,2769.4000,2,1,2,1,3,6,1,2,2,1
SF,IH2007,2020-05-22 09:31:50.500,2766.2000,3106,0,50695380.000,0,-,-,-,-,2766.0000,2765.8000,2765.6000,2765.2000,2764.2000,2767.0000,2767.8000,2769.2000,2769.4000,2774.0000,1,2,1,1,3,5,1,2,1,5
SF,IH2007,2020-05-22 09:31:51.000,2766.2000,3106,0,50695380.000,0,-,-,-,-,2766.2000,2766.0000,2765.6000,2765.2000,2764.2000,2767.0000,2767.8000,2769.2000,2769.4000,2774.0000,1,1,1,1,3,5,1,2,1,5
SF,IH2007,2020-05-22 09:31:51.500,2766.2000,3106,0,50695380.000,0,-,-,-,-,2766.2000,2766.0000,2765.6000,2765.2000,2764.2000,2767.0000,2769.2000,2769.4000,2774.0000,2775.0000,1,1,1,1,3,5,2,1,5,1
SF,IH2007,2020-05-22 09:31:52.000,2766.2000,3106,0,50695380.000,0,-,-,-,-,2766.2000,2766.0000,2765.6000,2765.2000,2764.2000,2767.0000,2769.2000,2769.4000,2774.0000,2775.0000,1,1,1,1,3,5,2,1,5,1
SF,IH2007,2020-05-22 09:31:52.500,2766.2000,3106,0,50695380.000,0,-,-,-,-,2766.2000,2766.0000,2765.6000,2765.2000,2764.2000,2767.0000,2769.2000,2769.4000,2774.0000,2775.0000,1,1,1,1,3,5,2,1,5,1
SF,IH2007,2020-05-22 09:31:53.000,2766.2000,3106,0,51525240.000,1,0,1,多换,S,2766.2000,2766.0000,2765.6000,2765.2000,2764.2000,2767.0000,2769.2000,2769.4000,2774.0000,2775.0000,1,1,1,1,3,5,2,1,5,1
SF,IH2007,2020-05-22 09:31:55.500,2766.2000,3106,0,51525240.000,0,-,-,-,-,2766.2000,2766.0000,2765.6000,2765.2000,2764.2000,2767.0000,2769.2000,2769.4000,2774.0000,2775.0000,1,1,1,1,3,5,2,1,5,1
SF,IH2007,2020-05-22 09:31:56.000,2766.2000,3106,0,51525240.000,0,-,-,-,-,2766.2000,2766.0000,2765.2000,2764.2000,2761.4000,2767.0000,2769.2000,2769.4000,2774.0000,2775.0000,1,1,1,3,1,5,2,1,5,1
SF,IH2007,2020-05-22 09:31:56.500,2766.2000,3106,0,51525240.000,0,-,-,-,-,2766.2000,2766.0000,2765.2000,2764.2000,2761.4000,2766.8000,2767.0000,2769.2000,2769.4000,2774.0000,1,1,1,3,1,3,5,2,1,5
SF,IH2007,2020-05-22 09:31:57.000,2766.2000,3106,0,51525240.000,0,-,-,-,-,2766.0000,2765.2000,2764.2000,2761.4000,2761.0000,2766.8000,2767.0000,2769.4000,2774.0000,2775.0000,1,1,3,1,1,3,5,1,5,1
SF,IH2007,2020-05-22 09:32:01.000,2766.0000,3105,-1,52355040.000,1,0,1,双平,S,2765.2000,2764.2000,2761.4000,2761.0000,2759.2000,2766.8000,2767.0000,2769.4000,2774.0000,2775.0000,1,3,1,1,3,3,5,1,5,1
SF,IH2007,2020-05-22 09:32:01.500,2766.0000,3105,0,52355040.000,0,-,-,-,-,2765.2000,2764.2000,2761.4000,2761.0000,2759.2000,2766.6000,2767.0000,2769.4000,2774.0000,2775.0000,1,3,1,1,3,1,5,1,5,1
SF,IH2007,2020-05-22 09:32:02.000,2766.0000,3105,0,52355040.000,0,-,-,-,-,2765.2000,2764.2000,2763.8000,2761.4000,2761.0000,2766.4000,2766.6000,2767.0000,2769.4000,2774.0000,1,3,1,1,1,1,3,5,1,5
SF,IH2007,2020-05-22 09:32:02.500,2765.2000,3104,-1,53184600.000,1,0,1,双平,S,2764.2000,2763.8000,2761.4000,2761.0000,2759.2000,2765.2000,2766.4000,2766.6000,2767.0000,2769.4000,3,1,1,1,3,1,1,2,5,1
SF,IH2007,2020-05-22 09:32:03.000,2765.2000,3104,0,53184600.000,0,-,-,-,-,2764.2000,2763.8000,2761.4000,2761.0000,2759.2000,2765.2000,2766.8000,2767.0000,2769.4000,2774.0000,3,1,1,1,3,1,1,5,1,5
SF,IH2007,2020-05-22 09:32:03.500,2764.2000,3103,-1,54013860.000,1,0,1,双平,S,2764.4000,2764.2000,2763.8000,2761.4000,2761.0000,2765.2000,2766.8000,2767.0000,2769.4000,2774.0000,1,1,1,1,1,1,1,5,1,5
SF,IH2007,2020-05-22 09:32:04.000,2764.2000,3103,0,54843120.000,1,0,1,多换,S,2763.8000,2761.4000,2761.0000,2759.2000,2755.0000,2764.2000,2765.0000,2765.2000,2766.8000,2767.0000,1,1,1,3,5,2,1,1,1,5
SF,IH2007,2020-05-22 09:32:04.500,2764.2000,3103,0,55672380.000,1,0,1,多换,S,2763.8000,2761.4000,2761.0000,2759.2000,2755.0000,2765.2000,2767.0000,2769.4000,2774.0000,2775.0000,1,1,1,3,5,1,5,1,5,1
SF,IH2007,2020-05-22 09:32:05.000,2764.2000,3103,0,55672380.000,0,-,-,-,-,2763.8000,2761.4000,2761.0000,2759.2000,2755.0000,2765.0000,2765.2000,2765.8000,2767.0000,2769.4000,1,1,1,3,5,3,1,1,5,1
SF,IH2007,2020-05-22 09:32:05.500,2764.2000,3103,0,55672380.000,0,-,-,-,-,2763.8000,2762.2000,2761.4000,2761.0000,2759.2000,2764.8000,2765.0000,2765.2000,2765.8000,2766.8000,1,1,1,1,3,1,3,1,1,1
SF,IH2007,2020-05-22 09:32:06.000,2764.2000,3103,0,55672380.000,0,-,-,-,-,2763.8000,2762.2000,2761.4000,2761.2000,2761.0000,2764.6000,2764.8000,2765.0000,2765.2000,2765.8000,1,1,1,1,1,1,1,1,1,1
SF,IH2007,2020-05-22 09:32:06.500,2764.2000,3103,0,55672380.000,0,-,-,-,-,2763.8000,2762.2000,2761.4000,2761.2000,2761.0000,2764.4000,2764.6000,2765.0000,2765.2000,2765.8000,1,1,1,1,1,1,1,1,1,1
SF,IH2007,2020-05-22 09:32:07.000,2764.4000,3103,0,56501700.000,1,0,1,多换,S,2764.0000,2763.8000,2762.2000,2761.4000,2761.2000,2765.0000,2765.2000,2765.8000,2767.0000,2769.4000,1,1,1,1,1,1,1,1,5,1
SF,IH2007,2020-05-22 09:32:07.500,2764.4000,3103,0,56501700.000,0,-,-,-,-,2764.0000,2763.8000,2762.2000,2761.4000,2761.2000,2764.8000,2765.0000,2765.2000,2765.8000,2766.8000,1,1,1,1,1,1,1,1,1,1
SF,IH2007,2020-05-22 09:32:08.000,2764.4000,3103,0,56501700.000,0,-,-,-,-,2764.2000,2764.0000,2763.8000,2762.2000,2761.4000,2765.0000,2765.2000,2765.8000,2766.8000,2767.0000,1,1,1,1,1,1,1,1,1,5
SF,IH2007,2020-05-22 09:32:08.500,2764.4000,3103,0,56501700.000,0,-,-,-,-,2764.2000,2763.8000,2762.2000,2761.4000,2761.2000,2764.6000,2765.0000,2765.2000,2765.8000,2766.8000,1,1,1,1,1,1,1,1,1,1
SF,IH2007,2020-05-22 09:32:10.000,2764.4000,3103,0,56501700.000,0,-,-,-,-,2763.8000,2762.2000,2761.4000,2761.2000,2761.0000,2764.2000,2764.6000,2765.0000,2765.2000,2765.8000,1,1,1,1,1,2,1,1,1,1
SF,IH2007,2020-05-22 09:32:10.500,2764.4000,3103,0,56501700.000,0,-,-,-,-,2763.8000,2762.2000,2761.4000,2761.2000,2761.0000,2764.2000,2764.6000,2765.0000,2765.2000,2765.8000,1,1,1,1,1,2,1,1,1,1
SF,IH2007,2020-05-22 09:32:11.000,2763.8000,3103,0,57330840.000,1,0,1,多换,S,2762.2000,2761.4000,2761.2000,2761.0000,2757.0000,2764.2000,2764.6000,2765.0000,2765.2000,2765.8000,1,1,1,1,3,2,1,1,1,1
SF,IH2007,2020-05-22 09:32:11.500,2764.0000,3102,-1,58160040.000,1,0,1,双平,S,2763.6000,2763.2000,2762.4000,2762.2000,2761.4000,2764.0000,2764.2000,2765.2000,2765.8000,2767.0000,1,2,3,1,1,1,2,1,1,5
SF,IH2007,2020-05-22 09:32:12.000,2764.0000,3102,0,58160040.000,0,-,-,-,-,2762.4000,2762.2000,2761.4000,2761.2000,2761.0000,2764.2000,2765.2000,2765.8000,2767.0000,2769.4000,2,1,1,1,1,2,1,1,5,1
SF,IH2007,2020-05-22 09:32:12.500,2764.0000,3102,0,58989240.000,1,0,1,多换,S,2763.4000,2763.0000,2762.6000,2762.4000,2762.2000,2764.2000,2765.2000,2765.8000,2767.0000,2769.4000,1,1,1,2,1,2,1,1,5,1
SF,IH2007,2020-05-22 09:32:13.000,2764.0000,3102,0,58989240.000,0,-,-,-,-,2762.4000,2762.2000,2761.4000,2761.2000,2761.0000,2764.2000,2765.2000,2765.8000,2767.0000,2769.4000,2,1,1,1,1,2,1,1,5,1
SF,IH2007,2020-05-22 09:32:13.500,2764.0000,3102,0,58989240.000,0,-,-,-,-,2762.8000,2762.4000,2762.2000,2761.4000,2761.2000,2764.0000,2764.2000,2765.2000,2765.8000,2767.0000,1,2,1,1,1,1,2,1,1,5
SF,IH2007,2020-05-22 09:32:14.000,2764.0000,3102,0,58989240.000,0,-,-,-,-,2763.0000,2762.8000,2762.2000,2761.4000,2761.2000,2764.0000,2764.2000,2765.2000,2765.8000,2769.4000,1,1,1,1,1,6,2,1,1,1
SF,IH2007,2020-05-22 09:32:14.500,2764.0000,3102,0,59818440.000,1,0,1,多换,S,2762.8000,2762.2000,2761.4000,2761.2000,2761.0000,2763.0000,2763.8000,2764.0000,2764.2000,2765.2000,1,1,1,1,1,1,1,6,2,1
SF,IH2007,2020-05-22 09:32:15.000,2762.8000,3101,-1,60647280.000,1,0,1,双平,S,2761.4000,2761.2000,2761.0000,2757.0000,2755.0000,2763.0000,2764.0000,2764.2000,2765.2000,2769.4000,1,1,1,3,5,1,6,2,1,1
SF,IH2007,2020-05-22 09:32:15.500,2762.8000,3101,0,60647280.000,0,-,-,-,-,2762.0000,2761.6000,2761.4000,2761.2000,2761.0000,2763.0000,2764.0000,2764.2000,2765.2000,2769.4000,1,2,1,1,1,1,6,2,1,1
SF,IH2007,2020-05-22 09:32:16.000,2762.8000,3101,0,60647280.000,0,-,-,-,-,2762.2000,2762.0000,2761.6000,2761.4000,2761.0000,2763.0000,2764.0000,2764.2000,2765.2000,2766.4000,1,1,1,1,1,1,6,2,1,5
SF,IH2007,2020-05-22 09:32:16.500,2762.8000,3101,0,60647280.000,0,-,-,-,-,2762.2000,2761.6000,2761.4000,2761.0000,2755.0000,2762.8000,2763.0000,2764.0000,2764.2000,2765.2000,1,1,2,1,5,1,1,6,2,1
SF,IH2007,2020-05-22 09:32:17.000,2762.8000,3101,0,60647280.000,0,-,-,-,-,2761.6000,2761.4000,2761.0000,2755.0000,2753.6000,2762.8000,2763.0000,2764.0000,2764.2000,2766.4000,1,2,1,5,1,1,1,6,2,5
SF,IH2007,2020-05-22 09:32:18.000,2762.8000,3101,0,60647280.000,0,-,-,-,-,2761.6000,2761.4000,2761.0000,2759.4000,2755.0000,2762.8000,2763.0000,2764.0000,2764.2000,2766.4000,1,2,1,1,5,1,1,6,2,5
SF,IH2007,2020-05-22 09:32:18.500,2762.8000,3101,0,60647280.000,0,-,-,-,-,2761.6000,2761.4000,2761.0000,2759.4000,2755.0000,2762.6000,2762.8000,2763.0000,2764.0000,2764.2000,1,2,1,1,5,1,1,1,6,2
SF,IH2007,2020-05-22 09:32:19.000,2762.8000,3101,0,60647280.000,0,-,-,-,-,2761.4000,2761.0000,2759.4000,2755.0000,2753.6000,2762.4000,2762.6000,2762.8000,2763.0000,2764.0000,1,1,1,5,1,1,1,1,1,6
SF,IH2007,2020-05-22 09:32:19.500,2762.8000,3101,0,60647280.000,0,-,-,-,-,2761.4000,2761.0000,2759.4000,2755.0000,2753.6000,2762.4000,2762.6000,2762.8000,2763.0000,2764.0000,1,1,1,5,1,2,1,1,1,6
SF,IH2007,2020-05-22 09:32:20.000,2762.8000,3101,0,60647280.000,0,-,-,-,-,2761.4000,2761.0000,2759.4000,2755.0000,2753.6000,2762.2000,2762.4000,2762.6000,2762.8000,2763.0000,1,1,1,5,1,1,1,1,1,1
SF,IH2007,2020-05-22 09:32:21.000,2762.8000,3101,0,60647280.000,0,-,-,-,-,2761.4000,2761.0000,2759.4000,2755.0000,2753.6000,2762.2000,2762.4000,2762.6000,2762.8000,2763.0000,1,1,1,5,1,1,1,1,1,1
SF,IH2007,2020-05-22 09:32:21.500,2762.4000,3099,-2,62304720.000,2,0,2,双平,S,2761.4000,2761.0000,2759.4000,2755.0000,2753.6000,2762.6000,2762.8000,2763.0000,2764.0000,2764.2000,1,1,1,5,1,1,1,1,5,2
SF,IH2007,2020-05-22 09:32:22.000,2762.4000,3099,0,62304720.000,0,-,-,-,-,2762.2000,2761.6000,2761.4000,2761.0000,2759.4000,2762.6000,2763.0000,2764.0000,2764.2000,2766.4000,1,1,1,1,1,1,1,5,2,5
SF,IH2007,2020-05-22 09:32:22.500,2762.6000,3098,-1,63133500.000,1,0,1,双平,S,2762.2000,2761.6000,2761.4000,2761.2000,2761.0000,2763.0000,2764.0000,2764.2000,2766.4000,2769.4000,1,1,2,1,1,1,5,2,5,1
SF,IH2007,2020-05-22 09:32:23.000,2762.6000,3098,0,63133500.000,0,-,-,-,-,2762.2000,2761.6000,2761.4000,2761.2000,2761.0000,2763.0000,2764.0000,2764.2000,2766.4000,2769.4000,1,1,1,1,1,1,5,2,5,1
SF,IH2007,2020-05-22 09:32:23.500,2762.6000,3098,0,63133500.000,0,-,-,-,-,2762.2000,2761.6000,2761.4000,2761.2000,2761.0000,2762.8000,2763.0000,2764.0000,2764.2000,2766.4000,1,1,1,1,1,1,1,5,2,5
SF,IH2007,2020-05-22 09:32:24.500,2762.6000,3098,0,63133500.000,0,-,-,-,-,2761.6000,2761.4000,2761.2000,2761.0000,2760.4000,2762.8000,2763.0000,2764.0000,2764.2000,2766.4000,1,1,1,1,1,1,1,5,2,5
SF,IH2007,2020-05-22 09:32:25.000,2762.6000,3098,0,63133500.000,0,-,-,-,-,2761.8000,2761.6000,2761.4000,2761.2000,2761.0000,2763.0000,2764.0000,2764.2000,2766.4000,2769.4000,1,1,1,1,1,1,5,2,5,1
SF,IH2007,2020-05-22 09:32:26.000,2762.6000,3098,0,63133500.000,0,-,-,-,-,2761.8000,2761.6000,2761.4000,2761.2000,2761.0000,2762.8000,2763.0000,2764.0000,2764.2000,2766.4000,1,1,1,1,1,1,1,5,2,5
SF,IH2007,2020-05-22 09:32:28.000,2762.6000,3098,0,63133500.000,0,-,-,-,-,2762.2000,2761.8000,2761.6000,2761.4000,2761.2000,2762.8000,2763.0000,2764.0000,2764.2000,2766.4000,1,1,1,1,1,1,1,5,2,5
SF,IH2007,2020-05-22 09:32:28.500,2762.6000,3098,0,63133500.000,0,-,-,-,-,2762.2000,2761.8000,2761.6000,2761.4000,2761.2000,2762.8000,2763.0000,2764.0000,2764.2000,2766.4000,1,1,1,1,1,1,1,5,2,5
SF,IH2007,2020-05-22 09:32:29.000,2762.6000,3098,0,63133500.000,0,-,-,-,-,2762.2000,2761.8000,2761.6000,2761.4000,2761.2000,2763.0000,2764.0000,2764.2000,2766.4000,2769.4000,1,1,1,1,1,1,5,2,5,1
SF,IH2007,2020-05-22 09:32:30.000,2762.6000,3098,0,63133500.000,0,-,-,-,-,2762.2000,2761.8000,2761.6000,2761.4000,2761.2000,2764.0000,2764.2000,2766.4000,2769.4000,2775.0000,1,1,1,1,1,5,2,5,1,1
SF,IH2007,2020-05-22 09:32:30.500,2762.6000,3098,0,63133500.000,0,-,-,-,-,2762.4000,2762.2000,2761.4000,2761.2000,2761.0000,2764.0000,2764.2000,2765.0000,2766.4000,2769.4000,2,1,1,1,1,5,2,1,5,1
SF,IH2007,2020-05-22 09:32:31.000,2762.6000,3098,0,63133500.000,0,-,-,-,-,2762.6000,2762.4000,2762.2000,2761.4000,2761.2000,2764.0000,2764.2000,2765.0000,2766.4000,2769.4000,1,1,1,1,1,5,2,1,5,1
SF,IH2007,2020-05-22 09:32:32.000,2762.6000,3098,0,63133500.000,0,-,-,-,-,2762.6000,2762.4000,2762.2000,2761.4000,2761.2000,2763.8000,2764.0000,2764.2000,2765.0000,2766.4000,1,1,1,1,1,1,5,2,1,5
SF,IH2007,2020-05-22 09:32:33.000,2762.6000,3097,-1,63962280.000,1,0,1,双平,S,2762.4000,2762.2000,2761.4000,2761.2000,2761.0000,2763.8000,2764.0000,2764.2000,2765.0000,2766.4000,1,1,1,1,1,1,5,2,1,5
SF,IH2007,2020-05-22 09:32:33.500,2762.6000,3097,0,63962280.000,0,-,-,-,-,2762.4000,2762.2000,2761.4000,2761.2000,2761.0000,2764.0000,2764.2000,2765.0000,2766.4000,2769.4000,1,1,1,1,1,5,2,1,5,1
SF,IH2007,2020-05-22 09:32:34.000,2762.6000,3097,0,63962280.000,0,-,-,-,-,2762.6000,2762.4000,2762.2000,2761.4000,2761.2000,2764.0000,2764.2000,2765.0000,2766.4000,2769.4000,2,1,1,1,1,5,2,1,5,1
SF,IH2007,2020-05-22 09:32:35.000,2762.6000,3097,0,63962280.000,0,-,-,-,-,2762.4000,2762.2000,2761.4000,2761.2000,2761.0000,2764.0000,2764.2000,2765.0000,2766.4000,2769.4000,1,1,1,1,1,5,2,1,5,1
SF,IH2007,2020-05-22 09:32:35.500,2762.6000,3097,0,63962280.000,0,-,-,-,-,2762.8000,2762.6000,2762.4000,2762.2000,2761.4000,2764.0000,2764.2000,2765.0000,2766.4000,2769.4000,1,1,1,1,1,5,2,1,5,1
SF,IH2007,2020-05-22 09:32:36.000,2762.6000,3097,0,63962280.000,0,-,-,-,-,2762.8000,2762.6000,2762.4000,2762.2000,2761.4000,2764.0000,2764.2000,2765.0000,2766.4000,2769.4000,1,1,1,1,1,5,2,1,5,1
SF,IH2007,2020-05-22 09:32:37.500,2762.6000,3097,0,63962280.000,0,-,-,-,-,2762.8000,2762.6000,2762.4000,2762.2000,2761.4000,2764.0000,2764.2000,2765.0000,2769.4000,2770.2000,1,1,1,1,1,5,2,1,1,5
SF,IH2007,2020-05-22 09:32:38.000,2764.0000,3097,0,64791480.000,1,0,1,多换,S,2763.0000,2762.8000,2762.4000,2762.2000,2761.4000,2764.0000,2764.2000,2765.0000,2769.4000,2770.2000,1,1,1,1,1,4,2,1,1,5
SF,IH2007,2020-05-22 09:32:38.500,2764.0000,3097,0,64791480.000,0,-,-,-,-,2763.2000,2763.0000,2762.4000,2762.2000,2761.4000,2764.0000,2764.2000,2765.0000,2769.4000,2770.2000,2,1,1,1,1,4,2,1,1,5
SF,IH2007,2020-05-22 09:32:39.000,2764.0000,3097,0,66449880.000,2,1,1,多换,S,2763.2000,2763.0000,2762.4000,2762.2000,2761.4000,2764.0000,2764.2000,2765.0000,2769.4000,2770.2000,2,1,1,1,1,2,2,1,1,5
SF,IH2007,2020-05-22 09:32:39.500,2764.0000,3097,0,67279080.000,1,0,1,多换,S,2763.2000,2763.0000,2762.4000,2762.2000,2761.4000,2764.0000,2764.2000,2765.0000,2769.4000,2770.2000,2,1,1,1,1,1,2,1,1,5
SF,IH2007,2020-05-22 09:32:40.500,2764.0000,3097,0,67279080.000,0,-,-,-,-,2763.2000,2763.0000,2762.4000,2762.2000,2761.4000,2764.0000,2764.2000,2765.0000,2769.4000,2770.2000,1,1,1,1,1,1,2,1,1,5
SF,IH2007,2020-05-22 09:32:41.000,2764.0000,3098,1,68108280.000,1,1,0,双开,S,2763.2000,2763.0000,2762.4000,2762.2000,2761.4000,2764.2000,2765.0000,2769.4000,2770.2000,2775.0000,1,1,1,1,1,2,1,1,5,1
SF,IH2007,2020-05-22 09:32:41.500,2763.4000,3098,0,68937300.000,1,0,1,多换,S,2763.4000,2763.2000,2762.4000,2762.2000,2761.4000,2764.2000,2765.0000,2769.4000,2770.2000,2775.0000,1,1,1,1,1,2,1,1,5,1
SF,IH2007,2020-05-22 09:32:42.000,2763.4000,3098,0,68937300.000,0,-,-,-,-,2763.4000,2763.2000,2762.4000,2762.2000,2761.4000,2765.0000,2769.4000,2770.2000,2775.0000,2783.8000,1,1,1,1,1,1,1,5,1,3
SF,IH2007,2020-05-22 09:32:42.500,2763.4000,3098,0,68937300.000,0,-,-,-,-,2763.4000,2763.2000,2762.4000,2762.2000,2761.4000,2765.0000,2765.8000,2769.4000,2770.2000,2775.0000,1,1,1,1,1,1,1,1,5,1
SF,IH2007,2020-05-22 09:32:43.000,2763.4000,3098,0,68937300.000,0,-,-,-,-,2763.4000,2763.2000,2762.4000,2762.2000,2761.4000,2765.0000,2765.8000,2766.8000,2769.4000,2770.2000,1,1,1,1,1,1,1,1,1,5
SF,IH2007,2020-05-22 09:32:44.500,2763.4000,3098,0,68937300.000,0,-,-,-,-,2763.4000,2763.2000,2762.4000,2762.2000,2761.4000,2765.0000,2765.8000,2766.8000,2769.4000,2770.2000,2,1,1,1,1,1,1,1,1,5
SF,IH2007,2020-05-22 09:32:45.500,2763.4000,3098,0,68937300.000,0,-,-,-,-,2763.4000,2763.2000,2762.4000,2762.2000,2761.4000,2765.0000,2765.8000,2766.8000,2769.4000,2770.2000,1,1,1,1,1,1,1,1,1,5
SF,IH2007,2020-05-22 09:32:46.000,2763.4000,3098,0,68937300.000,0,-,-,-,-,2763.4000,2763.2000,2762.4000,2762.2000,2761.4000,2764.8000,2765.0000,2765.8000,2766.8000,2769.4000,1,1,1,1,1,2,1,1,1,1
SF,IH2007,2020-05-22 09:32:46.500,2763.4000,3098,0,68937300.000,0,-,-,-,-,2763.2000,2762.4000,2762.2000,2761.4000,2761.2000,2764.8000,2765.0000,2765.8000,2766.8000,2769.4000,1,1,1,1,1,2,1,1,1,1
SF,IH2007,2020-05-22 09:32:47.000,2763.4000,3098,0,68937300.000,0,-,-,-,-,2763.2000,2762.4000,2762.2000,2761.4000,2761.2000,2764.8000,2765.0000,2765.8000,2766.8000,2769.4000,1,1,1,1,1,1,1,1,1,1
SF,IH2007,2020-05-22 09:32:51.000,2763.2000,3097,-1,69766260.000,1,0,1,双平,S,2762.4000,2762.2000,2761.4000,2761.2000,2761.0000,2764.8000,2765.0000,2765.8000,2766.8000,2769.4000,1,1,1,1,1,1,1,1,1,1
SF,IH2007,2020-05-22 09:32:51.500,2763.2000,3097,0,69766260.000,0,-,-,-,-,2762.6000,2762.2000,2761.4000,2761.2000,2761.0000,2764.8000,2765.0000,2765.8000,2766.8000,2769.4000,1,1,1,1,1,1,1,1,1,1
SF,IH2007,2020-05-22 09:32:52.000,2763.2000,3097,0,69766260.000,0,-,-,-,-,2762.6000,2762.2000,2761.4000,2761.2000,2761.0000,2764.6000,2764.8000,2765.0000,2765.8000,2766.8000,1,1,1,1,1,1,1,1,1,1
SF,IH2007,2020-05-22 09:32:52.500,2763.2000,3097,0,69766260.000,0,-,-,-,-,2762.6000,2762.2000,2761.4000,2761.2000,2761.0000,2764.4000,2764.6000,2764.8000,2765.0000,2765.8000,1,1,1,1,1,1,1,1,1,1
SF,IH2007,2020-05-22 09:32:53.000,2763.2000,3097,0,69766260.000,0,-,-,-,-,2762.2000,2761.4000,2761.2000,2761.0000,2755.0000,2764.4000,2764.8000,2765.0000,2765.8000,2769.4000,1,1,1,1,5,1,1,1,1,1
SF,IH2007,2020-05-22 09:32:53.500,2763.2000,3097,0,69766260.000,0,-,-,-,-,2762.4000,2762.2000,2761.4000,2761.2000,2761.0000,2764.4000,2764.8000,2765.0000,2765.8000,2769.4000,1,1,1,1,1,1,1,1,1,1
SF,IH2007,2020-05-22 09:32:54.000,2763.2000,3097,0,69766260.000,0,-,-,-,-,2762.4000,2762.2000,2761.4000,2761.2000,2761.0000,2764.4000,2764.8000,2765.0000,2765.8000,2769.4000,2,1,1,1,1,1,1,1,1,1
SF,IH2007,2020-05-22 09:32:54.500,2763.2000,3097,0,69766260.000,0,-,-,-,-,2762.4000,2762.2000,2761.4000,2761.2000,2761.0000,2764.4000,2764.8000,2765.0000,2765.8000,2769.4000,2,1,1,1,1,1,1,1,1,1
SF,IH2007,2020-05-22 09:32:55.000,2763.2000,3097,0,69766260.000,0,-,-,-,-,2762.4000,2762.2000,2761.4000,2761.2000,2761.0000,2764.4000,2764.8000,2765.0000,2765.8000,2769.4000,2,1,1,1,1,1,1,1,1,1
SF,IH2007,2020-05-22 09:32:57.000,2763.2000,3097,0,69766260.000,0,-,-,-,-,2762.4000,2762.2000,2761.4000,2761.2000,2761.0000,2764.4000,2764.8000,2765.0000,2765.8000,2769.4000,1,1,1,1,1,1,1,1,1,1
SF,IH2007,2020-05-22 09:33:01.000,2763.2000,3097,0,69766260.000,0,-,-,-,-,2762.4000,2762.2000,2761.4000,2761.2000,2761.0000,2764.4000,2764.8000,2765.0000,2765.8000,2769.4000,2,1,1,1,1,1,1,1,1,1
SF,IH2007,2020-05-22 09:33:02.000,2762.4000,3097,0,70594980.000,1,0,1,多换,S,2762.2000,2761.4000,2761.2000,2761.0000,2755.0000,2764.2000,2764.8000,2765.0000,2765.8000,2769.4000,1,1,1,1,5,1,1,1,1,1
SF,IH2007,2020-05-22 09:33:02.500,2762.4000,3097,0,70594980.000,0,-,-,-,-,2762.2000,2761.4000,2761.2000,2761.0000,2755.0000,2763.2000,2764.2000,2764.8000,2765.0000,2765.8000,1,1,1,1,5,1,3,1,1,1
SF,IH2007,2020-05-22 09:33:03.000,2762.2000,3097,0,71423640.000,1,0,1,多换,S,2761.4000,2761.2000,2761.0000,2755.0000,2753.6000,2763.2000,2764.2000,2764.8000,2765.0000,2769.4000,1,1,1,5,1,1,2,1,1,1
SF,IH2007,2020-05-22 09:33:03.500,2763.2000,3094,-3,74739480.000,4,0,4,多平,S,2763.6000,2761.6000,2761.4000,2761.2000,2761.0000,2764.2000,2764.8000,2765.0000,2769.4000,2770.2000,1,2,1,1,1,1,1,1,1,5
SF,IH2007,2020-05-22 09:33:04.000,2763.2000,3093,-1,75568440.000,1,0,1,双平,S,2761.4000,2761.0000,2755.0000,2753.6000,2753.2000,2763.4000,2763.6000,2764.0000,2764.2000,2764.8000,1,1,5,1,4,6,1,1,1,1
SF,IH2007,2020-05-22 09:33:04.500,2761.4000,3093,0,76396860.000,1,0,1,多换,S,2761.4000,2761.0000,2755.0000,2753.6000,2753.2000,2763.6000,2764.2000,2764.8000,2765.0000,2769.4000,1,1,5,1,4,1,1,1,1,1
SF,IH2007,2020-05-22 09:33:05.000,2761.4000,3093,0,76396860.000,0,-,-,-,-,2761.0000,2755.0000,2753.6000,2753.2000,2750.8000,2763.4000,2763.6000,2764.2000,2764.8000,2765.0000,1,5,1,4,3,1,1,1,1,1
SF,IH2007,2020-05-22 09:33:05.500,2761.4000,3093,0,76396860.000,0,-,-,-,-,2761.0000,2755.0000,2753.6000,2753.2000,2750.8000,2763.2000,2763.4000,2764.2000,2764.8000,2765.0000,1,5,1,4,3,2,2,1,1,1
SF,IH2007,2020-05-22 09:33:06.000,2761.4000,3093,0,76396860.000,0,-,-,-,-,2761.2000,2761.0000,2755.0000,2753.6000,2753.2000,2763.2000,2763.4000,2764.2000,2764.8000,2765.0000,2,1,5,1,4,3,2,1,1,1
SF,IH2007,2020-05-22 09:33:06.500,2761.4000,3093,0,76396860.000,0,-,-,-,-,2761.4000,2761.2000,2761.0000,2755.0000,2753.6000,2763.2000,2763.4000,2763.6000,2764.2000,2764.8000,1,2,1,5,1,3,2,1,1,1
SF,IH2007,2020-05-22 09:33:07.000,2761.4000,3093,0,76396860.000,0,-,-,-,-,2761.6000,2761.0000,2755.0000,2753.6000,2753.2000,2763.2000,2763.4000,2763.6000,2764.2000,2764.8000,3,1,5,1,4,2,2,1,1,1
SF,IH2007,2020-05-22 09:33:07.500,2761.4000,3093,0,76396860.000,0,-,-,-,-,2761.8000,2761.6000,2761.0000,2755.0000,2753.6000,2763.2000,2763.4000,2763.6000,2764.2000,2764.8000,1,2,1,5,1,1,1,1,1,1
SF,IH2007,2020-05-22 09:33:08.000,2763.2000,3093,0,77225820.000,1,0,1,多换,S,2763.2000,2762.0000,2761.0000,2755.0000,2753.6000,2763.4000,2763.6000,2764.2000,2764.8000,2765.0000,1,3,1,5,1,1,1,1,1,1
SF,IH2007,2020-05-22 09:33:08.500,2763.2000,3091,-2,78883800.000,2,0,2,双平,S,2762.0000,2761.0000,2755.0000,2753.6000,2753.2000,2763.6000,2764.2000,2764.8000,2765.0000,2769.4000,1,1,5,1,4,1,1,1,1,1
SF,IH2007,2020-05-22 09:33:09.000,2763.2000,3091,0,78883800.000,0,-,-,-,-,2763.4000,2762.2000,2762.0000,2761.0000,2755.0000,2763.6000,2764.8000,2765.0000,2769.4000,2770.2000,1,1,1,1,5,1,1,1,1,5
SF,IH2007,2020-05-22 09:33:09.500,2763.2000,3091,0,78883800.000,0,-,-,-,-,2762.2000,2761.0000,2755.0000,2753.6000,2753.2000,2763.4000,2763.6000,2764.8000,2765.0000,2769.4000,1,1,5,1,4,2,1,1,1,1
SF,IH2007,2020-05-22 09:33:10.000,2763.2000,3091,0,78883800.000,0,-,-,-,-,2762.2000,2761.0000,2755.0000,2753.6000,2753.2000,2763.4000,2763.6000,2764.8000,2765.0000,2769.4000,2,1,5,1,4,2,1,1,1,1
SF,IH2007,2020-05-22 09:33:10.500,2763.2000,3091,0,78883800.000,0,-,-,-,-,2762.2000,2761.0000,2755.0000,2753.6000,2753.2000,2763.2000,2763.4000,2763.6000,2764.8000,2765.0000,2,1,5,1,4,1,2,1,1,1
SF,IH2007,2020-05-22 09:33:11.000,2763.2000,3091,0,78883800.000,0,-,-,-,-,2762.4000,2762.2000,2761.0000,2755.0000,2753.6000,2763.2000,2763.4000,2763.6000,2764.8000,2765.0000,2,1,1,5,1,1,2,1,1,1
SF,IH2007,2020-05-22 09:33:11.500,2763.2000,3091,0,78883800.000,0,-,-,-,-,2762.4000,2762.2000,2761.0000,2755.0000,2753.6000,2763.4000,2763.6000,2764.6000,2764.8000,2765.0000,2,1,1,5,1,2,1,1,1,1
SF,IH2007,2020-05-22 09:33:12.000,2763.2000,3091,0,80541420.000,2,1,1,多换,S,2762.6000,2762.2000,2761.0000,2755.0000,2753.6000,2763.4000,2763.6000,2764.6000,2764.8000,2765.0000,1,1,1,5,1,2,1,1,1,1
SF,IH2007,2020-05-22 09:33:12.500,2763.2000,3091,0,80541420.000,0,-,-,-,-,2762.6000,2762.2000,2761.0000,2755.0000,2753.6000,2763.2000,2763.4000,2763.6000,2764.8000,2765.0000,1,1,1,5,1,1,2,1,1,1
SF,IH2007,2020-05-22 09:33:13.500,2763.2000,3091,0,80541420.000,0,-,-,-,-,2762.6000,2762.2000,2761.0000,2755.0000,2753.6000,2763.4000,2763.6000,2764.6000,2764.8000,2765.0000,1,1,1,5,1,2,1,1,1,1
SF,IH2007,2020-05-22 09:33:14.000,2763.2000,3091,0,80541420.000,0,-,-,-,-,2762.6000,2762.2000,2761.0000,2755.0000,2753.6000,2763.4000,2763.6000,2764.2000,2764.6000,2764.8000,1,1,1,5,1,2,1,1,1,1
SF,IH2007,2020-05-22 09:33:15.500,2763.2000,3091,0,80541420.000,0,-,-,-,-,2762.6000,2762.2000,2761.2000,2761.0000,2755.0000,2763.4000,2763.6000,2764.2000,2764.6000,2764.8000,1,1,1,1,5,2,1,1,1,1
SF,IH2007,2020-05-22 09:33:18.500,2763.2000,3091,0,80541420.000,0,-,-,-,-,2762.8000,2762.6000,2762.2000,2761.2000,2761.0000,2763.4000,2763.6000,2764.2000,2764.6000,2764.8000,5,1,1,1,1,2,1,1,1,1
SF,IH2007,2020-05-22 09:33:19.500,2762.8000,3092,1,83028120.000,3,2,1,空开,S,2763.4000,2762.8000,2762.6000,2762.2000,2761.2000,2763.6000,2764.2000,2764.6000,2764.8000,2765.0000,1,3,1,1,1,1,1,1,1,1
SF,IH2007,2020-05-22 09:33:20.000,2763.6000,3092,0,84686220.000,2,1,1,多换,S,2762.8000,2762.6000,2762.2000,2761.2000,2761.0000,2764.2000,2764.6000,2764.8000,2765.0000,2769.4000,3,2,1,1,1,1,1,1,1,1
SF,IH2007,2020-05-22 09:33:20.500,2763.6000,3092,0,84686220.000,0,-,-,-,-,2762.8000,2762.6000,2762.2000,2762.0000,2761.2000,2764.2000,2764.6000,2764.8000,2765.0000,2765.6000,3,2,1,1,1,1,1,1,1,1
SF,IH2007,2020-05-22 09:33:21.000,2763.6000,3092,0,84686220.000,0,-,-,-,-,2763.0000,2762.8000,2762.6000,2762.2000,2762.0000,2764.2000,2764.6000,2764.8000,2765.0000,2765.6000,3,3,2,1,1,1,1,1,1,1
SF,IH2007,2020-05-22 09:33:22.000,2763.6000,3092,0,84686220.000,0,-,-,-,-,2763.0000,2762.8000,2762.6000,2762.2000,2762.0000,2764.2000,2764.8000,2765.0000,2765.6000,2769.4000,1,3,2,1,1,1,1,1,1,1
SF,IH2007,2020-05-22 09:33:23.000,2764.2000,3091,-1,85515480.000,1,0,1,双平,S,2763.2000,2763.0000,2762.8000,2762.6000,2762.2000,2764.8000,2765.0000,2765.6000,2766.8000,2769.4000,1,2,3,2,1,1,1,1,1,1
SF,IH2007,2020-05-22 09:33:23.500,2764.2000,3091,0,85515480.000,0,-,-,-,-,2763.4000,2763.2000,2763.0000,2762.8000,2762.6000,2764.8000,2765.0000,2765.6000,2766.8000,2769.4000,1,1,1,3,2,1,1,1,1,1
SF,IH2007,2020-05-22 09:33:24.000,2764.2000,3091,0,85515480.000,0,-,-,-,-,2763.4000,2763.2000,2762.8000,2762.6000,2762.2000,2764.8000,2765.0000,2765.6000,2766.8000,2769.4000,1,1,3,2,1,1,1,1,1,1
SF,IH2007,2020-05-22 09:33:25.000,2763.4000,3092,1,86344500.000,1,1,0,双开,S,2763.2000,2762.8000,2762.6000,2762.2000,2762.0000,2764.6000,2764.8000,2765.0000,2765.6000,2766.8000,1,3,2,1,1,1,1,1,1,1
SF,IH2007,2020-05-22 09:33:25.500,2763.4000,3092,0,86344500.000,0,-,-,-,-,2763.4000,2762.8000,2762.6000,2762.2000,2762.0000,2764.6000,2764.8000,2765.0000,2765.6000,2766.8000,1,3,2,1,1,1,1,1,1,1
SF,IH2007,2020-05-22 09:33:26.000,2764.6000,3093,1,87173880.000,1,1,0,双开,S,2763.4000,2762.8000,2762.6000,2762.2000,2762.0000,2764.8000,2765.0000,2765.6000,2766.8000,2769.4000,2,3,2,1,1,1,1,1,1,1
SF,IH2007,2020-05-22 09:33:26.500,2764.6000,3093,0,87173880.000,0,-,-,-,-,2763.4000,2762.8000,2762.6000,2762.2000,2762.0000,2764.8000,2765.0000,2765.6000,2766.8000,2769.4000,1,3,2,1,1,1,1,1,1,1
SF,IH2007,2020-05-22 09:33:27.000,2764.6000,3093,0,87173880.000,0,-,-,-,-,2763.4000,2762.8000,2762.6000,2762.2000,2762.0000,2764.4000,2764.8000,2765.0000,2765.6000,2766.8000,1,3,2,1,1,1,1,1,1,1
SF,IH2007,2020-05-22 09:33:27.500,2764.6000,3093,0,87173880.000,0,-,-,-,-,2763.4000,2762.8000,2762.6000,2762.2000,2762.0000,2764.4000,2764.8000,2765.0000,2765.6000,2769.4000,1,3,2,1,1,1,1,1,1,1
SF,IH2007,2020-05-22 09:33:29.000,2764.6000,3093,0,87173880.000,0,-,-,-,-,2762.8000,2762.6000,2762.2000,2762.0000,2761.2000,2763.4000,2764.4000,2764.8000,2765.0000,2765.6000,3,2,1,1,1,1,1,1,1,1
SF,IH2007,2020-05-22 09:33:29.500,2763.4000,3093,0,88002900.000,1,0,1,多换,S,2763.0000,2762.8000,2762.6000,2762.2000,2762.0000,2764.4000,2764.8000,2765.0000,2765.6000,2769.4000,1,3,2,1,1,1,1,1,1,1
SF,IH2007,2020-05-22 09:33:30.000,2763.4000,3093,0,88002900.000,0,-,-,-,-,2763.2000,2762.8000,2762.6000,2762.2000,2762.0000,2764.4000,2764.8000,2765.0000,2765.6000,2769.4000,3,3,2,1,1,1,1,1,1,1
SF,IH2007,2020-05-22 09:33:30.500,2763.4000,3093,0,88002900.000,0,-,-,-,-,2763.2000,2762.8000,2762.6000,2762.2000,2762.0000,2764.4000,2764.8000,2765.0000,2765.6000,2769.4000,2,3,2,1,1,1,1,1,1,1
SF,IH2007,2020-05-22 09:33:31.000,2763.4000,3093,0,88002900.000,0,-,-,-,-,2763.2000,2762.8000,2762.6000,2762.2000,2762.0000,2764.2000,2764.4000,2764.8000,2765.0000,2765.6000,2,3,2,1,1,1,1,1,1,1
SF,IH2007,2020-05-22 09:33:31.500,2763.4000,3093,0,88002900.000,0,-,-,-,-,2763.2000,2763.0000,2762.8000,2762.6000,2762.2000,2764.2000,2764.4000,2764.8000,2765.0000,2765.6000,2,1,3,2,1,1,1,1,1,1
SF,IH2007,2020-05-22 09:33:32.000,2763.0000,3094,1,89660760.000,2,1,1,空开,S,2762.8000,2762.6000,2762.2000,2762.0000,2761.2000,2764.0000,2764.8000,2765.0000,2765.6000,2769.4000,3,2,1,1,1,1,1,1,1,1
SF,IH2007,2020-05-22 09:33:32.500,2763.2000,3095,1,91318560.000,2,1,1,空开,S,2762.8000,2762.6000,2762.2000,2762.0000,2761.2000,2763.8000,2764.0000,2764.8000,2765.0000,2765.6000,2,2,1,1,1,1,1,1,1,1
SF,IH2007,2020-05-22 09:33:33.000,2763.2000,3095,0,91318560.000,0,-,-,-,-,2763.0000,2762.8000,2762.6000,2762.2000,2762.0000,2763.8000,2764.0000,2764.8000,2765.0000,2765.6000,2,2,2,1,1,1,1,1,1,1
SF,IH2007,2020-05-22 09:33:33.500,2763.2000,3095,0,91318560.000,0,-,-,-,-,2763.0000,2762.8000,2762.6000,2762.2000,2762.0000,2763.8000,2764.0000,2764.8000,2765.0000,2765.6000,1,2,2,1,1,1,1,1,1,1
SF,IH2007,2020-05-22 09:33:34.000,2763.2000,3095,0,91318560.000,0,-,-,-,-,2763.2000,2762.8000,2762.6000,2762.2000,2762.0000,2763.8000,2764.8000,2765.0000,2765.6000,2769.4000,1,2,2,1,1,1,1,1,1,1
SF,IH2007,2020-05-22 09:33:34.500,2763.2000,3095,0,91318560.000,0,-,-,-,-,2762.8000,2762.6000,2762.2000,2762.0000,2761.2000,2763.2000,2763.8000,2764.8000,2765.0000,2765.2000,2,2,1,1,1,1,1,1,1,1
SF,IH2007,2020-05-22 09:33:35.000,2763.2000,3096,1,92147520.000,1,1,0,双开,S,2763.0000,2762.8000,2762.6000,2762.2000,2762.0000,2763.8000,2764.8000,2765.0000,2765.2000,2769.4000,1,2,2,1,1,2,1,1,1,1
SF,IH2007,2020-05-22 09:33:35.500,2763.2000,3096,0,92147520.000,0,-,-,-,-,2763.0000,2762.8000,2762.6000,2762.2000,2762.0000,2763.8000,2764.8000,2765.0000,2765.2000,2765.8000,1,2,2,1,1,2,1,1,1,1
SF,IH2007,2020-05-22 09:33:36.500,2763.2000,3096,0,92147520.000,0,-,-,-,-,2762.8000,2762.6000,2762.2000,2762.0000,2761.2000,2763.8000,2764.8000,2765.0000,2765.2000,2765.8000,2,2,1,1,1,2,1,1,1,1
SF,IH2007,2020-05-22 09:33:37.000,2763.2000,3096,0,92147520.000,0,-,-,-,-,2763.0000,2762.8000,2762.6000,2762.2000,2762.0000,2763.8000,2764.8000,2765.0000,2765.2000,2765.8000,1,2,2,1,1,2,1,1,1,1
SF,IH2007,2020-05-22 09:33:37.500,2763.2000,3096,0,92147520.000,0,-,-,-,-,2763.0000,2762.8000,2762.6000,2762.2000,2762.0000,2763.8000,2764.8000,2765.0000,2765.2000,2765.8000,2,2,2,1,1,3,1,1,1,1
SF,IH2007,2020-05-22 09:33:38.000,2763.0000,3096,0,92976420.000,1,0,1,多换,S,2763.0000,2762.8000,2762.6000,2762.2000,2762.0000,2763.8000,2764.8000,2765.0000,2765.2000,2765.8000,1,2,2,1,1,3,1,1,1,1
SF,IH2007,2020-05-22 09:33:38.500,2763.0000,3096,0,92976420.000,0,-,-,-,-,2763.0000,2762.8000,2762.6000,2762.2000,2762.0000,2763.8000,2764.8000,2765.0000,2765.2000,2765.8000,1,4,2,1,1,3,1,1,1,1
SF,IH2007,2020-05-22 09:33:40.500,2763.0000,3096,0,92976420.000,0,-,-,-,-,2763.0000,2762.8000,2762.6000,2762.2000,2762.0000,2763.6000,2763.8000,2764.8000,2765.0000,2765.8000,1,4,2,1,1,1,3,1,1,1
SF,IH2007,2020-05-22 09:33:41.500,2763.0000,3096,0,92976420.000,0,-,-,-,-,2762.8000,2762.6000,2762.2000,2762.0000,2761.2000,2763.6000,2763.8000,2764.8000,2765.0000,2765.8000,4,2,1,1,1,1,3,1,1,1
SF,IH2007,2020-05-22 09:33:42.000,2762.8000,3097,1,93805260.000,1,1,0,双开,S,2762.8000,2762.6000,2762.2000,2762.0000,2761.2000,2763.6000,2763.8000,2764.8000,2765.0000,2765.8000,3,2,1,1,1,1,3,1,1,1
SF,IH2007,2020-05-22 09:33:42.500,2762.8000,3097,0,93805260.000,0,-,-,-,-,2762.8000,2762.6000,2762.2000,2762.0000,2761.2000,2763.4000,2763.6000,2763.8000,2764.8000,2765.0000,3,2,1,1,1,1,1,3,1,1
SF,IH2007,2020-05-22 09:33:43.000,2762.8000,3098,1,94634100.000,1,1,0,双开,S,2762.8000,2762.6000,2762.2000,2762.0000,2761.2000,2763.4000,2763.6000,2763.8000,2764.8000,2765.0000,2,2,1,1,1,1,1,3,1,1
SF,IH2007,2020-05-22 09:33:43.500,2762.8000,3098,0,95462940.000,1,0,1,多换,S,2762.8000,2762.6000,2762.2000,2762.0000,2761.2000,2763.4000,2763.6000,2763.8000,2764.8000,2765.0000,1,2,1,1,1,1,1,2,1,1
SF,IH2007,2020-05-22 09:33:45.000,2762.8000,3098,0,95462940.000,0,-,-,-,-,2762.8000,2762.6000,2762.2000,2762.0000,2761.2000,2763.2000,2763.4000,2763.8000,2764.8000,2765.0000,1,2,1,1,1,1,1,2,1,1
SF,IH2007,2020-05-22 09:33:45.500,2762.8000,3098,0,95462940.000,0,-,-,-,-,2762.8000,2762.6000,2762.2000,2762.0000,2761.2000,2763.2000,2763.8000,2764.8000,2765.0000,2769.4000,1,2,1,1,1,1,2,1,1,1
SF,IH2007,2020-05-22 09:33:46.000,2762.8000,3098,0,96291780.000,1,0,1,多换,S,2762.6000,2762.2000,2762.0000,2761.2000,2761.0000,2763.2000,2763.8000,2764.8000,2765.0000,2769.4000,2,1,1,1,2,1,2,1,1,1
SF,IH2007,2020-05-22 09:33:47.000,2763.2000,3097,-1,97120740.000,1,0,1,双平,S,2762.6000,2762.2000,2762.0000,2761.2000,2761.0000,2763.8000,2764.8000,2765.0000,2769.4000,2770.2000,2,1,1,1,2,2,1,1,1,5
SF,IH2007,2020-05-22 09:33:47.500,2762.8000,3096,-1,97949580.000,1,0,1,双平,S,2762.6000,2762.2000,2762.0000,2761.2000,2761.0000,2763.8000,2764.8000,2765.0000,2765.6000,2769.4000,2,1,1,1,2,2,1,1,1,1
SF,IH2007,2020-05-22 09:33:48.000,2762.8000,3096,0,97949580.000,0,-,-,-,-,2762.6000,2762.2000,2762.0000,2761.2000,2761.0000,2763.8000,2764.8000,2765.0000,2765.6000,2769.4000,2,1,1,1,2,2,1,1,1,1
SF,IH2007,2020-05-22 09:33:49.500,2762.8000,3096,0,97949580.000,0,-,-,-,-,2762.8000,2762.6000,2762.2000,2762.0000,2761.2000,2763.8000,2764.8000,2765.0000,2765.6000,2769.4000,1,2,1,1,1,2,1,1,1,1
SF,IH2007,2020-05-22 09:33:50.000,2762.8000,3096,0,97949580.000,0,-,-,-,-,2762.8000,2762.6000,2762.2000,2762.0000,2761.2000,2763.6000,2763.8000,2764.8000,2765.0000,2765.6000,1,2,1,1,1,1,2,1,1,1
SF,IH2007,2020-05-22 09:33:51.000,2763.6000,3096,0,98778660.000,1,0,1,多换,S,2763.0000,2762.8000,2762.6000,2762.2000,2762.0000,2763.8000,2764.8000,2765.0000,2765.6000,2769.4000,1,1,2,1,1,2,1,1,1,1
SF,IH2007,2020-05-22 09:33:51.500,2763.8000,3095,-1,100436940.000,2,0,2,多平,S,2763.6000,2763.0000,2762.8000,2762.6000,2762.2000,2764.8000,2765.0000,2765.6000,2769.4000,2770.2000,1,1,1,2,1,1,1,1,1,5
SF,IH2007,2020-05-22 09:33:52.000,2763.8000,3095,0,100436940.000,0,-,-,-,-,2763.6000,2762.8000,2762.6000,2762.0000,2761.2000,2764.6000,2764.8000,2765.0000,2765.6000,2769.4000,1,1,2,1,1,2,1,1,1,1
SF,IH2007,2020-05-22 09:33:52.500,2763.8000,3095,0,100436940.000,0,-,-,-,-,2763.6000,2762.8000,2762.6000,2762.0000,2761.2000,2764.4000,2764.6000,2764.8000,2765.0000,2765.6000,1,1,2,1,1,1,2,1,1,1
SF,IH2007,2020-05-22 09:33:55.000,2764.4000,3095,0,101266260.000,1,0,1,多换,S,2763.6000,2762.6000,2762.0000,2761.2000,2761.0000,2764.6000,2764.8000,2765.0000,2765.6000,2766.6000,1,2,1,1,1,2,1,1,1,1
SF,IH2007,2020-05-22 09:33:55.500,2764.4000,3095,0,101266260.000,0,-,-,-,-,2763.8000,2763.6000,2762.6000,2762.0000,2761.2000,2764.6000,2764.8000,2765.0000,2765.6000,2766.6000,1,1,2,1,1,1,1,1,1,1
SF,IH2007,2020-05-22 09:33:57.500,2764.6000,3094,-1,102095640.000,1,0,1,双平,S,2764.6000,2763.8000,2763.6000,2762.6000,2762.0000,2764.8000,2765.0000,2765.6000,2766.6000,2769.4000,1,1,1,2,1,1,1,1,1,1
SF,IH2007,2020-05-22 09:33:58.000,2764.6000,3094,0,103754460.000,2,1,1,多换,S,2763.6000,2762.6000,2761.2000,2761.0000,2755.0000,2765.0000,2765.6000,2766.6000,2769.4000,2770.2000,1,2,1,1,5,1,1,1,1,5
SF,IH2007,2020-05-22 09:33:58.500,2765.0000,3093,-1,104583960.000,1,0,1,双平,S,2763.8000,2763.6000,2762.6000,2762.0000,2761.2000,2765.6000,2766.6000,2769.4000,2770.2000,2775.0000,3,1,2,1,1,1,1,1,5,1
SF,IH2007,2020-05-22 09:33:59.000,2765.0000,3093,0,104583960.000,0,-,-,-,-,2764.0000,2763.8000,2763.6000,2762.6000,2762.0000,2765.6000,2766.6000,2767.4000,2769.4000,2770.2000,2,3,1,2,1,1,1,1,1,5
SF,IH2007,2020-05-22 09:33:59.500,2765.0000,3093,0,104583960.000,0,-,-,-,-,2764.2000,2764.0000,2763.8000,2763.6000,2762.6000,2765.6000,2766.6000,2767.4000,2769.4000,2770.2000,1,3,1,1,2,1,1,1,1,5
SF,IH2007,2020-05-22 09:34:00.000,2765.0000,3093,0,104583960.000,0,-,-,-,-,2764.4000,2764.2000,2764.0000,2763.8000,2763.6000,2765.4000,2765.6000,2766.6000,2767.4000,2769.4000,1,1,2,1,1,1,1,1,1,1
SF,IH2007,2020-05-22 09:34:00.500,2765.0000,3093,0,104583960.000,0,-,-,-,-,2764.6000,2764.4000,2764.0000,2763.8000,2763.6000,2765.4000,2765.6000,2766.6000,2767.4000,2769.4000,1,2,2,1,1,1,1,1,1,1
SF,IH2007,2020-05-22 09:34:01.000,2765.0000,3093,0,104583960.000,0,-,-,-,-,2764.6000,2764.4000,2764.0000,2763.8000,2763.6000,2765.4000,2765.6000,2766.6000,2767.4000,2769.4000,2,2,1,1,1,1,1,1,1,1
SF,IH2007,2020-05-22 09:34:01.500,2764.6000,3093,0,105413340.000,1,0,1,多换,S,2764.4000,2763.8000,2763.6000,2762.6000,2761.2000,2765.2000,2765.4000,2765.6000,2766.6000,2767.4000,2,1,1,2,1,1,1,1,1,1
SF,IH2007,2020-05-22 09:34:02.000,2765.4000,3092,-1,106242960.000,1,0,1,双平,S,2764.8000,2764.4000,2763.8000,2763.6000,2762.6000,2765.6000,2766.6000,2767.4000,2769.4000,2770.2000,1,1,1,1,2,1,1,1,1,5
SF,IH2007,2020-05-22 09:34:03.000,2764.8000,3093,1,107072400.000,1,1,0,双开,S,2764.4000,2763.8000,2763.6000,2762.6000,2761.2000,2764.8000,2765.6000,2766.6000,2767.4000,2769.4000,1,1,1,2,1,1,1,1,1,1
SF,IH2007,2020-05-22 09:34:03.500,2764.8000,3093,0,107072400.000,0,-,-,-,-,2764.4000,2764.0000,2763.8000,2763.6000,2762.6000,2764.8000,2765.6000,2766.6000,2769.4000,2770.2000,1,1,1,1,2,1,1,1,1,5
SF,IH2007,2020-05-22 09:34:04.500,2764.4000,3093,0,107901720.000,1,0,1,多换,S,2764.0000,2763.8000,2763.6000,2762.6000,2761.2000,2764.8000,2765.6000,2766.6000,2769.4000,2770.2000,1,1,1,2,1,1,1,1,1,5
SF,IH2007,2020-05-22 09:34:05.000,2764.4000,3093,0,107901720.000,0,-,-,-,-,2764.0000,2763.8000,2763.6000,2762.6000,2761.2000,2764.4000,2764.8000,2765.6000,2766.6000,2769.4000,1,1,1,2,1,1,1,1,1,1
SF,IH2007,2020-05-22 09:34:05.500,2763.8000,3092,-1,109560060.000,2,0,2,多平,S,2763.6000,2762.6000,2761.2000,2761.0000,2755.0000,2763.8000,2764.4000,2764.8000,2765.0000,2765.6000,1,2,1,1,5,1,1,1,1,1
SF,IH2007,2020-05-22 09:34:06.000,2763.8000,3090,-2,111218280.000,2,0,2,双平,S,2762.6000,2762.0000,2761.2000,2761.0000,2755.0000,2764.4000,2764.8000,2765.0000,2765.6000,2769.4000,2,1,1,1,5,1,1,1,1,1
SF,IH2007,2020-05-22 09:34:06.500,2763.8000,3091,1,112047420.000,1,1,0,双开,S,2762.8000,2762.6000,2762.0000,2761.4000,2761.2000,2764.2000,2764.4000,2764.8000,2765.0000,2765.6000,1,2,1,1,1,2,1,1,1,1
SF,IH2007,2020-05-22 09:34:07.000,2763.8000,3091,0,112047420.000,0,-,-,-,-,2762.8000,2762.6000,2762.0000,2761.4000,2761.2000,2764.2000,2764.4000,2764.8000,2765.0000,2765.6000,2,2,1,1,1,1,1,1,1,1
SF,IH2007,2020-05-22 09:34:07.500,2763.8000,3091,0,112047420.000,0,-,-,-,-,2762.8000,2762.6000,2762.0000,2761.4000,2761.2000,2764.2000,2764.4000,2764.8000,2765.0000,2765.6000,2,2,1,1,1,1,1,1,1,1
SF,IH2007,2020-05-22 09:34:08.000,2763.8000,3091,0,112047420.000,0,-,-,-,-,2762.8000,2762.6000,2762.0000,2761.4000,2761.2000,2764.4000,2764.8000,2765.0000,2765.6000,2766.2000,2,2,1,1,1,1,1,1,1,1
SF,IH2007,2020-05-22 09:34:08.500,2763.8000,3091,0,112047420.000,0,-,-,-,-,2763.0000,2762.8000,2762.6000,2762.0000,2761.4000,2764.4000,2764.8000,2765.0000,2765.6000,2766.2000,1,1,2,1,1,1,1,1,1,1
SF,IH2007,2020-05-22 09:34:09.000,2763.8000,3091,0,112047420.000,0,-,-,-,-,2763.2000,2763.0000,2762.6000,2762.0000,2761.4000,2764.4000,2764.8000,2765.0000,2765.6000,2766.2000,2,1,2,1,1,1,1,1,1,1
SF,IH2007,2020-05-22 09:34:10.000,2763.8000,3091,0,112047420.000,0,-,-,-,-,2764.4000,2763.2000,2763.0000,2762.6000,2762.0000,2764.8000,2765.0000,2765.6000,2766.2000,2769.4000,1,2,1,2,1,1,1,1,1,1
SF,IH2007,2020-05-22 09:34:10.500,2763.8000,3091,0,112047420.000,0,-,-,-,-,2764.4000,2763.4000,2763.2000,2762.6000,2761.2000,2764.8000,2765.0000,2765.6000,2766.2000,2769.4000,1,1,1,2,1,1,1,1,1,1
SF,IH2007,2020-05-22 09:34:11.000,2763.8000,3091,0,112047420.000,0,-,-,-,-,2763.4000,2763.2000,2762.6000,2761.2000,2761.0000,2764.8000,2765.0000,2765.6000,2766.2000,2769.4000,1,1,2,1,1,1,1,1,1,1
SF,IH2007,2020-05-22 09:34:11.500,2763.8000,3091,0,112047420.000,0,-,-,-,-,2763.6000,2762.6000,2761.6000,2761.2000,2761.0000,2764.8000,2765.0000,2765.6000,2766.2000,2769.4000,1,2,1,1,1,1,1,1,1,1
SF,IH2007,2020-05-22 09:34:12.000,2763.8000,3091,0,112047420.000,0,-,-,-,-,2763.6000,2762.6000,2761.6000,2761.2000,2761.0000,2764.8000,2765.0000,2765.6000,2766.2000,2769.4000,7,2,1,1,1,1,1,1,1,1
SF,IH2007,2020-05-22 09:34:14.500,2764.8000,3091,0,112876860.000,1,0,1,多换,S,2764.8000,2763.6000,2762.6000,2761.6000,2761.2000,2765.0000,2765.6000,2766.2000,2769.4000,2770.2000,2,7,2,1,1,1,1,1,1,5
SF,IH2007,2020-05-22 09:34:15.000,2764.8000,3091,0,114535740.000,2,1,1,多换,S,2763.6000,2762.6000,2761.2000,2761.0000,2755.0000,2765.6000,2766.2000,2769.4000,2770.2000,2775.0000,6,2,1,1,5,1,1,1,5,1
SF,IH2007,2020-05-22 09:34:15.500,2764.8000,3091,0,114535740.000,0,-,-,-,-,2763.8000,2763.6000,2762.6000,2761.6000,2761.2000,2765.4000,2765.6000,2766.2000,2767.2000,2769.4000,2,6,2,1,1,1,1,1,1,1
SF,IH2007,2020-05-22 09:34:16.000,2764.8000,3091,0,114535740.000,0,-,-,-,-,2764.0000,2763.8000,2763.6000,2762.6000,2761.6000,2765.4000,2765.6000,2766.2000,2767.2000,2769.4000,1,1,5,2,1,1,1,1,1,1
SF,IH2007,2020-05-22 09:34:16.500,2764.8000,3091,0,114535740.000,0,-,-,-,-,2764.0000,2763.6000,2762.6000,2761.2000,2761.0000,2765.2000,2765.4000,2765.6000,2766.2000,2767.2000,1,5,2,1,1,2,1,1,1,1
SF,IH2007,2020-05-22 09:34:17.000,2764.8000,3091,0,114535740.000,0,-,-,-,-,2764.0000,2763.6000,2762.6000,2761.2000,2761.0000,2765.2000,2765.4000,2765.6000,2766.2000,2767.2000,1,5,2,1,1,1,1,1,1,1
SF,IH2007,2020-05-22 09:34:17.500,2764.8000,3091,0,114535740.000,0,-,-,-,-,2763.6000,2762.6000,2761.2000,2761.0000,2755.0000,2765.0000,2765.2000,2765.6000,2766.2000,2767.2000,5,2,1,1,5,2,1,1,1,1
SF,IH2007,2020-05-22 09:34:18.000,2764.8000,3091,0,114535740.000,0,-,-,-,-,2763.6000,2762.6000,2761.2000,2761.0000,2755.0000,2765.0000,2765.2000,2765.6000,2766.2000,2767.2000,5,2,1,1,5,3,1,1,1,1
SF,IH2007,2020-05-22 09:34:18.500,2764.8000,3091,0,114535740.000,0,-,-,-,-,2763.8000,2763.6000,2762.6000,2761.2000,2761.0000,2765.0000,2765.2000,2765.6000,2766.2000,2767.2000,1,5,2,1,1,2,1,1,1,1
SF,IH2007,2020-05-22 09:34:20.000,2764.8000,3091,0,114535740.000,0,-,-,-,-,2763.8000,2763.6000,2762.6000,2761.2000,2761.0000,2765.0000,2765.2000,2765.6000,2766.2000,2767.2000,1,5,2,1,1,1,1,1,1,1
SF,IH2007,2020-05-22 09:34:20.500,2764.8000,3091,0,114535740.000,0,-,-,-,-,2763.8000,2763.6000,2762.6000,2761.2000,2761.0000,2765.6000,2766.2000,2767.2000,2769.4000,2770.2000,1,5,2,1,1,1,1,1,1,5
SF,IH2007,2020-05-22 09:34:21.000,2764.8000,3091,0,114535740.000,0,-,-,-,-,2765.0000,2764.0000,2763.8000,2763.6000,2762.6000,2765.4000,2765.6000,2766.2000,2767.2000,2769.4000,2,1,1,5,2,2,1,1,1,1
SF,IH2007,2020-05-22 09:34:21.500,2765.0000,3093,2,116194740.000,2,2,0,双开,S,2764.0000,2763.8000,2763.6000,2762.6000,2761.2000,2765.2000,2765.4000,2765.6000,2766.2000,2767.2000,1,1,5,1,1,1,3,1,1,1
SF,IH2007,2020-05-22 09:34:22.000,2765.0000,3093,0,116194740.000,0,-,-,-,-,2763.8000,2763.6000,2762.6000,2761.2000,2761.0000,2765.0000,2765.2000,2765.4000,2765.6000,2766.2000,1,5,1,1,1,3,1,2,1,1
SF,IH2007,2020-05-22 09:34:22.500,2765.0000,3093,0,116194740.000,0,-,-,-,-,2763.8000,2763.6000,2762.6000,2761.2000,2761.0000,2765.0000,2765.4000,2765.6000,2766.2000,2767.2000,1,5,1,1,1,3,1,1,1,1
SF,IH2007,2020-05-22 09:34:23.000,2765.0000,3093,0,116194740.000,0,-,-,-,-,2763.8000,2763.6000,2762.6000,2761.2000,2761.0000,2765.0000,2765.4000,2765.6000,2766.2000,2767.2000,1,5,1,1,1,1,1,1,1,1
SF,IH2007,2020-05-22 09:34:23.500,2765.0000,3093,0,116194740.000,0,-,-,-,-,2763.8000,2763.6000,2762.6000,2761.2000,2761.0000,2764.6000,2765.0000,2765.4000,2765.6000,2766.2000,1,5,1,1,1,1,1,1,1,1
SF,IH2007,2020-05-22 09:34:24.000,2765.0000,3093,0,116194740.000,0,-,-,-,-,2764.0000,2763.8000,2763.6000,2762.6000,2761.2000,2764.6000,2765.0000,2765.6000,2766.2000,2769.4000,2,1,5,1,1,1,1,1,1,1
SF,IH2007,2020-05-22 09:34:25.000,2765.0000,3093,0,116194740.000,0,-,-,-,-,2763.8000,2763.6000,2762.6000,2761.2000,2761.0000,2764.6000,2765.0000,2765.6000,2766.2000,2769.4000,1,5,1,1,1,1,1,1,1,1
SF,IH2007,2020-05-22 09:34:25.500,2765.0000,3093,0,116194740.000,0,-,-,-,-,2763.8000,2763.6000,2762.6000,2761.2000,2761.0000,2764.6000,2765.0000,2765.6000,2766.2000,2769.4000,1,6,1,1,1,1,1,1,1,1
SF,IH2007,2020-05-22 09:34:26.000,2765.0000,3093,0,116194740.000,0,-,-,-,-,2763.8000,2763.6000,2762.6000,2761.2000,2761.0000,2764.6000,2765.0000,2765.6000,2766.2000,2769.4000,1,6,1,1,1,1,2,1,1,1
SF,IH2007,2020-05-22 09:34:28.000,2764.6000,3092,-1,117024120.000,1,0,1,双平,S,2763.8000,2763.6000,2762.6000,2761.2000,2761.0000,2765.0000,2765.6000,2766.2000,2769.4000,2770.2000,1,6,1,1,1,2,1,1,1,5
SF,IH2007,2020-05-22 09:34:29.000,2764.6000,3092,0,117024120.000,0,-,-,-,-,2764.0000,2763.8000,2763.6000,2762.6000,2761.2000,2765.0000,2765.6000,2766.2000,2769.4000,2770.2000,2,1,6,1,1,2,1,1,1,5
SF,IH2007,2020-05-22 09:34:29.500,2764.6000,3092,0,117024120.000,0,-,-,-,-,2763.8000,2763.6000,2762.6000,2761.2000,2761.0000,2764.8000,2765.0000,2765.6000,2766.2000,2769.4000,1,6,1,1,1,2,2,1,1,1
SF,IH2007,2020-05-22 09:34:30.000,2764.6000,3092,0,117024120.000,0,-,-,-,-,2763.8000,2763.6000,2762.6000,2761.2000,2761.0000,2764.6000,2764.8000,2765.0000,2765.6000,2766.2000,1,6,1,1,1,1,1,2,1,1
SF,IH2007,2020-05-22 09:34:30.500,2764.6000,3092,0,117024120.000,0,-,-,-,-,2764.6000,2763.6000,2762.6000,2761.2000,2761.0000,2764.8000,2765.0000,2765.6000,2766.2000,2769.4000,1,6,1,1,1,1,2,1,1,1
SF,IH2007,2020-05-22 09:34:31.000,2764.6000,3091,-1,117853500.000,1,0,1,双平,S,2763.6000,2762.6000,2761.0000,2755.0000,2753.6000,2764.4000,2764.6000,2765.0000,2765.6000,2766.2000,6,1,1,5,1,1,2,2,1,1
SF,IH2007,2020-05-22 09:34:31.500,2764.6000,3091,0,117853500.000,0,-,-,-,-,2763.6000,2762.6000,2761.0000,2755.0000,2753.6000,2764.6000,2765.0000,2765.6000,2766.2000,2769.4000,6,1,1,5,1,2,2,1,1,1
SF,IH2007,2020-05-22 09:34:32.500,2764.6000,3091,0,118682880.000,1,0,1,多换,S,2764.6000,2763.8000,2763.6000,2762.6000,2761.0000,2765.0000,2765.6000,2766.2000,2769.4000,2770.2000,1,1,6,1,1,2,1,1,1,5
SF,IH2007,2020-05-22 09:34:33.000,2764.6000,3091,0,119512260.000,1,0,1,多换,S,2763.8000,2763.6000,2763.0000,2762.6000,2761.0000,2764.8000,2765.0000,2765.6000,2766.2000,2767.0000,1,6,1,1,1,1,2,1,1,1
SF,IH2007,2020-05-22 09:34:33.500,2764.6000,3091,0,119512260.000,0,-,-,-,-,2764.0000,2763.8000,2763.6000,2763.0000,2762.6000,2765.0000,2765.6000,2766.2000,2767.0000,2769.4000,3,1,6,1,1,2,1,1,1,1
SF,IH2007,2020-05-22 09:34:34.000,2764.6000,3091,0,119512260.000,0,-,-,-,-,2764.2000,2764.0000,2763.8000,2763.6000,2763.0000,2765.0000,2765.6000,2766.2000,2767.0000,2769.4000,4,1,1,6,1,1,1,1,1,1
SF,IH2007,2020-05-22 09:34:34.500,2764.6000,3091,0,119512260.000,0,-,-,-,-,2764.2000,2764.0000,2763.8000,2763.6000,2763.0000,2765.0000,2765.6000,2766.2000,2767.0000,2769.4000,3,1,1,6,1,1,1,1,1,1
SF,IH2007,2020-05-22 09:34:35.000,2765.0000,3090,-1,120341760.000,1,0,1,双平,S,2764.4000,2764.2000,2763.8000,2763.6000,2763.0000,2765.6000,2766.2000,2766.4000,2767.0000,2769.4000,3,1,1,6,1,1,1,1,1,1
SF,IH2007,2020-05-22 09:34:35.500,2765.0000,3090,0,120341760.000,0,-,-,-,-,2763.8000,2763.6000,2763.0000,2762.6000,2762.2000,2765.6000,2766.2000,2766.4000,2767.0000,2769.4000,1,6,1,1,1,1,1,1,1,1
SF,IH2007,2020-05-22 09:34:36.000,2765.0000,3090,0,120341760.000,0,-,-,-,-,2764.0000,2763.8000,2763.6000,2763.0000,2762.6000,2765.4000,2765.6000,2766.2000,2766.4000,2767.0000,5,1,6,1,1,1,1,1,1,1
SF,IH2007,2020-05-22 09:34:36.500,2765.0000,3090,0,120341760.000,0,-,-,-,-,2764.2000,2764.0000,2763.8000,2763.6000,2763.0000,2765.4000,2765.6000,2766.2000,2766.4000,2767.0000,2,3,1,6,1,1,1,1,1,1
SF,IH2007,2020-05-22 09:34:37.500,2765.0000,3090,0,120341760.000,0,-,-,-,-,2764.4000,2764.2000,2764.0000,2763.8000,2763.6000,2765.4000,2765.6000,2766.2000,2767.0000,2769.4000,1,2,2,1,6,1,1,1,1,1
SF,IH2007,2020-05-22 09:34:38.000,2765.0000,3090,0,120341760.000,0,-,-,-,-,2764.4000,2764.2000,2764.0000,2763.8000,2763.6000,2765.2000,2765.4000,2765.6000,2766.2000,2767.0000,1,2,2,1,6,1,1,1,1,1
SF,IH2007,2020-05-22 09:34:38.500,2765.0000,3090,0,120341760.000,0,-,-,-,-,2764.2000,2764.0000,2763.8000,2763.6000,2763.0000,2765.2000,2765.4000,2765.6000,2766.2000,2767.0000,2,1,1,5,1,1,1,1,1,1
SF,IH2007,2020-05-22 09:34:39.000,2765.0000,3090,0,120341760.000,0,-,-,-,-,2764.2000,2764.0000,2763.8000,2763.6000,2763.0000,2765.0000,2765.2000,2765.4000,2765.6000,2766.2000,2,1,1,5,1,1,1,1,1,1
SF,IH2007,2020-05-22 09:34:40.000,2765.0000,3090,0,120341760.000,0,-,-,-,-,2764.2000,2764.0000,2763.8000,2763.6000,2763.0000,2764.6000,2765.0000,2765.2000,2765.4000,2765.6000,2,1,1,5,1,1,1,1,1,1
SF,IH2007,2020-05-22 09:34:40.500,2764.6000,3089,-1,121171140.000,1,0,1,双平,S,2764.0000,2763.8000,2763.6000,2763.0000,2762.6000,2765.2000,2765.4000,2765.6000,2766.2000,2769.4000,1,1,5,1,1,1,1,1,1,1
SF,IH2007,2020-05-22 09:34:41.000,2764.2000,3090,1,122000400.000,1,1,0,双开,S,2764.2000,2764.0000,2763.8000,2763.6000,2763.0000,2765.0000,2765.2000,2765.4000,2765.6000,2766.2000,1,1,1,5,1,1,1,1,1,1
SF,IH2007,2020-05-22 09:34:41.500,2764.2000,3090,0,122000400.000,0,-,-,-,-,2764.2000,2764.0000,2763.8000,2763.6000,2763.0000,2765.0000,2765.2000,2765.4000,2765.6000,2766.2000,1,1,1,5,1,1,1,1,1,1
SF,IH2007,2020-05-22 09:34:42.000,2765.2000,3089,-1,123659460.000,2,0,2,多平,S,2764.4000,2764.0000,2763.8000,2763.6000,2763.0000,2765.4000,2765.6000,2766.2000,2769.4000,2770.2000,1,1,1,5,1,1,1,1,1,5
SF,IH2007,2020-05-22 09:34:42.500,2765.2000,3089,0,123659460.000,0,-,-,-,-,2764.6000,2764.0000,2763.8000,2763.6000,2763.0000,2765.6000,2766.2000,2769.4000,2770.2000,2775.0000,2,1,1,5,1,1,1,1,5,1
SF,IH2007,2020-05-22 09:34:43.000,2765.2000,3089,0,123659460.000,0,-,-,-,-,2764.8000,2764.6000,2764.0000,2763.8000,2763.6000,2765.6000,2766.2000,2769.4000,2770.2000,2775.0000,1,2,1,1,5,1,1,1,5,1
SF,IH2007,2020-05-22 09:34:43.500,2765.2000,3089,0,123659460.000,0,-,-,-,-,2764.8000,2764.0000,2763.8000,2763.6000,2763.0000,2765.6000,2766.2000,2769.4000,2770.2000,2775.0000,3,1,1,5,1,1,1,1,5,1
SF,IH2007,2020-05-22 09:34:44.000,2765.2000,3089,0,123659460.000,0,-,-,-,-,2764.8000,2764.0000,2763.8000,2763.6000,2763.0000,2765.6000,2766.2000,2769.4000,2770.2000,2775.0000,2,1,1,5,1,1,1,1,5,1
SF,IH2007,2020-05-22 09:34:45.000,2765.2000,3089,0,123659460.000,0,-,-,-,-,2764.0000,2763.8000,2763.6000,2763.0000,2762.6000,2765.6000,2766.2000,2769.4000,2770.2000,2775.0000,1,1,5,1,1,1,1,1,5,1
SF,IH2007,2020-05-22 09:34:45.500,2765.2000,3089,0,123659460.000,0,-,-,-,-,2764.2000,2764.0000,2763.8000,2763.6000,2763.0000,2765.6000,2766.2000,2769.4000,2770.2000,2775.0000,2,1,1,5,1,1,1,1,5,1
SF,IH2007,2020-05-22 09:34:46.000,2765.2000,3089,0,123659460.000,0,-,-,-,-,2764.4000,2764.2000,2763.8000,2763.6000,2763.0000,2765.6000,2766.2000,2769.4000,2770.2000,2775.0000,2,1,1,5,1,1,1,1,5,1
SF,IH2007,2020-05-22 09:34:46.500,2765.2000,3089,0,123659460.000,0,-,-,-,-,2764.6000,2764.4000,2763.8000,2763.6000,2763.0000,2765.4000,2765.6000,2766.2000,2769.4000,2770.2000,1,2,1,5,1,1,1,1,1,5
SF,IH2007,2020-05-22 09:34:47.000,2765.2000,3089,0,123659460.000,0,-,-,-,-,2764.4000,2763.8000,2763.6000,2763.0000,2762.6000,2765.4000,2765.6000,2766.2000,2769.4000,2770.2000,2,1,5,1,1,1,1,1,1,5
SF,IH2007,2020-05-22 09:34:47.500,2765.2000,3089,0,123659460.000,0,-,-,-,-,2764.4000,2764.0000,2763.8000,2763.6000,2763.0000,2765.6000,2766.2000,2769.4000,2770.2000,2775.0000,2,1,1,5,1,1,1,1,5,1
SF,IH2007,2020-05-22 09:34:48.000,2765.2000,3089,0,123659460.000,0,-,-,-,-,2764.6000,2764.4000,2764.0000,2763.8000,2763.6000,2765.6000,2766.2000,2769.4000,2770.2000,2775.0000,1,1,1,1,5,1,1,1,5,1
SF,IH2007,2020-05-22 09:34:48.500,2765.2000,3089,0,123659460.000,0,-,-,-,-,2764.6000,2764.4000,2764.0000,2763.8000,2763.6000,2765.6000,2766.2000,2769.4000,2770.2000,2775.0000,2,1,1,1,5,1,1,1,5,1
SF,IH2007,2020-05-22 09:34:49.000,2765.2000,3089,0,123659460.000,0,-,-,-,-,2764.6000,2764.4000,2764.0000,2763.8000,2763.6000,2765.6000,2766.2000,2769.4000,2770.2000,2775.0000,2,1,1,1,5,1,1,1,5,1
SF,IH2007,2020-05-22 09:34:49.500,2765.2000,3089,0,123659460.000,0,-,-,-,-,2764.6000,2764.4000,2764.0000,2763.8000,2763.6000,2765.6000,2766.2000,2769.4000,2770.2000,2775.0000,2,1,1,1,5,1,1,1,5,1
SF,IH2007,2020-05-22 09:34:50.000,2765.2000,3089,0,123659460.000,0,-,-,-,-,2764.6000,2764.4000,2764.0000,2763.8000,2763.6000,2765.6000,2766.2000,2769.4000,2770.2000,2775.0000,2,1,1,1,5,1,1,1,5,1
SF,IH2007,2020-05-22 09:34:51.500,2764.4000,3088,-1,126147780.000,3,1,2,多平,S,2764.0000,2763.8000,2763.6000,2763.0000,2761.8000,2765.4000,2765.6000,2766.2000,2769.4000,2770.2000,1,1,5,1,1,1,1,1,1,5
SF,IH2007,2020-05-22 09:34:52.000,2764.6000,3088,0,126977160.000,1,0,1,多换,S,2764.0000,2763.8000,2763.6000,2763.0000,2761.8000,2765.2000,2765.4000,2765.6000,2766.2000,2769.4000,1,1,5,1,1,2,1,1,1,1
SF,IH2007,2020-05-22 09:34:52.500,2764.0000,3089,1,127806360.000,1,1,0,双开,S,2763.8000,2763.6000,2763.0000,2761.8000,2761.0000,2765.0000,2765.2000,2765.4000,2765.6000,2766.2000,1,5,1,1,1,2,4,1,1,1
SF,IH2007,2020-05-22 09:34:53.000,2764.0000,3089,0,127806360.000,0,-,-,-,-,2764.2000,2763.8000,2763.6000,2763.0000,2761.8000,2764.8000,2765.0000,2765.4000,2765.6000,2766.2000,1,1,5,1,1,2,1,1,1,1
SF,IH2007,2020-05-22 09:34:53.500,2764.0000,3089,0,127806360.000,0,-,-,-,-,2764.0000,2763.8000,2763.6000,2763.0000,2761.8000,2764.8000,2765.4000,2765.6000,2766.2000,2769.4000,1,1,5,1,1,2,1,1,1,1
SF,IH2007,2020-05-22 09:34:54.000,2764.0000,3089,0,127806360.000,0,-,-,-,-,2764.0000,2763.8000,2763.6000,2763.0000,2761.8000,2764.6000,2764.8000,2765.4000,2765.6000,2766.2000,1,1,5,1,1,1,1,1,1,1
SF,IH2007,2020-05-22 09:34:54.500,2764.0000,3090,1,128635560.000,1,1,0,双开,S,2763.8000,2763.6000,2763.0000,2761.8000,2761.0000,2764.6000,2764.8000,2765.4000,2765.6000,2766.2000,1,5,1,1,1,1,1,1,1,1
SF,IH2007,2020-05-22 09:34:55.000,2764.0000,3090,0,128635560.000,0,-,-,-,-,2763.8000,2763.6000,2763.0000,2761.8000,2761.0000,2764.8000,2765.4000,2765.6000,2766.2000,2769.4000,1,5,1,1,1,1,1,1,1,1
SF,IH2007,2020-05-22 09:34:55.500,2764.0000,3090,0,128635560.000,0,-,-,-,-,2763.8000,2763.6000,2763.0000,2761.8000,2761.0000,2764.6000,2764.8000,2765.4000,2765.6000,2766.2000,1,5,1,1,1,1,1,1,1,1
SF,IH2007,2020-05-22 09:34:56.000,2764.0000,3090,0,128635560.000,0,-,-,-,-,2763.8000,2763.6000,2763.0000,2761.8000,2761.0000,2764.8000,2765.4000,2765.6000,2766.2000,2769.4000,1,5,1,1,1,1,1,1,1,1
SF,IH2007,2020-05-22 09:34:56.500,2764.0000,3090,0,128635560.000,0,-,-,-,-,2763.8000,2763.6000,2763.0000,2761.8000,2761.0000,2764.4000,2764.6000,2764.8000,2765.4000,2765.6000,1,5,1,1,1,1,1,1,1,1
SF,IH2007,2020-05-22 09:34:57.000,2764.0000,3090,0,128635560.000,0,-,-,-,-,2763.8000,2763.6000,2763.0000,2761.8000,2761.0000,2764.4000,2764.8000,2765.4000,2765.6000,2766.2000,1,5,1,1,1,1,1,1,1,1
SF,IH2007,2020-05-22 09:34:57.500,2763.8000,3090,0,129464700.000,1,0,1,多换,S,2763.6000,2763.0000,2761.8000,2761.0000,2755.0000,2764.8000,2765.4000,2765.6000,2766.2000,2769.4000,5,1,1,1,5,1,1,1,1,1
SF,IH2007,2020-05-22 09:34:58.000,2763.8000,3090,0,129464700.000,0,-,-,-,-,2763.6000,2763.0000,2761.8000,2761.0000,2755.0000,2764.6000,2764.8000,2765.4000,2765.6000,2766.2000,5,1,1,1,5,1,1,1,1,1
SF,IH2007,2020-05-22 09:34:59.500,2763.8000,3090,0,129464700.000,0,-,-,-,-,2763.6000,2763.0000,2761.8000,2761.0000,2755.0000,2764.4000,2764.6000,2764.8000,2765.4000,2765.6000,5,1,1,1,5,3,1,1,1,1
SF,IH2007,2020-05-22 09:35:00.000,2763.8000,3090,0,129464700.000,0,-,-,-,-,2763.6000,2763.0000,2761.8000,2761.0000,2755.0000,2764.2000,2764.4000,2764.8000,2765.4000,2765.6000,5,1,1,1,5,1,3,1,1,1
SF,IH2007,2020-05-22 09:35:01.000,2763.6000,3091,1,133610100.000,5,3,2,空开,S,2763.0000,2761.8000,2761.0000,2755.0000,2753.6000,2764.2000,2764.4000,2764.8000,2765.4000,2765.6000,1,1,1,5,1,1,3,1,1,1
SF,IH2007,2020-05-22 09:35:01.500,2764.0000,3090,-1,134439300.000,1,0,1,双平,S,2763.0000,2761.8000,2761.0000,2755.0000,2753.6000,2764.0000,2764.2000,2764.4000,2765.4000,2765.6000,1,1,1,5,1,3,1,3,1,1
SF,IH2007,2020-05-22 09:35:02.000,2764.0000,3090,0,134439300.000,0,-,-,-,-,2763.0000,2761.8000,2761.0000,2755.0000,2753.6000,2763.8000,2764.0000,2764.4000,2765.4000,2765.6000,1,1,1,5,1,1,3,3,1,1
SF,IH2007,2020-05-22 09:35:02.500,2764.0000,3090,0,134439300.000,0,-,-,-,-,2761.8000,2761.0000,2755.0000,2753.6000,2753.2000,2763.6000,2763.8000,2764.0000,2764.4000,2765.4000,1,1,5,1,1,1,1,2,3,1
SF,IH2007,2020-05-22 09:35:03.000,2764.0000,3090,0,134439300.000,0,-,-,-,-,2762.0000,2761.8000,2761.0000,2755.0000,2753.6000,2763.4000,2763.6000,2764.0000,2765.4000,2765.6000,1,1,1,5,1,1,1,2,1,1
SF,IH2007,2020-05-22 09:35:03.500,2764.0000,3090,0,134439300.000,0,-,-,-,-,2762.0000,2761.8000,2761.0000,2755.0000,2753.6000,2763.2000,2763.4000,2764.0000,2765.4000,2765.6000,1,1,1,5,1,1,1,2,1,1
SF,IH2007,2020-05-22 09:35:04.000,2764.0000,3090,0,134439300.000,0,-,-,-,-,2761.8000,2761.0000,2755.0000,2753.6000,2753.2000,2763.0000,2763.2000,2763.6000,2764.0000,2764.2000,1,1,5,1,1,1,1,1,2,1
SF,IH2007,2020-05-22 09:35:04.500,2764.0000,3090,0,134439300.000,0,-,-,-,-,2761.8000,2761.0000,2755.0000,2753.6000,2753.2000,2763.0000,2763.2000,2763.6000,2764.2000,2765.4000,1,1,5,1,1,1,1,1,1,1
SF,IH2007,2020-05-22 09:35:05.000,2764.0000,3090,0,134439300.000,0,-,-,-,-,2761.8000,2761.0000,2755.0000,2753.6000,2753.2000,2763.0000,2763.2000,2763.6000,2764.0000,2764.2000,1,1,5,1,1,1,1,1,1,1
SF,IH2007,2020-05-22 09:35:05.500,2764.0000,3090,0,134439300.000,0,-,-,-,-,2761.8000,2761.0000,2755.0000,2753.6000,2753.2000,2762.8000,2763.0000,2763.6000,2764.0000,2764.2000,1,1,5,1,1,1,1,1,1,1
SF,IH2007,2020-05-22 09:35:06.000,2764.0000,3090,0,134439300.000,0,-,-,-,-,2761.8000,2761.0000,2755.0000,2753.6000,2753.2000,2762.6000,2762.8000,2763.6000,2764.0000,2764.2000,1,1,5,1,1,1,1,1,1,1
SF,IH2007,2020-05-22 09:35:06.500,2762.6000,3089,-1,135268080.000,1,0,1,双平,S,2761.8000,2761.0000,2755.0000,2753.6000,2753.2000,2762.6000,2762.8000,2763.6000,2764.0000,2764.2000,1,1,5,1,1,1,1,1,1,1
SF,IH2007,2020-05-22 09:35:08.000,2762.6000,3089,0,135268080.000,0,-,-,-,-,2761.8000,2761.0000,2755.0000,2753.6000,2753.2000,2762.4000,2762.6000,2762.8000,2763.6000,2764.0000,1,1,5,1,1,1,1,1,1,1
SF,IH2007,2020-05-22 09:35:08.500,2762.6000,3089,0,135268080.000,0,-,-,-,-,2761.8000,2761.0000,2755.0000,2753.6000,2753.2000,2762.2000,2762.4000,2762.8000,2763.6000,2764.0000,1,1,5,1,1,1,1,1,1,1
SF,IH2007,2020-05-22 09:35:09.000,2761.8000,3089,0,136096620.000,1,0,1,多换,S,2761.0000,2753.6000,2753.2000,2751.2000,2750.2000,2762.2000,2762.4000,2762.8000,2763.6000,2764.0000,1,1,1,5,1,1,1,1,1,1
SF,IH2007,2020-05-22 09:35:09.500,2761.8000,3089,0,136096620.000,0,-,-,-,-,2761.0000,2753.6000,2753.2000,2751.2000,2750.2000,2762.0000,2762.2000,2762.4000,2763.6000,2764.0000,1,1,1,5,1,1,1,1,1,1
SF,IH2007,2020-05-22 09:35:10.000,2761.8000,3089,0,136096620.000,0,-,-,-,-,2761.0000,2753.6000,2753.2000,2751.2000,2750.2000,2761.8000,2762.0000,2762.4000,2763.6000,2764.0000,1,1,1,5,1,1,1,1,1,1
SF,IH2007,2020-05-22 09:35:10.500,2761.8000,3089,0,136096620.000,0,-,-,-,-,2761.0000,2753.6000,2753.2000,2751.2000,2750.2000,2761.8000,2762.0000,2763.6000,2764.0000,2764.2000,1,1,1,5,1,1,1,1,1,1
SF,IH2007,2020-05-22 09:35:11.000,2761.0000,3088,-1,136924920.000,1,0,1,双平,S,2753.6000,2753.2000,2751.2000,2750.2000,2741.2000,2761.6000,2761.8000,2762.0000,2763.6000,2764.0000,1,1,5,1,1,1,1,1,1,1
SF,IH2007,2020-05-22 09:35:11.500,2761.0000,3088,0,136924920.000,0,-,-,-,-,2759.8000,2759.6000,2753.8000,2753.6000,2753.2000,2761.4000,2761.6000,2763.6000,2764.0000,2764.2000,1,1,6,1,1,2,1,1,1,1
SF,IH2007,2020-05-22 09:35:12.000,2759.8000,3087,-1,137752860.000,1,0,1,双平,S,2753.8000,2753.6000,2753.2000,2751.2000,2750.2000,2761.4000,2761.6000,2763.6000,2764.0000,2764.2000,6,1,1,5,1,2,1,1,1,1
SF,IH2007,2020-05-22 09:35:12.500,2761.4000,3086,-1,138581280.000,1,0,1,双平,S,2757.0000,2754.2000,2753.8000,2753.6000,2753.2000,2761.4000,2763.6000,2764.0000,2764.2000,2765.4000,1,4,9,1,1,1,1,1,1,1
SF,IH2007,2020-05-22 09:35:13.000,2761.4000,3086,0,138581280.000,0,-,-,-,-,2759.2000,2757.2000,2757.0000,2754.6000,2754.2000,2761.2000,2761.4000,2763.6000,2764.0000,2764.2000,1,5,1,3,4,1,1,1,1,1
SF,IH2007,2020-05-22 09:35:13.500,2761.4000,3086,0,138581280.000,0,-,-,-,-,2759.4000,2757.4000,2757.2000,2757.0000,2756.8000,2761.0000,2761.2000,2763.6000,2764.0000,2764.2000,2,1,5,1,3,1,1,1,1,1
SF,IH2007,2020-05-22 09:35:14.000,2761.4000,3086,0,138581280.000,0,-,-,-,-,2759.4000,2757.4000,2757.2000,2757.0000,2756.8000,2763.6000,2764.0000,2764.2000,2765.4000,2769.4000,2,2,5,1,3,1,1,1,1,1
SF,IH2007,2020-05-22 09:35:14.500,2763.4000,3085,-1,139410300.000,1,0,1,双平,S,2759.6000,2759.4000,2757.4000,2757.2000,2757.0000,2763.4000,2763.6000,2764.0000,2764.2000,2765.4000,1,2,1,4,1,1,1,1,1,1
SF,IH2007,2020-05-22 09:35:15.000,2763.4000,3085,0,139410300.000,0,-,-,-,-,2759.8000,2759.6000,2759.4000,2757.4000,2757.2000,2763.2000,2763.4000,2764.0000,2764.2000,2769.4000,2,1,1,1,4,1,3,1,1,1
SF,IH2007,2020-05-22 09:35:15.500,2763.4000,3085,0,139410300.000,0,-,-,-,-,2760.0000,2759.8000,2759.4000,2758.4000,2757.4000,2762.6000,2763.0000,2763.2000,2763.4000,2764.0000,1,2,1,1,1,1,1,1,2,1
SF,IH2007,2020-05-22 09:35:16.000,2763.4000,3085,0,139410300.000,0,-,-,-,-,2760.2000,2760.0000,2759.8000,2759.4000,2758.4000,2762.4000,2762.6000,2762.8000,2763.0000,2763.4000,1,1,1,1,1,2,1,2,1,2
SF,IH2007,2020-05-22 09:35:16.500,2763.4000,3085,0,139410300.000,0,-,-,-,-,2760.2000,2760.0000,2759.8000,2759.4000,2758.4000,2762.4000,2762.6000,2762.8000,2763.4000,2764.0000,1,1,1,1,1,2,1,2,2,1
SF,IH2007,2020-05-22 09:35:17.000,2763.4000,3085,0,139410300.000,0,-,-,-,-,2760.2000,2760.0000,2759.8000,2758.4000,2757.4000,2762.0000,2762.4000,2762.8000,2763.4000,2764.0000,1,1,1,1,1,3,2,2,2,1
SF,IH2007,2020-05-22 09:35:17.500,2763.4000,3085,0,139410300.000,0,-,-,-,-,2760.2000,2759.8000,2758.4000,2757.4000,2757.2000,2761.8000,2762.0000,2762.2000,2762.8000,2763.4000,1,1,1,1,3,2,1,1,2,2
SF,IH2007,2020-05-22 09:35:18.000,2763.4000,3085,0,139410300.000,0,-,-,-,-,2760.4000,2760.2000,2759.8000,2758.0000,2757.4000,2761.8000,2762.0000,2762.2000,2762.8000,2763.4000,1,1,1,2,1,2,1,1,3,2
SF,IH2007,2020-05-22 09:35:18.500,2763.4000,3085,0,139410300.000,0,-,-,-,-,2760.6000,2760.4000,2759.8000,2758.0000,2757.4000,2761.8000,2762.0000,2762.2000,2762.8000,2763.4000,1,1,1,2,1,1,1,1,3,2
SF,IH2007,2020-05-22 09:35:19.000,2763.4000,3085,0,139410300.000,0,-,-,-,-,2760.6000,2760.4000,2759.8000,2758.0000,2757.4000,2761.8000,2762.0000,2762.2000,2762.8000,2763.0000,1,1,1,2,1,1,1,1,3,1
SF,IH2007,2020-05-22 09:35:19.500,2763.4000,3085,0,139410300.000,0,-,-,-,-,2760.6000,2759.8000,2758.0000,2757.4000,2754.8000,2761.8000,2762.0000,2762.2000,2762.8000,2763.0000,1,1,2,1,3,1,1,1,2,1
SF,IH2007,2020-05-22 09:35:21.000,2763.4000,3085,0,139410300.000,0,-,-,-,-,2760.6000,2759.8000,2758.0000,2757.4000,2754.8000,2761.8000,2762.8000,2763.0000,2763.4000,2764.0000,1,1,2,1,3,1,2,1,2,1
SF,IH2007,2020-05-22 09:35:22.000,2763.4000,3085,0,139410300.000,0,-,-,-,-,2760.6000,2759.8000,2758.0000,2757.4000,2754.8000,2761.6000,2761.8000,2762.8000,2763.0000,2763.4000,1,1,2,1,3,1,1,2,1,2
SF,IH2007,2020-05-22 09:35:22.500,2763.4000,3085,0,139410300.000,0,-,-,-,-,2760.6000,2759.8000,2758.0000,2757.4000,2754.8000,2761.4000,2761.6000,2762.8000,2763.0000,2763.4000,1,1,2,1,3,1,1,2,1,2
SF,IH2007,2020-05-22 09:35:23.000,2761.6000,3085,0,140238780.000,1,0,1,多换,S,2760.8000,2760.6000,2759.8000,2758.0000,2757.4000,2762.8000,2763.0000,2763.4000,2764.0000,2769.4000,1,1,1,2,1,2,1,2,1,1
SF,IH2007,2020-05-22 09:35:23.500,2761.6000,3085,0,140238780.000,0,-,-,-,-,2761.0000,2760.8000,2759.8000,2758.0000,2757.4000,2762.6000,2762.8000,2763.0000,2763.4000,2764.0000,2,1,1,2,1,1,2,1,2,1
SF,IH2007,2020-05-22 09:35:24.000,2761.6000,3085,0,140238780.000,0,-,-,-,-,2761.0000,2760.8000,2759.8000,2758.0000,2757.4000,2762.4000,2762.8000,2763.0000,2764.0000,2769.4000,2,1,1,2,1,1,1,1,1,1
SF,IH2007,2020-05-22 09:35:24.500,2761.6000,3085,0,140238780.000,0,-,-,-,-,2761.0000,2760.8000,2759.8000,2758.0000,2757.4000,2762.4000,2762.8000,2764.0000,2769.4000,2770.2000,2,1,1,2,1,1,1,1,1,5
SF,IH2007,2020-05-22 09:35:25.000,2761.6000,3085,0,140238780.000,0,-,-,-,-,2761.2000,2761.0000,2760.8000,2759.8000,2758.0000,2762.0000,2762.4000,2762.8000,2764.0000,2769.4000,1,2,1,1,2,1,1,1,1,1
SF,IH2007,2020-05-22 09:35:25.500,2761.6000,3085,0,140238780.000,0,-,-,-,-,2761.0000,2760.8000,2759.8000,2758.0000,2757.4000,2762.0000,2762.4000,2762.8000,2764.0000,2769.4000,1,1,1,2,1,1,1,1,1,1
SF,IH2007,2020-05-22 09:35:27.500,2761.6000,3085,0,140238780.000,0,-,-,-,-,2761.0000,2760.8000,2758.8000,2758.0000,2757.4000,2762.0000,2762.4000,2762.8000,2764.0000,2769.4000,1,1,2,2,1,1,1,1,1,1
SF,IH2007,2020-05-22 09:35:28.000,2761.6000,3085,0,140238780.000,0,-,-,-,-,2761.0000,2758.8000,2758.0000,2757.4000,2754.8000,2762.0000,2762.4000,2762.8000,2764.0000,2769.4000,1,2,2,1,3,1,1,1,1,1
SF,IH2007,2020-05-22 09:35:29.000,2761.6000,3085,0,140238780.000,0,-,-,-,-,2761.0000,2758.8000,2758.0000,2757.4000,2754.8000,2762.0000,2762.8000,2764.0000,2769.4000,2770.2000,1,2,2,1,3,1,1,1,1,5
SF,IH2007,2020-05-22 09:35:29.500,2761.6000,3085,0,140238780.000,0,-,-,-,-,2761.0000,2758.8000,2758.0000,2757.4000,2754.8000,2762.0000,2762.8000,2764.0000,2769.4000,2770.2000,1,2,2,1,3,1,1,1,1,5
SF,IH2007,2020-05-22 09:35:36.000,2761.0000,3084,-1,141067080.000,1,0,1,双平,S,2758.8000,2758.0000,2757.4000,2754.8000,2754.6000,2762.0000,2762.8000,2764.0000,2769.4000,2770.2000,2,2,1,3,3,1,1,1,1,5
SF,IH2007,2020-05-22 09:35:36.500,2761.0000,3084,0,141067080.000,0,-,-,-,-,2759.0000,2758.8000,2758.0000,2757.4000,2754.8000,2761.8000,2762.0000,2762.8000,2764.0000,2769.4000,4,2,2,1,3,1,1,1,1,1
SF,IH2007,2020-05-22 09:35:37.000,2761.0000,3084,0,141067080.000,0,-,-,-,-,2761.0000,2759.0000,2758.8000,2758.0000,2757.4000,2761.8000,2762.0000,2762.8000,2764.0000,2769.4000,4,4,2,2,1,1,1,1,1,1
SF,IH2007,2020-05-22 09:35:37.500,2761.0000,3084,0,142723680.000,2,1,1,多换,S,2761.0000,2759.0000,2758.8000,2758.0000,2757.4000,2761.6000,2761.8000,2762.0000,2762.8000,2764.0000,2,2,2,2,1,2,1,1,1,1
SF,IH2007,2020-05-22 09:35:38.000,2761.0000,3085,1,144380280.000,2,1,1,空开,S,2759.0000,2758.8000,2758.0000,2757.4000,2754.8000,2761.4000,2761.6000,2762.0000,2762.8000,2764.0000,2,2,2,1,3,1,2,1,1,1
SF,IH2007,2020-05-22 09:35:39.000,2761.0000,3085,0,144380280.000,0,-,-,-,-,2759.0000,2758.8000,2758.0000,2757.4000,2754.8000,2761.4000,2762.0000,2762.8000,2764.0000,2769.4000,2,2,2,1,3,1,1,1,1,1
SF,IH2007,2020-05-22 09:35:39.500,2761.0000,3085,0,144380280.000,0,-,-,-,-,2759.0000,2758.8000,2758.0000,2757.4000,2754.6000,2761.4000,2762.0000,2762.8000,2764.0000,2769.4000,2,2,2,1,3,1,1,1,1,1
SF,IH2007,2020-05-22 09:35:40.000,2761.0000,3085,0,144380280.000,0,-,-,-,-,2759.2000,2759.0000,2758.8000,2758.0000,2757.4000,2761.4000,2762.0000,2762.8000,2764.0000,2769.4000,1,2,2,2,1,1,1,1,1,1
SF,IH2007,2020-05-22 09:35:40.500,2761.0000,3085,0,144380280.000,0,-,-,-,-,2759.4000,2759.2000,2758.8000,2758.0000,2757.4000,2761.4000,2762.0000,2762.8000,2764.0000,2769.4000,2,1,2,2,1,1,1,1,1,1
SF,IH2007,2020-05-22 09:35:41.000,2761.0000,3085,0,144380280.000,0,-,-,-,-,2759.4000,2759.2000,2758.8000,2758.0000,2757.4000,2761.4000,2762.0000,2762.8000,2764.0000,2769.4000,2,1,2,2,1,1,1,1,1,1
SF,IH2007,2020-05-22 09:35:44.500,2759.4000,3085,0,145208100.000,1,0,1,多换,S,2759.4000,2759.2000,2758.8000,2758.0000,2757.4000,2761.4000,2762.0000,2762.8000,2764.0000,2769.4000,1,1,2,2,1,1,1,1,1,1
SF,IH2007,2020-05-22 09:35:45.000,2759.4000,3085,0,145208100.000,0,-,-,-,-,2759.6000,2759.4000,2759.2000,2758.8000,2758.0000,2761.4000,2762.0000,2762.8000,2764.0000,2769.4000,1,1,1,2,2,1,1,1,1,1
SF,IH2007,2020-05-22 09:35:45.500,2759.4000,3085,0,145208100.000,0,-,-,-,-,2759.8000,2759.6000,2759.2000,2758.8000,2758.0000,2761.4000,2762.0000,2762.8000,2764.0000,2769.4000,1,1,1,2,2,1,1,1,1,1
SF,IH2007,2020-05-22 09:35:46.000,2759.4000,3085,0,145208100.000,0,-,-,-,-,2760.0000,2759.8000,2759.2000,2758.8000,2757.4000,2761.2000,2761.4000,2762.0000,2762.8000,2764.0000,1,1,1,2,1,1,1,1,1,1
SF,IH2007,2020-05-22 09:35:46.500,2759.4000,3085,0,145208100.000,0,-,-,-,-,2760.0000,2759.8000,2758.8000,2757.4000,2754.6000,2761.4000,2762.0000,2762.8000,2764.0000,2769.4000,1,1,2,1,3,1,1,1,1,1
SF,IH2007,2020-05-22 09:35:48.000,2759.4000,3085,0,145208100.000,0,-,-,-,-,2760.0000,2759.8000,2757.4000,2754.6000,2754.2000,2761.2000,2761.4000,2762.0000,2762.8000,2764.0000,1,1,1,3,4,1,1,1,1,1
SF,IH2007,2020-05-22 09:35:48.500,2759.4000,3085,0,145208100.000,0,-,-,-,-,2759.8000,2757.4000,2754.6000,2754.2000,2753.8000,2761.0000,2761.2000,2762.0000,2762.8000,2764.0000,1,1,3,4,1,1,2,1,1,1
