市场代码,合约代码,时间,最新,持仓,增仓,成交额,成交量,开仓,平仓,成交类型,方向,买一价,买二价,买三价,买四价,买五价,卖一价,卖二价,卖三价,卖四价,卖五价,买一量,买二量,买三量,买四量,买五量,卖一量,卖二量,卖三量,卖四量,卖五量
SF,IH2006,2019-12-13 09:29:00.100,2958.0000,3671,0,4437000.000,5.000,-,-,-,-,2957.8000,2957.6000,2957.4000,2954.0000,2947.2000,2960.0000,2960.6000,2961.0000,2964.4000,2965.0000,1,1,1,1,1,1,1,1,1,2
SF,IH2006,2019-12-13 09:30:00.100,2957.8000,3670,-1,8874600.000,5,2,3,多平,S,2945.8000,2945.0000,2941.4000,2940.0000,2936.0000,2958.6000,2960.6000,2961.0000,2964.4000,2964.8000,1,1,1,2,1,1,1,1,1,2
SF,IH2006,2019-12-13 09:30:00.600,2956.8000,3668,-2,11536260.000,3,0,3,多平,S,2954.0000,2952.0000,2951.6000,2946.0000,2945.8000,2957.8000,2959.8000,2960.6000,2961.0000,2964.4000,2,3,1,4,1,2,1,1,1,1
SF,IH2006,2019-12-13 09:30:01.100,2957.8000,3666,-2,13310940.000,2,0,2,双平,S,2958.6000,2954.0000,2952.0000,2951.6000,2946.2000,2959.8000,2960.6000,2961.0000,2964.4000,2964.8000,1,2,3,1,2,1,1,1,1,2
SF,IH2006,2019-12-13 09:30:01.600,2957.8000,3666,0,13310940.000,0,-,-,-,-,2954.0000,2953.6000,2951.6000,2946.2000,2946.0000,2958.6000,2959.6000,2959.8000,2960.6000,2961.0000,2,5,1,2,4,1,1,1,1,1
SF,IH2006,2019-12-13 09:30:02.100,2959.8000,3664,-2,15086460.000,2,0,2,双平,S,2956.0000,2954.0000,2953.6000,2951.6000,2946.2000,2958.8000,2960.6000,2961.0000,2964.4000,2964.8000,3,2,5,1,2,2,1,1,1,2
SF,IH2006,2019-12-13 09:30:02.600,2958.8000,3660,-4,18635940.000,4,0,4,双平,S,2959.8000,2956.0000,2954.0000,2953.6000,2951.6000,2960.6000,2961.0000,2964.4000,2964.8000,2965.0000,1,3,2,5,1,1,1,1,2,2
SF,IH2006,2019-12-13 09:30:03.100,2959.8000,3659,-1,19523880.000,1,0,1,双平,S,2958.8000,2954.0000,2953.6000,2951.6000,2946.2000,2960.0000,2960.4000,2960.6000,2961.0000,2964.4000,1,2,5,1,2,1,1,1,1,1
SF,IH2006,2019-12-13 09:30:03.600,2959.8000,3659,0,19523880.000,0,-,-,-,-,2958.8000,2954.0000,2953.6000,2951.6000,2946.2000,2960.0000,2960.4000,2960.6000,2961.0000,2964.4000,1,2,5,1,2,1,1,1,1,1
SF,IH2006,2019-12-13 09:30:04.100,2958.8000,3659,0,20411520.000,1,0,1,多换,S,2958.8000,2954.0000,2953.6000,2951.6000,2946.2000,2959.8000,2960.0000,2960.6000,2961.0000,2964.4000,1,2,5,1,2,1,1,1,1,1
SF,IH2006,2019-12-13 09:30:04.600,2958.8000,3659,0,20411520.000,0,-,-,-,-,2959.8000,2959.0000,2958.8000,2954.0000,2953.6000,2960.0000,2960.6000,2961.0000,2964.4000,2964.8000,1,2,1,2,5,1,1,1,1,3
SF,IH2006,2019-12-13 09:30:05.100,2960.0000,3657,-2,23075160.000,3,0,3,多平,S,2958.8000,2954.0000,2953.6000,2951.6000,2946.2000,2960.6000,2961.0000,2964.4000,2964.8000,2965.0000,1,2,5,1,2,1,1,1,3,2
SF,IH2006,2019-12-13 09:30:05.600,2960.0000,3657,0,23075160.000,0,-,-,-,-,2958.8000,2954.0000,2953.6000,2951.6000,2946.2000,2960.4000,2960.6000,2961.0000,2964.4000,2964.8000,1,2,5,1,2,1,1,1,1,3
SF,IH2006,2019-12-13 09:30:06.100,2958.8000,3655,-2,25739040.000,3,0,3,多平,S,2954.0000,2953.6000,2951.6000,2946.2000,2946.0000,2957.0000,2960.6000,2961.0000,2964.4000,2964.8000,2,5,1,2,2,1,1,1,1,3
SF,IH2006,2019-12-13 09:30:06.600,2957.0000,3654,-1,26626140.000,1,0,1,双平,S,2957.0000,2956.2000,2954.0000,2953.6000,2951.6000,2960.6000,2961.0000,2964.4000,2964.8000,2965.0000,1,3,2,5,1,1,1,1,3,2
SF,IH2006,2019-12-13 09:30:07.100,2960.4000,3654,0,27514260.000,1,0,1,多换,S,2957.2000,2957.0000,2956.2000,2954.0000,2953.6000,2960.6000,2961.0000,2964.4000,2964.8000,2965.0000,1,2,3,2,5,1,1,1,3,2
SF,IH2006,2019-12-13 09:30:07.600,2960.4000,3654,0,27514260.000,0,-,-,-,-,2957.2000,2957.0000,2956.2000,2954.0000,2953.6000,2960.6000,2961.0000,2964.4000,2964.8000,2965.0000,1,1,3,2,5,1,1,1,3,2
SF,IH2006,2019-12-13 09:30:08.100,2960.6000,3654,0,28402440.000,1,0,1,多换,S,2960.6000,2957.8000,2957.2000,2957.0000,2956.2000,2961.0000,2964.4000,2964.8000,2965.0000,2966.0000,1,1,1,1,3,1,1,3,2,2
SF,IH2006,2019-12-13 09:30:08.600,2960.6000,3653,-1,29290620.000,1,0,1,双平,S,2958.0000,2957.8000,2957.2000,2954.0000,2953.6000,2961.0000,2964.4000,2964.8000,2965.0000,2966.0000,1,1,1,2,5,1,1,3,2,2
SF,IH2006,2019-12-13 09:30:09.100,2960.6000,3653,0,29290620.000,0,-,-,-,-,2958.2000,2958.0000,2957.8000,2957.6000,2957.2000,2960.8000,2961.0000,2964.4000,2964.8000,2965.0000,4,1,1,1,1,1,1,1,3,2
SF,IH2006,2019-12-13 09:30:09.600,2960.6000,3653,0,29290620.000,0,-,-,-,-,2958.6000,2958.2000,2958.0000,2957.8000,2957.6000,2961.0000,2964.4000,2964.8000,2965.0000,2966.0000,1,5,1,1,1,1,1,3,2,2
SF,IH2006,2019-12-13 09:30:10.100,2960.6000,3653,0,29290620.000,0,-,-,-,-,2958.8000,2958.6000,2958.2000,2958.0000,2957.6000,2960.6000,2961.0000,2964.4000,2964.8000,2965.0000,2,2,3,1,1,1,1,1,3,2
SF,IH2006,2019-12-13 09:30:10.600,2960.6000,3651,-2,31066980.000,2,0,2,双平,S,2960.6000,2958.8000,2958.6000,2958.2000,2958.0000,2961.0000,2964.4000,2964.8000,2965.0000,2966.0000,1,2,2,3,1,1,1,3,2,2
SF,IH2006,2019-12-13 09:30:11.100,2958.8000,3649,-2,32842800.000,2,0,2,双平,S,2958.8000,2958.6000,2958.2000,2958.0000,2956.0000,2961.0000,2964.4000,2964.8000,2965.0000,2966.0000,1,1,3,1,1,1,1,3,2,2
SF,IH2006,2019-12-13 09:30:11.600,2959.0000,3646,-3,36395280.000,4,0,4,多平,S,2959.0000,2958.2000,2958.0000,2956.0000,2953.6000,2961.0000,2964.4000,2964.8000,2965.0000,2966.0000,1,3,1,1,5,1,1,3,2,2
SF,IH2006,2019-12-13 09:30:12.100,2959.0000,3644,-2,38171220.000,2,0,2,双平,S,2959.4000,2958.2000,2958.0000,2956.0000,2953.6000,2961.0000,2964.4000,2964.8000,2965.0000,2966.0000,1,3,1,1,5,1,1,3,2,2
SF,IH2006,2019-12-13 09:30:12.600,2959.0000,3644,0,38171220.000,0,-,-,-,-,2959.8000,2959.6000,2959.4000,2958.2000,2958.0000,2960.8000,2961.0000,2964.4000,2964.8000,2965.0000,1,2,1,3,1,1,1,1,3,2
SF,IH2006,2019-12-13 09:30:13.100,2959.0000,3644,0,38171220.000,0,-,-,-,-,2959.8000,2959.6000,2959.4000,2958.2000,2958.0000,2961.0000,2964.4000,2964.8000,2965.0000,2966.0000,1,1,1,3,1,1,1,3,2,2
SF,IH2006,2019-12-13 09:30:13.600,2959.8000,3643,-1,39059160.000,1,0,1,双平,S,2959.8000,2959.6000,2958.2000,2958.0000,2956.0000,2961.0000,2964.4000,2964.8000,2965.0000,2966.0000,1,1,3,1,1,1,1,3,2,2
SF,IH2006,2019-12-13 09:30:14.100,2961.0000,3643,0,39947460.000,1,0,1,多换,S,2961.0000,2960.0000,2959.8000,2959.6000,2958.2000,2964.4000,2964.8000,2965.0000,2966.0000,2968.0000,3,1,2,1,3,1,3,2,2,3
SF,IH2006,2019-12-13 09:30:14.600,2961.0000,3643,0,39947460.000,0,-,-,-,-,2961.0000,2960.0000,2959.8000,2958.2000,2958.0000,2963.2000,2964.0000,2964.2000,2964.4000,2964.8000,3,1,2,3,1,1,1,1,1,3
SF,IH2006,2019-12-13 09:30:15.100,2961.0000,3643,0,42612360.000,3,1,2,多换,S,2960.0000,2959.8000,2958.2000,2958.0000,2957.6000,2963.0000,2963.2000,2964.0000,2964.4000,2964.8000,1,1,3,1,1,1,1,1,1,3
SF,IH2006,2019-12-13 09:30:15.600,2961.0000,3643,0,42612360.000,0,-,-,-,-,2958.2000,2958.0000,2957.6000,2956.0000,2953.6000,2962.6000,2963.0000,2963.2000,2964.0000,2964.4000,3,1,1,1,5,1,1,1,1,1
SF,IH2006,2019-12-13 09:30:16.100,2961.0000,3643,0,42612360.000,0,-,-,-,-,2960.2000,2958.4000,2958.2000,2958.0000,2957.6000,2962.4000,2962.6000,2963.2000,2964.0000,2964.4000,1,1,3,1,1,1,1,1,1,1
SF,IH2006,2019-12-13 09:30:16.600,2961.0000,3643,0,42612360.000,0,-,-,-,-,2960.2000,2958.4000,2958.2000,2958.0000,2957.6000,2962.4000,2962.6000,2964.0000,2964.4000,2964.8000,1,1,3,1,1,1,1,1,1,4
SF,IH2006,2019-12-13 09:30:17.100,2961.0000,3643,0,42612360.000,0,-,-,-,-,2960.2000,2958.4000,2958.2000,2958.0000,2957.6000,2962.4000,2962.6000,2963.0000,2964.0000,2964.4000,2,1,3,1,1,1,1,1,1,1
SF,IH2006,2019-12-13 09:30:17.600,2960.2000,3642,-1,43500420.000,1,0,1,双平,S,2960.2000,2958.4000,2958.2000,2958.0000,2957.6000,2962.4000,2963.0000,2964.4000,2964.8000,2965.0000,1,1,3,1,1,1,1,1,4,2
SF,IH2006,2019-12-13 09:30:18.100,2960.2000,3640,-2,45276540.000,2,0,2,双平,S,2958.4000,2958.2000,2958.0000,2957.6000,2956.0000,2962.2000,2962.4000,2963.0000,2964.4000,2964.8000,2,3,1,1,1,1,1,1,1,4
SF,IH2006,2019-12-13 09:30:18.600,2960.2000,3640,0,45276540.000,0,-,-,-,-,2958.4000,2958.2000,2958.0000,2957.6000,2956.0000,2962.0000,2962.2000,2963.0000,2964.4000,2964.8000,2,3,1,1,1,1,1,1,1,4
SF,IH2006,2019-12-13 09:30:19.100,2960.2000,3640,0,45276540.000,0,-,-,-,-,2958.4000,2958.2000,2958.0000,2957.6000,2956.0000,2961.8000,2962.0000,2962.2000,2963.0000,2964.4000,2,3,1,1,1,1,1,1,1,1
SF,IH2006,2019-12-13 09:30:19.600,2960.2000,3640,0,45276540.000,0,-,-,-,-,2958.4000,2958.2000,2958.0000,2957.6000,2956.0000,2961.6000,2961.8000,2962.2000,2963.0000,2964.4000,1,3,1,1,1,1,1,1,1,1
SF,IH2006,2019-12-13 09:30:20.600,2960.2000,3640,0,45276540.000,0,-,-,-,-,2958.4000,2958.2000,2958.0000,2957.6000,2956.0000,2961.6000,2962.2000,2963.0000,2964.4000,2964.8000,1,3,1,1,1,1,1,1,1,4
SF,IH2006,2019-12-13 09:30:21.100,2960.2000,3640,0,45276540.000,0,-,-,-,-,2958.4000,2958.2000,2958.0000,2957.6000,2956.0000,2961.4000,2961.6000,2962.2000,2963.0000,2964.4000,1,3,1,1,1,1,1,2,1,1
SF,IH2006,2019-12-13 09:30:21.600,2960.2000,3640,0,45276540.000,0,-,-,-,-,2958.4000,2958.2000,2958.0000,2957.6000,2956.0000,2961.2000,2961.4000,2962.2000,2963.0000,2964.4000,1,3,1,1,1,1,1,2,1,1
SF,IH2006,2019-12-13 09:30:22.600,2960.2000,3640,0,45276540.000,0,-,-,-,-,2960.2000,2958.4000,2958.2000,2958.0000,2957.6000,2961.2000,2962.2000,2963.0000,2964.4000,2964.8000,3,1,3,1,1,1,2,1,1,4
SF,IH2006,2019-12-13 09:30:23.100,2960.2000,3640,0,46164600.000,1,0,1,多换,S,2960.2000,2958.4000,2958.2000,2958.0000,2957.6000,2961.2000,2962.2000,2963.0000,2964.4000,2964.8000,2,1,3,1,1,1,2,1,1,4
SF,IH2006,2019-12-13 09:30:24.100,2960.2000,3640,0,46164600.000,0,-,-,-,-,2960.2000,2959.2000,2958.4000,2958.2000,2958.0000,2961.2000,2962.2000,2963.0000,2964.4000,2964.8000,2,1,1,3,1,1,2,1,1,4
SF,IH2006,2019-12-13 09:30:24.600,2961.2000,3639,-1,47052960.000,1,0,1,双平,S,2960.2000,2959.2000,2958.4000,2958.2000,2958.0000,2961.2000,2962.2000,2963.0000,2964.4000,2964.8000,2,1,1,3,1,1,2,1,1,4
SF,IH2006,2019-12-13 09:30:25.100,2960.2000,3639,0,47941020.000,1,0,1,多换,S,2960.2000,2959.2000,2958.4000,2958.2000,2958.0000,2961.0000,2961.2000,2962.2000,2963.0000,2964.4000,1,1,1,3,1,1,1,2,1,1
SF,IH2006,2019-12-13 09:30:25.600,2960.2000,3639,0,48829080.000,1,0,1,多换,S,2959.2000,2958.4000,2958.2000,2958.0000,2957.6000,2961.0000,2961.2000,2962.2000,2963.0000,2964.4000,1,1,3,1,1,1,1,2,1,1
SF,IH2006,2019-12-13 09:30:26.100,2960.2000,3639,0,48829080.000,0,-,-,-,-,2959.4000,2959.2000,2958.2000,2958.0000,2957.6000,2961.0000,2962.2000,2963.0000,2964.4000,2964.8000,1,1,3,1,1,1,2,1,1,4
SF,IH2006,2019-12-13 09:30:26.600,2961.0000,3638,-1,49717380.000,1,0,1,双平,S,2959.4000,2959.2000,2958.2000,2958.0000,2957.6000,2962.2000,2963.0000,2964.4000,2964.8000,2965.0000,1,1,3,1,1,2,1,1,4,2
SF,IH2006,2019-12-13 09:30:27.100,2961.0000,3638,0,49717380.000,0,-,-,-,-,2959.4000,2959.2000,2958.2000,2958.0000,2957.6000,2960.8000,2962.0000,2962.2000,2963.0000,2964.4000,1,1,3,1,1,1,1,2,1,1
SF,IH2006,2019-12-13 09:30:27.600,2960.8000,3637,-1,50605620.000,1,0,1,双平,S,2959.4000,2959.2000,2958.2000,2958.0000,2957.6000,2962.0000,2962.2000,2963.0000,2964.4000,2964.8000,1,1,3,1,1,1,2,1,1,4
SF,IH2006,2019-12-13 09:30:28.100,2960.8000,3637,0,50605620.000,0,-,-,-,-,2959.6000,2959.4000,2959.2000,2958.2000,2958.0000,2962.0000,2962.2000,2963.0000,2964.4000,2964.8000,1,1,1,3,1,1,2,1,1,4
SF,IH2006,2019-12-13 09:30:28.600,2960.8000,3637,0,50605620.000,0,-,-,-,-,2959.8000,2959.6000,2959.2000,2958.2000,2958.0000,2962.0000,2962.2000,2963.0000,2964.4000,2964.8000,1,1,1,3,1,1,2,1,1,4
SF,IH2006,2019-12-13 09:30:29.100,2960.8000,3637,0,50605620.000,0,-,-,-,-,2960.0000,2959.8000,2958.2000,2958.0000,2956.0000,2962.0000,2962.2000,2963.0000,2964.4000,2964.8000,1,1,3,1,1,1,2,1,1,4
SF,IH2006,2019-12-13 09:30:29.600,2960.0000,3637,0,51493620.000,1,0,1,多换,S,2958.2000,2958.0000,2956.0000,2953.6000,2946.2000,2962.0000,2962.2000,2963.0000,2964.4000,2964.8000,3,1,1,5,2,1,2,1,1,4
SF,IH2006,2019-12-13 09:30:30.100,2960.0000,3637,0,51493620.000,0,-,-,-,-,2958.4000,2958.2000,2958.0000,2956.0000,2953.6000,2962.0000,2962.2000,2963.0000,2964.4000,2964.8000,1,3,1,1,5,1,2,1,1,4
SF,IH2006,2019-12-13 09:30:30.600,2960.0000,3637,0,51493620.000,0,-,-,-,-,2958.6000,2958.4000,2958.2000,2958.0000,2956.0000,2961.0000,2962.0000,2962.2000,2963.0000,2964.4000,1,1,3,1,1,1,1,2,1,1
SF,IH2006,2019-12-13 09:30:31.100,2960.0000,3637,0,51493620.000,0,-,-,-,-,2958.8000,2958.2000,2958.0000,2956.0000,2953.6000,2960.8000,2961.0000,2961.8000,2962.2000,2963.0000,1,3,1,1,5,1,1,1,2,1
SF,IH2006,2019-12-13 09:30:31.600,2960.8000,3636,-1,52381860.000,1,0,1,双平,S,2960.8000,2959.0000,2958.8000,2958.2000,2958.0000,2961.0000,2961.8000,2962.2000,2963.0000,2964.4000,1,1,1,3,1,1,1,2,1,1
SF,IH2006,2019-12-13 09:30:32.100,2960.8000,3635,-1,53270100.000,1,0,1,双平,S,2959.0000,2958.8000,2958.2000,2958.0000,2956.0000,2961.0000,2962.2000,2963.0000,2964.4000,2964.8000,1,1,3,1,1,1,2,1,1,4
SF,IH2006,2019-12-13 09:30:32.600,2960.8000,3635,0,53270100.000,0,-,-,-,-,2959.6000,2958.8000,2958.2000,2958.0000,2956.0000,2961.0000,2961.4000,2962.2000,2963.0000,2964.4000,1,1,3,1,1,1,1,2,1,1
SF,IH2006,2019-12-13 09:30:33.100,2960.8000,3635,0,53270100.000,0,-,-,-,-,2959.6000,2959.2000,2958.8000,2958.2000,2958.0000,2961.0000,2961.4000,2962.2000,2964.4000,2964.8000,1,1,1,3,1,1,1,2,1,4
SF,IH2006,2019-12-13 09:30:33.600,2960.8000,3635,0,53270100.000,0,-,-,-,-,2959.6000,2958.8000,2958.2000,2958.0000,2956.0000,2960.8000,2961.0000,2961.4000,2962.2000,2964.4000,1,1,3,1,1,1,1,1,2,1
SF,IH2006,2019-12-13 09:30:34.100,2959.6000,3635,0,54157980.000,1,0,1,多换,S,2958.8000,2958.0000,2956.0000,2953.6000,2946.2000,2960.8000,2961.0000,2961.4000,2962.2000,2964.4000,1,1,1,5,2,1,1,1,2,1
SF,IH2006,2019-12-13 09:30:34.600,2960.8000,3635,0,55046220.000,1,0,1,多换,S,2958.8000,2958.0000,2956.0000,2953.6000,2946.2000,2960.6000,2961.0000,2961.4000,2962.2000,2964.4000,1,1,1,5,2,1,2,1,2,1
SF,IH2006,2019-12-13 09:30:35.600,2960.8000,3635,0,55046220.000,0,-,-,-,-,2959.0000,2958.8000,2958.0000,2956.0000,2953.6000,2961.0000,2961.4000,2962.2000,2964.4000,2964.8000,1,1,1,1,5,2,1,2,1,4
SF,IH2006,2019-12-13 09:30:37.100,2960.8000,3635,0,55046220.000,0,-,-,-,-,2958.8000,2958.0000,2956.0000,2953.6000,2946.2000,2960.8000,2961.0000,2961.4000,2962.2000,2964.4000,1,1,1,5,2,1,2,1,2,1
SF,IH2006,2019-12-13 09:30:38.100,2960.8000,3635,0,55046220.000,0,-,-,-,-,2958.8000,2958.0000,2956.0000,2953.6000,2946.2000,2960.4000,2960.8000,2961.0000,2961.4000,2962.2000,1,1,1,5,2,1,1,2,1,2
SF,IH2006,2019-12-13 09:30:38.600,2958.8000,3634,-1,55933860.000,1,0,1,双平,S,2958.0000,2956.0000,2953.6000,2946.2000,2946.0000,2958.8000,2960.4000,2960.8000,2961.0000,2962.2000,1,1,5,2,2,1,1,1,2,2
SF,IH2006,2019-12-13 09:30:39.100,2958.8000,3633,-1,57709140.000,2,0,2,多平,S,2958.2000,2958.0000,2956.0000,2953.6000,2946.2000,2960.4000,2960.8000,2961.0000,2962.2000,2964.0000,1,1,1,5,2,1,1,2,2,1
SF,IH2006,2019-12-13 09:30:39.600,2958.8000,3633,0,57709140.000,0,-,-,-,-,2958.8000,2958.0000,2956.0000,2953.6000,2946.2000,2959.0000,2960.2000,2960.4000,2960.8000,2961.0000,1,1,1,5,2,1,1,1,1,1
SF,IH2006,2019-12-13 09:30:40.100,2958.8000,3632,-1,59484420.000,2,0,2,多平,S,2958.0000,2956.0000,2953.6000,2946.2000,2946.0000,2959.0000,2960.2000,2960.4000,2960.8000,2961.0000,1,1,5,2,2,1,1,1,1,1
SF,IH2006,2019-12-13 09:30:40.600,2958.8000,3632,0,59484420.000,0,-,-,-,-,2958.0000,2956.0000,2953.6000,2946.2000,2946.0000,2959.0000,2960.2000,2960.4000,2961.0000,2962.2000,1,1,5,2,2,1,1,1,1,2
SF,IH2006,2019-12-13 09:30:41.100,2959.0000,3632,0,60372120.000,1,0,1,多换,S,2958.0000,2956.0000,2953.6000,2946.2000,2946.0000,2960.2000,2960.4000,2961.0000,2962.2000,2964.0000,1,1,5,2,2,1,1,1,2,1
SF,IH2006,2019-12-13 09:30:41.600,2959.0000,3632,0,60372120.000,0,-,-,-,-,2958.0000,2956.0000,2953.6000,2946.2000,2946.0000,2960.2000,2960.4000,2961.0000,2962.2000,2964.0000,1,1,5,2,2,1,1,1,1,1
SF,IH2006,2019-12-13 09:30:42.600,2959.0000,3632,0,60372120.000,0,-,-,-,-,2959.0000,2958.0000,2956.0000,2953.6000,2946.2000,2960.2000,2960.4000,2961.0000,2964.0000,2964.8000,1,1,1,5,2,1,1,1,1,4
SF,IH2006,2019-12-13 09:30:43.100,2958.2000,3631,-1,62147280.000,2,0,2,多平,S,2958.0000,2956.0000,2953.6000,2946.2000,2946.0000,2960.2000,2960.4000,2961.0000,2964.0000,2964.8000,1,1,5,2,2,1,1,1,1,4
SF,IH2006,2019-12-13 09:30:43.600,2958.0000,3631,0,63034680.000,1,0,1,多换,S,2956.8000,2956.0000,2953.6000,2946.2000,2946.0000,2960.2000,2960.4000,2961.0000,2964.0000,2964.8000,1,1,5,2,2,1,1,1,1,4
SF,IH2006,2019-12-13 09:30:44.100,2958.0000,3631,0,63034680.000,0,-,-,-,-,2957.0000,2956.8000,2956.0000,2953.6000,2946.2000,2959.0000,2960.2000,2960.4000,2961.0000,2964.0000,1,4,1,5,2,1,2,1,1,1
SF,IH2006,2019-12-13 09:30:44.600,2959.0000,3630,-1,64810080.000,2,0,2,多平,S,2957.0000,2956.8000,2956.0000,2953.6000,2946.2000,2960.2000,2960.4000,2961.0000,2964.0000,2964.8000,1,4,1,5,2,2,1,1,1,4
SF,IH2006,2019-12-13 09:30:45.100,2957.0000,3629,-1,66584580.000,2,0,2,多平,S,2958.0000,2956.8000,2956.0000,2953.6000,2946.2000,2960.2000,2960.4000,2961.0000,2964.0000,2964.8000,1,4,1,5,2,2,1,1,1,4
SF,IH2006,2019-12-13 09:30:45.600,2957.0000,3629,0,66584580.000,0,-,-,-,-,2958.0000,2956.8000,2956.0000,2953.6000,2946.2000,2959.0000,2960.2000,2960.4000,2961.0000,2964.0000,1,4,1,5,2,3,2,1,1,1
SF,IH2006,2019-12-13 09:30:46.100,2958.0000,3629,0,67471980.000,1,0,1,多换,S,2957.2000,2956.8000,2956.0000,2953.6000,2946.2000,2958.8000,2959.0000,2960.2000,2960.4000,2961.0000,1,3,1,5,2,1,3,1,1,1
SF,IH2006,2019-12-13 09:30:46.600,2958.0000,3629,0,67471980.000,0,-,-,-,-,2957.2000,2956.8000,2956.0000,2953.6000,2946.2000,2958.8000,2959.0000,2960.2000,2960.4000,2961.0000,1,3,1,5,2,1,3,1,1,1
SF,IH2006,2019-12-13 09:30:47.100,2957.2000,3629,0,68359140.000,1,0,1,多换,S,2956.8000,2956.0000,2953.6000,2946.2000,2946.0000,2958.8000,2959.0000,2960.2000,2960.4000,2961.0000,3,1,5,2,2,1,3,1,1,1
SF,IH2006,2019-12-13 09:30:47.600,2958.8000,3628,-1,69246780.000,1,0,1,双平,S,2957.0000,2956.8000,2956.2000,2956.0000,2953.6000,2959.0000,2960.2000,2960.4000,2961.0000,2964.0000,1,3,1,1,5,3,1,1,1,1
SF,IH2006,2019-12-13 09:30:48.100,2958.8000,3628,0,69246780.000,0,-,-,-,-,2957.8000,2956.8000,2956.2000,2956.0000,2953.6000,2959.0000,2960.2000,2960.4000,2961.0000,2964.0000,1,3,1,1,5,3,1,1,1,1
SF,IH2006,2019-12-13 09:30:48.600,2958.8000,3628,0,69246780.000,0,-,-,-,-,2957.8000,2956.6000,2956.2000,2956.0000,2953.6000,2959.0000,2959.4000,2960.2000,2961.0000,2964.0000,1,1,1,1,5,3,1,1,1,1
SF,IH2006,2019-12-13 09:30:49.100,2958.8000,3628,0,69246780.000,0,-,-,-,-,2957.8000,2956.6000,2956.2000,2956.0000,2953.6000,2959.0000,2959.4000,2960.2000,2961.0000,2964.0000,1,1,1,1,5,3,1,1,1,1
SF,IH2006,2019-12-13 09:30:49.600,2958.8000,3628,0,69246780.000,0,-,-,-,-,2956.6000,2956.2000,2956.0000,2953.6000,2952.2000,2959.0000,2959.4000,2960.2000,2961.0000,2964.0000,1,1,1,5,1,3,1,1,1,1
SF,IH2006,2019-12-13 09:30:50.600,2958.8000,3628,0,69246780.000,0,-,-,-,-,2957.2000,2956.8000,2956.6000,2956.2000,2956.0000,2957.8000,2959.0000,2959.4000,2960.2000,2961.0000,1,1,1,1,1,1,3,1,1,1
SF,IH2006,2019-12-13 09:30:51.600,2958.8000,3628,0,69246780.000,0,-,-,-,-,2957.2000,2956.8000,2956.6000,2956.0000,2953.6000,2957.8000,2959.0000,2959.4000,2960.2000,2961.0000,1,1,1,1,5,1,3,1,1,1
SF,IH2006,2019-12-13 09:30:52.100,2957.8000,3628,0,70134120.000,1,0,1,多换,S,2957.8000,2957.2000,2956.8000,2956.0000,2953.6000,2959.0000,2959.4000,2960.2000,2961.0000,2964.0000,1,1,1,1,5,3,1,1,1,1
SF,IH2006,2019-12-13 09:30:52.600,2957.8000,3628,0,70134120.000,0,-,-,-,-,2957.8000,2957.2000,2956.8000,2956.0000,2953.6000,2959.0000,2959.4000,2960.2000,2961.0000,2964.0000,2,1,1,1,5,3,1,1,1,1
SF,IH2006,2019-12-13 09:30:53.100,2957.8000,3629,1,71021460.000,1,1,0,双开,S,2958.0000,2957.8000,2956.8000,2956.2000,2956.0000,2959.0000,2959.4000,2960.2000,2961.0000,2964.0000,1,1,1,1,1,3,1,1,1,1
SF,IH2006,2019-12-13 09:30:54.100,2959.0000,3626,-3,73684560.000,3,0,3,双平,S,2959.0000,2958.2000,2958.0000,2957.8000,2956.8000,2959.4000,2960.2000,2961.0000,2964.0000,2964.8000,2,3,1,1,1,1,1,1,1,4
SF,IH2006,2019-12-13 09:30:54.600,2959.0000,3626,0,74572260.000,1,0,1,多换,S,2958.0000,2957.8000,2956.2000,2956.0000,2953.6000,2959.4000,2960.2000,2961.0000,2964.0000,2964.8000,2,1,1,1,5,1,1,1,1,4
SF,IH2006,2019-12-13 09:30:55.100,2959.0000,3626,0,74572260.000,0,-,-,-,-,2958.2000,2958.0000,2957.8000,2956.2000,2956.0000,2959.4000,2960.2000,2961.0000,2964.0000,2964.8000,1,2,1,1,1,1,1,1,1,4
SF,IH2006,2019-12-13 09:30:55.600,2959.0000,3626,0,74572260.000,0,-,-,-,-,2958.0000,2957.8000,2956.2000,2956.0000,2953.6000,2959.4000,2960.2000,2961.0000,2964.0000,2964.8000,2,1,1,1,5,1,1,1,1,4
SF,IH2006,2019-12-13 09:30:56.100,2959.0000,3626,0,74572260.000,0,-,-,-,-,2958.4000,2958.2000,2958.0000,2957.8000,2956.2000,2959.4000,2960.2000,2961.0000,2964.0000,2964.8000,1,1,1,1,1,1,1,1,1,4
SF,IH2006,2019-12-13 09:30:56.600,2959.4000,3626,0,75460080.000,1,0,1,多换,S,2958.4000,2958.2000,2958.0000,2956.2000,2956.0000,2960.2000,2961.0000,2964.0000,2964.8000,2965.0000,1,1,1,1,1,1,1,1,4,2
SF,IH2006,2019-12-13 09:30:57.100,2958.4000,3626,0,76347600.000,1,0,1,多换,S,2958.0000,2956.2000,2956.0000,2953.6000,2952.2000,2960.2000,2961.0000,2964.0000,2964.8000,2965.0000,1,1,1,5,1,1,1,1,4,2
SF,IH2006,2019-12-13 09:30:57.600,2958.4000,3626,0,76347600.000,0,-,-,-,-,2958.0000,2956.2000,2956.0000,2953.6000,2952.2000,2960.0000,2960.2000,2961.0000,2964.0000,2964.8000,1,1,1,5,1,2,1,1,1,4
SF,IH2006,2019-12-13 09:30:58.600,2958.4000,3626,0,76347600.000,0,-,-,-,-,2958.0000,2956.2000,2956.0000,2953.6000,2952.2000,2959.8000,2960.0000,2960.2000,2961.0000,2964.0000,1,1,1,5,1,1,1,1,1,1
SF,IH2006,2019-12-13 09:30:59.100,2958.0000,3626,0,77235000.000,1,0,1,多换,S,2957.8000,2956.2000,2956.0000,2953.6000,2952.2000,2959.8000,2960.0000,2960.2000,2961.0000,2964.0000,1,1,1,5,1,1,1,1,1,1
SF,IH2006,2019-12-13 09:31:00.600,2958.0000,3626,0,77235000.000,0,-,-,-,-,2957.8000,2956.2000,2956.0000,2953.6000,2952.2000,2959.8000,2960.0000,2960.2000,2961.0000,2964.0000,1,1,1,5,1,1,1,1,1,1
SF,IH2006,2019-12-13 09:31:01.100,2957.8000,3626,0,78122340.000,1,0,1,多换,S,2956.2000,2956.0000,2953.6000,2952.2000,2946.0000,2959.8000,2960.0000,2960.2000,2961.0000,2964.0000,1,1,5,1,1,1,1,1,1,1
SF,IH2006,2019-12-13 09:31:01.600,2957.8000,3626,0,78122340.000,0,-,-,-,-,2956.8000,2956.2000,2956.0000,2953.6000,2952.2000,2959.0000,2960.0000,2960.2000,2961.0000,2964.0000,3,1,1,5,1,1,1,1,1,1
SF,IH2006,2019-12-13 09:31:02.100,2959.0000,3626,0,79010040.000,1,0,1,多换,S,2956.8000,2956.4000,2956.2000,2956.0000,2953.6000,2960.0000,2960.2000,2961.0000,2964.0000,2964.8000,3,1,1,1,5,1,1,1,1,4
SF,IH2006,2019-12-13 09:31:02.600,2959.0000,3626,0,79010040.000,0,-,-,-,-,2957.0000,2956.8000,2956.4000,2956.2000,2956.0000,2960.0000,2960.2000,2961.0000,2964.0000,2964.8000,1,3,1,1,1,1,1,1,1,4
SF,IH2006,2019-12-13 09:31:03.100,2960.0000,3625,-1,79898040.000,1,0,1,双平,S,2957.2000,2957.0000,2956.8000,2956.0000,2953.6000,2959.0000,2960.2000,2961.0000,2964.0000,2964.8000,1,1,3,1,5,2,1,1,1,4
SF,IH2006,2019-12-13 09:31:03.600,2959.0000,3623,-2,81673440.000,2,0,2,双平,S,2957.6000,2957.4000,2957.2000,2957.0000,2956.8000,2959.8000,2960.2000,2961.0000,2964.0000,2964.8000,1,1,1,1,3,1,1,1,1,4
SF,IH2006,2019-12-13 09:31:04.100,2959.0000,3623,0,81673440.000,0,-,-,-,-,2957.6000,2957.4000,2957.2000,2957.0000,2956.8000,2959.8000,2960.2000,2961.0000,2964.0000,2964.8000,1,1,1,1,3,1,1,1,1,4
SF,IH2006,2019-12-13 09:31:04.600,2959.8000,3622,-1,82561380.000,1,0,1,双平,S,2957.4000,2957.2000,2957.0000,2956.8000,2956.0000,2960.2000,2961.0000,2964.0000,2964.8000,2965.0000,1,1,1,3,1,1,1,1,4,2
SF,IH2006,2019-12-13 09:31:05.100,2959.8000,3622,0,82561380.000,0,-,-,-,-,2957.8000,2957.4000,2957.2000,2957.0000,2956.8000,2959.6000,2960.2000,2961.0000,2964.0000,2964.8000,1,1,1,1,3,1,1,1,1,4
SF,IH2006,2019-12-13 09:31:05.600,2959.8000,3622,0,82561380.000,0,-,-,-,-,2958.0000,2957.8000,2957.6000,2957.4000,2957.2000,2960.2000,2961.0000,2964.0000,2964.8000,2965.0000,1,1,1,1,1,1,1,1,4,2
SF,IH2006,2019-12-13 09:31:06.100,2959.8000,3622,0,82561380.000,0,-,-,-,-,2958.4000,2958.2000,2958.0000,2957.8000,2957.6000,2960.2000,2961.0000,2964.0000,2964.8000,2965.0000,1,1,1,1,1,1,1,1,4,2
SF,IH2006,2019-12-13 09:31:06.600,2959.8000,3622,0,82561380.000,0,-,-,-,-,2958.4000,2958.2000,2958.0000,2957.2000,2957.0000,2960.2000,2961.0000,2964.0000,2964.8000,2965.0000,2,1,1,1,1,1,1,1,4,2
SF,IH2006,2019-12-13 09:31:07.100,2959.8000,3622,0,82561380.000,0,-,-,-,-,2958.4000,2958.2000,2958.0000,2957.2000,2957.0000,2960.2000,2961.0000,2964.0000,2964.8000,2965.0000,2,1,1,1,1,1,1,1,4,2
SF,IH2006,2019-12-13 09:31:07.600,2959.8000,3622,0,82561380.000,0,-,-,-,-,2959.0000,2958.4000,2958.2000,2958.0000,2957.0000,2960.2000,2961.0000,2964.0000,2964.8000,2965.0000,1,1,1,1,1,1,1,1,4,2
SF,IH2006,2019-12-13 09:31:08.100,2959.8000,3622,0,82561380.000,0,-,-,-,-,2958.4000,2958.0000,2957.0000,2956.8000,2956.0000,2960.2000,2961.0000,2964.0000,2964.8000,2965.0000,1,1,1,3,2,1,1,1,4,2
SF,IH2006,2019-12-13 09:31:08.600,2959.8000,3622,0,82561380.000,0,-,-,-,-,2958.6000,2958.4000,2958.0000,2957.0000,2956.8000,2959.8000,2960.2000,2961.0000,2964.0000,2964.8000,1,1,1,1,3,1,1,1,1,4
SF,IH2006,2019-12-13 09:31:09.100,2959.8000,3622,0,82561380.000,0,-,-,-,-,2958.8000,2958.6000,2958.0000,2957.0000,2956.8000,2959.8000,2960.2000,2961.0000,2964.0000,2964.8000,1,1,1,1,3,1,1,1,1,4
SF,IH2006,2019-12-13 09:31:10.100,2959.8000,3622,0,82561380.000,0,-,-,-,-,2958.8000,2958.6000,2958.0000,2957.0000,2956.8000,2959.8000,2960.0000,2960.2000,2961.0000,2964.0000,1,1,1,1,3,1,1,1,1,1
SF,IH2006,2019-12-13 09:31:10.600,2959.8000,3622,0,82561380.000,0,-,-,-,-,2959.0000,2958.6000,2958.0000,2957.0000,2956.8000,2959.8000,2960.0000,2960.2000,2961.0000,2964.0000,1,1,1,1,3,1,1,1,1,1
SF,IH2006,2019-12-13 09:31:11.100,2960.0000,3621,-1,84337320.000,2,0,2,多平,S,2959.0000,2958.6000,2958.0000,2957.0000,2956.8000,2960.2000,2960.8000,2961.0000,2964.0000,2964.8000,1,1,1,1,3,1,1,1,1,4
SF,IH2006,2019-12-13 09:31:11.600,2960.0000,3621,0,84337320.000,0,-,-,-,-,2959.0000,2958.6000,2958.0000,2957.0000,2956.8000,2959.8000,2960.2000,2960.8000,2961.0000,2964.0000,1,1,1,1,3,1,1,1,1,1
SF,IH2006,2019-12-13 09:31:12.100,2959.8000,3621,0,85225260.000,1,0,1,多换,S,2959.2000,2959.0000,2958.6000,2958.0000,2957.0000,2960.2000,2960.8000,2961.0000,2964.0000,2964.8000,2,1,1,1,1,1,1,1,1,4
SF,IH2006,2019-12-13 09:31:12.600,2960.2000,3620,-1,86113320.000,1,0,1,双平,S,2959.4000,2959.2000,2958.6000,2958.0000,2957.0000,2960.8000,2961.0000,2964.0000,2964.8000,2965.0000,2,2,1,1,1,1,1,1,4,2
SF,IH2006,2019-12-13 09:31:13.100,2960.2000,3620,0,86113320.000,0,-,-,-,-,2959.4000,2959.2000,2958.6000,2958.0000,2957.0000,2960.8000,2961.0000,2964.0000,2964.8000,2965.0000,3,2,1,1,1,1,1,1,4,2
SF,IH2006,2019-12-13 09:31:13.600,2960.8000,3619,-1,87001560.000,1,0,1,双平,S,2959.6000,2959.4000,2959.2000,2958.6000,2958.0000,2961.0000,2964.0000,2964.8000,2965.0000,2966.0000,1,4,1,1,1,1,1,4,2,1
SF,IH2006,2019-12-13 09:31:14.100,2960.8000,3619,0,87001560.000,0,-,-,-,-,2959.8000,2959.6000,2959.4000,2959.2000,2958.6000,2961.0000,2964.0000,2964.8000,2965.0000,2966.0000,2,1,3,1,1,1,1,4,2,1
SF,IH2006,2019-12-13 09:31:14.600,2960.8000,3619,0,87001560.000,0,-,-,-,-,2960.2000,2960.0000,2959.8000,2959.4000,2959.2000,2960.8000,2961.0000,2964.0000,2964.8000,2965.0000,1,1,1,1,1,1,1,1,4,3
SF,IH2006,2019-12-13 09:31:15.100,2960.2000,3619,0,87889620.000,1,0,1,多换,S,2959.8000,2959.4000,2958.6000,2958.0000,2956.0000,2960.8000,2961.0000,2964.0000,2964.8000,2965.0000,1,1,1,1,2,1,1,1,4,3
SF,IH2006,2019-12-13 09:31:17.100,2960.8000,3618,-1,88777860.000,1,0,1,双平,S,2959.8000,2959.4000,2958.6000,2958.0000,2956.0000,2961.0000,2964.0000,2964.8000,2965.0000,2966.0000,1,1,1,1,2,1,1,4,3,1
SF,IH2006,2019-12-13 09:31:18.100,2960.8000,3618,0,88777860.000,0,-,-,-,-,2960.0000,2959.8000,2959.4000,2958.6000,2958.0000,2961.0000,2964.0000,2964.8000,2965.0000,2966.0000,1,1,1,1,1,1,1,4,3,1
SF,IH2006,2019-12-13 09:31:18.600,2960.8000,3618,0,88777860.000,0,-,-,-,-,2960.2000,2960.0000,2959.4000,2958.6000,2958.0000,2961.0000,2964.0000,2964.8000,2965.0000,2966.0000,2,2,1,2,3,1,1,4,3,1
SF,IH2006,2019-12-13 09:31:19.100,2960.8000,3618,0,88777860.000,0,-,-,-,-,2960.2000,2960.0000,2959.4000,2958.6000,2958.0000,2961.0000,2964.0000,2964.8000,2965.0000,2966.0000,1,1,1,2,3,1,1,4,3,1
SF,IH2006,2019-12-13 09:31:19.600,2960.8000,3618,0,88777860.000,0,-,-,-,-,2960.2000,2959.4000,2958.6000,2958.0000,2956.0000,2961.0000,2964.0000,2964.8000,2965.0000,2966.0000,1,1,2,3,2,1,1,4,3,1
SF,IH2006,2019-12-13 09:31:22.600,2960.2000,3617,-1,89665920.000,1,0,1,双平,S,2959.4000,2958.6000,2958.0000,2956.0000,2953.6000,2961.0000,2964.0000,2964.8000,2965.0000,2966.0000,1,2,3,2,5,1,1,4,3,1
SF,IH2006,2019-12-13 09:31:23.100,2960.2000,3617,0,89665920.000,0,-,-,-,-,2959.6000,2959.4000,2958.6000,2958.0000,2956.0000,2961.0000,2964.0000,2964.8000,2965.0000,2966.0000,3,1,2,3,2,1,1,4,3,1
SF,IH2006,2019-12-13 09:31:23.600,2960.2000,3617,0,89665920.000,0,-,-,-,-,2959.6000,2959.4000,2958.6000,2958.0000,2956.0000,2961.0000,2964.0000,2964.8000,2965.0000,2966.0000,4,1,2,3,2,1,1,4,3,1
SF,IH2006,2019-12-13 09:31:24.100,2961.0000,3617,0,90554220.000,1,0,1,多换,S,2959.6000,2959.4000,2958.6000,2958.0000,2956.0000,2964.0000,2964.8000,2965.0000,2966.0000,2968.0000,4,1,2,3,2,1,4,3,1,2
SF,IH2006,2019-12-13 09:31:24.600,2961.0000,3617,0,90554220.000,0,-,-,-,-,2959.6000,2959.4000,2958.6000,2958.0000,2956.0000,2963.4000,2963.8000,2964.0000,2964.8000,2965.0000,3,1,2,3,2,1,2,1,4,3
SF,IH2006,2019-12-13 09:31:25.100,2961.0000,3617,0,90554220.000,0,-,-,-,-,2959.6000,2959.4000,2958.6000,2958.0000,2956.0000,2963.2000,2963.4000,2963.8000,2964.0000,2964.8000,3,1,2,3,2,1,1,1,1,4
SF,IH2006,2019-12-13 09:31:25.600,2961.0000,3617,0,90554220.000,0,-,-,-,-,2959.6000,2959.4000,2958.6000,2958.0000,2956.0000,2962.8000,2963.2000,2963.4000,2963.8000,2964.0000,3,1,2,3,2,1,1,1,1,1
SF,IH2006,2019-12-13 09:31:26.100,2961.0000,3617,0,90554220.000,0,-,-,-,-,2959.6000,2958.6000,2958.0000,2956.0000,2953.6000,2962.6000,2962.8000,2963.4000,2963.8000,2964.0000,3,2,3,2,5,1,1,1,1,1
SF,IH2006,2019-12-13 09:31:26.600,2961.0000,3617,0,90554220.000,0,-,-,-,-,2959.6000,2958.6000,2958.0000,2956.0000,2953.6000,2962.6000,2962.8000,2963.4000,2963.8000,2964.0000,2,2,3,2,5,1,1,1,1,1
SF,IH2006,2019-12-13 09:31:27.100,2961.0000,3617,0,90554220.000,0,-,-,-,-,2959.8000,2959.6000,2958.6000,2958.0000,2956.0000,2962.6000,2962.8000,2963.4000,2963.8000,2964.0000,1,2,2,3,2,1,1,1,1,1
SF,IH2006,2019-12-13 09:31:27.600,2961.0000,3617,0,90554220.000,0,-,-,-,-,2960.0000,2959.8000,2959.6000,2958.6000,2958.0000,2962.6000,2962.8000,2963.4000,2963.8000,2964.0000,1,1,1,2,3,1,1,1,1,1
SF,IH2006,2019-12-13 09:31:28.100,2961.0000,3617,0,90554220.000,0,-,-,-,-,2960.0000,2959.8000,2959.6000,2958.6000,2958.0000,2962.4000,2962.6000,2963.4000,2963.8000,2964.0000,1,1,1,2,3,1,1,1,1,1
SF,IH2006,2019-12-13 09:31:28.600,2961.0000,3617,0,90554220.000,0,-,-,-,-,2960.2000,2960.0000,2959.8000,2959.6000,2958.6000,2962.2000,2962.4000,2963.4000,2963.8000,2964.0000,1,1,1,1,2,1,1,1,1,1
SF,IH2006,2019-12-13 09:31:29.100,2961.0000,3617,0,90554220.000,0,-,-,-,-,2960.4000,2960.2000,2959.8000,2959.6000,2958.6000,2962.2000,2962.4000,2963.4000,2963.8000,2964.0000,1,1,1,1,2,1,1,1,1,1
SF,IH2006,2019-12-13 09:31:29.600,2961.0000,3617,0,90554220.000,0,-,-,-,-,2960.4000,2959.8000,2959.6000,2958.6000,2958.0000,2962.2000,2963.4000,2963.8000,2964.0000,2964.8000,1,1,1,2,3,1,1,1,1,4
SF,IH2006,2019-12-13 09:31:30.100,2961.0000,3617,0,90554220.000,0,-,-,-,-,2960.6000,2960.4000,2959.8000,2959.6000,2958.6000,2962.2000,2963.4000,2963.8000,2964.0000,2964.8000,1,1,1,1,2,1,1,1,1,4
SF,IH2006,2019-12-13 09:31:30.600,2961.0000,3617,0,90554220.000,0,-,-,-,-,2960.8000,2960.6000,2959.8000,2959.6000,2958.6000,2962.2000,2963.2000,2963.4000,2963.8000,2964.0000,1,1,1,1,2,1,1,1,1,1
SF,IH2006,2019-12-13 09:31:31.100,2961.0000,3617,0,90554220.000,0,-,-,-,-,2961.0000,2960.8000,2960.6000,2959.8000,2959.6000,2962.2000,2963.2000,2963.4000,2963.8000,2964.0000,1,1,1,1,1,1,1,1,1,1
SF,IH2006,2019-12-13 09:31:31.600,2961.0000,3617,0,90554220.000,0,-,-,-,-,2961.0000,2960.8000,2959.8000,2959.6000,2958.6000,2963.2000,2963.4000,2963.8000,2964.0000,2964.8000,1,1,1,1,2,1,1,1,1,4
SF,IH2006,2019-12-13 09:31:32.100,2960.8000,3616,-1,91442460.000,1,0,1,双平,S,2959.8000,2959.6000,2958.6000,2958.0000,2956.0000,2963.0000,2963.2000,2963.4000,2963.8000,2964.0000,1,1,2,3,2,1,1,1,1,1
SF,IH2006,2019-12-13 09:31:32.600,2960.8000,3616,0,91442460.000,0,-,-,-,-,2960.0000,2959.8000,2959.6000,2958.6000,2958.0000,2963.0000,2963.2000,2963.4000,2963.8000,2964.0000,2,4,1,2,3,1,1,1,1,1
SF,IH2006,2019-12-13 09:31:33.100,2960.8000,3616,0,91442460.000,0,-,-,-,-,2960.2000,2960.0000,2959.8000,2959.6000,2958.6000,2963.0000,2963.2000,2963.4000,2963.8000,2964.0000,1,2,4,1,2,1,1,1,1,1
SF,IH2006,2019-12-13 09:31:33.600,2960.8000,3616,0,91442460.000,0,-,-,-,-,2960.4000,2960.2000,2960.0000,2959.8000,2959.6000,2963.0000,2963.4000,2963.8000,2964.0000,2964.8000,2,1,1,4,1,1,2,1,1,4
SF,IH2006,2019-12-13 09:31:34.100,2960.8000,3616,0,91442460.000,0,-,-,-,-,2960.6000,2960.4000,2960.0000,2959.8000,2959.6000,2963.0000,2963.4000,2964.0000,2964.2000,2964.8000,1,2,1,4,1,1,1,1,1,4
SF,IH2006,2019-12-13 09:31:34.600,2960.8000,3616,0,91442460.000,0,-,-,-,-,2960.8000,2960.6000,2960.4000,2960.0000,2959.8000,2963.0000,2963.4000,2964.0000,2964.2000,2964.8000,1,3,2,1,3,1,1,1,1,4
SF,IH2006,2019-12-13 09:31:35.100,2960.8000,3616,0,91442460.000,0,-,-,-,-,2960.8000,2960.6000,2960.4000,2960.0000,2959.8000,2963.0000,2963.4000,2964.0000,2964.2000,2964.8000,1,2,1,1,3,1,1,1,1,4
SF,IH2006,2019-12-13 09:31:35.600,2960.8000,3616,0,91442460.000,0,-,-,-,-,2960.8000,2960.6000,2960.4000,2960.0000,2959.8000,2963.0000,2963.4000,2963.6000,2964.0000,2964.2000,1,1,1,1,3,1,1,1,1,1
SF,IH2006,2019-12-13 09:31:36.100,2960.8000,3616,0,91442460.000,0,-,-,-,-,2960.8000,2960.6000,2960.4000,2960.0000,2959.8000,2963.0000,2963.4000,2963.6000,2964.0000,2964.2000,1,1,1,1,3,1,1,1,1,1
SF,IH2006,2019-12-13 09:31:36.600,2960.8000,3616,0,91442460.000,0,-,-,-,-,2961.0000,2960.8000,2960.6000,2960.4000,2960.0000,2963.0000,2963.4000,2963.6000,2964.0000,2964.2000,2,1,1,1,1,1,1,1,1,1
SF,IH2006,2019-12-13 09:31:37.100,2960.8000,3616,0,91442460.000,0,-,-,-,-,2961.2000,2961.0000,2960.8000,2960.6000,2960.4000,2963.0000,2963.4000,2963.6000,2964.0000,2964.2000,1,2,1,1,1,1,1,1,1,1
SF,IH2006,2019-12-13 09:31:37.600,2960.8000,3616,0,91442460.000,0,-,-,-,-,2961.2000,2961.0000,2960.8000,2960.6000,2960.4000,2963.0000,2963.4000,2963.6000,2964.0000,2964.2000,1,1,1,1,1,1,1,1,1,1
SF,IH2006,2019-12-13 09:31:39.100,2961.0000,3615,-1,92330760.000,1,0,1,双平,S,2961.0000,2960.8000,2960.6000,2960.4000,2960.0000,2963.0000,2963.4000,2963.6000,2964.0000,2964.2000,1,1,1,1,1,1,1,1,1,1
SF,IH2006,2019-12-13 09:31:39.600,2961.0000,3615,0,92330760.000,0,-,-,-,-,2960.8000,2960.6000,2960.4000,2960.0000,2959.8000,2963.0000,2963.4000,2963.6000,2964.0000,2964.2000,1,1,1,1,3,1,1,1,1,1
SF,IH2006,2019-12-13 09:31:40.100,2961.0000,3615,0,92330760.000,0,-,-,-,-,2961.0000,2960.8000,2960.4000,2960.0000,2959.8000,2963.0000,2963.4000,2963.6000,2964.0000,2964.2000,2,1,1,1,3,1,1,1,1,1
SF,IH2006,2019-12-13 09:31:40.600,2961.0000,3615,0,92330760.000,0,-,-,-,-,2961.2000,2961.0000,2960.8000,2960.4000,2960.0000,2963.0000,2963.4000,2963.6000,2964.0000,2964.2000,1,1,1,1,1,1,1,1,1,1
SF,IH2006,2019-12-13 09:31:41.100,2961.0000,3615,0,92330760.000,0,-,-,-,-,2961.4000,2961.2000,2961.0000,2960.8000,2960.4000,2963.0000,2963.4000,2963.6000,2964.0000,2964.2000,1,1,1,1,1,1,1,1,1,1
SF,IH2006,2019-12-13 09:31:41.600,2961.0000,3615,0,92330760.000,0,-,-,-,-,2961.4000,2961.2000,2960.8000,2960.4000,2960.0000,2963.0000,2963.4000,2963.6000,2964.0000,2964.2000,1,1,1,1,1,1,1,1,1,1
SF,IH2006,2019-12-13 09:31:42.100,2961.0000,3615,0,92330760.000,0,-,-,-,-,2961.6000,2961.4000,2961.2000,2960.8000,2960.4000,2963.0000,2963.4000,2963.6000,2964.0000,2964.2000,1,1,1,1,1,1,1,1,1,1
SF,IH2006,2019-12-13 09:31:42.600,2961.0000,3615,0,92330760.000,0,-,-,-,-,2961.6000,2961.2000,2960.8000,2960.4000,2960.0000,2963.0000,2963.4000,2963.6000,2964.0000,2964.2000,1,1,1,1,1,1,1,1,1,1
SF,IH2006,2019-12-13 09:31:43.100,2961.0000,3615,0,92330760.000,0,-,-,-,-,2961.8000,2961.6000,2961.2000,2960.8000,2960.4000,2963.0000,2963.4000,2963.6000,2964.0000,2964.2000,3,1,1,1,1,1,1,1,1,1
SF,IH2006,2019-12-13 09:31:43.600,2961.0000,3615,0,92330760.000,0,-,-,-,-,2961.8000,2961.6000,2961.2000,2960.8000,2960.4000,2963.0000,2963.4000,2963.6000,2964.0000,2964.2000,3,1,1,1,1,1,1,1,1,1
SF,IH2006,2019-12-13 09:31:44.100,2961.0000,3615,0,92330760.000,0,-,-,-,-,2961.8000,2961.2000,2960.8000,2960.4000,2960.0000,2963.0000,2963.4000,2963.6000,2964.0000,2964.2000,2,1,1,1,1,1,1,1,1,1
SF,IH2006,2019-12-13 09:31:44.600,2961.0000,3615,0,92330760.000,0,-,-,-,-,2961.8000,2961.2000,2960.8000,2960.4000,2960.0000,2963.0000,2963.4000,2963.6000,2964.0000,2964.2000,1,1,1,1,1,1,1,1,1,1
SF,IH2006,2019-12-13 09:31:45.100,2961.0000,3615,0,92330760.000,0,-,-,-,-,2962.0000,2961.8000,2961.2000,2960.8000,2960.4000,2963.0000,2963.4000,2963.6000,2964.0000,2964.2000,1,1,1,1,1,1,1,1,1,1
SF,IH2006,2019-12-13 09:31:46.100,2962.0000,3615,0,93219360.000,1,0,1,多换,S,2961.8000,2961.2000,2960.8000,2960.4000,2960.0000,2963.0000,2963.4000,2963.6000,2964.0000,2964.2000,1,1,1,1,1,1,1,1,1,1
SF,IH2006,2019-12-13 09:31:46.600,2962.0000,3615,0,93219360.000,0,-,-,-,-,2961.8000,2961.2000,2960.8000,2960.4000,2960.0000,2963.0000,2963.4000,2963.6000,2964.0000,2964.2000,1,1,1,1,1,2,1,1,1,1
SF,IH2006,2019-12-13 09:31:47.100,2962.0000,3615,0,93219360.000,0,-,-,-,-,2962.0000,2961.8000,2961.2000,2960.8000,2960.4000,2963.0000,2963.4000,2963.6000,2964.0000,2964.2000,1,1,1,1,1,2,1,1,1,1
SF,IH2006,2019-12-13 09:31:48.600,2962.0000,3615,0,94107960.000,1,0,1,多换,S,2962.0000,2961.8000,2961.2000,2960.8000,2960.4000,2963.0000,2963.4000,2963.6000,2964.0000,2964.2000,1,1,1,1,1,2,1,1,1,1
SF,IH2006,2019-12-13 09:31:49.100,2962.0000,3615,0,94107960.000,0,-,-,-,-,2962.2000,2962.0000,2961.8000,2961.2000,2960.8000,2963.0000,2963.4000,2963.6000,2964.0000,2964.2000,1,1,1,1,1,2,1,1,1,1
SF,IH2006,2019-12-13 09:31:49.600,2962.0000,3615,0,94107960.000,0,-,-,-,-,2962.2000,2961.8000,2961.2000,2960.8000,2960.4000,2963.0000,2963.4000,2963.6000,2964.0000,2964.2000,2,1,1,1,1,2,1,1,1,1
SF,IH2006,2019-12-13 09:31:50.600,2962.0000,3615,0,94107960.000,0,-,-,-,-,2962.2000,2961.8000,2961.2000,2960.8000,2960.4000,2963.0000,2963.4000,2963.6000,2964.0000,2964.2000,1,1,1,1,1,2,1,1,1,1
SF,IH2006,2019-12-13 09:31:51.100,2962.0000,3615,0,94107960.000,0,-,-,-,-,2962.4000,2962.2000,2961.8000,2961.2000,2960.8000,2963.0000,2963.4000,2963.6000,2964.0000,2964.8000,1,1,1,1,1,2,1,1,1,4
SF,IH2006,2019-12-13 09:31:51.600,2962.4000,3614,-1,94996680.000,1,0,1,双平,S,2962.4000,2961.8000,2961.2000,2960.8000,2960.4000,2963.0000,2963.4000,2963.6000,2964.0000,2964.8000,1,1,1,1,1,2,1,1,1,4
SF,IH2006,2019-12-13 09:31:52.100,2962.4000,3613,-1,95885400.000,1,0,1,双平,S,2962.6000,2961.8000,2961.2000,2960.8000,2960.4000,2963.0000,2963.4000,2963.6000,2964.0000,2964.8000,1,1,1,1,1,2,1,1,1,4
SF,IH2006,2019-12-13 09:31:52.600,2962.6000,3612,-1,96774180.000,1,0,1,双平,S,2961.8000,2961.2000,2960.8000,2960.4000,2960.0000,2963.0000,2963.4000,2963.6000,2964.0000,2964.8000,1,1,1,1,1,2,1,1,1,4
SF,IH2006,2019-12-13 09:31:53.100,2962.6000,3612,0,96774180.000,0,-,-,-,-,2961.8000,2961.2000,2960.8000,2960.4000,2960.0000,2962.6000,2963.0000,2963.4000,2963.6000,2964.0000,1,1,1,1,1,1,2,1,1,1
SF,IH2006,2019-12-13 09:31:54.100,2962.6000,3612,0,96774180.000,0,-,-,-,-,2961.2000,2960.8000,2960.4000,2960.0000,2959.0000,2963.0000,2963.4000,2963.6000,2964.0000,2964.8000,1,1,1,1,1,2,1,1,1,4
SF,IH2006,2019-12-13 09:31:54.600,2962.6000,3612,0,96774180.000,0,-,-,-,-,2961.4000,2961.2000,2960.8000,2960.4000,2960.0000,2963.0000,2963.4000,2963.6000,2964.0000,2964.8000,1,1,1,1,1,2,1,1,1,4
SF,IH2006,2019-12-13 09:31:55.100,2962.6000,3612,0,96774180.000,0,-,-,-,-,2961.4000,2961.2000,2960.8000,2960.4000,2960.0000,2962.6000,2963.0000,2963.4000,2963.6000,2964.0000,1,1,1,1,1,1,2,1,1,1
SF,IH2006,2019-12-13 09:31:55.600,2962.6000,3612,0,96774180.000,0,-,-,-,-,2961.6000,2961.4000,2961.2000,2960.8000,2960.4000,2962.6000,2963.0000,2963.4000,2963.6000,2964.0000,1,1,1,1,1,1,2,1,1,1
SF,IH2006,2019-12-13 09:31:56.100,2962.6000,3612,0,96774180.000,0,-,-,-,-,2961.6000,2961.2000,2960.8000,2960.4000,2960.0000,2962.6000,2963.0000,2963.4000,2963.6000,2964.0000,1,1,1,1,1,1,2,1,1,1
SF,IH2006,2019-12-13 09:31:56.600,2962.6000,3612,0,96774180.000,0,-,-,-,-,2961.6000,2961.2000,2960.8000,2960.4000,2960.0000,2962.4000,2962.6000,2963.0000,2963.4000,2963.6000,1,1,1,1,1,1,1,1,1,1
SF,IH2006,2019-12-13 09:31:57.600,2962.6000,3612,0,96774180.000,0,-,-,-,-,2961.8000,2961.6000,2961.2000,2960.8000,2960.4000,2962.0000,2962.4000,2962.6000,2963.0000,2963.4000,1,1,1,1,1,1,1,1,1,1
SF,IH2006,2019-12-13 09:31:58.100,2961.8000,3613,1,97662720.000,1,1,0,双开,S,2961.2000,2960.8000,2960.4000,2960.0000,2959.0000,2962.0000,2962.4000,2962.6000,2963.0000,2963.4000,1,1,1,1,1,1,1,1,1,1
SF,IH2006,2019-12-13 09:31:58.600,2961.8000,3613,0,97662720.000,0,-,-,-,-,2961.2000,2960.8000,2960.4000,2960.0000,2959.0000,2961.8000,2962.0000,2962.6000,2963.0000,2963.4000,1,1,1,1,1,1,1,1,1,1
SF,IH2006,2019-12-13 09:31:59.100,2961.8000,3613,0,97662720.000,0,-,-,-,-,2960.4000,2960.0000,2959.0000,2958.6000,2958.0000,2961.8000,2962.0000,2962.6000,2963.0000,2963.4000,1,1,1,1,2,1,1,1,1,1
SF,IH2006,2019-12-13 09:31:59.600,2961.8000,3613,0,97662720.000,0,-,-,-,-,2960.8000,2960.6000,2960.4000,2960.0000,2959.0000,2961.8000,2962.0000,2962.6000,2963.0000,2963.4000,1,1,1,1,1,1,1,1,1,1
SF,IH2006,2019-12-13 09:32:00.100,2961.8000,3613,0,97662720.000,0,-,-,-,-,2960.8000,2960.6000,2960.4000,2960.0000,2959.0000,2961.8000,2962.0000,2962.6000,2963.0000,2963.4000,1,1,1,1,1,1,1,1,2,1
SF,IH2006,2019-12-13 09:32:00.600,2961.8000,3612,-1,98551260.000,1,0,1,双平,S,2960.8000,2960.4000,2960.0000,2959.0000,2958.6000,2962.0000,2962.6000,2963.0000,2963.4000,2963.6000,1,1,1,1,1,1,1,2,1,1
SF,IH2006,2019-12-13 09:32:01.100,2962.0000,3611,-1,99439860.000,1,0,1,双平,S,2961.0000,2960.8000,2960.4000,2960.0000,2959.0000,2962.6000,2963.0000,2963.4000,2963.6000,2964.0000,2,1,1,1,1,1,2,1,1,1
SF,IH2006,2019-12-13 09:32:01.600,2962.0000,3611,0,99439860.000,0,-,-,-,-,2961.0000,2960.8000,2960.4000,2960.0000,2959.0000,2962.6000,2963.0000,2963.4000,2963.6000,2964.0000,3,1,1,1,1,1,2,1,1,1
SF,IH2006,2019-12-13 09:32:02.100,2962.6000,3610,-1,100328640.000,1,0,1,双平,S,2961.0000,2960.8000,2960.4000,2960.0000,2959.0000,2963.0000,2963.4000,2963.6000,2964.0000,2964.8000,3,1,1,1,1,2,1,1,1,4
SF,IH2006,2019-12-13 09:32:02.600,2961.2000,3610,0,101217000.000,1,0,1,多换,S,2961.2000,2961.0000,2960.8000,2960.4000,2960.0000,2963.0000,2963.4000,2963.6000,2964.0000,2964.8000,3,2,1,1,1,2,1,1,1,4
SF,IH2006,2019-12-13 09:32:03.100,2961.2000,3610,0,101217000.000,0,-,-,-,-,2961.4000,2961.2000,2961.0000,2960.8000,2960.4000,2963.0000,2963.4000,2963.6000,2964.0000,2964.8000,1,1,1,1,1,2,1,1,1,4
SF,IH2006,2019-12-13 09:32:03.600,2961.2000,3610,0,101217000.000,0,-,-,-,-,2961.6000,2961.4000,2961.2000,2961.0000,2960.8000,2963.0000,2963.4000,2963.6000,2964.0000,2964.8000,2,1,1,1,1,2,1,1,1,4
SF,IH2006,2019-12-13 09:32:04.100,2961.2000,3610,0,101217000.000,0,-,-,-,-,2961.8000,2961.6000,2961.4000,2961.2000,2961.0000,2963.0000,2963.4000,2963.6000,2964.0000,2964.8000,1,2,1,1,1,2,1,1,1,4
SF,IH2006,2019-12-13 09:32:04.600,2961.2000,3610,0,101217000.000,0,-,-,-,-,2961.8000,2961.6000,2961.4000,2961.2000,2961.0000,2963.0000,2963.4000,2963.6000,2964.0000,2964.8000,2,1,1,1,1,2,1,1,1,4
SF,IH2006,2019-12-13 09:32:05.100,2961.2000,3610,0,101217000.000,0,-,-,-,-,2961.8000,2961.4000,2961.0000,2960.8000,2960.4000,2963.0000,2963.4000,2963.6000,2964.0000,2964.8000,1,1,1,1,1,2,1,1,1,4
SF,IH2006,2019-12-13 09:32:05.600,2961.2000,3610,0,101217000.000,0,-,-,-,-,2962.0000,2961.8000,2961.4000,2961.0000,2960.8000,2962.4000,2963.0000,2963.4000,2963.6000,2964.0000,1,1,1,1,1,2,2,1,1,1
SF,IH2006,2019-12-13 09:32:06.100,2962.0000,3608,-2,104771700.000,4,1,3,多平,S,2961.8000,2961.4000,2961.0000,2960.8000,2960.4000,2963.0000,2963.4000,2963.6000,2964.0000,2964.8000,1,1,1,1,1,2,1,1,1,4
SF,IH2006,2019-12-13 09:32:06.600,2962.0000,3608,0,104771700.000,0,-,-,-,-,2961.8000,2961.4000,2961.0000,2960.8000,2960.4000,2963.0000,2963.4000,2963.6000,2964.0000,2964.8000,1,1,1,1,1,2,1,1,1,4
SF,IH2006,2019-12-13 09:32:07.100,2961.8000,3607,-1,105660240.000,1,0,1,双平,S,2961.4000,2961.0000,2960.8000,2960.4000,2959.0000,2963.0000,2963.4000,2963.6000,2964.0000,2964.8000,1,1,1,2,1,2,1,1,1,4
SF,IH2006,2019-12-13 09:32:07.600,2961.8000,3607,0,105660240.000,0,-,-,-,-,2961.4000,2961.0000,2960.8000,2960.4000,2959.0000,2962.8000,2963.0000,2963.4000,2963.6000,2964.0000,1,1,1,2,1,1,2,1,1,1
SF,IH2006,2019-12-13 09:32:08.100,2962.8000,3607,0,106549080.000,1,0,1,多换,S,2961.4000,2961.0000,2960.8000,2960.4000,2959.0000,2963.0000,2963.4000,2963.6000,2964.0000,2964.8000,1,1,1,2,1,2,1,1,1,4
SF,IH2006,2019-12-13 09:32:08.600,2962.8000,3607,0,106549080.000,0,-,-,-,-,2961.6000,2961.4000,2961.0000,2960.8000,2960.4000,2963.0000,2963.4000,2963.6000,2964.0000,2964.8000,1,1,1,1,2,2,1,1,1,4
SF,IH2006,2019-12-13 09:32:09.100,2962.8000,3607,0,106549080.000,0,-,-,-,-,2961.8000,2961.6000,2961.4000,2961.0000,2960.8000,2963.0000,2963.4000,2963.6000,2964.0000,2964.8000,1,1,1,1,1,2,1,1,1,4
SF,IH2006,2019-12-13 09:32:09.600,2962.8000,3607,0,106549080.000,0,-,-,-,-,2962.0000,2961.8000,2961.6000,2961.4000,2961.0000,2963.0000,2963.4000,2963.6000,2964.0000,2964.8000,2,1,1,1,1,2,1,1,1,4
SF,IH2006,2019-12-13 09:32:10.100,2962.8000,3607,0,106549080.000,0,-,-,-,-,2962.2000,2962.0000,2961.8000,2961.6000,2961.4000,2962.8000,2963.0000,2963.4000,2963.6000,2964.0000,1,2,1,1,1,1,2,1,1,1
SF,IH2006,2019-12-13 09:32:10.600,2962.8000,3607,0,106549080.000,0,-,-,-,-,2962.2000,2962.0000,2961.8000,2961.4000,2961.0000,2962.8000,2963.0000,2963.4000,2963.6000,2964.0000,2,2,1,1,1,1,2,1,1,1
SF,IH2006,2019-12-13 09:32:11.100,2962.8000,3606,-1,107437920.000,1,0,1,双平,S,2962.2000,2962.0000,2961.8000,2961.4000,2961.0000,2963.0000,2963.4000,2963.6000,2964.0000,2964.8000,2,2,1,1,1,2,1,1,1,4
SF,IH2006,2019-12-13 09:32:11.600,2962.8000,3606,0,107437920.000,0,-,-,-,-,2962.4000,2962.2000,2962.0000,2961.8000,2961.4000,2963.0000,2963.4000,2963.6000,2964.0000,2964.8000,1,2,2,1,1,2,1,1,1,4
SF,IH2006,2019-12-13 09:32:12.100,2963.0000,3605,-1,109215720.000,2,0,2,多平,S,2962.4000,2962.2000,2962.0000,2961.8000,2961.4000,2963.4000,2963.6000,2964.0000,2964.8000,2965.0000,1,2,2,1,1,1,1,1,4,5
SF,IH2006,2019-12-13 09:32:12.600,2963.0000,3605,0,109215720.000,0,-,-,-,-,2962.6000,2962.4000,2962.2000,2962.0000,2961.8000,2963.4000,2963.6000,2964.0000,2964.8000,2965.0000,2,1,1,2,1,1,1,1,4,5
SF,IH2006,2019-12-13 09:32:13.600,2963.4000,3604,-1,110104740.000,1,0,1,双平,S,2962.6000,2962.4000,2962.2000,2962.0000,2961.8000,2963.6000,2964.0000,2964.8000,2965.0000,2966.0000,2,1,1,2,1,1,1,4,5,2
SF,IH2006,2019-12-13 09:32:14.100,2963.4000,3604,0,110104740.000,0,-,-,-,-,2962.6000,2962.4000,2962.2000,2962.0000,2961.8000,2963.6000,2964.0000,2964.8000,2965.0000,2966.0000,2,1,1,2,1,1,1,4,5,2
SF,IH2006,2019-12-13 09:32:14.600,2963.6000,3604,0,110993820.000,1,0,1,多换,S,2963.6000,2962.6000,2962.4000,2962.2000,2962.0000,2964.0000,2964.8000,2965.0000,2966.0000,2968.0000,1,3,1,1,2,1,4,5,2,3
SF,IH2006,2019-12-13 09:32:15.100,2963.6000,3605,1,111882900.000,1,1,0,双开,S,2962.8000,2962.6000,2962.4000,2962.2000,2962.0000,2964.0000,2964.8000,2965.0000,2966.0000,2968.0000,1,3,1,1,2,1,4,5,2,3
SF,IH2006,2019-12-13 09:32:15.600,2963.6000,3605,0,111882900.000,0,-,-,-,-,2963.0000,2962.8000,2962.6000,2962.4000,2962.2000,2964.0000,2964.8000,2965.0000,2966.0000,2968.0000,1,1,2,1,1,1,4,5,2,3
SF,IH2006,2019-12-13 09:32:16.100,2963.6000,3605,0,111882900.000,0,-,-,-,-,2963.0000,2962.6000,2962.4000,2962.2000,2960.8000,2964.0000,2964.8000,2965.0000,2966.0000,2968.0000,2,1,1,1,1,1,4,5,2,3
SF,IH2006,2019-12-13 09:32:16.600,2963.6000,3605,0,111882900.000,0,-,-,-,-,2963.0000,2962.6000,2962.4000,2962.2000,2960.8000,2964.0000,2964.8000,2965.0000,2966.0000,2968.0000,2,1,1,1,1,1,4,5,2,3
SF,IH2006,2019-12-13 09:32:18.600,2963.0000,3604,-1,112771800.000,1,0,1,双平,S,2963.0000,2962.6000,2962.4000,2962.2000,2960.8000,2964.0000,2964.8000,2965.0000,2966.0000,2968.0000,1,1,1,1,1,1,4,5,2,3
SF,IH2006,2019-12-13 09:32:19.100,2963.0000,3604,0,113660700.000,1,0,1,多换,S,2962.6000,2962.4000,2962.2000,2960.8000,2959.0000,2964.0000,2964.8000,2965.0000,2966.0000,2968.0000,1,1,1,1,1,1,4,5,2,3
SF,IH2006,2019-12-13 09:32:20.100,2963.0000,3604,0,113660700.000,0,-,-,-,-,2962.4000,2962.2000,2960.8000,2959.0000,2958.6000,2963.8000,2964.0000,2964.8000,2965.0000,2966.0000,1,1,1,1,1,1,1,4,5,2
SF,IH2006,2019-12-13 09:32:20.600,2963.0000,3604,0,113660700.000,0,-,-,-,-,2962.4000,2962.2000,2960.8000,2959.0000,2958.6000,2963.8000,2964.0000,2964.8000,2965.0000,2966.0000,1,1,1,1,1,1,1,4,5,2
SF,IH2006,2019-12-13 09:32:21.600,2963.0000,3604,0,113660700.000,0,-,-,-,-,2962.4000,2962.2000,2960.8000,2959.0000,2958.6000,2963.0000,2963.8000,2964.0000,2964.8000,2965.0000,2,1,1,1,1,4,1,1,4,5
SF,IH2006,2019-12-13 09:32:23.100,2962.4000,3605,1,114549420.000,1,1,0,双开,S,2962.8000,2962.4000,2962.2000,2959.0000,2958.6000,2963.0000,2963.8000,2964.0000,2964.8000,2965.0000,1,1,1,1,1,4,1,1,4,5
SF,IH2006,2019-12-13 09:32:23.600,2962.8000,3605,0,115438260.000,1,0,1,多换,S,2962.4000,2962.2000,2959.0000,2958.6000,2958.0000,2963.0000,2963.8000,2964.0000,2964.8000,2965.0000,1,1,1,1,2,4,1,1,4,5
SF,IH2006,2019-12-13 09:32:24.100,2962.4000,3605,0,116326980.000,1,0,1,多换,S,2962.2000,2959.0000,2958.6000,2958.0000,2956.8000,2963.0000,2963.8000,2964.0000,2964.8000,2965.0000,1,1,1,2,5,4,1,1,4,5
SF,IH2006,2019-12-13 09:32:24.600,2962.2000,3605,0,117215640.000,1,0,1,多换,S,2959.0000,2958.6000,2958.0000,2956.8000,2956.0000,2963.0000,2963.8000,2964.0000,2964.8000,2965.0000,1,1,2,5,2,4,1,1,4,5
SF,IH2006,2019-12-13 09:32:25.100,2962.2000,3605,0,117215640.000,0,-,-,-,-,2959.4000,2959.2000,2959.0000,2958.6000,2958.0000,2963.0000,2963.8000,2964.0000,2964.8000,2965.0000,3,1,1,1,2,4,1,1,4,5
SF,IH2006,2019-12-13 09:32:25.600,2962.2000,3605,0,117215640.000,0,-,-,-,-,2959.6000,2958.6000,2958.0000,2956.8000,2956.0000,2963.0000,2963.8000,2964.0000,2964.8000,2965.0000,1,1,2,5,2,4,1,1,4,5
SF,IH2006,2019-12-13 09:32:26.100,2962.2000,3605,0,117215640.000,0,-,-,-,-,2960.0000,2959.8000,2959.6000,2958.6000,2958.0000,2963.0000,2963.8000,2964.0000,2964.8000,2965.0000,1,1,5,1,2,4,1,1,4,5
SF,IH2006,2019-12-13 09:32:26.600,2962.2000,3605,0,117215640.000,0,-,-,-,-,2960.2000,2960.0000,2959.8000,2959.6000,2958.6000,2963.0000,2963.8000,2964.0000,2964.8000,2965.0000,2,1,1,4,1,4,1,1,4,5
SF,IH2006,2019-12-13 09:32:27.100,2962.2000,3605,0,117215640.000,0,-,-,-,-,2960.2000,2960.0000,2959.8000,2958.6000,2958.0000,2962.8000,2963.0000,2963.8000,2964.0000,2964.8000,3,1,1,1,2,1,4,1,1,4
SF,IH2006,2019-12-13 09:32:27.600,2962.2000,3605,0,117215640.000,0,-,-,-,-,2960.6000,2960.4000,2960.2000,2958.6000,2958.0000,2962.8000,2963.0000,2963.8000,2964.0000,2964.8000,1,1,1,1,2,1,4,1,1,4
SF,IH2006,2019-12-13 09:32:28.100,2962.2000,3605,0,117215640.000,0,-,-,-,-,2960.8000,2960.6000,2960.4000,2958.6000,2958.0000,2962.8000,2963.0000,2963.8000,2964.0000,2964.8000,1,2,1,1,2,1,4,1,1,4
SF,IH2006,2019-12-13 09:32:28.600,2962.2000,3605,0,117215640.000,0,-,-,-,-,2960.8000,2960.6000,2960.2000,2958.6000,2958.0000,2962.8000,2963.0000,2963.8000,2964.0000,2964.8000,1,3,1,1,2,1,4,1,1,4
SF,IH2006,2019-12-13 09:32:29.100,2962.2000,3605,0,117215640.000,0,-,-,-,-,2961.0000,2960.8000,2960.2000,2958.6000,2958.0000,2962.8000,2963.0000,2963.8000,2964.0000,2964.8000,2,1,1,1,2,1,4,1,1,4
SF,IH2006,2019-12-13 09:32:29.600,2962.2000,3605,0,117215640.000,0,-,-,-,-,2961.0000,2960.8000,2960.2000,2958.6000,2958.0000,2962.8000,2963.0000,2963.8000,2964.0000,2964.8000,2,1,1,1,2,1,5,1,1,4
SF,IH2006,2019-12-13 09:32:30.600,2962.2000,3605,0,117215640.000,0,-,-,-,-,2961.2000,2961.0000,2960.2000,2958.6000,2958.0000,2962.8000,2963.0000,2963.8000,2964.0000,2964.8000,1,2,1,1,2,1,5,1,1,4
SF,IH2006,2019-12-13 09:32:31.100,2962.2000,3605,0,117215640.000,0,-,-,-,-,2961.4000,2961.2000,2961.0000,2960.2000,2958.6000,2962.8000,2963.0000,2963.8000,2964.0000,2964.8000,2,1,2,1,1,1,5,1,1,4
SF,IH2006,2019-12-13 09:32:31.600,2962.2000,3605,0,117215640.000,0,-,-,-,-,2961.6000,2961.4000,2961.0000,2960.2000,2958.6000,2962.8000,2963.0000,2963.8000,2964.0000,2964.8000,1,2,1,1,1,1,5,1,1,4
SF,IH2006,2019-12-13 09:32:32.100,2962.2000,3605,0,117215640.000,0,-,-,-,-,2961.6000,2961.4000,2960.2000,2958.6000,2958.0000,2962.8000,2963.0000,2963.8000,2964.0000,2964.8000,2,2,1,1,2,1,5,1,1,4
SF,IH2006,2019-12-13 09:32:32.600,2962.2000,3605,0,117215640.000,0,-,-,-,-,2962.0000,2961.6000,2960.2000,2958.6000,2958.0000,2962.8000,2963.0000,2963.8000,2964.0000,2964.8000,1,2,1,1,2,1,5,1,1,4
SF,IH2006,2019-12-13 09:32:33.100,2962.2000,3605,0,117215640.000,0,-,-,-,-,2962.0000,2961.8000,2961.6000,2960.2000,2958.6000,2962.8000,2963.0000,2963.8000,2964.0000,2964.8000,1,1,3,1,1,1,5,1,1,4
SF,IH2006,2019-12-13 09:32:33.600,2962.8000,3604,-1,118104480.000,1,0,1,双平,S,2962.2000,2962.0000,2961.8000,2961.6000,2960.2000,2963.0000,2963.8000,2964.0000,2964.8000,2965.0000,1,2,1,1,1,5,1,1,4,6
SF,IH2006,2019-12-13 09:32:34.100,2963.0000,3603,-1,118993380.000,1,0,1,双平,S,2962.2000,2962.0000,2961.8000,2961.6000,2960.2000,2963.0000,2963.8000,2964.0000,2964.8000,2965.0000,2,1,1,1,1,4,1,1,4,6
SF,IH2006,2019-12-13 09:32:34.600,2963.0000,3602,-1,121660080.000,3,1,2,多平,S,2962.2000,2961.8000,2961.6000,2960.2000,2958.6000,2963.0000,2964.0000,2964.8000,2965.0000,2966.0000,2,1,1,1,1,1,1,4,6,2
SF,IH2006,2019-12-13 09:32:35.100,2962.2000,3601,-1,123437640.000,2,0,2,多平,S,2962.2000,2961.8000,2961.6000,2960.2000,2958.6000,2964.0000,2964.8000,2965.0000,2966.0000,2967.0000,1,1,1,1,1,1,4,6,2,1
SF,IH2006,2019-12-13 09:32:35.600,2962.2000,3601,0,123437640.000,0,-,-,-,-,2962.2000,2961.6000,2960.2000,2958.6000,2958.0000,2964.0000,2964.8000,2965.0000,2966.0000,2967.0000,1,1,1,1,2,1,4,6,2,1
SF,IH2006,2019-12-13 09:32:36.100,2962.2000,3601,0,123437640.000,0,-,-,-,-,2962.4000,2962.2000,2961.6000,2960.2000,2958.6000,2964.0000,2964.8000,2965.0000,2966.0000,2967.0000,1,1,1,1,1,1,4,6,2,1
SF,IH2006,2019-12-13 09:32:36.600,2962.2000,3601,0,123437640.000,0,-,-,-,-,2962.4000,2961.6000,2960.2000,2958.6000,2958.0000,2964.0000,2964.8000,2965.0000,2966.0000,2967.0000,2,1,1,1,2,1,4,6,2,1
SF,IH2006,2019-12-13 09:32:37.100,2962.2000,3601,0,123437640.000,0,-,-,-,-,2962.6000,2962.4000,2961.6000,2960.2000,2958.6000,2963.8000,2964.0000,2964.8000,2965.0000,2966.0000,2,1,1,1,1,1,1,4,6,2
SF,IH2006,2019-12-13 09:32:37.600,2962.2000,3601,0,123437640.000,0,-,-,-,-,2962.6000,2961.6000,2960.2000,2958.6000,2958.0000,2963.8000,2964.0000,2964.8000,2965.0000,2966.0000,3,1,1,1,2,1,1,4,6,2
SF,IH2006,2019-12-13 09:32:38.100,2962.2000,3601,0,123437640.000,0,-,-,-,-,2962.6000,2961.6000,2960.2000,2958.6000,2958.0000,2963.8000,2964.0000,2964.8000,2965.0000,2966.0000,2,1,1,1,2,1,1,4,6,2
SF,IH2006,2019-12-13 09:32:39.100,2962.2000,3601,0,123437640.000,0,-,-,-,-,2962.6000,2961.6000,2960.2000,2958.6000,2958.0000,2963.8000,2964.0000,2964.8000,2965.0000,2966.0000,1,1,1,1,2,1,1,4,6,2
SF,IH2006,2019-12-13 09:32:39.600,2962.2000,3601,0,123437640.000,0,-,-,-,-,2962.6000,2961.6000,2960.2000,2958.6000,2958.0000,2964.0000,2964.8000,2965.0000,2966.0000,2967.0000,1,1,1,1,2,1,4,6,2,1
SF,IH2006,2019-12-13 09:32:41.600,2962.2000,3601,0,123437640.000,0,-,-,-,-,2962.8000,2962.6000,2960.2000,2958.6000,2958.0000,2963.8000,2964.0000,2964.8000,2965.0000,2966.0000,1,1,1,1,2,1,1,4,6,2
SF,IH2006,2019-12-13 09:32:42.100,2962.6000,3600,-1,124326420.000,1,0,1,双平,S,2962.8000,2960.2000,2958.6000,2958.0000,2956.8000,2964.0000,2964.8000,2965.0000,2966.0000,2967.0000,1,1,1,2,5,1,4,6,2,1
SF,IH2006,2019-12-13 09:32:42.600,2962.8000,3600,0,125215260.000,1,0,1,多换,S,2962.0000,2960.2000,2958.6000,2958.0000,2956.8000,2964.0000,2964.8000,2965.0000,2966.0000,2967.0000,1,1,1,2,5,1,4,6,2,1
SF,IH2006,2019-12-13 09:32:43.100,2962.8000,3600,0,125215260.000,0,-,-,-,-,2962.0000,2960.2000,2958.6000,2958.0000,2956.8000,2963.8000,2964.0000,2964.8000,2965.0000,2966.0000,1,1,1,2,5,1,1,4,6,2
SF,IH2006,2019-12-13 09:32:43.600,2962.8000,3600,0,125215260.000,0,-,-,-,-,2960.2000,2958.6000,2958.0000,2956.8000,2956.0000,2963.8000,2964.0000,2964.8000,2965.0000,2966.0000,1,1,2,5,2,1,1,4,6,2
SF,IH2006,2019-12-13 09:32:44.100,2962.8000,3600,0,125215260.000,0,-,-,-,-,2960.4000,2960.2000,2958.6000,2958.0000,2956.8000,2963.8000,2964.0000,2964.8000,2965.0000,2966.0000,1,1,1,2,5,1,1,4,6,2
SF,IH2006,2019-12-13 09:32:44.600,2962.8000,3600,0,125215260.000,0,-,-,-,-,2960.4000,2960.2000,2958.6000,2958.0000,2956.8000,2963.8000,2964.0000,2964.8000,2965.0000,2966.0000,2,1,1,2,5,1,1,4,6,2
SF,IH2006,2019-12-13 09:32:45.100,2962.8000,3600,0,125215260.000,0,-,-,-,-,2960.6000,2960.4000,2960.2000,2958.6000,2958.0000,2963.8000,2964.0000,2964.8000,2965.0000,2966.0000,1,2,1,1,2,1,1,4,6,2
SF,IH2006,2019-12-13 09:32:45.600,2962.8000,3600,0,125215260.000,0,-,-,-,-,2960.8000,2960.6000,2960.4000,2960.2000,2958.6000,2963.4000,2963.8000,2964.0000,2964.8000,2965.0000,1,1,2,1,1,1,1,1,4,6
SF,IH2006,2019-12-13 09:32:46.100,2962.8000,3600,0,125215260.000,0,-,-,-,-,2960.6000,2960.2000,2958.6000,2958.0000,2956.8000,2963.2000,2963.4000,2963.8000,2964.0000,2964.8000,1,1,1,2,5,1,1,1,1,4
SF,IH2006,2019-12-13 09:32:46.600,2962.8000,3600,0,125215260.000,0,-,-,-,-,2961.2000,2961.0000,2960.8000,2960.2000,2958.6000,2963.2000,2963.4000,2963.8000,2964.0000,2964.8000,1,1,1,1,1,1,1,1,1,4
SF,IH2006,2019-12-13 09:32:47.600,2962.8000,3600,0,125215260.000,0,-,-,-,-,2961.0000,2960.8000,2960.2000,2958.6000,2958.0000,2963.2000,2963.4000,2963.8000,2964.0000,2964.8000,1,1,1,1,2,1,1,1,1,4
SF,IH2006,2019-12-13 09:32:48.100,2962.8000,3600,0,125215260.000,0,-,-,-,-,2961.4000,2961.0000,2960.8000,2960.2000,2958.6000,2963.8000,2964.0000,2964.8000,2965.0000,2966.0000,1,1,1,1,1,1,2,4,6,2
SF,IH2006,2019-12-13 09:32:48.600,2962.8000,3600,0,125215260.000,0,-,-,-,-,2961.6000,2961.4000,2961.2000,2960.8000,2960.2000,2963.0000,2963.8000,2964.0000,2964.8000,2965.0000,1,1,1,1,1,1,1,2,4,6
SF,IH2006,2019-12-13 09:32:49.100,2962.8000,3600,0,125215260.000,0,-,-,-,-,2961.8000,2961.2000,2960.8000,2960.2000,2958.6000,2963.0000,2963.8000,2964.0000,2964.8000,2965.0000,2,1,1,1,1,1,1,2,4,6
SF,IH2006,2019-12-13 09:32:49.600,2962.8000,3600,0,125215260.000,0,-,-,-,-,2961.8000,2961.2000,2960.8000,2960.2000,2958.6000,2963.8000,2964.0000,2964.8000,2965.0000,2966.0000,3,1,1,1,1,1,2,4,6,2
SF,IH2006,2019-12-13 09:32:50.100,2962.8000,3600,0,125215260.000,0,-,-,-,-,2962.0000,2961.8000,2961.2000,2960.8000,2960.2000,2962.8000,2963.8000,2964.0000,2964.8000,2965.0000,1,3,1,1,1,1,1,2,4,6
SF,IH2006,2019-12-13 09:32:50.600,2962.8000,3600,0,125215260.000,0,-,-,-,-,2962.0000,2961.8000,2960.8000,2960.2000,2958.6000,2962.8000,2963.4000,2963.8000,2964.0000,2964.8000,1,2,1,1,1,1,1,1,2,4
SF,IH2006,2019-12-13 09:32:51.100,2962.8000,3600,0,125215260.000,0,-,-,-,-,2962.0000,2960.8000,2960.2000,2958.6000,2958.0000,2962.8000,2963.4000,2963.8000,2964.0000,2964.8000,1,1,1,1,2,1,1,1,2,4
SF,IH2006,2019-12-13 09:32:52.100,2962.0000,3600,0,126103860.000,1,0,1,多换,S,2960.8000,2960.2000,2958.6000,2958.0000,2956.8000,2963.8000,2964.0000,2964.8000,2965.0000,2966.0000,1,1,1,2,5,1,2,4,6,2
SF,IH2006,2019-12-13 09:32:52.600,2962.0000,3600,0,126103860.000,0,-,-,-,-,2960.8000,2960.2000,2958.6000,2958.0000,2956.8000,2963.8000,2964.0000,2964.8000,2965.0000,2966.0000,2,1,1,2,5,1,2,4,6,2
SF,IH2006,2019-12-13 09:32:53.100,2962.0000,3600,0,126103860.000,0,-,-,-,-,2960.8000,2960.2000,2958.6000,2958.0000,2956.8000,2963.4000,2963.8000,2964.0000,2964.8000,2965.0000,2,1,1,2,5,1,1,2,4,6
SF,IH2006,2019-12-13 09:32:53.600,2962.0000,3600,0,126103860.000,0,-,-,-,-,2960.8000,2960.2000,2958.6000,2958.0000,2956.8000,2963.2000,2963.4000,2963.8000,2964.0000,2964.8000,2,1,1,2,5,1,1,1,2,4
SF,IH2006,2019-12-13 09:32:55.100,2962.0000,3600,0,126103860.000,0,-,-,-,-,2960.8000,2960.2000,2958.6000,2958.0000,2956.8000,2963.2000,2963.4000,2963.8000,2964.0000,2964.8000,2,1,1,2,5,2,1,1,2,4
SF,IH2006,2019-12-13 09:32:56.600,2962.0000,3600,0,126103860.000,0,-,-,-,-,2961.0000,2960.8000,2960.2000,2958.6000,2958.0000,2963.2000,2963.4000,2963.8000,2964.0000,2964.8000,1,2,1,1,2,2,1,1,2,4
SF,IH2006,2019-12-13 09:32:57.100,2962.0000,3600,0,126103860.000,0,-,-,-,-,2961.0000,2960.8000,2960.2000,2958.6000,2958.0000,2962.4000,2963.2000,2963.4000,2963.8000,2964.0000,3,1,1,1,2,2,2,1,1,2
SF,IH2006,2019-12-13 09:32:57.600,2962.0000,3600,0,126103860.000,0,-,-,-,-,2961.0000,2960.8000,2960.2000,2958.6000,2958.0000,2962.2000,2962.4000,2963.2000,2963.4000,2963.8000,3,1,1,1,2,1,2,2,1,1
SF,IH2006,2019-12-13 09:32:58.100,2962.0000,3600,0,126103860.000,0,-,-,-,-,2961.2000,2961.0000,2960.8000,2960.2000,2958.6000,2962.2000,2962.4000,2963.2000,2963.4000,2963.8000,1,3,1,1,1,1,2,2,1,1
SF,IH2006,2019-12-13 09:32:58.600,2962.0000,3600,0,126103860.000,0,-,-,-,-,2961.2000,2961.0000,2960.8000,2960.2000,2958.6000,2962.2000,2962.4000,2963.2000,2963.4000,2963.8000,2,2,1,1,1,1,2,2,1,1
SF,IH2006,2019-12-13 09:32:59.600,2962.0000,3600,0,126103860.000,0,-,-,-,-,2961.2000,2961.0000,2960.8000,2960.2000,2958.6000,2962.4000,2963.2000,2963.4000,2963.8000,2964.0000,2,2,1,1,1,2,2,1,1,2
SF,IH2006,2019-12-13 09:33:00.600,2962.4000,3600,0,126992580.000,1,0,1,多换,S,2961.2000,2961.0000,2960.8000,2960.2000,2958.6000,2962.4000,2963.2000,2963.8000,2964.0000,2964.8000,2,2,1,1,1,1,2,1,2,4
SF,IH2006,2019-12-13 09:33:01.100,2962.4000,3600,0,127881300.000,1,0,1,多换,S,2961.4000,2961.2000,2960.8000,2960.2000,2958.6000,2963.2000,2963.8000,2964.0000,2964.8000,2965.0000,1,2,1,1,1,2,1,2,4,6
SF,IH2006,2019-12-13 09:33:01.600,2962.4000,3600,0,127881300.000,0,-,-,-,-,2961.6000,2961.4000,2961.2000,2960.8000,2960.2000,2963.2000,2963.8000,2964.0000,2964.8000,2965.0000,1,3,1,1,1,1,1,2,4,6
SF,IH2006,2019-12-13 09:33:02.100,2962.4000,3600,0,127881300.000,0,-,-,-,-,2961.8000,2961.6000,2961.4000,2961.2000,2960.8000,2963.2000,2963.8000,2964.0000,2964.8000,2965.0000,1,2,3,1,1,1,1,2,4,6
SF,IH2006,2019-12-13 09:33:02.600,2962.4000,3600,0,127881300.000,0,-,-,-,-,2962.0000,2961.8000,2961.6000,2961.4000,2961.2000,2963.2000,2964.0000,2964.8000,2965.0000,2966.0000,1,2,1,3,1,1,2,4,6,2
SF,IH2006,2019-12-13 09:33:03.100,2963.2000,3600,0,128770260.000,1,0,1,多换,S,2962.2000,2962.0000,2961.8000,2961.6000,2961.4000,2964.0000,2964.8000,2965.0000,2966.0000,2967.0000,1,2,1,1,3,2,4,6,2,1
SF,IH2006,2019-12-13 09:33:03.600,2963.2000,3600,0,128770260.000,0,-,-,-,-,2962.4000,2962.2000,2962.0000,2961.8000,2961.6000,2964.0000,2964.8000,2965.0000,2966.0000,2967.0000,1,3,1,1,1,2,4,6,2,1
SF,IH2006,2019-12-13 09:33:04.100,2963.2000,3600,0,128770260.000,0,-,-,-,-,2962.6000,2962.4000,2962.2000,2962.0000,2961.8000,2964.0000,2964.8000,2965.0000,2966.0000,2967.0000,1,2,2,1,1,2,4,6,2,1
SF,IH2006,2019-12-13 09:33:04.600,2963.2000,3600,0,128770260.000,0,-,-,-,-,2962.8000,2962.6000,2962.4000,2962.2000,2962.0000,2964.0000,2964.8000,2965.0000,2966.0000,2967.0000,1,2,1,2,1,2,4,6,2,1
SF,IH2006,2019-12-13 09:33:05.100,2963.2000,3600,0,128770260.000,0,-,-,-,-,2962.8000,2962.6000,2962.4000,2962.2000,2961.8000,2964.0000,2964.8000,2965.0000,2966.0000,2967.0000,1,1,1,2,1,2,4,6,2,1
SF,IH2006,2019-12-13 09:33:05.600,2963.2000,3600,0,128770260.000,0,-,-,-,-,2963.0000,2962.8000,2962.6000,2962.4000,2962.2000,2964.0000,2964.8000,2965.0000,2966.0000,2967.0000,1,2,1,1,1,2,4,6,2,1
SF,IH2006,2019-12-13 09:33:06.100,2963.2000,3600,0,128770260.000,0,-,-,-,-,2963.0000,2962.8000,2962.6000,2962.2000,2961.8000,2964.0000,2964.8000,2965.0000,2966.0000,2967.0000,1,1,1,1,1,2,4,6,2,1
SF,IH2006,2019-12-13 09:33:06.600,2963.2000,3600,0,128770260.000,0,-,-,-,-,2963.0000,2962.8000,2962.6000,2962.2000,2961.8000,2963.6000,2964.0000,2964.8000,2965.0000,2966.0000,1,1,1,1,1,1,2,4,6,2
SF,IH2006,2019-12-13 09:33:07.100,2963.2000,3600,0,128770260.000,0,-,-,-,-,2963.0000,2962.8000,2961.8000,2961.4000,2960.8000,2963.6000,2964.0000,2964.8000,2965.0000,2966.0000,1,1,1,1,1,1,2,4,6,2
SF,IH2006,2019-12-13 09:33:07.600,2963.0000,3600,0,129659160.000,1,0,1,多换,S,2962.8000,2961.8000,2961.4000,2960.8000,2960.2000,2963.6000,2964.0000,2964.8000,2965.0000,2966.0000,1,1,1,1,1,1,2,4,6,2
SF,IH2006,2019-12-13 09:33:08.100,2962.8000,3600,0,130548000.000,1,0,1,多换,S,2961.8000,2961.4000,2960.8000,2960.2000,2958.6000,2963.6000,2964.0000,2964.8000,2965.0000,2966.0000,1,1,1,1,1,1,1,4,6,2
SF,IH2006,2019-12-13 09:33:08.600,2962.8000,3600,0,130548000.000,0,-,-,-,-,2962.0000,2961.8000,2961.4000,2960.8000,2960.2000,2963.4000,2963.6000,2964.8000,2965.0000,2966.0000,2,1,1,1,1,1,1,4,6,2
SF,IH2006,2019-12-13 09:33:09.100,2962.8000,3600,0,130548000.000,0,-,-,-,-,2962.0000,2961.8000,2961.4000,2960.8000,2960.2000,2963.4000,2963.6000,2964.8000,2965.0000,2966.0000,2,1,1,1,1,1,1,4,6,2
SF,IH2006,2019-12-13 09:33:09.600,2962.8000,3600,0,130548000.000,0,-,-,-,-,2962.0000,2961.8000,2961.4000,2960.8000,2960.2000,2963.6000,2964.8000,2965.0000,2966.0000,2967.0000,2,1,1,1,1,1,4,6,2,1
SF,IH2006,2019-12-13 09:33:10.100,2962.8000,3600,0,130548000.000,0,-,-,-,-,2962.2000,2962.0000,2961.8000,2961.4000,2960.8000,2963.6000,2964.8000,2965.0000,2966.0000,2967.0000,1,2,1,1,1,1,4,6,2,1
SF,IH2006,2019-12-13 09:33:10.600,2962.8000,3600,0,130548000.000,0,-,-,-,-,2962.2000,2962.0000,2961.8000,2961.4000,2960.8000,2963.6000,2964.8000,2965.0000,2966.0000,2967.0000,2,1,1,1,1,1,4,6,2,1
SF,IH2006,2019-12-13 09:33:11.100,2962.8000,3600,0,130548000.000,0,-,-,-,-,2962.4000,2962.2000,2961.8000,2961.4000,2960.8000,2963.6000,2963.8000,2964.8000,2965.0000,2966.0000,1,2,1,1,1,1,1,4,6,2
SF,IH2006,2019-12-13 09:33:11.600,2962.8000,3600,0,130548000.000,0,-,-,-,-,2962.6000,2962.4000,2962.2000,2961.8000,2961.4000,2963.6000,2963.8000,2964.8000,2965.0000,2966.0000,1,1,1,1,1,1,1,4,6,2
SF,IH2006,2019-12-13 09:33:12.100,2962.8000,3600,0,130548000.000,0,-,-,-,-,2962.6000,2962.4000,2962.2000,2961.8000,2961.4000,2963.6000,2963.8000,2964.8000,2965.0000,2966.0000,1,2,1,1,1,1,1,4,6,2
SF,IH2006,2019-12-13 09:33:12.600,2962.8000,3600,0,130548000.000,0,-,-,-,-,2962.6000,2962.2000,2961.8000,2961.4000,2960.8000,2963.6000,2963.8000,2964.8000,2965.0000,2966.0000,2,1,1,1,1,1,1,4,6,2
SF,IH2006,2019-12-13 09:33:13.100,2962.8000,3600,0,130548000.000,0,-,-,-,-,2962.8000,2962.6000,2961.8000,2961.4000,2960.8000,2963.6000,2963.8000,2964.8000,2965.0000,2966.0000,1,1,1,1,1,1,1,4,6,2
SF,IH2006,2019-12-13 09:33:13.600,2962.8000,3600,0,130548000.000,0,-,-,-,-,2963.0000,2962.8000,2961.8000,2961.4000,2960.8000,2963.6000,2963.8000,2964.8000,2965.0000,2966.0000,1,2,1,1,1,1,1,4,6,2
SF,IH2006,2019-12-13 09:33:14.100,2962.8000,3600,0,130548000.000,0,-,-,-,-,2963.0000,2962.8000,2961.8000,2961.4000,2960.8000,2963.6000,2963.8000,2964.8000,2965.0000,2966.0000,1,1,1,1,1,1,1,4,6,2
SF,IH2006,2019-12-13 09:33:14.600,2963.0000,3600,0,131436900.000,1,0,1,多换,S,2961.8000,2961.4000,2960.8000,2960.2000,2958.6000,2963.6000,2963.8000,2964.8000,2965.0000,2966.0000,1,1,1,1,1,1,1,4,6,2
SF,IH2006,2019-12-13 09:33:15.100,2963.0000,3600,0,131436900.000,0,-,-,-,-,2962.0000,2961.8000,2961.4000,2960.8000,2960.2000,2963.6000,2963.8000,2964.8000,2965.0000,2966.0000,2,1,1,1,1,1,1,4,6,2
SF,IH2006,2019-12-13 09:33:15.600,2963.0000,3600,0,131436900.000,0,-,-,-,-,2962.2000,2962.0000,2961.8000,2961.4000,2960.8000,2963.6000,2963.8000,2964.8000,2965.0000,2966.0000,1,2,1,1,1,1,1,4,6,2
SF,IH2006,2019-12-13 09:33:16.100,2963.0000,3600,0,131436900.000,0,-,-,-,-,2962.4000,2962.2000,2962.0000,2961.8000,2961.4000,2963.6000,2963.8000,2964.8000,2965.0000,2966.0000,1,1,2,1,1,1,1,4,6,2
SF,IH2006,2019-12-13 09:33:17.100,2963.0000,3600,0,131436900.000,0,-,-,-,-,2962.4000,2962.2000,2962.0000,2961.8000,2961.4000,2963.6000,2963.8000,2964.8000,2965.0000,2966.0000,1,1,2,1,1,1,1,4,6,2
SF,IH2006,2019-12-13 09:33:18.600,2963.0000,3600,0,131436900.000,0,-,-,-,-,2962.4000,2962.2000,2962.0000,2961.8000,2961.4000,2962.8000,2963.6000,2963.8000,2964.8000,2965.0000,1,1,2,1,1,1,1,1,4,6
SF,IH2006,2019-12-13 09:33:19.100,2962.8000,3600,0,132325740.000,1,0,1,多换,S,2962.6000,2962.4000,2962.2000,2962.0000,2961.8000,2963.6000,2963.8000,2964.8000,2965.0000,2966.0000,1,1,1,2,1,1,1,4,6,2
SF,IH2006,2019-12-13 09:33:19.600,2962.8000,3600,0,132325740.000,0,-,-,-,-,2962.4000,2962.2000,2962.0000,2961.8000,2961.4000,2963.6000,2963.8000,2964.8000,2965.0000,2966.0000,1,1,1,1,1,1,1,4,6,2
SF,IH2006,2019-12-13 09:33:20.100,2962.8000,3600,0,132325740.000,0,-,-,-,-,2962.8000,2962.2000,2961.8000,2961.4000,2960.8000,2963.6000,2963.8000,2964.8000,2965.0000,2966.0000,1,1,1,1,1,1,1,4,6,2
SF,IH2006,2019-12-13 09:33:20.600,2962.8000,3600,0,132325740.000,0,-,-,-,-,2962.8000,2962.6000,2962.2000,2961.8000,2961.4000,2963.6000,2963.8000,2964.8000,2965.0000,2966.0000,1,1,1,1,1,1,1,4,6,2
SF,IH2006,2019-12-13 09:33:21.100,2963.6000,3600,0,133214820.000,1,0,1,多换,S,2962.6000,2962.2000,2961.8000,2961.4000,2960.8000,2963.8000,2964.8000,2965.0000,2966.0000,2967.0000,1,1,1,1,1,1,4,6,2,1
SF,IH2006,2019-12-13 09:33:21.600,2963.8000,3600,0,134103960.000,1,0,1,多换,S,2962.8000,2962.6000,2962.2000,2961.8000,2961.4000,2964.8000,2965.0000,2966.0000,2967.0000,2967.8000,2,1,1,1,1,4,6,2,1,2
SF,IH2006,2019-12-13 09:33:22.100,2963.8000,3600,0,134103960.000,0,-,-,-,-,2963.0000,2962.8000,2962.6000,2962.2000,2961.8000,2964.8000,2965.0000,2966.0000,2967.0000,2967.8000,2,2,1,1,1,4,6,2,1,2
SF,IH2006,2019-12-13 09:33:22.600,2963.8000,3600,0,134103960.000,0,-,-,-,-,2963.0000,2962.8000,2962.6000,2962.2000,2961.8000,2964.8000,2965.0000,2966.0000,2967.0000,2967.8000,2,2,1,1,1,4,7,2,1,2
SF,IH2006,2019-12-13 09:33:23.100,2963.8000,3600,0,134103960.000,0,-,-,-,-,2963.2000,2963.0000,2962.8000,2962.6000,2962.2000,2964.8000,2965.0000,2966.0000,2967.0000,2967.8000,1,4,1,1,1,4,7,2,1,2
SF,IH2006,2019-12-13 09:33:23.600,2963.8000,3600,0,134103960.000,0,-,-,-,-,2963.4000,2963.2000,2963.0000,2962.8000,2962.6000,2964.8000,2965.0000,2966.0000,2967.0000,2967.8000,1,2,3,1,1,4,7,2,1,2
SF,IH2006,2019-12-13 09:33:24.100,2963.8000,3600,0,134103960.000,0,-,-,-,-,2963.4000,2963.2000,2963.0000,2962.8000,2962.2000,2964.8000,2965.0000,2966.0000,2967.0000,2967.8000,2,1,3,1,1,4,7,2,1,2
SF,IH2006,2019-12-13 09:33:24.600,2963.8000,3600,0,134103960.000,0,-,-,-,-,2963.4000,2963.0000,2962.8000,2962.2000,2961.8000,2964.8000,2965.0000,2966.0000,2967.0000,2967.8000,2,2,1,1,1,4,7,2,1,2
SF,IH2006,2019-12-13 09:33:25.100,2963.8000,3600,0,134103960.000,0,-,-,-,-,2963.4000,2963.0000,2962.8000,2962.2000,2961.8000,2964.8000,2965.0000,2966.0000,2967.0000,2967.8000,1,2,1,1,1,4,7,2,1,2
SF,IH2006,2019-12-13 09:33:25.600,2963.8000,3600,0,134103960.000,0,-,-,-,-,2963.4000,2963.0000,2962.8000,2962.2000,2961.8000,2964.6000,2964.8000,2965.0000,2966.0000,2967.0000,1,2,1,1,1,1,4,7,2,1
SF,IH2006,2019-12-13 09:33:26.600,2963.8000,3600,0,134103960.000,0,-,-,-,-,2963.6000,2963.4000,2963.0000,2962.8000,2962.2000,2964.6000,2964.8000,2965.0000,2966.0000,2967.0000,1,1,1,1,1,1,5,7,2,1
SF,IH2006,2019-12-13 09:33:27.600,2963.8000,3600,0,134103960.000,0,-,-,-,-,2963.6000,2963.0000,2962.8000,2962.2000,2961.8000,2964.6000,2964.8000,2965.0000,2966.0000,2967.0000,2,1,1,1,1,1,5,7,2,1
SF,IH2006,2019-12-13 09:33:28.100,2963.6000,3601,1,135882120.000,2,1,1,空开,S,2963.0000,2962.8000,2962.2000,2961.8000,2961.4000,2964.6000,2964.8000,2965.0000,2966.0000,2967.0000,1,1,1,1,1,1,5,7,2,1
SF,IH2006,2019-12-13 09:33:28.600,2963.6000,3601,0,135882120.000,0,-,-,-,-,2963.0000,2962.8000,2962.2000,2961.8000,2961.4000,2964.4000,2964.6000,2964.8000,2965.0000,2966.0000,1,1,1,1,1,2,1,5,7,2
SF,IH2006,2019-12-13 09:33:29.600,2963.6000,3601,0,135882120.000,0,-,-,-,-,2963.2000,2963.0000,2962.8000,2962.2000,2961.8000,2964.4000,2964.6000,2964.8000,2965.0000,2966.0000,1,1,1,1,1,2,1,5,7,2
SF,IH2006,2019-12-13 09:33:30.100,2963.6000,3601,0,135882120.000,0,-,-,-,-,2963.4000,2963.2000,2963.0000,2962.8000,2962.2000,2964.2000,2964.4000,2964.6000,2964.8000,2965.0000,1,1,1,1,1,1,2,1,5,7
SF,IH2006,2019-12-13 09:33:30.600,2963.6000,3601,0,135882120.000,0,-,-,-,-,2963.4000,2963.0000,2961.8000,2961.4000,2960.8000,2964.2000,2964.4000,2964.6000,2964.8000,2965.0000,1,1,1,1,1,1,1,1,5,7
SF,IH2006,2019-12-13 09:33:31.600,2963.6000,3601,0,135882120.000,0,-,-,-,-,2963.0000,2961.8000,2961.4000,2960.8000,2960.2000,2964.2000,2964.4000,2964.6000,2964.8000,2965.0000,1,1,1,1,2,1,1,1,5,7
SF,IH2006,2019-12-13 09:33:32.100,2963.6000,3601,0,135882120.000,0,-,-,-,-,2963.0000,2961.8000,2961.4000,2960.8000,2960.2000,2964.0000,2964.6000,2964.8000,2965.0000,2966.0000,1,1,1,1,2,1,1,5,7,2
SF,IH2006,2019-12-13 09:33:33.100,2964.0000,3602,1,136771320.000,1,1,0,双开,S,2964.0000,2963.2000,2963.0000,2961.8000,2961.4000,2964.6000,2964.8000,2965.0000,2966.0000,2967.0000,4,1,1,1,1,1,5,7,2,1
SF,IH2006,2019-12-13 09:33:33.600,2964.0000,3603,1,140328120.000,4,2,2,空开,S,2963.2000,2963.0000,2961.8000,2961.4000,2960.2000,2964.4000,2964.6000,2964.8000,2965.0000,2966.0000,1,1,1,1,2,1,1,5,7,2
SF,IH2006,2019-12-13 09:33:34.100,2964.0000,3603,0,140328120.000,0,-,-,-,-,2963.4000,2963.2000,2963.0000,2961.8000,2961.4000,2964.2000,2964.4000,2964.6000,2964.8000,2965.0000,1,1,1,1,1,1,1,1,5,7
SF,IH2006,2019-12-13 09:33:34.600,2964.0000,3603,0,140328120.000,0,-,-,-,-,2963.4000,2963.2000,2963.0000,2961.8000,2961.4000,2964.4000,2964.6000,2964.8000,2965.0000,2966.0000,1,1,1,1,1,1,1,5,7,2
SF,IH2006,2019-12-13 09:33:35.600,2964.0000,3603,0,140328120.000,0,-,-,-,-,2963.2000,2963.0000,2961.8000,2961.4000,2960.2000,2964.4000,2964.6000,2964.8000,2965.0000,2966.0000,1,1,1,1,2,1,1,5,7,2
SF,IH2006,2019-12-13 09:33:36.100,2964.0000,3603,0,140328120.000,0,-,-,-,-,2963.2000,2963.0000,2961.8000,2961.4000,2960.2000,2964.4000,2964.6000,2964.8000,2965.0000,2966.0000,1,1,1,1,2,1,1,5,7,2
SF,IH2006,2019-12-13 09:33:36.600,2964.0000,3603,0,140328120.000,0,-,-,-,-,2963.2000,2963.0000,2961.8000,2961.4000,2960.2000,2964.2000,2964.4000,2964.6000,2964.8000,2965.0000,1,1,1,1,2,1,1,1,5,7
SF,IH2006,2019-12-13 09:33:37.100,2964.0000,3603,0,140328120.000,0,-,-,-,-,2963.4000,2963.2000,2963.0000,2961.8000,2961.4000,2964.4000,2964.6000,2964.8000,2965.0000,2966.0000,1,1,1,1,1,1,1,5,7,2
SF,IH2006,2019-12-13 09:33:37.600,2964.0000,3603,0,140328120.000,0,-,-,-,-,2963.4000,2963.0000,2961.8000,2961.4000,2960.2000,2964.4000,2964.6000,2964.8000,2965.0000,2966.0000,1,1,1,1,2,1,1,5,7,2
SF,IH2006,2019-12-13 09:33:38.600,2964.0000,3603,0,140328120.000,0,-,-,-,-,2963.0000,2961.8000,2961.4000,2960.2000,2958.6000,2964.2000,2964.4000,2964.6000,2964.8000,2965.0000,1,1,1,2,1,1,1,1,5,7
SF,IH2006,2019-12-13 09:33:39.100,2964.0000,3603,0,140328120.000,0,-,-,-,-,2963.0000,2961.8000,2961.4000,2960.2000,2958.6000,2964.4000,2964.6000,2964.8000,2965.0000,2966.0000,1,1,1,2,1,1,1,5,7,2
SF,IH2006,2019-12-13 09:33:39.600,2964.0000,3603,0,140328120.000,0,-,-,-,-,2963.0000,2961.8000,2961.4000,2960.2000,2958.6000,2964.0000,2964.2000,2964.4000,2964.6000,2964.8000,1,1,1,2,1,1,1,1,1,5
SF,IH2006,2019-12-13 09:33:41.100,2963.0000,3604,1,141217020.000,1,1,0,双开,S,2961.8000,2961.4000,2960.2000,2958.6000,2958.0000,2963.6000,2964.0000,2964.2000,2964.4000,2964.6000,1,1,2,1,3,1,1,1,1,1
SF,IH2006,2019-12-13 09:33:41.600,2963.0000,3604,0,141217020.000,0,-,-,-,-,2962.0000,2961.8000,2961.4000,2960.2000,2958.6000,2964.0000,2964.2000,2964.4000,2964.6000,2964.8000,1,1,1,2,1,1,1,1,1,5
SF,IH2006,2019-12-13 09:33:42.600,2963.0000,3604,0,141217020.000,0,-,-,-,-,2961.8000,2961.4000,2960.2000,2958.6000,2958.0000,2964.0000,2964.2000,2964.4000,2964.6000,2964.8000,1,1,2,1,3,1,1,1,1,5
SF,IH2006,2019-12-13 09:33:43.100,2963.0000,3604,0,141217020.000,0,-,-,-,-,2962.2000,2961.8000,2961.4000,2960.2000,2958.6000,2964.0000,2964.2000,2964.4000,2964.6000,2964.8000,1,1,1,2,1,1,1,1,1,5
SF,IH2006,2019-12-13 09:33:44.100,2963.0000,3604,0,141217020.000,0,-,-,-,-,2961.8000,2961.4000,2960.2000,2958.6000,2958.0000,2963.6000,2964.0000,2964.2000,2964.4000,2964.6000,1,1,2,1,3,1,1,1,1,1
SF,IH2006,2019-12-13 09:33:44.600,2963.0000,3604,0,141217020.000,0,-,-,-,-,2961.8000,2961.4000,2960.2000,2958.6000,2958.0000,2963.6000,2964.0000,2964.4000,2964.6000,2964.8000,1,1,2,1,3,1,1,1,1,5
SF,IH2006,2019-12-13 09:33:45.100,2963.0000,3604,0,141217020.000,0,-,-,-,-,2962.0000,2961.8000,2961.4000,2960.2000,2958.6000,2963.4000,2963.6000,2964.0000,2964.4000,2964.6000,1,1,1,2,1,1,1,1,1,1
SF,IH2006,2019-12-13 09:33:45.600,2963.0000,3604,0,141217020.000,0,-,-,-,-,2962.0000,2961.8000,2961.4000,2960.2000,2958.6000,2963.4000,2963.6000,2964.0000,2964.4000,2964.6000,3,1,1,2,1,2,1,1,1,1
SF,IH2006,2019-12-13 09:33:46.100,2963.0000,3604,0,141217020.000,0,-,-,-,-,2962.0000,2961.8000,2961.4000,2960.2000,2958.6000,2963.4000,2963.6000,2964.0000,2964.4000,2964.6000,3,1,1,2,1,1,1,1,1,1
SF,IH2006,2019-12-13 09:33:47.100,2963.0000,3604,0,141217020.000,0,-,-,-,-,2962.0000,2961.8000,2961.4000,2960.2000,2958.6000,2963.4000,2963.6000,2964.0000,2964.4000,2964.6000,3,1,1,2,1,1,1,1,1,1
SF,IH2006,2019-12-13 09:33:47.600,2963.0000,3604,0,141217020.000,0,-,-,-,-,2962.0000,2961.8000,2961.4000,2960.2000,2958.6000,2964.0000,2964.4000,2964.6000,2964.8000,2965.0000,2,1,1,2,1,1,1,1,5,7
SF,IH2006,2019-12-13 09:33:48.100,2963.0000,3604,0,141217020.000,0,-,-,-,-,2962.0000,2961.8000,2961.4000,2960.2000,2958.6000,2963.8000,2964.0000,2964.4000,2964.6000,2964.8000,1,1,1,2,1,1,1,1,1,5
SF,IH2006,2019-12-13 09:33:48.600,2963.0000,3604,0,141217020.000,0,-,-,-,-,2962.2000,2962.0000,2961.8000,2961.4000,2960.2000,2963.8000,2964.0000,2964.4000,2964.6000,2964.8000,1,1,1,1,2,1,1,1,1,5
SF,IH2006,2019-12-13 09:33:49.100,2963.0000,3604,0,141217020.000,0,-,-,-,-,2962.4000,2962.2000,2962.0000,2961.8000,2961.4000,2963.8000,2964.0000,2964.4000,2964.6000,2964.8000,1,1,1,1,1,1,1,1,1,5
SF,IH2006,2019-12-13 09:33:49.600,2963.0000,3604,0,141217020.000,0,-,-,-,-,2962.4000,2962.0000,2961.8000,2961.4000,2960.2000,2963.6000,2963.8000,2964.0000,2964.4000,2964.6000,1,1,1,1,2,1,1,1,1,1
SF,IH2006,2019-12-13 09:33:50.100,2963.0000,3604,0,141217020.000,0,-,-,-,-,2962.0000,2961.8000,2961.4000,2960.2000,2958.6000,2963.6000,2963.8000,2964.0000,2964.4000,2964.6000,1,1,1,2,1,1,1,1,1,1
SF,IH2006,2019-12-13 09:33:51.100,2963.0000,3604,0,141217020.000,0,-,-,-,-,2962.2000,2961.8000,2961.4000,2960.2000,2958.6000,2963.6000,2963.8000,2964.0000,2964.4000,2964.6000,1,1,1,2,1,1,1,1,1,1
SF,IH2006,2019-12-13 09:33:51.600,2963.0000,3604,0,141217020.000,0,-,-,-,-,2962.2000,2961.8000,2961.4000,2960.2000,2958.6000,2963.6000,2963.8000,2964.0000,2964.4000,2964.6000,1,1,1,2,1,1,1,1,1,1
SF,IH2006,2019-12-13 09:33:52.100,2963.0000,3604,0,141217020.000,0,-,-,-,-,2961.8000,2961.4000,2960.2000,2958.6000,2958.0000,2963.2000,2963.6000,2963.8000,2964.0000,2964.4000,1,1,2,1,3,1,1,1,1,1
SF,IH2006,2019-12-13 09:33:52.600,2963.0000,3604,0,141217020.000,0,-,-,-,-,2961.8000,2961.4000,2960.2000,2958.6000,2958.0000,2963.0000,2963.2000,2963.6000,2963.8000,2964.0000,1,1,2,1,3,1,1,1,1,1
SF,IH2006,2019-12-13 09:33:53.100,2963.0000,3604,0,141217020.000,0,-,-,-,-,2962.0000,2961.8000,2961.4000,2960.2000,2958.6000,2963.6000,2963.8000,2964.0000,2964.4000,2964.6000,1,1,1,2,1,1,1,1,1,1
SF,IH2006,2019-12-13 09:33:54.600,2963.0000,3604,0,141217020.000,0,-,-,-,-,2961.8000,2961.4000,2960.2000,2958.6000,2958.0000,2963.6000,2963.8000,2964.0000,2964.4000,2964.6000,1,1,2,1,3,1,1,1,1,1
SF,IH2006,2019-12-13 09:33:55.100,2963.0000,3604,0,141217020.000,0,-,-,-,-,2961.8000,2961.4000,2960.2000,2958.6000,2958.0000,2963.4000,2963.6000,2963.8000,2964.0000,2964.4000,1,1,2,1,3,1,1,1,1,1
SF,IH2006,2019-12-13 09:33:55.600,2963.0000,3604,0,141217020.000,0,-,-,-,-,2961.8000,2961.4000,2960.2000,2958.6000,2958.0000,2963.2000,2963.4000,2963.6000,2964.0000,2964.4000,1,1,2,1,3,2,1,1,1,1
SF,IH2006,2019-12-13 09:33:56.100,2963.0000,3604,0,141217020.000,0,-,-,-,-,2962.0000,2961.8000,2961.4000,2960.2000,2958.6000,2963.2000,2963.4000,2963.6000,2964.0000,2964.4000,1,1,1,2,1,2,1,1,1,1
SF,IH2006,2019-12-13 09:33:57.100,2963.0000,3604,0,141217020.000,0,-,-,-,-,2962.2000,2961.8000,2961.4000,2960.2000,2958.6000,2963.2000,2963.6000,2964.0000,2964.4000,2964.6000,1,1,1,2,1,2,1,1,1,1
SF,IH2006,2019-12-13 09:33:57.600,2963.0000,3604,0,141217020.000,0,-,-,-,-,2962.2000,2961.8000,2961.4000,2960.2000,2958.6000,2963.0000,2963.2000,2963.6000,2964.0000,2964.4000,1,1,1,2,1,1,2,1,1,1
SF,IH2006,2019-12-13 09:33:58.100,2963.0000,3604,0,141217020.000,0,-,-,-,-,2962.2000,2960.2000,2958.6000,2958.0000,2956.8000,2962.8000,2963.0000,2963.2000,2963.6000,2964.0000,1,2,1,3,5,1,1,2,1,1
SF,IH2006,2019-12-13 09:33:58.600,2962.2000,3604,0,142105680.000,1,0,1,多换,S,2960.2000,2958.6000,2958.0000,2956.8000,2956.0000,2962.8000,2963.0000,2963.2000,2963.6000,2964.0000,2,1,3,5,1,1,1,2,1,1
SF,IH2006,2019-12-13 09:33:59.100,2962.2000,3604,0,142105680.000,0,-,-,-,-,2960.2000,2958.6000,2958.0000,2956.8000,2956.0000,2962.8000,2963.0000,2963.2000,2963.4000,2963.6000,2,1,3,5,1,1,1,2,1,1
SF,IH2006,2019-12-13 09:33:59.600,2962.2000,3604,0,142105680.000,0,-,-,-,-,2960.4000,2960.2000,2958.6000,2958.0000,2956.8000,2962.6000,2962.8000,2963.0000,2963.2000,2963.4000,1,2,1,3,5,1,1,1,2,1
SF,IH2006,2019-12-13 09:34:00.100,2962.2000,3604,0,142105680.000,0,-,-,-,-,2960.6000,2960.4000,2960.2000,2958.6000,2958.0000,2962.4000,2962.6000,2962.8000,2963.0000,2963.2000,1,2,2,1,3,1,1,1,1,2
SF,IH2006,2019-12-13 09:34:00.600,2962.2000,3604,0,142105680.000,0,-,-,-,-,2960.4000,2960.2000,2958.6000,2958.0000,2956.8000,2962.4000,2962.6000,2962.8000,2963.0000,2963.2000,1,2,1,3,5,1,1,1,1,2
SF,IH2006,2019-12-13 09:34:01.100,2962.2000,3604,0,142105680.000,0,-,-,-,-,2960.6000,2960.4000,2960.2000,2958.6000,2958.0000,2962.4000,2962.6000,2962.8000,2963.0000,2963.2000,2,1,2,1,3,1,1,1,1,2
SF,IH2006,2019-12-13 09:34:01.600,2962.2000,3604,0,142105680.000,0,-,-,-,-,2960.8000,2960.6000,2960.4000,2960.2000,2958.6000,2962.6000,2962.8000,2963.0000,2963.2000,2963.4000,1,2,1,2,1,1,1,1,2,1
SF,IH2006,2019-12-13 09:34:02.100,2962.2000,3604,0,142105680.000,0,-,-,-,-,2961.0000,2960.8000,2960.6000,2960.2000,2958.6000,2962.6000,2962.8000,2963.0000,2963.2000,2963.4000,2,1,1,2,1,1,1,1,2,1
SF,IH2006,2019-12-13 09:34:02.600,2962.2000,3604,0,142105680.000,0,-,-,-,-,2961.0000,2960.8000,2960.6000,2960.2000,2958.6000,2962.6000,2962.8000,2963.0000,2963.2000,2963.4000,2,1,1,2,1,1,1,1,2,1
SF,IH2006,2019-12-13 09:34:03.100,2962.2000,3604,0,142105680.000,0,-,-,-,-,2961.2000,2961.0000,2960.6000,2960.2000,2958.6000,2962.6000,2962.8000,2963.2000,2963.4000,2963.6000,1,2,1,2,1,1,1,2,1,1
SF,IH2006,2019-12-13 09:34:03.600,2962.2000,3604,0,142105680.000,0,-,-,-,-,2961.4000,2961.2000,2961.0000,2960.6000,2960.2000,2962.6000,2962.8000,2963.2000,2963.4000,2963.6000,2,1,1,1,2,1,1,2,1,1
SF,IH2006,2019-12-13 09:34:04.100,2962.2000,3604,0,142105680.000,0,-,-,-,-,2961.4000,2961.2000,2961.0000,2960.6000,2960.2000,2962.6000,2963.2000,2963.4000,2963.6000,2964.0000,2,1,1,1,2,1,1,1,1,2
SF,IH2006,2019-12-13 09:34:04.600,2962.2000,3604,0,142105680.000,0,-,-,-,-,2961.6000,2961.4000,2961.2000,2961.0000,2960.6000,2962.6000,2963.2000,2963.4000,2963.6000,2964.0000,1,2,1,1,1,1,1,1,1,2
SF,IH2006,2019-12-13 09:34:05.100,2962.2000,3604,0,142105680.000,0,-,-,-,-,2961.6000,2961.4000,2961.2000,2961.0000,2960.6000,2963.2000,2963.4000,2963.6000,2964.0000,2964.4000,1,2,1,1,1,1,1,1,2,1
SF,IH2006,2019-12-13 09:34:05.600,2962.2000,3604,0,142105680.000,0,-,-,-,-,2961.6000,2961.4000,2961.0000,2960.6000,2960.2000,2963.2000,2963.4000,2963.6000,2964.0000,2964.4000,1,2,1,1,2,1,1,1,2,1
SF,IH2006,2019-12-13 09:34:06.100,2962.2000,3604,0,142105680.000,0,-,-,-,-,2961.6000,2961.4000,2960.6000,2960.2000,2958.6000,2963.2000,2963.4000,2963.6000,2964.0000,2964.4000,1,2,1,2,1,1,1,1,2,1
SF,IH2006,2019-12-13 09:34:07.100,2962.2000,3604,0,142105680.000,0,-,-,-,-,2961.4000,2960.6000,2960.2000,2958.6000,2958.0000,2963.2000,2963.4000,2963.6000,2964.0000,2964.4000,2,1,2,1,3,1,1,1,2,1
SF,IH2006,2019-12-13 09:34:08.100,2962.2000,3604,0,142105680.000,0,-,-,-,-,2961.4000,2960.6000,2960.2000,2958.6000,2958.0000,2963.2000,2963.4000,2963.6000,2964.0000,2964.4000,1,1,2,1,3,1,1,1,2,1
SF,IH2006,2019-12-13 09:34:08.600,2962.2000,3604,0,142105680.000,0,-,-,-,-,2961.6000,2961.4000,2960.6000,2960.2000,2958.6000,2963.2000,2963.4000,2963.6000,2964.0000,2964.4000,2,1,1,2,1,1,1,1,2,1
SF,IH2006,2019-12-13 09:34:09.600,2962.2000,3604,0,142105680.000,0,-,-,-,-,2961.6000,2961.4000,2960.6000,2960.2000,2958.6000,2963.2000,2963.4000,2963.6000,2964.0000,2964.4000,1,1,1,2,1,1,1,1,2,1
SF,IH2006,2019-12-13 09:34:10.100,2962.2000,3604,0,142105680.000,0,-,-,-,-,2960.6000,2960.2000,2958.6000,2958.0000,2956.8000,2963.0000,2963.2000,2963.4000,2963.6000,2964.0000,1,2,1,3,5,1,1,1,1,2
SF,IH2006,2019-12-13 09:34:10.600,2962.2000,3604,0,142105680.000,0,-,-,-,-,2960.6000,2960.2000,2958.6000,2958.0000,2956.8000,2962.8000,2963.0000,2963.2000,2963.4000,2963.6000,1,2,1,3,5,1,1,1,1,1
SF,IH2006,2019-12-13 09:34:11.100,2962.2000,3604,0,142105680.000,0,-,-,-,-,2962.2000,2960.6000,2960.2000,2958.6000,2958.0000,2963.0000,2963.2000,2963.4000,2963.6000,2964.0000,1,1,2,1,3,1,1,1,1,2
SF,IH2006,2019-12-13 09:34:11.600,2962.2000,3605,1,142994340.000,1,1,0,双开,S,2960.6000,2960.2000,2958.6000,2958.0000,2956.8000,2961.6000,2962.8000,2963.0000,2963.2000,2963.4000,1,2,1,3,5,1,1,1,1,1
SF,IH2006,2019-12-13 09:34:12.100,2961.6000,3605,0,143882820.000,1,0,1,多换,S,2961.6000,2960.6000,2960.2000,2958.6000,2958.0000,2962.2000,2962.8000,2963.0000,2963.2000,2963.4000,1,1,2,1,3,1,1,2,1,1
SF,IH2006,2019-12-13 09:34:12.600,2961.6000,3605,0,143882820.000,0,-,-,-,-,2960.6000,2960.2000,2958.6000,2958.0000,2956.8000,2962.8000,2963.0000,2963.2000,2963.4000,2963.6000,1,2,1,3,5,1,2,1,1,1
SF,IH2006,2019-12-13 09:34:14.100,2961.6000,3605,0,143882820.000,0,-,-,-,-,2960.8000,2960.6000,2960.2000,2958.6000,2958.0000,2962.8000,2963.0000,2963.2000,2963.4000,2963.6000,2,1,2,1,3,1,2,1,1,1
SF,IH2006,2019-12-13 09:34:14.600,2961.6000,3605,0,143882820.000,0,-,-,-,-,2961.0000,2960.8000,2960.6000,2960.2000,2958.6000,2962.6000,2962.8000,2963.0000,2963.2000,2963.4000,1,2,2,2,1,1,1,2,1,1
SF,IH2006,2019-12-13 09:34:15.100,2961.6000,3605,0,143882820.000,0,-,-,-,-,2961.0000,2960.8000,2960.6000,2960.2000,2958.6000,2962.6000,2962.8000,2963.0000,2963.2000,2963.4000,2,2,1,2,1,1,1,2,1,1
SF,IH2006,2019-12-13 09:34:15.600,2961.6000,3605,0,143882820.000,0,-,-,-,-,2961.2000,2961.0000,2960.8000,2960.6000,2960.2000,2962.6000,2962.8000,2963.0000,2963.2000,2963.4000,1,2,1,1,2,1,1,2,1,1
SF,IH2006,2019-12-13 09:34:16.100,2961.6000,3605,0,143882820.000,0,-,-,-,-,2961.4000,2961.2000,2961.0000,2960.6000,2960.2000,2962.4000,2962.6000,2962.8000,2963.0000,2963.2000,1,3,1,1,2,1,1,1,2,1
SF,IH2006,2019-12-13 09:34:16.600,2961.2000,3605,0,144771180.000,1,0,1,多换,S,2961.4000,2961.0000,2960.6000,2960.2000,2958.6000,2962.4000,2962.6000,2962.8000,2963.0000,2963.2000,1,1,1,2,1,1,1,1,2,1
SF,IH2006,2019-12-13 09:34:17.100,2961.2000,3605,0,144771180.000,0,-,-,-,-,2961.4000,2960.6000,2960.2000,2958.6000,2958.0000,2962.4000,2962.6000,2962.8000,2963.0000,2963.2000,1,1,2,1,3,1,1,1,2,1
SF,IH2006,2019-12-13 09:34:18.600,2961.2000,3605,0,144771180.000,0,-,-,-,-,2961.4000,2960.6000,2960.2000,2958.6000,2958.0000,2962.4000,2962.6000,2962.8000,2963.0000,2963.2000,1,1,2,1,3,1,1,1,2,1
SF,IH2006,2019-12-13 09:34:19.100,2961.2000,3605,0,144771180.000,0,-,-,-,-,2961.4000,2960.6000,2960.2000,2958.6000,2958.0000,2962.0000,2962.6000,2962.8000,2963.0000,2963.2000,1,1,2,1,3,1,1,1,2,1
SF,IH2006,2019-12-13 09:34:19.600,2962.0000,3604,-1,145659780.000,1,0,1,双平,S,2961.4000,2960.6000,2960.2000,2958.6000,2958.0000,2962.6000,2962.8000,2963.0000,2963.2000,2963.4000,1,1,2,1,3,1,1,1,1,1
SF,IH2006,2019-12-13 09:34:20.100,2962.0000,3604,0,145659780.000,0,-,-,-,-,2961.4000,2960.6000,2960.2000,2958.6000,2958.0000,2962.6000,2962.8000,2963.0000,2963.2000,2963.4000,1,1,2,1,3,1,2,1,1,1
SF,IH2006,2019-12-13 09:34:20.600,2962.0000,3604,0,145659780.000,0,-,-,-,-,2961.4000,2960.6000,2960.2000,2958.6000,2958.0000,2962.4000,2962.6000,2962.8000,2963.0000,2963.2000,1,1,2,1,3,1,1,2,1,1
SF,IH2006,2019-12-13 09:34:21.100,2962.0000,3604,0,145659780.000,0,-,-,-,-,2961.4000,2960.6000,2960.2000,2958.6000,2958.0000,2962.6000,2962.8000,2963.0000,2963.2000,2963.4000,1,1,2,1,3,1,2,1,1,1
SF,IH2006,2019-12-13 09:34:21.600,2962.0000,3604,0,145659780.000,0,-,-,-,-,2961.6000,2961.4000,2960.6000,2960.2000,2958.6000,2962.6000,2962.8000,2963.0000,2963.2000,2963.4000,1,1,1,2,1,1,2,1,1,1
SF,IH2006,2019-12-13 09:34:22.100,2962.0000,3604,0,145659780.000,0,-,-,-,-,2961.6000,2960.6000,2960.2000,2958.6000,2958.0000,2962.6000,2962.8000,2963.0000,2963.2000,2963.4000,2,1,2,1,3,1,2,1,1,1
SF,IH2006,2019-12-13 09:34:24.100,2962.0000,3604,0,145659780.000,0,-,-,-,-,2961.6000,2960.6000,2960.2000,2958.6000,2958.0000,2962.4000,2962.6000,2962.8000,2963.0000,2963.2000,2,1,2,1,3,1,1,2,1,1
SF,IH2006,2019-12-13 09:34:24.600,2962.0000,3604,0,145659780.000,0,-,-,-,-,2961.6000,2960.6000,2960.2000,2958.6000,2958.0000,2962.4000,2962.6000,2962.8000,2963.0000,2963.2000,2,1,2,1,2,1,1,2,1,1
SF,IH2006,2019-12-13 09:34:25.100,2961.6000,3602,-2,147436740.000,2,0,2,双平,S,2960.6000,2960.2000,2958.6000,2958.0000,2956.8000,2961.6000,2962.4000,2962.6000,2962.8000,2963.0000,1,2,1,2,5,1,1,1,2,1
SF,IH2006,2019-12-13 09:34:25.600,2960.6000,3601,-1,148324920.000,1,0,1,双平,S,2960.2000,2958.6000,2958.0000,2956.8000,2956.0000,2960.6000,2961.6000,2962.2000,2962.4000,2962.8000,2,1,2,5,1,1,1,1,1,2
SF,IH2006,2019-12-13 09:34:26.100,2960.6000,3600,-1,149213100.000,1,0,1,双平,S,2960.2000,2958.6000,2958.0000,2956.8000,2956.0000,2961.6000,2962.2000,2962.4000,2962.8000,2963.0000,2,1,2,5,1,1,1,2,2,1
SF,IH2006,2019-12-13 09:34:26.600,2960.6000,3600,0,149213100.000,0,-,-,-,-,2960.4000,2960.2000,2958.6000,2958.0000,2956.8000,2961.6000,2962.2000,2962.4000,2962.8000,2963.0000,1,2,1,2,5,1,1,2,2,1
SF,IH2006,2019-12-13 09:34:28.100,2960.6000,3600,0,149213100.000,0,-,-,-,-,2960.2000,2958.6000,2958.0000,2956.8000,2956.0000,2961.6000,2962.2000,2962.4000,2962.8000,2963.0000,2,1,2,5,1,1,1,2,2,1
SF,IH2006,2019-12-13 09:34:28.600,2960.6000,3600,0,149213100.000,0,-,-,-,-,2960.4000,2960.2000,2958.6000,2958.0000,2956.8000,2961.4000,2961.6000,2962.2000,2962.4000,2962.8000,1,2,1,2,5,2,1,1,2,2
SF,IH2006,2019-12-13 09:34:29.100,2960.6000,3600,0,149213100.000,0,-,-,-,-,2960.6000,2960.4000,2960.2000,2958.6000,2958.0000,2961.4000,2962.4000,2962.8000,2963.0000,2963.2000,1,1,2,1,2,2,2,2,1,1
SF,IH2006,2019-12-13 09:34:29.600,2961.4000,3600,0,150101520.000,1,0,1,多换,S,2960.6000,2960.4000,2960.2000,2958.6000,2958.0000,2962.4000,2962.8000,2963.0000,2963.2000,2963.4000,1,1,2,1,2,2,2,1,1,1
SF,IH2006,2019-12-13 09:34:30.100,2961.4000,3600,0,150101520.000,0,-,-,-,-,2960.6000,2960.2000,2958.6000,2958.0000,2956.8000,2962.2000,2962.4000,2962.8000,2963.0000,2963.2000,1,2,1,2,5,1,2,2,1,1
SF,IH2006,2019-12-13 09:34:30.600,2961.4000,3600,0,150101520.000,0,-,-,-,-,2960.8000,2960.4000,2960.2000,2958.6000,2958.0000,2961.6000,2962.0000,2962.2000,2962.4000,2962.8000,1,1,2,1,2,1,1,1,2,2
SF,IH2006,2019-12-13 09:34:31.100,2961.4000,3600,0,150101520.000,0,-,-,-,-,2960.4000,2960.2000,2958.6000,2958.0000,2956.8000,2962.0000,2962.2000,2962.4000,2962.8000,2963.0000,1,2,1,2,5,1,1,2,2,1
SF,IH2006,2019-12-13 09:34:32.100,2961.4000,3600,0,150101520.000,0,-,-,-,-,2960.4000,2960.2000,2958.6000,2958.0000,2956.8000,2962.0000,2962.2000,2962.4000,2962.8000,2963.0000,2,2,1,2,5,1,1,2,2,1
SF,IH2006,2019-12-13 09:34:33.100,2961.4000,3600,0,150101520.000,0,-,-,-,-,2960.4000,2960.2000,2958.6000,2958.0000,2956.8000,2960.6000,2962.0000,2962.2000,2962.4000,2962.8000,2,2,1,2,5,1,1,1,2,2
SF,IH2006,2019-12-13 09:34:33.600,2960.6000,3599,-1,150989700.000,1,0,1,双平,S,2960.6000,2960.4000,2960.2000,2958.6000,2958.0000,2962.0000,2962.2000,2962.4000,2962.8000,2963.0000,4,2,2,1,2,1,1,2,2,2
SF,IH2006,2019-12-13 09:34:34.100,2960.6000,3599,0,150989700.000,0,-,-,-,-,2960.8000,2960.6000,2960.4000,2960.2000,2958.6000,2962.0000,2962.2000,2962.4000,2962.8000,2963.0000,1,5,1,2,1,1,1,2,2,2
SF,IH2006,2019-12-13 09:34:34.600,2960.6000,3599,0,150989700.000,0,-,-,-,-,2961.0000,2960.8000,2960.6000,2960.2000,2958.6000,2962.0000,2962.2000,2962.4000,2962.8000,2963.0000,1,2,4,2,1,1,1,2,2,2
SF,IH2006,2019-12-13 09:34:35.100,2960.6000,3599,0,151877880.000,1,0,1,多换,S,2961.0000,2960.8000,2960.6000,2960.2000,2958.6000,2962.4000,2962.8000,2963.0000,2963.2000,2963.4000,2,2,4,2,1,2,2,2,1,1
SF,IH2006,2019-12-13 09:34:35.600,2960.6000,3599,0,151877880.000,0,-,-,-,-,2961.0000,2960.8000,2960.6000,2960.2000,2958.6000,2962.2000,2962.4000,2962.8000,2963.0000,2963.2000,3,2,3,2,1,1,2,2,2,1
SF,IH2006,2019-12-13 09:34:36.100,2960.6000,3599,0,151877880.000,0,-,-,-,-,2961.0000,2960.8000,2960.6000,2960.2000,2958.6000,2962.0000,2962.4000,2962.8000,2963.0000,2963.2000,3,2,3,2,1,1,2,2,2,1
SF,IH2006,2019-12-13 09:34:36.600,2960.6000,3599,0,151877880.000,0,-,-,-,-,2961.0000,2960.8000,2960.6000,2960.2000,2958.6000,2962.0000,2962.4000,2962.8000,2963.0000,2963.2000,2,2,3,2,1,1,2,2,2,1
SF,IH2006,2019-12-13 09:34:37.100,2961.0000,3598,-1,153654480.000,2,0,2,多平,S,2960.8000,2960.6000,2960.2000,2958.6000,2958.0000,2962.0000,2962.4000,2962.8000,2963.0000,2963.2000,2,3,2,1,2,1,2,2,2,1
SF,IH2006,2019-12-13 09:34:37.600,2961.0000,3598,0,153654480.000,0,-,-,-,-,2961.2000,2960.8000,2960.6000,2960.2000,2958.6000,2962.0000,2962.4000,2962.8000,2963.0000,2963.2000,1,2,1,2,1,1,2,2,2,1
SF,IH2006,2019-12-13 09:34:38.100,2961.0000,3598,0,153654480.000,0,-,-,-,-,2961.2000,2960.8000,2960.6000,2960.2000,2958.6000,2962.4000,2962.8000,2963.0000,2963.2000,2963.4000,1,2,1,2,1,2,2,2,1,1
SF,IH2006,2019-12-13 09:34:38.600,2961.0000,3598,0,153654480.000,0,-,-,-,-,2961.2000,2960.8000,2960.6000,2960.2000,2958.6000,2962.2000,2962.4000,2962.8000,2963.0000,2963.2000,1,2,1,2,1,1,2,2,2,1
SF,IH2006,2019-12-13 09:34:39.100,2961.0000,3598,0,153654480.000,0,-,-,-,-,2961.2000,2960.8000,2960.6000,2960.2000,2958.6000,2962.0000,2962.4000,2962.8000,2963.0000,2963.2000,1,2,1,2,1,2,2,2,2,1
SF,IH2006,2019-12-13 09:34:39.600,2961.0000,3598,0,153654480.000,0,-,-,-,-,2960.8000,2960.6000,2960.2000,2958.6000,2958.0000,2962.4000,2962.8000,2963.0000,2963.2000,2963.4000,1,1,2,1,2,2,2,2,1,1
SF,IH2006,2019-12-13 09:34:40.100,2961.0000,3598,0,153654480.000,0,-,-,-,-,2961.0000,2960.8000,2960.6000,2960.2000,2958.6000,2962.2000,2962.4000,2962.8000,2963.0000,2963.2000,1,1,1,2,1,2,2,3,2,1
SF,IH2006,2019-12-13 09:34:40.600,2961.0000,3598,0,153654480.000,0,-,-,-,-,2961.0000,2960.8000,2960.6000,2960.2000,2958.6000,2962.2000,2962.4000,2962.8000,2963.0000,2963.2000,1,2,1,2,1,2,2,3,2,1
SF,IH2006,2019-12-13 09:34:41.100,2961.0000,3598,0,153654480.000,0,-,-,-,-,2961.0000,2960.8000,2960.6000,2960.2000,2958.6000,2962.2000,2962.4000,2962.8000,2963.0000,2963.2000,1,2,1,2,1,1,2,3,2,1
SF,IH2006,2019-12-13 09:34:42.100,2961.0000,3598,0,153654480.000,0,-,-,-,-,2961.0000,2960.8000,2960.6000,2960.2000,2958.6000,2962.4000,2962.8000,2963.0000,2963.2000,2963.4000,1,1,1,2,1,2,3,2,1,1
SF,IH2006,2019-12-13 09:34:42.600,2961.0000,3597,-1,154542780.000,1,0,1,双平,S,2961.0000,2960.8000,2960.6000,2960.2000,2958.6000,2962.2000,2962.4000,2962.8000,2963.0000,2963.2000,1,1,1,2,1,1,2,3,2,1
SF,IH2006,2019-12-13 09:34:43.100,2961.0000,3597,0,154542780.000,0,-,-,-,-,2961.0000,2960.8000,2960.6000,2960.2000,2958.6000,2962.2000,2962.4000,2962.8000,2963.0000,2963.2000,2,1,1,2,1,2,2,3,2,1
SF,IH2006,2019-12-13 09:34:43.600,2961.0000,3597,0,154542780.000,0,-,-,-,-,2961.0000,2960.8000,2960.6000,2960.2000,2958.6000,2962.2000,2962.4000,2962.8000,2963.0000,2963.2000,1,1,1,2,1,2,2,3,3,1
SF,IH2006,2019-12-13 09:34:44.100,2961.0000,3597,0,154542780.000,0,-,-,-,-,2961.0000,2960.8000,2960.6000,2960.2000,2958.6000,2962.0000,2962.2000,2962.4000,2962.8000,2963.0000,1,1,1,2,1,1,2,2,3,3
SF,IH2006,2019-12-13 09:34:44.600,2961.0000,3597,0,154542780.000,0,-,-,-,-,2961.0000,2960.8000,2960.6000,2960.2000,2958.6000,2962.2000,2962.4000,2962.8000,2963.0000,2963.2000,1,1,1,2,1,1,2,3,3,1
SF,IH2006,2019-12-13 09:34:45.100,2961.0000,3597,0,154542780.000,0,-,-,-,-,2961.2000,2961.0000,2960.8000,2960.6000,2960.2000,2962.2000,2962.4000,2962.8000,2963.0000,2963.2000,1,1,1,1,2,1,2,3,3,1
SF,IH2006,2019-12-13 09:34:45.600,2961.0000,3597,0,155431080.000,1,0,1,多换,S,2961.2000,2960.8000,2960.6000,2960.2000,2958.6000,2962.2000,2962.4000,2962.8000,2963.0000,2963.2000,1,1,1,2,1,1,2,3,3,1
SF,IH2006,2019-12-13 09:34:47.100,2961.0000,3597,0,155431080.000,0,-,-,-,-,2961.2000,2960.8000,2960.6000,2960.2000,2958.6000,2962.4000,2962.8000,2963.0000,2963.2000,2963.4000,1,1,1,2,1,1,3,3,1,1
SF,IH2006,2019-12-13 09:34:47.600,2961.0000,3597,0,155431080.000,0,-,-,-,-,2961.2000,2960.8000,2960.2000,2958.6000,2958.0000,2962.0000,2962.2000,2962.4000,2962.8000,2963.0000,1,1,2,1,2,1,2,1,3,3
SF,IH2006,2019-12-13 09:34:49.100,2961.0000,3597,0,155431080.000,0,-,-,-,-,2961.2000,2960.2000,2958.6000,2958.0000,2956.8000,2962.2000,2962.4000,2962.8000,2963.0000,2963.2000,1,2,1,2,5,1,1,3,3,1
SF,IH2006,2019-12-13 09:34:49.600,2961.2000,3596,-1,156319440.000,1,0,1,双平,S,2960.2000,2958.6000,2958.0000,2956.8000,2956.0000,2961.2000,2961.8000,2962.0000,2962.4000,2962.8000,2,1,2,5,1,1,1,2,1,3
SF,IH2006,2019-12-13 09:34:50.100,2961.2000,3595,-1,157207800.000,1,0,1,双平,S,2960.4000,2960.2000,2958.6000,2958.0000,2956.8000,2961.8000,2962.0000,2962.4000,2962.8000,2963.0000,1,2,1,2,5,1,2,1,3,3
SF,IH2006,2019-12-13 09:34:50.600,2961.2000,3595,0,157207800.000,0,-,-,-,-,2960.4000,2960.2000,2958.6000,2958.0000,2956.8000,2961.6000,2961.8000,2962.0000,2962.4000,2962.8000,1,2,1,2,5,1,1,1,1,3
SF,IH2006,2019-12-13 09:34:51.100,2961.2000,3595,0,157207800.000,0,-,-,-,-,2960.2000,2958.6000,2958.0000,2956.8000,2956.0000,2961.6000,2961.8000,2962.0000,2962.4000,2962.8000,2,1,2,5,1,2,1,1,1,3
SF,IH2006,2019-12-13 09:34:51.600,2961.2000,3595,0,157207800.000,0,-,-,-,-,2960.2000,2958.6000,2958.0000,2956.8000,2956.0000,2961.6000,2962.0000,2962.4000,2962.8000,2963.0000,2,1,2,5,1,1,1,1,3,3
SF,IH2006,2019-12-13 09:34:52.100,2961.2000,3595,0,157207800.000,0,-,-,-,-,2960.6000,2960.2000,2958.6000,2958.0000,2956.8000,2961.4000,2961.6000,2962.0000,2962.4000,2962.8000,1,2,1,2,5,1,1,1,1,3
SF,IH2006,2019-12-13 09:34:52.600,2961.2000,3595,0,157207800.000,0,-,-,-,-,2960.6000,2960.2000,2958.6000,2958.0000,2956.8000,2961.6000,2962.0000,2962.4000,2962.8000,2963.0000,1,2,1,2,5,1,1,1,3,3
SF,IH2006,2019-12-13 09:34:53.100,2961.2000,3595,0,157207800.000,0,-,-,-,-,2960.2000,2958.6000,2958.0000,2956.8000,2956.0000,2961.6000,2962.0000,2962.4000,2962.8000,2963.0000,2,1,2,5,1,1,1,1,3,3
SF,IH2006,2019-12-13 09:34:53.600,2961.2000,3595,0,157207800.000,0,-,-,-,-,2960.2000,2960.0000,2958.6000,2958.0000,2956.8000,2962.0000,2962.4000,2962.8000,2963.0000,2963.2000,2,1,1,2,5,1,1,3,3,1
SF,IH2006,2019-12-13 09:34:54.100,2961.2000,3595,0,157207800.000,0,-,-,-,-,2960.2000,2960.0000,2958.6000,2958.0000,2956.8000,2961.4000,2961.8000,2962.0000,2962.4000,2962.8000,2,1,1,2,5,1,2,1,1,3
SF,IH2006,2019-12-13 09:34:55.100,2961.2000,3595,0,157207800.000,0,-,-,-,-,2960.2000,2960.0000,2958.6000,2958.0000,2956.8000,2961.2000,2961.4000,2961.8000,2962.0000,2962.4000,2,1,1,2,5,1,1,2,1,1
SF,IH2006,2019-12-13 09:34:55.600,2961.2000,3595,0,157207800.000,0,-,-,-,-,2960.2000,2958.6000,2958.0000,2956.0000,2953.6000,2961.0000,2961.2000,2961.8000,2962.0000,2962.4000,2,1,2,1,5,1,1,1,1,1
SF,IH2006,2019-12-13 09:34:56.100,2961.2000,3595,0,157207800.000,0,-,-,-,-,2961.0000,2960.2000,2958.6000,2958.0000,2956.0000,2961.8000,2962.0000,2962.4000,2962.8000,2963.0000,1,3,1,2,1,1,1,1,3,3
SF,IH2006,2019-12-13 09:34:56.600,2961.0000,3594,-1,158984400.000,2,0,2,多平,S,2960.2000,2958.6000,2958.0000,2956.0000,2953.6000,2961.8000,2962.0000,2962.4000,2962.8000,2963.0000,2,1,2,1,5,1,1,1,3,3
SF,IH2006,2019-12-13 09:34:57.100,2961.0000,3594,0,158984400.000,0,-,-,-,-,2960.2000,2958.6000,2958.0000,2956.0000,2953.6000,2961.6000,2961.8000,2962.0000,2962.4000,2962.8000,2,1,2,1,5,2,1,1,1,3
SF,IH2006,2019-12-13 09:34:57.600,2961.0000,3594,0,158984400.000,0,-,-,-,-,2960.2000,2958.6000,2958.0000,2956.0000,2953.6000,2961.4000,2961.6000,2961.8000,2962.4000,2962.8000,2,1,2,1,5,1,1,1,1,3
SF,IH2006,2019-12-13 09:34:58.100,2961.0000,3594,0,158984400.000,0,-,-,-,-,2960.2000,2958.6000,2958.0000,2956.0000,2953.6000,2961.2000,2961.6000,2961.8000,2962.4000,2962.8000,2,1,2,1,5,2,1,1,1,3
SF,IH2006,2019-12-13 09:34:58.600,2961.0000,3594,0,158984400.000,0,-,-,-,-,2960.2000,2958.6000,2958.0000,2956.0000,2953.6000,2961.0000,2961.2000,2961.6000,2961.8000,2962.4000,2,1,2,1,5,1,2,1,1,1
SF,IH2006,2019-12-13 09:34:59.100,2961.0000,3594,0,158984400.000,0,-,-,-,-,2960.2000,2958.6000,2958.0000,2956.0000,2953.6000,2961.0000,2961.2000,2961.8000,2962.4000,2962.8000,2,1,2,1,5,1,2,1,1,3
SF,IH2006,2019-12-13 09:34:59.600,2961.0000,3593,-1,159872700.000,1,0,1,双平,S,2960.2000,2958.6000,2958.0000,2956.0000,2953.6000,2961.2000,2961.8000,2962.4000,2962.8000,2963.0000,2,1,2,1,5,2,1,1,3,3
