市场代码,合约代码,时间,最新,持仓,增仓,成交额,成交量,开仓,平仓,成交类型,方向,买一价,买二价,买三价,买四价,买五价,卖一价,卖二价,卖三价,卖四价,卖五价,买一量,买二量,买三量,买四量,买五量,卖一量,卖二量,卖三量,卖四量,卖五量
SF,IH2009,2020-04-14 09:29:00.200,2634.8000,10594,0,12647040.000,16.000,-,-,-,-,2634.8000,2633.6000,2632.8000,2631.0000,2630.0000,2635.0000,2637.0000,2639.2000,2639.8000,2640.0000,1,1,1,1,1,1,3,1,1,2
SF,IH2009,2020-04-14 09:30:00.200,2636.6000,10592,-2,18184680.000,7,2,5,多平,S,2636.8000,2636.4000,2636.0000,2635.6000,2635.4000,2639.8000,2640.0000,2640.2000,2641.0000,2642.0000,1,1,1,2,27,1,3,1,1,5
SF,IH2009,2020-04-14 09:30:00.700,2639.6000,10592,0,21351360.000,4,2,2,多换,S,2637.0000,2636.4000,2636.0000,2635.6000,2635.4000,2639.6000,2639.8000,2640.0000,2640.2000,2641.0000,3,1,1,2,27,1,1,3,1,1
SF,IH2009,2020-04-14 09:30:01.200,2637.0000,10591,-1,22142460.000,1,0,1,双平,S,2637.0000,2635.6000,2635.4000,2635.2000,2635.0000,2639.6000,2639.8000,2640.0000,2640.2000,2641.0000,3,2,27,10,18,1,1,3,1,1
SF,IH2009,2020-04-14 09:30:01.700,2637.0000,10590,-1,22933560.000,1,0,1,双平,S,2637.0000,2635.6000,2635.4000,2635.2000,2635.0000,2638.8000,2639.2000,2639.4000,2639.6000,2639.8000,2,1,27,10,18,1,1,1,1,1
SF,IH2009,2020-04-14 09:30:02.200,2638.8000,10589,-1,26099460.000,4,1,3,多平,S,2637.2000,2635.8000,2635.4000,2635.2000,2635.0000,2639.2000,2639.4000,2639.8000,2640.0000,2640.2000,2,1,27,1,18,1,1,1,2,1
SF,IH2009,2020-04-14 09:30:02.700,2637.2000,10588,-1,26890620.000,1,0,1,双平,S,2635.8000,2635.4000,2635.2000,2635.0000,2633.4000,2639.0000,2639.2000,2639.4000,2639.8000,2640.0000,1,27,1,17,5,2,1,1,1,2
SF,IH2009,2020-04-14 09:30:03.200,2637.2000,10588,0,26890620.000,0,-,-,-,-,2636.0000,2635.8000,2635.4000,2635.0000,2633.4000,2636.2000,2638.6000,2638.8000,2639.0000,2639.8000,3,1,27,16,5,1,1,2,3,1
SF,IH2009,2020-04-14 09:30:03.700,2635.8000,10587,-1,30053820.000,4,1,3,多平,S,2635.4000,2635.0000,2633.4000,2631.0000,2630.2000,2637.0000,2637.2000,2638.6000,2638.8000,2639.0000,27,16,5,1,1,1,1,1,2,4
SF,IH2009,2020-04-14 09:30:04.200,2636.8000,10587,0,30844860.000,1,0,1,多换,S,2635.6000,2635.4000,2635.0000,2633.4000,2631.0000,2638.6000,2638.8000,2639.0000,2639.8000,2640.0000,2,27,16,5,1,1,2,1,1,2
SF,IH2009,2020-04-14 09:30:04.700,2638.4000,10586,-1,31636380.000,1,0,1,双平,S,2635.6000,2635.4000,2635.0000,2633.4000,2631.0000,2635.8000,2638.4000,2638.6000,2638.8000,2639.8000,2,27,16,5,1,1,1,1,2,1
SF,IH2009,2020-04-14 09:30:05.200,2636.4000,10585,-1,32427300.000,1,0,1,双平,S,2635.6000,2635.4000,2635.0000,2633.4000,2631.0000,2638.4000,2638.6000,2638.8000,2639.8000,2640.0000,1,27,16,5,1,2,1,2,1,2
SF,IH2009,2020-04-14 09:30:05.700,2638.2000,10584,-1,34009500.000,2,0,2,多平,S,2635.6000,2635.4000,2635.0000,2633.4000,2631.0000,2638.2000,2638.4000,2638.6000,2638.8000,2639.8000,1,27,16,5,1,1,2,1,1,1
SF,IH2009,2020-04-14 09:30:06.200,2638.2000,10584,0,34009500.000,0,-,-,-,-,2635.8000,2635.6000,2635.4000,2635.0000,2633.4000,2636.8000,2637.8000,2638.0000,2638.2000,2638.8000,1,1,27,16,5,1,1,3,1,1
SF,IH2009,2020-04-14 09:30:06.700,2636.2000,10583,-1,35591400.000,2,0,2,多平,S,2636.0000,2635.8000,2635.4000,2635.0000,2633.4000,2637.8000,2638.0000,2638.2000,2638.8000,2639.0000,1,1,27,16,5,1,3,1,1,1
SF,IH2009,2020-04-14 09:30:07.200,2636.2000,10583,0,35591400.000,0,-,-,-,-,2636.8000,2636.0000,2635.8000,2635.4000,2635.0000,2637.6000,2637.8000,2638.2000,2638.8000,2639.0000,1,1,1,27,16,3,1,1,1,2
SF,IH2009,2020-04-14 09:30:07.700,2636.4000,10583,0,36382320.000,1,0,1,多换,S,2636.0000,2635.8000,2635.4000,2635.0000,2633.4000,2636.8000,2637.6000,2637.8000,2638.2000,2638.8000,1,1,27,16,5,1,1,1,1,1
SF,IH2009,2020-04-14 09:30:08.200,2636.4000,10583,0,36382320.000,0,-,-,-,-,2637.2000,2636.0000,2635.8000,2635.4000,2635.0000,2637.6000,2637.8000,2638.2000,2638.8000,2639.0000,2,1,1,27,16,1,1,1,1,2
SF,IH2009,2020-04-14 09:30:08.700,2636.4000,10583,0,36382320.000,0,-,-,-,-,2636.0000,2635.8000,2635.4000,2635.0000,2633.4000,2637.6000,2637.8000,2638.0000,2638.2000,2638.8000,1,1,27,16,5,1,1,1,1,1
SF,IH2009,2020-04-14 09:30:09.200,2636.4000,10583,0,36382320.000,0,-,-,-,-,2636.2000,2636.0000,2635.4000,2635.0000,2633.4000,2637.0000,2637.2000,2637.4000,2637.6000,2637.8000,1,1,27,16,5,1,1,1,1,1
SF,IH2009,2020-04-14 09:30:09.700,2636.4000,10583,0,36382320.000,0,-,-,-,-,2636.0000,2635.4000,2635.0000,2633.4000,2631.0000,2637.0000,2637.2000,2637.4000,2637.6000,2637.8000,1,27,16,5,1,1,1,1,1,1
SF,IH2009,2020-04-14 09:30:10.200,2636.4000,10583,0,36382320.000,0,-,-,-,-,2635.4000,2635.0000,2633.4000,2631.0000,2630.2000,2636.8000,2637.0000,2637.2000,2637.4000,2637.8000,27,16,5,1,1,1,2,2,1,1
SF,IH2009,2020-04-14 09:30:10.700,2636.6000,10583,0,37173300.000,1,0,1,多换,S,2635.4000,2635.0000,2633.4000,2631.0000,2630.2000,2636.8000,2637.0000,2637.2000,2638.0000,2638.8000,27,16,5,1,1,3,3,2,1,1
SF,IH2009,2020-04-14 09:30:11.200,2636.6000,10583,0,37173300.000,0,-,-,-,-,2635.4000,2635.0000,2631.0000,2630.2000,2630.0000,2636.8000,2637.0000,2637.2000,2638.0000,2638.8000,27,16,1,1,1,3,3,2,1,1
SF,IH2009,2020-04-14 09:30:11.700,2635.4000,10582,-1,38754540.000,2,0,2,多平,S,2635.4000,2635.0000,2631.0000,2630.2000,2630.0000,2636.8000,2637.0000,2637.2000,2637.6000,2638.0000,25,16,1,1,1,3,3,2,1,1
SF,IH2009,2020-04-14 09:30:12.200,2635.4000,10581,-1,41917020.000,4,1,3,多平,S,2635.4000,2635.0000,2631.0000,2630.2000,2630.0000,2636.8000,2637.0000,2637.2000,2637.6000,2638.0000,21,16,1,1,1,3,2,2,1,1
SF,IH2009,2020-04-14 09:30:12.700,2635.4000,10581,0,52986060.000,14,7,7,多换,S,2635.4000,2635.0000,2631.0000,2630.2000,2630.0000,2636.8000,2637.0000,2637.2000,2637.6000,2638.0000,8,16,1,1,1,3,2,2,1,1
SF,IH2009,2020-04-14 09:30:13.200,2635.4000,10576,-5,57730260.000,6,0,6,多平,S,2635.4000,2635.0000,2631.0000,2630.2000,2630.0000,2636.8000,2637.0000,2637.2000,2637.6000,2638.0000,4,16,1,1,1,2,2,2,1,1
SF,IH2009,2020-04-14 09:30:13.700,2635.4000,10576,0,57730260.000,0,-,-,-,-,2635.6000,2635.4000,2635.0000,2631.0000,2630.2000,2636.6000,2636.8000,2637.0000,2637.2000,2637.6000,1,4,16,1,1,1,2,2,2,1
SF,IH2009,2020-04-14 09:30:14.200,2635.4000,10576,0,57730260.000,0,-,-,-,-,2635.6000,2635.4000,2635.0000,2631.0000,2630.2000,2636.6000,2636.8000,2637.0000,2637.2000,2637.6000,1,4,16,1,1,1,2,2,2,1
SF,IH2009,2020-04-14 09:30:15.200,2635.4000,10576,0,57730260.000,0,-,-,-,-,2635.6000,2635.4000,2635.0000,2631.0000,2630.2000,2636.6000,2636.8000,2637.0000,2637.2000,2637.6000,1,4,16,1,1,1,2,2,2,1
SF,IH2009,2020-04-14 09:30:15.700,2636.4000,10575,-1,58521180.000,1,0,1,双平,S,2635.6000,2635.4000,2635.0000,2631.2000,2631.0000,2636.8000,2637.0000,2637.2000,2637.6000,2638.0000,1,4,16,1,1,2,2,2,1,1
SF,IH2009,2020-04-14 09:30:16.200,2637.6000,10571,-4,61685820.000,4,0,4,双平,S,2636.8000,2636.6000,2635.8000,2635.6000,2635.4000,2638.0000,2638.6000,2639.0000,2639.4000,2639.6000,1,2,1,1,4,1,1,1,4,3
SF,IH2009,2020-04-14 09:30:16.700,2637.6000,10571,0,61685820.000,0,-,-,-,-,2636.8000,2636.6000,2635.8000,2635.6000,2635.4000,2637.8000,2638.0000,2638.6000,2639.0000,2639.4000,2,2,1,1,4,1,1,1,1,4
SF,IH2009,2020-04-14 09:30:17.200,2637.6000,10571,0,61685820.000,0,-,-,-,-,2636.8000,2636.6000,2635.8000,2635.6000,2635.4000,2637.8000,2638.0000,2638.6000,2639.0000,2639.8000,2,2,1,1,4,1,1,1,1,1
SF,IH2009,2020-04-14 09:30:17.700,2636.8000,10572,1,62476860.000,1,1,0,双开,S,2636.6000,2635.8000,2635.6000,2635.4000,2635.0000,2637.6000,2637.8000,2638.0000,2638.6000,2639.0000,2,1,1,4,16,1,1,1,1,1
SF,IH2009,2020-04-14 09:30:18.200,2635.8000,10571,-1,63267600.000,1,0,1,双平,S,2635.6000,2635.4000,2635.0000,2631.2000,2631.0000,2636.6000,2637.0000,2637.2000,2637.4000,2637.6000,1,4,16,1,1,3,1,1,2,1
SF,IH2009,2020-04-14 09:30:18.700,2635.8000,10571,0,63267600.000,0,-,-,-,-,2635.6000,2635.4000,2635.0000,2631.2000,2631.0000,2636.6000,2637.0000,2637.2000,2637.4000,2637.6000,1,4,16,1,1,4,1,1,2,1
SF,IH2009,2020-04-14 09:30:19.200,2635.8000,10571,0,63267600.000,0,-,-,-,-,2636.0000,2635.6000,2635.4000,2635.0000,2631.2000,2636.6000,2637.0000,2637.2000,2637.4000,2637.6000,1,1,4,16,1,4,1,1,2,1
SF,IH2009,2020-04-14 09:30:19.700,2635.8000,10571,0,63267600.000,0,-,-,-,-,2636.0000,2635.6000,2635.4000,2635.0000,2631.2000,2636.6000,2637.0000,2637.2000,2637.4000,2637.6000,1,1,4,16,1,4,1,1,2,1
SF,IH2009,2020-04-14 09:30:20.200,2635.8000,10571,0,63267600.000,0,-,-,-,-,2636.0000,2635.6000,2635.4000,2635.0000,2631.2000,2636.6000,2637.0000,2637.2000,2637.4000,2637.6000,2,1,4,16,1,4,1,1,2,1
SF,IH2009,2020-04-14 09:30:20.700,2636.0000,10570,-1,64849200.000,2,0,2,多平,S,2635.6000,2635.4000,2635.0000,2631.2000,2631.0000,2635.8000,2636.6000,2637.0000,2637.2000,2637.4000,1,4,16,1,1,1,4,1,1,2
SF,IH2009,2020-04-14 09:30:21.200,2636.0000,10570,0,64849200.000,0,-,-,-,-,2635.8000,2635.4000,2635.0000,2631.2000,2631.0000,2636.6000,2637.0000,2637.2000,2637.4000,2637.6000,1,4,16,1,1,2,1,1,2,1
SF,IH2009,2020-04-14 09:30:21.700,2635.8000,10569,-1,65639940.000,1,0,1,双平,S,2635.4000,2635.0000,2631.2000,2631.0000,2630.0000,2636.4000,2636.6000,2637.0000,2637.2000,2637.4000,4,16,1,1,1,1,2,1,1,1
SF,IH2009,2020-04-14 09:30:22.200,2635.4000,10565,-4,68802420.000,4,0,4,双平,S,2635.0000,2631.2000,2631.0000,2630.0000,2629.6000,2635.6000,2636.4000,2636.6000,2637.0000,2637.2000,16,1,1,1,5,3,1,2,1,1
SF,IH2009,2020-04-14 09:30:22.700,2635.4000,10565,0,70383660.000,2,1,1,多换,S,2635.0000,2631.2000,2631.0000,2630.0000,2629.6000,2635.2000,2636.4000,2636.6000,2637.0000,2637.2000,16,1,1,1,5,1,1,2,1,1
SF,IH2009,2020-04-14 09:30:23.200,2635.0000,10567,2,74336160.000,5,3,2,空开,S,2635.2000,2635.0000,2631.2000,2631.0000,2630.0000,2636.4000,2636.6000,2637.0000,2637.2000,2637.4000,1,11,1,1,1,1,2,1,1,1
SF,IH2009,2020-04-14 09:30:23.700,2635.0000,10567,0,74336160.000,0,-,-,-,-,2635.2000,2635.0000,2634.4000,2631.2000,2631.0000,2636.2000,2636.4000,2636.6000,2637.0000,2637.2000,1,11,1,1,1,1,1,2,1,1
SF,IH2009,2020-04-14 09:30:24.200,2635.0000,10566,-1,75126660.000,1,0,1,双平,S,2635.0000,2634.4000,2631.2000,2630.0000,2629.6000,2636.0000,2636.2000,2636.6000,2637.0000,2637.2000,11,1,1,1,5,1,1,2,1,1
SF,IH2009,2020-04-14 09:30:24.700,2635.0000,10566,0,75126660.000,0,-,-,-,-,2635.0000,2634.4000,2631.2000,2630.0000,2629.6000,2635.8000,2636.0000,2636.2000,2636.6000,2637.0000,11,1,1,1,5,1,1,1,2,1
SF,IH2009,2020-04-14 09:30:26.200,2635.0000,10566,0,75126660.000,0,-,-,-,-,2635.0000,2634.4000,2631.2000,2630.0000,2629.6000,2635.8000,2636.0000,2636.2000,2636.6000,2637.0000,11,1,1,1,5,1,1,1,2,1
SF,IH2009,2020-04-14 09:30:26.700,2635.0000,10566,0,76707660.000,2,1,1,多换,S,2635.0000,2634.4000,2631.2000,2630.0000,2629.6000,2635.2000,2635.6000,2635.8000,2636.2000,2636.6000,9,1,1,1,5,1,1,1,1,2
SF,IH2009,2020-04-14 09:30:27.200,2635.0000,10566,0,79079160.000,3,1,2,多换,S,2635.0000,2634.4000,2631.2000,2630.0000,2629.6000,2635.2000,2635.6000,2635.8000,2636.2000,2636.6000,6,1,1,1,5,1,1,1,1,2
SF,IH2009,2020-04-14 09:30:27.700,2635.0000,10566,0,80660160.000,2,1,1,多换,S,2635.0000,2634.4000,2631.2000,2630.0000,2629.6000,2635.2000,2635.6000,2635.8000,2636.2000,2636.6000,4,1,1,1,5,1,1,1,1,2
SF,IH2009,2020-04-14 09:30:28.200,2635.0000,10566,0,81450660.000,1,0,1,多换,S,2635.0000,2634.4000,2631.2000,2630.0000,2629.6000,2635.2000,2635.6000,2635.8000,2636.2000,2636.6000,3,1,1,1,5,1,1,1,1,2
SF,IH2009,2020-04-14 09:30:28.700,2635.0000,10566,0,81450660.000,0,-,-,-,-,2635.0000,2634.4000,2631.2000,2630.0000,2629.6000,2635.2000,2635.6000,2635.8000,2636.2000,2636.6000,3,1,1,1,5,1,1,1,1,2
SF,IH2009,2020-04-14 09:30:29.200,2635.0000,10565,-1,83822220.000,3,1,2,多平,S,2635.0000,2634.4000,2631.2000,2630.0000,2629.6000,2635.6000,2635.8000,2636.2000,2636.6000,2637.0000,1,1,1,1,5,1,1,1,2,1
SF,IH2009,2020-04-14 09:30:29.700,2635.0000,10565,0,84612720.000,1,0,1,多换,S,2634.4000,2631.2000,2630.0000,2629.6000,2626.2000,2635.6000,2635.8000,2636.2000,2636.6000,2637.0000,1,1,1,5,1,2,1,1,2,1
SF,IH2009,2020-04-14 09:30:30.200,2634.4000,10564,-1,85403040.000,1,0,1,双平,S,2631.2000,2630.0000,2629.6000,2626.2000,2626.0000,2635.4000,2635.6000,2635.8000,2636.6000,2637.0000,1,1,5,1,1,1,1,1,2,1
SF,IH2009,2020-04-14 09:30:30.700,2634.4000,10564,0,85403040.000,0,-,-,-,-,2632.2000,2632.0000,2631.6000,2631.4000,2631.2000,2635.2000,2635.4000,2635.8000,2636.6000,2637.0000,1,3,8,3,2,2,1,1,2,1
SF,IH2009,2020-04-14 09:30:31.200,2634.4000,10564,0,85403040.000,0,-,-,-,-,2632.4000,2632.2000,2632.0000,2631.6000,2631.4000,2635.0000,2635.2000,2635.4000,2635.8000,2636.6000,2,1,3,8,1,1,2,1,1,2
SF,IH2009,2020-04-14 09:30:31.700,2634.4000,10564,0,85403040.000,0,-,-,-,-,2632.4000,2632.2000,2632.0000,2631.6000,2631.4000,2634.8000,2635.0000,2635.4000,2635.8000,2636.6000,2,1,3,8,1,2,1,1,1,2
SF,IH2009,2020-04-14 09:30:32.200,2634.4000,10564,0,85403040.000,0,-,-,-,-,2632.4000,2632.2000,2632.0000,2631.6000,2631.2000,2634.4000,2634.8000,2635.4000,2635.6000,2635.8000,2,1,3,8,2,1,2,1,1,1
SF,IH2009,2020-04-14 09:30:32.700,2634.4000,10564,0,85403040.000,0,-,-,-,-,2632.4000,2632.2000,2632.0000,2631.6000,2631.2000,2634.2000,2634.4000,2635.2000,2635.4000,2635.6000,2,1,3,8,2,2,1,2,1,1
SF,IH2009,2020-04-14 09:30:33.200,2634.2000,10562,-2,86983560.000,2,0,2,双平,S,2632.6000,2632.4000,2632.2000,2632.0000,2631.6000,2634.4000,2635.2000,2635.4000,2635.6000,2635.8000,1,2,1,3,8,1,2,1,1,1
SF,IH2009,2020-04-14 09:30:33.700,2634.2000,10562,0,86983560.000,0,-,-,-,-,2632.8000,2632.6000,2632.2000,2632.0000,2631.6000,2634.2000,2634.4000,2635.2000,2635.4000,2635.6000,2,1,1,3,8,1,1,2,1,1
SF,IH2009,2020-04-14 09:30:34.200,2634.2000,10562,0,86983560.000,0,-,-,-,-,2632.8000,2632.6000,2632.2000,2632.0000,2631.6000,2634.2000,2634.4000,2635.2000,2635.4000,2635.6000,3,1,1,3,8,1,1,2,1,1
SF,IH2009,2020-04-14 09:30:34.700,2634.2000,10562,0,86983560.000,0,-,-,-,-,2632.8000,2632.6000,2632.2000,2632.0000,2631.6000,2634.2000,2634.4000,2635.0000,2635.2000,2635.4000,3,1,1,3,8,1,1,1,2,1
SF,IH2009,2020-04-14 09:30:35.200,2632.8000,10561,-1,87773400.000,1,0,1,双平,S,2632.8000,2632.6000,2632.2000,2632.0000,2631.6000,2634.2000,2634.4000,2635.0000,2635.2000,2635.4000,2,1,1,3,8,1,1,1,2,1
SF,IH2009,2020-04-14 09:30:35.700,2632.8000,10561,0,89353500.000,2,1,1,多换,S,2632.6000,2632.2000,2632.0000,2631.6000,2631.2000,2634.4000,2634.8000,2635.0000,2635.2000,2635.4000,1,1,3,8,1,1,1,1,2,1
SF,IH2009,2020-04-14 09:30:36.200,2632.8000,10561,0,89353500.000,0,-,-,-,-,2632.8000,2632.6000,2632.2000,2632.0000,2631.6000,2634.2000,2634.4000,2634.8000,2635.0000,2635.2000,2,1,1,3,8,1,1,1,1,2
SF,IH2009,2020-04-14 09:30:36.700,2632.8000,10561,0,89353500.000,0,-,-,-,-,2632.8000,2632.6000,2632.0000,2631.2000,2630.0000,2634.2000,2634.4000,2634.8000,2635.0000,2635.2000,2,1,3,1,1,1,1,1,1,2
SF,IH2009,2020-04-14 09:30:37.200,2634.2000,10560,-1,90143760.000,1,0,1,双平,S,2632.8000,2632.6000,2632.0000,2631.2000,2630.0000,2633.8000,2634.4000,2634.8000,2635.0000,2635.4000,3,1,3,1,1,2,1,1,1,1
SF,IH2009,2020-04-14 09:30:37.700,2634.4000,10557,-3,92514360.000,3,0,3,双平,S,2634.4000,2632.8000,2632.0000,2631.2000,2630.0000,2634.8000,2635.0000,2635.4000,2635.6000,2635.8000,1,3,3,1,2,1,1,1,2,1
SF,IH2009,2020-04-14 09:30:38.200,2634.4000,10556,-1,93304680.000,1,0,1,双平,S,2632.8000,2632.0000,2631.2000,2630.0000,2629.6000,2634.8000,2635.0000,2635.4000,2635.6000,2635.8000,2,3,1,2,5,1,1,1,2,1
SF,IH2009,2020-04-14 09:30:38.700,2634.4000,10556,0,93304680.000,0,-,-,-,-,2633.0000,2632.8000,2632.0000,2631.2000,2630.0000,2634.6000,2634.8000,2635.0000,2635.4000,2635.6000,1,2,3,1,2,1,1,1,1,1
SF,IH2009,2020-04-14 09:30:39.200,2634.4000,10556,0,93304680.000,0,-,-,-,-,2633.2000,2633.0000,2632.8000,2632.0000,2631.2000,2634.6000,2634.8000,2635.0000,2635.4000,2635.6000,1,1,1,3,1,1,1,1,1,1
SF,IH2009,2020-04-14 09:30:40.200,2634.4000,10556,0,93304680.000,0,-,-,-,-,2633.2000,2633.0000,2632.8000,2632.4000,2632.0000,2634.6000,2634.8000,2635.0000,2635.4000,2635.6000,1,1,1,1,3,1,1,1,1,1
SF,IH2009,2020-04-14 09:30:40.700,2634.8000,10554,-2,94885500.000,2,0,2,双平,S,2633.2000,2633.0000,2632.8000,2632.4000,2632.0000,2635.0000,2635.4000,2635.6000,2635.8000,2636.6000,1,1,1,1,3,1,1,1,1,1
SF,IH2009,2020-04-14 09:30:41.200,2633.4000,10553,-1,95675520.000,1,0,1,双平,S,2633.2000,2632.8000,2632.4000,2632.0000,2631.8000,2635.0000,2635.4000,2635.6000,2635.8000,2636.6000,1,1,1,3,1,1,1,1,1,1
SF,IH2009,2020-04-14 09:30:42.200,2633.4000,10553,0,95675520.000,0,-,-,-,-,2633.2000,2632.4000,2632.0000,2631.8000,2631.2000,2635.0000,2635.4000,2635.6000,2635.8000,2636.6000,1,1,3,1,1,1,1,1,1,1
SF,IH2009,2020-04-14 09:30:42.700,2633.2000,10552,-1,96465480.000,1,0,1,双平,S,2632.4000,2632.0000,2631.8000,2631.2000,2630.0000,2633.2000,2635.0000,2635.4000,2635.6000,2635.8000,1,3,1,1,2,6,1,1,1,1
SF,IH2009,2020-04-14 09:30:43.200,2633.2000,10546,-6,101205240.000,6,0,6,双平,S,2633.4000,2632.6000,2632.4000,2632.2000,2632.0000,2635.0000,2635.4000,2635.6000,2635.8000,2636.6000,1,1,1,1,3,1,1,1,1,1
SF,IH2009,2020-04-14 09:30:43.700,2633.4000,10545,-1,101995260.000,1,0,1,双平,S,2633.4000,2632.4000,2632.2000,2632.0000,2631.8000,2634.8000,2635.0000,2635.4000,2635.6000,2635.8000,1,1,1,3,1,1,1,1,1,1
SF,IH2009,2020-04-14 09:30:44.700,2633.4000,10545,0,101995260.000,0,-,-,-,-,2633.4000,2633.2000,2632.8000,2632.4000,2632.0000,2634.8000,2635.0000,2635.4000,2635.6000,2635.8000,1,1,1,1,3,1,1,1,1,1
SF,IH2009,2020-04-14 09:30:45.200,2633.2000,10543,-2,103575240.000,2,0,2,双平,S,2632.8000,2632.4000,2632.0000,2631.8000,2631.2000,2633.0000,2633.4000,2634.8000,2635.0000,2635.4000,1,1,3,1,1,1,1,1,1,1
SF,IH2009,2020-04-14 09:30:45.700,2633.4000,10541,-2,105155160.000,2,0,2,双平,S,2632.8000,2632.4000,2632.0000,2631.8000,2631.2000,2634.8000,2635.0000,2635.4000,2635.6000,2635.8000,1,1,3,1,1,1,1,1,1,1
SF,IH2009,2020-04-14 09:30:46.200,2633.4000,10541,0,105155160.000,0,-,-,-,-,2633.0000,2632.4000,2632.0000,2631.8000,2631.2000,2634.8000,2635.0000,2635.4000,2635.6000,2635.8000,1,1,3,1,1,1,1,1,1,1
SF,IH2009,2020-04-14 09:30:47.200,2633.0000,10540,-1,105945060.000,1,0,1,双平,S,2633.0000,2632.4000,2632.0000,2631.8000,2631.2000,2634.8000,2635.0000,2635.4000,2635.6000,2635.8000,2,1,3,1,1,1,1,1,1,1
SF,IH2009,2020-04-14 09:30:47.700,2633.0000,10540,0,105945060.000,0,-,-,-,-,2633.2000,2633.0000,2632.4000,2632.2000,2632.0000,2634.8000,2635.0000,2635.4000,2635.6000,2635.8000,1,2,1,1,3,1,1,1,1,1
SF,IH2009,2020-04-14 09:30:49.200,2633.0000,10539,-1,107524860.000,2,0,2,多平,S,2633.0000,2632.4000,2632.2000,2632.0000,2631.8000,2633.2000,2634.8000,2635.0000,2635.4000,2635.6000,1,1,1,3,1,1,1,1,1,1
SF,IH2009,2020-04-14 09:30:49.700,2634.8000,10538,-1,109105260.000,2,0,2,多平,S,2633.2000,2633.0000,2632.4000,2632.2000,2632.0000,2635.0000,2635.4000,2635.6000,2635.8000,2636.6000,1,1,1,1,3,1,1,1,1,1
SF,IH2009,2020-04-14 09:30:50.200,2634.8000,10538,0,109105260.000,0,-,-,-,-,2633.2000,2633.0000,2632.4000,2632.2000,2632.0000,2634.8000,2635.0000,2635.4000,2635.6000,2635.8000,1,1,1,1,3,1,1,1,1,1
SF,IH2009,2020-04-14 09:30:50.700,2634.8000,10538,0,109105260.000,0,-,-,-,-,2633.4000,2633.2000,2633.0000,2632.4000,2632.2000,2634.8000,2635.0000,2635.4000,2635.6000,2635.8000,1,1,1,1,1,1,2,1,1,1
SF,IH2009,2020-04-14 09:30:51.200,2634.8000,10538,0,109105260.000,0,-,-,-,-,2633.4000,2633.2000,2633.0000,2632.4000,2632.2000,2634.8000,2635.0000,2635.4000,2635.6000,2635.8000,1,1,1,1,1,1,2,1,1,1
SF,IH2009,2020-04-14 09:30:52.200,2634.8000,10538,0,109105260.000,0,-,-,-,-,2633.4000,2633.2000,2633.0000,2632.4000,2632.2000,2634.8000,2635.0000,2635.4000,2635.6000,2635.8000,1,1,1,1,1,1,2,1,1,1
SF,IH2009,2020-04-14 09:30:52.700,2634.8000,10538,0,109895700.000,1,0,1,多换,S,2634.8000,2633.4000,2633.2000,2633.0000,2632.4000,2635.0000,2635.4000,2635.6000,2635.8000,2636.6000,5,1,1,1,1,2,1,1,1,1
SF,IH2009,2020-04-14 09:30:53.200,2634.8000,10538,0,113847900.000,5,2,3,多换,S,2633.4000,2633.2000,2633.0000,2632.4000,2632.2000,2635.0000,2635.4000,2635.6000,2635.8000,2636.6000,1,1,1,1,1,2,1,1,1,1
SF,IH2009,2020-04-14 09:30:53.700,2634.8000,10538,0,113847900.000,0,-,-,-,-,2633.4000,2633.2000,2633.0000,2632.4000,2632.2000,2634.8000,2635.0000,2635.4000,2635.6000,2635.8000,1,1,1,1,1,1,2,1,1,1
SF,IH2009,2020-04-14 09:30:54.200,2634.8000,10538,0,113847900.000,0,-,-,-,-,2633.6000,2633.4000,2633.2000,2633.0000,2632.4000,2634.8000,2635.0000,2635.4000,2635.6000,2635.8000,1,1,1,1,1,1,2,1,1,1
SF,IH2009,2020-04-14 09:30:54.700,2633.8000,10537,-1,114638040.000,1,0,1,双平,S,2633.6000,2633.2000,2633.0000,2632.4000,2632.2000,2634.8000,2635.0000,2635.4000,2635.6000,2635.8000,1,1,1,1,1,1,2,1,1,1
SF,IH2009,2020-04-14 09:30:55.200,2635.0000,10537,0,117009480.000,3,1,2,多换,S,2635.0000,2633.8000,2633.6000,2633.2000,2633.0000,2635.4000,2635.6000,2635.8000,2636.6000,2637.0000,3,1,1,1,1,1,1,1,1,1
SF,IH2009,2020-04-14 09:30:55.700,2635.0000,10537,0,119380980.000,3,1,2,多换,S,2633.8000,2633.2000,2633.0000,2632.4000,2632.2000,2634.8000,2635.6000,2635.8000,2636.6000,2637.0000,1,1,1,1,1,3,1,1,1,1
SF,IH2009,2020-04-14 09:30:56.200,2635.0000,10537,0,119380980.000,0,-,-,-,-,2634.0000,2633.8000,2633.2000,2633.0000,2632.4000,2635.6000,2635.8000,2636.6000,2637.0000,2637.2000,2,1,1,1,1,1,1,1,1,1
SF,IH2009,2020-04-14 09:30:56.700,2634.0000,10536,-1,120171180.000,1,0,1,双平,S,2634.2000,2634.0000,2633.2000,2633.0000,2632.4000,2635.6000,2635.8000,2636.6000,2637.0000,2637.2000,2,1,1,1,1,1,1,1,1,1
SF,IH2009,2020-04-14 09:30:57.200,2634.0000,10536,0,120171180.000,0,-,-,-,-,2634.2000,2633.2000,2633.0000,2632.4000,2632.2000,2635.4000,2635.6000,2635.8000,2636.6000,2637.0000,1,1,1,1,1,3,1,1,1,1
SF,IH2009,2020-04-14 09:30:58.200,2635.4000,10536,0,120961800.000,1,0,1,多换,S,2634.2000,2633.2000,2633.0000,2632.4000,2632.2000,2635.4000,2635.6000,2635.8000,2636.6000,2637.0000,1,1,1,1,1,2,1,1,1,1
SF,IH2009,2020-04-14 09:30:58.700,2635.4000,10536,0,120961800.000,0,-,-,-,-,2634.2000,2633.2000,2633.0000,2632.4000,2632.2000,2635.2000,2635.4000,2635.6000,2635.8000,2636.6000,1,1,1,1,1,1,2,1,1,1
SF,IH2009,2020-04-14 09:30:59.200,2635.4000,10536,0,120961800.000,0,-,-,-,-,2634.2000,2633.2000,2633.0000,2632.4000,2632.2000,2635.0000,2635.2000,2635.6000,2635.8000,2636.6000,1,1,1,1,1,1,1,1,1,1
SF,IH2009,2020-04-14 09:30:59.700,2635.4000,10536,0,120961800.000,0,-,-,-,-,2634.2000,2633.2000,2633.0000,2632.4000,2632.2000,2635.2000,2635.6000,2635.8000,2636.6000,2637.0000,1,1,1,1,1,1,1,1,1,1
SF,IH2009,2020-04-14 09:31:00.200,2634.2000,10535,-1,121752060.000,1,0,1,双平,S,2633.2000,2633.0000,2632.4000,2632.2000,2632.0000,2635.2000,2635.6000,2635.8000,2636.6000,2637.0000,1,1,1,1,3,1,1,1,1,1
SF,IH2009,2020-04-14 09:31:00.700,2635.2000,10533,-2,125703720.000,5,1,4,多平,S,2633.4000,2633.2000,2633.0000,2632.4000,2632.2000,2635.6000,2635.8000,2636.6000,2637.0000,2637.2000,2,1,1,1,1,1,1,1,1,1
SF,IH2009,2020-04-14 09:31:01.200,2635.2000,10533,0,125703720.000,0,-,-,-,-,2633.6000,2633.4000,2633.2000,2633.0000,2632.4000,2635.4000,2635.6000,2635.8000,2636.6000,2637.0000,1,1,1,1,1,2,1,1,1,1
SF,IH2009,2020-04-14 09:31:01.700,2635.2000,10533,0,125703720.000,0,-,-,-,-,2633.6000,2633.2000,2633.0000,2632.4000,2632.2000,2635.4000,2635.6000,2635.8000,2636.6000,2637.0000,1,1,1,1,1,4,1,1,1,1
SF,IH2009,2020-04-14 09:31:02.200,2635.2000,10533,0,125703720.000,0,-,-,-,-,2633.8000,2633.6000,2633.2000,2633.0000,2632.4000,2635.4000,2635.6000,2635.8000,2636.6000,2637.0000,1,1,1,1,1,4,1,1,1,1
SF,IH2009,2020-04-14 09:31:02.700,2635.2000,10533,0,125703720.000,0,-,-,-,-,2634.0000,2633.2000,2633.0000,2632.4000,2632.2000,2635.0000,2635.4000,2635.6000,2635.8000,2636.6000,1,1,1,1,1,1,3,1,1,1
SF,IH2009,2020-04-14 09:31:03.200,2634.0000,10531,-2,127284120.000,2,0,2,双平,S,2633.2000,2633.0000,2632.4000,2632.2000,2632.0000,2635.0000,2635.4000,2635.6000,2635.8000,2636.6000,1,1,1,1,3,1,2,1,1,1
SF,IH2009,2020-04-14 09:31:03.700,2634.0000,10531,0,127284120.000,0,-,-,-,-,2633.4000,2633.2000,2633.0000,2632.4000,2632.2000,2634.8000,2635.0000,2635.4000,2635.6000,2635.8000,2,1,1,1,1,3,1,2,1,1
SF,IH2009,2020-04-14 09:31:04.200,2634.0000,10531,0,127284120.000,0,-,-,-,-,2633.4000,2633.2000,2633.0000,2632.4000,2632.2000,2634.8000,2635.0000,2635.4000,2635.6000,2635.8000,1,1,1,1,1,3,1,2,1,1
SF,IH2009,2020-04-14 09:31:05.200,2633.6000,10530,-1,128074200.000,1,0,1,双平,S,2633.6000,2633.4000,2633.2000,2633.0000,2632.4000,2634.8000,2635.0000,2635.4000,2635.6000,2635.8000,1,1,1,1,1,2,1,2,1,1
SF,IH2009,2020-04-14 09:31:05.700,2633.6000,10530,0,128074200.000,0,-,-,-,-,2633.6000,2633.4000,2633.2000,2633.0000,2632.4000,2634.8000,2635.0000,2635.4000,2635.6000,2635.8000,1,1,1,1,1,1,1,2,2,1
SF,IH2009,2020-04-14 09:31:06.200,2633.6000,10530,0,128074200.000,0,-,-,-,-,2633.8000,2633.6000,2633.2000,2633.0000,2632.4000,2634.8000,2635.0000,2635.4000,2635.6000,2635.8000,1,1,1,1,1,1,1,2,2,1
SF,IH2009,2020-04-14 09:31:06.700,2633.6000,10529,-1,128864280.000,1,0,1,双平,S,2633.6000,2633.2000,2633.0000,2632.4000,2632.2000,2635.0000,2635.4000,2635.6000,2635.8000,2636.6000,1,1,1,1,1,1,2,2,1,1
SF,IH2009,2020-04-14 09:31:07.200,2633.6000,10529,0,128864280.000,0,-,-,-,-,2633.8000,2633.6000,2633.2000,2633.0000,2632.4000,2635.0000,2635.4000,2635.6000,2635.8000,2636.6000,2,1,1,1,1,1,2,2,1,1
SF,IH2009,2020-04-14 09:31:07.700,2633.6000,10529,0,128864280.000,0,-,-,-,-,2633.8000,2633.6000,2633.2000,2633.0000,2632.4000,2635.0000,2635.4000,2635.6000,2635.8000,2636.6000,2,1,1,1,1,1,2,2,1,1
SF,IH2009,2020-04-14 09:31:08.200,2633.6000,10529,0,128864280.000,0,-,-,-,-,2633.8000,2633.6000,2633.2000,2633.0000,2632.4000,2634.8000,2635.0000,2635.4000,2635.6000,2635.8000,1,1,1,1,1,1,1,2,2,1
SF,IH2009,2020-04-14 09:31:08.700,2633.6000,10529,0,128864280.000,0,-,-,-,-,2634.0000,2633.8000,2633.6000,2633.2000,2633.0000,2635.0000,2635.4000,2635.6000,2635.8000,2636.6000,1,1,1,1,1,1,2,2,1,1
SF,IH2009,2020-04-14 09:31:09.200,2633.6000,10529,0,128864280.000,0,-,-,-,-,2634.2000,2633.8000,2633.6000,2633.2000,2633.0000,2635.0000,2635.4000,2635.6000,2635.8000,2636.6000,1,1,1,1,1,1,2,2,1,1
SF,IH2009,2020-04-14 09:31:09.700,2633.6000,10529,0,128864280.000,0,-,-,-,-,2634.2000,2633.8000,2633.6000,2633.2000,2633.0000,2634.8000,2635.0000,2635.4000,2635.6000,2635.8000,1,1,1,1,1,1,1,2,2,1
SF,IH2009,2020-04-14 09:31:10.700,2635.0000,10529,0,130445220.000,2,1,1,多换,S,2634.2000,2633.8000,2633.6000,2633.2000,2633.0000,2635.4000,2635.6000,2635.8000,2636.6000,2637.0000,1,1,1,1,1,2,2,1,1,1
SF,IH2009,2020-04-14 09:31:11.200,2634.2000,10528,-1,131235480.000,1,0,1,双平,S,2633.8000,2633.6000,2633.2000,2633.0000,2632.4000,2635.6000,2635.8000,2636.6000,2637.0000,2637.2000,1,1,1,1,1,2,1,1,1,1
SF,IH2009,2020-04-14 09:31:11.700,2634.0000,10527,-1,132025680.000,1,0,1,双平,S,2633.8000,2633.6000,2633.2000,2633.0000,2632.4000,2635.4000,2635.6000,2635.8000,2636.6000,2637.0000,1,1,1,1,1,2,2,1,1,1
SF,IH2009,2020-04-14 09:31:12.200,2634.0000,10526,-1,132815880.000,1,0,1,双平,S,2633.8000,2633.6000,2633.2000,2633.0000,2632.4000,2635.4000,2635.6000,2635.8000,2636.6000,2637.0000,1,1,1,1,1,2,2,1,1,1
SF,IH2009,2020-04-14 09:31:12.700,2634.0000,10526,0,132815880.000,0,-,-,-,-,2634.8000,2633.8000,2633.6000,2633.2000,2633.0000,2635.4000,2635.6000,2635.8000,2636.6000,2637.0000,1,1,1,1,1,2,2,1,1,1
SF,IH2009,2020-04-14 09:31:13.200,2635.4000,10524,-2,134396700.000,2,0,2,双平,S,2633.8000,2633.2000,2633.0000,2632.4000,2632.2000,2635.4000,2635.6000,2635.8000,2636.6000,2637.0000,1,1,1,1,1,1,2,1,1,1
SF,IH2009,2020-04-14 09:31:13.700,2635.4000,10524,0,134396700.000,0,-,-,-,-,2633.8000,2633.2000,2633.0000,2632.4000,2632.2000,2635.6000,2635.8000,2636.6000,2637.0000,2637.2000,1,1,1,1,1,2,1,1,1,1
SF,IH2009,2020-04-14 09:31:14.200,2635.4000,10524,0,134396700.000,0,-,-,-,-,2635.4000,2634.0000,2633.8000,2633.2000,2633.0000,2635.6000,2635.8000,2636.6000,2637.6000,2637.8000,3,8,1,1,1,2,1,1,1,1
SF,IH2009,2020-04-14 09:31:14.700,2635.4000,10521,-3,137559360.000,4,0,4,多平,S,2635.4000,2633.8000,2633.4000,2633.2000,2633.0000,2635.8000,2636.6000,2637.6000,2637.8000,2638.0000,2,1,1,1,1,1,1,1,1,1
SF,IH2009,2020-04-14 09:31:15.200,2635.8000,10521,0,138350100.000,1,0,1,多换,S,2636.0000,2635.8000,2635.4000,2633.8000,2633.6000,2636.6000,2637.6000,2637.8000,2638.0000,2639.2000,2,1,2,1,1,1,1,1,1,3
SF,IH2009,2020-04-14 09:31:15.700,2635.8000,10521,0,138350100.000,0,-,-,-,-,2635.8000,2635.4000,2633.8000,2633.6000,2633.4000,2636.4000,2636.6000,2637.6000,2637.8000,2638.0000,1,2,1,1,1,1,1,1,1,1
SF,IH2009,2020-04-14 09:31:16.200,2635.8000,10518,-3,140722740.000,3,0,3,双平,S,2635.4000,2635.0000,2634.2000,2633.8000,2633.6000,2637.6000,2637.8000,2638.0000,2639.2000,2639.4000,2,1,1,1,1,1,1,1,3,1
SF,IH2009,2020-04-14 09:31:16.700,2635.8000,10518,0,140722740.000,0,-,-,-,-,2635.4000,2635.0000,2634.2000,2633.6000,2633.4000,2637.0000,2637.4000,2637.6000,2637.8000,2638.0000,2,1,1,1,2,1,3,1,1,1
SF,IH2009,2020-04-14 09:31:17.200,2635.8000,10518,0,140722740.000,0,-,-,-,-,2635.6000,2635.4000,2635.0000,2634.2000,2633.6000,2636.8000,2637.0000,2637.4000,2637.6000,2637.8000,1,2,1,1,1,1,1,3,1,1
SF,IH2009,2020-04-14 09:31:17.700,2635.8000,10518,0,140722740.000,0,-,-,-,-,2635.4000,2635.0000,2634.2000,2633.6000,2633.4000,2636.6000,2637.0000,2637.4000,2637.6000,2637.8000,2,1,1,1,2,1,1,3,1,1
SF,IH2009,2020-04-14 09:31:18.200,2635.8000,10518,0,140722740.000,0,-,-,-,-,2635.4000,2635.0000,2634.2000,2633.6000,2633.4000,2635.6000,2636.4000,2637.0000,2637.4000,2637.6000,2,1,1,1,2,1,1,1,2,1
SF,IH2009,2020-04-14 09:31:18.700,2635.4000,10518,0,142303980.000,2,1,1,多换,S,2634.2000,2633.6000,2633.4000,2633.0000,2632.4000,2635.6000,2637.0000,2637.4000,2637.6000,2638.0000,1,1,2,2,1,1,1,2,1,1
SF,IH2009,2020-04-14 09:31:19.200,2635.4000,10518,0,142303980.000,0,-,-,-,-,2634.4000,2634.2000,2633.6000,2633.4000,2633.0000,2635.4000,2635.6000,2636.6000,2637.0000,2637.4000,1,1,1,2,2,3,1,1,1,2
SF,IH2009,2020-04-14 09:31:19.700,2635.4000,10518,0,142303980.000,0,-,-,-,-,2634.4000,2634.2000,2633.6000,2633.4000,2633.0000,2635.4000,2635.6000,2636.6000,2637.0000,2637.4000,1,1,1,2,2,2,1,1,1,2
SF,IH2009,2020-04-14 09:31:20.200,2635.4000,10517,-1,143884980.000,2,0,2,多平,S,2634.4000,2634.2000,2633.6000,2633.4000,2633.0000,2635.4000,2635.6000,2636.6000,2637.0000,2637.4000,1,1,1,2,2,1,1,1,1,2
SF,IH2009,2020-04-14 09:31:20.700,2635.4000,10517,0,143884980.000,0,-,-,-,-,2634.6000,2634.4000,2634.2000,2633.6000,2633.4000,2635.4000,2635.6000,2636.6000,2637.0000,2637.4000,1,1,1,1,2,1,1,1,1,2
SF,IH2009,2020-04-14 09:31:21.200,2635.4000,10517,0,144675600.000,1,0,1,多换,S,2634.6000,2634.4000,2634.2000,2633.6000,2633.4000,2635.6000,2636.6000,2637.0000,2637.4000,2637.6000,1,1,1,1,2,1,1,1,2,1
SF,IH2009,2020-04-14 09:31:21.700,2635.4000,10517,0,144675600.000,0,-,-,-,-,2634.6000,2634.4000,2634.2000,2633.6000,2633.4000,2635.0000,2635.6000,2636.6000,2637.0000,2637.4000,1,2,1,1,2,1,1,1,1,2
SF,IH2009,2020-04-14 09:31:22.200,2635.2000,10516,-1,145466160.000,1,0,1,双平,S,2634.6000,2634.4000,2634.2000,2633.6000,2633.4000,2635.6000,2636.6000,2637.0000,2637.4000,2637.6000,1,2,1,1,2,1,1,1,2,1
SF,IH2009,2020-04-14 09:31:22.700,2635.2000,10516,0,145466160.000,0,-,-,-,-,2634.6000,2634.4000,2634.2000,2633.6000,2633.4000,2635.6000,2636.6000,2637.0000,2637.4000,2637.6000,1,2,1,1,2,1,1,1,3,1
SF,IH2009,2020-04-14 09:31:23.700,2635.2000,10516,0,145466160.000,0,-,-,-,-,2634.6000,2634.4000,2634.2000,2633.6000,2633.4000,2635.4000,2635.6000,2636.6000,2637.0000,2637.4000,1,2,1,1,2,2,1,1,1,3
SF,IH2009,2020-04-14 09:31:24.200,2635.2000,10516,0,145466160.000,0,-,-,-,-,2634.6000,2634.4000,2634.2000,2633.6000,2633.4000,2635.4000,2635.6000,2636.0000,2636.6000,2637.0000,1,2,1,1,2,2,1,1,1,1
SF,IH2009,2020-04-14 09:31:24.700,2634.8000,10516,0,146256600.000,1,0,1,多换,S,2634.6000,2634.4000,2634.2000,2633.6000,2633.4000,2635.4000,2635.6000,2636.0000,2636.6000,2637.0000,1,2,1,1,2,1,1,1,1,1
SF,IH2009,2020-04-14 09:31:25.700,2634.8000,10516,0,146256600.000,0,-,-,-,-,2634.6000,2634.4000,2634.2000,2633.6000,2633.4000,2635.4000,2635.6000,2636.0000,2636.6000,2637.0000,1,2,1,1,2,1,1,1,1,1
SF,IH2009,2020-04-14 09:31:27.700,2634.8000,10516,0,146256600.000,0,-,-,-,-,2634.6000,2634.4000,2634.2000,2633.6000,2633.4000,2635.4000,2635.6000,2636.0000,2636.6000,2637.0000,1,2,1,1,2,2,1,1,1,1
SF,IH2009,2020-04-14 09:31:28.700,2634.8000,10516,0,146256600.000,0,-,-,-,-,2634.6000,2634.4000,2634.2000,2633.6000,2633.4000,2635.4000,2635.6000,2636.0000,2636.6000,2637.0000,1,2,1,1,2,2,1,1,1,1
SF,IH2009,2020-04-14 09:31:30.200,2634.4000,10514,-2,147837300.000,2,0,2,双平,S,2634.4000,2634.2000,2633.6000,2633.4000,2633.0000,2634.6000,2635.4000,2635.6000,2636.0000,2636.6000,1,1,1,2,2,1,2,1,1,1
SF,IH2009,2020-04-14 09:31:30.700,2634.4000,10513,-1,148627620.000,1,0,1,双平,S,2634.2000,2633.6000,2633.4000,2633.0000,2632.4000,2635.4000,2635.6000,2636.0000,2636.6000,2637.0000,1,1,2,2,2,2,1,1,1,1
SF,IH2009,2020-04-14 09:31:31.200,2634.4000,10513,0,148627620.000,0,-,-,-,-,2633.6000,2633.4000,2633.0000,2632.4000,2632.2000,2634.2000,2634.4000,2635.2000,2635.4000,2635.6000,1,2,2,2,1,1,1,2,2,1
SF,IH2009,2020-04-14 09:31:31.700,2634.4000,10513,0,148627620.000,0,-,-,-,-,2633.6000,2633.4000,2633.0000,2632.4000,2632.2000,2634.2000,2634.4000,2635.2000,2635.4000,2635.6000,1,2,2,2,1,1,1,2,2,1
SF,IH2009,2020-04-14 09:31:32.200,2634.4000,10513,0,148627620.000,0,-,-,-,-,2633.6000,2633.4000,2633.0000,2632.4000,2632.2000,2634.4000,2635.2000,2635.4000,2635.6000,2636.0000,1,2,2,2,1,2,2,2,1,1
SF,IH2009,2020-04-14 09:31:32.700,2634.4000,10513,0,148627620.000,0,-,-,-,-,2633.6000,2633.4000,2633.0000,2632.4000,2632.2000,2634.4000,2635.2000,2635.4000,2635.6000,2636.0000,1,2,2,2,1,2,1,2,1,1
SF,IH2009,2020-04-14 09:31:33.200,2634.4000,10513,0,148627620.000,0,-,-,-,-,2633.6000,2633.4000,2633.0000,2632.4000,2632.2000,2634.4000,2635.2000,2635.4000,2635.6000,2636.0000,1,2,2,2,1,1,1,2,1,1
SF,IH2009,2020-04-14 09:31:33.700,2634.4000,10513,0,149417940.000,1,0,1,多换,S,2633.6000,2633.4000,2633.0000,2632.4000,2632.2000,2635.2000,2635.4000,2635.6000,2636.0000,2636.4000,1,2,2,2,1,1,2,1,1,1
SF,IH2009,2020-04-14 09:31:34.200,2634.4000,10513,0,149417940.000,0,-,-,-,-,2633.8000,2633.6000,2633.4000,2633.0000,2632.4000,2635.0000,2635.2000,2635.4000,2635.6000,2636.0000,1,1,2,2,2,1,1,2,1,1
SF,IH2009,2020-04-14 09:31:34.700,2634.4000,10513,0,149417940.000,0,-,-,-,-,2633.8000,2633.6000,2633.4000,2633.0000,2632.4000,2635.2000,2635.4000,2635.6000,2636.0000,2636.4000,1,1,2,2,2,1,2,1,1,1
SF,IH2009,2020-04-14 09:31:35.200,2634.4000,10513,0,149417940.000,0,-,-,-,-,2633.8000,2633.6000,2633.4000,2633.0000,2632.4000,2635.0000,2635.2000,2635.4000,2635.6000,2636.4000,1,1,2,2,2,1,1,2,1,1
SF,IH2009,2020-04-14 09:31:35.700,2634.4000,10513,0,149417940.000,0,-,-,-,-,2633.8000,2633.6000,2633.4000,2633.0000,2632.4000,2635.2000,2635.4000,2635.6000,2636.4000,2637.0000,1,1,2,2,2,1,2,1,1,1
SF,IH2009,2020-04-14 09:31:36.200,2633.8000,10512,-1,150208080.000,1,0,1,双平,S,2633.6000,2633.4000,2633.0000,2632.4000,2632.2000,2635.2000,2635.4000,2635.6000,2636.4000,2637.0000,1,2,2,2,1,1,2,1,1,1
SF,IH2009,2020-04-14 09:31:36.700,2633.8000,10512,0,150208080.000,0,-,-,-,-,2633.6000,2633.4000,2633.0000,2632.4000,2632.2000,2635.0000,2635.2000,2635.4000,2635.6000,2636.4000,1,2,2,2,1,1,1,2,1,1
SF,IH2009,2020-04-14 09:31:37.200,2633.8000,10512,0,150208080.000,0,-,-,-,-,2633.6000,2633.4000,2633.0000,2632.4000,2632.2000,2634.8000,2635.2000,2635.4000,2635.6000,2636.4000,1,2,2,2,1,1,1,2,1,1
SF,IH2009,2020-04-14 09:31:37.700,2633.8000,10512,0,150208080.000,0,-,-,-,-,2633.6000,2633.4000,2633.0000,2632.4000,2632.2000,2635.2000,2635.4000,2635.6000,2636.4000,2637.0000,1,2,2,2,1,1,2,1,1,1
SF,IH2009,2020-04-14 09:31:38.200,2633.8000,10512,0,150208080.000,0,-,-,-,-,2633.6000,2633.4000,2633.0000,2632.4000,2632.2000,2635.0000,2635.2000,2635.4000,2635.6000,2636.4000,1,2,2,2,1,1,1,2,1,1
SF,IH2009,2020-04-14 09:31:38.700,2633.8000,10512,0,150208080.000,0,-,-,-,-,2633.6000,2633.4000,2633.0000,2632.4000,2632.2000,2634.8000,2635.0000,2635.2000,2635.4000,2635.6000,1,2,2,2,1,1,1,1,2,1
SF,IH2009,2020-04-14 09:31:39.200,2633.8000,10512,0,150208080.000,0,-,-,-,-,2633.6000,2633.4000,2633.0000,2632.4000,2632.2000,2634.6000,2635.0000,2635.2000,2635.4000,2635.6000,1,2,2,2,1,1,1,1,2,1
SF,IH2009,2020-04-14 09:31:39.700,2633.8000,10512,0,150208080.000,0,-,-,-,-,2633.6000,2633.4000,2633.0000,2632.4000,2632.2000,2634.4000,2635.0000,2635.2000,2635.4000,2635.6000,3,2,2,2,1,1,1,1,2,1
SF,IH2009,2020-04-14 09:31:40.200,2633.8000,10512,0,150208080.000,0,-,-,-,-,2633.6000,2633.4000,2633.0000,2632.4000,2632.2000,2634.2000,2635.0000,2635.2000,2635.4000,2635.6000,3,2,2,2,1,1,1,1,2,1
SF,IH2009,2020-04-14 09:31:40.700,2633.8000,10512,0,150208080.000,0,-,-,-,-,2633.6000,2633.4000,2633.0000,2632.4000,2632.2000,2635.2000,2635.4000,2635.6000,2636.4000,2636.8000,3,2,2,2,1,1,2,1,1,1
SF,IH2009,2020-04-14 09:31:41.200,2633.8000,10512,0,150208080.000,0,-,-,-,-,2633.6000,2633.4000,2633.0000,2632.4000,2632.2000,2634.6000,2635.0000,2635.2000,2635.4000,2635.6000,3,2,2,2,1,1,3,1,2,1
SF,IH2009,2020-04-14 09:31:41.700,2633.8000,10512,0,150208080.000,0,-,-,-,-,2633.6000,2633.4000,2633.0000,2632.4000,2632.2000,2634.4000,2634.6000,2635.0000,2635.2000,2635.4000,3,2,2,2,1,1,1,2,1,2
SF,IH2009,2020-04-14 09:31:42.200,2633.8000,10512,0,150208080.000,0,-,-,-,-,2633.6000,2633.4000,2633.0000,2632.4000,2632.2000,2634.6000,2635.0000,2635.2000,2635.4000,2635.6000,3,2,2,2,1,1,2,1,2,1
SF,IH2009,2020-04-14 09:31:42.700,2633.8000,10512,0,150208080.000,0,-,-,-,-,2634.2000,2633.6000,2633.4000,2633.0000,2632.4000,2634.4000,2634.6000,2635.0000,2635.2000,2635.4000,1,3,2,2,2,1,1,2,1,2
SF,IH2009,2020-04-14 09:31:43.200,2633.8000,10512,0,150208080.000,0,-,-,-,-,2634.2000,2633.6000,2633.4000,2633.0000,2632.4000,2634.6000,2635.0000,2635.2000,2635.4000,2635.6000,1,3,2,2,2,1,2,1,2,1
SF,IH2009,2020-04-14 09:31:43.700,2633.8000,10512,0,150208080.000,0,-,-,-,-,2634.2000,2633.6000,2633.4000,2633.0000,2632.4000,2634.4000,2634.6000,2635.0000,2635.2000,2635.4000,1,3,2,2,2,1,1,2,1,2
SF,IH2009,2020-04-14 09:31:44.200,2634.6000,10511,-1,150998460.000,1,0,1,双平,S,2634.6000,2634.4000,2634.2000,2633.6000,2633.4000,2635.0000,2635.2000,2635.4000,2635.6000,2636.4000,1,1,1,3,2,2,1,2,1,1
SF,IH2009,2020-04-14 09:31:44.700,2635.0000,10510,-1,152579460.000,2,0,2,多平,S,2634.4000,2634.2000,2633.6000,2633.4000,2633.0000,2635.2000,2635.4000,2635.6000,2636.4000,2636.8000,1,1,3,2,2,1,2,1,1,1
SF,IH2009,2020-04-14 09:31:45.200,2635.0000,10510,0,152579460.000,0,-,-,-,-,2634.4000,2634.2000,2633.6000,2633.4000,2633.0000,2635.2000,2635.4000,2635.6000,2636.4000,2636.8000,1,1,3,2,2,1,2,1,1,1
SF,IH2009,2020-04-14 09:31:46.200,2635.0000,10510,0,152579460.000,0,-,-,-,-,2635.0000,2634.4000,2634.2000,2633.6000,2633.4000,2635.2000,2635.4000,2635.6000,2636.4000,2637.0000,1,1,1,3,2,1,2,1,1,2
SF,IH2009,2020-04-14 09:31:46.700,2635.0000,10510,0,153369960.000,1,0,1,多换,S,2634.4000,2634.2000,2633.6000,2633.4000,2633.0000,2635.0000,2635.2000,2635.4000,2635.6000,2636.4000,1,1,3,2,2,1,1,2,1,1
SF,IH2009,2020-04-14 09:31:47.200,2635.0000,10510,0,153369960.000,0,-,-,-,-,2634.4000,2634.2000,2633.6000,2633.4000,2633.0000,2634.8000,2635.0000,2635.2000,2635.4000,2635.6000,1,1,3,2,2,4,1,1,2,1
SF,IH2009,2020-04-14 09:31:47.700,2635.0000,10510,0,153369960.000,0,-,-,-,-,2634.2000,2633.6000,2633.4000,2633.0000,2632.6000,2635.0000,2635.2000,2635.4000,2635.6000,2636.4000,1,3,2,2,1,1,1,2,1,1
SF,IH2009,2020-04-14 09:31:48.700,2635.0000,10510,0,153369960.000,0,-,-,-,-,2634.2000,2633.6000,2633.4000,2633.0000,2632.6000,2635.0000,2635.2000,2635.4000,2635.6000,2636.4000,1,3,2,2,1,1,1,2,1,1
SF,IH2009,2020-04-14 09:31:49.200,2634.2000,10509,-1,154160220.000,1,0,1,双平,S,2633.6000,2633.4000,2633.0000,2632.6000,2632.4000,2634.0000,2635.0000,2635.2000,2635.4000,2635.6000,3,2,2,1,1,1,1,1,2,1
SF,IH2009,2020-04-14 09:31:49.700,2634.2000,10509,0,154160220.000,0,-,-,-,-,2634.0000,2633.6000,2633.4000,2633.0000,2632.6000,2635.0000,2635.2000,2635.4000,2635.6000,2636.8000,1,3,2,2,1,1,1,2,1,1
SF,IH2009,2020-04-14 09:31:50.200,2634.8000,10509,0,154950660.000,1,0,1,多换,S,2634.0000,2633.6000,2633.4000,2633.0000,2632.6000,2635.0000,2635.2000,2635.4000,2635.6000,2636.4000,1,3,2,2,1,1,1,2,1,1
SF,IH2009,2020-04-14 09:31:50.700,2634.8000,10509,0,154950660.000,0,-,-,-,-,2634.0000,2633.6000,2633.4000,2633.0000,2632.6000,2635.0000,2635.2000,2635.4000,2635.6000,2636.4000,1,3,2,2,1,1,1,2,1,1
SF,IH2009,2020-04-14 09:31:51.200,2634.8000,10509,0,154950660.000,0,-,-,-,-,2634.0000,2633.6000,2633.4000,2633.0000,2632.6000,2634.6000,2635.0000,2635.2000,2635.4000,2635.6000,1,3,2,2,1,1,1,1,2,1
SF,IH2009,2020-04-14 09:31:52.200,2634.6000,10508,-1,155741040.000,1,0,1,双平,S,2634.0000,2633.6000,2633.4000,2633.0000,2632.6000,2635.0000,2635.2000,2635.4000,2635.6000,2636.4000,1,3,2,2,1,1,1,2,1,1
SF,IH2009,2020-04-14 09:31:52.700,2634.6000,10508,0,155741040.000,0,-,-,-,-,2634.0000,2633.6000,2633.4000,2633.0000,2632.6000,2635.2000,2635.4000,2635.6000,2636.4000,2636.8000,1,3,2,2,1,1,2,1,1,1
SF,IH2009,2020-04-14 09:31:53.200,2634.6000,10508,0,155741040.000,0,-,-,-,-,2634.0000,2633.6000,2633.4000,2633.0000,2632.6000,2635.2000,2635.4000,2635.6000,2636.4000,2636.8000,1,3,2,2,1,1,1,1,1,1
SF,IH2009,2020-04-14 09:31:53.700,2634.6000,10508,0,155741040.000,0,-,-,-,-,2634.0000,2633.6000,2633.4000,2633.0000,2632.6000,2635.0000,2635.2000,2635.4000,2635.6000,2636.4000,1,3,2,2,1,1,1,1,1,1
SF,IH2009,2020-04-14 09:31:55.200,2634.6000,10508,0,155741040.000,0,-,-,-,-,2634.2000,2634.0000,2633.6000,2633.4000,2633.0000,2635.0000,2635.2000,2635.4000,2635.6000,2636.4000,1,1,3,2,2,1,1,1,1,1
SF,IH2009,2020-04-14 09:31:55.700,2634.6000,10508,0,155741040.000,0,-,-,-,-,2634.0000,2633.6000,2633.4000,2633.0000,2632.6000,2635.0000,2635.2000,2635.4000,2635.6000,2636.4000,1,3,2,2,1,1,1,1,1,1
SF,IH2009,2020-04-14 09:31:57.200,2634.6000,10508,0,155741040.000,0,-,-,-,-,2634.2000,2634.0000,2633.6000,2633.4000,2633.0000,2635.0000,2635.2000,2635.4000,2635.6000,2636.4000,1,1,3,2,2,1,1,1,1,1
SF,IH2009,2020-04-14 09:31:57.700,2634.0000,10507,-1,156531240.000,1,0,1,双平,S,2633.6000,2633.4000,2633.0000,2632.6000,2632.4000,2635.0000,2635.2000,2635.4000,2635.6000,2636.4000,3,2,2,1,1,1,1,1,1,1
SF,IH2009,2020-04-14 09:31:58.200,2634.0000,10507,0,156531240.000,0,-,-,-,-,2633.8000,2633.6000,2633.4000,2633.0000,2632.6000,2635.0000,2635.2000,2635.4000,2635.6000,2636.4000,3,3,2,2,1,1,1,1,1,1
SF,IH2009,2020-04-14 09:31:58.700,2634.0000,10507,0,156531240.000,0,-,-,-,-,2633.8000,2633.6000,2633.4000,2633.0000,2632.6000,2635.0000,2635.2000,2635.4000,2635.6000,2636.4000,2,3,2,2,1,1,1,1,1,1
SF,IH2009,2020-04-14 09:31:59.700,2634.0000,10507,0,156531240.000,0,-,-,-,-,2633.8000,2633.6000,2633.4000,2633.0000,2632.6000,2634.0000,2635.0000,2635.2000,2635.4000,2635.6000,2,3,2,2,1,1,1,1,1,1
SF,IH2009,2020-04-14 09:32:00.200,2634.0000,10506,-1,157321440.000,1,0,1,双平,S,2634.4000,2634.0000,2633.8000,2633.6000,2633.4000,2635.0000,2635.2000,2635.4000,2635.6000,2636.8000,2,2,1,3,2,1,1,1,1,1
SF,IH2009,2020-04-14 09:32:00.700,2634.0000,10506,0,157321440.000,0,-,-,-,-,2634.4000,2634.0000,2633.6000,2633.4000,2633.0000,2635.0000,2635.2000,2635.4000,2635.6000,2636.4000,2,2,3,2,2,1,1,1,2,1
SF,IH2009,2020-04-14 09:32:01.200,2634.0000,10506,0,157321440.000,0,-,-,-,-,2634.4000,2634.0000,2633.6000,2633.4000,2633.0000,2635.0000,2635.2000,2635.4000,2635.6000,2636.4000,2,2,3,2,2,1,1,1,2,1
SF,IH2009,2020-04-14 09:32:01.700,2635.0000,10505,-1,158111940.000,1,0,1,双平,S,2634.4000,2634.0000,2633.6000,2633.4000,2633.0000,2635.2000,2635.4000,2635.6000,2636.4000,2636.8000,2,2,3,2,2,1,1,2,1,1
SF,IH2009,2020-04-14 09:32:02.200,2635.0000,10505,0,158111940.000,0,-,-,-,-,2634.6000,2634.4000,2634.0000,2633.6000,2633.4000,2635.2000,2635.4000,2635.6000,2636.4000,2636.8000,1,2,2,3,2,1,1,2,1,1
SF,IH2009,2020-04-14 09:32:02.700,2635.2000,10504,-1,158902500.000,1,0,1,双平,S,2634.4000,2634.0000,2633.6000,2633.4000,2633.0000,2635.4000,2635.6000,2636.4000,2636.8000,2637.0000,2,2,3,2,2,1,2,1,1,3
SF,IH2009,2020-04-14 09:32:03.200,2635.2000,10504,0,158902500.000,0,-,-,-,-,2634.6000,2634.4000,2634.0000,2633.6000,2633.4000,2635.4000,2635.6000,2636.4000,2636.8000,2637.0000,1,2,2,3,2,1,2,1,1,3
SF,IH2009,2020-04-14 09:32:03.700,2635.2000,10504,0,158902500.000,0,-,-,-,-,2634.8000,2634.4000,2634.0000,2633.6000,2633.4000,2635.4000,2635.6000,2636.4000,2636.8000,2637.0000,1,2,2,3,2,1,2,1,1,3
SF,IH2009,2020-04-14 09:32:04.200,2635.2000,10504,0,158902500.000,0,-,-,-,-,2634.4000,2634.0000,2633.6000,2633.4000,2633.0000,2635.4000,2635.6000,2636.4000,2636.8000,2637.0000,2,2,3,2,2,1,2,1,1,3
SF,IH2009,2020-04-14 09:32:04.700,2635.2000,10504,0,158902500.000,0,-,-,-,-,2634.6000,2634.4000,2634.0000,2633.6000,2633.4000,2635.4000,2635.6000,2636.4000,2636.8000,2637.0000,1,2,2,3,2,1,2,1,1,3
SF,IH2009,2020-04-14 09:32:05.200,2635.2000,10504,0,158902500.000,0,-,-,-,-,2634.4000,2634.0000,2633.6000,2633.4000,2633.0000,2635.4000,2635.6000,2636.4000,2636.8000,2637.0000,2,2,3,2,2,1,2,1,1,3
SF,IH2009,2020-04-14 09:32:05.700,2635.2000,10504,0,158902500.000,0,-,-,-,-,2634.6000,2634.4000,2634.0000,2633.6000,2633.4000,2635.4000,2635.6000,2636.4000,2636.8000,2637.0000,1,2,2,3,2,1,2,1,1,3
SF,IH2009,2020-04-14 09:32:06.200,2635.4000,10503,-1,159693120.000,1,0,1,双平,S,2634.8000,2634.4000,2634.0000,2633.6000,2633.4000,2635.6000,2636.4000,2636.8000,2637.0000,2637.6000,1,2,2,3,2,2,1,1,3,1
SF,IH2009,2020-04-14 09:32:06.700,2635.4000,10503,0,159693120.000,0,-,-,-,-,2635.0000,2634.4000,2634.0000,2633.6000,2633.4000,2635.6000,2636.4000,2636.8000,2637.0000,2637.6000,1,2,2,3,2,2,1,1,3,1
SF,IH2009,2020-04-14 09:32:07.200,2635.4000,10503,0,159693120.000,0,-,-,-,-,2635.4000,2634.4000,2634.0000,2633.6000,2633.4000,2635.6000,2636.4000,2636.8000,2637.0000,2637.6000,1,2,2,3,2,2,1,1,3,1
SF,IH2009,2020-04-14 09:32:07.700,2635.6000,10501,-2,161274480.000,2,0,2,双平,S,2635.4000,2634.4000,2633.6000,2633.4000,2633.0000,2636.4000,2636.8000,2637.0000,2637.6000,2637.8000,1,2,3,2,2,1,1,3,1,1
SF,IH2009,2020-04-14 09:32:08.200,2635.4000,10501,0,162065100.000,1,0,1,多换,S,2634.4000,2633.6000,2633.4000,2633.0000,2632.4000,2635.4000,2636.2000,2636.4000,2636.8000,2637.0000,2,3,2,2,1,1,1,1,1,3
SF,IH2009,2020-04-14 09:32:08.700,2635.4000,10500,-1,162855720.000,1,0,1,双平,S,2634.6000,2634.4000,2633.6000,2633.4000,2633.0000,2636.2000,2636.4000,2636.8000,2637.0000,2637.6000,1,2,3,2,2,1,1,1,3,1
SF,IH2009,2020-04-14 09:32:09.200,2635.4000,10500,0,162855720.000,0,-,-,-,-,2634.8000,2634.4000,2633.6000,2633.4000,2633.0000,2636.4000,2636.8000,2637.0000,2637.6000,2638.0000,1,2,3,2,2,1,1,3,1,2
SF,IH2009,2020-04-14 09:32:09.700,2635.4000,10500,0,162855720.000,0,-,-,-,-,2635.0000,2634.4000,2633.6000,2633.4000,2633.0000,2635.4000,2636.4000,2636.8000,2637.0000,2637.6000,1,2,3,2,2,1,1,1,3,1
SF,IH2009,2020-04-14 09:32:10.200,2635.4000,10499,-1,163646340.000,1,0,1,双平,S,2635.4000,2635.2000,2635.0000,2634.4000,2633.6000,2636.4000,2636.8000,2637.0000,2637.6000,2639.2000,2,2,1,2,3,1,1,2,1,3
SF,IH2009,2020-04-14 09:32:10.700,2636.4000,10498,-1,164437260.000,1,0,1,双平,S,2635.4000,2635.2000,2635.0000,2634.4000,2633.6000,2636.8000,2637.0000,2637.6000,2638.4000,2639.2000,2,1,1,2,3,1,2,1,1,3
SF,IH2009,2020-04-14 09:32:11.200,2636.4000,10498,0,164437260.000,0,-,-,-,-,2635.6000,2635.4000,2635.2000,2635.0000,2634.4000,2636.6000,2636.8000,2637.0000,2637.6000,2638.4000,1,2,1,1,2,2,1,2,1,1
SF,IH2009,2020-04-14 09:32:11.700,2636.4000,10498,0,164437260.000,0,-,-,-,-,2635.8000,2635.6000,2635.4000,2635.2000,2635.0000,2636.6000,2636.8000,2637.0000,2637.6000,2638.4000,1,1,2,1,1,2,1,2,1,1
SF,IH2009,2020-04-14 09:32:12.200,2636.4000,10498,0,164437260.000,0,-,-,-,-,2635.6000,2635.4000,2635.2000,2635.0000,2634.4000,2636.6000,2636.8000,2637.0000,2637.6000,2638.4000,1,2,1,1,2,2,1,2,1,1
SF,IH2009,2020-04-14 09:32:13.200,2636.4000,10498,0,164437260.000,0,-,-,-,-,2635.6000,2635.4000,2635.2000,2635.0000,2634.4000,2636.4000,2636.6000,2636.8000,2637.0000,2637.6000,1,2,1,1,2,1,2,1,2,1
SF,IH2009,2020-04-14 09:32:13.700,2636.4000,10498,0,164437260.000,0,-,-,-,-,2635.4000,2634.4000,2633.6000,2633.4000,2633.0000,2636.4000,2636.6000,2636.8000,2637.0000,2637.6000,2,2,3,1,2,1,2,1,2,1
SF,IH2009,2020-04-14 09:32:14.200,2635.6000,10497,-1,165227940.000,1,0,1,双平,S,2635.4000,2634.4000,2633.6000,2633.4000,2633.0000,2636.4000,2636.6000,2636.8000,2637.0000,2637.6000,2,2,3,2,2,1,2,1,2,1
SF,IH2009,2020-04-14 09:32:15.700,2635.4000,10496,-1,166018560.000,1,0,1,双平,S,2635.4000,2634.4000,2633.6000,2633.4000,2633.0000,2636.4000,2636.6000,2636.8000,2637.0000,2637.6000,1,2,3,2,2,1,2,1,2,1
SF,IH2009,2020-04-14 09:32:16.200,2635.4000,10495,-1,166809180.000,1,0,1,双平,S,2634.4000,2633.6000,2633.4000,2633.0000,2632.4000,2635.4000,2636.2000,2636.6000,2636.8000,2637.0000,2,3,2,2,1,1,3,2,1,2
SF,IH2009,2020-04-14 09:32:16.700,2635.4000,10495,0,166809180.000,0,-,-,-,-,2634.6000,2634.4000,2633.6000,2633.4000,2633.0000,2635.4000,2636.2000,2636.6000,2636.8000,2637.0000,1,2,3,2,2,1,2,2,1,2
SF,IH2009,2020-04-14 09:32:17.200,2635.4000,10495,0,166809180.000,0,-,-,-,-,2634.4000,2633.6000,2633.4000,2633.0000,2632.4000,2636.2000,2636.6000,2636.8000,2637.0000,2637.6000,2,3,2,2,1,1,2,1,2,1
SF,IH2009,2020-04-14 09:32:17.700,2635.4000,10495,0,166809180.000,0,-,-,-,-,2634.6000,2634.4000,2633.6000,2633.4000,2633.0000,2636.0000,2636.6000,2636.8000,2637.0000,2637.6000,2,2,3,2,2,3,2,1,2,1
SF,IH2009,2020-04-14 09:32:18.200,2635.4000,10495,0,166809180.000,0,-,-,-,-,2634.6000,2634.4000,2633.6000,2633.4000,2633.0000,2635.8000,2636.0000,2636.6000,2636.8000,2637.0000,2,2,3,2,2,1,3,2,1,2
SF,IH2009,2020-04-14 09:32:18.700,2635.4000,10495,0,166809180.000,0,-,-,-,-,2634.6000,2634.4000,2633.6000,2633.4000,2633.0000,2635.6000,2635.8000,2636.0000,2636.6000,2636.8000,1,2,3,2,2,1,1,1,2,1
SF,IH2009,2020-04-14 09:32:19.200,2635.4000,10495,0,166809180.000,0,-,-,-,-,2634.6000,2634.4000,2633.6000,2633.4000,2633.0000,2635.6000,2635.8000,2636.0000,2636.6000,2636.8000,1,2,3,2,2,1,1,1,2,1
SF,IH2009,2020-04-14 09:32:19.700,2635.4000,10495,0,166809180.000,0,-,-,-,-,2634.8000,2634.6000,2634.4000,2633.6000,2633.4000,2635.8000,2636.0000,2636.6000,2636.8000,2637.0000,1,1,2,3,2,1,1,2,1,2
SF,IH2009,2020-04-14 09:32:20.200,2635.4000,10495,0,166809180.000,0,-,-,-,-,2634.6000,2634.4000,2633.6000,2633.4000,2633.0000,2635.6000,2635.8000,2636.6000,2636.8000,2637.0000,1,2,3,2,2,3,1,2,1,2
SF,IH2009,2020-04-14 09:32:20.700,2635.4000,10495,0,166809180.000,0,-,-,-,-,2634.6000,2634.4000,2633.6000,2633.4000,2633.0000,2635.8000,2636.6000,2636.8000,2637.0000,2637.6000,1,2,3,2,2,1,2,1,2,1
SF,IH2009,2020-04-14 09:32:21.200,2635.4000,10495,0,166809180.000,0,-,-,-,-,2634.8000,2634.6000,2634.4000,2633.6000,2633.4000,2635.8000,2636.6000,2636.8000,2637.0000,2637.6000,1,1,2,3,2,1,2,1,2,1
SF,IH2009,2020-04-14 09:32:22.200,2635.4000,10495,0,166809180.000,0,-,-,-,-,2635.0000,2634.8000,2634.6000,2634.4000,2633.6000,2635.8000,2636.6000,2636.8000,2637.0000,2637.6000,1,1,1,2,3,1,2,1,2,1
SF,IH2009,2020-04-14 09:32:22.700,2635.8000,10494,-1,167599920.000,1,0,1,双平,S,2635.8000,2635.2000,2635.0000,2634.4000,2633.6000,2636.6000,2636.8000,2637.0000,2637.6000,2639.2000,1,2,1,2,3,2,1,2,1,3
SF,IH2009,2020-04-14 09:32:23.200,2635.8000,10493,-1,168390660.000,1,0,1,双平,S,2635.2000,2635.0000,2634.4000,2633.6000,2633.4000,2635.8000,2636.4000,2636.6000,2636.8000,2637.0000,2,1,2,3,1,1,2,2,1,2
SF,IH2009,2020-04-14 09:32:23.700,2635.8000,10493,0,168390660.000,0,-,-,-,-,2635.2000,2635.0000,2634.4000,2633.6000,2633.4000,2636.8000,2637.0000,2637.6000,2639.2000,2639.4000,1,1,2,3,2,1,2,1,3,1
SF,IH2009,2020-04-14 09:32:24.200,2635.8000,10493,0,168390660.000,0,-,-,-,-,2635.4000,2635.2000,2634.4000,2633.6000,2633.4000,2636.6000,2636.8000,2637.0000,2637.6000,2637.8000,4,1,2,3,2,1,3,2,1,1
SF,IH2009,2020-04-14 09:32:24.700,2635.8000,10493,0,168390660.000,0,-,-,-,-,2635.4000,2635.2000,2634.4000,2633.6000,2633.4000,2636.4000,2636.6000,2636.8000,2637.0000,2637.6000,1,1,2,3,2,2,3,3,2,1
SF,IH2009,2020-04-14 09:32:25.200,2635.8000,10493,0,168390660.000,0,-,-,-,-,2635.2000,2634.4000,2633.6000,2633.4000,2633.0000,2636.4000,2636.6000,2636.8000,2637.0000,2637.6000,1,2,3,2,2,1,3,3,2,1
SF,IH2009,2020-04-14 09:32:25.700,2635.8000,10493,0,168390660.000,0,-,-,-,-,2635.2000,2634.4000,2633.6000,2633.4000,2633.0000,2636.4000,2636.6000,2636.8000,2637.0000,2637.6000,1,2,3,1,2,1,2,3,2,1
SF,IH2009,2020-04-14 09:32:26.200,2635.8000,10493,0,168390660.000,0,-,-,-,-,2635.2000,2634.4000,2633.6000,2633.4000,2633.0000,2636.2000,2636.4000,2636.6000,2636.8000,2637.0000,1,2,3,1,2,1,1,1,3,2
SF,IH2009,2020-04-14 09:32:26.700,2635.8000,10493,0,168390660.000,0,-,-,-,-,2635.2000,2634.4000,2633.6000,2633.4000,2633.0000,2636.6000,2636.8000,2637.0000,2637.6000,2637.8000,1,2,3,1,2,1,3,2,1,1
SF,IH2009,2020-04-14 09:32:27.200,2635.8000,10493,0,168390660.000,0,-,-,-,-,2635.4000,2635.2000,2634.4000,2633.6000,2633.4000,2636.6000,2636.8000,2637.0000,2637.6000,2637.8000,2,1,2,3,1,1,1,2,1,1
SF,IH2009,2020-04-14 09:32:27.700,2635.8000,10493,0,168390660.000,0,-,-,-,-,2635.4000,2635.2000,2634.4000,2633.6000,2633.4000,2636.6000,2636.8000,2637.0000,2637.6000,2637.8000,1,1,2,3,1,1,1,2,1,1
SF,IH2009,2020-04-14 09:32:28.200,2635.8000,10493,0,168390660.000,0,-,-,-,-,2635.6000,2635.4000,2634.4000,2633.6000,2633.4000,2636.6000,2636.8000,2637.0000,2637.6000,2637.8000,1,1,2,3,1,1,1,2,1,1
SF,IH2009,2020-04-14 09:32:29.700,2635.8000,10493,0,168390660.000,0,-,-,-,-,2635.6000,2635.4000,2634.4000,2633.6000,2633.4000,2636.8000,2637.0000,2637.6000,2637.8000,2639.4000,1,1,2,3,1,1,2,1,1,1
SF,IH2009,2020-04-14 09:32:30.200,2635.8000,10493,0,168390660.000,0,-,-,-,-,2635.6000,2635.4000,2634.4000,2633.6000,2633.4000,2636.2000,2636.8000,2637.0000,2637.6000,2637.8000,1,1,2,3,1,1,1,2,1,1
SF,IH2009,2020-04-14 09:32:30.700,2636.2000,10493,0,169181520.000,1,0,1,多换,S,2635.6000,2635.4000,2634.4000,2633.6000,2633.4000,2636.8000,2637.0000,2637.6000,2637.8000,2639.4000,1,1,2,3,1,1,2,1,1,1
SF,IH2009,2020-04-14 09:32:31.200,2636.2000,10493,0,169181520.000,0,-,-,-,-,2635.6000,2635.4000,2634.4000,2633.6000,2633.4000,2636.8000,2637.0000,2637.6000,2637.8000,2638.8000,1,1,2,3,1,1,2,1,1,1
SF,IH2009,2020-04-14 09:32:31.700,2636.2000,10493,0,169181520.000,0,-,-,-,-,2635.6000,2635.4000,2634.4000,2633.6000,2633.4000,2636.6000,2636.8000,2637.0000,2637.6000,2637.8000,1,1,2,3,1,1,1,2,1,1
SF,IH2009,2020-04-14 09:32:32.200,2636.2000,10493,0,169181520.000,0,-,-,-,-,2635.6000,2635.4000,2634.4000,2633.6000,2633.4000,2636.6000,2636.8000,2637.0000,2637.6000,2637.8000,1,1,2,3,1,2,1,2,1,1
SF,IH2009,2020-04-14 09:32:32.700,2635.6000,10492,-1,169972200.000,1,0,1,双平,S,2635.4000,2634.4000,2633.6000,2633.4000,2633.0000,2636.6000,2636.8000,2637.0000,2637.6000,2637.8000,1,2,3,1,2,1,1,2,1,1
SF,IH2009,2020-04-14 09:32:33.200,2635.6000,10492,0,169972200.000,0,-,-,-,-,2635.4000,2634.4000,2633.6000,2633.4000,2633.0000,2636.4000,2636.6000,2636.8000,2637.0000,2637.6000,1,2,3,1,2,2,1,1,2,1
SF,IH2009,2020-04-14 09:32:33.700,2635.6000,10492,0,169972200.000,0,-,-,-,-,2634.4000,2633.6000,2633.4000,2633.0000,2632.0000,2636.2000,2636.4000,2636.8000,2637.0000,2637.6000,2,3,1,2,3,1,4,1,2,1
SF,IH2009,2020-04-14 09:32:34.200,2635.6000,10492,0,169972200.000,0,-,-,-,-,2634.8000,2634.6000,2634.4000,2633.6000,2633.4000,2636.0000,2636.2000,2636.4000,2636.8000,2637.0000,1,3,2,3,1,3,1,2,1,2
SF,IH2009,2020-04-14 09:32:34.700,2635.6000,10492,0,169972200.000,0,-,-,-,-,2635.0000,2634.8000,2634.4000,2633.6000,2633.4000,2636.0000,2636.2000,2636.4000,2636.8000,2637.0000,2,1,2,3,1,2,1,1,1,2
SF,IH2009,2020-04-14 09:32:35.200,2635.6000,10492,0,169972200.000,0,-,-,-,-,2635.0000,2634.8000,2634.4000,2633.6000,2633.4000,2636.0000,2636.2000,2636.4000,2636.8000,2637.0000,1,1,2,3,1,2,1,1,1,2
SF,IH2009,2020-04-14 09:32:37.200,2636.0000,10492,0,170763000.000,1,0,1,多换,S,2635.0000,2634.8000,2634.4000,2633.6000,2633.4000,2636.0000,2636.2000,2636.4000,2636.8000,2637.0000,1,1,2,3,1,1,1,1,1,2
SF,IH2009,2020-04-14 09:32:37.700,2636.0000,10492,0,170763000.000,0,-,-,-,-,2635.0000,2634.8000,2634.4000,2633.6000,2633.4000,2636.2000,2636.4000,2636.8000,2637.0000,2637.6000,1,1,2,3,1,1,1,1,2,1
SF,IH2009,2020-04-14 09:32:38.200,2636.0000,10492,0,170763000.000,0,-,-,-,-,2635.2000,2635.0000,2634.8000,2634.6000,2634.4000,2636.2000,2636.4000,2636.8000,2637.0000,2637.6000,1,1,1,1,2,1,1,1,2,1
SF,IH2009,2020-04-14 09:32:40.700,2636.2000,10491,-1,171553860.000,1,0,1,双平,S,2636.2000,2635.2000,2635.0000,2634.8000,2634.6000,2636.4000,2636.8000,2637.0000,2637.6000,2637.8000,1,1,1,1,1,1,1,2,1,1
SF,IH2009,2020-04-14 09:32:41.200,2636.2000,10490,-1,172344720.000,1,0,1,双平,S,2635.2000,2635.0000,2634.8000,2634.6000,2634.4000,2636.8000,2637.0000,2637.6000,2637.8000,2639.4000,1,1,1,1,2,1,2,1,1,1
SF,IH2009,2020-04-14 09:32:41.700,2636.2000,10490,0,172344720.000,0,-,-,-,-,2635.4000,2635.2000,2634.8000,2634.6000,2634.4000,2636.0000,2636.6000,2636.8000,2637.0000,2637.6000,2,1,1,1,2,1,2,1,2,1
SF,IH2009,2020-04-14 09:32:42.200,2636.2000,10490,0,172344720.000,0,-,-,-,-,2635.4000,2635.2000,2634.8000,2634.6000,2634.4000,2636.0000,2636.6000,2636.8000,2637.0000,2637.6000,1,1,1,1,2,1,1,1,2,1
SF,IH2009,2020-04-14 09:32:43.700,2636.2000,10490,0,172344720.000,0,-,-,-,-,2635.4000,2635.2000,2634.8000,2634.6000,2634.4000,2636.0000,2636.6000,2636.8000,2637.0000,2637.6000,1,1,1,1,2,1,1,1,2,1
SF,IH2009,2020-04-14 09:32:44.200,2636.2000,10490,0,172344720.000,0,-,-,-,-,2635.2000,2634.8000,2634.6000,2634.4000,2633.6000,2636.0000,2636.6000,2636.8000,2637.0000,2637.6000,1,1,1,2,3,1,1,1,2,1
SF,IH2009,2020-04-14 09:32:44.700,2636.2000,10490,0,172344720.000,0,-,-,-,-,2634.8000,2634.6000,2634.4000,2633.6000,2633.0000,2636.0000,2636.2000,2636.6000,2636.8000,2637.0000,1,1,2,3,2,2,1,1,1,2
SF,IH2009,2020-04-14 09:32:45.200,2636.2000,10490,0,172344720.000,0,-,-,-,-,2635.0000,2634.6000,2634.4000,2633.6000,2633.0000,2636.0000,2636.2000,2636.6000,2636.8000,2637.0000,2,1,2,3,2,2,1,1,1,2
SF,IH2009,2020-04-14 09:32:45.700,2636.2000,10490,0,172344720.000,0,-,-,-,-,2635.2000,2635.0000,2634.6000,2634.4000,2633.6000,2636.0000,2636.2000,2636.6000,2636.8000,2637.0000,1,1,1,2,3,2,1,1,1,2
SF,IH2009,2020-04-14 09:32:46.200,2636.2000,10490,0,172344720.000,0,-,-,-,-,2635.2000,2635.0000,2634.6000,2634.4000,2633.6000,2636.0000,2636.2000,2636.6000,2636.8000,2637.0000,1,1,1,2,3,2,1,1,1,2
SF,IH2009,2020-04-14 09:32:49.200,2636.2000,10490,0,172344720.000,0,-,-,-,-,2635.2000,2635.0000,2634.6000,2634.4000,2633.6000,2636.0000,2636.2000,2636.6000,2636.8000,2637.0000,1,1,1,2,3,2,1,1,1,2
SF,IH2009,2020-04-14 09:32:51.200,2635.2000,10490,0,173135280.000,1,0,1,多换,S,2635.0000,2634.6000,2634.4000,2633.6000,2633.0000,2636.0000,2636.2000,2636.6000,2636.8000,2637.0000,1,1,2,3,2,2,1,1,1,2
SF,IH2009,2020-04-14 09:32:51.700,2635.2000,10490,0,173135280.000,0,-,-,-,-,2634.6000,2634.4000,2633.6000,2633.0000,2632.6000,2635.8000,2636.0000,2636.2000,2636.6000,2636.8000,1,2,3,2,1,2,2,1,1,1
SF,IH2009,2020-04-14 09:32:52.200,2635.2000,10490,0,173135280.000,0,-,-,-,-,2634.8000,2634.6000,2634.4000,2633.6000,2633.0000,2635.8000,2636.0000,2636.2000,2636.6000,2636.8000,1,1,2,3,2,2,2,1,1,1
SF,IH2009,2020-04-14 09:32:53.200,2635.2000,10490,0,173135280.000,0,-,-,-,-,2635.0000,2634.8000,2634.6000,2634.4000,2633.6000,2635.8000,2636.0000,2636.2000,2636.6000,2636.8000,1,1,1,2,3,1,2,1,1,1
SF,IH2009,2020-04-14 09:32:53.700,2635.2000,10490,0,173135280.000,0,-,-,-,-,2634.8000,2634.6000,2634.4000,2633.6000,2633.0000,2635.8000,2636.0000,2636.2000,2636.6000,2636.8000,1,1,2,3,2,1,2,1,1,1
SF,IH2009,2020-04-14 09:32:55.200,2635.2000,10490,0,173135280.000,0,-,-,-,-,2634.8000,2634.6000,2634.4000,2633.6000,2633.0000,2635.8000,2636.0000,2636.6000,2636.8000,2637.0000,1,1,2,3,2,1,2,1,1,2
SF,IH2009,2020-04-14 09:32:56.700,2635.2000,10490,0,173135280.000,0,-,-,-,-,2634.8000,2634.6000,2634.4000,2633.6000,2633.0000,2635.8000,2636.0000,2636.6000,2636.8000,2637.0000,1,1,2,3,2,1,2,1,1,2
SF,IH2009,2020-04-14 09:32:57.200,2635.2000,10490,0,173135280.000,0,-,-,-,-,2634.8000,2634.6000,2634.4000,2633.6000,2633.0000,2635.8000,2636.0000,2636.6000,2636.8000,2637.0000,1,1,2,3,2,1,3,1,1,2
SF,IH2009,2020-04-14 09:32:57.700,2634.8000,10489,-1,173925720.000,1,0,1,双平,S,2634.6000,2634.4000,2633.6000,2633.0000,2632.6000,2635.8000,2636.0000,2636.6000,2636.8000,2637.0000,1,2,3,2,1,1,3,2,1,2
SF,IH2009,2020-04-14 09:32:59.200,2634.6000,10488,-1,174716100.000,1,0,1,双平,S,2634.4000,2633.6000,2633.0000,2632.6000,2632.0000,2635.8000,2636.0000,2636.6000,2636.8000,2637.0000,2,3,2,1,3,1,3,2,1,2
SF,IH2009,2020-04-14 09:32:59.700,2634.6000,10488,0,174716100.000,0,-,-,-,-,2634.6000,2634.4000,2633.6000,2633.0000,2632.6000,2635.8000,2636.0000,2636.6000,2636.8000,2637.0000,1,2,3,2,1,1,3,2,1,2
SF,IH2009,2020-04-14 09:33:00.200,2634.6000,10488,0,174716100.000,0,-,-,-,-,2634.6000,2634.4000,2633.6000,2633.0000,2632.6000,2635.8000,2636.0000,2636.6000,2636.8000,2637.0000,1,2,3,2,1,2,3,2,1,2
SF,IH2009,2020-04-14 09:33:01.700,2634.6000,10488,0,174716100.000,0,-,-,-,-,2634.6000,2634.4000,2633.6000,2633.0000,2632.6000,2635.6000,2635.8000,2636.0000,2636.6000,2636.8000,1,2,3,2,1,1,2,2,2,1
SF,IH2009,2020-04-14 09:33:02.200,2634.6000,10487,-1,175506480.000,1,0,1,双平,S,2634.4000,2633.6000,2633.0000,2632.6000,2632.0000,2635.6000,2635.8000,2636.0000,2636.6000,2636.8000,2,3,2,1,3,1,2,2,2,1
SF,IH2009,2020-04-14 09:33:02.700,2634.6000,10487,0,175506480.000,0,-,-,-,-,2634.6000,2634.4000,2633.6000,2633.0000,2632.6000,2635.6000,2635.8000,2636.0000,2636.6000,2636.8000,4,2,3,2,1,1,2,2,2,1
SF,IH2009,2020-04-14 09:33:03.200,2635.6000,10486,-1,176297160.000,1,0,1,双平,S,2634.8000,2634.6000,2634.4000,2633.6000,2633.0000,2635.8000,2636.0000,2636.6000,2636.8000,2637.0000,1,4,2,3,2,2,2,2,1,2
SF,IH2009,2020-04-14 09:33:03.700,2635.6000,10486,0,176297160.000,0,-,-,-,-,2634.8000,2634.6000,2634.4000,2633.6000,2633.0000,2635.8000,2636.0000,2636.6000,2636.8000,2637.0000,1,3,2,3,2,2,2,2,1,2
SF,IH2009,2020-04-14 09:33:04.200,2635.6000,10486,0,176297160.000,0,-,-,-,-,2635.0000,2634.8000,2634.6000,2634.4000,2633.6000,2635.8000,2636.0000,2636.6000,2636.8000,2637.0000,2,1,2,2,3,2,2,2,1,2
SF,IH2009,2020-04-14 09:33:04.700,2635.6000,10486,0,176297160.000,0,-,-,-,-,2635.2000,2635.0000,2634.6000,2634.4000,2633.6000,2635.8000,2636.0000,2636.6000,2636.8000,2637.0000,1,2,1,2,3,2,2,2,1,2
SF,IH2009,2020-04-14 09:33:05.200,2635.0000,10486,0,177878220.000,2,1,1,多换,S,2635.0000,2634.6000,2634.4000,2633.6000,2633.0000,2635.8000,2636.0000,2636.6000,2636.8000,2637.0000,1,1,2,3,2,2,2,2,1,2
SF,IH2009,2020-04-14 09:33:07.200,2635.0000,10486,0,177878220.000,0,-,-,-,-,2635.0000,2634.6000,2634.4000,2633.6000,2633.0000,2635.8000,2636.0000,2636.6000,2636.8000,2637.0000,1,1,2,3,2,2,2,2,1,2
SF,IH2009,2020-04-14 09:33:07.700,2635.0000,10486,0,177878220.000,0,-,-,-,-,2634.6000,2634.4000,2633.6000,2633.0000,2632.6000,2635.8000,2636.0000,2636.6000,2636.8000,2637.0000,1,2,3,2,1,2,2,2,1,2
SF,IH2009,2020-04-14 09:33:08.200,2635.0000,10486,0,177878220.000,0,-,-,-,-,2634.8000,2634.6000,2634.4000,2633.6000,2633.0000,2635.8000,2636.0000,2636.6000,2636.8000,2637.0000,2,1,2,3,2,2,2,2,1,2
SF,IH2009,2020-04-14 09:33:08.700,2634.8000,10484,-2,179459100.000,2,0,2,双平,S,2634.6000,2634.4000,2633.6000,2633.0000,2632.6000,2635.8000,2636.0000,2636.6000,2636.8000,2637.0000,1,2,3,2,1,2,2,2,1,2
SF,IH2009,2020-04-14 09:33:09.200,2634.6000,10484,0,180249480.000,1,0,1,多换,S,2634.4000,2633.6000,2633.0000,2632.6000,2632.0000,2635.6000,2635.8000,2636.0000,2636.6000,2636.8000,2,3,2,1,3,1,2,2,1,2
SF,IH2009,2020-04-14 09:33:09.700,2634.4000,10482,-2,181830120.000,2,0,2,双平,S,2633.6000,2633.0000,2632.6000,2632.0000,2631.8000,2635.6000,2635.8000,2636.0000,2636.6000,2636.8000,3,2,1,3,1,1,2,2,1,2
SF,IH2009,2020-04-14 09:33:10.200,2634.4000,10482,0,181830120.000,0,-,-,-,-,2633.8000,2633.6000,2633.0000,2632.6000,2632.0000,2635.4000,2635.6000,2635.8000,2636.0000,2636.6000,1,3,2,1,3,3,1,3,2,1
SF,IH2009,2020-04-14 09:33:10.700,2634.4000,10482,0,181830120.000,0,-,-,-,-,2633.8000,2633.6000,2633.0000,2632.6000,2632.0000,2635.2000,2635.4000,2635.8000,2636.0000,2636.6000,1,3,2,1,3,1,6,3,2,1
SF,IH2009,2020-04-14 09:33:11.700,2634.4000,10482,0,181830120.000,0,-,-,-,-,2633.8000,2633.6000,2633.0000,2632.6000,2632.0000,2635.2000,2635.4000,2635.8000,2636.0000,2636.6000,1,3,2,1,3,1,6,2,2,1
SF,IH2009,2020-04-14 09:33:12.200,2633.8000,10481,-1,182620260.000,1,0,1,双平,S,2633.6000,2633.0000,2632.6000,2632.0000,2631.8000,2635.2000,2635.4000,2635.8000,2636.0000,2636.6000,3,2,1,3,1,1,6,2,2,1
SF,IH2009,2020-04-14 09:33:13.200,2633.8000,10481,0,182620260.000,0,-,-,-,-,2633.6000,2633.0000,2632.6000,2632.0000,2631.8000,2635.2000,2635.4000,2635.8000,2636.0000,2636.6000,3,2,1,3,1,1,6,1,2,1
SF,IH2009,2020-04-14 09:33:13.700,2633.8000,10481,0,182620260.000,0,-,-,-,-,2633.6000,2633.0000,2632.6000,2632.0000,2631.8000,2635.2000,2635.4000,2635.8000,2636.0000,2636.6000,3,2,1,3,1,1,6,1,3,1
SF,IH2009,2020-04-14 09:33:15.200,2633.8000,10481,0,182620260.000,0,-,-,-,-,2633.6000,2633.0000,2632.6000,2632.0000,2631.8000,2635.0000,2635.2000,2635.4000,2635.8000,2636.0000,3,2,1,3,1,1,1,6,1,3
SF,IH2009,2020-04-14 09:33:15.700,2633.8000,10481,0,182620260.000,0,-,-,-,-,2633.6000,2633.0000,2632.6000,2632.0000,2631.8000,2634.8000,2635.0000,2635.2000,2635.4000,2635.8000,3,2,1,3,1,1,1,1,5,1
SF,IH2009,2020-04-14 09:33:16.200,2633.8000,10481,0,182620260.000,0,-,-,-,-,2633.6000,2633.0000,2632.6000,2632.0000,2631.8000,2634.6000,2634.8000,2635.0000,2635.2000,2635.4000,3,2,1,3,1,1,1,1,1,5
SF,IH2009,2020-04-14 09:33:16.700,2633.8000,10481,0,182620260.000,0,-,-,-,-,2633.6000,2633.0000,2632.6000,2632.0000,2631.8000,2634.8000,2635.0000,2635.2000,2635.4000,2635.8000,3,2,1,3,1,1,1,1,5,1
SF,IH2009,2020-04-14 09:33:18.200,2633.8000,10481,0,182620260.000,0,-,-,-,-,2633.6000,2633.0000,2632.6000,2632.0000,2631.8000,2634.8000,2635.0000,2635.2000,2635.4000,2635.8000,3,2,1,3,1,2,1,1,5,1
SF,IH2009,2020-04-14 09:33:19.700,2633.8000,10481,0,182620260.000,0,-,-,-,-,2633.6000,2633.0000,2632.6000,2632.0000,2631.8000,2634.8000,2635.0000,2635.2000,2635.4000,2635.8000,3,2,1,3,1,2,2,1,5,1
SF,IH2009,2020-04-14 09:33:20.200,2633.8000,10481,0,182620260.000,0,-,-,-,-,2633.6000,2633.0000,2632.6000,2632.0000,2631.8000,2634.8000,2635.0000,2635.2000,2635.4000,2635.8000,3,2,1,3,1,2,2,2,5,1
SF,IH2009,2020-04-14 09:33:20.700,2633.8000,10481,0,182620260.000,0,-,-,-,-,2633.6000,2633.0000,2632.6000,2632.0000,2631.8000,2634.8000,2635.0000,2635.2000,2635.4000,2636.0000,3,2,1,3,1,2,2,2,5,1
SF,IH2009,2020-04-14 09:33:21.200,2635.0000,10480,-1,184201200.000,2,0,2,多平,S,2633.8000,2633.6000,2633.0000,2632.6000,2632.0000,2635.0000,2635.2000,2635.4000,2636.0000,2636.6000,1,3,2,1,3,1,2,2,1,1
SF,IH2009,2020-04-14 09:33:21.700,2635.0000,10480,0,184201200.000,0,-,-,-,-,2633.8000,2633.6000,2633.0000,2632.6000,2632.0000,2635.0000,2635.2000,2635.4000,2636.0000,2636.6000,1,3,2,1,3,1,2,2,1,1
SF,IH2009,2020-04-14 09:33:23.700,2633.8000,10480,0,184991340.000,1,0,1,多换,S,2633.6000,2633.0000,2632.6000,2632.0000,2631.8000,2635.0000,2635.2000,2635.4000,2636.0000,2636.6000,3,2,1,3,1,1,2,2,1,1
SF,IH2009,2020-04-14 09:33:24.200,2633.8000,10480,0,184991340.000,0,-,-,-,-,2633.6000,2633.0000,2632.6000,2632.0000,2631.8000,2635.0000,2635.2000,2635.4000,2636.0000,2636.6000,3,2,1,3,1,1,2,2,1,1
SF,IH2009,2020-04-14 09:33:25.200,2633.8000,10480,0,184991340.000,0,-,-,-,-,2633.6000,2633.0000,2632.6000,2632.0000,2631.8000,2635.0000,2635.2000,2635.4000,2636.0000,2636.6000,3,2,1,3,1,1,2,2,1,1
SF,IH2009,2020-04-14 09:33:25.700,2633.8000,10480,0,184991340.000,0,-,-,-,-,2633.6000,2633.0000,2632.6000,2632.0000,2631.8000,2634.8000,2635.0000,2635.2000,2635.4000,2636.0000,3,2,1,3,1,1,1,2,2,1
SF,IH2009,2020-04-14 09:33:28.700,2633.8000,10480,0,184991340.000,0,-,-,-,-,2633.6000,2633.0000,2632.6000,2632.0000,2631.8000,2634.8000,2635.0000,2635.2000,2635.4000,2636.0000,3,2,1,3,1,1,1,1,2,1
SF,IH2009,2020-04-14 09:33:29.200,2633.8000,10480,0,184991340.000,0,-,-,-,-,2633.6000,2633.0000,2632.6000,2632.0000,2631.8000,2635.0000,2635.2000,2635.4000,2636.0000,2636.6000,3,2,1,3,1,1,1,2,1,1
SF,IH2009,2020-04-14 09:33:31.700,2633.8000,10480,0,184991340.000,0,-,-,-,-,2633.6000,2633.0000,2632.6000,2632.0000,2631.8000,2635.0000,2635.2000,2635.4000,2636.0000,2636.6000,3,2,1,3,1,1,1,2,1,1
SF,IH2009,2020-04-14 09:33:32.200,2633.8000,10480,0,184991340.000,0,-,-,-,-,2633.6000,2633.0000,2632.6000,2632.0000,2631.8000,2635.0000,2635.2000,2635.4000,2636.0000,2636.6000,3,2,1,3,1,1,1,2,1,1
SF,IH2009,2020-04-14 09:33:33.200,2633.8000,10480,0,184991340.000,0,-,-,-,-,2633.6000,2633.0000,2632.6000,2632.0000,2631.8000,2635.0000,2635.2000,2635.4000,2636.0000,2636.6000,3,2,1,3,1,2,1,2,1,1
SF,IH2009,2020-04-14 09:33:33.700,2633.8000,10480,0,184991340.000,0,-,-,-,-,2633.6000,2633.0000,2632.6000,2632.0000,2631.8000,2634.8000,2635.0000,2635.2000,2635.4000,2636.0000,3,2,1,3,1,1,2,1,2,1
SF,IH2009,2020-04-14 09:33:36.200,2633.8000,10480,0,184991340.000,0,-,-,-,-,2633.6000,2633.0000,2632.6000,2632.0000,2631.8000,2634.8000,2635.0000,2635.2000,2635.4000,2636.0000,3,2,1,3,1,2,2,1,2,1
SF,IH2009,2020-04-14 09:33:36.700,2634.8000,10479,-1,186572220.000,2,0,2,多平,S,2633.6000,2633.0000,2632.6000,2632.0000,2631.8000,2635.0000,2635.2000,2635.4000,2636.0000,2636.6000,3,2,1,3,1,2,1,2,1,1
SF,IH2009,2020-04-14 09:33:37.200,2634.8000,10479,0,186572220.000,0,-,-,-,-,2633.8000,2633.6000,2633.0000,2632.6000,2632.0000,2635.0000,2635.2000,2635.4000,2636.0000,2636.6000,1,3,2,1,3,2,1,2,1,1
SF,IH2009,2020-04-14 09:33:39.700,2634.8000,10479,0,186572220.000,0,-,-,-,-,2633.8000,2633.6000,2633.0000,2632.6000,2632.0000,2635.0000,2635.2000,2635.4000,2636.0000,2636.6000,1,3,2,1,3,2,1,2,1,1
SF,IH2009,2020-04-14 09:33:40.700,2634.8000,10479,0,186572220.000,0,-,-,-,-,2633.8000,2633.6000,2633.0000,2632.6000,2632.0000,2635.0000,2635.2000,2635.4000,2635.6000,2636.0000,1,3,2,1,3,2,1,2,1,1
SF,IH2009,2020-04-14 09:33:41.700,2634.8000,10479,0,186572220.000,0,-,-,-,-,2633.8000,2633.6000,2633.0000,2632.6000,2632.0000,2635.0000,2635.2000,2635.4000,2635.6000,2636.0000,1,3,2,1,4,2,1,2,1,1
SF,IH2009,2020-04-14 09:33:43.700,2635.0000,10479,0,187362720.000,1,0,1,多换,S,2633.8000,2633.6000,2633.0000,2632.6000,2632.0000,2635.0000,2635.2000,2635.4000,2635.6000,2636.0000,1,3,2,1,4,1,1,2,1,1
SF,IH2009,2020-04-14 09:33:44.200,2635.0000,10478,-1,188153220.000,1,0,1,双平,S,2634.0000,2633.8000,2633.6000,2633.0000,2632.6000,2635.2000,2635.4000,2635.6000,2636.0000,2636.6000,1,1,3,2,1,1,2,1,1,1
SF,IH2009,2020-04-14 09:33:44.700,2635.0000,10478,0,188153220.000,0,-,-,-,-,2634.2000,2633.6000,2633.0000,2632.6000,2632.0000,2635.2000,2635.4000,2635.6000,2636.0000,2636.6000,1,3,2,1,4,1,2,1,1,1
SF,IH2009,2020-04-14 09:33:45.200,2635.0000,10478,0,188153220.000,0,-,-,-,-,2634.2000,2634.0000,2633.6000,2633.0000,2632.6000,2635.2000,2635.4000,2635.6000,2636.0000,2636.6000,1,1,3,2,1,1,2,1,1,1
SF,IH2009,2020-04-14 09:33:45.700,2634.2000,10478,0,188943480.000,1,0,1,多换,S,2633.6000,2633.0000,2632.6000,2632.0000,2631.8000,2635.2000,2635.4000,2635.6000,2636.0000,2636.6000,3,2,1,4,1,1,2,1,1,1
SF,IH2009,2020-04-14 09:33:46.200,2634.2000,10478,0,188943480.000,0,-,-,-,-,2633.6000,2633.0000,2632.6000,2632.0000,2631.8000,2635.0000,2635.2000,2635.4000,2635.6000,2636.0000,3,2,1,4,1,1,1,2,1,1
SF,IH2009,2020-04-14 09:33:50.700,2635.0000,10477,-1,189733980.000,1,0,1,双平,S,2634.0000,2633.6000,2633.0000,2632.6000,2632.0000,2635.2000,2635.4000,2635.6000,2636.0000,2636.6000,1,3,2,1,4,1,2,1,1,1
SF,IH2009,2020-04-14 09:33:51.200,2635.0000,10477,0,189733980.000,0,-,-,-,-,2634.2000,2634.0000,2633.6000,2633.0000,2632.6000,2635.2000,2635.4000,2635.6000,2636.0000,2636.6000,1,1,3,2,1,1,2,1,1,1
SF,IH2009,2020-04-14 09:33:51.700,2635.0000,10477,0,189733980.000,0,-,-,-,-,2634.2000,2634.0000,2633.6000,2633.0000,2632.6000,2635.2000,2635.6000,2636.0000,2636.6000,2636.8000,1,1,3,2,1,1,1,2,1,2
SF,IH2009,2020-04-14 09:33:56.700,2635.0000,10477,0,189733980.000,0,-,-,-,-,2634.2000,2634.0000,2633.6000,2633.0000,2632.6000,2635.2000,2635.6000,2636.0000,2636.6000,2636.8000,1,1,3,2,1,1,1,2,1,2
SF,IH2009,2020-04-14 09:33:57.200,2635.0000,10477,0,189733980.000,0,-,-,-,-,2634.2000,2634.0000,2633.6000,2633.0000,2632.6000,2635.2000,2635.6000,2636.0000,2636.6000,2636.8000,1,1,3,2,1,1,1,2,1,2
SF,IH2009,2020-04-14 09:33:57.700,2635.0000,10477,0,189733980.000,0,-,-,-,-,2634.2000,2633.6000,2633.0000,2632.6000,2632.0000,2635.2000,2635.6000,2636.0000,2636.6000,2636.8000,1,3,2,1,3,1,1,2,1,2
SF,IH2009,2020-04-14 09:34:01.200,2634.2000,10476,-1,190524240.000,1,0,1,双平,S,2633.6000,2633.0000,2632.6000,2632.0000,2631.8000,2635.0000,2635.2000,2635.6000,2636.0000,2636.6000,3,2,1,3,1,1,1,1,2,1
SF,IH2009,2020-04-14 09:34:01.700,2634.2000,10476,0,190524240.000,0,-,-,-,-,2633.8000,2633.6000,2633.0000,2632.6000,2632.0000,2634.8000,2635.2000,2635.6000,2636.0000,2636.6000,1,3,2,1,3,2,1,1,2,1
SF,IH2009,2020-04-14 09:34:07.200,2634.2000,10476,0,190524240.000,0,-,-,-,-,2633.8000,2633.6000,2633.0000,2632.6000,2632.0000,2634.8000,2635.2000,2635.6000,2636.0000,2636.6000,1,3,2,1,3,1,1,1,2,1
SF,IH2009,2020-04-14 09:34:07.700,2634.2000,10476,0,190524240.000,0,-,-,-,-,2634.0000,2633.8000,2633.6000,2633.0000,2632.6000,2635.0000,2635.2000,2635.6000,2636.0000,2636.6000,1,1,3,2,1,1,1,1,2,1
SF,IH2009,2020-04-14 09:34:08.200,2634.2000,10476,0,190524240.000,0,-,-,-,-,2633.8000,2633.6000,2633.0000,2632.6000,2632.0000,2635.0000,2635.2000,2635.6000,2636.0000,2636.6000,1,3,2,1,3,1,1,1,2,1
SF,IH2009,2020-04-14 09:34:11.700,2634.2000,10476,0,190524240.000,0,-,-,-,-,2633.8000,2633.6000,2633.0000,2632.6000,2632.0000,2635.0000,2635.2000,2635.6000,2636.0000,2636.6000,1,3,2,1,3,1,1,1,3,1
SF,IH2009,2020-04-14 09:34:12.200,2634.2000,10476,0,190524240.000,0,-,-,-,-,2633.8000,2633.6000,2633.0000,2632.6000,2632.0000,2634.8000,2635.0000,2635.2000,2635.6000,2636.0000,1,3,2,1,3,1,1,1,1,3
SF,IH2009,2020-04-14 09:34:12.700,2634.2000,10476,0,190524240.000,0,-,-,-,-,2633.8000,2633.6000,2633.0000,2632.6000,2632.0000,2634.8000,2635.0000,2635.2000,2635.6000,2636.0000,1,4,2,1,3,1,1,1,1,3
SF,IH2009,2020-04-14 09:34:13.200,2634.2000,10476,0,190524240.000,0,-,-,-,-,2633.8000,2633.6000,2633.0000,2632.6000,2632.0000,2634.8000,2635.0000,2635.2000,2635.6000,2636.0000,1,4,2,1,3,1,2,1,1,3
SF,IH2009,2020-04-14 09:34:13.700,2634.2000,10476,0,190524240.000,0,-,-,-,-,2633.8000,2633.6000,2633.0000,2632.6000,2632.0000,2634.8000,2635.0000,2635.2000,2635.6000,2636.0000,1,4,2,1,3,1,2,1,1,3
SF,IH2009,2020-04-14 09:34:19.200,2634.2000,10476,0,190524240.000,0,-,-,-,-,2633.8000,2633.6000,2633.0000,2632.6000,2632.0000,2634.8000,2635.0000,2635.2000,2635.6000,2636.0000,1,4,2,1,3,1,2,1,1,3
SF,IH2009,2020-04-14 09:34:21.700,2634.2000,10476,0,190524240.000,0,-,-,-,-,2633.8000,2633.6000,2633.0000,2632.6000,2632.0000,2634.6000,2634.8000,2635.0000,2635.2000,2635.6000,1,4,2,1,3,1,1,2,1,1
SF,IH2009,2020-04-14 09:34:22.200,2634.2000,10476,0,190524240.000,0,-,-,-,-,2633.8000,2633.6000,2633.0000,2632.6000,2632.0000,2634.8000,2635.0000,2635.2000,2635.6000,2636.0000,1,4,2,1,3,1,2,1,1,3
SF,IH2009,2020-04-14 09:34:24.200,2634.2000,10476,0,190524240.000,0,-,-,-,-,2633.8000,2633.6000,2633.0000,2632.6000,2632.0000,2634.8000,2635.0000,2635.2000,2635.6000,2636.0000,1,4,1,1,3,1,2,1,1,3
SF,IH2009,2020-04-14 09:34:24.700,2634.2000,10476,0,190524240.000,0,-,-,-,-,2633.8000,2633.6000,2633.0000,2632.6000,2632.0000,2634.8000,2635.0000,2635.2000,2635.6000,2636.0000,1,4,1,1,3,1,2,1,1,3
SF,IH2009,2020-04-14 09:34:27.200,2634.2000,10476,0,190524240.000,0,-,-,-,-,2633.8000,2633.6000,2633.0000,2632.6000,2632.0000,2634.8000,2635.0000,2635.2000,2635.6000,2636.0000,1,4,1,1,3,1,2,1,1,3
SF,IH2009,2020-04-14 09:34:30.700,2633.6000,10475,-1,192104460.000,2,0,2,多平,S,2633.6000,2633.0000,2632.6000,2632.0000,2631.8000,2634.8000,2635.0000,2635.2000,2635.6000,2636.0000,3,1,1,3,1,1,2,1,1,3
SF,IH2009,2020-04-14 09:34:31.200,2633.6000,10474,-1,195265020.000,4,1,3,多平,S,2633.0000,2632.6000,2632.0000,2631.8000,2630.0000,2634.4000,2634.6000,2634.8000,2635.0000,2635.2000,1,1,3,1,1,1,2,1,2,1
SF,IH2009,2020-04-14 09:34:31.700,2633.6000,10474,0,195265020.000,0,-,-,-,-,2633.2000,2633.0000,2632.6000,2632.0000,2631.8000,2634.2000,2634.6000,2635.0000,2635.2000,2635.6000,1,1,1,3,1,1,1,2,1,1
SF,IH2009,2020-04-14 09:34:32.200,2633.6000,10474,0,195265020.000,0,-,-,-,-,2633.0000,2632.6000,2632.0000,2631.8000,2630.0000,2634.2000,2634.6000,2635.0000,2635.2000,2635.6000,1,1,3,1,1,1,1,2,1,1
SF,IH2009,2020-04-14 09:34:33.700,2633.6000,10474,0,195265020.000,0,-,-,-,-,2633.0000,2632.6000,2632.0000,2631.8000,2630.0000,2634.2000,2634.6000,2635.0000,2635.2000,2635.6000,1,1,3,1,1,1,1,2,1,1
SF,IH2009,2020-04-14 09:34:34.700,2633.0000,10474,0,196054920.000,1,0,1,多换,S,2632.6000,2632.0000,2631.8000,2630.0000,2626.2000,2634.0000,2634.2000,2634.6000,2635.0000,2635.2000,1,3,1,1,1,1,1,1,2,1
SF,IH2009,2020-04-14 09:34:35.200,2633.0000,10474,0,196054920.000,0,-,-,-,-,2632.6000,2632.0000,2631.8000,2630.0000,2626.2000,2633.8000,2634.6000,2635.0000,2635.2000,2635.6000,1,3,1,1,1,2,1,2,1,1
SF,IH2009,2020-04-14 09:34:37.200,2633.0000,10474,0,196054920.000,0,-,-,-,-,2632.6000,2632.0000,2631.8000,2630.0000,2626.2000,2633.8000,2634.6000,2635.0000,2635.2000,2635.6000,1,3,1,1,1,2,1,2,1,1
SF,IH2009,2020-04-14 09:34:38.200,2633.0000,10474,0,196054920.000,0,-,-,-,-,2632.8000,2632.6000,2632.0000,2631.8000,2630.0000,2633.8000,2634.6000,2635.0000,2635.2000,2635.6000,1,1,3,1,1,1,1,3,1,1
SF,IH2009,2020-04-14 09:34:38.700,2633.0000,10474,0,196054920.000,0,-,-,-,-,2632.6000,2632.0000,2631.8000,2630.0000,2626.2000,2633.8000,2634.6000,2635.0000,2635.2000,2635.6000,1,3,1,1,1,1,1,3,1,1
SF,IH2009,2020-04-14 09:34:39.200,2633.0000,10474,0,196054920.000,0,-,-,-,-,2632.8000,2632.6000,2632.0000,2631.8000,2630.0000,2633.8000,2634.6000,2635.0000,2635.2000,2635.6000,1,1,3,1,1,1,1,4,1,1
SF,IH2009,2020-04-14 09:34:39.700,2633.0000,10474,0,196054920.000,0,-,-,-,-,2632.6000,2632.0000,2631.8000,2630.0000,2626.2000,2633.8000,2634.6000,2635.0000,2635.2000,2635.6000,1,3,1,1,1,1,1,4,1,1
SF,IH2009,2020-04-14 09:34:40.700,2633.0000,10474,0,196054920.000,0,-,-,-,-,2632.6000,2632.0000,2631.8000,2630.0000,2626.2000,2633.8000,2634.6000,2635.0000,2635.2000,2635.6000,1,3,1,1,1,1,1,4,1,1
SF,IH2009,2020-04-14 09:34:41.700,2632.6000,10473,-1,196844700.000,1,0,1,双平,S,2632.8000,2632.0000,2631.8000,2630.0000,2626.2000,2633.6000,2633.8000,2634.6000,2635.0000,2635.2000,1,1,1,1,1,1,1,1,4,1
SF,IH2009,2020-04-14 09:34:42.200,2632.6000,10473,0,196844700.000,0,-,-,-,-,2632.8000,2632.0000,2631.8000,2630.0000,2626.2000,2633.8000,2635.0000,2635.2000,2635.6000,2636.0000,1,1,1,1,1,1,4,1,1,2
SF,IH2009,2020-04-14 09:34:42.700,2633.8000,10473,0,197634840.000,1,0,1,多换,S,2632.8000,2632.0000,2631.8000,2630.0000,2626.2000,2633.6000,2635.0000,2635.2000,2635.6000,2636.0000,1,1,1,1,1,1,4,1,1,2
SF,IH2009,2020-04-14 09:34:43.200,2633.8000,10473,0,197634840.000,0,-,-,-,-,2632.8000,2632.0000,2631.8000,2630.0000,2626.2000,2635.0000,2635.2000,2635.6000,2636.0000,2636.6000,1,1,1,1,1,4,1,1,2,1
SF,IH2009,2020-04-14 09:34:43.700,2633.8000,10473,0,197634840.000,0,-,-,-,-,2633.0000,2632.8000,2632.0000,2631.8000,2630.0000,2634.2000,2634.8000,2635.0000,2635.2000,2635.6000,1,1,1,1,1,1,3,4,1,1
SF,IH2009,2020-04-14 09:34:44.200,2633.8000,10473,0,197634840.000,0,-,-,-,-,2633.0000,2632.8000,2632.0000,2631.8000,2630.0000,2634.0000,2634.2000,2635.0000,2635.2000,2635.6000,1,1,1,1,1,1,1,4,1,1
SF,IH2009,2020-04-14 09:34:46.700,2633.8000,10473,0,197634840.000,0,-,-,-,-,2633.0000,2632.6000,2632.0000,2631.8000,2630.0000,2634.0000,2634.2000,2635.0000,2635.2000,2635.6000,1,1,1,1,1,1,1,3,1,1
SF,IH2009,2020-04-14 09:34:47.700,2633.8000,10473,0,197634840.000,0,-,-,-,-,2633.0000,2632.6000,2632.0000,2631.8000,2630.0000,2634.0000,2634.2000,2635.0000,2635.2000,2635.6000,1,1,1,1,1,1,1,4,1,1
SF,IH2009,2020-04-14 09:34:48.200,2633.8000,10473,0,197634840.000,0,-,-,-,-,2633.0000,2632.6000,2632.0000,2631.8000,2630.0000,2634.0000,2634.2000,2635.0000,2635.2000,2635.6000,1,1,1,1,1,1,1,5,1,1
SF,IH2009,2020-04-14 09:34:48.700,2634.0000,10472,-1,198425040.000,1,0,1,双平,S,2633.0000,2632.6000,2632.0000,2631.8000,2630.0000,2634.2000,2635.0000,2635.2000,2635.6000,2636.0000,1,1,1,1,1,1,5,1,1,2
SF,IH2009,2020-04-14 09:34:49.200,2634.0000,10472,0,198425040.000,0,-,-,-,-,2633.0000,2632.6000,2632.0000,2631.8000,2630.0000,2634.0000,2634.2000,2635.0000,2635.2000,2635.6000,1,1,1,1,1,2,1,5,1,1
SF,IH2009,2020-04-14 09:34:49.700,2634.0000,10472,0,198425040.000,0,-,-,-,-,2633.2000,2632.6000,2632.0000,2631.8000,2630.0000,2634.0000,2634.2000,2635.0000,2635.2000,2635.6000,1,1,1,1,1,2,1,5,1,1
SF,IH2009,2020-04-14 09:34:50.700,2633.2000,10472,0,199215000.000,1,0,1,多换,S,2632.6000,2632.0000,2631.8000,2630.0000,2626.2000,2634.0000,2634.2000,2635.0000,2635.2000,2635.6000,1,1,1,1,1,2,1,5,1,1
SF,IH2009,2020-04-14 09:34:51.200,2633.2000,10472,0,199215000.000,0,-,-,-,-,2632.6000,2632.0000,2631.8000,2630.0000,2626.2000,2634.0000,2635.0000,2635.2000,2635.6000,2636.0000,1,1,1,1,1,2,5,1,1,2
SF,IH2009,2020-04-14 09:34:51.700,2633.2000,10472,0,199215000.000,0,-,-,-,-,2632.8000,2632.6000,2632.0000,2631.8000,2630.0000,2634.0000,2635.0000,2635.2000,2635.6000,2636.0000,2,1,1,1,1,3,5,1,1,2
SF,IH2009,2020-04-14 09:34:52.200,2633.2000,10472,0,199215000.000,0,-,-,-,-,2632.8000,2632.6000,2632.0000,2631.8000,2630.0000,2634.0000,2635.0000,2635.2000,2635.6000,2636.0000,1,1,1,1,1,3,5,1,1,2
SF,IH2009,2020-04-14 09:34:55.700,2632.8000,10471,-1,200004840.000,1,0,1,双平,S,2632.6000,2632.0000,2631.8000,2630.0000,2626.2000,2633.8000,2634.0000,2635.0000,2635.2000,2635.6000,1,1,1,1,1,1,3,5,1,1
SF,IH2009,2020-04-14 09:34:56.200,2632.6000,10470,-1,200794620.000,1,0,1,双平,S,2632.0000,2631.8000,2630.0000,2626.2000,2626.0000,2633.6000,2634.0000,2635.0000,2635.2000,2635.6000,1,1,1,1,2,3,2,5,1,1
SF,IH2009,2020-04-14 09:34:56.700,2633.6000,10470,0,201584700.000,1,0,1,多换,S,2632.0000,2631.8000,2630.0000,2626.2000,2626.0000,2633.6000,2634.0000,2635.0000,2635.2000,2635.6000,1,1,1,1,2,2,2,5,1,1
SF,IH2009,2020-04-14 09:34:57.200,2632.0000,10469,-1,202374300.000,1,0,1,双平,S,2631.8000,2630.0000,2626.2000,2626.0000,2625.8000,2633.4000,2633.6000,2634.0000,2635.0000,2635.2000,1,1,1,2,5,1,2,2,5,1
SF,IH2009,2020-04-14 09:34:57.700,2632.0000,10469,0,202374300.000,0,-,-,-,-,2631.8000,2630.0000,2626.2000,2626.0000,2625.6000,2633.2000,2633.4000,2633.6000,2634.0000,2635.0000,1,1,1,2,2,1,1,1,2,5
SF,IH2009,2020-04-14 09:34:58.200,2632.0000,10469,0,202374300.000,0,-,-,-,-,2631.8000,2630.0000,2626.2000,2626.0000,2625.6000,2633.0000,2634.0000,2635.0000,2635.2000,2635.6000,1,1,1,2,2,2,2,5,1,1
SF,IH2009,2020-04-14 09:34:58.700,2632.0000,10469,0,202374300.000,0,-,-,-,-,2631.8000,2630.0000,2626.2000,2626.0000,2625.6000,2632.6000,2633.0000,2634.0000,2635.0000,2635.2000,1,1,1,2,2,1,2,2,5,1
SF,IH2009,2020-04-14 09:34:59.200,2632.0000,10469,0,202374300.000,0,-,-,-,-,2631.8000,2630.0000,2626.2000,2626.0000,2625.6000,2632.6000,2633.0000,2634.0000,2635.0000,2635.2000,1,1,1,2,2,1,1,2,5,1
SF,IH2009,2020-04-14 09:34:59.700,2632.0000,10469,0,202374300.000,0,-,-,-,-,2631.8000,2630.0000,2626.2000,2626.0000,2625.6000,2632.0000,2632.6000,2633.0000,2634.0000,2635.0000,1,1,1,2,2,1,1,1,2,5
SF,IH2009,2020-04-14 09:35:00.200,2632.0000,10468,-1,203163900.000,1,0,1,双平,S,2631.8000,2630.0000,2626.2000,2626.0000,2625.6000,2632.6000,2633.0000,2634.0000,2635.0000,2635.2000,1,1,1,2,2,1,1,2,5,1
SF,IH2009,2020-04-14 09:35:00.700,2632.0000,10468,0,203163900.000,0,-,-,-,-,2631.8000,2630.0000,2626.2000,2626.0000,2625.6000,2632.4000,2632.6000,2633.0000,2634.0000,2635.0000,1,1,1,2,2,1,1,1,2,5
SF,IH2009,2020-04-14 09:35:01.200,2632.6000,10466,-2,204743400.000,2,0,2,双平,S,2632.0000,2631.8000,2630.0000,2626.2000,2626.0000,2633.0000,2634.0000,2635.0000,2635.2000,2635.6000,4,1,1,1,2,1,2,4,1,1
SF,IH2009,2020-04-14 09:35:01.700,2632.6000,10466,0,204743400.000,0,-,-,-,-,2632.0000,2631.8000,2630.0000,2626.2000,2626.0000,2633.0000,2634.0000,2635.0000,2635.2000,2635.6000,1,1,1,1,2,1,2,4,1,1
SF,IH2009,2020-04-14 09:35:02.200,2632.6000,10466,0,204743400.000,0,-,-,-,-,2631.8000,2630.0000,2626.2000,2626.0000,2625.6000,2632.8000,2633.0000,2634.0000,2635.0000,2635.2000,1,1,1,2,2,1,1,2,4,1
SF,IH2009,2020-04-14 09:35:06.200,2632.6000,10466,0,204743400.000,0,-,-,-,-,2632.0000,2631.8000,2630.0000,2626.2000,2626.0000,2632.8000,2633.0000,2634.0000,2635.0000,2635.2000,1,1,1,1,2,1,1,2,4,1
SF,IH2009,2020-04-14 09:35:06.700,2632.6000,10466,0,204743400.000,0,-,-,-,-,2632.2000,2631.8000,2630.0000,2626.2000,2626.0000,2633.0000,2634.0000,2635.0000,2635.2000,2635.6000,1,1,1,1,2,1,2,4,1,1
SF,IH2009,2020-04-14 09:35:07.200,2632.6000,10466,0,204743400.000,0,-,-,-,-,2631.8000,2630.0000,2626.2000,2626.0000,2625.6000,2633.0000,2634.0000,2635.0000,2635.2000,2635.6000,1,1,1,2,2,1,2,4,1,1
SF,IH2009,2020-04-14 09:35:07.700,2632.6000,10466,0,204743400.000,0,-,-,-,-,2632.0000,2631.8000,2630.0000,2626.2000,2626.0000,2632.8000,2633.0000,2634.0000,2635.0000,2635.2000,1,1,1,1,2,1,1,2,4,1
SF,IH2009,2020-04-14 09:35:08.200,2632.6000,10466,0,204743400.000,0,-,-,-,-,2631.8000,2630.0000,2626.2000,2626.0000,2625.6000,2632.8000,2633.0000,2634.0000,2635.0000,2635.2000,1,1,1,2,2,1,1,2,4,1
SF,IH2009,2020-04-14 09:35:08.700,2632.6000,10466,0,204743400.000,0,-,-,-,-,2632.0000,2631.8000,2630.0000,2626.2000,2626.0000,2632.8000,2633.0000,2634.0000,2635.0000,2635.2000,1,1,1,1,2,1,1,2,4,1
SF,IH2009,2020-04-14 09:35:09.200,2632.6000,10466,0,204743400.000,0,-,-,-,-,2631.8000,2630.0000,2626.2000,2626.0000,2625.6000,2632.8000,2633.0000,2634.0000,2635.0000,2635.2000,1,1,1,2,2,1,1,2,4,1
SF,IH2009,2020-04-14 09:35:10.200,2632.6000,10466,0,204743400.000,0,-,-,-,-,2631.8000,2630.0000,2626.2000,2626.0000,2625.6000,2632.6000,2632.8000,2633.0000,2634.0000,2635.0000,1,1,1,2,2,1,1,1,2,4
SF,IH2009,2020-04-14 09:35:10.700,2632.6000,10466,0,204743400.000,0,-,-,-,-,2631.8000,2630.0000,2626.2000,2626.0000,2625.6000,2632.6000,2632.8000,2633.0000,2634.0000,2635.0000,1,1,1,2,2,1,1,1,2,4
SF,IH2009,2020-04-14 09:35:12.200,2632.6000,10466,0,204743400.000,0,-,-,-,-,2631.8000,2630.0000,2626.2000,2626.0000,2625.6000,2632.6000,2632.8000,2633.0000,2634.0000,2635.0000,1,1,1,2,2,1,1,1,2,3
SF,IH2009,2020-04-14 09:35:12.700,2632.6000,10466,0,204743400.000,0,-,-,-,-,2631.8000,2630.0000,2626.2000,2626.0000,2625.6000,2632.6000,2632.8000,2633.0000,2634.0000,2635.0000,1,1,1,2,2,1,1,1,2,3
SF,IH2009,2020-04-14 09:35:13.200,2632.6000,10466,0,204743400.000,0,-,-,-,-,2631.8000,2630.0000,2626.2000,2626.0000,2625.6000,2632.6000,2632.8000,2633.0000,2634.0000,2635.0000,1,1,2,2,2,1,1,1,2,3
SF,IH2009,2020-04-14 09:35:13.700,2631.8000,10466,0,205532940.000,1,0,1,多换,S,2630.0000,2626.2000,2626.0000,2625.6000,2625.2000,2632.6000,2632.8000,2633.0000,2634.0000,2635.0000,1,2,2,2,1,1,1,1,2,3
SF,IH2009,2020-04-14 09:35:14.200,2631.8000,10466,0,205532940.000,0,-,-,-,-,2630.4000,2630.2000,2630.0000,2626.2000,2626.0000,2632.4000,2632.6000,2633.0000,2634.0000,2635.0000,1,2,1,2,2,2,1,1,2,3
SF,IH2009,2020-04-14 09:35:14.700,2631.8000,10466,0,205532940.000,0,-,-,-,-,2630.6000,2630.4000,2630.2000,2630.0000,2626.2000,2632.4000,2632.6000,2633.0000,2634.0000,2635.0000,2,1,1,1,2,2,1,1,2,3
SF,IH2009,2020-04-14 09:35:15.200,2631.8000,10466,0,205532940.000,0,-,-,-,-,2630.6000,2630.4000,2630.0000,2626.2000,2626.0000,2632.4000,2632.6000,2633.0000,2634.0000,2635.0000,2,1,1,2,2,2,1,1,2,3
SF,IH2009,2020-04-14 09:35:15.700,2631.8000,10466,0,205532940.000,0,-,-,-,-,2630.6000,2630.0000,2626.2000,2626.0000,2625.6000,2632.4000,2632.6000,2633.0000,2634.0000,2635.0000,2,1,2,2,2,2,1,1,2,3
SF,IH2009,2020-04-14 09:35:16.200,2631.8000,10466,0,205532940.000,0,-,-,-,-,2630.8000,2630.6000,2630.0000,2626.2000,2626.0000,2632.4000,2632.6000,2633.0000,2634.0000,2635.0000,2,2,1,2,2,2,1,1,2,3
SF,IH2009,2020-04-14 09:35:16.700,2631.8000,10466,0,205532940.000,0,-,-,-,-,2631.0000,2630.8000,2630.0000,2626.2000,2626.0000,2632.4000,2632.6000,2633.0000,2634.0000,2635.0000,2,1,1,2,2,2,1,1,2,3
SF,IH2009,2020-04-14 09:35:17.700,2631.8000,10466,0,205532940.000,0,-,-,-,-,2631.0000,2630.0000,2626.2000,2626.0000,2625.6000,2632.4000,2632.6000,2633.0000,2634.0000,2635.0000,2,1,2,2,2,2,1,1,2,3
SF,IH2009,2020-04-14 09:35:19.700,2631.8000,10466,0,205532940.000,0,-,-,-,-,2631.0000,2630.0000,2626.2000,2626.0000,2625.6000,2632.2000,2632.4000,2632.6000,2633.0000,2634.0000,2,1,2,2,2,1,2,1,1,2
SF,IH2009,2020-04-14 09:35:20.200,2631.8000,10466,0,205532940.000,0,-,-,-,-,2631.0000,2630.0000,2626.2000,2626.0000,2625.6000,2632.0000,2632.4000,2632.6000,2633.0000,2634.0000,2,1,2,2,2,1,1,1,1,2
SF,IH2009,2020-04-14 09:35:21.200,2631.0000,10467,1,206322240.000,1,1,0,双开,S,2631.0000,2630.0000,2626.2000,2626.0000,2625.6000,2632.0000,2632.4000,2632.6000,2633.0000,2634.0000,1,1,2,2,2,1,1,1,1,2
SF,IH2009,2020-04-14 09:35:22.200,2631.0000,10466,-1,207111540.000,1,0,1,双平,S,2630.0000,2626.2000,2626.0000,2625.6000,2625.2000,2631.8000,2632.0000,2632.4000,2632.6000,2633.0000,1,2,2,2,1,1,1,1,1,1
SF,IH2009,2020-04-14 09:35:22.700,2631.0000,10466,0,207111540.000,0,-,-,-,-,2630.6000,2630.2000,2630.0000,2626.2000,2626.0000,2631.6000,2632.6000,2633.0000,2634.0000,2635.0000,1,2,1,2,2,3,1,1,2,3
SF,IH2009,2020-04-14 09:35:23.200,2631.0000,10466,0,207111540.000,0,-,-,-,-,2630.6000,2630.2000,2630.0000,2626.2000,2626.0000,2631.0000,2631.6000,2632.6000,2633.0000,2634.0000,1,2,1,2,2,1,1,1,1,2
SF,IH2009,2020-04-14 09:35:23.700,2631.0000,10466,0,207900840.000,1,0,1,多换,S,2630.6000,2630.2000,2630.0000,2626.2000,2626.0000,2631.6000,2632.6000,2633.0000,2634.0000,2635.0000,1,2,1,2,2,1,1,1,2,3
SF,IH2009,2020-04-14 09:35:26.200,2631.0000,10466,0,207900840.000,0,-,-,-,-,2630.6000,2630.2000,2630.0000,2626.2000,2626.0000,2631.4000,2631.6000,2632.6000,2633.0000,2634.0000,1,2,1,2,2,1,1,1,1,2
SF,IH2009,2020-04-14 09:35:26.700,2631.0000,10466,0,207900840.000,0,-,-,-,-,2630.2000,2630.0000,2626.2000,2626.0000,2625.6000,2631.6000,2632.6000,2633.0000,2634.0000,2635.0000,2,1,2,2,2,1,1,1,2,3
SF,IH2009,2020-04-14 09:35:27.200,2631.0000,10466,0,207900840.000,0,-,-,-,-,2630.2000,2630.0000,2626.2000,2626.0000,2625.6000,2631.4000,2631.6000,2632.6000,2633.0000,2633.2000,2,1,2,2,2,1,1,1,1,1
SF,IH2009,2020-04-14 09:35:27.700,2631.0000,10466,0,207900840.000,0,-,-,-,-,2630.2000,2630.0000,2626.2000,2626.0000,2625.6000,2631.6000,2632.6000,2633.0000,2633.2000,2634.0000,2,1,2,2,2,1,1,1,1,2
SF,IH2009,2020-04-14 09:35:28.700,2631.0000,10466,0,207900840.000,0,-,-,-,-,2630.2000,2630.0000,2626.2000,2626.0000,2625.6000,2631.6000,2632.6000,2633.2000,2634.0000,2635.0000,2,1,2,2,2,1,1,1,2,3
SF,IH2009,2020-04-14 09:35:29.200,2630.2000,10465,-1,208689900.000,1,0,1,双平,S,2630.2000,2630.0000,2626.2000,2626.0000,2625.6000,2631.6000,2632.0000,2632.6000,2633.2000,2634.0000,1,1,2,2,2,1,1,1,1,2
SF,IH2009,2020-04-14 09:35:29.700,2630.2000,10465,0,208689900.000,0,-,-,-,-,2630.2000,2630.0000,2626.2000,2626.0000,2625.6000,2631.4000,2631.6000,2632.0000,2632.6000,2633.2000,1,1,2,2,2,1,1,1,1,1
SF,IH2009,2020-04-14 09:35:30.200,2630.2000,10465,0,208689900.000,0,-,-,-,-,2630.2000,2630.0000,2626.2000,2626.0000,2625.6000,2631.2000,2632.0000,2632.6000,2633.2000,2634.0000,1,1,2,2,2,1,1,1,1,2
SF,IH2009,2020-04-14 09:35:30.700,2630.2000,10465,0,208689900.000,0,-,-,-,-,2630.2000,2630.0000,2626.2000,2626.0000,2625.6000,2631.2000,2632.0000,2632.6000,2633.2000,2634.0000,1,1,2,2,2,1,1,1,1,2
SF,IH2009,2020-04-14 09:35:33.700,2630.2000,10465,0,208689900.000,0,-,-,-,-,2630.2000,2630.0000,2626.2000,2626.0000,2625.6000,2631.2000,2632.0000,2632.6000,2633.2000,2634.0000,1,1,2,2,2,1,1,1,1,2
SF,IH2009,2020-04-14 09:35:34.200,2631.2000,10465,0,209479260.000,1,0,1,多换,S,2630.2000,2630.0000,2626.2000,2626.0000,2625.6000,2632.0000,2633.2000,2634.0000,2635.0000,2635.2000,1,1,2,2,2,1,1,2,3,2
SF,IH2009,2020-04-14 09:35:34.700,2631.2000,10465,0,209479260.000,0,-,-,-,-,2630.4000,2630.2000,2630.0000,2626.2000,2626.0000,2631.8000,2632.0000,2633.2000,2634.0000,2635.0000,1,1,1,2,2,3,1,1,2,3
SF,IH2009,2020-04-14 09:35:35.200,2631.2000,10465,0,209479260.000,0,-,-,-,-,2630.0000,2626.2000,2626.0000,2625.6000,2625.2000,2631.8000,2632.0000,2633.2000,2634.0000,2635.0000,1,2,2,2,1,3,1,1,2,3
SF,IH2009,2020-04-14 09:35:35.700,2631.2000,10465,0,209479260.000,0,-,-,-,-,2630.2000,2630.0000,2626.2000,2626.0000,2625.6000,2631.4000,2631.8000,2632.0000,2633.2000,2634.0000,1,1,2,2,2,3,3,1,1,2
SF,IH2009,2020-04-14 09:35:36.200,2631.2000,10465,0,209479260.000,0,-,-,-,-,2630.2000,2630.0000,2626.2000,2626.0000,2625.6000,2631.2000,2631.4000,2631.8000,2632.0000,2633.2000,1,1,2,2,2,2,3,1,1,1
SF,IH2009,2020-04-14 09:35:37.200,2630.2000,10465,0,210268320.000,1,0,1,多换,S,2630.0000,2626.2000,2626.0000,2625.6000,2625.2000,2631.2000,2631.4000,2631.8000,2632.0000,2633.2000,1,2,2,2,1,2,3,1,1,1
SF,IH2009,2020-04-14 09:35:37.700,2630.2000,10465,0,210268320.000,0,-,-,-,-,2630.0000,2626.2000,2626.0000,2625.6000,2625.2000,2631.2000,2631.4000,2631.8000,2632.0000,2633.2000,1,2,2,2,1,2,3,1,1,1
SF,IH2009,2020-04-14 09:35:38.200,2630.2000,10465,0,210268320.000,0,-,-,-,-,2630.0000,2626.2000,2626.0000,2625.6000,2625.2000,2631.2000,2631.4000,2631.8000,2632.0000,2633.2000,1,2,2,2,1,2,3,1,1,1
SF,IH2009,2020-04-14 09:35:39.200,2630.2000,10465,0,210268320.000,0,-,-,-,-,2630.0000,2626.2000,2626.0000,2625.6000,2625.2000,2631.2000,2631.8000,2632.0000,2633.2000,2634.0000,1,2,2,2,1,2,1,1,1,2
SF,IH2009,2020-04-14 09:35:42.200,2630.0000,10465,0,211057320.000,1,0,1,多换,S,2626.2000,2626.0000,2625.6000,2625.2000,2625.0000,2631.2000,2631.8000,2632.0000,2633.2000,2634.0000,2,2,2,1,2,2,1,1,1,2
SF,IH2009,2020-04-14 09:35:42.700,2630.0000,10465,0,211057320.000,0,-,-,-,-,2629.6000,2628.8000,2628.4000,2628.0000,2626.8000,2630.0000,2631.2000,2632.0000,2633.2000,2634.0000,1,1,2,1,2,1,1,1,1,2
SF,IH2009,2020-04-14 09:35:43.200,2630.0000,10464,-1,211846320.000,1,0,1,双平,S,2630.0000,2629.6000,2628.8000,2628.4000,2628.0000,2631.2000,2632.0000,2633.2000,2634.0000,2635.0000,2,1,1,2,1,1,1,1,2,3
SF,IH2009,2020-04-14 09:35:43.700,2630.0000,10462,-2,213424680.000,2,0,2,双平,S,2630.0000,2629.8000,2629.6000,2628.4000,2628.0000,2633.2000,2634.0000,2635.0000,2635.2000,2635.6000,1,1,1,2,1,1,2,3,2,1
SF,IH2009,2020-04-14 09:35:44.200,2630.0000,10462,0,213424680.000,0,-,-,-,-,2630.4000,2630.2000,2630.0000,2629.8000,2629.6000,2633.0000,2633.2000,2634.0000,2635.0000,2635.2000,1,2,1,1,1,1,1,2,3,2
SF,IH2009,2020-04-14 09:35:44.700,2630.0000,10462,0,213424680.000,0,-,-,-,-,2630.6000,2630.4000,2630.2000,2630.0000,2629.6000,2633.0000,2633.2000,2634.0000,2635.0000,2635.2000,1,1,1,1,1,1,1,2,3,2
SF,IH2009,2020-04-14 09:35:45.200,2630.0000,10462,0,213424680.000,0,-,-,-,-,2630.6000,2630.4000,2630.0000,2629.6000,2628.4000,2633.0000,2633.2000,2634.0000,2635.0000,2635.2000,1,1,2,1,2,1,1,2,3,2
SF,IH2009,2020-04-14 09:35:46.700,2630.0000,10462,0,213424680.000,0,-,-,-,-,2630.8000,2630.6000,2630.4000,2630.0000,2629.6000,2633.0000,2633.2000,2634.0000,2635.0000,2635.2000,1,1,1,2,1,1,1,2,3,2
SF,IH2009,2020-04-14 09:35:47.200,2630.0000,10462,0,213424680.000,0,-,-,-,-,2631.0000,2630.8000,2630.4000,2630.0000,2629.6000,2633.0000,2633.2000,2634.0000,2635.0000,2635.2000,1,1,1,2,1,1,1,2,3,2
SF,IH2009,2020-04-14 09:35:47.700,2630.0000,10462,0,213424680.000,0,-,-,-,-,2631.0000,2630.4000,2630.0000,2629.6000,2628.4000,2632.8000,2633.0000,2633.2000,2634.0000,2635.0000,1,2,2,1,2,1,1,1,2,3
SF,IH2009,2020-04-14 09:35:48.200,2630.0000,10462,0,213424680.000,0,-,-,-,-,2631.0000,2630.4000,2630.0000,2629.6000,2628.4000,2632.6000,2633.2000,2634.0000,2635.0000,2635.2000,1,2,2,1,2,2,1,2,3,2
SF,IH2009,2020-04-14 09:35:48.700,2630.0000,10462,0,213424680.000,0,-,-,-,-,2631.2000,2631.0000,2630.4000,2630.0000,2629.6000,2632.6000,2633.2000,2634.0000,2635.0000,2635.2000,1,1,2,2,1,2,1,2,3,2
SF,IH2009,2020-04-14 09:35:49.200,2630.0000,10462,0,213424680.000,0,-,-,-,-,2631.2000,2631.0000,2630.4000,2630.0000,2629.6000,2632.6000,2633.2000,2634.0000,2635.0000,2635.2000,1,1,2,2,1,2,1,2,3,2
SF,IH2009,2020-04-14 09:35:50.700,2630.0000,10462,0,213424680.000,0,-,-,-,-,2631.2000,2631.0000,2630.4000,2630.0000,2629.6000,2632.6000,2633.2000,2634.0000,2635.0000,2635.2000,1,1,1,2,1,2,1,2,3,2
SF,IH2009,2020-04-14 09:35:51.200,2630.0000,10462,0,213424680.000,0,-,-,-,-,2631.0000,2630.4000,2630.0000,2629.6000,2628.4000,2632.6000,2633.2000,2634.0000,2635.0000,2635.2000,1,1,2,1,2,2,1,2,3,2
SF,IH2009,2020-04-14 09:35:52.200,2630.0000,10462,0,213424680.000,0,-,-,-,-,2631.2000,2631.0000,2630.4000,2630.0000,2629.6000,2632.6000,2633.0000,2633.2000,2634.0000,2635.0000,1,1,2,2,1,2,1,1,2,3
SF,IH2009,2020-04-14 09:35:52.700,2630.0000,10462,0,213424680.000,0,-,-,-,-,2631.4000,2631.2000,2630.4000,2630.0000,2629.6000,2632.4000,2632.6000,2633.0000,2633.2000,2634.0000,1,1,2,2,1,2,2,1,1,2
SF,IH2009,2020-04-14 09:35:53.200,2630.0000,10462,0,213424680.000,0,-,-,-,-,2631.4000,2631.2000,2630.4000,2630.0000,2629.6000,2632.2000,2632.6000,2633.0000,2633.2000,2634.0000,1,1,2,1,1,1,1,1,1,2
SF,IH2009,2020-04-14 09:35:53.700,2630.0000,10462,0,213424680.000,0,-,-,-,-,2631.4000,2631.2000,2630.4000,2630.0000,2629.6000,2632.6000,2633.0000,2633.2000,2634.0000,2635.0000,1,1,2,1,1,1,1,1,2,3
SF,IH2009,2020-04-14 09:35:54.200,2630.0000,10462,0,213424680.000,0,-,-,-,-,2630.4000,2630.0000,2629.6000,2628.4000,2628.0000,2632.4000,2632.6000,2633.0000,2633.2000,2634.0000,2,1,1,2,2,1,1,1,1,2
SF,IH2009,2020-04-14 09:35:54.700,2630.0000,10462,0,213424680.000,0,-,-,-,-,2630.6000,2630.4000,2630.0000,2629.6000,2628.4000,2632.2000,2633.0000,2633.2000,2634.0000,2635.0000,2,2,1,1,2,3,1,1,2,3
SF,IH2009,2020-04-14 09:35:55.200,2630.0000,10462,0,213424680.000,0,-,-,-,-,2630.6000,2630.4000,2630.0000,2629.6000,2628.4000,2632.2000,2633.0000,2633.2000,2634.0000,2635.0000,2,1,2,1,2,3,1,1,2,3
SF,IH2009,2020-04-14 09:35:55.700,2630.0000,10462,0,213424680.000,0,-,-,-,-,2630.8000,2630.6000,2630.4000,2630.0000,2629.6000,2632.2000,2633.0000,2633.2000,2634.0000,2635.0000,1,2,1,2,1,3,1,1,2,3
SF,IH2009,2020-04-14 09:35:56.200,2630.0000,10462,0,213424680.000,0,-,-,-,-,2630.8000,2630.6000,2630.0000,2629.6000,2628.4000,2632.2000,2633.0000,2633.2000,2634.0000,2635.0000,1,2,2,1,2,3,1,1,2,3
SF,IH2009,2020-04-14 09:35:56.700,2630.0000,10462,0,213424680.000,0,-,-,-,-,2631.0000,2630.8000,2630.6000,2630.0000,2629.6000,2632.2000,2633.0000,2633.2000,2634.0000,2635.0000,1,1,2,2,1,3,1,1,2,3
SF,IH2009,2020-04-14 09:35:57.200,2630.0000,10462,0,213424680.000,0,-,-,-,-,2631.0000,2630.6000,2630.0000,2629.6000,2628.4000,2632.2000,2633.0000,2633.2000,2634.0000,2635.0000,1,2,2,1,2,2,1,1,2,3
SF,IH2009,2020-04-14 09:35:58.200,2630.0000,10462,0,213424680.000,0,-,-,-,-,2631.0000,2630.6000,2630.0000,2629.6000,2628.4000,2632.0000,2632.2000,2633.0000,2633.2000,2634.0000,1,2,2,1,2,1,2,1,1,2
SF,IH2009,2020-04-14 09:35:58.700,2630.0000,10462,0,213424680.000,0,-,-,-,-,2631.0000,2630.6000,2630.0000,2629.6000,2628.4000,2631.8000,2632.0000,2633.0000,2633.2000,2634.0000,1,2,2,1,2,2,1,1,1,2
SF,IH2009,2020-04-14 09:35:59.200,2630.0000,10462,0,213424680.000,0,-,-,-,-,2631.0000,2630.6000,2630.0000,2629.6000,2628.4000,2631.8000,2632.0000,2633.0000,2633.2000,2634.0000,1,1,2,1,2,2,1,1,1,2
SF,IH2009,2020-04-14 09:36:02.200,2632.0000,10460,-2,215793360.000,3,0,3,多平,S,2631.0000,2630.6000,2630.0000,2629.6000,2628.4000,2633.0000,2633.2000,2634.0000,2635.0000,2635.2000,1,1,2,1,2,1,1,2,4,2
SF,IH2009,2020-04-14 09:36:02.700,2632.0000,10460,0,215793360.000,0,-,-,-,-,2631.2000,2630.0000,2629.6000,2628.4000,2628.0000,2632.8000,2633.0000,2633.2000,2634.0000,2635.0000,2,2,1,2,2,3,1,1,2,4
SF,IH2009,2020-04-14 09:36:03.200,2632.0000,10460,0,215793360.000,0,-,-,-,-,2631.8000,2631.2000,2630.0000,2629.6000,2628.4000,2632.8000,2633.0000,2633.2000,2634.0000,2635.0000,1,2,2,1,2,2,1,1,2,4
SF,IH2009,2020-04-14 09:36:03.700,2631.8000,10459,-1,216582900.000,1,0,1,双平,S,2631.2000,2630.0000,2629.6000,2628.4000,2628.0000,2632.8000,2633.0000,2633.2000,2634.0000,2635.0000,1,2,1,2,2,1,1,1,2,4
SF,IH2009,2020-04-14 09:36:04.200,2631.8000,10459,0,216582900.000,0,-,-,-,-,2631.2000,2630.0000,2629.6000,2628.4000,2628.0000,2632.6000,2632.8000,2633.0000,2633.2000,2634.0000,1,2,1,2,2,1,1,1,1,2
SF,IH2009,2020-04-14 09:36:04.700,2631.8000,10459,0,216582900.000,0,-,-,-,-,2631.4000,2631.2000,2630.0000,2629.6000,2628.4000,2632.4000,2633.0000,2633.2000,2634.0000,2635.0000,1,1,2,1,2,1,1,1,2,4
SF,IH2009,2020-04-14 09:36:05.200,2631.8000,10459,0,216582900.000,0,-,-,-,-,2631.4000,2631.2000,2630.0000,2629.6000,2628.4000,2632.4000,2633.0000,2633.2000,2634.0000,2635.0000,1,1,2,1,2,1,1,1,2,4
SF,IH2009,2020-04-14 09:36:06.700,2631.8000,10459,0,216582900.000,0,-,-,-,-,2631.6000,2631.4000,2631.2000,2630.0000,2629.6000,2632.4000,2633.0000,2633.2000,2634.0000,2635.0000,1,1,1,2,1,1,1,1,2,4
SF,IH2009,2020-04-14 09:36:07.200,2631.8000,10459,0,216582900.000,0,-,-,-,-,2631.4000,2631.2000,2630.0000,2629.6000,2628.4000,2633.0000,2633.2000,2634.0000,2635.0000,2635.2000,1,1,2,1,2,1,1,2,4,2
SF,IH2009,2020-04-14 09:36:07.700,2631.8000,10459,0,216582900.000,0,-,-,-,-,2631.6000,2631.4000,2630.0000,2629.6000,2628.4000,2633.0000,2633.2000,2634.0000,2635.0000,2635.2000,3,1,2,1,2,1,1,2,4,2
