市场代码,合约代码,时间,最新,持仓,增仓,成交额,成交量,开仓,平仓,成交类型,方向,买一价,买二价,买三价,买四价,买五价,卖一价,卖二价,卖三价,卖四价,卖五价,买一量,买二量,买三量,买四量,买五量,卖一量,卖二量,卖三量,卖四量,卖五量
SF,IH2003,2019-11-14 09:29:00.000,2960.0000,11679,0,0.000,0.000,-,-,-,-,2965.8000,2962.4000,2960.4000,2960.0000,2958.4000,2969.6000,2970.0000,2971.6000,2972.2000,2972.8000,1,1,2,1,3,1,1,1,1,1
SF,IH2003,2019-11-14 09:30:00.500,2960.0000,11679,0,0.000,0,-,-,-,-,2960.4000,2955.0000,2954.0000,2951.8000,2945.0000,2969.2000,2969.4000,2969.6000,2969.8000,2970.0000,2,1,1,1,2,9,1,3,1,1
SF,IH2003,2019-11-14 09:30:01.000,2960.0000,11679,0,0.000,0,-,-,-,-,2965.2000,2964.0000,2963.2000,2962.2000,2960.8000,2968.8000,2969.0000,2969.2000,2969.4000,2969.6000,1,3,2,3,9,3,1,9,2,3
SF,IH2003,2019-11-14 09:30:01.500,2960.0000,11679,0,0.000,0,-,-,-,-,2965.0000,2963.2000,2960.8000,2960.6000,2960.4000,2968.4000,2968.6000,2968.8000,2969.0000,2969.4000,1,2,9,3,2,9,1,3,1,1
SF,IH2003,2019-11-14 09:30:02.000,2960.0000,11679,0,0.000,0,-,-,-,-,2965.0000,2960.8000,2960.6000,2960.4000,2960.0000,2968.0000,2968.2000,2968.4000,2968.6000,2969.4000,1,9,3,2,5,3,1,9,1,1
SF,IH2003,2019-11-14 09:30:02.500,2960.0000,11679,0,0.000,0,-,-,-,-,2965.0000,2960.8000,2960.6000,2960.0000,2955.0000,2967.6000,2967.8000,2968.0000,2968.2000,2969.6000,1,9,3,5,1,9,1,4,1,1
SF,IH2003,2019-11-14 09:30:03.000,2960.0000,11679,0,0.000,0,-,-,-,-,2965.2000,2965.0000,2960.8000,2960.6000,2960.0000,2967.4000,2967.6000,2967.8000,2969.6000,2969.8000,1,1,9,3,5,3,9,1,1,1
SF,IH2003,2019-11-14 09:30:03.500,2960.0000,11679,0,0.000,0,-,-,-,-,2965.4000,2965.2000,2965.0000,2960.6000,2960.0000,2967.2000,2967.8000,2969.6000,2969.8000,2970.0000,2,11,1,3,5,1,1,1,1,1
SF,IH2003,2019-11-14 09:30:04.000,2960.0000,11679,0,0.000,0,-,-,-,-,2966.4000,2965.8000,2965.6000,2965.4000,2965.2000,2969.6000,2969.8000,2970.0000,2972.8000,2974.6000,1,9,1,2,2,1,1,1,1,1
SF,IH2003,2019-11-14 09:30:04.500,2960.0000,11679,0,0.000,0,-,-,-,-,2966.8000,2966.6000,2965.6000,2965.2000,2965.0000,2969.4000,2969.6000,2969.8000,2970.0000,2972.8000,9,3,1,1,1,3,1,1,1,1
SF,IH2003,2019-11-14 09:30:05.000,2960.0000,11679,0,0.000,0,-,-,-,-,2967.0000,2966.8000,2966.6000,2965.2000,2965.0000,2969.4000,2969.6000,2969.8000,2970.0000,2972.8000,2,9,1,1,1,3,1,1,1,1
SF,IH2003,2019-11-14 09:30:05.500,2960.0000,11679,0,0.000,0,-,-,-,-,2967.2000,2967.0000,2966.6000,2965.0000,2960.0000,2969.4000,2969.6000,2969.8000,2970.0000,2972.8000,9,2,1,1,5,3,1,1,1,1
SF,IH2003,2019-11-14 09:30:06.000,2969.6000,11677,-2,1781640.000,2,0,2,双平,S,2967.4000,2967.2000,2967.0000,2965.0000,2960.0000,2969.8000,2970.4000,2972.8000,2974.6000,2975.0000,2,9,2,1,5,1,1,1,1,2
SF,IH2003,2019-11-14 09:30:06.500,2968.2000,11677,0,2672100.000,1,0,1,多换,S,2967.8000,2967.6000,2967.4000,2967.0000,2965.0000,2969.6000,2969.8000,2970.0000,2972.8000,2974.6000,9,1,2,1,1,1,1,1,1,1
SF,IH2003,2019-11-14 09:30:07.000,2968.2000,11677,0,2672100.000,0,-,-,-,-,2968.0000,2967.8000,2967.4000,2965.0000,2960.0000,2969.0000,2969.8000,2972.8000,2974.6000,2975.0000,3,9,1,1,5,1,1,1,1,2
SF,IH2003,2019-11-14 09:30:07.500,2969.0000,11676,-1,3562800.000,1,0,1,双平,S,2968.4000,2968.0000,2967.8000,2967.4000,2965.0000,2969.8000,2972.8000,2974.6000,2975.0000,2975.4000,1,2,9,1,1,1,1,1,2,5
SF,IH2003,2019-11-14 09:30:08.000,2968.6000,11675,-1,4453380.000,1,0,1,双平,S,2968.0000,2967.8000,2967.4000,2967.0000,2965.0000,2969.8000,2970.0000,2970.4000,2972.8000,2974.6000,1,9,1,1,1,1,1,1,1,1
SF,IH2003,2019-11-14 09:30:08.500,2968.6000,11675,0,4453380.000,0,-,-,-,-,2968.2000,2968.0000,2967.4000,2965.0000,2960.0000,2969.6000,2969.8000,2970.0000,2972.8000,2974.6000,1,1,1,1,5,1,1,1,1,1
SF,IH2003,2019-11-14 09:30:09.500,2969.6000,11674,-1,5344260.000,1,0,1,双平,S,2968.2000,2968.0000,2967.4000,2965.0000,2960.0000,2969.8000,2970.0000,2970.8000,2972.8000,2974.6000,1,1,2,1,5,1,1,1,1,1
SF,IH2003,2019-11-14 09:30:10.000,2969.6000,11674,0,5344260.000,0,-,-,-,-,2968.2000,2968.0000,2967.4000,2965.0000,2960.0000,2969.8000,2970.0000,2972.8000,2974.6000,2975.0000,1,1,1,1,5,1,1,1,1,2
SF,IH2003,2019-11-14 09:30:10.500,2969.8000,11673,-1,6235200.000,1,0,1,双平,S,2968.2000,2968.0000,2967.4000,2965.0000,2960.0000,2970.0000,2972.8000,2974.6000,2975.0000,2975.4000,1,1,1,1,5,1,1,1,2,5
SF,IH2003,2019-11-14 09:30:11.000,2969.8000,11673,0,6235200.000,0,-,-,-,-,2968.4000,2968.2000,2968.0000,2967.4000,2965.0000,2969.6000,2969.8000,2970.0000,2972.8000,2974.6000,1,1,1,1,1,9,1,1,1,1
SF,IH2003,2019-11-14 09:30:11.500,2969.8000,11673,0,6235200.000,0,-,-,-,-,2968.4000,2968.2000,2968.0000,2967.4000,2965.0000,2969.6000,2969.8000,2970.0000,2972.8000,2974.6000,1,1,1,1,1,9,1,1,1,1
SF,IH2003,2019-11-14 09:30:12.000,2968.4000,11671,-2,8016300.000,2,0,2,双平,S,2968.2000,2968.0000,2967.4000,2966.8000,2965.0000,2969.6000,2969.8000,2970.0000,2970.2000,2972.8000,1,1,1,1,1,9,1,1,1,1
SF,IH2003,2019-11-14 09:30:12.500,2968.4000,11671,0,8016300.000,0,-,-,-,-,2968.2000,2967.4000,2965.0000,2960.0000,2955.0000,2969.4000,2969.6000,2969.8000,2970.0000,2972.8000,1,1,1,5,1,1,9,1,1,1
SF,IH2003,2019-11-14 09:30:13.500,2969.4000,11670,-1,8907120.000,1,0,1,双平,S,2968.2000,2967.6000,2967.4000,2960.0000,2955.0000,2969.8000,2970.0000,2971.0000,2972.8000,2974.6000,1,1,1,5,1,1,1,1,1,1
SF,IH2003,2019-11-14 09:30:14.000,2969.4000,11670,0,8907120.000,0,-,-,-,-,2968.4000,2968.2000,2967.4000,2960.0000,2955.0000,2969.8000,2970.0000,2972.8000,2974.6000,2975.0000,1,1,1,5,1,1,1,1,1,2
SF,IH2003,2019-11-14 09:30:14.500,2969.4000,11670,0,8907120.000,0,-,-,-,-,2967.4000,2960.0000,2955.0000,2954.0000,2951.8000,2969.6000,2969.8000,2970.0000,2972.8000,2974.6000,1,5,1,1,1,10,1,1,1,1
SF,IH2003,2019-11-14 09:30:15.000,2969.4000,11670,0,8907120.000,0,-,-,-,-,2967.6000,2967.4000,2960.0000,2955.0000,2954.0000,2969.4000,2969.6000,2969.8000,2970.0000,2972.8000,1,1,5,1,1,1,9,1,1,1
SF,IH2003,2019-11-14 09:30:15.500,2969.4000,11670,0,10688760.000,2,1,1,多换,S,2960.0000,2955.0000,2954.0000,2951.8000,2949.0000,2969.0000,2969.2000,2969.4000,2969.8000,2970.0000,5,1,1,1,1,7,2,2,1,1
SF,IH2003,2019-11-14 09:30:16.000,2969.4000,11670,0,10688760.000,0,-,-,-,-,2966.8000,2965.6000,2965.2000,2964.4000,2964.0000,2968.8000,2969.4000,2969.8000,2970.0000,2972.8000,1,3,1,1,3,1,1,1,1,1
SF,IH2003,2019-11-14 09:30:16.500,2967.0000,11667,-3,13359060.000,3,0,3,双平,S,2965.2000,2964.0000,2963.2000,2960.4000,2960.2000,2968.6000,2968.8000,2969.0000,2969.4000,2970.0000,1,3,2,7,1,1,2,1,1,1
SF,IH2003,2019-11-14 09:30:17.000,2967.0000,11667,0,13359060.000,0,-,-,-,-,2965.6000,2965.4000,2965.2000,2964.0000,2963.2000,2968.4000,2968.8000,2969.4000,2970.0000,2972.8000,9,3,1,3,2,2,1,1,1,1
SF,IH2003,2019-11-14 09:30:17.500,2967.0000,11667,0,13359060.000,0,-,-,-,-,2965.8000,2965.6000,2965.2000,2964.0000,2963.2000,2968.4000,2970.0000,2972.8000,2974.6000,2975.0000,1,9,1,3,2,2,1,1,1,2
SF,IH2003,2019-11-14 09:30:18.000,2967.0000,11667,0,13359060.000,0,-,-,-,-,2965.8000,2965.6000,2965.2000,2964.0000,2963.2000,2968.4000,2969.2000,2970.0000,2972.8000,2974.6000,1,9,1,3,2,2,1,1,1,1
SF,IH2003,2019-11-14 09:30:18.500,2967.0000,11667,0,13359060.000,0,-,-,-,-,2965.2000,2964.0000,2963.2000,2960.0000,2955.0000,2968.0000,2968.4000,2969.2000,2970.0000,2972.8000,1,3,2,5,1,9,2,1,1,1
SF,IH2003,2019-11-14 09:30:19.000,2967.0000,11667,0,13359060.000,0,-,-,-,-,2965.4000,2965.2000,2964.0000,2963.2000,2960.0000,2967.8000,2969.2000,2970.0000,2972.8000,2974.6000,10,1,3,2,5,2,1,1,1,1
SF,IH2003,2019-11-14 09:30:19.500,2967.8000,11667,0,15139740.000,2,1,1,多换,S,2965.6000,2965.4000,2965.2000,2964.0000,2963.2000,2968.8000,2969.2000,2970.0000,2972.8000,2974.6000,1,1,1,3,2,1,1,1,1,1
SF,IH2003,2019-11-14 09:30:20.000,2967.8000,11667,0,15139740.000,0,-,-,-,-,2965.8000,2965.6000,2965.2000,2964.0000,2963.2000,2968.6000,2969.2000,2970.0000,2972.8000,2974.6000,11,1,1,3,2,1,1,1,1,1
SF,IH2003,2019-11-14 09:30:20.500,2967.8000,11667,0,15139740.000,0,-,-,-,-,2966.0000,2965.8000,2965.2000,2964.0000,2960.0000,2968.4000,2969.0000,2969.2000,2970.0000,2972.8000,1,2,1,3,5,9,2,1,1,1
SF,IH2003,2019-11-14 09:30:21.000,2967.8000,11667,0,15139740.000,0,-,-,-,-,2966.2000,2966.0000,2965.2000,2964.0000,2960.0000,2969.0000,2970.0000,2972.8000,2974.6000,2975.0000,2,10,1,3,5,2,1,1,1,2
SF,IH2003,2019-11-14 09:30:21.500,2967.8000,11667,0,15139740.000,0,-,-,-,-,2966.4000,2965.2000,2964.0000,2960.0000,2955.0000,2968.6000,2968.8000,2969.0000,2970.0000,2972.8000,2,1,3,5,1,9,1,2,1,1
SF,IH2003,2019-11-14 09:30:22.000,2967.8000,11667,0,15139740.000,0,-,-,-,-,2966.4000,2965.2000,2964.0000,2960.0000,2955.0000,2968.4000,2968.6000,2969.0000,2970.0000,2972.8000,2,1,3,5,1,1,9,2,1,1
SF,IH2003,2019-11-14 09:30:22.500,2967.8000,11667,0,15139740.000,0,-,-,-,-,2966.4000,2965.2000,2964.0000,2960.0000,2955.0000,2968.6000,2969.0000,2970.0000,2972.8000,2974.6000,2,1,3,5,1,9,2,1,1,1
SF,IH2003,2019-11-14 09:30:23.000,2967.8000,11667,0,15139740.000,0,-,-,-,-,2966.4000,2965.2000,2964.0000,2960.0000,2955.0000,2968.6000,2969.0000,2970.0000,2972.8000,2974.6000,2,1,3,5,1,9,2,1,1,1
SF,IH2003,2019-11-14 09:30:25.500,2967.8000,11667,0,15139740.000,0,-,-,-,-,2967.4000,2966.4000,2965.2000,2964.0000,2960.0000,2968.6000,2969.0000,2970.0000,2972.8000,2974.6000,1,2,1,3,5,9,2,1,1,1
SF,IH2003,2019-11-14 09:30:26.000,2967.4000,11666,-1,16029960.000,1,0,1,双平,S,2966.4000,2965.2000,2964.0000,2960.0000,2955.0000,2968.4000,2968.6000,2969.0000,2970.0000,2972.8000,1,1,3,5,1,1,9,2,1,1
SF,IH2003,2019-11-14 09:30:26.500,2966.6000,11665,-1,16919940.000,1,0,1,双平,S,2966.4000,2965.2000,2964.0000,2960.0000,2955.0000,2968.2000,2968.6000,2969.0000,2970.0000,2972.8000,1,2,3,5,1,10,1,2,1,1
SF,IH2003,2019-11-14 09:30:27.000,2966.6000,11665,0,16919940.000,0,-,-,-,-,2966.4000,2965.2000,2964.0000,2960.0000,2955.0000,2968.0000,2968.2000,2969.0000,2970.0000,2972.8000,1,1,3,5,1,1,9,2,1,1
SF,IH2003,2019-11-14 09:30:27.500,2966.6000,11665,0,16919940.000,0,-,-,-,-,2966.4000,2965.2000,2964.0000,2960.0000,2955.0000,2969.0000,2970.0000,2972.8000,2974.6000,2975.0000,1,1,3,5,1,2,1,1,1,2
SF,IH2003,2019-11-14 09:30:28.000,2966.6000,11665,0,16919940.000,0,-,-,-,-,2966.4000,2965.2000,2964.0000,2960.0000,2955.0000,2968.6000,2968.8000,2969.0000,2970.0000,2972.8000,1,1,3,5,1,9,1,2,1,1
SF,IH2003,2019-11-14 09:30:28.500,2966.6000,11665,0,16919940.000,0,-,-,-,-,2966.4000,2965.2000,2964.0000,2960.0000,2955.0000,2968.4000,2968.6000,2969.0000,2970.0000,2972.8000,1,1,3,5,1,1,9,2,1,1
SF,IH2003,2019-11-14 09:30:29.000,2966.4000,11664,-1,17809860.000,1,0,1,双平,S,2965.2000,2964.0000,2960.0000,2955.0000,2954.0000,2968.2000,2968.4000,2968.6000,2969.0000,2970.0000,1,3,5,1,1,1,1,9,2,1
SF,IH2003,2019-11-14 09:30:29.500,2966.4000,11664,0,17809860.000,0,-,-,-,-,2965.4000,2965.2000,2964.0000,2960.0000,2955.0000,2968.0000,2968.2000,2969.0000,2970.0000,2972.8000,1,1,3,5,1,1,9,2,1,1
SF,IH2003,2019-11-14 09:30:32.500,2966.4000,11664,0,17809860.000,0,-,-,-,-,2965.4000,2965.2000,2964.0000,2960.0000,2955.0000,2968.0000,2969.0000,2970.0000,2972.8000,2974.6000,1,1,3,5,1,1,2,1,1,1
SF,IH2003,2019-11-14 09:30:33.000,2966.4000,11664,0,17809860.000,0,-,-,-,-,2965.4000,2965.2000,2964.0000,2960.0000,2955.0000,2967.8000,2968.0000,2969.0000,2970.0000,2972.8000,1,1,3,5,1,1,1,2,1,1
SF,IH2003,2019-11-14 09:30:33.500,2966.4000,11664,0,17809860.000,0,-,-,-,-,2965.4000,2965.2000,2964.0000,2960.0000,2955.0000,2967.6000,2967.8000,2969.0000,2970.0000,2972.8000,1,1,3,5,1,1,1,2,1,1
SF,IH2003,2019-11-14 09:30:34.000,2966.4000,11664,0,17809860.000,0,-,-,-,-,2965.4000,2964.0000,2960.0000,2955.0000,2954.0000,2967.4000,2967.6000,2969.0000,2970.0000,2972.8000,1,2,5,1,1,1,1,2,1,1
SF,IH2003,2019-11-14 09:30:34.500,2966.4000,11664,0,17809860.000,0,-,-,-,-,2965.6000,2965.4000,2965.2000,2964.0000,2960.0000,2967.4000,2969.0000,2970.0000,2972.8000,2974.6000,1,1,1,2,5,1,2,1,1,1
SF,IH2003,2019-11-14 09:30:35.000,2966.4000,11664,0,17809860.000,0,-,-,-,-,2964.0000,2960.0000,2955.0000,2954.0000,2951.8000,2967.2000,2967.4000,2969.0000,2970.0000,2972.8000,2,5,1,1,1,1,1,2,1,1
SF,IH2003,2019-11-14 09:30:35.500,2966.4000,11664,0,17809860.000,0,-,-,-,-,2964.2000,2964.0000,2963.8000,2960.0000,2955.0000,2967.0000,2967.2000,2969.0000,2970.0000,2972.8000,12,3,1,5,1,1,10,2,1,1
SF,IH2003,2019-11-14 09:30:36.000,2966.4000,11664,0,17809860.000,0,-,-,-,-,2965.8000,2964.2000,2964.0000,2963.8000,2960.0000,2967.0000,2967.2000,2969.0000,2970.0000,2972.8000,1,12,3,1,5,1,9,2,1,1
SF,IH2003,2019-11-14 09:30:36.500,2966.4000,11664,0,17809860.000,0,-,-,-,-,2964.2000,2964.0000,2963.8000,2960.0000,2955.0000,2967.0000,2969.0000,2970.0000,2972.8000,2974.6000,10,3,1,5,1,1,2,1,1,1
SF,IH2003,2019-11-14 09:30:37.000,2966.4000,11664,0,17809860.000,0,-,-,-,-,2964.4000,2964.2000,2964.0000,2963.8000,2960.0000,2967.0000,2969.0000,2970.0000,2972.8000,2974.6000,2,10,2,1,5,1,2,1,1,1
SF,IH2003,2019-11-14 09:30:37.500,2967.0000,11664,0,18699960.000,1,0,1,多换,S,2967.4000,2964.6000,2964.4000,2964.2000,2964.0000,2969.0000,2970.0000,2972.8000,2974.6000,2975.0000,1,2,2,10,2,2,1,1,1,2
SF,IH2003,2019-11-14 09:30:38.000,2967.4000,11663,-1,20480400.000,2,0,2,多平,S,2964.6000,2964.2000,2964.0000,2963.8000,2960.0000,2967.4000,2968.2000,2968.6000,2968.8000,2969.0000,1,10,2,1,5,1,1,9,6,2
SF,IH2003,2019-11-14 09:30:38.500,2967.4000,11663,0,20480400.000,0,-,-,-,-,2964.8000,2964.6000,2964.2000,2964.0000,2963.8000,2967.2000,2967.8000,2968.6000,2969.0000,2970.0000,1,1,10,2,1,2,1,9,2,1
SF,IH2003,2019-11-14 09:30:39.000,2967.4000,11663,0,20480400.000,0,-,-,-,-,2965.2000,2965.0000,2964.8000,2964.6000,2964.2000,2967.2000,2967.8000,2968.6000,2969.0000,2970.0000,1,10,1,1,1,1,1,9,2,1
SF,IH2003,2019-11-14 09:30:39.500,2967.4000,11663,0,20480400.000,0,-,-,-,-,2965.4000,2964.6000,2964.2000,2964.0000,2960.0000,2967.2000,2967.8000,2968.6000,2969.0000,2970.0000,2,1,1,2,5,1,1,9,2,1
SF,IH2003,2019-11-14 09:30:40.000,2967.4000,11663,0,20480400.000,0,-,-,-,-,2965.4000,2964.6000,2964.2000,2964.0000,2960.0000,2967.2000,2967.8000,2968.0000,2968.6000,2969.0000,2,1,1,2,5,1,1,1,9,2
SF,IH2003,2019-11-14 09:30:40.500,2967.4000,11663,0,20480400.000,0,-,-,-,-,2965.4000,2964.6000,2964.2000,2964.0000,2960.0000,2967.2000,2967.8000,2968.0000,2968.6000,2969.0000,2,1,1,2,5,1,1,1,9,2
SF,IH2003,2019-11-14 09:30:41.000,2967.4000,11663,0,20480400.000,0,-,-,-,-,2965.4000,2965.2000,2964.6000,2964.2000,2964.0000,2967.2000,2967.8000,2968.0000,2968.6000,2969.0000,2,1,1,1,2,1,1,1,9,2
SF,IH2003,2019-11-14 09:30:42.500,2967.4000,11663,0,20480400.000,0,-,-,-,-,2965.4000,2964.6000,2964.2000,2964.0000,2960.0000,2967.2000,2967.8000,2968.0000,2968.6000,2969.0000,2,1,1,2,5,1,1,1,9,2
SF,IH2003,2019-11-14 09:30:43.000,2967.4000,11663,0,20480400.000,0,-,-,-,-,2965.4000,2964.6000,2964.2000,2964.0000,2960.0000,2967.2000,2967.8000,2968.0000,2968.6000,2969.0000,2,1,1,2,5,1,1,1,9,2
SF,IH2003,2019-11-14 09:30:45.500,2967.4000,11663,0,20480400.000,0,-,-,-,-,2965.4000,2965.2000,2964.6000,2964.2000,2964.0000,2967.2000,2967.8000,2968.0000,2968.6000,2969.0000,2,1,1,1,2,1,1,1,9,2
SF,IH2003,2019-11-14 09:30:47.500,2967.4000,11663,0,20480400.000,0,-,-,-,-,2965.4000,2965.2000,2964.6000,2964.2000,2964.0000,2967.2000,2967.8000,2968.0000,2968.6000,2969.0000,2,1,1,1,2,1,1,1,9,2
SF,IH2003,2019-11-14 09:30:49.500,2967.4000,11663,0,20480400.000,0,-,-,-,-,2965.4000,2965.2000,2964.6000,2964.2000,2964.0000,2967.2000,2967.8000,2968.0000,2968.6000,2969.0000,2,1,1,1,2,1,1,1,9,2
SF,IH2003,2019-11-14 09:30:50.000,2967.4000,11663,0,20480400.000,0,-,-,-,-,2965.4000,2964.6000,2964.2000,2964.0000,2960.0000,2967.2000,2967.8000,2968.0000,2968.6000,2969.0000,1,1,1,1,5,1,1,1,9,2
SF,IH2003,2019-11-14 09:30:50.500,2967.4000,11663,0,20480400.000,0,-,-,-,-,2965.6000,2965.4000,2964.6000,2964.2000,2964.0000,2967.2000,2967.8000,2968.0000,2968.6000,2969.0000,1,1,1,1,1,1,1,1,9,2
SF,IH2003,2019-11-14 09:30:51.000,2967.4000,11663,0,20480400.000,0,-,-,-,-,2965.8000,2964.6000,2964.2000,2964.0000,2960.0000,2967.2000,2967.8000,2968.0000,2968.6000,2969.0000,2,1,1,1,5,1,1,1,9,2
SF,IH2003,2019-11-14 09:30:51.500,2967.4000,11663,0,20480400.000,0,-,-,-,-,2965.8000,2964.6000,2964.2000,2964.0000,2960.0000,2967.0000,2967.2000,2967.8000,2968.0000,2968.6000,2,1,1,1,5,1,1,1,1,9
SF,IH2003,2019-11-14 09:30:53.000,2967.2000,11664,1,21370560.000,1,1,0,双开,S,2965.8000,2964.6000,2964.2000,2964.0000,2960.0000,2967.2000,2967.8000,2968.0000,2968.6000,2969.0000,1,1,1,1,5,1,1,1,9,2
SF,IH2003,2019-11-14 09:30:54.000,2967.2000,11664,0,21370560.000,0,-,-,-,-,2966.0000,2965.8000,2964.6000,2964.2000,2964.0000,2967.2000,2967.4000,2967.8000,2968.0000,2968.6000,1,1,1,1,1,1,1,1,1,9
SF,IH2003,2019-11-14 09:30:54.500,2967.2000,11664,0,21370560.000,0,-,-,-,-,2966.2000,2964.6000,2964.2000,2964.0000,2960.0000,2967.2000,2967.4000,2967.8000,2968.0000,2968.6000,1,1,1,1,5,1,1,1,1,9
SF,IH2003,2019-11-14 09:30:55.000,2967.2000,11664,0,21370560.000,0,-,-,-,-,2966.2000,2964.6000,2964.2000,2964.0000,2960.0000,2967.4000,2967.8000,2968.0000,2968.6000,2969.0000,1,1,1,1,5,1,1,1,9,2
SF,IH2003,2019-11-14 09:31:01.500,2966.2000,11663,-1,22260420.000,1,0,1,双平,S,2964.6000,2964.2000,2964.0000,2963.6000,2960.0000,2966.2000,2967.0000,2967.4000,2967.8000,2968.0000,1,1,1,1,5,1,10,1,1,1
SF,IH2003,2019-11-14 09:31:02.000,2966.2000,11663,0,22260420.000,0,-,-,-,-,2964.8000,2964.6000,2964.2000,2964.0000,2960.0000,2967.4000,2967.8000,2968.0000,2969.0000,2969.6000,1,1,1,1,5,1,1,1,2,1
SF,IH2003,2019-11-14 09:31:02.500,2967.0000,11663,0,23150520.000,1,0,1,多换,S,2965.0000,2964.6000,2964.2000,2964.0000,2960.0000,2967.0000,2967.2000,2967.4000,2967.8000,2968.0000,1,1,1,1,5,8,2,1,1,1
SF,IH2003,2019-11-14 09:31:03.000,2967.0000,11663,0,23150520.000,0,-,-,-,-,2965.0000,2964.6000,2964.2000,2964.0000,2960.0000,2966.8000,2967.4000,2967.8000,2968.0000,2969.0000,1,1,1,1,5,1,1,1,1,2
SF,IH2003,2019-11-14 09:31:03.500,2967.0000,11663,0,23150520.000,0,-,-,-,-,2964.6000,2964.2000,2964.0000,2960.0000,2955.0000,2966.8000,2967.4000,2967.8000,2968.0000,2969.0000,1,1,1,5,1,1,1,1,1,2
SF,IH2003,2019-11-14 09:31:04.000,2965.2000,11662,-1,24040080.000,1,0,1,双平,S,2964.6000,2964.2000,2964.0000,2960.0000,2955.0000,2966.8000,2967.4000,2967.8000,2968.0000,2969.0000,1,1,1,5,1,1,1,1,1,2
SF,IH2003,2019-11-14 09:31:06.000,2966.8000,11661,-1,24930120.000,1,0,1,双平,S,2964.6000,2964.2000,2964.0000,2960.0000,2955.0000,2967.4000,2967.6000,2967.8000,2968.0000,2969.0000,1,2,1,5,1,1,1,1,1,2
SF,IH2003,2019-11-14 09:31:06.500,2966.8000,11661,0,24930120.000,0,-,-,-,-,2964.8000,2964.6000,2964.2000,2964.0000,2960.0000,2967.0000,2967.2000,2967.4000,2967.8000,2968.0000,1,1,1,1,5,9,2,1,1,1
SF,IH2003,2019-11-14 09:31:07.000,2966.8000,11661,0,24930120.000,0,-,-,-,-,2964.6000,2964.2000,2956.8000,2955.0000,2954.0000,2966.8000,2967.0000,2967.2000,2967.4000,2967.8000,1,1,5,1,1,1,9,1,1,1
SF,IH2003,2019-11-14 09:31:07.500,2966.8000,11661,0,24930120.000,0,-,-,-,-,2964.6000,2964.2000,2956.8000,2955.0000,2954.0000,2966.8000,2967.0000,2967.2000,2967.4000,2967.8000,1,1,5,1,1,1,9,1,1,1
SF,IH2003,2019-11-14 09:31:08.000,2966.8000,11661,0,24930120.000,0,-,-,-,-,2964.6000,2964.2000,2956.8000,2955.0000,2954.0000,2966.8000,2967.0000,2967.2000,2967.4000,2967.8000,1,1,5,1,1,1,9,1,1,1
SF,IH2003,2019-11-14 09:31:08.500,2966.8000,11661,0,24930120.000,0,-,-,-,-,2964.6000,2964.2000,2956.8000,2955.0000,2954.0000,2966.8000,2967.0000,2967.8000,2968.0000,2969.0000,1,1,5,1,1,1,9,1,1,2
SF,IH2003,2019-11-14 09:31:09.000,2966.8000,11661,0,24930120.000,0,-,-,-,-,2964.6000,2964.2000,2956.8000,2955.0000,2954.0000,2966.6000,2966.8000,2967.0000,2967.8000,2968.0000,1,1,5,1,1,1,1,9,1,1
SF,IH2003,2019-11-14 09:31:09.500,2966.8000,11661,0,24930120.000,0,-,-,-,-,2964.6000,2964.2000,2956.8000,2955.0000,2954.0000,2966.6000,2967.0000,2967.8000,2968.0000,2969.0000,1,1,5,1,1,1,9,1,1,2
SF,IH2003,2019-11-14 09:31:10.000,2966.8000,11661,0,24930120.000,0,-,-,-,-,2964.6000,2964.2000,2956.8000,2955.0000,2954.0000,2966.4000,2967.0000,2967.8000,2968.0000,2969.0000,1,1,5,1,1,2,10,1,1,2
SF,IH2003,2019-11-14 09:31:10.500,2966.8000,11661,0,24930120.000,0,-,-,-,-,2964.6000,2964.2000,2956.8000,2955.0000,2954.0000,2966.2000,2966.4000,2967.0000,2967.8000,2968.0000,1,1,5,1,1,1,2,10,1,1
SF,IH2003,2019-11-14 09:31:11.000,2966.8000,11661,0,24930120.000,0,-,-,-,-,2964.6000,2964.2000,2956.8000,2955.0000,2954.0000,2966.2000,2967.0000,2967.8000,2968.0000,2969.0000,1,1,5,1,1,1,10,1,1,2
SF,IH2003,2019-11-14 09:31:11.500,2966.2000,11661,0,26709840.000,2,1,1,多换,S,2964.8000,2964.6000,2964.2000,2956.8000,2955.0000,2965.8000,2966.0000,2966.2000,2967.0000,2967.8000,1,1,1,5,1,9,1,1,1,1
SF,IH2003,2019-11-14 09:31:12.000,2966.2000,11661,0,26709840.000,0,-,-,-,-,2956.8000,2955.0000,2954.0000,2951.8000,2949.0000,2967.0000,2967.8000,2968.0000,2969.0000,2969.6000,5,1,1,1,1,1,1,1,2,1
SF,IH2003,2019-11-14 09:31:12.500,2966.2000,11661,0,26709840.000,0,-,-,-,-,2964.2000,2962.6000,2962.4000,2961.8000,2961.0000,2966.6000,2966.8000,2967.0000,2967.2000,2967.8000,1,3,1,1,3,9,3,1,1,1
SF,IH2003,2019-11-14 09:31:13.000,2966.2000,11661,0,26709840.000,0,-,-,-,-,2962.4000,2961.0000,2960.0000,2959.2000,2957.2000,2966.4000,2966.6000,2966.8000,2967.0000,2967.2000,1,3,2,1,9,2,9,1,1,1
SF,IH2003,2019-11-14 09:31:13.500,2966.2000,11661,0,26709840.000,0,-,-,-,-,2963.8000,2963.2000,2962.8000,2961.0000,2959.2000,2966.2000,2966.4000,2966.6000,2966.8000,2967.0000,1,2,12,3,1,1,2,9,1,1
SF,IH2003,2019-11-14 09:31:14.000,2966.2000,11661,0,26709840.000,0,-,-,-,-,2964.0000,2963.8000,2963.2000,2962.8000,2961.0000,2966.2000,2966.6000,2966.8000,2967.0000,2967.2000,2,1,2,9,3,1,9,1,1,1
SF,IH2003,2019-11-14 09:31:14.500,2966.2000,11661,0,26709840.000,0,-,-,-,-,2964.0000,2963.8000,2962.8000,2961.0000,2959.2000,2966.6000,2966.8000,2967.0000,2967.2000,2967.8000,2,1,9,3,1,9,1,1,1,1
SF,IH2003,2019-11-14 09:31:15.000,2966.2000,11661,0,26709840.000,0,-,-,-,-,2964.0000,2963.8000,2962.8000,2961.0000,2959.2000,2966.4000,2966.8000,2967.0000,2967.2000,2967.8000,2,1,9,3,1,1,1,1,1,1
SF,IH2003,2019-11-14 09:31:17.500,2966.2000,11661,0,26709840.000,0,-,-,-,-,2964.0000,2963.8000,2962.8000,2961.0000,2959.2000,2966.4000,2966.8000,2967.0000,2967.2000,2967.8000,3,1,9,2,1,1,1,1,1,1
SF,IH2003,2019-11-14 09:31:18.000,2964.0000,11660,-1,27599040.000,1,0,1,双平,S,2964.0000,2963.8000,2962.8000,2962.6000,2961.0000,2966.4000,2967.0000,2967.2000,2967.8000,2968.0000,2,1,9,1,2,1,1,1,1,1
SF,IH2003,2019-11-14 09:31:18.500,2964.0000,11660,0,27599040.000,0,-,-,-,-,2964.0000,2963.8000,2962.8000,2961.0000,2959.2000,2966.0000,2966.2000,2966.4000,2967.0000,2967.2000,1,1,9,2,1,9,1,1,1,1
SF,IH2003,2019-11-14 09:31:19.000,2964.0000,11660,0,27599040.000,0,-,-,-,-,2964.0000,2963.8000,2962.8000,2961.0000,2959.2000,2965.8000,2966.0000,2966.2000,2967.0000,2967.2000,1,1,9,2,1,3,9,1,1,1
SF,IH2003,2019-11-14 09:31:19.500,2964.0000,11660,0,27599040.000,0,-,-,-,-,2963.8000,2962.8000,2961.0000,2959.2000,2956.8000,2965.8000,2966.0000,2966.2000,2967.2000,2967.8000,1,9,2,1,5,3,9,1,1,1
SF,IH2003,2019-11-14 09:31:20.000,2964.0000,11660,0,27599040.000,0,-,-,-,-,2962.8000,2961.0000,2959.2000,2956.8000,2955.0000,2965.8000,2966.0000,2966.2000,2966.6000,2967.2000,9,2,1,5,1,2,9,1,1,1
SF,IH2003,2019-11-14 09:31:20.500,2964.0000,11660,0,27599040.000,0,-,-,-,-,2963.0000,2961.0000,2959.2000,2956.8000,2955.0000,2965.6000,2965.8000,2966.6000,2967.2000,2967.8000,2,2,1,5,1,9,2,1,1,1
SF,IH2003,2019-11-14 09:31:21.000,2964.0000,11660,0,27599040.000,0,-,-,-,-,2964.2000,2963.2000,2963.0000,2961.0000,2959.2000,2965.4000,2966.2000,2966.6000,2967.2000,2967.8000,1,2,11,2,1,2,1,1,1,1
SF,IH2003,2019-11-14 09:31:21.500,2964.2000,11659,-1,28488300.000,1,0,1,双平,S,2963.0000,2961.0000,2959.2000,2956.8000,2955.0000,2965.2000,2965.4000,2965.8000,2966.2000,2966.6000,1,2,1,5,1,9,2,1,1,1
SF,IH2003,2019-11-14 09:31:22.000,2964.2000,11659,0,28488300.000,0,-,-,-,-,2963.0000,2961.0000,2959.2000,2956.8000,2955.0000,2965.0000,2965.2000,2965.4000,2965.8000,2966.2000,1,2,1,5,1,1,9,1,1,1
SF,IH2003,2019-11-14 09:31:22.500,2964.2000,11659,0,28488300.000,0,-,-,-,-,2963.2000,2963.0000,2961.0000,2959.2000,2956.8000,2965.0000,2965.2000,2965.8000,2966.2000,2966.6000,1,1,2,1,5,2,9,1,1,1
SF,IH2003,2019-11-14 09:31:23.000,2964.2000,11659,0,28488300.000,0,-,-,-,-,2963.4000,2963.0000,2961.0000,2959.2000,2956.8000,2964.8000,2965.0000,2965.2000,2965.8000,2966.2000,1,1,2,1,5,1,2,9,1,1
SF,IH2003,2019-11-14 09:31:23.500,2964.2000,11659,0,28488300.000,0,-,-,-,-,2963.4000,2963.0000,2961.0000,2959.2000,2956.8000,2964.6000,2964.8000,2965.0000,2965.2000,2965.8000,1,1,2,1,5,1,1,1,9,1
SF,IH2003,2019-11-14 09:31:24.500,2964.6000,11658,-1,29377680.000,1,0,1,双平,S,2964.6000,2963.6000,2963.4000,2963.0000,2962.8000,2964.8000,2965.8000,2966.2000,2966.6000,2967.2000,1,1,1,1,1,1,1,2,1,1
SF,IH2003,2019-11-14 09:31:25.000,2964.8000,11657,-1,30267120.000,1,0,1,双平,S,2964.6000,2963.4000,2963.0000,2961.0000,2959.2000,2965.8000,2966.2000,2966.6000,2967.2000,2967.8000,1,1,1,2,1,1,1,1,1,1
SF,IH2003,2019-11-14 09:31:25.500,2964.8000,11657,0,30267120.000,0,-,-,-,-,2964.8000,2964.6000,2963.4000,2963.0000,2961.0000,2965.8000,2966.2000,2966.6000,2967.2000,2967.8000,1,1,1,1,2,1,1,1,1,1
SF,IH2003,2019-11-14 09:31:26.500,2965.8000,11656,-1,31156860.000,1,0,1,双平,S,2964.8000,2964.6000,2964.2000,2963.4000,2963.0000,2966.2000,2966.6000,2967.2000,2967.8000,2968.0000,1,1,1,1,1,1,1,1,1,1
SF,IH2003,2019-11-14 09:31:27.000,2965.8000,11656,0,31156860.000,0,-,-,-,-,2965.0000,2964.8000,2964.6000,2964.2000,2963.4000,2966.2000,2966.6000,2967.2000,2967.8000,2968.0000,2,1,1,1,1,1,1,1,1,1
SF,IH2003,2019-11-14 09:31:27.500,2966.2000,11656,0,32046720.000,1,0,1,多换,S,2965.0000,2964.8000,2964.6000,2964.2000,2963.4000,2966.6000,2967.2000,2967.8000,2968.0000,2969.0000,1,1,1,1,1,1,1,1,1,2
SF,IH2003,2019-11-14 09:31:28.000,2966.2000,11656,0,32046720.000,0,-,-,-,-,2965.2000,2964.8000,2964.6000,2964.2000,2963.4000,2966.6000,2967.2000,2967.8000,2968.0000,2969.0000,2,1,1,1,1,1,1,1,1,2
SF,IH2003,2019-11-14 09:31:28.500,2966.2000,11656,0,32046720.000,0,-,-,-,-,2965.2000,2964.8000,2964.6000,2964.2000,2963.4000,2966.6000,2967.2000,2967.8000,2968.0000,2969.0000,2,1,1,1,1,1,1,1,1,2
SF,IH2003,2019-11-14 09:31:29.000,2966.2000,11656,0,32046720.000,0,-,-,-,-,2966.2000,2965.2000,2964.8000,2964.6000,2964.2000,2966.6000,2967.2000,2967.8000,2968.0000,2969.0000,1,1,1,1,1,1,1,1,1,2
SF,IH2003,2019-11-14 09:31:29.500,2966.2000,11656,0,32936580.000,1,0,1,多换,S,2964.8000,2964.6000,2964.2000,2963.4000,2963.0000,2966.6000,2967.2000,2967.8000,2968.0000,2969.0000,1,1,1,1,1,1,1,1,1,2
SF,IH2003,2019-11-14 09:31:30.000,2966.2000,11656,0,32936580.000,0,-,-,-,-,2965.0000,2964.8000,2964.6000,2964.2000,2963.4000,2966.6000,2967.2000,2967.8000,2968.0000,2969.0000,2,1,1,1,1,1,1,1,1,2
SF,IH2003,2019-11-14 09:31:30.500,2966.2000,11656,0,32936580.000,0,-,-,-,-,2965.2000,2965.0000,2964.8000,2964.6000,2964.2000,2966.6000,2967.2000,2967.8000,2968.0000,2969.0000,1,2,1,1,1,1,1,1,1,2
SF,IH2003,2019-11-14 09:31:31.000,2966.2000,11656,0,32936580.000,0,-,-,-,-,2964.8000,2964.6000,2964.2000,2963.4000,2963.0000,2966.6000,2967.2000,2967.8000,2968.0000,2969.0000,1,1,1,1,1,1,1,1,1,2
SF,IH2003,2019-11-14 09:31:31.500,2966.2000,11656,0,32936580.000,0,-,-,-,-,2965.0000,2964.8000,2964.6000,2964.2000,2963.4000,2966.2000,2966.4000,2966.6000,2967.2000,2967.8000,1,1,1,1,1,10,2,1,1,1
SF,IH2003,2019-11-14 09:31:32.000,2966.2000,11656,0,32936580.000,0,-,-,-,-,2964.8000,2964.6000,2964.2000,2963.4000,2963.0000,2966.4000,2966.6000,2967.2000,2967.8000,2968.0000,1,1,1,1,1,1,1,1,1,1
SF,IH2003,2019-11-14 09:31:32.500,2966.2000,11656,0,32936580.000,0,-,-,-,-,2965.0000,2964.8000,2964.6000,2964.2000,2963.4000,2966.4000,2966.6000,2967.2000,2967.8000,2968.0000,3,1,1,1,1,1,1,1,1,1
SF,IH2003,2019-11-14 09:31:33.000,2966.2000,11656,0,32936580.000,0,-,-,-,-,2965.0000,2964.8000,2964.6000,2964.2000,2963.4000,2966.4000,2966.6000,2967.2000,2967.8000,2968.0000,2,1,1,1,1,1,1,1,1,1
SF,IH2003,2019-11-14 09:31:35.500,2966.2000,11656,0,32936580.000,0,-,-,-,-,2965.2000,2965.0000,2964.8000,2964.6000,2964.2000,2966.4000,2966.6000,2967.2000,2967.8000,2968.0000,1,2,1,1,1,1,1,1,1,1
SF,IH2003,2019-11-14 09:31:36.000,2966.2000,11656,0,32936580.000,0,-,-,-,-,2965.2000,2965.0000,2964.8000,2964.6000,2964.2000,2966.4000,2966.6000,2967.2000,2967.8000,2968.0000,1,1,1,1,1,1,1,1,1,1
SF,IH2003,2019-11-14 09:31:36.500,2966.2000,11656,0,32936580.000,0,-,-,-,-,2965.4000,2965.2000,2965.0000,2964.8000,2964.6000,2966.4000,2966.6000,2967.2000,2967.8000,2968.0000,1,1,1,1,1,1,1,1,1,1
SF,IH2003,2019-11-14 09:31:37.000,2966.2000,11656,0,32936580.000,0,-,-,-,-,2965.2000,2965.0000,2964.8000,2964.6000,2964.2000,2966.6000,2967.2000,2967.8000,2968.0000,2969.0000,1,1,1,1,1,1,1,1,1,2
SF,IH2003,2019-11-14 09:31:39.000,2966.2000,11656,0,32936580.000,0,-,-,-,-,2965.2000,2965.0000,2964.8000,2964.6000,2964.2000,2966.6000,2967.2000,2967.8000,2968.0000,2969.0000,1,1,1,1,1,1,1,1,1,2
SF,IH2003,2019-11-14 09:31:41.000,2966.2000,11656,0,32936580.000,0,-,-,-,-,2965.2000,2965.0000,2964.8000,2964.6000,2964.2000,2966.6000,2967.2000,2967.8000,2968.0000,2969.0000,1,2,1,1,1,1,1,1,1,2
SF,IH2003,2019-11-14 09:31:42.000,2966.2000,11656,0,32936580.000,0,-,-,-,-,2965.2000,2965.0000,2964.8000,2964.6000,2964.2000,2967.2000,2967.8000,2968.0000,2969.0000,2969.6000,1,2,1,1,1,1,1,1,2,1
SF,IH2003,2019-11-14 09:31:42.500,2966.2000,11656,0,32936580.000,0,-,-,-,-,2965.4000,2965.2000,2965.0000,2964.8000,2964.6000,2967.0000,2967.2000,2967.8000,2968.0000,2969.0000,1,1,2,1,1,1,1,1,1,2
SF,IH2003,2019-11-14 09:31:43.000,2966.2000,11656,0,32936580.000,0,-,-,-,-,2965.6000,2965.4000,2965.2000,2965.0000,2964.8000,2967.0000,2967.2000,2967.8000,2968.0000,2969.0000,1,1,1,2,1,1,1,1,1,2
SF,IH2003,2019-11-14 09:31:43.500,2966.2000,11656,0,32936580.000,0,-,-,-,-,2965.4000,2965.2000,2965.0000,2964.8000,2964.6000,2967.2000,2967.8000,2968.0000,2969.0000,2969.6000,1,1,2,1,1,1,1,1,2,1
SF,IH2003,2019-11-14 09:31:44.000,2966.2000,11656,0,32936580.000,0,-,-,-,-,2965.6000,2965.4000,2965.2000,2965.0000,2964.8000,2967.2000,2967.8000,2968.0000,2969.0000,2969.6000,2,1,2,1,1,1,1,1,2,1
SF,IH2003,2019-11-14 09:31:45.000,2966.2000,11656,0,32936580.000,0,-,-,-,-,2965.6000,2965.4000,2965.2000,2965.0000,2964.8000,2966.0000,2967.2000,2967.8000,2968.0000,2969.0000,2,1,2,1,1,1,1,1,1,2
SF,IH2003,2019-11-14 09:31:45.500,2966.0000,11655,-1,33826380.000,1,0,1,双平,S,2966.4000,2965.6000,2965.4000,2965.2000,2965.0000,2967.2000,2967.8000,2968.0000,2969.0000,2969.6000,2,2,1,2,1,1,1,1,2,1
SF,IH2003,2019-11-14 09:31:46.000,2966.0000,11655,0,33826380.000,0,-,-,-,-,2965.4000,2965.2000,2965.0000,2964.8000,2964.6000,2967.2000,2967.8000,2968.0000,2969.0000,2969.6000,1,2,1,1,1,1,1,1,2,1
SF,IH2003,2019-11-14 09:31:46.500,2966.0000,11655,0,33826380.000,0,-,-,-,-,2965.6000,2965.4000,2965.2000,2965.0000,2964.8000,2967.2000,2967.8000,2968.0000,2969.0000,2969.6000,3,1,2,1,1,1,1,1,2,1
SF,IH2003,2019-11-14 09:31:47.000,2966.0000,11655,0,33826380.000,0,-,-,-,-,2965.6000,2965.4000,2965.2000,2965.0000,2964.8000,2967.2000,2967.8000,2968.0000,2969.0000,2969.6000,3,1,1,1,1,1,1,1,2,1
SF,IH2003,2019-11-14 09:31:48.500,2966.0000,11655,0,33826380.000,0,-,-,-,-,2965.6000,2965.4000,2965.2000,2965.0000,2964.8000,2966.2000,2967.2000,2967.8000,2968.0000,2969.0000,3,1,1,1,1,1,1,1,1,2
SF,IH2003,2019-11-14 09:31:49.000,2966.0000,11655,0,33826380.000,0,-,-,-,-,2965.6000,2965.4000,2965.2000,2965.0000,2964.8000,2966.2000,2967.2000,2967.8000,2968.0000,2969.0000,3,1,1,1,1,1,1,1,1,2
SF,IH2003,2019-11-14 09:31:49.500,2966.2000,11654,-1,34716240.000,1,0,1,双平,S,2966.2000,2965.6000,2965.4000,2965.2000,2965.0000,2967.2000,2967.8000,2968.0000,2969.0000,2969.6000,1,2,1,1,1,1,1,1,2,1
SF,IH2003,2019-11-14 09:31:50.000,2966.2000,11654,0,34716240.000,0,-,-,-,-,2966.2000,2965.6000,2965.4000,2965.2000,2965.0000,2967.2000,2967.8000,2968.0000,2969.0000,2969.6000,1,1,1,1,1,1,1,1,2,1
SF,IH2003,2019-11-14 09:31:50.500,2966.2000,11654,0,35606100.000,1,0,1,多换,S,2965.6000,2965.4000,2965.2000,2965.0000,2964.8000,2967.2000,2967.8000,2968.0000,2969.0000,2969.6000,1,1,1,1,1,1,1,1,2,1
SF,IH2003,2019-11-14 09:31:51.500,2965.6000,11653,-1,36495780.000,1,0,1,双平,S,2965.4000,2965.2000,2965.0000,2964.8000,2964.6000,2967.2000,2967.8000,2968.0000,2969.0000,2969.6000,1,1,1,1,1,1,1,1,2,1
SF,IH2003,2019-11-14 09:31:52.000,2965.6000,11653,0,36495780.000,0,-,-,-,-,2965.6000,2965.4000,2965.2000,2965.0000,2964.8000,2967.2000,2967.8000,2968.0000,2969.0000,2969.6000,2,1,2,1,1,1,1,1,2,1
SF,IH2003,2019-11-14 09:31:52.500,2965.6000,11653,0,36495780.000,0,-,-,-,-,2965.8000,2965.6000,2965.4000,2965.2000,2965.0000,2967.2000,2967.8000,2968.0000,2969.0000,2969.6000,1,2,1,2,1,1,1,1,2,1
SF,IH2003,2019-11-14 09:31:53.000,2965.6000,11653,0,36495780.000,0,-,-,-,-,2966.0000,2965.8000,2965.4000,2965.2000,2965.0000,2967.2000,2967.8000,2968.0000,2969.0000,2969.6000,2,1,1,2,1,1,1,1,2,1
SF,IH2003,2019-11-14 09:31:53.500,2965.6000,11653,0,36495780.000,0,-,-,-,-,2966.0000,2965.8000,2965.4000,2965.2000,2965.0000,2967.2000,2967.8000,2968.0000,2969.0000,2969.6000,2,1,1,2,1,1,1,1,2,1
SF,IH2003,2019-11-14 09:31:54.000,2965.6000,11653,0,36495780.000,0,-,-,-,-,2966.0000,2965.8000,2965.4000,2965.2000,2965.0000,2967.2000,2967.8000,2968.0000,2969.0000,2969.6000,2,1,1,2,1,2,1,1,2,1
SF,IH2003,2019-11-14 09:31:55.000,2965.6000,11653,0,36495780.000,0,-,-,-,-,2966.0000,2965.8000,2965.4000,2965.2000,2965.0000,2967.2000,2967.8000,2968.0000,2969.0000,2969.6000,1,1,1,1,1,2,1,1,2,1
SF,IH2003,2019-11-14 09:31:55.500,2965.6000,11653,0,36495780.000,0,-,-,-,-,2965.4000,2965.2000,2965.0000,2964.8000,2964.6000,2967.2000,2967.8000,2968.0000,2969.0000,2969.6000,1,1,1,1,1,1,1,1,2,1
SF,IH2003,2019-11-14 09:31:56.000,2965.6000,11653,0,36495780.000,0,-,-,-,-,2965.6000,2965.4000,2965.2000,2965.0000,2964.8000,2967.2000,2967.8000,2968.0000,2969.0000,2969.6000,1,1,2,1,1,1,1,1,2,1
SF,IH2003,2019-11-14 09:31:58.500,2965.6000,11653,0,36495780.000,0,-,-,-,-,2965.8000,2965.6000,2965.4000,2965.2000,2965.0000,2967.2000,2967.8000,2968.0000,2969.0000,2969.6000,1,1,1,2,1,1,1,1,2,1
SF,IH2003,2019-11-14 09:31:59.000,2965.6000,11653,0,36495780.000,0,-,-,-,-,2965.4000,2965.2000,2965.0000,2964.8000,2964.6000,2967.2000,2967.8000,2968.0000,2969.0000,2969.6000,1,2,1,1,1,1,1,1,2,1
SF,IH2003,2019-11-14 09:31:59.500,2965.6000,11653,0,36495780.000,0,-,-,-,-,2966.0000,2965.6000,2965.4000,2965.2000,2965.0000,2967.2000,2967.8000,2968.0000,2969.0000,2969.6000,1,2,1,2,1,1,1,1,2,1
SF,IH2003,2019-11-14 09:32:00.000,2965.6000,11653,0,36495780.000,0,-,-,-,-,2966.0000,2965.4000,2965.2000,2965.0000,2964.8000,2967.2000,2967.8000,2968.0000,2969.0000,2969.6000,1,1,2,1,1,1,1,1,2,1
SF,IH2003,2019-11-14 09:32:00.500,2965.6000,11653,0,36495780.000,0,-,-,-,-,2966.0000,2965.8000,2965.4000,2965.2000,2965.0000,2967.2000,2967.8000,2968.0000,2969.0000,2969.6000,1,1,1,2,1,1,1,1,2,1
SF,IH2003,2019-11-14 09:32:01.500,2965.6000,11653,0,36495780.000,0,-,-,-,-,2966.0000,2965.8000,2965.4000,2965.2000,2965.0000,2967.2000,2967.8000,2968.0000,2969.0000,2969.6000,1,1,1,1,1,1,1,1,2,1
SF,IH2003,2019-11-14 09:32:02.000,2965.6000,11653,0,36495780.000,0,-,-,-,-,2965.8000,2965.4000,2965.2000,2965.0000,2964.8000,2967.2000,2967.8000,2968.0000,2969.0000,2969.6000,1,1,1,1,1,1,1,1,2,1
SF,IH2003,2019-11-14 09:32:02.500,2965.6000,11653,0,36495780.000,0,-,-,-,-,2965.8000,2965.4000,2965.2000,2965.0000,2964.8000,2967.0000,2967.2000,2967.8000,2968.0000,2969.0000,1,1,1,1,1,1,1,1,1,2
SF,IH2003,2019-11-14 09:32:03.000,2965.6000,11653,0,36495780.000,0,-,-,-,-,2965.8000,2965.4000,2965.2000,2965.0000,2964.8000,2967.0000,2967.2000,2967.8000,2968.0000,2969.0000,1,1,1,1,1,1,1,1,1,2
SF,IH2003,2019-11-14 09:32:03.500,2965.6000,11653,0,36495780.000,0,-,-,-,-,2965.8000,2965.4000,2965.2000,2965.0000,2964.8000,2967.0000,2967.2000,2967.8000,2968.0000,2969.0000,1,1,1,1,1,1,1,1,1,2
SF,IH2003,2019-11-14 09:32:05.500,2965.8000,11654,1,37385520.000,1,1,0,双开,S,2965.4000,2965.2000,2965.0000,2964.8000,2964.6000,2965.8000,2967.0000,2967.2000,2967.8000,2968.0000,1,1,1,1,1,3,1,1,1,1
SF,IH2003,2019-11-14 09:32:06.000,2965.8000,11654,0,40054740.000,3,1,2,多换,S,2966.0000,2965.6000,2965.4000,2965.2000,2965.0000,2967.0000,2967.2000,2967.8000,2968.0000,2969.0000,2,1,1,2,1,1,1,1,1,2
SF,IH2003,2019-11-14 09:32:06.500,2965.8000,11654,0,40054740.000,0,-,-,-,-,2966.0000,2965.4000,2965.2000,2965.0000,2964.8000,2967.2000,2967.8000,2968.0000,2969.0000,2969.6000,1,1,2,1,1,1,1,1,2,1
SF,IH2003,2019-11-14 09:32:07.000,2965.8000,11654,0,40054740.000,0,-,-,-,-,2966.0000,2965.4000,2965.2000,2965.0000,2964.8000,2967.2000,2967.8000,2969.0000,2969.6000,2970.0000,1,1,2,1,1,1,1,2,1,1
SF,IH2003,2019-11-14 09:32:07.500,2965.8000,11654,0,40054740.000,0,-,-,-,-,2966.0000,2965.4000,2965.2000,2965.0000,2964.8000,2967.2000,2967.8000,2969.0000,2969.6000,2970.0000,1,1,2,1,1,1,1,2,1,1
SF,IH2003,2019-11-14 09:32:08.000,2965.8000,11654,0,40054740.000,0,-,-,-,-,2966.0000,2965.4000,2965.2000,2965.0000,2964.8000,2967.8000,2969.0000,2969.6000,2970.0000,2972.8000,1,1,2,1,1,1,2,1,1,1
SF,IH2003,2019-11-14 09:32:08.500,2965.8000,11654,0,40054740.000,0,-,-,-,-,2966.2000,2966.0000,2965.4000,2965.2000,2965.0000,2967.8000,2969.0000,2969.6000,2970.0000,2972.8000,1,1,1,2,1,1,2,1,1,1
SF,IH2003,2019-11-14 09:32:09.000,2965.8000,11654,0,40054740.000,0,-,-,-,-,2966.0000,2965.4000,2965.2000,2965.0000,2964.8000,2967.8000,2969.0000,2969.6000,2970.0000,2972.8000,1,1,2,1,1,1,2,1,1,1
SF,IH2003,2019-11-14 09:32:09.500,2965.8000,11654,0,40054740.000,0,-,-,-,-,2966.2000,2966.0000,2965.4000,2965.2000,2965.0000,2967.8000,2969.0000,2969.6000,2970.0000,2972.8000,2,1,1,2,1,1,2,1,1,1
SF,IH2003,2019-11-14 09:32:10.000,2965.8000,11654,0,40054740.000,0,-,-,-,-,2966.4000,2966.2000,2966.0000,2965.4000,2965.2000,2967.8000,2969.0000,2969.6000,2970.0000,2972.8000,1,2,1,1,2,1,2,1,1,1
SF,IH2003,2019-11-14 09:32:10.500,2965.8000,11654,0,40054740.000,0,-,-,-,-,2966.6000,2966.4000,2966.0000,2965.4000,2965.2000,2967.8000,2969.0000,2969.6000,2970.0000,2972.8000,1,1,1,1,2,1,2,1,1,1
SF,IH2003,2019-11-14 09:32:11.000,2967.8000,11654,0,40945080.000,1,0,1,多换,S,2966.8000,2966.6000,2966.4000,2966.2000,2966.0000,2969.0000,2969.6000,2970.0000,2972.8000,2974.6000,1,1,1,2,1,2,1,1,1,1
SF,IH2003,2019-11-14 09:32:11.500,2967.8000,11654,0,40945080.000,0,-,-,-,-,2966.4000,2966.2000,2966.0000,2965.4000,2965.2000,2968.6000,2968.8000,2969.0000,2969.6000,2970.0000,1,2,1,1,1,10,1,2,1,1
SF,IH2003,2019-11-14 09:32:12.000,2967.8000,11654,0,40945080.000,0,-,-,-,-,2966.6000,2966.4000,2966.2000,2966.0000,2965.4000,2968.4000,2968.6000,2969.0000,2969.6000,2970.0000,2,1,2,1,1,1,1,2,1,1
SF,IH2003,2019-11-14 09:32:12.500,2967.8000,11654,0,40945080.000,0,-,-,-,-,2966.8000,2966.6000,2966.4000,2966.2000,2966.0000,2968.6000,2969.0000,2969.6000,2970.0000,2972.8000,1,2,1,2,1,1,2,1,1,1
SF,IH2003,2019-11-14 09:32:13.000,2967.8000,11654,0,40945080.000,0,-,-,-,-,2966.6000,2966.4000,2966.2000,2966.0000,2965.4000,2968.4000,2968.6000,2969.0000,2969.6000,2970.0000,1,1,2,1,1,1,1,2,1,1
SF,IH2003,2019-11-14 09:32:13.500,2967.8000,11654,0,40945080.000,0,-,-,-,-,2966.4000,2966.2000,2966.0000,2965.4000,2965.2000,2968.2000,2968.4000,2968.6000,2969.0000,2969.6000,1,2,1,1,1,9,1,1,2,1
SF,IH2003,2019-11-14 09:32:14.000,2967.8000,11654,0,40945080.000,0,-,-,-,-,2966.6000,2966.2000,2966.0000,2965.4000,2965.2000,2968.0000,2968.2000,2968.6000,2969.0000,2969.6000,3,2,1,1,1,1,9,1,2,1
SF,IH2003,2019-11-14 09:32:14.500,2967.8000,11654,0,40945080.000,0,-,-,-,-,2966.2000,2966.0000,2965.4000,2965.2000,2965.0000,2968.0000,2968.2000,2968.6000,2969.0000,2969.6000,2,1,1,1,1,1,9,1,2,1
SF,IH2003,2019-11-14 09:32:15.000,2967.8000,11654,0,40945080.000,0,-,-,-,-,2966.4000,2966.2000,2966.0000,2965.4000,2965.2000,2968.0000,2968.6000,2969.0000,2969.6000,2970.0000,2,2,1,1,1,1,1,2,1,1
SF,IH2003,2019-11-14 09:32:15.500,2967.8000,11654,0,40945080.000,0,-,-,-,-,2966.6000,2966.4000,2966.2000,2966.0000,2965.4000,2968.0000,2968.6000,2969.0000,2969.6000,2970.0000,1,2,2,1,1,1,1,2,1,1
SF,IH2003,2019-11-14 09:32:16.000,2967.8000,11654,0,40945080.000,0,-,-,-,-,2966.2000,2966.0000,2965.4000,2965.2000,2965.0000,2968.0000,2968.6000,2969.0000,2969.6000,2970.0000,2,1,1,1,1,1,1,2,1,1
SF,IH2003,2019-11-14 09:32:16.500,2967.8000,11654,0,40945080.000,0,-,-,-,-,2966.4000,2966.2000,2966.0000,2965.4000,2965.2000,2968.0000,2968.6000,2969.0000,2969.6000,2970.0000,3,2,1,1,1,1,1,2,1,1
SF,IH2003,2019-11-14 09:32:17.000,2967.8000,11654,0,40945080.000,0,-,-,-,-,2966.4000,2966.2000,2966.0000,2965.4000,2965.2000,2968.0000,2968.6000,2969.0000,2969.6000,2970.0000,3,2,1,1,1,1,1,2,1,1
SF,IH2003,2019-11-14 09:32:17.500,2967.8000,11654,0,40945080.000,0,-,-,-,-,2966.6000,2966.4000,2966.2000,2966.0000,2965.4000,2968.0000,2968.6000,2969.0000,2969.6000,2970.0000,1,3,2,1,1,1,1,2,1,1
SF,IH2003,2019-11-14 09:32:18.000,2967.8000,11654,0,40945080.000,0,-,-,-,-,2966.8000,2966.4000,2966.2000,2966.0000,2965.4000,2968.0000,2968.6000,2969.0000,2969.6000,2970.0000,1,1,2,1,1,1,1,2,1,1
SF,IH2003,2019-11-14 09:32:18.500,2968.0000,11653,-1,41835480.000,1,0,1,双平,S,2967.0000,2966.8000,2966.6000,2966.4000,2966.2000,2968.0000,2968.6000,2969.0000,2969.6000,2970.0000,2,1,1,1,2,1,1,2,1,1
SF,IH2003,2019-11-14 09:32:19.000,2968.0000,11653,0,41835480.000,0,-,-,-,-,2967.2000,2966.8000,2966.6000,2966.4000,2966.2000,2968.0000,2968.6000,2969.0000,2969.6000,2970.0000,1,1,1,1,2,1,1,2,1,1
SF,IH2003,2019-11-14 09:32:19.500,2968.0000,11653,0,41835480.000,0,-,-,-,-,2966.6000,2966.4000,2966.2000,2966.0000,2965.4000,2968.0000,2968.6000,2969.0000,2969.6000,2970.0000,1,1,2,1,1,1,1,2,1,1
SF,IH2003,2019-11-14 09:32:20.000,2968.0000,11653,0,41835480.000,0,-,-,-,-,2966.8000,2966.6000,2966.4000,2966.2000,2966.0000,2968.0000,2968.6000,2969.0000,2969.6000,2970.0000,3,1,1,2,1,1,1,2,1,1
SF,IH2003,2019-11-14 09:32:20.500,2968.0000,11653,0,41835480.000,0,-,-,-,-,2967.0000,2966.8000,2966.6000,2966.4000,2966.2000,2968.0000,2969.0000,2969.6000,2970.0000,2972.8000,1,3,1,1,2,1,2,1,1,1
SF,IH2003,2019-11-14 09:32:21.000,2968.0000,11653,0,41835480.000,0,-,-,-,-,2967.2000,2967.0000,2966.8000,2966.6000,2966.4000,2968.0000,2969.0000,2969.6000,2970.0000,2972.8000,2,1,1,1,1,1,2,1,1,1
SF,IH2003,2019-11-14 09:32:21.500,2968.0000,11653,0,41835480.000,0,-,-,-,-,2966.8000,2966.6000,2966.4000,2966.2000,2966.0000,2968.0000,2969.0000,2969.6000,2970.0000,2972.8000,1,1,1,2,1,1,2,1,1,1
SF,IH2003,2019-11-14 09:32:23.000,2968.0000,11653,0,41835480.000,0,-,-,-,-,2967.0000,2966.8000,2966.6000,2966.4000,2966.2000,2968.0000,2969.0000,2969.6000,2970.0000,2972.8000,1,1,1,1,2,1,2,1,1,1
SF,IH2003,2019-11-14 09:32:23.500,2968.0000,11653,0,41835480.000,0,-,-,-,-,2966.8000,2966.6000,2966.4000,2966.2000,2966.0000,2967.8000,2968.0000,2969.0000,2969.6000,2970.0000,1,1,1,2,1,1,1,2,1,1
SF,IH2003,2019-11-14 09:32:24.000,2966.8000,11653,0,42725520.000,1,0,1,多换,S,2966.6000,2966.4000,2966.2000,2966.0000,2965.4000,2967.8000,2968.0000,2969.0000,2969.6000,2970.0000,1,1,2,1,1,1,1,2,1,1
SF,IH2003,2019-11-14 09:32:24.500,2966.8000,11653,0,42725520.000,0,-,-,-,-,2966.4000,2966.2000,2966.0000,2965.4000,2965.2000,2967.8000,2968.0000,2969.0000,2969.6000,2970.0000,1,2,1,1,1,1,1,2,1,1
SF,IH2003,2019-11-14 09:32:27.000,2966.8000,11653,0,42725520.000,0,-,-,-,-,2966.8000,2966.4000,2966.2000,2966.0000,2965.4000,2967.8000,2968.0000,2969.0000,2969.6000,2970.0000,1,1,2,1,1,1,1,2,1,1
SF,IH2003,2019-11-14 09:32:27.500,2966.8000,11653,0,43615560.000,1,0,1,多换,S,2966.4000,2966.2000,2966.0000,2965.4000,2965.2000,2967.8000,2968.0000,2969.0000,2969.6000,2970.0000,1,2,1,1,1,1,1,2,1,1
SF,IH2003,2019-11-14 09:32:28.500,2966.8000,11653,0,43615560.000,0,-,-,-,-,2966.6000,2966.4000,2966.2000,2966.0000,2965.4000,2967.8000,2968.0000,2969.0000,2969.6000,2970.0000,1,1,2,1,1,1,1,2,1,1
SF,IH2003,2019-11-14 09:32:29.000,2966.8000,11653,0,43615560.000,0,-,-,-,-,2966.8000,2966.4000,2966.2000,2966.0000,2965.4000,2967.8000,2968.0000,2969.0000,2969.6000,2970.0000,1,1,2,1,1,1,1,2,1,1
SF,IH2003,2019-11-14 09:32:30.000,2966.8000,11654,1,44505600.000,1,1,0,双开,S,2966.4000,2966.2000,2966.0000,2965.4000,2965.2000,2967.8000,2968.0000,2969.0000,2969.6000,2970.0000,1,2,1,1,1,1,1,2,1,1
SF,IH2003,2019-11-14 09:32:30.500,2966.8000,11654,0,44505600.000,0,-,-,-,-,2966.6000,2966.4000,2966.2000,2966.0000,2965.4000,2967.8000,2968.0000,2969.0000,2969.6000,2970.0000,2,1,2,1,1,1,1,2,1,1
SF,IH2003,2019-11-14 09:32:31.000,2966.8000,11654,0,44505600.000,0,-,-,-,-,2966.8000,2966.6000,2966.4000,2966.2000,2966.0000,2967.8000,2968.0000,2969.0000,2969.6000,2970.0000,1,2,1,2,1,1,1,2,1,1
SF,IH2003,2019-11-14 09:32:32.000,2966.8000,11654,0,44505600.000,0,-,-,-,-,2966.6000,2966.4000,2966.2000,2966.0000,2965.4000,2967.8000,2968.0000,2969.0000,2969.6000,2970.0000,2,1,2,1,1,1,1,2,1,1
SF,IH2003,2019-11-14 09:32:32.500,2966.8000,11654,0,44505600.000,0,-,-,-,-,2966.8000,2966.6000,2966.4000,2966.2000,2966.0000,2967.8000,2968.0000,2969.0000,2969.6000,2970.0000,1,2,1,2,1,1,1,2,1,1
SF,IH2003,2019-11-14 09:32:33.000,2966.8000,11654,0,44505600.000,0,-,-,-,-,2966.6000,2966.4000,2966.2000,2966.0000,2965.4000,2967.4000,2967.8000,2968.0000,2969.0000,2969.6000,2,1,2,1,1,1,1,1,2,1
SF,IH2003,2019-11-14 09:32:33.500,2966.8000,11654,0,44505600.000,0,-,-,-,-,2966.8000,2966.6000,2966.4000,2966.2000,2966.0000,2967.4000,2967.8000,2968.0000,2969.0000,2969.6000,1,2,1,2,1,1,1,1,2,1
SF,IH2003,2019-11-14 09:32:34.000,2966.8000,11654,0,44505600.000,0,-,-,-,-,2966.8000,2966.6000,2966.4000,2966.2000,2966.0000,2967.8000,2968.0000,2969.0000,2969.6000,2970.0000,1,2,1,2,1,1,1,2,1,1
SF,IH2003,2019-11-14 09:32:34.500,2966.8000,11654,0,44505600.000,0,-,-,-,-,2966.8000,2966.6000,2966.4000,2966.2000,2966.0000,2967.6000,2967.8000,2968.0000,2969.0000,2969.6000,1,2,1,2,1,1,1,1,2,1
SF,IH2003,2019-11-14 09:32:35.000,2966.8000,11654,0,44505600.000,0,-,-,-,-,2966.8000,2966.6000,2966.4000,2966.2000,2966.0000,2968.0000,2969.0000,2969.6000,2970.0000,2972.8000,1,2,1,2,1,1,2,1,1,1
SF,IH2003,2019-11-14 09:32:35.500,2966.8000,11654,0,44505600.000,0,-,-,-,-,2966.8000,2966.6000,2966.4000,2966.2000,2966.0000,2967.8000,2968.0000,2969.0000,2969.6000,2970.0000,1,2,1,2,1,1,1,2,1,1
SF,IH2003,2019-11-14 09:32:36.000,2966.8000,11654,0,44505600.000,0,-,-,-,-,2966.8000,2966.6000,2966.4000,2966.2000,2966.0000,2967.8000,2968.0000,2969.0000,2969.6000,2970.0000,1,2,1,2,1,1,1,2,1,1
SF,IH2003,2019-11-14 09:32:36.500,2966.8000,11654,0,44505600.000,0,-,-,-,-,2966.6000,2966.4000,2966.2000,2966.0000,2965.4000,2967.8000,2968.0000,2969.0000,2969.6000,2970.0000,2,1,2,1,1,1,1,2,1,1
SF,IH2003,2019-11-14 09:32:37.000,2966.8000,11654,0,44505600.000,0,-,-,-,-,2966.8000,2966.6000,2966.4000,2966.2000,2966.0000,2967.8000,2968.0000,2969.0000,2969.6000,2970.0000,1,2,1,2,1,1,1,2,1,1
SF,IH2003,2019-11-14 09:32:37.500,2966.8000,11654,0,44505600.000,0,-,-,-,-,2967.0000,2966.6000,2966.4000,2966.2000,2966.0000,2967.8000,2968.0000,2969.0000,2969.6000,2970.0000,1,2,1,2,1,1,1,2,1,1
SF,IH2003,2019-11-14 09:32:38.000,2967.8000,11653,-1,45395940.000,1,0,1,双平,S,2967.2000,2967.0000,2966.6000,2966.4000,2966.2000,2968.0000,2969.0000,2969.6000,2970.0000,2972.8000,1,3,3,1,2,1,2,1,1,1
SF,IH2003,2019-11-14 09:32:38.500,2967.8000,11653,0,45395940.000,0,-,-,-,-,2966.6000,2966.4000,2966.2000,2966.0000,2965.4000,2968.0000,2969.0000,2969.6000,2970.0000,2972.8000,3,1,2,1,1,1,2,1,1,1
SF,IH2003,2019-11-14 09:32:39.000,2967.8000,11653,0,45395940.000,0,-,-,-,-,2966.8000,2966.6000,2966.4000,2966.2000,2966.0000,2968.0000,2969.0000,2969.6000,2970.0000,2972.8000,2,3,1,2,1,1,2,1,1,1
SF,IH2003,2019-11-14 09:32:40.500,2967.8000,11653,0,45395940.000,0,-,-,-,-,2966.8000,2966.6000,2966.4000,2966.2000,2966.0000,2968.0000,2969.0000,2969.6000,2970.0000,2972.8000,2,2,1,2,1,1,2,1,1,1
SF,IH2003,2019-11-14 09:32:41.000,2967.8000,11653,0,45395940.000,0,-,-,-,-,2966.8000,2966.6000,2966.4000,2966.2000,2966.0000,2968.0000,2969.0000,2969.6000,2970.0000,2972.8000,2,3,1,2,1,1,2,1,1,1
SF,IH2003,2019-11-14 09:32:41.500,2967.8000,11653,0,45395940.000,0,-,-,-,-,2966.8000,2966.6000,2966.4000,2966.2000,2966.0000,2968.0000,2969.0000,2969.6000,2970.0000,2972.8000,2,3,1,2,1,2,2,1,1,1
SF,IH2003,2019-11-14 09:32:42.000,2967.8000,11653,0,45395940.000,0,-,-,-,-,2966.8000,2966.6000,2966.4000,2966.2000,2966.0000,2968.0000,2969.0000,2969.6000,2970.0000,2972.8000,2,3,1,2,1,2,2,1,1,1
SF,IH2003,2019-11-14 09:32:42.500,2967.8000,11653,0,45395940.000,0,-,-,-,-,2966.8000,2966.6000,2966.4000,2966.2000,2966.0000,2968.0000,2969.0000,2969.6000,2970.0000,2972.8000,2,3,1,2,1,2,2,1,1,1
SF,IH2003,2019-11-14 09:32:43.000,2967.8000,11653,0,45395940.000,0,-,-,-,-,2966.8000,2966.6000,2966.4000,2966.2000,2966.0000,2968.0000,2969.0000,2969.6000,2970.0000,2972.8000,2,3,1,2,1,2,2,1,1,1
SF,IH2003,2019-11-14 09:32:43.500,2967.8000,11653,0,45395940.000,0,-,-,-,-,2966.8000,2966.6000,2966.4000,2966.2000,2966.0000,2968.0000,2969.0000,2969.6000,2970.0000,2972.8000,3,3,1,2,1,2,2,1,1,1
SF,IH2003,2019-11-14 09:32:44.000,2967.8000,11653,0,45395940.000,0,-,-,-,-,2967.0000,2966.8000,2966.6000,2966.4000,2966.2000,2968.0000,2969.0000,2969.6000,2970.0000,2972.8000,3,3,3,1,2,2,2,1,1,1
SF,IH2003,2019-11-14 09:32:44.500,2968.0000,11651,-2,47176740.000,2,0,2,双平,S,2967.2000,2967.0000,2966.8000,2966.6000,2966.4000,2969.0000,2969.6000,2970.0000,2972.8000,2974.6000,2,3,1,3,1,2,1,1,1,1
SF,IH2003,2019-11-14 09:32:45.000,2968.0000,11651,0,47176740.000,0,-,-,-,-,2967.4000,2967.2000,2967.0000,2966.8000,2966.6000,2968.8000,2969.0000,2969.6000,2970.0000,2972.8000,1,2,4,1,3,1,2,1,1,1
SF,IH2003,2019-11-14 09:32:45.500,2968.0000,11651,0,47176740.000,0,-,-,-,-,2967.6000,2967.4000,2967.0000,2966.8000,2966.6000,2969.0000,2969.6000,2970.0000,2972.8000,2974.6000,1,1,4,1,3,2,1,1,1,1
SF,IH2003,2019-11-14 09:32:46.000,2968.0000,11651,0,47176740.000,0,-,-,-,-,2967.4000,2967.0000,2966.8000,2966.6000,2966.4000,2968.8000,2969.0000,2969.6000,2970.0000,2972.8000,1,2,1,3,1,1,2,1,1,1
SF,IH2003,2019-11-14 09:32:46.500,2968.0000,11651,0,47176740.000,0,-,-,-,-,2967.4000,2967.0000,2966.8000,2966.6000,2966.4000,2969.0000,2969.6000,2970.0000,2972.8000,2974.6000,1,2,1,3,1,2,1,1,1,1
SF,IH2003,2019-11-14 09:32:47.000,2968.0000,11651,0,47176740.000,0,-,-,-,-,2967.4000,2967.0000,2966.8000,2966.6000,2966.4000,2968.8000,2969.0000,2969.6000,2970.0000,2972.8000,1,2,1,3,1,1,2,1,1,1
SF,IH2003,2019-11-14 09:32:47.500,2968.0000,11651,0,47176740.000,0,-,-,-,-,2967.4000,2967.0000,2966.8000,2966.6000,2966.4000,2969.0000,2969.6000,2970.0000,2972.8000,2974.6000,1,2,1,3,1,2,1,1,1,1
SF,IH2003,2019-11-14 09:32:48.000,2968.0000,11651,0,47176740.000,0,-,-,-,-,2967.6000,2967.4000,2967.0000,2966.8000,2966.6000,2969.0000,2969.6000,2970.0000,2972.8000,2974.6000,1,1,2,1,3,2,1,1,1,1
SF,IH2003,2019-11-14 09:32:48.500,2968.0000,11651,0,47176740.000,0,-,-,-,-,2967.4000,2967.0000,2966.8000,2966.6000,2966.4000,2969.0000,2969.6000,2970.0000,2972.8000,2974.6000,1,2,1,3,1,2,1,1,1,1
SF,IH2003,2019-11-14 09:32:49.000,2968.0000,11651,0,47176740.000,0,-,-,-,-,2967.4000,2967.0000,2966.8000,2966.6000,2966.4000,2969.0000,2969.6000,2970.0000,2972.8000,2974.6000,1,2,1,3,1,2,1,1,1,1
SF,IH2003,2019-11-14 09:32:49.500,2968.0000,11651,0,47176740.000,0,-,-,-,-,2967.6000,2967.4000,2967.0000,2966.8000,2966.6000,2969.0000,2969.6000,2970.0000,2972.8000,2974.6000,1,1,2,1,3,2,1,1,1,1
SF,IH2003,2019-11-14 09:32:51.000,2968.0000,11651,0,47176740.000,0,-,-,-,-,2967.6000,2967.4000,2967.0000,2966.8000,2966.6000,2969.6000,2970.0000,2972.8000,2974.6000,2975.0000,1,1,2,1,3,1,1,1,1,1
SF,IH2003,2019-11-14 09:32:51.500,2968.0000,11651,0,47176740.000,0,-,-,-,-,2967.8000,2967.6000,2967.0000,2966.8000,2966.6000,2969.2000,2969.4000,2969.6000,2970.0000,2972.8000,1,1,2,1,3,1,2,1,1,1
SF,IH2003,2019-11-14 09:32:52.000,2968.0000,11651,0,47176740.000,0,-,-,-,-,2967.8000,2967.6000,2967.0000,2966.8000,2966.6000,2969.0000,2969.2000,2969.6000,2970.0000,2972.8000,1,1,2,1,3,1,10,1,1,1
SF,IH2003,2019-11-14 09:32:52.500,2968.0000,11651,0,47176740.000,0,-,-,-,-,2967.8000,2967.6000,2967.0000,2966.8000,2966.6000,2969.2000,2969.6000,2970.0000,2972.8000,2974.6000,1,1,2,1,3,1,1,1,1,1
SF,IH2003,2019-11-14 09:32:53.500,2968.0000,11651,0,47176740.000,0,-,-,-,-,2968.0000,2967.8000,2967.6000,2967.0000,2966.8000,2969.2000,2969.6000,2970.0000,2972.8000,2974.6000,1,1,1,2,1,1,1,1,1,1
SF,IH2003,2019-11-14 09:32:54.000,2968.0000,11650,-1,48067140.000,1,0,1,双平,S,2967.8000,2967.6000,2967.0000,2966.8000,2966.6000,2968.0000,2969.2000,2969.6000,2970.0000,2972.8000,1,1,2,1,3,1,1,1,1,1
SF,IH2003,2019-11-14 09:32:54.500,2968.0000,11650,0,48067140.000,0,-,-,-,-,2967.6000,2967.0000,2966.8000,2966.6000,2966.4000,2968.0000,2969.2000,2969.6000,2970.0000,2972.8000,1,2,1,3,1,1,1,1,1,1
SF,IH2003,2019-11-14 09:32:55.000,2968.0000,11650,0,48067140.000,0,-,-,-,-,2967.6000,2967.0000,2966.8000,2966.6000,2966.4000,2968.0000,2969.2000,2969.6000,2970.0000,2972.8000,1,2,1,3,1,1,1,1,1,1
SF,IH2003,2019-11-14 09:32:55.500,2968.0000,11650,0,48067140.000,0,-,-,-,-,2967.6000,2967.0000,2966.8000,2966.6000,2966.4000,2969.2000,2969.6000,2970.0000,2972.8000,2974.6000,1,2,1,3,1,1,1,1,1,1
SF,IH2003,2019-11-14 09:32:56.000,2968.0000,11650,0,48067140.000,0,-,-,-,-,2967.8000,2967.6000,2967.0000,2966.8000,2966.6000,2969.2000,2969.6000,2970.0000,2972.8000,2974.6000,1,1,2,1,3,1,1,1,1,1
SF,IH2003,2019-11-14 09:32:57.000,2968.0000,11650,0,48067140.000,0,-,-,-,-,2968.0000,2967.8000,2967.6000,2967.0000,2966.8000,2969.0000,2969.2000,2969.6000,2970.0000,2972.8000,2,1,1,2,1,9,1,1,1,1
SF,IH2003,2019-11-14 09:32:57.500,2968.0000,11650,0,48067140.000,0,-,-,-,-,2968.0000,2967.8000,2967.6000,2967.0000,2966.8000,2969.6000,2970.0000,2972.8000,2974.6000,2975.0000,2,1,1,2,1,1,1,1,1,1
SF,IH2003,2019-11-14 09:32:58.000,2968.0000,11650,0,48067140.000,0,-,-,-,-,2968.2000,2968.0000,2967.6000,2967.0000,2966.8000,2968.8000,2969.4000,2969.6000,2970.0000,2972.8000,1,2,1,2,1,1,1,1,1,1
SF,IH2003,2019-11-14 09:32:58.500,2968.0000,11650,0,48067140.000,0,-,-,-,-,2968.0000,2967.6000,2967.0000,2966.8000,2966.6000,2968.8000,2969.6000,2970.0000,2972.8000,2974.6000,2,1,2,1,2,1,1,1,1,1
SF,IH2003,2019-11-14 09:33:01.000,2968.0000,11650,0,48067140.000,0,-,-,-,-,2968.0000,2967.6000,2967.0000,2966.8000,2966.6000,2968.8000,2969.6000,2970.0000,2972.8000,2974.6000,2,1,2,1,1,1,1,1,1,1
SF,IH2003,2019-11-14 09:33:01.500,2968.0000,11650,0,48067140.000,0,-,-,-,-,2968.0000,2967.6000,2967.0000,2966.8000,2966.6000,2969.2000,2969.6000,2970.0000,2972.8000,2974.6000,2,1,2,1,1,2,1,1,1,1
SF,IH2003,2019-11-14 09:33:03.000,2968.0000,11650,0,48067140.000,0,-,-,-,-,2968.2000,2968.0000,2967.6000,2967.0000,2966.8000,2969.2000,2969.6000,2970.0000,2972.8000,2974.6000,9,2,1,2,1,2,1,1,1,1
SF,IH2003,2019-11-14 09:33:03.500,2968.0000,11650,0,48067140.000,0,-,-,-,-,2968.2000,2968.0000,2967.6000,2967.0000,2966.8000,2969.2000,2969.6000,2970.0000,2972.8000,2974.6000,10,3,1,2,1,2,1,1,1,1
SF,IH2003,2019-11-14 09:33:04.000,2968.0000,11650,0,48067140.000,0,-,-,-,-,2968.2000,2968.0000,2967.6000,2967.0000,2966.8000,2969.2000,2969.6000,2970.0000,2972.8000,2974.6000,1,3,1,2,1,2,1,1,1,1
SF,IH2003,2019-11-14 09:33:04.500,2968.0000,11650,0,48067140.000,0,-,-,-,-,2968.8000,2968.0000,2967.6000,2967.0000,2966.8000,2969.2000,2969.6000,2970.0000,2972.8000,2974.6000,2,3,1,2,1,2,1,1,1,1
SF,IH2003,2019-11-14 09:33:05.000,2968.0000,11650,0,48067140.000,0,-,-,-,-,2968.8000,2968.0000,2967.6000,2967.0000,2966.8000,2969.2000,2969.6000,2970.0000,2972.8000,2974.6000,2,3,1,2,1,2,1,1,1,1
SF,IH2003,2019-11-14 09:33:05.500,2969.2000,11648,-2,49848660.000,2,0,2,双平,S,2969.4000,2969.2000,2968.8000,2968.0000,2967.6000,2969.6000,2970.0000,2972.8000,2974.6000,2975.0000,2,1,2,3,1,1,1,1,1,1
SF,IH2003,2019-11-14 09:33:06.000,2970.0000,11646,-2,51630540.000,2,0,2,双平,S,2969.6000,2969.4000,2969.2000,2968.8000,2968.0000,2972.8000,2974.6000,2975.0000,2975.4000,2978.0000,1,1,1,2,3,1,1,1,5,3
SF,IH2003,2019-11-14 09:33:06.500,2969.8000,11645,-1,54304500.000,3,1,2,多平,S,2969.6000,2969.4000,2969.2000,2968.8000,2968.0000,2970.0000,2972.4000,2972.6000,2972.8000,2973.0000,1,2,1,2,2,1,12,2,3,2
SF,IH2003,2019-11-14 09:33:07.000,2970.0000,11644,-1,55195500.000,1,0,1,双平,S,2970.2000,2970.0000,2969.4000,2969.2000,2968.8000,2972.4000,2972.6000,2972.8000,2973.0000,2974.6000,1,1,2,1,2,9,2,3,2,1
SF,IH2003,2019-11-14 09:33:07.500,2970.0000,11644,0,55195500.000,0,-,-,-,-,2969.4000,2969.2000,2968.8000,2968.0000,2967.6000,2971.8000,2972.2000,2972.4000,2972.6000,2972.8000,2,1,2,2,1,2,2,9,2,3
SF,IH2003,2019-11-14 09:33:08.000,2970.0000,11644,0,55195500.000,0,-,-,-,-,2969.4000,2969.2000,2968.8000,2968.0000,2967.6000,2971.2000,2971.4000,2971.6000,2971.8000,2972.6000,2,1,2,2,1,1,9,1,2,2
SF,IH2003,2019-11-14 09:33:08.500,2970.0000,11644,0,55195500.000,0,-,-,-,-,2969.4000,2969.2000,2968.8000,2968.0000,2967.6000,2971.0000,2971.2000,2971.4000,2971.8000,2972.6000,2,1,2,2,1,1,1,9,2,2
SF,IH2003,2019-11-14 09:33:09.000,2970.0000,11644,0,55195500.000,0,-,-,-,-,2969.6000,2969.4000,2969.2000,2968.8000,2968.0000,2971.0000,2971.2000,2971.4000,2971.8000,2972.6000,1,2,1,2,2,1,1,9,2,2
SF,IH2003,2019-11-14 09:33:09.500,2970.0000,11644,0,55195500.000,0,-,-,-,-,2969.6000,2969.4000,2969.2000,2968.8000,2968.0000,2971.0000,2971.2000,2971.4000,2971.8000,2972.2000,1,2,1,2,2,1,1,9,2,1
SF,IH2003,2019-11-14 09:33:10.000,2970.0000,11644,0,55195500.000,0,-,-,-,-,2969.6000,2969.4000,2969.2000,2968.8000,2968.0000,2971.0000,2971.2000,2971.4000,2971.8000,2972.2000,1,2,1,2,2,1,1,9,2,1
SF,IH2003,2019-11-14 09:33:10.500,2970.0000,11644,0,55195500.000,0,-,-,-,-,2969.6000,2969.4000,2969.2000,2968.8000,2968.0000,2971.0000,2971.2000,2971.4000,2972.2000,2972.8000,1,2,1,2,2,1,1,9,1,1
SF,IH2003,2019-11-14 09:33:11.000,2970.0000,11644,0,55195500.000,0,-,-,-,-,2969.6000,2969.4000,2969.2000,2968.8000,2968.0000,2971.0000,2971.2000,2972.2000,2972.8000,2973.0000,1,2,1,2,2,1,1,1,1,2
SF,IH2003,2019-11-14 09:33:11.500,2970.0000,11644,0,55195500.000,0,-,-,-,-,2969.4000,2969.2000,2968.8000,2968.0000,2967.6000,2971.0000,2971.2000,2972.2000,2972.8000,2973.0000,2,1,2,2,1,1,1,1,1,2
SF,IH2003,2019-11-14 09:33:12.000,2970.0000,11644,0,55195500.000,0,-,-,-,-,2970.8000,2969.6000,2969.4000,2969.2000,2968.8000,2972.2000,2972.8000,2973.0000,2974.6000,2975.0000,1,1,1,1,2,1,1,2,1,1
SF,IH2003,2019-11-14 09:33:12.500,2970.8000,11643,-1,56086740.000,1,0,1,双平,S,2969.4000,2969.2000,2968.8000,2968.0000,2967.6000,2971.4000,2972.0000,2972.2000,2972.8000,2973.0000,1,1,2,2,1,1,11,1,1,2
SF,IH2003,2019-11-14 09:33:13.000,2970.8000,11643,0,56086740.000,0,-,-,-,-,2969.6000,2969.4000,2969.2000,2968.8000,2968.0000,2970.8000,2972.0000,2972.8000,2974.6000,2975.0000,3,2,1,2,2,1,9,1,1,1
SF,IH2003,2019-11-14 09:33:13.500,2970.8000,11643,0,56086740.000,0,-,-,-,-,2969.6000,2969.4000,2969.2000,2968.8000,2968.0000,2970.8000,2972.0000,2972.8000,2974.6000,2975.0000,2,1,1,2,2,1,9,1,1,1
SF,IH2003,2019-11-14 09:33:14.000,2970.8000,11643,0,56086740.000,0,-,-,-,-,2969.6000,2969.4000,2969.2000,2968.8000,2968.0000,2970.8000,2972.0000,2972.8000,2974.6000,2975.0000,2,2,1,2,2,1,9,1,1,1
SF,IH2003,2019-11-14 09:33:14.500,2970.8000,11643,0,56086740.000,0,-,-,-,-,2969.4000,2969.2000,2968.8000,2968.0000,2967.6000,2970.8000,2972.0000,2972.8000,2974.6000,2975.0000,1,1,2,2,1,1,9,1,1,1
SF,IH2003,2019-11-14 09:33:15.000,2970.8000,11643,0,56086740.000,0,-,-,-,-,2969.6000,2969.4000,2969.2000,2968.8000,2968.0000,2970.8000,2972.0000,2972.8000,2974.6000,2975.0000,4,1,1,2,2,1,8,1,1,1
SF,IH2003,2019-11-14 09:33:15.500,2970.8000,11643,0,56086740.000,0,-,-,-,-,2969.6000,2969.4000,2969.2000,2968.8000,2968.0000,2970.8000,2972.0000,2972.8000,2974.6000,2975.0000,3,2,1,2,2,1,8,1,1,1
SF,IH2003,2019-11-14 09:33:16.000,2970.8000,11643,0,56086740.000,0,-,-,-,-,2969.6000,2969.4000,2969.2000,2968.8000,2968.0000,2970.8000,2972.0000,2972.8000,2974.6000,2975.0000,1,1,1,2,2,1,8,1,1,1
SF,IH2003,2019-11-14 09:33:17.500,2970.8000,11643,0,56977980.000,1,0,1,多换,S,2969.6000,2969.4000,2969.2000,2968.8000,2968.0000,2972.0000,2972.8000,2974.6000,2975.0000,2978.0000,1,1,1,2,2,8,1,1,1,3
SF,IH2003,2019-11-14 09:33:18.000,2970.8000,11643,0,56977980.000,0,-,-,-,-,2970.8000,2969.4000,2969.2000,2968.8000,2968.0000,2971.2000,2971.8000,2972.0000,2972.8000,2974.6000,1,1,1,2,2,1,1,8,1,1
SF,IH2003,2019-11-14 09:33:18.500,2970.8000,11643,0,57869220.000,1,0,1,多换,S,2969.4000,2969.2000,2968.8000,2968.0000,2967.6000,2971.0000,2971.2000,2972.0000,2972.2000,2972.8000,1,1,2,2,1,1,1,8,1,1
SF,IH2003,2019-11-14 09:33:19.000,2970.8000,11643,0,57869220.000,0,-,-,-,-,2969.6000,2969.4000,2969.2000,2968.8000,2968.0000,2971.2000,2972.0000,2972.8000,2974.6000,2975.0000,1,1,1,2,2,1,8,1,1,1
SF,IH2003,2019-11-14 09:33:19.500,2970.8000,11643,0,57869220.000,0,-,-,-,-,2969.4000,2969.2000,2968.8000,2968.0000,2967.6000,2971.0000,2971.2000,2972.0000,2972.8000,2974.6000,1,1,2,2,1,2,1,8,1,1
SF,IH2003,2019-11-14 09:33:20.000,2970.8000,11643,0,57869220.000,0,-,-,-,-,2969.6000,2969.4000,2969.2000,2968.8000,2968.0000,2972.0000,2972.8000,2974.6000,2975.0000,2978.0000,2,1,1,2,2,8,1,1,1,3
SF,IH2003,2019-11-14 09:33:20.500,2970.8000,11643,0,57869220.000,0,-,-,-,-,2969.8000,2969.6000,2969.4000,2969.2000,2968.8000,2971.2000,2971.8000,2972.0000,2972.2000,2972.8000,1,1,1,1,2,1,4,8,1,1
SF,IH2003,2019-11-14 09:33:21.000,2970.8000,11643,0,57869220.000,0,-,-,-,-,2970.0000,2969.6000,2969.4000,2969.2000,2968.8000,2971.2000,2972.0000,2972.2000,2972.8000,2974.6000,1,1,1,1,2,1,8,1,1,1
SF,IH2003,2019-11-14 09:33:22.000,2970.8000,11643,0,57869220.000,0,-,-,-,-,2970.0000,2969.4000,2969.2000,2968.8000,2968.0000,2971.2000,2972.0000,2972.2000,2972.8000,2974.6000,1,1,1,2,2,1,8,1,1,1
SF,IH2003,2019-11-14 09:33:23.000,2970.8000,11643,0,57869220.000,0,-,-,-,-,2970.2000,2969.4000,2969.2000,2968.8000,2968.0000,2971.2000,2972.0000,2972.8000,2974.6000,2975.0000,1,1,1,2,2,1,8,1,1,1
SF,IH2003,2019-11-14 09:33:23.500,2970.8000,11643,0,57869220.000,0,-,-,-,-,2969.4000,2969.2000,2968.8000,2968.0000,2967.6000,2971.2000,2972.0000,2972.8000,2974.6000,2975.0000,1,1,2,2,1,1,8,1,1,1
SF,IH2003,2019-11-14 09:33:24.000,2970.8000,11643,0,57869220.000,0,-,-,-,-,2969.6000,2969.4000,2969.2000,2968.8000,2968.0000,2971.2000,2972.0000,2972.8000,2974.6000,2975.0000,3,2,1,2,2,1,8,1,1,1
SF,IH2003,2019-11-14 09:33:24.500,2970.8000,11643,0,57869220.000,0,-,-,-,-,2969.8000,2969.6000,2969.4000,2969.2000,2968.8000,2971.2000,2972.0000,2972.8000,2974.6000,2975.0000,1,1,1,1,2,1,8,1,1,1
SF,IH2003,2019-11-14 09:33:25.000,2970.8000,11643,0,57869220.000,0,-,-,-,-,2970.0000,2969.4000,2969.2000,2968.8000,2968.0000,2971.2000,2972.0000,2972.8000,2974.6000,2975.0000,1,1,1,2,2,1,8,1,1,1
SF,IH2003,2019-11-14 09:33:25.500,2970.8000,11643,0,57869220.000,0,-,-,-,-,2970.2000,2969.4000,2969.2000,2968.8000,2968.0000,2971.2000,2972.0000,2972.8000,2974.6000,2975.0000,1,1,1,2,2,1,8,1,1,1
SF,IH2003,2019-11-14 09:33:26.000,2971.2000,11642,-1,58760580.000,1,0,1,双平,S,2971.2000,2970.2000,2969.4000,2969.2000,2968.8000,2972.0000,2972.8000,2974.6000,2975.0000,2975.4000,3,1,1,1,2,8,1,1,1,1
SF,IH2003,2019-11-14 09:33:26.500,2971.8000,11639,-3,63217740.000,5,1,4,多平,S,2970.2000,2969.4000,2969.2000,2968.8000,2968.0000,2971.8000,2972.0000,2972.8000,2974.6000,2975.0000,1,1,1,2,2,2,8,1,1,1
SF,IH2003,2019-11-14 09:33:27.000,2971.8000,11639,0,63217740.000,0,-,-,-,-,2970.4000,2969.4000,2969.2000,2968.8000,2968.0000,2971.4000,2971.8000,2972.8000,2974.6000,2975.0000,1,1,1,2,2,8,2,1,1,1
SF,IH2003,2019-11-14 09:33:27.500,2971.8000,11639,0,63217740.000,0,-,-,-,-,2970.6000,2969.4000,2969.2000,2968.8000,2968.0000,2971.2000,2971.4000,2972.8000,2974.6000,2975.0000,1,1,1,2,2,1,8,1,1,1
SF,IH2003,2019-11-14 09:33:28.000,2971.8000,11639,0,63217740.000,0,-,-,-,-,2970.6000,2969.4000,2969.2000,2968.8000,2968.0000,2971.2000,2971.4000,2972.8000,2974.6000,2975.0000,1,1,1,2,2,1,8,1,1,1
SF,IH2003,2019-11-14 09:33:28.500,2971.8000,11639,0,63217740.000,0,-,-,-,-,2970.6000,2969.4000,2969.2000,2968.8000,2968.0000,2971.2000,2971.4000,2972.8000,2974.6000,2975.0000,1,1,1,2,2,1,8,1,1,1
SF,IH2003,2019-11-14 09:33:29.000,2971.8000,11639,0,63217740.000,0,-,-,-,-,2970.6000,2969.4000,2969.2000,2968.8000,2968.0000,2971.2000,2972.8000,2974.6000,2975.0000,2975.4000,1,1,1,2,2,1,1,1,1,1
SF,IH2003,2019-11-14 09:33:29.500,2971.2000,11638,-1,64109100.000,1,0,1,双平,S,2970.6000,2969.4000,2969.2000,2968.8000,2968.0000,2972.8000,2974.6000,2975.0000,2975.4000,2978.0000,1,1,1,2,2,1,1,1,1,3
SF,IH2003,2019-11-14 09:33:30.000,2971.2000,11638,0,64109100.000,0,-,-,-,-,2970.8000,2969.4000,2969.2000,2968.8000,2968.0000,2972.4000,2972.6000,2972.8000,2973.0000,2974.6000,1,1,1,2,2,8,1,1,2,1
SF,IH2003,2019-11-14 09:33:30.500,2971.2000,11638,0,64109100.000,0,-,-,-,-,2970.8000,2969.4000,2969.2000,2968.8000,2968.0000,2972.2000,2972.4000,2972.8000,2973.0000,2974.6000,1,1,1,2,2,2,8,1,2,1
SF,IH2003,2019-11-14 09:33:31.000,2971.2000,11638,0,64109100.000,0,-,-,-,-,2971.0000,2969.4000,2969.2000,2968.8000,2968.0000,2971.8000,2972.2000,2972.8000,2973.0000,2974.6000,1,1,1,2,2,8,2,1,1,1
SF,IH2003,2019-11-14 09:33:31.500,2971.2000,11638,0,64109100.000,0,-,-,-,-,2971.0000,2969.4000,2969.2000,2968.8000,2968.0000,2972.8000,2973.0000,2974.6000,2975.0000,2975.4000,1,1,1,2,2,1,1,1,1,1
SF,IH2003,2019-11-14 09:33:32.000,2971.0000,11637,-1,65000400.000,1,0,1,双平,S,2969.4000,2969.2000,2968.8000,2968.0000,2967.6000,2972.4000,2972.6000,2972.8000,2973.0000,2974.6000,1,1,2,2,1,8,2,1,1,1
SF,IH2003,2019-11-14 09:33:32.500,2971.0000,11637,0,65000400.000,0,-,-,-,-,2969.8000,2969.6000,2969.4000,2969.2000,2968.8000,2972.4000,2972.8000,2973.0000,2974.6000,2975.0000,1,3,2,1,2,8,1,1,1,1
SF,IH2003,2019-11-14 09:33:33.000,2971.0000,11637,0,65000400.000,0,-,-,-,-,2970.0000,2969.8000,2969.6000,2969.4000,2969.2000,2972.4000,2972.8000,2973.0000,2974.6000,2975.0000,2,1,1,2,1,8,1,1,1,1
SF,IH2003,2019-11-14 09:33:33.500,2971.0000,11637,0,65000400.000,0,-,-,-,-,2970.0000,2969.6000,2969.4000,2969.2000,2968.8000,2972.8000,2974.6000,2975.0000,2975.4000,2978.0000,2,1,2,1,2,1,1,1,1,3
SF,IH2003,2019-11-14 09:33:34.000,2971.0000,11637,0,65000400.000,0,-,-,-,-,2970.6000,2970.0000,2969.6000,2969.4000,2969.2000,2972.4000,2972.6000,2972.8000,2973.0000,2974.6000,1,2,1,2,1,8,1,1,1,1
SF,IH2003,2019-11-14 09:33:34.500,2971.0000,11637,0,65000400.000,0,-,-,-,-,2970.8000,2970.6000,2970.0000,2969.6000,2969.4000,2972.4000,2972.8000,2974.6000,2975.0000,2975.4000,1,1,1,1,2,2,1,1,1,1
SF,IH2003,2019-11-14 09:33:35.000,2971.0000,11637,0,65000400.000,0,-,-,-,-,2970.8000,2970.6000,2970.0000,2969.6000,2969.4000,2972.8000,2974.6000,2975.0000,2975.4000,2978.0000,1,1,1,1,2,1,1,1,1,3
SF,IH2003,2019-11-14 09:33:35.500,2971.0000,11637,0,65000400.000,0,-,-,-,-,2971.0000,2970.8000,2970.6000,2970.0000,2969.6000,2972.8000,2974.6000,2975.0000,2975.4000,2978.0000,1,1,1,1,1,1,1,1,1,3
SF,IH2003,2019-11-14 09:33:36.000,2971.0000,11637,0,65000400.000,0,-,-,-,-,2971.2000,2970.0000,2969.6000,2969.4000,2969.2000,2972.8000,2974.6000,2975.0000,2975.4000,2978.0000,1,1,1,2,1,1,1,1,1,3
SF,IH2003,2019-11-14 09:33:36.500,2971.0000,11637,0,65000400.000,0,-,-,-,-,2971.4000,2970.0000,2969.6000,2969.4000,2969.2000,2972.8000,2974.6000,2975.0000,2975.4000,2978.0000,1,1,1,2,1,1,1,1,1,3
SF,IH2003,2019-11-14 09:33:37.000,2971.0000,11637,0,65000400.000,0,-,-,-,-,2970.0000,2969.6000,2969.4000,2969.2000,2968.8000,2972.8000,2974.6000,2975.0000,2975.4000,2978.0000,1,1,2,1,2,1,1,1,1,3
SF,IH2003,2019-11-14 09:33:37.500,2971.0000,11637,0,65000400.000,0,-,-,-,-,2970.6000,2970.2000,2970.0000,2969.6000,2969.4000,2972.8000,2974.6000,2975.0000,2975.4000,2978.0000,1,1,2,1,2,1,1,1,1,3
SF,IH2003,2019-11-14 09:33:38.000,2971.0000,11637,0,65000400.000,0,-,-,-,-,2970.0000,2969.6000,2969.4000,2969.2000,2968.8000,2972.6000,2972.8000,2974.6000,2975.0000,2975.4000,1,1,2,1,2,2,1,1,1,1
SF,IH2003,2019-11-14 09:33:38.500,2971.0000,11637,0,65000400.000,0,-,-,-,-,2970.4000,2970.2000,2970.0000,2969.6000,2969.4000,2972.6000,2972.8000,2974.6000,2975.0000,2975.4000,1,1,2,1,2,2,1,1,1,1
SF,IH2003,2019-11-14 09:33:39.000,2971.0000,11637,0,65000400.000,0,-,-,-,-,2970.4000,2970.0000,2969.6000,2969.4000,2969.2000,2972.6000,2972.8000,2974.6000,2975.0000,2975.4000,1,1,1,2,1,2,1,1,1,1
SF,IH2003,2019-11-14 09:33:40.000,2971.0000,11637,0,65000400.000,0,-,-,-,-,2970.4000,2970.2000,2970.0000,2969.6000,2969.4000,2972.6000,2972.8000,2974.6000,2975.0000,2975.4000,1,2,1,1,2,2,1,1,1,1
SF,IH2003,2019-11-14 09:33:40.500,2971.0000,11637,0,65000400.000,0,-,-,-,-,2970.8000,2970.6000,2970.4000,2970.2000,2970.0000,2972.6000,2972.8000,2974.6000,2975.0000,2975.4000,1,1,1,2,1,2,1,1,1,1
SF,IH2003,2019-11-14 09:33:42.000,2971.0000,11637,0,65000400.000,0,-,-,-,-,2971.0000,2970.8000,2970.6000,2970.4000,2970.2000,2972.6000,2972.8000,2974.6000,2975.0000,2975.4000,1,1,1,1,2,2,1,1,1,1
SF,IH2003,2019-11-14 09:33:42.500,2971.0000,11637,0,65000400.000,0,-,-,-,-,2970.8000,2970.4000,2970.2000,2970.0000,2969.6000,2972.4000,2972.6000,2972.8000,2974.6000,2975.0000,1,1,2,1,1,8,2,1,1,1
SF,IH2003,2019-11-14 09:33:43.000,2971.0000,11637,0,65000400.000,0,-,-,-,-,2970.8000,2970.4000,2970.2000,2970.0000,2969.6000,2972.2000,2972.4000,2972.8000,2974.6000,2975.0000,1,1,2,1,1,2,1,1,1,1
SF,IH2003,2019-11-14 09:33:43.500,2971.0000,11637,0,65000400.000,0,-,-,-,-,2970.8000,2970.4000,2970.2000,2970.0000,2969.6000,2972.2000,2972.8000,2974.6000,2975.0000,2975.4000,1,1,2,1,1,1,1,1,1,1
SF,IH2003,2019-11-14 09:33:44.500,2971.0000,11637,0,65000400.000,0,-,-,-,-,2970.8000,2970.4000,2970.2000,2969.6000,2969.4000,2972.2000,2972.8000,2974.6000,2975.0000,2975.4000,1,1,2,1,2,1,1,1,1,1
SF,IH2003,2019-11-14 09:33:45.000,2971.0000,11637,0,65000400.000,0,-,-,-,-,2970.8000,2970.4000,2970.2000,2969.6000,2969.4000,2972.2000,2972.8000,2973.0000,2974.6000,2975.0000,1,1,2,1,2,1,1,1,1,1
SF,IH2003,2019-11-14 09:33:49.000,2971.0000,11637,0,65000400.000,0,-,-,-,-,2970.8000,2970.4000,2970.2000,2969.6000,2969.4000,2972.2000,2972.8000,2973.0000,2975.0000,2975.4000,1,1,2,1,2,1,1,1,1,1
SF,IH2003,2019-11-14 09:33:49.500,2971.0000,11637,0,65000400.000,0,-,-,-,-,2970.8000,2970.4000,2970.2000,2969.6000,2969.4000,2972.0000,2972.2000,2972.8000,2973.0000,2975.0000,1,1,2,1,2,1,1,1,1,1
SF,IH2003,2019-11-14 09:33:50.000,2971.0000,11637,0,65000400.000,0,-,-,-,-,2970.8000,2970.2000,2969.6000,2969.4000,2969.2000,2972.0000,2972.2000,2972.6000,2972.8000,2973.0000,1,2,1,2,1,1,1,1,1,1
SF,IH2003,2019-11-14 09:33:54.000,2972.0000,11637,0,65892000.000,1,0,1,多换,S,2970.8000,2970.6000,2970.2000,2969.6000,2969.4000,2972.2000,2972.6000,2972.8000,2973.0000,2973.2000,1,1,2,1,2,1,1,1,1,1
SF,IH2003,2019-11-14 09:33:54.500,2970.8000,11636,-1,67674540.000,2,0,2,多平,S,2970.2000,2970.0000,2969.6000,2969.4000,2969.2000,2972.6000,2972.8000,2973.0000,2975.0000,2975.4000,2,1,1,2,1,2,1,1,1,1
SF,IH2003,2019-11-14 09:33:55.000,2970.8000,11636,0,67674540.000,0,-,-,-,-,2970.4000,2970.2000,2969.6000,2969.4000,2969.2000,2970.8000,2972.2000,2972.6000,2972.8000,2973.0000,1,2,1,2,1,1,7,2,1,1
SF,IH2003,2019-11-14 09:33:55.500,2970.6000,11634,-2,69456960.000,2,0,2,双平,S,2970.2000,2969.6000,2969.4000,2969.2000,2968.8000,2972.2000,2972.6000,2972.8000,2973.0000,2975.0000,2,1,1,1,2,7,1,1,1,1
SF,IH2003,2019-11-14 09:33:56.000,2970.6000,11634,0,69456960.000,0,-,-,-,-,2970.2000,2969.6000,2969.4000,2969.2000,2968.8000,2972.0000,2972.2000,2972.6000,2972.8000,2973.0000,2,1,1,1,2,2,7,1,1,1
SF,IH2003,2019-11-14 09:33:57.500,2970.6000,11634,0,69456960.000,0,-,-,-,-,2970.4000,2970.2000,2969.6000,2969.4000,2969.2000,2972.0000,2972.6000,2972.8000,2973.0000,2975.0000,1,2,1,1,1,2,1,1,1,1
SF,IH2003,2019-11-14 09:33:58.000,2970.6000,11634,0,69456960.000,0,-,-,-,-,2970.2000,2969.6000,2969.4000,2969.2000,2968.8000,2972.0000,2972.6000,2972.8000,2973.0000,2975.0000,2,1,1,1,2,2,1,1,1,1
SF,IH2003,2019-11-14 09:33:58.500,2970.6000,11634,0,69456960.000,0,-,-,-,-,2970.4000,2970.2000,2969.6000,2969.4000,2969.2000,2972.0000,2972.6000,2972.8000,2973.0000,2975.0000,3,2,1,1,1,2,1,1,1,1
SF,IH2003,2019-11-14 09:33:59.000,2970.6000,11634,0,69456960.000,0,-,-,-,-,2970.4000,2970.2000,2969.6000,2969.4000,2969.2000,2972.0000,2972.6000,2972.8000,2973.0000,2975.0000,5,2,1,1,1,2,1,1,1,1
SF,IH2003,2019-11-14 09:33:59.500,2972.0000,11634,0,70348560.000,1,0,1,多换,S,2970.4000,2970.2000,2969.6000,2969.4000,2969.2000,2972.0000,2972.6000,2972.8000,2973.0000,2973.4000,5,2,1,1,1,1,1,1,1,1
SF,IH2003,2019-11-14 09:34:00.000,2972.0000,11634,0,70348560.000,0,-,-,-,-,2970.4000,2970.2000,2969.6000,2969.4000,2969.2000,2972.6000,2972.8000,2973.0000,2973.4000,2975.0000,5,3,1,1,1,1,1,1,1,1
SF,IH2003,2019-11-14 09:34:00.500,2972.0000,11634,0,70348560.000,0,-,-,-,-,2970.4000,2970.2000,2969.6000,2969.4000,2969.2000,2972.2000,2972.6000,2972.8000,2973.0000,2975.0000,4,3,1,1,1,7,1,1,1,1
SF,IH2003,2019-11-14 09:34:01.000,2972.0000,11634,0,70348560.000,0,-,-,-,-,2970.4000,2970.2000,2969.6000,2969.4000,2969.2000,2972.0000,2972.2000,2972.6000,2972.8000,2973.0000,4,3,1,1,1,1,7,1,1,1
SF,IH2003,2019-11-14 09:34:01.500,2972.0000,11634,0,70348560.000,0,-,-,-,-,2970.4000,2970.2000,2969.6000,2969.4000,2969.2000,2972.2000,2972.6000,2972.8000,2973.0000,2975.0000,3,3,1,1,1,7,1,1,1,1
SF,IH2003,2019-11-14 09:34:02.000,2972.0000,11634,0,70348560.000,0,-,-,-,-,2970.4000,2970.2000,2969.6000,2969.4000,2969.2000,2972.0000,2972.2000,2972.6000,2972.8000,2973.0000,3,3,1,1,1,1,7,1,1,1
SF,IH2003,2019-11-14 09:34:02.500,2972.0000,11634,0,70348560.000,0,-,-,-,-,2970.4000,2970.2000,2969.6000,2969.4000,2969.2000,2972.2000,2972.6000,2972.8000,2973.0000,2975.0000,3,3,1,1,1,7,1,1,1,1
SF,IH2003,2019-11-14 09:34:03.000,2972.0000,11634,0,70348560.000,0,-,-,-,-,2970.4000,2970.2000,2969.6000,2969.4000,2969.2000,2972.0000,2972.2000,2972.6000,2972.8000,2973.0000,3,3,1,1,1,1,7,1,1,1
SF,IH2003,2019-11-14 09:34:03.500,2972.0000,11634,0,70348560.000,0,-,-,-,-,2970.4000,2970.2000,2969.6000,2969.4000,2969.2000,2972.2000,2972.6000,2972.8000,2973.0000,2975.0000,3,3,1,1,1,7,1,1,1,1
SF,IH2003,2019-11-14 09:34:04.000,2972.0000,11634,0,70348560.000,0,-,-,-,-,2970.4000,2970.2000,2969.6000,2969.4000,2969.2000,2972.0000,2972.2000,2972.6000,2972.8000,2973.0000,3,3,1,1,1,1,7,1,1,1
SF,IH2003,2019-11-14 09:34:04.500,2972.0000,11634,0,70348560.000,0,-,-,-,-,2970.4000,2970.2000,2969.6000,2969.4000,2969.2000,2972.2000,2972.6000,2972.8000,2973.0000,2975.0000,3,3,1,1,1,7,1,1,1,1
SF,IH2003,2019-11-14 09:34:05.000,2972.0000,11634,0,70348560.000,0,-,-,-,-,2970.4000,2970.2000,2969.6000,2969.4000,2969.2000,2971.8000,2972.0000,2972.6000,2972.8000,2973.0000,3,3,1,1,1,7,1,1,1,1
SF,IH2003,2019-11-14 09:34:05.500,2972.0000,11634,0,70348560.000,0,-,-,-,-,2970.4000,2970.2000,2969.6000,2969.4000,2969.2000,2971.8000,2972.6000,2972.8000,2973.0000,2975.0000,3,3,1,1,1,7,1,1,1,1
SF,IH2003,2019-11-14 09:34:06.500,2972.0000,11634,0,70348560.000,0,-,-,-,-,2970.4000,2970.2000,2969.4000,2969.2000,2968.8000,2971.6000,2971.8000,2972.6000,2972.8000,2973.0000,3,3,1,1,2,1,7,1,1,1
SF,IH2003,2019-11-14 09:34:07.000,2972.0000,11634,0,70348560.000,0,-,-,-,-,2970.4000,2970.2000,2969.4000,2969.2000,2968.8000,2971.8000,2972.6000,2972.8000,2973.0000,2975.0000,3,3,1,1,2,7,1,1,1,1
SF,IH2003,2019-11-14 09:34:10.500,2972.0000,11634,0,70348560.000,0,-,-,-,-,2970.4000,2970.2000,2969.4000,2969.2000,2968.8000,2971.8000,2972.6000,2972.8000,2973.0000,2975.0000,3,3,1,1,2,7,1,1,2,1
SF,IH2003,2019-11-14 09:34:11.500,2972.0000,11634,0,70348560.000,0,-,-,-,-,2970.4000,2970.2000,2969.4000,2969.2000,2968.8000,2972.6000,2972.8000,2973.0000,2975.0000,2975.4000,3,3,1,1,2,1,1,2,1,1
SF,IH2003,2019-11-14 09:34:12.000,2972.0000,11634,0,70348560.000,0,-,-,-,-,2970.4000,2970.2000,2969.4000,2969.2000,2968.8000,2972.2000,2972.4000,2972.6000,2972.8000,2973.0000,3,3,1,1,2,8,2,1,1,2
SF,IH2003,2019-11-14 09:34:12.500,2972.0000,11634,0,70348560.000,0,-,-,-,-,2970.4000,2970.2000,2969.4000,2969.2000,2968.8000,2972.0000,2972.2000,2972.6000,2972.8000,2973.0000,3,3,1,1,2,1,7,1,1,2
SF,IH2003,2019-11-14 09:34:14.000,2972.0000,11634,0,70348560.000,0,-,-,-,-,2970.4000,2970.2000,2969.4000,2969.2000,2968.8000,2971.6000,2972.0000,2972.2000,2972.6000,2972.8000,3,3,1,1,2,7,1,1,1,1
SF,IH2003,2019-11-14 09:34:14.500,2971.6000,11635,1,71240040.000,1,1,0,双开,S,2970.4000,2970.2000,2969.4000,2969.2000,2968.8000,2971.6000,2971.8000,2972.0000,2972.2000,2972.6000,3,3,1,1,2,6,1,1,1,1
SF,IH2003,2019-11-14 09:34:15.500,2971.6000,11635,0,72131520.000,1,0,1,多换,S,2970.4000,2970.2000,2969.4000,2969.2000,2968.8000,2971.6000,2971.8000,2972.0000,2972.2000,2972.6000,3,3,1,1,2,5,1,1,1,1
SF,IH2003,2019-11-14 09:34:16.000,2971.6000,11635,0,72131520.000,0,-,-,-,-,2971.0000,2970.4000,2970.2000,2969.4000,2969.2000,2971.8000,2972.0000,2972.2000,2972.6000,2972.8000,1,3,3,1,1,1,1,1,1,1
SF,IH2003,2019-11-14 09:34:16.500,2971.6000,11635,0,72131520.000,0,-,-,-,-,2971.0000,2970.4000,2970.2000,2969.4000,2969.2000,2971.8000,2972.2000,2972.6000,2972.8000,2973.0000,1,2,3,1,1,1,1,1,1,2
SF,IH2003,2019-11-14 09:34:17.000,2971.6000,11635,0,72131520.000,0,-,-,-,-,2971.2000,2971.0000,2970.4000,2970.2000,2969.4000,2971.8000,2972.6000,2972.8000,2973.0000,2975.0000,1,1,2,3,1,1,1,1,2,1
SF,IH2003,2019-11-14 09:34:17.500,2971.6000,11635,0,72131520.000,0,-,-,-,-,2971.2000,2971.0000,2970.4000,2970.2000,2969.4000,2971.8000,2972.6000,2972.8000,2973.0000,2975.0000,1,1,2,3,1,1,1,1,2,1
SF,IH2003,2019-11-14 09:34:18.000,2971.6000,11635,0,72131520.000,0,-,-,-,-,2971.2000,2971.0000,2970.4000,2970.2000,2969.4000,2971.8000,2972.6000,2972.8000,2973.0000,2975.0000,1,1,2,3,1,1,1,1,2,1
SF,IH2003,2019-11-14 09:34:20.500,2971.2000,11634,-1,73022880.000,1,0,1,双平,S,2971.0000,2970.4000,2970.2000,2969.4000,2969.2000,2971.8000,2972.6000,2972.8000,2973.0000,2975.0000,1,2,4,1,1,1,1,2,2,1
SF,IH2003,2019-11-14 09:34:21.000,2971.2000,11634,0,73022880.000,0,-,-,-,-,2971.0000,2970.4000,2970.2000,2969.4000,2969.2000,2971.8000,2972.6000,2972.8000,2973.0000,2975.0000,1,2,3,1,1,1,1,1,2,1
SF,IH2003,2019-11-14 09:34:22.000,2971.2000,11634,0,73022880.000,0,-,-,-,-,2971.0000,2970.4000,2970.2000,2969.4000,2969.2000,2971.8000,2972.0000,2972.6000,2972.8000,2973.0000,1,2,3,1,1,1,1,1,1,2
SF,IH2003,2019-11-14 09:34:24.000,2971.0000,11634,0,73914180.000,1,0,1,多换,S,2970.4000,2970.2000,2969.4000,2969.2000,2968.8000,2971.8000,2972.0000,2972.6000,2972.8000,2973.0000,2,3,1,1,2,1,1,1,1,2
SF,IH2003,2019-11-14 09:34:26.500,2971.0000,11634,0,73914180.000,0,-,-,-,-,2970.4000,2970.2000,2969.4000,2969.2000,2968.8000,2971.6000,2971.8000,2972.0000,2972.6000,2972.8000,2,3,1,1,2,6,1,1,1,1
SF,IH2003,2019-11-14 09:34:27.000,2971.0000,11634,0,73914180.000,0,-,-,-,-,2970.4000,2970.2000,2969.4000,2969.2000,2968.8000,2971.4000,2971.6000,2971.8000,2972.0000,2972.6000,2,3,1,1,2,1,6,1,1,1
SF,IH2003,2019-11-14 09:34:27.500,2971.0000,11634,0,73914180.000,0,-,-,-,-,2970.4000,2970.2000,2969.4000,2969.2000,2968.8000,2971.4000,2971.8000,2972.0000,2972.6000,2972.8000,2,3,1,1,2,1,1,1,1,1
SF,IH2003,2019-11-14 09:34:29.000,2971.0000,11634,0,73914180.000,0,-,-,-,-,2970.4000,2970.2000,2969.4000,2969.2000,2968.8000,2971.4000,2972.0000,2972.6000,2972.8000,2973.0000,2,3,1,1,2,1,1,1,1,2
SF,IH2003,2019-11-14 09:34:30.000,2970.4000,11634,0,75696420.000,2,1,1,多换,S,2970.2000,2969.4000,2969.2000,2968.0000,2967.0000,2971.4000,2972.0000,2972.6000,2972.8000,2973.0000,3,1,1,2,1,1,1,1,1,2
SF,IH2003,2019-11-14 09:34:30.500,2970.4000,11634,0,75696420.000,0,-,-,-,-,2970.2000,2969.4000,2969.2000,2968.0000,2967.0000,2971.2000,2971.4000,2972.0000,2972.6000,2972.8000,3,1,1,2,1,1,1,1,1,1
SF,IH2003,2019-11-14 09:34:31.000,2970.4000,11634,0,75696420.000,0,-,-,-,-,2970.2000,2969.4000,2969.2000,2968.0000,2967.0000,2972.0000,2972.6000,2972.8000,2973.0000,2975.0000,3,1,1,2,1,1,1,1,2,1
SF,IH2003,2019-11-14 09:34:31.500,2970.4000,11634,0,75696420.000,0,-,-,-,-,2970.2000,2969.4000,2969.2000,2968.0000,2967.0000,2971.6000,2971.8000,2972.0000,2972.2000,2972.6000,3,1,1,2,1,5,3,1,1,1
SF,IH2003,2019-11-14 09:34:32.000,2970.4000,11634,0,75696420.000,0,-,-,-,-,2970.2000,2969.4000,2969.2000,2968.0000,2967.0000,2971.4000,2971.6000,2971.8000,2972.0000,2972.2000,3,1,1,2,1,2,5,1,1,1
SF,IH2003,2019-11-14 09:34:33.500,2970.4000,11634,0,75696420.000,0,-,-,-,-,2970.2000,2969.4000,2969.2000,2968.0000,2967.0000,2971.0000,2971.4000,2971.8000,2972.0000,2972.2000,3,1,1,2,1,5,2,1,1,1
SF,IH2003,2019-11-14 09:34:34.000,2970.4000,11634,0,75696420.000,0,-,-,-,-,2970.2000,2969.4000,2969.2000,2968.0000,2967.0000,2971.8000,2972.0000,2972.2000,2972.6000,2972.8000,3,1,1,2,1,1,1,1,1,1
SF,IH2003,2019-11-14 09:34:34.500,2970.4000,11634,0,75696420.000,0,-,-,-,-,2970.2000,2969.4000,2969.2000,2967.0000,2966.4000,2971.6000,2971.8000,2972.0000,2972.2000,2972.6000,3,1,1,1,1,1,1,1,1,1
SF,IH2003,2019-11-14 09:34:35.500,2970.4000,11634,0,75696420.000,0,-,-,-,-,2970.2000,2969.4000,2969.2000,2967.0000,2966.4000,2971.0000,2971.6000,2971.8000,2972.0000,2972.2000,3,1,1,1,1,1,1,1,1,1
SF,IH2003,2019-11-14 09:34:36.000,2970.4000,11634,0,75696420.000,0,-,-,-,-,2970.4000,2970.2000,2969.4000,2969.2000,2967.0000,2971.0000,2971.8000,2972.0000,2972.6000,2972.8000,1,3,1,1,1,1,1,1,1,1
SF,IH2003,2019-11-14 09:34:36.500,2970.4000,11634,0,75696420.000,0,-,-,-,-,2970.2000,2969.4000,2969.2000,2967.0000,2966.4000,2970.4000,2971.0000,2971.8000,2972.0000,2972.6000,3,1,1,1,1,1,1,1,1,1
SF,IH2003,2019-11-14 09:34:37.000,2970.2000,11634,0,78369600.000,3,1,2,多换,S,2969.4000,2969.2000,2967.0000,2966.4000,2965.4000,2970.4000,2971.0000,2971.8000,2972.0000,2972.6000,1,1,1,1,1,1,1,1,1,1
SF,IH2003,2019-11-14 09:34:37.500,2970.2000,11634,0,78369600.000,0,-,-,-,-,2969.6000,2969.4000,2969.2000,2967.0000,2966.4000,2970.4000,2971.0000,2971.8000,2972.0000,2972.6000,2,1,1,1,1,1,1,1,1,1
SF,IH2003,2019-11-14 09:34:38.000,2970.2000,11634,0,78369600.000,0,-,-,-,-,2969.6000,2969.4000,2969.2000,2967.0000,2966.4000,2970.4000,2971.0000,2971.8000,2972.0000,2972.6000,2,1,1,1,1,1,1,1,2,1
SF,IH2003,2019-11-14 09:34:38.500,2969.6000,11634,0,79260480.000,1,0,1,多换,S,2969.4000,2969.2000,2968.6000,2967.0000,2966.4000,2970.4000,2971.0000,2971.2000,2971.6000,2971.8000,1,1,1,1,1,1,1,1,1,1
SF,IH2003,2019-11-14 09:34:39.000,2969.6000,11634,0,80151360.000,1,0,1,多换,S,2969.2000,2967.0000,2966.4000,2965.4000,2963.2000,2969.4000,2970.4000,2971.0000,2971.6000,2971.8000,1,1,1,1,1,3,1,1,1,1
SF,IH2003,2019-11-14 09:34:39.500,2969.4000,11633,-1,81932940.000,2,0,2,多平,S,2967.0000,2966.4000,2965.4000,2963.2000,2961.6000,2969.4000,2970.4000,2970.8000,2971.0000,2971.6000,1,1,1,1,1,2,1,1,1,1
SF,IH2003,2019-11-14 09:34:40.000,2969.4000,11633,0,83714580.000,2,1,1,多换,S,2968.6000,2968.0000,2967.4000,2967.0000,2966.4000,2969.2000,2970.4000,2970.8000,2971.0000,2971.6000,1,4,7,4,1,1,1,1,1,1
SF,IH2003,2019-11-14 09:34:40.500,2969.4000,11633,0,83714580.000,0,-,-,-,-,2969.0000,2968.8000,2968.0000,2967.4000,2967.0000,2970.4000,2970.8000,2971.0000,2971.6000,2972.0000,1,4,1,5,4,1,1,1,1,2
SF,IH2003,2019-11-14 09:34:41.000,2969.4000,11633,0,83714580.000,0,-,-,-,-,2969.0000,2968.8000,2968.0000,2967.4000,2967.0000,2970.0000,2970.2000,2970.4000,2970.8000,2971.0000,1,2,1,5,4,1,2,1,1,1
SF,IH2003,2019-11-14 09:34:41.500,2969.4000,11633,0,83714580.000,0,-,-,-,-,2968.0000,2967.4000,2967.0000,2966.4000,2965.4000,2969.8000,2970.0000,2970.4000,2970.8000,2971.0000,1,5,3,1,1,1,1,1,1,1
SF,IH2003,2019-11-14 09:34:42.000,2969.4000,11633,0,83714580.000,0,-,-,-,-,2968.4000,2968.2000,2968.0000,2967.4000,2967.0000,2969.6000,2969.8000,2970.4000,2970.8000,2971.0000,3,3,1,5,3,1,1,1,1,1
SF,IH2003,2019-11-14 09:34:42.500,2969.4000,11633,0,83714580.000,0,-,-,-,-,2968.6000,2968.4000,2968.2000,2968.0000,2967.4000,2969.6000,2969.8000,2970.4000,2970.8000,2971.0000,2,3,1,1,5,1,1,1,1,1
SF,IH2003,2019-11-14 09:34:43.000,2969.4000,11633,0,83714580.000,0,-,-,-,-,2968.8000,2968.6000,2968.2000,2968.0000,2967.4000,2969.4000,2970.4000,2970.8000,2971.0000,2971.6000,2,2,1,1,5,1,1,1,1,1
SF,IH2003,2019-11-14 09:34:43.500,2969.4000,11632,-1,84605400.000,1,0,1,双平,S,2969.4000,2968.8000,2968.0000,2967.4000,2967.0000,2970.4000,2970.8000,2971.0000,2971.6000,2972.0000,1,2,1,5,3,1,1,1,1,2
SF,IH2003,2019-11-14 09:34:44.000,2969.4000,11632,0,84605400.000,0,-,-,-,-,2968.8000,2968.0000,2967.4000,2967.0000,2966.4000,2970.2000,2970.4000,2970.8000,2971.0000,2971.6000,2,1,5,3,1,1,1,1,1,1
SF,IH2003,2019-11-14 09:34:46.000,2969.4000,11632,0,84605400.000,0,-,-,-,-,2968.8000,2968.0000,2967.4000,2967.0000,2966.4000,2970.0000,2970.2000,2970.4000,2970.8000,2971.0000,2,1,5,3,1,1,1,1,1,1
SF,IH2003,2019-11-14 09:34:46.500,2969.4000,11632,0,84605400.000,0,-,-,-,-,2968.8000,2968.0000,2967.4000,2967.0000,2966.4000,2969.8000,2970.0000,2970.4000,2970.8000,2971.0000,2,1,5,3,1,1,1,1,1,1
SF,IH2003,2019-11-14 09:34:47.000,2969.4000,11632,0,84605400.000,0,-,-,-,-,2968.8000,2968.2000,2968.0000,2967.4000,2967.0000,2969.8000,2970.0000,2970.4000,2970.8000,2971.0000,2,2,1,5,3,1,1,1,1,1
SF,IH2003,2019-11-14 09:34:47.500,2969.4000,11632,0,84605400.000,0,-,-,-,-,2968.2000,2967.4000,2967.0000,2966.4000,2965.4000,2969.8000,2970.0000,2970.4000,2970.8000,2971.0000,2,5,3,1,1,1,1,1,1,1
SF,IH2003,2019-11-14 09:34:48.000,2969.4000,11632,0,84605400.000,0,-,-,-,-,2968.4000,2968.2000,2967.4000,2967.0000,2966.4000,2969.6000,2969.8000,2970.0000,2970.4000,2970.8000,2,2,5,3,1,1,1,1,1,1
SF,IH2003,2019-11-14 09:34:48.500,2969.4000,11632,0,84605400.000,0,-,-,-,-,2968.4000,2968.2000,2967.4000,2967.0000,2966.4000,2969.6000,2970.0000,2970.4000,2970.8000,2971.0000,4,2,5,3,1,1,1,1,1,1
SF,IH2003,2019-11-14 09:34:49.000,2969.4000,11632,0,84605400.000,0,-,-,-,-,2968.4000,2968.2000,2967.4000,2967.0000,2966.4000,2969.4000,2969.6000,2970.0000,2970.4000,2970.8000,1,2,5,3,1,1,1,1,1,1
SF,IH2003,2019-11-14 09:34:52.500,2969.4000,11632,0,84605400.000,0,-,-,-,-,2969.0000,2968.6000,2968.4000,2967.4000,2967.0000,2969.4000,2969.6000,2970.0000,2970.4000,2970.8000,5,2,1,5,3,1,1,1,1,1
SF,IH2003,2019-11-14 09:34:53.000,2969.4000,11632,0,84605400.000,0,-,-,-,-,2969.0000,2968.6000,2968.4000,2967.4000,2967.0000,2969.4000,2970.0000,2970.4000,2970.8000,2971.0000,5,2,1,5,3,1,1,1,1,1
SF,IH2003,2019-11-14 09:34:53.500,2969.0000,11632,0,87277500.000,3,1,2,多换,S,2969.0000,2968.6000,2968.4000,2967.4000,2967.0000,2969.4000,2970.0000,2970.4000,2970.8000,2971.0000,2,2,1,5,3,1,1,1,1,1
SF,IH2003,2019-11-14 09:34:54.000,2969.0000,11632,0,89058900.000,2,1,1,多换,S,2968.6000,2967.0000,2966.4000,2965.4000,2963.2000,2969.4000,2970.0000,2970.4000,2970.8000,2971.0000,2,3,1,1,1,1,1,1,1,1
SF,IH2003,2019-11-14 09:34:54.500,2969.0000,11632,0,89058900.000,0,-,-,-,-,2968.6000,2967.0000,2966.4000,2965.4000,2963.2000,2969.0000,2969.4000,2970.0000,2970.4000,2970.8000,2,3,1,1,1,1,1,1,1,1
SF,IH2003,2019-11-14 09:34:55.000,2969.0000,11631,-1,89949600.000,1,0,1,双平,S,2968.6000,2967.0000,2966.4000,2965.4000,2963.2000,2970.0000,2970.4000,2970.8000,2971.0000,2971.6000,2,3,1,1,1,1,1,1,1,1
SF,IH2003,2019-11-14 09:34:55.500,2969.0000,11631,0,89949600.000,0,-,-,-,-,2968.6000,2967.0000,2966.4000,2965.4000,2963.2000,2969.8000,2970.0000,2970.4000,2970.8000,2971.0000,2,3,1,1,1,2,1,1,1,1
SF,IH2003,2019-11-14 09:34:56.000,2969.0000,11631,0,89949600.000,0,-,-,-,-,2968.6000,2967.0000,2966.4000,2965.4000,2963.2000,2969.6000,2970.4000,2970.8000,2971.0000,2971.6000,2,3,1,1,1,1,1,1,1,1
SF,IH2003,2019-11-14 09:34:59.000,2969.0000,11631,0,89949600.000,0,-,-,-,-,2968.6000,2967.0000,2966.4000,2965.4000,2963.2000,2969.6000,2970.4000,2971.0000,2971.6000,2972.0000,2,3,1,1,1,1,1,1,1,2
SF,IH2003,2019-11-14 09:35:02.000,2968.6000,11631,0,91730760.000,2,1,1,多换,S,2967.0000,2966.4000,2965.4000,2963.2000,2961.6000,2968.6000,2969.6000,2970.4000,2971.0000,2971.6000,3,1,1,1,1,1,1,1,1,1
SF,IH2003,2019-11-14 09:35:02.500,2968.6000,11631,0,91730760.000,0,-,-,-,-,2967.4000,2967.2000,2967.0000,2966.4000,2965.4000,2968.4000,2968.6000,2969.2000,2970.4000,2971.0000,3,2,3,1,1,1,1,2,1,1
SF,IH2003,2019-11-14 09:35:03.000,2968.6000,11631,0,91730760.000,0,-,-,-,-,2967.6000,2967.4000,2967.0000,2966.4000,2965.4000,2968.6000,2969.2000,2970.4000,2971.0000,2971.6000,1,3,1,1,1,1,2,1,1,1
SF,IH2003,2019-11-14 09:35:03.500,2967.6000,11630,-1,92621040.000,1,0,1,双平,S,2967.4000,2966.4000,2965.4000,2963.2000,2961.6000,2968.4000,2968.6000,2970.4000,2971.0000,2971.6000,3,1,1,1,1,1,1,1,1,1
SF,IH2003,2019-11-14 09:35:04.000,2967.6000,11630,0,92621040.000,0,-,-,-,-,2967.4000,2966.4000,2965.4000,2963.2000,2961.6000,2968.2000,2968.4000,2968.6000,2969.4000,2970.4000,1,1,1,1,1,1,1,1,1,1
SF,IH2003,2019-11-14 09:35:04.500,2967.6000,11630,0,92621040.000,0,-,-,-,-,2966.4000,2965.4000,2963.2000,2961.6000,2960.0000,2968.6000,2969.4000,2970.4000,2971.0000,2971.6000,1,1,1,1,5,1,1,1,1,1
SF,IH2003,2019-11-14 09:35:05.000,2967.6000,11630,0,92621040.000,0,-,-,-,-,2967.6000,2967.2000,2966.8000,2966.6000,2966.4000,2968.4000,2969.4000,2970.4000,2971.0000,2971.6000,2,1,5,3,1,1,1,1,1,1
SF,IH2003,2019-11-14 09:35:05.500,2967.6000,11630,0,92621040.000,0,-,-,-,-,2967.2000,2966.6000,2966.4000,2965.4000,2963.2000,2969.4000,2970.4000,2971.0000,2971.6000,2972.0000,1,1,1,1,1,1,1,1,1,2
SF,IH2003,2019-11-14 09:35:06.000,2967.6000,11630,0,92621040.000,0,-,-,-,-,2967.2000,2966.6000,2966.4000,2965.4000,2963.2000,2967.6000,2969.0000,2969.2000,2969.4000,2970.4000,1,1,1,1,1,1,5,4,1,1
SF,IH2003,2019-11-14 09:35:06.500,2967.6000,11629,-1,93511320.000,1,0,1,双平,S,2967.6000,2966.4000,2965.4000,2963.2000,2961.6000,2969.2000,2969.4000,2971.0000,2971.6000,2972.0000,1,1,1,1,1,1,1,1,1,2
SF,IH2003,2019-11-14 09:35:07.000,2967.6000,11629,0,93511320.000,0,-,-,-,-,2966.4000,2965.4000,2963.2000,2961.6000,2960.0000,2967.6000,2969.0000,2969.2000,2969.4000,2971.0000,1,1,1,1,5,1,4,1,1,1
SF,IH2003,2019-11-14 09:35:07.500,2967.6000,11629,0,93511320.000,0,-,-,-,-,2967.0000,2966.8000,2966.6000,2966.4000,2965.4000,2968.8000,2969.2000,2969.4000,2971.0000,2971.6000,1,2,2,1,1,2,1,1,1,1
SF,IH2003,2019-11-14 09:35:08.000,2967.6000,11629,0,93511320.000,0,-,-,-,-,2966.8000,2966.6000,2966.4000,2965.4000,2963.2000,2968.6000,2968.8000,2969.4000,2971.0000,2971.6000,2,1,1,1,1,3,2,1,1,1
SF,IH2003,2019-11-14 09:35:08.500,2967.6000,11629,0,93511320.000,0,-,-,-,-,2967.4000,2967.0000,2966.8000,2966.6000,2966.4000,2968.6000,2969.4000,2971.0000,2971.6000,2972.0000,2,1,2,1,1,3,1,1,1,2
SF,IH2003,2019-11-14 09:35:09.000,2967.6000,11629,0,93511320.000,0,-,-,-,-,2967.4000,2967.0000,2966.8000,2966.6000,2966.4000,2968.6000,2969.4000,2971.0000,2971.6000,2972.0000,2,1,2,1,1,3,1,1,1,2
SF,IH2003,2019-11-14 09:35:10.500,2967.6000,11629,0,93511320.000,0,-,-,-,-,2967.4000,2967.0000,2966.8000,2966.4000,2965.4000,2968.6000,2969.4000,2971.0000,2971.6000,2972.0000,2,1,2,1,1,3,1,1,1,2
SF,IH2003,2019-11-14 09:35:11.000,2967.6000,11629,0,93511320.000,0,-,-,-,-,2967.4000,2967.0000,2966.8000,2966.4000,2965.4000,2968.6000,2969.4000,2971.6000,2972.0000,2972.6000,2,1,2,1,1,3,1,1,2,1
SF,IH2003,2019-11-14 09:35:11.500,2967.6000,11629,0,93511320.000,0,-,-,-,-,2967.4000,2967.0000,2966.8000,2966.4000,2965.4000,2968.6000,2969.4000,2971.6000,2972.0000,2972.6000,2,1,2,1,1,4,1,1,2,1
SF,IH2003,2019-11-14 09:35:13.000,2967.6000,11629,0,93511320.000,0,-,-,-,-,2967.6000,2967.2000,2967.0000,2966.4000,2965.4000,2968.6000,2969.4000,2971.6000,2972.0000,2972.6000,2,2,1,1,1,3,1,1,2,1
SF,IH2003,2019-11-14 09:35:13.500,2967.6000,11629,0,93511320.000,0,-,-,-,-,2967.6000,2967.2000,2967.0000,2966.4000,2965.4000,2968.6000,2969.4000,2971.6000,2972.0000,2972.6000,2,2,1,1,1,2,1,1,2,1
SF,IH2003,2019-11-14 09:35:14.000,2967.6000,11629,0,93511320.000,0,-,-,-,-,2967.6000,2967.2000,2966.4000,2965.4000,2963.2000,2968.6000,2969.4000,2971.6000,2972.0000,2972.6000,2,2,1,1,1,2,1,1,2,1
SF,IH2003,2019-11-14 09:35:14.500,2967.6000,11629,0,93511320.000,0,-,-,-,-,2967.8000,2967.6000,2967.2000,2966.4000,2965.4000,2968.6000,2969.4000,2971.6000,2972.0000,2972.6000,1,2,2,1,1,1,1,1,2,1
SF,IH2003,2019-11-14 09:35:15.000,2967.6000,11629,0,93511320.000,0,-,-,-,-,2967.8000,2967.6000,2967.2000,2966.4000,2965.4000,2968.4000,2968.6000,2969.4000,2971.6000,2972.0000,1,2,2,1,1,1,1,1,1,2
SF,IH2003,2019-11-14 09:35:15.500,2967.6000,11629,0,93511320.000,0,-,-,-,-,2967.6000,2967.2000,2966.4000,2965.4000,2963.2000,2968.4000,2968.6000,2969.4000,2971.6000,2972.0000,2,2,1,1,1,1,1,1,1,2
SF,IH2003,2019-11-14 09:35:18.000,2968.4000,11628,-1,94401840.000,1,0,1,双平,S,2967.6000,2967.2000,2966.8000,2966.4000,2965.4000,2968.6000,2969.4000,2971.6000,2972.0000,2972.6000,2,2,1,1,1,1,2,1,2,1
SF,IH2003,2019-11-14 09:35:18.500,2968.4000,11628,0,94401840.000,0,-,-,-,-,2967.2000,2966.4000,2965.4000,2963.2000,2961.6000,2968.4000,2968.6000,2969.4000,2971.6000,2972.0000,2,1,1,1,1,1,1,1,1,2
SF,IH2003,2019-11-14 09:35:19.000,2968.4000,11628,0,94401840.000,0,-,-,-,-,2967.2000,2966.4000,2965.4000,2963.2000,2961.6000,2968.2000,2968.6000,2969.4000,2971.6000,2972.0000,2,1,1,1,1,1,1,1,1,2
SF,IH2003,2019-11-14 09:35:19.500,2968.4000,11628,0,94401840.000,0,-,-,-,-,2967.2000,2966.4000,2965.4000,2963.2000,2961.6000,2968.6000,2969.4000,2971.6000,2972.0000,2972.6000,2,1,1,1,1,1,1,1,2,1
SF,IH2003,2019-11-14 09:35:20.000,2968.4000,11628,0,94401840.000,0,-,-,-,-,2967.2000,2966.4000,2965.4000,2963.2000,2961.6000,2968.4000,2968.6000,2969.0000,2969.4000,2971.6000,2,1,1,1,1,3,1,1,1,1
SF,IH2003,2019-11-14 09:35:20.500,2967.2000,11628,0,96182160.000,2,1,1,多换,S,2966.4000,2965.4000,2963.2000,2961.6000,2960.0000,2967.0000,2967.2000,2968.4000,2968.6000,2969.0000,1,1,1,1,5,1,1,5,1,1
SF,IH2003,2019-11-14 09:35:21.000,2967.2000,11628,0,96182160.000,0,-,-,-,-,2966.6000,2965.4000,2963.2000,2961.6000,2960.0000,2967.2000,2968.4000,2968.6000,2969.0000,2969.4000,2,1,1,1,5,1,1,1,1,1
SF,IH2003,2019-11-14 09:35:21.500,2967.2000,11628,0,96182160.000,0,-,-,-,-,2965.4000,2963.2000,2961.6000,2960.0000,2955.0000,2967.2000,2968.4000,2968.6000,2969.0000,2969.4000,1,1,1,5,1,1,1,1,1,1
SF,IH2003,2019-11-14 09:35:22.000,2967.2000,11628,0,96182160.000,0,-,-,-,-,2965.8000,2965.6000,2965.4000,2965.2000,2963.2000,2967.0000,2968.4000,2968.6000,2969.0000,2969.4000,2,7,1,1,1,2,1,1,1,1
SF,IH2003,2019-11-14 09:35:22.500,2967.2000,11628,0,96182160.000,0,-,-,-,-,2966.0000,2965.8000,2965.6000,2965.4000,2965.2000,2967.0000,2967.2000,2968.4000,2968.6000,2969.0000,1,2,5,1,1,2,1,1,1,1
SF,IH2003,2019-11-14 09:35:23.000,2967.2000,11628,0,96182160.000,0,-,-,-,-,2966.4000,2966.0000,2965.6000,2965.4000,2965.2000,2967.0000,2967.2000,2968.4000,2968.6000,2969.0000,2,1,5,1,1,1,1,1,1,1
SF,IH2003,2019-11-14 09:35:23.500,2967.2000,11628,0,96182160.000,0,-,-,-,-,2966.4000,2965.6000,2965.4000,2965.2000,2963.2000,2967.2000,2968.4000,2968.6000,2969.0000,2969.4000,2,5,1,1,1,1,1,1,1,1
SF,IH2003,2019-11-14 09:35:25.000,2967.2000,11628,0,96182160.000,0,-,-,-,-,2966.4000,2965.6000,2965.4000,2965.2000,2963.2000,2967.2000,2968.4000,2968.6000,2969.0000,2971.6000,2,5,1,1,1,1,1,1,1,1
SF,IH2003,2019-11-14 09:35:27.000,2967.2000,11628,0,96182160.000,0,-,-,-,-,2965.4000,2965.2000,2963.2000,2961.6000,2960.0000,2967.2000,2968.4000,2968.6000,2969.0000,2971.6000,1,1,1,1,5,1,1,1,1,1
SF,IH2003,2019-11-14 09:35:27.500,2967.2000,11628,0,96182160.000,0,-,-,-,-,2965.8000,2965.6000,2965.4000,2965.2000,2963.2000,2967.0000,2967.2000,2968.4000,2968.6000,2969.0000,2,2,1,1,1,1,1,1,1,1
SF,IH2003,2019-11-14 09:35:28.000,2967.0000,11627,-1,97072260.000,1,0,1,双平,S,2966.4000,2966.0000,2965.8000,2965.6000,2965.4000,2967.2000,2968.4000,2968.6000,2969.0000,2971.6000,1,2,2,5,1,1,1,1,1,1
SF,IH2003,2019-11-14 09:35:28.500,2967.2000,11627,0,97962420.000,1,0,1,多换,S,2967.2000,2966.6000,2965.8000,2965.6000,2965.4000,2968.4000,2968.6000,2969.0000,2971.6000,2972.0000,2,1,2,5,1,1,1,1,1,2
SF,IH2003,2019-11-14 09:35:29.000,2967.2000,11627,0,97962420.000,0,-,-,-,-,2967.2000,2966.8000,2965.6000,2965.4000,2965.2000,2968.2000,2968.4000,2968.6000,2969.0000,2971.6000,2,2,5,1,1,1,1,1,1,1
SF,IH2003,2019-11-14 09:35:29.500,2968.2000,11627,0,98852880.000,1,0,1,多换,S,2967.4000,2967.2000,2966.8000,2965.6000,2965.4000,2968.6000,2969.0000,2971.6000,2972.0000,2972.6000,1,2,2,5,1,1,1,1,1,1
SF,IH2003,2019-11-14 09:35:30.000,2968.2000,11627,0,98852880.000,0,-,-,-,-,2968.2000,2967.4000,2967.2000,2965.6000,2965.4000,2968.6000,2969.0000,2971.6000,2972.0000,2972.6000,1,3,2,5,1,1,1,1,1,1
SF,IH2003,2019-11-14 09:35:30.500,2968.6000,11626,-1,99743460.000,1,0,1,双平,S,2968.2000,2967.4000,2967.2000,2965.6000,2965.4000,2969.0000,2971.6000,2972.0000,2972.6000,2972.8000,1,2,2,5,1,1,1,1,1,1
SF,IH2003,2019-11-14 09:35:31.000,2968.6000,11626,0,99743460.000,0,-,-,-,-,2967.4000,2967.2000,2965.6000,2965.4000,2965.2000,2969.0000,2971.6000,2972.0000,2972.6000,2972.8000,2,2,5,1,1,1,1,1,1,1
SF,IH2003,2019-11-14 09:35:31.500,2968.6000,11626,0,99743460.000,0,-,-,-,-,2967.6000,2967.2000,2965.6000,2965.4000,2965.2000,2968.2000,2968.8000,2969.0000,2971.6000,2972.0000,1,2,5,1,1,1,1,1,1,1
SF,IH2003,2019-11-14 09:35:32.000,2968.6000,11626,0,99743460.000,0,-,-,-,-,2967.2000,2965.6000,2965.4000,2965.2000,2963.2000,2969.0000,2971.6000,2972.0000,2972.6000,2972.8000,2,5,1,1,1,1,1,1,1,1
SF,IH2003,2019-11-14 09:35:32.500,2968.6000,11626,0,99743460.000,0,-,-,-,-,2967.4000,2967.2000,2965.6000,2965.4000,2965.2000,2968.8000,2969.0000,2971.6000,2972.0000,2972.6000,1,2,5,1,1,1,1,1,1,1
SF,IH2003,2019-11-14 09:35:33.500,2968.6000,11626,0,99743460.000,0,-,-,-,-,2967.6000,2967.4000,2967.2000,2965.6000,2965.4000,2968.8000,2969.0000,2971.6000,2972.0000,2972.6000,2,1,2,5,1,1,1,1,1,1
SF,IH2003,2019-11-14 09:35:34.000,2968.6000,11626,0,99743460.000,0,-,-,-,-,2967.4000,2967.2000,2965.6000,2965.4000,2965.2000,2968.8000,2969.0000,2971.6000,2972.0000,2972.6000,1,2,5,1,1,1,1,1,1,1
SF,IH2003,2019-11-14 09:35:34.500,2968.6000,11626,0,99743460.000,0,-,-,-,-,2967.6000,2967.4000,2967.2000,2965.6000,2965.4000,2969.0000,2971.6000,2972.6000,2972.8000,2973.0000,1,1,2,5,1,1,1,1,1,3
SF,IH2003,2019-11-14 09:35:35.000,2968.6000,11626,0,99743460.000,0,-,-,-,-,2967.6000,2967.4000,2967.2000,2965.6000,2965.4000,2969.0000,2971.6000,2972.6000,2972.8000,2973.0000,3,1,2,5,1,1,1,1,1,3
SF,IH2003,2019-11-14 09:35:35.500,2968.6000,11626,0,99743460.000,0,-,-,-,-,2967.8000,2967.6000,2967.4000,2967.2000,2965.6000,2969.0000,2971.6000,2972.6000,2972.8000,2973.0000,1,3,1,2,5,1,1,1,1,3
SF,IH2003,2019-11-14 09:35:36.000,2968.6000,11626,0,99743460.000,0,-,-,-,-,2967.8000,2967.6000,2967.4000,2967.2000,2965.6000,2969.0000,2971.6000,2972.6000,2972.8000,2973.0000,1,2,1,2,5,1,1,1,1,3
SF,IH2003,2019-11-14 09:35:36.500,2969.0000,11626,0,100634160.000,1,0,1,多换,S,2968.0000,2967.8000,2967.6000,2967.4000,2967.2000,2971.6000,2972.6000,2972.8000,2973.0000,2975.0000,1,1,2,1,2,1,1,1,3,1
SF,IH2003,2019-11-14 09:35:37.000,2969.0000,11626,0,100634160.000,0,-,-,-,-,2968.2000,2968.0000,2967.8000,2967.6000,2967.2000,2969.4000,2970.0000,2970.6000,2970.8000,2971.2000,1,1,1,2,2,1,1,3,1,5
SF,IH2003,2019-11-14 09:35:37.500,2969.0000,11626,0,100634160.000,0,-,-,-,-,2968.4000,2968.2000,2967.8000,2967.2000,2965.6000,2970.0000,2970.8000,2971.2000,2971.4000,2971.6000,2,1,1,2,5,1,1,5,1,1
SF,IH2003,2019-11-14 09:35:38.000,2969.0000,11626,0,100634160.000,0,-,-,-,-,2968.6000,2968.4000,2967.8000,2967.2000,2965.6000,2969.8000,2970.0000,2970.8000,2971.2000,2971.4000,1,2,1,2,5,1,1,1,5,1
SF,IH2003,2019-11-14 09:35:38.500,2969.0000,11626,0,100634160.000,0,-,-,-,-,2968.8000,2968.6000,2967.8000,2967.2000,2965.6000,2969.8000,2971.2000,2971.4000,2971.6000,2972.6000,2,1,1,2,5,1,5,1,1,1
SF,IH2003,2019-11-14 09:35:39.000,2969.0000,11626,0,100634160.000,0,-,-,-,-,2968.8000,2968.6000,2967.8000,2967.2000,2965.6000,2970.0000,2971.2000,2971.6000,2972.6000,2972.8000,2,1,1,2,5,1,5,2,1,1
SF,IH2003,2019-11-14 09:35:40.000,2969.0000,11626,0,100634160.000,0,-,-,-,-,2968.6000,2967.8000,2967.2000,2965.6000,2965.4000,2970.0000,2971.2000,2971.6000,2972.6000,2972.8000,1,1,2,5,1,1,5,2,1,1
SF,IH2003,2019-11-14 09:35:40.500,2969.0000,11626,0,100634160.000,0,-,-,-,-,2968.6000,2967.8000,2967.2000,2965.6000,2965.4000,2969.8000,2970.0000,2971.2000,2971.6000,2972.6000,1,1,2,5,1,1,1,5,2,1
SF,IH2003,2019-11-14 09:35:41.500,2969.0000,11626,0,100634160.000,0,-,-,-,-,2969.0000,2968.6000,2967.8000,2967.2000,2965.6000,2969.8000,2971.2000,2971.6000,2972.6000,2972.8000,2,1,1,2,5,1,5,2,1,1
SF,IH2003,2019-11-14 09:35:42.000,2969.0000,11626,0,100634160.000,0,-,-,-,-,2968.6000,2967.8000,2967.2000,2965.6000,2965.4000,2969.8000,2970.0000,2971.2000,2971.6000,2972.6000,1,1,2,5,1,1,1,5,2,1
SF,IH2003,2019-11-14 09:35:42.500,2969.0000,11626,0,100634160.000,0,-,-,-,-,2968.8000,2968.6000,2967.8000,2967.2000,2965.6000,2969.0000,2971.2000,2971.6000,2972.6000,2972.8000,3,1,1,2,5,1,5,2,1,1
SF,IH2003,2019-11-14 09:35:43.000,2969.0000,11625,-1,101524860.000,1,0,1,双平,S,2969.0000,2967.8000,2967.2000,2965.6000,2965.4000,2971.2000,2971.6000,2972.6000,2972.8000,2973.0000,1,1,2,5,1,5,2,1,1,3
SF,IH2003,2019-11-14 09:35:43.500,2969.0000,11624,-1,102415560.000,1,0,1,双平,S,2967.8000,2967.2000,2965.6000,2965.4000,2965.2000,2969.0000,2970.2000,2971.0000,2971.2000,2971.6000,1,2,5,1,1,1,1,2,5,2
SF,IH2003,2019-11-14 09:35:44.000,2969.0000,11624,0,102415560.000,0,-,-,-,-,2968.2000,2968.0000,2967.8000,2967.2000,2965.6000,2969.0000,2971.2000,2971.6000,2972.6000,2972.8000,2,2,1,2,5,1,5,2,1,1
