市场代码,合约代码,时间,最新,持仓,增仓,成交额,成交量,开仓,平仓,成交类型,方向,买一价,买二价,买三价,买四价,买五价,卖一价,卖二价,卖三价,卖四价,卖五价,买一量,买二量,买三量,买四量,买五量,卖一量,卖二量,卖三量,卖四量,卖五量
SF,IH2006,2019-12-27 09:29:00.200,3021.0000,6208,0,906300.000,1.000,-,-,-,-,3019.4000,3019.0000,3018.0000,3016.6000,3016.4000,3025.0000,3027.4000,3028.0000,3032.2000,3033.4000,1,1,1,1,1,2,2,1,1,1
SF,IH2006,2019-12-27 09:30:00.200,3021.0000,6208,0,906300.000,0,-,-,-,-,3019.4000,3019.0000,3018.0000,3016.6000,3013.6000,3024.0000,3024.6000,3025.0000,3027.4000,3028.0000,1,1,1,1,2,5,1,2,2,1
SF,IH2006,2019-12-27 09:30:00.700,3021.0000,6208,0,906300.000,0,-,-,-,-,3020.0000,3019.6000,3019.0000,3018.0000,3016.6000,3023.6000,3023.8000,3024.0000,3025.0000,3027.4000,4,1,1,1,1,1,2,5,2,2
SF,IH2006,2019-12-27 09:30:01.200,3021.0000,6208,0,906300.000,0,-,-,-,-,3020.2000,3020.0000,3019.0000,3016.6000,3013.6000,3023.4000,3024.0000,3025.0000,3027.4000,3028.0000,1,4,1,1,2,1,3,2,2,1
SF,IH2006,2019-12-27 09:30:02.200,3021.0000,6208,0,906300.000,0,-,-,-,-,3020.2000,3020.0000,3019.0000,3016.6000,3015.6000,3023.4000,3024.0000,3025.0000,3027.4000,3028.0000,1,4,1,1,4,1,3,2,2,1
SF,IH2006,2019-12-27 09:30:02.700,3023.4000,6208,0,1813320.000,1,0,1,多换,S,3020.8000,3020.2000,3020.0000,3019.0000,3016.6000,3024.0000,3025.0000,3027.2000,3027.4000,3028.0000,1,1,4,1,1,3,2,5,2,2
SF,IH2006,2019-12-27 09:30:03.200,3023.4000,6208,0,1813320.000,0,-,-,-,-,3021.0000,3020.8000,3020.0000,3019.0000,3016.6000,3023.8000,3024.0000,3025.0000,3027.2000,3027.4000,1,1,4,1,1,3,5,2,5,2
SF,IH2006,2019-12-27 09:30:03.700,3023.4000,6208,0,1813320.000,0,-,-,-,-,3021.0000,3020.8000,3020.0000,3019.0000,3016.6000,3023.8000,3024.0000,3025.0000,3027.2000,3027.4000,1,1,4,1,1,1,3,2,5,2
SF,IH2006,2019-12-27 09:30:04.200,3023.4000,6208,0,1813320.000,0,-,-,-,-,3021.0000,3020.8000,3020.0000,3019.0000,3016.6000,3023.8000,3024.0000,3025.0000,3027.2000,3028.0000,1,1,4,1,1,1,3,2,5,2
SF,IH2006,2019-12-27 09:30:04.700,3023.4000,6208,0,1813320.000,0,-,-,-,-,3021.0000,3020.8000,3020.0000,3019.0000,3016.6000,3023.8000,3024.0000,3025.0000,3027.2000,3028.0000,1,1,4,1,1,1,4,2,5,2
SF,IH2006,2019-12-27 09:30:05.200,3023.4000,6208,0,1813320.000,0,-,-,-,-,3021.0000,3020.8000,3020.0000,3019.0000,3016.6000,3023.8000,3024.0000,3025.0000,3027.2000,3028.0000,1,1,4,1,1,1,3,2,5,2
SF,IH2006,2019-12-27 09:30:05.700,3023.8000,6207,-1,2720460.000,1,0,1,双平,S,3021.0000,3020.8000,3020.0000,3019.0000,3016.6000,3024.0000,3025.0000,3027.2000,3028.0000,3029.0000,1,1,4,1,1,3,2,5,2,1
SF,IH2006,2019-12-27 09:30:06.200,3023.8000,6207,0,2720460.000,0,-,-,-,-,3023.8000,3021.0000,3020.8000,3020.0000,3019.0000,3024.0000,3025.0000,3027.2000,3028.0000,3029.0000,1,1,1,4,1,3,2,5,2,1
SF,IH2006,2019-12-27 09:30:06.700,3024.0000,6205,-2,5441940.000,3,0,3,多平,S,3021.0000,3020.8000,3020.0000,3019.0000,3016.6000,3024.0000,3025.0000,3027.2000,3028.0000,3029.0000,1,1,4,1,1,3,2,5,2,1
SF,IH2006,2019-12-27 09:30:07.200,3024.0000,6205,0,5441940.000,0,-,-,-,-,3021.2000,3021.0000,3020.8000,3020.0000,3019.0000,3024.0000,3025.0000,3027.2000,3028.0000,3029.0000,1,1,1,4,1,3,2,5,2,1
SF,IH2006,2019-12-27 09:30:07.700,3024.0000,6205,0,5441940.000,0,-,-,-,-,3021.4000,3020.8000,3020.0000,3019.0000,3016.6000,3024.0000,3025.0000,3027.2000,3028.0000,3029.0000,1,1,4,1,1,3,2,5,2,1
SF,IH2006,2019-12-27 09:30:08.200,3024.0000,6204,-1,6349140.000,1,0,1,双平,S,3021.4000,3020.8000,3020.0000,3019.0000,3016.6000,3024.0000,3025.0000,3027.2000,3028.0000,3029.0000,1,1,4,1,1,2,2,5,2,1
SF,IH2006,2019-12-27 09:30:09.700,3024.0000,6204,0,6349140.000,0,-,-,-,-,3021.6000,3021.4000,3020.8000,3020.0000,3019.0000,3024.0000,3025.0000,3027.2000,3028.0000,3029.0000,2,1,1,4,1,2,2,5,2,1
SF,IH2006,2019-12-27 09:30:10.200,3024.0000,6204,0,6349140.000,0,-,-,-,-,3022.6000,3021.8000,3021.6000,3020.8000,3020.0000,3023.8000,3024.0000,3025.0000,3027.2000,3028.0000,1,1,2,1,4,1,3,2,5,2
SF,IH2006,2019-12-27 09:30:10.700,3024.0000,6204,0,6349140.000,0,-,-,-,-,3022.8000,3022.6000,3021.6000,3020.8000,3020.0000,3023.8000,3024.0000,3025.0000,3027.2000,3028.0000,1,1,2,1,4,2,2,2,5,2
SF,IH2006,2019-12-27 09:30:11.200,3023.8000,6203,-1,7256280.000,1,0,1,双平,S,3022.6000,3021.6000,3020.8000,3020.0000,3019.0000,3023.8000,3024.0000,3025.0000,3027.2000,3028.0000,1,2,1,4,1,1,2,2,5,2
SF,IH2006,2019-12-27 09:30:11.700,3023.8000,6202,-1,8163420.000,1,0,1,双平,S,3023.0000,3021.6000,3021.4000,3020.8000,3020.0000,3023.8000,3024.0000,3025.0000,3027.2000,3028.0000,1,2,1,1,4,1,2,2,5,2
SF,IH2006,2019-12-27 09:30:12.200,3023.8000,6201,-1,9070560.000,1,0,1,双平,S,3023.2000,3023.0000,3021.6000,3021.4000,3020.8000,3024.0000,3025.0000,3027.2000,3028.0000,3029.0000,1,1,2,1,1,2,2,5,2,1
SF,IH2006,2019-12-27 09:30:12.700,3023.8000,6201,0,9070560.000,0,-,-,-,-,3023.8000,3023.4000,3023.2000,3023.0000,3021.6000,3024.0000,3025.0000,3027.2000,3028.0000,3029.0000,1,1,1,1,2,2,2,5,2,1
SF,IH2006,2019-12-27 09:30:13.200,3023.8000,6200,-1,11792040.000,3,1,2,多平,S,3023.4000,3023.2000,3021.6000,3021.4000,3020.8000,3024.0000,3025.0000,3027.2000,3028.0000,3029.0000,1,1,2,1,1,1,2,5,2,1
SF,IH2006,2019-12-27 09:30:13.700,3023.4000,6197,-3,14513040.000,3,0,3,双平,S,3021.6000,3021.4000,3020.8000,3020.0000,3019.0000,3024.0000,3025.0000,3027.2000,3028.0000,3029.0000,2,1,1,4,1,1,2,5,2,1
SF,IH2006,2019-12-27 09:30:14.200,3023.4000,6197,0,14513040.000,0,-,-,-,-,3021.8000,3021.4000,3020.8000,3020.0000,3019.0000,3023.8000,3024.0000,3024.2000,3025.0000,3027.2000,3,1,1,4,1,1,1,1,2,5
SF,IH2006,2019-12-27 09:30:14.700,3023.4000,6197,0,14513040.000,0,-,-,-,-,3021.8000,3021.4000,3020.8000,3020.0000,3019.0000,3023.8000,3024.0000,3024.2000,3027.2000,3028.0000,3,1,1,4,1,1,1,1,5,2
SF,IH2006,2019-12-27 09:30:15.200,3024.0000,6195,-2,16327380.000,2,0,2,双平,S,3022.0000,3021.8000,3021.4000,3020.8000,3020.0000,3024.2000,3027.2000,3028.0000,3029.0000,3035.8000,2,3,1,1,4,1,5,2,1,2
SF,IH2006,2019-12-27 09:30:15.700,3024.0000,6195,0,16327380.000,0,-,-,-,-,3022.2000,3022.0000,3021.8000,3021.4000,3020.8000,3024.2000,3027.2000,3028.0000,3029.0000,3035.8000,2,2,1,1,1,1,5,2,1,2
SF,IH2006,2019-12-27 09:30:16.200,3024.0000,6195,0,16327380.000,0,-,-,-,-,3022.4000,3022.2000,3022.0000,3021.8000,3021.4000,3024.2000,3028.0000,3029.0000,3030.4000,3035.8000,1,2,2,1,1,1,2,1,5,2
SF,IH2006,2019-12-27 09:30:16.700,3024.0000,6195,0,16327380.000,0,-,-,-,-,3022.6000,3022.4000,3022.2000,3022.0000,3021.8000,3024.2000,3028.0000,3029.0000,3030.4000,3035.8000,2,1,1,2,1,1,2,1,5,2
SF,IH2006,2019-12-27 09:30:17.200,3024.2000,6194,-1,17234640.000,1,0,1,双平,S,3022.8000,3022.6000,3022.2000,3022.0000,3021.8000,3028.0000,3029.0000,3030.4000,3035.8000,3039.0000,1,2,1,2,1,2,1,5,2,1
SF,IH2006,2019-12-27 09:30:17.700,3024.2000,6194,0,17234640.000,0,-,-,-,-,3023.0000,3022.8000,3022.6000,3022.2000,3022.0000,3026.4000,3027.6000,3027.8000,3028.0000,3029.0000,2,1,1,1,2,1,1,2,2,1
SF,IH2006,2019-12-27 09:30:18.200,3024.2000,6194,0,17234640.000,0,-,-,-,-,3023.0000,3022.6000,3022.2000,3022.0000,3021.8000,3026.0000,3026.2000,3026.4000,3027.8000,3028.0000,2,1,1,2,1,1,1,1,1,2
SF,IH2006,2019-12-27 09:30:18.700,3024.2000,6194,0,17234640.000,0,-,-,-,-,3023.0000,3022.6000,3022.2000,3022.0000,3021.4000,3025.8000,3026.0000,3026.4000,3027.8000,3028.0000,2,1,1,2,1,2,1,1,1,2
SF,IH2006,2019-12-27 09:30:19.200,3024.2000,6194,0,17234640.000,0,-,-,-,-,3023.0000,3022.0000,3021.4000,3020.8000,3020.0000,3025.8000,3026.0000,3026.4000,3027.8000,3028.0000,2,2,1,1,4,2,1,1,1,2
SF,IH2006,2019-12-27 09:30:19.700,3024.2000,6194,0,17234640.000,0,-,-,-,-,3023.0000,3022.0000,3021.4000,3020.8000,3020.0000,3025.8000,3026.0000,3026.4000,3027.8000,3028.0000,1,2,1,1,4,2,1,1,1,2
SF,IH2006,2019-12-27 09:30:20.700,3024.2000,6194,0,17234640.000,0,-,-,-,-,3023.0000,3022.0000,3021.4000,3020.8000,3020.0000,3025.8000,3026.0000,3026.4000,3027.0000,3027.8000,1,2,1,1,4,2,1,1,1,1
SF,IH2006,2019-12-27 09:30:21.200,3024.2000,6194,0,17234640.000,0,-,-,-,-,3023.0000,3022.0000,3021.4000,3020.0000,3019.0000,3025.6000,3025.8000,3026.4000,3027.0000,3027.8000,1,2,1,4,1,1,2,1,1,1
SF,IH2006,2019-12-27 09:30:21.700,3024.2000,6194,0,17234640.000,0,-,-,-,-,3023.0000,3022.0000,3021.4000,3020.0000,3019.0000,3025.4000,3025.6000,3025.8000,3026.4000,3027.0000,1,2,1,4,1,2,1,1,1,1
SF,IH2006,2019-12-27 09:30:22.200,3024.2000,6194,0,17234640.000,0,-,-,-,-,3023.0000,3022.0000,3021.4000,3020.0000,3019.0000,3025.4000,3025.6000,3026.4000,3027.0000,3027.8000,1,2,1,4,1,2,1,1,1,1
SF,IH2006,2019-12-27 09:30:24.200,3024.2000,6194,0,17234640.000,0,-,-,-,-,3023.0000,3021.4000,3020.0000,3019.0000,3016.6000,3025.0000,3025.4000,3026.4000,3027.0000,3027.8000,1,1,4,1,1,1,2,1,1,1
SF,IH2006,2019-12-27 09:30:24.700,3024.2000,6194,0,17234640.000,0,-,-,-,-,3023.0000,3021.4000,3020.0000,3019.0000,3016.6000,3024.8000,3025.4000,3026.4000,3027.0000,3027.8000,1,1,4,1,1,2,1,1,1,1
SF,IH2006,2019-12-27 09:30:25.200,3024.2000,6194,0,17234640.000,0,-,-,-,-,3023.0000,3021.4000,3020.0000,3019.0000,3016.6000,3024.8000,3026.4000,3027.0000,3027.8000,3028.0000,1,1,4,1,1,2,1,1,1,2
SF,IH2006,2019-12-27 09:30:25.700,3024.2000,6194,0,17234640.000,0,-,-,-,-,3023.2000,3023.0000,3021.4000,3020.0000,3019.0000,3024.8000,3026.4000,3027.0000,3027.8000,3028.0000,1,1,1,4,1,1,1,1,1,2
SF,IH2006,2019-12-27 09:30:26.200,3024.2000,6194,0,17234640.000,0,-,-,-,-,3023.4000,3023.2000,3023.0000,3020.0000,3019.0000,3024.8000,3026.4000,3027.8000,3028.0000,3029.0000,1,1,1,4,1,1,1,2,2,1
SF,IH2006,2019-12-27 09:30:26.700,3024.2000,6194,0,17234640.000,0,-,-,-,-,3023.6000,3023.4000,3023.0000,3020.0000,3019.0000,3026.4000,3027.8000,3028.0000,3029.0000,3030.4000,1,1,1,4,1,1,2,2,1,5
SF,IH2006,2019-12-27 09:30:27.200,3024.2000,6194,0,17234640.000,0,-,-,-,-,3023.8000,3023.6000,3023.0000,3020.0000,3019.0000,3026.0000,3026.2000,3026.4000,3027.8000,3028.0000,1,1,1,4,1,1,1,1,2,2
SF,IH2006,2019-12-27 09:30:27.700,3024.2000,6194,0,17234640.000,0,-,-,-,-,3023.8000,3023.0000,3020.0000,3019.0000,3016.6000,3025.8000,3026.0000,3026.4000,3027.8000,3028.0000,1,1,4,1,1,2,1,1,2,2
SF,IH2006,2019-12-27 09:30:28.200,3024.2000,6194,0,17234640.000,0,-,-,-,-,3023.0000,3020.0000,3019.0000,3016.6000,3015.6000,3025.4000,3025.8000,3026.4000,3027.8000,3028.0000,1,4,1,1,4,1,2,1,2,2
SF,IH2006,2019-12-27 09:30:28.700,3024.2000,6194,0,17234640.000,0,-,-,-,-,3023.2000,3023.0000,3020.0000,3019.0000,3016.6000,3025.2000,3026.4000,3027.8000,3028.0000,3029.0000,2,1,4,1,1,1,1,2,2,1
SF,IH2006,2019-12-27 09:30:29.200,3024.2000,6194,0,17234640.000,0,-,-,-,-,3023.2000,3023.0000,3020.0000,3019.0000,3016.6000,3026.4000,3027.8000,3028.0000,3029.0000,3030.4000,2,1,4,1,1,1,2,2,1,5
SF,IH2006,2019-12-27 09:30:29.700,3024.2000,6194,0,17234640.000,0,-,-,-,-,3023.2000,3023.0000,3020.0000,3019.0000,3016.6000,3026.2000,3026.4000,3027.8000,3028.0000,3029.0000,2,1,4,1,1,1,1,2,2,1
SF,IH2006,2019-12-27 09:30:30.700,3024.2000,6194,0,17234640.000,0,-,-,-,-,3023.2000,3023.0000,3020.0000,3019.0000,3016.6000,3026.0000,3026.2000,3026.4000,3027.8000,3028.0000,1,1,4,1,1,1,1,1,2,2
SF,IH2006,2019-12-27 09:30:31.200,3024.2000,6194,0,17234640.000,0,-,-,-,-,3023.2000,3023.0000,3020.0000,3019.0000,3016.6000,3025.8000,3026.0000,3026.4000,3027.8000,3028.0000,1,1,4,1,1,1,1,1,2,2
SF,IH2006,2019-12-27 09:30:31.700,3024.2000,6194,0,17234640.000,0,-,-,-,-,3023.4000,3023.2000,3023.0000,3020.0000,3019.0000,3025.8000,3026.4000,3027.8000,3028.0000,3029.0000,1,1,1,4,1,1,1,2,2,1
SF,IH2006,2019-12-27 09:30:32.200,3024.2000,6194,0,17234640.000,0,-,-,-,-,3023.6000,3023.4000,3023.0000,3020.0000,3019.0000,3025.8000,3026.4000,3027.8000,3028.0000,3029.0000,1,1,1,4,1,1,1,2,2,1
SF,IH2006,2019-12-27 09:30:32.700,3024.2000,6194,0,17234640.000,0,-,-,-,-,3023.6000,3023.0000,3020.0000,3019.0000,3016.6000,3025.6000,3025.8000,3027.8000,3028.0000,3029.0000,1,1,4,1,1,1,1,2,2,1
SF,IH2006,2019-12-27 09:30:33.200,3024.2000,6194,0,17234640.000,0,-,-,-,-,3023.6000,3023.0000,3020.0000,3019.0000,3016.6000,3025.4000,3025.6000,3027.8000,3028.0000,3029.0000,1,1,4,1,1,1,1,2,2,1
SF,IH2006,2019-12-27 09:30:34.200,3024.2000,6194,0,17234640.000,0,-,-,-,-,3023.8000,3023.6000,3023.0000,3020.0000,3019.0000,3025.4000,3027.8000,3028.0000,3029.0000,3030.4000,1,1,1,4,1,1,2,2,1,5
SF,IH2006,2019-12-27 09:30:34.700,3024.2000,6194,0,17234640.000,0,-,-,-,-,3024.0000,3023.8000,3023.0000,3020.0000,3019.0000,3027.8000,3028.0000,3029.0000,3030.4000,3035.8000,1,1,1,5,1,2,2,1,5,2
SF,IH2006,2019-12-27 09:30:35.200,3024.2000,6194,0,17234640.000,0,-,-,-,-,3024.2000,3024.0000,3023.0000,3020.0000,3019.0000,3026.4000,3027.4000,3027.6000,3027.8000,3028.0000,1,1,1,5,1,1,1,1,2,2
SF,IH2006,2019-12-27 09:30:35.700,3024.2000,6194,0,17234640.000,0,-,-,-,-,3024.4000,3024.2000,3023.0000,3020.0000,3019.0000,3026.4000,3027.4000,3027.8000,3028.0000,3029.0000,1,1,1,5,1,1,1,2,2,1
SF,IH2006,2019-12-27 09:30:36.200,3024.2000,6194,0,17234640.000,0,-,-,-,-,3024.6000,3024.4000,3024.2000,3023.6000,3023.0000,3026.2000,3027.4000,3027.8000,3028.0000,3029.0000,1,1,2,1,1,1,1,2,2,1
SF,IH2006,2019-12-27 09:30:36.700,3024.2000,6194,0,17234640.000,0,-,-,-,-,3024.8000,3024.6000,3024.2000,3023.6000,3023.0000,3026.2000,3027.4000,3027.8000,3028.0000,3029.0000,1,1,1,1,1,1,1,2,2,1
SF,IH2006,2019-12-27 09:30:37.200,3024.2000,6194,0,17234640.000,0,-,-,-,-,3025.0000,3024.6000,3024.2000,3023.6000,3023.0000,3026.2000,3026.4000,3027.4000,3027.8000,3028.0000,1,1,1,1,1,1,1,1,2,2
SF,IH2006,2019-12-27 09:30:37.700,3024.2000,6194,0,17234640.000,0,-,-,-,-,3025.2000,3025.0000,3024.2000,3023.6000,3023.0000,3027.8000,3028.0000,3029.0000,3030.4000,3035.8000,1,1,1,1,1,1,2,1,5,2
SF,IH2006,2019-12-27 09:30:38.200,3024.2000,6194,0,18141900.000,1,0,1,多换,S,3025.0000,3024.2000,3023.6000,3023.0000,3020.0000,3027.4000,3027.6000,3027.8000,3028.0000,3029.0000,1,1,1,1,5,1,1,1,2,1
SF,IH2006,2019-12-27 09:30:38.700,3024.2000,6194,0,18141900.000,0,-,-,-,-,3024.2000,3023.6000,3023.0000,3020.0000,3019.0000,3027.2000,3027.4000,3027.8000,3028.0000,3029.0000,1,1,1,5,1,2,1,1,2,1
SF,IH2006,2019-12-27 09:30:39.200,3024.2000,6194,0,18141900.000,0,-,-,-,-,3024.4000,3024.2000,3023.6000,3023.0000,3020.0000,3027.2000,3027.8000,3028.0000,3029.0000,3030.4000,1,1,1,1,1,2,1,2,1,5
SF,IH2006,2019-12-27 09:30:39.700,3024.4000,6194,0,19049220.000,1,0,1,多换,S,3024.2000,3023.6000,3023.0000,3020.0000,3019.0000,3024.4000,3027.2000,3027.8000,3028.0000,3029.0000,1,1,1,1,1,1,2,1,2,1
SF,IH2006,2019-12-27 09:30:40.200,3024.4000,6194,0,19956540.000,1,0,1,多换,S,3025.2000,3024.6000,3024.2000,3023.6000,3023.0000,3027.2000,3027.8000,3028.0000,3029.0000,3030.4000,2,1,1,1,1,1,1,2,1,5
SF,IH2006,2019-12-27 09:30:40.700,3024.4000,6194,0,19956540.000,0,-,-,-,-,3025.2000,3024.6000,3024.2000,3023.6000,3023.0000,3027.2000,3027.8000,3028.0000,3029.0000,3030.4000,2,1,1,1,1,1,1,2,1,5
SF,IH2006,2019-12-27 09:30:41.200,3024.4000,6194,0,19956540.000,0,-,-,-,-,3025.2000,3024.6000,3024.2000,3023.6000,3023.0000,3027.2000,3027.8000,3028.0000,3029.0000,3029.8000,2,1,1,1,1,1,1,2,1,1
SF,IH2006,2019-12-27 09:30:41.700,3024.4000,6194,0,19956540.000,0,-,-,-,-,3025.2000,3024.6000,3024.2000,3023.6000,3023.0000,3027.0000,3027.2000,3027.8000,3028.0000,3029.0000,2,1,1,1,1,1,1,1,2,1
SF,IH2006,2019-12-27 09:30:42.200,3024.4000,6194,0,19956540.000,0,-,-,-,-,3025.2000,3024.6000,3024.2000,3023.6000,3023.0000,3026.8000,3027.0000,3027.8000,3028.0000,3029.0000,2,1,1,1,1,1,1,1,2,1
SF,IH2006,2019-12-27 09:30:42.700,3025.2000,6194,0,21771660.000,2,1,1,多换,S,3024.6000,3024.2000,3023.6000,3023.0000,3020.0000,3026.6000,3026.8000,3027.0000,3027.8000,3028.0000,1,1,1,1,1,1,1,1,1,2
SF,IH2006,2019-12-27 09:30:43.200,3025.2000,6194,0,21771660.000,0,-,-,-,-,3024.6000,3024.2000,3023.6000,3023.0000,3020.0000,3026.4000,3026.6000,3027.0000,3027.8000,3028.0000,1,1,1,1,1,1,1,1,1,2
SF,IH2006,2019-12-27 09:30:43.700,3025.2000,6194,0,21771660.000,0,-,-,-,-,3024.8000,3024.6000,3024.2000,3023.6000,3023.0000,3026.4000,3027.8000,3028.0000,3029.0000,3029.8000,1,1,1,1,1,1,1,2,1,1
SF,IH2006,2019-12-27 09:30:44.200,3025.2000,6194,0,21771660.000,0,-,-,-,-,3024.8000,3024.6000,3024.2000,3023.6000,3023.0000,3026.4000,3027.8000,3028.0000,3029.0000,3029.8000,1,1,1,1,1,1,1,2,1,1
SF,IH2006,2019-12-27 09:30:45.200,3025.2000,6194,0,21771660.000,0,-,-,-,-,3024.8000,3024.2000,3023.6000,3023.0000,3020.0000,3026.4000,3027.8000,3028.0000,3029.0000,3029.8000,1,1,1,1,1,1,1,2,1,1
SF,IH2006,2019-12-27 09:30:46.200,3025.2000,6194,0,21771660.000,0,-,-,-,-,3024.2000,3023.6000,3023.0000,3020.0000,3019.0000,3026.2000,3026.4000,3027.8000,3028.0000,3029.0000,1,1,1,1,1,1,1,1,2,1
SF,IH2006,2019-12-27 09:30:46.700,3025.2000,6194,0,21771660.000,0,-,-,-,-,3024.2000,3023.6000,3023.0000,3020.0000,3019.0000,3026.0000,3026.2000,3027.8000,3028.0000,3029.0000,1,1,1,1,1,1,1,1,2,1
SF,IH2006,2019-12-27 09:30:47.200,3025.2000,6194,0,21771660.000,0,-,-,-,-,3024.4000,3024.2000,3023.6000,3023.0000,3020.0000,3026.0000,3027.8000,3028.0000,3029.0000,3029.8000,1,2,1,1,1,1,1,2,1,1
SF,IH2006,2019-12-27 09:30:47.700,3025.2000,6194,0,21771660.000,0,-,-,-,-,3024.4000,3024.2000,3023.6000,3023.0000,3020.0000,3026.0000,3027.8000,3028.0000,3029.0000,3029.8000,1,2,1,1,1,1,1,2,1,1
SF,IH2006,2019-12-27 09:30:49.200,3025.2000,6194,0,21771660.000,0,-,-,-,-,3024.2000,3023.6000,3023.0000,3020.0000,3019.0000,3025.8000,3026.0000,3027.8000,3028.0000,3029.0000,1,1,1,1,1,1,1,1,2,1
SF,IH2006,2019-12-27 09:30:49.700,3025.2000,6194,0,21771660.000,0,-,-,-,-,3024.2000,3023.6000,3023.0000,3020.0000,3019.0000,3025.6000,3025.8000,3027.8000,3028.0000,3029.0000,2,1,1,1,1,1,1,1,2,1
SF,IH2006,2019-12-27 09:30:50.200,3025.2000,6194,0,21771660.000,0,-,-,-,-,3024.2000,3023.6000,3023.0000,3020.2000,3020.0000,3025.4000,3025.6000,3025.8000,3027.8000,3028.0000,2,1,1,2,1,1,1,1,1,2
SF,IH2006,2019-12-27 09:30:50.700,3025.2000,6194,0,21771660.000,0,-,-,-,-,3024.2000,3023.6000,3023.0000,3020.2000,3020.0000,3025.2000,3025.4000,3025.8000,3027.8000,3028.0000,1,1,1,4,1,1,1,1,1,2
SF,IH2006,2019-12-27 09:30:51.200,3025.2000,6194,0,21771660.000,0,-,-,-,-,3024.2000,3023.6000,3023.0000,3020.2000,3020.0000,3025.0000,3025.2000,3025.4000,3025.8000,3027.8000,1,1,1,4,1,1,1,1,1,1
SF,IH2006,2019-12-27 09:30:51.700,3025.0000,6192,-2,23586660.000,2,0,2,双平,S,3024.2000,3023.6000,3023.0000,3020.2000,3020.0000,3025.4000,3027.8000,3028.0000,3029.0000,3029.8000,1,1,1,4,1,1,1,2,1,1
SF,IH2006,2019-12-27 09:30:52.200,3025.0000,6192,0,23586660.000,0,-,-,-,-,3025.4000,3024.4000,3024.2000,3023.6000,3023.0000,3027.8000,3028.0000,3029.0000,3029.8000,3030.4000,6,3,1,1,1,1,2,1,1,5
SF,IH2006,2019-12-27 09:30:52.700,3025.0000,6192,0,23586660.000,0,-,-,-,-,3025.4000,3024.4000,3024.2000,3023.6000,3023.0000,3027.6000,3027.8000,3028.0000,3029.0000,3029.8000,6,1,1,1,1,1,1,2,1,1
SF,IH2006,2019-12-27 09:30:53.200,3025.0000,6192,0,23586660.000,0,-,-,-,-,3025.4000,3024.2000,3023.6000,3023.0000,3020.2000,3027.6000,3027.8000,3028.0000,3029.0000,3029.8000,6,1,1,1,4,1,1,2,1,1
SF,IH2006,2019-12-27 09:30:53.700,3025.0000,6192,0,23586660.000,0,-,-,-,-,3025.4000,3024.2000,3023.6000,3023.0000,3020.2000,3027.6000,3027.8000,3028.0000,3029.0000,3029.8000,6,1,1,1,4,1,1,2,1,1
SF,IH2006,2019-12-27 09:30:54.200,3025.0000,6192,0,23586660.000,0,-,-,-,-,3025.6000,3025.4000,3024.2000,3023.6000,3023.0000,3027.6000,3027.8000,3028.0000,3029.0000,3029.8000,2,5,1,1,1,1,1,2,1,1
SF,IH2006,2019-12-27 09:30:54.700,3025.0000,6192,0,23586660.000,0,-,-,-,-,3025.6000,3025.4000,3024.2000,3023.6000,3023.0000,3027.6000,3027.8000,3028.0000,3029.0000,3029.8000,2,5,1,1,1,1,1,2,1,1
SF,IH2006,2019-12-27 09:30:55.200,3025.0000,6192,0,23586660.000,0,-,-,-,-,3025.4000,3025.0000,3024.2000,3023.6000,3023.0000,3027.6000,3027.8000,3028.0000,3029.0000,3029.8000,5,4,1,1,1,1,1,2,1,1
SF,IH2006,2019-12-27 09:30:55.700,3025.0000,6192,0,23586660.000,0,-,-,-,-,3025.6000,3025.4000,3025.0000,3024.2000,3023.6000,3027.6000,3027.8000,3028.0000,3029.0000,3029.8000,3,5,4,1,1,1,1,2,1,1
SF,IH2006,2019-12-27 09:30:56.200,3025.0000,6192,0,23586660.000,0,-,-,-,-,3025.6000,3025.4000,3025.0000,3024.2000,3023.6000,3027.6000,3027.8000,3028.0000,3029.0000,3029.8000,2,5,4,1,1,1,1,2,1,1
SF,IH2006,2019-12-27 09:30:56.700,3025.0000,6192,0,23586660.000,0,-,-,-,-,3025.4000,3025.0000,3024.2000,3023.6000,3023.0000,3027.6000,3027.8000,3028.0000,3029.0000,3029.8000,5,4,1,1,1,1,1,2,1,1
SF,IH2006,2019-12-27 09:30:57.200,3025.0000,6192,0,23586660.000,0,-,-,-,-,3025.6000,3025.4000,3025.0000,3024.2000,3023.6000,3027.6000,3027.8000,3028.0000,3029.0000,3029.8000,3,5,4,1,1,1,1,2,1,1
SF,IH2006,2019-12-27 09:30:57.700,3025.0000,6192,0,23586660.000,0,-,-,-,-,3025.6000,3025.4000,3025.0000,3024.2000,3023.6000,3027.6000,3027.8000,3028.0000,3029.0000,3029.8000,2,5,4,1,1,1,1,2,1,1
SF,IH2006,2019-12-27 09:31:00.700,3025.0000,6192,0,23586660.000,0,-,-,-,-,3025.6000,3025.4000,3025.0000,3024.2000,3023.6000,3027.6000,3027.8000,3028.0000,3029.0000,3029.8000,2,5,4,1,1,1,1,2,1,1
SF,IH2006,2019-12-27 09:31:01.200,3025.0000,6192,0,23586660.000,0,-,-,-,-,3025.8000,3025.6000,3025.4000,3025.0000,3024.2000,3027.0000,3027.6000,3027.8000,3028.0000,3029.0000,1,2,5,4,1,1,1,1,2,1
SF,IH2006,2019-12-27 09:31:01.700,3027.0000,6191,-1,24494760.000,1,0,1,双平,S,3026.0000,3025.8000,3025.6000,3025.4000,3025.0000,3027.8000,3028.0000,3029.0000,3029.8000,3032.0000,1,2,2,5,4,1,2,1,1,1
SF,IH2006,2019-12-27 09:31:02.200,3027.6000,6191,0,25403040.000,1,0,1,多换,S,3026.2000,3026.0000,3025.8000,3025.4000,3025.0000,3027.8000,3028.0000,3029.0000,3029.8000,3032.0000,1,1,1,5,4,1,2,1,1,1
SF,IH2006,2019-12-27 09:31:02.700,3027.6000,6191,0,25403040.000,0,-,-,-,-,3026.4000,3026.2000,3026.0000,3025.8000,3025.4000,3027.8000,3028.0000,3029.0000,3029.8000,3032.0000,1,1,1,1,5,1,2,1,1,1
SF,IH2006,2019-12-27 09:31:03.200,3027.6000,6191,0,25403040.000,0,-,-,-,-,3026.6000,3026.4000,3026.0000,3025.4000,3025.0000,3027.8000,3028.0000,3029.0000,3029.8000,3032.0000,1,1,1,5,4,1,2,1,1,1
SF,IH2006,2019-12-27 09:31:03.700,3027.6000,6191,0,25403040.000,0,-,-,-,-,3026.6000,3025.4000,3025.0000,3024.2000,3023.6000,3027.8000,3028.0000,3029.0000,3029.8000,3030.4000,1,5,4,1,1,1,2,1,1,6
SF,IH2006,2019-12-27 09:31:04.200,3027.6000,6191,0,25403040.000,0,-,-,-,-,3026.6000,3025.4000,3025.0000,3024.2000,3023.6000,3027.8000,3028.0000,3029.0000,3029.8000,3030.4000,1,5,4,1,1,1,2,1,1,6
SF,IH2006,2019-12-27 09:31:04.700,3027.6000,6191,0,25403040.000,0,-,-,-,-,3025.4000,3025.0000,3024.2000,3023.6000,3023.0000,3027.6000,3027.8000,3028.0000,3029.0000,3029.8000,5,4,1,1,1,1,1,2,1,1
SF,IH2006,2019-12-27 09:31:05.200,3027.6000,6191,0,25403040.000,0,-,-,-,-,3025.6000,3025.4000,3025.0000,3024.2000,3023.6000,3027.8000,3028.0000,3029.0000,3029.8000,3030.4000,3,6,4,1,1,1,2,1,1,6
SF,IH2006,2019-12-27 09:31:05.700,3027.6000,6191,0,25403040.000,0,-,-,-,-,3025.6000,3025.4000,3025.0000,3024.2000,3023.6000,3027.6000,3027.8000,3028.0000,3029.0000,3029.8000,3,5,4,1,1,1,1,2,1,1
SF,IH2006,2019-12-27 09:31:06.200,3027.6000,6191,0,25403040.000,0,-,-,-,-,3026.0000,3025.6000,3025.4000,3025.0000,3024.2000,3027.6000,3027.8000,3028.0000,3029.0000,3029.8000,1,3,5,4,1,1,1,2,1,1
SF,IH2006,2019-12-27 09:31:06.700,3027.6000,6191,0,25403040.000,0,-,-,-,-,3026.0000,3025.6000,3025.4000,3025.0000,3024.2000,3027.6000,3027.8000,3028.0000,3029.0000,3029.8000,1,1,5,4,1,1,1,2,1,1
SF,IH2006,2019-12-27 09:31:07.200,3027.6000,6191,0,25403040.000,0,-,-,-,-,3026.2000,3026.0000,3025.6000,3025.4000,3025.0000,3027.6000,3027.8000,3028.0000,3029.0000,3029.8000,1,1,1,5,4,1,1,2,1,1
SF,IH2006,2019-12-27 09:31:07.700,3027.6000,6191,0,25403040.000,0,-,-,-,-,3026.2000,3026.0000,3025.6000,3025.4000,3025.0000,3027.6000,3027.8000,3028.0000,3029.0000,3029.8000,1,1,1,5,4,1,1,2,1,1
SF,IH2006,2019-12-27 09:31:08.200,3027.6000,6191,0,25403040.000,0,-,-,-,-,3026.2000,3026.0000,3025.6000,3025.4000,3025.0000,3027.6000,3027.8000,3028.0000,3029.0000,3029.8000,1,1,1,5,4,1,1,2,1,1
SF,IH2006,2019-12-27 09:31:11.200,3027.6000,6190,-1,26311320.000,1,0,1,双平,S,3026.2000,3026.0000,3025.6000,3025.4000,3025.0000,3027.8000,3028.0000,3029.0000,3029.8000,3032.0000,1,1,1,5,4,1,2,1,1,1
SF,IH2006,2019-12-27 09:31:11.700,3027.6000,6190,0,26311320.000,0,-,-,-,-,3026.4000,3026.2000,3026.0000,3025.4000,3025.0000,3027.8000,3028.0000,3029.0000,3029.8000,3032.0000,1,2,1,5,4,1,2,1,1,1
SF,IH2006,2019-12-27 09:31:12.200,3027.6000,6190,0,26311320.000,0,-,-,-,-,3026.6000,3026.4000,3026.2000,3026.0000,3025.4000,3027.8000,3028.0000,3029.0000,3029.8000,3032.0000,1,1,1,1,5,1,2,1,1,1
SF,IH2006,2019-12-27 09:31:12.700,3027.6000,6190,0,26311320.000,0,-,-,-,-,3026.8000,3026.6000,3026.2000,3026.0000,3025.4000,3027.8000,3028.0000,3029.0000,3029.8000,3032.0000,1,1,1,1,5,1,2,1,1,1
SF,IH2006,2019-12-27 09:31:13.200,3027.6000,6190,0,26311320.000,0,-,-,-,-,3027.0000,3026.8000,3026.6000,3026.2000,3026.0000,3027.8000,3028.0000,3029.0000,3029.8000,3032.0000,1,1,1,1,1,1,2,1,1,1
SF,IH2006,2019-12-27 09:31:13.700,3027.6000,6190,0,26311320.000,0,-,-,-,-,3027.2000,3027.0000,3026.6000,3026.2000,3026.0000,3027.8000,3028.0000,3029.0000,3029.8000,3032.0000,1,1,1,1,1,1,2,1,1,1
SF,IH2006,2019-12-27 09:31:14.200,3027.6000,6190,0,26311320.000,0,-,-,-,-,3027.2000,3027.0000,3026.6000,3026.2000,3026.0000,3027.8000,3028.0000,3029.0000,3029.8000,3032.0000,2,1,1,1,1,1,2,1,1,1
SF,IH2006,2019-12-27 09:31:14.700,3027.8000,6189,-1,27219660.000,1,0,1,双平,S,3027.2000,3027.0000,3026.6000,3026.2000,3026.0000,3028.0000,3029.0000,3029.8000,3032.0000,3033.6000,2,1,1,1,1,2,1,1,1,6
SF,IH2006,2019-12-27 09:31:15.200,3027.8000,6189,0,27219660.000,0,-,-,-,-,3027.2000,3027.0000,3026.6000,3026.2000,3026.0000,3028.0000,3029.0000,3029.8000,3032.0000,3033.6000,2,1,1,1,1,2,1,1,1,6
SF,IH2006,2019-12-27 09:31:15.700,3028.0000,6187,-2,29036460.000,2,0,2,双平,S,3027.2000,3027.0000,3026.8000,3026.6000,3026.2000,3029.0000,3029.8000,3032.0000,3033.6000,3035.8000,2,1,1,1,1,1,1,1,6,2
SF,IH2006,2019-12-27 09:31:16.200,3028.0000,6187,0,29036460.000,0,-,-,-,-,3027.2000,3027.0000,3026.8000,3026.6000,3026.2000,3029.0000,3029.8000,3032.0000,3033.6000,3035.8000,2,1,1,1,1,1,1,1,6,2
SF,IH2006,2019-12-27 09:31:16.700,3029.0000,6186,-1,29945160.000,1,0,1,双平,S,3027.2000,3027.0000,3026.8000,3026.6000,3026.2000,3029.8000,3032.0000,3033.6000,3039.0000,3044.4000,1,1,1,1,1,1,1,6,1,2
SF,IH2006,2019-12-27 09:31:17.200,3029.0000,6186,0,29945160.000,0,-,-,-,-,3027.4000,3027.2000,3027.0000,3026.8000,3026.6000,3029.8000,3032.0000,3033.6000,3039.0000,3044.4000,1,1,1,1,1,1,1,6,1,2
SF,IH2006,2019-12-27 09:31:17.700,3029.0000,6186,0,29945160.000,0,-,-,-,-,3027.6000,3027.4000,3027.2000,3027.0000,3026.8000,3029.8000,3032.0000,3033.6000,3039.0000,3044.4000,1,1,1,1,1,1,1,6,1,2
SF,IH2006,2019-12-27 09:31:18.200,3029.0000,6186,0,29945160.000,0,-,-,-,-,3027.8000,3027.6000,3027.2000,3027.0000,3026.8000,3029.8000,3032.0000,3033.6000,3039.0000,3044.4000,1,2,1,1,1,1,1,6,1,2
SF,IH2006,2019-12-27 09:31:18.700,3029.0000,6186,0,29945160.000,0,-,-,-,-,3028.0000,3027.8000,3027.6000,3027.2000,3027.0000,3029.8000,3032.0000,3033.6000,3039.0000,3050.0000,1,1,2,1,1,1,1,6,1,2
SF,IH2006,2019-12-27 09:31:19.200,3029.0000,6186,0,29945160.000,0,-,-,-,-,3028.2000,3028.0000,3027.6000,3027.2000,3027.0000,3029.8000,3032.0000,3033.6000,3039.0000,3050.0000,1,1,1,1,1,1,1,6,1,2
SF,IH2006,2019-12-27 09:31:19.700,3029.0000,6186,0,29945160.000,0,-,-,-,-,3028.4000,3028.2000,3028.0000,3027.6000,3027.2000,3029.8000,3032.0000,3033.6000,3039.0000,3050.0000,1,1,1,1,1,1,1,6,1,2
SF,IH2006,2019-12-27 09:31:20.200,3029.0000,6186,0,29945160.000,0,-,-,-,-,3028.6000,3028.4000,3028.0000,3027.6000,3027.2000,3029.8000,3032.0000,3033.6000,3039.0000,3050.0000,1,1,1,1,1,1,1,6,1,2
SF,IH2006,2019-12-27 09:31:20.700,3029.0000,6186,0,29945160.000,0,-,-,-,-,3028.8000,3028.6000,3028.4000,3028.0000,3027.6000,3029.8000,3032.0000,3033.6000,3039.0000,3050.0000,1,1,1,2,1,1,1,6,1,2
SF,IH2006,2019-12-27 09:31:21.200,3029.0000,6186,0,29945160.000,0,-,-,-,-,3029.0000,3028.8000,3028.4000,3028.0000,3027.6000,3029.8000,3032.0000,3033.6000,3039.0000,3050.0000,1,1,1,2,1,1,1,6,1,2
SF,IH2006,2019-12-27 09:31:21.700,3029.0000,6186,0,29945160.000,0,-,-,-,-,3029.2000,3029.0000,3028.8000,3028.4000,3028.0000,3029.8000,3032.0000,3033.6000,3039.0000,3050.0000,1,1,1,1,2,1,1,6,1,2
SF,IH2006,2019-12-27 09:31:22.200,3029.0000,6186,0,29945160.000,0,-,-,-,-,3029.4000,3029.2000,3028.8000,3028.4000,3028.0000,3029.8000,3032.0000,3033.6000,3039.0000,3050.0000,1,1,1,1,2,1,1,6,1,2
SF,IH2006,2019-12-27 09:31:22.700,3029.8000,6184,-2,31763040.000,2,0,2,双平,S,3029.2000,3028.8000,3028.4000,3028.0000,3027.6000,3032.0000,3036.8000,3039.0000,3050.0000,3054.8000,1,1,1,2,1,1,6,1,2,1
SF,IH2006,2019-12-27 09:31:23.200,3029.8000,6184,0,31763040.000,0,-,-,-,-,3029.4000,3029.2000,3028.8000,3028.4000,3028.0000,3032.0000,3036.8000,3039.0000,3050.0000,3054.8000,1,1,1,1,2,1,6,1,2,1
SF,IH2006,2019-12-27 09:31:23.700,3029.8000,6184,0,31763040.000,0,-,-,-,-,3029.6000,3029.4000,3029.2000,3028.8000,3028.4000,3031.6000,3031.8000,3032.0000,3036.8000,3039.0000,1,1,1,1,1,1,1,1,6,1
SF,IH2006,2019-12-27 09:31:24.200,3029.8000,6184,0,31763040.000,0,-,-,-,-,3029.6000,3029.4000,3029.2000,3028.8000,3028.4000,3031.4000,3032.0000,3036.8000,3039.0000,3039.6000,1,1,1,1,1,1,1,6,1,1
SF,IH2006,2019-12-27 09:31:24.700,3029.8000,6184,0,31763040.000,0,-,-,-,-,3029.8000,3029.6000,3029.2000,3028.8000,3028.4000,3031.4000,3032.0000,3036.8000,3039.0000,3039.6000,1,1,1,1,1,1,1,6,1,1
SF,IH2006,2019-12-27 09:31:25.200,3029.8000,6184,0,31763040.000,0,-,-,-,-,3030.0000,3029.8000,3029.6000,3029.2000,3028.8000,3031.4000,3032.0000,3036.8000,3039.0000,3039.6000,1,1,1,1,1,1,1,6,1,1
SF,IH2006,2019-12-27 09:31:25.700,3029.8000,6184,0,31763040.000,0,-,-,-,-,3030.0000,3029.8000,3029.6000,3029.2000,3028.8000,3031.4000,3032.0000,3036.8000,3039.0000,3039.6000,1,1,1,1,1,1,1,6,1,1
SF,IH2006,2019-12-27 09:31:26.200,3029.8000,6184,0,31763040.000,0,-,-,-,-,3030.0000,3029.8000,3029.6000,3029.2000,3028.8000,3031.4000,3032.0000,3036.8000,3039.0000,3039.6000,1,1,1,1,1,1,1,6,1,1
SF,IH2006,2019-12-27 09:31:29.200,3031.6000,6184,0,33581940.000,2,1,1,多换,S,3030.0000,3029.8000,3029.6000,3029.2000,3028.8000,3032.0000,3036.8000,3039.0000,3039.6000,3050.0000,1,1,1,1,1,1,6,1,1,2
SF,IH2006,2019-12-27 09:31:29.700,3031.6000,6184,0,33581940.000,0,-,-,-,-,3030.2000,3030.0000,3029.6000,3029.2000,3028.8000,3032.0000,3036.8000,3039.0000,3039.6000,3050.0000,1,1,1,1,1,1,6,1,1,2
SF,IH2006,2019-12-27 09:31:30.200,3031.6000,6184,0,33581940.000,0,-,-,-,-,3030.4000,3030.2000,3030.0000,3029.6000,3029.2000,3032.0000,3036.8000,3039.0000,3039.6000,3050.0000,1,1,1,1,1,1,6,1,1,2
SF,IH2006,2019-12-27 09:31:30.700,3031.6000,6184,0,33581940.000,0,-,-,-,-,3031.4000,3030.6000,3030.4000,3030.0000,3029.6000,3032.0000,3036.8000,3039.0000,3039.6000,3050.0000,1,1,1,1,1,1,6,1,1,2
SF,IH2006,2019-12-27 09:31:31.200,3032.0000,6183,-1,35400960.000,2,0,2,多平,S,3030.6000,3030.4000,3030.0000,3029.6000,3029.2000,3031.4000,3036.8000,3039.0000,3039.6000,3050.0000,1,1,1,1,1,1,6,1,1,2
SF,IH2006,2019-12-27 09:31:31.700,3032.0000,6183,0,35400960.000,0,-,-,-,-,3030.6000,3030.4000,3030.0000,3029.6000,3029.2000,3036.8000,3039.0000,3039.6000,3050.0000,3054.8000,1,1,1,1,1,6,1,1,2,1
SF,IH2006,2019-12-27 09:31:32.200,3032.0000,6183,0,35400960.000,0,-,-,-,-,3030.8000,3030.6000,3030.4000,3030.0000,3029.6000,3035.2000,3036.4000,3036.6000,3036.8000,3039.0000,1,1,1,1,1,1,1,2,9,1
SF,IH2006,2019-12-27 09:31:32.700,3032.0000,6183,0,35400960.000,0,-,-,-,-,3031.0000,3030.8000,3030.4000,3030.0000,3029.6000,3034.8000,3035.0000,3035.2000,3036.8000,3039.0000,1,1,1,1,1,1,2,1,9,1
SF,IH2006,2019-12-27 09:31:33.200,3032.0000,6183,0,35400960.000,0,-,-,-,-,3031.0000,3030.8000,3030.4000,3030.0000,3029.6000,3034.6000,3034.8000,3035.0000,3035.2000,3036.8000,1,1,1,1,1,3,1,1,1,9
SF,IH2006,2019-12-27 09:31:33.700,3032.0000,6183,0,35400960.000,0,-,-,-,-,3031.2000,3031.0000,3030.8000,3030.4000,3030.0000,3034.2000,3034.6000,3035.0000,3035.2000,3036.8000,1,1,1,1,1,2,3,1,1,6
SF,IH2006,2019-12-27 09:31:34.200,3032.0000,6183,0,35400960.000,0,-,-,-,-,3031.4000,3031.2000,3030.8000,3030.4000,3030.0000,3032.8000,3034.0000,3034.2000,3034.6000,3035.0000,1,1,1,1,1,1,2,2,1,1
SF,IH2006,2019-12-27 09:31:34.700,3031.6000,6182,-1,36310440.000,1,0,1,双平,S,3031.6000,3031.4000,3031.2000,3030.8000,3030.4000,3032.8000,3034.0000,3034.2000,3034.6000,3035.0000,1,1,1,1,1,1,2,2,1,1
SF,IH2006,2019-12-27 09:31:35.200,3031.6000,6181,-1,37219920.000,1,0,1,双平,S,3031.8000,3031.2000,3030.8000,3030.4000,3030.0000,3032.8000,3034.0000,3034.2000,3034.6000,3035.0000,1,1,1,1,1,1,2,2,1,1
SF,IH2006,2019-12-27 09:31:35.700,3031.8000,6180,-1,38129460.000,1,0,1,双平,S,3032.0000,3031.2000,3030.8000,3030.4000,3030.0000,3032.8000,3034.0000,3034.2000,3034.6000,3035.0000,1,1,1,1,1,1,2,2,1,1
SF,IH2006,2019-12-27 09:31:36.200,3032.0000,6179,-1,39039060.000,1,0,1,双平,S,3031.2000,3030.8000,3030.4000,3030.0000,3029.6000,3031.6000,3032.8000,3034.0000,3034.2000,3034.6000,1,1,1,1,1,1,1,2,2,1
SF,IH2006,2019-12-27 09:31:36.700,3031.6000,6178,-1,39948540.000,1,0,1,双平,S,3031.2000,3030.8000,3030.4000,3030.0000,3029.6000,3034.0000,3034.2000,3034.6000,3035.0000,3035.2000,1,1,1,1,1,2,2,1,1,1
SF,IH2006,2019-12-27 09:31:37.200,3031.6000,6178,0,39948540.000,0,-,-,-,-,3031.4000,3031.2000,3030.8000,3030.4000,3030.0000,3033.6000,3033.8000,3034.0000,3034.2000,3034.6000,1,1,1,1,1,1,1,2,1,1
SF,IH2006,2019-12-27 09:31:37.700,3031.6000,6178,0,39948540.000,0,-,-,-,-,3031.4000,3031.2000,3030.8000,3030.4000,3030.0000,3032.8000,3033.4000,3033.6000,3033.8000,3034.0000,1,1,1,1,1,1,2,1,1,2
SF,IH2006,2019-12-27 09:31:38.700,3031.6000,6178,0,39948540.000,0,-,-,-,-,3031.4000,3031.2000,3030.8000,3030.4000,3030.0000,3032.8000,3033.0000,3033.4000,3033.6000,3034.0000,1,1,1,1,1,1,1,2,1,2
SF,IH2006,2019-12-27 09:31:39.200,3031.6000,6178,0,39948540.000,0,-,-,-,-,3031.4000,3031.2000,3030.8000,3030.4000,3030.0000,3032.6000,3032.8000,3033.0000,3033.4000,3033.6000,1,1,1,1,1,1,1,1,1,1
SF,IH2006,2019-12-27 09:31:39.700,3031.6000,6178,0,39948540.000,0,-,-,-,-,3031.2000,3030.8000,3030.4000,3030.0000,3026.8000,3032.6000,3032.8000,3033.0000,3033.4000,3033.6000,1,1,1,1,1,1,1,1,1,1
SF,IH2006,2019-12-27 09:31:40.200,3032.8000,6178,0,42677880.000,3,1,2,多换,S,3032.8000,3031.2000,3030.8000,3030.4000,3026.8000,3033.0000,3033.4000,3033.6000,3034.0000,3034.2000,1,1,1,1,1,1,1,1,1,1
SF,IH2006,2019-12-27 09:31:40.700,3032.8000,6178,0,43587720.000,1,0,1,多换,S,3031.2000,3030.8000,3026.8000,3026.0000,3025.4000,3032.2000,3032.4000,3032.6000,3033.0000,3033.4000,1,1,1,1,5,2,1,1,1,1
SF,IH2006,2019-12-27 09:31:41.200,3032.8000,6178,0,43587720.000,0,-,-,-,-,3031.4000,3031.2000,3030.8000,3026.8000,3026.0000,3032.2000,3032.4000,3033.0000,3033.4000,3034.0000,1,1,1,1,1,2,1,1,1,1
SF,IH2006,2019-12-27 09:31:41.700,3032.8000,6178,0,43587720.000,0,-,-,-,-,3031.4000,3031.2000,3030.8000,3026.8000,3026.0000,3032.2000,3032.4000,3033.0000,3033.4000,3034.0000,2,1,1,1,1,2,1,1,1,1
SF,IH2006,2019-12-27 09:31:42.200,3031.4000,6177,-1,44497140.000,1,0,1,双平,S,3031.4000,3031.2000,3030.8000,3026.8000,3026.0000,3032.2000,3032.4000,3033.0000,3033.4000,3034.0000,1,1,1,1,1,2,1,1,1,1
SF,IH2006,2019-12-27 09:31:42.700,3031.4000,6176,-1,45406560.000,1,0,1,双平,S,3031.2000,3030.8000,3026.8000,3026.0000,3025.4000,3032.2000,3032.4000,3032.8000,3033.0000,3033.4000,1,1,1,1,5,2,1,2,1,1
SF,IH2006,2019-12-27 09:31:43.200,3031.2000,6175,-1,46315920.000,1,0,1,双平,S,3026.8000,3026.0000,3025.4000,3023.8000,3023.6000,3032.0000,3032.2000,3032.4000,3032.8000,3033.0000,1,1,5,1,1,2,2,1,2,1
SF,IH2006,2019-12-27 09:31:43.700,3031.2000,6175,0,46315920.000,0,-,-,-,-,3027.0000,3026.8000,3026.0000,3025.4000,3024.8000,3032.0000,3032.2000,3032.4000,3032.8000,3033.0000,7,1,1,5,5,2,2,1,2,1
SF,IH2006,2019-12-27 09:31:44.200,3031.2000,6175,0,46315920.000,0,-,-,-,-,3027.0000,3026.8000,3026.0000,3025.4000,3024.8000,3031.8000,3032.0000,3032.2000,3032.4000,3032.8000,6,1,1,5,5,1,1,2,1,2
SF,IH2006,2019-12-27 09:31:44.700,3031.2000,6175,0,46315920.000,0,-,-,-,-,3027.0000,3026.8000,3026.0000,3025.4000,3023.8000,3031.6000,3031.8000,3032.2000,3032.4000,3032.8000,6,1,1,5,1,5,1,2,1,2
SF,IH2006,2019-12-27 09:31:45.700,3031.2000,6175,0,46315920.000,0,-,-,-,-,3027.4000,3027.0000,3026.8000,3026.0000,3025.4000,3031.6000,3031.8000,3032.2000,3032.4000,3032.8000,1,6,1,1,5,1,1,2,1,2
SF,IH2006,2019-12-27 09:31:46.200,3031.2000,6175,0,46315920.000,0,-,-,-,-,3027.6000,3027.4000,3027.0000,3026.8000,3026.0000,3031.2000,3031.6000,3032.2000,3032.4000,3032.8000,5,1,3,1,1,1,1,2,1,2
SF,IH2006,2019-12-27 09:31:46.700,3031.2000,6175,0,46315920.000,0,-,-,-,-,3027.6000,3027.4000,3027.0000,3026.8000,3026.0000,3031.0000,3031.2000,3032.2000,3032.4000,3032.8000,5,1,3,1,1,1,1,2,1,2
SF,IH2006,2019-12-27 09:31:47.200,3031.2000,6175,0,46315920.000,0,-,-,-,-,3027.6000,3027.0000,3026.8000,3026.0000,3025.4000,3031.0000,3031.2000,3032.2000,3032.4000,3032.8000,5,3,1,1,5,1,1,2,1,2
SF,IH2006,2019-12-27 09:31:47.700,3031.2000,6175,0,46315920.000,0,-,-,-,-,3027.6000,3027.0000,3026.8000,3026.0000,3025.4000,3031.0000,3031.2000,3032.2000,3032.4000,3032.8000,4,3,1,1,5,1,1,2,1,2
SF,IH2006,2019-12-27 09:31:48.700,3031.2000,6175,0,46315920.000,0,-,-,-,-,3027.8000,3027.6000,3027.0000,3026.8000,3026.0000,3031.0000,3031.2000,3032.2000,3032.4000,3032.8000,1,4,3,1,1,1,1,2,1,2
SF,IH2006,2019-12-27 09:31:49.200,3031.2000,6175,0,46315920.000,0,-,-,-,-,3028.0000,3027.8000,3027.6000,3027.0000,3026.8000,3031.0000,3031.2000,3032.2000,3032.4000,3032.8000,2,1,2,3,1,1,1,2,1,2
SF,IH2006,2019-12-27 09:31:50.200,3028.0000,6175,0,48132720.000,2,1,1,多换,S,3027.8000,3027.6000,3027.0000,3026.8000,3026.0000,3031.0000,3031.2000,3032.2000,3032.4000,3032.8000,1,2,3,1,1,1,1,2,1,2
SF,IH2006,2019-12-27 09:31:50.700,3028.0000,6175,0,48132720.000,0,-,-,-,-,3028.0000,3027.6000,3027.0000,3026.8000,3026.0000,3030.8000,3031.0000,3031.2000,3032.2000,3032.4000,2,2,3,1,1,2,1,1,2,1
SF,IH2006,2019-12-27 09:31:51.200,3028.0000,6175,0,48132720.000,0,-,-,-,-,3028.0000,3027.6000,3027.0000,3026.8000,3026.0000,3030.6000,3030.8000,3032.2000,3032.4000,3032.8000,2,2,3,1,1,1,3,2,1,2
SF,IH2006,2019-12-27 09:31:51.700,3028.0000,6175,0,48132720.000,0,-,-,-,-,3028.0000,3027.6000,3027.0000,3026.8000,3026.0000,3030.4000,3030.6000,3030.8000,3032.2000,3032.4000,2,2,3,1,1,1,1,2,2,1
SF,IH2006,2019-12-27 09:31:52.200,3028.0000,6175,0,48132720.000,0,-,-,-,-,3028.0000,3027.6000,3027.0000,3026.8000,3026.0000,3030.2000,3030.4000,3030.8000,3032.2000,3032.4000,2,2,3,1,1,2,1,1,2,1
SF,IH2006,2019-12-27 09:31:52.700,3028.0000,6175,0,48132720.000,0,-,-,-,-,3028.0000,3027.6000,3027.0000,3026.8000,3026.0000,3030.2000,3030.4000,3032.2000,3032.4000,3032.8000,2,2,3,1,1,2,1,2,1,2
SF,IH2006,2019-12-27 09:31:53.200,3028.0000,6175,0,48132720.000,0,-,-,-,-,3028.0000,3027.6000,3027.0000,3026.8000,3026.0000,3030.2000,3032.2000,3032.4000,3032.8000,3033.0000,2,2,3,1,1,2,2,1,2,1
SF,IH2006,2019-12-27 09:31:53.700,3028.0000,6175,0,48132720.000,0,-,-,-,-,3028.0000,3027.6000,3027.0000,3026.8000,3026.0000,3030.2000,3032.2000,3032.4000,3032.8000,3033.0000,2,2,3,1,1,2,2,1,2,1
SF,IH2006,2019-12-27 09:31:54.200,3028.0000,6175,0,48132720.000,0,-,-,-,-,3028.0000,3027.6000,3027.0000,3026.8000,3026.0000,3030.2000,3032.2000,3032.4000,3032.8000,3033.0000,2,2,3,1,1,2,2,1,2,1
SF,IH2006,2019-12-27 09:31:54.700,3028.0000,6175,0,48132720.000,0,-,-,-,-,3028.0000,3027.6000,3027.0000,3026.8000,3026.0000,3030.2000,3032.2000,3032.4000,3032.8000,3033.0000,2,2,3,1,1,2,2,1,2,1
SF,IH2006,2019-12-27 09:31:56.700,3028.0000,6175,0,48132720.000,0,-,-,-,-,3028.0000,3027.6000,3027.0000,3026.8000,3026.0000,3030.2000,3032.2000,3032.4000,3032.8000,3033.0000,2,2,3,1,1,2,2,1,2,1
SF,IH2006,2019-12-27 09:31:57.200,3028.0000,6175,0,48132720.000,0,-,-,-,-,3028.0000,3027.6000,3027.0000,3026.8000,3026.0000,3030.0000,3030.2000,3032.2000,3032.4000,3032.8000,2,2,3,1,1,2,2,2,1,2
SF,IH2006,2019-12-27 09:31:57.700,3028.0000,6175,0,48132720.000,0,-,-,-,-,3028.0000,3027.6000,3027.0000,3026.8000,3026.0000,3029.8000,3030.0000,3032.2000,3032.4000,3032.8000,1,2,3,1,1,2,2,2,1,2
SF,IH2006,2019-12-27 09:31:58.200,3028.0000,6176,1,49041120.000,1,1,0,双开,S,3027.6000,3027.0000,3026.8000,3026.0000,3025.4000,3028.0000,3029.6000,3029.8000,3032.4000,3032.8000,1,1,1,1,5,7,2,2,1,2
SF,IH2006,2019-12-27 09:31:58.700,3028.0000,6176,0,55399920.000,7,3,4,多换,S,3027.0000,3026.8000,3026.0000,3025.4000,3023.8000,3029.6000,3029.8000,3032.4000,3032.8000,3033.0000,1,1,1,5,1,1,1,1,2,1
SF,IH2006,2019-12-27 09:31:59.200,3028.0000,6176,0,55399920.000,0,-,-,-,-,3027.2000,3027.0000,3026.8000,3026.0000,3025.4000,3029.4000,3029.6000,3032.0000,3032.4000,3032.8000,3,1,1,1,5,1,1,1,1,2
SF,IH2006,2019-12-27 09:31:59.700,3028.0000,6176,0,55399920.000,0,-,-,-,-,3027.4000,3027.2000,3027.0000,3026.8000,3026.0000,3029.2000,3029.4000,3032.0000,3032.4000,3032.8000,1,1,1,1,1,1,1,1,1,2
SF,IH2006,2019-12-27 09:32:00.200,3028.0000,6176,0,55399920.000,0,-,-,-,-,3027.4000,3027.2000,3027.0000,3026.8000,3026.0000,3029.0000,3029.2000,3032.0000,3032.4000,3032.8000,1,1,1,1,1,1,1,1,1,2
SF,IH2006,2019-12-27 09:32:00.700,3028.0000,6176,0,55399920.000,0,-,-,-,-,3027.6000,3027.4000,3027.0000,3026.8000,3026.0000,3029.0000,3032.0000,3032.4000,3032.8000,3033.0000,1,1,1,1,1,1,1,1,2,1
SF,IH2006,2019-12-27 09:32:01.200,3028.0000,6176,0,55399920.000,0,-,-,-,-,3027.6000,3027.4000,3027.0000,3026.8000,3026.0000,3028.8000,3032.0000,3032.4000,3032.8000,3033.0000,1,1,1,1,1,1,1,1,2,1
SF,IH2006,2019-12-27 09:32:01.700,3028.0000,6176,0,55399920.000,0,-,-,-,-,3027.4000,3027.0000,3026.8000,3026.0000,3025.4000,3028.6000,3028.8000,3032.0000,3032.4000,3032.8000,1,1,1,1,5,1,1,1,1,2
SF,IH2006,2019-12-27 09:32:02.200,3028.0000,6176,0,55399920.000,0,-,-,-,-,3027.4000,3027.0000,3026.8000,3026.0000,3025.4000,3028.6000,3028.8000,3032.0000,3032.4000,3032.8000,1,1,1,1,5,1,1,1,1,2
SF,IH2006,2019-12-27 09:32:02.700,3028.0000,6176,0,55399920.000,0,-,-,-,-,3027.6000,3027.4000,3027.0000,3026.8000,3026.0000,3028.6000,3028.8000,3032.0000,3032.4000,3032.8000,1,1,1,1,1,1,1,1,1,2
SF,IH2006,2019-12-27 09:32:03.200,3028.0000,6176,0,55399920.000,0,-,-,-,-,3027.6000,3027.4000,3027.0000,3026.8000,3026.0000,3028.4000,3028.6000,3032.0000,3032.4000,3032.8000,1,1,1,1,1,1,1,1,1,2
SF,IH2006,2019-12-27 09:32:03.700,3028.0000,6176,0,55399920.000,0,-,-,-,-,3027.6000,3027.4000,3027.0000,3026.8000,3026.0000,3028.2000,3028.4000,3028.6000,3032.0000,3032.4000,1,1,1,1,1,1,1,1,1,1
SF,IH2006,2019-12-27 09:32:04.200,3028.0000,6176,0,55399920.000,0,-,-,-,-,3027.6000,3026.8000,3026.0000,3025.4000,3023.8000,3028.0000,3028.2000,3028.6000,3032.0000,3032.4000,1,1,1,5,1,1,1,1,1,1
SF,IH2006,2019-12-27 09:32:04.700,3028.0000,6176,0,55399920.000,0,-,-,-,-,3027.6000,3026.8000,3026.0000,3025.4000,3023.8000,3028.0000,3028.2000,3028.6000,3032.0000,3032.4000,1,1,1,5,1,2,1,1,1,1
SF,IH2006,2019-12-27 09:32:05.200,3027.6000,6176,0,56308200.000,1,0,1,多换,S,3026.8000,3026.0000,3025.4000,3023.8000,3023.6000,3027.6000,3028.0000,3028.2000,3028.6000,3032.0000,1,1,5,1,1,1,2,1,1,1
SF,IH2006,2019-12-27 09:32:05.700,3027.6000,6176,0,56308200.000,0,-,-,-,-,3026.8000,3026.0000,3025.4000,3023.8000,3023.6000,3027.4000,3028.0000,3028.2000,3032.0000,3032.4000,1,1,5,1,1,1,2,1,1,1
SF,IH2006,2019-12-27 09:32:06.200,3027.6000,6176,0,56308200.000,0,-,-,-,-,3026.8000,3026.0000,3025.4000,3023.8000,3023.6000,3027.4000,3028.0000,3032.0000,3032.4000,3032.8000,1,1,5,1,1,1,2,1,1,2
SF,IH2006,2019-12-27 09:32:06.700,3027.6000,6176,0,56308200.000,0,-,-,-,-,3026.8000,3026.0000,3025.4000,3023.8000,3023.6000,3027.4000,3028.0000,3032.0000,3032.4000,3032.8000,1,1,5,1,1,1,1,1,1,2
SF,IH2006,2019-12-27 09:32:07.200,3027.4000,6175,-1,57216420.000,1,0,1,双平,S,3026.8000,3026.0000,3025.4000,3023.8000,3023.6000,3028.0000,3032.0000,3032.4000,3032.8000,3033.0000,1,1,5,1,1,1,1,1,2,1
SF,IH2006,2019-12-27 09:32:07.700,3027.4000,6175,0,57216420.000,0,-,-,-,-,3026.8000,3026.0000,3025.4000,3023.8000,3023.6000,3027.8000,3028.0000,3032.0000,3032.4000,3032.8000,1,1,5,1,1,1,1,1,1,2
SF,IH2006,2019-12-27 09:32:08.200,3027.4000,6175,0,57216420.000,0,-,-,-,-,3026.8000,3026.0000,3025.4000,3023.8000,3023.6000,3027.6000,3027.8000,3032.0000,3032.4000,3032.8000,1,1,5,1,1,1,1,1,1,2
SF,IH2006,2019-12-27 09:32:08.700,3027.4000,6175,0,57216420.000,0,-,-,-,-,3026.8000,3026.0000,3025.4000,3023.8000,3023.6000,3027.6000,3032.0000,3032.4000,3032.8000,3033.0000,1,1,5,1,1,1,1,1,2,1
SF,IH2006,2019-12-27 09:32:09.200,3027.4000,6175,0,57216420.000,0,-,-,-,-,3026.8000,3026.0000,3025.4000,3023.8000,3023.6000,3027.6000,3032.0000,3032.4000,3032.8000,3033.0000,1,1,5,1,1,1,1,1,2,1
SF,IH2006,2019-12-27 09:32:09.700,3027.4000,6175,0,57216420.000,0,-,-,-,-,3026.8000,3026.0000,3025.4000,3023.8000,3023.6000,3027.6000,3032.0000,3032.4000,3032.8000,3033.0000,1,1,5,1,1,1,1,1,2,1
SF,IH2006,2019-12-27 09:32:19.700,3026.8000,6174,-1,58124460.000,1,0,1,双平,S,3026.0000,3025.4000,3023.8000,3023.6000,3021.2000,3026.8000,3027.6000,3032.0000,3032.4000,3032.8000,1,5,1,1,4,1,1,1,1,2
SF,IH2006,2019-12-27 09:32:20.200,3026.8000,6174,0,59032500.000,1,0,1,多换,S,3026.4000,3026.0000,3025.4000,3023.8000,3023.6000,3032.0000,3032.4000,3032.8000,3033.0000,3033.4000,1,1,5,1,1,1,1,2,1,1
SF,IH2006,2019-12-27 09:32:20.700,3026.8000,6174,0,59032500.000,0,-,-,-,-,3026.4000,3026.0000,3025.4000,3023.8000,3023.6000,3029.6000,3031.0000,3031.6000,3031.8000,3032.0000,1,1,5,1,1,1,1,1,5,1
SF,IH2006,2019-12-27 09:32:21.200,3026.8000,6174,0,59032500.000,0,-,-,-,-,3026.0000,3025.4000,3023.8000,3023.6000,3021.2000,3029.2000,3029.4000,3029.6000,3031.0000,3031.8000,1,5,1,1,4,1,1,1,1,3
SF,IH2006,2019-12-27 09:32:21.700,3026.8000,6174,0,59032500.000,0,-,-,-,-,3026.2000,3026.0000,3025.4000,3023.8000,3023.6000,3029.0000,3029.2000,3029.6000,3031.0000,3031.8000,1,1,5,1,1,1,1,1,1,2
SF,IH2006,2019-12-27 09:32:22.200,3026.8000,6174,0,59032500.000,0,-,-,-,-,3026.4000,3026.2000,3026.0000,3025.4000,3023.8000,3028.8000,3029.0000,3029.2000,3029.6000,3031.0000,1,1,1,5,1,1,1,1,1,1
SF,IH2006,2019-12-27 09:32:22.700,3026.8000,6174,0,59032500.000,0,-,-,-,-,3026.6000,3026.4000,3026.0000,3025.4000,3023.8000,3028.8000,3029.2000,3029.6000,3031.0000,3031.8000,1,1,1,5,1,1,1,1,1,1
SF,IH2006,2019-12-27 09:32:23.200,3026.8000,6174,0,59032500.000,0,-,-,-,-,3026.4000,3026.0000,3025.4000,3023.8000,3023.6000,3028.6000,3028.8000,3029.2000,3029.6000,3031.0000,1,1,5,1,1,1,1,1,1,1
SF,IH2006,2019-12-27 09:32:23.700,3026.8000,6174,0,59032500.000,0,-,-,-,-,3026.6000,3026.0000,3025.4000,3023.8000,3023.6000,3028.6000,3029.2000,3029.6000,3031.0000,3031.8000,1,1,5,1,1,1,1,1,1,1
SF,IH2006,2019-12-27 09:32:24.200,3026.8000,6174,0,59032500.000,0,-,-,-,-,3026.6000,3026.0000,3025.4000,3023.8000,3023.6000,3028.4000,3028.6000,3029.2000,3029.6000,3031.0000,1,1,5,1,1,1,1,1,1,1
SF,IH2006,2019-12-27 09:32:24.700,3026.8000,6174,0,59032500.000,0,-,-,-,-,3026.6000,3026.4000,3026.0000,3025.4000,3023.8000,3028.2000,3028.4000,3029.6000,3031.0000,3031.8000,1,1,1,5,1,1,1,1,1,1
SF,IH2006,2019-12-27 09:32:25.200,3026.8000,6174,0,59032500.000,0,-,-,-,-,3026.6000,3026.4000,3026.0000,3025.4000,3023.8000,3028.0000,3028.2000,3029.6000,3031.0000,3031.8000,1,1,1,5,1,1,1,1,1,1
SF,IH2006,2019-12-27 09:32:25.700,3026.8000,6174,0,59032500.000,0,-,-,-,-,3026.6000,3026.4000,3026.0000,3025.4000,3023.8000,3027.8000,3028.0000,3029.6000,3031.0000,3031.8000,1,1,1,5,1,1,2,1,1,1
SF,IH2006,2019-12-27 09:32:27.700,3026.6000,6173,-1,59940480.000,1,0,1,双平,S,3026.4000,3026.0000,3025.4000,3023.8000,3023.6000,3027.8000,3028.0000,3029.6000,3031.0000,3031.8000,1,1,5,1,1,1,2,1,1,1
SF,IH2006,2019-12-27 09:32:28.200,3026.6000,6173,0,59940480.000,0,-,-,-,-,3026.4000,3026.0000,3025.4000,3023.8000,3023.6000,3027.6000,3027.8000,3028.0000,3029.6000,3031.0000,1,1,5,1,1,1,1,1,1,1
SF,IH2006,2019-12-27 09:32:28.700,3026.6000,6173,0,59940480.000,0,-,-,-,-,3026.4000,3026.0000,3025.4000,3023.8000,3023.6000,3027.6000,3028.0000,3029.6000,3031.0000,3031.8000,1,1,5,1,1,1,1,1,1,1
SF,IH2006,2019-12-27 09:32:29.200,3026.6000,6173,0,59940480.000,0,-,-,-,-,3026.6000,3026.4000,3026.0000,3025.4000,3023.8000,3028.0000,3031.0000,3031.8000,3032.0000,3032.4000,1,1,1,5,1,1,1,1,1,1
SF,IH2006,2019-12-27 09:32:29.700,3026.6000,6173,0,59940480.000,0,-,-,-,-,3026.6000,3026.4000,3026.0000,3025.4000,3023.8000,3027.8000,3028.0000,3031.0000,3031.8000,3032.0000,1,1,1,5,1,1,1,1,1,1
SF,IH2006,2019-12-27 09:32:30.200,3026.6000,6173,0,59940480.000,0,-,-,-,-,3026.6000,3026.4000,3026.0000,3025.4000,3023.8000,3027.8000,3028.0000,3031.0000,3031.8000,3032.0000,1,1,1,5,1,1,1,1,1,1
SF,IH2006,2019-12-27 09:32:30.700,3026.6000,6173,0,59940480.000,0,-,-,-,-,3026.6000,3026.4000,3026.0000,3025.4000,3023.8000,3027.8000,3028.0000,3031.0000,3031.8000,3032.0000,1,1,1,5,1,1,1,1,1,1
SF,IH2006,2019-12-27 09:32:31.200,3026.6000,6173,0,59940480.000,0,-,-,-,-,3026.4000,3026.0000,3025.4000,3023.8000,3023.6000,3027.8000,3028.0000,3031.0000,3031.8000,3032.0000,1,1,5,1,1,1,1,1,1,1
SF,IH2006,2019-12-27 09:32:31.700,3026.6000,6173,0,59940480.000,0,-,-,-,-,3026.4000,3026.0000,3025.4000,3023.8000,3023.6000,3027.8000,3028.0000,3031.0000,3031.8000,3032.0000,1,1,5,1,1,1,1,1,1,1
SF,IH2006,2019-12-27 09:32:32.200,3026.6000,6173,0,59940480.000,0,-,-,-,-,3026.4000,3026.0000,3025.4000,3023.8000,3023.6000,3027.8000,3028.0000,3031.0000,3031.8000,3032.0000,1,1,5,1,1,1,1,1,1,1
SF,IH2006,2019-12-27 09:32:34.200,3027.8000,6172,-1,60848820.000,1,0,1,双平,S,3027.8000,3026.4000,3026.0000,3025.4000,3023.8000,3028.0000,3031.0000,3031.8000,3032.0000,3032.4000,1,1,1,5,1,1,1,1,1,1
SF,IH2006,2019-12-27 09:32:34.700,3028.0000,6171,-1,61757220.000,1,0,1,双平,S,3028.0000,3027.8000,3026.4000,3026.0000,3025.4000,3031.0000,3031.8000,3032.0000,3032.4000,3032.8000,1,1,1,1,5,1,1,1,1,2
SF,IH2006,2019-12-27 09:32:35.200,3028.0000,6171,0,61757220.000,0,-,-,-,-,3027.8000,3026.4000,3026.0000,3023.8000,3023.6000,3030.8000,3031.0000,3031.8000,3032.0000,3032.4000,1,1,1,1,1,4,1,1,1,1
SF,IH2006,2019-12-27 09:32:35.700,3028.0000,6171,0,61757220.000,0,-,-,-,-,3028.0000,3027.8000,3026.4000,3026.0000,3023.8000,3030.8000,3031.0000,3031.8000,3032.0000,3032.4000,1,1,1,1,1,3,1,1,1,1
SF,IH2006,2019-12-27 09:32:36.200,3028.0000,6171,0,61757220.000,0,-,-,-,-,3028.0000,3027.8000,3026.4000,3026.0000,3025.6000,3030.8000,3031.0000,3031.8000,3032.0000,3032.4000,1,1,1,1,1,2,1,1,1,1
SF,IH2006,2019-12-27 09:32:36.700,3028.0000,6171,0,61757220.000,0,-,-,-,-,3028.0000,3027.8000,3026.4000,3026.0000,3025.6000,3030.8000,3031.8000,3032.0000,3032.4000,3032.8000,1,1,1,1,1,2,1,1,1,2
SF,IH2006,2019-12-27 09:32:40.200,3028.0000,6171,0,61757220.000,0,-,-,-,-,3028.0000,3027.8000,3026.4000,3026.0000,3025.6000,3030.8000,3032.0000,3032.4000,3032.8000,3033.0000,1,1,1,1,1,2,1,1,2,1
SF,IH2006,2019-12-27 09:32:44.200,3028.0000,6171,0,61757220.000,0,-,-,-,-,3028.2000,3028.0000,3027.8000,3026.4000,3026.0000,3030.8000,3032.0000,3032.4000,3032.8000,3033.0000,1,1,1,1,1,2,1,1,2,1
SF,IH2006,2019-12-27 09:32:44.700,3028.0000,6171,0,61757220.000,0,-,-,-,-,3028.4000,3028.2000,3027.8000,3026.4000,3026.0000,3030.8000,3032.0000,3032.4000,3032.8000,3033.0000,1,1,1,1,1,2,1,1,2,1
SF,IH2006,2019-12-27 09:32:45.200,3028.0000,6171,0,61757220.000,0,-,-,-,-,3028.6000,3028.4000,3028.2000,3027.8000,3026.4000,3030.8000,3032.0000,3032.4000,3032.8000,3033.0000,3,1,1,1,1,1,1,1,2,1
SF,IH2006,2019-12-27 09:32:45.700,3028.0000,6171,0,61757220.000,0,-,-,-,-,3028.8000,3028.2000,3027.8000,3026.4000,3026.0000,3030.4000,3030.8000,3032.0000,3032.4000,3032.8000,1,1,1,1,1,1,1,1,1,2
SF,IH2006,2019-12-27 09:32:46.200,3028.0000,6171,0,61757220.000,0,-,-,-,-,3028.8000,3028.2000,3027.8000,3026.4000,3026.0000,3030.2000,3030.4000,3032.0000,3032.4000,3032.8000,1,2,1,1,1,1,2,1,1,2
SF,IH2006,2019-12-27 09:32:46.700,3028.0000,6171,0,61757220.000,0,-,-,-,-,3028.8000,3028.2000,3027.8000,3026.4000,3026.0000,3030.4000,3032.0000,3032.4000,3032.8000,3033.0000,1,2,1,1,1,2,1,1,2,1
SF,IH2006,2019-12-27 09:32:47.200,3028.0000,6171,0,61757220.000,0,-,-,-,-,3028.8000,3028.2000,3027.8000,3026.4000,3026.0000,3030.4000,3032.0000,3032.4000,3032.8000,3033.0000,1,2,1,1,1,2,1,1,2,1
SF,IH2006,2019-12-27 09:32:47.700,3028.0000,6171,0,61757220.000,0,-,-,-,-,3028.8000,3028.2000,3027.8000,3026.4000,3026.0000,3030.2000,3030.4000,3032.0000,3032.4000,3032.8000,1,2,1,1,1,2,2,1,1,2
SF,IH2006,2019-12-27 09:32:48.200,3028.0000,6171,0,61757220.000,0,-,-,-,-,3028.8000,3028.2000,3027.8000,3026.4000,3026.0000,3030.2000,3030.4000,3032.0000,3032.4000,3032.8000,1,2,1,1,1,2,1,1,1,2
SF,IH2006,2019-12-27 09:32:48.700,3028.0000,6171,0,61757220.000,0,-,-,-,-,3029.0000,3028.8000,3028.2000,3027.8000,3026.4000,3030.4000,3032.0000,3032.4000,3032.8000,3033.0000,1,1,2,1,1,1,1,1,2,1
SF,IH2006,2019-12-27 09:32:49.200,3028.0000,6171,0,61757220.000,0,-,-,-,-,3029.2000,3028.2000,3027.8000,3026.4000,3026.0000,3030.4000,3032.0000,3032.4000,3032.8000,3033.0000,1,2,1,1,1,1,1,1,2,1
SF,IH2006,2019-12-27 09:32:49.700,3028.0000,6171,0,61757220.000,0,-,-,-,-,3029.2000,3028.2000,3027.8000,3026.4000,3026.0000,3030.2000,3030.4000,3032.0000,3032.4000,3032.8000,1,2,1,1,1,1,1,1,1,2
SF,IH2006,2019-12-27 09:32:51.200,3029.2000,6170,-1,62665980.000,1,0,1,双平,S,3028.2000,3027.8000,3026.4000,3026.0000,3025.6000,3030.2000,3030.4000,3032.0000,3032.4000,3032.8000,2,1,1,1,1,1,1,1,1,2
SF,IH2006,2019-12-27 09:32:51.700,3029.2000,6170,0,62665980.000,0,-,-,-,-,3028.2000,3027.8000,3026.4000,3026.0000,3025.6000,3030.0000,3030.2000,3030.4000,3032.0000,3032.4000,1,1,1,1,1,1,1,1,1,1
SF,IH2006,2019-12-27 09:32:52.200,3029.2000,6170,0,62665980.000,0,-,-,-,-,3028.2000,3027.8000,3026.4000,3026.0000,3025.6000,3029.8000,3030.0000,3030.4000,3032.0000,3032.4000,1,1,1,1,1,1,1,1,1,1
SF,IH2006,2019-12-27 09:32:52.700,3029.2000,6170,0,62665980.000,0,-,-,-,-,3028.2000,3027.8000,3026.4000,3026.0000,3025.6000,3029.6000,3029.8000,3030.4000,3032.0000,3032.4000,1,1,1,1,1,1,1,1,1,1
SF,IH2006,2019-12-27 09:32:53.200,3029.2000,6170,0,62665980.000,0,-,-,-,-,3028.2000,3027.8000,3026.4000,3026.0000,3025.6000,3029.6000,3030.4000,3032.0000,3032.4000,3032.8000,1,1,1,1,1,1,1,1,1,2
SF,IH2006,2019-12-27 09:32:53.700,3029.2000,6170,0,62665980.000,0,-,-,-,-,3028.2000,3027.8000,3026.4000,3026.0000,3025.6000,3029.6000,3030.4000,3032.0000,3032.4000,3032.8000,1,1,1,1,1,1,1,1,1,2
SF,IH2006,2019-12-27 09:32:55.200,3029.2000,6170,0,62665980.000,0,-,-,-,-,3028.2000,3027.8000,3026.4000,3026.0000,3025.6000,3029.6000,3030.0000,3030.4000,3032.0000,3032.4000,1,1,1,1,1,1,1,1,1,1
SF,IH2006,2019-12-27 09:32:55.700,3029.2000,6170,0,62665980.000,0,-,-,-,-,3028.2000,3027.8000,3026.4000,3026.0000,3025.6000,3029.4000,3029.6000,3030.0000,3030.4000,3032.0000,1,1,1,1,1,1,1,1,1,1
SF,IH2006,2019-12-27 09:32:56.200,3029.2000,6170,0,62665980.000,0,-,-,-,-,3028.2000,3027.8000,3026.4000,3026.0000,3025.6000,3029.2000,3029.4000,3030.0000,3030.4000,3032.0000,1,1,1,1,1,1,1,1,1,1
SF,IH2006,2019-12-27 09:32:56.700,3029.2000,6170,0,62665980.000,0,-,-,-,-,3028.2000,3027.8000,3026.4000,3026.0000,3025.6000,3029.2000,3030.0000,3030.4000,3032.0000,3032.4000,1,1,1,1,1,1,1,1,1,1
SF,IH2006,2019-12-27 09:32:59.200,3029.2000,6170,0,62665980.000,0,-,-,-,-,3028.4000,3028.2000,3027.8000,3026.4000,3026.0000,3029.2000,3030.0000,3030.4000,3032.0000,3032.4000,1,1,1,1,1,1,1,1,1,1
SF,IH2006,2019-12-27 09:32:59.700,3029.2000,6170,0,62665980.000,0,-,-,-,-,3028.6000,3028.4000,3028.2000,3027.8000,3026.4000,3030.0000,3030.4000,3032.0000,3032.8000,3033.0000,1,1,1,1,1,1,1,1,2,1
SF,IH2006,2019-12-27 09:33:00.200,3029.2000,6170,0,62665980.000,0,-,-,-,-,3029.2000,3028.6000,3028.4000,3028.2000,3027.8000,3029.8000,3030.0000,3030.4000,3032.0000,3032.8000,1,1,1,1,1,2,1,1,1,2
SF,IH2006,2019-12-27 09:33:00.700,3029.2000,6170,0,62665980.000,0,-,-,-,-,3029.2000,3028.6000,3028.4000,3028.2000,3027.8000,3029.8000,3030.0000,3030.4000,3032.0000,3032.8000,1,1,1,1,1,2,1,1,1,2
SF,IH2006,2019-12-27 09:33:01.200,3029.2000,6170,0,63574740.000,1,0,1,多换,S,3028.6000,3028.4000,3028.2000,3027.8000,3026.4000,3029.8000,3030.0000,3030.4000,3032.0000,3032.8000,1,1,1,1,1,1,1,1,1,2
SF,IH2006,2019-12-27 09:33:01.700,3029.2000,6170,0,63574740.000,0,-,-,-,-,3028.6000,3028.2000,3027.8000,3026.4000,3026.0000,3029.6000,3029.8000,3030.0000,3030.4000,3032.0000,1,1,1,1,1,1,1,1,1,1
SF,IH2006,2019-12-27 09:33:02.200,3029.6000,6168,-2,65392440.000,2,0,2,双平,S,3028.6000,3028.2000,3027.8000,3026.4000,3026.0000,3029.8000,3030.0000,3030.4000,3032.0000,3032.8000,1,1,1,1,1,1,1,1,1,2
SF,IH2006,2019-12-27 09:33:02.700,3029.6000,6168,0,65392440.000,0,-,-,-,-,3028.6000,3028.2000,3027.8000,3026.4000,3026.0000,3029.8000,3030.0000,3030.4000,3032.0000,3032.8000,1,1,1,1,1,2,1,1,1,2
SF,IH2006,2019-12-27 09:33:03.200,3029.6000,6168,0,65392440.000,0,-,-,-,-,3028.8000,3028.6000,3028.2000,3027.8000,3026.4000,3029.8000,3030.0000,3030.4000,3032.0000,3032.8000,2,1,1,1,1,2,1,1,1,2
SF,IH2006,2019-12-27 09:33:03.700,3029.6000,6168,0,65392440.000,0,-,-,-,-,3028.8000,3028.6000,3027.8000,3026.4000,3026.0000,3029.8000,3030.0000,3030.4000,3032.0000,3032.8000,2,1,1,1,1,1,1,1,1,2
SF,IH2006,2019-12-27 09:33:04.200,3029.6000,6168,0,65392440.000,0,-,-,-,-,3028.8000,3028.6000,3027.8000,3026.4000,3026.0000,3029.6000,3029.8000,3030.0000,3030.4000,3032.0000,1,1,1,1,1,1,1,1,1,1
SF,IH2006,2019-12-27 09:33:04.700,3029.6000,6168,0,65392440.000,0,-,-,-,-,3028.8000,3028.6000,3027.8000,3026.4000,3026.0000,3029.6000,3030.0000,3030.4000,3032.0000,3032.8000,1,1,1,1,1,1,2,1,1,2
SF,IH2006,2019-12-27 09:33:05.200,3028.8000,6167,-1,66301080.000,1,0,1,双平,S,3028.6000,3027.8000,3026.4000,3026.0000,3025.6000,3029.6000,3030.0000,3030.4000,3032.0000,3032.8000,1,1,1,1,1,1,2,1,1,2
SF,IH2006,2019-12-27 09:33:05.700,3028.8000,6167,0,66301080.000,0,-,-,-,-,3028.8000,3028.6000,3027.8000,3026.4000,3026.0000,3030.0000,3030.4000,3032.0000,3032.8000,3033.0000,1,1,1,1,1,2,1,1,2,1
SF,IH2006,2019-12-27 09:33:06.200,3028.8000,6167,0,66301080.000,0,-,-,-,-,3028.8000,3028.6000,3027.8000,3026.4000,3026.0000,3029.8000,3030.0000,3030.4000,3032.0000,3032.8000,1,1,1,1,1,1,2,1,1,2
SF,IH2006,2019-12-27 09:33:06.700,3028.8000,6167,0,66301080.000,0,-,-,-,-,3028.6000,3027.8000,3026.4000,3026.0000,3025.6000,3029.6000,3029.8000,3030.0000,3030.4000,3030.6000,1,1,1,1,1,1,1,2,1,1
SF,IH2006,2019-12-27 09:33:07.700,3028.8000,6167,0,66301080.000,0,-,-,-,-,3028.8000,3028.6000,3027.8000,3026.4000,3026.0000,3029.8000,3030.0000,3030.4000,3030.6000,3032.0000,1,1,1,1,1,1,2,1,1,1
SF,IH2006,2019-12-27 09:33:08.700,3028.8000,6167,0,66301080.000,0,-,-,-,-,3028.6000,3027.8000,3026.4000,3026.0000,3025.6000,3029.6000,3029.8000,3030.0000,3030.4000,3030.6000,1,1,1,1,1,1,1,2,1,1
SF,IH2006,2019-12-27 09:33:09.200,3028.8000,6167,0,66301080.000,0,-,-,-,-,3028.6000,3027.8000,3026.4000,3026.0000,3025.6000,3029.6000,3030.0000,3030.4000,3030.6000,3032.0000,1,1,1,1,1,1,2,1,1,1
SF,IH2006,2019-12-27 09:33:09.700,3028.8000,6167,0,66301080.000,0,-,-,-,-,3028.8000,3028.6000,3027.8000,3026.4000,3026.0000,3030.0000,3030.4000,3030.6000,3032.0000,3032.8000,1,1,1,1,1,2,1,1,1,2
SF,IH2006,2019-12-27 09:33:10.200,3028.8000,6167,0,66301080.000,0,-,-,-,-,3028.8000,3028.6000,3027.8000,3026.4000,3026.0000,3030.0000,3030.4000,3030.6000,3032.0000,3032.8000,1,1,1,1,1,2,1,1,1,2
SF,IH2006,2019-12-27 09:33:10.700,3028.8000,6167,0,66301080.000,0,-,-,-,-,3028.8000,3028.6000,3027.8000,3026.4000,3026.0000,3029.8000,3030.0000,3030.4000,3030.6000,3032.0000,1,1,1,1,1,1,2,1,1,1
SF,IH2006,2019-12-27 09:33:11.200,3028.8000,6167,0,66301080.000,0,-,-,-,-,3028.6000,3027.8000,3026.4000,3026.0000,3025.6000,3029.6000,3029.8000,3030.0000,3030.4000,3030.6000,1,1,1,1,1,1,1,2,1,1
SF,IH2006,2019-12-27 09:33:11.700,3028.8000,6167,0,66301080.000,0,-,-,-,-,3028.6000,3027.8000,3026.4000,3026.0000,3025.6000,3029.6000,3030.0000,3030.4000,3030.6000,3032.0000,1,1,1,1,1,1,2,1,1,1
SF,IH2006,2019-12-27 09:33:12.200,3028.8000,6167,0,66301080.000,0,-,-,-,-,3028.8000,3028.6000,3027.8000,3026.4000,3026.0000,3030.0000,3030.4000,3030.6000,3032.0000,3032.8000,1,1,1,1,1,2,1,1,1,2
SF,IH2006,2019-12-27 09:33:12.700,3028.8000,6167,0,66301080.000,0,-,-,-,-,3028.8000,3028.6000,3027.8000,3026.4000,3026.0000,3029.8000,3030.0000,3030.4000,3030.6000,3032.0000,1,1,1,1,1,1,2,1,1,1
SF,IH2006,2019-12-27 09:33:13.200,3029.6000,6167,0,67209960.000,1,0,1,多换,S,3028.6000,3027.8000,3026.4000,3026.0000,3025.6000,3029.6000,3029.8000,3030.0000,3030.4000,3030.6000,1,1,1,1,1,1,1,2,1,1
SF,IH2006,2019-12-27 09:33:14.200,3029.6000,6167,0,67209960.000,0,-,-,-,-,3028.8000,3028.6000,3027.8000,3026.4000,3026.0000,3029.8000,3030.0000,3030.4000,3030.6000,3032.0000,1,1,1,1,1,1,2,1,1,1
SF,IH2006,2019-12-27 09:33:14.700,3029.6000,6167,0,67209960.000,0,-,-,-,-,3029.0000,3028.8000,3028.6000,3027.8000,3026.4000,3030.0000,3030.4000,3030.6000,3032.0000,3032.8000,1,1,1,1,1,2,1,1,1,2
SF,IH2006,2019-12-27 09:33:15.200,3029.6000,6167,0,67209960.000,0,-,-,-,-,3029.0000,3028.8000,3028.6000,3027.8000,3026.4000,3030.0000,3030.4000,3030.6000,3032.0000,3032.8000,2,1,1,1,1,2,1,1,1,2
SF,IH2006,2019-12-27 09:33:15.700,3029.6000,6167,0,67209960.000,0,-,-,-,-,3029.0000,3028.8000,3028.6000,3027.8000,3026.4000,3030.0000,3030.4000,3030.6000,3032.0000,3032.8000,1,1,1,1,1,2,1,1,1,2
SF,IH2006,2019-12-27 09:33:18.200,3030.0000,6166,-1,69027960.000,2,0,2,多平,S,3029.0000,3028.8000,3028.6000,3027.8000,3027.2000,3030.4000,3030.6000,3032.0000,3032.8000,3033.0000,1,1,1,1,1,1,1,1,2,1
SF,IH2006,2019-12-27 09:33:18.700,3030.0000,6166,0,69027960.000,0,-,-,-,-,3029.2000,3029.0000,3028.8000,3028.6000,3027.8000,3030.4000,3030.6000,3032.0000,3032.8000,3033.0000,1,1,1,1,1,1,1,1,2,1
SF,IH2006,2019-12-27 09:33:19.200,3030.0000,6166,0,69027960.000,0,-,-,-,-,3029.4000,3029.2000,3029.0000,3028.8000,3028.6000,3030.4000,3030.6000,3032.0000,3032.8000,3033.0000,1,1,1,1,1,1,1,1,2,1
SF,IH2006,2019-12-27 09:33:19.700,3030.0000,6166,0,69027960.000,0,-,-,-,-,3029.6000,3029.4000,3029.0000,3028.8000,3028.6000,3030.4000,3030.6000,3032.0000,3032.8000,3033.0000,1,1,1,1,1,1,1,1,2,1
SF,IH2006,2019-12-27 09:33:20.200,3030.0000,6166,0,69027960.000,0,-,-,-,-,3029.6000,3029.4000,3029.0000,3028.8000,3028.6000,3030.4000,3030.6000,3032.0000,3032.8000,3033.0000,2,1,1,1,1,1,1,1,2,1
SF,IH2006,2019-12-27 09:33:23.200,3030.0000,6166,0,69027960.000,0,-,-,-,-,3029.6000,3029.4000,3029.0000,3028.8000,3028.6000,3030.4000,3030.6000,3032.0000,3032.8000,3033.0000,3,1,1,1,1,1,1,1,2,1
SF,IH2006,2019-12-27 09:33:24.700,3030.0000,6166,0,69027960.000,0,-,-,-,-,3029.8000,3029.6000,3029.4000,3029.0000,3028.8000,3030.4000,3030.6000,3032.0000,3032.8000,3033.0000,1,3,1,1,1,1,1,1,2,1
SF,IH2006,2019-12-27 09:33:25.700,3030.0000,6166,0,69027960.000,0,-,-,-,-,3029.8000,3029.6000,3029.4000,3029.0000,3028.8000,3030.4000,3030.6000,3032.0000,3032.8000,3033.0000,1,3,1,1,1,1,1,1,2,1
SF,IH2006,2019-12-27 09:33:26.200,3030.0000,6166,0,69027960.000,0,-,-,-,-,3029.8000,3029.6000,3029.4000,3029.0000,3028.8000,3030.4000,3030.6000,3032.0000,3032.8000,3033.0000,1,3,1,1,1,1,1,1,2,1
SF,IH2006,2019-12-27 09:33:26.700,3030.4000,6166,0,69937080.000,1,0,1,多换,S,3029.8000,3029.6000,3029.4000,3029.0000,3028.8000,3030.6000,3032.0000,3032.8000,3033.0000,3034.8000,1,3,1,1,1,1,1,2,1,1
SF,IH2006,2019-12-27 09:33:27.200,3030.4000,6166,0,69937080.000,0,-,-,-,-,3029.8000,3029.6000,3029.4000,3029.0000,3028.8000,3030.6000,3032.0000,3032.8000,3033.0000,3034.8000,1,3,1,1,1,1,1,2,1,1
SF,IH2006,2019-12-27 09:33:27.700,3030.4000,6166,0,69937080.000,0,-,-,-,-,3029.8000,3029.6000,3029.4000,3029.0000,3028.8000,3030.6000,3032.0000,3032.8000,3033.0000,3034.8000,1,3,1,1,1,1,2,2,1,1
SF,IH2006,2019-12-27 09:33:30.200,3030.4000,6166,0,69937080.000,0,-,-,-,-,3030.0000,3029.8000,3029.6000,3029.4000,3029.0000,3030.6000,3032.0000,3032.8000,3033.0000,3034.8000,1,1,3,1,1,1,2,2,1,1
SF,IH2006,2019-12-27 09:33:30.700,3030.6000,6165,-1,70846260.000,1,0,1,双平,S,3030.0000,3029.8000,3029.6000,3029.4000,3029.0000,3032.0000,3032.8000,3033.0000,3034.8000,3035.2000,1,1,3,1,1,2,2,1,1,1
SF,IH2006,2019-12-27 09:33:31.200,3030.6000,6165,0,70846260.000,0,-,-,-,-,3030.2000,3030.0000,3029.8000,3029.6000,3029.4000,3031.8000,3032.0000,3032.8000,3033.0000,3034.8000,1,2,1,2,1,1,2,2,1,1
SF,IH2006,2019-12-27 09:33:31.700,3030.6000,6165,0,70846260.000,0,-,-,-,-,3030.2000,3030.0000,3029.8000,3029.6000,3029.4000,3031.6000,3031.8000,3032.0000,3032.8000,3033.0000,1,2,1,2,1,1,1,2,2,1
SF,IH2006,2019-12-27 09:33:32.200,3030.6000,6165,0,70846260.000,0,-,-,-,-,3030.2000,3030.0000,3029.8000,3029.6000,3029.4000,3031.6000,3032.0000,3032.8000,3033.0000,3034.8000,1,2,1,2,1,1,2,2,1,1
SF,IH2006,2019-12-27 09:33:33.200,3030.2000,6164,-1,71755320.000,1,0,1,双平,S,3030.0000,3029.8000,3029.6000,3029.4000,3029.0000,3031.4000,3031.6000,3032.0000,3032.8000,3033.0000,2,1,2,1,1,2,1,2,2,1
SF,IH2006,2019-12-27 09:33:33.700,3030.2000,6164,0,71755320.000,0,-,-,-,-,3030.0000,3029.8000,3029.6000,3029.4000,3028.2000,3031.2000,3031.4000,3032.0000,3032.8000,3033.0000,2,1,2,1,1,1,2,2,2,1
SF,IH2006,2019-12-27 09:33:34.200,3030.2000,6164,0,71755320.000,0,-,-,-,-,3030.0000,3029.8000,3029.6000,3029.4000,3028.2000,3031.2000,3032.0000,3032.8000,3033.0000,3034.8000,2,1,2,1,1,1,2,2,1,1
SF,IH2006,2019-12-27 09:33:34.700,3030.2000,6164,0,71755320.000,0,-,-,-,-,3030.2000,3030.0000,3029.8000,3029.6000,3029.4000,3031.2000,3032.0000,3032.8000,3033.0000,3034.8000,1,2,1,2,1,1,2,2,1,1
SF,IH2006,2019-12-27 09:33:35.700,3030.2000,6164,0,71755320.000,0,-,-,-,-,3030.0000,3029.8000,3029.6000,3029.4000,3028.2000,3031.2000,3032.0000,3032.8000,3033.0000,3034.8000,1,1,2,1,1,1,2,2,1,1
SF,IH2006,2019-12-27 09:33:36.200,3030.2000,6164,0,71755320.000,0,-,-,-,-,3030.0000,3029.8000,3029.6000,3029.4000,3028.2000,3031.2000,3032.0000,3032.8000,3033.0000,3034.8000,1,1,2,1,1,1,2,2,1,1
SF,IH2006,2019-12-27 09:33:36.700,3030.2000,6164,0,71755320.000,0,-,-,-,-,3030.0000,3029.8000,3029.6000,3029.4000,3028.2000,3031.2000,3032.0000,3032.8000,3033.0000,3034.8000,1,1,2,1,1,1,2,2,2,1
SF,IH2006,2019-12-27 09:33:37.200,3031.2000,6163,-1,72664680.000,1,0,1,双平,S,3030.0000,3029.8000,3029.6000,3029.4000,3028.2000,3032.0000,3032.8000,3033.0000,3034.8000,3035.2000,1,1,2,1,1,2,2,2,1,1
SF,IH2006,2019-12-27 09:33:37.700,3031.2000,6163,0,72664680.000,0,-,-,-,-,3030.2000,3030.0000,3029.8000,3029.6000,3029.4000,3032.0000,3032.8000,3033.0000,3034.8000,3035.2000,1,1,1,2,1,3,2,2,1,1
SF,IH2006,2019-12-27 09:33:38.200,3031.2000,6163,0,72664680.000,0,-,-,-,-,3030.2000,3030.0000,3029.8000,3029.6000,3029.4000,3031.8000,3032.0000,3032.8000,3033.0000,3034.8000,2,1,1,2,1,1,3,2,2,1
SF,IH2006,2019-12-27 09:33:38.700,3031.2000,6163,0,72664680.000,0,-,-,-,-,3030.2000,3030.0000,3029.8000,3029.6000,3029.4000,3032.0000,3032.8000,3033.0000,3034.8000,3035.2000,2,1,1,2,1,2,2,2,1,1
SF,IH2006,2019-12-27 09:33:39.200,3031.2000,6163,0,72664680.000,0,-,-,-,-,3031.6000,3030.4000,3030.2000,3030.0000,3029.8000,3032.0000,3032.8000,3033.0000,3034.8000,3035.2000,1,3,2,1,1,2,2,2,1,1
SF,IH2006,2019-12-27 09:33:39.700,3031.6000,6162,-1,73574160.000,1,0,1,双平,S,3031.0000,3030.4000,3030.2000,3030.0000,3029.8000,3031.6000,3032.0000,3032.8000,3033.0000,3034.8000,1,1,1,1,1,1,2,2,2,1
SF,IH2006,2019-12-27 09:33:40.200,3031.6000,6162,0,73574160.000,0,-,-,-,-,3030.4000,3030.2000,3030.0000,3029.8000,3029.6000,3031.6000,3032.0000,3032.8000,3033.0000,3034.8000,1,1,1,1,2,1,2,2,2,1
SF,IH2006,2019-12-27 09:33:40.700,3031.6000,6162,0,73574160.000,0,-,-,-,-,3030.6000,3030.4000,3030.0000,3029.8000,3029.6000,3031.6000,3032.0000,3032.8000,3033.0000,3034.8000,1,1,1,1,2,1,2,2,2,1
SF,IH2006,2019-12-27 09:33:41.200,3031.6000,6162,0,73574160.000,0,-,-,-,-,3031.0000,3030.6000,3030.4000,3030.0000,3029.8000,3031.6000,3032.0000,3032.8000,3033.0000,3034.8000,1,1,1,1,1,1,2,2,2,1
SF,IH2006,2019-12-27 09:33:42.700,3031.6000,6162,0,73574160.000,0,-,-,-,-,3031.0000,3030.6000,3030.4000,3030.0000,3029.8000,3032.0000,3032.8000,3033.0000,3034.8000,3035.2000,1,1,1,1,1,2,2,2,1,1
SF,IH2006,2019-12-27 09:33:43.200,3031.0000,6163,1,74483460.000,1,1,0,双开,S,3030.6000,3030.4000,3029.8000,3029.6000,3028.2000,3031.0000,3031.8000,3032.0000,3032.8000,3033.0000,1,1,1,2,1,1,1,2,2,2
SF,IH2006,2019-12-27 09:33:43.700,3031.0000,6163,0,75392760.000,1,0,1,多换,S,3030.6000,3030.4000,3029.8000,3029.6000,3028.2000,3031.8000,3032.0000,3032.8000,3033.0000,3034.8000,1,1,1,2,1,1,2,2,2,1
SF,IH2006,2019-12-27 09:33:44.200,3031.0000,6163,0,75392760.000,0,-,-,-,-,3030.6000,3030.4000,3029.8000,3029.6000,3028.2000,3032.0000,3032.8000,3033.0000,3034.8000,3035.2000,1,1,1,2,1,2,2,2,1,1
SF,IH2006,2019-12-27 09:33:44.700,3031.0000,6163,0,75392760.000,0,-,-,-,-,3030.6000,3030.4000,3029.8000,3029.6000,3028.2000,3031.8000,3032.0000,3032.8000,3033.0000,3034.8000,1,1,1,2,1,1,2,2,2,1
SF,IH2006,2019-12-27 09:33:45.200,3031.0000,6163,0,75392760.000,0,-,-,-,-,3031.0000,3030.8000,3030.6000,3030.4000,3029.8000,3031.6000,3032.0000,3032.8000,3033.0000,3034.8000,1,1,1,1,1,1,2,2,2,1
SF,IH2006,2019-12-27 09:33:45.700,3030.8000,6163,0,77211300.000,2,1,1,多换,S,3030.4000,3029.6000,3028.2000,3027.2000,3026.0000,3031.6000,3032.0000,3032.8000,3033.0000,3034.8000,1,1,1,4,1,1,2,2,2,1
SF,IH2006,2019-12-27 09:33:46.200,3030.8000,6163,0,77211300.000,0,-,-,-,-,3030.4000,3029.6000,3028.2000,3027.2000,3026.0000,3032.0000,3032.8000,3033.0000,3034.8000,3035.2000,1,1,1,4,1,2,2,2,1,1
SF,IH2006,2019-12-27 09:33:46.700,3030.8000,6163,0,77211300.000,0,-,-,-,-,3030.4000,3029.6000,3028.2000,3027.2000,3026.0000,3031.8000,3032.0000,3032.8000,3033.0000,3034.8000,1,1,1,4,1,2,2,2,2,1
SF,IH2006,2019-12-27 09:33:48.200,3030.8000,6163,0,77211300.000,0,-,-,-,-,3030.4000,3029.6000,3028.2000,3027.2000,3026.0000,3031.8000,3032.0000,3032.8000,3033.0000,3034.8000,1,1,1,4,1,2,2,2,2,1
SF,IH2006,2019-12-27 09:33:48.700,3030.8000,6163,0,77211300.000,0,-,-,-,-,3029.6000,3028.2000,3027.2000,3026.0000,3025.6000,3031.8000,3032.0000,3032.8000,3033.0000,3034.8000,1,1,4,1,1,2,2,2,2,1
SF,IH2006,2019-12-27 09:33:49.200,3030.8000,6163,0,77211300.000,0,-,-,-,-,3029.8000,3029.6000,3028.2000,3027.2000,3026.0000,3030.4000,3031.8000,3032.0000,3032.8000,3033.0000,1,1,1,4,1,1,2,2,2,2
SF,IH2006,2019-12-27 09:33:49.700,3030.4000,6162,-1,78120420.000,1,0,1,双平,S,3029.8000,3029.6000,3028.2000,3027.2000,3026.0000,3031.8000,3032.0000,3032.8000,3033.0000,3034.8000,1,1,1,4,1,1,2,2,2,1
SF,IH2006,2019-12-27 09:33:50.200,3030.4000,6162,0,78120420.000,0,-,-,-,-,3030.0000,3029.8000,3029.6000,3028.2000,3027.2000,3031.8000,3032.0000,3032.8000,3033.0000,3034.8000,2,1,1,1,4,1,2,2,2,1
SF,IH2006,2019-12-27 09:33:50.700,3030.4000,6162,0,78120420.000,0,-,-,-,-,3030.2000,3030.0000,3029.6000,3028.2000,3027.2000,3031.8000,3032.0000,3032.8000,3033.0000,3034.8000,1,1,1,1,4,1,2,2,2,1
SF,IH2006,2019-12-27 09:33:51.200,3030.4000,6162,0,78120420.000,0,-,-,-,-,3030.2000,3030.0000,3029.6000,3028.2000,3027.2000,3031.8000,3032.0000,3032.8000,3033.0000,3034.8000,2,1,1,1,4,1,2,2,2,1
SF,IH2006,2019-12-27 09:33:51.700,3030.4000,6162,0,78120420.000,0,-,-,-,-,3030.2000,3030.0000,3029.6000,3028.2000,3027.2000,3031.8000,3032.0000,3032.8000,3033.0000,3034.8000,2,1,1,1,4,1,2,2,2,1
SF,IH2006,2019-12-27 09:33:52.700,3030.4000,6162,0,78120420.000,0,-,-,-,-,3030.6000,3030.2000,3030.0000,3029.6000,3028.2000,3031.8000,3032.0000,3032.8000,3033.0000,3034.8000,1,2,1,1,1,1,2,2,2,1
SF,IH2006,2019-12-27 09:33:53.200,3030.4000,6162,0,78120420.000,0,-,-,-,-,3030.6000,3030.2000,3030.0000,3029.6000,3028.2000,3031.6000,3031.8000,3032.0000,3032.8000,3033.0000,1,1,1,1,1,1,1,2,2,2
SF,IH2006,2019-12-27 09:33:53.700,3030.4000,6162,0,78120420.000,0,-,-,-,-,3030.6000,3030.0000,3029.6000,3028.2000,3027.2000,3031.6000,3031.8000,3032.0000,3032.8000,3033.0000,1,1,1,1,4,1,1,2,2,2
SF,IH2006,2019-12-27 09:33:54.200,3030.6000,6161,-1,79029600.000,1,0,1,双平,S,3029.6000,3028.2000,3027.2000,3026.0000,3025.6000,3031.4000,3031.6000,3032.0000,3032.8000,3033.0000,1,1,4,1,1,1,1,2,2,2
SF,IH2006,2019-12-27 09:33:54.700,3030.6000,6161,0,79029600.000,0,-,-,-,-,3029.8000,3029.6000,3028.2000,3027.2000,3026.0000,3031.2000,3031.4000,3031.6000,3032.0000,3032.8000,2,1,1,4,1,1,1,1,2,2
SF,IH2006,2019-12-27 09:33:55.200,3030.6000,6161,0,79029600.000,0,-,-,-,-,3029.8000,3029.6000,3028.2000,3027.2000,3026.0000,3031.0000,3031.2000,3031.6000,3032.0000,3032.8000,2,1,1,4,1,1,1,1,2,2
SF,IH2006,2019-12-27 09:33:55.700,3030.6000,6161,0,79029600.000,0,-,-,-,-,3029.8000,3029.6000,3028.2000,3027.2000,3026.0000,3030.8000,3031.0000,3031.2000,3031.6000,3032.0000,1,1,1,4,1,1,1,1,1,2
SF,IH2006,2019-12-27 09:33:56.200,3030.6000,6161,0,79029600.000,0,-,-,-,-,3029.6000,3028.2000,3027.2000,3026.0000,3025.6000,3029.8000,3030.6000,3030.8000,3031.2000,3031.6000,1,1,4,1,1,1,1,1,1,1
SF,IH2006,2019-12-27 09:33:56.700,3029.6000,6161,0,79938480.000,1,0,1,多换,S,3028.2000,3027.2000,3026.0000,3025.6000,3023.8000,3029.8000,3030.8000,3031.2000,3031.6000,3032.0000,1,4,1,1,1,2,1,1,1,2
SF,IH2006,2019-12-27 09:33:57.200,3029.6000,6161,0,79938480.000,0,-,-,-,-,3028.4000,3028.2000,3027.2000,3026.0000,3025.6000,3029.8000,3030.8000,3031.2000,3032.0000,3032.8000,4,1,4,1,1,2,1,1,2,2
SF,IH2006,2019-12-27 09:33:57.700,3029.6000,6161,0,79938480.000,0,-,-,-,-,3028.4000,3028.2000,3027.2000,3026.0000,3025.6000,3029.8000,3032.0000,3032.8000,3033.0000,3034.8000,4,1,4,1,1,2,2,2,2,1
SF,IH2006,2019-12-27 09:33:58.200,3029.6000,6161,0,79938480.000,0,-,-,-,-,3029.8000,3028.4000,3028.2000,3027.2000,3026.0000,3032.0000,3032.8000,3033.0000,3034.8000,3035.2000,1,4,1,4,1,2,2,2,1,1
SF,IH2006,2019-12-27 09:33:58.700,3029.6000,6161,0,79938480.000,0,-,-,-,-,3028.4000,3028.2000,3027.2000,3026.0000,3025.6000,3031.8000,3032.0000,3032.8000,3033.0000,3034.8000,4,1,4,1,1,2,2,2,2,1
SF,IH2006,2019-12-27 09:33:59.200,3029.6000,6161,0,79938480.000,0,-,-,-,-,3029.8000,3028.4000,3028.2000,3027.2000,3026.0000,3031.6000,3031.8000,3032.0000,3032.8000,3033.0000,5,4,1,4,1,1,2,2,2,2
SF,IH2006,2019-12-27 09:33:59.700,3029.6000,6161,0,79938480.000,0,-,-,-,-,3029.8000,3028.4000,3028.2000,3027.2000,3026.0000,3031.4000,3031.6000,3032.0000,3032.8000,3033.0000,5,4,1,4,1,3,1,2,2,2
SF,IH2006,2019-12-27 09:34:00.200,3029.6000,6161,0,79938480.000,0,-,-,-,-,3029.8000,3028.4000,3028.2000,3027.2000,3026.0000,3031.4000,3031.6000,3032.0000,3032.8000,3033.0000,5,4,1,4,1,4,1,2,2,2
SF,IH2006,2019-12-27 09:34:00.700,3029.6000,6161,0,79938480.000,0,-,-,-,-,3029.8000,3028.4000,3028.2000,3027.2000,3026.0000,3031.4000,3031.6000,3032.0000,3032.8000,3033.0000,5,4,1,4,1,4,1,2,2,2
SF,IH2006,2019-12-27 09:34:01.200,3029.6000,6161,0,79938480.000,0,-,-,-,-,3030.0000,3029.8000,3028.4000,3028.2000,3027.2000,3031.4000,3031.6000,3032.0000,3032.8000,3033.0000,1,5,3,1,4,2,1,2,2,2
SF,IH2006,2019-12-27 09:34:01.700,3029.6000,6161,0,79938480.000,0,-,-,-,-,3030.4000,3029.8000,3028.4000,3028.2000,3027.2000,3031.2000,3031.4000,3032.0000,3032.8000,3033.0000,1,5,3,1,4,1,2,2,2,2
SF,IH2006,2019-12-27 09:34:02.200,3030.4000,6160,-1,80847600.000,1,0,1,双平,S,3029.8000,3028.4000,3028.2000,3027.2000,3026.0000,3031.2000,3031.4000,3032.0000,3032.8000,3033.0000,5,3,1,4,1,1,1,2,2,2
SF,IH2006,2019-12-27 09:34:02.700,3030.4000,6160,0,80847600.000,0,-,-,-,-,3029.8000,3028.4000,3028.2000,3027.2000,3026.0000,3031.0000,3031.2000,3032.0000,3032.8000,3033.0000,5,3,1,4,1,1,1,2,2,2
SF,IH2006,2019-12-27 09:34:03.200,3030.4000,6160,0,80847600.000,0,-,-,-,-,3029.8000,3028.4000,3028.2000,3027.2000,3026.0000,3030.8000,3031.0000,3031.2000,3032.0000,3032.8000,5,3,1,4,1,2,1,1,2,2
SF,IH2006,2019-12-27 09:34:03.700,3030.4000,6160,0,80847600.000,0,-,-,-,-,3028.4000,3028.2000,3027.2000,3026.0000,3025.6000,3030.8000,3031.0000,3031.2000,3032.0000,3032.8000,3,1,4,1,1,2,1,1,2,2
SF,IH2006,2019-12-27 09:34:04.200,3030.4000,6160,0,80847600.000,0,-,-,-,-,3028.6000,3028.4000,3028.2000,3027.2000,3026.0000,3030.8000,3032.0000,3032.8000,3033.0000,3034.8000,1,3,1,4,1,2,2,2,2,1
SF,IH2006,2019-12-27 09:34:04.700,3030.4000,6160,0,80847600.000,0,-,-,-,-,3028.8000,3028.6000,3028.4000,3028.2000,3027.2000,3030.6000,3032.0000,3032.8000,3033.0000,3034.8000,3,1,3,1,4,1,2,2,2,1
SF,IH2006,2019-12-27 09:34:05.200,3030.4000,6160,0,80847600.000,0,-,-,-,-,3029.0000,3028.8000,3028.4000,3028.2000,3027.2000,3032.0000,3032.8000,3033.0000,3034.8000,3035.2000,1,3,3,1,4,2,2,2,1,1
SF,IH2006,2019-12-27 09:34:05.700,3030.4000,6160,0,80847600.000,0,-,-,-,-,3029.0000,3028.8000,3028.4000,3028.2000,3027.2000,3031.8000,3032.0000,3032.8000,3033.0000,3034.8000,1,3,3,1,4,2,2,2,2,1
SF,IH2006,2019-12-27 09:34:06.200,3030.4000,6160,0,80847600.000,0,-,-,-,-,3029.0000,3028.8000,3028.4000,3028.2000,3027.2000,3031.6000,3031.8000,3032.0000,3032.8000,3033.0000,1,3,3,1,4,2,2,2,2,2
SF,IH2006,2019-12-27 09:34:06.700,3030.4000,6160,0,80847600.000,0,-,-,-,-,3029.2000,3029.0000,3028.8000,3028.4000,3028.2000,3031.4000,3031.6000,3032.0000,3032.8000,3033.0000,1,1,3,2,1,2,2,2,2,2
SF,IH2006,2019-12-27 09:34:07.200,3030.4000,6160,0,80847600.000,0,-,-,-,-,3029.4000,3029.2000,3028.8000,3028.4000,3028.2000,3031.2000,3031.4000,3031.6000,3032.0000,3032.8000,1,1,1,2,1,1,2,2,2,2
SF,IH2006,2019-12-27 09:34:07.700,3030.4000,6160,0,80847600.000,0,-,-,-,-,3029.4000,3029.2000,3028.8000,3028.4000,3028.2000,3031.0000,3031.2000,3031.6000,3032.0000,3032.8000,1,1,1,2,1,1,2,2,2,2
SF,IH2006,2019-12-27 09:34:08.200,3031.2000,6160,0,82666260.000,2,1,1,多换,S,3031.8000,3029.4000,3029.2000,3028.8000,3028.4000,3032.0000,3032.8000,3033.0000,3034.8000,3035.2000,3,1,1,1,2,2,2,2,1,1
SF,IH2006,2019-12-27 09:34:08.700,3031.8000,6160,0,85394760.000,3,1,2,多换,S,3029.4000,3029.2000,3028.8000,3028.4000,3028.2000,3031.6000,3031.8000,3032.0000,3032.8000,3033.0000,1,1,1,2,1,1,1,3,2,2
SF,IH2006,2019-12-27 09:34:09.200,3031.8000,6160,0,85394760.000,0,-,-,-,-,3029.4000,3029.2000,3028.8000,3028.4000,3028.2000,3031.4000,3031.6000,3031.8000,3032.0000,3032.8000,1,1,1,2,1,2,1,1,2,2
SF,IH2006,2019-12-27 09:34:09.700,3031.8000,6160,0,85394760.000,0,-,-,-,-,3029.6000,3029.4000,3029.2000,3028.8000,3028.4000,3031.4000,3031.8000,3032.0000,3032.8000,3033.0000,1,1,1,1,2,1,1,2,2,2
SF,IH2006,2019-12-27 09:34:10.200,3031.8000,6160,0,85394760.000,0,-,-,-,-,3029.8000,3029.6000,3029.2000,3028.8000,3028.4000,3031.4000,3031.8000,3032.0000,3032.8000,3033.0000,2,1,1,1,2,1,1,2,2,2
SF,IH2006,2019-12-27 09:34:10.700,3031.8000,6160,0,85394760.000,0,-,-,-,-,3029.8000,3029.2000,3028.8000,3028.4000,3028.2000,3031.2000,3031.4000,3031.8000,3032.0000,3032.8000,2,1,1,2,1,1,1,1,2,2
SF,IH2006,2019-12-27 09:34:11.200,3031.8000,6160,0,85394760.000,0,-,-,-,-,3029.8000,3029.2000,3028.8000,3028.4000,3028.2000,3031.0000,3031.2000,3031.8000,3032.0000,3032.8000,1,1,1,2,1,1,1,1,2,2
SF,IH2006,2019-12-27 09:34:11.700,3031.8000,6160,0,85394760.000,0,-,-,-,-,3029.8000,3028.8000,3028.4000,3027.2000,3026.0000,3030.8000,3031.0000,3031.2000,3031.8000,3032.0000,1,1,2,4,1,1,1,1,1,2
SF,IH2006,2019-12-27 09:34:12.200,3031.8000,6160,0,85394760.000,0,-,-,-,-,3030.0000,3029.8000,3028.8000,3028.4000,3027.2000,3030.8000,3031.2000,3031.6000,3031.8000,3032.0000,1,1,1,2,4,1,1,1,1,2
SF,IH2006,2019-12-27 09:34:12.700,3030.0000,6160,0,86303760.000,1,0,1,多换,S,3029.8000,3028.8000,3028.4000,3027.2000,3026.0000,3030.8000,3031.2000,3031.6000,3031.8000,3032.0000,1,1,2,4,1,1,1,1,1,2
SF,IH2006,2019-12-27 09:34:16.200,3030.0000,6160,0,86303760.000,0,-,-,-,-,3029.8000,3028.8000,3027.2000,3026.0000,3025.6000,3030.8000,3031.2000,3031.6000,3031.8000,3032.0000,1,1,4,1,1,1,1,1,1,2
SF,IH2006,2019-12-27 09:34:16.700,3030.0000,6160,0,86303760.000,0,-,-,-,-,3029.8000,3028.8000,3027.2000,3026.0000,3025.6000,3030.8000,3031.0000,3031.2000,3031.6000,3031.8000,1,1,4,1,1,1,1,1,1,1
SF,IH2006,2019-12-27 09:34:17.200,3030.0000,6160,0,86303760.000,0,-,-,-,-,3029.8000,3028.8000,3027.2000,3026.0000,3025.6000,3030.8000,3031.0000,3031.2000,3031.6000,3031.8000,1,1,4,1,1,2,1,1,1,1
SF,IH2006,2019-12-27 09:34:18.200,3030.0000,6160,0,86303760.000,0,-,-,-,-,3029.8000,3028.8000,3027.2000,3026.0000,3025.6000,3030.8000,3031.0000,3031.6000,3031.8000,3032.0000,1,1,4,1,1,2,1,1,1,2
SF,IH2006,2019-12-27 09:34:24.700,3030.0000,6160,0,86303760.000,0,-,-,-,-,3029.8000,3028.8000,3027.2000,3026.0000,3025.6000,3030.8000,3031.0000,3031.6000,3031.8000,3032.0000,1,1,4,1,1,2,1,1,1,2
SF,IH2006,2019-12-27 09:34:25.700,3029.8000,6159,-1,87212700.000,1,0,1,双平,S,3028.8000,3027.2000,3026.0000,3025.6000,3023.8000,3030.8000,3031.0000,3031.6000,3031.8000,3032.0000,1,4,1,1,1,2,1,1,1,2
SF,IH2006,2019-12-27 09:34:26.200,3029.8000,6159,0,87212700.000,0,-,-,-,-,3029.0000,3028.8000,3027.2000,3026.0000,3025.6000,3030.8000,3031.0000,3031.6000,3031.8000,3032.0000,2,1,4,1,1,2,1,1,1,2
SF,IH2006,2019-12-27 09:34:26.700,3029.8000,6159,0,87212700.000,0,-,-,-,-,3029.2000,3029.0000,3028.8000,3027.2000,3026.0000,3030.6000,3030.8000,3031.0000,3031.6000,3031.8000,2,1,1,4,1,1,1,1,1,1
SF,IH2006,2019-12-27 09:34:27.200,3029.8000,6159,0,87212700.000,0,-,-,-,-,3029.4000,3029.2000,3028.8000,3027.2000,3026.0000,3030.6000,3031.0000,3031.6000,3031.8000,3032.0000,2,1,1,4,1,1,1,1,1,2
SF,IH2006,2019-12-27 09:34:27.700,3029.8000,6159,0,87212700.000,0,-,-,-,-,3029.4000,3028.8000,3027.2000,3026.0000,3025.6000,3030.4000,3030.6000,3031.0000,3031.6000,3031.8000,2,1,4,1,1,1,1,1,1,1
SF,IH2006,2019-12-27 09:34:28.200,3029.8000,6159,0,87212700.000,0,-,-,-,-,3029.4000,3028.8000,3027.2000,3026.0000,3025.6000,3030.4000,3030.6000,3031.0000,3031.6000,3031.8000,1,1,4,1,1,1,1,1,1,1
SF,IH2006,2019-12-27 09:34:28.700,3029.8000,6159,0,87212700.000,0,-,-,-,-,3029.4000,3027.2000,3026.0000,3025.6000,3023.8000,3030.2000,3030.4000,3031.0000,3031.6000,3031.8000,1,4,1,1,1,1,1,1,1,1
SF,IH2006,2019-12-27 09:34:29.200,3029.8000,6159,0,87212700.000,0,-,-,-,-,3027.2000,3026.0000,3025.6000,3023.8000,3023.6000,3030.0000,3030.2000,3030.4000,3031.0000,3031.6000,4,1,1,1,1,1,1,1,1,1
SF,IH2006,2019-12-27 09:34:29.700,3029.8000,6159,0,87212700.000,0,-,-,-,-,3027.4000,3027.2000,3026.0000,3025.6000,3023.8000,3030.0000,3030.4000,3031.0000,3031.6000,3031.8000,4,4,1,1,1,1,1,1,1,1
SF,IH2006,2019-12-27 09:34:30.200,3029.8000,6159,0,87212700.000,0,-,-,-,-,3027.6000,3027.4000,3027.2000,3026.0000,3025.6000,3029.8000,3030.0000,3031.0000,3031.6000,3031.8000,3,3,4,1,1,1,1,1,1,1
SF,IH2006,2019-12-27 09:34:30.700,3029.8000,6159,0,87212700.000,0,-,-,-,-,3027.8000,3027.6000,3027.4000,3027.2000,3026.0000,3031.0000,3031.6000,3031.8000,3032.0000,3032.8000,4,2,2,4,1,1,1,1,2,2
SF,IH2006,2019-12-27 09:34:31.200,3029.8000,6159,0,87212700.000,0,-,-,-,-,3028.0000,3027.8000,3027.6000,3027.4000,3027.2000,3030.8000,3031.0000,3031.6000,3031.8000,3032.0000,3,3,2,2,4,2,1,1,1,2
SF,IH2006,2019-12-27 09:34:31.700,3029.8000,6159,0,87212700.000,0,-,-,-,-,3028.2000,3028.0000,3027.8000,3027.6000,3027.4000,3030.8000,3031.0000,3031.6000,3031.8000,3032.0000,5,2,2,2,2,2,1,1,1,2
SF,IH2006,2019-12-27 09:34:32.200,3029.8000,6159,0,87212700.000,0,-,-,-,-,3028.4000,3028.2000,3028.0000,3027.8000,3027.6000,3030.8000,3031.0000,3031.6000,3031.8000,3032.0000,2,4,2,2,1,2,1,1,1,2
SF,IH2006,2019-12-27 09:34:32.700,3029.8000,6159,0,87212700.000,0,-,-,-,-,3028.6000,3028.4000,3028.2000,3028.0000,3027.8000,3030.8000,3031.0000,3031.6000,3031.8000,3032.0000,3,1,3,2,2,2,1,1,1,2
SF,IH2006,2019-12-27 09:34:33.200,3029.8000,6159,0,87212700.000,0,-,-,-,-,3028.8000,3028.6000,3028.4000,3028.2000,3028.0000,3030.8000,3031.0000,3031.6000,3031.8000,3032.0000,1,2,1,3,1,2,1,1,1,2
SF,IH2006,2019-12-27 09:34:33.700,3029.8000,6159,0,87212700.000,0,-,-,-,-,3029.0000,3028.6000,3028.4000,3028.2000,3028.0000,3030.8000,3031.0000,3031.6000,3031.8000,3032.0000,2,1,1,1,1,2,1,1,1,2
SF,IH2006,2019-12-27 09:34:34.200,3029.8000,6159,0,87212700.000,0,-,-,-,-,3029.0000,3028.6000,3028.4000,3028.0000,3027.8000,3030.6000,3030.8000,3031.0000,3031.6000,3031.8000,1,1,1,1,2,1,2,1,1,1
SF,IH2006,2019-12-27 09:34:34.700,3029.8000,6159,0,87212700.000,0,-,-,-,-,3029.0000,3028.6000,3028.4000,3028.0000,3027.8000,3030.4000,3030.6000,3031.0000,3031.6000,3031.8000,1,1,1,1,2,1,1,1,1,1
SF,IH2006,2019-12-27 09:34:35.200,3029.8000,6159,0,87212700.000,0,-,-,-,-,3029.2000,3029.0000,3028.6000,3028.4000,3028.0000,3030.4000,3031.0000,3031.6000,3031.8000,3032.0000,1,1,1,1,1,1,1,1,1,2
SF,IH2006,2019-12-27 09:34:35.700,3029.8000,6159,0,87212700.000,0,-,-,-,-,3029.4000,3029.2000,3028.6000,3028.4000,3028.0000,3031.0000,3031.6000,3031.8000,3032.0000,3032.8000,2,1,1,1,1,1,1,1,2,2
SF,IH2006,2019-12-27 09:34:36.200,3029.8000,6159,0,87212700.000,0,-,-,-,-,3028.6000,3028.4000,3028.0000,3027.8000,3027.4000,3030.8000,3031.0000,3031.6000,3031.8000,3032.0000,1,1,1,2,2,2,2,1,1,2
SF,IH2006,2019-12-27 09:34:36.700,3029.8000,6159,0,87212700.000,0,-,-,-,-,3028.8000,3028.6000,3028.4000,3028.0000,3027.8000,3030.8000,3031.0000,3031.6000,3031.8000,3032.0000,3,1,1,1,2,1,2,1,1,2
SF,IH2006,2019-12-27 09:34:37.200,3029.8000,6159,0,87212700.000,0,-,-,-,-,3029.0000,3028.8000,3028.6000,3028.4000,3028.0000,3030.6000,3030.8000,3031.0000,3031.6000,3031.8000,2,1,1,1,1,1,1,1,1,1
SF,IH2006,2019-12-27 09:34:37.700,3029.8000,6159,0,87212700.000,0,-,-,-,-,3029.2000,3029.0000,3028.6000,3028.4000,3028.0000,3031.0000,3031.6000,3031.8000,3032.0000,3032.8000,2,1,1,1,1,1,1,1,2,2
SF,IH2006,2019-12-27 09:34:38.200,3029.8000,6159,0,87212700.000,0,-,-,-,-,3029.4000,3029.2000,3028.4000,3028.0000,3027.8000,3030.8000,3031.0000,3031.8000,3032.0000,3032.8000,1,1,1,1,2,2,1,1,2,2
SF,IH2006,2019-12-27 09:34:39.200,3029.8000,6159,0,87212700.000,0,-,-,-,-,3029.6000,3029.4000,3029.2000,3028.4000,3028.0000,3030.8000,3031.0000,3031.8000,3032.0000,3032.8000,1,1,1,1,1,1,1,1,3,2
SF,IH2006,2019-12-27 09:34:40.700,3029.8000,6159,0,87212700.000,0,-,-,-,-,3029.6000,3029.4000,3029.2000,3028.4000,3028.0000,3030.6000,3030.8000,3031.0000,3031.8000,3032.0000,1,1,1,1,1,1,1,1,1,3
SF,IH2006,2019-12-27 09:34:42.200,3029.8000,6159,0,87212700.000,0,-,-,-,-,3029.8000,3029.6000,3029.2000,3028.4000,3028.0000,3030.8000,3031.0000,3031.8000,3032.0000,3032.8000,1,1,1,1,1,1,1,1,3,2
SF,IH2006,2019-12-27 09:34:42.700,3029.8000,6159,0,87212700.000,0,-,-,-,-,3030.0000,3029.8000,3029.6000,3028.4000,3028.0000,3031.0000,3031.8000,3032.0000,3032.8000,3033.0000,2,1,1,1,1,1,1,3,2,3
SF,IH2006,2019-12-27 09:34:49.700,3031.0000,6159,0,88122000.000,1,0,1,多换,S,3030.0000,3029.8000,3029.6000,3028.4000,3028.0000,3031.8000,3032.0000,3032.8000,3033.0000,3034.8000,2,1,1,1,1,1,2,2,3,1
SF,IH2006,2019-12-27 09:34:50.200,3031.0000,6159,0,88122000.000,0,-,-,-,-,3030.0000,3029.8000,3029.6000,3028.4000,3028.0000,3031.6000,3031.8000,3032.0000,3032.8000,3033.0000,2,1,1,1,1,2,1,2,2,3
SF,IH2006,2019-12-27 09:34:50.700,3030.0000,6158,-1,89031000.000,1,0,1,双平,S,3030.0000,3029.8000,3029.6000,3028.4000,3028.0000,3031.6000,3031.8000,3032.0000,3032.8000,3033.0000,1,1,1,1,1,2,1,2,2,3
SF,IH2006,2019-12-27 09:34:52.700,3030.0000,6158,0,89031000.000,0,-,-,-,-,3030.2000,3030.0000,3029.6000,3028.4000,3028.0000,3031.6000,3031.8000,3032.0000,3032.8000,3033.0000,1,1,1,1,1,2,1,2,2,3
SF,IH2006,2019-12-27 09:34:53.200,3030.0000,6158,0,89031000.000,0,-,-,-,-,3028.4000,3028.0000,3027.8000,3027.4000,3027.2000,3031.4000,3031.6000,3031.8000,3032.0000,3032.6000,1,1,2,2,4,1,2,1,2,1
SF,IH2006,2019-12-27 09:34:53.700,3030.0000,6158,0,89031000.000,0,-,-,-,-,3028.6000,3028.4000,3028.0000,3027.8000,3027.4000,3031.4000,3031.8000,3032.0000,3032.6000,3032.8000,4,1,1,2,2,1,1,2,1,2
SF,IH2006,2019-12-27 09:34:54.200,3030.0000,6158,0,89031000.000,0,-,-,-,-,3028.8000,3028.6000,3028.4000,3027.8000,3027.4000,3031.2000,3031.8000,3032.0000,3032.6000,3032.8000,2,3,1,2,2,1,1,2,1,2
SF,IH2006,2019-12-27 09:34:54.700,3030.0000,6158,0,89031000.000,0,-,-,-,-,3029.0000,3028.8000,3028.6000,3028.4000,3027.8000,3031.2000,3031.8000,3032.0000,3032.6000,3032.8000,2,1,2,1,2,1,1,2,1,2
SF,IH2006,2019-12-27 09:34:55.200,3030.0000,6158,0,89031000.000,0,-,-,-,-,3029.2000,3029.0000,3028.8000,3028.6000,3028.4000,3031.2000,3031.8000,3032.0000,3032.6000,3032.8000,1,1,1,2,1,2,1,2,1,2
SF,IH2006,2019-12-27 09:34:55.700,3030.0000,6158,0,89031000.000,0,-,-,-,-,3029.4000,3028.8000,3028.6000,3028.4000,3027.8000,3031.2000,3031.8000,3032.0000,3032.6000,3032.8000,2,1,2,1,2,2,1,2,1,2
SF,IH2006,2019-12-27 09:34:56.200,3030.0000,6158,0,89031000.000,0,-,-,-,-,3029.6000,3029.4000,3028.8000,3028.6000,3028.4000,3031.2000,3031.8000,3032.0000,3032.6000,3032.8000,1,1,1,2,1,2,1,2,1,2
SF,IH2006,2019-12-27 09:34:56.700,3030.0000,6158,0,89031000.000,0,-,-,-,-,3029.4000,3028.8000,3028.6000,3028.4000,3027.8000,3031.0000,3031.2000,3031.8000,3032.0000,3032.6000,1,1,2,1,2,1,2,1,2,1
SF,IH2006,2019-12-27 09:34:57.200,3030.0000,6158,0,89031000.000,0,-,-,-,-,3028.8000,3028.4000,3027.8000,3027.4000,3027.2000,3030.8000,3031.0000,3031.8000,3032.0000,3032.6000,1,1,2,2,4,1,2,1,2,1
SF,IH2006,2019-12-27 09:34:57.700,3030.0000,6158,0,89031000.000,0,-,-,-,-,3029.0000,3028.8000,3028.4000,3027.8000,3027.4000,3030.6000,3030.8000,3031.0000,3031.8000,3032.0000,2,1,1,2,2,1,1,1,1,2
SF,IH2006,2019-12-27 09:34:58.200,3030.0000,6158,0,89031000.000,0,-,-,-,-,3029.0000,3028.4000,3027.8000,3027.4000,3027.2000,3030.4000,3030.6000,3031.8000,3032.0000,3032.6000,2,1,2,2,4,1,1,1,2,1
SF,IH2006,2019-12-27 09:34:58.700,3030.0000,6158,0,89031000.000,0,-,-,-,-,3029.2000,3029.0000,3028.4000,3027.8000,3027.4000,3030.6000,3031.8000,3032.0000,3032.6000,3032.8000,1,1,1,2,2,1,1,2,1,2
SF,IH2006,2019-12-27 09:34:59.200,3030.0000,6158,0,89031000.000,0,-,-,-,-,3029.0000,3028.4000,3027.8000,3027.4000,3027.2000,3030.4000,3031.8000,3032.0000,3032.6000,3032.8000,1,1,2,2,4,1,1,2,1,2
SF,IH2006,2019-12-27 09:35:01.200,3030.0000,6158,0,89031000.000,0,-,-,-,-,3029.2000,3029.0000,3028.4000,3027.8000,3027.4000,3030.4000,3031.8000,3032.0000,3032.6000,3032.8000,1,1,1,2,2,1,1,2,1,2
SF,IH2006,2019-12-27 09:35:01.700,3030.0000,6158,0,89031000.000,0,-,-,-,-,3029.4000,3028.4000,3027.8000,3027.4000,3027.2000,3031.8000,3032.0000,3032.6000,3032.8000,3033.0000,2,1,2,2,4,1,2,1,2,3
SF,IH2006,2019-12-27 09:35:02.200,3030.0000,6158,0,89031000.000,0,-,-,-,-,3029.4000,3028.4000,3027.8000,3027.4000,3027.2000,3031.6000,3031.8000,3032.0000,3032.6000,3032.8000,2,1,2,2,4,3,1,2,1,2
SF,IH2006,2019-12-27 09:35:02.700,3030.0000,6158,0,89031000.000,0,-,-,-,-,3029.4000,3028.4000,3027.8000,3027.4000,3027.2000,3031.4000,3031.6000,3031.8000,3032.0000,3032.6000,2,1,2,2,4,1,3,1,2,1
SF,IH2006,2019-12-27 09:35:03.200,3030.0000,6158,0,89031000.000,0,-,-,-,-,3029.4000,3028.4000,3027.8000,3027.4000,3027.2000,3031.2000,3031.4000,3031.6000,3031.8000,3032.0000,2,1,2,2,4,2,2,1,1,2
SF,IH2006,2019-12-27 09:35:03.700,3030.0000,6158,0,89031000.000,0,-,-,-,-,3029.4000,3029.2000,3028.4000,3027.8000,3027.4000,3031.0000,3031.2000,3031.4000,3031.6000,3031.8000,2,1,1,2,2,1,2,1,1,1
SF,IH2006,2019-12-27 09:35:04.200,3030.0000,6158,0,89031000.000,0,-,-,-,-,3029.4000,3029.2000,3028.4000,3027.8000,3027.4000,3030.8000,3031.0000,3031.2000,3031.4000,3031.8000,2,1,1,2,2,2,1,2,1,1
SF,IH2006,2019-12-27 09:35:04.700,3030.0000,6158,0,89031000.000,0,-,-,-,-,3029.6000,3029.4000,3029.2000,3028.4000,3027.8000,3030.8000,3031.2000,3031.4000,3031.8000,3032.0000,1,1,1,1,2,2,1,1,1,2
SF,IH2006,2019-12-27 09:35:05.200,3030.0000,6158,0,89031000.000,0,-,-,-,-,3029.6000,3029.4000,3029.2000,3028.4000,3027.8000,3030.8000,3031.2000,3031.4000,3031.8000,3032.0000,1,1,1,1,2,1,1,1,1,2
SF,IH2006,2019-12-27 09:35:05.700,3030.0000,6158,0,89031000.000,0,-,-,-,-,3029.8000,3029.6000,3029.2000,3028.4000,3027.8000,3030.8000,3031.2000,3031.4000,3031.8000,3032.0000,1,1,1,1,2,1,1,1,1,2
SF,IH2006,2019-12-27 09:35:06.200,3030.8000,6158,0,89940240.000,1,0,1,多换,S,3030.8000,3030.0000,3029.8000,3029.2000,3028.4000,3031.4000,3031.8000,3032.0000,3032.6000,3032.8000,1,1,1,1,1,1,1,2,1,2
SF,IH2006,2019-12-27 09:35:06.700,3030.8000,6157,-1,90849480.000,1,0,1,双平,S,3030.0000,3029.8000,3029.2000,3028.4000,3027.8000,3031.8000,3032.0000,3032.6000,3032.8000,3033.0000,1,1,1,1,2,1,2,1,2,3
SF,IH2006,2019-12-27 09:35:07.200,3030.8000,6157,0,90849480.000,0,-,-,-,-,3030.2000,3029.2000,3028.4000,3027.8000,3027.4000,3032.0000,3032.6000,3032.8000,3033.0000,3034.8000,3,1,1,2,2,2,1,2,3,1
SF,IH2006,2019-12-27 09:35:07.700,3030.8000,6157,0,90849480.000,0,-,-,-,-,3030.4000,3030.2000,3029.2000,3028.4000,3027.8000,3031.8000,3032.0000,3032.6000,3032.8000,3033.0000,1,2,1,1,2,2,2,1,2,3
SF,IH2006,2019-12-27 09:35:08.200,3030.8000,6157,0,90849480.000,0,-,-,-,-,3030.6000,3029.2000,3028.4000,3027.8000,3027.4000,3031.8000,3032.0000,3032.8000,3033.0000,3034.8000,2,1,1,2,2,2,2,2,3,1
SF,IH2006,2019-12-27 09:35:08.700,3030.8000,6157,0,90849480.000,0,-,-,-,-,3030.8000,3030.6000,3029.2000,3028.4000,3027.8000,3032.0000,3032.8000,3033.0000,3034.8000,3035.2000,1,2,1,1,2,2,2,3,1,1
SF,IH2006,2019-12-27 09:35:09.200,3030.8000,6157,0,90849480.000,0,-,-,-,-,3031.0000,3030.6000,3029.2000,3028.4000,3027.8000,3032.0000,3032.8000,3033.0000,3034.8000,3035.2000,1,1,1,1,2,2,2,3,1,1
SF,IH2006,2019-12-27 09:35:09.700,3030.8000,6157,0,90849480.000,0,-,-,-,-,3031.2000,3029.2000,3028.4000,3027.8000,3027.4000,3032.0000,3032.8000,3033.0000,3034.8000,3035.2000,3,1,1,2,2,2,2,3,1,1
SF,IH2006,2019-12-27 09:35:10.200,3030.8000,6157,0,90849480.000,0,-,-,-,-,3029.2000,3028.4000,3027.8000,3027.4000,3027.2000,3031.8000,3032.0000,3032.8000,3033.0000,3034.8000,1,1,2,2,4,2,2,2,3,1
SF,IH2006,2019-12-27 09:35:10.700,3030.8000,6157,0,90849480.000,0,-,-,-,-,3029.4000,3029.2000,3028.4000,3027.8000,3027.4000,3031.8000,3032.0000,3032.8000,3033.0000,3034.8000,4,1,1,2,2,2,2,2,3,1
SF,IH2006,2019-12-27 09:35:11.200,3030.8000,6157,0,90849480.000,0,-,-,-,-,3029.6000,3029.4000,3028.4000,3027.8000,3027.4000,3032.0000,3032.8000,3033.0000,3034.8000,3035.2000,2,3,1,2,2,2,2,3,1,1
SF,IH2006,2019-12-27 09:35:11.700,3030.8000,6157,0,90849480.000,0,-,-,-,-,3029.8000,3029.6000,3029.4000,3028.4000,3027.8000,3032.0000,3032.8000,3033.0000,3034.8000,3035.2000,4,1,1,1,2,2,2,3,1,1
SF,IH2006,2019-12-27 09:35:12.200,3030.8000,6157,0,90849480.000,0,-,-,-,-,3030.0000,3029.8000,3029.6000,3029.4000,3027.8000,3031.8000,3032.0000,3032.8000,3033.0000,3034.2000,3,3,1,1,2,2,2,2,3,1
SF,IH2006,2019-12-27 09:35:12.700,3030.8000,6157,0,90849480.000,0,-,-,-,-,3030.2000,3030.0000,3029.8000,3029.6000,3029.4000,3031.8000,3032.0000,3032.8000,3033.0000,3034.2000,3,2,2,1,1,2,2,2,3,1
SF,IH2006,2019-12-27 09:35:13.200,3030.8000,6157,0,90849480.000,0,-,-,-,-,3030.4000,3030.2000,3030.0000,3029.8000,3029.4000,3032.0000,3032.8000,3033.0000,3034.2000,3034.8000,2,2,1,2,1,2,2,3,1,1
SF,IH2006,2019-12-27 09:35:13.700,3030.6000,6156,-1,91758660.000,1,0,1,双平,S,3030.6000,3030.4000,3030.2000,3030.0000,3029.8000,3031.8000,3032.0000,3032.8000,3033.0000,3034.2000,2,1,1,1,2,2,2,2,3,1
SF,IH2006,2019-12-27 09:35:14.700,3030.6000,6156,0,91758660.000,0,-,-,-,-,3030.6000,3030.4000,3030.2000,3030.0000,3029.8000,3032.0000,3032.8000,3033.0000,3034.2000,3034.8000,2,1,1,1,2,2,2,3,1,1
SF,IH2006,2019-12-27 09:35:15.200,3030.6000,6156,0,91758660.000,0,-,-,-,-,3030.8000,3030.6000,3030.4000,3030.2000,3030.0000,3032.0000,3032.8000,3033.0000,3034.2000,3034.8000,1,2,1,1,1,2,2,3,1,1
SF,IH2006,2019-12-27 09:35:15.700,3030.6000,6156,0,91758660.000,0,-,-,-,-,3031.0000,3030.8000,3030.4000,3030.2000,3030.0000,3032.0000,3032.8000,3033.0000,3034.2000,3034.8000,2,1,1,1,1,2,2,3,1,1
SF,IH2006,2019-12-27 09:35:16.200,3030.6000,6156,0,91758660.000,0,-,-,-,-,3031.0000,3030.8000,3030.4000,3030.2000,3030.0000,3031.8000,3032.0000,3032.8000,3033.0000,3034.2000,2,1,1,1,1,2,2,2,3,1
SF,IH2006,2019-12-27 09:35:17.200,3032.0000,6152,-4,95396940.000,4,0,4,双平,S,3031.2000,3031.0000,3030.8000,3030.4000,3030.2000,3032.8000,3033.0000,3034.2000,3034.8000,3035.2000,2,2,1,1,1,2,3,1,1,1
SF,IH2006,2019-12-27 09:35:17.700,3032.0000,6152,0,95396940.000,0,-,-,-,-,3031.4000,3031.2000,3030.4000,3030.2000,3029.8000,3032.8000,3033.0000,3034.8000,3035.2000,3036.8000,3,2,1,1,2,2,3,1,1,6
SF,IH2006,2019-12-27 09:35:18.200,3032.0000,6152,0,95396940.000,0,-,-,-,-,3031.4000,3031.2000,3030.4000,3030.2000,3029.8000,3032.8000,3033.0000,3034.8000,3035.2000,3038.0000,4,3,1,1,2,2,3,1,1,1
SF,IH2006,2019-12-27 09:35:18.700,3032.8000,6151,-1,96306780.000,1,0,1,双平,S,3031.8000,3031.6000,3031.4000,3031.2000,3030.2000,3032.8000,3033.0000,3034.8000,3035.2000,3038.0000,1,2,3,3,1,1,3,1,1,1
SF,IH2006,2019-12-27 09:35:19.200,3032.8000,6150,-1,97216620.000,1,0,1,双平,S,3032.0000,3031.8000,3031.6000,3031.2000,3030.2000,3032.8000,3033.0000,3034.8000,3035.2000,3038.0000,2,1,2,3,1,1,3,1,1,1
SF,IH2006,2019-12-27 09:35:19.700,3032.8000,6150,0,97216620.000,0,-,-,-,-,3032.0000,3031.8000,3031.6000,3031.2000,3030.2000,3032.8000,3033.0000,3034.8000,3035.2000,3038.0000,2,1,1,2,1,1,3,1,1,1
SF,IH2006,2019-12-27 09:35:20.200,3032.8000,6150,0,97216620.000,0,-,-,-,-,3032.0000,3031.8000,3031.6000,3031.2000,3030.2000,3032.8000,3033.0000,3034.8000,3035.2000,3038.0000,2,1,1,2,1,2,3,1,1,1
SF,IH2006,2019-12-27 09:35:20.700,3032.8000,6150,0,97216620.000,0,-,-,-,-,3032.0000,3031.8000,3031.6000,3031.2000,3030.2000,3032.8000,3033.0000,3034.8000,3035.2000,3038.0000,2,1,1,2,1,2,3,1,1,1
SF,IH2006,2019-12-27 09:35:21.200,3032.8000,6150,0,97216620.000,0,-,-,-,-,3032.2000,3032.0000,3031.8000,3031.6000,3031.2000,3032.8000,3033.0000,3034.8000,3035.2000,3038.0000,1,2,1,1,2,1,3,1,1,1
SF,IH2006,2019-12-27 09:35:21.700,3032.8000,6150,0,97216620.000,0,-,-,-,-,3032.2000,3032.0000,3031.8000,3031.6000,3031.2000,3032.8000,3033.0000,3034.8000,3035.2000,3038.0000,1,1,1,1,2,1,3,1,1,1
SF,IH2006,2019-12-27 09:35:22.200,3032.8000,6150,0,97216620.000,0,-,-,-,-,3032.2000,3032.0000,3031.8000,3031.6000,3031.2000,3032.8000,3033.0000,3034.8000,3035.2000,3038.0000,1,1,1,1,2,1,3,1,1,1
SF,IH2006,2019-12-27 09:35:22.700,3032.8000,6150,0,97216620.000,0,-,-,-,-,3032.4000,3032.0000,3031.8000,3031.6000,3031.2000,3032.8000,3033.0000,3034.8000,3035.2000,3038.0000,1,1,1,1,2,1,3,1,1,1
SF,IH2006,2019-12-27 09:35:23.200,3032.8000,6149,-1,99945900.000,3,1,2,多平,S,3032.0000,3031.6000,3031.2000,3030.2000,3029.8000,3033.0000,3034.8000,3035.2000,3038.0000,3039.0000,1,1,2,1,2,3,1,1,1,1
SF,IH2006,2019-12-27 09:35:23.700,3032.8000,6149,0,99945900.000,0,-,-,-,-,3032.2000,3032.0000,3031.6000,3031.2000,3030.2000,3033.0000,3034.8000,3035.2000,3038.0000,3039.0000,1,1,1,2,1,3,1,1,1,1
SF,IH2006,2019-12-27 09:35:24.200,3032.8000,6149,0,99945900.000,0,-,-,-,-,3032.2000,3032.0000,3031.6000,3031.2000,3030.2000,3033.0000,3034.8000,3035.2000,3038.0000,3039.0000,1,1,1,2,1,3,1,1,1,1
SF,IH2006,2019-12-27 09:35:24.700,3032.8000,6149,0,99945900.000,0,-,-,-,-,3032.0000,3031.6000,3031.2000,3030.2000,3029.8000,3033.0000,3034.8000,3035.2000,3038.0000,3039.0000,1,1,2,1,2,3,1,1,1,1
SF,IH2006,2019-12-27 09:35:25.200,3032.8000,6149,0,99945900.000,0,-,-,-,-,3032.0000,3031.6000,3031.2000,3030.2000,3029.8000,3032.8000,3033.0000,3034.8000,3035.2000,3038.0000,1,1,2,1,2,1,3,1,1,1
SF,IH2006,2019-12-27 09:35:25.700,3032.8000,6149,0,99945900.000,0,-,-,-,-,3031.6000,3031.2000,3030.2000,3029.8000,3029.4000,3032.0000,3032.8000,3033.0000,3034.8000,3035.2000,1,2,1,2,1,1,1,3,1,1
SF,IH2006,2019-12-27 09:35:26.200,3031.8000,6148,-1,100855440.000,1,0,1,双平,S,3030.2000,3029.8000,3029.4000,3027.8000,3027.4000,3032.0000,3032.8000,3033.0000,3034.8000,3035.2000,1,2,1,2,2,1,1,3,1,1
SF,IH2006,2019-12-27 09:35:26.700,3031.8000,6148,0,100855440.000,0,-,-,-,-,3030.4000,3030.2000,3029.8000,3029.4000,3027.8000,3031.8000,3032.0000,3032.8000,3033.0000,3034.8000,3,1,2,1,2,1,1,1,3,1
SF,IH2006,2019-12-27 09:35:27.200,3031.8000,6148,0,100855440.000,0,-,-,-,-,3030.4000,3029.4000,3027.8000,3027.4000,3027.2000,3031.8000,3032.0000,3032.8000,3033.0000,3034.8000,1,1,2,2,4,1,1,1,3,1
SF,IH2006,2019-12-27 09:35:27.700,3031.8000,6148,0,100855440.000,0,-,-,-,-,3030.6000,3030.4000,3029.4000,3027.8000,3027.4000,3031.8000,3032.0000,3033.0000,3034.8000,3035.2000,1,1,1,2,2,1,1,3,1,1
SF,IH2006,2019-12-27 09:35:28.200,3031.8000,6148,0,100855440.000,0,-,-,-,-,3030.8000,3030.6000,3029.4000,3027.8000,3027.4000,3032.0000,3033.0000,3034.8000,3035.2000,3038.0000,1,1,1,2,2,1,3,1,1,1
SF,IH2006,2019-12-27 09:35:28.700,3031.8000,6148,0,100855440.000,0,-,-,-,-,3031.0000,3030.6000,3027.8000,3027.4000,3027.2000,3031.8000,3032.0000,3033.0000,3034.8000,3035.2000,1,1,2,2,4,1,1,3,1,1
SF,IH2006,2019-12-27 09:35:29.200,3031.0000,6147,-1,101764740.000,1,0,1,双平,S,3030.6000,3027.8000,3027.4000,3027.2000,3027.0000,3031.8000,3032.0000,3033.0000,3034.8000,3035.2000,1,2,2,4,1,1,1,3,1,1
SF,IH2006,2019-12-27 09:35:29.700,3031.0000,6147,0,101764740.000,0,-,-,-,-,3030.6000,3027.8000,3027.4000,3027.2000,3027.0000,3031.6000,3031.8000,3032.0000,3033.0000,3034.8000,1,2,2,4,1,2,1,1,3,1
SF,IH2006,2019-12-27 09:35:30.700,3031.0000,6147,0,101764740.000,0,-,-,-,-,3030.6000,3027.8000,3027.4000,3027.2000,3027.0000,3031.4000,3031.6000,3031.8000,3032.0000,3033.0000,1,2,2,4,1,1,1,1,1,3
SF,IH2006,2019-12-27 09:35:31.200,3031.0000,6147,0,101764740.000,0,-,-,-,-,3027.8000,3027.4000,3027.2000,3026.0000,3025.6000,3031.4000,3031.6000,3031.8000,3032.0000,3033.0000,2,2,4,1,1,1,1,1,1,3
SF,IH2006,2019-12-27 09:35:31.700,3031.0000,6147,0,101764740.000,0,-,-,-,-,3028.2000,3028.0000,3027.8000,3027.4000,3027.2000,3031.2000,3031.4000,3031.6000,3032.0000,3033.0000,1,4,2,2,4,1,1,1,1,3
