市场代码,合约代码,时间,最新,持仓,增仓,成交额,成交量,开仓,平仓,成交类型,方向,买一价,买二价,买三价,买四价,买五价,卖一价,卖二价,卖三价,卖四价,卖五价,买一量,买二量,买三量,买四量,买五量,卖一量,卖二量,卖三量,卖四量,卖五量
SF,IH2006,2019-11-20 09:29:00.000,2979.2000,1880,0,893760.000,1.000,-,-,-,-,2974.0000,2972.0000,2971.6000,2968.6000,2965.8000,2979.2000,2980.2000,2984.0000,2985.0000,2990.0000,1,1,1,1,2,1,1,2,2,1
SF,IH2006,2019-11-20 09:30:00.500,2979.2000,1880,0,893760.000,0,-,-,-,-,2974.0000,2972.0000,2968.6000,2965.8000,2961.8000,2984.0000,2985.0000,2985.2000,2990.0000,2997.0000,1,1,1,1,1,2,1,1,1,3
SF,IH2006,2019-11-20 09:30:01.000,2979.2000,1880,0,893760.000,0,-,-,-,-,2974.8000,2974.4000,2974.2000,2974.0000,2972.0000,2979.8000,2982.0000,2982.4000,2983.8000,2984.0000,1,3,2,1,1,1,3,3,1,2
SF,IH2006,2019-11-20 09:30:01.500,2979.2000,1880,0,893760.000,0,-,-,-,-,2975.0000,2974.8000,2974.2000,2974.0000,2972.0000,2979.6000,2979.8000,2982.0000,2982.4000,2983.8000,2,1,2,1,1,2,1,3,8,1
SF,IH2006,2019-11-20 09:30:02.000,2979.2000,1880,0,893760.000,0,-,-,-,-,2975.2000,2975.0000,2974.8000,2974.2000,2974.0000,2979.6000,2979.8000,2982.0000,2982.4000,2983.8000,2,2,1,2,1,2,1,3,8,1
SF,IH2006,2019-11-20 09:30:02.500,2979.2000,1880,0,893760.000,0,-,-,-,-,2975.4000,2975.2000,2975.0000,2974.8000,2974.2000,2979.6000,2979.8000,2982.0000,2982.4000,2983.8000,2,2,2,1,2,2,1,3,8,1
SF,IH2006,2019-11-20 09:30:03.000,2979.2000,1880,0,893760.000,0,-,-,-,-,2975.6000,2975.4000,2975.0000,2974.8000,2974.2000,2979.6000,2979.8000,2982.0000,2982.4000,2983.8000,1,2,2,1,2,2,1,3,8,1
SF,IH2006,2019-11-20 09:30:03.500,2979.2000,1880,0,893760.000,0,-,-,-,-,2975.8000,2975.6000,2975.4000,2975.0000,2974.8000,2979.6000,2979.8000,2982.0000,2982.4000,2983.8000,1,1,2,2,1,2,1,3,8,1
SF,IH2006,2019-11-20 09:30:04.000,2979.2000,1880,0,893760.000,0,-,-,-,-,2976.0000,2975.4000,2975.0000,2974.8000,2974.2000,2979.6000,2979.8000,2982.0000,2982.4000,2983.8000,1,2,2,1,2,2,1,3,8,1
SF,IH2006,2019-11-20 09:30:04.500,2979.2000,1880,0,893760.000,0,-,-,-,-,2976.0000,2975.0000,2974.8000,2974.2000,2974.0000,2979.6000,2979.8000,2982.0000,2982.4000,2983.8000,1,2,1,2,1,2,1,3,8,1
SF,IH2006,2019-11-20 09:30:07.000,2979.2000,1880,0,893760.000,0,-,-,-,-,2976.0000,2975.0000,2974.8000,2974.2000,2974.0000,2979.6000,2979.8000,2982.0000,2982.4000,2983.8000,1,2,1,2,1,2,1,3,8,1
SF,IH2006,2019-11-20 09:30:07.500,2979.2000,1880,0,893760.000,0,-,-,-,-,2976.2000,2976.0000,2975.0000,2974.8000,2974.2000,2979.6000,2979.8000,2981.0000,2982.0000,2982.4000,1,1,2,1,2,2,1,1,3,8
SF,IH2006,2019-11-20 09:30:08.000,2979.2000,1880,0,893760.000,0,-,-,-,-,2976.4000,2975.0000,2974.8000,2974.2000,2974.0000,2979.6000,2979.8000,2981.0000,2982.0000,2982.4000,1,2,1,2,1,2,1,1,3,8
SF,IH2006,2019-11-20 09:30:08.500,2979.2000,1880,0,893760.000,0,-,-,-,-,2976.4000,2975.0000,2974.8000,2974.2000,2974.0000,2979.2000,2979.6000,2979.8000,2981.0000,2982.0000,1,2,1,2,1,1,2,1,1,3
SF,IH2006,2019-11-20 09:30:09.000,2979.2000,1880,0,893760.000,0,-,-,-,-,2976.4000,2975.0000,2974.8000,2974.2000,2974.0000,2979.0000,2979.2000,2979.6000,2979.8000,2981.0000,1,2,1,2,1,1,1,1,1,1
SF,IH2006,2019-11-20 09:30:10.500,2979.2000,1880,0,893760.000,0,-,-,-,-,2976.6000,2976.4000,2975.0000,2974.8000,2974.2000,2979.0000,2979.2000,2979.6000,2981.0000,2982.0000,1,1,2,1,2,1,1,1,1,3
SF,IH2006,2019-11-20 09:30:11.000,2979.2000,1879,-1,1787520.000,1,0,1,双平,S,2979.0000,2976.8000,2976.6000,2975.0000,2974.8000,2979.6000,2981.0000,2982.0000,2982.4000,2984.0000,1,2,1,2,1,1,1,3,5,1
SF,IH2006,2019-11-20 09:30:11.500,2979.2000,1877,-2,3575040.000,2,0,2,双平,S,2979.2000,2979.0000,2976.6000,2975.0000,2974.8000,2981.0000,2982.0000,2984.0000,2985.0000,2985.2000,2,1,1,2,1,1,3,1,1,1
SF,IH2006,2019-11-20 09:30:12.000,2979.2000,1877,0,3575040.000,0,-,-,-,-,2979.2000,2979.0000,2976.6000,2975.0000,2974.8000,2980.8000,2981.0000,2982.0000,2984.0000,2985.0000,1,1,1,2,1,1,1,3,1,1
SF,IH2006,2019-11-20 09:30:12.500,2979.2000,1876,-1,4468800.000,1,0,1,双平,S,2976.6000,2975.0000,2974.8000,2974.2000,2974.0000,2980.6000,2980.8000,2981.0000,2982.0000,2984.0000,1,2,1,2,1,1,1,1,3,1
SF,IH2006,2019-11-20 09:30:13.000,2979.2000,1876,0,4468800.000,0,-,-,-,-,2976.8000,2976.6000,2975.0000,2974.8000,2974.2000,2980.4000,2980.6000,2980.8000,2981.0000,2982.0000,2,1,2,1,2,1,1,1,1,3
SF,IH2006,2019-11-20 09:30:13.500,2979.2000,1876,0,4468800.000,0,-,-,-,-,2976.8000,2976.6000,2975.0000,2974.8000,2974.2000,2980.2000,2980.4000,2980.8000,2981.0000,2982.0000,2,1,2,1,2,1,1,1,1,3
SF,IH2006,2019-11-20 09:30:14.000,2979.2000,1876,0,4468800.000,0,-,-,-,-,2977.0000,2976.8000,2976.6000,2975.0000,2974.8000,2980.0000,2980.2000,2980.4000,2980.8000,2981.0000,1,2,1,2,1,1,1,1,1,1
SF,IH2006,2019-11-20 09:30:14.500,2979.2000,1876,0,4468800.000,0,-,-,-,-,2977.2000,2976.6000,2975.0000,2974.8000,2974.2000,2980.0000,2980.4000,2980.8000,2981.0000,2982.0000,1,1,3,1,2,1,1,1,1,3
SF,IH2006,2019-11-20 09:30:15.000,2979.2000,1876,0,4468800.000,0,-,-,-,-,2977.2000,2976.6000,2975.0000,2974.8000,2974.2000,2979.8000,2980.0000,2980.4000,2980.8000,2981.0000,1,1,3,1,2,2,1,1,1,1
SF,IH2006,2019-11-20 09:30:15.500,2979.2000,1876,0,4468800.000,0,-,-,-,-,2977.2000,2976.6000,2975.0000,2974.8000,2974.2000,2979.6000,2979.8000,2980.0000,2980.4000,2980.8000,1,1,3,1,2,1,2,1,1,1
SF,IH2006,2019-11-20 09:30:16.000,2979.2000,1876,0,4468800.000,0,-,-,-,-,2977.2000,2975.0000,2974.8000,2974.2000,2974.0000,2979.6000,2979.8000,2980.0000,2980.4000,2980.8000,1,3,1,2,1,1,1,1,1,1
SF,IH2006,2019-11-20 09:30:16.500,2979.2000,1876,0,4468800.000,0,-,-,-,-,2977.2000,2975.0000,2974.8000,2974.2000,2974.0000,2979.4000,2979.6000,2979.8000,2980.0000,2980.4000,1,3,1,2,1,1,1,1,1,1
SF,IH2006,2019-11-20 09:30:17.000,2979.2000,1876,0,4468800.000,0,-,-,-,-,2977.2000,2975.0000,2974.8000,2974.2000,2974.0000,2979.2000,2979.4000,2979.6000,2979.8000,2980.0000,1,3,1,2,1,1,1,1,1,1
SF,IH2006,2019-11-20 09:30:17.500,2979.2000,1876,0,4468800.000,0,-,-,-,-,2977.2000,2975.0000,2974.8000,2974.2000,2974.0000,2979.2000,2979.6000,2979.8000,2980.0000,2980.4000,1,3,1,2,1,1,1,1,1,1
SF,IH2006,2019-11-20 09:30:18.000,2979.2000,1876,0,4468800.000,0,-,-,-,-,2975.0000,2974.8000,2974.2000,2974.0000,2969.6000,2977.2000,2979.0000,2979.2000,2979.6000,2979.8000,3,1,2,1,5,1,1,1,1,1
SF,IH2006,2019-11-20 09:30:18.500,2977.2000,1875,-1,5361960.000,1,0,1,双平,S,2975.2000,2975.0000,2974.8000,2974.2000,2974.0000,2979.2000,2979.6000,2979.8000,2980.0000,2980.4000,3,3,1,2,1,1,1,1,1,1
SF,IH2006,2019-11-20 09:30:19.000,2977.2000,1875,0,5361960.000,0,-,-,-,-,2975.2000,2975.0000,2974.8000,2974.2000,2974.0000,2979.0000,2979.2000,2979.6000,2979.8000,2980.0000,4,3,1,2,1,1,1,1,1,1
SF,IH2006,2019-11-20 09:30:19.500,2977.2000,1875,0,5361960.000,0,-,-,-,-,2975.0000,2974.8000,2974.2000,2974.0000,2969.6000,2978.8000,2979.0000,2979.2000,2979.6000,2979.8000,3,1,2,1,5,1,1,1,1,1
SF,IH2006,2019-11-20 09:30:20.000,2977.2000,1875,0,5361960.000,0,-,-,-,-,2975.2000,2975.0000,2974.8000,2974.2000,2974.0000,2978.8000,2979.2000,2979.6000,2979.8000,2980.0000,3,3,1,2,1,1,1,1,1,1
SF,IH2006,2019-11-20 09:30:20.500,2977.2000,1875,0,5361960.000,0,-,-,-,-,2975.2000,2975.0000,2974.8000,2974.2000,2974.0000,2978.8000,2979.2000,2979.6000,2979.8000,2980.0000,4,3,1,2,1,1,1,1,1,1
SF,IH2006,2019-11-20 09:30:21.500,2977.2000,1875,0,5361960.000,0,-,-,-,-,2975.2000,2975.0000,2974.8000,2974.2000,2974.0000,2978.8000,2979.2000,2979.6000,2979.8000,2980.0000,3,1,1,2,1,1,1,1,1,1
SF,IH2006,2019-11-20 09:30:22.000,2977.2000,1875,0,5361960.000,0,-,-,-,-,2975.2000,2975.0000,2974.8000,2974.2000,2974.0000,2978.8000,2979.2000,2979.6000,2979.8000,2980.0000,3,1,1,2,1,1,1,1,1,1
SF,IH2006,2019-11-20 09:30:22.500,2977.2000,1875,0,5361960.000,0,-,-,-,-,2975.2000,2975.0000,2974.8000,2974.2000,2974.0000,2978.8000,2979.2000,2979.6000,2979.8000,2980.0000,3,1,1,2,1,1,1,1,1,1
SF,IH2006,2019-11-20 09:30:23.000,2977.2000,1875,0,5361960.000,0,-,-,-,-,2975.4000,2975.2000,2975.0000,2974.8000,2974.2000,2978.8000,2979.2000,2979.6000,2979.8000,2980.0000,1,3,1,1,2,1,1,1,1,1
SF,IH2006,2019-11-20 09:30:23.500,2977.2000,1875,0,5361960.000,0,-,-,-,-,2975.4000,2975.0000,2974.8000,2974.2000,2974.0000,2978.8000,2979.2000,2979.6000,2979.8000,2980.0000,1,1,1,2,1,1,1,1,1,1
SF,IH2006,2019-11-20 09:30:24.000,2977.2000,1875,0,5361960.000,0,-,-,-,-,2975.6000,2975.4000,2975.0000,2974.8000,2974.2000,2978.8000,2979.2000,2979.6000,2979.8000,2980.0000,3,1,1,1,2,1,1,1,1,1
SF,IH2006,2019-11-20 09:30:24.500,2977.2000,1875,0,5361960.000,0,-,-,-,-,2975.8000,2975.6000,2975.4000,2975.0000,2974.8000,2978.8000,2979.2000,2979.6000,2979.8000,2980.0000,1,3,1,1,1,1,1,1,1,1
SF,IH2006,2019-11-20 09:30:25.000,2977.2000,1875,0,5361960.000,0,-,-,-,-,2975.8000,2975.4000,2975.0000,2974.8000,2974.2000,2978.8000,2979.2000,2979.6000,2979.8000,2980.0000,1,1,1,1,2,1,1,1,1,1
SF,IH2006,2019-11-20 09:30:25.500,2977.2000,1875,0,5361960.000,0,-,-,-,-,2976.0000,2975.8000,2975.4000,2975.0000,2974.8000,2978.8000,2979.2000,2979.6000,2979.8000,2980.0000,2,1,1,1,1,1,1,1,1,1
SF,IH2006,2019-11-20 09:30:26.000,2977.2000,1875,0,5361960.000,0,-,-,-,-,2976.0000,2975.0000,2974.8000,2974.2000,2974.0000,2978.8000,2979.2000,2979.6000,2979.8000,2980.0000,2,1,1,2,1,1,1,1,1,1
SF,IH2006,2019-11-20 09:30:27.500,2977.2000,1875,0,5361960.000,0,-,-,-,-,2976.0000,2975.0000,2974.8000,2974.2000,2974.0000,2978.6000,2978.8000,2979.2000,2979.6000,2979.8000,2,1,1,2,1,1,1,1,1,1
SF,IH2006,2019-11-20 09:30:28.000,2977.2000,1875,0,5361960.000,0,-,-,-,-,2976.0000,2975.0000,2974.8000,2974.2000,2974.0000,2978.4000,2978.6000,2978.8000,2979.2000,2979.6000,2,1,1,2,1,1,1,1,1,1
SF,IH2006,2019-11-20 09:30:28.500,2977.2000,1875,0,5361960.000,0,-,-,-,-,2976.0000,2975.0000,2974.8000,2974.2000,2974.0000,2978.4000,2978.6000,2978.8000,2979.2000,2979.6000,2,1,1,2,1,1,1,1,1,1
SF,IH2006,2019-11-20 09:30:30.500,2977.2000,1875,0,5361960.000,0,-,-,-,-,2976.2000,2976.0000,2975.0000,2974.8000,2974.2000,2978.4000,2978.6000,2978.8000,2979.2000,2979.6000,1,2,1,1,2,1,1,1,1,1
SF,IH2006,2019-11-20 09:30:31.000,2978.4000,1874,-1,6255480.000,1,0,1,双平,S,2976.4000,2976.2000,2975.0000,2974.8000,2974.2000,2978.6000,2978.8000,2979.2000,2979.6000,2979.8000,1,1,1,1,2,1,1,1,1,1
SF,IH2006,2019-11-20 09:30:31.500,2978.4000,1874,0,6255480.000,0,-,-,-,-,2976.4000,2976.2000,2975.0000,2974.8000,2974.2000,2978.6000,2979.8000,2981.0000,2982.0000,2984.0000,1,1,1,1,2,1,1,1,3,1
SF,IH2006,2019-11-20 09:30:32.000,2978.4000,1874,0,6255480.000,0,-,-,-,-,2976.4000,2976.2000,2975.0000,2974.8000,2974.2000,2978.6000,2981.0000,2982.0000,2984.0000,2985.2000,1,1,1,1,2,1,1,3,1,1
SF,IH2006,2019-11-20 09:30:32.500,2978.4000,1874,0,6255480.000,0,-,-,-,-,2976.4000,2976.2000,2975.0000,2974.8000,2974.2000,2978.6000,2981.0000,2982.0000,2984.0000,2985.2000,1,1,1,1,2,1,1,3,1,1
SF,IH2006,2019-11-20 09:30:33.000,2978.4000,1874,0,6255480.000,0,-,-,-,-,2976.6000,2976.4000,2976.2000,2975.0000,2974.8000,2978.6000,2981.0000,2982.0000,2984.0000,2985.2000,1,1,1,1,1,1,1,3,1,1
SF,IH2006,2019-11-20 09:30:33.500,2978.6000,1873,-1,7149060.000,1,0,1,双平,S,2976.8000,2976.6000,2976.2000,2975.0000,2974.8000,2981.0000,2982.0000,2984.0000,2985.2000,2985.6000,2,1,1,1,1,1,3,1,1,5
SF,IH2006,2019-11-20 09:30:34.000,2978.6000,1873,0,7149060.000,0,-,-,-,-,2977.0000,2976.8000,2976.6000,2976.2000,2975.0000,2980.8000,2981.0000,2982.0000,2984.0000,2985.2000,1,2,1,1,1,1,1,3,1,1
SF,IH2006,2019-11-20 09:30:34.500,2978.6000,1873,0,7149060.000,0,-,-,-,-,2977.2000,2977.0000,2976.6000,2976.2000,2975.0000,2980.8000,2981.0000,2982.0000,2984.0000,2985.2000,1,1,1,1,1,1,1,3,1,1
SF,IH2006,2019-11-20 09:30:35.500,2978.6000,1873,0,7149060.000,0,-,-,-,-,2977.2000,2976.6000,2976.2000,2975.0000,2974.8000,2980.8000,2981.0000,2982.0000,2984.0000,2985.2000,1,1,1,1,1,1,1,3,1,1
SF,IH2006,2019-11-20 09:30:39.000,2978.6000,1873,0,7149060.000,0,-,-,-,-,2977.4000,2977.2000,2976.6000,2976.2000,2975.0000,2980.8000,2981.0000,2982.0000,2984.0000,2985.2000,2,1,1,1,1,1,1,3,1,1
SF,IH2006,2019-11-20 09:30:39.500,2978.6000,1873,0,7149060.000,0,-,-,-,-,2977.6000,2976.6000,2976.2000,2975.0000,2974.8000,2980.8000,2981.0000,2982.0000,2984.0000,2985.2000,2,1,1,1,1,1,1,3,1,1
SF,IH2006,2019-11-20 09:30:40.000,2978.6000,1873,0,7149060.000,0,-,-,-,-,2977.6000,2976.6000,2976.2000,2975.0000,2974.8000,2981.0000,2982.0000,2984.0000,2985.2000,2985.6000,2,1,1,1,1,1,3,1,1,5
SF,IH2006,2019-11-20 09:30:41.500,2978.6000,1873,0,7149060.000,0,-,-,-,-,2977.8000,2977.6000,2976.6000,2976.2000,2975.0000,2981.0000,2982.0000,2984.0000,2985.2000,2985.6000,1,2,1,1,1,1,3,1,1,5
SF,IH2006,2019-11-20 09:30:42.000,2978.6000,1873,0,7149060.000,0,-,-,-,-,2978.0000,2977.8000,2976.6000,2976.2000,2975.0000,2981.0000,2982.0000,2984.0000,2985.2000,2985.6000,1,1,1,1,1,1,3,1,1,5
SF,IH2006,2019-11-20 09:30:43.000,2978.6000,1873,0,7149060.000,0,-,-,-,-,2978.2000,2978.0000,2977.8000,2976.6000,2976.2000,2981.0000,2982.0000,2984.0000,2985.2000,2985.6000,1,1,1,1,1,1,3,1,1,5
SF,IH2006,2019-11-20 09:30:43.500,2978.6000,1873,0,7149060.000,0,-,-,-,-,2978.4000,2977.8000,2976.6000,2976.2000,2975.0000,2981.0000,2982.0000,2984.0000,2985.2000,2985.6000,2,1,1,1,1,1,3,1,1,5
SF,IH2006,2019-11-20 09:30:45.500,2978.6000,1873,0,7149060.000,0,-,-,-,-,2978.4000,2977.8000,2976.6000,2976.2000,2975.0000,2981.0000,2982.0000,2984.0000,2985.6000,2990.0000,2,1,1,1,1,1,3,1,5,1
SF,IH2006,2019-11-20 09:30:47.000,2978.6000,1873,0,7149060.000,0,-,-,-,-,2978.4000,2976.6000,2976.2000,2975.0000,2974.8000,2981.0000,2982.0000,2984.0000,2985.6000,2990.0000,2,1,1,1,1,1,3,1,5,1
SF,IH2006,2019-11-20 09:30:47.500,2978.6000,1873,0,7149060.000,0,-,-,-,-,2978.4000,2976.6000,2976.2000,2975.0000,2974.8000,2981.0000,2982.0000,2984.0000,2985.6000,2990.0000,2,1,1,1,1,1,3,1,5,1
SF,IH2006,2019-11-20 09:30:48.000,2978.6000,1873,0,7149060.000,0,-,-,-,-,2978.4000,2976.6000,2976.2000,2975.0000,2974.8000,2981.0000,2982.0000,2984.0000,2985.6000,2990.0000,2,1,1,1,1,1,3,1,5,1
SF,IH2006,2019-11-20 09:30:48.500,2978.6000,1873,0,7149060.000,0,-,-,-,-,2978.4000,2976.6000,2976.2000,2975.0000,2974.8000,2981.0000,2982.0000,2984.0000,2985.6000,2990.0000,2,1,1,1,1,1,3,1,5,1
SF,IH2006,2019-11-20 09:30:49.000,2978.6000,1873,0,7149060.000,0,-,-,-,-,2978.4000,2976.6000,2976.2000,2975.0000,2974.8000,2981.0000,2982.0000,2984.0000,2985.6000,2990.0000,2,1,1,1,1,1,3,1,5,1
SF,IH2006,2019-11-20 09:30:49.500,2978.6000,1873,0,7149060.000,0,-,-,-,-,2978.4000,2976.6000,2976.2000,2975.0000,2974.8000,2981.0000,2982.0000,2983.6000,2984.0000,2985.6000,2,1,1,1,1,1,3,1,1,5
SF,IH2006,2019-11-20 09:30:54.000,2978.6000,1873,0,7149060.000,0,-,-,-,-,2978.4000,2978.0000,2976.6000,2976.2000,2975.0000,2981.0000,2982.0000,2983.6000,2984.0000,2985.6000,2,5,1,1,1,1,3,1,1,5
SF,IH2006,2019-11-20 09:30:59.500,2978.6000,1873,0,7149060.000,0,-,-,-,-,2978.4000,2978.0000,2976.6000,2976.2000,2975.0000,2981.0000,2982.0000,2983.6000,2984.0000,2985.6000,2,5,1,1,1,1,3,1,1,5
SF,IH2006,2019-11-20 09:31:00.500,2978.6000,1873,0,7149060.000,0,-,-,-,-,2978.4000,2978.0000,2976.6000,2976.2000,2975.0000,2981.0000,2982.0000,2983.6000,2984.0000,2985.6000,2,5,1,1,1,2,3,1,1,5
SF,IH2006,2019-11-20 09:31:01.000,2978.6000,1873,0,7149060.000,0,-,-,-,-,2978.4000,2978.0000,2976.6000,2976.2000,2975.0000,2981.0000,2982.0000,2983.6000,2984.0000,2985.6000,2,5,1,1,1,2,3,1,1,5
SF,IH2006,2019-11-20 09:31:01.500,2978.6000,1873,0,7149060.000,0,-,-,-,-,2978.6000,2978.0000,2976.6000,2976.2000,2975.0000,2981.0000,2982.0000,2983.6000,2984.0000,2985.6000,1,5,1,1,1,2,3,1,1,5
SF,IH2006,2019-11-20 09:31:02.000,2978.6000,1873,0,7149060.000,0,-,-,-,-,2978.6000,2978.0000,2976.6000,2976.2000,2975.0000,2981.0000,2982.0000,2983.6000,2984.0000,2985.6000,1,5,1,1,1,2,3,1,1,5
SF,IH2006,2019-11-20 09:31:02.500,2978.6000,1873,0,7149060.000,0,-,-,-,-,2978.6000,2978.0000,2976.6000,2976.2000,2975.0000,2981.0000,2982.0000,2983.6000,2984.0000,2985.6000,1,5,1,1,1,2,3,1,1,5
SF,IH2006,2019-11-20 09:31:03.000,2978.6000,1873,0,7149060.000,0,-,-,-,-,2978.6000,2978.0000,2976.6000,2976.2000,2975.0000,2980.8000,2981.0000,2982.0000,2983.6000,2984.0000,1,5,1,1,1,1,2,3,1,1
SF,IH2006,2019-11-20 09:31:03.500,2978.6000,1872,-1,8042640.000,1,0,1,双平,S,2978.0000,2976.6000,2976.2000,2975.0000,2974.8000,2980.8000,2981.0000,2982.0000,2983.6000,2984.0000,5,1,1,1,1,1,2,3,1,1
SF,IH2006,2019-11-20 09:31:04.000,2978.6000,1872,0,8042640.000,0,-,-,-,-,2978.0000,2976.6000,2976.2000,2975.0000,2974.8000,2980.8000,2981.0000,2982.0000,2983.6000,2984.0000,5,1,1,1,1,1,2,3,1,1
SF,IH2006,2019-11-20 09:31:04.500,2978.6000,1872,0,8042640.000,0,-,-,-,-,2978.0000,2976.2000,2975.0000,2974.8000,2974.2000,2979.8000,2980.8000,2981.0000,2982.0000,2983.6000,5,1,1,1,2,1,1,2,3,1
SF,IH2006,2019-11-20 09:31:05.000,2978.6000,1872,0,8042640.000,0,-,-,-,-,2978.0000,2976.2000,2975.0000,2974.8000,2974.2000,2979.8000,2981.0000,2982.0000,2983.6000,2984.0000,5,1,1,1,2,1,2,3,1,1
SF,IH2006,2019-11-20 09:31:05.500,2978.6000,1872,0,8042640.000,0,-,-,-,-,2978.0000,2976.2000,2975.0000,2974.8000,2974.2000,2979.6000,2979.8000,2981.0000,2982.0000,2983.6000,5,1,1,1,2,1,1,2,3,1
SF,IH2006,2019-11-20 09:31:06.000,2978.6000,1872,0,8042640.000,0,-,-,-,-,2978.0000,2976.2000,2975.0000,2974.8000,2974.2000,2979.6000,2979.8000,2981.0000,2982.0000,2983.6000,5,1,1,1,2,1,1,2,3,1
SF,IH2006,2019-11-20 09:31:06.500,2978.6000,1872,0,8042640.000,0,-,-,-,-,2979.0000,2978.0000,2976.2000,2975.0000,2974.8000,2979.6000,2979.8000,2981.0000,2982.0000,2983.6000,1,5,1,1,1,1,1,2,3,1
SF,IH2006,2019-11-20 09:31:07.000,2979.0000,1872,0,8936340.000,1,0,1,多换,S,2978.0000,2976.2000,2975.0000,2974.8000,2974.2000,2979.6000,2979.8000,2981.0000,2982.0000,2983.6000,5,1,1,1,2,1,1,2,3,1
SF,IH2006,2019-11-20 09:31:07.500,2979.0000,1872,0,8936340.000,0,-,-,-,-,2978.0000,2976.2000,2975.0000,2974.8000,2974.2000,2979.0000,2979.6000,2979.8000,2981.0000,2982.0000,5,1,1,1,2,1,1,1,2,3
SF,IH2006,2019-11-20 09:31:08.000,2979.0000,1872,0,8936340.000,0,-,-,-,-,2978.0000,2976.2000,2975.0000,2974.8000,2974.2000,2981.0000,2982.0000,2983.6000,2984.0000,2985.6000,5,1,1,1,2,2,3,1,1,5
SF,IH2006,2019-11-20 09:31:08.500,2979.0000,1872,0,8936340.000,0,-,-,-,-,2978.0000,2976.2000,2975.0000,2974.8000,2974.2000,2979.8000,2980.8000,2981.0000,2982.0000,2983.6000,5,1,1,1,2,1,2,2,3,1
SF,IH2006,2019-11-20 09:31:09.000,2979.0000,1872,0,8936340.000,0,-,-,-,-,2978.0000,2976.2000,2975.0000,2974.8000,2974.2000,2981.0000,2982.0000,2983.6000,2984.0000,2985.6000,5,1,1,1,2,2,3,1,1,5
SF,IH2006,2019-11-20 09:31:09.500,2979.0000,1872,0,8936340.000,0,-,-,-,-,2978.0000,2976.2000,2975.0000,2974.8000,2974.2000,2979.6000,2980.8000,2981.0000,2982.0000,2983.6000,5,1,1,1,2,1,2,2,3,1
SF,IH2006,2019-11-20 09:31:10.000,2979.0000,1872,0,8936340.000,0,-,-,-,-,2978.0000,2976.2000,2975.0000,2974.8000,2974.2000,2979.6000,2981.0000,2982.0000,2983.6000,2984.0000,5,1,1,1,2,1,2,3,1,1
SF,IH2006,2019-11-20 09:31:11.000,2979.0000,1872,0,8936340.000,0,-,-,-,-,2978.0000,2976.2000,2975.0000,2974.8000,2974.2000,2979.6000,2981.0000,2982.0000,2983.6000,2984.0000,5,1,1,1,2,1,2,3,1,1
SF,IH2006,2019-11-20 09:31:11.500,2979.0000,1872,0,8936340.000,0,-,-,-,-,2978.0000,2976.2000,2975.0000,2974.8000,2974.2000,2979.6000,2979.8000,2981.0000,2982.0000,2983.6000,5,1,1,1,2,1,1,2,3,1
SF,IH2006,2019-11-20 09:31:12.000,2979.0000,1872,0,8936340.000,0,-,-,-,-,2978.0000,2976.2000,2975.0000,2974.8000,2974.2000,2979.6000,2981.0000,2982.0000,2983.6000,2984.0000,5,1,1,1,2,1,2,3,1,1
SF,IH2006,2019-11-20 09:31:12.500,2979.0000,1872,0,8936340.000,0,-,-,-,-,2978.0000,2975.0000,2974.8000,2974.2000,2974.0000,2979.6000,2979.8000,2981.0000,2982.0000,2983.6000,5,1,1,2,1,1,1,2,3,1
SF,IH2006,2019-11-20 09:31:13.000,2979.0000,1872,0,8936340.000,0,-,-,-,-,2978.0000,2975.0000,2974.8000,2974.2000,2974.0000,2979.6000,2981.0000,2982.0000,2983.6000,2984.0000,6,1,1,2,1,1,2,3,1,1
SF,IH2006,2019-11-20 09:31:14.500,2979.0000,1872,0,8936340.000,0,-,-,-,-,2978.0000,2975.0000,2974.8000,2974.2000,2974.0000,2981.0000,2982.0000,2983.6000,2984.0000,2985.6000,6,1,1,2,1,2,3,1,1,5
SF,IH2006,2019-11-20 09:31:15.000,2979.0000,1872,0,8936340.000,0,-,-,-,-,2978.2000,2978.0000,2975.0000,2974.8000,2974.2000,2981.0000,2982.0000,2983.6000,2984.0000,2985.6000,1,6,1,1,2,2,3,1,1,5
SF,IH2006,2019-11-20 09:31:15.500,2979.0000,1872,0,8936340.000,0,-,-,-,-,2978.2000,2978.0000,2975.0000,2974.8000,2974.2000,2980.8000,2981.0000,2982.0000,2983.6000,2984.0000,1,6,1,1,2,2,2,3,1,1
SF,IH2006,2019-11-20 09:31:16.000,2979.0000,1872,0,8936340.000,0,-,-,-,-,2978.2000,2978.0000,2975.0000,2974.8000,2974.2000,2980.8000,2981.0000,2982.0000,2983.6000,2984.0000,1,7,1,1,2,2,2,3,1,1
SF,IH2006,2019-11-20 09:31:17.000,2979.0000,1872,0,8936340.000,0,-,-,-,-,2978.2000,2978.0000,2975.0000,2974.8000,2974.2000,2980.8000,2981.0000,2982.0000,2983.6000,2984.0000,1,7,1,1,2,1,2,3,1,1
SF,IH2006,2019-11-20 09:31:22.500,2979.0000,1872,0,8936340.000,0,-,-,-,-,2978.2000,2978.0000,2975.0000,2974.8000,2974.2000,2980.0000,2980.8000,2981.0000,2982.0000,2983.6000,1,7,1,1,2,1,1,2,3,1
SF,IH2006,2019-11-20 09:31:23.000,2979.0000,1872,0,8936340.000,0,-,-,-,-,2978.2000,2978.0000,2975.0000,2974.8000,2974.2000,2980.0000,2981.0000,2982.0000,2983.6000,2984.0000,1,7,1,1,2,1,2,3,1,1
SF,IH2006,2019-11-20 09:31:23.500,2979.0000,1872,0,8936340.000,0,-,-,-,-,2978.2000,2978.0000,2975.0000,2974.8000,2974.2000,2980.0000,2981.0000,2982.0000,2983.6000,2984.0000,1,7,1,1,2,1,2,3,1,1
SF,IH2006,2019-11-20 09:31:26.500,2979.0000,1872,0,8936340.000,0,-,-,-,-,2978.2000,2978.0000,2975.0000,2974.8000,2974.2000,2980.0000,2981.0000,2982.0000,2983.6000,2984.0000,1,6,1,1,2,1,2,3,1,1
SF,IH2006,2019-11-20 09:31:29.000,2979.0000,1872,0,8936340.000,0,-,-,-,-,2978.2000,2978.0000,2975.0000,2974.8000,2974.2000,2980.0000,2981.0000,2982.0000,2983.6000,2984.0000,5,6,1,1,2,1,2,3,1,1
SF,IH2006,2019-11-20 09:31:33.500,2979.0000,1872,0,8936340.000,0,-,-,-,-,2978.2000,2978.0000,2975.0000,2974.8000,2974.2000,2980.0000,2981.0000,2982.0000,2983.6000,2984.0000,5,6,1,1,2,1,2,3,1,1
SF,IH2006,2019-11-20 09:31:34.000,2979.0000,1872,0,8936340.000,0,-,-,-,-,2978.2000,2978.0000,2975.0000,2974.8000,2974.2000,2980.0000,2981.0000,2982.0000,2983.6000,2984.0000,5,6,1,1,2,1,2,3,1,1
SF,IH2006,2019-11-20 09:31:34.500,2979.0000,1872,0,8936340.000,0,-,-,-,-,2978.2000,2978.0000,2975.0000,2974.8000,2974.2000,2980.0000,2981.0000,2982.0000,2983.6000,2984.0000,5,6,1,1,2,1,2,3,1,1
SF,IH2006,2019-11-20 09:31:41.500,2980.0000,1871,-1,9830340.000,1,0,1,双平,S,2978.2000,2978.0000,2975.0000,2974.8000,2974.2000,2981.0000,2982.0000,2983.6000,2984.0000,2985.6000,5,6,1,1,2,2,3,1,1,5
SF,IH2006,2019-11-20 09:31:42.000,2980.0000,1871,0,9830340.000,0,-,-,-,-,2980.0000,2978.2000,2978.0000,2975.0000,2974.8000,2981.0000,2982.0000,2983.6000,2984.0000,2985.6000,1,5,6,1,1,2,3,1,1,5
SF,IH2006,2019-11-20 09:31:42.500,2980.0000,1871,0,9830340.000,0,-,-,-,-,2978.2000,2978.0000,2975.0000,2974.8000,2974.2000,2981.0000,2982.0000,2983.6000,2984.0000,2985.6000,4,6,1,1,2,2,3,1,1,5
SF,IH2006,2019-11-20 09:31:43.000,2980.0000,1871,0,9830340.000,0,-,-,-,-,2978.4000,2978.2000,2978.0000,2975.0000,2974.8000,2981.0000,2982.0000,2983.6000,2984.0000,2985.6000,2,4,6,1,1,2,3,1,1,5
SF,IH2006,2019-11-20 09:31:43.500,2980.0000,1871,0,9830340.000,0,-,-,-,-,2978.4000,2978.2000,2978.0000,2975.0000,2974.8000,2979.0000,2981.0000,2982.0000,2983.6000,2984.0000,2,4,6,1,1,1,2,3,1,1
SF,IH2006,2019-11-20 09:31:44.000,2979.0000,1870,-1,10724040.000,1,0,1,双平,S,2979.2000,2978.4000,2978.2000,2978.0000,2975.0000,2981.0000,2982.0000,2983.6000,2984.0000,2985.6000,1,2,4,6,1,2,3,1,1,5
SF,IH2006,2019-11-20 09:31:44.500,2979.0000,1870,0,10724040.000,0,-,-,-,-,2979.2000,2978.2000,2978.0000,2975.0000,2974.2000,2981.0000,2982.0000,2983.6000,2984.0000,2985.6000,1,4,6,1,2,2,3,1,1,5
SF,IH2006,2019-11-20 09:31:45.000,2979.0000,1870,0,10724040.000,0,-,-,-,-,2979.2000,2978.2000,2978.0000,2975.0000,2974.2000,2981.0000,2982.0000,2983.6000,2984.0000,2985.6000,1,4,5,1,2,2,3,1,1,5
SF,IH2006,2019-11-20 09:31:47.500,2979.0000,1870,0,10724040.000,0,-,-,-,-,2978.2000,2978.0000,2975.0000,2974.2000,2974.0000,2981.0000,2982.0000,2983.6000,2984.0000,2985.6000,4,5,1,2,1,2,3,1,1,5
SF,IH2006,2019-11-20 09:31:48.000,2979.0000,1870,0,10724040.000,0,-,-,-,-,2978.4000,2978.2000,2978.0000,2975.0000,2974.2000,2981.0000,2982.0000,2983.6000,2984.0000,2985.6000,2,4,5,1,2,2,3,1,1,5
SF,IH2006,2019-11-20 09:31:51.000,2979.0000,1870,0,10724040.000,0,-,-,-,-,2978.4000,2978.2000,2978.0000,2975.0000,2974.2000,2981.0000,2982.0000,2983.6000,2984.0000,2985.6000,3,4,5,1,2,2,3,1,1,5
SF,IH2006,2019-11-20 09:31:51.500,2979.0000,1870,0,10724040.000,0,-,-,-,-,2978.4000,2978.2000,2978.0000,2975.0000,2974.2000,2981.0000,2982.0000,2983.6000,2984.0000,2985.6000,3,4,5,1,2,2,3,1,1,5
SF,IH2006,2019-11-20 09:31:57.500,2979.0000,1870,0,10724040.000,0,-,-,-,-,2978.4000,2978.2000,2978.0000,2975.0000,2974.2000,2981.0000,2982.0000,2983.6000,2984.0000,2985.6000,3,4,5,2,2,2,3,1,1,5
SF,IH2006,2019-11-20 09:32:15.000,2979.0000,1870,0,10724040.000,0,-,-,-,-,2978.4000,2978.2000,2978.0000,2975.0000,2974.2000,2979.8000,2981.0000,2982.0000,2983.6000,2984.0000,3,4,5,2,2,1,2,3,1,1
SF,IH2006,2019-11-20 09:32:15.500,2979.0000,1870,0,10724040.000,0,-,-,-,-,2978.4000,2978.2000,2978.0000,2975.0000,2974.2000,2981.0000,2982.0000,2983.6000,2984.0000,2985.6000,1,4,5,2,2,2,3,1,1,5
SF,IH2006,2019-11-20 09:32:16.000,2979.0000,1870,0,10724040.000,0,-,-,-,-,2978.4000,2978.2000,2978.0000,2975.0000,2974.2000,2980.8000,2981.0000,2982.0000,2983.6000,2984.0000,1,4,5,2,2,2,2,3,1,1
SF,IH2006,2019-11-20 09:32:19.000,2979.0000,1870,0,10724040.000,0,-,-,-,-,2978.4000,2978.2000,2978.0000,2975.0000,2974.2000,2979.8000,2980.8000,2981.0000,2982.0000,2983.6000,1,4,5,2,2,1,2,2,3,1
SF,IH2006,2019-11-20 09:32:19.500,2979.0000,1870,0,10724040.000,0,-,-,-,-,2978.4000,2978.2000,2978.0000,2975.0000,2974.2000,2981.0000,2982.0000,2983.6000,2984.0000,2985.6000,1,4,5,2,2,2,3,1,1,5
SF,IH2006,2019-11-20 09:32:20.000,2979.0000,1870,0,10724040.000,0,-,-,-,-,2978.4000,2978.2000,2978.0000,2975.0000,2974.2000,2980.8000,2981.0000,2982.0000,2983.6000,2984.0000,1,4,5,2,2,2,2,3,1,1
SF,IH2006,2019-11-20 09:32:22.500,2979.0000,1870,0,10724040.000,0,-,-,-,-,2978.4000,2978.2000,2978.0000,2975.0000,2974.2000,2980.2000,2980.8000,2981.0000,2982.0000,2983.6000,1,4,5,2,2,1,2,2,3,1
SF,IH2006,2019-11-20 09:32:23.000,2979.0000,1870,0,10724040.000,0,-,-,-,-,2978.4000,2978.2000,2978.0000,2975.0000,2974.2000,2980.2000,2981.0000,2982.0000,2983.6000,2984.0000,1,4,5,2,2,1,2,3,1,1
SF,IH2006,2019-11-20 09:32:23.500,2979.0000,1870,0,10724040.000,0,-,-,-,-,2978.4000,2978.2000,2978.0000,2975.0000,2974.2000,2980.2000,2981.0000,2982.0000,2983.6000,2984.0000,1,4,5,2,2,1,2,3,1,1
SF,IH2006,2019-11-20 09:32:24.000,2979.0000,1870,0,10724040.000,0,-,-,-,-,2978.6000,2978.4000,2978.2000,2978.0000,2975.0000,2980.2000,2981.0000,2982.0000,2983.6000,2984.0000,1,1,4,5,2,1,2,3,1,1
SF,IH2006,2019-11-20 09:32:32.000,2979.0000,1870,0,10724040.000,0,-,-,-,-,2978.6000,2978.4000,2978.2000,2978.0000,2975.0000,2981.0000,2981.4000,2982.0000,2983.6000,2984.0000,1,1,4,5,2,2,1,3,1,1
SF,IH2006,2019-11-20 09:32:32.500,2979.0000,1870,0,10724040.000,0,-,-,-,-,2978.6000,2978.4000,2978.2000,2978.0000,2975.0000,2980.8000,2981.0000,2981.4000,2982.0000,2983.6000,1,1,4,5,2,1,2,1,3,1
SF,IH2006,2019-11-20 09:32:34.000,2979.0000,1870,0,10724040.000,0,-,-,-,-,2978.6000,2978.4000,2978.2000,2978.0000,2975.0000,2980.6000,2980.8000,2981.0000,2981.4000,2982.0000,1,1,4,5,2,1,1,2,1,3
SF,IH2006,2019-11-20 09:32:34.500,2979.0000,1870,0,10724040.000,0,-,-,-,-,2978.6000,2978.4000,2978.2000,2978.0000,2975.0000,2980.6000,2981.0000,2981.4000,2982.0000,2983.6000,1,1,4,5,2,1,2,1,3,1
SF,IH2006,2019-11-20 09:32:35.000,2979.0000,1870,0,10724040.000,0,-,-,-,-,2978.6000,2978.4000,2978.2000,2978.0000,2975.0000,2980.6000,2981.0000,2981.4000,2982.0000,2983.6000,1,1,4,5,2,1,2,1,3,1
SF,IH2006,2019-11-20 09:32:35.500,2979.0000,1870,0,10724040.000,0,-,-,-,-,2978.6000,2978.4000,2978.2000,2978.0000,2975.0000,2980.6000,2981.0000,2981.4000,2982.0000,2983.6000,1,1,4,5,2,1,2,1,3,1
SF,IH2006,2019-11-20 09:32:36.000,2979.0000,1870,0,10724040.000,0,-,-,-,-,2978.6000,2978.4000,2978.2000,2978.0000,2975.0000,2981.0000,2981.4000,2982.0000,2983.6000,2984.0000,1,1,4,5,2,2,1,3,1,1
SF,IH2006,2019-11-20 09:32:36.500,2979.0000,1870,0,10724040.000,0,-,-,-,-,2978.6000,2978.4000,2978.2000,2978.0000,2975.0000,2980.8000,2981.0000,2982.0000,2983.6000,2984.0000,1,1,4,5,2,1,2,3,1,1
SF,IH2006,2019-11-20 09:32:37.000,2979.0000,1870,0,10724040.000,0,-,-,-,-,2978.6000,2978.4000,2978.2000,2978.0000,2975.0000,2980.8000,2981.0000,2982.0000,2983.6000,2984.0000,1,1,4,5,2,2,2,3,1,1
SF,IH2006,2019-11-20 09:32:38.000,2979.0000,1870,0,10724040.000,0,-,-,-,-,2978.6000,2978.4000,2978.2000,2978.0000,2975.0000,2980.8000,2981.0000,2982.0000,2983.6000,2984.0000,1,1,4,5,2,1,2,3,1,1
SF,IH2006,2019-11-20 09:32:38.500,2979.0000,1870,0,10724040.000,0,-,-,-,-,2978.6000,2978.4000,2978.2000,2978.0000,2975.0000,2980.8000,2981.0000,2982.0000,2983.6000,2984.0000,1,1,4,5,2,1,2,3,1,1
SF,IH2006,2019-11-20 09:32:39.000,2979.0000,1870,0,10724040.000,0,-,-,-,-,2978.6000,2978.4000,2978.2000,2978.0000,2975.0000,2980.8000,2981.0000,2982.0000,2983.6000,2984.0000,1,1,4,5,2,1,2,3,1,1
SF,IH2006,2019-11-20 09:32:53.000,2979.0000,1870,0,10724040.000,0,-,-,-,-,2978.6000,2978.4000,2978.2000,2978.0000,2975.0000,2980.8000,2981.0000,2982.0000,2983.6000,2984.0000,1,1,4,5,2,1,2,1,1,1
SF,IH2006,2019-11-20 09:32:53.500,2979.0000,1870,0,10724040.000,0,-,-,-,-,2978.6000,2978.4000,2978.2000,2978.0000,2975.0000,2981.0000,2982.0000,2983.6000,2984.0000,2984.2000,1,1,4,5,2,2,1,1,1,1
SF,IH2006,2019-11-20 09:32:54.000,2979.0000,1870,0,10724040.000,0,-,-,-,-,2978.6000,2978.4000,2978.2000,2978.0000,2975.0000,2981.0000,2982.0000,2983.6000,2984.0000,2984.2000,1,1,4,5,2,2,1,1,1,1
SF,IH2006,2019-11-20 09:32:54.500,2979.0000,1870,0,10724040.000,0,-,-,-,-,2979.0000,2978.6000,2978.4000,2978.2000,2978.0000,2981.0000,2983.6000,2984.0000,2984.2000,2985.6000,1,1,1,4,5,2,1,1,1,5
SF,IH2006,2019-11-20 09:32:55.000,2979.0000,1870,0,10724040.000,0,-,-,-,-,2979.4000,2979.0000,2978.4000,2978.2000,2978.0000,2981.0000,2983.6000,2984.0000,2984.2000,2985.6000,1,1,1,4,5,2,1,1,1,5
SF,IH2006,2019-11-20 09:32:57.000,2979.0000,1870,0,10724040.000,0,-,-,-,-,2979.4000,2979.0000,2978.4000,2978.2000,2978.0000,2981.0000,2983.6000,2984.0000,2984.2000,2985.6000,1,1,1,4,6,2,1,1,1,5
SF,IH2006,2019-11-20 09:32:57.500,2981.0000,1869,-1,12512640.000,2,0,2,多平,S,2979.4000,2979.0000,2978.4000,2978.2000,2978.0000,2983.6000,2984.0000,2984.2000,2985.6000,2985.8000,1,1,1,4,6,1,1,1,5,1
SF,IH2006,2019-11-20 09:32:58.000,2981.0000,1869,0,12512640.000,0,-,-,-,-,2979.4000,2979.0000,2978.4000,2978.2000,2978.0000,2982.4000,2983.6000,2984.0000,2984.2000,2985.6000,1,1,1,4,6,2,1,1,1,5
SF,IH2006,2019-11-20 09:33:01.500,2981.0000,1869,0,12512640.000,0,-,-,-,-,2979.4000,2979.0000,2978.4000,2978.2000,2978.0000,2982.0000,2982.4000,2983.6000,2984.0000,2984.2000,1,1,1,4,6,1,2,1,1,1
SF,IH2006,2019-11-20 09:33:02.000,2981.0000,1869,0,12512640.000,0,-,-,-,-,2979.0000,2978.4000,2978.2000,2978.0000,2975.0000,2983.6000,2984.0000,2984.2000,2985.6000,2985.8000,1,1,4,6,2,1,1,1,5,1
SF,IH2006,2019-11-20 09:33:02.500,2981.0000,1869,0,12512640.000,0,-,-,-,-,2979.2000,2979.0000,2978.4000,2978.2000,2978.0000,2982.0000,2983.6000,2984.0000,2984.2000,2985.6000,1,1,1,4,6,1,1,1,1,5
SF,IH2006,2019-11-20 09:33:03.000,2981.0000,1869,0,12512640.000,0,-,-,-,-,2979.2000,2979.0000,2978.4000,2978.2000,2978.0000,2981.6000,2983.6000,2984.0000,2984.2000,2985.6000,1,1,1,4,6,2,1,1,1,5
SF,IH2006,2019-11-20 09:33:07.000,2981.0000,1869,0,12512640.000,0,-,-,-,-,2979.2000,2979.0000,2978.4000,2978.2000,2978.0000,2981.0000,2981.6000,2983.6000,2984.0000,2985.6000,1,1,1,4,6,1,2,1,1,5
SF,IH2006,2019-11-20 09:33:07.500,2981.0000,1869,0,12512640.000,0,-,-,-,-,2978.4000,2978.2000,2978.0000,2975.0000,2974.2000,2981.0000,2983.6000,2984.0000,2985.6000,2985.8000,1,4,6,2,2,1,1,1,5,1
SF,IH2006,2019-11-20 09:33:08.000,2981.0000,1869,0,12512640.000,0,-,-,-,-,2978.4000,2978.2000,2978.0000,2975.0000,2974.2000,2980.4000,2981.0000,2983.6000,2984.0000,2985.6000,1,4,6,2,2,2,1,1,1,5
SF,IH2006,2019-11-20 09:33:08.500,2981.0000,1869,0,12512640.000,0,-,-,-,-,2978.4000,2978.2000,2978.0000,2975.0000,2974.2000,2980.4000,2981.0000,2983.6000,2984.0000,2985.6000,1,4,6,2,2,2,2,1,1,5
SF,IH2006,2019-11-20 09:33:09.500,2981.0000,1869,0,12512640.000,0,-,-,-,-,2978.4000,2978.2000,2978.0000,2975.0000,2974.2000,2980.4000,2981.0000,2983.6000,2984.0000,2985.6000,1,4,6,2,2,2,1,1,1,5
SF,IH2006,2019-11-20 09:33:10.000,2981.0000,1869,0,12512640.000,0,-,-,-,-,2978.4000,2978.2000,2978.0000,2975.0000,2974.2000,2980.0000,2980.4000,2983.6000,2984.0000,2985.6000,1,4,6,2,2,1,3,1,1,5
SF,IH2006,2019-11-20 09:33:10.500,2981.0000,1869,0,12512640.000,0,-,-,-,-,2978.4000,2978.2000,2978.0000,2975.0000,2974.2000,2980.0000,2980.4000,2983.6000,2984.0000,2985.6000,1,4,6,2,2,1,1,1,1,5
SF,IH2006,2019-11-20 09:33:11.000,2981.0000,1869,0,12512640.000,0,-,-,-,-,2978.4000,2978.2000,2978.0000,2975.0000,2974.2000,2979.8000,2980.0000,2983.6000,2984.0000,2985.6000,1,4,6,2,2,2,1,1,1,5
SF,IH2006,2019-11-20 09:33:11.500,2981.0000,1869,0,12512640.000,0,-,-,-,-,2978.4000,2978.2000,2978.0000,2975.0000,2974.2000,2979.8000,2980.0000,2983.6000,2984.0000,2985.6000,1,4,6,2,2,2,1,1,1,5
SF,IH2006,2019-11-20 09:33:13.000,2981.0000,1869,0,12512640.000,0,-,-,-,-,2978.4000,2978.2000,2978.0000,2975.0000,2974.2000,2979.8000,2983.6000,2984.0000,2985.6000,2985.8000,1,4,6,2,2,2,1,1,5,1
SF,IH2006,2019-11-20 09:33:13.500,2981.0000,1869,0,12512640.000,0,-,-,-,-,2978.4000,2978.2000,2978.0000,2975.0000,2974.2000,2979.6000,2979.8000,2983.6000,2984.0000,2985.6000,1,4,6,2,2,1,2,1,1,5
SF,IH2006,2019-11-20 09:33:14.000,2981.0000,1869,0,12512640.000,0,-,-,-,-,2978.4000,2978.2000,2978.0000,2975.0000,2974.2000,2979.6000,2983.6000,2984.0000,2985.6000,2985.8000,1,4,6,2,2,1,1,1,5,1
SF,IH2006,2019-11-20 09:33:14.500,2981.0000,1869,0,12512640.000,0,-,-,-,-,2978.4000,2978.2000,2978.0000,2975.0000,2974.2000,2979.4000,2979.6000,2983.6000,2984.0000,2985.6000,1,4,6,2,2,2,1,1,1,5
SF,IH2006,2019-11-20 09:33:15.000,2981.0000,1869,0,12512640.000,0,-,-,-,-,2978.4000,2978.2000,2978.0000,2975.0000,2974.2000,2979.4000,2979.6000,2983.6000,2984.0000,2985.6000,1,4,6,2,2,2,1,1,1,5
SF,IH2006,2019-11-20 09:33:15.500,2981.0000,1869,0,12512640.000,0,-,-,-,-,2978.4000,2978.2000,2978.0000,2975.0000,2974.2000,2979.4000,2979.6000,2980.8000,2983.6000,2984.0000,1,4,6,2,2,2,1,1,1,1
SF,IH2006,2019-11-20 09:33:22.000,2981.0000,1869,0,12512640.000,0,-,-,-,-,2978.4000,2978.2000,2978.0000,2975.0000,2974.2000,2979.4000,2979.6000,2980.8000,2983.6000,2984.0000,2,4,6,2,2,2,1,1,1,1
SF,IH2006,2019-11-20 09:33:22.500,2981.0000,1869,0,12512640.000,0,-,-,-,-,2978.4000,2978.2000,2978.0000,2975.0000,2974.2000,2979.4000,2979.6000,2983.6000,2984.0000,2985.6000,2,4,6,2,2,2,1,1,1,5
SF,IH2006,2019-11-20 09:33:25.000,2978.4000,1867,-2,14299680.000,2,0,2,双平,S,2978.2000,2978.0000,2975.0000,2974.2000,2974.0000,2979.4000,2979.6000,2983.6000,2984.0000,2985.6000,4,6,2,2,1,2,1,1,1,5
SF,IH2006,2019-11-20 09:33:25.500,2978.4000,1867,0,14299680.000,0,-,-,-,-,2978.2000,2978.0000,2975.0000,2974.2000,2974.0000,2978.4000,2979.4000,2983.6000,2984.0000,2985.6000,4,6,2,2,1,1,2,1,1,5
SF,IH2006,2019-11-20 09:33:26.000,2978.4000,1866,-1,15193200.000,1,0,1,双平,S,2978.2000,2978.0000,2975.0000,2974.2000,2974.0000,2983.6000,2984.0000,2985.6000,2985.8000,2997.0000,4,6,2,2,1,1,1,5,1,3
SF,IH2006,2019-11-20 09:33:26.500,2978.2000,1866,0,16086660.000,1,0,1,多换,S,2978.2000,2978.0000,2975.0000,2974.2000,2974.0000,2982.0000,2983.4000,2983.6000,2984.0000,2985.6000,3,6,2,2,1,3,1,1,1,5
SF,IH2006,2019-11-20 09:33:27.000,2978.2000,1866,0,16086660.000,0,-,-,-,-,2978.2000,2978.0000,2975.0000,2974.2000,2974.0000,2979.6000,2982.0000,2983.4000,2983.6000,2984.0000,3,6,2,2,1,1,3,1,1,1
SF,IH2006,2019-11-20 09:33:27.500,2978.2000,1866,0,16086660.000,0,-,-,-,-,2978.4000,2978.2000,2978.0000,2975.0000,2974.2000,2979.6000,2980.4000,2982.0000,2983.4000,2983.6000,1,3,6,2,2,1,1,3,1,1
SF,IH2006,2019-11-20 09:33:28.000,2978.2000,1866,0,16086660.000,0,-,-,-,-,2978.2000,2978.0000,2975.0000,2974.2000,2974.0000,2980.4000,2982.0000,2983.4000,2983.6000,2984.0000,3,6,2,2,1,1,3,1,1,1
SF,IH2006,2019-11-20 09:33:28.500,2978.2000,1866,0,16086660.000,0,-,-,-,-,2978.2000,2978.0000,2975.0000,2974.2000,2974.0000,2980.0000,2980.4000,2982.0000,2983.4000,2983.6000,3,6,2,2,1,1,1,3,1,1
SF,IH2006,2019-11-20 09:33:29.000,2978.2000,1866,0,16086660.000,0,-,-,-,-,2978.2000,2978.0000,2975.0000,2974.2000,2974.0000,2980.0000,2980.4000,2981.0000,2982.0000,2983.4000,3,6,2,2,1,1,1,1,3,1
SF,IH2006,2019-11-20 09:33:30.000,2978.2000,1866,0,16086660.000,0,-,-,-,-,2978.2000,2978.0000,2975.0000,2974.2000,2974.0000,2980.0000,2980.4000,2981.0000,2982.0000,2983.4000,3,6,2,2,1,2,1,1,3,1
SF,IH2006,2019-11-20 09:33:30.500,2978.2000,1866,0,16086660.000,0,-,-,-,-,2978.2000,2978.0000,2975.0000,2974.2000,2974.0000,2980.0000,2980.4000,2981.0000,2982.0000,2983.4000,3,6,2,2,1,2,1,1,3,1
SF,IH2006,2019-11-20 09:33:31.500,2980.0000,1865,-1,16980660.000,1,0,1,双平,S,2978.2000,2978.0000,2975.0000,2974.2000,2974.0000,2980.0000,2980.4000,2981.0000,2982.0000,2983.4000,3,6,2,2,1,1,1,1,3,1
SF,IH2006,2019-11-20 09:33:32.000,2980.0000,1865,0,16980660.000,0,-,-,-,-,2978.4000,2978.2000,2978.0000,2975.0000,2974.2000,2980.0000,2980.4000,2981.0000,2982.0000,2983.4000,1,3,6,2,2,1,1,1,3,1
SF,IH2006,2019-11-20 09:33:32.500,2980.0000,1864,-1,17874660.000,1,0,1,双平,S,2978.4000,2978.2000,2978.0000,2975.0000,2974.2000,2981.0000,2982.0000,2983.4000,2983.6000,2984.0000,1,3,6,2,2,1,3,1,1,1
SF,IH2006,2019-11-20 09:33:33.000,2980.0000,1864,0,17874660.000,0,-,-,-,-,2978.4000,2978.2000,2978.0000,2975.0000,2974.2000,2982.0000,2983.4000,2983.6000,2984.0000,2985.6000,1,3,6,2,2,3,1,1,1,5
SF,IH2006,2019-11-20 09:33:33.500,2980.0000,1864,0,17874660.000,0,-,-,-,-,2978.4000,2978.2000,2978.0000,2975.0000,2974.2000,2980.8000,2982.0000,2983.4000,2983.6000,2984.0000,2,3,6,2,2,1,3,1,1,1
SF,IH2006,2019-11-20 09:33:36.500,2980.0000,1864,0,17874660.000,0,-,-,-,-,2978.4000,2978.2000,2978.0000,2975.0000,2974.2000,2980.6000,2980.8000,2982.0000,2983.4000,2983.6000,2,3,6,2,2,1,1,3,1,1
SF,IH2006,2019-11-20 09:33:37.000,2980.6000,1863,-1,18768840.000,1,0,1,双平,S,2978.4000,2978.2000,2978.0000,2975.0000,2974.2000,2980.8000,2982.0000,2983.4000,2983.6000,2984.0000,2,3,6,2,2,1,3,1,1,1
SF,IH2006,2019-11-20 09:33:37.500,2980.6000,1863,0,18768840.000,0,-,-,-,-,2978.4000,2978.2000,2978.0000,2975.0000,2974.2000,2982.0000,2983.4000,2983.6000,2984.0000,2985.6000,2,3,6,2,2,3,1,1,1,5
SF,IH2006,2019-11-20 09:33:38.000,2980.6000,1863,0,18768840.000,0,-,-,-,-,2980.0000,2978.4000,2978.2000,2978.0000,2975.0000,2982.0000,2983.4000,2983.6000,2984.0000,2985.6000,1,2,3,6,2,3,1,1,1,5
SF,IH2006,2019-11-20 09:33:38.500,2980.6000,1863,0,18768840.000,0,-,-,-,-,2980.0000,2978.4000,2978.2000,2978.0000,2975.0000,2982.0000,2983.4000,2983.6000,2984.0000,2985.6000,1,1,3,6,2,3,1,1,1,5
SF,IH2006,2019-11-20 09:33:39.000,2980.6000,1863,0,18768840.000,0,-,-,-,-,2980.0000,2978.4000,2978.2000,2978.0000,2975.0000,2982.0000,2983.4000,2983.6000,2984.0000,2985.6000,1,1,3,6,1,3,1,1,1,5
SF,IH2006,2019-11-20 09:33:39.500,2980.6000,1863,0,18768840.000,0,-,-,-,-,2978.4000,2978.2000,2978.0000,2975.0000,2974.2000,2982.0000,2983.4000,2983.6000,2984.0000,2985.6000,1,3,7,1,2,3,1,1,1,5
SF,IH2006,2019-11-20 09:33:40.000,2980.6000,1863,0,18768840.000,0,-,-,-,-,2979.2000,2978.8000,2978.4000,2978.2000,2978.0000,2982.0000,2983.6000,2984.0000,2985.6000,2985.8000,1,1,1,3,7,1,1,1,5,1
SF,IH2006,2019-11-20 09:33:41.000,2980.6000,1863,0,18768840.000,0,-,-,-,-,2979.2000,2978.8000,2978.4000,2978.2000,2978.0000,2981.8000,2982.0000,2983.6000,2984.0000,2985.6000,1,1,1,3,7,1,1,1,1,5
SF,IH2006,2019-11-20 09:33:42.000,2980.6000,1863,0,18768840.000,0,-,-,-,-,2979.2000,2978.8000,2978.4000,2978.2000,2978.0000,2981.8000,2983.6000,2984.0000,2985.6000,2985.8000,1,1,1,3,7,1,1,1,5,1
SF,IH2006,2019-11-20 09:33:42.500,2980.6000,1863,0,18768840.000,0,-,-,-,-,2979.2000,2978.8000,2978.4000,2978.2000,2978.0000,2981.8000,2983.6000,2984.0000,2985.6000,2985.8000,1,1,1,3,7,1,1,1,5,1
SF,IH2006,2019-11-20 09:33:43.000,2980.6000,1863,0,18768840.000,0,-,-,-,-,2979.2000,2978.8000,2978.4000,2978.2000,2978.0000,2983.6000,2984.0000,2985.6000,2985.8000,2997.0000,1,1,1,3,7,1,1,5,1,3
SF,IH2006,2019-11-20 09:33:45.000,2980.6000,1863,0,18768840.000,0,-,-,-,-,2979.2000,2978.8000,2978.4000,2978.2000,2978.0000,2982.0000,2983.6000,2984.0000,2985.6000,2985.8000,1,1,1,3,7,1,1,1,5,1
SF,IH2006,2019-11-20 09:33:47.500,2980.6000,1863,0,18768840.000,0,-,-,-,-,2979.2000,2978.8000,2978.4000,2978.2000,2978.0000,2982.0000,2983.6000,2984.0000,2985.6000,2985.8000,1,1,1,3,7,3,1,1,5,1
SF,IH2006,2019-11-20 09:33:48.000,2980.6000,1863,0,18768840.000,0,-,-,-,-,2979.2000,2978.8000,2978.4000,2978.2000,2978.0000,2982.0000,2983.6000,2984.0000,2985.6000,2985.8000,1,1,1,3,7,1,1,1,5,1
SF,IH2006,2019-11-20 09:33:50.000,2980.6000,1863,0,18768840.000,0,-,-,-,-,2979.2000,2978.8000,2978.4000,2978.2000,2978.0000,2982.0000,2983.6000,2984.0000,2985.6000,2985.8000,1,1,1,3,7,3,1,1,5,1
SF,IH2006,2019-11-20 09:33:51.500,2980.6000,1863,0,18768840.000,0,-,-,-,-,2979.2000,2978.8000,2978.4000,2978.2000,2978.0000,2982.0000,2982.6000,2983.6000,2984.0000,2985.6000,1,1,1,3,7,3,1,1,1,5
SF,IH2006,2019-11-20 09:33:52.500,2980.6000,1863,0,18768840.000,0,-,-,-,-,2979.2000,2978.8000,2978.4000,2978.2000,2978.0000,2982.0000,2982.6000,2983.6000,2984.0000,2985.6000,1,1,1,3,7,1,1,1,1,5
SF,IH2006,2019-11-20 09:33:53.000,2980.6000,1863,0,18768840.000,0,-,-,-,-,2979.2000,2978.8000,2978.4000,2978.2000,2978.0000,2982.0000,2982.6000,2983.6000,2984.0000,2985.6000,1,1,1,3,7,3,1,1,1,5
SF,IH2006,2019-11-20 09:33:54.000,2980.6000,1863,0,18768840.000,0,-,-,-,-,2979.2000,2978.8000,2978.4000,2978.2000,2978.0000,2982.0000,2982.6000,2983.6000,2984.0000,2985.6000,1,1,1,3,7,1,1,1,1,5
SF,IH2006,2019-11-20 09:33:55.000,2980.6000,1863,0,18768840.000,0,-,-,-,-,2979.2000,2978.8000,2978.4000,2978.2000,2978.0000,2982.0000,2982.6000,2983.6000,2984.0000,2985.6000,1,1,1,3,7,3,1,1,1,5
SF,IH2006,2019-11-20 09:33:55.500,2980.6000,1863,0,18768840.000,0,-,-,-,-,2979.2000,2978.8000,2978.4000,2978.2000,2978.0000,2982.6000,2983.6000,2984.0000,2985.6000,2985.8000,1,1,1,3,7,1,1,1,5,1
SF,IH2006,2019-11-20 09:33:56.500,2980.6000,1863,0,18768840.000,0,-,-,-,-,2979.2000,2978.8000,2978.4000,2978.2000,2978.0000,2982.0000,2982.6000,2983.6000,2984.0000,2985.6000,1,1,1,3,7,3,1,1,1,5
SF,IH2006,2019-11-20 09:33:57.000,2980.6000,1863,0,18768840.000,0,-,-,-,-,2979.6000,2979.2000,2978.8000,2978.4000,2978.2000,2982.0000,2982.6000,2983.6000,2984.0000,2985.6000,1,1,1,1,3,3,1,1,1,5
SF,IH2006,2019-11-20 09:33:57.500,2980.6000,1863,0,18768840.000,0,-,-,-,-,2979.6000,2978.8000,2978.4000,2978.2000,2978.0000,2982.0000,2982.6000,2983.6000,2984.0000,2985.6000,1,1,1,3,7,3,1,1,1,5
SF,IH2006,2019-11-20 09:33:58.000,2980.6000,1863,0,18768840.000,0,-,-,-,-,2980.4000,2979.6000,2978.8000,2978.4000,2978.2000,2982.0000,2982.6000,2983.6000,2984.0000,2985.6000,1,1,1,1,3,3,1,1,1,5
SF,IH2006,2019-11-20 09:33:58.500,2980.6000,1863,0,18768840.000,0,-,-,-,-,2980.4000,2979.6000,2978.8000,2978.4000,2978.2000,2982.6000,2983.6000,2984.0000,2985.6000,2985.8000,1,1,1,1,3,1,1,1,5,1
SF,IH2006,2019-11-20 09:33:59.000,2980.6000,1863,0,18768840.000,0,-,-,-,-,2980.4000,2979.6000,2978.8000,2978.4000,2978.2000,2982.6000,2983.6000,2984.0000,2985.6000,2985.8000,1,1,1,1,3,1,1,1,5,1
SF,IH2006,2019-11-20 09:33:59.500,2980.6000,1863,0,18768840.000,0,-,-,-,-,2980.4000,2979.6000,2978.8000,2978.4000,2978.2000,2982.0000,2982.6000,2983.6000,2984.0000,2985.6000,1,1,1,1,3,3,1,1,1,5
SF,IH2006,2019-11-20 09:34:02.500,2980.6000,1863,0,18768840.000,0,-,-,-,-,2980.4000,2979.6000,2978.8000,2978.4000,2978.2000,2981.8000,2982.0000,2982.6000,2983.6000,2984.0000,1,1,1,1,3,1,3,1,1,1
SF,IH2006,2019-11-20 09:34:07.000,2980.6000,1863,0,18768840.000,0,-,-,-,-,2980.4000,2979.6000,2978.8000,2978.4000,2978.2000,2981.8000,2982.0000,2982.6000,2983.6000,2984.0000,1,1,1,1,3,1,2,1,1,1
SF,IH2006,2019-11-20 09:34:07.500,2980.6000,1863,0,18768840.000,0,-,-,-,-,2980.4000,2979.6000,2978.8000,2978.4000,2978.2000,2981.8000,2982.0000,2982.6000,2983.6000,2984.0000,1,1,1,1,3,1,2,1,1,1
SF,IH2006,2019-11-20 09:34:08.000,2980.4000,1862,-1,19662960.000,1,0,1,双平,S,2979.6000,2978.8000,2978.4000,2978.2000,2978.0000,2981.8000,2982.0000,2982.6000,2983.6000,2984.0000,1,1,1,3,7,1,2,1,1,1
SF,IH2006,2019-11-20 09:34:08.500,2980.4000,1862,0,19662960.000,0,-,-,-,-,2978.8000,2978.4000,2978.2000,2978.0000,2975.0000,2981.8000,2982.0000,2982.6000,2983.6000,2984.0000,1,1,3,7,1,1,2,1,1,1
SF,IH2006,2019-11-20 09:34:13.500,2980.4000,1862,0,19662960.000,0,-,-,-,-,2978.8000,2978.4000,2978.2000,2978.0000,2975.0000,2981.4000,2981.8000,2982.0000,2982.6000,2983.6000,1,1,3,7,1,1,1,2,1,1
SF,IH2006,2019-11-20 09:34:14.000,2980.4000,1862,0,19662960.000,0,-,-,-,-,2978.8000,2978.4000,2978.2000,2978.0000,2975.0000,2981.4000,2981.8000,2982.0000,2982.6000,2983.6000,1,1,3,7,1,1,1,2,1,1
SF,IH2006,2019-11-20 09:34:14.500,2980.4000,1862,0,19662960.000,0,-,-,-,-,2978.8000,2978.4000,2978.2000,2978.0000,2975.0000,2981.4000,2981.8000,2982.0000,2982.6000,2983.6000,1,1,3,7,1,1,1,2,1,1
SF,IH2006,2019-11-20 09:34:15.000,2980.4000,1862,0,19662960.000,0,-,-,-,-,2979.0000,2978.8000,2978.4000,2978.2000,2978.0000,2981.4000,2981.8000,2982.0000,2982.6000,2983.6000,1,1,1,3,7,1,1,2,1,1
SF,IH2006,2019-11-20 09:34:16.500,2980.4000,1862,0,19662960.000,0,-,-,-,-,2979.0000,2978.8000,2978.4000,2978.2000,2978.0000,2981.8000,2982.0000,2982.6000,2983.6000,2984.0000,1,1,1,3,7,1,2,1,1,1
SF,IH2006,2019-11-20 09:34:17.000,2980.4000,1862,0,19662960.000,0,-,-,-,-,2979.0000,2978.8000,2978.4000,2978.2000,2978.0000,2981.8000,2982.6000,2983.6000,2984.0000,2985.6000,1,1,1,3,7,1,1,1,1,5
SF,IH2006,2019-11-20 09:34:18.000,2980.4000,1862,0,19662960.000,0,-,-,-,-,2979.0000,2978.8000,2978.4000,2978.2000,2978.0000,2981.8000,2982.0000,2982.6000,2983.6000,2984.0000,1,1,1,3,7,1,2,1,1,1
SF,IH2006,2019-11-20 09:34:18.500,2980.4000,1862,0,19662960.000,0,-,-,-,-,2979.0000,2978.8000,2978.4000,2978.2000,2978.0000,2981.8000,2982.6000,2983.6000,2984.0000,2985.6000,1,1,1,3,7,1,1,1,1,5
SF,IH2006,2019-11-20 09:34:19.500,2980.4000,1862,0,19662960.000,0,-,-,-,-,2979.0000,2978.8000,2978.4000,2978.2000,2978.0000,2981.8000,2982.0000,2982.6000,2983.6000,2984.0000,1,1,1,3,7,1,2,1,1,1
SF,IH2006,2019-11-20 09:34:20.000,2980.4000,1862,0,19662960.000,0,-,-,-,-,2979.0000,2978.8000,2978.4000,2978.2000,2978.0000,2981.8000,2982.6000,2983.6000,2984.0000,2985.6000,1,1,1,3,7,1,1,1,1,5
SF,IH2006,2019-11-20 09:34:21.000,2980.4000,1862,0,19662960.000,0,-,-,-,-,2979.0000,2978.8000,2978.4000,2978.2000,2978.0000,2981.8000,2982.0000,2982.6000,2983.6000,2984.0000,1,1,1,3,7,1,2,1,1,1
SF,IH2006,2019-11-20 09:34:22.000,2980.4000,1862,0,19662960.000,0,-,-,-,-,2979.0000,2978.8000,2978.4000,2978.2000,2978.0000,2981.8000,2982.6000,2983.6000,2984.0000,2985.6000,1,1,1,3,7,1,1,1,1,5
SF,IH2006,2019-11-20 09:34:22.500,2980.4000,1862,0,19662960.000,0,-,-,-,-,2979.0000,2978.8000,2978.4000,2978.2000,2978.0000,2981.8000,2982.0000,2982.6000,2983.6000,2984.0000,1,1,1,3,7,1,2,1,1,1
SF,IH2006,2019-11-20 09:34:27.000,2980.4000,1862,0,19662960.000,0,-,-,-,-,2979.0000,2978.8000,2978.4000,2978.2000,2978.0000,2981.4000,2981.8000,2982.0000,2982.6000,2983.6000,1,1,1,3,7,1,1,2,1,1
SF,IH2006,2019-11-20 09:34:27.500,2980.4000,1862,0,19662960.000,0,-,-,-,-,2979.2000,2979.0000,2978.8000,2978.4000,2978.2000,2981.4000,2981.8000,2982.0000,2982.6000,2983.6000,1,1,1,1,3,1,1,2,1,1
SF,IH2006,2019-11-20 09:34:29.000,2980.4000,1862,0,19662960.000,0,-,-,-,-,2979.4000,2979.2000,2978.8000,2978.4000,2978.2000,2981.4000,2981.8000,2982.0000,2982.6000,2983.6000,1,1,1,1,3,1,1,2,1,1
SF,IH2006,2019-11-20 09:34:29.500,2980.4000,1862,0,19662960.000,0,-,-,-,-,2979.6000,2979.4000,2978.8000,2978.4000,2978.2000,2981.4000,2981.8000,2982.0000,2982.6000,2983.6000,1,1,1,1,3,1,1,2,1,1
SF,IH2006,2019-11-20 09:34:32.500,2980.4000,1862,0,19662960.000,0,-,-,-,-,2979.6000,2978.8000,2978.4000,2978.2000,2978.0000,2981.4000,2981.8000,2982.0000,2982.6000,2983.6000,1,1,1,3,7,1,1,2,1,1
SF,IH2006,2019-11-20 09:34:33.000,2980.4000,1862,0,19662960.000,0,-,-,-,-,2979.8000,2979.6000,2978.8000,2978.4000,2978.2000,2981.4000,2981.8000,2982.0000,2982.6000,2983.6000,1,1,1,1,3,1,1,2,1,1
SF,IH2006,2019-11-20 09:34:33.500,2980.4000,1862,0,19662960.000,0,-,-,-,-,2979.8000,2978.8000,2978.4000,2978.2000,2978.0000,2981.4000,2981.8000,2982.0000,2982.6000,2983.6000,1,1,1,3,7,1,1,2,1,1
SF,IH2006,2019-11-20 09:34:35.000,2980.4000,1862,0,19662960.000,0,-,-,-,-,2979.8000,2978.8000,2978.4000,2978.2000,2978.0000,2981.8000,2982.0000,2982.6000,2983.6000,2984.0000,1,1,1,3,7,1,2,1,1,1
SF,IH2006,2019-11-20 09:34:35.500,2980.4000,1862,0,19662960.000,0,-,-,-,-,2979.8000,2978.8000,2978.4000,2978.2000,2978.0000,2981.6000,2981.8000,2982.0000,2982.6000,2983.6000,1,1,1,3,7,1,1,2,1,1
SF,IH2006,2019-11-20 09:34:37.000,2980.4000,1862,0,19662960.000,0,-,-,-,-,2981.4000,2978.8000,2978.4000,2978.2000,2978.0000,2981.6000,2981.8000,2982.0000,2982.6000,2983.6000,1,1,1,3,7,1,1,2,1,1
SF,IH2006,2019-11-20 09:34:37.500,2981.4000,1862,0,20557380.000,1,0,1,多换,S,2978.8000,2978.4000,2978.2000,2978.0000,2975.0000,2981.0000,2981.4000,2981.6000,2981.8000,2982.0000,1,1,3,7,1,2,1,1,1,2
SF,IH2006,2019-11-20 09:34:38.000,2981.4000,1862,0,20557380.000,0,-,-,-,-,2979.0000,2978.8000,2978.4000,2978.2000,2978.0000,2981.4000,2981.8000,2982.0000,2982.6000,2983.6000,2,1,1,3,7,1,1,2,1,1
SF,IH2006,2019-11-20 09:34:39.500,2981.4000,1862,0,20557380.000,0,-,-,-,-,2979.0000,2978.8000,2978.4000,2978.2000,2978.0000,2981.2000,2981.4000,2981.8000,2982.0000,2982.6000,2,1,1,3,7,1,1,1,2,1
SF,IH2006,2019-11-20 09:34:40.000,2981.4000,1862,0,20557380.000,0,-,-,-,-,2979.2000,2979.0000,2978.8000,2978.4000,2978.2000,2981.2000,2981.4000,2981.8000,2982.0000,2982.6000,1,2,1,1,3,1,1,1,2,1
SF,IH2006,2019-11-20 09:34:40.500,2981.4000,1862,0,20557380.000,0,-,-,-,-,2979.4000,2979.2000,2978.8000,2978.4000,2978.2000,2981.2000,2981.4000,2981.8000,2982.6000,2983.6000,1,1,1,1,3,1,1,1,1,1
SF,IH2006,2019-11-20 09:34:41.500,2981.4000,1862,0,20557380.000,0,-,-,-,-,2979.6000,2979.4000,2978.8000,2978.4000,2978.2000,2981.2000,2981.4000,2981.8000,2982.6000,2983.6000,1,1,1,1,3,1,1,1,1,1
SF,IH2006,2019-11-20 09:34:42.000,2981.4000,1862,0,20557380.000,0,-,-,-,-,2979.8000,2979.6000,2978.8000,2978.4000,2978.2000,2981.4000,2981.8000,2982.6000,2983.6000,2984.0000,1,1,1,1,3,1,1,1,1,1
SF,IH2006,2019-11-20 09:34:46.000,2981.4000,1862,0,20557380.000,0,-,-,-,-,2979.8000,2979.6000,2978.8000,2978.4000,2978.2000,2981.2000,2981.4000,2981.8000,2982.6000,2983.6000,1,1,1,1,3,1,1,1,1,1
SF,IH2006,2019-11-20 09:34:47.500,2981.4000,1862,0,20557380.000,0,-,-,-,-,2979.8000,2979.6000,2978.8000,2978.4000,2978.2000,2981.4000,2981.8000,2982.6000,2983.6000,2984.0000,1,1,1,1,3,1,1,1,1,1
SF,IH2006,2019-11-20 09:34:48.000,2981.4000,1862,0,20557380.000,0,-,-,-,-,2980.0000,2979.8000,2978.8000,2978.4000,2978.2000,2981.4000,2981.8000,2982.6000,2983.6000,2984.0000,1,1,1,1,3,1,1,1,1,1
SF,IH2006,2019-11-20 09:34:48.500,2981.4000,1862,0,20557380.000,0,-,-,-,-,2980.0000,2978.8000,2978.4000,2978.2000,2978.0000,2981.4000,2981.8000,2982.6000,2983.6000,2984.0000,1,1,1,3,7,1,1,1,1,1
SF,IH2006,2019-11-20 09:34:49.000,2981.4000,1862,0,20557380.000,0,-,-,-,-,2980.0000,2978.8000,2978.4000,2978.2000,2978.0000,2981.4000,2981.8000,2982.6000,2983.6000,2984.0000,1,1,1,3,7,1,1,1,1,1
SF,IH2006,2019-11-20 09:34:53.000,2980.0000,1861,-1,21451380.000,1,0,1,双平,S,2978.8000,2978.4000,2978.2000,2978.0000,2975.0000,2981.4000,2981.8000,2982.6000,2983.6000,2984.0000,1,1,3,7,1,1,1,1,1,1
SF,IH2006,2019-11-20 09:34:53.500,2980.0000,1861,0,21451380.000,0,-,-,-,-,2979.0000,2978.8000,2978.4000,2978.2000,2978.0000,2980.0000,2981.2000,2981.4000,2981.8000,2982.6000,1,1,1,3,7,1,1,1,1,1
SF,IH2006,2019-11-20 09:34:54.000,2980.0000,1861,0,21451380.000,0,-,-,-,-,2979.0000,2978.8000,2978.4000,2978.2000,2978.0000,2980.0000,2981.4000,2981.8000,2982.6000,2983.6000,1,1,1,3,7,1,1,1,1,1
SF,IH2006,2019-11-20 09:34:54.500,2980.0000,1861,0,21451380.000,0,-,-,-,-,2979.0000,2978.8000,2978.4000,2978.2000,2978.0000,2980.0000,2981.4000,2981.8000,2982.6000,2983.6000,1,1,1,3,7,1,1,1,1,1
SF,IH2006,2019-11-20 09:34:55.000,2980.0000,1861,0,21451380.000,0,-,-,-,-,2979.0000,2978.8000,2978.4000,2978.2000,2978.0000,2981.4000,2981.8000,2982.6000,2983.6000,2984.0000,1,1,1,3,7,1,1,1,1,1
SF,IH2006,2019-11-20 09:34:55.500,2980.0000,1861,0,21451380.000,0,-,-,-,-,2979.0000,2978.8000,2978.4000,2978.2000,2978.0000,2981.2000,2981.4000,2981.8000,2982.6000,2983.6000,1,1,1,3,7,1,1,1,1,1
SF,IH2006,2019-11-20 09:34:57.000,2980.0000,1861,0,21451380.000,0,-,-,-,-,2979.0000,2978.8000,2978.4000,2978.2000,2978.0000,2980.8000,2981.2000,2981.4000,2981.8000,2982.6000,1,1,1,3,7,1,1,1,1,1
SF,IH2006,2019-11-20 09:34:57.500,2980.0000,1861,0,21451380.000,0,-,-,-,-,2979.0000,2978.8000,2978.4000,2978.2000,2978.0000,2980.8000,2981.4000,2981.8000,2982.6000,2983.6000,1,1,1,3,7,1,1,1,1,1
SF,IH2006,2019-11-20 09:35:06.500,2980.0000,1861,0,21451380.000,0,-,-,-,-,2979.0000,2978.8000,2978.4000,2978.2000,2978.0000,2981.4000,2981.8000,2982.6000,2983.6000,2984.0000,1,1,1,3,7,1,1,1,1,1
SF,IH2006,2019-11-20 09:35:07.000,2980.0000,1861,0,21451380.000,0,-,-,-,-,2979.0000,2978.8000,2978.4000,2978.2000,2978.0000,2981.2000,2981.4000,2981.8000,2982.6000,2983.6000,1,1,1,3,7,1,1,1,1,1
SF,IH2006,2019-11-20 09:35:15.500,2980.0000,1861,0,21451380.000,0,-,-,-,-,2979.0000,2978.8000,2978.4000,2978.2000,2978.0000,2981.2000,2981.4000,2981.8000,2982.6000,2983.6000,2,1,1,3,7,1,1,1,1,1
SF,IH2006,2019-11-20 09:35:16.000,2980.0000,1861,0,21451380.000,0,-,-,-,-,2979.0000,2978.8000,2978.4000,2978.2000,2978.0000,2981.4000,2982.6000,2983.6000,2984.0000,2985.6000,2,1,1,3,7,1,1,1,1,5
SF,IH2006,2019-11-20 09:35:16.500,2980.0000,1861,0,21451380.000,0,-,-,-,-,2979.0000,2978.8000,2978.4000,2978.2000,2978.0000,2981.4000,2982.6000,2983.6000,2984.0000,2984.2000,2,1,1,3,7,1,1,1,1,1
SF,IH2006,2019-11-20 09:35:17.000,2980.0000,1861,0,21451380.000,0,-,-,-,-,2979.0000,2978.8000,2978.4000,2978.2000,2978.0000,2981.4000,2982.6000,2983.6000,2984.0000,2984.2000,2,1,1,3,7,1,1,1,1,1
SF,IH2006,2019-11-20 09:35:17.500,2980.0000,1861,0,21451380.000,0,-,-,-,-,2979.0000,2978.8000,2978.4000,2978.2000,2978.0000,2981.4000,2982.6000,2983.6000,2984.0000,2984.2000,2,1,1,3,7,1,1,1,1,1
SF,IH2006,2019-11-20 09:35:22.000,2980.0000,1861,0,21451380.000,0,-,-,-,-,2981.4000,2979.0000,2978.8000,2978.4000,2978.2000,2982.6000,2983.6000,2984.0000,2984.2000,2985.6000,4,2,1,1,3,1,1,1,1,5
SF,IH2006,2019-11-20 09:35:22.500,2981.4000,1861,0,25029060.000,4,2,2,多换,S,2979.0000,2978.8000,2978.4000,2978.2000,2978.0000,2982.0000,2982.4000,2982.6000,2983.6000,2984.0000,1,1,1,3,7,1,2,1,1,1
SF,IH2006,2019-11-20 09:35:23.000,2981.4000,1861,0,25029060.000,0,-,-,-,-,2979.2000,2979.0000,2978.8000,2978.4000,2978.2000,2981.4000,2982.0000,2982.6000,2983.6000,2984.0000,2,1,1,1,3,1,3,1,1,1
SF,IH2006,2019-11-20 09:35:23.500,2981.4000,1861,0,25029060.000,0,-,-,-,-,2979.2000,2979.0000,2978.8000,2978.4000,2978.2000,2981.4000,2982.0000,2982.6000,2983.6000,2984.0000,2,1,1,1,3,2,3,1,1,1
SF,IH2006,2019-11-20 09:35:24.000,2981.4000,1861,0,25029060.000,0,-,-,-,-,2979.4000,2979.0000,2978.8000,2978.4000,2978.2000,2981.2000,2981.4000,2982.0000,2982.6000,2983.6000,1,1,1,1,3,1,2,2,1,1
SF,IH2006,2019-11-20 09:35:24.500,2981.4000,1861,0,25029060.000,0,-,-,-,-,2979.4000,2978.8000,2978.4000,2978.2000,2978.0000,2981.0000,2981.2000,2981.4000,2982.0000,2982.6000,1,1,1,3,7,2,1,2,2,1
SF,IH2006,2019-11-20 09:35:25.000,2981.4000,1861,0,25029060.000,0,-,-,-,-,2979.4000,2978.8000,2978.4000,2978.2000,2978.0000,2981.0000,2981.4000,2982.0000,2982.6000,2983.6000,1,1,1,3,7,3,1,2,1,1
SF,IH2006,2019-11-20 09:35:25.500,2981.4000,1861,0,25029060.000,0,-,-,-,-,2979.4000,2978.8000,2978.4000,2978.2000,2978.0000,2981.0000,2981.4000,2982.0000,2982.6000,2983.6000,1,1,1,3,7,3,1,2,1,1
SF,IH2006,2019-11-20 09:35:26.000,2981.4000,1861,0,25029060.000,0,-,-,-,-,2979.4000,2978.8000,2978.4000,2978.2000,2978.0000,2981.0000,2981.4000,2982.0000,2982.6000,2983.6000,1,1,1,3,7,2,2,2,1,1
SF,IH2006,2019-11-20 09:35:26.500,2981.4000,1861,0,25029060.000,0,-,-,-,-,2979.4000,2978.8000,2978.4000,2978.2000,2978.0000,2981.0000,2981.4000,2982.0000,2982.6000,2983.6000,1,1,1,3,7,1,2,1,1,1
SF,IH2006,2019-11-20 09:35:27.000,2981.4000,1861,0,25029060.000,0,-,-,-,-,2979.4000,2978.8000,2978.4000,2978.2000,2978.0000,2981.0000,2981.2000,2981.4000,2982.0000,2982.6000,1,1,1,3,7,1,1,2,1,1
SF,IH2006,2019-11-20 09:35:32.000,2981.4000,1861,0,25029060.000,0,-,-,-,-,2979.4000,2978.8000,2978.4000,2978.0000,2975.0000,2981.0000,2981.2000,2981.4000,2982.0000,2982.6000,1,1,1,7,1,1,1,2,1,1
SF,IH2006,2019-11-20 09:35:34.500,2981.4000,1861,0,25029060.000,0,-,-,-,-,2979.4000,2978.8000,2978.4000,2978.0000,2975.0000,2980.8000,2981.0000,2981.2000,2981.4000,2982.0000,1,1,1,7,1,1,1,1,2,1
SF,IH2006,2019-11-20 09:35:36.500,2981.4000,1861,0,25029060.000,0,-,-,-,-,2979.4000,2978.8000,2978.4000,2978.0000,2975.0000,2980.8000,2981.0000,2981.2000,2981.4000,2982.0000,1,1,1,7,1,1,1,1,1,1
SF,IH2006,2019-11-20 09:35:38.500,2981.4000,1861,0,25029060.000,0,-,-,-,-,2979.4000,2978.8000,2978.4000,2978.0000,2975.0000,2980.8000,2981.0000,2981.2000,2982.0000,2982.6000,1,1,1,2,1,1,1,1,1,1
SF,IH2006,2019-11-20 09:35:39.000,2981.4000,1861,0,25029060.000,0,-,-,-,-,2979.4000,2978.8000,2978.4000,2978.0000,2975.0000,2980.8000,2981.2000,2982.6000,2983.6000,2984.0000,1,1,1,2,1,1,1,1,1,1
SF,IH2006,2019-11-20 09:35:39.500,2981.4000,1861,0,25029060.000,0,-,-,-,-,2979.8000,2979.4000,2978.8000,2978.4000,2978.0000,2982.6000,2983.6000,2984.0000,2984.2000,2985.6000,1,1,1,1,2,1,1,1,1,5
SF,IH2006,2019-11-20 09:35:40.000,2981.4000,1861,0,25029060.000,0,-,-,-,-,2980.0000,2979.8000,2978.8000,2978.4000,2978.0000,2982.0000,2982.4000,2982.6000,2983.6000,2984.0000,1,1,1,1,2,1,1,1,1,1
SF,IH2006,2019-11-20 09:35:40.500,2981.4000,1861,0,25029060.000,0,-,-,-,-,2980.0000,2979.8000,2978.8000,2978.4000,2978.0000,2981.6000,2982.6000,2983.6000,2984.0000,2984.2000,1,1,1,1,2,1,1,1,1,1
SF,IH2006,2019-11-20 09:35:41.000,2981.4000,1861,0,25029060.000,0,-,-,-,-,2980.0000,2979.8000,2978.8000,2978.4000,2978.0000,2982.6000,2983.6000,2984.0000,2984.2000,2984.6000,1,1,1,1,2,1,1,1,1,1
SF,IH2006,2019-11-20 09:35:41.500,2981.4000,1861,0,25029060.000,0,-,-,-,-,2980.0000,2979.8000,2978.8000,2978.4000,2978.0000,2981.8000,2982.4000,2982.6000,2983.6000,2984.0000,1,1,1,1,2,1,1,1,1,1
SF,IH2006,2019-11-20 09:35:42.000,2981.4000,1861,0,25029060.000,0,-,-,-,-,2980.8000,2980.0000,2979.8000,2978.8000,2978.4000,2982.6000,2983.6000,2984.0000,2984.2000,2984.6000,3,1,1,1,1,1,1,1,1,1
SF,IH2006,2019-11-20 09:35:42.500,2981.4000,1861,0,25029060.000,0,-,-,-,-,2980.8000,2979.8000,2978.8000,2978.4000,2978.0000,2982.0000,2982.4000,2982.6000,2983.6000,2984.0000,3,1,1,1,2,1,1,1,1,1
SF,IH2006,2019-11-20 09:35:43.000,2981.4000,1861,0,25029060.000,0,-,-,-,-,2980.8000,2979.8000,2978.8000,2978.4000,2978.0000,2982.0000,2982.6000,2983.6000,2984.0000,2984.2000,3,1,1,1,2,1,1,1,1,1
SF,IH2006,2019-11-20 09:35:43.500,2981.4000,1861,0,25029060.000,0,-,-,-,-,2980.8000,2979.8000,2978.8000,2978.4000,2978.0000,2982.6000,2983.6000,2984.0000,2984.2000,2984.6000,3,1,1,1,2,1,1,1,1,1
SF,IH2006,2019-11-20 09:35:44.000,2981.4000,1861,0,25029060.000,0,-,-,-,-,2980.8000,2979.8000,2978.8000,2978.4000,2978.0000,2982.0000,2982.4000,2982.6000,2983.6000,2983.8000,3,1,1,1,2,1,1,1,1,1
SF,IH2006,2019-11-20 09:35:44.500,2981.4000,1861,0,25029060.000,0,-,-,-,-,2980.8000,2979.8000,2978.8000,2978.4000,2978.0000,2982.6000,2983.6000,2983.8000,2984.0000,2984.2000,3,1,1,1,2,1,1,1,1,1
SF,IH2006,2019-11-20 09:35:45.000,2981.4000,1861,0,25029060.000,0,-,-,-,-,2980.8000,2979.8000,2978.8000,2978.4000,2978.0000,2981.8000,2982.4000,2982.6000,2983.6000,2983.8000,3,1,1,1,2,1,1,1,1,1
SF,IH2006,2019-11-20 09:35:45.500,2981.4000,1861,0,25029060.000,0,-,-,-,-,2980.8000,2979.8000,2978.8000,2978.4000,2978.0000,2982.6000,2983.6000,2983.8000,2984.0000,2984.2000,3,1,1,1,2,1,1,1,1,1
SF,IH2006,2019-11-20 09:35:46.000,2981.4000,1861,0,25029060.000,0,-,-,-,-,2980.8000,2979.8000,2978.8000,2978.4000,2978.0000,2982.0000,2982.4000,2982.6000,2983.6000,2983.8000,3,1,1,1,2,1,1,1,1,1
SF,IH2006,2019-11-20 09:35:46.500,2981.4000,1861,0,25029060.000,0,-,-,-,-,2980.8000,2979.8000,2978.8000,2978.4000,2978.0000,2982.6000,2983.6000,2983.8000,2984.0000,2984.2000,3,1,1,1,2,1,1,1,1,1
SF,IH2006,2019-11-20 09:35:47.000,2981.4000,1861,0,25029060.000,0,-,-,-,-,2980.8000,2979.8000,2978.8000,2978.4000,2978.0000,2981.8000,2982.4000,2982.6000,2983.6000,2983.8000,3,1,1,1,2,1,1,1,1,1
SF,IH2006,2019-11-20 09:35:47.500,2981.4000,1861,0,25029060.000,0,-,-,-,-,2980.8000,2979.8000,2978.8000,2978.4000,2978.0000,2982.6000,2983.6000,2983.8000,2984.0000,2984.2000,3,1,1,1,2,1,1,1,1,1
SF,IH2006,2019-11-20 09:35:48.000,2981.4000,1861,0,25029060.000,0,-,-,-,-,2980.8000,2979.8000,2978.8000,2978.4000,2978.0000,2981.8000,2982.4000,2982.6000,2983.6000,2983.8000,3,1,1,1,2,1,1,1,1,1
SF,IH2006,2019-11-20 09:35:48.500,2981.4000,1861,0,25029060.000,0,-,-,-,-,2980.8000,2979.8000,2978.8000,2978.4000,2978.0000,2982.6000,2983.6000,2983.8000,2984.0000,2984.2000,3,1,1,1,2,1,1,1,1,1
SF,IH2006,2019-11-20 09:35:49.000,2981.4000,1861,0,25029060.000,0,-,-,-,-,2980.8000,2979.8000,2978.8000,2978.4000,2978.0000,2982.0000,2982.4000,2982.6000,2983.6000,2983.8000,3,1,1,1,2,1,1,1,1,1
SF,IH2006,2019-11-20 09:35:49.500,2981.4000,1861,0,25029060.000,0,-,-,-,-,2980.8000,2978.8000,2978.4000,2978.0000,2975.0000,2982.0000,2982.6000,2983.6000,2983.8000,2984.0000,3,1,1,2,1,2,1,1,1,1
SF,IH2006,2019-11-20 09:35:50.000,2981.4000,1861,0,25029060.000,0,-,-,-,-,2980.8000,2978.8000,2978.4000,2978.0000,2975.0000,2981.6000,2982.6000,2983.6000,2983.8000,2984.0000,3,1,1,2,1,1,1,1,1,1
SF,IH2006,2019-11-20 09:35:52.500,2980.8000,1861,0,27711780.000,3,1,2,多换,S,2978.8000,2978.4000,2978.0000,2975.0000,2974.2000,2981.6000,2982.6000,2983.6000,2983.8000,2984.0000,1,1,2,1,2,1,1,1,1,1
SF,IH2006,2019-11-20 09:35:53.000,2980.8000,1861,0,27711780.000,0,-,-,-,-,2979.0000,2978.8000,2978.4000,2978.0000,2975.0000,2980.8000,2981.6000,2982.6000,2983.6000,2983.8000,3,1,1,2,1,1,1,1,1,1
SF,IH2006,2019-11-20 09:35:53.500,2980.8000,1861,0,27711780.000,0,-,-,-,-,2979.0000,2978.8000,2978.4000,2978.0000,2975.0000,2980.8000,2981.6000,2982.6000,2983.6000,2983.8000,3,1,1,2,1,1,1,1,1,1
SF,IH2006,2019-11-20 09:35:54.000,2980.8000,1861,0,27711780.000,0,-,-,-,-,2979.0000,2978.8000,2978.4000,2978.0000,2975.0000,2980.8000,2981.6000,2982.6000,2983.6000,2983.8000,3,1,1,2,1,1,1,1,1,1
SF,IH2006,2019-11-20 09:35:54.500,2980.8000,1861,0,27711780.000,0,-,-,-,-,2979.0000,2978.8000,2978.4000,2978.0000,2975.0000,2980.8000,2981.6000,2982.6000,2983.6000,2983.8000,3,1,1,2,1,1,1,1,1,1
SF,IH2006,2019-11-20 09:35:55.000,2980.8000,1861,0,27711780.000,0,-,-,-,-,2979.0000,2978.8000,2978.4000,2978.0000,2975.0000,2980.8000,2981.6000,2982.6000,2983.6000,2983.8000,3,1,1,2,1,1,1,1,1,1
SF,IH2006,2019-11-20 09:35:55.500,2980.8000,1861,0,27711780.000,0,-,-,-,-,2979.0000,2978.8000,2978.4000,2978.0000,2975.0000,2980.8000,2981.6000,2982.6000,2983.6000,2983.8000,3,1,1,2,1,1,1,1,1,1
SF,IH2006,2019-11-20 09:35:58.500,2980.8000,1861,0,27711780.000,0,-,-,-,-,2979.0000,2978.8000,2978.4000,2978.0000,2975.0000,2980.8000,2981.6000,2982.6000,2983.6000,2983.8000,4,1,1,2,1,1,1,1,1,1
SF,IH2006,2019-11-20 09:35:59.000,2980.8000,1861,0,27711780.000,0,-,-,-,-,2979.0000,2978.8000,2978.4000,2978.0000,2975.0000,2980.8000,2981.6000,2982.6000,2983.6000,2983.8000,4,1,1,2,1,1,1,1,1,1
SF,IH2006,2019-11-20 09:35:59.500,2980.8000,1861,0,27711780.000,0,-,-,-,-,2979.0000,2978.8000,2978.4000,2978.0000,2975.0000,2981.6000,2982.6000,2983.6000,2983.8000,2984.0000,4,1,1,2,1,1,1,1,1,1
SF,IH2006,2019-11-20 09:36:02.000,2980.8000,1861,0,27711780.000,0,-,-,-,-,2979.0000,2978.8000,2978.4000,2978.0000,2975.0000,2981.2000,2981.6000,2982.6000,2983.6000,2983.8000,4,1,1,2,1,1,1,1,1,1
SF,IH2006,2019-11-20 09:36:04.000,2980.8000,1861,0,27711780.000,0,-,-,-,-,2979.0000,2978.8000,2978.4000,2978.0000,2975.0000,2981.6000,2982.6000,2983.6000,2983.8000,2984.0000,4,1,1,2,1,1,1,1,1,1
SF,IH2006,2019-11-20 09:36:09.500,2980.8000,1861,0,27711780.000,0,-,-,-,-,2979.2000,2979.0000,2978.8000,2978.4000,2978.0000,2981.6000,2982.6000,2983.6000,2983.8000,2984.0000,1,4,1,1,2,1,1,1,1,1
SF,IH2006,2019-11-20 09:36:10.000,2980.8000,1861,0,27711780.000,0,-,-,-,-,2979.4000,2979.2000,2979.0000,2978.8000,2978.4000,2981.6000,2982.6000,2983.6000,2983.8000,2984.0000,2,1,1,1,1,1,1,1,1,1
SF,IH2006,2019-11-20 09:36:11.000,2980.8000,1861,0,27711780.000,0,-,-,-,-,2979.4000,2979.2000,2978.8000,2978.4000,2978.0000,2981.6000,2982.6000,2983.6000,2983.8000,2984.0000,2,1,1,1,2,1,1,1,1,1
SF,IH2006,2019-11-20 09:36:13.000,2980.8000,1861,0,27711780.000,0,-,-,-,-,2979.4000,2978.8000,2978.4000,2978.0000,2975.0000,2981.6000,2982.6000,2983.6000,2983.8000,2984.0000,2,1,1,2,1,1,1,1,1,1
SF,IH2006,2019-11-20 09:36:14.000,2980.8000,1861,0,27711780.000,0,-,-,-,-,2979.4000,2978.8000,2978.4000,2978.0000,2975.0000,2981.6000,2982.6000,2983.6000,2983.8000,2984.0000,2,2,1,2,1,1,1,1,1,1
SF,IH2006,2019-11-20 09:36:33.000,2980.8000,1861,0,27711780.000,0,-,-,-,-,2979.4000,2978.8000,2978.4000,2978.0000,2975.0000,2981.6000,2982.6000,2983.6000,2984.0000,2984.2000,2,2,1,2,1,1,1,1,1,1
SF,IH2006,2019-11-20 09:36:33.500,2980.8000,1861,0,27711780.000,0,-,-,-,-,2979.6000,2978.8000,2978.4000,2978.0000,2975.0000,2981.6000,2982.6000,2983.6000,2984.0000,2984.2000,1,2,1,2,1,1,1,1,1,1
SF,IH2006,2019-11-20 09:36:34.000,2980.8000,1861,0,27711780.000,0,-,-,-,-,2979.6000,2978.8000,2978.4000,2978.0000,2975.0000,2981.6000,2982.6000,2983.6000,2984.0000,2984.2000,1,2,1,2,1,1,1,1,1,1
SF,IH2006,2019-11-20 09:36:34.500,2980.8000,1861,0,27711780.000,0,-,-,-,-,2979.6000,2978.8000,2978.4000,2978.0000,2975.0000,2981.6000,2982.6000,2983.6000,2984.0000,2984.2000,1,2,1,2,1,1,1,1,1,1
SF,IH2006,2019-11-20 09:36:35.000,2980.8000,1861,0,27711780.000,0,-,-,-,-,2979.6000,2978.8000,2978.4000,2978.0000,2975.0000,2981.6000,2982.6000,2983.6000,2984.0000,2984.2000,1,2,1,2,1,1,1,1,1,1
SF,IH2006,2019-11-20 09:36:37.500,2979.6000,1860,-1,28605660.000,1,0,1,双平,S,2978.8000,2978.4000,2978.0000,2975.0000,2974.2000,2981.0000,2981.6000,2982.6000,2983.6000,2984.0000,1,1,2,1,2,1,2,1,1,1
SF,IH2006,2019-11-20 09:36:38.000,2979.6000,1860,0,28605660.000,0,-,-,-,-,2979.0000,2978.8000,2978.4000,2978.0000,2975.0000,2979.6000,2980.8000,2981.0000,2981.6000,2982.6000,1,1,1,2,1,1,1,1,1,1
SF,IH2006,2019-11-20 09:36:38.500,2979.6000,1860,0,28605660.000,0,-,-,-,-,2978.8000,2978.4000,2978.0000,2975.0000,2974.2000,2979.6000,2981.0000,2981.6000,2982.6000,2983.6000,1,1,2,1,2,1,1,1,1,1
SF,IH2006,2019-11-20 09:36:39.000,2979.6000,1860,0,28605660.000,0,-,-,-,-,2978.8000,2978.4000,2978.0000,2975.0000,2974.2000,2979.6000,2981.0000,2981.6000,2982.6000,2983.6000,1,1,2,1,2,1,1,1,1,1
SF,IH2006,2019-11-20 09:36:39.500,2979.6000,1859,-1,29499540.000,1,0,1,双平,S,2978.8000,2978.4000,2978.0000,2975.0000,2974.2000,2981.0000,2981.6000,2982.6000,2983.6000,2984.0000,1,1,2,1,2,1,1,1,1,1
SF,IH2006,2019-11-20 09:36:40.000,2979.6000,1859,0,29499540.000,0,-,-,-,-,2979.0000,2978.8000,2978.4000,2978.0000,2975.0000,2980.8000,2981.0000,2981.6000,2982.6000,2983.6000,1,1,1,2,1,1,1,1,1,1
SF,IH2006,2019-11-20 09:36:40.500,2979.6000,1859,0,29499540.000,0,-,-,-,-,2979.0000,2978.8000,2978.4000,2978.0000,2975.0000,2980.8000,2981.0000,2982.6000,2983.6000,2984.0000,1,1,1,2,1,1,1,1,1,1
SF,IH2006,2019-11-20 09:36:41.000,2979.6000,1859,0,29499540.000,0,-,-,-,-,2979.0000,2978.8000,2978.4000,2978.0000,2975.0000,2980.6000,2980.8000,2981.0000,2982.6000,2983.6000,1,1,1,2,1,1,1,1,1,1
SF,IH2006,2019-11-20 09:36:41.500,2979.6000,1859,0,29499540.000,0,-,-,-,-,2979.0000,2978.8000,2978.4000,2978.0000,2975.0000,2980.6000,2981.0000,2982.6000,2983.6000,2984.0000,1,1,1,2,1,1,1,1,1,1
SF,IH2006,2019-11-20 09:36:42.000,2979.6000,1859,0,29499540.000,0,-,-,-,-,2979.0000,2978.8000,2978.4000,2978.0000,2975.0000,2980.6000,2981.0000,2982.6000,2983.6000,2984.0000,1,1,1,2,1,1,1,1,1,1
SF,IH2006,2019-11-20 09:37:03.500,2979.0000,1858,-1,30393240.000,1,0,1,双平,S,2978.8000,2978.4000,2978.0000,2975.0000,2974.2000,2980.6000,2980.8000,2981.0000,2982.6000,2983.6000,1,1,2,1,2,1,1,1,1,1
SF,IH2006,2019-11-20 09:37:04.000,2979.0000,1858,0,30393240.000,0,-,-,-,-,2978.8000,2978.4000,2978.0000,2975.0000,2974.2000,2979.0000,2980.4000,2980.6000,2981.0000,2982.6000,1,1,2,1,2,1,2,1,1,1
SF,IH2006,2019-11-20 09:37:04.500,2978.8000,1859,1,31286880.000,1,1,0,双开,S,2978.4000,2978.0000,2975.0000,2974.2000,2974.0000,2979.0000,2980.6000,2981.0000,2982.6000,2983.6000,1,2,1,2,1,1,1,1,1,1
SF,IH2006,2019-11-20 09:37:05.500,2978.8000,1859,0,31286880.000,0,-,-,-,-,2978.4000,2978.0000,2975.0000,2974.2000,2974.0000,2980.6000,2981.0000,2982.6000,2983.6000,2984.0000,1,2,1,2,1,1,1,1,1,1
SF,IH2006,2019-11-20 09:37:06.000,2978.8000,1859,0,31286880.000,0,-,-,-,-,2978.4000,2978.0000,2975.0000,2974.2000,2974.0000,2980.4000,2980.6000,2981.0000,2982.6000,2983.6000,1,2,1,2,1,2,1,1,1,1
SF,IH2006,2019-11-20 09:37:06.500,2978.8000,1859,0,31286880.000,0,-,-,-,-,2978.4000,2978.0000,2975.0000,2974.2000,2974.0000,2980.4000,2982.6000,2983.6000,2984.0000,2984.2000,1,2,1,2,1,2,1,1,1,1
SF,IH2006,2019-11-20 09:37:07.000,2978.8000,1859,0,31286880.000,0,-,-,-,-,2978.4000,2978.0000,2975.0000,2974.2000,2974.0000,2980.2000,2980.4000,2982.6000,2983.6000,2984.0000,1,2,1,2,1,1,2,1,1,1
SF,IH2006,2019-11-20 09:37:07.500,2978.8000,1859,0,31286880.000,0,-,-,-,-,2978.4000,2978.0000,2975.0000,2974.2000,2974.0000,2980.0000,2980.2000,2982.6000,2983.6000,2984.0000,1,2,1,2,1,1,1,1,1,1
SF,IH2006,2019-11-20 09:37:12.500,2980.0000,1858,-1,32180880.000,1,0,1,双平,S,2978.4000,2978.0000,2977.8000,2975.0000,2974.2000,2980.2000,2980.8000,2982.6000,2983.6000,2984.0000,1,2,1,1,2,1,1,1,1,1
SF,IH2006,2019-11-20 09:37:13.000,2980.0000,1858,0,32180880.000,0,-,-,-,-,2978.6000,2978.4000,2978.0000,2975.0000,2974.2000,2980.2000,2982.6000,2983.6000,2984.0000,2984.2000,1,1,2,1,2,1,1,1,1,1
SF,IH2006,2019-11-20 09:37:13.500,2980.2000,1858,0,33074940.000,1,0,1,多换,S,2978.6000,2978.4000,2978.0000,2975.0000,2974.2000,2982.6000,2983.6000,2984.0000,2984.2000,2984.6000,1,1,2,1,2,1,1,1,1,1
SF,IH2006,2019-11-20 09:37:14.000,2980.2000,1858,0,33074940.000,0,-,-,-,-,2979.0000,2978.6000,2978.4000,2978.0000,2975.0000,2982.0000,2982.2000,2982.6000,2983.6000,2984.0000,1,1,1,2,1,2,3,1,1,1
SF,IH2006,2019-11-20 09:37:14.500,2980.2000,1858,0,33074940.000,0,-,-,-,-,2979.2000,2979.0000,2978.4000,2978.0000,2975.0000,2982.0000,2982.6000,2983.6000,2984.0000,2984.2000,1,1,1,2,1,2,1,1,1,1
SF,IH2006,2019-11-20 09:37:15.000,2980.2000,1858,0,33074940.000,0,-,-,-,-,2979.2000,2979.0000,2978.4000,2978.0000,2975.0000,2981.8000,2982.0000,2982.6000,2983.6000,2984.0000,1,1,1,2,1,2,2,1,1,1
SF,IH2006,2019-11-20 09:37:17.500,2980.2000,1858,0,33074940.000,0,-,-,-,-,2979.2000,2979.0000,2978.4000,2978.0000,2975.0000,2981.8000,2982.0000,2982.6000,2983.6000,2984.0000,1,1,1,2,1,2,1,1,1,1
SF,IH2006,2019-11-20 09:37:19.500,2980.2000,1858,0,33074940.000,0,-,-,-,-,2979.2000,2979.0000,2978.4000,2978.0000,2975.0000,2981.8000,2982.0000,2982.6000,2983.6000,2984.0000,1,1,1,2,1,2,2,1,1,1
SF,IH2006,2019-11-20 09:37:20.000,2980.2000,1858,0,33074940.000,0,-,-,-,-,2979.2000,2979.0000,2978.4000,2978.0000,2975.0000,2981.8000,2982.0000,2982.6000,2983.6000,2984.0000,1,1,1,2,1,2,1,1,1,1
SF,IH2006,2019-11-20 09:37:20.500,2980.2000,1858,0,33074940.000,0,-,-,-,-,2979.2000,2979.0000,2978.4000,2978.0000,2975.0000,2981.8000,2982.0000,2982.6000,2983.6000,2984.0000,1,1,1,2,1,2,2,1,1,1
SF,IH2006,2019-11-20 09:37:21.000,2980.2000,1858,0,33074940.000,0,-,-,-,-,2979.2000,2979.0000,2978.4000,2978.0000,2975.0000,2981.8000,2982.0000,2982.6000,2983.6000,2984.0000,1,1,1,2,1,2,1,1,1,1
SF,IH2006,2019-11-20 09:37:21.500,2980.2000,1858,0,33074940.000,0,-,-,-,-,2979.2000,2979.0000,2978.4000,2978.0000,2975.0000,2981.8000,2982.0000,2982.6000,2983.6000,2984.0000,1,1,1,2,1,2,2,1,1,1
SF,IH2006,2019-11-20 09:37:22.000,2980.2000,1858,0,33074940.000,0,-,-,-,-,2979.2000,2979.0000,2978.4000,2978.0000,2975.0000,2981.8000,2982.0000,2982.6000,2983.6000,2984.0000,1,1,1,2,1,2,1,1,1,1
SF,IH2006,2019-11-20 09:37:22.500,2980.2000,1858,0,33074940.000,0,-,-,-,-,2979.2000,2979.0000,2978.4000,2978.0000,2975.0000,2981.8000,2982.0000,2982.6000,2983.6000,2984.0000,1,1,1,2,1,2,2,1,1,1
SF,IH2006,2019-11-20 09:37:23.000,2980.2000,1858,0,33074940.000,0,-,-,-,-,2979.2000,2979.0000,2978.4000,2978.0000,2975.0000,2981.6000,2982.0000,2982.6000,2983.6000,2984.0000,1,1,1,2,1,1,1,1,1,1
SF,IH2006,2019-11-20 09:37:39.000,2980.2000,1858,0,33074940.000,0,-,-,-,-,2979.2000,2979.0000,2978.4000,2978.0000,2975.0000,2981.0000,2981.6000,2982.0000,2982.6000,2983.6000,1,1,1,2,1,1,1,1,1,1
SF,IH2006,2019-11-20 09:37:39.500,2980.2000,1858,0,33074940.000,0,-,-,-,-,2979.2000,2979.0000,2978.4000,2978.0000,2975.0000,2980.8000,2981.0000,2982.0000,2982.6000,2983.6000,1,1,1,2,1,1,1,1,1,1
SF,IH2006,2019-11-20 09:37:51.500,2980.2000,1858,0,33074940.000,0,-,-,-,-,2979.2000,2979.0000,2978.4000,2978.0000,2975.0000,2980.8000,2982.0000,2982.6000,2983.6000,2984.0000,1,1,1,2,1,1,1,1,1,1
SF,IH2006,2019-11-20 09:37:52.000,2980.2000,1858,0,33074940.000,0,-,-,-,-,2979.2000,2979.0000,2978.4000,2978.0000,2975.0000,2980.8000,2982.0000,2982.6000,2983.6000,2984.0000,1,1,1,2,1,1,1,1,1,1
SF,IH2006,2019-11-20 09:38:01.000,2979.2000,1857,-1,33968700.000,1,0,1,双平,S,2979.0000,2978.4000,2978.0000,2975.0000,2974.2000,2980.8000,2982.0000,2982.6000,2983.6000,2984.0000,1,1,3,1,2,1,1,1,1,1
SF,IH2006,2019-11-20 09:38:01.500,2979.0000,1857,0,34862400.000,1,0,1,多换,S,2978.4000,2978.0000,2975.0000,2974.2000,2974.0000,2980.8000,2982.0000,2982.6000,2983.6000,2984.0000,1,2,1,2,1,1,1,1,1,1
SF,IH2006,2019-11-20 09:38:02.000,2979.0000,1857,0,34862400.000,0,-,-,-,-,2978.4000,2978.0000,2975.0000,2974.2000,2974.0000,2980.4000,2980.8000,2982.0000,2982.6000,2983.6000,1,2,1,2,1,1,1,1,1,1
SF,IH2006,2019-11-20 09:38:02.500,2979.0000,1857,0,34862400.000,0,-,-,-,-,2978.4000,2978.0000,2975.0000,2974.2000,2974.0000,2980.2000,2980.4000,2982.0000,2982.6000,2983.6000,1,2,1,2,1,2,1,1,1,1
SF,IH2006,2019-11-20 09:38:03.000,2979.0000,1857,0,34862400.000,0,-,-,-,-,2978.4000,2978.0000,2975.0000,2974.2000,2974.0000,2980.2000,2982.0000,2982.6000,2983.6000,2984.0000,1,2,1,2,1,2,1,1,1,1
SF,IH2006,2019-11-20 09:38:03.500,2979.0000,1857,0,34862400.000,0,-,-,-,-,2978.4000,2978.0000,2975.0000,2974.2000,2974.0000,2980.0000,2980.2000,2982.0000,2982.6000,2983.6000,1,2,1,2,1,1,2,1,1,1
SF,IH2006,2019-11-20 09:38:04.000,2979.0000,1857,0,34862400.000,0,-,-,-,-,2978.4000,2978.0000,2975.0000,2974.2000,2974.0000,2979.8000,2980.0000,2982.0000,2982.6000,2983.6000,1,2,1,2,1,1,1,1,1,1
SF,IH2006,2019-11-20 09:38:04.500,2979.0000,1857,0,34862400.000,0,-,-,-,-,2978.4000,2978.0000,2975.0000,2974.2000,2974.0000,2979.8000,2980.0000,2982.0000,2982.6000,2983.6000,1,2,1,2,1,2,1,1,1,1
SF,IH2006,2019-11-20 09:38:05.000,2979.0000,1857,0,34862400.000,0,-,-,-,-,2978.4000,2978.0000,2975.0000,2974.2000,2974.0000,2979.8000,2982.0000,2982.6000,2983.6000,2984.0000,1,2,1,2,1,1,1,1,1,1
SF,IH2006,2019-11-20 09:38:05.500,2979.0000,1857,0,34862400.000,0,-,-,-,-,2978.4000,2978.0000,2975.0000,2974.2000,2974.0000,2979.6000,2979.8000,2982.0000,2982.6000,2983.6000,1,2,1,2,1,1,1,1,1,1
SF,IH2006,2019-11-20 09:38:06.000,2979.0000,1857,0,34862400.000,0,-,-,-,-,2978.4000,2978.0000,2975.0000,2974.2000,2974.0000,2979.4000,2982.0000,2982.6000,2983.6000,2984.0000,1,2,1,2,1,1,1,1,1,1
SF,IH2006,2019-11-20 09:38:06.500,2979.0000,1857,0,34862400.000,0,-,-,-,-,2978.4000,2978.0000,2975.0000,2974.2000,2974.0000,2979.4000,2979.8000,2982.0000,2982.6000,2983.6000,1,2,1,2,1,1,1,1,1,1
SF,IH2006,2019-11-20 09:38:07.000,2979.0000,1857,0,34862400.000,0,-,-,-,-,2978.4000,2978.0000,2975.0000,2974.2000,2974.0000,2979.4000,2982.0000,2982.6000,2983.6000,2984.0000,1,2,1,2,1,1,1,1,1,1
SF,IH2006,2019-11-20 09:38:11.500,2979.4000,1856,-1,35756220.000,1,0,1,双平,S,2979.4000,2978.4000,2978.0000,2977.4000,2975.0000,2982.0000,2982.6000,2983.6000,2984.0000,2984.2000,1,1,2,1,1,1,1,1,1,1
SF,IH2006,2019-11-20 09:38:12.000,2979.4000,1856,0,36650040.000,1,0,1,多换,S,2979.4000,2978.4000,2978.0000,2975.0000,2974.2000,2981.2000,2981.8000,2982.0000,2982.6000,2983.6000,1,1,2,1,2,2,1,2,1,1
SF,IH2006,2019-11-20 09:38:12.500,2979.4000,1856,0,36650040.000,0,-,-,-,-,2979.4000,2978.4000,2978.0000,2975.0000,2974.2000,2980.4000,2982.0000,2982.6000,2983.6000,2984.0000,1,1,2,1,2,1,2,1,1,1
SF,IH2006,2019-11-20 09:38:13.000,2979.4000,1856,0,36650040.000,0,-,-,-,-,2979.4000,2978.4000,2978.0000,2975.0000,2974.2000,2980.4000,2982.0000,2982.6000,2983.6000,2984.0000,1,1,2,1,2,1,2,1,1,1
SF,IH2006,2019-11-20 09:38:14.500,2979.4000,1856,0,36650040.000,0,-,-,-,-,2978.4000,2978.0000,2975.0000,2974.2000,2974.0000,2980.4000,2982.0000,2982.6000,2983.6000,2984.0000,1,2,1,2,1,1,2,1,1,1
SF,IH2006,2019-11-20 09:38:15.000,2979.4000,1856,0,36650040.000,0,-,-,-,-,2978.6000,2978.4000,2978.0000,2975.0000,2974.2000,2982.0000,2982.6000,2983.6000,2984.0000,2984.2000,1,1,2,1,2,2,1,1,1,1
SF,IH2006,2019-11-20 09:38:15.500,2979.4000,1856,0,36650040.000,0,-,-,-,-,2978.8000,2978.6000,2978.4000,2978.0000,2975.0000,2981.0000,2981.8000,2982.0000,2982.6000,2983.6000,1,1,1,2,1,1,2,2,1,1
SF,IH2006,2019-11-20 09:38:16.000,2979.4000,1856,0,36650040.000,0,-,-,-,-,2978.4000,2978.0000,2975.0000,2974.2000,2974.0000,2982.0000,2982.6000,2983.6000,2984.0000,2984.2000,1,2,1,2,1,2,1,1,1,1
SF,IH2006,2019-11-20 09:38:16.500,2979.4000,1856,0,36650040.000,0,-,-,-,-,2978.6000,2978.4000,2978.0000,2975.0000,2974.2000,2980.8000,2981.6000,2982.0000,2982.6000,2983.6000,1,1,2,1,2,1,1,2,1,1
SF,IH2006,2019-11-20 09:38:17.000,2979.4000,1856,0,36650040.000,0,-,-,-,-,2978.6000,2978.4000,2978.0000,2975.0000,2974.2000,2980.6000,2980.8000,2982.0000,2982.6000,2983.6000,1,1,2,1,2,1,1,2,1,1
SF,IH2006,2019-11-20 09:38:18.500,2979.4000,1856,0,36650040.000,0,-,-,-,-,2978.6000,2978.4000,2978.0000,2975.0000,2974.2000,2980.6000,2980.8000,2982.0000,2982.6000,2983.6000,1,1,2,1,2,1,1,2,1,1
SF,IH2006,2019-11-20 09:38:19.000,2979.4000,1856,0,36650040.000,0,-,-,-,-,2978.6000,2978.4000,2978.0000,2975.0000,2974.2000,2980.6000,2980.8000,2982.0000,2982.6000,2983.6000,1,1,2,1,2,1,1,2,1,1
SF,IH2006,2019-11-20 09:38:22.500,2979.4000,1856,0,36650040.000,0,-,-,-,-,2978.6000,2978.4000,2978.0000,2975.0000,2974.2000,2980.6000,2980.8000,2982.0000,2982.6000,2984.0000,1,1,2,1,2,1,1,2,1,1
SF,IH2006,2019-11-20 09:38:23.000,2979.4000,1856,0,36650040.000,0,-,-,-,-,2978.6000,2978.4000,2978.0000,2975.0000,2974.2000,2980.6000,2980.8000,2982.0000,2982.6000,2984.0000,1,1,2,1,2,1,1,1,1,1
SF,IH2006,2019-11-20 09:38:26.500,2979.4000,1856,0,36650040.000,0,-,-,-,-,2978.6000,2978.4000,2978.0000,2975.0000,2974.2000,2980.0000,2980.6000,2980.8000,2982.0000,2982.6000,1,1,2,1,2,1,1,1,1,1
SF,IH2006,2019-11-20 09:38:27.000,2979.4000,1856,0,36650040.000,0,-,-,-,-,2978.4000,2978.0000,2975.0000,2974.2000,2974.0000,2980.0000,2982.0000,2982.6000,2984.0000,2984.2000,1,2,1,2,1,1,1,1,1,1
SF,IH2006,2019-11-20 09:38:27.500,2979.4000,1856,0,36650040.000,0,-,-,-,-,2978.4000,2978.0000,2975.0000,2974.2000,2974.0000,2979.8000,2980.0000,2982.0000,2982.6000,2984.0000,1,2,1,2,1,1,1,1,1,1
SF,IH2006,2019-11-20 09:38:28.000,2979.4000,1856,0,36650040.000,0,-,-,-,-,2978.4000,2978.0000,2975.0000,2974.2000,2974.0000,2980.0000,2982.0000,2982.6000,2984.0000,2984.2000,1,2,1,2,1,1,1,1,1,1
SF,IH2006,2019-11-20 09:38:28.500,2979.4000,1856,0,36650040.000,0,-,-,-,-,2978.4000,2978.0000,2975.0000,2974.2000,2974.0000,2979.6000,2982.0000,2982.6000,2984.0000,2984.2000,1,2,1,2,1,1,1,1,1,1
SF,IH2006,2019-11-20 09:38:29.500,2979.4000,1856,0,36650040.000,0,-,-,-,-,2978.4000,2978.0000,2975.0000,2974.2000,2974.0000,2979.6000,2979.8000,2982.0000,2982.6000,2984.0000,1,2,1,2,1,1,1,1,1,1
SF,IH2006,2019-11-20 09:38:30.000,2979.4000,1856,0,36650040.000,0,-,-,-,-,2978.4000,2978.0000,2975.0000,2974.2000,2974.0000,2979.6000,2982.0000,2982.6000,2984.0000,2984.2000,1,2,1,2,1,1,1,1,1,1
SF,IH2006,2019-11-20 09:38:30.500,2979.4000,1856,0,36650040.000,0,-,-,-,-,2978.4000,2978.0000,2975.0000,2974.2000,2974.0000,2979.6000,2982.0000,2982.6000,2984.0000,2984.2000,1,2,1,2,1,1,1,1,1,1
SF,IH2006,2019-11-20 09:38:35.000,2979.4000,1856,0,36650040.000,0,-,-,-,-,2978.4000,2978.0000,2975.0000,2974.2000,2974.0000,2982.0000,2982.6000,2984.0000,2984.2000,2984.6000,1,2,1,2,1,1,1,1,1,1
SF,IH2006,2019-11-20 09:38:35.500,2979.4000,1856,0,36650040.000,0,-,-,-,-,2978.4000,2978.0000,2975.0000,2974.2000,2974.0000,2979.8000,2980.8000,2982.0000,2982.6000,2984.0000,1,2,1,2,1,1,2,1,1,1
SF,IH2006,2019-11-20 09:38:36.000,2979.4000,1856,0,36650040.000,0,-,-,-,-,2978.4000,2978.0000,2975.0000,2974.2000,2974.0000,2979.6000,2982.0000,2982.6000,2984.0000,2984.2000,1,2,1,2,1,1,1,1,1,1
SF,IH2006,2019-11-20 09:38:37.000,2979.4000,1856,0,36650040.000,0,-,-,-,-,2978.4000,2978.0000,2975.0000,2974.2000,2974.0000,2979.6000,2979.8000,2982.0000,2982.6000,2984.0000,1,2,1,2,1,1,1,1,1,1
SF,IH2006,2019-11-20 09:38:37.500,2979.4000,1856,0,36650040.000,0,-,-,-,-,2978.4000,2978.0000,2975.0000,2974.2000,2974.0000,2979.6000,2982.0000,2982.6000,2984.0000,2984.2000,1,2,1,2,1,1,1,1,1,1
SF,IH2006,2019-11-20 09:38:38.000,2979.4000,1856,0,36650040.000,0,-,-,-,-,2978.4000,2978.0000,2975.0000,2974.2000,2974.0000,2979.6000,2982.0000,2982.6000,2984.0000,2984.2000,1,2,1,2,1,1,1,1,1,1
SF,IH2006,2019-11-20 09:38:38.500,2979.4000,1856,0,36650040.000,0,-,-,-,-,2978.4000,2978.0000,2975.0000,2974.2000,2974.0000,2979.2000,2982.0000,2982.6000,2984.0000,2984.2000,1,2,1,2,1,1,1,1,1,1
SF,IH2006,2019-11-20 09:38:39.000,2979.4000,1856,0,36650040.000,0,-,-,-,-,2978.4000,2978.0000,2975.0000,2974.2000,2974.0000,2979.2000,2982.0000,2982.6000,2984.0000,2984.2000,1,2,1,2,1,1,1,1,1,1
SF,IH2006,2019-11-20 09:38:41.500,2978.4000,1856,0,37543560.000,1,0,1,多换,S,2978.0000,2975.0000,2974.2000,2974.0000,2973.8000,2979.2000,2982.0000,2982.6000,2984.0000,2984.2000,2,1,2,1,1,1,1,1,1,1
SF,IH2006,2019-11-20 09:38:46.500,2978.4000,1856,0,37543560.000,0,-,-,-,-,2978.0000,2975.0000,2974.2000,2974.0000,2973.8000,2982.0000,2982.6000,2984.0000,2984.2000,2984.6000,2,1,2,1,1,1,1,1,1,1
SF,IH2006,2019-11-20 09:38:47.000,2978.4000,1856,0,37543560.000,0,-,-,-,-,2978.0000,2975.0000,2974.2000,2974.0000,2973.8000,2980.8000,2982.0000,2982.6000,2984.0000,2984.2000,2,1,2,1,1,2,1,1,1,1
SF,IH2006,2019-11-20 09:38:47.500,2978.4000,1856,0,37543560.000,0,-,-,-,-,2978.0000,2975.0000,2974.2000,2974.0000,2973.8000,2979.8000,2980.6000,2980.8000,2982.0000,2982.6000,2,1,2,1,1,2,1,2,4,1
SF,IH2006,2019-11-20 09:38:48.000,2978.4000,1856,0,37543560.000,0,-,-,-,-,2978.0000,2975.0000,2974.2000,2974.0000,2973.8000,2979.8000,2982.0000,2982.6000,2984.0000,2984.2000,2,1,2,1,1,2,1,1,1,1
SF,IH2006,2019-11-20 09:38:48.500,2978.4000,1856,0,37543560.000,0,-,-,-,-,2978.0000,2975.0000,2974.2000,2974.0000,2973.8000,2979.6000,2979.8000,2982.0000,2982.6000,2984.0000,2,1,2,1,1,1,2,1,1,1
SF,IH2006,2019-11-20 09:38:51.000,2978.4000,1856,0,37543560.000,0,-,-,-,-,2978.0000,2975.0000,2974.2000,2974.0000,2973.8000,2978.8000,2979.6000,2979.8000,2982.0000,2982.6000,2,1,2,1,1,1,1,2,1,1
SF,IH2006,2019-11-20 09:38:51.500,2978.4000,1856,0,37543560.000,0,-,-,-,-,2978.0000,2975.0000,2974.2000,2974.0000,2973.8000,2978.8000,2979.2000,2979.8000,2982.0000,2982.6000,2,1,2,1,1,1,1,2,1,1
SF,IH2006,2019-11-20 09:38:52.500,2978.4000,1856,0,37543560.000,0,-,-,-,-,2978.0000,2975.0000,2974.2000,2974.0000,2973.8000,2979.2000,2979.8000,2982.0000,2982.6000,2984.0000,2,1,2,1,1,1,2,1,1,1
SF,IH2006,2019-11-20 09:38:54.500,2978.0000,1855,-1,38436960.000,1,0,1,双平,S,2978.0000,2975.0000,2974.2000,2974.0000,2973.8000,2979.2000,2979.8000,2982.0000,2982.6000,2984.0000,1,1,2,1,1,1,2,1,1,1
SF,IH2006,2019-11-20 09:38:57.000,2978.0000,1855,0,38436960.000,0,-,-,-,-,2978.0000,2975.0000,2974.2000,2974.0000,2973.8000,2978.8000,2979.2000,2979.8000,2982.0000,2982.6000,1,1,2,1,1,1,1,2,1,1
SF,IH2006,2019-11-20 09:38:58.000,2978.0000,1854,-1,39330360.000,1,0,1,双平,S,2975.0000,2974.2000,2974.0000,2973.8000,2970.0000,2978.8000,2979.2000,2979.8000,2982.0000,2982.6000,1,2,1,1,1,1,1,2,1,1
SF,IH2006,2019-11-20 09:38:58.500,2978.0000,1854,0,39330360.000,0,-,-,-,-,2976.0000,2975.0000,2974.2000,2974.0000,2973.8000,2978.8000,2979.2000,2979.8000,2982.0000,2982.6000,3,1,2,1,1,1,1,2,1,1
SF,IH2006,2019-11-20 09:38:59.000,2978.0000,1854,0,39330360.000,0,-,-,-,-,2976.0000,2975.0000,2974.2000,2974.0000,2973.8000,2978.8000,2979.2000,2979.8000,2982.0000,2982.6000,3,1,2,1,1,1,1,1,1,1
SF,IH2006,2019-11-20 09:38:59.500,2978.0000,1854,0,39330360.000,0,-,-,-,-,2976.6000,2976.0000,2975.0000,2974.2000,2974.0000,2978.2000,2979.2000,2979.8000,2982.0000,2982.6000,1,3,1,2,1,1,1,1,1,1
SF,IH2006,2019-11-20 09:39:00.000,2978.0000,1854,0,39330360.000,0,-,-,-,-,2976.6000,2976.0000,2975.0000,2974.2000,2974.0000,2978.2000,2979.2000,2979.8000,2982.0000,2982.6000,1,1,1,2,1,1,1,1,1,1
SF,IH2006,2019-11-20 09:39:00.500,2978.0000,1854,0,39330360.000,0,-,-,-,-,2976.8000,2976.6000,2976.0000,2975.0000,2974.2000,2978.2000,2979.8000,2982.0000,2982.6000,2984.0000,1,1,1,1,2,1,1,1,1,1
SF,IH2006,2019-11-20 09:39:04.000,2978.0000,1854,0,39330360.000,0,-,-,-,-,2976.8000,2976.6000,2976.0000,2975.0000,2974.2000,2978.2000,2982.0000,2982.6000,2984.0000,2984.2000,1,1,1,1,2,1,1,1,1,1
SF,IH2006,2019-11-20 09:39:04.500,2978.0000,1854,0,39330360.000,0,-,-,-,-,2976.8000,2976.6000,2976.0000,2975.0000,2974.2000,2978.2000,2982.0000,2982.6000,2984.0000,2984.2000,1,1,1,1,2,1,1,1,1,1
SF,IH2006,2019-11-20 09:39:05.000,2978.0000,1854,0,39330360.000,0,-,-,-,-,2976.8000,2976.6000,2976.0000,2975.0000,2974.2000,2978.2000,2982.0000,2982.6000,2984.0000,2984.2000,1,1,1,1,2,1,1,1,1,1
SF,IH2006,2019-11-20 09:39:05.500,2978.0000,1854,0,39330360.000,0,-,-,-,-,2976.8000,2976.6000,2976.0000,2975.0000,2974.2000,2978.2000,2982.0000,2982.6000,2984.0000,2984.2000,1,1,1,1,2,1,1,1,1,1
SF,IH2006,2019-11-20 09:39:06.000,2978.0000,1854,0,39330360.000,0,-,-,-,-,2976.8000,2976.6000,2976.0000,2975.0000,2974.2000,2978.2000,2982.0000,2982.6000,2984.0000,2984.2000,1,1,1,1,2,1,1,1,1,1
SF,IH2006,2019-11-20 09:39:06.500,2978.0000,1854,0,39330360.000,0,-,-,-,-,2976.8000,2976.6000,2976.0000,2975.0000,2974.2000,2982.0000,2982.6000,2984.0000,2984.2000,2984.6000,1,1,1,1,2,1,1,1,1,1
SF,IH2006,2019-11-20 09:39:07.000,2978.0000,1854,0,39330360.000,0,-,-,-,-,2976.8000,2976.6000,2976.0000,2975.0000,2974.2000,2979.8000,2981.8000,2982.0000,2982.6000,2984.0000,1,1,1,1,2,2,3,1,1,1
SF,IH2006,2019-11-20 09:39:07.500,2978.0000,1854,0,39330360.000,0,-,-,-,-,2976.8000,2976.6000,2976.0000,2975.0000,2974.2000,2979.0000,2979.8000,2982.0000,2982.6000,2984.0000,1,1,1,1,2,1,2,1,1,1
SF,IH2006,2019-11-20 09:39:08.000,2978.0000,1854,0,39330360.000,0,-,-,-,-,2976.8000,2976.6000,2976.0000,2975.0000,2974.2000,2982.0000,2982.6000,2984.0000,2984.2000,2984.6000,1,1,1,1,2,1,1,1,1,1
SF,IH2006,2019-11-20 09:39:08.500,2978.0000,1854,0,39330360.000,0,-,-,-,-,2976.8000,2976.6000,2976.0000,2975.0000,2974.2000,2979.8000,2982.0000,2982.6000,2984.0000,2984.2000,1,1,1,1,2,2,4,1,1,1
SF,IH2006,2019-11-20 09:39:09.000,2978.0000,1854,0,39330360.000,0,-,-,-,-,2976.8000,2976.6000,2976.0000,2975.0000,2974.2000,2978.8000,2979.8000,2982.0000,2982.6000,2984.0000,1,1,1,1,2,1,2,4,1,1
SF,IH2006,2019-11-20 09:39:09.500,2978.0000,1854,0,39330360.000,0,-,-,-,-,2976.8000,2976.6000,2976.0000,2975.0000,2974.2000,2978.8000,2982.0000,2982.6000,2984.0000,2984.2000,1,1,1,1,2,1,1,1,1,1
SF,IH2006,2019-11-20 09:39:10.000,2978.0000,1854,0,39330360.000,0,-,-,-,-,2976.8000,2976.0000,2975.0000,2974.2000,2974.0000,2978.2000,2978.6000,2982.0000,2982.6000,2984.0000,1,1,1,2,1,1,2,1,1,1
SF,IH2006,2019-11-20 09:39:10.500,2978.0000,1854,0,39330360.000,0,-,-,-,-,2976.8000,2976.0000,2975.0000,2974.2000,2974.0000,2978.2000,2978.6000,2982.0000,2982.6000,2984.0000,1,1,1,2,1,1,1,1,1,1
SF,IH2006,2019-11-20 09:39:11.000,2978.0000,1854,0,39330360.000,0,-,-,-,-,2976.8000,2976.0000,2975.0000,2974.2000,2974.0000,2978.2000,2978.6000,2982.0000,2982.6000,2984.0000,1,1,1,2,1,1,1,1,1,1
SF,IH2006,2019-11-20 09:39:11.500,2978.0000,1854,0,39330360.000,0,-,-,-,-,2976.8000,2976.0000,2975.0000,2974.2000,2974.0000,2978.2000,2978.6000,2982.0000,2982.6000,2984.0000,1,1,1,2,1,1,1,1,1,1
SF,IH2006,2019-11-20 09:39:12.000,2978.0000,1854,0,39330360.000,0,-,-,-,-,2976.8000,2976.0000,2975.0000,2974.2000,2974.0000,2978.0000,2978.2000,2978.6000,2982.0000,2982.6000,1,1,1,2,1,1,1,1,1,1
SF,IH2006,2019-11-20 09:39:12.500,2978.0000,1854,0,39330360.000,0,-,-,-,-,2976.8000,2976.0000,2975.0000,2974.2000,2974.0000,2978.0000,2978.2000,2978.6000,2982.0000,2982.6000,1,1,1,2,1,1,1,1,1,1
SF,IH2006,2019-11-20 09:39:14.000,2978.0000,1854,0,39330360.000,0,-,-,-,-,2976.8000,2976.0000,2975.0000,2974.2000,2974.0000,2978.0000,2978.6000,2982.0000,2982.6000,2984.0000,1,1,1,2,1,1,1,1,1,1
SF,IH2006,2019-11-20 09:39:14.500,2978.0000,1853,-1,41117160.000,2,0,2,多平,S,2976.8000,2976.0000,2975.0000,2974.2000,2974.0000,2978.6000,2982.0000,2982.6000,2984.0000,2984.2000,1,1,1,2,1,1,1,1,1,1
SF,IH2006,2019-11-20 09:39:24.000,2978.6000,1853,0,42010740.000,1,0,1,多换,S,2976.8000,2976.0000,2975.0000,2974.2000,2974.0000,2982.0000,2982.6000,2984.0000,2984.2000,2984.6000,1,1,1,2,1,1,1,1,1,1
SF,IH2006,2019-11-20 09:39:24.500,2978.6000,1853,0,42010740.000,0,-,-,-,-,2977.8000,2976.8000,2976.0000,2975.0000,2974.2000,2980.6000,2981.8000,2982.0000,2982.6000,2984.0000,1,1,1,1,2,2,1,1,1,1
SF,IH2006,2019-11-20 09:39:25.000,2978.6000,1853,0,42010740.000,0,-,-,-,-,2977.8000,2976.0000,2975.0000,2974.2000,2974.0000,2980.6000,2981.8000,2982.0000,2982.6000,2984.0000,1,1,1,2,1,2,1,1,1,1
SF,IH2006,2019-11-20 09:39:25.500,2978.6000,1853,0,42010740.000,0,-,-,-,-,2977.8000,2976.0000,2975.0000,2974.2000,2974.0000,2980.6000,2981.8000,2982.0000,2982.6000,2984.0000,1,1,1,2,1,2,1,1,1,1
SF,IH2006,2019-11-20 09:39:26.000,2978.6000,1853,0,42010740.000,0,-,-,-,-,2977.8000,2976.0000,2975.0000,2974.2000,2974.0000,2980.6000,2981.8000,2982.0000,2982.6000,2984.0000,1,1,1,2,1,2,1,1,1,1
SF,IH2006,2019-11-20 09:39:26.500,2978.6000,1853,0,42010740.000,0,-,-,-,-,2977.8000,2976.0000,2975.0000,2974.2000,2974.0000,2980.4000,2980.6000,2981.8000,2982.0000,2982.6000,1,1,1,2,1,1,2,1,1,1
SF,IH2006,2019-11-20 09:39:27.000,2978.6000,1853,0,42010740.000,0,-,-,-,-,2977.8000,2976.0000,2975.0000,2974.2000,2974.0000,2981.8000,2982.0000,2982.6000,2984.0000,2984.2000,1,1,1,2,1,1,1,1,1,1
SF,IH2006,2019-11-20 09:39:27.500,2978.6000,1853,0,42010740.000,0,-,-,-,-,2977.8000,2976.0000,2975.0000,2974.2000,2974.0000,2980.4000,2981.8000,2982.0000,2982.6000,2984.0000,1,1,1,2,1,2,1,1,1,1
SF,IH2006,2019-11-20 09:39:29.000,2978.6000,1853,0,42010740.000,0,-,-,-,-,2977.8000,2976.0000,2975.0000,2974.2000,2974.0000,2980.0000,2980.4000,2981.8000,2982.0000,2982.6000,1,1,1,2,1,1,2,1,1,1
SF,IH2006,2019-11-20 09:39:29.500,2978.6000,1853,0,42010740.000,0,-,-,-,-,2977.8000,2976.0000,2975.0000,2974.2000,2974.0000,2980.0000,2981.8000,2982.0000,2982.6000,2984.0000,1,1,1,2,1,1,1,1,1,1
SF,IH2006,2019-11-20 09:39:30.000,2978.6000,1853,0,42010740.000,0,-,-,-,-,2977.8000,2976.0000,2975.0000,2974.2000,2974.0000,2979.8000,2980.0000,2981.8000,2982.0000,2982.6000,1,1,1,2,1,2,1,1,1,1
SF,IH2006,2019-11-20 09:39:30.500,2978.6000,1853,0,42010740.000,0,-,-,-,-,2976.0000,2975.0000,2974.2000,2974.0000,2973.8000,2979.8000,2980.0000,2981.8000,2982.0000,2982.6000,1,1,2,1,1,2,1,1,1,1
SF,IH2006,2019-11-20 09:39:31.000,2978.6000,1853,0,42010740.000,0,-,-,-,-,2977.0000,2976.2000,2976.0000,2975.0000,2974.2000,2979.8000,2980.0000,2981.8000,2982.0000,2982.6000,1,2,1,1,2,2,1,1,1,1
SF,IH2006,2019-11-20 09:39:31.500,2978.6000,1853,0,42010740.000,0,-,-,-,-,2977.0000,2976.0000,2975.0000,2974.2000,2974.0000,2979.8000,2980.0000,2981.8000,2982.0000,2982.6000,1,1,1,2,1,2,1,1,1,1
SF,IH2006,2019-11-20 09:39:32.000,2978.6000,1853,0,42010740.000,0,-,-,-,-,2977.2000,2977.0000,2976.0000,2975.0000,2974.2000,2979.8000,2980.0000,2981.8000,2982.0000,2982.6000,1,1,1,1,2,2,1,1,1,1
SF,IH2006,2019-11-20 09:39:35.000,2977.2000,1853,0,42903900.000,1,0,1,多换,S,2977.0000,2976.0000,2975.0000,2974.2000,2974.0000,2979.8000,2980.0000,2981.8000,2982.0000,2982.6000,1,2,1,2,1,2,1,1,1,1
SF,IH2006,2019-11-20 09:39:35.500,2977.2000,1853,0,42903900.000,0,-,-,-,-,2977.0000,2976.0000,2975.0000,2974.2000,2974.0000,2979.8000,2980.0000,2981.8000,2982.0000,2982.6000,1,1,1,2,1,2,1,1,1,1
SF,IH2006,2019-11-20 09:39:36.000,2977.0000,1854,1,43797000.000,1,1,0,双开,S,2976.0000,2975.0000,2974.2000,2974.0000,2973.8000,2979.8000,2980.0000,2981.8000,2982.0000,2982.6000,1,1,2,1,1,2,1,1,1,1
SF,IH2006,2019-11-20 09:39:36.500,2977.0000,1854,0,43797000.000,0,-,-,-,-,2976.8000,2976.2000,2976.0000,2975.0000,2974.2000,2979.2000,2979.8000,2980.0000,2981.8000,2982.0000,1,1,1,1,2,1,2,1,1,1
SF,IH2006,2019-11-20 09:39:37.000,2977.0000,1854,0,43797000.000,0,-,-,-,-,2976.8000,2976.0000,2975.0000,2974.2000,2974.0000,2979.2000,2981.8000,2982.0000,2982.6000,2984.0000,1,1,1,2,1,1,1,1,1,1
SF,IH2006,2019-11-20 09:39:37.500,2977.0000,1854,0,43797000.000,0,-,-,-,-,2976.8000,2976.0000,2975.0000,2974.2000,2974.0000,2979.0000,2979.2000,2981.8000,2982.0000,2982.6000,1,1,1,2,1,4,1,1,1,1
SF,IH2006,2019-11-20 09:39:38.000,2977.0000,1854,0,43797000.000,0,-,-,-,-,2976.8000,2976.0000,2975.0000,2974.2000,2974.0000,2979.0000,2981.8000,2982.0000,2982.6000,2984.0000,1,1,1,2,1,3,1,1,1,1
SF,IH2006,2019-11-20 09:39:38.500,2977.0000,1854,0,43797000.000,0,-,-,-,-,2976.0000,2975.0000,2974.2000,2974.0000,2973.8000,2978.6000,2978.8000,2979.0000,2981.8000,2982.0000,1,1,2,1,1,1,1,3,1,1
SF,IH2006,2019-11-20 09:39:39.000,2977.0000,1854,0,43797000.000,0,-,-,-,-,2976.2000,2976.0000,2975.0000,2974.2000,2974.0000,2978.6000,2978.8000,2979.0000,2981.8000,2982.0000,1,1,1,2,1,1,1,1,1,1
SF,IH2006,2019-11-20 09:39:39.500,2977.0000,1854,0,43797000.000,0,-,-,-,-,2976.2000,2976.0000,2975.0000,2974.2000,2974.0000,2978.4000,2978.6000,2978.8000,2979.0000,2981.8000,1,1,1,2,1,2,1,1,1,1
SF,IH2006,2019-11-20 09:39:40.000,2977.0000,1854,0,43797000.000,0,-,-,-,-,2976.2000,2976.0000,2975.0000,2974.2000,2974.0000,2978.4000,2978.6000,2978.8000,2979.0000,2981.8000,1,1,1,2,1,2,1,1,1,1
SF,IH2006,2019-11-20 09:39:40.500,2977.0000,1854,0,43797000.000,0,-,-,-,-,2976.2000,2976.0000,2975.0000,2974.2000,2974.0000,2978.4000,2978.8000,2981.8000,2982.0000,2982.6000,1,1,1,2,1,2,1,1,1,1
SF,IH2006,2019-11-20 09:39:58.500,2977.0000,1854,0,43797000.000,0,-,-,-,-,2976.2000,2976.0000,2975.0000,2974.2000,2974.0000,2978.0000,2978.4000,2978.8000,2981.8000,2982.0000,1,1,1,2,1,1,2,1,1,1
SF,IH2006,2019-11-20 09:39:59.000,2977.0000,1854,0,43797000.000,0,-,-,-,-,2976.0000,2975.0000,2974.2000,2974.0000,2973.8000,2978.0000,2978.8000,2981.8000,2982.0000,2982.6000,1,1,2,1,1,1,1,1,1,1
SF,IH2006,2019-11-20 09:39:59.500,2977.0000,1854,0,43797000.000,0,-,-,-,-,2976.0000,2975.0000,2974.2000,2974.0000,2973.8000,2977.8000,2978.0000,2978.8000,2981.8000,2982.0000,1,1,2,1,1,1,1,1,1,1
SF,IH2006,2019-11-20 09:40:00.000,2977.0000,1854,0,43797000.000,0,-,-,-,-,2976.0000,2975.0000,2974.2000,2974.0000,2973.8000,2977.8000,2978.0000,2978.8000,2981.8000,2982.0000,1,1,2,1,1,1,1,1,1,1
SF,IH2006,2019-11-20 09:40:00.500,2977.0000,1854,0,43797000.000,0,-,-,-,-,2976.0000,2975.0000,2974.0000,2973.8000,2970.0000,2977.4000,2977.8000,2978.8000,2981.8000,2982.0000,1,1,1,1,1,1,1,1,1,1
SF,IH2006,2019-11-20 09:40:01.000,2977.0000,1854,0,43797000.000,0,-,-,-,-,2976.0000,2975.0000,2974.0000,2973.8000,2970.0000,2977.2000,2977.4000,2978.8000,2981.8000,2982.0000,1,1,1,1,1,1,1,1,1,1
SF,IH2006,2019-11-20 09:40:01.500,2977.2000,1854,0,44690160.000,1,0,1,多换,S,2976.0000,2975.0000,2974.0000,2973.8000,2970.0000,2977.4000,2978.2000,2978.8000,2981.8000,2982.0000,1,1,1,1,1,1,1,1,1,1
SF,IH2006,2019-11-20 09:40:02.000,2977.2000,1854,0,44690160.000,0,-,-,-,-,2976.0000,2975.0000,2974.0000,2973.8000,2970.0000,2977.4000,2978.8000,2981.8000,2982.0000,2982.6000,1,1,1,1,1,1,1,1,1,1
SF,IH2006,2019-11-20 09:40:11.500,2977.4000,1853,-1,45583380.000,1,0,1,双平,S,2976.0000,2975.0000,2974.0000,2973.8000,2970.0000,2978.8000,2981.8000,2982.0000,2982.6000,2984.0000,1,1,1,1,1,1,1,1,1,1
SF,IH2006,2019-11-20 09:40:12.000,2977.4000,1853,0,45583380.000,0,-,-,-,-,2977.4000,2976.4000,2976.2000,2975.0000,2974.0000,2978.6000,2978.8000,2981.8000,2982.0000,2982.6000,1,1,1,1,1,1,1,1,1,1
SF,IH2006,2019-11-20 09:40:12.500,2977.4000,1853,0,45583380.000,0,-,-,-,-,2977.4000,2976.4000,2975.0000,2974.0000,2973.8000,2978.6000,2981.8000,2982.0000,2982.6000,2984.0000,1,1,1,1,1,1,1,1,1,1
SF,IH2006,2019-11-20 09:40:14.500,2977.4000,1853,0,45583380.000,0,-,-,-,-,2976.4000,2975.0000,2974.0000,2973.8000,2970.0000,2978.6000,2981.8000,2982.0000,2982.6000,2984.0000,1,1,1,1,1,1,1,1,1,1
SF,IH2006,2019-11-20 09:40:15.000,2977.4000,1853,0,45583380.000,0,-,-,-,-,2976.8000,2976.6000,2976.4000,2975.0000,2974.0000,2978.6000,2981.8000,2982.0000,2982.6000,2984.0000,1,1,1,1,1,1,1,1,1,1
SF,IH2006,2019-11-20 09:40:15.500,2977.4000,1853,0,45583380.000,0,-,-,-,-,2976.4000,2975.0000,2974.0000,2973.8000,2970.0000,2978.4000,2978.6000,2981.8000,2982.0000,2982.6000,1,1,1,1,1,1,1,1,1,1
SF,IH2006,2019-11-20 09:40:16.000,2977.4000,1853,0,45583380.000,0,-,-,-,-,2976.6000,2976.4000,2975.0000,2974.0000,2973.8000,2978.4000,2981.8000,2982.0000,2982.6000,2984.0000,1,1,1,1,1,1,1,1,1,1
SF,IH2006,2019-11-20 09:40:16.500,2977.4000,1853,0,45583380.000,0,-,-,-,-,2976.6000,2976.4000,2975.0000,2974.0000,2973.8000,2978.2000,2978.4000,2981.8000,2982.0000,2982.6000,1,1,1,1,1,1,1,1,1,1
SF,IH2006,2019-11-20 09:40:17.000,2977.4000,1853,0,45583380.000,0,-,-,-,-,2976.6000,2976.4000,2975.0000,2974.0000,2973.8000,2978.2000,2981.8000,2982.0000,2982.6000,2984.0000,1,1,1,1,1,1,1,1,1,1
SF,IH2006,2019-11-20 09:40:17.500,2977.4000,1853,0,45583380.000,0,-,-,-,-,2976.8000,2976.6000,2976.4000,2975.0000,2974.0000,2978.2000,2981.8000,2982.0000,2982.6000,2984.0000,1,1,1,1,1,1,1,1,1,1
SF,IH2006,2019-11-20 09:40:18.000,2977.4000,1853,0,45583380.000,0,-,-,-,-,2976.8000,2976.4000,2975.0000,2974.0000,2973.8000,2978.2000,2981.8000,2982.0000,2982.6000,2984.0000,1,1,1,1,1,1,1,1,1,1
SF,IH2006,2019-11-20 09:40:21.000,2976.8000,1854,1,46476420.000,1,1,0,双开,S,2976.4000,2975.0000,2974.0000,2973.8000,2970.0000,2978.2000,2981.8000,2982.0000,2982.6000,2984.0000,1,1,1,1,1,1,1,1,1,1
SF,IH2006,2019-11-20 09:40:21.500,2976.4000,1854,0,47369340.000,1,0,1,多换,S,2975.0000,2974.0000,2973.8000,2970.0000,2969.6000,2978.0000,2978.2000,2981.8000,2982.0000,2982.6000,1,1,1,1,5,1,1,1,1,1
SF,IH2006,2019-11-20 09:40:22.000,2975.8000,1854,0,48262080.000,1,0,1,多换,S,2975.8000,2975.4000,2975.0000,2974.0000,2973.8000,2978.0000,2981.8000,2982.0000,2982.6000,2984.0000,1,1,1,1,1,1,1,1,1,1
SF,IH2006,2019-11-20 09:40:22.500,2975.8000,1854,0,48262080.000,0,-,-,-,-,2975.8000,2975.0000,2974.0000,2973.8000,2970.0000,2981.8000,2982.0000,2982.6000,2984.0000,2984.2000,1,1,1,1,1,1,1,1,1,1
SF,IH2006,2019-11-20 09:40:23.000,2975.8000,1854,0,48262080.000,0,-,-,-,-,2976.0000,2975.8000,2975.0000,2974.0000,2973.8000,2979.0000,2979.4000,2981.8000,2982.0000,2982.6000,1,1,1,1,1,1,3,1,1,1
SF,IH2006,2019-11-20 09:40:23.500,2975.8000,1854,0,48262080.000,0,-,-,-,-,2976.0000,2975.8000,2975.0000,2974.0000,2973.8000,2979.0000,2979.4000,2981.8000,2982.0000,2982.6000,1,1,1,1,1,1,2,1,1,1
SF,IH2006,2019-11-20 09:40:24.000,2975.8000,1854,0,48262080.000,0,-,-,-,-,2976.0000,2975.8000,2975.0000,2974.0000,2973.8000,2978.8000,2979.0000,2979.4000,2981.8000,2982.0000,1,1,1,1,1,1,1,2,1,1
SF,IH2006,2019-11-20 09:40:24.500,2975.8000,1854,0,48262080.000,0,-,-,-,-,2976.0000,2975.8000,2975.0000,2974.0000,2973.8000,2978.8000,2979.0000,2979.4000,2981.8000,2982.0000,1,1,1,1,1,1,1,1,1,1
SF,IH2006,2019-11-20 09:40:25.000,2975.8000,1854,0,48262080.000,0,-,-,-,-,2976.0000,2975.8000,2975.0000,2974.0000,2973.8000,2978.2000,2978.8000,2979.0000,2979.4000,2981.8000,1,1,1,1,1,1,1,1,1,1
SF,IH2006,2019-11-20 09:40:25.500,2975.8000,1854,0,48262080.000,0,-,-,-,-,2976.0000,2975.8000,2975.0000,2974.0000,2973.8000,2978.2000,2979.0000,2979.4000,2981.8000,2982.0000,1,1,1,1,1,1,1,1,1,1
SF,IH2006,2019-11-20 09:40:26.000,2975.8000,1854,0,48262080.000,0,-,-,-,-,2976.0000,2975.8000,2975.0000,2974.0000,2973.8000,2979.0000,2979.4000,2981.8000,2982.0000,2982.6000,1,1,1,1,1,1,1,1,1,1
SF,IH2006,2019-11-20 09:40:26.500,2975.8000,1854,0,48262080.000,0,-,-,-,-,2976.0000,2975.8000,2975.0000,2974.0000,2973.8000,2978.8000,2979.0000,2979.4000,2981.8000,2982.0000,1,1,1,1,1,2,1,1,1,1
