市场代码,合约代码,时间,最新,持仓,增仓,成交额,成交量,开仓,平仓,成交类型,方向,买一价,买二价,买三价,买四价,买五价,卖一价,卖二价,卖三价,卖四价,卖五价,买一量,买二量,买三量,买四量,买五量,卖一量,卖二量,卖三量,卖四量,卖五量
SF,IH2006,2020-04-28 09:29:00.200,2746.2000,22677,0,15653340.000,19.000,-,-,-,-,2746.0000,2744.0000,2742.8000,2741.6000,2741.4000,2747.0000,2748.2000,2748.8000,2749.0000,2750.0000,1,1,1,1,1,1,1,3,1,4
SF,IH2006,2020-04-28 09:30:00.200,2746.0000,22676,-1,17301240.000,2,0,2,多平,S,2744.0000,2741.6000,2741.4000,2740.6000,2740.0000,2745.2000,2745.6000,2746.0000,2746.6000,2748.2000,1,1,1,1,1,4,1,3,4,1
SF,IH2006,2020-04-28 09:30:00.700,2745.6000,22670,-6,23066640.000,7,0,7,多平,S,2745.8000,2745.4000,2745.0000,2744.0000,2742.0000,2746.0000,2746.6000,2747.0000,2748.2000,2748.8000,1,3,2,1,1,3,4,4,1,3
SF,IH2006,2020-04-28 09:30:01.200,2746.6000,22664,-6,28009740.000,6,0,6,双平,S,2745.4000,2744.0000,2742.0000,2741.4000,2740.0000,2746.6000,2747.0000,2748.2000,2748.8000,2749.0000,1,1,1,1,1,2,4,1,3,1
SF,IH2006,2020-04-28 09:30:01.700,2746.6000,22664,0,28009740.000,0,-,-,-,-,2745.6000,2745.4000,2742.0000,2740.0000,2739.8000,2746.4000,2746.6000,2747.0000,2748.2000,2748.8000,1,1,1,2,5,3,2,4,1,3
SF,IH2006,2020-04-28 09:30:02.200,2746.6000,22664,0,28009740.000,0,-,-,-,-,2746.0000,2745.6000,2745.4000,2742.0000,2740.0000,2746.4000,2746.6000,2747.0000,2748.2000,2748.8000,1,1,1,1,2,2,2,4,1,3
SF,IH2006,2020-04-28 09:30:02.700,2742.0000,22664,0,30479760.000,3,1,2,多换,S,2740.0000,2737.0000,2736.0000,2731.2000,2731.0000,2746.0000,2746.2000,2746.6000,2747.0000,2747.8000,2,2,5,1,1,5,2,2,4,1
SF,IH2006,2020-04-28 09:30:03.200,2745.8000,22663,-1,31303500.000,1,0,1,双平,S,2744.2000,2743.4000,2743.0000,2742.8000,2742.6000,2745.8000,2746.0000,2746.6000,2747.0000,2747.8000,1,1,1,1,1,6,6,2,4,1
SF,IH2006,2020-04-28 09:30:03.700,2745.8000,22661,-2,32950980.000,2,0,2,双平,S,2744.4000,2743.0000,2741.8000,2741.6000,2741.2000,2745.8000,2746.0000,2746.6000,2747.0000,2747.8000,1,1,1,1,4,7,6,2,4,1
SF,IH2006,2020-04-28 09:30:04.200,2744.4000,22660,-1,33774300.000,1,0,1,双平,S,2743.0000,2742.4000,2741.8000,2741.6000,2741.2000,2744.4000,2745.8000,2746.0000,2746.6000,2747.8000,1,2,1,1,4,4,6,6,2,1
SF,IH2006,2020-04-28 09:30:04.700,2744.4000,22659,-1,34597620.000,1,0,1,双平,S,2743.6000,2743.4000,2743.2000,2743.0000,2742.4000,2744.4000,2745.8000,2746.0000,2746.6000,2747.8000,1,3,5,1,2,4,4,2,2,1
SF,IH2006,2020-04-28 09:30:05.200,2744.4000,22656,-3,37890540.000,4,0,4,多平,S,2742.4000,2741.8000,2741.6000,2741.2000,2740.8000,2744.4000,2745.8000,2746.0000,2746.6000,2747.8000,2,1,1,2,3,2,4,2,2,1
SF,IH2006,2020-04-28 09:30:05.700,2744.4000,22656,0,37890540.000,0,-,-,-,-,2742.8000,2742.6000,2741.6000,2741.2000,2740.8000,2744.2000,2744.4000,2745.8000,2746.0000,2746.6000,3,5,1,2,3,2,5,3,2,2
SF,IH2006,2020-04-28 09:30:06.200,2744.4000,22655,-1,39537180.000,2,0,2,多平,S,2743.0000,2742.6000,2741.2000,2740.8000,2740.4000,2744.2000,2744.4000,2745.8000,2746.0000,2746.6000,1,4,2,2,7,4,1,3,2,2
SF,IH2006,2020-04-28 09:30:06.700,2744.4000,22655,0,39537180.000,0,-,-,-,-,2743.0000,2742.6000,2741.2000,2740.8000,2740.4000,2744.0000,2744.2000,2744.4000,2745.8000,2746.0000,1,4,2,2,7,2,4,1,3,2
SF,IH2006,2020-04-28 09:30:07.200,2744.0000,22655,0,41183280.000,2,1,1,多换,S,2742.6000,2741.2000,2740.8000,2740.4000,2740.2000,2744.0000,2744.4000,2745.8000,2746.0000,2746.6000,4,2,2,7,2,4,1,3,2,2
SF,IH2006,2020-04-28 09:30:07.700,2744.0000,22655,0,41183280.000,0,-,-,-,-,2743.0000,2742.8000,2742.4000,2741.2000,2740.8000,2744.0000,2744.4000,2745.8000,2746.0000,2746.6000,1,1,2,2,2,3,1,3,2,2
SF,IH2006,2020-04-28 09:30:08.700,2744.0000,22655,0,41183280.000,0,-,-,-,-,2743.2000,2742.8000,2742.4000,2741.2000,2740.8000,2744.0000,2744.4000,2745.8000,2746.0000,2746.6000,1,1,2,2,2,3,1,3,2,2
SF,IH2006,2020-04-28 09:30:09.200,2743.2000,22654,-1,42829260.000,2,0,2,多平,S,2742.8000,2742.4000,2741.2000,2740.8000,2740.4000,2744.0000,2744.4000,2745.8000,2746.0000,2746.6000,1,2,2,2,7,3,1,3,2,2
SF,IH2006,2020-04-28 09:30:09.700,2743.8000,22652,-2,44475240.000,2,0,2,双平,S,2742.2000,2741.2000,2740.8000,2740.4000,2740.2000,2744.0000,2744.4000,2745.8000,2746.0000,2746.6000,2,2,2,7,2,3,1,3,2,2
SF,IH2006,2020-04-28 09:30:10.200,2743.8000,22649,-3,47767380.000,4,0,4,多平,S,2742.4000,2742.2000,2741.2000,2740.8000,2740.4000,2743.8000,2744.0000,2744.4000,2745.8000,2746.0000,7,2,2,2,7,2,3,1,3,2
SF,IH2006,2020-04-28 09:30:10.700,2742.4000,22648,-1,49412820.000,2,0,2,多平,S,2742.4000,2742.2000,2741.2000,2740.8000,2740.4000,2743.6000,2743.8000,2744.4000,2745.8000,2746.0000,4,2,1,2,7,1,4,1,3,2
SF,IH2006,2020-04-28 09:30:11.200,2742.4000,22648,0,49412820.000,0,-,-,-,-,2742.6000,2742.4000,2742.2000,2741.2000,2740.8000,2743.6000,2744.4000,2745.8000,2746.0000,2747.8000,1,4,2,1,2,4,1,3,2,1
SF,IH2006,2020-04-28 09:30:11.700,2743.6000,22645,-3,52705140.000,4,0,4,多平,S,2743.6000,2742.8000,2742.6000,2742.4000,2741.8000,2744.4000,2745.8000,2746.0000,2747.8000,2748.2000,1,4,1,2,2,1,3,2,1,1
SF,IH2006,2020-04-28 09:30:12.200,2743.6000,22644,-1,53528220.000,1,0,1,双平,S,2743.8000,2743.6000,2742.8000,2742.4000,2741.8000,2744.2000,2744.4000,2745.8000,2746.0000,2747.8000,1,1,3,2,2,1,1,3,2,1
SF,IH2006,2020-04-28 09:30:12.700,2744.4000,22643,-1,54351540.000,1,0,1,双平,S,2744.2000,2743.8000,2743.6000,2742.8000,2741.8000,2745.0000,2745.8000,2746.0000,2747.8000,2748.2000,1,1,1,1,2,1,3,2,1,1
SF,IH2006,2020-04-28 09:30:13.700,2743.8000,22641,-2,55997940.000,2,0,2,双平,S,2743.6000,2742.8000,2741.8000,2741.2000,2740.8000,2745.0000,2745.8000,2746.0000,2747.8000,2748.2000,1,1,2,1,2,1,3,1,1,1
SF,IH2006,2020-04-28 09:30:14.200,2743.8000,22641,0,55997940.000,0,-,-,-,-,2743.6000,2742.8000,2741.8000,2741.2000,2740.8000,2745.0000,2745.8000,2746.0000,2747.8000,2748.2000,1,1,2,1,2,1,3,1,1,1
SF,IH2006,2020-04-28 09:30:14.700,2743.8000,22641,0,55997940.000,0,-,-,-,-,2743.8000,2743.6000,2741.8000,2741.2000,2740.8000,2745.0000,2745.8000,2746.0000,2746.4000,2747.8000,2,1,2,1,2,1,3,1,1,1
SF,IH2006,2020-04-28 09:30:15.200,2744.8000,22640,-1,56821380.000,1,0,1,双平,S,2743.6000,2742.2000,2741.2000,2740.8000,2740.4000,2744.2000,2745.0000,2745.8000,2746.0000,2746.4000,1,1,1,2,7,1,1,3,1,1
SF,IH2006,2020-04-28 09:30:15.700,2744.8000,22640,0,56821380.000,0,-,-,-,-,2743.2000,2742.2000,2741.2000,2740.8000,2740.4000,2744.2000,2745.0000,2745.8000,2746.0000,2746.4000,6,1,1,2,7,1,1,3,1,1
SF,IH2006,2020-04-28 09:30:16.200,2744.8000,22640,0,57644820.000,1,0,1,多换,S,2743.8000,2743.4000,2743.2000,2742.2000,2741.2000,2745.0000,2745.8000,2746.0000,2746.4000,2747.8000,4,5,2,1,1,1,3,1,1,1
SF,IH2006,2020-04-28 09:30:16.700,2744.8000,22640,0,57644820.000,0,-,-,-,-,2744.2000,2744.0000,2743.8000,2743.4000,2743.2000,2745.0000,2745.8000,2746.0000,2746.4000,2747.8000,1,6,4,1,2,1,3,1,1,1
SF,IH2006,2020-04-28 09:30:17.200,2744.8000,22640,0,57644820.000,0,-,-,-,-,2744.4000,2744.2000,2744.0000,2743.6000,2743.4000,2745.0000,2745.8000,2746.0000,2746.4000,2747.8000,2,1,3,4,1,1,3,1,1,1
SF,IH2006,2020-04-28 09:30:17.700,2745.0000,22639,-1,58468320.000,1,0,1,双平,S,2744.4000,2744.2000,2744.0000,2743.6000,2743.4000,2745.8000,2746.0000,2746.4000,2747.8000,2748.2000,2,1,3,4,1,3,1,1,1,1
SF,IH2006,2020-04-28 09:30:18.200,2745.0000,22639,0,58468320.000,0,-,-,-,-,2744.6000,2744.4000,2744.2000,2744.0000,2743.6000,2746.0000,2746.4000,2747.8000,2748.2000,2748.8000,2,2,1,1,4,1,1,1,1,3
SF,IH2006,2020-04-28 09:30:18.700,2745.0000,22639,0,58468320.000,0,-,-,-,-,2744.8000,2744.6000,2744.2000,2743.6000,2743.4000,2746.0000,2746.4000,2747.8000,2748.2000,2748.8000,5,2,1,4,1,1,1,1,1,3
SF,IH2006,2020-04-28 09:30:19.200,2746.0000,22639,0,59292120.000,1,0,1,多换,S,2746.0000,2745.0000,2744.8000,2744.2000,2743.6000,2746.4000,2747.8000,2748.2000,2748.8000,2749.0000,4,2,5,1,4,1,1,1,3,1
SF,IH2006,2020-04-28 09:30:19.700,2745.0000,22633,-6,65058540.000,7,0,7,多平,S,2745.0000,2744.8000,2744.2000,2743.6000,2743.4000,2746.2000,2746.4000,2747.8000,2748.2000,2748.8000,2,3,1,4,1,1,1,1,1,3
SF,IH2006,2020-04-28 09:30:20.200,2745.0000,22632,-1,65882040.000,1,0,1,双平,S,2745.2000,2745.0000,2744.8000,2744.2000,2743.6000,2746.4000,2747.8000,2748.2000,2748.8000,2749.0000,1,2,1,1,4,1,1,1,3,1
SF,IH2006,2020-04-28 09:30:20.700,2745.0000,22632,0,65882040.000,0,-,-,-,-,2745.2000,2745.0000,2744.8000,2744.2000,2743.6000,2746.2000,2746.4000,2747.8000,2748.2000,2748.8000,1,2,1,1,4,1,1,1,1,3
SF,IH2006,2020-04-28 09:30:21.200,2745.0000,22632,0,65882040.000,0,-,-,-,-,2745.2000,2745.0000,2744.8000,2744.2000,2743.6000,2746.4000,2747.8000,2748.2000,2748.8000,2749.0000,1,2,1,1,4,1,1,1,3,1
SF,IH2006,2020-04-28 09:30:21.700,2745.0000,22631,-1,66705540.000,1,0,1,双平,S,2745.0000,2744.8000,2744.2000,2743.6000,2743.4000,2746.2000,2746.4000,2747.8000,2748.2000,2748.8000,2,1,1,4,1,1,1,1,1,3
SF,IH2006,2020-04-28 09:30:22.200,2745.0000,22630,-1,67529040.000,1,0,1,双平,S,2745.0000,2744.2000,2743.6000,2743.4000,2743.2000,2746.0000,2746.4000,2747.8000,2748.2000,2748.8000,1,1,4,1,2,1,1,1,1,3
SF,IH2006,2020-04-28 09:30:22.700,2745.0000,22630,0,67529040.000,0,-,-,-,-,2745.0000,2744.2000,2743.6000,2743.4000,2743.2000,2746.2000,2746.4000,2747.8000,2748.2000,2748.8000,1,1,4,1,2,1,1,1,1,4
SF,IH2006,2020-04-28 09:30:23.200,2745.0000,22630,0,67529040.000,0,-,-,-,-,2745.0000,2744.2000,2743.6000,2743.4000,2743.2000,2746.0000,2746.2000,2746.4000,2747.8000,2748.2000,1,1,4,1,2,5,1,1,1,1
SF,IH2006,2020-04-28 09:30:23.700,2745.0000,22630,0,67529040.000,0,-,-,-,-,2745.0000,2744.2000,2743.6000,2743.4000,2743.2000,2746.0000,2746.2000,2746.4000,2747.8000,2748.2000,1,1,4,1,2,5,1,1,1,1
SF,IH2006,2020-04-28 09:30:24.200,2745.0000,22630,0,67529040.000,0,-,-,-,-,2745.0000,2744.2000,2743.6000,2743.4000,2743.2000,2745.6000,2746.0000,2746.2000,2746.4000,2747.8000,1,1,4,1,2,2,5,1,1,1
SF,IH2006,2020-04-28 09:30:24.700,2745.0000,22630,0,68352540.000,1,0,1,多换,S,2744.2000,2743.6000,2743.4000,2743.2000,2742.0000,2745.4000,2745.6000,2746.2000,2746.4000,2747.0000,1,4,1,2,1,4,2,1,1,2
SF,IH2006,2020-04-28 09:30:25.200,2745.0000,22630,0,68352540.000,0,-,-,-,-,2744.2000,2743.6000,2743.4000,2743.2000,2742.0000,2745.4000,2745.6000,2746.2000,2746.4000,2747.0000,1,4,1,2,1,4,2,1,1,2
SF,IH2006,2020-04-28 09:30:26.200,2745.0000,22630,0,68352540.000,0,-,-,-,-,2744.2000,2743.6000,2743.2000,2742.0000,2741.2000,2745.4000,2745.6000,2746.2000,2746.4000,2747.0000,1,4,2,1,1,4,2,1,1,2
SF,IH2006,2020-04-28 09:30:26.700,2745.0000,22630,0,68352540.000,0,-,-,-,-,2744.8000,2744.2000,2743.6000,2743.2000,2742.0000,2745.2000,2745.4000,2746.2000,2746.4000,2747.0000,1,1,4,2,1,1,4,1,1,2
SF,IH2006,2020-04-28 09:30:27.200,2745.0000,22625,-5,73293420.000,6,0,6,多平,S,2744.2000,2743.6000,2743.2000,2742.0000,2741.2000,2744.8000,2745.4000,2746.2000,2746.4000,2747.0000,1,4,2,1,1,1,4,1,1,2
SF,IH2006,2020-04-28 09:30:27.700,2744.2000,22624,-1,74116680.000,1,0,1,双平,S,2743.6000,2743.2000,2742.0000,2741.2000,2740.8000,2744.8000,2745.4000,2746.2000,2746.4000,2747.0000,4,2,1,1,2,1,4,1,1,2
SF,IH2006,2020-04-28 09:30:28.200,2744.2000,22624,0,74116680.000,0,-,-,-,-,2743.6000,2743.2000,2742.0000,2741.2000,2740.8000,2744.2000,2744.6000,2744.8000,2746.2000,2746.4000,4,2,1,1,2,1,4,1,1,1
SF,IH2006,2020-04-28 09:30:28.700,2744.2000,22624,0,74116680.000,0,-,-,-,-,2743.4000,2743.2000,2742.0000,2741.2000,2740.8000,2744.2000,2744.6000,2744.8000,2746.0000,2746.2000,4,2,1,1,2,1,4,1,1,1
SF,IH2006,2020-04-28 09:30:29.200,2744.2000,22624,0,74116680.000,0,-,-,-,-,2743.4000,2743.2000,2742.0000,2741.2000,2740.8000,2744.2000,2744.6000,2744.8000,2746.0000,2746.2000,4,2,1,1,2,1,4,1,1,1
SF,IH2006,2020-04-28 09:30:30.200,2743.4000,22623,-1,74939700.000,1,0,1,双平,S,2743.2000,2742.0000,2741.2000,2740.8000,2740.4000,2744.2000,2744.6000,2744.8000,2746.0000,2746.2000,5,1,1,2,7,1,4,2,1,1
SF,IH2006,2020-04-28 09:30:30.700,2743.4000,22623,0,75762720.000,1,0,1,多换,S,2743.2000,2742.0000,2741.2000,2740.8000,2740.4000,2744.0000,2744.2000,2744.6000,2744.8000,2746.0000,2,1,1,2,7,3,1,1,2,1
SF,IH2006,2020-04-28 09:30:31.200,2743.4000,22623,0,75762720.000,0,-,-,-,-,2742.8000,2742.0000,2741.2000,2740.8000,2740.4000,2743.8000,2744.0000,2744.2000,2744.8000,2746.0000,3,1,1,2,7,1,3,1,2,1
SF,IH2006,2020-04-28 09:30:31.700,2743.4000,22623,0,75762720.000,0,-,-,-,-,2743.0000,2742.8000,2742.6000,2742.0000,2741.2000,2743.8000,2744.0000,2744.2000,2744.8000,2746.0000,3,3,1,1,1,1,3,1,2,1
SF,IH2006,2020-04-28 09:30:32.200,2743.4000,22623,0,75762720.000,0,-,-,-,-,2743.2000,2742.8000,2742.0000,2741.2000,2740.8000,2744.0000,2744.2000,2744.8000,2746.0000,2746.2000,2,3,1,1,2,1,1,2,1,1
SF,IH2006,2020-04-28 09:30:32.700,2743.4000,22623,0,75762720.000,0,-,-,-,-,2742.8000,2742.0000,2741.2000,2740.8000,2740.4000,2744.2000,2744.8000,2746.0000,2746.2000,2746.4000,3,1,1,2,7,1,2,1,1,1
SF,IH2006,2020-04-28 09:30:33.200,2743.4000,22623,0,75762720.000,0,-,-,-,-,2743.0000,2742.8000,2742.0000,2741.2000,2740.8000,2744.0000,2744.2000,2744.8000,2746.0000,2746.2000,2,3,1,1,2,4,1,2,1,1
SF,IH2006,2020-04-28 09:30:33.700,2743.4000,22623,0,75762720.000,0,-,-,-,-,2743.0000,2742.6000,2742.0000,2741.2000,2740.8000,2744.2000,2744.8000,2746.0000,2746.2000,2746.4000,2,3,1,1,2,1,2,1,1,1
SF,IH2006,2020-04-28 09:30:34.200,2743.4000,22623,0,76585740.000,1,0,1,多换,S,2742.2000,2742.0000,2741.2000,2740.8000,2740.4000,2743.0000,2744.2000,2744.8000,2746.0000,2746.2000,3,2,1,2,7,19,1,2,1,1
SF,IH2006,2020-04-28 09:30:34.700,2743.0000,22624,1,81523140.000,6,3,3,空开,S,2742.6000,2742.4000,2742.2000,2742.0000,2741.8000,2743.0000,2744.2000,2744.8000,2746.0000,2746.2000,7,3,4,2,2,13,1,2,1,1
SF,IH2006,2020-04-28 09:30:35.200,2742.8000,22623,-1,84814680.000,4,1,3,多平,S,2742.4000,2742.2000,2742.0000,2741.8000,2741.2000,2743.0000,2744.2000,2744.8000,2746.0000,2746.2000,1,4,2,2,1,10,1,2,1,1
SF,IH2006,2020-04-28 09:30:35.700,2742.8000,22623,0,84814680.000,0,-,-,-,-,2742.6000,2742.4000,2742.0000,2741.8000,2741.2000,2743.0000,2744.2000,2744.8000,2746.0000,2746.2000,1,1,5,2,1,10,1,2,1,1
SF,IH2006,2020-04-28 09:30:36.200,2743.0000,22622,-1,86460360.000,2,0,2,多平,S,2742.0000,2741.8000,2741.2000,2740.8000,2740.4000,2742.6000,2743.0000,2744.2000,2744.8000,2746.0000,5,2,1,2,2,1,9,1,2,1
SF,IH2006,2020-04-28 09:30:36.700,2742.4000,22620,-2,88105860.000,2,0,2,双平,S,2742.4000,2742.2000,2742.0000,2741.8000,2741.2000,2743.0000,2744.2000,2744.8000,2746.0000,2746.2000,5,4,2,2,1,9,1,2,1,1
SF,IH2006,2020-04-28 09:30:37.200,2742.2000,22619,-1,89751240.000,2,0,2,多平,S,2742.0000,2741.8000,2741.2000,2740.8000,2740.4000,2743.0000,2744.8000,2746.0000,2746.2000,2746.4000,2,2,1,2,2,9,2,1,1,1
SF,IH2006,2020-04-28 09:30:37.700,2742.2000,22619,0,89751240.000,0,-,-,-,-,2742.2000,2742.0000,2741.6000,2741.2000,2740.8000,2743.0000,2744.8000,2746.0000,2746.2000,2746.4000,4,2,4,1,2,10,2,1,1,1
SF,IH2006,2020-04-28 09:30:38.200,2742.2000,22619,0,89751240.000,0,-,-,-,-,2742.2000,2742.0000,2741.6000,2741.2000,2740.8000,2742.8000,2743.0000,2744.8000,2746.0000,2746.2000,4,1,4,1,2,1,10,2,1,1
SF,IH2006,2020-04-28 09:30:38.700,2742.2000,22618,-1,91396560.000,2,0,2,多平,S,2742.2000,2742.0000,2741.6000,2741.2000,2740.8000,2742.8000,2743.0000,2744.8000,2746.0000,2746.2000,2,1,4,1,2,1,10,2,1,1
SF,IH2006,2020-04-28 09:30:39.200,2742.2000,22618,0,92219220.000,1,0,1,多换,S,2742.2000,2742.0000,2741.6000,2741.2000,2740.8000,2742.8000,2743.0000,2744.8000,2746.0000,2746.2000,1,1,2,1,2,1,10,2,1,1
SF,IH2006,2020-04-28 09:30:39.700,2742.8000,22617,-1,93864720.000,2,0,2,多平,S,2742.0000,2741.6000,2741.2000,2740.8000,2740.4000,2743.0000,2744.8000,2746.0000,2746.2000,2746.4000,1,2,3,2,2,10,2,1,1,1
SF,IH2006,2020-04-28 09:30:40.200,2742.8000,22617,0,93864720.000,0,-,-,-,-,2742.2000,2742.0000,2741.6000,2741.2000,2740.8000,2743.0000,2744.8000,2746.0000,2746.2000,2746.4000,1,1,2,3,2,10,2,1,1,1
SF,IH2006,2020-04-28 09:30:40.700,2742.8000,22617,0,93864720.000,0,-,-,-,-,2742.2000,2742.0000,2741.6000,2741.2000,2740.8000,2743.0000,2744.8000,2746.0000,2746.2000,2746.4000,1,1,2,3,2,10,2,1,1,1
SF,IH2006,2020-04-28 09:30:41.700,2742.2000,22617,0,94687380.000,1,0,1,多换,S,2742.0000,2741.6000,2741.2000,2740.8000,2740.4000,2742.2000,2743.0000,2744.8000,2746.0000,2746.2000,1,2,3,2,2,10,10,2,1,1
SF,IH2006,2020-04-28 09:30:42.200,2742.2000,22617,0,102913980.000,10,5,5,多换,S,2742.2000,2742.0000,2741.6000,2741.2000,2740.8000,2743.0000,2744.8000,2746.0000,2746.2000,2746.4000,1,2,2,3,2,10,1,1,1,1
SF,IH2006,2020-04-28 09:30:42.700,2742.2000,22617,0,102913980.000,0,-,-,-,-,2742.2000,2742.0000,2741.6000,2741.2000,2740.8000,2743.0000,2746.0000,2746.2000,2746.4000,2747.0000,1,1,2,3,2,10,1,1,1,2
SF,IH2006,2020-04-28 09:30:43.200,2742.2000,22617,0,102913980.000,0,-,-,-,-,2742.2000,2742.0000,2741.6000,2741.2000,2740.8000,2743.0000,2746.0000,2746.2000,2746.4000,2747.0000,3,1,2,3,2,10,1,1,1,2
SF,IH2006,2020-04-28 09:30:43.700,2742.2000,22616,-1,103736640.000,1,0,1,双平,S,2742.4000,2742.2000,2742.0000,2741.6000,2741.2000,2743.0000,2746.0000,2746.2000,2746.4000,2747.0000,1,3,1,2,3,10,1,1,1,2
SF,IH2006,2020-04-28 09:30:45.200,2743.0000,22617,1,104559540.000,1,1,0,双开,S,2742.4000,2742.2000,2742.0000,2741.6000,2741.2000,2743.0000,2746.0000,2746.2000,2746.4000,2747.2000,1,3,1,2,3,9,1,1,1,1
SF,IH2006,2020-04-28 09:30:45.700,2743.0000,22617,0,104559540.000,0,-,-,-,-,2742.4000,2742.2000,2742.0000,2741.6000,2741.2000,2743.0000,2746.0000,2746.2000,2746.4000,2747.2000,1,3,1,2,3,9,1,1,1,1
SF,IH2006,2020-04-28 09:30:46.200,2743.0000,22616,-1,109496820.000,6,2,4,多平,S,2742.4000,2742.2000,2742.0000,2741.6000,2741.2000,2743.0000,2746.0000,2746.2000,2746.4000,2747.2000,1,3,1,2,3,4,1,1,1,1
SF,IH2006,2020-04-28 09:30:46.700,2743.0000,22616,0,110319720.000,1,0,1,多换,S,2742.4000,2742.2000,2742.0000,2741.6000,2741.2000,2743.0000,2746.0000,2746.2000,2746.4000,2747.2000,1,3,1,2,3,3,1,1,1,1
SF,IH2006,2020-04-28 09:30:47.200,2743.0000,22616,0,110319720.000,0,-,-,-,-,2742.4000,2742.2000,2742.0000,2741.6000,2741.2000,2743.0000,2746.0000,2746.2000,2746.4000,2747.2000,1,3,1,2,3,3,1,1,1,1
SF,IH2006,2020-04-28 09:30:48.700,2743.0000,22616,0,110319720.000,0,-,-,-,-,2742.4000,2742.2000,2742.0000,2741.6000,2741.2000,2743.0000,2746.0000,2746.2000,2746.4000,2747.2000,2,3,1,2,3,3,1,1,1,1
SF,IH2006,2020-04-28 09:30:49.200,2743.0000,22616,0,110319720.000,0,-,-,-,-,2742.4000,2742.2000,2742.0000,2741.6000,2741.2000,2743.0000,2746.0000,2746.2000,2746.4000,2747.2000,2,3,1,2,3,3,1,1,1,1
SF,IH2006,2020-04-28 09:30:51.200,2742.4000,22614,-2,111965160.000,2,0,2,双平,S,2742.2000,2742.0000,2741.6000,2741.2000,2740.8000,2742.4000,2743.0000,2746.0000,2746.2000,2746.4000,3,1,2,3,2,2,3,1,1,1
SF,IH2006,2020-04-28 09:30:51.700,2743.0000,22609,-5,117724080.000,7,1,6,多平,S,2741.6000,2741.2000,2740.8000,2740.4000,2740.2000,2743.0000,2746.0000,2746.2000,2746.4000,2747.2000,2,3,2,2,2,2,1,1,1,1
SF,IH2006,2020-04-28 09:30:52.200,2742.4000,22608,-1,118546800.000,1,0,1,双平,S,2742.0000,2741.8000,2741.6000,2741.2000,2740.8000,2743.0000,2746.0000,2746.2000,2746.4000,2747.2000,1,3,2,3,2,2,1,1,1,1
SF,IH2006,2020-04-28 09:30:52.700,2743.0000,22609,1,119369700.000,1,1,0,双开,S,2742.0000,2741.8000,2741.6000,2741.2000,2740.8000,2743.0000,2746.0000,2746.2000,2746.4000,2747.2000,1,2,2,1,2,1,1,1,1,1
SF,IH2006,2020-04-28 09:30:53.200,2743.0000,22608,-1,120192600.000,1,0,1,双平,S,2741.8000,2741.6000,2741.2000,2741.0000,2740.8000,2746.0000,2746.2000,2746.4000,2747.2000,2747.8000,1,2,2,2,2,1,1,1,1,1
SF,IH2006,2020-04-28 09:30:53.700,2743.0000,22608,0,120192600.000,0,-,-,-,-,2742.0000,2741.8000,2741.4000,2741.2000,2740.8000,2743.0000,2745.2000,2745.4000,2745.6000,2745.8000,4,1,2,2,4,1,1,1,14,10
SF,IH2006,2020-04-28 09:30:54.200,2743.0000,22608,0,120192600.000,0,-,-,-,-,2741.8000,2741.4000,2741.2000,2740.8000,2740.4000,2743.0000,2745.4000,2745.6000,2745.8000,2746.0000,1,2,2,4,2,1,1,14,9,1
SF,IH2006,2020-04-28 09:30:54.700,2743.0000,22608,0,120192600.000,0,-,-,-,-,2742.0000,2741.8000,2741.4000,2741.2000,2740.8000,2743.0000,2745.4000,2745.6000,2745.8000,2746.0000,1,1,2,2,4,1,1,14,9,1
SF,IH2006,2020-04-28 09:30:55.200,2743.0000,22607,-1,121015500.000,1,0,1,双平,S,2741.8000,2741.4000,2741.2000,2740.8000,2740.4000,2743.0000,2745.4000,2745.6000,2745.8000,2746.0000,1,2,2,4,2,1,1,14,9,1
SF,IH2006,2020-04-28 09:30:55.700,2743.0000,22607,0,121015500.000,0,-,-,-,-,2742.0000,2741.8000,2741.4000,2741.2000,2740.8000,2743.0000,2745.4000,2745.6000,2745.8000,2746.0000,2,1,2,2,4,1,1,14,8,1
SF,IH2006,2020-04-28 09:30:56.200,2743.0000,22606,-1,121838400.000,1,0,1,双平,S,2742.0000,2741.8000,2741.4000,2741.2000,2740.8000,2745.4000,2745.6000,2745.8000,2746.0000,2746.2000,2,2,2,2,4,1,14,8,1,2
SF,IH2006,2020-04-28 09:30:56.700,2743.0000,22606,0,121838400.000,0,-,-,-,-,2742.2000,2741.8000,2741.4000,2741.2000,2740.8000,2744.8000,2745.0000,2745.2000,2745.4000,2745.6000,2,1,2,2,4,1,6,9,1,8
SF,IH2006,2020-04-28 09:30:57.200,2743.0000,22606,0,121838400.000,0,-,-,-,-,2742.4000,2742.2000,2741.8000,2741.4000,2741.2000,2744.6000,2744.8000,2745.0000,2745.2000,2745.4000,1,2,1,2,2,6,1,6,1,1
SF,IH2006,2020-04-28 09:30:57.700,2743.0000,22606,0,121838400.000,0,-,-,-,-,2742.4000,2742.2000,2741.8000,2741.4000,2741.2000,2744.4000,2744.6000,2745.0000,2745.2000,2745.4000,1,2,1,2,2,2,6,6,1,1
SF,IH2006,2020-04-28 09:30:58.200,2743.0000,22606,0,121838400.000,0,-,-,-,-,2742.6000,2742.4000,2742.2000,2741.8000,2741.4000,2744.2000,2744.4000,2745.0000,2745.2000,2745.4000,1,1,2,1,2,7,2,6,1,1
SF,IH2006,2020-04-28 09:30:58.700,2743.0000,22606,0,121838400.000,0,-,-,-,-,2742.2000,2741.8000,2741.4000,2741.2000,2740.8000,2744.2000,2744.4000,2745.0000,2745.2000,2745.4000,1,1,2,2,4,7,2,6,1,1
SF,IH2006,2020-04-28 09:30:59.200,2743.0000,22606,0,121838400.000,0,-,-,-,-,2742.4000,2742.2000,2741.8000,2741.4000,2741.2000,2744.2000,2744.4000,2745.0000,2745.2000,2745.4000,1,1,1,2,2,7,2,6,1,1
SF,IH2006,2020-04-28 09:30:59.700,2741.4000,22604,-2,123483360.000,2,0,2,双平,S,2741.4000,2741.2000,2740.8000,2740.4000,2740.2000,2744.2000,2744.4000,2745.0000,2745.2000,2745.4000,1,2,4,2,1,7,2,6,1,1
SF,IH2006,2020-04-28 09:31:00.200,2741.4000,22604,0,123483360.000,0,-,-,-,-,2741.6000,2741.4000,2741.2000,2740.8000,2740.6000,2744.2000,2744.4000,2745.0000,2745.2000,2745.4000,3,2,4,2,3,6,2,6,1,1
SF,IH2006,2020-04-28 09:31:00.700,2741.4000,22604,0,123483360.000,0,-,-,-,-,2742.0000,2741.8000,2741.6000,2741.4000,2741.2000,2744.0000,2744.2000,2744.4000,2745.0000,2745.2000,1,1,3,2,4,1,6,2,6,1
SF,IH2006,2020-04-28 09:31:01.200,2741.4000,22604,0,123483360.000,0,-,-,-,-,2742.2000,2741.6000,2741.4000,2741.2000,2740.8000,2743.8000,2744.0000,2744.4000,2745.0000,2745.2000,4,1,1,4,2,7,1,1,6,1
SF,IH2006,2020-04-28 09:31:01.700,2741.4000,22604,0,123483360.000,0,-,-,-,-,2742.2000,2741.6000,2741.4000,2741.2000,2740.8000,2743.6000,2743.8000,2744.4000,2745.0000,2745.2000,3,1,1,4,2,5,7,1,6,1
SF,IH2006,2020-04-28 09:31:02.200,2741.4000,22604,0,123483360.000,0,-,-,-,-,2742.2000,2741.6000,2741.4000,2741.2000,2740.8000,2743.4000,2743.6000,2744.4000,2745.0000,2745.2000,2,1,1,4,2,5,5,1,6,1
SF,IH2006,2020-04-28 09:31:02.700,2742.2000,22603,-1,125128680.000,2,0,2,多平,S,2742.6000,2742.4000,2741.6000,2741.2000,2740.8000,2743.6000,2744.4000,2745.0000,2745.2000,2745.4000,2,3,1,4,2,5,1,6,1,1
SF,IH2006,2020-04-28 09:31:03.200,2743.6000,22599,-4,129243180.000,5,0,5,多平,S,2741.6000,2741.2000,2740.8000,2740.6000,2740.4000,2743.6000,2744.4000,2745.0000,2745.2000,2745.4000,1,4,2,3,2,3,1,6,1,1
SF,IH2006,2020-04-28 09:31:03.700,2743.6000,22599,0,129243180.000,0,-,-,-,-,2741.8000,2741.6000,2741.2000,2740.8000,2740.6000,2743.4000,2744.4000,2745.0000,2745.2000,2745.4000,5,1,4,2,3,2,1,6,1,1
SF,IH2006,2020-04-28 09:31:04.700,2743.6000,22599,0,129243180.000,0,-,-,-,-,2741.8000,2741.6000,2741.2000,2740.8000,2740.6000,2743.4000,2744.4000,2745.0000,2745.2000,2745.4000,5,2,4,2,3,2,1,6,1,1
SF,IH2006,2020-04-28 09:31:05.200,2743.6000,22599,0,129243180.000,0,-,-,-,-,2741.8000,2741.6000,2741.2000,2740.8000,2740.6000,2743.4000,2744.4000,2745.0000,2745.2000,2745.4000,5,2,4,2,3,2,1,6,1,1
SF,IH2006,2020-04-28 09:31:05.700,2743.6000,22599,0,129243180.000,0,-,-,-,-,2741.8000,2741.6000,2741.2000,2740.8000,2740.6000,2743.4000,2744.4000,2745.0000,2745.2000,2745.4000,5,1,4,2,3,2,1,6,1,1
SF,IH2006,2020-04-28 09:31:06.700,2743.6000,22599,0,129243180.000,0,-,-,-,-,2741.8000,2741.6000,2741.2000,2740.8000,2740.6000,2743.4000,2744.4000,2745.0000,2745.2000,2745.4000,5,1,4,2,3,2,1,6,1,1
SF,IH2006,2020-04-28 09:31:07.200,2743.4000,22599,0,130066200.000,1,0,1,多换,S,2742.0000,2741.8000,2741.6000,2741.2000,2740.8000,2743.4000,2744.4000,2745.0000,2745.2000,2745.4000,1,5,1,4,2,1,1,6,1,1
SF,IH2006,2020-04-28 09:31:07.700,2743.4000,22599,0,130066200.000,0,-,-,-,-,2742.2000,2742.0000,2741.8000,2741.6000,2741.2000,2743.4000,2744.4000,2745.0000,2745.2000,2745.4000,3,1,1,1,4,1,1,6,1,1
SF,IH2006,2020-04-28 09:31:08.200,2743.4000,22599,0,130066200.000,0,-,-,-,-,2742.4000,2742.2000,2741.8000,2741.6000,2741.2000,2743.4000,2744.4000,2745.0000,2745.2000,2745.4000,1,3,1,1,4,1,1,6,1,1
SF,IH2006,2020-04-28 09:31:08.700,2743.4000,22599,0,130066200.000,0,-,-,-,-,2742.4000,2742.2000,2741.8000,2741.6000,2741.2000,2743.4000,2744.4000,2745.0000,2745.2000,2745.4000,1,1,1,1,4,1,1,6,1,1
SF,IH2006,2020-04-28 09:31:09.200,2743.4000,22598,-1,130889220.000,1,0,1,双平,S,2742.4000,2742.2000,2741.8000,2741.6000,2741.2000,2744.4000,2745.0000,2745.2000,2745.4000,2745.6000,1,1,1,1,4,1,6,1,1,5
SF,IH2006,2020-04-28 09:31:09.700,2743.4000,22598,0,130889220.000,0,-,-,-,-,2742.6000,2742.4000,2741.8000,2741.6000,2741.2000,2744.2000,2744.4000,2745.0000,2745.2000,2745.4000,3,1,1,1,4,8,1,6,1,1
SF,IH2006,2020-04-28 09:31:10.200,2743.4000,22598,0,130889220.000,0,-,-,-,-,2742.8000,2742.6000,2741.8000,2741.6000,2741.2000,2744.2000,2744.4000,2745.0000,2745.2000,2745.4000,1,4,1,1,4,8,1,6,1,1
SF,IH2006,2020-04-28 09:31:10.700,2743.4000,22598,0,130889220.000,0,-,-,-,-,2743.0000,2742.8000,2741.8000,2741.6000,2741.2000,2744.2000,2745.2000,2745.4000,2745.6000,2745.8000,1,1,1,1,4,7,1,1,5,1
SF,IH2006,2020-04-28 09:31:11.200,2743.4000,22598,0,130889220.000,0,-,-,-,-,2743.2000,2743.0000,2741.8000,2741.6000,2741.2000,2744.0000,2744.2000,2745.2000,2745.4000,2745.6000,1,1,1,1,4,7,2,1,1,5
SF,IH2006,2020-04-28 09:31:11.700,2743.2000,22598,0,131712180.000,1,0,1,多换,S,2743.0000,2741.8000,2741.6000,2741.2000,2740.8000,2744.0000,2744.2000,2745.2000,2745.4000,2745.6000,1,1,1,4,2,3,2,1,1,5
SF,IH2006,2020-04-28 09:31:12.200,2743.2000,22598,0,131712180.000,0,-,-,-,-,2743.0000,2741.8000,2741.6000,2741.2000,2740.8000,2744.0000,2744.2000,2745.4000,2745.6000,2746.0000,1,1,1,4,2,3,2,1,5,2
SF,IH2006,2020-04-28 09:31:12.700,2744.0000,22595,-3,134181780.000,3,0,3,双平,S,2744.0000,2743.0000,2742.8000,2742.2000,2741.8000,2744.2000,2745.4000,2745.6000,2746.0000,2746.2000,2,2,1,1,1,2,1,5,2,1
SF,IH2006,2020-04-28 09:31:13.200,2744.2000,22590,-5,138297840.000,5,0,5,双平,S,2744.2000,2743.0000,2742.8000,2742.2000,2741.8000,2745.4000,2746.0000,2746.2000,2747.2000,2748.2000,1,1,1,1,1,1,2,1,1,1
SF,IH2006,2020-04-28 09:31:13.700,2744.2000,22590,0,138297840.000,0,-,-,-,-,2744.4000,2744.2000,2743.6000,2743.0000,2742.8000,2745.2000,2746.0000,2746.2000,2747.2000,2748.2000,2,1,1,1,1,4,2,1,1,1
SF,IH2006,2020-04-28 09:31:14.200,2744.4000,22589,-1,139121160.000,1,0,1,双平,S,2744.2000,2743.6000,2743.0000,2742.8000,2742.2000,2745.2000,2746.0000,2746.2000,2747.2000,2748.2000,1,1,1,2,2,1,2,1,1,1
SF,IH2006,2020-04-28 09:31:14.700,2744.0000,22588,-1,139944360.000,1,0,1,双平,S,2743.6000,2743.0000,2742.8000,2742.2000,2741.8000,2745.0000,2745.2000,2746.0000,2746.2000,2747.2000,1,1,2,2,1,2,1,1,1,1
SF,IH2006,2020-04-28 09:31:15.200,2744.0000,22588,0,139944360.000,0,-,-,-,-,2743.8000,2743.6000,2743.0000,2742.8000,2742.2000,2744.8000,2745.0000,2746.0000,2746.2000,2747.2000,2,1,1,2,2,2,1,1,1,1
SF,IH2006,2020-04-28 09:31:15.700,2744.0000,22588,0,139944360.000,0,-,-,-,-,2743.8000,2743.6000,2743.0000,2742.8000,2742.2000,2744.6000,2744.8000,2745.0000,2746.0000,2746.2000,1,1,1,2,2,1,1,1,1,1
SF,IH2006,2020-04-28 09:31:16.200,2744.0000,22588,0,139944360.000,0,-,-,-,-,2743.8000,2743.6000,2743.0000,2742.8000,2742.2000,2744.4000,2744.8000,2745.0000,2746.0000,2746.2000,1,1,1,2,2,1,1,1,1,1
SF,IH2006,2020-04-28 09:31:16.700,2744.0000,22588,0,139944360.000,0,-,-,-,-,2743.8000,2743.6000,2743.0000,2742.8000,2742.2000,2744.4000,2744.8000,2745.0000,2745.4000,2746.0000,1,2,1,2,2,1,1,1,1,1
SF,IH2006,2020-04-28 09:31:17.200,2744.0000,22588,0,139944360.000,0,-,-,-,-,2743.6000,2743.0000,2742.8000,2742.2000,2742.0000,2744.2000,2744.4000,2744.8000,2745.0000,2745.4000,2,1,2,2,1,1,1,1,1,1
SF,IH2006,2020-04-28 09:31:17.700,2743.6000,22588,0,140767440.000,1,0,1,多换,S,2743.6000,2743.0000,2742.8000,2742.2000,2742.0000,2744.2000,2744.4000,2744.8000,2745.0000,2745.4000,1,1,2,2,1,2,1,1,1,1
SF,IH2006,2020-04-28 09:31:18.200,2743.6000,22588,0,140767440.000,0,-,-,-,-,2743.8000,2743.6000,2743.4000,2743.0000,2742.8000,2744.2000,2744.4000,2744.8000,2745.0000,2745.4000,1,1,2,1,2,2,1,1,1,1
SF,IH2006,2020-04-28 09:31:18.700,2744.0000,22587,-1,141590640.000,1,0,1,双平,S,2743.6000,2743.0000,2742.8000,2742.2000,2742.0000,2744.2000,2744.8000,2745.0000,2745.4000,2746.0000,1,1,2,1,1,2,1,1,1,1
SF,IH2006,2020-04-28 09:31:21.200,2744.0000,22587,0,141590640.000,0,-,-,-,-,2743.6000,2743.0000,2742.8000,2742.2000,2742.0000,2744.2000,2744.8000,2745.0000,2745.4000,2746.0000,1,1,2,1,1,2,1,2,1,1
SF,IH2006,2020-04-28 09:31:21.700,2744.2000,22586,-1,142413900.000,1,0,1,双平,S,2743.6000,2743.4000,2743.0000,2742.8000,2742.2000,2744.2000,2744.8000,2745.0000,2745.4000,2746.0000,1,1,1,2,1,1,1,2,1,1
SF,IH2006,2020-04-28 09:31:22.200,2743.6000,22585,-1,144060060.000,2,0,2,多平,S,2743.4000,2743.0000,2742.8000,2742.2000,2742.0000,2744.2000,2744.8000,2745.0000,2745.4000,2746.0000,2,2,2,1,1,1,1,2,1,1
SF,IH2006,2020-04-28 09:31:22.700,2743.6000,22585,0,144060060.000,0,-,-,-,-,2743.4000,2743.0000,2742.8000,2742.2000,2742.0000,2744.2000,2744.8000,2745.0000,2745.4000,2746.0000,2,2,2,1,1,1,1,2,1,1
SF,IH2006,2020-04-28 09:31:24.200,2743.6000,22585,0,144060060.000,0,-,-,-,-,2743.4000,2743.0000,2742.8000,2742.2000,2742.0000,2744.2000,2744.8000,2745.0000,2745.4000,2746.0000,2,2,2,1,1,1,1,2,1,1
SF,IH2006,2020-04-28 09:31:24.700,2743.6000,22585,0,144060060.000,0,-,-,-,-,2743.4000,2743.2000,2743.0000,2742.8000,2742.2000,2744.2000,2744.8000,2745.0000,2745.4000,2746.0000,2,3,2,2,1,1,1,2,1,1
SF,IH2006,2020-04-28 09:31:25.200,2743.6000,22585,0,144060060.000,0,-,-,-,-,2743.6000,2743.4000,2743.2000,2743.0000,2742.8000,2744.2000,2744.8000,2745.0000,2745.4000,2746.0000,1,2,3,2,2,1,1,2,1,1
SF,IH2006,2020-04-28 09:31:25.700,2743.6000,22585,0,144060060.000,0,-,-,-,-,2743.6000,2743.4000,2743.2000,2743.0000,2742.8000,2744.2000,2744.8000,2745.0000,2745.4000,2746.0000,1,3,3,2,2,1,1,2,1,1
SF,IH2006,2020-04-28 09:31:26.200,2743.6000,22585,0,144883140.000,1,0,1,多换,S,2743.4000,2743.2000,2743.0000,2742.8000,2742.2000,2744.2000,2744.8000,2745.0000,2745.4000,2746.0000,3,3,2,2,1,1,1,2,1,1
SF,IH2006,2020-04-28 09:31:26.700,2743.6000,22585,0,144883140.000,0,-,-,-,-,2743.4000,2743.2000,2743.0000,2742.8000,2742.2000,2744.2000,2744.8000,2745.0000,2745.4000,2746.0000,3,3,2,2,1,1,1,2,1,1
SF,IH2006,2020-04-28 09:31:27.200,2743.6000,22585,0,144883140.000,0,-,-,-,-,2743.4000,2743.2000,2743.0000,2742.8000,2742.2000,2744.2000,2744.8000,2745.0000,2745.4000,2746.0000,3,4,2,2,1,1,1,2,1,1
SF,IH2006,2020-04-28 09:31:29.700,2743.6000,22585,0,144883140.000,0,-,-,-,-,2743.4000,2743.2000,2743.0000,2742.8000,2742.2000,2744.0000,2744.2000,2744.8000,2745.0000,2745.4000,3,4,2,2,1,1,1,1,2,1
SF,IH2006,2020-04-28 09:31:30.200,2743.6000,22585,0,144883140.000,0,-,-,-,-,2743.4000,2743.2000,2743.0000,2742.8000,2742.2000,2744.0000,2744.2000,2744.8000,2745.0000,2745.4000,3,10,2,2,1,1,1,1,2,1
SF,IH2006,2020-04-28 09:31:30.700,2744.0000,22584,-1,145706340.000,1,0,1,双平,S,2743.4000,2743.2000,2743.0000,2742.8000,2742.2000,2744.2000,2744.8000,2745.0000,2745.4000,2746.0000,3,11,2,2,1,1,1,1,1,1
SF,IH2006,2020-04-28 09:31:31.200,2744.0000,22584,0,145706340.000,0,-,-,-,-,2743.6000,2743.4000,2743.2000,2743.0000,2742.8000,2744.2000,2744.8000,2745.0000,2745.4000,2746.0000,1,3,11,2,2,1,1,1,1,1
SF,IH2006,2020-04-28 09:31:31.700,2744.0000,22584,0,145706340.000,0,-,-,-,-,2743.6000,2743.4000,2743.2000,2743.0000,2742.8000,2744.2000,2744.8000,2745.0000,2745.4000,2746.0000,1,3,11,2,2,1,1,1,1,1
SF,IH2006,2020-04-28 09:31:36.700,2744.0000,22584,0,145706340.000,0,-,-,-,-,2743.6000,2743.4000,2743.2000,2743.0000,2742.8000,2744.2000,2744.8000,2745.0000,2745.4000,2746.0000,1,3,11,2,2,2,1,1,1,1
SF,IH2006,2020-04-28 09:31:37.200,2744.0000,22584,0,145706340.000,0,-,-,-,-,2743.6000,2743.4000,2743.2000,2743.0000,2742.8000,2744.2000,2744.8000,2745.0000,2745.4000,2746.0000,1,11,11,2,2,2,1,1,1,1
SF,IH2006,2020-04-28 09:31:37.700,2744.0000,22584,0,145706340.000,0,-,-,-,-,2743.6000,2743.4000,2743.2000,2743.0000,2742.8000,2744.2000,2744.8000,2745.0000,2745.4000,2746.0000,1,12,11,2,2,2,1,1,1,1
SF,IH2006,2020-04-28 09:31:40.700,2744.0000,22584,0,145706340.000,0,-,-,-,-,2743.6000,2743.4000,2743.2000,2743.0000,2742.8000,2744.2000,2744.8000,2745.0000,2745.4000,2746.0000,1,12,11,2,2,2,1,1,1,1
SF,IH2006,2020-04-28 09:31:41.200,2744.0000,22584,0,145706340.000,0,-,-,-,-,2743.6000,2743.4000,2743.2000,2743.0000,2742.8000,2744.2000,2744.8000,2745.0000,2745.4000,2746.0000,1,13,11,2,2,2,1,1,1,1
SF,IH2006,2020-04-28 09:31:42.700,2744.0000,22584,0,145706340.000,0,-,-,-,-,2743.6000,2743.4000,2743.2000,2743.0000,2742.8000,2744.2000,2744.8000,2745.0000,2745.4000,2746.0000,1,13,11,2,2,2,1,1,1,1
SF,IH2006,2020-04-28 09:31:43.200,2744.2000,22583,-1,147352860.000,2,0,2,多平,S,2744.2000,2743.6000,2743.4000,2743.2000,2743.0000,2744.8000,2745.0000,2745.4000,2746.0000,2746.2000,1,1,20,11,2,1,1,1,1,1
SF,IH2006,2020-04-28 09:31:43.700,2744.2000,22582,-1,148176120.000,1,0,1,双平,S,2743.6000,2743.4000,2743.2000,2743.0000,2742.8000,2745.0000,2745.4000,2746.0000,2746.2000,2747.2000,1,20,11,2,2,1,1,1,1,1
SF,IH2006,2020-04-28 09:31:44.200,2744.2000,22582,0,148176120.000,0,-,-,-,-,2743.8000,2743.6000,2743.4000,2743.2000,2743.0000,2744.6000,2744.8000,2745.0000,2745.4000,2746.0000,3,1,22,11,2,1,1,1,1,1
SF,IH2006,2020-04-28 09:31:44.700,2744.2000,22582,0,148176120.000,0,-,-,-,-,2744.0000,2743.8000,2743.4000,2743.2000,2743.0000,2744.6000,2745.0000,2745.4000,2746.0000,2746.2000,1,3,22,11,2,1,1,1,1,1
SF,IH2006,2020-04-28 09:31:45.200,2744.2000,22582,0,148176120.000,0,-,-,-,-,2744.0000,2743.4000,2743.2000,2743.0000,2742.8000,2744.6000,2745.0000,2745.4000,2746.0000,2746.2000,1,22,11,2,2,1,1,1,1,1
SF,IH2006,2020-04-28 09:31:45.700,2744.2000,22582,0,148176120.000,0,-,-,-,-,2743.4000,2743.2000,2743.0000,2742.8000,2742.2000,2744.6000,2745.0000,2745.4000,2746.0000,2746.2000,22,11,2,2,1,1,1,1,1,1
SF,IH2006,2020-04-28 09:31:46.200,2744.2000,22582,0,148176120.000,0,-,-,-,-,2743.6000,2743.4000,2743.2000,2743.0000,2742.8000,2744.6000,2745.0000,2745.4000,2746.0000,2746.2000,2,20,11,2,2,1,1,1,1,1
SF,IH2006,2020-04-28 09:31:46.700,2744.2000,22582,0,148176120.000,0,-,-,-,-,2743.6000,2743.4000,2743.2000,2743.0000,2742.8000,2744.6000,2745.0000,2745.4000,2746.0000,2746.2000,1,14,9,2,1,1,1,1,1,1
SF,IH2006,2020-04-28 09:31:47.200,2744.2000,22582,0,148176120.000,0,-,-,-,-,2743.6000,2743.4000,2743.2000,2743.0000,2742.8000,2744.6000,2745.0000,2745.4000,2746.0000,2746.2000,10,14,9,2,1,1,1,1,1,1
SF,IH2006,2020-04-28 09:31:47.700,2743.6000,22581,-1,148999200.000,1,0,1,双平,S,2743.6000,2743.4000,2743.2000,2743.0000,2742.8000,2744.6000,2745.0000,2745.4000,2746.0000,2746.2000,9,16,9,2,1,1,1,1,1,1
SF,IH2006,2020-04-28 09:31:48.200,2743.6000,22581,0,148999200.000,0,-,-,-,-,2743.6000,2743.0000,2742.8000,2742.2000,2742.0000,2744.4000,2744.6000,2745.0000,2745.4000,2746.0000,9,2,1,1,1,1,1,1,1,1
SF,IH2006,2020-04-28 09:31:48.700,2743.6000,22581,0,148999200.000,0,-,-,-,-,2743.6000,2743.0000,2742.8000,2742.2000,2742.0000,2744.4000,2744.6000,2745.0000,2745.4000,2746.0000,17,2,1,1,1,1,1,1,1,1
SF,IH2006,2020-04-28 09:31:49.700,2743.6000,22580,-1,149822280.000,1,0,1,双平,S,2743.6000,2743.0000,2742.8000,2742.2000,2742.0000,2744.4000,2744.6000,2745.0000,2745.4000,2746.0000,16,2,1,1,1,1,1,1,1,1
SF,IH2006,2020-04-28 09:31:50.200,2743.6000,22580,0,149822280.000,0,-,-,-,-,2743.6000,2743.4000,2743.0000,2742.8000,2742.0000,2744.4000,2744.6000,2745.0000,2745.4000,2746.0000,16,2,2,1,1,1,1,1,1,1
SF,IH2006,2020-04-28 09:31:50.700,2743.6000,22580,0,149822280.000,0,-,-,-,-,2743.6000,2743.0000,2742.8000,2742.0000,2741.8000,2744.4000,2744.6000,2745.0000,2745.4000,2746.0000,16,2,1,1,2,1,1,1,1,1
SF,IH2006,2020-04-28 09:31:51.700,2743.6000,22580,0,149822280.000,0,-,-,-,-,2743.6000,2743.4000,2743.0000,2742.8000,2742.0000,2744.4000,2744.6000,2745.0000,2745.4000,2745.8000,16,2,2,1,1,1,1,1,1,1
SF,IH2006,2020-04-28 09:31:52.200,2743.6000,22580,0,149822280.000,0,-,-,-,-,2743.6000,2743.4000,2743.0000,2742.8000,2742.0000,2744.4000,2744.6000,2745.0000,2745.4000,2745.8000,8,2,2,1,1,1,1,1,1,1
SF,IH2006,2020-04-28 09:31:52.700,2743.6000,22580,0,149822280.000,0,-,-,-,-,2743.6000,2743.0000,2742.8000,2742.0000,2741.8000,2744.4000,2744.6000,2745.0000,2745.4000,2745.8000,16,2,1,1,2,1,1,1,1,1
SF,IH2006,2020-04-28 09:31:55.200,2743.6000,22580,0,149822280.000,0,-,-,-,-,2743.6000,2743.0000,2742.8000,2742.0000,2741.8000,2744.4000,2744.6000,2745.0000,2745.4000,2745.8000,16,1,1,1,2,1,1,1,1,1
SF,IH2006,2020-04-28 09:31:55.700,2743.6000,22580,0,149822280.000,0,-,-,-,-,2744.0000,2743.6000,2743.0000,2742.8000,2742.0000,2744.4000,2744.6000,2745.0000,2745.4000,2745.8000,1,8,1,1,1,1,1,1,1,1
SF,IH2006,2020-04-28 09:31:56.200,2744.0000,22579,-1,151468680.000,2,0,2,多平,S,2744.0000,2743.6000,2743.0000,2742.8000,2742.0000,2744.4000,2744.6000,2745.0000,2745.4000,2745.8000,7,8,1,1,1,1,1,1,1,1
SF,IH2006,2020-04-28 09:31:58.700,2744.0000,22579,0,151468680.000,0,-,-,-,-,2744.2000,2744.0000,2743.6000,2743.0000,2742.8000,2744.4000,2744.6000,2745.0000,2745.4000,2745.8000,2,7,8,1,1,1,1,1,1,1
SF,IH2006,2020-04-28 09:31:59.200,2744.0000,22579,0,151468680.000,0,-,-,-,-,2744.2000,2744.0000,2743.0000,2742.8000,2742.0000,2744.4000,2744.6000,2745.0000,2745.4000,2745.8000,2,7,1,1,2,1,1,1,1,1
SF,IH2006,2020-04-28 09:31:59.700,2744.2000,22577,-2,153115200.000,2,0,2,双平,S,2744.2000,2744.0000,2743.0000,2742.8000,2742.4000,2744.4000,2744.6000,2745.0000,2745.4000,2745.8000,8,7,1,1,1,1,1,1,1,1
SF,IH2006,2020-04-28 09:32:00.700,2744.2000,22569,-8,159701280.000,8,0,8,双平,S,2744.0000,2743.0000,2742.8000,2742.6000,2742.4000,2744.4000,2744.6000,2745.0000,2745.4000,2745.8000,7,1,1,1,1,1,1,1,1,1
SF,IH2006,2020-04-28 09:32:01.200,2744.0000,22569,0,160524480.000,1,0,1,多换,S,2743.0000,2742.8000,2742.6000,2742.4000,2742.2000,2744.2000,2744.6000,2745.0000,2745.4000,2745.8000,1,1,1,1,1,1,1,1,2,1
SF,IH2006,2020-04-28 09:32:01.700,2744.0000,22569,0,160524480.000,0,-,-,-,-,2743.2000,2743.0000,2742.8000,2742.6000,2742.4000,2744.2000,2744.6000,2745.0000,2745.4000,2745.8000,2,8,1,1,1,1,1,1,2,1
SF,IH2006,2020-04-28 09:32:05.700,2744.0000,22569,0,160524480.000,0,-,-,-,-,2743.2000,2743.0000,2742.8000,2742.6000,2742.4000,2744.2000,2744.6000,2745.0000,2745.4000,2745.8000,1,8,1,1,1,1,1,1,2,1
SF,IH2006,2020-04-28 09:32:06.200,2744.0000,22569,0,160524480.000,0,-,-,-,-,2743.2000,2743.0000,2742.8000,2742.6000,2742.4000,2744.0000,2744.2000,2744.6000,2745.0000,2745.4000,1,7,1,1,1,1,2,1,1,2
SF,IH2006,2020-04-28 09:32:06.700,2744.0000,22569,0,160524480.000,0,-,-,-,-,2743.2000,2743.0000,2742.8000,2742.6000,2742.4000,2743.8000,2744.0000,2744.2000,2744.6000,2745.0000,1,1,1,1,1,1,1,1,1,1
SF,IH2006,2020-04-28 09:32:07.200,2744.0000,22569,0,160524480.000,0,-,-,-,-,2743.2000,2743.0000,2742.8000,2742.6000,2742.4000,2743.8000,2744.0000,2744.2000,2744.6000,2745.0000,7,1,1,1,1,1,1,1,1,1
SF,IH2006,2020-04-28 09:32:07.700,2743.8000,22568,-1,161347620.000,1,0,1,双平,S,2743.4000,2743.2000,2743.0000,2742.8000,2742.6000,2744.0000,2744.2000,2744.6000,2745.0000,2745.4000,1,7,1,1,1,1,1,1,1,2
SF,IH2006,2020-04-28 09:32:08.200,2743.8000,22568,0,161347620.000,0,-,-,-,-,2743.4000,2743.2000,2743.0000,2742.8000,2742.6000,2744.2000,2744.6000,2745.0000,2745.4000,2745.8000,1,7,1,1,1,1,1,1,2,1
SF,IH2006,2020-04-28 09:32:09.200,2743.8000,22568,0,161347620.000,0,-,-,-,-,2743.4000,2743.2000,2743.0000,2742.8000,2742.6000,2744.2000,2744.6000,2745.0000,2745.4000,2745.8000,1,7,1,1,1,1,1,1,2,1
SF,IH2006,2020-04-28 09:32:09.700,2743.8000,22568,0,161347620.000,0,-,-,-,-,2743.4000,2743.2000,2743.0000,2742.8000,2742.6000,2744.0000,2744.2000,2744.6000,2745.0000,2745.4000,1,6,1,1,1,1,1,1,1,2
SF,IH2006,2020-04-28 09:32:10.700,2743.8000,22568,0,161347620.000,0,-,-,-,-,2743.2000,2743.0000,2742.8000,2742.6000,2742.4000,2744.0000,2744.2000,2744.6000,2745.0000,2745.4000,6,1,1,1,1,1,1,1,1,2
SF,IH2006,2020-04-28 09:32:11.200,2743.8000,22568,0,161347620.000,0,-,-,-,-,2743.2000,2743.0000,2742.8000,2742.6000,2742.4000,2744.0000,2744.2000,2744.6000,2745.0000,2745.4000,6,1,1,1,1,1,1,1,1,2
SF,IH2006,2020-04-28 09:32:11.700,2743.8000,22568,0,161347620.000,0,-,-,-,-,2743.2000,2743.0000,2742.8000,2742.6000,2742.4000,2744.0000,2744.6000,2745.0000,2745.4000,2745.8000,6,1,1,1,1,1,1,1,2,1
SF,IH2006,2020-04-28 09:32:12.200,2743.8000,22568,0,161347620.000,0,-,-,-,-,2743.0000,2742.8000,2742.6000,2742.4000,2742.2000,2744.0000,2744.6000,2745.0000,2745.4000,2745.8000,1,1,1,1,1,1,1,1,2,1
SF,IH2006,2020-04-28 09:32:12.700,2743.8000,22568,0,161347620.000,0,-,-,-,-,2743.0000,2742.8000,2742.6000,2742.4000,2742.2000,2744.0000,2744.6000,2745.0000,2745.4000,2745.8000,7,1,1,1,1,1,1,1,2,1
SF,IH2006,2020-04-28 09:32:13.200,2743.8000,22568,0,161347620.000,0,-,-,-,-,2743.2000,2743.0000,2742.8000,2742.6000,2742.4000,2744.0000,2744.6000,2745.0000,2745.4000,2745.8000,1,7,1,1,1,1,1,1,2,1
SF,IH2006,2020-04-28 09:32:14.200,2743.8000,22568,0,161347620.000,0,-,-,-,-,2743.2000,2743.0000,2742.8000,2742.6000,2742.4000,2744.0000,2744.6000,2745.0000,2745.4000,2745.8000,1,7,1,1,1,2,1,1,2,1
SF,IH2006,2020-04-28 09:32:14.700,2743.8000,22568,0,161347620.000,0,-,-,-,-,2743.0000,2742.8000,2742.6000,2742.4000,2742.2000,2744.0000,2744.6000,2745.0000,2745.4000,2745.8000,7,1,1,1,1,2,1,1,2,1
SF,IH2006,2020-04-28 09:32:15.200,2743.8000,22568,0,161347620.000,0,-,-,-,-,2743.0000,2742.8000,2742.6000,2742.4000,2742.2000,2744.0000,2744.6000,2745.0000,2745.4000,2745.8000,7,1,1,1,1,3,1,1,2,1
SF,IH2006,2020-04-28 09:32:18.200,2743.8000,22568,0,161347620.000,0,-,-,-,-,2743.0000,2742.8000,2742.6000,2742.4000,2742.2000,2743.8000,2744.0000,2744.6000,2745.0000,2745.4000,7,1,1,1,1,1,3,1,1,2
SF,IH2006,2020-04-28 09:32:18.700,2743.8000,22568,0,161347620.000,0,-,-,-,-,2743.0000,2742.8000,2742.6000,2742.4000,2742.2000,2743.8000,2744.0000,2744.6000,2745.0000,2745.4000,1,1,1,1,1,1,3,1,1,2
SF,IH2006,2020-04-28 09:32:19.200,2743.8000,22568,0,161347620.000,0,-,-,-,-,2743.0000,2742.8000,2742.6000,2742.4000,2742.2000,2743.8000,2744.0000,2744.6000,2745.0000,2745.4000,7,1,1,1,1,1,3,1,1,2
SF,IH2006,2020-04-28 09:32:20.200,2743.8000,22567,-1,162170760.000,1,0,1,双平,S,2743.0000,2742.8000,2742.6000,2742.4000,2742.2000,2744.0000,2744.6000,2745.0000,2745.4000,2745.8000,7,1,1,1,1,3,1,1,2,1
SF,IH2006,2020-04-28 09:32:20.700,2744.0000,22566,-1,162993960.000,1,0,1,双平,S,2743.0000,2742.8000,2742.6000,2742.4000,2742.2000,2744.0000,2744.6000,2745.0000,2745.4000,2745.8000,7,1,1,1,1,2,1,1,2,1
SF,IH2006,2020-04-28 09:32:21.200,2744.0000,22564,-2,164640360.000,2,0,2,双平,S,2744.0000,2743.2000,2743.0000,2742.8000,2742.6000,2744.6000,2745.0000,2745.4000,2745.8000,2746.0000,1,5,7,1,1,1,1,2,1,1
SF,IH2006,2020-04-28 09:32:21.700,2744.0000,22564,0,164640360.000,0,-,-,-,-,2744.0000,2743.2000,2743.0000,2742.8000,2742.6000,2744.6000,2745.0000,2745.4000,2745.8000,2746.0000,1,5,7,1,1,1,1,2,1,1
SF,IH2006,2020-04-28 09:32:22.200,2744.0000,22564,0,164640360.000,0,-,-,-,-,2744.0000,2743.2000,2743.0000,2742.8000,2742.6000,2744.6000,2745.0000,2745.4000,2745.8000,2746.0000,1,1,7,1,1,1,1,2,1,1
SF,IH2006,2020-04-28 09:32:24.200,2744.0000,22564,0,164640360.000,0,-,-,-,-,2743.2000,2743.0000,2742.8000,2742.6000,2742.4000,2744.6000,2745.0000,2745.4000,2745.8000,2746.0000,1,7,1,1,1,1,1,2,1,1
SF,IH2006,2020-04-28 09:32:24.700,2744.0000,22564,0,164640360.000,0,-,-,-,-,2743.2000,2743.0000,2742.8000,2742.6000,2742.4000,2744.6000,2745.0000,2745.4000,2745.8000,2746.0000,1,1,1,1,1,1,1,2,1,1
SF,IH2006,2020-04-28 09:32:25.200,2744.6000,22564,0,165463740.000,1,0,1,多换,S,2744.6000,2743.2000,2743.0000,2742.8000,2742.6000,2745.0000,2745.4000,2745.8000,2746.0000,2746.2000,5,1,1,1,1,1,2,1,1,1
SF,IH2006,2020-04-28 09:32:25.700,2744.6000,22559,-5,169580640.000,5,0,5,双平,S,2743.2000,2743.0000,2742.8000,2742.6000,2742.4000,2744.6000,2744.8000,2745.0000,2745.4000,2745.8000,1,1,1,1,1,4,1,1,2,1
SF,IH2006,2020-04-28 09:32:26.200,2744.6000,22558,-1,170404020.000,1,0,1,双平,S,2743.4000,2743.2000,2743.0000,2742.8000,2742.6000,2744.4000,2744.8000,2745.0000,2745.4000,2745.8000,1,1,1,1,1,4,1,1,2,1
SF,IH2006,2020-04-28 09:32:26.700,2744.6000,22558,0,170404020.000,0,-,-,-,-,2743.6000,2743.0000,2742.8000,2742.6000,2742.4000,2744.8000,2745.0000,2745.4000,2745.8000,2746.0000,1,1,1,1,1,1,1,2,1,1
SF,IH2006,2020-04-28 09:32:27.200,2744.6000,22558,0,170404020.000,0,-,-,-,-,2743.6000,2743.0000,2742.8000,2742.6000,2742.4000,2744.6000,2744.8000,2745.0000,2745.4000,2745.8000,1,1,1,1,1,5,5,1,2,1
SF,IH2006,2020-04-28 09:32:27.700,2744.6000,22558,0,170404020.000,0,-,-,-,-,2743.6000,2743.0000,2742.8000,2742.6000,2742.4000,2744.6000,2744.8000,2745.0000,2745.4000,2745.8000,1,1,1,1,1,4,5,1,2,1
SF,IH2006,2020-04-28 09:32:28.200,2744.6000,22558,0,170404020.000,0,-,-,-,-,2743.8000,2743.6000,2743.0000,2742.8000,2742.6000,2744.6000,2744.8000,2745.0000,2745.4000,2745.8000,3,1,1,1,1,4,5,1,2,1
SF,IH2006,2020-04-28 09:32:28.700,2744.6000,22558,0,170404020.000,0,-,-,-,-,2743.8000,2743.6000,2743.0000,2742.8000,2742.6000,2744.6000,2744.8000,2745.0000,2745.4000,2745.8000,3,1,1,1,1,4,5,1,2,1
SF,IH2006,2020-04-28 09:32:29.200,2744.6000,22558,0,170404020.000,0,-,-,-,-,2743.8000,2743.6000,2743.0000,2742.8000,2742.6000,2744.6000,2744.8000,2745.0000,2745.4000,2745.8000,3,1,1,1,1,4,5,1,2,1
SF,IH2006,2020-04-28 09:32:30.700,2744.6000,22558,0,170404020.000,0,-,-,-,-,2743.8000,2743.6000,2743.0000,2742.8000,2742.6000,2744.6000,2744.8000,2745.0000,2745.4000,2745.8000,3,2,1,1,1,4,5,1,2,1
SF,IH2006,2020-04-28 09:32:31.200,2744.6000,22554,-4,173697540.000,4,0,4,双平,S,2744.6000,2744.0000,2743.8000,2743.6000,2743.0000,2744.8000,2745.0000,2745.4000,2745.8000,2746.0000,2,1,3,1,1,5,1,2,1,1
SF,IH2006,2020-04-28 09:32:31.700,2744.6000,22552,-2,175344300.000,2,0,2,双平,S,2744.0000,2743.8000,2743.6000,2743.0000,2742.8000,2744.6000,2744.8000,2745.0000,2745.4000,2745.8000,1,3,1,1,1,2,5,1,2,1
SF,IH2006,2020-04-28 09:32:32.200,2744.6000,22552,0,175344300.000,0,-,-,-,-,2744.0000,2743.8000,2743.6000,2743.0000,2742.8000,2744.8000,2745.0000,2745.4000,2745.8000,2746.0000,1,3,1,1,1,5,1,2,1,1
SF,IH2006,2020-04-28 09:32:33.200,2744.0000,22551,-1,176167500.000,1,0,1,双平,S,2744.6000,2743.8000,2743.6000,2743.0000,2742.8000,2744.8000,2745.0000,2745.4000,2745.8000,2746.0000,5,3,1,1,1,5,1,2,1,1
SF,IH2006,2020-04-28 09:32:33.700,2744.6000,22551,0,180284400.000,5,2,3,多换,S,2743.8000,2743.6000,2743.0000,2742.8000,2742.6000,2744.6000,2744.8000,2745.0000,2745.4000,2745.8000,3,1,1,1,1,1,5,1,2,1
SF,IH2006,2020-04-28 09:32:34.200,2744.6000,22551,0,180284400.000,0,-,-,-,-,2743.8000,2743.6000,2743.0000,2742.8000,2742.6000,2744.8000,2745.0000,2745.4000,2745.8000,2746.0000,3,1,1,1,1,5,1,2,1,1
SF,IH2006,2020-04-28 09:32:34.700,2744.6000,22551,0,180284400.000,0,-,-,-,-,2744.0000,2743.8000,2743.6000,2743.0000,2742.8000,2744.8000,2745.0000,2745.4000,2745.8000,2746.0000,1,3,1,1,1,5,1,2,1,1
SF,IH2006,2020-04-28 09:32:35.200,2744.6000,22551,0,180284400.000,0,-,-,-,-,2744.0000,2743.8000,2743.6000,2743.0000,2742.8000,2744.8000,2745.0000,2745.4000,2745.8000,2746.0000,1,4,1,1,1,5,1,2,1,1
SF,IH2006,2020-04-28 09:32:36.700,2744.0000,22550,-1,181107600.000,1,0,1,双平,S,2743.8000,2743.6000,2743.0000,2742.8000,2742.6000,2744.8000,2745.0000,2745.4000,2745.8000,2746.0000,4,1,1,1,1,5,1,2,1,1
SF,IH2006,2020-04-28 09:32:37.200,2744.8000,22544,-6,186048180.000,6,0,6,双平,S,2744.0000,2743.8000,2743.6000,2743.0000,2742.8000,2745.0000,2745.4000,2745.8000,2746.0000,2746.2000,3,1,1,1,1,1,2,1,1,1
SF,IH2006,2020-04-28 09:32:37.700,2744.8000,22544,0,186048180.000,0,-,-,-,-,2744.2000,2744.0000,2743.8000,2743.6000,2743.0000,2745.0000,2745.4000,2745.8000,2746.0000,2746.2000,1,4,1,1,1,1,2,1,1,1
SF,IH2006,2020-04-28 09:32:38.700,2744.8000,22544,0,186048180.000,0,-,-,-,-,2744.2000,2744.0000,2743.8000,2743.6000,2743.0000,2745.0000,2745.4000,2745.8000,2746.0000,2746.2000,1,4,1,1,1,1,2,1,1,1
SF,IH2006,2020-04-28 09:32:39.200,2744.8000,22544,0,186048180.000,0,-,-,-,-,2744.8000,2744.2000,2744.0000,2743.8000,2743.6000,2745.0000,2745.4000,2745.8000,2746.0000,2746.2000,1,1,4,1,1,1,2,1,1,1
SF,IH2006,2020-04-28 09:32:39.700,2744.8000,22544,0,186871620.000,1,0,1,多换,S,2744.2000,2744.0000,2743.8000,2743.6000,2743.0000,2745.0000,2745.2000,2745.4000,2745.8000,2746.0000,1,4,1,1,1,2,1,2,1,1
SF,IH2006,2020-04-28 09:32:40.200,2744.8000,22544,0,186871620.000,0,-,-,-,-,2744.2000,2744.0000,2743.8000,2743.6000,2743.0000,2745.0000,2745.2000,2745.4000,2745.8000,2746.0000,1,4,1,1,1,2,2,3,1,1
SF,IH2006,2020-04-28 09:32:40.700,2744.8000,22544,0,186871620.000,0,-,-,-,-,2744.4000,2744.2000,2744.0000,2743.8000,2743.6000,2745.0000,2745.2000,2745.4000,2745.8000,2746.0000,3,1,1,1,1,2,2,3,1,1
SF,IH2006,2020-04-28 09:32:41.200,2744.8000,22544,0,186871620.000,0,-,-,-,-,2744.0000,2743.8000,2743.6000,2743.0000,2742.8000,2744.2000,2745.0000,2745.2000,2745.4000,2745.8000,1,1,1,1,1,1,2,2,3,1
SF,IH2006,2020-04-28 09:32:41.700,2744.8000,22544,0,186871620.000,0,-,-,-,-,2744.0000,2743.8000,2743.6000,2743.0000,2742.8000,2744.2000,2745.0000,2745.2000,2745.4000,2745.8000,1,1,1,1,1,1,2,2,2,1
SF,IH2006,2020-04-28 09:32:42.200,2744.2000,22540,-4,190164600.000,4,0,4,双平,S,2744.2000,2743.8000,2743.6000,2743.0000,2742.8000,2745.0000,2745.4000,2745.8000,2746.0000,2746.2000,3,1,1,1,1,1,2,1,1,1
SF,IH2006,2020-04-28 09:32:42.700,2744.2000,22540,0,190164600.000,0,-,-,-,-,2744.2000,2743.8000,2743.6000,2743.0000,2742.8000,2744.8000,2745.0000,2745.4000,2745.8000,2746.0000,3,1,1,1,1,8,1,2,1,1
SF,IH2006,2020-04-28 09:32:43.200,2744.2000,22537,-3,192634380.000,3,0,3,双平,S,2743.8000,2743.6000,2743.0000,2742.8000,2742.6000,2744.8000,2745.0000,2745.4000,2745.8000,2746.0000,1,1,1,1,1,8,1,2,1,1
SF,IH2006,2020-04-28 09:32:43.700,2743.8000,22537,0,193457520.000,1,0,1,多换,S,2743.6000,2743.0000,2742.8000,2742.6000,2742.0000,2743.8000,2744.6000,2744.8000,2745.0000,2745.4000,1,1,1,1,1,1,3,8,1,2
SF,IH2006,2020-04-28 09:32:44.200,2743.8000,22536,-1,194280660.000,1,0,1,双平,S,2743.8000,2743.6000,2743.0000,2742.8000,2742.6000,2744.6000,2744.8000,2745.0000,2745.4000,2745.8000,1,1,1,1,1,3,8,1,2,1
SF,IH2006,2020-04-28 09:32:44.700,2743.8000,22536,0,194280660.000,0,-,-,-,-,2743.8000,2743.6000,2743.0000,2742.8000,2742.6000,2744.4000,2744.6000,2744.8000,2745.0000,2745.4000,1,1,1,1,1,1,3,7,1,2
SF,IH2006,2020-04-28 09:32:46.200,2743.8000,22536,0,194280660.000,0,-,-,-,-,2743.8000,2743.6000,2743.0000,2742.8000,2742.6000,2744.4000,2744.6000,2744.8000,2745.0000,2745.4000,1,1,1,1,1,1,3,7,1,2
SF,IH2006,2020-04-28 09:32:46.700,2743.8000,22536,0,194280660.000,0,-,-,-,-,2743.8000,2743.6000,2743.0000,2742.8000,2742.6000,2744.6000,2744.8000,2745.0000,2745.4000,2745.8000,1,1,1,1,1,3,7,1,2,1
SF,IH2006,2020-04-28 09:32:47.200,2744.6000,22534,-2,195927420.000,2,0,2,双平,S,2744.6000,2744.0000,2743.8000,2743.6000,2743.0000,2744.8000,2745.0000,2745.4000,2745.8000,2746.0000,4,3,1,1,1,7,1,2,1,1
SF,IH2006,2020-04-28 09:32:47.700,2744.6000,22534,0,195927420.000,0,-,-,-,-,2744.6000,2744.0000,2743.8000,2743.6000,2743.0000,2744.8000,2745.0000,2745.4000,2745.8000,2746.0000,4,3,1,1,1,7,1,2,1,1
SF,IH2006,2020-04-28 09:32:48.200,2744.8000,22531,-3,201691500.000,7,2,5,多平,S,2744.8000,2744.6000,2744.0000,2743.8000,2743.6000,2745.0000,2745.4000,2745.8000,2746.0000,2746.2000,1,4,3,1,1,1,2,1,1,1
SF,IH2006,2020-04-28 09:32:49.200,2744.8000,22531,0,202514940.000,1,0,1,多换,S,2744.6000,2744.0000,2743.8000,2743.6000,2743.0000,2745.0000,2745.4000,2745.8000,2746.0000,2746.2000,4,3,1,1,1,1,2,1,1,1
SF,IH2006,2020-04-28 09:32:49.700,2745.0000,22531,0,203338440.000,1,0,1,多换,S,2744.6000,2744.0000,2743.8000,2743.6000,2743.0000,2745.4000,2745.8000,2746.0000,2746.2000,2746.8000,4,3,1,1,1,2,1,1,1,1
SF,IH2006,2020-04-28 09:32:50.200,2745.0000,22531,0,203338440.000,0,-,-,-,-,2744.6000,2744.0000,2743.8000,2743.6000,2743.0000,2745.0000,2745.4000,2745.8000,2746.0000,2746.2000,4,3,1,1,1,3,2,1,1,1
SF,IH2006,2020-04-28 09:32:50.700,2745.0000,22531,0,206632440.000,4,2,2,多换,S,2745.0000,2744.6000,2744.0000,2743.8000,2743.6000,2745.4000,2745.8000,2746.0000,2746.2000,2746.8000,1,4,3,1,1,2,1,1,1,1
SF,IH2006,2020-04-28 09:32:51.200,2745.0000,22531,0,207455940.000,1,0,1,多换,S,2744.6000,2744.0000,2743.8000,2743.6000,2743.0000,2745.4000,2745.8000,2746.0000,2746.2000,2746.8000,4,3,1,1,1,2,1,1,1,1
SF,IH2006,2020-04-28 09:32:51.700,2745.0000,22531,0,207455940.000,0,-,-,-,-,2744.6000,2744.0000,2743.8000,2743.6000,2743.4000,2745.4000,2745.8000,2746.0000,2746.2000,2746.8000,4,3,1,1,1,2,1,1,1,1
SF,IH2006,2020-04-28 09:32:52.200,2745.0000,22531,0,207455940.000,0,-,-,-,-,2744.0000,2743.8000,2743.6000,2743.4000,2743.0000,2745.4000,2745.8000,2746.0000,2746.2000,2746.8000,3,1,1,1,1,2,1,1,1,1
SF,IH2006,2020-04-28 09:32:52.700,2745.4000,22530,-1,209103180.000,2,0,2,多平,S,2745.4000,2744.2000,2743.8000,2743.6000,2743.4000,2745.8000,2746.0000,2746.2000,2746.8000,2747.2000,4,5,1,1,1,1,1,1,1,1
SF,IH2006,2020-04-28 09:32:53.200,2745.4000,22528,-2,212397660.000,4,1,3,多平,S,2744.2000,2743.8000,2743.6000,2743.4000,2743.0000,2745.2000,2745.4000,2745.6000,2745.8000,2746.0000,5,1,1,1,1,3,3,2,5,1
SF,IH2006,2020-04-28 09:32:53.700,2745.4000,22528,0,212397660.000,0,-,-,-,-,2744.4000,2743.8000,2743.6000,2743.4000,2743.0000,2745.6000,2745.8000,2746.0000,2746.2000,2746.8000,4,1,1,1,1,2,1,1,1,1
SF,IH2006,2020-04-28 09:32:54.200,2745.4000,22528,0,212397660.000,0,-,-,-,-,2744.6000,2744.4000,2743.8000,2743.6000,2743.4000,2745.6000,2745.8000,2746.0000,2746.2000,2746.8000,3,1,1,1,1,2,1,1,1,1
SF,IH2006,2020-04-28 09:32:54.700,2745.4000,22528,0,212397660.000,0,-,-,-,-,2744.4000,2743.8000,2743.6000,2743.4000,2743.0000,2745.6000,2745.8000,2746.0000,2746.2000,2746.8000,1,1,1,1,1,2,1,1,1,1
SF,IH2006,2020-04-28 09:32:55.200,2745.4000,22528,0,212397660.000,0,-,-,-,-,2744.4000,2743.8000,2743.6000,2743.4000,2743.0000,2745.4000,2745.6000,2745.8000,2746.0000,2746.2000,1,1,1,1,1,3,2,1,1,1
SF,IH2006,2020-04-28 09:32:56.200,2745.4000,22528,0,212397660.000,0,-,-,-,-,2744.6000,2744.4000,2743.8000,2743.6000,2743.4000,2745.4000,2745.6000,2745.8000,2746.0000,2746.2000,3,1,1,1,1,2,2,1,1,1
SF,IH2006,2020-04-28 09:32:56.700,2745.4000,22528,0,212397660.000,0,-,-,-,-,2744.8000,2744.4000,2743.8000,2743.4000,2743.0000,2745.6000,2745.8000,2746.0000,2746.2000,2746.8000,3,1,1,1,1,2,1,1,1,1
SF,IH2006,2020-04-28 09:32:59.200,2745.4000,22528,0,212397660.000,0,-,-,-,-,2744.8000,2744.4000,2743.8000,2743.4000,2743.0000,2745.6000,2745.8000,2746.0000,2746.2000,2746.8000,3,1,1,1,1,3,1,1,1,1
SF,IH2006,2020-04-28 09:32:59.700,2745.4000,22528,0,212397660.000,0,-,-,-,-,2744.8000,2744.4000,2743.8000,2743.4000,2743.0000,2745.6000,2745.8000,2746.0000,2746.2000,2746.8000,3,1,1,1,1,2,1,1,1,1
SF,IH2006,2020-04-28 09:33:00.700,2745.4000,22528,0,212397660.000,0,-,-,-,-,2744.8000,2744.4000,2743.8000,2743.4000,2743.0000,2745.4000,2745.6000,2745.8000,2746.0000,2746.2000,3,1,1,1,1,1,2,1,1,1
SF,IH2006,2020-04-28 09:33:02.200,2744.8000,22527,-1,213221100.000,1,0,1,双平,S,2744.8000,2744.4000,2743.8000,2743.4000,2743.0000,2745.4000,2745.6000,2745.8000,2746.0000,2746.2000,2,1,1,1,1,1,2,1,1,1
SF,IH2006,2020-04-28 09:33:02.700,2744.8000,22525,-2,214867980.000,2,0,2,双平,S,2744.4000,2743.8000,2743.4000,2743.0000,2742.8000,2745.4000,2745.6000,2745.8000,2746.0000,2746.2000,1,1,1,1,1,1,2,1,1,1
SF,IH2006,2020-04-28 09:33:03.200,2744.8000,22525,0,214867980.000,0,-,-,-,-,2743.8000,2743.4000,2743.0000,2742.8000,2741.8000,2744.8000,2745.2000,2745.4000,2745.6000,2745.8000,1,1,1,1,2,1,1,1,2,1
SF,IH2006,2020-04-28 09:33:03.700,2744.8000,22525,0,214867980.000,0,-,-,-,-,2744.0000,2743.8000,2743.4000,2743.0000,2742.8000,2744.8000,2745.2000,2745.4000,2745.6000,2745.8000,2,1,1,1,1,1,1,1,2,1
SF,IH2006,2020-04-28 09:33:04.200,2744.8000,22525,0,214867980.000,0,-,-,-,-,2744.2000,2744.0000,2743.8000,2743.4000,2743.0000,2744.8000,2745.2000,2745.4000,2745.6000,2745.8000,1,2,1,1,1,1,1,1,2,1
SF,IH2006,2020-04-28 09:33:05.200,2744.2000,22524,-1,215691240.000,1,0,1,双平,S,2744.0000,2743.8000,2743.4000,2743.0000,2742.8000,2744.8000,2745.2000,2745.4000,2745.6000,2745.8000,2,1,1,1,1,1,1,1,2,1
SF,IH2006,2020-04-28 09:33:05.700,2744.2000,22524,0,215691240.000,0,-,-,-,-,2744.0000,2743.8000,2743.4000,2743.0000,2742.8000,2744.8000,2745.2000,2745.4000,2745.6000,2745.8000,2,1,1,1,1,1,1,1,2,1
SF,IH2006,2020-04-28 09:33:07.200,2744.2000,22524,0,215691240.000,0,-,-,-,-,2744.0000,2743.8000,2743.4000,2743.0000,2742.8000,2744.8000,2745.0000,2745.2000,2745.4000,2745.6000,2,1,1,1,1,1,1,1,1,2
SF,IH2006,2020-04-28 09:33:07.700,2744.0000,22523,-1,216514440.000,1,0,1,双平,S,2744.0000,2743.8000,2743.4000,2743.0000,2742.8000,2744.8000,2745.0000,2745.2000,2745.4000,2745.6000,1,1,1,1,1,1,1,1,1,2
SF,IH2006,2020-04-28 09:33:08.200,2744.0000,22523,0,216514440.000,0,-,-,-,-,2743.8000,2743.4000,2743.0000,2742.8000,2742.0000,2744.8000,2745.0000,2745.2000,2745.4000,2745.6000,1,1,1,1,1,1,1,1,1,2
SF,IH2006,2020-04-28 09:33:09.700,2744.0000,22523,0,216514440.000,0,-,-,-,-,2744.0000,2743.8000,2743.4000,2743.0000,2742.8000,2744.8000,2745.0000,2745.2000,2745.4000,2745.6000,1,1,1,1,1,1,1,1,1,2
SF,IH2006,2020-04-28 09:33:10.200,2744.0000,22523,0,216514440.000,0,-,-,-,-,2744.0000,2743.8000,2743.4000,2743.0000,2742.8000,2744.6000,2744.8000,2745.0000,2745.2000,2745.4000,1,1,1,1,1,1,1,1,1,1
SF,IH2006,2020-04-28 09:33:10.700,2744.6000,22522,-1,217337820.000,1,0,1,双平,S,2744.0000,2743.8000,2743.4000,2743.0000,2742.8000,2744.8000,2745.0000,2745.2000,2745.4000,2745.6000,1,1,1,1,1,1,1,1,1,2
SF,IH2006,2020-04-28 09:33:13.700,2744.0000,22521,-1,218161020.000,1,0,1,双平,S,2743.8000,2743.4000,2743.0000,2742.8000,2742.0000,2744.8000,2745.0000,2745.2000,2745.4000,2745.6000,1,1,1,1,1,1,1,1,1,2
SF,IH2006,2020-04-28 09:33:14.200,2744.0000,22521,0,218161020.000,0,-,-,-,-,2743.8000,2743.4000,2743.0000,2742.8000,2742.0000,2744.6000,2744.8000,2745.0000,2745.4000,2745.6000,1,1,1,1,1,1,1,4,1,2
SF,IH2006,2020-04-28 09:33:15.200,2744.8000,22521,0,219807840.000,2,1,1,多换,S,2744.8000,2743.8000,2743.4000,2743.0000,2742.8000,2745.0000,2745.4000,2745.6000,2745.8000,2746.0000,8,1,1,1,1,4,1,2,2,1
SF,IH2006,2020-04-28 09:33:15.700,2744.8000,22522,1,226395360.000,8,4,4,空开,S,2743.8000,2743.4000,2743.0000,2742.8000,2741.8000,2744.6000,2744.8000,2745.0000,2745.4000,2745.6000,1,1,1,1,2,1,2,6,1,2
SF,IH2006,2020-04-28 09:33:16.200,2744.8000,22522,0,226395360.000,0,-,-,-,-,2744.0000,2743.8000,2743.4000,2743.0000,2742.8000,2744.8000,2745.0000,2745.4000,2745.6000,2745.8000,2,1,1,1,1,2,4,2,2,2
SF,IH2006,2020-04-28 09:33:16.700,2744.8000,22522,0,226395360.000,0,-,-,-,-,2744.0000,2743.8000,2743.4000,2743.0000,2742.8000,2744.8000,2745.0000,2745.4000,2745.6000,2745.8000,2,1,1,1,1,2,4,2,2,2
SF,IH2006,2020-04-28 09:33:17.200,2744.8000,22522,0,226395360.000,0,-,-,-,-,2744.0000,2743.8000,2743.4000,2743.0000,2742.8000,2744.6000,2744.8000,2745.0000,2745.4000,2745.6000,2,1,1,1,1,1,2,4,2,2
SF,IH2006,2020-04-28 09:33:17.700,2744.0000,22522,0,227218560.000,1,0,1,多换,S,2744.0000,2743.8000,2743.4000,2743.0000,2742.8000,2744.6000,2744.8000,2745.0000,2745.4000,2745.6000,1,1,1,1,1,1,3,4,2,2
SF,IH2006,2020-04-28 09:33:19.200,2744.0000,22522,0,227218560.000,0,-,-,-,-,2744.0000,2743.8000,2743.4000,2743.0000,2742.8000,2744.6000,2744.8000,2745.0000,2745.4000,2745.6000,1,1,1,1,1,1,3,4,1,2
SF,IH2006,2020-04-28 09:33:19.700,2744.0000,22522,0,227218560.000,0,-,-,-,-,2744.0000,2743.8000,2743.4000,2743.0000,2742.8000,2744.6000,2744.8000,2745.0000,2745.4000,2745.6000,1,1,1,1,1,1,6,4,1,1
SF,IH2006,2020-04-28 09:33:20.200,2744.0000,22522,0,228041760.000,1,0,1,多换,S,2743.8000,2743.4000,2743.0000,2742.8000,2742.2000,2744.4000,2744.6000,2744.8000,2745.0000,2745.4000,1,1,1,1,1,3,1,6,4,1
SF,IH2006,2020-04-28 09:33:20.700,2744.0000,22522,0,228041760.000,0,-,-,-,-,2743.8000,2743.4000,2743.0000,2742.8000,2742.2000,2744.2000,2744.4000,2744.6000,2744.8000,2745.0000,1,1,1,1,1,2,1,1,6,4
SF,IH2006,2020-04-28 09:33:21.200,2744.0000,22522,0,228041760.000,0,-,-,-,-,2743.8000,2743.4000,2743.0000,2742.8000,2742.2000,2744.2000,2744.4000,2744.6000,2744.8000,2745.0000,1,1,1,1,1,1,1,1,6,4
SF,IH2006,2020-04-28 09:33:21.700,2744.2000,22521,-1,228865020.000,1,0,1,双平,S,2743.8000,2743.4000,2743.0000,2742.8000,2742.2000,2744.4000,2744.6000,2744.8000,2745.0000,2745.4000,1,1,1,1,1,2,1,6,4,1
SF,IH2006,2020-04-28 09:33:22.200,2744.2000,22521,0,228865020.000,0,-,-,-,-,2743.8000,2743.4000,2743.0000,2742.8000,2742.2000,2744.4000,2744.6000,2744.8000,2745.0000,2745.4000,1,1,1,1,1,2,1,6,5,1
SF,IH2006,2020-04-28 09:33:23.200,2744.2000,22521,0,228865020.000,0,-,-,-,-,2743.8000,2743.4000,2743.0000,2742.8000,2742.2000,2744.4000,2744.6000,2744.8000,2745.0000,2745.4000,1,1,1,1,1,2,1,6,5,1
SF,IH2006,2020-04-28 09:33:23.700,2744.2000,22521,0,228865020.000,0,-,-,-,-,2743.8000,2743.4000,2743.0000,2742.8000,2742.2000,2744.4000,2744.6000,2744.8000,2745.0000,2745.4000,1,1,1,1,1,1,2,6,5,1
SF,IH2006,2020-04-28 09:33:24.200,2744.2000,22521,0,228865020.000,0,-,-,-,-,2744.0000,2743.8000,2743.4000,2743.0000,2742.8000,2744.4000,2744.6000,2744.8000,2745.0000,2745.4000,1,1,1,1,1,1,2,6,5,1
SF,IH2006,2020-04-28 09:33:24.700,2744.2000,22521,0,228865020.000,0,-,-,-,-,2744.0000,2743.8000,2743.4000,2743.0000,2742.8000,2744.4000,2744.6000,2744.8000,2745.0000,2745.4000,1,1,1,1,1,1,5,6,5,1
SF,IH2006,2020-04-28 09:33:25.700,2744.2000,22521,0,228865020.000,0,-,-,-,-,2744.2000,2744.0000,2743.8000,2743.4000,2743.0000,2744.4000,2744.6000,2744.8000,2745.0000,2745.4000,3,1,1,1,1,1,5,6,5,1
SF,IH2006,2020-04-28 09:33:27.700,2744.2000,22519,-2,230511540.000,2,0,2,双平,S,2744.2000,2744.0000,2743.8000,2743.4000,2742.8000,2744.4000,2744.6000,2744.8000,2745.0000,2745.4000,1,1,1,1,1,1,5,6,5,1
SF,IH2006,2020-04-28 09:33:28.200,2744.2000,22519,0,230511540.000,0,-,-,-,-,2744.2000,2744.0000,2743.8000,2743.4000,2742.8000,2744.4000,2744.6000,2744.8000,2745.0000,2745.4000,1,1,1,1,1,1,7,6,5,1
SF,IH2006,2020-04-28 09:33:28.700,2744.2000,22519,0,230511540.000,0,-,-,-,-,2744.0000,2743.8000,2743.4000,2742.8000,2742.2000,2744.4000,2744.6000,2744.8000,2745.0000,2745.4000,1,1,1,1,1,1,7,6,5,1
SF,IH2006,2020-04-28 09:33:29.200,2744.2000,22519,0,230511540.000,0,-,-,-,-,2744.0000,2743.8000,2743.6000,2743.4000,2742.8000,2744.2000,2744.4000,2744.6000,2744.8000,2745.0000,1,1,1,1,1,1,1,7,6,5
SF,IH2006,2020-04-28 09:33:29.700,2744.2000,22518,-1,231334800.000,1,0,1,双平,S,2744.0000,2743.8000,2743.6000,2743.4000,2742.8000,2744.4000,2744.6000,2744.8000,2745.0000,2745.4000,1,1,1,1,1,4,7,6,5,1
SF,IH2006,2020-04-28 09:33:30.200,2744.0000,22517,-1,232158000.000,1,0,1,双平,S,2743.8000,2743.6000,2743.4000,2742.8000,2742.2000,2744.4000,2744.6000,2744.8000,2745.0000,2745.4000,1,1,1,1,1,4,7,6,5,1
SF,IH2006,2020-04-28 09:33:30.700,2744.0000,22517,0,232158000.000,0,-,-,-,-,2743.8000,2743.6000,2743.4000,2742.8000,2742.2000,2744.2000,2744.4000,2744.6000,2744.8000,2745.0000,1,1,1,1,1,1,4,8,6,5
SF,IH2006,2020-04-28 09:33:31.200,2744.0000,22517,0,232158000.000,0,-,-,-,-,2743.8000,2743.6000,2743.4000,2742.8000,2742.2000,2744.2000,2744.4000,2744.6000,2744.8000,2745.0000,1,1,1,1,1,1,4,8,6,5
SF,IH2006,2020-04-28 09:33:32.700,2744.4000,22515,-2,233804580.000,2,0,2,双平,S,2744.2000,2744.0000,2743.8000,2743.6000,2743.4000,2744.4000,2744.6000,2744.8000,2745.0000,2745.4000,1,1,1,1,1,3,8,6,5,1
SF,IH2006,2020-04-28 09:33:33.200,2744.4000,22514,-1,235451220.000,2,0,2,多平,S,2744.2000,2744.0000,2743.8000,2743.6000,2743.4000,2744.4000,2744.6000,2744.8000,2745.0000,2745.4000,1,1,1,1,1,1,10,6,5,1
SF,IH2006,2020-04-28 09:33:33.700,2744.4000,22513,-1,236274540.000,1,0,1,双平,S,2744.4000,2744.2000,2744.0000,2743.8000,2743.6000,2744.6000,2744.8000,2745.0000,2745.4000,2745.6000,3,1,1,1,1,10,6,5,1,2
SF,IH2006,2020-04-28 09:33:34.200,2744.4000,22512,-1,237097860.000,1,0,1,双平,S,2744.2000,2744.0000,2743.8000,2743.6000,2743.4000,2744.6000,2744.8000,2745.0000,2745.4000,2745.6000,1,1,1,1,1,10,7,5,1,2
SF,IH2006,2020-04-28 09:33:34.700,2744.2000,22511,-1,237921120.000,1,0,1,双平,S,2744.0000,2743.8000,2743.6000,2743.4000,2742.8000,2744.2000,2744.6000,2744.8000,2745.0000,2745.4000,1,1,1,1,1,1,10,8,5,1
SF,IH2006,2020-04-28 09:33:35.200,2744.0000,22510,-1,238744320.000,1,0,1,双平,S,2743.8000,2743.6000,2743.4000,2742.8000,2742.2000,2744.4000,2744.6000,2744.8000,2745.0000,2745.4000,1,1,1,1,1,1,10,8,5,1
SF,IH2006,2020-04-28 09:33:36.700,2744.0000,22510,0,238744320.000,0,-,-,-,-,2743.8000,2743.6000,2743.4000,2742.8000,2742.2000,2744.4000,2744.6000,2744.8000,2745.0000,2745.4000,1,1,1,1,1,1,10,8,5,1
SF,IH2006,2020-04-28 09:33:38.200,2744.0000,22510,0,238744320.000,0,-,-,-,-,2743.8000,2743.6000,2743.4000,2742.8000,2742.2000,2744.4000,2744.6000,2744.8000,2745.0000,2745.4000,1,1,1,1,1,1,10,8,4,1
SF,IH2006,2020-04-28 09:33:39.200,2744.4000,22509,-1,239567640.000,1,0,1,双平,S,2743.8000,2743.6000,2743.4000,2742.8000,2742.2000,2744.0000,2744.6000,2744.8000,2745.0000,2745.4000,1,1,1,1,1,1,10,8,5,1
SF,IH2006,2020-04-28 09:33:39.700,2744.0000,22509,0,240390840.000,1,0,1,多换,S,2744.0000,2743.8000,2743.6000,2743.4000,2742.8000,2744.6000,2744.8000,2745.0000,2745.4000,2745.6000,10,1,1,1,1,10,8,5,1,2
SF,IH2006,2020-04-28 09:33:40.200,2744.6000,22504,-5,245331120.000,6,0,6,多平,S,2744.0000,2743.8000,2743.6000,2741.8000,2741.2000,2744.6000,2744.8000,2745.0000,2745.4000,2745.6000,7,1,1,2,1,4,8,5,1,2
SF,IH2006,2020-04-28 09:33:40.700,2744.6000,22500,-4,248624640.000,4,0,4,双平,S,2744.0000,2743.8000,2743.6000,2741.8000,2741.2000,2744.8000,2745.0000,2745.4000,2745.6000,2745.8000,4,1,1,2,1,8,5,1,2,2
SF,IH2006,2020-04-28 09:33:41.200,2744.6000,22500,0,248624640.000,0,-,-,-,-,2744.0000,2743.8000,2743.6000,2741.8000,2741.2000,2744.8000,2745.0000,2745.4000,2745.6000,2745.8000,4,1,1,2,1,8,5,1,2,2
SF,IH2006,2020-04-28 09:33:41.700,2744.6000,22500,0,248624640.000,0,-,-,-,-,2744.2000,2744.0000,2743.8000,2743.6000,2741.8000,2744.8000,2745.0000,2745.4000,2745.6000,2745.8000,5,4,1,1,2,8,5,1,2,2
SF,IH2006,2020-04-28 09:33:42.700,2744.6000,22500,0,248624640.000,0,-,-,-,-,2744.2000,2744.0000,2743.8000,2743.6000,2741.8000,2744.8000,2745.0000,2745.4000,2745.6000,2745.8000,5,4,2,1,2,8,5,1,2,2
SF,IH2006,2020-04-28 09:33:44.700,2744.8000,22499,-1,249448080.000,1,0,1,双平,S,2744.4000,2744.2000,2744.0000,2743.8000,2743.6000,2744.8000,2745.0000,2745.4000,2745.6000,2745.8000,1,5,3,2,1,6,5,1,2,2
SF,IH2006,2020-04-28 09:33:45.200,2745.0000,22490,-9,258506220.000,11,1,10,多平,S,2745.0000,2744.8000,2744.4000,2744.2000,2744.0000,2745.4000,2745.6000,2745.8000,2746.0000,2746.2000,1,1,1,5,3,1,1,2,2,1
SF,IH2006,2020-04-28 09:33:45.700,2745.6000,22489,-1,259329900.000,1,0,1,双平,S,2745.4000,2745.0000,2744.8000,2744.4000,2744.2000,2745.8000,2746.0000,2746.2000,2746.4000,2746.8000,2,1,1,1,5,2,2,1,1,1
SF,IH2006,2020-04-28 09:33:46.200,2745.6000,22489,0,259329900.000,0,-,-,-,-,2745.4000,2745.0000,2744.8000,2744.4000,2744.0000,2745.8000,2746.0000,2746.2000,2746.4000,2746.8000,1,1,1,1,1,2,2,1,1,1
SF,IH2006,2020-04-28 09:33:47.200,2745.6000,22489,0,259329900.000,0,-,-,-,-,2745.4000,2745.0000,2744.8000,2744.4000,2744.0000,2745.8000,2746.0000,2746.2000,2746.4000,2746.8000,1,1,1,1,1,2,2,1,1,1
SF,IH2006,2020-04-28 09:33:48.200,2745.8000,22489,0,260977380.000,2,1,1,多换,S,2745.4000,2745.0000,2744.8000,2744.4000,2744.0000,2746.0000,2746.2000,2746.4000,2746.8000,2747.0000,1,1,1,1,1,2,1,1,1,2
SF,IH2006,2020-04-28 09:33:48.700,2745.8000,22489,0,260977380.000,0,-,-,-,-,2745.4000,2745.0000,2744.8000,2744.4000,2744.0000,2746.0000,2746.2000,2746.4000,2746.8000,2747.0000,1,1,1,1,1,2,1,1,1,2
SF,IH2006,2020-04-28 09:33:49.700,2745.8000,22489,0,260977380.000,0,-,-,-,-,2745.4000,2745.0000,2744.8000,2744.4000,2743.8000,2746.0000,2746.2000,2746.4000,2746.8000,2747.0000,1,1,1,1,1,2,1,1,1,2
SF,IH2006,2020-04-28 09:33:50.700,2745.8000,22489,0,260977380.000,0,-,-,-,-,2745.0000,2744.8000,2744.4000,2743.8000,2742.0000,2746.0000,2746.2000,2746.4000,2746.8000,2747.0000,1,1,1,1,1,2,1,1,1,2
SF,IH2006,2020-04-28 09:33:51.200,2745.8000,22489,0,260977380.000,0,-,-,-,-,2745.2000,2745.0000,2744.8000,2744.4000,2743.8000,2746.0000,2746.2000,2746.4000,2746.8000,2747.0000,1,1,1,1,1,2,1,1,1,2
SF,IH2006,2020-04-28 09:33:52.700,2745.2000,22488,-1,261800940.000,1,0,1,双平,S,2745.0000,2744.8000,2744.4000,2743.8000,2742.0000,2746.0000,2746.2000,2746.4000,2746.8000,2747.0000,1,1,1,1,1,2,1,1,1,2
SF,IH2006,2020-04-28 09:33:53.200,2745.2000,22488,0,261800940.000,0,-,-,-,-,2745.0000,2744.8000,2744.4000,2744.0000,2743.8000,2745.8000,2746.0000,2746.2000,2746.4000,2746.8000,1,1,1,1,1,1,2,1,1,1
SF,IH2006,2020-04-28 09:33:53.700,2745.2000,22488,0,261800940.000,0,-,-,-,-,2745.0000,2744.8000,2744.4000,2744.0000,2743.8000,2745.6000,2745.8000,2746.0000,2746.2000,2746.4000,1,1,1,1,1,1,1,3,1,1
SF,IH2006,2020-04-28 09:33:54.200,2744.8000,22487,-1,262624380.000,1,0,1,双平,S,2744.4000,2744.0000,2743.8000,2743.2000,2742.0000,2745.0000,2745.6000,2745.8000,2746.0000,2746.2000,1,1,1,1,1,1,1,1,3,1
SF,IH2006,2020-04-28 09:33:54.700,2744.8000,22487,0,262624380.000,0,-,-,-,-,2744.4000,2744.0000,2743.8000,2743.2000,2742.0000,2745.0000,2745.6000,2745.8000,2746.0000,2746.2000,1,1,1,1,1,1,1,1,3,1
SF,IH2006,2020-04-28 09:33:55.200,2744.8000,22487,0,262624380.000,0,-,-,-,-,2744.4000,2744.0000,2743.8000,2743.2000,2742.0000,2745.0000,2745.6000,2745.8000,2746.0000,2746.2000,1,1,1,1,1,1,1,2,3,1
SF,IH2006,2020-04-28 09:33:58.200,2744.8000,22487,0,262624380.000,0,-,-,-,-,2744.4000,2744.0000,2743.8000,2743.2000,2742.0000,2745.0000,2745.6000,2745.8000,2746.0000,2746.2000,1,1,1,1,1,2,1,2,4,1
SF,IH2006,2020-04-28 09:33:59.700,2744.8000,22487,0,262624380.000,0,-,-,-,-,2744.4000,2744.0000,2743.8000,2743.2000,2742.0000,2745.0000,2745.6000,2745.8000,2746.0000,2746.2000,1,1,1,1,1,1,1,2,4,1
SF,IH2006,2020-04-28 09:34:00.200,2744.8000,22487,0,262624380.000,0,-,-,-,-,2744.4000,2744.0000,2743.2000,2742.0000,2741.8000,2745.0000,2745.6000,2745.8000,2746.0000,2746.2000,1,1,1,1,2,1,1,2,4,1
SF,IH2006,2020-04-28 09:34:01.200,2744.8000,22487,0,262624380.000,0,-,-,-,-,2744.0000,2743.2000,2742.0000,2741.8000,2741.2000,2745.0000,2745.6000,2745.8000,2746.0000,2746.2000,1,1,1,2,1,1,1,2,4,1
SF,IH2006,2020-04-28 09:34:03.200,2744.8000,22487,0,262624380.000,0,-,-,-,-,2744.0000,2743.2000,2742.0000,2741.8000,2741.2000,2745.0000,2745.6000,2745.8000,2746.0000,2746.2000,1,1,1,2,1,1,1,2,4,1
SF,IH2006,2020-04-28 09:34:03.700,2744.8000,22487,0,262624380.000,0,-,-,-,-,2744.0000,2743.2000,2742.0000,2741.8000,2741.2000,2744.8000,2745.0000,2745.6000,2745.8000,2746.0000,1,1,1,2,1,1,1,1,1,4
SF,IH2006,2020-04-28 09:34:04.700,2744.8000,22487,0,262624380.000,0,-,-,-,-,2744.0000,2743.2000,2742.0000,2741.8000,2741.2000,2744.8000,2745.0000,2745.6000,2745.8000,2746.0000,2,1,1,2,1,1,1,1,1,4
SF,IH2006,2020-04-28 09:34:05.200,2744.8000,22487,0,262624380.000,0,-,-,-,-,2744.0000,2743.2000,2742.0000,2741.8000,2741.2000,2744.8000,2745.0000,2745.6000,2746.0000,2746.2000,2,1,1,2,1,1,1,1,4,1
SF,IH2006,2020-04-28 09:34:09.700,2744.8000,22487,0,262624380.000,0,-,-,-,-,2744.0000,2743.2000,2742.0000,2741.8000,2741.2000,2744.8000,2745.0000,2745.6000,2746.0000,2746.2000,2,1,1,2,1,1,1,1,3,1
SF,IH2006,2020-04-28 09:34:10.200,2744.8000,22487,0,262624380.000,0,-,-,-,-,2744.2000,2744.0000,2743.2000,2742.0000,2741.8000,2744.8000,2745.0000,2745.6000,2746.0000,2746.2000,1,2,1,1,2,1,1,1,3,1
SF,IH2006,2020-04-28 09:34:11.200,2744.8000,22487,0,262624380.000,0,-,-,-,-,2744.2000,2744.0000,2743.2000,2742.0000,2741.8000,2744.8000,2745.0000,2745.6000,2746.0000,2746.2000,1,2,1,1,2,1,1,1,3,1
SF,IH2006,2020-04-28 09:34:12.200,2744.8000,22487,0,263447820.000,1,0,1,多换,S,2744.2000,2744.0000,2743.2000,2742.0000,2741.8000,2745.0000,2745.6000,2746.0000,2746.2000,2746.4000,1,2,1,1,2,1,1,3,1,1
SF,IH2006,2020-04-28 09:34:13.200,2744.8000,22487,0,263447820.000,0,-,-,-,-,2744.2000,2744.0000,2743.2000,2742.0000,2741.8000,2745.0000,2745.6000,2746.0000,2746.2000,2746.4000,1,2,1,1,2,1,1,4,1,1
SF,IH2006,2020-04-28 09:34:13.700,2744.8000,22487,0,263447820.000,0,-,-,-,-,2744.0000,2743.2000,2742.0000,2741.8000,2741.2000,2745.0000,2745.6000,2746.0000,2746.2000,2746.4000,2,1,1,2,1,1,1,4,1,1
SF,IH2006,2020-04-28 09:34:17.200,2744.8000,22487,0,263447820.000,0,-,-,-,-,2744.2000,2744.0000,2743.2000,2742.0000,2741.8000,2745.0000,2745.6000,2746.0000,2746.2000,2746.4000,1,2,1,1,2,1,1,4,1,1
SF,IH2006,2020-04-28 09:34:17.700,2744.8000,22487,0,263447820.000,0,-,-,-,-,2744.2000,2744.0000,2743.2000,2742.0000,2741.8000,2745.0000,2745.6000,2746.0000,2746.2000,2746.4000,1,2,1,1,2,1,1,4,1,1
SF,IH2006,2020-04-28 09:34:18.200,2745.0000,22486,-1,264271320.000,1,0,1,双平,S,2745.4000,2745.0000,2744.4000,2744.2000,2744.0000,2745.6000,2746.0000,2746.2000,2746.4000,2746.8000,1,1,2,1,2,1,4,1,1,1
SF,IH2006,2020-04-28 09:34:18.700,2744.4000,22482,-4,269212800.000,6,1,5,多平,S,2744.4000,2744.2000,2744.0000,2743.2000,2742.0000,2746.0000,2746.2000,2746.4000,2746.8000,2747.0000,1,1,2,1,1,4,1,1,1,2
SF,IH2006,2020-04-28 09:34:19.200,2744.4000,22482,0,269212800.000,0,-,-,-,-,2744.6000,2744.4000,2744.2000,2744.0000,2743.2000,2745.8000,2746.0000,2746.2000,2746.4000,2746.8000,6,1,1,2,1,1,4,1,1,1
SF,IH2006,2020-04-28 09:34:20.200,2744.4000,22482,0,269212800.000,0,-,-,-,-,2744.6000,2744.4000,2744.0000,2743.2000,2742.4000,2745.8000,2746.0000,2746.2000,2746.4000,2746.8000,6,1,2,1,1,1,4,1,1,1
SF,IH2006,2020-04-28 09:34:20.700,2744.4000,22482,0,269212800.000,0,-,-,-,-,2744.8000,2744.6000,2744.0000,2743.2000,2742.4000,2745.8000,2746.0000,2746.2000,2746.4000,2746.8000,1,6,2,1,1,1,4,1,1,1
SF,IH2006,2020-04-28 09:34:21.200,2744.4000,22482,0,269212800.000,0,-,-,-,-,2745.0000,2744.8000,2744.6000,2744.0000,2743.2000,2745.8000,2746.0000,2746.2000,2746.4000,2746.8000,5,1,1,2,1,1,4,1,1,1
SF,IH2006,2020-04-28 09:34:21.700,2745.8000,22481,-1,270036540.000,1,0,1,双平,S,2745.0000,2744.8000,2744.6000,2744.0000,2743.2000,2746.0000,2746.2000,2746.4000,2746.8000,2747.0000,5,1,1,2,1,4,1,1,1,2
SF,IH2006,2020-04-28 09:34:22.200,2745.8000,22482,1,270860280.000,1,1,0,双开,S,2745.2000,2745.0000,2744.8000,2744.0000,2743.2000,2746.0000,2746.2000,2746.4000,2746.8000,2747.0000,1,5,1,2,1,4,1,1,1,2
SF,IH2006,2020-04-28 09:34:22.700,2746.0000,22480,-2,273331680.000,3,0,3,多平,S,2746.0000,2745.4000,2745.2000,2744.8000,2744.0000,2746.2000,2746.4000,2746.8000,2747.0000,2747.2000,2,6,2,1,2,1,1,1,2,1
SF,IH2006,2020-04-28 09:34:23.200,2746.2000,22478,-2,274979400.000,2,0,2,双平,S,2746.2000,2746.0000,2745.4000,2745.2000,2745.0000,2746.8000,2747.0000,2747.2000,2747.6000,2747.8000,2,2,6,1,1,1,2,1,1,1
SF,IH2006,2020-04-28 09:34:23.700,2746.2000,22478,0,274979400.000,0,-,-,-,-,2746.2000,2746.0000,2745.8000,2745.4000,2745.2000,2746.8000,2747.0000,2747.2000,2747.6000,2747.8000,2,3,2,6,1,1,2,1,1,1
SF,IH2006,2020-04-28 09:34:24.200,2746.2000,22478,0,274979400.000,0,-,-,-,-,2746.4000,2746.2000,2746.0000,2745.8000,2745.4000,2746.8000,2747.0000,2747.2000,2747.6000,2747.8000,5,2,3,2,1,1,2,1,1,1
SF,IH2006,2020-04-28 09:34:24.700,2746.2000,22478,0,274979400.000,0,-,-,-,-,2746.4000,2746.2000,2746.0000,2745.8000,2745.4000,2746.8000,2747.0000,2747.2000,2747.6000,2747.8000,5,2,3,2,1,1,2,1,1,1
SF,IH2006,2020-04-28 09:34:25.200,2746.2000,22478,0,274979400.000,0,-,-,-,-,2746.6000,2746.4000,2746.2000,2746.0000,2745.8000,2746.8000,2747.0000,2747.2000,2747.6000,2747.8000,1,4,2,3,2,1,2,1,1,1
SF,IH2006,2020-04-28 09:34:25.700,2746.6000,22476,-2,276627420.000,2,0,2,双平,S,2746.4000,2746.2000,2746.0000,2745.8000,2745.4000,2746.6000,2747.0000,2747.2000,2747.6000,2747.8000,4,2,3,2,1,1,2,1,1,1
SF,IH2006,2020-04-28 09:34:26.200,2746.6000,22476,0,276627420.000,0,-,-,-,-,2746.8000,2746.6000,2746.4000,2746.2000,2746.0000,2747.0000,2747.2000,2747.4000,2747.6000,2747.8000,3,2,4,2,3,2,1,1,1,1
SF,IH2006,2020-04-28 09:34:26.700,2747.0000,22476,0,277451520.000,1,0,1,多换,S,2747.0000,2746.8000,2746.6000,2746.4000,2746.2000,2747.2000,2747.4000,2747.6000,2747.8000,2748.2000,1,3,2,4,2,1,1,1,1,2
SF,IH2006,2020-04-28 09:34:27.200,2747.2000,22475,-1,278275680.000,1,0,1,双平,S,2747.0000,2746.8000,2746.6000,2746.4000,2746.2000,2747.4000,2747.6000,2747.8000,2748.2000,2748.8000,1,3,2,4,2,1,2,1,2,3
SF,IH2006,2020-04-28 09:34:27.700,2747.2000,22473,-2,279924000.000,2,0,2,双平,S,2747.0000,2746.8000,2746.6000,2746.4000,2746.2000,2747.6000,2747.8000,2748.0000,2748.2000,2748.8000,1,3,2,4,2,2,1,1,2,3
SF,IH2006,2020-04-28 09:34:28.200,2747.0000,22472,-1,280748100.000,1,0,1,双平,S,2746.8000,2746.6000,2746.4000,2746.2000,2746.0000,2747.6000,2747.8000,2748.0000,2748.2000,2748.6000,3,2,4,2,3,2,1,1,2,1
SF,IH2006,2020-04-28 09:34:28.700,2747.0000,22472,0,280748100.000,0,-,-,-,-,2747.4000,2747.0000,2746.8000,2746.6000,2746.2000,2747.6000,2747.8000,2748.0000,2748.2000,2748.6000,2,4,3,2,2,2,1,1,2,1
SF,IH2006,2020-04-28 09:34:29.200,2747.4000,22471,-1,282396540.000,2,0,2,多平,S,2747.0000,2746.8000,2746.6000,2746.2000,2746.0000,2747.4000,2747.6000,2747.8000,2748.0000,2748.2000,4,3,2,2,3,6,2,1,1,2
SF,IH2006,2020-04-28 09:34:29.700,2747.4000,22471,0,283220760.000,1,0,1,多换,S,2746.8000,2746.6000,2746.2000,2746.0000,2745.8000,2747.4000,2747.6000,2747.8000,2748.0000,2748.2000,3,2,2,3,2,3,2,1,1,2
SF,IH2006,2020-04-28 09:34:30.200,2747.4000,22471,0,283220760.000,0,-,-,-,-,2746.8000,2746.6000,2746.2000,2746.0000,2745.8000,2747.4000,2747.6000,2747.8000,2748.0000,2748.2000,3,2,2,3,2,3,2,1,1,2
SF,IH2006,2020-04-28 09:34:31.200,2747.4000,22471,0,283220760.000,0,-,-,-,-,2746.8000,2746.6000,2746.2000,2746.0000,2745.8000,2747.4000,2747.6000,2747.8000,2748.0000,2748.2000,3,2,2,3,2,1,2,1,1,2
SF,IH2006,2020-04-28 09:34:31.700,2747.4000,22471,0,283220760.000,0,-,-,-,-,2746.8000,2746.6000,2746.2000,2746.0000,2745.8000,2747.4000,2747.6000,2747.8000,2748.0000,2748.2000,3,2,2,3,2,1,2,1,1,2
SF,IH2006,2020-04-28 09:34:32.700,2747.4000,22471,0,283220760.000,0,-,-,-,-,2746.8000,2746.6000,2746.2000,2746.0000,2745.8000,2747.2000,2747.4000,2747.6000,2747.8000,2748.0000,3,2,2,3,2,2,1,2,1,1
SF,IH2006,2020-04-28 09:34:33.200,2747.2000,22468,-3,286517040.000,4,0,4,多平,S,2746.6000,2746.2000,2746.0000,2745.8000,2745.4000,2747.2000,2747.4000,2747.6000,2747.8000,2748.0000,2,2,3,2,1,1,1,2,1,1
SF,IH2006,2020-04-28 09:34:34.200,2747.2000,22468,0,287341200.000,1,0,1,多换,S,2746.6000,2746.2000,2746.0000,2745.8000,2745.4000,2747.4000,2747.6000,2747.8000,2748.0000,2748.2000,2,2,3,2,1,1,2,1,1,2
SF,IH2006,2020-04-28 09:34:37.200,2746.6000,22468,0,288989160.000,2,1,1,多换,S,2746.2000,2746.0000,2745.8000,2745.4000,2745.2000,2747.4000,2747.6000,2747.8000,2748.0000,2748.2000,2,3,2,1,1,2,2,1,1,2
SF,IH2006,2020-04-28 09:34:37.700,2746.6000,22468,0,288989160.000,0,-,-,-,-,2746.4000,2746.2000,2746.0000,2745.8000,2745.4000,2747.2000,2747.4000,2747.6000,2747.8000,2748.0000,4,1,3,2,1,2,2,2,1,1
SF,IH2006,2020-04-28 09:34:38.200,2746.4000,22467,-1,289813080.000,1,0,1,双平,S,2746.2000,2746.0000,2745.8000,2745.4000,2745.2000,2747.2000,2747.4000,2747.6000,2747.8000,2748.0000,1,3,2,1,1,2,2,2,1,1
SF,IH2006,2020-04-28 09:34:38.700,2746.4000,22467,0,289813080.000,0,-,-,-,-,2746.0000,2745.8000,2745.4000,2745.2000,2744.8000,2747.2000,2747.4000,2747.6000,2747.8000,2748.0000,3,2,1,1,1,2,2,2,1,1
SF,IH2006,2020-04-28 09:34:39.200,2746.4000,22467,0,289813080.000,0,-,-,-,-,2746.2000,2746.0000,2745.8000,2745.4000,2744.8000,2747.2000,2747.4000,2747.6000,2747.8000,2748.0000,3,3,2,1,1,2,2,2,2,1
SF,IH2006,2020-04-28 09:34:40.200,2746.4000,22467,0,289813080.000,0,-,-,-,-,2746.2000,2746.0000,2745.8000,2745.4000,2744.8000,2747.2000,2747.4000,2747.6000,2747.8000,2748.0000,3,1,2,1,1,2,2,2,2,1
SF,IH2006,2020-04-28 09:34:40.700,2746.4000,22467,0,289813080.000,0,-,-,-,-,2746.2000,2746.0000,2745.8000,2745.4000,2744.8000,2747.2000,2747.4000,2747.6000,2747.8000,2748.0000,1,1,2,1,1,2,2,2,2,1
SF,IH2006,2020-04-28 09:34:42.200,2746.4000,22467,0,289813080.000,0,-,-,-,-,2746.2000,2746.0000,2745.8000,2745.4000,2744.8000,2746.8000,2747.2000,2747.4000,2747.6000,2747.8000,1,1,2,1,1,1,2,2,2,2
SF,IH2006,2020-04-28 09:34:42.700,2746.4000,22467,0,289813080.000,0,-,-,-,-,2746.2000,2746.0000,2745.8000,2745.4000,2744.8000,2746.8000,2747.2000,2747.4000,2747.6000,2747.8000,1,1,2,1,1,1,2,2,2,2
SF,IH2006,2020-04-28 09:34:45.700,2746.4000,22467,0,289813080.000,0,-,-,-,-,2746.2000,2746.0000,2745.8000,2745.4000,2744.8000,2746.6000,2746.8000,2747.2000,2747.4000,2747.6000,1,1,2,1,1,1,1,2,2,2
SF,IH2006,2020-04-28 09:34:46.200,2746.0000,22465,-2,291460740.000,2,0,2,双平,S,2745.8000,2745.4000,2744.8000,2744.6000,2744.0000,2746.6000,2746.8000,2747.2000,2747.4000,2747.6000,2,1,1,1,1,1,1,2,2,2
SF,IH2006,2020-04-28 09:34:46.700,2746.0000,22465,0,291460740.000,0,-,-,-,-,2745.4000,2744.8000,2744.6000,2744.0000,2743.2000,2746.6000,2746.8000,2747.2000,2747.4000,2747.6000,1,1,1,1,1,1,1,2,2,2
SF,IH2006,2020-04-28 09:34:47.200,2746.0000,22465,0,291460740.000,0,-,-,-,-,2745.6000,2745.4000,2744.6000,2744.0000,2743.2000,2746.6000,2746.8000,2747.2000,2747.4000,2747.6000,6,2,1,1,1,1,1,2,2,2
SF,IH2006,2020-04-28 09:34:47.700,2746.0000,22465,0,291460740.000,0,-,-,-,-,2745.8000,2745.6000,2745.4000,2744.6000,2744.0000,2746.6000,2746.8000,2747.2000,2747.4000,2747.6000,1,5,1,1,1,1,1,2,2,2
SF,IH2006,2020-04-28 09:34:48.200,2746.0000,22465,0,291460740.000,0,-,-,-,-,2746.0000,2745.8000,2745.6000,2745.4000,2744.6000,2746.6000,2746.8000,2747.2000,2747.4000,2747.6000,2,1,2,1,1,1,1,1,2,1
SF,IH2006,2020-04-28 09:34:48.700,2746.0000,22465,0,291460740.000,0,-,-,-,-,2746.0000,2745.8000,2745.6000,2745.4000,2744.6000,2746.6000,2746.8000,2747.2000,2747.4000,2747.6000,2,1,2,1,1,1,1,1,2,1
SF,IH2006,2020-04-28 09:34:49.700,2746.0000,22465,0,291460740.000,0,-,-,-,-,2746.0000,2745.8000,2745.6000,2745.4000,2744.6000,2746.6000,2746.8000,2747.0000,2747.2000,2747.4000,2,1,2,1,1,1,1,2,1,2
SF,IH2006,2020-04-28 09:34:50.200,2746.6000,22465,0,292284720.000,1,0,1,多换,S,2746.0000,2745.8000,2745.6000,2745.4000,2744.6000,2746.8000,2747.0000,2747.2000,2747.4000,2747.6000,2,1,2,1,1,1,2,1,2,1
SF,IH2006,2020-04-28 09:34:50.700,2746.6000,22465,0,292284720.000,0,-,-,-,-,2746.0000,2745.8000,2745.6000,2745.4000,2744.6000,2746.6000,2746.8000,2747.0000,2747.4000,2747.6000,2,1,2,1,1,1,1,2,2,1
SF,IH2006,2020-04-28 09:34:51.200,2746.6000,22465,0,292284720.000,0,-,-,-,-,2745.8000,2745.6000,2745.4000,2744.6000,2744.0000,2746.6000,2746.8000,2747.0000,2747.4000,2747.6000,1,2,1,1,1,1,1,2,2,1
SF,IH2006,2020-04-28 09:34:51.700,2746.6000,22465,0,292284720.000,0,-,-,-,-,2745.6000,2745.4000,2744.6000,2744.0000,2743.2000,2746.4000,2746.6000,2746.8000,2747.0000,2747.4000,2,1,1,1,1,1,1,1,2,2
SF,IH2006,2020-04-28 09:34:52.200,2746.6000,22465,0,292284720.000,0,-,-,-,-,2745.6000,2745.4000,2744.6000,2744.0000,2743.2000,2746.4000,2746.6000,2746.8000,2747.0000,2747.4000,1,1,1,1,1,1,1,1,2,2
SF,IH2006,2020-04-28 09:34:54.700,2746.6000,22465,0,292284720.000,0,-,-,-,-,2745.6000,2745.4000,2745.0000,2744.6000,2743.2000,2746.4000,2746.6000,2746.8000,2747.0000,2747.4000,1,1,1,1,1,1,1,1,2,2
SF,IH2006,2020-04-28 09:34:56.200,2746.6000,22464,-1,293932620.000,2,0,2,多平,S,2745.8000,2745.6000,2745.4000,2745.0000,2744.6000,2746.8000,2747.0000,2747.4000,2747.6000,2747.8000,5,5,1,2,1,1,2,2,1,2
SF,IH2006,2020-04-28 09:34:56.700,2746.6000,22464,0,293932620.000,0,-,-,-,-,2746.0000,2745.8000,2745.4000,2745.0000,2744.6000,2746.8000,2747.0000,2747.4000,2747.6000,2747.8000,3,4,1,2,1,1,2,2,1,2
SF,IH2006,2020-04-28 09:34:57.200,2746.6000,22464,0,293932620.000,0,-,-,-,-,2746.2000,2746.0000,2745.8000,2745.4000,2745.0000,2746.8000,2747.0000,2747.4000,2747.6000,2747.8000,3,2,1,1,2,1,2,2,1,2
SF,IH2006,2020-04-28 09:34:57.700,2746.6000,22464,0,293932620.000,0,-,-,-,-,2746.0000,2745.8000,2745.4000,2745.0000,2744.6000,2746.8000,2747.0000,2747.4000,2747.6000,2747.8000,1,1,1,2,1,1,2,2,1,2
SF,IH2006,2020-04-28 09:34:58.200,2746.8000,22465,1,294756660.000,1,1,0,双开,S,2746.0000,2745.4000,2745.0000,2744.6000,2743.2000,2747.0000,2747.4000,2747.6000,2747.8000,2748.0000,1,1,2,1,1,2,2,1,2,1
SF,IH2006,2020-04-28 09:34:58.700,2746.8000,22465,0,294756660.000,0,-,-,-,-,2746.2000,2745.4000,2745.0000,2744.6000,2743.2000,2747.0000,2747.4000,2747.6000,2747.8000,2748.0000,1,1,2,1,1,2,2,1,2,1
SF,IH2006,2020-04-28 09:35:00.700,2746.2000,22465,0,295580520.000,1,0,1,多换,S,2745.4000,2745.0000,2744.6000,2743.2000,2741.8000,2747.0000,2747.4000,2747.6000,2747.8000,2748.0000,1,2,1,1,2,2,2,1,2,1
SF,IH2006,2020-04-28 09:35:01.200,2747.0000,22464,-1,297228660.000,2,0,2,多平,S,2745.6000,2745.4000,2745.2000,2745.0000,2744.6000,2747.0000,2747.4000,2747.6000,2747.8000,2748.0000,11,2,1,2,4,1,2,1,2,1
SF,IH2006,2020-04-28 09:35:01.700,2747.0000,22463,-1,298052760.000,1,0,1,双平,S,2745.8000,2745.6000,2745.4000,2745.0000,2744.6000,2747.4000,2747.6000,2747.8000,2748.0000,2748.2000,2,11,1,2,4,1,1,2,1,2
SF,IH2006,2020-04-28 09:35:02.200,2747.0000,22463,0,298052760.000,0,-,-,-,-,2746.0000,2745.8000,2745.6000,2745.4000,2745.0000,2747.0000,2747.4000,2747.6000,2747.8000,2748.0000,5,2,5,1,2,1,1,1,2,1
SF,IH2006,2020-04-28 09:35:02.700,2747.0000,22463,0,298052760.000,0,-,-,-,-,2746.2000,2746.0000,2745.8000,2745.6000,2745.4000,2747.0000,2747.4000,2747.6000,2747.8000,2748.0000,1,5,1,5,1,2,1,1,2,1
SF,IH2006,2020-04-28 09:35:03.200,2747.0000,22463,0,298052760.000,0,-,-,-,-,2746.4000,2746.2000,2746.0000,2745.8000,2745.6000,2747.0000,2747.4000,2747.6000,2747.8000,2748.0000,4,1,1,1,5,2,1,1,2,1
SF,IH2006,2020-04-28 09:35:04.200,2747.0000,22463,0,298052760.000,0,-,-,-,-,2746.4000,2746.2000,2746.0000,2745.8000,2745.6000,2747.0000,2747.4000,2747.6000,2747.8000,2748.0000,4,1,1,1,5,2,1,1,1,1
SF,IH2006,2020-04-28 09:35:04.700,2747.0000,22463,0,298052760.000,0,-,-,-,-,2746.4000,2746.2000,2746.0000,2745.8000,2745.6000,2747.0000,2747.4000,2747.6000,2747.8000,2748.0000,4,1,1,1,5,2,1,1,1,1
SF,IH2006,2020-04-28 09:35:05.200,2747.0000,22461,-2,299700960.000,2,0,2,双平,S,2746.6000,2746.4000,2746.2000,2746.0000,2745.8000,2747.4000,2747.6000,2747.8000,2748.0000,2748.2000,1,4,1,1,1,1,1,1,1,2
SF,IH2006,2020-04-28 09:35:05.700,2747.0000,22461,0,299700960.000,0,-,-,-,-,2746.8000,2746.6000,2746.2000,2746.0000,2745.8000,2747.4000,2747.6000,2747.8000,2748.0000,2748.2000,4,1,1,1,1,1,1,1,1,2
SF,IH2006,2020-04-28 09:35:06.200,2747.0000,22461,0,299700960.000,0,-,-,-,-,2746.8000,2746.6000,2746.2000,2746.0000,2745.8000,2747.4000,2747.6000,2747.8000,2748.0000,2748.2000,4,1,1,1,1,1,1,1,1,2
SF,IH2006,2020-04-28 09:35:06.700,2747.0000,22461,0,299700960.000,0,-,-,-,-,2746.8000,2746.6000,2746.2000,2746.0000,2745.8000,2747.4000,2747.6000,2747.8000,2748.0000,2748.2000,4,1,1,1,1,1,1,1,1,2
SF,IH2006,2020-04-28 09:35:07.200,2747.0000,22461,0,299700960.000,0,-,-,-,-,2746.8000,2746.6000,2746.2000,2746.0000,2745.8000,2747.4000,2747.6000,2747.8000,2748.0000,2748.2000,4,1,1,2,1,1,1,1,1,2
SF,IH2006,2020-04-28 09:35:08.200,2747.0000,22461,0,299700960.000,0,-,-,-,-,2746.8000,2746.6000,2746.2000,2746.0000,2745.8000,2747.4000,2747.6000,2747.8000,2748.0000,2748.2000,1,1,1,2,1,1,1,1,1,2
SF,IH2006,2020-04-28 09:35:08.700,2747.0000,22461,0,299700960.000,0,-,-,-,-,2746.8000,2746.6000,2746.2000,2746.0000,2745.8000,2747.4000,2747.6000,2747.8000,2748.0000,2748.2000,1,1,1,2,1,1,2,1,1,2
SF,IH2006,2020-04-28 09:35:10.700,2747.4000,22460,-1,300525180.000,1,0,1,双平,S,2746.8000,2746.6000,2746.2000,2746.0000,2745.8000,2747.6000,2747.8000,2748.0000,2748.2000,2748.6000,1,1,1,2,1,2,1,1,2,1
SF,IH2006,2020-04-28 09:35:11.200,2747.4000,22460,0,300525180.000,0,-,-,-,-,2746.8000,2746.6000,2746.2000,2746.0000,2745.8000,2747.4000,2747.6000,2747.8000,2748.0000,2748.2000,1,1,1,2,1,1,2,3,1,2
SF,IH2006,2020-04-28 09:35:12.200,2747.4000,22460,0,300525180.000,0,-,-,-,-,2746.8000,2746.6000,2746.2000,2746.0000,2745.8000,2747.4000,2747.6000,2747.8000,2748.0000,2748.2000,1,1,1,2,1,1,2,3,1,2
SF,IH2006,2020-04-28 09:35:12.700,2747.4000,22460,0,301349400.000,1,0,1,多换,S,2746.8000,2746.6000,2746.2000,2746.0000,2745.8000,2747.6000,2747.8000,2748.0000,2748.2000,2748.6000,1,1,1,2,1,3,3,1,2,1
SF,IH2006,2020-04-28 09:35:13.200,2747.4000,22460,0,301349400.000,0,-,-,-,-,2747.0000,2746.8000,2746.2000,2746.0000,2745.8000,2747.6000,2747.8000,2748.0000,2748.2000,2748.6000,1,1,1,2,1,3,3,1,2,1
SF,IH2006,2020-04-28 09:35:13.700,2747.4000,22460,0,301349400.000,0,-,-,-,-,2747.2000,2747.0000,2746.2000,2746.0000,2745.8000,2747.6000,2747.8000,2748.0000,2748.2000,2748.6000,1,1,1,2,1,3,3,1,2,1
SF,IH2006,2020-04-28 09:35:14.200,2747.2000,22455,-5,306294240.000,6,0,6,多平,S,2746.2000,2746.0000,2745.8000,2745.6000,2745.4000,2747.6000,2747.8000,2748.0000,2748.2000,2748.6000,1,2,1,1,1,3,4,1,2,1
SF,IH2006,2020-04-28 09:35:14.700,2747.2000,22455,0,306294240.000,0,-,-,-,-,2746.4000,2746.2000,2746.0000,2745.8000,2745.4000,2747.4000,2747.6000,2747.8000,2748.0000,2748.2000,6,1,2,1,1,1,3,4,1,2
SF,IH2006,2020-04-28 09:35:15.200,2747.2000,22455,0,306294240.000,0,-,-,-,-,2746.4000,2746.0000,2745.8000,2745.4000,2745.0000,2747.4000,2747.6000,2747.8000,2748.0000,2748.2000,6,1,1,1,2,1,4,4,1,2
SF,IH2006,2020-04-28 09:35:15.700,2747.2000,22455,0,306294240.000,0,-,-,-,-,2747.0000,2746.6000,2746.4000,2746.0000,2745.8000,2747.4000,2747.6000,2747.8000,2748.0000,2748.2000,1,1,5,1,1,1,4,4,1,2
SF,IH2006,2020-04-28 09:35:16.200,2747.0000,22455,0,307118340.000,1,0,1,多换,S,2746.6000,2746.4000,2746.0000,2745.8000,2745.4000,2747.4000,2747.6000,2747.8000,2748.0000,2748.2000,1,5,1,1,1,1,5,4,1,2
SF,IH2006,2020-04-28 09:35:16.700,2747.0000,22455,0,307118340.000,0,-,-,-,-,2746.4000,2746.0000,2745.8000,2745.4000,2745.0000,2747.4000,2747.6000,2747.8000,2748.0000,2748.2000,4,1,1,1,2,1,6,4,1,2
SF,IH2006,2020-04-28 09:35:17.200,2747.0000,22455,0,307118340.000,0,-,-,-,-,2746.4000,2746.0000,2745.8000,2745.4000,2745.0000,2747.4000,2747.6000,2747.8000,2748.0000,2748.2000,1,1,1,1,2,1,7,4,1,2
SF,IH2006,2020-04-28 09:35:19.200,2747.0000,22455,0,307118340.000,0,-,-,-,-,2746.4000,2746.0000,2745.8000,2745.4000,2745.0000,2747.4000,2747.6000,2747.8000,2748.0000,2748.2000,1,1,1,1,2,1,8,4,2,2
SF,IH2006,2020-04-28 09:35:19.700,2747.6000,22452,-3,312063960.000,6,1,5,多平,S,2746.8000,2746.6000,2746.4000,2746.2000,2746.0000,2747.6000,2747.8000,2748.0000,2748.2000,2748.6000,2,14,1,1,1,5,4,2,2,1
SF,IH2006,2020-04-28 09:35:20.200,2747.6000,22452,0,312063960.000,0,-,-,-,-,2747.0000,2746.6000,2746.4000,2746.0000,2745.8000,2747.4000,2747.6000,2747.8000,2748.0000,2748.2000,4,1,1,1,1,1,5,5,2,2
SF,IH2006,2020-04-28 09:35:20.700,2747.0000,22450,-2,315360360.000,4,1,3,多平,S,2746.6000,2746.4000,2745.8000,2745.4000,2745.0000,2747.6000,2747.8000,2748.0000,2748.2000,2748.6000,2,1,1,1,2,6,5,2,2,1
SF,IH2006,2020-04-28 09:35:21.200,2747.0000,22450,0,315360360.000,0,-,-,-,-,2746.8000,2746.6000,2745.8000,2745.4000,2745.0000,2747.4000,2747.6000,2747.8000,2748.0000,2748.2000,1,1,1,1,2,1,6,5,2,2
SF,IH2006,2020-04-28 09:35:21.700,2747.0000,22450,0,315360360.000,0,-,-,-,-,2746.8000,2746.6000,2745.8000,2745.4000,2745.0000,2747.4000,2747.6000,2747.8000,2748.0000,2748.2000,1,1,1,1,2,1,8,5,2,2
SF,IH2006,2020-04-28 09:35:22.200,2747.0000,22450,0,315360360.000,0,-,-,-,-,2746.8000,2746.6000,2745.8000,2745.4000,2745.0000,2747.4000,2747.6000,2747.8000,2748.0000,2748.2000,1,1,1,1,2,1,8,5,2,2
SF,IH2006,2020-04-28 09:35:23.700,2746.8000,22449,-1,316184400.000,1,0,1,双平,S,2746.6000,2745.8000,2745.4000,2745.0000,2744.6000,2747.6000,2747.8000,2748.0000,2748.2000,2748.6000,1,1,1,2,1,8,5,2,2,1
SF,IH2006,2020-04-28 09:35:24.200,2746.8000,22449,0,316184400.000,0,-,-,-,-,2746.8000,2746.6000,2745.8000,2745.4000,2745.0000,2747.4000,2747.6000,2747.8000,2748.0000,2748.2000,4,1,1,1,2,1,8,5,2,2
SF,IH2006,2020-04-28 09:35:24.700,2746.8000,22447,-2,317832480.000,2,0,2,双平,S,2746.6000,2745.8000,2745.4000,2745.0000,2744.6000,2746.8000,2747.6000,2747.8000,2748.0000,2748.2000,1,1,1,2,1,1,10,5,2,2
SF,IH2006,2020-04-28 09:35:25.200,2746.6000,22447,0,318656460.000,1,0,1,多换,S,2745.8000,2745.4000,2745.0000,2744.6000,2743.2000,2746.6000,2746.8000,2747.0000,2747.6000,2747.8000,1,1,2,1,1,1,1,1,10,5
SF,IH2006,2020-04-28 09:35:25.700,2746.8000,22445,-2,320304480.000,2,0,2,双平,S,2746.0000,2745.6000,2745.4000,2745.0000,2744.6000,2747.0000,2747.6000,2747.8000,2748.0000,2748.2000,3,4,1,2,1,1,10,5,2,2
SF,IH2006,2020-04-28 09:35:26.200,2746.8000,22445,0,320304480.000,0,-,-,-,-,2746.6000,2746.2000,2746.0000,2745.4000,2745.0000,2746.8000,2747.0000,2747.6000,2747.8000,2748.0000,1,4,1,1,2,1,1,10,5,2
SF,IH2006,2020-04-28 09:35:26.700,2746.6000,22444,-1,321128460.000,1,0,1,双平,S,2746.2000,2745.4000,2745.0000,2744.6000,2743.2000,2746.8000,2747.0000,2747.6000,2747.8000,2748.0000,4,1,2,1,1,1,2,10,5,2
SF,IH2006,2020-04-28 09:35:27.200,2746.6000,22444,0,321128460.000,0,-,-,-,-,2746.2000,2745.4000,2745.0000,2744.6000,2743.2000,2746.8000,2747.0000,2747.6000,2747.8000,2748.0000,1,1,2,1,1,1,2,10,5,2
SF,IH2006,2020-04-28 09:35:27.700,2746.2000,22443,-1,321952320.000,1,0,1,双平,S,2745.4000,2745.0000,2744.6000,2743.2000,2742.4000,2746.8000,2747.0000,2747.6000,2747.8000,2748.0000,1,2,1,1,1,1,2,10,5,2
SF,IH2006,2020-04-28 09:35:28.200,2746.2000,22443,0,321952320.000,0,-,-,-,-,2745.6000,2745.4000,2745.2000,2745.0000,2744.6000,2746.6000,2746.8000,2747.0000,2747.6000,2747.8000,5,1,1,2,1,1,1,2,10,5
SF,IH2006,2020-04-28 09:35:28.700,2746.2000,22443,0,321952320.000,0,-,-,-,-,2745.8000,2745.6000,2745.4000,2745.0000,2744.6000,2746.4000,2747.0000,2747.6000,2747.8000,2748.0000,3,2,1,2,1,1,2,10,5,2
SF,IH2006,2020-04-28 09:35:29.200,2746.2000,22443,0,321952320.000,0,-,-,-,-,2745.6000,2745.4000,2745.0000,2744.6000,2743.2000,2746.4000,2747.0000,2747.6000,2747.8000,2748.0000,2,1,2,1,1,1,2,10,5,2
SF,IH2006,2020-04-28 09:35:29.700,2745.6000,22442,-1,323599680.000,2,0,2,多平,S,2745.4000,2745.0000,2744.6000,2743.2000,2742.4000,2746.4000,2746.6000,2747.0000,2747.6000,2747.8000,1,2,1,1,1,1,1,2,10,5
SF,IH2006,2020-04-28 09:35:30.200,2745.4000,22441,-1,324423300.000,1,0,1,双平,S,2745.0000,2744.6000,2743.2000,2742.4000,2741.8000,2746.4000,2746.6000,2747.0000,2747.6000,2747.8000,2,1,1,1,2,1,2,2,10,5
SF,IH2006,2020-04-28 09:35:30.700,2745.4000,22441,0,324423300.000,0,-,-,-,-,2745.0000,2744.6000,2743.8000,2743.2000,2742.4000,2746.2000,2746.4000,2746.6000,2747.0000,2747.6000,2,1,2,1,1,1,1,2,2,10
SF,IH2006,2020-04-28 09:35:31.200,2745.4000,22441,0,324423300.000,0,-,-,-,-,2745.2000,2745.0000,2744.6000,2743.8000,2743.2000,2746.0000,2746.2000,2746.6000,2747.0000,2747.6000,2,2,1,2,1,1,1,2,2,10
SF,IH2006,2020-04-28 09:35:31.700,2745.4000,22441,0,324423300.000,0,-,-,-,-,2745.0000,2744.6000,2743.2000,2742.4000,2741.8000,2746.0000,2746.4000,2746.6000,2747.0000,2747.6000,2,1,1,1,2,1,1,2,2,10
SF,IH2006,2020-04-28 09:35:32.200,2745.4000,22441,0,324423300.000,0,-,-,-,-,2745.0000,2744.6000,2743.2000,2742.4000,2741.8000,2745.8000,2746.0000,2746.4000,2746.6000,2747.0000,2,1,1,1,2,1,1,1,2,2
SF,IH2006,2020-04-28 09:35:32.700,2745.0000,22440,-1,325246800.000,1,0,1,双平,S,2745.0000,2744.6000,2743.2000,2742.4000,2741.8000,2745.6000,2745.8000,2746.4000,2746.6000,2747.0000,1,1,1,1,2,1,1,1,2,2
SF,IH2006,2020-04-28 09:35:33.200,2745.0000,22440,0,325246800.000,0,-,-,-,-,2745.0000,2744.6000,2743.2000,2742.4000,2741.8000,2745.6000,2745.8000,2746.4000,2746.6000,2747.0000,1,1,1,1,2,1,1,1,2,2
SF,IH2006,2020-04-28 09:35:33.700,2745.0000,22440,0,325246800.000,0,-,-,-,-,2745.0000,2744.6000,2743.2000,2742.4000,2741.8000,2745.6000,2745.8000,2746.4000,2746.6000,2747.0000,2,1,1,1,2,1,1,1,2,2
SF,IH2006,2020-04-28 09:35:34.200,2745.0000,22440,0,325246800.000,0,-,-,-,-,2745.0000,2744.6000,2743.2000,2742.4000,2741.8000,2745.6000,2746.4000,2746.6000,2747.0000,2747.6000,2,1,1,1,2,1,1,2,2,10
SF,IH2006,2020-04-28 09:35:34.700,2745.6000,22439,-1,326070480.000,1,0,1,双平,S,2745.6000,2745.0000,2744.6000,2743.2000,2742.4000,2745.8000,2746.4000,2746.6000,2747.0000,2747.6000,1,2,1,1,1,1,1,2,2,10
SF,IH2006,2020-04-28 09:35:35.200,2745.6000,22438,-1,326894160.000,1,0,1,双平,S,2745.0000,2744.6000,2743.2000,2742.4000,2741.8000,2745.6000,2745.8000,2746.0000,2746.4000,2746.6000,2,1,1,1,2,2,1,1,1,2
SF,IH2006,2020-04-28 09:35:35.700,2745.6000,22438,0,326894160.000,0,-,-,-,-,2745.0000,2744.6000,2743.2000,2742.4000,2741.8000,2745.8000,2746.0000,2746.4000,2746.6000,2747.0000,2,1,1,1,2,1,1,1,2,2
SF,IH2006,2020-04-28 09:35:37.700,2746.0000,22437,-1,328541700.000,2,0,2,多平,S,2745.0000,2744.6000,2743.2000,2742.4000,2741.8000,2746.4000,2746.6000,2747.0000,2747.6000,2747.8000,2,1,1,1,2,1,2,2,10,5
SF,IH2006,2020-04-28 09:35:38.200,2746.0000,22437,0,328541700.000,0,-,-,-,-,2745.2000,2745.0000,2744.6000,2743.2000,2742.4000,2746.2000,2746.4000,2746.6000,2747.0000,2747.6000,1,2,1,1,1,2,1,2,2,10
SF,IH2006,2020-04-28 09:35:38.700,2746.0000,22437,0,328541700.000,0,-,-,-,-,2745.4000,2745.2000,2745.0000,2744.6000,2743.2000,2746.0000,2746.2000,2746.4000,2746.6000,2747.0000,1,1,2,1,1,1,2,1,2,2
SF,IH2006,2020-04-28 09:35:39.200,2746.0000,22436,-1,329365500.000,1,0,1,双平,S,2745.4000,2745.2000,2745.0000,2744.6000,2743.2000,2746.0000,2746.2000,2746.4000,2746.6000,2747.0000,1,1,2,1,1,1,1,1,2,2
SF,IH2006,2020-04-28 09:35:39.700,2746.0000,22436,0,329365500.000,0,-,-,-,-,2745.4000,2745.0000,2744.6000,2743.2000,2742.4000,2746.0000,2746.2000,2746.4000,2746.6000,2747.0000,1,2,1,1,1,1,2,1,2,2
SF,IH2006,2020-04-28 09:35:40.200,2745.4000,22435,-1,330189120.000,1,0,1,双平,S,2745.0000,2744.6000,2743.2000,2742.4000,2741.8000,2746.0000,2746.2000,2746.4000,2746.6000,2747.0000,2,1,1,1,2,1,3,1,2,2
SF,IH2006,2020-04-28 09:35:40.700,2745.0000,22435,0,331012620.000,1,0,1,多换,S,2745.0000,2744.6000,2743.2000,2742.4000,2741.8000,2745.8000,2746.0000,2746.2000,2746.4000,2746.6000,1,1,1,1,2,1,1,2,1,2
SF,IH2006,2020-04-28 09:35:41.200,2745.0000,22435,0,331836120.000,1,0,1,多换,S,2744.6000,2743.2000,2742.4000,2741.8000,2741.0000,2745.8000,2746.0000,2746.2000,2746.4000,2746.6000,1,1,1,2,1,1,1,2,1,2
SF,IH2006,2020-04-28 09:35:41.700,2745.0000,22435,0,331836120.000,0,-,-,-,-,2744.6000,2743.2000,2742.4000,2741.8000,2741.0000,2745.0000,2745.8000,2746.0000,2746.2000,2746.4000,1,1,1,2,1,1,1,1,2,1
SF,IH2006,2020-04-28 09:35:42.200,2745.0000,22434,-1,332659620.000,1,0,1,双平,S,2745.0000,2744.6000,2743.2000,2742.4000,2741.8000,2745.8000,2746.0000,2746.2000,2746.4000,2746.6000,2,1,1,1,2,1,1,2,1,2
SF,IH2006,2020-04-28 09:35:43.700,2745.0000,22434,0,332659620.000,0,-,-,-,-,2745.0000,2744.6000,2743.2000,2742.4000,2741.8000,2745.8000,2746.0000,2746.2000,2746.4000,2746.6000,2,2,1,1,2,1,1,2,1,2
SF,IH2006,2020-04-28 09:35:45.700,2745.0000,22434,0,332659620.000,0,-,-,-,-,2745.0000,2744.6000,2743.2000,2742.4000,2741.8000,2745.8000,2746.0000,2746.2000,2746.4000,2746.6000,2,2,1,1,2,1,1,3,1,2
SF,IH2006,2020-04-28 09:35:46.200,2745.0000,22434,0,332659620.000,0,-,-,-,-,2745.0000,2744.6000,2743.2000,2742.4000,2741.8000,2745.8000,2746.0000,2746.2000,2746.4000,2746.6000,2,2,1,1,2,1,3,3,1,2
SF,IH2006,2020-04-28 09:35:46.700,2745.0000,22434,0,332659620.000,0,-,-,-,-,2745.0000,2744.6000,2743.2000,2742.4000,2741.8000,2745.8000,2746.0000,2746.2000,2746.4000,2746.6000,2,2,1,1,2,1,3,3,1,2
SF,IH2006,2020-04-28 09:35:47.200,2745.0000,22434,0,332659620.000,0,-,-,-,-,2745.0000,2744.6000,2744.0000,2743.2000,2742.4000,2745.8000,2746.0000,2746.2000,2746.4000,2746.6000,2,2,2,1,1,11,3,3,1,2
SF,IH2006,2020-04-28 09:35:47.700,2745.8000,22434,0,333483360.000,1,0,1,多换,S,2745.0000,2744.6000,2743.8000,2743.2000,2742.4000,2745.8000,2746.0000,2746.2000,2746.4000,2746.6000,2,2,3,1,1,10,3,3,1,2
SF,IH2006,2020-04-28 09:35:48.200,2745.8000,22434,0,333483360.000,0,-,-,-,-,2745.2000,2745.0000,2744.6000,2743.8000,2743.2000,2745.8000,2746.0000,2746.2000,2746.4000,2746.6000,1,2,2,3,1,10,3,4,1,2
SF,IH2006,2020-04-28 09:35:48.700,2745.8000,22434,0,333483360.000,0,-,-,-,-,2745.2000,2745.0000,2744.6000,2743.2000,2742.4000,2745.8000,2746.0000,2746.2000,2746.4000,2746.6000,1,1,2,1,1,10,4,4,1,2
SF,IH2006,2020-04-28 09:35:49.700,2745.0000,22433,-1,334306860.000,1,0,1,双平,S,2744.6000,2743.2000,2742.4000,2741.8000,2741.0000,2745.8000,2746.0000,2746.2000,2746.4000,2746.6000,2,1,1,2,1,10,4,4,1,2
SF,IH2006,2020-04-28 09:35:50.200,2745.0000,22433,0,334306860.000,0,-,-,-,-,2744.8000,2744.6000,2743.6000,2743.2000,2742.4000,2745.6000,2745.8000,2746.0000,2746.2000,2746.4000,1,2,3,1,1,2,10,4,4,1
SF,IH2006,2020-04-28 09:35:50.700,2745.0000,22433,0,334306860.000,0,-,-,-,-,2744.8000,2744.6000,2743.6000,2743.2000,2742.4000,2745.8000,2746.0000,2746.2000,2746.4000,2746.6000,1,2,3,1,1,10,4,4,1,2
