市场代码,合约代码,时间,最新,持仓,增仓,成交额,成交量,开仓,平仓,成交类型,方向,买一价,买二价,买三价,买四价,买五价,卖一价,卖二价,卖三价,卖四价,卖五价,买一量,买二量,买三量,买四量,买五量,卖一量,卖二量,卖三量,卖四量,卖五量
SF,IH2006,2020-05-12 09:29:00.300,2825.2000,24080,0,19493880.000,23.000,-,-,-,-,2825.2000,2825.0000,2824.6000,2824.4000,2823.2000,2825.4000,2828.0000,2828.8000,2829.2000,2829.6000,1,1,4,5,1,4,1,1,1,1
SF,IH2006,2020-05-12 09:30:00.300,2828.0000,24080,0,24581160.000,6,3,3,多换,S,2828.6000,2826.0000,2825.4000,2825.2000,2825.0000,2828.8000,2829.2000,2829.6000,2829.8000,2832.2000,1,1,8,2,1,1,1,1,1,1
SF,IH2006,2020-05-12 09:30:00.800,2826.0000,24078,-2,27974700.000,4,1,3,多平,S,2826.0000,2825.4000,2825.2000,2825.0000,2824.6000,2828.2000,2828.4000,2828.6000,2828.8000,2829.0000,5,13,2,1,4,2,18,12,2,1
SF,IH2006,2020-05-12 09:30:01.300,2828.2000,24077,-1,31368540.000,4,1,3,多平,S,2827.4000,2826.4000,2826.2000,2826.0000,2825.4000,2828.0000,2828.6000,2828.8000,2829.2000,2829.6000,1,1,13,6,10,5,2,1,1,1
SF,IH2006,2020-05-12 09:30:01.800,2828.2000,24073,-4,36459360.000,6,1,5,多平,S,2828.6000,2828.2000,2827.8000,2827.6000,2827.4000,2828.8000,2829.2000,2829.6000,2829.8000,2832.2000,5,2,4,8,1,1,1,1,1,1
SF,IH2006,2020-05-12 09:30:02.300,2832.2000,24071,-2,41552880.000,6,2,4,多平,S,2830.0000,2829.2000,2829.0000,2828.8000,2828.4000,2833.0000,2834.6000,2837.0000,2838.4000,2838.6000,1,4,1,11,1,1,1,1,2,6
SF,IH2006,2020-05-12 09:30:02.800,2832.6000,24068,-3,46651320.000,6,1,5,多平,S,2830.6000,2830.2000,2830.0000,2829.6000,2829.2000,2832.8000,2833.0000,2837.0000,2838.4000,2838.6000,1,13,1,5,4,6,1,1,2,6
SF,IH2006,2020-05-12 09:30:03.300,2830.8000,24069,1,49199040.000,3,2,1,空开,S,2830.8000,2830.6000,2828.8000,2828.6000,2828.2000,2831.8000,2832.4000,2832.6000,2832.8000,2833.0000,10,3,1,1,9,1,1,4,6,2
SF,IH2006,2020-05-12 09:30:03.800,2830.8000,24065,-4,55143720.000,7,1,6,多平,S,2830.8000,2830.6000,2828.8000,2828.2000,2828.0000,2831.6000,2831.8000,2832.4000,2832.6000,2832.8000,1,1,1,8,2,8,2,1,7,2
SF,IH2006,2020-05-12 09:30:04.300,2831.4000,24063,-2,58540980.000,4,1,3,多平,S,2830.8000,2828.8000,2828.2000,2828.0000,2827.8000,2831.4000,2831.6000,2832.4000,2832.6000,2832.8000,1,1,8,2,1,3,7,2,2,2
SF,IH2006,2020-05-12 09:30:04.800,2830.8000,24060,-3,64486260.000,7,2,5,多平,S,2828.8000,2828.2000,2828.0000,2827.8000,2827.4000,2829.4000,2830.8000,2831.2000,2831.4000,2831.6000,1,8,2,1,1,1,1,2,2,1
SF,IH2006,2020-05-12 09:30:05.300,2831.4000,24052,-8,71280540.000,8,0,8,双平,S,2831.6000,2831.2000,2829.6000,2829.4000,2829.0000,2832.4000,2832.6000,2832.8000,2833.0000,2835.8000,5,1,2,3,7,2,2,1,1,1
SF,IH2006,2020-05-12 09:30:05.800,2828.2000,24038,-14,84864000.000,16,1,15,多平,S,2828.2000,2828.0000,2827.8000,2827.4000,2827.2000,2831.2000,2831.4000,2831.6000,2831.8000,2832.0000,7,2,1,1,2,1,3,6,2,2
SF,IH2006,2020-05-12 09:30:06.300,2828.4000,24037,-1,88258920.000,4,1,3,多平,S,2829.0000,2828.8000,2828.4000,2828.2000,2828.0000,2830.4000,2831.0000,2831.2000,2831.4000,2831.6000,4,2,3,7,2,1,10,1,3,7
SF,IH2006,2020-05-12 09:30:06.800,2828.4000,24037,0,88258920.000,0,-,-,-,-,2829.8000,2829.4000,2829.2000,2829.0000,2828.4000,2830.2000,2831.0000,2831.2000,2831.6000,2831.8000,1,4,4,4,2,3,8,1,1,1
SF,IH2006,2020-05-12 09:30:07.300,2828.4000,24037,0,88258920.000,0,-,-,-,-,2829.4000,2829.2000,2828.6000,2828.4000,2828.2000,2830.8000,2831.0000,2831.2000,2831.6000,2831.8000,2,2,1,2,7,1,8,1,1,1
SF,IH2006,2020-05-12 09:30:07.800,2828.4000,24036,-1,89107440.000,1,0,1,双平,S,2829.2000,2828.4000,2828.2000,2828.0000,2827.8000,2829.8000,2830.0000,2830.6000,2830.8000,2831.0000,1,2,7,2,1,2,3,9,2,1
SF,IH2006,2020-05-12 09:30:08.300,2829.6000,24033,-3,91653720.000,3,0,3,双平,S,2828.2000,2828.0000,2827.8000,2827.0000,2826.0000,2829.6000,2829.8000,2830.6000,2831.4000,2831.6000,7,2,1,1,1,5,3,5,1,1
SF,IH2006,2020-05-12 09:30:08.800,2829.6000,24033,0,91653720.000,0,-,-,-,-,2828.4000,2828.2000,2828.0000,2827.8000,2827.0000,2829.4000,2829.6000,2829.8000,2830.6000,2831.4000,1,7,2,1,1,3,5,2,5,1
SF,IH2006,2020-05-12 09:30:09.300,2829.6000,24033,0,91653720.000,0,-,-,-,-,2828.8000,2828.6000,2828.4000,2828.2000,2828.0000,2829.8000,2830.6000,2831.4000,2831.6000,2831.8000,1,1,6,7,2,2,4,1,1,1
SF,IH2006,2020-05-12 09:30:09.800,2828.2000,24032,-1,93350880.000,2,0,2,多平,S,2828.2000,2828.0000,2826.4000,2826.0000,2825.4000,2829.6000,2829.8000,2830.6000,2831.4000,2831.6000,5,2,1,1,5,2,3,3,1,1
SF,IH2006,2020-05-12 09:30:10.300,2828.2000,24032,0,94199340.000,1,0,1,多换,S,2828.2000,2828.0000,2826.4000,2826.0000,2825.4000,2829.4000,2829.6000,2829.8000,2830.6000,2831.2000,5,2,1,1,5,11,3,2,2,1
SF,IH2006,2020-05-12 09:30:10.800,2828.2000,24031,-1,95047800.000,1,0,1,双平,S,2828.2000,2828.0000,2826.4000,2825.4000,2825.2000,2829.2000,2829.4000,2829.8000,2830.6000,2831.2000,4,2,1,6,3,4,12,2,1,1
SF,IH2006,2020-05-12 09:30:11.300,2828.2000,24031,0,95047800.000,0,-,-,-,-,2828.2000,2828.0000,2826.4000,2825.4000,2825.2000,2829.0000,2829.2000,2829.4000,2829.8000,2830.6000,4,2,1,6,3,9,2,5,2,1
SF,IH2006,2020-05-12 09:30:11.800,2828.8000,24030,-1,95896440.000,1,0,1,双平,S,2828.2000,2828.0000,2826.4000,2825.4000,2825.2000,2828.8000,2829.0000,2829.4000,2829.8000,2830.6000,4,2,1,6,3,2,8,5,2,1
SF,IH2006,2020-05-12 09:30:12.300,2828.8000,24030,0,95896440.000,0,-,-,-,-,2828.2000,2828.0000,2826.4000,2825.4000,2825.2000,2828.6000,2828.8000,2829.0000,2829.4000,2829.8000,4,2,1,6,3,4,3,3,5,2
SF,IH2006,2020-05-12 09:30:12.800,2828.6000,24026,-4,99290880.000,4,0,4,双平,S,2828.6000,2828.2000,2828.0000,2826.4000,2825.4000,2828.8000,2829.0000,2829.4000,2829.8000,2830.6000,1,4,2,1,6,1,3,4,2,1
SF,IH2006,2020-05-12 09:30:13.300,2828.8000,24025,-1,100139520.000,1,0,1,双平,S,2828.6000,2828.2000,2828.0000,2826.4000,2825.4000,2829.0000,2829.4000,2829.8000,2830.6000,2831.2000,1,4,2,1,6,3,4,2,1,1
SF,IH2006,2020-05-12 09:30:13.800,2828.8000,24024,-1,100988160.000,1,0,1,双平,S,2828.2000,2828.0000,2826.4000,2825.4000,2825.2000,2829.0000,2829.4000,2829.8000,2830.6000,2831.2000,4,1,1,6,3,3,3,2,1,1
SF,IH2006,2020-05-12 09:30:14.300,2829.0000,24021,-3,105231660.000,5,1,4,多平,S,2829.0000,2828.4000,2828.2000,2828.0000,2826.4000,2829.4000,2829.8000,2830.6000,2831.2000,2831.4000,1,1,4,1,1,3,2,1,1,1
SF,IH2006,2020-05-12 09:30:14.800,2828.2000,24022,1,107777280.000,3,2,1,空开,S,2828.2000,2828.0000,2826.4000,2825.4000,2825.2000,2829.2000,2829.4000,2829.8000,2830.6000,2831.2000,2,1,1,6,3,1,3,2,1,1
SF,IH2006,2020-05-12 09:30:15.300,2828.2000,24022,0,107777280.000,0,-,-,-,-,2828.2000,2828.0000,2826.4000,2825.4000,2825.2000,2829.0000,2829.4000,2829.8000,2830.6000,2831.2000,2,1,1,6,3,3,3,2,1,1
SF,IH2006,2020-05-12 09:30:15.800,2828.2000,24022,0,107777280.000,0,-,-,-,-,2829.0000,2828.2000,2828.0000,2826.4000,2825.4000,2829.4000,2829.8000,2830.6000,2831.2000,2831.4000,1,3,1,1,6,3,2,1,1,1
SF,IH2006,2020-05-12 09:30:16.300,2829.4000,24018,-4,111172440.000,4,0,4,双平,S,2829.4000,2828.2000,2828.0000,2826.4000,2825.4000,2829.8000,2830.6000,2831.2000,2831.4000,2831.8000,1,3,1,1,6,2,1,1,1,1
SF,IH2006,2020-05-12 09:30:16.800,2829.4000,24017,-1,112021260.000,1,0,1,双平,S,2828.2000,2828.0000,2826.4000,2825.4000,2825.2000,2829.4000,2829.8000,2830.6000,2831.2000,2831.8000,3,1,1,6,3,2,2,1,1,1
SF,IH2006,2020-05-12 09:30:17.300,2829.4000,24017,0,113718900.000,2,1,1,多换,S,2828.4000,2828.2000,2828.0000,2826.4000,2825.4000,2829.4000,2830.6000,2831.2000,2831.8000,2832.0000,1,3,1,1,6,1,1,1,1,1
SF,IH2006,2020-05-12 09:30:18.300,2828.2000,24016,-1,115415880.000,2,0,2,多平,S,2828.2000,2828.0000,2826.4000,2825.4000,2825.2000,2828.4000,2830.6000,2831.2000,2831.8000,2832.0000,2,1,1,6,3,1,1,1,1,1
SF,IH2006,2020-05-12 09:30:18.800,2828.4000,24015,-1,116264400.000,1,0,1,双平,S,2828.4000,2828.2000,2826.4000,2825.4000,2825.2000,2830.6000,2831.2000,2831.8000,2832.0000,2832.2000,1,2,1,6,3,1,1,1,1,2
SF,IH2006,2020-05-12 09:30:19.300,2828.4000,24015,0,116264400.000,0,-,-,-,-,2828.6000,2828.2000,2826.4000,2825.4000,2825.2000,2829.2000,2829.4000,2829.6000,2830.2000,2830.4000,4,2,1,6,3,1,1,1,2,14
SF,IH2006,2020-05-12 09:30:19.800,2828.6000,24014,-1,117961500.000,2,0,2,多平,S,2828.2000,2826.4000,2825.4000,2825.2000,2823.2000,2829.0000,2829.2000,2829.4000,2830.2000,2830.4000,2,1,6,3,1,1,1,1,1,15
SF,IH2006,2020-05-12 09:30:20.300,2828.6000,24013,-1,118810080.000,1,0,1,双平,S,2828.2000,2826.4000,2825.4000,2825.2000,2823.2000,2829.0000,2829.2000,2829.4000,2830.2000,2830.4000,2,1,6,3,1,2,1,1,1,15
SF,IH2006,2020-05-12 09:30:20.800,2828.2000,24012,-1,120507000.000,2,0,2,多平,S,2826.4000,2825.4000,2825.2000,2823.2000,2823.0000,2828.8000,2829.0000,2829.2000,2829.4000,2830.2000,1,6,3,1,1,7,2,1,1,1
SF,IH2006,2020-05-12 09:30:21.300,2828.6000,24012,0,121355580.000,1,0,1,多换,S,2826.6000,2826.4000,2825.4000,2825.2000,2823.2000,2828.6000,2828.8000,2829.2000,2829.4000,2829.6000,8,1,6,3,1,3,5,1,1,1
SF,IH2006,2020-05-12 09:30:21.800,2828.6000,24012,0,121355580.000,0,-,-,-,-,2828.0000,2826.8000,2826.6000,2826.4000,2825.4000,2828.4000,2828.6000,2828.8000,2829.2000,2829.4000,1,4,11,1,5,4,2,1,1,1
SF,IH2006,2020-05-12 09:30:22.300,2828.2000,24013,1,122204040.000,1,1,0,双开,S,2828.0000,2826.8000,2826.6000,2825.4000,2825.2000,2829.4000,2829.6000,2830.4000,2830.6000,2831.2000,1,2,4,5,3,1,1,5,1,1
SF,IH2006,2020-05-12 09:30:22.800,2828.2000,24013,0,122204040.000,0,-,-,-,-,2828.0000,2826.8000,2826.6000,2825.6000,2825.4000,2828.4000,2828.8000,2829.2000,2829.4000,2830.4000,1,1,4,1,5,1,2,15,2,5
SF,IH2006,2020-05-12 09:30:23.300,2828.2000,24013,0,122204040.000,0,-,-,-,-,2828.0000,2826.8000,2826.6000,2825.6000,2825.4000,2828.2000,2828.4000,2828.8000,2829.2000,2829.4000,2,1,4,1,5,2,1,2,9,2
SF,IH2006,2020-05-12 09:30:23.800,2826.6000,24008,-5,127293300.000,6,0,6,多平,S,2828.2000,2826.6000,2825.6000,2825.4000,2825.2000,2828.4000,2828.8000,2829.2000,2829.4000,2830.4000,1,2,1,5,3,1,1,3,2,5
SF,IH2006,2020-05-12 09:30:24.300,2828.4000,24007,-1,128141820.000,1,0,1,双平,S,2826.6000,2825.6000,2825.4000,2825.2000,2823.2000,2828.2000,2828.8000,2829.2000,2829.4000,2830.4000,2,1,4,3,1,1,1,3,2,5
SF,IH2006,2020-05-12 09:30:24.800,2828.2000,24006,-1,130687260.000,3,1,2,多平,S,2826.8000,2826.6000,2825.6000,2825.4000,2825.2000,2828.0000,2828.8000,2829.2000,2829.4000,2830.4000,9,2,1,4,3,4,1,2,2,6
SF,IH2006,2020-05-12 09:30:25.300,2828.0000,24003,-3,133232460.000,3,0,3,双平,S,2828.0000,2827.2000,2827.0000,2826.8000,2825.6000,2829.2000,2829.4000,2830.4000,2830.6000,2830.8000,3,1,7,10,1,2,1,6,1,1
SF,IH2006,2020-05-12 09:30:25.800,2829.0000,24003,0,134081160.000,1,0,1,多换,S,2828.2000,2828.0000,2827.2000,2827.0000,2826.8000,2829.4000,2830.4000,2830.6000,2830.8000,2831.2000,2,3,1,7,2,1,6,1,1,1
SF,IH2006,2020-05-12 09:30:26.300,2829.0000,24003,0,134081160.000,0,-,-,-,-,2828.4000,2828.2000,2828.0000,2827.4000,2827.2000,2829.2000,2829.4000,2830.4000,2830.6000,2830.8000,1,2,3,1,1,1,1,6,1,1
SF,IH2006,2020-05-12 09:30:26.800,2829.0000,24003,0,134081160.000,0,-,-,-,-,2828.6000,2828.0000,2827.2000,2827.0000,2826.8000,2829.2000,2829.4000,2830.4000,2830.6000,2830.8000,2,4,1,4,1,4,1,6,1,1
SF,IH2006,2020-05-12 09:30:27.300,2829.0000,24003,0,134081160.000,0,-,-,-,-,2828.6000,2828.0000,2827.2000,2827.0000,2825.6000,2829.4000,2830.4000,2830.6000,2830.8000,2831.2000,2,4,1,4,1,1,6,1,1,1
SF,IH2006,2020-05-12 09:30:27.800,2829.0000,24003,0,134929860.000,1,0,1,多换,S,2828.8000,2828.6000,2828.0000,2827.2000,2827.0000,2829.4000,2830.4000,2830.6000,2830.8000,2831.2000,1,2,4,1,4,1,6,1,1,1
SF,IH2006,2020-05-12 09:30:28.300,2829.0000,24003,0,134929860.000,0,-,-,-,-,2829.0000,2828.8000,2828.0000,2827.2000,2827.0000,2829.4000,2830.4000,2830.6000,2830.8000,2831.2000,2,1,4,1,4,1,6,1,1,1
SF,IH2006,2020-05-12 09:30:28.800,2829.0000,24003,0,135778560.000,1,0,1,多换,S,2829.0000,2828.0000,2827.2000,2827.0000,2825.6000,2829.4000,2830.4000,2830.6000,2830.8000,2831.2000,1,5,1,4,1,1,6,1,1,1
SF,IH2006,2020-05-12 09:30:29.300,2829.4000,24001,-2,137476200.000,2,0,2,双平,S,2829.0000,2828.0000,2827.4000,2827.2000,2827.0000,2830.4000,2830.6000,2830.8000,2831.2000,2831.8000,1,5,1,2,4,6,1,1,1,1
SF,IH2006,2020-05-12 09:30:29.800,2829.4000,24001,0,137476200.000,0,-,-,-,-,2829.0000,2828.0000,2827.4000,2827.2000,2827.0000,2830.0000,2830.2000,2830.4000,2830.6000,2830.8000,2,5,1,2,4,1,8,6,1,1
SF,IH2006,2020-05-12 09:30:30.300,2829.4000,24001,0,137476200.000,0,-,-,-,-,2829.2000,2829.0000,2828.0000,2827.4000,2827.2000,2829.8000,2830.0000,2830.2000,2830.4000,2830.6000,1,2,5,1,2,5,1,1,1,1
SF,IH2006,2020-05-12 09:30:30.800,2829.4000,24001,0,137476200.000,0,-,-,-,-,2829.4000,2828.0000,2827.4000,2827.2000,2827.0000,2829.8000,2830.0000,2830.2000,2830.4000,2830.6000,1,4,1,2,4,1,1,1,1,1
SF,IH2006,2020-05-12 09:30:31.800,2829.8000,24000,-1,138325140.000,1,0,1,双平,S,2829.4000,2828.0000,2827.4000,2827.2000,2827.0000,2830.4000,2830.6000,2830.8000,2831.2000,2831.8000,1,4,1,2,4,1,1,1,1,1
SF,IH2006,2020-05-12 09:30:32.300,2829.8000,24000,0,138325140.000,0,-,-,-,-,2829.6000,2829.4000,2828.0000,2827.4000,2827.2000,2830.4000,2830.8000,2831.2000,2831.8000,2832.4000,1,1,4,1,2,1,1,1,1,1
SF,IH2006,2020-05-12 09:30:32.800,2829.8000,24000,0,138325140.000,0,-,-,-,-,2829.8000,2828.2000,2828.0000,2827.4000,2827.2000,2830.4000,2830.8000,2831.2000,2831.8000,2832.4000,1,1,2,1,1,2,1,1,1,1
SF,IH2006,2020-05-12 09:30:33.300,2829.8000,24000,0,139174080.000,1,0,1,多换,S,2829.8000,2828.2000,2828.0000,2827.4000,2827.2000,2830.4000,2830.8000,2831.0000,2831.8000,2832.4000,1,1,2,1,2,2,1,1,1,1
SF,IH2006,2020-05-12 09:30:33.800,2829.8000,24000,0,139174080.000,0,-,-,-,-,2828.2000,2828.0000,2827.4000,2827.2000,2827.0000,2830.2000,2830.4000,2830.8000,2831.0000,2831.8000,1,2,1,2,5,2,2,1,1,1
SF,IH2006,2020-05-12 09:30:34.300,2829.8000,24000,0,139174080.000,0,-,-,-,-,2829.8000,2829.2000,2828.4000,2828.2000,2828.0000,2830.0000,2830.4000,2830.8000,2831.0000,2831.8000,1,1,13,1,2,7,2,1,1,1
SF,IH2006,2020-05-12 09:30:34.800,2829.8000,24000,0,140023020.000,1,0,1,多换,S,2829.2000,2828.4000,2828.0000,2827.4000,2827.2000,2829.8000,2830.4000,2830.8000,2831.0000,2831.8000,1,6,2,1,2,1,1,1,1,1
SF,IH2006,2020-05-12 09:30:35.300,2829.8000,24000,0,140023020.000,0,-,-,-,-,2829.2000,2828.4000,2828.0000,2827.6000,2827.4000,2829.8000,2830.0000,2830.4000,2830.8000,2831.0000,1,4,2,1,1,1,1,1,1,1
SF,IH2006,2020-05-12 09:30:35.800,2829.8000,24000,0,140023020.000,0,-,-,-,-,2829.4000,2829.2000,2828.4000,2828.0000,2827.6000,2829.8000,2830.0000,2830.4000,2830.8000,2831.0000,1,1,4,2,1,1,1,1,1,1
SF,IH2006,2020-05-12 09:30:36.300,2830.0000,23999,-1,140872020.000,1,0,1,双平,S,2829.8000,2829.6000,2829.2000,2828.4000,2828.0000,2830.4000,2830.8000,2831.0000,2831.8000,2832.4000,1,1,1,4,2,1,1,1,1,1
SF,IH2006,2020-05-12 09:30:36.800,2830.0000,23999,0,140872020.000,0,-,-,-,-,2829.8000,2829.6000,2829.2000,2828.4000,2828.2000,2830.4000,2830.8000,2831.0000,2831.8000,2832.4000,1,1,1,4,1,1,2,1,1,1
SF,IH2006,2020-05-12 09:30:37.300,2830.4000,23999,0,141721140.000,1,0,1,多换,S,2830.0000,2829.8000,2829.2000,2828.4000,2828.2000,2830.8000,2831.0000,2831.8000,2832.4000,2833.0000,1,1,1,4,1,2,1,1,1,1
SF,IH2006,2020-05-12 09:30:38.300,2830.4000,23999,0,141721140.000,0,-,-,-,-,2830.0000,2829.8000,2829.2000,2828.4000,2828.2000,2830.8000,2831.0000,2831.8000,2832.4000,2833.0000,2,1,1,4,1,2,1,1,1,1
SF,IH2006,2020-05-12 09:30:39.300,2830.4000,23999,0,141721140.000,0,-,-,-,-,2830.0000,2829.8000,2829.2000,2828.4000,2828.2000,2830.8000,2831.0000,2831.8000,2832.4000,2833.0000,2,1,1,4,1,2,1,1,1,1
SF,IH2006,2020-05-12 09:30:39.800,2830.4000,23999,0,141721140.000,0,-,-,-,-,2830.0000,2829.8000,2829.2000,2828.6000,2828.4000,2830.8000,2831.0000,2831.8000,2832.4000,2833.0000,2,1,1,2,4,2,1,1,1,1
SF,IH2006,2020-05-12 09:30:40.300,2830.4000,23999,0,141721140.000,0,-,-,-,-,2830.0000,2829.8000,2829.2000,2828.6000,2828.4000,2830.8000,2831.0000,2831.8000,2832.4000,2833.0000,2,1,1,2,4,2,1,1,1,1
SF,IH2006,2020-05-12 09:30:40.800,2830.4000,23999,0,141721140.000,0,-,-,-,-,2830.2000,2830.0000,2829.8000,2829.2000,2828.6000,2830.8000,2831.0000,2831.8000,2832.4000,2833.0000,1,2,1,1,2,2,1,1,1,1
SF,IH2006,2020-05-12 09:30:41.300,2830.4000,23999,0,141721140.000,0,-,-,-,-,2830.0000,2829.8000,2829.2000,2828.6000,2828.4000,2830.8000,2831.0000,2831.8000,2832.4000,2833.0000,1,1,1,2,4,2,1,1,1,1
SF,IH2006,2020-05-12 09:30:41.800,2830.4000,23998,-1,142570260.000,1,0,1,双平,S,2830.0000,2829.8000,2829.2000,2828.6000,2828.4000,2830.8000,2831.0000,2831.8000,2832.4000,2833.0000,1,1,1,2,4,2,1,1,1,1
SF,IH2006,2020-05-12 09:30:42.300,2830.8000,23997,-1,144268740.000,2,0,2,多平,S,2830.0000,2829.8000,2829.2000,2828.4000,2828.2000,2831.0000,2831.8000,2832.4000,2833.0000,2833.6000,1,1,1,4,1,1,1,1,1,1
SF,IH2006,2020-05-12 09:30:42.800,2830.8000,23997,0,144268740.000,0,-,-,-,-,2830.8000,2830.2000,2830.0000,2829.8000,2829.2000,2831.0000,2831.8000,2832.4000,2833.0000,2833.6000,2,1,1,1,1,1,1,1,1,1
SF,IH2006,2020-05-12 09:30:43.300,2831.0000,23995,-2,145967280.000,2,0,2,双平,S,2831.0000,2830.8000,2830.2000,2830.0000,2829.8000,2831.8000,2832.4000,2833.0000,2833.6000,2834.6000,1,1,3,1,1,1,1,1,1,1
SF,IH2006,2020-05-12 09:30:43.800,2831.0000,23994,-1,146816580.000,1,0,1,双平,S,2830.8000,2830.2000,2830.0000,2829.8000,2829.2000,2831.8000,2832.4000,2833.0000,2833.6000,2834.6000,1,3,1,1,1,1,1,1,1,1
SF,IH2006,2020-05-12 09:30:44.300,2831.0000,23994,0,146816580.000,0,-,-,-,-,2830.8000,2830.2000,2830.0000,2829.8000,2829.2000,2831.8000,2832.4000,2833.0000,2833.6000,2834.6000,1,2,1,1,1,1,1,1,1,1
SF,IH2006,2020-05-12 09:30:44.800,2831.0000,23994,0,146816580.000,0,-,-,-,-,2830.8000,2830.2000,2829.8000,2829.6000,2829.2000,2831.2000,2831.8000,2832.4000,2833.0000,2833.6000,1,2,1,1,1,1,1,1,1,1
SF,IH2006,2020-05-12 09:30:45.300,2830.8000,23993,-1,147665820.000,1,0,1,双平,S,2830.8000,2830.2000,2829.8000,2829.2000,2828.4000,2831.2000,2831.8000,2832.4000,2833.0000,2833.6000,1,2,1,1,2,1,2,1,1,1
SF,IH2006,2020-05-12 09:30:45.800,2830.8000,23993,0,148515060.000,1,0,1,多换,S,2830.2000,2829.8000,2829.2000,2828.4000,2828.2000,2830.8000,2831.2000,2831.8000,2832.4000,2833.0000,2,1,1,2,1,1,1,2,1,1
SF,IH2006,2020-05-12 09:30:46.300,2831.2000,23992,-1,149364420.000,1,0,1,双平,S,2831.2000,2830.8000,2830.4000,2829.8000,2829.2000,2831.8000,2832.4000,2833.0000,2833.6000,2834.6000,1,2,1,1,1,2,1,1,1,1
SF,IH2006,2020-05-12 09:30:46.800,2831.0000,23989,-3,152761620.000,4,0,4,多平,S,2830.8000,2829.8000,2829.2000,2828.4000,2828.2000,2831.0000,2831.2000,2831.6000,2831.8000,2832.4000,1,1,1,2,1,3,1,3,3,1
SF,IH2006,2020-05-12 09:30:47.300,2830.8000,23988,-1,153610860.000,1,0,1,双平,S,2829.8000,2829.2000,2828.4000,2828.2000,2828.0000,2830.8000,2831.2000,2831.8000,2832.4000,2833.0000,1,1,2,1,7,1,1,3,1,1
SF,IH2006,2020-05-12 09:30:47.800,2830.8000,23986,-2,155309340.000,2,0,2,双平,S,2830.0000,2829.8000,2829.2000,2828.4000,2828.2000,2831.8000,2832.4000,2833.0000,2833.6000,2834.6000,4,1,1,2,1,2,1,1,1,1
SF,IH2006,2020-05-12 09:30:48.300,2830.8000,23986,0,155309340.000,0,-,-,-,-,2830.2000,2830.0000,2829.8000,2829.2000,2828.2000,2830.8000,2831.6000,2831.8000,2832.4000,2833.0000,7,5,1,1,1,1,3,2,1,1
SF,IH2006,2020-05-12 09:30:48.800,2830.8000,23986,0,155309340.000,0,-,-,-,-,2830.4000,2830.0000,2829.8000,2829.2000,2828.2000,2831.6000,2831.8000,2832.4000,2833.0000,2833.6000,2,3,1,1,1,1,2,1,1,1
SF,IH2006,2020-05-12 09:30:49.300,2830.8000,23986,0,155309340.000,0,-,-,-,-,2830.8000,2830.4000,2830.0000,2829.8000,2829.2000,2831.6000,2831.8000,2832.4000,2833.0000,2833.6000,1,3,2,1,1,1,2,1,1,1
SF,IH2006,2020-05-12 09:30:49.800,2830.8000,23986,0,155309340.000,0,-,-,-,-,2830.8000,2830.4000,2830.0000,2829.8000,2829.2000,2831.6000,2831.8000,2832.4000,2833.0000,2834.6000,1,1,2,1,1,1,2,1,1,1
SF,IH2006,2020-05-12 09:30:50.300,2831.6000,23985,-1,156158820.000,1,0,1,双平,S,2831.6000,2830.8000,2830.4000,2830.0000,2829.8000,2831.8000,2832.4000,2833.0000,2834.6000,2835.0000,3,1,1,2,1,2,1,1,1,1
SF,IH2006,2020-05-12 09:30:50.800,2831.6000,23982,-3,160406220.000,5,1,4,多平,S,2830.8000,2830.4000,2830.0000,2829.8000,2829.2000,2831.4000,2831.6000,2831.8000,2832.4000,2833.0000,1,1,2,1,1,1,6,2,1,1
SF,IH2006,2020-05-12 09:30:51.300,2831.6000,23982,0,160406220.000,0,-,-,-,-,2830.8000,2830.4000,2830.0000,2829.8000,2829.2000,2831.4000,2831.6000,2831.8000,2832.4000,2833.0000,1,1,2,1,1,1,6,2,1,1
SF,IH2006,2020-05-12 09:30:51.800,2831.4000,23981,-1,162104880.000,2,0,2,多平,S,2830.4000,2830.0000,2829.8000,2829.2000,2829.0000,2831.6000,2831.8000,2832.4000,2832.8000,2833.0000,1,2,1,1,1,3,2,1,1,1
SF,IH2006,2020-05-12 09:30:52.300,2829.8000,23973,-8,172293960.000,12,2,10,多平,S,2829.2000,2829.0000,2828.6000,2828.2000,2828.0000,2829.8000,2831.6000,2831.8000,2832.4000,2832.8000,1,1,1,1,1,4,2,2,1,1
SF,IH2006,2020-05-12 09:30:52.800,2829.8000,23969,-4,175689720.000,4,0,4,双平,S,2829.8000,2829.6000,2829.4000,2829.2000,2829.0000,2831.4000,2831.6000,2831.8000,2832.4000,2832.8000,5,1,10,1,1,2,2,2,1,1
SF,IH2006,2020-05-12 09:30:53.300,2829.8000,23968,-1,176538660.000,1,0,1,双平,S,2830.0000,2829.8000,2829.4000,2829.2000,2829.0000,2831.2000,2831.4000,2831.6000,2831.8000,2832.4000,9,4,6,1,2,1,1,2,2,1
SF,IH2006,2020-05-12 09:30:53.800,2829.8000,23968,0,176538660.000,0,-,-,-,-,2830.0000,2829.8000,2829.4000,2829.2000,2829.0000,2831.4000,2831.6000,2831.8000,2832.4000,2832.8000,7,4,1,1,2,1,2,2,2,1
SF,IH2006,2020-05-12 09:30:54.300,2829.8000,23968,0,176538660.000,0,-,-,-,-,2830.2000,2830.0000,2829.8000,2829.4000,2829.2000,2831.2000,2831.6000,2831.8000,2832.4000,2832.8000,1,5,4,1,1,1,3,2,2,1
SF,IH2006,2020-05-12 09:30:54.800,2829.8000,23968,0,177387600.000,1,0,1,多换,S,2831.2000,2830.2000,2830.0000,2829.8000,2829.4000,2831.4000,2831.6000,2831.8000,2832.4000,2832.8000,1,1,2,4,1,1,3,2,2,1
SF,IH2006,2020-05-12 09:30:55.300,2831.2000,23965,-3,179935680.000,3,0,3,双平,S,2830.2000,2830.0000,2829.8000,2829.4000,2829.2000,2831.2000,2831.4000,2831.6000,2831.8000,2832.4000,1,2,4,1,1,2,1,3,2,2
SF,IH2006,2020-05-12 09:30:55.800,2831.2000,23964,-1,180785040.000,1,0,1,双平,S,2831.2000,2830.2000,2830.0000,2829.8000,2829.4000,2831.4000,2831.6000,2831.8000,2832.4000,2832.8000,1,2,2,4,1,1,3,2,2,1
SF,IH2006,2020-05-12 09:30:56.300,2830.2000,23962,-2,182483460.000,2,0,2,双平,S,2830.2000,2830.0000,2829.8000,2829.4000,2829.2000,2831.2000,2831.4000,2831.6000,2831.8000,2832.4000,1,2,4,1,1,4,1,3,2,2
SF,IH2006,2020-05-12 09:30:56.800,2831.2000,23960,-2,184182180.000,2,0,2,双平,S,2830.2000,2830.0000,2829.8000,2829.4000,2829.2000,2831.2000,2831.4000,2831.6000,2831.8000,2832.4000,3,2,2,1,1,2,1,3,2,2
SF,IH2006,2020-05-12 09:30:57.300,2831.2000,23960,0,184182180.000,0,-,-,-,-,2830.2000,2829.8000,2829.4000,2829.2000,2829.0000,2831.2000,2831.4000,2831.6000,2831.8000,2832.4000,3,2,1,1,2,1,1,3,2,2
SF,IH2006,2020-05-12 09:30:57.800,2831.2000,23960,0,184182180.000,0,-,-,-,-,2830.2000,2829.8000,2829.4000,2829.2000,2829.0000,2831.2000,2831.4000,2831.6000,2831.8000,2832.4000,3,2,1,1,2,1,2,3,2,2
SF,IH2006,2020-05-12 09:30:58.300,2831.2000,23960,0,184182180.000,0,-,-,-,-,2830.4000,2830.2000,2829.8000,2829.4000,2829.2000,2831.2000,2831.4000,2831.6000,2831.8000,2832.4000,1,3,2,1,1,1,2,2,2,2
SF,IH2006,2020-05-12 09:30:59.300,2830.4000,23959,-1,185031300.000,1,0,1,双平,S,2830.2000,2829.8000,2829.4000,2829.2000,2829.0000,2831.4000,2831.6000,2831.8000,2832.4000,2832.8000,3,2,1,1,2,2,2,2,2,1
SF,IH2006,2020-05-12 09:30:59.800,2830.4000,23959,0,185031300.000,0,-,-,-,-,2830.2000,2829.8000,2829.4000,2829.2000,2829.0000,2831.4000,2831.6000,2831.8000,2832.4000,2832.8000,3,2,1,1,2,2,2,2,2,1
SF,IH2006,2020-05-12 09:31:00.300,2830.4000,23958,-1,185880420.000,1,0,1,双平,S,2830.2000,2829.8000,2829.4000,2829.2000,2829.0000,2831.2000,2831.4000,2831.6000,2831.8000,2832.4000,3,2,1,1,2,3,3,2,2,2
SF,IH2006,2020-05-12 09:31:00.800,2830.4000,23958,0,185880420.000,0,-,-,-,-,2830.2000,2829.8000,2829.4000,2829.2000,2829.0000,2831.2000,2831.4000,2831.6000,2831.8000,2832.4000,3,2,1,1,2,1,2,2,2,2
SF,IH2006,2020-05-12 09:31:01.300,2830.4000,23958,0,185880420.000,0,-,-,-,-,2830.2000,2829.8000,2829.4000,2829.2000,2829.0000,2830.8000,2831.2000,2831.4000,2831.6000,2831.8000,3,2,1,1,2,1,1,2,2,2
SF,IH2006,2020-05-12 09:31:01.800,2830.8000,23958,0,186729660.000,1,0,1,多换,S,2830.2000,2829.8000,2829.4000,2829.2000,2829.0000,2831.2000,2831.4000,2831.6000,2831.8000,2832.4000,3,2,1,1,2,1,2,2,2,2
SF,IH2006,2020-05-12 09:31:02.300,2830.2000,23958,0,187578720.000,1,0,1,多换,S,2830.2000,2830.0000,2829.8000,2829.4000,2829.2000,2831.2000,2831.4000,2831.6000,2831.8000,2832.4000,2,1,2,1,1,2,2,2,2,2
SF,IH2006,2020-05-12 09:31:02.800,2830.2000,23959,1,189276840.000,2,1,1,空开,S,2830.0000,2829.8000,2829.4000,2829.2000,2829.0000,2831.2000,2831.4000,2831.6000,2831.8000,2832.4000,1,2,1,1,2,3,2,2,2,2
SF,IH2006,2020-05-12 09:31:03.300,2830.0000,23959,0,190125840.000,1,0,1,多换,S,2829.8000,2829.4000,2829.2000,2829.0000,2828.6000,2830.2000,2831.0000,2831.2000,2831.4000,2831.6000,2,1,1,2,1,1,7,2,2,2
SF,IH2006,2020-05-12 09:31:03.800,2829.4000,23956,-3,192672540.000,3,0,3,双平,S,2829.2000,2829.0000,2828.6000,2828.2000,2828.0000,2830.2000,2831.0000,2831.2000,2831.4000,2831.6000,1,1,1,1,2,1,9,2,2,2
SF,IH2006,2020-05-12 09:31:04.300,2829.4000,23956,0,192672540.000,0,-,-,-,-,2829.4000,2829.2000,2829.0000,2828.6000,2828.2000,2830.2000,2831.0000,2831.2000,2831.4000,2831.6000,1,1,1,1,1,1,9,2,2,2
SF,IH2006,2020-05-12 09:31:04.800,2829.4000,23956,0,192672540.000,0,-,-,-,-,2829.4000,2829.2000,2829.0000,2828.6000,2828.2000,2830.2000,2831.0000,2831.2000,2831.4000,2831.6000,1,1,1,1,1,1,4,2,2,2
SF,IH2006,2020-05-12 09:31:05.300,2830.2000,23956,0,193521600.000,1,0,1,多换,S,2830.2000,2829.4000,2829.2000,2829.0000,2828.6000,2831.0000,2831.2000,2831.4000,2831.6000,2831.8000,1,1,1,1,1,4,2,2,2,2
SF,IH2006,2020-05-12 09:31:05.800,2830.2000,23956,0,193521600.000,0,-,-,-,-,2830.2000,2829.2000,2829.0000,2828.6000,2828.2000,2830.8000,2831.0000,2831.2000,2831.4000,2831.6000,1,1,1,1,1,2,4,1,2,2
SF,IH2006,2020-05-12 09:31:06.300,2830.2000,23956,0,193521600.000,0,-,-,-,-,2830.2000,2829.2000,2829.0000,2828.6000,2828.2000,2830.8000,2831.0000,2831.2000,2831.4000,2831.6000,1,1,1,1,1,1,4,1,2,2
SF,IH2006,2020-05-12 09:31:06.800,2830.2000,23956,0,193521600.000,0,-,-,-,-,2830.2000,2829.2000,2829.0000,2828.6000,2828.2000,2830.8000,2831.0000,2831.2000,2831.4000,2831.6000,1,2,1,1,1,1,4,1,2,2
SF,IH2006,2020-05-12 09:31:07.300,2830.2000,23956,0,193521600.000,0,-,-,-,-,2830.4000,2830.2000,2829.2000,2829.0000,2828.6000,2830.8000,2831.0000,2831.2000,2831.4000,2831.6000,1,1,2,1,1,1,4,1,2,2
SF,IH2006,2020-05-12 09:31:07.800,2830.8000,23954,-2,195220080.000,2,0,2,双平,S,2830.8000,2830.6000,2830.4000,2830.2000,2829.2000,2831.0000,2831.2000,2831.4000,2831.6000,2831.8000,1,1,1,1,2,4,2,2,1,2
SF,IH2006,2020-05-12 09:31:08.300,2830.8000,23953,-1,197767800.000,3,1,2,多平,S,2830.4000,2830.2000,2829.2000,2829.0000,2828.6000,2831.2000,2831.4000,2831.6000,2831.8000,2832.4000,1,1,2,7,1,2,2,1,2,1
SF,IH2006,2020-05-12 09:31:08.800,2830.8000,23953,0,197767800.000,0,-,-,-,-,2830.4000,2830.2000,2829.2000,2829.0000,2828.6000,2831.2000,2831.4000,2831.6000,2831.8000,2832.4000,1,1,2,7,1,2,2,1,1,1
SF,IH2006,2020-05-12 09:31:09.300,2830.8000,23953,0,197767800.000,0,-,-,-,-,2830.6000,2830.4000,2830.2000,2829.2000,2829.0000,2831.0000,2831.2000,2831.4000,2831.6000,2831.8000,1,1,2,2,7,1,2,2,1,1
SF,IH2006,2020-05-12 09:31:09.800,2830.8000,23953,0,197767800.000,0,-,-,-,-,2830.6000,2830.4000,2830.2000,2829.2000,2829.0000,2831.0000,2831.2000,2831.4000,2831.6000,2832.4000,1,1,2,2,7,1,3,2,1,1
SF,IH2006,2020-05-12 09:31:10.300,2830.6000,23952,-1,198616980.000,1,0,1,双平,S,2830.4000,2830.2000,2829.2000,2829.0000,2828.6000,2831.0000,2831.2000,2831.4000,2831.6000,2832.4000,1,2,2,7,1,1,3,2,1,1
SF,IH2006,2020-05-12 09:31:10.800,2830.6000,23952,0,198616980.000,0,-,-,-,-,2830.8000,2830.6000,2830.4000,2830.2000,2829.2000,2831.0000,2831.2000,2831.4000,2831.6000,2832.4000,1,1,1,2,2,1,3,2,1,1
SF,IH2006,2020-05-12 09:31:12.300,2831.2000,23951,-1,200315640.000,2,0,2,多平,S,2830.8000,2830.6000,2830.4000,2830.2000,2829.2000,2831.2000,2831.4000,2831.6000,2832.4000,2832.8000,1,1,1,2,2,2,2,1,1,1
SF,IH2006,2020-05-12 09:31:12.800,2831.0000,23948,-3,204562260.000,5,1,4,多平,S,2830.8000,2830.6000,2830.4000,2830.2000,2829.2000,2831.4000,2831.6000,2832.4000,2832.8000,2833.0000,1,1,1,2,2,2,1,1,1,1
SF,IH2006,2020-05-12 09:31:13.300,2831.4000,23947,-1,206261100.000,2,0,2,多平,S,2831.0000,2830.8000,2830.6000,2830.4000,2830.2000,2831.6000,2832.4000,2832.8000,2833.0000,2834.2000,3,1,1,1,2,1,1,1,1,1
SF,IH2006,2020-05-12 09:31:13.800,2831.2000,23946,-1,207110460.000,1,0,1,双平,S,2831.0000,2830.6000,2830.4000,2830.2000,2829.2000,2831.6000,2831.8000,2832.4000,2832.8000,2833.0000,3,1,1,2,2,1,1,1,1,1
SF,IH2006,2020-05-12 09:31:14.300,2831.2000,23946,0,207110460.000,0,-,-,-,-,2831.2000,2831.0000,2830.6000,2830.4000,2830.2000,2831.6000,2831.8000,2832.4000,2832.8000,2833.0000,3,3,1,1,2,1,1,1,1,1
SF,IH2006,2020-05-12 09:31:14.800,2831.6000,23946,0,208809420.000,2,1,1,多换,S,2831.2000,2831.0000,2830.6000,2830.4000,2830.2000,2831.8000,2832.4000,2832.8000,2833.0000,2834.2000,3,3,1,1,2,1,1,1,1,1
SF,IH2006,2020-05-12 09:31:15.300,2831.2000,23946,0,210508320.000,2,1,1,多换,S,2831.2000,2831.0000,2830.6000,2830.4000,2830.2000,2832.4000,2832.8000,2833.0000,2834.2000,2834.6000,2,3,1,1,2,1,1,1,1,2
SF,IH2006,2020-05-12 09:31:15.800,2831.2000,23946,0,212207040.000,2,1,1,多换,S,2831.2000,2831.0000,2830.4000,2830.2000,2829.2000,2832.2000,2832.4000,2832.8000,2833.0000,2834.2000,2,3,1,2,2,1,1,1,1,1
SF,IH2006,2020-05-12 09:31:16.800,2831.2000,23946,0,212207040.000,0,-,-,-,-,2831.4000,2831.2000,2831.0000,2830.4000,2830.2000,2832.2000,2832.4000,2832.8000,2833.0000,2834.2000,1,2,3,1,1,2,1,1,1,1
SF,IH2006,2020-05-12 09:31:17.300,2832.2000,23946,0,213056700.000,1,0,1,多换,S,2832.2000,2831.4000,2831.2000,2831.0000,2830.4000,2832.4000,2832.8000,2833.0000,2834.2000,2834.6000,1,2,2,3,1,1,1,1,1,2
SF,IH2006,2020-05-12 09:31:17.800,2832.2000,23946,0,213906360.000,1,0,1,多换,S,2831.4000,2831.2000,2831.0000,2830.4000,2830.2000,2832.2000,2832.4000,2832.8000,2833.0000,2834.2000,2,2,3,1,2,2,1,1,1,1
SF,IH2006,2020-05-12 09:31:18.300,2832.2000,23945,-1,214756020.000,1,0,1,双平,S,2831.4000,2831.2000,2831.0000,2830.4000,2830.2000,2832.2000,2832.4000,2832.8000,2833.0000,2834.2000,2,2,3,1,2,1,2,1,1,1
SF,IH2006,2020-05-12 09:31:18.800,2832.4000,23945,0,215605740.000,1,0,1,多换,S,2831.6000,2831.4000,2831.2000,2831.0000,2830.4000,2832.2000,2832.4000,2832.8000,2833.0000,2834.2000,1,3,2,3,1,1,1,1,1,1
SF,IH2006,2020-05-12 09:31:19.300,2831.8000,23939,-6,220703100.000,6,0,6,双平,S,2831.8000,2831.6000,2831.4000,2831.2000,2831.0000,2832.4000,2832.8000,2833.0000,2834.2000,2834.6000,1,1,3,2,3,1,1,1,2,2
SF,IH2006,2020-05-12 09:31:19.800,2831.8000,23939,0,220703100.000,0,-,-,-,-,2832.0000,2831.8000,2831.6000,2831.4000,2831.2000,2832.4000,2832.8000,2833.0000,2834.2000,2834.6000,1,1,1,3,2,1,1,1,2,2
SF,IH2006,2020-05-12 09:31:20.800,2831.8000,23939,0,220703100.000,0,-,-,-,-,2832.2000,2832.0000,2831.8000,2831.6000,2831.4000,2832.4000,2832.8000,2833.0000,2834.2000,2834.6000,1,1,1,1,3,1,1,1,2,2
SF,IH2006,2020-05-12 09:31:21.300,2831.8000,23939,0,220703100.000,0,-,-,-,-,2832.2000,2832.0000,2831.8000,2831.6000,2831.4000,2832.4000,2832.8000,2833.0000,2834.2000,2834.6000,1,2,1,1,3,1,1,1,2,2
SF,IH2006,2020-05-12 09:31:21.800,2831.8000,23939,0,220703100.000,0,-,-,-,-,2832.2000,2832.0000,2831.8000,2831.6000,2831.4000,2832.4000,2832.8000,2833.0000,2834.2000,2834.6000,1,2,1,1,3,1,1,1,2,2
SF,IH2006,2020-05-12 09:31:22.300,2832.4000,23939,0,221552820.000,1,0,1,多换,S,2832.2000,2832.0000,2831.8000,2831.6000,2831.4000,2832.8000,2833.0000,2834.2000,2834.6000,2834.8000,1,3,1,1,3,1,1,2,2,1
SF,IH2006,2020-05-12 09:31:22.800,2832.2000,23938,-1,222402480.000,1,0,1,双平,S,2832.0000,2831.8000,2831.6000,2831.4000,2831.2000,2832.8000,2833.0000,2834.2000,2834.6000,2834.8000,3,1,1,2,2,1,1,2,2,2
SF,IH2006,2020-05-12 09:31:23.300,2832.2000,23935,-3,225800940.000,4,0,4,多平,S,2831.6000,2831.4000,2831.2000,2831.0000,2830.4000,2832.6000,2832.8000,2833.0000,2834.2000,2834.6000,1,1,2,3,1,1,2,1,2,2
SF,IH2006,2020-05-12 09:31:23.800,2832.2000,23935,0,225800940.000,0,-,-,-,-,2831.6000,2831.4000,2831.2000,2831.0000,2830.4000,2832.0000,2832.4000,2832.6000,2832.8000,2833.0000,1,2,2,3,1,1,1,3,1,1
SF,IH2006,2020-05-12 09:31:24.300,2831.8000,23933,-2,227499960.000,2,0,2,双平,S,2831.4000,2831.2000,2831.0000,2830.4000,2830.2000,2831.8000,2832.0000,2832.4000,2832.6000,2832.8000,2,2,3,1,1,1,1,1,2,1
SF,IH2006,2020-05-12 09:31:24.800,2832.6000,23929,-4,231748380.000,5,0,5,多平,S,2832.6000,2831.4000,2831.2000,2831.0000,2830.4000,2832.8000,2833.0000,2834.2000,2834.6000,2834.8000,2,2,3,3,1,1,1,2,2,2
SF,IH2006,2020-05-12 09:31:25.300,2832.8000,23927,-2,239396460.000,9,3,6,多平,S,2832.4000,2831.4000,2831.2000,2831.0000,2830.4000,2833.0000,2834.2000,2834.6000,2834.8000,2835.0000,1,2,3,3,1,1,2,2,2,1
SF,IH2006,2020-05-12 09:31:25.800,2832.8000,23927,0,239396460.000,0,-,-,-,-,2832.4000,2831.4000,2831.2000,2831.0000,2830.4000,2832.8000,2833.0000,2834.2000,2834.6000,2834.8000,2,2,3,3,1,1,1,2,2,2
SF,IH2006,2020-05-12 09:31:26.300,2832.8000,23927,0,239396460.000,0,-,-,-,-,2832.4000,2831.8000,2831.4000,2831.2000,2831.0000,2832.8000,2833.0000,2833.8000,2834.2000,2834.6000,2,1,2,3,3,1,1,1,2,2
SF,IH2006,2020-05-12 09:31:26.800,2832.4000,23925,-2,241945620.000,3,0,3,多平,S,2831.8000,2831.4000,2831.2000,2831.0000,2830.4000,2832.8000,2833.0000,2833.8000,2834.2000,2834.6000,1,2,3,3,1,1,1,1,2,2
SF,IH2006,2020-05-12 09:31:27.300,2832.4000,23924,-1,242795340.000,1,0,1,双平,S,2832.0000,2831.8000,2831.4000,2831.2000,2831.0000,2832.8000,2833.0000,2833.8000,2834.2000,2834.6000,1,1,2,3,3,2,1,1,2,2
SF,IH2006,2020-05-12 09:31:27.800,2832.4000,23924,0,242795340.000,0,-,-,-,-,2832.0000,2831.8000,2831.4000,2831.2000,2831.0000,2832.4000,2832.8000,2833.0000,2833.8000,2834.2000,1,1,2,3,4,4,2,1,1,2
SF,IH2006,2020-05-12 09:31:28.300,2832.4000,23924,0,242795340.000,0,-,-,-,-,2832.0000,2831.8000,2831.4000,2831.2000,2831.0000,2832.4000,2832.8000,2833.0000,2833.8000,2834.2000,1,1,2,3,4,1,2,1,1,2
SF,IH2006,2020-05-12 09:31:29.800,2832.4000,23924,0,242795340.000,0,-,-,-,-,2832.0000,2831.8000,2831.4000,2831.2000,2831.0000,2832.4000,2832.8000,2833.0000,2833.8000,2834.2000,1,1,2,3,4,1,2,1,1,2
SF,IH2006,2020-05-12 09:31:30.300,2832.4000,23924,0,242795340.000,0,-,-,-,-,2832.2000,2832.0000,2831.8000,2831.4000,2831.2000,2832.4000,2832.8000,2833.0000,2833.8000,2834.2000,1,1,1,2,3,1,2,1,1,2
SF,IH2006,2020-05-12 09:31:30.800,2832.4000,23923,-1,243645060.000,1,0,1,双平,S,2832.4000,2832.2000,2832.0000,2831.8000,2831.4000,2832.8000,2833.0000,2833.8000,2834.2000,2834.6000,1,1,1,1,2,2,1,1,2,2
SF,IH2006,2020-05-12 09:31:31.300,2832.4000,23923,0,243645060.000,0,-,-,-,-,2832.4000,2832.2000,2832.0000,2831.8000,2831.4000,2832.8000,2833.0000,2833.8000,2834.2000,2834.6000,2,1,1,1,2,2,1,1,2,2
SF,IH2006,2020-05-12 09:31:31.800,2832.8000,23922,-1,244494900.000,1,0,1,双平,S,2832.4000,2832.2000,2832.0000,2831.8000,2831.4000,2833.0000,2833.8000,2834.2000,2834.6000,2834.8000,2,1,2,1,2,1,1,2,2,2
SF,IH2006,2020-05-12 09:31:32.300,2833.0000,23920,-2,247044180.000,3,0,3,多平,S,2832.0000,2831.8000,2831.6000,2831.4000,2831.2000,2833.8000,2834.2000,2834.6000,2834.8000,2835.0000,2,1,1,2,3,1,2,2,2,1
SF,IH2006,2020-05-12 09:31:32.800,2833.0000,23920,0,247044180.000,0,-,-,-,-,2832.6000,2832.2000,2832.0000,2831.8000,2831.6000,2833.6000,2833.8000,2834.2000,2834.6000,2834.8000,1,7,1,1,1,13,2,2,2,2
SF,IH2006,2020-05-12 09:31:33.300,2832.6000,23920,0,248743740.000,2,1,1,多换,S,2832.0000,2831.8000,2831.6000,2831.4000,2831.2000,2832.6000,2832.8000,2833.2000,2833.4000,2833.6000,1,1,1,2,4,2,3,1,1,17
SF,IH2006,2020-05-12 09:31:33.800,2832.6000,23919,-1,249593520.000,1,0,1,双平,S,2832.0000,2831.8000,2831.6000,2831.4000,2831.2000,2832.6000,2832.8000,2833.2000,2833.4000,2833.6000,1,1,1,2,4,2,3,1,1,14
SF,IH2006,2020-05-12 09:31:34.300,2832.6000,23919,0,249593520.000,0,-,-,-,-,2832.2000,2832.0000,2831.8000,2831.6000,2831.4000,2832.4000,2832.6000,2832.8000,2833.2000,2833.4000,1,1,2,1,2,1,2,3,1,1
SF,IH2006,2020-05-12 09:31:34.800,2832.6000,23917,-2,252992520.000,4,1,3,多平,S,2832.2000,2832.0000,2831.8000,2831.6000,2831.4000,2832.8000,2833.2000,2833.4000,2833.6000,2833.8000,1,1,2,1,2,3,1,1,14,3
SF,IH2006,2020-05-12 09:31:35.300,2832.6000,23917,0,252992520.000,0,-,-,-,-,2832.4000,2832.2000,2832.0000,2831.8000,2831.6000,2832.6000,2833.2000,2833.4000,2833.6000,2833.8000,1,1,1,1,1,3,1,1,9,3
SF,IH2006,2020-05-12 09:31:35.800,2832.6000,23917,0,252992520.000,0,-,-,-,-,2832.4000,2832.2000,2832.0000,2831.8000,2831.6000,2832.6000,2833.2000,2833.4000,2833.6000,2833.8000,2,1,2,1,1,1,1,1,9,3
SF,IH2006,2020-05-12 09:31:36.300,2832.4000,23911,-6,258090840.000,6,0,6,双平,S,2832.4000,2832.2000,2832.0000,2831.8000,2831.6000,2832.6000,2833.2000,2833.4000,2833.6000,2833.8000,1,1,2,1,1,1,1,1,9,3
SF,IH2006,2020-05-12 09:31:36.800,2832.6000,23910,-1,258940620.000,1,0,1,双平,S,2832.4000,2832.2000,2832.0000,2831.8000,2831.6000,2833.2000,2833.6000,2833.8000,2834.0000,2834.2000,1,1,2,1,1,1,8,3,1,2
SF,IH2006,2020-05-12 09:31:37.300,2832.6000,23910,0,258940620.000,0,-,-,-,-,2832.6000,2832.4000,2832.0000,2831.8000,2831.6000,2832.8000,2833.0000,2833.2000,2833.6000,2833.8000,1,2,1,1,1,3,3,1,7,3
SF,IH2006,2020-05-12 09:31:37.800,2832.8000,23907,-3,262339980.000,4,0,4,多平,S,2832.8000,2832.4000,2832.0000,2831.8000,2831.6000,2833.0000,2833.2000,2833.6000,2833.8000,2834.0000,1,2,1,1,1,3,1,7,3,1
SF,IH2006,2020-05-12 09:31:38.300,2832.8000,23907,0,262339980.000,0,-,-,-,-,2832.8000,2832.4000,2832.0000,2831.8000,2831.6000,2833.0000,2833.2000,2833.6000,2833.8000,2834.0000,1,3,1,1,1,2,1,4,3,1
SF,IH2006,2020-05-12 09:31:38.800,2833.0000,23905,-2,264039780.000,2,0,2,双平,S,2832.4000,2832.0000,2831.8000,2831.6000,2831.4000,2833.6000,2833.8000,2834.0000,2834.2000,2834.6000,3,2,1,1,2,4,3,1,3,4
SF,IH2006,2020-05-12 09:31:39.300,2833.0000,23905,0,264039780.000,0,-,-,-,-,2833.2000,2832.6000,2832.4000,2832.2000,2832.0000,2833.4000,2833.6000,2833.8000,2834.0000,2834.2000,1,4,2,2,2,3,2,3,2,3
SF,IH2006,2020-05-12 09:31:39.800,2833.2000,23905,0,264889740.000,1,0,1,多换,S,2833.0000,2832.6000,2832.4000,2832.2000,2832.0000,2833.2000,2833.4000,2833.8000,2834.0000,2834.2000,1,4,2,2,2,3,2,3,2,3
SF,IH2006,2020-05-12 09:31:40.300,2833.0000,23904,-1,265739640.000,1,0,1,双平,S,2832.6000,2832.4000,2832.2000,2832.0000,2831.8000,2833.0000,2833.2000,2833.4000,2833.8000,2834.0000,3,2,2,2,1,3,5,2,3,2
SF,IH2006,2020-05-12 09:31:40.800,2832.6000,23903,-1,266589420.000,1,0,1,双平,S,2832.6000,2832.4000,2832.2000,2832.0000,2831.8000,2833.0000,2833.2000,2833.4000,2833.8000,2834.0000,2,2,2,2,1,3,4,2,3,2
SF,IH2006,2020-05-12 09:31:41.300,2832.6000,23903,0,266589420.000,0,-,-,-,-,2832.6000,2832.4000,2832.2000,2832.0000,2831.8000,2832.8000,2833.0000,2833.2000,2833.4000,2833.8000,2,2,2,2,1,1,2,4,2,3
SF,IH2006,2020-05-12 09:31:41.800,2832.6000,23901,-2,268288980.000,2,0,2,双平,S,2832.4000,2832.2000,2832.0000,2831.8000,2831.6000,2832.8000,2833.0000,2833.2000,2833.4000,2833.8000,1,2,2,1,1,1,2,4,2,3
SF,IH2006,2020-05-12 09:31:42.300,2832.8000,23900,-1,269138820.000,1,0,1,双平,S,2832.4000,2832.2000,2832.0000,2831.8000,2831.6000,2832.8000,2833.0000,2833.2000,2833.4000,2833.8000,1,2,2,1,1,1,2,4,2,3
SF,IH2006,2020-05-12 09:31:42.800,2832.8000,23898,-2,270838380.000,2,0,2,双平,S,2832.6000,2832.2000,2832.0000,2831.8000,2831.6000,2833.0000,2833.2000,2833.4000,2833.8000,2834.0000,1,2,2,1,1,2,2,2,3,2
SF,IH2006,2020-05-12 09:31:43.300,2832.6000,23899,1,271688160.000,1,1,0,双开,S,2832.2000,2832.0000,2831.8000,2831.6000,2831.4000,2832.6000,2832.8000,2833.0000,2833.2000,2833.4000,2,2,1,1,1,1,1,2,2,2
SF,IH2006,2020-05-12 09:31:43.800,2832.6000,23899,0,271688160.000,0,-,-,-,-,2832.2000,2832.0000,2831.8000,2831.6000,2831.4000,2832.6000,2832.8000,2833.0000,2833.2000,2833.4000,2,2,1,1,1,1,1,2,2,2
SF,IH2006,2020-05-12 09:31:44.300,2832.6000,23899,0,271688160.000,0,-,-,-,-,2832.2000,2832.0000,2831.8000,2831.6000,2831.4000,2832.6000,2832.8000,2833.0000,2833.2000,2833.4000,2,3,1,1,1,1,1,2,2,2
SF,IH2006,2020-05-12 09:31:44.800,2832.6000,23899,0,271688160.000,0,-,-,-,-,2832.2000,2832.0000,2831.8000,2831.6000,2831.4000,2832.6000,2833.0000,2833.2000,2833.4000,2833.8000,2,3,1,1,1,1,2,2,2,3
SF,IH2006,2020-05-12 09:31:45.300,2832.6000,23899,0,272537940.000,1,0,1,多换,S,2832.6000,2832.2000,2832.0000,2831.8000,2831.6000,2833.0000,2833.2000,2833.4000,2833.8000,2834.0000,1,2,3,1,1,2,2,2,3,2
SF,IH2006,2020-05-12 09:31:45.800,2832.6000,23899,0,272537940.000,0,-,-,-,-,2832.6000,2832.2000,2832.0000,2831.8000,2831.6000,2833.0000,2833.2000,2833.4000,2833.8000,2834.0000,1,2,3,1,1,2,2,2,3,2
SF,IH2006,2020-05-12 09:31:46.300,2832.6000,23898,-1,273387720.000,1,0,1,双平,S,2832.2000,2832.0000,2831.8000,2831.6000,2831.4000,2833.0000,2833.2000,2833.4000,2833.8000,2834.0000,2,3,1,1,1,2,2,2,3,2
SF,IH2006,2020-05-12 09:31:46.800,2832.6000,23898,0,273387720.000,0,-,-,-,-,2832.2000,2832.0000,2831.8000,2831.6000,2831.2000,2832.8000,2833.0000,2833.2000,2833.4000,2833.8000,3,3,1,1,3,1,1,2,1,3
SF,IH2006,2020-05-12 09:31:47.300,2832.6000,23898,0,273387720.000,0,-,-,-,-,2832.2000,2832.0000,2831.8000,2831.6000,2831.2000,2833.0000,2833.2000,2833.4000,2833.8000,2834.0000,5,3,1,1,3,1,2,1,3,2
SF,IH2006,2020-05-12 09:31:47.800,2832.6000,23898,0,273387720.000,0,-,-,-,-,2832.8000,2832.4000,2832.2000,2832.0000,2831.8000,2833.0000,2833.2000,2833.4000,2833.8000,2834.0000,1,2,5,3,1,1,2,1,3,2
SF,IH2006,2020-05-12 09:31:48.300,2833.0000,23898,0,274237620.000,1,0,1,多换,S,2833.0000,2832.4000,2832.2000,2832.0000,2831.8000,2833.2000,2833.4000,2833.8000,2834.0000,2834.2000,1,2,5,3,1,1,1,3,2,3
SF,IH2006,2020-05-12 09:31:48.800,2833.2000,23897,-1,275087580.000,1,0,1,双平,S,2832.2000,2832.0000,2831.8000,2831.6000,2831.2000,2833.0000,2833.4000,2833.8000,2834.0000,2834.2000,5,3,1,1,1,1,1,3,2,3
SF,IH2006,2020-05-12 09:31:49.300,2833.2000,23897,0,275087580.000,0,-,-,-,-,2832.2000,2832.0000,2831.6000,2831.2000,2831.0000,2833.0000,2833.4000,2833.8000,2834.0000,2834.2000,5,3,1,1,2,1,1,3,2,3
SF,IH2006,2020-05-12 09:31:49.800,2833.2000,23897,0,275087580.000,0,-,-,-,-,2832.4000,2832.2000,2832.0000,2831.6000,2831.2000,2832.8000,2833.0000,2833.4000,2833.8000,2834.0000,4,4,3,1,1,1,1,1,3,2
SF,IH2006,2020-05-12 09:31:50.300,2832.8000,23898,1,276787320.000,2,1,1,空开,S,2832.8000,2832.4000,2832.2000,2832.0000,2831.6000,2833.4000,2833.8000,2834.0000,2834.2000,2834.6000,2,4,4,3,1,1,3,2,3,3
SF,IH2006,2020-05-12 09:31:50.800,2832.8000,23897,-1,278487180.000,2,0,2,多平,S,2832.8000,2832.2000,2832.0000,2831.6000,2831.2000,2833.8000,2834.0000,2834.2000,2834.6000,2834.8000,1,3,2,1,1,3,2,3,3,2
SF,IH2006,2020-05-12 09:31:51.300,2832.8000,23897,0,278487180.000,0,-,-,-,-,2832.8000,2832.2000,2832.0000,2831.6000,2831.2000,2833.6000,2833.8000,2834.0000,2834.2000,2834.6000,3,3,2,1,1,8,3,2,3,3
SF,IH2006,2020-05-12 09:31:51.800,2832.8000,23897,0,278487180.000,0,-,-,-,-,2832.8000,2832.2000,2832.0000,2831.6000,2831.2000,2833.4000,2833.6000,2833.8000,2834.0000,2834.2000,3,3,2,1,1,1,8,3,2,3
SF,IH2006,2020-05-12 09:31:52.300,2832.8000,23897,0,278487180.000,0,-,-,-,-,2832.8000,2832.2000,2832.0000,2831.6000,2831.2000,2833.2000,2833.4000,2833.6000,2833.8000,2834.0000,3,1,2,1,1,1,1,7,3,2
SF,IH2006,2020-05-12 09:31:52.800,2833.2000,23897,0,279337140.000,1,0,1,多换,S,2832.8000,2832.2000,2832.0000,2831.6000,2831.2000,2833.4000,2833.6000,2833.8000,2834.0000,2834.2000,5,1,2,1,1,1,7,3,2,3
SF,IH2006,2020-05-12 09:31:53.300,2833.4000,23896,-1,281037000.000,2,0,2,多平,S,2832.8000,2832.2000,2832.0000,2831.6000,2831.2000,2833.6000,2833.8000,2834.0000,2834.2000,2834.6000,4,1,2,1,1,6,3,2,3,2
SF,IH2006,2020-05-12 09:31:53.800,2833.4000,23896,0,281037000.000,0,-,-,-,-,2832.8000,2832.6000,2832.2000,2832.0000,2831.6000,2833.4000,2833.6000,2833.8000,2834.0000,2834.2000,4,1,1,2,1,1,4,3,2,3
SF,IH2006,2020-05-12 09:31:54.300,2833.4000,23896,0,281037000.000,0,-,-,-,-,2833.0000,2832.8000,2832.6000,2832.2000,2832.0000,2833.6000,2833.8000,2834.0000,2834.2000,2834.6000,1,4,1,1,2,2,1,2,3,2
SF,IH2006,2020-05-12 09:31:54.800,2833.4000,23896,0,281037000.000,0,-,-,-,-,2833.0000,2832.8000,2832.6000,2832.2000,2832.0000,2833.6000,2833.8000,2834.0000,2834.2000,2834.6000,3,4,1,1,2,1,1,2,3,2
SF,IH2006,2020-05-12 09:31:55.300,2833.6000,23895,-1,281887080.000,1,0,1,双平,S,2833.0000,2832.8000,2832.6000,2832.2000,2832.0000,2833.8000,2834.0000,2834.2000,2834.6000,2834.8000,3,4,1,1,2,1,2,3,1,2
SF,IH2006,2020-05-12 09:31:55.800,2833.0000,23894,-1,282736980.000,1,0,1,双平,S,2833.0000,2832.8000,2832.6000,2832.2000,2832.0000,2833.8000,2834.0000,2834.2000,2834.6000,2834.8000,2,4,1,1,2,1,2,3,1,2
SF,IH2006,2020-05-12 09:31:56.300,2833.0000,23894,0,282736980.000,0,-,-,-,-,2833.0000,2832.8000,2832.6000,2832.2000,2832.0000,2833.6000,2833.8000,2834.0000,2834.2000,2834.6000,2,2,1,1,2,1,1,2,3,1
SF,IH2006,2020-05-12 09:31:56.800,2833.6000,23893,-1,285287040.000,3,1,2,多平,S,2833.0000,2832.8000,2832.6000,2832.2000,2832.0000,2833.6000,2833.8000,2834.0000,2834.2000,2834.6000,4,2,1,1,2,1,1,2,3,1
SF,IH2006,2020-05-12 09:31:57.300,2833.6000,23893,0,285287040.000,0,-,-,-,-,2833.0000,2832.8000,2832.6000,2832.2000,2832.0000,2833.6000,2833.8000,2834.0000,2834.2000,2834.6000,4,2,1,1,2,1,1,2,4,1
SF,IH2006,2020-05-12 09:31:57.800,2833.6000,23893,0,286137120.000,1,0,1,多换,S,2833.0000,2832.6000,2832.2000,2832.0000,2831.6000,2833.8000,2834.0000,2834.2000,2834.6000,2834.8000,2,1,1,2,1,1,2,4,1,2
SF,IH2006,2020-05-12 09:31:58.300,2833.6000,23893,0,286137120.000,0,-,-,-,-,2833.2000,2833.0000,2832.6000,2832.2000,2832.0000,2833.6000,2833.8000,2834.0000,2834.2000,2834.6000,1,4,1,1,2,2,1,2,4,1
SF,IH2006,2020-05-12 09:31:58.800,2833.2000,23892,-1,286987080.000,1,0,1,双平,S,2833.0000,2832.6000,2832.2000,2832.0000,2831.6000,2833.2000,2833.6000,2833.8000,2834.0000,2834.2000,4,1,1,2,1,2,2,2,2,4
SF,IH2006,2020-05-12 09:31:59.300,2833.0000,23891,-1,287836980.000,1,0,1,双平,S,2833.0000,2832.6000,2832.2000,2832.0000,2831.6000,2833.6000,2833.8000,2834.0000,2834.2000,2834.6000,3,1,1,2,1,2,2,2,4,1
SF,IH2006,2020-05-12 09:31:59.800,2833.0000,23891,0,287836980.000,0,-,-,-,-,2833.0000,2832.6000,2832.2000,2832.0000,2831.6000,2833.4000,2833.6000,2833.8000,2834.0000,2834.2000,3,1,1,2,1,1,1,2,2,4
SF,IH2006,2020-05-12 09:32:00.300,2833.0000,23891,0,289536900.000,2,1,1,多换,S,2833.0000,2832.6000,2832.2000,2832.0000,2831.6000,2833.6000,2833.8000,2834.0000,2834.2000,2834.6000,2,1,1,2,1,1,2,2,4,1
SF,IH2006,2020-05-12 09:32:00.800,2833.6000,23890,-1,290386980.000,1,0,1,双平,S,2833.2000,2833.0000,2832.6000,2832.2000,2832.0000,2833.8000,2834.0000,2834.2000,2834.6000,2834.8000,1,2,1,1,2,2,2,4,1,2
SF,IH2006,2020-05-12 09:32:01.300,2833.0000,23889,-1,293786640.000,4,1,3,多平,S,2832.6000,2832.2000,2832.0000,2831.6000,2831.2000,2833.6000,2833.8000,2834.0000,2834.2000,2834.6000,1,1,1,1,1,1,1,2,4,1
SF,IH2006,2020-05-12 09:32:01.800,2833.4000,23889,0,294636660.000,1,0,1,多换,S,2832.6000,2832.2000,2832.0000,2831.6000,2831.2000,2833.4000,2833.6000,2833.8000,2834.0000,2834.2000,1,1,1,1,1,3,3,1,2,4
SF,IH2006,2020-05-12 09:32:02.300,2833.4000,23889,0,294636660.000,0,-,-,-,-,2832.6000,2832.2000,2832.0000,2831.6000,2831.2000,2833.4000,2833.6000,2833.8000,2834.0000,2834.2000,1,1,1,1,1,3,3,1,2,4
SF,IH2006,2020-05-12 09:32:02.800,2833.4000,23889,0,294636660.000,0,-,-,-,-,2832.6000,2832.2000,2832.0000,2831.6000,2831.2000,2833.4000,2833.6000,2833.8000,2834.0000,2834.2000,1,1,1,1,1,3,2,1,2,4
SF,IH2006,2020-05-12 09:32:03.300,2833.4000,23889,0,294636660.000,0,-,-,-,-,2832.6000,2832.2000,2832.0000,2831.6000,2831.2000,2833.4000,2833.6000,2833.8000,2834.0000,2834.2000,1,1,1,1,1,3,1,2,2,4
SF,IH2006,2020-05-12 09:32:03.800,2833.4000,23889,0,294636660.000,0,-,-,-,-,2832.8000,2832.6000,2832.2000,2832.0000,2831.6000,2833.4000,2833.6000,2833.8000,2834.0000,2834.2000,2,1,1,1,1,3,1,2,2,4
SF,IH2006,2020-05-12 09:32:04.300,2833.4000,23889,0,294636660.000,0,-,-,-,-,2832.8000,2832.6000,2832.2000,2832.0000,2831.6000,2833.2000,2833.8000,2834.0000,2834.2000,2834.8000,2,1,1,1,1,1,2,2,4,2
SF,IH2006,2020-05-12 09:32:04.800,2833.4000,23889,0,294636660.000,0,-,-,-,-,2832.8000,2832.6000,2832.2000,2832.0000,2831.6000,2833.2000,2833.8000,2834.0000,2834.2000,2834.8000,2,1,1,1,1,1,2,2,4,2
SF,IH2006,2020-05-12 09:32:05.300,2833.2000,23888,-1,295486620.000,1,0,1,双平,S,2833.2000,2832.8000,2832.6000,2832.2000,2832.0000,2833.8000,2834.0000,2834.2000,2834.8000,2835.0000,1,2,1,1,1,2,2,4,2,1
SF,IH2006,2020-05-12 09:32:05.800,2833.2000,23888,0,295486620.000,0,-,-,-,-,2833.0000,2832.8000,2832.6000,2832.2000,2832.0000,2833.8000,2834.0000,2834.2000,2834.8000,2835.0000,1,2,1,1,1,1,2,4,2,1
SF,IH2006,2020-05-12 09:32:06.300,2833.2000,23888,0,295486620.000,0,-,-,-,-,2833.2000,2833.0000,2832.8000,2832.6000,2832.2000,2833.8000,2834.0000,2834.2000,2834.8000,2835.0000,1,1,2,1,1,1,2,4,2,1
SF,IH2006,2020-05-12 09:32:06.800,2833.2000,23888,0,296336580.000,1,0,1,多换,S,2833.0000,2832.8000,2832.6000,2832.2000,2832.0000,2833.8000,2834.0000,2834.2000,2834.8000,2835.0000,1,2,1,1,1,1,2,4,2,1
SF,IH2006,2020-05-12 09:32:07.300,2833.2000,23888,0,296336580.000,0,-,-,-,-,2833.0000,2832.8000,2832.6000,2832.2000,2832.0000,2833.8000,2834.0000,2834.2000,2834.8000,2835.0000,2,2,1,1,1,2,2,4,2,1
SF,IH2006,2020-05-12 09:32:07.800,2833.0000,23887,-1,297186480.000,1,0,1,双平,S,2833.0000,2832.8000,2832.6000,2832.2000,2832.0000,2833.8000,2834.0000,2834.2000,2834.8000,2835.0000,1,2,1,1,1,2,2,4,2,1
SF,IH2006,2020-05-12 09:32:08.300,2833.0000,23887,0,297186480.000,0,-,-,-,-,2833.0000,2832.6000,2832.2000,2832.0000,2831.6000,2833.8000,2834.0000,2834.2000,2834.8000,2835.0000,1,1,1,1,1,2,2,4,2,1
SF,IH2006,2020-05-12 09:32:08.800,2833.0000,23887,0,297186480.000,0,-,-,-,-,2833.0000,2832.6000,2832.2000,2832.0000,2831.6000,2833.6000,2833.8000,2834.0000,2834.2000,2834.8000,1,1,1,1,1,1,2,2,4,2
SF,IH2006,2020-05-12 09:32:09.300,2833.2000,23887,0,298036440.000,1,0,1,多换,S,2833.0000,2832.6000,2832.2000,2832.0000,2831.6000,2833.6000,2833.8000,2834.0000,2834.2000,2834.8000,2,1,1,1,1,1,2,2,4,2
SF,IH2006,2020-05-12 09:32:09.800,2833.6000,23886,-1,298886520.000,1,0,1,双平,S,2833.0000,2832.6000,2832.2000,2832.0000,2831.6000,2833.8000,2834.0000,2834.2000,2834.8000,2835.0000,2,1,1,1,1,2,2,4,2,1
SF,IH2006,2020-05-12 09:32:10.300,2833.6000,23886,0,298886520.000,0,-,-,-,-,2833.6000,2833.2000,2833.0000,2832.6000,2832.2000,2833.8000,2834.0000,2834.2000,2834.8000,2835.0000,2,1,1,1,1,2,2,3,2,1
SF,IH2006,2020-05-12 09:32:10.800,2833.6000,23884,-2,300586680.000,2,0,2,双平,S,2833.2000,2833.0000,2832.6000,2832.2000,2832.0000,2833.6000,2833.8000,2834.0000,2834.2000,2834.8000,1,2,1,1,1,2,2,2,3,2
SF,IH2006,2020-05-12 09:32:11.300,2833.6000,23884,0,300586680.000,0,-,-,-,-,2833.2000,2833.0000,2832.6000,2832.2000,2832.0000,2833.8000,2834.0000,2834.2000,2834.8000,2835.0000,1,2,1,1,1,2,2,3,2,1
SF,IH2006,2020-05-12 09:32:11.800,2833.6000,23884,0,300586680.000,0,-,-,-,-,2833.2000,2833.0000,2832.6000,2832.2000,2832.0000,2833.8000,2834.0000,2834.2000,2834.8000,2835.0000,1,3,1,1,1,2,2,3,2,1
SF,IH2006,2020-05-12 09:32:12.800,2833.2000,23885,1,301436640.000,1,1,0,双开,S,2833.0000,2832.6000,2832.2000,2832.0000,2831.6000,2833.8000,2834.0000,2834.2000,2834.8000,2835.0000,3,1,1,1,1,2,2,3,2,1
SF,IH2006,2020-05-12 09:32:13.300,2833.2000,23885,0,301436640.000,0,-,-,-,-,2833.2000,2833.0000,2832.6000,2832.2000,2832.0000,2833.8000,2834.0000,2834.2000,2834.8000,2835.0000,3,2,1,1,1,2,2,3,2,1
SF,IH2006,2020-05-12 09:32:13.800,2833.8000,23885,0,302286780.000,1,0,1,多换,S,2833.6000,2833.2000,2833.0000,2832.6000,2832.2000,2833.8000,2834.0000,2834.2000,2834.8000,2835.0000,1,2,2,1,1,1,2,3,2,1
SF,IH2006,2020-05-12 09:32:14.300,2833.6000,23885,0,303136860.000,1,0,1,多换,S,2833.2000,2833.0000,2832.6000,2832.2000,2832.0000,2833.6000,2833.8000,2834.0000,2834.2000,2834.8000,2,1,1,1,1,1,1,2,3,2
SF,IH2006,2020-05-12 09:32:14.800,2833.6000,23885,0,303136860.000,0,-,-,-,-,2833.2000,2833.0000,2832.6000,2832.2000,2832.0000,2833.6000,2833.8000,2834.0000,2834.2000,2834.8000,2,1,1,1,1,1,1,2,3,2
SF,IH2006,2020-05-12 09:32:15.300,2833.6000,23885,0,303986940.000,1,0,1,多换,S,2833.2000,2833.0000,2832.6000,2832.2000,2832.0000,2833.8000,2834.0000,2834.2000,2834.8000,2835.0000,2,1,1,1,1,1,2,3,2,1
SF,IH2006,2020-05-12 09:32:15.800,2833.6000,23885,0,305687160.000,2,1,1,多换,S,2833.2000,2833.0000,2832.6000,2832.2000,2832.0000,2834.0000,2834.2000,2834.8000,2835.0000,2835.4000,2,1,1,1,1,2,3,2,1,1
SF,IH2006,2020-05-12 09:32:16.300,2833.6000,23885,0,306537240.000,1,0,1,多换,S,2833.2000,2833.0000,2832.6000,2832.2000,2832.0000,2834.0000,2834.2000,2834.8000,2835.0000,2835.4000,3,1,1,1,1,2,3,2,1,1
SF,IH2006,2020-05-12 09:32:16.800,2833.2000,23883,-2,308237160.000,2,0,2,双平,S,2833.2000,2833.0000,2832.6000,2832.2000,2832.0000,2833.8000,2834.0000,2834.2000,2834.8000,2835.0000,1,1,1,1,1,1,2,3,2,1
SF,IH2006,2020-05-12 09:32:17.300,2833.8000,23882,-1,309087300.000,1,0,1,双平,S,2833.8000,2833.4000,2833.0000,2832.6000,2832.2000,2834.0000,2834.2000,2834.8000,2835.0000,2835.4000,1,3,1,1,1,2,3,2,1,1
SF,IH2006,2020-05-12 09:32:17.800,2833.8000,23881,-1,309937440.000,1,0,1,双平,S,2833.4000,2833.0000,2832.6000,2832.2000,2832.0000,2833.6000,2834.0000,2834.2000,2834.8000,2835.0000,3,1,1,1,1,1,1,3,2,1
SF,IH2006,2020-05-12 09:32:18.300,2833.6000,23880,-1,311637660.000,2,0,2,多平,S,2833.6000,2833.4000,2833.0000,2832.6000,2832.2000,2834.0000,2834.2000,2834.8000,2835.0000,2835.4000,4,3,1,1,1,1,3,2,1,1
SF,IH2006,2020-05-12 09:32:18.800,2834.0000,23880,0,312487860.000,1,0,1,多换,S,2833.6000,2833.4000,2833.0000,2832.6000,2832.2000,2834.2000,2834.8000,2835.0000,2835.4000,2835.6000,3,3,2,1,1,3,2,1,1,1
SF,IH2006,2020-05-12 09:32:19.300,2834.0000,23880,0,312487860.000,0,-,-,-,-,2833.6000,2833.4000,2833.0000,2832.6000,2832.2000,2834.2000,2834.8000,2835.0000,2835.4000,2835.6000,3,3,2,1,1,3,2,1,1,1
SF,IH2006,2020-05-12 09:32:19.800,2834.0000,23880,0,312487860.000,0,-,-,-,-,2834.0000,2833.6000,2833.4000,2833.0000,2832.6000,2834.2000,2834.8000,2835.0000,2835.4000,2835.6000,1,3,3,2,1,3,2,1,1,1
SF,IH2006,2020-05-12 09:32:20.300,2833.6000,23879,-1,314188140.000,2,0,2,多平,S,2833.6000,2833.4000,2833.0000,2832.6000,2832.2000,2834.0000,2834.2000,2834.8000,2835.0000,2835.4000,2,1,2,1,1,1,3,2,1,1
SF,IH2006,2020-05-12 09:32:20.800,2834.0000,23878,-1,315038340.000,1,0,1,双平,S,2833.6000,2833.0000,2832.6000,2832.2000,2832.0000,2834.2000,2834.8000,2835.0000,2835.4000,2835.6000,2,2,2,1,1,3,2,1,1,1
SF,IH2006,2020-05-12 09:32:21.300,2834.0000,23878,0,315038340.000,0,-,-,-,-,2833.8000,2833.6000,2833.0000,2832.6000,2832.2000,2834.2000,2834.8000,2835.0000,2835.4000,2835.6000,1,2,2,2,1,3,2,1,1,1
SF,IH2006,2020-05-12 09:32:22.800,2834.0000,23878,0,315038340.000,0,-,-,-,-,2833.8000,2833.6000,2833.0000,2832.6000,2832.2000,2834.2000,2834.8000,2835.0000,2835.4000,2835.6000,1,2,2,2,1,2,2,1,1,1
SF,IH2006,2020-05-12 09:32:23.300,2834.2000,23876,-2,316738860.000,2,0,2,双平,S,2833.8000,2833.6000,2833.0000,2832.6000,2832.2000,2834.8000,2835.0000,2835.4000,2835.6000,2835.8000,1,2,2,2,1,2,1,1,1,2
SF,IH2006,2020-05-12 09:32:23.800,2834.2000,23876,0,316738860.000,0,-,-,-,-,2833.8000,2833.6000,2833.0000,2832.6000,2832.2000,2834.6000,2834.8000,2835.0000,2835.4000,2835.6000,1,2,2,2,1,7,2,1,1,1
SF,IH2006,2020-05-12 09:32:24.300,2834.2000,23876,0,316738860.000,0,-,-,-,-,2833.8000,2833.6000,2833.0000,2832.6000,2832.2000,2834.4000,2834.6000,2834.8000,2835.0000,2835.4000,2,2,2,2,1,1,7,2,1,1
SF,IH2006,2020-05-12 09:32:24.800,2834.2000,23876,0,316738860.000,0,-,-,-,-,2834.0000,2833.8000,2833.6000,2833.0000,2832.6000,2834.4000,2834.6000,2834.8000,2835.0000,2835.4000,1,2,3,2,2,1,7,2,1,1
SF,IH2006,2020-05-12 09:32:25.300,2834.0000,23875,-1,317589060.000,1,0,1,双平,S,2833.8000,2833.6000,2833.0000,2832.6000,2832.2000,2834.4000,2834.6000,2834.8000,2835.0000,2835.4000,1,3,2,2,1,1,7,2,1,1
SF,IH2006,2020-05-12 09:32:25.800,2834.0000,23875,0,317589060.000,0,-,-,-,-,2833.8000,2833.6000,2833.0000,2832.6000,2832.2000,2834.6000,2834.8000,2835.0000,2835.4000,2835.6000,1,3,2,2,1,7,2,1,1,1
SF,IH2006,2020-05-12 09:32:26.300,2834.0000,23875,0,317589060.000,0,-,-,-,-,2834.0000,2833.8000,2833.6000,2833.0000,2832.6000,2834.6000,2834.8000,2835.0000,2835.4000,2835.6000,1,1,3,2,2,2,2,1,1,1
SF,IH2006,2020-05-12 09:32:26.800,2834.6000,23875,0,318439440.000,1,0,1,多换,S,2834.0000,2833.8000,2833.6000,2833.0000,2832.6000,2834.8000,2835.0000,2835.4000,2835.6000,2835.8000,1,2,3,2,2,2,1,1,1,2
SF,IH2006,2020-05-12 09:32:27.300,2834.0000,23875,0,319289640.000,1,0,1,多换,S,2833.8000,2833.6000,2833.0000,2832.6000,2832.2000,2834.6000,2834.8000,2835.0000,2835.4000,2835.6000,1,3,2,2,1,1,2,1,1,1
SF,IH2006,2020-05-12 09:32:27.800,2834.6000,23876,1,320140020.000,1,1,0,双开,S,2833.8000,2833.6000,2833.0000,2832.6000,2832.2000,2834.8000,2835.0000,2835.4000,2835.6000,2835.8000,1,3,2,2,1,2,1,1,1,2
SF,IH2006,2020-05-12 09:32:28.300,2834.6000,23876,0,320140020.000,0,-,-,-,-,2833.8000,2833.6000,2833.0000,2832.6000,2832.2000,2834.4000,2834.8000,2835.0000,2835.4000,2835.6000,2,3,2,2,1,1,2,1,1,1
SF,IH2006,2020-05-12 09:32:28.800,2834.6000,23875,-1,321840720.000,2,0,2,多平,S,2834.6000,2834.0000,2833.8000,2833.6000,2833.0000,2834.8000,2835.0000,2835.4000,2835.6000,2835.8000,1,1,2,3,2,2,1,1,1,2
SF,IH2006,2020-05-12 09:32:29.300,2834.6000,23875,0,321840720.000,0,-,-,-,-,2834.6000,2834.0000,2833.8000,2833.6000,2833.0000,2834.8000,2835.0000,2835.4000,2835.6000,2835.8000,1,1,2,2,2,2,1,1,1,2
SF,IH2006,2020-05-12 09:32:29.800,2834.8000,23875,0,322691160.000,1,0,1,多换,S,2834.6000,2834.0000,2833.8000,2833.6000,2833.0000,2834.8000,2835.0000,2835.4000,2835.6000,2835.8000,1,1,2,2,2,1,1,1,1,2
SF,IH2006,2020-05-12 09:32:30.300,2834.6000,23873,-2,324391980.000,2,0,2,双平,S,2834.0000,2833.8000,2833.6000,2833.0000,2832.6000,2835.0000,2835.4000,2835.6000,2835.8000,2836.2000,1,2,2,2,2,1,1,1,2,1
SF,IH2006,2020-05-12 09:32:30.800,2834.6000,23874,1,325242360.000,1,1,0,双开,S,2834.0000,2833.6000,2833.0000,2832.6000,2832.0000,2835.0000,2835.4000,2835.6000,2835.8000,2836.2000,1,2,2,2,1,1,1,1,2,1
SF,IH2006,2020-05-12 09:32:31.300,2834.6000,23874,0,325242360.000,0,-,-,-,-,2834.0000,2833.6000,2833.0000,2832.6000,2832.0000,2835.0000,2835.4000,2835.6000,2835.8000,2836.2000,2,2,2,2,1,1,1,1,2,1
SF,IH2006,2020-05-12 09:32:31.800,2834.6000,23874,0,326092740.000,1,0,1,多换,S,2834.0000,2833.6000,2833.0000,2832.6000,2832.0000,2835.0000,2835.4000,2835.6000,2835.8000,2836.2000,1,2,3,2,1,1,1,1,2,1
SF,IH2006,2020-05-12 09:32:32.300,2834.6000,23874,0,326092740.000,0,-,-,-,-,2833.6000,2833.0000,2832.6000,2832.0000,2831.0000,2834.8000,2835.0000,2835.4000,2835.6000,2835.8000,2,3,2,1,2,4,2,1,1,2
SF,IH2006,2020-05-12 09:32:32.800,2834.6000,23874,0,326092740.000,0,-,-,-,-,2833.8000,2833.6000,2833.0000,2832.6000,2832.0000,2834.6000,2834.8000,2835.0000,2835.4000,2835.6000,1,3,3,2,1,3,4,2,1,1
SF,IH2006,2020-05-12 09:32:33.300,2834.6000,23874,0,326092740.000,0,-,-,-,-,2833.8000,2833.6000,2833.0000,2832.6000,2832.0000,2834.6000,2834.8000,2835.0000,2835.4000,2835.6000,2,2,3,2,1,1,4,2,1,1
SF,IH2006,2020-05-12 09:32:33.800,2834.6000,23874,0,326092740.000,0,-,-,-,-,2833.8000,2833.6000,2833.0000,2832.6000,2832.0000,2834.4000,2834.6000,2834.8000,2835.0000,2835.4000,2,2,3,2,1,1,1,3,2,1
SF,IH2006,2020-05-12 09:32:34.800,2833.8000,23873,-1,327793260.000,2,0,2,多平,S,2833.8000,2833.6000,2833.0000,2832.6000,2832.0000,2834.6000,2834.8000,2835.0000,2835.4000,2835.6000,1,2,3,2,1,1,3,2,1,1
SF,IH2006,2020-05-12 09:32:35.800,2834.6000,23873,0,328643640.000,1,0,1,多换,S,2833.8000,2833.6000,2833.0000,2832.6000,2832.0000,2834.8000,2835.0000,2835.4000,2835.6000,2835.8000,2,2,3,2,1,3,2,1,1,2
SF,IH2006,2020-05-12 09:32:36.300,2834.6000,23873,0,328643640.000,0,-,-,-,-,2834.0000,2833.8000,2833.6000,2833.0000,2832.6000,2834.6000,2834.8000,2835.0000,2835.4000,2835.6000,1,1,2,3,2,1,3,2,1,1
SF,IH2006,2020-05-12 09:32:37.300,2834.6000,23873,0,328643640.000,0,-,-,-,-,2833.6000,2833.0000,2832.6000,2832.0000,2831.0000,2834.6000,2834.8000,2835.0000,2835.4000,2835.6000,2,3,2,1,2,1,3,2,1,1
SF,IH2006,2020-05-12 09:32:37.800,2834.6000,23873,0,328643640.000,0,-,-,-,-,2833.6000,2833.0000,2832.6000,2832.0000,2831.0000,2834.6000,2834.8000,2835.0000,2835.4000,2835.6000,2,3,2,1,2,2,3,2,1,1
SF,IH2006,2020-05-12 09:32:38.300,2834.6000,23873,0,328643640.000,0,-,-,-,-,2833.8000,2833.6000,2833.0000,2832.6000,2832.0000,2834.4000,2834.6000,2834.8000,2835.0000,2835.4000,1,2,3,2,1,2,2,3,2,1
SF,IH2006,2020-05-12 09:32:38.800,2834.6000,23873,0,328643640.000,0,-,-,-,-,2833.8000,2833.6000,2833.0000,2832.6000,2832.0000,2834.6000,2834.8000,2835.0000,2835.4000,2835.6000,1,2,3,2,1,2,3,2,1,1
SF,IH2006,2020-05-12 09:32:39.300,2834.6000,23873,0,328643640.000,0,-,-,-,-,2833.8000,2833.6000,2833.0000,2832.6000,2832.0000,2834.4000,2834.6000,2834.8000,2835.0000,2835.4000,1,2,3,2,1,4,2,1,2,1
SF,IH2006,2020-05-12 09:32:39.800,2834.6000,23873,0,328643640.000,0,-,-,-,-,2833.8000,2833.6000,2833.0000,2832.6000,2832.0000,2834.2000,2834.4000,2834.6000,2834.8000,2835.0000,1,2,3,2,1,1,4,2,1,2
SF,IH2006,2020-05-12 09:32:40.300,2833.6000,23871,-2,330343860.000,2,0,2,双平,S,2833.6000,2833.0000,2832.6000,2832.0000,2831.4000,2833.8000,2834.2000,2834.4000,2834.6000,2834.8000,1,3,2,1,1,21,1,4,2,1
SF,IH2006,2020-05-12 09:32:40.800,2833.6000,23871,0,331193940.000,1,0,1,多换,S,2833.0000,2832.6000,2832.0000,2831.4000,2831.0000,2833.6000,2833.8000,2834.2000,2834.4000,2834.6000,3,2,1,1,2,2,20,1,4,2
SF,IH2006,2020-05-12 09:32:41.300,2833.6000,23870,-1,332044020.000,1,0,1,双平,S,2833.0000,2832.6000,2832.0000,2831.4000,2831.0000,2833.6000,2833.8000,2834.2000,2834.4000,2834.6000,3,2,1,1,2,11,20,1,5,1
SF,IH2006,2020-05-12 09:32:41.800,2833.6000,23870,0,332044020.000,0,-,-,-,-,2833.0000,2832.6000,2832.0000,2831.4000,2831.0000,2833.4000,2833.6000,2833.8000,2834.2000,2834.4000,3,2,1,1,2,4,11,20,1,5
SF,IH2006,2020-05-12 09:32:42.300,2833.6000,23870,0,332044020.000,0,-,-,-,-,2833.0000,2832.6000,2832.0000,2831.4000,2831.0000,2833.4000,2833.6000,2833.8000,2834.2000,2834.4000,2,2,1,1,2,4,11,21,1,5
SF,IH2006,2020-05-12 09:32:42.800,2833.6000,23870,0,332044020.000,0,-,-,-,-,2833.0000,2832.6000,2832.0000,2831.4000,2831.0000,2833.4000,2833.6000,2833.8000,2834.4000,2834.6000,2,2,1,1,2,4,11,21,5,1
SF,IH2006,2020-05-12 09:32:43.300,2833.6000,23870,0,332044020.000,0,-,-,-,-,2833.0000,2832.6000,2832.0000,2831.4000,2831.0000,2833.2000,2833.4000,2833.6000,2833.8000,2834.4000,2,2,1,1,2,2,4,11,21,5
SF,IH2006,2020-05-12 09:32:43.800,2833.0000,23870,0,333743820.000,2,1,1,多换,S,2832.6000,2832.0000,2831.4000,2831.0000,2830.2000,2833.2000,2833.4000,2833.6000,2833.8000,2834.4000,2,1,1,2,1,2,2,11,21,5
SF,IH2006,2020-05-12 09:32:44.300,2833.0000,23870,0,333743820.000,0,-,-,-,-,2832.8000,2832.6000,2832.0000,2831.4000,2831.0000,2833.0000,2833.6000,2833.8000,2834.0000,2834.4000,1,2,1,1,3,2,11,21,1,4
SF,IH2006,2020-05-12 09:32:44.800,2833.0000,23870,0,333743820.000,0,-,-,-,-,2832.8000,2832.6000,2832.0000,2831.4000,2831.0000,2833.6000,2833.8000,2834.0000,2834.4000,2834.6000,1,2,1,1,3,11,21,1,4,1
SF,IH2006,2020-05-12 09:32:45.300,2833.0000,23870,0,333743820.000,0,-,-,-,-,2833.2000,2832.8000,2832.6000,2832.0000,2831.4000,2833.4000,2833.6000,2833.8000,2834.0000,2834.4000,1,1,2,1,1,5,11,21,1,4
SF,IH2006,2020-05-12 09:32:45.800,2833.2000,23870,0,334593780.000,1,0,1,多换,S,2832.6000,2832.0000,2831.4000,2831.0000,2830.2000,2832.8000,2833.2000,2833.4000,2833.6000,2833.8000,2,1,1,3,1,11,3,4,11,21
SF,IH2006,2020-05-12 09:32:46.300,2832.8000,23870,0,337993140.000,4,2,2,多换,S,2832.6000,2832.0000,2831.4000,2831.0000,2830.6000,2832.8000,2833.2000,2833.4000,2833.6000,2833.8000,2,1,1,3,1,7,4,2,11,22
SF,IH2006,2020-05-12 09:32:46.800,2832.8000,23870,0,338842980.000,1,0,1,多换,S,2832.6000,2832.0000,2831.4000,2831.0000,2830.6000,2832.8000,2833.2000,2833.4000,2833.6000,2833.8000,2,1,1,3,1,6,4,2,11,22
SF,IH2006,2020-05-12 09:32:47.300,2832.8000,23870,0,338842980.000,0,-,-,-,-,2832.6000,2832.0000,2831.4000,2831.0000,2830.6000,2832.8000,2833.2000,2833.4000,2833.6000,2833.8000,1,1,1,3,1,6,4,2,11,22
SF,IH2006,2020-05-12 09:32:47.800,2832.6000,23870,0,339692760.000,1,0,1,多换,S,2832.0000,2831.8000,2831.4000,2831.0000,2830.6000,2832.6000,2832.8000,2833.2000,2833.4000,2833.6000,1,1,1,3,1,1,6,3,2,11
SF,IH2006,2020-05-12 09:32:48.300,2832.0000,23871,1,341392080.000,2,1,1,空开,S,2831.8000,2831.6000,2831.4000,2831.0000,2830.6000,2832.0000,2832.6000,2832.8000,2833.2000,2833.4000,1,1,1,3,1,8,1,6,2,2
SF,IH2006,2020-05-12 09:32:48.800,2832.0000,23872,1,348188880.000,8,4,4,空开,S,2831.8000,2831.6000,2831.4000,2831.0000,2830.6000,2832.6000,2832.8000,2833.2000,2833.4000,2833.6000,1,1,1,3,1,1,6,2,2,11
SF,IH2006,2020-05-12 09:32:49.300,2832.0000,23872,0,348188880.000,0,-,-,-,-,2832.0000,2831.8000,2831.6000,2831.4000,2831.0000,2832.4000,2832.8000,2833.2000,2833.4000,2833.6000,2,2,1,1,3,1,6,2,2,11
SF,IH2006,2020-05-12 09:32:49.800,2832.4000,23872,0,349038600.000,1,0,1,多换,S,2832.6000,2832.2000,2832.0000,2831.8000,2831.6000,2832.8000,2833.2000,2833.4000,2833.6000,2833.8000,3,1,2,2,1,6,2,2,11,22
SF,IH2006,2020-05-12 09:32:50.300,2832.4000,23872,0,350738040.000,2,1,1,多换,S,2832.2000,2832.0000,2831.8000,2831.6000,2831.4000,2832.8000,2833.2000,2833.4000,2833.6000,2833.8000,1,3,2,1,1,6,2,2,11,22
SF,IH2006,2020-05-12 09:32:50.800,2832.0000,23873,1,354136500.000,4,2,2,空开,S,2831.8000,2831.6000,2831.4000,2831.0000,2830.6000,2832.0000,2832.6000,2832.8000,2833.2000,2833.4000,1,1,1,4,1,6,1,6,2,2
SF,IH2006,2020-05-12 09:32:51.300,2832.6000,23875,2,363483000.000,11,6,5,空开,S,2832.2000,2832.0000,2831.8000,2831.6000,2831.4000,2832.8000,2833.2000,2833.4000,2833.6000,2833.8000,5,1,2,1,1,6,2,2,1,22
SF,IH2006,2020-05-12 09:32:51.800,2832.2000,23874,-1,367731300.000,5,2,3,多平,S,2831.4000,2831.0000,2830.6000,2830.2000,2829.0000,2832.0000,2832.2000,2832.6000,2832.8000,2833.0000,1,4,1,1,1,1,1,5,9,1
SF,IH2006,2020-05-12 09:32:52.300,2831.4000,23873,-1,368580720.000,1,0,1,双平,S,2831.4000,2831.0000,2830.6000,2830.2000,2829.8000,2831.8000,2832.0000,2832.2000,2832.6000,2832.8000,1,4,1,1,1,2,1,1,7,7
SF,IH2006,2020-05-12 09:32:52.800,2831.8000,23874,1,369430260.000,1,1,0,双开,S,2831.4000,2831.0000,2830.6000,2830.2000,2829.8000,2832.0000,2832.2000,2832.6000,2832.8000,2833.0000,1,4,1,1,1,1,1,4,7,1
SF,IH2006,2020-05-12 09:32:53.300,2831.8000,23874,0,369430260.000,0,-,-,-,-,2831.4000,2831.0000,2830.6000,2830.2000,2829.8000,2832.0000,2832.2000,2832.6000,2832.8000,2833.0000,1,4,1,1,1,1,1,4,7,1
SF,IH2006,2020-05-12 09:32:53.800,2832.2000,23874,0,371129520.000,2,1,1,多换,S,2831.4000,2831.0000,2830.6000,2830.2000,2829.8000,2832.6000,2832.8000,2833.0000,2833.2000,2833.4000,1,4,1,1,1,1,7,1,2,2
SF,IH2006,2020-05-12 09:32:54.300,2831.4000,23877,3,377925300.000,8,5,3,空开,S,2831.0000,2830.6000,2830.2000,2829.8000,2829.0000,2831.2000,2832.4000,2832.6000,2833.0000,2833.2000,4,1,1,1,1,4,2,1,1,2
SF,IH2006,2020-05-12 09:32:54.800,2831.2000,23877,0,381322740.000,4,2,2,多换,S,2832.0000,2831.4000,2831.2000,2831.0000,2830.6000,2832.6000,2833.2000,2833.4000,2833.8000,2834.0000,1,2,8,5,1,2,2,2,22,1
SF,IH2006,2020-05-12 09:32:55.300,2832.0000,23874,-3,383871540.000,3,0,3,双平,S,2832.2000,2831.4000,2831.2000,2831.0000,2830.6000,2832.4000,2832.6000,2833.2000,2833.4000,2833.8000,1,8,10,6,2,1,1,2,2,22
SF,IH2006,2020-05-12 09:32:55.800,2832.2000,23873,-1,384721200.000,1,0,1,双平,S,2831.6000,2831.4000,2831.2000,2831.0000,2830.6000,2832.2000,2832.6000,2833.2000,2833.4000,2833.8000,1,8,9,6,2,1,1,2,2,22
SF,IH2006,2020-05-12 09:32:56.300,2831.8000,23873,0,386420400.000,2,1,1,多换,S,2831.8000,2831.6000,2831.4000,2831.2000,2831.0000,2832.0000,2832.6000,2833.2000,2833.4000,2833.8000,4,1,6,7,6,2,1,2,1,4
SF,IH2006,2020-05-12 09:32:56.800,2831.4000,23882,9,398313180.000,14,11,3,空开,S,2831.2000,2831.0000,2830.6000,2830.2000,2829.0000,2831.4000,2832.6000,2833.2000,2833.8000,2834.0000,5,7,2,1,1,6,1,2,4,1
SF,IH2006,2020-05-12 09:32:57.300,2831.4000,23882,0,403409700.000,6,3,3,多换,S,2831.4000,2831.2000,2831.0000,2830.6000,2830.2000,2832.4000,2832.6000,2833.2000,2833.8000,2834.0000,2,2,5,2,1,1,1,2,2,1
SF,IH2006,2020-05-12 09:32:57.800,2831.4000,23882,0,405108540.000,2,1,1,多换,S,2831.2000,2831.0000,2830.6000,2830.2000,2829.0000,2831.4000,2832.2000,2832.4000,2832.6000,2833.2000,2,3,2,1,1,2,6,2,1,2
SF,IH2006,2020-05-12 09:32:58.300,2831.4000,23883,1,406807380.000,2,1,1,空开,S,2831.4000,2831.2000,2831.0000,2830.6000,2830.2000,2832.0000,2832.2000,2832.4000,2832.6000,2833.2000,5,2,3,2,1,1,3,2,1,2
SF,IH2006,2020-05-12 09:32:58.800,2831.4000,23883,0,408506400.000,2,1,1,多换,S,2831.4000,2831.2000,2831.0000,2830.6000,2830.2000,2832.2000,2832.4000,2832.6000,2833.2000,2833.8000,4,1,3,2,1,3,2,1,2,2
SF,IH2006,2020-05-12 09:32:59.300,2831.4000,23883,0,408506400.000,0,-,-,-,-,2831.4000,2831.2000,2831.0000,2830.6000,2830.2000,2832.0000,2832.2000,2832.4000,2832.6000,2833.2000,4,1,3,2,1,1,3,1,1,2
SF,IH2006,2020-05-12 09:32:59.800,2831.8000,23884,1,409355940.000,1,1,0,双开,S,2831.4000,2831.2000,2831.0000,2830.6000,2830.2000,2832.2000,2832.4000,2832.6000,2833.2000,2833.8000,4,1,3,2,1,1,1,1,2,2
SF,IH2006,2020-05-12 09:33:00.300,2831.8000,23884,0,409355940.000,0,-,-,-,-,2831.2000,2831.0000,2830.6000,2830.2000,2829.0000,2832.0000,2832.2000,2832.4000,2832.6000,2833.2000,1,3,2,1,1,3,2,1,1,2
SF,IH2006,2020-05-12 09:33:00.800,2831.4000,23883,-1,411904380.000,3,1,2,多平,S,2831.2000,2831.0000,2830.6000,2830.2000,2829.0000,2832.0000,2832.2000,2832.4000,2832.6000,2833.2000,1,4,2,1,1,1,1,1,1,2
SF,IH2006,2020-05-12 09:33:01.300,2831.4000,23883,0,411904380.000,0,-,-,-,-,2831.4000,2831.2000,2831.0000,2830.6000,2830.2000,2832.0000,2832.2000,2832.4000,2832.6000,2833.2000,4,1,4,2,1,1,1,1,1,2
SF,IH2006,2020-05-12 09:33:01.800,2832.0000,23883,0,412753980.000,1,0,1,多换,S,2831.6000,2831.4000,2831.2000,2831.0000,2830.6000,2832.2000,2832.4000,2832.6000,2833.2000,2833.8000,1,4,1,4,2,1,1,1,2,2
SF,IH2006,2020-05-12 09:33:02.300,2832.0000,23883,0,412753980.000,0,-,-,-,-,2831.8000,2831.6000,2831.4000,2831.2000,2831.0000,2832.4000,2832.6000,2833.2000,2833.8000,2834.0000,2,1,4,1,4,1,1,2,2,1
SF,IH2006,2020-05-12 09:33:02.800,2832.0000,23883,0,412753980.000,0,-,-,-,-,2831.6000,2831.4000,2831.2000,2831.0000,2830.6000,2832.2000,2832.4000,2832.6000,2833.2000,2833.8000,1,4,1,4,2,2,1,1,2,2
SF,IH2006,2020-05-12 09:33:03.300,2832.0000,23883,0,412753980.000,0,-,-,-,-,2831.8000,2831.6000,2831.4000,2831.2000,2831.0000,2832.2000,2832.4000,2832.6000,2833.2000,2833.8000,4,1,4,1,4,2,1,1,2,2
SF,IH2006,2020-05-12 09:33:03.800,2831.8000,23879,-4,416152140.000,4,0,4,双平,S,2831.6000,2831.2000,2831.0000,2830.6000,2830.2000,2832.0000,2832.2000,2832.4000,2832.6000,2833.2000,1,1,4,2,1,1,2,1,1,2
SF,IH2006,2020-05-12 09:33:04.300,2831.8000,23879,0,416152140.000,0,-,-,-,-,2831.2000,2831.0000,2830.6000,2830.2000,2829.0000,2831.6000,2831.8000,2832.2000,2832.4000,2832.6000,1,4,2,1,1,2,1,2,1,1
SF,IH2006,2020-05-12 09:33:04.800,2831.6000,23879,0,417851100.000,2,1,1,多换,S,2831.8000,2831.6000,2831.2000,2831.0000,2830.6000,2832.2000,2832.4000,2832.6000,2833.2000,2833.8000,1,5,1,4,2,2,1,1,2,2
SF,IH2006,2020-05-12 09:33:05.300,2831.6000,23879,0,419550120.000,2,1,1,多换,S,2831.2000,2831.0000,2830.6000,2830.2000,2829.0000,2832.2000,2832.4000,2832.6000,2833.2000,2833.8000,1,4,2,1,1,2,1,1,2,2
SF,IH2006,2020-05-12 09:33:05.800,2831.6000,23879,0,419550120.000,0,-,-,-,-,2831.2000,2831.0000,2830.6000,2830.2000,2829.0000,2832.2000,2832.4000,2832.6000,2833.2000,2833.8000,2,4,2,1,1,2,1,1,2,2
SF,IH2006,2020-05-12 09:33:06.300,2831.6000,23879,0,419550120.000,0,-,-,-,-,2831.2000,2831.0000,2830.6000,2830.2000,2829.0000,2832.2000,2832.4000,2832.6000,2833.2000,2833.8000,3,4,2,1,1,2,1,1,2,2
SF,IH2006,2020-05-12 09:33:06.800,2831.6000,23879,0,419550120.000,0,-,-,-,-,2831.2000,2831.0000,2830.6000,2830.2000,2829.0000,2832.0000,2832.2000,2832.4000,2832.6000,2833.2000,2,4,2,1,1,1,2,1,1,2
SF,IH2006,2020-05-12 09:33:07.800,2831.6000,23879,0,419550120.000,0,-,-,-,-,2831.6000,2831.2000,2831.0000,2830.6000,2830.2000,2832.0000,2832.2000,2832.4000,2832.6000,2833.2000,5,2,4,2,1,1,2,1,1,2
SF,IH2006,2020-05-12 09:33:08.300,2831.2000,23880,1,421248840.000,2,1,1,空开,S,2831.0000,2830.6000,2830.2000,2829.0000,2828.2000,2832.2000,2832.4000,2832.6000,2833.2000,2833.8000,4,2,1,1,1,2,1,1,2,2
SF,IH2006,2020-05-12 09:33:08.800,2831.2000,23880,0,421248840.000,0,-,-,-,-,2831.6000,2831.2000,2831.0000,2830.6000,2830.2000,2832.2000,2832.4000,2832.6000,2833.2000,2833.8000,4,2,6,2,1,2,1,1,2,2
SF,IH2006,2020-05-12 09:33:09.300,2831.2000,23880,0,421248840.000,0,-,-,-,-,2832.0000,2831.2000,2831.0000,2830.6000,2830.2000,2832.2000,2832.4000,2832.6000,2833.2000,2833.8000,1,2,4,2,1,2,1,1,2,2
SF,IH2006,2020-05-12 09:33:09.800,2832.2000,23879,-1,422098500.000,1,0,1,双平,S,2832.0000,2831.6000,2831.2000,2831.0000,2830.6000,2832.2000,2832.4000,2832.6000,2833.2000,2833.8000,1,2,2,4,2,1,1,1,2,2
SF,IH2006,2020-05-12 09:33:10.300,2832.0000,23879,0,422948100.000,1,0,1,多换,S,2831.6000,2831.2000,2831.0000,2830.6000,2830.2000,2832.2000,2832.4000,2832.6000,2833.2000,2833.8000,2,2,4,2,1,2,1,1,2,2
SF,IH2006,2020-05-12 09:33:10.800,2832.0000,23879,0,422948100.000,0,-,-,-,-,2831.2000,2831.0000,2830.6000,2830.2000,2829.0000,2832.2000,2832.4000,2832.6000,2833.2000,2833.8000,2,4,2,1,1,2,1,1,2,2
SF,IH2006,2020-05-12 09:33:11.300,2832.0000,23879,0,422948100.000,0,-,-,-,-,2831.8000,2831.6000,2831.4000,2831.2000,2831.0000,2832.2000,2832.4000,2832.6000,2833.2000,2833.8000,4,2,2,2,4,2,1,1,2,2
SF,IH2006,2020-05-12 09:33:11.800,2832.0000,23879,0,422948100.000,0,-,-,-,-,2831.4000,2831.2000,2831.0000,2830.6000,2830.2000,2832.2000,2832.4000,2832.6000,2833.2000,2833.8000,2,3,4,2,1,2,2,1,2,2
SF,IH2006,2020-05-12 09:33:12.300,2832.0000,23879,0,422948100.000,0,-,-,-,-,2831.8000,2831.6000,2831.4000,2831.2000,2831.0000,2832.2000,2832.4000,2832.6000,2833.2000,2833.8000,5,2,2,3,4,2,2,1,2,2
SF,IH2006,2020-05-12 09:33:12.800,2832.0000,23879,0,422948100.000,0,-,-,-,-,2832.0000,2831.8000,2831.6000,2831.4000,2831.2000,2832.2000,2832.4000,2832.6000,2833.2000,2833.8000,1,5,2,2,3,2,2,1,2,2
SF,IH2006,2020-05-12 09:33:13.300,2832.0000,23879,0,422948100.000,0,-,-,-,-,2832.0000,2831.6000,2831.2000,2831.0000,2830.6000,2832.2000,2832.4000,2832.6000,2833.2000,2833.8000,1,2,3,4,2,2,2,1,2,2
SF,IH2006,2020-05-12 09:33:13.800,2832.2000,23880,1,423797760.000,1,1,0,双开,S,2831.6000,2831.2000,2831.0000,2830.6000,2830.2000,2832.2000,2832.4000,2832.6000,2833.2000,2833.8000,2,3,4,2,1,1,2,1,2,2
SF,IH2006,2020-05-12 09:33:14.300,2832.2000,23879,-1,424647420.000,1,0,1,双平,S,2831.6000,2831.2000,2831.0000,2830.6000,2830.2000,2832.4000,2832.6000,2833.2000,2833.8000,2834.0000,3,3,4,2,1,2,1,2,2,1
SF,IH2006,2020-05-12 09:33:14.800,2832.4000,23877,-2,426346860.000,2,0,2,双平,S,2831.6000,2831.2000,2831.0000,2830.6000,2830.2000,2832.6000,2833.2000,2833.8000,2834.0000,2834.2000,3,3,4,2,1,1,2,2,1,1
SF,IH2006,2020-05-12 09:33:15.300,2832.4000,23877,0,426346860.000,0,-,-,-,-,2831.8000,2831.6000,2831.2000,2831.0000,2830.6000,2832.8000,2833.2000,2833.8000,2834.0000,2834.2000,9,5,2,4,2,1,2,2,1,1
SF,IH2006,2020-05-12 09:33:15.800,2832.2000,23877,0,428046180.000,2,1,1,多换,S,2832.2000,2831.8000,2831.6000,2831.4000,2831.2000,2832.8000,2833.2000,2833.8000,2834.0000,2834.2000,2,9,1,2,2,1,2,1,1,1
SF,IH2006,2020-05-12 09:33:16.300,2832.8000,23877,0,428896020.000,1,0,1,多换,S,2832.4000,2832.2000,2832.0000,2831.8000,2831.6000,2833.2000,2833.8000,2834.0000,2834.2000,2834.4000,1,2,1,7,1,2,1,1,1,3
SF,IH2006,2020-05-12 09:33:16.800,2832.4000,23878,1,429745740.000,1,1,0,双开,S,2832.4000,2832.2000,2832.0000,2831.8000,2831.6000,2833.8000,2834.0000,2834.2000,2834.4000,2834.8000,2,2,1,7,1,1,1,1,3,2
SF,IH2006,2020-05-12 09:33:17.300,2832.4000,23878,0,429745740.000,0,-,-,-,-,2832.2000,2832.0000,2831.8000,2831.6000,2831.4000,2833.6000,2833.8000,2834.0000,2834.2000,2834.4000,2,1,6,1,4,6,2,2,1,3
SF,IH2006,2020-05-12 09:33:17.800,2832.4000,23878,0,429745740.000,0,-,-,-,-,2832.4000,2832.2000,2832.0000,2831.8000,2831.6000,2833.4000,2833.6000,2833.8000,2834.0000,2834.2000,1,4,1,5,1,6,5,2,2,1
SF,IH2006,2020-05-12 09:33:18.300,2832.4000,23878,0,429745740.000,0,-,-,-,-,2832.4000,2832.2000,2832.0000,2831.8000,2831.6000,2833.2000,2833.4000,2833.6000,2833.8000,2834.0000,1,2,1,5,1,3,2,4,1,2
SF,IH2006,2020-05-12 09:33:18.800,2832.4000,23878,0,429745740.000,0,-,-,-,-,2832.4000,2832.2000,2832.0000,2831.8000,2831.6000,2833.2000,2833.4000,2833.6000,2833.8000,2834.0000,4,2,1,5,1,3,2,3,1,2
SF,IH2006,2020-05-12 09:33:19.300,2832.4000,23878,0,429745740.000,0,-,-,-,-,2832.4000,2832.2000,2832.0000,2831.8000,2831.6000,2833.0000,2833.2000,2833.4000,2833.6000,2833.8000,4,2,1,5,1,3,2,4,2,1
SF,IH2006,2020-05-12 09:33:19.800,2832.4000,23878,0,429745740.000,0,-,-,-,-,2832.6000,2832.2000,2832.0000,2831.8000,2831.6000,2832.8000,2833.0000,2833.2000,2833.4000,2833.6000,1,2,1,5,1,1,3,1,4,2
SF,IH2006,2020-05-12 09:33:20.300,2832.4000,23878,0,429745740.000,0,-,-,-,-,2831.8000,2831.6000,2831.2000,2831.0000,2830.6000,2832.6000,2832.8000,2833.0000,2833.2000,2833.4000,5,1,2,4,1,4,1,3,1,4
SF,IH2006,2020-05-12 09:33:20.800,2832.4000,23878,0,429745740.000,0,-,-,-,-,2831.6000,2831.2000,2831.0000,2830.6000,2830.2000,2832.4000,2832.6000,2832.8000,2833.0000,2833.2000,1,2,4,1,1,1,2,1,3,1
SF,IH2006,2020-05-12 09:33:21.300,2832.4000,23878,0,429745740.000,0,-,-,-,-,2832.4000,2831.8000,2831.6000,2831.2000,2831.0000,2832.6000,2832.8000,2833.0000,2833.2000,2833.4000,1,1,3,2,6,2,1,1,1,4
SF,IH2006,2020-05-12 09:33:21.800,2832.4000,23878,0,430595460.000,1,0,1,多换,S,2831.8000,2831.6000,2831.2000,2831.0000,2830.6000,2832.4000,2832.6000,2832.8000,2833.0000,2833.2000,1,1,2,6,1,4,1,2,3,1
SF,IH2006,2020-05-12 09:33:22.300,2832.4000,23878,0,430595460.000,0,-,-,-,-,2832.2000,2831.8000,2831.6000,2831.2000,2831.0000,2832.4000,2832.6000,2832.8000,2833.0000,2833.2000,5,1,1,2,6,1,1,2,3,1
SF,IH2006,2020-05-12 09:33:22.800,2832.4000,23879,1,431445180.000,1,1,0,双开,S,2831.8000,2831.6000,2831.2000,2831.0000,2830.6000,2832.6000,2832.8000,2833.0000,2833.2000,2833.4000,1,1,1,4,1,1,2,3,1,4
SF,IH2006,2020-05-12 09:33:23.300,2832.4000,23879,0,431445180.000,0,-,-,-,-,2831.8000,2831.2000,2831.0000,2830.6000,2830.2000,2832.2000,2832.4000,2832.6000,2832.8000,2833.0000,1,1,4,1,1,1,4,2,3,3
SF,IH2006,2020-05-12 09:33:23.800,2832.4000,23879,0,431445180.000,0,-,-,-,-,2831.2000,2831.0000,2830.6000,2830.2000,2830.0000,2832.2000,2832.4000,2832.6000,2832.8000,2833.0000,1,4,1,1,1,1,2,2,3,3
SF,IH2006,2020-05-12 09:33:24.300,2832.4000,23879,0,431445180.000,0,-,-,-,-,2831.4000,2831.2000,2831.0000,2830.6000,2830.2000,2832.0000,2832.2000,2832.4000,2832.6000,2832.8000,2,3,4,3,1,1,1,4,2,3
SF,IH2006,2020-05-12 09:33:24.800,2832.4000,23879,0,431445180.000,0,-,-,-,-,2831.4000,2831.2000,2831.0000,2830.6000,2830.2000,2832.0000,2832.2000,2832.4000,2832.6000,2832.8000,3,4,4,3,1,2,1,3,1,3
SF,IH2006,2020-05-12 09:33:25.300,2832.4000,23879,0,431445180.000,0,-,-,-,-,2831.4000,2831.2000,2831.0000,2830.6000,2830.2000,2832.0000,2832.2000,2832.4000,2832.6000,2832.8000,1,4,4,3,1,2,1,3,1,4
SF,IH2006,2020-05-12 09:33:25.800,2832.4000,23879,0,431445180.000,0,-,-,-,-,2831.4000,2831.2000,2831.0000,2830.6000,2830.2000,2832.0000,2832.2000,2832.4000,2832.6000,2832.8000,1,4,4,3,1,2,2,3,1,4
SF,IH2006,2020-05-12 09:33:26.800,2832.4000,23879,0,431445180.000,0,-,-,-,-,2831.4000,2831.2000,2831.0000,2830.6000,2830.2000,2832.0000,2832.2000,2832.4000,2832.6000,2832.8000,4,4,4,3,1,2,2,3,1,4
SF,IH2006,2020-05-12 09:33:27.300,2832.2000,23878,-1,434843700.000,4,1,3,多平,S,2831.4000,2831.2000,2831.0000,2830.6000,2830.2000,2832.2000,2832.4000,2832.6000,2832.8000,2833.0000,4,4,4,1,1,2,3,1,4,3
SF,IH2006,2020-05-12 09:33:27.800,2832.2000,23878,0,434843700.000,0,-,-,-,-,2831.6000,2831.4000,2831.2000,2831.0000,2830.6000,2832.2000,2832.4000,2832.6000,2832.8000,2833.0000,2,4,4,4,1,2,3,1,4,3
SF,IH2006,2020-05-12 09:33:28.300,2832.2000,23878,0,435693360.000,1,0,1,多换,S,2831.4000,2831.2000,2831.0000,2830.6000,2830.2000,2832.2000,2832.4000,2832.6000,2832.8000,2833.0000,4,4,4,1,1,2,4,1,4,3
SF,IH2006,2020-05-12 09:33:28.800,2832.2000,23878,0,435693360.000,0,-,-,-,-,2831.2000,2831.0000,2830.6000,2830.2000,2830.0000,2832.0000,2832.2000,2832.4000,2832.6000,2832.8000,2,4,1,1,1,1,2,5,1,4
SF,IH2006,2020-05-12 09:33:29.300,2832.2000,23878,0,435693360.000,0,-,-,-,-,2831.2000,2831.0000,2830.6000,2830.2000,2830.0000,2832.0000,2832.2000,2832.4000,2832.6000,2832.8000,2,4,1,1,1,2,4,5,1,4
SF,IH2006,2020-05-12 09:33:29.800,2832.2000,23878,0,435693360.000,0,-,-,-,-,2831.2000,2831.0000,2830.6000,2830.2000,2830.0000,2832.0000,2832.2000,2832.4000,2832.6000,2832.8000,2,4,1,1,1,2,5,5,1,4
SF,IH2006,2020-05-12 09:33:30.300,2832.2000,23878,0,435693360.000,0,-,-,-,-,2831.2000,2831.0000,2830.6000,2830.2000,2830.0000,2832.0000,2832.2000,2832.4000,2832.8000,2833.0000,5,4,1,1,1,2,5,5,4,3
SF,IH2006,2020-05-12 09:33:30.800,2832.2000,23878,0,435693360.000,0,-,-,-,-,2831.2000,2831.0000,2830.6000,2830.2000,2830.0000,2832.0000,2832.2000,2832.4000,2832.8000,2833.0000,10,4,1,1,1,2,6,5,4,3
SF,IH2006,2020-05-12 09:33:31.300,2832.2000,23878,0,435693360.000,0,-,-,-,-,2831.2000,2831.0000,2830.6000,2830.2000,2830.0000,2832.0000,2832.2000,2832.4000,2832.8000,2833.0000,5,4,1,1,1,2,6,5,4,3
SF,IH2006,2020-05-12 09:33:31.800,2832.2000,23878,0,435693360.000,0,-,-,-,-,2831.2000,2831.0000,2830.6000,2830.2000,2830.0000,2832.0000,2832.2000,2832.4000,2832.8000,2833.0000,5,4,1,1,1,2,8,5,4,3
SF,IH2006,2020-05-12 09:33:32.300,2832.2000,23878,0,435693360.000,0,-,-,-,-,2831.2000,2831.0000,2830.6000,2830.2000,2830.0000,2832.0000,2832.2000,2832.4000,2832.8000,2833.0000,10,4,1,1,1,2,9,6,4,3
SF,IH2006,2020-05-12 09:33:32.800,2831.2000,23877,-1,437392080.000,2,0,2,多平,S,2831.2000,2831.0000,2830.6000,2830.2000,2830.0000,2832.0000,2832.2000,2832.4000,2832.8000,2833.0000,8,4,1,1,1,2,10,6,4,3
SF,IH2006,2020-05-12 09:33:33.300,2831.2000,23877,0,437392080.000,0,-,-,-,-,2831.2000,2831.0000,2830.6000,2830.2000,2830.0000,2832.0000,2832.2000,2832.4000,2832.8000,2833.0000,8,4,1,1,1,1,10,6,4,3
SF,IH2006,2020-05-12 09:33:33.800,2832.0000,23876,-1,438241680.000,1,0,1,双平,S,2831.6000,2831.4000,2831.2000,2831.0000,2830.6000,2832.2000,2832.4000,2832.8000,2833.0000,2833.4000,5,3,8,4,1,11,6,4,3,4
SF,IH2006,2020-05-12 09:33:34.300,2832.0000,23876,0,438241680.000,0,-,-,-,-,2831.8000,2831.6000,2831.4000,2831.2000,2831.0000,2832.2000,2832.4000,2832.8000,2833.0000,2833.4000,2,5,2,9,5,11,9,4,3,4
SF,IH2006,2020-05-12 09:33:34.800,2832.0000,23876,0,438241680.000,0,-,-,-,-,2831.8000,2831.6000,2831.4000,2831.2000,2831.0000,2832.2000,2832.4000,2832.8000,2833.0000,2833.4000,2,5,2,9,5,11,10,4,3,4
SF,IH2006,2020-05-12 09:33:35.300,2832.0000,23876,0,438241680.000,0,-,-,-,-,2832.0000,2831.8000,2831.6000,2831.4000,2831.2000,2832.2000,2832.4000,2832.8000,2833.0000,2833.4000,2,2,6,2,9,11,10,4,3,4
SF,IH2006,2020-05-12 09:33:35.800,2832.2000,23871,-5,443339640.000,6,0,6,多平,S,2832.0000,2831.8000,2831.6000,2831.4000,2831.2000,2832.2000,2832.4000,2832.8000,2833.0000,2833.4000,2,2,6,2,9,5,12,4,3,4
SF,IH2006,2020-05-12 09:33:37.300,2832.0000,23870,-1,445038900.000,2,0,2,多平,S,2832.0000,2831.8000,2831.6000,2831.4000,2831.2000,2832.2000,2832.4000,2832.8000,2833.0000,2833.4000,2,1,6,2,9,4,12,4,3,4
SF,IH2006,2020-05-12 09:33:37.800,2832.0000,23869,-1,446738100.000,2,0,2,多平,S,2831.8000,2831.6000,2831.4000,2831.2000,2831.0000,2832.2000,2832.4000,2832.8000,2833.0000,2833.4000,1,6,2,9,5,4,16,4,3,4
SF,IH2006,2020-05-12 09:33:38.300,2832.0000,23869,0,446738100.000,0,-,-,-,-,2831.6000,2831.4000,2831.2000,2831.0000,2830.6000,2832.0000,2832.2000,2832.4000,2832.8000,2833.0000,1,1,9,5,1,2,4,16,4,3
SF,IH2006,2020-05-12 09:33:38.800,2832.0000,23869,0,446738100.000,0,-,-,-,-,2831.8000,2831.6000,2831.4000,2831.2000,2831.0000,2832.2000,2832.4000,2832.8000,2833.0000,2833.4000,3,1,1,9,5,5,16,4,3,4
SF,IH2006,2020-05-12 09:33:39.300,2832.2000,23869,0,447587760.000,1,0,1,多换,S,2831.8000,2831.6000,2831.4000,2831.2000,2831.0000,2832.2000,2832.4000,2832.8000,2833.0000,2833.4000,3,1,1,9,5,4,18,4,3,4
SF,IH2006,2020-05-12 09:33:39.800,2832.2000,23869,0,447587760.000,0,-,-,-,-,2831.8000,2831.6000,2831.4000,2831.2000,2831.0000,2832.2000,2832.4000,2832.8000,2833.0000,2833.4000,3,1,1,9,5,4,19,4,3,4
SF,IH2006,2020-05-12 09:33:40.800,2832.2000,23867,-2,449287080.000,2,0,2,双平,S,2831.8000,2831.6000,2831.4000,2831.2000,2831.0000,2832.2000,2832.4000,2832.8000,2833.0000,2833.4000,3,1,1,9,5,2,19,4,3,4
SF,IH2006,2020-05-12 09:33:41.300,2832.4000,23863,-4,452685840.000,4,0,4,双平,S,2832.2000,2832.0000,2831.8000,2831.6000,2831.2000,2832.4000,2832.8000,2833.0000,2833.4000,2833.6000,2,1,3,1,9,19,4,3,4,1
SF,IH2006,2020-05-12 09:33:41.800,2832.2000,23863,0,453535500.000,1,0,1,多换,S,2832.0000,2831.8000,2831.6000,2831.2000,2831.0000,2832.4000,2832.8000,2833.0000,2833.4000,2833.6000,1,3,1,9,5,19,4,3,4,1
SF,IH2006,2020-05-12 09:33:42.300,2832.2000,23863,0,453535500.000,0,-,-,-,-,2832.2000,2832.0000,2831.8000,2831.6000,2831.2000,2832.4000,2832.8000,2833.0000,2833.4000,2833.6000,5,1,3,1,9,19,4,3,4,1
SF,IH2006,2020-05-12 09:33:42.800,2832.2000,23859,-4,457783800.000,5,0,5,多平,S,2832.0000,2831.8000,2831.6000,2831.2000,2831.0000,2832.2000,2832.4000,2832.6000,2832.8000,2833.0000,1,2,1,9,5,4,19,2,4,3
SF,IH2006,2020-05-12 09:33:43.300,2832.0000,23859,0,458633400.000,1,0,1,多换,S,2831.6000,2831.2000,2831.0000,2830.6000,2830.2000,2832.0000,2832.2000,2832.4000,2832.6000,2832.8000,1,9,5,1,1,3,5,19,2,4
SF,IH2006,2020-05-12 09:33:43.800,2832.0000,23859,0,459483000.000,1,0,1,多换,S,2831.6000,2831.2000,2831.0000,2830.6000,2830.2000,2832.0000,2832.2000,2832.4000,2832.6000,2832.8000,1,9,5,1,1,2,1,19,2,4
SF,IH2006,2020-05-12 09:33:44.300,2832.0000,23859,0,459483000.000,0,-,-,-,-,2831.6000,2831.2000,2831.0000,2830.6000,2830.2000,2831.8000,2832.0000,2832.2000,2832.4000,2832.6000,1,9,5,1,1,1,2,2,19,2
SF,IH2006,2020-05-12 09:33:44.800,2832.0000,23859,0,460332600.000,1,0,1,多换,S,2831.6000,2831.2000,2831.0000,2830.6000,2830.2000,2832.0000,2832.2000,2832.4000,2832.6000,2832.8000,1,9,5,1,1,1,2,19,2,4
SF,IH2006,2020-05-12 09:33:45.300,2832.0000,23859,0,460332600.000,0,-,-,-,-,2831.8000,2831.6000,2831.2000,2831.0000,2830.6000,2832.0000,2832.2000,2832.4000,2832.6000,2832.8000,1,1,9,5,1,1,2,19,2,4
SF,IH2006,2020-05-12 09:33:45.800,2832.2000,23858,-1,462031860.000,2,0,2,多平,S,2831.8000,2831.6000,2831.2000,2831.0000,2830.6000,2832.2000,2832.4000,2832.6000,2832.8000,2833.0000,1,1,9,5,1,1,19,2,4,3
SF,IH2006,2020-05-12 09:33:46.300,2832.2000,23858,0,462031860.000,0,-,-,-,-,2832.0000,2831.8000,2831.6000,2831.2000,2831.0000,2832.2000,2832.4000,2832.6000,2832.8000,2833.0000,1,1,1,9,5,1,20,2,4,3
SF,IH2006,2020-05-12 09:33:46.800,2832.2000,23858,0,462031860.000,0,-,-,-,-,2832.0000,2831.6000,2831.2000,2831.0000,2830.6000,2832.2000,2832.4000,2832.6000,2832.8000,2833.0000,1,1,9,5,1,1,10,2,2,2
SF,IH2006,2020-05-12 09:33:47.300,2832.2000,23857,-1,462881520.000,1,0,1,双平,S,2831.6000,2831.2000,2831.0000,2830.6000,2830.2000,2832.2000,2832.4000,2832.6000,2832.8000,2833.0000,1,9,5,1,1,15,10,2,2,2
SF,IH2006,2020-05-12 09:33:47.800,2832.2000,23853,-4,467129820.000,5,0,5,多平,S,2831.8000,2831.6000,2831.2000,2831.0000,2830.6000,2832.2000,2832.4000,2832.6000,2832.8000,2833.0000,1,3,9,5,1,10,10,2,2,2
SF,IH2006,2020-05-12 09:33:48.300,2832.2000,23853,0,474776760.000,9,4,5,多换,S,2832.0000,2831.8000,2831.6000,2831.4000,2831.2000,2832.2000,2832.4000,2832.8000,2833.0000,2833.4000,1,1,3,2,9,1,8,2,2,4
SF,IH2006,2020-05-12 09:33:48.800,2832.2000,23845,-8,484123320.000,11,1,10,多平,S,2831.6000,2831.2000,2831.0000,2830.6000,2830.2000,2832.2000,2832.8000,2833.0000,2833.4000,2834.0000,2,9,5,1,1,2,2,2,4,1
SF,IH2006,2020-05-12 09:33:49.300,2832.2000,23844,-1,485822640.000,2,0,2,多平,S,2832.6000,2832.2000,2831.8000,2831.6000,2831.4000,2832.8000,2833.0000,2833.4000,2834.0000,2834.2000,2,4,6,7,2,2,2,2,1,1
SF,IH2006,2020-05-12 09:33:49.800,2832.6000,23842,-2,487522260.000,2,0,2,双平,S,2832.6000,2831.8000,2831.6000,2831.4000,2831.2000,2832.8000,2833.0000,2833.4000,2834.0000,2834.2000,1,3,8,2,9,4,2,2,1,1
SF,IH2006,2020-05-12 09:33:50.300,2833.4000,23838,-4,495171240.000,9,2,7,多平,S,2833.4000,2833.0000,2832.2000,2831.8000,2831.6000,2834.0000,2834.2000,2834.4000,2834.8000,2835.0000,3,2,1,3,8,1,1,3,2,4
SF,IH2006,2020-05-12 09:33:50.800,2833.4000,23836,-2,497721300.000,3,0,3,多平,S,2833.0000,2832.4000,2832.2000,2831.8000,2831.6000,2833.4000,2833.8000,2834.0000,2834.2000,2834.4000,2,1,1,3,6,7,8,1,1,3
SF,IH2006,2020-05-12 09:33:51.300,2833.4000,23836,0,497721300.000,0,-,-,-,-,2833.0000,2832.4000,2832.2000,2831.8000,2831.6000,2833.8000,2834.0000,2834.2000,2834.4000,2834.8000,2,1,1,3,6,4,1,1,3,2
SF,IH2006,2020-05-12 09:33:51.800,2833.0000,23835,-1,499421100.000,2,0,2,多平,S,2832.4000,2832.2000,2831.8000,2831.6000,2831.4000,2833.6000,2833.8000,2834.0000,2834.2000,2834.4000,1,1,3,1,2,1,4,1,1,3
SF,IH2006,2020-05-12 09:33:52.300,2833.0000,23835,0,499421100.000,0,-,-,-,-,2833.0000,2832.6000,2832.4000,2832.2000,2831.8000,2833.4000,2833.6000,2834.0000,2834.2000,2834.4000,1,2,2,1,1,2,2,1,1,3
SF,IH2006,2020-05-12 09:33:52.800,2833.0000,23834,-1,500271000.000,1,0,1,双平,S,2832.6000,2832.4000,2832.2000,2831.8000,2831.6000,2833.6000,2834.0000,2834.2000,2834.4000,2834.8000,5,2,1,1,1,2,1,1,3,2
SF,IH2006,2020-05-12 09:33:53.300,2833.0000,23834,0,500271000.000,0,-,-,-,-,2832.8000,2832.6000,2832.4000,2832.2000,2831.8000,2833.6000,2834.0000,2834.2000,2834.4000,2834.8000,1,5,2,1,1,1,1,1,3,2
SF,IH2006,2020-05-12 09:33:53.800,2833.6000,23833,-1,501971160.000,2,0,2,多平,S,2833.0000,2832.8000,2832.6000,2832.4000,2832.2000,2833.6000,2834.0000,2834.2000,2834.4000,2834.8000,6,1,1,2,1,2,1,1,3,2
SF,IH2006,2020-05-12 09:33:54.300,2833.6000,23831,-2,503671320.000,2,0,2,双平,S,2833.0000,2832.8000,2832.6000,2832.4000,2832.2000,2834.0000,2834.2000,2834.4000,2834.8000,2835.0000,6,1,1,2,1,1,1,3,2,5
SF,IH2006,2020-05-12 09:33:54.800,2833.6000,23831,0,503671320.000,0,-,-,-,-,2833.2000,2833.0000,2832.8000,2832.6000,2832.4000,2834.0000,2834.2000,2834.8000,2835.0000,2835.6000,7,6,1,1,2,2,1,2,5,1
SF,IH2006,2020-05-12 09:33:55.300,2833.6000,23831,0,503671320.000,0,-,-,-,-,2833.4000,2833.2000,2833.0000,2832.8000,2832.6000,2834.0000,2834.2000,2834.8000,2835.0000,2835.6000,5,8,2,1,1,2,1,2,5,1
SF,IH2006,2020-05-12 09:33:55.800,2833.6000,23831,0,504521400.000,1,0,1,多换,S,2833.4000,2833.2000,2833.0000,2832.8000,2832.6000,2834.0000,2834.2000,2834.8000,2835.0000,2835.6000,4,5,3,1,1,2,1,2,5,1
SF,IH2006,2020-05-12 09:33:56.300,2834.0000,23830,-1,506221620.000,2,0,2,多平,S,2833.4000,2833.2000,2833.0000,2832.8000,2832.6000,2834.0000,2834.2000,2834.8000,2835.0000,2835.6000,2,2,3,1,1,2,1,2,5,1
SF,IH2006,2020-05-12 09:33:56.800,2833.4000,23829,-1,507071640.000,1,0,1,双平,S,2833.4000,2833.2000,2833.0000,2832.8000,2832.6000,2834.0000,2834.2000,2834.8000,2835.0000,2835.6000,1,2,3,1,1,2,1,2,5,1
SF,IH2006,2020-05-12 09:33:57.300,2833.4000,23829,0,507071640.000,0,-,-,-,-,2833.4000,2833.2000,2833.0000,2832.8000,2832.6000,2833.8000,2834.0000,2834.2000,2834.8000,2835.0000,1,2,3,1,1,1,2,1,2,5
SF,IH2006,2020-05-12 09:33:58.300,2833.4000,23830,1,507921660.000,1,1,0,双开,S,2833.6000,2833.2000,2833.0000,2832.8000,2832.6000,2833.8000,2834.0000,2834.2000,2834.8000,2835.0000,1,2,3,1,1,1,2,1,2,5
SF,IH2006,2020-05-12 09:33:58.800,2833.6000,23829,-1,508771740.000,1,0,1,双平,S,2833.0000,2832.8000,2832.6000,2832.4000,2832.2000,2833.6000,2833.8000,2834.0000,2834.2000,2834.8000,3,1,1,1,1,2,4,2,1,2
SF,IH2006,2020-05-12 09:33:59.300,2833.6000,23829,0,509621820.000,1,0,1,多换,S,2833.2000,2833.0000,2832.6000,2832.4000,2832.2000,2833.6000,2833.8000,2834.0000,2834.2000,2834.8000,1,1,1,1,1,2,4,1,1,2
SF,IH2006,2020-05-12 09:33:59.800,2833.6000,23829,0,509621820.000,0,-,-,-,-,2833.0000,2832.6000,2832.4000,2831.6000,2831.4000,2833.2000,2833.4000,2833.6000,2833.8000,2834.2000,1,1,1,1,2,1,1,1,3,1
SF,IH2006,2020-05-12 09:34:00.300,2833.2000,23829,0,512171580.000,3,1,2,多换,S,2832.6000,2832.4000,2831.6000,2831.4000,2831.2000,2833.2000,2833.6000,2833.8000,2834.2000,2834.8000,1,1,1,2,9,1,1,3,1,2
SF,IH2006,2020-05-12 09:34:00.800,2833.2000,23829,0,512171580.000,0,-,-,-,-,2832.6000,2832.4000,2831.6000,2831.4000,2831.2000,2833.2000,2833.8000,2834.2000,2834.8000,2835.0000,1,1,1,2,9,2,3,1,2,5
SF,IH2006,2020-05-12 09:34:01.300,2833.2000,23827,-2,513871500.000,2,0,2,双平,S,2832.6000,2832.4000,2831.6000,2831.4000,2831.2000,2833.2000,2833.8000,2834.2000,2834.8000,2835.0000,1,1,1,2,9,2,3,1,2,5
SF,IH2006,2020-05-12 09:34:01.800,2833.0000,23826,-1,515571180.000,2,0,2,多平,S,2832.8000,2832.4000,2831.2000,2831.0000,2830.4000,2833.2000,2833.8000,2834.2000,2834.8000,2835.0000,1,1,9,5,1,2,3,1,2,5
SF,IH2006,2020-05-12 09:34:02.800,2833.2000,23827,1,517271100.000,2,1,1,空开,S,2832.8000,2832.4000,2831.2000,2831.0000,2830.4000,2833.8000,2834.2000,2834.8000,2835.0000,2835.6000,1,1,9,5,1,3,1,2,5,1
SF,IH2006,2020-05-12 09:34:03.300,2833.2000,23827,0,517271100.000,0,-,-,-,-,2833.2000,2832.8000,2832.4000,2831.2000,2831.0000,2833.6000,2833.8000,2834.2000,2834.8000,2835.0000,1,3,1,9,5,1,3,1,2,5
SF,IH2006,2020-05-12 09:34:03.800,2833.2000,23827,0,517271100.000,0,-,-,-,-,2833.4000,2833.2000,2832.8000,2832.4000,2831.2000,2833.6000,2834.2000,2834.8000,2835.0000,2835.6000,1,1,3,1,9,2,1,2,5,1
SF,IH2006,2020-05-12 09:34:04.300,2833.2000,23827,0,517271100.000,0,-,-,-,-,2833.4000,2833.2000,2832.8000,2832.4000,2831.2000,2833.6000,2834.0000,2834.2000,2834.8000,2835.0000,1,1,3,1,9,4,1,1,2,5
SF,IH2006,2020-05-12 09:34:04.800,2833.6000,23826,-1,518121180.000,1,0,1,双平,S,2833.4000,2833.2000,2832.8000,2832.4000,2831.2000,2833.6000,2834.0000,2834.2000,2834.8000,2835.0000,1,1,3,1,9,3,1,1,2,5
SF,IH2006,2020-05-12 09:34:06.300,2833.6000,23826,0,518121180.000,0,-,-,-,-,2833.4000,2833.2000,2832.8000,2832.4000,2831.2000,2833.6000,2834.0000,2834.2000,2834.8000,2835.0000,1,1,3,1,9,3,1,2,2,5
SF,IH2006,2020-05-12 09:34:06.800,2833.6000,23826,0,518121180.000,0,-,-,-,-,2833.4000,2833.2000,2832.8000,2832.4000,2831.2000,2833.6000,2834.0000,2834.2000,2834.8000,2835.0000,1,1,3,1,9,3,1,2,2,5
SF,IH2006,2020-05-12 09:34:07.300,2833.4000,23826,0,518971200.000,1,0,1,多换,S,2833.2000,2832.8000,2832.4000,2831.2000,2831.0000,2833.6000,2834.0000,2834.2000,2834.8000,2835.0000,1,3,1,9,5,3,1,2,2,5
SF,IH2006,2020-05-12 09:34:07.800,2833.4000,23826,0,518971200.000,0,-,-,-,-,2833.2000,2832.8000,2832.4000,2831.2000,2831.0000,2833.6000,2834.0000,2834.2000,2834.8000,2835.0000,1,3,1,9,5,3,1,2,2,5
SF,IH2006,2020-05-12 09:34:08.800,2833.4000,23826,0,518971200.000,0,-,-,-,-,2833.4000,2833.2000,2832.8000,2832.4000,2831.2000,2833.6000,2834.0000,2834.2000,2834.8000,2835.0000,3,1,3,1,9,3,1,2,2,5
SF,IH2006,2020-05-12 09:34:09.300,2833.6000,23827,1,520671360.000,2,1,1,空开,S,2833.4000,2833.2000,2833.0000,2832.8000,2832.4000,2834.0000,2834.2000,2834.8000,2835.0000,2835.6000,3,2,2,3,1,1,2,2,5,1
SF,IH2006,2020-05-12 09:34:09.800,2834.0000,23828,1,521521560.000,1,1,0,双开,S,2833.6000,2833.4000,2833.2000,2833.0000,2832.8000,2834.0000,2834.2000,2834.8000,2835.0000,2835.6000,1,3,2,2,3,2,2,2,5,1
SF,IH2006,2020-05-12 09:34:10.300,2834.0000,23828,0,523221960.000,2,1,1,多换,S,2833.6000,2833.4000,2833.2000,2833.0000,2832.8000,2834.2000,2834.8000,2835.0000,2835.6000,2835.8000,2,3,2,2,3,2,2,5,1,3
SF,IH2006,2020-05-12 09:34:10.800,2834.0000,23828,0,523221960.000,0,-,-,-,-,2833.6000,2833.4000,2833.2000,2833.0000,2832.8000,2834.2000,2834.8000,2835.0000,2835.6000,2835.8000,2,3,2,2,3,2,2,5,1,3
SF,IH2006,2020-05-12 09:34:11.300,2834.0000,23828,0,523221960.000,0,-,-,-,-,2833.8000,2833.6000,2833.4000,2833.2000,2833.0000,2834.2000,2834.8000,2835.0000,2835.6000,2835.8000,1,2,3,2,2,2,2,5,1,3
SF,IH2006,2020-05-12 09:34:12.300,2833.2000,23830,2,530022240.000,8,5,3,空开,S,2833.0000,2832.8000,2832.4000,2831.2000,2831.0000,2833.2000,2834.2000,2834.8000,2835.0000,2835.6000,2,3,1,9,5,2,2,2,5,1
SF,IH2006,2020-05-12 09:34:12.800,2833.2000,23830,0,531722160.000,2,1,1,多换,S,2833.6000,2833.2000,2833.0000,2832.8000,2832.4000,2834.2000,2834.8000,2835.0000,2835.6000,2835.8000,2,5,3,1,1,2,2,5,1,3
SF,IH2006,2020-05-12 09:34:13.300,2834.2000,23831,1,533422620.000,2,1,1,空开,S,2833.8000,2833.6000,2833.2000,2833.0000,2832.8000,2834.2000,2834.8000,2835.0000,2835.6000,2835.8000,2,2,2,2,1,1,2,5,1,3
SF,IH2006,2020-05-12 09:34:13.800,2833.6000,23829,-2,536823060.000,4,1,3,多平,S,2833.2000,2833.0000,2832.8000,2832.4000,2831.2000,2834.0000,2834.2000,2834.8000,2835.0000,2835.6000,2,2,1,1,9,2,1,2,5,1
SF,IH2006,2020-05-12 09:34:14.300,2833.2000,23828,-1,537673020.000,1,0,1,双平,S,2833.0000,2832.8000,2832.4000,2831.2000,2831.0000,2834.0000,2834.2000,2834.8000,2835.0000,2835.6000,2,1,1,9,5,4,1,2,5,1
SF,IH2006,2020-05-12 09:34:14.800,2833.2000,23828,0,537673020.000,0,-,-,-,-,2833.2000,2833.0000,2832.8000,2832.4000,2831.2000,2833.6000,2834.0000,2834.2000,2834.8000,2835.0000,4,2,1,1,9,1,2,1,2,5
SF,IH2006,2020-05-12 09:34:15.300,2833.6000,23827,-1,538523100.000,1,0,1,双平,S,2833.4000,2833.2000,2833.0000,2832.8000,2832.4000,2834.2000,2834.8000,2835.0000,2835.6000,2835.8000,1,3,2,1,1,1,2,5,1,3
SF,IH2006,2020-05-12 09:34:15.800,2833.6000,23827,0,538523100.000,0,-,-,-,-,2833.6000,2833.4000,2833.0000,2832.8000,2832.4000,2834.2000,2834.8000,2835.0000,2835.6000,2835.8000,4,7,2,1,1,1,2,5,1,3
SF,IH2006,2020-05-12 09:34:16.300,2834.2000,23827,0,539373360.000,1,0,1,多换,S,2834.2000,2834.0000,2833.8000,2833.6000,2833.4000,2835.0000,2835.6000,2835.8000,2836.0000,2837.0000,1,2,1,8,7,4,1,3,1,1
SF,IH2006,2020-05-12 09:34:16.800,2834.2000,23827,0,539373360.000,0,-,-,-,-,2834.4000,2834.2000,2834.0000,2833.6000,2833.4000,2835.0000,2835.6000,2835.8000,2836.0000,2837.0000,3,2,7,9,6,4,1,3,1,1
SF,IH2006,2020-05-12 09:34:17.300,2835.0000,23827,0,540223860.000,1,0,1,多换,S,2834.4000,2834.2000,2834.0000,2833.6000,2833.4000,2835.0000,2835.6000,2835.8000,2836.0000,2837.0000,3,2,7,9,6,3,1,3,1,1
SF,IH2006,2020-05-12 09:34:17.800,2835.0000,23825,-2,543625860.000,4,1,3,多平,S,2834.4000,2834.2000,2834.0000,2833.6000,2833.4000,2835.6000,2835.8000,2836.0000,2837.0000,2837.6000,6,2,7,9,6,1,3,1,1,1
SF,IH2006,2020-05-12 09:34:18.300,2835.6000,23824,-1,544476540.000,1,0,1,双平,S,2834.6000,2834.4000,2834.2000,2834.0000,2833.6000,2835.8000,2836.0000,2837.0000,2837.6000,2838.0000,6,6,1,7,8,3,1,1,1,2
SF,IH2006,2020-05-12 09:34:18.800,2835.6000,23824,0,544476540.000,0,-,-,-,-,2834.8000,2834.6000,2834.4000,2834.2000,2834.0000,2835.6000,2835.8000,2836.0000,2837.0000,2837.6000,4,9,3,1,7,2,3,1,1,1
SF,IH2006,2020-05-12 09:34:19.300,2835.6000,23824,0,544476540.000,0,-,-,-,-,2834.8000,2834.6000,2834.4000,2834.2000,2834.0000,2835.6000,2835.8000,2836.0000,2837.0000,2837.6000,1,3,3,1,7,2,3,1,1,1
SF,IH2006,2020-05-12 09:34:19.800,2835.6000,23824,0,544476540.000,0,-,-,-,-,2834.8000,2834.6000,2834.4000,2834.2000,2834.0000,2835.6000,2835.8000,2836.0000,2837.0000,2837.6000,6,3,3,1,7,2,2,1,1,1
SF,IH2006,2020-05-12 09:34:20.300,2835.6000,23824,0,544476540.000,0,-,-,-,-,2835.0000,2834.8000,2834.6000,2834.4000,2834.2000,2835.6000,2835.8000,2836.0000,2836.8000,2837.0000,7,5,3,3,1,1,2,1,1,1
SF,IH2006,2020-05-12 09:34:20.800,2835.6000,23824,0,544476540.000,0,-,-,-,-,2835.2000,2835.0000,2834.8000,2834.6000,2834.4000,2835.6000,2835.8000,2836.0000,2836.8000,2837.0000,6,9,5,3,3,2,2,1,1,1
SF,IH2006,2020-05-12 09:34:21.300,2835.6000,23825,1,546177900.000,2,1,1,空开,S,2835.4000,2835.2000,2835.0000,2834.8000,2834.6000,2835.8000,2836.0000,2836.8000,2837.0000,2837.6000,1,5,7,5,2,2,1,1,1,1
SF,IH2006,2020-05-12 09:34:21.800,2835.6000,23825,0,546177900.000,0,-,-,-,-,2835.4000,2835.0000,2834.8000,2834.6000,2834.4000,2835.8000,2836.0000,2836.8000,2837.0000,2837.6000,1,7,5,2,3,2,1,1,1,1
SF,IH2006,2020-05-12 09:34:22.300,2835.4000,23825,0,547879140.000,2,1,1,多换,S,2835.0000,2834.8000,2834.6000,2834.4000,2834.0000,2835.8000,2836.0000,2836.8000,2837.0000,2837.6000,7,5,2,3,2,2,1,1,1,1
SF,IH2006,2020-05-12 09:34:22.800,2835.8000,23824,-1,548729880.000,1,0,1,双平,S,2835.6000,2835.4000,2835.0000,2834.8000,2834.6000,2835.8000,2836.0000,2836.8000,2837.0000,2837.6000,3,1,8,5,2,1,1,1,1,1
SF,IH2006,2020-05-12 09:34:23.300,2835.6000,23822,-2,551281920.000,3,0,3,多平,S,2835.0000,2834.8000,2834.0000,2833.6000,2833.0000,2835.8000,2836.0000,2836.8000,2837.0000,2837.6000,6,5,2,6,2,1,1,1,1,1
SF,IH2006,2020-05-12 09:34:23.800,2835.6000,23822,0,551281920.000,0,-,-,-,-,2835.2000,2835.0000,2834.8000,2834.0000,2833.6000,2835.8000,2836.0000,2836.8000,2837.0000,2837.6000,3,6,5,2,6,1,1,1,1,1
SF,IH2006,2020-05-12 09:34:24.300,2835.2000,23820,-2,553833600.000,3,0,3,多平,S,2834.8000,2834.0000,2833.6000,2833.0000,2832.4000,2835.8000,2836.0000,2836.8000,2837.0000,2837.6000,5,2,6,2,1,1,1,1,1,1
SF,IH2006,2020-05-12 09:34:24.800,2835.2000,23820,0,553833600.000,0,-,-,-,-,2834.0000,2833.6000,2833.0000,2832.4000,2832.0000,2835.6000,2835.8000,2836.0000,2836.8000,2837.0000,2,6,2,1,1,4,2,1,1,1
SF,IH2006,2020-05-12 09:34:25.300,2835.2000,23820,0,553833600.000,0,-,-,-,-,2834.2000,2833.6000,2832.4000,2832.0000,2831.2000,2835.4000,2835.6000,2835.8000,2836.0000,2836.8000,7,6,1,1,9,4,3,1,1,1
