市场代码,合约代码,时间,最新,持仓,增仓,成交额,成交量,开仓,平仓,成交类型,方向,买一价,买二价,买三价,买四价,买五价,卖一价,卖二价,卖三价,卖四价,卖五价,买一量,买二量,买三量,买四量,买五量,卖一量,卖二量,卖三量,卖四量,卖五量
SF,IH2003,2020-01-23 09:29:00.300,2997.0000,23096,0,30569400.000,34.000,-,-,-,-,2997.0000,2996.8000,2996.6000,2996.2000,2996.0000,2997.6000,2998.0000,2998.8000,2999.0000,2999.8000,1,2,2,2,1,1,1,1,1,5
SF,IH2003,2020-01-23 09:30:00.300,2996.8000,23094,-2,34165680.000,4,1,3,多平,S,2996.6000,2996.2000,2996.0000,2995.8000,2995.6000,2997.0000,2997.4000,2997.6000,2998.0000,2998.8000,2,2,1,2,1,1,3,1,1,1
SF,IH2003,2020-01-23 09:30:00.800,2997.4000,23095,1,51246840.000,19,10,9,空开,S,2995.8000,2995.6000,2995.4000,2995.2000,2995.0000,2997.4000,2997.6000,2998.0000,2998.2000,2998.8000,1,1,2,1,5,1,4,1,1,1
SF,IH2003,2020-01-23 09:30:01.300,2995.8000,23095,0,52145580.000,1,0,1,多换,S,2995.6000,2995.4000,2995.2000,2995.0000,2994.6000,2996.6000,2997.4000,2997.6000,2998.0000,2998.2000,1,2,1,5,2,3,1,1,1,3
SF,IH2003,2020-01-23 09:30:01.800,2996.6000,23093,-2,55740840.000,4,1,3,多平,S,2995.4000,2995.2000,2995.0000,2994.6000,2994.2000,2997.0000,2997.2000,2997.4000,2997.6000,2998.0000,1,1,5,2,2,3,2,1,1,1
SF,IH2003,2020-01-23 09:30:02.300,2996.6000,23093,0,55740840.000,0,-,-,-,-,2995.4000,2995.2000,2995.0000,2994.6000,2994.2000,2995.8000,2996.4000,2996.6000,2996.8000,2997.0000,1,1,5,2,2,3,3,1,1,3
SF,IH2003,2020-01-23 09:30:02.800,2995.8000,23092,-1,56639580.000,1,0,1,双平,S,2995.4000,2995.2000,2995.0000,2994.6000,2994.2000,2995.6000,2995.8000,2996.6000,2996.8000,2997.0000,1,1,5,2,2,1,3,1,1,21
SF,IH2003,2020-01-23 09:30:03.300,2995.4000,23091,-1,59335500.000,3,1,2,多平,S,2995.2000,2995.0000,2994.6000,2994.2000,2993.8000,2995.4000,2995.6000,2995.8000,2996.6000,2996.8000,1,5,2,2,2,1,1,2,1,1
SF,IH2003,2020-01-23 09:30:03.800,2995.4000,23091,0,59335500.000,0,-,-,-,-,2995.2000,2995.0000,2994.6000,2994.2000,2993.8000,2995.4000,2995.8000,2996.4000,2996.6000,2996.8000,1,5,2,2,2,3,2,3,1,1
SF,IH2003,2020-01-23 09:30:04.300,2995.4000,23089,-2,61132680.000,2,0,2,双平,S,2995.0000,2994.6000,2994.2000,2993.8000,2993.4000,2995.2000,2995.4000,2995.8000,2996.6000,2996.8000,5,2,2,2,2,2,4,2,1,1
SF,IH2003,2020-01-23 09:30:04.800,2995.4000,23086,-3,71016300.000,11,4,7,多平,S,2994.6000,2994.2000,2993.8000,2993.4000,2993.0000,2995.4000,2995.8000,2996.6000,2996.8000,2997.0000,1,2,2,2,2,1,5,1,1,18
SF,IH2003,2020-01-23 09:30:05.300,2994.6000,23086,0,71914680.000,1,0,1,多换,S,2994.2000,2993.8000,2993.4000,2993.0000,2992.6000,2994.6000,2995.0000,2995.2000,2995.4000,2995.8000,2,2,2,2,3,4,1,2,3,5
SF,IH2003,2020-01-23 09:30:05.800,2994.2000,23086,0,72812940.000,1,0,1,多换,S,2994.2000,2993.8000,2993.4000,2993.0000,2992.6000,2994.6000,2995.0000,2995.2000,2995.4000,2995.8000,1,2,2,2,3,4,1,2,3,5
SF,IH2003,2020-01-23 09:30:06.300,2994.2000,23086,0,72812940.000,0,-,-,-,-,2994.2000,2993.8000,2993.4000,2993.0000,2992.6000,2994.6000,2995.0000,2995.2000,2995.4000,2995.8000,1,2,2,2,3,4,1,2,3,5
SF,IH2003,2020-01-23 09:30:06.800,2993.8000,23087,1,74609340.000,2,1,1,空开,S,2993.8000,2993.4000,2993.0000,2992.6000,2992.2000,2994.0000,2994.2000,2994.4000,2994.6000,2995.0000,1,2,2,3,7,1,3,1,4,3
SF,IH2003,2020-01-23 09:30:07.300,2992.6000,23087,0,76405260.000,2,1,1,多换,S,2992.6000,2992.2000,2991.8000,2991.6000,2991.4000,2993.8000,2994.2000,2994.4000,2994.6000,2995.0000,2,7,3,4,4,1,6,1,4,3
SF,IH2003,2020-01-23 09:30:07.800,2994.2000,23086,-1,77303520.000,1,0,1,双平,S,2992.8000,2992.6000,2992.2000,2991.8000,2991.6000,2994.2000,2994.4000,2994.6000,2995.0000,2995.2000,1,3,7,3,4,4,1,4,3,2
SF,IH2003,2020-01-23 09:30:08.300,2994.2000,23086,0,77303520.000,0,-,-,-,-,2992.8000,2992.6000,2992.2000,2991.8000,2991.6000,2994.2000,2994.4000,2994.6000,2995.0000,2995.2000,1,3,7,3,4,5,1,4,3,2
SF,IH2003,2020-01-23 09:30:08.800,2992.8000,23085,-1,78201360.000,1,0,1,双平,S,2992.6000,2992.2000,2991.8000,2991.6000,2991.4000,2993.8000,2994.2000,2994.4000,2994.6000,2995.0000,3,7,3,4,4,1,5,1,4,3
SF,IH2003,2020-01-23 09:30:09.300,2993.8000,23085,0,79099500.000,1,0,1,多换,S,2992.8000,2992.6000,2992.2000,2991.8000,2991.6000,2993.8000,2994.2000,2994.4000,2994.6000,2995.0000,1,3,7,3,4,1,5,1,4,3
SF,IH2003,2020-01-23 09:30:09.800,2993.8000,23083,-2,81793920.000,3,0,3,多平,S,2992.6000,2992.2000,2991.8000,2991.6000,2991.4000,2994.2000,2994.4000,2994.6000,2995.0000,2995.2000,3,7,3,4,4,5,1,7,3,2
SF,IH2003,2020-01-23 09:30:10.300,2992.6000,23083,0,85385100.000,4,2,2,多换,S,2992.8000,2992.2000,2991.8000,2991.6000,2991.4000,2993.4000,2994.0000,2994.2000,2994.6000,2995.0000,3,5,1,4,4,1,5,4,7,2
SF,IH2003,2020-01-23 09:30:10.800,2992.6000,23079,-4,88976220.000,4,0,4,双平,S,2992.2000,2991.8000,2991.6000,2991.4000,2991.2000,2992.4000,2994.0000,2994.2000,2994.6000,2995.0000,5,1,4,4,3,11,1,3,7,2
SF,IH2003,2020-01-23 09:30:11.300,2992.4000,23066,-13,102442500.000,15,1,14,多平,S,2992.4000,2992.2000,2991.8000,2991.6000,2991.4000,2994.2000,2994.6000,2995.0000,2995.4000,2995.8000,2,5,1,4,4,3,3,2,2,2
SF,IH2003,2020-01-23 09:30:11.800,2992.6000,23063,-3,106033620.000,4,0,4,多平,S,2992.4000,2992.2000,2991.8000,2991.6000,2991.4000,2994.0000,2994.2000,2995.0000,2995.4000,2995.8000,2,5,1,4,4,6,3,2,2,2
SF,IH2003,2020-01-23 09:30:12.300,2992.6000,23063,0,106033620.000,0,-,-,-,-,2992.4000,2992.2000,2991.8000,2991.6000,2991.4000,2993.8000,2994.0000,2994.2000,2995.0000,2995.4000,1,5,1,5,4,3,6,3,2,2
SF,IH2003,2020-01-23 09:30:12.800,2992.6000,23062,-1,108726960.000,3,1,2,多平,S,2992.4000,2992.2000,2991.8000,2991.6000,2991.4000,2993.6000,2993.8000,2994.0000,2994.2000,2995.0000,1,5,1,5,4,2,3,3,4,2
SF,IH2003,2020-01-23 09:30:13.300,2992.6000,23063,1,109624740.000,1,1,0,双开,S,2992.4000,2992.2000,2991.8000,2991.6000,2991.4000,2993.6000,2994.0000,2994.2000,2995.0000,2995.4000,1,5,1,5,4,1,2,4,1,2
SF,IH2003,2020-01-23 09:30:13.800,2992.6000,23063,0,109624740.000,0,-,-,-,-,2993.2000,2993.0000,2992.8000,2992.6000,2992.4000,2993.4000,2993.6000,2994.0000,2994.2000,2995.0000,1,1,2,1,1,3,1,1,4,1
SF,IH2003,2020-01-23 09:30:14.300,2993.2000,23061,-2,111420600.000,2,0,2,双平,S,2992.4000,2992.2000,2991.8000,2991.6000,2991.4000,2993.2000,2993.4000,2994.2000,2995.0000,2995.4000,1,6,1,5,4,2,3,4,1,2
SF,IH2003,2020-01-23 09:30:14.800,2992.2000,23061,0,117704280.000,7,3,4,多换,S,2991.8000,2991.6000,2991.4000,2991.2000,2991.0000,2992.2000,2992.4000,2993.0000,2993.2000,2993.4000,1,5,4,3,3,1,1,1,9,3
SF,IH2003,2020-01-23 09:30:15.300,2992.2000,23060,-1,120397320.000,3,1,2,多平,S,2992.6000,2992.4000,2991.8000,2991.6000,2991.4000,2993.0000,2993.2000,2993.4000,2994.2000,2995.0000,2,1,2,5,4,1,8,4,4,1
SF,IH2003,2020-01-23 09:30:15.800,2992.4000,23059,-1,123988140.000,4,1,3,多平,S,2991.8000,2991.6000,2991.4000,2991.2000,2991.0000,2992.6000,2993.0000,2993.2000,2993.4000,2994.2000,1,5,4,3,3,2,1,7,2,3
SF,IH2003,2020-01-23 09:30:16.300,2992.4000,23059,0,123988140.000,0,-,-,-,-,2991.8000,2991.6000,2991.4000,2991.2000,2991.0000,2992.4000,2992.6000,2993.2000,2993.4000,2994.2000,1,5,4,3,3,3,1,7,2,3
SF,IH2003,2020-01-23 09:30:16.800,2991.6000,23059,0,124885620.000,1,0,1,多换,S,2991.6000,2991.4000,2991.2000,2991.0000,2990.6000,2992.4000,2992.6000,2993.2000,2993.4000,2994.2000,4,4,3,3,2,3,1,7,2,3
SF,IH2003,2020-01-23 09:30:17.300,2991.6000,23059,0,126680580.000,2,1,1,多换,S,2991.6000,2991.4000,2991.2000,2991.0000,2990.6000,2992.4000,2992.6000,2993.2000,2993.4000,2994.2000,2,4,3,3,2,3,1,7,2,3
SF,IH2003,2020-01-23 09:30:17.800,2991.8000,23058,-1,127578120.000,1,0,1,双平,S,2991.6000,2991.4000,2991.2000,2991.0000,2990.6000,2991.8000,2992.2000,2992.4000,2992.6000,2993.2000,2,4,3,3,2,2,3,3,1,7
SF,IH2003,2020-01-23 09:30:18.300,2991.6000,23058,0,128475600.000,1,0,1,多换,S,2991.4000,2991.2000,2991.0000,2990.6000,2990.2000,2991.6000,2991.8000,2992.2000,2992.4000,2992.6000,4,3,3,2,2,2,2,3,3,1
SF,IH2003,2020-01-23 09:30:18.800,2991.4000,23057,-1,132962940.000,5,2,3,多平,S,2991.4000,2991.2000,2991.0000,2990.6000,2990.2000,2991.8000,2992.2000,2992.4000,2992.6000,2993.2000,3,3,3,2,2,2,3,3,1,7
SF,IH2003,2020-01-23 09:30:19.300,2991.4000,23057,0,134757780.000,2,1,1,多换,S,2991.4000,2991.2000,2991.0000,2990.6000,2990.2000,2991.8000,2992.2000,2992.4000,2992.6000,2993.2000,1,3,3,2,2,2,3,3,1,7
SF,IH2003,2020-01-23 09:30:19.800,2991.2000,23057,0,137449920.000,3,1,2,多换,S,2991.2000,2991.0000,2990.6000,2990.2000,2990.0000,2991.4000,2991.6000,2991.8000,2992.4000,2992.6000,1,3,2,2,6,1,4,2,2,1
SF,IH2003,2020-01-23 09:30:20.300,2991.2000,23057,0,138347280.000,1,0,1,多换,S,2991.0000,2990.6000,2990.2000,2990.0000,2989.8000,2991.2000,2991.6000,2991.8000,2992.4000,2992.6000,3,2,2,6,2,1,4,2,2,1
SF,IH2003,2020-01-23 09:30:20.800,2991.6000,23057,0,140142120.000,2,1,1,多换,S,2991.0000,2990.6000,2990.2000,2990.0000,2989.8000,2991.6000,2991.8000,2992.4000,2992.6000,2993.2000,3,2,2,6,2,3,2,2,1,7
SF,IH2003,2020-01-23 09:30:21.300,2991.0000,23058,1,142834020.000,3,2,1,空开,S,2990.6000,2990.2000,2990.0000,2989.8000,2989.4000,2991.0000,2991.6000,2991.8000,2992.4000,2992.6000,2,2,8,2,2,4,3,2,2,1
SF,IH2003,2020-01-23 09:30:21.800,2991.0000,23059,1,144628620.000,2,1,1,空开,S,2990.6000,2990.4000,2990.2000,2990.0000,2989.8000,2991.0000,2991.4000,2991.6000,2991.8000,2992.4000,2,1,2,8,2,2,3,3,2,2
SF,IH2003,2020-01-23 09:30:22.300,2991.0000,23059,0,146423220.000,2,1,1,多换,S,2990.6000,2990.4000,2990.2000,2990.0000,2989.8000,2991.0000,2991.2000,2991.4000,2991.6000,2991.8000,2,1,2,8,2,1,1,3,3,2
SF,IH2003,2020-01-23 09:30:22.800,2991.0000,23058,-1,147320520.000,1,0,1,双平,S,2990.6000,2990.4000,2990.2000,2990.0000,2989.8000,2991.2000,2991.4000,2991.6000,2991.8000,2992.4000,3,1,2,8,2,1,3,3,2,2
SF,IH2003,2020-01-23 09:30:23.300,2991.2000,23058,0,148217880.000,1,0,1,多换,S,2990.6000,2990.4000,2990.2000,2990.0000,2989.8000,2991.0000,2991.4000,2991.6000,2991.8000,2992.0000,2,1,2,8,2,2,3,3,2,1
SF,IH2003,2020-01-23 09:30:23.800,2991.2000,23058,0,148217880.000,0,-,-,-,-,2990.6000,2990.4000,2990.2000,2990.0000,2989.8000,2991.0000,2991.4000,2991.6000,2991.8000,2992.0000,3,1,3,8,2,2,3,3,2,1
SF,IH2003,2020-01-23 09:30:24.300,2990.6000,23055,-3,152704020.000,5,1,4,多平,S,2990.4000,2990.2000,2990.0000,2989.8000,2989.4000,2990.6000,2991.4000,2991.6000,2991.8000,2992.0000,1,3,8,2,2,3,3,3,2,1
SF,IH2003,2020-01-23 09:30:24.800,2990.4000,23049,-6,158086920.000,6,0,6,双平,S,2990.2000,2990.0000,2989.8000,2989.4000,2987.4000,2990.4000,2990.6000,2991.4000,2991.6000,2991.8000,3,8,2,2,1,15,1,3,3,2
SF,IH2003,2020-01-23 09:30:25.300,2990.4000,23049,0,158086920.000,0,-,-,-,-,2990.2000,2990.0000,2989.8000,2989.4000,2987.4000,2990.4000,2990.6000,2991.4000,2991.6000,2991.8000,3,8,2,2,1,15,6,3,3,2
SF,IH2003,2020-01-23 09:30:25.800,2990.2000,23049,0,158983980.000,1,0,1,多换,S,2990.2000,2990.0000,2989.8000,2989.4000,2987.4000,2990.4000,2990.6000,2990.8000,2991.6000,2991.8000,2,8,2,2,1,15,7,1,3,2
SF,IH2003,2020-01-23 09:30:26.300,2990.0000,23046,-3,166160100.000,8,2,6,多平,S,2990.0000,2989.8000,2989.4000,2988.2000,2987.4000,2990.2000,2990.4000,2990.6000,2990.8000,2991.6000,2,2,2,1,1,1,17,8,1,3
SF,IH2003,2020-01-23 09:30:26.800,2990.2000,23043,-3,169748100.000,4,0,4,多平,S,2989.8000,2989.4000,2988.2000,2987.4000,2986.0000,2990.2000,2990.4000,2990.6000,2990.8000,2991.6000,1,2,1,1,2,1,2,8,1,3
SF,IH2003,2020-01-23 09:30:27.300,2989.8000,23043,0,170645040.000,1,0,1,多换,S,2989.4000,2988.2000,2987.4000,2986.0000,2984.2000,2989.8000,2990.0000,2990.2000,2990.4000,2990.6000,2,1,1,2,1,3,1,1,2,8
SF,IH2003,2020-01-23 09:30:27.800,2989.6000,23043,0,172438740.000,2,1,1,多换,S,2989.4000,2988.2000,2987.4000,2986.0000,2984.2000,2989.6000,2989.8000,2990.0000,2990.2000,2990.4000,1,1,1,2,1,3,3,1,1,2
SF,IH2003,2020-01-23 09:30:28.300,2989.4000,23043,0,173335560.000,1,0,1,多换,S,2988.2000,2987.4000,2986.0000,2984.2000,2983.0000,2989.2000,2989.4000,2989.6000,2989.8000,2990.0000,1,1,2,1,6,1,1,3,1,1
SF,IH2003,2020-01-23 09:30:28.800,2989.4000,23043,0,173335560.000,0,-,-,-,-,2988.2000,2988.0000,2987.4000,2986.0000,2984.2000,2989.2000,2989.4000,2989.6000,2990.0000,2990.2000,2,1,1,2,1,1,1,3,1,1
SF,IH2003,2020-01-23 09:30:29.300,2989.2000,23042,-1,174232320.000,1,0,1,双平,S,2988.8000,2988.4000,2988.2000,2988.0000,2987.4000,2989.6000,2990.0000,2990.2000,2990.4000,2990.6000,1,4,3,1,1,3,1,1,2,8
SF,IH2003,2020-01-23 09:30:29.800,2989.2000,23042,0,174232320.000,0,-,-,-,-,2988.8000,2988.6000,2988.4000,2988.2000,2988.0000,2989.6000,2990.0000,2990.2000,2990.4000,2990.6000,1,2,8,3,1,3,1,1,2,8
SF,IH2003,2020-01-23 09:30:30.300,2989.2000,23042,0,174232320.000,0,-,-,-,-,2988.2000,2988.0000,2987.4000,2986.0000,2984.2000,2989.4000,2989.6000,2990.2000,2990.6000,2991.6000,1,1,1,2,1,2,3,1,8,1
SF,IH2003,2020-01-23 09:30:30.800,2988.0000,23041,-1,177818880.000,4,1,3,多平,S,2987.4000,2986.0000,2984.2000,2983.0000,2982.6000,2987.6000,2990.2000,2990.6000,2991.6000,2992.0000,1,3,1,6,1,14,2,8,1,1
SF,IH2003,2020-01-23 09:30:31.300,2988.2000,23026,-15,191263260.000,15,0,15,双平,S,2988.0000,2987.6000,2987.4000,2986.0000,2984.2000,2990.0000,2990.2000,2990.6000,2991.6000,2991.8000,2,12,1,3,1,1,2,8,1,2
SF,IH2003,2020-01-23 09:30:31.800,2989.8000,23025,-1,192160200.000,1,0,1,双平,S,2988.2000,2988.0000,2987.8000,2987.6000,2987.4000,2989.8000,2990.0000,2990.2000,2990.6000,2991.8000,3,2,2,8,1,4,1,2,10,2
SF,IH2003,2020-01-23 09:30:32.300,2988.2000,23023,-2,193953120.000,2,0,2,双平,S,2988.0000,2987.6000,2987.4000,2986.0000,2984.2000,2989.8000,2990.0000,2990.2000,2990.6000,2991.8000,2,8,1,3,1,6,1,2,10,2
SF,IH2003,2020-01-23 09:30:32.800,2988.0000,23022,-1,195745920.000,2,0,2,多平,S,2987.6000,2987.4000,2986.0000,2984.2000,2983.0000,2988.0000,2989.6000,2989.8000,2990.0000,2990.2000,6,1,3,1,6,5,1,4,2,2
SF,IH2003,2020-01-23 09:30:33.300,2988.0000,23018,-4,199331520.000,4,0,4,双平,S,2987.8000,2987.6000,2987.4000,2986.0000,2984.2000,2988.0000,2989.8000,2990.0000,2990.2000,2990.6000,1,6,1,3,1,1,4,2,2,10
SF,IH2003,2020-01-23 09:30:33.800,2989.8000,23013,-5,203814000.000,5,0,5,双平,S,2988.4000,2988.0000,2987.6000,2987.4000,2986.0000,2989.8000,2990.0000,2990.2000,2990.6000,2991.8000,1,1,5,1,3,2,2,2,8,2
SF,IH2003,2020-01-23 09:30:34.300,2988.4000,23013,0,204710520.000,1,0,1,多换,S,2988.0000,2987.6000,2987.4000,2986.0000,2984.2000,2989.6000,2989.8000,2990.0000,2990.2000,2990.6000,1,6,1,3,1,1,2,2,2,10
SF,IH2003,2020-01-23 09:30:34.800,2988.4000,23013,0,205607040.000,1,0,1,多换,S,2988.0000,2987.6000,2987.4000,2986.0000,2984.2000,2988.4000,2989.4000,2989.6000,2989.8000,2990.0000,2,4,1,3,1,1,1,3,1,2
SF,IH2003,2020-01-23 09:30:35.300,2988.8000,23014,1,211884600.000,7,4,3,空开,S,2988.8000,2988.2000,2987.6000,2987.4000,2986.0000,2990.0000,2990.2000,2990.6000,2991.8000,2992.0000,3,1,4,1,3,2,2,12,2,1
SF,IH2003,2020-01-23 09:30:35.800,2988.8000,23014,0,215471160.000,4,2,2,多换,S,2987.6000,2987.4000,2986.0000,2984.2000,2983.0000,2989.8000,2990.0000,2990.2000,2990.6000,2991.0000,4,1,3,1,6,4,4,2,12,2
SF,IH2003,2020-01-23 09:30:36.300,2988.8000,23014,0,215471160.000,0,-,-,-,-,2988.0000,2987.8000,2987.6000,2987.4000,2986.0000,2989.6000,2989.8000,2990.0000,2990.2000,2990.6000,1,5,4,1,3,2,2,4,2,8
SF,IH2003,2020-01-23 09:30:36.800,2988.8000,23014,0,215471160.000,0,-,-,-,-,2988.2000,2988.0000,2987.8000,2987.6000,2987.4000,2989.4000,2989.6000,2989.8000,2990.0000,2990.2000,1,1,5,4,1,2,4,1,3,2
SF,IH2003,2020-01-23 09:30:37.300,2989.4000,23013,-1,216367980.000,1,0,1,双平,S,2988.2000,2988.0000,2987.8000,2987.6000,2987.4000,2989.6000,2990.0000,2990.2000,2990.6000,2991.0000,3,1,2,4,1,1,3,2,8,2
SF,IH2003,2020-01-23 09:30:37.800,2990.0000,23014,1,218161980.000,2,1,1,空开,S,2988.4000,2988.2000,2988.0000,2987.8000,2987.6000,2990.0000,2990.2000,2990.6000,2992.0000,2993.8000,2,3,1,1,4,1,2,10,2,1
SF,IH2003,2020-01-23 09:30:38.300,2988.6000,23013,-1,220852140.000,3,1,2,多平,S,2988.8000,2988.6000,2988.4000,2988.2000,2988.0000,2990.2000,2990.6000,2992.0000,2993.8000,2994.2000,1,1,2,1,1,2,10,2,1,3
SF,IH2003,2020-01-23 09:30:38.800,2988.6000,23013,0,220852140.000,0,-,-,-,-,2989.0000,2988.8000,2988.6000,2988.4000,2988.2000,2990.2000,2990.6000,2992.0000,2993.8000,2994.2000,5,4,2,1,1,2,8,2,1,3
SF,IH2003,2020-01-23 09:30:39.300,2988.6000,23012,-1,222645300.000,2,0,2,多平,S,2989.0000,2988.8000,2988.6000,2988.2000,2988.0000,2990.2000,2990.6000,2992.0000,2993.8000,2994.2000,1,1,1,1,1,2,8,2,1,3
SF,IH2003,2020-01-23 09:30:39.800,2989.0000,23012,0,224438580.000,2,1,1,多换,S,2988.8000,2988.6000,2988.0000,2987.8000,2987.6000,2990.0000,2990.2000,2990.6000,2991.0000,2991.6000,1,1,1,1,4,3,2,8,2,2
SF,IH2003,2020-01-23 09:30:40.300,2988.6000,23012,0,226231800.000,2,1,1,多换,S,2988.0000,2987.8000,2987.6000,2987.4000,2986.0000,2989.0000,2990.0000,2990.2000,2990.6000,2991.6000,1,1,4,1,3,2,4,2,8,2
SF,IH2003,2020-01-23 09:30:40.800,2988.6000,23012,0,226231800.000,0,-,-,-,-,2988.0000,2987.6000,2987.4000,2986.0000,2984.2000,2988.8000,2989.0000,2990.0000,2990.2000,2990.4000,1,4,1,3,1,1,2,3,2,2
SF,IH2003,2020-01-23 09:30:41.300,2988.0000,23011,-1,228024600.000,2,0,2,多平,S,2987.6000,2987.4000,2986.0000,2984.2000,2983.0000,2988.8000,2989.0000,2990.0000,2990.2000,2990.4000,4,1,3,1,6,1,2,3,2,2
SF,IH2003,2020-01-23 09:30:41.800,2988.2000,23011,0,228921060.000,1,0,1,多换,S,2987.6000,2987.4000,2986.0000,2984.2000,2983.0000,2988.8000,2989.0000,2990.0000,2990.2000,2990.6000,4,1,3,1,5,1,2,3,2,8
SF,IH2003,2020-01-23 09:30:42.300,2988.2000,23011,0,228921060.000,0,-,-,-,-,2987.6000,2987.4000,2986.0000,2984.2000,2983.0000,2988.8000,2989.0000,2989.8000,2990.0000,2990.2000,4,1,3,1,5,2,2,2,3,2
SF,IH2003,2020-01-23 09:30:42.800,2988.8000,23009,-2,230714340.000,2,0,2,双平,S,2987.6000,2987.4000,2986.0000,2984.2000,2983.0000,2989.0000,2989.8000,2990.0000,2990.2000,2990.6000,4,1,3,1,5,2,2,3,2,8
SF,IH2003,2020-01-23 09:30:43.300,2988.6000,23005,-4,234300840.000,4,0,4,双平,S,2988.6000,2988.0000,2987.8000,2987.6000,2987.4000,2989.0000,2989.8000,2990.0000,2990.2000,2990.6000,2,1,9,7,1,2,2,2,2,8
SF,IH2003,2020-01-23 09:30:43.800,2989.0000,23003,-2,237887160.000,4,1,3,多平,S,2989.4000,2989.0000,2988.0000,2987.8000,2987.6000,2990.0000,2990.2000,2990.6000,2992.0000,2993.8000,1,1,1,5,7,2,2,8,2,1
SF,IH2003,2020-01-23 09:30:44.300,2989.0000,23003,0,239680680.000,2,1,1,多换,S,2987.8000,2987.6000,2987.4000,2986.0000,2984.2000,2989.4000,2989.8000,2990.0000,2990.2000,2990.6000,1,6,1,3,1,1,1,2,4,8
SF,IH2003,2020-01-23 09:30:44.800,2989.0000,23003,0,239680680.000,0,-,-,-,-,2988.8000,2988.0000,2987.8000,2987.6000,2987.4000,2989.4000,2990.0000,2990.2000,2990.6000,2992.0000,1,6,1,7,1,1,2,4,8,2
SF,IH2003,2020-01-23 09:30:45.300,2989.0000,23003,0,239680680.000,0,-,-,-,-,2988.8000,2988.0000,2987.8000,2987.6000,2987.4000,2989.4000,2990.0000,2990.2000,2990.6000,2992.0000,1,9,1,7,1,1,2,4,8,2
SF,IH2003,2020-01-23 09:30:45.800,2988.0000,23002,-1,243267120.000,4,1,3,多平,S,2988.0000,2987.8000,2987.6000,2987.4000,2986.0000,2990.0000,2990.2000,2990.6000,2992.0000,2993.8000,4,1,7,1,3,2,4,8,2,1
SF,IH2003,2020-01-23 09:30:46.300,2988.0000,23002,0,243267120.000,0,-,-,-,-,2988.2000,2988.0000,2987.6000,2987.4000,2986.0000,2989.8000,2990.0000,2990.2000,2990.6000,2992.0000,10,4,7,1,3,2,2,4,7,2
SF,IH2003,2020-01-23 09:30:46.800,2988.0000,23002,0,245059920.000,2,1,1,多换,S,2988.2000,2988.0000,2987.6000,2987.4000,2986.0000,2989.8000,2990.0000,2990.2000,2990.6000,2992.0000,5,4,7,1,3,2,2,4,7,2
SF,IH2003,2020-01-23 09:30:47.300,2988.0000,23002,0,245059920.000,0,-,-,-,-,2988.4000,2988.2000,2988.0000,2987.6000,2987.4000,2989.8000,2990.0000,2990.2000,2990.6000,2992.0000,4,5,1,7,1,2,2,2,6,2
SF,IH2003,2020-01-23 09:30:47.800,2989.8000,23001,-1,247749660.000,3,1,2,多平,S,2988.6000,2988.2000,2988.0000,2987.6000,2987.4000,2989.8000,2990.2000,2990.6000,2992.0000,2993.8000,2,4,1,7,1,1,2,6,2,1
SF,IH2003,2020-01-23 09:30:48.300,2988.6000,22999,-2,249542820.000,2,0,2,双平,S,2988.2000,2988.0000,2987.6000,2987.4000,2986.0000,2988.4000,2990.0000,2990.2000,2990.6000,2992.0000,1,1,7,1,3,2,2,2,6,2
SF,IH2003,2020-01-23 09:30:48.800,2988.2000,22995,-4,253128720.000,4,0,4,双平,S,2987.6000,2987.4000,2986.0000,2985.0000,2984.2000,2990.2000,2990.6000,2990.8000,2992.0000,2993.8000,7,1,3,1,1,2,8,2,2,1
SF,IH2003,2020-01-23 09:30:49.300,2989.8000,22994,-1,254025660.000,1,0,1,双平,S,2989.8000,2987.8000,2987.6000,2987.4000,2986.0000,2990.0000,2990.2000,2990.6000,2990.8000,2991.0000,1,3,7,1,3,8,2,7,2,2
SF,IH2003,2020-01-23 09:30:49.800,2989.8000,22993,-1,255819540.000,2,0,2,多平,S,2987.8000,2987.6000,2987.4000,2986.0000,2985.0000,2988.6000,2989.8000,2990.0000,2990.2000,2990.6000,4,8,1,3,1,3,3,6,2,5
SF,IH2003,2020-01-23 09:30:50.300,2988.6000,22991,-2,258509280.000,3,0,3,多平,S,2989.0000,2988.6000,2988.0000,2987.8000,2987.6000,2989.8000,2990.0000,2990.2000,2990.6000,2990.8000,2,2,5,4,9,3,2,2,5,2
SF,IH2003,2020-01-23 09:30:50.800,2988.6000,22991,0,258509280.000,0,-,-,-,-,2989.0000,2988.6000,2988.0000,2987.8000,2987.6000,2989.8000,2990.2000,2990.6000,2990.8000,2992.0000,2,1,4,4,9,4,2,5,2,2
SF,IH2003,2020-01-23 09:30:51.300,2988.6000,22991,0,258509280.000,0,-,-,-,-,2989.0000,2988.6000,2988.0000,2987.8000,2987.6000,2989.4000,2989.8000,2990.2000,2990.6000,2990.8000,2,1,4,3,9,2,4,2,5,2
SF,IH2003,2020-01-23 09:30:51.800,2989.4000,22991,0,259406100.000,1,0,1,多换,S,2989.0000,2988.6000,2988.0000,2987.8000,2987.6000,2989.4000,2989.8000,2990.2000,2990.6000,2990.8000,2,1,4,3,9,1,4,2,5,2
SF,IH2003,2020-01-23 09:30:52.300,2989.4000,22991,0,259406100.000,0,-,-,-,-,2989.0000,2988.6000,2988.0000,2987.8000,2987.6000,2989.8000,2990.0000,2990.2000,2990.6000,2992.0000,2,1,4,3,9,4,1,3,5,2
SF,IH2003,2020-01-23 09:30:52.800,2989.0000,22989,-2,262096320.000,3,0,3,多平,S,2988.0000,2987.8000,2987.6000,2987.4000,2986.0000,2989.0000,2989.8000,2990.0000,2990.2000,2990.6000,4,3,9,1,3,1,4,1,3,5
SF,IH2003,2020-01-23 09:30:53.300,2989.8000,22988,-1,263889960.000,2,0,2,多平,S,2989.2000,2989.0000,2988.2000,2988.0000,2987.8000,2989.8000,2990.0000,2990.2000,2990.6000,2992.0000,1,2,1,4,3,3,1,3,5,2
SF,IH2003,2020-01-23 09:30:53.800,2989.8000,22988,0,263889960.000,0,-,-,-,-,2989.2000,2989.0000,2988.2000,2988.0000,2987.8000,2989.8000,2990.0000,2990.2000,2990.6000,2992.0000,1,1,1,4,3,1,1,3,5,2
SF,IH2003,2020-01-23 09:30:54.300,2989.8000,22988,0,263889960.000,0,-,-,-,-,2989.0000,2988.2000,2988.0000,2987.8000,2987.6000,2989.8000,2990.0000,2990.2000,2990.6000,2992.0000,1,1,4,3,8,1,1,3,5,2
SF,IH2003,2020-01-23 09:30:54.800,2989.8000,22988,0,263889960.000,0,-,-,-,-,2989.0000,2988.2000,2988.0000,2987.8000,2987.6000,2989.8000,2990.0000,2990.2000,2990.6000,2992.0000,1,1,4,3,8,1,1,3,5,2
SF,IH2003,2020-01-23 09:30:55.300,2989.8000,22988,0,263889960.000,0,-,-,-,-,2989.0000,2988.0000,2987.8000,2987.6000,2987.4000,2989.8000,2990.0000,2990.2000,2990.6000,2992.0000,1,1,3,8,2,1,1,3,5,2
SF,IH2003,2020-01-23 09:30:55.800,2990.2000,22989,1,268375080.000,5,3,2,空开,S,2989.0000,2988.0000,2987.8000,2987.6000,2987.4000,2990.4000,2990.6000,2992.0000,2993.8000,2994.2000,2,1,3,7,2,3,5,2,1,3
SF,IH2003,2020-01-23 09:30:56.300,2989.2000,22987,-2,270168600.000,2,0,2,双平,S,2989.2000,2989.0000,2987.8000,2987.6000,2987.4000,2990.6000,2992.0000,2993.8000,2994.2000,2995.4000,2,2,3,7,2,5,2,1,3,1
SF,IH2003,2020-01-23 09:30:56.800,2989.2000,22987,0,271065360.000,1,0,1,多换,S,2989.0000,2987.8000,2987.6000,2987.4000,2986.0000,2990.4000,2990.6000,2992.0000,2993.8000,2994.2000,2,3,7,2,5,3,5,2,1,3
SF,IH2003,2020-01-23 09:30:57.300,2989.2000,22986,-1,273755640.000,3,1,2,多平,S,2989.0000,2987.8000,2987.6000,2987.4000,2986.0000,2990.4000,2990.6000,2992.0000,2993.8000,2994.2000,2,1,7,2,5,3,5,2,1,3
SF,IH2003,2020-01-23 09:30:57.800,2989.0000,22986,0,275549040.000,2,1,1,多换,S,2987.8000,2987.6000,2987.4000,2986.0000,2985.6000,2990.2000,2990.4000,2990.6000,2992.0000,2993.8000,1,7,2,5,2,3,2,5,2,1
SF,IH2003,2020-01-23 09:30:58.300,2990.0000,22986,0,279136560.000,4,2,2,多换,S,2989.2000,2989.0000,2988.8000,2988.2000,2988.0000,2990.2000,2990.4000,2990.6000,2992.0000,2993.8000,2,1,1,3,6,3,2,5,2,1
SF,IH2003,2020-01-23 09:30:58.800,2988.2000,22981,-5,286309200.000,8,1,7,多平,S,2988.2000,2988.0000,2987.8000,2987.6000,2987.4000,2989.2000,2990.2000,2990.4000,2990.6000,2992.0000,1,4,2,6,2,1,3,2,5,2
SF,IH2003,2020-01-23 09:30:59.300,2989.2000,22980,-1,288102720.000,2,0,2,多平,S,2988.0000,2987.8000,2987.6000,2987.4000,2986.0000,2989.2000,2990.2000,2990.4000,2990.6000,2992.0000,2,1,6,2,5,1,1,2,5,2
SF,IH2003,2020-01-23 09:30:59.800,2989.2000,22979,-1,290793000.000,3,1,2,多平,S,2988.4000,2988.2000,2988.0000,2987.8000,2987.6000,2989.2000,2990.2000,2990.4000,2990.6000,2992.0000,2,3,2,1,6,1,1,2,5,2
SF,IH2003,2020-01-23 09:31:00.300,2988.4000,22980,1,292586280.000,2,1,1,空开,S,2988.4000,2988.2000,2988.0000,2987.8000,2987.6000,2989.4000,2990.2000,2990.4000,2990.6000,2992.0000,3,3,3,1,6,2,4,2,5,2
SF,IH2003,2020-01-23 09:31:00.800,2988.4000,22981,1,294379320.000,2,1,1,空开,S,2988.2000,2988.0000,2987.8000,2987.6000,2987.4000,2989.2000,2989.4000,2990.4000,2990.6000,2992.0000,3,2,1,6,2,1,2,2,5,2
SF,IH2003,2020-01-23 09:31:01.300,2988.4000,22981,0,295275840.000,1,0,1,多换,S,2988.2000,2988.0000,2987.8000,2987.6000,2987.4000,2989.2000,2989.4000,2990.4000,2990.6000,2992.0000,1,2,1,6,2,1,2,2,8,2
SF,IH2003,2020-01-23 09:31:01.800,2988.2000,22981,0,296172300.000,1,0,1,多换,S,2987.8000,2987.6000,2987.4000,2986.0000,2985.6000,2988.2000,2989.2000,2989.4000,2990.4000,2990.6000,1,6,2,5,2,3,1,2,2,8
SF,IH2003,2020-01-23 09:31:02.300,2988.2000,22980,-1,298861680.000,3,1,2,多平,S,2987.6000,2987.4000,2986.0000,2985.6000,2985.2000,2988.2000,2989.0000,2989.2000,2989.4000,2990.4000,7,2,5,2,2,1,1,1,2,2
SF,IH2003,2020-01-23 09:31:02.800,2988.2000,22980,0,299758140.000,1,0,1,多换,S,2988.8000,2988.4000,2988.2000,2988.0000,2987.8000,2989.0000,2989.2000,2989.4000,2990.4000,2990.6000,1,1,10,3,3,1,1,2,2,8
SF,IH2003,2020-01-23 09:31:03.300,2988.8000,22976,-4,303344700.000,4,0,4,双平,S,2988.4000,2988.2000,2988.0000,2987.8000,2987.6000,2989.0000,2989.4000,2990.4000,2990.6000,2992.0000,1,8,3,4,9,1,2,2,5,2
SF,IH2003,2020-01-23 09:31:03.800,2989.0000,22973,-3,306034740.000,3,0,3,双平,S,2989.2000,2988.4000,2988.2000,2988.0000,2987.8000,2989.4000,2990.4000,2990.6000,2992.0000,2993.8000,1,1,5,3,4,2,2,5,2,1
SF,IH2003,2020-01-23 09:31:04.300,2989.2000,22973,0,306931500.000,1,0,1,多换,S,2988.4000,2988.2000,2988.0000,2987.8000,2987.6000,2988.8000,2989.2000,2989.4000,2989.8000,2990.4000,1,5,3,3,8,1,1,2,3,2
SF,IH2003,2020-01-23 09:31:04.800,2988.8000,22972,-1,308724780.000,2,0,2,多平,S,2988.8000,2988.6000,2988.4000,2988.2000,2988.0000,2989.2000,2989.4000,2990.4000,2990.6000,2992.0000,2,1,1,5,3,2,2,2,5,2
SF,IH2003,2020-01-23 09:31:05.300,2988.6000,22970,-2,311414520.000,3,0,3,多平,S,2988.2000,2987.8000,2987.6000,2987.4000,2986.4000,2988.4000,2988.6000,2989.2000,2989.4000,2990.4000,2,3,7,2,1,2,1,2,2,2
SF,IH2003,2020-01-23 09:31:05.800,2989.2000,22969,-1,313207860.000,2,0,2,多平,S,2988.8000,2988.4000,2987.8000,2987.6000,2987.4000,2989.2000,2989.4000,2990.4000,2990.6000,2992.0000,1,4,3,7,2,1,2,2,5,2
SF,IH2003,2020-01-23 09:31:06.300,2988.8000,22969,0,314104500.000,1,0,1,多换,S,2988.4000,2987.8000,2987.6000,2987.4000,2986.4000,2988.8000,2989.2000,2989.4000,2989.6000,2990.4000,1,3,7,2,1,3,1,2,3,2
SF,IH2003,2020-01-23 09:31:06.800,2988.4000,22969,0,315001020.000,1,0,1,多换,S,2987.8000,2987.6000,2987.4000,2986.4000,2986.0000,2988.4000,2988.8000,2989.2000,2989.4000,2990.4000,3,7,2,1,5,2,3,1,2,2
SF,IH2003,2020-01-23 09:31:07.300,2988.4000,22969,0,315897540.000,1,0,1,多换,S,2988.0000,2987.8000,2987.6000,2987.4000,2986.4000,2988.4000,2988.8000,2989.0000,2989.2000,2989.4000,1,3,7,2,1,2,3,3,1,2
SF,IH2003,2020-01-23 09:31:07.800,2987.8000,22967,-2,318586800.000,3,0,3,多平,S,2987.6000,2987.4000,2986.6000,2986.4000,2986.0000,2988.4000,2988.8000,2989.2000,2989.4000,2990.4000,7,2,1,1,5,1,3,1,2,2
SF,IH2003,2020-01-23 09:31:08.300,2988.4000,22968,1,320379660.000,2,1,1,空开,S,2988.4000,2987.6000,2987.4000,2986.6000,2986.4000,2988.8000,2989.2000,2989.4000,2990.4000,2990.6000,2,8,2,1,1,3,1,2,2,5
SF,IH2003,2020-01-23 09:31:08.800,2987.6000,22969,1,323068980.000,3,2,1,空开,S,2987.6000,2987.4000,2986.6000,2986.4000,2986.0000,2988.8000,2989.2000,2989.4000,2990.4000,2990.6000,6,1,1,1,5,6,1,2,2,5
SF,IH2003,2020-01-23 09:31:09.300,2988.6000,22969,0,323965560.000,1,0,1,多换,S,2987.8000,2987.6000,2987.4000,2986.6000,2986.4000,2988.8000,2989.2000,2989.4000,2990.4000,2990.6000,1,6,1,1,1,3,1,2,2,5
SF,IH2003,2020-01-23 09:31:09.800,2988.6000,22969,0,323965560.000,0,-,-,-,-,2987.6000,2987.4000,2986.8000,2986.6000,2986.4000,2988.8000,2989.2000,2989.4000,2990.4000,2990.6000,6,1,1,1,1,3,1,2,2,5
SF,IH2003,2020-01-23 09:31:10.300,2988.6000,22969,0,323965560.000,0,-,-,-,-,2987.6000,2987.4000,2986.8000,2986.6000,2986.4000,2988.4000,2988.8000,2989.2000,2989.4000,2990.4000,6,2,1,1,1,6,1,1,2,2
SF,IH2003,2020-01-23 09:31:10.800,2988.4000,22969,0,328448160.000,5,2,3,多换,S,2987.8000,2987.6000,2987.4000,2986.8000,2986.6000,2988.4000,2988.8000,2989.2000,2989.4000,2990.4000,1,6,2,1,1,1,1,1,2,2
SF,IH2003,2020-01-23 09:31:11.300,2988.4000,22969,0,329344680.000,1,0,1,多换,S,2988.4000,2988.0000,2987.8000,2987.6000,2987.4000,2988.8000,2989.2000,2989.4000,2990.4000,2990.6000,2,1,1,8,2,1,4,2,2,5
SF,IH2003,2020-01-23 09:31:11.800,2987.6000,22967,-2,333826860.000,5,1,4,多平,S,2988.0000,2987.6000,2987.4000,2986.8000,2986.6000,2989.2000,2989.4000,2990.4000,2990.6000,2992.0000,1,7,2,1,1,4,2,2,5,2
SF,IH2003,2020-01-23 09:31:12.300,2987.6000,22967,0,333826860.000,0,-,-,-,-,2988.0000,2987.6000,2987.4000,2986.8000,2986.6000,2988.2000,2989.0000,2989.2000,2989.4000,2990.4000,1,7,2,1,1,2,1,1,2,2
SF,IH2003,2020-01-23 09:31:12.800,2988.2000,22964,-3,336516240.000,3,0,3,双平,S,2988.2000,2988.0000,2987.6000,2987.4000,2986.8000,2989.0000,2989.2000,2989.4000,2990.4000,2990.6000,4,1,7,2,1,1,1,2,2,5
SF,IH2003,2020-01-23 09:31:13.300,2988.2000,22962,-2,340102080.000,4,1,3,多平,S,2988.2000,2988.0000,2987.6000,2987.4000,2986.8000,2989.0000,2989.2000,2989.4000,2990.4000,2990.6000,1,1,7,2,1,1,1,5,2,5
SF,IH2003,2020-01-23 09:31:13.800,2988.2000,22961,-1,340998540.000,1,0,1,双平,S,2988.0000,2987.6000,2987.4000,2986.8000,2986.6000,2989.0000,2989.2000,2989.4000,2990.4000,2990.6000,1,7,2,1,1,1,1,5,2,5
SF,IH2003,2020-01-23 09:31:14.300,2987.6000,22958,-3,345480600.000,5,1,4,多平,S,2987.6000,2987.4000,2986.8000,2986.6000,2986.4000,2989.2000,2989.4000,2990.4000,2990.6000,2992.0000,5,2,1,1,1,1,5,2,5,2
SF,IH2003,2020-01-23 09:31:14.800,2987.6000,22958,0,345480600.000,0,-,-,-,-,2987.8000,2987.6000,2987.4000,2986.8000,2986.6000,2989.0000,2989.2000,2989.4000,2990.4000,2990.6000,3,7,2,1,1,1,1,5,2,5
SF,IH2003,2020-01-23 09:31:15.300,2987.6000,22958,0,345480600.000,0,-,-,-,-,2988.2000,2987.8000,2987.6000,2987.4000,2986.8000,2989.0000,2989.2000,2989.4000,2990.4000,2990.6000,1,3,9,2,1,4,1,2,2,5
SF,IH2003,2020-01-23 09:31:15.800,2988.2000,22957,-1,346377060.000,1,0,1,双平,S,2988.2000,2987.8000,2987.6000,2987.4000,2986.8000,2989.0000,2989.2000,2989.4000,2990.0000,2990.4000,1,3,5,2,1,4,1,2,3,2
SF,IH2003,2020-01-23 09:31:16.300,2988.2000,22957,0,346377060.000,0,-,-,-,-,2988.2000,2987.8000,2987.6000,2987.4000,2986.8000,2988.8000,2989.0000,2989.2000,2989.4000,2990.4000,1,3,4,2,1,2,4,1,2,2
SF,IH2003,2020-01-23 09:31:16.800,2988.2000,22955,-2,348169980.000,2,0,2,双平,S,2988.2000,2988.0000,2987.8000,2987.6000,2987.4000,2988.8000,2989.2000,2989.4000,2990.4000,2990.6000,3,1,3,3,2,2,1,2,2,5
SF,IH2003,2020-01-23 09:31:17.300,2988.2000,22955,0,349066440.000,1,0,1,多换,S,2988.0000,2987.8000,2987.6000,2987.4000,2986.8000,2988.8000,2989.2000,2989.4000,2990.4000,2990.6000,1,3,3,2,1,2,1,2,2,5
SF,IH2003,2020-01-23 09:31:17.800,2988.2000,22955,0,349066440.000,0,-,-,-,-,2988.0000,2987.8000,2987.6000,2987.4000,2986.8000,2988.2000,2988.8000,2989.2000,2989.4000,2989.8000,1,3,4,2,1,1,2,1,2,3
SF,IH2003,2020-01-23 09:31:18.300,2988.2000,22954,-1,352652460.000,4,1,3,多平,S,2988.2000,2988.0000,2987.8000,2987.6000,2987.4000,2988.8000,2989.2000,2989.4000,2990.4000,2990.6000,2,1,3,4,2,1,1,2,2,5
SF,IH2003,2020-01-23 09:31:18.800,2988.2000,22954,0,352652460.000,0,-,-,-,-,2988.2000,2988.0000,2987.8000,2987.6000,2987.4000,2988.4000,2988.8000,2989.2000,2989.4000,2990.4000,1,1,1,4,2,1,1,1,2,2
SF,IH2003,2020-01-23 09:31:19.300,2988.4000,22953,-1,353548980.000,1,0,1,双平,S,2988.2000,2988.0000,2987.8000,2987.6000,2987.4000,2988.8000,2989.2000,2989.4000,2990.4000,2990.6000,1,1,1,4,2,1,1,2,2,5
SF,IH2003,2020-01-23 09:31:19.800,2988.4000,22953,0,353548980.000,0,-,-,-,-,2988.6000,2988.0000,2987.8000,2987.6000,2987.4000,2988.8000,2989.2000,2989.4000,2990.4000,2990.6000,1,1,1,4,2,1,1,2,2,5
SF,IH2003,2020-01-23 09:31:20.300,2988.8000,22953,0,354445620.000,1,0,1,多换,S,2988.0000,2987.8000,2987.6000,2987.4000,2987.0000,2989.2000,2989.4000,2990.4000,2990.6000,2992.0000,1,1,4,2,2,1,2,2,5,2
SF,IH2003,2020-01-23 09:31:20.800,2988.8000,22953,0,354445620.000,0,-,-,-,-,2988.8000,2988.0000,2987.8000,2987.6000,2987.4000,2989.2000,2989.4000,2990.4000,2990.6000,2992.0000,10,1,1,4,2,1,2,2,5,2
SF,IH2003,2020-01-23 09:31:21.300,2988.8000,22953,0,362515380.000,9,4,5,多换,S,2988.8000,2988.0000,2987.8000,2987.6000,2987.4000,2989.2000,2989.4000,2990.4000,2990.6000,2992.0000,1,1,1,4,2,1,2,2,5,2
SF,IH2003,2020-01-23 09:31:21.800,2988.8000,22953,0,363412020.000,1,0,1,多换,S,2988.0000,2987.8000,2987.6000,2987.4000,2987.0000,2988.8000,2989.2000,2989.4000,2989.6000,2990.4000,1,1,4,2,2,1,1,2,2,2
SF,IH2003,2020-01-23 09:31:22.300,2988.8000,22954,1,364308660.000,1,1,0,双开,S,2988.0000,2987.8000,2987.6000,2987.4000,2987.0000,2989.2000,2989.4000,2989.6000,2990.4000,2990.6000,1,1,4,2,2,1,2,2,2,5
SF,IH2003,2020-01-23 09:31:22.800,2989.2000,22954,0,365205420.000,1,0,1,多换,S,2989.2000,2988.0000,2987.8000,2987.6000,2987.4000,2990.6000,2992.0000,2993.8000,2994.2000,2995.6000,2,1,1,4,2,5,2,1,3,2
SF,IH2003,2020-01-23 09:31:23.300,2989.2000,22954,0,365205420.000,0,-,-,-,-,2989.2000,2988.0000,2987.8000,2987.6000,2987.4000,2990.4000,2990.6000,2990.8000,2992.0000,2993.8000,2,1,1,4,2,5,5,2,2,1
SF,IH2003,2020-01-23 09:31:23.800,2989.2000,22954,0,365205420.000,0,-,-,-,-,2989.2000,2988.0000,2987.8000,2987.6000,2987.4000,2990.4000,2990.6000,2992.0000,2993.8000,2994.2000,4,1,1,4,2,5,5,2,1,3
SF,IH2003,2020-01-23 09:31:24.300,2990.4000,22953,-1,366102540.000,1,0,1,双平,S,2989.2000,2988.0000,2987.8000,2987.6000,2987.4000,2990.4000,2990.6000,2992.0000,2993.8000,2994.2000,4,1,1,4,2,1,5,2,1,3
SF,IH2003,2020-01-23 09:31:24.800,2990.4000,22952,-1,366999660.000,1,0,1,双平,S,2989.4000,2989.2000,2988.0000,2987.6000,2987.4000,2990.6000,2992.0000,2993.8000,2994.2000,2995.6000,1,4,1,3,2,5,2,1,3,2
SF,IH2003,2020-01-23 09:31:25.800,2990.4000,22952,0,366999660.000,0,-,-,-,-,2989.4000,2989.2000,2988.2000,2988.0000,2987.6000,2990.6000,2992.0000,2993.8000,2994.2000,2995.6000,1,4,1,1,3,5,2,1,3,2
SF,IH2003,2020-01-23 09:31:26.300,2990.4000,22952,0,366999660.000,0,-,-,-,-,2989.4000,2989.2000,2988.2000,2988.0000,2987.6000,2990.6000,2992.0000,2993.8000,2994.2000,2995.6000,1,4,1,1,3,5,2,1,3,2
SF,IH2003,2020-01-23 09:31:26.800,2990.4000,22952,0,366999660.000,0,-,-,-,-,2989.8000,2989.4000,2989.2000,2988.2000,2988.0000,2990.6000,2992.0000,2993.8000,2994.2000,2995.6000,1,1,4,1,1,5,2,1,3,2
SF,IH2003,2020-01-23 09:31:27.300,2989.4000,22950,-2,368793420.000,2,0,2,双平,S,2989.2000,2988.2000,2988.0000,2987.6000,2987.4000,2989.4000,2989.6000,2989.8000,2990.6000,2990.8000,4,1,1,2,2,5,1,3,5,2
SF,IH2003,2020-01-23 09:31:27.800,2989.6000,22948,-2,374174400.000,6,2,4,多平,S,2989.2000,2988.2000,2988.0000,2987.6000,2987.4000,2989.8000,2990.6000,2990.8000,2992.0000,2993.8000,4,1,3,2,2,3,5,2,2,1
SF,IH2003,2020-01-23 09:31:28.300,2989.8000,22948,0,375071340.000,1,0,1,多换,S,2989.4000,2989.2000,2988.4000,2988.2000,2988.0000,2989.8000,2990.6000,2990.8000,2992.0000,2993.8000,2,4,1,1,3,1,5,2,2,1
SF,IH2003,2020-01-23 09:31:28.800,2989.8000,22947,-1,375968280.000,1,0,1,双平,S,2989.8000,2989.4000,2989.2000,2988.4000,2988.2000,2990.6000,2990.8000,2992.0000,2993.8000,2994.0000,1,2,4,1,1,5,2,2,1,1
SF,IH2003,2020-01-23 09:31:29.300,2989.8000,22947,0,375968280.000,0,-,-,-,-,2990.0000,2989.8000,2989.4000,2989.2000,2988.4000,2990.6000,2990.8000,2992.0000,2993.8000,2994.0000,1,1,2,4,1,5,2,2,1,1
SF,IH2003,2020-01-23 09:31:29.800,2990.0000,22947,0,377762220.000,2,1,1,多换,S,2989.4000,2989.2000,2988.4000,2988.2000,2988.0000,2990.6000,2990.8000,2992.0000,2993.8000,2994.0000,3,4,1,1,3,5,2,2,1,1
SF,IH2003,2020-01-23 09:31:30.300,2990.0000,22947,0,377762220.000,0,-,-,-,-,2989.4000,2989.2000,2988.4000,2988.2000,2988.0000,2990.6000,2990.8000,2992.0000,2993.8000,2994.0000,5,4,1,1,3,5,2,2,1,1
SF,IH2003,2020-01-23 09:31:30.800,2990.0000,22947,0,377762220.000,0,-,-,-,-,2989.4000,2989.2000,2988.4000,2988.2000,2988.0000,2990.6000,2990.8000,2992.0000,2993.8000,2994.0000,5,4,1,1,3,5,2,2,1,1
SF,IH2003,2020-01-23 09:31:31.300,2989.4000,22946,-1,378659040.000,1,0,1,双平,S,2989.4000,2989.2000,2988.4000,2988.2000,2988.0000,2990.6000,2990.8000,2992.0000,2993.8000,2994.0000,4,4,1,1,3,6,2,2,1,1
SF,IH2003,2020-01-23 09:31:31.800,2990.4000,22946,0,379556160.000,1,0,1,多换,S,2989.4000,2989.2000,2988.4000,2988.2000,2988.0000,2990.6000,2990.8000,2992.0000,2993.8000,2994.0000,3,4,1,1,3,6,2,2,1,1
SF,IH2003,2020-01-23 09:31:32.300,2990.6000,22947,1,380453340.000,1,1,0,双开,S,2989.4000,2989.2000,2988.4000,2988.2000,2988.0000,2990.6000,2990.8000,2992.0000,2993.8000,2994.0000,3,4,1,1,3,5,2,2,1,1
SF,IH2003,2020-01-23 09:31:32.800,2990.6000,22947,0,380453340.000,0,-,-,-,-,2989.4000,2989.2000,2988.4000,2988.2000,2988.0000,2990.4000,2990.6000,2990.8000,2992.0000,2993.8000,5,4,1,1,3,2,5,2,2,1
SF,IH2003,2020-01-23 09:31:33.300,2990.6000,22947,0,381350520.000,1,0,1,多换,S,2989.4000,2989.2000,2988.4000,2988.2000,2988.0000,2990.6000,2991.2000,2992.0000,2993.8000,2994.0000,5,4,1,1,3,5,2,2,1,1
SF,IH2003,2020-01-23 09:31:33.800,2990.6000,22949,2,383144880.000,2,2,0,双开,S,2989.4000,2989.2000,2988.4000,2988.2000,2988.0000,2990.6000,2991.2000,2992.0000,2993.8000,2994.0000,5,4,1,1,3,3,5,2,1,1
SF,IH2003,2020-01-23 09:31:34.300,2990.6000,22949,0,383144880.000,0,-,-,-,-,2989.4000,2989.2000,2988.4000,2988.2000,2988.0000,2990.6000,2991.2000,2992.0000,2993.8000,2994.0000,5,4,1,1,2,3,5,2,1,1
SF,IH2003,2020-01-23 09:31:34.800,2990.6000,22949,0,383144880.000,0,-,-,-,-,2989.4000,2989.2000,2988.4000,2988.2000,2988.0000,2990.6000,2991.2000,2992.0000,2993.8000,2994.0000,5,4,1,1,2,3,2,2,1,1
SF,IH2003,2020-01-23 09:31:35.300,2990.6000,22949,0,384042060.000,1,0,1,多换,S,2990.4000,2989.4000,2989.2000,2988.4000,2988.2000,2990.6000,2991.2000,2992.0000,2993.8000,2994.0000,1,6,4,1,1,2,2,2,1,1
SF,IH2003,2020-01-23 09:31:35.800,2990.4000,22949,0,385836300.000,2,1,1,多换,S,2989.4000,2989.2000,2988.2000,2988.0000,2987.6000,2990.4000,2990.6000,2991.2000,2992.0000,2993.8000,6,4,1,3,2,5,2,2,2,1
SF,IH2003,2020-01-23 09:31:36.300,2990.4000,22949,0,385836300.000,0,-,-,-,-,2989.4000,2989.2000,2988.2000,2988.0000,2987.6000,2990.4000,2990.6000,2991.2000,2992.0000,2993.8000,6,4,1,3,2,4,2,2,2,1
SF,IH2003,2020-01-23 09:31:36.800,2990.4000,22949,0,387630240.000,2,1,1,多换,S,2989.4000,2989.2000,2988.2000,2988.0000,2987.6000,2990.4000,2990.6000,2991.2000,2992.0000,2993.8000,5,4,1,3,2,3,2,2,2,1
SF,IH2003,2020-01-23 09:31:37.300,2990.4000,22949,0,387630240.000,0,-,-,-,-,2990.0000,2989.4000,2989.2000,2988.2000,2988.0000,2990.4000,2990.6000,2991.2000,2992.0000,2993.8000,2,5,2,1,3,3,3,2,2,1
SF,IH2003,2020-01-23 09:31:37.800,2990.0000,22947,-2,390321240.000,3,0,3,多平,S,2989.4000,2989.2000,2989.0000,2988.2000,2988.0000,2990.0000,2990.4000,2990.6000,2991.2000,2992.0000,5,2,1,1,3,2,3,3,2,2
SF,IH2003,2020-01-23 09:31:38.300,2990.0000,22946,-1,391218240.000,1,0,1,双平,S,2989.4000,2989.2000,2989.0000,2988.2000,2988.0000,2989.8000,2990.4000,2990.6000,2991.2000,2992.0000,5,2,1,1,3,1,3,3,2,2
SF,IH2003,2020-01-23 09:31:38.800,2990.0000,22945,-1,392115240.000,1,0,1,双平,S,2989.4000,2989.2000,2989.0000,2988.2000,2988.0000,2990.4000,2990.6000,2991.2000,2992.0000,2993.8000,5,2,1,1,3,3,3,2,2,1
SF,IH2003,2020-01-23 09:31:39.800,2990.4000,22945,0,393909480.000,2,1,1,多换,S,2989.8000,2989.4000,2989.2000,2989.0000,2988.2000,2990.4000,2990.6000,2991.2000,2992.0000,2993.8000,1,5,2,1,1,1,3,2,2,1
SF,IH2003,2020-01-23 09:31:40.300,2990.4000,22945,0,393909480.000,0,-,-,-,-,2989.8000,2989.4000,2989.2000,2989.0000,2988.2000,2990.4000,2990.6000,2991.2000,2992.0000,2993.8000,2,3,2,1,1,1,3,2,2,1
SF,IH2003,2020-01-23 09:31:40.800,2989.8000,22943,-2,396600300.000,3,0,3,多平,S,2989.4000,2989.2000,2989.0000,2988.2000,2988.0000,2990.2000,2990.4000,2990.6000,2991.2000,2992.0000,3,2,1,1,3,4,2,3,2,2
SF,IH2003,2020-01-23 09:31:41.300,2989.4000,22943,0,397497120.000,1,0,1,多换,S,2989.4000,2989.2000,2989.0000,2988.2000,2988.0000,2990.0000,2990.2000,2990.4000,2990.6000,2991.2000,2,2,1,1,3,1,7,2,2,5
SF,IH2003,2020-01-23 09:31:41.800,2990.0000,22943,0,398394120.000,1,0,1,多换,S,2989.4000,2989.2000,2989.0000,2988.2000,2988.0000,2990.2000,2990.4000,2990.6000,2991.2000,2992.0000,2,2,1,1,3,7,2,2,2,2
SF,IH2003,2020-01-23 09:31:42.300,2990.0000,22942,-1,399291120.000,1,0,1,双平,S,2989.4000,2989.2000,2989.0000,2988.2000,2988.0000,2990.2000,2990.4000,2990.6000,2992.0000,2993.6000,2,2,1,1,3,8,2,2,2,1
SF,IH2003,2020-01-23 09:31:42.800,2989.4000,22942,0,400187940.000,1,0,1,多换,S,2989.4000,2989.2000,2989.0000,2988.2000,2988.0000,2990.2000,2990.4000,2990.6000,2992.0000,2993.6000,1,2,1,1,3,8,2,2,2,1
SF,IH2003,2020-01-23 09:31:43.300,2990.0000,22942,0,402878940.000,3,1,2,多换,S,2989.4000,2989.2000,2989.0000,2988.2000,2988.0000,2990.2000,2990.4000,2990.6000,2992.0000,2993.6000,1,2,1,1,3,8,2,2,2,1
SF,IH2003,2020-01-23 09:31:43.800,2989.4000,22943,1,404672580.000,2,1,1,空开,S,2989.2000,2989.0000,2988.2000,2988.0000,2987.6000,2990.0000,2990.2000,2990.4000,2990.6000,2992.0000,2,1,1,3,2,1,8,2,2,2
SF,IH2003,2020-01-23 09:31:44.300,2989.2000,22942,-1,407362860.000,3,1,2,多平,S,2989.0000,2988.2000,2988.0000,2987.6000,2987.4000,2989.8000,2990.0000,2990.2000,2990.4000,2990.6000,2,1,3,2,2,5,2,2,5,2
SF,IH2003,2020-01-23 09:31:44.800,2989.6000,22940,-2,410053140.000,3,0,3,多平,S,2989.4000,2988.2000,2988.0000,2987.6000,2987.4000,2989.6000,2989.8000,2990.0000,2990.4000,2990.6000,1,1,3,1,2,1,7,2,5,2
SF,IH2003,2020-01-23 09:31:45.300,2989.4000,22939,-1,410949960.000,1,0,1,双平,S,2988.2000,2988.0000,2987.6000,2987.4000,2987.0000,2989.2000,2989.4000,2989.6000,2989.8000,2990.0000,1,3,1,2,1,1,8,1,1,2
SF,IH2003,2020-01-23 09:31:45.800,2989.2000,22939,0,411846720.000,1,0,1,多换,S,2988.4000,2988.2000,2988.0000,2987.6000,2987.4000,2989.2000,2989.4000,2989.8000,2990.0000,2990.4000,1,1,3,1,2,1,7,1,2,4
SF,IH2003,2020-01-23 09:31:46.300,2989.2000,22939,0,411846720.000,0,-,-,-,-,2989.2000,2988.4000,2988.2000,2988.0000,2987.4000,2989.4000,2989.8000,2990.0000,2990.4000,2990.6000,1,1,1,3,2,4,1,2,4,2
SF,IH2003,2020-01-23 09:31:46.800,2989.4000,22938,-1,413640300.000,2,0,2,多平,S,2989.2000,2989.0000,2988.4000,2988.2000,2988.0000,2989.4000,2989.8000,2990.0000,2990.4000,2990.6000,1,1,1,2,3,3,1,1,4,2
SF,IH2003,2020-01-23 09:31:47.300,2989.2000,22938,0,414537060.000,1,0,1,多换,S,2989.2000,2989.0000,2988.4000,2988.2000,2988.0000,2989.4000,2989.8000,2990.0000,2990.4000,2990.6000,1,1,1,2,3,3,1,1,4,2
SF,IH2003,2020-01-23 09:31:47.800,2989.0000,22936,-2,416330520.000,2,0,2,双平,S,2988.4000,2988.2000,2988.0000,2987.4000,2987.0000,2989.4000,2989.8000,2990.0000,2990.4000,2990.6000,1,2,3,1,1,3,1,1,4,2
SF,IH2003,2020-01-23 09:31:48.800,2989.0000,22936,0,416330520.000,0,-,-,-,-,2988.4000,2988.2000,2988.0000,2987.4000,2987.0000,2989.2000,2989.4000,2989.8000,2990.0000,2990.4000,2,2,3,1,1,8,3,1,1,4
SF,IH2003,2020-01-23 09:31:49.300,2989.2000,22936,0,417227280.000,1,0,1,多换,S,2988.4000,2988.2000,2988.0000,2987.4000,2987.0000,2989.2000,2989.4000,2989.8000,2990.0000,2990.4000,2,2,3,1,1,9,3,1,1,2
SF,IH2003,2020-01-23 09:31:49.800,2989.2000,22936,0,419020800.000,2,1,1,多换,S,2988.4000,2988.2000,2988.0000,2987.4000,2987.0000,2989.2000,2989.4000,2989.8000,2990.0000,2990.4000,2,2,3,1,1,7,3,1,1,2
SF,IH2003,2020-01-23 09:31:50.300,2989.2000,22936,0,419020800.000,0,-,-,-,-,2988.6000,2988.4000,2988.2000,2988.0000,2987.4000,2989.2000,2989.4000,2989.8000,2990.0000,2990.4000,1,2,2,3,1,7,3,1,1,2
SF,IH2003,2020-01-23 09:31:50.800,2988.6000,22935,-1,419917380.000,1,0,1,双平,S,2988.4000,2988.2000,2988.0000,2987.4000,2987.0000,2989.2000,2989.4000,2989.8000,2990.0000,2990.4000,3,2,3,1,1,7,3,1,1,2
SF,IH2003,2020-01-23 09:31:51.800,2988.6000,22935,0,419917380.000,0,-,-,-,-,2988.4000,2988.2000,2988.0000,2987.4000,2987.0000,2989.2000,2989.4000,2989.8000,2990.0000,2990.4000,3,2,3,1,1,7,3,1,1,2
SF,IH2003,2020-01-23 09:31:52.800,2988.6000,22935,0,419917380.000,0,-,-,-,-,2988.6000,2988.4000,2988.2000,2988.0000,2987.4000,2989.2000,2989.4000,2989.8000,2990.0000,2990.4000,1,3,2,3,1,7,3,1,1,2
SF,IH2003,2020-01-23 09:31:53.300,2988.6000,22934,-1,420813960.000,1,0,1,双平,S,2988.4000,2988.2000,2988.0000,2987.4000,2987.0000,2989.2000,2989.4000,2989.8000,2990.0000,2990.4000,3,2,3,1,1,7,3,1,1,2
SF,IH2003,2020-01-23 09:31:54.300,2988.6000,22934,0,420813960.000,0,-,-,-,-,2988.4000,2988.2000,2988.0000,2987.4000,2987.0000,2989.0000,2989.2000,2989.8000,2990.0000,2990.4000,6,2,9,1,1,4,7,1,1,2
SF,IH2003,2020-01-23 09:31:54.800,2989.2000,22927,-7,427987920.000,8,0,8,多平,S,2989.0000,2988.4000,2988.2000,2988.0000,2987.4000,2989.8000,2990.0000,2990.4000,2990.6000,2992.0000,1,6,2,9,1,1,1,2,2,2
SF,IH2003,2020-01-23 09:31:55.300,2989.2000,22927,0,427987920.000,0,-,-,-,-,2989.2000,2989.0000,2988.4000,2988.2000,2988.0000,2989.8000,2990.0000,2990.4000,2990.6000,2992.0000,1,1,3,2,9,1,2,2,2,2
SF,IH2003,2020-01-23 09:31:55.800,2989.2000,22927,0,427987920.000,0,-,-,-,-,2989.2000,2988.4000,2988.2000,2988.0000,2987.4000,2990.0000,2990.4000,2990.6000,2992.0000,2993.6000,1,2,2,9,1,1,1,2,2,1
SF,IH2003,2020-01-23 09:31:56.300,2989.2000,22927,0,427987920.000,0,-,-,-,-,2989.2000,2988.4000,2988.2000,2988.0000,2987.4000,2989.8000,2990.0000,2990.4000,2990.6000,2992.0000,2,2,2,9,1,2,1,1,2,2
SF,IH2003,2020-01-23 09:31:56.800,2989.2000,22928,1,429781440.000,2,1,1,空开,S,2988.4000,2988.2000,2988.0000,2987.4000,2987.0000,2989.2000,2989.8000,2990.0000,2990.4000,2990.6000,2,2,9,1,1,1,6,1,1,2
SF,IH2003,2020-01-23 09:31:57.800,2988.4000,22928,0,430677960.000,1,0,1,多换,S,2988.4000,2988.2000,2988.0000,2987.4000,2987.0000,2989.2000,2989.8000,2990.0000,2990.4000,2990.6000,1,2,9,1,1,1,5,1,1,2
SF,IH2003,2020-01-23 09:31:58.300,2988.2000,22927,-1,433367460.000,3,1,2,多平,S,2988.2000,2988.0000,2987.4000,2987.0000,2986.8000,2988.4000,2989.2000,2989.8000,2990.0000,2990.4000,1,9,1,1,1,1,2,5,1,1
SF,IH2003,2020-01-23 09:31:58.800,2988.2000,22927,0,434263920.000,1,0,1,多换,S,2988.0000,2987.4000,2987.0000,2986.8000,2986.6000,2989.0000,2989.2000,2989.8000,2990.4000,2990.6000,9,1,1,1,1,7,2,1,1,2
SF,IH2003,2020-01-23 09:31:59.300,2988.2000,22927,0,434263920.000,0,-,-,-,-,2988.0000,2987.4000,2987.0000,2986.8000,2986.6000,2989.0000,2989.2000,2989.8000,2990.4000,2990.6000,9,1,1,1,1,5,3,1,1,2
SF,IH2003,2020-01-23 09:31:59.800,2988.2000,22927,0,435160380.000,1,0,1,多换,S,2988.0000,2987.4000,2987.0000,2986.8000,2986.6000,2989.0000,2989.2000,2989.8000,2990.4000,2990.6000,9,1,1,1,1,2,3,1,1,2
SF,IH2003,2020-01-23 09:32:00.300,2988.2000,22927,0,435160380.000,0,-,-,-,-,2988.0000,2987.4000,2987.0000,2986.8000,2986.6000,2989.0000,2989.2000,2989.4000,2989.8000,2990.4000,9,1,1,1,1,1,3,1,1,1
SF,IH2003,2020-01-23 09:32:00.800,2988.0000,22925,-2,443227980.000,9,3,6,多平,S,2987.4000,2987.0000,2986.8000,2986.6000,2986.4000,2988.8000,2989.0000,2989.2000,2989.4000,2989.8000,1,1,1,1,1,2,3,3,1,1
SF,IH2003,2020-01-23 09:32:01.300,2988.0000,22925,0,443227980.000,0,-,-,-,-,2987.4000,2987.0000,2986.8000,2986.6000,2986.4000,2988.6000,2989.0000,2989.2000,2989.4000,2989.8000,1,1,1,1,1,1,3,2,1,1
SF,IH2003,2020-01-23 09:32:01.800,2988.0000,22925,0,443227980.000,0,-,-,-,-,2987.4000,2987.0000,2986.8000,2986.6000,2986.4000,2988.4000,2988.6000,2988.8000,2989.0000,2989.2000,1,1,1,1,1,1,9,1,1,2
SF,IH2003,2020-01-23 09:32:02.300,2988.2000,22926,1,445020660.000,2,1,1,空开,S,2988.0000,2987.0000,2986.8000,2986.6000,2986.4000,2988.2000,2988.4000,2988.6000,2988.8000,2989.0000,1,1,1,1,1,3,1,6,1,1
SF,IH2003,2020-01-23 09:32:02.800,2987.8000,22925,-1,447709500.000,3,1,2,多平,S,2986.8000,2986.6000,2986.4000,2986.0000,2985.6000,2987.8000,2988.0000,2988.2000,2988.6000,2988.8000,1,1,1,6,2,2,2,1,3,1
SF,IH2003,2020-01-23 09:32:03.300,2987.8000,22925,0,447709500.000,0,-,-,-,-,2986.8000,2986.6000,2986.4000,2986.0000,2985.6000,2987.4000,2987.8000,2988.0000,2988.2000,2988.8000,1,1,1,6,2,1,1,4,1,1
SF,IH2003,2020-01-23 09:32:03.800,2987.8000,22924,-1,449502060.000,2,0,2,多平,S,2987.6000,2986.8000,2986.6000,2986.4000,2986.0000,2988.0000,2988.2000,2988.4000,2988.8000,2989.0000,1,1,1,1,6,3,1,1,1,1
SF,IH2003,2020-01-23 09:32:04.300,2987.8000,22924,0,454879800.000,6,3,3,多换,S,2986.8000,2986.6000,2986.4000,2986.0000,2985.6000,2987.8000,2988.0000,2988.2000,2988.6000,2988.8000,1,1,1,6,2,1,3,1,1,1
SF,IH2003,2020-01-23 09:32:04.800,2987.8000,22924,0,454879800.000,0,-,-,-,-,2986.8000,2986.6000,2986.4000,2986.0000,2985.6000,2987.4000,2987.6000,2987.8000,2988.0000,2988.2000,1,1,1,6,2,1,3,2,1,1
SF,IH2003,2020-01-23 09:32:05.300,2987.8000,22924,0,454879800.000,0,-,-,-,-,2987.0000,2986.8000,2986.6000,2986.4000,2986.0000,2987.4000,2987.6000,2987.8000,2988.0000,2988.2000,1,1,1,1,6,1,3,2,1,1
SF,IH2003,2020-01-23 09:32:05.800,2987.6000,22922,-2,457568580.000,3,0,3,多平,S,2987.0000,2986.8000,2986.6000,2986.4000,2986.0000,2987.6000,2987.8000,2988.0000,2988.2000,2988.6000,1,1,1,1,6,3,2,1,1,1
SF,IH2003,2020-01-23 09:32:06.300,2987.2000,22922,0,459360840.000,2,1,1,多换,S,2986.8000,2986.6000,2986.4000,2986.0000,2985.6000,2987.2000,2987.4000,2987.6000,2988.0000,2988.2000,1,2,1,6,2,1,2,1,1,1
SF,IH2003,2020-01-23 09:32:07.300,2987.2000,22919,-3,463841640.000,5,1,4,多平,S,2987.0000,2986.8000,2986.6000,2986.4000,2986.0000,2988.0000,2988.2000,2988.6000,2988.8000,2989.0000,1,1,2,1,6,1,1,1,1,1
SF,IH2003,2020-01-23 09:32:07.800,2987.2000,22919,0,463841640.000,0,-,-,-,-,2987.0000,2986.8000,2986.6000,2986.4000,2986.0000,2987.6000,2987.8000,2988.0000,2988.2000,2988.6000,1,1,2,1,6,1,3,1,1,1
SF,IH2003,2020-01-23 09:32:08.300,2987.2000,22919,0,463841640.000,0,-,-,-,-,2987.0000,2986.8000,2986.6000,2986.4000,2986.0000,2987.8000,2988.0000,2988.2000,2988.6000,2988.8000,1,1,2,1,6,2,1,1,1,1
SF,IH2003,2020-01-23 09:32:08.800,2987.0000,22918,-1,464737740.000,1,0,1,双平,S,2986.8000,2986.6000,2986.4000,2986.0000,2985.6000,2987.8000,2988.0000,2988.2000,2988.6000,2988.8000,1,2,1,6,2,2,1,1,1,1
SF,IH2003,2020-01-23 09:32:09.300,2986.8000,22919,1,465633780.000,1,1,0,双开,S,2986.6000,2986.4000,2986.0000,2985.6000,2985.2000,2987.8000,2988.0000,2988.2000,2988.6000,2988.8000,2,1,6,2,2,2,1,1,1,1
SF,IH2003,2020-01-23 09:32:09.800,2986.8000,22919,0,465633780.000,0,-,-,-,-,2986.6000,2986.4000,2986.0000,2985.6000,2985.2000,2987.6000,2987.8000,2988.0000,2988.6000,2988.8000,2,1,6,2,2,2,2,1,1,1
SF,IH2003,2020-01-23 09:32:10.300,2986.8000,22919,0,465633780.000,0,-,-,-,-,2986.6000,2986.4000,2986.0000,2985.6000,2985.2000,2986.8000,2987.4000,2987.6000,2988.0000,2988.6000,2,1,6,2,2,1,2,3,1,1
SF,IH2003,2020-01-23 09:32:10.800,2986.8000,22919,0,465633780.000,0,-,-,-,-,2986.6000,2986.4000,2986.0000,2985.6000,2985.2000,2986.8000,2987.4000,2987.6000,2988.0000,2988.8000,2,1,6,2,2,1,3,3,1,1
SF,IH2003,2020-01-23 09:32:11.300,2986.6000,22919,0,466529760.000,1,0,1,多换,S,2986.6000,2986.4000,2986.0000,2985.6000,2985.2000,2986.8000,2987.4000,2987.6000,2988.0000,2988.8000,1,1,5,2,2,1,3,3,1,1
SF,IH2003,2020-01-23 09:32:11.800,2986.6000,22918,-1,468321720.000,2,0,2,多平,S,2986.4000,2986.0000,2985.6000,2985.2000,2985.0000,2986.6000,2986.8000,2987.4000,2987.6000,2987.8000,1,5,2,2,1,2,1,1,3,1
SF,IH2003,2020-01-23 09:32:12.300,2986.4000,22917,-1,469217640.000,1,0,1,双平,S,2986.0000,2985.6000,2985.2000,2985.0000,2984.8000,2986.4000,2986.6000,2986.8000,2987.4000,2987.6000,5,2,2,1,2,2,2,1,1,3
SF,IH2003,2020-01-23 09:32:12.800,2986.4000,22917,0,469217640.000,0,-,-,-,-,2986.0000,2985.6000,2985.2000,2985.0000,2984.8000,2986.2000,2986.4000,2986.6000,2986.8000,2987.4000,5,2,2,1,2,1,2,2,1,1
SF,IH2003,2020-01-23 09:32:13.300,2986.0000,22917,0,470113440.000,1,0,1,多换,S,2986.0000,2985.6000,2985.2000,2985.0000,2984.8000,2986.4000,2986.6000,2986.8000,2987.0000,2987.4000,4,2,2,1,2,3,1,1,1,1
SF,IH2003,2020-01-23 09:32:13.800,2986.0000,22917,0,471009240.000,1,0,1,多换,S,2986.0000,2985.6000,2985.2000,2985.0000,2984.8000,2986.4000,2986.6000,2986.8000,2987.0000,2987.4000,3,2,2,1,2,3,1,1,1,1
SF,IH2003,2020-01-23 09:32:14.300,2986.0000,22917,0,471905040.000,1,0,1,多换,S,2986.0000,2985.6000,2985.2000,2985.0000,2984.8000,2986.2000,2986.4000,2986.6000,2986.8000,2987.0000,2,2,2,1,2,1,4,1,1,1
SF,IH2003,2020-01-23 09:32:14.800,2986.0000,22917,0,472800840.000,1,0,1,多换,S,2986.0000,2985.6000,2985.2000,2985.0000,2984.8000,2986.4000,2986.6000,2986.8000,2987.0000,2987.4000,1,2,2,1,2,4,1,1,1,1
SF,IH2003,2020-01-23 09:32:15.300,2986.4000,22917,0,474592620.000,2,1,1,多换,S,2986.0000,2985.6000,2985.2000,2985.0000,2984.8000,2986.4000,2986.6000,2986.8000,2987.0000,2987.4000,1,2,2,1,2,3,1,1,1,1
SF,IH2003,2020-01-23 09:32:15.800,2986.4000,22917,0,476384460.000,2,1,1,多换,S,2986.2000,2986.0000,2985.6000,2985.2000,2985.0000,2986.4000,2986.6000,2986.8000,2987.0000,2987.4000,1,1,2,2,1,1,1,1,1,1
SF,IH2003,2020-01-23 09:32:16.300,2986.2000,22916,-1,477280320.000,1,0,1,双平,S,2986.0000,2985.8000,2985.6000,2985.2000,2985.0000,2986.4000,2986.6000,2986.8000,2987.0000,2987.4000,1,1,2,2,1,1,1,1,1,1
SF,IH2003,2020-01-23 09:32:17.300,2986.2000,22916,0,477280320.000,0,-,-,-,-,2986.0000,2985.8000,2985.6000,2985.2000,2985.0000,2986.4000,2986.6000,2986.8000,2987.4000,2987.6000,1,1,2,2,1,1,1,1,1,3
SF,IH2003,2020-01-23 09:32:17.800,2986.4000,22916,0,478176240.000,1,0,1,多换,S,2986.0000,2985.8000,2985.6000,2985.2000,2985.0000,2986.6000,2986.8000,2987.4000,2987.6000,2987.8000,1,1,2,2,1,1,1,1,3,1
SF,IH2003,2020-01-23 09:32:18.300,2985.6000,22917,1,482654820.000,5,3,2,空开,S,2985.2000,2985.0000,2984.8000,2984.4000,2984.2000,2985.8000,2986.0000,2986.2000,2986.4000,2986.6000,2,1,2,2,1,2,3,8,4,1
SF,IH2003,2020-01-23 09:32:18.800,2985.6000,22917,0,482654820.000,0,-,-,-,-,2985.2000,2985.0000,2984.8000,2984.4000,2984.2000,2985.8000,2986.0000,2986.2000,2986.4000,2987.6000,2,1,2,2,1,1,2,3,4,1
SF,IH2003,2020-01-23 09:32:19.300,2985.6000,22917,0,482654820.000,0,-,-,-,-,2985.2000,2985.0000,2984.8000,2984.4000,2984.2000,2985.8000,2986.0000,2986.2000,2986.4000,2987.6000,2,1,2,2,1,1,1,3,4,1
SF,IH2003,2020-01-23 09:32:19.800,2985.6000,22918,1,483550500.000,1,1,0,双开,S,2985.2000,2985.0000,2984.8000,2984.4000,2984.2000,2985.8000,2986.0000,2986.2000,2986.4000,2987.6000,2,1,2,2,1,1,1,3,4,1
SF,IH2003,2020-01-23 09:32:20.300,2985.6000,22918,0,483550500.000,0,-,-,-,-,2985.2000,2985.0000,2984.8000,2984.4000,2984.2000,2986.2000,2986.4000,2987.6000,2987.8000,2988.0000,2,1,2,2,1,3,1,1,1,1
SF,IH2003,2020-01-23 09:32:20.800,2985.6000,22918,0,483550500.000,0,-,-,-,-,2985.2000,2985.0000,2984.8000,2984.4000,2984.2000,2985.6000,2986.0000,2986.2000,2986.4000,2986.6000,2,1,2,2,1,1,3,3,1,1
SF,IH2003,2020-01-23 09:32:21.300,2985.2000,22919,1,487132680.000,4,2,2,空开,S,2984.8000,2984.4000,2984.2000,2984.0000,2983.6000,2985.4000,2985.6000,2985.8000,2986.0000,2986.2000,2,2,1,2,2,7,1,5,4,3
SF,IH2003,2020-01-23 09:32:21.800,2985.2000,22919,0,487132680.000,0,-,-,-,-,2984.8000,2984.4000,2984.2000,2984.0000,2983.6000,2985.2000,2985.4000,2985.8000,2986.0000,2986.2000,2,2,1,2,2,5,10,3,3,2
SF,IH2003,2020-01-23 09:32:22.300,2985.2000,22919,0,488028240.000,1,0,1,多换,S,2984.8000,2984.4000,2984.2000,2984.0000,2983.6000,2985.2000,2985.4000,2985.8000,2986.0000,2986.2000,2,2,1,2,2,3,8,3,3,2
SF,IH2003,2020-01-23 09:32:22.800,2984.8000,22920,1,488923680.000,1,1,0,双开,S,2984.8000,2984.4000,2984.2000,2984.0000,2983.6000,2985.2000,2985.4000,2985.6000,2985.8000,2986.0000,1,2,1,2,2,3,4,1,3,3
SF,IH2003,2020-01-23 09:32:23.300,2984.8000,22920,0,490714560.000,2,1,1,多换,S,2985.2000,2984.8000,2984.4000,2984.2000,2984.0000,2985.4000,2985.6000,2985.8000,2986.0000,2986.2000,1,1,2,1,2,4,1,3,3,2
SF,IH2003,2020-01-23 09:32:23.800,2985.2000,22920,0,491610120.000,1,0,1,多换,S,2984.8000,2984.4000,2984.2000,2984.0000,2983.6000,2985.0000,2985.2000,2985.4000,2985.6000,2985.8000,1,2,1,2,2,1,1,1,1,3
SF,IH2003,2020-01-23 09:32:24.300,2985.2000,22921,1,494296680.000,3,2,1,空开,S,2984.4000,2984.2000,2984.0000,2983.6000,2983.2000,2985.4000,2985.6000,2985.8000,2986.0000,2986.2000,2,1,2,2,2,1,1,3,3,2
SF,IH2003,2020-01-23 09:32:24.800,2985.2000,22921,0,494296680.000,0,-,-,-,-,2984.4000,2984.2000,2984.0000,2983.6000,2983.2000,2984.8000,2985.2000,2985.4000,2985.6000,2985.8000,2,1,2,2,2,4,3,1,1,3
SF,IH2003,2020-01-23 09:32:25.300,2985.2000,22921,0,494296680.000,0,-,-,-,-,2984.4000,2984.2000,2984.0000,2983.6000,2983.2000,2984.8000,2985.2000,2985.4000,2985.6000,2985.8000,2,1,2,2,2,5,3,1,1,3
SF,IH2003,2020-01-23 09:32:25.800,2985.2000,22922,1,495192240.000,1,1,0,双开,S,2984.4000,2984.2000,2984.0000,2983.6000,2983.2000,2984.8000,2985.2000,2985.4000,2985.6000,2985.8000,2,1,2,2,2,4,3,1,1,3
SF,IH2003,2020-01-23 09:32:26.300,2984.8000,22922,0,496087680.000,1,0,1,多换,S,2984.4000,2984.2000,2984.0000,2983.6000,2983.2000,2984.8000,2985.2000,2985.4000,2985.6000,2985.8000,2,1,2,2,2,4,4,1,1,3
SF,IH2003,2020-01-23 09:32:26.800,2984.4000,22922,0,496983000.000,1,0,1,多换,S,2984.4000,2984.2000,2984.0000,2983.6000,2983.2000,2984.8000,2985.2000,2985.4000,2985.6000,2985.8000,1,1,2,2,2,4,4,1,1,3
SF,IH2003,2020-01-23 09:32:27.300,2984.4000,22923,1,497878320.000,1,1,0,双开,S,2984.2000,2984.0000,2983.6000,2983.2000,2982.8000,2984.6000,2984.8000,2985.2000,2985.6000,2985.8000,1,2,2,2,2,2,4,4,1,3
SF,IH2003,2020-01-23 09:32:27.800,2984.4000,22923,0,497878320.000,0,-,-,-,-,2984.2000,2984.0000,2983.6000,2983.2000,2982.8000,2984.4000,2984.6000,2984.8000,2985.2000,2985.6000,1,2,2,2,2,3,2,1,4,1
SF,IH2003,2020-01-23 09:32:28.300,2984.2000,22923,0,500564040.000,3,1,2,多换,S,2984.0000,2983.6000,2983.2000,2982.8000,2982.6000,2984.2000,2984.4000,2984.8000,2985.2000,2985.6000,1,2,2,2,1,4,3,1,4,1
SF,IH2003,2020-01-23 09:32:28.800,2984.2000,22923,0,500564040.000,0,-,-,-,-,2984.0000,2983.6000,2983.2000,2982.8000,2982.6000,2984.2000,2984.4000,2984.8000,2985.2000,2987.8000,1,2,2,2,1,4,4,1,4,1
SF,IH2003,2020-01-23 09:32:29.300,2984.0000,22923,0,501459240.000,1,0,1,多换,S,2983.6000,2983.2000,2982.8000,2982.6000,2982.4000,2984.2000,2984.4000,2984.8000,2985.2000,2987.8000,2,2,2,1,2,3,4,1,4,1
SF,IH2003,2020-01-23 09:32:29.800,2984.2000,22923,0,502354500.000,1,0,1,多换,S,2983.6000,2983.2000,2982.8000,2982.6000,2982.4000,2984.0000,2984.2000,2984.4000,2984.6000,2984.8000,2,2,2,1,2,4,3,1,1,1
SF,IH2003,2020-01-23 09:32:30.300,2983.8000,22922,-1,504144720.000,2,0,2,多平,S,2983.6000,2983.2000,2982.8000,2982.6000,2982.4000,2983.8000,2984.0000,2984.2000,2984.4000,2984.6000,1,2,2,1,2,4,8,3,1,1
SF,IH2003,2020-01-23 09:32:30.800,2983.6000,22922,0,505039800.000,1,0,1,多换,S,2983.2000,2982.8000,2982.6000,2982.4000,2982.2000,2983.6000,2983.8000,2984.0000,2984.2000,2984.4000,2,2,1,2,5,6,5,4,2,1
SF,IH2003,2020-01-23 09:32:31.300,2983.6000,22922,0,505039800.000,0,-,-,-,-,2983.2000,2982.8000,2982.6000,2982.4000,2982.2000,2983.6000,2983.8000,2984.0000,2984.2000,2984.4000,2,2,1,2,5,5,5,4,2,1
SF,IH2003,2020-01-23 09:32:31.800,2983.6000,22922,0,505934880.000,1,0,1,多换,S,2983.2000,2982.8000,2982.6000,2982.4000,2982.2000,2983.4000,2983.6000,2983.8000,2984.0000,2984.2000,2,2,1,2,5,2,5,4,4,2
SF,IH2003,2020-01-23 09:32:32.300,2983.4000,22921,-1,508619820.000,3,1,2,多平,S,2982.8000,2982.6000,2982.4000,2982.2000,2982.0000,2983.4000,2983.6000,2983.8000,2984.0000,2984.2000,2,1,2,5,5,4,5,4,4,2
SF,IH2003,2020-01-23 09:32:32.800,2983.4000,22921,0,508619820.000,0,-,-,-,-,2982.8000,2982.6000,2982.4000,2982.2000,2982.0000,2983.2000,2983.4000,2983.6000,2983.8000,2984.0000,2,1,2,5,5,5,5,2,4,4
SF,IH2003,2020-01-23 09:32:33.300,2983.4000,22920,-1,510409860.000,2,0,2,多平,S,2982.8000,2982.6000,2982.4000,2982.2000,2982.0000,2983.2000,2983.4000,2983.6000,2983.8000,2984.0000,2,1,2,5,5,6,4,2,4,1
SF,IH2003,2020-01-23 09:32:33.800,2982.8000,22920,0,512199540.000,2,1,1,多换,S,2982.6000,2982.4000,2982.2000,2982.0000,2981.6000,2982.8000,2983.2000,2983.4000,2983.6000,2983.8000,1,2,5,5,3,3,6,4,2,4
SF,IH2003,2020-01-23 09:32:34.300,2982.8000,22920,0,512199540.000,0,-,-,-,-,2982.6000,2982.4000,2982.2000,2982.0000,2981.6000,2983.2000,2983.4000,2983.6000,2983.8000,2984.0000,1,2,5,5,3,5,7,2,4,1
SF,IH2003,2020-01-23 09:32:34.800,2982.6000,22919,-1,513989220.000,2,0,2,多平,S,2982.4000,2982.2000,2982.0000,2981.6000,2981.2000,2983.2000,2983.4000,2983.6000,2983.8000,2984.0000,2,5,5,3,4,5,7,2,4,1
SF,IH2003,2020-01-23 09:32:35.300,2982.4000,22919,0,515778660.000,2,1,1,多换,S,2982.2000,2982.0000,2981.6000,2981.2000,2981.0000,2983.0000,2983.2000,2983.4000,2983.6000,2984.0000,5,5,3,4,3,2,5,7,2,1
SF,IH2003,2020-01-23 09:32:35.800,2982.4000,22919,0,515778660.000,0,-,-,-,-,2982.2000,2982.0000,2981.6000,2981.2000,2981.0000,2982.4000,2982.6000,2982.8000,2983.0000,2983.2000,5,5,3,4,3,5,4,3,1,4
SF,IH2003,2020-01-23 09:32:36.300,2982.4000,22913,-6,521146680.000,6,0,6,双平,S,2982.0000,2981.6000,2981.2000,2981.0000,2980.8000,2982.4000,2982.6000,2982.8000,2983.2000,2983.4000,5,3,4,3,2,4,4,3,4,4
SF,IH2003,2020-01-23 09:32:36.800,2982.4000,22913,0,521146680.000,0,-,-,-,-,2982.0000,2981.6000,2981.2000,2981.0000,2980.8000,2982.2000,2982.4000,2982.6000,2982.8000,2983.2000,5,3,4,3,2,1,3,4,3,4
SF,IH2003,2020-01-23 09:32:37.300,2982.0000,22913,0,522935880.000,2,1,1,多换,S,2982.0000,2981.6000,2981.2000,2981.0000,2980.8000,2982.2000,2982.6000,2982.8000,2983.2000,2983.4000,3,3,4,3,2,1,7,3,4,4
SF,IH2003,2020-01-23 09:32:37.800,2982.0000,22913,0,523830480.000,1,0,1,多换,S,2982.0000,2981.6000,2981.2000,2981.0000,2980.8000,2982.2000,2982.6000,2982.8000,2983.2000,2983.4000,2,3,4,3,2,1,4,3,4,2
SF,IH2003,2020-01-23 09:32:38.300,2982.2000,22912,-1,524725140.000,1,0,1,双平,S,2982.4000,2982.2000,2982.0000,2981.6000,2981.2000,2982.6000,2982.8000,2983.0000,2983.2000,2983.4000,1,1,2,3,4,4,3,3,4,2
SF,IH2003,2020-01-23 09:32:38.800,2982.6000,22906,-6,530988600.000,7,0,7,多平,S,2982.4000,2982.2000,2982.0000,2981.6000,2981.2000,2982.6000,2983.0000,2983.2000,2983.4000,2983.6000,2,1,2,3,4,2,3,3,2,1
SF,IH2003,2020-01-23 09:32:39.300,2982.8000,22902,-4,535462680.000,5,0,5,多平,S,2982.6000,2982.4000,2982.2000,2982.0000,2981.8000,2982.8000,2983.2000,2983.6000,2984.0000,2984.2000,8,2,1,2,1,2,1,1,1,2
SF,IH2003,2020-01-23 09:32:39.800,2982.8000,22896,-6,540831720.000,6,0,6,双平,S,2982.6000,2982.4000,2982.2000,2982.0000,2981.8000,2983.0000,2983.2000,2983.6000,2984.2000,2984.4000,5,2,1,2,1,5,1,1,2,1
SF,IH2003,2020-01-23 09:32:40.300,2983.2000,22890,-6,547096080.000,7,0,7,多平,S,2983.2000,2982.6000,2982.4000,2982.2000,2982.0000,2983.4000,2983.6000,2984.2000,2984.4000,2984.8000,2,5,2,1,2,3,1,2,1,1
SF,IH2003,2020-01-23 09:32:40.800,2983.4000,22887,-3,549781140.000,3,0,3,双平,S,2983.2000,2982.4000,2982.2000,2982.0000,2981.8000,2983.6000,2984.2000,2984.4000,2984.8000,2985.2000,2,1,1,2,1,1,2,1,1,3
SF,IH2003,2020-01-23 09:32:41.300,2983.6000,22886,-1,550676220.000,1,0,1,双平,S,2983.2000,2982.6000,2982.4000,2982.2000,2982.0000,2984.2000,2984.4000,2984.8000,2985.2000,2987.8000,2,1,1,1,2,2,1,1,3,1
SF,IH2003,2020-01-23 09:32:41.800,2983.6000,22886,0,550676220.000,0,-,-,-,-,2983.6000,2982.6000,2982.4000,2982.2000,2982.0000,2984.2000,2984.4000,2984.8000,2985.2000,2987.8000,1,3,1,1,2,2,1,1,3,1
SF,IH2003,2020-01-23 09:32:42.300,2983.6000,22886,0,550676220.000,0,-,-,-,-,2983.6000,2982.6000,2982.4000,2982.2000,2982.0000,2984.2000,2984.4000,2984.8000,2985.2000,2987.8000,6,3,1,1,2,2,1,1,3,1
SF,IH2003,2020-01-23 09:32:42.800,2983.6000,22884,-2,552466380.000,2,0,2,双平,S,2983.6000,2982.6000,2982.4000,2982.2000,2982.0000,2984.2000,2984.4000,2984.8000,2985.2000,2987.8000,6,3,1,1,2,2,1,1,3,1
SF,IH2003,2020-01-23 09:32:43.300,2983.6000,22884,0,552466380.000,0,-,-,-,-,2983.6000,2982.6000,2982.4000,2982.2000,2982.0000,2984.2000,2984.4000,2984.8000,2985.2000,2987.8000,6,3,1,1,2,2,1,1,3,1
SF,IH2003,2020-01-23 09:32:43.800,2983.6000,22882,-2,555151800.000,3,0,3,多平,S,2983.6000,2982.6000,2982.4000,2982.2000,2982.0000,2984.2000,2984.4000,2984.8000,2985.2000,2987.8000,4,3,1,1,2,1,1,1,3,1
SF,IH2003,2020-01-23 09:32:44.300,2984.2000,22883,1,556047060.000,1,1,0,双开,S,2984.2000,2983.6000,2982.6000,2982.4000,2982.2000,2984.4000,2984.8000,2985.2000,2987.8000,2989.2000,2,4,3,1,1,1,1,3,1,1
SF,IH2003,2020-01-23 09:32:44.800,2983.6000,22884,1,561417900.000,6,3,3,空开,S,2982.6000,2982.4000,2982.2000,2982.0000,2981.8000,2983.2000,2983.6000,2983.8000,2984.0000,2984.2000,3,1,1,2,1,2,1,1,4,11
SF,IH2003,2020-01-23 09:32:45.300,2983.6000,22881,-3,564102900.000,3,0,3,双平,S,2983.2000,2982.8000,2982.6000,2982.4000,2982.2000,2984.0000,2984.2000,2984.4000,2984.8000,2985.2000,4,2,4,1,1,2,5,1,1,3
SF,IH2003,2020-01-23 09:32:45.800,2984.2000,22880,-1,564998160.000,1,0,1,双平,S,2983.4000,2983.2000,2982.8000,2982.6000,2982.4000,2984.2000,2984.4000,2984.8000,2985.0000,2985.2000,4,4,2,4,1,4,1,1,1,3
SF,IH2003,2020-01-23 09:32:46.300,2984.2000,22880,0,564998160.000,0,-,-,-,-,2983.4000,2983.2000,2983.0000,2982.8000,2982.6000,2984.2000,2984.4000,2984.8000,2985.0000,2985.2000,2,4,1,2,4,1,1,1,1,3
SF,IH2003,2020-01-23 09:32:47.300,2984.4000,22878,-2,566788740.000,2,0,2,双平,S,2983.2000,2983.0000,2982.8000,2982.6000,2982.4000,2984.8000,2985.0000,2985.2000,2987.8000,2989.2000,4,1,2,4,2,1,1,3,1,1
SF,IH2003,2020-01-23 09:32:47.800,2984.4000,22878,0,566788740.000,0,-,-,-,-,2983.6000,2983.4000,2983.2000,2983.0000,2982.6000,2984.6000,2984.8000,2985.0000,2985.2000,2987.8000,1,1,3,2,4,6,2,1,3,1
SF,IH2003,2020-01-23 09:32:48.300,2984.4000,22878,0,566788740.000,0,-,-,-,-,2983.6000,2983.2000,2983.0000,2982.6000,2982.4000,2984.2000,2984.4000,2984.6000,2984.8000,2985.0000,1,3,2,4,2,3,1,7,2,1
SF,IH2003,2020-01-23 09:32:48.800,2984.4000,22878,0,566788740.000,0,-,-,-,-,2983.6000,2983.2000,2983.0000,2982.6000,2982.4000,2984.2000,2984.4000,2984.6000,2984.8000,2985.0000,1,3,2,4,2,3,1,4,2,1
SF,IH2003,2020-01-23 09:32:49.800,2984.4000,22878,0,566788740.000,0,-,-,-,-,2983.6000,2983.2000,2983.0000,2982.6000,2982.4000,2984.2000,2984.4000,2984.6000,2984.8000,2985.0000,2,3,2,4,2,3,1,4,2,1
SF,IH2003,2020-01-23 09:32:50.300,2984.4000,22878,0,566788740.000,0,-,-,-,-,2983.6000,2983.2000,2983.0000,2982.6000,2982.4000,2984.2000,2984.4000,2984.6000,2984.8000,2985.0000,2,3,2,4,2,3,1,3,1,1
SF,IH2003,2020-01-23 09:32:50.800,2984.4000,22878,0,566788740.000,0,-,-,-,-,2983.6000,2983.2000,2983.0000,2982.6000,2982.4000,2984.6000,2984.8000,2985.0000,2985.2000,2987.8000,2,3,2,4,2,2,1,1,3,1
SF,IH2003,2020-01-23 09:32:51.300,2984.4000,22878,0,566788740.000,0,-,-,-,-,2983.6000,2983.2000,2983.0000,2982.8000,2982.6000,2984.6000,2984.8000,2985.0000,2985.2000,2987.8000,3,3,2,1,4,2,1,1,3,1
SF,IH2003,2020-01-23 09:32:51.800,2984.4000,22878,0,566788740.000,0,-,-,-,-,2983.6000,2983.2000,2983.0000,2982.8000,2982.6000,2984.8000,2985.0000,2985.2000,2987.8000,2989.2000,4,3,2,1,4,1,1,3,1,1
SF,IH2003,2020-01-23 09:32:52.300,2984.4000,22878,0,566788740.000,0,-,-,-,-,2984.6000,2983.8000,2983.6000,2983.2000,2983.0000,2984.8000,2985.0000,2985.2000,2987.8000,2989.2000,6,1,5,3,2,1,1,3,1,1
SF,IH2003,2020-01-23 09:32:52.800,2984.8000,22877,-1,567684180.000,1,0,1,双平,S,2984.6000,2983.6000,2983.2000,2983.0000,2982.8000,2985.0000,2985.2000,2987.8000,2989.2000,2990.6000,6,7,3,2,1,1,3,1,1,6
SF,IH2003,2020-01-23 09:32:53.300,2984.6000,22878,1,569474940.000,2,1,1,空开,S,2984.6000,2983.6000,2983.0000,2982.8000,2982.6000,2985.0000,2985.2000,2987.8000,2989.2000,2990.6000,4,6,2,1,2,1,3,1,1,6
SF,IH2003,2020-01-23 09:32:53.800,2985.0000,22878,0,570370440.000,1,0,1,多换,S,2984.6000,2983.8000,2983.6000,2983.0000,2982.8000,2985.2000,2987.8000,2989.2000,2990.6000,2992.0000,4,1,6,2,1,3,1,1,6,2
SF,IH2003,2020-01-23 09:32:54.300,2985.2000,22878,0,571266000.000,1,0,1,多换,S,2984.8000,2984.6000,2983.8000,2983.6000,2983.0000,2985.2000,2987.8000,2989.2000,2990.6000,2992.0000,1,4,1,6,2,2,1,1,6,2
SF,IH2003,2020-01-23 09:32:54.800,2985.2000,22878,0,573057120.000,2,1,1,多换,S,2985.2000,2984.8000,2984.6000,2983.8000,2983.6000,2987.8000,2989.2000,2990.6000,2992.0000,2993.2000,1,1,4,1,6,1,1,6,2,1
SF,IH2003,2020-01-23 09:32:55.300,2985.2000,22878,0,573057120.000,0,-,-,-,-,2985.4000,2985.2000,2984.8000,2984.6000,2983.8000,2987.4000,2987.6000,2987.8000,2989.2000,2990.6000,3,1,2,4,1,1,11,3,1,6
SF,IH2003,2020-01-23 09:32:55.800,2985.2000,22878,0,573057120.000,0,-,-,-,-,2985.4000,2985.2000,2984.8000,2984.6000,2984.2000,2985.6000,2985.8000,2986.0000,2986.2000,2986.6000,3,1,2,4,1,3,1,1,1,1
SF,IH2003,2020-01-23 09:32:56.300,2985.4000,22876,-2,575743980.000,3,0,3,多平,S,2984.8000,2984.6000,2984.2000,2983.8000,2983.6000,2985.4000,2985.6000,2985.8000,2986.2000,2987.0000,1,4,1,1,5,9,4,1,2,1
SF,IH2003,2020-01-23 09:32:56.800,2985.4000,22872,-4,581117700.000,6,1,5,多平,S,2984.8000,2984.6000,2984.2000,2983.8000,2983.6000,2985.4000,2985.6000,2985.8000,2986.2000,2987.0000,1,4,2,1,5,2,3,1,1,1
SF,IH2003,2020-01-23 09:32:57.300,2985.4000,22872,0,581117700.000,0,-,-,-,-,2984.8000,2984.6000,2984.2000,2983.8000,2983.6000,2985.6000,2985.8000,2986.2000,2987.0000,2987.2000,1,4,2,1,5,3,1,1,1,3
SF,IH2003,2020-01-23 09:32:57.800,2985.4000,22872,0,581117700.000,0,-,-,-,-,2984.8000,2984.6000,2984.2000,2983.8000,2983.6000,2985.4000,2985.6000,2985.8000,2986.2000,2987.0000,2,4,2,1,5,1,3,1,1,1
SF,IH2003,2020-01-23 09:32:58.300,2985.4000,22872,0,581117700.000,0,-,-,-,-,2984.8000,2984.6000,2984.2000,2983.8000,2983.6000,2985.4000,2987.0000,2987.2000,2987.4000,2987.6000,2,4,2,1,5,1,1,3,3,7
SF,IH2003,2020-01-23 09:32:58.800,2984.8000,22871,-1,582013140.000,1,0,1,双平,S,2984.6000,2984.2000,2983.8000,2983.6000,2983.0000,2985.4000,2987.0000,2987.2000,2987.4000,2987.6000,4,2,1,5,2,1,1,3,3,7
SF,IH2003,2020-01-23 09:32:59.300,2987.2000,22873,2,584701020.000,3,2,1,空开,S,2984.6000,2984.2000,2983.8000,2983.6000,2983.0000,2987.2000,2987.4000,2987.6000,2987.8000,2989.2000,4,2,1,5,2,2,3,7,2,1
SF,IH2003,2020-01-23 09:32:59.800,2987.2000,22873,0,584701020.000,0,-,-,-,-,2984.8000,2984.6000,2984.2000,2983.8000,2983.6000,2985.4000,2986.2000,2986.4000,2986.8000,2987.0000,2,4,2,1,4,1,1,1,1,6
SF,IH2003,2020-01-23 09:33:00.300,2985.6000,22870,-3,587388000.000,3,0,3,双平,S,2984.8000,2984.6000,2984.4000,2984.2000,2983.8000,2985.8000,2987.0000,2987.2000,2987.4000,2987.6000,1,4,1,2,1,1,6,3,2,7
SF,IH2003,2020-01-23 09:33:00.800,2985.6000,22870,0,587388000.000,0,-,-,-,-,2985.4000,2985.0000,2984.8000,2984.6000,2984.4000,2987.0000,2987.2000,2987.4000,2987.6000,2987.8000,1,1,3,4,1,1,3,1,7,2
SF,IH2003,2020-01-23 09:33:01.300,2985.6000,22870,0,587388000.000,0,-,-,-,-,2984.8000,2984.6000,2984.4000,2984.2000,2983.8000,2986.0000,2986.4000,2986.8000,2987.0000,2987.2000,2,4,1,2,1,1,1,3,1,1
SF,IH2003,2020-01-23 09:33:01.800,2985.6000,22870,0,587388000.000,0,-,-,-,-,2984.8000,2984.6000,2984.4000,2984.2000,2984.0000,2986.2000,2986.8000,2987.0000,2987.2000,2987.4000,2,4,1,2,1,2,3,1,1,1
SF,IH2003,2020-01-23 09:33:02.300,2985.8000,22869,-1,588283740.000,1,0,1,双平,S,2984.8000,2984.6000,2984.4000,2984.2000,2984.0000,2985.8000,2986.0000,2986.2000,2986.8000,2987.2000,1,4,1,2,1,2,5,2,1,1
SF,IH2003,2020-01-23 09:33:02.800,2985.8000,22869,0,588283740.000,0,-,-,-,-,2985.0000,2984.6000,2984.4000,2984.2000,2984.0000,2985.2000,2985.6000,2985.8000,2986.0000,2986.2000,2,4,1,2,1,1,3,4,3,2
SF,IH2003,2020-01-23 09:33:03.300,2985.4000,22868,-1,589179360.000,1,0,1,双平,S,2985.0000,2984.6000,2984.4000,2984.2000,2984.0000,2985.4000,2985.6000,2985.8000,2986.0000,2986.2000,2,4,1,2,1,3,1,2,1,2
SF,IH2003,2020-01-23 09:33:03.800,2985.4000,22868,0,589179360.000,0,-,-,-,-,2985.0000,2984.6000,2984.4000,2984.2000,2984.0000,2985.4000,2985.6000,2985.8000,2986.0000,2986.2000,2,4,1,2,1,1,1,2,1,1
SF,IH2003,2020-01-23 09:33:04.300,2985.0000,22864,-4,596343720.000,8,2,6,多平,S,2984.8000,2984.6000,2984.4000,2984.2000,2984.0000,2985.0000,2985.4000,2985.6000,2986.0000,2986.2000,1,4,1,1,1,6,2,1,1,1
SF,IH2003,2020-01-23 09:33:04.800,2985.0000,22859,-5,601716720.000,6,0,6,多平,S,2985.0000,2984.8000,2984.6000,2984.4000,2984.2000,2985.4000,2985.6000,2986.0000,2986.2000,2987.4000,4,1,4,1,1,1,1,1,1,1
SF,IH2003,2020-01-23 09:33:05.300,2985.0000,22856,-3,604403220.000,3,0,3,双平,S,2985.2000,2985.0000,2984.8000,2984.6000,2984.4000,2987.4000,2987.6000,2987.8000,2989.2000,2990.6000,1,5,1,4,1,1,6,1,1,6
SF,IH2003,2020-01-23 09:33:05.800,2985.0000,22856,0,604403220.000,0,-,-,-,-,2985.4000,2985.0000,2984.8000,2984.6000,2984.4000,2986.0000,2987.0000,2987.2000,2987.4000,2987.6000,2,5,1,4,1,2,1,12,2,2
SF,IH2003,2020-01-23 09:33:06.300,2985.0000,22856,0,604403220.000,0,-,-,-,-,2985.0000,2984.8000,2984.6000,2984.4000,2984.2000,2985.8000,2986.0000,2986.6000,2987.2000,2987.4000,5,1,4,1,1,2,2,2,11,3
SF,IH2003,2020-01-23 09:33:06.800,2985.0000,22854,-2,607985220.000,4,1,3,多平,S,2985.0000,2984.8000,2984.6000,2984.4000,2984.2000,2985.4000,2985.8000,2986.0000,2986.6000,2987.2000,1,1,4,1,1,1,2,3,2,11
SF,IH2003,2020-01-23 09:33:07.300,2984.8000,22854,0,609776160.000,2,1,1,多换,S,2984.6000,2984.4000,2984.2000,2984.0000,2983.8000,2985.0000,2985.6000,2985.8000,2986.0000,2986.4000,5,1,1,1,1,4,1,3,3,1
SF,IH2003,2020-01-23 09:33:07.800,2984.6000,22853,-1,615148560.000,6,2,4,多平,S,2984.4000,2984.2000,2984.0000,2983.8000,2983.6000,2984.8000,2985.0000,2985.6000,2985.8000,2986.0000,1,1,1,1,1,2,3,1,3,3
SF,IH2003,2020-01-23 09:33:08.300,2984.6000,22853,0,615148560.000,0,-,-,-,-,2984.4000,2984.2000,2984.0000,2983.8000,2983.6000,2984.8000,2985.0000,2985.6000,2985.8000,2986.0000,1,1,1,1,1,2,3,1,3,3
SF,IH2003,2020-01-23 09:33:08.800,2984.2000,22852,-1,616939140.000,2,0,2,多平,S,2984.0000,2983.8000,2983.6000,2983.0000,2982.6000,2984.8000,2985.0000,2985.2000,2985.6000,2985.8000,1,1,1,3,2,2,1,2,1,3
SF,IH2003,2020-01-23 09:33:09.300,2985.0000,22850,-2,620521020.000,4,1,3,多平,S,2984.2000,2984.0000,2983.8000,2983.6000,2983.0000,2985.2000,2985.6000,2985.8000,2986.0000,2986.4000,1,1,1,1,3,2,1,3,3,1
SF,IH2003,2020-01-23 09:33:09.800,2985.0000,22850,0,620521020.000,0,-,-,-,-,2984.2000,2984.0000,2983.8000,2983.6000,2983.0000,2985.2000,2985.4000,2985.6000,2985.8000,2986.0000,1,1,1,1,3,3,1,1,3,1
SF,IH2003,2020-01-23 09:33:10.300,2985.0000,22850,0,620521020.000,0,-,-,-,-,2984.2000,2984.0000,2983.8000,2983.6000,2983.0000,2984.6000,2985.2000,2985.4000,2985.6000,2985.8000,1,2,1,1,3,2,3,1,1,3
SF,IH2003,2020-01-23 09:33:10.800,2985.2000,22848,-2,624103200.000,4,1,3,多平,S,2984.8000,2984.2000,2984.0000,2983.8000,2983.6000,2985.6000,2985.8000,2986.0000,2986.4000,2986.6000,1,1,4,1,1,1,3,1,1,2
SF,IH2003,2020-01-23 09:33:11.300,2984.8000,22847,-1,624998640.000,1,0,1,双平,S,2984.2000,2984.0000,2983.8000,2983.6000,2983.0000,2984.8000,2985.4000,2985.6000,2985.8000,2986.0000,1,4,1,1,3,4,1,3,4,1
SF,IH2003,2020-01-23 09:33:11.800,2984.8000,22847,0,624998640.000,0,-,-,-,-,2984.2000,2984.0000,2983.8000,2983.6000,2983.0000,2984.8000,2985.4000,2985.6000,2985.8000,2986.0000,1,4,1,1,3,4,1,3,4,1
SF,IH2003,2020-01-23 09:33:12.300,2984.8000,22847,0,625894080.000,1,0,1,多换,S,2984.2000,2984.0000,2983.8000,2983.6000,2983.0000,2984.8000,2985.4000,2985.6000,2985.8000,2986.0000,1,4,1,1,3,3,1,2,4,1
SF,IH2003,2020-01-23 09:33:12.800,2984.8000,22845,-2,628580400.000,3,0,3,多平,S,2984.8000,2984.4000,2984.2000,2984.0000,2983.8000,2985.4000,2985.6000,2985.8000,2986.0000,2986.4000,1,2,1,4,1,1,2,2,1,1
SF,IH2003,2020-01-23 09:33:13.300,2985.8000,22847,2,633058560.000,5,3,2,空开,S,2984.8000,2984.4000,2984.2000,2984.0000,2983.8000,2986.0000,2986.4000,2986.6000,2987.2000,2987.4000,2,2,1,4,1,1,1,2,7,2
SF,IH2003,2020-01-23 09:33:13.800,2985.8000,22847,0,633058560.000,0,-,-,-,-,2985.0000,2984.8000,2984.4000,2984.2000,2984.0000,2985.2000,2986.0000,2986.2000,2986.4000,2986.6000,1,2,2,2,4,3,1,1,1,2
SF,IH2003,2020-01-23 09:33:14.300,2985.0000,22843,-4,638431860.000,6,1,5,多平,S,2985.0000,2984.8000,2984.4000,2984.2000,2984.0000,2985.4000,2986.0000,2986.2000,2986.4000,2986.6000,2,2,2,2,4,1,2,2,1,2
SF,IH2003,2020-01-23 09:33:15.300,2985.0000,22841,-2,640222860.000,2,0,2,双平,S,2984.8000,2984.2000,2984.0000,2983.8000,2983.6000,2985.2000,2985.4000,2986.0000,2986.2000,2986.4000,2,2,4,1,4,1,1,2,2,1
SF,IH2003,2020-01-23 09:33:15.800,2984.8000,22841,0,641118300.000,1,0,1,多换,S,2984.6000,2984.2000,2984.0000,2983.8000,2983.6000,2984.8000,2985.0000,2985.2000,2985.4000,2986.0000,1,2,4,1,4,3,3,1,2,2
SF,IH2003,2020-01-23 09:33:16.300,2984.6000,22840,-1,642013680.000,1,0,1,双平,S,2984.0000,2983.8000,2983.6000,2983.0000,2982.6000,2984.4000,2984.6000,2984.8000,2985.0000,2985.2000,4,1,4,3,2,2,3,3,3,1
SF,IH2003,2020-01-23 09:33:16.800,2984.6000,22840,0,642013680.000,0,-,-,-,-,2984.0000,2983.8000,2983.6000,2983.0000,2982.6000,2984.4000,2984.6000,2984.8000,2985.0000,2985.2000,4,1,4,3,2,2,2,3,1,1
SF,IH2003,2020-01-23 09:33:17.300,2984.4000,22839,-1,643804200.000,2,0,2,多平,S,2984.0000,2983.8000,2983.6000,2983.0000,2982.6000,2984.4000,2984.6000,2984.8000,2985.0000,2985.2000,3,1,4,3,2,1,2,3,1,1
SF,IH2003,2020-01-23 09:33:17.800,2984.0000,22838,-1,644699400.000,1,0,1,双平,S,2984.0000,2983.8000,2983.6000,2983.0000,2982.6000,2984.4000,2984.6000,2984.8000,2985.0000,2985.2000,2,1,4,3,2,1,2,3,1,1
SF,IH2003,2020-01-23 09:33:18.300,2984.0000,22838,0,644699400.000,0,-,-,-,-,2984.2000,2984.0000,2983.8000,2983.6000,2983.0000,2984.6000,2984.8000,2985.0000,2985.2000,2985.4000,2,2,1,4,3,2,3,1,1,2
SF,IH2003,2020-01-23 09:33:18.800,2984.2000,22838,0,646489920.000,2,1,1,多换,S,2984.4000,2984.0000,2983.8000,2983.6000,2983.0000,2984.6000,2984.8000,2985.0000,2985.2000,2985.4000,1,2,1,4,3,2,3,1,1,2
SF,IH2003,2020-01-23 09:33:19.300,2984.2000,22838,0,646489920.000,0,-,-,-,-,2984.4000,2984.0000,2983.8000,2983.6000,2983.0000,2984.6000,2984.8000,2985.0000,2985.2000,2985.4000,1,2,1,4,3,1,3,1,4,2
SF,IH2003,2020-01-23 09:33:19.800,2984.4000,22837,-1,649176000.000,3,1,2,多平,S,2984.0000,2983.8000,2983.6000,2983.0000,2982.6000,2984.8000,2985.0000,2985.2000,2985.4000,2986.0000,2,1,4,3,2,2,1,1,2,2
SF,IH2003,2020-01-23 09:33:20.300,2984.4000,22837,0,649176000.000,0,-,-,-,-,2984.6000,2984.2000,2984.0000,2983.8000,2983.6000,2984.8000,2985.0000,2985.2000,2985.4000,2986.0000,3,1,2,1,4,2,1,1,2,2
SF,IH2003,2020-01-23 09:33:20.800,2984.4000,22835,-2,653652720.000,5,1,4,多平,S,2984.2000,2984.0000,2983.8000,2983.6000,2983.4000,2984.4000,2984.6000,2984.8000,2985.0000,2985.2000,1,2,1,4,2,2,10,2,4,1
SF,IH2003,2020-01-23 09:33:21.300,2984.0000,22834,-1,655443180.000,2,0,2,多平,S,2984.0000,2983.8000,2983.6000,2983.4000,2983.0000,2984.2000,2984.4000,2984.6000,2984.8000,2985.0000,1,1,1,2,3,1,2,17,3,1
SF,IH2003,2020-01-23 09:33:21.800,2983.8000,22833,-1,657233520.000,2,0,2,多平,S,2983.6000,2983.4000,2983.0000,2982.6000,2982.4000,2984.0000,2984.2000,2984.6000,2984.8000,2985.0000,1,2,3,2,2,1,1,14,3,1
SF,IH2003,2020-01-23 09:33:22.300,2983.8000,22833,0,657233520.000,0,-,-,-,-,2983.6000,2983.0000,2982.6000,2982.4000,2982.0000,2984.0000,2984.2000,2984.6000,2984.8000,2985.0000,1,3,2,2,4,1,1,14,1,1
SF,IH2003,2020-01-23 09:33:22.800,2984.0000,22832,-1,658128720.000,1,0,1,双平,S,2983.6000,2983.0000,2982.6000,2982.4000,2982.0000,2984.2000,2984.6000,2984.8000,2985.0000,2985.2000,1,3,2,2,4,1,6,1,1,1
SF,IH2003,2020-01-23 09:33:23.300,2983.6000,22831,-1,659023800.000,1,0,1,双平,S,2983.0000,2982.6000,2982.4000,2982.0000,2981.8000,2983.4000,2984.2000,2984.6000,2984.8000,2985.0000,3,2,2,4,1,1,1,6,1,1
SF,IH2003,2020-01-23 09:33:23.800,2983.4000,22830,-1,659918820.000,1,0,1,双平,S,2983.6000,2983.4000,2983.2000,2983.0000,2982.6000,2984.2000,2984.6000,2984.8000,2985.0000,2985.2000,2,1,2,3,7,1,2,1,1,1
SF,IH2003,2020-01-23 09:33:24.300,2983.6000,22829,-1,663499140.000,4,1,3,多平,S,2983.0000,2982.6000,2982.4000,2982.0000,2981.8000,2983.6000,2983.8000,2984.0000,2984.2000,2984.6000,3,7,2,4,1,2,2,2,1,2
SF,IH2003,2020-01-23 09:33:24.800,2983.0000,22830,1,664394040.000,1,1,0,双开,S,2983.0000,2982.6000,2982.4000,2982.0000,2981.8000,2983.6000,2984.0000,2984.2000,2984.6000,2984.8000,2,7,2,4,1,2,2,2,2,4
SF,IH2003,2020-01-23 09:33:25.300,2983.4000,22829,-1,666183960.000,2,0,2,多平,S,2983.0000,2982.6000,2982.4000,2982.0000,2981.8000,2984.0000,2984.2000,2984.6000,2984.8000,2985.0000,1,7,2,4,1,2,2,2,4,1
SF,IH2003,2020-01-23 09:33:25.800,2983.4000,22829,0,666183960.000,0,-,-,-,-,2983.0000,2982.6000,2982.4000,2982.0000,2981.8000,2983.8000,2984.0000,2984.2000,2984.8000,2985.0000,1,5,2,4,1,2,3,2,4,1
SF,IH2003,2020-01-23 09:33:26.300,2983.4000,22829,0,666183960.000,0,-,-,-,-,2983.0000,2982.6000,2982.4000,2982.0000,2981.8000,2983.8000,2984.0000,2984.2000,2984.8000,2985.0000,1,5,2,4,1,3,2,2,1,1
SF,IH2003,2020-01-23 09:33:26.800,2983.4000,22829,0,666183960.000,0,-,-,-,-,2983.0000,2982.6000,2982.4000,2982.0000,2981.8000,2983.8000,2984.0000,2984.2000,2984.8000,2985.0000,2,5,2,5,1,3,5,2,1,1
SF,IH2003,2020-01-23 09:33:27.300,2983.4000,22829,0,666183960.000,0,-,-,-,-,2983.0000,2982.6000,2982.4000,2982.0000,2981.8000,2983.8000,2984.0000,2984.2000,2984.8000,2985.0000,2,5,2,5,1,3,5,2,1,1
SF,IH2003,2020-01-23 09:33:27.800,2983.0000,22828,-1,668868660.000,3,1,2,多平,S,2983.2000,2982.6000,2982.4000,2982.0000,2981.8000,2983.6000,2983.8000,2984.0000,2984.2000,2984.8000,1,2,2,4,1,3,4,5,2,1
SF,IH2003,2020-01-23 09:33:28.300,2983.2000,22827,-1,669763620.000,1,0,1,双平,S,2982.6000,2982.4000,2982.0000,2981.8000,2981.6000,2983.0000,2983.2000,2983.8000,2984.0000,2984.2000,2,2,4,1,4,2,1,3,2,2
SF,IH2003,2020-01-23 09:33:28.800,2983.2000,22827,0,669763620.000,0,-,-,-,-,2982.6000,2982.4000,2982.0000,2981.8000,2981.6000,2982.8000,2983.0000,2983.2000,2983.8000,2984.0000,2,2,4,1,4,1,1,1,2,2
SF,IH2003,2020-01-23 09:33:29.300,2982.6000,22825,-2,671553240.000,2,0,2,双平,S,2982.6000,2982.4000,2982.0000,2981.8000,2981.6000,2982.8000,2983.2000,2983.8000,2984.0000,2984.2000,1,2,4,1,4,11,1,2,2,2
SF,IH2003,2020-01-23 09:33:29.800,2982.6000,22825,0,673342800.000,2,1,1,多换,S,2982.4000,2982.0000,2981.8000,2981.6000,2981.2000,2982.6000,2982.8000,2983.2000,2983.6000,2983.8000,2,4,1,4,4,1,13,1,3,2
SF,IH2003,2020-01-23 09:33:30.300,2982.8000,22826,1,675132480.000,2,1,1,空开,S,2982.6000,2982.4000,2982.0000,2981.8000,2981.6000,2982.8000,2983.2000,2983.8000,2984.0000,2984.2000,1,2,4,1,4,11,1,2,2,2
SF,IH2003,2020-01-23 09:33:30.800,2982.8000,22827,1,677817000.000,3,2,1,空开,S,2982.6000,2982.4000,2982.0000,2981.8000,2981.6000,2982.8000,2983.0000,2983.2000,2983.8000,2984.0000,1,2,4,1,4,8,1,1,2,2
SF,IH2003,2020-01-23 09:33:31.300,2982.8000,22828,1,684975720.000,8,4,4,空开,S,2982.8000,2982.6000,2982.4000,2982.0000,2981.8000,2983.0000,2983.2000,2983.8000,2984.0000,2984.2000,2,1,2,9,1,1,1,2,2,2
SF,IH2003,2020-01-23 09:33:31.800,2983.4000,22828,0,686765640.000,2,1,1,多换,S,2983.2000,2983.0000,2982.8000,2982.6000,2982.4000,2983.4000,2983.8000,2984.2000,2984.8000,2985.0000,1,2,5,3,2,2,3,2,1,1
SF,IH2003,2020-01-23 09:33:32.300,2983.4000,22828,0,686765640.000,0,-,-,-,-,2983.2000,2983.0000,2982.8000,2982.6000,2982.4000,2983.8000,2984.2000,2984.8000,2985.0000,2985.4000,1,2,3,3,2,3,2,1,1,2
SF,IH2003,2020-01-23 09:33:32.800,2983.2000,22828,0,687660600.000,1,0,1,多换,S,2982.8000,2982.6000,2982.4000,2982.0000,2981.8000,2983.0000,2983.2000,2983.4000,2983.6000,2983.8000,2,3,2,5,1,1,5,5,8,5
SF,IH2003,2020-01-23 09:33:33.300,2983.2000,22826,-2,689450460.000,2,0,2,双平,S,2983.0000,2982.8000,2982.6000,2982.4000,2982.0000,2983.6000,2983.8000,2984.2000,2984.8000,2985.0000,2,3,3,2,5,5,3,2,1,1
SF,IH2003,2020-01-23 09:33:33.800,2983.2000,22826,0,689450460.000,0,-,-,-,-,2983.0000,2982.8000,2982.6000,2982.4000,2982.0000,2983.6000,2983.8000,2984.2000,2984.8000,2985.0000,1,3,3,2,5,5,3,2,1,1
SF,IH2003,2020-01-23 09:33:34.300,2983.0000,22825,-1,690345360.000,1,0,1,双平,S,2982.8000,2982.6000,2982.4000,2982.0000,2981.8000,2983.0000,2983.6000,2983.8000,2984.2000,2985.0000,3,3,2,5,1,1,6,3,2,1
SF,IH2003,2020-01-23 09:33:34.800,2983.0000,22824,-1,691240260.000,1,0,1,双平,S,2983.0000,2982.8000,2982.6000,2982.4000,2982.0000,2983.6000,2983.8000,2984.2000,2985.0000,2985.4000,2,3,3,2,5,6,3,2,1,2
SF,IH2003,2020-01-23 09:33:35.300,2983.0000,22824,0,691240260.000,0,-,-,-,-,2983.0000,2982.8000,2982.6000,2982.4000,2982.0000,2983.6000,2983.8000,2984.2000,2985.0000,2985.4000,2,3,4,2,5,6,3,2,1,2
SF,IH2003,2020-01-23 09:33:36.800,2983.0000,22822,-2,693030060.000,2,0,2,双平,S,2982.8000,2982.6000,2982.4000,2982.0000,2981.8000,2983.6000,2983.8000,2984.2000,2985.0000,2985.4000,3,4,2,5,1,7,3,2,1,2
SF,IH2003,2020-01-23 09:33:37.300,2983.0000,22822,0,693030060.000,0,-,-,-,-,2983.0000,2982.8000,2982.6000,2982.4000,2982.2000,2983.6000,2983.8000,2984.2000,2985.0000,2985.4000,3,3,2,2,5,4,2,2,1,2
SF,IH2003,2020-01-23 09:33:38.300,2983.6000,22822,0,693925140.000,1,0,1,多换,S,2983.0000,2982.8000,2982.6000,2982.4000,2982.2000,2983.8000,2984.0000,2984.2000,2985.0000,2985.4000,3,3,2,2,5,1,1,2,1,2
SF,IH2003,2020-01-23 09:33:38.800,2984.0000,22821,-1,695715480.000,2,0,2,多平,S,2983.0000,2982.8000,2982.6000,2982.4000,2982.2000,2984.2000,2985.0000,2985.4000,2986.0000,2986.2000,4,3,2,2,5,2,1,2,1,1
SF,IH2003,2020-01-23 09:33:39.300,2984.0000,22821,0,695715480.000,0,-,-,-,-,2983.0000,2982.8000,2982.6000,2982.4000,2982.2000,2984.2000,2985.0000,2985.4000,2986.0000,2986.2000,4,3,2,2,5,1,1,2,1,1
SF,IH2003,2020-01-23 09:33:40.300,2984.0000,22821,0,695715480.000,0,-,-,-,-,2983.0000,2982.8000,2982.6000,2982.4000,2982.2000,2985.0000,2985.4000,2986.0000,2986.2000,2986.4000,4,3,2,2,5,1,2,1,1,1
SF,IH2003,2020-01-23 09:33:40.800,2984.0000,22821,0,695715480.000,0,-,-,-,-,2983.2000,2983.0000,2982.8000,2982.6000,2982.4000,2984.8000,2985.0000,2985.4000,2986.0000,2986.2000,5,5,3,2,2,1,2,2,1,1
SF,IH2003,2020-01-23 09:33:41.300,2984.0000,22821,0,695715480.000,0,-,-,-,-,2983.4000,2983.2000,2983.0000,2982.8000,2982.6000,2984.8000,2985.0000,2985.4000,2986.0000,2986.2000,1,5,4,3,3,2,2,2,1,1
SF,IH2003,2020-01-23 09:33:41.800,2984.0000,22821,0,695715480.000,0,-,-,-,-,2984.2000,2983.4000,2983.2000,2983.0000,2982.8000,2984.6000,2984.8000,2985.0000,2985.4000,2986.0000,1,1,5,4,3,2,3,2,2,1
SF,IH2003,2020-01-23 09:33:42.300,2984.0000,22821,0,696610680.000,1,0,1,多换,S,2983.4000,2983.2000,2983.0000,2982.8000,2982.6000,2984.0000,2984.2000,2984.6000,2984.8000,2985.0000,1,5,2,3,3,1,2,2,3,2
SF,IH2003,2020-01-23 09:33:42.800,2984.2000,22821,0,697505940.000,1,0,1,多换,S,2984.0000,2983.6000,2983.4000,2983.2000,2983.0000,2984.2000,2984.6000,2984.8000,2985.0000,2985.4000,3,3,1,5,1,1,2,3,2,2
SF,IH2003,2020-01-23 09:33:43.300,2984.2000,22821,0,698401200.000,1,0,1,多换,S,2984.4000,2984.2000,2984.0000,2983.6000,2983.4000,2984.6000,2984.8000,2985.0000,2985.4000,2986.0000,1,2,4,3,2,2,2,2,2,1
SF,IH2003,2020-01-23 09:33:43.800,2984.4000,22821,0,699296520.000,1,0,1,多换,S,2984.2000,2984.0000,2983.4000,2983.2000,2982.8000,2984.6000,2984.8000,2985.0000,2985.4000,2986.0000,1,4,2,5,3,2,2,2,2,1
SF,IH2003,2020-01-23 09:33:44.300,2984.6000,22821,0,700191900.000,1,0,1,多换,S,2984.4000,2984.2000,2984.0000,2983.4000,2983.2000,2984.8000,2985.0000,2985.4000,2986.0000,2986.2000,3,16,4,2,5,2,2,2,1,1
SF,IH2003,2020-01-23 09:33:44.800,2984.8000,22821,0,701087340.000,1,0,1,多换,S,2984.6000,2984.4000,2984.2000,2984.0000,2983.4000,2984.8000,2985.0000,2985.4000,2986.0000,2986.2000,1,3,17,3,2,2,2,2,1,1
SF,IH2003,2020-01-23 09:33:45.300,2984.8000,22823,2,705564660.000,5,3,2,空开,S,2985.0000,2984.8000,2984.6000,2984.4000,2984.2000,2985.4000,2986.0000,2986.2000,2986.4000,2987.4000,2,2,1,3,17,2,1,1,1,1
SF,IH2003,2020-01-23 09:33:45.800,2985.4000,22821,-2,707355900.000,2,0,2,双平,S,2985.2000,2985.0000,2984.8000,2984.4000,2984.2000,2986.0000,2986.2000,2986.4000,2987.4000,2989.2000,1,2,2,3,17,1,1,1,1,1
SF,IH2003,2020-01-23 09:33:46.300,2985.4000,22821,0,707355900.000,0,-,-,-,-,2985.2000,2985.0000,2984.8000,2984.6000,2984.4000,2985.8000,2986.0000,2986.2000,2986.4000,2987.4000,1,2,1,2,3,1,1,1,1,1
SF,IH2003,2020-01-23 09:33:46.800,2985.4000,22821,0,707355900.000,0,-,-,-,-,2985.2000,2985.0000,2984.8000,2984.6000,2984.4000,2985.8000,2986.0000,2986.4000,2987.4000,2989.2000,1,2,1,2,3,2,1,1,1,1
SF,IH2003,2020-01-23 09:33:47.300,2985.4000,22821,0,707355900.000,0,-,-,-,-,2985.4000,2985.2000,2985.0000,2984.8000,2984.6000,2985.8000,2986.0000,2986.4000,2987.4000,2989.2000,1,1,2,1,2,3,1,1,1,1
SF,IH2003,2020-01-23 09:33:47.800,2985.4000,22821,0,708251520.000,1,0,1,多换,S,2985.2000,2985.0000,2984.8000,2984.6000,2984.4000,2985.4000,2985.8000,2986.0000,2986.4000,2987.4000,1,2,1,2,3,6,4,1,1,1
SF,IH2003,2020-01-23 09:33:48.300,2985.8000,22815,-6,718999320.000,12,3,9,多平,S,2984.6000,2984.4000,2984.2000,2984.0000,2983.4000,2986.0000,2986.4000,2987.4000,2989.2000,2990.6000,2,3,17,1,2,1,1,1,1,6
SF,IH2003,2020-01-23 09:33:48.800,2984.8000,22814,-1,719894760.000,1,0,1,双平,S,2984.6000,2984.4000,2984.2000,2984.0000,2983.4000,2985.0000,2986.0000,2986.4000,2987.4000,2989.2000,2,3,17,1,1,2,1,1,1,1
SF,IH2003,2020-01-23 09:33:49.300,2985.0000,22813,-1,720790260.000,1,0,1,双平,S,2984.8000,2984.6000,2984.4000,2984.2000,2984.0000,2985.8000,2986.0000,2986.2000,2986.4000,2987.4000,2,2,3,17,1,2,2,1,1,1
SF,IH2003,2020-01-23 09:33:49.800,2985.0000,22813,0,720790260.000,0,-,-,-,-,2984.8000,2984.6000,2984.4000,2984.2000,2984.0000,2985.8000,2986.0000,2986.4000,2987.4000,2989.2000,2,2,3,18,1,3,2,1,1,1
SF,IH2003,2020-01-23 09:33:50.800,2985.6000,22812,-1,721685940.000,1,0,1,双平,S,2984.8000,2984.6000,2984.4000,2984.2000,2984.0000,2985.6000,2985.8000,2986.0000,2986.4000,2987.4000,3,2,3,18,1,1,4,2,1,1
SF,IH2003,2020-01-23 09:33:51.300,2985.6000,22812,0,721685940.000,0,-,-,-,-,2984.8000,2984.6000,2984.4000,2984.2000,2984.0000,2985.6000,2985.8000,2986.0000,2986.4000,2987.4000,3,2,3,18,1,2,3,2,1,1
SF,IH2003,2020-01-23 09:33:51.800,2985.6000,22810,-2,723477300.000,2,0,2,双平,S,2984.8000,2984.6000,2984.4000,2984.2000,2984.0000,2986.0000,2986.4000,2987.4000,2989.2000,2990.6000,3,2,3,18,1,2,1,1,1,6
SF,IH2003,2020-01-23 09:33:52.300,2985.6000,22810,0,723477300.000,0,-,-,-,-,2985.6000,2985.0000,2984.8000,2984.6000,2984.4000,2986.0000,2986.4000,2987.4000,2989.2000,2990.6000,1,1,3,2,3,2,1,1,1,6
SF,IH2003,2020-01-23 09:33:52.800,2986.0000,22810,0,724373100.000,1,0,1,多换,S,2985.6000,2985.0000,2984.8000,2984.6000,2984.4000,2986.0000,2989.2000,2990.6000,2992.0000,2992.4000,2,1,3,2,3,1,1,6,2,5
SF,IH2003,2020-01-23 09:33:53.300,2986.0000,22810,0,724373100.000,0,-,-,-,-,2986.0000,2985.6000,2985.2000,2985.0000,2984.8000,2989.2000,2990.6000,2992.0000,2992.4000,2993.2000,3,3,3,1,3,1,6,2,5,1
SF,IH2003,2020-01-23 09:33:53.800,2986.0000,22810,0,724373100.000,0,-,-,-,-,2986.0000,2985.6000,2985.2000,2985.0000,2984.8000,2986.8000,2987.6000,2987.8000,2988.2000,2988.6000,2,3,3,1,1,2,1,1,1,1
SF,IH2003,2020-01-23 09:33:54.300,2986.0000,22809,-1,725268900.000,1,0,1,双平,S,2985.6000,2985.2000,2985.0000,2984.8000,2984.6000,2986.0000,2986.6000,2986.8000,2987.2000,2987.6000,3,3,1,1,2,1,2,3,1,1
SF,IH2003,2020-01-23 09:33:54.800,2985.6000,22810,1,729747540.000,5,3,2,空开,S,2985.2000,2985.0000,2984.8000,2984.6000,2984.2000,2985.6000,2986.6000,2986.8000,2987.2000,2987.6000,3,1,1,2,18,2,2,2,1,1
SF,IH2003,2020-01-23 09:33:55.300,2986.6000,22810,0,732434880.000,3,1,2,多换,S,2985.6000,2985.4000,2985.2000,2985.0000,2984.8000,2986.6000,2986.8000,2987.2000,2987.6000,2987.8000,5,2,3,1,1,1,2,1,1,1
SF,IH2003,2020-01-23 09:33:55.800,2986.6000,22810,0,732434880.000,0,-,-,-,-,2985.8000,2985.6000,2985.4000,2985.0000,2984.8000,2986.6000,2986.8000,2987.2000,2987.6000,2987.8000,1,10,2,1,1,2,2,1,1,1
SF,IH2003,2020-01-23 09:33:56.300,2986.6000,22810,0,732434880.000,0,-,-,-,-,2986.0000,2985.8000,2985.6000,2985.0000,2984.8000,2986.6000,2986.8000,2987.6000,2987.8000,2988.0000,1,6,5,1,1,1,1,1,1,1
SF,IH2003,2020-01-23 09:33:56.800,2986.0000,22809,-1,734226480.000,2,0,2,多平,S,2986.0000,2985.8000,2985.6000,2985.0000,2984.8000,2986.6000,2986.8000,2987.6000,2987.8000,2988.0000,4,1,5,1,1,1,1,1,1,1
SF,IH2003,2020-01-23 09:33:57.300,2986.0000,22805,-4,737809680.000,4,0,4,双平,S,2985.8000,2985.6000,2985.0000,2984.8000,2984.2000,2986.0000,2986.6000,2986.8000,2987.6000,2987.8000,1,5,1,1,17,1,3,1,1,1
SF,IH2003,2020-01-23 09:33:57.800,2986.0000,22805,0,737809680.000,0,-,-,-,-,2985.8000,2985.6000,2985.0000,2984.8000,2984.6000,2986.0000,2986.6000,2986.8000,2987.6000,2987.8000,1,5,1,1,1,1,3,1,1,1
SF,IH2003,2020-01-23 09:33:58.300,2985.8000,22805,0,738705420.000,1,0,1,多换,S,2985.6000,2985.0000,2984.8000,2984.6000,2984.2000,2986.0000,2986.6000,2986.8000,2987.6000,2987.8000,5,1,1,1,17,1,1,1,1,1
SF,IH2003,2020-01-23 09:33:58.800,2986.0000,22802,-3,741392580.000,3,0,3,双平,S,2986.0000,2985.0000,2984.8000,2984.6000,2984.2000,2986.6000,2986.8000,2987.6000,2987.8000,2988.0000,4,1,1,1,2,1,1,1,1,1
SF,IH2003,2020-01-23 09:33:59.300,2986.0000,22798,-4,745871580.000,5,0,5,多平,S,2985.0000,2984.8000,2984.6000,2984.2000,2984.0000,2985.8000,2986.0000,2986.4000,2986.6000,2986.8000,1,1,1,2,1,1,3,1,3,1
SF,IH2003,2020-01-23 09:33:59.800,2986.0000,22798,0,745871580.000,0,-,-,-,-,2984.8000,2984.6000,2984.2000,2984.0000,2983.0000,2986.0000,2986.4000,2986.6000,2986.8000,2987.6000,1,1,2,1,2,3,1,3,1,1
SF,IH2003,2020-01-23 09:34:00.300,2986.0000,22798,0,745871580.000,0,-,-,-,-,2984.6000,2984.2000,2984.0000,2983.0000,2982.6000,2985.8000,2986.0000,2986.6000,2986.8000,2987.6000,1,2,1,2,2,4,4,1,1,1
SF,IH2003,2020-01-23 09:34:00.800,2985.8000,22796,-2,748557960.000,3,0,3,多平,S,2984.2000,2984.0000,2983.0000,2982.6000,2982.4000,2985.8000,2986.0000,2986.6000,2986.8000,2987.6000,1,1,2,2,2,3,5,1,1,1
SF,IH2003,2020-01-23 09:34:01.300,2985.8000,22795,-1,749453700.000,1,0,1,双平,S,2984.4000,2984.2000,2984.0000,2983.0000,2982.6000,2985.6000,2985.8000,2986.0000,2986.6000,2986.8000,5,1,1,2,2,1,1,5,2,1
SF,IH2003,2020-01-23 09:34:01.800,2985.8000,22795,0,749453700.000,0,-,-,-,-,2984.4000,2984.2000,2984.0000,2983.0000,2982.6000,2985.6000,2985.8000,2986.0000,2986.4000,2986.6000,5,1,1,2,2,4,1,5,2,2
SF,IH2003,2020-01-23 09:34:02.300,2985.8000,22795,0,750349440.000,1,0,1,多换,S,2984.4000,2984.2000,2984.0000,2983.0000,2982.6000,2985.6000,2985.8000,2986.0000,2986.4000,2986.6000,5,1,1,2,2,2,1,5,2,2
SF,IH2003,2020-01-23 09:34:02.800,2985.8000,22795,0,750349440.000,0,-,-,-,-,2984.6000,2984.4000,2984.2000,2984.0000,2983.0000,2985.6000,2985.8000,2986.0000,2986.4000,2986.6000,1,5,1,1,2,6,1,5,2,2
SF,IH2003,2020-01-23 09:34:03.300,2985.8000,22795,0,750349440.000,0,-,-,-,-,2984.6000,2984.4000,2984.2000,2984.0000,2983.0000,2985.6000,2986.0000,2986.6000,2986.8000,2987.6000,1,3,1,1,2,6,5,2,1,1
SF,IH2003,2020-01-23 09:34:03.800,2985.6000,22800,5,759306240.000,10,7,3,空开,S,2985.6000,2984.4000,2984.2000,2984.0000,2983.0000,2986.0000,2986.6000,2986.8000,2987.8000,2988.0000,6,2,1,1,2,5,2,1,1,1
SF,IH2003,2020-01-23 09:34:04.300,2985.6000,22801,1,764680320.000,6,3,3,空开,S,2984.4000,2984.2000,2984.0000,2983.0000,2982.6000,2985.6000,2985.8000,2986.0000,2986.6000,2986.8000,1,1,1,2,1,8,2,5,2,1
SF,IH2003,2020-01-23 09:34:04.800,2985.6000,22801,0,765576000.000,1,0,1,多换,S,2984.4000,2984.2000,2984.0000,2983.0000,2982.6000,2985.4000,2985.6000,2985.8000,2986.0000,2986.2000,1,1,1,2,1,6,2,4,4,1
SF,IH2003,2020-01-23 09:34:05.300,2985.4000,22799,-2,768262620.000,3,0,3,多平,S,2984.2000,2984.0000,2983.0000,2982.6000,2982.4000,2985.4000,2985.6000,2985.8000,2986.0000,2986.6000,1,1,2,1,2,4,1,3,4,2
SF,IH2003,2020-01-23 09:34:05.800,2985.4000,22799,0,768262620.000,0,-,-,-,-,2984.4000,2984.2000,2984.0000,2983.0000,2982.6000,2985.4000,2985.8000,2986.0000,2986.6000,2986.8000,2,3,1,2,1,2,1,4,1,2
SF,IH2003,2020-01-23 09:34:06.300,2985.4000,22799,0,768262620.000,0,-,-,-,-,2984.6000,2984.2000,2984.0000,2983.0000,2982.6000,2985.4000,2985.8000,2986.0000,2986.2000,2986.6000,2,3,1,2,1,2,1,4,2,1
SF,IH2003,2020-01-23 09:34:06.800,2985.4000,22799,0,768262620.000,0,-,-,-,-,2984.8000,2984.2000,2984.0000,2983.0000,2982.6000,2985.4000,2985.8000,2986.0000,2986.2000,2986.6000,2,3,1,2,1,2,1,4,2,1
SF,IH2003,2020-01-23 09:34:07.300,2984.8000,22799,0,770053500.000,2,1,1,多换,S,2985.0000,2984.2000,2984.0000,2983.0000,2982.6000,2985.4000,2985.8000,2986.0000,2986.2000,2986.6000,1,2,1,2,1,2,1,4,2,1
SF,IH2003,2020-01-23 09:34:07.800,2985.4000,22798,-1,772740180.000,3,1,2,多平,S,2984.8000,2984.2000,2984.0000,2983.0000,2982.6000,2986.0000,2986.6000,2986.8000,2987.8000,2988.0000,2,2,1,2,1,3,1,2,1,1
SF,IH2003,2020-01-23 09:34:08.300,2985.4000,22797,-1,773635800.000,1,0,1,双平,S,2985.0000,2984.6000,2984.2000,2984.0000,2983.0000,2985.4000,2985.8000,2986.0000,2986.6000,2986.8000,1,1,2,1,2,1,1,3,1,2
SF,IH2003,2020-01-23 09:34:08.800,2985.8000,22795,-2,775427160.000,2,0,2,双平,S,2985.8000,2985.6000,2985.4000,2985.2000,2985.0000,2986.0000,2986.6000,2986.8000,2987.8000,2988.0000,1,2,4,2,2,5,1,2,1,1
SF,IH2003,2020-01-23 09:34:09.300,2986.0000,22792,-3,779010360.000,4,0,4,多平,S,2986.0000,2985.8000,2985.6000,2985.4000,2985.2000,2986.6000,2986.8000,2987.8000,2988.0000,2988.2000,1,1,2,5,3,1,1,1,1,1
SF,IH2003,2020-01-23 09:34:09.800,2986.6000,22792,0,779906340.000,1,0,1,多换,S,2986.0000,2985.8000,2985.6000,2985.4000,2985.2000,2986.6000,2986.8000,2988.0000,2988.2000,2989.0000,1,1,2,5,3,1,1,1,1,6
SF,IH2003,2020-01-23 09:34:10.300,2986.6000,22792,0,780802320.000,1,0,1,多换,S,2986.8000,2986.6000,2986.2000,2986.0000,2985.8000,2988.0000,2989.0000,2989.2000,2990.6000,2992.0000,1,2,4,1,1,1,5,1,1,2
SF,IH2003,2020-01-23 09:34:10.800,2986.6000,22792,0,780802320.000,0,-,-,-,-,2986.8000,2986.6000,2986.2000,2986.0000,2985.8000,2988.0000,2989.0000,2989.2000,2990.6000,2992.0000,1,1,4,1,1,2,5,1,1,2
SF,IH2003,2020-01-23 09:34:11.300,2986.6000,22792,0,780802320.000,0,-,-,-,-,2987.0000,2986.8000,2986.6000,2986.2000,2986.0000,2988.0000,2989.0000,2989.2000,2990.6000,2992.0000,1,1,1,4,1,2,5,1,1,2
SF,IH2003,2020-01-23 09:34:11.800,2986.6000,22792,0,780802320.000,0,-,-,-,-,2987.0000,2986.8000,2986.6000,2986.2000,2986.0000,2988.0000,2989.0000,2989.2000,2990.6000,2992.0000,2,1,1,4,1,2,5,1,1,2
SF,IH2003,2020-01-23 09:34:12.300,2987.8000,22792,0,782594640.000,2,1,1,多换,S,2987.0000,2986.8000,2986.6000,2986.2000,2986.0000,2988.0000,2989.0000,2989.2000,2989.8000,2990.6000,2,1,1,4,1,3,5,1,1,1
SF,IH2003,2020-01-23 09:34:12.800,2988.0000,22791,-1,783491040.000,1,0,1,双平,S,2987.2000,2987.0000,2986.8000,2986.6000,2986.2000,2989.0000,2989.2000,2989.8000,2990.6000,2992.0000,1,1,1,1,3,5,1,1,1,2
SF,IH2003,2020-01-23 09:34:13.300,2987.4000,22787,-4,787076100.000,4,0,4,双平,S,2987.4000,2987.2000,2987.0000,2986.8000,2986.6000,2989.0000,2989.2000,2989.8000,2990.6000,2992.0000,3,3,1,1,1,2,1,1,1,2
SF,IH2003,2020-01-23 09:34:13.800,2987.4000,22787,0,787076100.000,0,-,-,-,-,2987.6000,2987.4000,2987.0000,2986.8000,2986.6000,2988.8000,2989.0000,2989.2000,2989.8000,2990.6000,3,3,1,1,1,2,3,1,1,1
SF,IH2003,2020-01-23 09:34:14.300,2989.0000,22785,-2,790662840.000,4,1,3,多平,S,2989.0000,2987.6000,2987.4000,2987.0000,2986.8000,2989.2000,2989.8000,2990.6000,2992.0000,2992.4000,1,3,2,1,1,1,1,1,2,5
SF,IH2003,2020-01-23 09:34:14.800,2989.0000,22784,-1,791559540.000,1,0,1,双平,S,2987.6000,2987.4000,2987.0000,2986.8000,2986.2000,2989.0000,2989.2000,2989.8000,2990.6000,2992.0000,1,2,1,1,1,2,1,1,1,2
SF,IH2003,2020-01-23 09:34:15.300,2987.8000,22784,0,793352220.000,2,1,1,多换,S,2987.8000,2987.6000,2987.4000,2987.0000,2986.8000,2989.0000,2989.2000,2989.8000,2990.6000,2992.0000,1,1,3,1,1,2,1,1,1,2
SF,IH2003,2020-01-23 09:34:15.800,2989.0000,22784,0,794248920.000,1,0,1,多换,S,2987.8000,2987.6000,2987.4000,2987.0000,2986.8000,2989.0000,2989.2000,2989.8000,2990.6000,2992.0000,3,1,3,1,1,1,1,1,1,2
SF,IH2003,2020-01-23 09:34:16.300,2989.0000,22784,0,795145620.000,1,0,1,多换,S,2989.0000,2988.2000,2988.0000,2987.8000,2987.6000,2989.2000,2989.8000,2990.6000,2992.0000,2992.4000,5,1,10,1,1,1,1,1,2,5
SF,IH2003,2020-01-23 09:34:16.800,2989.2000,22783,-1,796042380.000,1,0,1,双平,S,2989.0000,2988.2000,2988.0000,2987.8000,2987.6000,2989.8000,2990.6000,2992.0000,2992.4000,2992.6000,5,1,2,1,1,1,1,2,5,1
SF,IH2003,2020-01-23 09:34:17.300,2989.2000,22783,0,796042380.000,0,-,-,-,-,2989.0000,2988.2000,2988.0000,2987.8000,2987.6000,2989.8000,2990.6000,2992.0000,2992.4000,2992.6000,5,1,2,1,1,2,1,2,5,1
SF,IH2003,2020-01-23 09:34:18.300,2989.2000,22783,0,796042380.000,0,-,-,-,-,2989.0000,2988.2000,2988.0000,2987.8000,2987.6000,2989.8000,2990.6000,2992.0000,2992.4000,2992.6000,6,1,2,1,1,2,1,2,5,1
SF,IH2003,2020-01-23 09:34:18.800,2989.2000,22783,0,796042380.000,0,-,-,-,-,2989.0000,2988.2000,2988.0000,2987.6000,2987.4000,2989.8000,2990.6000,2992.0000,2992.4000,2992.6000,6,1,2,1,2,5,1,2,5,1
SF,IH2003,2020-01-23 09:34:19.300,2989.2000,22783,0,796042380.000,0,-,-,-,-,2989.0000,2988.2000,2988.0000,2987.6000,2987.4000,2989.8000,2990.6000,2992.0000,2992.4000,2992.6000,7,1,2,1,2,5,1,2,5,1
SF,IH2003,2020-01-23 09:34:19.800,2989.2000,22783,0,796042380.000,0,-,-,-,-,2989.2000,2989.0000,2988.2000,2988.0000,2987.6000,2989.8000,2990.6000,2992.0000,2992.4000,2992.6000,1,7,1,2,1,5,1,2,5,1
SF,IH2003,2020-01-23 09:34:20.300,2989.8000,22783,0,796939320.000,1,0,1,多换,S,2989.2000,2989.0000,2988.2000,2988.0000,2987.6000,2989.8000,2990.6000,2992.0000,2992.4000,2992.6000,1,7,1,2,1,4,1,2,5,1
