市场代码,合约代码,时间,最新,持仓,增仓,成交额,成交量,开仓,平仓,成交类型,方向,买一价,买二价,买三价,买四价,买五价,卖一价,卖二价,卖三价,卖四价,卖五价,买一量,买二量,买三量,买四量,买五量,卖一量,卖二量,卖三量,卖四量,卖五量
SF,IH2012,2020-08-03 09:29:00.300,3249.8000,15506,0,10724340.000,11.000,-,-,-,-,3248.6000,3245.6000,3241.0000,3240.0000,3239.6000,3249.8000,3250.0000,3252.0000,3256.6000,3257.0000,1,1,1,1,1,1,4,1,2,2
SF,IH2012,2020-08-03 09:30:00.300,3249.8000,15504,-2,18524100.000,8,3,5,多平,S,3250.0000,3249.8000,3249.0000,3248.6000,3241.0000,3252.0000,3256.6000,3257.0000,3257.4000,3260.0000,5,3,3,1,1,1,1,2,4,2
SF,IH2012,2020-08-03 09:30:00.800,3252.0000,15501,-3,22428000.000,4,0,4,多平,S,3250.8000,3250.4000,3250.2000,3250.0000,3249.8000,3257.0000,3260.0000,3266.0000,3267.0000,3270.0000,2,4,3,6,4,1,2,1,2,1
SF,IH2012,2020-08-03 09:30:01.300,3256.4000,15498,-3,26336160.000,4,0,4,多平,S,3256.4000,3256.0000,3255.8000,3255.2000,3255.0000,3260.0000,3266.0000,3267.0000,3270.0000,3274.6000,1,2,1,2,1,2,1,2,1,1
SF,IH2012,2020-08-03 09:30:01.800,3256.6000,15496,-2,28291080.000,2,0,2,双平,S,3254.4000,3253.8000,3250.8000,3250.4000,3250.2000,3259.8000,3260.0000,3266.0000,3267.0000,3270.0000,1,1,2,5,3,1,2,1,2,1
SF,IH2012,2020-08-03 09:30:02.300,3256.6000,15496,0,28291080.000,0,-,-,-,-,3254.8000,3254.6000,3254.4000,3253.8000,3250.8000,3256.4000,3259.8000,3260.0000,3266.0000,3267.0000,6,1,2,1,2,1,1,2,1,2
SF,IH2012,2020-08-03 09:30:02.800,3258.0000,15492,-4,32201340.000,4,0,4,双平,S,3257.0000,3256.6000,3256.4000,3256.0000,3255.8000,3260.0000,3266.0000,3267.0000,3270.0000,3274.6000,1,2,1,3,1,1,1,2,1,1
SF,IH2012,2020-08-03 09:30:03.300,3257.2000,15490,-2,34155720.000,2,0,2,双平,S,3255.2000,3253.8000,3250.6000,3250.2000,3250.0000,3256.4000,3259.8000,3260.0000,3266.0000,3267.0000,5,1,1,3,7,1,1,1,1,2
SF,IH2012,2020-08-03 09:30:03.800,3257.2000,15490,0,35132880.000,1,0,1,多换,S,3256.8000,3256.6000,3256.4000,3255.4000,3255.2000,3259.8000,3260.0000,3266.0000,3267.0000,3270.0000,3,1,1,2,5,1,1,1,2,1
SF,IH2012,2020-08-03 09:30:04.300,3256.8000,15487,-3,38065020.000,3,0,3,双平,S,3256.8000,3256.6000,3256.4000,3255.4000,3255.2000,3259.8000,3260.0000,3266.0000,3267.0000,3270.0000,2,1,1,2,5,1,1,1,2,1
SF,IH2012,2020-08-03 09:30:04.800,3256.8000,15485,-2,40019100.000,2,0,2,双平,S,3256.4000,3255.4000,3255.2000,3255.0000,3253.8000,3256.8000,3259.8000,3260.0000,3266.0000,3267.0000,2,2,5,3,1,2,1,1,1,2
SF,IH2012,2020-08-03 09:30:05.300,3259.8000,15483,-2,42951120.000,3,0,3,多平,S,3257.8000,3257.6000,3257.0000,3256.8000,3256.6000,3260.0000,3266.0000,3267.0000,3270.0000,3274.8000,2,1,4,7,4,1,1,2,1,2
SF,IH2012,2020-08-03 09:30:05.800,3256.8000,15482,-1,43928160.000,1,0,1,双平,S,3256.8000,3256.6000,3256.4000,3255.0000,3253.8000,3259.8000,3260.0000,3266.0000,3267.0000,3270.0000,1,1,3,3,1,2,1,1,2,1
SF,IH2012,2020-08-03 09:30:06.300,3256.8000,15481,-1,44905200.000,1,0,1,双平,S,3256.8000,3256.6000,3256.4000,3255.0000,3253.8000,3259.8000,3260.0000,3266.0000,3267.0000,3270.0000,2,1,3,3,1,2,1,1,2,1
SF,IH2012,2020-08-03 09:30:06.800,3256.8000,15480,-1,46859280.000,2,0,2,多平,S,3256.8000,3256.6000,3256.4000,3255.0000,3253.8000,3259.8000,3260.0000,3266.0000,3267.0000,3270.0000,3,1,3,3,1,3,1,1,2,1
SF,IH2012,2020-08-03 09:30:07.300,3259.8000,15479,-1,49793100.000,3,1,2,多平,S,3259.8000,3258.6000,3258.2000,3257.2000,3257.0000,3260.0000,3266.0000,3267.0000,3270.0000,3274.8000,1,1,2,6,1,2,1,2,1,2
SF,IH2012,2020-08-03 09:30:07.800,3260.0000,15477,-2,51749100.000,2,0,2,双平,S,3260.0000,3259.8000,3257.2000,3257.0000,3256.8000,3266.0000,3267.0000,3270.0000,3274.8000,3280.0000,1,2,6,1,2,1,2,1,2,2
SF,IH2012,2020-08-03 09:30:08.300,3260.0000,15477,0,51749100.000,0,-,-,-,-,3260.2000,3260.0000,3259.8000,3257.4000,3257.2000,3263.4000,3264.0000,3265.2000,3265.6000,3265.8000,2,1,2,1,6,2,2,1,7,1
SF,IH2012,2020-08-03 09:30:08.800,3260.0000,15477,0,51749100.000,0,-,-,-,-,3263.4000,3260.2000,3260.0000,3259.8000,3257.4000,3264.0000,3265.6000,3266.0000,3267.0000,3270.0000,3,1,1,4,1,1,7,3,2,1
SF,IH2012,2020-08-03 09:30:09.300,3259.8000,15472,-5,56641560.000,5,0,5,双平,S,3259.8000,3257.4000,3257.2000,3256.8000,3256.6000,3263.4000,3264.0000,3265.6000,3266.0000,3267.0000,4,1,6,1,1,1,1,6,3,2
SF,IH2012,2020-08-03 09:30:09.800,3259.8000,15472,0,56641560.000,0,-,-,-,-,3260.0000,3259.8000,3257.4000,3257.2000,3256.8000,3263.4000,3264.0000,3265.6000,3266.0000,3267.0000,1,4,1,6,1,2,1,6,3,2
SF,IH2012,2020-08-03 09:30:10.300,3266.0000,15473,1,63498660.000,7,4,3,空开,S,3264.0000,3263.6000,3260.4000,3260.0000,3259.8000,3267.0000,3270.0000,3274.8000,3280.0000,3290.0000,1,1,2,1,4,2,1,2,2,4
SF,IH2012,2020-08-03 09:30:10.800,3264.2000,15471,-2,65457900.000,2,0,2,双平,S,3264.4000,3264.2000,3264.0000,3263.6000,3263.4000,3265.6000,3266.0000,3266.8000,3267.0000,3270.0000,1,1,1,3,2,1,3,1,2,1
SF,IH2012,2020-08-03 09:30:11.300,3266.0000,15470,-1,68396220.000,3,1,2,多平,S,3265.6000,3264.8000,3264.0000,3263.6000,3263.4000,3266.8000,3267.0000,3270.0000,3274.8000,3280.0000,2,1,1,3,3,1,2,1,2,2
SF,IH2012,2020-08-03 09:30:11.800,3265.6000,15467,-3,73295700.000,5,1,4,多平,S,3267.0000,3265.6000,3264.0000,3263.6000,3263.4000,3270.0000,3274.8000,3280.0000,3290.0000,3290.4000,1,1,1,3,5,1,2,2,4,1
SF,IH2012,2020-08-03 09:30:12.300,3267.2000,15467,0,76236000.000,3,1,2,多换,S,3265.6000,3264.0000,3263.6000,3263.4000,3260.4000,3267.6000,3268.2000,3269.6000,3269.8000,3270.0000,1,1,1,5,2,2,2,6,1,2
SF,IH2012,2020-08-03 09:30:12.800,3265.6000,15464,-3,82115880.000,6,1,5,多平,S,3264.0000,3263.6000,3263.4000,3260.4000,3259.8000,3267.4000,3267.6000,3269.6000,3270.0000,3274.8000,1,1,5,2,5,1,2,6,1,2
SF,IH2012,2020-08-03 09:30:13.300,3267.2000,15462,-2,84075720.000,2,0,2,双平,S,3264.2000,3264.0000,3263.6000,3263.4000,3260.4000,3267.4000,3267.6000,3269.6000,3270.0000,3274.8000,1,1,1,5,2,1,2,6,1,2
SF,IH2012,2020-08-03 09:30:13.800,3267.2000,15462,0,86036040.000,2,1,1,多换,S,3266.8000,3264.2000,3264.0000,3263.4000,3260.4000,3267.2000,3267.4000,3267.6000,3269.6000,3270.0000,1,1,1,4,2,3,1,2,2,1
SF,IH2012,2020-08-03 09:30:14.300,3266.8000,15461,-1,87996120.000,2,0,2,多平,S,3264.2000,3264.0000,3263.4000,3260.4000,3259.8000,3266.8000,3267.2000,3267.6000,3269.6000,3270.0000,1,1,4,1,5,2,1,2,2,1
SF,IH2012,2020-08-03 09:30:14.800,3267.2000,15458,-3,91916520.000,4,0,4,多平,S,3264.6000,3264.4000,3264.2000,3264.0000,3263.4000,3267.6000,3269.6000,3270.0000,3274.8000,3280.0000,3,1,1,1,3,2,2,1,2,2
SF,IH2012,2020-08-03 09:30:15.300,3267.6000,15457,-1,94857360.000,3,1,2,多平,S,3264.8000,3264.6000,3264.2000,3264.0000,3263.4000,3269.6000,3270.0000,3274.8000,3280.0000,3290.0000,1,3,2,1,3,2,1,2,2,4
SF,IH2012,2020-08-03 09:30:15.800,3267.6000,15457,0,94857360.000,0,-,-,-,-,3269.6000,3266.0000,3265.2000,3264.8000,3264.2000,3270.0000,3274.8000,3280.0000,3290.0000,3290.4000,3,1,3,1,2,1,2,2,4,1
SF,IH2012,2020-08-03 09:30:16.300,3269.6000,15455,-2,99761280.000,5,1,4,多平,S,3267.0000,3266.0000,3265.2000,3264.8000,3264.2000,3269.6000,3270.0000,3274.8000,3280.0000,3290.0000,1,1,3,1,2,3,1,2,2,4
SF,IH2012,2020-08-03 09:30:16.800,3269.6000,15454,-1,100742160.000,1,0,1,双平,S,3267.2000,3267.0000,3266.0000,3265.2000,3264.2000,3270.0000,3274.8000,3280.0000,3290.0000,3290.4000,2,1,1,3,2,1,2,2,4,1
SF,IH2012,2020-08-03 09:30:17.300,3270.0000,15453,-1,101723160.000,1,0,1,双平,S,3270.0000,3268.0000,3267.2000,3267.0000,3266.0000,3274.8000,3280.0000,3290.0000,3290.4000,3300.0000,1,1,3,1,1,2,2,4,1,2
SF,IH2012,2020-08-03 09:30:17.800,3270.0000,15451,-2,104666160.000,3,0,3,多平,S,3267.2000,3267.0000,3266.0000,3265.2000,3264.2000,3270.0000,3270.6000,3272.0000,3272.4000,3273.4000,1,1,1,3,1,1,4,2,3,3
SF,IH2012,2020-08-03 09:30:18.300,3270.0000,15451,0,105647160.000,1,0,1,多换,S,3270.0000,3268.0000,3267.4000,3267.2000,3267.0000,3270.6000,3272.4000,3274.4000,3274.6000,3274.8000,1,1,1,2,1,2,1,4,2,2
SF,IH2012,2020-08-03 09:30:18.800,3270.0000,15450,-1,107609160.000,2,0,2,多平,S,3267.4000,3267.2000,3267.0000,3266.0000,3265.2000,3270.0000,3270.6000,3272.4000,3274.4000,3274.6000,1,2,1,1,3,1,2,1,4,2
SF,IH2012,2020-08-03 09:30:19.300,3270.0000,15448,-2,109571160.000,2,0,2,双平,S,3270.0000,3268.0000,3267.8000,3267.6000,3267.4000,3270.6000,3272.4000,3274.4000,3274.6000,3274.8000,1,1,3,1,1,2,1,4,2,2
SF,IH2012,2020-08-03 09:30:19.800,3270.0000,15445,-3,112514160.000,3,0,3,双平,S,3270.0000,3268.0000,3267.6000,3267.4000,3267.2000,3272.4000,3274.4000,3274.6000,3274.8000,3280.0000,1,1,1,1,2,1,4,2,2,2
SF,IH2012,2020-08-03 09:30:20.300,3270.0000,15444,-1,116438160.000,4,1,3,多平,S,3268.0000,3267.6000,3267.2000,3267.0000,3266.0000,3270.0000,3270.6000,3272.0000,3272.2000,3272.4000,1,1,2,1,1,1,2,3,4,1
SF,IH2012,2020-08-03 09:30:20.800,3268.2000,15441,-3,119380620.000,3,0,3,双平,S,3270.6000,3268.2000,3268.0000,3267.6000,3267.2000,3272.0000,3272.2000,3272.4000,3274.6000,3274.8000,1,1,1,1,2,1,1,1,2,2
SF,IH2012,2020-08-03 09:30:21.300,3270.6000,15441,0,120361800.000,1,0,1,多换,S,3268.2000,3268.0000,3267.6000,3267.2000,3267.0000,3270.4000,3271.2000,3271.6000,3271.8000,3272.0000,1,1,1,2,1,1,2,2,1,1
SF,IH2012,2020-08-03 09:30:21.800,3270.6000,15441,0,120361800.000,0,-,-,-,-,3268.2000,3268.0000,3267.6000,3267.2000,3267.0000,3270.4000,3270.6000,3271.6000,3272.0000,3272.4000,1,1,1,2,1,1,1,2,2,1
SF,IH2012,2020-08-03 09:30:22.300,3270.4000,15441,0,122324040.000,2,1,1,多换,S,3268.4000,3268.0000,3267.6000,3267.2000,3267.0000,3270.4000,3270.6000,3271.6000,3272.0000,3272.4000,1,1,1,2,1,1,1,2,3,1
SF,IH2012,2020-08-03 09:30:22.800,3270.6000,15440,-1,123305220.000,1,0,1,双平,S,3270.6000,3268.4000,3268.0000,3267.6000,3267.2000,3272.0000,3272.4000,3274.6000,3274.8000,3280.0000,1,1,1,1,2,3,1,2,2,2
SF,IH2012,2020-08-03 09:30:23.300,3268.4000,15440,0,125267340.000,2,1,1,多换,S,3268.0000,3267.6000,3267.2000,3267.0000,3266.0000,3272.0000,3272.4000,3274.6000,3274.8000,3280.0000,1,1,2,1,1,2,1,2,2,2
SF,IH2012,2020-08-03 09:30:23.800,3268.4000,15440,0,125267340.000,0,-,-,-,-,3270.4000,3268.4000,3268.2000,3268.0000,3267.6000,3272.0000,3274.6000,3274.8000,3280.0000,3290.0000,1,4,2,1,1,2,2,2,2,4
SF,IH2012,2020-08-03 09:30:24.300,3270.6000,15439,-1,128211720.000,3,1,2,多平,S,3268.4000,3268.2000,3268.0000,3267.6000,3267.0000,3274.6000,3274.8000,3280.0000,3290.0000,3290.4000,1,2,1,1,1,2,2,2,4,1
SF,IH2012,2020-08-03 09:30:24.800,3274.2000,15439,0,130176240.000,2,1,1,多换,S,3268.8000,3268.6000,3268.4000,3268.2000,3268.0000,3270.4000,3274.2000,3274.4000,3274.6000,3274.8000,2,1,1,1,1,1,2,2,2,2
SF,IH2012,2020-08-03 09:30:25.300,3270.4000,15438,-1,131157360.000,1,0,1,双平,S,3270.4000,3269.2000,3268.8000,3268.6000,3268.2000,3272.0000,3274.2000,3274.4000,3274.6000,3274.8000,2,1,1,1,1,1,2,2,2,2
SF,IH2012,2020-08-03 09:30:25.800,3272.0000,15439,1,132138960.000,1,1,0,双开,S,3272.0000,3270.8000,3268.6000,3268.2000,3268.0000,3274.0000,3274.4000,3274.6000,3274.8000,3280.0000,1,1,1,1,1,1,2,2,2,2
SF,IH2012,2020-08-03 09:30:26.300,3272.0000,15438,-1,135083760.000,3,1,2,多平,S,3268.2000,3268.0000,3267.0000,3266.0000,3264.0000,3270.4000,3271.0000,3272.0000,3273.2000,3273.6000,1,1,1,1,1,1,2,2,1,1
SF,IH2012,2020-08-03 09:30:26.800,3270.4000,15434,-4,139008420.000,4,0,4,双平,S,3268.6000,3268.4000,3268.2000,3268.0000,3267.0000,3271.0000,3272.0000,3273.6000,3273.8000,3274.4000,1,2,1,1,1,1,2,1,3,2
SF,IH2012,2020-08-03 09:30:27.300,3271.0000,15434,0,139989720.000,1,0,1,多换,S,3271.0000,3268.8000,3268.6000,3268.2000,3268.0000,3273.6000,3273.8000,3274.4000,3274.6000,3274.8000,1,2,1,1,1,1,2,2,2,2
SF,IH2012,2020-08-03 09:30:27.800,3271.0000,15433,-1,141952320.000,2,0,2,多平,S,3268.8000,3268.6000,3268.0000,3267.0000,3266.0000,3271.0000,3273.4000,3273.6000,3273.8000,3274.4000,1,1,1,1,1,1,1,2,2,2
SF,IH2012,2020-08-03 09:30:28.300,3269.2000,15433,0,142933080.000,1,0,1,多换,S,3268.8000,3268.0000,3267.0000,3266.0000,3264.0000,3270.8000,3272.6000,3273.6000,3274.4000,3274.6000,1,1,1,1,1,1,1,1,2,2
SF,IH2012,2020-08-03 09:30:28.800,3269.2000,15433,0,142933080.000,0,-,-,-,-,3268.8000,3268.0000,3267.0000,3266.0000,3264.0000,3270.8000,3272.6000,3273.6000,3274.4000,3274.6000,1,1,1,1,1,1,1,1,2,2
SF,IH2012,2020-08-03 09:30:29.800,3270.8000,15433,0,144895560.000,2,1,1,多换,S,3268.8000,3268.0000,3267.0000,3266.0000,3265.0000,3272.6000,3273.6000,3274.4000,3274.6000,3274.8000,1,1,1,1,1,1,1,2,2,2
SF,IH2012,2020-08-03 09:30:30.300,3270.8000,15433,0,144895560.000,0,-,-,-,-,3268.8000,3268.0000,3267.0000,3266.0000,3265.0000,3272.4000,3272.6000,3274.4000,3274.6000,3274.8000,1,1,2,1,1,1,1,2,2,2
SF,IH2012,2020-08-03 09:30:31.300,3270.8000,15433,0,144895560.000,0,-,-,-,-,3270.8000,3268.8000,3268.0000,3267.0000,3266.0000,3272.4000,3272.6000,3274.4000,3274.6000,3274.8000,1,1,1,2,1,1,1,2,2,2
SF,IH2012,2020-08-03 09:30:31.800,3270.8000,15433,0,145876800.000,1,0,1,多换,S,3268.0000,3267.0000,3266.0000,3265.0000,3264.0000,3272.6000,3274.4000,3274.6000,3274.8000,3276.0000,1,2,1,1,1,2,2,2,2,1
SF,IH2012,2020-08-03 09:30:32.300,3270.8000,15433,0,145876800.000,0,-,-,-,-,3268.2000,3268.0000,3267.0000,3266.0000,3265.0000,3270.8000,3272.2000,3272.4000,3272.6000,3274.4000,1,1,2,1,1,1,1,1,2,2
SF,IH2012,2020-08-03 09:30:32.800,3268.2000,15432,-1,147838500.000,2,0,2,多平,S,3268.0000,3267.0000,3266.0000,3265.0000,3264.0000,3270.6000,3272.2000,3272.6000,3274.4000,3274.6000,1,2,1,1,1,1,1,2,2,2
SF,IH2012,2020-08-03 09:30:33.300,3270.6000,15431,-1,148819680.000,1,0,1,双平,S,3272.4000,3268.2000,3268.0000,3267.0000,3266.0000,3272.6000,3274.4000,3274.6000,3274.8000,3276.0000,1,1,2,2,1,2,2,2,2,1
SF,IH2012,2020-08-03 09:30:33.800,3268.2000,15430,-1,150781860.000,2,0,2,多平,S,3268.0000,3267.0000,3266.0000,3265.0000,3264.0000,3272.4000,3272.6000,3274.4000,3274.6000,3274.8000,2,2,1,1,1,5,2,2,2,2
SF,IH2012,2020-08-03 09:30:34.300,3268.2000,15430,0,150781860.000,0,-,-,-,-,3270.6000,3268.0000,3267.0000,3266.0000,3265.0000,3272.0000,3272.2000,3272.4000,3272.6000,3274.4000,2,1,2,1,1,1,1,4,2,2
SF,IH2012,2020-08-03 09:30:34.800,3271.6000,15428,-2,155687700.000,5,1,4,多平,S,3268.0000,3267.0000,3266.0000,3265.0000,3264.0000,3272.0000,3272.2000,3272.4000,3272.6000,3274.4000,1,2,1,1,1,1,1,2,2,2
SF,IH2012,2020-08-03 09:30:35.300,3271.6000,15428,0,155687700.000,0,-,-,-,-,3268.2000,3268.0000,3267.0000,3266.0000,3265.0000,3271.8000,3272.0000,3272.4000,3272.6000,3274.4000,1,1,2,1,1,1,1,2,2,2
SF,IH2012,2020-08-03 09:30:35.800,3268.2000,15427,-1,156668160.000,1,0,1,双平,S,3268.4000,3268.0000,3267.0000,3266.0000,3265.0000,3270.6000,3271.4000,3271.6000,3271.8000,3272.4000,3,1,2,1,1,1,1,1,1,2
SF,IH2012,2020-08-03 09:30:36.300,3268.4000,15426,-1,157648680.000,1,0,1,双平,S,3268.4000,3268.0000,3267.0000,3266.0000,3265.0000,3270.4000,3270.6000,3270.8000,3271.4000,3271.8000,2,1,2,1,1,1,1,1,1,1
SF,IH2012,2020-08-03 09:30:36.800,3270.2000,15426,0,160591320.000,3,1,2,多换,S,3268.6000,3268.4000,3267.0000,3266.0000,3265.0000,3270.4000,3270.8000,3271.8000,3272.4000,3272.6000,1,1,2,1,1,1,1,1,3,2
SF,IH2012,2020-08-03 09:30:37.300,3268.6000,15425,-1,163533000.000,3,1,2,多平,S,3267.0000,3266.0000,3265.0000,3264.0000,3260.0000,3270.4000,3270.8000,3271.8000,3272.4000,3272.6000,2,1,1,1,1,1,1,1,3,2
SF,IH2012,2020-08-03 09:30:37.800,3268.6000,15425,0,163533000.000,0,-,-,-,-,3267.0000,3266.0000,3265.0000,3264.0000,3260.0000,3270.4000,3270.8000,3271.8000,3272.0000,3272.4000,2,1,1,1,1,1,1,1,1,3
SF,IH2012,2020-08-03 09:30:38.800,3268.6000,15425,0,163533000.000,0,-,-,-,-,3268.0000,3267.2000,3267.0000,3266.0000,3265.0000,3270.4000,3270.8000,3271.8000,3272.0000,3272.4000,1,2,2,1,1,1,2,1,1,3
SF,IH2012,2020-08-03 09:30:39.300,3268.6000,15425,0,163533000.000,0,-,-,-,-,3268.0000,3267.2000,3267.0000,3266.0000,3265.0000,3270.4000,3270.8000,3271.8000,3272.0000,3272.4000,1,2,2,1,1,1,5,1,1,3
SF,IH2012,2020-08-03 09:30:39.800,3268.6000,15425,0,163533000.000,0,-,-,-,-,3267.2000,3267.0000,3265.0000,3264.0000,3260.0000,3270.4000,3270.8000,3271.8000,3272.0000,3272.4000,1,2,1,1,1,1,5,1,1,3
SF,IH2012,2020-08-03 09:30:40.300,3268.6000,15425,0,163533000.000,0,-,-,-,-,3267.6000,3267.4000,3267.0000,3265.0000,3264.0000,3270.4000,3270.8000,3271.8000,3272.0000,3272.4000,3,1,2,1,1,1,5,1,1,3
SF,IH2012,2020-08-03 09:30:40.800,3268.6000,15425,0,163533000.000,0,-,-,-,-,3268.0000,3267.6000,3267.2000,3267.0000,3265.0000,3270.4000,3270.8000,3271.8000,3272.0000,3272.4000,1,1,1,2,1,1,5,1,1,3
SF,IH2012,2020-08-03 09:30:41.300,3270.4000,15425,0,164514120.000,1,0,1,多换,S,3267.6000,3267.0000,3265.0000,3264.0000,3260.0000,3270.8000,3271.8000,3272.0000,3272.4000,3272.6000,1,2,1,1,1,5,1,1,3,2
SF,IH2012,2020-08-03 09:30:41.800,3270.4000,15425,0,164514120.000,0,-,-,-,-,3267.0000,3265.0000,3264.0000,3260.0000,3259.8000,3270.6000,3270.8000,3271.8000,3272.0000,3272.4000,2,1,1,1,5,1,5,1,1,3
SF,IH2012,2020-08-03 09:30:42.300,3270.4000,15425,0,164514120.000,0,-,-,-,-,3267.2000,3267.0000,3265.0000,3264.0000,3260.0000,3270.0000,3270.6000,3270.8000,3271.8000,3272.0000,1,2,1,1,1,1,1,5,1,1
SF,IH2012,2020-08-03 09:30:42.800,3270.0000,15426,1,166476120.000,2,1,1,空开,S,3267.4000,3267.2000,3267.0000,3265.0000,3264.0000,3270.8000,3271.8000,3272.0000,3272.4000,3272.6000,1,1,2,1,1,5,1,1,3,2
SF,IH2012,2020-08-03 09:30:43.300,3270.0000,15426,0,166476120.000,0,-,-,-,-,3267.6000,3267.4000,3267.2000,3267.0000,3265.0000,3270.8000,3271.8000,3272.0000,3272.4000,3272.6000,2,2,2,2,1,5,1,1,3,2
SF,IH2012,2020-08-03 09:30:43.800,3270.0000,15426,0,166476120.000,0,-,-,-,-,3267.8000,3267.6000,3267.4000,3267.2000,3267.0000,3270.8000,3271.8000,3272.0000,3272.4000,3272.6000,1,2,1,2,2,5,1,1,2,2
SF,IH2012,2020-08-03 09:30:44.300,3270.0000,15426,0,166476120.000,0,-,-,-,-,3268.0000,3267.8000,3267.2000,3267.0000,3265.0000,3270.8000,3271.8000,3272.0000,3272.4000,3272.6000,1,1,2,2,1,6,1,1,2,2
SF,IH2012,2020-08-03 09:30:44.800,3268.2000,15425,-1,167456580.000,1,0,1,双平,S,3268.0000,3267.2000,3267.0000,3265.0000,3264.0000,3270.6000,3270.8000,3271.8000,3272.0000,3272.4000,1,2,2,1,1,1,6,1,1,2
SF,IH2012,2020-08-03 09:30:45.300,3270.8000,15425,0,169419000.000,2,1,1,多换,S,3268.2000,3268.0000,3267.2000,3267.0000,3265.0000,3270.8000,3271.8000,3272.0000,3272.4000,3272.6000,1,1,2,2,1,5,1,1,2,2
SF,IH2012,2020-08-03 09:30:45.800,3270.6000,15425,0,170400180.000,1,0,1,多换,S,3268.2000,3268.0000,3267.2000,3267.0000,3265.0000,3270.8000,3271.8000,3272.0000,3272.4000,3272.6000,1,1,2,2,1,5,1,1,2,2
SF,IH2012,2020-08-03 09:30:46.300,3268.2000,15424,-1,171380640.000,1,0,1,双平,S,3268.0000,3267.2000,3267.0000,3265.0000,3264.0000,3270.8000,3271.8000,3272.0000,3272.4000,3272.6000,1,2,2,1,2,5,1,1,2,2
SF,IH2012,2020-08-03 09:30:46.800,3268.2000,15423,-1,172361100.000,1,0,1,双平,S,3268.0000,3267.2000,3267.0000,3265.0000,3264.0000,3270.6000,3270.8000,3271.8000,3272.0000,3272.4000,1,2,2,1,2,1,6,1,1,2
SF,IH2012,2020-08-03 09:30:47.300,3270.4000,15423,0,174322620.000,2,1,1,多换,S,3267.2000,3267.0000,3265.0000,3264.0000,3260.0000,3270.6000,3270.8000,3271.8000,3272.0000,3272.4000,2,2,1,2,1,1,6,1,1,2
SF,IH2012,2020-08-03 09:30:47.800,3270.6000,15423,0,175303800.000,1,0,1,多换,S,3270.6000,3267.4000,3267.2000,3267.0000,3265.0000,3270.8000,3271.8000,3272.0000,3272.4000,3272.6000,1,2,2,2,1,6,1,1,2,2
SF,IH2012,2020-08-03 09:30:48.300,3270.6000,15423,0,176284980.000,1,0,1,多换,S,3267.4000,3267.2000,3267.0000,3265.0000,3264.0000,3269.6000,3270.6000,3270.8000,3271.8000,3272.0000,1,2,2,1,2,2,4,6,1,1
SF,IH2012,2020-08-03 09:30:48.800,3270.4000,15422,-1,177266100.000,1,0,1,双平,S,3268.0000,3267.4000,3267.2000,3267.0000,3265.0000,3269.6000,3270.6000,3270.8000,3271.8000,3272.0000,1,1,2,2,1,1,2,6,1,1
SF,IH2012,2020-08-03 09:30:49.300,3269.6000,15422,0,178246980.000,1,0,1,多换,S,3269.6000,3268.2000,3267.4000,3267.2000,3267.0000,3270.6000,3270.8000,3271.8000,3272.0000,3272.4000,1,1,1,1,2,1,6,1,1,2
SF,IH2012,2020-08-03 09:30:49.800,3269.6000,15422,0,179227860.000,1,0,1,多换,S,3268.0000,3267.4000,3267.2000,3267.0000,3265.0000,3269.6000,3270.6000,3270.8000,3271.8000,3272.0000,1,1,1,2,1,1,1,6,1,1
SF,IH2012,2020-08-03 09:30:50.300,3269.6000,15422,0,179227860.000,0,-,-,-,-,3268.2000,3267.4000,3267.2000,3267.0000,3265.0000,3269.6000,3270.6000,3270.8000,3271.0000,3271.8000,1,1,1,2,1,2,1,6,1,1
SF,IH2012,2020-08-03 09:30:50.800,3269.6000,15422,0,179227860.000,0,-,-,-,-,3267.4000,3267.2000,3267.0000,3265.0000,3264.0000,3269.6000,3270.6000,3270.8000,3271.0000,3271.8000,1,1,2,1,2,1,1,6,1,1
SF,IH2012,2020-08-03 09:30:51.300,3269.6000,15422,0,179227860.000,0,-,-,-,-,3268.4000,3267.4000,3267.2000,3267.0000,3265.0000,3269.6000,3270.6000,3270.8000,3271.0000,3271.8000,3,1,1,1,1,1,1,6,2,1
SF,IH2012,2020-08-03 09:30:51.800,3268.4000,15419,-3,182169420.000,3,0,3,双平,S,3267.4000,3267.2000,3267.0000,3265.0000,3264.0000,3268.4000,3269.4000,3270.6000,3270.8000,3271.0000,1,1,1,1,2,3,1,1,6,2
SF,IH2012,2020-08-03 09:30:52.300,3268.4000,15419,0,182169420.000,0,-,-,-,-,3267.2000,3267.0000,3265.0000,3264.0000,3260.0000,3269.4000,3270.6000,3270.8000,3271.0000,3271.8000,1,1,1,2,1,1,1,6,2,1
SF,IH2012,2020-08-03 09:30:52.800,3267.2000,15419,0,183149580.000,1,0,1,多换,S,3267.0000,3265.0000,3264.0000,3260.0000,3259.8000,3267.2000,3267.4000,3268.8000,3269.2000,3269.4000,1,1,2,1,5,1,1,1,2,1
SF,IH2012,2020-08-03 09:30:53.300,3267.2000,15416,-3,187070220.000,4,0,4,多平,S,3265.0000,3264.0000,3260.0000,3259.8000,3259.0000,3267.4000,3268.8000,3269.2000,3269.4000,3270.6000,1,2,1,5,1,1,1,4,1,1
SF,IH2012,2020-08-03 09:30:53.800,3267.2000,15416,0,187070220.000,0,-,-,-,-,3265.0000,3264.0000,3260.0000,3259.8000,3259.0000,3267.2000,3267.4000,3268.8000,3269.2000,3269.4000,1,2,1,5,1,1,1,1,3,1
SF,IH2012,2020-08-03 09:30:54.300,3267.2000,15416,0,187070220.000,0,-,-,-,-,3265.0000,3264.0000,3260.0000,3259.8000,3259.0000,3267.2000,3267.4000,3268.8000,3269.2000,3269.4000,1,2,1,5,1,1,1,1,3,1
SF,IH2012,2020-08-03 09:30:54.800,3265.0000,15416,0,188049720.000,1,0,1,多换,S,3264.0000,3260.0000,3259.8000,3259.0000,3256.4000,3267.2000,3267.4000,3268.8000,3269.2000,3269.4000,2,1,5,1,2,1,1,1,2,1
SF,IH2012,2020-08-03 09:30:55.300,3265.0000,15416,0,188049720.000,0,-,-,-,-,3264.0000,3260.0000,3259.8000,3259.0000,3256.4000,3267.2000,3267.4000,3268.8000,3269.2000,3269.4000,3,1,5,1,2,1,1,1,2,1
SF,IH2012,2020-08-03 09:30:55.800,3265.0000,15416,0,188049720.000,0,-,-,-,-,3264.0000,3260.0000,3259.8000,3259.0000,3256.4000,3267.2000,3267.4000,3267.6000,3268.8000,3269.2000,3,1,5,1,2,2,1,1,1,2
SF,IH2012,2020-08-03 09:30:56.300,3265.0000,15416,0,188049720.000,0,-,-,-,-,3264.0000,3260.0000,3259.8000,3259.0000,3256.4000,3267.2000,3267.4000,3267.6000,3268.8000,3269.2000,3,1,5,1,2,2,1,1,1,2
SF,IH2012,2020-08-03 09:30:56.800,3265.0000,15416,0,188049720.000,0,-,-,-,-,3264.0000,3259.8000,3259.0000,3256.4000,3252.2000,3265.0000,3267.2000,3267.4000,3267.6000,3268.8000,2,5,1,2,2,1,1,1,1,1
SF,IH2012,2020-08-03 09:30:57.300,3265.0000,15414,-2,190008720.000,2,0,2,双平,S,3264.2000,3264.0000,3259.8000,3259.0000,3256.4000,3267.2000,3267.4000,3267.6000,3268.8000,3269.2000,1,2,5,1,2,1,1,1,1,2
SF,IH2012,2020-08-03 09:30:57.800,3265.0000,15414,0,190008720.000,0,-,-,-,-,3264.0000,3259.8000,3259.0000,3256.4000,3252.2000,3267.0000,3267.2000,3267.4000,3267.6000,3268.8000,2,5,1,2,2,1,1,1,1,1
SF,IH2012,2020-08-03 09:30:58.300,3264.0000,15414,0,190987920.000,1,0,1,多换,S,3264.0000,3259.8000,3259.0000,3256.4000,3252.2000,3264.2000,3266.8000,3267.0000,3267.4000,3267.6000,1,5,1,2,2,1,1,1,1,1
SF,IH2012,2020-08-03 09:30:58.800,3264.2000,15413,-1,191967180.000,1,0,1,双平,S,3264.6000,3264.2000,3264.0000,3259.8000,3259.0000,3266.8000,3267.0000,3267.4000,3267.6000,3268.8000,2,2,2,5,1,1,1,1,1,1
SF,IH2012,2020-08-03 09:30:59.300,3264.2000,15413,0,191967180.000,0,-,-,-,-,3264.2000,3264.0000,3259.8000,3259.0000,3256.4000,3266.6000,3266.8000,3267.0000,3267.4000,3267.6000,1,1,5,1,2,1,1,1,1,1
SF,IH2012,2020-08-03 09:30:59.800,3264.2000,15412,-1,192946440.000,1,0,1,双平,S,3264.0000,3259.8000,3259.0000,3256.4000,3252.2000,3266.4000,3266.6000,3267.0000,3267.4000,3267.6000,1,5,1,2,2,1,1,1,1,1
SF,IH2012,2020-08-03 09:31:00.300,3264.2000,15412,0,192946440.000,0,-,-,-,-,3264.0000,3259.8000,3259.0000,3256.4000,3252.2000,3266.2000,3266.4000,3266.6000,3267.0000,3267.4000,1,5,1,2,2,1,1,1,1,1
SF,IH2012,2020-08-03 09:31:00.800,3264.2000,15412,0,192946440.000,0,-,-,-,-,3264.0000,3259.8000,3259.0000,3256.4000,3252.2000,3264.2000,3266.0000,3266.2000,3266.6000,3267.0000,1,5,1,2,2,1,2,1,1,1
SF,IH2012,2020-08-03 09:31:01.300,3264.2000,15408,-4,197842680.000,5,0,5,多平,S,3259.8000,3259.0000,3256.4000,3252.2000,3250.6000,3264.0000,3266.0000,3266.2000,3266.6000,3267.0000,4,1,2,2,1,1,2,1,1,1
SF,IH2012,2020-08-03 09:31:01.800,3264.0000,15406,-2,199801140.000,2,0,2,双平,S,3262.2000,3262.0000,3261.6000,3261.4000,3260.8000,3266.0000,3266.2000,3266.6000,3267.6000,3267.8000,1,1,1,3,1,1,1,1,1,1
SF,IH2012,2020-08-03 09:31:02.300,3262.4000,15405,-1,200779860.000,1,0,1,双平,S,3261.6000,3261.4000,3260.8000,3260.6000,3260.2000,3265.8000,3266.0000,3266.2000,3267.6000,3267.8000,1,3,1,1,5,1,1,1,1,1
SF,IH2012,2020-08-03 09:31:02.800,3262.4000,15404,-1,201758580.000,1,0,1,双平,S,3261.8000,3261.6000,3261.4000,3260.6000,3260.2000,3265.6000,3265.8000,3267.6000,3267.8000,3268.8000,1,1,3,1,5,1,1,1,1,1
SF,IH2012,2020-08-03 09:31:03.300,3262.4000,15404,0,201758580.000,0,-,-,-,-,3263.4000,3262.6000,3261.8000,3261.4000,3260.6000,3265.4000,3265.6000,3267.6000,3267.8000,3268.8000,2,1,1,1,1,1,1,1,1,1
SF,IH2012,2020-08-03 09:31:03.800,3265.2000,15403,-1,202738140.000,1,0,1,双平,S,3261.8000,3261.4000,3260.6000,3260.2000,3259.8000,3265.4000,3267.6000,3267.8000,3268.8000,3269.2000,1,1,1,5,3,1,1,1,1,2
SF,IH2012,2020-08-03 09:31:04.300,3265.2000,15403,0,202738140.000,0,-,-,-,-,3262.0000,3261.8000,3261.4000,3260.6000,3260.2000,3265.2000,3265.4000,3267.6000,3267.8000,3268.8000,1,1,1,1,5,1,1,1,1,1
SF,IH2012,2020-08-03 09:31:04.800,3265.2000,15403,0,202738140.000,0,-,-,-,-,3262.2000,3262.0000,3261.4000,3260.6000,3260.2000,3265.0000,3265.2000,3267.6000,3267.8000,3268.8000,1,1,1,1,5,1,1,1,1,1
SF,IH2012,2020-08-03 09:31:05.300,3265.2000,15403,0,202738140.000,0,-,-,-,-,3262.2000,3262.0000,3261.4000,3260.6000,3260.2000,3263.0000,3265.0000,3267.6000,3267.8000,3268.8000,1,1,1,1,5,1,1,1,1,1
SF,IH2012,2020-08-03 09:31:05.800,3263.0000,15402,-1,203717040.000,1,0,1,双平,S,3263.4000,3263.0000,3262.8000,3262.6000,3262.4000,3265.0000,3267.6000,3267.8000,3268.8000,3269.2000,2,1,2,1,1,2,1,1,1,2
SF,IH2012,2020-08-03 09:31:06.300,3265.0000,15401,-1,204696540.000,1,0,1,双平,S,3265.0000,3264.2000,3264.0000,3263.6000,3263.4000,3267.6000,3267.8000,3268.8000,3269.2000,3270.0000,1,1,3,2,2,1,1,1,2,1
SF,IH2012,2020-08-03 09:31:06.800,3265.0000,15401,0,204696540.000,0,-,-,-,-,3265.2000,3265.0000,3264.0000,3263.4000,3263.0000,3267.4000,3267.6000,3267.8000,3268.8000,3269.2000,2,1,3,2,1,1,1,1,1,2
SF,IH2012,2020-08-03 09:31:07.300,3267.6000,15399,-2,206657040.000,2,0,2,双平,S,3265.2000,3265.0000,3264.0000,3263.4000,3263.0000,3267.8000,3269.2000,3270.0000,3270.6000,3270.8000,3,1,3,2,1,1,2,1,1,6
SF,IH2012,2020-08-03 09:31:07.800,3267.6000,15399,0,206657040.000,0,-,-,-,-,3266.2000,3266.0000,3265.6000,3265.2000,3265.0000,3267.8000,3269.2000,3270.0000,3270.6000,3270.8000,1,3,5,2,1,1,2,1,1,6
SF,IH2012,2020-08-03 09:31:08.300,3267.8000,15398,-1,207637380.000,1,0,1,双平,S,3267.8000,3266.4000,3266.2000,3266.0000,3265.2000,3269.2000,3270.0000,3270.6000,3270.8000,3271.0000,1,1,1,3,1,2,1,1,6,2
SF,IH2012,2020-08-03 09:31:08.800,3269.2000,15397,-1,208618140.000,1,0,1,双平,S,3268.0000,3266.2000,3266.0000,3265.2000,3265.0000,3270.0000,3270.6000,3270.8000,3271.0000,3271.6000,2,1,3,1,1,1,1,6,2,1
SF,IH2012,2020-08-03 09:31:09.300,3268.0000,15396,-1,209598540.000,1,0,1,双平,S,3268.2000,3268.0000,3266.2000,3266.0000,3265.0000,3270.0000,3270.6000,3270.8000,3271.0000,3271.6000,1,1,1,3,1,1,1,6,2,1
SF,IH2012,2020-08-03 09:31:09.800,3268.2000,15394,-2,212539920.000,3,0,3,多平,S,3268.2000,3266.2000,3266.0000,3265.0000,3263.4000,3269.8000,3270.0000,3270.6000,3270.8000,3271.0000,2,1,3,1,2,1,1,1,6,2
SF,IH2012,2020-08-03 09:31:10.300,3268.2000,15393,-1,215481300.000,3,1,2,多平,S,3266.2000,3266.0000,3265.0000,3263.4000,3263.0000,3267.4000,3269.8000,3270.0000,3270.6000,3270.8000,1,3,1,2,1,1,1,1,1,6
SF,IH2012,2020-08-03 09:31:10.800,3267.6000,15391,-2,218422380.000,3,0,3,多平,S,3267.6000,3266.4000,3266.2000,3266.0000,3265.0000,3269.8000,3270.0000,3270.6000,3270.8000,3271.0000,1,1,1,3,1,1,1,1,6,2
SF,IH2012,2020-08-03 09:31:11.300,3267.6000,15391,0,218422380.000,0,-,-,-,-,3266.2000,3266.0000,3265.0000,3263.4000,3263.0000,3269.6000,3269.8000,3270.0000,3270.6000,3270.8000,1,3,1,2,1,3,1,1,1,6
SF,IH2012,2020-08-03 09:31:11.800,3266.4000,15390,-1,219402300.000,1,0,1,双平,S,3266.2000,3266.0000,3265.0000,3263.4000,3263.0000,3269.4000,3269.6000,3270.0000,3270.6000,3270.8000,1,3,1,2,1,1,2,1,1,6
SF,IH2012,2020-08-03 09:31:12.300,3266.4000,15390,0,219402300.000,0,-,-,-,-,3266.4000,3266.2000,3265.0000,3263.4000,3263.0000,3269.2000,3269.4000,3269.6000,3270.0000,3270.6000,1,1,1,2,1,1,1,1,1,1
SF,IH2012,2020-08-03 09:31:12.800,3266.4000,15390,0,219402300.000,0,-,-,-,-,3266.2000,3265.0000,3263.4000,3263.0000,3259.8000,3269.0000,3269.2000,3269.6000,3270.0000,3270.6000,1,1,2,1,2,1,1,1,1,1
SF,IH2012,2020-08-03 09:31:13.300,3266.4000,15390,0,219402300.000,0,-,-,-,-,3266.4000,3266.2000,3265.0000,3263.4000,3263.0000,3268.8000,3269.0000,3269.6000,3270.0000,3270.6000,1,1,1,2,1,1,1,1,2,1
SF,IH2012,2020-08-03 09:31:13.800,3266.4000,15390,0,219402300.000,0,-,-,-,-,3266.4000,3266.2000,3265.0000,3263.4000,3263.0000,3268.6000,3268.8000,3269.6000,3270.0000,3270.6000,1,1,1,2,1,1,1,1,2,1
SF,IH2012,2020-08-03 09:31:14.300,3266.4000,15390,0,219402300.000,0,-,-,-,-,3266.2000,3265.0000,3263.4000,3263.0000,3259.8000,3268.4000,3268.6000,3269.6000,3270.0000,3270.6000,1,1,2,1,2,1,1,1,2,1
SF,IH2012,2020-08-03 09:31:14.800,3266.4000,15390,0,219402300.000,0,-,-,-,-,3266.2000,3265.0000,3263.4000,3263.0000,3259.8000,3268.2000,3268.4000,3269.6000,3270.0000,3270.6000,1,1,2,1,2,1,1,1,2,1
SF,IH2012,2020-08-03 09:31:15.300,3266.4000,15390,0,219402300.000,0,-,-,-,-,3266.2000,3265.0000,3263.4000,3263.0000,3260.0000,3268.0000,3268.2000,3269.6000,3270.0000,3270.6000,1,1,2,1,1,2,1,1,2,1
SF,IH2012,2020-08-03 09:31:15.800,3266.4000,15390,0,219402300.000,0,-,-,-,-,3266.2000,3265.0000,3263.4000,3260.0000,3259.8000,3267.8000,3268.0000,3269.6000,3270.0000,3270.6000,1,1,2,1,2,1,2,1,2,1
SF,IH2012,2020-08-03 09:31:16.300,3266.2000,15389,-1,220382160.000,1,0,1,双平,S,3265.0000,3263.4000,3260.0000,3259.8000,3259.0000,3267.6000,3267.8000,3268.0000,3269.6000,3270.0000,1,2,1,2,1,1,1,1,1,2
SF,IH2012,2020-08-03 09:31:16.800,3266.2000,15389,0,220382160.000,0,-,-,-,-,3265.6000,3265.2000,3265.0000,3263.4000,3260.0000,3267.4000,3270.0000,3270.6000,3270.8000,3271.0000,1,1,1,2,1,2,2,1,5,2
SF,IH2012,2020-08-03 09:31:17.300,3267.4000,15389,0,222342600.000,2,1,1,多换,S,3266.0000,3265.2000,3265.0000,3263.4000,3260.0000,3270.0000,3270.6000,3270.8000,3271.0000,3271.6000,1,1,1,2,1,2,1,5,2,1
SF,IH2012,2020-08-03 09:31:17.800,3267.4000,15389,0,222342600.000,0,-,-,-,-,3266.2000,3265.0000,3263.4000,3260.0000,3259.8000,3269.8000,3270.0000,3270.6000,3270.8000,3271.0000,1,1,2,1,2,2,2,1,5,2
SF,IH2012,2020-08-03 09:31:18.300,3266.2000,15388,-1,223322460.000,1,0,1,双平,S,3265.0000,3263.4000,3260.0000,3259.8000,3259.0000,3266.0000,3268.8000,3269.6000,3269.8000,3270.0000,1,2,1,2,1,6,1,2,2,2
SF,IH2012,2020-08-03 09:31:18.800,3265.2000,15381,-7,231160260.000,8,0,8,多平,S,3265.2000,3263.4000,3260.0000,3259.8000,3259.0000,3266.0000,3269.6000,3269.8000,3270.0000,3270.6000,1,2,1,2,1,2,1,1,2,1
SF,IH2012,2020-08-03 09:31:19.300,3265.2000,15381,0,231160260.000,0,-,-,-,-,3265.4000,3263.4000,3260.0000,3259.8000,3259.0000,3266.0000,3269.6000,3269.8000,3270.0000,3270.6000,1,2,1,2,1,2,1,1,2,1
SF,IH2012,2020-08-03 09:31:20.300,3266.0000,15380,-1,232140060.000,1,0,1,双平,S,3265.4000,3263.4000,3260.0000,3259.8000,3259.0000,3266.0000,3269.6000,3269.8000,3270.0000,3270.6000,1,2,1,2,1,1,1,1,1,1
SF,IH2012,2020-08-03 09:31:20.800,3265.4000,15378,-2,234099480.000,2,0,2,双平,S,3266.0000,3265.8000,3265.6000,3263.4000,3260.0000,3266.2000,3269.6000,3269.8000,3270.0000,3270.6000,1,1,2,2,1,1,1,1,1,1
SF,IH2012,2020-08-03 09:31:21.300,3266.2000,15377,-1,236059080.000,2,0,2,多平,S,3266.4000,3263.4000,3260.0000,3259.8000,3259.0000,3269.6000,3269.8000,3270.0000,3270.6000,3270.8000,1,2,1,2,1,1,1,1,1,5
SF,IH2012,2020-08-03 09:31:21.800,3266.2000,15377,0,236059080.000,0,-,-,-,-,3266.2000,3265.2000,3263.4000,3260.0000,3259.8000,3269.4000,3269.6000,3270.0000,3270.6000,3270.8000,1,1,2,1,1,2,2,1,1,5
SF,IH2012,2020-08-03 09:31:22.300,3266.2000,15377,0,236059080.000,0,-,-,-,-,3266.2000,3265.2000,3263.4000,3260.0000,3259.8000,3268.8000,3269.2000,3269.4000,3269.6000,3270.0000,1,1,2,1,1,1,2,2,1,1
SF,IH2012,2020-08-03 09:31:22.800,3266.2000,15377,0,236059080.000,0,-,-,-,-,3266.2000,3265.2000,3264.0000,3263.4000,3262.6000,3268.6000,3269.4000,3269.6000,3270.0000,3270.6000,1,1,1,2,1,2,1,1,1,1
SF,IH2012,2020-08-03 09:31:23.300,3266.2000,15377,0,236059080.000,0,-,-,-,-,3266.2000,3265.2000,3264.0000,3263.4000,3262.6000,3268.6000,3269.6000,3270.0000,3270.6000,3270.8000,1,1,1,2,1,2,1,1,1,5
SF,IH2012,2020-08-03 09:31:23.800,3266.2000,15377,0,236059080.000,0,-,-,-,-,3266.2000,3265.2000,3264.6000,3264.0000,3263.4000,3268.6000,3269.6000,3270.0000,3270.6000,3270.8000,1,1,1,1,2,2,1,1,1,5
SF,IH2012,2020-08-03 09:31:24.300,3266.2000,15377,0,236059080.000,0,-,-,-,-,3266.2000,3265.4000,3265.2000,3264.6000,3264.0000,3268.6000,3269.6000,3270.0000,3270.6000,3270.8000,1,1,1,1,1,2,1,1,1,5
SF,IH2012,2020-08-03 09:31:24.800,3266.2000,15377,0,236059080.000,0,-,-,-,-,3266.2000,3265.4000,3265.2000,3264.6000,3264.0000,3268.4000,3268.6000,3270.0000,3270.6000,3270.8000,1,1,1,1,1,1,3,1,1,5
SF,IH2012,2020-08-03 09:31:25.300,3266.2000,15377,0,236059080.000,0,-,-,-,-,3266.2000,3265.4000,3265.2000,3264.6000,3264.0000,3268.2000,3268.4000,3270.0000,3270.6000,3270.8000,1,1,1,1,1,2,1,1,1,5
SF,IH2012,2020-08-03 09:31:25.800,3266.2000,15377,0,236059080.000,0,-,-,-,-,3266.2000,3265.4000,3265.2000,3264.6000,3264.0000,3268.0000,3268.2000,3268.4000,3270.0000,3270.6000,1,1,1,1,1,1,3,1,1,1
SF,IH2012,2020-08-03 09:31:26.300,3266.2000,15377,0,237038940.000,1,0,1,多换,S,3265.4000,3265.2000,3264.6000,3264.0000,3263.4000,3265.8000,3267.8000,3268.2000,3268.4000,3270.0000,1,1,1,1,2,1,1,1,1,1
SF,IH2012,2020-08-03 09:31:26.800,3265.6000,15372,-5,241937340.000,5,0,5,双平,S,3266.8000,3266.0000,3265.4000,3265.2000,3264.6000,3267.8000,3268.2000,3270.0000,3270.6000,3270.8000,1,2,1,1,1,1,1,1,1,5
SF,IH2012,2020-08-03 09:31:27.300,3266.0000,15370,-2,243897180.000,2,0,2,双平,S,3265.4000,3265.2000,3264.6000,3264.0000,3263.4000,3267.6000,3270.0000,3270.6000,3270.8000,3271.0000,1,1,1,1,2,2,1,1,5,2
SF,IH2012,2020-08-03 09:31:27.800,3265.4000,15369,-1,244876800.000,1,0,1,双平,S,3265.2000,3264.6000,3264.0000,3263.4000,3262.6000,3267.4000,3267.6000,3268.8000,3270.0000,3270.6000,1,1,1,2,1,2,1,1,1,1
SF,IH2012,2020-08-03 09:31:28.300,3265.4000,15369,0,244876800.000,0,-,-,-,-,3264.6000,3264.0000,3263.4000,3262.6000,3260.0000,3265.4000,3267.0000,3267.4000,3268.8000,3270.0000,1,1,2,1,1,1,1,2,1,1
SF,IH2012,2020-08-03 09:31:28.800,3265.4000,15368,-1,245856420.000,1,0,1,双平,S,3265.4000,3264.6000,3264.0000,3263.4000,3262.6000,3267.0000,3267.4000,3268.8000,3270.0000,3270.6000,1,1,1,3,1,1,2,1,1,1
SF,IH2012,2020-08-03 09:31:29.300,3265.4000,15368,0,245856420.000,0,-,-,-,-,3264.6000,3264.0000,3263.4000,3262.6000,3260.0000,3266.8000,3267.0000,3267.4000,3268.8000,3270.0000,1,1,3,1,1,3,1,1,1,1
SF,IH2012,2020-08-03 09:31:29.800,3264.6000,15367,-1,246835800.000,1,0,1,双平,S,3264.0000,3263.4000,3262.6000,3260.0000,3259.8000,3266.4000,3266.6000,3266.8000,3268.8000,3270.0000,1,1,1,1,1,1,1,2,1,1
SF,IH2012,2020-08-03 09:31:30.300,3264.6000,15367,0,246835800.000,0,-,-,-,-,3264.2000,3264.0000,3263.4000,3262.6000,3260.0000,3266.2000,3266.4000,3266.8000,3268.8000,3270.0000,1,2,1,1,1,2,1,1,1,1
SF,IH2012,2020-08-03 09:31:30.800,3265.8000,15367,0,250753200.000,4,2,2,多换,S,3263.4000,3262.6000,3260.0000,3259.8000,3259.0000,3266.0000,3266.2000,3266.8000,3268.8000,3270.0000,1,1,1,1,1,1,2,1,1,1
SF,IH2012,2020-08-03 09:31:31.300,3265.8000,15367,0,250753200.000,0,-,-,-,-,3263.4000,3262.6000,3260.0000,3259.8000,3259.0000,3265.8000,3266.0000,3266.2000,3266.8000,3268.8000,1,1,1,1,1,3,2,1,1,1
SF,IH2012,2020-08-03 09:31:31.800,3263.4000,15367,0,251732220.000,1,0,1,多换,S,3262.6000,3260.0000,3259.8000,3259.0000,3256.4000,3265.8000,3266.0000,3266.2000,3266.8000,3268.8000,1,1,1,1,1,2,2,1,1,1
SF,IH2012,2020-08-03 09:31:32.300,3265.6000,15367,0,252711900.000,1,0,1,多换,S,3262.6000,3260.0000,3259.8000,3259.0000,3256.4000,3265.6000,3265.8000,3266.0000,3266.2000,3266.8000,1,1,1,1,1,1,2,2,1,1
SF,IH2012,2020-08-03 09:31:32.800,3262.6000,15367,0,253690680.000,1,0,1,多换,S,3260.0000,3259.8000,3259.0000,3256.4000,3252.2000,3265.4000,3265.6000,3265.8000,3266.0000,3266.8000,1,1,1,1,2,1,2,1,2,1
SF,IH2012,2020-08-03 09:31:33.300,3262.6000,15367,0,253690680.000,0,-,-,-,-,3260.6000,3260.2000,3260.0000,3259.8000,3259.0000,3265.2000,3265.4000,3265.6000,3265.8000,3266.0000,1,6,1,1,1,3,2,1,1,2
SF,IH2012,2020-08-03 09:31:33.800,3262.6000,15367,0,253690680.000,0,-,-,-,-,3260.8000,3260.6000,3260.2000,3260.0000,3259.8000,3264.0000,3264.2000,3265.0000,3265.2000,3265.6000,1,1,5,1,1,1,1,3,2,1
SF,IH2012,2020-08-03 09:31:34.300,3262.6000,15367,0,253690680.000,0,-,-,-,-,3260.8000,3260.6000,3260.0000,3259.8000,3259.0000,3263.8000,3265.0000,3265.6000,3265.8000,3266.0000,1,1,1,1,1,2,2,1,1,2
SF,IH2012,2020-08-03 09:31:34.800,3262.6000,15367,0,253690680.000,0,-,-,-,-,3260.8000,3260.6000,3260.0000,3259.8000,3259.0000,3263.8000,3265.0000,3266.0000,3270.0000,3270.6000,1,1,1,1,1,3,2,2,1,1
SF,IH2012,2020-08-03 09:31:35.300,3262.6000,15367,0,253690680.000,0,-,-,-,-,3260.8000,3260.6000,3260.0000,3259.8000,3259.0000,3263.8000,3265.0000,3266.0000,3270.0000,3270.6000,1,1,1,1,1,2,2,2,1,1
SF,IH2012,2020-08-03 09:31:35.800,3263.8000,15367,0,254669820.000,1,0,1,多换,S,3261.0000,3260.8000,3260.6000,3260.0000,3259.8000,3263.8000,3265.0000,3266.0000,3270.0000,3270.6000,1,1,1,1,1,2,2,2,1,1
SF,IH2012,2020-08-03 09:31:36.300,3263.8000,15367,0,254669820.000,0,-,-,-,-,3261.6000,3261.2000,3261.0000,3260.6000,3260.0000,3263.8000,3265.0000,3266.0000,3270.0000,3270.6000,1,1,1,1,1,2,2,2,2,1
SF,IH2012,2020-08-03 09:31:36.800,3261.6000,15366,-1,255648300.000,1,0,1,双平,S,3261.8000,3261.2000,3260.6000,3260.0000,3259.8000,3263.8000,3265.0000,3266.0000,3270.0000,3270.6000,1,1,1,1,1,2,2,2,2,1
SF,IH2012,2020-08-03 09:31:37.300,3261.6000,15366,0,255648300.000,0,-,-,-,-,3261.8000,3261.2000,3260.6000,3260.0000,3259.8000,3263.6000,3263.8000,3265.0000,3266.0000,3270.0000,1,1,1,1,1,1,1,2,2,2
SF,IH2012,2020-08-03 09:31:37.800,3261.8000,15365,-1,256626840.000,1,0,1,双平,S,3261.2000,3260.6000,3260.0000,3259.8000,3259.0000,3261.8000,3263.4000,3263.6000,3265.0000,3266.0000,1,1,1,1,1,1,3,1,2,2
SF,IH2012,2020-08-03 09:31:38.300,3261.8000,15364,-1,257605380.000,1,0,1,双平,S,3261.2000,3260.6000,3260.0000,3259.8000,3259.0000,3263.4000,3266.0000,3270.0000,3270.6000,3270.8000,1,1,1,1,1,2,2,2,1,5
SF,IH2012,2020-08-03 09:31:38.800,3261.8000,15364,0,257605380.000,0,-,-,-,-,3260.6000,3260.0000,3259.8000,3259.0000,3256.4000,3263.2000,3263.4000,3263.8000,3266.0000,3270.0000,1,1,1,1,1,1,1,1,2,2
SF,IH2012,2020-08-03 09:31:39.300,3261.8000,15364,0,257605380.000,0,-,-,-,-,3260.8000,3260.6000,3260.0000,3259.8000,3259.0000,3263.0000,3263.2000,3263.8000,3265.4000,3266.0000,1,1,1,1,1,2,1,1,1,2
SF,IH2012,2020-08-03 09:31:39.800,3261.8000,15364,0,257605380.000,0,-,-,-,-,3260.0000,3259.8000,3259.0000,3256.4000,3252.2000,3262.8000,3263.0000,3263.8000,3265.4000,3266.0000,1,1,1,1,2,1,2,1,1,2
SF,IH2012,2020-08-03 09:31:40.300,3261.8000,15364,0,257605380.000,0,-,-,-,-,3260.6000,3260.2000,3260.0000,3259.8000,3259.0000,3262.6000,3262.8000,3263.0000,3263.8000,3265.4000,1,7,2,1,1,1,1,1,2,1
SF,IH2012,2020-08-03 09:31:40.800,3262.6000,15361,-3,260541600.000,3,0,3,双平,S,3261.4000,3260.8000,3260.2000,3260.0000,3259.8000,3262.4000,3263.8000,3265.4000,3266.0000,3270.0000,1,2,11,1,1,1,2,1,2,2
SF,IH2012,2020-08-03 09:31:41.300,3262.6000,15361,0,260541600.000,0,-,-,-,-,3262.6000,3261.4000,3260.8000,3260.2000,3260.0000,3263.8000,3265.4000,3266.0000,3270.0000,3270.6000,2,1,2,10,1,3,1,2,2,1
SF,IH2012,2020-08-03 09:31:41.800,3262.6000,15361,0,262499160.000,2,1,1,多换,S,3260.8000,3260.2000,3260.0000,3259.8000,3259.0000,3262.6000,3263.6000,3263.8000,3265.4000,3266.0000,2,6,1,1,1,1,5,3,1,2
SF,IH2012,2020-08-03 09:31:42.300,3262.6000,15361,0,262499160.000,0,-,-,-,-,3260.8000,3260.2000,3260.0000,3259.8000,3259.0000,3262.4000,3262.6000,3263.6000,3263.8000,3264.6000,2,1,1,1,1,2,1,3,3,1
SF,IH2012,2020-08-03 09:31:42.800,3262.6000,15361,0,262499160.000,0,-,-,-,-,3261.4000,3260.8000,3260.2000,3260.0000,3259.8000,3262.4000,3262.6000,3263.6000,3263.8000,3264.6000,1,2,1,1,1,2,1,3,3,1
SF,IH2012,2020-08-03 09:31:43.300,3262.4000,15360,-1,264456120.000,2,0,2,多平,S,3260.8000,3260.2000,3260.0000,3259.8000,3259.0000,3262.6000,3263.6000,3263.8000,3264.6000,3265.4000,1,1,1,1,1,1,3,3,1,1
SF,IH2012,2020-08-03 09:31:43.800,3262.4000,15360,0,266413560.000,2,1,1,多换,S,3260.8000,3260.2000,3260.0000,3259.8000,3259.0000,3262.4000,3262.6000,3263.6000,3263.8000,3264.6000,1,1,1,1,1,2,1,3,3,1
SF,IH2012,2020-08-03 09:31:44.300,3260.8000,15359,-1,267391800.000,1,0,1,双平,S,3260.2000,3260.0000,3259.8000,3259.0000,3256.4000,3262.4000,3262.6000,3263.6000,3263.8000,3264.6000,1,1,1,1,1,2,1,3,3,1
SF,IH2012,2020-08-03 09:31:44.800,3260.8000,15359,0,267391800.000,0,-,-,-,-,3260.0000,3259.8000,3259.0000,3256.4000,3252.2000,3262.2000,3262.4000,3262.6000,3263.6000,3263.8000,1,1,1,1,2,1,1,1,3,3
SF,IH2012,2020-08-03 09:31:45.300,3260.8000,15359,0,267391800.000,0,-,-,-,-,3260.0000,3259.8000,3259.0000,3256.4000,3252.2000,3262.0000,3262.2000,3262.6000,3263.6000,3263.8000,1,1,1,1,2,1,1,1,3,3
SF,IH2012,2020-08-03 09:31:45.800,3260.8000,15359,0,267391800.000,0,-,-,-,-,3260.2000,3260.0000,3259.8000,3259.0000,3256.4000,3261.8000,3262.0000,3262.6000,3263.6000,3263.8000,1,1,1,1,1,2,1,1,3,3
SF,IH2012,2020-08-03 09:31:46.300,3260.8000,15359,0,267391800.000,0,-,-,-,-,3260.0000,3259.8000,3259.0000,3256.4000,3252.2000,3261.6000,3261.8000,3262.6000,3263.6000,3263.8000,1,1,1,1,2,1,2,1,3,3
SF,IH2012,2020-08-03 09:31:46.800,3260.8000,15359,0,267391800.000,0,-,-,-,-,3260.0000,3259.8000,3259.0000,3256.4000,3252.2000,3261.4000,3261.6000,3261.8000,3262.6000,3263.6000,1,1,1,1,2,1,1,1,1,3
SF,IH2012,2020-08-03 09:31:47.300,3260.8000,15359,0,267391800.000,0,-,-,-,-,3260.0000,3259.8000,3259.0000,3256.4000,3252.2000,3261.2000,3261.8000,3262.6000,3263.6000,3263.8000,1,1,1,1,2,2,1,1,3,3
SF,IH2012,2020-08-03 09:31:47.800,3260.0000,15359,0,268369800.000,1,0,1,多换,S,3259.8000,3259.0000,3256.4000,3252.2000,3250.6000,3261.0000,3261.2000,3261.8000,3262.6000,3263.6000,1,1,1,2,1,1,3,1,1,3
SF,IH2012,2020-08-03 09:31:48.300,3259.8000,15359,0,269347740.000,1,0,1,多换,S,3259.0000,3256.4000,3252.2000,3250.6000,3250.0000,3259.8000,3260.0000,3260.8000,3261.0000,3261.2000,1,1,2,1,2,2,2,1,1,1
SF,IH2012,2020-08-03 09:31:48.800,3261.2000,15357,-2,276194580.000,7,2,5,多平,S,3261.4000,3259.0000,3256.4000,3252.2000,3250.6000,3261.8000,3263.6000,3263.8000,3265.4000,3266.0000,2,1,1,2,1,1,1,3,1,1
SF,IH2012,2020-08-03 09:31:49.300,3261.4000,15357,0,278151360.000,2,1,1,多换,S,3259.0000,3256.4000,3252.2000,3250.6000,3250.0000,3261.4000,3261.6000,3263.6000,3263.8000,3265.4000,1,1,2,1,2,7,3,1,3,1
SF,IH2012,2020-08-03 09:31:49.800,3261.4000,15357,0,278151360.000,0,-,-,-,-,3259.2000,3259.0000,3256.4000,3252.2000,3250.6000,3261.2000,3261.4000,3263.6000,3263.8000,3265.4000,1,1,1,2,1,2,4,1,2,1
SF,IH2012,2020-08-03 09:31:50.300,3261.4000,15357,0,278151360.000,0,-,-,-,-,3259.2000,3259.0000,3256.4000,3252.2000,3250.6000,3261.0000,3261.2000,3261.4000,3263.6000,3263.8000,1,1,1,2,1,1,2,3,1,1
SF,IH2012,2020-08-03 09:31:50.800,3261.4000,15357,0,278151360.000,0,-,-,-,-,3259.0000,3256.4000,3252.2000,3250.6000,3250.0000,3260.8000,3261.2000,3261.4000,3263.6000,3263.8000,1,1,2,1,2,4,1,3,1,1
SF,IH2012,2020-08-03 09:31:51.300,3259.0000,15357,0,279129060.000,1,0,1,多换,S,3256.4000,3252.2000,3250.6000,3250.0000,3241.0000,3259.0000,3260.8000,3261.2000,3261.4000,3263.6000,1,2,1,2,1,1,3,1,2,1
SF,IH2012,2020-08-03 09:31:51.800,3258.8000,15356,-1,281083740.000,2,0,2,多平,S,3256.6000,3256.4000,3252.2000,3250.6000,3250.0000,3258.8000,3259.0000,3260.8000,3261.4000,3263.8000,1,1,2,1,2,2,3,2,1,1
SF,IH2012,2020-08-03 09:31:52.300,3258.8000,15356,0,281083740.000,0,-,-,-,-,3256.6000,3256.4000,3252.2000,3250.6000,3250.0000,3258.6000,3258.8000,3259.0000,3260.8000,3261.4000,1,1,2,1,2,1,2,3,2,1
SF,IH2012,2020-08-03 09:31:52.800,3258.8000,15353,-3,284016600.000,3,0,3,双平,S,3256.8000,3256.6000,3256.4000,3252.2000,3250.6000,3259.0000,3260.8000,3261.4000,3263.8000,3265.4000,1,1,1,2,1,3,2,1,1,1
SF,IH2012,2020-08-03 09:31:53.300,3257.0000,15352,-1,284993700.000,1,0,1,双平,S,3257.0000,3256.8000,3256.4000,3252.2000,3250.6000,3259.0000,3260.8000,3261.4000,3263.8000,3265.4000,1,1,1,2,1,1,1,1,1,1
SF,IH2012,2020-08-03 09:31:53.800,3257.0000,15352,0,284993700.000,0,-,-,-,-,3257.2000,3257.0000,3256.4000,3252.2000,3250.6000,3258.8000,3259.0000,3260.8000,3261.4000,3263.8000,1,1,1,2,1,1,1,1,1,1
SF,IH2012,2020-08-03 09:31:54.300,3256.4000,15349,-3,287924820.000,3,0,3,双平,S,3252.2000,3250.6000,3250.0000,3241.0000,3240.2000,3258.8000,3259.0000,3260.8000,3261.4000,3263.8000,2,1,2,1,1,1,1,1,1,1
SF,IH2012,2020-08-03 09:31:54.800,3256.4000,15349,0,287924820.000,0,-,-,-,-,3255.0000,3254.8000,3253.8000,3253.0000,3252.6000,3257.2000,3258.6000,3258.8000,3259.0000,3260.8000,2,1,1,1,11,1,1,1,1,1
SF,IH2012,2020-08-03 09:31:55.300,3257.2000,15348,-1,288901980.000,1,0,1,双平,S,3255.6000,3255.4000,3255.2000,3255.0000,3253.8000,3258.8000,3259.0000,3260.8000,3261.4000,3263.8000,1,7,3,2,1,1,1,1,1,1
SF,IH2012,2020-08-03 09:31:55.800,3257.2000,15348,0,288901980.000,0,-,-,-,-,3256.0000,3255.8000,3255.6000,3255.0000,3253.8000,3258.8000,3259.0000,3260.8000,3261.4000,3263.8000,3,2,1,2,1,1,1,1,1,1
SF,IH2012,2020-08-03 09:31:56.300,3257.2000,15348,0,288901980.000,0,-,-,-,-,3256.2000,3256.0000,3255.6000,3255.4000,3255.0000,3258.8000,3259.0000,3260.8000,3261.4000,3263.8000,2,3,1,1,2,1,1,1,1,1
SF,IH2012,2020-08-03 09:31:56.800,3257.2000,15348,0,288901980.000,0,-,-,-,-,3256.2000,3256.0000,3255.0000,3253.8000,3252.6000,3258.6000,3258.8000,3259.0000,3260.8000,3261.4000,2,1,2,1,1,1,1,1,1,1
SF,IH2012,2020-08-03 09:31:57.300,3257.2000,15348,0,288901980.000,0,-,-,-,-,3256.2000,3256.0000,3253.8000,3252.6000,3252.2000,3258.4000,3258.6000,3259.0000,3260.8000,3261.4000,1,1,1,1,4,2,1,1,1,1
SF,IH2012,2020-08-03 09:31:57.800,3257.2000,15348,0,288901980.000,0,-,-,-,-,3256.4000,3256.0000,3253.8000,3252.6000,3252.2000,3258.2000,3258.4000,3259.0000,3260.8000,3261.4000,1,1,1,1,4,1,2,1,1,1
SF,IH2012,2020-08-03 09:31:58.300,3257.2000,15348,0,288901980.000,0,-,-,-,-,3256.0000,3253.8000,3252.6000,3252.2000,3250.6000,3258.0000,3258.2000,3258.4000,3259.0000,3260.8000,1,1,1,4,1,2,1,1,1,1
SF,IH2012,2020-08-03 09:31:58.800,3257.2000,15348,0,288901980.000,0,-,-,-,-,3256.6000,3256.0000,3253.8000,3252.6000,3252.2000,3257.8000,3258.0000,3258.4000,3259.0000,3260.8000,1,1,1,1,4,1,2,1,1,1
SF,IH2012,2020-08-03 09:31:59.300,3257.6000,15347,-1,289879260.000,1,0,1,双平,S,3256.0000,3253.8000,3252.6000,3252.2000,3250.6000,3256.2000,3257.6000,3258.0000,3258.4000,3259.0000,1,1,1,4,1,1,1,1,1,1
SF,IH2012,2020-08-03 09:31:59.800,3257.6000,15345,-2,291833400.000,2,0,2,双平,S,3256.2000,3256.0000,3253.8000,3252.2000,3250.6000,3258.0000,3259.2000,3260.8000,3261.4000,3263.8000,1,1,1,4,1,1,2,1,1,1
SF,IH2012,2020-08-03 09:32:00.300,3258.0000,15344,-1,292810800.000,1,0,1,双平,S,3257.8000,3256.4000,3256.0000,3253.8000,3252.2000,3259.2000,3260.8000,3261.4000,3263.8000,3265.4000,1,1,1,1,4,2,1,1,1,1
SF,IH2012,2020-08-03 09:32:00.800,3257.8000,15344,0,293788140.000,1,0,1,多换,S,3256.0000,3253.8000,3252.2000,3250.6000,3250.0000,3259.0000,3259.2000,3260.8000,3261.4000,3263.8000,1,1,4,1,2,2,2,1,1,1
SF,IH2012,2020-08-03 09:32:01.300,3257.8000,15344,0,293788140.000,0,-,-,-,-,3256.2000,3256.0000,3253.8000,3252.2000,3250.6000,3258.8000,3259.0000,3259.2000,3260.8000,3261.4000,1,1,1,4,1,1,2,2,1,1
SF,IH2012,2020-08-03 09:32:01.800,3257.8000,15344,0,293788140.000,0,-,-,-,-,3256.2000,3256.0000,3253.8000,3252.2000,3250.6000,3258.6000,3258.8000,3259.2000,3260.8000,3261.4000,1,1,1,4,1,1,1,2,1,1
SF,IH2012,2020-08-03 09:32:02.300,3257.8000,15344,0,293788140.000,0,-,-,-,-,3256.2000,3256.0000,3253.8000,3252.2000,3250.6000,3257.6000,3258.4000,3258.6000,3259.2000,3260.8000,1,1,1,4,1,1,1,1,2,1
SF,IH2012,2020-08-03 09:32:02.800,3257.6000,15344,0,294765420.000,1,0,1,多换,S,3256.2000,3256.0000,3253.8000,3252.2000,3250.6000,3258.4000,3258.6000,3259.2000,3260.8000,3261.4000,1,2,1,4,1,1,1,2,1,1
SF,IH2012,2020-08-03 09:32:03.300,3257.6000,15344,0,294765420.000,0,-,-,-,-,3256.2000,3256.0000,3253.8000,3252.2000,3250.6000,3258.2000,3258.4000,3259.2000,3260.8000,3261.4000,1,1,1,4,1,2,1,2,1,1
SF,IH2012,2020-08-03 09:32:03.800,3258.0000,15344,0,297697620.000,3,1,2,多换,S,3258.0000,3256.4000,3256.2000,3256.0000,3253.8000,3258.2000,3259.2000,3260.8000,3261.4000,3263.8000,2,1,1,1,1,2,2,1,1,1
SF,IH2012,2020-08-03 09:32:04.300,3256.4000,15343,-1,300629340.000,3,1,2,多平,S,3256.0000,3253.8000,3252.2000,3250.6000,3250.0000,3258.0000,3258.2000,3259.2000,3260.8000,3261.4000,1,1,4,1,2,4,1,2,1,1
SF,IH2012,2020-08-03 09:32:04.800,3256.4000,15343,0,300629340.000,0,-,-,-,-,3256.0000,3253.8000,3252.2000,3250.6000,3250.0000,3257.8000,3258.0000,3258.2000,3259.2000,3260.8000,1,1,4,1,2,3,3,1,2,1
SF,IH2012,2020-08-03 09:32:05.300,3256.4000,15343,0,300629340.000,0,-,-,-,-,3256.0000,3253.8000,3252.2000,3250.6000,3250.0000,3257.8000,3258.0000,3258.2000,3259.2000,3260.8000,1,1,3,1,2,2,2,1,2,1
SF,IH2012,2020-08-03 09:32:05.800,3256.4000,15343,0,300629340.000,0,-,-,-,-,3256.0000,3253.8000,3252.2000,3250.6000,3250.0000,3257.4000,3257.6000,3257.8000,3258.0000,3258.2000,1,1,3,1,2,1,1,2,1,1
SF,IH2012,2020-08-03 09:32:06.300,3256.0000,15342,-1,301606140.000,1,0,1,双平,S,3252.2000,3250.6000,3250.0000,3241.0000,3240.2000,3256.0000,3257.2000,3257.4000,3257.6000,3257.8000,3,1,2,1,1,1,1,1,1,1
SF,IH2012,2020-08-03 09:32:06.800,3256.0000,15340,-2,303559740.000,2,0,2,双平,S,3253.8000,3253.0000,3252.8000,3252.6000,3252.4000,3257.6000,3258.0000,3259.2000,3261.4000,3263.8000,1,1,1,3,3,1,1,2,1,1
SF,IH2012,2020-08-03 09:32:07.300,3256.0000,15340,0,303559740.000,0,-,-,-,-,3254.2000,3254.0000,3253.8000,3252.2000,3250.6000,3257.6000,3257.8000,3258.0000,3259.2000,3261.4000,1,10,2,3,1,1,1,1,2,1
SF,IH2012,2020-08-03 09:32:07.800,3257.6000,15339,-1,304537020.000,1,0,1,双平,S,3255.0000,3254.8000,3254.6000,3254.4000,3254.0000,3257.8000,3258.0000,3259.2000,3261.4000,3263.8000,6,1,7,4,1,1,1,2,1,1
SF,IH2012,2020-08-03 09:32:08.300,3258.0000,15337,-2,306491760.000,2,0,2,双平,S,3255.4000,3255.2000,3255.0000,3254.8000,3254.6000,3259.2000,3261.4000,3263.8000,3265.4000,3268.0000,3,8,2,1,5,2,1,1,1,1
SF,IH2012,2020-08-03 09:32:08.800,3258.0000,15337,0,306491760.000,0,-,-,-,-,3255.8000,3255.6000,3255.4000,3255.2000,3255.0000,3259.2000,3261.4000,3263.8000,3265.4000,3268.0000,3,3,3,5,2,2,1,1,1,1
SF,IH2012,2020-08-03 09:32:09.300,3258.0000,15337,0,306491760.000,0,-,-,-,-,3256.2000,3256.0000,3255.8000,3255.4000,3255.2000,3258.0000,3259.2000,3263.8000,3265.4000,3268.0000,8,5,2,1,4,5,2,1,1,1
SF,IH2012,2020-08-03 09:32:09.800,3258.0000,15331,-6,312356160.000,6,0,6,双平,S,3258.0000,3257.4000,3257.2000,3256.6000,3256.4000,3259.2000,3261.2000,3263.8000,3265.4000,3268.0000,1,1,1,1,1,2,1,1,1,1
SF,IH2012,2020-08-03 09:32:10.300,3258.0000,15331,0,312356160.000,0,-,-,-,-,3258.2000,3257.2000,3257.0000,3256.4000,3256.2000,3259.0000,3259.2000,3261.2000,3263.8000,3265.4000,2,1,1,1,1,1,2,1,1,1
SF,IH2012,2020-08-03 09:32:10.800,3258.0000,15330,-1,313333560.000,1,0,1,双平,S,3257.0000,3256.4000,3256.2000,3256.0000,3255.8000,3259.0000,3259.2000,3263.8000,3265.4000,3268.0000,1,1,1,1,5,1,2,1,1,1
SF,IH2012,2020-08-03 09:32:11.300,3258.0000,15330,0,313333560.000,0,-,-,-,-,3257.4000,3257.2000,3256.4000,3255.8000,3255.2000,3259.0000,3259.2000,3263.8000,3265.4000,3268.0000,2,3,1,5,1,1,2,1,1,1
SF,IH2012,2020-08-03 09:32:11.800,3258.0000,15330,0,313333560.000,0,-,-,-,-,3257.6000,3257.4000,3257.2000,3256.4000,3255.8000,3259.0000,3259.2000,3263.8000,3265.4000,3268.0000,1,2,1,1,5,1,2,1,1,1
SF,IH2012,2020-08-03 09:32:12.300,3258.0000,15330,0,313333560.000,0,-,-,-,-,3258.0000,3257.6000,3257.4000,3257.2000,3256.4000,3259.0000,3259.2000,3263.8000,3265.4000,3268.0000,1,1,1,1,1,1,2,1,1,1
SF,IH2012,2020-08-03 09:32:12.800,3258.0000,15330,0,313333560.000,0,-,-,-,-,3258.2000,3258.0000,3257.4000,3257.2000,3256.4000,3259.0000,3259.2000,3263.8000,3265.4000,3268.0000,1,1,1,1,1,1,2,1,1,1
SF,IH2012,2020-08-03 09:32:13.300,3258.0000,15330,0,313333560.000,0,-,-,-,-,3258.4000,3258.2000,3258.0000,3257.4000,3257.2000,3259.0000,3259.2000,3263.8000,3265.4000,3268.0000,1,1,1,1,1,1,2,1,1,1
SF,IH2012,2020-08-03 09:32:13.800,3258.6000,15327,-3,316266360.000,3,0,3,双平,S,3258.4000,3258.0000,3257.4000,3257.2000,3256.4000,3259.2000,3263.8000,3265.4000,3268.0000,3269.0000,1,1,1,1,1,2,1,1,1,1
SF,IH2012,2020-08-03 09:32:14.300,3258.6000,15325,-2,319199460.000,3,0,3,多平,S,3258.6000,3258.4000,3258.0000,3257.2000,3256.4000,3263.8000,3265.4000,3268.0000,3269.0000,3270.0000,1,1,1,1,1,1,1,1,1,2
SF,IH2012,2020-08-03 09:32:14.800,3258.6000,15325,0,319199460.000,0,-,-,-,-,3259.0000,3258.8000,3258.6000,3258.0000,3256.4000,3261.6000,3262.6000,3263.4000,3263.6000,3263.8000,2,2,1,1,1,1,1,1,3,1
SF,IH2012,2020-08-03 09:32:15.300,3258.6000,15325,0,319199460.000,0,-,-,-,-,3259.2000,3259.0000,3258.6000,3258.0000,3256.4000,3261.4000,3261.6000,3262.6000,3263.6000,3263.8000,3,1,1,1,1,1,1,1,2,1
SF,IH2012,2020-08-03 09:32:15.800,3261.4000,15324,-1,320177880.000,1,0,1,双平,S,3259.6000,3259.4000,3259.2000,3258.0000,3256.4000,3263.6000,3263.8000,3265.4000,3268.0000,3269.0000,1,1,3,1,1,1,1,1,1,1
SF,IH2012,2020-08-03 09:32:16.300,3261.4000,15324,0,320177880.000,0,-,-,-,-,3260.0000,3259.8000,3259.6000,3258.0000,3256.4000,3263.4000,3263.6000,3263.8000,3265.4000,3268.0000,6,3,1,1,1,1,1,1,1,1
SF,IH2012,2020-08-03 09:32:16.800,3261.4000,15324,0,320177880.000,0,-,-,-,-,3260.4000,3260.2000,3260.0000,3258.0000,3256.4000,3262.6000,3263.8000,3265.4000,3268.0000,3269.0000,2,2,7,1,1,1,1,1,1,1
SF,IH2012,2020-08-03 09:32:17.300,3262.6000,15323,-1,321156660.000,1,0,1,双平,S,3261.6000,3260.8000,3260.6000,3260.4000,3260.2000,3263.8000,3265.4000,3268.0000,3269.0000,3270.0000,1,2,2,1,1,1,1,1,1,2
SF,IH2012,2020-08-03 09:32:17.800,3261.8000,15320,-3,326049480.000,5,1,4,多平,S,3261.8000,3261.6000,3258.0000,3256.4000,3255.8000,3263.6000,3263.8000,3265.4000,3268.0000,3269.0000,2,1,1,1,5,1,1,1,1,1
SF,IH2012,2020-08-03 09:32:18.800,3263.6000,15320,0,327028560.000,1,0,1,多换,S,3261.8000,3261.6000,3258.0000,3256.4000,3255.8000,3263.8000,3265.4000,3268.0000,3269.0000,3270.0000,2,1,1,1,5,1,1,1,1,2
SF,IH2012,2020-08-03 09:32:19.800,3263.6000,15320,0,327028560.000,0,-,-,-,-,3263.6000,3261.8000,3261.6000,3258.0000,3255.8000,3263.8000,3265.4000,3268.0000,3269.0000,3270.0000,1,2,1,1,5,1,1,1,1,2
SF,IH2012,2020-08-03 09:32:20.300,3263.8000,15319,-1,328986780.000,2,0,2,多平,S,3261.8000,3261.6000,3258.0000,3255.8000,3255.2000,3265.4000,3268.0000,3269.0000,3270.0000,3270.6000,2,1,1,5,1,1,1,1,2,1
SF,IH2012,2020-08-03 09:32:20.800,3263.8000,15319,0,328986780.000,0,-,-,-,-,3261.8000,3261.6000,3258.0000,3255.8000,3255.2000,3265.2000,3265.4000,3268.0000,3269.0000,3270.0000,2,1,1,5,1,1,1,1,1,2
SF,IH2012,2020-08-03 09:32:21.300,3263.8000,15319,0,328986780.000,0,-,-,-,-,3262.2000,3261.8000,3261.6000,3258.0000,3255.8000,3265.4000,3268.0000,3269.0000,3270.0000,3270.6000,7,2,1,1,5,1,1,1,2,1
SF,IH2012,2020-08-03 09:32:21.800,3263.8000,15319,0,328986780.000,0,-,-,-,-,3262.4000,3262.2000,3261.6000,3258.0000,3255.8000,3265.4000,3268.0000,3269.0000,3270.0000,3270.6000,2,7,2,1,5,1,1,1,2,1
SF,IH2012,2020-08-03 09:32:22.300,3265.4000,15319,0,329966400.000,1,0,1,多换,S,3262.8000,3262.4000,3261.6000,3258.0000,3255.8000,3263.8000,3268.0000,3269.0000,3270.0000,3270.6000,6,2,2,1,5,5,1,1,2,1
SF,IH2012,2020-08-03 09:32:22.800,3263.8000,15314,-5,334862100.000,5,0,5,双平,S,3263.4000,3263.2000,3262.8000,3261.6000,3258.0000,3268.0000,3269.0000,3270.0000,3270.6000,3270.8000,2,1,6,1,1,1,1,2,1,4
SF,IH2012,2020-08-03 09:32:23.300,3263.8000,15314,0,334862100.000,0,-,-,-,-,3263.6000,3263.4000,3262.8000,3261.6000,3258.0000,3267.8000,3268.0000,3269.0000,3270.0000,3270.6000,2,3,1,1,1,3,2,1,2,1
SF,IH2012,2020-08-03 09:32:23.800,3263.8000,15314,0,334862100.000,0,-,-,-,-,3264.2000,3263.6000,3261.6000,3258.0000,3255.8000,3267.6000,3267.8000,3268.0000,3269.0000,3270.0000,3,2,1,1,5,3,3,2,1,2
SF,IH2012,2020-08-03 09:32:24.300,3264.2000,15313,-1,336820620.000,2,0,2,多平,S,3261.6000,3258.0000,3255.8000,3255.2000,3253.0000,3267.2000,3267.4000,3267.6000,3267.8000,3268.0000,1,1,5,1,1,1,4,2,1,2
SF,IH2012,2020-08-03 09:32:24.800,3264.2000,15313,0,336820620.000,0,-,-,-,-,3262.8000,3262.4000,3262.0000,3261.8000,3261.6000,3266.8000,3267.0000,3267.4000,3267.6000,3267.8000,1,2,1,8,1,3,3,1,2,1
SF,IH2012,2020-08-03 09:32:25.300,3264.2000,15313,0,336820620.000,0,-,-,-,-,3263.0000,3262.8000,3262.4000,3262.0000,3261.8000,3266.6000,3266.8000,3267.0000,3267.8000,3268.0000,2,1,2,1,6,1,1,1,1,1
SF,IH2012,2020-08-03 09:32:25.800,3264.2000,15313,0,336820620.000,0,-,-,-,-,3263.0000,3262.0000,3261.8000,3261.6000,3258.0000,3266.6000,3267.8000,3268.2000,3269.0000,3270.0000,2,1,5,1,1,1,1,1,1,2
SF,IH2012,2020-08-03 09:32:26.300,3264.2000,15313,0,336820620.000,0,-,-,-,-,3263.0000,3262.0000,3261.8000,3261.6000,3258.0000,3266.0000,3266.6000,3267.8000,3268.2000,3269.0000,2,1,5,1,1,2,1,1,1,1
SF,IH2012,2020-08-03 09:32:26.800,3264.2000,15313,0,336820620.000,0,-,-,-,-,3264.0000,3263.4000,3263.2000,3263.0000,3262.8000,3267.8000,3269.0000,3270.0000,3270.6000,3270.8000,1,8,2,2,1,1,1,2,1,4
SF,IH2012,2020-08-03 09:32:27.300,3264.2000,15313,0,336820620.000,0,-,-,-,-,3264.2000,3262.8000,3261.6000,3258.0000,3255.8000,3267.4000,3267.6000,3267.8000,3269.0000,3270.0000,1,1,1,1,5,1,3,1,1,2
SF,IH2012,2020-08-03 09:32:27.800,3264.2000,15313,0,336820620.000,0,-,-,-,-,3264.2000,3261.6000,3255.8000,3255.2000,3253.0000,3266.4000,3267.2000,3267.4000,3267.8000,3269.0000,1,1,5,1,1,1,2,1,1,1
SF,IH2012,2020-08-03 09:32:28.300,3264.2000,15313,0,336820620.000,0,-,-,-,-,3261.6000,3255.8000,3255.2000,3253.0000,3252.2000,3266.2000,3266.4000,3267.4000,3267.8000,3268.2000,1,5,1,1,2,2,1,1,1,1
SF,IH2012,2020-08-03 09:32:28.800,3264.2000,15313,0,336820620.000,0,-,-,-,-,3261.8000,3261.6000,3255.8000,3255.2000,3253.0000,3265.8000,3266.0000,3266.2000,3266.4000,3267.8000,3,1,5,1,1,1,2,2,1,1
SF,IH2012,2020-08-03 09:32:29.300,3264.2000,15313,0,336820620.000,0,-,-,-,-,3264.2000,3261.8000,3261.6000,3255.8000,3255.2000,3265.6000,3265.8000,3266.0000,3267.8000,3268.2000,1,3,1,5,1,2,1,1,1,1
SF,IH2012,2020-08-03 09:32:29.800,3264.2000,15313,0,336820620.000,0,-,-,-,-,3261.8000,3261.6000,3255.8000,3255.2000,3253.0000,3265.4000,3265.6000,3266.0000,3267.8000,3268.2000,2,1,5,1,1,2,1,1,1,1
SF,IH2012,2020-08-03 09:32:30.300,3265.2000,15313,0,338779740.000,2,1,1,多换,S,3264.0000,3262.0000,3261.8000,3261.6000,3255.8000,3265.4000,3266.0000,3267.4000,3267.8000,3268.2000,1,1,2,1,5,2,1,1,1,1
SF,IH2012,2020-08-03 09:32:30.800,3265.2000,15313,0,338779740.000,0,-,-,-,-,3262.0000,3261.8000,3261.6000,3255.8000,3255.2000,3265.2000,3265.4000,3266.0000,3267.4000,3267.8000,1,1,1,5,1,1,1,1,1,1
SF,IH2012,2020-08-03 09:32:31.300,3265.2000,15313,0,341718420.000,3,1,2,多换,S,3262.4000,3262.2000,3262.0000,3261.6000,3255.8000,3265.4000,3266.0000,3267.4000,3267.8000,3268.2000,1,1,1,1,5,1,1,1,1,1
SF,IH2012,2020-08-03 09:32:31.800,3265.2000,15313,0,341718420.000,0,-,-,-,-,3262.6000,3262.4000,3261.6000,3255.8000,3255.2000,3265.0000,3265.2000,3265.4000,3266.0000,3267.4000,2,1,1,5,1,1,2,1,1,1
SF,IH2012,2020-08-03 09:32:32.300,3262.6000,15312,-1,342697200.000,1,0,1,双平,S,3261.6000,3255.8000,3255.2000,3253.0000,3252.2000,3263.6000,3264.6000,3264.8000,3265.2000,3265.4000,1,5,1,1,2,2,2,6,1,1
SF,IH2012,2020-08-03 09:32:32.800,3262.6000,15312,0,342697200.000,0,-,-,-,-,3261.8000,3261.6000,3255.8000,3255.2000,3253.0000,3263.4000,3264.6000,3264.8000,3265.4000,3266.0000,1,1,5,1,1,2,1,2,1,2
SF,IH2012,2020-08-03 09:32:33.300,3262.6000,15312,0,342697200.000,0,-,-,-,-,3261.8000,3261.6000,3255.8000,3255.2000,3253.0000,3263.4000,3264.6000,3264.8000,3265.4000,3266.0000,1,1,5,1,1,1,1,2,1,2
SF,IH2012,2020-08-03 09:32:33.800,3264.8000,15314,2,346614480.000,4,3,1,空开,S,3265.0000,3261.8000,3261.6000,3255.8000,3255.2000,3265.4000,3266.0000,3267.4000,3267.8000,3269.0000,1,1,1,5,1,1,2,1,1,1
SF,IH2012,2020-08-03 09:32:34.300,3264.8000,15315,1,347593920.000,1,1,0,双开,S,3261.6000,3255.8000,3255.2000,3253.0000,3252.2000,3264.6000,3264.8000,3265.0000,3265.2000,3265.4000,1,5,1,1,2,2,1,7,6,1
SF,IH2012,2020-08-03 09:32:34.800,3261.6000,15313,-2,350529480.000,3,0,3,多平,S,3255.8000,3255.2000,3253.0000,3252.2000,3251.2000,3261.8000,3264.2000,3264.4000,3265.0000,3265.2000,5,1,1,2,2,1,1,2,3,3
SF,IH2012,2020-08-03 09:32:35.300,3261.6000,15313,0,350529480.000,0,-,-,-,-,3257.8000,3257.6000,3257.2000,3256.8000,3256.2000,3261.6000,3261.8000,3264.2000,3264.4000,3264.8000,1,1,1,3,10,1,3,1,1,2
SF,IH2012,2020-08-03 09:32:35.800,3261.6000,15313,0,350529480.000,0,-,-,-,-,3258.2000,3258.0000,3257.8000,3257.6000,3257.2000,3261.6000,3261.8000,3264.2000,3264.4000,3264.8000,4,2,1,1,1,1,3,1,1,2
SF,IH2012,2020-08-03 09:32:36.300,3261.6000,15313,0,350529480.000,0,-,-,-,-,3258.4000,3258.2000,3257.6000,3256.8000,3256.2000,3261.4000,3261.6000,3261.8000,3264.2000,3264.8000,2,3,1,2,6,1,1,3,1,2
SF,IH2012,2020-08-03 09:32:36.800,3261.6000,15312,-1,351507960.000,1,0,1,双平,S,3258.8000,3258.6000,3258.4000,3256.8000,3256.2000,3261.8000,3264.2000,3264.8000,3265.0000,3265.2000,2,1,2,2,6,3,1,2,1,2
SF,IH2012,2020-08-03 09:32:37.300,3261.6000,15312,0,351507960.000,0,-,-,-,-,3259.0000,3258.8000,3258.4000,3256.8000,3256.2000,3261.4000,3261.6000,3261.8000,3264.8000,3265.0000,2,2,1,2,6,1,2,3,2,1
SF,IH2012,2020-08-03 09:32:37.800,3261.6000,15312,0,351507960.000,0,-,-,-,-,3259.0000,3258.4000,3256.8000,3256.2000,3255.8000,3261.2000,3261.4000,3261.8000,3264.8000,3265.0000,2,1,2,6,5,1,1,3,2,1
SF,IH2012,2020-08-03 09:32:38.300,3261.4000,15312,0,352486380.000,1,0,1,多换,S,3259.0000,3258.4000,3256.2000,3255.8000,3255.2000,3261.2000,3261.8000,3264.8000,3265.0000,3265.2000,2,1,6,5,1,1,3,2,1,1
SF,IH2012,2020-08-03 09:32:38.800,3261.4000,15312,0,352486380.000,0,-,-,-,-,3259.0000,3258.4000,3256.2000,3255.8000,3255.2000,3261.0000,3261.2000,3261.8000,3264.8000,3265.0000,2,1,1,5,1,1,1,3,2,1
SF,IH2012,2020-08-03 09:32:39.300,3261.4000,15312,0,352486380.000,0,-,-,-,-,3259.0000,3258.4000,3256.2000,3255.8000,3255.2000,3261.2000,3261.8000,3264.8000,3265.0000,3265.2000,2,1,1,5,1,1,4,2,1,1
SF,IH2012,2020-08-03 09:32:39.800,3261.4000,15312,0,352486380.000,0,-,-,-,-,3259.4000,3259.0000,3258.4000,3256.2000,3255.8000,3261.8000,3264.8000,3265.0000,3265.2000,3265.4000,1,2,1,1,5,4,2,1,1,1
SF,IH2012,2020-08-03 09:32:40.300,3261.4000,15312,0,352486380.000,0,-,-,-,-,3259.6000,3258.4000,3256.2000,3255.8000,3255.2000,3261.6000,3261.8000,3264.8000,3265.0000,3265.2000,2,1,1,5,1,4,4,2,1,1
SF,IH2012,2020-08-03 09:32:40.800,3261.8000,15312,0,356400540.000,4,2,2,多换,S,3262.0000,3261.6000,3259.8000,3259.6000,3258.4000,3264.8000,3265.0000,3265.2000,3265.4000,3266.0000,1,1,1,2,1,2,1,1,1,1
SF,IH2012,2020-08-03 09:32:41.300,3262.0000,15310,-2,359336340.000,3,0,3,多平,S,3258.4000,3256.2000,3255.8000,3255.2000,3253.0000,3262.0000,3262.4000,3263.4000,3264.0000,3264.2000,1,1,5,1,1,2,1,2,1,1
SF,IH2012,2020-08-03 09:32:41.800,3262.0000,15309,-1,360314940.000,1,0,1,双平,S,3259.2000,3259.0000,3258.8000,3258.6000,3258.4000,3262.4000,3264.0000,3264.2000,3264.8000,3265.4000,3,1,10,2,1,1,1,1,2,1
SF,IH2012,2020-08-03 09:32:42.300,3262.4000,15308,-1,361293660.000,1,0,1,双平,S,3259.6000,3259.4000,3258.4000,3256.2000,3255.8000,3264.0000,3264.2000,3264.8000,3265.4000,3267.4000,3,2,1,1,5,1,1,2,1,1
SF,IH2012,2020-08-03 09:32:42.800,3262.4000,15308,0,361293660.000,0,-,-,-,-,3259.8000,3259.6000,3258.4000,3256.2000,3255.8000,3263.8000,3264.0000,3264.2000,3264.8000,3265.2000,4,4,1,1,5,2,1,1,2,1
SF,IH2012,2020-08-03 09:32:43.300,3262.4000,15308,0,361293660.000,0,-,-,-,-,3260.2000,3260.0000,3259.8000,3259.6000,3258.4000,3263.8000,3264.8000,3265.2000,3267.4000,3269.0000,2,1,5,1,1,2,2,1,1,2
SF,IH2012,2020-08-03 09:32:43.800,3262.4000,15308,0,361293660.000,0,-,-,-,-,3260.4000,3260.2000,3259.8000,3258.4000,3256.2000,3263.8000,3264.8000,3265.2000,3267.4000,3269.0000,3,2,1,1,1,1,2,1,1,2
SF,IH2012,2020-08-03 09:32:44.300,3262.4000,15308,0,361293660.000,0,-,-,-,-,3260.6000,3260.4000,3259.8000,3258.4000,3256.2000,3263.6000,3263.8000,3264.8000,3265.2000,3267.4000,2,2,1,1,1,1,1,2,1,1
SF,IH2012,2020-08-03 09:32:44.800,3262.4000,15308,0,361293660.000,0,-,-,-,-,3260.8000,3258.4000,3256.2000,3255.8000,3255.2000,3263.4000,3263.6000,3264.8000,3265.2000,3267.4000,1,1,1,5,1,1,1,2,1,1
SF,IH2012,2020-08-03 09:32:45.300,3260.8000,15307,-1,362271900.000,1,0,1,双平,S,3258.4000,3256.2000,3255.8000,3255.2000,3253.0000,3262.0000,3263.2000,3263.4000,3264.8000,3265.2000,1,1,5,1,1,1,2,1,2,1
SF,IH2012,2020-08-03 09:32:45.800,3260.8000,15307,0,362271900.000,0,-,-,-,-,3258.8000,3258.6000,3256.2000,3255.8000,3255.2000,3261.8000,3263.2000,3264.8000,3265.2000,3267.4000,2,1,1,5,1,2,1,2,1,1
SF,IH2012,2020-08-03 09:32:46.300,3260.8000,15307,0,362271900.000,0,-,-,-,-,3259.0000,3258.8000,3256.2000,3255.8000,3255.2000,3261.6000,3261.8000,3262.0000,3263.2000,3264.8000,1,2,1,5,1,1,2,2,1,2
SF,IH2012,2020-08-03 09:32:46.800,3260.8000,15307,0,362271900.000,0,-,-,-,-,3259.0000,3256.2000,3255.8000,3255.2000,3253.0000,3261.4000,3261.6000,3262.0000,3263.2000,3264.8000,1,1,5,1,1,2,1,2,1,2
SF,IH2012,2020-08-03 09:32:47.300,3260.8000,15307,0,362271900.000,0,-,-,-,-,3259.0000,3256.2000,3255.8000,3255.2000,3253.0000,3259.8000,3260.8000,3261.4000,3262.0000,3263.2000,1,1,5,1,1,1,2,2,2,1
SF,IH2012,2020-08-03 09:32:47.800,3259.8000,15307,0,363249840.000,1,0,1,多换,S,3259.0000,3255.8000,3255.2000,3253.0000,3252.2000,3260.8000,3261.4000,3262.0000,3263.2000,3264.8000,1,5,1,1,2,2,2,2,1,2
SF,IH2012,2020-08-03 09:32:48.300,3259.8000,15307,0,363249840.000,0,-,-,-,-,3259.0000,3255.8000,3255.2000,3253.0000,3252.2000,3260.6000,3260.8000,3261.4000,3262.0000,3263.2000,1,5,1,1,2,1,2,1,2,1
SF,IH2012,2020-08-03 09:32:48.800,3259.8000,15307,0,363249840.000,0,-,-,-,-,3259.0000,3255.8000,3255.2000,3253.0000,3252.2000,3260.6000,3260.8000,3261.4000,3262.0000,3264.8000,1,5,1,1,2,1,2,1,2,2
SF,IH2012,2020-08-03 09:32:49.800,3261.4000,15303,-4,367162920.000,4,0,4,双平,S,3261.0000,3259.0000,3255.8000,3255.2000,3253.0000,3262.0000,3264.8000,3265.2000,3267.4000,3269.0000,2,1,5,1,1,2,2,1,1,2
SF,IH2012,2020-08-03 09:32:50.300,3262.0000,15302,-1,368141520.000,1,0,1,双平,S,3261.0000,3258.8000,3255.8000,3255.2000,3253.0000,3262.0000,3264.8000,3265.2000,3267.4000,3269.0000,2,1,5,1,1,1,2,1,1,2
SF,IH2012,2020-08-03 09:32:50.800,3262.0000,15301,-1,370098720.000,2,0,2,多平,S,3262.2000,3261.0000,3259.2000,3255.8000,3255.2000,3264.8000,3265.2000,3267.4000,3269.0000,3269.8000,1,2,1,5,1,2,1,1,2,1
SF,IH2012,2020-08-03 09:32:51.300,3262.0000,15301,0,370098720.000,0,-,-,-,-,3262.4000,3262.2000,3261.0000,3255.8000,3255.2000,3264.0000,3264.2000,3264.6000,3264.8000,3265.2000,1,1,2,5,1,1,1,2,2,1
SF,IH2012,2020-08-03 09:32:51.800,3262.2000,15299,-2,372056100.000,2,0,2,双平,S,3261.0000,3260.0000,3255.8000,3255.2000,3253.0000,3262.4000,3263.8000,3264.0000,3264.2000,3264.8000,2,1,5,1,1,1,1,1,1,2
SF,IH2012,2020-08-03 09:32:52.300,3262.4000,15298,-1,373034820.000,1,0,1,双平,S,3261.0000,3260.0000,3255.8000,3255.2000,3253.0000,3263.8000,3264.8000,3265.2000,3267.4000,3269.0000,2,1,5,1,1,1,2,1,1,2
SF,IH2012,2020-08-03 09:32:52.800,3262.4000,15298,0,373034820.000,0,-,-,-,-,3261.2000,3261.0000,3260.0000,3255.8000,3255.2000,3263.6000,3263.8000,3264.8000,3265.2000,3267.4000,1,2,1,5,1,1,1,2,1,1
SF,IH2012,2020-08-03 09:32:53.300,3262.4000,15298,0,373034820.000,0,-,-,-,-,3261.2000,3261.0000,3260.0000,3255.8000,3255.2000,3263.4000,3263.6000,3264.8000,3265.2000,3267.4000,1,2,1,5,1,1,1,2,1,1
SF,IH2012,2020-08-03 09:32:53.800,3262.4000,15298,0,373034820.000,0,-,-,-,-,3261.2000,3261.0000,3260.0000,3255.8000,3255.2000,3263.2000,3263.4000,3264.8000,3265.2000,3267.4000,1,2,1,5,1,1,1,2,1,1
SF,IH2012,2020-08-03 09:32:54.300,3262.4000,15298,0,373034820.000,0,-,-,-,-,3261.6000,3261.2000,3261.0000,3260.0000,3255.8000,3263.2000,3264.8000,3265.2000,3267.4000,3269.0000,1,1,2,1,5,1,2,1,1,2
SF,IH2012,2020-08-03 09:32:54.800,3262.4000,15298,0,373034820.000,0,-,-,-,-,3261.8000,3261.6000,3261.0000,3260.0000,3255.8000,3263.2000,3264.8000,3265.2000,3267.4000,3269.0000,1,1,2,1,5,1,2,1,1,2
SF,IH2012,2020-08-03 09:32:55.300,3262.4000,15298,0,373034820.000,0,-,-,-,-,3261.8000,3261.0000,3260.0000,3255.8000,3255.2000,3264.8000,3265.2000,3267.4000,3269.0000,3269.8000,1,2,1,5,1,2,1,1,2,1
SF,IH2012,2020-08-03 09:32:55.800,3262.4000,15298,0,373034820.000,0,-,-,-,-,3261.8000,3261.0000,3260.0000,3255.8000,3255.2000,3262.4000,3264.0000,3264.2000,3264.6000,3264.8000,1,2,1,5,1,2,1,1,3,2
SF,IH2012,2020-08-03 09:32:56.300,3261.8000,15295,-3,375970800.000,3,0,3,双平,S,3261.0000,3260.0000,3255.8000,3255.2000,3253.0000,3264.6000,3264.8000,3265.2000,3267.4000,3269.0000,2,1,5,1,1,3,2,1,1,2
SF,IH2012,2020-08-03 09:32:56.800,3261.8000,15295,0,375970800.000,0,-,-,-,-,3261.2000,3261.0000,3260.0000,3259.4000,3255.8000,3264.4000,3264.6000,3264.8000,3265.2000,3267.4000,1,2,1,1,5,1,2,2,1,1
SF,IH2012,2020-08-03 09:32:57.300,3261.8000,15295,0,375970800.000,0,-,-,-,-,3261.2000,3261.0000,3260.0000,3259.4000,3255.8000,3264.2000,3264.8000,3265.2000,3267.4000,3269.0000,1,2,1,1,5,3,2,1,1,2
SF,IH2012,2020-08-03 09:32:57.800,3261.2000,15294,-1,376949160.000,1,0,1,双平,S,3261.0000,3260.0000,3259.4000,3255.8000,3255.2000,3264.2000,3264.8000,3265.2000,3267.4000,3269.0000,2,1,1,5,1,2,2,1,1,2
SF,IH2012,2020-08-03 09:32:58.300,3261.2000,15294,0,376949160.000,0,-,-,-,-,3261.2000,3261.0000,3260.0000,3259.4000,3255.8000,3264.0000,3264.2000,3264.8000,3265.2000,3267.4000,1,2,1,1,5,2,3,2,1,1
SF,IH2012,2020-08-03 09:32:58.800,3261.2000,15294,0,376949160.000,0,-,-,-,-,3261.0000,3260.0000,3259.4000,3255.8000,3255.2000,3263.8000,3264.0000,3264.2000,3264.8000,3265.2000,2,1,1,5,1,2,1,1,2,1
SF,IH2012,2020-08-03 09:32:59.300,3261.2000,15294,0,376949160.000,0,-,-,-,-,3261.0000,3260.0000,3259.4000,3255.8000,3255.2000,3261.2000,3263.8000,3264.0000,3264.2000,3264.8000,2,1,1,5,1,2,2,1,1,2
SF,IH2012,2020-08-03 09:32:59.800,3261.2000,15293,-1,378905880.000,2,0,2,多平,S,3261.0000,3260.0000,3259.4000,3255.8000,3255.2000,3263.8000,3264.0000,3264.2000,3264.8000,3265.2000,2,1,1,5,1,2,1,1,2,1
SF,IH2012,2020-08-03 09:33:00.800,3261.2000,15293,0,378905880.000,0,-,-,-,-,3261.0000,3260.0000,3259.4000,3255.8000,3255.2000,3263.8000,3264.0000,3264.2000,3264.8000,3265.2000,2,1,1,5,1,2,1,1,2,1
SF,IH2012,2020-08-03 09:33:01.300,3261.2000,15293,0,378905880.000,0,-,-,-,-,3261.0000,3260.0000,3259.4000,3258.2000,3255.8000,3263.8000,3264.0000,3264.2000,3264.8000,3265.2000,2,1,1,1,5,2,1,1,2,1
SF,IH2012,2020-08-03 09:33:01.800,3261.2000,15293,0,378905880.000,0,-,-,-,-,3261.0000,3260.0000,3259.4000,3258.2000,3255.8000,3263.8000,3264.8000,3265.2000,3267.4000,3269.0000,2,1,1,1,5,2,2,1,1,2
SF,IH2012,2020-08-03 09:33:02.300,3261.2000,15293,0,378905880.000,0,-,-,-,-,3261.0000,3260.0000,3259.4000,3258.2000,3255.8000,3263.8000,3264.8000,3265.2000,3267.4000,3269.0000,2,1,1,1,5,2,2,1,1,2
SF,IH2012,2020-08-03 09:33:02.800,3261.2000,15293,0,378905880.000,0,-,-,-,-,3261.0000,3260.0000,3259.4000,3258.2000,3255.8000,3263.6000,3263.8000,3264.8000,3265.2000,3267.4000,2,1,1,1,5,2,2,2,1,1
SF,IH2012,2020-08-03 09:33:03.300,3261.2000,15293,0,378905880.000,0,-,-,-,-,3260.0000,3259.4000,3258.2000,3255.8000,3255.2000,3263.4000,3264.8000,3265.2000,3267.4000,3269.0000,1,1,1,5,1,2,2,1,1,2
SF,IH2012,2020-08-03 09:33:03.800,3261.2000,15293,0,378905880.000,0,-,-,-,-,3260.4000,3260.2000,3260.0000,3259.4000,3258.2000,3263.2000,3263.4000,3264.8000,3265.2000,3267.4000,2,1,1,1,1,1,2,2,1,1
SF,IH2012,2020-08-03 09:33:04.300,3261.2000,15293,0,378905880.000,0,-,-,-,-,3260.6000,3260.4000,3260.0000,3259.4000,3258.2000,3263.0000,3264.8000,3265.2000,3267.4000,3269.0000,1,2,1,1,1,2,2,1,1,2
SF,IH2012,2020-08-03 09:33:04.800,3261.2000,15293,0,378905880.000,0,-,-,-,-,3260.4000,3260.0000,3259.4000,3258.2000,3255.8000,3263.0000,3264.8000,3265.2000,3267.4000,3269.0000,1,1,1,1,5,2,2,1,1,2
SF,IH2012,2020-08-03 09:33:05.300,3261.2000,15293,0,378905880.000,0,-,-,-,-,3260.0000,3259.4000,3258.2000,3255.8000,3255.2000,3263.0000,3264.8000,3265.2000,3267.4000,3269.0000,1,1,1,5,1,2,2,1,1,2
SF,IH2012,2020-08-03 09:33:05.800,3261.2000,15293,0,378905880.000,0,-,-,-,-,3260.0000,3259.4000,3258.2000,3255.8000,3255.2000,3262.8000,3263.0000,3264.8000,3265.2000,3267.4000,1,1,1,5,1,2,2,2,1,1
SF,IH2012,2020-08-03 09:33:06.300,3260.0000,15293,0,379883880.000,1,0,1,多换,S,3259.4000,3258.2000,3255.8000,3255.2000,3253.0000,3261.4000,3262.6000,3262.8000,3264.8000,3265.2000,1,1,5,1,1,2,2,2,2,1
SF,IH2012,2020-08-03 09:33:06.800,3260.0000,15293,0,379883880.000,0,-,-,-,-,3259.6000,3259.4000,3258.2000,3255.8000,3255.2000,3261.2000,3262.8000,3264.8000,3265.2000,3267.4000,1,1,1,5,1,3,1,2,1,1
SF,IH2012,2020-08-03 09:33:07.300,3259.4000,15292,-1,380861700.000,1,0,1,双平,S,3258.2000,3255.8000,3255.2000,3253.0000,3252.2000,3259.6000,3261.0000,3261.2000,3261.4000,3262.8000,1,5,1,1,2,1,1,2,2,1
SF,IH2012,2020-08-03 09:33:07.800,3261.2000,15292,0,385752240.000,5,2,3,多换,S,3258.4000,3258.2000,3255.8000,3255.2000,3253.0000,3261.2000,3261.4000,3262.8000,3264.8000,3265.2000,3,1,5,1,1,1,2,1,2,1
SF,IH2012,2020-08-03 09:33:08.300,3261.2000,15292,0,385752240.000,0,-,-,-,-,3258.4000,3258.2000,3255.8000,3255.2000,3253.0000,3261.0000,3261.2000,3261.4000,3262.8000,3264.8000,3,1,5,1,1,1,1,1,1,2
SF,IH2012,2020-08-03 09:33:08.800,3261.2000,15292,0,385752240.000,0,-,-,-,-,3258.6000,3258.4000,3258.2000,3255.8000,3255.2000,3260.8000,3261.0000,3262.8000,3264.8000,3265.2000,1,3,1,5,1,1,1,1,2,1
SF,IH2012,2020-08-03 09:33:09.300,3261.2000,15292,0,385752240.000,0,-,-,-,-,3259.0000,3258.8000,3258.4000,3258.2000,3255.8000,3260.6000,3260.8000,3261.2000,3262.8000,3264.8000,2,1,1,1,5,1,1,2,1,2
SF,IH2012,2020-08-03 09:33:09.800,3261.2000,15292,0,385752240.000,0,-,-,-,-,3259.0000,3258.4000,3258.2000,3255.8000,3255.2000,3260.4000,3260.6000,3261.2000,3262.8000,3264.8000,1,1,1,5,1,1,1,3,1,2
SF,IH2012,2020-08-03 09:33:10.300,3259.0000,15291,-1,386729940.000,1,0,1,双平,S,3258.4000,3258.2000,3255.8000,3255.2000,3253.0000,3260.4000,3260.6000,3261.0000,3261.2000,3262.8000,1,1,5,1,1,1,1,1,3,1
SF,IH2012,2020-08-03 09:33:10.800,3259.0000,15291,0,386729940.000,0,-,-,-,-,3258.4000,3258.2000,3255.8000,3255.2000,3253.0000,3260.2000,3260.4000,3261.0000,3261.2000,3262.8000,1,1,5,1,1,1,1,2,3,1
SF,IH2012,2020-08-03 09:33:11.300,3258.4000,15290,-1,387707460.000,1,0,1,双平,S,3258.2000,3255.8000,3255.2000,3253.0000,3252.2000,3260.0000,3260.2000,3261.0000,3261.2000,3262.8000,1,5,1,1,2,1,1,2,3,1
SF,IH2012,2020-08-03 09:33:12.300,3260.0000,15289,-1,388685460.000,1,0,1,双平,S,3258.2000,3255.8000,3255.2000,3253.0000,3252.2000,3258.4000,3260.2000,3261.0000,3261.2000,3262.8000,1,5,1,1,2,1,1,2,3,1
SF,IH2012,2020-08-03 09:33:12.800,3258.2000,15288,-1,391618500.000,3,1,2,多平,S,3255.8000,3255.2000,3253.0000,3252.2000,3251.2000,3258.2000,3261.0000,3261.2000,3262.8000,3264.8000,5,1,1,2,2,5,2,3,1,2
SF,IH2012,2020-08-03 09:33:13.300,3258.2000,15283,-5,396505800.000,5,0,5,双平,S,3260.0000,3257.2000,3257.0000,3256.8000,3256.2000,3261.0000,3261.2000,3262.8000,3264.8000,3265.2000,1,1,1,2,11,2,3,1,2,1
SF,IH2012,2020-08-03 09:33:13.800,3259.8000,15283,0,397483740.000,1,0,1,多换,S,3257.2000,3257.0000,3256.8000,3256.2000,3256.0000,3259.2000,3260.0000,3261.0000,3261.2000,3262.8000,1,1,2,9,2,2,1,2,3,1
SF,IH2012,2020-08-03 09:33:14.300,3259.8000,15283,0,397483740.000,0,-,-,-,-,3257.6000,3257.4000,3257.2000,3257.0000,3256.8000,3259.2000,3261.0000,3261.2000,3262.8000,3264.8000,2,6,1,1,2,2,2,3,1,2
SF,IH2012,2020-08-03 09:33:14.800,3259.8000,15283,0,397483740.000,0,-,-,-,-,3257.8000,3257.6000,3257.4000,3257.2000,3257.0000,3258.2000,3261.0000,3261.2000,3262.8000,3264.8000,2,2,4,1,1,7,2,3,1,2
SF,IH2012,2020-08-03 09:33:15.300,3258.2000,15276,-7,404325960.000,7,0,7,双平,S,3258.0000,3257.8000,3257.4000,3257.2000,3257.0000,3261.0000,3261.2000,3262.8000,3264.8000,3265.2000,2,2,1,1,1,2,3,1,2,1
SF,IH2012,2020-08-03 09:33:15.800,3258.2000,15276,0,404325960.000,0,-,-,-,-,3258.2000,3258.0000,3257.8000,3257.4000,3257.2000,3259.8000,3260.8000,3261.0000,3261.2000,3262.8000,1,2,1,1,1,2,1,2,3,1
SF,IH2012,2020-08-03 09:33:16.300,3258.2000,15276,0,404325960.000,0,-,-,-,-,3258.2000,3258.0000,3257.8000,3257.4000,3257.2000,3259.6000,3259.8000,3261.0000,3261.2000,3262.8000,1,2,1,1,1,1,2,2,3,1
SF,IH2012,2020-08-03 09:33:16.800,3257.8000,15273,-3,407258100.000,3,0,3,双平,S,3257.4000,3257.2000,3257.0000,3256.8000,3256.2000,3259.6000,3259.8000,3261.0000,3261.2000,3262.8000,1,1,1,1,6,1,2,2,3,1
SF,IH2012,2020-08-03 09:33:17.300,3258.0000,15272,-1,408235500.000,1,0,1,双平,S,3257.6000,3256.2000,3255.8000,3255.2000,3253.0000,3259.6000,3259.8000,3261.0000,3261.2000,3262.8000,1,1,5,1,1,1,2,2,3,1
SF,IH2012,2020-08-03 09:33:17.800,3257.6000,15271,-1,409212780.000,1,0,1,双平,S,3257.4000,3256.2000,3255.8000,3255.2000,3253.0000,3259.4000,3259.6000,3259.8000,3261.0000,3261.2000,1,1,5,1,1,1,1,2,2,3
SF,IH2012,2020-08-03 09:33:18.300,3257.4000,15270,-1,410190000.000,1,0,1,双平,S,3257.6000,3256.2000,3255.8000,3255.2000,3253.0000,3259.2000,3259.4000,3259.8000,3261.0000,3261.2000,1,1,5,1,1,1,1,2,2,3
SF,IH2012,2020-08-03 09:33:18.800,3257.6000,15270,0,411167280.000,1,0,1,多换,S,3257.4000,3256.2000,3255.8000,3255.2000,3253.0000,3259.0000,3259.2000,3259.8000,3261.0000,3261.2000,1,1,5,1,1,1,1,2,2,3
SF,IH2012,2020-08-03 09:33:19.300,3257.6000,15270,0,411167280.000,0,-,-,-,-,3257.4000,3256.2000,3255.8000,3255.2000,3253.0000,3258.8000,3259.0000,3259.8000,3261.0000,3261.2000,1,1,5,1,1,1,1,2,2,3
SF,IH2012,2020-08-03 09:33:19.800,3257.4000,15269,-1,412144500.000,1,0,1,双平,S,3256.2000,3255.8000,3255.2000,3253.0000,3252.2000,3258.6000,3258.8000,3259.8000,3261.0000,3261.2000,1,5,1,1,2,1,1,2,2,3
SF,IH2012,2020-08-03 09:33:20.300,3257.4000,15269,0,412144500.000,0,-,-,-,-,3255.8000,3253.0000,3252.2000,3251.2000,3250.0000,3258.4000,3258.6000,3259.8000,3261.0000,3261.2000,5,1,2,2,1,2,1,2,2,3
SF,IH2012,2020-08-03 09:33:20.800,3258.4000,15269,0,413122020.000,1,0,1,多换,S,3255.8000,3253.0000,3252.2000,3251.2000,3250.0000,3258.0000,3258.4000,3259.8000,3261.0000,3261.2000,5,1,2,2,1,1,1,2,2,3
SF,IH2012,2020-08-03 09:33:21.300,3258.4000,15269,0,413122020.000,0,-,-,-,-,3255.8000,3253.0000,3252.2000,3251.2000,3250.0000,3256.2000,3257.8000,3258.0000,3259.8000,3261.0000,5,1,2,2,1,1,2,1,2,2
SF,IH2012,2020-08-03 09:33:21.800,3258.0000,15270,1,417031020.000,4,2,2,空开,S,3259.0000,3255.8000,3253.0000,3252.2000,3251.2000,3259.8000,3261.0000,3261.2000,3262.8000,3264.8000,2,5,1,2,2,2,2,3,1,2
SF,IH2012,2020-08-03 09:33:22.300,3255.8000,15269,-1,421916700.000,5,2,3,多平,S,3255.8000,3253.0000,3252.2000,3251.2000,3250.0000,3259.0000,3259.4000,3259.6000,3259.8000,3261.0000,3,1,2,2,1,5,3,3,2,2
SF,IH2012,2020-08-03 09:33:22.800,3255.8000,15269,0,421916700.000,0,-,-,-,-,3256.0000,3255.8000,3253.0000,3252.2000,3251.2000,3258.0000,3258.6000,3258.8000,3259.6000,3259.8000,2,3,1,2,2,1,1,3,2,2
SF,IH2012,2020-08-03 09:33:23.300,3255.8000,15269,0,421916700.000,0,-,-,-,-,3256.0000,3255.8000,3253.0000,3252.2000,3251.2000,3257.8000,3258.6000,3258.8000,3259.6000,3259.8000,2,3,1,2,2,1,1,2,2,2
SF,IH2012,2020-08-03 09:33:23.800,3255.8000,15269,0,421916700.000,0,-,-,-,-,3256.0000,3255.8000,3253.0000,3252.2000,3251.2000,3257.8000,3258.6000,3259.6000,3259.8000,3261.0000,2,4,1,2,2,1,1,2,2,2
SF,IH2012,2020-08-03 09:33:24.300,3255.8000,15269,0,421916700.000,0,-,-,-,-,3256.0000,3255.8000,3253.0000,3252.2000,3251.2000,3257.8000,3258.6000,3259.6000,3259.8000,3261.0000,2,4,1,2,2,1,1,2,2,2
SF,IH2012,2020-08-03 09:33:24.800,3255.8000,15269,0,421916700.000,0,-,-,-,-,3256.0000,3255.8000,3253.0000,3252.2000,3251.2000,3257.8000,3258.6000,3259.6000,3259.8000,3261.0000,1,4,1,2,2,1,1,2,2,2
SF,IH2012,2020-08-03 09:33:25.300,3255.8000,15269,0,421916700.000,0,-,-,-,-,3256.2000,3256.0000,3255.8000,3253.0000,3252.2000,3257.8000,3258.6000,3259.6000,3259.8000,3261.0000,1,1,4,1,2,1,1,2,2,2
SF,IH2012,2020-08-03 09:33:25.800,3255.8000,15268,-1,425823840.000,4,1,3,多平,S,3255.8000,3253.0000,3252.2000,3251.2000,3250.0000,3257.6000,3257.8000,3258.6000,3259.6000,3259.8000,2,1,2,2,1,1,1,1,2,2
SF,IH2012,2020-08-03 09:33:26.300,3255.8000,15267,-1,427777320.000,2,0,2,多平,S,3253.0000,3252.2000,3251.2000,3250.0000,3241.0000,3257.0000,3257.4000,3258.6000,3259.6000,3259.8000,1,2,2,1,1,1,1,1,2,2
SF,IH2012,2020-08-03 09:33:26.800,3255.8000,15267,0,427777320.000,0,-,-,-,-,3253.8000,3253.6000,3253.4000,3253.2000,3253.0000,3256.8000,3257.0000,3259.6000,3259.8000,3261.0000,1,2,9,3,1,2,1,2,2,2
SF,IH2012,2020-08-03 09:33:27.300,3255.8000,15267,0,427777320.000,0,-,-,-,-,3254.0000,3253.8000,3253.6000,3253.4000,3253.2000,3256.6000,3256.8000,3257.0000,3259.6000,3259.8000,2,1,1,1,2,2,1,1,2,2
SF,IH2012,2020-08-03 09:33:27.800,3255.8000,15267,0,427777320.000,0,-,-,-,-,3254.0000,3253.4000,3253.2000,3253.0000,3252.8000,3256.2000,3256.4000,3256.6000,3257.0000,3258.0000,1,1,1,1,1,1,1,2,1,1
SF,IH2012,2020-08-03 09:33:28.300,3255.8000,15267,0,427777320.000,0,-,-,-,-,3253.4000,3253.2000,3253.0000,3252.8000,3252.2000,3255.8000,3256.0000,3256.2000,3257.0000,3258.0000,1,1,1,1,2,1,2,1,1,1
SF,IH2012,2020-08-03 09:33:28.800,3255.8000,15267,0,427777320.000,0,-,-,-,-,3253.2000,3253.0000,3252.8000,3252.2000,3251.2000,3255.4000,3255.6000,3255.8000,3257.0000,3258.0000,2,1,1,2,2,1,2,1,1,1
SF,IH2012,2020-08-03 09:33:29.300,3255.8000,15267,0,427777320.000,0,-,-,-,-,3253.2000,3253.0000,3252.8000,3252.2000,3251.2000,3255.0000,3255.2000,3255.4000,3257.0000,3258.0000,2,1,1,2,2,2,2,2,1,1
SF,IH2012,2020-08-03 09:33:29.800,3253.2000,15266,-1,428753280.000,1,0,1,双平,S,3253.2000,3253.0000,3252.8000,3252.2000,3251.2000,3254.8000,3255.0000,3255.2000,3255.4000,3258.0000,1,1,1,2,2,1,1,1,1,1
SF,IH2012,2020-08-03 09:33:30.300,3253.2000,15266,0,428753280.000,0,-,-,-,-,3253.2000,3253.0000,3252.8000,3252.2000,3251.2000,3254.4000,3254.8000,3255.2000,3255.4000,3258.0000,1,1,1,2,2,1,1,1,1,1
SF,IH2012,2020-08-03 09:33:30.800,3254.4000,15265,-1,430705920.000,2,0,2,多平,S,3253.2000,3253.0000,3252.8000,3252.2000,3251.2000,3255.2000,3255.4000,3258.0000,3258.8000,3259.2000,1,1,1,2,2,1,1,1,1,1
SF,IH2012,2020-08-03 09:33:31.300,3254.4000,15265,0,430705920.000,0,-,-,-,-,3253.2000,3253.0000,3252.8000,3252.2000,3251.2000,3255.0000,3255.2000,3255.4000,3258.0000,3258.8000,1,1,1,2,2,3,1,1,1,1
SF,IH2012,2020-08-03 09:33:31.800,3254.4000,15265,0,430705920.000,0,-,-,-,-,3253.4000,3253.2000,3253.0000,3252.8000,3252.2000,3255.0000,3255.2000,3255.4000,3258.0000,3258.8000,1,1,1,1,2,1,1,1,1,1
SF,IH2012,2020-08-03 09:33:32.300,3253.2000,15263,-2,432657840.000,2,0,2,双平,S,3253.0000,3252.8000,3252.2000,3251.2000,3250.0000,3253.2000,3255.0000,3255.4000,3258.0000,3258.8000,1,1,2,2,1,8,1,1,1,1
SF,IH2012,2020-08-03 09:33:32.800,3252.8000,15262,-1,434609580.000,2,0,2,多平,S,3252.2000,3251.2000,3250.0000,3241.0000,3240.0000,3253.2000,3255.0000,3258.0000,3258.8000,3259.6000,2,2,1,1,2,8,1,1,1,1
SF,IH2012,2020-08-03 09:33:33.300,3252.2000,15262,0,436560900.000,2,1,1,多换,S,3251.2000,3250.0000,3241.0000,3240.0000,3239.6000,3253.0000,3253.2000,3258.0000,3258.8000,3259.6000,2,1,1,2,1,1,8,1,1,1
SF,IH2012,2020-08-03 09:33:33.800,3251.2000,15262,0,438511620.000,2,1,1,多换,S,3250.0000,3241.0000,3240.0000,3239.6000,3238.8000,3253.0000,3253.2000,3258.0000,3258.8000,3259.6000,1,1,2,1,1,1,8,1,1,1
SF,IH2012,2020-08-03 09:33:34.300,3251.2000,15262,0,438511620.000,0,-,-,-,-,3250.2000,3250.0000,3241.0000,3240.0000,3239.6000,3252.2000,3252.8000,3253.0000,3253.2000,3255.0000,1,1,1,2,1,1,1,1,8,1
SF,IH2012,2020-08-03 09:33:34.800,3251.2000,15262,0,438511620.000,0,-,-,-,-,3250.0000,3241.0000,3240.0000,3239.6000,3238.8000,3252.0000,3252.2000,3253.2000,3255.0000,3256.8000,1,1,2,1,1,2,1,8,1,1
SF,IH2012,2020-08-03 09:33:35.300,3251.2000,15262,0,438511620.000,0,-,-,-,-,3250.2000,3250.0000,3241.0000,3240.0000,3239.6000,3252.0000,3252.2000,3253.2000,3254.0000,3255.0000,1,1,1,2,1,2,1,8,1,1
SF,IH2012,2020-08-03 09:33:35.800,3251.2000,15262,0,438511620.000,0,-,-,-,-,3250.2000,3250.0000,3241.0000,3240.0000,3239.6000,3252.0000,3252.2000,3253.2000,3254.0000,3255.0000,1,1,1,2,1,2,1,8,1,1
SF,IH2012,2020-08-03 09:33:36.300,3250.0000,15262,0,439486620.000,1,0,1,多换,S,3241.0000,3240.0000,3239.6000,3238.8000,3236.0000,3251.2000,3252.0000,3252.2000,3253.2000,3254.0000,1,2,1,1,1,2,2,1,8,1
SF,IH2012,2020-08-03 09:33:36.800,3251.2000,15264,2,444363180.000,5,3,2,空开,S,3250.0000,3247.6000,3247.4000,3247.2000,3247.0000,3252.2000,3253.2000,3254.0000,3255.0000,3256.8000,1,1,2,1,1,1,8,1,1,1
SF,IH2012,2020-08-03 09:33:37.300,3250.0000,15263,-1,446313180.000,2,0,2,多平,S,3247.6000,3247.4000,3247.0000,3246.6000,3244.8000,3250.0000,3251.8000,3252.0000,3252.2000,3253.2000,1,1,1,1,1,1,1,4,1,8
SF,IH2012,2020-08-03 09:33:37.800,3250.0000,15263,0,447288180.000,1,0,1,多换,S,3248.0000,3247.8000,3247.4000,3247.0000,3246.6000,3252.0000,3252.2000,3253.2000,3254.0000,3255.0000,1,2,1,1,1,3,1,8,1,1
SF,IH2012,2020-08-03 09:33:38.300,3250.0000,15263,0,447288180.000,0,-,-,-,-,3248.2000,3248.0000,3247.0000,3246.6000,3244.8000,3250.0000,3251.6000,3252.0000,3252.2000,3253.2000,2,1,1,1,1,2,1,3,1,8
SF,IH2012,2020-08-03 09:33:38.800,3249.8000,15262,-1,449237580.000,2,0,2,多平,S,3248.2000,3248.0000,3247.0000,3246.6000,3244.8000,3250.0000,3252.0000,3252.2000,3253.2000,3254.0000,1,1,1,1,1,2,4,1,8,1
SF,IH2012,2020-08-03 09:33:39.300,3248.0000,15261,-1,452161380.000,3,1,2,多平,S,3247.0000,3246.6000,3244.8000,3243.0000,3242.8000,3248.2000,3249.8000,3250.0000,3252.0000,3252.2000,1,1,1,1,1,1,1,2,3,1
SF,IH2012,2020-08-03 09:33:39.800,3247.0000,15258,-3,455084100.000,3,0,3,双平,S,3246.6000,3244.8000,3243.0000,3242.8000,3242.6000,3248.2000,3249.8000,3250.0000,3252.0000,3252.2000,1,1,1,1,1,1,1,2,3,1
SF,IH2012,2020-08-03 09:33:40.300,3248.2000,15258,0,456058560.000,1,0,1,多换,S,3247.0000,3246.8000,3246.6000,3246.4000,3244.8000,3249.8000,3250.0000,3252.0000,3252.2000,3253.2000,1,1,2,1,1,1,2,3,1,8
SF,IH2012,2020-08-03 09:33:40.800,3248.2000,15258,0,456058560.000,0,-,-,-,-,3247.2000,3247.0000,3244.8000,3243.0000,3242.8000,3249.6000,3249.8000,3250.0000,3252.0000,3252.2000,1,1,1,1,1,2,1,2,3,1
SF,IH2012,2020-08-03 09:33:41.300,3248.2000,15258,0,456058560.000,0,-,-,-,-,3247.0000,3244.8000,3243.0000,3242.8000,3242.6000,3249.4000,3249.6000,3250.0000,3252.0000,3252.2000,1,1,1,1,1,1,1,2,3,1
SF,IH2012,2020-08-03 09:33:41.800,3248.2000,15258,0,456058560.000,0,-,-,-,-,3247.0000,3244.8000,3243.0000,3242.8000,3242.6000,3249.2000,3249.4000,3250.0000,3252.0000,3252.2000,1,1,1,1,1,2,1,2,3,1
SF,IH2012,2020-08-03 09:33:42.300,3247.0000,15258,0,457032660.000,1,0,1,多换,S,3244.8000,3243.0000,3242.8000,3242.6000,3241.6000,3248.2000,3248.8000,3249.0000,3249.2000,3250.0000,1,1,1,1,1,2,1,1,1,2
SF,IH2012,2020-08-03 09:33:42.800,3247.0000,15258,0,457032660.000,0,-,-,-,-,3245.8000,3245.4000,3245.2000,3245.0000,3244.8000,3248.0000,3248.2000,3250.0000,3252.0000,3252.2000,1,3,5,2,1,2,2,2,3,1
SF,IH2012,2020-08-03 09:33:43.300,3247.0000,15258,0,457032660.000,0,-,-,-,-,3246.2000,3246.0000,3245.8000,3245.4000,3245.2000,3247.0000,3248.0000,3248.2000,3250.0000,3252.0000,2,1,1,3,2,10,2,2,2,2
SF,IH2012,2020-08-03 09:33:43.800,3247.0000,15256,-2,458980560.000,2,0,2,双平,S,3245.8000,3245.4000,3245.2000,3244.8000,3243.0000,3247.0000,3248.0000,3248.2000,3250.0000,3252.0000,1,3,1,1,1,9,2,2,2,2
SF,IH2012,2020-08-03 09:33:44.300,3247.0000,15256,0,458980560.000,0,-,-,-,-,3245.2000,3243.0000,3242.6000,3241.0000,3240.0000,3246.8000,3247.0000,3248.0000,3248.2000,3250.0000,1,1,1,2,2,1,9,1,2,2
SF,IH2012,2020-08-03 09:33:44.800,3247.0000,15256,0,458980560.000,0,-,-,-,-,3245.4000,3245.0000,3243.0000,3242.6000,3241.0000,3246.8000,3247.0000,3248.0000,3248.2000,3250.0000,1,1,1,1,2,1,10,1,2,2
SF,IH2012,2020-08-03 09:33:45.300,3247.0000,15256,0,458980560.000,0,-,-,-,-,3245.4000,3245.0000,3243.0000,3242.6000,3241.0000,3246.8000,3247.0000,3248.0000,3248.2000,3250.0000,1,1,1,1,2,1,10,1,2,2
SF,IH2012,2020-08-03 09:33:45.800,3247.0000,15256,0,458980560.000,0,-,-,-,-,3242.6000,3241.0000,3240.0000,3239.6000,3238.8000,3246.8000,3247.0000,3248.0000,3248.2000,3250.0000,1,2,2,1,1,1,12,1,2,2
SF,IH2012,2020-08-03 09:33:46.300,3247.0000,15256,0,459954660.000,1,0,1,多换,S,3243.6000,3243.4000,3243.0000,3242.8000,3242.6000,3245.4000,3246.6000,3246.8000,3247.0000,3248.2000,2,1,5,1,1,1,1,1,12,2
SF,IH2012,2020-08-03 09:33:46.800,3245.4000,15255,-1,460928280.000,1,0,1,双平,S,3243.8000,3243.6000,3243.4000,3243.0000,3241.0000,3245.4000,3246.6000,3246.8000,3247.0000,3248.2000,2,2,1,4,2,1,1,1,14,2
SF,IH2012,2020-08-03 09:33:47.300,3245.4000,15254,-1,461901900.000,1,0,1,双平,S,3243.8000,3243.6000,3243.0000,3241.0000,3240.0000,3245.2000,3245.4000,3246.6000,3247.0000,3248.2000,1,2,4,1,3,1,1,1,14,2
SF,IH2012,2020-08-03 09:33:47.800,3245.4000,15252,-2,463849140.000,2,0,2,双平,S,3245.2000,3244.0000,3243.0000,3241.0000,3240.0000,3246.6000,3247.0000,3248.2000,3250.0000,3252.0000,1,7,3,1,3,1,14,2,2,2
SF,IH2012,2020-08-03 09:33:48.300,3247.0000,15250,-2,466770780.000,3,0,3,多平,S,3244.0000,3243.8000,3243.0000,3241.0000,3240.0000,3247.0000,3248.2000,3250.0000,3252.0000,3253.2000,7,1,3,1,3,13,2,2,2,8
SF,IH2012,2020-08-03 09:33:48.800,3247.0000,15250,0,466770780.000,0,-,-,-,-,3244.8000,3244.4000,3244.2000,3244.0000,3243.0000,3246.8000,3247.0000,3248.2000,3250.0000,3252.0000,5,2,7,2,1,1,13,2,2,2
SF,IH2012,2020-08-03 09:33:49.300,3247.0000,15247,-3,469693020.000,3,0,3,双平,S,3245.0000,3244.8000,3244.4000,3244.2000,3243.0000,3247.0000,3248.2000,3250.0000,3252.0000,3253.2000,3,5,1,6,1,11,2,2,2,8
SF,IH2012,2020-08-03 09:33:49.800,3247.0000,15247,0,469693020.000,0,-,-,-,-,3246.8000,3245.2000,3245.0000,3244.8000,3244.2000,3247.0000,3248.2000,3250.0000,3252.0000,3253.2000,5,4,6,5,4,11,2,2,2,8
SF,IH2012,2020-08-03 09:33:50.300,3247.0000,15246,-1,470667120.000,1,0,1,双平,S,3246.8000,3245.2000,3245.0000,3244.8000,3244.2000,3247.0000,3248.2000,3250.0000,3252.0000,3253.2000,5,3,7,5,4,10,2,2,2,8
SF,IH2012,2020-08-03 09:33:50.800,3246.8000,15245,-1,475537380.000,5,2,3,多平,S,3246.8000,3245.2000,3245.0000,3244.2000,3243.0000,3247.0000,3248.2000,3250.0000,3252.0000,3253.2000,1,2,7,4,1,9,2,2,2,8
SF,IH2012,2020-08-03 09:33:51.300,3247.0000,15244,-1,477485520.000,2,0,2,多平,S,3245.2000,3245.0000,3243.0000,3241.0000,3240.0000,3246.8000,3247.0000,3248.2000,3250.0000,3252.0000,2,7,1,1,3,1,8,3,2,2
SF,IH2012,2020-08-03 09:33:51.800,3247.0000,15244,0,477485520.000,0,-,-,-,-,3245.2000,3245.0000,3243.0000,3241.0000,3240.0000,3246.6000,3246.8000,3247.0000,3248.2000,3250.0000,2,4,1,1,3,1,1,8,3,2
SF,IH2012,2020-08-03 09:33:52.300,3247.0000,15244,0,477485520.000,0,-,-,-,-,3245.0000,3243.0000,3241.0000,3240.0000,3239.6000,3245.2000,3246.6000,3247.0000,3248.2000,3250.0000,3,1,1,3,1,3,1,8,3,2
SF,IH2012,2020-08-03 09:33:52.800,3245.2000,15240,-4,483326700.000,6,1,5,多平,S,3243.0000,3241.0000,3240.0000,3239.6000,3238.8000,3246.6000,3247.0000,3248.2000,3250.0000,3252.0000,1,1,3,1,1,1,8,3,2,2
SF,IH2012,2020-08-03 09:33:53.300,3245.2000,15240,0,483326700.000,0,-,-,-,-,3244.0000,3243.4000,3243.2000,3243.0000,3241.0000,3246.4000,3246.6000,3247.0000,3248.2000,3250.0000,1,8,2,1,1,1,1,8,3,2
SF,IH2012,2020-08-03 09:33:53.800,3245.2000,15240,0,483326700.000,0,-,-,-,-,3244.2000,3243.6000,3243.4000,3243.2000,3243.0000,3244.8000,3246.2000,3246.4000,3247.0000,3248.2000,1,1,7,3,1,1,1,1,8,3
SF,IH2012,2020-08-03 09:33:54.300,3244.8000,15239,-1,484300140.000,1,0,1,双平,S,3244.2000,3243.6000,3243.4000,3243.2000,3243.0000,3246.2000,3246.4000,3247.0000,3248.2000,3250.0000,1,1,7,3,1,1,1,8,3,2
SF,IH2012,2020-08-03 09:33:54.800,3244.8000,15239,0,484300140.000,0,-,-,-,-,3244.2000,3243.6000,3243.4000,3243.2000,3243.0000,3246.0000,3246.2000,3247.0000,3248.2000,3250.0000,1,1,7,3,1,1,1,8,3,2
SF,IH2012,2020-08-03 09:33:55.300,3244.2000,15238,-1,485273400.000,1,0,1,双平,S,3243.6000,3243.4000,3243.2000,3243.0000,3241.0000,3245.8000,3246.0000,3247.0000,3248.2000,3250.0000,1,7,3,1,1,1,1,8,3,2
SF,IH2012,2020-08-03 09:33:55.800,3244.2000,15238,0,485273400.000,0,-,-,-,-,3244.8000,3243.6000,3243.2000,3243.0000,3241.0000,3245.6000,3245.8000,3247.0000,3248.2000,3250.0000,1,1,3,1,1,1,1,8,3,2
SF,IH2012,2020-08-03 09:33:56.300,3244.6000,15238,0,486246780.000,1,0,1,多换,S,3243.2000,3241.0000,3240.0000,3239.6000,3238.8000,3244.8000,3245.4000,3246.8000,3247.0000,3248.2000,1,1,3,1,1,2,1,2,8,3
SF,IH2012,2020-08-03 09:33:56.800,3244.8000,15236,-2,488193660.000,2,0,2,双平,S,3245.4000,3243.6000,3243.4000,3243.2000,3241.0000,3246.8000,3247.0000,3248.2000,3250.0000,3252.0000,1,5,4,1,1,2,8,3,2,2
SF,IH2012,2020-08-03 09:33:57.300,3244.8000,15235,-1,489167100.000,1,0,1,双平,S,3246.2000,3243.6000,3243.4000,3243.2000,3241.0000,3246.6000,3246.8000,3247.0000,3248.2000,3250.0000,8,5,6,1,1,1,2,8,3,2
SF,IH2012,2020-08-03 09:33:57.800,3246.0000,15235,0,491114700.000,2,1,1,多换,S,3246.4000,3246.2000,3243.6000,3243.4000,3241.0000,3246.6000,3246.8000,3247.0000,3248.2000,3252.0000,1,6,5,6,1,1,2,8,3,2
SF,IH2012,2020-08-03 09:33:58.300,3246.8000,15233,-2,493062720.000,2,0,2,双平,S,3246.6000,3246.4000,3246.2000,3243.6000,3243.4000,3246.8000,3247.0000,3248.2000,3252.0000,3253.0000,2,1,6,5,3,1,8,1,2,1
SF,IH2012,2020-08-03 09:33:58.800,3247.0000,15231,-2,495010860.000,2,0,2,双平,S,3246.8000,3246.6000,3246.4000,3246.2000,3245.0000,3247.0000,3248.2000,3252.0000,3253.0000,3253.2000,2,2,1,6,1,7,1,2,1,8
SF,IH2012,2020-08-03 09:33:59.300,3247.0000,15228,-3,497933160.000,3,0,3,双平,S,3246.6000,3246.4000,3246.2000,3245.0000,3243.6000,3247.0000,3248.2000,3252.0000,3253.0000,3253.2000,2,1,6,1,5,4,1,2,1,8
SF,IH2012,2020-08-03 09:33:59.800,3247.0000,15226,-2,499881360.000,2,0,2,双平,S,3246.6000,3246.4000,3246.2000,3245.0000,3243.6000,3247.0000,3248.2000,3252.0000,3253.0000,3253.2000,1,1,6,1,5,2,1,2,1,8
SF,IH2012,2020-08-03 09:34:00.300,3247.0000,15226,0,499881360.000,0,-,-,-,-,3246.6000,3246.4000,3246.2000,3245.0000,3243.6000,3248.2000,3252.0000,3253.0000,3253.2000,3255.0000,1,1,6,1,5,1,2,1,8,2
SF,IH2012,2020-08-03 09:34:00.800,3247.0000,15226,0,499881360.000,0,-,-,-,-,3246.8000,3246.6000,3246.4000,3246.2000,3245.0000,3248.0000,3248.2000,3252.0000,3253.0000,3253.2000,1,1,1,6,1,1,1,2,1,8
SF,IH2012,2020-08-03 09:34:02.300,3247.0000,15226,0,499881360.000,0,-,-,-,-,3247.0000,3246.8000,3246.6000,3246.4000,3246.2000,3248.0000,3248.2000,3252.0000,3253.0000,3253.2000,1,1,1,1,6,1,1,2,1,8
SF,IH2012,2020-08-03 09:34:02.800,3248.2000,15226,0,500855820.000,1,0,1,多换,S,3247.6000,3247.2000,3247.0000,3246.8000,3246.6000,3252.0000,3253.0000,3253.2000,3255.0000,3259.6000,1,1,1,1,1,2,1,8,2,1
SF,IH2012,2020-08-03 09:34:03.300,3248.2000,15226,0,500855820.000,0,-,-,-,-,3247.8000,3247.2000,3247.0000,3246.6000,3246.4000,3250.4000,3250.8000,3251.2000,3251.8000,3252.0000,3,1,1,1,1,1,1,1,2,2
SF,IH2012,2020-08-03 09:34:03.800,3248.2000,15226,0,500855820.000,0,-,-,-,-,3248.2000,3248.0000,3247.8000,3246.6000,3246.4000,3250.0000,3250.2000,3252.0000,3253.0000,3253.2000,2,5,3,1,1,1,1,2,1,8
SF,IH2012,2020-08-03 09:34:04.300,3248.2000,15226,0,500855820.000,0,-,-,-,-,3248.6000,3248.2000,3247.8000,3246.6000,3246.4000,3252.0000,3253.0000,3253.2000,3255.0000,3259.6000,6,2,2,1,1,1,1,8,2,1
SF,IH2012,2020-08-03 09:34:04.800,3248.2000,15226,0,500855820.000,0,-,-,-,-,3249.0000,3248.8000,3248.6000,3247.8000,3246.6000,3251.8000,3252.0000,3253.0000,3255.0000,3259.6000,3,3,1,1,1,1,1,1,2,1
SF,IH2012,2020-08-03 09:34:05.300,3248.2000,15226,0,500855820.000,0,-,-,-,-,3249.2000,3249.0000,3248.8000,3247.8000,3246.6000,3251.8000,3252.0000,3253.0000,3259.6000,3260.0000,7,2,1,1,1,1,1,1,1,1
SF,IH2012,2020-08-03 09:34:05.800,3248.2000,15226,0,500855820.000,0,-,-,-,-,3249.6000,3249.2000,3248.8000,3247.8000,3246.6000,3251.8000,3252.0000,3253.0000,3259.6000,3260.0000,3,8,1,1,1,1,1,1,1,1
SF,IH2012,2020-08-03 09:34:06.300,3249.6000,15226,0,501830700.000,1,0,1,多换,S,3249.6000,3249.2000,3248.8000,3247.8000,3246.6000,3251.6000,3251.8000,3252.0000,3253.0000,3259.6000,2,2,1,1,1,1,1,1,1,1
SF,IH2012,2020-08-03 09:34:06.800,3249.6000,15226,0,503780460.000,2,1,1,多换,S,3250.0000,3249.8000,3248.8000,3246.6000,3246.4000,3251.6000,3252.0000,3253.0000,3254.4000,3259.6000,1,1,1,1,1,1,1,1,2,1
SF,IH2012,2020-08-03 09:34:07.300,3249.8000,15225,-1,505730340.000,2,0,2,多平,S,3248.8000,3246.6000,3246.4000,3246.2000,3243.4000,3251.6000,3252.0000,3253.0000,3254.4000,3259.6000,1,1,1,6,1,1,1,1,2,1
SF,IH2012,2020-08-03 09:34:07.800,3248.8000,15224,-1,506704980.000,1,0,1,双平,S,3246.6000,3246.2000,3243.4000,3241.0000,3240.0000,3251.2000,3251.4000,3251.6000,3252.0000,3253.0000,1,6,1,1,2,2,4,1,1,1
SF,IH2012,2020-08-03 09:34:08.300,3248.8000,15224,0,506704980.000,0,-,-,-,-,3246.6000,3246.2000,3243.4000,3241.0000,3240.0000,3250.8000,3251.0000,3251.2000,3251.4000,3252.0000,2,6,1,1,2,1,2,3,2,1
SF,IH2012,2020-08-03 09:34:08.800,3250.4000,15223,-1,507680100.000,1,0,1,双平,S,3246.8000,3246.6000,3246.2000,3243.4000,3240.0000,3250.4000,3250.6000,3250.8000,3251.2000,3252.0000,1,1,6,1,2,1,3,2,2,1
SF,IH2012,2020-08-03 09:34:09.300,3250.4000,15223,0,507680100.000,0,-,-,-,-,3246.8000,3246.6000,3246.2000,3243.4000,3240.0000,3250.0000,3250.2000,3250.4000,3250.6000,3250.8000,1,1,6,1,1,2,2,1,1,1
SF,IH2012,2020-08-03 09:34:09.800,3250.4000,15223,0,507680100.000,0,-,-,-,-,3246.8000,3246.6000,3246.2000,3243.4000,3240.0000,3249.0000,3249.6000,3249.8000,3250.0000,3250.2000,1,1,6,1,1,1,1,1,3,1
SF,IH2012,2020-08-03 09:34:10.300,3250.4000,15223,0,507680100.000,0,-,-,-,-,3246.8000,3246.6000,3246.2000,3243.4000,3240.0000,3248.8000,3249.6000,3250.0000,3250.2000,3252.0000,1,1,6,1,1,3,1,1,1,1
SF,IH2012,2020-08-03 09:34:10.800,3250.4000,15223,0,507680100.000,0,-,-,-,-,3246.6000,3246.2000,3243.4000,3240.0000,3239.6000,3248.4000,3248.8000,3252.0000,3253.0000,3254.0000,1,6,1,1,1,1,3,1,1,2
SF,IH2012,2020-08-03 09:34:11.300,3250.4000,15223,0,507680100.000,0,-,-,-,-,3246.6000,3246.2000,3243.4000,3240.0000,3239.6000,3248.2000,3248.8000,3250.4000,3252.0000,3253.0000,1,6,1,1,1,1,1,1,1,1
SF,IH2012,2020-08-03 09:34:13.300,3246.6000,15222,-1,508654080.000,1,0,1,双平,S,3246.2000,3243.4000,3240.0000,3239.6000,3238.8000,3247.8000,3248.0000,3248.2000,3248.8000,3250.4000,6,1,1,1,1,1,1,1,1,1
SF,IH2012,2020-08-03 09:34:13.800,3246.2000,15222,0,514497240.000,6,3,3,多换,S,3243.4000,3240.0000,3239.6000,3238.8000,3236.0000,3246.2000,3247.6000,3247.8000,3248.0000,3248.8000,1,1,1,1,1,1,3,1,1,1
SF,IH2012,2020-08-03 09:34:14.300,3246.2000,15222,0,515471100.000,1,0,1,多换,S,3243.8000,3243.6000,3243.4000,3240.0000,3239.6000,3246.2000,3247.6000,3247.8000,3248.0000,3250.4000,5,4,1,1,1,1,3,1,2,1
SF,IH2012,2020-08-03 09:34:14.800,3246.2000,15222,0,516444960.000,1,0,1,多换,S,3244.0000,3243.6000,3243.4000,3240.0000,3239.6000,3246.0000,3246.2000,3246.6000,3247.6000,3247.8000,1,1,1,1,1,1,1,2,2,1
SF,IH2012,2020-08-03 09:34:15.300,3246.2000,15222,0,516444960.000,0,-,-,-,-,3244.0000,3243.6000,3243.4000,3240.0000,3239.6000,3245.8000,3246.0000,3246.2000,3246.6000,3247.6000,1,1,1,1,1,2,1,1,2,2
SF,IH2012,2020-08-03 09:34:15.800,3246.2000,15222,0,516444960.000,0,-,-,-,-,3244.4000,3240.0000,3239.6000,3238.8000,3236.0000,3245.8000,3246.0000,3246.2000,3246.6000,3248.0000,1,1,1,1,1,2,1,1,2,1
SF,IH2012,2020-08-03 09:34:16.300,3246.2000,15222,0,516444960.000,0,-,-,-,-,3240.0000,3239.6000,3238.8000,3236.0000,3235.0000,3245.8000,3246.0000,3246.2000,3246.6000,3247.8000,1,1,1,1,1,1,1,1,2,1
SF,IH2012,2020-08-03 09:34:16.800,3246.2000,15222,0,516444960.000,0,-,-,-,-,3242.2000,3241.6000,3241.4000,3240.4000,3240.2000,3245.4000,3245.6000,3245.8000,3246.2000,3246.6000,2,2,1,7,1,1,1,1,1,2
SF,IH2012,2020-08-03 09:34:17.300,3246.2000,15222,0,516444960.000,0,-,-,-,-,3242.4000,3241.6000,3240.4000,3240.0000,3239.6000,3245.2000,3246.2000,3246.6000,3247.8000,3252.0000,1,1,6,1,1,2,1,2,1,1
SF,IH2012,2020-08-03 09:34:17.800,3246.2000,15222,0,516444960.000,0,-,-,-,-,3240.4000,3240.0000,3239.6000,3238.8000,3236.0000,3245.2000,3246.2000,3246.6000,3247.8000,3249.8000,5,1,1,1,1,2,1,2,1,1
SF,IH2012,2020-08-03 09:34:18.300,3245.6000,15223,1,519366000.000,3,2,1,空开,S,3245.6000,3241.0000,3240.6000,3240.4000,3240.0000,3246.2000,3246.6000,3247.8000,3249.8000,3252.0000,2,1,2,6,1,1,2,1,1,1
