市场代码,合约代码,时间,最新,持仓,增仓,成交额,成交量,开仓,平仓,成交类型,方向,买一价,买二价,买三价,买四价,买五价,卖一价,卖二价,卖三价,卖四价,卖五价,买一量,买二量,买三量,买四量,买五量,卖一量,卖二量,卖三量,卖四量,卖五量
SF,IH2003,2019-11-18 09:29:00.000,2955.0000,12918,0,886500.000,1.000,-,-,-,-,2954.0000,2952.8000,2947.8000,2943.6000,2943.4000,2955.0000,2956.4000,2957.2000,2959.0000,2959.4000,1,1,2,2,2,1,1,1,1,2
SF,IH2003,2019-11-18 09:30:00.500,2954.0000,12917,-1,4431300.000,4,1,3,多平,S,2952.8000,2947.8000,2943.6000,2942.0000,2941.2000,2953.6000,2954.0000,2954.6000,2955.0000,2956.4000,1,1,1,1,1,1,4,7,5,1
SF,IH2003,2019-11-18 09:30:01.000,2952.8000,12917,0,5317140.000,1,0,1,多换,S,2947.8000,2943.6000,2942.0000,2941.2000,2933.8000,2953.2000,2953.4000,2954.0000,2954.6000,2954.8000,1,1,1,1,1,1,4,1,6,4
SF,IH2003,2019-11-18 09:30:01.500,2952.8000,12917,0,5317140.000,0,-,-,-,-,2951.8000,2951.6000,2951.4000,2951.2000,2951.0000,2952.4000,2954.6000,2954.8000,2955.0000,2956.4000,1,1,1,3,3,2,1,4,3,1
SF,IH2003,2019-11-18 09:30:02.000,2952.4000,12917,0,6202860.000,1,0,1,多换,S,2952.2000,2952.0000,2951.2000,2951.0000,2950.2000,2952.4000,2954.0000,2954.8000,2955.0000,2956.4000,2,5,1,3,1,1,1,4,1,1
SF,IH2003,2019-11-18 09:30:02.500,2952.4000,12916,-1,7088580.000,1,0,1,双平,S,2952.8000,2952.4000,2952.2000,2952.0000,2951.2000,2954.0000,2954.8000,2955.0000,2956.4000,2960.0000,2,1,2,4,1,1,4,1,1,5
SF,IH2003,2019-11-18 09:30:03.000,2952.4000,12916,0,7088580.000,0,-,-,-,-,2953.2000,2953.0000,2952.8000,2952.4000,2952.0000,2954.0000,2954.8000,2955.0000,2956.4000,2960.0000,2,3,2,3,2,1,4,1,1,5
SF,IH2003,2019-11-18 09:30:03.500,2952.4000,12916,0,7088580.000,0,-,-,-,-,2953.2000,2952.4000,2952.0000,2951.2000,2951.0000,2954.0000,2954.8000,2955.0000,2956.4000,2960.0000,4,3,2,1,3,1,4,1,1,5
SF,IH2003,2019-11-18 09:30:04.000,2952.4000,12916,0,7088580.000,0,-,-,-,-,2953.4000,2953.2000,2952.4000,2952.0000,2951.2000,2954.0000,2954.8000,2955.0000,2956.4000,2960.0000,1,2,3,2,1,3,4,1,1,5
SF,IH2003,2019-11-18 09:30:04.500,2953.8000,12915,-1,8860860.000,2,0,2,多平,S,2953.4000,2952.4000,2952.0000,2951.2000,2951.0000,2953.8000,2954.0000,2954.8000,2955.0000,2956.4000,1,3,2,1,3,1,3,4,1,1
SF,IH2003,2019-11-18 09:30:05.000,2953.8000,12915,0,8860860.000,0,-,-,-,-,2953.8000,2953.4000,2952.4000,2952.0000,2951.2000,2954.0000,2954.8000,2955.0000,2956.4000,2960.0000,1,1,4,2,1,1,4,1,1,5
SF,IH2003,2019-11-18 09:30:05.500,2953.8000,12915,0,8860860.000,0,-,-,-,-,2952.4000,2952.0000,2951.2000,2951.0000,2950.2000,2954.0000,2954.8000,2955.0000,2956.4000,2960.0000,4,2,1,3,1,2,4,1,1,5
SF,IH2003,2019-11-18 09:30:06.000,2953.8000,12915,0,8860860.000,0,-,-,-,-,2952.6000,2952.4000,2952.0000,2951.2000,2951.0000,2953.8000,2954.0000,2954.8000,2955.0000,2956.4000,2,6,2,1,3,2,4,4,1,1
SF,IH2003,2019-11-18 09:30:06.500,2953.8000,12915,0,8860860.000,0,-,-,-,-,2952.6000,2952.4000,2952.0000,2951.2000,2951.0000,2953.8000,2954.0000,2954.8000,2955.0000,2956.4000,4,4,2,1,3,2,2,4,1,1
SF,IH2003,2019-11-18 09:30:07.500,2953.8000,12915,0,8860860.000,0,-,-,-,-,2953.8000,2952.6000,2952.4000,2952.0000,2951.2000,2954.0000,2954.8000,2955.0000,2956.4000,2960.0000,2,4,4,2,1,2,4,1,1,5
SF,IH2003,2019-11-18 09:30:08.000,2953.8000,12914,-1,9747000.000,1,0,1,双平,S,2953.8000,2952.6000,2952.4000,2952.0000,2951.2000,2954.0000,2954.8000,2955.0000,2956.4000,2960.0000,1,2,4,2,1,2,4,1,1,5
SF,IH2003,2019-11-18 09:30:08.500,2953.8000,12914,0,9747000.000,0,-,-,-,-,2952.6000,2952.4000,2952.0000,2951.2000,2951.0000,2953.8000,2954.0000,2954.8000,2955.0000,2956.4000,2,4,2,1,3,2,2,4,1,1
SF,IH2003,2019-11-18 09:30:09.000,2953.8000,12913,-1,10633140.000,1,0,1,双平,S,2952.6000,2952.4000,2952.0000,2951.2000,2951.0000,2954.0000,2954.8000,2955.0000,2956.4000,2960.0000,2,4,2,1,3,2,4,1,1,5
SF,IH2003,2019-11-18 09:30:09.500,2953.8000,12913,0,10633140.000,0,-,-,-,-,2952.6000,2952.4000,2952.0000,2951.2000,2951.0000,2953.6000,2954.0000,2954.8000,2955.0000,2956.4000,2,2,2,1,3,1,2,4,1,1
SF,IH2003,2019-11-18 09:30:10.000,2952.6000,12912,-1,11518920.000,1,0,1,双平,S,2952.4000,2952.0000,2951.2000,2951.0000,2950.2000,2954.0000,2954.8000,2955.0000,2956.4000,2960.0000,2,2,1,3,1,2,4,1,1,5
SF,IH2003,2019-11-18 09:30:10.500,2952.6000,12912,0,11518920.000,0,-,-,-,-,2951.2000,2951.0000,2950.2000,2950.0000,2949.0000,2953.2000,2953.4000,2953.6000,2953.8000,2954.0000,1,3,1,1,1,1,2,1,2,2
SF,IH2003,2019-11-18 09:30:11.000,2952.6000,12912,0,11518920.000,0,-,-,-,-,2951.4000,2951.2000,2951.0000,2950.2000,2950.0000,2953.2000,2953.8000,2954.0000,2954.8000,2955.0000,5,3,3,1,1,1,2,2,4,1
SF,IH2003,2019-11-18 09:30:11.500,2952.6000,12912,0,11518920.000,0,-,-,-,-,2951.4000,2951.2000,2951.0000,2950.2000,2950.0000,2953.2000,2953.8000,2954.0000,2954.8000,2955.0000,5,3,3,1,1,1,2,2,4,1
SF,IH2003,2019-11-18 09:30:12.000,2952.6000,12912,0,11518920.000,0,-,-,-,-,2951.4000,2950.2000,2948.2000,2947.8000,2941.2000,2953.0000,2953.2000,2953.8000,2954.0000,2954.8000,2,1,5,1,1,2,2,2,2,4
SF,IH2003,2019-11-18 09:30:12.500,2952.6000,12912,0,11518920.000,0,-,-,-,-,2951.4000,2950.2000,2948.2000,2947.8000,2941.2000,2952.6000,2953.0000,2953.2000,2953.8000,2954.0000,2,1,5,1,1,1,2,1,2,2
SF,IH2003,2019-11-18 09:30:13.000,2952.6000,12912,0,11518920.000,0,-,-,-,-,2951.4000,2950.2000,2948.2000,2947.8000,2941.2000,2952.6000,2952.8000,2953.0000,2953.2000,2953.8000,2,1,5,1,1,1,1,2,1,2
SF,IH2003,2019-11-18 09:30:14.000,2952.6000,12912,0,11518920.000,0,-,-,-,-,2951.4000,2950.2000,2948.2000,2947.8000,2941.2000,2952.6000,2953.0000,2953.2000,2953.8000,2954.0000,2,1,5,1,1,1,2,1,2,2
SF,IH2003,2019-11-18 09:30:14.500,2952.6000,12912,0,11518920.000,0,-,-,-,-,2948.2000,2947.8000,2941.2000,2940.8000,2933.8000,2952.0000,2952.6000,2953.0000,2953.2000,2953.8000,5,1,1,5,1,1,1,2,1,2
SF,IH2003,2019-11-18 09:30:15.000,2952.6000,12912,0,11518920.000,0,-,-,-,-,2950.8000,2950.6000,2950.4000,2950.2000,2950.0000,2951.4000,2952.6000,2953.0000,2953.2000,2953.8000,2,2,3,2,1,1,1,2,1,2
SF,IH2003,2019-11-18 09:30:15.500,2951.4000,12912,0,12404340.000,1,0,1,多换,S,2951.2000,2951.0000,2950.6000,2950.4000,2950.0000,2952.6000,2953.0000,2953.2000,2953.8000,2954.0000,1,3,1,3,1,1,2,1,2,2
SF,IH2003,2019-11-18 09:30:16.000,2951.4000,12912,0,12404340.000,0,-,-,-,-,2951.2000,2951.0000,2950.8000,2950.6000,2950.4000,2952.6000,2953.0000,2953.2000,2953.8000,2954.0000,1,4,1,1,3,2,2,1,2,2
SF,IH2003,2019-11-18 09:30:16.500,2951.4000,12912,0,12404340.000,0,-,-,-,-,2951.2000,2951.0000,2950.8000,2950.6000,2950.4000,2952.6000,2953.0000,2953.2000,2953.8000,2954.0000,1,4,1,1,3,3,2,1,2,2
SF,IH2003,2019-11-18 09:30:17.000,2951.4000,12912,0,12404340.000,0,-,-,-,-,2951.2000,2951.0000,2950.8000,2950.0000,2949.8000,2952.6000,2953.0000,2953.2000,2953.8000,2954.0000,1,4,1,1,1,3,2,1,2,2
SF,IH2003,2019-11-18 09:30:17.500,2951.4000,12912,0,12404340.000,0,-,-,-,-,2951.2000,2951.0000,2950.0000,2949.8000,2949.4000,2952.6000,2953.0000,2953.2000,2953.8000,2954.0000,1,4,1,1,1,2,2,1,2,2
SF,IH2003,2019-11-18 09:30:18.000,2951.4000,12912,0,12404340.000,0,-,-,-,-,2951.2000,2951.0000,2950.0000,2949.8000,2949.4000,2952.4000,2952.6000,2953.0000,2953.2000,2953.8000,1,4,1,1,1,1,2,2,1,2
SF,IH2003,2019-11-18 09:30:18.500,2951.4000,12911,-1,13289760.000,1,0,1,双平,S,2951.4000,2951.2000,2951.0000,2950.0000,2949.8000,2952.4000,2952.6000,2953.2000,2953.8000,2954.0000,4,1,5,1,1,1,1,1,3,2
SF,IH2003,2019-11-18 09:30:19.000,2951.4000,12911,0,13289760.000,0,-,-,-,-,2951.8000,2951.4000,2951.2000,2951.0000,2950.0000,2952.4000,2952.6000,2953.8000,2954.0000,2954.8000,1,5,1,5,1,1,1,2,2,4
SF,IH2003,2019-11-18 09:30:20.000,2951.4000,12911,0,13289760.000,0,-,-,-,-,2951.8000,2951.4000,2951.2000,2951.0000,2950.0000,2952.4000,2952.6000,2953.8000,2954.0000,2954.8000,1,4,1,5,1,1,1,2,2,4
SF,IH2003,2019-11-18 09:30:20.500,2951.4000,12911,0,13289760.000,0,-,-,-,-,2951.8000,2951.4000,2951.2000,2951.0000,2950.0000,2952.2000,2952.4000,2952.6000,2953.8000,2954.0000,2,4,1,5,1,1,1,1,2,2
SF,IH2003,2019-11-18 09:30:21.000,2951.4000,12911,0,13289760.000,0,-,-,-,-,2951.8000,2951.4000,2951.2000,2951.0000,2950.0000,2952.2000,2952.6000,2953.8000,2954.0000,2954.8000,2,4,1,5,1,2,1,2,2,4
SF,IH2003,2019-11-18 09:30:21.500,2951.4000,12911,0,13289760.000,0,-,-,-,-,2951.8000,2951.4000,2951.0000,2950.0000,2949.4000,2952.2000,2952.6000,2953.8000,2954.0000,2954.8000,2,4,5,1,1,2,1,2,2,4
SF,IH2003,2019-11-18 09:30:22.000,2951.4000,12911,0,13289760.000,0,-,-,-,-,2951.8000,2951.4000,2951.0000,2950.0000,2949.4000,2952.2000,2952.6000,2953.8000,2954.0000,2954.8000,1,4,5,1,1,2,1,2,2,4
SF,IH2003,2019-11-18 09:30:24.000,2952.2000,12910,-1,15061080.000,2,0,2,多平,S,2952.2000,2951.8000,2951.4000,2951.0000,2950.0000,2952.6000,2953.8000,2954.0000,2954.8000,2955.0000,1,1,4,5,1,1,2,2,4,1
SF,IH2003,2019-11-18 09:30:24.500,2952.2000,12910,0,16832520.000,2,1,1,多换,S,2951.4000,2951.0000,2950.0000,2949.4000,2949.0000,2951.8000,2952.4000,2953.8000,2954.0000,2954.8000,4,5,1,1,3,1,1,2,2,4
SF,IH2003,2019-11-18 09:30:25.000,2951.8000,12910,0,17718060.000,1,0,1,多换,S,2952.0000,2951.8000,2951.6000,2951.4000,2951.0000,2952.4000,2953.8000,2954.0000,2954.8000,2955.0000,1,1,2,4,5,1,2,2,4,1
SF,IH2003,2019-11-18 09:30:25.500,2951.8000,12910,0,17718060.000,0,-,-,-,-,2951.8000,2951.4000,2951.0000,2950.0000,2949.4000,2952.4000,2953.8000,2954.0000,2954.8000,2955.0000,1,4,5,1,1,1,2,2,4,1
SF,IH2003,2019-11-18 09:30:26.000,2952.4000,12909,-1,18603780.000,1,0,1,双平,S,2952.4000,2951.4000,2951.0000,2950.0000,2949.4000,2953.8000,2954.0000,2954.8000,2955.0000,2956.4000,2,4,5,1,1,2,2,4,1,1
SF,IH2003,2019-11-18 09:30:26.500,2952.4000,12909,0,18603780.000,0,-,-,-,-,2952.4000,2952.0000,2951.8000,2951.4000,2951.0000,2953.6000,2953.8000,2954.0000,2954.8000,2955.0000,2,2,1,4,2,3,2,2,4,1
SF,IH2003,2019-11-18 09:30:27.000,2952.4000,12909,0,18603780.000,0,-,-,-,-,2952.4000,2952.0000,2951.8000,2951.4000,2951.0000,2953.4000,2953.6000,2953.8000,2954.0000,2954.8000,1,2,1,4,2,1,3,2,2,4
SF,IH2003,2019-11-18 09:30:27.500,2952.4000,12909,0,18603780.000,0,-,-,-,-,2952.0000,2951.8000,2951.4000,2951.0000,2950.0000,2952.4000,2953.2000,2953.8000,2954.0000,2954.8000,2,1,4,2,1,1,2,2,2,4
SF,IH2003,2019-11-18 09:30:28.000,2952.4000,12909,0,18603780.000,0,-,-,-,-,2952.0000,2951.8000,2951.4000,2951.0000,2950.0000,2952.2000,2953.0000,2953.8000,2954.0000,2954.8000,2,1,4,2,1,1,1,2,2,4
SF,IH2003,2019-11-18 09:30:28.500,2952.2000,12908,-1,19489440.000,1,0,1,双平,S,2952.0000,2951.8000,2951.4000,2951.0000,2950.0000,2953.0000,2953.8000,2954.0000,2954.8000,2955.0000,2,1,4,2,1,1,2,2,4,1
SF,IH2003,2019-11-18 09:30:29.000,2952.2000,12908,0,19489440.000,0,-,-,-,-,2952.4000,2952.0000,2951.4000,2951.0000,2950.0000,2952.8000,2953.8000,2954.0000,2954.8000,2955.0000,1,2,4,2,1,2,2,2,4,1
SF,IH2003,2019-11-18 09:30:30.500,2952.2000,12908,0,19489440.000,0,-,-,-,-,2952.4000,2952.0000,2951.4000,2951.0000,2950.0000,2952.8000,2953.8000,2954.0000,2954.8000,2955.0000,1,3,4,2,1,2,2,2,4,1
SF,IH2003,2019-11-18 09:30:31.000,2952.8000,12907,-1,21261120.000,2,0,2,多平,S,2952.8000,2952.4000,2952.0000,2951.8000,2951.4000,2954.0000,2954.4000,2954.8000,2955.0000,2956.4000,2,1,3,1,4,2,1,4,1,1
SF,IH2003,2019-11-18 09:30:31.500,2952.8000,12907,0,21261120.000,0,-,-,-,-,2952.8000,2952.6000,2952.4000,2952.0000,2951.4000,2953.8000,2954.0000,2954.8000,2955.0000,2956.4000,2,4,1,3,2,2,2,4,1,1
SF,IH2003,2019-11-18 09:30:32.000,2952.8000,12907,0,21261120.000,0,-,-,-,-,2953.0000,2952.8000,2952.6000,2952.0000,2951.4000,2953.8000,2954.0000,2954.8000,2955.0000,2956.4000,1,2,4,3,2,2,2,4,1,1
SF,IH2003,2019-11-18 09:30:32.500,2952.8000,12907,0,21261120.000,0,-,-,-,-,2953.0000,2952.8000,2952.6000,2952.0000,2951.4000,2953.6000,2953.8000,2954.0000,2954.8000,2955.0000,1,2,4,3,2,1,1,2,4,1
SF,IH2003,2019-11-18 09:30:33.000,2952.8000,12907,0,21261120.000,0,-,-,-,-,2953.0000,2952.8000,2952.6000,2952.0000,2951.4000,2953.4000,2953.6000,2954.0000,2954.8000,2955.0000,1,2,4,3,2,1,1,2,4,1
SF,IH2003,2019-11-18 09:30:34.500,2953.0000,12906,-1,22147020.000,1,0,1,双平,S,2952.8000,2952.6000,2952.0000,2951.4000,2951.0000,2953.0000,2953.4000,2953.6000,2954.0000,2954.8000,2,4,3,2,1,1,1,1,2,4
SF,IH2003,2019-11-18 09:30:35.000,2953.0000,12906,0,23032920.000,1,0,1,多换,S,2952.8000,2952.6000,2952.0000,2951.4000,2951.0000,2953.4000,2953.6000,2954.0000,2954.8000,2955.0000,3,4,3,2,1,1,1,2,4,1
SF,IH2003,2019-11-18 09:30:35.500,2953.0000,12906,0,23032920.000,0,-,-,-,-,2953.0000,2952.8000,2952.6000,2952.0000,2951.4000,2953.4000,2953.6000,2954.0000,2954.8000,2955.0000,2,1,4,1,2,1,1,2,4,1
SF,IH2003,2019-11-18 09:30:36.000,2953.0000,12905,-1,24804720.000,2,0,2,多平,S,2952.8000,2952.6000,2952.0000,2951.4000,2951.0000,2953.4000,2953.6000,2954.0000,2954.8000,2955.0000,1,2,1,2,1,1,1,2,2,1
SF,IH2003,2019-11-18 09:30:36.500,2953.0000,12905,0,24804720.000,0,-,-,-,-,2952.8000,2952.6000,2952.0000,2951.4000,2951.0000,2953.0000,2953.4000,2953.6000,2954.0000,2954.8000,1,2,1,2,1,2,1,1,2,2
SF,IH2003,2019-11-18 09:30:37.000,2953.0000,12905,0,25690620.000,1,0,1,多换,S,2952.8000,2952.6000,2952.0000,2951.4000,2951.0000,2953.4000,2953.6000,2954.0000,2954.8000,2955.0000,1,2,1,2,1,1,1,2,2,1
SF,IH2003,2019-11-18 09:30:37.500,2953.0000,12905,0,26576520.000,1,0,1,多换,S,2952.8000,2952.6000,2952.0000,2951.4000,2951.0000,2953.4000,2953.6000,2954.0000,2954.8000,2955.0000,1,2,1,2,1,1,1,2,2,1
SF,IH2003,2019-11-18 09:30:38.000,2953.0000,12905,0,26576520.000,0,-,-,-,-,2952.8000,2952.6000,2952.0000,2951.4000,2951.0000,2953.4000,2954.0000,2954.8000,2955.0000,2956.4000,1,2,1,2,1,1,2,2,1,1
SF,IH2003,2019-11-18 09:30:38.500,2953.0000,12905,0,26576520.000,0,-,-,-,-,2952.8000,2952.6000,2952.0000,2951.4000,2951.0000,2953.2000,2953.4000,2954.0000,2954.8000,2955.0000,1,2,1,2,1,1,1,1,2,1
SF,IH2003,2019-11-18 09:30:39.000,2953.0000,12905,0,26576520.000,0,-,-,-,-,2952.0000,2951.4000,2951.0000,2950.0000,2949.4000,2952.8000,2953.2000,2953.4000,2954.0000,2954.8000,1,2,1,1,1,1,1,1,1,2
SF,IH2003,2019-11-18 09:30:39.500,2953.0000,12905,0,26576520.000,0,-,-,-,-,2952.2000,2952.0000,2951.4000,2951.0000,2950.0000,2952.8000,2953.2000,2953.4000,2954.0000,2954.8000,2,1,2,1,1,2,1,1,1,2
SF,IH2003,2019-11-18 09:30:40.500,2953.0000,12905,0,26576520.000,0,-,-,-,-,2952.0000,2951.4000,2951.0000,2950.0000,2949.4000,2952.8000,2953.2000,2953.4000,2954.0000,2954.8000,1,2,1,1,1,2,1,1,1,2
SF,IH2003,2019-11-18 09:30:41.000,2953.0000,12905,0,26576520.000,0,-,-,-,-,2952.2000,2952.0000,2951.4000,2951.0000,2950.0000,2952.8000,2953.2000,2953.4000,2954.0000,2954.8000,2,1,2,1,1,2,1,1,1,2
SF,IH2003,2019-11-18 09:30:41.500,2953.0000,12905,0,26576520.000,0,-,-,-,-,2952.0000,2951.4000,2951.0000,2950.0000,2949.4000,2952.8000,2953.2000,2953.4000,2954.0000,2954.8000,1,2,1,1,1,2,1,1,1,2
SF,IH2003,2019-11-18 09:30:42.000,2953.0000,12905,0,26576520.000,0,-,-,-,-,2952.0000,2951.4000,2951.0000,2950.0000,2949.4000,2952.8000,2953.2000,2954.0000,2954.8000,2955.0000,1,2,1,1,1,2,1,1,2,1
SF,IH2003,2019-11-18 09:30:42.500,2953.0000,12905,0,26576520.000,0,-,-,-,-,2952.2000,2952.0000,2951.4000,2951.0000,2950.0000,2952.6000,2952.8000,2953.2000,2954.0000,2954.8000,2,2,2,1,1,1,2,1,1,2
SF,IH2003,2019-11-18 09:30:43.000,2953.0000,12905,0,26576520.000,0,-,-,-,-,2952.0000,2951.4000,2951.0000,2950.0000,2949.4000,2952.6000,2952.8000,2953.2000,2954.8000,2955.0000,1,2,1,1,1,1,2,1,2,1
SF,IH2003,2019-11-18 09:30:43.500,2953.0000,12905,0,26576520.000,0,-,-,-,-,2952.2000,2952.0000,2951.4000,2951.0000,2950.0000,2952.4000,2952.6000,2952.8000,2953.2000,2954.8000,6,1,2,1,1,1,1,1,1,2
SF,IH2003,2019-11-18 09:30:44.000,2952.4000,12903,-2,28348020.000,2,0,2,双平,S,2952.4000,2952.2000,2952.0000,2951.4000,2951.0000,2952.6000,2952.8000,2954.8000,2955.0000,2956.4000,3,3,2,2,1,1,1,2,1,1
SF,IH2003,2019-11-18 09:30:44.500,2952.6000,12902,-1,29233800.000,1,0,1,双平,S,2952.4000,2952.2000,2952.0000,2951.4000,2951.0000,2952.6000,2952.8000,2954.8000,2955.0000,2956.4000,2,2,1,2,1,2,1,2,1,1
SF,IH2003,2019-11-18 09:30:46.000,2952.4000,12902,0,30119520.000,1,0,1,多换,S,2952.2000,2952.0000,2951.4000,2951.0000,2950.0000,2952.4000,2952.6000,2952.8000,2954.8000,2955.0000,2,1,2,1,1,1,2,1,2,1
SF,IH2003,2019-11-18 09:30:46.500,2952.4000,12902,0,30119520.000,0,-,-,-,-,2952.2000,2952.0000,2951.4000,2951.0000,2950.0000,2952.6000,2952.8000,2954.8000,2955.0000,2956.4000,5,1,2,1,1,2,1,2,1,1
SF,IH2003,2019-11-18 09:30:47.000,2952.6000,12900,-2,32776740.000,3,0,3,多平,S,2952.2000,2952.0000,2951.4000,2951.0000,2950.0000,2952.4000,2952.6000,2952.8000,2954.8000,2955.0000,3,1,2,1,1,1,1,1,2,1
SF,IH2003,2019-11-18 09:30:47.500,2952.6000,12898,-2,34548300.000,2,0,2,双平,S,2952.2000,2952.0000,2951.4000,2951.0000,2950.0000,2952.4000,2952.8000,2954.8000,2955.0000,2956.4000,3,1,2,1,1,2,1,2,1,1
SF,IH2003,2019-11-18 09:30:48.000,2952.4000,12895,-3,37205460.000,3,0,3,双平,S,2952.2000,2952.0000,2951.4000,2951.0000,2950.0000,2952.4000,2952.8000,2954.8000,2955.0000,2956.4000,3,1,2,1,1,1,1,2,1,1
SF,IH2003,2019-11-18 09:30:48.500,2952.4000,12892,-3,40748520.000,4,0,4,多平,S,2952.2000,2952.0000,2951.4000,2951.0000,2950.0000,2954.8000,2955.0000,2956.4000,2960.0000,2960.2000,4,2,2,1,1,2,1,1,1,5
SF,IH2003,2019-11-18 09:30:49.000,2952.2000,12891,-1,41634180.000,1,0,1,双平,S,2952.2000,2952.0000,2951.4000,2951.0000,2950.0000,2954.4000,2954.6000,2954.8000,2955.0000,2956.4000,3,2,2,1,1,1,6,2,1,1
SF,IH2003,2019-11-18 09:30:49.500,2952.2000,12891,0,41634180.000,0,-,-,-,-,2952.2000,2952.0000,2951.4000,2951.0000,2950.0000,2952.6000,2954.0000,2954.2000,2954.4000,2954.6000,3,2,2,1,1,1,1,6,1,4
SF,IH2003,2019-11-18 09:30:50.000,2952.6000,12891,0,42519960.000,1,0,1,多换,S,2952.4000,2952.2000,2952.0000,2951.4000,2951.0000,2954.0000,2954.2000,2954.6000,2954.8000,2955.0000,1,7,3,2,1,1,4,4,2,1
SF,IH2003,2019-11-18 09:30:50.500,2952.6000,12891,0,42519960.000,0,-,-,-,-,2952.6000,2952.4000,2952.2000,2952.0000,2951.0000,2953.8000,2954.0000,2954.2000,2954.6000,2954.8000,2,1,8,3,1,1,1,4,4,2
SF,IH2003,2019-11-18 09:30:51.000,2952.6000,12891,0,42519960.000,0,-,-,-,-,2952.6000,2952.4000,2952.2000,2952.0000,2951.0000,2953.8000,2954.2000,2954.6000,2954.8000,2955.0000,3,1,8,3,1,1,4,4,2,1
SF,IH2003,2019-11-18 09:30:52.000,2952.6000,12891,0,42519960.000,0,-,-,-,-,2952.6000,2952.4000,2952.2000,2952.0000,2951.0000,2953.8000,2954.2000,2954.6000,2954.8000,2955.0000,3,1,7,3,1,1,4,4,2,1
SF,IH2003,2019-11-18 09:30:52.500,2952.6000,12891,0,42519960.000,0,-,-,-,-,2952.6000,2952.4000,2952.2000,2952.0000,2951.0000,2954.2000,2954.6000,2954.8000,2955.0000,2955.2000,4,1,7,3,1,2,4,2,1,1
SF,IH2003,2019-11-18 09:30:53.000,2952.6000,12891,0,42519960.000,0,-,-,-,-,2952.8000,2952.6000,2952.4000,2952.2000,2952.0000,2954.0000,2954.2000,2954.6000,2954.8000,2955.0000,1,4,1,7,3,1,2,4,2,1
SF,IH2003,2019-11-18 09:30:53.500,2952.6000,12891,0,42519960.000,0,-,-,-,-,2953.0000,2952.8000,2952.6000,2952.4000,2952.2000,2954.2000,2954.6000,2954.8000,2955.0000,2955.2000,1,1,5,1,5,2,4,2,1,1
SF,IH2003,2019-11-18 09:30:54.000,2952.6000,12891,0,42519960.000,0,-,-,-,-,2953.0000,2952.8000,2952.6000,2952.4000,2952.2000,2954.6000,2954.8000,2955.0000,2955.2000,2956.4000,1,1,5,1,5,4,2,1,1,1
SF,IH2003,2019-11-18 09:30:54.500,2952.6000,12891,0,42519960.000,0,-,-,-,-,2953.0000,2952.8000,2952.6000,2952.4000,2952.2000,2954.4000,2954.6000,2955.0000,2955.2000,2956.4000,1,1,5,1,5,1,4,1,1,1
SF,IH2003,2019-11-18 09:30:55.000,2952.6000,12891,0,42519960.000,0,-,-,-,-,2953.0000,2952.8000,2952.6000,2952.4000,2952.2000,2954.4000,2954.6000,2955.0000,2955.2000,2956.4000,1,1,4,1,5,1,5,1,1,1
SF,IH2003,2019-11-18 09:30:55.500,2952.6000,12891,0,42519960.000,0,-,-,-,-,2953.0000,2952.8000,2952.6000,2952.4000,2952.2000,2954.4000,2954.6000,2955.0000,2955.2000,2956.4000,2,1,4,1,5,1,5,1,1,1
SF,IH2003,2019-11-18 09:30:56.000,2952.6000,12891,0,42519960.000,0,-,-,-,-,2953.0000,2952.8000,2952.6000,2952.4000,2952.2000,2954.4000,2954.6000,2955.0000,2955.2000,2956.4000,2,1,2,1,5,1,4,1,1,1
SF,IH2003,2019-11-18 09:30:56.500,2952.6000,12891,0,42519960.000,0,-,-,-,-,2953.0000,2952.8000,2952.6000,2952.4000,2952.2000,2954.4000,2954.6000,2955.0000,2955.2000,2956.4000,2,1,2,1,5,2,4,1,1,1
SF,IH2003,2019-11-18 09:30:57.500,2952.6000,12891,0,42519960.000,0,-,-,-,-,2953.2000,2953.0000,2952.8000,2952.6000,2952.4000,2954.4000,2954.6000,2955.0000,2955.2000,2956.4000,1,2,1,2,1,1,4,1,1,1
SF,IH2003,2019-11-18 09:30:58.000,2952.6000,12891,0,42519960.000,0,-,-,-,-,2953.2000,2953.0000,2952.8000,2952.6000,2952.4000,2954.4000,2954.6000,2955.0000,2955.2000,2956.4000,1,2,1,2,1,2,4,1,1,1
SF,IH2003,2019-11-18 09:30:58.500,2952.6000,12891,0,42519960.000,0,-,-,-,-,2953.2000,2953.0000,2952.8000,2952.6000,2952.4000,2954.4000,2954.6000,2955.0000,2955.2000,2956.4000,1,3,1,2,1,1,4,1,1,1
SF,IH2003,2019-11-18 09:30:59.500,2952.6000,12891,0,42519960.000,0,-,-,-,-,2953.2000,2953.0000,2952.8000,2952.6000,2952.4000,2954.4000,2954.6000,2955.0000,2955.2000,2956.4000,1,2,1,2,1,1,4,1,1,1
SF,IH2003,2019-11-18 09:31:00.000,2954.2000,12891,0,46951260.000,5,2,3,多换,S,2953.0000,2952.8000,2952.6000,2952.4000,2952.2000,2954.4000,2954.6000,2955.0000,2955.2000,2956.4000,2,1,2,1,4,2,4,1,1,1
SF,IH2003,2019-11-18 09:31:00.500,2954.2000,12891,0,46951260.000,0,-,-,-,-,2953.2000,2953.0000,2952.8000,2952.6000,2952.4000,2954.4000,2954.6000,2955.0000,2955.2000,2956.4000,1,3,1,2,1,1,4,1,1,1
SF,IH2003,2019-11-18 09:31:01.000,2954.2000,12891,0,46951260.000,0,-,-,-,-,2953.2000,2953.0000,2952.8000,2952.6000,2952.4000,2954.4000,2954.6000,2955.0000,2955.2000,2956.4000,1,2,1,2,1,1,4,1,1,1
SF,IH2003,2019-11-18 09:31:01.500,2954.2000,12891,0,46951260.000,0,-,-,-,-,2953.4000,2953.2000,2953.0000,2952.8000,2952.4000,2954.4000,2955.0000,2955.2000,2956.4000,2960.0000,3,1,2,1,1,1,1,1,1,1
SF,IH2003,2019-11-18 09:31:02.000,2954.2000,12891,0,46951260.000,0,-,-,-,-,2953.6000,2953.4000,2953.2000,2953.0000,2952.8000,2954.4000,2955.0000,2955.2000,2956.4000,2960.0000,1,2,1,2,1,1,1,1,1,1
SF,IH2003,2019-11-18 09:31:02.500,2954.2000,12891,0,46951260.000,0,-,-,-,-,2953.2000,2953.0000,2952.8000,2952.4000,2952.2000,2954.4000,2955.0000,2955.2000,2956.4000,2960.0000,1,1,1,1,4,2,1,1,1,1
SF,IH2003,2019-11-18 09:31:03.500,2954.2000,12891,0,46951260.000,0,-,-,-,-,2953.2000,2953.0000,2952.8000,2952.4000,2952.2000,2954.4000,2955.0000,2955.2000,2956.4000,2960.0000,1,1,1,1,4,1,1,1,1,1
SF,IH2003,2019-11-18 09:31:04.500,2954.2000,12891,0,46951260.000,0,-,-,-,-,2953.2000,2953.0000,2952.8000,2952.4000,2952.2000,2954.4000,2955.0000,2955.2000,2956.4000,2960.0000,1,1,1,1,4,1,1,1,1,1
SF,IH2003,2019-11-18 09:31:05.000,2954.2000,12891,0,46951260.000,0,-,-,-,-,2953.2000,2953.0000,2952.8000,2952.4000,2952.2000,2954.4000,2955.0000,2955.2000,2956.4000,2960.0000,1,2,1,1,4,1,1,1,1,1
SF,IH2003,2019-11-18 09:31:06.000,2953.2000,12891,0,47837220.000,1,0,1,多换,S,2953.0000,2952.8000,2952.4000,2952.2000,2952.0000,2954.4000,2955.0000,2955.2000,2956.4000,2960.0000,3,1,1,4,3,1,1,1,1,1
SF,IH2003,2019-11-18 09:31:06.500,2953.2000,12891,0,47837220.000,0,-,-,-,-,2953.4000,2953.2000,2953.0000,2952.8000,2952.4000,2955.0000,2955.2000,2956.4000,2960.0000,2960.2000,2,2,3,1,1,1,1,1,1,5
SF,IH2003,2019-11-18 09:31:07.000,2953.2000,12891,0,47837220.000,0,-,-,-,-,2953.4000,2953.2000,2953.0000,2952.8000,2952.4000,2954.8000,2955.0000,2955.2000,2956.4000,2960.0000,2,1,4,1,1,2,1,1,1,1
SF,IH2003,2019-11-18 09:31:07.500,2953.2000,12891,0,47837220.000,0,-,-,-,-,2953.8000,2953.6000,2953.4000,2953.0000,2952.8000,2954.8000,2955.0000,2955.2000,2956.4000,2960.0000,2,4,2,4,1,1,1,1,1,1
SF,IH2003,2019-11-18 09:31:08.000,2953.2000,12891,0,47837220.000,0,-,-,-,-,2954.0000,2953.8000,2953.6000,2953.4000,2953.0000,2954.8000,2955.0000,2955.2000,2956.4000,2960.0000,2,2,3,2,2,1,1,1,1,1
SF,IH2003,2019-11-18 09:31:08.500,2953.2000,12891,0,47837220.000,0,-,-,-,-,2954.6000,2954.4000,2954.2000,2954.0000,2953.4000,2954.8000,2955.0000,2955.2000,2956.4000,2960.0000,1,3,2,4,2,1,1,1,1,1
SF,IH2003,2019-11-18 09:31:09.000,2954.8000,12890,-1,50495820.000,3,1,2,多平,S,2954.0000,2953.0000,2952.8000,2952.4000,2952.2000,2954.8000,2955.0000,2955.2000,2956.4000,2960.0000,1,2,2,1,4,1,1,1,1,1
SF,IH2003,2019-11-18 09:31:09.500,2954.8000,12890,0,50495820.000,0,-,-,-,-,2954.0000,2953.0000,2952.8000,2952.4000,2952.2000,2954.6000,2954.8000,2955.0000,2955.2000,2956.4000,1,2,2,1,4,2,1,1,1,1
SF,IH2003,2019-11-18 09:31:10.000,2954.8000,12890,0,50495820.000,0,-,-,-,-,2954.0000,2953.0000,2952.8000,2952.4000,2952.2000,2954.6000,2954.8000,2955.0000,2955.2000,2956.4000,3,2,2,1,3,2,1,1,1,1
SF,IH2003,2019-11-18 09:31:10.500,2954.8000,12890,0,50495820.000,0,-,-,-,-,2953.0000,2952.8000,2952.4000,2952.2000,2952.0000,2954.6000,2954.8000,2955.0000,2955.2000,2956.4000,2,2,1,3,3,2,1,1,1,1
SF,IH2003,2019-11-18 09:31:11.000,2954.8000,12890,0,50495820.000,0,-,-,-,-,2953.8000,2953.6000,2953.2000,2953.0000,2952.8000,2954.6000,2954.8000,2955.0000,2955.2000,2956.4000,1,2,4,2,2,1,1,1,1,1
SF,IH2003,2019-11-18 09:31:11.500,2954.8000,12890,0,50495820.000,0,-,-,-,-,2953.0000,2952.8000,2952.4000,2952.0000,2950.0000,2954.6000,2954.8000,2955.2000,2956.4000,2960.0000,2,2,1,3,1,1,1,1,1,1
SF,IH2003,2019-11-18 09:31:12.000,2954.8000,12890,0,50495820.000,0,-,-,-,-,2953.2000,2953.0000,2952.8000,2952.4000,2952.0000,2954.6000,2954.8000,2955.2000,2956.4000,2960.0000,2,2,2,1,3,1,1,1,1,1
SF,IH2003,2019-11-18 09:31:12.500,2954.8000,12890,0,50495820.000,0,-,-,-,-,2953.2000,2953.0000,2952.8000,2952.4000,2952.0000,2954.6000,2954.8000,2955.2000,2956.4000,2960.0000,2,2,2,1,3,1,2,1,1,1
SF,IH2003,2019-11-18 09:31:13.000,2954.8000,12890,0,50495820.000,0,-,-,-,-,2953.4000,2953.2000,2953.0000,2952.8000,2952.4000,2954.6000,2954.8000,2955.2000,2956.4000,2960.0000,1,3,2,2,1,1,2,1,1,1
SF,IH2003,2019-11-18 09:31:13.500,2954.8000,12890,0,50495820.000,0,-,-,-,-,2953.4000,2953.2000,2953.0000,2952.8000,2952.4000,2954.6000,2954.8000,2955.2000,2956.4000,2960.0000,1,2,2,2,1,1,2,1,1,1
SF,IH2003,2019-11-18 09:31:14.000,2954.8000,12889,-1,51382260.000,1,0,1,双平,S,2953.6000,2953.4000,2953.2000,2953.0000,2952.8000,2954.8000,2955.2000,2956.4000,2960.0000,2962.4000,1,1,2,2,2,2,1,1,1,1
SF,IH2003,2019-11-18 09:31:14.500,2954.8000,12889,0,51382260.000,0,-,-,-,-,2953.4000,2953.2000,2953.0000,2952.8000,2952.4000,2954.6000,2954.8000,2955.2000,2956.4000,2960.0000,1,2,2,2,1,1,2,1,1,1
SF,IH2003,2019-11-18 09:31:15.000,2953.6000,12887,-2,53154420.000,2,0,2,双平,S,2953.6000,2953.4000,2953.2000,2953.0000,2952.8000,2954.8000,2955.2000,2956.4000,2960.0000,2962.4000,5,1,1,2,2,2,1,1,1,1
SF,IH2003,2019-11-18 09:31:15.500,2953.6000,12887,0,53154420.000,0,-,-,-,-,2953.6000,2953.4000,2953.2000,2953.0000,2952.8000,2954.8000,2955.2000,2956.4000,2960.0000,2962.4000,6,1,1,7,2,2,1,1,1,1
SF,IH2003,2019-11-18 09:31:16.000,2953.6000,12887,0,53154420.000,0,-,-,-,-,2953.6000,2953.4000,2953.2000,2953.0000,2952.8000,2954.8000,2955.2000,2956.4000,2960.0000,2962.4000,6,1,1,7,2,2,1,1,1,1
SF,IH2003,2019-11-18 09:31:16.500,2953.6000,12887,0,53154420.000,0,-,-,-,-,2953.8000,2953.6000,2953.4000,2953.2000,2953.0000,2954.8000,2955.2000,2956.4000,2960.0000,2962.4000,1,6,1,1,7,2,1,1,1,1
SF,IH2003,2019-11-18 09:31:17.000,2953.6000,12887,0,53154420.000,0,-,-,-,-,2953.8000,2953.6000,2953.4000,2953.2000,2953.0000,2954.8000,2955.2000,2956.4000,2960.0000,2962.4000,1,4,1,1,7,2,1,1,1,1
SF,IH2003,2019-11-18 09:31:17.500,2953.6000,12887,0,53154420.000,0,-,-,-,-,2954.0000,2953.8000,2953.6000,2953.4000,2953.2000,2954.8000,2955.2000,2956.4000,2960.0000,2962.4000,1,1,4,1,1,2,1,1,1,1
SF,IH2003,2019-11-18 09:31:18.000,2953.6000,12887,0,53154420.000,0,-,-,-,-,2954.4000,2954.2000,2954.0000,2953.8000,2953.6000,2954.8000,2955.2000,2956.4000,2960.0000,2962.4000,1,3,3,1,3,2,1,1,1,1
SF,IH2003,2019-11-18 09:31:18.500,2953.6000,12887,0,53154420.000,0,-,-,-,-,2954.2000,2954.0000,2953.6000,2953.4000,2953.2000,2954.8000,2955.2000,2956.4000,2960.0000,2962.4000,2,3,3,1,1,2,1,1,1,1
SF,IH2003,2019-11-18 09:31:19.000,2953.6000,12887,0,53154420.000,0,-,-,-,-,2954.2000,2954.0000,2953.6000,2953.4000,2953.2000,2954.8000,2955.2000,2956.4000,2960.0000,2962.4000,2,3,3,1,1,3,1,1,1,1
SF,IH2003,2019-11-18 09:31:19.500,2953.6000,12887,0,53154420.000,0,-,-,-,-,2954.4000,2954.2000,2954.0000,2953.6000,2953.4000,2954.8000,2955.2000,2956.4000,2960.0000,2962.4000,1,2,3,3,1,3,1,1,1,1
SF,IH2003,2019-11-18 09:31:20.000,2953.6000,12887,0,53154420.000,0,-,-,-,-,2954.2000,2954.0000,2953.6000,2953.4000,2953.0000,2954.8000,2955.2000,2956.4000,2960.0000,2962.4000,1,3,3,1,7,3,1,1,1,1
SF,IH2003,2019-11-18 09:31:20.500,2954.8000,12887,0,54040860.000,1,0,1,多换,S,2954.2000,2954.0000,2953.6000,2953.4000,2953.0000,2954.8000,2955.2000,2956.4000,2960.0000,2962.4000,2,3,3,1,7,2,1,1,1,1
SF,IH2003,2019-11-18 09:31:21.000,2954.8000,12886,-1,55813740.000,2,0,2,多平,S,2954.2000,2954.0000,2953.6000,2953.4000,2953.0000,2955.2000,2956.4000,2960.0000,2962.4000,2964.0000,2,3,3,1,7,1,1,1,1,5
SF,IH2003,2019-11-18 09:31:21.500,2954.8000,12886,0,55813740.000,0,-,-,-,-,2954.6000,2954.4000,2954.2000,2954.0000,2953.6000,2955.2000,2956.4000,2960.0000,2962.4000,2964.0000,1,1,2,3,3,1,1,1,1,5
SF,IH2003,2019-11-18 09:31:22.000,2954.8000,12886,0,55813740.000,0,-,-,-,-,2954.8000,2954.6000,2954.2000,2954.0000,2953.6000,2955.2000,2956.4000,2960.0000,2962.4000,2964.0000,2,1,1,2,3,1,1,1,1,5
SF,IH2003,2019-11-18 09:31:22.500,2954.8000,12885,-1,56700180.000,1,0,1,双平,S,2954.6000,2954.2000,2954.0000,2953.6000,2953.4000,2955.2000,2956.4000,2960.0000,2962.4000,2964.0000,1,1,2,3,1,1,1,1,1,5
SF,IH2003,2019-11-18 09:31:23.000,2954.8000,12885,0,56700180.000,0,-,-,-,-,2954.2000,2954.0000,2953.6000,2953.4000,2953.0000,2955.2000,2956.4000,2960.0000,2962.4000,2964.0000,1,2,3,1,7,1,1,1,1,5
SF,IH2003,2019-11-18 09:31:23.500,2955.2000,12884,-1,57586740.000,1,0,1,双平,S,2955.2000,2955.0000,2954.8000,2954.6000,2954.4000,2956.4000,2960.0000,2962.4000,2964.0000,2974.8000,5,3,2,1,3,1,1,1,5,1
SF,IH2003,2019-11-18 09:31:24.000,2955.2000,12884,0,57586740.000,0,-,-,-,-,2955.2000,2954.8000,2954.0000,2953.4000,2953.0000,2956.2000,2956.4000,2960.0000,2962.4000,2964.0000,2,2,2,1,7,1,1,1,1,5
SF,IH2003,2019-11-18 09:31:24.500,2955.2000,12884,0,57586740.000,0,-,-,-,-,2955.2000,2954.0000,2953.4000,2953.0000,2952.8000,2956.2000,2956.4000,2960.0000,2962.4000,2964.0000,2,2,1,7,2,1,2,1,1,5
SF,IH2003,2019-11-18 09:31:25.000,2955.2000,12884,0,57586740.000,0,-,-,-,-,2955.2000,2954.0000,2953.0000,2952.8000,2952.4000,2956.2000,2956.4000,2960.0000,2962.4000,2964.0000,2,3,7,1,1,1,1,1,1,5
SF,IH2003,2019-11-18 09:31:27.500,2955.2000,12884,0,57586740.000,0,-,-,-,-,2955.2000,2955.0000,2954.0000,2953.0000,2952.8000,2956.2000,2956.4000,2960.0000,2962.4000,2964.0000,5,2,3,7,1,1,1,1,1,5
SF,IH2003,2019-11-18 09:31:28.000,2955.2000,12884,0,57586740.000,0,-,-,-,-,2955.2000,2955.0000,2954.0000,2953.0000,2952.8000,2956.2000,2956.4000,2960.0000,2962.4000,2964.0000,5,2,3,7,1,1,1,1,1,5
SF,IH2003,2019-11-18 09:31:28.500,2955.2000,12884,0,57586740.000,0,-,-,-,-,2955.2000,2955.0000,2954.0000,2953.0000,2952.8000,2956.2000,2956.4000,2960.0000,2962.4000,2964.0000,5,4,2,7,1,1,1,1,1,5
SF,IH2003,2019-11-18 09:31:29.000,2955.2000,12884,0,57586740.000,0,-,-,-,-,2955.6000,2955.4000,2955.2000,2955.0000,2954.0000,2956.4000,2960.0000,2962.4000,2964.0000,2974.8000,4,4,6,5,1,1,1,1,5,1
SF,IH2003,2019-11-18 09:31:29.500,2955.2000,12884,0,57586740.000,0,-,-,-,-,2955.6000,2955.4000,2955.2000,2955.0000,2954.0000,2956.4000,2960.0000,2962.4000,2964.0000,2974.8000,3,3,6,5,1,1,1,1,5,1
SF,IH2003,2019-11-18 09:31:30.000,2955.2000,12884,0,57586740.000,0,-,-,-,-,2955.6000,2955.4000,2955.2000,2955.0000,2954.0000,2956.4000,2960.0000,2962.4000,2964.0000,2974.8000,3,3,6,5,1,1,1,1,5,1
SF,IH2003,2019-11-18 09:31:30.500,2955.2000,12884,0,57586740.000,0,-,-,-,-,2955.6000,2955.4000,2955.2000,2955.0000,2954.0000,2956.4000,2960.0000,2962.4000,2964.0000,2974.8000,3,2,6,5,1,1,1,1,5,1
SF,IH2003,2019-11-18 09:31:31.000,2955.2000,12884,0,57586740.000,0,-,-,-,-,2955.6000,2955.4000,2955.2000,2955.0000,2954.0000,2956.4000,2960.0000,2962.4000,2964.0000,2974.8000,3,2,6,5,1,1,1,1,5,1
SF,IH2003,2019-11-18 09:31:31.500,2955.2000,12884,0,57586740.000,0,-,-,-,-,2955.8000,2955.4000,2955.2000,2955.0000,2954.0000,2956.2000,2956.4000,2960.0000,2962.4000,2964.0000,1,2,6,5,1,1,1,1,1,5
SF,IH2003,2019-11-18 09:31:32.000,2955.4000,12883,-1,60246720.000,3,1,2,多平,S,2955.2000,2955.0000,2954.0000,2953.0000,2952.8000,2955.8000,2956.0000,2956.2000,2956.4000,2960.0000,6,4,1,7,1,2,1,1,1,1
SF,IH2003,2019-11-18 09:31:32.500,2955.4000,12883,0,60246720.000,0,-,-,-,-,2955.2000,2955.0000,2954.0000,2953.0000,2952.8000,2955.8000,2956.2000,2956.4000,2960.0000,2962.4000,6,3,1,7,1,1,1,1,1,1
SF,IH2003,2019-11-18 09:31:33.000,2955.4000,12883,0,60246720.000,0,-,-,-,-,2955.2000,2955.0000,2954.0000,2953.0000,2952.8000,2955.8000,2956.2000,2956.4000,2960.0000,2962.4000,6,1,1,7,1,1,1,1,1,1
SF,IH2003,2019-11-18 09:31:33.500,2955.4000,12883,0,60246720.000,0,-,-,-,-,2955.2000,2955.0000,2954.0000,2953.0000,2952.8000,2955.8000,2956.2000,2956.4000,2960.0000,2962.4000,6,3,1,7,1,1,1,1,1,1
SF,IH2003,2019-11-18 09:31:34.500,2955.4000,12883,0,60246720.000,0,-,-,-,-,2955.2000,2955.0000,2954.0000,2953.0000,2952.8000,2955.8000,2956.2000,2956.4000,2960.0000,2962.4000,6,1,1,7,1,1,1,1,1,1
SF,IH2003,2019-11-18 09:31:35.000,2955.4000,12883,0,60246720.000,0,-,-,-,-,2955.2000,2955.0000,2954.0000,2953.0000,2952.8000,2955.8000,2956.2000,2956.4000,2960.0000,2962.4000,6,1,1,7,1,1,1,1,1,1
SF,IH2003,2019-11-18 09:31:35.500,2955.6000,12881,-2,62020140.000,2,0,2,双平,S,2955.6000,2955.4000,2955.2000,2955.0000,2954.0000,2956.2000,2956.4000,2960.0000,2962.4000,2964.0000,2,1,6,4,1,1,1,1,1,5
SF,IH2003,2019-11-18 09:31:36.000,2955.0000,12877,-4,66453120.000,5,0,5,多平,S,2954.0000,2953.0000,2952.8000,2952.4000,2952.0000,2955.6000,2956.0000,2956.2000,2956.4000,2960.0000,1,7,1,1,2,1,1,1,1,1
SF,IH2003,2019-11-18 09:31:36.500,2955.0000,12877,0,66453120.000,0,-,-,-,-,2954.4000,2954.2000,2954.0000,2953.0000,2952.8000,2955.0000,2955.4000,2956.2000,2956.4000,2960.0000,1,5,1,7,1,1,1,1,1,1
SF,IH2003,2019-11-18 09:31:37.000,2955.0000,12875,-2,68225940.000,2,0,2,双平,S,2955.8000,2954.2000,2954.0000,2953.0000,2952.8000,2956.2000,2956.4000,2960.0000,2962.4000,2964.0000,1,3,1,7,1,1,1,1,1,5
SF,IH2003,2019-11-18 09:31:37.500,2955.8000,12875,0,69112680.000,1,0,1,多换,S,2954.2000,2954.0000,2953.0000,2952.8000,2952.4000,2955.4000,2955.6000,2955.8000,2956.0000,2956.2000,3,1,7,1,1,3,1,5,8,1
SF,IH2003,2019-11-18 09:31:38.000,2955.8000,12875,0,69112680.000,0,-,-,-,-,2954.2000,2954.0000,2953.0000,2952.8000,2952.4000,2955.2000,2955.4000,2955.6000,2955.8000,2956.0000,3,1,7,1,1,1,3,1,5,4
SF,IH2003,2019-11-18 09:31:38.500,2955.8000,12875,0,69112680.000,0,-,-,-,-,2953.0000,2952.8000,2952.4000,2952.0000,2950.8000,2955.2000,2955.4000,2955.6000,2955.8000,2956.0000,7,1,1,1,1,1,3,1,5,4
SF,IH2003,2019-11-18 09:31:39.000,2955.8000,12875,0,69112680.000,0,-,-,-,-,2953.6000,2953.4000,2953.2000,2953.0000,2952.8000,2955.2000,2955.4000,2955.8000,2956.0000,2956.2000,3,1,2,7,1,1,3,5,4,2
SF,IH2003,2019-11-18 09:31:39.500,2954.6000,12875,0,69999060.000,1,0,1,多换,S,2953.8000,2953.6000,2953.4000,2953.2000,2953.0000,2955.2000,2955.4000,2955.8000,2956.0000,2956.2000,8,3,1,3,7,1,2,4,4,2
SF,IH2003,2019-11-18 09:31:40.000,2954.6000,12875,0,69999060.000,0,-,-,-,-,2953.8000,2953.6000,2953.2000,2953.0000,2952.8000,2955.2000,2955.4000,2955.8000,2956.0000,2956.2000,3,3,2,7,1,1,2,4,4,2
SF,IH2003,2019-11-18 09:31:41.000,2954.6000,12875,0,69999060.000,0,-,-,-,-,2953.8000,2953.6000,2953.2000,2953.0000,2952.8000,2955.2000,2955.4000,2955.8000,2956.0000,2956.2000,3,3,2,7,1,1,3,4,5,2
SF,IH2003,2019-11-18 09:31:42.000,2954.6000,12875,0,69999060.000,0,-,-,-,-,2953.8000,2953.6000,2953.2000,2953.0000,2952.8000,2955.2000,2955.4000,2955.8000,2956.0000,2956.2000,2,3,2,7,1,1,3,4,5,1
SF,IH2003,2019-11-18 09:31:43.500,2954.6000,12875,0,69999060.000,0,-,-,-,-,2954.2000,2954.0000,2953.8000,2953.6000,2953.2000,2955.2000,2955.4000,2955.8000,2956.0000,2956.2000,1,1,2,3,2,1,2,4,5,1
SF,IH2003,2019-11-18 09:31:44.000,2954.6000,12875,0,69999060.000,0,-,-,-,-,2953.8000,2953.6000,2953.2000,2953.0000,2952.8000,2955.4000,2955.8000,2956.0000,2956.2000,2956.4000,1,3,2,7,1,3,4,5,1,1
SF,IH2003,2019-11-18 09:31:44.500,2954.6000,12875,0,69999060.000,0,-,-,-,-,2954.0000,2953.8000,2953.6000,2953.2000,2953.0000,2955.2000,2955.4000,2955.8000,2956.0000,2956.2000,1,2,3,2,7,1,3,4,5,1
SF,IH2003,2019-11-18 09:31:45.000,2954.6000,12875,0,69999060.000,0,-,-,-,-,2954.0000,2953.8000,2953.6000,2953.2000,2953.0000,2955.2000,2955.4000,2955.8000,2956.0000,2956.2000,1,2,3,2,7,1,3,3,5,1
SF,IH2003,2019-11-18 09:31:45.500,2955.0000,12874,-1,70885560.000,1,0,1,双平,S,2954.0000,2953.8000,2953.6000,2953.2000,2953.0000,2955.2000,2955.4000,2955.8000,2956.0000,2956.2000,1,2,3,2,7,1,3,3,5,1
SF,IH2003,2019-11-18 09:31:46.000,2955.0000,12874,0,70885560.000,0,-,-,-,-,2954.4000,2953.6000,2953.2000,2953.0000,2952.8000,2955.2000,2955.4000,2955.8000,2956.0000,2956.2000,1,3,2,7,1,1,3,3,5,1
SF,IH2003,2019-11-18 09:31:47.500,2955.0000,12874,0,70885560.000,0,-,-,-,-,2954.4000,2953.6000,2953.2000,2953.0000,2952.8000,2955.2000,2955.4000,2955.8000,2956.0000,2956.2000,1,3,2,7,1,1,3,2,5,1
SF,IH2003,2019-11-18 09:31:48.000,2954.4000,12874,0,71771880.000,1,0,1,多换,S,2953.6000,2953.2000,2953.0000,2952.8000,2952.4000,2955.2000,2955.4000,2955.8000,2956.0000,2956.2000,3,2,7,1,1,1,3,2,5,1
SF,IH2003,2019-11-18 09:31:48.500,2954.4000,12874,0,71771880.000,0,-,-,-,-,2953.8000,2953.6000,2953.2000,2953.0000,2952.8000,2955.2000,2955.4000,2955.8000,2956.0000,2956.2000,2,3,2,7,1,1,3,2,5,1
SF,IH2003,2019-11-18 09:31:51.000,2954.4000,12874,0,71771880.000,0,-,-,-,-,2953.8000,2953.6000,2953.2000,2953.0000,2952.8000,2955.2000,2955.4000,2955.8000,2956.0000,2956.2000,2,3,2,7,1,1,3,2,5,1
SF,IH2003,2019-11-18 09:31:52.500,2954.4000,12874,0,71771880.000,0,-,-,-,-,2953.8000,2953.6000,2953.2000,2953.0000,2952.8000,2955.2000,2955.4000,2955.8000,2956.0000,2956.2000,1,3,2,7,1,1,3,2,4,1
SF,IH2003,2019-11-18 09:31:53.000,2954.4000,12874,0,71771880.000,0,-,-,-,-,2953.8000,2953.0000,2952.8000,2952.4000,2950.8000,2955.2000,2955.4000,2955.8000,2956.0000,2956.2000,1,7,1,1,1,1,3,2,4,1
SF,IH2003,2019-11-18 09:31:54.000,2954.4000,12874,0,71771880.000,0,-,-,-,-,2953.8000,2953.0000,2952.8000,2952.4000,2950.8000,2955.2000,2955.4000,2955.8000,2956.0000,2956.2000,1,7,1,1,1,2,3,2,4,1
SF,IH2003,2019-11-18 09:31:54.500,2954.4000,12874,0,71771880.000,0,-,-,-,-,2953.8000,2953.0000,2952.8000,2952.4000,2950.8000,2954.8000,2955.2000,2955.4000,2955.8000,2956.0000,1,7,1,1,1,1,2,1,2,4
SF,IH2003,2019-11-18 09:31:55.000,2954.4000,12874,0,71771880.000,0,-,-,-,-,2953.8000,2953.0000,2952.8000,2952.4000,2950.8000,2954.8000,2955.2000,2955.4000,2955.8000,2956.0000,1,7,1,1,1,1,1,1,2,4
SF,IH2003,2019-11-18 09:31:55.500,2954.4000,12874,0,71771880.000,0,-,-,-,-,2953.0000,2952.8000,2952.4000,2950.8000,2941.2000,2954.4000,2954.8000,2955.2000,2955.4000,2955.8000,7,1,1,1,1,1,1,1,1,2
SF,IH2003,2019-11-18 09:31:56.000,2954.4000,12874,0,71771880.000,0,-,-,-,-,2953.2000,2953.0000,2952.8000,2952.4000,2950.8000,2953.8000,2954.8000,2955.4000,2955.8000,2956.0000,6,2,1,1,1,1,1,1,2,4
SF,IH2003,2019-11-18 09:31:56.500,2954.0000,12873,-1,72658080.000,1,0,1,双平,S,2953.2000,2953.0000,2952.8000,2952.4000,2950.8000,2954.8000,2955.4000,2956.0000,2956.2000,2956.4000,6,2,1,1,1,1,1,4,1,1
SF,IH2003,2019-11-18 09:31:57.000,2954.0000,12873,0,72658080.000,0,-,-,-,-,2953.2000,2953.0000,2952.8000,2952.4000,2950.8000,2954.0000,2954.6000,2954.8000,2955.4000,2956.0000,6,2,1,1,1,1,1,1,1,4
SF,IH2003,2019-11-18 09:31:57.500,2954.0000,12872,-1,73544280.000,1,0,1,双平,S,2953.2000,2953.0000,2952.8000,2952.4000,2950.8000,2954.6000,2954.8000,2955.4000,2956.0000,2956.2000,6,2,1,1,1,1,1,1,4,1
SF,IH2003,2019-11-18 09:32:00.000,2954.0000,12872,0,73544280.000,0,-,-,-,-,2953.2000,2953.0000,2952.8000,2952.4000,2950.8000,2954.6000,2954.8000,2955.4000,2956.0000,2956.2000,5,2,1,1,1,1,1,1,4,1
SF,IH2003,2019-11-18 09:32:00.500,2953.2000,12873,1,76202160.000,3,2,1,空开,S,2953.0000,2952.8000,2952.4000,2950.8000,2941.2000,2954.4000,2954.6000,2954.8000,2955.4000,2956.0000,2,1,1,1,1,2,1,1,1,4
SF,IH2003,2019-11-18 09:32:01.000,2953.0000,12873,0,77088060.000,1,0,1,多换,S,2952.4000,2950.8000,2941.2000,2940.8000,2933.8000,2953.0000,2954.0000,2954.4000,2954.6000,2955.4000,1,1,1,5,1,1,1,9,1,1
SF,IH2003,2019-11-18 09:32:01.500,2952.4000,12872,-1,78859500.000,2,0,2,多平,S,2950.8000,2941.2000,2940.8000,2933.8000,2933.0000,2952.8000,2953.0000,2953.6000,2954.0000,2954.4000,1,1,5,1,2,1,1,1,1,7
SF,IH2003,2019-11-18 09:32:02.000,2952.4000,12872,0,78859500.000,0,-,-,-,-,2952.0000,2951.6000,2951.4000,2951.2000,2951.0000,2952.8000,2953.0000,2954.0000,2954.4000,2956.0000,1,1,3,7,7,1,1,1,7,4
SF,IH2003,2019-11-18 09:32:02.500,2952.4000,12872,0,78859500.000,0,-,-,-,-,2951.6000,2951.4000,2951.2000,2951.0000,2950.8000,2952.8000,2953.0000,2954.0000,2954.4000,2956.0000,1,3,4,5,1,1,1,1,7,4
SF,IH2003,2019-11-18 09:32:03.000,2952.4000,12872,0,78859500.000,0,-,-,-,-,2951.8000,2951.4000,2951.2000,2951.0000,2950.8000,2952.8000,2953.0000,2954.0000,2954.4000,2956.0000,3,1,2,5,1,1,1,1,7,4
SF,IH2003,2019-11-18 09:32:03.500,2952.4000,12872,0,78859500.000,0,-,-,-,-,2951.8000,2951.4000,2951.2000,2951.0000,2950.8000,2953.0000,2954.0000,2954.4000,2956.0000,2956.2000,4,1,1,4,1,1,1,7,4,1
SF,IH2003,2019-11-18 09:32:04.000,2952.4000,12872,0,78859500.000,0,-,-,-,-,2951.8000,2951.4000,2951.2000,2951.0000,2950.8000,2952.8000,2953.0000,2954.4000,2956.0000,2956.2000,4,1,1,4,1,3,1,7,4,1
SF,IH2003,2019-11-18 09:32:04.500,2952.4000,12872,0,78859500.000,0,-,-,-,-,2951.8000,2951.4000,2951.2000,2951.0000,2950.8000,2954.4000,2956.0000,2956.2000,2956.4000,2957.6000,4,1,1,4,1,7,4,1,1,1
SF,IH2003,2019-11-18 09:32:05.000,2952.4000,12872,0,78859500.000,0,-,-,-,-,2952.0000,2951.8000,2951.4000,2951.2000,2951.0000,2953.4000,2954.0000,2954.4000,2956.0000,2956.2000,3,3,1,1,3,2,4,7,4,1
SF,IH2003,2019-11-18 09:32:05.500,2952.4000,12872,0,78859500.000,0,-,-,-,-,2952.6000,2952.2000,2952.0000,2951.8000,2951.4000,2953.4000,2954.4000,2956.0000,2956.2000,2956.4000,1,5,3,1,1,2,5,4,1,1
SF,IH2003,2019-11-18 09:32:06.000,2952.4000,12872,0,78859500.000,0,-,-,-,-,2952.2000,2952.0000,2951.8000,2951.4000,2951.2000,2953.4000,2954.4000,2956.0000,2956.2000,2956.4000,1,2,1,1,1,2,5,4,1,1
SF,IH2003,2019-11-18 09:32:06.500,2952.4000,12872,0,78859500.000,0,-,-,-,-,2952.4000,2952.2000,2952.0000,2951.8000,2951.4000,2953.2000,2954.4000,2956.0000,2956.2000,2956.4000,1,1,4,1,1,1,5,4,1,1
SF,IH2003,2019-11-18 09:32:07.000,2952.4000,12872,0,78859500.000,0,-,-,-,-,2952.4000,2952.2000,2952.0000,2951.8000,2951.4000,2953.2000,2954.4000,2956.0000,2956.2000,2956.4000,1,1,3,1,1,1,5,4,1,1
SF,IH2003,2019-11-18 09:32:07.500,2952.4000,12872,0,78859500.000,0,-,-,-,-,2952.0000,2951.8000,2951.4000,2951.2000,2951.0000,2953.2000,2954.4000,2956.0000,2956.2000,2956.4000,2,1,1,1,3,1,5,4,1,1
SF,IH2003,2019-11-18 09:32:08.000,2952.4000,12872,0,78859500.000,0,-,-,-,-,2952.0000,2951.8000,2951.4000,2951.2000,2951.0000,2953.0000,2953.2000,2954.4000,2956.0000,2956.2000,1,1,1,1,3,2,1,5,4,1
SF,IH2003,2019-11-18 09:32:08.500,2952.4000,12872,0,78859500.000,0,-,-,-,-,2952.0000,2951.8000,2951.4000,2951.2000,2951.0000,2952.8000,2954.4000,2956.0000,2956.2000,2956.4000,1,2,1,1,3,1,5,4,1,1
SF,IH2003,2019-11-18 09:32:11.000,2952.4000,12872,0,78859500.000,0,-,-,-,-,2952.0000,2951.8000,2951.4000,2951.2000,2951.0000,2952.8000,2954.4000,2956.0000,2956.2000,2956.4000,1,1,1,1,3,1,5,4,1,1
SF,IH2003,2019-11-18 09:32:11.500,2952.4000,12872,0,78859500.000,0,-,-,-,-,2952.2000,2952.0000,2951.8000,2951.4000,2951.2000,2952.8000,2954.4000,2956.0000,2956.2000,2956.4000,1,1,1,1,1,1,5,4,1,1
SF,IH2003,2019-11-18 09:32:12.500,2952.4000,12872,0,78859500.000,0,-,-,-,-,2952.0000,2951.8000,2951.4000,2951.2000,2951.0000,2952.8000,2954.4000,2956.0000,2956.2000,2956.4000,1,1,1,1,3,1,5,4,1,1
SF,IH2003,2019-11-18 09:32:13.000,2952.4000,12872,0,78859500.000,0,-,-,-,-,2952.2000,2952.0000,2951.8000,2951.4000,2951.2000,2952.8000,2954.4000,2956.0000,2956.2000,2956.4000,1,1,2,1,1,1,5,4,1,1
SF,IH2003,2019-11-18 09:32:13.500,2952.8000,12872,0,79745340.000,1,0,1,多换,S,2952.2000,2952.0000,2951.8000,2951.4000,2951.2000,2953.6000,2954.4000,2956.0000,2956.2000,2956.4000,1,2,3,1,1,1,5,4,1,1
SF,IH2003,2019-11-18 09:32:14.000,2952.8000,12872,0,79745340.000,0,-,-,-,-,2952.2000,2952.0000,2951.8000,2951.4000,2951.2000,2953.6000,2954.4000,2956.0000,2956.2000,2956.4000,1,2,2,1,1,1,5,4,1,1
SF,IH2003,2019-11-18 09:32:14.500,2952.8000,12872,0,79745340.000,0,-,-,-,-,2952.4000,2952.2000,2952.0000,2951.8000,2951.4000,2953.6000,2954.4000,2956.0000,2956.2000,2956.4000,2,1,2,2,1,1,5,4,1,1
SF,IH2003,2019-11-18 09:32:15.000,2952.8000,12872,0,79745340.000,0,-,-,-,-,2952.4000,2952.2000,2952.0000,2951.8000,2951.4000,2953.6000,2954.4000,2956.0000,2956.2000,2956.4000,1,1,2,2,1,1,5,4,1,1
SF,IH2003,2019-11-18 09:32:15.500,2952.8000,12872,0,79745340.000,0,-,-,-,-,2952.4000,2952.2000,2952.0000,2951.8000,2951.4000,2953.4000,2953.6000,2954.4000,2956.0000,2956.2000,1,1,2,2,1,1,1,5,4,1
SF,IH2003,2019-11-18 09:32:16.000,2952.8000,12872,0,79745340.000,0,-,-,-,-,2952.2000,2952.0000,2951.8000,2951.4000,2951.0000,2953.2000,2953.4000,2953.6000,2954.4000,2956.0000,1,1,1,1,2,3,1,1,5,4
SF,IH2003,2019-11-18 09:32:16.500,2952.8000,12872,0,79745340.000,0,-,-,-,-,2952.2000,2952.0000,2951.8000,2951.4000,2951.0000,2953.0000,2953.2000,2953.4000,2954.4000,2956.0000,1,1,1,1,2,1,3,1,5,4
SF,IH2003,2019-11-18 09:32:17.000,2952.8000,12872,0,79745340.000,0,-,-,-,-,2952.2000,2952.0000,2951.8000,2951.4000,2951.0000,2952.8000,2953.2000,2953.4000,2954.4000,2956.0000,6,1,1,1,2,1,1,1,5,4
SF,IH2003,2019-11-18 09:32:17.500,2952.8000,12872,0,79745340.000,0,-,-,-,-,2952.2000,2952.0000,2951.8000,2951.4000,2951.0000,2952.8000,2953.2000,2954.4000,2956.0000,2956.2000,6,1,1,1,2,1,1,5,4,1
SF,IH2003,2019-11-18 09:32:18.000,2952.8000,12872,0,79745340.000,0,-,-,-,-,2952.2000,2952.0000,2951.8000,2951.4000,2951.0000,2952.8000,2954.4000,2956.0000,2956.2000,2956.4000,6,1,1,1,2,1,5,4,1,1
SF,IH2003,2019-11-18 09:32:22.500,2952.8000,12872,0,79745340.000,0,-,-,-,-,2952.4000,2952.2000,2952.0000,2951.8000,2951.4000,2952.8000,2954.4000,2956.0000,2956.2000,2956.4000,1,6,1,1,1,1,5,4,1,1
SF,IH2003,2019-11-18 09:32:23.000,2952.8000,12872,0,79745340.000,0,-,-,-,-,2952.2000,2952.0000,2951.8000,2951.4000,2951.0000,2952.8000,2954.4000,2956.0000,2956.2000,2956.4000,6,1,1,1,2,1,5,4,1,1
SF,IH2003,2019-11-18 09:32:23.500,2952.8000,12872,0,79745340.000,0,-,-,-,-,2952.2000,2952.0000,2951.8000,2951.4000,2951.0000,2952.6000,2952.8000,2954.4000,2956.0000,2956.2000,6,1,1,1,2,1,1,5,4,1
SF,IH2003,2019-11-18 09:32:24.000,2952.8000,12872,0,79745340.000,0,-,-,-,-,2952.2000,2952.0000,2951.8000,2951.4000,2951.0000,2952.6000,2954.4000,2956.0000,2956.2000,2956.4000,6,1,1,1,2,1,5,4,1,1
SF,IH2003,2019-11-18 09:32:24.500,2952.8000,12872,0,79745340.000,0,-,-,-,-,2952.2000,2952.0000,2951.8000,2951.4000,2951.0000,2952.6000,2952.8000,2954.4000,2956.0000,2956.2000,6,1,1,1,2,1,1,5,4,1
SF,IH2003,2019-11-18 09:32:28.000,2952.2000,12871,-1,81516780.000,2,0,2,多平,S,2952.2000,2952.0000,2951.8000,2951.4000,2951.0000,2954.4000,2956.0000,2956.2000,2956.4000,2957.6000,5,1,1,1,2,5,4,1,1,1
SF,IH2003,2019-11-18 09:32:28.500,2952.2000,12871,0,81516780.000,0,-,-,-,-,2952.2000,2952.0000,2951.8000,2951.4000,2951.0000,2953.4000,2953.6000,2954.0000,2954.4000,2956.0000,5,1,1,1,2,4,1,1,5,4
SF,IH2003,2019-11-18 09:32:29.000,2952.2000,12871,0,81516780.000,0,-,-,-,-,2952.2000,2952.0000,2951.8000,2951.4000,2951.0000,2953.4000,2953.6000,2954.0000,2954.4000,2956.0000,5,1,1,1,2,4,1,1,5,4
SF,IH2003,2019-11-18 09:32:29.500,2952.2000,12871,0,81516780.000,0,-,-,-,-,2952.2000,2952.0000,2951.8000,2951.4000,2951.0000,2953.2000,2953.4000,2953.6000,2954.0000,2954.4000,5,1,1,1,2,4,1,1,1,5
SF,IH2003,2019-11-18 09:32:30.000,2952.2000,12871,0,81516780.000,0,-,-,-,-,2952.2000,2952.0000,2951.8000,2951.4000,2951.0000,2953.0000,2953.2000,2953.6000,2954.0000,2954.4000,5,1,1,1,2,1,4,1,1,5
SF,IH2003,2019-11-18 09:32:30.500,2952.2000,12871,0,81516780.000,0,-,-,-,-,2952.2000,2952.0000,2951.8000,2951.4000,2951.0000,2952.8000,2953.2000,2953.6000,2954.0000,2954.4000,5,1,1,1,2,1,2,1,1,5
SF,IH2003,2019-11-18 09:32:31.000,2952.2000,12871,0,81516780.000,0,-,-,-,-,2952.2000,2952.0000,2951.8000,2951.4000,2951.0000,2953.2000,2954.0000,2954.4000,2956.0000,2956.2000,5,1,1,1,2,2,1,5,4,1
SF,IH2003,2019-11-18 09:32:31.500,2952.2000,12871,0,82402440.000,1,0,1,多换,S,2952.2000,2952.0000,2951.8000,2951.4000,2951.0000,2953.0000,2953.2000,2954.0000,2954.4000,2956.0000,4,1,1,1,2,1,2,1,5,4
SF,IH2003,2019-11-18 09:32:32.000,2952.2000,12871,0,82402440.000,0,-,-,-,-,2952.2000,2952.0000,2951.8000,2951.4000,2951.0000,2953.0000,2953.2000,2954.0000,2954.4000,2956.0000,4,1,1,1,2,1,2,1,5,4
SF,IH2003,2019-11-18 09:32:32.500,2952.2000,12871,0,82402440.000,0,-,-,-,-,2952.2000,2952.0000,2951.8000,2951.4000,2951.0000,2952.8000,2953.0000,2953.2000,2954.0000,2954.4000,4,1,1,1,2,1,1,2,1,5
SF,IH2003,2019-11-18 09:32:33.000,2952.2000,12871,0,84173760.000,2,1,1,多换,S,2952.2000,2952.0000,2951.8000,2951.4000,2951.0000,2952.8000,2953.2000,2954.0000,2954.4000,2956.0000,2,1,1,1,2,1,2,1,5,4
SF,IH2003,2019-11-18 09:32:33.500,2952.0000,12870,-1,86830680.000,3,1,2,多平,S,2951.8000,2951.4000,2951.0000,2950.8000,2941.2000,2952.0000,2952.2000,2952.6000,2952.8000,2953.2000,1,1,2,1,1,1,1,2,1,2
SF,IH2003,2019-11-18 09:32:34.000,2951.8000,12870,0,87716220.000,1,0,1,多换,S,2950.8000,2941.2000,2940.8000,2933.8000,2933.0000,2951.6000,2951.8000,2952.2000,2952.8000,2953.2000,1,1,5,1,2,2,3,1,1,2
SF,IH2003,2019-11-18 09:32:34.500,2951.8000,12870,0,87716220.000,0,-,-,-,-,2950.8000,2941.2000,2940.8000,2933.8000,2933.0000,2951.6000,2951.8000,2952.2000,2952.8000,2953.2000,2,1,5,1,2,2,3,1,1,2
SF,IH2003,2019-11-18 09:32:35.000,2951.8000,12870,0,87716220.000,0,-,-,-,-,2950.8000,2941.2000,2940.8000,2933.8000,2933.0000,2951.6000,2951.8000,2952.2000,2952.8000,2953.2000,2,1,5,1,2,2,3,1,1,2
SF,IH2003,2019-11-18 09:32:35.500,2951.8000,12870,0,87716220.000,0,-,-,-,-,2951.0000,2950.8000,2941.2000,2940.8000,2933.8000,2951.6000,2951.8000,2952.2000,2952.8000,2953.2000,1,2,1,5,1,2,3,1,1,2
SF,IH2003,2019-11-18 09:32:36.000,2951.8000,12870,0,87716220.000,0,-,-,-,-,2951.0000,2950.8000,2941.2000,2940.8000,2933.8000,2951.8000,2952.2000,2952.8000,2953.2000,2954.4000,1,2,1,5,1,3,1,1,2,5
SF,IH2003,2019-11-18 09:32:36.500,2951.0000,12869,-1,88601520.000,1,0,1,双平,S,2950.8000,2950.4000,2941.2000,2940.8000,2933.8000,2951.8000,2952.2000,2952.8000,2953.2000,2954.4000,2,1,1,5,1,3,2,1,2,5
SF,IH2003,2019-11-18 09:32:37.000,2951.0000,12869,0,88601520.000,0,-,-,-,-,2951.0000,2950.8000,2941.2000,2940.8000,2933.8000,2951.6000,2951.8000,2952.2000,2952.8000,2953.2000,2,2,1,5,1,1,3,1,1,1
SF,IH2003,2019-11-18 09:32:37.500,2951.0000,12869,0,88601520.000,0,-,-,-,-,2951.0000,2950.8000,2941.2000,2940.8000,2933.8000,2951.4000,2951.6000,2951.8000,2952.2000,2952.8000,2,2,1,5,1,1,1,3,1,1
SF,IH2003,2019-11-18 09:32:38.000,2951.0000,12866,-3,91257480.000,3,0,3,双平,S,2950.8000,2941.2000,2940.8000,2933.8000,2933.0000,2951.4000,2951.8000,2952.2000,2952.8000,2953.2000,2,1,5,1,2,1,3,1,1,1
SF,IH2003,2019-11-18 09:32:38.500,2951.0000,12866,0,92142780.000,1,0,1,多换,S,2950.8000,2941.2000,2940.8000,2933.8000,2933.0000,2951.4000,2951.8000,2952.2000,2952.8000,2953.2000,2,1,5,1,2,1,3,1,1,1
SF,IH2003,2019-11-18 09:32:39.000,2951.2000,12868,2,95684220.000,4,3,1,空开,S,2950.8000,2941.2000,2940.8000,2933.8000,2933.0000,2951.4000,2951.8000,2952.2000,2952.8000,2953.2000,2,1,5,1,2,1,3,1,2,1
SF,IH2003,2019-11-18 09:32:39.500,2951.2000,12868,0,95684220.000,0,-,-,-,-,2950.8000,2941.2000,2940.8000,2933.8000,2933.0000,2951.4000,2951.8000,2952.2000,2952.8000,2953.2000,1,1,5,1,2,1,3,1,2,1
SF,IH2003,2019-11-18 09:32:40.000,2951.2000,12868,0,95684220.000,0,-,-,-,-,2950.8000,2950.6000,2941.2000,2940.8000,2933.8000,2951.2000,2951.4000,2951.8000,2952.2000,2952.8000,1,1,1,5,1,1,1,3,1,2
SF,IH2003,2019-11-18 09:32:40.500,2950.8000,12868,0,96569460.000,1,0,1,多换,S,2941.2000,2940.8000,2933.8000,2933.0000,2931.4000,2951.2000,2951.4000,2951.8000,2952.2000,2952.8000,1,5,1,2,1,1,1,3,1,2
SF,IH2003,2019-11-18 09:32:41.000,2950.8000,12868,0,96569460.000,0,-,-,-,-,2950.2000,2950.0000,2949.8000,2949.4000,2949.0000,2951.2000,2951.4000,2951.8000,2952.2000,2952.8000,3,4,1,3,3,1,1,3,1,2
SF,IH2003,2019-11-18 09:32:41.500,2950.8000,12868,0,96569460.000,0,-,-,-,-,2950.4000,2950.2000,2950.0000,2949.8000,2949.0000,2951.2000,2951.4000,2951.8000,2952.2000,2952.8000,1,2,3,1,3,1,1,3,1,2
SF,IH2003,2019-11-18 09:32:42.000,2950.4000,12867,-1,97454580.000,1,0,1,双平,S,2950.2000,2950.0000,2949.8000,2949.0000,2948.4000,2951.2000,2951.4000,2951.8000,2952.2000,2952.8000,3,3,1,3,1,1,1,3,1,2
SF,IH2003,2019-11-18 09:32:43.000,2950.4000,12867,0,97454580.000,0,-,-,-,-,2950.6000,2950.2000,2950.0000,2949.8000,2949.0000,2951.2000,2951.4000,2951.8000,2952.2000,2952.8000,1,3,3,1,3,1,1,3,1,2
SF,IH2003,2019-11-18 09:32:43.500,2950.6000,12865,-2,99224940.000,2,0,2,双平,S,2950.2000,2950.0000,2949.8000,2949.0000,2944.4000,2951.2000,2951.4000,2951.8000,2952.2000,2952.8000,3,3,1,3,1,1,1,3,1,2
SF,IH2003,2019-11-18 09:32:44.500,2950.6000,12865,0,99224940.000,0,-,-,-,-,2950.2000,2950.0000,2949.8000,2949.0000,2944.4000,2951.2000,2951.4000,2951.8000,2952.2000,2952.8000,3,3,1,3,1,1,1,2,1,2
SF,IH2003,2019-11-18 09:32:45.500,2950.6000,12865,0,99224940.000,0,-,-,-,-,2950.2000,2950.0000,2949.0000,2944.4000,2941.6000,2951.2000,2951.4000,2951.8000,2952.2000,2952.8000,1,1,3,1,2,1,1,2,1,2
SF,IH2003,2019-11-18 09:32:46.500,2950.6000,12865,0,99224940.000,0,-,-,-,-,2950.2000,2950.0000,2949.0000,2944.4000,2941.6000,2951.2000,2951.4000,2951.8000,2952.2000,2952.8000,1,2,3,1,2,1,1,2,1,2
SF,IH2003,2019-11-18 09:32:47.000,2950.6000,12865,0,99224940.000,0,-,-,-,-,2950.2000,2950.0000,2949.0000,2944.4000,2941.6000,2951.2000,2951.4000,2951.8000,2952.2000,2952.8000,2,1,3,1,2,1,1,2,1,1
SF,IH2003,2019-11-18 09:32:48.000,2951.2000,12864,-1,100110300.000,1,0,1,双平,S,2950.2000,2950.0000,2949.8000,2949.0000,2944.4000,2951.4000,2951.8000,2952.2000,2952.8000,2953.2000,2,2,1,3,1,1,2,1,1,1
SF,IH2003,2019-11-18 09:32:48.500,2951.2000,12864,0,100110300.000,0,-,-,-,-,2950.6000,2950.4000,2950.2000,2950.0000,2949.0000,2951.4000,2951.8000,2952.2000,2952.8000,2953.2000,2,6,2,2,3,1,2,1,1,1
SF,IH2003,2019-11-18 09:32:49.000,2951.2000,12864,0,100110300.000,0,-,-,-,-,2950.6000,2950.4000,2950.2000,2950.0000,2949.0000,2951.4000,2951.8000,2952.2000,2952.8000,2953.2000,3,5,2,2,3,1,2,1,1,1
SF,IH2003,2019-11-18 09:32:49.500,2951.2000,12864,0,100110300.000,0,-,-,-,-,2950.4000,2950.2000,2950.0000,2949.0000,2944.4000,2951.4000,2951.8000,2952.2000,2952.8000,2953.2000,1,1,1,3,1,1,2,1,1,1
SF,IH2003,2019-11-18 09:32:50.000,2951.2000,12864,0,100110300.000,0,-,-,-,-,2950.4000,2950.2000,2950.0000,2949.0000,2944.4000,2951.2000,2951.4000,2951.8000,2952.2000,2952.8000,1,1,1,3,1,1,1,2,1,1
SF,IH2003,2019-11-18 09:32:51.000,2951.2000,12863,-1,100995660.000,1,0,1,双平,S,2950.4000,2950.2000,2950.0000,2949.0000,2944.4000,2951.4000,2951.8000,2952.2000,2952.8000,2953.2000,1,2,1,3,1,1,2,1,1,1
SF,IH2003,2019-11-18 09:32:52.500,2951.2000,12863,0,100995660.000,0,-,-,-,-,2950.4000,2950.2000,2950.0000,2949.0000,2944.4000,2951.0000,2951.4000,2951.8000,2952.2000,2952.8000,1,1,1,3,1,1,1,2,1,1
SF,IH2003,2019-11-18 09:32:53.000,2951.2000,12862,-1,101881020.000,1,0,1,双平,S,2950.6000,2950.4000,2950.2000,2950.0000,2949.0000,2951.4000,2951.8000,2952.2000,2952.8000,2953.2000,1,1,1,1,3,1,2,1,1,1
SF,IH2003,2019-11-18 09:32:53.500,2951.2000,12862,0,101881020.000,0,-,-,-,-,2950.8000,2950.6000,2950.4000,2950.2000,2950.0000,2951.4000,2951.8000,2952.2000,2952.8000,2953.2000,4,1,1,1,1,1,2,1,1,1
SF,IH2003,2019-11-18 09:32:54.000,2951.4000,12862,0,102766440.000,1,0,1,多换,S,2950.8000,2950.6000,2950.4000,2950.2000,2950.0000,2951.2000,2951.8000,2952.2000,2952.8000,2953.2000,1,1,1,1,1,1,2,1,1,1
SF,IH2003,2019-11-18 09:32:54.500,2951.2000,12861,-1,104537160.000,2,0,2,多平,S,2950.8000,2950.4000,2950.2000,2950.0000,2949.0000,2951.8000,2952.2000,2952.8000,2953.2000,2954.4000,1,1,1,1,3,2,1,1,1,5
SF,IH2003,2019-11-18 09:32:56.000,2951.2000,12861,0,104537160.000,0,-,-,-,-,2950.8000,2950.6000,2950.4000,2950.2000,2950.0000,2951.8000,2952.2000,2952.8000,2953.2000,2954.4000,1,1,1,1,1,2,1,1,1,5
SF,IH2003,2019-11-18 09:32:56.500,2951.2000,12861,0,104537160.000,0,-,-,-,-,2950.6000,2950.4000,2950.2000,2950.0000,2949.0000,2951.6000,2951.8000,2952.2000,2952.8000,2953.2000,1,1,1,1,3,1,2,1,1,1
SF,IH2003,2019-11-18 09:32:57.000,2951.2000,12861,0,104537160.000,0,-,-,-,-,2950.4000,2950.2000,2950.0000,2949.0000,2944.4000,2951.6000,2951.8000,2952.2000,2952.8000,2953.2000,1,1,1,3,1,1,2,1,1,1
SF,IH2003,2019-11-18 09:32:58.000,2951.2000,12861,0,104537160.000,0,-,-,-,-,2950.4000,2950.2000,2950.0000,2949.0000,2944.4000,2951.6000,2951.8000,2952.2000,2952.8000,2953.2000,1,2,1,3,1,1,2,1,1,1
SF,IH2003,2019-11-18 09:32:58.500,2951.2000,12861,0,104537160.000,0,-,-,-,-,2950.6000,2950.4000,2950.2000,2950.0000,2949.0000,2951.6000,2951.8000,2952.2000,2952.8000,2953.2000,2,1,2,1,3,1,2,1,1,1
SF,IH2003,2019-11-18 09:32:59.500,2951.2000,12861,0,104537160.000,0,-,-,-,-,2950.6000,2950.4000,2950.2000,2950.0000,2949.0000,2951.6000,2951.8000,2952.2000,2952.8000,2953.2000,2,1,1,1,3,1,2,1,1,1
SF,IH2003,2019-11-18 09:33:00.000,2951.2000,12861,0,104537160.000,0,-,-,-,-,2950.6000,2950.4000,2950.2000,2950.0000,2949.0000,2951.8000,2952.2000,2952.8000,2953.2000,2954.4000,2,1,1,1,3,2,1,1,1,5
SF,IH2003,2019-11-18 09:33:01.500,2950.6000,12860,-1,105422340.000,1,0,1,双平,S,2950.4000,2950.2000,2950.0000,2949.0000,2944.4000,2950.6000,2951.6000,2951.8000,2952.2000,2952.8000,1,1,1,3,1,1,1,2,1,1
SF,IH2003,2019-11-18 09:33:02.000,2950.4000,12859,-1,108077700.000,3,1,2,多平,S,2950.2000,2950.0000,2949.0000,2944.4000,2941.6000,2950.6000,2951.8000,2952.2000,2952.8000,2953.2000,1,1,3,1,1,1,2,1,1,1
SF,IH2003,2019-11-18 09:33:02.500,2950.6000,12859,0,109847940.000,2,1,1,多换,S,2950.0000,2949.0000,2944.4000,2941.6000,2941.4000,2951.8000,2952.2000,2952.8000,2953.2000,2954.4000,2,3,1,1,2,2,1,1,1,5
SF,IH2003,2019-11-18 09:33:03.000,2950.6000,12859,0,109847940.000,0,-,-,-,-,2950.0000,2949.0000,2944.4000,2941.6000,2941.4000,2951.4000,2951.6000,2951.8000,2952.2000,2954.4000,3,3,1,1,2,1,3,2,1,5
SF,IH2003,2019-11-18 09:33:03.500,2950.6000,12859,0,109847940.000,0,-,-,-,-,2950.0000,2949.0000,2944.4000,2941.6000,2941.4000,2951.4000,2951.8000,2952.2000,2954.4000,2956.0000,2,2,1,1,2,1,2,1,5,4
SF,IH2003,2019-11-18 09:33:04.000,2950.6000,12859,0,109847940.000,0,-,-,-,-,2950.0000,2949.0000,2944.4000,2941.6000,2941.4000,2951.2000,2951.4000,2951.8000,2952.2000,2954.4000,2,2,1,1,2,2,1,2,1,5
SF,IH2003,2019-11-18 09:33:04.500,2950.6000,12859,0,109847940.000,0,-,-,-,-,2950.0000,2949.0000,2944.4000,2941.6000,2941.4000,2951.0000,2951.2000,2951.8000,2952.2000,2954.4000,3,2,1,1,2,2,2,2,1,5
SF,IH2003,2019-11-18 09:33:05.000,2950.6000,12859,0,109847940.000,0,-,-,-,-,2950.0000,2949.0000,2944.4000,2941.6000,2941.4000,2950.8000,2951.0000,2951.8000,2952.2000,2954.4000,1,2,1,1,2,1,1,2,1,5
SF,IH2003,2019-11-18 09:33:05.500,2950.6000,12859,0,109847940.000,0,-,-,-,-,2950.0000,2949.0000,2944.4000,2941.6000,2941.4000,2950.8000,2951.8000,2952.2000,2954.4000,2956.0000,1,2,1,1,2,1,2,1,5,4
SF,IH2003,2019-11-18 09:33:06.000,2950.8000,12859,0,110733180.000,1,0,1,多换,S,2950.0000,2949.0000,2944.4000,2941.6000,2941.4000,2951.8000,2952.2000,2954.4000,2956.0000,2956.2000,1,2,1,1,2,2,1,5,4,1
SF,IH2003,2019-11-18 09:33:06.500,2950.8000,12859,0,110733180.000,0,-,-,-,-,2950.8000,2950.2000,2950.0000,2949.0000,2944.4000,2951.6000,2951.8000,2952.2000,2954.4000,2956.0000,1,1,2,2,1,2,2,1,5,4
SF,IH2003,2019-11-18 09:33:07.000,2950.8000,12859,0,110733180.000,0,-,-,-,-,2950.8000,2950.0000,2949.0000,2944.4000,2941.6000,2951.6000,2951.8000,2952.2000,2954.4000,2956.0000,1,3,2,1,1,2,2,1,5,4
SF,IH2003,2019-11-18 09:33:07.500,2951.6000,12858,-1,111618660.000,1,0,1,双平,S,2950.8000,2950.0000,2949.0000,2944.4000,2941.6000,2951.8000,2952.2000,2954.4000,2956.0000,2956.2000,1,3,2,1,1,2,1,5,4,1
SF,IH2003,2019-11-18 09:33:08.000,2951.6000,12858,0,111618660.000,0,-,-,-,-,2950.8000,2950.0000,2949.0000,2944.4000,2941.6000,2951.8000,2952.2000,2954.4000,2956.0000,2956.2000,2,2,2,1,1,2,1,5,4,1
SF,IH2003,2019-11-18 09:33:08.500,2951.6000,12858,0,111618660.000,0,-,-,-,-,2950.8000,2950.0000,2949.0000,2944.4000,2941.6000,2951.6000,2951.8000,2952.2000,2954.4000,2956.0000,1,1,2,1,1,1,2,1,5,4
SF,IH2003,2019-11-18 09:33:09.000,2950.8000,12857,-1,112503900.000,1,0,1,双平,S,2950.0000,2949.0000,2944.4000,2941.6000,2941.4000,2951.2000,2951.6000,2951.8000,2952.2000,2954.4000,1,2,1,1,2,1,1,2,1,5
SF,IH2003,2019-11-18 09:33:09.500,2950.8000,12857,0,112503900.000,0,-,-,-,-,2950.2000,2950.0000,2949.0000,2944.4000,2941.6000,2951.8000,2952.2000,2954.4000,2956.0000,2956.2000,1,2,2,1,1,2,1,5,4,1
SF,IH2003,2019-11-18 09:33:10.000,2950.8000,12857,0,112503900.000,0,-,-,-,-,2950.2000,2950.0000,2949.0000,2944.4000,2941.6000,2951.4000,2951.6000,2951.8000,2952.2000,2954.4000,2,2,2,1,1,1,3,2,1,5
SF,IH2003,2019-11-18 09:33:10.500,2950.8000,12857,0,112503900.000,0,-,-,-,-,2950.2000,2950.0000,2949.0000,2944.4000,2941.6000,2951.4000,2951.6000,2951.8000,2952.2000,2954.4000,1,2,2,1,1,1,1,2,1,5
SF,IH2003,2019-11-18 09:33:11.000,2950.8000,12857,0,112503900.000,0,-,-,-,-,2950.0000,2949.0000,2944.4000,2941.6000,2941.4000,2951.2000,2951.4000,2951.8000,2952.2000,2954.4000,1,2,1,1,2,3,1,2,1,5
SF,IH2003,2019-11-18 09:33:11.500,2950.8000,12857,0,112503900.000,0,-,-,-,-,2949.0000,2944.4000,2941.6000,2941.4000,2941.2000,2951.0000,2951.2000,2951.4000,2951.8000,2952.2000,2,1,1,2,1,1,8,1,2,1
SF,IH2003,2019-11-18 09:33:12.000,2950.8000,12857,0,112503900.000,0,-,-,-,-,2949.2000,2949.0000,2944.4000,2941.6000,2941.4000,2950.6000,2951.0000,2951.2000,2951.4000,2951.8000,5,2,1,1,2,1,1,7,1,2
SF,IH2003,2019-11-18 09:33:12.500,2950.8000,12857,0,112503900.000,0,-,-,-,-,2949.2000,2949.0000,2944.4000,2941.6000,2941.4000,2950.6000,2951.2000,2951.8000,2952.2000,2954.4000,6,3,1,1,2,1,7,2,1,5
SF,IH2003,2019-11-18 09:33:13.500,2950.8000,12857,0,112503900.000,0,-,-,-,-,2949.8000,2949.4000,2949.2000,2949.0000,2944.4000,2950.6000,2951.2000,2951.8000,2952.2000,2954.4000,1,3,6,3,1,1,1,2,1,5
SF,IH2003,2019-11-18 09:33:14.000,2950.8000,12857,0,112503900.000,0,-,-,-,-,2950.0000,2949.4000,2949.2000,2949.0000,2944.4000,2950.6000,2951.2000,2951.8000,2952.2000,2954.4000,1,2,2,3,1,1,1,2,1,5
SF,IH2003,2019-11-18 09:33:14.500,2950.8000,12857,0,112503900.000,0,-,-,-,-,2950.0000,2949.6000,2949.4000,2949.2000,2949.0000,2950.6000,2951.2000,2951.8000,2952.2000,2954.4000,1,1,1,2,3,1,1,2,1,5
SF,IH2003,2019-11-18 09:33:15.000,2950.8000,12857,0,112503900.000,0,-,-,-,-,2950.0000,2949.6000,2949.4000,2949.2000,2949.0000,2951.2000,2951.8000,2952.2000,2954.4000,2956.2000,1,1,1,2,3,1,2,1,5,1
SF,IH2003,2019-11-18 09:33:15.500,2950.8000,12857,0,112503900.000,0,-,-,-,-,2950.0000,2949.6000,2949.4000,2949.2000,2949.0000,2950.8000,2951.2000,2951.8000,2952.2000,2954.4000,1,1,1,2,3,1,1,2,1,5
SF,IH2003,2019-11-18 09:33:16.000,2950.8000,12857,0,112503900.000,0,-,-,-,-,2950.0000,2949.6000,2949.4000,2949.2000,2949.0000,2950.8000,2951.2000,2951.8000,2952.2000,2954.4000,1,1,1,2,3,1,1,2,1,5
SF,IH2003,2019-11-18 09:33:19.000,2950.8000,12857,0,112503900.000,0,-,-,-,-,2950.0000,2949.4000,2949.2000,2949.0000,2944.4000,2950.8000,2951.2000,2951.8000,2952.2000,2954.4000,1,1,2,3,1,1,1,2,1,5
SF,IH2003,2019-11-18 09:33:20.000,2950.0000,12856,-1,113388900.000,1,0,1,双平,S,2949.4000,2949.2000,2949.0000,2944.4000,2941.6000,2950.0000,2950.8000,2951.0000,2951.2000,2951.8000,1,2,3,1,1,1,1,1,1,2
SF,IH2003,2019-11-18 09:33:20.500,2950.0000,12856,0,113388900.000,0,-,-,-,-,2949.6000,2949.0000,2944.4000,2941.6000,2941.4000,2950.0000,2950.8000,2951.2000,2952.2000,2954.4000,1,1,1,1,2,1,1,1,1,5
SF,IH2003,2019-11-18 09:33:21.000,2950.0000,12856,0,113388900.000,0,-,-,-,-,2949.0000,2944.4000,2941.6000,2941.4000,2941.2000,2950.0000,2950.8000,2951.2000,2952.2000,2954.4000,1,1,1,2,1,1,1,1,1,5
SF,IH2003,2019-11-18 09:33:21.500,2949.2000,12855,-1,114273660.000,1,0,1,双平,S,2949.0000,2944.4000,2941.6000,2941.4000,2941.2000,2950.0000,2950.8000,2951.2000,2952.2000,2954.4000,2,1,1,2,1,1,1,1,1,5
SF,IH2003,2019-11-18 09:33:22.000,2949.0000,12855,0,115158360.000,1,0,1,多换,S,2949.0000,2944.4000,2941.6000,2941.4000,2941.2000,2949.8000,2950.0000,2950.8000,2951.2000,2952.2000,1,1,1,2,1,1,1,1,1,1
SF,IH2003,2019-11-18 09:33:22.500,2949.0000,12855,0,115158360.000,0,-,-,-,-,2949.0000,2944.4000,2941.6000,2941.4000,2941.2000,2949.8000,2950.0000,2950.8000,2951.2000,2954.4000,1,1,1,2,1,1,1,1,1,5
SF,IH2003,2019-11-18 09:33:23.000,2949.0000,12855,0,115158360.000,0,-,-,-,-,2949.0000,2944.4000,2941.6000,2941.4000,2941.2000,2949.8000,2950.0000,2950.8000,2951.2000,2954.4000,1,1,1,2,1,1,1,1,1,5
SF,IH2003,2019-11-18 09:33:23.500,2949.0000,12855,0,115158360.000,0,-,-,-,-,2944.4000,2941.6000,2941.4000,2941.2000,2940.8000,2949.0000,2949.8000,2950.0000,2954.4000,2956.2000,1,1,2,1,5,1,3,1,5,1
SF,IH2003,2019-11-18 09:33:24.000,2949.0000,12855,0,115158360.000,0,-,-,-,-,2948.4000,2948.2000,2948.0000,2947.8000,2947.2000,2949.8000,2950.0000,2954.4000,2956.2000,2956.4000,2,2,2,1,1,1,1,5,1,6
SF,IH2003,2019-11-18 09:33:24.500,2949.0000,12855,0,115158360.000,0,-,-,-,-,2947.2000,2946.0000,2945.0000,2944.8000,2944.6000,2949.6000,2949.8000,2950.0000,2954.4000,2956.2000,1,3,1,2,6,2,1,1,5,1
SF,IH2003,2019-11-18 09:33:25.000,2949.0000,12855,0,115158360.000,0,-,-,-,-,2948.2000,2948.0000,2947.8000,2947.6000,2947.4000,2949.6000,2949.8000,2950.0000,2954.4000,2956.2000,3,1,2,3,3,2,1,1,5,1
SF,IH2003,2019-11-18 09:33:25.500,2949.0000,12855,0,115158360.000,0,-,-,-,-,2948.4000,2948.2000,2948.0000,2947.8000,2947.6000,2949.6000,2949.8000,2950.0000,2954.4000,2956.2000,1,2,1,1,3,2,1,1,5,1
SF,IH2003,2019-11-18 09:33:26.000,2949.0000,12855,0,115158360.000,0,-,-,-,-,2948.2000,2948.0000,2947.8000,2947.6000,2947.4000,2949.6000,2949.8000,2950.0000,2954.4000,2956.2000,3,1,1,3,2,2,1,1,5,1
SF,IH2003,2019-11-18 09:33:26.500,2949.0000,12855,0,115158360.000,0,-,-,-,-,2947.6000,2947.4000,2947.2000,2946.0000,2945.0000,2949.4000,2949.6000,2949.8000,2950.0000,2954.4000,3,2,1,3,1,1,2,2,1,5
SF,IH2003,2019-11-18 09:33:27.000,2949.0000,12855,0,115158360.000,0,-,-,-,-,2948.2000,2948.0000,2947.8000,2947.6000,2947.4000,2949.4000,2949.6000,2949.8000,2950.0000,2954.4000,5,1,4,3,2,1,1,1,1,5
SF,IH2003,2019-11-18 09:33:27.500,2949.0000,12855,0,115158360.000,0,-,-,-,-,2947.6000,2947.4000,2947.2000,2946.0000,2945.0000,2949.2000,2949.4000,2949.6000,2949.8000,2950.0000,3,2,1,3,1,1,1,1,1,1
SF,IH2003,2019-11-18 09:33:28.000,2949.0000,12855,0,115158360.000,0,-,-,-,-,2947.8000,2947.6000,2947.4000,2947.2000,2946.0000,2949.2000,2949.6000,2949.8000,2950.0000,2954.4000,3,5,2,1,3,1,1,1,1,5
SF,IH2003,2019-11-18 09:33:29.000,2949.0000,12855,0,115158360.000,0,-,-,-,-,2947.8000,2947.6000,2947.4000,2947.2000,2946.0000,2949.2000,2949.6000,2949.8000,2950.0000,2954.4000,3,4,2,1,3,1,1,1,1,5
SF,IH2003,2019-11-18 09:33:29.500,2949.0000,12855,0,115158360.000,0,-,-,-,-,2947.8000,2947.6000,2947.4000,2947.2000,2946.0000,2949.2000,2949.6000,2949.8000,2950.0000,2954.4000,2,2,2,1,3,1,1,1,1,5
SF,IH2003,2019-11-18 09:33:33.000,2949.0000,12855,0,115158360.000,0,-,-,-,-,2947.8000,2947.6000,2947.4000,2947.2000,2946.0000,2949.0000,2949.2000,2949.6000,2949.8000,2950.0000,1,2,2,1,3,1,1,1,1,1
SF,IH2003,2019-11-18 09:33:33.500,2949.0000,12855,0,115158360.000,0,-,-,-,-,2947.8000,2947.6000,2947.4000,2947.2000,2946.0000,2948.8000,2949.8000,2950.0000,2954.4000,2956.2000,1,2,2,1,3,2,1,1,5,1
SF,IH2003,2019-11-18 09:33:34.000,2947.8000,12854,-1,116042700.000,1,0,1,双平,S,2947.6000,2947.4000,2946.0000,2945.0000,2944.6000,2948.8000,2949.8000,2950.0000,2954.4000,2956.2000,2,1,3,1,4,2,1,1,5,1
SF,IH2003,2019-11-18 09:33:34.500,2947.4000,12854,0,116926920.000,1,0,1,多换,S,2946.0000,2945.0000,2944.6000,2944.4000,2941.2000,2947.6000,2947.8000,2948.6000,2948.8000,2950.0000,3,1,4,1,1,1,1,2,2,1
SF,IH2003,2019-11-18 09:33:35.000,2947.4000,12854,0,116926920.000,0,-,-,-,-,2946.6000,2946.4000,2946.2000,2946.0000,2945.0000,2947.8000,2948.4000,2948.6000,2948.8000,2950.0000,2,2,7,2,1,1,2,7,1,1
SF,IH2003,2019-11-18 09:33:35.500,2947.4000,12854,0,116926920.000,0,-,-,-,-,2946.8000,2946.6000,2946.4000,2946.2000,2946.0000,2947.6000,2947.8000,2948.6000,2948.8000,2950.0000,2,1,2,7,2,1,1,1,1,1
SF,IH2003,2019-11-18 09:33:36.000,2947.4000,12854,0,116926920.000,0,-,-,-,-,2946.4000,2946.2000,2946.0000,2945.0000,2944.6000,2947.6000,2947.8000,2948.6000,2948.8000,2950.0000,2,4,2,1,4,2,1,1,1,1
SF,IH2003,2019-11-18 09:33:36.500,2947.4000,12854,0,116926920.000,0,-,-,-,-,2946.8000,2946.6000,2946.4000,2946.2000,2946.0000,2947.6000,2947.8000,2948.6000,2948.8000,2950.0000,2,2,2,4,2,2,1,1,1,1
SF,IH2003,2019-11-18 09:33:37.000,2947.4000,12854,0,116926920.000,0,-,-,-,-,2946.8000,2946.4000,2946.2000,2946.0000,2945.0000,2947.6000,2947.8000,2948.6000,2948.8000,2950.0000,2,2,4,2,1,1,1,1,1,1
SF,IH2003,2019-11-18 09:33:37.500,2947.4000,12854,0,116926920.000,0,-,-,-,-,2946.2000,2946.0000,2945.0000,2944.6000,2944.4000,2947.6000,2947.8000,2948.8000,2950.0000,2954.4000,1,2,1,1,1,1,1,1,1,5
SF,IH2003,2019-11-18 09:33:38.000,2947.6000,12853,-1,117811200.000,1,0,1,双平,S,2946.4000,2946.2000,2946.0000,2945.0000,2944.6000,2947.8000,2948.8000,2950.0000,2954.4000,2956.2000,2,3,2,1,1,1,1,1,5,1
SF,IH2003,2019-11-18 09:33:38.500,2947.6000,12853,0,117811200.000,0,-,-,-,-,2946.6000,2946.4000,2946.2000,2946.0000,2945.0000,2947.6000,2947.8000,2948.8000,2950.0000,2954.4000,1,4,3,2,1,1,1,1,1,5
SF,IH2003,2019-11-18 09:33:39.000,2947.6000,12853,0,117811200.000,0,-,-,-,-,2947.6000,2946.8000,2946.6000,2946.4000,2946.2000,2947.8000,2948.8000,2950.0000,2954.4000,2956.2000,1,2,1,3,3,1,1,1,5,1
SF,IH2003,2019-11-18 09:33:39.500,2947.6000,12853,0,117811200.000,0,-,-,-,-,2948.0000,2947.8000,2947.6000,2946.8000,2946.4000,2948.8000,2954.4000,2956.2000,2956.4000,2957.6000,1,1,2,2,3,1,5,1,6,1
SF,IH2003,2019-11-18 09:33:40.000,2948.6000,12851,-2,119580360.000,2,0,2,双平,S,2948.0000,2947.8000,2947.6000,2946.8000,2946.4000,2948.6000,2948.8000,2954.4000,2956.2000,2956.4000,1,1,1,2,3,1,1,5,1,6
SF,IH2003,2019-11-18 09:33:40.500,2948.8000,12851,0,121349580.000,2,1,1,多换,S,2948.6000,2948.0000,2947.8000,2947.6000,2946.4000,2948.8000,2954.4000,2956.2000,2956.4000,2957.6000,1,1,1,1,3,1,5,1,6,1
SF,IH2003,2019-11-18 09:33:41.000,2948.8000,12850,-1,122234220.000,1,0,1,双平,S,2948.6000,2948.0000,2947.8000,2947.6000,2946.4000,2954.4000,2956.2000,2956.4000,2957.6000,2958.0000,1,1,1,1,3,5,1,6,1,1
SF,IH2003,2019-11-18 09:33:41.500,2948.8000,12850,0,122234220.000,0,-,-,-,-,2948.6000,2947.8000,2947.6000,2946.4000,2946.2000,2949.8000,2950.0000,2950.2000,2950.8000,2951.0000,1,1,1,1,1,2,2,1,1,1
SF,IH2003,2019-11-18 09:33:42.000,2948.8000,12850,0,122234220.000,0,-,-,-,-,2948.6000,2947.8000,2947.6000,2946.4000,2946.2000,2949.6000,2949.8000,2950.2000,2950.8000,2952.0000,1,1,1,1,1,9,1,1,1,3
SF,IH2003,2019-11-18 09:33:43.000,2948.8000,12850,0,122234220.000,0,-,-,-,-,2947.8000,2947.6000,2946.4000,2946.2000,2946.0000,2949.6000,2949.8000,2950.2000,2950.8000,2952.0000,1,1,1,1,2,9,1,1,1,3
SF,IH2003,2019-11-18 09:33:43.500,2948.8000,12850,0,122234220.000,0,-,-,-,-,2947.8000,2947.6000,2946.4000,2946.2000,2946.0000,2949.4000,2949.6000,2949.8000,2950.2000,2950.8000,1,1,1,1,2,1,8,1,1,1
SF,IH2003,2019-11-18 09:33:44.000,2948.8000,12850,0,122234220.000,0,-,-,-,-,2947.8000,2947.6000,2946.4000,2946.2000,2946.0000,2949.2000,2949.6000,2949.8000,2950.2000,2950.8000,1,1,1,1,2,6,8,1,1,1
SF,IH2003,2019-11-18 09:33:44.500,2948.8000,12850,0,122234220.000,0,-,-,-,-,2948.0000,2947.8000,2947.6000,2946.4000,2946.2000,2949.2000,2949.6000,2949.8000,2950.2000,2950.8000,2,1,1,1,1,6,7,1,1,1
SF,IH2003,2019-11-18 09:33:45.500,2948.8000,12850,0,122234220.000,0,-,-,-,-,2948.0000,2947.8000,2947.6000,2946.4000,2946.2000,2949.2000,2949.6000,2949.8000,2950.2000,2950.8000,2,1,1,1,1,7,7,1,1,1
SF,IH2003,2019-11-18 09:33:46.000,2948.8000,12850,0,122234220.000,0,-,-,-,-,2948.0000,2947.8000,2947.6000,2946.4000,2946.2000,2949.0000,2949.2000,2949.6000,2949.8000,2950.2000,2,1,1,1,1,1,7,7,1,1
SF,IH2003,2019-11-18 09:33:46.500,2948.8000,12850,0,122234220.000,0,-,-,-,-,2948.8000,2948.0000,2947.8000,2947.6000,2946.4000,2949.0000,2949.2000,2949.6000,2949.8000,2950.2000,1,2,1,1,1,1,7,7,1,1
SF,IH2003,2019-11-18 09:33:47.000,2948.8000,12850,0,123118860.000,1,0,1,多换,S,2948.0000,2947.8000,2947.6000,2946.4000,2946.2000,2948.8000,2949.0000,2949.2000,2949.6000,2949.8000,1,1,1,1,1,3,1,7,7,1
SF,IH2003,2019-11-18 09:33:52.000,2948.8000,12850,0,123118860.000,0,-,-,-,-,2948.0000,2947.8000,2947.6000,2946.4000,2946.2000,2948.8000,2949.0000,2949.2000,2949.6000,2949.8000,1,1,1,1,1,3,1,7,7,1
SF,IH2003,2019-11-18 09:33:52.500,2948.8000,12850,0,123118860.000,0,-,-,-,-,2948.0000,2947.8000,2947.6000,2946.4000,2946.2000,2948.8000,2949.0000,2949.2000,2949.6000,2949.8000,1,1,1,1,1,3,1,7,7,1
SF,IH2003,2019-11-18 09:33:54.000,2948.0000,12849,-1,124003260.000,1,0,1,双平,S,2947.6000,2946.4000,2946.2000,2946.0000,2945.0000,2948.8000,2949.0000,2949.2000,2949.6000,2949.8000,1,1,1,2,1,3,1,7,7,1
SF,IH2003,2019-11-18 09:33:54.500,2948.0000,12849,0,124003260.000,0,-,-,-,-,2947.8000,2947.6000,2946.4000,2946.2000,2946.0000,2948.4000,2948.8000,2949.0000,2949.2000,2949.6000,1,1,1,1,2,1,3,1,7,7
SF,IH2003,2019-11-18 09:33:55.000,2948.0000,12849,0,124003260.000,0,-,-,-,-,2947.8000,2947.6000,2946.4000,2946.2000,2946.0000,2948.6000,2948.8000,2949.0000,2949.2000,2949.6000,1,1,1,1,2,1,3,1,7,7
SF,IH2003,2019-11-18 09:33:55.500,2947.8000,12848,-1,124887600.000,1,0,1,双平,S,2947.6000,2946.4000,2946.2000,2946.0000,2945.0000,2948.8000,2949.0000,2949.2000,2949.6000,2950.2000,1,1,1,2,1,3,1,7,7,2
SF,IH2003,2019-11-18 09:33:57.000,2947.8000,12848,0,124887600.000,0,-,-,-,-,2947.8000,2947.6000,2946.4000,2946.2000,2946.0000,2948.8000,2949.0000,2949.2000,2949.6000,2950.2000,1,1,1,1,2,3,1,7,7,2
SF,IH2003,2019-11-18 09:34:00.500,2947.8000,12848,0,125771940.000,1,0,1,多换,S,2947.6000,2946.4000,2946.2000,2946.0000,2945.0000,2948.8000,2949.0000,2949.2000,2949.6000,2950.2000,1,1,1,2,1,3,1,7,7,2
SF,IH2003,2019-11-18 09:34:01.500,2947.8000,12848,0,125771940.000,0,-,-,-,-,2947.6000,2946.4000,2946.2000,2946.0000,2945.0000,2948.4000,2948.6000,2948.8000,2949.0000,2949.2000,1,1,1,2,1,1,6,3,1,7
SF,IH2003,2019-11-18 09:34:02.000,2947.8000,12848,0,125771940.000,0,-,-,-,-,2947.6000,2946.4000,2946.2000,2946.0000,2945.0000,2948.4000,2948.6000,2948.8000,2949.0000,2949.2000,1,1,1,2,1,4,7,3,1,7
SF,IH2003,2019-11-18 09:34:02.500,2947.8000,12848,0,125771940.000,0,-,-,-,-,2947.6000,2946.4000,2946.2000,2946.0000,2945.0000,2948.4000,2948.6000,2948.8000,2949.0000,2949.2000,1,1,1,2,1,4,7,3,1,7
SF,IH2003,2019-11-18 09:34:03.000,2947.6000,12848,0,126656220.000,1,0,1,多换,S,2946.4000,2946.2000,2946.0000,2945.0000,2944.4000,2948.4000,2948.6000,2948.8000,2949.0000,2949.2000,1,1,2,1,1,4,7,3,1,7
SF,IH2003,2019-11-18 09:34:03.500,2947.6000,12848,0,126656220.000,0,-,-,-,-,2947.0000,2946.6000,2946.4000,2946.2000,2946.0000,2948.4000,2948.6000,2948.8000,2949.0000,2949.2000,1,3,2,2,2,4,6,3,1,7
SF,IH2003,2019-11-18 09:34:04.000,2947.6000,12848,0,126656220.000,0,-,-,-,-,2947.0000,2946.6000,2946.4000,2946.2000,2946.0000,2948.4000,2948.6000,2948.8000,2949.0000,2949.2000,1,2,2,2,2,4,6,3,1,7
SF,IH2003,2019-11-18 09:34:05.500,2947.6000,12848,0,126656220.000,0,-,-,-,-,2947.0000,2946.6000,2946.4000,2946.2000,2946.0000,2948.2000,2948.4000,2948.6000,2948.8000,2949.0000,1,2,2,2,2,2,4,6,3,1
SF,IH2003,2019-11-18 09:34:06.000,2947.6000,12848,0,126656220.000,0,-,-,-,-,2947.0000,2946.6000,2946.4000,2946.2000,2946.0000,2948.2000,2948.4000,2948.6000,2948.8000,2949.0000,1,2,2,2,2,2,4,6,2,1
SF,IH2003,2019-11-18 09:34:06.500,2947.6000,12848,0,126656220.000,0,-,-,-,-,2947.0000,2946.6000,2946.4000,2946.2000,2946.0000,2948.4000,2948.6000,2948.8000,2949.0000,2949.2000,1,2,2,2,2,4,6,2,1,5
SF,IH2003,2019-11-18 09:34:07.500,2947.6000,12848,0,126656220.000,0,-,-,-,-,2947.0000,2946.6000,2946.4000,2946.2000,2946.0000,2948.2000,2948.4000,2948.6000,2948.8000,2949.0000,1,2,2,2,2,2,4,6,2,1
SF,IH2003,2019-11-18 09:34:08.000,2947.6000,12848,0,126656220.000,0,-,-,-,-,2946.6000,2946.4000,2946.2000,2946.0000,2945.0000,2948.2000,2948.4000,2948.6000,2948.8000,2949.0000,2,2,2,2,1,2,4,6,2,1
SF,IH2003,2019-11-18 09:34:08.500,2947.6000,12848,0,126656220.000,0,-,-,-,-,2946.8000,2946.4000,2946.2000,2946.0000,2945.0000,2948.0000,2948.2000,2948.4000,2948.6000,2948.8000,1,1,1,1,1,1,2,4,6,2
SF,IH2003,2019-11-18 09:34:09.000,2947.6000,12848,0,126656220.000,0,-,-,-,-,2946.8000,2946.4000,2946.2000,2946.0000,2945.0000,2948.2000,2948.4000,2948.6000,2948.8000,2949.0000,1,1,1,1,1,2,4,6,2,1
SF,IH2003,2019-11-18 09:34:09.500,2947.6000,12848,0,126656220.000,0,-,-,-,-,2946.2000,2946.0000,2945.0000,2944.4000,2941.2000,2948.2000,2948.4000,2948.6000,2948.8000,2949.2000,1,1,1,1,1,2,4,6,2,5
SF,IH2003,2019-11-18 09:34:10.000,2947.6000,12848,0,126656220.000,0,-,-,-,-,2946.4000,2945.0000,2944.4000,2941.2000,2940.8000,2947.8000,2948.0000,2948.2000,2948.4000,2948.6000,2,1,1,1,6,3,5,2,1,6
SF,IH2003,2019-11-18 09:34:10.500,2947.6000,12848,0,126656220.000,0,-,-,-,-,2946.4000,2946.0000,2945.0000,2944.4000,2941.2000,2948.0000,2948.2000,2948.4000,2948.6000,2948.8000,2,1,1,1,1,5,2,1,6,2
SF,IH2003,2019-11-18 09:34:11.000,2947.6000,12848,0,126656220.000,0,-,-,-,-,2946.4000,2945.0000,2944.4000,2941.2000,2940.8000,2947.8000,2948.0000,2948.2000,2948.4000,2948.6000,1,1,1,1,6,3,5,2,1,4
SF,IH2003,2019-11-18 09:34:11.500,2945.0000,12847,-1,127539720.000,1,0,1,双平,S,2944.4000,2941.2000,2940.8000,2937.6000,2933.8000,2947.6000,2947.8000,2948.0000,2948.2000,2948.4000,1,1,1,5,1,8,5,4,2,1
SF,IH2003,2019-11-18 09:34:12.000,2945.0000,12846,-1,128423220.000,1,0,1,双平,S,2944.8000,2944.6000,2944.4000,2944.2000,2941.2000,2947.0000,2947.4000,2947.6000,2947.8000,2948.0000,2,2,2,1,1,1,3,9,3,4
SF,IH2003,2019-11-18 09:34:12.500,2945.0000,12846,0,128423220.000,0,-,-,-,-,2945.0000,2944.8000,2944.6000,2944.4000,2941.2000,2946.8000,2947.4000,2947.6000,2947.8000,2948.0000,2,4,4,2,1,1,3,4,3,4
SF,IH2003,2019-11-18 09:34:13.000,2945.0000,12846,0,128423220.000,0,-,-,-,-,2945.2000,2945.0000,2944.8000,2944.6000,2944.4000,2947.4000,2947.6000,2947.8000,2948.0000,2949.2000,2,2,2,4,2,3,4,3,4,1
SF,IH2003,2019-11-18 09:34:13.500,2945.0000,12846,0,128423220.000,0,-,-,-,-,2945.0000,2944.8000,2944.6000,2944.4000,2941.2000,2946.6000,2947.0000,2947.2000,2947.4000,2947.6000,2,2,4,2,1,2,5,7,3,4
SF,IH2003,2019-11-18 09:34:14.000,2945.0000,12846,0,128423220.000,0,-,-,-,-,2945.2000,2945.0000,2944.6000,2944.4000,2941.2000,2947.0000,2947.2000,2947.4000,2947.6000,2947.8000,1,2,4,2,1,1,5,3,4,1
SF,IH2003,2019-11-18 09:34:14.500,2945.0000,12846,0,128423220.000,0,-,-,-,-,2945.0000,2944.6000,2944.4000,2941.2000,2941.0000,2947.0000,2947.2000,2947.4000,2947.6000,2947.8000,3,4,2,1,1,1,5,3,4,1
SF,IH2003,2019-11-18 09:34:15.000,2947.2000,12845,-1,129307380.000,1,0,1,双平,S,2945.6000,2945.2000,2945.0000,2944.6000,2944.4000,2947.2000,2947.4000,2947.6000,2947.8000,2949.2000,2,4,3,4,2,4,3,4,1,1
SF,IH2003,2019-11-18 09:34:15.500,2947.2000,12845,0,129307380.000,0,-,-,-,-,2945.2000,2945.0000,2944.6000,2944.4000,2941.2000,2947.0000,2947.2000,2947.4000,2947.6000,2947.8000,2,3,4,2,1,1,4,3,4,1
SF,IH2003,2019-11-18 09:34:16.000,2947.2000,12845,0,129307380.000,0,-,-,-,-,2945.4000,2945.2000,2945.0000,2944.6000,2944.4000,2947.0000,2947.2000,2947.4000,2947.6000,2947.8000,1,2,3,4,2,3,4,3,4,1
SF,IH2003,2019-11-18 09:34:16.500,2947.2000,12845,0,129307380.000,0,-,-,-,-,2945.6000,2945.2000,2945.0000,2944.6000,2944.4000,2947.2000,2947.4000,2947.6000,2947.8000,2949.2000,3,2,3,4,2,4,3,4,1,1
SF,IH2003,2019-11-18 09:34:17.000,2947.2000,12845,0,129307380.000,0,-,-,-,-,2945.8000,2945.6000,2945.2000,2945.0000,2944.6000,2947.0000,2947.2000,2947.4000,2947.6000,2947.8000,1,3,1,3,4,1,4,3,4,1
SF,IH2003,2019-11-18 09:34:17.500,2947.2000,12845,0,129307380.000,0,-,-,-,-,2945.0000,2944.6000,2944.4000,2941.2000,2941.0000,2947.0000,2947.2000,2947.4000,2947.6000,2947.8000,2,4,2,1,1,3,4,3,4,1
SF,IH2003,2019-11-18 09:34:18.000,2947.2000,12845,0,129307380.000,0,-,-,-,-,2945.6000,2945.2000,2945.0000,2944.6000,2944.4000,2946.8000,2947.0000,2947.2000,2947.4000,2947.6000,1,1,2,4,2,2,3,4,3,4
SF,IH2003,2019-11-18 09:34:18.500,2947.2000,12845,0,129307380.000,0,-,-,-,-,2945.6000,2945.0000,2944.6000,2944.4000,2941.2000,2946.6000,2947.2000,2947.4000,2947.6000,2947.8000,1,2,4,2,1,1,4,3,4,1
SF,IH2003,2019-11-18 09:34:19.000,2947.2000,12845,0,129307380.000,0,-,-,-,-,2945.6000,2945.0000,2944.6000,2944.4000,2941.2000,2946.6000,2947.0000,2947.2000,2947.4000,2947.6000,1,2,4,2,1,1,1,4,3,4
SF,IH2003,2019-11-18 09:34:20.000,2946.6000,12844,-1,130191360.000,1,0,1,双平,S,2945.6000,2945.0000,2944.6000,2944.4000,2941.2000,2946.8000,2947.0000,2947.2000,2947.4000,2947.6000,1,2,4,2,1,1,1,4,3,4
SF,IH2003,2019-11-18 09:34:20.500,2946.6000,12844,0,131075340.000,1,0,1,多换,S,2945.6000,2945.0000,2944.6000,2944.4000,2941.2000,2946.8000,2947.2000,2947.4000,2947.6000,2947.8000,1,2,4,2,1,1,4,3,4,1
SF,IH2003,2019-11-18 09:34:21.000,2946.6000,12844,0,131075340.000,0,-,-,-,-,2945.6000,2945.0000,2944.6000,2944.4000,2941.2000,2946.6000,2946.8000,2947.2000,2947.4000,2947.6000,1,2,4,2,1,1,1,4,2,4
SF,IH2003,2019-11-18 09:34:21.500,2946.6000,12844,0,131959320.000,1,0,1,多换,S,2945.8000,2945.6000,2945.0000,2944.6000,2944.4000,2946.8000,2947.4000,2947.6000,2947.8000,2949.2000,1,1,2,4,2,1,2,4,1,1
SF,IH2003,2019-11-18 09:34:23.000,2945.8000,12844,0,132843060.000,1,0,1,多换,S,2945.6000,2945.0000,2944.6000,2944.4000,2941.2000,2945.8000,2946.8000,2947.4000,2947.6000,2947.8000,1,2,4,2,1,4,1,2,4,1
SF,IH2003,2019-11-18 09:34:23.500,2945.8000,12840,-4,136378020.000,4,0,4,双平,S,2946.0000,2945.8000,2945.6000,2945.0000,2944.6000,2946.8000,2947.4000,2947.6000,2947.8000,2949.2000,1,7,3,2,4,1,2,4,1,1
SF,IH2003,2019-11-18 09:34:24.000,2945.8000,12840,0,136378020.000,0,-,-,-,-,2946.4000,2946.0000,2945.8000,2945.6000,2945.0000,2946.8000,2947.4000,2947.6000,2947.8000,2949.2000,1,1,4,1,2,1,2,4,1,1
SF,IH2003,2019-11-18 09:34:24.500,2945.8000,12840,0,136378020.000,0,-,-,-,-,2946.4000,2945.8000,2945.6000,2945.0000,2944.6000,2946.8000,2947.4000,2947.6000,2947.8000,2949.2000,1,4,1,2,4,1,2,4,1,1
SF,IH2003,2019-11-18 09:34:25.000,2945.8000,12840,0,136378020.000,0,-,-,-,-,2946.4000,2945.8000,2945.6000,2945.0000,2944.6000,2946.8000,2947.4000,2947.6000,2947.8000,2949.2000,1,3,1,2,4,1,2,4,1,1
SF,IH2003,2019-11-18 09:34:27.500,2945.8000,12840,0,136378020.000,0,-,-,-,-,2946.4000,2945.8000,2945.6000,2945.0000,2944.6000,2946.8000,2947.4000,2947.6000,2947.8000,2949.2000,1,3,1,2,4,1,2,4,1,1
SF,IH2003,2019-11-18 09:34:28.000,2945.8000,12840,0,136378020.000,0,-,-,-,-,2945.8000,2945.6000,2945.0000,2944.6000,2944.4000,2946.8000,2947.4000,2947.6000,2947.8000,2949.2000,3,1,2,4,2,1,2,4,1,1
SF,IH2003,2019-11-18 09:34:28.500,2945.8000,12840,0,136378020.000,0,-,-,-,-,2946.4000,2945.8000,2945.6000,2945.0000,2944.6000,2946.8000,2947.4000,2947.6000,2947.8000,2949.2000,1,3,1,1,4,1,2,4,1,1
SF,IH2003,2019-11-18 09:34:29.000,2946.8000,12839,-1,137262060.000,1,0,1,双平,S,2946.4000,2945.8000,2945.6000,2945.0000,2944.6000,2947.4000,2947.6000,2947.8000,2949.2000,2950.2000,1,3,1,1,4,2,4,1,1,1
SF,IH2003,2019-11-18 09:34:29.500,2946.8000,12839,0,137262060.000,0,-,-,-,-,2946.4000,2945.8000,2945.6000,2945.0000,2944.6000,2947.6000,2947.8000,2949.2000,2950.2000,2950.8000,1,2,1,1,4,4,1,1,1,1
SF,IH2003,2019-11-18 09:34:30.000,2946.8000,12839,0,137262060.000,0,-,-,-,-,2946.4000,2945.8000,2945.6000,2945.0000,2944.6000,2947.6000,2949.2000,2950.2000,2950.8000,2954.0000,1,2,1,1,4,4,1,1,1,2
SF,IH2003,2019-11-18 09:34:30.500,2946.8000,12839,0,137262060.000,0,-,-,-,-,2946.4000,2945.8000,2945.6000,2944.6000,2944.4000,2949.2000,2950.2000,2950.8000,2954.0000,2954.2000,1,1,1,4,2,1,1,1,2,3
SF,IH2003,2019-11-18 09:34:31.000,2946.8000,12839,0,137262060.000,0,-,-,-,-,2946.4000,2945.8000,2945.6000,2944.6000,2944.4000,2947.8000,2948.2000,2948.4000,2948.8000,2949.0000,1,1,1,4,2,1,1,1,4,6
SF,IH2003,2019-11-18 09:34:31.500,2946.8000,12839,0,137262060.000,0,-,-,-,-,2946.6000,2946.4000,2945.8000,2945.6000,2944.6000,2948.2000,2948.4000,2948.8000,2949.0000,2949.2000,1,1,1,1,4,1,1,4,6,1
SF,IH2003,2019-11-18 09:34:32.000,2946.8000,12839,0,137262060.000,0,-,-,-,-,2946.6000,2946.4000,2945.8000,2945.6000,2944.6000,2947.6000,2948.0000,2948.2000,2948.4000,2948.8000,1,1,1,1,4,6,5,2,1,1
SF,IH2003,2019-11-18 09:34:32.500,2946.8000,12839,0,137262060.000,0,-,-,-,-,2946.6000,2945.8000,2945.6000,2944.6000,2944.4000,2947.6000,2948.0000,2948.2000,2948.4000,2948.8000,1,1,1,4,2,6,5,1,1,1
SF,IH2003,2019-11-18 09:34:33.000,2946.8000,12839,0,137262060.000,0,-,-,-,-,2946.6000,2945.8000,2945.6000,2944.6000,2944.4000,2947.4000,2947.6000,2948.0000,2948.2000,2948.4000,1,1,1,4,2,1,6,5,1,1
SF,IH2003,2019-11-18 09:34:33.500,2946.8000,12839,0,137262060.000,0,-,-,-,-,2946.6000,2945.6000,2944.6000,2944.4000,2941.2000,2947.4000,2947.6000,2948.0000,2948.2000,2948.4000,1,1,4,2,1,1,6,3,1,1
SF,IH2003,2019-11-18 09:34:34.000,2946.8000,12839,0,137262060.000,0,-,-,-,-,2945.6000,2944.6000,2944.4000,2941.2000,2941.0000,2947.4000,2947.6000,2948.0000,2948.2000,2948.4000,1,4,2,1,1,1,6,3,1,1
SF,IH2003,2019-11-18 09:34:34.500,2946.8000,12839,0,137262060.000,0,-,-,-,-,2946.0000,2945.8000,2945.6000,2944.6000,2944.4000,2947.4000,2947.6000,2948.2000,2948.4000,2948.8000,1,1,1,4,2,1,6,1,1,1
SF,IH2003,2019-11-18 09:34:35.000,2946.8000,12839,0,137262060.000,0,-,-,-,-,2946.0000,2945.6000,2944.6000,2944.4000,2941.2000,2947.6000,2948.2000,2948.4000,2948.8000,2949.0000,1,1,4,2,1,6,1,1,1,6
SF,IH2003,2019-11-18 09:34:36.000,2946.8000,12839,0,137262060.000,0,-,-,-,-,2946.2000,2946.0000,2945.6000,2944.6000,2944.4000,2947.6000,2948.2000,2948.4000,2948.8000,2949.0000,1,1,1,4,2,6,1,1,1,6
SF,IH2003,2019-11-18 09:34:36.500,2946.8000,12839,0,137262060.000,0,-,-,-,-,2946.2000,2946.0000,2945.6000,2944.6000,2944.4000,2947.4000,2947.6000,2948.2000,2948.4000,2948.8000,1,1,1,4,2,1,6,1,1,1
SF,IH2003,2019-11-18 09:34:37.000,2946.8000,12839,0,137262060.000,0,-,-,-,-,2946.2000,2946.0000,2945.6000,2944.6000,2944.4000,2947.6000,2948.2000,2948.4000,2948.8000,2949.0000,1,2,1,4,2,6,1,1,1,6
SF,IH2003,2019-11-18 09:34:37.500,2946.8000,12839,0,137262060.000,0,-,-,-,-,2946.2000,2946.0000,2945.6000,2944.6000,2944.4000,2947.4000,2947.6000,2948.2000,2948.4000,2948.8000,1,1,1,4,2,1,6,1,1,1
SF,IH2003,2019-11-18 09:34:38.000,2946.8000,12839,0,137262060.000,0,-,-,-,-,2946.2000,2946.0000,2945.6000,2944.6000,2944.4000,2947.6000,2948.2000,2948.4000,2948.8000,2949.0000,1,2,1,4,2,6,1,1,1,6
SF,IH2003,2019-11-18 09:34:38.500,2946.8000,12839,0,137262060.000,0,-,-,-,-,2946.2000,2946.0000,2945.6000,2944.6000,2944.4000,2947.4000,2947.6000,2948.2000,2948.4000,2948.8000,1,1,1,4,2,1,6,1,1,1
SF,IH2003,2019-11-18 09:34:41.500,2946.8000,12839,0,137262060.000,0,-,-,-,-,2946.2000,2946.0000,2945.6000,2944.6000,2944.4000,2947.4000,2947.6000,2948.2000,2948.4000,2948.8000,1,1,1,4,2,1,2,1,1,1
SF,IH2003,2019-11-18 09:34:42.000,2946.8000,12839,0,137262060.000,0,-,-,-,-,2946.2000,2946.0000,2945.6000,2944.6000,2944.4000,2948.2000,2948.4000,2948.8000,2949.0000,2949.2000,1,4,1,2,2,1,1,1,6,1
SF,IH2003,2019-11-18 09:34:42.500,2946.8000,12839,0,137262060.000,0,-,-,-,-,2946.2000,2946.0000,2945.6000,2944.6000,2944.4000,2947.8000,2948.0000,2948.2000,2948.4000,2948.8000,1,1,1,2,2,1,6,1,1,1
SF,IH2003,2019-11-18 09:34:43.000,2946.8000,12839,0,137262060.000,0,-,-,-,-,2946.2000,2946.0000,2945.6000,2944.6000,2944.4000,2947.8000,2948.0000,2948.2000,2948.4000,2948.8000,3,4,1,2,2,1,6,1,1,1
SF,IH2003,2019-11-18 09:34:43.500,2946.8000,12839,0,137262060.000,0,-,-,-,-,2946.6000,2946.2000,2945.6000,2944.6000,2944.4000,2947.8000,2948.0000,2948.2000,2948.4000,2948.8000,1,1,1,2,2,1,6,1,1,1
SF,IH2003,2019-11-18 09:34:44.000,2946.8000,12839,0,137262060.000,0,-,-,-,-,2946.6000,2946.2000,2946.0000,2945.6000,2944.6000,2947.8000,2948.0000,2948.2000,2948.4000,2948.8000,1,1,1,1,2,1,6,1,1,1
SF,IH2003,2019-11-18 09:34:44.500,2946.8000,12839,0,137262060.000,0,-,-,-,-,2946.6000,2946.2000,2946.0000,2945.6000,2944.6000,2947.8000,2948.0000,2948.2000,2948.4000,2948.8000,1,1,1,1,2,1,6,1,1,1
SF,IH2003,2019-11-18 09:34:45.000,2946.8000,12839,0,137262060.000,0,-,-,-,-,2946.2000,2946.0000,2945.6000,2944.6000,2944.4000,2947.8000,2948.0000,2948.2000,2948.4000,2948.8000,2,1,1,2,2,1,6,1,1,1
SF,IH2003,2019-11-18 09:34:45.500,2946.8000,12839,0,137262060.000,0,-,-,-,-,2946.4000,2946.2000,2945.6000,2944.6000,2944.4000,2947.6000,2947.8000,2948.0000,2948.2000,2948.4000,1,2,1,2,2,1,1,6,1,1
SF,IH2003,2019-11-18 09:34:46.000,2946.8000,12839,0,137262060.000,0,-,-,-,-,2946.4000,2946.2000,2946.0000,2945.6000,2944.6000,2947.8000,2948.0000,2948.2000,2948.4000,2948.8000,1,2,1,1,2,1,6,1,1,1
SF,IH2003,2019-11-18 09:34:46.500,2946.8000,12839,0,137262060.000,0,-,-,-,-,2946.4000,2946.2000,2945.6000,2944.6000,2944.4000,2947.8000,2948.0000,2948.2000,2948.4000,2948.8000,1,2,1,2,2,1,6,1,1,1
SF,IH2003,2019-11-18 09:34:47.000,2946.8000,12839,0,137262060.000,0,-,-,-,-,2947.8000,2946.6000,2946.4000,2946.2000,2945.6000,2948.4000,2949.0000,2949.2000,2950.2000,2950.8000,1,1,1,2,1,1,6,1,1,1
SF,IH2003,2019-11-18 09:34:47.500,2947.8000,12839,0,138146400.000,1,0,1,多换,S,2946.6000,2946.4000,2946.2000,2945.6000,2944.6000,2947.8000,2948.0000,2948.2000,2948.4000,2949.0000,1,1,1,1,2,3,1,6,1,6
SF,IH2003,2019-11-18 09:34:48.000,2947.8000,12839,0,138146400.000,0,-,-,-,-,2946.6000,2946.4000,2946.2000,2945.6000,2944.6000,2947.8000,2948.0000,2948.2000,2948.4000,2949.0000,1,1,1,1,2,2,1,6,1,6
SF,IH2003,2019-11-18 09:34:51.500,2947.8000,12838,-1,139030740.000,1,0,1,双平,S,2947.0000,2946.8000,2946.6000,2946.4000,2946.2000,2947.8000,2948.0000,2948.4000,2949.0000,2949.2000,2,2,2,2,1,1,1,1,6,1
SF,IH2003,2019-11-18 09:34:52.000,2947.8000,12837,-1,139915080.000,1,0,1,双平,S,2947.8000,2947.2000,2947.0000,2946.8000,2946.6000,2949.0000,2949.2000,2950.2000,2950.8000,2951.4000,3,1,2,2,3,6,1,1,1,1
SF,IH2003,2019-11-18 09:34:52.500,2947.8000,12837,0,139915080.000,0,-,-,-,-,2947.8000,2947.2000,2947.0000,2946.8000,2946.6000,2948.8000,2949.0000,2949.2000,2950.2000,2950.8000,1,2,2,2,2,2,6,1,1,1
SF,IH2003,2019-11-18 09:34:53.000,2947.8000,12837,0,140799420.000,1,0,1,多换,S,2947.2000,2947.0000,2946.8000,2946.6000,2946.2000,2948.8000,2949.0000,2949.2000,2950.2000,2950.8000,2,2,2,2,1,2,6,1,1,1
SF,IH2003,2019-11-18 09:34:53.500,2947.8000,12837,0,140799420.000,0,-,-,-,-,2947.2000,2947.0000,2946.8000,2946.6000,2946.2000,2948.8000,2949.0000,2949.2000,2950.2000,2950.8000,2,2,2,2,1,1,6,1,1,1
SF,IH2003,2019-11-18 09:34:54.500,2947.8000,12837,0,140799420.000,0,-,-,-,-,2947.8000,2947.2000,2947.0000,2946.8000,2946.6000,2948.8000,2949.0000,2949.2000,2950.2000,2950.8000,1,2,2,2,2,1,6,1,1,1
SF,IH2003,2019-11-18 09:34:55.000,2947.8000,12837,0,140799420.000,0,-,-,-,-,2947.8000,2947.2000,2947.0000,2946.8000,2946.6000,2948.8000,2949.0000,2949.2000,2950.2000,2950.8000,1,2,2,2,2,1,6,1,1,1
SF,IH2003,2019-11-18 09:34:55.500,2947.8000,12836,-1,141683760.000,1,0,1,双平,S,2947.2000,2947.0000,2946.8000,2946.6000,2946.2000,2948.4000,2948.6000,2948.8000,2949.0000,2949.2000,2,2,2,2,1,2,6,1,6,1
SF,IH2003,2019-11-18 09:34:56.000,2947.8000,12836,0,141683760.000,0,-,-,-,-,2947.2000,2946.8000,2946.6000,2946.2000,2945.6000,2948.2000,2948.4000,2948.6000,2949.0000,2949.2000,1,2,1,1,1,2,1,6,6,1
SF,IH2003,2019-11-18 09:34:57.000,2947.8000,12836,0,141683760.000,0,-,-,-,-,2946.2000,2945.6000,2944.4000,2941.2000,2941.0000,2948.2000,2948.4000,2948.6000,2949.0000,2949.2000,1,1,2,1,1,2,1,6,6,1
SF,IH2003,2019-11-18 09:34:57.500,2947.8000,12836,0,141683760.000,0,-,-,-,-,2946.6000,2946.4000,2946.2000,2946.0000,2945.6000,2948.0000,2948.4000,2948.6000,2949.0000,2949.2000,1,1,3,3,1,1,1,6,6,1
SF,IH2003,2019-11-18 09:34:58.000,2947.8000,12836,0,141683760.000,0,-,-,-,-,2946.2000,2945.6000,2944.4000,2941.2000,2941.0000,2947.4000,2948.0000,2948.2000,2948.4000,2948.6000,1,1,2,1,1,1,9,1,1,6
SF,IH2003,2019-11-18 09:34:58.500,2947.8000,12836,0,141683760.000,0,-,-,-,-,2946.4000,2946.2000,2945.6000,2944.4000,2941.2000,2948.0000,2948.2000,2948.4000,2948.6000,2949.2000,1,1,1,2,1,7,2,1,6,1
SF,IH2003,2019-11-18 09:34:59.000,2947.8000,12836,0,141683760.000,0,-,-,-,-,2946.2000,2945.6000,2944.4000,2941.2000,2941.0000,2947.8000,2948.0000,2948.2000,2948.4000,2948.6000,1,1,2,1,1,2,7,2,1,6
SF,IH2003,2019-11-18 09:34:59.500,2947.8000,12836,0,141683760.000,0,-,-,-,-,2946.6000,2946.4000,2946.2000,2946.0000,2945.6000,2948.2000,2948.4000,2948.6000,2949.2000,2950.2000,2,3,2,2,1,1,1,6,1,1
SF,IH2003,2019-11-18 09:35:00.000,2947.8000,12836,0,141683760.000,0,-,-,-,-,2946.8000,2946.2000,2945.6000,2944.4000,2941.2000,2948.0000,2948.2000,2948.4000,2948.6000,2949.2000,1,1,1,2,1,9,1,1,6,1
SF,IH2003,2019-11-18 09:35:00.500,2947.8000,12836,0,141683760.000,0,-,-,-,-,2946.8000,2946.2000,2945.6000,2944.4000,2941.2000,2947.8000,2948.0000,2948.2000,2948.4000,2948.6000,1,1,1,2,1,2,7,1,1,6
SF,IH2003,2019-11-18 09:35:01.000,2947.8000,12836,0,141683760.000,0,-,-,-,-,2946.2000,2945.6000,2944.4000,2941.2000,2941.0000,2946.8000,2947.8000,2948.0000,2948.2000,2948.4000,1,1,2,1,1,1,2,6,1,1
SF,IH2003,2019-11-18 09:35:01.500,2947.8000,12836,0,141683760.000,0,-,-,-,-,2946.2000,2945.6000,2944.4000,2941.2000,2941.0000,2946.8000,2947.6000,2948.0000,2948.2000,2948.4000,1,1,2,1,1,1,6,6,1,1
SF,IH2003,2019-11-18 09:35:02.000,2947.8000,12836,0,141683760.000,0,-,-,-,-,2946.2000,2945.6000,2944.4000,2941.2000,2941.0000,2946.8000,2947.6000,2948.0000,2948.2000,2948.4000,1,1,2,1,1,1,6,6,1,1
SF,IH2003,2019-11-18 09:35:02.500,2947.8000,12836,0,141683760.000,0,-,-,-,-,2946.2000,2945.6000,2944.4000,2941.2000,2941.0000,2946.6000,2946.8000,2947.0000,2947.6000,2948.0000,1,1,2,1,1,1,1,1,6,6
SF,IH2003,2019-11-18 09:35:03.000,2946.2000,12837,1,142567620.000,1,1,0,双开,S,2945.6000,2944.4000,2941.2000,2941.0000,2940.8000,2946.8000,2947.6000,2948.0000,2948.2000,2949.2000,1,2,1,1,1,1,6,6,1,1
SF,IH2003,2019-11-18 09:35:03.500,2946.2000,12837,0,142567620.000,0,-,-,-,-,2944.4000,2941.2000,2941.0000,2940.8000,2939.8000,2946.2000,2946.6000,2946.8000,2947.0000,2947.6000,2,1,1,1,1,1,3,1,1,6
SF,IH2003,2019-11-18 09:35:04.000,2946.2000,12837,0,142567620.000,0,-,-,-,-,2945.0000,2944.8000,2944.6000,2944.4000,2941.2000,2946.2000,2946.6000,2946.8000,2947.0000,2947.6000,3,2,3,2,1,1,1,1,1,6
SF,IH2003,2019-11-18 09:35:04.500,2946.2000,12837,0,142567620.000,0,-,-,-,-,2945.0000,2944.6000,2944.4000,2941.2000,2941.0000,2946.2000,2946.6000,2946.8000,2947.0000,2947.6000,1,3,2,1,1,1,1,1,1,6
SF,IH2003,2019-11-18 09:35:05.500,2946.2000,12837,0,142567620.000,0,-,-,-,-,2945.0000,2944.6000,2944.4000,2941.2000,2941.0000,2946.2000,2946.6000,2946.8000,2947.0000,2947.6000,1,3,1,1,1,1,1,1,1,6
SF,IH2003,2019-11-18 09:35:06.500,2946.2000,12837,0,142567620.000,0,-,-,-,-,2945.0000,2944.6000,2944.4000,2941.2000,2941.0000,2946.6000,2946.8000,2947.0000,2947.6000,2948.0000,1,3,1,1,1,1,1,1,6,6
SF,IH2003,2019-11-18 09:35:07.000,2946.2000,12837,0,142567620.000,0,-,-,-,-,2945.0000,2944.8000,2944.6000,2944.4000,2941.2000,2946.6000,2946.8000,2947.0000,2947.6000,2948.0000,1,1,3,1,1,1,1,1,6,6
SF,IH2003,2019-11-18 09:35:07.500,2946.2000,12837,0,142567620.000,0,-,-,-,-,2945.6000,2945.4000,2945.2000,2945.0000,2944.8000,2946.6000,2946.8000,2947.6000,2948.0000,2948.2000,2,2,2,1,1,1,1,6,6,1
SF,IH2003,2019-11-18 09:35:08.000,2946.2000,12837,0,142567620.000,0,-,-,-,-,2945.0000,2944.8000,2944.6000,2944.4000,2941.2000,2946.0000,2946.6000,2946.8000,2947.6000,2948.0000,1,1,3,1,1,1,1,1,6,6
SF,IH2003,2019-11-18 09:35:08.500,2946.0000,12836,-1,143451420.000,1,0,1,双平,S,2945.2000,2945.0000,2944.8000,2944.6000,2944.4000,2946.6000,2946.8000,2947.6000,2948.0000,2948.2000,2,1,1,3,1,1,1,6,6,1
SF,IH2003,2019-11-18 09:35:09.000,2946.0000,12836,0,143451420.000,0,-,-,-,-,2945.4000,2945.2000,2944.8000,2944.6000,2944.4000,2946.6000,2946.8000,2947.6000,2948.0000,2948.2000,1,2,1,3,1,1,1,6,6,1
SF,IH2003,2019-11-18 09:35:10.500,2946.0000,12836,0,143451420.000,0,-,-,-,-,2945.6000,2945.4000,2945.2000,2944.8000,2944.6000,2946.6000,2946.8000,2947.6000,2948.0000,2948.2000,1,1,2,1,3,1,1,6,6,1
SF,IH2003,2019-11-18 09:35:11.000,2946.6000,12837,1,144335400.000,1,1,0,双开,S,2945.4000,2944.6000,2944.4000,2941.2000,2941.0000,2946.8000,2947.6000,2948.0000,2948.2000,2949.2000,1,3,1,1,1,1,6,6,1,1
SF,IH2003,2019-11-18 09:35:11.500,2946.6000,12837,0,144335400.000,0,-,-,-,-,2945.4000,2944.6000,2944.4000,2941.2000,2941.0000,2945.6000,2946.8000,2947.0000,2947.6000,2948.0000,1,3,1,1,1,3,1,1,6,6
SF,IH2003,2019-11-18 09:35:12.000,2945.6000,12837,0,146986440.000,3,1,2,多换,S,2945.8000,2945.6000,2945.4000,2944.6000,2944.4000,2946.8000,2947.0000,2947.6000,2948.0000,2948.2000,2,6,1,3,1,1,1,6,6,1
SF,IH2003,2019-11-18 09:35:12.500,2945.6000,12837,0,146986440.000,0,-,-,-,-,2945.8000,2945.6000,2945.4000,2944.6000,2944.4000,2946.8000,2947.0000,2947.6000,2948.0000,2948.2000,1,5,1,3,1,1,1,6,6,1
SF,IH2003,2019-11-18 09:35:13.000,2945.6000,12837,0,146986440.000,0,-,-,-,-,2945.8000,2945.6000,2945.4000,2944.6000,2944.4000,2947.0000,2947.6000,2948.0000,2948.2000,2949.2000,1,4,1,3,1,1,6,6,1,1
SF,IH2003,2019-11-18 09:35:13.500,2945.6000,12837,0,146986440.000,0,-,-,-,-,2946.0000,2945.8000,2945.6000,2944.6000,2944.4000,2947.6000,2948.0000,2948.2000,2949.2000,2950.2000,1,1,4,3,1,6,6,1,1,1
SF,IH2003,2019-11-18 09:35:14.000,2945.6000,12837,0,146986440.000,0,-,-,-,-,2946.0000,2945.8000,2945.6000,2944.6000,2944.4000,2947.6000,2948.0000,2948.2000,2949.2000,2950.2000,2,1,4,3,1,6,6,1,1,1
SF,IH2003,2019-11-18 09:35:14.500,2945.6000,12837,0,146986440.000,0,-,-,-,-,2946.0000,2945.6000,2944.6000,2944.4000,2941.2000,2947.6000,2948.0000,2948.2000,2949.2000,2950.2000,2,4,3,1,1,6,6,1,1,1
SF,IH2003,2019-11-18 09:35:15.000,2945.6000,12837,0,146986440.000,0,-,-,-,-,2946.2000,2946.0000,2945.6000,2944.6000,2944.4000,2947.4000,2947.6000,2948.0000,2948.2000,2949.2000,2,1,4,3,1,2,6,6,1,1
SF,IH2003,2019-11-18 09:35:15.500,2945.6000,12837,0,146986440.000,0,-,-,-,-,2946.2000,2946.0000,2945.6000,2944.6000,2944.4000,2947.4000,2947.6000,2948.0000,2948.2000,2949.2000,1,1,4,3,1,2,6,6,1,1
SF,IH2003,2019-11-18 09:35:16.500,2946.2000,12836,-1,147870300.000,1,0,1,双平,S,2946.0000,2945.6000,2944.6000,2944.4000,2941.2000,2947.2000,2947.6000,2948.0000,2948.2000,2949.2000,1,4,3,1,1,2,6,6,1,1
SF,IH2003,2019-11-18 09:35:17.000,2946.0000,12835,-1,148754100.000,1,0,1,双平,S,2945.6000,2944.6000,2944.4000,2941.2000,2941.0000,2946.6000,2947.0000,2947.2000,2947.4000,2947.6000,4,3,1,1,1,1,6,8,1,6
SF,IH2003,2019-11-18 09:35:17.500,2946.0000,12835,0,148754100.000,0,-,-,-,-,2945.6000,2944.6000,2944.4000,2941.2000,2941.0000,2947.0000,2947.2000,2947.4000,2947.6000,2948.2000,3,3,1,1,1,3,7,1,6,1
SF,IH2003,2019-11-18 09:35:18.000,2947.0000,12835,0,149638200.000,1,0,1,多换,S,2945.6000,2944.6000,2944.4000,2941.2000,2941.0000,2947.0000,2947.2000,2947.4000,2947.6000,2948.2000,3,3,1,1,1,2,7,1,6,1
SF,IH2003,2019-11-18 09:35:20.500,2947.0000,12835,0,149638200.000,0,-,-,-,-,2945.6000,2944.6000,2944.4000,2941.2000,2941.0000,2946.8000,2947.0000,2947.2000,2947.4000,2948.2000,2,3,1,1,1,6,2,7,1,1
SF,IH2003,2019-11-18 09:35:21.000,2947.0000,12835,0,149638200.000,0,-,-,-,-,2945.6000,2944.6000,2944.4000,2941.2000,2941.0000,2947.2000,2947.4000,2948.2000,2949.2000,2950.2000,2,3,1,1,1,7,1,1,1,1
SF,IH2003,2019-11-18 09:35:22.500,2947.0000,12835,0,149638200.000,0,-,-,-,-,2945.8000,2945.6000,2944.6000,2944.4000,2941.2000,2947.2000,2948.2000,2949.2000,2950.2000,2951.4000,2,4,3,1,1,1,1,1,1,1
SF,IH2003,2019-11-18 09:35:23.500,2947.0000,12835,0,149638200.000,0,-,-,-,-,2946.0000,2945.8000,2945.6000,2944.6000,2944.4000,2948.2000,2949.2000,2950.2000,2951.4000,2954.0000,2,3,4,1,1,1,1,1,1,2
SF,IH2003,2019-11-18 09:35:24.000,2947.0000,12835,0,149638200.000,0,-,-,-,-,2946.0000,2945.8000,2945.6000,2944.6000,2944.4000,2948.0000,2948.2000,2949.2000,2950.2000,2951.4000,3,3,4,1,1,8,1,1,1,1
SF,IH2003,2019-11-18 09:35:24.500,2947.0000,12835,0,149638200.000,0,-,-,-,-,2946.0000,2945.8000,2945.6000,2944.6000,2944.4000,2948.0000,2948.2000,2949.2000,2950.2000,2951.4000,3,3,4,1,1,8,1,1,1,1
SF,IH2003,2019-11-18 09:35:26.000,2947.0000,12835,0,149638200.000,0,-,-,-,-,2946.0000,2945.8000,2945.6000,2944.6000,2944.4000,2948.0000,2948.2000,2949.2000,2950.2000,2951.4000,3,3,4,1,1,8,1,1,1,1
SF,IH2003,2019-11-18 09:35:26.500,2947.0000,12835,0,149638200.000,0,-,-,-,-,2946.0000,2945.8000,2945.6000,2944.6000,2944.4000,2947.8000,2948.0000,2948.2000,2949.2000,2950.2000,2,3,4,1,1,2,8,1,1,1
SF,IH2003,2019-11-18 09:35:27.000,2947.0000,12835,0,149638200.000,0,-,-,-,-,2946.0000,2945.8000,2945.6000,2944.6000,2944.4000,2947.8000,2948.0000,2948.2000,2949.2000,2950.2000,2,3,4,1,1,2,8,1,1,1
