市场代码,合约代码,时间,最新,持仓,增仓,成交额,成交量,开仓,平仓,成交类型,方向,买一价,买二价,买三价,买四价,买五价,卖一价,卖二价,卖三价,卖四价,卖五价,买一量,买二量,买三量,买四量,买五量,卖一量,卖二量,卖三量,卖四量,卖五量
SF,IH2004,2020-03-11 09:29:00.000,2922.2000,5750,0,876660.000,1.000,-,-,-,-,2921.2000,2920.8000,2920.0000,2915.2000,2913.6000,2925.2000,2926.0000,2928.8000,2930.0000,2931.8000,1,1,1,1,3,1,1,1,1,1
SF,IH2004,2020-03-11 09:30:00.500,2922.2000,5750,0,876660.000,0,-,-,-,-,2921.2000,2920.0000,2915.2000,2913.6000,2912.0000,2922.2000,2925.0000,2925.2000,2926.0000,2928.8000,1,2,1,3,1,1,2,1,1,1
SF,IH2004,2020-03-11 09:30:01.000,2922.2000,5750,0,876660.000,0,-,-,-,-,2921.2000,2920.0000,2915.2000,2913.6000,2911.0000,2921.4000,2922.0000,2922.2000,2922.4000,2923.2000,1,2,1,2,1,1,2,1,1,5
SF,IH2004,2020-03-11 09:30:01.500,2921.2000,5749,-1,1753020.000,1,0,1,双平,S,2920.0000,2913.6000,2911.0000,2908.0000,2902.6000,2921.2000,2921.6000,2921.8000,2922.0000,2922.2000,2,2,1,1,1,1,1,1,1,1
SF,IH2004,2020-03-11 09:30:02.000,2921.0000,5748,-1,4381320.000,3,1,2,多平,S,2911.0000,2910.8000,2908.0000,2902.6000,2902.2000,2921.2000,2921.6000,2921.8000,2922.0000,2922.2000,1,5,1,1,1,1,1,1,1,1
SF,IH2004,2020-03-11 09:30:02.500,2921.2000,5747,-1,6133980.000,2,0,2,多平,S,2917.2000,2917.0000,2916.6000,2916.0000,2915.0000,2921.6000,2921.8000,2922.0000,2922.2000,2922.4000,1,1,1,1,1,1,1,1,1,1
SF,IH2004,2020-03-11 09:30:03.000,2921.2000,5747,0,6133980.000,0,-,-,-,-,2917.4000,2917.2000,2916.0000,2915.0000,2914.8000,2921.6000,2922.0000,2922.2000,2922.4000,2923.2000,3,1,1,1,1,1,1,1,1,5
SF,IH2004,2020-03-11 09:30:03.500,2921.2000,5747,0,6133980.000,0,-,-,-,-,2918.6000,2918.4000,2917.4000,2917.2000,2916.0000,2922.2000,2925.2000,2926.0000,2930.0000,2931.8000,1,1,4,2,1,1,1,1,1,1
SF,IH2004,2020-03-11 09:30:04.000,2918.8000,5744,-3,8760900.000,3,0,3,双平,S,2918.8000,2918.6000,2918.4000,2917.4000,2917.2000,2922.0000,2922.2000,2925.2000,2926.0000,2930.0000,1,1,1,1,2,1,1,1,1,1
SF,IH2004,2020-03-11 09:30:04.500,2922.0000,5743,-1,9637500.000,1,0,1,双平,S,2919.0000,2918.8000,2918.6000,2918.4000,2917.4000,2922.2000,2925.2000,2926.0000,2930.0000,2931.8000,3,1,1,1,1,1,1,1,1,1
SF,IH2004,2020-03-11 09:30:05.000,2922.2000,5742,-1,10514160.000,1,0,1,双平,S,2919.2000,2919.0000,2918.6000,2918.4000,2917.4000,2925.2000,2926.0000,2930.0000,2931.8000,2932.6000,1,3,1,1,1,1,1,1,1,1
SF,IH2004,2020-03-11 09:30:05.500,2922.2000,5742,0,10514160.000,0,-,-,-,-,2919.4000,2919.2000,2919.0000,2918.6000,2918.4000,2923.2000,2923.8000,2924.8000,2925.0000,2925.2000,2,1,1,1,1,5,1,1,7,1
SF,IH2004,2020-03-11 09:30:06.000,2922.2000,5742,0,10514160.000,0,-,-,-,-,2919.6000,2919.4000,2919.0000,2918.4000,2917.2000,2923.0000,2923.2000,2923.8000,2924.8000,2925.0000,1,2,1,1,2,2,5,1,1,5
SF,IH2004,2020-03-11 09:30:06.500,2922.2000,5742,0,10514160.000,0,-,-,-,-,2919.8000,2919.6000,2919.4000,2919.0000,2918.4000,2922.8000,2923.0000,2923.2000,2923.8000,2924.8000,1,2,1,1,1,1,2,5,1,1
SF,IH2004,2020-03-11 09:30:07.000,2919.8000,5741,-1,11390100.000,1,0,1,双平,S,2919.6000,2919.4000,2919.0000,2918.4000,2917.2000,2922.4000,2922.6000,2922.8000,2923.2000,2923.8000,1,1,1,1,2,1,3,1,5,1
SF,IH2004,2020-03-11 09:30:07.500,2919.8000,5741,0,11390100.000,0,-,-,-,-,2919.0000,2918.4000,2917.2000,2916.0000,2911.0000,2922.2000,2922.4000,2922.8000,2923.2000,2923.8000,1,1,2,1,1,3,1,1,5,1
SF,IH2004,2020-03-11 09:30:08.000,2919.8000,5741,0,11390100.000,0,-,-,-,-,2919.2000,2919.0000,2918.4000,2917.2000,2916.0000,2922.2000,2922.4000,2922.8000,2923.2000,2923.8000,1,1,1,2,1,3,1,1,5,1
SF,IH2004,2020-03-11 09:30:08.500,2919.8000,5741,0,11390100.000,0,-,-,-,-,2919.2000,2919.0000,2918.4000,2917.2000,2916.0000,2922.2000,2922.4000,2922.8000,2923.2000,2923.8000,1,1,1,2,1,3,1,1,5,1
SF,IH2004,2020-03-11 09:30:09.000,2919.8000,5741,0,11390100.000,0,-,-,-,-,2918.4000,2917.2000,2916.0000,2911.0000,2910.8000,2921.6000,2922.0000,2922.2000,2922.4000,2922.8000,1,2,1,1,5,1,1,3,1,1
SF,IH2004,2020-03-11 09:30:09.500,2919.8000,5741,0,11390100.000,0,-,-,-,-,2918.4000,2917.2000,2916.0000,2911.0000,2910.8000,2921.4000,2921.6000,2922.0000,2922.4000,2922.8000,2,2,1,1,5,3,1,1,1,1
SF,IH2004,2020-03-11 09:30:10.000,2918.4000,5739,-2,13141140.000,2,0,2,双平,S,2917.2000,2916.0000,2911.0000,2910.8000,2908.0000,2921.2000,2921.4000,2921.6000,2922.0000,2922.4000,1,1,1,5,1,1,3,2,1,1
SF,IH2004,2020-03-11 09:30:10.500,2918.4000,5739,0,13141140.000,0,-,-,-,-,2916.0000,2911.0000,2910.8000,2908.0000,2902.6000,2918.4000,2921.0000,2921.2000,2921.6000,2922.0000,1,1,5,1,1,1,3,1,1,1
SF,IH2004,2020-03-11 09:30:11.000,2918.4000,5737,-2,14891880.000,2,0,2,双平,S,2918.4000,2917.8000,2917.4000,2917.2000,2916.2000,2921.2000,2921.6000,2922.0000,2922.4000,2922.8000,1,1,1,1,1,1,1,1,1,1
SF,IH2004,2020-03-11 09:30:11.500,2918.4000,5736,-1,15767400.000,1,0,1,双平,S,2916.0000,2911.0000,2910.8000,2908.0000,2902.6000,2921.0000,2921.6000,2922.0000,2922.4000,2923.2000,1,1,5,1,1,2,1,1,1,4
SF,IH2004,2020-03-11 09:30:12.000,2918.4000,5736,0,15767400.000,0,-,-,-,-,2917.2000,2916.2000,2916.0000,2911.0000,2910.8000,2920.6000,2921.0000,2921.6000,2922.0000,2922.4000,1,5,1,1,5,1,2,1,1,1
SF,IH2004,2020-03-11 09:30:12.500,2918.4000,5736,0,15767400.000,0,-,-,-,-,2917.6000,2917.4000,2917.2000,2916.4000,2916.2000,2920.4000,2921.6000,2922.0000,2922.4000,2923.2000,1,1,1,1,4,2,1,1,1,4
SF,IH2004,2020-03-11 09:30:13.000,2920.4000,5736,0,17518860.000,2,1,1,多换,S,2917.8000,2917.2000,2916.2000,2916.0000,2914.4000,2920.4000,2921.6000,2922.0000,2922.4000,2923.2000,1,1,4,1,1,1,1,1,1,4
SF,IH2004,2020-03-11 09:30:13.500,2920.4000,5736,0,17518860.000,0,-,-,-,-,2917.8000,2916.2000,2916.0000,2914.4000,2911.0000,2918.4000,2920.0000,2920.4000,2921.4000,2922.0000,1,4,1,1,1,2,1,1,1,1
SF,IH2004,2020-03-11 09:30:14.000,2918.4000,5735,-1,18394380.000,1,0,1,双平,S,2916.2000,2916.0000,2914.4000,2911.0000,2910.8000,2920.4000,2921.4000,2922.0000,2922.4000,2923.2000,4,1,1,1,5,1,1,1,1,4
SF,IH2004,2020-03-11 09:30:14.500,2918.4000,5735,0,18394380.000,0,-,-,-,-,2917.2000,2917.0000,2916.4000,2916.2000,2916.0000,2920.4000,2921.4000,2922.0000,2922.4000,2923.2000,1,1,2,4,1,1,1,1,1,4
SF,IH2004,2020-03-11 09:30:15.000,2918.4000,5735,0,18394380.000,0,-,-,-,-,2917.6000,2917.4000,2917.2000,2917.0000,2916.4000,2920.4000,2921.4000,2922.0000,2922.4000,2923.2000,1,1,1,1,2,1,1,1,1,4
SF,IH2004,2020-03-11 09:30:15.500,2918.4000,5735,0,18394380.000,0,-,-,-,-,2917.8000,2917.2000,2917.0000,2916.4000,2916.2000,2920.4000,2921.4000,2922.0000,2922.4000,2923.2000,1,1,1,1,3,1,1,1,1,4
SF,IH2004,2020-03-11 09:30:16.000,2920.4000,5734,-1,19270500.000,1,0,1,双平,S,2918.0000,2917.8000,2917.2000,2917.0000,2916.4000,2921.4000,2922.0000,2922.4000,2923.2000,2925.0000,2,2,1,1,1,1,1,1,4,3
SF,IH2004,2020-03-11 09:30:16.500,2920.4000,5734,0,19270500.000,0,-,-,-,-,2918.2000,2918.0000,2917.8000,2917.2000,2917.0000,2921.2000,2921.4000,2922.0000,2922.4000,2923.2000,1,2,1,1,1,1,1,1,1,4
SF,IH2004,2020-03-11 09:30:17.000,2920.4000,5734,0,19270500.000,0,-,-,-,-,2918.4000,2918.2000,2918.0000,2917.8000,2917.2000,2921.2000,2921.4000,2922.0000,2922.4000,2923.2000,1,1,1,1,1,1,1,1,1,4
SF,IH2004,2020-03-11 09:30:17.500,2920.4000,5734,0,19270500.000,0,-,-,-,-,2918.2000,2917.0000,2916.4000,2916.0000,2911.0000,2918.4000,2921.0000,2921.2000,2921.4000,2922.0000,1,1,1,1,1,1,3,1,1,1
SF,IH2004,2020-03-11 09:30:18.000,2918.4000,5733,-1,20146020.000,1,0,1,双平,S,2918.4000,2916.4000,2916.0000,2911.0000,2910.8000,2921.0000,2921.2000,2921.4000,2922.0000,2922.4000,1,1,1,1,5,2,1,1,1,1
SF,IH2004,2020-03-11 09:30:18.500,2918.4000,5733,0,20146020.000,0,-,-,-,-,2916.4000,2916.0000,2911.0000,2910.8000,2908.0000,2920.8000,2921.4000,2922.0000,2922.4000,2923.2000,1,1,1,5,1,2,1,1,1,4
SF,IH2004,2020-03-11 09:30:19.000,2918.4000,5733,0,20146020.000,0,-,-,-,-,2916.8000,2916.6000,2916.4000,2916.0000,2911.0000,2920.8000,2921.0000,2921.4000,2922.0000,2922.4000,1,3,1,1,1,1,1,1,1,1
SF,IH2004,2020-03-11 09:30:19.500,2918.4000,5733,0,20146020.000,0,-,-,-,-,2917.0000,2916.8000,2916.6000,2916.4000,2916.0000,2920.8000,2921.0000,2921.4000,2922.0000,2922.4000,3,1,1,1,1,1,1,1,1,1
SF,IH2004,2020-03-11 09:30:20.000,2918.4000,5733,0,20146020.000,0,-,-,-,-,2917.0000,2916.6000,2916.4000,2916.0000,2911.0000,2920.6000,2920.8000,2921.0000,2921.4000,2922.0000,3,1,1,1,1,2,1,1,1,1
SF,IH2004,2020-03-11 09:30:20.500,2918.4000,5733,0,20146020.000,0,-,-,-,-,2917.2000,2917.0000,2916.6000,2916.4000,2916.0000,2920.4000,2920.6000,2921.0000,2921.4000,2922.0000,2,2,1,1,1,1,2,1,1,1
SF,IH2004,2020-03-11 09:30:21.000,2918.4000,5733,0,20146020.000,0,-,-,-,-,2918.0000,2917.4000,2917.2000,2916.6000,2916.4000,2920.4000,2920.6000,2921.0000,2921.4000,2922.0000,1,2,2,1,1,1,2,1,1,1
SF,IH2004,2020-03-11 09:30:21.500,2918.4000,5733,0,20146020.000,0,-,-,-,-,2918.0000,2917.4000,2917.2000,2916.6000,2916.4000,2920.4000,2920.6000,2921.0000,2921.4000,2922.0000,1,2,2,1,1,1,1,1,1,1
SF,IH2004,2020-03-11 09:30:22.000,2920.4000,5733,0,21022140.000,1,0,1,多换,S,2918.2000,2918.0000,2917.2000,2916.4000,2916.0000,2921.0000,2921.4000,2922.0000,2922.4000,2923.2000,1,1,2,1,1,1,1,1,1,4
SF,IH2004,2020-03-11 09:30:22.500,2920.4000,5733,0,21022140.000,0,-,-,-,-,2918.0000,2916.4000,2916.0000,2915.0000,2911.0000,2920.2000,2920.8000,2921.0000,2921.4000,2922.0000,1,1,1,1,1,1,1,1,1,1
SF,IH2004,2020-03-11 09:30:23.000,2920.4000,5733,0,21022140.000,0,-,-,-,-,2918.4000,2918.0000,2916.4000,2916.0000,2915.0000,2920.8000,2921.0000,2921.4000,2922.0000,2922.4000,1,1,1,1,1,1,1,1,1,1
SF,IH2004,2020-03-11 09:30:23.500,2920.4000,5733,0,21022140.000,0,-,-,-,-,2918.4000,2918.0000,2916.4000,2916.0000,2915.0000,2920.8000,2921.0000,2921.4000,2922.0000,2922.4000,1,1,1,1,1,1,1,1,1,1
SF,IH2004,2020-03-11 09:30:24.000,2920.4000,5733,0,21022140.000,0,-,-,-,-,2918.0000,2916.4000,2916.0000,2915.0000,2911.2000,2920.6000,2920.8000,2921.0000,2921.4000,2922.0000,1,1,1,1,1,2,1,1,1,1
SF,IH2004,2020-03-11 09:30:24.500,2920.4000,5733,0,21022140.000,0,-,-,-,-,2918.2000,2918.0000,2916.4000,2916.0000,2915.0000,2920.6000,2920.8000,2921.0000,2921.4000,2922.0000,1,1,1,1,1,2,1,1,1,1
SF,IH2004,2020-03-11 09:30:25.000,2920.4000,5733,0,21022140.000,0,-,-,-,-,2918.2000,2918.0000,2916.4000,2916.0000,2915.0000,2920.4000,2920.8000,2921.0000,2921.4000,2922.0000,2,1,1,1,1,1,1,1,1,1
SF,IH2004,2020-03-11 09:30:25.500,2920.4000,5733,0,21022140.000,0,-,-,-,-,2918.2000,2918.0000,2916.4000,2916.0000,2915.0000,2920.4000,2921.0000,2921.4000,2922.0000,2922.4000,2,1,1,1,1,1,1,1,1,1
SF,IH2004,2020-03-11 09:30:26.000,2920.4000,5733,0,21022140.000,0,-,-,-,-,2918.2000,2918.0000,2916.4000,2916.0000,2915.0000,2920.4000,2921.0000,2921.4000,2922.0000,2922.4000,2,1,1,1,1,1,1,1,1,1
SF,IH2004,2020-03-11 09:30:26.500,2920.4000,5733,0,21022140.000,0,-,-,-,-,2918.2000,2918.0000,2916.4000,2916.0000,2915.0000,2920.2000,2921.0000,2921.4000,2922.0000,2922.4000,2,1,1,1,1,1,1,1,1,1
SF,IH2004,2020-03-11 09:30:27.000,2920.4000,5733,0,21022140.000,0,-,-,-,-,2918.2000,2918.0000,2916.4000,2916.0000,2915.0000,2920.2000,2921.0000,2921.4000,2922.0000,2922.4000,1,1,1,1,1,2,1,1,1,1
SF,IH2004,2020-03-11 09:30:27.500,2920.4000,5733,0,21022140.000,0,-,-,-,-,2918.2000,2918.0000,2916.4000,2916.0000,2915.0000,2920.2000,2921.0000,2921.4000,2922.0000,2922.4000,1,1,1,1,1,1,1,1,1,1
SF,IH2004,2020-03-11 09:30:28.000,2920.4000,5733,0,21022140.000,0,-,-,-,-,2918.4000,2918.2000,2918.0000,2916.4000,2916.0000,2921.0000,2921.4000,2922.0000,2922.4000,2923.2000,1,1,1,1,1,1,1,1,1,4
SF,IH2004,2020-03-11 09:30:28.500,2920.4000,5733,0,21022140.000,0,-,-,-,-,2918.6000,2918.4000,2918.0000,2916.4000,2916.0000,2921.0000,2921.4000,2922.0000,2922.4000,2923.2000,1,1,1,1,1,1,1,1,1,4
SF,IH2004,2020-03-11 09:30:29.000,2920.4000,5733,0,21022140.000,0,-,-,-,-,2918.6000,2918.0000,2916.4000,2916.0000,2915.0000,2920.6000,2920.8000,2921.0000,2921.4000,2922.0000,1,1,1,1,1,1,1,1,1,1
SF,IH2004,2020-03-11 09:30:29.500,2920.4000,5733,0,21022140.000,0,-,-,-,-,2918.6000,2918.0000,2916.4000,2916.0000,2915.0000,2920.8000,2921.0000,2921.4000,2922.0000,2922.4000,1,1,1,1,1,1,1,1,1,1
SF,IH2004,2020-03-11 09:30:30.000,2920.4000,5733,0,21022140.000,0,-,-,-,-,2918.6000,2918.0000,2916.4000,2916.0000,2915.0000,2920.4000,2920.6000,2920.8000,2921.0000,2921.4000,1,1,1,1,1,1,1,1,1,1
SF,IH2004,2020-03-11 09:30:30.500,2920.4000,5733,0,21022140.000,0,-,-,-,-,2918.6000,2918.0000,2916.4000,2916.0000,2915.0000,2920.4000,2920.6000,2921.0000,2921.4000,2922.0000,1,1,1,1,1,1,1,1,1,1
SF,IH2004,2020-03-11 09:30:31.000,2920.4000,5733,0,21022140.000,0,-,-,-,-,2918.6000,2918.0000,2916.4000,2916.0000,2911.2000,2920.4000,2920.6000,2921.0000,2921.4000,2922.0000,1,1,1,1,1,1,1,1,1,1
SF,IH2004,2020-03-11 09:30:31.500,2920.4000,5733,0,21022140.000,0,-,-,-,-,2918.8000,2918.6000,2918.0000,2916.4000,2916.0000,2920.6000,2921.0000,2921.4000,2922.0000,2922.4000,1,1,1,1,1,1,1,1,1,1
SF,IH2004,2020-03-11 09:30:32.000,2920.4000,5733,0,21022140.000,0,-,-,-,-,2919.8000,2919.0000,2918.8000,2918.4000,2918.0000,2920.6000,2921.0000,2921.4000,2922.0000,2922.4000,1,1,1,1,1,1,1,1,1,1
SF,IH2004,2020-03-11 09:30:32.500,2920.4000,5733,0,21022140.000,0,-,-,-,-,2919.0000,2918.4000,2918.0000,2916.4000,2916.0000,2920.6000,2921.0000,2921.4000,2922.0000,2922.4000,1,1,1,1,1,1,1,1,1,1
SF,IH2004,2020-03-11 09:30:33.000,2920.4000,5733,0,21022140.000,0,-,-,-,-,2919.0000,2918.4000,2918.0000,2916.4000,2916.0000,2920.4000,2920.6000,2921.0000,2921.4000,2922.0000,1,1,1,1,1,1,1,1,1,1
SF,IH2004,2020-03-11 09:30:33.500,2920.4000,5733,0,21022140.000,0,-,-,-,-,2919.0000,2918.4000,2918.0000,2916.4000,2916.0000,2920.4000,2920.6000,2921.0000,2921.4000,2922.0000,1,1,1,1,1,1,1,1,1,1
SF,IH2004,2020-03-11 09:30:34.500,2920.4000,5733,0,21022140.000,0,-,-,-,-,2919.2000,2919.0000,2918.4000,2918.0000,2916.4000,2920.6000,2921.0000,2921.4000,2922.0000,2922.4000,1,1,1,1,1,1,1,1,1,1
SF,IH2004,2020-03-11 09:30:35.000,2920.4000,5733,0,21022140.000,0,-,-,-,-,2919.4000,2919.2000,2918.4000,2918.0000,2916.4000,2920.6000,2921.0000,2921.4000,2922.0000,2922.4000,1,1,1,1,1,1,1,1,1,1
SF,IH2004,2020-03-11 09:30:35.500,2920.6000,5733,0,21898320.000,1,0,1,多换,S,2920.4000,2919.8000,2919.6000,2919.2000,2918.4000,2921.0000,2921.4000,2923.2000,2925.0000,2925.2000,1,1,1,1,1,1,1,4,3,1
SF,IH2004,2020-03-11 09:30:36.000,2921.0000,5733,0,22774620.000,1,0,1,多换,S,2920.4000,2919.6000,2919.2000,2918.4000,2918.0000,2921.4000,2923.2000,2925.0000,2925.2000,2925.4000,1,1,1,1,1,1,4,3,1,1
SF,IH2004,2020-03-11 09:30:36.500,2921.4000,5733,0,23651040.000,1,0,1,多换,S,2920.4000,2919.6000,2918.4000,2918.0000,2916.4000,2923.2000,2925.0000,2925.2000,2925.4000,2926.0000,1,1,1,1,1,4,3,1,1,2
SF,IH2004,2020-03-11 09:30:37.000,2921.4000,5733,0,23651040.000,0,-,-,-,-,2920.4000,2918.4000,2918.0000,2916.4000,2916.0000,2922.8000,2923.0000,2923.2000,2925.0000,2925.2000,2,1,1,1,1,1,1,5,3,1
SF,IH2004,2020-03-11 09:30:37.500,2921.4000,5733,0,23651040.000,0,-,-,-,-,2920.4000,2918.4000,2918.0000,2916.4000,2916.0000,2923.0000,2923.2000,2925.0000,2925.2000,2925.4000,2,1,1,1,1,1,5,3,1,1
SF,IH2004,2020-03-11 09:30:38.000,2921.4000,5733,0,23651040.000,0,-,-,-,-,2921.0000,2920.6000,2920.4000,2918.4000,2918.0000,2922.8000,2925.0000,2925.2000,2925.4000,2926.0000,1,1,1,1,1,1,3,1,1,2
SF,IH2004,2020-03-11 09:30:38.500,2921.4000,5733,0,23651040.000,0,-,-,-,-,2921.0000,2920.6000,2920.4000,2918.4000,2918.0000,2922.8000,2925.0000,2925.2000,2925.4000,2926.0000,1,1,1,1,1,1,3,1,1,2
SF,IH2004,2020-03-11 09:30:39.000,2921.4000,5733,0,23651040.000,0,-,-,-,-,2921.2000,2921.0000,2920.6000,2920.4000,2918.4000,2925.0000,2925.2000,2925.4000,2926.0000,2926.6000,1,1,1,1,1,3,1,1,2,3
SF,IH2004,2020-03-11 09:30:39.500,2921.4000,5733,0,23651040.000,0,-,-,-,-,2921.2000,2921.0000,2920.4000,2918.4000,2918.2000,2923.0000,2923.2000,2923.8000,2924.8000,2925.0000,1,1,1,1,1,1,5,1,8,1
SF,IH2004,2020-03-11 09:30:40.000,2921.0000,5732,-1,25403700.000,2,0,2,多平,S,2920.4000,2918.4000,2918.2000,2918.0000,2916.4000,2921.0000,2922.4000,2922.6000,2922.8000,2923.2000,1,1,1,1,1,2,1,1,1,5
SF,IH2004,2020-03-11 09:30:40.500,2921.0000,5731,-1,27156120.000,2,0,2,多平,S,2918.4000,2918.2000,2918.0000,2916.4000,2916.0000,2921.0000,2922.4000,2922.6000,2922.8000,2923.2000,1,1,1,1,1,1,1,1,1,5
SF,IH2004,2020-03-11 09:30:41.000,2921.0000,5731,0,27156120.000,0,-,-,-,-,2918.6000,2918.4000,2918.2000,2918.0000,2916.4000,2920.8000,2921.0000,2922.4000,2922.6000,2922.8000,2,1,1,1,1,1,1,1,1,1
SF,IH2004,2020-03-11 09:30:41.500,2921.0000,5731,0,27156120.000,0,-,-,-,-,2918.6000,2918.4000,2918.0000,2916.4000,2916.0000,2920.8000,2921.0000,2922.6000,2923.2000,2924.8000,2,1,1,1,1,1,1,1,5,7
SF,IH2004,2020-03-11 09:30:42.000,2921.0000,5731,0,27156120.000,0,-,-,-,-,2918.6000,2918.4000,2918.0000,2916.4000,2916.0000,2920.8000,2921.0000,2922.6000,2923.2000,2924.8000,2,2,1,1,1,1,1,1,5,7
SF,IH2004,2020-03-11 09:30:42.500,2921.0000,5731,0,27156120.000,0,-,-,-,-,2918.8000,2918.6000,2918.4000,2918.0000,2917.8000,2920.8000,2921.0000,2923.2000,2924.8000,2925.0000,1,2,2,1,1,1,1,5,7,1
SF,IH2004,2020-03-11 09:30:43.000,2921.0000,5731,0,27156120.000,0,-,-,-,-,2919.0000,2918.8000,2918.4000,2918.0000,2917.8000,2921.0000,2923.2000,2924.8000,2925.0000,2925.2000,2,2,2,1,1,1,5,7,1,1
SF,IH2004,2020-03-11 09:30:43.500,2921.0000,5731,0,27156120.000,0,-,-,-,-,2919.0000,2918.8000,2918.4000,2918.0000,2917.8000,2920.8000,2921.0000,2923.2000,2924.8000,2925.0000,2,1,2,1,1,1,1,5,7,1
SF,IH2004,2020-03-11 09:30:44.000,2921.0000,5731,0,27156120.000,0,-,-,-,-,2919.0000,2918.8000,2918.4000,2918.0000,2917.8000,2920.8000,2921.0000,2923.2000,2924.8000,2925.0000,2,1,2,1,1,1,1,5,7,1
SF,IH2004,2020-03-11 09:30:44.500,2920.8000,5730,-1,28032360.000,1,0,1,双平,S,2920.8000,2919.0000,2918.8000,2918.4000,2918.0000,2921.0000,2923.2000,2924.8000,2925.0000,2925.2000,1,2,1,2,1,1,5,7,1,1
SF,IH2004,2020-03-11 09:30:45.000,2920.8000,5729,-1,28908600.000,1,0,1,双平,S,2919.0000,2918.4000,2918.0000,2917.8000,2917.4000,2920.8000,2921.0000,2923.2000,2924.8000,2925.0000,2,1,1,1,1,1,1,5,7,1
SF,IH2004,2020-03-11 09:30:45.500,2920.8000,5729,0,28908600.000,0,-,-,-,-,2919.0000,2918.0000,2917.8000,2917.4000,2916.4000,2920.8000,2921.0000,2923.2000,2924.8000,2925.0000,2,1,1,1,1,1,1,5,7,1
SF,IH2004,2020-03-11 09:30:47.500,2920.8000,5729,0,29784840.000,1,0,1,多换,S,2920.4000,2919.0000,2918.0000,2917.8000,2917.4000,2921.0000,2923.2000,2924.8000,2925.0000,2925.2000,2,2,1,1,1,1,5,7,1,1
SF,IH2004,2020-03-11 09:30:48.000,2920.8000,5729,0,29784840.000,0,-,-,-,-,2920.4000,2919.0000,2918.0000,2917.8000,2917.4000,2921.0000,2923.2000,2924.8000,2925.0000,2925.2000,2,2,1,1,1,1,5,7,1,1
SF,IH2004,2020-03-11 09:30:48.500,2920.4000,5729,0,31537080.000,2,1,1,多换,S,2919.0000,2918.0000,2917.8000,2917.4000,2916.4000,2921.0000,2923.2000,2924.8000,2925.0000,2925.2000,2,1,1,1,1,1,5,7,1,1
SF,IH2004,2020-03-11 09:30:49.000,2920.4000,5729,0,31537080.000,0,-,-,-,-,2919.0000,2918.0000,2917.8000,2917.4000,2916.4000,2921.0000,2923.2000,2924.8000,2925.0000,2925.2000,2,1,1,1,1,1,5,7,1,1
SF,IH2004,2020-03-11 09:30:49.500,2920.4000,5729,0,31537080.000,0,-,-,-,-,2919.0000,2918.0000,2917.8000,2917.4000,2916.4000,2921.0000,2923.2000,2924.8000,2925.0000,2925.2000,2,2,1,1,1,1,5,7,1,1
SF,IH2004,2020-03-11 09:30:50.000,2920.4000,5729,0,31537080.000,0,-,-,-,-,2919.0000,2918.0000,2917.8000,2917.4000,2916.4000,2921.0000,2923.2000,2924.8000,2925.0000,2925.2000,1,2,1,1,1,1,5,7,1,1
SF,IH2004,2020-03-11 09:30:50.500,2921.0000,5729,0,32413380.000,1,0,1,多换,S,2919.0000,2918.0000,2917.8000,2917.4000,2916.4000,2923.2000,2924.8000,2925.0000,2925.2000,2925.4000,1,2,1,1,1,5,7,1,1,1
SF,IH2004,2020-03-11 09:30:51.000,2921.0000,5729,0,32413380.000,0,-,-,-,-,2918.0000,2917.8000,2917.4000,2916.0000,2911.2000,2921.2000,2921.6000,2922.0000,2922.4000,2923.0000,2,1,1,1,1,1,2,1,1,3
SF,IH2004,2020-03-11 09:30:51.500,2921.0000,5729,0,32413380.000,0,-,-,-,-,2918.4000,2918.2000,2918.0000,2917.8000,2917.4000,2921.0000,2921.6000,2922.0000,2922.4000,2923.0000,2,2,2,1,1,1,1,2,1,1
SF,IH2004,2020-03-11 09:30:52.000,2921.0000,5729,0,32413380.000,0,-,-,-,-,2918.6000,2918.4000,2918.2000,2918.0000,2917.8000,2921.0000,2922.0000,2922.4000,2923.0000,2923.2000,2,2,1,2,1,1,1,1,1,5
SF,IH2004,2020-03-11 09:30:52.500,2921.0000,5729,0,32413380.000,0,-,-,-,-,2919.4000,2918.6000,2918.4000,2918.2000,2918.0000,2923.2000,2924.8000,2925.0000,2925.2000,2925.4000,1,3,5,1,2,5,7,1,1,1
SF,IH2004,2020-03-11 09:30:53.000,2921.0000,5729,0,32413380.000,0,-,-,-,-,2919.6000,2918.6000,2918.4000,2918.0000,2917.8000,2922.4000,2923.0000,2923.2000,2924.8000,2925.0000,1,1,2,2,1,1,1,5,7,1
SF,IH2004,2020-03-11 09:30:53.500,2921.0000,5729,0,32413380.000,0,-,-,-,-,2918.6000,2918.4000,2918.0000,2917.8000,2916.0000,2922.2000,2922.4000,2923.2000,2924.8000,2925.0000,1,2,2,1,1,1,2,5,7,1
SF,IH2004,2020-03-11 09:30:54.000,2922.2000,5729,0,33290040.000,1,0,1,多换,S,2918.8000,2918.6000,2918.4000,2918.0000,2917.8000,2922.4000,2923.2000,2924.8000,2925.0000,2925.2000,1,1,2,2,1,2,5,7,1,1
SF,IH2004,2020-03-11 09:30:54.500,2922.2000,5729,0,33290040.000,0,-,-,-,-,2919.0000,2918.8000,2918.4000,2918.0000,2917.8000,2922.4000,2923.2000,2924.8000,2925.0000,2925.2000,1,1,2,2,1,1,5,7,1,1
SF,IH2004,2020-03-11 09:30:55.000,2922.2000,5729,0,33290040.000,0,-,-,-,-,2919.2000,2919.0000,2918.4000,2918.0000,2917.8000,2922.4000,2923.2000,2924.8000,2925.0000,2925.2000,1,1,2,2,1,1,5,7,1,1
SF,IH2004,2020-03-11 09:30:55.500,2922.2000,5729,0,33290040.000,0,-,-,-,-,2919.4000,2919.2000,2918.4000,2918.0000,2917.8000,2922.4000,2923.2000,2924.8000,2925.0000,2925.2000,1,2,2,2,1,1,5,7,1,1
SF,IH2004,2020-03-11 09:30:56.000,2922.2000,5729,0,33290040.000,0,-,-,-,-,2919.4000,2919.2000,2918.6000,2918.4000,2918.0000,2923.2000,2924.8000,2925.0000,2925.2000,2925.4000,1,1,1,2,2,5,7,1,1,1
SF,IH2004,2020-03-11 09:30:56.500,2922.2000,5729,0,33290040.000,0,-,-,-,-,2919.6000,2919.4000,2918.6000,2918.4000,2918.0000,2923.2000,2924.8000,2925.0000,2925.2000,2925.4000,1,1,1,2,2,5,7,1,1,1
SF,IH2004,2020-03-11 09:30:57.000,2922.2000,5729,0,33290040.000,0,-,-,-,-,2919.8000,2919.6000,2918.6000,2918.4000,2918.0000,2923.2000,2924.8000,2925.2000,2925.4000,2926.0000,1,2,1,2,2,2,6,1,1,2
SF,IH2004,2020-03-11 09:30:57.500,2922.2000,5729,0,33290040.000,0,-,-,-,-,2920.0000,2919.8000,2918.6000,2918.4000,2918.0000,2923.2000,2924.8000,2925.2000,2925.4000,2926.0000,1,1,1,2,2,2,6,1,1,2
SF,IH2004,2020-03-11 09:30:58.000,2922.2000,5729,0,33290040.000,0,-,-,-,-,2920.2000,2920.0000,2918.6000,2918.4000,2918.0000,2923.2000,2924.8000,2925.2000,2925.4000,2926.0000,1,1,1,2,2,4,6,1,1,2
SF,IH2004,2020-03-11 09:30:58.500,2922.2000,5729,0,33290040.000,0,-,-,-,-,2920.2000,2920.0000,2918.6000,2918.4000,2918.0000,2923.2000,2924.8000,2925.2000,2925.4000,2926.0000,1,1,1,2,2,6,6,1,1,2
SF,IH2004,2020-03-11 09:30:59.000,2922.2000,5729,0,33290040.000,0,-,-,-,-,2920.2000,2920.0000,2918.6000,2918.4000,2918.0000,2922.8000,2923.2000,2924.8000,2925.2000,2925.4000,1,1,1,2,2,1,6,6,1,1
SF,IH2004,2020-03-11 09:30:59.500,2922.2000,5729,0,33290040.000,0,-,-,-,-,2920.2000,2920.0000,2918.6000,2918.4000,2918.0000,2922.8000,2923.2000,2924.8000,2925.2000,2925.4000,1,1,1,2,2,1,6,6,1,1
SF,IH2004,2020-03-11 09:31:00.000,2922.2000,5729,0,33290040.000,0,-,-,-,-,2920.2000,2920.0000,2918.6000,2918.4000,2918.0000,2922.4000,2922.8000,2923.2000,2924.8000,2925.2000,1,1,1,2,2,1,1,6,6,1
SF,IH2004,2020-03-11 09:31:00.500,2922.8000,5729,0,34166880.000,1,0,1,多换,S,2920.2000,2920.0000,2918.6000,2918.4000,2918.0000,2923.2000,2924.8000,2925.2000,2925.4000,2926.0000,1,1,1,2,2,6,6,1,1,2
SF,IH2004,2020-03-11 09:31:01.000,2922.8000,5729,0,34166880.000,0,-,-,-,-,2920.2000,2920.0000,2918.6000,2918.4000,2918.0000,2922.0000,2922.4000,2923.0000,2923.2000,2924.8000,1,1,1,2,2,1,1,1,6,6
SF,IH2004,2020-03-11 09:31:01.500,2922.8000,5729,0,34166880.000,0,-,-,-,-,2920.0000,2918.6000,2918.4000,2918.0000,2917.8000,2921.6000,2922.0000,2922.4000,2923.0000,2923.2000,1,1,2,2,1,2,1,1,2,6
SF,IH2004,2020-03-11 09:31:02.000,2922.8000,5729,0,34166880.000,0,-,-,-,-,2918.6000,2918.0000,2917.8000,2916.0000,2911.2000,2921.6000,2922.0000,2922.4000,2923.0000,2923.2000,1,2,1,1,1,2,1,1,2,6
SF,IH2004,2020-03-11 09:31:02.500,2922.8000,5729,0,34166880.000,0,-,-,-,-,2918.8000,2918.6000,2918.0000,2917.8000,2916.0000,2921.6000,2922.0000,2922.4000,2923.0000,2923.2000,1,1,2,1,1,2,1,1,2,6
SF,IH2004,2020-03-11 09:31:03.000,2922.8000,5729,0,34166880.000,0,-,-,-,-,2918.8000,2918.6000,2918.0000,2917.8000,2916.0000,2921.4000,2921.6000,2922.0000,2922.4000,2923.0000,1,1,2,1,1,1,2,1,1,2
SF,IH2004,2020-03-11 09:31:03.500,2922.8000,5729,0,34166880.000,0,-,-,-,-,2918.8000,2918.6000,2918.0000,2917.8000,2916.0000,2921.4000,2921.6000,2922.0000,2922.4000,2923.0000,1,1,2,1,1,1,2,1,1,2
SF,IH2004,2020-03-11 09:31:04.000,2922.8000,5729,0,34166880.000,0,-,-,-,-,2918.8000,2918.6000,2918.0000,2917.8000,2916.0000,2921.2000,2921.4000,2921.6000,2922.0000,2922.4000,1,1,2,1,1,1,1,2,1,1
SF,IH2004,2020-03-11 09:31:04.500,2922.8000,5729,0,34166880.000,0,-,-,-,-,2918.8000,2918.6000,2918.0000,2917.8000,2916.0000,2921.0000,2921.2000,2921.6000,2922.0000,2922.4000,1,1,2,1,1,1,1,2,1,1
SF,IH2004,2020-03-11 09:31:05.000,2922.8000,5729,0,34166880.000,0,-,-,-,-,2918.8000,2918.6000,2918.0000,2917.8000,2916.0000,2921.0000,2921.2000,2921.6000,2922.0000,2922.4000,1,1,2,1,1,1,1,2,1,1
SF,IH2004,2020-03-11 09:31:05.500,2922.8000,5729,0,34166880.000,0,-,-,-,-,2918.8000,2918.6000,2918.0000,2917.8000,2916.0000,2921.0000,2921.6000,2922.0000,2922.4000,2923.0000,1,1,2,1,1,1,2,1,1,1
SF,IH2004,2020-03-11 09:31:07.000,2922.8000,5729,0,34166880.000,0,-,-,-,-,2918.8000,2918.6000,2918.0000,2917.8000,2916.0000,2920.8000,2921.0000,2921.6000,2921.8000,2922.0000,1,1,2,1,1,1,1,2,1,1
SF,IH2004,2020-03-11 09:31:07.500,2922.8000,5729,0,34166880.000,0,-,-,-,-,2918.8000,2918.6000,2918.0000,2917.8000,2916.0000,2921.0000,2921.6000,2921.8000,2922.0000,2922.4000,1,1,2,1,1,1,2,1,1,1
SF,IH2004,2020-03-11 09:31:08.500,2922.8000,5729,0,34166880.000,0,-,-,-,-,2918.8000,2918.6000,2918.0000,2917.8000,2916.0000,2921.0000,2921.6000,2921.8000,2922.0000,2922.4000,1,1,2,1,1,1,2,1,1,1
SF,IH2004,2020-03-11 09:31:10.000,2922.8000,5729,0,34166880.000,0,-,-,-,-,2918.8000,2918.6000,2918.0000,2917.8000,2916.0000,2921.0000,2921.6000,2921.8000,2922.0000,2922.4000,1,1,2,1,1,1,2,1,1,2
SF,IH2004,2020-03-11 09:31:10.500,2922.8000,5729,0,34166880.000,0,-,-,-,-,2918.8000,2918.6000,2918.0000,2917.8000,2916.0000,2921.0000,2921.6000,2921.8000,2922.0000,2922.4000,1,1,2,1,1,1,2,1,1,2
SF,IH2004,2020-03-11 09:31:14.000,2922.8000,5729,0,34166880.000,0,-,-,-,-,2918.8000,2918.6000,2918.0000,2917.8000,2916.0000,2920.8000,2921.0000,2921.6000,2921.8000,2922.0000,1,1,2,1,1,1,1,2,1,1
SF,IH2004,2020-03-11 09:31:14.500,2918.6000,5728,-1,35918100.000,2,0,2,多平,S,2918.6000,2918.0000,2917.8000,2916.0000,2915.8000,2920.8000,2921.0000,2921.6000,2921.8000,2922.0000,1,2,1,1,1,1,1,2,1,1
SF,IH2004,2020-03-11 09:31:15.000,2919.6000,5727,-1,37669560.000,2,0,2,多平,S,2918.0000,2917.8000,2915.8000,2912.2000,2911.2000,2920.6000,2920.8000,2921.6000,2922.0000,2922.4000,2,1,1,1,1,4,1,2,1,2
SF,IH2004,2020-03-11 09:31:15.500,2918.0000,5727,0,38544960.000,1,0,1,多换,S,2918.0000,2917.8000,2915.8000,2912.2000,2911.2000,2920.6000,2920.8000,2921.6000,2922.0000,2922.4000,1,1,1,1,1,4,1,2,1,2
SF,IH2004,2020-03-11 09:31:16.000,2918.0000,5727,0,38544960.000,0,-,-,-,-,2918.0000,2917.8000,2915.8000,2912.2000,2911.2000,2920.2000,2920.6000,2921.6000,2922.0000,2922.4000,1,1,1,1,1,1,4,2,1,2
SF,IH2004,2020-03-11 09:31:16.500,2918.0000,5727,0,38544960.000,0,-,-,-,-,2918.0000,2917.8000,2915.8000,2912.2000,2911.2000,2919.4000,2920.0000,2920.2000,2920.6000,2921.6000,2,1,1,1,1,1,2,1,3,1
SF,IH2004,2020-03-11 09:31:17.000,2918.0000,5725,-2,40295760.000,2,0,2,双平,S,2917.8000,2915.8000,2912.2000,2911.2000,2911.0000,2919.0000,2919.4000,2919.8000,2920.0000,2920.2000,1,1,1,1,1,2,1,1,3,1
SF,IH2004,2020-03-11 09:31:17.500,2917.8000,5724,-1,42046740.000,2,0,2,多平,S,2915.8000,2912.2000,2911.2000,2911.0000,2910.8000,2919.0000,2919.4000,2919.8000,2920.0000,2920.6000,1,1,1,1,5,2,1,1,3,2
SF,IH2004,2020-03-11 09:31:18.000,2917.8000,5724,0,42046740.000,0,-,-,-,-,2916.0000,2915.8000,2912.2000,2911.2000,2911.0000,2917.8000,2918.0000,2918.4000,2918.8000,2919.0000,1,1,1,1,1,2,1,5,1,2
SF,IH2004,2020-03-11 09:31:18.500,2917.8000,5724,0,42046740.000,0,-,-,-,-,2916.0000,2915.8000,2912.2000,2911.2000,2911.0000,2917.8000,2918.0000,2918.4000,2918.8000,2919.0000,1,1,1,1,1,1,1,5,1,2
SF,IH2004,2020-03-11 09:31:20.000,2917.8000,5724,0,42922080.000,1,0,1,多换,S,2917.8000,2916.0000,2915.8000,2912.2000,2911.2000,2918.0000,2918.4000,2918.8000,2919.0000,2919.4000,2,1,1,1,1,1,5,1,2,1
SF,IH2004,2020-03-11 09:31:20.500,2917.6000,5723,-1,45548040.000,3,1,2,多平,S,2915.8000,2912.2000,2911.2000,2911.0000,2908.0000,2917.8000,2918.0000,2918.4000,2919.0000,2919.4000,1,1,1,1,1,2,1,3,2,1
SF,IH2004,2020-03-11 09:31:21.000,2917.6000,5723,0,45548040.000,0,-,-,-,-,2915.8000,2912.2000,2911.2000,2911.0000,2908.0000,2918.0000,2918.4000,2919.0000,2919.4000,2920.0000,1,1,1,1,1,1,3,2,1,1
SF,IH2004,2020-03-11 09:31:21.500,2917.6000,5723,0,45548040.000,0,-,-,-,-,2916.0000,2915.8000,2912.2000,2911.2000,2911.0000,2917.8000,2918.0000,2918.4000,2919.0000,2919.4000,1,1,1,1,1,1,1,3,2,1
SF,IH2004,2020-03-11 09:31:22.000,2917.6000,5723,0,45548040.000,0,-,-,-,-,2916.0000,2915.8000,2912.2000,2911.2000,2911.0000,2917.6000,2917.8000,2918.0000,2918.4000,2919.0000,1,1,1,1,1,1,1,1,3,2
SF,IH2004,2020-03-11 09:31:22.500,2917.6000,5723,0,45548040.000,0,-,-,-,-,2916.0000,2915.8000,2912.2000,2911.2000,2911.0000,2917.6000,2917.8000,2918.4000,2919.0000,2919.4000,1,1,1,1,1,1,1,3,2,1
SF,IH2004,2020-03-11 09:31:23.500,2917.8000,5721,-2,47298660.000,2,0,2,双平,S,2916.0000,2915.8000,2912.2000,2911.2000,2911.0000,2918.4000,2919.0000,2919.4000,2920.0000,2920.6000,1,1,1,1,1,3,2,1,1,1
SF,IH2004,2020-03-11 09:31:24.000,2917.8000,5721,0,47298660.000,0,-,-,-,-,2916.2000,2916.0000,2915.8000,2912.2000,2911.2000,2918.4000,2919.0000,2919.4000,2920.0000,2920.6000,2,1,1,1,1,3,2,1,1,1
SF,IH2004,2020-03-11 09:31:24.500,2917.8000,5721,0,47298660.000,0,-,-,-,-,2916.4000,2916.2000,2915.8000,2912.2000,2911.2000,2919.0000,2919.4000,2920.0000,2920.6000,2922.4000,1,2,1,1,1,2,1,1,1,1
SF,IH2004,2020-03-11 09:31:25.000,2917.8000,5721,0,47298660.000,0,-,-,-,-,2916.6000,2916.4000,2916.2000,2915.8000,2912.2000,2919.0000,2919.4000,2920.0000,2920.6000,2922.4000,1,1,1,1,1,2,1,1,1,1
SF,IH2004,2020-03-11 09:31:25.500,2917.8000,5721,0,47298660.000,0,-,-,-,-,2916.8000,2916.6000,2915.8000,2912.2000,2911.2000,2919.0000,2919.4000,2920.0000,2920.6000,2922.4000,1,1,1,1,1,1,1,1,1,1
SF,IH2004,2020-03-11 09:31:26.000,2917.8000,5721,0,47298660.000,0,-,-,-,-,2917.0000,2916.8000,2915.8000,2912.2000,2911.2000,2922.4000,2923.2000,2924.4000,2924.8000,2925.2000,1,2,1,1,1,1,1,3,6,1
SF,IH2004,2020-03-11 09:31:26.500,2917.8000,5721,0,47298660.000,0,-,-,-,-,2917.0000,2915.8000,2912.2000,2911.2000,2911.0000,2921.6000,2922.0000,2922.2000,2922.4000,2923.2000,2,1,1,1,1,2,1,8,2,1
SF,IH2004,2020-03-11 09:31:27.000,2917.8000,5721,0,47298660.000,0,-,-,-,-,2919.0000,2917.2000,2917.0000,2915.8000,2912.2000,2921.4000,2921.6000,2921.8000,2922.0000,2922.2000,1,1,2,1,1,3,2,1,1,8
SF,IH2004,2020-03-11 09:31:27.500,2917.8000,5721,0,47298660.000,0,-,-,-,-,2919.2000,2919.0000,2915.8000,2912.2000,2911.2000,2919.8000,2921.4000,2921.6000,2921.8000,2922.0000,1,1,1,1,1,1,3,2,1,1
SF,IH2004,2020-03-11 09:31:28.000,2919.0000,5720,-1,48174360.000,1,0,1,双平,S,2919.0000,2915.8000,2912.2000,2911.2000,2911.0000,2919.8000,2921.4000,2921.6000,2921.8000,2922.0000,1,1,1,1,1,1,3,2,1,1
SF,IH2004,2020-03-11 09:31:28.500,2919.8000,5720,0,49050300.000,1,0,1,多换,S,2919.0000,2915.8000,2912.2000,2911.2000,2911.0000,2921.4000,2921.6000,2921.8000,2922.0000,2922.2000,1,1,1,1,1,3,2,1,1,7
SF,IH2004,2020-03-11 09:31:29.000,2919.8000,5720,0,49050300.000,0,-,-,-,-,2919.0000,2915.8000,2912.2000,2911.2000,2911.0000,2921.4000,2921.6000,2921.8000,2922.0000,2922.2000,1,1,1,1,1,3,2,1,1,7
SF,IH2004,2020-03-11 09:31:29.500,2919.8000,5720,0,49050300.000,0,-,-,-,-,2919.0000,2915.8000,2912.2000,2911.2000,2911.0000,2921.4000,2921.6000,2922.0000,2922.2000,2922.4000,1,1,1,1,1,3,2,1,7,1
SF,IH2004,2020-03-11 09:31:30.000,2919.8000,5720,0,49050300.000,0,-,-,-,-,2919.0000,2915.8000,2912.2000,2911.2000,2911.0000,2921.4000,2921.6000,2922.0000,2922.2000,2922.4000,1,1,1,1,1,4,2,1,7,1
SF,IH2004,2020-03-11 09:31:30.500,2919.0000,5720,0,49926000.000,1,0,1,多换,S,2915.8000,2912.2000,2911.2000,2911.0000,2908.0000,2921.2000,2921.4000,2921.6000,2922.0000,2922.2000,1,1,1,1,1,1,4,2,1,7
SF,IH2004,2020-03-11 09:31:31.000,2919.0000,5720,0,49926000.000,0,-,-,-,-,2916.0000,2915.8000,2912.2000,2911.2000,2911.0000,2919.0000,2920.8000,2921.0000,2921.2000,2921.4000,3,1,1,1,1,1,1,3,1,2
SF,IH2004,2020-03-11 09:31:31.500,2919.0000,5720,0,49926000.000,0,-,-,-,-,2916.4000,2916.0000,2915.8000,2912.2000,2911.2000,2920.8000,2921.0000,2921.2000,2921.4000,2921.6000,1,5,1,1,1,1,3,1,2,2
SF,IH2004,2020-03-11 09:31:32.000,2919.0000,5720,0,49926000.000,0,-,-,-,-,2916.6000,2916.4000,2916.0000,2915.8000,2912.2000,2919.4000,2919.8000,2920.6000,2920.8000,2921.0000,1,1,3,1,1,1,1,3,1,1
SF,IH2004,2020-03-11 09:31:32.500,2919.0000,5720,0,49926000.000,0,-,-,-,-,2916.6000,2916.4000,2916.0000,2915.8000,2912.2000,2919.2000,2920.6000,2920.8000,2921.0000,2921.2000,1,1,2,1,1,1,2,1,1,1
SF,IH2004,2020-03-11 09:31:33.000,2919.0000,5720,0,49926000.000,0,-,-,-,-,2916.6000,2916.4000,2916.0000,2915.8000,2912.2000,2919.0000,2919.2000,2919.4000,2920.6000,2921.0000,1,1,1,1,1,3,2,1,2,1
SF,IH2004,2020-03-11 09:31:33.500,2919.0000,5720,0,49926000.000,0,-,-,-,-,2916.0000,2915.8000,2912.2000,2911.2000,2911.0000,2918.4000,2918.8000,2919.0000,2919.2000,2919.4000,1,1,1,1,1,3,3,2,1,1
SF,IH2004,2020-03-11 09:31:34.000,2919.0000,5720,0,49926000.000,0,-,-,-,-,2916.2000,2916.0000,2915.8000,2912.2000,2911.2000,2918.2000,2919.2000,2919.4000,2920.6000,2921.0000,2,1,1,1,1,1,1,1,1,1
SF,IH2004,2020-03-11 09:31:34.500,2918.2000,5719,-1,50801460.000,1,0,1,双平,S,2916.4000,2916.2000,2916.0000,2915.8000,2912.2000,2919.2000,2919.4000,2920.6000,2921.0000,2921.2000,1,2,1,1,1,1,1,1,1,1
SF,IH2004,2020-03-11 09:31:35.000,2918.2000,5719,0,50801460.000,0,-,-,-,-,2916.6000,2916.4000,2916.2000,2916.0000,2915.8000,2920.6000,2921.0000,2921.2000,2921.4000,2922.2000,2,1,1,1,1,1,1,1,1,7
SF,IH2004,2020-03-11 09:31:35.500,2918.2000,5719,0,50801460.000,0,-,-,-,-,2916.6000,2916.2000,2916.0000,2915.8000,2912.2000,2919.8000,2920.4000,2920.6000,2921.0000,2921.2000,2,1,1,1,1,1,1,1,1,1
SF,IH2004,2020-03-11 09:31:36.000,2918.2000,5719,0,50801460.000,0,-,-,-,-,2916.6000,2916.2000,2916.0000,2915.8000,2912.2000,2919.4000,2919.6000,2920.4000,2920.6000,2921.0000,2,1,1,1,1,1,1,1,1,1
SF,IH2004,2020-03-11 09:31:36.500,2918.2000,5719,0,50801460.000,0,-,-,-,-,2916.6000,2916.2000,2916.0000,2915.8000,2912.2000,2919.2000,2919.6000,2920.4000,2920.6000,2921.0000,2,1,1,1,1,1,1,1,1,1
SF,IH2004,2020-03-11 09:31:37.000,2919.6000,5719,0,51677340.000,1,0,1,多换,S,2916.6000,2916.2000,2916.0000,2915.8000,2912.2000,2920.4000,2920.6000,2921.0000,2921.2000,2921.4000,2,1,1,1,1,1,1,1,1,1
SF,IH2004,2020-03-11 09:31:37.500,2919.6000,5719,0,51677340.000,0,-,-,-,-,2916.6000,2916.2000,2916.0000,2915.8000,2912.2000,2919.8000,2920.2000,2920.4000,2920.6000,2921.0000,2,1,1,1,1,1,1,1,1,1
SF,IH2004,2020-03-11 09:31:38.000,2919.6000,5719,0,51677340.000,0,-,-,-,-,2916.8000,2916.6000,2916.2000,2916.0000,2915.8000,2920.2000,2920.4000,2920.6000,2921.0000,2921.2000,1,2,1,1,1,1,1,1,1,1
SF,IH2004,2020-03-11 09:31:38.500,2919.6000,5719,0,51677340.000,0,-,-,-,-,2917.0000,2916.8000,2916.2000,2916.0000,2915.8000,2919.6000,2920.2000,2920.4000,2920.6000,2921.0000,2,1,1,1,1,2,1,1,1,1
SF,IH2004,2020-03-11 09:31:39.000,2919.6000,5719,0,51677340.000,0,-,-,-,-,2917.0000,2916.2000,2916.0000,2915.8000,2912.2000,2919.6000,2920.0000,2920.2000,2920.6000,2921.0000,2,1,1,1,1,1,1,1,1,1
SF,IH2004,2020-03-11 09:31:39.500,2919.6000,5719,0,51677340.000,0,-,-,-,-,2917.0000,2916.2000,2916.0000,2915.8000,2912.2000,2919.4000,2919.6000,2920.0000,2920.2000,2920.6000,2,1,1,1,1,2,1,1,1,1
SF,IH2004,2020-03-11 09:31:40.000,2919.6000,5719,0,51677340.000,0,-,-,-,-,2917.2000,2917.0000,2916.2000,2916.0000,2915.8000,2919.4000,2919.6000,2920.0000,2920.2000,2920.6000,1,2,1,1,1,1,1,1,1,1
SF,IH2004,2020-03-11 09:31:40.500,2919.6000,5719,0,51677340.000,0,-,-,-,-,2917.4000,2917.2000,2916.2000,2916.0000,2915.8000,2919.4000,2919.6000,2920.0000,2920.2000,2920.6000,2,1,1,1,1,1,1,1,1,1
SF,IH2004,2020-03-11 09:31:41.000,2919.6000,5719,0,51677340.000,0,-,-,-,-,2917.6000,2917.4000,2917.2000,2916.2000,2916.0000,2919.4000,2919.6000,2920.2000,2920.6000,2921.0000,1,2,1,1,1,1,1,1,1,1
SF,IH2004,2020-03-11 09:31:41.500,2919.6000,5719,0,51677340.000,0,-,-,-,-,2917.8000,2917.6000,2917.4000,2916.2000,2916.0000,2919.6000,2920.2000,2921.0000,2921.2000,2921.4000,1,1,1,1,1,1,1,1,1,1
SF,IH2004,2020-03-11 09:31:42.500,2919.6000,5719,0,51677340.000,0,-,-,-,-,2917.8000,2917.4000,2916.2000,2916.0000,2915.8000,2919.4000,2919.6000,2920.2000,2921.0000,2921.2000,1,1,1,1,1,1,1,1,1,1
SF,IH2004,2020-03-11 09:31:43.000,2919.6000,5719,0,51677340.000,0,-,-,-,-,2917.8000,2917.4000,2916.2000,2916.0000,2915.8000,2919.6000,2920.2000,2921.0000,2921.2000,2921.4000,1,1,1,1,1,1,1,1,1,1
SF,IH2004,2020-03-11 09:31:43.500,2918.0000,5719,0,52552740.000,1,0,1,多换,S,2917.8000,2917.4000,2916.2000,2916.0000,2915.8000,2919.6000,2920.2000,2921.0000,2921.2000,2921.4000,1,1,1,1,1,1,1,1,1,1
SF,IH2004,2020-03-11 09:31:44.500,2918.0000,5719,0,52552740.000,0,-,-,-,-,2917.8000,2917.4000,2916.2000,2916.0000,2915.8000,2920.2000,2921.0000,2921.2000,2921.4000,2922.2000,1,1,1,1,1,1,1,1,1,7
SF,IH2004,2020-03-11 09:31:45.000,2918.0000,5719,0,52552740.000,0,-,-,-,-,2918.0000,2917.8000,2916.2000,2916.0000,2915.8000,2920.2000,2921.0000,2921.2000,2921.4000,2922.2000,1,1,1,1,1,1,1,1,1,7
SF,IH2004,2020-03-11 09:31:45.500,2918.0000,5719,0,52552740.000,0,-,-,-,-,2918.2000,2918.0000,2916.2000,2916.0000,2915.8000,2920.2000,2921.0000,2921.2000,2921.4000,2922.2000,1,1,1,1,1,1,1,1,1,7
SF,IH2004,2020-03-11 09:31:46.000,2918.0000,5719,0,52552740.000,0,-,-,-,-,2918.2000,2918.0000,2916.2000,2916.0000,2915.8000,2921.0000,2921.2000,2921.4000,2922.2000,2922.4000,1,1,1,1,1,1,1,1,6,1
SF,IH2004,2020-03-11 09:31:46.500,2918.0000,5719,0,52552740.000,0,-,-,-,-,2918.4000,2918.2000,2916.2000,2916.0000,2915.8000,2921.0000,2921.4000,2922.2000,2922.4000,2923.2000,1,1,1,1,1,1,1,6,1,1
SF,IH2004,2020-03-11 09:31:47.000,2918.0000,5719,0,52552740.000,0,-,-,-,-,2918.6000,2918.4000,2918.2000,2915.8000,2912.2000,2921.4000,2922.4000,2923.2000,2924.4000,2925.2000,1,4,1,1,1,1,1,1,4,1
SF,IH2004,2020-03-11 09:31:47.500,2918.0000,5719,0,52552740.000,0,-,-,-,-,2919.0000,2918.8000,2918.6000,2918.4000,2918.2000,2921.4000,2922.4000,2923.2000,2924.4000,2925.2000,1,3,1,3,1,1,1,1,4,1
SF,IH2004,2020-03-11 09:31:48.000,2918.0000,5719,0,52552740.000,0,-,-,-,-,2919.2000,2919.0000,2918.8000,2918.6000,2918.4000,2922.4000,2923.2000,2924.4000,2925.2000,2926.0000,4,1,1,1,2,1,1,4,1,2
SF,IH2004,2020-03-11 09:31:48.500,2918.0000,5719,0,52552740.000,0,-,-,-,-,2919.2000,2918.8000,2918.6000,2918.4000,2918.2000,2922.4000,2923.2000,2924.4000,2925.2000,2926.0000,4,1,1,2,1,1,1,4,1,2
SF,IH2004,2020-03-11 09:31:49.000,2918.0000,5719,0,52552740.000,0,-,-,-,-,2919.8000,2919.2000,2918.8000,2918.6000,2918.4000,2923.2000,2924.4000,2925.2000,2926.0000,2928.0000,1,4,1,1,3,1,1,1,2,3
SF,IH2004,2020-03-11 09:31:49.500,2918.0000,5719,0,52552740.000,0,-,-,-,-,2920.0000,2919.8000,2919.2000,2918.8000,2918.6000,2922.4000,2923.2000,2924.4000,2925.2000,2926.0000,2,1,2,1,1,1,6,1,1,2
SF,IH2004,2020-03-11 09:31:50.000,2918.0000,5719,0,52552740.000,0,-,-,-,-,2920.0000,2919.8000,2919.2000,2918.8000,2918.6000,2923.2000,2924.4000,2925.2000,2926.0000,2928.0000,2,1,2,1,1,6,1,1,2,3
SF,IH2004,2020-03-11 09:31:51.000,2918.0000,5719,0,52552740.000,0,-,-,-,-,2920.0000,2919.8000,2919.2000,2918.8000,2918.6000,2922.4000,2923.2000,2924.4000,2925.2000,2926.0000,2,1,2,1,1,1,6,1,1,2
SF,IH2004,2020-03-11 09:31:51.500,2918.0000,5719,0,52552740.000,0,-,-,-,-,2920.0000,2919.8000,2919.2000,2918.8000,2918.4000,2923.2000,2924.4000,2925.2000,2926.0000,2928.0000,2,1,2,1,3,6,1,1,2,3
SF,IH2004,2020-03-11 09:31:52.000,2918.0000,5719,0,52552740.000,0,-,-,-,-,2920.0000,2919.8000,2919.2000,2918.8000,2918.4000,2922.4000,2923.0000,2923.2000,2924.4000,2925.2000,2,1,2,1,3,1,1,6,1,1
SF,IH2004,2020-03-11 09:31:52.500,2918.0000,5719,0,52552740.000,0,-,-,-,-,2920.0000,2919.2000,2918.4000,2917.0000,2915.8000,2922.2000,2922.4000,2923.0000,2923.2000,2924.4000,2,1,1,1,1,1,1,1,6,1
SF,IH2004,2020-03-11 09:31:53.000,2918.0000,5719,0,52552740.000,0,-,-,-,-,2920.0000,2919.2000,2918.4000,2917.0000,2915.8000,2922.0000,2922.2000,2922.4000,2923.0000,2923.2000,2,1,1,1,1,1,1,1,1,6
SF,IH2004,2020-03-11 09:31:53.500,2918.0000,5719,0,52552740.000,0,-,-,-,-,2920.0000,2919.2000,2917.0000,2915.8000,2912.2000,2921.8000,2922.0000,2922.2000,2922.4000,2923.0000,2,1,1,1,1,1,1,1,1,1
SF,IH2004,2020-03-11 09:31:54.000,2920.0000,5718,-1,53428740.000,1,0,1,双平,S,2919.2000,2917.0000,2915.8000,2912.2000,2911.2000,2921.6000,2921.8000,2922.0000,2922.2000,2922.4000,1,1,1,1,1,2,2,1,1,1
SF,IH2004,2020-03-11 09:31:54.500,2920.0000,5718,0,53428740.000,0,-,-,-,-,2917.0000,2915.8000,2912.2000,2911.2000,2911.0000,2921.4000,2921.6000,2921.8000,2922.0000,2922.2000,1,1,1,1,1,1,2,1,1,1
SF,IH2004,2020-03-11 09:31:55.000,2920.0000,5718,0,53428740.000,0,-,-,-,-,2918.0000,2917.2000,2917.0000,2915.8000,2912.2000,2921.4000,2921.6000,2921.8000,2922.0000,2922.2000,1,3,2,1,1,1,2,1,1,1
SF,IH2004,2020-03-11 09:31:55.500,2920.0000,5718,0,53428740.000,0,-,-,-,-,2918.2000,2918.0000,2917.4000,2917.2000,2917.0000,2921.4000,2921.6000,2921.8000,2922.0000,2922.2000,3,1,1,2,2,1,2,1,1,1
SF,IH2004,2020-03-11 09:31:56.000,2920.0000,5718,0,53428740.000,0,-,-,-,-,2918.4000,2918.2000,2917.4000,2917.2000,2917.0000,2921.4000,2921.6000,2921.8000,2922.0000,2922.2000,1,3,1,2,2,1,2,1,1,1
SF,IH2004,2020-03-11 09:31:56.500,2920.0000,5718,0,53428740.000,0,-,-,-,-,2919.0000,2918.6000,2918.4000,2918.2000,2917.4000,2921.4000,2921.8000,2922.2000,2922.4000,2923.2000,1,3,2,1,1,1,1,1,1,6
SF,IH2004,2020-03-11 09:31:57.000,2920.0000,5718,0,53428740.000,0,-,-,-,-,2919.2000,2919.0000,2918.6000,2918.4000,2918.2000,2921.4000,2922.2000,2922.4000,2923.2000,2924.4000,2,1,1,2,1,1,1,1,6,1
SF,IH2004,2020-03-11 09:31:57.500,2920.0000,5718,0,53428740.000,0,-,-,-,-,2919.2000,2918.6000,2918.4000,2917.4000,2917.2000,2921.4000,2922.2000,2922.4000,2923.2000,2924.4000,3,1,2,1,2,1,1,1,6,1
SF,IH2004,2020-03-11 09:31:58.000,2920.0000,5718,0,53428740.000,0,-,-,-,-,2919.4000,2919.2000,2918.6000,2918.4000,2917.4000,2922.2000,2922.4000,2923.2000,2924.4000,2925.2000,1,3,1,2,1,1,1,6,1,1
SF,IH2004,2020-03-11 09:31:58.500,2920.0000,5718,0,53428740.000,0,-,-,-,-,2919.6000,2919.4000,2919.2000,2918.6000,2918.4000,2922.2000,2922.4000,2923.2000,2924.4000,2925.2000,1,1,2,1,2,1,1,6,1,1
SF,IH2004,2020-03-11 09:31:59.000,2920.0000,5718,0,53428740.000,0,-,-,-,-,2919.6000,2919.4000,2919.2000,2918.6000,2917.4000,2921.6000,2922.0000,2922.2000,2922.4000,2923.2000,1,1,1,1,1,1,1,1,1,6
SF,IH2004,2020-03-11 09:31:59.500,2920.0000,5718,0,53428740.000,0,-,-,-,-,2919.8000,2919.6000,2919.4000,2919.2000,2918.6000,2921.6000,2922.0000,2922.2000,2922.4000,2923.2000,2,1,1,1,1,1,1,1,1,6
SF,IH2004,2020-03-11 09:32:00.000,2920.0000,5718,0,53428740.000,0,-,-,-,-,2919.6000,2919.4000,2919.2000,2918.6000,2917.4000,2921.6000,2922.0000,2922.2000,2922.4000,2923.2000,1,1,1,1,1,1,1,1,1,6
SF,IH2004,2020-03-11 09:32:00.500,2920.0000,5718,0,53428740.000,0,-,-,-,-,2919.6000,2919.2000,2918.6000,2917.4000,2917.2000,2921.6000,2922.0000,2922.2000,2922.4000,2923.2000,1,1,1,1,2,2,1,1,1,6
SF,IH2004,2020-03-11 09:32:01.000,2920.0000,5718,0,53428740.000,0,-,-,-,-,2919.6000,2919.2000,2918.6000,2917.4000,2917.2000,2921.2000,2921.6000,2922.0000,2922.2000,2922.4000,1,1,1,1,2,1,1,1,1,1
SF,IH2004,2020-03-11 09:32:01.500,2920.0000,5718,0,53428740.000,0,-,-,-,-,2919.6000,2919.2000,2918.6000,2917.4000,2917.2000,2921.2000,2922.2000,2922.4000,2923.2000,2924.4000,1,1,1,1,2,1,1,1,6,1
SF,IH2004,2020-03-11 09:32:02.000,2920.0000,5718,0,53428740.000,0,-,-,-,-,2919.8000,2919.6000,2919.2000,2918.6000,2917.4000,2921.2000,2922.2000,2923.2000,2924.4000,2925.2000,1,1,1,1,1,1,1,6,1,1
SF,IH2004,2020-03-11 09:32:02.500,2920.0000,5718,0,53428740.000,0,-,-,-,-,2919.8000,2919.6000,2919.2000,2918.6000,2917.4000,2921.2000,2922.2000,2923.2000,2924.4000,2925.2000,1,1,1,1,1,1,1,6,1,1
SF,IH2004,2020-03-11 09:32:03.000,2919.8000,5717,-1,54304680.000,1,0,1,双平,S,2919.6000,2919.2000,2918.6000,2917.4000,2917.2000,2921.2000,2922.2000,2923.2000,2924.4000,2925.2000,1,1,1,1,2,1,1,6,1,1
SF,IH2004,2020-03-11 09:32:03.500,2919.8000,5717,0,54304680.000,0,-,-,-,-,2919.2000,2918.6000,2917.4000,2917.2000,2917.0000,2921.0000,2921.2000,2922.2000,2923.2000,2924.4000,1,1,1,2,1,1,1,1,6,1
SF,IH2004,2020-03-11 09:32:04.000,2919.8000,5717,0,54304680.000,0,-,-,-,-,2917.4000,2917.2000,2917.0000,2915.8000,2912.2000,2920.8000,2921.2000,2922.2000,2923.2000,2924.4000,1,2,1,1,1,2,1,1,6,1
SF,IH2004,2020-03-11 09:32:04.500,2919.8000,5717,0,54304680.000,0,-,-,-,-,2917.6000,2917.4000,2917.2000,2917.0000,2915.8000,2920.6000,2920.8000,2921.2000,2922.2000,2923.2000,3,1,2,1,1,1,1,1,1,6
SF,IH2004,2020-03-11 09:32:05.000,2919.8000,5717,0,54304680.000,0,-,-,-,-,2917.8000,2917.6000,2917.4000,2917.2000,2917.0000,2920.6000,2920.8000,2921.2000,2922.2000,2923.2000,1,3,1,2,1,1,1,1,1,6
SF,IH2004,2020-03-11 09:32:05.500,2919.8000,5717,0,54304680.000,0,-,-,-,-,2918.0000,2917.8000,2917.6000,2917.2000,2917.0000,2920.6000,2920.8000,2921.2000,2922.2000,2923.2000,3,1,1,2,1,1,1,1,1,6
SF,IH2004,2020-03-11 09:32:06.000,2919.8000,5717,0,54304680.000,0,-,-,-,-,2918.0000,2917.8000,2917.6000,2917.2000,2917.0000,2920.6000,2920.8000,2921.2000,2922.2000,2923.2000,1,1,1,2,1,1,1,1,1,6
SF,IH2004,2020-03-11 09:32:06.500,2919.8000,5717,0,54304680.000,0,-,-,-,-,2918.2000,2918.0000,2917.8000,2917.6000,2917.2000,2920.2000,2920.4000,2920.6000,2920.8000,2921.2000,1,1,1,1,1,1,1,1,1,1
SF,IH2004,2020-03-11 09:32:07.000,2919.8000,5717,0,54304680.000,0,-,-,-,-,2918.0000,2917.8000,2917.6000,2917.2000,2917.0000,2920.2000,2920.4000,2920.6000,2921.2000,2922.2000,1,1,1,1,1,1,1,1,1,1
SF,IH2004,2020-03-11 09:32:07.500,2919.8000,5717,0,54304680.000,0,-,-,-,-,2918.4000,2918.0000,2917.8000,2917.6000,2917.2000,2919.8000,2920.0000,2920.2000,2920.4000,2921.2000,1,1,1,1,1,1,1,1,1,1
SF,IH2004,2020-03-11 09:32:08.000,2919.8000,5717,0,55180620.000,1,0,1,多换,S,2918.4000,2918.0000,2917.8000,2917.6000,2917.2000,2921.2000,2922.2000,2923.2000,2924.4000,2925.2000,1,1,1,1,1,1,1,6,1,1
SF,IH2004,2020-03-11 09:32:08.500,2919.8000,5717,0,55180620.000,0,-,-,-,-,2918.6000,2917.8000,2917.6000,2917.2000,2917.0000,2921.0000,2921.2000,2922.2000,2923.2000,2924.4000,2,1,1,1,1,2,1,1,6,1
SF,IH2004,2020-03-11 09:32:09.000,2919.8000,5717,0,55180620.000,0,-,-,-,-,2918.6000,2917.8000,2917.6000,2917.2000,2915.8000,2921.0000,2921.2000,2922.2000,2923.2000,2924.4000,2,1,1,1,1,1,1,1,6,1
SF,IH2004,2020-03-11 09:32:09.500,2919.8000,5717,0,55180620.000,0,-,-,-,-,2918.6000,2917.8000,2917.6000,2917.2000,2915.8000,2921.0000,2921.2000,2922.2000,2923.2000,2924.4000,1,1,1,1,1,1,1,1,6,1
SF,IH2004,2020-03-11 09:32:10.000,2919.8000,5717,0,55180620.000,0,-,-,-,-,2918.6000,2917.8000,2917.6000,2917.2000,2915.8000,2921.0000,2921.2000,2922.2000,2923.2000,2924.4000,1,1,1,1,1,1,1,1,6,1
SF,IH2004,2020-03-11 09:32:10.500,2919.8000,5717,0,55180620.000,0,-,-,-,-,2918.8000,2918.6000,2917.8000,2917.6000,2917.2000,2921.2000,2922.2000,2923.2000,2924.4000,2925.2000,1,1,1,1,1,1,1,6,1,1
SF,IH2004,2020-03-11 09:32:11.000,2919.8000,5717,0,55180620.000,0,-,-,-,-,2919.0000,2918.8000,2917.8000,2917.6000,2917.2000,2921.2000,2922.2000,2923.2000,2924.4000,2925.2000,1,1,1,1,1,1,1,6,1,1
SF,IH2004,2020-03-11 09:32:11.500,2919.8000,5717,0,55180620.000,0,-,-,-,-,2919.0000,2917.8000,2917.6000,2917.2000,2915.8000,2921.2000,2922.2000,2923.2000,2924.4000,2925.2000,1,1,1,1,1,1,1,6,1,1
SF,IH2004,2020-03-11 09:32:12.000,2919.8000,5717,0,55180620.000,0,-,-,-,-,2919.0000,2917.8000,2917.6000,2917.2000,2915.8000,2920.8000,2921.2000,2922.2000,2923.2000,2924.4000,1,1,1,1,1,1,1,1,6,1
SF,IH2004,2020-03-11 09:32:12.500,2919.0000,5716,-1,56056320.000,1,0,1,双平,S,2917.8000,2917.6000,2917.2000,2916.4000,2915.8000,2920.6000,2921.0000,2921.2000,2922.2000,2923.2000,1,1,1,1,1,1,1,1,1,6
SF,IH2004,2020-03-11 09:32:13.000,2919.0000,5716,0,56056320.000,0,-,-,-,-,2917.8000,2917.6000,2917.2000,2916.4000,2915.8000,2920.4000,2920.6000,2921.0000,2921.2000,2922.2000,1,1,1,1,1,3,2,1,1,1
SF,IH2004,2020-03-11 09:32:13.500,2919.0000,5716,0,56056320.000,0,-,-,-,-,2919.0000,2917.6000,2917.2000,2916.4000,2915.8000,2920.0000,2920.2000,2920.4000,2920.6000,2921.0000,1,1,1,1,1,1,1,3,1,1
SF,IH2004,2020-03-11 09:32:14.000,2919.0000,5716,0,56056320.000,0,-,-,-,-,2919.0000,2917.6000,2916.4000,2915.8000,2915.6000,2919.8000,2920.2000,2920.6000,2921.0000,2921.2000,1,1,1,1,1,3,1,1,1,1
SF,IH2004,2020-03-11 09:32:14.500,2919.0000,5716,0,56056320.000,0,-,-,-,-,2919.0000,2917.6000,2916.4000,2915.8000,2915.6000,2919.8000,2920.2000,2920.6000,2921.0000,2921.2000,1,1,1,1,1,2,1,1,1,1
SF,IH2004,2020-03-11 09:32:15.000,2919.0000,5716,0,56056320.000,0,-,-,-,-,2919.2000,2919.0000,2917.6000,2916.4000,2915.8000,2919.8000,2920.2000,2920.6000,2921.0000,2921.2000,1,1,1,1,1,1,1,1,1,1
SF,IH2004,2020-03-11 09:32:15.500,2919.8000,5715,-1,56932260.000,1,0,1,双平,S,2919.4000,2919.0000,2917.6000,2916.4000,2915.8000,2920.2000,2920.6000,2921.0000,2921.2000,2922.2000,1,1,1,1,1,1,1,1,1,1
SF,IH2004,2020-03-11 09:32:16.000,2919.8000,5715,0,56932260.000,0,-,-,-,-,2919.0000,2917.6000,2916.4000,2915.8000,2915.6000,2920.2000,2920.6000,2921.0000,2921.2000,2922.2000,1,1,1,1,1,1,1,1,1,1
SF,IH2004,2020-03-11 09:32:17.000,2919.8000,5715,0,56932260.000,0,-,-,-,-,2919.0000,2917.6000,2916.4000,2915.8000,2915.6000,2920.2000,2920.6000,2921.0000,2921.2000,2922.2000,1,1,1,1,1,1,1,1,1,1
SF,IH2004,2020-03-11 09:32:17.500,2919.8000,5715,0,56932260.000,0,-,-,-,-,2919.0000,2917.6000,2916.4000,2915.8000,2915.6000,2920.6000,2921.0000,2921.2000,2922.2000,2923.2000,1,1,1,1,1,1,1,1,1,6
SF,IH2004,2020-03-11 09:32:18.500,2919.8000,5715,0,56932260.000,0,-,-,-,-,2919.0000,2917.6000,2916.4000,2915.8000,2915.6000,2919.8000,2920.6000,2921.0000,2921.2000,2922.2000,1,1,1,1,1,1,1,1,1,1
SF,IH2004,2020-03-11 09:32:19.000,2919.8000,5715,0,57808200.000,1,0,1,多换,S,2919.0000,2917.6000,2916.4000,2915.8000,2915.6000,2921.0000,2921.2000,2922.2000,2923.2000,2924.4000,1,1,1,1,1,1,1,1,6,1
SF,IH2004,2020-03-11 09:32:19.500,2919.8000,5715,0,57808200.000,0,-,-,-,-,2919.0000,2917.6000,2916.4000,2915.8000,2915.6000,2921.0000,2921.2000,2922.2000,2923.2000,2924.4000,1,1,1,1,1,1,1,1,6,1
SF,IH2004,2020-03-11 09:32:20.000,2919.8000,5715,0,57808200.000,0,-,-,-,-,2919.0000,2917.6000,2916.4000,2915.8000,2915.6000,2920.8000,2921.0000,2921.2000,2922.2000,2923.2000,1,1,1,1,1,2,1,1,1,6
SF,IH2004,2020-03-11 09:32:20.500,2919.0000,5715,0,58683900.000,1,0,1,多换,S,2917.6000,2916.4000,2915.8000,2915.6000,2912.2000,2920.0000,2920.6000,2920.8000,2921.0000,2921.2000,1,1,1,1,1,1,1,2,1,1
SF,IH2004,2020-03-11 09:32:21.000,2919.0000,5715,0,58683900.000,0,-,-,-,-,2917.8000,2917.6000,2916.4000,2915.8000,2915.6000,2920.0000,2920.6000,2920.8000,2921.0000,2921.2000,1,1,1,1,1,1,1,1,1,1
SF,IH2004,2020-03-11 09:32:21.500,2919.0000,5715,0,58683900.000,0,-,-,-,-,2917.6000,2916.4000,2915.8000,2915.6000,2912.2000,2919.8000,2920.0000,2920.6000,2920.8000,2921.0000,1,1,1,1,1,1,1,1,1,1
SF,IH2004,2020-03-11 09:32:22.000,2919.0000,5715,0,58683900.000,0,-,-,-,-,2917.6000,2916.4000,2915.8000,2915.6000,2912.2000,2919.6000,2919.8000,2920.0000,2920.6000,2921.0000,1,1,1,1,1,2,1,1,1,1
SF,IH2004,2020-03-11 09:32:22.500,2919.0000,5715,0,58683900.000,0,-,-,-,-,2917.8000,2917.6000,2916.4000,2915.8000,2915.6000,2919.4000,2919.6000,2919.8000,2920.0000,2920.6000,1,1,1,1,1,1,2,1,1,1
SF,IH2004,2020-03-11 09:32:23.000,2919.0000,5715,0,58683900.000,0,-,-,-,-,2917.6000,2916.4000,2915.8000,2915.6000,2912.2000,2919.4000,2919.6000,2919.8000,2920.0000,2920.6000,1,1,1,1,1,1,2,1,1,1
SF,IH2004,2020-03-11 09:32:24.000,2919.0000,5715,0,58683900.000,0,-,-,-,-,2917.6000,2916.4000,2915.8000,2915.6000,2912.2000,2919.4000,2919.6000,2919.8000,2920.0000,2920.6000,1,1,1,1,1,1,2,1,1,1
SF,IH2004,2020-03-11 09:32:24.500,2919.0000,5715,0,58683900.000,0,-,-,-,-,2917.8000,2917.6000,2916.4000,2915.8000,2915.6000,2919.4000,2919.6000,2919.8000,2920.0000,2920.6000,1,1,1,1,1,1,2,1,1,1
SF,IH2004,2020-03-11 09:32:25.000,2919.0000,5715,0,58683900.000,0,-,-,-,-,2918.0000,2917.8000,2917.6000,2916.4000,2915.8000,2919.0000,2919.2000,2919.4000,2919.6000,2919.8000,2,1,1,1,1,2,2,2,1,1
SF,IH2004,2020-03-11 09:32:25.500,2919.0000,5713,-2,60435300.000,2,0,2,双平,S,2919.0000,2918.2000,2918.0000,2917.8000,2917.6000,2919.4000,2919.8000,2920.0000,2920.6000,2921.0000,1,1,2,1,1,1,1,1,1,1
SF,IH2004,2020-03-11 09:32:26.000,2919.2000,5712,-1,63062580.000,3,1,2,多平,S,2918.2000,2918.0000,2917.8000,2917.6000,2916.4000,2919.0000,2920.0000,2921.0000,2921.2000,2922.0000,1,1,1,1,1,1,1,1,1,1
SF,IH2004,2020-03-11 09:32:26.500,2919.2000,5712,0,63938340.000,1,0,1,多换,S,2918.2000,2918.0000,2917.8000,2917.6000,2916.4000,2920.0000,2921.0000,2921.2000,2922.0000,2923.2000,1,1,1,1,1,1,1,1,1,5
SF,IH2004,2020-03-11 09:32:27.000,2919.2000,5712,0,63938340.000,0,-,-,-,-,2919.0000,2918.2000,2918.0000,2917.8000,2917.6000,2919.8000,2920.0000,2921.0000,2921.2000,2922.0000,1,1,1,1,1,1,1,1,1,1
SF,IH2004,2020-03-11 09:32:27.500,2919.2000,5712,0,63938340.000,0,-,-,-,-,2919.4000,2919.0000,2917.6000,2916.4000,2915.8000,2920.0000,2921.0000,2921.2000,2922.0000,2923.2000,1,1,2,1,1,1,1,1,1,5
SF,IH2004,2020-03-11 09:32:28.500,2919.4000,5711,-1,64814160.000,1,0,1,双平,S,2919.0000,2917.6000,2916.4000,2915.8000,2915.6000,2920.0000,2921.0000,2921.2000,2922.0000,2923.2000,1,2,1,1,1,1,1,1,1,5
SF,IH2004,2020-03-11 09:32:29.000,2919.4000,5712,1,65689980.000,1,1,0,双开,S,2919.0000,2917.6000,2916.4000,2915.8000,2915.6000,2920.0000,2921.0000,2921.2000,2922.0000,2923.2000,1,2,1,1,1,1,1,1,1,5
SF,IH2004,2020-03-11 09:32:29.500,2919.4000,5712,0,65689980.000,0,-,-,-,-,2919.2000,2919.0000,2917.6000,2916.4000,2915.8000,2920.0000,2921.0000,2921.2000,2922.0000,2923.2000,1,1,2,1,1,1,1,1,1,5
SF,IH2004,2020-03-11 09:32:30.000,2919.4000,5712,0,65689980.000,0,-,-,-,-,2919.4000,2919.0000,2917.6000,2916.4000,2915.8000,2920.0000,2921.0000,2921.2000,2922.0000,2923.2000,1,1,2,1,1,1,1,1,1,5
SF,IH2004,2020-03-11 09:32:30.500,2919.4000,5712,0,65689980.000,0,-,-,-,-,2919.4000,2919.0000,2917.6000,2916.4000,2915.8000,2920.0000,2921.0000,2921.2000,2922.0000,2923.2000,2,1,2,1,1,1,1,1,1,5
SF,IH2004,2020-03-11 09:32:31.000,2919.4000,5712,0,66565800.000,1,0,1,多换,S,2919.0000,2917.6000,2916.4000,2915.8000,2915.6000,2920.0000,2921.0000,2921.2000,2922.0000,2923.2000,1,2,1,1,1,1,1,1,1,5
SF,IH2004,2020-03-11 09:32:31.500,2920.0000,5712,0,67441800.000,1,0,1,多换,S,2919.0000,2917.6000,2916.4000,2915.8000,2915.6000,2921.0000,2921.2000,2922.0000,2923.2000,2924.4000,1,2,1,1,1,1,1,1,5,1
SF,IH2004,2020-03-11 09:32:32.000,2920.0000,5712,0,67441800.000,0,-,-,-,-,2919.2000,2919.0000,2917.6000,2916.4000,2915.8000,2919.4000,2921.0000,2921.2000,2922.0000,2923.2000,2,1,2,1,1,1,1,1,1,5
SF,IH2004,2020-03-11 09:32:32.500,2919.4000,5712,0,68317620.000,1,0,1,多换,S,2919.8000,2919.0000,2917.6000,2916.4000,2915.8000,2921.0000,2921.2000,2922.0000,2923.2000,2924.4000,2,1,2,1,1,1,1,1,5,1
SF,IH2004,2020-03-11 09:32:33.000,2919.4000,5712,0,68317620.000,0,-,-,-,-,2919.8000,2919.0000,2917.6000,2916.4000,2915.8000,2921.0000,2921.2000,2922.0000,2922.2000,2923.2000,2,1,2,1,1,1,1,1,1,5
SF,IH2004,2020-03-11 09:32:33.500,2919.4000,5712,0,68317620.000,0,-,-,-,-,2919.8000,2919.0000,2917.6000,2916.4000,2915.8000,2921.0000,2921.2000,2922.0000,2922.2000,2923.2000,2,1,2,1,1,1,1,1,1,5
SF,IH2004,2020-03-11 09:32:34.000,2919.8000,5711,-1,69193560.000,1,0,1,双平,S,2920.0000,2919.8000,2919.0000,2917.6000,2916.4000,2921.0000,2921.2000,2922.0000,2922.2000,2923.2000,1,1,1,2,1,1,1,1,1,5
SF,IH2004,2020-03-11 09:32:34.500,2919.8000,5711,0,69193560.000,0,-,-,-,-,2919.8000,2919.0000,2917.6000,2916.4000,2915.8000,2921.0000,2921.2000,2922.0000,2922.2000,2923.2000,1,1,1,1,1,1,1,1,1,5
SF,IH2004,2020-03-11 09:32:35.000,2919.8000,5712,1,70069500.000,1,1,0,双开,S,2919.8000,2919.0000,2917.8000,2917.6000,2916.4000,2921.0000,2921.2000,2922.0000,2922.2000,2923.2000,1,1,1,1,1,1,1,1,1,5
SF,IH2004,2020-03-11 09:32:35.500,2919.8000,5712,0,70069500.000,0,-,-,-,-,2919.8000,2919.0000,2917.8000,2917.6000,2916.4000,2921.0000,2921.2000,2922.0000,2922.2000,2923.2000,1,1,1,1,1,1,1,1,1,5
SF,IH2004,2020-03-11 09:32:36.000,2919.8000,5712,0,70069500.000,0,-,-,-,-,2919.8000,2919.0000,2917.8000,2917.6000,2916.4000,2921.2000,2922.0000,2922.2000,2923.2000,2924.4000,1,1,1,1,1,1,1,1,5,1
SF,IH2004,2020-03-11 09:32:36.500,2919.8000,5712,0,70069500.000,0,-,-,-,-,2920.0000,2919.8000,2919.0000,2917.8000,2917.6000,2921.2000,2922.0000,2922.2000,2923.2000,2924.4000,3,1,1,1,1,1,1,1,5,1
SF,IH2004,2020-03-11 09:32:37.000,2919.8000,5712,0,70069500.000,0,-,-,-,-,2920.0000,2919.8000,2919.0000,2917.8000,2917.6000,2921.2000,2922.2000,2923.2000,2924.4000,2925.2000,4,1,1,1,1,1,1,5,1,1
SF,IH2004,2020-03-11 09:32:37.500,2919.8000,5712,0,70069500.000,0,-,-,-,-,2920.0000,2919.8000,2919.0000,2917.8000,2917.6000,2921.2000,2922.2000,2923.2000,2924.4000,2925.2000,3,1,1,1,1,1,1,5,1,1
SF,IH2004,2020-03-11 09:32:38.000,2919.8000,5712,0,70069500.000,0,-,-,-,-,2920.0000,2919.8000,2919.0000,2917.8000,2917.6000,2921.2000,2922.2000,2923.2000,2924.4000,2925.2000,2,1,1,1,1,1,1,5,1,1
SF,IH2004,2020-03-11 09:32:38.500,2921.2000,5712,0,70945860.000,1,0,1,多换,S,2920.0000,2919.8000,2919.0000,2917.8000,2917.6000,2922.2000,2923.2000,2924.4000,2925.2000,2926.0000,2,1,1,1,1,1,5,1,1,2
SF,IH2004,2020-03-11 09:32:39.000,2921.2000,5712,0,70945860.000,0,-,-,-,-,2919.8000,2919.0000,2917.8000,2917.6000,2916.4000,2921.6000,2922.0000,2922.2000,2922.4000,2923.2000,1,1,1,1,1,2,3,1,1,5
SF,IH2004,2020-03-11 09:32:39.500,2921.2000,5712,0,70945860.000,0,-,-,-,-,2920.0000,2919.8000,2919.0000,2917.8000,2917.6000,2921.6000,2922.0000,2922.2000,2922.4000,2923.2000,1,1,1,1,1,2,3,1,1,5
SF,IH2004,2020-03-11 09:32:40.000,2921.2000,5712,0,70945860.000,0,-,-,-,-,2920.0000,2919.8000,2919.0000,2917.8000,2917.6000,2921.6000,2922.0000,2922.2000,2922.4000,2923.2000,1,1,1,1,1,1,3,1,1,5
SF,IH2004,2020-03-11 09:32:40.500,2921.2000,5712,0,70945860.000,0,-,-,-,-,2920.0000,2919.8000,2919.0000,2917.8000,2917.6000,2921.4000,2921.6000,2922.0000,2922.2000,2922.4000,1,1,1,1,1,1,2,3,1,1
SF,IH2004,2020-03-11 09:32:41.000,2921.2000,5712,0,70945860.000,0,-,-,-,-,2919.8000,2919.0000,2917.8000,2917.6000,2916.4000,2921.4000,2921.6000,2922.0000,2922.2000,2922.4000,1,1,1,1,1,1,2,3,1,1
SF,IH2004,2020-03-11 09:32:41.500,2921.2000,5712,0,70945860.000,0,-,-,-,-,2919.8000,2919.0000,2917.8000,2917.6000,2916.4000,2921.4000,2921.6000,2922.0000,2922.2000,2922.4000,1,1,1,1,1,1,2,3,1,1
SF,IH2004,2020-03-11 09:32:42.000,2921.2000,5712,0,70945860.000,0,-,-,-,-,2919.8000,2919.0000,2917.8000,2917.6000,2916.4000,2921.4000,2922.0000,2922.2000,2922.4000,2923.2000,1,1,1,1,1,1,3,1,1,5
SF,IH2004,2020-03-11 09:32:42.500,2921.2000,5712,0,70945860.000,0,-,-,-,-,2919.8000,2919.0000,2917.8000,2917.6000,2916.4000,2921.4000,2922.0000,2922.2000,2922.4000,2923.2000,1,1,1,1,1,1,3,1,1,5
SF,IH2004,2020-03-11 09:32:43.000,2921.2000,5712,0,70945860.000,0,-,-,-,-,2920.0000,2919.8000,2919.0000,2917.8000,2917.6000,2922.0000,2922.2000,2922.4000,2923.2000,2924.4000,1,1,1,1,1,3,1,1,5,1
SF,IH2004,2020-03-11 09:32:43.500,2921.2000,5712,0,70945860.000,0,-,-,-,-,2919.8000,2919.0000,2917.8000,2917.6000,2916.4000,2922.0000,2922.2000,2922.4000,2923.2000,2924.4000,1,1,1,1,1,3,1,1,5,1
SF,IH2004,2020-03-11 09:32:44.000,2921.2000,5712,0,70945860.000,0,-,-,-,-,2919.8000,2919.0000,2917.8000,2917.6000,2916.4000,2921.6000,2922.0000,2922.2000,2922.4000,2923.2000,1,1,1,1,1,2,3,1,1,5
SF,IH2004,2020-03-11 09:32:44.500,2921.2000,5712,0,70945860.000,0,-,-,-,-,2919.8000,2919.0000,2917.8000,2917.6000,2916.4000,2921.6000,2922.0000,2922.2000,2922.4000,2923.2000,1,1,1,1,1,2,3,1,1,5
SF,IH2004,2020-03-11 09:32:45.000,2921.2000,5712,0,70945860.000,0,-,-,-,-,2921.4000,2919.8000,2919.0000,2917.8000,2917.6000,2922.0000,2922.2000,2922.4000,2923.2000,2924.4000,1,1,1,1,1,3,1,1,5,1
SF,IH2004,2020-03-11 09:32:45.500,2921.4000,5712,0,72698700.000,2,1,1,多换,S,2920.0000,2919.8000,2917.6000,2916.4000,2915.8000,2921.0000,2921.6000,2922.0000,2922.2000,2922.4000,2,1,1,1,1,1,2,2,1,1
SF,IH2004,2020-03-11 09:32:46.000,2921.4000,5712,0,72698700.000,0,-,-,-,-,2919.8000,2918.0000,2917.6000,2916.4000,2915.8000,2921.2000,2921.4000,2921.6000,2922.0000,2922.2000,1,1,1,1,1,1,1,2,2,1
SF,IH2004,2020-03-11 09:32:46.500,2921.4000,5712,0,72698700.000,0,-,-,-,-,2920.2000,2919.8000,2918.0000,2917.6000,2916.4000,2921.0000,2921.2000,2921.4000,2921.6000,2922.0000,2,1,1,1,1,1,1,2,2,2
SF,IH2004,2020-03-11 09:32:47.000,2921.4000,5712,0,72698700.000,0,-,-,-,-,2920.2000,2919.8000,2918.0000,2917.6000,2916.4000,2921.0000,2921.2000,2921.4000,2922.0000,2922.2000,2,1,1,1,1,1,1,2,2,1
SF,IH2004,2020-03-11 09:32:47.500,2921.4000,5712,0,72698700.000,0,-,-,-,-,2920.4000,2920.2000,2919.8000,2918.0000,2917.6000,2921.0000,2921.2000,2921.4000,2922.0000,2922.2000,1,2,1,1,1,1,1,2,2,1
SF,IH2004,2020-03-11 09:32:48.000,2920.4000,5713,1,73574820.000,1,1,0,双开,S,2920.2000,2919.8000,2917.6000,2916.4000,2915.8000,2921.0000,2921.4000,2922.0000,2922.2000,2922.4000,2,1,1,1,1,1,1,2,1,1
SF,IH2004,2020-03-11 09:32:48.500,2920.4000,5712,-1,74450940.000,1,0,1,双平,S,2919.8000,2917.6000,2916.4000,2915.8000,2915.6000,2921.0000,2921.4000,2922.0000,2922.2000,2922.4000,1,1,1,1,1,1,1,2,1,1
SF,IH2004,2020-03-11 09:32:49.000,2920.4000,5712,0,74450940.000,0,-,-,-,-,2917.6000,2916.4000,2915.8000,2915.6000,2915.0000,2920.2000,2920.8000,2921.0000,2921.4000,2922.0000,1,1,1,1,1,1,2,1,1,1
SF,IH2004,2020-03-11 09:32:49.500,2920.0000,5711,-1,75326940.000,1,0,1,双平,S,2918.4000,2918.0000,2917.8000,2917.6000,2916.4000,2920.2000,2920.8000,2921.2000,2921.4000,2922.0000,1,2,2,1,1,1,1,1,1,1
SF,IH2004,2020-03-11 09:32:50.000,2920.0000,5711,0,75326940.000,0,-,-,-,-,2918.6000,2918.4000,2917.8000,2917.6000,2916.4000,2920.8000,2921.2000,2921.4000,2922.0000,2922.2000,3,1,1,1,1,1,1,1,1,1
SF,IH2004,2020-03-11 09:32:50.500,2920.0000,5711,0,75326940.000,0,-,-,-,-,2918.8000,2918.6000,2917.6000,2916.4000,2915.8000,2920.8000,2921.2000,2921.4000,2922.0000,2922.2000,3,3,1,1,1,1,1,1,1,1
SF,IH2004,2020-03-11 09:32:51.000,2920.0000,5711,0,75326940.000,0,-,-,-,-,2919.0000,2918.8000,2918.6000,2917.6000,2916.4000,2920.8000,2921.2000,2921.4000,2922.0000,2922.2000,2,3,1,1,1,1,1,1,1,1
SF,IH2004,2020-03-11 09:32:51.500,2920.0000,5711,0,75326940.000,0,-,-,-,-,2919.2000,2919.0000,2918.8000,2918.6000,2917.6000,2921.2000,2921.4000,2922.0000,2922.2000,2922.4000,1,2,3,1,1,1,1,1,1,1
SF,IH2004,2020-03-11 09:32:52.000,2920.0000,5711,0,75326940.000,0,-,-,-,-,2919.2000,2919.0000,2918.8000,2918.6000,2917.6000,2922.0000,2922.2000,2922.4000,2922.8000,2923.2000,1,2,3,1,1,1,1,1,1,5
SF,IH2004,2020-03-11 09:32:52.500,2920.0000,5711,0,75326940.000,0,-,-,-,-,2919.4000,2919.2000,2919.0000,2918.8000,2918.6000,2921.6000,2922.0000,2922.2000,2922.4000,2922.8000,1,1,2,2,1,2,1,1,1,1
SF,IH2004,2020-03-11 09:32:53.000,2920.0000,5711,0,75326940.000,0,-,-,-,-,2919.4000,2919.2000,2919.0000,2918.8000,2918.6000,2921.4000,2921.6000,2922.0000,2922.2000,2922.4000,1,1,2,2,1,1,2,1,1,1
SF,IH2004,2020-03-11 09:32:53.500,2920.0000,5711,0,75326940.000,0,-,-,-,-,2919.4000,2919.0000,2918.8000,2918.6000,2917.6000,2921.4000,2921.6000,2922.0000,2922.2000,2922.4000,1,1,2,1,1,1,2,1,1,1
SF,IH2004,2020-03-11 09:32:54.000,2921.4000,5710,-1,76203360.000,1,0,1,双平,S,2919.8000,2919.4000,2919.0000,2918.8000,2918.6000,2922.0000,2922.2000,2922.4000,2922.8000,2923.2000,1,1,1,2,1,1,1,1,1,5
SF,IH2004,2020-03-11 09:32:54.500,2921.4000,5710,0,76203360.000,0,-,-,-,-,2921.4000,2920.0000,2919.8000,2919.0000,2918.6000,2921.6000,2922.0000,2922.2000,2922.4000,2922.8000,1,1,1,2,1,2,1,1,1,1
SF,IH2004,2020-03-11 09:32:55.000,2921.4000,5709,-1,77079780.000,1,0,1,双平,S,2919.8000,2919.0000,2918.6000,2917.6000,2916.4000,2921.2000,2921.4000,2921.6000,2922.0000,2922.2000,1,2,1,1,1,1,1,2,1,1
SF,IH2004,2020-03-11 09:32:55.500,2921.4000,5709,0,77079780.000,0,-,-,-,-,2920.0000,2919.0000,2918.6000,2917.6000,2916.4000,2921.2000,2921.4000,2921.6000,2922.0000,2922.2000,1,2,1,1,1,1,2,2,1,1
SF,IH2004,2020-03-11 09:32:56.000,2921.4000,5709,0,77079780.000,0,-,-,-,-,2919.0000,2918.6000,2917.6000,2916.4000,2915.8000,2921.0000,2921.2000,2921.4000,2921.6000,2922.0000,2,1,1,1,1,1,1,2,2,1
SF,IH2004,2020-03-11 09:32:56.500,2921.4000,5709,0,77079780.000,0,-,-,-,-,2919.2000,2919.0000,2918.6000,2917.6000,2916.4000,2921.0000,2921.2000,2921.4000,2921.6000,2922.0000,1,2,1,1,1,1,2,2,2,1
SF,IH2004,2020-03-11 09:32:57.000,2921.4000,5708,-1,77956200.000,1,0,1,双平,S,2919.0000,2918.6000,2917.6000,2916.4000,2915.8000,2921.2000,2921.4000,2921.6000,2922.0000,2922.2000,2,1,1,1,1,1,3,2,1,1
SF,IH2004,2020-03-11 09:32:57.500,2921.4000,5708,0,77956200.000,0,-,-,-,-,2919.4000,2919.2000,2919.0000,2918.6000,2917.6000,2921.0000,2921.2000,2921.4000,2921.6000,2922.0000,1,1,2,1,1,1,1,3,2,1
SF,IH2004,2020-03-11 09:32:58.000,2921.4000,5708,0,77956200.000,0,-,-,-,-,2919.4000,2919.2000,2919.0000,2918.6000,2917.6000,2921.0000,2921.2000,2921.4000,2921.6000,2922.0000,1,1,1,1,1,1,2,3,2,1
SF,IH2004,2020-03-11 09:32:58.500,2921.4000,5708,0,77956200.000,0,-,-,-,-,2919.4000,2919.2000,2919.0000,2918.6000,2917.6000,2920.8000,2921.0000,2921.2000,2921.4000,2921.6000,1,1,1,1,1,1,1,1,3,2
SF,IH2004,2020-03-11 09:32:59.000,2920.8000,5708,0,78832440.000,1,0,1,多换,S,2920.8000,2919.6000,2919.4000,2919.0000,2918.6000,2921.0000,2921.2000,2921.4000,2921.6000,2922.0000,1,2,1,1,1,1,1,3,2,1
SF,IH2004,2020-03-11 09:32:59.500,2921.0000,5708,0,79708740.000,1,0,1,多换,S,2920.8000,2919.4000,2919.0000,2918.6000,2917.6000,2921.4000,2921.6000,2922.0000,2922.2000,2922.4000,1,1,1,1,1,3,2,1,1,1
SF,IH2004,2020-03-11 09:33:00.000,2921.4000,5708,0,80585160.000,1,0,1,多换,S,2920.8000,2919.6000,2919.0000,2918.6000,2917.6000,2921.4000,2922.0000,2922.2000,2922.4000,2922.8000,1,1,1,1,1,2,1,1,1,1
SF,IH2004,2020-03-11 09:33:00.500,2921.4000,5708,0,80585160.000,0,-,-,-,-,2920.8000,2919.6000,2919.0000,2918.6000,2917.6000,2921.4000,2922.0000,2922.2000,2922.4000,2922.8000,2,1,1,1,1,1,1,1,1,1
SF,IH2004,2020-03-11 09:33:01.000,2920.8000,5707,-1,81461400.000,1,0,1,双平,S,2920.8000,2919.6000,2919.0000,2918.8000,2918.6000,2921.4000,2921.6000,2922.0000,2922.2000,2922.4000,1,1,1,1,1,1,1,1,1,1
SF,IH2004,2020-03-11 09:33:01.500,2920.8000,5707,0,81461400.000,0,-,-,-,-,2920.8000,2919.6000,2919.0000,2918.8000,2918.6000,2921.4000,2922.0000,2922.2000,2922.4000,2922.8000,1,1,1,1,1,1,1,1,1,1
SF,IH2004,2020-03-11 09:33:02.000,2921.4000,5706,-1,82337820.000,1,0,1,双平,S,2920.8000,2919.6000,2919.0000,2918.8000,2918.6000,2922.0000,2922.2000,2922.4000,2922.8000,2923.2000,1,1,1,1,1,1,1,1,1,5
SF,IH2004,2020-03-11 09:33:02.500,2921.4000,5706,0,82337820.000,0,-,-,-,-,2920.8000,2919.6000,2919.0000,2918.8000,2918.6000,2922.0000,2922.2000,2922.4000,2922.8000,2923.2000,1,1,1,1,1,1,1,1,1,5
SF,IH2004,2020-03-11 09:33:03.000,2921.4000,5706,0,82337820.000,0,-,-,-,-,2920.8000,2919.6000,2919.0000,2918.8000,2918.6000,2922.0000,2922.2000,2922.8000,2923.2000,2923.6000,1,1,1,1,1,1,1,1,5,1
SF,IH2004,2020-03-11 09:33:03.500,2921.4000,5706,0,82337820.000,0,-,-,-,-,2920.8000,2919.6000,2919.0000,2918.8000,2918.6000,2922.2000,2922.8000,2923.2000,2923.6000,2924.4000,1,1,1,1,1,1,1,5,1,1
SF,IH2004,2020-03-11 09:33:04.000,2921.4000,5706,0,82337820.000,0,-,-,-,-,2920.8000,2919.6000,2919.0000,2918.8000,2918.6000,2922.2000,2922.8000,2923.2000,2923.6000,2924.4000,1,1,1,1,1,1,1,5,1,1
SF,IH2004,2020-03-11 09:33:04.500,2921.4000,5706,0,82337820.000,0,-,-,-,-,2921.0000,2920.8000,2919.6000,2919.0000,2918.8000,2922.2000,2922.8000,2923.2000,2923.6000,2924.4000,1,1,1,1,1,1,1,5,1,1
SF,IH2004,2020-03-11 09:33:05.000,2921.4000,5706,0,82337820.000,0,-,-,-,-,2921.0000,2920.8000,2919.6000,2919.0000,2918.8000,2922.2000,2922.8000,2923.2000,2923.6000,2924.4000,2,1,1,1,1,1,1,5,1,1
SF,IH2004,2020-03-11 09:33:06.000,2922.2000,5705,-1,83214480.000,1,0,1,双平,S,2921.0000,2920.8000,2919.6000,2919.0000,2918.8000,2922.8000,2923.2000,2923.6000,2924.4000,2925.2000,2,1,1,1,1,1,5,1,1,1
SF,IH2004,2020-03-11 09:33:07.000,2922.2000,5705,0,83214480.000,0,-,-,-,-,2921.2000,2921.0000,2920.8000,2919.6000,2919.0000,2922.8000,2923.2000,2923.6000,2924.4000,2925.2000,2,1,1,1,1,1,5,1,1,1
SF,IH2004,2020-03-11 09:33:07.500,2922.2000,5705,0,83214480.000,0,-,-,-,-,2921.4000,2921.2000,2920.8000,2919.6000,2919.0000,2922.8000,2923.2000,2923.6000,2924.4000,2925.2000,1,2,1,1,1,1,1,1,1,1
SF,IH2004,2020-03-11 09:33:08.000,2922.2000,5705,0,83214480.000,0,-,-,-,-,2921.8000,2921.4000,2921.2000,2920.8000,2919.6000,2922.8000,2923.2000,2923.6000,2924.4000,2925.2000,1,1,2,1,1,1,1,1,1,1
SF,IH2004,2020-03-11 09:33:08.500,2922.2000,5705,0,83214480.000,0,-,-,-,-,2921.8000,2921.4000,2920.8000,2919.6000,2919.0000,2922.8000,2923.2000,2923.6000,2924.4000,2925.2000,1,1,1,1,1,1,1,1,1,1
SF,IH2004,2020-03-11 09:33:09.000,2922.2000,5705,0,83214480.000,0,-,-,-,-,2922.0000,2921.8000,2921.4000,2920.8000,2919.6000,2923.2000,2923.6000,2924.4000,2925.2000,2926.0000,1,1,1,1,1,1,1,1,1,2
SF,IH2004,2020-03-11 09:33:09.500,2922.2000,5705,0,83214480.000,0,-,-,-,-,2922.0000,2921.8000,2921.4000,2920.8000,2919.0000,2923.2000,2923.6000,2924.4000,2925.2000,2926.0000,1,1,1,1,1,1,1,1,1,2
SF,IH2004,2020-03-11 09:33:11.000,2922.2000,5705,0,84091140.000,1,0,1,多换,S,2922.0000,2921.8000,2921.4000,2920.8000,2919.0000,2923.2000,2923.6000,2924.4000,2925.2000,2926.0000,1,1,1,1,1,1,1,1,1,2
SF,IH2004,2020-03-11 09:33:11.500,2922.2000,5705,0,84091140.000,0,-,-,-,-,2922.0000,2921.8000,2921.4000,2920.8000,2919.0000,2923.2000,2923.6000,2924.4000,2925.2000,2926.0000,2,2,1,1,1,1,1,1,1,2
SF,IH2004,2020-03-11 09:33:12.000,2922.2000,5705,0,84091140.000,0,-,-,-,-,2922.8000,2922.0000,2921.8000,2919.0000,2917.6000,2923.2000,2923.6000,2925.2000,2925.4000,2926.0000,1,1,1,1,1,3,1,1,1,2
SF,IH2004,2020-03-11 09:33:12.500,2923.2000,5705,0,84968100.000,1,0,1,多换,S,2922.8000,2921.8000,2919.0000,2917.6000,2916.4000,2923.6000,2924.8000,2925.2000,2925.4000,2926.0000,2,1,1,1,1,1,1,1,1,2
SF,IH2004,2020-03-11 09:33:13.000,2923.2000,5705,0,84968100.000,0,-,-,-,-,2922.8000,2921.8000,2919.0000,2917.6000,2916.4000,2923.6000,2924.8000,2925.2000,2925.4000,2925.6000,2,1,1,1,1,1,1,1,1,1
SF,IH2004,2020-03-11 09:33:13.500,2922.8000,5703,-2,86722020.000,2,0,2,双平,S,2922.8000,2921.8000,2919.0000,2917.6000,2916.4000,2924.8000,2925.2000,2925.4000,2925.6000,2926.0000,1,1,1,1,1,1,1,1,1,2
SF,IH2004,2020-03-11 09:33:14.000,2922.8000,5703,0,86722020.000,0,-,-,-,-,2923.0000,2922.8000,2921.8000,2919.0000,2917.6000,2924.6000,2924.8000,2925.2000,2925.4000,2925.6000,1,1,1,1,1,2,2,1,1,1
SF,IH2004,2020-03-11 09:33:14.500,2922.8000,5703,0,86722020.000,0,-,-,-,-,2922.8000,2921.8000,2919.0000,2917.6000,2916.4000,2924.6000,2924.8000,2925.2000,2925.4000,2925.6000,2,1,1,1,1,2,2,1,1,1
SF,IH2004,2020-03-11 09:33:15.500,2922.8000,5703,0,86722020.000,0,-,-,-,-,2922.8000,2921.8000,2919.0000,2917.6000,2916.4000,2923.8000,2924.6000,2924.8000,2925.2000,2925.4000,2,1,1,1,1,1,2,2,1,1
SF,IH2004,2020-03-11 09:33:16.000,2922.8000,5703,0,86722020.000,0,-,-,-,-,2923.0000,2922.8000,2921.8000,2919.0000,2917.6000,2924.6000,2924.8000,2925.2000,2925.4000,2925.6000,1,3,1,1,1,1,2,1,1,1
SF,IH2004,2020-03-11 09:33:16.500,2922.8000,5703,0,86722020.000,0,-,-,-,-,2923.0000,2922.8000,2921.8000,2919.0000,2917.6000,2924.6000,2924.8000,2925.2000,2925.4000,2925.6000,2,3,1,1,1,1,2,1,1,1
SF,IH2004,2020-03-11 09:33:18.000,2922.8000,5703,0,86722020.000,0,-,-,-,-,2923.0000,2922.8000,2921.8000,2919.0000,2917.6000,2924.6000,2924.8000,2925.2000,2925.4000,2925.6000,2,3,1,1,1,1,2,1,1,1
SF,IH2004,2020-03-11 09:33:18.500,2924.6000,5702,-1,87599400.000,1,0,1,双平,S,2923.2000,2923.0000,2922.8000,2921.8000,2919.0000,2924.8000,2925.2000,2925.4000,2925.6000,2926.0000,1,2,3,1,1,2,1,1,1,2
SF,IH2004,2020-03-11 09:33:19.000,2923.4000,5701,-1,88476420.000,1,0,1,双平,S,2923.4000,2923.2000,2923.0000,2922.8000,2921.8000,2924.8000,2925.2000,2925.4000,2925.6000,2926.0000,1,1,2,3,1,1,1,1,1,2
SF,IH2004,2020-03-11 09:33:20.000,2923.4000,5701,0,88476420.000,0,-,-,-,-,2923.6000,2923.4000,2923.2000,2922.8000,2921.8000,2924.8000,2925.2000,2925.4000,2925.6000,2926.0000,2,1,1,3,1,1,1,1,1,2
SF,IH2004,2020-03-11 09:33:20.500,2923.4000,5701,0,88476420.000,0,-,-,-,-,2923.8000,2923.6000,2923.4000,2923.2000,2922.8000,2924.8000,2925.2000,2925.4000,2925.6000,2926.0000,4,2,1,1,3,1,1,1,1,2
SF,IH2004,2020-03-11 09:33:21.000,2923.8000,5701,0,89353560.000,1,0,1,多换,S,2924.0000,2923.4000,2922.8000,2921.8000,2919.0000,2924.8000,2925.2000,2925.4000,2925.6000,2926.0000,3,1,3,1,1,1,1,1,1,2
SF,IH2004,2020-03-11 09:33:21.500,2924.8000,5700,-1,90231000.000,1,0,1,双平,S,2924.0000,2923.4000,2922.8000,2921.8000,2919.0000,2925.2000,2925.4000,2925.6000,2926.0000,2926.8000,3,1,3,1,1,1,1,1,2,2
SF,IH2004,2020-03-11 09:33:22.000,2924.8000,5700,0,90231000.000,0,-,-,-,-,2924.0000,2923.4000,2922.8000,2921.8000,2919.0000,2925.2000,2925.4000,2925.6000,2926.0000,2926.8000,3,1,3,1,1,1,1,1,2,2
SF,IH2004,2020-03-11 09:33:22.500,2924.8000,5700,0,90231000.000,0,-,-,-,-,2924.0000,2923.4000,2922.8000,2921.8000,2919.0000,2925.2000,2925.4000,2925.6000,2926.0000,2926.8000,3,1,3,1,1,1,1,1,2,1
SF,IH2004,2020-03-11 09:33:23.000,2925.4000,5699,-1,91986180.000,2,0,2,多平,S,2924.2000,2924.0000,2922.8000,2921.8000,2919.0000,2925.0000,2925.6000,2926.0000,2926.8000,2928.6000,1,3,3,1,1,1,1,2,1,1
SF,IH2004,2020-03-11 09:33:23.500,2925.0000,5699,0,92863680.000,1,0,1,多换,S,2925.2000,2924.2000,2924.0000,2922.8000,2921.8000,2925.4000,2925.6000,2926.0000,2926.8000,2928.6000,1,1,3,3,1,1,1,2,1,1
SF,IH2004,2020-03-11 09:33:24.000,2924.2000,5699,0,93740940.000,1,0,1,多换,S,2924.0000,2922.8000,2921.8000,2919.0000,2917.6000,2925.0000,2925.4000,2925.6000,2926.0000,2926.8000,1,3,1,1,1,1,1,1,2,1
SF,IH2004,2020-03-11 09:33:24.500,2924.2000,5699,0,93740940.000,0,-,-,-,-,2924.2000,2924.0000,2922.8000,2921.8000,2919.0000,2925.0000,2925.4000,2925.6000,2926.0000,2926.8000,2,1,3,1,1,1,1,1,1,1
SF,IH2004,2020-03-11 09:33:25.000,2924.2000,5699,0,93740940.000,0,-,-,-,-,2924.2000,2922.8000,2921.8000,2919.0000,2917.6000,2925.0000,2925.4000,2925.6000,2926.0000,2926.8000,2,3,1,1,1,1,1,1,1,1
SF,IH2004,2020-03-11 09:33:25.500,2924.2000,5699,0,93740940.000,0,-,-,-,-,2924.8000,2924.2000,2922.8000,2921.8000,2919.0000,2925.4000,2925.6000,2926.0000,2926.8000,2928.6000,1,2,3,1,1,1,1,1,1,1
SF,IH2004,2020-03-11 09:33:26.000,2924.2000,5699,0,93740940.000,0,-,-,-,-,2924.8000,2922.8000,2921.8000,2919.0000,2917.6000,2925.4000,2925.6000,2926.0000,2926.8000,2928.6000,1,3,1,1,1,1,1,1,1,1
SF,IH2004,2020-03-11 09:33:27.500,2925.4000,5699,0,94618560.000,1,0,1,多换,S,2925.6000,2924.8000,2922.8000,2921.8000,2919.0000,2926.0000,2926.8000,2927.6000,2928.6000,2929.8000,1,1,3,1,1,1,1,1,1,1
SF,IH2004,2020-03-11 09:33:28.000,2925.4000,5699,0,94618560.000,0,-,-,-,-,2925.6000,2924.8000,2922.8000,2921.8000,2919.0000,2926.0000,2926.8000,2927.6000,2928.6000,2929.8000,1,2,3,1,1,1,1,1,1,1
SF,IH2004,2020-03-11 09:33:28.500,2925.4000,5699,0,94618560.000,0,-,-,-,-,2925.6000,2924.8000,2924.2000,2922.8000,2921.8000,2926.0000,2926.8000,2927.6000,2928.6000,2929.8000,1,2,1,3,1,1,1,1,1,1
SF,IH2004,2020-03-11 09:33:29.000,2926.0000,5698,-1,95496360.000,1,0,1,双平,S,2926.0000,2925.6000,2924.8000,2924.2000,2923.6000,2926.8000,2927.6000,2928.6000,2929.8000,2930.0000,1,1,2,1,1,1,1,1,1,1
SF,IH2004,2020-03-11 09:33:29.500,2926.0000,5698,0,95496360.000,0,-,-,-,-,2926.0000,2925.6000,2924.8000,2924.2000,2922.8000,2926.8000,2927.6000,2928.6000,2929.8000,2930.0000,1,1,1,1,3,1,1,1,1,1
SF,IH2004,2020-03-11 09:33:30.000,2926.0000,5698,0,95496360.000,0,-,-,-,-,2926.6000,2926.0000,2925.6000,2924.8000,2924.2000,2926.8000,2927.6000,2928.6000,2929.8000,2930.0000,1,1,1,1,1,1,1,1,1,1
SF,IH2004,2020-03-11 09:33:30.500,2926.0000,5698,0,95496360.000,0,-,-,-,-,2926.0000,2925.6000,2924.8000,2922.8000,2921.8000,2926.6000,2926.8000,2927.6000,2928.6000,2929.8000,2,1,1,3,1,1,1,1,1,1
SF,IH2004,2020-03-11 09:33:31.000,2926.6000,5697,-1,96374340.000,1,0,1,双平,S,2926.0000,2925.6000,2924.8000,2922.8000,2921.8000,2926.6000,2926.8000,2927.6000,2928.6000,2929.8000,2,1,1,3,1,1,1,1,1,1
SF,IH2004,2020-03-11 09:33:31.500,2926.6000,5697,0,96374340.000,0,-,-,-,-,2926.0000,2925.6000,2924.8000,2922.8000,2921.8000,2926.6000,2926.8000,2927.6000,2928.6000,2929.8000,2,1,1,3,1,1,1,1,1,1
SF,IH2004,2020-03-11 09:33:32.000,2926.6000,5697,0,96374340.000,0,-,-,-,-,2926.0000,2925.6000,2924.8000,2922.8000,2921.8000,2926.6000,2926.8000,2927.6000,2928.6000,2929.8000,2,1,1,3,1,1,1,1,1,1
SF,IH2004,2020-03-11 09:33:32.500,2926.6000,5696,-1,97252320.000,1,0,1,双平,S,2926.0000,2925.6000,2924.8000,2922.8000,2921.8000,2926.8000,2927.6000,2928.6000,2929.8000,2930.0000,2,1,1,3,1,1,1,1,1,1
SF,IH2004,2020-03-11 09:33:33.000,2926.6000,5696,0,97252320.000,0,-,-,-,-,2926.0000,2925.6000,2924.8000,2922.8000,2921.8000,2926.8000,2927.6000,2928.2000,2928.6000,2929.8000,2,1,1,3,1,1,1,1,1,1
SF,IH2004,2020-03-11 09:33:33.500,2926.6000,5696,0,97252320.000,0,-,-,-,-,2926.0000,2925.6000,2924.8000,2922.8000,2921.8000,2927.6000,2928.2000,2928.6000,2928.8000,2929.8000,2,1,1,3,1,1,1,1,1,1
SF,IH2004,2020-03-11 09:33:34.000,2926.6000,5696,0,97252320.000,0,-,-,-,-,2926.0000,2925.6000,2924.8000,2922.8000,2921.8000,2927.4000,2927.6000,2928.2000,2928.6000,2928.8000,2,1,1,3,1,2,1,1,1,1
SF,IH2004,2020-03-11 09:33:35.000,2926.6000,5696,0,97252320.000,0,-,-,-,-,2926.2000,2926.0000,2925.6000,2924.8000,2922.8000,2927.4000,2927.6000,2928.2000,2928.6000,2928.8000,2,2,1,1,3,2,1,1,1,1
SF,IH2004,2020-03-11 09:33:35.500,2926.6000,5696,0,97252320.000,0,-,-,-,-,2926.2000,2926.0000,2925.6000,2924.8000,2922.8000,2927.2000,2927.4000,2927.6000,2928.2000,2928.6000,2,2,1,1,3,1,2,1,1,1
SF,IH2004,2020-03-11 09:33:36.000,2927.2000,5697,1,98130480.000,1,1,0,双开,S,2926.2000,2926.0000,2925.6000,2924.8000,2922.8000,2927.4000,2927.6000,2928.2000,2928.6000,2928.8000,2,2,1,1,3,2,1,1,1,1
SF,IH2004,2020-03-11 09:33:36.500,2927.2000,5697,0,98130480.000,0,-,-,-,-,2926.0000,2925.6000,2924.8000,2922.8000,2921.8000,2927.4000,2927.6000,2928.2000,2928.6000,2928.8000,2,1,1,3,1,2,1,1,1,1
SF,IH2004,2020-03-11 09:33:37.000,2926.0000,5697,0,99008280.000,1,0,1,多换,S,2925.6000,2924.8000,2922.8000,2921.8000,2919.0000,2927.4000,2927.6000,2928.2000,2928.6000,2928.8000,1,1,3,1,1,2,1,1,1,1
SF,IH2004,2020-03-11 09:33:37.500,2926.0000,5697,0,99008280.000,0,-,-,-,-,2924.8000,2922.8000,2921.8000,2919.0000,2916.4000,2925.6000,2925.8000,2926.0000,2927.2000,2927.4000,1,3,1,1,1,1,1,1,1,2
SF,IH2004,2020-03-11 09:33:38.000,2926.0000,5697,0,99008280.000,0,-,-,-,-,2925.0000,2922.8000,2921.8000,2919.0000,2916.4000,2925.6000,2925.8000,2926.0000,2927.2000,2927.4000,1,3,1,1,1,1,1,1,1,2
SF,IH2004,2020-03-11 09:33:38.500,2925.6000,5695,-2,100763460.000,2,0,2,双平,S,2925.2000,2925.0000,2924.8000,2922.8000,2921.8000,2925.8000,2926.0000,2926.8000,2927.4000,2927.6000,1,1,1,3,1,1,1,1,2,1
SF,IH2004,2020-03-11 09:33:39.000,2925.6000,5695,0,100763460.000,0,-,-,-,-,2922.8000,2921.8000,2919.0000,2916.4000,2915.8000,2926.0000,2926.8000,2927.4000,2927.6000,2928.6000,3,1,1,1,1,1,1,2,1,1
SF,IH2004,2020-03-11 09:33:39.500,2925.6000,5695,0,100763460.000,0,-,-,-,-,2923.6000,2923.2000,2923.0000,2922.8000,2921.8000,2925.0000,2925.2000,2926.0000,2926.8000,2927.2000,1,1,2,3,1,1,1,1,1,2
SF,IH2004,2020-03-11 09:33:40.000,2925.6000,5695,0,100763460.000,0,-,-,-,-,2923.8000,2923.2000,2923.0000,2922.8000,2921.8000,2925.2000,2926.0000,2926.8000,2927.2000,2927.4000,2,3,2,3,1,1,1,1,2,2
SF,IH2004,2020-03-11 09:33:40.500,2925.6000,5695,0,100763460.000,0,-,-,-,-,2924.0000,2923.2000,2923.0000,2922.8000,2921.8000,2926.0000,2926.8000,2927.2000,2927.4000,2928.6000,2,3,2,3,1,1,1,2,2,1
SF,IH2004,2020-03-11 09:33:41.000,2925.6000,5695,0,100763460.000,0,-,-,-,-,2924.0000,2923.2000,2923.0000,2922.8000,2921.8000,2926.0000,2926.8000,2927.2000,2927.4000,2928.6000,3,3,1,3,1,1,1,2,3,1
SF,IH2004,2020-03-11 09:33:41.500,2925.6000,5695,0,100763460.000,0,-,-,-,-,2924.4000,2924.0000,2923.2000,2923.0000,2922.8000,2926.0000,2926.6000,2926.8000,2927.2000,2927.4000,1,3,3,1,3,1,1,1,2,3
SF,IH2004,2020-03-11 09:33:42.500,2925.6000,5695,0,100763460.000,0,-,-,-,-,2924.4000,2924.0000,2923.2000,2923.0000,2922.8000,2926.0000,2926.6000,2926.8000,2927.2000,2927.4000,1,3,3,1,3,1,1,1,2,2
SF,IH2004,2020-03-11 09:33:43.500,2925.6000,5695,0,100763460.000,0,-,-,-,-,2924.4000,2924.0000,2923.8000,2923.2000,2923.0000,2926.0000,2926.6000,2926.8000,2927.2000,2927.4000,1,3,1,3,1,1,1,1,2,2
SF,IH2004,2020-03-11 09:33:44.000,2925.6000,5695,0,100763460.000,0,-,-,-,-,2924.0000,2923.8000,2923.2000,2923.0000,2922.8000,2925.8000,2926.0000,2926.6000,2926.8000,2927.2000,3,1,2,1,3,1,1,1,1,2
SF,IH2004,2020-03-11 09:33:44.500,2925.6000,5695,0,100763460.000,0,-,-,-,-,2924.2000,2924.0000,2923.8000,2923.2000,2923.0000,2925.8000,2926.0000,2926.6000,2926.8000,2927.2000,2,1,1,2,1,1,1,1,1,2
SF,IH2004,2020-03-11 09:33:45.000,2925.6000,5695,0,100763460.000,0,-,-,-,-,2924.2000,2923.8000,2923.2000,2923.0000,2922.8000,2925.8000,2926.0000,2926.6000,2926.8000,2927.2000,2,1,1,1,3,1,1,1,1,2
SF,IH2004,2020-03-11 09:33:46.500,2925.6000,5695,0,100763460.000,0,-,-,-,-,2923.8000,2923.2000,2923.0000,2922.8000,2921.8000,2925.8000,2926.0000,2926.6000,2926.8000,2927.2000,1,1,1,3,1,1,1,1,1,2
SF,IH2004,2020-03-11 09:33:47.000,2925.6000,5695,0,100763460.000,0,-,-,-,-,2923.8000,2923.2000,2923.0000,2922.8000,2919.0000,2925.8000,2926.0000,2926.6000,2926.8000,2927.2000,1,1,1,3,1,1,1,1,1,2
SF,IH2004,2020-03-11 09:33:47.500,2925.6000,5695,0,100763460.000,0,-,-,-,-,2923.8000,2923.2000,2923.0000,2922.8000,2919.0000,2925.8000,2926.0000,2926.6000,2926.8000,2927.2000,2,1,1,3,1,1,2,1,1,2
SF,IH2004,2020-03-11 09:33:48.000,2925.6000,5695,0,100763460.000,0,-,-,-,-,2923.8000,2923.2000,2923.0000,2922.8000,2919.0000,2925.8000,2926.0000,2926.6000,2926.8000,2927.2000,2,1,1,3,1,1,1,1,1,2
SF,IH2004,2020-03-11 09:33:48.500,2925.6000,5695,0,100763460.000,0,-,-,-,-,2924.0000,2923.8000,2923.2000,2923.0000,2922.8000,2926.0000,2926.6000,2926.8000,2927.2000,2927.4000,2,2,1,1,3,1,1,1,2,1
SF,IH2004,2020-03-11 09:33:49.000,2925.6000,5695,0,100763460.000,0,-,-,-,-,2926.2000,2924.0000,2923.8000,2923.2000,2923.0000,2926.6000,2926.8000,2927.2000,2927.4000,2928.6000,2,2,2,1,1,1,1,2,1,1
SF,IH2004,2020-03-11 09:33:49.500,2925.6000,5695,0,100763460.000,0,-,-,-,-,2924.2000,2924.0000,2923.8000,2923.2000,2923.0000,2926.6000,2927.2000,2927.4000,2928.6000,2929.8000,1,1,2,1,1,1,2,1,1,1
SF,IH2004,2020-03-11 09:33:50.000,2925.6000,5695,0,100763460.000,0,-,-,-,-,2924.4000,2924.2000,2924.0000,2923.8000,2923.2000,2926.6000,2927.2000,2927.4000,2928.6000,2929.8000,1,1,1,2,1,1,2,1,1,1
SF,IH2004,2020-03-11 09:33:50.500,2925.6000,5695,0,100763460.000,0,-,-,-,-,2925.0000,2924.8000,2924.6000,2924.4000,2923.8000,2926.6000,2927.2000,2927.4000,2928.6000,2929.8000,1,1,2,5,2,1,2,1,1,1
SF,IH2004,2020-03-11 09:33:51.000,2925.6000,5695,0,100763460.000,0,-,-,-,-,2925.0000,2924.6000,2924.4000,2923.8000,2923.2000,2926.6000,2927.2000,2927.4000,2928.6000,2929.8000,1,1,3,2,1,1,2,1,1,1
SF,IH2004,2020-03-11 09:33:51.500,2925.6000,5695,0,100763460.000,0,-,-,-,-,2924.4000,2923.8000,2923.2000,2922.8000,2919.0000,2926.6000,2927.2000,2927.4000,2928.6000,2929.8000,3,2,1,3,1,1,2,1,1,1
SF,IH2004,2020-03-11 09:33:52.000,2925.6000,5695,0,100763460.000,0,-,-,-,-,2924.8000,2924.6000,2924.4000,2923.8000,2923.2000,2926.6000,2927.2000,2927.4000,2928.6000,2929.8000,2,1,3,2,1,1,2,1,1,1
SF,IH2004,2020-03-11 09:33:52.500,2925.6000,5695,0,100763460.000,0,-,-,-,-,2924.8000,2924.6000,2924.4000,2923.8000,2923.2000,2926.6000,2927.2000,2927.4000,2928.6000,2929.8000,2,1,3,1,1,1,2,1,1,1
SF,IH2004,2020-03-11 09:33:53.000,2925.6000,5695,0,100763460.000,0,-,-,-,-,2924.8000,2924.6000,2924.4000,2923.8000,2923.2000,2926.6000,2927.2000,2927.4000,2928.6000,2929.8000,1,1,3,1,1,1,2,1,1,1
SF,IH2004,2020-03-11 09:33:53.500,2925.6000,5695,0,100763460.000,0,-,-,-,-,2924.8000,2924.4000,2923.8000,2923.2000,2922.8000,2926.4000,2926.6000,2927.2000,2927.4000,2928.6000,1,1,1,1,3,2,1,2,1,1
SF,IH2004,2020-03-11 09:33:54.000,2925.6000,5695,0,100763460.000,0,-,-,-,-,2924.8000,2924.4000,2923.8000,2923.2000,2922.8000,2926.4000,2926.6000,2927.2000,2927.4000,2928.6000,1,1,1,1,3,3,1,2,1,1
SF,IH2004,2020-03-11 09:33:54.500,2925.6000,5695,0,100763460.000,0,-,-,-,-,2924.8000,2924.4000,2923.8000,2923.2000,2922.8000,2926.2000,2926.4000,2926.6000,2927.2000,2927.4000,1,1,1,1,3,1,3,1,2,1
SF,IH2004,2020-03-11 09:33:55.000,2924.8000,5694,-1,101640900.000,1,0,1,双平,S,2924.4000,2923.8000,2923.2000,2922.8000,2919.0000,2926.2000,2926.4000,2926.6000,2927.2000,2927.4000,1,1,1,3,1,1,3,1,2,1
SF,IH2004,2020-03-11 09:33:55.500,2924.8000,5694,0,101640900.000,0,-,-,-,-,2924.4000,2923.8000,2923.2000,2922.8000,2919.0000,2926.0000,2926.2000,2926.4000,2926.6000,2927.2000,1,1,1,3,1,1,1,2,1,2
SF,IH2004,2020-03-11 09:33:56.000,2924.8000,5694,0,101640900.000,0,-,-,-,-,2923.8000,2923.2000,2922.8000,2919.0000,2916.4000,2926.0000,2926.2000,2926.4000,2926.6000,2927.2000,1,1,3,1,1,2,1,2,1,2
SF,IH2004,2020-03-11 09:33:56.500,2925.8000,5694,0,102518640.000,1,0,1,多换,S,2924.0000,2923.8000,2923.2000,2922.8000,2919.0000,2926.0000,2926.2000,2926.4000,2926.6000,2927.2000,1,1,1,3,1,3,1,2,1,2
SF,IH2004,2020-03-11 09:33:57.000,2925.8000,5694,0,102518640.000,0,-,-,-,-,2924.0000,2923.8000,2923.2000,2922.8000,2919.0000,2926.0000,2926.2000,2926.4000,2926.6000,2927.2000,1,1,1,3,1,2,1,2,1,2
SF,IH2004,2020-03-11 09:33:57.500,2925.8000,5694,0,102518640.000,0,-,-,-,-,2924.0000,2923.8000,2923.2000,2922.8000,2919.0000,2926.0000,2926.2000,2926.4000,2926.6000,2927.2000,1,1,1,3,1,2,1,2,1,2
SF,IH2004,2020-03-11 09:33:58.000,2925.8000,5694,0,102518640.000,0,-,-,-,-,2924.0000,2923.8000,2923.2000,2922.8000,2919.0000,2926.0000,2926.2000,2926.4000,2926.6000,2927.2000,1,1,1,3,1,3,1,2,1,2
SF,IH2004,2020-03-11 09:33:58.500,2925.8000,5694,0,102518640.000,0,-,-,-,-,2924.2000,2924.0000,2923.8000,2923.2000,2922.8000,2926.0000,2926.2000,2926.4000,2926.6000,2927.2000,1,1,1,1,3,2,1,2,1,2
SF,IH2004,2020-03-11 09:33:59.000,2925.8000,5694,0,102518640.000,0,-,-,-,-,2924.2000,2924.0000,2923.8000,2923.2000,2922.8000,2925.8000,2926.0000,2926.2000,2926.4000,2926.6000,1,1,1,1,3,2,3,1,2,1
SF,IH2004,2020-03-11 09:34:00.000,2925.8000,5694,0,102518640.000,0,-,-,-,-,2924.2000,2924.0000,2923.8000,2923.2000,2922.8000,2925.8000,2926.0000,2926.2000,2926.4000,2926.6000,1,1,1,1,3,1,2,1,2,1
SF,IH2004,2020-03-11 09:34:00.500,2925.8000,5694,0,102518640.000,0,-,-,-,-,2924.2000,2924.0000,2923.8000,2923.2000,2922.8000,2925.6000,2925.8000,2926.0000,2926.2000,2926.4000,1,1,1,1,3,4,1,2,1,2
SF,IH2004,2020-03-11 09:34:01.000,2925.8000,5694,0,102518640.000,0,-,-,-,-,2924.2000,2923.8000,2923.2000,2922.8000,2919.0000,2925.6000,2925.8000,2926.0000,2926.2000,2926.4000,1,1,1,3,1,3,1,1,1,2
SF,IH2004,2020-03-11 09:34:01.500,2924.2000,5694,0,103395900.000,1,0,1,多换,S,2923.8000,2923.2000,2922.8000,2919.0000,2916.4000,2925.6000,2926.0000,2926.2000,2926.4000,2926.6000,1,1,3,1,1,3,1,1,2,1
SF,IH2004,2020-03-11 09:34:02.000,2924.2000,5694,0,103395900.000,0,-,-,-,-,2923.8000,2923.2000,2922.8000,2919.0000,2916.4000,2925.4000,2925.6000,2926.0000,2926.2000,2926.4000,1,1,3,1,1,2,3,1,1,2
SF,IH2004,2020-03-11 09:34:02.500,2923.8000,5694,0,104273040.000,1,0,1,多换,S,2922.8000,2919.0000,2915.8000,2915.6000,2915.0000,2923.8000,2924.8000,2925.2000,2925.4000,2925.6000,3,1,1,1,1,1,1,1,2,1
SF,IH2004,2020-03-11 09:34:03.000,2923.8000,5694,0,104273040.000,0,-,-,-,-,2922.8000,2919.0000,2915.8000,2915.6000,2915.0000,2923.6000,2923.8000,2924.2000,2924.8000,2925.2000,3,1,1,1,1,1,2,1,1,1
SF,IH2004,2020-03-11 09:34:03.500,2923.8000,5694,0,104273040.000,0,-,-,-,-,2923.0000,2922.8000,2919.0000,2915.8000,2915.6000,2923.6000,2923.8000,2924.2000,2924.8000,2925.2000,1,3,1,1,1,1,1,1,1,1
SF,IH2004,2020-03-11 09:34:04.000,2923.8000,5694,0,104273040.000,0,-,-,-,-,2922.8000,2919.0000,2915.8000,2915.6000,2915.0000,2923.6000,2923.8000,2924.2000,2924.8000,2925.2000,3,1,1,1,1,1,1,1,1,1
SF,IH2004,2020-03-11 09:34:04.500,2922.8000,5691,-3,106903560.000,3,0,3,双平,S,2919.0000,2915.8000,2915.6000,2915.0000,2912.2000,2923.6000,2923.8000,2924.2000,2924.8000,2925.2000,1,1,1,1,2,1,1,1,1,1
SF,IH2004,2020-03-11 09:34:05.000,2922.8000,5691,0,106903560.000,0,-,-,-,-,2919.4000,2919.2000,2919.0000,2915.8000,2915.6000,2922.8000,2923.6000,2923.8000,2924.2000,2924.8000,1,5,3,1,1,1,1,2,1,1
SF,IH2004,2020-03-11 09:34:05.500,2922.8000,5691,0,106903560.000,0,-,-,-,-,2920.0000,2919.6000,2919.4000,2919.2000,2919.0000,2923.6000,2923.8000,2924.2000,2924.8000,2925.2000,1,4,1,5,3,1,2,1,1,1
SF,IH2004,2020-03-11 09:34:06.000,2922.8000,5691,0,106903560.000,0,-,-,-,-,2920.2000,2919.6000,2919.2000,2919.0000,2915.8000,2922.6000,2923.4000,2923.6000,2923.8000,2924.2000,2,2,4,3,1,1,1,1,2,1
SF,IH2004,2020-03-11 09:34:06.500,2922.8000,5691,0,106903560.000,0,-,-,-,-,2920.6000,2920.4000,2920.2000,2919.6000,2919.2000,2922.6000,2923.6000,2923.8000,2924.2000,2924.8000,1,2,4,2,3,1,1,1,1,1
SF,IH2004,2020-03-11 09:34:07.000,2922.8000,5691,0,106903560.000,0,-,-,-,-,2920.4000,2920.2000,2919.6000,2919.2000,2919.0000,2922.6000,2923.6000,2923.8000,2924.2000,2924.8000,2,4,2,3,3,1,1,1,1,1
SF,IH2004,2020-03-11 09:34:07.500,2922.8000,5691,0,106903560.000,0,-,-,-,-,2920.6000,2920.4000,2920.2000,2919.6000,2919.2000,2922.6000,2922.8000,2923.6000,2923.8000,2924.8000,2,2,2,2,3,1,1,1,1,1
SF,IH2004,2020-03-11 09:34:08.500,2922.8000,5691,0,106903560.000,0,-,-,-,-,2920.8000,2920.6000,2920.4000,2920.2000,2919.6000,2922.6000,2922.8000,2923.6000,2923.8000,2924.8000,2,3,2,2,2,1,1,1,1,1
SF,IH2004,2020-03-11 09:34:09.000,2922.8000,5691,0,106903560.000,0,-,-,-,-,2920.6000,2920.4000,2920.2000,2919.6000,2919.2000,2922.6000,2922.8000,2923.6000,2923.8000,2924.8000,2,1,2,2,3,1,1,1,1,1
SF,IH2004,2020-03-11 09:34:09.500,2922.8000,5691,0,106903560.000,0,-,-,-,-,2920.6000,2920.4000,2920.2000,2919.6000,2919.2000,2922.6000,2922.8000,2923.8000,2924.8000,2925.4000,2,1,2,2,3,1,1,1,1,1
SF,IH2004,2020-03-11 09:34:10.000,2922.8000,5691,0,106903560.000,0,-,-,-,-,2920.6000,2920.4000,2920.2000,2919.6000,2919.2000,2922.6000,2922.8000,2923.8000,2924.8000,2925.4000,2,1,2,2,3,1,1,1,1,1
SF,IH2004,2020-03-11 09:34:10.500,2922.8000,5691,0,106903560.000,0,-,-,-,-,2920.6000,2920.2000,2919.6000,2919.2000,2919.0000,2922.4000,2922.6000,2922.8000,2923.8000,2924.8000,2,1,1,3,3,1,1,1,1,1
SF,IH2004,2020-03-11 09:34:11.000,2922.8000,5691,0,106903560.000,0,-,-,-,-,2920.6000,2919.6000,2919.2000,2919.0000,2915.8000,2922.4000,2922.6000,2922.8000,2923.8000,2924.8000,1,1,3,3,1,3,1,1,1,1
SF,IH2004,2020-03-11 09:34:11.500,2920.6000,5690,-1,107779740.000,1,0,1,双平,S,2919.2000,2919.0000,2915.8000,2915.6000,2915.0000,2922.2000,2922.4000,2922.6000,2922.8000,2923.8000,1,3,1,1,1,1,4,1,1,1
SF,IH2004,2020-03-11 09:34:12.000,2920.6000,5690,0,107779740.000,0,-,-,-,-,2919.2000,2919.0000,2915.8000,2915.6000,2915.0000,2921.6000,2922.0000,2922.2000,2922.4000,2922.6000,1,3,1,1,1,1,3,1,3,1
SF,IH2004,2020-03-11 09:34:12.500,2920.6000,5690,0,107779740.000,0,-,-,-,-,2919.2000,2919.0000,2915.8000,2915.6000,2915.0000,2921.4000,2921.6000,2922.0000,2922.2000,2922.4000,1,3,1,1,1,2,1,1,1,3
SF,IH2004,2020-03-11 09:34:13.000,2920.6000,5690,0,107779740.000,0,-,-,-,-,2919.0000,2915.8000,2915.6000,2915.0000,2912.2000,2921.4000,2921.6000,2922.0000,2922.2000,2922.4000,3,1,1,1,2,3,2,1,1,2
SF,IH2004,2020-03-11 09:34:13.500,2920.6000,5690,0,107779740.000,0,-,-,-,-,2919.0000,2915.8000,2915.6000,2915.0000,2912.2000,2921.4000,2921.6000,2922.0000,2922.4000,2922.6000,2,1,1,1,2,4,2,1,2,1
SF,IH2004,2020-03-11 09:34:14.000,2920.6000,5690,0,107779740.000,0,-,-,-,-,2919.0000,2915.8000,2915.6000,2915.0000,2912.2000,2921.2000,2921.4000,2921.6000,2922.0000,2922.4000,2,1,1,1,2,1,4,2,1,2
SF,IH2004,2020-03-11 09:34:14.500,2920.6000,5690,0,107779740.000,0,-,-,-,-,2919.0000,2915.8000,2915.6000,2915.0000,2912.2000,2921.0000,2921.2000,2921.4000,2921.6000,2922.0000,2,1,1,1,2,3,1,1,2,1
SF,IH2004,2020-03-11 09:34:15.000,2919.0000,5690,0,108655440.000,1,0,1,多换,S,2919.0000,2915.8000,2915.6000,2915.0000,2912.2000,2921.0000,2921.2000,2921.4000,2921.6000,2922.0000,1,1,1,1,2,3,1,1,2,1
SF,IH2004,2020-03-11 09:34:15.500,2919.0000,5690,0,108655440.000,0,-,-,-,-,2915.8000,2915.6000,2915.0000,2912.2000,2911.2000,2921.0000,2921.4000,2921.6000,2922.0000,2922.4000,1,1,1,2,1,3,1,2,1,2
SF,IH2004,2020-03-11 09:34:16.000,2919.0000,5690,0,108655440.000,0,-,-,-,-,2917.2000,2916.6000,2916.0000,2915.8000,2915.6000,2920.6000,2920.8000,2921.0000,2921.4000,2921.6000,1,1,4,1,1,1,1,3,1,2
SF,IH2004,2020-03-11 09:34:16.500,2919.0000,5690,0,108655440.000,0,-,-,-,-,2917.4000,2917.2000,2917.0000,2916.6000,2916.0000,2920.4000,2921.0000,2921.4000,2921.6000,2922.0000,2,1,1,1,6,2,1,1,2,1
SF,IH2004,2020-03-11 09:34:17.000,2919.0000,5690,0,108655440.000,0,-,-,-,-,2917.8000,2917.4000,2917.2000,2917.0000,2916.6000,2920.4000,2921.0000,2921.4000,2921.6000,2922.0000,1,2,1,1,1,2,1,1,2,1
SF,IH2004,2020-03-11 09:34:17.500,2919.0000,5690,0,108655440.000,0,-,-,-,-,2917.8000,2917.4000,2917.2000,2917.0000,2916.6000,2920.4000,2921.0000,2921.4000,2921.6000,2922.0000,2,2,1,1,1,2,1,1,2,1
SF,IH2004,2020-03-11 09:34:18.000,2919.0000,5690,0,108655440.000,0,-,-,-,-,2917.8000,2917.4000,2917.2000,2917.0000,2916.6000,2920.2000,2920.4000,2921.0000,2921.4000,2921.6000,2,2,1,1,1,1,2,1,1,2
SF,IH2004,2020-03-11 09:34:18.500,2919.0000,5690,0,108655440.000,0,-,-,-,-,2917.4000,2917.0000,2916.6000,2916.0000,2915.8000,2920.0000,2920.2000,2921.0000,2921.4000,2921.6000,2,1,1,6,1,2,1,1,1,2
SF,IH2004,2020-03-11 09:34:19.000,2919.0000,5690,0,108655440.000,0,-,-,-,-,2919.0000,2918.0000,2917.8000,2917.6000,2917.4000,2920.0000,2920.2000,2921.0000,2921.4000,2921.6000,1,2,1,1,1,1,1,1,1,2
SF,IH2004,2020-03-11 09:34:19.500,2919.0000,5689,-1,109531140.000,1,0,1,双平,S,2917.6000,2917.4000,2917.0000,2916.0000,2915.8000,2920.2000,2921.0000,2921.4000,2921.6000,2922.0000,1,1,1,5,1,1,1,1,2,1
SF,IH2004,2020-03-11 09:34:20.000,2919.8000,5688,-1,110407080.000,1,0,1,双平,S,2917.0000,2916.0000,2915.8000,2915.6000,2915.0000,2919.8000,2920.0000,2921.0000,2921.4000,2921.6000,1,5,1,1,1,1,1,1,1,2
SF,IH2004,2020-03-11 09:34:20.500,2919.8000,5688,0,110407080.000,0,-,-,-,-,2917.8000,2917.2000,2916.0000,2915.8000,2915.6000,2921.0000,2921.4000,2921.6000,2922.0000,2922.4000,1,2,5,1,1,1,1,2,1,2
SF,IH2004,2020-03-11 09:34:21.000,2919.8000,5688,0,110407080.000,0,-,-,-,-,2917.8000,2917.2000,2916.0000,2915.8000,2915.6000,2920.6000,2920.8000,2921.0000,2921.4000,2921.6000,1,1,5,1,1,1,1,1,1,2
SF,IH2004,2020-03-11 09:34:21.500,2919.8000,5688,0,110407080.000,0,-,-,-,-,2918.0000,2917.8000,2917.2000,2916.0000,2915.8000,2920.4000,2920.8000,2921.0000,2921.4000,2921.6000,1,1,1,5,1,1,1,1,1,2
SF,IH2004,2020-03-11 09:34:22.000,2919.8000,5688,0,110407080.000,0,-,-,-,-,2917.2000,2916.0000,2915.8000,2915.6000,2915.0000,2920.4000,2920.8000,2921.0000,2921.4000,2921.6000,1,5,1,1,1,1,1,1,1,2
SF,IH2004,2020-03-11 09:34:23.000,2919.8000,5688,0,110407080.000,0,-,-,-,-,2917.2000,2916.0000,2915.8000,2915.6000,2915.0000,2920.2000,2920.4000,2920.8000,2921.0000,2921.4000,1,5,1,1,1,1,1,1,1,1
SF,IH2004,2020-03-11 09:34:23.500,2919.8000,5688,0,110407080.000,0,-,-,-,-,2917.2000,2916.0000,2915.8000,2915.6000,2915.0000,2920.0000,2920.2000,2920.8000,2921.0000,2921.4000,1,5,1,1,1,2,1,1,1,1
SF,IH2004,2020-03-11 09:34:24.000,2917.2000,5687,-1,111282240.000,1,0,1,双平,S,2916.0000,2915.8000,2915.6000,2915.0000,2912.2000,2919.8000,2920.0000,2920.2000,2920.8000,2921.0000,4,1,1,1,2,1,1,1,1,1
SF,IH2004,2020-03-11 09:34:24.500,2917.2000,5687,0,111282240.000,0,-,-,-,-,2916.2000,2916.0000,2915.8000,2915.6000,2915.0000,2918.6000,2919.4000,2919.6000,2919.8000,2920.2000,1,3,1,1,1,1,1,2,2,1
SF,IH2004,2020-03-11 09:34:25.000,2917.2000,5687,0,111282240.000,0,-,-,-,-,2916.2000,2916.0000,2915.8000,2915.6000,2915.0000,2918.4000,2918.6000,2919.4000,2919.6000,2919.8000,1,3,1,1,1,1,1,1,1,2
SF,IH2004,2020-03-11 09:34:25.500,2916.8000,5687,0,112157280.000,1,0,1,多换,S,2916.6000,2916.4000,2916.2000,2916.0000,2915.8000,2918.4000,2918.6000,2919.6000,2919.8000,2920.2000,2,1,2,3,1,1,1,1,2,1
SF,IH2004,2020-03-11 09:34:26.000,2916.8000,5687,0,112157280.000,0,-,-,-,-,2916.8000,2916.4000,2916.2000,2916.0000,2915.8000,2918.4000,2919.8000,2920.2000,2921.0000,2921.4000,5,1,1,3,1,1,1,1,1,1
SF,IH2004,2020-03-11 09:34:26.500,2916.8000,5687,0,112157280.000,0,-,-,-,-,2918.4000,2916.8000,2916.4000,2916.2000,2916.0000,2919.8000,2920.2000,2921.0000,2921.4000,2921.6000,1,3,1,1,3,1,1,1,1,1
SF,IH2004,2020-03-11 09:34:27.000,2918.2000,5686,-1,113032740.000,1,0,1,双平,S,2916.4000,2916.0000,2915.8000,2915.6000,2915.0000,2919.2000,2919.4000,2919.8000,2920.2000,2921.0000,1,3,1,1,1,1,2,1,1,1
SF,IH2004,2020-03-11 09:34:27.500,2918.2000,5686,0,113032740.000,0,-,-,-,-,2916.4000,2916.0000,2915.8000,2915.6000,2915.0000,2919.0000,2919.4000,2919.8000,2920.2000,2921.0000,1,3,1,1,1,3,2,1,1,1
SF,IH2004,2020-03-11 09:34:28.000,2918.2000,5686,0,113032740.000,0,-,-,-,-,2916.6000,2916.4000,2916.0000,2915.8000,2915.6000,2918.4000,2919.0000,2919.4000,2920.2000,2921.0000,3,1,3,1,1,1,2,1,1,1
SF,IH2004,2020-03-11 09:34:28.500,2918.2000,5686,0,113032740.000,0,-,-,-,-,2916.8000,2916.6000,2916.4000,2916.0000,2915.8000,2918.2000,2918.4000,2919.0000,2919.4000,2920.2000,2,2,1,3,1,1,1,2,1,1
SF,IH2004,2020-03-11 09:34:29.000,2918.4000,5686,0,115659240.000,3,1,2,多换,S,2917.0000,2916.8000,2916.6000,2916.4000,2916.0000,2919.0000,2919.4000,2920.2000,2921.0000,2921.4000,3,2,2,1,2,1,1,1,1,1
SF,IH2004,2020-03-11 09:34:29.500,2918.4000,5686,0,115659240.000,0,-,-,-,-,2917.0000,2916.8000,2916.6000,2916.4000,2916.0000,2918.8000,2919.0000,2919.4000,2920.2000,2921.0000,3,2,2,1,2,1,1,1,1,1
SF,IH2004,2020-03-11 09:34:30.000,2918.8000,5686,0,116534880.000,1,0,1,多换,S,2917.2000,2917.0000,2916.8000,2916.6000,2916.4000,2918.6000,2919.0000,2920.2000,2921.0000,2921.4000,4,1,2,2,1,1,1,1,1,1
SF,IH2004,2020-03-11 09:34:30.500,2918.8000,5686,0,117410520.000,1,0,1,多换,S,2919.0000,2917.4000,2917.2000,2916.8000,2916.6000,2920.2000,2921.0000,2921.4000,2921.6000,2922.4000,2,3,3,2,2,1,1,1,1,1
SF,IH2004,2020-03-11 09:34:31.000,2918.8000,5686,0,117410520.000,0,-,-,-,-,2919.0000,2917.4000,2917.2000,2916.8000,2916.6000,2920.2000,2921.0000,2921.4000,2921.6000,2922.4000,2,1,3,2,2,1,1,1,1,1
SF,IH2004,2020-03-11 09:34:31.500,2918.8000,5686,0,117410520.000,0,-,-,-,-,2919.0000,2917.4000,2917.2000,2916.8000,2916.6000,2921.4000,2921.6000,2922.4000,2922.8000,2927.2000,2,1,3,2,2,1,1,1,1,2
SF,IH2004,2020-03-11 09:34:32.000,2918.8000,5686,0,117410520.000,0,-,-,-,-,2919.0000,2917.4000,2917.2000,2916.8000,2916.6000,2921.0000,2921.2000,2921.4000,2921.6000,2922.4000,2,1,3,2,1,1,1,1,1,1
SF,IH2004,2020-03-11 09:34:32.500,2918.8000,5686,0,117410520.000,0,-,-,-,-,2917.4000,2917.2000,2916.8000,2916.6000,2916.4000,2919.0000,2920.8000,2921.0000,2921.2000,2921.4000,1,3,2,1,1,1,3,1,1,1
SF,IH2004,2020-03-11 09:34:33.000,2918.8000,5686,0,117410520.000,0,-,-,-,-,2917.4000,2917.2000,2916.8000,2916.6000,2916.4000,2919.0000,2920.8000,2921.0000,2921.2000,2921.4000,1,3,2,1,1,1,3,1,1,1
SF,IH2004,2020-03-11 09:34:33.500,2918.8000,5686,0,117410520.000,0,-,-,-,-,2917.4000,2917.2000,2916.8000,2916.6000,2916.4000,2919.0000,2920.8000,2921.0000,2921.2000,2921.4000,1,3,2,1,1,1,3,1,1,1
SF,IH2004,2020-03-11 09:34:34.500,2918.8000,5686,0,117410520.000,0,-,-,-,-,2917.4000,2917.2000,2916.8000,2916.6000,2916.4000,2919.0000,2920.8000,2921.0000,2921.2000,2921.4000,1,3,2,1,1,1,3,1,1,1
SF,IH2004,2020-03-11 09:34:35.000,2918.8000,5686,0,117410520.000,0,-,-,-,-,2917.6000,2917.4000,2917.2000,2916.8000,2916.4000,2919.0000,2920.8000,2921.0000,2921.2000,2921.4000,1,1,1,1,1,1,2,1,1,1
SF,IH2004,2020-03-11 09:34:35.500,2919.0000,5685,-1,118286220.000,1,0,1,双平,S,2917.8000,2917.6000,2917.4000,2917.2000,2916.8000,2920.8000,2921.0000,2921.2000,2921.4000,2921.6000,1,1,1,1,1,2,1,1,1,2
SF,IH2004,2020-03-11 09:34:36.000,2919.0000,5685,0,118286220.000,0,-,-,-,-,2917.6000,2917.4000,2917.2000,2916.8000,2916.4000,2920.6000,2920.8000,2921.4000,2921.6000,2922.4000,1,1,1,1,1,1,2,1,2,2
SF,IH2004,2020-03-11 09:34:36.500,2919.0000,5685,0,118286220.000,0,-,-,-,-,2919.0000,2918.4000,2918.2000,2918.0000,2917.8000,2920.8000,2922.4000,2922.8000,2924.2000,2927.2000,1,2,3,1,1,2,1,1,1,2
