市场代码,合约代码,时间,最新,持仓,增仓,成交额,成交量,开仓,平仓,成交类型,方向,买一价,买二价,买三价,买四价,买五价,卖一价,卖二价,卖三价,卖四价,卖五价,买一量,买二量,买三量,买四量,买五量,卖一量,卖二量,卖三量,卖四量,卖五量
SF,IH2003,2019-12-30 09:29:00.200,3024.2000,23086,0,12701640.000,14.000,-,-,-,-,3023.6000,3022.6000,3022.2000,3021.6000,3021.0000,3024.4000,3027.4000,3029.8000,3031.4000,3032.0000,1,1,2,2,2,1,1,1,1,1
SF,IH2003,2019-12-30 09:30:00.200,3026.2000,23082,-4,23597040.000,12,4,8,多平,S,3026.0000,3025.8000,3025.4000,3025.2000,3025.0000,3026.6000,3029.8000,3031.4000,3032.0000,3032.8000,1,2,5,5,4,4,1,1,1,1
SF,IH2003,2019-12-30 09:30:00.700,3026.2000,23067,-15,43571280.000,22,3,19,多平,S,3025.8000,3025.4000,3025.2000,3025.0000,3024.6000,3027.8000,3029.8000,3030.0000,3030.4000,3031.4000,4,2,6,4,2,2,1,1,1,1
SF,IH2003,2019-12-30 09:30:01.200,3027.8000,23067,0,44479620.000,1,0,1,多换,S,3027.2000,3027.0000,3026.4000,3026.0000,3025.8000,3027.8000,3028.4000,3029.8000,3030.0000,3030.4000,1,1,1,3,4,1,1,1,1,1
SF,IH2003,2019-12-30 09:30:01.700,3027.2000,23066,-1,45387780.000,1,0,1,双平,S,3027.2000,3026.8000,3026.0000,3025.0000,3024.6000,3027.8000,3028.4000,3029.8000,3030.0000,3030.4000,1,4,3,3,2,4,1,1,1,1
SF,IH2003,2019-12-30 09:30:02.200,3026.8000,23064,-2,47203980.000,2,0,2,双平,S,3026.8000,3026.0000,3025.0000,3024.6000,3024.4000,3027.0000,3027.6000,3027.8000,3028.4000,3029.8000,3,3,3,1,31,1,1,4,1,1
SF,IH2003,2019-12-30 09:30:02.700,3026.8000,23063,-1,50836140.000,4,1,3,多平,S,3025.0000,3024.4000,3024.0000,3023.6000,3023.4000,3026.8000,3027.4000,3027.8000,3028.4000,3029.8000,2,31,1,2,1,1,1,4,1,1
SF,IH2003,2019-12-30 09:30:03.200,3026.8000,23063,0,50836140.000,0,-,-,-,-,3025.2000,3025.0000,3024.4000,3024.0000,3023.6000,3026.6000,3026.8000,3027.4000,3027.8000,3028.4000,4,2,31,1,2,3,1,1,4,1
SF,IH2003,2019-12-30 09:30:03.700,3026.8000,23063,0,51744180.000,1,0,1,多换,S,3025.4000,3024.4000,3024.0000,3023.6000,3023.4000,3026.4000,3026.6000,3026.8000,3027.2000,3027.4000,1,31,1,2,1,3,4,1,3,1
SF,IH2003,2019-12-30 09:30:04.200,3025.6000,23062,-1,52651860.000,1,0,1,双平,S,3025.4000,3024.6000,3024.4000,3024.2000,3024.0000,3026.6000,3026.8000,3027.2000,3027.4000,3027.8000,1,3,30,1,1,3,1,3,1,4
SF,IH2003,2019-12-30 09:30:04.700,3025.4000,23061,-1,54467100.000,2,0,2,多平,S,3024.4000,3024.2000,3024.0000,3023.6000,3023.4000,3025.2000,3026.2000,3026.6000,3027.2000,3027.4000,33,1,1,2,1,2,1,3,3,1
SF,IH2003,2019-12-30 09:30:05.200,3024.8000,23059,-2,56282100.000,2,0,2,双平,S,3024.8000,3024.6000,3024.4000,3024.2000,3024.0000,3025.2000,3025.4000,3026.2000,3026.6000,3027.2000,2,1,30,4,1,1,3,1,3,4
SF,IH2003,2019-12-30 09:30:05.700,3024.4000,23055,-4,59911680.000,4,0,4,双平,S,3024.4000,3024.2000,3024.0000,3023.6000,3023.4000,3025.2000,3025.4000,3026.2000,3026.6000,3027.2000,29,1,1,4,1,1,3,1,2,4
SF,IH2003,2019-12-30 09:30:06.200,3024.4000,23054,-1,60819000.000,1,0,1,双平,S,3024.4000,3024.2000,3024.0000,3023.6000,3023.4000,3025.0000,3025.4000,3026.2000,3026.6000,3027.2000,28,1,1,4,1,1,3,1,1,4
SF,IH2003,2019-12-30 09:30:06.700,3024.4000,23051,-3,63540960.000,3,0,3,双平,S,3024.4000,3024.2000,3024.0000,3023.6000,3023.4000,3025.0000,3025.4000,3026.6000,3027.2000,3027.4000,25,1,1,4,1,1,3,1,4,1
SF,IH2003,2019-12-30 09:30:07.200,3024.4000,23049,-2,65355780.000,2,0,2,双平,S,3024.4000,3024.2000,3024.0000,3023.6000,3023.4000,3025.4000,3026.6000,3027.2000,3027.4000,3027.8000,24,1,1,4,1,3,1,4,1,2
SF,IH2003,2019-12-30 09:30:07.700,3024.4000,23048,-1,66263100.000,1,0,1,双平,S,3024.4000,3024.2000,3024.0000,3023.6000,3023.4000,3025.2000,3025.4000,3026.6000,3027.2000,3027.4000,23,1,1,1,1,1,3,1,4,1
SF,IH2003,2019-12-30 09:30:08.200,3024.4000,23048,0,66263100.000,0,-,-,-,-,3024.4000,3024.2000,3024.0000,3023.6000,3023.4000,3025.2000,3025.4000,3026.6000,3027.2000,3027.4000,26,1,1,1,1,1,3,1,4,1
SF,IH2003,2019-12-30 09:30:08.700,3025.2000,23047,-1,67170660.000,1,0,1,双平,S,3025.0000,3024.4000,3024.2000,3024.0000,3023.6000,3025.4000,3026.6000,3027.2000,3027.4000,3027.8000,1,23,4,1,1,3,1,4,1,1
SF,IH2003,2019-12-30 09:30:09.200,3025.4000,23045,-2,68985780.000,2,0,2,双平,S,3024.4000,3024.2000,3024.0000,3023.6000,3023.4000,3025.4000,3026.6000,3027.2000,3027.4000,3027.8000,23,4,1,1,1,2,1,4,1,1
SF,IH2003,2019-12-30 09:30:09.700,3025.4000,23045,0,68985780.000,0,-,-,-,-,3024.6000,3024.4000,3024.2000,3024.0000,3023.6000,3025.4000,3026.6000,3027.2000,3027.4000,3027.8000,1,23,4,1,1,2,1,4,1,1
SF,IH2003,2019-12-30 09:30:10.200,3024.4000,23037,-8,76244400.000,8,0,8,双平,S,3024.4000,3024.2000,3024.0000,3023.6000,3023.4000,3025.4000,3026.6000,3027.2000,3027.4000,3027.8000,16,4,1,1,1,2,1,4,1,1
SF,IH2003,2019-12-30 09:30:10.700,3025.2000,23036,-1,77151960.000,1,0,1,双平,S,3024.6000,3024.4000,3024.2000,3024.0000,3023.6000,3025.4000,3026.6000,3027.2000,3027.4000,3027.8000,2,17,4,1,1,3,1,4,1,1
SF,IH2003,2019-12-30 09:30:11.200,3025.2000,23036,0,77151960.000,0,-,-,-,-,3024.6000,3024.4000,3024.2000,3024.0000,3023.6000,3025.4000,3026.6000,3027.2000,3027.4000,3027.8000,2,17,4,1,1,3,1,4,1,1
SF,IH2003,2019-12-30 09:30:11.700,3025.2000,23036,0,77151960.000,0,-,-,-,-,3024.6000,3024.4000,3024.2000,3024.0000,3023.6000,3025.4000,3026.6000,3027.2000,3027.4000,3027.8000,2,17,4,1,1,3,1,4,1,1
SF,IH2003,2019-12-30 09:30:12.200,3024.6000,23034,-2,78966720.000,2,0,2,双平,S,3024.4000,3024.2000,3024.0000,3023.6000,3023.4000,3024.6000,3025.4000,3026.6000,3027.2000,3027.4000,17,4,1,1,1,5,3,1,4,1
SF,IH2003,2019-12-30 09:30:12.700,3024.6000,23029,-5,83503620.000,5,0,5,双平,S,3024.8000,3024.6000,3024.4000,3024.2000,3024.0000,3025.4000,3026.6000,3027.2000,3027.4000,3027.8000,1,2,17,4,1,3,1,4,1,1
SF,IH2003,2019-12-30 09:30:13.200,3025.2000,23028,-1,84411180.000,1,0,1,双平,S,3024.6000,3024.4000,3024.2000,3024.0000,3023.6000,3025.4000,3026.6000,3027.2000,3027.4000,3027.8000,2,17,4,1,1,3,1,4,1,1
SF,IH2003,2019-12-30 09:30:13.700,3025.4000,23026,-2,86226420.000,2,0,2,双平,S,3025.0000,3024.6000,3024.4000,3024.2000,3024.0000,3025.4000,3026.6000,3027.2000,3027.4000,3027.8000,1,3,17,4,1,1,1,4,1,1
SF,IH2003,2019-12-30 09:30:14.200,3025.4000,23026,0,87134040.000,1,0,1,多换,S,3025.4000,3025.0000,3024.6000,3024.4000,3024.2000,3026.6000,3027.0000,3027.2000,3027.4000,3027.8000,1,1,3,17,4,1,1,4,1,1
SF,IH2003,2019-12-30 09:30:14.700,3025.4000,23026,0,87134040.000,0,-,-,-,-,3024.6000,3024.4000,3024.2000,3024.0000,3023.6000,3026.4000,3026.6000,3027.0000,3027.2000,3027.4000,2,17,4,1,1,1,1,1,4,1
SF,IH2003,2019-12-30 09:30:15.200,3025.4000,23026,0,87134040.000,0,-,-,-,-,3024.8000,3024.6000,3024.4000,3024.2000,3024.0000,3025.0000,3026.4000,3027.0000,3027.2000,3027.8000,2,3,17,4,1,1,1,1,4,1
SF,IH2003,2019-12-30 09:30:15.700,3025.0000,23026,0,88041540.000,1,0,1,多换,S,3025.4000,3025.2000,3025.0000,3024.4000,3024.2000,3027.0000,3027.2000,3027.8000,3028.0000,3028.4000,2,1,3,17,4,1,4,1,1,1
SF,IH2003,2019-12-30 09:30:16.200,3025.0000,23026,0,88041540.000,0,-,-,-,-,3025.4000,3025.2000,3025.0000,3024.4000,3024.2000,3026.6000,3026.8000,3027.0000,3027.2000,3027.8000,2,1,1,17,4,1,4,3,4,1
SF,IH2003,2019-12-30 09:30:16.700,3025.0000,23026,0,88041540.000,0,-,-,-,-,3025.4000,3025.0000,3024.4000,3024.2000,3024.0000,3026.4000,3026.6000,3026.8000,3027.0000,3027.2000,2,1,17,4,1,1,2,3,2,4
SF,IH2003,2019-12-30 09:30:17.200,3025.0000,23026,0,88041540.000,0,-,-,-,-,3025.4000,3025.0000,3024.4000,3024.2000,3024.0000,3026.4000,3026.6000,3026.8000,3027.0000,3027.2000,3,1,17,4,1,1,2,3,2,4
SF,IH2003,2019-12-30 09:30:17.700,3025.0000,23026,0,88041540.000,0,-,-,-,-,3025.6000,3025.4000,3025.0000,3024.4000,3024.2000,3026.6000,3026.8000,3027.0000,3027.2000,3027.8000,1,3,1,17,1,1,3,2,4,1
SF,IH2003,2019-12-30 09:30:18.200,3025.0000,23026,0,88041540.000,0,-,-,-,-,3025.6000,3025.4000,3025.0000,3024.8000,3024.4000,3026.4000,3026.6000,3027.0000,3027.2000,3027.8000,1,3,1,3,17,1,1,2,4,1
SF,IH2003,2019-12-30 09:30:18.700,3025.0000,23026,0,88041540.000,0,-,-,-,-,3025.6000,3025.4000,3025.0000,3024.8000,3024.4000,3026.4000,3026.6000,3027.0000,3027.2000,3027.8000,1,3,1,3,17,1,1,1,4,1
SF,IH2003,2019-12-30 09:30:19.200,3025.0000,23026,0,88041540.000,0,-,-,-,-,3025.6000,3025.4000,3025.0000,3024.8000,3024.4000,3026.4000,3026.6000,3027.0000,3027.2000,3027.8000,1,3,1,3,17,2,1,1,4,1
SF,IH2003,2019-12-30 09:30:20.200,3025.0000,23025,-1,88949040.000,1,0,1,双平,S,3025.4000,3025.0000,3024.8000,3024.4000,3024.2000,3026.4000,3026.6000,3027.0000,3027.2000,3027.8000,3,1,3,17,1,2,1,1,4,1
SF,IH2003,2019-12-30 09:30:20.700,3025.0000,23025,0,88949040.000,0,-,-,-,-,3025.4000,3025.0000,3024.8000,3024.4000,3024.2000,3026.2000,3026.4000,3026.6000,3027.0000,3027.2000,3,1,3,17,1,1,2,1,1,4
SF,IH2003,2019-12-30 09:30:21.200,3025.4000,23025,0,89856660.000,1,0,1,多换,S,3025.0000,3024.8000,3024.4000,3024.2000,3024.0000,3026.0000,3026.2000,3026.4000,3026.6000,3027.0000,1,3,17,1,1,1,2,2,1,1
SF,IH2003,2019-12-30 09:30:21.700,3025.4000,23025,0,89856660.000,0,-,-,-,-,3025.0000,3024.4000,3024.2000,3024.0000,3023.6000,3025.8000,3026.0000,3026.2000,3026.4000,3026.6000,2,20,1,1,1,1,1,1,2,1
SF,IH2003,2019-12-30 09:30:22.200,3025.4000,23025,0,89856660.000,0,-,-,-,-,3025.0000,3024.4000,3024.2000,3024.0000,3023.6000,3025.8000,3026.0000,3026.2000,3026.4000,3026.6000,2,20,1,1,1,1,1,1,1,1
SF,IH2003,2019-12-30 09:30:22.700,3025.4000,23025,0,89856660.000,0,-,-,-,-,3025.0000,3024.4000,3024.2000,3024.0000,3023.6000,3025.4000,3025.8000,3026.0000,3026.2000,3026.4000,2,20,1,1,1,13,1,1,3,1
SF,IH2003,2019-12-30 09:30:23.700,3025.4000,23024,-1,90764280.000,1,0,1,双平,S,3025.0000,3024.4000,3024.2000,3024.0000,3023.6000,3025.4000,3025.8000,3026.0000,3026.2000,3026.4000,2,20,1,1,1,12,1,1,3,1
SF,IH2003,2019-12-30 09:30:24.200,3025.0000,23023,-1,91671780.000,1,0,1,双平,S,3025.0000,3024.4000,3024.2000,3024.0000,3023.6000,3025.4000,3025.8000,3026.0000,3026.2000,3026.4000,1,20,1,1,1,12,1,1,3,1
SF,IH2003,2019-12-30 09:30:24.700,3025.0000,23022,-1,92579280.000,1,0,1,双平,S,3024.4000,3024.2000,3024.0000,3023.6000,3023.4000,3025.4000,3025.8000,3026.0000,3026.2000,3026.4000,19,1,1,1,1,12,1,1,3,1
SF,IH2003,2019-12-30 09:30:25.200,3025.0000,23022,0,92579280.000,0,-,-,-,-,3024.4000,3024.2000,3024.0000,3023.6000,3023.4000,3025.0000,3025.2000,3025.4000,3026.0000,3026.2000,19,1,1,1,1,1,1,13,1,3
SF,IH2003,2019-12-30 09:30:25.700,3025.0000,23022,0,92579280.000,0,-,-,-,-,3024.4000,3024.2000,3024.0000,3023.6000,3023.4000,3025.0000,3025.2000,3025.4000,3026.0000,3026.2000,19,1,1,1,1,1,1,13,1,3
SF,IH2003,2019-12-30 09:30:26.200,3025.0000,23022,0,92579280.000,0,-,-,-,-,3024.4000,3024.2000,3024.0000,3023.6000,3023.4000,3024.8000,3025.0000,3025.2000,3025.4000,3026.0000,19,1,1,1,1,1,2,1,12,1
SF,IH2003,2019-12-30 09:30:26.700,3024.8000,23022,0,93486720.000,1,0,1,多换,S,3024.4000,3024.2000,3024.0000,3023.6000,3023.4000,3025.0000,3025.2000,3025.4000,3026.2000,3026.6000,19,1,1,1,1,2,1,12,3,1
SF,IH2003,2019-12-30 09:30:27.200,3024.8000,23021,-1,95301480.000,2,0,2,多平,S,3024.4000,3024.2000,3024.0000,3023.6000,3023.4000,3024.8000,3025.0000,3025.2000,3025.4000,3026.2000,18,1,1,1,1,1,1,1,12,3
SF,IH2003,2019-12-30 09:30:27.700,3025.0000,23022,1,98023860.000,3,2,1,空开,S,3024.4000,3024.2000,3024.0000,3023.6000,3023.4000,3025.2000,3025.4000,3026.2000,3026.6000,3027.0000,18,1,1,1,1,1,12,3,1,2
SF,IH2003,2019-12-30 09:30:28.200,3024.4000,23021,-1,98931180.000,1,0,1,双平,S,3024.4000,3024.2000,3024.0000,3023.6000,3023.4000,3025.2000,3026.2000,3026.6000,3027.0000,3027.2000,17,1,1,1,1,2,3,1,2,1
SF,IH2003,2019-12-30 09:30:28.700,3025.2000,23019,-2,100746300.000,2,0,2,双平,S,3024.8000,3024.6000,3024.4000,3024.2000,3024.0000,3026.2000,3026.6000,3027.0000,3027.2000,3027.8000,1,1,17,1,1,3,1,2,1,1
SF,IH2003,2019-12-30 09:30:29.200,3025.2000,23019,0,100746300.000,0,-,-,-,-,3024.4000,3024.2000,3024.0000,3023.6000,3023.4000,3026.0000,3026.2000,3026.6000,3027.0000,3027.2000,17,1,1,1,1,2,3,1,2,1
SF,IH2003,2019-12-30 09:30:29.700,3026.0000,23018,-1,101654100.000,1,0,1,双平,S,3024.6000,3024.4000,3024.2000,3024.0000,3023.6000,3026.0000,3026.2000,3026.6000,3027.0000,3027.2000,1,17,1,1,1,1,3,1,2,1
SF,IH2003,2019-12-30 09:30:30.700,3024.8000,23018,0,102561540.000,1,0,1,多换,S,3024.6000,3024.4000,3024.2000,3024.0000,3023.6000,3025.0000,3026.0000,3026.2000,3026.6000,3026.8000,1,17,1,1,1,1,1,3,1,1
SF,IH2003,2019-12-30 09:30:31.200,3024.6000,23018,0,103468920.000,1,0,1,多换,S,3024.4000,3024.2000,3024.0000,3023.6000,3023.4000,3025.0000,3026.2000,3026.6000,3026.8000,3027.0000,14,4,1,1,1,1,3,1,1,2
SF,IH2003,2019-12-30 09:30:32.200,3025.0000,23017,-1,104376420.000,1,0,1,双平,S,3024.8000,3024.6000,3024.4000,3024.2000,3024.0000,3026.2000,3026.6000,3026.8000,3027.0000,3027.2000,1,1,14,4,1,3,1,1,2,1
SF,IH2003,2019-12-30 09:30:32.700,3025.0000,23017,0,105283920.000,1,0,1,多换,S,3024.4000,3024.2000,3024.0000,3023.6000,3023.4000,3026.0000,3026.2000,3026.6000,3026.8000,3027.0000,14,4,1,1,1,3,3,1,1,2
SF,IH2003,2019-12-30 09:30:33.200,3025.0000,23017,0,105283920.000,0,-,-,-,-,3024.6000,3024.4000,3024.2000,3024.0000,3023.6000,3026.0000,3026.2000,3026.6000,3026.8000,3027.0000,1,14,4,1,1,3,3,1,1,2
SF,IH2003,2019-12-30 09:30:33.700,3024.8000,23016,-1,106191360.000,1,0,1,双平,S,3024.8000,3024.6000,3024.4000,3024.2000,3024.0000,3026.0000,3026.2000,3026.6000,3026.8000,3027.0000,1,2,14,1,1,1,3,1,1,2
SF,IH2003,2019-12-30 09:30:34.700,3024.8000,23016,0,106191360.000,0,-,-,-,-,3024.6000,3024.2000,3024.0000,3023.8000,3023.6000,3025.8000,3026.0000,3026.2000,3026.8000,3027.0000,2,1,1,3,1,1,2,3,1,2
SF,IH2003,2019-12-30 09:30:35.200,3024.8000,23016,0,106191360.000,0,-,-,-,-,3024.6000,3024.2000,3024.0000,3023.8000,3023.6000,3024.8000,3025.8000,3026.0000,3026.2000,3026.8000,1,1,1,3,1,9,1,3,3,1
SF,IH2003,2019-12-30 09:30:35.700,3024.8000,23012,-4,109821000.000,4,0,4,双平,S,3024.2000,3024.0000,3023.8000,3023.6000,3023.4000,3024.8000,3026.0000,3026.2000,3026.8000,3027.0000,1,1,3,1,1,7,2,3,1,2
SF,IH2003,2019-12-30 09:30:36.200,3024.8000,23011,-1,110728440.000,1,0,1,双平,S,3024.2000,3024.0000,3023.8000,3023.6000,3023.4000,3024.8000,3026.0000,3026.2000,3026.8000,3027.0000,4,2,3,1,1,6,2,3,1,2
SF,IH2003,2019-12-30 09:30:36.700,3024.8000,23011,0,110728440.000,0,-,-,-,-,3024.2000,3024.0000,3023.8000,3023.6000,3023.4000,3024.8000,3026.0000,3026.2000,3026.8000,3027.0000,3,2,3,1,1,6,2,3,1,2
SF,IH2003,2019-12-30 09:30:37.200,3024.8000,23010,-1,111635880.000,1,0,1,双平,S,3024.2000,3024.0000,3023.8000,3023.6000,3023.4000,3024.8000,3026.0000,3026.2000,3026.8000,3027.0000,3,2,3,1,1,5,2,3,1,2
SF,IH2003,2019-12-30 09:30:37.700,3024.8000,23010,0,112543320.000,1,0,1,多换,S,3024.2000,3024.0000,3023.8000,3023.6000,3023.4000,3024.8000,3026.0000,3026.2000,3026.8000,3027.0000,3,2,3,1,1,4,2,3,1,2
SF,IH2003,2019-12-30 09:30:38.200,3024.8000,23010,0,112543320.000,0,-,-,-,-,3024.2000,3024.0000,3023.8000,3023.6000,3023.4000,3024.8000,3026.0000,3026.2000,3026.8000,3027.0000,3,2,3,1,1,4,2,3,1,2
SF,IH2003,2019-12-30 09:30:38.700,3024.8000,23010,0,112543320.000,0,-,-,-,-,3024.2000,3024.0000,3023.8000,3023.6000,3023.4000,3024.8000,3026.0000,3026.2000,3026.8000,3027.0000,3,2,3,1,1,4,2,3,1,2
SF,IH2003,2019-12-30 09:30:39.200,3024.8000,23009,-1,113450760.000,1,0,1,双平,S,3024.6000,3024.2000,3024.0000,3023.8000,3023.6000,3024.8000,3026.0000,3026.2000,3026.8000,3027.0000,1,3,1,3,1,3,2,3,1,2
SF,IH2003,2019-12-30 09:30:39.700,3024.8000,23006,-3,116173080.000,3,0,3,双平,S,3024.8000,3024.6000,3024.4000,3024.2000,3024.0000,3026.0000,3026.2000,3026.8000,3027.0000,3028.0000,1,1,1,3,1,2,3,1,2,1
SF,IH2003,2019-12-30 09:30:40.200,3024.8000,23006,0,116173080.000,0,-,-,-,-,3024.6000,3024.4000,3024.2000,3024.0000,3023.8000,3025.8000,3026.0000,3026.2000,3026.8000,3027.0000,1,1,2,1,3,1,2,3,1,2
SF,IH2003,2019-12-30 09:30:40.700,3024.6000,23005,-1,117080460.000,1,0,1,双平,S,3024.4000,3024.2000,3024.0000,3023.8000,3023.6000,3024.6000,3025.6000,3025.8000,3026.0000,3026.2000,1,2,1,3,1,2,1,1,2,3
SF,IH2003,2019-12-30 09:30:41.200,3025.6000,23002,-3,119802900.000,3,0,3,双平,S,3024.6000,3024.4000,3024.2000,3024.0000,3023.8000,3026.2000,3026.8000,3027.0000,3028.0000,3028.4000,1,1,2,1,3,3,1,2,1,1
SF,IH2003,2019-12-30 09:30:41.700,3025.6000,23002,0,119802900.000,0,-,-,-,-,3025.8000,3024.4000,3024.2000,3024.0000,3023.8000,3026.0000,3026.2000,3026.8000,3027.0000,3028.0000,10,1,2,1,3,4,3,1,2,1
SF,IH2003,2019-12-30 09:30:42.200,3024.4000,22994,-8,129787620.000,11,1,10,多平,S,3024.2000,3024.0000,3023.6000,3023.4000,3021.6000,3024.6000,3025.4000,3025.8000,3026.0000,3026.2000,2,1,1,1,1,1,1,6,3,3
SF,IH2003,2019-12-30 09:30:42.700,3024.4000,22987,-7,137046600.000,8,0,8,多平,S,3024.2000,3024.0000,3023.6000,3023.4000,3021.6000,3024.6000,3025.8000,3026.0000,3026.2000,3026.8000,2,2,4,1,1,3,2,1,3,1
SF,IH2003,2019-12-30 09:30:43.200,3024.6000,22983,-4,140676120.000,4,0,4,双平,S,3024.6000,3024.2000,3024.0000,3023.6000,3023.4000,3025.2000,3025.8000,3026.0000,3026.2000,3026.8000,1,2,2,4,1,1,2,1,3,1
SF,IH2003,2019-12-30 09:30:43.700,3024.6000,22983,0,140676120.000,0,-,-,-,-,3024.2000,3024.0000,3023.6000,3023.4000,3021.6000,3025.2000,3025.8000,3026.0000,3026.2000,3026.8000,2,1,4,1,1,1,2,1,3,1
SF,IH2003,2019-12-30 09:30:44.200,3024.6000,22983,0,140676120.000,0,-,-,-,-,3024.2000,3024.0000,3023.6000,3023.4000,3021.6000,3025.2000,3025.8000,3026.0000,3026.2000,3026.8000,2,1,4,1,1,1,2,1,3,1
SF,IH2003,2019-12-30 09:30:44.700,3024.2000,22983,0,141583380.000,1,0,1,多换,S,3024.2000,3024.0000,3023.6000,3023.4000,3021.6000,3025.2000,3025.6000,3025.8000,3026.0000,3026.2000,1,1,4,1,1,1,1,2,1,3
SF,IH2003,2019-12-30 09:30:46.200,3025.2000,22983,0,142490940.000,1,0,1,多换,S,3024.2000,3024.0000,3023.6000,3023.4000,3021.6000,3025.0000,3025.6000,3025.8000,3026.0000,3026.2000,1,1,4,1,1,1,1,2,1,3
SF,IH2003,2019-12-30 09:30:46.700,3025.2000,22982,-1,143398500.000,1,0,1,双平,S,3025.2000,3024.2000,3024.0000,3023.6000,3023.4000,3025.6000,3025.8000,3026.0000,3026.2000,3026.8000,9,1,1,4,1,1,2,1,3,1
SF,IH2003,2019-12-30 09:30:47.200,3025.2000,22973,-9,151566540.000,9,0,9,双平,S,3024.2000,3024.0000,3023.6000,3023.4000,3021.6000,3025.2000,3025.4000,3025.6000,3026.0000,3026.2000,1,1,4,1,1,1,2,2,1,3
SF,IH2003,2019-12-30 09:30:47.700,3025.2000,22973,0,151566540.000,0,-,-,-,-,3024.2000,3024.0000,3023.6000,3023.4000,3021.6000,3025.2000,3025.4000,3025.6000,3026.0000,3026.2000,1,1,4,1,1,1,1,2,1,3
SF,IH2003,2019-12-30 09:30:48.200,3025.2000,22973,0,151566540.000,0,-,-,-,-,3024.0000,3023.6000,3023.4000,3021.6000,3021.2000,3025.0000,3025.2000,3025.4000,3025.6000,3026.0000,1,4,1,1,1,3,10,1,1,1
SF,IH2003,2019-12-30 09:30:48.700,3025.2000,22973,0,151566540.000,0,-,-,-,-,3024.0000,3023.6000,3023.4000,3021.6000,3021.2000,3025.0000,3025.2000,3025.4000,3025.6000,3026.0000,2,4,1,1,1,3,10,1,1,1
SF,IH2003,2019-12-30 09:30:49.200,3025.0000,22971,-2,153381540.000,2,0,2,双平,S,3024.0000,3023.6000,3023.4000,3021.6000,3021.2000,3025.0000,3025.2000,3025.4000,3025.6000,3026.0000,2,4,1,1,1,1,10,1,1,1
SF,IH2003,2019-12-30 09:30:50.700,3025.0000,22970,-1,154289040.000,1,0,1,双平,S,3024.0000,3023.6000,3023.4000,3021.6000,3021.2000,3025.2000,3025.4000,3025.6000,3026.0000,3026.8000,2,4,1,1,1,10,1,1,1,1
SF,IH2003,2019-12-30 09:30:51.200,3025.0000,22970,0,154289040.000,0,-,-,-,-,3024.0000,3023.6000,3023.4000,3021.6000,3021.2000,3025.0000,3025.2000,3025.4000,3025.6000,3026.0000,2,4,1,1,1,1,10,1,1,1
SF,IH2003,2019-12-30 09:30:51.700,3025.0000,22969,-1,155196540.000,1,0,1,双平,S,3025.0000,3024.0000,3023.6000,3023.4000,3021.6000,3025.2000,3025.4000,3025.6000,3026.0000,3026.8000,10,1,4,1,1,10,1,1,1,1
SF,IH2003,2019-12-30 09:30:52.200,3025.0000,22959,-10,164271540.000,10,0,10,双平,S,3024.0000,3023.6000,3023.4000,3021.6000,3021.2000,3024.6000,3025.0000,3025.2000,3025.4000,3025.6000,1,4,1,1,1,2,1,9,1,1
SF,IH2003,2019-12-30 09:30:52.700,3025.0000,22959,0,164271540.000,0,-,-,-,-,3024.2000,3024.0000,3023.6000,3023.4000,3021.6000,3024.6000,3025.0000,3025.2000,3025.4000,3025.6000,1,2,4,1,1,2,1,9,1,1
SF,IH2003,2019-12-30 09:30:53.200,3024.6000,22958,-1,165178920.000,1,0,1,双平,S,3024.2000,3024.0000,3023.6000,3023.4000,3021.6000,3024.6000,3025.0000,3025.2000,3025.4000,3025.6000,1,2,4,1,1,1,1,9,1,1
SF,IH2003,2019-12-30 09:30:53.700,3024.6000,22958,0,165178920.000,0,-,-,-,-,3024.2000,3024.0000,3023.6000,3023.4000,3021.6000,3025.0000,3025.2000,3025.4000,3025.6000,3026.0000,1,2,4,1,1,1,9,1,1,1
SF,IH2003,2019-12-30 09:30:54.200,3024.2000,22957,-1,166086180.000,1,0,1,双平,S,3024.0000,3023.6000,3023.4000,3021.6000,3021.2000,3025.2000,3025.4000,3025.6000,3026.0000,3026.8000,1,4,1,1,1,9,1,1,1,1
SF,IH2003,2019-12-30 09:30:54.700,3025.2000,22955,-2,167901300.000,2,0,2,双平,S,3024.0000,3023.6000,3021.6000,3021.2000,3020.2000,3025.0000,3025.2000,3025.4000,3025.6000,3026.0000,2,4,1,1,1,1,7,1,1,1
SF,IH2003,2019-12-30 09:30:55.700,3025.2000,22947,-8,175161720.000,8,0,8,双平,S,3025.2000,3024.0000,3023.6000,3021.6000,3021.2000,3025.4000,3025.6000,3026.0000,3026.8000,3027.0000,3,2,4,1,1,1,1,1,1,1
SF,IH2003,2019-12-30 09:30:56.200,3025.2000,22944,-3,177884400.000,3,0,3,双平,S,3024.0000,3023.6000,3021.6000,3021.2000,3020.2000,3025.0000,3025.2000,3025.4000,3025.6000,3026.0000,1,4,1,1,1,2,5,1,1,1
SF,IH2003,2019-12-30 09:30:56.700,3025.2000,22944,0,177884400.000,0,-,-,-,-,3024.2000,3024.0000,3023.6000,3021.6000,3021.2000,3025.0000,3025.2000,3025.4000,3025.6000,3026.0000,1,2,4,1,1,2,5,1,1,1
SF,IH2003,2019-12-30 09:30:57.700,3025.2000,22944,0,177884400.000,0,-,-,-,-,3024.2000,3024.0000,3023.6000,3021.6000,3021.2000,3025.0000,3025.2000,3025.4000,3025.6000,3026.0000,2,2,4,1,1,2,2,1,1,1
SF,IH2003,2019-12-30 09:30:58.700,3025.0000,22943,-1,178791900.000,1,0,1,双平,S,3024.2000,3024.0000,3023.6000,3021.6000,3021.2000,3025.0000,3025.2000,3025.4000,3025.6000,3026.0000,2,3,4,1,1,1,2,1,1,1
SF,IH2003,2019-12-30 09:30:59.200,3024.2000,22942,-1,179699160.000,1,0,1,双平,S,3024.2000,3024.0000,3023.6000,3021.6000,3021.2000,3025.0000,3025.2000,3025.4000,3025.6000,3026.0000,1,3,4,1,1,1,2,1,1,1
SF,IH2003,2019-12-30 09:30:59.700,3025.0000,22941,-1,180606660.000,1,0,1,双平,S,3024.2000,3024.0000,3023.6000,3021.6000,3021.2000,3025.2000,3025.4000,3025.6000,3026.0000,3026.8000,2,3,1,1,1,2,1,1,1,1
SF,IH2003,2019-12-30 09:31:00.200,3025.0000,22938,-3,183329160.000,3,0,3,双平,S,3025.0000,3024.2000,3024.0000,3023.6000,3021.6000,3025.2000,3025.4000,3026.0000,3026.8000,3027.0000,7,1,2,1,1,2,1,1,1,1
SF,IH2003,2019-12-30 09:31:00.700,3025.2000,22929,-9,191496780.000,9,0,9,双平,S,3025.0000,3024.0000,3023.6000,3021.6000,3021.2000,3025.2000,3025.4000,3025.8000,3026.0000,3027.0000,1,2,1,1,1,2,1,1,1,1
SF,IH2003,2019-12-30 09:31:01.200,3025.0000,22928,-1,192404280.000,1,0,1,双平,S,3024.0000,3023.6000,3021.6000,3021.2000,3020.2000,3024.8000,3025.0000,3025.2000,3025.4000,3025.8000,2,1,1,1,1,7,5,3,1,1
SF,IH2003,2019-12-30 09:31:01.700,3025.0000,22928,0,192404280.000,0,-,-,-,-,3024.0000,3023.6000,3021.6000,3021.2000,3020.2000,3024.2000,3025.0000,3025.2000,3025.4000,3025.8000,2,1,1,1,1,1,3,3,1,1
SF,IH2003,2019-12-30 09:31:02.200,3024.2000,22927,-1,193311540.000,1,0,1,双平,S,3024.2000,3024.0000,3023.6000,3021.6000,3021.2000,3025.0000,3025.2000,3025.8000,3026.0000,3027.0000,3,2,1,1,1,3,3,1,1,1
SF,IH2003,2019-12-30 09:31:02.700,3024.2000,22927,0,193311540.000,0,-,-,-,-,3024.2000,3024.0000,3023.6000,3021.6000,3021.2000,3024.8000,3025.0000,3025.2000,3025.8000,3026.0000,3,2,1,1,1,1,3,3,1,1
SF,IH2003,2019-12-30 09:31:03.700,3024.8000,22926,-1,194218980.000,1,0,1,双平,S,3024.6000,3024.2000,3024.0000,3023.6000,3021.6000,3025.0000,3025.2000,3025.8000,3026.0000,3027.0000,1,17,2,1,1,3,3,1,1,1
SF,IH2003,2019-12-30 09:31:04.200,3025.0000,22924,-2,196033980.000,2,0,2,双平,S,3024.6000,3024.2000,3024.0000,3023.6000,3021.6000,3024.8000,3025.2000,3025.8000,3026.0000,3027.0000,2,17,2,1,1,3,3,1,1,1
SF,IH2003,2019-12-30 09:31:04.700,3024.8000,22921,-3,198756300.000,3,0,3,双平,S,3024.8000,3024.6000,3024.2000,3024.0000,3023.6000,3025.2000,3025.8000,3026.0000,3027.0000,3028.0000,4,2,14,2,1,3,1,1,1,1
SF,IH2003,2019-12-30 09:31:05.200,3024.8000,22921,0,198756300.000,0,-,-,-,-,3024.6000,3024.2000,3024.0000,3023.6000,3021.6000,3025.2000,3025.8000,3026.0000,3027.0000,3028.0000,1,14,2,1,1,3,1,1,1,1
SF,IH2003,2019-12-30 09:31:06.200,3024.8000,22921,0,198756300.000,0,-,-,-,-,3024.6000,3024.0000,3023.6000,3021.6000,3021.2000,3025.2000,3025.8000,3026.0000,3027.0000,3028.0000,1,2,1,1,1,3,1,1,1,1
SF,IH2003,2019-12-30 09:31:06.700,3024.8000,22921,0,198756300.000,0,-,-,-,-,3024.6000,3024.0000,3023.6000,3021.6000,3021.2000,3024.8000,3025.0000,3025.2000,3025.8000,3026.0000,1,2,1,1,1,7,1,3,1,1
SF,IH2003,2019-12-30 09:31:07.200,3024.6000,22920,-1,199663680.000,1,0,1,双平,S,3024.0000,3023.6000,3021.6000,3021.2000,3020.2000,3024.6000,3024.8000,3025.0000,3025.2000,3025.8000,2,1,1,1,1,5,7,1,3,1
SF,IH2003,2019-12-30 09:31:07.700,3024.6000,22920,0,199663680.000,0,-,-,-,-,3024.0000,3023.6000,3021.6000,3021.2000,3020.2000,3024.4000,3024.6000,3024.8000,3025.0000,3025.2000,2,1,1,1,1,1,5,7,1,3
SF,IH2003,2019-12-30 09:31:09.200,3024.4000,22920,0,200571000.000,1,0,1,多换,S,3024.4000,3024.0000,3023.6000,3021.6000,3021.2000,3024.6000,3024.8000,3025.0000,3025.2000,3025.8000,17,2,1,1,1,5,7,1,3,1
SF,IH2003,2019-12-30 09:31:09.700,3024.6000,22915,-5,205107900.000,5,0,5,双平,S,3024.4000,3024.0000,3023.6000,3021.6000,3021.2000,3024.8000,3025.0000,3025.2000,3025.8000,3026.0000,15,2,1,1,1,7,1,2,1,1
SF,IH2003,2019-12-30 09:31:10.200,3024.8000,22915,0,208737660.000,4,2,2,多换,S,3024.4000,3024.0000,3023.6000,3021.6000,3021.2000,3024.8000,3025.0000,3025.2000,3025.8000,3026.0000,15,2,1,1,1,3,1,1,1,1
SF,IH2003,2019-12-30 09:31:10.700,3024.8000,22915,0,210552540.000,2,1,1,多换,S,3024.4000,3024.0000,3023.6000,3021.6000,3021.2000,3024.8000,3025.0000,3025.8000,3026.0000,3027.0000,15,2,1,1,1,1,1,1,1,1
SF,IH2003,2019-12-30 09:31:11.200,3024.8000,22915,0,211459980.000,1,0,1,多换,S,3024.4000,3024.0000,3023.6000,3021.6000,3021.2000,3025.0000,3025.8000,3026.0000,3027.0000,3028.0000,15,2,1,1,1,1,1,1,1,1
SF,IH2003,2019-12-30 09:31:12.700,3024.8000,22915,0,211459980.000,0,-,-,-,-,3024.4000,3024.0000,3023.6000,3021.6000,3021.2000,3025.0000,3025.8000,3026.0000,3027.0000,3028.0000,1,2,1,1,1,1,1,1,1,1
SF,IH2003,2019-12-30 09:31:13.200,3024.8000,22915,0,211459980.000,0,-,-,-,-,3024.4000,3024.0000,3023.6000,3021.6000,3021.2000,3025.0000,3025.8000,3026.0000,3027.0000,3028.0000,1,2,1,1,1,1,1,1,1,1
SF,IH2003,2019-12-30 09:31:14.200,3024.4000,22915,0,212367300.000,1,0,1,多换,S,3024.0000,3023.6000,3021.6000,3021.2000,3020.2000,3024.4000,3025.0000,3025.8000,3026.0000,3027.0000,2,1,1,1,1,2,1,1,1,1
SF,IH2003,2019-12-30 09:31:14.700,3024.4000,22913,-2,214181940.000,2,0,2,双平,S,3024.2000,3024.0000,3023.6000,3021.6000,3021.2000,3025.0000,3025.8000,3026.0000,3027.0000,3028.0000,2,2,1,1,1,1,1,1,1,1
SF,IH2003,2019-12-30 09:31:16.200,3024.4000,22913,0,214181940.000,0,-,-,-,-,3024.2000,3024.0000,3023.6000,3021.6000,3021.2000,3025.0000,3025.8000,3026.0000,3027.0000,3028.0000,2,2,1,1,1,1,1,1,1,1
SF,IH2003,2019-12-30 09:31:16.700,3024.2000,22912,-1,215089200.000,1,0,1,双平,S,3024.2000,3024.0000,3023.6000,3021.6000,3021.2000,3025.0000,3025.8000,3026.0000,3027.0000,3028.0000,1,2,1,1,1,1,1,1,1,1
SF,IH2003,2019-12-30 09:31:17.200,3024.2000,22912,0,215089200.000,0,-,-,-,-,3024.4000,3024.2000,3024.0000,3023.6000,3021.6000,3025.0000,3025.8000,3026.0000,3027.0000,3028.0000,1,1,2,1,1,1,1,1,1,1
SF,IH2003,2019-12-30 09:31:17.700,3024.4000,22911,-1,215996520.000,1,0,1,双平,S,3024.2000,3024.0000,3023.6000,3022.0000,3021.6000,3025.0000,3025.8000,3026.0000,3027.0000,3028.0000,1,2,1,1,1,2,1,1,1,1
SF,IH2003,2019-12-30 09:31:18.200,3024.4000,22911,0,215996520.000,0,-,-,-,-,3024.2000,3024.0000,3023.6000,3022.0000,3021.6000,3025.0000,3025.8000,3026.0000,3027.0000,3028.0000,1,2,1,1,1,2,1,1,1,1
SF,IH2003,2019-12-30 09:31:18.700,3024.4000,22910,-1,217811340.000,2,0,2,多平,S,3024.2000,3024.0000,3023.6000,3022.0000,3021.6000,3025.0000,3025.8000,3026.0000,3027.0000,3028.0000,1,2,1,1,1,1,1,1,1,1
SF,IH2003,2019-12-30 09:31:19.200,3024.4000,22910,0,217811340.000,0,-,-,-,-,3024.0000,3023.6000,3022.0000,3021.6000,3021.2000,3025.0000,3025.8000,3026.0000,3027.0000,3028.0000,2,1,1,1,1,1,1,1,1,1
SF,IH2003,2019-12-30 09:31:19.700,3024.4000,22910,0,217811340.000,0,-,-,-,-,3024.0000,3023.6000,3022.0000,3021.6000,3021.2000,3025.0000,3025.8000,3026.0000,3027.0000,3028.0000,2,1,1,1,1,2,1,1,1,1
SF,IH2003,2019-12-30 09:31:20.200,3024.0000,22910,0,219625740.000,2,1,1,多换,S,3023.6000,3022.0000,3021.6000,3021.2000,3020.2000,3024.8000,3025.0000,3025.8000,3026.0000,3027.0000,1,1,1,1,1,1,2,1,1,1
SF,IH2003,2019-12-30 09:31:20.700,3023.6000,22910,0,220532820.000,1,0,1,多换,S,3022.0000,3021.6000,3021.2000,3020.2000,3020.0000,3023.6000,3024.6000,3024.8000,3025.0000,3025.8000,1,1,1,1,2,2,2,1,2,1
SF,IH2003,2019-12-30 09:31:21.200,3023.6000,22910,0,220532820.000,0,-,-,-,-,3022.2000,3022.0000,3021.6000,3021.4000,3021.2000,3023.6000,3023.8000,3024.6000,3024.8000,3025.0000,7,1,1,3,1,2,1,2,1,1
SF,IH2003,2019-12-30 09:31:21.700,3023.6000,22910,0,220532820.000,0,-,-,-,-,3022.2000,3022.0000,3021.6000,3020.2000,3020.0000,3023.4000,3023.6000,3023.8000,3024.6000,3024.8000,7,1,1,1,2,3,2,1,2,1
SF,IH2003,2019-12-30 09:31:22.200,3023.6000,22910,0,220532820.000,0,-,-,-,-,3022.2000,3022.0000,3021.6000,3020.2000,3020.0000,3023.0000,3023.2000,3023.4000,3023.6000,3023.8000,1,1,1,1,2,7,1,4,2,1
SF,IH2003,2019-12-30 09:31:22.700,3023.6000,22910,0,220532820.000,0,-,-,-,-,3022.2000,3022.0000,3021.6000,3021.2000,3020.2000,3023.2000,3023.4000,3023.6000,3023.8000,3025.8000,1,1,1,3,1,1,1,2,1,1
SF,IH2003,2019-12-30 09:31:23.200,3023.6000,22910,0,220532820.000,0,-,-,-,-,3022.2000,3022.0000,3021.6000,3021.2000,3020.2000,3023.4000,3023.6000,3023.8000,3025.8000,3026.0000,1,1,1,3,1,1,2,1,1,1
SF,IH2003,2019-12-30 09:31:23.700,3023.6000,22910,0,220532820.000,0,-,-,-,-,3022.4000,3022.2000,3022.0000,3021.6000,3021.2000,3023.0000,3023.6000,3023.8000,3025.8000,3026.0000,3,1,1,1,3,1,2,1,1,1
SF,IH2003,2019-12-30 09:31:24.200,3023.0000,22910,0,221439720.000,1,0,1,多换,S,3022.6000,3022.4000,3022.2000,3022.0000,3021.6000,3023.6000,3023.8000,3025.8000,3026.0000,3027.0000,3,3,1,1,1,2,1,1,1,1
SF,IH2003,2019-12-30 09:31:24.700,3023.0000,22910,0,221439720.000,0,-,-,-,-,3023.4000,3022.6000,3022.4000,3022.2000,3022.0000,3023.6000,3025.8000,3026.0000,3027.0000,3028.0000,1,3,3,1,1,2,1,1,1,1
SF,IH2003,2019-12-30 09:31:25.200,3023.4000,22910,0,222346740.000,1,0,1,多换,S,3022.6000,3022.4000,3022.2000,3022.0000,3021.6000,3023.4000,3023.6000,3025.8000,3026.0000,3027.0000,3,4,1,1,1,2,2,1,1,1
SF,IH2003,2019-12-30 09:31:25.700,3023.4000,22909,-1,223253760.000,1,0,1,双平,S,3022.6000,3022.4000,3022.2000,3022.0000,3021.6000,3023.6000,3025.8000,3026.0000,3027.0000,3028.0000,3,4,1,1,1,2,1,1,1,1
SF,IH2003,2019-12-30 09:31:26.200,3023.4000,22909,0,223253760.000,0,-,-,-,-,3022.6000,3022.4000,3022.2000,3022.0000,3021.6000,3023.6000,3025.8000,3026.0000,3027.0000,3028.0000,3,4,1,1,1,2,1,1,1,1
SF,IH2003,2019-12-30 09:31:26.700,3023.4000,22909,0,223253760.000,0,-,-,-,-,3022.8000,3022.6000,3022.4000,3022.2000,3022.0000,3023.4000,3023.6000,3025.8000,3026.0000,3027.0000,1,3,4,1,1,1,1,1,1,1
SF,IH2003,2019-12-30 09:31:27.200,3023.4000,22909,0,224160780.000,1,0,1,多换,S,3023.6000,3023.4000,3023.0000,3022.8000,3022.6000,3025.8000,3026.0000,3027.0000,3028.0000,3028.4000,2,1,2,2,3,1,1,1,1,1
SF,IH2003,2019-12-30 09:31:27.700,3023.4000,22909,0,224160780.000,0,-,-,-,-,3023.8000,3023.6000,3023.4000,3023.0000,3022.8000,3024.6000,3025.2000,3025.4000,3025.6000,3025.8000,1,2,1,2,2,2,2,8,6,1
SF,IH2003,2019-12-30 09:31:28.200,3023.4000,22909,0,224160780.000,0,-,-,-,-,3023.6000,3023.4000,3023.0000,3022.8000,3022.6000,3024.6000,3025.2000,3025.4000,3025.6000,3025.8000,2,1,2,2,3,1,1,8,6,1
SF,IH2003,2019-12-30 09:31:28.700,3023.4000,22909,0,224160780.000,0,-,-,-,-,3023.8000,3023.6000,3023.4000,3023.0000,3022.8000,3024.6000,3025.2000,3025.4000,3025.6000,3025.8000,2,2,1,2,2,1,1,8,6,1
SF,IH2003,2019-12-30 09:31:29.200,3023.4000,22909,0,224160780.000,0,-,-,-,-,3023.8000,3023.6000,3023.4000,3023.0000,3022.8000,3024.6000,3025.2000,3025.4000,3025.6000,3025.8000,2,2,1,2,2,1,1,8,6,1
SF,IH2003,2019-12-30 09:31:29.700,3023.8000,22908,-1,225975060.000,2,0,2,多平,S,3023.6000,3023.4000,3023.0000,3022.8000,3022.6000,3023.8000,3024.6000,3025.2000,3025.4000,3025.6000,2,1,1,2,1,17,1,1,8,6
SF,IH2003,2019-12-30 09:31:30.200,3023.6000,22908,0,227789220.000,2,1,1,多换,S,3023.0000,3022.8000,3022.6000,3022.4000,3022.0000,3023.6000,3023.8000,3024.6000,3025.2000,3025.4000,1,2,1,3,1,1,17,1,1,8
SF,IH2003,2019-12-30 09:31:30.700,3023.6000,22908,0,227789220.000,0,-,-,-,-,3023.0000,3022.8000,3022.6000,3022.4000,3022.0000,3023.6000,3023.8000,3024.0000,3024.6000,3025.2000,1,2,1,3,1,1,17,1,1,1
SF,IH2003,2019-12-30 09:31:31.200,3023.6000,22908,0,227789220.000,0,-,-,-,-,3023.0000,3022.8000,3022.6000,3022.4000,3022.0000,3023.6000,3023.8000,3024.0000,3024.6000,3025.2000,1,2,1,3,1,1,18,1,1,1
SF,IH2003,2019-12-30 09:31:31.700,3023.6000,22908,0,227789220.000,0,-,-,-,-,3023.0000,3022.8000,3022.6000,3022.4000,3022.0000,3023.6000,3023.8000,3024.0000,3024.6000,3025.2000,1,2,1,3,1,1,18,1,1,1
SF,IH2003,2019-12-30 09:31:32.200,3023.6000,22907,-1,229603200.000,2,0,2,多平,S,3022.8000,3022.6000,3022.4000,3022.0000,3021.6000,3023.8000,3024.0000,3024.6000,3025.2000,3025.4000,1,1,3,1,1,18,1,1,1,8
SF,IH2003,2019-12-30 09:31:32.700,3023.6000,22907,0,229603200.000,0,-,-,-,-,3022.8000,3022.6000,3022.4000,3022.0000,3021.6000,3023.6000,3023.8000,3024.0000,3024.6000,3025.2000,1,1,3,1,1,3,18,2,1,1
SF,IH2003,2019-12-30 09:31:33.200,3023.6000,22907,0,229603200.000,0,-,-,-,-,3022.8000,3022.6000,3022.4000,3022.0000,3021.6000,3023.4000,3023.6000,3023.8000,3024.0000,3024.6000,1,1,3,1,1,1,3,18,1,1
SF,IH2003,2019-12-30 09:31:33.700,3023.4000,22906,-1,230510220.000,1,0,1,双平,S,3022.8000,3022.6000,3022.4000,3022.0000,3021.6000,3023.8000,3024.0000,3024.6000,3025.2000,3025.4000,1,1,3,1,1,18,1,1,1,8
SF,IH2003,2019-12-30 09:31:34.200,3023.4000,22906,0,230510220.000,0,-,-,-,-,3023.0000,3022.8000,3022.6000,3022.4000,3022.0000,3023.8000,3024.0000,3024.6000,3025.2000,3025.4000,4,2,1,3,1,18,1,1,1,8
SF,IH2003,2019-12-30 09:31:34.700,3023.4000,22906,0,230510220.000,0,-,-,-,-,3023.0000,3022.8000,3022.6000,3022.4000,3022.0000,3023.8000,3024.0000,3024.6000,3025.2000,3025.4000,5,2,1,3,1,18,1,1,1,8
SF,IH2003,2019-12-30 09:31:35.200,3023.8000,22892,-14,243210180.000,14,0,14,双平,S,3023.0000,3022.8000,3022.6000,3022.4000,3022.0000,3023.8000,3024.0000,3024.6000,3025.2000,3025.4000,6,1,1,3,1,4,1,1,1,8
SF,IH2003,2019-12-30 09:31:35.700,3023.8000,22892,0,243210180.000,0,-,-,-,-,3023.0000,3022.8000,3022.6000,3022.4000,3022.0000,3023.8000,3024.0000,3024.6000,3025.2000,3025.4000,6,1,1,3,1,4,1,1,1,8
SF,IH2003,2019-12-30 09:31:36.200,3023.8000,22888,-4,246838740.000,4,0,4,双平,S,3023.2000,3023.0000,3022.8000,3022.6000,3022.4000,3024.0000,3024.6000,3025.2000,3025.4000,3025.6000,1,5,1,1,3,1,1,1,8,7
SF,IH2003,2019-12-30 09:31:36.700,3023.8000,22888,0,246838740.000,0,-,-,-,-,3023.4000,3023.2000,3023.0000,3022.8000,3022.6000,3024.0000,3024.6000,3025.2000,3025.4000,3025.6000,2,1,5,1,1,1,1,1,8,7
SF,IH2003,2019-12-30 09:31:37.200,3023.8000,22888,0,246838740.000,0,-,-,-,-,3023.4000,3023.2000,3023.0000,3022.8000,3022.6000,3024.0000,3024.6000,3025.2000,3025.4000,3025.6000,2,1,5,1,1,1,1,1,8,7
SF,IH2003,2019-12-30 09:31:37.700,3023.8000,22888,0,246838740.000,0,-,-,-,-,3023.4000,3023.2000,3023.0000,3022.8000,3022.6000,3023.8000,3024.0000,3024.6000,3025.2000,3025.4000,2,1,5,1,1,2,1,1,1,8
SF,IH2003,2019-12-30 09:31:38.700,3023.8000,22886,-2,248653020.000,2,0,2,双平,S,3023.8000,3023.4000,3023.2000,3023.0000,3022.8000,3024.0000,3024.6000,3025.2000,3025.4000,3025.6000,1,2,1,5,1,1,1,1,8,7
SF,IH2003,2019-12-30 09:31:39.200,3024.0000,22886,0,249560220.000,1,0,1,多换,S,3023.4000,3023.2000,3023.0000,3022.8000,3022.4000,3024.6000,3025.2000,3025.4000,3025.6000,3026.0000,2,1,5,1,4,1,1,8,7,1
SF,IH2003,2019-12-30 09:31:39.700,3024.0000,22886,0,249560220.000,0,-,-,-,-,3024.0000,3023.6000,3023.4000,3023.2000,3023.0000,3024.6000,3025.2000,3025.4000,3025.6000,3026.0000,1,2,2,1,5,1,1,8,7,1
SF,IH2003,2019-12-30 09:31:40.200,3024.0000,22886,0,249560220.000,0,-,-,-,-,3024.0000,3023.6000,3023.4000,3023.2000,3023.0000,3025.4000,3025.6000,3026.0000,3027.0000,3028.0000,1,2,2,1,4,1,7,1,1,1
SF,IH2003,2019-12-30 09:31:40.700,3024.0000,22886,0,249560220.000,0,-,-,-,-,3024.0000,3023.6000,3023.4000,3023.2000,3023.0000,3025.2000,3025.4000,3025.6000,3026.0000,3027.0000,1,2,2,2,4,4,1,5,1,1
SF,IH2003,2019-12-30 09:31:42.200,3025.2000,22885,-1,250467780.000,1,0,1,双平,S,3024.0000,3023.6000,3023.4000,3023.2000,3023.0000,3025.2000,3025.4000,3025.6000,3026.0000,3027.0000,1,2,2,2,4,3,1,5,1,1
SF,IH2003,2019-12-30 09:31:42.700,3025.2000,22885,0,250467780.000,0,-,-,-,-,3024.0000,3023.6000,3023.4000,3023.2000,3023.0000,3025.0000,3025.2000,3025.4000,3025.6000,3026.0000,1,2,2,2,4,2,3,1,5,1
SF,IH2003,2019-12-30 09:31:43.200,3025.2000,22885,0,250467780.000,0,-,-,-,-,3024.0000,3023.8000,3023.6000,3023.4000,3023.2000,3025.0000,3025.2000,3025.4000,3025.6000,3026.0000,1,1,2,2,2,2,3,1,5,1
SF,IH2003,2019-12-30 09:31:43.700,3025.2000,22885,0,250467780.000,0,-,-,-,-,3024.0000,3023.8000,3023.6000,3023.4000,3023.2000,3025.0000,3025.2000,3025.4000,3025.6000,3026.0000,1,1,1,2,2,3,3,1,5,1
SF,IH2003,2019-12-30 09:31:44.700,3024.0000,22884,-1,251374980.000,1,0,1,双平,S,3023.8000,3023.6000,3023.4000,3023.2000,3023.0000,3024.8000,3025.0000,3025.2000,3025.4000,3025.6000,1,1,2,2,4,2,3,3,1,5
SF,IH2003,2019-12-30 09:31:45.700,3024.0000,22884,0,251374980.000,0,-,-,-,-,3023.8000,3023.6000,3023.4000,3023.2000,3023.0000,3024.8000,3025.0000,3025.2000,3025.4000,3025.6000,1,1,2,2,4,2,3,3,1,5
SF,IH2003,2019-12-30 09:31:46.200,3024.0000,22884,0,251374980.000,0,-,-,-,-,3023.8000,3023.4000,3023.2000,3023.0000,3022.8000,3024.6000,3024.8000,3025.0000,3025.2000,3025.6000,1,2,2,4,1,1,2,3,3,5
SF,IH2003,2019-12-30 09:31:46.700,3024.0000,22884,0,251374980.000,0,-,-,-,-,3023.8000,3023.4000,3023.2000,3023.0000,3022.8000,3024.6000,3024.8000,3025.0000,3025.2000,3025.6000,1,2,2,4,1,1,2,1,3,5
SF,IH2003,2019-12-30 09:31:48.200,3024.0000,22884,0,251374980.000,0,-,-,-,-,3023.8000,3023.2000,3023.0000,3022.8000,3022.4000,3024.6000,3024.8000,3025.0000,3025.2000,3025.6000,1,2,4,1,1,1,2,1,3,5
SF,IH2003,2019-12-30 09:31:49.200,3024.0000,22884,0,251374980.000,0,-,-,-,-,3024.0000,3023.8000,3023.2000,3023.0000,3022.8000,3024.6000,3024.8000,3025.0000,3025.2000,3025.6000,1,1,2,4,1,1,2,1,3,5
SF,IH2003,2019-12-30 09:31:49.700,3024.0000,22884,0,251374980.000,0,-,-,-,-,3024.0000,3023.8000,3023.2000,3023.0000,3022.8000,3024.6000,3024.8000,3025.0000,3025.2000,3025.6000,1,3,2,4,1,1,2,1,3,5
SF,IH2003,2019-12-30 09:31:50.200,3024.6000,22883,-1,252282360.000,1,0,1,双平,S,3024.0000,3023.8000,3023.2000,3023.0000,3022.8000,3024.8000,3025.0000,3025.2000,3025.6000,3026.0000,1,3,2,4,1,2,1,3,5,1
SF,IH2003,2019-12-30 09:31:51.700,3024.6000,22883,0,252282360.000,0,-,-,-,-,3024.4000,3024.0000,3023.8000,3023.2000,3023.0000,3024.8000,3025.2000,3025.6000,3026.0000,3027.0000,1,1,3,2,4,2,3,5,1,1
SF,IH2003,2019-12-30 09:31:52.200,3024.4000,22883,0,253189680.000,1,0,1,多换,S,3024.0000,3023.8000,3023.2000,3023.0000,3022.8000,3024.8000,3025.2000,3025.6000,3026.0000,3027.0000,1,3,2,4,1,2,3,5,1,1
SF,IH2003,2019-12-30 09:31:53.700,3024.0000,22882,-1,254096880.000,1,0,1,双平,S,3023.8000,3023.2000,3023.0000,3022.8000,3022.4000,3024.8000,3025.2000,3025.6000,3026.0000,3027.0000,3,2,4,1,1,2,3,5,1,1
SF,IH2003,2019-12-30 09:31:54.200,3024.0000,22882,0,254096880.000,0,-,-,-,-,3023.8000,3023.2000,3023.0000,3022.8000,3022.4000,3024.8000,3025.2000,3025.6000,3026.0000,3027.0000,3,2,4,1,1,3,3,5,1,1
SF,IH2003,2019-12-30 09:31:54.700,3024.8000,22883,1,255004320.000,1,1,0,双开,S,3023.8000,3023.2000,3023.0000,3022.8000,3022.4000,3024.8000,3025.2000,3025.6000,3026.0000,3027.0000,3,2,4,1,1,1,1,5,1,1
SF,IH2003,2019-12-30 09:31:55.700,3024.8000,22883,0,255004320.000,0,-,-,-,-,3024.0000,3023.8000,3023.2000,3023.0000,3022.8000,3024.8000,3025.2000,3025.6000,3026.0000,3027.0000,1,3,1,4,1,1,1,5,1,1
SF,IH2003,2019-12-30 09:31:56.700,3023.8000,22880,-3,258632940.000,4,0,4,多平,S,3023.2000,3023.0000,3022.8000,3022.4000,3022.0000,3023.8000,3024.8000,3025.2000,3025.6000,3026.0000,1,4,1,1,1,1,2,1,4,1
SF,IH2003,2019-12-30 09:31:57.200,3024.0000,22881,1,259540140.000,1,1,0,双开,S,3023.2000,3023.0000,3022.8000,3022.4000,3022.0000,3024.8000,3025.2000,3025.6000,3026.0000,3027.0000,1,2,1,1,1,1,1,4,1,1
SF,IH2003,2019-12-30 09:31:57.700,3024.0000,22881,0,259540140.000,0,-,-,-,-,3023.2000,3023.0000,3022.8000,3022.4000,3022.0000,3024.6000,3024.8000,3025.6000,3026.0000,3027.0000,1,2,1,1,1,2,1,4,1,1
SF,IH2003,2019-12-30 09:31:58.200,3024.0000,22881,0,259540140.000,0,-,-,-,-,3023.4000,3023.0000,3022.8000,3022.4000,3022.0000,3024.6000,3024.8000,3025.6000,3026.0000,3027.0000,1,2,1,1,1,2,1,4,1,1
SF,IH2003,2019-12-30 09:31:58.700,3024.4000,22880,-1,260447460.000,1,0,1,双平,S,3023.4000,3023.0000,3022.8000,3022.4000,3022.0000,3024.6000,3024.8000,3025.6000,3026.0000,3027.0000,1,2,1,1,1,1,1,4,1,1
SF,IH2003,2019-12-30 09:31:59.200,3024.4000,22880,0,260447460.000,0,-,-,-,-,3023.6000,3023.4000,3023.0000,3022.8000,3022.4000,3024.6000,3024.8000,3025.6000,3026.0000,3027.0000,1,1,2,1,1,1,1,4,1,1
SF,IH2003,2019-12-30 09:32:00.200,3024.4000,22880,0,260447460.000,0,-,-,-,-,3023.4000,3023.0000,3022.8000,3022.4000,3022.0000,3024.6000,3024.8000,3025.6000,3026.0000,3027.0000,1,2,1,1,1,1,1,4,1,1
SF,IH2003,2019-12-30 09:32:00.700,3024.4000,22880,0,260447460.000,0,-,-,-,-,3023.0000,3022.8000,3022.4000,3022.0000,3021.6000,3023.6000,3024.4000,3024.6000,3024.8000,3025.6000,2,1,1,1,1,2,3,1,1,4
SF,IH2003,2019-12-30 09:32:01.200,3024.4000,22880,0,260447460.000,0,-,-,-,-,3022.8000,3022.4000,3022.0000,3021.6000,3020.2000,3023.6000,3024.4000,3024.6000,3024.8000,3025.6000,1,1,1,1,1,2,1,1,1,4
SF,IH2003,2019-12-30 09:32:01.700,3024.4000,22880,0,260447460.000,0,-,-,-,-,3022.8000,3022.4000,3022.0000,3021.6000,3020.2000,3023.6000,3024.6000,3024.8000,3025.6000,3026.0000,1,1,1,1,1,3,1,1,4,1
SF,IH2003,2019-12-30 09:32:02.200,3024.4000,22880,0,260447460.000,0,-,-,-,-,3022.8000,3022.4000,3022.0000,3021.6000,3020.2000,3023.2000,3023.6000,3024.6000,3025.6000,3026.0000,1,1,1,1,1,7,4,1,4,1
SF,IH2003,2019-12-30 09:32:02.700,3022.8000,22879,-1,261354300.000,1,0,1,双平,S,3022.4000,3022.0000,3021.6000,3020.2000,3020.0000,3022.6000,3022.8000,3023.2000,3023.6000,3024.6000,1,1,1,1,4,1,2,8,3,1
SF,IH2003,2019-12-30 09:32:03.200,3022.6000,22877,-2,263167800.000,2,0,2,双平,S,3022.0000,3021.6000,3020.2000,3020.0000,3018.8000,3022.6000,3022.8000,3023.2000,3023.6000,3024.6000,1,1,1,4,1,1,1,7,3,1
SF,IH2003,2019-12-30 09:32:03.700,3022.0000,22877,0,264074400.000,1,0,1,多换,S,3021.6000,3020.2000,3020.0000,3018.8000,3018.6000,3022.0000,3022.6000,3022.8000,3023.2000,3023.6000,1,1,4,1,1,1,1,1,7,3
SF,IH2003,2019-12-30 09:32:04.200,3022.0000,22873,-4,267700800.000,4,0,4,双平,S,3022.0000,3021.6000,3020.6000,3020.2000,3020.0000,3023.2000,3023.6000,3024.6000,3025.6000,3027.0000,1,2,3,1,4,7,3,1,4,1
SF,IH2003,2019-12-30 09:32:04.700,3023.0000,22872,-1,268607700.000,1,0,1,双平,S,3022.2000,3022.0000,3021.6000,3020.6000,3020.2000,3023.0000,3023.6000,3024.6000,3025.6000,3027.0000,1,2,2,3,1,1,3,1,4,1
SF,IH2003,2019-12-30 09:32:05.700,3023.0000,22872,0,268607700.000,0,-,-,-,-,3022.2000,3022.0000,3021.6000,3020.6000,3020.2000,3023.6000,3024.6000,3025.6000,3027.0000,3028.0000,1,2,2,3,1,3,1,4,1,1
SF,IH2003,2019-12-30 09:32:06.200,3023.0000,22872,0,268607700.000,0,-,-,-,-,3022.4000,3022.2000,3022.0000,3021.6000,3020.6000,3023.6000,3024.6000,3025.6000,3027.0000,3028.0000,3,1,2,2,3,3,1,4,1,1
SF,IH2003,2019-12-30 09:32:06.700,3023.0000,22872,0,268607700.000,0,-,-,-,-,3022.4000,3022.2000,3022.0000,3021.6000,3020.6000,3023.4000,3023.6000,3024.6000,3025.6000,3027.0000,4,1,2,1,3,1,2,1,4,1
SF,IH2003,2019-12-30 09:32:08.200,3023.0000,22872,0,268607700.000,0,-,-,-,-,3022.4000,3022.2000,3022.0000,3021.6000,3020.6000,3022.6000,3023.4000,3024.6000,3025.6000,3027.0000,2,1,1,1,3,2,1,1,4,1
SF,IH2003,2019-12-30 09:32:08.700,3022.6000,22872,0,270421260.000,2,1,1,多换,S,3022.8000,3022.6000,3022.4000,3022.2000,3021.8000,3024.6000,3025.6000,3027.0000,3028.0000,3028.4000,4,2,2,1,1,1,4,1,1,1
SF,IH2003,2019-12-30 09:32:09.200,3022.6000,22872,0,270421260.000,0,-,-,-,-,3022.8000,3022.6000,3022.4000,3022.2000,3021.8000,3024.0000,3024.2000,3024.4000,3024.6000,3025.6000,2,1,2,1,1,2,7,6,2,4
SF,IH2003,2019-12-30 09:32:09.700,3022.6000,22872,0,270421260.000,0,-,-,-,-,3023.4000,3022.6000,3022.4000,3022.2000,3021.8000,3023.8000,3024.0000,3024.4000,3024.6000,3025.6000,1,1,1,1,1,11,1,5,1,4
SF,IH2003,2019-12-30 09:32:10.200,3023.4000,22871,-1,271328280.000,1,0,1,双平,S,3022.4000,3022.2000,3021.8000,3021.6000,3020.6000,3023.2000,3023.4000,3023.8000,3024.0000,3024.4000,1,1,1,1,3,1,4,12,2,4
SF,IH2003,2019-12-30 09:32:10.700,3023.4000,22871,0,271328280.000,0,-,-,-,-,3022.4000,3022.2000,3021.8000,3021.6000,3020.6000,3023.4000,3023.8000,3024.0000,3024.4000,3025.6000,1,1,1,1,3,4,9,2,4,4
SF,IH2003,2019-12-30 09:32:11.700,3023.4000,22871,0,271328280.000,0,-,-,-,-,3022.2000,3021.8000,3021.6000,3020.6000,3020.2000,3023.4000,3023.8000,3024.0000,3024.4000,3025.6000,1,1,1,3,1,4,9,2,4,4
SF,IH2003,2019-12-30 09:32:12.200,3023.4000,22871,0,271328280.000,0,-,-,-,-,3022.2000,3021.8000,3021.6000,3020.6000,3020.2000,3023.2000,3023.4000,3023.8000,3024.0000,3024.4000,1,1,1,3,1,5,4,8,1,4
SF,IH2003,2019-12-30 09:32:12.700,3023.4000,22871,0,271328280.000,0,-,-,-,-,3022.2000,3021.8000,3021.6000,3020.2000,3020.0000,3023.2000,3023.4000,3023.8000,3024.0000,3024.4000,1,1,1,1,4,5,4,8,1,5
SF,IH2003,2019-12-30 09:32:14.700,3022.2000,22870,-1,272234940.000,1,0,1,双平,S,3021.8000,3021.6000,3020.2000,3020.0000,3018.8000,3023.0000,3023.2000,3023.4000,3023.8000,3024.0000,1,1,1,4,1,1,4,4,8,1
SF,IH2003,2019-12-30 09:32:15.200,3022.2000,22870,0,272234940.000,0,-,-,-,-,3021.8000,3021.6000,3021.0000,3020.2000,3020.0000,3022.8000,3023.0000,3023.2000,3023.4000,3023.8000,2,1,1,1,4,2,1,4,4,8
SF,IH2003,2019-12-30 09:32:15.700,3022.2000,22870,0,272234940.000,0,-,-,-,-,3022.0000,3021.8000,3021.6000,3021.0000,3020.2000,3022.8000,3023.2000,3023.4000,3023.8000,3024.0000,5,2,1,1,1,3,3,4,1,1
SF,IH2003,2019-12-30 09:32:16.200,3022.2000,22870,0,272234940.000,0,-,-,-,-,3022.0000,3021.8000,3021.6000,3021.0000,3020.2000,3022.2000,3022.8000,3023.0000,3023.2000,3023.4000,5,2,1,1,1,1,3,4,2,4
SF,IH2003,2019-12-30 09:32:16.700,3022.2000,22869,-1,273141600.000,1,0,1,双平,S,3022.4000,3022.2000,3022.0000,3021.8000,3021.6000,3022.8000,3023.0000,3023.4000,3023.8000,3024.0000,2,2,2,2,1,1,4,3,1,1
SF,IH2003,2019-12-30 09:32:17.200,3022.2000,22869,0,273141600.000,0,-,-,-,-,3022.2000,3022.0000,3021.8000,3021.6000,3021.0000,3022.8000,3023.0000,3023.4000,3023.8000,3024.0000,2,2,2,1,1,2,4,3,1,1
SF,IH2003,2019-12-30 09:32:18.200,3022.2000,22869,0,273141600.000,0,-,-,-,-,3022.2000,3022.0000,3021.8000,3021.6000,3021.0000,3022.4000,3022.8000,3023.0000,3023.4000,3023.8000,2,2,2,1,1,2,2,4,3,1
SF,IH2003,2019-12-30 09:32:18.700,3022.4000,22869,0,274955040.000,2,1,1,多换,S,3022.6000,3022.4000,3022.2000,3022.0000,3021.8000,3022.8000,3023.0000,3023.4000,3023.8000,3024.0000,1,4,1,2,2,1,4,3,1,1
SF,IH2003,2019-12-30 09:32:19.200,3022.4000,22868,-1,275861760.000,1,0,1,双平,S,3022.4000,3022.2000,3022.0000,3021.8000,3021.6000,3022.8000,3023.0000,3023.4000,3023.8000,3024.0000,2,1,2,2,1,1,4,3,1,1
SF,IH2003,2019-12-30 09:32:20.200,3022.4000,22868,0,275861760.000,0,-,-,-,-,3022.4000,3022.2000,3022.0000,3021.8000,3021.6000,3022.8000,3023.0000,3023.4000,3023.8000,3024.0000,2,1,2,2,1,1,4,3,1,1
SF,IH2003,2019-12-30 09:32:20.700,3022.4000,22868,0,275861760.000,0,-,-,-,-,3022.4000,3022.2000,3022.0000,3021.8000,3021.6000,3022.8000,3023.0000,3023.4000,3023.8000,3024.0000,1,1,2,2,1,1,4,3,1,1
SF,IH2003,2019-12-30 09:32:21.200,3022.4000,22868,0,275861760.000,0,-,-,-,-,3022.4000,3022.2000,3022.0000,3021.8000,3021.6000,3022.6000,3022.8000,3023.0000,3023.4000,3023.8000,1,1,2,2,1,2,1,4,3,1
SF,IH2003,2019-12-30 09:32:21.700,3022.6000,22866,-2,277675320.000,2,0,2,双平,S,3022.6000,3022.4000,3022.2000,3022.0000,3021.8000,3022.8000,3023.0000,3023.4000,3023.8000,3024.0000,1,1,1,2,2,1,4,3,1,1
SF,IH2003,2019-12-30 09:32:22.200,3022.4000,22865,-1,278582040.000,1,0,1,双平,S,3022.2000,3022.0000,3021.8000,3021.6000,3021.0000,3022.8000,3023.0000,3023.4000,3023.8000,3024.0000,1,2,2,1,1,1,4,3,1,1
SF,IH2003,2019-12-30 09:32:22.700,3022.8000,22864,-1,279488880.000,1,0,1,双平,S,3022.2000,3022.0000,3021.8000,3021.6000,3021.0000,3023.0000,3023.4000,3023.8000,3024.0000,3024.4000,1,2,2,1,1,4,3,1,1,4
SF,IH2003,2019-12-30 09:32:23.700,3021.8000,22862,-2,283115160.000,4,1,3,多平,S,3021.6000,3021.0000,3020.2000,3020.0000,3018.8000,3021.8000,3022.8000,3023.0000,3023.4000,3023.8000,1,1,1,4,1,6,1,4,3,1
SF,IH2003,2019-12-30 09:32:24.200,3021.8000,22858,-4,288554400.000,6,1,5,多平,S,3021.8000,3021.6000,3021.0000,3020.2000,3020.0000,3022.8000,3023.0000,3023.8000,3024.0000,3024.4000,7,1,1,1,4,1,4,1,1,2
SF,IH2003,2019-12-30 09:32:24.700,3022.8000,22856,-2,290368080.000,2,0,2,双平,S,3021.8000,3021.6000,3021.0000,3020.2000,3020.0000,3023.0000,3023.8000,3024.0000,3024.4000,3025.6000,6,1,1,1,4,4,1,1,2,2
SF,IH2003,2019-12-30 09:32:25.200,3022.8000,22856,0,290368080.000,0,-,-,-,-,3021.8000,3021.6000,3021.0000,3020.2000,3020.0000,3022.8000,3023.0000,3023.8000,3024.0000,3024.4000,4,1,1,1,4,1,4,1,1,2
SF,IH2003,2019-12-30 09:32:25.700,3022.8000,22856,0,290368080.000,0,-,-,-,-,3021.8000,3021.6000,3021.0000,3020.2000,3020.0000,3022.6000,3022.8000,3023.0000,3023.8000,3024.0000,3,1,1,1,4,2,2,4,1,1
SF,IH2003,2019-12-30 09:32:26.200,3022.8000,22856,0,290368080.000,0,-,-,-,-,3021.8000,3021.6000,3021.0000,3020.2000,3020.0000,3022.4000,3022.6000,3022.8000,3023.0000,3023.8000,1,1,1,1,4,1,1,1,4,1
SF,IH2003,2019-12-30 09:32:28.200,3022.4000,22855,-1,291274800.000,1,0,1,双平,S,3021.8000,3021.6000,3021.0000,3020.2000,3020.0000,3022.6000,3022.8000,3023.0000,3023.8000,3024.0000,1,1,1,1,5,1,1,4,1,1
SF,IH2003,2019-12-30 09:32:28.700,3022.4000,22855,0,291274800.000,0,-,-,-,-,3021.8000,3021.6000,3021.0000,3020.2000,3020.0000,3022.6000,3022.8000,3023.0000,3023.8000,3024.0000,1,1,1,1,5,1,1,4,1,1
SF,IH2003,2019-12-30 09:32:32.700,3021.8000,22855,0,292181340.000,1,0,1,多换,S,3021.6000,3021.0000,3020.2000,3020.0000,3018.8000,3022.6000,3022.8000,3023.0000,3023.8000,3024.0000,1,1,1,5,1,1,1,4,1,1
SF,IH2003,2019-12-30 09:32:33.200,3021.8000,22855,0,292181340.000,0,-,-,-,-,3021.6000,3021.0000,3020.2000,3020.0000,3018.8000,3022.6000,3022.8000,3023.0000,3023.8000,3024.0000,1,1,1,5,1,1,1,4,1,1
SF,IH2003,2019-12-30 09:32:33.700,3021.8000,22855,0,292181340.000,0,-,-,-,-,3021.8000,3021.6000,3021.0000,3020.2000,3020.0000,3022.6000,3022.8000,3023.0000,3023.8000,3024.0000,2,1,1,1,5,1,1,4,1,1
SF,IH2003,2019-12-30 09:32:35.200,3021.8000,22855,0,292181340.000,0,-,-,-,-,3021.8000,3021.6000,3021.0000,3020.2000,3020.0000,3022.6000,3022.8000,3023.0000,3023.8000,3024.0000,2,1,1,2,5,1,1,4,1,1
SF,IH2003,2019-12-30 09:32:35.700,3021.8000,22855,0,292181340.000,0,-,-,-,-,3022.0000,3021.8000,3021.6000,3021.0000,3020.2000,3022.6000,3022.8000,3023.0000,3023.8000,3024.0000,1,2,1,1,2,1,1,4,1,1
SF,IH2003,2019-12-30 09:32:36.700,3021.8000,22855,0,292181340.000,0,-,-,-,-,3022.2000,3022.0000,3021.8000,3021.6000,3021.0000,3022.6000,3022.8000,3023.0000,3023.8000,3024.0000,2,1,2,1,1,1,1,4,1,1
SF,IH2003,2019-12-30 09:32:37.200,3022.2000,22853,-2,293994660.000,2,0,2,双平,S,3022.0000,3021.6000,3021.0000,3020.2000,3020.0000,3022.6000,3022.8000,3023.0000,3023.8000,3024.0000,1,1,1,2,5,1,1,4,1,1
SF,IH2003,2019-12-30 09:32:37.700,3022.2000,22853,0,293994660.000,0,-,-,-,-,3022.0000,3021.6000,3021.0000,3020.2000,3020.0000,3022.4000,3022.6000,3022.8000,3023.0000,3023.8000,1,1,1,2,5,1,1,1,4,1
SF,IH2003,2019-12-30 09:32:38.200,3022.0000,22852,-1,294901260.000,1,0,1,双平,S,3021.6000,3021.0000,3020.2000,3020.0000,3018.8000,3022.4000,3022.6000,3022.8000,3023.0000,3023.8000,1,1,2,5,1,1,1,1,4,1
SF,IH2003,2019-12-30 09:32:38.700,3021.6000,22851,-1,295807740.000,1,0,1,双平,S,3021.0000,3020.2000,3020.0000,3018.8000,3018.6000,3022.4000,3022.6000,3022.8000,3023.0000,3023.8000,1,2,5,1,1,1,1,1,4,1
SF,IH2003,2019-12-30 09:32:39.200,3021.6000,22851,0,295807740.000,0,-,-,-,-,3021.2000,3021.0000,3020.2000,3020.0000,3018.8000,3022.2000,3022.4000,3023.0000,3023.8000,3024.0000,2,1,2,5,1,1,1,4,1,1
SF,IH2003,2019-12-30 09:32:39.700,3021.6000,22851,0,295807740.000,0,-,-,-,-,3021.2000,3021.0000,3020.2000,3020.0000,3018.8000,3022.0000,3022.2000,3022.4000,3023.0000,3023.8000,2,2,2,5,1,4,1,1,4,1
SF,IH2003,2019-12-30 09:32:40.200,3022.0000,22850,-1,296714340.000,1,0,1,双平,S,3021.2000,3021.0000,3020.2000,3020.0000,3018.8000,3022.0000,3022.2000,3022.4000,3023.0000,3023.8000,2,2,2,5,1,3,1,1,4,1
SF,IH2003,2019-12-30 09:32:40.700,3021.2000,22848,-2,298527060.000,2,0,2,双平,S,3021.0000,3020.2000,3020.0000,3018.8000,3018.6000,3021.2000,3022.0000,3022.2000,3022.4000,3023.0000,2,2,5,1,1,2,4,1,1,4
SF,IH2003,2019-12-30 09:32:41.200,3022.0000,22846,-2,301246380.000,3,0,3,多平,S,3021.4000,3021.2000,3021.0000,3020.2000,3020.0000,3022.0000,3022.4000,3023.0000,3023.8000,3024.0000,1,2,3,2,5,3,1,4,1,1
SF,IH2003,2019-12-30 09:32:41.700,3021.2000,22846,0,303965520.000,3,1,2,多换,S,3021.0000,3020.2000,3020.0000,3018.8000,3018.6000,3022.0000,3022.4000,3023.0000,3023.8000,3024.0000,2,2,5,1,1,3,1,4,1,1
SF,IH2003,2019-12-30 09:32:42.200,3021.2000,22846,0,303965520.000,0,-,-,-,-,3021.2000,3021.0000,3020.2000,3020.0000,3018.8000,3022.0000,3022.4000,3023.0000,3023.8000,3024.0000,1,2,2,5,1,3,1,4,1,1
SF,IH2003,2019-12-30 09:32:43.200,3021.2000,22846,0,303965520.000,0,-,-,-,-,3021.4000,3021.2000,3021.0000,3020.2000,3020.0000,3022.0000,3022.4000,3023.0000,3023.8000,3024.0000,1,1,2,2,5,3,1,4,1,1
SF,IH2003,2019-12-30 09:32:44.200,3021.2000,22846,0,303965520.000,0,-,-,-,-,3021.6000,3021.4000,3021.2000,3021.0000,3020.2000,3022.0000,3022.4000,3023.0000,3023.8000,3024.0000,2,1,2,2,2,3,1,4,1,1
SF,IH2003,2019-12-30 09:32:44.700,3022.0000,22846,0,305778720.000,2,1,1,多换,S,3021.6000,3021.4000,3021.2000,3021.0000,3020.2000,3022.0000,3022.4000,3023.0000,3023.8000,3024.0000,2,1,2,2,2,1,1,4,1,1
SF,IH2003,2019-12-30 09:32:45.200,3022.0000,22846,0,306685320.000,1,0,1,多换,S,3022.2000,3021.6000,3021.4000,3021.2000,3021.0000,3022.4000,3023.0000,3023.8000,3024.0000,3025.6000,1,2,1,2,2,1,4,1,1,1
SF,IH2003,2019-12-30 09:32:45.700,3022.2000,22845,-1,307591980.000,1,0,1,双平,S,3021.6000,3021.4000,3021.2000,3021.0000,3020.2000,3022.6000,3023.0000,3023.8000,3024.0000,3025.6000,2,1,2,2,2,3,4,1,1,1
SF,IH2003,2019-12-30 09:32:46.200,3022.2000,22845,0,307591980.000,0,-,-,-,-,3021.8000,3021.6000,3021.4000,3021.2000,3021.0000,3022.4000,3023.0000,3023.8000,3024.0000,3025.6000,1,2,1,3,2,3,4,1,1,1
SF,IH2003,2019-12-30 09:32:46.700,3022.2000,22845,0,307591980.000,0,-,-,-,-,3021.8000,3021.6000,3021.4000,3021.2000,3021.0000,3022.4000,3023.0000,3023.8000,3024.0000,3025.6000,1,2,1,3,2,3,4,1,1,1
SF,IH2003,2019-12-30 09:32:47.200,3021.8000,22844,-1,308498520.000,1,0,1,双平,S,3021.6000,3021.4000,3021.2000,3021.0000,3020.2000,3022.4000,3023.0000,3023.8000,3024.0000,3025.6000,2,1,3,2,2,2,4,1,1,1
SF,IH2003,2019-12-30 09:32:47.700,3021.8000,22844,0,308498520.000,0,-,-,-,-,3021.6000,3021.2000,3021.0000,3020.2000,3020.0000,3022.4000,3023.0000,3023.8000,3024.0000,3025.6000,3,3,2,2,5,2,4,1,1,1
SF,IH2003,2019-12-30 09:32:48.700,3022.4000,22843,-1,309405240.000,1,0,1,双平,S,3021.6000,3021.2000,3021.0000,3020.2000,3020.0000,3023.0000,3023.8000,3024.0000,3025.6000,3027.0000,3,3,2,2,5,4,1,1,1,1
SF,IH2003,2019-12-30 09:32:49.200,3022.4000,22843,0,309405240.000,0,-,-,-,-,3022.4000,3021.6000,3021.2000,3021.0000,3020.2000,3022.8000,3023.0000,3023.8000,3024.0000,3025.6000,3,4,3,2,2,6,4,1,1,1
SF,IH2003,2019-12-30 09:32:49.700,3022.4000,22840,-3,312125400.000,3,0,3,双平,S,3021.6000,3021.2000,3021.0000,3020.2000,3020.0000,3022.6000,3022.8000,3023.0000,3023.8000,3024.0000,2,2,2,2,5,2,4,4,1,1
SF,IH2003,2019-12-30 09:32:50.200,3022.0000,22839,-1,313032000.000,1,0,1,双平,S,3022.0000,3021.8000,3021.6000,3021.2000,3021.0000,3023.0000,3023.8000,3024.0000,3025.6000,3027.0000,2,2,4,3,2,4,1,1,1,1
SF,IH2003,2019-12-30 09:32:50.700,3022.0000,22839,0,313032000.000,0,-,-,-,-,3022.2000,3022.0000,3021.6000,3021.2000,3021.0000,3022.8000,3023.0000,3023.8000,3024.0000,3025.6000,1,1,3,3,2,2,4,1,1,1
SF,IH2003,2019-12-30 09:32:51.200,3022.6000,22838,-1,313938780.000,1,0,1,双平,S,3022.2000,3021.6000,3021.2000,3021.0000,3020.2000,3022.8000,3023.0000,3023.8000,3024.0000,3025.6000,1,2,3,2,2,1,4,1,1,1
SF,IH2003,2019-12-30 09:32:52.200,3022.0000,22836,-2,315752040.000,2,0,2,双平,S,3021.6000,3021.2000,3021.0000,3020.2000,3020.0000,3022.8000,3023.0000,3023.8000,3024.0000,3025.6000,2,3,2,2,5,1,4,1,1,1
SF,IH2003,2019-12-30 09:32:52.700,3022.0000,22836,0,315752040.000,0,-,-,-,-,3021.8000,3021.6000,3021.2000,3021.0000,3020.2000,3022.2000,3022.8000,3023.0000,3023.8000,3024.0000,5,2,3,2,2,1,1,4,1,1
SF,IH2003,2019-12-30 09:32:53.200,3022.8000,22835,-1,317565540.000,2,0,2,多平,S,3022.2000,3021.8000,3021.6000,3021.2000,3021.0000,3023.0000,3023.8000,3024.0000,3025.6000,3027.0000,1,4,2,3,2,5,1,1,1,1
SF,IH2003,2019-12-30 09:32:53.700,3022.8000,22835,0,317565540.000,0,-,-,-,-,3021.6000,3021.2000,3021.0000,3020.2000,3020.0000,3022.2000,3023.0000,3023.8000,3024.0000,3025.6000,2,3,2,2,5,1,5,1,1,1
SF,IH2003,2019-12-30 09:32:54.200,3022.2000,22834,-1,318472200.000,1,0,1,双平,S,3021.8000,3021.6000,3021.2000,3021.0000,3020.2000,3023.0000,3023.8000,3024.0000,3025.6000,3027.0000,1,2,3,2,2,5,1,1,1,1
SF,IH2003,2019-12-30 09:32:54.700,3022.2000,22834,0,318472200.000,0,-,-,-,-,3021.6000,3021.2000,3021.0000,3020.2000,3020.0000,3022.8000,3023.0000,3023.8000,3024.0000,3025.6000,2,3,2,2,4,5,5,1,1,1
SF,IH2003,2019-12-30 09:32:55.200,3022.2000,22834,0,318472200.000,0,-,-,-,-,3022.0000,3021.6000,3021.2000,3021.0000,3020.2000,3022.8000,3023.0000,3023.8000,3024.0000,3025.6000,1,2,3,2,2,5,5,1,1,1
SF,IH2003,2019-12-30 09:32:55.700,3022.2000,22834,0,318472200.000,0,-,-,-,-,3022.0000,3021.6000,3021.2000,3021.0000,3020.2000,3022.6000,3022.8000,3023.0000,3023.8000,3024.0000,1,2,2,2,2,1,5,5,1,1
SF,IH2003,2019-12-30 09:32:56.200,3022.2000,22834,0,318472200.000,0,-,-,-,-,3022.0000,3021.6000,3021.2000,3021.0000,3020.2000,3022.6000,3022.8000,3023.0000,3023.8000,3024.0000,4,2,2,2,2,1,5,5,1,1
SF,IH2003,2019-12-30 09:32:57.200,3022.2000,22834,0,318472200.000,0,-,-,-,-,3022.0000,3021.6000,3021.2000,3021.0000,3020.2000,3022.6000,3022.8000,3023.0000,3023.8000,3024.0000,4,2,2,2,2,2,5,5,1,1
SF,IH2003,2019-12-30 09:32:57.700,3022.6000,22833,-1,319378980.000,1,0,1,双平,S,3022.0000,3021.6000,3021.2000,3021.0000,3020.2000,3022.6000,3022.8000,3023.0000,3023.8000,3024.0000,4,2,2,2,2,1,5,5,1,1
SF,IH2003,2019-12-30 09:32:58.200,3022.6000,22833,0,319378980.000,0,-,-,-,-,3022.0000,3021.6000,3021.2000,3021.0000,3020.2000,3022.6000,3022.8000,3023.0000,3023.8000,3024.0000,4,2,2,2,2,1,2,5,1,1
SF,IH2003,2019-12-30 09:32:58.700,3022.0000,22832,-1,320285580.000,1,0,1,双平,S,3022.0000,3021.6000,3021.2000,3021.0000,3020.2000,3022.6000,3022.8000,3023.0000,3023.8000,3024.0000,3,2,2,2,2,1,2,5,1,1
SF,IH2003,2019-12-30 09:32:59.700,3022.0000,22832,0,320285580.000,0,-,-,-,-,3022.0000,3021.6000,3021.2000,3021.0000,3020.2000,3022.6000,3022.8000,3023.0000,3023.8000,3024.0000,3,2,2,2,2,1,2,5,1,1
SF,IH2003,2019-12-30 09:33:00.200,3022.0000,22832,0,322098780.000,2,1,1,多换,S,3022.0000,3021.6000,3021.2000,3021.0000,3020.2000,3022.4000,3022.8000,3023.0000,3023.8000,3024.0000,1,2,2,2,2,1,1,5,1,1
SF,IH2003,2019-12-30 09:33:00.700,3022.0000,22832,0,323005380.000,1,0,1,多换,S,3021.6000,3021.2000,3021.0000,3020.2000,3020.0000,3022.4000,3023.0000,3023.8000,3024.0000,3025.6000,2,2,2,2,5,1,5,1,1,1
SF,IH2003,2019-12-30 09:33:01.200,3022.0000,22832,0,323005380.000,0,-,-,-,-,3021.6000,3021.2000,3021.0000,3020.2000,3020.0000,3022.4000,3023.0000,3023.8000,3024.0000,3025.6000,1,2,2,2,5,1,5,1,1,1
SF,IH2003,2019-12-30 09:33:02.700,3021.6000,22832,0,323911860.000,1,0,1,多换,S,3021.2000,3021.0000,3020.2000,3020.0000,3018.8000,3022.4000,3023.0000,3023.8000,3024.0000,3025.6000,2,2,2,5,1,2,5,1,1,1
SF,IH2003,2019-12-30 09:33:03.200,3021.6000,22832,0,323911860.000,0,-,-,-,-,3021.2000,3021.0000,3020.2000,3020.0000,3018.8000,3022.2000,3022.4000,3023.0000,3023.8000,3024.0000,2,2,2,4,1,3,2,5,1,1
SF,IH2003,2019-12-30 09:33:03.700,3022.2000,22832,0,325725120.000,2,1,1,多换,S,3021.2000,3021.0000,3020.2000,3020.0000,3018.8000,3022.2000,3022.4000,3023.0000,3023.8000,3024.0000,2,2,2,4,1,2,1,5,1,1
SF,IH2003,2019-12-30 09:33:04.200,3022.2000,22832,0,325725120.000,0,-,-,-,-,3021.2000,3021.0000,3020.2000,3020.0000,3018.8000,3022.4000,3023.0000,3023.8000,3024.0000,3025.6000,2,2,2,4,1,1,4,1,1,1
SF,IH2003,2019-12-30 09:33:04.700,3021.2000,22830,-2,327538140.000,2,0,2,双平,S,3021.2000,3021.0000,3020.2000,3020.0000,3018.8000,3022.4000,3022.8000,3023.0000,3023.8000,3024.0000,1,2,2,4,1,1,1,4,1,1
SF,IH2003,2019-12-30 09:33:05.200,3021.2000,22830,0,327538140.000,0,-,-,-,-,3021.2000,3021.0000,3020.2000,3020.0000,3018.8000,3022.2000,3022.4000,3022.8000,3023.0000,3023.8000,1,2,2,4,1,1,1,1,4,1
SF,IH2003,2019-12-30 09:33:06.200,3021.2000,22830,0,327538140.000,0,-,-,-,-,3021.2000,3021.0000,3020.2000,3020.0000,3018.8000,3022.0000,3022.4000,3022.8000,3023.0000,3023.8000,1,2,2,4,1,3,1,1,4,1
SF,IH2003,2019-12-30 09:33:06.700,3021.2000,22830,0,327538140.000,0,-,-,-,-,3021.4000,3021.2000,3021.0000,3020.2000,3020.0000,3022.4000,3022.8000,3023.0000,3023.8000,3024.0000,1,1,2,2,4,1,1,4,1,1
SF,IH2003,2019-12-30 09:33:07.700,3021.2000,22830,0,327538140.000,0,-,-,-,-,3021.4000,3021.2000,3021.0000,3020.2000,3020.0000,3022.4000,3022.8000,3023.0000,3023.8000,3024.0000,1,1,2,2,4,1,1,4,1,1
SF,IH2003,2019-12-30 09:33:09.700,3021.4000,22830,0,328444560.000,1,0,1,多换,S,3021.2000,3021.0000,3020.2000,3020.0000,3018.8000,3022.4000,3022.8000,3023.0000,3023.8000,3024.0000,1,2,2,4,1,1,1,4,1,1
SF,IH2003,2019-12-30 09:33:10.200,3021.4000,22830,0,328444560.000,0,-,-,-,-,3021.2000,3021.0000,3020.2000,3020.0000,3018.8000,3022.2000,3022.4000,3022.8000,3023.0000,3023.8000,1,2,2,4,1,2,1,1,4,1
SF,IH2003,2019-12-30 09:33:11.200,3021.4000,22830,0,328444560.000,0,-,-,-,-,3021.2000,3021.0000,3020.2000,3020.0000,3018.8000,3022.2000,3022.4000,3022.8000,3023.0000,3023.8000,1,2,2,4,1,1,1,1,4,1
SF,IH2003,2019-12-30 09:33:12.200,3022.2000,22830,0,329351220.000,1,0,1,多换,S,3021.2000,3021.0000,3020.2000,3020.0000,3018.8000,3022.4000,3022.8000,3023.0000,3023.8000,3024.0000,1,2,2,4,1,1,1,4,1,1
SF,IH2003,2019-12-30 09:33:12.700,3022.2000,22830,0,329351220.000,0,-,-,-,-,3021.4000,3021.2000,3021.0000,3020.2000,3020.0000,3022.2000,3022.4000,3022.8000,3023.0000,3023.8000,1,1,2,2,4,1,1,1,4,1
SF,IH2003,2019-12-30 09:33:13.700,3021.4000,22830,0,330257640.000,1,0,1,多换,S,3021.2000,3021.0000,3020.2000,3020.0000,3018.8000,3021.4000,3021.8000,3022.0000,3022.2000,3022.8000,1,2,2,4,1,3,7,4,2,1
SF,IH2003,2019-12-30 09:33:14.200,3021.2000,22829,-1,331164000.000,1,0,1,双平,S,3021.0000,3020.2000,3020.0000,3018.8000,3018.6000,3021.2000,3021.4000,3022.0000,3022.2000,3022.8000,3,2,4,1,1,2,3,4,2,1
SF,IH2003,2019-12-30 09:33:14.700,3021.2000,22829,0,331164000.000,0,-,-,-,-,3021.2000,3021.0000,3020.2000,3020.0000,3018.8000,3021.4000,3022.0000,3022.2000,3022.8000,3023.0000,1,3,2,4,1,2,4,1,1,4
SF,IH2003,2019-12-30 09:33:15.200,3021.2000,22829,0,331164000.000,0,-,-,-,-,3021.4000,3021.0000,3020.2000,3020.0000,3018.8000,3022.0000,3022.2000,3022.8000,3023.0000,3024.0000,3,3,2,4,1,4,1,1,4,1
SF,IH2003,2019-12-30 09:33:15.700,3021.2000,22829,0,331164000.000,0,-,-,-,-,3021.4000,3021.0000,3020.2000,3020.0000,3018.8000,3022.0000,3022.2000,3022.8000,3023.0000,3024.0000,3,3,2,4,1,2,1,1,4,1
SF,IH2003,2019-12-30 09:33:16.200,3021.2000,22829,0,331164000.000,0,-,-,-,-,3021.4000,3021.0000,3020.2000,3020.0000,3018.8000,3021.8000,3022.0000,3022.2000,3022.8000,3023.0000,3,3,2,4,1,1,3,1,1,4
SF,IH2003,2019-12-30 09:33:16.700,3021.2000,22829,0,331164000.000,0,-,-,-,-,3021.4000,3021.0000,3020.2000,3020.0000,3018.8000,3022.0000,3022.2000,3022.8000,3023.0000,3024.0000,3,3,2,4,1,1,1,1,4,1
SF,IH2003,2019-12-30 09:33:17.200,3021.2000,22829,0,331164000.000,0,-,-,-,-,3021.4000,3021.0000,3020.2000,3020.0000,3018.8000,3022.0000,3022.2000,3022.8000,3023.0000,3024.0000,3,3,2,4,1,2,1,1,4,1
SF,IH2003,2019-12-30 09:33:17.700,3021.2000,22829,0,331164000.000,0,-,-,-,-,3021.4000,3021.0000,3020.2000,3020.0000,3018.8000,3021.8000,3022.0000,3022.2000,3022.8000,3023.0000,3,3,2,4,1,1,2,1,1,4
SF,IH2003,2019-12-30 09:33:18.200,3021.2000,22829,0,331164000.000,0,-,-,-,-,3021.4000,3021.0000,3020.2000,3020.0000,3018.8000,3021.8000,3022.0000,3022.2000,3022.8000,3023.0000,3,3,2,4,1,1,2,1,1,4
SF,IH2003,2019-12-30 09:33:19.200,3021.8000,22829,0,332070540.000,1,0,1,多换,S,3021.4000,3021.0000,3020.2000,3020.0000,3018.8000,3022.0000,3022.2000,3022.8000,3023.0000,3024.0000,3,3,2,4,1,2,1,1,4,1
SF,IH2003,2019-12-30 09:33:19.700,3021.8000,22828,-1,332977080.000,1,0,1,双平,S,3021.4000,3021.0000,3020.2000,3020.0000,3018.8000,3022.0000,3022.2000,3022.8000,3023.0000,3024.0000,3,3,2,4,1,2,1,1,4,1
SF,IH2003,2019-12-30 09:33:21.700,3021.8000,22828,0,332977080.000,0,-,-,-,-,3021.6000,3021.4000,3021.0000,3020.2000,3020.0000,3022.0000,3022.2000,3022.8000,3023.0000,3024.0000,5,3,3,2,4,2,1,1,4,1
SF,IH2003,2019-12-30 09:33:22.200,3021.8000,22828,0,332977080.000,0,-,-,-,-,3021.6000,3021.4000,3021.0000,3020.2000,3020.0000,3022.0000,3022.2000,3022.8000,3023.0000,3024.0000,5,3,3,2,4,1,1,1,4,1
SF,IH2003,2019-12-30 09:33:22.700,3022.0000,22828,0,333883680.000,1,0,1,多换,S,3022.0000,3021.8000,3021.6000,3021.4000,3021.0000,3022.2000,3022.8000,3023.0000,3024.0000,3025.6000,1,1,5,3,3,1,1,4,1,1
SF,IH2003,2019-12-30 09:33:23.200,3022.2000,22827,-1,336603540.000,3,1,2,多平,S,3022.2000,3021.8000,3021.6000,3021.4000,3021.0000,3022.8000,3023.0000,3024.0000,3025.6000,3027.0000,3,1,5,3,3,1,4,1,1,1
SF,IH2003,2019-12-30 09:33:23.700,3022.2000,22827,0,336603540.000,0,-,-,-,-,3022.2000,3021.8000,3021.6000,3021.4000,3021.0000,3022.8000,3023.0000,3024.0000,3025.6000,3027.0000,3,1,5,3,4,2,4,1,1,1
SF,IH2003,2019-12-30 09:33:24.200,3022.2000,22827,0,336603540.000,0,-,-,-,-,3021.8000,3021.6000,3021.4000,3021.0000,3020.2000,3022.8000,3023.0000,3024.0000,3025.6000,3027.0000,1,5,3,4,2,2,4,1,1,1
SF,IH2003,2019-12-30 09:33:24.700,3022.2000,22827,0,336603540.000,0,-,-,-,-,3022.0000,3021.8000,3021.6000,3021.4000,3021.0000,3022.8000,3023.0000,3024.0000,3025.6000,3027.0000,1,2,5,3,4,2,4,1,1,1
SF,IH2003,2019-12-30 09:33:25.200,3022.2000,22827,0,336603540.000,0,-,-,-,-,3022.0000,3021.8000,3021.6000,3021.4000,3021.0000,3022.8000,3023.0000,3024.0000,3025.6000,3027.0000,1,2,5,3,4,1,4,1,1,1
SF,IH2003,2019-12-30 09:33:25.700,3022.2000,22827,0,336603540.000,0,-,-,-,-,3022.0000,3021.8000,3021.6000,3021.4000,3021.0000,3022.8000,3023.0000,3024.0000,3025.6000,3027.0000,1,2,5,3,4,1,4,1,1,1
SF,IH2003,2019-12-30 09:33:26.200,3022.2000,22827,0,336603540.000,0,-,-,-,-,3022.2000,3022.0000,3021.8000,3021.6000,3021.4000,3022.8000,3023.0000,3024.0000,3025.6000,3027.0000,1,2,2,5,3,1,4,1,1,1
SF,IH2003,2019-12-30 09:33:26.700,3022.2000,22827,0,336603540.000,0,-,-,-,-,3022.2000,3022.0000,3021.8000,3021.6000,3021.4000,3022.8000,3023.0000,3024.0000,3025.6000,3027.0000,1,1,2,5,3,1,4,1,1,1
SF,IH2003,2019-12-30 09:33:27.200,3022.2000,22827,0,336603540.000,0,-,-,-,-,3022.0000,3021.8000,3021.6000,3021.4000,3021.0000,3022.8000,3023.0000,3024.0000,3025.6000,3027.0000,1,2,5,3,4,1,4,1,1,1
SF,IH2003,2019-12-30 09:33:27.700,3022.2000,22827,0,336603540.000,0,-,-,-,-,3022.0000,3021.8000,3021.6000,3021.4000,3021.0000,3022.8000,3023.0000,3024.0000,3025.6000,3027.0000,1,2,5,3,4,1,4,1,1,1
SF,IH2003,2019-12-30 09:33:28.200,3022.2000,22827,0,336603540.000,0,-,-,-,-,3022.0000,3021.8000,3021.6000,3021.4000,3021.0000,3022.8000,3023.0000,3024.0000,3025.6000,3027.0000,1,2,5,3,4,1,4,1,1,1
SF,IH2003,2019-12-30 09:33:28.700,3022.2000,22827,0,336603540.000,0,-,-,-,-,3022.2000,3022.0000,3021.8000,3021.6000,3021.4000,3022.8000,3023.0000,3024.0000,3025.6000,3027.0000,1,1,2,5,3,1,4,1,1,1
SF,IH2003,2019-12-30 09:33:29.200,3022.8000,22826,-1,337510380.000,1,0,1,双平,S,3022.2000,3022.0000,3021.8000,3021.6000,3021.4000,3023.0000,3024.0000,3025.6000,3027.0000,3028.0000,1,1,2,5,3,4,1,1,1,1
SF,IH2003,2019-12-30 09:33:29.700,3022.8000,22826,0,337510380.000,0,-,-,-,-,3022.2000,3022.0000,3021.8000,3021.6000,3021.4000,3023.0000,3024.0000,3025.6000,3027.0000,3028.0000,1,1,2,5,3,4,1,1,1,1
SF,IH2003,2019-12-30 09:33:30.200,3022.8000,22826,0,337510380.000,0,-,-,-,-,3022.2000,3022.0000,3021.8000,3021.6000,3021.4000,3023.0000,3024.0000,3025.6000,3027.0000,3028.0000,1,1,2,5,3,4,1,1,1,1
SF,IH2003,2019-12-30 09:33:30.700,3022.8000,22826,0,337510380.000,0,-,-,-,-,3022.6000,3022.2000,3022.0000,3021.8000,3021.6000,3023.0000,3024.0000,3025.6000,3027.0000,3028.0000,1,2,1,1,5,4,1,1,1,1
SF,IH2003,2019-12-30 09:33:31.200,3022.8000,22826,0,337510380.000,0,-,-,-,-,3022.6000,3022.2000,3022.0000,3021.8000,3021.6000,3023.0000,3024.0000,3025.6000,3027.0000,3028.0000,1,2,1,1,6,4,1,1,1,1
SF,IH2003,2019-12-30 09:33:31.700,3023.0000,22825,-1,338417280.000,1,0,1,双平,S,3022.6000,3022.2000,3022.0000,3021.8000,3021.6000,3023.0000,3024.0000,3025.6000,3027.0000,3028.0000,1,1,1,1,6,3,1,1,1,1
SF,IH2003,2019-12-30 09:33:32.700,3022.6000,22825,0,339324060.000,1,0,1,多换,S,3022.2000,3022.0000,3021.8000,3021.6000,3021.4000,3023.0000,3024.0000,3025.6000,3027.0000,3028.0000,1,1,1,6,3,3,1,1,1,1
SF,IH2003,2019-12-30 09:33:33.200,3022.6000,22825,0,339324060.000,0,-,-,-,-,3022.0000,3021.8000,3021.6000,3021.4000,3021.0000,3023.0000,3024.0000,3025.6000,3027.0000,3028.0000,1,1,6,3,4,3,1,1,1,1
SF,IH2003,2019-12-30 09:33:33.700,3022.6000,22825,0,339324060.000,0,-,-,-,-,3022.2000,3022.0000,3021.8000,3021.6000,3021.4000,3023.0000,3024.0000,3025.6000,3027.0000,3028.0000,1,1,1,6,3,3,1,1,1,1
SF,IH2003,2019-12-30 09:33:34.200,3023.0000,22822,-3,342044760.000,3,0,3,双平,S,3023.0000,3022.2000,3022.0000,3021.8000,3021.6000,3024.0000,3025.6000,3027.0000,3028.0000,3028.4000,7,1,1,1,6,1,1,1,1,1
SF,IH2003,2019-12-30 09:33:34.700,3023.0000,22821,-1,342951660.000,1,0,1,双平,S,3023.0000,3022.0000,3021.6000,3021.4000,3021.0000,3023.8000,3024.0000,3025.6000,3027.0000,3028.0000,6,1,6,3,4,7,3,1,1,1
SF,IH2003,2019-12-30 09:33:35.700,3023.0000,22821,0,342951660.000,0,-,-,-,-,3023.0000,3022.0000,3021.6000,3021.4000,3021.0000,3023.8000,3024.0000,3025.6000,3027.0000,3028.0000,6,1,6,3,4,8,3,1,1,1
SF,IH2003,2019-12-30 09:33:36.700,3023.0000,22818,-3,345672360.000,3,0,3,双平,S,3023.0000,3022.0000,3021.6000,3021.4000,3021.0000,3023.8000,3024.0000,3025.6000,3027.0000,3028.0000,3,1,6,3,4,8,3,1,1,1
SF,IH2003,2019-12-30 09:33:37.200,3023.0000,22815,-3,348393060.000,3,0,3,双平,S,3022.0000,3021.6000,3021.4000,3021.0000,3020.2000,3023.6000,3023.8000,3024.0000,3025.6000,3027.0000,1,6,3,4,2,7,8,3,1,1
SF,IH2003,2019-12-30 09:33:37.700,3023.0000,22815,0,348393060.000,0,-,-,-,-,3023.0000,3021.6000,3021.4000,3021.0000,3020.2000,3023.4000,3023.6000,3023.8000,3024.0000,3025.6000,1,6,3,4,2,8,7,6,3,1
SF,IH2003,2019-12-30 09:33:38.200,3023.0000,22815,0,349299960.000,1,0,1,多换,S,3021.6000,3021.4000,3021.0000,3020.2000,3020.0000,3023.0000,3023.2000,3023.4000,3023.8000,3024.0000,6,3,4,2,4,4,1,8,6,3
SF,IH2003,2019-12-30 09:33:38.700,3023.0000,22815,0,349299960.000,0,-,-,-,-,3021.8000,3021.6000,3021.4000,3021.0000,3020.2000,3023.0000,3023.4000,3023.8000,3024.0000,3025.6000,4,7,3,4,2,2,5,5,2,1
SF,IH2003,2019-12-30 09:33:39.700,3023.0000,22815,0,349299960.000,0,-,-,-,-,3022.0000,3021.8000,3021.6000,3021.4000,3021.0000,3023.0000,3023.4000,3023.8000,3024.0000,3025.6000,2,2,7,3,4,2,5,5,2,1
SF,IH2003,2019-12-30 09:33:40.700,3023.0000,22815,0,349299960.000,0,-,-,-,-,3021.8000,3021.6000,3021.4000,3021.0000,3020.2000,3023.0000,3023.4000,3023.8000,3024.0000,3025.6000,2,7,3,4,2,2,5,5,2,1
SF,IH2003,2019-12-30 09:33:41.200,3023.0000,22815,0,350206860.000,1,0,1,多换,S,3022.0000,3021.8000,3021.6000,3021.4000,3021.0000,3023.0000,3023.4000,3023.8000,3024.0000,3025.6000,3,2,7,3,4,1,5,5,2,1
SF,IH2003,2019-12-30 09:33:41.700,3023.0000,22815,0,350206860.000,0,-,-,-,-,3022.2000,3022.0000,3021.8000,3021.6000,3021.4000,3023.0000,3023.4000,3023.8000,3024.0000,3025.6000,1,3,1,7,3,1,5,5,2,1
SF,IH2003,2019-12-30 09:33:42.200,3023.4000,22814,-1,352020780.000,2,0,2,多平,S,3022.0000,3021.8000,3021.6000,3021.4000,3021.0000,3023.4000,3023.8000,3024.0000,3025.6000,3027.0000,1,1,7,3,4,4,5,2,1,1
SF,IH2003,2019-12-30 09:33:42.700,3023.4000,22814,0,352020780.000,0,-,-,-,-,3022.2000,3022.0000,3021.8000,3021.6000,3021.4000,3023.4000,3023.8000,3024.0000,3025.6000,3027.0000,3,1,1,7,3,4,5,2,1,1
SF,IH2003,2019-12-30 09:33:43.700,3023.4000,22814,0,352020780.000,0,-,-,-,-,3022.2000,3022.0000,3021.8000,3021.6000,3021.4000,3023.2000,3023.4000,3023.8000,3024.0000,3025.6000,3,1,1,7,3,2,4,5,2,1
SF,IH2003,2019-12-30 09:33:44.200,3023.4000,22814,0,352020780.000,0,-,-,-,-,3022.2000,3022.0000,3021.8000,3021.6000,3021.4000,3023.2000,3023.4000,3023.8000,3024.0000,3025.6000,1,1,1,7,3,2,4,5,2,1
SF,IH2003,2019-12-30 09:33:44.700,3023.4000,22814,0,352020780.000,0,-,-,-,-,3022.0000,3021.8000,3021.6000,3021.4000,3021.0000,3023.4000,3023.8000,3024.0000,3025.6000,3027.0000,1,1,7,3,3,4,5,2,1,1
SF,IH2003,2019-12-30 09:33:45.200,3023.4000,22814,0,352020780.000,0,-,-,-,-,3022.2000,3022.0000,3021.8000,3021.6000,3021.4000,3023.4000,3023.8000,3024.0000,3025.6000,3027.0000,3,1,1,7,3,4,5,2,1,1
SF,IH2003,2019-12-30 09:33:46.200,3023.4000,22813,-1,352927800.000,1,0,1,双平,S,3022.2000,3022.0000,3021.8000,3021.6000,3021.4000,3023.2000,3023.4000,3023.8000,3024.0000,3025.6000,3,1,1,7,3,1,4,5,2,1
SF,IH2003,2019-12-30 09:33:46.700,3023.4000,22813,0,352927800.000,0,-,-,-,-,3022.2000,3022.0000,3021.8000,3021.6000,3021.4000,3023.0000,3023.2000,3023.4000,3023.8000,3024.0000,3,1,1,7,3,1,1,4,5,2
SF,IH2003,2019-12-30 09:33:47.200,3023.0000,22813,0,353834700.000,1,0,1,多换,S,3023.0000,3022.2000,3022.0000,3021.8000,3021.6000,3023.4000,3023.8000,3024.0000,3025.6000,3027.0000,1,3,1,1,7,4,5,2,1,1
SF,IH2003,2019-12-30 09:33:48.200,3023.0000,22812,-1,354741600.000,1,0,1,双平,S,3022.2000,3022.0000,3021.8000,3021.6000,3021.4000,3023.4000,3023.8000,3024.0000,3025.6000,3027.0000,1,1,1,7,3,2,5,2,1,1
SF,IH2003,2019-12-30 09:33:48.700,3023.0000,22812,0,354741600.000,0,-,-,-,-,3022.4000,3022.2000,3022.0000,3021.8000,3021.6000,3023.4000,3023.8000,3024.0000,3025.6000,3027.0000,4,2,1,1,7,2,5,2,1,1
SF,IH2003,2019-12-30 09:33:49.200,3023.0000,22812,0,354741600.000,0,-,-,-,-,3022.4000,3022.2000,3022.0000,3021.8000,3021.6000,3023.4000,3023.8000,3024.0000,3025.6000,3027.0000,4,2,1,1,7,2,5,2,1,1
SF,IH2003,2019-12-30 09:33:49.700,3023.0000,22812,0,354741600.000,0,-,-,-,-,3022.4000,3022.2000,3022.0000,3021.8000,3021.6000,3023.4000,3023.8000,3024.0000,3025.6000,3027.0000,4,2,1,1,7,2,5,2,1,1
SF,IH2003,2019-12-30 09:33:50.200,3023.0000,22812,0,354741600.000,0,-,-,-,-,3022.4000,3022.2000,3022.0000,3021.8000,3021.6000,3023.4000,3023.8000,3024.0000,3025.6000,3027.0000,4,2,1,1,7,2,5,2,1,1
SF,IH2003,2019-12-30 09:33:50.700,3023.0000,22812,0,354741600.000,0,-,-,-,-,3022.4000,3022.2000,3022.0000,3021.8000,3021.6000,3023.4000,3023.8000,3024.0000,3025.6000,3027.0000,4,2,1,1,7,2,5,2,1,1
SF,IH2003,2019-12-30 09:33:51.200,3023.0000,22812,0,354741600.000,0,-,-,-,-,3022.4000,3022.2000,3022.0000,3021.8000,3021.6000,3023.4000,3023.8000,3024.0000,3025.6000,3027.0000,4,1,1,1,7,2,5,2,1,1
SF,IH2003,2019-12-30 09:33:51.700,3023.0000,22812,0,354741600.000,0,-,-,-,-,3022.2000,3022.0000,3021.8000,3021.6000,3021.4000,3023.2000,3023.4000,3023.8000,3024.0000,3025.6000,1,1,1,7,3,2,2,5,2,1
SF,IH2003,2019-12-30 09:33:52.200,3023.0000,22812,0,354741600.000,0,-,-,-,-,3022.0000,3021.8000,3021.6000,3021.4000,3021.0000,3023.2000,3023.4000,3023.8000,3024.0000,3025.6000,1,1,7,3,3,2,2,5,2,1
SF,IH2003,2019-12-30 09:33:52.700,3023.0000,22812,0,354741600.000,0,-,-,-,-,3022.0000,3021.8000,3021.6000,3021.4000,3021.0000,3023.0000,3023.2000,3023.4000,3023.8000,3024.0000,1,1,7,3,3,1,2,2,5,2
SF,IH2003,2019-12-30 09:33:53.700,3023.0000,22812,0,354741600.000,0,-,-,-,-,3022.0000,3021.8000,3021.6000,3021.4000,3021.0000,3023.2000,3023.4000,3023.8000,3024.0000,3025.6000,1,1,7,3,3,2,2,5,2,1
SF,IH2003,2019-12-30 09:33:54.200,3023.0000,22812,0,354741600.000,0,-,-,-,-,3022.2000,3022.0000,3021.8000,3021.6000,3021.4000,3023.4000,3023.8000,3024.0000,3025.6000,3027.0000,5,2,1,7,3,3,5,2,1,1
SF,IH2003,2019-12-30 09:33:55.200,3023.0000,22812,0,354741600.000,0,-,-,-,-,3022.4000,3022.2000,3022.0000,3021.8000,3021.6000,3023.4000,3023.8000,3024.0000,3025.6000,3027.0000,3,5,2,1,7,3,5,2,1,1
SF,IH2003,2019-12-30 09:33:55.700,3023.0000,22812,0,354741600.000,0,-,-,-,-,3022.4000,3022.2000,3022.0000,3021.8000,3021.6000,3023.4000,3023.8000,3024.0000,3025.6000,3027.0000,3,5,1,1,7,3,5,2,1,1
SF,IH2003,2019-12-30 09:33:57.700,3023.0000,22812,0,354741600.000,0,-,-,-,-,3022.4000,3022.2000,3022.0000,3021.8000,3021.6000,3023.4000,3023.8000,3024.0000,3025.6000,3027.0000,4,5,2,1,7,3,5,2,1,1
SF,IH2003,2019-12-30 09:33:58.200,3023.0000,22812,0,354741600.000,0,-,-,-,-,3022.4000,3022.2000,3022.0000,3021.8000,3021.6000,3023.4000,3023.8000,3024.0000,3025.6000,3027.0000,4,5,2,1,7,3,5,2,1,1
SF,IH2003,2019-12-30 09:33:59.700,3023.0000,22812,0,354741600.000,0,-,-,-,-,3022.6000,3022.4000,3022.2000,3022.0000,3021.8000,3023.4000,3023.8000,3024.0000,3025.6000,3027.0000,10,4,5,2,1,3,5,2,1,1
SF,IH2003,2019-12-30 09:34:00.200,3023.0000,22812,0,354741600.000,0,-,-,-,-,3022.8000,3022.6000,3022.4000,3022.2000,3022.0000,3023.4000,3023.8000,3024.0000,3025.6000,3027.0000,1,10,4,1,2,3,5,2,1,1
SF,IH2003,2019-12-30 09:34:01.200,3023.0000,22812,0,354741600.000,0,-,-,-,-,3022.8000,3022.6000,3022.4000,3022.2000,3022.0000,3023.4000,3023.8000,3024.0000,3025.6000,3027.0000,2,10,4,1,2,3,5,2,1,1
SF,IH2003,2019-12-30 09:34:01.700,3023.0000,22812,0,354741600.000,0,-,-,-,-,3022.8000,3022.6000,3022.4000,3022.2000,3022.0000,3023.4000,3023.8000,3024.0000,3025.6000,3027.0000,2,10,4,1,2,4,5,2,1,1
SF,IH2003,2019-12-30 09:34:03.700,3023.0000,22812,0,354741600.000,0,-,-,-,-,3022.8000,3022.6000,3022.4000,3022.2000,3022.0000,3023.4000,3023.8000,3024.0000,3025.6000,3027.0000,2,10,4,1,1,4,5,2,1,1
SF,IH2003,2019-12-30 09:34:04.200,3023.0000,22812,0,354741600.000,0,-,-,-,-,3022.8000,3022.6000,3022.4000,3022.2000,3022.0000,3023.4000,3023.8000,3024.0000,3025.6000,3027.0000,2,12,4,1,1,4,5,2,1,1
SF,IH2003,2019-12-30 09:34:04.700,3023.0000,22812,0,354741600.000,0,-,-,-,-,3022.8000,3022.6000,3022.4000,3022.2000,3022.0000,3023.4000,3023.8000,3024.0000,3025.6000,3027.0000,2,12,1,1,1,4,5,2,1,1
SF,IH2003,2019-12-30 09:34:05.200,3023.0000,22812,0,354741600.000,0,-,-,-,-,3022.8000,3022.6000,3022.4000,3022.2000,3022.0000,3023.4000,3023.8000,3024.0000,3025.6000,3027.0000,1,12,1,1,1,4,5,2,1,1
SF,IH2003,2019-12-30 09:34:06.700,3023.0000,22812,0,354741600.000,0,-,-,-,-,3022.8000,3022.6000,3022.4000,3022.2000,3022.0000,3023.2000,3023.4000,3023.8000,3024.0000,3025.6000,1,12,1,1,1,2,4,5,2,1
SF,IH2003,2019-12-30 09:34:07.200,3022.8000,22812,0,355648440.000,1,0,1,多换,S,3022.6000,3022.4000,3022.2000,3022.0000,3021.8000,3023.2000,3023.4000,3023.8000,3024.0000,3025.6000,12,1,1,1,1,3,3,5,2,1
SF,IH2003,2019-12-30 09:34:07.700,3022.6000,22812,0,356555220.000,1,0,1,多换,S,3022.8000,3022.6000,3022.4000,3022.2000,3022.0000,3023.2000,3023.4000,3023.8000,3024.0000,3025.6000,1,11,1,1,1,1,3,5,2,1
SF,IH2003,2019-12-30 09:34:10.200,3022.6000,22812,0,356555220.000,0,-,-,-,-,3022.8000,3022.6000,3022.4000,3022.2000,3021.8000,3023.2000,3023.4000,3023.8000,3024.0000,3025.6000,1,11,1,1,1,1,3,5,2,1
SF,IH2003,2019-12-30 09:34:10.700,3022.6000,22812,0,356555220.000,0,-,-,-,-,3022.8000,3022.6000,3022.4000,3022.2000,3021.8000,3023.2000,3023.4000,3023.8000,3024.0000,3025.6000,1,11,1,1,2,1,3,5,2,1
SF,IH2003,2019-12-30 09:34:12.700,3022.6000,22812,0,356555220.000,0,-,-,-,-,3022.8000,3022.6000,3022.4000,3022.2000,3021.8000,3023.2000,3023.4000,3023.8000,3024.0000,3025.6000,1,11,1,1,2,1,3,5,2,1
SF,IH2003,2019-12-30 09:34:14.200,3023.2000,22812,0,357462180.000,1,0,1,多换,S,3022.8000,3022.6000,3022.4000,3022.2000,3021.8000,3023.0000,3023.4000,3023.8000,3024.0000,3025.6000,1,11,1,1,2,1,3,5,2,1
SF,IH2003,2019-12-30 09:34:14.700,3023.0000,22811,-1,358369080.000,1,0,1,双平,S,3023.0000,3022.8000,3022.6000,3022.4000,3022.2000,3023.4000,3023.8000,3024.0000,3025.6000,3027.0000,3,1,11,1,1,3,5,2,1,1
SF,IH2003,2019-12-30 09:34:15.200,3023.0000,22811,0,358369080.000,0,-,-,-,-,3023.0000,3022.8000,3022.6000,3022.4000,3022.2000,3023.4000,3023.8000,3024.0000,3025.6000,3027.0000,1,1,11,1,1,3,5,2,1,1
SF,IH2003,2019-12-30 09:34:15.700,3023.0000,22810,-1,359275980.000,1,0,1,双平,S,3023.0000,3022.8000,3022.6000,3022.4000,3022.2000,3023.4000,3023.8000,3024.0000,3025.6000,3027.0000,1,1,11,1,1,3,5,2,1,1
SF,IH2003,2019-12-30 09:34:16.200,3023.0000,22810,0,359275980.000,0,-,-,-,-,3023.0000,3022.8000,3022.6000,3022.4000,3022.2000,3023.4000,3023.8000,3024.0000,3025.6000,3027.0000,1,1,11,1,1,3,5,2,1,1
SF,IH2003,2019-12-30 09:34:18.200,3023.0000,22810,0,360182880.000,1,0,1,多换,S,3022.8000,3022.6000,3022.4000,3022.2000,3022.0000,3023.4000,3023.8000,3024.0000,3025.6000,3027.0000,1,11,1,1,1,3,5,2,1,1
SF,IH2003,2019-12-30 09:34:20.700,3023.0000,22810,0,360182880.000,0,-,-,-,-,3022.8000,3022.6000,3022.4000,3022.2000,3022.0000,3023.4000,3023.8000,3024.0000,3025.6000,3027.0000,1,11,1,1,1,3,5,2,1,1
SF,IH2003,2019-12-30 09:34:23.700,3023.4000,22810,0,361996920.000,2,1,1,多换,S,3022.8000,3022.6000,3022.4000,3022.2000,3022.0000,3023.4000,3023.8000,3024.0000,3025.6000,3027.0000,1,11,1,1,1,1,3,2,1,1
SF,IH2003,2019-12-30 09:34:24.200,3023.4000,22810,0,362903940.000,1,0,1,多换,S,3023.6000,3023.4000,3022.8000,3022.6000,3022.4000,3023.8000,3024.0000,3025.6000,3027.0000,3028.0000,1,2,2,11,1,3,2,1,1,1
SF,IH2003,2019-12-30 09:34:24.700,3024.0000,22808,-2,365625480.000,3,0,3,多平,S,3024.2000,3024.0000,3023.8000,3023.4000,3022.8000,3025.6000,3027.0000,3028.0000,3028.4000,3028.8000,1,2,1,1,2,1,1,1,1,1
SF,IH2003,2019-12-30 09:34:25.200,3024.0000,22808,0,365625480.000,0,-,-,-,-,3024.0000,3023.8000,3023.4000,3022.8000,3022.6000,3024.8000,3025.0000,3025.2000,3025.4000,3025.6000,2,1,1,1,11,1,1,10,7,1
SF,IH2003,2019-12-30 09:34:25.700,3024.0000,22808,0,365625480.000,0,-,-,-,-,3024.0000,3023.8000,3023.4000,3022.8000,3022.6000,3024.6000,3025.2000,3025.4000,3025.6000,3027.0000,1,3,1,2,11,1,2,7,1,1
SF,IH2003,2019-12-30 09:34:26.200,3024.0000,22808,0,365625480.000,0,-,-,-,-,3024.0000,3023.8000,3023.4000,3022.8000,3022.6000,3024.4000,3025.2000,3025.4000,3025.6000,3027.0000,1,3,1,2,11,9,2,7,1,1
SF,IH2003,2019-12-30 09:34:26.700,3024.0000,22808,0,365625480.000,0,-,-,-,-,3024.0000,3023.8000,3023.4000,3022.8000,3022.6000,3024.4000,3025.2000,3025.4000,3025.6000,3027.0000,1,3,1,2,11,2,2,6,1,1
SF,IH2003,2019-12-30 09:34:27.200,3024.4000,22807,-1,366532800.000,1,0,1,双平,S,3023.8000,3023.4000,3022.8000,3022.6000,3022.4000,3024.4000,3025.2000,3025.4000,3025.6000,3027.0000,3,1,1,11,1,1,2,6,1,1
SF,IH2003,2019-12-30 09:34:27.700,3024.4000,22807,0,367440120.000,1,0,1,多换,S,3023.8000,3023.4000,3022.8000,3022.6000,3022.4000,3025.2000,3025.4000,3025.6000,3027.0000,3028.0000,3,1,1,12,1,2,4,1,1,1
SF,IH2003,2019-12-30 09:34:28.200,3024.4000,22807,0,367440120.000,0,-,-,-,-,3023.8000,3023.4000,3022.8000,3022.6000,3022.4000,3025.0000,3025.2000,3025.4000,3025.6000,3027.0000,3,1,1,12,1,12,2,3,1,1
SF,IH2003,2019-12-30 09:34:30.200,3024.4000,22807,0,367440120.000,0,-,-,-,-,3023.8000,3023.4000,3022.8000,3022.6000,3022.4000,3025.0000,3025.2000,3025.4000,3025.6000,3027.0000,3,1,1,12,1,12,2,3,1,1
SF,IH2003,2019-12-30 09:34:30.700,3024.4000,22807,0,367440120.000,0,-,-,-,-,3024.0000,3023.8000,3023.4000,3022.8000,3022.6000,3024.8000,3025.0000,3025.2000,3025.4000,3025.6000,2,4,1,1,12,3,10,2,3,1
SF,IH2003,2019-12-30 09:34:31.200,3024.4000,22807,0,367440120.000,0,-,-,-,-,3024.8000,3024.0000,3023.8000,3023.4000,3022.8000,3025.4000,3025.6000,3027.0000,3028.0000,3028.4000,1,2,4,1,1,3,1,1,1,1
SF,IH2003,2019-12-30 09:34:31.700,3024.8000,22807,0,368347560.000,1,0,1,多换,S,3023.8000,3023.4000,3022.8000,3022.6000,3022.4000,3024.8000,3025.2000,3025.4000,3025.6000,3027.0000,3,1,1,12,1,1,2,3,1,1
SF,IH2003,2019-12-30 09:34:32.200,3024.8000,22807,0,368347560.000,0,-,-,-,-,3023.8000,3023.4000,3022.8000,3022.6000,3022.4000,3025.2000,3025.4000,3025.6000,3027.0000,3028.0000,3,1,1,12,1,1,3,1,1,1
SF,IH2003,2019-12-30 09:34:32.700,3024.8000,22807,0,368347560.000,0,-,-,-,-,3023.8000,3023.4000,3022.8000,3022.6000,3022.4000,3025.0000,3025.2000,3025.4000,3025.6000,3027.0000,3,1,1,12,1,2,1,3,1,1
SF,IH2003,2019-12-30 09:34:33.200,3024.8000,22807,0,368347560.000,0,-,-,-,-,3024.0000,3023.8000,3023.4000,3022.8000,3022.6000,3025.0000,3025.2000,3025.4000,3025.6000,3027.0000,5,4,1,1,12,2,1,3,1,1
SF,IH2003,2019-12-30 09:34:33.700,3024.8000,22807,0,368347560.000,0,-,-,-,-,3024.0000,3023.8000,3023.4000,3022.6000,3022.4000,3025.0000,3025.2000,3025.4000,3025.6000,3027.0000,4,4,1,12,1,2,1,3,1,1
SF,IH2003,2019-12-30 09:34:34.200,3024.8000,22807,0,368347560.000,0,-,-,-,-,3023.8000,3023.4000,3022.6000,3022.4000,3021.8000,3024.8000,3025.0000,3025.2000,3025.4000,3025.6000,4,1,12,1,2,1,2,1,3,1
SF,IH2003,2019-12-30 09:34:34.700,3024.8000,22806,-1,369255000.000,1,0,1,双平,S,3023.8000,3023.4000,3022.6000,3022.4000,3021.8000,3024.8000,3025.0000,3025.2000,3025.4000,3025.6000,4,1,12,1,2,1,2,1,3,1
SF,IH2003,2019-12-30 09:34:35.200,3023.8000,22804,-2,371069280.000,2,0,2,双平,S,3023.4000,3022.6000,3022.4000,3021.8000,3021.6000,3024.4000,3024.6000,3024.8000,3025.0000,3025.2000,1,12,1,2,7,7,3,1,2,1
SF,IH2003,2019-12-30 09:34:35.700,3024.4000,22803,-1,371976600.000,1,0,1,双平,S,3022.6000,3022.4000,3021.8000,3021.6000,3021.4000,3024.2000,3024.4000,3024.6000,3024.8000,3025.0000,12,1,2,7,3,1,6,3,1,2
SF,IH2003,2019-12-30 09:34:36.200,3024.4000,22803,0,371976600.000,0,-,-,-,-,3022.8000,3022.6000,3022.4000,3021.8000,3021.6000,3024.0000,3024.2000,3024.4000,3024.6000,3024.8000,2,13,1,2,7,2,1,6,3,1
SF,IH2003,2019-12-30 09:34:36.700,3024.4000,22803,0,371976600.000,0,-,-,-,-,3022.8000,3022.6000,3022.4000,3021.8000,3021.6000,3024.0000,3024.2000,3024.4000,3024.6000,3025.2000,2,13,1,2,7,2,1,6,3,1
SF,IH2003,2019-12-30 09:34:37.200,3024.4000,22803,0,371976600.000,0,-,-,-,-,3023.0000,3022.8000,3022.6000,3022.4000,3021.8000,3024.2000,3024.4000,3024.6000,3025.2000,3025.4000,2,2,13,1,2,1,6,3,1,3
SF,IH2003,2019-12-30 09:34:37.700,3024.4000,22803,0,371976600.000,0,-,-,-,-,3023.2000,3023.0000,3022.8000,3022.6000,3022.4000,3024.2000,3024.6000,3025.2000,3025.4000,3025.6000,1,2,1,13,1,1,3,1,3,1
SF,IH2003,2019-12-30 09:34:38.700,3024.4000,22802,-1,372883920.000,1,0,1,双平,S,3023.2000,3023.0000,3022.8000,3022.6000,3022.4000,3024.6000,3025.2000,3025.4000,3025.6000,3027.0000,1,2,1,13,1,3,1,3,1,1
SF,IH2003,2019-12-30 09:34:39.200,3024.4000,22802,0,372883920.000,0,-,-,-,-,3024.4000,3023.6000,3023.4000,3023.2000,3023.0000,3025.2000,3025.4000,3025.6000,3027.0000,3028.0000,1,1,3,2,2,1,3,1,1,1
SF,IH2003,2019-12-30 09:34:39.700,3024.4000,22801,-1,373791240.000,1,0,1,双平,S,3023.6000,3023.4000,3023.2000,3022.6000,3022.4000,3024.4000,3025.0000,3025.2000,3025.4000,3025.6000,1,3,2,12,1,1,2,1,3,1
SF,IH2003,2019-12-30 09:34:40.200,3024.4000,22801,0,373791240.000,0,-,-,-,-,3023.6000,3023.4000,3023.2000,3022.6000,3022.4000,3025.0000,3025.2000,3025.4000,3025.6000,3027.0000,2,3,2,12,1,2,1,3,1,1
SF,IH2003,2019-12-30 09:34:40.700,3024.4000,22801,0,373791240.000,0,-,-,-,-,3023.6000,3023.4000,3023.2000,3022.6000,3022.4000,3024.8000,3025.0000,3025.4000,3025.6000,3027.0000,2,1,2,12,1,1,2,3,1,1
SF,IH2003,2019-12-30 09:34:41.200,3024.4000,22801,0,373791240.000,0,-,-,-,-,3023.6000,3023.4000,3023.2000,3022.6000,3022.4000,3024.8000,3025.0000,3025.4000,3025.6000,3027.0000,1,1,2,12,1,2,2,3,1,1
SF,IH2003,2019-12-30 09:34:41.700,3024.8000,22800,-1,374698680.000,1,0,1,双平,S,3023.6000,3023.4000,3023.2000,3022.6000,3022.4000,3024.8000,3025.0000,3025.4000,3025.6000,3027.0000,1,1,2,12,1,1,2,3,1,1
SF,IH2003,2019-12-30 09:34:42.200,3024.8000,22800,0,374698680.000,0,-,-,-,-,3023.8000,3023.6000,3023.2000,3022.6000,3022.4000,3024.8000,3025.0000,3025.4000,3025.6000,3027.0000,1,1,1,12,1,1,2,3,1,1
SF,IH2003,2019-12-30 09:34:42.700,3024.8000,22800,0,374698680.000,0,-,-,-,-,3023.8000,3023.6000,3023.2000,3022.8000,3022.6000,3024.6000,3024.8000,3025.0000,3025.4000,3025.6000,1,1,1,1,12,2,1,2,1,1
SF,IH2003,2019-12-30 09:34:43.200,3024.8000,22800,0,374698680.000,0,-,-,-,-,3023.8000,3023.6000,3023.2000,3022.8000,3022.6000,3024.6000,3025.0000,3025.4000,3025.6000,3027.0000,1,1,1,1,12,2,2,1,1,1
SF,IH2003,2019-12-30 09:34:43.700,3024.8000,22800,0,374698680.000,0,-,-,-,-,3023.8000,3023.6000,3023.2000,3022.8000,3022.6000,3024.6000,3025.0000,3025.4000,3025.6000,3027.0000,2,1,1,1,12,2,2,1,1,1
SF,IH2003,2019-12-30 09:34:45.200,3024.8000,22800,0,374698680.000,0,-,-,-,-,3023.8000,3023.6000,3023.2000,3022.8000,3022.6000,3024.6000,3025.0000,3025.4000,3025.6000,3027.0000,3,1,1,1,12,2,2,1,1,1
SF,IH2003,2019-12-30 09:34:45.700,3024.8000,22800,0,374698680.000,0,-,-,-,-,3023.8000,3023.6000,3023.2000,3022.8000,3022.6000,3024.6000,3025.0000,3025.4000,3025.6000,3027.0000,2,1,1,1,12,2,2,1,1,1
SF,IH2003,2019-12-30 09:34:47.200,3024.8000,22800,0,374698680.000,0,-,-,-,-,3023.8000,3023.6000,3023.2000,3022.8000,3022.6000,3024.6000,3025.0000,3025.4000,3025.6000,3027.0000,2,1,1,1,12,2,2,1,1,1
SF,IH2003,2019-12-30 09:34:48.200,3024.8000,22800,0,374698680.000,0,-,-,-,-,3024.0000,3023.8000,3023.6000,3023.2000,3022.8000,3025.0000,3025.4000,3025.6000,3027.0000,3028.0000,1,2,1,1,2,2,1,1,1,1
SF,IH2003,2019-12-30 09:34:48.700,3024.8000,22800,0,374698680.000,0,-,-,-,-,3024.0000,3023.8000,3022.8000,3022.6000,3021.8000,3024.6000,3024.8000,3025.0000,3025.4000,3025.6000,1,2,2,12,2,1,3,2,1,1
SF,IH2003,2019-12-30 09:34:49.200,3024.8000,22800,0,374698680.000,0,-,-,-,-,3024.0000,3023.8000,3022.8000,3022.6000,3021.8000,3024.8000,3025.0000,3025.4000,3025.6000,3027.0000,1,2,2,12,2,2,2,1,1,1
SF,IH2003,2019-12-30 09:34:49.700,3024.8000,22800,0,374698680.000,0,-,-,-,-,3024.0000,3023.8000,3022.8000,3022.6000,3021.8000,3024.8000,3025.0000,3025.4000,3025.6000,3027.0000,1,2,2,12,2,2,2,1,1,1
SF,IH2003,2019-12-30 09:34:50.200,3024.8000,22800,0,374698680.000,0,-,-,-,-,3024.0000,3023.8000,3022.8000,3022.6000,3021.8000,3025.0000,3025.4000,3025.6000,3027.0000,3028.0000,1,2,2,12,2,2,1,1,1,1
SF,IH2003,2019-12-30 09:34:50.700,3024.8000,22800,0,374698680.000,0,-,-,-,-,3024.2000,3024.0000,3023.8000,3022.8000,3022.6000,3025.0000,3025.4000,3025.6000,3027.0000,3028.0000,1,1,1,2,12,2,1,1,1,1
SF,IH2003,2019-12-30 09:34:51.200,3024.8000,22800,0,374698680.000,0,-,-,-,-,3024.2000,3024.0000,3023.8000,3022.8000,3022.6000,3025.0000,3025.4000,3025.6000,3027.0000,3028.0000,1,1,1,2,11,2,1,1,1,1
SF,IH2003,2019-12-30 09:34:52.700,3024.8000,22800,0,374698680.000,0,-,-,-,-,3025.0000,3024.2000,3024.0000,3023.8000,3022.8000,3025.4000,3025.6000,3027.0000,3028.0000,3028.4000,2,1,1,1,2,1,1,1,1,1
SF,IH2003,2019-12-30 09:34:53.200,3024.8000,22800,0,376513560.000,2,1,1,多换,S,3024.2000,3024.0000,3023.8000,3022.8000,3022.6000,3025.0000,3025.2000,3025.4000,3025.6000,3027.0000,1,1,1,2,11,1,1,2,1,1
SF,IH2003,2019-12-30 09:34:53.700,3024.8000,22800,0,376513560.000,0,-,-,-,-,3024.2000,3024.0000,3023.8000,3022.8000,3022.6000,3025.0000,3025.4000,3025.6000,3027.0000,3028.0000,1,1,1,2,11,1,2,1,1,1
SF,IH2003,2019-12-30 09:34:54.700,3024.8000,22800,0,376513560.000,0,-,-,-,-,3024.2000,3024.0000,3023.8000,3022.8000,3022.6000,3025.0000,3025.4000,3025.6000,3027.0000,3028.0000,1,1,1,2,11,1,1,1,1,1
SF,IH2003,2019-12-30 09:34:56.200,3024.8000,22800,0,376513560.000,0,-,-,-,-,3024.4000,3024.2000,3024.0000,3023.8000,3022.8000,3024.8000,3025.0000,3025.4000,3025.6000,3027.0000,1,1,1,1,2,10,1,1,1,1
SF,IH2003,2019-12-30 09:34:56.700,3024.4000,22799,-1,377420880.000,1,0,1,双平,S,3024.2000,3024.0000,3023.8000,3022.8000,3022.6000,3024.4000,3024.8000,3025.0000,3025.4000,3025.6000,1,1,1,2,11,2,4,1,1,1
SF,IH2003,2019-12-30 09:34:57.200,3024.4000,22799,0,377420880.000,0,-,-,-,-,3024.2000,3024.0000,3023.8000,3022.8000,3022.6000,3024.8000,3025.0000,3025.4000,3025.6000,3027.0000,1,1,1,2,11,4,1,1,1,1
SF,IH2003,2019-12-30 09:34:57.700,3024.2000,22798,-1,378328140.000,1,0,1,双平,S,3024.0000,3023.8000,3022.8000,3022.6000,3021.8000,3024.6000,3024.8000,3025.0000,3025.4000,3025.6000,1,1,2,11,2,1,4,1,1,1
SF,IH2003,2019-12-30 09:34:58.200,3024.2000,22798,0,378328140.000,0,-,-,-,-,3024.0000,3023.8000,3022.8000,3022.6000,3021.8000,3024.6000,3024.8000,3025.0000,3025.4000,3025.6000,1,1,2,11,2,1,4,1,1,1
SF,IH2003,2019-12-30 09:34:58.700,3024.6000,22797,-1,379235520.000,1,0,1,双平,S,3024.0000,3023.8000,3022.8000,3022.6000,3021.8000,3024.8000,3025.0000,3025.4000,3025.6000,3027.0000,1,1,2,11,2,4,1,1,1,1
SF,IH2003,2019-12-30 09:34:59.200,3024.6000,22797,0,379235520.000,0,-,-,-,-,3024.0000,3023.8000,3022.8000,3022.6000,3021.8000,3024.6000,3024.8000,3025.0000,3025.4000,3025.6000,1,1,2,11,2,2,2,1,1,1
SF,IH2003,2019-12-30 09:34:59.700,3024.0000,22797,0,380142720.000,1,0,1,多换,S,3023.8000,3022.8000,3022.6000,3021.8000,3021.6000,3024.0000,3024.4000,3024.6000,3024.8000,3025.0000,1,2,11,2,5,1,1,1,2,1
SF,IH2003,2019-12-30 09:35:00.200,3024.0000,22796,-1,381049920.000,1,0,1,双平,S,3023.8000,3022.8000,3022.6000,3021.8000,3021.6000,3024.6000,3024.8000,3025.4000,3025.6000,3027.0000,1,2,11,2,5,1,2,1,1,1
SF,IH2003,2019-12-30 09:35:00.700,3024.0000,22796,0,381049920.000,0,-,-,-,-,3023.8000,3022.8000,3022.6000,3021.8000,3021.6000,3024.4000,3024.6000,3024.8000,3025.4000,3025.6000,1,2,11,2,5,5,1,2,1,1
SF,IH2003,2019-12-30 09:35:01.200,3024.0000,22796,0,381049920.000,0,-,-,-,-,3023.8000,3022.8000,3022.6000,3021.8000,3021.6000,3024.6000,3024.8000,3025.4000,3025.6000,3027.0000,1,2,11,2,5,1,2,1,1,1
SF,IH2003,2019-12-30 09:35:02.200,3023.8000,22796,0,381957060.000,1,0,1,多换,S,3022.8000,3022.6000,3021.8000,3021.6000,3021.4000,3024.6000,3024.8000,3025.4000,3025.6000,3027.0000,2,11,2,5,3,1,2,2,1,1
SF,IH2003,2019-12-30 09:35:02.700,3023.8000,22796,0,381957060.000,0,-,-,-,-,3023.0000,3022.8000,3022.6000,3021.8000,3021.6000,3024.4000,3024.6000,3024.8000,3025.4000,3025.6000,5,2,11,2,5,7,1,2,2,1
SF,IH2003,2019-12-30 09:35:03.200,3023.8000,22796,0,381957060.000,0,-,-,-,-,3023.0000,3022.8000,3022.6000,3021.8000,3021.6000,3024.2000,3024.4000,3024.6000,3024.8000,3025.4000,4,2,11,2,5,7,7,1,2,2
SF,IH2003,2019-12-30 09:35:03.700,3023.8000,22796,0,381957060.000,0,-,-,-,-,3023.0000,3022.8000,3022.6000,3021.8000,3021.6000,3024.0000,3024.2000,3024.4000,3024.6000,3025.4000,1,2,11,2,5,7,7,6,1,1
SF,IH2003,2019-12-30 09:35:04.200,3023.8000,22796,0,381957060.000,0,-,-,-,-,3023.0000,3022.8000,3022.6000,3021.8000,3021.6000,3023.6000,3024.0000,3024.2000,3024.4000,3024.6000,1,2,11,2,5,7,7,1,6,1
SF,IH2003,2019-12-30 09:35:04.700,3024.0000,22796,0,382864260.000,1,0,1,多换,S,3023.0000,3022.8000,3022.6000,3021.8000,3021.6000,3024.0000,3024.2000,3024.4000,3024.6000,3025.6000,2,2,11,2,5,4,1,6,1,1
SF,IH2003,2019-12-30 09:35:05.700,3024.0000,22796,0,382864260.000,0,-,-,-,-,3023.0000,3022.8000,3022.6000,3021.8000,3021.6000,3024.0000,3024.2000,3024.4000,3024.6000,3025.6000,3,2,11,2,5,4,1,6,1,1
SF,IH2003,2019-12-30 09:35:06.200,3024.0000,22796,0,382864260.000,0,-,-,-,-,3023.0000,3022.8000,3022.6000,3021.8000,3021.6000,3024.0000,3024.2000,3024.4000,3024.6000,3025.6000,4,2,11,2,5,4,1,6,1,1
SF,IH2003,2019-12-30 09:35:06.700,3024.0000,22794,-2,386493060.000,4,1,3,多平,S,3024.0000,3023.0000,3022.8000,3022.6000,3021.8000,3024.2000,3024.4000,3024.6000,3025.6000,3027.0000,3,4,2,11,2,1,2,1,1,1
SF,IH2003,2019-12-30 09:35:07.200,3024.0000,22791,-3,389214660.000,3,0,3,双平,S,3023.0000,3022.8000,3022.6000,3021.8000,3021.6000,3024.0000,3024.2000,3024.4000,3024.6000,3025.4000,3,2,11,2,5,5,2,1,1,1
SF,IH2003,2019-12-30 09:35:07.700,3023.0000,22789,-2,391028760.000,2,0,2,双平,S,3023.0000,3022.8000,3022.6000,3021.8000,3021.6000,3024.0000,3024.2000,3024.4000,3024.6000,3025.6000,2,2,11,2,5,3,2,1,1,1
SF,IH2003,2019-12-30 09:35:08.200,3023.0000,22789,0,391028760.000,0,-,-,-,-,3023.2000,3023.0000,3022.8000,3022.6000,3021.8000,3023.8000,3024.0000,3024.2000,3024.4000,3024.6000,2,2,2,11,2,1,2,1,1,1
SF,IH2003,2019-12-30 09:35:09.200,3023.0000,22789,0,391028760.000,0,-,-,-,-,3023.0000,3022.8000,3022.6000,3021.8000,3021.6000,3023.8000,3024.0000,3024.2000,3024.4000,3024.6000,2,2,11,2,5,1,2,1,1,1
SF,IH2003,2019-12-30 09:35:09.700,3023.0000,22789,0,391028760.000,0,-,-,-,-,3023.2000,3023.0000,3022.8000,3022.6000,3021.8000,3023.8000,3024.0000,3024.2000,3024.4000,3024.6000,2,2,2,11,2,1,2,1,1,1
SF,IH2003,2019-12-30 09:35:10.200,3023.0000,22789,0,391028760.000,0,-,-,-,-,3023.2000,3023.0000,3022.8000,3022.6000,3021.8000,3024.0000,3024.2000,3024.4000,3024.6000,3025.6000,2,2,2,11,2,2,1,1,1,1
SF,IH2003,2019-12-30 09:35:11.200,3023.0000,22789,0,391028760.000,0,-,-,-,-,3023.4000,3023.0000,3022.8000,3022.6000,3021.8000,3024.0000,3024.4000,3024.6000,3025.6000,3027.0000,2,2,2,11,2,2,1,1,1,1
SF,IH2003,2019-12-30 09:35:12.700,3023.0000,22789,0,391028760.000,0,-,-,-,-,3023.0000,3022.8000,3022.6000,3021.8000,3021.6000,3024.0000,3024.4000,3024.6000,3025.6000,3027.0000,2,2,11,2,5,2,1,1,1,1
SF,IH2003,2019-12-30 09:35:13.200,3023.0000,22789,0,391028760.000,0,-,-,-,-,3023.2000,3023.0000,3022.8000,3022.6000,3021.8000,3024.0000,3024.4000,3024.6000,3025.6000,3027.0000,2,2,2,11,2,2,1,1,1,1
SF,IH2003,2019-12-30 09:35:13.700,3023.0000,22789,0,391028760.000,0,-,-,-,-,3023.0000,3022.8000,3022.6000,3021.8000,3021.6000,3023.6000,3023.8000,3024.0000,3024.4000,3024.6000,2,2,11,2,5,1,1,2,1,1
SF,IH2003,2019-12-30 09:35:14.200,3023.0000,22789,0,391028760.000,0,-,-,-,-,3023.0000,3022.8000,3022.6000,3021.8000,3021.6000,3023.8000,3024.0000,3024.4000,3024.6000,3025.6000,2,2,11,2,5,1,2,1,1,1
SF,IH2003,2019-12-30 09:35:15.200,3023.0000,22789,0,391028760.000,0,-,-,-,-,3023.0000,3022.8000,3022.6000,3021.8000,3021.6000,3023.8000,3024.0000,3024.4000,3024.6000,3025.6000,2,2,11,2,5,1,1,1,1,1
SF,IH2003,2019-12-30 09:35:15.700,3023.0000,22789,0,391028760.000,0,-,-,-,-,3023.0000,3022.8000,3022.6000,3021.8000,3021.6000,3023.8000,3024.0000,3024.4000,3024.6000,3025.6000,2,2,12,2,5,1,1,1,1,1
SF,IH2003,2019-12-30 09:35:16.200,3023.8000,22789,0,391935900.000,1,0,1,多换,S,3023.0000,3022.8000,3022.6000,3021.8000,3021.6000,3024.0000,3024.4000,3024.6000,3025.6000,3027.0000,2,2,12,2,5,1,1,1,1,1
SF,IH2003,2019-12-30 09:35:16.700,3023.8000,22789,0,391935900.000,0,-,-,-,-,3023.0000,3022.8000,3022.6000,3021.8000,3021.6000,3023.6000,3023.8000,3024.0000,3024.4000,3024.6000,2,2,12,2,5,1,8,1,1,1
SF,IH2003,2019-12-30 09:35:17.200,3023.8000,22789,0,391935900.000,0,-,-,-,-,3023.0000,3022.8000,3022.6000,3021.8000,3021.6000,3023.8000,3024.0000,3024.4000,3024.6000,3025.6000,2,2,12,2,5,8,1,1,1,1
SF,IH2003,2019-12-30 09:35:17.700,3023.8000,22789,0,391935900.000,0,-,-,-,-,3023.2000,3023.0000,3022.8000,3022.6000,3021.8000,3024.0000,3024.4000,3024.6000,3025.6000,3027.0000,2,3,2,12,2,1,1,1,1,1
SF,IH2003,2019-12-30 09:35:18.200,3023.8000,22789,0,391935900.000,0,-,-,-,-,3023.2000,3023.0000,3022.8000,3022.6000,3021.8000,3023.8000,3024.0000,3024.4000,3024.6000,3025.6000,2,3,2,12,2,6,1,1,1,1
SF,IH2003,2019-12-30 09:35:18.700,3023.8000,22789,0,391935900.000,0,-,-,-,-,3023.0000,3022.8000,3022.6000,3021.8000,3021.6000,3023.2000,3023.4000,3023.6000,3023.8000,3024.0000,3,2,12,2,5,1,1,1,6,1
SF,IH2003,2019-12-30 09:35:19.200,3023.2000,22789,0,392842860.000,1,0,1,多换,S,3023.4000,3023.2000,3023.0000,3022.8000,3022.6000,3024.4000,3024.6000,3025.6000,3027.0000,3028.0000,2,6,3,2,12,1,1,1,1,4
SF,IH2003,2019-12-30 09:35:19.700,3023.2000,22789,0,392842860.000,0,-,-,-,-,3023.4000,3023.2000,3023.0000,3022.8000,3022.6000,3024.0000,3024.2000,3024.4000,3024.6000,3025.4000,1,3,3,2,12,6,1,1,1,1
SF,IH2003,2019-12-30 09:35:20.200,3023.2000,22789,0,392842860.000,0,-,-,-,-,3023.2000,3023.0000,3022.8000,3022.6000,3021.8000,3023.6000,3024.0000,3024.2000,3024.4000,3024.6000,3,3,2,12,2,1,6,1,1,1
SF,IH2003,2019-12-30 09:35:20.700,3023.2000,22789,0,392842860.000,0,-,-,-,-,3023.8000,3023.6000,3023.4000,3023.2000,3023.0000,3024.0000,3024.2000,3024.4000,3024.6000,3025.6000,1,2,1,3,3,6,1,1,1,1
SF,IH2003,2019-12-30 09:35:21.200,3023.8000,22788,-1,393750000.000,1,0,1,双平,S,3023.6000,3023.4000,3023.2000,3023.0000,3022.8000,3023.8000,3024.2000,3024.4000,3024.6000,3025.6000,1,1,2,4,2,1,1,1,1,1
SF,IH2003,2019-12-30 09:35:21.700,3023.8000,22787,-1,394657140.000,1,0,1,双平,S,3023.6000,3023.4000,3023.2000,3023.0000,3022.8000,3024.2000,3024.4000,3024.6000,3025.6000,3027.0000,1,8,2,4,2,1,1,1,1,1
SF,IH2003,2019-12-30 09:35:22.200,3023.8000,22787,0,394657140.000,0,-,-,-,-,3023.6000,3023.4000,3023.2000,3023.0000,3022.8000,3023.8000,3024.2000,3024.4000,3024.6000,3025.6000,1,8,2,4,2,7,1,1,1,1
