市场代码,合约代码,时间,最新,持仓,增仓,成交额,成交量,开仓,平仓,成交类型,方向,买一价,买二价,买三价,买四价,买五价,卖一价,卖二价,卖三价,卖四价,卖五价,买一量,买二量,买三量,买四量,买五量,卖一量,卖二量,卖三量,卖四量,卖五量
SF,IH2001,2019-12-10 09:29:00.400,2932.2000,3156,0,0.000,0.000,-,-,-,-,2925.2000,2925.0000,2924.4000,2923.6000,2923.2000,2927.8000,2929.6000,2931.6000,2932.0000,2932.8000,1,1,1,1,1,1,1,2,1,2
SF,IH2001,2019-12-10 09:30:00.400,2925.2000,3156,0,877560.000,1,0,1,多换,S,2925.0000,2924.4000,2923.6000,2923.2000,2920.4000,2929.6000,2932.0000,2938.2000,2939.0000,2944.0000,2,1,1,1,1,1,1,1,1,1
SF,IH2001,2019-12-10 09:30:00.900,2925.2000,3156,0,877560.000,0,-,-,-,-,2925.4000,2925.2000,2925.0000,2924.4000,2923.6000,2927.6000,2927.8000,2928.0000,2928.2000,2928.8000,2,6,2,1,1,1,1,1,1,1
SF,IH2001,2019-12-10 09:30:01.400,2925.2000,3156,0,877560.000,0,-,-,-,-,2925.0000,2924.4000,2923.6000,2920.4000,2920.0000,2927.4000,2927.6000,2928.8000,2929.4000,2929.6000,2,1,1,1,1,2,2,1,5,2
SF,IH2001,2019-12-10 09:30:01.900,2925.2000,3156,0,877560.000,0,-,-,-,-,2925.2000,2925.0000,2924.4000,2923.6000,2920.4000,2926.8000,2927.2000,2927.4000,2927.6000,2927.8000,1,2,1,1,1,1,1,3,2,1
SF,IH2001,2019-12-10 09:30:02.400,2926.6000,3155,-1,1755540.000,1,0,1,双平,S,2925.2000,2925.0000,2924.4000,2923.6000,2920.4000,2926.6000,2926.8000,2927.2000,2927.4000,2927.6000,1,2,1,1,1,1,1,1,3,1
SF,IH2001,2019-12-10 09:30:02.900,2926.6000,3154,-1,2633520.000,1,0,1,双平,S,2925.2000,2925.0000,2924.4000,2923.6000,2920.4000,2926.8000,2927.4000,2927.6000,2928.8000,2929.4000,1,2,1,1,1,1,3,1,1,5
SF,IH2001,2019-12-10 09:30:03.400,2926.6000,3154,0,2633520.000,0,-,-,-,-,2925.4000,2925.2000,2925.0000,2924.4000,2923.6000,2927.4000,2927.6000,2928.8000,2929.4000,2929.8000,1,1,2,1,1,1,1,1,5,1
SF,IH2001,2019-12-10 09:30:03.900,2926.6000,3154,0,2633520.000,0,-,-,-,-,2925.6000,2925.4000,2925.0000,2924.4000,2923.6000,2927.0000,2927.2000,2927.4000,2927.6000,2928.8000,1,1,2,1,1,1,1,1,1,1
SF,IH2001,2019-12-10 09:30:04.900,2926.6000,3154,0,2633520.000,0,-,-,-,-,2925.8000,2925.6000,2925.4000,2925.0000,2924.4000,2927.4000,2928.8000,2929.4000,2929.8000,2938.2000,1,1,1,2,1,1,1,5,1,1
SF,IH2001,2019-12-10 09:30:05.400,2926.6000,3154,0,2633520.000,0,-,-,-,-,2927.0000,2926.0000,2925.8000,2925.4000,2925.0000,2927.4000,2927.6000,2928.8000,2929.4000,2929.8000,1,1,1,1,2,1,1,1,5,1
SF,IH2001,2019-12-10 09:30:05.900,2927.4000,3152,-2,4389840.000,2,0,2,双平,S,2926.0000,2925.8000,2925.4000,2925.0000,2923.6000,2928.8000,2929.4000,2929.8000,2939.0000,2944.0000,1,1,1,2,1,1,5,1,1,1
SF,IH2001,2019-12-10 09:30:06.400,2927.4000,3152,0,4389840.000,0,-,-,-,-,2926.2000,2926.0000,2925.8000,2925.0000,2923.6000,2927.4000,2927.8000,2928.0000,2928.4000,2928.6000,1,1,1,2,1,1,1,1,1,3
SF,IH2001,2019-12-10 09:30:06.900,2927.4000,3152,0,4389840.000,0,-,-,-,-,2926.4000,2926.2000,2925.8000,2925.0000,2923.6000,2927.8000,2928.0000,2928.4000,2928.6000,2928.8000,1,1,1,2,1,1,1,1,3,2
SF,IH2001,2019-12-10 09:30:07.400,2927.4000,3152,0,4389840.000,0,-,-,-,-,2926.4000,2926.2000,2925.8000,2925.0000,2923.6000,2927.8000,2928.0000,2928.4000,2928.6000,2928.8000,1,1,2,2,1,1,1,1,3,2
SF,IH2001,2019-12-10 09:30:07.900,2927.4000,3152,0,4389840.000,0,-,-,-,-,2926.4000,2926.2000,2925.8000,2925.6000,2925.0000,2927.8000,2928.0000,2928.4000,2928.6000,2928.8000,1,1,1,1,2,1,1,1,3,2
SF,IH2001,2019-12-10 09:30:08.400,2927.4000,3152,0,4389840.000,0,-,-,-,-,2926.4000,2926.2000,2925.8000,2925.4000,2925.0000,2927.8000,2928.0000,2928.4000,2928.6000,2928.8000,1,1,1,1,2,1,1,1,3,2
SF,IH2001,2019-12-10 09:30:08.900,2927.8000,3152,0,5268180.000,1,0,1,多换,S,2926.4000,2926.2000,2925.8000,2925.4000,2925.0000,2928.0000,2928.4000,2928.6000,2928.8000,2929.4000,1,1,1,1,2,1,1,3,2,5
SF,IH2001,2019-12-10 09:30:09.400,2927.8000,3152,0,5268180.000,0,-,-,-,-,2926.4000,2926.2000,2925.8000,2925.4000,2925.0000,2927.8000,2928.0000,2928.4000,2928.6000,2928.8000,1,1,1,1,2,1,1,1,3,2
SF,IH2001,2019-12-10 09:30:09.900,2927.8000,3152,0,6146520.000,1,0,1,多换,S,2926.6000,2926.4000,2926.2000,2925.8000,2925.0000,2928.0000,2928.4000,2928.6000,2928.8000,2929.4000,1,1,1,1,2,1,1,3,2,5
SF,IH2001,2019-12-10 09:30:10.400,2928.0000,3152,0,7024920.000,1,0,1,多换,S,2926.8000,2926.6000,2926.2000,2925.8000,2925.0000,2928.4000,2928.6000,2928.8000,2929.4000,2929.8000,1,1,1,1,2,1,3,2,5,1
SF,IH2001,2019-12-10 09:30:10.900,2928.0000,3152,0,7024920.000,0,-,-,-,-,2927.0000,2926.8000,2926.2000,2925.8000,2925.0000,2928.4000,2928.6000,2928.8000,2929.4000,2929.8000,1,1,1,1,2,1,3,2,5,1
SF,IH2001,2019-12-10 09:30:11.400,2928.0000,3152,0,7024920.000,0,-,-,-,-,2927.0000,2926.8000,2926.2000,2925.8000,2925.0000,2928.2000,2928.4000,2928.6000,2928.8000,2929.4000,1,1,1,1,2,2,1,2,2,5
SF,IH2001,2019-12-10 09:30:11.900,2928.0000,3152,0,7024920.000,0,-,-,-,-,2926.2000,2925.8000,2925.0000,2923.6000,2920.0000,2927.8000,2928.0000,2928.2000,2928.4000,2928.6000,1,1,2,1,1,1,1,2,2,2
SF,IH2001,2019-12-10 09:30:12.400,2928.0000,3152,0,7024920.000,0,-,-,-,-,2926.4000,2926.2000,2925.8000,2925.6000,2925.0000,2928.0000,2928.2000,2928.4000,2928.6000,2928.8000,1,1,1,1,2,1,1,2,2,1
SF,IH2001,2019-12-10 09:30:12.900,2928.0000,3152,0,7024920.000,0,-,-,-,-,2926.4000,2926.2000,2925.8000,2925.0000,2923.6000,2927.8000,2928.0000,2928.4000,2928.6000,2928.8000,1,1,1,2,1,1,1,2,2,1
SF,IH2001,2019-12-10 09:30:13.400,2928.0000,3152,0,7024920.000,0,-,-,-,-,2926.6000,2926.4000,2926.2000,2925.8000,2925.0000,2927.8000,2928.0000,2928.4000,2928.6000,2928.8000,1,1,1,1,2,1,1,2,2,1
SF,IH2001,2019-12-10 09:30:14.400,2928.0000,3152,0,7024920.000,0,-,-,-,-,2926.6000,2926.4000,2926.2000,2925.8000,2925.0000,2927.8000,2928.4000,2928.6000,2928.8000,2929.4000,1,1,1,1,2,1,2,2,1,4
SF,IH2001,2019-12-10 09:30:15.900,2928.0000,3152,0,7024920.000,0,-,-,-,-,2926.4000,2926.2000,2925.8000,2925.0000,2923.6000,2927.6000,2927.8000,2928.4000,2928.6000,2928.8000,1,1,1,2,1,1,1,2,2,1
SF,IH2001,2019-12-10 09:30:17.400,2927.6000,3152,0,7903200.000,1,0,1,多换,S,2926.4000,2925.8000,2925.0000,2923.6000,2920.0000,2927.8000,2928.4000,2928.6000,2928.8000,2929.4000,1,1,2,1,1,1,2,2,1,4
SF,IH2001,2019-12-10 09:30:17.900,2927.6000,3152,0,7903200.000,0,-,-,-,-,2926.6000,2926.4000,2925.8000,2925.0000,2923.6000,2927.8000,2928.4000,2928.6000,2928.8000,2929.4000,1,1,1,2,1,1,2,2,1,4
SF,IH2001,2019-12-10 09:30:18.400,2927.6000,3152,0,7903200.000,0,-,-,-,-,2926.6000,2926.4000,2925.8000,2925.0000,2923.6000,2927.8000,2928.4000,2928.6000,2928.8000,2929.4000,1,1,1,2,1,1,2,2,1,4
SF,IH2001,2019-12-10 09:30:18.900,2926.4000,3151,-1,9659100.000,2,0,2,多平,S,2925.8000,2925.0000,2923.6000,2920.0000,2919.0000,2927.6000,2927.8000,2928.4000,2928.6000,2928.8000,1,2,1,1,1,1,1,2,2,1
SF,IH2001,2019-12-10 09:30:19.400,2926.4000,3151,0,9659100.000,0,-,-,-,-,2926.0000,2925.8000,2925.0000,2923.6000,2920.0000,2927.6000,2928.4000,2928.6000,2928.8000,2929.4000,1,1,2,1,1,1,2,2,1,4
SF,IH2001,2019-12-10 09:30:19.900,2926.4000,3151,0,9659100.000,0,-,-,-,-,2926.0000,2925.8000,2925.0000,2923.6000,2920.0000,2927.4000,2927.6000,2928.4000,2928.6000,2928.8000,1,1,2,1,1,2,1,2,2,1
SF,IH2001,2019-12-10 09:30:20.400,2926.4000,3151,0,9659100.000,0,-,-,-,-,2926.0000,2925.8000,2925.0000,2923.6000,2920.0000,2927.2000,2927.4000,2928.4000,2928.6000,2928.8000,1,1,2,1,1,1,3,2,2,1
SF,IH2001,2019-12-10 09:30:21.900,2926.4000,3151,0,9659100.000,0,-,-,-,-,2926.2000,2926.0000,2925.8000,2925.0000,2923.6000,2927.4000,2928.4000,2928.6000,2928.8000,2929.4000,1,1,1,2,1,3,2,2,1,4
SF,IH2001,2019-12-10 09:30:22.400,2926.4000,3151,0,9659100.000,0,-,-,-,-,2926.2000,2926.0000,2925.8000,2925.0000,2923.6000,2927.4000,2928.4000,2928.6000,2928.8000,2929.4000,1,1,1,3,1,3,2,2,1,4
SF,IH2001,2019-12-10 09:30:25.900,2926.2000,3150,-1,10536960.000,1,0,1,双平,S,2926.0000,2925.8000,2925.0000,2923.6000,2920.0000,2927.4000,2928.4000,2928.6000,2928.8000,2929.4000,1,1,3,1,1,3,2,2,1,4
SF,IH2001,2019-12-10 09:30:26.400,2926.2000,3150,0,10536960.000,0,-,-,-,-,2926.2000,2926.0000,2925.8000,2925.0000,2923.6000,2927.4000,2928.4000,2928.6000,2928.8000,2929.4000,1,1,1,3,1,3,2,2,1,4
SF,IH2001,2019-12-10 09:30:27.900,2926.0000,3150,0,11414760.000,1,0,1,多换,S,2925.8000,2925.0000,2923.6000,2920.0000,2919.0000,2927.2000,2927.4000,2928.4000,2928.6000,2928.8000,1,3,1,1,1,1,3,2,2,1
SF,IH2001,2019-12-10 09:30:28.400,2926.0000,3150,0,11414760.000,0,-,-,-,-,2926.0000,2925.8000,2925.0000,2923.8000,2923.6000,2927.0000,2927.2000,2927.4000,2928.4000,2928.6000,1,1,3,1,1,1,1,2,2,2
SF,IH2001,2019-12-10 09:30:28.900,2926.0000,3150,0,11414760.000,0,-,-,-,-,2926.0000,2925.8000,2925.0000,2923.8000,2923.6000,2926.8000,2927.0000,2927.2000,2927.4000,2928.4000,1,1,2,1,1,1,1,1,2,2
SF,IH2001,2019-12-10 09:30:29.400,2926.8000,3149,-1,12292800.000,1,0,1,双平,S,2926.0000,2925.8000,2925.0000,2923.8000,2923.6000,2927.0000,2927.4000,2928.4000,2928.6000,2928.8000,1,1,2,1,1,1,2,2,2,1
SF,IH2001,2019-12-10 09:30:29.900,2926.8000,3149,0,12292800.000,0,-,-,-,-,2926.0000,2925.8000,2925.0000,2923.8000,2923.6000,2927.0000,2927.4000,2928.4000,2928.6000,2928.8000,1,1,2,1,1,1,1,2,2,1
SF,IH2001,2019-12-10 09:30:30.400,2927.0000,3148,-1,13170900.000,1,0,1,双平,S,2926.2000,2926.0000,2925.8000,2925.0000,2923.8000,2927.4000,2928.4000,2928.6000,2928.8000,2929.4000,1,1,1,2,1,1,2,2,1,4
SF,IH2001,2019-12-10 09:30:30.900,2927.0000,3148,0,13170900.000,0,-,-,-,-,2927.2000,2926.4000,2926.2000,2926.0000,2925.8000,2927.4000,2928.4000,2928.6000,2928.8000,2929.4000,2,1,1,1,1,1,2,2,1,4
SF,IH2001,2019-12-10 09:30:31.400,2927.4000,3148,0,14049120.000,1,0,1,多换,S,2927.4000,2927.2000,2926.4000,2926.2000,2926.0000,2928.4000,2928.6000,2928.8000,2929.4000,2929.8000,1,2,1,1,1,2,2,1,4,1
SF,IH2001,2019-12-10 09:30:31.900,2927.4000,3148,0,14927340.000,1,0,1,多换,S,2927.2000,2926.0000,2925.8000,2925.0000,2923.8000,2928.0000,2928.2000,2928.4000,2928.6000,2928.8000,2,1,1,2,1,1,4,1,2,1
SF,IH2001,2019-12-10 09:30:32.400,2927.2000,3146,-2,16683660.000,2,0,2,双平,S,2926.0000,2925.8000,2925.0000,2923.8000,2923.6000,2927.4000,2927.8000,2928.0000,2928.2000,2928.4000,1,1,2,1,1,1,2,2,2,1
SF,IH2001,2019-12-10 09:30:32.900,2927.2000,3146,0,16683660.000,0,-,-,-,-,2926.2000,2926.0000,2925.8000,2925.2000,2925.0000,2927.2000,2927.4000,2927.8000,2928.0000,2928.2000,2,1,1,1,2,2,1,1,1,2
SF,IH2001,2019-12-10 09:30:33.400,2927.2000,3146,0,16683660.000,0,-,-,-,-,2926.2000,2926.0000,2925.8000,2925.0000,2923.8000,2927.2000,2927.4000,2927.8000,2928.0000,2928.2000,1,1,1,2,1,2,1,1,1,2
SF,IH2001,2019-12-10 09:30:33.900,2927.2000,3146,0,16683660.000,0,-,-,-,-,2926.0000,2925.8000,2925.0000,2923.8000,2923.6000,2927.2000,2927.4000,2927.8000,2928.0000,2928.2000,1,1,2,1,1,2,1,1,1,2
SF,IH2001,2019-12-10 09:30:34.400,2927.2000,3146,0,16683660.000,0,-,-,-,-,2926.4000,2926.0000,2925.8000,2925.0000,2923.8000,2927.2000,2927.4000,2927.8000,2928.0000,2928.2000,1,1,1,2,1,1,1,1,1,2
SF,IH2001,2019-12-10 09:30:35.400,2927.2000,3146,0,16683660.000,0,-,-,-,-,2926.0000,2925.8000,2925.0000,2923.8000,2923.6000,2927.0000,2927.2000,2927.4000,2927.8000,2928.0000,1,1,2,1,1,1,1,1,1,1
SF,IH2001,2019-12-10 09:30:35.900,2927.2000,3146,0,18439980.000,2,1,1,多换,S,2926.0000,2925.8000,2925.0000,2923.8000,2923.6000,2927.4000,2927.8000,2928.0000,2928.2000,2928.6000,1,1,2,1,1,1,1,1,2,2
SF,IH2001,2019-12-10 09:30:36.400,2927.4000,3145,-1,19318200.000,1,0,1,双平,S,2926.2000,2926.0000,2925.8000,2925.0000,2923.8000,2927.8000,2928.0000,2928.2000,2928.6000,2928.8000,1,1,1,2,1,1,1,2,2,1
SF,IH2001,2019-12-10 09:30:36.900,2927.4000,3145,0,19318200.000,0,-,-,-,-,2926.2000,2926.0000,2925.8000,2925.0000,2923.8000,2927.4000,2927.6000,2927.8000,2928.0000,2928.2000,1,1,1,2,1,1,1,2,1,2
SF,IH2001,2019-12-10 09:30:37.400,2927.4000,3145,0,19318200.000,0,-,-,-,-,2926.2000,2926.0000,2925.8000,2925.0000,2923.8000,2927.4000,2927.6000,2927.8000,2928.2000,2928.6000,1,1,1,2,1,1,1,2,2,2
SF,IH2001,2019-12-10 09:30:37.900,2927.4000,3145,0,19318200.000,0,-,-,-,-,2926.0000,2925.8000,2925.0000,2923.8000,2923.6000,2927.2000,2927.8000,2928.2000,2928.6000,2928.8000,1,1,2,1,1,1,2,2,2,1
SF,IH2001,2019-12-10 09:30:38.400,2927.4000,3145,0,19318200.000,0,-,-,-,-,2926.2000,2926.0000,2925.8000,2925.2000,2925.0000,2927.2000,2927.8000,2928.2000,2928.6000,2928.8000,1,1,1,1,2,1,2,2,2,1
SF,IH2001,2019-12-10 09:30:38.900,2927.4000,3145,0,19318200.000,0,-,-,-,-,2926.2000,2926.0000,2925.8000,2925.2000,2925.0000,2927.8000,2928.2000,2928.6000,2928.8000,2929.4000,3,1,1,1,2,2,2,2,1,4
SF,IH2001,2019-12-10 09:30:39.400,2927.4000,3145,0,19318200.000,0,-,-,-,-,2926.2000,2926.0000,2925.8000,2925.2000,2925.0000,2927.6000,2927.8000,2928.2000,2928.6000,2928.8000,3,1,1,1,2,1,2,2,2,1
SF,IH2001,2019-12-10 09:30:39.900,2927.4000,3145,0,19318200.000,0,-,-,-,-,2926.2000,2926.0000,2925.8000,2925.2000,2925.0000,2927.4000,2927.6000,2927.8000,2928.2000,2928.6000,1,1,1,1,2,2,1,1,2,2
SF,IH2001,2019-12-10 09:30:40.400,2927.4000,3145,0,19318200.000,0,-,-,-,-,2926.0000,2925.8000,2925.0000,2923.8000,2923.6000,2927.4000,2927.6000,2927.8000,2928.2000,2928.6000,1,1,2,1,1,2,1,1,2,2
SF,IH2001,2019-12-10 09:30:42.900,2927.4000,3145,0,19318200.000,0,-,-,-,-,2926.0000,2925.8000,2925.0000,2923.8000,2923.6000,2927.4000,2927.6000,2927.8000,2928.2000,2928.6000,2,1,2,1,1,2,1,1,2,2
SF,IH2001,2019-12-10 09:30:43.400,2927.4000,3145,0,19318200.000,0,-,-,-,-,2926.2000,2926.0000,2925.0000,2923.8000,2923.6000,2927.2000,2927.4000,2927.8000,2928.2000,2928.6000,1,2,2,1,1,2,2,1,2,2
SF,IH2001,2019-12-10 09:30:43.900,2927.4000,3145,0,19318200.000,0,-,-,-,-,2926.2000,2926.0000,2925.0000,2923.8000,2923.6000,2927.2000,2927.4000,2927.8000,2928.2000,2928.6000,1,2,2,1,1,2,1,1,2,2
SF,IH2001,2019-12-10 09:30:45.900,2927.4000,3145,0,19318200.000,0,-,-,-,-,2926.2000,2926.0000,2925.0000,2923.8000,2923.6000,2927.2000,2927.4000,2927.8000,2928.2000,2928.6000,1,2,2,1,1,2,1,1,2,2
SF,IH2001,2019-12-10 09:30:46.400,2927.4000,3145,0,19318200.000,0,-,-,-,-,2926.0000,2925.0000,2923.8000,2923.6000,2920.0000,2927.0000,2927.2000,2927.4000,2927.8000,2928.2000,2,2,1,1,2,1,2,1,1,2
SF,IH2001,2019-12-10 09:30:46.900,2927.4000,3145,0,19318200.000,0,-,-,-,-,2926.0000,2925.0000,2923.8000,2923.6000,2920.0000,2927.0000,2927.2000,2927.4000,2927.8000,2928.2000,2,2,1,1,2,1,2,1,1,2
SF,IH2001,2019-12-10 09:30:47.400,2927.4000,3145,0,19318200.000,0,-,-,-,-,2926.4000,2926.2000,2926.0000,2925.0000,2923.8000,2927.2000,2927.4000,2927.8000,2928.2000,2928.6000,1,1,2,2,1,2,1,1,2,2
SF,IH2001,2019-12-10 09:30:47.900,2927.4000,3145,0,19318200.000,0,-,-,-,-,2926.4000,2926.2000,2926.0000,2925.0000,2923.8000,2927.2000,2927.4000,2927.8000,2928.2000,2928.6000,1,1,2,2,1,2,1,1,2,2
SF,IH2001,2019-12-10 09:30:48.400,2927.4000,3145,0,19318200.000,0,-,-,-,-,2926.4000,2926.2000,2926.0000,2925.0000,2923.8000,2927.2000,2927.4000,2927.8000,2928.2000,2928.6000,1,1,2,2,1,1,1,1,2,2
SF,IH2001,2019-12-10 09:30:48.900,2927.4000,3145,0,19318200.000,0,-,-,-,-,2926.6000,2926.4000,2926.2000,2926.0000,2925.0000,2927.2000,2927.4000,2927.8000,2928.2000,2928.6000,1,1,1,2,2,1,1,1,2,2
SF,IH2001,2019-12-10 09:30:49.400,2927.4000,3145,0,19318200.000,0,-,-,-,-,2926.6000,2926.4000,2926.0000,2925.0000,2923.8000,2927.2000,2927.4000,2927.8000,2928.2000,2928.6000,1,1,3,2,1,1,1,1,2,2
SF,IH2001,2019-12-10 09:30:49.900,2927.4000,3145,0,19318200.000,0,-,-,-,-,2926.4000,2926.0000,2925.0000,2923.8000,2923.6000,2927.2000,2927.4000,2927.8000,2928.2000,2928.6000,1,3,2,1,1,1,1,1,2,2
SF,IH2001,2019-12-10 09:30:50.400,2927.4000,3145,0,19318200.000,0,-,-,-,-,2926.6000,2926.4000,2926.0000,2925.0000,2923.8000,2927.2000,2927.4000,2927.8000,2928.2000,2928.6000,1,1,3,2,1,1,1,1,2,2
SF,IH2001,2019-12-10 09:30:51.400,2926.6000,3143,-2,21074340.000,2,0,2,双平,S,2926.4000,2926.0000,2925.0000,2923.8000,2923.6000,2927.4000,2927.8000,2928.2000,2928.6000,2928.8000,1,3,2,1,1,1,1,2,2,1
SF,IH2001,2019-12-10 09:30:51.900,2926.6000,3143,0,21074340.000,0,-,-,-,-,2926.6000,2926.4000,2926.0000,2925.0000,2923.8000,2927.4000,2927.8000,2928.2000,2928.6000,2928.8000,1,1,3,2,1,1,1,2,2,1
SF,IH2001,2019-12-10 09:30:53.400,2926.6000,3143,0,21074340.000,0,-,-,-,-,2926.6000,2926.4000,2926.0000,2925.0000,2923.8000,2927.2000,2927.4000,2927.8000,2928.2000,2928.6000,1,1,3,2,1,1,1,1,2,2
SF,IH2001,2019-12-10 09:30:53.900,2926.6000,3143,0,21074340.000,0,-,-,-,-,2926.4000,2926.0000,2925.0000,2923.8000,2923.6000,2927.2000,2927.4000,2927.8000,2928.2000,2928.6000,1,3,2,1,1,1,1,1,2,2
SF,IH2001,2019-12-10 09:30:54.400,2926.6000,3143,0,21074340.000,0,-,-,-,-,2926.6000,2926.4000,2926.0000,2925.0000,2923.8000,2927.4000,2927.8000,2928.2000,2928.6000,2928.8000,1,1,3,2,1,1,1,2,2,1
SF,IH2001,2019-12-10 09:30:54.900,2926.6000,3142,-1,21952320.000,1,0,1,双平,S,2926.4000,2926.0000,2925.0000,2923.8000,2923.6000,2927.2000,2927.4000,2927.8000,2928.2000,2928.6000,1,3,2,1,1,1,2,1,2,2
SF,IH2001,2019-12-10 09:30:55.400,2926.6000,3142,0,21952320.000,0,-,-,-,-,2926.4000,2926.0000,2925.0000,2923.8000,2923.6000,2927.4000,2928.2000,2928.6000,2928.8000,2929.4000,1,3,2,1,1,1,2,2,1,4
SF,IH2001,2019-12-10 09:30:56.400,2926.6000,3142,0,21952320.000,0,-,-,-,-,2926.4000,2926.0000,2925.0000,2923.8000,2923.6000,2927.2000,2927.4000,2928.2000,2928.6000,2928.8000,1,3,2,1,1,1,1,2,2,1
SF,IH2001,2019-12-10 09:30:56.900,2926.6000,3142,0,21952320.000,0,-,-,-,-,2926.4000,2926.0000,2925.0000,2923.8000,2923.6000,2927.2000,2927.4000,2928.2000,2928.6000,2928.8000,1,3,2,1,1,1,1,2,2,1
SF,IH2001,2019-12-10 09:30:57.400,2927.2000,3141,-1,22830480.000,1,0,1,双平,S,2926.4000,2926.0000,2925.0000,2923.8000,2923.6000,2927.4000,2928.2000,2928.6000,2928.8000,2929.4000,1,3,2,1,1,1,2,2,1,4
SF,IH2001,2019-12-10 09:30:57.900,2927.2000,3141,0,22830480.000,0,-,-,-,-,2926.4000,2926.0000,2925.0000,2923.8000,2923.6000,2927.0000,2927.4000,2928.2000,2928.6000,2928.8000,1,3,2,1,1,1,1,2,2,1
SF,IH2001,2019-12-10 09:30:58.400,2927.0000,3140,-1,23708580.000,1,0,1,双平,S,2927.2000,2927.0000,2926.4000,2926.0000,2925.0000,2927.4000,2928.2000,2928.6000,2928.8000,2929.4000,1,1,1,3,2,1,2,2,1,4
SF,IH2001,2019-12-10 09:30:58.900,2927.2000,3139,-1,24586740.000,1,0,1,双平,S,2927.0000,2926.4000,2926.0000,2925.0000,2923.8000,2927.4000,2928.2000,2928.6000,2928.8000,2929.4000,1,1,3,2,1,1,2,2,1,4
SF,IH2001,2019-12-10 09:30:59.400,2927.2000,3139,0,24586740.000,0,-,-,-,-,2926.4000,2926.0000,2925.0000,2923.8000,2923.6000,2927.2000,2927.4000,2928.2000,2928.6000,2928.8000,1,3,2,1,1,1,1,2,2,1
SF,IH2001,2019-12-10 09:30:59.900,2927.2000,3138,-1,25464900.000,1,0,1,双平,S,2926.6000,2926.4000,2926.0000,2925.0000,2923.8000,2927.4000,2928.2000,2928.6000,2928.8000,2929.4000,1,1,3,2,1,1,2,2,1,4
SF,IH2001,2019-12-10 09:31:00.400,2927.2000,3137,-1,26343060.000,1,0,1,双平,S,2926.6000,2926.4000,2926.0000,2925.0000,2923.8000,2927.4000,2928.2000,2928.6000,2928.8000,2929.4000,1,1,3,2,1,1,2,2,1,4
SF,IH2001,2019-12-10 09:31:01.400,2927.2000,3137,0,26343060.000,0,-,-,-,-,2926.6000,2926.4000,2926.0000,2925.0000,2923.8000,2927.4000,2928.2000,2928.6000,2928.8000,2929.4000,1,1,3,2,1,1,2,2,1,4
SF,IH2001,2019-12-10 09:31:01.900,2927.2000,3137,0,26343060.000,0,-,-,-,-,2926.6000,2926.4000,2926.0000,2925.0000,2923.8000,2927.2000,2927.4000,2928.2000,2928.6000,2928.8000,1,1,3,2,1,1,1,2,2,1
SF,IH2001,2019-12-10 09:31:02.400,2927.2000,3137,0,26343060.000,0,-,-,-,-,2926.4000,2926.0000,2925.0000,2923.8000,2923.6000,2927.2000,2927.4000,2928.2000,2928.6000,2928.8000,1,3,2,1,1,1,1,2,2,1
SF,IH2001,2019-12-10 09:31:03.400,2926.4000,3136,-1,27220980.000,1,0,1,双平,S,2926.0000,2925.0000,2923.8000,2923.6000,2922.2000,2927.2000,2927.4000,2928.2000,2928.6000,2928.8000,3,2,1,1,1,1,1,2,2,1
SF,IH2001,2019-12-10 09:31:03.900,2926.0000,3136,0,28098780.000,1,0,1,多换,S,2926.0000,2925.0000,2923.8000,2923.6000,2922.2000,2927.2000,2927.4000,2928.2000,2928.6000,2928.8000,2,2,1,1,1,1,1,2,2,1
SF,IH2001,2019-12-10 09:31:04.400,2926.0000,3135,-1,28976580.000,1,0,1,双平,S,2926.0000,2925.0000,2923.8000,2923.6000,2922.2000,2927.0000,2927.2000,2927.4000,2928.2000,2928.6000,1,2,1,1,1,1,2,1,2,2
SF,IH2001,2019-12-10 09:31:04.900,2926.0000,3135,0,28976580.000,0,-,-,-,-,2926.0000,2925.0000,2923.8000,2923.6000,2922.2000,2926.8000,2927.0000,2927.2000,2927.4000,2928.2000,1,2,1,1,1,1,2,2,1,2
SF,IH2001,2019-12-10 09:31:05.400,2926.0000,3135,0,28976580.000,0,-,-,-,-,2926.0000,2925.0000,2923.8000,2923.6000,2922.2000,2926.8000,2927.0000,2927.2000,2928.2000,2928.6000,1,2,1,1,1,1,2,1,2,1
SF,IH2001,2019-12-10 09:31:05.900,2926.0000,3135,0,28976580.000,0,-,-,-,-,2926.2000,2926.0000,2925.0000,2923.8000,2923.6000,2927.2000,2928.2000,2928.6000,2928.8000,2929.4000,1,1,2,1,1,1,2,1,1,4
SF,IH2001,2019-12-10 09:31:06.400,2926.2000,3134,-1,29854440.000,1,0,1,双平,S,2926.0000,2925.0000,2923.8000,2923.6000,2922.2000,2927.0000,2927.2000,2928.2000,2928.6000,2928.8000,1,2,1,1,1,1,1,2,1,1
SF,IH2001,2019-12-10 09:31:06.900,2926.2000,3134,0,29854440.000,0,-,-,-,-,2926.0000,2925.0000,2923.8000,2923.6000,2922.2000,2927.0000,2927.2000,2928.2000,2928.6000,2928.8000,1,2,1,1,1,4,1,2,1,1
SF,IH2001,2019-12-10 09:31:07.400,2926.2000,3134,0,29854440.000,0,-,-,-,-,2926.0000,2925.0000,2923.8000,2923.6000,2922.2000,2927.0000,2928.2000,2928.6000,2928.8000,2929.4000,1,2,1,1,1,2,2,1,1,4
SF,IH2001,2019-12-10 09:31:07.900,2926.0000,3135,1,30732240.000,1,1,0,双开,S,2925.0000,2923.8000,2923.6000,2922.2000,2922.0000,2927.0000,2928.2000,2928.6000,2928.8000,2929.4000,2,1,1,1,1,2,2,1,1,4
SF,IH2001,2019-12-10 09:31:08.400,2926.0000,3135,0,30732240.000,0,-,-,-,-,2925.2000,2925.0000,2923.8000,2923.6000,2922.2000,2925.8000,2927.0000,2928.2000,2928.6000,2928.8000,2,2,1,1,1,1,1,2,1,1
SF,IH2001,2019-12-10 09:31:08.900,2927.0000,3134,-1,32488080.000,2,0,2,多平,S,2926.4000,2926.2000,2925.2000,2925.0000,2923.8000,2928.2000,2928.6000,2928.8000,2929.4000,2929.8000,2,2,1,2,1,2,1,1,4,1
SF,IH2001,2019-12-10 09:31:09.400,2927.0000,3134,0,32488080.000,0,-,-,-,-,2926.6000,2926.4000,2926.2000,2925.4000,2925.2000,2927.4000,2928.0000,2928.2000,2928.6000,2929.4000,1,2,2,1,2,1,2,3,1,4
SF,IH2001,2019-12-10 09:31:09.900,2927.4000,3134,0,33366300.000,1,0,1,多换,S,2927.4000,2926.6000,2926.4000,2926.2000,2925.4000,2928.0000,2928.2000,2928.6000,2929.4000,2929.8000,1,1,2,2,1,2,3,1,4,1
SF,IH2001,2019-12-10 09:31:10.400,2927.4000,3134,0,35122860.000,2,1,1,多换,S,2926.6000,2926.4000,2926.2000,2925.4000,2925.2000,2927.8000,2928.0000,2928.2000,2928.6000,2929.4000,1,2,2,1,2,1,2,3,1,4
SF,IH2001,2019-12-10 09:31:10.900,2927.4000,3134,0,35122860.000,0,-,-,-,-,2926.6000,2926.4000,2926.2000,2925.4000,2925.2000,2927.8000,2928.0000,2928.2000,2928.6000,2929.4000,1,2,2,1,2,1,2,3,1,4
SF,IH2001,2019-12-10 09:31:11.400,2927.4000,3134,0,35122860.000,0,-,-,-,-,2926.6000,2926.4000,2926.2000,2925.4000,2925.2000,2927.8000,2928.0000,2928.2000,2928.6000,2929.4000,1,2,2,1,2,1,2,3,1,4
SF,IH2001,2019-12-10 09:31:11.900,2927.4000,3134,0,35122860.000,0,-,-,-,-,2926.6000,2926.4000,2926.2000,2925.4000,2925.2000,2927.6000,2927.8000,2928.0000,2928.2000,2928.6000,1,2,2,1,2,1,1,1,3,1
SF,IH2001,2019-12-10 09:31:12.400,2927.4000,3134,0,35122860.000,0,-,-,-,-,2926.6000,2926.4000,2926.2000,2925.2000,2925.0000,2927.4000,2927.6000,2927.8000,2928.0000,2928.2000,1,2,2,1,2,1,2,1,1,3
SF,IH2001,2019-12-10 09:31:12.900,2926.6000,3133,-1,36000840.000,1,0,1,双平,S,2926.2000,2925.2000,2925.0000,2923.8000,2923.6000,2926.4000,2926.6000,2927.4000,2927.6000,2927.8000,2,1,2,1,1,1,1,1,2,1
SF,IH2001,2019-12-10 09:31:13.400,2926.4000,3132,-1,36878760.000,1,0,1,双平,S,2926.2000,2925.0000,2923.8000,2923.6000,2922.2000,2926.6000,2927.2000,2927.6000,2927.8000,2928.0000,2,2,1,1,1,1,1,2,1,1
SF,IH2001,2019-12-10 09:31:14.900,2926.4000,3132,0,36878760.000,0,-,-,-,-,2926.2000,2925.0000,2923.8000,2923.6000,2922.2000,2927.2000,2927.6000,2927.8000,2928.0000,2928.2000,2,2,1,1,1,1,2,1,1,3
SF,IH2001,2019-12-10 09:31:15.400,2926.4000,3132,0,36878760.000,0,-,-,-,-,2926.6000,2926.2000,2925.0000,2923.8000,2923.6000,2927.2000,2927.6000,2927.8000,2928.0000,2928.2000,1,2,2,1,1,1,2,1,1,3
SF,IH2001,2019-12-10 09:31:15.900,2927.0000,3131,-1,37756860.000,1,0,1,双平,S,2926.6000,2926.2000,2925.0000,2923.8000,2923.6000,2927.2000,2927.6000,2927.8000,2928.0000,2928.2000,1,2,2,1,1,1,2,1,1,3
SF,IH2001,2019-12-10 09:31:16.400,2927.0000,3131,0,37756860.000,0,-,-,-,-,2926.6000,2926.2000,2925.0000,2923.8000,2923.6000,2927.6000,2927.8000,2928.0000,2928.2000,2928.6000,1,2,2,1,1,1,1,1,3,1
SF,IH2001,2019-12-10 09:31:16.900,2927.0000,3131,0,37756860.000,0,-,-,-,-,2926.6000,2926.2000,2925.0000,2923.8000,2923.6000,2927.4000,2927.6000,2927.8000,2928.0000,2928.2000,1,2,2,1,1,1,1,1,1,3
SF,IH2001,2019-12-10 09:31:17.400,2927.0000,3131,0,37756860.000,0,-,-,-,-,2926.6000,2926.2000,2925.0000,2923.8000,2923.6000,2927.4000,2927.8000,2928.0000,2928.2000,2928.6000,1,2,2,1,1,1,1,1,3,1
SF,IH2001,2019-12-10 09:31:18.400,2927.4000,3130,-1,38635080.000,1,0,1,双平,S,2926.6000,2926.2000,2926.0000,2925.0000,2923.8000,2928.0000,2928.2000,2928.6000,2929.4000,2929.8000,1,2,1,2,1,1,3,1,4,1
SF,IH2001,2019-12-10 09:31:18.900,2927.4000,3130,0,38635080.000,0,-,-,-,-,2926.8000,2926.6000,2926.2000,2925.0000,2923.8000,2927.8000,2928.0000,2928.2000,2928.6000,2929.4000,2,1,2,2,1,4,1,3,1,4
SF,IH2001,2019-12-10 09:31:19.900,2927.4000,3130,0,38635080.000,0,-,-,-,-,2926.8000,2926.6000,2926.2000,2925.0000,2923.8000,2927.6000,2927.8000,2928.0000,2928.2000,2928.6000,1,1,2,2,1,1,4,1,3,1
SF,IH2001,2019-12-10 09:31:20.900,2927.4000,3130,0,38635080.000,0,-,-,-,-,2927.0000,2926.8000,2926.6000,2926.2000,2925.0000,2927.8000,2928.0000,2928.2000,2928.6000,2929.4000,1,1,1,2,2,4,1,3,1,4
SF,IH2001,2019-12-10 09:31:21.400,2927.0000,3129,-1,39513180.000,1,0,1,双平,S,2926.8000,2926.6000,2926.2000,2925.0000,2923.8000,2927.0000,2927.8000,2928.0000,2928.2000,2928.6000,1,1,2,2,1,1,4,1,3,1
SF,IH2001,2019-12-10 09:31:21.900,2926.8000,3127,-2,41269320.000,2,0,2,双平,S,2926.2000,2925.0000,2923.8000,2923.6000,2923.2000,2927.8000,2928.0000,2928.2000,2928.6000,2929.4000,2,2,1,1,1,4,1,3,1,4
SF,IH2001,2019-12-10 09:31:22.400,2926.8000,3127,0,41269320.000,0,-,-,-,-,2926.2000,2925.0000,2923.8000,2923.6000,2923.2000,2926.8000,2927.6000,2927.8000,2928.0000,2928.2000,2,2,1,1,1,1,4,3,1,3
SF,IH2001,2019-12-10 09:31:24.400,2926.8000,3127,0,41269320.000,0,-,-,-,-,2926.2000,2925.0000,2923.8000,2923.6000,2923.2000,2926.8000,2927.6000,2927.8000,2928.0000,2928.2000,2,2,1,1,2,1,4,3,1,3
SF,IH2001,2019-12-10 09:31:25.400,2926.8000,3127,0,41269320.000,0,-,-,-,-,2926.2000,2925.0000,2923.8000,2923.6000,2923.2000,2927.6000,2927.8000,2928.0000,2928.2000,2928.6000,2,2,1,1,2,4,3,1,3,1
SF,IH2001,2019-12-10 09:31:25.900,2926.8000,3127,0,41269320.000,0,-,-,-,-,2926.2000,2925.0000,2923.8000,2923.6000,2923.2000,2927.4000,2927.6000,2927.8000,2928.0000,2928.2000,2,2,1,1,2,2,3,3,1,3
SF,IH2001,2019-12-10 09:31:26.400,2926.2000,3126,-1,42147180.000,1,0,1,双平,S,2926.2000,2925.0000,2923.8000,2923.6000,2923.2000,2927.2000,2927.4000,2927.6000,2927.8000,2928.0000,1,2,1,1,2,3,2,2,3,1
SF,IH2001,2019-12-10 09:31:26.900,2926.2000,3126,0,42147180.000,0,-,-,-,-,2926.2000,2925.0000,2923.8000,2923.6000,2923.2000,2927.2000,2927.4000,2927.6000,2927.8000,2928.0000,1,2,1,1,2,3,1,2,3,1
SF,IH2001,2019-12-10 09:31:27.400,2926.2000,3126,0,42147180.000,0,-,-,-,-,2926.2000,2925.4000,2925.0000,2923.8000,2923.6000,2927.2000,2927.4000,2927.6000,2927.8000,2928.0000,1,1,2,1,1,3,1,2,3,1
SF,IH2001,2019-12-10 09:31:30.900,2926.2000,3126,0,42147180.000,0,-,-,-,-,2926.2000,2925.0000,2923.8000,2923.6000,2923.2000,2927.0000,2927.2000,2927.4000,2927.6000,2927.8000,1,2,1,1,2,1,3,1,2,3
SF,IH2001,2019-12-10 09:31:31.400,2926.2000,3126,0,42147180.000,0,-,-,-,-,2926.2000,2925.0000,2923.8000,2923.6000,2923.2000,2926.8000,2927.0000,2927.2000,2927.4000,2927.6000,1,2,1,1,2,1,1,3,1,2
SF,IH2001,2019-12-10 09:31:31.900,2926.8000,3125,-1,43025220.000,1,0,1,双平,S,2926.2000,2925.0000,2923.8000,2923.6000,2923.2000,2927.0000,2927.2000,2927.4000,2927.8000,2928.0000,1,2,1,1,2,1,3,1,3,1
SF,IH2001,2019-12-10 09:31:32.900,2926.8000,3125,0,43025220.000,0,-,-,-,-,2925.0000,2923.8000,2923.6000,2923.2000,2922.2000,2926.2000,2926.8000,2927.0000,2927.2000,2927.4000,2,1,1,2,1,1,1,1,3,1
SF,IH2001,2019-12-10 09:31:33.400,2926.8000,3125,0,43025220.000,0,-,-,-,-,2925.4000,2925.2000,2925.0000,2923.8000,2923.6000,2926.8000,2927.0000,2927.2000,2927.4000,2927.8000,2,2,3,1,1,1,1,1,1,3
SF,IH2001,2019-12-10 09:31:33.900,2926.8000,3125,0,43025220.000,0,-,-,-,-,2925.6000,2925.4000,2925.2000,2925.0000,2923.8000,2927.0000,2927.2000,2927.8000,2928.0000,2928.2000,1,2,3,3,1,1,1,3,1,3
SF,IH2001,2019-12-10 09:31:34.900,2926.8000,3125,0,43025220.000,0,-,-,-,-,2925.8000,2925.6000,2925.4000,2925.2000,2925.0000,2927.0000,2927.2000,2927.8000,2928.0000,2928.2000,1,1,2,3,3,1,1,3,1,3
SF,IH2001,2019-12-10 09:31:35.400,2926.8000,3125,0,43025220.000,0,-,-,-,-,2925.8000,2925.6000,2925.4000,2925.2000,2925.0000,2926.8000,2927.0000,2927.8000,2928.0000,2928.2000,1,1,2,2,3,1,1,3,1,3
SF,IH2001,2019-12-10 09:31:35.900,2926.8000,3125,0,43025220.000,0,-,-,-,-,2925.6000,2925.4000,2925.2000,2925.0000,2923.8000,2926.8000,2927.0000,2927.8000,2928.0000,2928.2000,1,2,2,3,1,2,1,3,1,3
SF,IH2001,2019-12-10 09:31:37.400,2926.8000,3125,0,43025220.000,0,-,-,-,-,2925.8000,2925.6000,2925.4000,2925.2000,2925.0000,2926.8000,2927.0000,2927.8000,2928.0000,2928.2000,1,1,2,2,3,1,1,3,1,3
SF,IH2001,2019-12-10 09:31:37.900,2926.8000,3125,0,43903260.000,1,0,1,多换,S,2925.8000,2925.6000,2925.4000,2925.2000,2925.0000,2927.0000,2927.8000,2928.0000,2928.2000,2928.6000,1,1,2,2,3,1,3,1,3,1
SF,IH2001,2019-12-10 09:31:38.400,2926.8000,3125,0,43903260.000,0,-,-,-,-,2926.0000,2925.8000,2925.6000,2925.4000,2925.2000,2927.0000,2927.8000,2928.0000,2928.2000,2928.6000,1,1,1,2,2,1,3,1,3,1
SF,IH2001,2019-12-10 09:31:38.900,2926.8000,3125,0,43903260.000,0,-,-,-,-,2926.2000,2926.0000,2925.8000,2925.6000,2925.4000,2927.0000,2927.8000,2928.0000,2928.2000,2928.6000,1,1,1,1,2,1,3,1,3,1
SF,IH2001,2019-12-10 09:31:48.900,2926.8000,3125,0,43903260.000,0,-,-,-,-,2926.2000,2926.0000,2925.8000,2925.6000,2925.4000,2927.0000,2927.8000,2928.0000,2928.2000,2928.6000,2,1,1,1,2,1,3,1,3,1
SF,IH2001,2019-12-10 09:31:49.400,2927.0000,3125,0,44781360.000,1,0,1,多换,S,2926.2000,2926.0000,2925.8000,2925.6000,2925.4000,2927.8000,2928.0000,2928.2000,2928.6000,2929.4000,2,1,1,1,2,3,1,3,1,4
SF,IH2001,2019-12-10 09:31:49.900,2927.0000,3125,0,44781360.000,0,-,-,-,-,2926.2000,2926.0000,2925.8000,2925.6000,2925.4000,2927.6000,2927.8000,2928.0000,2928.2000,2928.6000,2,1,1,1,2,1,3,1,3,1
SF,IH2001,2019-12-10 09:31:50.400,2927.0000,3125,0,44781360.000,0,-,-,-,-,2926.2000,2926.0000,2925.6000,2925.4000,2925.2000,2927.4000,2927.6000,2927.8000,2928.0000,2928.2000,2,1,1,2,2,1,1,3,1,3
SF,IH2001,2019-12-10 09:31:51.400,2927.0000,3125,0,44781360.000,0,-,-,-,-,2926.2000,2926.0000,2925.6000,2925.4000,2925.2000,2927.4000,2927.6000,2927.8000,2928.0000,2928.2000,1,1,1,2,2,1,1,3,1,3
SF,IH2001,2019-12-10 09:31:51.900,2927.0000,3125,0,44781360.000,0,-,-,-,-,2926.4000,2926.2000,2926.0000,2925.6000,2925.4000,2927.4000,2927.6000,2927.8000,2928.0000,2928.2000,1,1,1,1,2,1,1,3,1,3
SF,IH2001,2019-12-10 09:31:52.900,2927.0000,3125,0,44781360.000,0,-,-,-,-,2926.4000,2926.2000,2926.0000,2925.6000,2925.4000,2927.6000,2927.8000,2928.0000,2928.2000,2928.6000,1,1,1,1,2,1,3,1,3,1
SF,IH2001,2019-12-10 09:31:55.400,2927.0000,3125,0,44781360.000,0,-,-,-,-,2926.4000,2926.2000,2926.0000,2925.6000,2925.4000,2927.6000,2928.0000,2928.2000,2928.6000,2929.4000,1,1,1,1,2,1,1,3,1,4
SF,IH2001,2019-12-10 09:31:58.400,2927.0000,3125,0,44781360.000,0,-,-,-,-,2926.4000,2926.2000,2926.0000,2925.6000,2925.4000,2927.4000,2927.6000,2928.0000,2928.2000,2928.6000,1,1,1,1,2,1,1,1,3,1
SF,IH2001,2019-12-10 09:31:58.900,2927.0000,3125,0,44781360.000,0,-,-,-,-,2926.2000,2926.0000,2925.6000,2925.4000,2925.2000,2927.2000,2927.4000,2927.6000,2928.0000,2928.2000,1,1,1,2,2,1,2,1,1,3
SF,IH2001,2019-12-10 09:32:00.900,2927.0000,3125,0,44781360.000,0,-,-,-,-,2926.2000,2926.0000,2925.6000,2925.4000,2925.2000,2927.0000,2927.2000,2927.4000,2927.6000,2928.0000,1,1,1,2,2,1,1,2,1,1
SF,IH2001,2019-12-10 09:32:01.400,2927.0000,3125,0,44781360.000,0,-,-,-,-,2926.2000,2926.0000,2925.6000,2925.4000,2925.2000,2926.8000,2927.0000,2927.2000,2927.4000,2927.6000,1,1,1,1,2,1,1,1,2,1
SF,IH2001,2019-12-10 09:32:01.900,2927.0000,3125,0,44781360.000,0,-,-,-,-,2926.2000,2926.0000,2925.4000,2925.2000,2925.0000,2926.8000,2927.0000,2927.2000,2927.4000,2927.6000,1,1,1,2,2,1,1,1,2,1
SF,IH2001,2019-12-10 09:32:05.400,2927.0000,3125,0,44781360.000,0,-,-,-,-,2926.2000,2926.0000,2925.4000,2925.2000,2925.0000,2926.8000,2927.2000,2927.4000,2927.6000,2928.0000,1,1,1,2,2,1,1,2,1,1
SF,IH2001,2019-12-10 09:32:05.900,2927.0000,3125,0,44781360.000,0,-,-,-,-,2926.2000,2926.0000,2925.4000,2925.2000,2925.0000,2926.8000,2927.6000,2928.0000,2928.2000,2928.6000,1,1,1,2,2,1,1,1,3,1
SF,IH2001,2019-12-10 09:32:07.400,2927.0000,3125,0,44781360.000,0,-,-,-,-,2926.2000,2926.0000,2925.4000,2925.2000,2925.0000,2927.6000,2928.0000,2928.2000,2928.6000,2929.4000,1,1,1,2,2,1,1,3,1,4
SF,IH2001,2019-12-10 09:32:07.900,2927.0000,3125,0,44781360.000,0,-,-,-,-,2926.2000,2926.0000,2925.4000,2925.2000,2925.0000,2927.4000,2927.6000,2928.0000,2928.2000,2928.6000,1,1,1,2,2,2,1,1,3,1
SF,IH2001,2019-12-10 09:32:08.900,2927.0000,3125,0,44781360.000,0,-,-,-,-,2926.4000,2926.2000,2926.0000,2925.4000,2925.2000,2927.6000,2928.0000,2928.2000,2928.6000,2929.4000,1,1,1,1,2,1,1,3,1,4
SF,IH2001,2019-12-10 09:32:12.400,2927.0000,3125,0,44781360.000,0,-,-,-,-,2926.4000,2926.2000,2926.0000,2925.4000,2925.2000,2927.6000,2928.0000,2928.2000,2928.6000,2929.4000,1,1,1,2,2,1,1,3,1,4
SF,IH2001,2019-12-10 09:32:15.400,2927.0000,3125,0,44781360.000,0,-,-,-,-,2926.4000,2926.2000,2926.0000,2925.4000,2925.2000,2927.6000,2928.0000,2928.2000,2928.6000,2929.4000,1,1,1,2,2,1,1,3,1,4
SF,IH2001,2019-12-10 09:32:16.900,2927.0000,3125,0,44781360.000,0,-,-,-,-,2926.4000,2926.2000,2926.0000,2925.4000,2925.2000,2927.6000,2928.0000,2928.2000,2928.6000,2929.4000,1,1,1,2,2,1,1,3,1,4
SF,IH2001,2019-12-10 09:32:26.400,2927.0000,3125,0,44781360.000,0,-,-,-,-,2926.4000,2926.2000,2926.0000,2925.4000,2925.2000,2927.6000,2928.2000,2928.4000,2928.6000,2929.4000,1,1,1,2,2,1,2,1,1,4
SF,IH2001,2019-12-10 09:32:26.900,2927.0000,3125,0,44781360.000,0,-,-,-,-,2927.6000,2926.4000,2926.2000,2926.0000,2925.4000,2928.2000,2928.4000,2928.6000,2929.4000,2929.8000,1,1,1,1,2,2,1,1,4,1
SF,IH2001,2019-12-10 09:32:27.400,2927.6000,3124,-1,45659640.000,1,0,1,双平,S,2926.2000,2926.0000,2925.4000,2925.2000,2925.0000,2927.4000,2928.0000,2928.2000,2928.4000,2928.6000,1,1,2,2,2,1,1,2,1,1
SF,IH2001,2019-12-10 09:32:27.900,2927.6000,3124,0,45659640.000,0,-,-,-,-,2926.6000,2926.4000,2926.2000,2926.0000,2925.4000,2927.4000,2928.0000,2928.2000,2928.4000,2928.6000,1,2,2,1,2,1,1,2,1,1
SF,IH2001,2019-12-10 09:32:28.400,2927.6000,3124,0,45659640.000,0,-,-,-,-,2926.6000,2926.4000,2926.2000,2926.0000,2925.4000,2927.4000,2928.2000,2928.4000,2928.6000,2929.4000,1,3,1,1,2,1,2,1,1,4
SF,IH2001,2019-12-10 09:32:28.900,2927.6000,3124,0,45659640.000,0,-,-,-,-,2926.4000,2926.2000,2926.0000,2925.4000,2925.2000,2927.4000,2928.2000,2928.4000,2928.6000,2929.4000,3,1,1,2,1,1,2,1,1,4
SF,IH2001,2019-12-10 09:32:30.400,2927.6000,3124,0,45659640.000,0,-,-,-,-,2926.4000,2926.2000,2926.0000,2925.4000,2925.2000,2927.4000,2928.2000,2928.4000,2928.6000,2929.4000,2,1,1,2,1,1,2,1,1,4
SF,IH2001,2019-12-10 09:32:31.900,2927.6000,3124,0,45659640.000,0,-,-,-,-,2926.4000,2926.2000,2926.0000,2925.4000,2925.2000,2927.2000,2927.4000,2928.2000,2928.4000,2928.6000,1,1,1,2,1,1,1,2,1,1
SF,IH2001,2019-12-10 09:32:33.400,2927.6000,3124,0,45659640.000,0,-,-,-,-,2926.6000,2926.4000,2926.2000,2926.0000,2925.4000,2927.4000,2928.2000,2928.4000,2928.6000,2929.4000,1,1,1,1,2,1,2,1,1,4
SF,IH2001,2019-12-10 09:32:33.900,2927.6000,3124,0,45659640.000,0,-,-,-,-,2926.6000,2926.4000,2926.2000,2926.0000,2925.4000,2927.4000,2928.2000,2928.4000,2928.6000,2929.4000,1,1,1,1,2,1,2,1,1,4
SF,IH2001,2019-12-10 09:32:35.400,2927.6000,3124,0,45659640.000,0,-,-,-,-,2926.4000,2926.2000,2926.0000,2925.4000,2925.2000,2927.2000,2927.4000,2928.2000,2928.4000,2928.6000,1,1,1,2,1,1,1,2,1,1
SF,IH2001,2019-12-10 09:32:36.400,2927.6000,3124,0,45659640.000,0,-,-,-,-,2926.6000,2926.4000,2926.2000,2926.0000,2925.4000,2927.4000,2928.2000,2928.4000,2928.6000,2929.4000,1,1,1,1,2,1,2,1,1,4
SF,IH2001,2019-12-10 09:32:37.400,2927.6000,3124,0,45659640.000,0,-,-,-,-,2926.4000,2926.2000,2926.0000,2925.4000,2925.2000,2927.2000,2927.4000,2928.2000,2928.4000,2928.6000,1,1,2,2,1,1,1,2,1,1
SF,IH2001,2019-12-10 09:32:38.400,2927.6000,3124,0,45659640.000,0,-,-,-,-,2926.6000,2926.4000,2926.2000,2926.0000,2925.4000,2927.4000,2928.2000,2928.4000,2928.6000,2929.4000,1,1,1,2,2,1,2,1,1,4
SF,IH2001,2019-12-10 09:32:38.900,2927.6000,3124,0,45659640.000,0,-,-,-,-,2926.6000,2926.4000,2926.2000,2926.0000,2925.4000,2928.2000,2928.4000,2928.6000,2929.4000,2929.8000,1,1,1,2,2,2,1,1,4,1
SF,IH2001,2019-12-10 09:32:39.400,2927.6000,3124,0,45659640.000,0,-,-,-,-,2926.6000,2926.4000,2926.2000,2926.0000,2925.4000,2928.0000,2928.2000,2928.4000,2928.6000,2929.4000,1,1,1,2,2,1,2,1,1,4
SF,IH2001,2019-12-10 09:32:39.900,2927.6000,3124,0,45659640.000,0,-,-,-,-,2926.4000,2926.2000,2926.0000,2925.4000,2925.2000,2928.0000,2928.2000,2928.4000,2928.6000,2929.4000,1,1,2,2,1,2,2,1,1,4
SF,IH2001,2019-12-10 09:32:41.400,2927.6000,3124,0,45659640.000,0,-,-,-,-,2926.6000,2926.4000,2926.2000,2926.0000,2925.4000,2928.0000,2928.2000,2928.4000,2928.6000,2929.4000,1,1,1,2,2,2,2,1,1,4
SF,IH2001,2019-12-10 09:32:41.900,2927.6000,3124,0,45659640.000,0,-,-,-,-,2926.8000,2926.6000,2926.4000,2926.2000,2926.0000,2928.0000,2928.2000,2928.4000,2928.6000,2929.4000,1,1,1,1,2,2,2,1,1,4
SF,IH2001,2019-12-10 09:32:42.400,2927.6000,3124,0,45659640.000,0,-,-,-,-,2926.8000,2926.6000,2926.4000,2926.2000,2926.0000,2928.0000,2928.2000,2928.4000,2928.6000,2929.4000,1,1,1,1,2,2,2,1,1,4
SF,IH2001,2019-12-10 09:32:42.900,2927.6000,3124,0,45659640.000,0,-,-,-,-,2926.6000,2926.4000,2926.2000,2926.0000,2925.4000,2928.0000,2928.2000,2928.4000,2928.6000,2929.4000,1,1,1,2,2,2,2,1,1,4
SF,IH2001,2019-12-10 09:32:43.400,2927.6000,3124,0,45659640.000,0,-,-,-,-,2926.6000,2926.2000,2926.0000,2925.4000,2925.2000,2928.0000,2928.2000,2928.4000,2928.6000,2929.4000,1,1,2,2,1,2,2,1,1,4
SF,IH2001,2019-12-10 09:32:44.400,2927.6000,3124,0,45659640.000,0,-,-,-,-,2926.6000,2926.2000,2926.0000,2925.4000,2925.2000,2928.0000,2928.2000,2928.4000,2928.6000,2929.4000,1,1,2,2,1,2,2,1,1,4
SF,IH2001,2019-12-10 09:32:44.900,2927.6000,3124,0,45659640.000,0,-,-,-,-,2926.2000,2926.0000,2925.4000,2925.2000,2925.0000,2927.8000,2928.0000,2928.2000,2928.4000,2928.6000,1,2,2,1,2,1,2,2,1,1
SF,IH2001,2019-12-10 09:32:45.400,2927.6000,3124,0,45659640.000,0,-,-,-,-,2926.4000,2926.2000,2926.0000,2925.4000,2925.2000,2927.6000,2928.2000,2928.4000,2928.6000,2929.4000,2,1,2,2,1,1,2,1,1,4
SF,IH2001,2019-12-10 09:32:47.400,2927.6000,3124,0,45659640.000,0,-,-,-,-,2926.6000,2926.4000,2926.2000,2926.0000,2925.4000,2927.6000,2928.2000,2928.4000,2928.6000,2929.4000,1,2,1,2,2,1,2,1,1,4
SF,IH2001,2019-12-10 09:32:47.900,2927.6000,3124,0,45659640.000,0,-,-,-,-,2926.6000,2926.4000,2926.2000,2926.0000,2925.4000,2927.4000,2927.6000,2928.2000,2928.4000,2928.6000,1,1,1,2,2,1,1,1,1,1
SF,IH2001,2019-12-10 09:32:49.400,2927.6000,3124,0,45659640.000,0,-,-,-,-,2926.8000,2926.6000,2926.4000,2926.2000,2926.0000,2927.4000,2927.6000,2928.2000,2928.4000,2928.6000,1,1,1,1,2,1,1,1,1,1
SF,IH2001,2019-12-10 09:32:49.900,2927.6000,3124,0,45659640.000,0,-,-,-,-,2926.8000,2926.6000,2926.4000,2926.2000,2926.0000,2927.6000,2928.2000,2928.4000,2928.6000,2929.4000,1,1,1,1,2,1,1,1,1,4
SF,IH2001,2019-12-10 09:32:51.400,2927.6000,3124,0,45659640.000,0,-,-,-,-,2926.8000,2926.6000,2926.4000,2926.2000,2926.0000,2927.6000,2928.2000,2928.4000,2928.6000,2929.4000,2,1,1,1,2,1,1,1,1,4
SF,IH2001,2019-12-10 09:32:56.900,2927.6000,3124,0,45659640.000,0,-,-,-,-,2926.8000,2926.4000,2926.2000,2926.0000,2925.4000,2927.6000,2928.2000,2928.4000,2928.6000,2929.4000,2,1,1,2,2,1,1,1,1,4
SF,IH2001,2019-12-10 09:33:01.400,2926.8000,3123,-1,46537680.000,1,0,1,双平,S,2926.8000,2926.4000,2926.2000,2926.0000,2925.4000,2927.6000,2928.2000,2928.4000,2928.6000,2929.4000,1,1,1,2,2,1,1,1,1,4
SF,IH2001,2019-12-10 09:33:01.900,2926.8000,3123,0,47415720.000,1,0,1,多换,S,2926.4000,2926.2000,2926.0000,2925.4000,2925.2000,2926.8000,2927.4000,2927.6000,2928.2000,2928.4000,1,1,2,2,1,1,1,1,1,1
SF,IH2001,2019-12-10 09:33:02.400,2926.4000,3123,0,48293640.000,1,0,1,多换,S,2926.2000,2926.0000,2925.4000,2925.0000,2923.8000,2926.6000,2926.8000,2927.4000,2927.6000,2928.2000,1,2,2,2,1,2,1,1,1,1
SF,IH2001,2019-12-10 09:33:02.900,2926.0000,3123,0,50927100.000,3,1,2,多换,S,2925.4000,2925.0000,2923.8000,2923.6000,2923.2000,2926.2000,2926.4000,2926.6000,2926.8000,2927.4000,2,2,1,1,2,2,1,2,1,1
SF,IH2001,2019-12-10 09:33:03.400,2926.0000,3123,0,50927100.000,0,-,-,-,-,2925.4000,2925.2000,2925.0000,2923.8000,2923.6000,2926.0000,2926.2000,2926.4000,2926.6000,2926.8000,1,1,2,1,1,1,2,1,2,1
SF,IH2001,2019-12-10 09:33:04.400,2926.0000,3123,0,50927100.000,0,-,-,-,-,2925.4000,2925.0000,2923.8000,2923.6000,2923.2000,2925.8000,2926.0000,2926.2000,2926.4000,2926.6000,1,3,1,1,2,1,1,2,1,2
SF,IH2001,2019-12-10 09:33:04.900,2925.8000,3122,-1,51804840.000,1,0,1,双平,S,2925.4000,2925.0000,2924.8000,2923.8000,2923.6000,2926.0000,2926.2000,2926.4000,2926.6000,2926.8000,1,2,1,1,1,1,2,1,2,1
SF,IH2001,2019-12-10 09:33:05.400,2925.8000,3122,0,51804840.000,0,-,-,-,-,2925.4000,2925.0000,2924.8000,2923.8000,2923.6000,2926.0000,2926.2000,2926.4000,2926.6000,2926.8000,1,2,1,1,1,1,1,1,2,1
SF,IH2001,2019-12-10 09:33:06.900,2925.8000,3122,0,51804840.000,0,-,-,-,-,2925.4000,2925.0000,2924.8000,2923.8000,2923.6000,2925.8000,2926.0000,2926.2000,2926.4000,2926.6000,1,2,1,1,1,1,1,1,1,2
SF,IH2001,2019-12-10 09:33:07.900,2925.8000,3122,0,51804840.000,0,-,-,-,-,2925.4000,2925.0000,2924.8000,2923.8000,2923.6000,2926.0000,2926.2000,2926.4000,2926.6000,2926.8000,1,2,1,1,1,1,1,1,2,1
SF,IH2001,2019-12-10 09:33:08.400,2925.8000,3122,0,51804840.000,0,-,-,-,-,2925.4000,2925.0000,2924.8000,2923.8000,2923.6000,2925.8000,2926.0000,2926.2000,2926.4000,2926.6000,1,2,1,1,1,1,1,1,1,2
SF,IH2001,2019-12-10 09:33:09.400,2925.8000,3121,-1,52682580.000,1,0,1,双平,S,2925.4000,2925.0000,2924.8000,2923.8000,2923.6000,2926.0000,2926.2000,2926.4000,2926.6000,2926.8000,1,2,1,1,1,1,1,1,2,1
SF,IH2001,2019-12-10 09:33:10.400,2925.8000,3121,0,52682580.000,0,-,-,-,-,2925.4000,2925.0000,2924.8000,2923.8000,2923.6000,2926.2000,2926.4000,2926.6000,2926.8000,2927.6000,1,2,1,1,1,1,1,2,1,1
SF,IH2001,2019-12-10 09:33:10.900,2925.8000,3121,0,52682580.000,0,-,-,-,-,2925.6000,2925.4000,2925.0000,2924.8000,2923.8000,2926.2000,2926.4000,2926.6000,2926.8000,2927.6000,1,1,2,1,1,1,1,2,1,1
SF,IH2001,2019-12-10 09:33:12.400,2925.8000,3121,0,52682580.000,0,-,-,-,-,2925.4000,2925.0000,2924.8000,2923.8000,2923.6000,2926.2000,2926.4000,2926.6000,2926.8000,2927.6000,1,2,1,1,1,1,1,2,1,1
SF,IH2001,2019-12-10 09:33:12.900,2925.8000,3121,0,52682580.000,0,-,-,-,-,2925.4000,2925.0000,2924.8000,2923.8000,2923.6000,2926.0000,2926.2000,2926.4000,2926.6000,2926.8000,1,2,1,1,1,1,1,1,2,1
SF,IH2001,2019-12-10 09:33:13.900,2925.8000,3121,0,52682580.000,0,-,-,-,-,2925.0000,2924.6000,2923.8000,2923.6000,2923.2000,2926.0000,2926.2000,2926.4000,2926.6000,2926.8000,2,1,1,1,2,1,1,1,2,1
SF,IH2001,2019-12-10 09:33:14.900,2925.8000,3121,0,52682580.000,0,-,-,-,-,2925.2000,2925.0000,2924.6000,2923.8000,2923.6000,2926.0000,2926.2000,2926.4000,2926.6000,2926.8000,1,2,1,1,1,1,1,1,2,1
SF,IH2001,2019-12-10 09:33:15.400,2925.8000,3121,0,52682580.000,0,-,-,-,-,2925.6000,2925.2000,2925.0000,2924.6000,2923.8000,2926.2000,2926.4000,2926.6000,2926.8000,2927.6000,1,3,2,1,1,1,1,2,1,1
SF,IH2001,2019-12-10 09:33:15.900,2925.8000,3121,0,52682580.000,0,-,-,-,-,2925.2000,2925.0000,2924.6000,2923.8000,2923.6000,2926.4000,2926.6000,2926.8000,2927.6000,2928.2000,2,2,1,1,1,1,2,1,1,1
SF,IH2001,2019-12-10 09:33:16.400,2925.8000,3121,0,52682580.000,0,-,-,-,-,2925.6000,2925.4000,2925.2000,2925.0000,2924.6000,2926.6000,2926.8000,2927.6000,2928.2000,2928.4000,1,2,3,2,1,2,1,1,1,1
SF,IH2001,2019-12-10 09:33:16.900,2925.8000,3121,0,52682580.000,0,-,-,-,-,2925.4000,2925.2000,2925.0000,2924.6000,2923.8000,2926.4000,2926.6000,2926.8000,2927.6000,2928.2000,2,1,2,1,1,1,2,1,1,1
SF,IH2001,2019-12-10 09:33:17.400,2925.8000,3121,0,52682580.000,0,-,-,-,-,2925.8000,2925.4000,2925.2000,2925.0000,2924.6000,2926.4000,2926.6000,2926.8000,2927.6000,2928.2000,1,2,1,2,1,1,2,1,1,1
SF,IH2001,2019-12-10 09:33:17.900,2925.8000,3121,0,52682580.000,0,-,-,-,-,2925.6000,2925.4000,2925.2000,2925.0000,2924.6000,2926.4000,2926.6000,2926.8000,2927.6000,2928.2000,1,2,1,2,1,1,2,1,1,1
SF,IH2001,2019-12-10 09:33:18.400,2925.8000,3121,0,52682580.000,0,-,-,-,-,2925.6000,2925.4000,2925.2000,2925.0000,2924.6000,2926.6000,2926.8000,2927.6000,2928.2000,2928.4000,1,2,1,2,1,2,1,1,1,1
SF,IH2001,2019-12-10 09:33:19.900,2925.8000,3121,0,52682580.000,0,-,-,-,-,2925.4000,2925.2000,2925.0000,2924.6000,2923.8000,2926.4000,2926.6000,2926.8000,2927.6000,2928.2000,2,1,2,1,1,1,2,1,1,1
SF,IH2001,2019-12-10 09:33:20.900,2925.8000,3121,0,52682580.000,0,-,-,-,-,2925.4000,2925.2000,2925.0000,2924.6000,2923.8000,2926.4000,2926.6000,2926.8000,2927.6000,2928.2000,2,1,2,1,1,1,2,1,1,1
SF,IH2001,2019-12-10 09:33:21.400,2926.4000,3120,-1,53560500.000,1,0,1,双平,S,2926.0000,2925.6000,2925.4000,2925.2000,2925.0000,2926.6000,2926.8000,2927.6000,2928.2000,2928.6000,1,3,2,1,2,2,1,1,1,1
SF,IH2001,2019-12-10 09:33:21.900,2926.4000,3120,0,53560500.000,0,-,-,-,-,2925.6000,2925.4000,2925.2000,2925.0000,2924.6000,2926.6000,2926.8000,2927.6000,2928.2000,2928.6000,1,2,1,2,1,2,1,1,1,1
SF,IH2001,2019-12-10 09:33:22.900,2926.6000,3119,-1,54438480.000,1,0,1,双平,S,2926.0000,2925.6000,2925.4000,2925.2000,2925.0000,2926.8000,2927.6000,2928.2000,2928.6000,2929.4000,1,2,2,1,2,1,1,1,1,4
SF,IH2001,2019-12-10 09:33:23.400,2926.6000,3119,0,54438480.000,0,-,-,-,-,2926.2000,2925.6000,2925.4000,2925.2000,2925.0000,2926.8000,2927.6000,2928.2000,2928.6000,2929.4000,1,1,2,1,2,1,1,1,1,4
SF,IH2001,2019-12-10 09:33:23.900,2926.6000,3119,0,54438480.000,0,-,-,-,-,2926.2000,2925.4000,2925.2000,2925.0000,2924.6000,2926.8000,2927.6000,2928.2000,2928.6000,2929.4000,1,2,1,2,1,1,1,1,1,4
SF,IH2001,2019-12-10 09:33:24.400,2926.6000,3119,0,54438480.000,0,-,-,-,-,2926.6000,2925.4000,2925.2000,2925.0000,2924.6000,2926.8000,2927.6000,2928.2000,2928.6000,2929.4000,1,2,1,2,1,1,1,1,1,4
SF,IH2001,2019-12-10 09:33:24.900,2926.6000,3119,0,54438480.000,0,-,-,-,-,2926.6000,2926.4000,2925.4000,2925.2000,2925.0000,2927.6000,2928.2000,2928.6000,2929.4000,2929.8000,1,1,2,1,2,1,1,1,4,1
SF,IH2001,2019-12-10 09:33:25.400,2926.6000,3118,-1,55316460.000,1,0,1,双平,S,2926.4000,2925.4000,2925.2000,2925.0000,2924.6000,2927.4000,2927.6000,2927.8000,2928.2000,2928.6000,1,2,1,2,1,1,1,1,1,1
SF,IH2001,2019-12-10 09:33:25.900,2926.6000,3118,0,55316460.000,0,-,-,-,-,2926.4000,2925.4000,2925.2000,2925.0000,2924.6000,2927.2000,2927.4000,2927.8000,2928.2000,2928.6000,1,2,1,2,1,1,1,1,1,1
SF,IH2001,2019-12-10 09:33:26.400,2926.6000,3118,0,55316460.000,0,-,-,-,-,2925.4000,2925.2000,2925.0000,2924.6000,2923.8000,2927.2000,2927.4000,2927.8000,2928.2000,2928.6000,2,1,2,1,1,2,1,1,1,1
SF,IH2001,2019-12-10 09:33:26.900,2926.6000,3118,0,55316460.000,0,-,-,-,-,2926.0000,2925.6000,2925.4000,2925.2000,2925.0000,2927.2000,2927.4000,2927.8000,2928.2000,2928.6000,1,3,2,1,2,2,1,1,1,1
SF,IH2001,2019-12-10 09:33:27.400,2926.6000,3118,0,55316460.000,0,-,-,-,-,2926.2000,2925.6000,2925.4000,2925.2000,2925.0000,2927.2000,2927.4000,2927.8000,2928.2000,2928.6000,1,1,2,1,2,1,1,1,1,1
SF,IH2001,2019-12-10 09:33:28.400,2926.6000,3118,0,55316460.000,0,-,-,-,-,2925.6000,2925.4000,2925.2000,2925.0000,2924.6000,2927.0000,2927.2000,2927.4000,2927.8000,2928.2000,1,2,1,2,1,1,1,1,1,1
SF,IH2001,2019-12-10 09:33:28.900,2926.6000,3118,0,55316460.000,0,-,-,-,-,2925.6000,2925.4000,2925.2000,2925.0000,2924.6000,2927.0000,2927.2000,2927.4000,2927.8000,2928.2000,1,2,1,2,1,1,1,1,1,1
SF,IH2001,2019-12-10 09:33:29.400,2926.6000,3118,0,55316460.000,0,-,-,-,-,2926.0000,2925.8000,2925.6000,2925.4000,2925.2000,2927.2000,2927.4000,2927.8000,2928.2000,2928.6000,1,1,2,2,1,1,1,1,1,1
SF,IH2001,2019-12-10 09:33:29.900,2926.6000,3118,0,55316460.000,0,-,-,-,-,2925.8000,2925.6000,2925.4000,2925.2000,2925.0000,2926.0000,2927.2000,2927.4000,2927.8000,2928.2000,1,1,2,1,2,2,1,1,1,1
SF,IH2001,2019-12-10 09:33:30.400,2926.0000,3116,-2,57072060.000,2,0,2,双平,S,2926.2000,2925.8000,2925.6000,2925.4000,2925.2000,2927.2000,2927.4000,2927.8000,2928.2000,2928.6000,2,1,1,2,1,1,1,1,1,1
SF,IH2001,2019-12-10 09:33:30.900,2926.0000,3116,0,57072060.000,0,-,-,-,-,2926.4000,2926.2000,2925.6000,2925.4000,2925.2000,2927.0000,2927.2000,2927.4000,2927.8000,2928.2000,2,2,1,2,1,1,1,1,1,1
SF,IH2001,2019-12-10 09:33:31.400,2926.0000,3116,0,57072060.000,0,-,-,-,-,2926.4000,2926.2000,2925.6000,2925.4000,2925.2000,2927.0000,2927.4000,2927.8000,2928.2000,2928.6000,2,3,1,2,1,1,1,1,1,1
SF,IH2001,2019-12-10 09:33:32.900,2926.0000,3116,0,57072060.000,0,-,-,-,-,2926.2000,2925.6000,2925.4000,2925.2000,2925.0000,2927.0000,2927.4000,2927.8000,2928.2000,2928.6000,3,1,2,1,2,1,1,1,1,1
SF,IH2001,2019-12-10 09:33:33.400,2926.0000,3116,0,57072060.000,0,-,-,-,-,2926.2000,2925.6000,2925.4000,2925.2000,2925.0000,2927.0000,2927.4000,2927.8000,2928.2000,2928.6000,2,1,1,1,2,1,1,1,1,1
SF,IH2001,2019-12-10 09:33:34.400,2926.0000,3116,0,57072060.000,0,-,-,-,-,2925.6000,2925.4000,2925.2000,2925.0000,2924.6000,2927.0000,2927.4000,2927.8000,2928.2000,2928.6000,1,1,1,2,1,1,1,1,1,1
SF,IH2001,2019-12-10 09:33:34.900,2926.0000,3116,0,57072060.000,0,-,-,-,-,2925.6000,2925.2000,2925.0000,2924.6000,2923.8000,2927.0000,2927.4000,2927.8000,2928.2000,2928.6000,1,1,2,1,1,1,1,1,1,1
SF,IH2001,2019-12-10 09:33:35.400,2926.0000,3116,0,57072060.000,0,-,-,-,-,2925.8000,2925.6000,2925.2000,2925.0000,2924.6000,2926.2000,2927.0000,2927.4000,2927.8000,2928.2000,1,1,1,2,1,1,1,1,1,1
SF,IH2001,2019-12-10 09:33:35.900,2926.2000,3116,0,57949920.000,1,0,1,多换,S,2926.2000,2925.8000,2925.6000,2925.2000,2925.0000,2927.4000,2927.8000,2928.2000,2928.6000,2929.4000,2,1,1,1,2,1,1,1,1,4
SF,IH2001,2019-12-10 09:33:36.400,2926.2000,3116,0,57949920.000,0,-,-,-,-,2926.2000,2925.6000,2925.2000,2925.0000,2924.6000,2927.2000,2927.4000,2928.0000,2928.2000,2928.6000,2,1,1,2,1,1,1,1,1,1
SF,IH2001,2019-12-10 09:33:42.900,2926.2000,3116,0,57949920.000,0,-,-,-,-,2925.6000,2925.2000,2925.0000,2924.6000,2923.8000,2927.2000,2927.4000,2928.0000,2928.2000,2928.6000,1,1,2,1,1,1,1,1,1,1
SF,IH2001,2019-12-10 09:33:43.400,2926.2000,3116,0,57949920.000,0,-,-,-,-,2925.6000,2925.2000,2925.0000,2924.6000,2923.8000,2926.2000,2927.2000,2927.4000,2928.0000,2928.2000,1,1,2,1,1,1,1,1,1,1
SF,IH2001,2019-12-10 09:33:43.900,2926.2000,3116,0,58827780.000,1,0,1,多换,S,2925.6000,2925.2000,2925.0000,2924.6000,2923.8000,2927.2000,2927.4000,2928.0000,2928.2000,2928.6000,1,1,2,1,1,1,1,1,1,1
SF,IH2001,2019-12-10 09:33:44.400,2926.2000,3116,0,58827780.000,0,-,-,-,-,2925.6000,2925.2000,2925.0000,2924.6000,2923.8000,2927.0000,2927.2000,2927.4000,2928.0000,2928.2000,1,1,2,1,1,1,1,1,1,1
SF,IH2001,2019-12-10 09:33:44.900,2926.2000,3116,0,58827780.000,0,-,-,-,-,2925.6000,2925.2000,2925.0000,2924.6000,2923.8000,2926.8000,2927.0000,2927.2000,2927.4000,2928.0000,1,1,2,1,1,1,1,1,1,1
SF,IH2001,2019-12-10 09:33:45.900,2926.2000,3116,0,58827780.000,0,-,-,-,-,2925.6000,2925.0000,2924.6000,2923.8000,2923.6000,2926.8000,2927.0000,2927.2000,2927.4000,2928.0000,1,2,1,1,1,1,1,1,1,1
SF,IH2001,2019-12-10 09:33:48.900,2926.2000,3116,0,58827780.000,0,-,-,-,-,2925.6000,2925.0000,2924.6000,2923.8000,2923.6000,2926.6000,2926.8000,2927.0000,2927.2000,2928.0000,1,2,1,1,1,1,1,1,1,1
SF,IH2001,2019-12-10 09:33:49.400,2926.2000,3116,0,58827780.000,0,-,-,-,-,2925.8000,2925.6000,2925.0000,2924.6000,2923.8000,2926.8000,2927.0000,2928.0000,2928.2000,2928.6000,1,1,2,1,1,1,1,1,1,1
SF,IH2001,2019-12-10 09:33:49.900,2926.2000,3116,0,58827780.000,0,-,-,-,-,2925.8000,2925.6000,2925.0000,2924.6000,2923.8000,2927.0000,2928.0000,2928.2000,2928.6000,2929.4000,1,1,2,1,1,1,1,1,1,4
SF,IH2001,2019-12-10 09:33:50.400,2926.2000,3116,0,58827780.000,0,-,-,-,-,2925.8000,2925.6000,2925.0000,2924.6000,2923.8000,2926.8000,2927.0000,2928.0000,2928.2000,2928.6000,1,1,2,1,1,1,1,1,1,1
SF,IH2001,2019-12-10 09:33:50.900,2926.2000,3116,0,58827780.000,0,-,-,-,-,2925.8000,2925.6000,2925.0000,2924.6000,2923.8000,2926.8000,2927.0000,2928.0000,2928.2000,2928.6000,2,1,2,1,1,2,1,1,1,1
SF,IH2001,2019-12-10 09:33:51.400,2926.2000,3116,0,58827780.000,0,-,-,-,-,2925.8000,2925.6000,2925.0000,2924.6000,2923.8000,2926.8000,2927.0000,2928.0000,2928.2000,2928.6000,2,1,2,1,1,1,1,1,1,1
SF,IH2001,2019-12-10 09:33:52.400,2926.2000,3116,0,58827780.000,0,-,-,-,-,2926.0000,2925.8000,2925.6000,2925.0000,2924.6000,2926.8000,2927.0000,2928.0000,2928.2000,2928.6000,1,2,1,2,1,1,1,1,1,1
SF,IH2001,2019-12-10 09:33:52.900,2926.2000,3116,0,58827780.000,0,-,-,-,-,2926.0000,2925.8000,2925.6000,2925.0000,2924.6000,2927.0000,2928.0000,2928.2000,2928.6000,2929.4000,1,2,1,2,1,1,1,1,1,4
SF,IH2001,2019-12-10 09:33:55.400,2926.2000,3116,0,58827780.000,0,-,-,-,-,2926.0000,2925.8000,2925.6000,2925.0000,2924.6000,2926.8000,2927.0000,2928.0000,2928.2000,2928.6000,1,2,1,2,1,1,1,1,1,1
SF,IH2001,2019-12-10 09:33:56.400,2926.2000,3116,0,58827780.000,0,-,-,-,-,2926.0000,2925.8000,2925.6000,2925.0000,2924.6000,2926.8000,2928.0000,2928.2000,2928.6000,2929.4000,1,2,1,2,1,1,1,1,1,4
SF,IH2001,2019-12-10 09:33:56.900,2926.2000,3116,0,58827780.000,0,-,-,-,-,2926.0000,2925.8000,2925.6000,2925.0000,2924.6000,2928.0000,2928.2000,2928.6000,2929.4000,2929.8000,1,2,1,2,1,1,1,1,4,1
SF,IH2001,2019-12-10 09:33:57.400,2926.2000,3116,0,58827780.000,0,-,-,-,-,2926.0000,2925.8000,2925.6000,2925.0000,2924.6000,2927.2000,2927.4000,2927.6000,2927.8000,2928.0000,1,2,1,2,1,1,2,1,3,1
SF,IH2001,2019-12-10 09:33:57.900,2926.2000,3116,0,58827780.000,0,-,-,-,-,2926.0000,2925.8000,2925.6000,2925.0000,2924.6000,2927.0000,2927.2000,2927.4000,2927.6000,2927.8000,1,2,1,2,1,1,1,2,1,4
SF,IH2001,2019-12-10 09:33:58.900,2926.2000,3116,0,58827780.000,0,-,-,-,-,2926.0000,2925.8000,2925.6000,2925.0000,2924.6000,2926.8000,2927.0000,2927.2000,2927.4000,2927.6000,1,2,1,2,1,1,1,1,2,1
SF,IH2001,2019-12-10 09:33:59.400,2926.2000,3116,0,58827780.000,0,-,-,-,-,2926.0000,2925.8000,2925.6000,2925.0000,2924.6000,2926.8000,2927.0000,2927.2000,2927.4000,2927.6000,1,2,1,2,1,1,1,1,2,1
SF,IH2001,2019-12-10 09:34:00.400,2926.2000,3116,0,58827780.000,0,-,-,-,-,2926.0000,2925.8000,2925.6000,2925.0000,2924.6000,2926.8000,2927.0000,2927.2000,2927.4000,2927.6000,1,2,1,2,1,1,1,1,1,1
SF,IH2001,2019-12-10 09:34:00.900,2926.2000,3116,0,58827780.000,0,-,-,-,-,2926.0000,2925.8000,2925.6000,2925.0000,2924.6000,2926.8000,2927.2000,2927.4000,2927.6000,2927.8000,1,2,1,2,1,1,1,1,1,3
SF,IH2001,2019-12-10 09:34:01.400,2926.2000,3116,0,58827780.000,0,-,-,-,-,2926.0000,2925.8000,2925.6000,2925.0000,2924.6000,2927.2000,2927.4000,2927.6000,2927.8000,2928.0000,1,2,1,2,1,1,1,1,3,1
SF,IH2001,2019-12-10 09:34:01.900,2926.2000,3116,0,58827780.000,0,-,-,-,-,2926.0000,2925.8000,2925.6000,2925.0000,2924.6000,2927.8000,2928.0000,2928.2000,2928.6000,2929.4000,1,2,1,2,1,3,1,1,1,4
SF,IH2001,2019-12-10 09:34:02.400,2926.2000,3116,0,58827780.000,0,-,-,-,-,2926.2000,2926.0000,2925.8000,2925.0000,2924.6000,2927.6000,2927.8000,2928.0000,2928.2000,2928.6000,1,1,2,2,1,2,3,1,1,1
SF,IH2001,2019-12-10 09:34:02.900,2926.2000,3116,0,58827780.000,0,-,-,-,-,2926.4000,2926.2000,2926.0000,2925.8000,2925.0000,2927.4000,2927.8000,2928.0000,2928.2000,2928.6000,1,1,1,2,2,1,3,1,1,1
SF,IH2001,2019-12-10 09:34:03.400,2926.2000,3116,0,58827780.000,0,-,-,-,-,2926.4000,2926.2000,2926.0000,2925.8000,2925.0000,2927.4000,2927.8000,2928.0000,2928.2000,2928.6000,1,1,1,2,2,2,3,1,1,1
SF,IH2001,2019-12-10 09:34:04.400,2926.2000,3116,0,58827780.000,0,-,-,-,-,2926.4000,2926.2000,2926.0000,2925.8000,2925.0000,2927.4000,2927.8000,2928.0000,2928.2000,2928.6000,1,1,1,2,2,1,3,1,1,1
SF,IH2001,2019-12-10 09:34:04.900,2926.2000,3116,0,58827780.000,0,-,-,-,-,2926.4000,2926.2000,2926.0000,2925.8000,2925.0000,2927.8000,2928.0000,2928.2000,2928.6000,2929.4000,1,1,1,2,2,3,1,1,1,4
SF,IH2001,2019-12-10 09:34:05.900,2926.2000,3116,0,58827780.000,0,-,-,-,-,2926.4000,2926.2000,2925.8000,2925.0000,2924.6000,2927.6000,2927.8000,2928.0000,2928.2000,2928.6000,1,1,2,2,1,1,3,1,1,1
SF,IH2001,2019-12-10 09:34:06.400,2926.2000,3116,0,58827780.000,0,-,-,-,-,2926.2000,2925.8000,2925.0000,2924.6000,2923.8000,2927.4000,2927.6000,2927.8000,2928.0000,2928.2000,1,2,2,1,1,1,1,3,1,1
SF,IH2001,2019-12-10 09:34:06.900,2926.2000,3116,0,58827780.000,0,-,-,-,-,2926.6000,2926.2000,2925.8000,2925.0000,2924.6000,2927.4000,2927.8000,2928.0000,2928.2000,2928.6000,1,1,2,2,1,2,3,1,1,1
SF,IH2001,2019-12-10 09:34:07.400,2927.4000,3115,-1,61462440.000,3,1,2,多平,S,2926.6000,2926.2000,2925.8000,2925.0000,2924.6000,2927.8000,2928.0000,2928.2000,2928.6000,2929.4000,1,1,2,2,1,2,1,1,1,4
SF,IH2001,2019-12-10 09:34:07.900,2927.4000,3115,0,61462440.000,0,-,-,-,-,2927.4000,2926.8000,2926.6000,2925.8000,2925.0000,2928.2000,2928.4000,2928.6000,2929.4000,2929.8000,1,1,1,2,2,1,1,1,4,1
SF,IH2001,2019-12-10 09:34:08.400,2927.4000,3115,0,61462440.000,0,-,-,-,-,2927.6000,2927.4000,2926.8000,2926.6000,2926.4000,2928.6000,2928.8000,2929.4000,2929.8000,2932.0000,1,1,2,1,1,1,1,4,1,1
SF,IH2001,2019-12-10 09:34:08.900,2927.4000,3115,0,61462440.000,0,-,-,-,-,2927.6000,2927.4000,2926.8000,2926.4000,2925.8000,2928.4000,2928.6000,2928.8000,2929.4000,2929.8000,1,1,2,1,2,2,1,1,4,1
SF,IH2001,2019-12-10 09:34:09.400,2928.4000,3113,-2,63219480.000,2,0,2,双平,S,2927.6000,2927.4000,2926.8000,2926.4000,2925.8000,2929.4000,2929.8000,2932.0000,2933.8000,2937.8000,1,1,2,1,2,4,1,1,1,1
SF,IH2001,2019-12-10 09:34:09.900,2928.4000,3113,0,63219480.000,0,-,-,-,-,2927.6000,2927.4000,2926.8000,2926.4000,2925.8000,2929.0000,2929.2000,2929.4000,2929.8000,2932.0000,1,1,2,1,2,1,3,4,1,1
SF,IH2001,2019-12-10 09:34:10.400,2928.4000,3113,0,63219480.000,0,-,-,-,-,2927.8000,2927.4000,2926.8000,2926.4000,2925.8000,2928.8000,2929.2000,2929.4000,2929.6000,2929.8000,1,1,2,1,2,1,1,4,1,1
SF,IH2001,2019-12-10 09:34:10.900,2928.4000,3113,0,63219480.000,0,-,-,-,-,2927.4000,2926.8000,2926.4000,2925.8000,2925.0000,2928.8000,2929.2000,2929.4000,2929.6000,2929.8000,1,2,1,2,2,1,1,4,1,1
SF,IH2001,2019-12-10 09:34:11.400,2928.4000,3113,0,63219480.000,0,-,-,-,-,2927.6000,2927.4000,2926.8000,2926.4000,2925.8000,2928.8000,2929.2000,2929.4000,2929.6000,2929.8000,2,1,1,1,2,1,1,4,1,1
SF,IH2001,2019-12-10 09:34:12.400,2928.4000,3113,0,63219480.000,0,-,-,-,-,2927.8000,2927.6000,2927.4000,2926.8000,2926.4000,2928.8000,2929.2000,2929.4000,2929.6000,2929.8000,1,2,1,1,1,1,1,4,1,1
SF,IH2001,2019-12-10 09:34:12.900,2928.4000,3113,0,63219480.000,0,-,-,-,-,2927.8000,2927.6000,2927.4000,2926.8000,2926.4000,2929.2000,2929.4000,2929.6000,2929.8000,2932.0000,1,2,1,1,1,1,4,1,1,1
SF,IH2001,2019-12-10 09:34:13.400,2928.4000,3113,0,63219480.000,0,-,-,-,-,2928.0000,2927.6000,2927.4000,2926.4000,2925.8000,2928.6000,2929.2000,2929.4000,2929.6000,2929.8000,1,2,1,1,2,1,1,4,1,1
SF,IH2001,2019-12-10 09:34:13.900,2928.4000,3113,0,63219480.000,0,-,-,-,-,2927.6000,2927.4000,2926.4000,2925.8000,2925.0000,2928.6000,2929.2000,2929.4000,2929.6000,2929.8000,2,1,1,2,2,1,1,4,1,1
SF,IH2001,2019-12-10 09:34:15.400,2928.4000,3113,0,63219480.000,0,-,-,-,-,2927.8000,2927.6000,2927.4000,2926.4000,2925.8000,2929.2000,2929.4000,2929.6000,2929.8000,2932.0000,1,2,1,1,2,1,4,1,1,1
SF,IH2001,2019-12-10 09:34:16.400,2928.4000,3113,0,63219480.000,0,-,-,-,-,2928.0000,2927.8000,2927.6000,2927.4000,2926.4000,2929.2000,2929.8000,2932.0000,2933.8000,2937.8000,1,1,2,1,1,1,2,1,1,1
SF,IH2001,2019-12-10 09:34:16.900,2928.4000,3113,0,63219480.000,0,-,-,-,-,2928.2000,2928.0000,2927.6000,2927.4000,2926.4000,2929.0000,2930.0000,2932.0000,2933.8000,2937.8000,1,1,1,1,1,1,1,1,1,1
SF,IH2001,2019-12-10 09:34:17.400,2928.4000,3113,0,63219480.000,0,-,-,-,-,2928.4000,2928.2000,2928.0000,2927.4000,2926.4000,2929.0000,2932.0000,2933.8000,2937.8000,2938.4000,1,1,1,1,1,1,1,1,1,1
SF,IH2001,2019-12-10 09:34:17.900,2928.4000,3113,0,63219480.000,0,-,-,-,-,2928.4000,2928.2000,2928.0000,2927.4000,2926.4000,2932.0000,2933.8000,2937.8000,2938.4000,2939.0000,2,1,1,1,1,1,1,1,1,1
SF,IH2001,2019-12-10 09:34:18.400,2928.4000,3113,0,63219480.000,0,-,-,-,-,2928.6000,2928.4000,2928.0000,2927.4000,2926.4000,2930.0000,2930.2000,2930.6000,2931.8000,2932.0000,1,2,1,1,1,1,1,1,2,2
SF,IH2001,2019-12-10 09:34:18.900,2928.4000,3113,0,63219480.000,0,-,-,-,-,2928.8000,2928.6000,2928.4000,2928.0000,2927.4000,2930.0000,2930.6000,2931.8000,2932.0000,2933.8000,1,1,2,1,1,1,1,2,2,1
SF,IH2001,2019-12-10 09:34:19.400,2928.4000,3113,0,63219480.000,0,-,-,-,-,2928.8000,2928.6000,2928.4000,2927.4000,2926.4000,2930.6000,2931.8000,2932.0000,2933.8000,2937.8000,2,1,2,1,1,1,2,2,1,1
SF,IH2001,2019-12-10 09:34:19.900,2928.4000,3113,0,63219480.000,0,-,-,-,-,2929.0000,2928.8000,2928.4000,2928.2000,2927.4000,2931.8000,2932.0000,2933.8000,2937.8000,2938.4000,1,2,2,1,1,2,2,1,1,1
SF,IH2001,2019-12-10 09:34:20.400,2928.4000,3113,0,63219480.000,0,-,-,-,-,2929.2000,2929.0000,2928.8000,2928.4000,2928.2000,2930.8000,2931.0000,2931.4000,2931.6000,2931.8000,1,1,2,2,1,1,2,1,1,2
SF,IH2001,2019-12-10 09:34:20.900,2928.4000,3113,0,63219480.000,0,-,-,-,-,2929.2000,2929.0000,2928.8000,2928.4000,2928.2000,2930.6000,2931.0000,2931.4000,2931.8000,2932.0000,1,1,2,1,1,4,2,1,2,2
SF,IH2001,2019-12-10 09:34:21.400,2928.4000,3113,0,63219480.000,0,-,-,-,-,2929.4000,2929.2000,2929.0000,2928.8000,2928.2000,2930.6000,2931.0000,2931.4000,2931.8000,2932.0000,1,1,1,2,1,2,2,1,1,2
SF,IH2001,2019-12-10 09:34:21.900,2928.4000,3113,0,63219480.000,0,-,-,-,-,2929.2000,2929.0000,2928.8000,2928.2000,2927.4000,2930.4000,2930.6000,2931.0000,2931.4000,2931.8000,1,1,1,1,1,2,2,2,1,1
SF,IH2001,2019-12-10 09:34:22.900,2928.4000,3113,0,63219480.000,0,-,-,-,-,2929.2000,2929.0000,2928.8000,2928.2000,2927.4000,2930.2000,2930.6000,2931.0000,2931.4000,2931.8000,1,1,1,1,1,1,2,2,1,1
SF,IH2001,2019-12-10 09:34:23.400,2928.4000,3113,0,63219480.000,0,-,-,-,-,2929.0000,2928.8000,2928.2000,2927.4000,2925.8000,2930.2000,2930.6000,2931.0000,2931.4000,2931.8000,1,1,1,1,2,2,2,1,1,1
SF,IH2001,2019-12-10 09:34:23.900,2928.4000,3113,0,63219480.000,0,-,-,-,-,2929.0000,2928.8000,2928.2000,2927.4000,2925.8000,2930.2000,2930.6000,2931.0000,2931.4000,2931.8000,1,1,1,1,2,1,1,1,1,1
SF,IH2001,2019-12-10 09:34:25.400,2928.4000,3113,0,63219480.000,0,-,-,-,-,2929.2000,2929.0000,2928.8000,2928.2000,2927.4000,2930.2000,2930.6000,2931.0000,2931.4000,2931.8000,1,1,1,1,1,1,1,1,1,1
SF,IH2001,2019-12-10 09:34:25.900,2928.4000,3113,0,63219480.000,0,-,-,-,-,2929.4000,2929.2000,2928.8000,2928.2000,2927.4000,2930.2000,2930.6000,2931.0000,2931.4000,2931.8000,1,1,1,1,1,1,1,1,1,1
SF,IH2001,2019-12-10 09:34:26.900,2928.4000,3113,0,63219480.000,0,-,-,-,-,2929.4000,2928.8000,2928.2000,2927.4000,2925.8000,2930.2000,2931.0000,2931.4000,2931.8000,2932.0000,1,1,1,1,2,1,1,1,1,2
SF,IH2001,2019-12-10 09:34:27.900,2928.4000,3113,0,63219480.000,0,-,-,-,-,2929.6000,2929.4000,2928.8000,2928.2000,2927.4000,2930.2000,2931.0000,2931.4000,2931.8000,2932.0000,1,1,1,1,1,1,1,1,1,2
SF,IH2001,2019-12-10 09:34:28.400,2928.4000,3113,0,63219480.000,0,-,-,-,-,2929.4000,2928.8000,2928.2000,2927.4000,2925.8000,2930.2000,2931.0000,2931.4000,2931.8000,2932.0000,1,1,1,1,2,1,1,1,1,2
SF,IH2001,2019-12-10 09:34:29.900,2928.4000,3113,0,63219480.000,0,-,-,-,-,2929.6000,2929.4000,2928.8000,2928.2000,2927.4000,2931.0000,2931.4000,2931.8000,2932.0000,2933.8000,1,1,1,1,1,1,1,1,2,1
SF,IH2001,2019-12-10 09:34:30.400,2928.4000,3113,0,63219480.000,0,-,-,-,-,2929.6000,2929.4000,2928.8000,2928.2000,2927.4000,2931.0000,2931.8000,2932.0000,2933.8000,2937.8000,2,1,1,1,1,1,1,2,1,1
SF,IH2001,2019-12-10 09:34:30.900,2928.4000,3113,0,63219480.000,0,-,-,-,-,2929.6000,2929.4000,2928.8000,2928.2000,2927.4000,2930.8000,2931.8000,2932.0000,2933.8000,2937.8000,1,1,1,1,1,1,1,2,1,1
SF,IH2001,2019-12-10 09:34:31.400,2928.4000,3113,0,63219480.000,0,-,-,-,-,2929.4000,2928.8000,2928.2000,2927.4000,2925.8000,2930.8000,2931.8000,2932.0000,2933.8000,2937.8000,1,1,1,1,2,2,1,2,1,1
SF,IH2001,2019-12-10 09:34:31.900,2928.4000,3113,0,63219480.000,0,-,-,-,-,2929.4000,2928.8000,2928.2000,2927.4000,2925.8000,2930.8000,2931.8000,2932.0000,2933.8000,2937.8000,1,1,1,1,2,1,1,2,1,1
SF,IH2001,2019-12-10 09:34:32.400,2928.4000,3113,0,63219480.000,0,-,-,-,-,2929.6000,2929.4000,2928.8000,2928.2000,2927.4000,2931.8000,2932.0000,2933.8000,2937.8000,2938.4000,1,1,1,1,1,1,2,1,1,1
SF,IH2001,2019-12-10 09:34:32.900,2928.4000,3113,0,63219480.000,0,-,-,-,-,2929.6000,2929.4000,2928.8000,2928.2000,2927.4000,2931.2000,2931.4000,2931.6000,2931.8000,2932.0000,1,1,1,1,1,2,2,2,1,2
SF,IH2001,2019-12-10 09:34:33.400,2928.4000,3113,0,63219480.000,0,-,-,-,-,2929.4000,2928.8000,2928.2000,2927.4000,2925.8000,2931.0000,2931.2000,2931.4000,2931.6000,2931.8000,1,1,1,1,2,5,1,2,2,1
SF,IH2001,2019-12-10 09:34:34.900,2928.4000,3113,0,63219480.000,0,-,-,-,-,2929.6000,2929.4000,2928.8000,2928.2000,2927.4000,2930.8000,2931.0000,2931.2000,2931.4000,2931.6000,1,1,1,1,1,1,1,1,1,2
SF,IH2001,2019-12-10 09:34:35.400,2928.4000,3113,0,63219480.000,0,-,-,-,-,2929.8000,2929.6000,2928.8000,2928.2000,2927.4000,2930.8000,2931.2000,2931.4000,2931.6000,2931.8000,1,1,1,1,1,1,1,1,2,1
SF,IH2001,2019-12-10 09:34:35.900,2928.4000,3113,0,63219480.000,0,-,-,-,-,2929.8000,2929.6000,2928.8000,2928.2000,2925.8000,2930.4000,2930.8000,2931.6000,2931.8000,2932.0000,1,1,1,1,2,3,1,2,1,2
SF,IH2001,2019-12-10 09:34:36.400,2928.4000,3113,0,63219480.000,0,-,-,-,-,2929.8000,2929.6000,2928.8000,2928.2000,2925.8000,2930.4000,2930.8000,2931.6000,2931.8000,2932.0000,1,1,1,1,2,3,1,1,1,2
SF,IH2001,2019-12-10 09:34:39.900,2929.8000,3112,-1,64098420.000,1,0,1,双平,S,2929.6000,2928.8000,2928.2000,2925.8000,2925.0000,2930.4000,2930.8000,2931.6000,2931.8000,2932.0000,1,1,1,2,2,3,1,1,1,2
SF,IH2001,2019-12-10 09:34:40.400,2929.8000,3112,0,64098420.000,0,-,-,-,-,2928.8000,2925.8000,2925.0000,2923.8000,2923.6000,2930.2000,2930.4000,2930.8000,2931.6000,2931.8000,1,2,2,1,1,1,3,1,1,1
SF,IH2001,2019-12-10 09:34:40.900,2929.8000,3112,0,64098420.000,0,-,-,-,-,2929.0000,2928.8000,2928.4000,2925.8000,2925.0000,2930.2000,2930.4000,2931.6000,2931.8000,2932.0000,3,1,1,2,2,1,4,1,1,2
SF,IH2001,2019-12-10 09:34:41.400,2929.8000,3112,0,64098420.000,0,-,-,-,-,2929.2000,2929.0000,2928.8000,2928.4000,2925.8000,2930.2000,2930.4000,2931.6000,2931.8000,2932.0000,1,3,1,1,2,1,4,1,1,2
SF,IH2001,2019-12-10 09:34:41.900,2929.8000,3112,0,64098420.000,0,-,-,-,-,2929.2000,2929.0000,2928.8000,2928.4000,2925.8000,2930.2000,2930.4000,2931.6000,2931.8000,2932.0000,1,2,1,1,2,1,4,1,1,2
SF,IH2001,2019-12-10 09:34:42.400,2929.8000,3112,0,64098420.000,0,-,-,-,-,2929.2000,2929.0000,2928.8000,2928.4000,2925.8000,2930.2000,2930.4000,2931.6000,2931.8000,2932.0000,1,1,1,1,2,1,4,1,1,2
SF,IH2001,2019-12-10 09:34:42.900,2929.8000,3112,0,64098420.000,0,-,-,-,-,2929.2000,2929.0000,2928.8000,2928.4000,2925.8000,2930.2000,2930.4000,2931.6000,2931.8000,2932.0000,1,1,1,1,2,1,4,1,1,2
SF,IH2001,2019-12-10 09:34:43.400,2929.8000,3112,0,64098420.000,0,-,-,-,-,2928.8000,2928.2000,2925.8000,2925.0000,2923.8000,2930.2000,2930.4000,2931.6000,2931.8000,2932.0000,1,1,2,2,1,1,4,1,1,2
SF,IH2001,2019-12-10 09:34:43.900,2929.8000,3112,0,64098420.000,0,-,-,-,-,2928.8000,2928.2000,2925.8000,2925.0000,2923.8000,2930.0000,2930.2000,2930.4000,2931.6000,2931.8000,1,1,2,2,1,1,1,4,1,1
SF,IH2001,2019-12-10 09:34:44.400,2929.8000,3112,0,64098420.000,0,-,-,-,-,2928.8000,2928.2000,2925.8000,2925.0000,2923.8000,2929.8000,2930.0000,2930.2000,2930.4000,2931.6000,1,1,2,2,1,1,1,1,4,1
SF,IH2001,2019-12-10 09:34:45.900,2929.8000,3112,0,64098420.000,0,-,-,-,-,2928.8000,2928.2000,2925.8000,2925.0000,2923.8000,2929.8000,2930.0000,2930.2000,2930.4000,2931.6000,1,1,2,2,1,1,1,1,3,1
SF,IH2001,2019-12-10 09:34:46.400,2929.8000,3112,0,64098420.000,0,-,-,-,-,2928.8000,2928.2000,2925.8000,2925.0000,2923.8000,2929.8000,2930.0000,2930.2000,2930.4000,2931.6000,1,1,2,2,1,2,1,1,3,1
SF,IH2001,2019-12-10 09:34:47.900,2929.8000,3112,0,64098420.000,0,-,-,-,-,2928.8000,2928.2000,2926.0000,2925.8000,2925.0000,2929.8000,2930.0000,2930.2000,2930.4000,2931.6000,1,1,1,2,2,2,1,1,3,1
SF,IH2001,2019-12-10 09:34:48.400,2929.8000,3112,0,64098420.000,0,-,-,-,-,2928.8000,2928.2000,2926.0000,2925.8000,2925.0000,2929.8000,2930.0000,2930.2000,2930.4000,2931.6000,1,1,2,2,2,2,1,1,3,1
SF,IH2001,2019-12-10 09:34:50.900,2929.8000,3112,0,64098420.000,0,-,-,-,-,2928.8000,2928.2000,2926.0000,2925.8000,2925.0000,2929.6000,2929.8000,2930.0000,2930.2000,2930.4000,1,1,2,2,2,2,2,1,1,3
SF,IH2001,2019-12-10 09:34:51.400,2929.8000,3112,0,64098420.000,0,-,-,-,-,2928.8000,2928.2000,2926.0000,2925.8000,2925.0000,2929.4000,2929.6000,2929.8000,2930.0000,2930.2000,1,1,2,2,2,1,2,2,1,1
SF,IH2001,2019-12-10 09:34:52.400,2928.8000,3111,-1,64977060.000,1,0,1,双平,S,2928.0000,2926.0000,2925.8000,2925.0000,2923.8000,2929.4000,2929.6000,2929.8000,2930.0000,2930.2000,1,2,2,2,1,1,2,2,1,1
SF,IH2001,2019-12-10 09:34:52.900,2928.8000,3111,0,64977060.000,0,-,-,-,-,2928.4000,2928.2000,2928.0000,2926.0000,2925.8000,2929.4000,2929.6000,2929.8000,2930.0000,2930.2000,1,3,1,2,2,1,2,2,1,1
SF,IH2001,2019-12-10 09:34:55.400,2928.8000,3111,0,64977060.000,0,-,-,-,-,2928.6000,2928.4000,2928.2000,2928.0000,2926.0000,2929.4000,2929.6000,2929.8000,2930.0000,2930.2000,1,1,3,1,2,1,2,2,1,1
SF,IH2001,2019-12-10 09:34:57.900,2929.4000,3110,-1,65855880.000,1,0,1,双平,S,2929.4000,2928.6000,2928.4000,2928.2000,2928.0000,2929.6000,2929.8000,2930.0000,2930.2000,2930.4000,1,2,1,3,1,2,2,1,1,3
SF,IH2001,2019-12-10 09:34:58.400,2929.4000,3110,0,65855880.000,0,-,-,-,-,2928.6000,2928.4000,2928.2000,2928.0000,2926.0000,2929.6000,2929.8000,2930.0000,2930.2000,2930.4000,1,1,3,1,2,2,2,1,1,3
SF,IH2001,2019-12-10 09:34:58.900,2929.4000,3110,0,65855880.000,0,-,-,-,-,2928.8000,2928.6000,2928.4000,2928.2000,2928.0000,2929.4000,2929.6000,2929.8000,2930.0000,2930.4000,1,2,1,3,1,1,2,2,1,3
SF,IH2001,2019-12-10 09:34:59.400,2929.4000,3110,0,65855880.000,0,-,-,-,-,2928.8000,2928.6000,2928.4000,2928.2000,2928.0000,2929.6000,2929.8000,2930.0000,2930.4000,2931.6000,1,1,1,3,1,2,1,1,3,1
SF,IH2001,2019-12-10 09:34:59.900,2929.4000,3110,0,65855880.000,0,-,-,-,-,2929.4000,2928.6000,2928.4000,2928.2000,2928.0000,2929.6000,2929.8000,2930.0000,2930.4000,2931.6000,1,1,1,3,1,2,1,1,3,1
SF,IH2001,2019-12-10 09:35:00.400,2929.4000,3110,0,65855880.000,0,-,-,-,-,2929.0000,2928.6000,2928.4000,2928.2000,2928.0000,2929.6000,2929.8000,2930.0000,2930.4000,2931.6000,1,1,1,3,1,2,1,1,3,1
SF,IH2001,2019-12-10 09:35:00.900,2929.4000,3110,0,65855880.000,0,-,-,-,-,2929.0000,2928.6000,2928.4000,2928.2000,2928.0000,2929.4000,2929.6000,2929.8000,2930.0000,2930.4000,1,1,1,3,1,1,2,1,1,3
SF,IH2001,2019-12-10 09:35:01.400,2929.4000,3110,0,65855880.000,0,-,-,-,-,2929.0000,2928.6000,2928.4000,2928.2000,2928.0000,2929.6000,2929.8000,2930.0000,2930.4000,2931.6000,1,1,1,3,1,2,1,1,3,1
SF,IH2001,2019-12-10 09:35:01.900,2929.4000,3110,0,65855880.000,0,-,-,-,-,2928.6000,2928.4000,2928.2000,2928.0000,2926.0000,2929.6000,2929.8000,2930.0000,2930.4000,2931.6000,1,1,3,1,2,2,1,1,3,1
SF,IH2001,2019-12-10 09:35:02.400,2929.4000,3110,0,65855880.000,0,-,-,-,-,2928.6000,2928.4000,2928.2000,2928.0000,2926.0000,2929.6000,2929.8000,2930.0000,2930.4000,2931.6000,2,1,3,1,2,2,1,1,3,1
SF,IH2001,2019-12-10 09:35:02.900,2929.4000,3110,0,65855880.000,0,-,-,-,-,2928.6000,2928.4000,2928.2000,2928.0000,2926.0000,2929.6000,2929.8000,2930.0000,2930.4000,2931.6000,1,1,3,1,2,2,1,1,3,1
SF,IH2001,2019-12-10 09:35:05.400,2929.4000,3110,0,65855880.000,0,-,-,-,-,2928.4000,2928.2000,2928.0000,2926.0000,2925.8000,2929.6000,2929.8000,2930.0000,2930.4000,2931.6000,1,3,1,2,2,2,1,1,3,1
SF,IH2001,2019-12-10 09:35:06.400,2929.4000,3110,0,65855880.000,0,-,-,-,-,2928.4000,2928.2000,2928.0000,2926.0000,2925.8000,2929.6000,2929.8000,2930.0000,2930.4000,2931.6000,1,3,1,2,2,2,1,1,3,1
SF,IH2001,2019-12-10 09:35:06.900,2929.4000,3110,0,65855880.000,0,-,-,-,-,2928.4000,2928.2000,2928.0000,2926.0000,2925.8000,2929.4000,2929.6000,2929.8000,2930.2000,2930.4000,1,1,1,2,2,1,2,1,1,3
SF,IH2001,2019-12-10 09:35:07.400,2929.4000,3110,0,65855880.000,0,-,-,-,-,2928.4000,2928.2000,2928.0000,2926.0000,2925.8000,2929.4000,2929.6000,2929.8000,2930.4000,2931.6000,1,1,1,2,2,1,2,1,4,1
SF,IH2001,2019-12-10 09:35:07.900,2928.4000,3109,-1,66734400.000,1,0,1,双平,S,2928.2000,2928.0000,2926.0000,2925.8000,2925.0000,2929.4000,2929.6000,2929.8000,2930.4000,2931.6000,1,1,2,2,2,1,2,1,4,1
SF,IH2001,2019-12-10 09:35:08.400,2928.0000,3107,-2,68491260.000,2,0,2,双平,S,2926.0000,2925.8000,2925.0000,2923.8000,2923.6000,2928.2000,2929.2000,2929.4000,2929.6000,2929.8000,2,2,2,1,1,1,1,1,2,1
SF,IH2001,2019-12-10 09:35:08.900,2928.0000,3107,0,68491260.000,0,-,-,-,-,2926.8000,2926.6000,2926.4000,2926.2000,2926.0000,2929.2000,2929.4000,2929.6000,2930.4000,2931.6000,1,2,1,6,4,2,3,2,3,1
SF,IH2001,2019-12-10 09:35:09.400,2928.0000,3107,0,68491260.000,0,-,-,-,-,2927.0000,2926.8000,2926.6000,2926.2000,2926.0000,2928.2000,2929.0000,2929.2000,2929.6000,2930.4000,1,1,2,5,4,1,1,2,2,3
SF,IH2001,2019-12-10 09:35:09.900,2928.2000,3106,-1,69369720.000,1,0,1,双平,S,2928.2000,2927.0000,2926.8000,2926.6000,2926.2000,2929.2000,2929.6000,2930.4000,2931.6000,2931.8000,1,5,1,2,5,3,2,3,1,1
SF,IH2001,2019-12-10 09:35:10.400,2928.2000,3106,0,69369720.000,0,-,-,-,-,2928.2000,2927.0000,2926.8000,2926.6000,2926.2000,2929.2000,2929.6000,2930.4000,2931.6000,2931.8000,1,5,1,2,5,2,2,3,1,1
SF,IH2001,2019-12-10 09:35:10.900,2928.2000,3106,0,69369720.000,0,-,-,-,-,2928.4000,2928.2000,2927.0000,2926.8000,2926.6000,2929.2000,2929.6000,2930.4000,2931.6000,2931.8000,2,1,5,1,2,2,2,3,1,1
SF,IH2001,2019-12-10 09:35:12.400,2928.2000,3106,0,69369720.000,0,-,-,-,-,2928.4000,2928.2000,2927.0000,2926.8000,2926.6000,2929.2000,2929.6000,2930.4000,2931.6000,2931.8000,2,1,5,1,2,1,2,3,1,1
SF,IH2001,2019-12-10 09:35:12.900,2928.4000,3104,-2,71126760.000,2,0,2,双平,S,2928.2000,2927.0000,2926.8000,2926.6000,2926.2000,2929.0000,2929.2000,2929.6000,2930.4000,2931.6000,1,5,1,2,4,2,1,2,3,1
SF,IH2001,2019-12-10 09:35:13.400,2928.4000,3104,0,71126760.000,0,-,-,-,-,2927.0000,2926.8000,2926.6000,2926.2000,2926.0000,2928.4000,2928.8000,2929.0000,2929.2000,2929.6000,4,1,2,4,4,1,1,2,1,2
SF,IH2001,2019-12-10 09:35:13.900,2928.4000,3104,0,71126760.000,0,-,-,-,-,2927.2000,2927.0000,2926.8000,2926.6000,2926.2000,2928.4000,2928.8000,2929.0000,2929.2000,2929.6000,1,4,1,1,4,1,1,2,1,2
SF,IH2001,2019-12-10 09:35:14.400,2928.4000,3104,0,71126760.000,0,-,-,-,-,2927.4000,2927.2000,2927.0000,2926.8000,2926.6000,2929.0000,2929.2000,2929.6000,2930.4000,2931.6000,3,2,3,1,1,2,1,2,3,1
SF,IH2001,2019-12-10 09:35:14.900,2928.4000,3104,0,71126760.000,0,-,-,-,-,2927.4000,2927.2000,2927.0000,2926.8000,2926.6000,2929.0000,2929.2000,2929.6000,2930.4000,2931.6000,2,2,3,1,1,2,1,2,3,1
SF,IH2001,2019-12-10 09:35:15.400,2928.4000,3104,0,71126760.000,0,-,-,-,-,2927.4000,2927.2000,2927.0000,2926.8000,2926.6000,2928.8000,2929.0000,2929.2000,2929.6000,2930.4000,2,2,3,1,1,1,1,1,2,3
SF,IH2001,2019-12-10 09:35:15.900,2928.4000,3104,0,71126760.000,0,-,-,-,-,2927.6000,2927.4000,2927.2000,2927.0000,2926.8000,2928.8000,2929.0000,2929.2000,2929.6000,2930.4000,1,2,2,3,1,1,1,1,2,3
SF,IH2001,2019-12-10 09:35:16.400,2928.8000,3103,-1,72005400.000,1,0,1,双平,S,2927.8000,2927.6000,2927.4000,2927.2000,2927.0000,2929.2000,2929.6000,2930.4000,2931.6000,2931.8000,1,4,1,2,3,1,2,3,1,1
SF,IH2001,2019-12-10 09:35:16.900,2928.8000,3103,0,72005400.000,0,-,-,-,-,2928.0000,2927.8000,2927.6000,2927.2000,2927.0000,2929.2000,2929.6000,2930.4000,2931.6000,2931.8000,2,1,4,2,3,1,2,3,1,1
SF,IH2001,2019-12-10 09:35:17.400,2928.8000,3103,0,72005400.000,0,-,-,-,-,2928.2000,2928.0000,2927.8000,2927.6000,2927.2000,2929.2000,2929.6000,2930.4000,2931.6000,2931.8000,1,1,1,4,2,1,2,3,1,1
SF,IH2001,2019-12-10 09:35:17.900,2928.8000,3103,0,72005400.000,0,-,-,-,-,2928.4000,2928.2000,2928.0000,2927.8000,2927.6000,2929.2000,2929.6000,2930.4000,2931.6000,2931.8000,1,1,1,1,4,1,2,3,1,1
SF,IH2001,2019-12-10 09:35:19.900,2928.4000,3102,-1,72883920.000,1,0,1,双平,S,2928.2000,2928.0000,2927.8000,2927.6000,2927.2000,2929.0000,2929.2000,2929.6000,2930.4000,2931.6000,1,1,1,1,2,1,1,2,3,1
SF,IH2001,2019-12-10 09:35:20.400,2928.4000,3102,0,72883920.000,0,-,-,-,-,2928.0000,2927.8000,2927.6000,2927.2000,2927.0000,2928.8000,2929.0000,2929.2000,2929.6000,2930.4000,1,1,1,1,3,1,1,1,2,3
SF,IH2001,2019-12-10 09:35:21.400,2928.4000,3102,0,72883920.000,0,-,-,-,-,2928.0000,2927.8000,2927.6000,2927.2000,2927.0000,2929.0000,2929.2000,2929.6000,2930.4000,2931.6000,1,1,1,1,3,1,1,2,3,1
SF,IH2001,2019-12-10 09:35:21.900,2928.4000,3102,0,72883920.000,0,-,-,-,-,2928.0000,2927.8000,2927.2000,2927.0000,2926.2000,2928.8000,2929.0000,2929.2000,2929.6000,2930.4000,1,1,1,3,4,1,1,1,2,3
SF,IH2001,2019-12-10 09:35:22.400,2928.4000,3102,0,72883920.000,0,-,-,-,-,2928.0000,2927.8000,2927.2000,2927.0000,2926.2000,2928.8000,2929.0000,2929.2000,2929.6000,2930.4000,1,1,1,3,4,1,1,1,2,3
SF,IH2001,2019-12-10 09:35:22.900,2928.4000,3102,0,72883920.000,0,-,-,-,-,2928.0000,2927.8000,2927.2000,2927.0000,2926.2000,2929.0000,2929.2000,2929.4000,2929.6000,2930.4000,1,1,1,3,4,1,1,1,2,3
SF,IH2001,2019-12-10 09:35:23.400,2928.4000,3102,0,72883920.000,0,-,-,-,-,2928.0000,2927.2000,2927.0000,2926.2000,2926.0000,2929.0000,2929.2000,2929.4000,2929.6000,2930.4000,1,1,3,4,4,1,1,1,2,3
SF,IH2001,2019-12-10 09:35:23.900,2928.4000,3102,0,72883920.000,0,-,-,-,-,2928.0000,2927.2000,2927.0000,2926.2000,2926.0000,2929.0000,2929.2000,2929.4000,2929.6000,2930.4000,1,1,3,4,4,1,1,1,2,3
SF,IH2001,2019-12-10 09:35:24.400,2928.4000,3102,0,72883920.000,0,-,-,-,-,2928.0000,2927.2000,2927.0000,2926.2000,2926.0000,2928.8000,2929.0000,2929.2000,2929.4000,2929.6000,1,1,3,4,4,1,1,1,1,2
SF,IH2001,2019-12-10 09:35:25.900,2928.4000,3102,0,72883920.000,0,-,-,-,-,2927.2000,2927.0000,2926.2000,2926.0000,2925.8000,2928.8000,2929.0000,2929.2000,2929.4000,2929.6000,1,3,4,4,2,1,1,1,1,2
SF,IH2001,2019-12-10 09:35:26.400,2928.4000,3102,0,72883920.000,0,-,-,-,-,2927.8000,2927.6000,2927.4000,2927.2000,2927.0000,2929.0000,2929.2000,2929.4000,2929.6000,2930.4000,1,2,4,1,3,1,1,1,2,3
SF,IH2001,2019-12-10 09:35:27.400,2928.4000,3102,0,72883920.000,0,-,-,-,-,2928.0000,2927.8000,2927.6000,2927.4000,2927.2000,2929.0000,2929.2000,2929.4000,2929.6000,2930.4000,1,1,2,4,1,1,1,1,2,3
SF,IH2001,2019-12-10 09:35:27.900,2928.4000,3102,0,72883920.000,0,-,-,-,-,2928.2000,2928.0000,2927.8000,2927.6000,2927.4000,2929.0000,2929.2000,2929.4000,2929.6000,2930.4000,1,1,1,2,4,1,1,1,2,3
SF,IH2001,2019-12-10 09:35:31.900,2928.4000,3102,0,72883920.000,0,-,-,-,-,2928.2000,2927.8000,2927.6000,2927.4000,2927.2000,2929.0000,2929.2000,2929.4000,2929.6000,2930.4000,1,1,2,4,1,1,1,1,2,3
SF,IH2001,2019-12-10 09:35:32.400,2928.4000,3102,0,72883920.000,0,-,-,-,-,2928.2000,2927.8000,2927.6000,2927.4000,2927.2000,2929.2000,2929.4000,2929.6000,2930.4000,2931.6000,1,1,2,4,1,1,1,2,3,1
SF,IH2001,2019-12-10 09:35:32.900,2928.4000,3102,0,72883920.000,0,-,-,-,-,2928.2000,2927.6000,2927.4000,2927.2000,2927.0000,2928.8000,2929.0000,2929.2000,2929.4000,2929.6000,1,1,1,1,3,1,1,1,1,2
SF,IH2001,2019-12-10 09:35:33.900,2928.4000,3102,0,72883920.000,0,-,-,-,-,2927.6000,2927.4000,2927.2000,2927.0000,2926.2000,2928.2000,2928.8000,2929.0000,2929.2000,2929.4000,1,1,1,3,4,1,1,1,1,1
SF,IH2001,2019-12-10 09:35:34.400,2928.2000,3101,-1,73762380.000,1,0,1,双平,S,2927.6000,2927.4000,2927.2000,2927.0000,2926.2000,2929.0000,2929.2000,2929.4000,2929.6000,2930.4000,2,1,1,3,4,1,1,1,2,3
SF,IH2001,2019-12-10 09:35:34.900,2928.2000,3101,0,73762380.000,0,-,-,-,-,2927.6000,2927.4000,2927.2000,2927.0000,2926.2000,2928.8000,2929.0000,2929.2000,2929.4000,2929.6000,1,1,1,3,4,2,1,1,1,2
SF,IH2001,2019-12-10 09:35:35.400,2928.2000,3101,0,73762380.000,0,-,-,-,-,2927.0000,2926.2000,2926.0000,2925.8000,2925.0000,2928.6000,2928.8000,2929.0000,2929.2000,2929.4000,3,4,4,2,2,1,2,1,1,1
SF,IH2001,2019-12-10 09:35:35.900,2928.2000,3101,0,73762380.000,0,-,-,-,-,2927.8000,2927.2000,2927.0000,2926.2000,2926.0000,2928.6000,2928.8000,2929.0000,2929.2000,2929.4000,1,2,3,4,3,1,1,1,1,1
SF,IH2001,2019-12-10 09:35:36.400,2928.2000,3101,0,73762380.000,0,-,-,-,-,2927.8000,2927.2000,2927.0000,2926.4000,2926.2000,2928.6000,2928.8000,2929.0000,2929.2000,2929.4000,1,2,3,1,4,1,1,1,1,1
SF,IH2001,2019-12-10 09:35:37.400,2928.2000,3101,0,73762380.000,0,-,-,-,-,2927.2000,2927.0000,2926.4000,2926.2000,2926.0000,2928.4000,2928.6000,2928.8000,2929.0000,2929.2000,2,3,1,4,3,1,1,1,1,1
SF,IH2001,2019-12-10 09:35:37.900,2928.2000,3101,0,73762380.000,0,-,-,-,-,2927.4000,2927.2000,2927.0000,2926.4000,2926.2000,2927.8000,2928.4000,2929.0000,2929.2000,2929.4000,2,2,3,1,4,1,1,1,1,1
SF,IH2001,2019-12-10 09:35:38.400,2927.8000,3100,-1,74640720.000,1,0,1,双平,S,2928.0000,2927.4000,2927.2000,2927.0000,2926.4000,2928.4000,2929.0000,2929.2000,2929.4000,2929.6000,1,2,1,3,1,1,1,1,1,2
SF,IH2001,2019-12-10 09:35:38.900,2928.4000,3099,-1,75519240.000,1,0,1,双平,S,2928.0000,2927.8000,2927.6000,2927.4000,2927.2000,2929.0000,2929.2000,2929.4000,2929.6000,2930.4000,2,1,2,2,1,1,1,1,2,3
SF,IH2001,2019-12-10 09:35:39.900,2928.4000,3099,0,75519240.000,0,-,-,-,-,2928.0000,2927.6000,2927.4000,2927.2000,2927.0000,2929.0000,2929.2000,2929.4000,2929.6000,2930.4000,2,2,2,1,3,1,1,1,2,3
SF,IH2001,2019-12-10 09:35:40.400,2928.4000,3099,0,75519240.000,0,-,-,-,-,2928.0000,2927.6000,2927.2000,2927.0000,2926.4000,2928.8000,2929.0000,2929.2000,2929.4000,2929.6000,1,2,1,3,1,1,1,1,1,2
SF,IH2001,2019-12-10 09:35:40.900,2928.4000,3099,0,75519240.000,0,-,-,-,-,2927.6000,2926.4000,2926.2000,2926.0000,2925.8000,2928.6000,2928.8000,2929.0000,2929.2000,2929.4000,2,1,4,3,2,1,1,1,1,1
SF,IH2001,2019-12-10 09:35:41.400,2928.4000,3099,0,75519240.000,0,-,-,-,-,2928.2000,2927.6000,2926.4000,2926.2000,2926.0000,2929.0000,2929.2000,2929.4000,2929.6000,2930.4000,1,2,1,4,3,1,1,1,2,3
SF,IH2001,2019-12-10 09:35:41.900,2928.4000,3099,0,75519240.000,0,-,-,-,-,2928.2000,2927.6000,2926.4000,2926.2000,2926.0000,2929.0000,2929.2000,2929.4000,2929.6000,2930.4000,1,2,1,4,3,1,1,1,2,3
SF,IH2001,2019-12-10 09:35:42.400,2928.2000,3098,-1,76397700.000,1,0,1,双平,S,2927.6000,2926.4000,2926.2000,2926.0000,2925.8000,2929.0000,2929.2000,2929.4000,2929.6000,2930.4000,2,1,4,3,2,1,1,1,2,3
SF,IH2001,2019-12-10 09:35:42.900,2928.2000,3098,0,76397700.000,0,-,-,-,-,2927.6000,2926.4000,2926.2000,2926.0000,2925.8000,2928.8000,2929.0000,2929.2000,2929.4000,2929.6000,2,1,4,3,2,1,1,1,1,2
SF,IH2001,2019-12-10 09:35:43.900,2928.2000,3098,0,76397700.000,0,-,-,-,-,2927.8000,2927.6000,2926.4000,2926.2000,2926.0000,2929.0000,2929.2000,2929.4000,2929.6000,2930.4000,1,3,1,4,3,1,1,1,2,3
SF,IH2001,2019-12-10 09:35:44.400,2928.2000,3098,0,76397700.000,0,-,-,-,-,2927.8000,2927.6000,2926.4000,2926.2000,2926.0000,2929.0000,2929.2000,2929.4000,2929.6000,2930.4000,1,3,1,4,3,1,1,1,2,3
SF,IH2001,2019-12-10 09:35:48.400,2928.2000,3098,0,76397700.000,0,-,-,-,-,2927.8000,2927.6000,2926.2000,2926.0000,2925.8000,2929.0000,2929.2000,2929.4000,2929.6000,2930.4000,1,3,4,3,2,1,1,1,2,3
SF,IH2001,2019-12-10 09:35:51.900,2928.2000,3098,0,76397700.000,0,-,-,-,-,2927.8000,2927.6000,2926.2000,2926.0000,2925.8000,2928.8000,2929.0000,2929.2000,2929.4000,2929.6000,1,3,4,3,2,1,1,1,1,2
SF,IH2001,2019-12-10 09:35:52.900,2928.2000,3098,0,76397700.000,0,-,-,-,-,2927.8000,2927.6000,2926.8000,2926.2000,2926.0000,2928.8000,2929.0000,2929.2000,2929.4000,2929.6000,1,3,1,4,3,1,1,1,1,2
SF,IH2001,2019-12-10 09:35:53.400,2928.2000,3098,0,76397700.000,0,-,-,-,-,2927.8000,2927.6000,2926.2000,2926.0000,2925.8000,2928.6000,2928.8000,2929.0000,2929.2000,2929.4000,1,3,4,3,2,1,1,1,1,1
SF,IH2001,2019-12-10 09:35:54.900,2928.2000,3098,0,76397700.000,0,-,-,-,-,2928.0000,2927.8000,2927.6000,2926.2000,2926.0000,2928.6000,2928.8000,2929.0000,2929.2000,2929.4000,1,1,3,4,3,1,1,1,1,1
SF,IH2001,2019-12-10 09:35:55.900,2928.2000,3098,0,76397700.000,0,-,-,-,-,2928.0000,2927.8000,2927.6000,2926.2000,2926.0000,2928.6000,2929.0000,2929.2000,2929.4000,2929.6000,1,1,3,4,3,1,1,1,1,2
SF,IH2001,2019-12-10 09:35:56.900,2928.2000,3098,0,76397700.000,0,-,-,-,-,2928.0000,2927.8000,2927.6000,2926.2000,2926.0000,2929.0000,2929.2000,2929.4000,2929.6000,2930.4000,1,1,3,4,3,1,1,1,2,3
SF,IH2001,2019-12-10 09:35:57.400,2928.2000,3098,0,76397700.000,0,-,-,-,-,2928.2000,2928.0000,2927.8000,2927.6000,2926.2000,2929.0000,2929.2000,2929.4000,2929.6000,2930.4000,1,1,1,3,4,1,1,1,2,3
SF,IH2001,2019-12-10 09:35:59.900,2928.2000,3098,0,76397700.000,0,-,-,-,-,2928.2000,2928.0000,2927.8000,2927.6000,2926.2000,2929.0000,2929.2000,2929.4000,2929.6000,2930.4000,1,1,1,3,4,2,1,1,2,3
SF,IH2001,2019-12-10 09:36:00.400,2928.2000,3098,0,76397700.000,0,-,-,-,-,2928.2000,2928.0000,2927.6000,2926.2000,2926.0000,2928.8000,2929.0000,2929.2000,2929.4000,2929.6000,1,1,3,4,3,1,2,1,1,2
SF,IH2001,2019-12-10 09:36:00.900,2928.2000,3098,0,76397700.000,0,-,-,-,-,2928.0000,2927.6000,2926.2000,2926.0000,2925.8000,2928.6000,2928.8000,2929.0000,2929.2000,2929.4000,1,3,4,3,2,1,1,1,1,1
SF,IH2001,2019-12-10 09:36:01.400,2928.2000,3098,0,76397700.000,0,-,-,-,-,2928.0000,2927.6000,2926.2000,2926.0000,2925.8000,2928.6000,2929.0000,2929.2000,2929.4000,2929.6000,1,3,4,3,2,1,1,1,1,2
SF,IH2001,2019-12-10 09:36:01.900,2928.2000,3098,0,76397700.000,0,-,-,-,-,2927.6000,2926.2000,2926.0000,2925.8000,2925.0000,2928.6000,2929.0000,2929.2000,2929.4000,2929.6000,3,4,3,2,2,1,1,1,1,2
SF,IH2001,2019-12-10 09:36:02.400,2928.2000,3098,0,76397700.000,0,-,-,-,-,2927.8000,2927.6000,2926.2000,2926.0000,2925.8000,2928.6000,2929.0000,2929.2000,2929.4000,2929.6000,1,3,4,3,2,1,1,1,1,2
SF,IH2001,2019-12-10 09:36:07.900,2928.2000,3098,0,76397700.000,0,-,-,-,-,2927.8000,2927.6000,2926.2000,2926.0000,2925.8000,2928.6000,2929.0000,2929.2000,2929.4000,2929.6000,1,2,4,3,2,1,1,1,1,2
SF,IH2001,2019-12-10 09:36:08.400,2928.2000,3098,0,76397700.000,0,-,-,-,-,2927.6000,2926.2000,2926.0000,2925.8000,2925.0000,2928.4000,2928.6000,2929.0000,2929.2000,2929.4000,2,4,3,2,2,1,1,1,1,1
SF,IH2001,2019-12-10 09:36:09.900,2928.2000,3098,0,76397700.000,0,-,-,-,-,2927.8000,2927.6000,2926.2000,2926.0000,2925.8000,2928.6000,2929.0000,2929.2000,2929.4000,2929.6000,1,2,4,3,2,1,1,1,1,2
SF,IH2001,2019-12-10 09:36:11.400,2928.2000,3098,0,76397700.000,0,-,-,-,-,2927.6000,2926.2000,2926.0000,2925.8000,2925.0000,2928.4000,2928.6000,2929.0000,2929.2000,2929.4000,2,4,3,2,2,1,1,1,1,1
SF,IH2001,2019-12-10 09:36:12.400,2928.2000,3098,0,76397700.000,0,-,-,-,-,2927.8000,2927.6000,2926.2000,2926.0000,2925.8000,2928.6000,2929.0000,2929.2000,2929.4000,2929.6000,1,2,4,3,2,1,1,1,1,2
SF,IH2001,2019-12-10 09:36:13.900,2928.2000,3098,0,76397700.000,0,-,-,-,-,2927.6000,2926.2000,2926.0000,2925.8000,2925.0000,2928.4000,2928.6000,2929.0000,2929.2000,2929.4000,2,4,3,2,2,1,1,1,1,1
SF,IH2001,2019-12-10 09:36:14.900,2928.2000,3098,0,76397700.000,0,-,-,-,-,2927.8000,2927.6000,2926.2000,2926.0000,2925.8000,2928.4000,2928.6000,2929.0000,2929.2000,2929.4000,1,2,4,3,2,1,1,1,1,1
SF,IH2001,2019-12-10 09:36:15.900,2928.2000,3098,0,76397700.000,0,-,-,-,-,2927.6000,2926.2000,2926.0000,2925.8000,2925.0000,2928.4000,2928.6000,2929.0000,2929.2000,2929.4000,2,4,3,2,2,1,1,1,1,1
SF,IH2001,2019-12-10 09:36:22.400,2928.2000,3098,0,76397700.000,0,-,-,-,-,2927.6000,2926.2000,2926.0000,2925.8000,2925.0000,2928.0000,2928.4000,2928.6000,2929.0000,2929.2000,2,4,3,2,2,1,1,1,1,1
SF,IH2001,2019-12-10 09:36:23.400,2928.2000,3098,0,76397700.000,0,-,-,-,-,2927.6000,2926.2000,2926.0000,2925.8000,2925.0000,2928.0000,2928.6000,2929.0000,2929.2000,2929.4000,2,4,3,2,2,1,1,1,1,1
SF,IH2001,2019-12-10 09:36:26.400,2928.0000,3098,0,77276100.000,1,0,1,多换,S,2927.6000,2926.2000,2926.0000,2925.8000,2925.0000,2928.6000,2929.0000,2929.2000,2929.4000,2929.6000,2,4,3,2,2,1,1,1,1,2
SF,IH2001,2019-12-10 09:36:26.900,2928.0000,3098,0,77276100.000,0,-,-,-,-,2927.6000,2926.2000,2926.0000,2925.8000,2925.0000,2928.4000,2928.6000,2929.0000,2929.2000,2929.4000,2,4,3,2,2,1,1,1,1,1
SF,IH2001,2019-12-10 09:36:27.900,2928.0000,3098,0,77276100.000,0,-,-,-,-,2927.8000,2927.6000,2926.2000,2926.0000,2925.8000,2928.6000,2929.0000,2929.2000,2929.4000,2929.6000,1,2,4,3,2,1,1,1,1,2
SF,IH2001,2019-12-10 09:36:28.900,2928.0000,3098,0,77276100.000,0,-,-,-,-,2927.6000,2926.2000,2926.0000,2925.8000,2925.0000,2928.4000,2928.6000,2929.0000,2929.2000,2929.4000,2,4,3,2,2,1,1,1,1,1
SF,IH2001,2019-12-10 09:36:30.400,2928.0000,3098,0,77276100.000,0,-,-,-,-,2927.8000,2927.6000,2926.2000,2926.0000,2925.8000,2928.6000,2929.0000,2929.2000,2929.4000,2929.6000,1,2,4,3,2,1,1,1,1,2
SF,IH2001,2019-12-10 09:36:33.400,2928.0000,3098,0,77276100.000,0,-,-,-,-,2928.6000,2927.8000,2927.6000,2926.2000,2926.0000,2929.0000,2929.2000,2929.4000,2929.6000,2930.4000,1,1,2,4,3,1,1,1,2,3
SF,IH2001,2019-12-10 09:36:33.900,2928.0000,3098,0,77276100.000,0,-,-,-,-,2928.6000,2927.6000,2926.2000,2926.0000,2925.8000,2929.0000,2929.2000,2929.4000,2929.6000,2930.4000,1,2,4,3,2,1,1,1,2,3
SF,IH2001,2019-12-10 09:36:34.400,2928.0000,3098,0,77276100.000,0,-,-,-,-,2927.6000,2926.2000,2926.0000,2925.8000,2925.0000,2929.0000,2929.2000,2929.4000,2929.6000,2930.4000,2,4,3,2,2,1,1,1,2,3
SF,IH2001,2019-12-10 09:36:34.900,2928.0000,3098,0,77276100.000,0,-,-,-,-,2927.8000,2927.6000,2926.2000,2926.0000,2925.8000,2929.0000,2929.2000,2929.4000,2929.6000,2930.4000,2,2,4,3,2,1,1,1,2,3
SF,IH2001,2019-12-10 09:36:35.900,2928.0000,3098,0,77276100.000,0,-,-,-,-,2927.8000,2927.6000,2926.2000,2926.0000,2925.8000,2928.8000,2929.0000,2929.2000,2929.4000,2929.6000,1,2,4,3,2,1,1,1,1,2
SF,IH2001,2019-12-10 09:36:36.400,2928.8000,3097,-1,78154740.000,1,0,1,双平,S,2927.8000,2927.6000,2926.8000,2926.2000,2926.0000,2929.0000,2929.2000,2929.4000,2929.6000,2930.4000,1,2,1,4,3,1,1,1,2,3
SF,IH2001,2019-12-10 09:36:36.900,2928.8000,3097,0,78154740.000,0,-,-,-,-,2927.8000,2927.6000,2926.8000,2926.2000,2926.0000,2929.2000,2929.4000,2929.6000,2930.4000,2931.6000,1,2,1,4,3,1,1,2,3,1
SF,IH2001,2019-12-10 09:36:37.400,2928.8000,3097,0,78154740.000,0,-,-,-,-,2928.0000,2927.8000,2927.6000,2926.8000,2926.2000,2929.2000,2929.4000,2929.6000,2930.4000,2931.6000,1,1,2,1,4,1,1,2,3,1
SF,IH2001,2019-12-10 09:36:38.900,2928.8000,3097,0,78154740.000,0,-,-,-,-,2928.2000,2928.0000,2927.8000,2927.6000,2926.8000,2929.2000,2929.4000,2929.6000,2930.4000,2931.6000,1,1,1,2,1,1,1,2,3,1
SF,IH2001,2019-12-10 09:36:39.400,2928.8000,3097,0,78154740.000,0,-,-,-,-,2928.2000,2927.8000,2927.6000,2926.8000,2926.2000,2929.0000,2929.2000,2929.4000,2929.6000,2930.4000,1,1,2,1,4,1,1,1,2,3
SF,IH2001,2019-12-10 09:36:39.900,2928.8000,3097,0,78154740.000,0,-,-,-,-,2928.2000,2927.8000,2927.6000,2926.8000,2926.2000,2929.0000,2929.2000,2929.4000,2929.6000,2930.4000,1,1,2,1,4,2,1,1,2,3
SF,IH2001,2019-12-10 09:36:40.900,2928.8000,3097,0,78154740.000,0,-,-,-,-,2928.4000,2928.2000,2927.8000,2927.6000,2926.8000,2929.0000,2929.2000,2929.4000,2929.6000,2930.4000,1,1,1,2,1,2,1,1,2,3
SF,IH2001,2019-12-10 09:36:41.400,2928.4000,3096,-1,79033260.000,1,0,1,双平,S,2928.2000,2927.8000,2927.6000,2926.8000,2926.2000,2929.0000,2929.2000,2929.4000,2929.6000,2930.4000,1,1,2,1,4,2,1,1,2,3
SF,IH2001,2019-12-10 09:36:41.900,2928.4000,3096,0,79033260.000,0,-,-,-,-,2928.2000,2927.8000,2927.6000,2926.2000,2926.0000,2929.0000,2929.2000,2929.4000,2929.6000,2930.4000,1,1,2,4,3,1,1,1,2,3
SF,IH2001,2019-12-10 09:36:42.400,2928.4000,3096,0,79033260.000,0,-,-,-,-,2928.4000,2928.2000,2927.8000,2927.6000,2926.2000,2929.0000,2929.2000,2929.4000,2929.6000,2930.4000,1,1,1,2,4,1,1,1,2,3
SF,IH2001,2019-12-10 09:36:43.900,2928.4000,3096,0,79033260.000,0,-,-,-,-,2928.4000,2928.2000,2927.8000,2927.6000,2926.2000,2929.2000,2929.4000,2929.6000,2930.4000,2931.6000,1,1,1,2,4,1,1,2,3,1
SF,IH2001,2019-12-10 09:36:50.400,2928.4000,3096,0,79033260.000,0,-,-,-,-,2928.4000,2927.8000,2927.6000,2926.2000,2926.0000,2929.2000,2929.4000,2929.6000,2930.4000,2931.6000,1,1,2,4,4,1,1,2,3,1
SF,IH2001,2019-12-10 09:36:50.900,2928.4000,3096,0,79033260.000,0,-,-,-,-,2928.4000,2927.8000,2927.6000,2927.4000,2926.2000,2929.2000,2929.4000,2929.6000,2930.4000,2931.6000,1,1,2,1,4,1,1,2,3,1
SF,IH2001,2019-12-10 09:36:51.400,2929.2000,3095,-1,79912020.000,1,0,1,双平,S,2928.4000,2927.8000,2927.6000,2926.2000,2926.0000,2929.4000,2929.6000,2930.4000,2931.6000,2931.8000,1,1,2,4,4,1,2,3,1,1
SF,IH2001,2019-12-10 09:36:51.900,2929.6000,3092,-3,82548600.000,3,0,3,双平,S,2928.6000,2928.4000,2927.8000,2927.6000,2926.2000,2930.4000,2931.6000,2931.8000,2932.0000,2933.8000,3,1,1,2,4,3,1,1,1,1
SF,IH2001,2019-12-10 09:36:52.400,2929.6000,3092,0,82548600.000,0,-,-,-,-,2928.8000,2928.6000,2928.4000,2927.8000,2927.6000,2930.4000,2931.6000,2931.8000,2932.0000,2933.8000,2,7,1,1,2,3,1,1,1,1
SF,IH2001,2019-12-10 09:36:52.900,2929.6000,3092,0,82548600.000,0,-,-,-,-,2929.0000,2928.8000,2928.6000,2928.4000,2927.8000,2930.4000,2931.6000,2931.8000,2932.0000,2933.8000,1,2,5,1,1,3,1,1,1,1
SF,IH2001,2019-12-10 09:36:53.400,2929.6000,3092,0,82548600.000,0,-,-,-,-,2929.2000,2929.0000,2928.8000,2928.4000,2927.6000,2930.2000,2930.4000,2931.6000,2931.8000,2932.0000,1,1,2,1,2,1,3,1,1,1
SF,IH2001,2019-12-10 09:36:53.900,2929.6000,3092,0,82548600.000,0,-,-,-,-,2929.2000,2928.8000,2927.6000,2926.2000,2926.0000,2930.2000,2930.4000,2931.6000,2931.8000,2932.0000,1,2,2,4,4,2,3,1,1,1
SF,IH2001,2019-12-10 09:36:54.400,2929.6000,3092,0,82548600.000,0,-,-,-,-,2929.2000,2928.8000,2927.6000,2926.2000,2926.0000,2930.2000,2930.4000,2931.6000,2931.8000,2932.0000,1,1,2,4,4,2,3,1,1,1
SF,IH2001,2019-12-10 09:36:54.900,2929.6000,3092,0,82548600.000,0,-,-,-,-,2927.6000,2926.2000,2926.0000,2925.8000,2925.0000,2930.0000,2930.2000,2930.4000,2931.6000,2931.8000,2,4,4,2,2,1,2,3,1,1
SF,IH2001,2019-12-10 09:36:55.400,2929.6000,3092,0,82548600.000,0,-,-,-,-,2928.6000,2928.4000,2928.2000,2928.0000,2927.8000,2930.0000,2930.2000,2930.4000,2930.8000,2931.6000,1,1,1,1,2,1,1,3,1,1
SF,IH2001,2019-12-10 09:36:55.900,2929.6000,3092,0,82548600.000,0,-,-,-,-,2928.2000,2928.0000,2927.8000,2927.6000,2926.2000,2930.0000,2930.2000,2930.4000,2930.8000,2931.6000,1,1,2,3,4,1,1,3,1,1
SF,IH2001,2019-12-10 09:36:56.400,2929.6000,3092,0,82548600.000,0,-,-,-,-,2928.8000,2928.4000,2928.2000,2928.0000,2927.8000,2929.8000,2930.2000,2930.4000,2930.8000,2931.6000,1,2,2,1,1,1,1,3,1,1
SF,IH2001,2019-12-10 09:36:56.900,2929.6000,3092,0,82548600.000,0,-,-,-,-,2928.8000,2928.4000,2928.2000,2928.0000,2927.8000,2930.2000,2930.4000,2931.6000,2931.8000,2932.0000,1,2,2,1,1,1,3,1,1,1
SF,IH2001,2019-12-10 09:36:58.400,2929.6000,3092,0,82548600.000,0,-,-,-,-,2928.8000,2928.4000,2928.2000,2928.0000,2927.8000,2930.2000,2930.4000,2930.8000,2931.6000,2931.8000,1,2,2,1,1,1,3,1,1,1
SF,IH2001,2019-12-10 09:36:58.900,2929.6000,3092,0,82548600.000,0,-,-,-,-,2929.0000,2928.8000,2928.4000,2928.2000,2928.0000,2930.4000,2931.6000,2931.8000,2932.0000,2933.8000,1,1,1,2,1,3,1,1,1,1
SF,IH2001,2019-12-10 09:36:59.400,2929.6000,3092,0,82548600.000,0,-,-,-,-,2929.0000,2928.4000,2928.2000,2928.0000,2927.8000,2930.2000,2930.4000,2931.0000,2931.6000,2931.8000,1,1,2,1,1,2,3,1,1,1
SF,IH2001,2019-12-10 09:37:00.400,2929.6000,3092,0,82548600.000,0,-,-,-,-,2929.2000,2929.0000,2928.4000,2928.2000,2928.0000,2930.2000,2930.4000,2931.0000,2931.6000,2931.8000,1,1,1,2,1,2,3,1,1,1
SF,IH2001,2019-12-10 09:37:00.900,2929.6000,3092,0,82548600.000,0,-,-,-,-,2929.4000,2929.2000,2929.0000,2928.4000,2928.2000,2930.2000,2930.4000,2931.0000,2931.6000,2931.8000,1,1,1,1,2,1,3,1,1,1
SF,IH2001,2019-12-10 09:37:01.400,2929.6000,3092,0,82548600.000,0,-,-,-,-,2929.4000,2929.2000,2929.0000,2928.4000,2928.2000,2930.4000,2931.6000,2931.8000,2932.0000,2933.8000,1,1,1,1,2,3,1,1,1,1
SF,IH2001,2019-12-10 09:37:01.900,2929.6000,3092,0,82548600.000,0,-,-,-,-,2929.4000,2929.2000,2929.0000,2928.4000,2928.2000,2930.4000,2931.6000,2931.8000,2932.0000,2933.8000,1,1,1,1,2,3,1,1,1,1
SF,IH2001,2019-12-10 09:37:02.400,2930.4000,3091,-1,83427720.000,1,0,1,双平,S,2929.4000,2929.0000,2928.4000,2928.2000,2928.0000,2930.4000,2931.6000,2931.8000,2932.0000,2933.8000,1,1,1,2,1,2,1,1,1,1
SF,IH2001,2019-12-10 09:37:02.900,2930.4000,3088,-3,86065080.000,3,0,3,双平,S,2929.6000,2929.4000,2928.4000,2928.2000,2928.0000,2931.8000,2932.0000,2933.8000,2937.8000,2938.4000,1,1,1,1,1,1,1,1,1,1
SF,IH2001,2019-12-10 09:37:03.400,2930.4000,3088,0,86065080.000,0,-,-,-,-,2929.8000,2929.6000,2929.4000,2927.8000,2927.6000,2931.6000,2931.8000,2932.0000,2933.8000,2937.8000,3,4,1,1,3,3,1,2,1,1
SF,IH2001,2019-12-10 09:37:03.900,2930.4000,3088,0,86065080.000,0,-,-,-,-,2930.0000,2929.8000,2929.6000,2929.4000,2927.8000,2931.6000,2932.0000,2933.8000,2937.8000,2938.4000,2,3,3,1,1,2,1,1,1,1
SF,IH2001,2019-12-10 09:37:04.400,2930.4000,3088,0,86065080.000,0,-,-,-,-,2930.2000,2930.0000,2929.8000,2929.6000,2929.4000,2931.6000,2932.0000,2933.8000,2937.8000,2938.4000,1,4,3,3,2,2,1,1,1,1
SF,IH2001,2019-12-10 09:37:04.900,2930.4000,3088,0,86065080.000,0,-,-,-,-,2930.2000,2930.0000,2929.8000,2929.6000,2929.4000,2931.6000,2932.0000,2932.2000,2933.8000,2937.8000,1,1,3,3,1,2,1,1,1,1
SF,IH2001,2019-12-10 09:37:05.400,2930.4000,3088,0,86065080.000,0,-,-,-,-,2930.2000,2930.0000,2929.8000,2929.6000,2929.4000,2931.6000,2932.0000,2932.4000,2933.8000,2937.8000,1,1,3,3,1,2,1,1,1,1
SF,IH2001,2019-12-10 09:37:05.900,2930.4000,3088,0,86065080.000,0,-,-,-,-,2930.2000,2930.0000,2929.8000,2929.6000,2929.4000,2931.6000,2932.0000,2932.4000,2933.8000,2937.8000,1,1,3,3,1,2,1,1,1,1
SF,IH2001,2019-12-10 09:37:07.400,2930.4000,3088,0,86065080.000,0,-,-,-,-,2930.2000,2930.0000,2929.8000,2929.6000,2929.4000,2931.6000,2932.0000,2932.6000,2933.8000,2937.8000,1,1,3,3,1,2,1,1,1,1
SF,IH2001,2019-12-10 09:37:07.900,2930.4000,3088,0,86065080.000,0,-,-,-,-,2930.4000,2930.2000,2930.0000,2929.8000,2929.6000,2931.6000,2932.0000,2933.8000,2937.8000,2938.4000,3,1,1,3,3,1,1,1,1,1
SF,IH2001,2019-12-10 09:37:08.400,2930.4000,3088,0,86065080.000,0,-,-,-,-,2930.4000,2930.2000,2930.0000,2929.8000,2929.6000,2931.4000,2931.6000,2932.0000,2933.8000,2937.8000,1,1,1,2,3,1,1,1,1,1
SF,IH2001,2019-12-10 09:37:09.400,2930.4000,3088,0,86065080.000,0,-,-,-,-,2930.4000,2930.2000,2930.0000,2929.8000,2929.6000,2931.4000,2931.6000,2932.0000,2933.8000,2937.8000,1,1,1,2,3,1,1,1,1,1
SF,IH2001,2019-12-10 09:37:09.900,2930.6000,3087,-1,87823740.000,2,0,2,多平,S,2930.4000,2930.2000,2930.0000,2929.8000,2929.6000,2932.0000,2933.8000,2937.8000,2938.4000,2939.0000,1,1,1,2,3,1,1,1,1,1
SF,IH2001,2019-12-10 09:37:10.400,2930.6000,3087,0,87823740.000,0,-,-,-,-,2930.6000,2930.4000,2930.2000,2930.0000,2929.8000,2932.0000,2933.8000,2937.8000,2938.4000,2939.0000,1,1,1,1,3,1,1,1,1,1
SF,IH2001,2019-12-10 09:37:10.900,2930.6000,3087,0,87823740.000,0,-,-,-,-,2930.6000,2930.4000,2930.2000,2930.0000,2929.8000,2932.0000,2933.8000,2937.8000,2938.4000,2939.0000,6,1,1,1,3,1,1,1,1,1
SF,IH2001,2019-12-10 09:37:11.400,2930.6000,3087,0,87823740.000,0,-,-,-,-,2930.8000,2930.6000,2930.4000,2930.2000,2930.0000,2932.0000,2933.8000,2937.8000,2938.4000,2939.0000,1,6,1,1,1,1,1,1,1,1
SF,IH2001,2019-12-10 09:37:11.900,2930.6000,3087,0,87823740.000,0,-,-,-,-,2931.0000,2930.8000,2930.6000,2930.4000,2930.2000,2932.0000,2933.8000,2937.8000,2938.4000,2939.0000,1,1,5,1,1,1,1,1,1,1
SF,IH2001,2019-12-10 09:37:12.400,2932.0000,3086,-1,88703340.000,1,0,1,双平,S,2931.0000,2930.8000,2930.6000,2930.2000,2930.0000,2933.8000,2937.8000,2938.4000,2939.0000,2944.0000,2,1,5,1,1,1,1,1,1,3
SF,IH2001,2019-12-10 09:37:12.900,2932.0000,3086,0,88703340.000,0,-,-,-,-,2931.2000,2931.0000,2930.6000,2930.2000,2929.8000,2933.2000,2933.4000,2933.6000,2933.8000,2937.8000,1,2,4,1,2,1,1,5,2,1
SF,IH2001,2019-12-10 09:37:13.400,2932.0000,3086,0,88703340.000,0,-,-,-,-,2931.4000,2931.2000,2931.0000,2930.6000,2930.2000,2933.0000,2933.4000,2933.6000,2933.8000,2937.8000,3,3,1,4,1,1,1,5,2,1
SF,IH2001,2019-12-10 09:37:13.900,2931.6000,3085,-1,89582820.000,1,0,1,双平,S,2931.4000,2931.2000,2931.0000,2930.6000,2930.2000,2933.0000,2933.4000,2933.6000,2933.8000,2937.8000,3,3,1,4,1,1,1,4,2,1
SF,IH2001,2019-12-10 09:37:14.400,2931.6000,3085,0,89582820.000,0,-,-,-,-,2931.6000,2931.4000,2931.2000,2931.0000,2930.6000,2933.6000,2933.8000,2937.8000,2938.4000,2939.0000,3,3,3,1,4,2,1,1,1,1
SF,IH2001,2019-12-10 09:37:14.900,2931.6000,3085,0,89582820.000,0,-,-,-,-,2931.8000,2931.6000,2931.4000,2931.2000,2931.0000,2933.6000,2933.8000,2934.2000,2937.8000,2938.4000,2,3,2,3,1,2,1,1,1,1
