市场代码,合约代码,时间,最新,持仓,增仓,成交额,成交量,开仓,平仓,成交类型,方向,买一价,买二价,买三价,买四价,买五价,卖一价,卖二价,卖三价,卖四价,卖五价,买一量,买二量,买三量,买四量,买五量,卖一量,卖二量,卖三量,卖四量,卖五量
SF,IH2012,2020-08-28 09:29:00.000,3271.0000,20979,0,5887800.000,6.000,-,-,-,-,3271.0000,3270.0000,3265.0000,3263.0000,3261.2000,3271.8000,3272.2000,3272.8000,3273.0000,3274.8000,1,1,1,1,2,1,1,1,1,1
SF,IH2012,2020-08-28 09:30:00.500,3270.6000,20980,1,11774280.000,6,3,3,空开,S,3263.0000,3262.2000,3261.2000,3260.4000,3260.0000,3270.6000,3270.8000,3271.0000,3271.4000,3272.8000,1,5,2,5,1,10,4,7,3,1
SF,IH2012,2020-08-28 09:30:01.000,3270.6000,20980,0,11774280.000,0,-,-,-,-,3264.4000,3264.0000,3263.8000,3263.4000,3263.2000,3268.6000,3269.2000,3269.8000,3270.2000,3270.4000,1,6,1,7,2,1,3,1,4,5
SF,IH2012,2020-08-28 09:30:01.500,3270.6000,20980,0,11774280.000,0,-,-,-,-,3266.6000,3265.2000,3264.8000,3264.6000,3264.4000,3267.6000,3268.2000,3268.4000,3268.6000,3269.2000,1,1,6,3,1,1,2,3,1,3
SF,IH2012,2020-08-28 09:30:02.000,3266.8000,20971,-9,20594700.000,9,0,9,双平,S,3264.8000,3264.6000,3264.4000,3264.0000,3263.4000,3265.0000,3267.4000,3267.6000,3268.2000,3268.4000,6,2,1,5,3,1,1,1,1,1
SF,IH2012,2020-08-28 09:30:02.500,3266.0000,20969,-2,22554300.000,2,0,2,双平,S,3266.0000,3265.6000,3265.4000,3265.2000,3265.0000,3267.4000,3267.6000,3268.2000,3268.4000,3268.6000,1,2,1,13,5,1,1,1,1,1
SF,IH2012,2020-08-28 09:30:03.000,3266.0000,20968,-1,23534100.000,1,0,1,双平,S,3266.6000,3266.2000,3265.6000,3265.4000,3265.2000,3267.2000,3267.6000,3268.2000,3268.6000,3269.2000,1,2,2,1,10,1,1,1,1,1
SF,IH2012,2020-08-28 09:30:03.500,3267.2000,20967,-1,26474100.000,3,1,2,多平,S,3265.6000,3265.4000,3265.2000,3265.0000,3264.8000,3268.2000,3268.6000,3269.2000,3269.8000,3270.4000,2,1,9,2,6,1,1,1,1,1
SF,IH2012,2020-08-28 09:30:04.000,3265.6000,20965,-2,29413260.000,3,0,3,多平,S,3265.6000,3265.4000,3265.2000,3264.8000,3264.4000,3266.6000,3267.8000,3268.0000,3268.2000,3268.6000,1,1,9,1,1,9,5,2,1,1
SF,IH2012,2020-08-28 09:30:04.500,3265.4000,20964,-1,31372560.000,2,0,2,多平,S,3265.2000,3264.4000,3263.4000,3263.2000,3261.2000,3265.8000,3266.2000,3266.4000,3266.6000,3268.0000,9,1,3,1,2,2,6,1,9,1
SF,IH2012,2020-08-28 09:30:05.000,3265.2000,20960,-4,36270360.000,5,0,5,多平,S,3265.2000,3263.4000,3263.2000,3261.2000,3260.4000,3265.6000,3265.8000,3266.2000,3266.6000,3268.0000,4,3,1,2,5,1,2,1,9,1
SF,IH2012,2020-08-28 09:30:05.500,3265.2000,20958,-2,40188600.000,4,1,3,多平,S,3263.4000,3263.2000,3261.2000,3260.4000,3260.0000,3265.6000,3266.2000,3266.6000,3268.0000,3268.2000,3,1,2,5,1,1,1,9,1,1
SF,IH2012,2020-08-28 09:30:06.000,3266.6000,20953,-5,46066800.000,6,0,6,多平,S,3263.6000,3261.2000,3260.4000,3260.0000,3256.6000,3265.2000,3266.6000,3268.2000,3268.6000,3269.2000,1,3,5,1,6,1,7,1,1,1
SF,IH2012,2020-08-28 09:30:06.500,3266.6000,20953,0,46066800.000,0,-,-,-,-,3263.6000,3261.2000,3260.4000,3260.0000,3256.6000,3264.0000,3264.2000,3264.4000,3265.0000,3265.2000,1,3,5,1,6,2,1,1,3,3
SF,IH2012,2020-08-28 09:30:07.000,3263.8000,20953,0,49004160.000,3,1,2,多换,S,3261.2000,3260.4000,3260.0000,3256.6000,3256.0000,3264.0000,3265.0000,3265.2000,3266.6000,3268.2000,3,5,1,6,3,1,2,4,9,1
SF,IH2012,2020-08-28 09:30:07.500,3261.6000,20953,0,49982640.000,1,0,1,多换,S,3261.6000,3261.4000,3261.2000,3260.4000,3260.0000,3263.4000,3263.8000,3264.0000,3265.0000,3265.2000,2,1,3,5,1,1,3,1,1,4
SF,IH2012,2020-08-28 09:30:08.000,3261.6000,20951,-2,51939600.000,2,0,2,双平,S,3261.8000,3261.2000,3260.4000,3260.0000,3256.6000,3263.2000,3263.4000,3265.0000,3265.2000,3265.6000,3,3,5,1,6,2,1,1,4,1
SF,IH2012,2020-08-28 09:30:08.500,3261.6000,20951,0,51939600.000,0,-,-,-,-,3261.8000,3261.2000,3260.4000,3260.0000,3256.6000,3263.2000,3265.2000,3265.6000,3266.0000,3266.6000,1,3,5,1,6,3,4,1,2,7
SF,IH2012,2020-08-28 09:30:09.000,3261.2000,20951,0,54875280.000,3,1,2,多换,S,3261.2000,3260.4000,3260.0000,3256.6000,3256.0000,3263.2000,3265.2000,3265.6000,3266.0000,3266.6000,1,5,1,6,3,2,4,1,2,7
SF,IH2012,2020-08-28 09:30:09.500,3261.6000,20951,0,55853760.000,1,0,1,多换,S,3261.4000,3261.2000,3260.4000,3260.0000,3256.6000,3261.6000,3261.8000,3263.0000,3263.2000,3265.0000,2,1,5,1,6,4,1,2,2,1
SF,IH2012,2020-08-28 09:30:10.000,3260.4000,20942,-9,69551880.000,14,2,12,多平,S,3260.4000,3260.0000,3256.6000,3256.0000,3255.2000,3263.0000,3263.2000,3265.0000,3265.2000,3266.0000,4,1,6,3,6,1,1,1,4,2
SF,IH2012,2020-08-28 09:30:10.500,3260.4000,20942,0,69551880.000,0,-,-,-,-,3262.0000,3261.4000,3260.8000,3260.6000,3260.4000,3262.6000,3262.8000,3264.8000,3265.0000,3265.2000,1,1,2,2,6,1,3,2,1,4
SF,IH2012,2020-08-28 09:30:11.000,3262.4000,20941,-1,71509200.000,2,0,2,多平,S,3261.6000,3261.0000,3260.8000,3260.6000,3260.4000,3262.4000,3262.8000,3264.8000,3265.0000,3265.2000,1,1,2,2,4,1,2,2,1,4
SF,IH2012,2020-08-28 09:30:11.500,3261.6000,20940,-1,74444880.000,3,1,2,多平,S,3261.0000,3260.8000,3260.6000,3260.4000,3260.0000,3261.6000,3264.8000,3265.0000,3265.2000,3266.6000,1,2,2,4,1,4,2,1,4,7
SF,IH2012,2020-08-28 09:30:12.000,3261.6000,20936,-4,79337280.000,5,0,5,多平,S,3261.8000,3261.2000,3261.0000,3260.8000,3260.6000,3265.0000,3265.2000,3266.0000,3266.6000,3268.2000,4,3,1,2,1,1,4,2,7,1
SF,IH2012,2020-08-28 09:30:12.500,3262.0000,20935,-1,80315880.000,1,0,1,双平,S,3262.0000,3261.8000,3261.2000,3261.0000,3260.8000,3264.0000,3264.6000,3264.8000,3265.0000,3265.2000,1,4,3,2,2,1,4,2,1,4
SF,IH2012,2020-08-28 09:30:13.000,3262.0000,20935,0,80315880.000,0,-,-,-,-,3261.8000,3261.2000,3261.0000,3260.8000,3260.4000,3263.8000,3264.6000,3265.0000,3265.2000,3266.0000,4,3,2,3,4,4,3,1,4,2
SF,IH2012,2020-08-28 09:30:13.500,3262.0000,20935,0,80315880.000,0,-,-,-,-,3261.8000,3261.6000,3261.2000,3261.0000,3260.8000,3263.8000,3264.6000,3265.0000,3265.2000,3266.0000,4,1,3,2,3,4,3,1,4,2
SF,IH2012,2020-08-28 09:30:14.000,3261.8000,20935,0,81294420.000,1,0,1,多换,S,3262.0000,3261.8000,3261.6000,3261.2000,3261.0000,3263.8000,3264.6000,3265.0000,3265.2000,3266.0000,1,3,1,3,2,4,3,1,4,2
SF,IH2012,2020-08-28 09:30:14.500,3261.8000,20935,0,81294420.000,0,-,-,-,-,3262.0000,3261.8000,3261.6000,3261.2000,3261.0000,3263.8000,3264.6000,3265.0000,3265.2000,3266.0000,1,3,1,3,2,4,3,1,4,2
SF,IH2012,2020-08-28 09:30:15.000,3261.8000,20934,-1,82272960.000,1,0,1,双平,S,3261.8000,3261.6000,3261.2000,3261.0000,3260.8000,3263.8000,3264.6000,3265.0000,3265.2000,3266.0000,3,1,3,2,3,4,1,1,4,2
SF,IH2012,2020-08-28 09:30:15.500,3261.8000,20934,0,82272960.000,0,-,-,-,-,3262.0000,3261.8000,3261.6000,3261.0000,3260.8000,3263.8000,3264.6000,3265.2000,3266.0000,3266.6000,3,3,1,1,3,3,1,4,2,7
SF,IH2012,2020-08-28 09:30:16.000,3261.8000,20934,0,82272960.000,0,-,-,-,-,3262.0000,3261.8000,3261.6000,3260.8000,3260.4000,3263.8000,3264.6000,3265.2000,3265.4000,3266.0000,8,3,1,3,4,4,1,4,1,2
SF,IH2012,2020-08-28 09:30:16.500,3261.8000,20934,0,82272960.000,0,-,-,-,-,3262.0000,3261.8000,3261.6000,3260.8000,3260.4000,3263.8000,3264.6000,3265.2000,3265.4000,3266.0000,3,3,1,3,4,3,1,4,1,2
SF,IH2012,2020-08-28 09:30:17.000,3261.8000,20934,0,82272960.000,0,-,-,-,-,3262.2000,3262.0000,3261.8000,3261.6000,3260.8000,3263.8000,3264.6000,3265.2000,3265.4000,3266.0000,5,1,3,1,3,3,1,4,1,2
SF,IH2012,2020-08-28 09:30:17.500,3262.0000,20934,0,83251560.000,1,0,1,多换,S,3262.2000,3262.0000,3261.8000,3261.6000,3260.8000,3263.8000,3264.6000,3265.2000,3265.4000,3266.0000,4,1,3,1,3,3,1,4,1,2
SF,IH2012,2020-08-28 09:30:18.000,3262.0000,20934,0,83251560.000,0,-,-,-,-,3262.2000,3262.0000,3261.8000,3261.6000,3260.8000,3263.8000,3264.6000,3265.2000,3265.4000,3266.0000,1,1,3,1,3,3,1,4,1,2
SF,IH2012,2020-08-28 09:30:18.500,3262.0000,20934,0,83251560.000,0,-,-,-,-,3262.4000,3261.8000,3261.6000,3260.8000,3260.6000,3263.8000,3264.0000,3264.6000,3265.2000,3266.0000,1,3,1,3,5,3,5,1,4,2
SF,IH2012,2020-08-28 09:30:19.000,3262.0000,20934,0,83251560.000,0,-,-,-,-,3262.4000,3261.8000,3261.6000,3260.8000,3260.6000,3263.8000,3264.0000,3264.6000,3265.2000,3266.0000,2,3,1,2,5,3,5,1,4,2
SF,IH2012,2020-08-28 09:30:19.500,3262.0000,20934,0,83251560.000,0,-,-,-,-,3262.6000,3262.4000,3261.6000,3260.8000,3260.6000,3263.4000,3263.8000,3264.0000,3264.6000,3265.2000,1,1,1,2,5,1,3,5,1,4
SF,IH2012,2020-08-28 09:30:20.000,3262.4000,20932,-2,85209060.000,2,0,2,双平,S,3261.6000,3260.8000,3260.6000,3260.4000,3260.0000,3263.2000,3263.4000,3263.8000,3264.0000,3264.6000,1,2,5,4,1,1,1,1,5,1
SF,IH2012,2020-08-28 09:30:20.500,3262.4000,20932,0,85209060.000,0,-,-,-,-,3261.8000,3261.6000,3260.8000,3260.6000,3260.4000,3263.2000,3263.8000,3264.0000,3264.6000,3265.2000,5,1,2,5,4,1,1,5,1,4
SF,IH2012,2020-08-28 09:30:21.000,3262.4000,20932,0,85209060.000,0,-,-,-,-,3261.8000,3261.6000,3260.8000,3260.6000,3260.4000,3263.2000,3264.0000,3264.6000,3265.2000,3266.6000,4,1,2,5,4,1,5,1,4,7
SF,IH2012,2020-08-28 09:30:21.500,3262.4000,20932,0,85209060.000,0,-,-,-,-,3261.8000,3261.6000,3260.6000,3260.4000,3260.0000,3263.0000,3263.2000,3264.0000,3264.6000,3265.2000,4,1,5,4,2,1,1,5,1,4
SF,IH2012,2020-08-28 09:30:22.000,3262.4000,20932,0,85209060.000,0,-,-,-,-,3260.6000,3260.4000,3260.0000,3256.6000,3256.0000,3262.8000,3263.0000,3264.0000,3264.6000,3265.2000,5,4,2,6,3,1,1,5,1,2
SF,IH2012,2020-08-28 09:30:22.500,3262.4000,20932,0,85209060.000,0,-,-,-,-,3261.2000,3261.0000,3260.8000,3260.6000,3260.4000,3261.8000,3262.4000,3262.8000,3263.0000,3264.0000,3,1,2,7,4,1,1,1,1,5
SF,IH2012,2020-08-28 09:30:23.000,3262.4000,20932,0,87166320.000,2,1,1,多换,S,3261.8000,3261.2000,3261.0000,3260.8000,3260.6000,3262.8000,3263.0000,3264.0000,3264.6000,3265.2000,2,3,1,1,5,1,1,5,1,2
SF,IH2012,2020-08-28 09:30:23.500,3262.4000,20932,0,87166320.000,0,-,-,-,-,3261.2000,3261.0000,3260.8000,3260.4000,3260.0000,3262.8000,3264.0000,3264.6000,3265.2000,3266.6000,3,1,1,4,4,1,5,1,2,7
SF,IH2012,2020-08-28 09:30:24.000,3261.2000,20931,-1,88144680.000,1,0,1,双平,S,3261.2000,3261.0000,3260.8000,3260.4000,3260.0000,3262.8000,3264.0000,3264.6000,3265.2000,3266.6000,2,1,1,4,4,1,5,1,2,7
SF,IH2012,2020-08-28 09:30:24.500,3261.2000,20931,0,88144680.000,0,-,-,-,-,3261.2000,3261.0000,3260.8000,3260.4000,3260.0000,3262.8000,3264.0000,3264.6000,3265.2000,3266.6000,2,1,1,4,4,1,5,1,2,7
SF,IH2012,2020-08-28 09:30:25.000,3261.2000,20931,0,88144680.000,0,-,-,-,-,3261.4000,3261.2000,3261.0000,3260.4000,3260.0000,3262.8000,3264.0000,3264.6000,3265.2000,3266.6000,4,3,2,4,4,1,5,1,1,7
SF,IH2012,2020-08-28 09:30:25.500,3262.8000,20930,-1,89123520.000,1,0,1,双平,S,3261.8000,3261.6000,3261.4000,3261.0000,3260.4000,3264.0000,3264.6000,3265.2000,3266.6000,3268.2000,2,2,2,2,4,5,1,1,7,1
SF,IH2012,2020-08-28 09:30:26.000,3262.8000,20930,0,89123520.000,0,-,-,-,-,3262.0000,3261.8000,3261.6000,3261.4000,3261.0000,3263.4000,3263.6000,3263.8000,3264.0000,3265.2000,2,3,2,2,2,1,2,1,5,1
SF,IH2012,2020-08-28 09:30:26.500,3262.8000,20930,0,89123520.000,0,-,-,-,-,3262.2000,3262.0000,3261.8000,3261.6000,3261.4000,3263.8000,3264.0000,3265.2000,3266.6000,3268.2000,1,2,3,2,2,1,5,1,7,1
SF,IH2012,2020-08-28 09:30:27.000,3262.8000,20930,0,89123520.000,0,-,-,-,-,3262.4000,3262.2000,3262.0000,3261.8000,3261.6000,3263.8000,3264.0000,3265.2000,3266.6000,3268.2000,2,3,1,1,2,2,5,1,7,1
SF,IH2012,2020-08-28 09:30:27.500,3262.8000,20930,0,89123520.000,0,-,-,-,-,3262.6000,3262.4000,3262.2000,3262.0000,3261.6000,3264.0000,3265.2000,3266.6000,3268.2000,3268.6000,1,2,3,1,2,5,1,7,1,1
SF,IH2012,2020-08-28 09:30:28.000,3262.8000,20930,0,89123520.000,0,-,-,-,-,3262.8000,3262.6000,3262.2000,3262.0000,3261.6000,3263.8000,3264.0000,3265.2000,3266.6000,3268.2000,5,1,3,1,2,1,5,1,7,1
SF,IH2012,2020-08-28 09:30:28.500,3262.8000,20930,0,89123520.000,0,-,-,-,-,3262.8000,3262.6000,3262.2000,3262.0000,3261.6000,3263.8000,3264.0000,3265.2000,3266.6000,3268.2000,5,1,2,1,2,1,5,1,7,1
SF,IH2012,2020-08-28 09:30:29.000,3262.8000,20930,0,89123520.000,0,-,-,-,-,3262.8000,3262.6000,3262.2000,3262.0000,3261.4000,3263.8000,3264.0000,3265.2000,3268.2000,3268.6000,3,1,2,1,1,1,5,1,1,1
SF,IH2012,2020-08-28 09:30:29.500,3262.8000,20930,0,89123520.000,0,-,-,-,-,3262.8000,3262.6000,3262.2000,3262.0000,3261.0000,3263.8000,3264.0000,3265.2000,3268.2000,3268.6000,3,1,2,1,2,1,5,1,1,1
SF,IH2012,2020-08-28 09:30:30.000,3262.8000,20930,0,89123520.000,0,-,-,-,-,3262.8000,3262.2000,3262.0000,3261.0000,3260.4000,3263.8000,3264.0000,3265.2000,3268.2000,3268.6000,3,2,1,2,4,2,5,1,1,1
SF,IH2012,2020-08-28 09:30:30.500,3262.8000,20930,0,89123520.000,0,-,-,-,-,3262.8000,3262.2000,3261.0000,3260.4000,3260.0000,3263.4000,3263.6000,3263.8000,3264.0000,3265.2000,3,2,2,4,4,1,1,2,5,1
SF,IH2012,2020-08-28 09:30:31.000,3262.8000,20931,1,90102360.000,1,1,0,双开,S,3263.6000,3262.8000,3262.2000,3261.0000,3260.4000,3263.8000,3264.0000,3265.2000,3268.2000,3268.6000,2,3,2,2,4,2,5,1,1,1
SF,IH2012,2020-08-28 09:30:31.500,3263.6000,20930,-1,94018740.000,4,1,3,多平,S,3262.8000,3262.2000,3261.0000,3260.4000,3260.0000,3263.4000,3263.6000,3264.0000,3265.2000,3268.2000,3,2,2,4,4,5,1,5,1,1
SF,IH2012,2020-08-28 09:30:32.000,3263.6000,20929,-1,95976840.000,2,0,2,多平,S,3263.6000,3262.8000,3262.2000,3261.0000,3260.4000,3264.0000,3264.4000,3265.2000,3268.2000,3268.6000,3,3,2,2,4,5,1,1,1,1
SF,IH2012,2020-08-28 09:30:32.500,3263.6000,20930,1,98914080.000,3,2,1,空开,S,3262.8000,3262.2000,3261.6000,3261.0000,3260.4000,3263.2000,3263.4000,3263.8000,3264.0000,3264.4000,3,2,1,1,4,1,2,1,6,1
SF,IH2012,2020-08-28 09:30:33.000,3263.2000,20929,-1,99893040.000,1,0,1,双平,S,3262.8000,3262.2000,3261.6000,3261.0000,3260.4000,3263.8000,3264.0000,3264.4000,3268.2000,3268.6000,3,2,1,1,4,1,5,1,1,1
SF,IH2012,2020-08-28 09:30:33.500,3263.2000,20929,0,99893040.000,0,-,-,-,-,3262.8000,3262.2000,3261.6000,3261.0000,3260.4000,3263.6000,3263.8000,3264.0000,3264.4000,3268.2000,3,1,1,3,4,1,1,5,1,1
SF,IH2012,2020-08-28 09:30:34.000,3262.8000,20926,-3,102829560.000,3,0,3,双平,S,3261.6000,3261.0000,3260.4000,3260.0000,3258.2000,3263.6000,3263.8000,3264.0000,3264.4000,3268.2000,1,3,4,4,5,1,1,5,1,1
SF,IH2012,2020-08-28 09:30:34.500,3262.8000,20926,0,102829560.000,0,-,-,-,-,3262.0000,3261.8000,3261.6000,3261.0000,3260.4000,3263.2000,3263.4000,3263.6000,3264.0000,3264.4000,2,1,1,3,4,1,4,1,5,1
SF,IH2012,2020-08-28 09:30:35.000,3262.8000,20926,0,102829560.000,0,-,-,-,-,3262.2000,3261.6000,3261.0000,3260.4000,3260.0000,3263.4000,3263.6000,3264.0000,3264.4000,3268.2000,1,1,3,4,4,3,1,5,1,1
SF,IH2012,2020-08-28 09:30:35.500,3262.8000,20926,0,102829560.000,0,-,-,-,-,3262.2000,3261.6000,3261.0000,3260.4000,3260.0000,3263.4000,3263.6000,3264.0000,3264.4000,3268.2000,1,1,3,4,4,2,1,5,1,1
SF,IH2012,2020-08-28 09:30:36.000,3263.6000,20926,0,104787660.000,2,1,1,多换,S,3262.2000,3261.6000,3261.0000,3260.4000,3260.0000,3264.0000,3264.4000,3268.2000,3268.6000,3269.2000,1,1,3,4,4,5,1,1,1,1
SF,IH2012,2020-08-28 09:30:36.500,3263.6000,20926,0,104787660.000,0,-,-,-,-,3262.4000,3262.2000,3261.6000,3261.0000,3260.4000,3263.2000,3263.6000,3263.8000,3264.0000,3264.4000,1,1,1,3,4,1,1,3,5,1
SF,IH2012,2020-08-28 09:30:37.000,3263.6000,20926,0,104787660.000,0,-,-,-,-,3262.2000,3261.6000,3261.0000,3260.4000,3260.0000,3263.6000,3263.8000,3264.0000,3264.4000,3268.2000,1,1,3,4,4,2,2,5,1,1
SF,IH2012,2020-08-28 09:30:37.500,3262.2000,20926,0,105766320.000,1,0,1,多换,S,3261.6000,3261.0000,3260.4000,3260.0000,3258.2000,3262.2000,3263.6000,3263.8000,3264.0000,3264.4000,1,3,4,4,5,1,3,2,5,1
SF,IH2012,2020-08-28 09:30:38.000,3262.2000,20926,0,106744980.000,1,0,1,多换,S,3262.4000,3262.2000,3261.8000,3261.6000,3261.0000,3263.6000,3263.8000,3264.0000,3264.4000,3268.2000,1,1,3,1,3,2,2,5,1,1
SF,IH2012,2020-08-28 09:30:38.500,3262.2000,20926,0,106744980.000,0,-,-,-,-,3262.4000,3262.2000,3261.8000,3261.6000,3261.0000,3263.4000,3263.6000,3263.8000,3264.0000,3264.4000,1,1,3,1,3,1,2,1,5,1
SF,IH2012,2020-08-28 09:30:39.500,3262.4000,20925,-1,107723700.000,1,0,1,双平,S,3262.2000,3261.8000,3261.6000,3261.0000,3260.4000,3263.4000,3263.6000,3263.8000,3264.0000,3264.4000,1,3,1,3,4,1,2,1,5,1
SF,IH2012,2020-08-28 09:30:40.000,3262.4000,20925,0,107723700.000,0,-,-,-,-,3261.8000,3261.6000,3261.0000,3260.4000,3260.0000,3263.2000,3263.4000,3263.6000,3263.8000,3264.0000,3,1,3,4,4,1,1,2,1,5
SF,IH2012,2020-08-28 09:30:40.500,3263.2000,20923,-2,109681560.000,2,0,2,双平,S,3262.0000,3261.8000,3261.6000,3261.0000,3260.4000,3263.6000,3263.8000,3264.0000,3264.4000,3268.2000,1,3,1,3,4,2,1,5,1,1
SF,IH2012,2020-08-28 09:30:41.000,3263.2000,20923,0,109681560.000,0,-,-,-,-,3262.2000,3261.8000,3261.6000,3261.0000,3260.4000,3263.4000,3263.6000,3263.8000,3264.0000,3264.4000,2,2,1,3,4,1,2,1,5,1
SF,IH2012,2020-08-28 09:30:41.500,3263.2000,20923,0,109681560.000,0,-,-,-,-,3262.2000,3261.8000,3261.6000,3261.0000,3260.4000,3263.4000,3263.6000,3263.8000,3264.0000,3264.4000,2,2,1,3,4,1,2,1,5,1
SF,IH2012,2020-08-28 09:30:42.000,3263.4000,20922,-1,110660580.000,1,0,1,双平,S,3262.2000,3261.8000,3261.6000,3261.0000,3260.4000,3263.6000,3264.0000,3264.4000,3268.2000,3268.6000,2,2,2,4,4,1,5,1,1,1
SF,IH2012,2020-08-28 09:30:42.500,3263.4000,20922,0,110660580.000,0,-,-,-,-,3262.2000,3261.8000,3261.6000,3261.0000,3260.4000,3263.2000,3263.6000,3264.0000,3264.4000,3268.2000,2,2,2,4,4,1,2,5,1,1
SF,IH2012,2020-08-28 09:30:43.000,3263.4000,20922,0,110660580.000,0,-,-,-,-,3262.2000,3261.8000,3261.6000,3261.0000,3260.4000,3263.6000,3264.0000,3264.4000,3268.2000,3268.6000,2,2,3,4,4,1,5,1,1,1
SF,IH2012,2020-08-28 09:30:43.500,3262.2000,20921,-1,111639240.000,1,0,1,双平,S,3262.2000,3261.8000,3261.6000,3261.0000,3260.4000,3262.6000,3263.0000,3263.4000,3263.6000,3264.0000,1,2,3,4,4,1,1,2,1,5
SF,IH2012,2020-08-28 09:30:44.000,3262.6000,20920,-1,112618020.000,1,0,1,双平,S,3262.2000,3261.6000,3261.0000,3260.4000,3260.0000,3263.4000,3263.6000,3264.0000,3264.4000,3268.2000,1,2,4,4,4,3,1,5,1,1
SF,IH2012,2020-08-28 09:30:44.500,3263.6000,20921,1,120450180.000,8,4,4,空开,S,3262.4000,3261.6000,3261.0000,3260.4000,3260.0000,3263.2000,3263.6000,3264.0000,3264.4000,3268.2000,1,2,4,4,4,1,1,5,1,1
SF,IH2012,2020-08-28 09:30:45.000,3262.4000,20920,-1,121428900.000,1,0,1,双平,S,3261.6000,3261.0000,3260.4000,3260.0000,3258.2000,3262.4000,3263.2000,3263.6000,3264.0000,3264.4000,2,4,4,4,5,1,1,1,5,1
SF,IH2012,2020-08-28 09:30:46.000,3262.4000,20919,-1,122407620.000,1,0,1,双平,S,3261.6000,3261.0000,3260.4000,3260.0000,3258.2000,3263.2000,3263.6000,3264.0000,3264.4000,3268.2000,1,3,4,4,5,1,1,5,1,1
SF,IH2012,2020-08-28 09:30:46.500,3263.0000,20918,-1,123386520.000,1,0,1,双平,S,3261.8000,3261.6000,3261.0000,3260.4000,3260.0000,3263.2000,3263.6000,3264.0000,3264.4000,3268.2000,1,1,3,4,2,1,1,5,1,1
SF,IH2012,2020-08-28 09:30:47.000,3263.0000,20918,0,123386520.000,0,-,-,-,-,3261.8000,3261.6000,3261.0000,3260.4000,3260.0000,3263.0000,3263.2000,3263.6000,3264.0000,3264.4000,1,1,3,4,2,1,1,1,5,1
SF,IH2012,2020-08-28 09:30:48.000,3263.0000,20918,0,123386520.000,0,-,-,-,-,3261.8000,3261.6000,3261.0000,3260.4000,3260.0000,3262.8000,3263.0000,3263.2000,3263.6000,3264.0000,1,1,3,4,2,1,1,1,1,5
SF,IH2012,2020-08-28 09:30:48.500,3263.0000,20917,-1,124365420.000,1,0,1,双平,S,3261.8000,3261.6000,3261.0000,3260.4000,3260.0000,3263.0000,3263.2000,3263.6000,3264.0000,3264.4000,1,1,3,4,2,1,1,1,5,1
SF,IH2012,2020-08-28 09:30:49.000,3263.0000,20917,0,124365420.000,0,-,-,-,-,3261.8000,3261.6000,3261.0000,3260.4000,3260.0000,3262.6000,3263.2000,3263.6000,3264.0000,3264.4000,1,1,3,4,2,1,1,1,5,1
SF,IH2012,2020-08-28 09:30:49.500,3263.0000,20917,0,124365420.000,0,-,-,-,-,3261.8000,3261.6000,3261.0000,3260.4000,3260.0000,3262.6000,3263.2000,3263.6000,3264.0000,3264.4000,1,1,3,4,2,1,1,1,5,1
SF,IH2012,2020-08-28 09:30:50.500,3263.0000,20917,0,124365420.000,0,-,-,-,-,3261.8000,3261.6000,3261.0000,3260.4000,3260.0000,3262.6000,3263.2000,3263.6000,3264.0000,3264.4000,1,1,3,4,2,1,1,1,5,1
SF,IH2012,2020-08-28 09:30:51.000,3262.6000,20916,-1,125344200.000,1,0,1,双平,S,3261.8000,3261.6000,3261.0000,3260.4000,3260.0000,3263.2000,3263.6000,3264.0000,3264.4000,3268.2000,1,1,3,4,2,1,1,5,1,1
SF,IH2012,2020-08-28 09:30:51.500,3262.6000,20916,0,125344200.000,0,-,-,-,-,3262.0000,3261.8000,3261.6000,3261.0000,3260.4000,3262.8000,3263.2000,3263.6000,3264.0000,3264.4000,2,1,1,3,4,1,1,1,5,1
SF,IH2012,2020-08-28 09:30:52.000,3262.6000,20916,0,125344200.000,0,-,-,-,-,3262.0000,3261.8000,3261.6000,3261.0000,3260.4000,3263.2000,3263.6000,3264.0000,3264.4000,3268.2000,2,1,1,3,4,1,1,5,1,1
SF,IH2012,2020-08-28 09:30:52.500,3262.2000,20915,-1,126322860.000,1,0,1,双平,S,3262.0000,3261.6000,3261.0000,3260.4000,3260.0000,3263.2000,3263.6000,3264.0000,3264.4000,3268.2000,2,1,3,4,2,1,1,5,1,1
SF,IH2012,2020-08-28 09:30:53.000,3262.2000,20915,0,126322860.000,0,-,-,-,-,3262.2000,3262.0000,3261.6000,3261.0000,3260.4000,3263.0000,3263.2000,3263.6000,3264.0000,3264.4000,1,2,1,3,4,1,1,1,5,1
SF,IH2012,2020-08-28 09:30:53.500,3262.2000,20915,0,126322860.000,0,-,-,-,-,3262.0000,3261.6000,3261.0000,3260.4000,3260.0000,3263.0000,3263.2000,3263.6000,3264.0000,3264.4000,2,1,3,4,2,1,1,1,5,1
SF,IH2012,2020-08-28 09:30:54.500,3262.0000,20914,-1,128280420.000,2,0,2,多平,S,3263.2000,3262.2000,3262.0000,3261.6000,3261.0000,3263.6000,3264.0000,3268.2000,3268.6000,3269.2000,1,1,1,1,3,1,5,1,1,1
SF,IH2012,2020-08-28 09:30:55.000,3263.2000,20912,-2,132196380.000,4,1,3,多平,S,3262.2000,3262.0000,3261.6000,3261.0000,3260.4000,3263.0000,3263.2000,3264.0000,3268.2000,3268.6000,1,1,1,3,4,2,3,5,1,1
SF,IH2012,2020-08-28 09:30:55.500,3263.0000,20911,-1,133175280.000,1,0,1,双平,S,3262.2000,3262.0000,3261.6000,3261.0000,3260.4000,3263.2000,3264.0000,3268.2000,3268.6000,3269.2000,1,1,1,3,4,3,5,1,1,1
SF,IH2012,2020-08-28 09:30:56.000,3263.2000,20908,-3,136112160.000,3,0,3,双平,S,3262.2000,3262.0000,3261.6000,3261.0000,3260.4000,3262.4000,3264.0000,3268.2000,3268.6000,3269.2000,1,1,1,3,4,1,5,1,1,1
SF,IH2012,2020-08-28 09:30:56.500,3262.4000,20907,-1,137090880.000,1,0,1,双平,S,3262.6000,3262.4000,3262.2000,3262.0000,3261.6000,3264.0000,3268.2000,3268.6000,3269.2000,3269.8000,1,4,1,1,1,5,1,1,1,1
SF,IH2012,2020-08-28 09:30:57.000,3262.4000,20907,0,137090880.000,0,-,-,-,-,3262.8000,3262.6000,3262.4000,3262.2000,3262.0000,3263.6000,3263.8000,3264.0000,3268.2000,3268.6000,2,1,3,1,1,3,2,5,1,1
SF,IH2012,2020-08-28 09:30:57.500,3262.4000,20905,-2,139048380.000,2,0,2,双平,S,3262.2000,3262.0000,3261.6000,3261.0000,3260.8000,3262.8000,3263.4000,3263.6000,3263.8000,3264.0000,1,1,1,3,1,1,2,4,1,5
SF,IH2012,2020-08-28 09:30:58.000,3262.4000,20905,0,139048380.000,0,-,-,-,-,3262.2000,3262.0000,3261.6000,3261.0000,3260.8000,3263.4000,3263.8000,3264.0000,3268.2000,3268.6000,1,1,1,3,1,1,1,5,1,1
SF,IH2012,2020-08-28 09:30:58.500,3262.4000,20905,0,139048380.000,0,-,-,-,-,3262.4000,3262.2000,3262.0000,3261.6000,3261.0000,3263.4000,3263.8000,3264.0000,3268.2000,3268.6000,3,1,1,1,3,1,1,5,1,1
SF,IH2012,2020-08-28 09:30:59.000,3262.4000,20903,-2,141005820.000,2,0,2,双平,S,3262.4000,3262.2000,3262.0000,3261.6000,3261.0000,3263.4000,3263.8000,3264.0000,3268.2000,3268.6000,1,1,1,1,3,1,1,5,1,1
SF,IH2012,2020-08-28 09:30:59.500,3263.2000,20902,-1,141984780.000,1,0,1,双平,S,3262.4000,3262.2000,3262.0000,3261.6000,3261.0000,3263.2000,3263.4000,3264.0000,3268.2000,3268.6000,1,1,1,1,3,1,1,5,1,1
SF,IH2012,2020-08-28 09:31:00.000,3263.2000,20902,0,141984780.000,0,-,-,-,-,3262.2000,3262.0000,3261.6000,3261.0000,3260.8000,3263.2000,3263.4000,3264.0000,3268.2000,3268.6000,1,1,1,3,1,1,1,5,1,1
SF,IH2012,2020-08-28 09:31:00.500,3263.2000,20902,0,141984780.000,0,-,-,-,-,3262.4000,3262.2000,3262.0000,3261.6000,3261.0000,3263.2000,3263.4000,3264.0000,3268.2000,3268.6000,1,1,1,1,3,1,1,5,1,1
SF,IH2012,2020-08-28 09:31:01.000,3263.2000,20902,0,141984780.000,0,-,-,-,-,3262.2000,3262.0000,3261.6000,3261.0000,3260.8000,3263.2000,3263.4000,3264.0000,3268.2000,3268.6000,1,1,1,3,1,1,1,5,1,1
SF,IH2012,2020-08-28 09:31:01.500,3262.0000,20901,-1,143942040.000,2,0,2,多平,S,3261.6000,3261.0000,3260.8000,3260.4000,3260.0000,3263.2000,3263.4000,3264.0000,3268.2000,3268.6000,1,3,1,4,2,1,1,5,1,1
SF,IH2012,2020-08-28 09:31:02.000,3262.0000,20901,0,143942040.000,0,-,-,-,-,3262.0000,3261.8000,3261.6000,3261.0000,3260.8000,3263.2000,3263.4000,3264.0000,3268.2000,3268.6000,1,2,1,3,1,1,1,5,1,1
SF,IH2012,2020-08-28 09:31:02.500,3262.0000,20901,0,143942040.000,0,-,-,-,-,3262.0000,3261.8000,3261.6000,3261.0000,3260.4000,3263.2000,3263.4000,3264.0000,3268.2000,3268.6000,2,2,1,3,4,1,1,5,1,1
SF,IH2012,2020-08-28 09:31:03.500,3262.0000,20901,0,143942040.000,0,-,-,-,-,3262.0000,3261.8000,3261.6000,3261.0000,3260.4000,3263.2000,3263.4000,3264.0000,3268.2000,3268.6000,2,2,1,3,4,1,1,5,1,1
SF,IH2012,2020-08-28 09:31:04.000,3262.0000,20899,-2,145899240.000,2,0,2,双平,S,3261.8000,3261.6000,3261.0000,3260.4000,3260.0000,3263.2000,3263.4000,3264.0000,3268.2000,3268.6000,2,1,3,4,2,1,1,5,1,1
SF,IH2012,2020-08-28 09:31:04.500,3262.0000,20899,0,145899240.000,0,-,-,-,-,3261.8000,3261.6000,3261.0000,3260.4000,3260.0000,3263.2000,3263.4000,3264.0000,3268.2000,3268.6000,2,1,3,4,2,1,2,5,1,1
SF,IH2012,2020-08-28 09:31:06.000,3262.0000,20899,0,146877840.000,1,0,1,多换,S,3261.8000,3261.6000,3261.0000,3260.4000,3260.0000,3263.2000,3263.4000,3264.0000,3268.2000,3268.6000,2,1,3,4,2,1,2,5,1,1
SF,IH2012,2020-08-28 09:31:08.000,3261.8000,20897,-2,148834920.000,2,0,2,双平,S,3261.6000,3261.0000,3260.4000,3260.0000,3258.2000,3263.0000,3263.2000,3263.4000,3264.0000,3268.2000,1,3,4,2,5,2,1,2,5,1
SF,IH2012,2020-08-28 09:31:08.500,3261.8000,20897,0,148834920.000,0,-,-,-,-,3262.0000,3261.6000,3261.0000,3260.4000,3260.0000,3262.8000,3263.0000,3263.4000,3264.0000,3268.2000,1,1,3,4,2,1,2,2,5,1
SF,IH2012,2020-08-28 09:31:09.500,3262.0000,20896,-1,149813520.000,1,0,1,双平,S,3261.6000,3261.0000,3260.4000,3260.0000,3258.2000,3262.8000,3263.0000,3263.4000,3264.0000,3268.2000,1,3,4,2,5,1,2,2,5,1
SF,IH2012,2020-08-28 09:31:10.000,3262.0000,20896,0,149813520.000,0,-,-,-,-,3261.6000,3261.0000,3260.4000,3260.0000,3258.2000,3262.8000,3263.0000,3263.4000,3264.0000,3268.2000,1,3,4,2,5,1,3,2,5,1
SF,IH2012,2020-08-28 09:31:10.500,3262.0000,20896,0,149813520.000,0,-,-,-,-,3262.0000,3261.8000,3261.6000,3261.0000,3260.4000,3262.8000,3263.0000,3263.4000,3264.0000,3268.2000,1,1,1,3,4,1,3,2,5,1
SF,IH2012,2020-08-28 09:31:11.000,3262.0000,20896,0,149813520.000,0,-,-,-,-,3262.0000,3261.8000,3261.6000,3261.0000,3260.4000,3262.8000,3263.0000,3263.4000,3264.0000,3268.2000,1,1,1,3,4,1,3,2,6,1
SF,IH2012,2020-08-28 09:31:11.500,3262.0000,20896,0,150792120.000,1,0,1,多换,S,3261.8000,3261.6000,3261.0000,3260.4000,3260.0000,3262.8000,3263.0000,3263.4000,3264.0000,3268.2000,1,1,3,4,2,1,3,2,6,1
SF,IH2012,2020-08-28 09:31:12.000,3262.0000,20896,0,150792120.000,0,-,-,-,-,3261.8000,3261.6000,3261.0000,3260.4000,3260.0000,3262.8000,3263.0000,3263.4000,3264.0000,3268.2000,1,1,3,4,2,1,3,2,6,1
SF,IH2012,2020-08-28 09:31:12.500,3261.8000,20895,-1,151770660.000,1,0,1,双平,S,3261.6000,3261.0000,3260.4000,3260.0000,3258.2000,3262.8000,3263.0000,3263.4000,3264.0000,3268.2000,1,3,4,2,5,1,3,2,6,1
SF,IH2012,2020-08-28 09:31:13.000,3261.8000,20895,0,151770660.000,0,-,-,-,-,3261.6000,3261.0000,3260.4000,3260.0000,3258.2000,3262.6000,3262.8000,3263.0000,3263.4000,3264.0000,1,3,4,2,5,1,1,1,2,6
SF,IH2012,2020-08-28 09:31:13.500,3261.8000,20895,0,151770660.000,0,-,-,-,-,3261.6000,3261.0000,3260.4000,3260.0000,3258.2000,3262.4000,3262.6000,3263.0000,3263.4000,3264.0000,1,3,4,2,5,1,1,1,2,6
SF,IH2012,2020-08-28 09:31:14.000,3261.8000,20895,0,151770660.000,0,-,-,-,-,3261.6000,3261.0000,3260.4000,3260.0000,3258.2000,3262.4000,3262.6000,3263.0000,3263.4000,3264.0000,1,3,4,2,5,1,1,1,1,6
SF,IH2012,2020-08-28 09:31:14.500,3261.6000,20895,0,152749140.000,1,0,1,多换,S,3261.0000,3260.4000,3260.0000,3258.2000,3256.6000,3261.6000,3262.2000,3262.4000,3262.6000,3263.0000,3,4,2,5,6,1,1,1,1,1
SF,IH2012,2020-08-28 09:31:15.000,3261.6000,20895,0,153727620.000,1,0,1,多换,S,3261.0000,3260.4000,3260.0000,3258.2000,3256.6000,3262.4000,3262.6000,3263.0000,3263.4000,3264.0000,3,4,2,5,6,1,1,1,1,6
SF,IH2012,2020-08-28 09:31:15.500,3261.0000,20896,1,155684220.000,2,1,1,空开,S,3261.2000,3261.0000,3260.4000,3260.0000,3258.2000,3262.4000,3262.6000,3263.0000,3263.4000,3264.0000,1,1,4,2,5,1,1,1,1,6
SF,IH2012,2020-08-28 09:31:16.500,3261.0000,20896,0,156662520.000,1,0,1,多换,S,3261.0000,3260.4000,3260.0000,3258.2000,3256.6000,3262.4000,3262.6000,3263.0000,3263.4000,3264.0000,1,4,2,5,6,1,1,1,1,6
SF,IH2012,2020-08-28 09:31:17.000,3261.0000,20896,0,156662520.000,0,-,-,-,-,3261.0000,3260.4000,3260.0000,3258.2000,3256.6000,3262.4000,3262.6000,3263.0000,3263.4000,3264.0000,1,4,2,5,6,1,1,1,1,6
SF,IH2012,2020-08-28 09:31:17.500,3261.0000,20896,0,156662520.000,0,-,-,-,-,3261.0000,3260.4000,3260.0000,3256.6000,3256.0000,3262.2000,3262.4000,3262.6000,3263.0000,3263.4000,1,4,2,6,3,1,1,1,1,1
SF,IH2012,2020-08-28 09:31:18.000,3261.0000,20896,0,156662520.000,0,-,-,-,-,3261.0000,3260.4000,3260.0000,3256.6000,3256.0000,3262.0000,3262.8000,3263.0000,3263.4000,3264.0000,1,4,2,6,3,2,1,1,1,6
SF,IH2012,2020-08-28 09:31:18.500,3261.0000,20895,-1,157640820.000,1,0,1,双平,S,3260.4000,3260.0000,3256.6000,3256.0000,3255.2000,3262.0000,3262.8000,3263.0000,3263.4000,3264.0000,4,2,6,3,11,2,1,1,1,6
SF,IH2012,2020-08-28 09:31:19.000,3261.0000,20895,0,157640820.000,0,-,-,-,-,3260.4000,3260.0000,3256.6000,3256.0000,3255.2000,3261.0000,3262.0000,3262.8000,3263.0000,3263.4000,4,2,6,3,11,1,2,1,1,1
SF,IH2012,2020-08-28 09:31:19.500,3261.0000,20895,0,158619120.000,1,0,1,多换,S,3261.0000,3260.4000,3260.0000,3256.6000,3256.0000,3261.8000,3262.0000,3262.8000,3263.0000,3263.4000,1,4,2,1,3,2,2,1,1,1
SF,IH2012,2020-08-28 09:31:20.000,3260.8000,20894,-1,160575660.000,2,0,2,多平,S,3260.4000,3260.0000,3256.6000,3256.0000,3255.2000,3261.0000,3261.6000,3261.8000,3262.0000,3262.8000,4,2,1,3,11,2,1,2,1,1
SF,IH2012,2020-08-28 09:31:20.500,3261.0000,20892,-2,162532260.000,2,0,2,双平,S,3261.0000,3260.4000,3260.0000,3256.6000,3256.0000,3261.6000,3261.8000,3262.0000,3262.8000,3263.0000,1,4,2,1,3,1,2,1,1,1
SF,IH2012,2020-08-28 09:31:21.000,3261.0000,20892,0,162532260.000,0,-,-,-,-,3260.4000,3260.0000,3258.0000,3256.6000,3256.0000,3261.6000,3261.8000,3262.0000,3262.8000,3263.0000,4,2,1,1,3,1,2,1,1,1
SF,IH2012,2020-08-28 09:31:22.000,3260.4000,20892,0,163510380.000,1,0,1,多换,S,3260.6000,3260.4000,3260.0000,3258.0000,3256.6000,3261.6000,3261.8000,3262.0000,3263.0000,3263.4000,1,3,2,1,1,1,2,1,1,1
SF,IH2012,2020-08-28 09:31:22.500,3260.6000,20891,-1,164488560.000,1,0,1,双平,S,3260.4000,3260.0000,3258.0000,3256.6000,3256.0000,3260.6000,3261.4000,3261.6000,3261.8000,3262.0000,3,2,1,1,3,1,1,1,2,1
SF,IH2012,2020-08-28 09:31:23.000,3260.4000,20891,0,167422920.000,3,1,2,多换,S,3260.0000,3258.0000,3256.6000,3256.0000,3255.2000,3260.4000,3261.4000,3261.6000,3261.8000,3263.0000,2,1,1,3,11,2,1,2,2,1
SF,IH2012,2020-08-28 09:31:23.500,3260.4000,20891,0,167422920.000,0,-,-,-,-,3260.0000,3258.0000,3256.6000,3256.0000,3255.2000,3260.2000,3260.4000,3260.6000,3261.4000,3261.6000,2,1,1,3,11,1,2,1,1,2
SF,IH2012,2020-08-28 09:31:24.000,3260.0000,20889,-2,172313220.000,5,1,4,多平,S,3258.0000,3256.6000,3256.0000,3255.2000,3255.0000,3260.0000,3260.6000,3261.4000,3261.6000,3261.8000,1,1,3,11,3,18,1,1,2,2
SF,IH2012,2020-08-28 09:31:24.500,3260.0000,20888,-1,175247220.000,3,1,2,多平,S,3258.8000,3258.4000,3258.2000,3258.0000,3256.6000,3260.0000,3260.6000,3261.6000,3261.8000,3262.0000,1,5,11,2,1,17,1,1,2,1
SF,IH2012,2020-08-28 09:31:25.000,3260.0000,20888,0,175247220.000,0,-,-,-,-,3259.2000,3259.0000,3258.8000,3258.6000,3258.4000,3259.8000,3260.0000,3260.6000,3261.6000,3261.8000,1,4,1,1,1,1,17,1,1,2
SF,IH2012,2020-08-28 09:31:25.500,3259.8000,20887,-1,176225160.000,1,0,1,双平,S,3259.4000,3259.0000,3258.6000,3258.4000,3258.2000,3260.0000,3260.6000,3261.6000,3261.8000,3262.0000,3,1,1,1,10,19,1,1,3,1
SF,IH2012,2020-08-28 09:31:26.000,3259.4000,20887,0,178180860.000,2,1,1,多换,S,3259.4000,3259.0000,3258.6000,3258.4000,3258.2000,3260.0000,3260.6000,3261.6000,3261.8000,3262.0000,2,1,1,1,10,19,1,1,3,1
SF,IH2012,2020-08-28 09:31:26.500,3259.4000,20887,0,178180860.000,0,-,-,-,-,3259.0000,3258.6000,3258.4000,3258.2000,3258.0000,3259.6000,3260.0000,3260.6000,3261.6000,3261.8000,1,1,1,10,2,2,19,1,1,3
SF,IH2012,2020-08-28 09:31:27.000,3259.6000,20886,-1,179158740.000,1,0,1,双平,S,3259.0000,3258.6000,3258.4000,3258.2000,3258.0000,3259.6000,3260.0000,3260.6000,3261.6000,3261.8000,1,1,1,9,2,1,19,1,1,3
SF,IH2012,2020-08-28 09:31:27.500,3259.6000,20886,0,180136620.000,1,0,1,多换,S,3259.0000,3258.6000,3258.2000,3258.0000,3256.6000,3260.0000,3260.6000,3261.6000,3261.8000,3262.0000,1,1,6,2,1,19,1,1,3,1
SF,IH2012,2020-08-28 09:31:28.000,3259.0000,20885,-1,181114320.000,1,0,1,双平,S,3258.6000,3258.2000,3258.0000,3256.6000,3256.2000,3260.0000,3260.6000,3261.6000,3261.8000,3262.0000,1,6,2,1,3,19,1,1,3,1
SF,IH2012,2020-08-28 09:31:28.500,3259.0000,20885,0,181114320.000,0,-,-,-,-,3258.8000,3258.6000,3258.2000,3258.0000,3256.6000,3259.8000,3260.0000,3260.6000,3261.6000,3261.8000,1,1,5,2,1,1,19,1,1,3
SF,IH2012,2020-08-28 09:31:29.000,3259.0000,20885,0,181114320.000,0,-,-,-,-,3258.8000,3258.6000,3258.2000,3258.0000,3256.6000,3259.0000,3260.0000,3260.6000,3261.6000,3261.8000,1,1,5,2,1,1,19,1,1,3
SF,IH2012,2020-08-28 09:31:29.500,3259.0000,20885,0,182092020.000,1,0,1,多换,S,3259.2000,3259.0000,3258.8000,3258.6000,3258.2000,3260.0000,3260.6000,3261.8000,3262.0000,3263.0000,1,2,1,1,4,19,1,3,1,1
SF,IH2012,2020-08-28 09:31:30.000,3259.0000,20884,-1,184047720.000,2,0,2,多平,S,3259.0000,3258.8000,3258.6000,3258.2000,3258.0000,3260.0000,3260.6000,3261.8000,3262.0000,3263.0000,2,1,1,5,2,18,1,3,1,1
SF,IH2012,2020-08-28 09:31:30.500,3259.0000,20884,0,184047720.000,0,-,-,-,-,3259.0000,3258.8000,3258.6000,3258.2000,3258.0000,3259.8000,3260.0000,3260.6000,3261.8000,3262.0000,2,1,1,5,2,1,18,1,3,1
SF,IH2012,2020-08-28 09:31:31.000,3259.8000,20883,-1,185025660.000,1,0,1,双平,S,3259.0000,3258.8000,3258.6000,3258.2000,3258.0000,3260.0000,3260.6000,3261.8000,3262.0000,3263.0000,2,1,1,5,2,18,1,3,1,1
SF,IH2012,2020-08-28 09:31:32.000,3259.8000,20883,0,185025660.000,0,-,-,-,-,3259.0000,3258.8000,3258.6000,3258.2000,3258.0000,3260.0000,3260.6000,3261.8000,3263.0000,3263.4000,3,1,1,5,2,18,1,3,1,1
SF,IH2012,2020-08-28 09:31:32.500,3259.8000,20883,0,185025660.000,0,-,-,-,-,3259.2000,3259.0000,3258.8000,3258.6000,3258.2000,3260.0000,3260.6000,3261.8000,3263.0000,3263.4000,1,3,1,1,5,18,1,3,1,1
SF,IH2012,2020-08-28 09:31:33.000,3260.0000,20871,-12,196761660.000,12,0,12,双平,S,3259.4000,3259.2000,3259.0000,3258.8000,3258.6000,3260.0000,3260.6000,3261.8000,3263.0000,3263.4000,1,1,3,1,2,6,1,3,1,1
SF,IH2012,2020-08-28 09:31:33.500,3260.0000,20865,-6,202629660.000,6,0,6,双平,S,3259.4000,3259.2000,3259.0000,3258.8000,3258.6000,3260.6000,3261.8000,3263.0000,3263.4000,3264.0000,1,1,3,1,2,1,3,1,1,6
SF,IH2012,2020-08-28 09:31:34.000,3260.0000,20865,0,202629660.000,0,-,-,-,-,3259.6000,3259.4000,3259.2000,3259.0000,3258.6000,3260.6000,3261.8000,3263.0000,3263.4000,3264.0000,1,1,1,3,2,1,3,1,1,6
SF,IH2012,2020-08-28 09:31:34.500,3260.0000,20865,0,202629660.000,0,-,-,-,-,3259.4000,3259.2000,3259.0000,3258.6000,3258.2000,3260.6000,3261.8000,3263.0000,3263.4000,3264.0000,1,1,3,2,1,1,3,1,1,6
SF,IH2012,2020-08-28 09:31:35.000,3259.6000,20864,-1,203607540.000,1,0,1,双平,S,3259.4000,3259.2000,3259.0000,3258.6000,3258.2000,3260.4000,3260.6000,3261.2000,3261.8000,3263.0000,1,2,3,2,1,1,1,1,3,1
SF,IH2012,2020-08-28 09:31:35.500,3268.6000,20865,1,218291520.000,15,8,7,空开,S,3259.4000,3259.2000,3259.0000,3258.6000,3258.2000,3269.2000,3269.8000,3270.0000,3270.6000,3271.0000,1,2,3,2,1,1,1,1,1,4
SF,IH2012,2020-08-28 09:31:36.000,3268.6000,20865,0,218291520.000,0,-,-,-,-,3260.0000,3259.6000,3259.4000,3259.2000,3259.0000,3261.0000,3261.8000,3262.0000,3262.2000,3262.4000,1,6,2,2,3,1,2,3,1,5
SF,IH2012,2020-08-28 09:31:36.500,3261.0000,20863,-2,220248120.000,2,0,2,双平,S,3260.2000,3260.0000,3259.6000,3259.4000,3259.2000,3262.2000,3262.4000,3262.6000,3263.0000,3263.8000,1,1,1,1,2,1,2,2,2,2
SF,IH2012,2020-08-28 09:31:37.000,3261.0000,20863,0,220248120.000,0,-,-,-,-,3260.4000,3260.2000,3260.0000,3259.4000,3259.2000,3261.8000,3262.0000,3262.6000,3263.0000,3264.0000,1,1,1,1,2,5,2,2,2,5
SF,IH2012,2020-08-28 09:31:37.500,3261.0000,20863,0,220248120.000,0,-,-,-,-,3260.6000,3260.4000,3260.0000,3259.4000,3259.2000,3261.4000,3261.6000,3261.8000,3262.6000,3263.0000,1,1,1,1,2,2,2,5,2,2
SF,IH2012,2020-08-28 09:31:38.000,3261.0000,20863,0,220248120.000,0,-,-,-,-,3260.6000,3260.0000,3259.4000,3259.2000,3259.0000,3261.4000,3261.6000,3261.8000,3262.6000,3263.0000,1,1,1,2,3,2,1,5,2,2
SF,IH2012,2020-08-28 09:31:38.500,3261.0000,20863,0,220248120.000,0,-,-,-,-,3260.8000,3260.6000,3260.0000,3259.4000,3259.2000,3261.4000,3261.8000,3262.6000,3263.0000,3263.6000,1,1,1,1,2,2,5,2,2,1
SF,IH2012,2020-08-28 09:31:39.000,3261.0000,20863,0,220248120.000,0,-,-,-,-,3261.4000,3260.8000,3260.6000,3260.0000,3259.4000,3261.8000,3262.6000,3263.0000,3263.6000,3264.0000,1,1,1,1,1,1,2,2,1,5
SF,IH2012,2020-08-28 09:31:39.500,3261.8000,20862,-1,222205020.000,2,0,2,多平,S,3260.6000,3260.0000,3259.4000,3259.2000,3259.0000,3263.0000,3263.4000,3264.0000,3265.0000,3265.4000,1,1,1,2,2,2,1,5,1,5
SF,IH2012,2020-08-28 09:31:40.000,3261.8000,20862,0,222205020.000,0,-,-,-,-,3260.8000,3260.6000,3260.4000,3260.0000,3259.4000,3262.0000,3262.6000,3262.8000,3263.0000,3263.4000,1,1,1,1,1,2,5,2,1,1
SF,IH2012,2020-08-28 09:31:40.500,3261.8000,20862,0,222205020.000,0,-,-,-,-,3261.0000,3260.4000,3260.0000,3259.4000,3259.2000,3262.0000,3262.6000,3262.8000,3263.0000,3263.4000,1,1,1,1,2,2,5,2,1,1
SF,IH2012,2020-08-28 09:31:41.000,3261.8000,20862,0,222205020.000,0,-,-,-,-,3261.0000,3260.4000,3260.0000,3259.4000,3259.2000,3261.8000,3262.0000,3262.6000,3262.8000,3263.0000,1,1,1,1,2,3,2,2,2,1
SF,IH2012,2020-08-28 09:31:41.500,3261.8000,20862,0,222205020.000,0,-,-,-,-,3261.0000,3260.4000,3260.0000,3259.4000,3259.2000,3262.0000,3262.6000,3262.8000,3263.0000,3264.0000,1,1,1,1,2,2,1,2,1,5
SF,IH2012,2020-08-28 09:31:42.000,3261.8000,20862,0,222205020.000,0,-,-,-,-,3261.0000,3260.4000,3260.0000,3259.4000,3259.2000,3262.6000,3262.8000,3263.0000,3264.0000,3265.0000,1,1,1,1,2,1,2,1,5,1
SF,IH2012,2020-08-28 09:31:42.500,3261.8000,20862,0,222205020.000,0,-,-,-,-,3261.0000,3260.4000,3260.0000,3259.4000,3259.2000,3262.4000,3262.6000,3262.8000,3263.0000,3264.0000,1,1,1,1,2,4,1,1,1,5
SF,IH2012,2020-08-28 09:31:43.000,3261.8000,20862,0,222205020.000,0,-,-,-,-,3261.0000,3260.4000,3260.0000,3259.2000,3259.0000,3262.4000,3262.6000,3262.8000,3263.0000,3264.0000,1,1,1,2,2,1,1,1,1,5
SF,IH2012,2020-08-28 09:31:43.500,3261.8000,20862,0,222205020.000,0,-,-,-,-,3261.0000,3260.4000,3260.0000,3259.2000,3259.0000,3262.6000,3263.0000,3264.0000,3265.4000,3265.6000,1,1,1,2,2,1,1,5,5,4
SF,IH2012,2020-08-28 09:31:44.000,3261.8000,20862,0,222205020.000,0,-,-,-,-,3261.0000,3260.4000,3260.0000,3259.2000,3259.0000,3262.2000,3262.6000,3263.0000,3264.0000,3265.4000,1,1,1,2,2,2,1,1,5,5
SF,IH2012,2020-08-28 09:31:44.500,3261.8000,20862,0,222205020.000,0,-,-,-,-,3261.0000,3260.4000,3259.2000,3259.0000,3258.6000,3262.2000,3262.6000,3263.0000,3264.0000,3265.4000,1,1,2,2,2,2,1,1,5,5
SF,IH2012,2020-08-28 09:31:45.000,3261.8000,20862,0,222205020.000,0,-,-,-,-,3261.0000,3260.4000,3259.2000,3259.0000,3258.6000,3262.6000,3263.0000,3264.0000,3265.4000,3265.6000,1,1,2,2,2,1,1,5,5,4
SF,IH2012,2020-08-28 09:31:45.500,3261.8000,20862,0,222205020.000,0,-,-,-,-,3261.0000,3260.4000,3259.2000,3259.0000,3258.6000,3262.2000,3262.4000,3262.6000,3263.0000,3264.0000,1,1,2,2,2,2,2,1,1,5
SF,IH2012,2020-08-28 09:31:46.000,3261.0000,20861,-1,223183320.000,1,0,1,双平,S,3260.4000,3259.2000,3259.0000,3258.6000,3258.0000,3262.2000,3262.4000,3262.6000,3263.0000,3264.0000,1,2,2,2,1,2,2,1,1,5
SF,IH2012,2020-08-28 09:31:46.500,3261.0000,20861,0,223183320.000,0,-,-,-,-,3260.6000,3259.2000,3259.0000,3258.6000,3258.0000,3262.0000,3262.2000,3262.4000,3262.6000,3263.0000,2,1,1,1,1,2,2,1,1,1
SF,IH2012,2020-08-28 09:31:47.000,3261.0000,20861,0,223183320.000,0,-,-,-,-,3260.6000,3259.2000,3259.0000,3258.6000,3258.0000,3261.8000,3262.0000,3262.4000,3262.6000,3263.0000,5,1,1,1,1,2,2,1,1,1
SF,IH2012,2020-08-28 09:31:47.500,3261.0000,20861,0,223183320.000,0,-,-,-,-,3260.6000,3259.2000,3259.0000,3258.6000,3258.0000,3261.8000,3262.0000,3262.4000,3262.6000,3263.0000,4,1,1,1,1,2,1,1,1,1
SF,IH2012,2020-08-28 09:31:48.000,3261.0000,20861,0,223183320.000,0,-,-,-,-,3260.6000,3259.2000,3259.0000,3258.0000,3257.8000,3261.8000,3262.0000,3262.4000,3262.6000,3263.0000,4,1,1,1,3,2,1,1,1,1
SF,IH2012,2020-08-28 09:31:48.500,3261.0000,20861,0,223183320.000,0,-,-,-,-,3260.6000,3259.2000,3259.0000,3258.0000,3257.8000,3261.8000,3262.0000,3262.4000,3262.6000,3263.0000,4,1,1,1,3,2,1,1,1,1
SF,IH2012,2020-08-28 09:31:49.000,3261.8000,20861,0,224161860.000,1,0,1,多换,S,3260.6000,3259.2000,3259.0000,3258.0000,3257.8000,3261.8000,3262.0000,3262.4000,3262.6000,3263.0000,4,1,1,1,3,1,1,1,1,1
SF,IH2012,2020-08-28 09:31:49.500,3261.8000,20861,0,224161860.000,0,-,-,-,-,3260.6000,3259.2000,3259.0000,3258.0000,3257.8000,3261.8000,3262.0000,3262.4000,3262.6000,3263.0000,4,1,1,1,3,1,1,1,1,1
SF,IH2012,2020-08-28 09:31:50.000,3261.8000,20861,0,224161860.000,0,-,-,-,-,3260.6000,3259.2000,3259.0000,3258.0000,3257.8000,3261.8000,3262.0000,3262.4000,3262.6000,3263.0000,4,1,1,1,3,1,1,1,1,1
SF,IH2012,2020-08-28 09:31:50.500,3261.8000,20861,0,224161860.000,0,-,-,-,-,3260.6000,3259.2000,3259.0000,3258.0000,3257.8000,3261.6000,3261.8000,3262.4000,3262.6000,3263.0000,4,1,1,1,3,1,1,1,1,1
SF,IH2012,2020-08-28 09:31:51.000,3261.8000,20861,0,224161860.000,0,-,-,-,-,3260.6000,3259.2000,3259.0000,3258.0000,3257.8000,3261.4000,3261.6000,3261.8000,3262.4000,3262.6000,3,1,1,1,3,2,1,1,1,1
SF,IH2012,2020-08-28 09:31:51.500,3260.6000,20860,-1,225140040.000,1,0,1,双平,S,3260.6000,3259.2000,3259.0000,3258.0000,3257.8000,3261.4000,3261.6000,3261.8000,3262.4000,3262.6000,2,1,1,1,3,2,1,1,1,1
SF,IH2012,2020-08-28 09:31:52.000,3260.6000,20857,-3,229052760.000,4,0,4,多平,S,3259.2000,3259.0000,3258.0000,3257.8000,3256.6000,3261.2000,3261.4000,3261.8000,3262.4000,3262.6000,1,1,1,3,1,1,2,1,1,1
SF,IH2012,2020-08-28 09:31:52.500,3260.6000,20857,0,229052760.000,0,-,-,-,-,3259.4000,3259.2000,3259.0000,3258.0000,3257.8000,3261.0000,3261.2000,3261.4000,3261.8000,3262.6000,3,1,1,1,3,1,1,2,1,1
SF,IH2012,2020-08-28 09:31:53.000,3260.6000,20857,0,229052760.000,0,-,-,-,-,3259.8000,3259.6000,3259.4000,3258.0000,3257.8000,3260.8000,3262.6000,3263.0000,3263.2000,3264.0000,1,1,3,1,3,1,1,1,2,5
SF,IH2012,2020-08-28 09:31:53.500,3260.6000,20857,0,229052760.000,0,-,-,-,-,3259.8000,3259.4000,3258.0000,3257.8000,3256.6000,3260.6000,3260.8000,3261.4000,3262.6000,3263.0000,1,3,1,3,1,2,1,1,1,1
SF,IH2012,2020-08-28 09:31:54.000,3259.8000,20856,-1,230030700.000,1,0,1,双平,S,3259.4000,3258.0000,3256.6000,3256.0000,3255.2000,3260.6000,3260.8000,3261.4000,3262.6000,3263.0000,1,1,1,3,11,2,1,1,1,1
SF,IH2012,2020-08-28 09:31:54.500,3259.8000,20856,0,230030700.000,0,-,-,-,-,3259.4000,3258.0000,3256.6000,3256.2000,3256.0000,3260.4000,3260.6000,3261.4000,3262.6000,3263.0000,1,1,1,1,3,1,2,1,1,1
SF,IH2012,2020-08-28 09:31:55.000,3259.8000,20856,0,230030700.000,0,-,-,-,-,3260.0000,3259.4000,3258.0000,3256.6000,3256.2000,3260.4000,3260.6000,3262.6000,3263.0000,3263.2000,2,1,1,4,1,1,2,1,1,2
SF,IH2012,2020-08-28 09:31:55.500,3260.0000,20854,-2,231986700.000,2,0,2,双平,S,3259.4000,3258.0000,3256.6000,3256.2000,3256.0000,3260.6000,3262.6000,3263.0000,3263.2000,3264.0000,1,1,4,1,3,2,1,1,2,5
SF,IH2012,2020-08-28 09:31:56.000,3260.0000,20854,0,231986700.000,0,-,-,-,-,3259.4000,3258.0000,3256.6000,3256.2000,3256.0000,3260.6000,3262.6000,3263.0000,3263.2000,3264.0000,1,1,4,1,3,2,1,1,2,5
SF,IH2012,2020-08-28 09:31:56.500,3260.0000,20854,0,231986700.000,0,-,-,-,-,3260.4000,3259.4000,3258.0000,3256.6000,3256.2000,3260.6000,3262.6000,3263.0000,3263.2000,3264.0000,1,1,1,4,1,2,1,1,2,5
SF,IH2012,2020-08-28 09:31:57.000,3260.4000,20854,0,232964820.000,1,0,1,多换,S,3259.4000,3258.0000,3256.6000,3256.2000,3256.0000,3260.4000,3262.6000,3263.0000,3263.2000,3264.0000,1,1,4,1,3,3,1,1,2,5
SF,IH2012,2020-08-28 09:31:57.500,3260.4000,20854,0,232964820.000,0,-,-,-,-,3259.4000,3258.0000,3256.6000,3256.2000,3256.0000,3260.4000,3261.0000,3262.6000,3263.0000,3263.2000,1,1,4,1,3,2,3,1,1,2
SF,IH2012,2020-08-28 09:31:58.000,3260.4000,20854,0,232964820.000,0,-,-,-,-,3259.4000,3258.0000,3257.4000,3256.6000,3256.2000,3260.4000,3261.0000,3261.8000,3262.6000,3263.0000,1,1,1,4,1,2,3,1,1,1
SF,IH2012,2020-08-28 09:31:58.500,3260.4000,20854,0,232964820.000,0,-,-,-,-,3260.0000,3259.4000,3258.0000,3257.4000,3256.6000,3260.4000,3261.0000,3261.8000,3262.6000,3263.0000,1,1,1,1,4,2,3,1,1,1
SF,IH2012,2020-08-28 09:31:59.000,3260.0000,20854,0,233942820.000,1,0,1,多换,S,3259.4000,3258.0000,3257.4000,3256.6000,3256.2000,3260.4000,3261.0000,3261.8000,3262.6000,3263.0000,1,1,1,4,1,2,3,1,1,1
SF,IH2012,2020-08-28 09:31:59.500,3264.2000,20856,2,253520100.000,20,11,9,空开,S,3260.2000,3259.4000,3258.0000,3257.4000,3256.6000,3262.6000,3264.2000,3265.0000,3265.4000,3265.6000,1,1,1,1,4,1,7,1,6,1
SF,IH2012,2020-08-28 09:32:00.000,3260.2000,20855,-1,254498160.000,1,0,1,双平,S,3260.6000,3260.4000,3258.0000,3257.4000,3256.6000,3261.8000,3262.2000,3262.4000,3262.6000,3264.2000,1,2,1,1,4,2,6,2,3,7
SF,IH2012,2020-08-28 09:32:00.500,3260.6000,20854,-1,255476340.000,1,0,1,双平,S,3261.2000,3260.4000,3258.0000,3257.4000,3256.6000,3261.6000,3261.8000,3262.2000,3262.4000,3262.6000,2,2,1,1,4,2,2,4,1,2
SF,IH2012,2020-08-28 09:32:01.000,3260.6000,20853,-1,259388640.000,4,1,3,多平,S,3257.4000,3256.6000,3256.2000,3256.0000,3255.2000,3261.0000,3261.2000,3261.4000,3261.6000,3262.2000,1,4,1,3,11,1,1,1,2,4
SF,IH2012,2020-08-28 09:32:01.500,3260.8000,20852,-1,260366880.000,1,0,1,双平,S,3258.8000,3258.2000,3258.0000,3257.8000,3257.6000,3260.8000,3261.0000,3261.2000,3262.2000,3262.4000,1,2,1,7,8,1,1,1,4,1
SF,IH2012,2020-08-28 09:32:02.000,3260.8000,20852,0,260366880.000,0,-,-,-,-,3259.0000,3258.8000,3258.2000,3257.8000,3257.6000,3260.6000,3260.8000,3261.2000,3262.2000,3262.6000,7,1,2,7,5,1,1,1,4,2
SF,IH2012,2020-08-28 09:32:02.500,3260.6000,20852,0,261345060.000,1,0,1,多换,S,3259.6000,3259.0000,3258.2000,3257.8000,3257.6000,3260.6000,3261.0000,3261.2000,3261.6000,3262.2000,1,6,2,4,5,1,5,1,1,4
SF,IH2012,2020-08-28 09:32:03.000,3260.6000,20852,0,261345060.000,0,-,-,-,-,3259.0000,3257.8000,3257.6000,3257.4000,3256.6000,3260.2000,3260.4000,3261.0000,3261.2000,3261.6000,3,3,1,1,4,1,4,5,1,1
SF,IH2012,2020-08-28 09:32:03.500,3260.2000,20851,-1,262323120.000,1,0,1,双平,S,3259.2000,3259.0000,3258.0000,3257.8000,3257.6000,3260.4000,3261.0000,3261.2000,3261.6000,3262.2000,2,1,1,3,1,3,5,1,1,8
SF,IH2012,2020-08-28 09:32:04.000,3260.2000,20851,0,262323120.000,0,-,-,-,-,3260.4000,3259.4000,3259.2000,3258.0000,3257.8000,3261.0000,3261.2000,3261.6000,3261.8000,3262.2000,1,3,2,1,3,5,1,1,1,8
SF,IH2012,2020-08-28 09:32:04.500,3260.2000,20851,0,262323120.000,0,-,-,-,-,3260.6000,3259.4000,3259.2000,3258.0000,3257.8000,3260.8000,3261.0000,3261.2000,3261.6000,3261.8000,1,1,2,1,3,1,5,1,1,1
SF,IH2012,2020-08-28 09:32:05.000,3260.4000,20850,-1,263301240.000,1,0,1,双平,S,3259.4000,3258.0000,3257.8000,3257.6000,3257.4000,3260.6000,3260.8000,3261.0000,3261.2000,3261.6000,1,1,3,1,1,2,1,5,1,1
SF,IH2012,2020-08-28 09:32:05.500,3260.4000,20850,0,263301240.000,0,-,-,-,-,3259.6000,3259.4000,3258.0000,3257.8000,3257.6000,3261.0000,3261.2000,3261.6000,3261.8000,3262.2000,2,1,1,3,1,5,1,1,1,4
SF,IH2012,2020-08-28 09:32:06.000,3260.4000,20850,0,263301240.000,0,-,-,-,-,3259.8000,3259.6000,3258.0000,3257.8000,3257.6000,3260.8000,3261.0000,3261.2000,3261.6000,3261.8000,1,2,1,3,1,1,5,1,1,1
SF,IH2012,2020-08-28 09:32:06.500,3260.4000,20850,0,263301240.000,0,-,-,-,-,3259.8000,3259.6000,3258.0000,3257.8000,3257.6000,3260.8000,3261.0000,3261.2000,3261.6000,3261.8000,1,2,1,3,1,1,5,1,1,1
SF,IH2012,2020-08-28 09:32:07.000,3260.4000,20850,0,263301240.000,0,-,-,-,-,3259.8000,3259.6000,3258.0000,3257.8000,3257.6000,3260.6000,3260.8000,3261.0000,3261.2000,3261.6000,1,2,1,3,1,2,1,5,1,1
SF,IH2012,2020-08-28 09:32:07.500,3260.4000,20850,0,263301240.000,0,-,-,-,-,3258.0000,3257.8000,3257.6000,3257.4000,3256.6000,3260.6000,3260.8000,3261.0000,3261.2000,3261.6000,1,3,1,1,4,2,1,5,1,1
SF,IH2012,2020-08-28 09:32:08.000,3260.4000,20850,0,263301240.000,0,-,-,-,-,3258.6000,3258.4000,3258.2000,3258.0000,3257.8000,3260.4000,3260.6000,3261.0000,3261.2000,3261.6000,2,1,5,2,1,1,2,5,1,1
SF,IH2012,2020-08-28 09:32:08.500,3260.4000,20850,0,263301240.000,0,-,-,-,-,3258.8000,3258.6000,3258.4000,3258.2000,3258.0000,3260.4000,3260.6000,3261.0000,3261.2000,3261.4000,4,2,1,3,1,1,2,5,1,4
SF,IH2012,2020-08-28 09:32:09.000,3261.4000,20850,0,273084000.000,10,5,5,多换,S,3259.0000,3258.8000,3258.6000,3258.2000,3258.0000,3261.4000,3261.6000,3261.8000,3262.2000,3262.4000,1,4,1,1,1,3,1,1,4,1
SF,IH2012,2020-08-28 09:32:09.500,3261.4000,20850,0,273084000.000,0,-,-,-,-,3259.2000,3259.0000,3258.6000,3258.2000,3258.0000,3260.2000,3261.0000,3261.2000,3261.4000,3261.6000,3,1,1,1,1,1,3,5,4,1
SF,IH2012,2020-08-28 09:32:10.000,3261.4000,20850,0,273084000.000,0,-,-,-,-,3259.2000,3258.0000,3257.8000,3257.4000,3256.6000,3261.0000,3261.2000,3261.4000,3261.6000,3261.8000,2,1,1,1,4,3,6,4,1,1
SF,IH2012,2020-08-28 09:32:10.500,3260.2000,20849,-1,274062060.000,1,0,1,双平,S,3259.4000,3259.2000,3258.2000,3258.0000,3257.8000,3260.6000,3260.8000,3261.0000,3261.2000,3261.4000,1,1,1,1,1,1,2,4,5,4
SF,IH2012,2020-08-28 09:32:11.000,3260.2000,20849,0,274062060.000,0,-,-,-,-,3259.6000,3259.2000,3258.2000,3257.8000,3257.4000,3260.6000,3260.8000,3261.0000,3261.2000,3261.4000,1,1,1,1,1,1,1,5,2,4
SF,IH2012,2020-08-28 09:32:11.500,3259.6000,20848,-1,275039940.000,1,0,1,双平,S,3259.2000,3258.2000,3257.8000,3257.4000,3256.6000,3260.2000,3260.4000,3260.6000,3260.8000,3261.0000,1,1,1,1,4,1,6,2,1,2
SF,IH2012,2020-08-28 09:32:12.000,3259.6000,20848,0,275039940.000,0,-,-,-,-,3259.4000,3259.2000,3258.2000,3257.8000,3257.4000,3260.6000,3260.8000,3261.0000,3261.2000,3261.4000,1,1,1,1,1,1,1,2,1,5
SF,IH2012,2020-08-28 09:32:12.500,3259.6000,20848,0,275039940.000,0,-,-,-,-,3259.6000,3259.4000,3259.2000,3258.2000,3257.8000,3260.4000,3260.6000,3260.8000,3261.0000,3261.2000,1,1,1,1,1,1,1,1,2,1
SF,IH2012,2020-08-28 09:32:13.000,3259.6000,20848,0,275039940.000,0,-,-,-,-,3259.8000,3259.6000,3259.2000,3257.8000,3257.4000,3260.4000,3260.6000,3260.8000,3261.0000,3261.2000,1,1,1,1,1,1,1,1,2,1
SF,IH2012,2020-08-28 09:32:13.500,3259.6000,20846,-2,276995760.000,2,0,2,双平,S,3259.2000,3257.8000,3257.4000,3256.6000,3256.2000,3260.4000,3260.6000,3260.8000,3261.0000,3261.2000,1,1,1,4,1,1,1,1,2,1
SF,IH2012,2020-08-28 09:32:14.000,3259.2000,20845,-1,277973520.000,1,0,1,双平,S,3257.4000,3256.6000,3256.2000,3256.0000,3255.2000,3259.8000,3260.2000,3260.6000,3261.0000,3261.2000,1,4,1,3,11,1,3,1,2,1
SF,IH2012,2020-08-28 09:32:14.500,3259.2000,20845,0,277973520.000,0,-,-,-,-,3258.0000,3257.6000,3257.4000,3256.6000,3256.2000,3259.6000,3259.8000,3260.2000,3260.6000,3260.8000,1,6,1,4,1,1,1,2,1,1
SF,IH2012,2020-08-28 09:32:15.000,3259.2000,20845,0,277973520.000,0,-,-,-,-,3258.2000,3257.6000,3257.4000,3256.6000,3256.2000,3259.2000,3259.6000,3260.2000,3260.6000,3260.8000,2,1,1,4,1,1,1,2,1,1
SF,IH2012,2020-08-28 09:32:15.500,3258.2000,20844,-1,278950980.000,1,0,1,双平,S,3257.6000,3257.4000,3256.6000,3256.2000,3256.0000,3259.6000,3260.2000,3260.6000,3260.8000,3261.0000,1,1,4,1,3,1,2,1,1,2
SF,IH2012,2020-08-28 09:32:16.000,3258.2000,20844,0,278950980.000,0,-,-,-,-,3257.8000,3257.6000,3257.4000,3256.6000,3256.2000,3259.6000,3260.2000,3260.6000,3260.8000,3261.0000,4,1,1,4,1,1,1,1,3,3
SF,IH2012,2020-08-28 09:32:16.500,3258.2000,20844,0,278950980.000,0,-,-,-,-,3258.0000,3257.8000,3257.4000,3256.6000,3256.2000,3259.6000,3260.2000,3260.6000,3260.8000,3261.0000,1,4,1,4,1,1,1,1,3,3
SF,IH2012,2020-08-28 09:32:17.000,3258.2000,20844,0,278950980.000,0,-,-,-,-,3258.2000,3258.0000,3257.8000,3257.4000,3256.6000,3259.6000,3260.2000,3260.6000,3260.8000,3261.0000,2,1,2,1,4,1,1,1,3,3
SF,IH2012,2020-08-28 09:32:17.500,3258.2000,20844,0,278950980.000,0,-,-,-,-,3258.2000,3258.0000,3257.8000,3257.4000,3256.6000,3259.6000,3260.2000,3260.6000,3260.8000,3261.0000,2,1,2,1,4,1,1,1,3,2
SF,IH2012,2020-08-28 09:32:18.000,3258.2000,20844,0,278950980.000,0,-,-,-,-,3258.2000,3258.0000,3257.8000,3257.4000,3256.6000,3259.6000,3260.2000,3260.6000,3260.8000,3261.0000,1,1,1,1,4,1,1,1,3,2
SF,IH2012,2020-08-28 09:32:18.500,3258.2000,20844,0,278950980.000,0,-,-,-,-,3258.0000,3257.4000,3256.6000,3256.2000,3256.0000,3259.6000,3260.2000,3260.6000,3260.8000,3261.0000,1,1,4,1,3,1,1,1,3,2
SF,IH2012,2020-08-28 09:32:19.000,3258.2000,20844,0,278950980.000,0,-,-,-,-,3258.0000,3257.4000,3256.6000,3256.2000,3256.0000,3259.4000,3259.6000,3260.2000,3260.6000,3260.8000,1,1,4,1,3,1,1,1,1,3
SF,IH2012,2020-08-28 09:32:19.500,3258.2000,20844,0,278950980.000,0,-,-,-,-,3258.0000,3257.4000,3256.6000,3256.2000,3256.0000,3259.2000,3260.2000,3260.4000,3260.6000,3260.8000,1,1,4,1,3,2,1,1,1,3
SF,IH2012,2020-08-28 09:32:20.000,3258.2000,20844,0,278950980.000,0,-,-,-,-,3257.4000,3256.6000,3256.2000,3256.0000,3255.2000,3258.0000,3259.2000,3260.2000,3260.4000,3260.6000,1,4,1,3,11,1,2,1,1,1
SF,IH2012,2020-08-28 09:32:20.500,3257.8000,20842,-2,281882940.000,3,0,3,多平,S,3256.6000,3256.2000,3256.0000,3255.2000,3255.0000,3259.2000,3260.2000,3260.4000,3260.6000,3260.8000,4,1,3,11,2,2,1,1,1,2
SF,IH2012,2020-08-28 09:32:21.000,3257.8000,20842,0,281882940.000,0,-,-,-,-,3257.2000,3257.0000,3256.8000,3256.6000,3256.2000,3259.2000,3260.2000,3260.4000,3260.6000,3260.8000,4,1,2,4,1,2,1,1,1,2
SF,IH2012,2020-08-28 09:32:21.500,3257.4000,20841,-1,282860160.000,1,0,1,双平,S,3256.8000,3256.6000,3256.2000,3256.0000,3255.2000,3257.2000,3258.8000,3259.0000,3259.2000,3259.4000,1,1,1,3,6,6,3,3,3,1
SF,IH2012,2020-08-28 09:32:22.000,3257.2000,20836,-5,287745960.000,5,0,5,双平,S,3256.6000,3256.2000,3256.0000,3255.2000,3255.0000,3257.2000,3258.8000,3259.0000,3259.2000,3259.4000,1,1,3,6,2,2,3,2,3,1
SF,IH2012,2020-08-28 09:32:22.500,3257.2000,20836,0,288723120.000,1,0,1,多换,S,3256.6000,3256.2000,3256.0000,3255.2000,3255.0000,3257.2000,3258.8000,3259.0000,3259.2000,3259.4000,1,1,3,6,2,1,3,2,3,1
SF,IH2012,2020-08-28 09:32:23.000,3257.2000,20836,0,288723120.000,0,-,-,-,-,3256.6000,3256.2000,3256.0000,3255.2000,3255.0000,3257.2000,3258.8000,3259.0000,3259.2000,3259.4000,1,1,3,6,2,1,3,2,3,1
SF,IH2012,2020-08-28 09:32:23.500,3257.2000,20834,-2,290677440.000,2,0,2,双平,S,3256.6000,3256.0000,3255.2000,3255.0000,3254.0000,3258.8000,3259.0000,3259.2000,3259.4000,3259.6000,1,3,6,2,4,3,2,3,1,1
SF,IH2012,2020-08-28 09:32:24.000,3257.2000,20834,0,290677440.000,0,-,-,-,-,3257.8000,3256.8000,3256.6000,3256.0000,3255.2000,3258.2000,3258.4000,3258.6000,3258.8000,3259.0000,1,1,1,3,6,5,2,6,5,1
SF,IH2012,2020-08-28 09:32:24.500,3257.6000,20833,-1,291654720.000,1,0,1,双平,S,3256.8000,3256.6000,3256.0000,3255.2000,3255.0000,3257.6000,3257.8000,3258.0000,3258.6000,3258.8000,1,1,3,6,2,2,3,1,3,4
SF,IH2012,2020-08-28 09:32:25.000,3257.6000,20832,-1,292632000.000,1,0,1,双平,S,3256.6000,3256.0000,3255.2000,3255.0000,3254.0000,3257.8000,3258.0000,3258.6000,3258.8000,3259.0000,1,3,6,2,4,2,1,3,4,1
SF,IH2012,2020-08-28 09:32:25.500,3257.6000,20832,0,292632000.000,0,-,-,-,-,3256.6000,3256.0000,3255.2000,3255.0000,3254.0000,3257.6000,3257.8000,3258.6000,3258.8000,3259.0000,1,3,6,2,4,1,2,3,4,1
SF,IH2012,2020-08-28 09:32:26.000,3257.6000,20831,-1,293609280.000,1,0,1,双平,S,3256.8000,3256.6000,3256.0000,3255.2000,3255.0000,3257.8000,3258.0000,3258.6000,3258.8000,3259.0000,2,1,3,6,2,2,1,3,4,1
SF,IH2012,2020-08-28 09:32:26.500,3256.8000,20828,-3,296540460.000,3,0,3,双平,S,3256.6000,3256.0000,3255.2000,3255.0000,3254.0000,3257.8000,3258.0000,3258.6000,3258.8000,3259.0000,1,3,6,2,4,2,1,1,4,1
SF,IH2012,2020-08-28 09:32:27.000,3256.8000,20828,0,296540460.000,0,-,-,-,-,3257.2000,3256.8000,3256.6000,3256.0000,3255.2000,3257.6000,3257.8000,3258.6000,3258.8000,3259.0000,4,1,1,3,6,1,2,1,3,1
SF,IH2012,2020-08-28 09:32:27.500,3257.8000,20826,-2,299472420.000,3,0,3,多平,S,3257.6000,3257.2000,3256.6000,3256.0000,3255.2000,3259.2000,3259.6000,3259.8000,3260.6000,3261.0000,2,1,1,3,6,1,1,6,2,5
SF,IH2012,2020-08-28 09:32:28.000,3257.6000,20825,-1,300449700.000,1,0,1,双平,S,3257.6000,3257.2000,3256.6000,3256.0000,3255.2000,3258.6000,3259.0000,3259.2000,3259.4000,3259.8000,1,1,2,3,6,1,9,1,1,6
SF,IH2012,2020-08-28 09:32:28.500,3258.4000,20824,-1,302404500.000,2,0,2,多平,S,3256.6000,3256.0000,3255.2000,3255.0000,3254.0000,3258.6000,3259.0000,3259.2000,3259.4000,3260.2000,2,3,6,2,4,1,7,2,1,1
SF,IH2012,2020-08-28 09:32:29.000,3258.4000,20824,0,302404500.000,0,-,-,-,-,3256.8000,3256.6000,3256.0000,3255.4000,3255.2000,3258.4000,3258.6000,3259.0000,3259.2000,3259.4000,3,3,3,1,6,2,1,4,2,1
SF,IH2012,2020-08-28 09:32:29.500,3258.4000,20824,0,302404500.000,0,-,-,-,-,3256.8000,3256.6000,3256.0000,3255.4000,3255.2000,3258.4000,3258.6000,3259.0000,3259.2000,3259.4000,3,3,3,1,6,2,1,4,2,1
SF,IH2012,2020-08-28 09:32:30.000,3258.4000,20823,-1,303382020.000,1,0,1,双平,S,3257.0000,3256.8000,3256.6000,3256.0000,3255.4000,3258.2000,3258.4000,3258.6000,3259.0000,3259.2000,2,2,3,3,1,1,2,1,4,2
SF,IH2012,2020-08-28 09:32:30.500,3258.4000,20823,0,303382020.000,0,-,-,-,-,3257.2000,3257.0000,3256.6000,3256.0000,3255.4000,3258.4000,3258.6000,3259.0000,3259.2000,3259.4000,1,2,3,3,1,2,1,4,2,2
SF,IH2012,2020-08-28 09:32:31.000,3258.4000,20823,0,303382020.000,0,-,-,-,-,3256.6000,3256.0000,3255.4000,3255.2000,3255.0000,3256.8000,3258.2000,3258.4000,3258.6000,3259.0000,3,3,1,6,2,1,1,1,1,4
SF,IH2012,2020-08-28 09:32:31.500,3257.2000,20821,-2,309246300.000,6,2,4,多平,S,3257.0000,3256.8000,3256.6000,3256.0000,3255.4000,3259.0000,3259.2000,3259.4000,3260.2000,3260.4000,3,6,3,3,1,2,2,2,1,3
SF,IH2012,2020-08-28 09:32:32.000,3257.2000,20821,0,309246300.000,0,-,-,-,-,3257.2000,3257.0000,3256.8000,3256.6000,3256.0000,3258.8000,3259.2000,3259.4000,3259.8000,3260.2000,7,3,3,2,3,1,1,1,2,1
SF,IH2012,2020-08-28 09:32:32.500,3257.2000,20821,0,309246300.000,0,-,-,-,-,3257.4000,3257.2000,3257.0000,3256.8000,3256.6000,3259.4000,3259.8000,3260.2000,3260.4000,3260.6000,3,7,1,2,2,1,2,1,3,1
SF,IH2012,2020-08-28 09:32:33.000,3257.2000,20821,0,309246300.000,0,-,-,-,-,3257.6000,3257.4000,3257.2000,3256.8000,3256.6000,3259.2000,3259.4000,3259.8000,3260.4000,3260.6000,3,2,4,2,2,6,1,2,3,1
SF,IH2012,2020-08-28 09:32:33.500,3257.2000,20821,0,309246300.000,0,-,-,-,-,3257.6000,3257.2000,3256.8000,3256.6000,3256.0000,3259.0000,3259.2000,3259.4000,3259.6000,3259.8000,3,4,2,2,3,1,5,1,1,2
SF,IH2012,2020-08-28 09:32:34.000,3257.2000,20821,0,309246300.000,0,-,-,-,-,3257.8000,3257.6000,3257.2000,3256.8000,3256.6000,3259.0000,3259.2000,3259.4000,3259.6000,3260.4000,2,3,3,2,2,1,4,1,1,2
SF,IH2012,2020-08-28 09:32:34.500,3257.2000,20821,0,309246300.000,0,-,-,-,-,3258.0000,3257.8000,3257.6000,3257.2000,3256.8000,3259.2000,3259.4000,3259.6000,3260.4000,3260.6000,1,2,1,3,2,4,1,1,2,2
SF,IH2012,2020-08-28 09:32:35.000,3257.2000,20821,0,309246300.000,0,-,-,-,-,3258.2000,3258.0000,3257.6000,3257.2000,3256.8000,3259.2000,3259.4000,3259.6000,3260.4000,3260.6000,1,1,1,3,2,4,1,1,2,2
SF,IH2012,2020-08-28 09:32:35.500,3258.0000,20820,-1,310223700.000,1,0,1,双平,S,3257.6000,3257.2000,3256.8000,3256.6000,3256.0000,3258.2000,3259.0000,3259.2000,3259.4000,3260.4000,1,3,2,2,3,1,2,4,1,2
SF,IH2012,2020-08-28 09:32:36.000,3258.0000,20820,0,310223700.000,0,-,-,-,-,3257.2000,3256.8000,3256.6000,3256.0000,3255.2000,3258.2000,3259.2000,3259.4000,3260.4000,3260.6000,3,2,2,3,6,1,2,2,2,2
SF,IH2012,2020-08-28 09:32:36.500,3258.2000,20819,-1,311201160.000,1,0,1,双平,S,3256.8000,3256.6000,3256.0000,3255.2000,3255.0000,3259.2000,3259.4000,3260.4000,3260.6000,3261.0000,2,2,3,6,2,2,2,4,2,1
SF,IH2012,2020-08-28 09:32:37.000,3258.2000,20819,0,311201160.000,0,-,-,-,-,3257.0000,3256.8000,3256.6000,3256.0000,3255.2000,3258.6000,3258.8000,3259.0000,3259.2000,3259.4000,1,7,2,3,6,1,2,5,2,2
SF,IH2012,2020-08-28 09:32:37.500,3258.2000,20819,0,311201160.000,0,-,-,-,-,3257.0000,3256.8000,3256.6000,3256.0000,3255.2000,3258.4000,3258.6000,3258.8000,3259.0000,3259.4000,1,7,2,3,6,4,1,2,5,2
SF,IH2012,2020-08-28 09:32:38.000,3257.0000,20818,-1,312178260.000,1,0,1,双平,S,3256.8000,3256.6000,3256.0000,3255.2000,3255.0000,3258.2000,3258.4000,3258.6000,3258.8000,3259.0000,7,2,3,6,2,1,3,1,2,5
SF,IH2012,2020-08-28 09:32:38.500,3257.0000,20818,0,312178260.000,0,-,-,-,-,3256.8000,3256.6000,3256.0000,3255.2000,3255.0000,3258.0000,3258.6000,3258.8000,3259.0000,3259.4000,5,2,3,6,2,4,2,2,4,2
SF,IH2012,2020-08-28 09:32:39.000,3257.0000,20818,0,312178260.000,0,-,-,-,-,3256.8000,3256.6000,3256.0000,3255.2000,3255.0000,3257.8000,3258.0000,3258.6000,3258.8000,3259.0000,5,2,3,6,2,1,3,2,2,4
SF,IH2012,2020-08-28 09:32:39.500,3256.8000,20816,-2,314132340.000,2,0,2,双平,S,3256.8000,3256.6000,3256.0000,3255.2000,3255.0000,3257.6000,3257.8000,3258.0000,3258.6000,3258.8000,3,2,3,6,2,3,1,1,2,2
SF,IH2012,2020-08-28 09:32:40.000,3256.8000,20814,-2,316086420.000,2,0,2,双平,S,3256.8000,3256.6000,3256.0000,3255.2000,3255.0000,3257.6000,3258.0000,3258.6000,3258.8000,3259.0000,1,2,3,6,2,3,1,2,2,4
SF,IH2012,2020-08-28 09:32:41.000,3256.8000,20814,0,316086420.000,0,-,-,-,-,3256.8000,3256.6000,3256.0000,3255.2000,3255.0000,3257.6000,3258.0000,3258.6000,3258.8000,3259.0000,1,2,3,6,2,3,1,2,2,4
SF,IH2012,2020-08-28 09:32:41.500,3256.8000,20814,0,316086420.000,0,-,-,-,-,3256.8000,3256.6000,3256.0000,3255.2000,3255.0000,3257.6000,3258.0000,3258.6000,3258.8000,3259.0000,1,2,3,6,2,3,1,2,2,2
SF,IH2012,2020-08-28 09:32:42.000,3256.8000,20814,0,316086420.000,0,-,-,-,-,3256.8000,3256.6000,3256.0000,3255.2000,3255.0000,3257.6000,3258.0000,3258.6000,3258.8000,3259.0000,1,2,3,6,2,3,1,2,2,2
SF,IH2012,2020-08-28 09:32:42.500,3256.6000,20812,-2,318040440.000,2,0,2,双平,S,3256.6000,3256.0000,3255.2000,3255.0000,3254.0000,3256.8000,3257.4000,3257.6000,3258.6000,3258.8000,1,3,6,2,1,1,2,3,2,2
SF,IH2012,2020-08-28 09:32:43.000,3256.6000,20809,-3,320971380.000,3,0,3,双平,S,3256.0000,3255.2000,3255.0000,3254.0000,3253.6000,3257.4000,3257.6000,3258.6000,3258.8000,3259.0000,3,6,2,1,2,1,1,1,2,2
SF,IH2012,2020-08-28 09:32:43.500,3256.6000,20809,0,320971380.000,0,-,-,-,-,3256.2000,3256.0000,3255.2000,3255.0000,3254.0000,3257.2000,3258.6000,3258.8000,3259.0000,3259.4000,3,3,6,2,1,1,1,2,2,2
SF,IH2012,2020-08-28 09:32:44.000,3256.6000,20809,0,320971380.000,0,-,-,-,-,3256.2000,3256.0000,3255.2000,3255.0000,3254.0000,3257.2000,3257.8000,3258.6000,3258.8000,3259.0000,2,3,6,2,1,1,1,1,2,2
SF,IH2012,2020-08-28 09:32:44.500,3256.6000,20809,0,320971380.000,0,-,-,-,-,3256.2000,3256.0000,3255.2000,3254.0000,3253.6000,3257.2000,3257.8000,3258.6000,3258.8000,3259.0000,2,3,6,1,2,1,1,1,2,1
SF,IH2012,2020-08-28 09:32:45.500,3256.6000,20809,0,320971380.000,0,-,-,-,-,3256.2000,3256.0000,3255.2000,3254.0000,3253.6000,3257.0000,3257.2000,3257.8000,3258.6000,3258.8000,2,3,6,1,2,1,1,1,1,2
SF,IH2012,2020-08-28 09:32:46.000,3256.8000,20808,-1,322925280.000,2,0,2,多平,S,3256.2000,3256.0000,3255.2000,3254.0000,3253.6000,3257.0000,3257.8000,3258.6000,3258.8000,3259.0000,1,3,6,1,2,1,1,1,2,1
SF,IH2012,2020-08-28 09:32:47.000,3256.8000,20808,0,322925280.000,0,-,-,-,-,3256.0000,3255.2000,3254.0000,3253.6000,3253.0000,3257.0000,3258.6000,3258.8000,3259.0000,3259.4000,3,1,1,2,1,1,1,2,2,2
SF,IH2012,2020-08-28 09:32:47.500,3256.8000,20808,0,322925280.000,0,-,-,-,-,3256.0000,3255.2000,3254.0000,3253.6000,3253.0000,3257.0000,3257.2000,3258.6000,3258.8000,3259.0000,3,1,1,2,1,1,1,1,2,2
SF,IH2012,2020-08-28 09:32:48.000,3256.8000,20808,0,322925280.000,0,-,-,-,-,3256.0000,3255.2000,3254.0000,3253.6000,3253.0000,3257.2000,3258.4000,3258.6000,3258.8000,3259.0000,3,1,1,2,1,1,1,1,2,2
SF,IH2012,2020-08-28 09:32:48.500,3256.8000,20808,0,322925280.000,0,-,-,-,-,3256.0000,3255.2000,3254.0000,3253.6000,3253.0000,3257.0000,3258.4000,3258.6000,3258.8000,3259.0000,3,1,1,2,1,1,1,1,2,2
SF,IH2012,2020-08-28 09:32:49.000,3256.8000,20808,0,322925280.000,0,-,-,-,-,3256.2000,3256.0000,3255.2000,3254.0000,3253.6000,3257.0000,3258.6000,3258.8000,3259.0000,3259.4000,2,3,1,1,2,1,1,2,2,2
SF,IH2012,2020-08-28 09:32:49.500,3257.0000,20807,-1,324879480.000,2,0,2,多平,S,3256.4000,3256.2000,3256.0000,3255.2000,3254.0000,3257.4000,3258.6000,3258.8000,3259.0000,3259.4000,2,2,3,1,1,1,1,2,2,2
SF,IH2012,2020-08-28 09:32:50.000,3257.4000,20806,-1,325856700.000,1,0,1,双平,S,3256.4000,3256.2000,3256.0000,3255.2000,3254.0000,3258.6000,3258.8000,3259.0000,3259.4000,3259.6000,2,2,3,1,1,1,2,2,2,2
SF,IH2012,2020-08-28 09:32:50.500,3257.4000,20806,0,325856700.000,0,-,-,-,-,3256.4000,3256.0000,3255.2000,3254.0000,3253.6000,3258.2000,3258.4000,3258.6000,3259.0000,3259.4000,2,3,1,1,2,3,2,2,1,2
SF,IH2012,2020-08-28 09:32:51.000,3257.4000,20806,0,325856700.000,0,-,-,-,-,3256.6000,3256.4000,3256.0000,3255.2000,3254.0000,3258.0000,3258.2000,3258.6000,3259.0000,3259.4000,4,2,3,1,1,1,2,2,1,1
SF,IH2012,2020-08-28 09:32:51.500,3258.2000,20804,-2,328789020.000,3,0,3,多平,S,3256.8000,3256.6000,3256.4000,3256.0000,3255.2000,3259.4000,3259.6000,3259.8000,3260.2000,3260.4000,6,3,1,3,1,1,2,1,2,1
SF,IH2012,2020-08-28 09:32:52.000,3258.2000,20804,0,328789020.000,0,-,-,-,-,3257.2000,3257.0000,3256.8000,3256.4000,3256.0000,3258.2000,3259.2000,3259.4000,3260.2000,3260.4000,5,3,5,1,3,1,1,2,2,3
SF,IH2012,2020-08-28 09:32:52.500,3258.2000,20803,-1,329766480.000,1,0,1,双平,S,3258.2000,3257.4000,3257.2000,3257.0000,3256.8000,3259.2000,3259.4000,3260.2000,3260.4000,3260.6000,2,3,2,1,2,1,2,2,3,1
SF,IH2012,2020-08-28 09:32:53.000,3258.2000,20803,0,329766480.000,0,-,-,-,-,3257.4000,3257.2000,3257.0000,3256.8000,3256.0000,3257.8000,3258.2000,3258.8000,3259.0000,3259.2000,2,2,1,2,3,1,1,1,3,1
SF,IH2012,2020-08-28 09:32:53.500,3257.8000,20802,-1,330743820.000,1,0,1,双平,S,3257.4000,3256.0000,3255.2000,3254.4000,3254.0000,3258.2000,3258.8000,3259.0000,3259.2000,3259.4000,1,3,1,1,1,2,1,2,1,1
SF,IH2012,2020-08-28 09:32:54.000,3258.0000,20802,0,331721220.000,1,0,1,多换,S,3257.4000,3256.0000,3255.2000,3254.4000,3254.0000,3258.2000,3258.8000,3259.0000,3259.2000,3259.4000,1,3,1,1,1,2,1,2,2,1
SF,IH2012,2020-08-28 09:32:54.500,3258.0000,20802,0,331721220.000,0,-,-,-,-,3257.4000,3256.0000,3255.2000,3254.4000,3254.0000,3258.2000,3258.8000,3259.0000,3259.2000,3259.4000,1,3,1,1,1,2,1,1,2,1
SF,IH2012,2020-08-28 09:32:55.000,3258.0000,20802,0,331721220.000,0,-,-,-,-,3257.4000,3256.0000,3255.2000,3254.4000,3254.0000,3257.8000,3258.2000,3259.2000,3259.4000,3259.6000,1,3,1,1,1,1,1,2,1,1
SF,IH2012,2020-08-28 09:32:55.500,3257.8000,20801,-1,332698560.000,1,0,1,双平,S,3257.8000,3257.4000,3256.0000,3255.2000,3254.4000,3258.2000,3259.2000,3259.4000,3259.6000,3259.8000,1,1,3,1,1,1,2,1,1,1
SF,IH2012,2020-08-28 09:32:56.000,3257.8000,20801,0,332698560.000,0,-,-,-,-,3257.8000,3257.4000,3256.0000,3255.2000,3254.4000,3258.2000,3259.2000,3259.4000,3259.6000,3259.8000,1,1,3,1,1,1,2,1,1,1
SF,IH2012,2020-08-28 09:32:56.500,3257.8000,20801,0,332698560.000,0,-,-,-,-,3257.8000,3257.4000,3256.0000,3255.2000,3254.4000,3258.2000,3259.2000,3259.4000,3259.6000,3259.8000,1,1,3,1,2,1,2,1,1,1
SF,IH2012,2020-08-28 09:32:57.000,3257.8000,20801,0,332698560.000,0,-,-,-,-,3257.8000,3257.4000,3256.0000,3255.2000,3254.4000,3259.2000,3259.4000,3259.6000,3259.8000,3260.0000,1,1,3,1,2,2,1,1,1,1
SF,IH2012,2020-08-28 09:32:57.500,3257.8000,20801,0,332698560.000,0,-,-,-,-,3258.0000,3257.8000,3256.0000,3255.2000,3254.4000,3258.6000,3258.8000,3259.0000,3259.2000,3259.4000,1,1,3,1,2,1,3,2,2,1
SF,IH2012,2020-08-28 09:32:58.000,3257.8000,20801,0,332698560.000,0,-,-,-,-,3258.0000,3257.8000,3256.0000,3255.2000,3254.4000,3258.6000,3258.8000,3259.0000,3259.2000,3259.4000,1,1,3,1,2,1,4,1,2,1
SF,IH2012,2020-08-28 09:32:58.500,3257.8000,20801,0,332698560.000,0,-,-,-,-,3258.4000,3258.0000,3257.8000,3256.0000,3255.2000,3258.6000,3258.8000,3259.2000,3259.4000,3259.6000,1,1,1,3,1,1,1,2,1,1
SF,IH2012,2020-08-28 09:32:59.000,3258.4000,20801,0,333676080.000,1,0,1,多换,S,3258.0000,3257.8000,3256.0000,3255.2000,3254.4000,3258.4000,3258.6000,3258.8000,3259.2000,3259.4000,1,1,3,1,2,1,1,1,2,1
SF,IH2012,2020-08-28 09:32:59.500,3258.4000,20801,0,334653600.000,1,0,1,多换,S,3258.0000,3257.8000,3256.0000,3255.2000,3254.4000,3258.6000,3259.2000,3259.4000,3259.6000,3260.0000,1,1,3,1,2,1,2,1,1,1
SF,IH2012,2020-08-28 09:33:00.000,3258.4000,20801,0,334653600.000,0,-,-,-,-,3258.0000,3257.8000,3256.0000,3255.2000,3254.4000,3259.2000,3259.4000,3259.6000,3260.0000,3260.4000,1,1,3,1,2,1,1,1,1,4
SF,IH2012,2020-08-28 09:33:00.500,3258.4000,20801,0,334653600.000,0,-,-,-,-,3258.0000,3257.8000,3256.0000,3255.2000,3254.4000,3259.0000,3259.2000,3259.4000,3259.6000,3260.0000,1,1,3,1,2,1,1,1,1,1
SF,IH2012,2020-08-28 09:33:01.000,3259.2000,20801,0,335631360.000,1,0,1,多换,S,3258.2000,3258.0000,3256.0000,3255.2000,3254.4000,3259.0000,3259.4000,3259.6000,3260.0000,3260.4000,3,1,3,1,2,1,1,1,1,4
SF,IH2012,2020-08-28 09:33:01.500,3259.4000,20799,-2,337586880.000,2,0,2,双平,S,3258.4000,3258.2000,3256.0000,3255.2000,3255.0000,3260.0000,3260.4000,3260.6000,3261.0000,3261.2000,1,3,3,1,3,1,4,2,2,12
SF,IH2012,2020-08-28 09:33:02.000,3259.4000,20799,0,337586880.000,0,-,-,-,-,3260.0000,3258.6000,3258.4000,3258.2000,3256.0000,3260.4000,3260.6000,3260.8000,3261.2000,3261.4000,1,2,1,3,3,2,2,2,8,1
SF,IH2012,2020-08-28 09:33:02.500,3260.4000,20796,-3,340521120.000,3,0,3,双平,S,3258.4000,3258.2000,3256.0000,3255.2000,3255.0000,3260.6000,3261.2000,3261.4000,3262.2000,3262.4000,1,4,3,1,5,2,3,1,4,4
SF,IH2012,2020-08-28 09:33:03.000,3260.4000,20796,0,340521120.000,0,-,-,-,-,3259.4000,3259.0000,3258.8000,3258.6000,3258.4000,3260.6000,3261.2000,3261.4000,3262.2000,3262.6000,2,1,1,4,1,2,3,1,4,1
SF,IH2012,2020-08-28 09:33:03.500,3260.4000,20796,0,340521120.000,0,-,-,-,-,3259.6000,3259.4000,3259.2000,3259.0000,3258.6000,3260.6000,3261.2000,3261.4000,3262.2000,3262.6000,3,2,1,1,4,2,1,1,1,1
SF,IH2012,2020-08-28 09:33:04.000,3260.4000,20796,0,340521120.000,0,-,-,-,-,3259.8000,3259.6000,3259.2000,3259.0000,3258.6000,3260.6000,3261.2000,3262.2000,3262.6000,3263.4000,1,1,1,1,3,2,1,1,1,1
SF,IH2012,2020-08-28 09:33:04.500,3260.6000,20794,-2,342477480.000,2,0,2,双平,S,3261.2000,3260.6000,3260.2000,3260.0000,3259.8000,3262.2000,3262.6000,3263.4000,3263.6000,3263.8000,1,1,2,3,1,1,2,1,9,2
SF,IH2012,2020-08-28 09:33:05.000,3260.6000,20794,0,342477480.000,0,-,-,-,-,3260.6000,3260.2000,3260.0000,3259.8000,3259.6000,3261.0000,3261.2000,3261.6000,3261.8000,3262.0000,1,2,2,1,1,1,4,2,1,3
SF,IH2012,2020-08-28 09:33:05.500,3260.6000,20794,0,342477480.000,0,-,-,-,-,3260.6000,3260.2000,3260.0000,3259.8000,3259.6000,3261.2000,3261.8000,3262.0000,3262.2000,3262.6000,1,2,2,1,1,1,1,1,2,2
SF,IH2012,2020-08-28 09:33:06.000,3260.6000,20794,0,342477480.000,0,-,-,-,-,3260.8000,3260.6000,3260.2000,3260.0000,3259.8000,3261.8000,3262.2000,3262.6000,3263.0000,3263.6000,1,1,2,1,1,1,2,2,1,9
SF,IH2012,2020-08-28 09:33:06.500,3260.6000,20794,0,342477480.000,0,-,-,-,-,3260.8000,3260.6000,3260.2000,3260.0000,3259.8000,3261.6000,3262.2000,3262.6000,3263.0000,3263.4000,1,2,2,1,1,1,2,2,1,1
SF,IH2012,2020-08-28 09:33:07.000,3260.6000,20794,0,342477480.000,0,-,-,-,-,3260.8000,3260.6000,3260.2000,3260.0000,3259.0000,3261.6000,3262.2000,3262.6000,3263.0000,3263.4000,1,2,2,1,1,1,2,2,1,1
SF,IH2012,2020-08-28 09:33:07.500,3260.6000,20794,0,342477480.000,0,-,-,-,-,3260.8000,3260.6000,3260.2000,3260.0000,3259.0000,3261.6000,3262.2000,3262.6000,3263.0000,3263.4000,1,2,2,1,1,1,2,2,1,1
SF,IH2012,2020-08-28 09:33:08.000,3260.6000,20794,0,342477480.000,0,-,-,-,-,3260.8000,3260.6000,3260.0000,3259.0000,3258.6000,3261.2000,3261.4000,3261.6000,3262.2000,3262.6000,1,2,1,1,2,1,1,1,2,2
SF,IH2012,2020-08-28 09:33:08.500,3261.2000,20793,-1,343455840.000,1,0,1,双平,S,3261.2000,3260.8000,3260.6000,3260.0000,3259.0000,3261.6000,3262.2000,3262.6000,3263.0000,3263.4000,1,1,2,1,1,1,2,2,1,1
SF,IH2012,2020-08-28 09:33:09.000,3261.6000,20793,0,344434320.000,1,0,1,多换,S,3261.6000,3261.2000,3260.8000,3260.6000,3260.0000,3262.2000,3262.6000,3263.0000,3263.4000,3263.8000,1,1,1,2,1,2,2,1,2,1
SF,IH2012,2020-08-28 09:33:09.500,3261.6000,20793,0,344434320.000,0,-,-,-,-,3261.6000,3261.2000,3260.8000,3260.6000,3260.0000,3262.2000,3262.6000,3263.4000,3263.8000,3264.0000,1,1,1,2,1,2,2,2,1,2
SF,IH2012,2020-08-28 09:33:10.000,3262.2000,20792,-1,345412980.000,1,0,1,双平,S,3261.6000,3261.2000,3260.8000,3260.6000,3260.0000,3262.2000,3262.6000,3263.4000,3263.8000,3264.0000,1,1,1,2,1,1,2,1,1,1
SF,IH2012,2020-08-28 09:33:10.500,3261.8000,20791,-1,346391520.000,1,0,1,双平,S,3261.6000,3261.2000,3260.6000,3260.0000,3259.0000,3262.2000,3262.6000,3263.4000,3263.8000,3264.0000,1,1,2,1,1,1,2,1,1,1
SF,IH2012,2020-08-28 09:33:11.000,3261.8000,20791,0,346391520.000,0,-,-,-,-,3261.6000,3261.2000,3260.6000,3260.0000,3259.0000,3262.0000,3262.2000,3262.6000,3263.4000,3264.0000,1,1,2,1,1,1,1,2,1,1
SF,IH2012,2020-08-28 09:33:11.500,3261.8000,20791,0,346391520.000,0,-,-,-,-,3261.6000,3261.2000,3260.6000,3260.0000,3259.0000,3262.0000,3262.2000,3262.6000,3263.4000,3264.2000,1,1,2,1,1,1,1,2,1,3
SF,IH2012,2020-08-28 09:33:12.000,3261.6000,20791,0,347370000.000,1,0,1,多换,S,3261.2000,3260.6000,3260.0000,3259.0000,3258.6000,3261.6000,3262.0000,3262.6000,3263.4000,3264.2000,1,2,1,1,2,1,1,2,1,3
SF,IH2012,2020-08-28 09:33:12.500,3259.0000,20787,-4,352260420.000,5,0,5,多平,S,3258.6000,3258.2000,3257.6000,3257.0000,3256.4000,3261.6000,3262.0000,3262.6000,3263.4000,3264.2000,1,3,3,2,5,2,1,2,1,2
SF,IH2012,2020-08-28 09:33:13.000,3259.0000,20787,0,352260420.000,0,-,-,-,-,3259.8000,3259.2000,3259.0000,3258.8000,3258.6000,3261.4000,3261.6000,3262.0000,3262.6000,3263.4000,2,1,6,2,2,2,2,1,2,1
SF,IH2012,2020-08-28 09:33:13.500,3259.0000,20787,0,352260420.000,0,-,-,-,-,3260.0000,3259.8000,3259.2000,3259.0000,3258.8000,3261.4000,3261.6000,3262.0000,3262.6000,3263.4000,3,2,1,4,1,2,2,1,2,1
SF,IH2012,2020-08-28 09:33:14.000,3259.0000,20787,0,352260420.000,0,-,-,-,-,3260.0000,3259.2000,3259.0000,3258.8000,3258.6000,3261.4000,3261.6000,3262.0000,3262.6000,3263.4000,2,2,4,1,1,1,2,1,2,1
SF,IH2012,2020-08-28 09:33:14.500,3259.0000,20787,0,352260420.000,0,-,-,-,-,3260.2000,3260.0000,3259.4000,3259.2000,3259.0000,3261.6000,3262.0000,3262.6000,3263.4000,3264.2000,1,2,1,2,5,2,1,2,1,2
SF,IH2012,2020-08-28 09:33:15.000,3259.0000,20787,0,352260420.000,0,-,-,-,-,3260.4000,3259.4000,3259.2000,3259.0000,3258.6000,3261.6000,3262.0000,3262.6000,3263.0000,3263.4000,1,1,2,5,1,2,1,2,1,1
SF,IH2012,2020-08-28 09:33:15.500,3259.0000,20787,0,352260420.000,0,-,-,-,-,3260.6000,3260.4000,3259.4000,3259.2000,3259.0000,3261.4000,3261.6000,3262.0000,3262.6000,3263.0000,1,1,1,3,5,1,2,1,2,1
SF,IH2012,2020-08-28 09:33:16.000,3259.0000,20787,0,352260420.000,0,-,-,-,-,3260.4000,3259.4000,3259.2000,3259.0000,3258.6000,3261.2000,3261.6000,3262.0000,3262.6000,3263.0000,1,1,3,5,1,1,2,1,2,1
SF,IH2012,2020-08-28 09:33:16.500,3259.0000,20787,0,352260420.000,0,-,-,-,-,3261.0000,3260.4000,3259.4000,3259.2000,3259.0000,3261.2000,3261.6000,3262.0000,3262.6000,3262.8000,1,1,1,3,4,1,3,2,2,2
SF,IH2012,2020-08-28 09:33:17.000,3261.0000,20787,0,353238720.000,1,0,1,多换,S,3260.4000,3259.4000,3259.2000,3259.0000,3258.6000,3261.0000,3261.2000,3261.6000,3262.0000,3262.6000,1,1,3,2,1,4,1,2,2,2
SF,IH2012,2020-08-28 09:33:17.500,3261.0000,20787,0,353238720.000,0,-,-,-,-,3260.4000,3259.4000,3259.2000,3259.0000,3258.6000,3261.0000,3261.2000,3261.6000,3262.0000,3262.6000,1,1,3,2,1,2,1,2,2,2
SF,IH2012,2020-08-28 09:33:18.000,3261.0000,20787,0,353238720.000,0,-,-,-,-,3260.4000,3259.2000,3259.0000,3258.6000,3258.2000,3261.2000,3261.6000,3262.0000,3262.6000,3262.8000,1,3,2,1,1,1,2,2,2,2
SF,IH2012,2020-08-28 09:33:18.500,3261.0000,20787,0,353238720.000,0,-,-,-,-,3260.4000,3259.2000,3259.0000,3258.6000,3258.2000,3261.2000,3261.4000,3261.6000,3262.0000,3262.6000,1,3,2,1,1,1,1,2,2,2
SF,IH2012,2020-08-28 09:33:19.000,3261.0000,20787,0,353238720.000,0,-,-,-,-,3260.6000,3260.4000,3259.2000,3259.0000,3258.6000,3261.2000,3261.4000,3261.6000,3262.0000,3262.6000,2,2,5,2,1,1,1,2,2,2
SF,IH2012,2020-08-28 09:33:19.500,3261.2000,20786,-1,354217080.000,1,0,1,双平,S,3261.2000,3260.8000,3260.4000,3259.2000,3259.0000,3261.4000,3261.6000,3262.0000,3262.6000,3263.0000,1,1,1,5,2,1,2,2,2,1
SF,IH2012,2020-08-28 09:33:20.000,3261.2000,20785,-1,355195440.000,1,0,1,双平,S,3260.8000,3260.4000,3259.2000,3259.0000,3258.6000,3261.4000,3261.6000,3262.0000,3262.6000,3262.8000,1,1,5,2,1,1,2,2,2,2
SF,IH2012,2020-08-28 09:33:20.500,3261.2000,20785,0,355195440.000,0,-,-,-,-,3260.8000,3260.4000,3259.8000,3259.2000,3259.0000,3261.4000,3261.6000,3262.0000,3262.6000,3263.0000,1,1,1,5,2,1,2,2,2,1
SF,IH2012,2020-08-28 09:33:21.000,3261.2000,20785,0,355195440.000,0,-,-,-,-,3260.8000,3260.4000,3259.8000,3259.2000,3259.0000,3261.4000,3261.6000,3262.0000,3262.6000,3263.0000,1,1,1,5,2,1,2,2,2,1
SF,IH2012,2020-08-28 09:33:21.500,3261.2000,20785,0,355195440.000,0,-,-,-,-,3260.8000,3260.4000,3259.8000,3259.2000,3259.0000,3261.4000,3261.6000,3262.0000,3262.6000,3263.0000,1,1,1,6,2,1,2,2,2,1
SF,IH2012,2020-08-28 09:33:22.000,3260.4000,20784,-1,357151800.000,2,0,2,多平,S,3259.8000,3259.2000,3259.0000,3258.6000,3258.2000,3260.8000,3261.4000,3261.6000,3262.0000,3262.6000,1,6,2,1,1,1,1,2,2,2
SF,IH2012,2020-08-28 09:33:22.500,3260.0000,20783,-1,358129800.000,1,0,1,双平,S,3260.6000,3260.0000,3259.2000,3259.0000,3258.6000,3260.8000,3261.4000,3261.6000,3262.0000,3262.6000,2,5,4,2,1,1,1,2,2,2
SF,IH2012,2020-08-28 09:33:23.000,3260.6000,20781,-2,360086160.000,2,0,2,双平,S,3260.0000,3259.2000,3259.0000,3258.6000,3258.2000,3260.6000,3260.8000,3261.4000,3261.6000,3262.0000,2,3,2,2,1,2,1,1,2,2
SF,IH2012,2020-08-28 09:33:23.500,3260.6000,20781,0,360086160.000,0,-,-,-,-,3260.0000,3259.2000,3259.0000,3258.6000,3258.2000,3260.6000,3260.8000,3261.4000,3261.6000,3262.0000,2,2,2,2,1,1,2,2,2,2
SF,IH2012,2020-08-28 09:33:24.000,3260.6000,20781,0,360086160.000,0,-,-,-,-,3260.0000,3259.2000,3259.0000,3258.6000,3258.2000,3260.6000,3260.8000,3261.4000,3261.6000,3262.0000,1,2,2,2,1,1,2,2,2,2
SF,IH2012,2020-08-28 09:33:24.500,3260.6000,20781,0,360086160.000,0,-,-,-,-,3260.2000,3260.0000,3259.2000,3259.0000,3258.6000,3260.8000,3261.4000,3261.6000,3262.0000,3262.6000,1,1,1,1,2,2,2,2,2,2
SF,IH2012,2020-08-28 09:33:25.000,3260.6000,20781,0,360086160.000,0,-,-,-,-,3260.0000,3259.2000,3259.0000,3258.6000,3258.2000,3260.2000,3260.8000,3261.4000,3261.6000,3262.0000,1,1,1,2,1,1,2,2,1,3
SF,IH2012,2020-08-28 09:33:25.500,3260.2000,20780,-1,361064220.000,1,0,1,双平,S,3260.6000,3260.2000,3259.6000,3259.2000,3259.0000,3260.8000,3261.4000,3261.6000,3262.0000,3262.6000,1,2,2,1,1,2,2,1,3,1
SF,IH2012,2020-08-28 09:33:26.000,3260.4000,20780,0,362042340.000,1,0,1,多换,S,3260.2000,3259.6000,3259.2000,3259.0000,3258.6000,3260.6000,3260.8000,3261.4000,3261.6000,3262.0000,2,2,1,1,1,1,2,2,1,3
SF,IH2012,2020-08-28 09:33:26.500,3260.4000,20780,0,362042340.000,0,-,-,-,-,3259.6000,3259.2000,3259.0000,3258.6000,3258.2000,3260.2000,3260.8000,3261.4000,3261.6000,3262.0000,3,1,1,1,1,1,2,2,1,3
SF,IH2012,2020-08-28 09:33:27.000,3260.2000,20780,0,363020400.000,1,0,1,多换,S,3260.2000,3259.6000,3259.2000,3258.6000,3258.2000,3260.8000,3261.4000,3261.6000,3262.0000,3262.6000,1,3,1,1,1,2,2,1,3,1
SF,IH2012,2020-08-28 09:33:27.500,3260.2000,20780,0,363020400.000,0,-,-,-,-,3260.2000,3259.6000,3259.2000,3258.8000,3258.6000,3260.8000,3261.4000,3261.6000,3262.0000,3262.6000,1,3,1,1,1,1,2,1,3,1
SF,IH2012,2020-08-28 09:33:28.000,3260.8000,20779,-1,363998640.000,1,0,1,双平,S,3260.2000,3259.6000,3259.2000,3258.8000,3258.6000,3261.4000,3261.6000,3262.0000,3262.6000,3263.0000,1,3,1,1,1,2,1,3,2,1
SF,IH2012,2020-08-28 09:33:28.500,3260.8000,20779,0,363998640.000,0,-,-,-,-,3260.2000,3259.6000,3259.2000,3258.8000,3258.6000,3261.2000,3261.4000,3261.6000,3262.0000,3262.6000,1,3,1,1,2,2,2,2,3,2
SF,IH2012,2020-08-28 09:33:29.500,3260.8000,20779,0,363998640.000,0,-,-,-,-,3260.2000,3259.6000,3259.2000,3258.8000,3258.6000,3261.2000,3261.4000,3261.6000,3262.0000,3262.6000,1,3,1,1,2,2,2,2,3,2
SF,IH2012,2020-08-28 09:33:31.000,3260.2000,20779,0,364976700.000,1,0,1,多换,S,3259.6000,3259.2000,3258.8000,3258.6000,3258.2000,3261.0000,3261.2000,3261.4000,3261.6000,3262.0000,3,1,1,2,3,1,1,2,2,3
SF,IH2012,2020-08-28 09:33:31.500,3260.2000,20779,0,364976700.000,0,-,-,-,-,3259.8000,3259.6000,3259.2000,3258.8000,3258.6000,3260.8000,3261.0000,3261.4000,3261.6000,3262.0000,1,3,1,1,2,1,1,2,2,3
SF,IH2012,2020-08-28 09:33:32.000,3260.8000,20779,0,365954940.000,1,0,1,多换,S,3259.8000,3259.6000,3259.2000,3258.8000,3258.6000,3261.0000,3261.4000,3261.6000,3262.0000,3262.6000,1,3,1,1,2,1,2,2,3,2
SF,IH2012,2020-08-28 09:33:32.500,3260.8000,20779,0,365954940.000,0,-,-,-,-,3259.8000,3259.6000,3259.2000,3258.8000,3258.6000,3260.8000,3261.0000,3261.2000,3261.4000,3261.6000,1,3,1,1,2,3,1,1,2,2
SF,IH2012,2020-08-28 09:33:33.000,3259.8000,20778,-1,366932880.000,1,0,1,双平,S,3259.6000,3259.2000,3258.8000,3258.6000,3258.2000,3260.8000,3261.0000,3261.2000,3261.4000,3261.6000,2,1,1,2,3,3,1,1,2,2
SF,IH2012,2020-08-28 09:33:33.500,3259.8000,20778,0,366932880.000,0,-,-,-,-,3259.2000,3258.8000,3258.6000,3258.2000,3258.0000,3259.6000,3260.6000,3260.8000,3261.0000,3261.2000,1,1,2,3,1,1,4,1,2,1
SF,IH2012,2020-08-28 09:33:34.000,3259.6000,20776,-2,368888580.000,2,0,2,双平,S,3259.2000,3258.8000,3258.6000,3258.2000,3258.0000,3260.6000,3260.8000,3261.0000,3261.2000,3261.4000,1,1,1,2,1,1,1,2,1,2
SF,IH2012,2020-08-28 09:33:34.500,3259.6000,20776,0,368888580.000,0,-,-,-,-,3259.2000,3258.8000,3258.2000,3257.2000,3257.0000,3260.4000,3260.6000,3260.8000,3261.0000,3261.2000,1,1,1,1,2,3,2,1,2,1
SF,IH2012,2020-08-28 09:33:35.000,3259.6000,20776,0,368888580.000,0,-,-,-,-,3259.2000,3258.8000,3258.2000,3257.2000,3257.0000,3260.2000,3260.4000,3260.6000,3260.8000,3261.0000,1,1,1,1,2,4,1,1,1,2
SF,IH2012,2020-08-28 09:33:35.500,3260.2000,20776,0,369866640.000,1,0,1,多换,S,3258.8000,3258.2000,3257.2000,3257.0000,3256.4000,3260.2000,3260.6000,3260.8000,3261.0000,3261.2000,1,1,1,3,6,3,1,1,2,1
SF,IH2012,2020-08-28 09:33:36.000,3260.2000,20776,0,369866640.000,0,-,-,-,-,3259.0000,3258.8000,3258.2000,3257.2000,3257.0000,3259.2000,3260.2000,3260.6000,3260.8000,3261.0000,2,1,1,1,3,1,3,1,1,2
SF,IH2012,2020-08-28 09:33:36.500,3259.0000,20774,-2,371822100.000,2,0,2,双平,S,3258.8000,3258.2000,3257.2000,3257.0000,3256.4000,3260.2000,3260.6000,3260.8000,3261.0000,3261.2000,1,1,1,3,6,1,1,1,1,1
SF,IH2012,2020-08-28 09:33:37.000,3259.0000,20774,0,371822100.000,0,-,-,-,-,3258.8000,3258.4000,3258.2000,3257.2000,3257.0000,3260.0000,3260.2000,3260.6000,3260.8000,3261.0000,1,1,1,1,3,3,1,1,1,1
SF,IH2012,2020-08-28 09:33:37.500,3259.0000,20774,0,371822100.000,0,-,-,-,-,3258.8000,3258.4000,3258.2000,3257.2000,3257.0000,3259.8000,3260.0000,3260.6000,3260.8000,3261.0000,1,1,1,1,3,1,2,1,1,1
SF,IH2012,2020-08-28 09:33:38.000,3259.0000,20774,0,371822100.000,0,-,-,-,-,3258.8000,3258.4000,3258.2000,3257.2000,3257.0000,3259.8000,3260.0000,3260.6000,3260.8000,3261.0000,1,1,1,1,3,1,1,1,1,1
SF,IH2012,2020-08-28 09:33:38.500,3259.0000,20774,0,371822100.000,0,-,-,-,-,3258.8000,3258.4000,3258.2000,3257.2000,3257.0000,3259.8000,3260.0000,3260.8000,3261.0000,3261.2000,1,1,1,1,3,1,2,1,1,1
SF,IH2012,2020-08-28 09:33:39.000,3259.0000,20774,0,371822100.000,0,-,-,-,-,3258.8000,3258.4000,3258.2000,3257.2000,3257.0000,3259.8000,3260.0000,3260.8000,3261.0000,3261.2000,1,1,1,1,3,1,2,1,1,1
SF,IH2012,2020-08-28 09:33:39.500,3259.0000,20774,0,371822100.000,0,-,-,-,-,3258.8000,3258.4000,3258.2000,3257.2000,3257.0000,3259.8000,3260.0000,3260.8000,3261.0000,3261.2000,1,1,1,1,3,1,2,1,1,1
SF,IH2012,2020-08-28 09:33:40.000,3259.6000,20774,0,372799980.000,1,0,1,多换,S,3258.4000,3258.2000,3258.0000,3257.2000,3257.0000,3259.8000,3260.0000,3260.8000,3261.0000,3261.2000,1,1,1,1,3,1,2,1,1,1
SF,IH2012,2020-08-28 09:33:40.500,3259.6000,20774,0,372799980.000,0,-,-,-,-,3258.4000,3258.2000,3258.0000,3257.2000,3257.0000,3259.8000,3260.0000,3260.8000,3261.0000,3261.2000,1,1,1,1,1,1,2,1,1,1
SF,IH2012,2020-08-28 09:33:41.000,3259.6000,20774,0,372799980.000,0,-,-,-,-,3258.4000,3258.2000,3258.0000,3257.2000,3257.0000,3259.6000,3259.8000,3260.0000,3260.8000,3261.0000,1,1,1,1,1,2,1,2,1,1
SF,IH2012,2020-08-28 09:33:41.500,3259.6000,20774,0,372799980.000,0,-,-,-,-,3258.4000,3258.2000,3258.0000,3257.2000,3257.0000,3259.4000,3259.6000,3260.0000,3260.8000,3261.0000,1,1,1,1,1,2,2,2,1,1
SF,IH2012,2020-08-28 09:33:42.000,3258.4000,20774,0,373777500.000,1,0,1,多换,S,3258.2000,3258.0000,3257.2000,3257.0000,3256.4000,3259.4000,3259.6000,3260.0000,3260.8000,3261.0000,1,1,1,1,6,2,1,2,1,1
SF,IH2012,2020-08-28 09:33:42.500,3258.4000,20774,0,373777500.000,0,-,-,-,-,3258.0000,3257.2000,3257.0000,3256.4000,3256.0000,3258.8000,3259.2000,3259.4000,3259.6000,3260.0000,1,1,1,6,3,1,2,1,1,2
SF,IH2012,2020-08-28 09:33:43.000,3258.0000,20774,0,374754900.000,1,0,1,多换,S,3257.2000,3257.0000,3256.0000,3255.8000,3255.2000,3259.2000,3259.4000,3260.0000,3260.8000,3261.0000,1,1,3,1,1,1,1,2,1,1
SF,IH2012,2020-08-28 09:33:43.500,3258.0000,20774,0,374754900.000,0,-,-,-,-,3257.4000,3257.2000,3256.0000,3255.8000,3255.2000,3259.0000,3259.2000,3259.8000,3260.0000,3260.8000,1,1,3,2,1,4,2,1,2,1
SF,IH2012,2020-08-28 09:33:44.000,3257.4000,20773,-1,375732120.000,1,0,1,双平,S,3257.6000,3257.2000,3256.0000,3255.8000,3255.2000,3259.0000,3259.8000,3260.0000,3260.8000,3261.0000,2,1,3,2,1,2,1,2,1,1
SF,IH2012,2020-08-28 09:33:44.500,3257.4000,20773,0,375732120.000,0,-,-,-,-,3257.6000,3257.2000,3256.0000,3255.8000,3255.2000,3259.0000,3259.8000,3260.0000,3260.6000,3260.8000,1,1,3,2,1,2,1,2,2,1
SF,IH2012,2020-08-28 09:33:45.000,3257.4000,20773,0,375732120.000,0,-,-,-,-,3257.6000,3257.2000,3256.0000,3255.8000,3255.2000,3259.0000,3259.8000,3260.0000,3260.6000,3260.8000,1,1,3,2,1,2,1,2,2,1
SF,IH2012,2020-08-28 09:33:45.500,3257.4000,20773,0,375732120.000,0,-,-,-,-,3257.8000,3257.2000,3257.0000,3256.0000,3255.8000,3259.0000,3259.8000,3260.0000,3260.6000,3260.8000,1,1,1,3,2,2,1,2,2,1
SF,IH2012,2020-08-28 09:33:46.000,3257.4000,20773,0,375732120.000,0,-,-,-,-,3258.0000,3257.2000,3257.0000,3256.0000,3255.8000,3259.0000,3259.8000,3260.0000,3260.6000,3260.8000,1,1,1,3,2,1,1,2,2,1
SF,IH2012,2020-08-28 09:33:46.500,3257.4000,20773,0,375732120.000,0,-,-,-,-,3258.0000,3257.2000,3257.0000,3256.0000,3255.8000,3259.0000,3259.8000,3260.0000,3260.6000,3260.8000,1,1,1,3,2,1,1,1,2,1
SF,IH2012,2020-08-28 09:33:47.000,3257.4000,20773,0,375732120.000,0,-,-,-,-,3257.2000,3257.0000,3256.0000,3255.8000,3255.2000,3258.6000,3259.0000,3259.8000,3260.0000,3260.6000,1,1,3,2,1,1,5,1,1,2
SF,IH2012,2020-08-28 09:33:47.500,3257.4000,20773,0,375732120.000,0,-,-,-,-,3257.4000,3257.2000,3257.0000,3256.0000,3255.8000,3258.4000,3259.0000,3259.8000,3260.0000,3260.6000,2,2,1,3,2,1,4,1,1,2
SF,IH2012,2020-08-28 09:33:48.000,3258.4000,20770,-3,378664680.000,3,0,3,双平,S,3257.6000,3257.4000,3257.2000,3257.0000,3256.0000,3259.0000,3259.8000,3260.0000,3260.6000,3261.0000,1,1,2,1,3,4,1,1,2,1
SF,IH2012,2020-08-28 09:33:48.500,3258.4000,20770,0,378664680.000,0,-,-,-,-,3257.8000,3257.6000,3257.2000,3257.0000,3256.0000,3259.0000,3261.0000,3261.2000,3261.6000,3261.8000,4,1,2,1,3,4,1,1,1,2
SF,IH2012,2020-08-28 09:33:49.000,3258.4000,20770,0,378664680.000,0,-,-,-,-,3258.0000,3257.8000,3257.2000,3257.0000,3256.0000,3259.0000,3261.2000,3261.6000,3261.8000,3262.0000,1,4,2,1,3,4,1,1,2,2
SF,IH2012,2020-08-28 09:33:49.500,3258.4000,20770,0,378664680.000,0,-,-,-,-,3258.0000,3257.8000,3257.2000,3257.0000,3256.0000,3259.0000,3261.2000,3261.6000,3261.8000,3262.0000,1,3,2,1,3,4,1,1,2,2
SF,IH2012,2020-08-28 09:33:50.000,3258.4000,20770,0,378664680.000,0,-,-,-,-,3258.2000,3258.0000,3257.8000,3257.2000,3257.0000,3259.0000,3260.8000,3261.2000,3261.6000,3261.8000,1,1,3,2,1,4,5,1,1,2
SF,IH2012,2020-08-28 09:33:50.500,3259.0000,20770,0,379642380.000,1,0,1,多换,S,3257.8000,3257.2000,3257.0000,3256.0000,3255.8000,3259.0000,3260.8000,3261.2000,3261.6000,3261.8000,3,2,1,3,2,3,5,1,1,2
SF,IH2012,2020-08-28 09:33:51.000,3259.0000,20770,0,379642380.000,0,-,-,-,-,3258.0000,3257.8000,3257.2000,3256.0000,3255.8000,3258.8000,3259.0000,3260.8000,3261.2000,3261.6000,1,1,1,3,2,2,3,5,1,1
SF,IH2012,2020-08-28 09:33:51.500,3259.0000,20770,0,379642380.000,0,-,-,-,-,3258.2000,3257.8000,3257.2000,3256.0000,3255.8000,3259.0000,3260.8000,3261.2000,3261.6000,3261.8000,3,1,1,3,2,3,5,3,1,2
SF,IH2012,2020-08-28 09:33:52.000,3259.0000,20767,-3,382575480.000,3,0,3,双平,S,3258.2000,3257.8000,3257.2000,3256.0000,3255.8000,3259.0000,3260.8000,3261.2000,3261.6000,3261.8000,2,1,1,3,2,1,5,3,1,2
SF,IH2012,2020-08-28 09:33:52.500,3259.0000,20766,-1,383553180.000,1,0,1,双平,S,3258.4000,3258.2000,3257.8000,3257.2000,3256.0000,3260.8000,3261.2000,3261.6000,3261.8000,3262.0000,1,2,1,1,3,5,3,1,2,2
SF,IH2012,2020-08-28 09:33:53.000,3259.0000,20766,0,383553180.000,0,-,-,-,-,3259.0000,3258.6000,3258.4000,3258.2000,3257.2000,3260.2000,3260.4000,3260.6000,3260.8000,3261.2000,1,2,1,2,1,3,5,9,6,3
SF,IH2012,2020-08-28 09:33:53.500,3259.0000,20766,0,383553180.000,0,-,-,-,-,3259.0000,3258.6000,3258.4000,3258.2000,3257.2000,3260.0000,3260.2000,3260.4000,3260.6000,3260.8000,1,2,1,2,1,3,3,4,7,6
SF,IH2012,2020-08-28 09:33:54.000,3259.0000,20766,0,383553180.000,0,-,-,-,-,3259.0000,3258.6000,3258.4000,3258.2000,3257.2000,3260.0000,3260.2000,3260.4000,3260.6000,3260.8000,1,2,1,2,1,3,1,1,4,6
SF,IH2012,2020-08-28 09:33:54.500,3259.0000,20766,0,383553180.000,0,-,-,-,-,3259.0000,3258.6000,3258.4000,3258.2000,3257.2000,3260.0000,3260.4000,3260.6000,3260.8000,3261.2000,1,2,1,2,1,2,1,3,1,1
SF,IH2012,2020-08-28 09:33:55.000,3260.0000,20765,-1,384531180.000,1,0,1,双平,S,3259.2000,3259.0000,3258.6000,3258.4000,3258.2000,3260.0000,3260.8000,3261.6000,3261.8000,3262.0000,1,1,2,1,2,1,1,1,2,7
SF,IH2012,2020-08-28 09:33:55.500,3260.0000,20764,-1,385509180.000,1,0,1,双平,S,3259.4000,3259.2000,3259.0000,3258.6000,3258.4000,3260.8000,3261.6000,3261.8000,3262.0000,3262.6000,1,1,1,1,1,1,1,2,7,1
SF,IH2012,2020-08-28 09:33:56.000,3260.0000,20764,0,385509180.000,0,-,-,-,-,3260.0000,3259.4000,3259.2000,3259.0000,3258.6000,3261.6000,3262.0000,3262.6000,3262.8000,3263.0000,1,1,1,1,1,1,6,1,3,1
SF,IH2012,2020-08-28 09:33:56.500,3260.0000,20764,0,385509180.000,0,-,-,-,-,3260.0000,3259.4000,3259.0000,3258.6000,3258.4000,3260.8000,3261.0000,3261.2000,3261.4000,3261.6000,1,1,1,1,1,1,3,2,3,2
SF,IH2012,2020-08-28 09:33:57.000,3260.0000,20764,0,385509180.000,0,-,-,-,-,3260.2000,3260.0000,3259.4000,3259.0000,3258.6000,3261.0000,3261.2000,3261.4000,3261.6000,3262.0000,1,1,1,1,1,3,2,2,2,1
SF,IH2012,2020-08-28 09:33:57.500,3260.0000,20764,0,385509180.000,0,-,-,-,-,3260.2000,3260.0000,3259.4000,3259.0000,3258.6000,3261.4000,3261.6000,3262.0000,3262.6000,3263.0000,1,1,1,1,1,1,2,1,1,1
SF,IH2012,2020-08-28 09:33:58.500,3260.0000,20764,0,385509180.000,0,-,-,-,-,3260.4000,3260.2000,3260.0000,3259.6000,3259.4000,3261.4000,3261.6000,3262.0000,3262.6000,3263.0000,2,1,1,1,1,1,1,1,1,1
SF,IH2012,2020-08-28 09:33:59.000,3260.0000,20764,0,385509180.000,0,-,-,-,-,3260.2000,3260.0000,3259.6000,3259.4000,3259.0000,3261.4000,3261.6000,3262.0000,3262.6000,3263.0000,1,1,1,1,1,1,1,1,1,1
SF,IH2012,2020-08-28 09:33:59.500,3260.0000,20764,0,385509180.000,0,-,-,-,-,3260.2000,3260.0000,3259.6000,3259.4000,3259.0000,3261.2000,3261.4000,3261.6000,3262.0000,3262.6000,1,1,1,1,1,1,1,1,1,1
SF,IH2012,2020-08-28 09:34:00.000,3260.0000,20764,0,385509180.000,0,-,-,-,-,3260.4000,3260.2000,3260.0000,3259.6000,3259.0000,3261.4000,3261.6000,3262.0000,3262.6000,3263.0000,4,1,1,1,1,1,1,1,1,1
SF,IH2012,2020-08-28 09:34:00.500,3260.0000,20764,0,385509180.000,0,-,-,-,-,3260.6000,3260.4000,3260.2000,3260.0000,3259.6000,3261.4000,3261.6000,3262.0000,3262.6000,3263.0000,1,4,1,1,1,1,1,1,1,1
SF,IH2012,2020-08-28 09:34:01.000,3260.0000,20764,0,385509180.000,0,-,-,-,-,3260.6000,3260.4000,3260.2000,3260.0000,3259.6000,3261.6000,3262.0000,3262.6000,3263.0000,3263.2000,1,3,1,1,1,1,1,1,1,3
SF,IH2012,2020-08-28 09:34:01.500,3260.0000,20764,0,385509180.000,0,-,-,-,-,3260.6000,3260.4000,3260.2000,3260.0000,3259.6000,3261.6000,3262.0000,3262.6000,3263.0000,3263.2000,1,1,1,1,1,1,1,1,1,3
SF,IH2012,2020-08-28 09:34:02.000,3260.0000,20764,0,385509180.000,0,-,-,-,-,3260.6000,3260.4000,3260.2000,3260.0000,3259.6000,3261.6000,3262.0000,3262.6000,3263.0000,3263.2000,1,1,1,1,1,1,1,1,1,3
SF,IH2012,2020-08-28 09:34:02.500,3260.6000,20763,-1,386487360.000,1,0,1,双平,S,3260.2000,3260.0000,3259.6000,3259.0000,3258.4000,3261.4000,3261.6000,3262.0000,3262.6000,3263.0000,1,1,1,1,1,2,1,1,1,1
SF,IH2012,2020-08-28 09:34:03.000,3260.6000,20763,0,386487360.000,0,-,-,-,-,3260.2000,3260.0000,3259.6000,3259.0000,3258.4000,3261.2000,3261.4000,3261.6000,3262.0000,3262.6000,1,1,1,1,1,1,3,1,1,1
SF,IH2012,2020-08-28 09:34:03.500,3260.2000,20763,0,387465420.000,1,0,1,多换,S,3260.0000,3259.6000,3259.0000,3258.4000,3257.0000,3260.8000,3261.0000,3261.2000,3261.4000,3261.6000,1,1,1,1,1,1,3,2,1,1
SF,IH2012,2020-08-28 09:34:04.000,3260.2000,20763,0,387465420.000,0,-,-,-,-,3260.0000,3259.6000,3259.0000,3258.4000,3257.0000,3261.0000,3261.2000,3261.4000,3261.6000,3262.0000,1,1,1,1,1,2,2,1,1,1
SF,IH2012,2020-08-28 09:34:05.000,3259.6000,20763,0,389421300.000,2,1,1,多换,S,3259.0000,3258.4000,3257.0000,3256.0000,3255.8000,3260.8000,3261.0000,3261.2000,3261.4000,3261.6000,1,1,1,3,2,4,3,1,1,1
SF,IH2012,2020-08-28 09:34:05.500,3259.0000,20763,0,390399000.000,1,0,1,多换,S,3259.2000,3258.4000,3257.0000,3256.0000,3255.8000,3260.6000,3260.8000,3261.0000,3261.2000,3261.4000,1,1,1,3,2,5,5,2,1,1
SF,IH2012,2020-08-28 09:34:06.000,3259.0000,20762,-1,391376700.000,1,0,1,双平,S,3258.4000,3257.0000,3256.0000,3255.8000,3255.6000,3259.0000,3260.0000,3260.4000,3260.6000,3260.8000,1,1,3,2,1,1,1,1,5,4
SF,IH2012,2020-08-28 09:34:06.500,3259.0000,20761,-1,392354400.000,1,0,1,双平,S,3258.4000,3257.0000,3256.0000,3255.8000,3255.6000,3260.6000,3260.8000,3261.0000,3261.2000,3261.6000,1,1,3,2,1,6,3,2,1,1
SF,IH2012,2020-08-28 09:34:07.000,3259.0000,20761,0,393332100.000,1,0,1,多换,S,3258.6000,3258.4000,3256.0000,3255.8000,3255.6000,3260.2000,3260.4000,3260.6000,3260.8000,3261.0000,1,1,3,2,1,3,3,5,3,2
SF,IH2012,2020-08-28 09:34:07.500,3258.4000,20759,-2,395287200.000,2,0,2,双平,S,3256.0000,3255.8000,3255.6000,3255.2000,3255.0000,3258.4000,3260.0000,3260.2000,3260.4000,3260.6000,3,2,1,1,3,1,2,4,4,4
SF,IH2012,2020-08-28 09:34:08.000,3258.4000,20759,0,395287200.000,0,-,-,-,-,3257.2000,3256.8000,3256.6000,3256.4000,3256.2000,3258.2000,3258.4000,3260.0000,3260.2000,3260.4000,1,2,1,4,5,2,1,1,4,3
SF,IH2012,2020-08-28 09:34:08.500,3258.2000,20758,-1,396264660.000,1,0,1,双平,S,3259.0000,3257.4000,3257.2000,3256.8000,3256.6000,3260.0000,3260.2000,3260.4000,3260.6000,3260.8000,1,1,1,2,1,1,4,3,3,3
SF,IH2012,2020-08-28 09:34:09.000,3259.0000,20758,0,397242360.000,1,0,1,多换,S,3257.2000,3256.8000,3256.6000,3256.4000,3256.2000,3258.8000,3259.8000,3260.0000,3260.2000,3260.4000,1,2,1,4,3,1,1,1,4,3
SF,IH2012,2020-08-28 09:34:09.500,3259.0000,20758,0,397242360.000,0,-,-,-,-,3257.4000,3257.2000,3256.8000,3256.6000,3256.4000,3258.8000,3259.8000,3260.0000,3260.2000,3260.4000,4,2,2,1,4,1,1,1,4,3
SF,IH2012,2020-08-28 09:34:10.000,3259.0000,20758,0,397242360.000,0,-,-,-,-,3257.8000,3257.6000,3257.4000,3257.2000,3256.8000,3258.6000,3258.8000,3260.0000,3260.2000,3260.4000,1,3,2,2,2,1,1,1,3,3
SF,IH2012,2020-08-28 09:34:10.500,3259.0000,20758,0,397242360.000,0,-,-,-,-,3257.8000,3257.6000,3257.4000,3257.2000,3256.8000,3258.6000,3260.0000,3260.2000,3260.4000,3260.6000,1,1,1,2,2,1,1,3,3,2
SF,IH2012,2020-08-28 09:34:11.000,3259.0000,20758,0,397242360.000,0,-,-,-,-,3257.8000,3257.6000,3257.4000,3257.2000,3256.8000,3258.6000,3260.0000,3260.2000,3260.4000,3260.6000,1,1,1,1,2,1,1,3,3,2
SF,IH2012,2020-08-28 09:34:11.500,3259.0000,20758,0,397242360.000,0,-,-,-,-,3257.6000,3257.4000,3257.2000,3256.8000,3256.6000,3258.4000,3258.6000,3260.0000,3260.2000,3260.4000,1,1,1,2,1,1,1,1,3,3
SF,IH2012,2020-08-28 09:34:12.000,3257.6000,20757,-1,398219640.000,1,0,1,双平,S,3257.8000,3257.4000,3257.2000,3256.6000,3256.4000,3258.4000,3258.6000,3260.0000,3260.2000,3260.4000,1,1,1,1,4,1,1,1,3,3
SF,IH2012,2020-08-28 09:34:12.500,3257.6000,20757,0,398219640.000,0,-,-,-,-,3257.4000,3257.2000,3256.6000,3256.4000,3256.0000,3257.8000,3258.4000,3258.6000,3260.0000,3260.2000,1,1,1,4,3,1,1,1,1,3
SF,IH2012,2020-08-28 09:34:13.000,3257.6000,20755,-2,400174260.000,2,0,2,双平,S,3257.6000,3257.4000,3257.2000,3256.6000,3256.4000,3258.4000,3258.6000,3260.0000,3260.2000,3260.4000,1,1,1,1,4,1,1,1,3,3
SF,IH2012,2020-08-28 09:34:13.500,3257.6000,20755,0,400174260.000,0,-,-,-,-,3257.6000,3257.4000,3257.2000,3256.6000,3256.4000,3258.4000,3258.6000,3260.0000,3260.2000,3260.4000,1,1,2,1,4,1,1,1,3,3
SF,IH2012,2020-08-28 09:34:14.500,3257.6000,20755,0,400174260.000,0,-,-,-,-,3257.6000,3257.4000,3257.2000,3256.6000,3256.4000,3258.4000,3258.6000,3260.0000,3260.2000,3260.4000,1,1,2,1,4,1,1,1,3,3
SF,IH2012,2020-08-28 09:34:15.000,3257.6000,20755,0,400174260.000,0,-,-,-,-,3257.2000,3256.6000,3256.4000,3256.0000,3255.8000,3258.2000,3258.4000,3260.0000,3260.2000,3260.4000,1,1,4,3,1,1,1,1,3,3
SF,IH2012,2020-08-28 09:34:15.500,3257.6000,20755,0,400174260.000,0,-,-,-,-,3257.2000,3256.6000,3256.4000,3256.0000,3255.8000,3258.2000,3258.4000,3260.0000,3260.2000,3260.4000,1,1,3,3,1,1,1,1,3,3
SF,IH2012,2020-08-28 09:34:17.000,3258.4000,20753,-2,402129240.000,2,0,2,双平,S,3258.4000,3257.4000,3257.2000,3256.6000,3256.4000,3260.0000,3260.2000,3260.4000,3260.6000,3260.8000,8,1,1,1,3,1,3,3,2,2
SF,IH2012,2020-08-28 09:34:17.500,3258.4000,20746,-7,408971880.000,7,0,7,双平,S,3258.4000,3257.2000,3256.6000,3256.4000,3256.0000,3259.2000,3259.4000,3259.8000,3260.0000,3260.2000,1,1,1,3,3,1,2,4,2,3
SF,IH2012,2020-08-28 09:34:18.000,3258.4000,20745,-1,409949400.000,1,0,1,双平,S,3257.2000,3256.4000,3256.0000,3255.8000,3255.6000,3258.2000,3259.0000,3259.4000,3259.8000,3260.0000,1,3,3,1,1,1,2,2,2,1
SF,IH2012,2020-08-28 09:34:18.500,3258.2000,20745,0,410926860.000,1,0,1,多换,S,3257.4000,3257.2000,3256.4000,3256.0000,3255.8000,3259.0000,3259.4000,3259.8000,3260.0000,3260.2000,6,1,3,3,1,1,2,1,1,3
SF,IH2012,2020-08-28 09:34:19.000,3258.2000,20745,0,410926860.000,0,-,-,-,-,3257.6000,3257.4000,3257.2000,3256.4000,3256.0000,3259.0000,3259.4000,3259.8000,3260.0000,3260.2000,2,4,1,3,3,1,2,1,1,3
SF,IH2012,2020-08-28 09:34:19.500,3258.2000,20745,0,410926860.000,0,-,-,-,-,3257.8000,3257.6000,3257.4000,3257.2000,3256.4000,3258.8000,3259.0000,3259.4000,3259.8000,3260.0000,1,2,1,1,3,1,1,2,1,1
SF,IH2012,2020-08-28 09:34:20.000,3258.2000,20745,0,410926860.000,0,-,-,-,-,3257.8000,3257.6000,3257.4000,3257.2000,3256.4000,3259.0000,3259.8000,3260.0000,3260.2000,3260.4000,1,2,1,1,3,1,1,1,3,3
SF,IH2012,2020-08-28 09:34:20.500,3258.2000,20745,0,410926860.000,0,-,-,-,-,3258.0000,3257.8000,3257.4000,3257.2000,3256.4000,3260.0000,3260.2000,3260.4000,3260.6000,3260.8000,2,1,1,1,3,1,3,3,2,2
SF,IH2012,2020-08-28 09:34:21.000,3258.2000,20745,0,410926860.000,0,-,-,-,-,3258.2000,3257.4000,3257.2000,3256.4000,3256.0000,3259.8000,3260.2000,3260.4000,3260.6000,3260.8000,1,1,1,3,3,4,3,3,2,3
SF,IH2012,2020-08-28 09:34:21.500,3258.2000,20745,0,410926860.000,0,-,-,-,-,3258.2000,3257.4000,3257.2000,3256.4000,3256.0000,3259.8000,3260.2000,3260.4000,3260.6000,3260.8000,1,1,1,3,3,4,3,3,2,3
SF,IH2012,2020-08-28 09:34:23.500,3258.2000,20744,-1,411904320.000,1,0,1,双平,S,3257.4000,3257.2000,3256.4000,3256.0000,3255.8000,3259.8000,3260.2000,3260.4000,3260.6000,3260.8000,1,1,4,3,1,4,3,3,2,2
SF,IH2012,2020-08-28 09:34:24.000,3258.2000,20744,0,411904320.000,0,-,-,-,-,3257.6000,3256.4000,3256.0000,3255.8000,3255.6000,3258.6000,3258.8000,3259.2000,3259.4000,3259.6000,1,3,3,1,1,1,1,2,5,1
SF,IH2012,2020-08-28 09:34:24.500,3258.2000,20744,0,411904320.000,0,-,-,-,-,3256.4000,3256.0000,3255.8000,3255.6000,3255.2000,3258.4000,3259.4000,3259.6000,3259.8000,3260.2000,2,3,1,1,1,1,2,1,2,1
SF,IH2012,2020-08-28 09:34:25.000,3258.2000,20744,0,411904320.000,0,-,-,-,-,3256.8000,3256.6000,3256.4000,3256.0000,3255.8000,3258.2000,3258.4000,3259.4000,3259.6000,3259.8000,1,6,2,3,1,1,1,2,1,1
SF,IH2012,2020-08-28 09:34:25.500,3258.2000,20742,-2,413859240.000,2,0,2,双平,S,3257.0000,3256.8000,3256.6000,3256.0000,3255.8000,3259.4000,3259.6000,3259.8000,3260.2000,3260.4000,2,1,2,3,1,2,1,1,1,3
SF,IH2012,2020-08-28 09:34:26.000,3258.2000,20742,0,413859240.000,0,-,-,-,-,3257.2000,3257.0000,3256.8000,3256.0000,3255.8000,3259.0000,3259.2000,3259.4000,3259.6000,3259.8000,1,1,1,3,1,3,3,3,1,1
SF,IH2012,2020-08-28 09:34:26.500,3258.2000,20742,0,413859240.000,0,-,-,-,-,3257.4000,3257.2000,3256.8000,3256.0000,3255.8000,3258.8000,3259.4000,3259.6000,3259.8000,3260.2000,2,2,1,3,1,2,3,1,1,1
