市场代码,合约代码,时间,最新,持仓,增仓,成交额,成交量,开仓,平仓,成交类型,方向,买一价,买二价,买三价,买四价,买五价,卖一价,卖二价,卖三价,卖四价,卖五价,买一量,买二量,买三量,买四量,买五量,卖一量,卖二量,卖三量,卖四量,卖五量
SF,IH2006,2019-11-11 09:29:00.000,2990.0000,1073,0,1794000.000,2.000,-,-,-,-,2980.4000,2980.0000,2977.2000,2976.2000,2975.8000,2990.4000,2993.6000,2993.8000,2994.4000,3000.0000,1,1,1,1,1,1,1,1,3,1
SF,IH2006,2019-11-11 09:30:00.500,2990.4000,1072,-1,2691120.000,1,0,1,双平,S,2985.0000,2982.0000,2976.2000,2963.8000,2950.0000,3000.0000,3008.4000,3019.0000,3020.0000,3188.0000,1,1,1,1,1,1,1,1,1,1
SF,IH2006,2019-11-11 09:30:01.000,2996.0000,1073,1,4485420.000,2,1,1,空开,S,2990.4000,2983.8000,2976.2000,2963.8000,2952.6000,2996.0000,2998.6000,2999.8000,3000.0000,3008.4000,1,1,1,1,1,3,1,2,1,1
SF,IH2006,2019-11-11 09:30:01.500,2990.4000,1073,0,5382540.000,1,0,1,多换,S,2983.8000,2979.2000,2976.2000,2963.8000,2952.6000,2989.2000,2990.4000,2990.6000,2995.8000,2996.0000,1,5,1,1,1,1,5,5,4,3
SF,IH2006,2019-11-11 09:30:02.000,2990.4000,1073,0,5382540.000,0,-,-,-,-,2983.8000,2979.2000,2976.2000,2963.8000,2952.6000,2989.0000,2989.2000,2990.4000,2990.6000,2995.8000,1,5,1,1,1,3,1,6,5,4
SF,IH2006,2019-11-11 09:30:02.500,2990.4000,1073,0,5382540.000,0,-,-,-,-,2983.8000,2976.2000,2975.4000,2963.8000,2952.6000,2988.2000,2989.0000,2989.2000,2990.4000,2990.6000,1,1,5,1,1,3,3,1,2,5
SF,IH2006,2019-11-11 09:30:03.000,2990.4000,1073,0,5382540.000,0,-,-,-,-,2983.8000,2976.2000,2975.4000,2963.8000,2952.6000,2988.0000,2988.2000,2989.0000,2989.2000,2990.4000,1,1,5,1,1,3,3,3,1,2
SF,IH2006,2019-11-11 09:30:03.500,2983.8000,1073,0,6277680.000,1,0,1,多换,S,2976.2000,2975.4000,2963.8000,2952.6000,2950.0000,2988.0000,2988.2000,2989.0000,2989.2000,2990.4000,1,5,1,1,1,1,3,3,1,2
SF,IH2006,2019-11-11 09:30:04.000,2983.8000,1073,0,6277680.000,0,-,-,-,-,2985.0000,2976.4000,2976.2000,2975.4000,2963.8000,2987.8000,2988.0000,2988.2000,2989.0000,2989.2000,1,1,1,5,1,1,1,3,3,1
SF,IH2006,2019-11-11 09:30:04.500,2985.0000,1073,0,7173180.000,1,0,1,多换,S,2976.4000,2976.2000,2971.6000,2963.8000,2952.6000,2985.0000,2988.0000,2988.2000,2989.0000,2989.2000,1,1,5,1,1,1,1,3,3,1
SF,IH2006,2019-11-11 09:30:05.000,2985.0000,1073,0,7173180.000,0,-,-,-,-,2976.4000,2976.2000,2971.6000,2963.8000,2952.6000,2984.8000,2985.0000,2988.0000,2989.0000,2989.2000,1,1,5,1,1,1,2,1,3,1
SF,IH2006,2019-11-11 09:30:05.500,2985.0000,1073,0,7173180.000,0,-,-,-,-,2982.0000,2976.4000,2976.2000,2971.6000,2963.8000,2984.6000,2984.8000,2985.0000,2988.0000,2989.0000,1,1,1,5,1,1,1,1,1,3
SF,IH2006,2019-11-11 09:30:06.000,2985.0000,1073,0,7173180.000,0,-,-,-,-,2976.4000,2976.2000,2971.6000,2963.8000,2952.6000,2984.4000,2984.8000,2985.0000,2988.0000,2989.0000,1,1,5,1,1,1,1,1,1,3
SF,IH2006,2019-11-11 09:30:06.500,2985.0000,1073,0,7173180.000,0,-,-,-,-,2976.4000,2976.2000,2971.6000,2963.8000,2952.6000,2984.4000,2984.8000,2988.0000,2989.0000,2989.2000,1,1,5,1,1,1,1,1,3,1
SF,IH2006,2019-11-11 09:30:07.000,2985.0000,1073,0,7173180.000,0,-,-,-,-,2982.0000,2979.8000,2976.4000,2976.2000,2971.6000,2984.4000,2984.8000,2988.0000,2989.0000,2989.2000,1,1,1,1,5,1,1,1,3,1
SF,IH2006,2019-11-11 09:30:07.500,2982.0000,1073,0,8067780.000,1,0,1,多换,S,2979.8000,2976.4000,2976.2000,2971.6000,2963.8000,2984.4000,2984.8000,2988.0000,2989.0000,2989.2000,1,1,1,5,1,1,1,1,3,1
SF,IH2006,2019-11-11 09:30:08.000,2982.0000,1073,0,8067780.000,0,-,-,-,-,2980.0000,2979.8000,2976.4000,2976.2000,2971.6000,2984.4000,2984.8000,2988.0000,2989.0000,2989.2000,2,1,1,1,5,1,1,1,3,1
SF,IH2006,2019-11-11 09:30:08.500,2982.0000,1073,0,8067780.000,0,-,-,-,-,2980.0000,2979.8000,2976.4000,2976.2000,2971.6000,2982.0000,2984.8000,2988.0000,2989.0000,2989.2000,2,1,1,1,5,1,1,1,3,1
SF,IH2006,2019-11-11 09:30:09.000,2982.0000,1073,0,8962380.000,1,0,1,多换,S,2982.0000,2980.2000,2980.0000,2979.8000,2976.4000,2988.0000,2989.0000,2989.2000,2990.4000,2990.6000,1,1,2,1,1,1,3,1,2,5
SF,IH2006,2019-11-11 09:30:09.500,2982.0000,1073,0,8962380.000,0,-,-,-,-,2980.2000,2980.0000,2979.8000,2976.4000,2976.2000,2987.8000,2988.0000,2989.0000,2989.2000,2990.4000,1,2,1,1,1,2,1,3,1,2
SF,IH2006,2019-11-11 09:30:10.000,2982.0000,1073,0,8962380.000,0,-,-,-,-,2984.4000,2980.4000,2980.2000,2980.0000,2979.8000,2987.8000,2988.0000,2989.0000,2989.2000,2990.4000,1,2,1,2,1,2,1,3,1,2
SF,IH2006,2019-11-11 09:30:10.500,2984.4000,1072,-1,9857700.000,1,0,1,双平,S,2980.4000,2980.2000,2980.0000,2979.8000,2976.4000,2987.6000,2987.8000,2988.0000,2989.0000,2989.2000,2,1,2,1,1,1,2,1,3,1
SF,IH2006,2019-11-11 09:30:11.000,2984.4000,1072,0,9857700.000,0,-,-,-,-,2980.4000,2980.2000,2980.0000,2979.8000,2976.4000,2987.4000,2987.6000,2987.8000,2988.0000,2989.0000,2,1,2,1,1,2,1,2,1,3
SF,IH2006,2019-11-11 09:30:11.500,2984.4000,1072,0,9857700.000,0,-,-,-,-,2980.4000,2980.2000,2980.0000,2979.8000,2976.4000,2987.2000,2987.4000,2987.6000,2987.8000,2988.0000,2,1,2,1,1,1,2,1,2,1
SF,IH2006,2019-11-11 09:30:12.000,2984.4000,1072,0,9857700.000,0,-,-,-,-,2980.4000,2980.2000,2980.0000,2979.8000,2976.4000,2987.0000,2987.2000,2987.4000,2987.6000,2987.8000,2,1,2,1,1,3,1,2,1,2
SF,IH2006,2019-11-11 09:30:15.000,2984.4000,1072,0,9857700.000,0,-,-,-,-,2980.4000,2980.2000,2980.0000,2979.8000,2976.4000,2986.8000,2987.0000,2987.2000,2987.4000,2987.6000,2,1,2,1,1,1,2,1,2,1
SF,IH2006,2019-11-11 09:30:15.500,2984.4000,1072,0,9857700.000,0,-,-,-,-,2980.4000,2980.2000,2980.0000,2979.8000,2976.4000,2986.6000,2986.8000,2987.0000,2987.2000,2987.4000,2,1,2,1,1,1,1,2,1,2
SF,IH2006,2019-11-11 09:30:16.000,2984.4000,1072,0,9857700.000,0,-,-,-,-,2980.4000,2980.2000,2980.0000,2979.8000,2976.4000,2986.6000,2987.0000,2987.4000,2987.6000,2987.8000,2,1,2,1,1,1,2,2,1,2
SF,IH2006,2019-11-11 09:30:21.500,2984.4000,1072,0,9857700.000,0,-,-,-,-,2982.0000,2980.6000,2980.4000,2980.2000,2980.0000,2986.6000,2987.0000,2987.4000,2987.6000,2987.8000,1,3,2,1,2,1,2,2,1,2
SF,IH2006,2019-11-11 09:30:22.000,2982.2000,1072,0,10752360.000,1,0,1,多换,S,2982.0000,2980.6000,2980.4000,2980.2000,2980.0000,2986.6000,2987.0000,2987.4000,2987.8000,2988.0000,1,3,2,1,2,1,2,2,2,1
SF,IH2006,2019-11-11 09:30:22.500,2982.2000,1072,0,10752360.000,0,-,-,-,-,2982.2000,2982.0000,2980.6000,2980.4000,2980.2000,2986.6000,2987.0000,2987.4000,2987.8000,2988.0000,1,1,3,2,1,1,2,2,2,1
SF,IH2006,2019-11-11 09:30:23.000,2982.2000,1072,0,10752360.000,0,-,-,-,-,2982.2000,2982.0000,2980.6000,2980.4000,2980.2000,2986.6000,2987.0000,2987.4000,2987.8000,2989.0000,1,1,3,2,1,1,2,2,2,3
SF,IH2006,2019-11-11 09:30:23.500,2982.2000,1072,0,10752360.000,0,-,-,-,-,2982.2000,2982.0000,2981.0000,2980.6000,2980.4000,2986.6000,2987.0000,2987.4000,2987.8000,2989.0000,1,1,1,3,2,1,2,2,2,3
SF,IH2006,2019-11-11 09:30:24.000,2982.2000,1072,0,10752360.000,0,-,-,-,-,2982.2000,2982.0000,2981.0000,2980.6000,2980.4000,2989.0000,2990.4000,2994.4000,2999.8000,3000.0000,3,1,1,3,2,2,1,5,2,1
SF,IH2006,2019-11-11 09:30:24.500,2982.2000,1072,0,10752360.000,0,-,-,-,-,2982.2000,2982.0000,2981.0000,2980.6000,2980.4000,2988.8000,2989.0000,2989.2000,2990.4000,2994.4000,3,1,1,3,2,2,3,1,1,5
SF,IH2006,2019-11-11 09:30:25.000,2982.2000,1072,0,10752360.000,0,-,-,-,-,2982.2000,2982.0000,2981.0000,2980.6000,2980.4000,2988.6000,2988.8000,2989.0000,2989.2000,2990.4000,3,1,1,3,2,1,2,3,1,1
SF,IH2006,2019-11-11 09:30:25.500,2982.2000,1072,0,10752360.000,0,-,-,-,-,2982.2000,2982.0000,2981.0000,2980.6000,2980.4000,2988.4000,2988.8000,2989.0000,2989.2000,2990.4000,3,1,1,3,2,2,2,3,1,1
SF,IH2006,2019-11-11 09:30:26.000,2982.2000,1072,0,10752360.000,0,-,-,-,-,2982.2000,2982.0000,2981.0000,2980.6000,2980.4000,2988.4000,2988.8000,2989.0000,2989.2000,2990.4000,5,1,1,3,2,2,2,3,1,1
SF,IH2006,2019-11-11 09:30:26.500,2982.2000,1072,0,10752360.000,0,-,-,-,-,2982.4000,2982.2000,2982.0000,2981.0000,2980.6000,2987.8000,2988.4000,2988.8000,2989.0000,2989.2000,1,5,1,1,3,1,2,2,3,1
SF,IH2006,2019-11-11 09:30:27.000,2982.2000,1072,0,10752360.000,0,-,-,-,-,2986.6000,2982.6000,2982.4000,2982.2000,2982.0000,2987.6000,2987.8000,2988.4000,2988.8000,2989.0000,1,1,1,5,1,2,1,2,2,3
SF,IH2006,2019-11-11 09:30:27.500,2982.6000,1072,0,12543120.000,2,1,1,多换,S,2982.4000,2982.2000,2982.0000,2981.0000,2980.0000,2987.6000,2987.8000,2988.4000,2988.8000,2989.0000,1,3,1,1,1,2,1,2,2,3
SF,IH2006,2019-11-11 09:30:28.000,2982.6000,1072,0,12543120.000,0,-,-,-,-,2982.2000,2982.0000,2981.0000,2980.0000,2979.8000,2987.6000,2988.4000,2988.8000,2989.0000,2989.2000,3,1,1,1,1,2,2,2,3,1
SF,IH2006,2019-11-11 09:30:29.500,2982.6000,1072,0,12543120.000,0,-,-,-,-,2983.2000,2983.0000,2982.8000,2982.2000,2982.0000,2987.6000,2988.4000,2988.8000,2989.0000,2989.2000,1,1,1,3,1,2,2,2,3,1
SF,IH2006,2019-11-11 09:30:30.000,2982.6000,1072,0,12543120.000,0,-,-,-,-,2983.2000,2983.0000,2982.8000,2982.6000,2982.2000,2987.6000,2988.4000,2988.8000,2989.0000,2989.2000,1,1,1,1,3,2,2,2,3,1
SF,IH2006,2019-11-11 09:30:30.500,2982.6000,1072,0,12543120.000,0,-,-,-,-,2983.2000,2983.0000,2982.8000,2982.6000,2982.4000,2987.6000,2988.4000,2988.8000,2989.0000,2989.2000,1,1,1,1,1,2,2,2,3,1
SF,IH2006,2019-11-11 09:30:31.000,2982.6000,1072,0,12543120.000,0,-,-,-,-,2983.2000,2983.0000,2982.8000,2982.4000,2982.2000,2987.6000,2988.4000,2988.8000,2989.0000,2989.2000,1,1,1,1,3,2,2,2,3,1
SF,IH2006,2019-11-11 09:30:32.000,2982.6000,1072,0,12543120.000,0,-,-,-,-,2985.0000,2983.2000,2983.0000,2982.8000,2982.4000,2987.6000,2988.4000,2988.8000,2989.0000,2989.2000,1,1,1,1,1,2,2,2,3,1
SF,IH2006,2019-11-11 09:30:32.500,2982.6000,1072,0,12543120.000,0,-,-,-,-,2985.0000,2983.2000,2983.0000,2982.8000,2982.4000,2987.6000,2988.4000,2988.8000,2989.0000,2989.2000,1,1,1,1,1,2,2,2,3,1
SF,IH2006,2019-11-11 09:30:33.000,2985.0000,1072,0,13438620.000,1,0,1,多换,S,2983.2000,2983.0000,2982.4000,2982.2000,2982.0000,2987.6000,2988.4000,2988.8000,2989.0000,2989.2000,1,1,1,2,1,2,2,2,3,1
SF,IH2006,2019-11-11 09:30:34.500,2985.0000,1072,0,13438620.000,0,-,-,-,-,2983.0000,2982.4000,2982.2000,2982.0000,2981.0000,2987.6000,2988.4000,2988.8000,2989.0000,2989.2000,1,1,2,1,1,2,2,2,3,1
SF,IH2006,2019-11-11 09:30:35.500,2985.0000,1072,0,13438620.000,0,-,-,-,-,2983.0000,2982.4000,2982.2000,2982.0000,2981.0000,2988.4000,2988.8000,2989.0000,2989.2000,2990.4000,1,1,2,1,1,2,2,2,1,1
SF,IH2006,2019-11-11 09:30:36.000,2985.0000,1072,0,13438620.000,0,-,-,-,-,2983.0000,2982.4000,2982.2000,2982.0000,2981.0000,2988.2000,2988.4000,2988.8000,2989.0000,2989.2000,1,1,2,1,1,2,2,2,2,1
SF,IH2006,2019-11-11 09:30:36.500,2985.0000,1072,0,13438620.000,0,-,-,-,-,2987.6000,2983.0000,2982.4000,2982.2000,2982.0000,2988.2000,2988.4000,2988.8000,2989.0000,2989.2000,1,1,1,2,1,2,2,2,2,1
SF,IH2006,2019-11-11 09:30:37.000,2987.6000,1073,1,14334900.000,1,1,0,双开,S,2983.0000,2982.4000,2982.2000,2982.0000,2981.0000,2987.6000,2988.4000,2988.8000,2989.0000,2989.2000,1,1,2,1,1,1,2,2,2,1
SF,IH2006,2019-11-11 09:30:37.500,2987.6000,1073,0,14334900.000,0,-,-,-,-,2983.2000,2983.0000,2982.4000,2982.2000,2982.0000,2987.4000,2987.6000,2988.4000,2988.8000,2989.0000,1,1,1,2,1,1,1,2,2,2
SF,IH2006,2019-11-11 09:30:39.000,2987.6000,1073,0,14334900.000,0,-,-,-,-,2983.4000,2983.2000,2983.0000,2982.4000,2982.2000,2987.4000,2987.6000,2988.4000,2988.8000,2989.0000,1,1,1,1,2,1,1,2,2,2
SF,IH2006,2019-11-11 09:30:39.500,2987.6000,1073,0,14334900.000,0,-,-,-,-,2983.4000,2983.2000,2983.0000,2982.4000,2982.2000,2987.4000,2987.6000,2988.4000,2988.8000,2989.0000,1,1,1,1,2,1,1,2,2,2
SF,IH2006,2019-11-11 09:30:40.000,2987.6000,1073,0,14334900.000,0,-,-,-,-,2983.6000,2983.4000,2983.2000,2983.0000,2982.4000,2987.4000,2987.6000,2988.4000,2988.8000,2989.0000,1,1,1,1,1,1,1,2,2,2
SF,IH2006,2019-11-11 09:30:40.500,2987.6000,1073,0,14334900.000,0,-,-,-,-,2983.4000,2983.0000,2982.4000,2982.2000,2982.0000,2987.4000,2987.6000,2988.4000,2988.8000,2989.0000,1,1,1,2,1,1,1,2,2,2
SF,IH2006,2019-11-11 09:30:41.500,2987.6000,1073,0,14334900.000,0,-,-,-,-,2983.6000,2983.4000,2983.0000,2982.4000,2982.2000,2987.4000,2987.6000,2988.4000,2988.8000,2989.0000,1,1,1,1,2,1,1,2,2,2
SF,IH2006,2019-11-11 09:30:42.000,2987.6000,1073,0,14334900.000,0,-,-,-,-,2983.4000,2983.0000,2982.4000,2982.2000,2982.0000,2987.4000,2987.6000,2988.4000,2988.8000,2989.0000,1,1,1,2,1,1,1,2,2,2
SF,IH2006,2019-11-11 09:30:43.500,2987.6000,1073,0,14334900.000,0,-,-,-,-,2983.4000,2983.0000,2982.2000,2982.0000,2980.0000,2987.4000,2987.6000,2988.4000,2988.8000,2989.0000,1,1,2,1,1,1,1,2,2,2
SF,IH2006,2019-11-11 09:30:46.500,2987.6000,1073,0,14334900.000,0,-,-,-,-,2983.6000,2983.4000,2983.0000,2982.2000,2982.0000,2987.4000,2987.6000,2988.4000,2988.8000,2989.0000,6,1,1,2,1,1,1,2,2,2
SF,IH2006,2019-11-11 09:30:47.500,2987.6000,1073,0,14334900.000,0,-,-,-,-,2984.0000,2983.6000,2983.4000,2983.0000,2982.2000,2987.4000,2987.6000,2988.4000,2988.8000,2989.0000,1,6,1,1,2,1,1,2,2,2
SF,IH2006,2019-11-11 09:30:48.500,2987.6000,1073,0,14334900.000,0,-,-,-,-,2984.0000,2983.6000,2983.0000,2982.2000,2982.0000,2987.4000,2987.6000,2988.4000,2988.8000,2989.0000,1,6,1,2,1,1,1,2,2,2
SF,IH2006,2019-11-11 09:30:51.500,2987.6000,1073,0,14334900.000,0,-,-,-,-,2986.0000,2984.0000,2983.6000,2983.0000,2982.2000,2987.4000,2987.6000,2988.4000,2988.8000,2989.0000,2,1,6,1,2,1,1,2,2,2
SF,IH2006,2019-11-11 09:30:52.500,2986.0000,1073,0,15230700.000,1,0,1,多换,S,2986.0000,2984.0000,2983.6000,2983.0000,2982.2000,2987.4000,2987.6000,2988.4000,2988.8000,2989.0000,1,1,6,1,2,1,1,2,2,2
SF,IH2006,2019-11-11 09:30:55.500,2986.0000,1074,1,16126500.000,1,1,0,双开,S,2984.0000,2983.6000,2983.0000,2982.2000,2982.0000,2987.6000,2988.4000,2988.8000,2989.0000,2989.2000,1,6,1,2,1,1,2,2,2,1
SF,IH2006,2019-11-11 09:30:56.000,2986.0000,1074,0,16126500.000,0,-,-,-,-,2984.0000,2983.6000,2983.0000,2982.2000,2982.0000,2987.4000,2987.6000,2988.4000,2988.8000,2989.0000,1,6,1,2,1,1,1,2,2,2
SF,IH2006,2019-11-11 09:30:58.000,2986.0000,1074,0,16126500.000,0,-,-,-,-,2984.0000,2983.6000,2983.0000,2982.2000,2982.0000,2987.4000,2987.6000,2988.4000,2988.8000,2989.0000,1,6,1,2,1,1,1,2,2,2
SF,IH2006,2019-11-11 09:31:00.000,2986.0000,1074,0,16126500.000,0,-,-,-,-,2983.6000,2983.0000,2982.2000,2982.0000,2980.0000,2987.4000,2987.6000,2988.4000,2988.8000,2989.0000,6,1,2,1,3,1,1,2,2,2
SF,IH2006,2019-11-11 09:31:01.000,2986.0000,1074,0,16126500.000,0,-,-,-,-,2983.6000,2982.2000,2980.0000,2979.8000,2975.4000,2987.4000,2987.6000,2988.4000,2988.8000,2989.0000,6,2,3,1,5,1,1,2,2,2
SF,IH2006,2019-11-11 09:31:02.000,2986.0000,1074,0,16126500.000,0,-,-,-,-,2983.6000,2982.2000,2980.0000,2979.8000,2975.4000,2987.2000,2987.4000,2987.6000,2988.4000,2988.8000,6,2,3,1,5,1,1,1,2,2
SF,IH2006,2019-11-11 09:31:02.500,2986.0000,1074,0,16126500.000,0,-,-,-,-,2983.6000,2982.2000,2980.0000,2979.8000,2975.4000,2987.0000,2987.2000,2987.4000,2987.6000,2988.4000,6,2,3,1,5,1,1,1,1,2
SF,IH2006,2019-11-11 09:31:03.000,2986.0000,1074,0,16126500.000,0,-,-,-,-,2983.6000,2982.2000,2980.0000,2979.8000,2975.4000,2986.8000,2987.0000,2987.2000,2987.4000,2987.6000,6,2,3,1,5,1,1,1,1,1
SF,IH2006,2019-11-11 09:31:03.500,2986.0000,1074,0,16126500.000,0,-,-,-,-,2983.6000,2982.2000,2980.0000,2979.8000,2975.4000,2986.6000,2986.8000,2987.0000,2987.2000,2987.4000,6,2,3,1,5,1,1,1,1,1
SF,IH2006,2019-11-11 09:31:04.000,2986.0000,1074,0,16126500.000,0,-,-,-,-,2983.6000,2982.2000,2980.0000,2979.8000,2975.4000,2986.4000,2986.6000,2986.8000,2987.0000,2987.2000,6,2,3,1,5,1,1,1,1,1
SF,IH2006,2019-11-11 09:31:04.500,2986.0000,1074,0,16126500.000,0,-,-,-,-,2983.6000,2982.2000,2980.0000,2979.8000,2975.4000,2986.2000,2986.4000,2986.6000,2986.8000,2987.0000,6,2,3,1,5,2,1,1,1,1
SF,IH2006,2019-11-11 09:31:05.000,2986.0000,1074,0,16126500.000,0,-,-,-,-,2983.6000,2982.2000,2980.0000,2975.4000,2974.0000,2986.0000,2986.2000,2986.4000,2986.6000,2986.8000,6,2,3,5,1,1,2,1,1,1
SF,IH2006,2019-11-11 09:31:05.500,2986.0000,1074,0,16126500.000,0,-,-,-,-,2983.6000,2982.2000,2980.0000,2975.4000,2974.0000,2985.8000,2986.0000,2986.2000,2986.4000,2986.6000,6,2,3,5,1,2,1,2,1,1
SF,IH2006,2019-11-11 09:31:06.000,2983.6000,1075,1,17021580.000,1,1,0,双开,S,2983.6000,2982.2000,2980.0000,2975.4000,2974.0000,2985.6000,2986.0000,2986.2000,2986.4000,2986.6000,5,2,3,5,1,1,1,2,1,1
SF,IH2006,2019-11-11 09:31:06.500,2983.6000,1075,0,17021580.000,0,-,-,-,-,2983.6000,2982.2000,2980.0000,2975.4000,2974.0000,2985.4000,2985.6000,2986.0000,2986.2000,2986.4000,5,2,3,5,1,1,1,1,2,1
SF,IH2006,2019-11-11 09:31:07.000,2983.6000,1075,0,21496980.000,5,2,3,多换,S,2982.2000,2980.0000,2975.4000,2974.0000,2963.8000,2983.6000,2985.2000,2985.4000,2985.6000,2986.0000,2,3,5,1,1,1,1,1,1,1
SF,IH2006,2019-11-11 09:31:07.500,2983.6000,1075,0,21496980.000,0,-,-,-,-,2982.2000,2980.0000,2975.4000,2974.0000,2963.8000,2985.4000,2985.6000,2986.0000,2986.2000,2986.4000,2,3,5,1,1,1,1,1,2,1
SF,IH2006,2019-11-11 09:31:08.000,2983.6000,1075,0,21496980.000,0,-,-,-,-,2982.2000,2980.0000,2974.0000,2963.8000,2952.6000,2985.2000,2985.4000,2985.6000,2986.0000,2986.2000,2,3,1,1,1,2,1,1,1,2
SF,IH2006,2019-11-11 09:31:09.500,2983.6000,1075,0,21496980.000,0,-,-,-,-,2982.2000,2980.0000,2974.0000,2963.8000,2960.0000,2985.0000,2985.2000,2985.4000,2985.6000,2986.0000,2,3,1,1,1,1,2,1,1,1
SF,IH2006,2019-11-11 09:31:10.000,2983.6000,1075,0,21496980.000,0,-,-,-,-,2982.2000,2980.0000,2974.0000,2963.8000,2960.0000,2984.8000,2985.0000,2985.2000,2985.4000,2985.6000,2,3,1,1,1,2,1,1,1,1
SF,IH2006,2019-11-11 09:31:10.500,2982.2000,1076,1,22391640.000,1,1,0,双开,S,2982.2000,2980.0000,2974.0000,2963.8000,2960.0000,2984.6000,2984.8000,2985.0000,2985.6000,2986.0000,1,3,1,1,1,1,1,1,1,1
SF,IH2006,2019-11-11 09:31:11.000,2982.2000,1076,0,22391640.000,0,-,-,-,-,2982.2000,2980.0000,2974.0000,2963.8000,2960.0000,2984.4000,2984.6000,2985.0000,2985.6000,2986.0000,1,3,1,1,1,1,2,1,1,1
SF,IH2006,2019-11-11 09:31:12.000,2982.2000,1077,1,23286300.000,1,1,0,双开,S,2980.0000,2974.0000,2971.6000,2963.8000,2960.0000,2982.2000,2984.2000,2984.4000,2984.6000,2985.0000,3,1,6,1,1,2,1,1,2,1
SF,IH2006,2019-11-11 09:31:12.500,2982.2000,1077,0,23286300.000,0,-,-,-,-,2980.0000,2974.0000,2971.6000,2963.8000,2960.0000,2982.0000,2982.2000,2984.6000,2985.0000,2985.6000,3,1,6,1,1,1,1,2,1,1
SF,IH2006,2019-11-11 09:31:13.000,2982.2000,1077,0,23286300.000,0,-,-,-,-,2980.0000,2974.0000,2971.6000,2963.8000,2960.0000,2982.0000,2984.6000,2985.0000,2985.6000,2986.0000,3,1,6,1,1,1,2,1,1,1
SF,IH2006,2019-11-11 09:31:14.000,2982.2000,1077,0,23286300.000,0,-,-,-,-,2980.0000,2974.0000,2971.6000,2963.8000,2960.0000,2984.6000,2985.0000,2985.6000,2986.0000,2986.4000,3,1,6,1,1,2,1,1,1,1
SF,IH2006,2019-11-11 09:31:14.500,2982.2000,1077,0,23286300.000,0,-,-,-,-,2980.0000,2974.0000,2971.6000,2963.8000,2960.0000,2984.4000,2984.6000,2985.0000,2985.6000,2986.0000,3,1,6,1,1,2,1,1,1,1
SF,IH2006,2019-11-11 09:31:15.000,2982.2000,1077,0,23286300.000,0,-,-,-,-,2980.2000,2980.0000,2974.0000,2971.6000,2963.8000,2984.2000,2984.4000,2984.6000,2985.0000,2985.6000,1,3,1,6,1,1,2,1,1,1
SF,IH2006,2019-11-11 09:31:15.500,2982.2000,1077,0,23286300.000,0,-,-,-,-,2980.2000,2980.0000,2974.0000,2971.6000,2963.8000,2984.0000,2984.2000,2984.6000,2985.0000,2985.6000,1,3,1,6,1,2,1,1,1,1
SF,IH2006,2019-11-11 09:31:16.000,2982.2000,1077,0,23286300.000,0,-,-,-,-,2980.2000,2980.0000,2974.0000,2971.6000,2963.8000,2983.8000,2984.0000,2984.2000,2984.6000,2985.0000,1,3,1,6,1,1,2,1,1,1
SF,IH2006,2019-11-11 09:31:16.500,2982.2000,1077,0,23286300.000,0,-,-,-,-,2980.2000,2980.0000,2974.0000,2971.6000,2963.8000,2983.6000,2983.8000,2984.2000,2984.6000,2985.0000,1,3,1,6,1,3,1,1,1,1
SF,IH2006,2019-11-11 09:31:17.500,2982.2000,1077,0,23286300.000,0,-,-,-,-,2980.2000,2980.0000,2974.0000,2971.6000,2963.8000,2983.6000,2983.8000,2984.2000,2984.6000,2985.0000,1,3,1,6,1,3,1,1,1,1
SF,IH2006,2019-11-11 09:31:20.000,2982.2000,1077,0,23286300.000,0,-,-,-,-,2980.2000,2980.0000,2974.0000,2971.6000,2963.8000,2983.0000,2983.2000,2983.6000,2983.8000,2984.2000,1,3,1,6,1,1,1,3,1,1
SF,IH2006,2019-11-11 09:31:20.500,2982.2000,1077,0,23286300.000,0,-,-,-,-,2980.2000,2980.0000,2974.0000,2971.6000,2963.8000,2982.8000,2983.0000,2983.2000,2983.8000,2984.2000,1,3,1,6,1,2,1,1,1,1
SF,IH2006,2019-11-11 09:31:21.500,2982.2000,1077,0,23286300.000,0,-,-,-,-,2980.2000,2980.0000,2974.0000,2971.6000,2963.8000,2982.8000,2983.8000,2984.0000,2984.2000,2984.6000,1,3,1,6,1,2,1,1,1,1
SF,IH2006,2019-11-11 09:31:22.500,2982.2000,1077,0,23286300.000,0,-,-,-,-,2980.2000,2980.0000,2974.0000,2971.6000,2963.8000,2982.8000,2983.8000,2984.0000,2984.2000,2984.6000,2,3,1,6,1,2,1,1,1,1
SF,IH2006,2019-11-11 09:31:23.000,2982.2000,1077,0,23286300.000,0,-,-,-,-,2980.2000,2980.0000,2974.0000,2971.6000,2963.8000,2983.8000,2984.0000,2984.2000,2984.6000,2985.0000,2,3,1,6,1,1,1,1,1,1
SF,IH2006,2019-11-11 09:31:23.500,2982.2000,1077,0,23286300.000,0,-,-,-,-,2980.2000,2980.0000,2974.0000,2971.6000,2963.8000,2983.6000,2983.8000,2984.0000,2984.2000,2984.6000,2,3,1,6,1,2,1,1,1,1
SF,IH2006,2019-11-11 09:31:24.000,2982.2000,1077,0,23286300.000,0,-,-,-,-,2980.2000,2980.0000,2974.0000,2971.6000,2963.8000,2983.4000,2983.6000,2983.8000,2984.0000,2984.2000,2,3,1,6,1,1,2,1,1,1
SF,IH2006,2019-11-11 09:31:24.500,2982.2000,1077,0,23286300.000,0,-,-,-,-,2980.2000,2980.0000,2974.0000,2971.6000,2963.8000,2983.2000,2983.8000,2984.0000,2984.2000,2984.6000,2,3,1,6,1,1,1,1,1,1
SF,IH2006,2019-11-11 09:31:25.000,2982.2000,1077,0,23286300.000,0,-,-,-,-,2980.2000,2980.0000,2974.0000,2971.6000,2963.8000,2983.2000,2984.0000,2984.6000,2985.0000,2986.8000,2,3,1,6,1,1,1,1,1,5
SF,IH2006,2019-11-11 09:31:27.000,2982.2000,1077,0,23286300.000,0,-,-,-,-,2980.2000,2980.0000,2974.0000,2971.6000,2963.8000,2983.2000,2984.0000,2985.0000,2986.8000,2989.2000,2,3,1,6,1,1,1,1,5,1
SF,IH2006,2019-11-11 09:31:27.500,2982.2000,1077,0,23286300.000,0,-,-,-,-,2980.2000,2980.0000,2974.0000,2971.6000,2963.8000,2984.0000,2985.0000,2986.8000,2989.2000,2995.8000,2,3,1,6,1,1,1,5,1,1
SF,IH2006,2019-11-11 09:31:29.000,2982.2000,1077,0,23286300.000,0,-,-,-,-,2980.2000,2980.0000,2974.0000,2971.6000,2963.8000,2985.0000,2986.8000,2989.2000,2995.8000,2999.8000,2,3,1,6,1,1,5,1,1,1
SF,IH2006,2019-11-11 09:31:29.500,2982.2000,1077,0,23286300.000,0,-,-,-,-,2980.2000,2980.0000,2974.0000,2971.6000,2963.8000,2984.8000,2985.0000,2986.8000,2989.2000,2995.8000,2,3,1,6,1,2,1,5,1,1
SF,IH2006,2019-11-11 09:31:30.000,2982.2000,1077,0,23286300.000,0,-,-,-,-,2980.2000,2980.0000,2974.0000,2971.6000,2963.8000,2984.6000,2984.8000,2985.0000,2986.8000,2989.2000,2,3,1,6,1,1,2,1,5,1
SF,IH2006,2019-11-11 09:31:30.500,2982.2000,1077,0,23286300.000,0,-,-,-,-,2980.4000,2980.2000,2980.0000,2974.0000,2971.6000,2984.4000,2986.8000,2989.2000,2995.8000,2999.8000,1,2,3,1,6,1,5,1,1,1
SF,IH2006,2019-11-11 09:31:31.000,2982.2000,1077,0,23286300.000,0,-,-,-,-,2981.2000,2980.2000,2980.0000,2974.0000,2971.6000,2984.4000,2986.8000,2989.2000,2995.8000,2999.8000,3,1,3,1,6,1,5,1,1,1
SF,IH2006,2019-11-11 09:31:31.500,2982.2000,1077,0,23286300.000,0,-,-,-,-,2981.4000,2980.2000,2980.0000,2974.0000,2971.6000,2984.2000,2984.4000,2986.8000,2989.2000,2995.8000,1,1,3,1,6,1,1,5,1,1
SF,IH2006,2019-11-11 09:31:32.000,2982.2000,1077,0,23286300.000,0,-,-,-,-,2981.4000,2980.2000,2980.0000,2974.0000,2971.6000,2984.0000,2986.8000,2989.2000,2995.8000,2999.8000,1,1,3,1,6,1,5,1,1,1
SF,IH2006,2019-11-11 09:31:33.000,2982.2000,1077,0,23286300.000,0,-,-,-,-,2981.4000,2980.2000,2980.0000,2974.0000,2971.6000,2983.8000,2984.0000,2986.8000,2989.2000,2995.8000,1,1,3,1,6,1,1,5,1,1
SF,IH2006,2019-11-11 09:31:33.500,2982.2000,1077,0,23286300.000,0,-,-,-,-,2981.4000,2980.2000,2980.0000,2974.0000,2971.6000,2983.8000,2986.8000,2989.2000,2995.8000,2999.8000,1,1,3,1,6,1,5,1,1,1
SF,IH2006,2019-11-11 09:31:34.500,2983.8000,1076,-1,24181440.000,1,0,1,双平,S,2981.4000,2980.2000,2980.0000,2974.0000,2971.6000,2989.2000,2990.6000,2995.8000,2999.8000,3000.0000,1,1,3,1,6,1,5,1,1,1
SF,IH2006,2019-11-11 09:31:35.000,2983.8000,1076,0,24181440.000,0,-,-,-,-,2981.4000,2980.2000,2980.0000,2974.0000,2971.6000,2986.8000,2989.0000,2989.2000,2990.6000,2995.8000,1,1,3,1,6,3,2,1,5,1
SF,IH2006,2019-11-11 09:31:35.500,2983.8000,1076,0,24181440.000,0,-,-,-,-,2981.6000,2981.4000,2980.2000,2980.0000,2974.0000,2986.6000,2986.8000,2989.0000,2989.2000,2990.6000,1,1,1,3,1,1,3,2,1,5
SF,IH2006,2019-11-11 09:31:36.000,2983.8000,1076,0,24181440.000,0,-,-,-,-,2982.6000,2981.6000,2980.2000,2980.0000,2974.0000,2986.6000,2989.0000,2989.2000,2990.6000,2995.8000,3,1,1,3,1,1,2,1,5,1
SF,IH2006,2019-11-11 09:31:36.500,2983.8000,1076,0,24181440.000,0,-,-,-,-,2982.6000,2981.6000,2980.2000,2980.0000,2974.0000,2986.4000,2986.6000,2989.0000,2989.2000,2990.6000,3,1,1,3,1,2,1,2,1,5
SF,IH2006,2019-11-11 09:31:37.000,2983.8000,1076,0,24181440.000,0,-,-,-,-,2982.6000,2981.6000,2980.2000,2980.0000,2974.0000,2986.2000,2986.4000,2986.6000,2989.0000,2989.2000,3,1,1,3,1,1,2,1,2,1
SF,IH2006,2019-11-11 09:31:37.500,2983.8000,1076,0,24181440.000,0,-,-,-,-,2982.6000,2981.6000,2980.2000,2980.0000,2974.0000,2986.2000,2986.6000,2989.0000,2989.2000,2990.6000,3,1,1,3,1,1,1,2,1,5
SF,IH2006,2019-11-11 09:31:41.500,2983.8000,1076,0,24181440.000,0,-,-,-,-,2982.6000,2981.6000,2980.2000,2980.0000,2974.0000,2985.6000,2986.2000,2986.6000,2989.0000,2989.2000,3,1,1,3,1,1,1,1,2,1
SF,IH2006,2019-11-11 09:31:42.000,2983.8000,1076,0,24181440.000,0,-,-,-,-,2982.8000,2981.6000,2980.2000,2980.0000,2974.0000,2985.4000,2985.6000,2986.2000,2986.6000,2989.0000,1,1,1,3,1,1,1,1,1,2
SF,IH2006,2019-11-11 09:31:42.500,2983.8000,1076,0,24181440.000,0,-,-,-,-,2982.8000,2981.6000,2980.2000,2980.0000,2974.0000,2985.2000,2985.4000,2985.6000,2986.2000,2986.6000,1,1,1,3,1,1,1,1,1,1
SF,IH2006,2019-11-11 09:31:43.000,2983.8000,1076,0,24181440.000,0,-,-,-,-,2982.8000,2981.6000,2980.2000,2980.0000,2974.0000,2985.0000,2985.2000,2985.4000,2985.6000,2986.2000,1,1,1,3,1,1,1,1,1,1
SF,IH2006,2019-11-11 09:31:43.500,2983.8000,1076,0,24181440.000,0,-,-,-,-,2982.8000,2981.6000,2980.2000,2980.0000,2974.0000,2984.8000,2985.0000,2985.4000,2986.2000,2986.6000,1,1,1,3,1,1,1,1,1,1
SF,IH2006,2019-11-11 09:31:44.000,2983.8000,1076,0,24181440.000,0,-,-,-,-,2982.8000,2980.2000,2980.0000,2974.0000,2971.6000,2984.6000,2984.8000,2985.0000,2985.4000,2986.2000,1,1,3,1,6,1,1,1,1,1
SF,IH2006,2019-11-11 09:31:44.500,2983.8000,1076,0,24181440.000,0,-,-,-,-,2980.2000,2980.0000,2974.0000,2971.6000,2963.8000,2984.4000,2984.6000,2985.0000,2985.4000,2986.2000,1,3,1,6,1,1,1,1,1,1
SF,IH2006,2019-11-11 09:31:45.000,2983.8000,1076,0,24181440.000,0,-,-,-,-,2981.4000,2980.4000,2980.2000,2980.0000,2974.0000,2984.2000,2984.4000,2984.6000,2985.0000,2985.4000,3,1,1,3,1,1,1,1,1,1
SF,IH2006,2019-11-11 09:31:45.500,2983.8000,1076,0,24181440.000,0,-,-,-,-,2981.4000,2980.4000,2980.2000,2980.0000,2974.0000,2984.2000,2984.6000,2985.0000,2985.4000,2986.2000,3,1,1,3,1,1,1,1,1,1
SF,IH2006,2019-11-11 09:31:46.000,2983.8000,1076,0,24181440.000,0,-,-,-,-,2981.6000,2980.2000,2980.0000,2974.0000,2971.6000,2984.2000,2984.6000,2985.0000,2985.4000,2986.2000,2,1,3,1,6,1,1,1,1,1
SF,IH2006,2019-11-11 09:31:52.000,2981.6000,1075,-1,25075920.000,1,0,1,双平,S,2981.6000,2980.2000,2980.0000,2974.0000,2971.6000,2984.2000,2984.6000,2985.0000,2985.4000,2986.2000,1,1,3,1,6,1,1,1,1,1
SF,IH2006,2019-11-11 09:31:52.500,2981.6000,1075,0,25075920.000,0,-,-,-,-,2981.6000,2980.2000,2980.0000,2974.0000,2971.6000,2984.0000,2984.2000,2984.6000,2985.0000,2985.4000,1,1,3,1,6,1,1,1,1,1
SF,IH2006,2019-11-11 09:31:53.000,2981.6000,1075,0,25075920.000,0,-,-,-,-,2981.8000,2980.2000,2980.0000,2974.0000,2971.6000,2984.0000,2984.2000,2984.6000,2985.0000,2985.4000,1,1,3,1,6,1,1,1,1,1
SF,IH2006,2019-11-11 09:31:54.000,2981.6000,1075,0,25075920.000,0,-,-,-,-,2981.8000,2980.2000,2980.0000,2974.0000,2971.6000,2983.8000,2984.0000,2984.2000,2984.6000,2985.0000,1,1,3,1,6,1,1,1,1,1
SF,IH2006,2019-11-11 09:31:54.500,2981.6000,1075,0,25075920.000,0,-,-,-,-,2980.2000,2980.0000,2974.0000,2971.6000,2963.8000,2983.6000,2983.8000,2984.2000,2984.6000,2985.0000,1,3,1,6,1,1,1,1,1,1
SF,IH2006,2019-11-11 09:31:55.000,2981.6000,1075,0,25075920.000,0,-,-,-,-,2980.4000,2980.2000,2980.0000,2974.0000,2971.6000,2983.6000,2983.8000,2984.2000,2984.6000,2985.0000,3,1,3,1,6,1,1,1,1,1
SF,IH2006,2019-11-11 09:31:55.500,2981.6000,1075,0,25075920.000,0,-,-,-,-,2980.6000,2980.4000,2980.2000,2980.0000,2974.0000,2983.6000,2983.8000,2984.2000,2984.6000,2985.0000,1,3,1,3,1,1,1,1,1,1
SF,IH2006,2019-11-11 09:31:56.000,2981.6000,1075,0,25075920.000,0,-,-,-,-,2980.8000,2980.6000,2980.2000,2980.0000,2974.0000,2983.6000,2983.8000,2984.2000,2984.6000,2985.0000,3,1,1,3,1,1,1,1,1,1
SF,IH2006,2019-11-11 09:31:56.500,2981.6000,1075,0,25075920.000,0,-,-,-,-,2981.0000,2980.8000,2980.6000,2980.2000,2980.0000,2984.2000,2984.6000,2985.0000,2985.4000,2989.0000,1,3,1,1,3,1,1,1,1,1
SF,IH2006,2019-11-11 09:31:57.000,2981.6000,1075,0,25075920.000,0,-,-,-,-,2981.4000,2981.0000,2980.6000,2980.2000,2980.0000,2984.2000,2984.6000,2985.0000,2985.4000,2989.0000,3,1,1,2,3,1,1,1,1,1
SF,IH2006,2019-11-11 09:31:57.500,2981.6000,1075,0,25075920.000,0,-,-,-,-,2981.6000,2981.4000,2981.0000,2980.6000,2980.2000,2984.2000,2984.6000,2985.0000,2985.4000,2989.0000,1,3,1,1,2,1,1,1,1,1
SF,IH2006,2019-11-11 09:31:58.000,2981.6000,1075,0,25075920.000,0,-,-,-,-,2981.8000,2981.6000,2981.0000,2980.6000,2980.2000,2984.6000,2985.0000,2985.4000,2989.0000,2989.2000,2,1,1,1,2,1,1,1,1,1
SF,IH2006,2019-11-11 09:31:58.500,2981.6000,1075,0,25075920.000,0,-,-,-,-,2982.0000,2981.0000,2980.6000,2980.2000,2980.0000,2984.6000,2985.0000,2985.4000,2989.0000,2989.2000,1,1,1,2,3,1,1,1,1,1
SF,IH2006,2019-11-11 09:31:59.000,2981.6000,1075,0,25075920.000,0,-,-,-,-,2982.0000,2981.0000,2980.6000,2980.2000,2980.0000,2984.4000,2984.6000,2985.0000,2985.4000,2989.0000,1,1,1,2,3,2,1,1,1,1
SF,IH2006,2019-11-11 09:31:59.500,2981.6000,1075,0,25075920.000,0,-,-,-,-,2980.6000,2980.2000,2980.0000,2974.0000,2971.6000,2984.2000,2984.4000,2984.6000,2985.0000,2985.4000,1,2,3,1,6,1,2,1,1,1
SF,IH2006,2019-11-11 09:32:00.000,2981.6000,1075,0,25075920.000,0,-,-,-,-,2980.8000,2980.6000,2980.2000,2980.0000,2974.0000,2984.2000,2984.6000,2985.0000,2985.4000,2989.0000,1,1,2,3,1,1,1,1,1,1
SF,IH2006,2019-11-11 09:32:00.500,2981.6000,1075,0,25075920.000,0,-,-,-,-,2980.8000,2980.6000,2980.2000,2980.0000,2974.0000,2984.0000,2984.2000,2984.6000,2985.0000,2985.4000,1,1,2,3,1,3,1,1,1,1
SF,IH2006,2019-11-11 09:32:01.000,2981.6000,1075,0,25075920.000,0,-,-,-,-,2980.8000,2980.2000,2980.0000,2974.0000,2971.6000,2983.8000,2984.0000,2984.2000,2984.6000,2985.0000,1,2,3,1,6,1,3,1,1,1
SF,IH2006,2019-11-11 09:32:01.500,2981.6000,1075,0,25075920.000,0,-,-,-,-,2980.8000,2980.2000,2980.0000,2974.0000,2971.6000,2983.6000,2983.8000,2984.2000,2984.6000,2985.0000,1,2,3,1,6,2,1,1,1,1
SF,IH2006,2019-11-11 09:32:02.000,2981.6000,1075,0,25075920.000,0,-,-,-,-,2980.8000,2980.2000,2980.0000,2974.0000,2971.6000,2983.4000,2983.6000,2983.8000,2984.2000,2984.6000,1,2,3,1,6,1,2,1,1,1
SF,IH2006,2019-11-11 09:32:02.500,2981.6000,1075,0,25075920.000,0,-,-,-,-,2980.8000,2980.2000,2980.0000,2974.0000,2971.6000,2983.2000,2983.4000,2983.8000,2984.2000,2984.6000,1,2,3,1,6,2,1,1,1,1
SF,IH2006,2019-11-11 09:32:03.000,2981.6000,1075,0,25075920.000,0,-,-,-,-,2980.2000,2980.0000,2974.0000,2971.6000,2963.8000,2983.0000,2983.2000,2983.4000,2983.8000,2984.2000,2,3,1,6,1,1,2,1,1,1
SF,IH2006,2019-11-11 09:32:03.500,2981.6000,1075,0,25075920.000,0,-,-,-,-,2980.4000,2980.2000,2980.0000,2974.0000,2971.6000,2983.0000,2983.4000,2983.8000,2984.2000,2984.6000,1,2,3,1,6,1,1,1,1,1
SF,IH2006,2019-11-11 09:32:04.000,2981.6000,1075,0,25075920.000,0,-,-,-,-,2980.4000,2980.2000,2980.0000,2974.0000,2971.6000,2982.8000,2983.0000,2983.4000,2983.8000,2984.2000,1,2,3,1,6,2,1,1,1,1
SF,IH2006,2019-11-11 09:32:06.000,2981.6000,1075,0,25075920.000,0,-,-,-,-,2980.4000,2980.2000,2980.0000,2974.0000,2971.6000,2982.6000,2982.8000,2983.0000,2983.4000,2983.8000,1,2,3,1,6,1,2,1,1,1
SF,IH2006,2019-11-11 09:32:06.500,2981.6000,1075,0,25075920.000,0,-,-,-,-,2980.2000,2980.0000,2974.0000,2971.6000,2963.8000,2982.4000,2982.6000,2983.0000,2983.4000,2983.8000,2,3,1,6,1,2,1,1,1,1
SF,IH2006,2019-11-11 09:32:07.000,2981.6000,1075,0,25075920.000,0,-,-,-,-,2980.2000,2980.0000,2974.0000,2971.6000,2963.8000,2982.2000,2982.4000,2982.6000,2983.0000,2983.4000,2,3,1,6,1,1,2,1,1,1
SF,IH2006,2019-11-11 09:32:07.500,2981.6000,1075,0,25075920.000,0,-,-,-,-,2980.2000,2980.0000,2974.0000,2971.6000,2963.8000,2982.0000,2982.2000,2982.6000,2983.0000,2983.4000,2,3,1,6,1,2,1,1,1,1
SF,IH2006,2019-11-11 09:32:08.000,2981.6000,1075,0,25075920.000,0,-,-,-,-,2980.2000,2980.0000,2974.0000,2971.6000,2963.8000,2981.8000,2982.2000,2982.6000,2983.0000,2983.4000,2,3,1,6,1,1,1,1,1,1
SF,IH2006,2019-11-11 09:32:09.000,2981.6000,1075,0,25075920.000,0,-,-,-,-,2980.2000,2980.0000,2974.0000,2971.6000,2963.8000,2981.8000,2982.2000,2982.6000,2983.0000,2983.4000,1,3,1,6,1,1,1,1,1,1
SF,IH2006,2019-11-11 09:32:09.500,2981.6000,1075,0,25075920.000,0,-,-,-,-,2980.4000,2980.2000,2980.0000,2974.0000,2971.6000,2982.2000,2982.6000,2983.0000,2983.4000,2983.8000,1,1,3,1,6,1,1,1,1,1
SF,IH2006,2019-11-11 09:32:10.000,2981.6000,1075,0,25075920.000,0,-,-,-,-,2980.4000,2980.2000,2980.0000,2974.0000,2971.6000,2982.6000,2983.0000,2983.4000,2983.8000,2989.0000,1,1,3,1,6,1,1,1,1,1
SF,IH2006,2019-11-11 09:32:11.000,2981.6000,1075,0,25075920.000,0,-,-,-,-,2980.4000,2980.2000,2980.0000,2974.0000,2971.6000,2983.0000,2983.4000,2983.8000,2989.0000,2989.2000,1,1,3,1,6,1,1,1,1,1
SF,IH2006,2019-11-11 09:32:11.500,2981.6000,1075,0,25075920.000,0,-,-,-,-,2980.4000,2980.2000,2980.0000,2974.0000,2972.0000,2982.8000,2983.0000,2983.4000,2983.8000,2989.0000,1,1,3,1,1,1,1,1,1,1
SF,IH2006,2019-11-11 09:32:13.500,2981.6000,1075,0,25075920.000,0,-,-,-,-,2980.4000,2980.2000,2980.0000,2974.0000,2972.0000,2982.6000,2982.8000,2983.0000,2983.4000,2983.8000,1,1,3,1,1,1,1,1,1,1
SF,IH2006,2019-11-11 09:32:14.000,2981.6000,1075,0,25075920.000,0,-,-,-,-,2980.4000,2980.2000,2980.0000,2974.0000,2972.0000,2982.4000,2982.6000,2983.0000,2983.4000,2983.8000,1,1,3,1,1,1,1,1,1,1
SF,IH2006,2019-11-11 09:32:15.500,2981.6000,1075,0,25075920.000,0,-,-,-,-,2980.4000,2980.2000,2980.0000,2974.0000,2972.0000,2982.2000,2982.4000,2982.6000,2983.0000,2983.4000,1,1,3,1,1,1,1,1,1,1
SF,IH2006,2019-11-11 09:32:16.000,2981.6000,1075,0,25075920.000,0,-,-,-,-,2980.2000,2980.0000,2974.0000,2972.0000,2971.6000,2982.0000,2982.2000,2982.6000,2983.0000,2983.4000,1,3,1,1,6,1,1,1,1,1
SF,IH2006,2019-11-11 09:32:18.000,2980.2000,1076,1,25969980.000,1,1,0,双开,S,2980.0000,2974.0000,2972.0000,2971.6000,2963.8000,2982.0000,2982.2000,2982.6000,2983.0000,2983.4000,3,1,1,6,1,1,1,1,1,1
SF,IH2006,2019-11-11 09:32:18.500,2980.2000,1076,0,25969980.000,0,-,-,-,-,2980.0000,2974.0000,2972.0000,2971.6000,2963.8000,2980.2000,2982.0000,2982.2000,2982.6000,2983.0000,3,1,1,6,1,1,1,1,1,1
SF,IH2006,2019-11-11 09:32:19.000,2980.2000,1076,0,26864040.000,1,0,1,多换,S,2980.2000,2980.0000,2974.0000,2972.0000,2971.6000,2982.2000,2982.6000,2983.0000,2983.4000,2983.8000,1,3,1,1,6,1,1,1,1,1
SF,IH2006,2019-11-11 09:32:19.500,2980.2000,1076,0,26864040.000,0,-,-,-,-,2980.2000,2980.0000,2974.0000,2972.0000,2971.6000,2982.0000,2982.2000,2982.6000,2983.0000,2983.4000,1,3,1,1,6,2,1,1,1,1
SF,IH2006,2019-11-11 09:32:21.500,2980.2000,1076,0,26864040.000,0,-,-,-,-,2980.2000,2980.0000,2974.0000,2972.0000,2971.6000,2982.0000,2983.0000,2983.4000,2983.8000,2985.0000,1,3,1,1,6,2,1,1,1,2
SF,IH2006,2019-11-11 09:32:23.000,2980.2000,1076,0,26864040.000,0,-,-,-,-,2980.2000,2980.0000,2978.0000,2974.0000,2972.0000,2982.0000,2983.0000,2983.4000,2983.8000,2985.0000,1,3,1,1,1,2,1,1,1,2
SF,IH2006,2019-11-11 09:32:23.500,2980.2000,1076,0,26864040.000,0,-,-,-,-,2980.2000,2980.0000,2978.0000,2974.0000,2972.0000,2983.0000,2983.4000,2983.8000,2985.0000,2989.0000,1,3,1,1,1,1,1,1,2,1
SF,IH2006,2019-11-11 09:32:24.000,2980.2000,1076,0,26864040.000,0,-,-,-,-,2980.2000,2980.0000,2978.0000,2974.0000,2972.0000,2982.8000,2983.0000,2983.4000,2983.8000,2985.0000,1,3,1,1,1,2,1,1,1,2
SF,IH2006,2019-11-11 09:32:28.500,2980.2000,1076,0,26864040.000,0,-,-,-,-,2980.2000,2980.0000,2978.0000,2974.0000,2972.0000,2982.6000,2982.8000,2983.0000,2983.4000,2983.8000,1,3,1,1,1,1,2,1,1,1
SF,IH2006,2019-11-11 09:32:29.000,2980.2000,1076,0,26864040.000,0,-,-,-,-,2980.2000,2980.0000,2978.0000,2974.0000,2972.0000,2982.4000,2982.6000,2983.0000,2983.4000,2983.8000,1,3,1,1,1,2,1,1,1,1
SF,IH2006,2019-11-11 09:32:29.500,2980.2000,1076,0,26864040.000,0,-,-,-,-,2980.4000,2980.2000,2980.0000,2978.0000,2974.0000,2983.0000,2983.4000,2983.8000,2985.0000,2989.0000,1,1,3,1,1,1,1,1,2,1
SF,IH2006,2019-11-11 09:32:30.000,2980.2000,1076,0,26864040.000,0,-,-,-,-,2980.4000,2980.2000,2980.0000,2978.0000,2974.0000,2982.8000,2983.0000,2983.4000,2983.8000,2985.0000,1,1,3,1,1,1,1,1,1,2
SF,IH2006,2019-11-11 09:32:31.000,2980.2000,1076,0,26864040.000,0,-,-,-,-,2980.6000,2980.4000,2980.2000,2980.0000,2978.0000,2982.8000,2985.0000,2989.0000,2989.2000,2990.6000,1,1,1,3,1,1,2,1,1,5
SF,IH2006,2019-11-11 09:32:31.500,2980.2000,1076,0,26864040.000,0,-,-,-,-,2980.8000,2980.6000,2980.2000,2980.0000,2978.0000,2982.8000,2985.0000,2989.0000,2989.2000,2990.6000,1,1,1,3,1,1,2,1,1,5
SF,IH2006,2019-11-11 09:32:32.500,2980.2000,1076,0,26864040.000,0,-,-,-,-,2981.0000,2980.8000,2980.6000,2980.2000,2980.0000,2982.8000,2985.0000,2989.0000,2989.2000,2990.6000,1,1,1,1,3,1,2,1,1,5
SF,IH2006,2019-11-11 09:32:33.000,2980.2000,1076,0,26864040.000,0,-,-,-,-,2981.2000,2980.2000,2980.0000,2978.0000,2974.0000,2982.8000,2985.0000,2989.0000,2989.2000,2990.6000,1,1,3,1,1,1,2,1,1,5
SF,IH2006,2019-11-11 09:32:33.500,2980.2000,1076,0,26864040.000,0,-,-,-,-,2981.2000,2980.2000,2980.0000,2978.0000,2974.0000,2985.0000,2989.0000,2989.2000,2990.6000,2995.8000,1,1,3,1,1,2,1,1,5,1
SF,IH2006,2019-11-11 09:32:34.000,2980.2000,1076,0,26864040.000,0,-,-,-,-,2981.4000,2981.2000,2980.2000,2980.0000,2978.0000,2984.6000,2985.0000,2989.0000,2989.2000,2990.6000,1,1,1,3,1,3,2,1,1,5
SF,IH2006,2019-11-11 09:32:34.500,2980.2000,1076,0,26864040.000,0,-,-,-,-,2980.2000,2980.0000,2978.0000,2974.0000,2972.0000,2984.6000,2985.0000,2989.0000,2989.2000,2990.6000,1,3,1,1,1,3,2,1,1,5
SF,IH2006,2019-11-11 09:32:35.000,2980.2000,1076,0,26864040.000,0,-,-,-,-,2980.4000,2980.2000,2980.0000,2978.0000,2974.0000,2984.6000,2985.0000,2989.0000,2989.2000,2990.6000,2,1,3,1,1,3,2,1,1,5
SF,IH2006,2019-11-11 09:32:35.500,2980.2000,1076,0,26864040.000,0,-,-,-,-,2980.6000,2980.4000,2980.2000,2980.0000,2978.0000,2984.6000,2985.0000,2989.0000,2989.2000,2990.6000,1,2,1,3,1,3,2,1,1,5
SF,IH2006,2019-11-11 09:32:36.000,2980.2000,1076,0,26864040.000,0,-,-,-,-,2980.8000,2980.6000,2980.2000,2980.0000,2978.0000,2984.6000,2985.0000,2989.0000,2989.2000,2990.6000,2,1,1,3,1,3,2,1,1,5
SF,IH2006,2019-11-11 09:32:36.500,2980.2000,1076,0,26864040.000,0,-,-,-,-,2981.0000,2980.8000,2980.6000,2980.2000,2980.0000,2984.6000,2985.0000,2989.0000,2989.2000,2990.6000,1,3,1,1,3,3,2,1,1,5
SF,IH2006,2019-11-11 09:32:37.000,2980.2000,1076,0,26864040.000,0,-,-,-,-,2981.2000,2981.0000,2980.6000,2980.2000,2980.0000,2984.6000,2985.0000,2989.0000,2989.2000,2990.6000,1,1,1,1,3,3,2,1,1,5
SF,IH2006,2019-11-11 09:32:37.500,2980.2000,1076,0,26864040.000,0,-,-,-,-,2981.6000,2981.4000,2981.2000,2981.0000,2980.6000,2984.4000,2984.6000,2985.0000,2989.0000,2989.2000,1,1,1,1,1,1,3,2,1,1
SF,IH2006,2019-11-11 09:32:38.000,2980.2000,1076,0,26864040.000,0,-,-,-,-,2981.6000,2981.4000,2981.0000,2980.6000,2980.2000,2984.2000,2984.4000,2985.0000,2989.0000,2989.2000,1,1,1,1,1,2,1,2,1,1
SF,IH2006,2019-11-11 09:32:39.500,2980.2000,1076,0,26864040.000,0,-,-,-,-,2981.8000,2981.6000,2981.4000,2981.0000,2980.2000,2984.2000,2984.4000,2985.0000,2989.0000,2989.2000,1,1,1,1,1,2,1,2,1,1
SF,IH2006,2019-11-11 09:32:40.000,2980.2000,1076,0,26864040.000,0,-,-,-,-,2981.6000,2981.4000,2981.0000,2980.2000,2980.0000,2984.2000,2984.4000,2985.0000,2989.0000,2989.2000,1,1,1,1,3,2,1,2,1,1
SF,IH2006,2019-11-11 09:32:40.500,2980.2000,1076,0,26864040.000,0,-,-,-,-,2981.6000,2981.0000,2980.2000,2980.0000,2978.0000,2984.0000,2984.2000,2984.4000,2985.0000,2989.0000,1,1,1,3,1,1,2,1,2,1
SF,IH2006,2019-11-11 09:32:41.000,2980.2000,1076,0,26864040.000,0,-,-,-,-,2981.0000,2980.2000,2980.0000,2978.0000,2974.0000,2983.8000,2984.0000,2984.4000,2985.0000,2989.0000,1,1,3,1,1,3,1,1,2,1
SF,IH2006,2019-11-11 09:32:44.500,2980.2000,1076,0,26864040.000,0,-,-,-,-,2981.0000,2980.2000,2980.0000,2978.0000,2974.0000,2983.8000,2984.0000,2984.4000,2985.0000,2989.0000,1,1,4,1,1,3,1,1,2,1
SF,IH2006,2019-11-11 09:32:48.000,2980.2000,1076,0,26864040.000,0,-,-,-,-,2981.4000,2981.0000,2980.2000,2980.0000,2978.0000,2983.8000,2984.0000,2984.4000,2985.0000,2989.0000,1,1,1,4,1,3,1,1,2,1
SF,IH2006,2019-11-11 09:32:52.000,2980.2000,1076,0,26864040.000,0,-,-,-,-,2981.4000,2981.0000,2980.2000,2980.0000,2978.0000,2983.6000,2983.8000,2984.0000,2984.4000,2985.0000,1,1,1,4,1,1,3,1,1,2
SF,IH2006,2019-11-11 09:32:52.500,2980.2000,1076,0,26864040.000,0,-,-,-,-,2981.0000,2980.2000,2980.0000,2978.0000,2974.0000,2983.4000,2983.6000,2984.0000,2984.4000,2985.0000,1,1,4,1,1,2,1,1,1,2
SF,IH2006,2019-11-11 09:32:56.500,2980.2000,1076,0,26864040.000,0,-,-,-,-,2981.2000,2981.0000,2980.2000,2980.0000,2978.0000,2983.4000,2983.6000,2984.0000,2984.4000,2985.0000,1,1,1,4,1,2,1,1,1,2
SF,IH2006,2019-11-11 09:32:58.500,2980.2000,1076,0,26864040.000,0,-,-,-,-,2981.2000,2980.2000,2980.0000,2978.0000,2974.0000,2983.2000,2983.4000,2983.6000,2984.0000,2984.4000,1,1,4,1,1,1,2,1,1,1
SF,IH2006,2019-11-11 09:32:59.000,2980.2000,1076,0,26864040.000,0,-,-,-,-,2980.2000,2980.0000,2978.0000,2974.0000,2972.0000,2983.0000,2983.2000,2983.6000,2984.0000,2984.4000,1,4,1,1,1,3,1,1,1,1
SF,IH2006,2019-11-11 09:33:01.500,2980.2000,1076,0,26864040.000,0,-,-,-,-,2980.2000,2980.0000,2978.0000,2974.0000,2972.0000,2982.8000,2983.0000,2983.2000,2983.6000,2984.0000,1,4,1,1,1,1,3,1,1,1
SF,IH2006,2019-11-11 09:33:02.000,2980.2000,1076,0,26864040.000,0,-,-,-,-,2980.2000,2980.0000,2978.0000,2974.0000,2972.0000,2982.2000,2982.8000,2983.2000,2983.6000,2984.0000,1,4,1,1,1,3,1,1,1,1
SF,IH2006,2019-11-11 09:33:03.500,2980.2000,1076,0,26864040.000,0,-,-,-,-,2980.2000,2980.0000,2978.0000,2974.0000,2972.0000,2982.0000,2982.2000,2982.8000,2983.2000,2983.6000,1,4,1,1,1,1,3,1,1,1
SF,IH2006,2019-11-11 09:33:04.000,2980.2000,1075,-1,27758100.000,1,0,1,双平,S,2980.0000,2978.0000,2974.0000,2972.0000,2971.6000,2982.0000,2982.8000,2983.2000,2983.6000,2984.0000,4,1,1,1,6,1,1,1,1,1
SF,IH2006,2019-11-11 09:33:04.500,2980.2000,1075,0,27758100.000,0,-,-,-,-,2980.0000,2978.0000,2974.0000,2972.0000,2971.6000,2981.8000,2982.0000,2982.8000,2983.2000,2983.6000,4,1,1,1,6,3,1,1,1,1
SF,IH2006,2019-11-11 09:33:05.000,2980.2000,1075,0,27758100.000,0,-,-,-,-,2980.0000,2978.0000,2974.0000,2972.0000,2971.6000,2981.6000,2981.8000,2982.0000,2982.8000,2983.2000,4,1,1,1,6,1,3,1,1,1
SF,IH2006,2019-11-11 09:33:05.500,2980.2000,1075,0,27758100.000,0,-,-,-,-,2980.0000,2978.0000,2974.0000,2972.0000,2971.6000,2981.4000,2981.6000,2982.0000,2982.8000,2983.2000,4,1,1,1,6,2,1,1,1,1
SF,IH2006,2019-11-11 09:33:07.500,2980.2000,1075,0,27758100.000,0,-,-,-,-,2980.0000,2978.0000,2974.0000,2972.0000,2971.6000,2981.2000,2981.4000,2981.6000,2982.0000,2982.8000,4,1,1,1,6,1,2,1,1,1
SF,IH2006,2019-11-11 09:33:08.000,2980.0000,1075,0,28652100.000,1,0,1,多换,S,2980.0000,2978.0000,2974.0000,2972.0000,2971.6000,2981.0000,2981.2000,2981.6000,2982.0000,2982.8000,3,1,1,1,6,2,1,1,1,1
SF,IH2006,2019-11-11 09:33:08.500,2980.0000,1075,0,30440100.000,2,1,1,多换,S,2980.0000,2978.0000,2974.0000,2972.0000,2971.6000,2980.8000,2981.0000,2981.2000,2981.6000,2982.0000,1,1,1,1,6,1,2,1,1,1
SF,IH2006,2019-11-11 09:33:09.000,2980.0000,1075,0,30440100.000,0,-,-,-,-,2980.0000,2978.0000,2974.0000,2972.0000,2971.6000,2980.6000,2980.8000,2981.2000,2981.6000,2982.0000,1,1,1,1,6,1,1,1,1,1
SF,IH2006,2019-11-11 09:33:11.000,2980.0000,1075,0,31334100.000,1,0,1,多换,S,2978.0000,2974.0000,2972.0000,2971.6000,2963.8000,2980.0000,2980.4000,2980.6000,2980.8000,2981.2000,1,1,1,6,1,2,1,1,1,1
SF,IH2006,2019-11-11 09:33:11.500,2980.0000,1075,0,31334100.000,0,-,-,-,-,2978.2000,2978.0000,2974.0000,2972.0000,2971.6000,2980.0000,2980.4000,2980.8000,2981.2000,2981.6000,1,1,1,1,6,2,1,1,1,1
SF,IH2006,2019-11-11 09:33:12.500,2980.0000,1075,0,31334100.000,0,-,-,-,-,2978.2000,2978.0000,2974.0000,2972.0000,2971.6000,2980.8000,2981.2000,2981.6000,2982.0000,2983.0000,1,1,1,1,6,1,1,1,1,5
SF,IH2006,2019-11-11 09:33:13.000,2980.0000,1075,0,31334100.000,0,-,-,-,-,2978.2000,2978.0000,2974.0000,2972.0000,2971.6000,2980.6000,2980.8000,2981.2000,2981.6000,2982.0000,1,1,1,1,6,2,1,1,1,1
SF,IH2006,2019-11-11 09:33:13.500,2980.0000,1075,0,31334100.000,0,-,-,-,-,2978.0000,2974.0000,2972.0000,2971.6000,2963.8000,2980.4000,2980.6000,2980.8000,2981.2000,2981.6000,1,1,1,6,1,1,2,1,1,1
SF,IH2006,2019-11-11 09:33:14.000,2980.0000,1075,0,31334100.000,0,-,-,-,-,2978.0000,2974.0000,2972.0000,2971.6000,2963.8000,2979.8000,2980.2000,2980.4000,2980.8000,2981.2000,1,1,1,6,1,1,2,1,1,1
SF,IH2006,2019-11-11 09:33:14.500,2980.0000,1075,0,31334100.000,0,-,-,-,-,2978.0000,2974.0000,2972.0000,2971.6000,2963.8000,2979.6000,2980.4000,2980.8000,2981.2000,2981.6000,1,1,1,6,1,2,1,1,1,1
SF,IH2006,2019-11-11 09:33:15.000,2980.0000,1075,0,31334100.000,0,-,-,-,-,2978.0000,2974.0000,2972.0000,2971.6000,2963.8000,2979.6000,2979.8000,2980.4000,2980.8000,2981.2000,1,1,1,6,1,2,1,1,1,1
SF,IH2006,2019-11-11 09:33:16.000,2978.0000,1075,0,32227500.000,1,0,1,多换,S,2974.0000,2972.0000,2971.6000,2963.8000,2960.0000,2979.6000,2979.8000,2980.4000,2980.8000,2981.2000,1,1,6,1,1,2,1,1,1,1
SF,IH2006,2019-11-11 09:33:16.500,2978.0000,1075,0,32227500.000,0,-,-,-,-,2975.6000,2974.2000,2974.0000,2972.0000,2967.8000,2979.6000,2979.8000,2980.4000,2980.8000,2981.2000,3,3,1,1,6,2,1,1,1,1
SF,IH2006,2019-11-11 09:33:17.000,2978.0000,1075,0,32227500.000,0,-,-,-,-,2975.8000,2975.6000,2974.2000,2974.0000,2972.0000,2979.6000,2979.8000,2980.4000,2980.8000,2981.2000,1,3,1,1,1,2,1,1,1,1
SF,IH2006,2019-11-11 09:33:17.500,2978.0000,1075,0,32227500.000,0,-,-,-,-,2976.0000,2974.2000,2974.0000,2972.0000,2967.8000,2979.6000,2979.8000,2980.4000,2980.8000,2981.2000,2,1,1,1,6,2,1,1,1,1
SF,IH2006,2019-11-11 09:33:22.000,2978.0000,1075,0,32227500.000,0,-,-,-,-,2976.2000,2976.0000,2974.2000,2974.0000,2972.0000,2979.6000,2980.4000,2980.8000,2981.2000,2981.6000,1,2,1,1,1,2,1,1,1,1
SF,IH2006,2019-11-11 09:33:22.500,2978.0000,1075,0,32227500.000,0,-,-,-,-,2976.6000,2976.2000,2974.2000,2974.0000,2972.0000,2979.6000,2979.8000,2980.4000,2980.8000,2981.2000,3,1,1,1,1,2,1,1,1,1
SF,IH2006,2019-11-11 09:33:23.000,2978.0000,1075,0,32227500.000,0,-,-,-,-,2976.8000,2976.6000,2976.2000,2974.2000,2974.0000,2979.6000,2980.4000,2980.8000,2981.2000,2981.6000,1,3,1,1,1,1,1,1,1,1
SF,IH2006,2019-11-11 09:33:23.500,2978.0000,1075,0,32227500.000,0,-,-,-,-,2977.0000,2976.8000,2976.2000,2974.2000,2974.0000,2979.6000,2980.4000,2980.8000,2981.2000,2981.6000,3,1,1,1,1,1,1,1,1,1
SF,IH2006,2019-11-11 09:33:24.000,2979.6000,1074,-1,33121380.000,1,0,1,双平,S,2977.2000,2977.0000,2976.8000,2976.2000,2974.0000,2980.4000,2980.8000,2981.2000,2981.6000,2983.0000,1,3,1,1,1,1,1,1,1,5
SF,IH2006,2019-11-11 09:33:24.500,2979.6000,1074,0,33121380.000,0,-,-,-,-,2977.4000,2977.2000,2976.8000,2976.2000,2974.0000,2980.4000,2980.8000,2981.2000,2981.6000,2983.0000,2,1,1,1,1,1,1,1,1,5
SF,IH2006,2019-11-11 09:33:25.000,2979.6000,1074,0,33121380.000,0,-,-,-,-,2977.4000,2977.2000,2976.8000,2976.2000,2974.0000,2980.2000,2980.4000,2980.8000,2981.2000,2981.6000,2,1,1,1,1,1,1,1,1,1
SF,IH2006,2019-11-11 09:33:25.500,2979.6000,1074,0,33121380.000,0,-,-,-,-,2977.6000,2977.4000,2977.2000,2976.8000,2976.2000,2980.0000,2980.2000,2980.4000,2980.8000,2981.2000,1,2,1,1,1,1,1,1,1,1
SF,IH2006,2019-11-11 09:33:26.000,2979.6000,1074,0,33121380.000,0,-,-,-,-,2977.8000,2977.6000,2977.2000,2976.8000,2976.2000,2980.0000,2980.4000,2980.8000,2981.2000,2981.6000,2,1,1,1,1,1,1,1,1,1
SF,IH2006,2019-11-11 09:33:26.500,2979.6000,1074,0,33121380.000,0,-,-,-,-,2978.0000,2977.8000,2977.6000,2977.2000,2976.8000,2980.0000,2980.4000,2980.8000,2981.2000,2981.6000,1,2,1,1,1,1,1,1,1,1
SF,IH2006,2019-11-11 09:33:27.000,2979.6000,1074,0,33121380.000,0,-,-,-,-,2978.2000,2977.6000,2977.2000,2976.8000,2974.0000,2980.0000,2980.4000,2980.8000,2981.2000,2981.6000,1,1,1,1,1,1,1,1,1,1
SF,IH2006,2019-11-11 09:33:30.500,2979.6000,1074,0,33121380.000,0,-,-,-,-,2978.4000,2978.2000,2977.6000,2977.2000,2976.8000,2981.2000,2981.6000,2985.0000,2986.8000,2995.8000,1,1,1,1,1,1,1,2,5,1
SF,IH2006,2019-11-11 09:33:31.000,2979.6000,1074,0,33121380.000,0,-,-,-,-,2978.6000,2978.4000,2977.6000,2977.2000,2976.8000,2981.2000,2981.6000,2985.0000,2986.8000,2995.8000,1,1,1,1,1,1,1,2,5,1
SF,IH2006,2019-11-11 09:33:31.500,2979.6000,1074,0,33121380.000,0,-,-,-,-,2978.6000,2977.6000,2977.2000,2976.8000,2974.0000,2981.0000,2981.2000,2981.6000,2985.0000,2986.8000,1,1,1,1,1,2,1,1,2,5
SF,IH2006,2019-11-11 09:33:32.000,2979.6000,1074,0,33121380.000,0,-,-,-,-,2978.6000,2977.6000,2977.2000,2976.8000,2974.0000,2980.8000,2981.0000,2981.2000,2981.6000,2985.0000,1,1,1,1,1,1,2,1,1,2
SF,IH2006,2019-11-11 09:33:32.500,2979.6000,1074,0,33121380.000,0,-,-,-,-,2978.6000,2977.6000,2977.2000,2976.8000,2974.0000,2980.6000,2980.8000,2981.2000,2981.6000,2985.0000,1,1,1,1,1,1,1,1,1,2
SF,IH2006,2019-11-11 09:33:33.000,2979.6000,1074,0,33121380.000,0,-,-,-,-,2978.6000,2977.6000,2977.2000,2976.8000,2974.0000,2980.4000,2980.6000,2980.8000,2981.2000,2981.6000,1,1,1,1,1,1,1,1,1,1
SF,IH2006,2019-11-11 09:33:33.500,2979.6000,1074,0,33121380.000,0,-,-,-,-,2977.2000,2976.8000,2974.0000,2972.0000,2967.8000,2980.2000,2980.4000,2980.8000,2981.2000,2981.6000,1,1,1,1,6,1,1,1,1,1
SF,IH2006,2019-11-11 09:33:34.000,2979.6000,1073,-1,34015260.000,1,0,1,双平,S,2977.4000,2977.2000,2976.8000,2974.0000,2972.0000,2980.0000,2980.2000,2980.4000,2980.8000,2981.2000,3,1,1,1,1,1,1,1,1,1
SF,IH2006,2019-11-11 09:33:34.500,2979.6000,1073,0,34015260.000,0,-,-,-,-,2977.4000,2977.2000,2976.8000,2974.0000,2972.0000,2980.0000,2980.4000,2980.8000,2981.2000,2981.6000,3,1,1,1,1,1,1,1,1,1
SF,IH2006,2019-11-11 09:33:35.000,2979.6000,1073,0,34015260.000,0,-,-,-,-,2977.6000,2977.2000,2976.8000,2974.0000,2972.0000,2979.8000,2980.0000,2980.4000,2980.8000,2981.2000,1,1,1,1,1,1,1,1,1,1
SF,IH2006,2019-11-11 09:33:35.500,2979.6000,1073,0,34015260.000,0,-,-,-,-,2977.6000,2977.2000,2976.8000,2974.0000,2972.0000,2979.6000,2979.8000,2980.0000,2980.4000,2980.8000,1,1,1,1,1,1,1,2,1,1
SF,IH2006,2019-11-11 09:33:36.500,2979.6000,1073,0,34015260.000,0,-,-,-,-,2977.6000,2977.2000,2976.8000,2974.0000,2972.0000,2979.6000,2980.0000,2980.4000,2980.8000,2981.2000,1,1,1,1,1,1,2,1,1,1
SF,IH2006,2019-11-11 09:33:37.000,2979.6000,1073,0,34015260.000,0,-,-,-,-,2977.6000,2976.8000,2974.0000,2972.0000,2967.8000,2979.6000,2979.8000,2980.0000,2980.4000,2980.8000,1,1,1,1,6,1,1,2,1,1
SF,IH2006,2019-11-11 09:33:37.500,2979.6000,1073,0,34015260.000,0,-,-,-,-,2977.6000,2976.8000,2974.0000,2972.0000,2967.8000,2979.6000,2980.0000,2980.4000,2980.8000,2981.2000,1,1,1,1,6,1,2,1,1,1
SF,IH2006,2019-11-11 09:33:38.500,2979.6000,1073,0,34015260.000,0,-,-,-,-,2977.6000,2976.8000,2974.0000,2972.0000,2967.8000,2979.6000,2979.8000,2980.0000,2980.4000,2980.8000,1,1,1,1,6,1,1,2,1,1
SF,IH2006,2019-11-11 09:33:39.000,2979.6000,1073,0,34015260.000,0,-,-,-,-,2974.0000,2972.0000,2967.8000,2963.8000,2960.0000,2979.4000,2979.6000,2979.8000,2980.0000,2980.4000,1,1,6,1,1,2,1,1,2,1
SF,IH2006,2019-11-11 09:33:39.500,2979.6000,1073,0,34015260.000,0,-,-,-,-,2976.2000,2974.2000,2974.0000,2972.0000,2967.8000,2979.2000,2979.6000,2979.8000,2980.0000,2980.4000,3,2,1,1,6,1,1,1,2,1
SF,IH2006,2019-11-11 09:33:40.000,2979.6000,1073,0,34015260.000,0,-,-,-,-,2976.4000,2976.2000,2974.2000,2974.0000,2972.0000,2979.6000,2979.8000,2980.0000,2980.4000,2980.8000,1,3,2,1,1,1,1,2,1,1
SF,IH2006,2019-11-11 09:33:40.500,2979.6000,1073,0,34015260.000,0,-,-,-,-,2976.6000,2974.2000,2974.0000,2972.0000,2967.8000,2979.6000,2979.8000,2980.0000,2980.4000,2980.8000,2,2,1,1,6,1,1,2,1,1
SF,IH2006,2019-11-11 09:33:41.000,2979.6000,1073,0,34015260.000,0,-,-,-,-,2976.6000,2974.2000,2974.0000,2972.0000,2967.8000,2979.4000,2979.6000,2979.8000,2980.0000,2980.4000,2,2,1,1,6,1,1,1,2,1
SF,IH2006,2019-11-11 09:33:41.500,2979.6000,1073,0,34015260.000,0,-,-,-,-,2976.6000,2974.2000,2974.0000,2972.0000,2967.8000,2979.2000,2979.4000,2979.6000,2979.8000,2980.0000,2,2,1,1,6,1,1,1,1,2
SF,IH2006,2019-11-11 09:33:42.000,2979.6000,1073,0,34015260.000,0,-,-,-,-,2976.6000,2974.2000,2974.0000,2972.0000,2967.8000,2979.2000,2979.6000,2979.8000,2980.0000,2980.4000,2,2,1,1,6,1,1,1,2,1
SF,IH2006,2019-11-11 09:33:42.500,2979.6000,1073,0,34015260.000,0,-,-,-,-,2976.6000,2974.0000,2972.0000,2967.8000,2963.8000,2979.0000,2979.2000,2979.6000,2979.8000,2980.0000,2,1,1,6,1,1,1,1,1,2
SF,IH2006,2019-11-11 09:33:43.000,2979.6000,1073,0,34015260.000,0,-,-,-,-,2976.6000,2974.0000,2972.0000,2967.8000,2963.8000,2978.8000,2979.0000,2979.2000,2979.6000,2979.8000,2,1,1,6,1,1,1,1,1,1
SF,IH2006,2019-11-11 09:33:43.500,2979.6000,1073,0,34015260.000,0,-,-,-,-,2976.6000,2974.0000,2972.0000,2967.8000,2963.8000,2978.8000,2979.2000,2979.6000,2979.8000,2980.0000,2,1,1,6,1,1,1,1,1,2
SF,IH2006,2019-11-11 09:33:49.000,2979.6000,1073,0,34015260.000,0,-,-,-,-,2976.6000,2974.0000,2972.0000,2967.8000,2963.8000,2978.8000,2979.2000,2979.6000,2979.8000,2980.0000,2,3,1,6,1,1,1,1,1,2
SF,IH2006,2019-11-11 09:33:50.000,2979.6000,1073,0,34015260.000,0,-,-,-,-,2976.8000,2976.6000,2974.0000,2972.0000,2967.8000,2978.8000,2979.2000,2979.6000,2979.8000,2980.0000,1,2,3,1,6,1,1,1,1,1
SF,IH2006,2019-11-11 09:33:50.500,2978.8000,1073,0,34908900.000,1,0,1,多换,S,2978.8000,2976.8000,2974.0000,2972.0000,2967.8000,2979.6000,2980.0000,2980.4000,2985.0000,2986.8000,1,1,3,1,6,1,1,1,2,5
SF,IH2006,2019-11-11 09:33:51.000,2978.8000,1073,0,34908900.000,0,-,-,-,-,2979.0000,2976.8000,2974.0000,2972.0000,2967.8000,2980.4000,2985.0000,2986.8000,2995.8000,3000.0000,1,1,3,1,6,1,2,5,1,1
SF,IH2006,2019-11-11 09:33:51.500,2979.0000,1072,-1,35802600.000,1,0,1,双平,S,2976.8000,2974.0000,2972.0000,2967.8000,2963.8000,2980.4000,2985.0000,2986.8000,2995.8000,3000.0000,1,3,1,6,1,1,2,5,1,1
SF,IH2006,2019-11-11 09:33:52.000,2979.0000,1072,0,35802600.000,0,-,-,-,-,2977.0000,2976.8000,2974.0000,2972.0000,2967.8000,2979.8000,2980.4000,2985.0000,2986.8000,2995.8000,2,1,3,1,6,1,1,2,5,1
SF,IH2006,2019-11-11 09:33:52.500,2979.0000,1072,0,35802600.000,0,-,-,-,-,2977.2000,2977.0000,2976.8000,2974.0000,2972.0000,2979.6000,2980.4000,2985.0000,2986.8000,2995.8000,1,2,1,3,1,1,1,2,5,1
SF,IH2006,2019-11-11 09:33:53.000,2979.0000,1072,0,35802600.000,0,-,-,-,-,2977.4000,2977.2000,2976.8000,2974.0000,2972.0000,2980.4000,2985.0000,2986.8000,2995.8000,3000.0000,2,1,1,3,1,1,2,5,1,1
SF,IH2006,2019-11-11 09:33:53.500,2979.0000,1072,0,35802600.000,0,-,-,-,-,2977.4000,2977.2000,2976.8000,2974.0000,2972.0000,2980.2000,2980.4000,2985.0000,2986.8000,2995.8000,2,1,1,3,1,1,1,2,5,1
SF,IH2006,2019-11-11 09:33:54.000,2979.0000,1072,0,35802600.000,0,-,-,-,-,2977.4000,2977.2000,2976.8000,2974.0000,2972.0000,2980.0000,2980.2000,2980.4000,2985.0000,2986.8000,2,1,1,3,1,1,1,1,2,5
SF,IH2006,2019-11-11 09:33:54.500,2979.0000,1072,0,35802600.000,0,-,-,-,-,2977.4000,2977.2000,2976.8000,2974.0000,2972.0000,2980.0000,2980.4000,2985.0000,2986.8000,2995.8000,2,1,1,3,1,1,1,2,5,1
SF,IH2006,2019-11-11 09:33:55.500,2979.0000,1072,0,35802600.000,0,-,-,-,-,2977.6000,2977.4000,2977.2000,2976.8000,2974.0000,2980.0000,2980.4000,2985.0000,2986.8000,2995.8000,1,2,1,1,3,1,1,2,5,1
SF,IH2006,2019-11-11 09:33:56.000,2979.0000,1072,0,35802600.000,0,-,-,-,-,2977.8000,2977.6000,2977.2000,2976.8000,2974.0000,2980.0000,2980.4000,2985.0000,2986.8000,2995.8000,2,1,1,1,3,1,1,2,5,1
SF,IH2006,2019-11-11 09:33:56.500,2979.0000,1072,0,35802600.000,0,-,-,-,-,2978.0000,2976.8000,2974.0000,2972.0000,2967.8000,2979.8000,2980.0000,2980.4000,2985.0000,2986.8000,1,1,3,1,6,1,1,1,2,5
SF,IH2006,2019-11-11 09:33:57.000,2979.0000,1072,0,35802600.000,0,-,-,-,-,2976.8000,2974.0000,2972.0000,2967.8000,2963.8000,2979.8000,2980.0000,2980.4000,2985.0000,2986.8000,1,3,1,6,1,1,1,1,2,5
SF,IH2006,2019-11-11 09:33:57.500,2979.0000,1072,0,35802600.000,0,-,-,-,-,2977.0000,2976.8000,2974.0000,2972.0000,2967.8000,2979.8000,2980.0000,2980.4000,2985.0000,2986.8000,2,1,3,1,6,1,1,1,2,5
SF,IH2006,2019-11-11 09:33:58.000,2979.0000,1072,0,35802600.000,0,-,-,-,-,2977.2000,2977.0000,2976.8000,2974.0000,2972.0000,2980.0000,2980.4000,2985.0000,2986.8000,2995.8000,1,2,1,3,1,1,1,2,5,1
SF,IH2006,2019-11-11 09:33:58.500,2979.0000,1072,0,35802600.000,0,-,-,-,-,2977.4000,2977.2000,2976.8000,2974.0000,2972.0000,2980.0000,2980.4000,2985.0000,2986.8000,2995.8000,3,1,1,3,1,1,1,2,5,1
SF,IH2006,2019-11-11 09:33:59.000,2979.0000,1072,0,35802600.000,0,-,-,-,-,2977.6000,2977.4000,2977.2000,2976.8000,2974.0000,2980.0000,2980.4000,2985.0000,2986.8000,2995.8000,1,3,1,1,3,1,1,2,5,1
SF,IH2006,2019-11-11 09:33:59.500,2979.0000,1072,0,35802600.000,0,-,-,-,-,2977.8000,2977.6000,2977.2000,2976.8000,2974.0000,2980.0000,2980.4000,2985.0000,2986.8000,2995.8000,2,1,1,1,3,1,1,2,5,1
SF,IH2006,2019-11-11 09:34:00.000,2979.0000,1072,0,35802600.000,0,-,-,-,-,2978.0000,2977.8000,2977.6000,2977.2000,2976.8000,2985.0000,2986.8000,2995.8000,3000.0000,3001.0000,1,2,1,1,1,2,5,1,1,1
SF,IH2006,2019-11-11 09:34:00.500,2979.0000,1072,0,35802600.000,0,-,-,-,-,2978.2000,2978.0000,2977.6000,2977.2000,2976.8000,2982.0000,2985.0000,2986.8000,2995.8000,3000.0000,3,1,1,1,1,1,2,5,1,1
SF,IH2006,2019-11-11 09:34:01.000,2979.0000,1072,0,35802600.000,0,-,-,-,-,2978.4000,2978.2000,2978.0000,2977.6000,2977.2000,2981.8000,2982.0000,2985.0000,2986.8000,2995.8000,1,3,1,1,1,2,1,2,5,1
SF,IH2006,2019-11-11 09:34:01.500,2979.0000,1072,0,35802600.000,0,-,-,-,-,2978.6000,2978.4000,2978.0000,2977.6000,2977.2000,2981.8000,2982.0000,2985.0000,2986.8000,2995.8000,2,1,1,1,1,2,1,2,5,1
SF,IH2006,2019-11-11 09:34:02.000,2979.0000,1072,0,35802600.000,0,-,-,-,-,2978.8000,2978.6000,2978.4000,2978.0000,2977.6000,2981.8000,2985.0000,2986.8000,2995.8000,3000.0000,1,2,1,1,1,2,2,5,1,1
SF,IH2006,2019-11-11 09:34:02.500,2979.0000,1072,0,35802600.000,0,-,-,-,-,2979.0000,2978.8000,2978.4000,2978.0000,2977.6000,2981.8000,2982.0000,2985.0000,2986.8000,2995.8000,1,1,1,1,1,2,1,2,5,1
SF,IH2006,2019-11-11 09:34:03.000,2979.0000,1072,0,35802600.000,0,-,-,-,-,2979.0000,2978.4000,2978.0000,2977.6000,2977.2000,2981.8000,2982.0000,2985.0000,2986.8000,2995.8000,1,1,1,1,1,2,1,2,5,1
SF,IH2006,2019-11-11 09:34:03.500,2979.0000,1072,0,35802600.000,0,-,-,-,-,2978.0000,2977.6000,2977.2000,2974.0000,2972.0000,2981.8000,2982.0000,2985.0000,2986.8000,2995.8000,1,1,1,3,1,2,1,2,5,1
SF,IH2006,2019-11-11 09:34:04.000,2979.0000,1072,0,35802600.000,0,-,-,-,-,2978.2000,2978.0000,2977.6000,2977.2000,2974.0000,2981.8000,2982.0000,2985.0000,2986.8000,2995.8000,2,1,1,1,3,2,1,2,5,1
SF,IH2006,2019-11-11 09:34:04.500,2979.0000,1072,0,35802600.000,0,-,-,-,-,2978.4000,2978.2000,2978.0000,2977.6000,2977.2000,2981.8000,2982.0000,2985.0000,2986.8000,2995.8000,1,2,1,1,1,2,1,2,5,1
SF,IH2006,2019-11-11 09:34:05.000,2979.0000,1072,0,35802600.000,0,-,-,-,-,2978.6000,2978.4000,2978.0000,2977.6000,2977.2000,2981.8000,2982.0000,2985.0000,2986.8000,2995.8000,1,1,1,1,1,2,1,2,5,1
SF,IH2006,2019-11-11 09:34:05.500,2979.0000,1072,0,35802600.000,0,-,-,-,-,2978.6000,2978.0000,2977.6000,2977.2000,2974.0000,2981.8000,2982.0000,2985.0000,2986.8000,2995.8000,1,1,1,1,3,2,1,2,5,1
SF,IH2006,2019-11-11 09:34:11.000,2979.0000,1072,0,35802600.000,0,-,-,-,-,2978.6000,2977.6000,2977.2000,2974.0000,2972.0000,2981.8000,2982.0000,2985.0000,2986.8000,2995.8000,1,1,1,3,1,2,1,2,5,1
SF,IH2006,2019-11-11 09:34:11.500,2979.0000,1072,0,35802600.000,0,-,-,-,-,2977.6000,2977.2000,2974.0000,2972.0000,2967.8000,2981.8000,2982.0000,2985.0000,2986.8000,2995.8000,1,1,3,1,6,2,1,2,5,1
SF,IH2006,2019-11-11 09:34:12.000,2979.0000,1072,0,35802600.000,0,-,-,-,-,2977.8000,2977.2000,2974.0000,2972.0000,2967.8000,2981.8000,2982.0000,2985.0000,2986.8000,2995.8000,1,1,3,1,6,2,1,2,5,1
SF,IH2006,2019-11-11 09:34:13.000,2979.0000,1072,0,35802600.000,0,-,-,-,-,2977.8000,2977.2000,2974.0000,2972.0000,2967.8000,2979.8000,2981.8000,2982.0000,2985.0000,2986.8000,1,1,3,1,6,1,2,1,2,5
SF,IH2006,2019-11-11 09:34:13.500,2979.0000,1072,0,35802600.000,0,-,-,-,-,2977.8000,2977.2000,2974.0000,2972.0000,2967.8000,2979.6000,2979.8000,2981.8000,2982.0000,2985.0000,1,1,3,1,6,2,1,1,1,2
SF,IH2006,2019-11-11 09:34:14.000,2979.0000,1072,0,35802600.000,0,-,-,-,-,2977.8000,2977.2000,2974.0000,2972.0000,2967.8000,2979.6000,2981.8000,2982.0000,2985.0000,2986.8000,1,1,3,1,6,2,1,1,2,5
SF,IH2006,2019-11-11 09:34:15.000,2979.0000,1072,0,35802600.000,0,-,-,-,-,2977.8000,2974.0000,2972.0000,2967.8000,2963.8000,2979.6000,2979.8000,2981.8000,2982.0000,2985.0000,1,3,1,6,1,2,1,1,1,2
SF,IH2006,2019-11-11 09:34:15.500,2979.0000,1072,0,35802600.000,0,-,-,-,-,2974.0000,2972.0000,2967.8000,2963.8000,2960.0000,2979.6000,2979.8000,2981.8000,2982.0000,2985.0000,3,1,6,1,1,2,1,1,1,2
SF,IH2006,2019-11-11 09:34:16.000,2979.0000,1072,0,35802600.000,0,-,-,-,-,2975.8000,2974.2000,2974.0000,2972.0000,2967.8000,2979.6000,2979.8000,2981.8000,2982.0000,2985.0000,3,1,3,1,6,2,1,1,1,2
SF,IH2006,2019-11-11 09:34:16.500,2979.0000,1072,0,35802600.000,0,-,-,-,-,2976.0000,2975.8000,2974.2000,2974.0000,2972.0000,2979.6000,2979.8000,2981.8000,2982.0000,2985.0000,1,3,1,3,1,2,1,1,1,2
SF,IH2006,2019-11-11 09:34:17.000,2979.0000,1072,0,35802600.000,0,-,-,-,-,2976.2000,2976.0000,2974.2000,2974.0000,2972.0000,2979.6000,2979.8000,2981.8000,2982.0000,2985.0000,2,1,1,3,1,2,1,1,1,2
SF,IH2006,2019-11-11 09:34:17.500,2979.0000,1072,0,35802600.000,0,-,-,-,-,2976.2000,2976.0000,2974.0000,2972.0000,2967.8000,2979.6000,2979.8000,2981.8000,2982.0000,2985.0000,2,1,3,1,6,2,1,1,1,2
SF,IH2006,2019-11-11 09:34:18.000,2979.0000,1072,0,35802600.000,0,-,-,-,-,2976.4000,2976.2000,2976.0000,2974.0000,2972.0000,2979.6000,2979.8000,2981.8000,2982.0000,2985.0000,1,2,1,3,1,2,1,1,1,2
SF,IH2006,2019-11-11 09:34:18.500,2979.0000,1072,0,35802600.000,0,-,-,-,-,2976.6000,2976.4000,2976.0000,2974.0000,2972.0000,2979.6000,2979.8000,2981.8000,2982.0000,2985.0000,1,1,1,3,1,2,1,1,1,2
SF,IH2006,2019-11-11 09:34:21.500,2979.0000,1072,0,35802600.000,0,-,-,-,-,2976.8000,2976.6000,2976.4000,2976.0000,2974.0000,2979.6000,2979.8000,2981.8000,2982.0000,2985.0000,1,1,1,1,3,2,1,1,1,2
SF,IH2006,2019-11-11 09:34:22.000,2979.0000,1072,0,35802600.000,0,-,-,-,-,2977.0000,2976.4000,2976.0000,2974.0000,2972.0000,2979.6000,2979.8000,2981.8000,2982.0000,2985.0000,1,1,1,3,1,2,1,1,1,2
SF,IH2006,2019-11-11 09:34:23.000,2979.0000,1072,0,35802600.000,0,-,-,-,-,2977.0000,2976.4000,2976.0000,2974.0000,2972.0000,2979.6000,2981.8000,2982.0000,2985.0000,2986.8000,1,1,1,3,1,2,1,1,2,5
SF,IH2006,2019-11-11 09:34:24.000,2979.0000,1072,0,35802600.000,0,-,-,-,-,2977.2000,2977.0000,2976.4000,2976.0000,2974.0000,2979.6000,2981.8000,2982.0000,2985.0000,2986.8000,1,1,1,1,3,2,1,1,2,5
SF,IH2006,2019-11-11 09:34:24.500,2979.0000,1072,0,35802600.000,0,-,-,-,-,2977.4000,2977.2000,2976.4000,2976.0000,2974.0000,2979.6000,2981.8000,2982.0000,2985.0000,2986.8000,2,1,1,1,3,2,1,1,2,5
SF,IH2006,2019-11-11 09:34:27.500,2979.0000,1072,0,35802600.000,0,-,-,-,-,2977.4000,2977.2000,2976.4000,2976.0000,2974.0000,2979.6000,2981.8000,2982.0000,2985.0000,2986.8000,2,1,1,1,3,1,1,1,2,5
SF,IH2006,2019-11-11 09:34:30.500,2979.0000,1072,0,35802600.000,0,-,-,-,-,2977.6000,2977.4000,2977.2000,2976.4000,2976.0000,2979.6000,2981.8000,2982.0000,2985.0000,2986.8000,1,2,1,1,1,1,1,1,2,5
SF,IH2006,2019-11-11 09:34:31.000,2979.0000,1072,0,35802600.000,0,-,-,-,-,2977.8000,2977.6000,2977.2000,2976.4000,2976.0000,2981.8000,2982.0000,2985.0000,2986.8000,2995.8000,1,1,1,1,1,1,1,2,5,1
SF,IH2006,2019-11-11 09:34:31.500,2979.0000,1072,0,35802600.000,0,-,-,-,-,2977.8000,2977.2000,2976.4000,2976.0000,2974.0000,2980.6000,2981.8000,2982.0000,2985.0000,2986.8000,1,1,1,1,3,3,1,1,2,5
SF,IH2006,2019-11-11 09:34:32.000,2979.0000,1072,0,35802600.000,0,-,-,-,-,2977.8000,2977.2000,2976.4000,2976.0000,2974.0000,2980.4000,2981.8000,2982.0000,2985.0000,2986.8000,1,1,1,1,3,3,1,1,2,5
SF,IH2006,2019-11-11 09:34:34.000,2979.0000,1072,0,35802600.000,0,-,-,-,-,2977.8000,2976.4000,2976.0000,2974.0000,2972.0000,2980.4000,2981.8000,2982.0000,2985.0000,2986.8000,1,1,1,3,1,3,1,1,2,5
SF,IH2006,2019-11-11 09:34:34.500,2979.0000,1072,0,35802600.000,0,-,-,-,-,2976.4000,2976.0000,2974.0000,2972.0000,2967.8000,2979.8000,2980.4000,2981.8000,2982.0000,2985.0000,1,1,3,1,6,1,3,1,1,2
SF,IH2006,2019-11-11 09:34:35.000,2979.0000,1072,0,35802600.000,0,-,-,-,-,2976.6000,2976.4000,2976.0000,2974.0000,2972.0000,2979.6000,2979.8000,2980.4000,2981.8000,2982.0000,2,1,1,3,1,1,1,1,1,1
SF,IH2006,2019-11-11 09:34:35.500,2979.0000,1072,0,35802600.000,0,-,-,-,-,2976.8000,2976.6000,2976.4000,2976.0000,2974.0000,2979.4000,2979.6000,2980.4000,2981.8000,2982.0000,1,2,1,1,3,1,1,1,1,1
SF,IH2006,2019-11-11 09:34:36.000,2979.0000,1072,0,35802600.000,0,-,-,-,-,2977.0000,2976.4000,2976.0000,2974.0000,2972.0000,2979.2000,2979.4000,2979.6000,2980.4000,2981.8000,1,1,1,3,1,1,1,1,1,1
SF,IH2006,2019-11-11 09:34:36.500,2979.0000,1072,0,35802600.000,0,-,-,-,-,2977.0000,2976.4000,2976.0000,2974.0000,2972.0000,2979.0000,2979.2000,2979.6000,2980.4000,2981.8000,1,1,1,3,1,1,1,1,1,1
SF,IH2006,2019-11-11 09:34:37.000,2979.0000,1072,0,35802600.000,0,-,-,-,-,2977.0000,2976.4000,2976.0000,2974.0000,2972.0000,2978.8000,2979.0000,2979.2000,2979.6000,2980.4000,1,1,1,3,1,1,1,1,1,1
SF,IH2006,2019-11-11 09:34:37.500,2979.0000,1072,0,35802600.000,0,-,-,-,-,2977.0000,2976.4000,2976.0000,2974.0000,2972.0000,2978.6000,2978.8000,2979.2000,2979.6000,2980.4000,1,1,1,3,1,1,1,1,1,1
SF,IH2006,2019-11-11 09:34:40.000,2979.0000,1072,0,35802600.000,0,-,-,-,-,2977.0000,2976.4000,2976.0000,2974.0000,2972.0000,2978.6000,2979.2000,2979.6000,2980.4000,2981.8000,1,1,1,3,1,1,1,1,1,1
SF,IH2006,2019-11-11 09:34:40.500,2979.0000,1072,0,35802600.000,0,-,-,-,-,2977.0000,2976.4000,2976.0000,2974.0000,2972.0000,2979.2000,2979.6000,2980.4000,2981.8000,2982.0000,1,1,1,3,1,1,1,1,1,1
SF,IH2006,2019-11-11 09:34:46.500,2979.0000,1072,0,35802600.000,0,-,-,-,-,2977.0000,2976.0000,2974.0000,2972.0000,2967.8000,2979.2000,2979.6000,2980.4000,2981.8000,2982.0000,1,1,3,1,6,1,1,1,1,1
SF,IH2006,2019-11-11 09:34:47.000,2977.0000,1072,0,36695700.000,1,0,1,多换,S,2976.0000,2974.0000,2972.0000,2967.8000,2963.8000,2979.0000,2979.2000,2979.6000,2980.4000,2981.8000,1,3,1,6,1,1,1,1,1,1
SF,IH2006,2019-11-11 09:34:47.500,2977.0000,1072,0,36695700.000,0,-,-,-,-,2976.2000,2976.0000,2974.0000,2972.0000,2967.8000,2978.8000,2979.0000,2979.2000,2979.6000,2980.4000,1,1,3,1,6,1,1,1,1,1
SF,IH2006,2019-11-11 09:34:48.000,2977.0000,1072,0,36695700.000,0,-,-,-,-,2976.4000,2976.2000,2976.0000,2974.0000,2972.0000,2978.6000,2978.8000,2979.2000,2979.6000,2980.4000,1,1,1,3,1,1,1,1,1,1
SF,IH2006,2019-11-11 09:34:48.500,2977.0000,1072,0,36695700.000,0,-,-,-,-,2976.4000,2976.0000,2974.0000,2972.0000,2967.8000,2978.6000,2978.8000,2979.2000,2979.6000,2980.4000,1,1,3,1,6,1,1,1,1,1
SF,IH2006,2019-11-11 09:34:49.000,2977.0000,1072,0,36695700.000,0,-,-,-,-,2976.6000,2976.4000,2976.0000,2974.0000,2972.0000,2978.6000,2978.8000,2979.2000,2979.6000,2980.4000,1,1,1,3,1,1,1,1,1,1
SF,IH2006,2019-11-11 09:34:49.500,2977.0000,1072,0,36695700.000,0,-,-,-,-,2976.8000,2976.6000,2976.4000,2976.0000,2974.0000,2978.6000,2978.8000,2979.2000,2979.6000,2980.4000,1,1,1,1,3,1,1,1,1,1
SF,IH2006,2019-11-11 09:34:50.000,2977.0000,1072,0,36695700.000,0,-,-,-,-,2976.4000,2976.0000,2974.0000,2972.0000,2967.8000,2978.6000,2978.8000,2979.2000,2979.6000,2980.4000,1,1,3,1,6,1,1,1,1,1
SF,IH2006,2019-11-11 09:34:50.500,2977.0000,1072,0,36695700.000,0,-,-,-,-,2976.6000,2976.4000,2976.0000,2974.0000,2972.0000,2978.6000,2978.8000,2979.2000,2979.6000,2980.4000,1,1,1,3,1,1,1,1,1,1
SF,IH2006,2019-11-11 09:34:51.000,2977.0000,1072,0,36695700.000,0,-,-,-,-,2976.6000,2976.4000,2976.0000,2974.0000,2972.0000,2976.8000,2978.6000,2978.8000,2979.2000,2979.6000,1,1,1,3,1,1,1,1,1,1
SF,IH2006,2019-11-11 09:34:51.500,2977.0000,1071,-1,37588800.000,1,0,1,双平,S,2976.8000,2976.6000,2976.4000,2976.0000,2974.0000,2978.8000,2979.2000,2979.6000,2980.4000,2982.0000,2,1,1,1,3,1,1,1,1,1
SF,IH2006,2019-11-11 09:34:52.000,2977.0000,1071,0,37588800.000,0,-,-,-,-,2976.8000,2976.4000,2976.0000,2974.0000,2972.0000,2978.6000,2978.8000,2979.2000,2979.6000,2980.4000,2,1,1,3,1,1,1,1,1,1
SF,IH2006,2019-11-11 09:34:54.000,2977.0000,1071,0,37588800.000,0,-,-,-,-,2976.8000,2976.4000,2976.0000,2974.0000,2972.0000,2978.6000,2979.2000,2979.6000,2980.4000,2982.0000,2,1,1,3,1,1,1,1,1,1
SF,IH2006,2019-11-11 09:34:57.000,2977.0000,1071,0,37588800.000,0,-,-,-,-,2976.8000,2976.4000,2976.0000,2974.0000,2972.0000,2978.6000,2979.2000,2979.6000,2980.4000,2982.0000,1,1,1,3,1,1,1,1,1,1
SF,IH2006,2019-11-11 09:35:01.000,2977.0000,1071,0,37588800.000,0,-,-,-,-,2976.0000,2974.0000,2972.0000,2967.8000,2963.8000,2978.4000,2978.6000,2979.2000,2979.6000,2980.4000,1,3,1,6,1,1,1,1,1,1
SF,IH2006,2019-11-11 09:35:01.500,2977.0000,1071,0,37588800.000,0,-,-,-,-,2976.0000,2974.0000,2972.0000,2967.8000,2963.8000,2978.2000,2978.4000,2979.2000,2979.6000,2980.4000,1,3,1,6,1,2,1,1,1,1
SF,IH2006,2019-11-11 09:35:02.000,2977.0000,1071,0,37588800.000,0,-,-,-,-,2974.0000,2972.0000,2967.8000,2963.8000,2960.0000,2978.0000,2978.2000,2978.4000,2979.2000,2979.6000,3,1,6,1,1,1,2,1,1,1
SF,IH2006,2019-11-11 09:35:02.500,2977.0000,1071,0,37588800.000,0,-,-,-,-,2974.2000,2974.0000,2972.0000,2967.8000,2963.8000,2978.0000,2978.4000,2979.2000,2979.6000,2980.4000,1,3,1,6,1,1,1,1,1,1
SF,IH2006,2019-11-11 09:35:03.000,2977.0000,1071,0,37588800.000,0,-,-,-,-,2974.4000,2974.2000,2974.0000,2972.0000,2967.8000,2977.8000,2978.0000,2978.4000,2979.2000,2979.6000,1,1,3,1,6,3,1,1,1,1
SF,IH2006,2019-11-11 09:35:03.500,2977.0000,1071,0,37588800.000,0,-,-,-,-,2974.6000,2974.4000,2974.0000,2972.0000,2967.8000,2977.6000,2977.8000,2978.0000,2978.4000,2979.2000,1,1,3,1,6,1,3,1,1,1
SF,IH2006,2019-11-11 09:35:04.000,2977.0000,1071,0,37588800.000,0,-,-,-,-,2974.8000,2974.4000,2974.0000,2972.0000,2967.8000,2977.2000,2977.6000,2978.0000,2978.4000,2979.2000,1,1,3,1,6,2,1,1,1,1
SF,IH2006,2019-11-11 09:35:04.500,2977.0000,1071,0,37588800.000,0,-,-,-,-,2974.4000,2974.0000,2972.0000,2967.8000,2963.8000,2977.0000,2977.2000,2977.6000,2978.0000,2978.4000,1,3,1,6,1,1,2,1,1,1
SF,IH2006,2019-11-11 09:35:05.000,2977.0000,1071,0,37588800.000,0,-,-,-,-,2974.6000,2974.4000,2974.0000,2972.0000,2967.8000,2977.6000,2978.0000,2978.4000,2979.2000,2982.0000,1,1,3,1,6,1,1,1,1,1
SF,IH2006,2019-11-11 09:35:05.500,2977.0000,1071,0,37588800.000,0,-,-,-,-,2974.8000,2974.6000,2974.4000,2974.0000,2972.0000,2977.6000,2978.0000,2978.4000,2979.2000,2982.0000,1,1,1,3,1,1,1,1,1,1
SF,IH2006,2019-11-11 09:35:06.000,2977.0000,1071,0,37588800.000,0,-,-,-,-,2975.0000,2974.8000,2974.4000,2974.0000,2972.0000,2978.0000,2978.4000,2979.2000,2982.0000,2985.0000,2,1,1,3,1,1,1,1,1,2
SF,IH2006,2019-11-11 09:35:06.500,2977.0000,1071,0,37588800.000,0,-,-,-,-,2975.2000,2975.0000,2974.8000,2974.4000,2974.0000,2977.8000,2978.0000,2978.4000,2979.2000,2982.0000,1,2,1,1,3,1,1,1,1,1
SF,IH2006,2019-11-11 09:35:07.000,2977.0000,1071,0,37588800.000,0,-,-,-,-,2975.4000,2975.2000,2974.8000,2974.4000,2974.0000,2977.8000,2978.0000,2978.4000,2979.2000,2982.0000,1,1,1,1,3,1,1,1,1,1
SF,IH2006,2019-11-11 09:35:07.500,2977.0000,1071,0,37588800.000,0,-,-,-,-,2975.6000,2975.4000,2975.2000,2974.8000,2974.4000,2977.8000,2978.0000,2978.4000,2979.2000,2982.0000,1,1,1,1,1,1,1,1,1,1
SF,IH2006,2019-11-11 09:35:08.000,2977.0000,1071,0,37588800.000,0,-,-,-,-,2975.8000,2975.6000,2975.2000,2974.8000,2974.4000,2977.8000,2978.0000,2978.4000,2979.2000,2982.0000,1,1,1,1,1,1,1,1,1,1
SF,IH2006,2019-11-11 09:35:08.500,2977.0000,1071,0,37588800.000,0,-,-,-,-,2976.0000,2975.8000,2975.6000,2975.2000,2974.8000,2977.8000,2978.0000,2978.4000,2979.2000,2982.0000,1,1,1,1,1,1,1,1,1,1
SF,IH2006,2019-11-11 09:35:09.000,2977.8000,1070,-1,38482140.000,1,0,1,双平,S,2976.2000,2976.0000,2975.6000,2975.2000,2974.8000,2978.4000,2979.2000,2982.0000,2985.0000,2986.8000,1,1,1,1,1,1,1,1,2,5
SF,IH2006,2019-11-11 09:35:09.500,2977.8000,1070,0,38482140.000,0,-,-,-,-,2976.4000,2976.2000,2976.0000,2975.6000,2975.2000,2979.2000,2982.0000,2985.0000,2986.8000,2995.8000,1,1,1,1,1,1,1,2,5,1
SF,IH2006,2019-11-11 09:35:10.000,2977.8000,1070,0,38482140.000,0,-,-,-,-,2976.6000,2976.4000,2976.0000,2975.6000,2975.2000,2979.2000,2982.0000,2985.0000,2986.8000,2995.8000,2,1,1,1,1,1,1,2,5,1
SF,IH2006,2019-11-11 09:35:10.500,2977.8000,1070,0,38482140.000,0,-,-,-,-,2976.8000,2976.6000,2976.4000,2976.0000,2975.6000,2979.0000,2979.2000,2982.0000,2985.0000,2986.8000,1,2,1,1,1,1,1,1,2,5
SF,IH2006,2019-11-11 09:35:11.000,2977.8000,1070,0,38482140.000,0,-,-,-,-,2976.4000,2976.0000,2975.6000,2975.2000,2974.0000,2979.0000,2979.2000,2982.0000,2985.0000,2986.8000,1,1,1,1,3,1,1,1,2,5
SF,IH2006,2019-11-11 09:35:11.500,2977.8000,1070,0,38482140.000,0,-,-,-,-,2976.6000,2976.4000,2976.0000,2975.6000,2975.2000,2979.0000,2979.2000,2982.0000,2985.0000,2986.8000,1,1,1,1,1,1,1,1,2,5
SF,IH2006,2019-11-11 09:35:13.000,2977.8000,1070,0,38482140.000,0,-,-,-,-,2976.8000,2976.6000,2976.4000,2976.0000,2975.6000,2979.0000,2979.2000,2982.0000,2985.0000,2986.8000,1,1,1,1,1,1,1,1,2,5
SF,IH2006,2019-11-11 09:35:13.500,2977.8000,1070,0,38482140.000,0,-,-,-,-,2977.0000,2976.8000,2976.4000,2976.0000,2975.6000,2979.0000,2979.2000,2982.0000,2985.0000,2986.8000,1,1,1,1,1,1,1,1,2,5
SF,IH2006,2019-11-11 09:35:16.000,2977.8000,1070,0,38482140.000,0,-,-,-,-,2977.2000,2977.0000,2976.8000,2976.4000,2976.0000,2979.0000,2979.2000,2982.0000,2985.0000,2986.8000,1,1,1,1,1,1,1,1,2,5
SF,IH2006,2019-11-11 09:35:16.500,2977.8000,1070,0,38482140.000,0,-,-,-,-,2977.4000,2977.2000,2976.8000,2976.4000,2976.0000,2982.0000,2985.0000,2986.8000,2995.8000,3000.0000,1,1,1,1,1,1,2,5,1,1
SF,IH2006,2019-11-11 09:35:17.000,2977.8000,1070,0,38482140.000,0,-,-,-,-,2977.4000,2977.2000,2976.8000,2976.4000,2976.0000,2980.6000,2982.0000,2985.0000,2986.8000,2995.8000,1,1,1,1,1,3,1,2,5,1
SF,IH2006,2019-11-11 09:35:17.500,2977.8000,1070,0,38482140.000,0,-,-,-,-,2977.4000,2977.2000,2976.8000,2976.4000,2976.0000,2980.4000,2982.0000,2985.0000,2986.8000,2995.8000,1,1,1,1,1,2,1,2,5,1
SF,IH2006,2019-11-11 09:35:19.000,2977.8000,1070,0,38482140.000,0,-,-,-,-,2977.6000,2977.4000,2977.2000,2976.8000,2976.4000,2980.4000,2982.0000,2985.0000,2986.8000,2995.8000,1,1,1,1,1,2,1,2,5,1
SF,IH2006,2019-11-11 09:35:19.500,2977.8000,1070,0,38482140.000,0,-,-,-,-,2977.8000,2977.6000,2977.2000,2976.8000,2976.4000,2980.4000,2982.0000,2985.0000,2986.8000,2995.8000,1,1,1,1,1,2,1,2,5,1
SF,IH2006,2019-11-11 09:35:20.500,2977.8000,1070,0,38482140.000,0,-,-,-,-,2978.0000,2977.8000,2977.6000,2977.2000,2976.8000,2980.4000,2982.0000,2985.0000,2986.8000,2995.8000,1,1,1,1,1,2,1,2,5,1
SF,IH2006,2019-11-11 09:35:21.000,2977.8000,1070,0,38482140.000,0,-,-,-,-,2978.2000,2978.0000,2977.6000,2977.2000,2976.8000,2980.4000,2982.0000,2985.0000,2986.8000,2995.8000,1,1,1,1,1,1,1,2,5,1
SF,IH2006,2019-11-11 09:35:21.500,2977.8000,1070,0,38482140.000,0,-,-,-,-,2978.4000,2978.2000,2978.0000,2977.6000,2977.2000,2980.4000,2982.0000,2985.0000,2986.8000,2995.8000,1,1,1,1,1,1,1,2,5,1
SF,IH2006,2019-11-11 09:35:22.000,2977.8000,1070,0,38482140.000,0,-,-,-,-,2978.6000,2978.4000,2978.0000,2977.6000,2977.2000,2980.4000,2982.0000,2985.0000,2986.8000,2995.8000,1,1,1,1,1,1,1,2,5,1
SF,IH2006,2019-11-11 09:35:22.500,2977.8000,1070,0,38482140.000,0,-,-,-,-,2978.8000,2978.6000,2978.4000,2978.0000,2977.6000,2982.0000,2985.0000,2986.8000,2995.8000,3000.0000,1,1,1,1,1,1,2,5,1,1
SF,IH2006,2019-11-11 09:35:23.000,2977.8000,1070,0,38482140.000,0,-,-,-,-,2978.4000,2978.0000,2977.6000,2977.2000,2974.0000,2981.8000,2982.0000,2985.0000,2986.8000,2995.8000,1,1,1,1,3,3,1,2,5,1
SF,IH2006,2019-11-11 09:35:23.500,2977.8000,1070,0,38482140.000,0,-,-,-,-,2978.6000,2978.4000,2978.0000,2977.6000,2977.2000,2981.6000,2981.8000,2982.0000,2985.0000,2986.8000,2,1,1,1,1,1,3,1,2,5
SF,IH2006,2019-11-11 09:35:24.000,2977.8000,1070,0,38482140.000,0,-,-,-,-,2978.8000,2978.6000,2978.4000,2978.0000,2977.6000,2981.4000,2981.6000,2982.0000,2985.0000,2986.8000,1,2,1,1,1,1,1,1,2,5
SF,IH2006,2019-11-11 09:35:24.500,2977.8000,1070,0,38482140.000,0,-,-,-,-,2979.0000,2978.8000,2978.6000,2978.4000,2978.0000,2981.2000,2981.4000,2981.6000,2985.0000,2986.8000,1,1,1,1,1,1,1,1,2,5
SF,IH2006,2019-11-11 09:35:25.000,2977.8000,1070,0,38482140.000,0,-,-,-,-,2979.2000,2979.0000,2978.8000,2978.4000,2978.0000,2981.0000,2981.2000,2981.6000,2985.0000,2986.8000,1,1,1,1,1,1,1,1,2,5
SF,IH2006,2019-11-11 09:35:25.500,2977.8000,1070,0,38482140.000,0,-,-,-,-,2979.2000,2978.8000,2978.4000,2978.0000,2977.6000,2981.0000,2981.2000,2981.6000,2985.0000,2986.8000,1,1,1,1,1,1,1,1,2,5
SF,IH2006,2019-11-11 09:35:26.000,2977.8000,1070,0,38482140.000,0,-,-,-,-,2979.0000,2978.8000,2978.4000,2978.0000,2977.6000,2981.0000,2981.2000,2981.6000,2985.0000,2986.8000,1,1,1,1,1,1,1,1,2,5
SF,IH2006,2019-11-11 09:35:26.500,2977.8000,1070,0,38482140.000,0,-,-,-,-,2979.2000,2979.0000,2978.8000,2978.4000,2978.0000,2981.0000,2981.2000,2981.6000,2985.0000,2986.8000,1,1,1,1,1,1,1,1,2,5
SF,IH2006,2019-11-11 09:35:27.500,2977.8000,1070,0,38482140.000,0,-,-,-,-,2979.2000,2979.0000,2978.8000,2978.4000,2978.0000,2981.0000,2981.6000,2985.0000,2986.8000,2995.8000,1,1,1,1,1,1,1,2,5,1
SF,IH2006,2019-11-11 09:35:31.000,2977.8000,1070,0,38482140.000,0,-,-,-,-,2979.2000,2979.0000,2978.0000,2977.6000,2977.2000,2980.8000,2981.0000,2981.6000,2985.0000,2986.8000,1,1,1,1,1,1,1,1,2,5
SF,IH2006,2019-11-11 09:35:31.500,2977.8000,1070,0,38482140.000,0,-,-,-,-,2979.0000,2978.0000,2977.6000,2977.2000,2974.0000,2980.6000,2980.8000,2981.6000,2985.0000,2986.8000,1,1,1,1,3,1,1,1,2,5
SF,IH2006,2019-11-11 09:35:32.000,2977.8000,1070,0,38482140.000,0,-,-,-,-,2978.2000,2978.0000,2977.6000,2977.2000,2974.0000,2980.6000,2980.8000,2981.6000,2985.0000,2986.8000,1,1,1,1,3,1,1,1,2,5
SF,IH2006,2019-11-11 09:35:32.500,2977.8000,1070,0,38482140.000,0,-,-,-,-,2978.4000,2978.2000,2978.0000,2977.6000,2977.2000,2980.6000,2980.8000,2981.6000,2985.0000,2986.8000,1,1,1,1,1,1,1,1,2,5
SF,IH2006,2019-11-11 09:35:33.000,2977.8000,1070,0,38482140.000,0,-,-,-,-,2978.4000,2978.2000,2978.0000,2977.6000,2977.2000,2980.4000,2980.6000,2980.8000,2981.6000,2985.0000,1,1,1,1,1,1,1,1,1,2
SF,IH2006,2019-11-11 09:35:33.500,2977.8000,1070,0,38482140.000,0,-,-,-,-,2978.4000,2978.2000,2978.0000,2977.6000,2977.2000,2980.4000,2980.8000,2981.6000,2985.0000,2986.8000,1,1,1,1,1,1,1,1,2,5
SF,IH2006,2019-11-11 09:35:34.000,2977.8000,1070,0,38482140.000,0,-,-,-,-,2978.4000,2978.2000,2978.0000,2977.6000,2977.2000,2980.2000,2980.4000,2980.8000,2981.6000,2985.0000,1,1,1,1,1,1,1,1,1,2
SF,IH2006,2019-11-11 09:35:34.500,2977.8000,1070,0,38482140.000,0,-,-,-,-,2978.4000,2978.2000,2978.0000,2977.6000,2977.2000,2980.2000,2980.4000,2980.8000,2981.6000,2985.0000,1,1,1,1,1,1,1,1,1,2
SF,IH2006,2019-11-11 09:35:46.000,2978.4000,1069,-1,39375660.000,1,0,1,双平,S,2978.2000,2978.0000,2977.6000,2977.2000,2975.0000,2978.4000,2980.2000,2980.4000,2980.8000,2981.6000,1,1,1,1,1,5,1,1,1,1
SF,IH2006,2019-11-11 09:35:46.500,2978.4000,1064,-5,43843260.000,5,0,5,双平,S,2978.4000,2978.2000,2978.0000,2977.6000,2977.2000,2980.4000,2980.8000,2981.6000,2985.0000,2986.8000,1,1,1,1,1,1,1,1,2,5
SF,IH2006,2019-11-11 09:35:47.000,2978.4000,1064,0,43843260.000,0,-,-,-,-,2978.4000,2978.2000,2978.0000,2977.6000,2977.2000,2980.2000,2980.4000,2980.8000,2981.6000,2985.0000,1,1,1,1,1,1,1,1,1,2
SF,IH2006,2019-11-11 09:35:47.500,2978.4000,1064,0,43843260.000,0,-,-,-,-,2978.4000,2978.0000,2977.6000,2977.2000,2975.0000,2980.2000,2980.4000,2980.8000,2981.6000,2985.0000,1,1,1,1,1,1,1,1,1,2
SF,IH2006,2019-11-11 09:35:48.500,2978.4000,1064,0,43843260.000,0,-,-,-,-,2978.4000,2978.0000,2977.6000,2977.2000,2975.0000,2980.2000,2980.8000,2981.6000,2985.0000,2986.8000,1,1,1,1,1,1,1,1,2,5
SF,IH2006,2019-11-11 09:35:51.000,2978.4000,1064,0,43843260.000,0,-,-,-,-,2978.4000,2978.0000,2977.6000,2977.2000,2975.0000,2980.2000,2981.6000,2985.0000,2986.8000,2995.8000,2,1,1,1,1,1,1,2,5,1
SF,IH2006,2019-11-11 09:35:51.500,2978.4000,1064,0,43843260.000,0,-,-,-,-,2978.6000,2978.4000,2978.0000,2977.6000,2977.2000,2981.6000,2985.0000,2986.8000,2995.8000,3000.0000,1,2,1,1,1,1,2,5,1,1
SF,IH2006,2019-11-11 09:35:52.000,2978.4000,1064,0,43843260.000,0,-,-,-,-,2978.8000,2978.6000,2978.4000,2978.0000,2977.6000,2981.4000,2981.6000,2985.0000,2986.8000,2995.8000,1,1,2,1,1,2,1,2,5,1
SF,IH2006,2019-11-11 09:35:52.500,2978.4000,1064,0,43843260.000,0,-,-,-,-,2978.8000,2978.4000,2978.0000,2977.6000,2977.2000,2981.2000,2981.4000,2981.6000,2985.0000,2986.8000,1,2,1,1,1,1,2,1,2,5
SF,IH2006,2019-11-11 09:35:53.000,2978.4000,1064,0,43843260.000,0,-,-,-,-,2980.2000,2978.8000,2978.4000,2978.0000,2977.6000,2981.0000,2981.2000,2981.6000,2985.0000,2986.8000,1,1,2,1,1,2,1,1,2,5
SF,IH2006,2019-11-11 09:35:53.500,2980.2000,1064,0,44737320.000,1,0,1,多换,S,2978.4000,2978.0000,2977.6000,2977.2000,2975.0000,2981.0000,2981.2000,2981.6000,2985.0000,2986.8000,2,1,1,1,1,2,1,1,2,5
SF,IH2006,2019-11-11 09:35:54.000,2980.2000,1064,0,44737320.000,0,-,-,-,-,2978.6000,2978.4000,2978.0000,2977.6000,2977.2000,2981.2000,2981.6000,2985.0000,2986.8000,2995.8000,1,2,1,1,1,1,1,2,5,1
SF,IH2006,2019-11-11 09:35:54.500,2980.2000,1064,0,44737320.000,0,-,-,-,-,2978.8000,2978.6000,2978.4000,2978.0000,2977.6000,2981.0000,2981.2000,2981.6000,2985.0000,2986.8000,1,1,2,1,1,1,1,1,2,5
SF,IH2006,2019-11-11 09:35:55.000,2980.2000,1064,0,44737320.000,0,-,-,-,-,2979.0000,2978.8000,2978.4000,2978.0000,2977.6000,2981.0000,2981.2000,2981.6000,2985.0000,2986.8000,1,1,2,1,1,1,1,1,2,5
SF,IH2006,2019-11-11 09:35:58.500,2980.2000,1064,0,44737320.000,0,-,-,-,-,2979.0000,2978.8000,2978.4000,2978.0000,2977.6000,2981.0000,2981.2000,2981.6000,2985.0000,2986.8000,1,1,1,1,1,1,1,1,2,5
SF,IH2006,2019-11-11 09:35:59.000,2980.2000,1064,0,44737320.000,0,-,-,-,-,2979.2000,2979.0000,2978.8000,2978.4000,2978.0000,2981.0000,2981.2000,2981.6000,2985.0000,2986.8000,1,1,1,1,1,1,1,1,2,5
SF,IH2006,2019-11-11 09:35:59.500,2980.2000,1064,0,44737320.000,0,-,-,-,-,2978.8000,2978.4000,2978.0000,2977.6000,2975.0000,2980.8000,2981.0000,2981.2000,2981.6000,2985.0000,1,1,1,1,1,1,1,1,1,2
SF,IH2006,2019-11-11 09:36:00.000,2980.2000,1064,0,44737320.000,0,-,-,-,-,2979.0000,2978.8000,2978.4000,2978.0000,2977.6000,2980.8000,2981.2000,2981.6000,2985.0000,2986.8000,1,1,1,1,1,1,1,1,2,5
SF,IH2006,2019-11-11 09:36:01.000,2980.2000,1064,0,44737320.000,0,-,-,-,-,2979.0000,2978.8000,2978.4000,2978.0000,2977.6000,2981.2000,2981.6000,2985.0000,2986.8000,2995.8000,1,1,1,1,1,1,1,2,5,1
SF,IH2006,2019-11-11 09:36:01.500,2980.2000,1064,0,44737320.000,0,-,-,-,-,2979.2000,2979.0000,2978.8000,2978.4000,2978.0000,2981.2000,2981.6000,2985.0000,2986.8000,2995.8000,1,1,1,1,1,1,1,2,5,1
SF,IH2006,2019-11-11 09:36:02.000,2980.2000,1064,0,44737320.000,0,-,-,-,-,2979.2000,2979.0000,2978.8000,2978.4000,2978.0000,2981.0000,2981.2000,2981.6000,2985.0000,2986.8000,1,1,1,1,1,1,1,1,2,5
SF,IH2006,2019-11-11 09:36:02.500,2980.2000,1064,0,44737320.000,0,-,-,-,-,2979.0000,2978.8000,2978.4000,2978.0000,2977.6000,2981.0000,2981.2000,2981.6000,2985.0000,2986.8000,1,1,1,1,1,1,1,1,2,5
SF,IH2006,2019-11-11 09:36:03.000,2980.2000,1064,0,44737320.000,0,-,-,-,-,2979.2000,2979.0000,2978.8000,2978.4000,2978.0000,2981.0000,2981.2000,2981.6000,2985.0000,2986.8000,1,1,1,1,1,1,1,1,2,5
SF,IH2006,2019-11-11 09:36:03.500,2980.2000,1064,0,44737320.000,0,-,-,-,-,2979.2000,2978.8000,2978.4000,2978.0000,2977.6000,2981.0000,2981.2000,2981.6000,2985.0000,2986.8000,1,1,1,1,1,1,1,1,2,5
SF,IH2006,2019-11-11 09:36:07.000,2980.2000,1064,0,44737320.000,0,-,-,-,-,2979.4000,2979.2000,2978.8000,2978.4000,2978.0000,2981.0000,2981.2000,2981.6000,2985.0000,2986.8000,1,1,1,1,1,1,1,1,2,5
SF,IH2006,2019-11-11 09:36:07.500,2980.2000,1064,0,44737320.000,0,-,-,-,-,2979.4000,2978.8000,2978.4000,2978.0000,2977.6000,2981.0000,2981.2000,2981.6000,2985.0000,2986.8000,1,1,1,1,1,1,1,1,2,5
SF,IH2006,2019-11-11 09:36:09.000,2980.2000,1064,0,44737320.000,0,-,-,-,-,2978.8000,2978.4000,2978.0000,2977.6000,2975.0000,2981.0000,2981.2000,2981.6000,2985.0000,2986.8000,1,1,1,1,1,1,1,1,2,5
SF,IH2006,2019-11-11 09:36:09.500,2980.2000,1064,0,44737320.000,0,-,-,-,-,2979.0000,2978.8000,2978.4000,2978.0000,2977.6000,2981.0000,2981.2000,2981.6000,2985.0000,2986.8000,1,1,1,1,1,1,1,1,2,5
SF,IH2006,2019-11-11 09:36:11.500,2980.2000,1064,0,44737320.000,0,-,-,-,-,2979.2000,2979.0000,2978.8000,2978.4000,2978.0000,2981.0000,2981.2000,2981.6000,2985.0000,2986.8000,1,1,1,1,1,1,1,1,2,5
SF,IH2006,2019-11-11 09:36:12.000,2980.2000,1064,0,44737320.000,0,-,-,-,-,2979.4000,2979.2000,2978.8000,2978.4000,2978.0000,2981.2000,2981.6000,2985.0000,2986.8000,2995.8000,1,1,1,1,1,1,1,2,5,1
SF,IH2006,2019-11-11 09:36:12.500,2980.2000,1064,0,44737320.000,0,-,-,-,-,2979.6000,2979.4000,2979.2000,2978.8000,2978.4000,2981.6000,2985.0000,2986.8000,2995.8000,3000.0000,1,1,1,1,1,1,2,5,1,1
SF,IH2006,2019-11-11 09:36:13.000,2980.2000,1064,0,44737320.000,0,-,-,-,-,2979.8000,2979.6000,2979.2000,2978.8000,2978.4000,2981.6000,2985.0000,2986.8000,2995.8000,3000.0000,1,1,1,1,1,1,2,5,1,1
SF,IH2006,2019-11-11 09:36:18.500,2980.2000,1064,0,44737320.000,0,-,-,-,-,2980.0000,2979.8000,2979.6000,2979.2000,2978.8000,2985.0000,2986.8000,2995.8000,3000.0000,3001.0000,1,1,1,1,1,2,5,1,1,1
SF,IH2006,2019-11-11 09:36:19.000,2980.2000,1064,0,44737320.000,0,-,-,-,-,2980.2000,2980.0000,2979.6000,2979.2000,2978.8000,2985.0000,2986.8000,2995.8000,3000.0000,3001.0000,1,1,1,1,1,2,5,1,1,1
SF,IH2006,2019-11-11 09:36:19.500,2980.2000,1064,0,44737320.000,0,-,-,-,-,2980.2000,2979.6000,2979.2000,2978.8000,2978.4000,2983.0000,2984.8000,2985.0000,2986.8000,2995.8000,1,1,1,1,1,3,1,2,5,1
SF,IH2006,2019-11-11 09:36:20.000,2980.2000,1064,0,44737320.000,0,-,-,-,-,2980.2000,2979.6000,2979.2000,2978.8000,2978.4000,2982.8000,2983.0000,2984.8000,2985.0000,2986.8000,1,1,1,1,1,1,3,1,2,5
SF,IH2006,2019-11-11 09:36:20.500,2980.2000,1064,0,44737320.000,0,-,-,-,-,2979.6000,2979.2000,2978.8000,2978.4000,2975.0000,2982.8000,2984.8000,2985.0000,2986.8000,2995.8000,1,1,1,1,1,1,1,2,5,1
SF,IH2006,2019-11-11 09:36:21.000,2980.2000,1064,0,44737320.000,0,-,-,-,-,2979.8000,2979.6000,2979.2000,2978.8000,2978.4000,2982.8000,2984.8000,2985.0000,2986.8000,2995.8000,1,1,1,1,1,1,1,2,5,1
SF,IH2006,2019-11-11 09:36:21.500,2980.2000,1064,0,44737320.000,0,-,-,-,-,2979.8000,2979.6000,2979.2000,2978.8000,2978.4000,2982.6000,2982.8000,2984.8000,2985.0000,2986.8000,1,1,1,1,1,2,1,1,2,5
SF,IH2006,2019-11-11 09:36:22.500,2980.2000,1064,0,44737320.000,0,-,-,-,-,2979.8000,2979.6000,2979.2000,2978.8000,2978.4000,2982.4000,2982.6000,2982.8000,2984.8000,2985.0000,1,1,1,1,1,1,2,1,1,2
SF,IH2006,2019-11-11 09:36:23.000,2980.2000,1064,0,44737320.000,0,-,-,-,-,2979.8000,2979.6000,2979.2000,2978.8000,2978.4000,2982.2000,2982.4000,2982.8000,2984.8000,2985.0000,1,1,1,1,1,1,1,1,1,2
SF,IH2006,2019-11-11 09:36:25.500,2980.2000,1064,0,44737320.000,0,-,-,-,-,2979.8000,2979.6000,2979.2000,2978.8000,2978.4000,2982.0000,2982.2000,2982.4000,2982.8000,2984.8000,1,1,1,1,1,1,1,1,1,1
SF,IH2006,2019-11-11 09:36:26.000,2980.2000,1064,0,44737320.000,0,-,-,-,-,2979.8000,2979.6000,2979.2000,2978.8000,2978.4000,2981.8000,2982.0000,2982.4000,2982.8000,2984.8000,1,1,1,1,1,1,1,1,1,1
SF,IH2006,2019-11-11 09:36:29.500,2980.2000,1064,0,44737320.000,0,-,-,-,-,2979.8000,2979.2000,2978.8000,2978.4000,2975.0000,2981.8000,2982.0000,2982.4000,2982.8000,2984.8000,1,1,1,1,1,1,1,1,1,1
SF,IH2006,2019-11-11 09:36:30.500,2980.2000,1064,0,44737320.000,0,-,-,-,-,2979.8000,2978.8000,2978.4000,2975.0000,2974.0000,2981.8000,2982.0000,2982.4000,2982.8000,2984.8000,1,1,1,1,3,1,1,1,1,1
SF,IH2006,2019-11-11 09:36:31.000,2980.2000,1064,0,44737320.000,0,-,-,-,-,2978.8000,2978.4000,2975.0000,2974.0000,2972.0000,2981.8000,2982.0000,2982.4000,2982.8000,2984.8000,1,1,1,3,1,1,1,1,1,1
SF,IH2006,2019-11-11 09:36:31.500,2980.2000,1064,0,44737320.000,0,-,-,-,-,2979.0000,2978.8000,2978.4000,2975.0000,2974.0000,2981.8000,2982.0000,2982.4000,2982.8000,2984.8000,1,1,1,1,3,1,1,1,1,1
SF,IH2006,2019-11-11 09:36:32.000,2980.2000,1064,0,44737320.000,0,-,-,-,-,2979.0000,2978.8000,2978.4000,2975.0000,2974.0000,2981.6000,2981.8000,2982.0000,2982.4000,2982.8000,1,1,1,1,3,1,1,2,1,1
SF,IH2006,2019-11-11 09:36:32.500,2980.2000,1064,0,44737320.000,0,-,-,-,-,2979.0000,2978.8000,2978.4000,2975.0000,2974.0000,2981.4000,2981.6000,2982.0000,2982.4000,2982.8000,1,1,1,1,3,1,1,1,1,1
SF,IH2006,2019-11-11 09:36:38.000,2980.2000,1064,0,44737320.000,0,-,-,-,-,2979.2000,2979.0000,2978.8000,2978.4000,2975.0000,2981.4000,2981.6000,2982.0000,2982.4000,2982.8000,1,1,1,1,1,1,1,1,1,1
SF,IH2006,2019-11-11 09:36:38.500,2980.2000,1064,0,44737320.000,0,-,-,-,-,2979.4000,2979.2000,2978.8000,2978.4000,2975.0000,2981.4000,2981.6000,2982.0000,2982.4000,2982.8000,1,1,1,1,1,1,1,1,1,1
SF,IH2006,2019-11-11 09:36:39.000,2980.2000,1064,0,44737320.000,0,-,-,-,-,2979.4000,2979.2000,2978.8000,2978.4000,2975.0000,2981.2000,2981.4000,2981.6000,2982.0000,2982.4000,1,1,1,1,1,1,1,1,1,1
SF,IH2006,2019-11-11 09:36:39.500,2980.2000,1064,0,44737320.000,0,-,-,-,-,2978.8000,2978.4000,2975.0000,2974.0000,2972.0000,2981.0000,2981.2000,2981.6000,2982.0000,2982.4000,1,1,1,3,1,1,1,1,1,1
SF,IH2006,2019-11-11 09:36:42.000,2980.2000,1064,0,44737320.000,0,-,-,-,-,2978.8000,2978.4000,2975.0000,2974.0000,2972.0000,2980.8000,2981.0000,2981.2000,2981.6000,2982.0000,1,1,1,3,1,1,1,1,1,1
SF,IH2006,2019-11-11 09:36:42.500,2980.2000,1064,0,44737320.000,0,-,-,-,-,2979.0000,2978.8000,2978.4000,2975.0000,2974.0000,2980.8000,2981.2000,2981.6000,2982.0000,2982.4000,1,1,1,1,3,1,1,1,1,1
SF,IH2006,2019-11-11 09:36:50.500,2980.2000,1064,0,44737320.000,0,-,-,-,-,2979.0000,2978.4000,2975.0000,2974.0000,2972.0000,2980.8000,2981.2000,2981.6000,2982.0000,2982.4000,1,1,1,3,1,1,1,1,1,1
SF,IH2006,2019-11-11 09:36:51.000,2980.2000,1064,0,44737320.000,0,-,-,-,-,2979.0000,2978.4000,2975.0000,2974.0000,2972.0000,2980.6000,2980.8000,2981.2000,2981.6000,2982.0000,1,1,1,3,1,1,1,1,1,1
SF,IH2006,2019-11-11 09:36:54.000,2980.2000,1064,0,44737320.000,0,-,-,-,-,2980.0000,2979.0000,2978.4000,2975.0000,2974.0000,2980.6000,2980.8000,2981.2000,2981.6000,2982.0000,1,1,1,1,3,1,1,1,1,1
SF,IH2006,2019-11-11 09:36:54.500,2980.0000,1064,0,45631320.000,1,0,1,多换,S,2978.4000,2975.0000,2974.0000,2972.0000,2967.8000,2980.6000,2980.8000,2981.2000,2981.6000,2982.0000,1,1,3,1,6,1,1,1,1,1
SF,IH2006,2019-11-11 09:36:55.000,2980.0000,1064,0,45631320.000,0,-,-,-,-,2978.6000,2978.4000,2975.0000,2974.0000,2972.0000,2980.6000,2980.8000,2981.2000,2981.6000,2982.0000,1,1,1,3,1,1,1,1,1,1
SF,IH2006,2019-11-11 09:36:55.500,2980.0000,1064,0,45631320.000,0,-,-,-,-,2978.8000,2978.6000,2978.4000,2975.0000,2974.0000,2980.6000,2980.8000,2981.2000,2981.6000,2982.0000,1,1,1,1,3,1,1,1,1,1
SF,IH2006,2019-11-11 09:36:56.000,2980.0000,1064,0,45631320.000,0,-,-,-,-,2979.0000,2978.8000,2978.4000,2975.0000,2974.0000,2980.8000,2981.2000,2981.6000,2982.0000,2982.4000,1,1,1,1,3,1,1,1,1,1
SF,IH2006,2019-11-11 09:36:58.000,2980.0000,1064,0,45631320.000,0,-,-,-,-,2979.0000,2978.8000,2978.4000,2975.0000,2974.0000,2981.2000,2981.6000,2982.0000,2982.4000,2985.0000,1,1,1,1,3,1,1,1,1,2
SF,IH2006,2019-11-11 09:37:01.500,2980.0000,1064,0,45631320.000,0,-,-,-,-,2979.0000,2978.4000,2975.0000,2974.0000,2972.0000,2981.2000,2981.6000,2982.0000,2982.4000,2985.0000,1,1,1,3,1,1,1,1,1,2
SF,IH2006,2019-11-11 09:37:02.000,2980.0000,1064,0,45631320.000,0,-,-,-,-,2975.0000,2974.0000,2972.0000,2967.8000,2963.8000,2981.0000,2981.2000,2981.6000,2982.0000,2982.4000,1,3,1,6,1,3,1,1,1,1
SF,IH2006,2019-11-11 09:37:02.500,2980.0000,1064,0,45631320.000,0,-,-,-,-,2976.8000,2975.2000,2975.0000,2974.0000,2972.0000,2980.8000,2981.0000,2981.2000,2981.6000,2982.0000,3,2,2,3,1,1,3,1,1,1
SF,IH2006,2019-11-11 09:37:03.000,2980.0000,1064,0,45631320.000,0,-,-,-,-,2977.0000,2976.8000,2975.2000,2975.0000,2974.0000,2980.8000,2981.2000,2981.6000,2982.0000,2982.4000,1,3,2,2,3,1,1,1,1,1
SF,IH2006,2019-11-11 09:37:03.500,2980.0000,1064,0,45631320.000,0,-,-,-,-,2977.0000,2975.2000,2975.0000,2974.0000,2972.0000,2980.6000,2980.8000,2981.2000,2981.6000,2982.0000,1,2,2,3,1,2,1,1,1,1
SF,IH2006,2019-11-11 09:37:04.000,2980.0000,1064,0,45631320.000,0,-,-,-,-,2977.2000,2977.0000,2975.2000,2975.0000,2974.0000,2980.4000,2980.6000,2980.8000,2981.2000,2981.6000,2,1,2,2,3,1,3,1,1,1
SF,IH2006,2019-11-11 09:37:04.500,2980.0000,1064,0,45631320.000,0,-,-,-,-,2977.4000,2977.2000,2977.0000,2975.2000,2975.0000,2980.2000,2980.4000,2980.6000,2980.8000,2981.2000,1,2,1,2,2,1,1,1,1,1
SF,IH2006,2019-11-11 09:37:05.000,2980.0000,1064,0,45631320.000,0,-,-,-,-,2977.6000,2977.4000,2977.0000,2975.2000,2975.0000,2980.0000,2980.2000,2980.4000,2980.6000,2980.8000,1,1,1,2,2,2,1,1,1,1
SF,IH2006,2019-11-11 09:37:05.500,2980.0000,1064,0,45631320.000,0,-,-,-,-,2977.6000,2977.4000,2977.0000,2975.2000,2975.0000,2979.8000,2980.0000,2980.4000,2980.6000,2980.8000,1,1,1,2,2,1,2,1,1,1
SF,IH2006,2019-11-11 09:37:06.500,2980.0000,1064,0,45631320.000,0,-,-,-,-,2977.6000,2977.4000,2977.0000,2975.2000,2975.0000,2979.8000,2980.0000,2980.4000,2980.8000,2981.2000,1,1,1,2,2,1,2,1,1,1
SF,IH2006,2019-11-11 09:37:07.000,2980.0000,1064,0,45631320.000,0,-,-,-,-,2977.6000,2977.4000,2977.0000,2975.2000,2975.0000,2979.6000,2979.8000,2980.0000,2980.4000,2980.8000,1,1,1,2,2,1,1,2,1,1
SF,IH2006,2019-11-11 09:37:07.500,2980.0000,1064,0,45631320.000,0,-,-,-,-,2977.6000,2977.4000,2977.0000,2975.2000,2975.0000,2979.4000,2979.6000,2980.0000,2980.4000,2980.8000,1,1,1,2,2,1,1,2,1,1
SF,IH2006,2019-11-11 09:37:08.500,2980.0000,1064,0,45631320.000,0,-,-,-,-,2977.6000,2977.0000,2975.2000,2975.0000,2974.0000,2979.4000,2979.6000,2980.0000,2980.4000,2980.8000,1,1,2,2,3,1,1,2,1,1
SF,IH2006,2019-11-11 09:37:09.000,2980.0000,1064,0,45631320.000,0,-,-,-,-,2977.0000,2975.2000,2975.0000,2974.0000,2972.0000,2979.4000,2979.6000,2980.0000,2980.4000,2980.8000,1,2,1,3,1,1,1,2,1,1
SF,IH2006,2019-11-11 09:37:09.500,2980.0000,1064,0,45631320.000,0,-,-,-,-,2977.2000,2977.0000,2975.2000,2975.0000,2974.0000,2979.4000,2979.6000,2980.0000,2980.4000,2980.8000,1,1,2,1,3,1,1,2,1,1
SF,IH2006,2019-11-11 09:37:10.000,2980.0000,1064,0,45631320.000,0,-,-,-,-,2975.0000,2974.0000,2972.0000,2967.8000,2963.8000,2979.2000,2979.4000,2979.6000,2980.0000,2980.4000,1,3,1,6,1,1,1,1,2,1
SF,IH2006,2019-11-11 09:37:10.500,2980.0000,1064,0,45631320.000,0,-,-,-,-,2975.8000,2975.2000,2975.0000,2974.0000,2972.0000,2979.2000,2979.6000,2980.0000,2980.4000,2980.8000,3,2,1,3,1,1,1,2,1,1
SF,IH2006,2019-11-11 09:37:11.000,2980.0000,1064,0,45631320.000,0,-,-,-,-,2976.0000,2975.8000,2975.0000,2974.0000,2972.0000,2979.0000,2979.2000,2979.6000,2980.0000,2980.4000,1,3,1,3,1,1,1,1,2,1
SF,IH2006,2019-11-11 09:37:11.500,2980.0000,1064,0,45631320.000,0,-,-,-,-,2976.0000,2975.0000,2974.0000,2972.0000,2967.8000,2978.8000,2979.0000,2979.2000,2979.6000,2980.0000,1,1,3,1,6,1,1,1,1,2
SF,IH2006,2019-11-11 09:37:12.000,2980.0000,1064,0,45631320.000,0,-,-,-,-,2976.2000,2976.0000,2975.0000,2974.0000,2972.0000,2978.8000,2979.2000,2979.6000,2980.0000,2980.4000,2,1,1,3,1,1,1,1,2,1
SF,IH2006,2019-11-11 09:37:12.500,2980.0000,1064,0,45631320.000,0,-,-,-,-,2976.4000,2976.2000,2976.0000,2975.0000,2974.0000,2978.8000,2979.2000,2979.6000,2980.0000,2980.4000,1,2,1,1,3,1,1,1,2,1
SF,IH2006,2019-11-11 09:37:13.000,2980.0000,1064,0,45631320.000,0,-,-,-,-,2976.6000,2976.4000,2976.0000,2975.0000,2974.0000,2978.8000,2979.2000,2979.6000,2980.0000,2980.4000,1,1,1,1,3,1,1,1,2,1
SF,IH2006,2019-11-11 09:37:13.500,2980.0000,1064,0,45631320.000,0,-,-,-,-,2976.8000,2976.6000,2976.4000,2976.0000,2975.0000,2979.2000,2979.6000,2980.0000,2980.4000,2985.0000,1,1,1,1,1,1,1,2,1,2
SF,IH2006,2019-11-11 09:37:14.000,2980.0000,1064,0,45631320.000,0,-,-,-,-,2977.0000,2976.8000,2976.4000,2976.0000,2975.0000,2979.2000,2979.6000,2980.0000,2980.4000,2985.0000,1,1,1,1,1,1,1,2,1,2
SF,IH2006,2019-11-11 09:37:14.500,2980.0000,1064,0,45631320.000,0,-,-,-,-,2977.0000,2976.8000,2976.4000,2976.0000,2975.0000,2979.0000,2979.2000,2979.6000,2980.0000,2980.4000,1,1,1,1,1,1,1,1,2,1
SF,IH2006,2019-11-11 09:37:16.500,2980.0000,1064,0,45631320.000,0,-,-,-,-,2977.2000,2977.0000,2976.8000,2976.4000,2976.0000,2979.0000,2980.0000,2980.4000,2985.0000,2986.8000,1,1,1,1,1,1,1,1,2,5
SF,IH2006,2019-11-11 09:37:17.000,2980.0000,1064,0,45631320.000,0,-,-,-,-,2977.4000,2977.2000,2976.8000,2976.4000,2976.0000,2980.0000,2980.4000,2985.0000,2986.8000,2995.8000,2,1,1,1,1,1,1,2,5,1
SF,IH2006,2019-11-11 09:37:17.500,2980.0000,1064,0,45631320.000,0,-,-,-,-,2977.6000,2977.4000,2977.2000,2976.8000,2976.4000,2979.8000,2980.4000,2985.0000,2986.8000,2995.8000,1,2,1,1,1,1,1,2,5,1
SF,IH2006,2019-11-11 09:37:18.000,2980.0000,1064,0,45631320.000,0,-,-,-,-,2977.2000,2976.8000,2976.4000,2976.0000,2975.0000,2979.6000,2979.8000,2980.4000,2985.0000,2986.8000,1,1,1,1,1,1,1,1,2,5
SF,IH2006,2019-11-11 09:37:18.500,2980.0000,1064,0,45631320.000,0,-,-,-,-,2977.4000,2977.2000,2976.8000,2976.4000,2976.0000,2979.6000,2980.4000,2985.0000,2986.8000,2995.8000,1,1,1,1,1,1,1,2,5,1
SF,IH2006,2019-11-11 09:37:19.000,2980.0000,1064,0,45631320.000,0,-,-,-,-,2977.4000,2977.2000,2976.8000,2976.4000,2976.0000,2979.4000,2979.6000,2980.4000,2985.0000,2986.8000,1,1,1,1,1,1,1,1,2,5
SF,IH2006,2019-11-11 09:37:20.000,2980.0000,1064,0,45631320.000,0,-,-,-,-,2977.4000,2976.8000,2976.4000,2976.0000,2975.0000,2979.2000,2979.4000,2979.6000,2980.4000,2985.0000,1,1,1,1,1,1,1,1,1,2
SF,IH2006,2019-11-11 09:37:20.500,2980.0000,1064,0,45631320.000,0,-,-,-,-,2977.4000,2976.8000,2976.4000,2976.0000,2975.0000,2979.0000,2979.2000,2979.6000,2980.4000,2985.0000,1,1,1,1,1,1,1,1,1,2
SF,IH2006,2019-11-11 09:37:25.000,2980.0000,1064,0,45631320.000,0,-,-,-,-,2977.4000,2976.4000,2976.0000,2975.0000,2974.0000,2979.0000,2979.2000,2979.6000,2980.4000,2985.0000,1,1,1,1,3,1,1,1,1,2
SF,IH2006,2019-11-11 09:37:34.000,2980.0000,1064,0,45631320.000,0,-,-,-,-,2977.4000,2976.0000,2975.0000,2974.0000,2972.0000,2979.0000,2979.2000,2979.6000,2980.4000,2985.0000,1,1,1,3,1,1,1,1,1,2
SF,IH2006,2019-11-11 09:37:34.500,2980.0000,1064,0,45631320.000,0,-,-,-,-,2976.0000,2975.0000,2974.0000,2972.0000,2967.8000,2977.4000,2979.0000,2979.2000,2979.6000,2980.4000,1,1,3,1,6,1,1,1,1,1
SF,IH2006,2019-11-11 09:37:35.000,2977.4000,1064,0,46524540.000,1,0,1,多换,S,2976.2000,2976.0000,2975.0000,2974.0000,2972.0000,2979.2000,2979.6000,2980.4000,2985.0000,2986.8000,1,1,1,3,1,1,1,1,2,5
SF,IH2006,2019-11-11 09:37:35.500,2977.4000,1064,0,46524540.000,0,-,-,-,-,2976.2000,2976.0000,2975.0000,2974.0000,2972.0000,2979.0000,2979.2000,2979.6000,2980.4000,2985.0000,1,1,1,3,1,3,1,1,1,2
SF,IH2006,2019-11-11 09:37:36.000,2977.4000,1064,0,46524540.000,0,-,-,-,-,2976.2000,2976.0000,2975.0000,2974.0000,2972.0000,2978.8000,2979.0000,2979.2000,2979.6000,2980.4000,1,1,1,3,1,1,3,1,1,1
SF,IH2006,2019-11-11 09:37:36.500,2977.4000,1064,0,46524540.000,0,-,-,-,-,2976.2000,2976.0000,2975.0000,2974.0000,2972.0000,2978.6000,2978.8000,2979.0000,2979.2000,2979.6000,1,1,1,3,1,1,1,1,1,1
SF,IH2006,2019-11-11 09:37:38.000,2977.4000,1064,0,46524540.000,0,-,-,-,-,2976.4000,2976.2000,2976.0000,2975.0000,2974.0000,2978.6000,2978.8000,2979.0000,2979.2000,2979.6000,1,1,1,1,3,1,1,1,1,1
SF,IH2006,2019-11-11 09:37:38.500,2977.4000,1064,0,46524540.000,0,-,-,-,-,2976.6000,2976.4000,2976.0000,2975.0000,2974.0000,2978.6000,2978.8000,2979.0000,2979.2000,2979.6000,1,1,1,1,3,1,1,1,1,1
SF,IH2006,2019-11-11 09:37:45.500,2977.4000,1064,0,46524540.000,0,-,-,-,-,2976.8000,2976.6000,2976.4000,2976.0000,2975.0000,2978.6000,2978.8000,2979.0000,2979.2000,2979.6000,1,1,1,1,1,1,1,1,1,1
SF,IH2006,2019-11-11 09:37:46.000,2977.4000,1064,0,46524540.000,0,-,-,-,-,2976.4000,2976.0000,2975.0000,2974.0000,2972.0000,2978.6000,2978.8000,2979.2000,2979.6000,2980.4000,1,1,1,3,1,1,1,1,1,1
SF,IH2006,2019-11-11 09:37:46.500,2977.4000,1064,0,46524540.000,0,-,-,-,-,2976.6000,2976.4000,2976.0000,2975.0000,2974.0000,2978.6000,2978.8000,2979.2000,2979.6000,2980.4000,1,1,1,1,3,1,1,1,1,1
SF,IH2006,2019-11-11 09:37:48.000,2977.4000,1064,0,46524540.000,0,-,-,-,-,2976.8000,2976.6000,2976.4000,2976.0000,2975.0000,2978.6000,2978.8000,2979.2000,2979.6000,2980.4000,1,1,1,1,1,1,1,1,1,1
SF,IH2006,2019-11-11 09:37:48.500,2977.4000,1064,0,46524540.000,0,-,-,-,-,2976.4000,2976.0000,2975.0000,2974.0000,2972.0000,2978.6000,2978.8000,2979.2000,2979.6000,2980.4000,1,1,1,3,1,1,1,1,1,1
