市场代码,合约代码,时间,最新,持仓,增仓,成交额,成交量,开仓,平仓,成交类型,方向,买一价,买二价,买三价,买四价,买五价,卖一价,卖二价,卖三价,卖四价,卖五价,买一量,买二量,买三量,买四量,买五量,卖一量,卖二量,卖三量,卖四量,卖五量
SF,IH2012,2020-04-28 09:29:00.200,2652.0000,1095,0,1591200.000,2.000,-,-,-,-,2647.4000,2645.6000,2645.0000,2644.2000,2630.8000,2652.0000,2662.0000,2666.8000,2667.4000,2685.0000,1,1,2,1,1,1,1,1,1,1
SF,IH2012,2020-04-28 09:30:00.200,2652.0000,1095,0,1591200.000,0,-,-,-,-,2647.8000,2647.4000,2645.6000,2645.0000,2644.2000,2652.0000,2656.0000,2662.0000,2666.8000,2685.0000,2,1,1,2,1,1,1,1,1,1
SF,IH2012,2020-04-28 09:30:00.700,2652.0000,1095,0,1591200.000,0,-,-,-,-,2648.0000,2647.4000,2645.0000,2644.2000,2630.8000,2651.8000,2652.0000,2656.0000,2662.0000,2685.0000,1,1,2,1,1,1,1,1,1,1
SF,IH2012,2020-04-28 09:30:01.200,2652.0000,1095,0,1591200.000,0,-,-,-,-,2648.0000,2647.4000,2645.0000,2644.2000,2626.0000,2651.8000,2652.0000,2656.0000,2662.0000,2685.0000,1,1,2,1,1,1,1,1,1,1
SF,IH2012,2020-04-28 09:30:01.700,2652.0000,1095,0,1591200.000,0,-,-,-,-,2648.0000,2645.0000,2626.0000,2625.4000,2620.0000,2651.8000,2652.0000,2656.0000,2662.0000,2685.0000,1,2,1,1,1,1,1,1,1,1
SF,IH2012,2020-04-28 09:30:02.700,2652.0000,1095,0,1591200.000,0,-,-,-,-,2648.0000,2645.0000,2626.0000,2625.4000,2620.0000,2651.4000,2651.8000,2652.0000,2656.0000,2662.0000,1,2,1,1,1,2,1,1,1,1
SF,IH2012,2020-04-28 09:30:03.200,2652.0000,1095,0,1591200.000,0,-,-,-,-,2648.0000,2645.0000,2626.0000,2625.4000,2620.0000,2651.2000,2652.0000,2656.0000,2662.0000,2685.0000,1,2,1,1,1,1,1,1,1,1
SF,IH2012,2020-04-28 09:30:25.200,2651.2000,1095,0,2386560.000,1,0,1,多换,S,2648.0000,2645.0000,2626.0000,2625.4000,2620.0000,2652.0000,2656.0000,2662.0000,2685.0000,2688.0000,1,2,1,1,1,1,1,1,1,1
SF,IH2012,2020-04-28 09:30:25.700,2651.2000,1095,0,2386560.000,0,-,-,-,-,2648.0000,2645.0000,2626.0000,2625.4000,2620.0000,2652.0000,2656.0000,2662.0000,2685.0000,2688.0000,1,2,1,1,1,2,1,1,1,1
SF,IH2012,2020-04-28 09:30:26.200,2651.2000,1095,0,2386560.000,0,-,-,-,-,2648.0000,2645.0000,2626.0000,2625.4000,2620.0000,2651.8000,2652.0000,2656.0000,2662.0000,2685.0000,1,2,1,1,1,1,2,1,1,1
SF,IH2012,2020-04-28 09:30:26.700,2651.2000,1095,0,2386560.000,0,-,-,-,-,2648.0000,2645.0000,2626.0000,2625.4000,2620.0000,2651.8000,2652.0000,2656.0000,2662.0000,2685.0000,1,2,1,1,1,2,1,1,1,1
SF,IH2012,2020-04-28 09:30:30.200,2651.2000,1095,0,2386560.000,0,-,-,-,-,2648.0000,2645.0000,2626.0000,2625.4000,2620.0000,2651.2000,2651.8000,2652.0000,2656.0000,2662.0000,1,2,1,1,1,1,2,1,1,1
SF,IH2012,2020-04-28 09:30:30.700,2651.2000,1095,0,2386560.000,0,-,-,-,-,2648.0000,2645.0000,2626.0000,2625.4000,2620.0000,2651.2000,2651.8000,2652.0000,2656.0000,2662.0000,1,2,1,1,1,2,1,1,1,1
SF,IH2012,2020-04-28 09:30:31.700,2648.0000,1094,-1,3180960.000,1,0,1,双平,S,2645.0000,2626.0000,2625.4000,2620.0000,2602.4000,2651.2000,2651.8000,2652.0000,2656.0000,2662.0000,2,1,1,1,1,2,1,1,1,1
SF,IH2012,2020-04-28 09:30:32.200,2648.0000,1094,0,3180960.000,0,-,-,-,-,2645.4000,2645.0000,2626.0000,2625.4000,2620.0000,2651.2000,2651.8000,2652.0000,2656.0000,2662.0000,2,2,1,1,1,2,1,1,1,1
SF,IH2012,2020-04-28 09:30:32.700,2648.0000,1094,0,3180960.000,0,-,-,-,-,2645.4000,2645.0000,2626.0000,2625.4000,2620.0000,2651.2000,2652.0000,2656.0000,2662.0000,2685.0000,2,2,1,1,1,2,1,1,1,1
SF,IH2012,2020-04-28 09:30:33.700,2648.0000,1094,0,3180960.000,0,-,-,-,-,2645.6000,2645.4000,2645.0000,2626.0000,2625.4000,2651.2000,2652.0000,2656.0000,2662.0000,2685.0000,1,2,2,1,1,2,1,1,1,1
SF,IH2012,2020-04-28 09:30:34.200,2648.0000,1094,0,3180960.000,0,-,-,-,-,2645.6000,2645.4000,2645.0000,2626.0000,2625.4000,2651.0000,2651.2000,2652.0000,2656.0000,2662.0000,1,2,2,1,1,1,2,1,1,1
SF,IH2012,2020-04-28 09:30:34.700,2648.0000,1094,0,3180960.000,0,-,-,-,-,2645.8000,2645.6000,2645.0000,2626.0000,2625.4000,2651.0000,2651.2000,2652.0000,2656.0000,2662.0000,2,1,2,1,1,2,1,1,1,1
SF,IH2012,2020-04-28 09:30:35.200,2648.0000,1094,0,3180960.000,0,-,-,-,-,2645.0000,2626.0000,2625.4000,2620.0000,2602.4000,2651.0000,2651.2000,2652.0000,2656.0000,2662.0000,2,1,1,1,1,2,1,1,1,1
SF,IH2012,2020-04-28 09:30:35.700,2648.0000,1094,0,3180960.000,0,-,-,-,-,2650.0000,2645.4000,2645.0000,2626.0000,2625.4000,2651.0000,2652.0000,2656.0000,2662.0000,2685.0000,1,2,2,1,1,2,1,1,1,1
SF,IH2012,2020-04-28 09:30:36.200,2650.0000,1094,0,3975960.000,1,0,1,多换,S,2645.4000,2645.0000,2626.0000,2625.4000,2620.0000,2650.6000,2651.0000,2652.0000,2656.0000,2662.0000,2,2,1,1,1,1,2,1,1,1
SF,IH2012,2020-04-28 09:30:36.700,2650.0000,1094,0,3975960.000,0,-,-,-,-,2645.4000,2645.0000,2626.0000,2625.4000,2620.0000,2650.6000,2651.0000,2652.0000,2656.0000,2662.0000,2,2,1,1,1,2,1,1,1,1
SF,IH2012,2020-04-28 09:30:37.200,2650.0000,1094,0,3975960.000,0,-,-,-,-,2645.4000,2645.0000,2626.0000,2625.4000,2620.0000,2650.2000,2650.6000,2651.0000,2652.0000,2656.0000,2,2,1,1,1,1,2,1,1,1
SF,IH2012,2020-04-28 09:30:37.700,2650.0000,1094,0,3975960.000,0,-,-,-,-,2645.4000,2645.0000,2626.0000,2625.4000,2620.0000,2650.0000,2650.2000,2650.4000,2650.6000,2652.0000,2,2,1,1,1,1,2,1,1,1
SF,IH2012,2020-04-28 09:30:38.200,2650.0000,1094,0,3975960.000,0,-,-,-,-,2645.4000,2645.0000,2626.0000,2625.4000,2620.0000,2650.0000,2650.2000,2650.4000,2650.6000,2652.0000,2,2,1,1,1,2,1,1,1,1
SF,IH2012,2020-04-28 09:30:38.700,2650.0000,1094,0,3975960.000,0,-,-,-,-,2645.4000,2645.0000,2626.0000,2625.4000,2620.0000,2649.8000,2650.0000,2650.4000,2652.0000,2656.0000,2,2,1,1,1,1,2,1,1,1
SF,IH2012,2020-04-28 09:30:39.200,2650.0000,1094,0,3975960.000,0,-,-,-,-,2645.0000,2626.0000,2625.4000,2620.0000,2602.4000,2649.6000,2649.8000,2650.4000,2652.0000,2656.0000,2,1,1,1,1,2,2,1,1,1
SF,IH2012,2020-04-28 09:30:39.700,2650.0000,1094,0,3975960.000,0,-,-,-,-,2645.6000,2645.2000,2645.0000,2626.0000,2625.4000,2649.6000,2649.8000,2650.4000,2652.0000,2656.0000,1,2,2,1,1,3,1,1,1,1
SF,IH2012,2020-04-28 09:30:40.700,2650.0000,1094,0,3975960.000,0,-,-,-,-,2645.2000,2645.0000,2630.0000,2626.0000,2625.4000,2649.6000,2649.8000,2650.4000,2652.0000,2656.0000,2,2,1,1,1,3,1,1,1,1
SF,IH2012,2020-04-28 09:30:41.200,2650.0000,1094,0,3975960.000,0,-,-,-,-,2645.2000,2645.0000,2630.0000,2626.0000,2625.4000,2649.2000,2649.6000,2649.8000,2650.4000,2652.0000,2,2,1,1,1,1,2,1,1,1
SF,IH2012,2020-04-28 09:30:41.700,2650.0000,1094,0,3975960.000,0,-,-,-,-,2645.2000,2645.0000,2630.0000,2626.0000,2625.4000,2649.2000,2649.6000,2650.4000,2652.0000,2656.0000,2,2,1,1,1,2,1,1,1,1
SF,IH2012,2020-04-28 09:30:42.200,2650.0000,1094,0,3975960.000,0,-,-,-,-,2645.4000,2645.2000,2645.0000,2630.0000,2626.0000,2649.2000,2650.4000,2652.0000,2656.0000,2662.0000,1,2,2,1,1,2,1,1,1,1
SF,IH2012,2020-04-28 09:30:43.200,2650.0000,1094,0,3975960.000,0,-,-,-,-,2645.4000,2645.2000,2645.0000,2630.0000,2626.0000,2649.0000,2649.2000,2650.4000,2652.0000,2656.0000,2,2,2,1,1,1,2,1,1,1
SF,IH2012,2020-04-28 09:30:43.700,2650.0000,1094,0,3975960.000,0,-,-,-,-,2645.4000,2645.2000,2645.0000,2630.0000,2626.0000,2649.0000,2649.2000,2650.4000,2652.0000,2656.0000,2,2,2,1,1,2,1,1,1,1
SF,IH2012,2020-04-28 09:30:44.200,2650.0000,1094,0,3975960.000,0,-,-,-,-,2645.6000,2645.4000,2645.0000,2630.0000,2626.0000,2649.0000,2650.4000,2652.0000,2656.0000,2662.0000,2,2,2,1,1,2,1,1,1,1
SF,IH2012,2020-04-28 09:30:44.700,2650.0000,1094,0,3975960.000,0,-,-,-,-,2645.4000,2645.0000,2630.0000,2626.0000,2625.4000,2649.0000,2650.4000,2652.0000,2656.0000,2662.0000,2,2,1,1,1,2,1,1,1,1
SF,IH2012,2020-04-28 09:30:46.700,2650.0000,1094,0,3975960.000,0,-,-,-,-,2645.6000,2645.4000,2645.0000,2630.0000,2626.0000,2648.8000,2649.0000,2652.0000,2656.0000,2662.0000,1,2,2,1,1,1,2,1,1,1
SF,IH2012,2020-04-28 09:30:47.200,2650.0000,1094,0,3975960.000,0,-,-,-,-,2645.6000,2645.4000,2645.0000,2630.0000,2626.0000,2648.8000,2649.0000,2652.0000,2656.0000,2662.0000,1,2,2,1,1,2,1,1,1,1
SF,IH2012,2020-04-28 09:30:47.700,2650.0000,1094,0,3975960.000,0,-,-,-,-,2645.6000,2645.4000,2645.0000,2630.0000,2626.0000,2648.8000,2652.0000,2656.0000,2662.0000,2665.2000,1,1,2,1,1,2,1,1,1,1
SF,IH2012,2020-04-28 09:30:49.200,2650.0000,1094,0,3975960.000,0,-,-,-,-,2645.6000,2645.4000,2645.0000,2630.0000,2626.0000,2648.8000,2656.0000,2662.0000,2665.2000,2685.0000,1,1,2,1,1,2,1,1,1,1
SF,IH2012,2020-04-28 09:30:49.700,2650.0000,1094,0,3975960.000,0,-,-,-,-,2645.6000,2645.4000,2645.0000,2630.0000,2626.0000,2648.8000,2650.0000,2656.0000,2662.0000,2665.2000,1,1,2,1,1,2,1,1,1,1
SF,IH2012,2020-04-28 09:30:51.200,2650.0000,1094,0,3975960.000,0,-,-,-,-,2645.6000,2645.4000,2645.0000,2630.0000,2626.0000,2648.6000,2648.8000,2650.0000,2656.0000,2662.0000,1,1,2,1,1,1,2,1,1,1
SF,IH2012,2020-04-28 09:30:51.700,2650.0000,1094,0,3975960.000,0,-,-,-,-,2645.6000,2645.4000,2645.0000,2630.0000,2626.0000,2648.6000,2648.8000,2650.0000,2656.0000,2662.0000,1,1,2,1,1,2,1,1,1,1
SF,IH2012,2020-04-28 09:30:53.700,2650.0000,1094,0,3975960.000,0,-,-,-,-,2645.6000,2645.4000,2645.0000,2630.0000,2626.0000,2648.4000,2648.6000,2650.0000,2656.0000,2662.0000,1,1,2,1,1,1,2,1,1,1
SF,IH2012,2020-04-28 09:30:54.200,2650.0000,1094,0,3975960.000,0,-,-,-,-,2645.6000,2645.4000,2645.0000,2630.0000,2626.0000,2648.4000,2648.6000,2650.0000,2656.0000,2662.0000,1,1,2,1,1,2,1,1,1,1
SF,IH2012,2020-04-28 09:31:00.200,2650.0000,1094,0,3975960.000,0,-,-,-,-,2645.6000,2645.4000,2645.0000,2630.0000,2626.0000,2648.4000,2648.6000,2650.0000,2656.0000,2662.0000,1,1,2,1,1,2,1,1,1,1
SF,IH2012,2020-04-28 09:31:00.700,2650.0000,1094,0,3975960.000,0,-,-,-,-,2645.8000,2645.6000,2645.4000,2645.0000,2630.0000,2648.2000,2648.4000,2648.6000,2650.0000,2656.0000,1,1,1,2,1,1,2,1,1,1
SF,IH2012,2020-04-28 09:31:01.200,2650.0000,1094,0,3975960.000,0,-,-,-,-,2645.8000,2645.6000,2645.4000,2645.0000,2630.0000,2648.2000,2648.4000,2648.6000,2650.0000,2656.0000,1,1,1,2,1,2,1,1,1,1
SF,IH2012,2020-04-28 09:31:02.200,2650.0000,1094,0,3975960.000,0,-,-,-,-,2645.8000,2645.6000,2645.4000,2645.0000,2630.0000,2648.0000,2648.2000,2648.6000,2650.0000,2656.0000,1,1,1,2,1,1,2,1,1,1
SF,IH2012,2020-04-28 09:31:02.700,2650.0000,1094,0,3975960.000,0,-,-,-,-,2645.8000,2645.6000,2645.4000,2645.0000,2630.0000,2648.0000,2648.6000,2650.0000,2656.0000,2662.0000,1,1,1,2,1,2,1,1,1,1
SF,IH2012,2020-04-28 09:31:03.200,2650.0000,1094,0,3975960.000,0,-,-,-,-,2646.0000,2645.8000,2645.4000,2645.0000,2630.0000,2647.8000,2648.0000,2648.6000,2650.0000,2656.0000,1,1,1,2,1,1,2,1,1,1
SF,IH2012,2020-04-28 09:31:03.700,2650.0000,1094,0,3975960.000,0,-,-,-,-,2646.2000,2646.0000,2645.4000,2645.0000,2630.0000,2647.8000,2648.0000,2648.6000,2650.0000,2656.0000,1,1,1,2,1,2,1,1,1,1
SF,IH2012,2020-04-28 09:31:04.700,2650.0000,1094,0,3975960.000,0,-,-,-,-,2646.2000,2645.4000,2645.0000,2630.0000,2626.0000,2647.8000,2648.0000,2648.6000,2650.0000,2656.0000,1,1,2,1,1,2,1,1,1,1
SF,IH2012,2020-04-28 09:31:05.700,2650.0000,1094,0,3975960.000,0,-,-,-,-,2646.2000,2645.6000,2645.4000,2645.0000,2630.0000,2647.8000,2648.0000,2648.6000,2650.0000,2656.0000,1,1,1,2,1,2,1,1,1,1
SF,IH2012,2020-04-28 09:31:06.200,2650.0000,1094,0,3975960.000,0,-,-,-,-,2646.2000,2645.6000,2645.4000,2645.0000,2630.0000,2647.6000,2647.8000,2648.6000,2650.0000,2656.0000,1,1,1,2,1,1,2,1,1,1
SF,IH2012,2020-04-28 09:31:06.700,2650.0000,1094,0,3975960.000,0,-,-,-,-,2646.2000,2645.6000,2645.4000,2645.0000,2630.0000,2647.4000,2647.6000,2648.6000,2650.0000,2656.0000,1,1,1,2,1,1,2,1,1,1
SF,IH2012,2020-04-28 09:31:07.200,2650.0000,1094,0,3975960.000,0,-,-,-,-,2646.2000,2645.6000,2645.0000,2630.0000,2626.0000,2647.4000,2647.6000,2648.6000,2650.0000,2656.0000,1,2,2,1,1,2,1,1,1,1
SF,IH2012,2020-04-28 09:31:10.700,2650.0000,1094,0,3975960.000,0,-,-,-,-,2646.2000,2645.6000,2645.0000,2630.0000,2626.0000,2647.4000,2648.6000,2650.0000,2656.0000,2662.0000,1,2,2,1,1,2,1,1,1,1
SF,IH2012,2020-04-28 09:31:11.200,2650.0000,1094,0,3975960.000,0,-,-,-,-,2646.2000,2645.6000,2645.0000,2630.0000,2626.0000,2647.4000,2648.6000,2650.0000,2656.0000,2662.0000,1,2,2,1,1,1,1,1,1,1
SF,IH2012,2020-04-28 09:31:12.700,2647.4000,1094,0,4770180.000,1,0,1,多换,S,2646.2000,2645.6000,2645.0000,2630.0000,2626.0000,2648.6000,2650.0000,2656.0000,2662.0000,2665.2000,1,2,2,1,1,1,1,1,1,1
SF,IH2012,2020-04-28 09:31:13.200,2647.4000,1094,0,4770180.000,0,-,-,-,-,2646.6000,2646.2000,2645.6000,2645.0000,2630.0000,2648.6000,2650.0000,2656.0000,2662.0000,2665.2000,2,1,2,2,1,1,1,1,1,1
SF,IH2012,2020-04-28 09:31:13.700,2647.4000,1094,0,4770180.000,0,-,-,-,-,2646.8000,2646.6000,2645.6000,2645.0000,2630.0000,2648.6000,2650.0000,2656.0000,2662.0000,2665.2000,1,2,2,2,1,1,1,1,1,1
SF,IH2012,2020-04-28 09:31:15.200,2647.4000,1094,0,4770180.000,0,-,-,-,-,2646.8000,2645.6000,2645.0000,2630.0000,2626.0000,2648.6000,2650.0000,2656.0000,2662.0000,2665.2000,1,2,2,1,1,1,1,1,1,1
SF,IH2012,2020-04-28 09:31:15.700,2647.4000,1094,0,4770180.000,0,-,-,-,-,2646.8000,2645.6000,2645.0000,2630.0000,2626.0000,2648.4000,2648.6000,2650.0000,2656.0000,2662.0000,1,2,2,1,1,1,1,1,1,1
SF,IH2012,2020-04-28 09:31:42.200,2647.4000,1094,0,4770180.000,0,-,-,-,-,2646.8000,2645.6000,2630.0000,2626.0000,2625.4000,2648.4000,2648.6000,2650.0000,2656.0000,2662.0000,1,2,1,1,1,1,1,1,1,1
SF,IH2012,2020-04-28 09:31:42.700,2647.4000,1094,0,4770180.000,0,-,-,-,-,2645.6000,2630.0000,2626.0000,2625.4000,2620.0000,2648.4000,2648.6000,2650.0000,2656.0000,2662.0000,2,1,1,1,1,1,1,1,1,1
SF,IH2012,2020-04-28 09:31:43.200,2647.4000,1094,0,4770180.000,0,-,-,-,-,2646.0000,2645.8000,2645.6000,2630.0000,2626.0000,2648.4000,2650.0000,2656.0000,2662.0000,2665.2000,2,1,2,1,1,1,1,1,1,1
SF,IH2012,2020-04-28 09:31:43.700,2647.4000,1094,0,4770180.000,0,-,-,-,-,2646.2000,2646.0000,2645.6000,2630.0000,2626.0000,2650.0000,2656.0000,2662.0000,2665.2000,2685.0000,1,2,2,1,1,1,1,1,1,1
SF,IH2012,2020-04-28 09:31:44.200,2647.4000,1094,0,4770180.000,0,-,-,-,-,2646.6000,2646.2000,2645.6000,2630.0000,2626.0000,2649.8000,2650.0000,2656.0000,2662.0000,2665.2000,2,1,2,1,1,1,1,1,1,1
SF,IH2012,2020-04-28 09:31:44.700,2647.4000,1094,0,4770180.000,0,-,-,-,-,2646.8000,2646.6000,2645.6000,2630.0000,2626.0000,2649.8000,2650.0000,2656.0000,2662.0000,2665.2000,1,2,2,1,1,1,1,1,1,1
SF,IH2012,2020-04-28 09:31:45.200,2647.4000,1094,0,4770180.000,0,-,-,-,-,2647.0000,2646.8000,2645.6000,2630.0000,2626.0000,2649.6000,2649.8000,2650.0000,2656.0000,2662.0000,2,1,2,1,1,1,1,1,1,1
SF,IH2012,2020-04-28 09:31:45.700,2647.4000,1094,0,4770180.000,0,-,-,-,-,2647.2000,2645.6000,2630.0000,2626.0000,2625.4000,2649.4000,2649.6000,2650.0000,2656.0000,2662.0000,1,2,1,1,1,1,1,1,1,1
SF,IH2012,2020-04-28 09:31:46.200,2647.4000,1094,0,4770180.000,0,-,-,-,-,2645.6000,2630.0000,2626.0000,2625.4000,2620.0000,2649.4000,2649.6000,2650.0000,2656.0000,2662.0000,2,1,1,1,1,1,1,1,1,1
SF,IH2012,2020-04-28 09:31:46.700,2647.4000,1094,0,4770180.000,0,-,-,-,-,2646.0000,2645.8000,2645.6000,2630.0000,2626.0000,2649.4000,2649.6000,2650.0000,2656.0000,2662.0000,2,1,2,1,1,1,1,1,1,1
SF,IH2012,2020-04-28 09:31:47.200,2647.4000,1094,0,4770180.000,0,-,-,-,-,2646.2000,2646.0000,2645.6000,2630.0000,2626.0000,2649.4000,2649.6000,2650.0000,2656.0000,2662.0000,1,2,2,1,1,1,1,1,1,1
SF,IH2012,2020-04-28 09:31:47.700,2647.4000,1094,0,4770180.000,0,-,-,-,-,2646.6000,2646.2000,2645.6000,2630.0000,2626.0000,2649.4000,2649.6000,2650.0000,2656.0000,2662.0000,2,1,2,1,1,1,1,1,1,1
SF,IH2012,2020-04-28 09:31:48.200,2647.4000,1094,0,4770180.000,0,-,-,-,-,2646.8000,2646.6000,2645.6000,2630.0000,2626.0000,2649.4000,2649.6000,2650.0000,2656.0000,2662.0000,1,2,2,1,1,1,1,1,1,1
SF,IH2012,2020-04-28 09:31:49.700,2647.4000,1094,0,4770180.000,0,-,-,-,-,2646.8000,2645.6000,2630.0000,2626.0000,2625.4000,2649.4000,2649.6000,2650.0000,2656.0000,2662.0000,1,2,1,1,1,1,1,1,1,1
SF,IH2012,2020-04-28 09:31:58.700,2647.4000,1094,0,4770180.000,0,-,-,-,-,2646.8000,2645.6000,2630.0000,2626.0000,2625.4000,2649.4000,2649.6000,2650.0000,2656.0000,2662.0000,1,2,1,1,1,1,1,1,1,1
SF,IH2012,2020-04-28 09:32:28.200,2647.4000,1094,0,4770180.000,0,-,-,-,-,2646.8000,2645.6000,2630.0000,2626.0000,2625.4000,2649.4000,2649.6000,2650.0000,2656.0000,2662.0000,1,2,1,1,1,1,1,1,1,1
SF,IH2012,2020-04-28 09:32:28.700,2647.4000,1094,0,4770180.000,0,-,-,-,-,2646.8000,2645.6000,2630.0000,2626.0000,2625.4000,2649.4000,2649.6000,2650.0000,2656.0000,2662.0000,1,1,1,1,1,1,1,1,1,1
SF,IH2012,2020-04-28 09:32:29.200,2647.4000,1094,0,4770180.000,0,-,-,-,-,2646.8000,2645.6000,2644.2000,2630.0000,2626.0000,2649.4000,2649.6000,2650.0000,2656.0000,2662.0000,1,1,1,1,1,1,1,1,1,1
SF,IH2012,2020-04-28 09:32:29.700,2647.4000,1094,0,4770180.000,0,-,-,-,-,2646.8000,2645.6000,2644.2000,2630.0000,2626.0000,2649.4000,2650.0000,2656.0000,2662.0000,2665.2000,1,1,1,1,1,1,1,1,1,1
SF,IH2012,2020-04-28 09:32:49.200,2647.4000,1094,0,4770180.000,0,-,-,-,-,2646.8000,2645.6000,2644.2000,2630.0000,2626.0000,2649.2000,2649.4000,2650.0000,2656.0000,2662.0000,1,1,1,1,1,1,1,1,1,1
SF,IH2012,2020-04-28 09:32:49.700,2647.4000,1094,0,4770180.000,0,-,-,-,-,2646.8000,2645.6000,2644.2000,2630.0000,2626.0000,2649.0000,2649.2000,2650.0000,2656.0000,2662.0000,1,1,1,1,1,1,1,1,1,1
SF,IH2012,2020-04-28 09:33:15.200,2647.4000,1094,0,4770180.000,0,-,-,-,-,2646.8000,2645.6000,2644.2000,2630.0000,2626.0000,2648.8000,2649.0000,2649.2000,2650.0000,2656.0000,1,1,1,1,1,1,1,1,1,1
SF,IH2012,2020-04-28 09:33:15.700,2647.4000,1094,0,4770180.000,0,-,-,-,-,2645.6000,2644.2000,2630.0000,2626.0000,2625.4000,2648.6000,2648.8000,2649.2000,2650.0000,2656.0000,1,1,1,1,1,1,1,1,1,1
SF,IH2012,2020-04-28 09:33:16.200,2647.4000,1094,0,4770180.000,0,-,-,-,-,2645.8000,2645.6000,2644.2000,2630.0000,2626.0000,2648.6000,2648.8000,2649.2000,2650.0000,2656.0000,1,1,1,1,1,1,1,1,1,1
SF,IH2012,2020-04-28 09:33:21.700,2647.4000,1094,0,4770180.000,0,-,-,-,-,2645.8000,2645.6000,2644.2000,2630.0000,2626.0000,2648.6000,2649.2000,2650.0000,2656.0000,2662.0000,1,1,1,1,1,1,1,1,1,1
SF,IH2012,2020-04-28 09:33:22.700,2647.4000,1094,0,4770180.000,0,-,-,-,-,2647.0000,2645.8000,2645.6000,2644.2000,2630.0000,2648.6000,2649.2000,2650.0000,2656.0000,2662.0000,1,1,1,1,1,1,1,1,1,1
SF,IH2012,2020-04-28 09:33:24.700,2647.4000,1094,0,4770180.000,0,-,-,-,-,2647.0000,2645.8000,2645.6000,2644.2000,2630.0000,2648.6000,2650.0000,2656.0000,2662.0000,2665.2000,1,1,1,1,1,1,1,1,1,1
SF,IH2012,2020-04-28 09:33:25.200,2647.4000,1094,0,4770180.000,0,-,-,-,-,2647.2000,2647.0000,2645.6000,2644.2000,2630.0000,2648.6000,2650.0000,2656.0000,2662.0000,2665.2000,1,1,1,1,1,1,1,1,1,1
SF,IH2012,2020-04-28 09:33:32.700,2647.4000,1094,0,4770180.000,0,-,-,-,-,2647.2000,2647.0000,2645.6000,2644.2000,2630.0000,2648.2000,2648.6000,2650.0000,2656.0000,2662.0000,1,1,1,1,1,1,1,1,1,1
SF,IH2012,2020-04-28 09:33:33.200,2647.4000,1094,0,4770180.000,0,-,-,-,-,2647.2000,2647.0000,2645.6000,2630.0000,2626.0000,2648.2000,2648.6000,2650.0000,2656.0000,2662.0000,1,1,1,1,1,1,1,1,1,1
SF,IH2012,2020-04-28 09:33:33.700,2647.4000,1094,0,4770180.000,0,-,-,-,-,2647.2000,2647.0000,2646.0000,2645.6000,2630.0000,2648.2000,2648.6000,2650.0000,2656.0000,2662.0000,1,1,1,1,1,1,1,1,1,1
SF,IH2012,2020-04-28 09:33:36.200,2648.2000,1094,0,5564640.000,1,0,1,多换,S,2647.2000,2647.0000,2646.0000,2645.6000,2630.0000,2648.6000,2650.0000,2656.0000,2662.0000,2665.2000,1,1,1,1,1,1,1,1,1,1
SF,IH2012,2020-04-28 09:33:36.700,2648.2000,1094,0,5564640.000,0,-,-,-,-,2647.2000,2647.0000,2646.0000,2645.6000,2630.0000,2650.0000,2656.0000,2662.0000,2665.2000,2685.0000,1,1,1,1,1,1,1,1,1,1
SF,IH2012,2020-04-28 09:33:37.200,2648.2000,1094,0,5564640.000,0,-,-,-,-,2647.2000,2647.0000,2646.0000,2645.6000,2630.0000,2649.8000,2650.0000,2656.0000,2662.0000,2665.2000,1,1,1,1,1,1,1,1,1,1
SF,IH2012,2020-04-28 09:33:46.200,2649.8000,1093,-1,6359580.000,1,0,1,双平,S,2647.2000,2647.0000,2646.0000,2645.6000,2630.0000,2650.0000,2656.0000,2662.0000,2665.2000,2685.0000,1,1,1,1,1,1,1,1,1,1
SF,IH2012,2020-04-28 09:33:46.700,2649.8000,1093,0,6359580.000,0,-,-,-,-,2647.4000,2647.2000,2647.0000,2646.0000,2645.6000,2650.0000,2656.0000,2662.0000,2665.2000,2685.0000,1,1,1,1,1,1,1,1,1,1
SF,IH2012,2020-04-28 09:33:47.200,2649.8000,1093,0,6359580.000,0,-,-,-,-,2647.6000,2647.4000,2647.0000,2646.0000,2645.6000,2650.0000,2656.0000,2662.0000,2665.2000,2685.0000,1,1,1,1,1,1,1,1,1,1
SF,IH2012,2020-04-28 09:33:52.200,2649.8000,1093,0,6359580.000,0,-,-,-,-,2647.6000,2647.4000,2647.0000,2646.0000,2645.6000,2650.0000,2654.4000,2656.0000,2662.0000,2665.2000,1,1,1,1,1,1,2,1,1,1
SF,IH2012,2020-04-28 09:33:52.700,2649.8000,1093,0,6359580.000,0,-,-,-,-,2647.6000,2647.0000,2646.0000,2645.6000,2630.0000,2649.8000,2650.0000,2654.4000,2656.0000,2662.0000,1,1,1,1,1,1,1,2,1,1
SF,IH2012,2020-04-28 09:33:55.200,2649.8000,1093,0,6359580.000,0,-,-,-,-,2647.6000,2647.0000,2646.0000,2645.6000,2634.0000,2649.8000,2650.0000,2654.4000,2656.0000,2662.0000,1,1,1,1,1,1,1,2,1,1
SF,IH2012,2020-04-28 09:33:59.200,2649.8000,1093,0,6359580.000,0,-,-,-,-,2647.8000,2647.6000,2647.0000,2646.0000,2645.6000,2649.8000,2650.0000,2654.4000,2656.0000,2662.0000,1,1,1,1,1,1,1,2,1,1
SF,IH2012,2020-04-28 09:34:04.200,2649.8000,1093,0,6359580.000,0,-,-,-,-,2647.8000,2647.6000,2646.0000,2645.6000,2634.0000,2649.8000,2650.0000,2654.4000,2656.0000,2662.0000,1,1,1,1,1,1,1,2,1,1
SF,IH2012,2020-04-28 09:34:04.700,2649.8000,1093,0,6359580.000,0,-,-,-,-,2648.0000,2647.8000,2646.0000,2645.6000,2634.0000,2649.8000,2650.0000,2654.4000,2656.0000,2662.0000,1,1,1,1,1,1,1,2,1,1
SF,IH2012,2020-04-28 09:34:06.200,2649.8000,1093,0,6359580.000,0,-,-,-,-,2648.0000,2647.8000,2646.0000,2645.6000,2634.0000,2649.8000,2650.0000,2654.4000,2656.0000,2662.0000,1,1,1,1,1,1,1,2,1,1
SF,IH2012,2020-04-28 09:34:13.200,2649.8000,1093,0,6359580.000,0,-,-,-,-,2648.2000,2648.0000,2647.8000,2646.0000,2645.6000,2649.8000,2650.0000,2654.4000,2656.0000,2662.0000,1,1,1,1,1,1,1,2,1,1
SF,IH2012,2020-04-28 09:34:13.700,2649.8000,1093,0,6359580.000,0,-,-,-,-,2648.4000,2648.2000,2647.8000,2646.0000,2645.6000,2649.8000,2650.0000,2654.4000,2656.0000,2662.0000,1,1,1,1,1,1,1,2,1,1
SF,IH2012,2020-04-28 09:34:21.700,2650.0000,1091,-2,7949520.000,2,0,2,双平,S,2648.4000,2648.2000,2647.8000,2646.0000,2645.6000,2654.4000,2656.0000,2662.0000,2665.2000,2685.0000,1,1,1,1,1,2,1,1,1,1
SF,IH2012,2020-04-28 09:34:22.200,2650.0000,1091,0,7949520.000,0,-,-,-,-,2648.4000,2648.2000,2647.8000,2646.0000,2645.6000,2654.0000,2654.2000,2654.4000,2656.0000,2662.0000,1,1,1,1,1,1,2,2,1,1
SF,IH2012,2020-04-28 09:34:22.700,2650.0000,1091,0,7949520.000,0,-,-,-,-,2648.4000,2648.2000,2647.8000,2646.0000,2645.6000,2653.8000,2654.0000,2654.2000,2654.4000,2656.0000,1,1,1,1,1,1,1,1,2,1
SF,IH2012,2020-04-28 09:34:23.200,2650.0000,1091,0,7949520.000,0,-,-,-,-,2648.4000,2648.2000,2647.8000,2646.0000,2645.6000,2653.8000,2654.4000,2656.0000,2662.0000,2665.2000,1,1,1,1,1,1,2,1,1,1
SF,IH2012,2020-04-28 09:34:24.200,2650.0000,1091,0,7949520.000,0,-,-,-,-,2648.4000,2648.2000,2647.8000,2646.0000,2645.6000,2653.0000,2653.8000,2654.4000,2656.0000,2662.0000,1,1,1,1,1,1,1,2,1,1
SF,IH2012,2020-04-28 09:34:24.700,2650.0000,1091,0,7949520.000,0,-,-,-,-,2648.6000,2648.4000,2648.2000,2647.8000,2646.0000,2652.8000,2653.0000,2654.4000,2656.0000,2662.0000,1,1,1,1,1,1,1,2,1,1
SF,IH2012,2020-04-28 09:34:25.200,2650.0000,1091,0,7949520.000,0,-,-,-,-,2648.8000,2648.6000,2648.2000,2647.8000,2646.0000,2652.8000,2653.0000,2654.4000,2656.0000,2662.0000,1,1,1,1,1,1,1,2,1,1
SF,IH2012,2020-04-28 09:34:25.700,2650.0000,1091,0,7949520.000,0,-,-,-,-,2648.8000,2648.6000,2648.2000,2647.8000,2646.0000,2652.8000,2654.4000,2656.0000,2662.0000,2665.2000,1,1,1,1,1,1,2,1,1,1
SF,IH2012,2020-04-28 09:34:26.200,2650.0000,1091,0,7949520.000,0,-,-,-,-,2648.8000,2648.2000,2647.8000,2646.0000,2645.6000,2652.8000,2654.4000,2656.0000,2662.0000,2665.2000,1,1,1,1,1,1,2,1,1,1
SF,IH2012,2020-04-28 09:34:27.200,2650.0000,1091,0,7949520.000,0,-,-,-,-,2649.0000,2648.8000,2648.2000,2647.8000,2646.0000,2652.8000,2654.4000,2656.0000,2662.0000,2665.2000,1,1,1,1,1,1,2,1,1,1
SF,IH2012,2020-04-28 09:34:27.700,2650.0000,1091,0,7949520.000,0,-,-,-,-,2649.2000,2649.0000,2648.2000,2647.8000,2646.0000,2652.8000,2654.4000,2656.0000,2662.0000,2665.2000,1,1,1,1,1,1,2,1,1,1
SF,IH2012,2020-04-28 09:34:28.700,2650.0000,1091,0,7949520.000,0,-,-,-,-,2649.2000,2648.2000,2647.8000,2646.0000,2645.6000,2652.8000,2654.4000,2656.0000,2662.0000,2665.2000,1,1,1,1,1,1,2,1,1,1
SF,IH2012,2020-04-28 09:34:29.200,2650.0000,1091,0,7949520.000,0,-,-,-,-,2649.2000,2648.2000,2647.8000,2646.0000,2645.6000,2652.6000,2652.8000,2654.4000,2656.0000,2662.0000,1,1,1,1,1,1,1,2,1,1
SF,IH2012,2020-04-28 09:34:29.700,2650.0000,1091,0,7949520.000,0,-,-,-,-,2649.2000,2648.2000,2647.8000,2646.0000,2645.6000,2652.4000,2652.6000,2654.4000,2656.0000,2662.0000,1,1,1,1,1,1,1,2,1,1
SF,IH2012,2020-04-28 09:34:33.700,2650.0000,1091,0,7949520.000,0,-,-,-,-,2649.2000,2648.2000,2647.8000,2646.0000,2645.6000,2652.4000,2652.6000,2654.4000,2656.0000,2662.0000,1,1,1,1,1,1,1,2,1,1
SF,IH2012,2020-04-28 09:34:38.700,2650.0000,1091,0,7949520.000,0,-,-,-,-,2649.2000,2648.2000,2647.8000,2646.0000,2645.6000,2652.4000,2652.6000,2654.4000,2655.0000,2656.0000,1,1,1,1,1,1,1,2,1,1
SF,IH2012,2020-04-28 09:34:53.200,2650.0000,1091,0,7949520.000,0,-,-,-,-,2649.2000,2647.8000,2646.0000,2645.6000,2634.0000,2652.4000,2652.6000,2654.4000,2655.0000,2656.0000,1,1,1,1,1,1,1,2,1,1
SF,IH2012,2020-04-28 09:34:57.200,2649.2000,1090,-1,8744280.000,1,0,1,双平,S,2647.8000,2646.0000,2645.6000,2634.0000,2633.4000,2652.4000,2652.6000,2654.4000,2655.0000,2656.0000,1,1,1,1,1,1,1,2,1,1
SF,IH2012,2020-04-28 09:34:57.700,2649.2000,1090,0,8744280.000,0,-,-,-,-,2648.0000,2647.8000,2646.0000,2645.6000,2634.0000,2652.4000,2652.6000,2654.4000,2655.0000,2656.0000,1,1,1,1,1,1,1,2,1,1
SF,IH2012,2020-04-28 09:35:00.200,2649.2000,1090,0,8744280.000,0,-,-,-,-,2648.2000,2648.0000,2647.8000,2646.0000,2645.6000,2652.4000,2652.6000,2654.4000,2655.0000,2656.0000,1,1,1,1,1,1,1,2,1,1
SF,IH2012,2020-04-28 09:35:00.700,2649.2000,1090,0,8744280.000,0,-,-,-,-,2648.4000,2647.8000,2646.0000,2645.6000,2634.0000,2652.4000,2652.6000,2654.4000,2655.0000,2656.0000,1,1,1,1,1,1,1,2,1,1
SF,IH2012,2020-04-28 09:35:01.200,2649.2000,1090,0,8744280.000,0,-,-,-,-,2648.4000,2647.8000,2646.0000,2645.6000,2634.0000,2652.4000,2654.4000,2655.0000,2656.0000,2662.0000,1,1,1,1,1,1,2,1,1,1
SF,IH2012,2020-04-28 09:35:02.700,2649.2000,1090,0,8744280.000,0,-,-,-,-,2648.4000,2647.8000,2646.0000,2645.6000,2634.0000,2652.2000,2652.4000,2654.4000,2655.0000,2656.0000,1,1,1,1,1,1,1,2,1,1
SF,IH2012,2020-04-28 09:35:03.200,2649.2000,1090,0,8744280.000,0,-,-,-,-,2648.4000,2647.8000,2646.0000,2645.6000,2634.0000,2652.0000,2652.2000,2654.4000,2655.0000,2656.0000,1,1,1,1,1,1,1,2,1,1
SF,IH2012,2020-04-28 09:35:04.700,2649.2000,1090,0,8744280.000,0,-,-,-,-,2648.6000,2648.4000,2647.8000,2646.0000,2645.6000,2652.0000,2652.2000,2654.4000,2655.0000,2656.0000,1,1,1,1,1,1,1,2,1,1
SF,IH2012,2020-04-28 09:35:05.200,2649.2000,1090,0,8744280.000,0,-,-,-,-,2648.8000,2648.6000,2647.8000,2646.0000,2645.6000,2652.0000,2654.4000,2655.0000,2656.0000,2662.0000,1,1,1,1,1,1,2,1,1,1
SF,IH2012,2020-04-28 09:35:05.700,2649.2000,1090,0,8744280.000,0,-,-,-,-,2649.2000,2648.8000,2647.8000,2646.0000,2645.6000,2652.0000,2654.4000,2655.0000,2656.0000,2662.0000,1,1,1,1,1,1,2,1,1,1
SF,IH2012,2020-04-28 09:35:06.200,2649.2000,1090,0,8744280.000,0,-,-,-,-,2649.4000,2647.8000,2646.0000,2645.6000,2634.0000,2652.0000,2654.4000,2655.0000,2656.0000,2662.0000,1,1,1,1,1,1,2,1,1,1
SF,IH2012,2020-04-28 09:35:07.200,2649.2000,1090,0,8744280.000,0,-,-,-,-,2649.4000,2647.8000,2646.0000,2645.6000,2634.0000,2652.0000,2654.4000,2656.0000,2662.0000,2665.2000,1,1,1,1,1,1,2,1,1,1
SF,IH2012,2020-04-28 09:35:07.700,2649.2000,1090,0,8744280.000,0,-,-,-,-,2649.4000,2647.8000,2646.0000,2645.6000,2634.0000,2650.0000,2652.0000,2654.4000,2656.0000,2662.0000,1,1,1,1,1,1,1,2,1,1
SF,IH2012,2020-04-28 09:35:08.200,2650.0000,1089,-1,9539280.000,1,0,1,双平,S,2650.0000,2649.4000,2647.8000,2646.0000,2645.6000,2652.0000,2654.4000,2656.0000,2662.0000,2665.2000,1,1,1,1,1,1,2,1,1,1
SF,IH2012,2020-04-28 09:35:08.700,2650.0000,1089,0,9539280.000,0,-,-,-,-,2650.2000,2650.0000,2647.8000,2646.0000,2645.6000,2652.0000,2654.4000,2656.0000,2662.0000,2665.2000,1,1,1,1,1,1,2,1,1,1
SF,IH2012,2020-04-28 09:35:09.200,2650.0000,1089,0,9539280.000,0,-,-,-,-,2650.2000,2650.0000,2647.8000,2646.0000,2645.6000,2651.8000,2652.0000,2654.4000,2656.0000,2662.0000,1,1,1,1,1,1,1,2,1,1
SF,IH2012,2020-04-28 09:35:12.200,2650.0000,1089,0,9539280.000,0,-,-,-,-,2650.2000,2650.0000,2647.8000,2646.0000,2645.6000,2651.8000,2652.0000,2654.4000,2656.0000,2662.0000,1,2,1,1,1,1,1,2,1,1
SF,IH2012,2020-04-28 09:35:12.700,2650.0000,1089,0,9539280.000,0,-,-,-,-,2650.2000,2650.0000,2647.8000,2646.0000,2645.6000,2652.0000,2654.4000,2656.0000,2662.0000,2665.2000,1,2,1,1,1,1,2,1,1,1
SF,IH2012,2020-04-28 09:35:13.200,2650.0000,1089,0,9539280.000,0,-,-,-,-,2650.2000,2650.0000,2647.8000,2646.0000,2645.6000,2654.4000,2656.0000,2662.0000,2665.2000,2685.0000,1,2,1,1,1,2,1,1,1,1
SF,IH2012,2020-04-28 09:35:13.700,2650.0000,1089,0,9539280.000,0,-,-,-,-,2650.2000,2650.0000,2647.8000,2646.0000,2645.6000,2654.2000,2654.4000,2656.0000,2662.0000,2665.2000,1,2,1,1,1,2,2,1,1,1
SF,IH2012,2020-04-28 09:35:25.700,2650.0000,1089,0,9539280.000,0,-,-,-,-,2650.2000,2650.0000,2647.8000,2646.0000,2645.6000,2654.0000,2654.2000,2654.4000,2656.0000,2662.0000,1,2,1,1,1,1,2,2,1,1
SF,IH2012,2020-04-28 09:35:26.200,2650.0000,1089,0,9539280.000,0,-,-,-,-,2650.2000,2650.0000,2647.8000,2646.0000,2645.6000,2653.8000,2654.0000,2654.2000,2654.4000,2656.0000,1,2,1,1,1,2,1,1,2,1
SF,IH2012,2020-04-28 09:35:27.200,2650.0000,1089,0,9539280.000,0,-,-,-,-,2650.2000,2650.0000,2647.8000,2646.0000,2645.6000,2653.8000,2654.0000,2654.2000,2654.4000,2656.0000,1,2,1,1,1,2,1,2,2,1
SF,IH2012,2020-04-28 09:35:29.200,2650.0000,1089,0,9539280.000,0,-,-,-,-,2650.2000,2650.0000,2647.8000,2646.0000,2645.6000,2653.8000,2654.0000,2654.2000,2654.4000,2656.0000,1,2,1,1,1,2,1,1,2,1
SF,IH2012,2020-04-28 09:35:29.700,2650.0000,1088,-1,11129340.000,2,0,2,多平,S,2647.8000,2646.0000,2645.6000,2634.0000,2633.4000,2653.4000,2653.8000,2654.0000,2654.2000,2654.4000,1,1,1,1,1,1,2,1,1,2
SF,IH2012,2020-04-28 09:35:30.200,2650.0000,1088,0,11129340.000,0,-,-,-,-,2648.0000,2647.8000,2646.0000,2645.6000,2634.0000,2653.2000,2653.4000,2653.8000,2654.0000,2654.2000,1,1,1,1,1,1,1,1,1,1
SF,IH2012,2020-04-28 09:35:31.700,2650.0000,1088,0,11129340.000,0,-,-,-,-,2648.0000,2647.8000,2646.0000,2645.6000,2634.0000,2653.2000,2653.4000,2653.8000,2654.2000,2654.4000,1,1,1,1,1,1,1,1,1,2
SF,IH2012,2020-04-28 09:35:32.200,2650.0000,1088,0,11129340.000,0,-,-,-,-,2648.0000,2647.8000,2646.0000,2645.6000,2634.0000,2653.0000,2653.2000,2653.4000,2653.8000,2654.2000,1,1,1,1,1,1,1,1,1,1
SF,IH2012,2020-04-28 09:35:32.700,2650.0000,1088,0,11129340.000,0,-,-,-,-,2648.0000,2647.8000,2646.0000,2645.6000,2634.0000,2652.8000,2653.0000,2653.8000,2654.2000,2654.4000,1,1,1,1,1,2,1,1,1,2
SF,IH2012,2020-04-28 09:35:33.200,2650.0000,1088,0,11129340.000,0,-,-,-,-,2648.0000,2647.8000,2646.0000,2645.6000,2634.0000,2652.8000,2653.0000,2653.8000,2654.2000,2654.4000,1,1,1,1,1,1,1,1,1,2
SF,IH2012,2020-04-28 09:35:33.700,2650.0000,1088,0,11129340.000,0,-,-,-,-,2648.0000,2647.8000,2646.0000,2645.6000,2634.0000,2652.0000,2652.8000,2653.0000,2654.2000,2654.4000,1,1,1,1,1,1,1,1,1,2
SF,IH2012,2020-04-28 09:35:34.200,2650.0000,1088,0,11129340.000,0,-,-,-,-,2648.0000,2647.8000,2646.0000,2645.6000,2634.0000,2651.8000,2652.0000,2652.2000,2654.4000,2656.0000,1,1,1,1,1,1,1,1,2,1
SF,IH2012,2020-04-28 09:35:34.700,2650.0000,1088,0,11129340.000,0,-,-,-,-,2648.0000,2647.8000,2646.0000,2645.6000,2634.0000,2651.8000,2652.0000,2652.2000,2654.4000,2656.0000,1,1,1,1,1,2,1,1,2,1
SF,IH2012,2020-04-28 09:35:35.200,2650.0000,1088,0,11129340.000,0,-,-,-,-,2648.0000,2647.8000,2646.0000,2645.6000,2634.0000,2651.8000,2652.0000,2654.4000,2656.0000,2662.0000,1,1,1,1,1,2,1,2,1,1
SF,IH2012,2020-04-28 09:35:35.700,2650.0000,1088,0,11129340.000,0,-,-,-,-,2648.0000,2647.8000,2646.0000,2645.6000,2634.0000,2651.8000,2652.0000,2654.4000,2656.0000,2662.0000,1,1,1,1,1,1,1,2,1,1
SF,IH2012,2020-04-28 09:35:37.200,2650.0000,1088,0,11129340.000,0,-,-,-,-,2648.0000,2647.8000,2646.0000,2645.6000,2640.0000,2651.8000,2652.0000,2654.4000,2656.0000,2662.0000,1,1,1,1,1,1,1,2,1,1
SF,IH2012,2020-04-28 09:35:37.700,2650.0000,1088,0,11129340.000,0,-,-,-,-,2648.2000,2648.0000,2647.8000,2646.0000,2645.6000,2651.8000,2652.0000,2654.4000,2656.0000,2662.0000,1,1,1,1,1,1,1,2,1,1
SF,IH2012,2020-04-28 09:35:38.200,2650.0000,1088,0,11129340.000,0,-,-,-,-,2648.4000,2648.2000,2647.8000,2646.0000,2645.6000,2651.8000,2652.0000,2654.4000,2656.0000,2662.0000,1,1,1,1,1,1,1,2,1,1
SF,IH2012,2020-04-28 09:35:40.700,2650.0000,1088,0,11129340.000,0,-,-,-,-,2648.4000,2648.2000,2647.8000,2646.0000,2645.6000,2651.8000,2654.4000,2656.0000,2662.0000,2665.2000,1,1,1,1,1,1,2,1,1,1
SF,IH2012,2020-04-28 09:35:41.200,2650.0000,1088,0,11129340.000,0,-,-,-,-,2648.4000,2647.8000,2646.0000,2645.6000,2640.0000,2651.8000,2654.4000,2656.0000,2662.0000,2665.2000,1,1,1,1,1,1,2,1,1,1
SF,IH2012,2020-04-28 09:35:43.700,2650.0000,1088,0,11129340.000,0,-,-,-,-,2648.4000,2647.8000,2646.0000,2645.6000,2640.0000,2651.4000,2651.8000,2654.4000,2656.0000,2662.0000,1,1,1,1,1,1,1,2,1,1
SF,IH2012,2020-04-28 09:35:44.200,2650.0000,1088,0,11129340.000,0,-,-,-,-,2648.4000,2647.8000,2646.0000,2645.6000,2640.0000,2651.2000,2651.4000,2654.4000,2656.0000,2662.0000,1,1,1,1,1,1,1,2,1,1
SF,IH2012,2020-04-28 09:35:46.200,2650.0000,1088,0,11129340.000,0,-,-,-,-,2648.4000,2647.8000,2646.0000,2645.6000,2640.0000,2651.0000,2651.2000,2654.4000,2656.0000,2662.0000,1,1,1,1,1,1,1,2,1,1
SF,IH2012,2020-04-28 09:35:46.700,2650.0000,1088,0,11129340.000,0,-,-,-,-,2648.4000,2647.8000,2646.0000,2645.6000,2640.0000,2650.8000,2651.0000,2654.4000,2656.0000,2662.0000,1,1,1,1,1,1,1,2,1,1
SF,IH2012,2020-04-28 09:35:47.700,2650.0000,1088,0,11129340.000,0,-,-,-,-,2648.4000,2647.8000,2646.0000,2645.6000,2640.0000,2650.8000,2654.4000,2656.0000,2662.0000,2665.2000,1,1,1,1,1,1,2,1,1,1
SF,IH2012,2020-04-28 09:36:01.700,2650.0000,1088,0,11129340.000,0,-,-,-,-,2648.4000,2647.8000,2646.0000,2645.6000,2644.0000,2650.8000,2654.4000,2656.0000,2662.0000,2665.2000,1,1,1,1,1,1,2,1,1,1
SF,IH2012,2020-04-28 09:36:02.700,2650.0000,1088,0,11129340.000,0,-,-,-,-,2648.4000,2647.8000,2646.0000,2645.6000,2644.0000,2650.6000,2650.8000,2654.4000,2656.0000,2662.0000,1,1,1,1,1,1,1,2,1,1
SF,IH2012,2020-04-28 09:36:03.200,2650.0000,1088,0,11129340.000,0,-,-,-,-,2648.4000,2647.8000,2646.0000,2645.6000,2644.0000,2650.4000,2650.6000,2654.4000,2656.0000,2662.0000,1,1,1,1,1,1,2,2,1,1
SF,IH2012,2020-04-28 09:36:04.200,2650.0000,1088,0,11129340.000,0,-,-,-,-,2648.4000,2647.8000,2646.0000,2645.6000,2644.0000,2650.4000,2650.6000,2654.4000,2656.0000,2662.0000,1,1,1,1,1,1,1,2,1,1
SF,IH2012,2020-04-28 09:36:05.700,2650.0000,1088,0,11129340.000,0,-,-,-,-,2648.4000,2647.8000,2646.0000,2645.6000,2644.0000,2650.4000,2654.4000,2656.0000,2662.0000,2665.2000,1,1,1,1,1,1,2,1,1,1
SF,IH2012,2020-04-28 09:36:06.200,2650.0000,1088,0,11129340.000,0,-,-,-,-,2648.6000,2648.4000,2647.8000,2646.0000,2645.6000,2650.4000,2654.4000,2656.0000,2662.0000,2665.2000,1,1,1,1,1,1,2,1,1,1
SF,IH2012,2020-04-28 09:36:06.700,2650.0000,1088,0,11129340.000,0,-,-,-,-,2648.8000,2648.6000,2647.8000,2646.0000,2645.6000,2650.4000,2654.4000,2656.0000,2662.0000,2665.2000,1,1,1,1,1,1,2,1,1,1
SF,IH2012,2020-04-28 09:36:07.200,2650.0000,1088,0,11129340.000,0,-,-,-,-,2648.8000,2648.6000,2647.8000,2646.0000,2645.6000,2654.4000,2656.0000,2662.0000,2665.2000,2685.0000,1,1,1,1,1,2,1,1,1,1
SF,IH2012,2020-04-28 09:36:07.700,2650.0000,1088,0,11129340.000,0,-,-,-,-,2648.8000,2648.6000,2647.8000,2646.0000,2645.6000,2654.0000,2654.2000,2654.4000,2656.0000,2662.0000,1,1,1,1,1,1,1,2,1,1
SF,IH2012,2020-04-28 09:36:08.200,2650.0000,1088,0,11129340.000,0,-,-,-,-,2648.8000,2647.8000,2646.0000,2645.6000,2644.0000,2653.8000,2654.0000,2654.4000,2656.0000,2662.0000,1,1,1,1,1,1,1,2,1,1
SF,IH2012,2020-04-28 09:36:08.700,2650.0000,1088,0,11129340.000,0,-,-,-,-,2648.8000,2647.8000,2646.0000,2645.6000,2644.0000,2653.4000,2653.8000,2654.4000,2656.0000,2662.0000,1,1,1,1,1,1,1,2,1,1
SF,IH2012,2020-04-28 09:36:09.200,2650.0000,1088,0,11129340.000,0,-,-,-,-,2648.8000,2647.8000,2646.0000,2645.6000,2644.0000,2653.2000,2653.4000,2653.6000,2654.4000,2656.0000,1,1,1,1,1,1,1,1,2,1
SF,IH2012,2020-04-28 09:36:10.700,2650.0000,1088,0,11129340.000,0,-,-,-,-,2648.8000,2647.8000,2646.0000,2645.6000,2644.0000,2652.6000,2652.8000,2653.2000,2653.4000,2653.6000,1,1,1,1,1,1,1,1,1,1
SF,IH2012,2020-04-28 09:36:11.200,2650.0000,1088,0,11129340.000,0,-,-,-,-,2648.8000,2647.8000,2646.0000,2645.6000,2644.0000,2652.4000,2652.6000,2652.8000,2654.4000,2656.0000,1,1,1,1,1,1,1,1,2,1
SF,IH2012,2020-04-28 09:36:12.200,2650.0000,1088,0,11129340.000,0,-,-,-,-,2648.8000,2647.8000,2646.0000,2645.6000,2644.0000,2652.2000,2652.4000,2652.8000,2654.4000,2656.0000,1,1,1,1,1,1,1,1,2,1
SF,IH2012,2020-04-28 09:36:12.700,2650.0000,1088,0,11129340.000,0,-,-,-,-,2648.8000,2647.8000,2646.0000,2645.6000,2644.0000,2652.0000,2652.2000,2652.8000,2654.4000,2656.0000,1,1,1,1,1,2,1,1,2,1
SF,IH2012,2020-04-28 09:36:13.200,2650.0000,1088,0,11129340.000,0,-,-,-,-,2648.8000,2647.8000,2646.0000,2645.6000,2644.0000,2652.0000,2652.2000,2654.4000,2656.0000,2662.0000,1,1,1,1,1,2,1,2,1,1
SF,IH2012,2020-04-28 09:36:13.700,2650.0000,1088,0,11129340.000,0,-,-,-,-,2648.8000,2647.8000,2646.0000,2645.6000,2644.0000,2652.0000,2654.4000,2656.0000,2662.0000,2665.2000,1,1,1,1,1,2,2,1,1,1
SF,IH2012,2020-04-28 09:36:14.700,2650.0000,1088,0,11129340.000,0,-,-,-,-,2649.0000,2648.8000,2647.8000,2646.0000,2645.6000,2652.0000,2654.4000,2656.0000,2662.0000,2665.2000,1,1,1,1,1,2,2,1,1,1
SF,IH2012,2020-04-28 09:36:15.200,2650.0000,1088,0,11129340.000,0,-,-,-,-,2649.2000,2649.0000,2647.8000,2646.0000,2645.6000,2652.0000,2654.4000,2656.0000,2662.0000,2665.2000,1,1,1,1,1,1,2,1,1,1
SF,IH2012,2020-04-28 09:36:43.200,2650.0000,1088,0,11129340.000,0,-,-,-,-,2650.0000,2649.2000,2649.0000,2647.8000,2646.0000,2652.0000,2654.4000,2656.0000,2662.0000,2665.2000,1,1,1,1,1,1,2,1,1,1
SF,IH2012,2020-04-28 09:36:43.700,2650.0000,1088,0,11129340.000,0,-,-,-,-,2650.2000,2650.0000,2647.8000,2646.0000,2645.6000,2654.4000,2656.0000,2662.0000,2665.2000,2685.0000,1,1,1,1,1,2,1,1,1,1
SF,IH2012,2020-04-28 09:36:44.200,2650.0000,1088,0,11129340.000,0,-,-,-,-,2650.2000,2650.0000,2647.8000,2646.0000,2645.6000,2654.0000,2654.2000,2654.4000,2656.0000,2662.0000,1,1,1,1,1,1,1,2,1,1
SF,IH2012,2020-04-28 09:36:44.700,2650.0000,1088,0,11129340.000,0,-,-,-,-,2650.2000,2650.0000,2647.8000,2646.0000,2645.6000,2653.8000,2654.0000,2654.4000,2656.0000,2662.0000,1,1,1,1,1,1,1,2,1,1
SF,IH2012,2020-04-28 09:36:45.200,2650.0000,1088,0,11129340.000,0,-,-,-,-,2650.2000,2650.0000,2647.8000,2646.0000,2645.6000,2653.8000,2654.0000,2654.4000,2656.0000,2662.0000,1,1,1,1,1,2,1,2,1,1
SF,IH2012,2020-04-28 09:36:46.700,2650.0000,1088,0,11129340.000,0,-,-,-,-,2650.2000,2650.0000,2647.8000,2646.0000,2645.6000,2653.8000,2654.4000,2656.0000,2662.0000,2665.2000,1,1,1,1,1,2,2,1,1,1
SF,IH2012,2020-04-28 09:36:50.700,2650.0000,1088,0,11129340.000,0,-,-,-,-,2650.2000,2650.0000,2647.8000,2646.0000,2645.6000,2653.4000,2653.8000,2654.4000,2656.0000,2662.0000,1,1,1,1,1,1,2,2,1,1
SF,IH2012,2020-04-28 09:36:51.200,2650.0000,1088,0,11129340.000,0,-,-,-,-,2650.2000,2650.0000,2647.8000,2646.0000,2645.6000,2653.2000,2653.4000,2654.4000,2656.0000,2662.0000,1,1,1,1,1,1,1,2,1,1
SF,IH2012,2020-04-28 09:36:53.200,2650.0000,1088,0,11129340.000,0,-,-,-,-,2650.2000,2650.0000,2647.8000,2646.0000,2645.6000,2653.0000,2653.2000,2653.4000,2654.4000,2656.0000,1,1,1,1,1,1,1,1,2,1
SF,IH2012,2020-04-28 09:36:53.700,2650.0000,1088,0,11129340.000,0,-,-,-,-,2650.2000,2650.0000,2647.8000,2646.0000,2645.6000,2652.8000,2653.0000,2654.4000,2656.0000,2662.0000,1,1,1,1,1,1,2,2,1,1
SF,IH2012,2020-04-28 09:36:54.200,2650.0000,1088,0,11129340.000,0,-,-,-,-,2650.4000,2650.2000,2650.0000,2647.8000,2646.0000,2652.8000,2653.0000,2654.4000,2656.0000,2662.0000,1,1,1,1,1,1,2,2,1,1
SF,IH2012,2020-04-28 09:36:54.700,2650.0000,1088,0,11129340.000,0,-,-,-,-,2650.6000,2650.4000,2650.0000,2647.8000,2646.0000,2652.8000,2653.0000,2654.4000,2656.0000,2662.0000,1,1,1,1,1,1,2,2,1,1
SF,IH2012,2020-04-28 09:36:55.200,2650.0000,1088,0,11129340.000,0,-,-,-,-,2650.6000,2650.4000,2650.0000,2647.8000,2646.0000,2652.8000,2653.0000,2654.4000,2656.0000,2662.0000,1,1,1,1,1,1,1,2,1,1
SF,IH2012,2020-04-28 09:36:55.700,2650.0000,1088,0,11129340.000,0,-,-,-,-,2650.6000,2650.4000,2650.0000,2647.8000,2646.0000,2652.8000,2654.4000,2656.0000,2662.0000,2665.2000,1,1,1,1,1,1,2,1,1,1
SF,IH2012,2020-04-28 09:36:56.200,2650.0000,1088,0,11129340.000,0,-,-,-,-,2650.6000,2650.0000,2647.8000,2646.0000,2645.6000,2652.8000,2654.4000,2656.0000,2662.0000,2665.2000,1,1,1,1,1,1,2,1,1,1
SF,IH2012,2020-04-28 09:36:56.700,2650.0000,1088,0,11129340.000,0,-,-,-,-,2651.0000,2650.6000,2650.0000,2647.8000,2646.0000,2652.8000,2654.4000,2656.0000,2662.0000,2665.2000,1,1,1,1,1,1,2,1,1,1
SF,IH2012,2020-04-28 09:36:57.200,2650.0000,1088,0,11129340.000,0,-,-,-,-,2651.2000,2651.0000,2650.0000,2647.8000,2646.0000,2652.8000,2654.4000,2656.0000,2662.0000,2665.2000,1,1,1,1,1,1,2,1,1,1
SF,IH2012,2020-04-28 09:37:08.700,2652.8000,1087,-1,11925180.000,1,0,1,双平,S,2651.2000,2651.0000,2650.0000,2647.8000,2646.0000,2654.4000,2656.0000,2662.0000,2665.2000,2685.0000,1,1,1,1,1,2,1,1,1,1
SF,IH2012,2020-04-28 09:37:09.200,2652.8000,1087,0,11925180.000,0,-,-,-,-,2651.2000,2651.0000,2650.0000,2647.8000,2646.0000,2654.2000,2654.4000,2656.0000,2662.0000,2665.2000,1,1,1,1,1,1,2,1,1,1
SF,IH2012,2020-04-28 09:37:10.200,2652.8000,1087,0,11925180.000,0,-,-,-,-,2651.2000,2651.0000,2650.0000,2647.8000,2646.0000,2654.0000,2654.2000,2654.4000,2656.0000,2662.0000,1,1,1,1,1,1,1,2,1,1
SF,IH2012,2020-04-28 09:37:10.700,2652.8000,1087,0,11925180.000,0,-,-,-,-,2651.2000,2651.0000,2650.0000,2647.8000,2646.0000,2653.8000,2654.0000,2654.4000,2656.0000,2662.0000,1,1,1,1,1,1,1,2,1,1
SF,IH2012,2020-04-28 09:37:14.200,2652.8000,1087,0,11925180.000,0,-,-,-,-,2651.2000,2650.0000,2647.8000,2646.0000,2645.6000,2653.8000,2654.0000,2654.4000,2656.0000,2662.0000,1,1,1,1,1,1,1,2,1,1
SF,IH2012,2020-04-28 09:37:39.200,2652.8000,1087,0,11925180.000,0,-,-,-,-,2651.4000,2651.2000,2650.0000,2647.8000,2646.0000,2653.8000,2654.0000,2654.4000,2656.0000,2662.0000,1,1,1,1,1,1,1,2,1,1
SF,IH2012,2020-04-28 09:37:39.700,2652.8000,1087,0,11925180.000,0,-,-,-,-,2651.6000,2651.4000,2650.0000,2647.8000,2646.0000,2654.4000,2656.0000,2662.0000,2665.2000,2685.0000,1,1,1,1,1,2,1,1,1,1
SF,IH2012,2020-04-28 09:37:40.200,2652.8000,1087,0,11925180.000,0,-,-,-,-,2651.6000,2651.4000,2650.0000,2647.8000,2646.0000,2654.2000,2654.4000,2656.0000,2662.0000,2665.2000,1,1,1,1,1,1,2,1,1,1
SF,IH2012,2020-04-28 09:37:43.700,2654.2000,1087,0,12721440.000,1,0,1,多换,S,2651.6000,2651.4000,2650.0000,2647.8000,2646.0000,2654.4000,2656.0000,2662.0000,2665.2000,2685.0000,1,1,1,1,1,2,1,1,1,1
SF,IH2012,2020-04-28 09:37:44.200,2654.2000,1087,0,12721440.000,0,-,-,-,-,2651.8000,2651.6000,2651.4000,2650.0000,2647.8000,2654.4000,2656.0000,2662.0000,2665.2000,2685.0000,1,1,1,1,1,2,1,1,1,1
SF,IH2012,2020-04-28 09:37:44.700,2654.2000,1087,0,12721440.000,0,-,-,-,-,2652.0000,2651.8000,2651.4000,2650.0000,2647.8000,2654.2000,2654.4000,2656.0000,2662.0000,2665.2000,1,1,1,1,1,1,2,1,1,1
SF,IH2012,2020-04-28 09:37:45.200,2654.2000,1087,0,12721440.000,0,-,-,-,-,2652.0000,2651.8000,2651.4000,2650.0000,2647.8000,2654.4000,2656.0000,2662.0000,2665.2000,2685.0000,1,1,1,1,1,2,1,1,1,1
SF,IH2012,2020-04-28 09:37:45.700,2654.2000,1087,0,12721440.000,0,-,-,-,-,2652.0000,2651.8000,2651.4000,2650.0000,2647.8000,2654.2000,2654.4000,2656.0000,2662.0000,2665.2000,1,1,1,1,1,1,2,1,1,1
SF,IH2012,2020-04-28 09:37:46.200,2654.2000,1087,0,12721440.000,0,-,-,-,-,2652.0000,2651.8000,2651.4000,2650.0000,2647.8000,2654.4000,2656.0000,2662.0000,2665.2000,2685.0000,1,1,1,1,1,2,1,1,1,1
SF,IH2012,2020-04-28 09:38:08.200,2652.0000,1086,-1,13517040.000,1,0,1,双平,S,2651.8000,2651.4000,2650.0000,2647.8000,2646.0000,2654.4000,2656.0000,2662.0000,2665.2000,2685.0000,1,1,1,1,1,2,1,1,1,1
SF,IH2012,2020-04-28 09:38:08.700,2652.0000,1086,0,13517040.000,0,-,-,-,-,2652.0000,2650.0000,2647.8000,2646.0000,2645.6000,2654.2000,2654.4000,2656.0000,2662.0000,2665.2000,1,1,1,1,1,1,2,1,1,1
SF,IH2012,2020-04-28 09:38:09.200,2652.0000,1086,0,13517040.000,0,-,-,-,-,2650.0000,2647.8000,2646.0000,2645.6000,2644.0000,2654.2000,2654.4000,2656.0000,2662.0000,2665.2000,1,1,1,1,1,1,2,1,1,1
SF,IH2012,2020-04-28 09:38:09.700,2652.0000,1086,0,13517040.000,0,-,-,-,-,2650.2000,2650.0000,2647.8000,2646.0000,2645.6000,2654.0000,2654.2000,2654.4000,2656.0000,2662.0000,1,1,1,1,1,1,1,2,1,1
SF,IH2012,2020-04-28 09:38:10.200,2652.0000,1086,0,13517040.000,0,-,-,-,-,2650.2000,2650.0000,2647.8000,2646.0000,2645.6000,2653.8000,2654.0000,2654.4000,2656.0000,2662.0000,1,1,1,1,1,1,1,2,1,1
SF,IH2012,2020-04-28 09:38:10.700,2652.0000,1086,0,13517040.000,0,-,-,-,-,2650.2000,2650.0000,2647.8000,2646.0000,2645.6000,2653.8000,2654.4000,2656.0000,2662.0000,2665.2000,1,1,1,1,1,1,2,1,1,1
SF,IH2012,2020-04-28 09:38:11.200,2652.0000,1086,0,13517040.000,0,-,-,-,-,2653.0000,2650.4000,2650.2000,2650.0000,2647.8000,2653.8000,2654.4000,2656.0000,2662.0000,2665.2000,1,1,1,1,1,1,2,1,1,1
SF,IH2012,2020-04-28 09:38:11.700,2652.8000,1086,0,14312880.000,1,0,1,多换,S,2650.4000,2650.2000,2650.0000,2647.8000,2646.0000,2652.6000,2653.8000,2654.4000,2656.0000,2662.0000,1,1,1,1,1,1,1,2,1,1
SF,IH2012,2020-04-28 09:38:12.200,2652.8000,1086,0,14312880.000,0,-,-,-,-,2650.6000,2650.0000,2647.8000,2646.0000,2645.6000,2652.6000,2653.0000,2653.8000,2654.4000,2656.0000,1,1,1,1,1,1,1,1,2,1
SF,IH2012,2020-04-28 09:38:13.700,2652.8000,1086,0,14312880.000,0,-,-,-,-,2650.6000,2650.0000,2647.8000,2646.0000,2645.6000,2652.4000,2652.6000,2653.0000,2653.8000,2654.4000,1,1,1,1,1,1,1,1,1,2
SF,IH2012,2020-04-28 09:38:15.200,2652.8000,1086,0,14312880.000,0,-,-,-,-,2650.6000,2650.0000,2647.8000,2646.0000,2645.6000,2652.6000,2653.0000,2653.8000,2654.4000,2656.0000,1,1,1,1,1,1,1,1,2,1
SF,IH2012,2020-04-28 09:38:22.200,2652.8000,1086,0,14312880.000,0,-,-,-,-,2650.6000,2650.0000,2647.8000,2646.0000,2645.6000,2652.6000,2653.8000,2654.4000,2656.0000,2662.0000,1,1,1,1,1,1,1,2,1,1
SF,IH2012,2020-04-28 09:38:22.700,2652.8000,1086,0,14312880.000,0,-,-,-,-,2650.6000,2650.0000,2647.8000,2646.0000,2645.6000,2652.6000,2653.8000,2654.4000,2654.6000,2656.0000,1,1,1,1,1,1,1,2,1,1
SF,IH2012,2020-04-28 09:38:23.200,2652.8000,1086,0,14312880.000,0,-,-,-,-,2650.6000,2650.0000,2647.8000,2646.0000,2645.6000,2652.4000,2652.6000,2654.4000,2654.6000,2656.0000,1,1,1,1,1,1,1,2,1,1
SF,IH2012,2020-04-28 09:38:26.200,2652.8000,1086,0,14312880.000,0,-,-,-,-,2650.6000,2650.0000,2647.8000,2645.6000,2644.0000,2652.4000,2652.6000,2654.4000,2654.6000,2656.0000,1,1,1,1,1,1,1,2,1,1
SF,IH2012,2020-04-28 09:38:26.700,2652.8000,1086,0,14312880.000,0,-,-,-,-,2650.6000,2650.0000,2648.8000,2647.8000,2645.6000,2652.2000,2652.4000,2652.6000,2654.4000,2654.6000,1,1,1,1,1,1,1,1,2,1
SF,IH2012,2020-04-28 09:38:27.200,2652.8000,1086,0,14312880.000,0,-,-,-,-,2650.6000,2650.0000,2648.8000,2647.8000,2645.6000,2652.2000,2652.4000,2652.6000,2654.4000,2656.0000,1,1,1,1,1,1,1,1,2,1
SF,IH2012,2020-04-28 09:38:33.200,2652.8000,1086,0,14312880.000,0,-,-,-,-,2650.6000,2650.0000,2648.8000,2647.8000,2645.6000,2652.2000,2652.4000,2652.6000,2654.4000,2656.0000,1,1,1,1,1,1,1,1,2,1
SF,IH2012,2020-04-28 09:38:33.700,2652.8000,1086,0,14312880.000,0,-,-,-,-,2650.6000,2650.0000,2648.8000,2647.8000,2645.6000,2652.0000,2652.2000,2652.6000,2654.4000,2656.0000,1,1,1,1,1,1,1,1,2,1
SF,IH2012,2020-04-28 09:38:43.200,2652.8000,1086,0,14312880.000,0,-,-,-,-,2650.6000,2650.0000,2648.8000,2647.8000,2645.6000,2652.0000,2652.2000,2652.6000,2654.4000,2656.0000,1,1,1,1,1,1,1,1,2,1
SF,IH2012,2020-04-28 09:38:45.200,2652.8000,1086,0,14312880.000,0,-,-,-,-,2650.6000,2650.0000,2648.8000,2647.8000,2645.6000,2652.0000,2652.2000,2652.6000,2654.4000,2656.0000,1,1,1,1,1,1,1,2,2,1
SF,IH2012,2020-04-28 09:38:45.700,2652.8000,1086,0,14312880.000,0,-,-,-,-,2650.6000,2650.0000,2648.8000,2647.8000,2645.6000,2652.2000,2652.6000,2654.0000,2654.4000,2656.0000,1,1,1,1,1,1,2,1,2,1
SF,IH2012,2020-04-28 09:38:49.700,2652.8000,1086,0,14312880.000,0,-,-,-,-,2650.6000,2650.0000,2648.8000,2647.8000,2645.6000,2652.2000,2652.6000,2654.0000,2654.4000,2656.0000,1,1,1,1,1,1,2,1,2,1
SF,IH2012,2020-04-28 09:39:06.700,2652.8000,1086,0,14312880.000,0,-,-,-,-,2650.6000,2650.0000,2648.8000,2647.8000,2645.6000,2652.6000,2654.0000,2654.4000,2656.0000,2661.0000,1,1,1,1,1,2,1,2,1,1
SF,IH2012,2020-04-28 09:39:18.700,2652.8000,1086,0,14312880.000,0,-,-,-,-,2650.6000,2650.0000,2648.8000,2647.8000,2645.6000,2652.6000,2654.0000,2654.4000,2656.0000,2661.0000,1,1,1,1,1,1,1,2,1,1
SF,IH2012,2020-04-28 09:39:19.200,2652.8000,1086,0,14312880.000,0,-,-,-,-,2650.8000,2650.6000,2650.0000,2648.8000,2647.8000,2652.6000,2654.0000,2654.4000,2656.0000,2661.0000,1,1,1,1,1,1,1,2,1,1
SF,IH2012,2020-04-28 09:39:19.700,2652.8000,1086,0,14312880.000,0,-,-,-,-,2651.0000,2650.8000,2650.0000,2648.8000,2647.8000,2652.6000,2654.0000,2654.4000,2656.0000,2661.0000,1,1,1,1,1,1,1,2,1,1
SF,IH2012,2020-04-28 09:39:24.200,2652.6000,1085,-1,15108660.000,1,0,1,双平,S,2652.6000,2651.0000,2650.8000,2650.0000,2648.8000,2654.0000,2654.4000,2656.0000,2661.0000,2665.2000,1,1,1,1,1,1,2,1,1,1
SF,IH2012,2020-04-28 09:39:24.700,2652.6000,1085,0,15108660.000,0,-,-,-,-,2652.8000,2652.6000,2650.6000,2650.0000,2648.8000,2654.0000,2654.4000,2656.0000,2661.0000,2665.2000,1,1,1,1,1,1,2,2,1,1
SF,IH2012,2020-04-28 09:39:25.200,2652.6000,1085,0,15108660.000,0,-,-,-,-,2652.8000,2652.6000,2650.6000,2650.0000,2648.8000,2654.0000,2654.4000,2656.0000,2661.0000,2665.2000,1,2,1,1,1,1,2,2,1,1
SF,IH2012,2020-04-28 09:39:32.700,2652.8000,1084,-1,15904500.000,1,0,1,双平,S,2652.6000,2650.6000,2650.0000,2648.8000,2647.8000,2654.0000,2654.4000,2656.0000,2661.0000,2665.2000,1,1,1,1,1,1,2,2,1,1
SF,IH2012,2020-04-28 09:39:33.200,2652.6000,1084,0,16700280.000,1,0,1,多换,S,2650.6000,2650.0000,2648.8000,2647.8000,2645.6000,2653.8000,2654.0000,2654.4000,2656.0000,2661.0000,1,1,1,1,1,2,1,2,2,1
SF,IH2012,2020-04-28 09:39:33.700,2652.6000,1084,0,16700280.000,0,-,-,-,-,2650.8000,2650.6000,2650.0000,2649.0000,2648.8000,2653.8000,2654.0000,2654.4000,2656.0000,2661.0000,1,1,1,1,1,2,1,2,2,1
SF,IH2012,2020-04-28 09:39:34.200,2652.6000,1084,0,16700280.000,0,-,-,-,-,2650.8000,2650.6000,2650.0000,2649.0000,2648.8000,2653.8000,2654.0000,2654.4000,2656.0000,2661.0000,1,1,1,1,1,1,1,2,2,1
SF,IH2012,2020-04-28 09:39:35.700,2652.6000,1084,0,16700280.000,0,-,-,-,-,2651.0000,2650.8000,2650.6000,2650.0000,2649.0000,2653.8000,2654.0000,2654.4000,2656.0000,2661.0000,1,1,1,1,1,1,1,2,2,1
SF,IH2012,2020-04-28 09:39:36.200,2652.6000,1084,0,16700280.000,0,-,-,-,-,2651.2000,2651.0000,2650.6000,2650.0000,2649.0000,2653.8000,2654.0000,2654.4000,2656.0000,2661.0000,1,1,1,1,1,1,1,2,2,1
SF,IH2012,2020-04-28 09:39:36.700,2652.6000,1084,0,16700280.000,0,-,-,-,-,2651.2000,2650.6000,2650.0000,2649.0000,2648.8000,2653.8000,2654.0000,2654.4000,2656.0000,2661.0000,1,1,1,1,1,1,1,2,2,1
SF,IH2012,2020-04-28 09:39:43.200,2652.6000,1084,0,16700280.000,0,-,-,-,-,2651.6000,2651.2000,2650.6000,2650.0000,2649.0000,2653.8000,2654.0000,2654.4000,2656.0000,2661.0000,1,1,1,1,1,1,1,2,2,1
SF,IH2012,2020-04-28 09:39:43.700,2652.6000,1084,0,16700280.000,0,-,-,-,-,2651.8000,2651.6000,2650.6000,2650.0000,2648.8000,2653.8000,2654.0000,2654.4000,2656.0000,2661.0000,1,1,1,1,1,1,1,2,2,1
SF,IH2012,2020-04-28 09:39:46.200,2652.6000,1084,0,16700280.000,0,-,-,-,-,2651.8000,2650.6000,2650.0000,2648.8000,2647.8000,2653.8000,2654.0000,2654.4000,2656.0000,2661.0000,1,1,1,1,1,1,1,2,2,1
SF,IH2012,2020-04-28 09:39:54.700,2652.6000,1084,0,16700280.000,0,-,-,-,-,2652.0000,2651.8000,2650.6000,2650.0000,2648.8000,2653.8000,2654.0000,2654.4000,2656.0000,2661.0000,1,1,1,1,1,1,1,2,2,1
SF,IH2012,2020-04-28 09:39:55.200,2652.6000,1084,0,16700280.000,0,-,-,-,-,2652.2000,2652.0000,2650.6000,2650.0000,2648.8000,2653.8000,2654.0000,2654.4000,2656.0000,2661.0000,1,1,1,1,1,1,1,2,2,1
SF,IH2012,2020-04-28 09:39:58.200,2652.6000,1084,0,16700280.000,0,-,-,-,-,2652.2000,2650.6000,2650.0000,2648.8000,2647.8000,2653.8000,2654.0000,2654.4000,2656.0000,2661.0000,1,1,1,1,1,1,1,2,2,1
SF,IH2012,2020-04-28 09:39:58.700,2652.6000,1084,0,16700280.000,0,-,-,-,-,2652.2000,2650.6000,2650.0000,2648.8000,2647.8000,2654.0000,2654.4000,2656.0000,2661.0000,2665.2000,1,1,1,1,1,1,2,2,1,1
SF,IH2012,2020-04-28 09:40:00.200,2652.6000,1084,0,16700280.000,0,-,-,-,-,2653.8000,2652.2000,2650.6000,2650.0000,2648.8000,2654.0000,2654.4000,2656.0000,2661.0000,2665.2000,1,1,1,1,1,1,2,2,1,1
SF,IH2012,2020-04-28 09:40:00.700,2653.8000,1084,0,17496420.000,1,0,1,多换,S,2652.2000,2650.0000,2648.8000,2647.8000,2645.6000,2654.0000,2654.4000,2656.0000,2661.0000,2665.2000,1,1,1,1,1,1,2,2,1,1
SF,IH2012,2020-04-28 09:40:01.200,2653.8000,1084,0,17496420.000,0,-,-,-,-,2652.4000,2652.2000,2650.0000,2648.8000,2647.8000,2654.0000,2654.4000,2656.0000,2661.0000,2665.2000,1,1,1,1,1,1,2,2,1,1
SF,IH2012,2020-04-28 09:40:01.700,2653.8000,1084,0,17496420.000,0,-,-,-,-,2652.6000,2652.4000,2650.0000,2648.8000,2647.8000,2654.0000,2654.4000,2656.0000,2661.0000,2665.2000,1,1,1,1,1,1,2,2,1,1
SF,IH2012,2020-04-28 09:40:02.200,2653.8000,1084,0,17496420.000,0,-,-,-,-,2652.6000,2650.0000,2648.8000,2647.8000,2645.6000,2653.8000,2654.0000,2654.4000,2656.0000,2661.0000,1,1,1,1,1,1,1,2,2,1
SF,IH2012,2020-04-28 09:40:02.700,2653.8000,1084,0,17496420.000,0,-,-,-,-,2650.0000,2648.8000,2647.8000,2645.6000,2644.0000,2652.6000,2653.8000,2654.0000,2654.4000,2656.0000,1,1,1,1,1,1,1,1,2,2
SF,IH2012,2020-04-28 09:40:03.200,2653.8000,1084,0,17496420.000,0,-,-,-,-,2650.2000,2650.0000,2648.8000,2647.8000,2645.6000,2652.6000,2654.0000,2654.4000,2656.0000,2661.0000,3,1,1,1,1,1,1,2,1,1
SF,IH2012,2020-04-28 09:40:03.700,2653.8000,1084,0,17496420.000,0,-,-,-,-,2650.2000,2650.0000,2648.8000,2647.8000,2645.6000,2652.6000,2654.0000,2654.4000,2656.0000,2661.0000,2,1,1,1,1,1,1,2,1,1
SF,IH2012,2020-04-28 09:40:04.200,2653.8000,1084,0,17496420.000,0,-,-,-,-,2650.2000,2650.0000,2648.8000,2647.8000,2645.6000,2652.4000,2652.6000,2654.0000,2654.4000,2656.0000,2,1,1,1,1,1,1,1,2,1
SF,IH2012,2020-04-28 09:40:05.700,2652.6000,1084,0,18292200.000,1,0,1,多换,S,2650.2000,2650.0000,2648.8000,2647.8000,2645.6000,2652.6000,2654.0000,2654.4000,2656.0000,2661.0000,1,1,1,1,1,1,1,2,1,1
SF,IH2012,2020-04-28 09:40:06.200,2652.6000,1084,0,18292200.000,0,-,-,-,-,2650.2000,2650.0000,2648.8000,2647.8000,2645.6000,2652.4000,2652.6000,2654.0000,2654.4000,2656.0000,1,1,1,1,1,1,1,1,2,1
SF,IH2012,2020-04-28 09:40:20.700,2652.6000,1084,0,18292200.000,0,-,-,-,-,2650.4000,2650.2000,2650.0000,2648.8000,2645.6000,2652.4000,2652.6000,2654.0000,2654.4000,2656.0000,1,1,1,1,1,1,1,1,2,1
SF,IH2012,2020-04-28 09:40:29.700,2652.6000,1084,0,18292200.000,0,-,-,-,-,2650.4000,2650.2000,2650.0000,2645.6000,2644.0000,2652.4000,2652.6000,2654.0000,2654.4000,2656.0000,1,2,1,1,1,1,1,1,2,1
SF,IH2012,2020-04-28 09:40:30.200,2652.6000,1084,0,18292200.000,0,-,-,-,-,2650.6000,2650.4000,2650.2000,2650.0000,2645.6000,2652.4000,2652.6000,2654.0000,2654.4000,2656.0000,1,1,1,1,1,1,1,1,2,1
SF,IH2012,2020-04-28 09:40:36.200,2652.6000,1084,0,18292200.000,0,-,-,-,-,2650.6000,2650.4000,2650.2000,2645.6000,2644.0000,2652.4000,2652.6000,2654.0000,2654.4000,2656.0000,1,1,1,1,1,1,1,1,2,1
SF,IH2012,2020-04-28 09:40:42.700,2652.6000,1084,0,18292200.000,0,-,-,-,-,2650.6000,2650.4000,2645.6000,2644.0000,2640.0000,2652.4000,2652.6000,2654.0000,2654.4000,2656.0000,1,1,1,1,1,1,1,1,2,1
SF,IH2012,2020-04-28 09:40:43.200,2652.6000,1084,0,18292200.000,0,-,-,-,-,2650.6000,2650.4000,2649.4000,2645.6000,2644.0000,2652.4000,2652.6000,2654.0000,2654.4000,2656.0000,1,1,1,1,1,1,1,1,2,1
SF,IH2012,2020-04-28 09:41:06.200,2652.6000,1084,0,18292200.000,0,-,-,-,-,2650.6000,2649.4000,2645.6000,2644.0000,2640.0000,2652.4000,2652.6000,2654.0000,2654.4000,2656.0000,1,1,1,1,1,1,1,1,2,1
SF,IH2012,2020-04-28 09:41:06.700,2652.6000,1084,0,18292200.000,0,-,-,-,-,2650.8000,2650.6000,2649.4000,2645.6000,2644.0000,2652.4000,2652.6000,2654.0000,2654.4000,2656.0000,1,1,1,1,1,1,1,1,2,1
SF,IH2012,2020-04-28 09:41:07.200,2652.6000,1084,0,18292200.000,0,-,-,-,-,2651.0000,2650.8000,2649.4000,2645.6000,2644.0000,2652.2000,2652.4000,2652.6000,2654.0000,2654.4000,1,1,1,1,1,1,1,1,1,2
SF,IH2012,2020-04-28 09:41:09.700,2650.8000,1083,-1,19882740.000,2,0,2,多平,S,2649.4000,2645.6000,2644.0000,2640.0000,2634.0000,2652.2000,2652.4000,2652.6000,2654.0000,2654.4000,1,1,1,1,1,1,1,1,1,2
SF,IH2012,2020-04-28 09:41:10.200,2650.8000,1083,0,19882740.000,0,-,-,-,-,2649.6000,2649.4000,2645.6000,2644.0000,2640.0000,2652.0000,2652.6000,2654.0000,2654.4000,2656.0000,2,1,1,1,1,1,1,1,2,1
SF,IH2012,2020-04-28 09:41:16.700,2650.8000,1083,0,19882740.000,0,-,-,-,-,2650.2000,2649.6000,2649.4000,2645.6000,2644.0000,2652.0000,2652.6000,2654.0000,2654.4000,2656.0000,1,2,1,1,1,1,1,1,2,1
SF,IH2012,2020-04-28 09:41:17.200,2650.8000,1083,0,19882740.000,0,-,-,-,-,2650.4000,2650.2000,2649.6000,2649.4000,2645.6000,2652.0000,2652.6000,2654.0000,2654.4000,2656.0000,1,1,1,1,1,1,1,1,2,1
SF,IH2012,2020-04-28 09:41:17.700,2650.8000,1083,0,19882740.000,0,-,-,-,-,2650.4000,2650.2000,2649.6000,2649.4000,2645.6000,2652.6000,2654.0000,2656.0000,2661.0000,2665.2000,1,1,1,1,1,1,1,1,1,1
SF,IH2012,2020-04-28 09:41:18.200,2650.8000,1083,0,19882740.000,0,-,-,-,-,2650.4000,2650.2000,2649.6000,2649.4000,2645.6000,2652.4000,2652.6000,2654.0000,2656.0000,2661.0000,1,1,1,1,1,1,1,1,1,1
SF,IH2012,2020-04-28 09:41:19.200,2650.8000,1083,0,19882740.000,0,-,-,-,-,2650.4000,2649.4000,2645.6000,2644.0000,2640.0000,2652.4000,2652.6000,2654.0000,2656.0000,2661.0000,1,1,1,1,1,1,1,1,1,1
SF,IH2012,2020-04-28 09:41:22.200,2650.4000,1083,0,20677860.000,1,0,1,多换,S,2649.4000,2645.6000,2644.0000,2640.0000,2634.0000,2650.4000,2652.4000,2652.6000,2654.0000,2656.0000,1,1,1,1,1,1,1,1,1,1
SF,IH2012,2020-04-28 09:41:22.700,2650.4000,1083,0,21472980.000,1,0,1,多换,S,2650.8000,2649.6000,2649.4000,2645.6000,2644.0000,2652.4000,2652.6000,2656.0000,2661.0000,2665.2000,1,2,1,1,1,1,1,1,1,1
SF,IH2012,2020-04-28 09:41:24.200,2650.4000,1083,0,21472980.000,0,-,-,-,-,2650.8000,2649.6000,2649.4000,2645.6000,2644.0000,2652.2000,2652.4000,2652.6000,2656.0000,2661.0000,1,1,1,1,1,1,1,1,1,1
SF,IH2012,2020-04-28 09:41:24.700,2650.4000,1083,0,21472980.000,0,-,-,-,-,2650.8000,2649.6000,2649.4000,2645.6000,2644.0000,2652.0000,2652.2000,2652.6000,2656.0000,2661.0000,1,1,1,1,1,1,1,1,1,1
SF,IH2012,2020-04-28 09:41:25.700,2650.4000,1083,0,21472980.000,0,-,-,-,-,2650.8000,2649.8000,2649.6000,2645.6000,2644.0000,2652.0000,2652.2000,2652.6000,2656.0000,2661.0000,1,1,1,1,1,1,1,1,1,1
SF,IH2012,2020-04-28 09:41:34.200,2650.8000,1082,-1,22268220.000,1,0,1,双平,S,2649.8000,2649.6000,2645.6000,2644.0000,2640.0000,2652.0000,2652.2000,2652.6000,2656.0000,2661.0000,1,1,1,1,1,1,1,1,1,1
SF,IH2012,2020-04-28 09:41:34.700,2650.8000,1082,0,22268220.000,0,-,-,-,-,2650.0000,2649.8000,2645.6000,2644.0000,2640.0000,2652.0000,2652.2000,2652.6000,2656.0000,2661.0000,1,1,1,1,1,1,1,1,1,1
SF,IH2012,2020-04-28 09:41:35.200,2650.8000,1082,0,22268220.000,0,-,-,-,-,2649.8000,2645.6000,2644.0000,2640.0000,2634.0000,2651.8000,2652.0000,2652.2000,2652.6000,2656.0000,1,1,1,1,1,1,1,1,1,1
SF,IH2012,2020-04-28 09:41:35.700,2650.8000,1082,0,22268220.000,0,-,-,-,-,2649.8000,2645.6000,2644.0000,2640.0000,2634.0000,2651.6000,2651.8000,2652.2000,2652.6000,2656.0000,1,1,1,1,1,1,1,1,1,1
SF,IH2012,2020-04-28 09:41:36.200,2650.8000,1082,0,22268220.000,0,-,-,-,-,2650.0000,2649.8000,2645.6000,2644.0000,2640.0000,2651.6000,2651.8000,2652.2000,2652.6000,2656.0000,1,1,1,1,1,1,1,1,1,1
SF,IH2012,2020-04-28 09:41:36.700,2650.8000,1082,0,22268220.000,0,-,-,-,-,2649.8000,2645.6000,2644.0000,2640.0000,2634.0000,2651.6000,2651.8000,2652.2000,2652.6000,2656.0000,1,1,1,1,1,1,1,1,1,1
SF,IH2012,2020-04-28 09:41:48.700,2650.8000,1082,0,22268220.000,0,-,-,-,-,2650.0000,2649.8000,2645.6000,2644.0000,2640.0000,2651.6000,2651.8000,2652.2000,2652.6000,2656.0000,1,1,1,1,1,1,1,1,1,1
SF,IH2012,2020-04-28 09:41:49.700,2650.8000,1082,0,22268220.000,0,-,-,-,-,2650.0000,2649.8000,2645.6000,2644.0000,2640.0000,2651.6000,2651.8000,2652.6000,2656.0000,2661.0000,1,1,1,1,1,1,1,1,1,1
SF,IH2012,2020-04-28 09:41:52.700,2650.8000,1082,0,22268220.000,0,-,-,-,-,2650.0000,2649.8000,2645.6000,2640.0000,2634.0000,2651.6000,2651.8000,2652.6000,2656.0000,2661.0000,1,1,1,1,1,1,1,1,1,1
SF,IH2012,2020-04-28 09:41:59.200,2650.8000,1082,0,22268220.000,0,-,-,-,-,2650.0000,2645.6000,2640.0000,2634.0000,2633.4000,2651.6000,2651.8000,2652.6000,2656.0000,2661.0000,1,1,1,1,1,1,1,1,1,1
SF,IH2012,2020-04-28 09:41:59.700,2650.8000,1082,0,22268220.000,0,-,-,-,-,2650.0000,2649.6000,2645.6000,2640.0000,2634.0000,2651.6000,2651.8000,2652.6000,2656.0000,2661.0000,1,1,1,1,1,1,1,1,1,1
SF,IH2012,2020-04-28 09:42:01.200,2650.8000,1082,0,22268220.000,0,-,-,-,-,2650.0000,2649.6000,2645.6000,2640.0000,2634.0000,2651.6000,2651.8000,2652.6000,2656.0000,2661.0000,1,1,1,2,1,1,1,1,1,1
SF,IH2012,2020-04-28 09:42:02.200,2650.8000,1082,0,22268220.000,0,-,-,-,-,2650.0000,2649.6000,2645.6000,2640.0000,2634.0000,2651.6000,2652.6000,2656.0000,2661.0000,2665.2000,1,1,1,2,1,1,1,1,1,1
SF,IH2012,2020-04-28 09:42:02.700,2650.8000,1082,0,22268220.000,0,-,-,-,-,2650.2000,2650.0000,2649.6000,2645.6000,2640.0000,2651.6000,2652.6000,2656.0000,2661.0000,2665.2000,1,1,1,1,2,1,1,1,1,1
SF,IH2012,2020-04-28 09:42:10.200,2651.6000,1081,-1,23063700.000,1,0,1,双平,S,2650.2000,2650.0000,2649.6000,2645.6000,2640.0000,2652.6000,2656.0000,2661.0000,2665.2000,2688.0000,1,1,1,1,2,1,1,1,1,2
SF,IH2012,2020-04-28 09:42:10.700,2651.6000,1081,0,23063700.000,0,-,-,-,-,2650.2000,2650.0000,2649.6000,2645.6000,2640.0000,2652.4000,2652.6000,2654.4000,2656.0000,2661.0000,1,1,1,1,2,1,1,1,1,1
SF,IH2012,2020-04-28 09:42:11.200,2651.6000,1081,0,23063700.000,0,-,-,-,-,2650.4000,2650.2000,2650.0000,2649.6000,2645.6000,2652.4000,2652.6000,2654.4000,2656.0000,2661.0000,1,1,1,1,1,1,1,1,1,1
SF,IH2012,2020-04-28 09:42:11.700,2651.6000,1081,0,23063700.000,0,-,-,-,-,2650.6000,2650.4000,2650.0000,2649.6000,2645.6000,2652.6000,2654.4000,2656.0000,2661.0000,2665.2000,1,1,1,1,1,1,1,1,1,1
SF,IH2012,2020-04-28 09:42:12.200,2651.6000,1081,0,23063700.000,0,-,-,-,-,2650.6000,2650.4000,2650.0000,2649.6000,2645.6000,2652.4000,2652.6000,2654.4000,2656.0000,2661.0000,1,1,1,1,1,1,1,1,1,1
SF,IH2012,2020-04-28 09:43:16.700,2650.6000,1080,-1,23858880.000,1,0,1,双平,S,2650.4000,2650.0000,2649.6000,2645.6000,2640.0000,2652.4000,2652.6000,2654.4000,2656.0000,2661.0000,1,1,1,1,2,1,1,1,1,1
SF,IH2012,2020-04-28 09:43:17.200,2650.6000,1080,0,23858880.000,0,-,-,-,-,2650.0000,2649.6000,2645.6000,2640.0000,2634.0000,2652.4000,2652.6000,2654.4000,2656.0000,2661.0000,1,1,1,2,1,1,1,1,1,1
SF,IH2012,2020-04-28 09:43:17.700,2650.6000,1080,0,23858880.000,0,-,-,-,-,2650.2000,2650.0000,2649.6000,2645.6000,2640.0000,2652.4000,2652.6000,2654.4000,2656.0000,2661.0000,1,1,1,1,2,1,1,1,1,1
SF,IH2012,2020-04-28 09:43:47.700,2650.6000,1080,0,23858880.000,0,-,-,-,-,2650.2000,2650.0000,2649.6000,2645.6000,2640.0000,2652.4000,2652.6000,2654.4000,2656.0000,2661.0000,1,1,1,1,2,2,1,1,1,1
SF,IH2012,2020-04-28 09:43:48.200,2650.6000,1080,0,23858880.000,0,-,-,-,-,2650.0000,2649.6000,2645.6000,2640.0000,2634.0000,2652.4000,2652.6000,2654.4000,2656.0000,2661.0000,1,1,1,2,1,2,1,1,1,1
SF,IH2012,2020-04-28 09:43:49.700,2650.6000,1080,0,23858880.000,0,-,-,-,-,2649.6000,2645.6000,2640.0000,2634.0000,2633.4000,2652.4000,2652.6000,2654.4000,2656.0000,2661.0000,1,1,2,1,1,2,1,1,1,1
SF,IH2012,2020-04-28 09:43:50.200,2650.6000,1080,0,23858880.000,0,-,-,-,-,2649.8000,2649.6000,2645.6000,2640.0000,2634.0000,2652.4000,2652.6000,2654.4000,2656.0000,2661.0000,1,1,1,2,1,2,1,1,1,1
SF,IH2012,2020-04-28 09:43:57.200,2650.6000,1080,0,23858880.000,0,-,-,-,-,2649.8000,2649.6000,2645.6000,2640.0000,2634.0000,2652.0000,2652.4000,2652.6000,2654.4000,2656.0000,1,1,1,2,1,1,2,1,1,1
SF,IH2012,2020-04-28 09:43:57.700,2650.6000,1080,0,23858880.000,0,-,-,-,-,2649.8000,2649.6000,2645.6000,2640.0000,2634.0000,2651.8000,2652.0000,2652.4000,2652.6000,2656.0000,1,1,1,2,1,1,1,1,1,1
SF,IH2012,2020-04-28 09:43:58.200,2650.6000,1080,0,23858880.000,0,-,-,-,-,2650.0000,2649.8000,2649.6000,2645.6000,2640.0000,2651.8000,2652.0000,2652.4000,2652.6000,2656.0000,1,1,1,1,2,1,1,1,1,1
SF,IH2012,2020-04-28 09:43:58.700,2650.6000,1080,0,23858880.000,0,-,-,-,-,2650.2000,2650.0000,2649.6000,2645.6000,2640.0000,2651.8000,2652.0000,2652.4000,2652.6000,2656.0000,1,1,1,1,2,1,1,1,1,1
SF,IH2012,2020-04-28 09:44:00.200,2650.6000,1080,0,23858880.000,0,-,-,-,-,2650.2000,2649.6000,2645.6000,2640.0000,2634.0000,2651.8000,2652.0000,2652.4000,2652.6000,2656.0000,1,1,1,2,1,1,1,1,1,1
SF,IH2012,2020-04-28 09:44:00.700,2650.6000,1080,0,23858880.000,0,-,-,-,-,2649.6000,2645.6000,2640.0000,2634.0000,2633.4000,2651.8000,2652.0000,2652.4000,2652.6000,2656.0000,1,1,2,1,1,1,1,1,1,1
SF,IH2012,2020-04-28 09:44:01.200,2650.6000,1080,0,23858880.000,0,-,-,-,-,2649.8000,2649.6000,2645.6000,2640.0000,2634.0000,2651.8000,2652.0000,2652.4000,2652.6000,2656.0000,1,1,1,2,1,1,1,1,1,1
SF,IH2012,2020-04-28 09:44:02.200,2650.6000,1080,0,23858880.000,0,-,-,-,-,2649.8000,2649.6000,2645.6000,2640.0000,2634.0000,2651.6000,2651.8000,2652.0000,2652.4000,2652.6000,1,1,1,2,1,1,1,1,1,1
SF,IH2012,2020-04-28 09:44:02.700,2650.6000,1080,0,23858880.000,0,-,-,-,-,2649.8000,2649.6000,2645.6000,2640.0000,2634.0000,2651.4000,2651.6000,2652.0000,2652.4000,2652.6000,1,1,1,2,1,1,1,1,1,1
SF,IH2012,2020-04-28 09:44:11.200,2650.6000,1080,0,23858880.000,0,-,-,-,-,2649.8000,2649.6000,2645.6000,2640.0000,2634.0000,2651.4000,2651.6000,2652.4000,2652.6000,2656.0000,1,1,1,2,1,1,1,1,1,1
SF,IH2012,2020-04-28 09:44:18.200,2650.6000,1080,0,23858880.000,0,-,-,-,-,2649.8000,2649.6000,2645.6000,2640.0000,2634.0000,2651.4000,2652.4000,2652.6000,2656.0000,2661.0000,1,1,1,2,1,1,1,1,1,1
SF,IH2012,2020-04-28 09:44:32.200,2650.6000,1080,0,23858880.000,0,-,-,-,-,2649.8000,2649.6000,2645.6000,2640.0000,2634.0000,2651.2000,2651.4000,2652.4000,2652.6000,2656.0000,1,1,1,2,1,1,1,1,1,1
SF,IH2012,2020-04-28 09:44:34.700,2650.6000,1080,0,23858880.000,0,-,-,-,-,2649.8000,2649.2000,2645.6000,2640.0000,2634.0000,2651.2000,2651.4000,2652.4000,2652.6000,2656.0000,1,1,1,2,1,1,1,1,1,1
SF,IH2012,2020-04-28 09:44:35.200,2650.6000,1080,0,23858880.000,0,-,-,-,-,2649.8000,2649.2000,2645.6000,2640.0000,2634.0000,2651.0000,2652.4000,2652.6000,2656.0000,2661.0000,1,1,1,2,1,1,1,1,1,1
SF,IH2012,2020-04-28 09:44:36.700,2651.0000,1079,-1,24654180.000,1,0,1,双平,S,2649.8000,2649.2000,2645.6000,2640.0000,2634.0000,2652.4000,2652.6000,2654.0000,2656.0000,2661.0000,1,1,1,2,1,1,1,1,1,1
SF,IH2012,2020-04-28 09:44:37.200,2651.0000,1079,0,24654180.000,0,-,-,-,-,2649.8000,2649.2000,2645.6000,2640.0000,2634.0000,2652.2000,2652.4000,2652.6000,2654.0000,2656.0000,1,1,1,2,1,2,1,1,1,1
SF,IH2012,2020-04-28 09:44:38.700,2652.2000,1079,0,25449840.000,1,0,1,多换,S,2649.8000,2649.2000,2645.6000,2640.0000,2634.0000,2652.2000,2652.4000,2652.6000,2654.0000,2656.0000,1,1,1,2,1,1,1,1,1,1
SF,IH2012,2020-04-28 09:44:39.200,2652.2000,1079,0,25449840.000,0,-,-,-,-,2649.8000,2649.2000,2645.6000,2640.0000,2634.0000,2652.0000,2652.2000,2652.4000,2652.6000,2654.0000,1,1,1,2,1,1,1,1,1,1
SF,IH2012,2020-04-28 09:44:41.700,2652.2000,1079,0,25449840.000,0,-,-,-,-,2649.8000,2649.2000,2645.6000,2640.0000,2634.0000,2651.8000,2652.0000,2652.2000,2652.4000,2652.6000,1,1,1,2,1,1,1,1,1,1
SF,IH2012,2020-04-28 09:44:42.200,2652.2000,1079,0,25449840.000,0,-,-,-,-,2649.8000,2649.2000,2645.6000,2640.0000,2634.0000,2651.6000,2651.8000,2652.4000,2652.6000,2654.0000,1,1,1,2,1,1,1,1,1,1
SF,IH2012,2020-04-28 09:44:42.700,2652.2000,1079,0,25449840.000,0,-,-,-,-,2649.8000,2649.2000,2645.6000,2640.0000,2634.0000,2651.6000,2651.8000,2652.4000,2652.6000,2656.0000,1,1,1,2,1,1,1,1,1,1
SF,IH2012,2020-04-28 09:44:51.200,2652.2000,1079,0,25449840.000,0,-,-,-,-,2649.8000,2649.2000,2645.6000,2640.0000,2634.0000,2651.6000,2652.4000,2652.6000,2656.0000,2661.0000,1,1,1,2,1,1,1,1,1,1
SF,IH2012,2020-04-28 09:44:51.700,2652.2000,1079,0,25449840.000,0,-,-,-,-,2649.8000,2649.2000,2645.6000,2640.0000,2634.0000,2652.4000,2652.6000,2656.0000,2661.0000,2665.2000,1,1,1,2,1,1,1,1,1,1
SF,IH2012,2020-04-28 09:44:52.200,2652.2000,1079,0,25449840.000,0,-,-,-,-,2649.8000,2649.2000,2645.6000,2640.0000,2634.0000,2652.2000,2652.4000,2652.6000,2654.4000,2656.0000,1,1,1,2,1,1,1,1,1,1
SF,IH2012,2020-04-28 09:44:56.200,2652.2000,1079,0,25449840.000,0,-,-,-,-,2649.8000,2649.2000,2645.6000,2640.0000,2634.0000,2651.8000,2652.2000,2652.4000,2652.6000,2654.4000,1,1,1,2,1,1,1,1,1,1
SF,IH2012,2020-04-28 09:44:56.700,2652.2000,1079,0,25449840.000,0,-,-,-,-,2649.8000,2649.2000,2645.6000,2640.0000,2634.0000,2651.8000,2652.2000,2652.4000,2652.6000,2656.0000,1,1,1,2,1,1,1,1,1,1
SF,IH2012,2020-04-28 09:44:57.200,2652.2000,1079,0,25449840.000,0,-,-,-,-,2649.8000,2649.2000,2645.6000,2640.0000,2634.0000,2651.6000,2651.8000,2652.4000,2652.6000,2656.0000,1,1,1,2,1,1,1,1,1,1
SF,IH2012,2020-04-28 09:44:58.700,2652.2000,1079,0,25449840.000,0,-,-,-,-,2649.8000,2649.2000,2645.6000,2640.0000,2634.0000,2651.6000,2651.8000,2652.0000,2652.4000,2652.6000,1,1,1,2,1,1,1,2,1,1
SF,IH2012,2020-04-28 09:45:01.200,2652.2000,1079,0,25449840.000,0,-,-,-,-,2649.8000,2649.2000,2645.6000,2640.0000,2634.0000,2651.6000,2652.0000,2652.4000,2652.6000,2656.0000,1,1,1,2,1,1,2,1,1,1
SF,IH2012,2020-04-28 09:45:02.200,2652.2000,1079,0,25449840.000,0,-,-,-,-,2649.8000,2649.2000,2645.6000,2640.0000,2634.0000,2651.4000,2651.6000,2652.0000,2652.4000,2652.6000,1,1,1,2,1,1,1,2,1,1
SF,IH2012,2020-04-28 09:45:02.700,2652.2000,1079,0,25449840.000,0,-,-,-,-,2649.8000,2649.2000,2645.6000,2640.0000,2634.0000,2651.2000,2651.4000,2652.0000,2652.4000,2652.6000,1,1,1,2,1,1,1,2,1,1
SF,IH2012,2020-04-28 09:45:05.700,2649.8000,1078,-1,26244780.000,1,0,1,双平,S,2649.2000,2645.6000,2640.0000,2634.0000,2633.4000,2651.2000,2651.4000,2652.0000,2652.4000,2652.6000,1,1,2,1,1,1,1,2,1,1
SF,IH2012,2020-04-28 09:45:06.200,2649.8000,1078,0,26244780.000,0,-,-,-,-,2649.2000,2645.6000,2640.0000,2634.0000,2633.4000,2651.0000,2651.2000,2651.4000,2652.0000,2652.4000,1,1,2,1,1,1,1,1,2,1
SF,IH2012,2020-04-28 09:45:06.700,2649.8000,1078,0,26244780.000,0,-,-,-,-,2649.2000,2645.6000,2640.0000,2634.0000,2633.4000,2650.8000,2651.0000,2651.4000,2652.0000,2652.4000,1,1,2,1,1,1,1,1,2,1
SF,IH2012,2020-04-28 09:45:07.700,2649.8000,1078,0,26244780.000,0,-,-,-,-,2649.2000,2645.6000,2640.0000,2634.0000,2633.4000,2649.8000,2650.8000,2651.0000,2651.4000,2652.0000,1,1,2,1,1,1,1,1,1,2
SF,IH2012,2020-04-28 09:45:08.200,2649.8000,1078,0,26244780.000,0,-,-,-,-,2649.2000,2645.6000,2640.0000,2634.0000,2633.4000,2649.8000,2650.8000,2651.0000,2652.0000,2652.4000,1,1,2,1,1,1,1,1,2,1
SF,IH2012,2020-04-28 09:45:10.700,2649.2000,1078,0,27039540.000,1,0,1,多换,S,2645.6000,2640.0000,2634.0000,2633.4000,2631.6000,2649.8000,2650.8000,2651.0000,2652.0000,2652.4000,1,2,1,1,1,1,1,1,2,1
SF,IH2012,2020-04-28 09:45:11.200,2649.2000,1078,0,27039540.000,0,-,-,-,-,2645.8000,2645.6000,2640.0000,2634.0000,2633.4000,2649.2000,2649.8000,2652.0000,2652.4000,2656.0000,3,1,2,1,1,1,1,2,1,1
SF,IH2012,2020-04-28 09:45:11.700,2649.2000,1078,0,27039540.000,0,-,-,-,-,2645.8000,2645.6000,2640.0000,2634.0000,2633.4000,2649.0000,2649.2000,2649.8000,2651.2000,2652.0000,3,1,2,1,1,1,1,1,1,2
SF,IH2012,2020-04-28 09:45:12.700,2649.2000,1078,0,27039540.000,0,-,-,-,-,2645.8000,2645.6000,2640.0000,2634.0000,2633.4000,2648.8000,2649.0000,2649.2000,2649.8000,2651.2000,2,1,2,1,1,1,1,1,1,1
SF,IH2012,2020-04-28 09:45:13.200,2649.2000,1078,0,27039540.000,0,-,-,-,-,2645.8000,2645.6000,2640.0000,2634.0000,2633.4000,2648.6000,2648.8000,2649.2000,2649.8000,2652.0000,2,1,2,1,1,1,1,1,1,2
SF,IH2012,2020-04-28 09:45:13.700,2649.2000,1078,0,27039540.000,0,-,-,-,-,2645.8000,2645.6000,2640.0000,2634.0000,2633.4000,2648.6000,2649.2000,2649.8000,2652.0000,2652.4000,2,1,2,1,1,1,1,1,2,1
SF,IH2012,2020-04-28 09:45:26.200,2649.2000,1078,0,27039540.000,0,-,-,-,-,2645.8000,2645.6000,2640.0000,2634.0000,2633.4000,2648.6000,2649.2000,2649.8000,2652.0000,2652.4000,1,1,2,1,1,1,1,1,2,1
SF,IH2012,2020-04-28 09:45:26.700,2649.2000,1078,0,27039540.000,0,-,-,-,-,2646.2000,2645.8000,2645.6000,2640.0000,2634.0000,2648.6000,2649.2000,2649.8000,2652.0000,2652.4000,1,1,1,2,1,1,1,1,2,1
SF,IH2012,2020-04-28 09:45:27.200,2649.2000,1078,0,27039540.000,0,-,-,-,-,2646.4000,2646.2000,2645.6000,2640.0000,2634.0000,2648.6000,2649.2000,2649.8000,2652.0000,2652.4000,1,1,1,2,1,1,1,1,2,1
SF,IH2012,2020-04-28 09:45:32.700,2649.2000,1078,0,27039540.000,0,-,-,-,-,2646.4000,2645.6000,2640.0000,2634.0000,2633.4000,2648.6000,2649.2000,2649.8000,2652.0000,2652.4000,1,1,2,1,1,1,1,1,2,1
SF,IH2012,2020-04-28 09:45:33.200,2649.2000,1078,0,27039540.000,0,-,-,-,-,2646.4000,2645.6000,2640.0000,2634.0000,2633.4000,2648.6000,2649.2000,2652.0000,2652.4000,2656.0000,1,1,2,1,1,1,1,2,1,1
SF,IH2012,2020-04-28 09:45:35.200,2649.2000,1078,0,27039540.000,0,-,-,-,-,2646.4000,2645.6000,2640.0000,2634.0000,2633.4000,2648.6000,2649.2000,2650.0000,2652.4000,2656.0000,1,1,2,1,1,1,1,2,1,1
SF,IH2012,2020-04-28 09:45:37.200,2646.4000,1077,-1,27833460.000,1,0,1,双平,S,2645.6000,2640.0000,2634.0000,2633.4000,2631.6000,2648.6000,2649.2000,2650.0000,2652.4000,2656.0000,1,2,1,1,1,1,1,2,1,1
SF,IH2012,2020-04-28 09:45:37.700,2646.4000,1077,0,27833460.000,0,-,-,-,-,2645.8000,2645.6000,2640.0000,2634.0000,2633.4000,2648.6000,2649.2000,2650.0000,2652.4000,2656.0000,1,1,2,1,1,1,1,2,1,1
SF,IH2012,2020-04-28 09:45:39.700,2646.4000,1077,0,27833460.000,0,-,-,-,-,2645.8000,2645.6000,2640.0000,2634.0000,2633.4000,2648.4000,2648.6000,2649.2000,2650.0000,2652.4000,1,1,2,1,1,1,1,1,2,1
SF,IH2012,2020-04-28 09:45:40.200,2646.4000,1077,0,27833460.000,0,-,-,-,-,2646.0000,2645.8000,2645.6000,2640.0000,2634.0000,2648.2000,2648.4000,2649.2000,2650.0000,2652.4000,1,1,1,2,1,1,1,1,2,1
SF,IH2012,2020-04-28 09:45:40.700,2646.4000,1077,0,27833460.000,0,-,-,-,-,2646.2000,2646.0000,2645.6000,2640.0000,2634.0000,2648.2000,2648.4000,2649.2000,2650.0000,2652.4000,1,1,1,2,1,1,1,1,2,1
SF,IH2012,2020-04-28 09:45:50.700,2646.4000,1077,0,27833460.000,0,-,-,-,-,2646.2000,2646.0000,2645.6000,2640.0000,2634.0000,2648.0000,2648.2000,2648.4000,2649.2000,2650.0000,1,1,1,2,1,1,1,1,1,2
SF,IH2012,2020-04-28 09:45:51.200,2646.4000,1077,0,27833460.000,0,-,-,-,-,2646.0000,2645.6000,2640.0000,2634.0000,2633.4000,2647.8000,2648.0000,2648.4000,2649.2000,2650.0000,1,1,2,1,1,1,1,1,1,2
SF,IH2012,2020-04-28 09:45:51.700,2646.4000,1077,0,27833460.000,0,-,-,-,-,2645.6000,2640.0000,2634.0000,2633.4000,2631.6000,2647.8000,2648.0000,2648.4000,2649.2000,2650.0000,1,2,1,1,1,1,1,1,1,2
SF,IH2012,2020-04-28 09:45:52.200,2646.4000,1077,0,27833460.000,0,-,-,-,-,2645.6000,2640.0000,2634.0000,2633.4000,2631.6000,2647.8000,2648.4000,2649.2000,2650.0000,2652.4000,1,2,1,1,1,1,1,1,2,1
SF,IH2012,2020-04-28 09:45:55.700,2645.6000,1077,0,28627140.000,1,0,1,多换,S,2640.0000,2634.0000,2633.4000,2631.6000,2630.0000,2647.8000,2648.4000,2649.2000,2650.0000,2652.4000,2,1,1,1,1,1,1,1,2,1
SF,IH2012,2020-04-28 09:45:56.200,2645.6000,1077,0,28627140.000,0,-,-,-,-,2640.2000,2640.0000,2634.0000,2633.4000,2631.6000,2647.8000,2648.4000,2649.2000,2650.0000,2652.4000,4,2,1,1,1,1,1,1,2,1
SF,IH2012,2020-04-28 09:45:57.700,2645.6000,1077,0,28627140.000,0,-,-,-,-,2640.2000,2640.0000,2634.0000,2633.4000,2631.6000,2647.8000,2649.2000,2650.0000,2652.4000,2656.0000,4,2,1,1,1,1,1,2,1,1
SF,IH2012,2020-04-28 09:45:58.200,2645.6000,1077,0,28627140.000,0,-,-,-,-,2640.2000,2640.0000,2634.0000,2633.4000,2631.6000,2646.6000,2647.8000,2649.2000,2650.0000,2652.4000,4,2,1,1,1,1,1,1,2,1
SF,IH2012,2020-04-28 09:45:58.700,2645.6000,1077,0,28627140.000,0,-,-,-,-,2640.2000,2640.0000,2634.0000,2633.4000,2631.6000,2646.4000,2646.6000,2647.6000,2650.0000,2652.4000,3,2,1,1,1,1,1,1,2,1
SF,IH2012,2020-04-28 09:45:59.700,2645.6000,1077,0,28627140.000,0,-,-,-,-,2640.2000,2640.0000,2634.0000,2633.4000,2631.6000,2646.2000,2646.4000,2646.6000,2647.6000,2650.0000,3,2,1,1,1,1,1,1,1,2
SF,IH2012,2020-04-28 09:46:00.200,2645.6000,1077,0,28627140.000,0,-,-,-,-,2640.2000,2640.0000,2634.0000,2633.4000,2631.6000,2646.0000,2646.2000,2647.6000,2650.0000,2652.4000,3,2,1,1,1,1,1,1,2,1
SF,IH2012,2020-04-28 09:46:05.700,2645.6000,1077,0,28627140.000,0,-,-,-,-,2640.2000,2640.0000,2634.0000,2633.4000,2631.6000,2645.6000,2646.0000,2646.2000,2647.6000,2650.0000,3,2,1,1,1,1,1,1,1,2
SF,IH2012,2020-04-28 09:46:06.200,2645.6000,1077,0,28627140.000,0,-,-,-,-,2640.2000,2640.0000,2634.0000,2633.4000,2631.6000,2645.4000,2645.6000,2646.2000,2647.6000,2650.0000,3,2,1,1,1,1,1,1,1,2
SF,IH2012,2020-04-28 09:46:10.200,2645.6000,1077,0,28627140.000,0,-,-,-,-,2640.6000,2640.2000,2640.0000,2634.0000,2633.4000,2645.4000,2645.6000,2646.2000,2647.6000,2650.0000,1,3,2,1,1,1,1,1,1,2
SF,IH2012,2020-04-28 09:46:10.700,2645.6000,1077,0,28627140.000,0,-,-,-,-,2640.8000,2640.6000,2640.2000,2640.0000,2634.0000,2645.4000,2645.6000,2646.2000,2650.0000,2652.4000,3,1,2,2,1,1,1,1,2,1
SF,IH2012,2020-04-28 09:46:11.200,2645.6000,1077,0,28627140.000,0,-,-,-,-,2640.8000,2640.6000,2640.2000,2640.0000,2634.0000,2645.2000,2645.4000,2645.6000,2646.2000,2650.0000,3,1,2,2,1,1,1,1,1,2
SF,IH2012,2020-04-28 09:46:11.700,2645.6000,1077,0,28627140.000,0,-,-,-,-,2640.8000,2640.6000,2640.2000,2640.0000,2634.0000,2645.0000,2645.2000,2645.6000,2650.0000,2652.4000,3,1,2,2,1,1,1,1,2,1
SF,IH2012,2020-04-28 09:46:12.200,2645.6000,1077,0,28627140.000,0,-,-,-,-,2641.0000,2640.8000,2640.6000,2640.2000,2640.0000,2645.0000,2645.6000,2650.0000,2652.4000,2656.0000,1,3,1,2,2,1,1,2,1,1
SF,IH2012,2020-04-28 09:46:12.700,2645.6000,1077,0,28627140.000,0,-,-,-,-,2641.2000,2641.0000,2640.8000,2640.6000,2640.2000,2645.0000,2645.6000,2650.0000,2652.4000,2656.0000,2,1,2,1,2,1,1,2,1,1
SF,IH2012,2020-04-28 09:46:13.700,2645.6000,1077,0,28627140.000,0,-,-,-,-,2641.2000,2640.8000,2640.6000,2640.2000,2640.0000,2645.0000,2645.6000,2650.0000,2652.4000,2656.0000,2,2,1,2,2,1,1,2,1,1
SF,IH2012,2020-04-28 09:46:14.200,2645.6000,1077,0,28627140.000,0,-,-,-,-,2641.2000,2640.8000,2640.6000,2640.2000,2640.0000,2644.8000,2645.0000,2645.6000,2650.0000,2652.4000,2,2,1,2,2,1,1,1,2,1
SF,IH2012,2020-04-28 09:46:14.700,2645.6000,1077,0,28627140.000,0,-,-,-,-,2641.2000,2640.8000,2640.6000,2640.2000,2640.0000,2644.6000,2644.8000,2645.6000,2650.0000,2652.4000,2,2,1,2,2,1,1,1,2,1
SF,IH2012,2020-04-28 09:46:15.200,2645.6000,1077,0,28627140.000,0,-,-,-,-,2641.2000,2640.8000,2640.6000,2640.2000,2640.0000,2644.4000,2644.6000,2644.8000,2645.6000,2650.0000,2,2,1,2,2,1,1,1,1,2
SF,IH2012,2020-04-28 09:46:15.700,2645.6000,1077,0,28627140.000,0,-,-,-,-,2641.2000,2640.8000,2640.6000,2640.2000,2640.0000,2644.2000,2644.4000,2644.8000,2645.6000,2650.0000,1,2,1,2,2,1,1,1,1,2
SF,IH2012,2020-04-28 09:46:16.200,2645.6000,1077,0,28627140.000,0,-,-,-,-,2641.2000,2640.6000,2640.2000,2640.0000,2634.0000,2644.2000,2644.4000,2644.8000,2645.6000,2650.0000,1,1,2,2,1,1,1,1,1,2
SF,IH2012,2020-04-28 09:46:17.200,2645.6000,1077,0,28627140.000,0,-,-,-,-,2641.2000,2640.6000,2640.0000,2634.0000,2633.4000,2644.2000,2644.4000,2644.8000,2645.6000,2650.0000,1,1,2,1,1,1,1,1,1,2
SF,IH2012,2020-04-28 09:46:21.700,2645.6000,1077,0,28627140.000,0,-,-,-,-,2641.2000,2640.0000,2634.0000,2633.4000,2631.6000,2644.2000,2644.4000,2644.8000,2645.6000,2650.0000,1,2,1,1,1,1,1,1,1,2
SF,IH2012,2020-04-28 09:46:22.200,2645.6000,1077,0,28627140.000,0,-,-,-,-,2641.6000,2640.0000,2634.0000,2633.4000,2631.6000,2644.2000,2644.4000,2644.8000,2645.6000,2650.0000,1,2,1,1,1,1,1,1,1,2
SF,IH2012,2020-04-28 09:46:23.700,2641.6000,1077,0,29419620.000,1,0,1,多换,S,2640.0000,2634.0000,2633.4000,2631.6000,2630.0000,2644.2000,2644.4000,2644.8000,2645.6000,2650.0000,2,1,1,1,1,1,1,1,1,2
SF,IH2012,2020-04-28 09:46:24.200,2641.6000,1077,0,29419620.000,0,-,-,-,-,2640.2000,2640.0000,2634.0000,2633.4000,2631.6000,2644.2000,2644.4000,2644.8000,2645.6000,2650.0000,1,2,1,1,1,1,1,1,1,2
SF,IH2012,2020-04-28 09:46:25.200,2641.6000,1077,0,29419620.000,0,-,-,-,-,2640.2000,2640.0000,2634.0000,2633.4000,2631.6000,2643.8000,2644.2000,2644.4000,2644.8000,2650.0000,1,2,1,1,1,1,1,1,1,2
SF,IH2012,2020-04-28 09:46:25.700,2641.6000,1077,0,29419620.000,0,-,-,-,-,2640.2000,2640.0000,2634.0000,2633.4000,2631.6000,2643.6000,2643.8000,2644.4000,2644.8000,2650.0000,1,2,1,1,1,1,1,1,1,2
SF,IH2012,2020-04-28 09:46:31.200,2641.6000,1077,0,29419620.000,0,-,-,-,-,2640.2000,2640.0000,2634.0000,2633.4000,2631.6000,2643.0000,2643.6000,2643.8000,2644.4000,2644.8000,1,2,1,1,1,1,1,1,1,1
SF,IH2012,2020-04-28 09:46:31.700,2641.6000,1077,0,29419620.000,0,-,-,-,-,2640.0000,2634.0000,2633.4000,2631.6000,2630.0000,2642.8000,2643.0000,2643.8000,2644.4000,2644.8000,2,1,1,1,1,1,1,1,1,1
SF,IH2012,2020-04-28 09:46:32.200,2641.6000,1077,0,29419620.000,0,-,-,-,-,2640.4000,2640.0000,2634.0000,2633.4000,2631.6000,2642.8000,2643.0000,2643.8000,2644.4000,2644.8000,1,2,1,1,1,1,1,1,1,1
SF,IH2012,2020-04-28 09:46:33.200,2641.6000,1077,0,29419620.000,0,-,-,-,-,2640.4000,2640.0000,2634.0000,2633.4000,2631.6000,2642.8000,2643.8000,2644.4000,2644.8000,2650.0000,1,2,1,1,1,1,1,1,1,2
SF,IH2012,2020-04-28 09:46:36.700,2641.6000,1077,0,29419620.000,0,-,-,-,-,2641.0000,2640.4000,2640.0000,2634.0000,2633.4000,2641.6000,2642.8000,2644.4000,2644.8000,2650.0000,1,1,2,1,1,1,1,1,1,2
SF,IH2012,2020-04-28 09:46:37.200,2641.0000,1077,0,30211920.000,1,0,1,多换,S,2640.4000,2640.0000,2634.0000,2633.4000,2631.6000,2641.4000,2641.6000,2644.4000,2644.8000,2650.0000,1,2,1,1,1,1,1,1,1,2
SF,IH2012,2020-04-28 09:46:37.700,2640.4000,1077,0,31004040.000,1,0,1,多换,S,2640.0000,2634.0000,2633.4000,2631.6000,2630.0000,2641.6000,2644.4000,2644.8000,2650.0000,2652.4000,2,1,1,1,1,1,1,1,2,1
SF,IH2012,2020-04-28 09:46:38.200,2640.4000,1077,0,31004040.000,0,-,-,-,-,2640.0000,2634.0000,2633.4000,2631.6000,2630.0000,2641.4000,2641.6000,2644.4000,2644.8000,2650.0000,2,1,1,1,1,1,1,1,1,2
SF,IH2012,2020-04-28 09:46:46.700,2641.4000,1076,-1,31796460.000,1,0,1,双平,S,2641.4000,2640.0000,2634.0000,2633.4000,2631.6000,2641.6000,2644.4000,2644.8000,2650.0000,2652.4000,1,2,1,1,1,1,1,1,2,1
SF,IH2012,2020-04-28 09:46:47.200,2641.6000,1075,-1,32588940.000,1,0,1,双平,S,2641.6000,2641.4000,2640.0000,2634.0000,2633.4000,2644.4000,2644.8000,2650.0000,2652.4000,2656.0000,1,1,2,1,1,1,1,2,1,1
SF,IH2012,2020-04-28 09:46:47.700,2641.6000,1075,0,32588940.000,0,-,-,-,-,2641.6000,2641.4000,2640.0000,2639.6000,2634.0000,2644.2000,2644.4000,2644.8000,2650.0000,2652.4000,1,1,2,1,1,2,1,1,2,1
SF,IH2012,2020-04-28 09:46:48.200,2641.6000,1075,0,32588940.000,0,-,-,-,-,2641.8000,2641.6000,2641.4000,2640.0000,2639.6000,2644.2000,2644.4000,2644.8000,2650.0000,2652.4000,1,1,1,2,1,2,1,1,2,1
SF,IH2012,2020-04-28 09:46:51.200,2641.8000,1074,-1,33381480.000,1,0,1,双平,S,2641.6000,2641.4000,2640.0000,2639.6000,2634.0000,2644.2000,2644.4000,2644.8000,2650.0000,2652.4000,1,1,2,1,1,2,1,1,2,1
SF,IH2012,2020-04-28 09:46:51.700,2641.8000,1074,0,33381480.000,0,-,-,-,-,2641.8000,2641.6000,2641.4000,2640.2000,2640.0000,2644.2000,2644.4000,2644.8000,2650.0000,2652.4000,1,1,1,1,2,2,1,1,2,1
SF,IH2012,2020-04-28 09:46:53.200,2641.8000,1074,0,34174020.000,1,0,1,多换,S,2641.6000,2641.4000,2640.2000,2640.0000,2639.6000,2644.2000,2644.4000,2644.8000,2650.0000,2652.4000,1,1,1,2,1,1,1,1,2,1
SF,IH2012,2020-04-28 09:46:54.700,2641.8000,1074,0,34174020.000,0,-,-,-,-,2641.6000,2641.4000,2640.2000,2640.0000,2639.6000,2644.0000,2644.2000,2644.4000,2644.8000,2650.0000,1,1,1,2,1,1,1,1,1,2
SF,IH2012,2020-04-28 09:46:55.200,2641.8000,1074,0,34174020.000,0,-,-,-,-,2641.6000,2641.4000,2640.2000,2640.0000,2639.6000,2644.0000,2644.4000,2644.8000,2650.0000,2652.4000,1,1,1,2,1,1,1,1,2,1
SF,IH2012,2020-04-28 09:46:55.700,2641.8000,1074,0,34174020.000,0,-,-,-,-,2641.6000,2641.4000,2640.2000,2640.0000,2639.6000,2643.8000,2644.0000,2644.4000,2644.8000,2650.0000,1,1,1,2,1,1,1,1,1,2
SF,IH2012,2020-04-28 09:46:58.200,2641.6000,1073,-1,34966500.000,1,0,1,双平,S,2641.4000,2640.2000,2640.0000,2639.6000,2634.0000,2643.8000,2644.0000,2644.4000,2644.8000,2650.0000,1,1,2,1,1,1,1,1,1,2
SF,IH2012,2020-04-28 09:47:02.700,2641.6000,1073,0,34966500.000,0,-,-,-,-,2641.4000,2640.2000,2640.0000,2639.6000,2634.0000,2642.8000,2643.8000,2644.0000,2644.4000,2644.8000,1,1,2,1,1,1,1,1,1,1
SF,IH2012,2020-04-28 09:47:03.200,2641.6000,1073,0,34966500.000,0,-,-,-,-,2641.4000,2640.2000,2640.0000,2639.6000,2634.0000,2642.8000,2644.0000,2644.4000,2650.0000,2652.4000,1,1,2,1,1,1,1,1,2,1
SF,IH2012,2020-04-28 09:47:03.700,2641.6000,1073,0,34966500.000,0,-,-,-,-,2641.4000,2640.2000,2640.0000,2639.6000,2634.0000,2642.6000,2642.8000,2644.0000,2650.0000,2652.4000,1,1,2,1,1,1,1,1,2,1
SF,IH2012,2020-04-28 09:47:04.200,2641.6000,1073,0,34966500.000,0,-,-,-,-,2641.4000,2640.2000,2640.0000,2639.6000,2634.0000,2642.6000,2642.8000,2650.0000,2652.4000,2656.0000,1,1,2,1,1,1,1,2,1,1
SF,IH2012,2020-04-28 09:47:04.700,2641.6000,1073,0,34966500.000,0,-,-,-,-,2641.6000,2641.4000,2640.2000,2640.0000,2639.6000,2642.6000,2642.8000,2650.0000,2652.4000,2656.0000,1,1,1,2,1,1,1,2,1,1
SF,IH2012,2020-04-28 09:47:05.200,2642.8000,1071,-2,36552120.000,2,0,2,双平,S,2641.6000,2641.4000,2640.2000,2640.0000,2639.6000,2650.0000,2652.4000,2656.0000,2661.0000,2665.2000,1,1,1,2,1,2,1,1,1,1
SF,IH2012,2020-04-28 09:47:05.700,2642.8000,1071,0,36552120.000,0,-,-,-,-,2641.4000,2640.2000,2640.0000,2639.6000,2634.0000,2649.8000,2650.0000,2652.4000,2656.0000,2661.0000,1,1,2,1,1,5,2,1,1,1
SF,IH2012,2020-04-28 09:47:07.200,2642.8000,1071,0,36552120.000,0,-,-,-,-,2641.4000,2640.2000,2640.0000,2639.6000,2634.0000,2647.4000,2648.4000,2649.8000,2650.0000,2652.4000,1,1,2,1,1,1,1,5,2,1
SF,IH2012,2020-04-28 09:47:08.700,2642.8000,1071,0,36552120.000,0,-,-,-,-,2641.4000,2640.2000,2640.0000,2639.6000,2634.0000,2646.0000,2647.4000,2648.4000,2649.8000,2650.0000,1,1,2,1,1,1,1,1,5,2
SF,IH2012,2020-04-28 09:47:09.200,2642.8000,1071,0,36552120.000,0,-,-,-,-,2641.6000,2641.4000,2640.2000,2640.0000,2639.6000,2645.6000,2646.0000,2646.8000,2647.4000,2649.8000,1,1,1,2,1,2,1,1,1,4
SF,IH2012,2020-04-28 09:47:10.200,2642.8000,1071,0,36552120.000,0,-,-,-,-,2641.4000,2640.2000,2640.0000,2639.6000,2634.0000,2645.6000,2646.0000,2647.4000,2649.8000,2650.0000,1,1,2,1,1,2,1,1,4,2
SF,IH2012,2020-04-28 09:47:10.700,2642.8000,1071,0,36552120.000,0,-,-,-,-,2641.4000,2640.2000,2640.0000,2639.6000,2634.0000,2645.6000,2646.0000,2649.8000,2650.0000,2652.4000,1,1,2,1,1,2,1,4,2,1
SF,IH2012,2020-04-28 09:47:11.700,2642.8000,1071,0,36552120.000,0,-,-,-,-,2641.6000,2641.4000,2640.2000,2640.0000,2639.6000,2645.2000,2645.6000,2649.8000,2650.0000,2652.4000,1,1,1,2,1,1,2,4,2,1
SF,IH2012,2020-04-28 09:47:14.700,2642.8000,1071,0,36552120.000,0,-,-,-,-,2641.6000,2641.4000,2640.2000,2640.0000,2639.6000,2643.8000,2645.2000,2645.6000,2649.8000,2650.0000,1,1,1,2,1,1,1,2,4,2
SF,IH2012,2020-04-28 09:47:16.700,2642.8000,1071,0,36552120.000,0,-,-,-,-,2641.6000,2641.4000,2640.2000,2640.0000,2639.6000,2643.6000,2643.8000,2645.2000,2649.8000,2650.0000,1,1,1,2,1,2,1,1,4,2
SF,IH2012,2020-04-28 09:47:17.200,2642.8000,1071,0,36552120.000,0,-,-,-,-,2641.4000,2640.2000,2640.0000,2639.6000,2634.0000,2643.6000,2643.8000,2645.2000,2649.8000,2650.0000,1,1,2,1,1,2,1,1,4,2
SF,IH2012,2020-04-28 09:47:17.700,2642.8000,1071,0,36552120.000,0,-,-,-,-,2641.4000,2640.2000,2640.0000,2639.6000,2634.0000,2643.6000,2643.8000,2649.8000,2650.0000,2652.4000,1,1,2,1,1,2,1,4,2,1
SF,IH2012,2020-04-28 09:47:18.200,2642.8000,1071,0,36552120.000,0,-,-,-,-,2641.4000,2640.2000,2640.0000,2639.6000,2634.0000,2643.8000,2649.8000,2650.0000,2652.4000,2656.0000,1,1,2,1,1,1,4,2,1,1
SF,IH2012,2020-04-28 09:47:19.700,2642.8000,1071,0,36552120.000,0,-,-,-,-,2641.4000,2640.2000,2640.0000,2639.6000,2634.0000,2643.8000,2649.8000,2650.0000,2652.4000,2656.0000,1,1,2,1,1,1,4,2,1,1
SF,IH2012,2020-04-28 09:47:20.200,2643.8000,1071,0,37345260.000,1,0,1,多换,S,2641.4000,2640.2000,2640.0000,2639.6000,2634.0000,2649.8000,2650.0000,2652.4000,2656.0000,2661.0000,1,1,2,1,1,4,2,1,1,1
SF,IH2012,2020-04-28 09:47:20.700,2643.8000,1071,0,37345260.000,0,-,-,-,-,2641.4000,2640.2000,2640.0000,2639.6000,2634.0000,2649.6000,2649.8000,2650.0000,2652.4000,2656.0000,1,1,2,1,1,1,4,2,1,1
SF,IH2012,2020-04-28 09:47:22.200,2643.8000,1071,0,37345260.000,0,-,-,-,-,2641.4000,2640.2000,2640.0000,2639.6000,2634.0000,2647.4000,2648.2000,2649.6000,2649.8000,2650.0000,1,1,2,1,1,3,1,1,4,2
SF,IH2012,2020-04-28 09:47:22.700,2643.8000,1071,0,37345260.000,0,-,-,-,-,2641.4000,2640.2000,2640.0000,2639.6000,2634.0000,2647.2000,2647.4000,2648.2000,2649.6000,2649.8000,1,1,2,1,1,1,4,1,1,4
SF,IH2012,2020-04-28 09:47:23.700,2643.8000,1071,0,37345260.000,0,-,-,-,-,2641.4000,2640.2000,2640.0000,2639.6000,2634.0000,2646.4000,2646.8000,2647.2000,2647.4000,2648.2000,1,1,2,1,1,1,1,1,3,1
SF,IH2012,2020-04-28 09:47:24.200,2643.8000,1071,0,37345260.000,0,-,-,-,-,2641.4000,2640.2000,2640.0000,2639.6000,2634.0000,2646.2000,2646.4000,2646.8000,2647.2000,2647.4000,1,1,2,1,1,2,1,1,1,2
SF,IH2012,2020-04-28 09:47:24.700,2643.8000,1071,0,37345260.000,0,-,-,-,-,2641.4000,2640.2000,2640.0000,2639.6000,2634.0000,2646.2000,2646.4000,2646.8000,2647.2000,2647.4000,1,1,2,1,1,2,1,1,1,2
SF,IH2012,2020-04-28 09:47:25.200,2643.8000,1071,0,37345260.000,0,-,-,-,-,2641.4000,2640.2000,2640.0000,2639.6000,2634.0000,2646.2000,2646.8000,2647.2000,2647.4000,2648.8000,1,1,2,1,1,2,1,1,2,1
SF,IH2012,2020-04-28 09:47:25.700,2643.8000,1071,0,37345260.000,0,-,-,-,-,2641.4000,2640.2000,2640.0000,2639.6000,2634.0000,2645.8000,2646.2000,2647.2000,2647.4000,2648.8000,1,1,2,1,1,1,3,1,2,1
SF,IH2012,2020-04-28 09:47:26.200,2643.8000,1071,0,37345260.000,0,-,-,-,-,2641.6000,2641.4000,2640.2000,2640.0000,2639.6000,2645.8000,2646.2000,2647.4000,2648.8000,2649.8000,1,1,1,2,1,1,3,2,1,4
SF,IH2012,2020-04-28 09:47:26.700,2643.8000,1071,0,37345260.000,0,-,-,-,-,2641.6000,2641.4000,2640.2000,2640.0000,2639.6000,2645.8000,2646.2000,2647.4000,2648.8000,2649.8000,1,1,1,2,1,1,2,2,1,4
SF,IH2012,2020-04-28 09:47:27.700,2643.8000,1071,0,37345260.000,0,-,-,-,-,2641.4000,2640.2000,2640.0000,2639.6000,2634.0000,2645.4000,2645.8000,2648.8000,2649.8000,2650.0000,1,1,2,1,1,1,1,1,4,2
SF,IH2012,2020-04-28 09:47:28.200,2643.8000,1071,0,37345260.000,0,-,-,-,-,2641.8000,2641.4000,2640.2000,2640.0000,2639.6000,2645.4000,2645.8000,2648.8000,2649.8000,2650.0000,1,1,1,2,1,2,1,1,4,2
SF,IH2012,2020-04-28 09:47:28.700,2643.8000,1071,0,37345260.000,0,-,-,-,-,2641.8000,2641.4000,2640.2000,2640.0000,2639.6000,2645.4000,2648.8000,2649.8000,2650.0000,2652.4000,1,1,1,2,1,2,1,4,2,1
SF,IH2012,2020-04-28 09:47:29.700,2643.8000,1071,0,37345260.000,0,-,-,-,-,2641.8000,2641.4000,2640.2000,2640.0000,2639.6000,2645.4000,2648.8000,2649.8000,2650.0000,2652.4000,1,1,1,2,1,1,1,4,2,1
SF,IH2012,2020-04-28 09:47:30.200,2643.8000,1071,0,37345260.000,0,-,-,-,-,2641.8000,2641.4000,2640.2000,2640.0000,2639.6000,2644.8000,2645.4000,2648.8000,2649.8000,2650.0000,1,1,1,2,1,1,1,1,4,2
SF,IH2012,2020-04-28 09:47:30.700,2643.8000,1071,0,37345260.000,0,-,-,-,-,2641.8000,2641.4000,2640.2000,2640.0000,2639.6000,2644.8000,2645.4000,2648.8000,2649.8000,2650.0000,1,1,1,2,1,1,1,1,4,2
SF,IH2012,2020-04-28 09:47:31.200,2643.8000,1071,0,37345260.000,0,-,-,-,-,2641.8000,2641.4000,2640.2000,2640.0000,2639.6000,2644.8000,2648.8000,2649.8000,2650.0000,2652.4000,1,1,1,2,1,1,1,4,2,1
SF,IH2012,2020-04-28 09:47:31.700,2643.8000,1071,0,37345260.000,0,-,-,-,-,2641.8000,2641.4000,2640.2000,2640.0000,2639.6000,2644.8000,2648.8000,2649.8000,2650.0000,2652.4000,1,1,1,2,1,2,1,4,2,1
SF,IH2012,2020-04-28 09:47:32.700,2643.8000,1071,0,37345260.000,0,-,-,-,-,2641.8000,2641.4000,2640.2000,2640.0000,2639.6000,2644.8000,2648.8000,2650.0000,2652.4000,2656.0000,1,1,1,2,1,2,1,2,1,1
SF,IH2012,2020-04-28 09:47:33.200,2643.8000,1071,0,37345260.000,0,-,-,-,-,2642.0000,2641.8000,2641.4000,2640.2000,2640.0000,2644.6000,2644.8000,2648.8000,2650.0000,2652.4000,1,1,1,1,2,1,2,1,2,1
SF,IH2012,2020-04-28 09:47:33.700,2643.8000,1071,0,37345260.000,0,-,-,-,-,2642.2000,2642.0000,2641.8000,2641.4000,2640.2000,2644.6000,2644.8000,2648.8000,2650.0000,2652.4000,1,1,1,1,1,1,2,1,2,1
SF,IH2012,2020-04-28 09:47:34.200,2643.8000,1071,0,37345260.000,0,-,-,-,-,2642.4000,2642.2000,2641.8000,2641.4000,2640.2000,2644.6000,2644.8000,2648.8000,2650.0000,2652.4000,1,1,1,1,1,1,2,1,2,1
SF,IH2012,2020-04-28 09:47:35.200,2643.8000,1071,0,37345260.000,0,-,-,-,-,2642.6000,2642.4000,2642.2000,2641.8000,2641.4000,2644.6000,2644.8000,2648.8000,2650.0000,2652.4000,1,1,1,1,1,1,2,1,2,1
SF,IH2012,2020-04-28 09:47:35.700,2643.8000,1071,0,37345260.000,0,-,-,-,-,2642.8000,2642.6000,2642.2000,2641.8000,2641.4000,2644.6000,2644.8000,2648.8000,2650.0000,2652.4000,1,1,1,1,1,1,2,1,2,1
SF,IH2012,2020-04-28 09:47:36.200,2643.8000,1071,0,37345260.000,0,-,-,-,-,2642.8000,2642.6000,2642.2000,2641.8000,2641.4000,2644.4000,2644.6000,2644.8000,2648.8000,2650.0000,1,1,1,1,1,1,1,2,1,2
SF,IH2012,2020-04-28 09:47:36.700,2643.8000,1071,0,37345260.000,0,-,-,-,-,2642.8000,2642.6000,2642.2000,2641.8000,2641.4000,2644.2000,2644.4000,2644.8000,2648.8000,2650.0000,1,1,1,1,1,1,1,2,1,2
SF,IH2012,2020-04-28 09:47:37.200,2643.8000,1071,0,37345260.000,0,-,-,-,-,2642.8000,2642.6000,2642.2000,2641.4000,2640.2000,2644.2000,2644.4000,2644.8000,2648.8000,2650.0000,1,1,1,1,1,1,1,2,1,2
SF,IH2012,2020-04-28 09:47:37.700,2643.8000,1071,0,37345260.000,0,-,-,-,-,2642.8000,2642.6000,2642.2000,2641.4000,2640.2000,2644.2000,2644.4000,2644.8000,2648.8000,2650.0000,1,1,1,1,1,1,1,1,1,2
SF,IH2012,2020-04-28 09:47:38.700,2643.8000,1071,0,37345260.000,0,-,-,-,-,2642.8000,2642.6000,2642.2000,2641.4000,2640.2000,2644.2000,2644.4000,2648.8000,2650.0000,2652.4000,1,1,1,1,1,1,1,1,2,1
SF,IH2012,2020-04-28 09:47:39.700,2643.8000,1071,0,37345260.000,0,-,-,-,-,2642.8000,2642.6000,2641.4000,2640.2000,2640.0000,2644.2000,2644.4000,2648.8000,2650.0000,2652.4000,1,1,1,1,2,1,1,1,2,1
SF,IH2012,2020-04-28 09:47:41.700,2643.8000,1071,0,37345260.000,0,-,-,-,-,2642.8000,2642.6000,2641.4000,2640.2000,2640.0000,2643.8000,2644.2000,2644.4000,2648.8000,2650.0000,1,1,1,1,2,1,1,1,1,2
SF,IH2012,2020-04-28 09:47:44.200,2643.8000,1070,-1,38138400.000,1,0,1,双平,S,2642.8000,2642.6000,2641.4000,2640.2000,2640.0000,2644.2000,2644.4000,2648.8000,2650.0000,2652.4000,1,1,1,1,2,1,1,1,2,1
SF,IH2012,2020-04-28 09:47:44.700,2643.8000,1070,0,38138400.000,0,-,-,-,-,2642.8000,2642.6000,2641.4000,2640.2000,2640.0000,2644.4000,2648.8000,2650.0000,2652.4000,2656.0000,1,1,1,1,2,1,1,2,1,1
SF,IH2012,2020-04-28 09:47:45.700,2643.8000,1070,0,38138400.000,0,-,-,-,-,2642.8000,2642.6000,2641.4000,2640.2000,2640.0000,2648.8000,2650.0000,2650.4000,2652.4000,2656.0000,1,1,1,1,2,1,2,1,1,1
SF,IH2012,2020-04-28 09:47:46.200,2643.8000,1070,0,38138400.000,0,-,-,-,-,2642.8000,2641.4000,2640.2000,2640.0000,2634.0000,2648.6000,2648.8000,2650.0000,2650.4000,2652.4000,1,1,1,2,1,2,1,2,1,1
SF,IH2012,2020-04-28 09:47:48.200,2643.8000,1070,0,38138400.000,0,-,-,-,-,2642.8000,2641.4000,2640.2000,2640.0000,2634.0000,2647.4000,2648.6000,2648.8000,2650.0000,2650.4000,1,1,1,2,1,1,2,1,2,1
SF,IH2012,2020-04-28 09:47:48.700,2643.8000,1070,0,38138400.000,0,-,-,-,-,2642.8000,2641.4000,2640.2000,2640.0000,2634.0000,2647.2000,2647.4000,2648.6000,2648.8000,2650.0000,1,1,1,2,1,1,1,1,1,2
SF,IH2012,2020-04-28 09:47:49.200,2643.8000,1070,0,38138400.000,0,-,-,-,-,2642.8000,2641.4000,2640.2000,2640.0000,2634.0000,2647.2000,2647.4000,2648.6000,2650.0000,2650.4000,1,1,1,2,1,1,1,1,2,1
SF,IH2012,2020-04-28 09:47:50.200,2643.8000,1070,0,38138400.000,0,-,-,-,-,2642.8000,2641.4000,2640.2000,2640.0000,2634.0000,2646.4000,2647.2000,2648.6000,2650.0000,2650.4000,1,1,1,2,1,1,1,1,2,1
SF,IH2012,2020-04-28 09:47:50.700,2643.8000,1070,0,38138400.000,0,-,-,-,-,2642.8000,2641.4000,2640.2000,2640.0000,2634.0000,2646.2000,2646.4000,2647.0000,2648.6000,2650.0000,1,1,1,2,1,1,1,1,1,2
SF,IH2012,2020-04-28 09:47:51.700,2643.8000,1070,0,38138400.000,0,-,-,-,-,2642.8000,2641.4000,2640.2000,2640.0000,2634.0000,2646.2000,2647.0000,2648.6000,2650.0000,2650.4000,1,1,1,2,1,1,1,1,2,1
SF,IH2012,2020-04-28 09:47:52.200,2643.8000,1070,0,38138400.000,0,-,-,-,-,2642.8000,2641.4000,2640.2000,2640.0000,2634.0000,2645.8000,2646.0000,2646.2000,2647.0000,2648.6000,1,1,1,2,1,1,1,1,1,1
SF,IH2012,2020-04-28 09:47:52.700,2643.8000,1070,0,38138400.000,0,-,-,-,-,2642.8000,2641.4000,2640.2000,2640.0000,2634.0000,2645.6000,2645.8000,2646.0000,2647.0000,2648.6000,1,1,1,2,1,1,1,1,1,1
SF,IH2012,2020-04-28 09:47:53.700,2642.8000,1070,0,38931240.000,1,0,1,多换,S,2641.4000,2640.2000,2640.0000,2634.0000,2633.4000,2645.6000,2645.8000,2646.0000,2647.0000,2648.6000,1,1,2,1,1,1,1,1,1,1
SF,IH2012,2020-04-28 09:47:54.200,2642.8000,1070,0,38931240.000,0,-,-,-,-,2641.6000,2641.4000,2640.2000,2640.0000,2634.0000,2645.2000,2645.6000,2646.0000,2647.0000,2648.6000,1,1,1,2,1,1,1,1,1,1
SF,IH2012,2020-04-28 09:47:54.700,2642.8000,1070,0,38931240.000,0,-,-,-,-,2641.6000,2641.4000,2640.2000,2640.0000,2634.0000,2645.0000,2645.2000,2646.0000,2647.0000,2648.6000,1,1,1,2,1,1,1,1,1,1
SF,IH2012,2020-04-28 09:47:55.200,2642.8000,1070,0,38931240.000,0,-,-,-,-,2641.6000,2641.4000,2640.2000,2640.0000,2634.0000,2645.0000,2645.2000,2646.0000,2647.0000,2648.6000,1,1,1,2,2,1,1,1,1,1
SF,IH2012,2020-04-28 09:47:55.700,2642.8000,1070,0,38931240.000,0,-,-,-,-,2641.6000,2641.4000,2640.2000,2640.0000,2634.0000,2644.2000,2645.0000,2645.2000,2646.0000,2647.0000,1,1,1,2,2,1,1,1,1,1
SF,IH2012,2020-04-28 09:47:56.200,2642.8000,1070,0,38931240.000,0,-,-,-,-,2641.6000,2641.4000,2640.2000,2640.0000,2634.0000,2644.0000,2644.2000,2645.2000,2646.0000,2647.0000,1,1,1,2,2,1,1,1,1,1
SF,IH2012,2020-04-28 09:47:57.200,2642.8000,1070,0,38931240.000,0,-,-,-,-,2641.6000,2641.4000,2640.2000,2640.0000,2634.0000,2644.0000,2644.2000,2646.0000,2647.0000,2648.6000,1,1,1,2,2,1,1,1,1,1
SF,IH2012,2020-04-28 09:47:57.700,2642.8000,1070,0,38931240.000,0,-,-,-,-,2641.6000,2641.4000,2640.2000,2640.0000,2634.0000,2643.6000,2644.0000,2644.2000,2646.0000,2647.0000,1,1,1,2,2,1,1,1,1,1
SF,IH2012,2020-04-28 09:47:58.200,2642.8000,1070,0,38931240.000,0,-,-,-,-,2641.6000,2641.4000,2640.2000,2640.0000,2634.0000,2643.4000,2643.6000,2646.0000,2647.0000,2648.6000,1,1,1,2,2,1,1,1,1,1
SF,IH2012,2020-04-28 09:47:58.700,2641.6000,1070,0,39723720.000,1,0,1,多换,S,2641.4000,2640.2000,2640.0000,2634.0000,2633.4000,2643.4000,2643.6000,2646.0000,2647.0000,2648.6000,1,1,2,2,1,1,1,1,1,1
SF,IH2012,2020-04-28 09:47:59.700,2641.6000,1070,0,39723720.000,0,-,-,-,-,2641.4000,2640.2000,2640.0000,2634.0000,2633.4000,2643.0000,2643.4000,2646.0000,2647.0000,2648.6000,1,1,2,2,1,1,1,1,1,1
SF,IH2012,2020-04-28 09:48:00.200,2641.6000,1070,0,39723720.000,0,-,-,-,-,2641.4000,2640.2000,2640.0000,2634.0000,2633.4000,2642.8000,2643.0000,2646.0000,2647.0000,2650.0000,1,1,2,2,1,1,1,1,1,2
SF,IH2012,2020-04-28 09:48:01.700,2641.6000,1070,0,39723720.000,0,-,-,-,-,2640.2000,2640.0000,2634.0000,2633.4000,2631.6000,2642.6000,2642.8000,2646.0000,2647.0000,2650.0000,1,2,2,1,1,1,1,1,1,2
SF,IH2012,2020-04-28 09:48:02.200,2641.6000,1070,0,39723720.000,0,-,-,-,-,2640.4000,2640.2000,2640.0000,2634.0000,2633.4000,2641.4000,2642.4000,2642.6000,2646.0000,2647.0000,1,1,2,2,1,1,1,1,1,1
SF,IH2012,2020-04-28 09:48:02.700,2641.6000,1070,0,39723720.000,0,-,-,-,-,2640.4000,2640.2000,2640.0000,2634.0000,2633.4000,2641.4000,2642.4000,2642.6000,2646.0000,2650.0000,1,1,2,2,1,1,1,1,1,2
SF,IH2012,2020-04-28 09:48:03.200,2641.6000,1070,0,39723720.000,0,-,-,-,-,2640.2000,2640.0000,2634.0000,2633.4000,2631.6000,2641.2000,2641.4000,2650.0000,2650.4000,2652.4000,1,2,2,1,1,1,1,2,1,1
SF,IH2012,2020-04-28 09:48:04.700,2641.6000,1070,0,39723720.000,0,-,-,-,-,2640.0000,2634.0000,2633.4000,2631.6000,2630.2000,2641.2000,2641.4000,2650.0000,2650.4000,2652.4000,2,2,1,1,1,1,1,2,1,1
SF,IH2012,2020-04-28 09:48:05.200,2641.6000,1070,0,39723720.000,0,-,-,-,-,2640.0000,2634.0000,2633.4000,2631.6000,2630.2000,2641.0000,2641.2000,2641.4000,2650.0000,2650.4000,2,2,1,1,1,1,1,1,2,1
SF,IH2012,2020-04-28 09:48:05.700,2641.6000,1070,0,39723720.000,0,-,-,-,-,2640.0000,2634.0000,2633.4000,2631.6000,2630.2000,2640.8000,2641.0000,2641.4000,2650.0000,2650.4000,2,2,1,1,1,1,1,1,2,1
