市场代码,合约代码,时间,最新,持仓,增仓,成交额,成交量,开仓,平仓,成交类型,方向,买一价,买二价,买三价,买四价,买五价,卖一价,卖二价,卖三价,卖四价,卖五价,买一量,买二量,买三量,买四量,买五量,卖一量,卖二量,卖三量,卖四量,卖五量
SF,IH2006,2020-05-08 09:29:00.000,2822.6000,22241,0,9314580.000,11.000,-,-,-,-,2822.4000,2822.2000,2822.0000,2821.2000,2821.0000,2824.6000,2825.0000,2826.6000,2826.8000,2828.0000,2,3,4,1,1,6,1,1,4,1
SF,IH2006,2020-05-08 09:30:00.500,2822.6000,22237,-4,22870440.000,16,6,10,多平,S,2823.4000,2823.0000,2822.6000,2822.4000,2821.2000,2824.4000,2825.0000,2826.2000,2826.8000,2828.0000,3,4,7,4,1,3,6,1,4,1
SF,IH2006,2020-05-08 09:30:01.000,2824.6000,22228,-9,35579460.000,15,3,12,多平,S,2824.4000,2823.6000,2823.4000,2823.0000,2822.6000,2825.0000,2825.6000,2826.2000,2826.8000,2828.0000,2,4,2,4,1,1,1,1,4,1
SF,IH2006,2020-05-08 09:30:01.500,2823.6000,22222,-6,41510880.000,7,0,7,多平,S,2823.6000,2823.4000,2823.0000,2822.6000,2822.4000,2824.0000,2824.6000,2824.8000,2825.0000,2825.6000,3,2,4,1,4,1,3,1,1,1
SF,IH2006,2020-05-08 09:30:02.000,2823.6000,22218,-4,48287520.000,8,2,6,多平,S,2823.6000,2823.4000,2823.0000,2822.6000,2822.4000,2824.0000,2824.6000,2824.8000,2825.0000,2825.6000,1,2,4,1,4,5,3,1,1,1
SF,IH2006,2020-05-08 09:30:02.500,2825.0000,22211,-7,57607680.000,11,2,9,多平,S,2824.0000,2823.4000,2823.0000,2822.6000,2822.4000,2825.4000,2825.6000,2826.2000,2828.0000,2830.0000,1,2,4,1,4,1,1,1,1,1
SF,IH2006,2020-05-08 09:30:03.000,2824.0000,22208,-3,60996480.000,4,0,4,多平,S,2823.4000,2823.0000,2822.6000,2822.4000,2821.2000,2824.0000,2824.6000,2825.0000,2825.2000,2825.4000,2,4,1,4,1,2,2,1,9,3
SF,IH2006,2020-05-08 09:30:03.500,2824.0000,22206,-2,62690880.000,2,0,2,双平,S,2823.4000,2823.0000,2822.6000,2822.4000,2821.2000,2823.8000,2825.0000,2825.2000,2825.4000,2825.6000,2,4,1,4,1,2,1,10,3,1
SF,IH2006,2020-05-08 09:30:04.000,2824.0000,22206,0,62690880.000,0,-,-,-,-,2823.4000,2823.0000,2822.6000,2822.4000,2821.2000,2823.8000,2825.0000,2825.2000,2825.4000,2825.6000,2,4,1,4,1,2,1,7,3,1
SF,IH2006,2020-05-08 09:30:05.000,2822.4000,22202,-4,72853740.000,12,4,8,多平,S,2822.4000,2821.2000,2821.0000,2820.2000,2820.0000,2823.4000,2823.6000,2825.0000,2825.2000,2825.4000,1,1,1,2,4,1,3,1,7,3
SF,IH2006,2020-05-08 09:30:05.500,2821.2000,22203,1,74546820.000,2,1,1,空开,S,2821.0000,2820.2000,2820.0000,2819.2000,2818.0000,2821.2000,2823.2000,2823.4000,2823.6000,2825.0000,2,2,4,1,1,5,4,1,3,1
SF,IH2006,2020-05-08 09:30:06.000,2821.2000,22203,0,78778620.000,5,2,3,多换,S,2821.8000,2821.4000,2821.2000,2821.0000,2820.2000,2823.2000,2823.4000,2825.0000,2825.2000,2825.4000,1,8,5,2,2,4,1,1,4,3
SF,IH2006,2020-05-08 09:30:06.500,2823.4000,22203,0,81319620.000,3,1,2,多换,S,2822.0000,2821.8000,2821.4000,2821.2000,2821.0000,2824.0000,2825.0000,2825.2000,2825.4000,2825.6000,10,1,4,1,2,1,1,4,2,1
SF,IH2006,2020-05-08 09:30:07.000,2823.4000,22203,0,81319620.000,0,-,-,-,-,2822.2000,2822.0000,2821.4000,2821.2000,2821.0000,2823.0000,2823.8000,2824.0000,2825.0000,2825.2000,3,10,4,1,2,1,7,1,1,4
SF,IH2006,2020-05-08 09:30:07.500,2823.0000,22202,-1,83013420.000,2,0,2,多平,S,2822.4000,2822.2000,2821.4000,2821.2000,2821.0000,2823.8000,2824.0000,2825.0000,2825.2000,2825.4000,9,1,4,1,2,7,1,1,4,2
SF,IH2006,2020-05-08 09:30:08.000,2823.6000,22201,-1,84707580.000,2,0,2,多平,S,2822.6000,2822.4000,2821.4000,2821.2000,2821.0000,2823.8000,2824.0000,2825.0000,2825.2000,2825.4000,3,9,4,1,2,7,1,1,4,2
SF,IH2006,2020-05-08 09:30:08.500,2823.8000,22197,-4,88943280.000,5,0,5,多平,S,2823.0000,2822.8000,2822.6000,2822.4000,2821.4000,2823.6000,2823.8000,2824.0000,2825.0000,2825.2000,4,2,3,1,4,1,1,1,1,4
SF,IH2006,2020-05-08 09:30:09.000,2823.2000,22197,0,94874280.000,7,3,4,多换,S,2823.2000,2823.0000,2822.8000,2822.4000,2821.4000,2825.2000,2825.4000,2825.6000,2825.8000,2827.0000,2,4,2,1,4,2,2,1,1,1
SF,IH2006,2020-05-08 09:30:09.500,2823.2000,22197,0,94874280.000,0,-,-,-,-,2823.4000,2823.2000,2823.0000,2822.4000,2821.4000,2824.8000,2825.0000,2825.2000,2825.4000,2825.6000,6,2,4,1,4,4,7,2,2,1
SF,IH2006,2020-05-08 09:30:10.000,2823.8000,22196,-1,97415760.000,3,1,2,多平,S,2823.8000,2823.6000,2823.4000,2823.0000,2822.4000,2824.6000,2824.8000,2825.0000,2825.2000,2825.4000,2,9,4,4,1,1,1,2,2,2
SF,IH2006,2020-05-08 09:30:10.500,2824.0000,22194,-2,99957780.000,3,0,3,多平,S,2824.0000,2823.6000,2823.0000,2821.4000,2821.2000,2825.0000,2825.4000,2825.6000,2825.8000,2827.0000,6,5,4,4,1,1,1,1,1,1
SF,IH2006,2020-05-08 09:30:11.000,2824.0000,22193,-1,103346580.000,4,1,3,多平,S,2824.4000,2824.0000,2823.6000,2823.4000,2823.0000,2825.2000,2825.4000,2825.6000,2825.8000,2827.0000,1,2,5,1,4,1,1,1,1,1
SF,IH2006,2020-05-08 09:30:11.500,2825.8000,22189,-4,107584620.000,5,0,5,多平,S,2824.8000,2824.6000,2824.4000,2824.0000,2823.6000,2827.0000,2827.6000,2828.0000,2830.0000,2830.6000,1,5,1,1,3,1,1,1,3,1
SF,IH2006,2020-05-08 09:30:12.000,2825.8000,22189,0,107584620.000,0,-,-,-,-,2825.0000,2824.6000,2824.4000,2824.0000,2823.6000,2826.6000,2826.8000,2827.0000,2827.2000,2827.6000,11,2,1,1,3,1,10,3,1,1
SF,IH2006,2020-05-08 09:30:12.500,2825.8000,22189,0,107584620.000,0,-,-,-,-,2825.2000,2825.0000,2824.6000,2824.4000,2824.0000,2825.8000,2826.4000,2827.0000,2827.6000,2828.0000,1,7,2,1,1,1,5,1,1,1
SF,IH2006,2020-05-08 09:30:13.000,2825.8000,22189,0,108432360.000,1,0,1,多换,S,2825.4000,2825.0000,2824.6000,2824.4000,2824.0000,2825.6000,2826.4000,2827.0000,2827.6000,2828.0000,2,1,2,1,1,1,4,1,1,1
SF,IH2006,2020-05-08 09:30:13.500,2825.6000,22186,-3,110975400.000,3,0,3,双平,S,2825.8000,2825.6000,2825.4000,2825.0000,2824.6000,2826.4000,2827.0000,2827.6000,2828.0000,2830.0000,2,1,2,1,2,4,1,1,1,3
SF,IH2006,2020-05-08 09:30:14.000,2825.6000,22185,-1,114366240.000,4,1,3,多平,S,2825.8000,2825.0000,2824.6000,2824.4000,2823.4000,2827.0000,2827.6000,2828.0000,2830.0000,2830.6000,1,1,1,1,1,1,1,1,3,1
SF,IH2006,2020-05-08 09:30:14.500,2825.0000,22186,1,116061480.000,2,1,1,空开,S,2824.4000,2823.4000,2823.0000,2821.4000,2821.2000,2825.8000,2826.6000,2826.8000,2827.0000,2827.2000,1,1,4,4,1,1,4,8,4,1
SF,IH2006,2020-05-08 09:30:15.000,2825.0000,22186,0,116061480.000,0,-,-,-,-,2824.6000,2824.4000,2823.4000,2823.0000,2821.4000,2825.6000,2825.8000,2826.6000,2826.8000,2827.0000,4,1,1,4,4,7,1,1,2,4
SF,IH2006,2020-05-08 09:30:15.500,2825.6000,22186,0,119452200.000,4,2,2,多换,S,2825.6000,2824.8000,2824.6000,2824.4000,2823.4000,2825.8000,2826.6000,2827.0000,2827.2000,2827.6000,2,2,4,1,1,1,1,4,1,1
SF,IH2006,2020-05-08 09:30:16.000,2825.6000,22187,1,121995300.000,3,2,1,空开,S,2826.0000,2825.8000,2825.0000,2824.8000,2824.4000,2827.0000,2827.6000,2828.0000,2828.4000,2830.0000,2,6,1,2,1,1,1,1,1,3
SF,IH2006,2020-05-08 09:30:16.500,2825.6000,22185,-2,123690660.000,2,0,2,双平,S,2826.0000,2825.8000,2825.6000,2825.0000,2824.4000,2826.8000,2827.0000,2827.6000,2828.0000,2828.4000,1,8,1,1,1,2,1,1,1,1
SF,IH2006,2020-05-08 09:30:17.000,2826.8000,22185,0,124538700.000,1,0,1,多换,S,2826.0000,2825.8000,2825.6000,2825.0000,2824.4000,2827.0000,2827.6000,2828.0000,2828.4000,2830.0000,1,8,1,1,1,1,1,1,1,3
SF,IH2006,2020-05-08 09:30:17.500,2826.8000,22185,0,124538700.000,0,-,-,-,-,2826.2000,2826.0000,2825.8000,2825.6000,2825.0000,2827.0000,2827.6000,2828.0000,2828.4000,2830.0000,1,1,8,1,1,1,1,1,1,3
SF,IH2006,2020-05-08 09:30:18.000,2827.0000,22185,0,125386800.000,1,0,1,多换,S,2827.0000,2826.8000,2826.2000,2826.0000,2825.8000,2827.6000,2828.0000,2830.0000,2830.6000,2833.0000,1,1,1,1,8,1,1,3,1,1
SF,IH2006,2020-05-08 09:30:18.500,2825.8000,22186,1,133865040.000,10,5,5,空开,S,2825.8000,2825.6000,2825.0000,2824.4000,2823.4000,2827.6000,2828.0000,2830.0000,2830.6000,2833.0000,2,1,1,1,1,1,1,3,1,1
SF,IH2006,2020-05-08 09:30:19.000,2825.8000,22186,0,133865040.000,0,-,-,-,-,2826.0000,2825.8000,2825.6000,2825.0000,2824.4000,2827.4000,2827.6000,2828.0000,2829.4000,2830.0000,7,2,1,1,2,3,1,1,1,3
SF,IH2006,2020-05-08 09:30:19.500,2825.8000,22186,0,133865040.000,0,-,-,-,-,2826.0000,2825.8000,2825.6000,2825.0000,2824.4000,2827.0000,2827.2000,2827.4000,2827.6000,2828.0000,5,2,1,4,2,3,2,4,1,1
SF,IH2006,2020-05-08 09:30:20.000,2826.0000,22183,-3,137256240.000,4,0,4,多平,S,2825.8000,2825.6000,2825.0000,2824.4000,2823.4000,2826.8000,2827.2000,2827.6000,2828.0000,2829.4000,2,1,4,2,1,1,1,1,1,1
SF,IH2006,2020-05-08 09:30:20.500,2827.2000,22181,-2,138952440.000,2,0,2,双平,S,2826.0000,2825.8000,2825.6000,2825.0000,2824.4000,2827.6000,2828.0000,2829.4000,2830.0000,2830.6000,3,1,1,4,2,1,1,1,3,1
SF,IH2006,2020-05-08 09:30:21.000,2826.2000,22180,-1,139800300.000,1,0,1,双平,S,2826.8000,2826.2000,2826.0000,2825.8000,2825.6000,2827.2000,2827.4000,2827.6000,2828.0000,2828.4000,1,2,3,1,1,4,5,1,1,6
SF,IH2006,2020-05-08 09:30:21.500,2826.2000,22177,-3,143191920.000,4,0,4,多平,S,2826.0000,2825.8000,2825.6000,2825.0000,2824.4000,2826.8000,2827.0000,2827.6000,2828.0000,2828.4000,2,1,1,4,2,1,6,1,1,6
SF,IH2006,2020-05-08 09:30:22.000,2826.2000,22177,0,143191920.000,0,-,-,-,-,2825.8000,2825.6000,2825.0000,2824.4000,2823.4000,2826.6000,2826.8000,2827.0000,2827.6000,2828.0000,1,1,4,2,1,3,1,2,1,1
SF,IH2006,2020-05-08 09:30:22.500,2826.2000,22177,0,143191920.000,0,-,-,-,-,2825.8000,2825.6000,2825.0000,2824.4000,2823.4000,2826.4000,2826.6000,2827.0000,2827.6000,2828.0000,1,1,4,2,1,1,3,1,1,1
SF,IH2006,2020-05-08 09:30:23.000,2826.2000,22177,0,143191920.000,0,-,-,-,-,2825.8000,2825.6000,2825.0000,2824.4000,2823.4000,2826.2000,2826.4000,2827.0000,2827.6000,2828.0000,1,1,4,2,1,3,1,1,1,1
SF,IH2006,2020-05-08 09:30:23.500,2826.2000,22177,0,144887640.000,2,1,1,多换,S,2825.8000,2825.6000,2825.0000,2824.4000,2823.4000,2826.2000,2826.4000,2827.0000,2827.6000,2828.0000,1,1,4,2,1,1,1,1,1,1
SF,IH2006,2020-05-08 09:30:24.000,2825.8000,22176,-1,146583180.000,2,0,2,多平,S,2825.6000,2825.4000,2825.0000,2824.4000,2823.4000,2826.2000,2827.0000,2827.6000,2828.0000,2829.4000,1,1,4,2,1,1,1,1,2,1
SF,IH2006,2020-05-08 09:30:24.500,2826.2000,22176,0,147431040.000,1,0,1,多换,S,2825.6000,2825.4000,2825.0000,2824.4000,2823.4000,2827.0000,2827.6000,2828.0000,2829.4000,2830.0000,1,1,4,2,1,1,1,2,1,3
SF,IH2006,2020-05-08 09:30:25.000,2826.2000,22176,0,147431040.000,0,-,-,-,-,2825.8000,2825.6000,2825.4000,2825.0000,2824.4000,2826.8000,2827.0000,2827.6000,2828.0000,2829.4000,3,1,1,4,1,2,1,1,2,1
SF,IH2006,2020-05-08 09:30:25.500,2826.2000,22176,0,147431040.000,0,-,-,-,-,2826.0000,2825.6000,2825.4000,2825.0000,2824.4000,2826.8000,2827.0000,2827.6000,2828.0000,2829.4000,1,1,1,8,1,2,3,1,2,1
SF,IH2006,2020-05-08 09:30:26.000,2826.0000,22175,-1,148278840.000,1,0,1,双平,S,2825.6000,2825.4000,2825.0000,2824.4000,2823.4000,2826.0000,2826.2000,2826.4000,2826.6000,2826.8000,1,1,8,1,1,1,1,4,4,2
SF,IH2006,2020-05-08 09:30:26.500,2826.0000,22172,-3,152517720.000,5,1,4,多平,S,2825.4000,2825.0000,2824.4000,2823.4000,2821.4000,2827.0000,2827.6000,2827.8000,2828.0000,2829.4000,1,8,1,1,4,1,1,1,2,1
SF,IH2006,2020-05-08 09:30:27.000,2826.0000,22172,0,152517720.000,0,-,-,-,-,2825.6000,2825.4000,2825.0000,2824.4000,2823.4000,2825.8000,2826.8000,2827.0000,2827.6000,2827.8000,4,1,8,1,1,1,2,1,1,1
SF,IH2006,2020-05-08 09:30:27.500,2825.8000,22172,0,153365460.000,1,0,1,多换,S,2825.8000,2825.6000,2825.4000,2825.0000,2824.4000,2826.8000,2827.0000,2827.6000,2827.8000,2828.0000,1,1,1,8,1,1,1,1,1,2
SF,IH2006,2020-05-08 09:30:28.000,2825.8000,22171,-1,154213200.000,1,0,1,双平,S,2825.8000,2825.6000,2825.4000,2825.0000,2824.4000,2826.6000,2827.0000,2827.6000,2827.8000,2828.0000,1,1,1,7,1,1,1,1,1,2
SF,IH2006,2020-05-08 09:30:28.500,2825.8000,22171,0,154213200.000,0,-,-,-,-,2825.6000,2825.4000,2825.0000,2824.4000,2823.4000,2825.8000,2826.4000,2827.0000,2827.6000,2827.8000,1,1,7,1,1,1,1,1,1,1
SF,IH2006,2020-05-08 09:30:29.000,2826.4000,22167,-4,158452500.000,5,0,5,多平,S,2825.4000,2825.0000,2824.4000,2823.4000,2821.4000,2827.6000,2827.8000,2828.0000,2829.2000,2829.4000,1,7,1,1,4,1,1,2,1,1
SF,IH2006,2020-05-08 09:30:29.500,2826.4000,22167,0,158452500.000,0,-,-,-,-,2825.6000,2825.4000,2825.0000,2823.4000,2821.4000,2826.6000,2826.8000,2827.0000,2827.2000,2827.4000,4,1,7,1,4,3,1,2,9,12
SF,IH2006,2020-05-08 09:30:30.000,2826.4000,22165,-2,161843640.000,4,1,3,多平,S,2825.0000,2823.4000,2821.4000,2821.2000,2821.0000,2825.6000,2826.4000,2826.6000,2826.8000,2827.0000,7,1,4,1,3,1,5,1,1,3
SF,IH2006,2020-05-08 09:30:30.500,2825.6000,22164,-1,162691320.000,1,0,1,双平,S,2825.0000,2823.4000,2821.4000,2821.2000,2821.0000,2825.4000,2826.4000,2826.8000,2827.0000,2827.2000,7,1,4,1,3,7,2,1,3,4
SF,IH2006,2020-05-08 09:30:31.000,2825.4000,22157,-7,169472280.000,8,0,8,多平,S,2825.2000,2825.0000,2823.4000,2821.4000,2821.2000,2826.4000,2826.8000,2827.0000,2827.2000,2827.4000,1,7,1,4,1,2,1,3,4,4
SF,IH2006,2020-05-08 09:30:31.500,2825.0000,22157,0,173709840.000,5,2,3,多换,S,2824.0000,2823.4000,2821.4000,2821.2000,2821.0000,2824.2000,2826.2000,2826.4000,2826.8000,2827.0000,1,1,4,1,3,2,1,2,1,1
SF,IH2006,2020-05-08 09:30:32.000,2826.4000,22157,0,176252280.000,3,1,2,多换,S,2824.6000,2824.4000,2824.2000,2824.0000,2823.4000,2826.4000,2826.8000,2827.0000,2827.2000,2827.4000,3,3,7,1,1,1,1,2,1,2
SF,IH2006,2020-05-08 09:30:32.500,2826.4000,22157,0,177100200.000,1,0,1,多换,S,2824.8000,2824.6000,2824.4000,2824.2000,2824.0000,2826.2000,2826.8000,2827.0000,2827.2000,2827.4000,9,3,3,7,1,3,1,2,1,1
SF,IH2006,2020-05-08 09:30:33.000,2826.4000,22157,0,177100200.000,0,-,-,-,-,2825.0000,2824.8000,2824.6000,2824.4000,2824.2000,2826.0000,2826.2000,2826.8000,2827.0000,2827.2000,1,9,3,3,7,2,3,1,2,1
SF,IH2006,2020-05-08 09:30:33.500,2826.4000,22157,0,177100200.000,0,-,-,-,-,2825.2000,2825.0000,2824.8000,2824.4000,2824.2000,2825.8000,2826.0000,2826.2000,2826.8000,2827.0000,3,2,2,3,5,2,2,2,1,2
SF,IH2006,2020-05-08 09:30:34.000,2825.6000,22156,-1,183881280.000,8,3,5,多平,S,2825.0000,2824.8000,2824.4000,2824.2000,2823.4000,2825.2000,2825.6000,2825.8000,2826.0000,2826.2000,2,2,3,4,1,2,1,2,2,3
SF,IH2006,2020-05-08 09:30:34.500,2825.0000,22155,-1,185576280.000,2,0,2,多平,S,2824.4000,2824.2000,2823.4000,2821.2000,2821.0000,2825.0000,2825.2000,2825.6000,2826.0000,2826.2000,3,4,1,1,3,1,2,1,2,1
SF,IH2006,2020-05-08 09:30:35.000,2824.4000,22154,-1,187270920.000,2,0,2,多平,S,2824.4000,2824.2000,2823.4000,2821.2000,2821.0000,2825.0000,2825.2000,2825.6000,2826.0000,2826.2000,1,1,1,1,3,1,2,1,2,1
SF,IH2006,2020-05-08 09:30:35.500,2824.2000,22153,-1,188965500.000,2,0,2,多平,S,2823.4000,2821.2000,2821.0000,2820.2000,2820.0000,2824.8000,2825.0000,2825.2000,2825.6000,2826.0000,1,1,3,2,4,2,2,2,1,2
SF,IH2006,2020-05-08 09:30:36.000,2824.2000,22153,0,188965500.000,0,-,-,-,-,2823.4000,2821.2000,2821.0000,2820.2000,2820.0000,2824.6000,2824.8000,2825.0000,2825.2000,2825.6000,1,1,3,2,4,7,2,2,2,1
SF,IH2006,2020-05-08 09:30:36.500,2824.2000,22153,0,188965500.000,0,-,-,-,-,2823.6000,2823.4000,2821.2000,2821.0000,2820.2000,2824.6000,2825.0000,2825.2000,2825.6000,2826.0000,3,1,1,3,2,7,2,2,1,2
SF,IH2006,2020-05-08 09:30:37.000,2824.4000,22153,0,189812820.000,1,0,1,多换,S,2823.6000,2823.4000,2821.2000,2821.0000,2820.2000,2825.0000,2825.2000,2826.0000,2826.2000,2826.8000,3,1,1,3,2,2,2,2,1,1
SF,IH2006,2020-05-08 09:30:37.500,2824.8000,22153,0,190660260.000,1,0,1,多换,S,2823.8000,2823.6000,2823.4000,2821.2000,2821.0000,2824.8000,2825.0000,2825.2000,2826.0000,2826.2000,1,3,1,1,3,1,2,2,2,1
SF,IH2006,2020-05-08 09:30:38.000,2824.2000,22153,0,191507520.000,1,0,1,多换,S,2824.0000,2823.8000,2823.6000,2823.4000,2821.2000,2825.0000,2825.2000,2826.0000,2826.2000,2826.8000,1,1,2,1,1,2,2,2,1,1
SF,IH2006,2020-05-08 09:30:38.500,2824.2000,22153,0,191507520.000,0,-,-,-,-,2824.2000,2824.0000,2823.6000,2823.4000,2821.2000,2825.0000,2825.2000,2826.0000,2826.2000,2826.8000,1,1,2,1,1,2,2,2,1,1
SF,IH2006,2020-05-08 09:30:39.000,2824.2000,22152,-1,193202040.000,2,0,2,多平,S,2824.0000,2823.6000,2823.4000,2821.2000,2821.0000,2825.0000,2825.2000,2826.0000,2826.2000,2826.8000,1,2,1,1,3,2,2,2,1,1
SF,IH2006,2020-05-08 09:30:39.500,2824.2000,22152,0,193202040.000,0,-,-,-,-,2824.8000,2824.2000,2823.4000,2821.2000,2821.0000,2825.0000,2825.2000,2826.0000,2826.2000,2826.8000,1,3,1,1,3,2,2,2,1,1
SF,IH2006,2020-05-08 09:30:40.000,2824.8000,22152,0,194049480.000,1,0,1,多换,S,2824.2000,2823.4000,2821.2000,2821.0000,2820.2000,2824.8000,2825.0000,2825.2000,2826.0000,2826.2000,3,1,1,3,2,2,2,2,2,1
SF,IH2006,2020-05-08 09:30:40.500,2824.8000,22152,0,194049480.000,0,-,-,-,-,2824.2000,2823.4000,2821.2000,2821.0000,2820.2000,2824.8000,2825.0000,2825.2000,2826.0000,2826.2000,3,1,1,3,2,1,2,2,2,1
SF,IH2006,2020-05-08 09:30:41.000,2824.8000,22152,0,194049480.000,0,-,-,-,-,2824.4000,2824.2000,2823.4000,2821.2000,2821.0000,2824.8000,2825.0000,2825.2000,2826.0000,2826.2000,1,3,1,1,3,1,2,2,2,1
SF,IH2006,2020-05-08 09:30:41.500,2824.8000,22152,0,194049480.000,0,-,-,-,-,2824.4000,2823.4000,2821.2000,2821.0000,2820.2000,2825.0000,2825.2000,2826.0000,2826.2000,2826.8000,1,1,1,3,2,3,2,2,1,1
SF,IH2006,2020-05-08 09:30:42.000,2823.4000,22155,3,197438640.000,4,3,1,空开,S,2821.2000,2821.0000,2820.2000,2820.0000,2819.2000,2822.8000,2825.0000,2825.2000,2826.0000,2826.2000,1,3,2,5,1,3,3,2,2,1
SF,IH2006,2020-05-08 09:30:42.500,2823.0000,22155,0,199979580.000,3,1,2,多换,S,2823.8000,2823.4000,2823.0000,2822.8000,2822.6000,2824.4000,2825.0000,2825.2000,2826.0000,2826.2000,1,1,17,2,2,1,3,1,2,1
SF,IH2006,2020-05-08 09:30:43.000,2823.8000,22154,-1,201673860.000,2,0,2,多平,S,2824.0000,2823.0000,2822.6000,2822.4000,2822.2000,2824.4000,2825.0000,2825.2000,2826.0000,2826.2000,1,14,2,3,6,1,3,1,2,1
SF,IH2006,2020-05-08 09:30:43.500,2824.0000,22153,-1,202521060.000,1,0,1,双平,S,2823.0000,2822.6000,2822.4000,2822.2000,2822.0000,2824.4000,2825.0000,2825.2000,2826.0000,2826.2000,14,2,3,6,2,2,3,1,2,1
SF,IH2006,2020-05-08 09:30:44.000,2824.4000,22152,-1,203368380.000,1,0,1,双平,S,2823.2000,2823.0000,2822.6000,2822.4000,2822.2000,2824.4000,2825.0000,2825.2000,2826.0000,2826.2000,14,15,2,3,6,1,3,1,2,1
SF,IH2006,2020-05-08 09:30:44.500,2824.4000,22152,0,203368380.000,0,-,-,-,-,2823.4000,2823.2000,2823.0000,2822.6000,2822.4000,2824.4000,2825.0000,2825.2000,2826.0000,2826.2000,2,14,15,2,3,1,5,1,2,1
SF,IH2006,2020-05-08 09:30:45.000,2824.4000,22152,0,203368380.000,0,-,-,-,-,2823.6000,2823.4000,2823.2000,2823.0000,2822.6000,2824.4000,2825.0000,2825.2000,2826.0000,2826.2000,4,2,8,15,2,1,5,1,2,1
SF,IH2006,2020-05-08 09:30:45.500,2824.4000,22152,0,203368380.000,0,-,-,-,-,2823.6000,2823.4000,2823.2000,2823.0000,2822.6000,2824.4000,2825.0000,2825.2000,2826.0000,2826.2000,5,2,7,15,2,1,5,1,2,1
SF,IH2006,2020-05-08 09:30:46.000,2824.4000,22152,0,203368380.000,0,-,-,-,-,2823.6000,2823.4000,2823.2000,2823.0000,2822.6000,2824.2000,2824.4000,2825.0000,2825.2000,2826.0000,5,2,7,15,2,3,1,5,1,2
SF,IH2006,2020-05-08 09:30:46.500,2824.2000,22151,-1,204215640.000,1,0,1,双平,S,2823.6000,2823.4000,2823.2000,2823.0000,2822.6000,2824.2000,2824.4000,2825.0000,2825.2000,2826.0000,4,2,7,15,2,2,1,4,1,2
SF,IH2006,2020-05-08 09:30:47.000,2824.2000,22151,0,204215640.000,0,-,-,-,-,2823.6000,2823.4000,2823.2000,2823.0000,2822.6000,2824.4000,2825.0000,2825.2000,2826.0000,2826.2000,4,2,7,15,2,1,4,1,2,1
SF,IH2006,2020-05-08 09:30:47.500,2824.2000,22151,0,205062900.000,1,0,1,多换,S,2823.8000,2823.6000,2823.4000,2823.2000,2823.0000,2824.2000,2824.4000,2825.0000,2825.2000,2826.0000,2,4,2,7,15,1,1,5,1,2
SF,IH2006,2020-05-08 09:30:48.000,2824.0000,22150,-1,205910100.000,1,0,1,双平,S,2823.8000,2823.6000,2823.4000,2823.0000,2822.4000,2824.2000,2824.4000,2825.0000,2825.2000,2826.0000,2,4,1,15,1,1,1,5,1,2
SF,IH2006,2020-05-08 09:30:48.500,2824.0000,22150,0,205910100.000,0,-,-,-,-,2823.8000,2823.6000,2823.4000,2823.0000,2822.4000,2824.2000,2824.4000,2825.0000,2825.2000,2826.0000,2,3,1,15,1,1,1,5,1,2
SF,IH2006,2020-05-08 09:30:49.000,2824.0000,22150,0,205910100.000,0,-,-,-,-,2823.8000,2823.6000,2823.4000,2823.0000,2822.4000,2824.4000,2825.0000,2825.2000,2826.0000,2826.2000,2,3,1,15,1,1,5,1,2,1
SF,IH2006,2020-05-08 09:30:49.500,2824.0000,22150,0,205910100.000,0,-,-,-,-,2824.0000,2823.8000,2823.6000,2823.4000,2823.0000,2824.2000,2824.4000,2825.0000,2825.2000,2826.0000,1,1,2,1,15,1,1,5,1,2
SF,IH2006,2020-05-08 09:30:50.000,2824.0000,22150,0,205910100.000,0,-,-,-,-,2823.8000,2823.6000,2823.4000,2823.0000,2822.4000,2824.2000,2824.4000,2825.0000,2825.2000,2826.0000,1,2,1,15,1,1,1,5,1,2
SF,IH2006,2020-05-08 09:30:50.500,2824.0000,22150,0,205910100.000,0,-,-,-,-,2824.0000,2823.8000,2823.6000,2823.4000,2823.0000,2824.2000,2824.4000,2825.0000,2825.2000,2826.0000,1,1,2,1,15,1,1,5,1,2
SF,IH2006,2020-05-08 09:30:51.000,2824.0000,22149,-1,206757300.000,1,0,1,双平,S,2824.2000,2823.8000,2823.6000,2823.4000,2823.0000,2824.4000,2825.0000,2825.2000,2826.0000,2826.2000,2,1,2,1,15,1,5,1,2,1
SF,IH2006,2020-05-08 09:30:51.500,2824.0000,22149,0,206757300.000,0,-,-,-,-,2824.2000,2823.8000,2823.6000,2823.4000,2823.0000,2824.4000,2825.0000,2825.2000,2826.0000,2826.2000,2,1,2,1,15,1,5,1,2,1
SF,IH2006,2020-05-08 09:30:52.500,2823.0000,22152,3,212686620.000,7,5,2,空开,S,2823.0000,2822.4000,2822.2000,2821.4000,2821.2000,2824.4000,2825.0000,2825.2000,2826.0000,2826.2000,13,1,2,6,2,1,5,1,2,1
SF,IH2006,2020-05-08 09:30:53.000,2823.0000,22152,0,212686620.000,0,-,-,-,-,2823.4000,2823.2000,2823.0000,2822.4000,2822.2000,2824.2000,2824.4000,2825.0000,2825.2000,2826.0000,5,6,13,1,2,4,1,5,1,2
SF,IH2006,2020-05-08 09:30:53.500,2823.0000,22152,0,212686620.000,0,-,-,-,-,2823.6000,2823.4000,2823.2000,2823.0000,2822.4000,2824.2000,2824.4000,2825.0000,2825.2000,2826.0000,3,5,3,13,1,4,1,5,1,2
SF,IH2006,2020-05-08 09:30:54.000,2823.0000,22152,0,212686620.000,0,-,-,-,-,2823.6000,2823.4000,2823.2000,2823.0000,2822.4000,2824.2000,2824.4000,2825.0000,2825.2000,2826.0000,3,5,3,13,1,4,1,5,1,2
SF,IH2006,2020-05-08 09:30:54.500,2823.0000,22152,0,212686620.000,0,-,-,-,-,2823.6000,2823.4000,2823.2000,2823.0000,2822.4000,2824.2000,2824.4000,2825.0000,2826.0000,2826.8000,3,5,3,13,1,1,1,5,2,2
SF,IH2006,2020-05-08 09:30:55.000,2823.0000,22152,0,212686620.000,0,-,-,-,-,2823.6000,2823.4000,2823.2000,2823.0000,2822.4000,2824.0000,2824.2000,2824.4000,2825.0000,2826.0000,3,5,3,13,1,2,1,1,5,2
SF,IH2006,2020-05-08 09:30:55.500,2823.6000,22150,-2,214380900.000,2,0,2,双平,S,2823.6000,2823.2000,2823.0000,2822.4000,2822.2000,2824.0000,2824.4000,2825.0000,2826.0000,2826.8000,2,3,13,1,2,1,1,5,2,2
SF,IH2006,2020-05-08 09:30:56.000,2824.0000,22149,-1,215228100.000,1,0,1,双平,S,2823.6000,2823.2000,2823.0000,2822.4000,2822.2000,2824.4000,2825.0000,2826.0000,2826.8000,2827.0000,2,1,13,1,2,1,5,2,2,1
SF,IH2006,2020-05-08 09:30:57.500,2824.0000,22149,0,215228100.000,0,-,-,-,-,2823.6000,2823.2000,2823.0000,2822.4000,2822.2000,2824.0000,2824.4000,2825.0000,2826.0000,2826.8000,2,1,13,1,2,1,1,5,2,2
SF,IH2006,2020-05-08 09:30:58.000,2824.0000,22149,0,215228100.000,0,-,-,-,-,2823.6000,2823.2000,2823.0000,2822.4000,2822.2000,2824.0000,2824.2000,2824.4000,2825.0000,2826.0000,2,1,13,1,2,3,1,1,5,2
SF,IH2006,2020-05-08 09:30:58.500,2823.6000,22149,0,216922260.000,2,1,1,多换,S,2823.2000,2823.0000,2822.4000,2822.2000,2821.4000,2824.0000,2824.2000,2824.4000,2825.0000,2826.0000,2,13,1,2,6,3,1,1,5,2
SF,IH2006,2020-05-08 09:30:59.000,2823.6000,22149,0,216922260.000,0,-,-,-,-,2823.2000,2823.0000,2821.4000,2821.2000,2821.0000,2823.8000,2824.0000,2824.2000,2824.4000,2825.0000,1,12,6,2,3,1,3,1,1,5
SF,IH2006,2020-05-08 09:30:59.500,2823.6000,22149,0,216922260.000,0,-,-,-,-,2823.2000,2823.0000,2821.4000,2821.2000,2821.0000,2824.0000,2824.2000,2824.4000,2825.0000,2826.0000,1,12,6,2,3,3,1,1,5,2
SF,IH2006,2020-05-08 09:31:00.000,2823.6000,22149,0,216922260.000,0,-,-,-,-,2823.2000,2823.0000,2821.4000,2821.2000,2821.0000,2824.0000,2824.2000,2824.4000,2825.0000,2826.0000,1,12,6,2,3,3,1,1,5,2
SF,IH2006,2020-05-08 09:31:00.500,2823.6000,22149,0,216922260.000,0,-,-,-,-,2823.4000,2823.2000,2823.0000,2821.4000,2821.2000,2823.8000,2824.0000,2824.2000,2824.4000,2825.0000,1,1,12,6,2,1,5,1,2,5
SF,IH2006,2020-05-08 09:31:01.000,2823.6000,22149,0,217769340.000,1,0,1,多换,S,2823.6000,2823.2000,2823.0000,2821.4000,2821.2000,2823.8000,2824.0000,2824.4000,2825.0000,2826.0000,1,1,12,6,2,1,5,2,5,2
SF,IH2006,2020-05-08 09:31:01.500,2823.6000,22149,0,218616420.000,1,0,1,多换,S,2823.2000,2823.0000,2821.4000,2821.2000,2821.0000,2823.8000,2824.0000,2824.4000,2825.0000,2826.0000,1,12,6,2,3,1,5,2,5,2
SF,IH2006,2020-05-08 09:31:02.000,2823.4000,22147,-2,220310580.000,2,0,2,双平,S,2823.2000,2823.0000,2821.4000,2821.2000,2821.0000,2823.6000,2824.0000,2824.4000,2825.0000,2826.0000,2,12,6,2,3,1,5,2,5,2
SF,IH2006,2020-05-08 09:31:02.500,2823.4000,22147,0,220310580.000,0,-,-,-,-,2823.2000,2823.0000,2821.4000,2821.2000,2821.0000,2823.6000,2824.0000,2824.4000,2825.0000,2826.0000,1,12,6,2,3,1,5,2,5,2
SF,IH2006,2020-05-08 09:31:03.500,2823.4000,22146,-1,221157600.000,1,0,1,双平,S,2823.2000,2823.0000,2821.4000,2821.2000,2821.0000,2823.6000,2824.0000,2824.4000,2825.0000,2826.0000,2,12,6,2,3,1,5,2,5,2
SF,IH2006,2020-05-08 09:31:04.000,2823.4000,22146,0,221157600.000,0,-,-,-,-,2823.2000,2823.0000,2821.4000,2821.2000,2821.0000,2823.6000,2824.0000,2824.4000,2825.0000,2826.0000,1,12,6,2,3,1,5,2,5,2
SF,IH2006,2020-05-08 09:31:04.500,2823.2000,22144,-2,222851520.000,2,0,2,双平,S,2823.4000,2823.0000,2821.4000,2821.2000,2821.0000,2823.6000,2824.0000,2824.4000,2825.0000,2826.0000,1,12,6,2,3,1,5,2,5,2
SF,IH2006,2020-05-08 09:31:05.000,2823.4000,22143,-1,223698540.000,1,0,1,双平,S,2823.0000,2821.4000,2821.2000,2821.0000,2820.0000,2823.4000,2823.6000,2824.0000,2824.4000,2825.0000,12,6,2,3,9,3,1,5,2,4
SF,IH2006,2020-05-08 09:31:05.500,2823.4000,22143,0,223698540.000,0,-,-,-,-,2823.0000,2821.4000,2821.2000,2821.0000,2820.0000,2823.2000,2823.4000,2823.8000,2824.0000,2824.4000,12,6,2,3,9,1,3,1,5,2
SF,IH2006,2020-05-08 09:31:06.000,2823.2000,22142,-1,224545500.000,1,0,1,双平,S,2823.0000,2821.4000,2821.2000,2821.0000,2820.0000,2823.4000,2823.8000,2824.0000,2824.2000,2824.4000,12,6,2,3,9,3,1,5,1,2
SF,IH2006,2020-05-08 09:31:06.500,2823.0000,22143,1,225392400.000,1,1,0,双开,S,2823.0000,2821.4000,2821.2000,2821.0000,2820.0000,2823.4000,2823.8000,2824.0000,2824.2000,2824.4000,11,6,2,3,9,2,1,5,1,2
SF,IH2006,2020-05-08 09:31:07.000,2823.0000,22143,0,227086200.000,2,1,1,多换,S,2823.0000,2821.4000,2821.2000,2821.0000,2820.0000,2823.4000,2823.8000,2824.0000,2824.2000,2824.4000,9,6,2,3,9,2,1,5,1,2
SF,IH2006,2020-05-08 09:31:07.500,2823.0000,22143,0,227933100.000,1,0,1,多换,S,2823.0000,2821.4000,2821.2000,2821.0000,2820.0000,2823.8000,2824.0000,2824.2000,2824.4000,2824.6000,8,6,2,3,9,1,5,1,1,1
SF,IH2006,2020-05-08 09:31:08.000,2823.0000,22143,0,227933100.000,0,-,-,-,-,2823.0000,2821.4000,2821.2000,2821.0000,2820.0000,2823.6000,2823.8000,2824.0000,2824.2000,2824.4000,8,6,2,3,9,2,1,5,1,1
SF,IH2006,2020-05-08 09:31:08.500,2823.6000,22141,-2,229627260.000,2,0,2,双平,S,2823.0000,2821.4000,2821.2000,2821.0000,2820.0000,2824.0000,2824.2000,2824.4000,2824.6000,2825.0000,8,6,2,3,9,5,1,1,1,4
SF,IH2006,2020-05-08 09:31:09.000,2823.6000,22141,0,229627260.000,0,-,-,-,-,2823.2000,2823.0000,2821.4000,2821.2000,2821.0000,2824.0000,2824.2000,2824.4000,2824.6000,2825.0000,3,8,6,2,3,5,1,1,1,4
SF,IH2006,2020-05-08 09:31:09.500,2824.0000,22140,-1,231321660.000,2,0,2,多平,S,2823.2000,2823.0000,2821.4000,2821.2000,2821.0000,2824.0000,2824.2000,2824.4000,2824.6000,2825.0000,3,8,6,2,3,3,1,1,1,4
SF,IH2006,2020-05-08 09:31:10.000,2824.0000,22140,0,232168860.000,1,0,1,多换,S,2823.8000,2823.4000,2823.2000,2823.0000,2821.4000,2824.0000,2824.2000,2824.4000,2824.6000,2825.0000,9,3,3,9,6,2,1,1,1,4
SF,IH2006,2020-05-08 09:31:10.500,2824.0000,22138,-2,234710460.000,3,0,3,多平,S,2824.0000,2823.8000,2823.4000,2823.2000,2823.0000,2824.2000,2824.4000,2824.6000,2825.0000,2825.4000,2,9,3,2,9,1,1,1,4,1
SF,IH2006,2020-05-08 09:31:11.000,2824.2000,22137,-1,238099560.000,4,1,3,多平,S,2824.2000,2823.8000,2823.2000,2823.0000,2821.4000,2824.6000,2825.0000,2825.4000,2825.8000,2826.0000,1,9,2,9,6,1,3,1,1,2
SF,IH2006,2020-05-08 09:31:11.500,2824.6000,22137,0,238946940.000,1,0,1,多换,S,2824.4000,2823.8000,2823.2000,2823.0000,2821.4000,2825.0000,2825.4000,2825.8000,2826.0000,2826.4000,1,9,1,9,6,3,1,1,2,1
SF,IH2006,2020-05-08 09:31:12.000,2824.6000,22137,0,238946940.000,0,-,-,-,-,2824.2000,2823.8000,2823.2000,2823.0000,2821.4000,2825.0000,2825.4000,2825.8000,2826.0000,2826.4000,1,9,1,9,6,3,1,1,2,1
SF,IH2006,2020-05-08 09:31:12.500,2824.6000,22137,0,238946940.000,0,-,-,-,-,2824.2000,2823.8000,2823.2000,2823.0000,2821.4000,2824.8000,2825.0000,2825.4000,2825.8000,2826.0000,1,9,1,9,6,1,3,1,1,2
SF,IH2006,2020-05-08 09:31:13.000,2824.2000,22136,-1,239794200.000,1,0,1,双平,S,2823.8000,2823.2000,2823.0000,2821.4000,2821.2000,2824.8000,2825.0000,2825.4000,2825.8000,2826.0000,9,1,9,6,2,1,3,1,1,2
SF,IH2006,2020-05-08 09:31:13.500,2824.2000,22136,0,239794200.000,0,-,-,-,-,2824.0000,2823.8000,2823.0000,2821.4000,2821.2000,2824.8000,2825.0000,2825.4000,2825.8000,2826.0000,1,9,9,6,2,1,4,1,1,2
SF,IH2006,2020-05-08 09:31:14.500,2824.0000,22135,-1,240641400.000,1,0,1,双平,S,2823.8000,2823.0000,2821.4000,2821.2000,2821.0000,2824.8000,2825.0000,2825.4000,2825.8000,2826.0000,9,9,6,2,3,1,4,1,1,2
SF,IH2006,2020-05-08 09:31:15.000,2824.6000,22134,-1,241488780.000,1,0,1,双平,S,2823.8000,2823.6000,2823.0000,2821.4000,2821.2000,2824.8000,2825.0000,2825.4000,2825.8000,2826.0000,9,1,9,6,2,1,4,1,1,2
SF,IH2006,2020-05-08 09:31:15.500,2824.6000,22134,0,241488780.000,0,-,-,-,-,2824.0000,2823.8000,2823.6000,2823.0000,2821.4000,2824.8000,2825.0000,2825.4000,2825.8000,2826.0000,2,9,1,9,6,1,4,1,1,2
SF,IH2006,2020-05-08 09:31:16.000,2824.0000,22134,0,242335980.000,1,0,1,多换,S,2824.0000,2823.8000,2823.6000,2823.0000,2821.4000,2824.8000,2825.0000,2825.4000,2825.8000,2826.0000,1,9,1,9,6,1,4,1,1,2
SF,IH2006,2020-05-08 09:31:16.500,2824.8000,22135,1,244030620.000,2,1,1,空开,S,2824.8000,2823.8000,2823.6000,2823.0000,2821.4000,2825.0000,2825.4000,2825.8000,2826.0000,2826.4000,2,9,1,9,6,4,1,1,2,1
SF,IH2006,2020-05-08 09:31:17.000,2824.6000,22135,0,246572880.000,3,1,2,多换,S,2823.6000,2823.0000,2821.4000,2821.2000,2821.0000,2824.6000,2824.8000,2825.0000,2825.4000,2825.8000,1,9,6,2,3,4,3,4,1,1
SF,IH2006,2020-05-08 09:31:17.500,2823.8000,22134,-1,247420020.000,1,0,1,双平,S,2823.6000,2823.4000,2823.0000,2821.4000,2821.2000,2824.4000,2824.6000,2824.8000,2825.0000,2825.4000,1,1,9,6,2,4,2,3,4,1
SF,IH2006,2020-05-08 09:31:18.000,2823.8000,22133,-1,248267160.000,1,0,1,双平,S,2823.6000,2823.4000,2823.0000,2821.4000,2821.2000,2824.6000,2824.8000,2825.0000,2825.4000,2825.8000,1,1,9,6,2,3,3,4,1,1
SF,IH2006,2020-05-08 09:31:18.500,2823.8000,22133,0,248267160.000,0,-,-,-,-,2823.6000,2823.4000,2823.0000,2821.4000,2821.2000,2824.4000,2824.6000,2824.8000,2825.0000,2825.4000,1,1,9,5,2,1,3,3,4,1
SF,IH2006,2020-05-08 09:31:19.000,2823.6000,22133,0,249114240.000,1,0,1,多换,S,2823.8000,2823.4000,2823.0000,2821.4000,2821.2000,2824.4000,2824.6000,2824.8000,2825.0000,2825.4000,1,1,9,5,2,1,3,2,4,1
SF,IH2006,2020-05-08 09:31:19.500,2823.8000,22132,-1,249961380.000,1,0,1,双平,S,2823.4000,2823.0000,2821.4000,2821.2000,2821.0000,2823.6000,2824.4000,2824.6000,2824.8000,2825.0000,1,9,5,2,2,2,1,3,2,4
SF,IH2006,2020-05-08 09:31:20.000,2824.4000,22131,-1,251655720.000,2,0,2,多平,S,2823.6000,2823.2000,2823.0000,2821.4000,2821.2000,2824.6000,2824.8000,2825.0000,2825.4000,2825.8000,1,1,9,5,2,3,1,4,1,1
SF,IH2006,2020-05-08 09:31:20.500,2824.4000,22128,-3,259281600.000,9,3,6,多平,S,2823.6000,2823.2000,2823.0000,2821.4000,2821.2000,2824.4000,2824.6000,2824.8000,2825.0000,2825.4000,1,1,10,5,2,4,3,1,4,1
SF,IH2006,2020-05-08 09:31:21.000,2823.6000,22127,-1,260128680.000,1,0,1,双平,S,2823.4000,2823.2000,2823.0000,2822.2000,2821.4000,2824.4000,2824.6000,2824.8000,2825.0000,2825.4000,1,1,10,1,6,4,4,2,4,1
SF,IH2006,2020-05-08 09:31:21.500,2823.4000,22126,-1,260975700.000,1,0,1,双平,S,2823.2000,2823.0000,2822.2000,2821.4000,2821.2000,2824.4000,2824.6000,2824.8000,2825.0000,2825.4000,1,10,1,6,2,4,4,2,4,1
SF,IH2006,2020-05-08 09:31:22.000,2823.2000,22125,-1,261822660.000,1,0,1,双平,S,2823.0000,2822.6000,2822.2000,2821.4000,2821.2000,2824.4000,2824.6000,2824.8000,2825.0000,2825.4000,11,1,1,6,2,4,4,2,4,1
SF,IH2006,2020-05-08 09:31:22.500,2823.2000,22125,0,261822660.000,0,-,-,-,-,2823.2000,2823.0000,2822.8000,2822.6000,2822.2000,2824.2000,2824.4000,2824.6000,2824.8000,2825.0000,2,11,1,1,1,1,4,4,2,4
SF,IH2006,2020-05-08 09:31:23.000,2823.2000,22125,0,261822660.000,0,-,-,-,-,2823.0000,2822.8000,2822.6000,2822.2000,2821.4000,2824.0000,2824.4000,2824.6000,2824.8000,2825.0000,11,1,1,1,6,1,3,4,2,4
SF,IH2006,2020-05-08 09:31:23.500,2823.2000,22125,0,261822660.000,0,-,-,-,-,2823.0000,2822.8000,2822.6000,2822.2000,2821.4000,2824.0000,2824.4000,2824.6000,2824.8000,2825.0000,11,2,1,1,6,1,3,4,2,4
SF,IH2006,2020-05-08 09:31:24.000,2823.2000,22125,0,261822660.000,0,-,-,-,-,2823.0000,2822.8000,2822.6000,2822.2000,2821.4000,2824.0000,2824.4000,2824.6000,2824.8000,2825.0000,11,2,1,1,6,1,4,4,2,4
SF,IH2006,2020-05-08 09:31:24.500,2823.0000,22125,0,263516460.000,2,1,1,多换,S,2823.0000,2822.8000,2822.6000,2822.2000,2821.4000,2824.0000,2824.4000,2824.6000,2824.8000,2825.0000,8,2,1,1,6,1,4,4,2,4
SF,IH2006,2020-05-08 09:31:25.000,2822.8000,22118,-7,271985340.000,10,1,9,多平,S,2822.6000,2822.2000,2821.4000,2821.2000,2821.0000,2823.0000,2823.8000,2824.0000,2824.4000,2824.6000,1,1,5,2,1,1,4,1,1,4
SF,IH2006,2020-05-08 09:31:25.500,2822.6000,22118,0,272832120.000,1,0,1,多换,S,2822.4000,2822.2000,2821.4000,2821.2000,2821.0000,2823.8000,2824.0000,2824.4000,2824.6000,2824.8000,1,1,5,2,1,4,1,1,4,2
SF,IH2006,2020-05-08 09:31:26.000,2822.6000,22118,0,272832120.000,0,-,-,-,-,2822.4000,2822.2000,2821.4000,2821.2000,2821.0000,2823.6000,2823.8000,2824.4000,2824.6000,2824.8000,1,2,5,2,1,3,4,1,4,2
SF,IH2006,2020-05-08 09:31:26.500,2822.6000,22118,0,272832120.000,0,-,-,-,-,2822.4000,2822.2000,2821.4000,2821.2000,2821.0000,2823.4000,2823.6000,2823.8000,2824.4000,2824.6000,1,2,5,2,1,3,3,1,1,4
SF,IH2006,2020-05-08 09:31:27.000,2822.6000,22118,0,272832120.000,0,-,-,-,-,2822.6000,2822.4000,2822.2000,2822.0000,2821.4000,2823.2000,2823.4000,2823.8000,2824.4000,2824.6000,1,1,3,1,5,1,3,1,1,4
SF,IH2006,2020-05-08 09:31:27.500,2822.4000,22117,-1,273678840.000,1,0,1,双平,S,2822.4000,2822.2000,2822.0000,2821.4000,2821.2000,2823.2000,2823.4000,2823.8000,2824.4000,2824.6000,1,3,1,5,2,1,3,1,1,4
SF,IH2006,2020-05-08 09:31:28.000,2822.4000,22117,0,273678840.000,0,-,-,-,-,2822.4000,2822.2000,2822.0000,2821.4000,2821.2000,2823.2000,2823.4000,2823.8000,2824.4000,2824.6000,1,3,1,5,2,1,3,1,1,4
SF,IH2006,2020-05-08 09:31:28.500,2822.4000,22117,0,273678840.000,0,-,-,-,-,2822.4000,2822.2000,2822.0000,2821.4000,2821.2000,2823.2000,2823.4000,2823.8000,2824.4000,2824.6000,1,4,1,5,2,1,3,1,1,4
SF,IH2006,2020-05-08 09:31:29.500,2822.4000,22117,0,273678840.000,0,-,-,-,-,2822.4000,2822.2000,2822.0000,2821.4000,2821.2000,2823.2000,2823.4000,2823.8000,2824.0000,2824.4000,1,4,1,5,2,1,3,1,1,1
SF,IH2006,2020-05-08 09:31:30.000,2822.4000,22117,0,273678840.000,0,-,-,-,-,2822.4000,2822.2000,2822.0000,2821.4000,2821.2000,2823.2000,2823.4000,2823.8000,2824.0000,2824.4000,1,5,1,5,2,1,3,1,1,1
SF,IH2006,2020-05-08 09:31:31.000,2822.4000,22117,0,273678840.000,0,-,-,-,-,2822.4000,2822.2000,2822.0000,2821.4000,2821.2000,2823.2000,2823.4000,2823.8000,2824.0000,2824.4000,1,5,1,3,2,1,3,1,1,1
SF,IH2006,2020-05-08 09:31:31.500,2822.4000,22116,-1,274525560.000,1,0,1,双平,S,2822.2000,2822.0000,2821.4000,2821.2000,2821.0000,2823.2000,2823.4000,2823.8000,2824.0000,2824.4000,7,1,3,2,1,1,3,1,1,1
SF,IH2006,2020-05-08 09:31:32.000,2822.4000,22116,0,274525560.000,0,-,-,-,-,2822.4000,2822.2000,2822.0000,2821.4000,2821.2000,2823.2000,2823.4000,2823.8000,2824.0000,2824.4000,1,7,1,1,2,1,3,1,1,1
SF,IH2006,2020-05-08 09:31:32.500,2823.2000,22115,-1,275372520.000,1,0,1,双平,S,2822.2000,2822.0000,2821.4000,2821.2000,2821.0000,2823.4000,2823.8000,2824.0000,2824.4000,2824.6000,7,1,1,2,1,3,1,1,1,3
SF,IH2006,2020-05-08 09:31:33.000,2823.2000,22115,0,275372520.000,0,-,-,-,-,2822.4000,2822.2000,2822.0000,2821.4000,2821.2000,2823.2000,2823.4000,2823.8000,2824.0000,2824.4000,1,7,1,1,2,1,3,1,1,1
SF,IH2006,2020-05-08 09:31:33.500,2823.2000,22115,0,275372520.000,0,-,-,-,-,2822.2000,2822.0000,2821.4000,2821.2000,2821.0000,2823.2000,2823.4000,2823.8000,2824.0000,2824.4000,9,1,1,1,1,1,3,1,1,1
SF,IH2006,2020-05-08 09:31:34.000,2823.2000,22115,0,275372520.000,0,-,-,-,-,2822.6000,2822.4000,2822.2000,2822.0000,2821.4000,2823.2000,2823.4000,2823.8000,2824.0000,2824.4000,1,1,9,1,1,1,3,1,1,1
SF,IH2006,2020-05-08 09:31:34.500,2822.6000,22114,-1,276219300.000,1,0,1,双平,S,2822.2000,2822.0000,2821.4000,2821.2000,2821.0000,2822.6000,2823.2000,2823.4000,2823.8000,2824.0000,9,1,1,1,1,1,1,3,1,1
SF,IH2006,2020-05-08 09:31:35.000,2822.6000,22114,0,276219300.000,0,-,-,-,-,2823.0000,2822.6000,2822.2000,2822.0000,2821.4000,2823.2000,2823.4000,2824.0000,2824.4000,2824.6000,1,1,9,2,1,1,3,1,1,3
SF,IH2006,2020-05-08 09:31:35.500,2822.6000,22115,1,277912980.000,2,1,1,空开,S,2822.2000,2822.0000,2821.4000,2821.2000,2821.0000,2822.8000,2823.0000,2823.4000,2824.0000,2824.4000,9,2,1,1,1,14,4,3,1,1
SF,IH2006,2020-05-08 09:31:36.000,2822.6000,22115,0,277912980.000,0,-,-,-,-,2822.2000,2822.0000,2821.4000,2821.2000,2821.0000,2822.6000,2822.8000,2823.0000,2823.6000,2824.0000,9,2,1,1,1,4,7,5,1,1
SF,IH2006,2020-05-08 09:31:36.500,2822.6000,22115,0,277912980.000,0,-,-,-,-,2822.2000,2822.0000,2821.4000,2821.2000,2821.0000,2822.6000,2823.0000,2823.6000,2824.0000,2824.4000,9,4,1,1,1,1,5,1,2,1
SF,IH2006,2020-05-08 09:31:37.000,2823.0000,22110,-5,282994020.000,6,0,6,多平,S,2823.2000,2822.2000,2822.0000,2821.4000,2821.2000,2823.6000,2824.0000,2824.4000,2824.6000,2825.0000,3,8,4,1,1,1,3,1,3,2
SF,IH2006,2020-05-08 09:31:37.500,2823.2000,22107,-3,285534900.000,3,0,3,双平,S,2822.2000,2822.0000,2821.4000,2821.2000,2821.0000,2822.6000,2823.0000,2823.2000,2823.4000,2823.6000,8,4,1,1,1,1,16,6,7,1
SF,IH2006,2020-05-08 09:31:38.000,2822.0000,22102,-5,296541180.000,13,4,9,多平,S,2821.4000,2820.4000,2820.0000,2819.4000,2819.2000,2822.0000,2822.2000,2822.4000,2822.6000,2823.2000,1,1,8,1,1,2,2,3,1,5
SF,IH2006,2020-05-08 09:31:38.500,2822.2000,22106,4,302467560.000,7,5,2,空开,S,2821.6000,2821.4000,2820.4000,2820.2000,2820.0000,2823.2000,2823.4000,2823.6000,2824.0000,2824.4000,2,1,1,1,8,1,3,1,3,1
SF,IH2006,2020-05-08 09:31:39.000,2822.2000,22106,0,302467560.000,0,-,-,-,-,2821.6000,2821.4000,2820.4000,2820.2000,2820.0000,2823.0000,2823.2000,2823.4000,2823.6000,2824.0000,2,2,1,1,8,6,1,3,1,3
SF,IH2006,2020-05-08 09:31:39.500,2822.2000,22106,0,302467560.000,0,-,-,-,-,2821.6000,2821.4000,2820.4000,2820.2000,2820.0000,2822.8000,2823.0000,2823.2000,2823.4000,2823.6000,2,2,1,1,8,1,6,1,2,1
SF,IH2006,2020-05-08 09:31:40.000,2822.2000,22106,0,302467560.000,0,-,-,-,-,2821.6000,2821.4000,2820.4000,2820.2000,2820.0000,2822.6000,2822.8000,2823.2000,2823.4000,2823.6000,2,2,1,1,8,5,1,1,2,1
SF,IH2006,2020-05-08 09:31:40.500,2822.2000,22106,0,302467560.000,0,-,-,-,-,2821.6000,2821.4000,2820.4000,2820.2000,2820.0000,2822.2000,2822.8000,2823.2000,2823.4000,2823.6000,2,2,1,1,8,1,1,1,1,1
SF,IH2006,2020-05-08 09:31:41.000,2822.2000,22106,0,303314220.000,1,0,1,多换,S,2821.8000,2821.6000,2821.4000,2820.4000,2820.2000,2822.8000,2823.2000,2823.4000,2823.6000,2824.0000,1,2,3,1,1,1,1,1,1,3
SF,IH2006,2020-05-08 09:31:41.500,2822.0000,22107,1,304160820.000,1,1,0,双开,S,2821.8000,2821.6000,2821.4000,2820.4000,2820.2000,2822.6000,2822.8000,2823.2000,2823.4000,2823.6000,1,3,3,1,1,1,1,1,1,1
SF,IH2006,2020-05-08 09:31:42.000,2822.6000,22107,0,305007600.000,1,0,1,多换,S,2821.6000,2821.4000,2820.4000,2820.2000,2820.0000,2822.6000,2822.8000,2823.2000,2823.4000,2823.6000,3,3,1,1,8,1,1,1,1,1
SF,IH2006,2020-05-08 09:31:43.500,2822.6000,22107,0,305007600.000,0,-,-,-,-,2821.6000,2821.4000,2820.4000,2820.2000,2820.0000,2822.6000,2823.2000,2823.4000,2823.6000,2824.0000,3,3,1,1,8,1,3,1,1,3
SF,IH2006,2020-05-08 09:31:44.000,2821.8000,22107,0,305854140.000,1,0,1,多换,S,2821.8000,2821.6000,2821.4000,2820.4000,2820.2000,2822.4000,2822.6000,2823.2000,2823.4000,2823.6000,1,3,4,1,1,1,1,3,1,1
SF,IH2006,2020-05-08 09:31:44.500,2821.8000,22107,0,305854140.000,0,-,-,-,-,2821.8000,2821.6000,2821.4000,2820.4000,2820.2000,2822.4000,2822.6000,2823.2000,2823.4000,2823.6000,1,3,4,1,1,1,1,3,1,1
SF,IH2006,2020-05-08 09:31:45.000,2822.4000,22107,0,306700860.000,1,0,1,多换,S,2822.6000,2822.4000,2821.8000,2821.6000,2821.4000,2823.2000,2823.4000,2823.6000,2824.0000,2824.4000,1,1,1,3,4,3,1,1,3,1
SF,IH2006,2020-05-08 09:31:45.500,2822.4000,22107,0,306700860.000,0,-,-,-,-,2822.8000,2822.4000,2822.0000,2821.8000,2821.6000,2823.2000,2823.4000,2823.6000,2824.0000,2824.4000,2,1,1,1,3,3,1,1,3,1
SF,IH2006,2020-05-08 09:31:46.000,2822.8000,22105,-2,308394540.000,2,0,2,双平,S,2822.6000,2822.4000,2822.0000,2821.8000,2821.6000,2822.8000,2823.0000,2823.2000,2823.4000,2823.6000,1,1,1,1,3,1,1,3,1,1
SF,IH2006,2020-05-08 09:31:46.500,2823.0000,22102,-3,310935060.000,3,0,3,双平,S,2822.4000,2822.0000,2821.8000,2821.6000,2821.4000,2822.6000,2823.2000,2823.4000,2823.6000,2824.0000,1,1,1,1,4,1,3,1,1,3
SF,IH2006,2020-05-08 09:31:47.000,2822.6000,22101,-1,311781840.000,1,0,1,双平,S,2822.6000,2822.4000,2822.0000,2821.8000,2821.6000,2823.0000,2823.2000,2823.4000,2823.6000,2824.0000,1,4,1,1,1,3,3,1,1,3
SF,IH2006,2020-05-08 09:31:47.500,2822.6000,22101,0,311781840.000,0,-,-,-,-,2822.8000,2822.6000,2822.4000,2822.0000,2821.8000,2823.0000,2823.2000,2823.4000,2823.6000,2824.0000,2,2,4,1,1,3,3,1,1,3
SF,IH2006,2020-05-08 09:31:48.000,2822.8000,22099,-2,314322480.000,3,0,3,多平,S,2822.8000,2822.6000,2822.4000,2822.0000,2821.8000,2823.0000,2823.2000,2823.4000,2823.6000,2824.0000,1,2,4,1,1,1,3,1,1,3
SF,IH2006,2020-05-08 09:31:48.500,2822.8000,22098,-1,316016220.000,2,0,2,多平,S,2822.8000,2822.6000,2822.4000,2822.0000,2821.8000,2823.2000,2823.4000,2823.6000,2824.0000,2824.4000,1,2,4,2,1,3,1,1,3,1
SF,IH2006,2020-05-08 09:31:49.000,2822.8000,22097,-1,316863060.000,1,0,1,双平,S,2822.6000,2822.4000,2822.0000,2821.8000,2821.6000,2822.8000,2823.0000,2823.2000,2823.4000,2823.6000,2,4,2,1,1,1,1,3,1,1
SF,IH2006,2020-05-08 09:31:49.500,2822.8000,22098,1,318556680.000,2,1,1,空开,S,2822.4000,2822.0000,2821.8000,2821.6000,2821.4000,2823.0000,2823.2000,2823.4000,2823.6000,2824.0000,4,2,1,1,2,1,3,1,1,3
SF,IH2006,2020-05-08 09:31:50.000,2822.8000,22098,0,318556680.000,0,-,-,-,-,2822.4000,2822.0000,2821.6000,2821.4000,2821.0000,2823.0000,2823.2000,2823.4000,2823.6000,2824.0000,4,2,1,2,1,1,3,1,1,3
SF,IH2006,2020-05-08 09:31:50.500,2822.6000,22096,-2,320250240.000,2,0,2,双平,S,2822.4000,2822.0000,2821.6000,2821.4000,2821.0000,2823.0000,2823.2000,2823.4000,2823.6000,2824.0000,4,2,1,2,1,1,3,1,1,3
SF,IH2006,2020-05-08 09:31:51.000,2822.6000,22096,0,320250240.000,0,-,-,-,-,2822.4000,2822.0000,2821.6000,2821.4000,2821.0000,2823.0000,2823.2000,2823.4000,2823.6000,2824.0000,4,1,1,1,1,1,3,1,1,3
SF,IH2006,2020-05-08 09:31:51.500,2822.6000,22096,0,320250240.000,0,-,-,-,-,2822.4000,2822.0000,2821.6000,2821.4000,2821.0000,2822.8000,2823.0000,2823.2000,2823.4000,2823.6000,5,1,1,1,1,1,1,3,1,1
SF,IH2006,2020-05-08 09:31:52.000,2822.6000,22096,0,320250240.000,0,-,-,-,-,2822.6000,2822.4000,2822.0000,2821.6000,2821.4000,2822.8000,2823.0000,2823.2000,2823.4000,2823.6000,1,4,1,1,1,1,2,3,1,1
SF,IH2006,2020-05-08 09:31:52.500,2822.4000,22092,-4,324483900.000,5,0,5,多平,S,2822.6000,2822.4000,2822.0000,2821.6000,2821.4000,2822.8000,2823.0000,2823.2000,2823.4000,2823.6000,2,1,1,1,1,1,4,3,1,1
SF,IH2006,2020-05-08 09:31:53.000,2822.6000,22090,-2,326177460.000,2,0,2,双平,S,2822.4000,2822.0000,2821.6000,2821.4000,2821.0000,2822.6000,2822.8000,2823.0000,2823.2000,2823.4000,1,1,1,1,1,2,1,4,3,1
SF,IH2006,2020-05-08 09:31:53.500,2822.4000,22090,0,327024180.000,1,0,1,多换,S,2822.0000,2821.6000,2821.4000,2821.0000,2820.6000,2822.6000,2822.8000,2823.0000,2823.2000,2823.4000,1,1,1,1,1,1,2,4,3,1
SF,IH2006,2020-05-08 09:31:54.000,2822.4000,22090,0,327024180.000,0,-,-,-,-,2821.6000,2821.4000,2821.0000,2820.6000,2820.2000,2822.6000,2822.8000,2823.0000,2823.2000,2823.4000,1,1,1,1,2,1,2,4,3,1
SF,IH2006,2020-05-08 09:31:54.500,2822.4000,22090,0,327024180.000,0,-,-,-,-,2821.6000,2821.4000,2821.0000,2820.6000,2820.2000,2822.4000,2822.6000,2822.8000,2823.0000,2823.2000,4,1,1,1,2,3,1,1,4,3
SF,IH2006,2020-05-08 09:31:55.000,2822.4000,22091,1,327870900.000,1,1,0,双开,S,2821.6000,2821.4000,2821.0000,2820.6000,2820.2000,2822.4000,2822.6000,2822.8000,2823.0000,2823.2000,4,1,1,1,2,2,1,1,4,3
SF,IH2006,2020-05-08 09:31:56.000,2822.6000,22088,-3,330411120.000,3,0,3,双平,S,2822.6000,2821.6000,2821.4000,2821.0000,2820.6000,2822.8000,2823.0000,2823.2000,2823.6000,2824.0000,7,4,1,1,1,1,4,3,1,3
SF,IH2006,2020-05-08 09:31:56.500,2821.6000,22082,-6,337185060.000,8,1,7,多平,S,2821.6000,2821.4000,2821.0000,2820.6000,2820.2000,2822.8000,2823.0000,2823.2000,2823.6000,2824.0000,3,1,1,1,1,1,4,3,1,3
SF,IH2006,2020-05-08 09:31:57.000,2821.6000,22082,0,337185060.000,0,-,-,-,-,2821.8000,2821.6000,2821.4000,2821.0000,2820.6000,2822.6000,2822.8000,2823.0000,2823.2000,2823.6000,1,3,1,1,1,1,1,4,3,1
SF,IH2006,2020-05-08 09:31:57.500,2821.6000,22082,0,337185060.000,0,-,-,-,-,2821.8000,2821.6000,2821.4000,2821.0000,2820.6000,2822.8000,2823.0000,2823.2000,2823.6000,2824.0000,3,3,1,1,1,1,4,3,1,3
SF,IH2006,2020-05-08 09:31:58.000,2821.6000,22082,0,337185060.000,0,-,-,-,-,2821.8000,2821.6000,2821.4000,2821.2000,2821.0000,2822.8000,2823.0000,2823.2000,2823.6000,2824.0000,2,3,1,1,1,1,4,3,1,3
SF,IH2006,2020-05-08 09:32:00.500,2821.6000,22082,0,337185060.000,0,-,-,-,-,2821.8000,2821.6000,2821.4000,2821.2000,2821.0000,2822.8000,2823.0000,2823.2000,2823.6000,2824.0000,2,3,1,1,1,1,4,9,1,2
SF,IH2006,2020-05-08 09:32:01.000,2821.6000,22082,0,337185060.000,0,-,-,-,-,2822.0000,2821.8000,2821.4000,2821.2000,2821.0000,2822.6000,2822.8000,2823.0000,2823.2000,2823.6000,2,2,1,1,1,2,1,4,3,1
SF,IH2006,2020-05-08 09:32:01.500,2821.6000,22082,0,337185060.000,0,-,-,-,-,2822.0000,2821.8000,2821.4000,2821.2000,2821.0000,2822.6000,2822.8000,2823.0000,2823.2000,2823.6000,6,2,1,1,1,2,1,4,3,1
SF,IH2006,2020-05-08 09:32:02.000,2821.6000,22082,0,337185060.000,0,-,-,-,-,2822.0000,2821.8000,2821.4000,2821.2000,2821.0000,2822.6000,2822.8000,2823.0000,2823.2000,2823.6000,6,2,1,1,1,2,1,4,9,1
SF,IH2006,2020-05-08 09:32:02.500,2821.6000,22081,-1,338031540.000,1,0,1,双平,S,2822.2000,2822.0000,2821.8000,2821.4000,2821.2000,2822.6000,2822.8000,2823.0000,2823.2000,2823.6000,1,4,1,1,1,3,1,4,9,1
SF,IH2006,2020-05-08 09:32:03.000,2822.2000,22081,0,339724860.000,2,1,1,多换,S,2822.2000,2822.0000,2821.8000,2821.4000,2821.2000,2822.6000,2822.8000,2823.0000,2823.2000,2823.6000,1,4,1,1,1,3,1,4,9,1
SF,IH2006,2020-05-08 09:32:03.500,2822.2000,22081,0,339724860.000,0,-,-,-,-,2822.2000,2822.0000,2821.8000,2821.4000,2821.2000,2822.6000,2822.8000,2823.0000,2823.2000,2823.6000,1,4,1,1,1,3,1,4,3,1
SF,IH2006,2020-05-08 09:32:04.000,2822.2000,22081,0,339724860.000,0,-,-,-,-,2822.4000,2822.2000,2822.0000,2821.8000,2821.4000,2822.6000,2822.8000,2823.0000,2823.2000,2823.6000,1,1,3,1,2,2,1,4,3,1
SF,IH2006,2020-05-08 09:32:04.500,2822.2000,22080,-1,340571520.000,1,0,1,双平,S,2822.2000,2822.0000,2821.8000,2821.4000,2821.2000,2822.6000,2822.8000,2823.0000,2823.2000,2823.6000,1,3,1,2,1,2,1,4,3,5
SF,IH2006,2020-05-08 09:32:05.000,2822.2000,22080,0,340571520.000,0,-,-,-,-,2822.2000,2822.0000,2821.8000,2821.4000,2821.2000,2822.6000,2822.8000,2823.0000,2823.2000,2823.6000,1,3,1,2,1,2,1,4,3,5
SF,IH2006,2020-05-08 09:32:05.500,2822.2000,22080,0,340571520.000,0,-,-,-,-,2822.4000,2822.2000,2822.0000,2821.8000,2821.4000,2822.6000,2822.8000,2823.0000,2823.2000,2823.6000,2,1,3,1,2,2,1,4,3,5
SF,IH2006,2020-05-08 09:32:06.000,2822.6000,22079,-1,342265080.000,2,0,2,多平,S,2822.2000,2822.0000,2821.8000,2821.4000,2821.2000,2822.8000,2823.0000,2823.2000,2823.6000,2824.0000,1,3,1,2,1,1,4,3,5,2
SF,IH2006,2020-05-08 09:32:06.500,2822.6000,22079,0,342265080.000,0,-,-,-,-,2822.2000,2821.8000,2821.4000,2821.2000,2821.0000,2822.8000,2823.0000,2823.2000,2823.4000,2823.6000,1,1,2,1,1,1,4,3,2,5
SF,IH2006,2020-05-08 09:32:07.000,2822.2000,22078,-1,343111740.000,1,0,1,双平,S,2822.2000,2821.8000,2821.4000,2821.2000,2821.0000,2822.8000,2823.0000,2823.2000,2823.4000,2823.6000,4,1,2,1,1,1,4,3,2,5
SF,IH2006,2020-05-08 09:32:07.500,2822.2000,22078,0,343111740.000,0,-,-,-,-,2822.4000,2822.2000,2821.8000,2821.4000,2821.2000,2822.8000,2823.0000,2823.2000,2823.4000,2823.6000,1,4,1,2,1,1,4,3,2,5
SF,IH2006,2020-05-08 09:32:08.000,2822.8000,22079,1,343958580.000,1,1,0,双开,S,2822.4000,2822.2000,2821.8000,2821.4000,2821.2000,2823.0000,2823.2000,2823.4000,2823.6000,2824.0000,1,4,1,2,1,4,3,2,5,2
SF,IH2006,2020-05-08 09:32:08.500,2822.4000,22078,-1,344805300.000,1,0,1,双平,S,2822.2000,2821.8000,2821.4000,2821.2000,2821.0000,2823.0000,2823.2000,2823.4000,2823.6000,2824.0000,4,1,2,1,1,4,3,2,5,2
SF,IH2006,2020-05-08 09:32:09.000,2822.2000,22077,-1,345651960.000,1,0,1,双平,S,2822.2000,2821.8000,2821.4000,2821.2000,2821.0000,2823.0000,2823.2000,2823.4000,2823.6000,2824.0000,3,1,2,1,1,4,3,2,5,2
SF,IH2006,2020-05-08 09:32:09.500,2822.2000,22077,0,345651960.000,0,-,-,-,-,2822.2000,2821.8000,2821.4000,2821.2000,2821.0000,2822.8000,2823.0000,2823.2000,2823.4000,2823.6000,3,1,2,1,1,4,4,3,2,5
SF,IH2006,2020-05-08 09:32:10.000,2822.2000,22078,1,348191940.000,3,2,1,空开,S,2822.6000,2821.8000,2821.4000,2821.2000,2821.0000,2822.8000,2823.0000,2823.2000,2823.4000,2823.6000,1,1,2,1,1,4,4,3,2,5
SF,IH2006,2020-05-08 09:32:10.500,2822.6000,22079,1,349038720.000,1,1,0,双开,S,2821.8000,2821.4000,2821.2000,2821.0000,2820.6000,2822.6000,2822.8000,2823.0000,2823.2000,2823.4000,1,2,1,1,1,1,4,4,3,2
SF,IH2006,2020-05-08 09:32:11.000,2822.6000,22079,0,349038720.000,0,-,-,-,-,2821.8000,2821.4000,2821.2000,2821.0000,2820.6000,2822.4000,2822.6000,2823.0000,2823.2000,2823.4000,1,2,1,1,1,1,1,4,3,2
SF,IH2006,2020-05-08 09:32:11.500,2822.6000,22079,0,349038720.000,0,-,-,-,-,2821.8000,2821.4000,2821.2000,2821.0000,2820.6000,2822.4000,2822.6000,2823.0000,2823.2000,2823.4000,1,2,1,1,1,1,1,4,4,2
SF,IH2006,2020-05-08 09:32:12.500,2822.6000,22079,0,349038720.000,0,-,-,-,-,2821.8000,2821.4000,2821.2000,2821.0000,2820.6000,2822.4000,2822.6000,2823.0000,2823.2000,2823.4000,1,2,1,1,1,1,1,4,4,2
SF,IH2006,2020-05-08 09:32:13.000,2822.6000,22079,0,349038720.000,0,-,-,-,-,2821.8000,2821.4000,2821.2000,2821.0000,2820.6000,2822.6000,2823.0000,2823.2000,2823.4000,2823.6000,1,2,2,1,1,1,4,4,2,5
SF,IH2006,2020-05-08 09:32:13.500,2822.6000,22079,0,349885500.000,1,0,1,多换,S,2822.6000,2821.8000,2821.4000,2821.2000,2821.0000,2823.0000,2823.2000,2823.4000,2823.6000,2824.0000,4,1,2,2,1,4,4,2,5,2
SF,IH2006,2020-05-08 09:32:14.000,2822.6000,22079,0,349885500.000,0,-,-,-,-,2822.6000,2821.8000,2821.4000,2821.2000,2821.0000,2822.8000,2823.0000,2823.2000,2823.4000,2823.6000,5,1,2,2,1,6,4,4,2,5
SF,IH2006,2020-05-08 09:32:14.500,2822.6000,22080,1,351579060.000,2,1,1,空开,S,2822.6000,2821.8000,2821.4000,2821.2000,2821.0000,2822.8000,2823.0000,2823.2000,2823.4000,2823.6000,3,1,2,2,1,6,4,4,2,5
SF,IH2006,2020-05-08 09:32:15.000,2822.6000,22080,0,352425840.000,1,0,1,多换,S,2822.6000,2821.8000,2821.4000,2821.2000,2821.0000,2822.8000,2823.0000,2823.2000,2823.4000,2823.6000,2,1,2,2,1,6,4,4,2,5
SF,IH2006,2020-05-08 09:32:16.000,2822.6000,22080,0,352425840.000,0,-,-,-,-,2822.6000,2821.8000,2821.4000,2821.2000,2821.0000,2822.8000,2823.0000,2823.2000,2823.4000,2823.6000,2,1,2,2,1,3,4,3,2,5
SF,IH2006,2020-05-08 09:32:16.500,2822.6000,22080,0,352425840.000,0,-,-,-,-,2822.6000,2821.8000,2821.4000,2821.2000,2821.0000,2822.8000,2823.0000,2823.2000,2823.4000,2823.6000,2,1,2,2,1,5,4,3,2,5
SF,IH2006,2020-05-08 09:32:18.500,2822.6000,22080,0,352425840.000,0,-,-,-,-,2822.6000,2821.8000,2821.4000,2821.2000,2821.0000,2822.8000,2823.0000,2823.2000,2823.4000,2823.6000,2,1,2,2,1,5,4,3,2,5
SF,IH2006,2020-05-08 09:32:19.000,2822.6000,22080,0,352425840.000,0,-,-,-,-,2822.6000,2821.8000,2821.4000,2821.2000,2821.0000,2822.8000,2823.0000,2823.2000,2823.4000,2823.6000,2,1,2,2,1,4,4,3,2,5
SF,IH2006,2020-05-08 09:32:19.500,2822.6000,22080,0,352425840.000,0,-,-,-,-,2822.6000,2821.8000,2821.4000,2821.2000,2821.0000,2822.8000,2823.0000,2823.2000,2823.4000,2823.6000,2,1,2,2,1,5,4,3,2,5
SF,IH2006,2020-05-08 09:32:20.500,2822.6000,22080,0,354119400.000,2,1,1,多换,S,2821.8000,2821.4000,2821.2000,2821.0000,2820.6000,2822.6000,2822.8000,2823.0000,2823.2000,2823.4000,1,2,2,1,2,1,5,4,3,2
SF,IH2006,2020-05-08 09:32:21.000,2822.6000,22080,0,354119400.000,0,-,-,-,-,2821.8000,2821.4000,2821.2000,2821.0000,2820.6000,2822.6000,2822.8000,2823.0000,2823.2000,2823.4000,1,2,3,1,2,1,5,4,3,2
SF,IH2006,2020-05-08 09:32:21.500,2822.6000,22080,0,354119400.000,0,-,-,-,-,2821.8000,2821.4000,2821.2000,2821.0000,2820.6000,2822.6000,2822.8000,2823.0000,2823.2000,2823.4000,1,2,3,1,2,1,5,4,3,2
SF,IH2006,2020-05-08 09:32:22.000,2821.8000,22079,-1,354965940.000,1,0,1,双平,S,2821.4000,2821.2000,2821.0000,2820.6000,2820.2000,2821.8000,2822.6000,2822.8000,2823.0000,2823.2000,2,3,1,2,3,1,1,5,4,3
SF,IH2006,2020-05-08 09:32:22.500,2821.8000,22079,0,355812480.000,1,0,1,多换,S,2821.8000,2821.4000,2821.2000,2821.0000,2820.6000,2822.4000,2822.6000,2822.8000,2823.0000,2823.2000,3,2,3,1,2,1,1,4,4,3
SF,IH2006,2020-05-08 09:32:23.000,2822.4000,22079,0,356659200.000,1,0,1,多换,S,2822.4000,2821.8000,2821.4000,2821.2000,2821.0000,2822.6000,2822.8000,2823.0000,2823.2000,2823.4000,2,3,2,3,1,1,4,5,3,2
SF,IH2006,2020-05-08 09:32:23.500,2822.4000,22079,0,358352640.000,2,1,1,多换,S,2821.8000,2821.4000,2821.2000,2821.0000,2820.6000,2822.4000,2822.6000,2822.8000,2823.0000,2823.2000,3,2,3,1,2,1,1,4,5,3
SF,IH2006,2020-05-08 09:32:24.000,2822.4000,22079,0,358352640.000,0,-,-,-,-,2821.8000,2821.4000,2821.2000,2821.0000,2820.6000,2822.6000,2822.8000,2823.0000,2823.2000,2823.4000,3,2,3,1,2,1,4,5,3,2
SF,IH2006,2020-05-08 09:32:25.500,2822.4000,22079,0,358352640.000,0,-,-,-,-,2821.8000,2821.4000,2821.2000,2821.0000,2820.6000,2822.4000,2822.6000,2822.8000,2823.0000,2823.2000,3,2,3,1,2,1,1,4,5,3
SF,IH2006,2020-05-08 09:32:26.000,2822.4000,22079,0,358352640.000,0,-,-,-,-,2821.8000,2821.4000,2821.2000,2821.0000,2820.6000,2822.4000,2822.6000,2822.8000,2823.0000,2823.2000,1,2,3,1,2,1,1,4,5,3
SF,IH2006,2020-05-08 09:32:26.500,2822.4000,22079,0,358352640.000,0,-,-,-,-,2821.8000,2821.4000,2821.2000,2821.0000,2820.6000,2822.4000,2822.6000,2822.8000,2823.0000,2823.2000,1,2,3,1,2,1,1,4,5,3
SF,IH2006,2020-05-08 09:32:27.000,2822.4000,22079,0,358352640.000,0,-,-,-,-,2821.8000,2821.4000,2821.2000,2821.0000,2820.6000,2822.6000,2822.8000,2823.0000,2823.2000,2823.4000,1,2,3,1,2,1,4,5,3,2
SF,IH2006,2020-05-08 09:32:29.500,2822.4000,22079,0,358352640.000,0,-,-,-,-,2821.8000,2821.4000,2821.2000,2821.0000,2820.6000,2822.6000,2822.8000,2823.0000,2823.2000,2823.4000,1,2,3,1,2,1,4,5,3,2
SF,IH2006,2020-05-08 09:32:30.000,2821.8000,22078,-1,359199180.000,1,0,1,双平,S,2821.4000,2821.2000,2821.0000,2820.6000,2820.2000,2822.6000,2822.8000,2823.0000,2823.2000,2823.4000,2,3,1,2,3,1,4,5,3,2
SF,IH2006,2020-05-08 09:32:30.500,2821.8000,22078,0,359199180.000,0,-,-,-,-,2821.6000,2821.4000,2821.2000,2821.0000,2820.6000,2822.6000,2822.8000,2823.0000,2823.2000,2823.4000,6,2,3,1,2,1,4,5,3,2
SF,IH2006,2020-05-08 09:32:31.000,2821.8000,22078,0,359199180.000,0,-,-,-,-,2821.8000,2821.6000,2821.4000,2821.2000,2821.0000,2822.6000,2822.8000,2823.0000,2823.2000,2823.4000,1,5,2,3,1,1,4,5,3,2
SF,IH2006,2020-05-08 09:32:31.500,2821.8000,22078,0,359199180.000,0,-,-,-,-,2822.0000,2821.6000,2821.4000,2821.2000,2821.0000,2822.6000,2822.8000,2823.0000,2823.2000,2823.4000,1,4,2,3,1,1,4,5,3,2
SF,IH2006,2020-05-08 09:32:32.000,2821.8000,22078,0,359199180.000,0,-,-,-,-,2822.0000,2821.6000,2821.4000,2821.2000,2821.0000,2822.6000,2822.8000,2823.0000,2823.2000,2823.4000,2,4,2,3,1,1,4,5,3,2
SF,IH2006,2020-05-08 09:32:32.500,2821.8000,22078,0,359199180.000,0,-,-,-,-,2822.0000,2821.6000,2821.4000,2821.2000,2821.0000,2822.6000,2822.8000,2823.0000,2823.2000,2823.4000,1,4,2,3,1,1,4,4,3,2
SF,IH2006,2020-05-08 09:32:33.500,2821.8000,22078,0,359199180.000,0,-,-,-,-,2822.0000,2821.6000,2821.4000,2821.2000,2821.0000,2822.6000,2822.8000,2823.0000,2823.2000,2823.4000,1,3,2,3,1,1,4,4,3,2
SF,IH2006,2020-05-08 09:32:34.000,2822.0000,22077,-1,360045780.000,1,0,1,双平,S,2821.6000,2821.4000,2821.2000,2821.0000,2820.6000,2822.0000,2822.6000,2822.8000,2823.0000,2823.2000,3,2,3,1,2,4,1,4,4,3
SF,IH2006,2020-05-08 09:32:34.500,2822.0000,22074,-3,362585580.000,3,0,3,双平,S,2821.6000,2821.4000,2821.2000,2821.0000,2820.6000,2822.0000,2822.6000,2822.8000,2823.0000,2823.2000,2,2,3,1,2,1,1,4,4,3
SF,IH2006,2020-05-08 09:32:35.000,2822.0000,22073,-1,363432180.000,1,0,1,双平,S,2821.6000,2821.4000,2821.2000,2821.0000,2820.6000,2822.6000,2822.8000,2823.0000,2823.2000,2823.4000,2,2,3,1,2,1,4,4,3,2
SF,IH2006,2020-05-08 09:32:35.500,2822.0000,22073,0,363432180.000,0,-,-,-,-,2821.6000,2821.4000,2821.2000,2821.0000,2820.6000,2822.6000,2822.8000,2823.0000,2823.2000,2823.4000,2,2,3,1,2,1,4,4,3,2
SF,IH2006,2020-05-08 09:32:36.000,2822.0000,22073,0,363432180.000,0,-,-,-,-,2821.8000,2821.6000,2821.4000,2821.2000,2821.0000,2822.6000,2822.8000,2823.0000,2823.2000,2823.4000,1,2,2,3,1,1,4,4,3,2
SF,IH2006,2020-05-08 09:32:37.000,2822.0000,22073,0,363432180.000,0,-,-,-,-,2821.8000,2821.6000,2821.4000,2821.2000,2821.0000,2822.4000,2822.6000,2822.8000,2823.0000,2823.2000,1,2,2,3,1,2,1,4,4,3
SF,IH2006,2020-05-08 09:32:37.500,2822.0000,22073,0,363432180.000,0,-,-,-,-,2821.8000,2821.6000,2821.4000,2821.2000,2821.0000,2822.4000,2822.6000,2822.8000,2823.0000,2823.2000,1,2,2,3,1,2,1,4,4,3
SF,IH2006,2020-05-08 09:32:38.500,2822.0000,22073,0,363432180.000,0,-,-,-,-,2821.8000,2821.6000,2821.4000,2821.2000,2821.0000,2822.4000,2822.6000,2822.8000,2823.0000,2823.2000,1,2,2,3,1,1,1,4,4,1
SF,IH2006,2020-05-08 09:32:39.000,2822.0000,22073,0,364278780.000,1,0,1,多换,S,2821.8000,2821.6000,2821.4000,2821.2000,2821.0000,2822.4000,2822.6000,2822.8000,2823.0000,2823.2000,1,2,2,3,1,1,1,4,4,1
SF,IH2006,2020-05-08 09:32:39.500,2822.4000,22073,0,365125500.000,1,0,1,多换,S,2822.4000,2821.8000,2821.6000,2821.4000,2821.2000,2822.6000,2822.8000,2823.0000,2823.2000,2823.4000,1,1,2,2,3,1,4,4,1,2
SF,IH2006,2020-05-08 09:32:40.000,2822.6000,22072,-1,366819000.000,2,0,2,多平,S,2822.6000,2821.8000,2821.6000,2821.4000,2821.2000,2822.8000,2823.0000,2823.2000,2823.6000,2824.0000,3,1,2,2,3,2,4,1,1,3
SF,IH2006,2020-05-08 09:32:40.500,2822.8000,22070,-2,368512680.000,2,0,2,双平,S,2822.8000,2822.6000,2821.8000,2821.6000,2821.4000,2823.0000,2823.2000,2823.6000,2824.0000,2824.6000,5,4,1,2,2,4,1,1,3,2
SF,IH2006,2020-05-08 09:32:41.000,2822.8000,22065,-5,374440860.000,7,1,6,多平,S,2822.6000,2821.8000,2821.6000,2821.4000,2821.2000,2823.2000,2823.6000,2824.0000,2824.6000,2824.8000,3,1,2,2,3,1,1,3,2,1
SF,IH2006,2020-05-08 09:32:41.500,2822.8000,22065,0,374440860.000,0,-,-,-,-,2822.6000,2821.8000,2821.6000,2821.4000,2821.2000,2823.2000,2823.6000,2823.8000,2824.0000,2824.6000,3,1,2,2,3,1,3,4,3,2
SF,IH2006,2020-05-08 09:32:42.000,2822.8000,22065,0,374440860.000,0,-,-,-,-,2821.8000,2821.6000,2821.4000,2821.2000,2821.0000,2823.2000,2823.6000,2823.8000,2824.0000,2824.6000,1,2,2,3,1,1,1,6,3,2
SF,IH2006,2020-05-08 09:32:42.500,2822.8000,22065,0,374440860.000,0,-,-,-,-,2822.0000,2821.8000,2821.4000,2821.2000,2821.0000,2823.0000,2823.2000,2823.6000,2823.8000,2824.0000,6,1,2,3,1,3,1,1,6,3
SF,IH2006,2020-05-08 09:32:43.000,2822.8000,22065,0,374440860.000,0,-,-,-,-,2822.0000,2821.8000,2821.4000,2821.2000,2821.0000,2822.8000,2823.0000,2823.2000,2823.6000,2823.8000,4,1,2,3,1,2,1,1,1,6
SF,IH2006,2020-05-08 09:32:43.500,2822.0000,22064,-1,375287460.000,1,0,1,双平,S,2822.0000,2821.8000,2821.4000,2821.2000,2821.0000,2823.0000,2823.2000,2823.6000,2823.8000,2824.0000,3,1,2,3,1,1,6,1,6,3
SF,IH2006,2020-05-08 09:32:44.000,2822.0000,22064,0,375287460.000,0,-,-,-,-,2822.0000,2821.8000,2821.4000,2821.2000,2821.0000,2822.8000,2823.0000,2823.2000,2823.6000,2823.8000,3,1,2,3,1,2,1,6,1,6
SF,IH2006,2020-05-08 09:32:44.500,2822.0000,22064,0,375287460.000,0,-,-,-,-,2822.0000,2821.8000,2821.4000,2821.2000,2821.0000,2822.8000,2823.0000,2823.2000,2823.6000,2823.8000,1,1,2,3,1,2,1,6,1,6
SF,IH2006,2020-05-08 09:32:45.000,2822.0000,22064,0,375287460.000,0,-,-,-,-,2821.8000,2821.4000,2821.2000,2821.0000,2820.6000,2822.8000,2823.0000,2823.2000,2823.6000,2823.8000,1,2,3,1,1,2,1,6,1,6
SF,IH2006,2020-05-08 09:32:45.500,2821.8000,22063,-1,376134000.000,1,0,1,双平,S,2821.4000,2821.2000,2821.0000,2820.6000,2820.2000,2821.8000,2822.6000,2822.8000,2823.2000,2823.6000,2,3,1,1,2,1,2,2,6,1
SF,IH2006,2020-05-08 09:32:46.000,2821.8000,22063,0,376134000.000,0,-,-,-,-,2821.4000,2821.2000,2821.0000,2820.6000,2820.2000,2821.8000,2822.6000,2822.8000,2823.2000,2823.6000,2,3,1,1,2,1,2,1,6,1
SF,IH2006,2020-05-08 09:32:46.500,2821.8000,22063,0,376134000.000,0,-,-,-,-,2821.4000,2821.2000,2821.0000,2820.6000,2820.2000,2821.8000,2822.6000,2822.8000,2823.2000,2823.6000,2,3,1,1,2,1,2,1,6,1
SF,IH2006,2020-05-08 09:32:47.000,2821.8000,22063,0,376980540.000,1,0,1,多换,S,2821.4000,2821.2000,2821.0000,2820.6000,2820.2000,2822.6000,2822.8000,2823.2000,2823.6000,2823.8000,4,3,1,1,2,2,1,6,1,6
SF,IH2006,2020-05-08 09:32:47.500,2821.8000,22063,0,376980540.000,0,-,-,-,-,2821.4000,2821.2000,2821.0000,2820.6000,2820.2000,2822.4000,2822.6000,2822.8000,2823.2000,2823.6000,4,3,1,1,2,1,2,1,6,1
SF,IH2006,2020-05-08 09:32:48.000,2821.8000,22063,0,376980540.000,0,-,-,-,-,2821.4000,2821.2000,2821.0000,2820.6000,2820.2000,2822.4000,2822.6000,2822.8000,2823.2000,2823.6000,4,3,1,1,2,2,2,1,7,1
SF,IH2006,2020-05-08 09:32:48.500,2821.8000,22063,0,376980540.000,0,-,-,-,-,2821.4000,2821.2000,2821.0000,2820.6000,2820.2000,2822.2000,2822.4000,2822.6000,2822.8000,2823.2000,4,3,1,1,2,1,2,1,1,7
SF,IH2006,2020-05-08 09:32:49.000,2821.8000,22063,0,376980540.000,0,-,-,-,-,2821.4000,2821.2000,2821.0000,2820.6000,2820.2000,2822.2000,2822.4000,2822.6000,2822.8000,2823.2000,4,3,1,1,2,1,2,1,1,7
SF,IH2006,2020-05-08 09:32:49.500,2821.8000,22063,0,376980540.000,0,-,-,-,-,2821.4000,2821.2000,2821.0000,2820.6000,2820.2000,2822.2000,2822.4000,2822.6000,2822.8000,2823.0000,4,3,1,1,2,1,1,1,1,1
SF,IH2006,2020-05-08 09:32:50.000,2821.8000,22063,0,376980540.000,0,-,-,-,-,2821.4000,2821.2000,2821.0000,2820.6000,2820.2000,2822.2000,2822.6000,2822.8000,2823.0000,2823.2000,4,3,1,1,2,1,1,1,1,7
SF,IH2006,2020-05-08 09:32:51.000,2822.0000,22062,-1,377827140.000,1,0,1,双平,S,2821.4000,2821.2000,2821.0000,2820.6000,2820.2000,2822.2000,2822.6000,2822.8000,2823.0000,2823.2000,4,3,1,1,2,1,1,1,1,7
SF,IH2006,2020-05-08 09:32:51.500,2822.0000,22062,0,377827140.000,0,-,-,-,-,2821.6000,2821.4000,2821.2000,2821.0000,2820.6000,2822.2000,2822.6000,2822.8000,2823.0000,2823.2000,1,4,3,1,1,1,1,1,1,7
SF,IH2006,2020-05-08 09:32:52.000,2822.2000,22062,0,378673800.000,1,0,1,多换,S,2821.6000,2821.4000,2821.2000,2821.0000,2820.6000,2822.6000,2822.8000,2823.0000,2823.2000,2823.6000,1,4,3,1,1,1,1,1,7,1
SF,IH2006,2020-05-08 09:32:52.500,2822.2000,22062,0,378673800.000,0,-,-,-,-,2821.4000,2821.2000,2821.0000,2820.6000,2820.2000,2822.4000,2822.6000,2822.8000,2823.0000,2823.2000,4,3,1,1,2,1,1,1,1,7
SF,IH2006,2020-05-08 09:32:53.500,2822.2000,22062,0,378673800.000,0,-,-,-,-,2821.4000,2821.2000,2821.0000,2820.6000,2820.2000,2822.4000,2822.6000,2822.8000,2823.0000,2823.2000,4,3,1,1,2,2,2,1,1,7
SF,IH2006,2020-05-08 09:32:54.000,2822.2000,22062,0,378673800.000,0,-,-,-,-,2821.4000,2821.2000,2821.0000,2820.6000,2820.2000,2822.4000,2822.6000,2822.8000,2823.0000,2823.2000,4,3,1,1,2,1,1,1,1,7
SF,IH2006,2020-05-08 09:32:55.000,2822.2000,22062,0,378673800.000,0,-,-,-,-,2821.4000,2821.2000,2821.0000,2820.6000,2820.2000,2822.4000,2822.6000,2822.8000,2823.0000,2823.2000,4,3,1,1,2,1,1,1,1,7
SF,IH2006,2020-05-08 09:32:57.000,2822.4000,22061,-1,379520520.000,1,0,1,双平,S,2822.4000,2821.4000,2821.2000,2821.0000,2820.6000,2822.6000,2822.8000,2823.0000,2823.2000,2823.6000,5,4,3,1,1,1,1,1,7,1
SF,IH2006,2020-05-08 09:32:57.500,2822.4000,22057,-4,384600840.000,6,1,5,多平,S,2821.6000,2821.4000,2821.2000,2821.0000,2820.6000,2821.8000,2822.4000,2822.6000,2822.8000,2823.0000,3,4,3,1,1,1,2,3,1,1
SF,IH2006,2020-05-08 09:32:58.000,2821.6000,22057,0,387986760.000,4,2,2,多换,S,2821.4000,2821.2000,2821.0000,2820.6000,2820.2000,2821.8000,2822.4000,2822.6000,2823.0000,2823.2000,4,3,2,1,2,1,1,1,1,7
SF,IH2006,2020-05-08 09:32:58.500,2821.6000,22057,0,388833240.000,1,0,1,多换,S,2821.4000,2821.2000,2821.0000,2820.6000,2820.2000,2821.6000,2821.8000,2822.4000,2822.6000,2823.0000,4,3,2,1,2,2,1,1,1,1
SF,IH2006,2020-05-08 09:32:59.000,2821.4000,22056,-1,390526080.000,2,0,2,多平,S,2821.4000,2821.2000,2821.0000,2820.6000,2820.2000,2821.6000,2821.8000,2822.6000,2823.0000,2823.2000,2,3,2,1,2,2,2,1,1,7
SF,IH2006,2020-05-08 09:32:59.500,2821.6000,22057,1,391372560.000,1,1,0,双开,S,2821.4000,2821.2000,2821.0000,2820.6000,2820.2000,2821.6000,2821.8000,2822.6000,2823.0000,2823.2000,2,3,2,1,2,1,2,1,1,7
SF,IH2006,2020-05-08 09:33:00.000,2821.4000,22057,0,392218980.000,1,0,1,多换,S,2821.4000,2821.2000,2821.0000,2820.6000,2820.2000,2821.6000,2822.0000,2822.6000,2823.0000,2823.2000,1,3,2,1,2,1,2,1,1,7
SF,IH2006,2020-05-08 09:33:00.500,2821.4000,22057,0,393065400.000,1,0,1,多换,S,2821.6000,2821.2000,2821.0000,2820.6000,2820.2000,2822.0000,2822.6000,2823.0000,2823.2000,2823.6000,3,3,2,1,2,2,1,1,7,1
SF,IH2006,2020-05-08 09:33:01.000,2821.6000,22056,-1,393911880.000,1,0,1,双平,S,2821.6000,2821.2000,2821.0000,2820.6000,2820.2000,2821.8000,2822.0000,2822.6000,2823.0000,2823.2000,2,3,2,1,2,2,2,1,1,7
SF,IH2006,2020-05-08 09:33:01.500,2821.8000,22054,-2,395604960.000,2,0,2,双平,S,2821.8000,2821.6000,2821.2000,2821.0000,2820.6000,2822.0000,2822.6000,2823.0000,2823.2000,2823.6000,1,4,3,2,1,2,1,1,7,1
SF,IH2006,2020-05-08 09:33:02.000,2821.8000,22054,0,395604960.000,0,-,-,-,-,2821.8000,2821.6000,2821.2000,2821.0000,2820.6000,2822.0000,2822.6000,2823.0000,2823.2000,2823.6000,4,2,3,2,1,2,1,1,7,1
SF,IH2006,2020-05-08 09:33:03.000,2821.8000,22054,0,395604960.000,0,-,-,-,-,2821.8000,2821.6000,2821.2000,2821.0000,2820.6000,2822.0000,2822.6000,2823.0000,2823.2000,2823.6000,2,2,3,2,1,2,1,1,7,1
SF,IH2006,2020-05-08 09:33:04.000,2822.0000,22053,-1,397298160.000,2,0,2,多平,S,2821.8000,2821.6000,2821.2000,2821.0000,2820.6000,2822.6000,2823.0000,2823.2000,2823.6000,2823.8000,2,2,3,2,1,1,1,7,1,4
SF,IH2006,2020-05-08 09:33:04.500,2822.0000,22053,0,397298160.000,0,-,-,-,-,2821.8000,2821.6000,2821.2000,2821.0000,2820.6000,2822.2000,2822.6000,2823.0000,2823.2000,2823.6000,2,2,3,2,1,3,1,1,7,1
SF,IH2006,2020-05-08 09:33:05.000,2822.2000,22054,1,399838140.000,3,2,1,空开,S,2822.0000,2821.8000,2821.6000,2821.2000,2821.0000,2822.6000,2823.0000,2823.2000,2823.6000,2823.8000,1,2,2,3,2,1,1,7,1,4
SF,IH2006,2020-05-08 09:33:05.500,2822.2000,22054,0,399838140.000,0,-,-,-,-,2822.0000,2821.8000,2821.6000,2821.2000,2821.0000,2822.6000,2823.0000,2823.2000,2823.6000,2823.8000,2,1,2,3,2,1,1,7,1,4
SF,IH2006,2020-05-08 09:33:06.000,2822.2000,22054,0,399838140.000,0,-,-,-,-,2822.0000,2821.8000,2821.6000,2821.2000,2821.0000,2822.4000,2822.6000,2823.0000,2823.2000,2823.6000,2,1,2,3,2,1,1,2,7,1
SF,IH2006,2020-05-08 09:33:06.500,2822.4000,22054,0,400684860.000,1,0,1,多换,S,2822.2000,2822.0000,2821.6000,2821.2000,2821.0000,2822.6000,2823.0000,2823.2000,2823.6000,2823.8000,1,2,2,3,2,1,2,7,1,4
SF,IH2006,2020-05-08 09:33:07.000,2822.4000,22054,0,400684860.000,0,-,-,-,-,2822.2000,2822.0000,2821.6000,2821.2000,2821.0000,2822.6000,2823.0000,2823.2000,2823.6000,2823.8000,2,1,2,3,2,1,1,7,1,4
SF,IH2006,2020-05-08 09:33:07.500,2822.4000,22054,0,400684860.000,0,-,-,-,-,2822.2000,2822.0000,2821.6000,2821.2000,2821.0000,2822.6000,2823.0000,2823.2000,2823.6000,2823.8000,2,1,2,3,2,1,1,8,1,4
SF,IH2006,2020-05-08 09:33:08.000,2822.4000,22054,0,400684860.000,0,-,-,-,-,2822.2000,2822.0000,2821.6000,2821.2000,2821.0000,2822.6000,2823.0000,2823.2000,2823.6000,2823.8000,2,1,2,3,2,1,1,7,1,4
SF,IH2006,2020-05-08 09:33:08.500,2822.2000,22053,-1,402378180.000,2,0,2,多平,S,2822.4000,2822.0000,2821.6000,2821.2000,2821.0000,2822.6000,2823.0000,2823.2000,2823.4000,2823.6000,1,2,2,3,2,1,1,7,1,1
SF,IH2006,2020-05-08 09:33:09.000,2822.4000,22053,0,403224900.000,1,0,1,多换,S,2822.0000,2821.6000,2821.2000,2821.0000,2820.6000,2822.6000,2823.0000,2823.2000,2823.4000,2823.6000,2,2,3,2,1,1,1,7,1,1
SF,IH2006,2020-05-08 09:33:09.500,2822.6000,22050,-3,405765360.000,3,0,3,双平,S,2822.2000,2822.0000,2821.8000,2821.6000,2821.2000,2823.2000,2823.6000,2823.8000,2824.0000,2824.6000,2,2,1,2,3,7,1,4,2,1
SF,IH2006,2020-05-08 09:33:10.000,2822.6000,22050,0,405765360.000,0,-,-,-,-,2822.4000,2822.2000,2822.0000,2821.8000,2821.6000,2823.2000,2823.6000,2823.8000,2824.0000,2824.6000,3,1,1,1,2,7,1,4,2,1
SF,IH2006,2020-05-08 09:33:10.500,2822.6000,22050,0,405765360.000,0,-,-,-,-,2822.6000,2822.4000,2822.0000,2821.8000,2821.6000,2823.2000,2823.6000,2823.8000,2824.0000,2824.6000,2,2,1,1,2,7,1,4,2,1
SF,IH2006,2020-05-08 09:33:11.000,2822.6000,22050,0,405765360.000,0,-,-,-,-,2822.8000,2822.6000,2822.4000,2822.0000,2821.8000,2823.2000,2823.6000,2823.8000,2824.0000,2824.6000,2,1,1,1,1,7,1,4,2,1
SF,IH2006,2020-05-08 09:33:11.500,2822.6000,22050,0,405765360.000,0,-,-,-,-,2822.8000,2822.6000,2822.0000,2821.8000,2821.6000,2823.2000,2823.6000,2823.8000,2824.0000,2824.6000,2,1,1,1,2,7,1,4,2,1
SF,IH2006,2020-05-08 09:33:12.000,2823.2000,22050,0,406612320.000,1,0,1,多换,S,2822.8000,2822.6000,2822.0000,2821.8000,2821.6000,2823.2000,2823.6000,2823.8000,2824.0000,2824.6000,2,1,1,1,2,6,1,4,2,1
SF,IH2006,2020-05-08 09:33:12.500,2823.2000,22050,0,406612320.000,0,-,-,-,-,2822.8000,2822.6000,2822.0000,2821.8000,2821.6000,2823.2000,2823.6000,2823.8000,2824.0000,2824.6000,2,1,1,1,2,7,1,4,2,1
SF,IH2006,2020-05-08 09:33:13.000,2823.2000,22050,0,406612320.000,0,-,-,-,-,2822.0000,2821.8000,2821.6000,2821.2000,2821.0000,2823.2000,2823.6000,2823.8000,2824.0000,2824.6000,1,1,2,3,2,7,1,4,2,1
SF,IH2006,2020-05-08 09:33:13.500,2823.2000,22050,0,406612320.000,0,-,-,-,-,2822.2000,2822.0000,2821.8000,2821.6000,2821.2000,2823.0000,2823.2000,2823.6000,2823.8000,2824.0000,5,1,1,2,3,1,7,1,4,2
SF,IH2006,2020-05-08 09:33:14.000,2823.2000,22050,0,406612320.000,0,-,-,-,-,2822.4000,2822.2000,2822.0000,2821.8000,2821.6000,2823.2000,2823.6000,2823.8000,2824.0000,2824.6000,1,4,1,1,2,7,1,4,3,1
SF,IH2006,2020-05-08 09:33:14.500,2823.2000,22050,0,406612320.000,0,-,-,-,-,2822.6000,2822.4000,2822.2000,2822.0000,2821.8000,2823.2000,2823.6000,2823.8000,2824.0000,2824.6000,1,1,4,1,1,7,1,4,3,1
SF,IH2006,2020-05-08 09:33:15.000,2822.6000,22049,-1,408305880.000,2,0,2,多平,S,2822.4000,2822.2000,2822.0000,2821.8000,2821.6000,2822.6000,2823.2000,2823.6000,2823.8000,2824.0000,1,3,1,1,2,1,7,1,4,3
SF,IH2006,2020-05-08 09:33:15.500,2822.6000,22049,0,409152660.000,1,0,1,多换,S,2822.4000,2822.2000,2822.0000,2821.8000,2821.6000,2823.2000,2823.6000,2823.8000,2824.0000,2824.6000,1,3,1,1,2,7,1,4,3,1
SF,IH2006,2020-05-08 09:33:16.000,2822.2000,22047,-2,410846040.000,2,0,2,双平,S,2822.2000,2822.0000,2821.8000,2821.6000,2821.2000,2822.4000,2823.0000,2823.2000,2823.6000,2823.8000,1,1,1,2,3,1,2,7,1,4
SF,IH2006,2020-05-08 09:33:16.500,2822.2000,22045,-2,412539360.000,2,0,2,双平,S,2822.0000,2821.8000,2821.6000,2821.2000,2821.0000,2822.4000,2823.0000,2823.2000,2823.6000,2823.8000,1,1,2,3,2,1,2,7,1,4
SF,IH2006,2020-05-08 09:33:17.000,2822.2000,22045,0,412539360.000,0,-,-,-,-,2822.0000,2821.8000,2821.6000,2821.2000,2821.0000,2822.4000,2823.0000,2823.2000,2823.6000,2823.8000,1,2,2,3,2,1,2,7,1,4
SF,IH2006,2020-05-08 09:33:17.500,2823.0000,22045,0,415926480.000,4,2,2,多换,S,2823.0000,2821.8000,2821.6000,2821.2000,2821.0000,2823.2000,2823.6000,2823.8000,2824.0000,2824.6000,2,2,2,3,2,7,1,4,3,1
SF,IH2006,2020-05-08 09:33:18.000,2823.0000,22045,0,417620280.000,2,1,1,多换,S,2821.8000,2821.6000,2821.2000,2821.0000,2820.8000,2822.6000,2822.8000,2823.0000,2823.2000,2823.6000,2,2,3,2,2,3,3,11,7,1
SF,IH2006,2020-05-08 09:33:18.500,2821.8000,22045,0,418466820.000,1,0,1,多换,S,2821.8000,2821.6000,2821.2000,2821.0000,2820.8000,2822.4000,2822.6000,2823.0000,2823.2000,2823.6000,1,2,3,2,2,2,1,2,7,1
SF,IH2006,2020-05-08 09:33:19.000,2821.8000,22045,0,418466820.000,0,-,-,-,-,2822.0000,2821.8000,2821.6000,2821.2000,2821.0000,2822.2000,2823.0000,2823.2000,2823.6000,2823.8000,1,1,2,3,2,1,2,7,1,4
SF,IH2006,2020-05-08 09:33:19.500,2822.2000,22044,-1,419313480.000,1,0,1,双平,S,2822.0000,2821.8000,2821.6000,2821.2000,2821.0000,2823.0000,2823.2000,2823.6000,2823.8000,2824.0000,1,1,2,3,2,2,7,1,4,3
SF,IH2006,2020-05-08 09:33:20.000,2822.2000,22044,0,419313480.000,0,-,-,-,-,2821.8000,2821.6000,2821.2000,2821.0000,2820.8000,2822.8000,2823.0000,2823.2000,2823.6000,2823.8000,1,2,3,2,2,4,2,7,1,4
SF,IH2006,2020-05-08 09:33:20.500,2822.0000,22043,-1,421006920.000,2,0,2,多平,S,2821.8000,2821.6000,2821.2000,2821.0000,2820.8000,2822.8000,2823.0000,2823.2000,2823.6000,2823.8000,1,2,3,2,2,3,1,8,1,4
SF,IH2006,2020-05-08 09:33:21.000,2822.0000,22043,0,421006920.000,0,-,-,-,-,2821.8000,2821.6000,2821.2000,2821.0000,2820.8000,2822.8000,2823.0000,2823.2000,2823.6000,2823.8000,1,2,3,2,2,3,2,8,1,4
SF,IH2006,2020-05-08 09:33:21.500,2822.0000,22043,0,421006920.000,0,-,-,-,-,2821.8000,2821.6000,2821.2000,2821.0000,2820.8000,2822.8000,2823.0000,2823.2000,2823.6000,2823.8000,1,2,3,3,2,4,2,8,1,4
SF,IH2006,2020-05-08 09:33:22.000,2822.0000,22043,0,421006920.000,0,-,-,-,-,2821.8000,2821.6000,2821.2000,2821.0000,2820.8000,2822.8000,2823.0000,2823.2000,2823.6000,2823.8000,1,4,3,3,2,4,2,8,1,4
SF,IH2006,2020-05-08 09:33:24.000,2822.8000,22040,-3,424394280.000,4,0,4,多平,S,2822.8000,2821.8000,2821.6000,2821.2000,2821.0000,2823.0000,2823.2000,2823.6000,2823.8000,2824.0000,2,1,4,3,3,2,8,1,4,3
SF,IH2006,2020-05-08 09:33:24.500,2822.8000,22039,-1,426087960.000,2,0,2,多平,S,2821.8000,2821.6000,2821.4000,2821.2000,2821.0000,2822.8000,2823.0000,2823.2000,2823.6000,2823.8000,1,4,1,3,3,1,2,9,1,4
SF,IH2006,2020-05-08 09:33:25.000,2822.8000,22039,0,426087960.000,0,-,-,-,-,2822.0000,2821.8000,2821.6000,2821.4000,2821.2000,2823.0000,2823.2000,2823.6000,2823.8000,2824.0000,3,1,4,1,3,2,9,1,4,3
SF,IH2006,2020-05-08 09:33:25.500,2822.8000,22039,0,426087960.000,0,-,-,-,-,2822.0000,2821.8000,2821.6000,2821.4000,2821.2000,2823.0000,2823.2000,2823.6000,2823.8000,2824.0000,2,1,4,1,3,2,9,1,4,3
SF,IH2006,2020-05-08 09:33:26.000,2822.8000,22039,0,426087960.000,0,-,-,-,-,2822.0000,2821.8000,2821.6000,2821.4000,2821.2000,2823.0000,2823.2000,2823.6000,2823.8000,2824.0000,1,1,4,1,3,2,9,1,4,3
SF,IH2006,2020-05-08 09:33:26.500,2822.8000,22039,0,426087960.000,0,-,-,-,-,2821.8000,2821.6000,2821.4000,2821.2000,2821.0000,2822.8000,2823.0000,2823.2000,2823.6000,2823.8000,3,4,1,3,3,1,2,9,1,4
SF,IH2006,2020-05-08 09:33:27.000,2822.8000,22039,0,426087960.000,0,-,-,-,-,2822.0000,2821.8000,2821.6000,2821.4000,2821.2000,2822.8000,2823.0000,2823.2000,2823.6000,2823.8000,2,3,4,1,3,1,2,9,1,4
SF,IH2006,2020-05-08 09:33:27.500,2822.8000,22039,0,426087960.000,0,-,-,-,-,2822.2000,2822.0000,2821.8000,2821.6000,2821.4000,2822.8000,2823.0000,2823.2000,2823.6000,2823.8000,1,1,4,4,1,1,2,10,1,4
SF,IH2006,2020-05-08 09:33:28.000,2822.8000,22039,0,426087960.000,0,-,-,-,-,2822.0000,2821.8000,2821.6000,2821.4000,2821.2000,2822.8000,2823.0000,2823.2000,2823.6000,2823.8000,1,4,4,1,3,1,2,10,1,4
SF,IH2006,2020-05-08 09:33:28.500,2822.8000,22039,0,426087960.000,0,-,-,-,-,2822.2000,2822.0000,2821.8000,2821.6000,2821.4000,2822.8000,2823.0000,2823.2000,2823.6000,2823.8000,1,1,4,4,1,1,2,10,1,4
SF,IH2006,2020-05-08 09:33:29.000,2822.8000,22039,0,426087960.000,0,-,-,-,-,2822.2000,2822.0000,2821.8000,2821.6000,2821.4000,2822.8000,2823.0000,2823.2000,2823.6000,2823.8000,1,1,4,4,1,1,2,11,1,4
SF,IH2006,2020-05-08 09:33:29.500,2822.8000,22039,0,426087960.000,0,-,-,-,-,2822.0000,2821.8000,2821.6000,2821.4000,2821.2000,2822.2000,2822.8000,2823.0000,2823.2000,2823.6000,1,4,4,1,3,1,1,2,11,1
SF,IH2006,2020-05-08 09:33:30.000,2822.2000,22038,-1,426934620.000,1,0,1,双平,S,2822.0000,2821.8000,2821.6000,2821.4000,2821.2000,2822.8000,2823.0000,2823.2000,2823.6000,2823.8000,1,5,4,1,3,1,2,11,1,4
SF,IH2006,2020-05-08 09:33:30.500,2822.2000,22038,0,426934620.000,0,-,-,-,-,2821.8000,2821.6000,2821.4000,2821.2000,2821.0000,2822.8000,2823.0000,2823.2000,2823.6000,2823.8000,5,4,1,3,2,1,2,11,1,4
SF,IH2006,2020-05-08 09:33:31.000,2822.2000,22038,0,426934620.000,0,-,-,-,-,2822.0000,2821.8000,2821.6000,2821.4000,2821.2000,2822.8000,2823.0000,2823.2000,2823.6000,2823.8000,2,5,4,1,3,1,2,11,1,4
SF,IH2006,2020-05-08 09:33:32.000,2822.0000,22038,0,427781220.000,1,0,1,多换,S,2822.0000,2821.8000,2821.6000,2821.4000,2821.2000,2822.8000,2823.0000,2823.2000,2823.6000,2823.8000,1,5,4,1,3,1,2,11,1,4
SF,IH2006,2020-05-08 09:33:32.500,2822.0000,22038,0,427781220.000,0,-,-,-,-,2822.2000,2822.0000,2821.8000,2821.6000,2821.4000,2822.8000,2823.0000,2823.2000,2823.6000,2823.8000,1,1,5,4,1,1,2,11,1,4
SF,IH2006,2020-05-08 09:33:33.000,2822.0000,22036,-2,429474420.000,2,0,2,双平,S,2821.8000,2821.6000,2821.4000,2821.2000,2821.0000,2822.0000,2822.8000,2823.0000,2823.2000,2823.6000,5,4,1,3,2,1,1,2,11,1
SF,IH2006,2020-05-08 09:33:33.500,2822.0000,22035,-1,430321020.000,1,0,1,双平,S,2822.0000,2821.8000,2821.6000,2821.4000,2821.2000,2822.8000,2823.0000,2823.2000,2823.6000,2823.8000,5,6,4,1,3,1,2,11,1,4
SF,IH2006,2020-05-08 09:33:34.000,2822.0000,22035,0,430321020.000,0,-,-,-,-,2822.0000,2821.8000,2821.6000,2821.4000,2821.2000,2822.8000,2823.0000,2823.2000,2823.6000,2823.8000,2,6,4,1,3,1,3,11,1,4
SF,IH2006,2020-05-08 09:33:35.000,2822.0000,22035,0,430321020.000,0,-,-,-,-,2822.0000,2821.8000,2821.6000,2821.4000,2821.2000,2822.8000,2823.0000,2823.2000,2823.6000,2823.8000,2,6,4,1,3,1,3,11,1,4
SF,IH2006,2020-05-08 09:33:35.500,2822.0000,22034,-1,431167620.000,1,0,1,双平,S,2822.0000,2821.8000,2821.6000,2821.4000,2821.2000,2822.8000,2823.0000,2823.2000,2823.6000,2823.8000,1,7,4,1,3,1,3,11,1,4
SF,IH2006,2020-05-08 09:33:36.500,2822.0000,22034,0,431167620.000,0,-,-,-,-,2822.0000,2821.8000,2821.6000,2821.4000,2821.2000,2822.6000,2822.8000,2823.0000,2823.2000,2823.6000,1,7,4,1,3,1,1,3,11,1
SF,IH2006,2020-05-08 09:33:37.000,2822.0000,22034,0,431167620.000,0,-,-,-,-,2822.0000,2821.8000,2821.6000,2821.4000,2821.2000,2822.4000,2822.8000,2823.0000,2823.2000,2823.6000,1,7,5,1,3,1,1,3,11,1
SF,IH2006,2020-05-08 09:33:38.000,2822.0000,22034,0,431167620.000,0,-,-,-,-,2822.2000,2822.0000,2821.8000,2821.6000,2821.4000,2822.4000,2822.8000,2823.0000,2823.2000,2823.6000,1,1,6,5,1,1,1,3,11,1
SF,IH2006,2020-05-08 09:33:39.500,2822.0000,22034,0,431167620.000,0,-,-,-,-,2822.2000,2822.0000,2821.8000,2821.6000,2821.4000,2822.4000,2822.8000,2823.0000,2823.2000,2823.6000,1,2,6,5,1,1,1,3,10,1
SF,IH2006,2020-05-08 09:33:42.500,2822.2000,22033,-1,432014280.000,1,0,1,双平,S,2822.0000,2821.8000,2821.6000,2821.4000,2821.2000,2822.2000,2822.4000,2822.8000,2823.0000,2823.2000,2,6,5,1,3,2,1,1,3,10
SF,IH2006,2020-05-08 09:33:43.000,2822.0000,22033,0,432860880.000,1,0,1,多换,S,2822.0000,2821.8000,2821.6000,2821.4000,2821.2000,2822.2000,2822.8000,2823.0000,2823.2000,2823.6000,1,7,5,1,3,2,1,3,10,1
SF,IH2006,2020-05-08 09:33:43.500,2822.0000,22033,0,432860880.000,0,-,-,-,-,2822.0000,2821.8000,2821.6000,2821.4000,2821.2000,2822.2000,2822.8000,2823.0000,2823.2000,2823.6000,1,7,5,1,3,2,1,3,10,1
SF,IH2006,2020-05-08 09:33:44.500,2822.0000,22032,-1,433707480.000,1,0,1,双平,S,2822.0000,2821.8000,2821.6000,2821.4000,2821.2000,2822.2000,2822.8000,2823.0000,2823.2000,2823.6000,2,7,3,1,3,2,1,3,10,1
SF,IH2006,2020-05-08 09:33:45.000,2822.0000,22031,-1,434554080.000,1,0,1,双平,S,2822.0000,2821.8000,2821.6000,2821.4000,2821.2000,2822.2000,2822.8000,2823.0000,2823.2000,2823.6000,1,7,3,1,3,2,1,4,10,1
SF,IH2006,2020-05-08 09:33:45.500,2822.0000,22031,0,435400680.000,1,0,1,多换,S,2821.8000,2821.6000,2821.4000,2821.2000,2821.0000,2822.2000,2822.8000,2823.0000,2823.2000,2823.6000,7,3,1,3,1,2,1,4,10,1
SF,IH2006,2020-05-08 09:33:46.000,2821.8000,22029,-2,438786840.000,4,1,3,多平,S,2821.8000,2821.6000,2821.4000,2821.2000,2821.0000,2822.0000,2822.2000,2822.8000,2823.0000,2823.2000,3,3,1,3,1,4,2,1,4,10
SF,IH2006,2020-05-08 09:33:46.500,2821.8000,22026,-3,441326460.000,3,0,3,双平,S,2821.6000,2821.4000,2821.2000,2821.0000,2820.8000,2821.8000,2822.0000,2822.2000,2822.8000,2823.0000,1,1,3,1,2,4,5,2,1,4
SF,IH2006,2020-05-08 09:33:47.000,2821.6000,22025,-1,442172940.000,1,0,1,双平,S,2821.4000,2821.2000,2821.0000,2820.8000,2820.2000,2821.6000,2821.8000,2822.0000,2822.2000,2822.8000,1,3,1,2,2,1,5,4,2,1
SF,IH2006,2020-05-08 09:33:47.500,2821.4000,22024,-1,443865840.000,2,0,2,多平,S,2821.2000,2821.0000,2820.8000,2820.2000,2820.0000,2821.8000,2822.0000,2822.2000,2822.8000,2823.0000,3,1,2,2,4,5,4,2,1,4
SF,IH2006,2020-05-08 09:33:48.000,2822.0000,22019,-5,448945140.000,6,0,6,多平,S,2821.2000,2821.0000,2820.8000,2820.2000,2820.0000,2822.0000,2822.2000,2822.8000,2823.0000,2823.2000,2,1,2,2,4,3,2,1,4,9
SF,IH2006,2020-05-08 09:33:48.500,2821.2000,22017,-2,450637860.000,2,0,2,双平,S,2821.0000,2820.8000,2820.2000,2820.0000,2819.2000,2821.8000,2822.0000,2822.2000,2823.0000,2823.2000,1,2,2,4,1,1,7,2,4,8
SF,IH2006,2020-05-08 09:33:49.000,2821.2000,22017,0,450637860.000,0,-,-,-,-,2820.8000,2820.2000,2820.0000,2819.2000,2818.8000,2821.8000,2822.0000,2822.2000,2823.0000,2823.2000,2,2,4,1,1,1,7,2,4,8
SF,IH2006,2020-05-08 09:33:49.500,2821.2000,22017,0,450637860.000,0,-,-,-,-,2820.8000,2820.2000,2820.0000,2819.2000,2818.8000,2821.2000,2821.6000,2821.8000,2822.0000,2822.2000,2,2,4,1,1,1,2,1,6,2
SF,IH2006,2020-05-08 09:33:50.000,2821.2000,22018,1,453176700.000,3,2,1,空开,S,2820.2000,2820.0000,2819.2000,2818.8000,2818.0000,2821.6000,2821.8000,2822.0000,2822.2000,2823.0000,2,4,1,1,2,1,1,6,2,4
SF,IH2006,2020-05-08 09:33:50.500,2821.2000,22018,0,453176700.000,0,-,-,-,-,2820.4000,2820.2000,2820.0000,2819.2000,2818.8000,2821.4000,2821.6000,2822.0000,2822.2000,2823.0000,4,2,4,1,1,1,1,4,2,4
SF,IH2006,2020-05-08 09:33:51.000,2821.4000,22017,-1,454023120.000,1,0,1,双平,S,2821.4000,2820.6000,2820.4000,2820.2000,2820.0000,2822.0000,2822.2000,2823.0000,2823.2000,2824.0000,1,7,4,2,4,4,2,3,8,3
SF,IH2006,2020-05-08 09:33:51.500,2821.4000,22017,0,454023120.000,0,-,-,-,-,2820.6000,2820.4000,2820.2000,2820.0000,2819.2000,2822.0000,2822.2000,2823.0000,2823.2000,2824.0000,6,4,2,4,1,4,2,3,8,3
SF,IH2006,2020-05-08 09:33:52.000,2821.4000,22017,0,454023120.000,0,-,-,-,-,2820.8000,2820.6000,2820.4000,2820.2000,2820.0000,2821.8000,2822.0000,2822.2000,2823.0000,2823.2000,4,6,1,2,4,1,4,2,3,8
SF,IH2006,2020-05-08 09:33:52.500,2821.4000,22017,0,454023120.000,0,-,-,-,-,2821.0000,2820.8000,2820.6000,2820.2000,2820.0000,2821.8000,2822.2000,2823.0000,2823.2000,2824.0000,6,3,2,2,4,1,6,3,8,3
SF,IH2006,2020-05-08 09:33:53.000,2821.0000,22018,1,455715720.000,2,1,1,空开,S,2820.8000,2820.6000,2820.2000,2820.0000,2819.2000,2821.6000,2821.8000,2822.2000,2823.0000,2823.2000,3,2,2,4,1,1,1,6,3,8
SF,IH2006,2020-05-08 09:33:53.500,2821.0000,22018,0,455715720.000,0,-,-,-,-,2820.8000,2820.6000,2820.2000,2820.0000,2819.2000,2821.6000,2821.8000,2822.2000,2823.0000,2823.2000,2,2,2,4,1,1,1,6,3,8
SF,IH2006,2020-05-08 09:33:54.000,2821.0000,22018,0,455715720.000,0,-,-,-,-,2820.8000,2820.6000,2820.2000,2820.0000,2819.2000,2821.6000,2821.8000,2822.2000,2823.0000,2823.2000,1,2,2,4,1,1,1,6,3,8
SF,IH2006,2020-05-08 09:33:54.500,2821.0000,22018,0,455715720.000,0,-,-,-,-,2820.6000,2820.2000,2820.0000,2819.2000,2818.8000,2821.4000,2821.6000,2822.0000,2822.2000,2823.0000,2,1,4,1,1,2,1,1,6,3
SF,IH2006,2020-05-08 09:33:55.000,2821.0000,22018,0,455715720.000,0,-,-,-,-,2820.6000,2820.2000,2820.0000,2819.2000,2818.8000,2821.4000,2822.2000,2823.0000,2823.2000,2824.0000,2,1,4,1,1,2,6,3,8,3
SF,IH2006,2020-05-08 09:33:56.000,2821.0000,22018,0,455715720.000,0,-,-,-,-,2820.6000,2820.2000,2820.0000,2819.2000,2818.8000,2821.2000,2821.4000,2822.2000,2823.0000,2823.2000,2,1,4,1,1,2,2,6,3,8
SF,IH2006,2020-05-08 09:33:56.500,2821.2000,22016,-2,457408440.000,2,0,2,双平,S,2820.6000,2820.2000,2820.0000,2819.2000,2818.8000,2821.4000,2821.6000,2822.2000,2823.0000,2823.2000,2,1,4,1,1,2,1,6,3,8
SF,IH2006,2020-05-08 09:33:57.000,2821.2000,22016,0,457408440.000,0,-,-,-,-,2820.2000,2820.0000,2819.2000,2818.8000,2818.0000,2821.2000,2821.4000,2822.2000,2823.0000,2823.2000,1,4,1,1,2,1,2,6,3,8
SF,IH2006,2020-05-08 09:33:57.500,2821.2000,22016,0,457408440.000,0,-,-,-,-,2820.4000,2820.2000,2820.0000,2819.2000,2818.8000,2821.2000,2821.4000,2821.8000,2822.2000,2823.0000,4,3,4,1,1,1,1,1,6,3
SF,IH2006,2020-05-08 09:33:59.000,2821.2000,22016,0,457408440.000,0,-,-,-,-,2820.4000,2820.2000,2820.0000,2819.2000,2818.8000,2821.0000,2821.2000,2821.4000,2821.8000,2822.2000,4,3,4,1,1,1,1,1,1,6
SF,IH2006,2020-05-08 09:33:59.500,2821.2000,22016,0,457408440.000,0,-,-,-,-,2820.4000,2820.2000,2820.0000,2819.2000,2818.8000,2821.0000,2821.2000,2821.4000,2821.8000,2822.2000,6,3,4,1,1,1,1,1,1,6
SF,IH2006,2020-05-08 09:34:00.000,2821.2000,22016,0,457408440.000,0,-,-,-,-,2820.4000,2820.2000,2820.0000,2819.2000,2818.8000,2821.4000,2821.8000,2822.2000,2823.0000,2823.2000,5,3,4,1,1,1,1,6,3,8
SF,IH2006,2020-05-08 09:34:00.500,2820.4000,22013,-3,459946800.000,3,0,3,双平,S,2820.4000,2820.2000,2820.0000,2819.2000,2818.8000,2821.2000,2821.4000,2821.8000,2822.2000,2823.0000,2,3,4,1,1,2,1,1,6,3
SF,IH2006,2020-05-08 09:34:01.000,2820.4000,22013,0,459946800.000,0,-,-,-,-,2820.4000,2820.2000,2820.0000,2819.2000,2818.8000,2821.0000,2821.2000,2821.6000,2821.8000,2822.2000,2,3,4,1,1,3,2,1,1,6
SF,IH2006,2020-05-08 09:34:01.500,2820.4000,22013,0,459946800.000,0,-,-,-,-,2820.4000,2820.2000,2820.0000,2819.2000,2818.8000,2820.8000,2821.0000,2821.2000,2821.6000,2821.8000,2,3,4,1,1,1,3,1,1,1
SF,IH2006,2020-05-08 09:34:02.000,2820.4000,22014,1,460792920.000,1,1,0,双开,S,2820.6000,2820.4000,2820.2000,2820.0000,2819.2000,2820.8000,2821.0000,2821.2000,2821.6000,2821.8000,1,2,3,4,1,1,2,1,1,1
SF,IH2006,2020-05-08 09:34:02.500,2820.4000,22014,0,460792920.000,0,-,-,-,-,2820.6000,2820.4000,2820.2000,2820.0000,2819.2000,2820.8000,2821.0000,2821.6000,2821.8000,2822.2000,1,2,1,4,1,1,2,1,1,6
SF,IH2006,2020-05-08 09:34:03.000,2820.6000,22014,0,462485340.000,2,1,1,多换,S,2820.6000,2820.4000,2820.2000,2820.0000,2819.2000,2821.0000,2821.6000,2821.8000,2822.2000,2823.0000,2,2,1,4,1,2,1,1,6,3
SF,IH2006,2020-05-08 09:34:04.000,2820.6000,22014,0,462485340.000,0,-,-,-,-,2820.6000,2820.4000,2820.2000,2820.0000,2819.2000,2821.0000,2821.6000,2821.8000,2822.2000,2823.0000,2,2,1,4,1,1,1,1,6,3
SF,IH2006,2020-05-08 09:34:04.500,2820.6000,22014,0,462485340.000,0,-,-,-,-,2820.6000,2820.4000,2820.2000,2820.0000,2819.2000,2821.0000,2821.6000,2821.8000,2822.2000,2823.0000,2,2,1,4,1,1,1,2,6,3
SF,IH2006,2020-05-08 09:34:05.500,2820.6000,22015,1,463331520.000,1,1,0,双开,S,2820.6000,2820.4000,2820.2000,2820.0000,2819.2000,2821.0000,2821.6000,2821.8000,2822.2000,2823.0000,1,2,1,4,1,1,1,1,6,3
SF,IH2006,2020-05-08 09:34:06.000,2820.6000,22015,0,463331520.000,0,-,-,-,-,2820.6000,2820.4000,2820.2000,2820.0000,2819.2000,2821.0000,2821.6000,2821.8000,2822.2000,2823.0000,1,2,1,4,1,1,1,1,6,3
SF,IH2006,2020-05-08 09:34:06.500,2820.6000,22015,0,464177700.000,1,0,1,多换,S,2820.4000,2820.2000,2820.0000,2819.2000,2818.8000,2820.8000,2821.0000,2821.6000,2821.8000,2822.2000,2,1,4,1,1,1,1,2,1,6
SF,IH2006,2020-05-08 09:34:07.000,2820.4000,22015,0,465023820.000,1,0,1,多换,S,2820.4000,2820.2000,2820.0000,2819.2000,2818.8000,2820.6000,2820.8000,2821.0000,2821.6000,2821.8000,1,1,4,1,1,1,1,1,1,1
SF,IH2006,2020-05-08 09:34:07.500,2820.4000,22015,0,465869940.000,1,0,1,多换,S,2820.2000,2820.0000,2819.2000,2818.8000,2818.0000,2820.6000,2821.0000,2821.6000,2821.8000,2822.2000,1,4,1,1,2,1,1,1,1,6
SF,IH2006,2020-05-08 09:34:08.000,2820.4000,22015,0,465869940.000,0,-,-,-,-,2820.2000,2820.0000,2819.2000,2818.8000,2818.0000,2820.4000,2820.6000,2821.0000,2821.6000,2821.8000,1,4,1,1,1,1,1,1,1,1
SF,IH2006,2020-05-08 09:34:08.500,2820.4000,22014,-1,466716060.000,1,0,1,双平,S,2820.2000,2820.0000,2819.2000,2818.8000,2818.0000,2820.6000,2821.0000,2821.6000,2821.8000,2822.2000,1,4,1,1,1,1,1,1,1,6
SF,IH2006,2020-05-08 09:34:09.000,2820.4000,22014,0,466716060.000,0,-,-,-,-,2820.2000,2820.0000,2819.2000,2818.8000,2818.0000,2820.6000,2821.0000,2821.8000,2822.2000,2823.0000,1,4,1,1,1,2,1,1,6,3
SF,IH2006,2020-05-08 09:34:10.000,2820.4000,22013,-1,467562180.000,1,0,1,双平,S,2820.2000,2820.0000,2819.2000,2818.8000,2818.0000,2820.6000,2821.0000,2821.8000,2822.2000,2823.0000,1,4,1,1,1,2,1,1,6,3
SF,IH2006,2020-05-08 09:34:10.500,2820.2000,22013,0,468408240.000,1,0,1,多换,S,2820.0000,2819.2000,2818.8000,2818.0000,2817.6000,2820.6000,2821.0000,2821.8000,2822.2000,2823.0000,4,1,1,1,1,2,1,1,6,3
SF,IH2006,2020-05-08 09:34:11.000,2820.2000,22013,0,468408240.000,0,-,-,-,-,2820.0000,2819.2000,2818.8000,2818.0000,2817.6000,2820.4000,2820.6000,2821.0000,2821.8000,2822.2000,3,1,1,1,1,1,2,1,1,6
SF,IH2006,2020-05-08 09:34:12.000,2820.0000,22011,-2,470946240.000,3,0,3,多平,S,2819.2000,2818.8000,2818.0000,2817.6000,2817.0000,2820.4000,2820.6000,2820.8000,2821.0000,2821.8000,1,1,1,1,1,2,2,1,1,1
SF,IH2006,2020-05-08 09:34:12.500,2820.0000,22011,0,470946240.000,0,-,-,-,-,2819.4000,2819.2000,2818.8000,2818.0000,2817.6000,2820.2000,2820.4000,2820.6000,2820.8000,2821.8000,1,1,1,1,1,4,2,2,1,1
SF,IH2006,2020-05-08 09:34:13.000,2820.0000,22011,0,470946240.000,0,-,-,-,-,2819.4000,2819.2000,2818.8000,2818.0000,2817.6000,2820.0000,2820.2000,2820.4000,2820.6000,2821.8000,1,1,1,1,1,1,4,1,2,1
SF,IH2006,2020-05-08 09:34:13.500,2820.0000,22011,0,470946240.000,0,-,-,-,-,2819.4000,2819.2000,2818.8000,2818.0000,2817.6000,2820.0000,2820.2000,2820.4000,2820.6000,2820.8000,1,1,1,1,1,1,4,5,2,1
SF,IH2006,2020-05-08 09:34:14.000,2819.4000,22010,-1,471792060.000,1,0,1,双平,S,2819.4000,2819.2000,2818.8000,2818.0000,2817.6000,2819.8000,2820.0000,2820.2000,2820.4000,2820.6000,2,1,1,1,1,1,3,2,5,2
SF,IH2006,2020-05-08 09:34:14.500,2819.6000,22009,-1,472637940.000,1,0,1,双平,S,2819.4000,2819.2000,2818.8000,2818.0000,2817.6000,2819.8000,2820.0000,2820.2000,2820.4000,2820.6000,2,1,1,1,1,1,2,2,5,2
SF,IH2006,2020-05-08 09:34:15.000,2819.4000,22009,0,474329580.000,2,1,1,多换,S,2819.2000,2818.8000,2818.0000,2817.6000,2817.0000,2819.4000,2819.8000,2820.0000,2820.2000,2820.4000,1,1,1,1,1,1,1,2,2,5
SF,IH2006,2020-05-08 09:34:15.500,2819.4000,22008,-1,475175400.000,1,0,1,双平,S,2819.2000,2818.8000,2818.0000,2817.6000,2817.0000,2819.4000,2819.8000,2820.0000,2820.2000,2820.4000,1,1,1,1,1,1,1,2,1,5
SF,IH2006,2020-05-08 09:34:16.000,2819.4000,22007,-1,476021220.000,1,0,1,双平,S,2819.2000,2819.0000,2818.8000,2818.0000,2817.6000,2819.8000,2820.0000,2820.2000,2820.4000,2820.6000,1,1,1,1,1,1,2,1,5,2
SF,IH2006,2020-05-08 09:34:16.500,2819.8000,22007,0,476867160.000,1,0,1,多换,S,2819.2000,2819.0000,2818.8000,2818.0000,2817.6000,2819.6000,2820.0000,2820.2000,2820.4000,2820.6000,1,1,1,1,1,2,2,1,5,2
SF,IH2006,2020-05-08 09:34:17.000,2819.6000,22005,-2,478558920.000,2,0,2,双平,S,2819.2000,2819.0000,2818.8000,2818.0000,2817.6000,2820.0000,2820.2000,2820.4000,2820.6000,2821.8000,1,1,1,1,1,2,1,5,2,1
SF,IH2006,2020-05-08 09:34:17.500,2819.6000,22005,0,478558920.000,0,-,-,-,-,2819.2000,2819.0000,2818.8000,2818.0000,2817.6000,2820.0000,2820.2000,2820.4000,2820.6000,2821.8000,1,1,1,1,1,2,1,5,2,1
SF,IH2006,2020-05-08 09:34:18.000,2819.2000,22005,0,479404680.000,1,0,1,多换,S,2819.0000,2818.8000,2818.0000,2817.6000,2817.0000,2819.2000,2820.0000,2820.2000,2820.4000,2820.6000,1,1,1,1,1,2,2,1,5,2
SF,IH2006,2020-05-08 09:34:18.500,2819.2000,22003,-2,481096200.000,2,0,2,双平,S,2819.8000,2819.2000,2819.0000,2818.8000,2818.0000,2820.0000,2820.2000,2820.4000,2820.6000,2821.8000,10,2,1,1,1,2,1,5,2,1
SF,IH2006,2020-05-08 09:34:19.000,2819.8000,21997,-6,486171840.000,6,0,6,双平,S,2819.8000,2819.2000,2819.0000,2818.8000,2818.0000,2820.0000,2820.2000,2820.4000,2820.6000,2821.8000,4,2,1,1,1,2,1,5,2,1
SF,IH2006,2020-05-08 09:34:19.500,2819.2000,21994,-3,490401360.000,5,1,4,多平,S,2819.2000,2819.0000,2818.8000,2818.0000,2817.6000,2820.0000,2820.2000,2820.4000,2820.6000,2821.8000,1,1,1,1,1,2,1,5,2,1
SF,IH2006,2020-05-08 09:34:20.500,2819.2000,21994,0,490401360.000,0,-,-,-,-,2819.2000,2819.0000,2818.8000,2818.0000,2817.6000,2819.8000,2820.0000,2820.2000,2820.4000,2820.6000,1,1,1,1,1,1,2,1,5,1
SF,IH2006,2020-05-08 09:34:21.000,2819.2000,21994,0,491247120.000,1,0,1,多换,S,2819.0000,2818.8000,2818.0000,2817.6000,2817.0000,2819.2000,2819.8000,2820.0000,2820.2000,2820.4000,1,1,1,1,1,1,1,2,1,5
SF,IH2006,2020-05-08 09:34:21.500,2819.2000,21994,0,492092880.000,1,0,1,多换,S,2819.2000,2819.0000,2818.8000,2818.0000,2817.6000,2819.8000,2820.0000,2820.2000,2820.4000,2820.6000,1,1,1,1,1,1,2,1,5,1
SF,IH2006,2020-05-08 09:34:22.000,2819.2000,21994,0,492092880.000,0,-,-,-,-,2819.0000,2818.8000,2818.0000,2817.6000,2817.0000,2819.8000,2820.0000,2820.2000,2820.4000,2820.6000,1,1,1,1,1,1,2,2,5,1
SF,IH2006,2020-05-08 09:34:22.500,2819.0000,21994,0,492938580.000,1,0,1,多换,S,2818.8000,2818.0000,2817.6000,2817.0000,2816.6000,2819.0000,2819.6000,2819.8000,2820.0000,2820.2000,1,1,1,1,1,2,1,1,2,1
SF,IH2006,2020-05-08 09:34:23.000,2818.8000,21991,-3,495475620.000,3,0,3,双平,S,2818.0000,2817.6000,2817.0000,2816.6000,2816.2000,2819.6000,2819.8000,2820.0000,2820.2000,2820.4000,1,1,1,1,1,1,1,2,1,5
SF,IH2006,2020-05-08 09:34:23.500,2818.8000,21991,0,495475620.000,0,-,-,-,-,2819.2000,2818.4000,2818.2000,2818.0000,2817.6000,2819.6000,2819.8000,2820.0000,2820.2000,2820.4000,2,1,7,1,1,1,1,2,1,5
SF,IH2006,2020-05-08 09:34:24.000,2818.8000,21991,0,495475620.000,0,-,-,-,-,2819.2000,2818.4000,2818.2000,2818.0000,2817.6000,2819.6000,2819.8000,2820.0000,2820.2000,2820.4000,2,1,6,1,1,1,1,2,1,5
SF,IH2006,2020-05-08 09:34:24.500,2818.8000,21991,0,495475620.000,0,-,-,-,-,2819.2000,2818.4000,2818.2000,2818.0000,2817.6000,2819.6000,2819.8000,2820.0000,2820.2000,2820.4000,2,1,5,1,1,1,1,2,1,5
SF,IH2006,2020-05-08 09:34:26.500,2818.8000,21991,0,495475620.000,0,-,-,-,-,2819.4000,2819.2000,2818.2000,2818.0000,2817.6000,2819.6000,2819.8000,2820.0000,2820.2000,2820.4000,1,2,4,1,1,1,1,2,1,5
SF,IH2006,2020-05-08 09:34:27.000,2818.8000,21991,0,495475620.000,0,-,-,-,-,2819.4000,2819.2000,2818.2000,2818.0000,2817.6000,2819.8000,2820.0000,2820.2000,2820.4000,2821.8000,1,2,4,1,1,1,2,1,5,1
SF,IH2006,2020-05-08 09:34:28.000,2818.8000,21991,0,495475620.000,0,-,-,-,-,2819.4000,2819.2000,2818.2000,2818.0000,2817.6000,2819.8000,2820.0000,2820.2000,2820.4000,2820.6000,1,2,4,1,1,1,2,1,1,4
SF,IH2006,2020-05-08 09:34:30.000,2818.8000,21991,0,495475620.000,0,-,-,-,-,2819.4000,2819.2000,2818.2000,2818.0000,2817.0000,2819.8000,2820.0000,2820.2000,2820.4000,2820.6000,1,2,4,1,1,1,2,1,1,4
SF,IH2006,2020-05-08 09:34:30.500,2818.8000,21991,0,495475620.000,0,-,-,-,-,2819.2000,2818.2000,2818.0000,2817.0000,2816.6000,2819.8000,2820.0000,2820.2000,2820.4000,2820.6000,2,4,1,1,1,1,2,1,1,4
SF,IH2006,2020-05-08 09:34:31.500,2819.8000,21991,0,496321560.000,1,0,1,多换,S,2819.4000,2819.2000,2818.2000,2818.0000,2817.0000,2820.0000,2820.2000,2820.4000,2821.8000,2822.2000,1,2,4,1,1,2,1,1,1,1
SF,IH2006,2020-05-08 09:34:32.000,2819.6000,21990,-1,498859440.000,3,1,2,多平,S,2819.4000,2819.2000,2818.2000,2818.0000,2817.0000,2820.2000,2820.4000,2821.8000,2822.2000,2823.0000,2,2,4,1,1,1,1,1,1,2
SF,IH2006,2020-05-08 09:34:32.500,2819.6000,21990,0,498859440.000,0,-,-,-,-,2819.6000,2819.4000,2819.2000,2818.2000,2818.0000,2820.2000,2820.4000,2821.8000,2822.2000,2823.0000,1,2,2,4,1,1,1,1,1,2
SF,IH2006,2020-05-08 09:34:33.000,2819.6000,21990,0,501397320.000,3,1,2,多换,S,2819.4000,2819.2000,2818.2000,2818.0000,2817.0000,2819.6000,2820.4000,2821.8000,2822.2000,2823.0000,2,2,4,1,1,18,1,1,1,2
SF,IH2006,2020-05-08 09:34:33.500,2819.6000,21996,6,516623160.000,18,12,6,空开,S,2819.6000,2819.4000,2819.2000,2819.0000,2818.2000,2820.4000,2821.0000,2821.8000,2822.2000,2823.0000,3,2,2,1,1,1,4,1,1,2
SF,IH2006,2020-05-08 09:34:34.000,2819.6000,21994,-2,518314920.000,2,0,2,双平,S,2819.8000,2819.6000,2819.2000,2819.0000,2818.6000,2820.4000,2821.0000,2821.8000,2822.2000,2823.0000,4,3,2,1,1,1,4,1,1,3
SF,IH2006,2020-05-08 09:34:34.500,2819.6000,21994,0,518314920.000,0,-,-,-,-,2819.8000,2819.6000,2819.2000,2819.0000,2818.6000,2820.4000,2821.0000,2821.6000,2821.8000,2822.2000,1,3,2,1,1,1,4,1,1,1
SF,IH2006,2020-05-08 09:34:35.500,2819.8000,21995,1,519160860.000,1,1,0,双开,S,2819.8000,2819.6000,2819.2000,2819.0000,2818.6000,2820.4000,2821.0000,2821.6000,2821.8000,2822.2000,1,3,2,1,1,1,4,1,1,1
SF,IH2006,2020-05-08 09:34:36.000,2819.8000,21995,0,519160860.000,0,-,-,-,-,2819.8000,2819.6000,2819.2000,2819.0000,2818.6000,2820.4000,2821.0000,2821.6000,2821.8000,2822.2000,1,1,2,1,1,1,4,1,1,1
SF,IH2006,2020-05-08 09:34:36.500,2819.8000,21995,0,519160860.000,0,-,-,-,-,2819.8000,2819.2000,2819.0000,2818.6000,2818.2000,2820.4000,2821.0000,2821.6000,2821.8000,2822.2000,1,2,1,1,1,1,4,1,1,1
SF,IH2006,2020-05-08 09:34:37.000,2819.8000,21994,-1,520006800.000,1,0,1,双平,S,2819.2000,2819.0000,2818.6000,2818.2000,2818.0000,2820.4000,2821.0000,2821.6000,2821.8000,2822.2000,2,1,1,1,1,1,4,1,1,1
SF,IH2006,2020-05-08 09:34:37.500,2819.8000,21994,0,520006800.000,0,-,-,-,-,2819.4000,2819.2000,2819.0000,2818.6000,2818.2000,2820.2000,2820.4000,2821.0000,2821.6000,2821.8000,3,2,1,1,1,1,1,4,1,1
SF,IH2006,2020-05-08 09:34:38.500,2819.8000,21994,0,520006800.000,0,-,-,-,-,2819.4000,2819.2000,2819.0000,2818.6000,2818.2000,2820.2000,2820.4000,2821.0000,2821.6000,2821.8000,3,2,1,1,1,1,1,4,1,1
SF,IH2006,2020-05-08 09:34:39.500,2819.4000,21995,1,525927960.000,7,4,3,空开,S,2819.2000,2819.0000,2818.6000,2818.2000,2818.0000,2819.4000,2820.4000,2821.0000,2821.6000,2821.8000,2,1,1,1,1,5,1,4,1,1
SF,IH2006,2020-05-08 09:34:40.000,2819.4000,21995,0,530157060.000,5,2,3,多换,S,2819.6000,2819.4000,2819.2000,2819.0000,2818.6000,2820.4000,2821.6000,2821.8000,2822.2000,2823.0000,3,5,2,1,1,1,1,1,1,3
SF,IH2006,2020-05-08 09:34:40.500,2819.4000,21995,0,530157060.000,0,-,-,-,-,2819.8000,2819.4000,2819.2000,2819.0000,2818.6000,2820.4000,2821.0000,2821.6000,2821.8000,2822.2000,8,3,2,1,1,1,4,1,1,1
SF,IH2006,2020-05-08 09:34:41.000,2819.4000,21995,0,530157060.000,0,-,-,-,-,2820.0000,2819.8000,2819.4000,2819.2000,2819.0000,2820.4000,2821.0000,2821.6000,2821.8000,2822.2000,4,4,1,2,1,1,4,1,1,1
SF,IH2006,2020-05-08 09:34:41.500,2820.4000,21994,-1,531003180.000,1,0,1,双平,S,2819.8000,2819.4000,2819.2000,2819.0000,2818.6000,2821.2000,2821.6000,2821.8000,2822.2000,2823.0000,4,1,2,1,1,4,1,1,1,3
SF,IH2006,2020-05-08 09:34:42.000,2820.4000,21994,0,531003180.000,0,-,-,-,-,2820.0000,2819.8000,2819.4000,2819.2000,2819.0000,2821.0000,2821.2000,2821.6000,2821.8000,2822.2000,4,2,1,2,1,1,4,1,1,1
SF,IH2006,2020-05-08 09:34:42.500,2820.4000,21994,0,531003180.000,0,-,-,-,-,2819.8000,2819.6000,2819.4000,2819.2000,2819.0000,2821.0000,2821.2000,2821.6000,2821.8000,2822.2000,2,1,1,2,1,1,4,1,1,1
SF,IH2006,2020-05-08 09:34:43.000,2820.4000,21994,0,531003180.000,0,-,-,-,-,2820.0000,2819.8000,2819.6000,2819.4000,2819.2000,2821.0000,2821.2000,2821.6000,2821.8000,2822.0000,4,2,1,1,2,1,4,1,1,1
SF,IH2006,2020-05-08 09:34:43.500,2820.4000,21994,0,531003180.000,0,-,-,-,-,2820.2000,2820.0000,2819.8000,2819.6000,2819.4000,2821.0000,2821.2000,2821.6000,2821.8000,2822.2000,2,4,2,1,1,1,4,1,1,1
SF,IH2006,2020-05-08 09:34:44.000,2820.4000,21994,0,531003180.000,0,-,-,-,-,2821.0000,2820.2000,2820.0000,2819.8000,2819.6000,2821.2000,2821.8000,2822.0000,2822.2000,2823.0000,9,2,3,2,1,4,1,1,1,3
SF,IH2006,2020-05-08 09:34:44.500,2821.0000,21986,-8,538619880.000,9,0,9,多平,S,2820.2000,2820.0000,2819.8000,2819.6000,2819.4000,2821.0000,2821.2000,2821.8000,2822.0000,2822.2000,2,3,1,1,1,2,4,1,1,1
SF,IH2006,2020-05-08 09:34:45.000,2820.2000,21987,1,540312000.000,2,1,1,空开,S,2820.0000,2819.8000,2819.6000,2819.4000,2819.2000,2820.8000,2821.0000,2821.4000,2821.8000,2822.0000,3,1,1,1,2,1,2,4,1,1
SF,IH2006,2020-05-08 09:34:45.500,2820.2000,21987,0,540312000.000,0,-,-,-,-,2819.8000,2819.6000,2819.4000,2819.2000,2819.0000,2820.8000,2821.0000,2821.4000,2821.8000,2822.0000,1,1,1,2,1,1,3,4,1,1
SF,IH2006,2020-05-08 09:34:46.000,2820.6000,21986,-1,541158180.000,1,0,1,双平,S,2820.0000,2819.8000,2819.6000,2819.4000,2819.2000,2820.8000,2821.0000,2821.4000,2821.8000,2822.0000,1,1,1,1,2,1,3,4,1,1
SF,IH2006,2020-05-08 09:34:47.500,2820.6000,21986,0,541158180.000,0,-,-,-,-,2820.0000,2819.8000,2819.6000,2819.4000,2819.2000,2820.8000,2821.0000,2821.4000,2821.8000,2822.2000,1,1,1,1,2,1,3,4,1,1
SF,IH2006,2020-05-08 09:34:48.500,2820.6000,21986,0,541158180.000,0,-,-,-,-,2820.2000,2820.0000,2819.8000,2819.6000,2819.4000,2820.8000,2821.0000,2821.4000,2821.8000,2822.2000,1,1,1,1,1,1,3,4,1,1
SF,IH2006,2020-05-08 09:34:49.500,2820.6000,21986,0,541158180.000,0,-,-,-,-,2820.4000,2820.2000,2820.0000,2819.8000,2819.6000,2820.8000,2821.0000,2821.4000,2821.8000,2822.2000,1,1,1,1,1,1,3,4,2,1
