市场代码,合约代码,时间,最新,持仓,增仓,成交额,成交量,开仓,平仓,成交类型,方向,买一价,买二价,买三价,买四价,买五价,卖一价,卖二价,卖三价,卖四价,卖五价,买一量,买二量,买三量,买四量,买五量,卖一量,卖二量,卖三量,卖四量,卖五量
SF,IH2002,2019-12-23 09:29:00.400,3026.2000,0,0,0.000,0.000,-,-,-,-,3023.6000,3021.4000,3016.4000,3005.6000,2852.2000,3036.6000,3037.6000,3039.8000,3238.2000,3240.0000,2,3,1,1,1,1,2,3,2,1
SF,IH2002,2019-12-23 09:30:00.400,3026.2000,0,0,0.000,0,-,-,-,-,3016.4000,3005.6000,2852.2000,2814.2000,0.0000,3036.6000,3238.2000,3240.0000,0.0000,0.0000,1,1,1,2,0,1,2,1,0,0
SF,IH2002,2019-12-23 09:30:00.900,3026.2000,0,0,0.000,0,-,-,-,-,3016.6000,3016.4000,3005.6000,2852.2000,2814.2000,3036.6000,3238.2000,3240.0000,0.0000,0.0000,2,1,1,1,2,1,2,1,0,0
SF,IH2002,2019-12-23 09:30:01.900,3026.2000,0,0,0.000,0,-,-,-,-,3016.6000,3005.6000,2852.2000,2814.2000,0.0000,3238.2000,3240.0000,0.0000,0.0000,0.0000,2,1,1,2,0,2,1,0,0,0
SF,IH2002,2019-12-23 09:30:02.400,3026.2000,0,0,0.000,0,-,-,-,-,3016.6000,3005.6000,2852.2000,2814.2000,0.0000,3044.0000,3046.0000,3238.0000,3238.2000,3240.0000,2,1,1,2,0,1,1,3,2,1
SF,IH2002,2019-12-23 09:30:02.900,3026.2000,0,0,0.000,0,-,-,-,-,3016.6000,3005.6000,2852.2000,2814.2000,0.0000,3044.0000,3046.0000,3238.0000,3238.2000,3240.0000,2,1,1,2,0,1,1,1,2,1
SF,IH2002,2019-12-23 09:30:03.400,3026.2000,0,0,0.000,0,-,-,-,-,3017.0000,3016.6000,3005.6000,2852.2000,2814.2000,3044.0000,3046.0000,3238.0000,3238.2000,3240.0000,1,2,1,1,2,1,1,1,2,1
SF,IH2002,2019-12-23 09:30:03.900,3026.2000,0,0,0.000,0,-,-,-,-,3017.2000,3017.0000,3016.6000,3005.6000,2852.2000,3044.0000,3046.0000,3238.0000,3238.2000,3240.0000,2,1,2,1,1,1,1,1,2,1
SF,IH2002,2019-12-23 09:30:04.400,3026.2000,0,0,0.000,0,-,-,-,-,3017.2000,3017.0000,3016.6000,3005.6000,2852.2000,3044.0000,3238.0000,3238.2000,3240.0000,0.0000,2,1,2,1,1,1,1,2,1,0
SF,IH2002,2019-12-23 09:30:07.900,3026.2000,0,0,0.000,0,-,-,-,-,3017.2000,3017.0000,3016.6000,3005.6000,2852.2000,3044.0000,3238.2000,3240.0000,0.0000,0.0000,2,1,2,1,1,1,2,1,0,0
SF,IH2002,2019-12-23 09:30:08.400,3026.2000,0,0,0.000,0,-,-,-,-,3017.2000,3017.0000,3016.6000,3005.6000,2852.2000,3043.8000,3044.0000,3238.2000,3240.0000,0.0000,2,1,2,1,1,1,1,2,1,0
SF,IH2002,2019-12-23 09:30:08.900,3026.2000,0,0,0.000,0,-,-,-,-,3017.8000,3017.2000,3017.0000,3016.6000,3005.6000,3043.8000,3044.0000,3238.2000,3240.0000,0.0000,1,2,1,2,1,1,1,2,1,0
SF,IH2002,2019-12-23 09:30:09.400,3026.2000,0,0,0.000,0,-,-,-,-,3018.0000,3017.8000,3017.2000,3017.0000,3005.6000,3043.8000,3044.0000,3238.2000,3240.0000,0.0000,2,1,2,1,1,1,1,2,1,0
SF,IH2002,2019-12-23 09:30:10.400,3026.2000,0,0,0.000,0,-,-,-,-,3018.0000,3017.8000,3017.2000,3017.0000,3005.6000,3037.2000,3043.8000,3044.0000,3238.2000,3240.0000,2,1,2,1,1,1,1,1,2,1
SF,IH2002,2019-12-23 09:30:10.900,3026.2000,0,0,0.000,0,-,-,-,-,3019.2000,3018.0000,3017.2000,3017.0000,3005.6000,3037.2000,3043.8000,3238.2000,3240.0000,0.0000,1,2,2,1,1,1,1,2,1,0
SF,IH2002,2019-12-23 09:30:11.400,3026.2000,0,0,0.000,0,-,-,-,-,3019.4000,3019.2000,3017.0000,3005.6000,2852.2000,3037.2000,3043.8000,3238.2000,3240.0000,0.0000,2,1,1,1,1,1,1,2,1,0
SF,IH2002,2019-12-23 09:30:12.400,3026.2000,0,0,0.000,0,-,-,-,-,3019.8000,3019.4000,3017.0000,3005.6000,2852.2000,3037.2000,3043.8000,3238.2000,3240.0000,0.0000,1,2,1,1,1,1,1,2,1,0
SF,IH2002,2019-12-23 09:30:12.900,3026.2000,0,0,0.000,0,-,-,-,-,3020.2000,3020.0000,3019.8000,3019.4000,3017.0000,3037.2000,3043.8000,3238.2000,3240.0000,0.0000,1,2,1,2,1,1,1,2,1,0
SF,IH2002,2019-12-23 09:30:13.900,3026.2000,0,0,0.000,0,-,-,-,-,3020.2000,3020.0000,3019.4000,3017.0000,3005.6000,3036.2000,3037.2000,3043.8000,3238.2000,3240.0000,1,2,2,1,1,2,1,1,2,1
SF,IH2002,2019-12-23 09:30:14.400,3026.2000,0,0,0.000,0,-,-,-,-,3020.2000,3020.0000,3019.4000,3017.0000,3005.6000,3032.8000,3036.2000,3037.2000,3043.8000,3238.2000,1,2,2,1,1,1,2,1,1,2
SF,IH2002,2019-12-23 09:30:15.900,3026.2000,0,0,0.000,0,-,-,-,-,3020.2000,3020.0000,3019.4000,3017.0000,3005.6000,3032.4000,3032.8000,3036.2000,3043.8000,3238.2000,1,2,2,1,1,1,1,2,1,2
SF,IH2002,2019-12-23 09:30:16.400,3026.2000,0,0,0.000,0,-,-,-,-,3020.8000,3020.2000,3020.0000,3019.4000,3017.0000,3032.4000,3032.8000,3036.2000,3043.8000,3238.2000,1,1,2,2,1,1,1,2,1,2
SF,IH2002,2019-12-23 09:30:16.900,3026.2000,0,0,0.000,0,-,-,-,-,3021.0000,3020.8000,3020.2000,3020.0000,3017.0000,3032.4000,3032.8000,3036.2000,3043.8000,3238.2000,2,1,1,2,1,1,1,2,1,2
SF,IH2002,2019-12-23 09:30:17.400,3026.2000,0,0,0.000,0,-,-,-,-,3021.0000,3020.8000,3020.2000,3017.0000,3005.6000,3032.4000,3032.8000,3036.2000,3043.8000,3238.2000,2,1,1,1,1,1,1,2,1,2
SF,IH2002,2019-12-23 09:30:17.900,3026.2000,0,0,0.000,0,-,-,-,-,3021.4000,3021.0000,3017.0000,3005.6000,2852.2000,3032.4000,3036.2000,3043.8000,3238.2000,3240.0000,1,2,1,1,1,1,2,1,2,1
SF,IH2002,2019-12-23 09:30:18.400,3026.2000,0,0,0.000,0,-,-,-,-,3021.6000,3021.4000,3021.0000,3017.0000,3005.6000,3032.4000,3036.2000,3043.8000,3238.2000,3240.0000,2,1,2,1,1,1,2,1,2,1
SF,IH2002,2019-12-23 09:30:19.900,3026.2000,0,0,0.000,0,-,-,-,-,3021.6000,3021.0000,3017.0000,3005.6000,2852.2000,3032.4000,3036.2000,3043.8000,3238.2000,3240.0000,2,2,1,1,1,1,2,1,2,1
SF,IH2002,2019-12-23 09:30:22.400,3026.2000,0,0,0.000,0,-,-,-,-,3021.6000,3021.0000,3017.0000,3005.6000,2852.2000,3036.2000,3043.8000,3238.2000,3240.0000,0.0000,2,2,1,1,1,2,1,2,1,0
SF,IH2002,2019-12-23 09:30:23.900,3026.2000,0,0,0.000,0,-,-,-,-,3021.6000,3021.0000,3017.0000,3005.6000,2852.2000,3032.4000,3036.2000,3043.8000,3238.2000,3240.0000,2,2,1,1,1,1,2,1,2,1
SF,IH2002,2019-12-23 09:30:24.400,3026.2000,0,0,0.000,0,-,-,-,-,3022.4000,3021.6000,3021.0000,3017.0000,3005.6000,3032.4000,3035.8000,3036.2000,3043.8000,3238.2000,1,2,2,1,1,1,1,2,1,2
SF,IH2002,2019-12-23 09:30:24.900,3026.2000,0,0,0.000,0,-,-,-,-,3022.6000,3022.4000,3021.6000,3017.0000,3005.6000,3032.4000,3036.2000,3043.8000,3238.2000,3240.0000,2,1,2,1,1,1,2,1,2,1
SF,IH2002,2019-12-23 09:30:25.400,3026.2000,0,0,0.000,0,-,-,-,-,3022.6000,3022.4000,3017.0000,3005.6000,2852.2000,3031.6000,3032.4000,3036.2000,3043.8000,3238.2000,2,1,1,1,1,1,1,2,1,2
SF,IH2002,2019-12-23 09:30:25.900,3026.2000,0,0,0.000,0,-,-,-,-,3022.6000,3017.0000,3005.6000,2852.2000,2814.2000,3031.6000,3032.4000,3036.2000,3043.8000,3238.2000,2,1,1,1,2,1,1,2,1,2
SF,IH2002,2019-12-23 09:30:26.400,3026.2000,0,0,0.000,0,-,-,-,-,3023.2000,3022.6000,3017.0000,3005.6000,2852.2000,3031.6000,3032.4000,3036.2000,3043.8000,3238.2000,1,2,1,1,1,1,1,2,1,2
SF,IH2002,2019-12-23 09:30:26.900,3026.2000,0,0,0.000,0,-,-,-,-,3023.4000,3023.2000,3022.6000,3017.0000,3005.6000,3031.6000,3032.4000,3036.2000,3043.8000,3238.2000,2,1,2,1,1,1,1,2,1,2
SF,IH2002,2019-12-23 09:30:27.400,3026.2000,0,0,0.000,0,-,-,-,-,3023.4000,3023.2000,3022.6000,3017.0000,3005.6000,3031.6000,3036.2000,3043.8000,3238.2000,3240.0000,2,1,2,1,1,1,2,1,2,1
SF,IH2002,2019-12-23 09:30:27.900,3026.2000,0,0,0.000,0,-,-,-,-,3024.2000,3023.8000,3023.6000,3023.4000,3022.6000,3031.4000,3031.6000,3036.2000,3043.8000,3238.2000,1,1,1,2,2,1,1,2,1,2
SF,IH2002,2019-12-23 09:30:28.400,3026.2000,0,0,0.000,0,-,-,-,-,3024.4000,3024.2000,3023.8000,3023.4000,3017.0000,3031.4000,3031.6000,3036.2000,3043.8000,3238.2000,3,1,1,2,1,1,1,2,1,2
SF,IH2002,2019-12-23 09:30:28.900,3026.2000,0,0,0.000,0,-,-,-,-,3024.4000,3024.2000,3023.8000,3017.0000,3015.6000,3031.4000,3031.6000,3036.2000,3043.8000,3238.2000,3,1,1,1,2,1,1,2,1,2
SF,IH2002,2019-12-23 09:30:29.400,3026.2000,0,0,0.000,0,-,-,-,-,3024.4000,3023.8000,3017.0000,3015.6000,3005.6000,3031.4000,3031.6000,3036.2000,3043.8000,3238.2000,3,1,1,2,1,1,1,2,1,2
SF,IH2002,2019-12-23 09:30:31.900,3026.2000,0,0,0.000,0,-,-,-,-,3024.4000,3017.0000,3015.6000,3005.6000,2852.2000,3031.4000,3031.6000,3036.2000,3043.8000,3238.2000,3,1,2,1,1,1,1,2,1,2
SF,IH2002,2019-12-23 09:30:32.400,3026.2000,0,0,0.000,0,-,-,-,-,3024.4000,3017.0000,3015.6000,3005.6000,2852.2000,3031.4000,3036.2000,3043.8000,3238.2000,3240.0000,3,1,2,1,1,1,2,1,2,1
SF,IH2002,2019-12-23 09:30:37.400,3026.2000,0,0,0.000,0,-,-,-,-,3025.0000,3024.4000,3017.0000,3015.6000,3005.6000,3031.4000,3036.2000,3043.8000,3238.2000,3240.0000,1,3,1,2,1,1,2,1,2,1
SF,IH2002,2019-12-23 09:30:37.900,3026.2000,0,0,0.000,0,-,-,-,-,3025.2000,3025.0000,3024.4000,3017.0000,3015.6000,3031.4000,3036.2000,3043.8000,3238.2000,3240.0000,3,1,2,1,2,1,2,1,2,1
SF,IH2002,2019-12-23 09:30:38.900,3026.2000,0,0,0.000,0,-,-,-,-,3025.8000,3025.2000,3024.4000,3017.0000,3015.6000,3031.4000,3036.2000,3043.8000,3238.2000,3240.0000,1,3,2,1,2,1,2,1,2,1
SF,IH2002,2019-12-23 09:30:39.400,3026.2000,0,0,0.000,0,-,-,-,-,3026.2000,3026.0000,3025.8000,3025.2000,3017.0000,3031.4000,3036.2000,3043.8000,3238.2000,3240.0000,1,3,1,2,1,1,2,1,2,1
SF,IH2002,2019-12-23 09:30:39.900,3026.2000,0,0,0.000,0,-,-,-,-,3026.4000,3026.2000,3026.0000,3025.8000,3017.0000,3031.4000,3036.2000,3043.8000,3238.2000,3240.0000,1,1,2,1,1,1,2,1,2,1
SF,IH2002,2019-12-23 09:30:40.400,3026.2000,0,0,0.000,0,-,-,-,-,3026.8000,3026.6000,3026.4000,3026.0000,3025.8000,3031.4000,3036.2000,3043.8000,3238.2000,3240.0000,1,2,1,2,1,1,2,1,2,1
SF,IH2002,2019-12-23 09:30:40.900,3026.2000,0,0,0.000,0,-,-,-,-,3027.0000,3026.8000,3026.6000,3026.0000,3017.0000,3031.4000,3036.2000,3043.8000,3238.2000,3240.0000,1,1,3,2,1,1,2,1,2,1
SF,IH2002,2019-12-23 09:30:41.400,3026.2000,0,0,0.000,0,-,-,-,-,3027.2000,3027.0000,3026.8000,3026.6000,3017.0000,3031.4000,3036.2000,3043.8000,3238.2000,3240.0000,2,1,1,3,1,1,2,1,2,1
SF,IH2002,2019-12-23 09:30:41.900,3026.2000,0,0,0.000,0,-,-,-,-,3027.4000,3027.2000,3026.8000,3026.6000,3017.0000,3031.4000,3036.2000,3043.8000,3238.2000,3240.0000,1,2,1,3,1,1,2,1,2,1
SF,IH2002,2019-12-23 09:30:43.400,3026.2000,0,0,0.000,0,-,-,-,-,3027.4000,3027.2000,3026.8000,3026.6000,3017.0000,3031.4000,3036.2000,3043.8000,3238.2000,3240.0000,1,2,1,2,1,1,2,1,2,1
SF,IH2002,2019-12-23 09:30:54.900,3026.2000,0,0,0.000,0,-,-,-,-,3027.8000,3027.4000,3027.2000,3027.0000,3026.6000,3031.4000,3036.2000,3043.8000,3238.2000,3240.0000,1,1,2,1,2,1,2,1,2,1
SF,IH2002,2019-12-23 09:30:55.400,3026.2000,0,0,0.000,0,-,-,-,-,3028.0000,3027.8000,3027.2000,3027.0000,3017.0000,3031.4000,3036.2000,3043.8000,3238.2000,3240.0000,3,1,2,1,1,1,2,1,2,1
SF,IH2002,2019-12-23 09:30:56.400,3026.2000,0,0,0.000,0,-,-,-,-,3030.2000,3028.0000,3027.2000,3027.0000,3017.0000,3031.4000,3036.2000,3043.8000,3238.2000,3240.0000,1,3,2,1,1,1,2,1,2,1
SF,IH2002,2019-12-23 09:30:56.900,3026.2000,0,0,0.000,0,-,-,-,-,3028.0000,3027.2000,3027.0000,3017.0000,3015.6000,3031.4000,3036.2000,3043.8000,3238.2000,3240.0000,3,2,1,1,2,1,2,1,2,1
SF,IH2002,2019-12-23 09:30:59.400,3026.2000,0,0,0.000,0,-,-,-,-,3028.0000,3027.2000,3027.0000,3017.0000,3015.6000,3031.4000,3036.2000,3043.8000,3238.2000,3240.0000,1,2,1,1,2,1,2,1,2,1
SF,IH2002,2019-12-23 09:31:04.400,3026.2000,0,0,0.000,0,-,-,-,-,3028.2000,3028.0000,3027.2000,3027.0000,3017.0000,3031.4000,3036.2000,3043.8000,3238.2000,3240.0000,2,1,2,1,1,1,2,1,2,1
SF,IH2002,2019-12-23 09:31:04.900,3026.2000,0,0,0.000,0,-,-,-,-,3028.4000,3028.2000,3027.0000,3017.0000,3015.6000,3031.4000,3036.2000,3043.8000,3238.2000,3240.0000,1,2,1,1,2,1,2,1,2,1
SF,IH2002,2019-12-23 09:31:05.900,3026.2000,0,0,0.000,0,-,-,-,-,3028.4000,3028.2000,3027.0000,3017.0000,3015.6000,3031.4000,3036.2000,3043.8000,3238.2000,3240.0000,1,2,1,1,2,1,2,1,2,1
SF,IH2002,2019-12-23 09:31:06.900,3026.2000,0,0,0.000,0,-,-,-,-,3028.4000,3027.0000,3017.0000,3015.6000,3005.6000,3031.4000,3036.2000,3043.8000,3238.2000,3240.0000,1,1,1,2,1,1,2,1,2,1
SF,IH2002,2019-12-23 09:31:14.400,3026.2000,0,0,0.000,0,-,-,-,-,3028.4000,3027.0000,3017.0000,3015.6000,3005.6000,3031.4000,3041.0000,3043.8000,3238.2000,3240.0000,1,1,1,2,1,1,2,1,2,1
SF,IH2002,2019-12-23 09:31:21.400,3026.2000,0,0,0.000,0,-,-,-,-,3028.4000,3027.0000,3015.6000,3005.6000,2852.2000,3031.4000,3041.0000,3043.8000,3238.2000,3240.0000,1,1,2,1,1,1,2,1,2,1
SF,IH2002,2019-12-23 09:31:24.400,3026.2000,0,0,0.000,0,-,-,-,-,3028.6000,3028.4000,3027.0000,3015.6000,3005.6000,3031.4000,3041.0000,3043.8000,3238.2000,3240.0000,2,1,1,2,1,1,2,1,2,1
SF,IH2002,2019-12-23 09:31:24.900,3026.2000,0,0,0.000,0,-,-,-,-,3028.8000,3028.6000,3027.0000,3015.6000,3005.6000,3031.4000,3041.0000,3043.8000,3238.2000,3240.0000,1,2,1,2,1,1,2,1,2,1
SF,IH2002,2019-12-23 09:31:25.400,3026.2000,0,0,0.000,0,-,-,-,-,3028.8000,3027.0000,3015.6000,3005.6000,2852.2000,3031.4000,3041.0000,3043.8000,3238.2000,3240.0000,1,1,2,1,1,1,2,1,2,1
SF,IH2002,2019-12-23 09:31:31.400,3026.2000,0,0,0.000,0,-,-,-,-,3029.0000,3028.8000,3027.0000,3015.6000,3005.6000,3031.4000,3041.0000,3043.8000,3238.2000,3240.0000,2,1,1,2,1,1,2,1,2,1
SF,IH2002,2019-12-23 09:31:31.900,3026.2000,0,0,0.000,0,-,-,-,-,3029.2000,3027.0000,3015.6000,3005.6000,2852.2000,3041.0000,3043.8000,3238.2000,3240.0000,0.0000,1,1,2,1,1,2,1,2,1,0
SF,IH2002,2019-12-23 09:31:32.400,3026.2000,0,0,0.000,0,-,-,-,-,3029.2000,3027.0000,3015.6000,3005.6000,2852.2000,3040.8000,3041.0000,3043.8000,3238.2000,3240.0000,1,1,2,1,1,1,2,1,2,1
SF,IH2002,2019-12-23 09:31:32.900,3026.2000,0,0,0.000,0,-,-,-,-,3029.2000,3027.0000,3026.6000,3015.6000,3005.6000,3040.8000,3041.0000,3043.8000,3238.2000,3240.0000,1,1,1,2,1,1,2,1,2,1
SF,IH2002,2019-12-23 09:31:35.400,3026.2000,0,0,0.000,0,-,-,-,-,3029.2000,3027.0000,3026.6000,3015.6000,3005.6000,3040.6000,3040.8000,3041.0000,3043.8000,3238.2000,1,1,1,2,1,1,1,2,1,2
SF,IH2002,2019-12-23 09:31:35.900,3026.2000,0,0,0.000,0,-,-,-,-,3029.2000,3027.0000,3026.6000,3015.6000,3005.6000,3040.4000,3040.6000,3041.0000,3043.8000,3238.2000,1,1,1,2,1,1,1,2,1,2
SF,IH2002,2019-12-23 09:31:37.900,3026.2000,0,0,0.000,0,-,-,-,-,3029.2000,3027.0000,3026.6000,3017.0000,3015.6000,3037.8000,3040.4000,3040.6000,3041.0000,3043.8000,1,1,1,1,2,2,1,1,2,1
SF,IH2002,2019-12-23 09:31:38.400,3026.2000,0,0,0.000,0,-,-,-,-,3029.2000,3027.0000,3026.6000,3017.0000,3015.6000,3037.6000,3037.8000,3040.6000,3041.0000,3043.8000,1,1,1,1,2,1,2,1,2,1
SF,IH2002,2019-12-23 09:31:39.400,3026.2000,0,0,0.000,0,-,-,-,-,3029.2000,3027.0000,3026.6000,3017.0000,3015.6000,3037.6000,3037.8000,3040.6000,3041.0000,3043.8000,1,1,1,1,2,1,2,1,2,1
SF,IH2002,2019-12-23 09:31:39.900,3026.2000,0,0,0.000,0,-,-,-,-,3029.4000,3029.2000,3026.6000,3017.0000,3015.6000,3036.8000,3037.6000,3037.8000,3040.6000,3041.0000,2,1,1,1,2,1,1,2,1,2
SF,IH2002,2019-12-23 09:31:40.400,3026.2000,0,0,0.000,0,-,-,-,-,3029.6000,3029.4000,3026.6000,3017.0000,3015.6000,3036.6000,3036.8000,3037.8000,3040.6000,3041.0000,1,2,1,1,2,1,1,2,1,2
SF,IH2002,2019-12-23 09:31:41.900,3026.2000,0,0,0.000,0,-,-,-,-,3029.6000,3029.4000,3026.6000,3017.0000,3015.6000,3036.6000,3037.8000,3040.6000,3041.0000,3043.8000,1,2,1,1,2,1,2,1,2,1
SF,IH2002,2019-12-23 09:31:42.400,3026.2000,0,0,0.000,0,-,-,-,-,3029.8000,3029.6000,3026.6000,3017.0000,3015.6000,3036.6000,3037.8000,3040.6000,3041.0000,3043.8000,3,1,1,1,2,1,2,1,2,1
SF,IH2002,2019-12-23 09:31:42.900,3026.2000,0,0,0.000,0,-,-,-,-,3030.0000,3029.8000,3026.6000,3017.0000,3015.6000,3036.6000,3037.8000,3040.6000,3041.0000,3043.8000,1,1,1,1,2,1,2,1,2,1
SF,IH2002,2019-12-23 09:31:44.400,3026.2000,0,0,0.000,0,-,-,-,-,3030.2000,3030.0000,3026.6000,3017.0000,3015.6000,3036.6000,3037.8000,3040.6000,3041.0000,3043.8000,1,1,1,1,2,1,2,1,2,1
SF,IH2002,2019-12-23 09:31:44.900,3026.2000,0,0,0.000,0,-,-,-,-,3030.4000,3030.2000,3026.6000,3017.0000,3015.6000,3036.6000,3037.8000,3040.6000,3041.0000,3043.8000,1,1,1,1,2,1,2,1,2,1
SF,IH2002,2019-12-23 09:31:45.900,3026.2000,0,0,0.000,0,-,-,-,-,3030.4000,3030.2000,3026.6000,3017.0000,3015.6000,3036.2000,3036.4000,3036.6000,3040.6000,3041.0000,1,1,1,1,2,1,1,1,1,2
SF,IH2002,2019-12-23 09:31:46.400,3026.2000,0,0,0.000,0,-,-,-,-,3030.8000,3030.4000,3030.2000,3026.6000,3017.0000,3036.0000,3036.2000,3036.4000,3040.6000,3041.0000,1,1,1,1,1,1,1,1,1,2
SF,IH2002,2019-12-23 09:31:46.900,3026.2000,0,0,0.000,0,-,-,-,-,3031.0000,3030.8000,3030.2000,3026.6000,3017.0000,3036.0000,3036.2000,3040.6000,3041.0000,3043.8000,1,1,1,1,1,1,1,1,2,1
SF,IH2002,2019-12-23 09:31:47.900,3026.2000,0,0,0.000,0,-,-,-,-,3031.2000,3031.0000,3026.6000,3017.0000,3015.6000,3036.0000,3040.6000,3041.0000,3049.6000,3238.2000,1,1,1,1,2,1,1,2,1,2
SF,IH2002,2019-12-23 09:31:48.400,3026.2000,0,0,0.000,0,-,-,-,-,3031.4000,3031.2000,3026.6000,3017.0000,3015.6000,3035.6000,3035.8000,3036.0000,3040.6000,3041.0000,1,1,1,1,2,1,1,1,1,2
SF,IH2002,2019-12-23 09:31:48.900,3026.2000,0,0,0.000,0,-,-,-,-,3031.4000,3031.2000,3026.6000,3017.0000,3015.6000,3035.4000,3035.6000,3035.8000,3040.6000,3041.0000,1,1,1,1,2,1,1,1,1,2
SF,IH2002,2019-12-23 09:31:49.400,3026.2000,0,0,0.000,0,-,-,-,-,3031.4000,3026.6000,3017.0000,3015.6000,3005.6000,3035.4000,3035.6000,3035.8000,3040.6000,3041.0000,1,1,1,2,1,1,1,1,1,2
SF,IH2002,2019-12-23 09:31:49.900,3026.2000,0,0,0.000,0,-,-,-,-,3031.4000,3026.6000,3017.0000,3015.6000,3005.6000,3035.8000,3040.6000,3041.0000,3049.6000,3238.2000,1,1,1,2,1,1,1,2,1,2
SF,IH2002,2019-12-23 09:31:53.400,3026.2000,0,0,0.000,0,-,-,-,-,3031.4000,3026.6000,3017.0000,3015.6000,3005.6000,3035.6000,3035.8000,3040.6000,3041.0000,3049.6000,1,1,1,2,1,1,1,1,2,1
SF,IH2002,2019-12-23 09:31:53.900,3026.2000,0,0,0.000,0,-,-,-,-,3031.4000,3026.6000,3017.0000,3015.6000,3005.6000,3035.4000,3035.6000,3035.8000,3040.6000,3041.0000,1,1,1,2,1,1,1,1,1,2
SF,IH2002,2019-12-23 09:31:54.900,3026.2000,0,0,0.000,0,-,-,-,-,3031.4000,3026.6000,3017.0000,3015.6000,3005.6000,3035.4000,3035.8000,3040.6000,3041.0000,3049.6000,1,1,1,2,1,1,1,1,2,1
SF,IH2002,2019-12-23 09:31:55.900,3026.2000,0,0,0.000,0,-,-,-,-,3031.4000,3026.6000,3017.0000,3015.6000,3005.6000,3035.2000,3035.4000,3040.6000,3041.0000,3049.6000,1,1,1,2,1,1,1,1,2,1
SF,IH2002,2019-12-23 09:31:56.400,3026.2000,0,0,0.000,0,-,-,-,-,3031.4000,3026.6000,3017.0000,3015.6000,3005.6000,3035.0000,3035.2000,3040.6000,3041.0000,3049.6000,1,1,1,2,1,1,1,1,2,1
SF,IH2002,2019-12-23 09:31:56.900,3026.2000,0,0,0.000,0,-,-,-,-,3031.4000,3026.6000,3017.0000,3015.6000,3005.6000,3035.2000,3040.6000,3041.0000,3049.6000,3238.2000,1,1,1,2,1,1,1,2,1,2
SF,IH2002,2019-12-23 09:31:57.400,3026.2000,0,0,0.000,0,-,-,-,-,3031.4000,3026.6000,3017.0000,3015.6000,3005.6000,3035.0000,3035.2000,3040.6000,3041.0000,3049.6000,1,1,1,2,1,1,1,1,2,1
SF,IH2002,2019-12-23 09:31:57.900,3026.2000,0,0,0.000,0,-,-,-,-,3031.4000,3026.6000,3017.0000,3015.6000,3005.6000,3035.2000,3040.6000,3041.0000,3049.6000,3238.2000,1,1,1,2,1,1,1,2,1,2
SF,IH2002,2019-12-23 09:31:58.400,3026.2000,0,0,0.000,0,-,-,-,-,3031.4000,3026.6000,3017.0000,3015.6000,3005.6000,3035.0000,3035.2000,3040.6000,3041.0000,3049.6000,1,1,1,2,1,1,1,1,2,1
SF,IH2002,2019-12-23 09:31:59.900,3026.2000,0,0,0.000,0,-,-,-,-,3031.4000,3017.0000,3015.6000,3005.6000,2852.2000,3035.0000,3040.6000,3041.0000,3049.6000,3238.2000,1,1,2,1,1,1,1,2,1,2
SF,IH2002,2019-12-23 09:32:03.400,3026.2000,0,0,0.000,0,-,-,-,-,3031.6000,3031.4000,3017.0000,3015.6000,3005.6000,3035.0000,3040.6000,3041.0000,3049.6000,3238.2000,1,1,1,2,1,1,1,2,1,2
SF,IH2002,2019-12-23 09:32:03.900,3026.2000,0,0,0.000,0,-,-,-,-,3031.8000,3031.6000,3017.0000,3015.6000,3005.6000,3035.0000,3040.6000,3041.0000,3049.6000,3238.2000,1,1,1,2,1,1,1,2,1,2
SF,IH2002,2019-12-23 09:32:19.900,3026.2000,0,0,0.000,0,-,-,-,-,3031.8000,3031.6000,3017.0000,3015.6000,3005.6000,3035.0000,3041.0000,3049.6000,3238.2000,3240.0000,1,1,1,2,1,1,2,1,2,1
SF,IH2002,2019-12-23 09:32:24.900,3026.2000,0,0,0.000,0,-,-,-,-,3031.8000,3031.6000,3028.8000,3017.0000,3015.6000,3035.0000,3041.0000,3049.6000,3238.2000,3240.0000,1,1,1,1,2,1,2,1,2,1
SF,IH2002,2019-12-23 09:32:26.400,3026.2000,0,0,0.000,0,-,-,-,-,3031.8000,3031.6000,3028.8000,3017.0000,3005.6000,3035.0000,3049.6000,3238.2000,3240.0000,0.0000,1,1,1,1,1,1,1,2,1,0
SF,IH2002,2019-12-23 09:32:26.900,3026.2000,0,0,0.000,0,-,-,-,-,3032.0000,3031.8000,3031.6000,3028.8000,3017.0000,3049.6000,3238.2000,3240.0000,0.0000,0.0000,2,1,1,1,1,1,2,1,0,0
SF,IH2002,2019-12-23 09:32:27.400,3026.2000,0,0,0.000,0,-,-,-,-,3032.2000,3031.6000,3028.8000,3017.0000,3005.6000,3049.4000,3049.6000,3238.2000,3240.0000,0.0000,1,1,1,1,1,2,2,2,1,0
SF,IH2002,2019-12-23 09:32:28.400,3026.2000,0,0,0.000,0,-,-,-,-,3032.2000,3031.6000,3028.8000,3017.0000,3005.6000,3046.8000,3049.4000,3049.6000,3238.2000,3240.0000,1,1,1,1,1,1,2,2,2,1
SF,IH2002,2019-12-23 09:32:28.900,3026.2000,0,0,0.000,0,-,-,-,-,3032.2000,3031.6000,3028.8000,3017.0000,3005.6000,3046.6000,3046.8000,3049.4000,3049.6000,3238.2000,1,1,1,1,1,1,1,1,2,2
SF,IH2002,2019-12-23 09:32:29.400,3026.2000,0,0,0.000,0,-,-,-,-,3032.2000,3031.6000,3028.8000,3017.0000,3005.6000,3042.6000,3046.6000,3046.8000,3049.4000,3049.6000,1,1,1,1,1,1,1,1,1,2
SF,IH2002,2019-12-23 09:32:29.900,3026.2000,0,0,0.000,0,-,-,-,-,3032.2000,3031.6000,3028.8000,3017.0000,3005.6000,3042.4000,3042.6000,3046.8000,3049.4000,3049.6000,1,1,1,1,1,1,1,1,1,2
SF,IH2002,2019-12-23 09:32:30.400,3026.2000,0,0,0.000,0,-,-,-,-,3032.2000,3031.6000,3028.8000,3017.0000,3005.6000,3042.4000,3042.6000,3049.4000,3049.6000,3238.2000,1,1,1,1,1,1,1,1,2,2
SF,IH2002,2019-12-23 09:32:31.400,3026.2000,0,0,0.000,0,-,-,-,-,3032.2000,3031.6000,3028.8000,3017.0000,3005.6000,3040.2000,3041.0000,3041.4000,3042.4000,3049.4000,1,1,1,1,1,1,1,1,1,1
SF,IH2002,2019-12-23 09:32:31.900,3026.2000,0,0,0.000,0,-,-,-,-,3032.2000,3031.6000,3028.8000,3017.0000,3005.6000,3040.0000,3040.2000,3041.0000,3041.4000,3049.4000,1,1,1,1,1,2,1,1,1,1
SF,IH2002,2019-12-23 09:32:32.400,3026.2000,0,0,0.000,0,-,-,-,-,3032.2000,3031.6000,3028.8000,3017.0000,3005.6000,3039.4000,3039.8000,3040.0000,3040.2000,3049.4000,1,1,1,1,1,1,1,2,1,1
SF,IH2002,2019-12-23 09:32:32.900,3026.2000,0,0,0.000,0,-,-,-,-,3032.2000,3031.6000,3028.8000,3017.0000,3005.6000,3039.2000,3039.4000,3039.8000,3040.0000,3049.4000,1,1,1,1,1,1,1,1,1,1
SF,IH2002,2019-12-23 09:32:33.400,3026.2000,0,0,0.000,0,-,-,-,-,3032.2000,3031.6000,3028.8000,3017.0000,3005.6000,3038.2000,3039.2000,3039.4000,3040.0000,3049.4000,1,1,1,1,1,1,1,1,1,1
SF,IH2002,2019-12-23 09:32:33.900,3026.2000,0,0,0.000,0,-,-,-,-,3032.2000,3031.6000,3028.8000,3017.0000,3005.6000,3038.0000,3038.2000,3039.4000,3040.0000,3049.4000,1,1,1,1,1,1,1,1,1,1
SF,IH2002,2019-12-23 09:32:34.400,3026.2000,0,0,0.000,0,-,-,-,-,3032.2000,3031.6000,3028.8000,3017.0000,3005.6000,3037.6000,3038.0000,3039.4000,3040.0000,3049.4000,1,1,1,1,1,1,1,1,1,1
SF,IH2002,2019-12-23 09:32:34.900,3026.2000,0,0,0.000,0,-,-,-,-,3032.2000,3031.6000,3028.8000,3017.0000,3005.6000,3037.4000,3037.6000,3037.8000,3040.0000,3049.4000,1,1,1,1,1,1,1,1,1,1
SF,IH2002,2019-12-23 09:32:35.900,3026.2000,0,0,0.000,0,-,-,-,-,3032.2000,3031.6000,3028.8000,3017.0000,3005.6000,3037.0000,3037.4000,3037.8000,3040.0000,3049.4000,1,1,1,1,1,1,1,1,1,1
SF,IH2002,2019-12-23 09:32:36.400,3026.2000,0,0,0.000,0,-,-,-,-,3032.2000,3031.6000,3028.8000,3017.0000,3005.6000,3036.8000,3037.0000,3040.0000,3049.4000,3049.6000,1,1,1,1,1,1,1,1,1,1
SF,IH2002,2019-12-23 09:32:39.900,3026.2000,0,0,0.000,0,-,-,-,-,3032.2000,3031.6000,3028.8000,3017.0000,3005.6000,3036.8000,3040.0000,3049.4000,3049.6000,3238.2000,1,1,1,1,1,1,1,1,1,2
SF,IH2002,2019-12-23 09:32:41.900,3026.2000,0,0,0.000,0,-,-,-,-,3032.2000,3031.6000,3028.8000,3017.0000,3005.6000,3036.6000,3036.8000,3040.0000,3049.4000,3049.6000,1,1,1,1,1,2,1,1,1,1
SF,IH2002,2019-12-23 09:32:42.400,3026.2000,0,0,0.000,0,-,-,-,-,3032.2000,3031.6000,3028.8000,3017.0000,3005.6000,3036.4000,3036.6000,3040.0000,3049.4000,3049.6000,1,1,1,1,1,1,2,1,1,1
SF,IH2002,2019-12-23 09:32:43.400,3026.2000,0,0,0.000,0,-,-,-,-,3032.2000,3031.6000,3028.8000,3017.0000,3005.6000,3036.4000,3036.6000,3040.0000,3049.4000,3049.6000,1,1,1,1,1,1,1,1,1,1
SF,IH2002,2019-12-23 09:32:43.900,3026.2000,0,0,0.000,0,-,-,-,-,3032.2000,3031.6000,3028.8000,3017.0000,3005.6000,3036.4000,3040.0000,3049.4000,3049.6000,3238.2000,1,1,1,1,1,1,1,1,1,2
SF,IH2002,2019-12-23 09:32:44.400,3026.2000,0,0,0.000,0,-,-,-,-,3032.2000,3028.8000,3017.0000,3005.6000,2852.2000,3036.4000,3040.0000,3049.4000,3049.6000,3238.2000,1,1,1,1,1,1,1,1,1,2
SF,IH2002,2019-12-23 09:32:47.400,3026.2000,0,0,0.000,0,-,-,-,-,3032.2000,3028.8000,3017.0000,3005.6000,2852.2000,3036.2000,3036.4000,3049.4000,3049.6000,3238.2000,1,1,1,1,1,1,1,1,1,2
SF,IH2002,2019-12-23 09:32:47.900,3026.2000,0,0,0.000,0,-,-,-,-,3032.2000,3028.8000,3017.0000,3005.6000,2852.2000,3036.0000,3036.2000,3049.4000,3049.6000,3238.2000,1,1,1,1,1,1,1,1,1,2
SF,IH2002,2019-12-23 09:32:55.400,3026.2000,0,0,0.000,0,-,-,-,-,3032.2000,3028.8000,3017.0000,3005.6000,2852.2000,3035.8000,3036.0000,3036.2000,3049.4000,3049.6000,1,1,1,1,1,1,1,1,1,1
SF,IH2002,2019-12-23 09:32:55.900,3026.2000,0,0,0.000,0,-,-,-,-,3032.2000,3028.8000,3017.0000,3005.6000,2852.2000,3035.6000,3035.8000,3036.2000,3049.4000,3049.6000,1,1,1,1,1,1,1,1,1,1
SF,IH2002,2019-12-23 09:32:57.900,3026.2000,0,0,0.000,0,-,-,-,-,3032.4000,3032.2000,3028.8000,3017.0000,3005.6000,3035.6000,3035.8000,3036.2000,3049.4000,3049.6000,1,1,1,1,1,1,1,1,1,1
SF,IH2002,2019-12-23 09:32:58.400,3026.2000,0,0,0.000,0,-,-,-,-,3032.6000,3032.4000,3028.8000,3017.0000,3005.6000,3035.6000,3035.8000,3036.2000,3049.4000,3049.6000,1,1,1,1,1,1,1,1,1,1
SF,IH2002,2019-12-23 09:32:59.400,3026.2000,0,0,0.000,0,-,-,-,-,3032.6000,3032.4000,3028.8000,3017.0000,3005.6000,3035.6000,3035.8000,3036.2000,3049.4000,3049.6000,1,1,1,1,1,1,2,1,1,1
SF,IH2002,2019-12-23 09:33:02.400,3026.2000,0,0,0.000,0,-,-,-,-,3032.6000,3032.4000,3028.8000,3017.0000,3005.6000,3035.4000,3035.6000,3035.8000,3036.2000,3049.4000,1,1,1,1,1,1,1,1,1,1
SF,IH2002,2019-12-23 09:33:02.900,3026.2000,0,0,0.000,0,-,-,-,-,3032.4000,3028.8000,3017.0000,3005.6000,2852.2000,3035.2000,3035.4000,3035.8000,3036.2000,3049.4000,1,1,1,1,1,1,1,1,1,1
SF,IH2002,2019-12-23 09:33:03.400,3026.2000,0,0,0.000,0,-,-,-,-,3032.6000,3032.4000,3028.8000,3017.0000,3005.6000,3035.2000,3035.4000,3035.8000,3036.2000,3049.4000,1,1,1,1,1,1,1,1,1,1
SF,IH2002,2019-12-23 09:33:03.900,3026.2000,0,0,0.000,0,-,-,-,-,3032.4000,3028.8000,3017.0000,3005.6000,2852.2000,3035.2000,3035.4000,3035.8000,3036.2000,3049.4000,1,1,1,1,1,1,1,1,1,1
SF,IH2002,2019-12-23 09:33:04.400,3026.2000,0,0,0.000,0,-,-,-,-,3032.4000,3028.8000,3017.0000,3005.6000,2852.2000,3035.0000,3035.2000,3035.8000,3036.2000,3049.4000,1,1,1,1,1,1,1,1,1,1
SF,IH2002,2019-12-23 09:33:04.900,3026.2000,0,0,0.000,0,-,-,-,-,3032.6000,3032.4000,3028.8000,3017.0000,3005.6000,3034.8000,3035.0000,3035.8000,3036.2000,3049.4000,1,1,1,1,1,1,1,1,1,1
SF,IH2002,2019-12-23 09:33:05.400,3026.2000,0,0,0.000,0,-,-,-,-,3032.4000,3028.8000,3017.0000,3005.6000,2852.2000,3034.8000,3035.0000,3035.8000,3036.2000,3049.4000,1,1,1,1,1,1,1,1,1,1
SF,IH2002,2019-12-23 09:33:06.900,3026.2000,0,0,0.000,0,-,-,-,-,3032.4000,3028.8000,3017.0000,3005.6000,2852.2000,3034.8000,3035.8000,3036.2000,3049.4000,3049.6000,1,1,1,1,1,1,1,1,1,1
SF,IH2002,2019-12-23 09:33:08.400,3026.2000,0,0,0.000,0,-,-,-,-,3032.4000,3017.0000,3005.6000,2852.2000,2814.2000,3034.8000,3035.8000,3036.2000,3049.4000,3049.6000,1,1,1,1,2,1,1,1,1,1
SF,IH2002,2019-12-23 09:33:08.900,3026.2000,0,0,0.000,0,-,-,-,-,3032.6000,3032.4000,3017.0000,3005.6000,2852.2000,3034.8000,3035.8000,3036.2000,3049.4000,3049.6000,1,1,1,1,1,1,1,1,1,1
SF,IH2002,2019-12-23 09:33:27.400,3026.2000,0,0,0.000,0,-,-,-,-,3032.6000,3032.4000,3017.0000,3005.6000,2852.2000,3034.8000,3035.8000,3049.4000,3049.6000,3238.2000,1,1,1,1,1,1,1,1,1,2
SF,IH2002,2019-12-23 09:33:33.900,3026.2000,0,0,0.000,0,-,-,-,-,3032.6000,3032.4000,3017.0000,3005.6000,2852.2000,3034.6000,3034.8000,3035.8000,3049.4000,3049.6000,1,1,1,1,1,1,1,1,1,1
SF,IH2002,2019-12-23 09:33:34.400,3026.2000,0,0,0.000,0,-,-,-,-,3032.4000,3017.0000,3005.6000,2852.2000,2814.2000,3034.4000,3034.6000,3035.8000,3049.4000,3049.6000,1,1,1,1,2,1,1,1,1,1
SF,IH2002,2019-12-23 09:33:35.400,3026.2000,0,0,0.000,0,-,-,-,-,3032.4000,3017.0000,3005.6000,2852.2000,2814.2000,3034.2000,3034.4000,3035.8000,3049.4000,3049.6000,1,1,1,1,2,1,1,1,1,1
SF,IH2002,2019-12-23 09:33:35.900,3026.2000,0,0,0.000,0,-,-,-,-,3032.4000,3017.0000,3005.6000,2852.2000,2814.2000,3034.0000,3034.2000,3035.8000,3049.4000,3049.6000,1,1,1,1,2,1,1,1,1,1
SF,IH2002,2019-12-23 09:33:36.400,3026.2000,0,0,0.000,0,-,-,-,-,3032.6000,3032.4000,3017.0000,3005.6000,2852.2000,3034.2000,3035.8000,3049.4000,3049.6000,3238.2000,1,1,1,1,1,1,1,1,1,2
SF,IH2002,2019-12-23 09:33:36.900,3026.2000,0,0,0.000,0,-,-,-,-,3032.6000,3032.4000,3017.0000,3005.6000,2852.2000,3034.0000,3034.2000,3035.8000,3049.4000,3049.6000,1,1,1,1,1,1,1,1,1,1
SF,IH2002,2019-12-23 09:33:40.400,3026.2000,0,0,0.000,0,-,-,-,-,3032.6000,3032.4000,3017.0000,3005.6000,2852.2000,3034.0000,3035.8000,3049.4000,3049.6000,3238.2000,1,1,1,1,1,1,1,1,1,2
SF,IH2002,2019-12-23 09:33:40.900,3026.2000,0,0,0.000,0,-,-,-,-,3032.4000,3017.0000,3005.6000,2852.2000,2814.2000,3034.0000,3035.8000,3049.4000,3049.6000,3238.2000,1,1,1,1,2,1,1,1,1,2
SF,IH2002,2019-12-23 09:33:54.900,3026.2000,0,0,0.000,0,-,-,-,-,3032.4000,3017.0000,3005.6000,2852.2000,2814.2000,3034.0000,3049.4000,3049.6000,3238.2000,3240.0000,1,1,1,1,2,1,1,1,2,1
SF,IH2002,2019-12-23 09:33:55.400,3032.4000,1,1,909720.000,1,1,0,双开,S,3017.0000,3005.6000,2852.2000,2814.2000,2766.0000,3034.0000,3049.4000,3049.6000,3238.2000,3240.0000,1,1,1,2,1,1,1,1,2,1
SF,IH2002,2019-12-23 09:33:55.900,3032.4000,1,0,909720.000,0,-,-,-,-,3017.2000,3017.0000,3005.6000,2852.2000,2814.2000,3034.0000,3049.4000,3049.6000,3238.2000,3240.0000,5,1,1,1,2,1,1,1,2,1
SF,IH2002,2019-12-23 09:33:57.400,3032.4000,1,0,909720.000,0,-,-,-,-,3023.8000,3017.2000,3017.0000,3005.6000,2852.2000,3033.0000,3034.0000,3049.4000,3049.6000,3238.2000,1,5,1,1,1,1,1,1,1,2
SF,IH2002,2019-12-23 09:33:57.900,3032.4000,1,0,909720.000,0,-,-,-,-,3024.0000,3023.8000,3022.4000,3017.2000,3017.0000,3032.8000,3033.0000,3049.4000,3049.6000,3238.2000,3,1,1,2,1,1,1,1,1,2
SF,IH2002,2019-12-23 09:33:58.400,3032.4000,1,0,909720.000,0,-,-,-,-,3024.2000,3024.0000,3023.8000,3022.4000,3017.2000,3032.8000,3033.0000,3049.4000,3049.6000,3238.2000,1,3,1,1,2,1,1,1,1,2
SF,IH2002,2019-12-23 09:33:58.900,3032.4000,1,0,909720.000,0,-,-,-,-,3024.8000,3024.4000,3024.2000,3024.0000,3023.8000,3032.8000,3033.0000,3049.4000,3049.6000,3238.2000,1,1,1,2,1,1,1,1,1,2
SF,IH2002,2019-12-23 09:33:59.400,3032.4000,1,0,909720.000,0,-,-,-,-,3025.0000,3024.8000,3024.0000,3022.4000,3017.2000,3032.8000,3033.0000,3049.4000,3049.6000,3238.2000,4,1,2,1,2,1,1,1,1,2
SF,IH2002,2019-12-23 09:33:59.900,3032.4000,1,0,909720.000,0,-,-,-,-,3025.0000,3024.8000,3022.4000,3017.2000,3017.0000,3032.8000,3033.0000,3049.4000,3049.6000,3238.2000,4,1,1,2,1,1,1,1,1,2
SF,IH2002,2019-12-23 09:34:00.400,3032.4000,1,0,909720.000,0,-,-,-,-,3026.2000,3025.0000,3024.8000,3017.2000,3017.0000,3032.8000,3033.0000,3049.4000,3049.6000,3238.2000,1,4,1,2,1,1,1,1,1,2
SF,IH2002,2019-12-23 09:34:00.900,3032.4000,1,0,909720.000,0,-,-,-,-,3026.4000,3026.2000,3025.6000,3025.0000,3024.8000,3032.4000,3032.8000,3033.0000,3049.4000,3049.6000,3,1,1,1,1,1,1,1,1,1
SF,IH2002,2019-12-23 09:34:01.400,3032.4000,1,0,909720.000,0,-,-,-,-,3026.8000,3026.4000,3026.2000,3025.6000,3025.0000,3032.2000,3032.4000,3033.0000,3049.4000,3049.6000,1,3,1,1,1,1,1,1,1,1
SF,IH2002,2019-12-23 09:34:01.900,3032.4000,1,0,909720.000,0,-,-,-,-,3027.0000,3026.8000,3026.4000,3018.6000,3017.2000,3032.2000,3032.4000,3033.0000,3049.4000,3049.6000,3,2,2,1,2,1,1,1,1,1
SF,IH2002,2019-12-23 09:34:02.400,3032.4000,1,0,909720.000,0,-,-,-,-,3027.2000,3027.0000,3026.8000,3026.4000,3018.6000,3032.2000,3032.4000,3033.0000,3049.4000,3049.6000,1,4,2,2,1,1,1,1,1,1
SF,IH2002,2019-12-23 09:34:02.900,3032.4000,1,0,909720.000,0,-,-,-,-,3027.4000,3027.2000,3027.0000,3026.4000,3018.6000,3032.2000,3032.4000,3033.0000,3049.4000,3049.6000,1,1,3,2,1,1,1,1,1,1
SF,IH2002,2019-12-23 09:34:03.400,3032.4000,1,0,909720.000,0,-,-,-,-,3027.6000,3027.4000,3027.2000,3027.0000,3018.6000,3032.2000,3032.4000,3033.0000,3046.2000,3049.4000,2,1,1,3,1,1,1,1,1,1
SF,IH2002,2019-12-23 09:34:03.900,3032.4000,1,0,909720.000,0,-,-,-,-,3027.8000,3027.6000,3027.0000,3018.6000,3017.2000,3032.2000,3032.4000,3033.0000,3046.2000,3049.4000,2,2,3,1,2,1,1,1,1,1
SF,IH2002,2019-12-23 09:34:04.400,3032.4000,1,0,909720.000,0,-,-,-,-,3027.8000,3027.6000,3027.0000,3018.6000,3017.2000,3032.2000,3032.4000,3033.0000,3046.2000,3049.4000,3,2,3,1,2,1,1,1,1,1
SF,IH2002,2019-12-23 09:34:05.400,3032.4000,1,0,909720.000,0,-,-,-,-,3027.8000,3027.6000,3027.0000,3018.6000,3017.2000,3032.2000,3032.4000,3033.0000,3046.2000,3049.4000,3,2,2,1,2,1,1,1,1,1
SF,IH2002,2019-12-23 09:34:05.900,3032.4000,1,0,909720.000,0,-,-,-,-,3027.8000,3027.6000,3027.0000,3018.6000,3017.2000,3032.2000,3032.4000,3033.0000,3046.2000,3049.4000,2,2,2,1,2,1,1,1,1,1
SF,IH2002,2019-12-23 09:34:06.900,3032.4000,1,0,909720.000,0,-,-,-,-,3027.8000,3027.0000,3018.6000,3017.2000,3005.6000,3032.2000,3032.4000,3033.0000,3046.2000,3049.4000,1,2,1,2,1,1,1,1,1,1
SF,IH2002,2019-12-23 09:34:07.400,3032.4000,1,0,909720.000,0,-,-,-,-,3028.2000,3027.8000,3027.0000,3018.6000,3017.2000,3032.2000,3032.4000,3033.0000,3046.2000,3049.4000,1,1,2,1,2,1,1,1,1,1
SF,IH2002,2019-12-23 09:34:07.900,3032.4000,1,0,909720.000,0,-,-,-,-,3028.4000,3028.2000,3027.0000,3018.6000,3017.2000,3032.2000,3032.4000,3033.0000,3046.2000,3049.4000,1,1,2,1,2,1,1,1,1,1
SF,IH2002,2019-12-23 09:34:09.400,3032.4000,1,0,909720.000,0,-,-,-,-,3028.4000,3028.2000,3027.0000,3018.6000,3017.2000,3032.2000,3033.0000,3046.2000,3049.4000,3238.2000,1,1,2,1,2,1,1,1,1,2
SF,IH2002,2019-12-23 09:34:09.900,3032.4000,1,0,909720.000,0,-,-,-,-,3028.4000,3027.0000,3018.6000,3017.2000,3005.6000,3032.2000,3033.0000,3046.2000,3049.4000,3238.2000,1,2,1,2,1,1,1,1,1,2
SF,IH2002,2019-12-23 09:34:20.400,3032.4000,1,0,909720.000,0,-,-,-,-,3028.4000,3018.6000,3017.2000,3005.6000,2852.2000,3032.2000,3033.0000,3046.2000,3049.4000,3238.2000,1,1,2,1,1,1,1,1,1,2
SF,IH2002,2019-12-23 09:34:24.900,3032.4000,1,0,909720.000,0,-,-,-,-,3028.6000,3028.4000,3018.6000,3017.2000,3005.6000,3032.0000,3032.2000,3033.0000,3046.2000,3049.4000,1,1,1,2,1,1,1,1,1,1
SF,IH2002,2019-12-23 09:34:25.400,3032.4000,1,0,909720.000,0,-,-,-,-,3028.8000,3028.6000,3018.6000,3017.2000,3005.6000,3031.8000,3032.0000,3033.0000,3046.2000,3049.4000,1,1,1,2,1,1,1,1,1,1
SF,IH2002,2019-12-23 09:34:25.900,3032.4000,1,0,909720.000,0,-,-,-,-,3028.8000,3028.6000,3018.6000,3017.2000,3005.6000,3031.8000,3033.0000,3046.2000,3049.4000,3238.2000,1,1,1,2,1,1,1,1,1,2
SF,IH2002,2019-12-23 09:34:26.900,3032.4000,1,0,909720.000,0,-,-,-,-,3029.0000,3028.8000,3018.6000,3017.2000,3005.6000,3031.8000,3033.0000,3046.2000,3049.4000,3238.2000,1,1,1,2,1,1,1,1,1,2
SF,IH2002,2019-12-23 09:34:27.400,3032.4000,1,0,909720.000,0,-,-,-,-,3029.2000,3029.0000,3018.6000,3017.2000,3005.6000,3031.8000,3033.0000,3046.2000,3049.4000,3238.2000,1,1,1,2,1,1,1,1,1,2
SF,IH2002,2019-12-23 09:34:30.900,3032.4000,1,0,909720.000,0,-,-,-,-,3029.2000,3029.0000,3018.6000,3017.2000,3005.6000,3031.8000,3033.0000,3046.2000,3049.4000,3238.2000,1,1,1,2,1,1,1,1,1,2
SF,IH2002,2019-12-23 09:34:31.400,3032.4000,1,0,909720.000,0,-,-,-,-,3029.0000,3018.6000,3017.2000,3005.6000,2852.2000,3031.8000,3033.0000,3046.2000,3049.4000,3238.2000,1,1,2,1,1,1,1,1,1,2
SF,IH2002,2019-12-23 09:34:31.900,3032.4000,1,0,909720.000,0,-,-,-,-,3029.2000,3029.0000,3018.6000,3017.2000,3005.6000,3031.8000,3033.0000,3046.2000,3049.4000,3238.2000,1,1,1,2,1,1,1,1,1,2
SF,IH2002,2019-12-23 09:34:32.400,3032.4000,1,0,909720.000,0,-,-,-,-,3029.0000,3018.6000,3017.2000,3005.6000,2852.2000,3031.8000,3033.0000,3046.2000,3049.4000,3238.2000,1,1,2,1,1,1,1,1,1,2
SF,IH2002,2019-12-23 09:34:32.900,3032.4000,1,0,909720.000,0,-,-,-,-,3029.2000,3029.0000,3018.6000,3017.2000,3005.6000,3031.8000,3033.0000,3046.2000,3049.4000,3238.2000,1,1,1,2,1,1,1,1,1,2
SF,IH2002,2019-12-23 09:34:34.400,3032.4000,1,0,909720.000,0,-,-,-,-,3029.2000,3029.0000,3018.6000,3017.2000,3005.6000,3031.4000,3031.8000,3033.0000,3046.2000,3049.4000,1,1,1,2,1,1,1,1,1,1
SF,IH2002,2019-12-23 09:34:34.900,3032.4000,1,0,909720.000,0,-,-,-,-,3029.2000,3029.0000,3018.6000,3017.2000,3005.6000,3031.2000,3031.4000,3033.0000,3046.2000,3049.4000,1,1,1,2,1,1,1,1,1,1
SF,IH2002,2019-12-23 09:34:38.900,3032.4000,1,0,909720.000,0,-,-,-,-,3029.2000,3029.0000,3018.6000,3017.2000,3005.6000,3031.2000,3031.4000,3033.0000,3046.2000,3049.4000,1,1,1,2,1,1,1,1,1,1
SF,IH2002,2019-12-23 09:34:42.900,3032.4000,1,0,909720.000,0,-,-,-,-,3029.2000,3029.0000,3018.6000,3017.2000,3005.6000,3031.2000,3033.0000,3046.2000,3049.4000,3238.2000,1,1,1,2,1,1,1,1,1,2
SF,IH2002,2019-12-23 09:34:52.400,3032.4000,1,0,909720.000,0,-,-,-,-,3029.2000,3018.6000,3017.2000,3005.6000,2852.2000,3031.2000,3033.0000,3046.2000,3049.4000,3238.2000,1,1,2,1,1,1,1,1,1,2
SF,IH2002,2019-12-23 09:35:04.400,3032.4000,1,0,909720.000,0,-,-,-,-,3029.2000,3018.6000,3017.2000,3005.6000,2852.2000,3031.2000,3033.0000,3046.2000,3049.4000,3238.2000,1,1,1,1,1,1,1,1,1,2
SF,IH2002,2019-12-23 09:35:04.900,3032.4000,1,0,909720.000,0,-,-,-,-,3018.6000,3017.2000,3005.6000,2852.2000,2814.2000,3031.0000,3031.2000,3033.0000,3046.2000,3049.4000,1,1,1,1,2,7,1,1,1,1
SF,IH2002,2019-12-23 09:35:05.400,3032.4000,1,0,909720.000,0,-,-,-,-,3018.8000,3018.6000,3005.6000,2852.2000,2814.2000,3030.8000,3031.0000,3033.0000,3046.2000,3049.4000,3,1,1,1,2,1,7,1,1,1
SF,IH2002,2019-12-23 09:35:05.900,3032.4000,1,0,909720.000,0,-,-,-,-,3018.8000,3018.6000,3005.6000,2852.2000,2814.2000,3030.8000,3033.0000,3046.2000,3049.4000,3238.2000,3,1,1,1,2,1,1,1,1,2
SF,IH2002,2019-12-23 09:35:06.900,3032.4000,1,0,909720.000,0,-,-,-,-,3020.4000,3019.0000,3018.8000,3018.6000,3005.6000,3030.8000,3033.0000,3046.2000,3049.4000,3238.2000,2,1,3,1,1,1,1,1,1,2
SF,IH2002,2019-12-23 09:35:07.400,3032.4000,1,0,909720.000,0,-,-,-,-,3020.6000,3020.4000,3019.0000,3018.6000,3005.6000,3030.8000,3033.0000,3046.2000,3049.4000,3238.2000,3,2,1,1,1,1,1,1,1,2
SF,IH2002,2019-12-23 09:35:07.900,3032.4000,1,0,909720.000,0,-,-,-,-,3022.4000,3021.8000,3020.8000,3020.6000,3019.0000,3030.8000,3033.0000,3046.2000,3049.4000,3238.2000,2,1,1,3,1,1,1,1,1,2
SF,IH2002,2019-12-23 09:35:08.400,3032.4000,1,0,909720.000,0,-,-,-,-,3022.6000,3022.4000,3021.8000,3021.2000,3020.8000,3030.8000,3033.0000,3046.2000,3049.4000,3238.2000,3,2,2,1,1,1,1,1,1,2
SF,IH2002,2019-12-23 09:35:08.900,3032.4000,1,0,909720.000,0,-,-,-,-,3023.6000,3022.6000,3020.8000,3019.0000,3018.6000,3030.8000,3033.0000,3046.2000,3049.4000,3238.2000,2,3,1,1,1,1,1,1,1,2
SF,IH2002,2019-12-23 09:35:09.400,3032.4000,1,0,909720.000,0,-,-,-,-,3023.8000,3023.6000,3023.4000,3020.8000,3019.0000,3029.8000,3030.8000,3033.0000,3046.2000,3049.4000,3,3,1,1,1,1,1,1,1,1
SF,IH2002,2019-12-23 09:35:09.900,3032.4000,1,0,909720.000,0,-,-,-,-,3024.6000,3024.0000,3023.8000,3023.6000,3023.4000,3029.6000,3029.8000,3033.0000,3046.2000,3049.4000,2,1,3,1,1,1,1,1,1,1
SF,IH2002,2019-12-23 09:35:10.400,3032.4000,1,0,909720.000,0,-,-,-,-,3024.8000,3024.6000,3024.0000,3023.8000,3023.6000,3029.8000,3033.0000,3046.2000,3049.4000,3238.2000,3,3,1,2,1,1,1,1,1,2
SF,IH2002,2019-12-23 09:35:10.900,3032.4000,1,0,909720.000,0,-,-,-,-,3024.8000,3024.6000,3024.0000,3023.6000,3019.0000,3029.6000,3029.8000,3033.0000,3046.2000,3049.4000,3,3,1,1,1,1,1,1,1,1
SF,IH2002,2019-12-23 09:35:11.400,3032.4000,1,0,909720.000,0,-,-,-,-,3024.8000,3024.0000,3023.6000,3019.0000,3018.6000,3029.8000,3033.0000,3046.2000,3049.4000,3238.2000,3,1,1,1,1,1,1,1,1,2
SF,IH2002,2019-12-23 09:35:11.900,3032.4000,1,0,909720.000,0,-,-,-,-,3025.6000,3024.8000,3024.0000,3019.0000,3018.6000,3029.6000,3029.8000,3033.0000,3046.2000,3049.4000,1,3,1,1,1,1,1,1,1,1
SF,IH2002,2019-12-23 09:35:12.400,3032.4000,1,0,909720.000,0,-,-,-,-,3025.8000,3025.6000,3024.8000,3019.0000,3018.6000,3029.8000,3033.0000,3046.2000,3049.4000,3238.2000,3,1,2,1,1,1,1,1,1,2
SF,IH2002,2019-12-23 09:35:12.900,3032.4000,1,0,909720.000,0,-,-,-,-,3025.8000,3025.6000,3019.0000,3018.6000,3005.6000,3033.0000,3046.2000,3049.4000,3238.2000,3240.0000,3,1,1,1,1,1,1,1,2,1
SF,IH2002,2019-12-23 09:35:13.400,3032.4000,1,0,909720.000,0,-,-,-,-,3025.8000,3025.6000,3019.0000,3018.6000,3005.6000,3032.8000,3033.0000,3046.2000,3049.4000,3238.2000,3,1,1,1,1,1,1,1,1,2
SF,IH2002,2019-12-23 09:35:14.900,3032.4000,1,0,909720.000,0,-,-,-,-,3025.8000,3025.6000,3019.0000,3018.6000,3005.6000,3032.4000,3032.8000,3033.0000,3046.2000,3049.4000,3,1,1,1,1,1,1,1,1,1
SF,IH2002,2019-12-23 09:35:15.400,3032.4000,1,0,909720.000,0,-,-,-,-,3025.8000,3019.0000,3018.6000,3005.6000,2852.2000,3032.2000,3032.4000,3033.0000,3046.2000,3049.4000,3,1,1,1,1,1,1,1,1,1
SF,IH2002,2019-12-23 09:35:15.900,3032.4000,1,0,909720.000,0,-,-,-,-,3025.8000,3019.0000,3018.6000,3005.6000,2852.2000,3032.2000,3033.0000,3046.2000,3049.4000,3238.2000,3,1,1,1,1,1,1,1,1,2
SF,IH2002,2019-12-23 09:35:16.400,3032.4000,1,0,909720.000,0,-,-,-,-,3026.4000,3025.8000,3019.0000,3018.6000,3005.6000,3032.2000,3033.0000,3046.2000,3049.4000,3238.2000,1,3,1,1,1,1,1,1,1,2
SF,IH2002,2019-12-23 09:35:16.900,3032.4000,1,0,909720.000,0,-,-,-,-,3026.6000,3026.4000,3025.8000,3019.0000,3018.6000,3032.2000,3033.0000,3046.2000,3049.4000,3238.2000,3,1,2,1,1,1,1,1,1,2
SF,IH2002,2019-12-23 09:35:17.400,3032.4000,1,0,909720.000,0,-,-,-,-,3027.4000,3026.6000,3026.4000,3025.8000,3019.0000,3032.2000,3033.0000,3046.2000,3049.4000,3238.2000,1,3,1,2,1,1,1,1,1,2
SF,IH2002,2019-12-23 09:35:17.900,3032.4000,1,0,909720.000,0,-,-,-,-,3027.6000,3027.4000,3026.6000,3026.4000,3025.8000,3032.2000,3033.0000,3046.2000,3049.4000,3238.2000,1,1,2,1,2,1,1,1,1,2
SF,IH2002,2019-12-23 09:35:19.400,3032.4000,1,0,909720.000,0,-,-,-,-,3027.6000,3027.4000,3026.6000,3025.8000,3019.0000,3032.2000,3033.0000,3046.2000,3049.4000,3238.2000,1,1,2,2,1,1,1,1,1,2
SF,IH2002,2019-12-23 09:35:21.400,3032.4000,1,0,909720.000,0,-,-,-,-,3027.6000,3026.6000,3025.8000,3019.0000,3018.6000,3032.2000,3033.0000,3046.2000,3049.4000,3238.2000,1,2,2,1,1,1,1,1,1,2
SF,IH2002,2019-12-23 09:35:32.400,3032.4000,1,0,909720.000,0,-,-,-,-,3028.0000,3027.6000,3026.6000,3025.8000,3019.0000,3032.2000,3033.0000,3046.2000,3049.4000,3238.2000,1,1,2,2,1,1,1,1,1,2
SF,IH2002,2019-12-23 09:35:32.900,3032.4000,1,0,909720.000,0,-,-,-,-,3028.2000,3028.0000,3026.6000,3025.8000,3019.0000,3032.2000,3033.0000,3046.2000,3049.4000,3238.2000,1,1,2,2,1,1,1,1,1,2
SF,IH2002,2019-12-23 09:35:39.900,3028.2000,2,1,1818180.000,1,1,0,双开,S,3028.0000,3026.6000,3025.8000,3019.0000,3018.6000,3032.2000,3033.0000,3046.2000,3049.4000,3238.2000,1,2,2,1,1,1,1,1,1,2
SF,IH2002,2019-12-23 09:35:40.400,3028.2000,2,0,1818180.000,0,-,-,-,-,3028.2000,3028.0000,3026.6000,3025.8000,3019.0000,3032.2000,3033.0000,3046.2000,3049.4000,3238.2000,1,1,2,2,1,1,1,1,1,2
SF,IH2002,2019-12-23 09:35:41.400,3028.2000,2,0,1818180.000,0,-,-,-,-,3028.4000,3028.2000,3026.6000,3025.8000,3019.0000,3032.2000,3033.0000,3046.2000,3049.4000,3238.2000,1,1,2,2,1,1,1,1,1,2
SF,IH2002,2019-12-23 09:35:41.900,3028.2000,2,0,1818180.000,0,-,-,-,-,3028.6000,3028.4000,3026.6000,3025.8000,3019.0000,3032.2000,3033.0000,3046.2000,3049.4000,3238.2000,1,1,2,2,1,1,1,1,1,2
SF,IH2002,2019-12-23 09:35:42.900,3028.2000,2,0,1818180.000,0,-,-,-,-,3028.8000,3028.6000,3026.6000,3025.8000,3019.0000,3032.2000,3033.0000,3046.2000,3049.4000,3238.2000,1,1,2,2,1,1,1,1,1,2
SF,IH2002,2019-12-23 09:35:43.400,3028.2000,2,0,1818180.000,0,-,-,-,-,3029.0000,3028.8000,3026.6000,3025.8000,3019.0000,3032.2000,3033.0000,3046.2000,3049.4000,3238.2000,1,1,2,2,1,1,1,1,1,2
SF,IH2002,2019-12-23 09:35:43.900,3028.2000,2,0,1818180.000,0,-,-,-,-,3029.4000,3029.0000,3026.6000,3025.8000,3019.0000,3032.2000,3033.0000,3046.2000,3049.4000,3238.2000,1,1,2,2,1,1,1,1,1,2
SF,IH2002,2019-12-23 09:35:44.400,3028.2000,2,0,1818180.000,0,-,-,-,-,3029.6000,3029.4000,3026.6000,3025.8000,3019.0000,3032.2000,3033.0000,3046.2000,3049.4000,3238.2000,1,1,2,2,1,1,1,1,1,2
SF,IH2002,2019-12-23 09:35:47.900,3028.2000,2,0,1818180.000,0,-,-,-,-,3029.6000,3026.6000,3025.8000,3019.0000,3018.6000,3032.2000,3033.0000,3046.2000,3049.4000,3238.2000,1,2,2,1,1,1,1,1,1,2
SF,IH2002,2019-12-23 09:35:48.400,3028.2000,2,0,1818180.000,0,-,-,-,-,3029.6000,3026.6000,3025.8000,3019.0000,3018.6000,3032.2000,3033.0000,3046.2000,3238.2000,3240.0000,1,2,2,1,1,1,1,1,2,1
SF,IH2002,2019-12-23 09:36:01.900,3028.2000,2,0,1818180.000,0,-,-,-,-,3029.8000,3029.6000,3026.6000,3025.8000,3019.0000,3032.2000,3033.0000,3046.2000,3238.2000,3240.0000,1,1,2,2,1,1,1,1,2,1
SF,IH2002,2019-12-23 09:36:02.400,3028.2000,2,0,1818180.000,0,-,-,-,-,3030.0000,3029.8000,3026.6000,3025.8000,3019.0000,3032.2000,3033.0000,3046.2000,3238.2000,3240.0000,1,1,2,2,1,1,1,1,2,1
SF,IH2002,2019-12-23 09:36:04.400,3028.2000,2,0,1818180.000,0,-,-,-,-,3030.0000,3026.6000,3025.8000,3019.0000,3018.6000,3032.2000,3033.0000,3046.2000,3238.2000,3240.0000,1,2,2,1,1,1,1,1,2,1
SF,IH2002,2019-12-23 09:36:04.900,3028.2000,2,0,1818180.000,0,-,-,-,-,3026.6000,3025.8000,3019.0000,3018.6000,3005.6000,3032.2000,3033.0000,3046.2000,3238.2000,3240.0000,2,2,1,1,1,1,1,1,2,1
SF,IH2002,2019-12-23 09:36:05.400,3028.2000,2,0,1818180.000,0,-,-,-,-,3026.8000,3026.6000,3025.8000,3019.0000,3018.6000,3032.2000,3033.0000,3046.2000,3238.2000,3240.0000,1,2,2,1,1,1,1,1,2,1
SF,IH2002,2019-12-23 09:36:05.900,3028.2000,2,0,1818180.000,0,-,-,-,-,3026.8000,3026.6000,3019.0000,3018.6000,3005.6000,3032.2000,3033.0000,3046.2000,3238.2000,3240.0000,1,2,1,1,1,1,1,1,2,1
SF,IH2002,2019-12-23 09:36:06.400,3028.2000,2,0,1818180.000,0,-,-,-,-,3027.2000,3026.8000,3026.6000,3019.0000,3018.6000,3032.2000,3033.0000,3046.2000,3238.2000,3240.0000,1,1,2,1,1,1,1,1,2,1
SF,IH2002,2019-12-23 09:36:06.900,3028.2000,2,0,1818180.000,0,-,-,-,-,3027.4000,3027.2000,3026.6000,3019.0000,3018.6000,3032.2000,3033.0000,3046.2000,3238.2000,3240.0000,3,1,2,1,1,1,1,1,2,1
SF,IH2002,2019-12-23 09:36:07.400,3028.2000,2,0,1818180.000,0,-,-,-,-,3027.4000,3027.2000,3026.6000,3019.0000,3018.6000,3032.2000,3033.0000,3046.2000,3238.2000,3240.0000,1,1,2,1,1,1,1,1,2,1
SF,IH2002,2019-12-23 09:36:07.900,3028.2000,2,0,1818180.000,0,-,-,-,-,3028.2000,3027.6000,3027.4000,3026.6000,3019.0000,3032.2000,3032.6000,3033.0000,3046.2000,3238.2000,1,2,1,2,1,1,1,1,1,2
SF,IH2002,2019-12-23 09:36:08.400,3028.2000,2,0,1818180.000,0,-,-,-,-,3028.4000,3028.2000,3027.6000,3026.6000,3019.0000,3032.2000,3032.6000,3033.0000,3046.2000,3238.2000,1,1,2,2,1,1,1,1,1,2
SF,IH2002,2019-12-23 09:36:09.900,3028.2000,2,0,1818180.000,0,-,-,-,-,3028.4000,3028.2000,3027.6000,3026.6000,3024.8000,3032.2000,3032.6000,3033.0000,3046.2000,3238.2000,1,1,2,2,5,1,1,1,1,2
SF,IH2002,2019-12-23 09:36:12.400,3028.2000,2,0,1818180.000,0,-,-,-,-,3028.4000,3028.2000,3027.6000,3026.6000,3024.8000,3032.2000,3032.6000,3033.0000,3040.0000,3046.2000,1,1,2,2,5,1,1,1,5,1
SF,IH2002,2019-12-23 09:36:12.900,3028.2000,2,0,1818180.000,0,-,-,-,-,3028.4000,3028.2000,3027.6000,3026.6000,3024.8000,3032.2000,3032.6000,3033.0000,3043.8000,3046.2000,1,1,2,2,5,1,1,1,5,1
SF,IH2002,2019-12-23 09:36:14.900,3028.2000,2,0,1818180.000,0,-,-,-,-,3028.4000,3028.2000,3026.6000,3024.8000,3019.0000,3032.2000,3032.6000,3033.0000,3043.8000,3046.2000,1,1,2,5,1,1,1,1,5,1
SF,IH2002,2019-12-23 09:36:18.400,3028.2000,2,0,1818180.000,0,-,-,-,-,3028.4000,3028.2000,3026.6000,3024.8000,3019.0000,3032.2000,3033.0000,3043.8000,3046.2000,3238.2000,1,1,2,5,1,1,1,5,1,2
SF,IH2002,2019-12-23 09:36:19.900,3028.2000,2,0,1818180.000,0,-,-,-,-,3028.4000,3026.6000,3024.8000,3019.0000,3018.6000,3032.2000,3033.0000,3043.8000,3046.2000,3238.2000,1,2,5,1,1,1,1,5,1,2
SF,IH2002,2019-12-23 09:36:29.900,3028.2000,2,0,1818180.000,0,-,-,-,-,3028.6000,3028.4000,3026.6000,3024.8000,3019.0000,3032.2000,3033.0000,3043.8000,3046.2000,3238.2000,1,1,2,5,1,1,1,5,1,2
SF,IH2002,2019-12-23 09:36:30.400,3028.2000,2,0,1818180.000,0,-,-,-,-,3028.8000,3028.6000,3026.6000,3024.8000,3019.0000,3032.2000,3033.0000,3043.8000,3046.2000,3238.2000,1,1,2,5,1,1,1,5,1,2
SF,IH2002,2019-12-23 09:36:36.400,3028.2000,2,0,1818180.000,0,-,-,-,-,3029.0000,3028.8000,3026.6000,3024.8000,3019.0000,3032.2000,3033.0000,3043.8000,3046.2000,3238.2000,1,1,2,5,1,1,1,5,1,2
SF,IH2002,2019-12-23 09:36:36.900,3028.2000,2,0,1818180.000,0,-,-,-,-,3029.2000,3029.0000,3026.6000,3024.8000,3019.0000,3032.2000,3033.0000,3043.8000,3046.2000,3238.2000,1,1,2,5,1,1,1,5,1,2
SF,IH2002,2019-12-23 09:36:39.900,3028.2000,2,0,1818180.000,0,-,-,-,-,3029.2000,3026.6000,3024.8000,3019.0000,3018.6000,3032.2000,3033.0000,3043.8000,3046.2000,3238.2000,1,2,5,1,1,1,1,5,1,2
SF,IH2002,2019-12-23 09:36:40.400,3028.2000,2,0,1818180.000,0,-,-,-,-,3026.6000,3024.8000,3019.0000,3018.6000,3005.6000,3032.2000,3033.0000,3043.8000,3046.2000,3238.2000,2,5,1,1,1,1,1,5,1,2
SF,IH2002,2019-12-23 09:36:40.900,3028.2000,2,0,1818180.000,0,-,-,-,-,3026.8000,3026.6000,3024.8000,3019.0000,3018.6000,3032.2000,3033.0000,3043.8000,3046.2000,3238.2000,4,2,5,1,1,1,1,5,1,2
SF,IH2002,2019-12-23 09:36:42.400,3028.2000,2,0,1818180.000,0,-,-,-,-,3027.6000,3027.2000,3026.8000,3026.6000,3024.8000,3032.2000,3033.0000,3043.8000,3046.2000,3238.2000,1,1,4,2,5,1,1,5,1,2
SF,IH2002,2019-12-23 09:36:42.900,3028.2000,2,0,1818180.000,0,-,-,-,-,3027.8000,3027.6000,3027.2000,3026.8000,3024.8000,3032.2000,3033.0000,3043.8000,3046.2000,3238.2000,3,1,1,3,5,1,1,5,1,2
SF,IH2002,2019-12-23 09:36:43.400,3028.2000,2,0,1818180.000,0,-,-,-,-,3028.0000,3027.8000,3027.6000,3027.2000,3026.8000,3032.2000,3033.0000,3043.8000,3046.2000,3238.2000,1,3,1,1,3,1,1,5,1,2
SF,IH2002,2019-12-23 09:36:44.400,3028.2000,2,0,1818180.000,0,-,-,-,-,3028.4000,3028.0000,3027.8000,3027.2000,3026.8000,3032.2000,3033.0000,3043.8000,3046.2000,3238.2000,1,1,3,1,3,1,1,5,1,2
SF,IH2002,2019-12-23 09:36:44.900,3028.2000,2,0,1818180.000,0,-,-,-,-,3028.6000,3028.4000,3028.0000,3027.2000,3026.8000,3032.2000,3033.0000,3043.8000,3046.2000,3238.2000,1,1,1,1,3,1,1,5,1,2
SF,IH2002,2019-12-23 09:36:45.900,3028.2000,2,0,1818180.000,0,-,-,-,-,3028.8000,3028.6000,3028.4000,3027.2000,3026.8000,3032.2000,3033.0000,3043.8000,3046.2000,3238.2000,1,1,1,1,3,1,1,5,1,2
SF,IH2002,2019-12-23 09:36:46.400,3028.2000,2,0,1818180.000,0,-,-,-,-,3029.0000,3028.8000,3028.4000,3027.2000,3026.8000,3032.2000,3033.0000,3043.8000,3046.2000,3238.2000,1,1,1,1,3,1,1,5,1,2
SF,IH2002,2019-12-23 09:36:46.900,3028.2000,2,0,1818180.000,0,-,-,-,-,3029.0000,3028.8000,3027.2000,3026.8000,3024.8000,3032.2000,3033.0000,3043.8000,3046.2000,3238.2000,1,1,1,3,5,1,1,5,1,2
SF,IH2002,2019-12-23 09:36:47.400,3028.2000,2,0,1818180.000,0,-,-,-,-,3029.2000,3029.0000,3028.8000,3027.2000,3026.8000,3032.2000,3033.0000,3043.8000,3046.2000,3238.2000,1,1,1,1,3,1,1,5,1,2
SF,IH2002,2019-12-23 09:36:47.900,3028.2000,2,0,1818180.000,0,-,-,-,-,3029.4000,3029.2000,3027.2000,3026.8000,3024.8000,3032.2000,3033.0000,3043.8000,3046.2000,3238.2000,1,1,1,3,5,1,1,5,1,2
SF,IH2002,2019-12-23 09:36:48.900,3028.2000,2,0,1818180.000,0,-,-,-,-,3029.4000,3027.2000,3026.8000,3024.8000,3019.0000,3032.2000,3033.0000,3043.8000,3046.2000,3238.2000,1,1,3,5,1,1,1,5,1,2
SF,IH2002,2019-12-23 09:36:49.400,3028.2000,2,0,1818180.000,0,-,-,-,-,3029.4000,3027.2000,3026.8000,3024.8000,3019.0000,3031.0000,3032.2000,3033.0000,3043.8000,3046.2000,1,1,3,5,1,1,1,1,5,1
SF,IH2002,2019-12-23 09:36:51.400,3031.0000,3,1,2727480.000,1,1,0,双开,S,3029.4000,3027.2000,3026.8000,3024.8000,3019.0000,3032.2000,3033.0000,3043.8000,3046.2000,3238.2000,1,1,3,5,1,1,1,5,1,2
SF,IH2002,2019-12-23 09:36:54.400,3031.0000,3,0,2727480.000,0,-,-,-,-,3029.4000,3026.8000,3024.8000,3019.0000,3018.6000,3032.2000,3033.0000,3043.8000,3046.2000,3238.2000,1,3,5,1,1,1,1,5,1,2
SF,IH2002,2019-12-23 09:36:54.900,3031.0000,3,0,2727480.000,0,-,-,-,-,3029.4000,3026.8000,3024.8000,3019.0000,3018.6000,3032.0000,3032.2000,3033.0000,3043.8000,3046.2000,1,3,5,1,1,1,1,1,5,1
SF,IH2002,2019-12-23 09:36:55.400,3031.0000,3,0,2727480.000,0,-,-,-,-,3029.4000,3026.8000,3024.8000,3019.0000,3018.6000,3031.8000,3033.0000,3043.8000,3046.2000,3238.2000,1,3,5,1,1,1,1,5,1,2
SF,IH2002,2019-12-23 09:37:02.400,3031.0000,3,0,2727480.000,0,-,-,-,-,3029.4000,3024.8000,3019.0000,3018.6000,3005.6000,3031.8000,3033.0000,3043.8000,3046.2000,3238.2000,1,5,1,1,1,1,1,5,1,2
SF,IH2002,2019-12-23 09:37:02.900,3031.0000,3,0,2727480.000,0,-,-,-,-,3024.8000,3019.0000,3018.6000,3005.6000,2852.2000,3031.8000,3033.0000,3043.8000,3046.2000,3238.2000,5,1,1,1,1,1,1,5,1,2
SF,IH2002,2019-12-23 09:37:03.400,3031.0000,3,0,2727480.000,0,-,-,-,-,3025.0000,3024.8000,3019.0000,3018.6000,3005.6000,3031.8000,3033.0000,3043.8000,3046.2000,3238.2000,3,5,1,1,1,1,1,5,1,2
SF,IH2002,2019-12-23 09:37:05.400,3031.0000,3,0,2727480.000,0,-,-,-,-,3025.4000,3025.2000,3025.0000,3024.8000,3019.0000,3031.8000,3033.0000,3043.8000,3046.2000,3238.2000,1,1,3,5,1,1,1,5,1,2
SF,IH2002,2019-12-23 09:37:05.900,3031.0000,3,0,2727480.000,0,-,-,-,-,3026.0000,3025.6000,3025.4000,3025.2000,3025.0000,3031.8000,3033.0000,3043.8000,3046.2000,3238.2000,1,3,1,1,2,1,1,5,1,2
SF,IH2002,2019-12-23 09:37:06.400,3031.0000,3,0,2727480.000,0,-,-,-,-,3026.2000,3026.0000,3025.8000,3025.6000,3025.4000,3031.8000,3033.0000,3043.8000,3046.2000,3238.2000,3,2,1,2,1,1,1,5,1,2
SF,IH2002,2019-12-23 09:37:06.900,3031.0000,3,0,2727480.000,0,-,-,-,-,3026.6000,3026.2000,3026.0000,3025.6000,3025.4000,3031.8000,3033.0000,3043.8000,3046.2000,3238.2000,1,3,2,2,1,1,1,5,1,2
SF,IH2002,2019-12-23 09:37:07.400,3031.0000,3,0,2727480.000,0,-,-,-,-,3026.8000,3026.6000,3026.2000,3026.0000,3025.2000,3031.8000,3033.0000,3043.8000,3046.2000,3238.2000,3,1,2,2,1,1,1,5,1,2
SF,IH2002,2019-12-23 09:37:07.900,3031.0000,3,0,2727480.000,0,-,-,-,-,3026.8000,3026.6000,3026.2000,3026.0000,3025.2000,3031.8000,3033.0000,3043.8000,3046.2000,3238.2000,4,1,2,1,1,1,1,5,1,2
SF,IH2002,2019-12-23 09:37:08.400,3031.0000,3,0,2727480.000,0,-,-,-,-,3027.4000,3026.8000,3026.6000,3026.2000,3025.2000,3031.8000,3033.0000,3043.8000,3046.2000,3238.2000,1,4,1,2,1,1,1,5,1,2
SF,IH2002,2019-12-23 09:37:08.900,3031.0000,3,0,2727480.000,0,-,-,-,-,3027.6000,3027.4000,3026.8000,3025.2000,3024.8000,3031.8000,3033.0000,3043.8000,3046.2000,3238.2000,3,2,2,1,5,1,1,5,1,2
SF,IH2002,2019-12-23 09:37:09.400,3031.0000,3,0,2727480.000,0,-,-,-,-,3027.6000,3027.4000,3026.8000,3025.2000,3024.8000,3031.8000,3033.0000,3043.8000,3046.2000,3238.2000,1,2,2,1,5,1,1,5,1,2
SF,IH2002,2019-12-23 09:37:14.400,3031.0000,3,0,2727480.000,0,-,-,-,-,3027.8000,3027.6000,3027.4000,3026.8000,3025.2000,3031.8000,3033.0000,3043.8000,3046.2000,3238.2000,1,1,1,2,1,1,1,5,1,2
SF,IH2002,2019-12-23 09:37:14.900,3031.0000,3,0,2727480.000,0,-,-,-,-,3028.0000,3027.8000,3027.4000,3026.8000,3025.2000,3031.8000,3033.0000,3043.8000,3046.2000,3238.2000,1,1,1,2,1,1,1,5,1,2
SF,IH2002,2019-12-23 09:37:18.400,3031.0000,3,0,2727480.000,0,-,-,-,-,3028.0000,3027.4000,3026.8000,3025.2000,3024.8000,3031.8000,3033.0000,3043.8000,3046.2000,3238.2000,1,1,2,1,5,1,1,5,1,2
SF,IH2002,2019-12-23 09:37:18.900,3031.0000,3,0,2727480.000,0,-,-,-,-,3028.0000,3026.8000,3025.2000,3024.8000,3019.0000,3031.8000,3033.0000,3043.8000,3046.2000,3238.2000,1,2,1,5,1,1,1,5,1,2
SF,IH2002,2019-12-23 09:37:21.900,3031.0000,3,0,2727480.000,0,-,-,-,-,3028.2000,3028.0000,3025.2000,3024.8000,3019.0000,3031.8000,3033.0000,3043.8000,3046.2000,3238.2000,2,5,1,5,1,1,1,5,1,2
SF,IH2002,2019-12-23 09:37:22.400,3031.0000,3,0,2727480.000,0,-,-,-,-,3028.4000,3028.2000,3028.0000,3025.2000,3024.8000,3031.8000,3033.0000,3043.8000,3046.2000,3238.2000,1,2,4,1,5,1,1,5,1,2
SF,IH2002,2019-12-23 09:37:32.900,3031.8000,4,1,3637020.000,1,1,0,双开,S,3028.4000,3028.2000,3028.0000,3025.2000,3024.8000,3033.0000,3043.8000,3046.2000,3238.2000,3240.0000,1,2,4,1,5,1,5,1,2,1
SF,IH2002,2019-12-23 09:37:33.400,3031.8000,4,0,3637020.000,0,-,-,-,-,3028.6000,3028.4000,3028.2000,3028.0000,3025.2000,3032.8000,3033.0000,3043.8000,3046.2000,3238.2000,1,1,2,4,1,1,1,5,1,2
SF,IH2002,2019-12-23 09:37:33.900,3031.8000,4,0,3637020.000,0,-,-,-,-,3028.8000,3028.6000,3028.2000,3028.0000,3025.2000,3032.8000,3033.0000,3043.8000,3046.2000,3238.2000,3,1,2,4,1,1,1,5,1,2
SF,IH2002,2019-12-23 09:37:37.900,3031.8000,4,0,3637020.000,0,-,-,-,-,3029.0000,3028.8000,3028.2000,3028.0000,3025.2000,3032.8000,3033.0000,3043.8000,3046.2000,3238.2000,1,3,2,4,1,1,1,5,1,2
SF,IH2002,2019-12-23 09:37:38.400,3031.8000,4,0,3637020.000,0,-,-,-,-,3029.2000,3029.0000,3028.8000,3028.2000,3028.0000,3032.2000,3032.8000,3033.0000,3043.8000,3046.2000,1,1,2,2,4,2,1,1,5,1
SF,IH2002,2019-12-23 09:37:38.900,3031.8000,4,0,3637020.000,0,-,-,-,-,3029.2000,3029.0000,3028.8000,3028.2000,3028.0000,3032.0000,3032.2000,3033.0000,3043.8000,3046.2000,1,1,2,2,4,1,2,1,5,1
SF,IH2002,2019-12-23 09:37:39.400,3031.8000,4,0,3637020.000,0,-,-,-,-,3029.4000,3029.2000,3028.8000,3028.2000,3028.0000,3032.0000,3032.2000,3033.0000,3043.8000,3046.2000,1,1,2,2,4,1,2,1,5,1
SF,IH2002,2019-12-23 09:37:39.900,3031.8000,4,0,3637020.000,0,-,-,-,-,3029.6000,3029.4000,3028.8000,3028.2000,3028.0000,3032.0000,3032.2000,3033.0000,3043.8000,3046.2000,1,1,2,2,4,1,2,1,5,1
SF,IH2002,2019-12-23 09:37:40.900,3031.8000,4,0,3637020.000,0,-,-,-,-,3029.6000,3029.4000,3028.8000,3028.2000,3028.0000,3032.0000,3033.0000,3043.8000,3046.2000,3238.2000,1,1,2,2,4,1,1,5,1,2
SF,IH2002,2019-12-23 09:37:41.400,3031.8000,4,0,3637020.000,0,-,-,-,-,3029.8000,3029.6000,3028.8000,3028.2000,3028.0000,3032.0000,3033.0000,3043.8000,3046.2000,3238.2000,1,1,2,2,4,1,1,5,1,2
SF,IH2002,2019-12-23 09:37:41.900,3031.8000,4,0,3637020.000,0,-,-,-,-,3030.0000,3029.8000,3028.8000,3028.2000,3028.0000,3032.0000,3033.0000,3043.8000,3046.2000,3238.2000,1,1,2,2,4,1,1,5,1,2
SF,IH2002,2019-12-23 09:37:44.400,3031.8000,4,0,3637020.000,0,-,-,-,-,3030.0000,3028.8000,3028.2000,3028.0000,3025.2000,3032.0000,3033.0000,3043.8000,3046.2000,3238.2000,1,2,2,4,1,1,1,5,1,2
SF,IH2002,2019-12-23 09:37:47.900,3031.8000,4,0,3637020.000,0,-,-,-,-,3030.0000,3028.2000,3028.0000,3025.2000,3024.8000,3032.0000,3033.0000,3043.8000,3046.2000,3238.2000,1,2,4,1,5,1,1,5,1,2
SF,IH2002,2019-12-23 09:37:48.400,3031.8000,4,0,3637020.000,0,-,-,-,-,3028.2000,3025.2000,3024.8000,3019.0000,3005.6000,3032.0000,3033.0000,3043.8000,3046.2000,3238.2000,2,1,5,1,1,1,1,5,1,2
SF,IH2002,2019-12-23 09:37:48.900,3031.8000,4,0,3637020.000,0,-,-,-,-,3028.4000,3028.2000,3025.2000,3024.8000,3019.0000,3032.0000,3033.0000,3043.8000,3046.2000,3238.2000,1,2,1,5,1,1,1,5,1,2
SF,IH2002,2019-12-23 09:37:50.900,3031.8000,4,0,3637020.000,0,-,-,-,-,3028.4000,3028.2000,3024.8000,3019.0000,3005.6000,3032.0000,3033.0000,3043.8000,3046.2000,3238.2000,1,2,5,1,1,1,1,5,1,2
SF,IH2002,2019-12-23 09:37:54.900,3031.8000,4,0,3637020.000,0,-,-,-,-,3028.4000,3028.2000,3024.8000,3019.0000,3005.6000,3032.0000,3033.0000,3036.2000,3043.8000,3238.2000,1,2,5,1,1,1,1,1,5,2
SF,IH2002,2019-12-23 09:37:58.900,3031.8000,4,0,3637020.000,0,-,-,-,-,3028.4000,3028.2000,3028.0000,3024.8000,3019.0000,3032.0000,3033.0000,3036.2000,3043.8000,3238.2000,1,2,4,5,1,1,1,1,5,2
SF,IH2002,2019-12-23 09:38:00.400,3031.8000,4,0,3637020.000,0,-,-,-,-,3028.6000,3028.4000,3028.2000,3028.0000,3024.8000,3032.0000,3033.0000,3036.2000,3043.8000,3238.2000,1,1,2,4,5,1,1,1,5,2
SF,IH2002,2019-12-23 09:38:00.900,3031.8000,4,0,3637020.000,0,-,-,-,-,3028.8000,3028.6000,3028.2000,3028.0000,3024.8000,3033.0000,3036.2000,3043.8000,3238.2000,3240.0000,3,1,2,4,5,1,1,5,2,1
SF,IH2002,2019-12-23 09:38:01.400,3031.8000,4,0,3637020.000,0,-,-,-,-,3028.8000,3028.6000,3028.2000,3028.0000,3024.8000,3032.8000,3033.0000,3036.2000,3043.8000,3238.2000,3,1,2,4,5,1,1,1,5,2
SF,IH2002,2019-12-23 09:38:02.400,3031.8000,4,0,3637020.000,0,-,-,-,-,3029.0000,3028.8000,3028.6000,3028.2000,3028.0000,3032.8000,3033.0000,3036.2000,3043.8000,3238.2000,1,3,1,2,4,1,1,1,5,2
SF,IH2002,2019-12-23 09:38:02.900,3031.8000,4,0,3637020.000,0,-,-,-,-,3029.2000,3029.0000,3028.8000,3028.2000,3028.0000,3032.8000,3033.0000,3036.2000,3043.8000,3238.2000,2,1,2,2,4,1,1,1,5,2
SF,IH2002,2019-12-23 09:38:03.400,3031.8000,4,0,3637020.000,0,-,-,-,-,3029.4000,3029.2000,3029.0000,3028.8000,3028.0000,3032.8000,3033.0000,3036.2000,3043.8000,3238.2000,2,2,1,2,4,1,1,1,5,2
SF,IH2002,2019-12-23 09:38:03.900,3031.8000,4,0,3637020.000,0,-,-,-,-,3029.6000,3029.4000,3029.2000,3029.0000,3028.8000,3032.8000,3033.0000,3036.2000,3043.8000,3238.2000,1,2,1,1,2,1,1,1,5,2
SF,IH2002,2019-12-23 09:38:04.400,3031.8000,4,0,3637020.000,0,-,-,-,-,3029.6000,3029.2000,3029.0000,3028.8000,3028.0000,3032.8000,3033.0000,3036.2000,3043.8000,3238.2000,1,1,1,2,4,1,1,1,5,2
SF,IH2002,2019-12-23 09:38:04.900,3031.8000,4,0,3637020.000,0,-,-,-,-,3029.6000,3029.0000,3028.8000,3028.0000,3024.8000,3032.8000,3033.0000,3036.2000,3043.8000,3238.2000,1,1,2,4,5,1,1,1,5,2
SF,IH2002,2019-12-23 09:38:12.400,3031.8000,4,0,3637020.000,0,-,-,-,-,3029.6000,3029.0000,3028.0000,3024.8000,3019.0000,3032.8000,3033.0000,3036.2000,3043.8000,3238.2000,1,1,4,5,1,1,1,1,5,2
SF,IH2002,2019-12-23 09:38:12.900,3031.8000,4,0,3637020.000,0,-,-,-,-,3029.0000,3028.0000,3024.8000,3019.0000,3005.6000,3032.8000,3033.0000,3036.2000,3043.8000,3238.2000,5,4,5,1,1,1,1,1,5,2
SF,IH2002,2019-12-23 09:38:13.400,3031.8000,4,0,3637020.000,0,-,-,-,-,3029.0000,3028.0000,3024.8000,3019.0000,3005.6000,3032.8000,3033.0000,3036.2000,3043.8000,3238.2000,6,4,5,1,1,1,1,1,5,2
SF,IH2002,2019-12-23 09:38:13.900,3031.8000,4,0,3637020.000,0,-,-,-,-,3029.0000,3028.0000,3024.8000,3019.0000,3005.6000,3032.6000,3032.8000,3033.0000,3036.2000,3043.8000,6,4,5,1,1,2,1,1,1,5
SF,IH2002,2019-12-23 09:38:14.400,3031.8000,4,0,3637020.000,0,-,-,-,-,3029.0000,3028.0000,3024.8000,3019.0000,3005.6000,3032.4000,3032.6000,3033.0000,3036.2000,3043.8000,6,4,5,1,1,1,2,1,1,5
SF,IH2002,2019-12-23 09:38:15.400,3031.8000,4,0,3637020.000,0,-,-,-,-,3029.0000,3028.0000,3024.8000,3019.0000,3005.6000,3032.4000,3032.6000,3033.0000,3036.2000,3043.8000,5,4,5,1,1,1,2,1,1,5
SF,IH2002,2019-12-23 09:38:15.900,3031.8000,4,0,3637020.000,0,-,-,-,-,3029.0000,3028.0000,3024.8000,3019.0000,3005.6000,3032.4000,3032.6000,3033.0000,3036.2000,3043.8000,5,4,5,1,1,1,1,1,1,5
SF,IH2002,2019-12-23 09:38:17.400,3031.8000,4,0,3637020.000,0,-,-,-,-,3029.0000,3024.8000,3019.0000,3005.6000,2852.2000,3032.4000,3032.6000,3033.0000,3036.2000,3043.8000,5,5,1,1,1,1,1,1,1,5
SF,IH2002,2019-12-23 09:38:46.900,3031.8000,4,0,3637020.000,0,-,-,-,-,3029.0000,3024.8000,3019.0000,3005.6000,2852.2000,3032.4000,3033.0000,3036.2000,3043.8000,3238.2000,5,5,1,1,1,1,1,1,5,2
SF,IH2002,2019-12-23 09:38:58.400,3031.8000,4,0,3637020.000,0,-,-,-,-,3029.0000,3024.8000,3019.0000,3005.6000,2852.2000,3032.2000,3032.4000,3033.0000,3036.2000,3043.8000,5,5,1,1,1,1,1,1,1,5
SF,IH2002,2019-12-23 09:38:58.900,3031.8000,4,0,3637020.000,0,-,-,-,-,3029.0000,3024.8000,3019.0000,3005.6000,2852.2000,3032.2000,3033.0000,3036.2000,3043.8000,3238.2000,5,5,1,1,1,1,1,1,5,2
SF,IH2002,2019-12-23 09:38:59.400,3031.8000,4,0,3637020.000,0,-,-,-,-,3029.0000,3024.8000,3019.0000,3005.6000,2852.2000,3032.2000,3033.0000,3036.2000,3043.8000,3238.2000,5,5,1,1,1,2,1,1,5,2
SF,IH2002,2019-12-23 09:38:59.900,3031.8000,4,0,3637020.000,0,-,-,-,-,3029.0000,3024.8000,3019.0000,3005.6000,2852.2000,3032.2000,3033.0000,3036.2000,3043.8000,3238.2000,5,5,1,1,1,3,1,1,5,2
SF,IH2002,2019-12-23 09:39:01.400,3031.8000,4,0,3637020.000,0,-,-,-,-,3029.0000,3024.8000,3019.0000,3005.6000,2852.2000,3032.2000,3033.0000,3036.2000,3043.8000,3238.2000,6,5,1,1,1,3,1,1,5,2
SF,IH2002,2019-12-23 09:39:42.400,3031.8000,4,0,3637020.000,0,-,-,-,-,3029.4000,3029.0000,3024.8000,3019.0000,3005.6000,3032.2000,3033.0000,3036.2000,3043.8000,3238.2000,1,6,5,1,1,3,1,1,5,2
SF,IH2002,2019-12-23 09:39:42.900,3031.8000,4,0,3637020.000,0,-,-,-,-,3029.6000,3029.4000,3029.0000,3024.8000,3019.0000,3032.2000,3033.0000,3036.2000,3043.8000,3238.2000,1,1,5,5,1,3,1,1,5,2
SF,IH2002,2019-12-23 09:39:47.900,3031.8000,4,0,3637020.000,0,-,-,-,-,3029.6000,3029.4000,3029.0000,3024.8000,3019.0000,3032.2000,3033.0000,3036.2000,3043.8000,3238.2000,1,1,5,5,1,2,1,1,5,2
SF,IH2002,2019-12-23 09:39:53.400,3031.8000,4,0,3637020.000,0,-,-,-,-,3029.6000,3029.4000,3029.0000,3024.8000,3019.0000,3032.0000,3032.2000,3033.0000,3036.2000,3043.8000,1,1,5,5,1,1,2,1,1,5
SF,IH2002,2019-12-23 09:39:53.900,3031.8000,4,0,3637020.000,0,-,-,-,-,3029.4000,3029.0000,3024.8000,3019.0000,3005.6000,3031.8000,3032.2000,3033.0000,3036.2000,3043.8000,1,5,5,1,1,2,1,1,1,5
SF,IH2002,2019-12-23 09:39:55.900,3031.8000,4,0,3637020.000,0,-,-,-,-,3029.4000,3029.0000,3024.8000,3019.0000,3005.6000,3031.8000,3032.2000,3033.0000,3036.2000,3043.8000,1,5,5,1,1,1,1,1,1,5
SF,IH2002,2019-12-23 09:39:59.900,3031.8000,4,0,3637020.000,0,-,-,-,-,3029.4000,3029.0000,3024.8000,3019.0000,3005.6000,3031.6000,3031.8000,3032.2000,3033.0000,3036.2000,1,5,5,1,1,1,1,1,1,1
SF,IH2002,2019-12-23 09:40:00.400,3031.8000,4,0,3637020.000,0,-,-,-,-,3029.4000,3029.0000,3024.8000,3019.0000,3005.6000,3031.4000,3031.6000,3032.2000,3033.0000,3036.2000,1,5,5,1,1,1,1,1,1,1
SF,IH2002,2019-12-23 09:40:03.400,3031.8000,4,0,3637020.000,0,-,-,-,-,3029.4000,3029.0000,3024.8000,3019.0000,3005.6000,3031.4000,3032.2000,3033.0000,3036.2000,3043.8000,1,5,5,1,1,1,1,1,1,5
SF,IH2002,2019-12-23 09:40:03.900,3031.8000,4,0,3637020.000,0,-,-,-,-,3029.4000,3029.0000,3024.8000,3019.0000,3005.6000,3031.4000,3032.2000,3033.0000,3036.2000,3043.8000,2,5,5,1,1,1,1,1,1,5
SF,IH2002,2019-12-23 09:40:13.400,3031.8000,4,0,3637020.000,0,-,-,-,-,3029.4000,3029.0000,3024.8000,3019.0000,3005.6000,3031.2000,3031.4000,3032.2000,3033.0000,3036.2000,2,5,5,1,1,2,1,1,1,1
SF,IH2002,2019-12-23 09:40:16.400,3031.8000,4,0,3637020.000,0,-,-,-,-,3029.4000,3029.0000,3024.8000,3019.0000,3005.6000,3031.2000,3031.4000,3033.0000,3036.2000,3043.8000,2,5,5,1,1,2,1,1,1,5
SF,IH2002,2019-12-23 09:40:43.900,3031.8000,4,0,3637020.000,0,-,-,-,-,3029.6000,3029.4000,3029.0000,3024.8000,3019.0000,3031.2000,3031.4000,3033.0000,3036.2000,3043.8000,2,2,5,5,1,2,1,1,1,5
SF,IH2002,2019-12-23 09:40:44.400,3031.2000,5,1,4546380.000,1,1,0,双开,S,3029.8000,3029.4000,3029.0000,3024.8000,3019.0000,3031.2000,3033.0000,3036.2000,3043.8000,3238.2000,1,1,5,5,1,1,1,1,5,2
SF,IH2002,2019-12-23 09:41:01.900,3031.2000,5,0,4546380.000,0,-,-,-,-,3030.0000,3029.8000,3029.4000,3029.0000,3024.8000,3031.2000,3033.0000,3036.2000,3043.8000,3238.2000,6,1,1,5,5,1,1,1,5,2
SF,IH2002,2019-12-23 09:41:07.400,3031.2000,5,0,4546380.000,0,-,-,-,-,3029.8000,3029.4000,3029.0000,3024.8000,3019.0000,3031.2000,3033.0000,3036.2000,3043.8000,3238.2000,1,1,5,5,1,1,1,1,5,2
SF,IH2002,2019-12-23 09:41:27.400,3031.2000,5,0,4546380.000,0,-,-,-,-,3029.8000,3029.4000,3029.0000,3024.8000,3019.0000,3031.2000,3033.0000,3036.2000,3043.8000,3238.2000,1,1,1,5,1,1,1,1,5,2
SF,IH2002,2019-12-23 09:41:35.400,3031.2000,5,0,4546380.000,0,-,-,-,-,3030.0000,3029.8000,3029.4000,3029.0000,3024.8000,3031.2000,3033.0000,3036.2000,3043.8000,3238.2000,4,1,1,1,5,1,1,1,5,2
SF,IH2002,2019-12-23 09:41:39.900,3031.2000,5,0,4546380.000,0,-,-,-,-,3030.0000,3029.8000,3029.4000,3029.0000,3024.8000,3031.2000,3033.0000,3042.0000,3043.8000,3238.2000,4,1,1,1,5,1,1,1,5,2
SF,IH2002,2019-12-23 09:41:43.400,3031.2000,5,0,4546380.000,0,-,-,-,-,3030.0000,3029.8000,3029.4000,3029.0000,3024.8000,3031.2000,3033.0000,3042.0000,3043.8000,3238.2000,4,1,1,1,5,1,1,1,5,2
SF,IH2002,2019-12-23 09:42:01.400,3031.2000,6,1,5455740.000,1,1,0,双开,S,3031.2000,3030.0000,3029.8000,3029.4000,3029.0000,3033.0000,3042.0000,3043.8000,3238.2000,3240.0000,1,4,1,1,1,1,1,5,2,1
SF,IH2002,2019-12-23 09:42:01.900,3031.2000,6,0,5455740.000,0,-,-,-,-,3030.0000,3029.8000,3029.4000,3029.0000,3024.8000,3033.0000,3042.0000,3043.8000,3238.2000,3240.0000,4,1,1,1,5,2,1,5,2,1
SF,IH2002,2019-12-23 09:42:02.400,3031.2000,6,0,5455740.000,0,-,-,-,-,3030.2000,3030.0000,3029.4000,3029.0000,3024.8000,3033.0000,3042.0000,3043.8000,3238.2000,3240.0000,1,4,1,1,5,2,1,5,2,1
SF,IH2002,2019-12-23 09:42:09.400,3031.2000,6,0,5455740.000,0,-,-,-,-,3030.4000,3030.2000,3030.0000,3029.4000,3029.0000,3033.0000,3042.0000,3043.8000,3238.2000,3240.0000,1,1,4,1,1,2,1,5,2,1
SF,IH2002,2019-12-23 09:42:09.900,3031.2000,6,0,5455740.000,0,-,-,-,-,3030.6000,3030.4000,3030.0000,3029.4000,3029.0000,3033.0000,3042.0000,3043.8000,3238.2000,3240.0000,1,1,4,1,1,1,1,5,2,1
SF,IH2002,2019-12-23 09:42:10.900,3031.2000,6,0,5455740.000,0,-,-,-,-,3030.8000,3030.6000,3030.0000,3029.4000,3029.0000,3033.0000,3042.0000,3043.8000,3238.2000,3240.0000,1,1,4,1,1,1,1,5,2,1
SF,IH2002,2019-12-23 09:42:11.400,3031.2000,6,0,5455740.000,0,-,-,-,-,3031.0000,3030.8000,3030.0000,3029.4000,3029.0000,3033.0000,3042.0000,3043.8000,3238.2000,3240.0000,1,1,4,1,1,1,1,5,2,1
SF,IH2002,2019-12-23 09:42:12.400,3031.2000,6,0,5455740.000,0,-,-,-,-,3031.0000,3030.0000,3029.4000,3029.0000,3024.8000,3033.0000,3042.0000,3043.8000,3238.2000,3240.0000,1,4,1,1,5,1,1,5,2,1
SF,IH2002,2019-12-23 09:42:12.900,3031.2000,6,0,5455740.000,0,-,-,-,-,3031.0000,3030.0000,3029.4000,3029.0000,3024.8000,3033.0000,3042.0000,3043.8000,3238.2000,3240.0000,1,4,1,1,5,2,1,5,2,1
SF,IH2002,2019-12-23 09:42:53.900,3031.2000,6,0,5455740.000,0,-,-,-,-,3031.0000,3030.0000,3029.0000,3024.8000,3019.0000,3033.0000,3042.0000,3043.8000,3238.2000,3240.0000,1,4,1,5,1,2,1,5,2,1
SF,IH2002,2019-12-23 09:42:54.400,3031.2000,6,0,5455740.000,0,-,-,-,-,3031.0000,3030.0000,3029.0000,3024.8000,3019.0000,3033.0000,3042.0000,3043.8000,3238.2000,3240.0000,1,4,1,5,1,1,1,5,2,1
SF,IH2002,2019-12-23 09:43:02.900,3033.0000,7,1,6365640.000,1,1,0,双开,S,3031.2000,3031.0000,3030.0000,3029.0000,3024.8000,3042.0000,3043.8000,3238.2000,3240.0000,3268.0000,1,1,4,1,5,1,5,2,1,5
SF,IH2002,2019-12-23 09:43:03.400,3033.0000,7,0,6365640.000,0,-,-,-,-,3031.4000,3031.2000,3030.0000,3029.0000,3024.8000,3041.8000,3042.0000,3043.8000,3238.2000,3240.0000,1,1,4,1,5,1,1,5,2,1
SF,IH2002,2019-12-23 09:43:05.400,3033.0000,7,0,6365640.000,0,-,-,-,-,3031.4000,3031.2000,3030.0000,3029.0000,3024.8000,3038.6000,3041.0000,3041.8000,3042.0000,3043.8000,1,1,4,1,5,1,1,1,1,5
SF,IH2002,2019-12-23 09:43:05.900,3033.0000,7,0,6365640.000,0,-,-,-,-,3031.8000,3031.4000,3031.2000,3030.0000,3029.0000,3038.2000,3038.4000,3038.6000,3041.0000,3042.0000,3,1,1,4,1,1,1,1,1,1
SF,IH2002,2019-12-23 09:43:06.400,3033.0000,7,0,6365640.000,0,-,-,-,-,3032.0000,3031.8000,3031.2000,3030.0000,3029.0000,3038.0000,3038.2000,3038.6000,3041.0000,3042.0000,1,3,1,4,1,1,1,1,1,1
SF,IH2002,2019-12-23 09:43:06.900,3033.0000,7,0,6365640.000,0,-,-,-,-,3032.2000,3032.0000,3031.8000,3030.0000,3029.0000,3037.6000,3038.0000,3041.0000,3042.0000,3043.8000,1,1,3,4,1,2,1,1,1,5
SF,IH2002,2019-12-23 09:43:07.400,3033.0000,7,0,6365640.000,0,-,-,-,-,3032.4000,3032.2000,3031.8000,3030.0000,3029.0000,3037.4000,3037.6000,3041.0000,3042.0000,3043.8000,1,1,3,4,1,1,2,1,1,5
SF,IH2002,2019-12-23 09:43:07.900,3033.0000,7,0,6365640.000,0,-,-,-,-,3032.4000,3032.2000,3031.8000,3030.0000,3029.0000,3037.4000,3037.6000,3042.0000,3043.8000,3238.2000,1,1,3,4,1,1,2,1,5,2
SF,IH2002,2019-12-23 09:43:08.400,3033.0000,7,0,6365640.000,0,-,-,-,-,3032.4000,3032.2000,3031.8000,3030.0000,3029.0000,3036.8000,3037.4000,3043.8000,3238.2000,3240.0000,1,1,2,4,1,1,1,5,2,1
SF,IH2002,2019-12-23 09:43:08.900,3033.0000,7,0,6365640.000,0,-,-,-,-,3032.4000,3032.2000,3031.8000,3030.0000,3029.0000,3036.6000,3036.8000,3043.8000,3238.2000,3240.0000,1,1,2,4,1,1,1,5,2,1
SF,IH2002,2019-12-23 09:43:10.900,3033.0000,7,0,6365640.000,0,-,-,-,-,3032.4000,3032.2000,3031.8000,3029.0000,3024.8000,3036.6000,3036.8000,3043.8000,3238.2000,3240.0000,1,1,2,1,5,1,1,5,2,1
SF,IH2002,2019-12-23 09:43:11.900,3033.0000,7,0,6365640.000,0,-,-,-,-,3032.4000,3031.8000,3029.0000,3024.8000,3019.0000,3036.6000,3036.8000,3043.8000,3238.2000,3240.0000,1,2,1,5,1,1,1,5,2,1
SF,IH2002,2019-12-23 09:43:12.400,3033.0000,7,0,6365640.000,0,-,-,-,-,3032.4000,3031.8000,3029.0000,3024.8000,3019.0000,3036.2000,3036.6000,3036.8000,3043.8000,3238.2000,1,2,1,5,1,2,1,1,5,2
SF,IH2002,2019-12-23 09:43:12.900,3033.0000,7,0,6365640.000,0,-,-,-,-,3032.4000,3031.8000,3029.0000,3024.8000,3019.0000,3036.0000,3036.2000,3036.8000,3043.8000,3238.2000,1,2,1,5,1,1,2,1,5,2
SF,IH2002,2019-12-23 09:43:13.400,3033.0000,7,0,6365640.000,0,-,-,-,-,3032.4000,3031.8000,3029.0000,3024.8000,3019.0000,3036.0000,3036.8000,3043.8000,3238.2000,3240.0000,1,2,1,5,1,1,1,5,2,1
SF,IH2002,2019-12-23 09:43:14.400,3033.0000,7,0,6365640.000,0,-,-,-,-,3032.6000,3032.4000,3031.8000,3029.0000,3024.8000,3036.0000,3036.8000,3043.8000,3238.2000,3240.0000,1,1,2,1,5,1,1,5,2,1
SF,IH2002,2019-12-23 09:43:14.900,3033.0000,7,0,6365640.000,0,-,-,-,-,3032.6000,3031.8000,3029.0000,3024.8000,3019.0000,3036.0000,3036.8000,3043.8000,3238.2000,3240.0000,1,2,1,5,1,1,1,5,2,1
SF,IH2002,2019-12-23 09:43:17.900,3033.0000,7,0,6365640.000,0,-,-,-,-,3032.6000,3031.8000,3029.0000,3024.8000,3019.0000,3035.8000,3036.0000,3036.8000,3043.8000,3238.2000,1,2,1,5,1,1,1,1,5,2
SF,IH2002,2019-12-23 09:43:18.400,3033.0000,7,0,6365640.000,0,-,-,-,-,3032.8000,3032.6000,3031.8000,3029.0000,3024.8000,3035.6000,3035.8000,3036.8000,3043.8000,3238.2000,1,1,2,1,5,1,1,1,5,2
SF,IH2002,2019-12-23 09:43:19.900,3033.0000,7,0,6365640.000,0,-,-,-,-,3032.8000,3032.6000,3029.0000,3024.8000,3019.0000,3035.6000,3035.8000,3036.8000,3043.8000,3238.2000,1,1,1,5,1,1,1,1,5,2
SF,IH2002,2019-12-23 09:43:21.400,3033.0000,7,0,6365640.000,0,-,-,-,-,3032.8000,3029.0000,3024.8000,3019.0000,3005.6000,3035.6000,3035.8000,3036.8000,3043.8000,3238.2000,1,1,5,1,1,1,1,1,5,2
SF,IH2002,2019-12-23 09:43:22.900,3033.0000,7,0,6365640.000,0,-,-,-,-,3032.8000,3029.0000,3024.8000,3019.0000,3005.6000,3035.6000,3036.8000,3043.8000,3238.2000,3240.0000,1,1,5,1,1,1,1,5,2,1
SF,IH2002,2019-12-23 09:43:23.400,3033.0000,7,0,6365640.000,0,-,-,-,-,3032.8000,3029.0000,3024.8000,3019.0000,3005.6000,3036.8000,3043.8000,3238.2000,3240.0000,3268.0000,1,1,5,1,1,1,5,2,1,5
SF,IH2002,2019-12-23 09:43:23.900,3033.0000,7,0,6365640.000,0,-,-,-,-,3032.8000,3029.0000,3024.8000,3019.0000,3005.6000,3036.6000,3041.4000,3043.8000,3238.2000,3240.0000,1,1,5,1,1,1,1,5,2,1
SF,IH2002,2019-12-23 09:43:49.400,3033.0000,7,0,6365640.000,0,-,-,-,-,3033.2000,3032.8000,3029.0000,3024.8000,3019.0000,3036.6000,3041.4000,3043.8000,3238.2000,3240.0000,1,1,1,5,1,1,1,5,2,1
SF,IH2002,2019-12-23 09:43:49.900,3033.0000,7,0,6365640.000,0,-,-,-,-,3033.4000,3033.2000,3029.0000,3024.8000,3019.0000,3036.6000,3041.4000,3043.8000,3238.2000,3240.0000,1,1,1,5,1,1,1,5,2,1
SF,IH2002,2019-12-23 09:43:51.400,3033.0000,7,0,6365640.000,0,-,-,-,-,3033.4000,3029.0000,3024.8000,3019.0000,3005.6000,3036.6000,3041.4000,3043.8000,3238.2000,3240.0000,1,1,5,1,1,1,1,5,2,1
SF,IH2002,2019-12-23 09:43:51.900,3033.0000,7,0,6365640.000,0,-,-,-,-,3033.6000,3033.4000,3029.0000,3024.8000,3019.0000,3036.6000,3041.4000,3043.8000,3238.2000,3240.0000,1,1,1,5,1,1,1,5,2,1
SF,IH2002,2019-12-23 09:43:52.400,3033.0000,7,0,6365640.000,0,-,-,-,-,3033.8000,3033.6000,3029.0000,3024.8000,3019.0000,3036.6000,3041.4000,3043.8000,3238.2000,3240.0000,1,1,1,5,1,1,1,5,2,1
SF,IH2002,2019-12-23 09:43:53.400,3033.0000,7,0,6365640.000,0,-,-,-,-,3033.8000,3029.0000,3024.8000,3019.0000,3005.6000,3036.6000,3041.4000,3043.8000,3238.2000,3240.0000,1,1,5,1,1,1,1,5,2,1
SF,IH2002,2019-12-23 09:44:00.900,3033.0000,7,0,6365640.000,0,-,-,-,-,3033.8000,3029.0000,3024.8000,3019.0000,3005.6000,3036.2000,3036.6000,3041.4000,3043.8000,3238.2000,1,1,5,1,1,1,1,1,5,2
SF,IH2002,2019-12-23 09:44:01.400,3033.0000,7,0,6365640.000,0,-,-,-,-,3033.8000,3029.0000,3024.8000,3019.0000,3005.6000,3036.2000,3041.4000,3043.8000,3238.2000,3240.0000,1,1,5,1,1,1,1,5,2,1
SF,IH2002,2019-12-23 09:44:25.400,3033.0000,7,0,6365640.000,0,-,-,-,-,3034.0000,3033.8000,3029.0000,3024.8000,3019.0000,3036.2000,3041.4000,3043.8000,3238.2000,3240.0000,1,1,1,5,1,1,1,5,2,1
SF,IH2002,2019-12-23 09:44:25.900,3033.0000,7,0,6365640.000,0,-,-,-,-,3034.2000,3034.0000,3029.0000,3024.8000,3019.0000,3036.2000,3041.4000,3043.8000,3238.2000,3240.0000,1,1,1,5,1,1,1,5,2,1
SF,IH2002,2019-12-23 09:44:26.400,3033.0000,7,0,6365640.000,0,-,-,-,-,3034.2000,3029.0000,3024.8000,3019.0000,3005.6000,3036.2000,3043.8000,3238.2000,3240.0000,3268.0000,1,1,5,1,1,1,5,2,1,5
SF,IH2002,2019-12-23 09:44:26.900,3033.0000,7,0,6365640.000,0,-,-,-,-,3034.2000,3029.0000,3024.8000,3019.0000,3005.6000,3036.2000,3043.8000,3046.2000,3238.2000,3240.0000,1,1,5,1,1,1,5,1,2,1
SF,IH2002,2019-12-23 09:44:30.400,3033.0000,7,0,6365640.000,0,-,-,-,-,3034.2000,3032.4000,3029.0000,3019.0000,3005.6000,3043.8000,3046.2000,3238.2000,3240.0000,3268.0000,1,5,1,1,1,5,1,2,1,5
SF,IH2002,2019-12-23 09:44:30.900,3033.0000,7,0,6365640.000,0,-,-,-,-,3034.2000,3032.4000,3029.0000,3019.0000,3005.6000,3042.2000,3043.6000,3043.8000,3046.2000,3238.2000,1,5,1,1,1,1,1,5,1,2
SF,IH2002,2019-12-23 09:44:31.400,3033.0000,7,0,6365640.000,0,-,-,-,-,3034.2000,3032.4000,3029.0000,3019.0000,3005.6000,3042.0000,3043.8000,3046.2000,3238.2000,3240.0000,1,5,1,1,1,1,5,1,2,1
SF,IH2002,2019-12-23 09:44:31.900,3033.0000,7,0,6365640.000,0,-,-,-,-,3034.2000,3032.4000,3029.0000,3019.0000,3005.6000,3042.0000,3046.2000,3047.6000,3238.2000,3240.0000,1,5,1,1,1,1,1,5,2,1
SF,IH2002,2019-12-23 09:44:33.400,3033.0000,7,0,6365640.000,0,-,-,-,-,3034.4000,3034.2000,3032.4000,3029.0000,3019.0000,3042.0000,3046.2000,3047.6000,3238.2000,3240.0000,1,1,5,1,1,1,1,5,2,1
SF,IH2002,2019-12-23 09:44:33.900,3033.0000,7,0,6365640.000,0,-,-,-,-,3034.6000,3034.4000,3032.4000,3029.0000,3019.0000,3040.4000,3042.0000,3047.6000,3238.2000,3240.0000,1,1,5,1,1,1,1,5,2,1
SF,IH2002,2019-12-23 09:44:34.400,3033.0000,7,0,6365640.000,0,-,-,-,-,3034.6000,3034.4000,3032.4000,3029.0000,3019.0000,3040.2000,3040.4000,3047.6000,3049.2000,3238.2000,1,1,5,1,1,1,1,5,1,2
SF,IH2002,2019-12-23 09:44:35.400,3033.0000,7,0,6365640.000,0,-,-,-,-,3034.6000,3034.4000,3032.4000,3029.0000,3019.0000,3039.4000,3040.2000,3047.6000,3049.2000,3238.2000,1,1,5,1,1,1,1,5,1,2
SF,IH2002,2019-12-23 09:44:35.900,3033.0000,7,0,6365640.000,0,-,-,-,-,3034.6000,3032.4000,3029.0000,3019.0000,3005.6000,3039.2000,3039.4000,3047.6000,3049.2000,3238.2000,1,5,1,1,1,1,1,5,1,2
SF,IH2002,2019-12-23 09:44:36.400,3033.0000,7,0,6365640.000,0,-,-,-,-,3034.6000,3032.4000,3029.0000,3019.0000,3005.6000,3039.2000,3047.6000,3049.2000,3238.2000,3240.0000,1,5,1,1,1,2,5,1,2,1
SF,IH2002,2019-12-23 09:44:38.400,3033.0000,7,0,6365640.000,0,-,-,-,-,3034.8000,3034.6000,3032.4000,3029.0000,3019.0000,3039.2000,3047.6000,3049.2000,3238.2000,3240.0000,2,1,5,1,1,2,5,1,2,1
SF,IH2002,2019-12-23 09:44:38.900,3033.0000,7,0,6365640.000,0,-,-,-,-,3035.0000,3034.8000,3032.4000,3029.0000,3019.0000,3039.2000,3047.6000,3049.2000,3238.2000,3240.0000,1,2,5,1,1,2,5,1,2,1
SF,IH2002,2019-12-23 09:44:39.900,3033.0000,7,0,6365640.000,0,-,-,-,-,3035.2000,3035.0000,3032.4000,3029.0000,3019.0000,3039.2000,3047.6000,3049.2000,3238.2000,3240.0000,1,1,5,1,1,2,5,1,2,1
SF,IH2002,2019-12-23 09:44:40.400,3033.0000,7,0,6365640.000,0,-,-,-,-,3035.4000,3035.2000,3032.4000,3029.0000,3019.0000,3039.2000,3047.6000,3049.2000,3238.2000,3240.0000,1,1,5,1,1,2,5,1,2,1
SF,IH2002,2019-12-23 09:44:43.400,3033.0000,7,0,6365640.000,0,-,-,-,-,3035.6000,3035.4000,3032.4000,3029.0000,3019.0000,3039.2000,3047.6000,3049.2000,3238.2000,3240.0000,1,1,5,1,1,2,5,1,2,1
SF,IH2002,2019-12-23 09:44:43.900,3033.0000,7,0,6365640.000,0,-,-,-,-,3036.0000,3035.8000,3035.6000,3032.4000,3029.0000,3039.2000,3047.6000,3049.2000,3238.2000,3240.0000,1,1,1,5,1,2,5,1,2,1
SF,IH2002,2019-12-23 09:44:44.400,3033.0000,7,0,6365640.000,0,-,-,-,-,3036.2000,3036.0000,3035.6000,3032.4000,3029.0000,3039.2000,3047.6000,3049.2000,3238.2000,3240.0000,1,1,1,5,1,2,5,1,2,1
SF,IH2002,2019-12-23 09:44:45.400,3033.0000,7,0,6365640.000,0,-,-,-,-,3036.4000,3036.2000,3035.6000,3032.4000,3029.0000,3039.2000,3047.6000,3049.2000,3238.2000,3240.0000,1,1,1,5,1,2,5,1,2,1
SF,IH2002,2019-12-23 09:44:45.900,3033.0000,7,0,6365640.000,0,-,-,-,-,3036.6000,3036.4000,3035.6000,3032.4000,3029.0000,3039.2000,3047.6000,3049.2000,3238.2000,3240.0000,1,1,1,5,1,2,5,1,2,1
SF,IH2002,2019-12-23 09:44:46.400,3033.0000,7,0,6365640.000,0,-,-,-,-,3036.4000,3032.4000,3029.0000,3019.0000,3005.6000,3039.2000,3047.6000,3049.2000,3238.2000,3240.0000,1,5,1,1,1,2,5,1,2,1
SF,IH2002,2019-12-23 09:44:46.900,3033.0000,7,0,6365640.000,0,-,-,-,-,3036.6000,3032.4000,3029.0000,3019.0000,3005.6000,3039.2000,3047.6000,3049.2000,3238.2000,3240.0000,1,5,1,1,1,2,5,1,2,1
SF,IH2002,2019-12-23 09:44:48.900,3039.2000,8,1,7277400.000,1,1,0,双开,S,3036.6000,3032.4000,3029.0000,3019.0000,3005.6000,3039.2000,3047.6000,3049.2000,3238.2000,3240.0000,1,5,1,1,1,1,5,1,2,1
SF,IH2002,2019-12-23 09:44:49.900,3039.2000,8,0,7277400.000,0,-,-,-,-,3036.6000,3032.4000,3029.0000,3019.0000,3005.6000,3042.2000,3047.6000,3049.2000,3238.2000,3240.0000,1,5,1,1,1,1,5,1,2,1
SF,IH2002,2019-12-23 09:44:50.400,3039.2000,8,0,7277400.000,0,-,-,-,-,3036.6000,3032.4000,3029.0000,3019.0000,3005.6000,3041.0000,3042.0000,3042.2000,3047.6000,3049.2000,1,5,1,1,1,3,1,1,5,1
SF,IH2002,2019-12-23 09:44:50.900,3039.2000,8,0,7277400.000,0,-,-,-,-,3036.6000,3032.4000,3029.0000,3019.0000,3005.6000,3040.4000,3040.8000,3041.0000,3047.6000,3049.2000,1,5,1,1,1,1,1,3,5,1
SF,IH2002,2019-12-23 09:44:51.400,3039.2000,8,0,7277400.000,0,-,-,-,-,3036.6000,3032.4000,3029.0000,3019.0000,3005.6000,3040.2000,3040.4000,3041.0000,3047.6000,3049.2000,1,5,1,1,1,2,1,3,5,1
SF,IH2002,2019-12-23 09:44:52.400,3039.2000,8,0,7277400.000,0,-,-,-,-,3036.6000,3032.4000,3029.0000,3019.0000,3005.6000,3040.2000,3041.0000,3047.6000,3049.2000,3238.2000,1,5,1,1,1,2,3,5,1,2
SF,IH2002,2019-12-23 09:44:53.900,3039.2000,8,0,7277400.000,0,-,-,-,-,3037.0000,3036.6000,3032.4000,3029.0000,3019.0000,3040.2000,3041.0000,3047.6000,3049.2000,3238.2000,1,1,5,1,1,2,3,5,1,2
SF,IH2002,2019-12-23 09:44:54.400,3039.2000,8,0,7277400.000,0,-,-,-,-,3037.0000,3032.4000,3029.0000,3019.0000,3005.6000,3040.2000,3041.0000,3047.6000,3049.2000,3238.2000,2,5,1,1,1,2,3,5,1,2
SF,IH2002,2019-12-23 09:45:01.400,3039.2000,8,0,7277400.000,0,-,-,-,-,3037.0000,3032.4000,3029.0000,3019.0000,3005.6000,3040.2000,3047.6000,3049.2000,3238.2000,3240.0000,2,5,1,1,1,2,5,1,2,1
SF,IH2002,2019-12-23 09:45:01.900,3039.2000,8,0,7277400.000,0,-,-,-,-,3037.0000,3032.4000,3029.0000,3019.0000,3005.6000,3040.2000,3047.6000,3049.2000,3238.2000,3240.0000,2,5,1,1,1,1,5,1,2,1
SF,IH2002,2019-12-23 09:45:02.900,3039.2000,8,0,7277400.000,0,-,-,-,-,3037.0000,3032.4000,3029.0000,3019.0000,3005.6000,3047.6000,3049.2000,3238.2000,3240.0000,3268.0000,2,5,1,1,1,5,1,2,1,5
SF,IH2002,2019-12-23 09:45:03.400,3039.2000,8,0,7277400.000,0,-,-,-,-,3037.0000,3032.4000,3029.0000,3019.0000,3005.6000,3043.0000,3044.6000,3044.8000,3047.4000,3047.6000,2,5,1,1,1,1,3,1,1,5
SF,IH2002,2019-12-23 09:45:03.900,3039.2000,8,0,7277400.000,0,-,-,-,-,3037.0000,3032.4000,3029.0000,3019.0000,3005.6000,3042.8000,3043.0000,3044.6000,3044.8000,3047.6000,2,5,1,1,1,1,1,3,1,5
SF,IH2002,2019-12-23 09:45:04.400,3039.2000,8,0,7277400.000,0,-,-,-,-,3037.0000,3032.4000,3029.0000,3019.0000,3005.6000,3042.8000,3043.0000,3044.6000,3047.6000,3049.2000,2,5,1,1,1,1,1,3,5,1
SF,IH2002,2019-12-23 09:45:05.900,3039.2000,8,0,7277400.000,0,-,-,-,-,3037.2000,3037.0000,3032.4000,3029.0000,3019.0000,3042.8000,3044.6000,3047.6000,3049.2000,3238.2000,1,1,5,1,1,1,3,5,1,2
SF,IH2002,2019-12-23 09:45:06.400,3039.2000,8,0,7277400.000,0,-,-,-,-,3037.4000,3037.2000,3032.4000,3029.0000,3019.0000,3041.6000,3042.8000,3044.6000,3047.6000,3049.2000,1,1,5,1,1,1,1,3,5,1
SF,IH2002,2019-12-23 09:45:06.900,3039.2000,8,0,7277400.000,0,-,-,-,-,3037.4000,3037.2000,3032.4000,3029.0000,3019.0000,3041.4000,3041.6000,3044.6000,3047.6000,3049.2000,1,1,5,1,1,1,1,3,5,1
SF,IH2002,2019-12-23 09:45:07.400,3039.2000,8,0,7277400.000,0,-,-,-,-,3037.4000,3037.2000,3032.4000,3029.0000,3019.0000,3041.4000,3041.6000,3047.6000,3049.2000,3238.2000,1,1,5,1,1,1,1,5,1,2
SF,IH2002,2019-12-23 09:45:07.900,3039.2000,8,0,7277400.000,0,-,-,-,-,3037.4000,3037.2000,3032.4000,3029.0000,3019.0000,3041.4000,3041.6000,3047.6000,3049.2000,3238.2000,1,1,5,1,1,4,1,5,1,2
SF,IH2002,2019-12-23 09:45:08.400,3039.2000,8,0,7277400.000,0,-,-,-,-,3037.4000,3037.2000,3032.4000,3029.0000,3019.0000,3041.0000,3041.4000,3047.6000,3049.2000,3238.2000,1,1,5,1,1,1,4,5,1,2
SF,IH2002,2019-12-23 09:45:08.900,3039.2000,8,0,7277400.000,0,-,-,-,-,3037.4000,3037.2000,3032.4000,3029.0000,3019.0000,3040.8000,3041.0000,3047.6000,3049.2000,3238.2000,1,1,5,1,1,1,1,5,1,2
SF,IH2002,2019-12-23 09:45:09.400,3039.2000,8,0,7277400.000,0,-,-,-,-,3037.6000,3037.4000,3032.4000,3029.0000,3019.0000,3040.8000,3041.0000,3047.6000,3049.2000,3238.2000,1,1,5,1,1,1,1,5,1,2
SF,IH2002,2019-12-23 09:45:09.900,3039.2000,8,0,7277400.000,0,-,-,-,-,3037.8000,3037.6000,3032.4000,3029.0000,3019.0000,3040.8000,3041.0000,3047.6000,3049.2000,3238.2000,1,1,5,1,1,1,1,5,1,2
SF,IH2002,2019-12-23 09:45:10.900,3039.2000,8,0,7277400.000,0,-,-,-,-,3037.8000,3032.4000,3029.0000,3019.0000,3005.6000,3040.8000,3041.0000,3047.6000,3049.2000,3238.2000,1,5,1,1,1,4,1,5,1,2
SF,IH2002,2019-12-23 09:45:13.900,3039.2000,8,0,7277400.000,0,-,-,-,-,3037.8000,3032.4000,3029.0000,3019.0000,3005.6000,3040.6000,3040.8000,3041.0000,3047.6000,3049.2000,1,5,1,1,1,1,4,1,5,1
SF,IH2002,2019-12-23 09:45:14.400,3039.2000,8,0,7277400.000,0,-,-,-,-,3037.8000,3032.4000,3029.0000,3019.0000,3005.6000,3040.4000,3040.6000,3040.8000,3041.0000,3047.6000,1,5,1,1,1,1,1,3,1,5
SF,IH2002,2019-12-23 09:45:14.900,3039.2000,8,0,7277400.000,0,-,-,-,-,3037.8000,3032.4000,3029.0000,3019.0000,3005.6000,3040.2000,3040.4000,3040.6000,3040.8000,3047.6000,1,5,1,1,1,1,1,1,3,5
SF,IH2002,2019-12-23 09:45:15.400,3039.2000,8,0,7277400.000,0,-,-,-,-,3032.4000,3029.0000,3019.0000,3005.6000,2999.0000,3040.0000,3040.2000,3040.6000,3040.8000,3047.6000,5,1,1,1,1,1,1,1,3,5
SF,IH2002,2019-12-23 09:45:15.900,3039.2000,8,0,7277400.000,0,-,-,-,-,3032.6000,3032.4000,3029.0000,3019.0000,3005.6000,3040.0000,3040.2000,3040.6000,3040.8000,3047.6000,1,5,1,1,1,1,1,1,3,5
SF,IH2002,2019-12-23 09:45:17.400,3039.2000,8,0,7277400.000,0,-,-,-,-,3033.2000,3032.6000,3032.4000,3029.0000,3019.0000,3039.8000,3040.0000,3040.2000,3040.6000,3040.8000,1,1,5,1,1,1,1,1,1,3
SF,IH2002,2019-12-23 09:45:17.900,3039.2000,8,0,7277400.000,0,-,-,-,-,3033.4000,3033.2000,3032.4000,3029.0000,3019.0000,3039.6000,3039.8000,3040.2000,3040.6000,3040.8000,1,1,5,1,1,1,1,1,1,3
SF,IH2002,2019-12-23 09:45:18.900,3039.2000,8,0,7277400.000,0,-,-,-,-,3033.4000,3033.2000,3032.4000,3029.0000,3019.0000,3039.6000,3040.2000,3040.8000,3047.6000,3049.2000,1,1,5,1,1,1,1,3,5,1
SF,IH2002,2019-12-23 09:45:19.400,3039.2000,8,0,7277400.000,0,-,-,-,-,3033.8000,3033.4000,3032.4000,3029.0000,3019.0000,3039.6000,3040.2000,3040.8000,3047.6000,3049.2000,1,1,5,1,1,1,1,3,5,1
SF,IH2002,2019-12-23 09:45:19.900,3039.2000,8,0,7277400.000,0,-,-,-,-,3034.0000,3033.8000,3032.4000,3029.0000,3019.0000,3039.6000,3040.2000,3040.8000,3047.6000,3049.2000,1,1,5,1,1,1,1,3,5,1
SF,IH2002,2019-12-23 09:45:20.900,3039.2000,8,0,7277400.000,0,-,-,-,-,3034.2000,3034.0000,3032.4000,3029.0000,3019.0000,3039.6000,3040.2000,3040.8000,3047.6000,3049.2000,1,1,5,1,1,1,1,3,5,1
SF,IH2002,2019-12-23 09:45:21.400,3039.2000,8,0,7277400.000,0,-,-,-,-,3034.4000,3034.2000,3032.4000,3029.0000,3019.0000,3039.6000,3040.2000,3040.8000,3047.6000,3049.2000,1,1,5,1,1,1,1,3,5,1
SF,IH2002,2019-12-23 09:45:21.900,3039.2000,8,0,7277400.000,0,-,-,-,-,3035.0000,3034.4000,3034.2000,3032.4000,3029.0000,3039.6000,3040.2000,3040.8000,3047.6000,3049.2000,1,1,1,5,1,1,1,3,5,1
SF,IH2002,2019-12-23 09:45:22.400,3039.2000,8,0,7277400.000,0,-,-,-,-,3035.2000,3035.0000,3034.2000,3032.4000,3029.0000,3039.6000,3040.2000,3040.8000,3047.6000,3049.2000,1,1,1,5,1,1,1,3,5,1
SF,IH2002,2019-12-23 09:45:22.900,3039.2000,8,0,7277400.000,0,-,-,-,-,3035.2000,3035.0000,3032.4000,3029.0000,3019.0000,3039.4000,3039.6000,3040.8000,3047.6000,3049.2000,1,1,5,1,1,1,1,3,5,1
SF,IH2002,2019-12-23 09:45:23.400,3039.2000,8,0,7277400.000,0,-,-,-,-,3035.2000,3035.0000,3032.4000,3029.0000,3019.0000,3039.2000,3039.4000,3040.8000,3047.6000,3049.2000,1,1,5,1,1,1,1,3,5,1
SF,IH2002,2019-12-23 09:45:24.400,3039.2000,8,0,7277400.000,0,-,-,-,-,3035.2000,3032.4000,3029.0000,3019.0000,3005.6000,3039.2000,3039.4000,3040.8000,3047.6000,3049.2000,1,5,1,1,1,1,1,3,5,1
SF,IH2002,2019-12-23 09:45:25.900,3039.2000,8,0,7277400.000,0,-,-,-,-,3035.2000,3032.4000,3029.0000,3019.0000,3005.6000,3038.8000,3039.2000,3040.8000,3047.6000,3049.2000,1,5,1,1,1,1,1,3,5,1
SF,IH2002,2019-12-23 09:45:26.400,3039.2000,8,0,7277400.000,0,-,-,-,-,3035.2000,3032.4000,3029.0000,3019.0000,3005.6000,3038.6000,3038.8000,3040.8000,3047.6000,3049.2000,1,5,1,1,1,1,1,3,5,1
SF,IH2002,2019-12-23 09:45:28.400,3039.2000,8,0,7277400.000,0,-,-,-,-,3035.2000,3032.4000,3029.0000,3019.0000,3005.6000,3038.2000,3038.6000,3038.8000,3040.8000,3047.6000,1,5,1,1,1,2,1,1,3,5
SF,IH2002,2019-12-23 09:45:28.900,3039.2000,8,0,7277400.000,0,-,-,-,-,3035.2000,3032.4000,3029.0000,3019.0000,3005.6000,3038.2000,3038.8000,3040.8000,3047.6000,3049.2000,1,5,1,1,1,3,1,3,5,1
SF,IH2002,2019-12-23 09:45:32.400,3039.2000,8,0,7277400.000,0,-,-,-,-,3035.2000,3032.4000,3029.0000,3019.0000,3005.6000,3038.2000,3038.8000,3040.8000,3047.6000,3049.2000,1,5,1,1,1,1,1,3,5,1
SF,IH2002,2019-12-23 09:45:32.900,3039.2000,8,0,7277400.000,0,-,-,-,-,3035.4000,3035.2000,3032.4000,3029.0000,3019.0000,3038.8000,3040.8000,3047.6000,3049.2000,3238.2000,2,1,5,1,1,1,3,5,1,2
SF,IH2002,2019-12-23 09:45:33.400,3039.2000,8,0,7277400.000,0,-,-,-,-,3035.6000,3035.4000,3032.4000,3029.0000,3019.0000,3038.6000,3040.8000,3041.6000,3047.6000,3049.2000,1,2,5,1,1,1,3,1,5,1
SF,IH2002,2019-12-23 09:45:33.900,3039.2000,8,0,7277400.000,0,-,-,-,-,3035.6000,3032.4000,3029.0000,3019.0000,3005.6000,3038.0000,3038.6000,3040.8000,3041.6000,3047.6000,1,5,1,1,1,2,1,3,1,5
SF,IH2002,2019-12-23 09:45:34.400,3039.2000,8,0,7277400.000,0,-,-,-,-,3035.6000,3032.4000,3029.0000,3019.0000,3005.6000,3038.6000,3040.8000,3041.6000,3047.6000,3049.2000,1,5,1,1,1,1,3,1,5,1
SF,IH2002,2019-12-23 09:45:35.900,3039.2000,8,0,7277400.000,0,-,-,-,-,3035.6000,3032.4000,3019.0000,3005.6000,2999.0000,3038.6000,3040.8000,3041.6000,3047.6000,3049.2000,1,5,1,1,1,1,3,1,5,1
SF,IH2002,2019-12-23 09:45:40.900,3039.2000,8,0,7277400.000,0,-,-,-,-,3035.8000,3035.6000,3032.4000,3019.0000,3005.6000,3038.6000,3040.8000,3041.6000,3047.6000,3049.2000,1,1,5,1,1,1,3,1,5,1
SF,IH2002,2019-12-23 09:45:41.400,3039.2000,8,0,7277400.000,0,-,-,-,-,3036.0000,3035.8000,3032.4000,3019.0000,3005.6000,3038.6000,3040.8000,3041.6000,3047.6000,3049.2000,1,1,5,1,1,1,3,1,5,1
SF,IH2002,2019-12-23 09:45:42.400,3039.2000,8,0,7277400.000,0,-,-,-,-,3036.0000,3032.4000,3019.0000,3005.6000,2999.0000,3038.6000,3040.8000,3041.6000,3047.6000,3049.2000,1,5,1,1,1,1,3,1,5,1
SF,IH2002,2019-12-23 09:45:42.900,3039.2000,8,0,7277400.000,0,-,-,-,-,3036.0000,3032.4000,3019.0000,3005.6000,2999.0000,3038.4000,3038.6000,3040.8000,3041.6000,3047.6000,1,5,1,1,1,1,1,3,1,5
SF,IH2002,2019-12-23 09:45:43.400,3039.2000,8,0,7277400.000,0,-,-,-,-,3036.0000,3032.4000,3019.0000,3005.6000,2999.0000,3038.2000,3038.4000,3040.8000,3041.6000,3047.6000,1,5,1,1,1,1,1,3,1,5
SF,IH2002,2019-12-23 09:45:43.900,3039.2000,8,0,7277400.000,0,-,-,-,-,3036.0000,3032.4000,3019.0000,3005.6000,2999.0000,3038.2000,3040.8000,3041.6000,3047.6000,3049.2000,1,5,1,1,1,1,3,1,5,1
SF,IH2002,2019-12-23 09:45:57.900,3039.2000,8,0,7277400.000,0,-,-,-,-,3036.0000,3032.4000,3019.0000,3005.6000,2999.0000,3038.2000,3041.6000,3047.6000,3049.2000,3238.2000,1,5,1,1,1,1,1,5,1,2
SF,IH2002,2019-12-23 09:45:58.400,3039.2000,8,0,7277400.000,0,-,-,-,-,3036.0000,3032.4000,3019.0000,3005.6000,2999.0000,3041.6000,3047.6000,3049.2000,3238.2000,3240.0000,1,5,1,1,1,1,5,1,2,1
SF,IH2002,2019-12-23 09:45:58.900,3039.2000,8,0,7277400.000,0,-,-,-,-,3036.0000,3032.4000,3019.0000,3005.6000,2999.0000,3041.2000,3041.4000,3041.6000,3047.6000,3049.2000,1,5,1,1,1,3,1,1,5,1
SF,IH2002,2019-12-23 09:45:59.400,3039.2000,8,0,7277400.000,0,-,-,-,-,3036.0000,3032.4000,3019.0000,3005.6000,2999.0000,3041.0000,3041.2000,3041.6000,3047.6000,3049.2000,1,5,1,1,1,1,3,1,5,1
SF,IH2002,2019-12-23 09:46:00.400,3039.2000,8,0,7277400.000,0,-,-,-,-,3036.0000,3032.4000,3019.0000,3005.6000,2999.0000,3040.0000,3041.0000,3041.2000,3041.6000,3047.6000,1,5,1,1,1,2,1,3,1,5
SF,IH2002,2019-12-23 09:46:00.900,3039.2000,8,0,7277400.000,0,-,-,-,-,3036.0000,3032.4000,3019.0000,3005.6000,2999.0000,3039.8000,3040.0000,3040.2000,3041.2000,3047.6000,1,5,1,1,1,1,2,1,3,5
SF,IH2002,2019-12-23 09:46:01.900,3039.2000,8,0,7277400.000,0,-,-,-,-,3036.0000,3032.4000,3019.0000,3005.6000,2999.0000,3039.6000,3039.8000,3040.2000,3041.2000,3047.6000,1,5,1,1,1,2,1,1,3,5
SF,IH2002,2019-12-23 09:46:02.400,3039.2000,8,0,7277400.000,0,-,-,-,-,3036.0000,3032.4000,3019.0000,3005.6000,2999.0000,3039.4000,3039.6000,3040.2000,3041.2000,3047.6000,1,5,1,1,1,2,2,1,3,5
SF,IH2002,2019-12-23 09:46:03.900,3039.2000,8,0,7277400.000,0,-,-,-,-,3036.0000,3032.4000,3019.0000,3005.6000,2999.0000,3039.0000,3039.2000,3039.4000,3040.2000,3041.2000,1,5,1,1,1,2,1,1,1,3
SF,IH2002,2019-12-23 09:46:04.400,3039.2000,8,0,7277400.000,0,-,-,-,-,3036.0000,3032.4000,3019.0000,3005.6000,2999.0000,3038.8000,3039.0000,3039.2000,3040.2000,3041.2000,1,5,1,1,1,1,2,1,1,3
SF,IH2002,2019-12-23 09:46:05.400,3039.2000,8,0,7277400.000,0,-,-,-,-,3036.0000,3032.4000,3019.0000,3005.6000,2999.0000,3038.6000,3038.8000,3039.2000,3040.2000,3041.2000,1,5,1,1,1,2,1,1,1,3
SF,IH2002,2019-12-23 09:46:06.900,3039.2000,8,0,7277400.000,0,-,-,-,-,3036.0000,3032.4000,3019.0000,3005.6000,2999.0000,3038.6000,3038.8000,3040.2000,3041.2000,3047.6000,1,5,1,1,1,2,1,1,3,5
SF,IH2002,2019-12-23 09:46:07.400,3039.2000,8,0,7277400.000,0,-,-,-,-,3036.0000,3032.4000,3019.0000,3005.6000,2999.0000,3038.4000,3038.6000,3040.2000,3041.2000,3047.6000,1,5,1,1,1,1,2,1,3,5
SF,IH2002,2019-12-23 09:46:08.400,3039.2000,8,0,7277400.000,0,-,-,-,-,3036.0000,3032.4000,3019.0000,3005.6000,2999.0000,3038.4000,3040.2000,3041.2000,3047.6000,3049.2000,1,5,1,1,1,1,1,3,5,1
SF,IH2002,2019-12-23 09:46:10.900,3039.2000,8,0,7277400.000,0,-,-,-,-,3036.0000,3032.4000,3019.0000,3005.6000,2999.0000,3038.2000,3038.4000,3040.2000,3041.2000,3047.6000,1,5,1,1,1,2,1,1,3,5
SF,IH2002,2019-12-23 09:46:15.400,3039.2000,8,0,7277400.000,0,-,-,-,-,3036.0000,3032.4000,3019.0000,3005.6000,2999.0000,3038.4000,3040.2000,3041.2000,3047.6000,3049.2000,1,5,1,1,1,1,1,3,5,1
SF,IH2002,2019-12-23 09:46:15.900,3039.2000,8,0,7277400.000,0,-,-,-,-,3036.0000,3032.4000,3019.0000,3005.6000,2999.0000,3040.2000,3041.2000,3047.6000,3049.2000,3238.2000,1,5,1,1,1,1,3,5,1,2
SF,IH2002,2019-12-23 09:46:16.400,3039.2000,8,0,7277400.000,0,-,-,-,-,3036.0000,3032.4000,3019.0000,3005.6000,2999.0000,3040.0000,3040.2000,3041.2000,3047.6000,3049.2000,1,5,1,1,1,1,1,3,5,1
SF,IH2002,2019-12-23 09:46:16.900,3039.2000,8,0,7277400.000,0,-,-,-,-,3036.0000,3032.4000,3019.0000,3005.6000,2999.0000,3039.4000,3040.0000,3040.2000,3041.2000,3047.6000,1,5,1,1,1,2,1,1,3,5
SF,IH2002,2019-12-23 09:46:17.400,3039.2000,8,0,7277400.000,0,-,-,-,-,3036.0000,3032.4000,3019.0000,3005.6000,2999.0000,3039.2000,3039.4000,3040.2000,3041.2000,3047.6000,1,5,1,1,1,1,2,1,3,5
SF,IH2002,2019-12-23 09:46:17.900,3039.2000,8,0,7277400.000,0,-,-,-,-,3036.0000,3032.4000,3019.0000,3005.6000,2999.0000,3039.2000,3039.4000,3040.2000,3041.2000,3047.6000,1,5,1,1,1,1,4,1,3,5
SF,IH2002,2019-12-23 09:46:18.400,3039.2000,8,0,7277400.000,0,-,-,-,-,3036.0000,3032.4000,3019.0000,3005.6000,2999.0000,3038.8000,3039.2000,3039.4000,3041.2000,3047.6000,1,5,1,1,1,1,1,2,3,5
SF,IH2002,2019-12-23 09:46:18.900,3039.2000,8,0,7277400.000,0,-,-,-,-,3036.0000,3032.4000,3019.0000,3005.6000,2999.0000,3038.6000,3038.8000,3039.0000,3041.2000,3047.6000,1,5,1,1,1,1,1,2,3,5
SF,IH2002,2019-12-23 09:46:19.900,3039.2000,8,0,7277400.000,0,-,-,-,-,3036.0000,3032.4000,3019.0000,3005.6000,2999.0000,3038.6000,3038.8000,3041.2000,3047.6000,3049.2000,1,5,1,1,1,1,1,3,5,1
SF,IH2002,2019-12-23 09:46:24.400,3039.2000,8,0,7277400.000,0,-,-,-,-,3036.0000,3032.4000,3019.0000,3005.6000,2999.0000,3038.4000,3038.6000,3038.8000,3041.2000,3047.6000,1,5,1,1,1,2,1,1,3,5
SF,IH2002,2019-12-23 09:46:24.900,3039.2000,8,0,7277400.000,0,-,-,-,-,3036.0000,3032.4000,3019.0000,3005.6000,2999.0000,3038.2000,3038.4000,3038.6000,3038.8000,3047.6000,1,5,1,1,1,1,2,1,1,5
SF,IH2002,2019-12-23 09:46:25.900,3039.2000,8,0,7277400.000,0,-,-,-,-,3036.0000,3032.4000,3019.0000,3005.6000,2999.0000,3038.2000,3038.6000,3038.8000,3047.6000,3049.2000,1,5,1,1,1,1,1,1,5,1
SF,IH2002,2019-12-23 09:46:26.400,3039.2000,8,0,7277400.000,0,-,-,-,-,3036.0000,3032.4000,3019.0000,3005.6000,2999.0000,3038.2000,3038.8000,3047.6000,3049.2000,3238.2000,1,5,1,1,1,2,1,5,1,2
SF,IH2002,2019-12-23 09:46:33.900,3039.2000,8,0,7277400.000,0,-,-,-,-,3036.0000,3033.2000,3032.4000,3019.0000,3005.6000,3038.2000,3038.8000,3047.6000,3049.2000,3238.2000,1,1,5,1,1,2,1,5,1,2
SF,IH2002,2019-12-23 09:46:56.900,3039.2000,8,0,7277400.000,0,-,-,-,-,3036.0000,3033.2000,3032.4000,3019.0000,3005.6000,3038.0000,3038.2000,3038.8000,3047.6000,3049.2000,1,1,5,1,1,1,2,1,5,1
SF,IH2002,2019-12-23 09:46:57.900,3039.2000,8,0,7277400.000,0,-,-,-,-,3036.0000,3033.2000,3032.4000,3019.0000,3005.6000,3038.2000,3038.8000,3047.6000,3049.2000,3238.2000,1,1,5,1,1,2,1,5,1,2
SF,IH2002,2019-12-23 09:47:04.400,3039.2000,8,0,7277400.000,0,-,-,-,-,3036.0000,3033.2000,3032.4000,3019.0000,3005.6000,3038.2000,3038.8000,3041.0000,3047.6000,3049.2000,1,1,5,1,1,2,1,1,5,1
SF,IH2002,2019-12-23 09:47:10.400,3039.2000,8,0,7277400.000,0,-,-,-,-,3036.0000,3033.2000,3032.4000,3019.0000,3005.6000,3038.0000,3038.2000,3041.0000,3047.6000,3049.2000,1,1,5,1,1,2,2,1,5,1
SF,IH2002,2019-12-23 09:47:10.900,3039.2000,8,0,7277400.000,0,-,-,-,-,3036.0000,3033.2000,3032.4000,3019.0000,3005.6000,3038.0000,3038.2000,3041.0000,3042.8000,3047.6000,1,1,5,1,1,2,2,1,1,5
SF,IH2002,2019-12-23 09:47:12.400,3039.2000,8,0,7277400.000,0,-,-,-,-,3036.0000,3033.2000,3032.4000,3019.0000,3005.6000,3038.2000,3041.0000,3042.8000,3047.6000,3049.2000,1,1,5,1,1,2,1,1,5,1
SF,IH2002,2019-12-23 09:47:26.400,3039.2000,8,0,7277400.000,0,-,-,-,-,3036.2000,3036.0000,3033.2000,3032.4000,3019.0000,3038.2000,3041.0000,3042.8000,3047.6000,3049.2000,1,1,1,5,1,2,1,1,5,1
SF,IH2002,2019-12-23 09:47:26.900,3039.2000,8,0,7277400.000,0,-,-,-,-,3036.0000,3033.2000,3032.4000,3019.0000,3005.6000,3038.2000,3041.0000,3042.8000,3047.6000,3049.2000,1,1,5,1,1,2,1,1,5,1
SF,IH2002,2019-12-23 09:47:44.900,3039.2000,8,0,7277400.000,0,-,-,-,-,3036.0000,3033.2000,3032.4000,3019.0000,3005.6000,3038.0000,3038.2000,3041.0000,3042.8000,3047.6000,1,1,5,1,1,10,2,1,1,5
SF,IH2002,2019-12-23 09:47:45.900,3039.2000,8,0,7277400.000,0,-,-,-,-,3036.0000,3033.2000,3032.4000,3019.0000,3005.6000,3038.2000,3041.0000,3042.8000,3047.6000,3049.2000,1,1,5,1,1,2,1,1,5,1
SF,IH2002,2019-12-23 09:47:51.900,3039.2000,8,0,7277400.000,0,-,-,-,-,3036.2000,3036.0000,3033.2000,3032.4000,3019.0000,3038.2000,3041.0000,3042.8000,3047.6000,3049.2000,1,1,1,5,1,2,1,1,5,1
SF,IH2002,2019-12-23 09:47:52.900,3039.2000,8,0,7277400.000,0,-,-,-,-,3036.0000,3033.2000,3032.4000,3019.0000,3005.6000,3038.2000,3041.0000,3042.8000,3047.6000,3049.2000,1,1,5,1,1,2,1,1,5,1
SF,IH2002,2019-12-23 09:48:03.400,3039.2000,8,0,7277400.000,0,-,-,-,-,3036.2000,3036.0000,3033.2000,3032.4000,3019.0000,3038.2000,3041.0000,3042.8000,3047.6000,3049.2000,1,1,1,5,1,2,1,1,5,1
SF,IH2002,2019-12-23 09:48:04.900,3039.2000,8,0,7277400.000,0,-,-,-,-,3036.0000,3033.2000,3032.4000,3019.0000,3005.6000,3038.2000,3041.0000,3042.8000,3047.6000,3049.2000,1,1,5,1,1,2,1,1,5,1
SF,IH2002,2019-12-23 09:48:05.400,3039.2000,8,0,7277400.000,0,-,-,-,-,3036.2000,3036.0000,3033.2000,3032.4000,3019.0000,3038.2000,3041.0000,3042.8000,3047.6000,3049.2000,1,1,1,5,1,2,1,1,5,1
SF,IH2002,2019-12-23 09:48:05.900,3039.2000,8,0,7277400.000,0,-,-,-,-,3036.0000,3033.2000,3032.4000,3019.0000,3005.6000,3038.2000,3041.0000,3042.8000,3047.6000,3049.2000,1,1,5,1,1,2,1,1,5,1
SF,IH2002,2019-12-23 09:48:08.400,3039.2000,8,0,7277400.000,0,-,-,-,-,3036.2000,3036.0000,3033.2000,3032.4000,3019.0000,3038.2000,3041.0000,3042.8000,3047.6000,3049.2000,1,1,1,5,1,2,1,1,5,1
SF,IH2002,2019-12-23 09:48:08.900,3039.2000,8,0,7277400.000,0,-,-,-,-,3036.0000,3033.2000,3032.4000,3019.0000,3005.6000,3038.2000,3041.0000,3042.8000,3047.6000,3049.2000,1,1,5,1,1,2,1,1,5,1
SF,IH2002,2019-12-23 09:48:10.900,3039.2000,8,0,7277400.000,0,-,-,-,-,3036.2000,3036.0000,3033.2000,3032.4000,3019.0000,3038.2000,3041.0000,3042.8000,3047.6000,3049.2000,1,1,1,5,1,2,1,1,5,1
SF,IH2002,2019-12-23 09:48:11.400,3039.2000,8,0,7277400.000,0,-,-,-,-,3036.4000,3036.2000,3033.2000,3032.4000,3019.0000,3038.2000,3041.0000,3042.8000,3047.6000,3049.2000,1,1,1,5,1,2,1,1,5,1
SF,IH2002,2019-12-23 09:48:11.900,3039.2000,8,0,7277400.000,0,-,-,-,-,3036.4000,3033.2000,3032.4000,3019.0000,3005.6000,3038.2000,3041.0000,3042.8000,3047.6000,3049.2000,1,1,5,1,1,2,1,1,5,1
