市场代码,合约代码,时间,最新,持仓,增仓,成交额,成交量,开仓,平仓,成交类型,方向,买一价,买二价,买三价,买四价,买五价,卖一价,卖二价,卖三价,卖四价,卖五价,买一量,买二量,买三量,买四量,买五量,卖一量,卖二量,卖三量,卖四量,卖五量
SF,IH2012,2020-04-20 09:29:00.000,2671.4000,0,0,0.000,0.000,-,-,-,-,2640.2000,2630.2000,2603.8000,2591.0000,2484.4000,2669.6000,2670.0000,2698.0000,2733.0000,2858.4000,1,1,1,1,4,1,2,1,1,4
SF,IH2012,2020-04-20 09:30:00.500,2671.4000,0,0,0.000,0,-,-,-,-,2640.2000,2630.2000,2603.8000,2591.0000,2550.0000,2667.2000,2669.2000,2669.6000,2670.0000,2698.0000,1,1,1,1,1,1,1,1,2,1
SF,IH2012,2020-04-20 09:30:01.000,2671.4000,0,0,0.000,0,-,-,-,-,2640.4000,2640.2000,2630.2000,2603.8000,2591.0000,2666.8000,2667.0000,2667.2000,2669.6000,2670.0000,1,1,1,1,1,1,1,1,1,2
SF,IH2012,2020-04-20 09:30:03.500,2671.4000,0,0,0.000,0,-,-,-,-,2640.4000,2640.2000,2630.2000,2603.8000,2591.0000,2666.8000,2667.0000,2667.2000,2669.6000,2698.0000,1,1,1,1,1,1,1,1,1,1
SF,IH2012,2020-04-20 09:30:04.500,2671.4000,0,0,0.000,0,-,-,-,-,2640.4000,2640.2000,2630.2000,2603.8000,2591.0000,2666.6000,2666.8000,2667.2000,2669.6000,2698.0000,1,1,1,1,1,1,1,1,1,1
SF,IH2012,2020-04-20 09:30:05.000,2671.4000,0,0,0.000,0,-,-,-,-,2640.4000,2640.2000,2630.2000,2603.8000,2550.0000,2666.2000,2666.6000,2667.2000,2698.0000,2733.0000,1,1,1,1,1,1,1,1,1,1
SF,IH2012,2020-04-20 09:30:08.000,2671.4000,0,0,0.000,0,-,-,-,-,2640.4000,2640.2000,2630.2000,2603.8000,2550.0000,2666.0000,2666.2000,2667.2000,2698.0000,2733.0000,1,1,1,1,1,1,1,1,1,1
SF,IH2012,2020-04-20 09:30:08.500,2671.4000,0,0,0.000,0,-,-,-,-,2640.4000,2640.2000,2630.2000,2603.8000,2550.0000,2665.6000,2666.0000,2667.2000,2698.0000,2733.0000,1,1,1,1,1,1,1,1,1,1
SF,IH2012,2020-04-20 09:30:09.000,2671.4000,0,0,0.000,0,-,-,-,-,2640.4000,2640.2000,2630.2000,2603.8000,2550.0000,2665.6000,2666.0000,2667.2000,2733.0000,2759.4000,1,1,1,1,1,1,1,1,1,1
SF,IH2012,2020-04-20 09:30:09.500,2671.4000,0,0,0.000,0,-,-,-,-,2642.2000,2640.4000,2640.2000,2630.2000,2550.0000,2665.6000,2666.0000,2667.2000,2733.0000,2759.4000,1,1,1,1,1,1,1,1,1,1
SF,IH2012,2020-04-20 09:30:10.000,2671.4000,0,0,0.000,0,-,-,-,-,2642.4000,2642.2000,2640.2000,2630.2000,2550.0000,2665.6000,2666.0000,2667.2000,2733.0000,2759.4000,1,1,1,1,1,1,1,1,1,1
SF,IH2012,2020-04-20 09:30:10.500,2671.4000,0,0,0.000,0,-,-,-,-,2642.6000,2642.4000,2642.2000,2640.2000,2630.2000,2665.6000,2666.0000,2667.2000,2733.0000,2759.4000,1,1,1,1,1,1,1,1,1,1
SF,IH2012,2020-04-20 09:30:11.000,2671.4000,0,0,0.000,0,-,-,-,-,2642.6000,2640.2000,2630.2000,2550.0000,2529.4000,2665.6000,2666.0000,2667.2000,2733.0000,2759.4000,1,1,1,1,1,1,1,1,1,1
SF,IH2012,2020-04-20 09:30:11.500,2671.4000,0,0,0.000,0,-,-,-,-,2642.6000,2640.2000,2630.2000,2550.0000,2529.4000,2665.4000,2665.6000,2667.2000,2733.0000,2759.4000,1,1,1,1,1,1,1,1,1,1
SF,IH2012,2020-04-20 09:30:12.000,2671.4000,0,0,0.000,0,-,-,-,-,2642.6000,2640.2000,2630.2000,2550.0000,2529.4000,2665.0000,2665.4000,2667.2000,2733.0000,2759.4000,1,1,1,1,1,1,1,1,1,1
SF,IH2012,2020-04-20 09:30:12.500,2671.4000,0,0,0.000,0,-,-,-,-,2643.8000,2640.2000,2630.2000,2550.0000,2529.4000,2665.0000,2665.4000,2667.2000,2733.0000,2759.4000,1,1,1,1,1,1,1,1,1,1
SF,IH2012,2020-04-20 09:30:15.000,2671.4000,0,0,0.000,0,-,-,-,-,2643.8000,2640.2000,2630.2000,2550.0000,2529.4000,2664.6000,2664.8000,2665.0000,2733.0000,2759.4000,1,1,1,1,1,1,1,1,1,1
SF,IH2012,2020-04-20 09:30:15.500,2671.4000,0,0,0.000,0,-,-,-,-,2643.8000,2640.2000,2630.2000,2550.0000,2529.4000,2664.2000,2664.6000,2664.8000,2733.0000,2759.4000,1,1,1,1,1,1,1,1,1,1
SF,IH2012,2020-04-20 09:30:16.000,2671.4000,0,0,0.000,0,-,-,-,-,2644.0000,2643.8000,2640.2000,2630.2000,2550.0000,2664.0000,2664.2000,2664.6000,2664.8000,2665.0000,1,1,1,1,1,1,1,1,1,1
SF,IH2012,2020-04-20 09:30:16.500,2671.4000,0,0,0.000,0,-,-,-,-,2644.0000,2643.8000,2640.2000,2630.2000,2550.0000,2663.6000,2664.0000,2664.6000,2664.8000,2665.0000,1,1,1,1,1,1,1,1,1,1
SF,IH2012,2020-04-20 09:30:17.000,2671.4000,0,0,0.000,0,-,-,-,-,2644.0000,2643.8000,2640.2000,2630.2000,2550.0000,2663.4000,2663.6000,2664.6000,2664.8000,2665.0000,1,1,1,1,1,1,1,1,1,1
SF,IH2012,2020-04-20 09:30:17.500,2671.4000,0,0,0.000,0,-,-,-,-,2644.0000,2643.8000,2640.2000,2630.2000,2550.0000,2663.0000,2663.4000,2664.6000,2664.8000,2733.0000,1,1,1,1,1,1,1,1,1,1
SF,IH2012,2020-04-20 09:30:18.000,2671.4000,0,0,0.000,0,-,-,-,-,2644.0000,2643.8000,2640.2000,2630.2000,2550.0000,2662.8000,2663.0000,2664.6000,2664.8000,2733.0000,1,1,1,1,1,1,1,1,1,1
SF,IH2012,2020-04-20 09:30:18.500,2671.4000,0,0,0.000,0,-,-,-,-,2645.0000,2644.0000,2643.8000,2640.2000,2630.2000,2662.4000,2662.6000,2662.8000,2664.6000,2733.0000,1,1,1,1,1,1,1,1,1,1
SF,IH2012,2020-04-20 09:30:19.000,2671.4000,0,0,0.000,0,-,-,-,-,2645.2000,2645.0000,2643.8000,2640.2000,2630.2000,2662.2000,2662.4000,2664.6000,2733.0000,2759.4000,1,1,1,1,1,2,1,1,1,1
SF,IH2012,2020-04-20 09:30:19.500,2671.4000,0,0,0.000,0,-,-,-,-,2645.8000,2645.2000,2645.0000,2640.2000,2630.2000,2661.8000,2662.2000,2664.6000,2733.0000,2759.4000,2,1,1,1,1,1,2,1,1,1
SF,IH2012,2020-04-20 09:30:20.000,2671.4000,0,0,0.000,0,-,-,-,-,2646.0000,2645.8000,2645.0000,2640.2000,2630.2000,2661.8000,2662.2000,2664.6000,2733.0000,2759.4000,1,2,1,1,1,1,1,1,1,1
SF,IH2012,2020-04-20 09:30:20.500,2671.4000,0,0,0.000,0,-,-,-,-,2646.0000,2645.8000,2640.2000,2630.2000,2550.0000,2661.8000,2662.2000,2664.6000,2733.0000,2759.4000,1,2,1,1,1,1,1,1,1,1
SF,IH2012,2020-04-20 09:30:21.500,2671.4000,0,0,0.000,0,-,-,-,-,2646.0000,2645.8000,2640.2000,2630.2000,2550.0000,2661.6000,2661.8000,2662.2000,2664.6000,2733.0000,1,2,1,1,1,1,1,1,1,1
SF,IH2012,2020-04-20 09:30:22.000,2671.4000,0,0,0.000,0,-,-,-,-,2647.8000,2646.0000,2645.8000,2640.2000,2630.2000,2660.0000,2661.2000,2661.6000,2662.2000,2664.6000,1,1,2,1,1,1,1,1,1,1
SF,IH2012,2020-04-20 09:30:22.500,2671.4000,0,0,0.000,0,-,-,-,-,2648.0000,2647.8000,2645.8000,2640.2000,2630.2000,2659.6000,2659.8000,2660.0000,2661.6000,2664.6000,1,1,2,1,1,1,1,1,1,1
SF,IH2012,2020-04-20 09:30:23.000,2671.4000,0,0,0.000,0,-,-,-,-,2648.0000,2647.8000,2645.8000,2640.2000,2630.2000,2659.6000,2659.8000,2660.0000,2661.6000,2664.6000,1,1,2,1,1,1,1,1,1,1
SF,IH2012,2020-04-20 09:30:23.500,2671.4000,0,0,0.000,0,-,-,-,-,2648.0000,2647.8000,2645.8000,2640.2000,2630.2000,2659.6000,2659.8000,2660.0000,2661.6000,2664.6000,1,1,2,1,1,1,1,1,1,1
SF,IH2012,2020-04-20 09:30:24.000,2671.4000,0,0,0.000,0,-,-,-,-,2649.0000,2648.0000,2645.8000,2640.2000,2630.2000,2659.6000,2659.8000,2660.0000,2661.6000,2664.6000,1,1,2,1,1,1,1,1,1,1
SF,IH2012,2020-04-20 09:30:24.500,2671.4000,0,0,0.000,0,-,-,-,-,2649.2000,2649.0000,2645.8000,2640.2000,2630.2000,2659.6000,2659.8000,2660.0000,2661.6000,2664.6000,1,1,2,1,1,1,1,1,1,1
SF,IH2012,2020-04-20 09:30:25.000,2671.4000,0,0,0.000,0,-,-,-,-,2649.2000,2649.0000,2645.8000,2640.2000,2630.2000,2659.4000,2659.6000,2659.8000,2660.0000,2664.6000,1,1,2,1,1,1,1,1,1,1
SF,IH2012,2020-04-20 09:30:25.500,2671.4000,0,0,0.000,0,-,-,-,-,2649.2000,2645.8000,2640.2000,2630.2000,2550.0000,2659.0000,2659.4000,2659.8000,2660.0000,2664.6000,1,2,1,1,1,1,1,1,1,1
SF,IH2012,2020-04-20 09:30:26.000,2671.4000,0,0,0.000,0,-,-,-,-,2649.2000,2645.8000,2640.2000,2630.2000,2550.0000,2658.8000,2659.0000,2659.4000,2660.0000,2664.6000,1,2,1,1,1,1,1,1,1,1
SF,IH2012,2020-04-20 09:30:26.500,2671.4000,0,0,0.000,0,-,-,-,-,2649.2000,2645.8000,2640.2000,2630.2000,2550.0000,2658.4000,2658.8000,2659.4000,2660.0000,2664.6000,1,2,1,1,1,1,1,1,1,1
SF,IH2012,2020-04-20 09:30:28.500,2671.4000,0,0,0.000,0,-,-,-,-,2649.2000,2645.8000,2640.2000,2630.2000,2550.0000,2658.2000,2658.4000,2658.8000,2660.0000,2664.6000,1,2,1,1,1,1,1,1,1,1
SF,IH2012,2020-04-20 09:30:29.000,2671.4000,0,0,0.000,0,-,-,-,-,2649.2000,2645.8000,2640.2000,2550.0000,2529.4000,2657.8000,2658.2000,2658.8000,2660.0000,2664.6000,1,2,1,1,1,1,1,1,1,1
SF,IH2012,2020-04-20 09:30:29.500,2671.4000,0,0,0.000,0,-,-,-,-,2649.2000,2645.8000,2640.2000,2550.0000,2529.4000,2657.6000,2657.8000,2658.2000,2660.0000,2664.6000,1,2,1,1,1,1,1,1,1,1
SF,IH2012,2020-04-20 09:30:30.000,2657.6000,1,1,797280.000,1,1,0,双开,S,2645.8000,2640.2000,2550.0000,2529.4000,2515.4000,2657.0000,2657.2000,2658.2000,2660.0000,2733.0000,2,1,1,1,1,1,1,1,1,1
SF,IH2012,2020-04-20 09:30:30.500,2657.6000,1,0,797280.000,0,-,-,-,-,2646.0000,2640.2000,2550.0000,2529.4000,2515.4000,2656.6000,2657.0000,2658.2000,2660.0000,2733.0000,1,1,1,1,1,1,1,1,1,1
SF,IH2012,2020-04-20 09:30:31.500,2646.0000,2,1,1591080.000,1,1,0,双开,S,2640.2000,2550.0000,2529.4000,2515.4000,2484.4000,2656.6000,2657.0000,2658.2000,2660.0000,2733.0000,1,1,1,1,4,1,1,1,1,1
SF,IH2012,2020-04-20 09:30:32.000,2646.0000,2,0,1591080.000,0,-,-,-,-,2640.4000,2640.2000,2550.0000,2529.4000,2515.4000,2656.6000,2657.0000,2660.0000,2733.0000,2759.4000,1,1,1,1,1,1,1,1,1,1
SF,IH2012,2020-04-20 09:30:33.500,2646.0000,2,0,1591080.000,0,-,-,-,-,2645.4000,2640.4000,2640.2000,2550.0000,2529.4000,2656.6000,2657.0000,2660.0000,2733.0000,2759.4000,1,1,1,1,1,1,1,1,1,1
SF,IH2012,2020-04-20 09:30:34.000,2646.0000,2,0,1591080.000,0,-,-,-,-,2645.4000,2642.8000,2640.2000,2550.0000,2529.4000,2655.0000,2656.6000,2657.0000,2660.0000,2733.0000,1,1,1,1,1,1,1,1,1,1
SF,IH2012,2020-04-20 09:30:34.500,2646.0000,2,0,1591080.000,0,-,-,-,-,2645.4000,2642.8000,2640.2000,2550.0000,2529.4000,2654.6000,2655.0000,2657.0000,2660.0000,2733.0000,1,1,1,1,1,1,1,1,1,1
SF,IH2012,2020-04-20 09:30:35.500,2646.0000,2,0,1591080.000,0,-,-,-,-,2645.4000,2642.8000,2640.2000,2550.0000,2529.4000,2653.8000,2654.6000,2655.0000,2657.0000,2660.0000,1,1,1,1,1,1,1,1,1,1
SF,IH2012,2020-04-20 09:30:36.000,2646.0000,2,0,1591080.000,0,-,-,-,-,2645.4000,2642.8000,2640.2000,2550.0000,2529.4000,2653.4000,2653.8000,2655.0000,2657.0000,2660.0000,1,1,1,1,1,1,1,1,1,1
SF,IH2012,2020-04-20 09:30:36.500,2646.0000,2,0,1591080.000,0,-,-,-,-,2645.4000,2642.8000,2640.2000,2550.0000,2529.4000,2653.4000,2653.8000,2657.0000,2660.0000,2733.0000,1,1,1,1,1,1,1,1,1,1
SF,IH2012,2020-04-20 09:30:38.000,2646.0000,2,0,1591080.000,0,-,-,-,-,2645.4000,2642.8000,2640.2000,2550.0000,2529.4000,2653.4000,2657.0000,2660.0000,2733.0000,2759.4000,1,1,1,1,1,1,1,1,1,1
SF,IH2012,2020-04-20 09:30:38.500,2646.0000,2,0,1591080.000,0,-,-,-,-,2645.4000,2640.2000,2550.0000,2529.4000,2515.4000,2653.4000,2657.0000,2660.0000,2733.0000,2759.4000,1,1,1,1,1,1,1,1,1,1
SF,IH2012,2020-04-20 09:30:39.500,2646.0000,2,0,1591080.000,0,-,-,-,-,2645.4000,2640.2000,2550.0000,2529.4000,2515.4000,2653.0000,2653.4000,2657.0000,2660.0000,2733.0000,1,1,1,1,1,1,1,1,1,1
SF,IH2012,2020-04-20 09:30:40.000,2652.6000,3,1,2386860.000,1,1,0,双开,S,2645.4000,2640.2000,2550.0000,2529.4000,2515.4000,2653.0000,2657.0000,2660.0000,2733.0000,2759.4000,1,1,1,1,1,1,1,1,1,1
SF,IH2012,2020-04-20 09:30:41.500,2652.6000,3,0,2386860.000,0,-,-,-,-,2645.4000,2640.2000,2550.0000,2529.4000,2515.4000,2652.4000,2653.0000,2657.0000,2660.0000,2733.0000,1,1,1,1,1,1,1,1,1,1
SF,IH2012,2020-04-20 09:30:42.000,2652.4000,4,1,3182580.000,1,1,0,双开,S,2646.6000,2645.4000,2640.2000,2550.0000,2529.4000,2653.0000,2657.0000,2660.0000,2733.0000,2759.4000,1,1,1,1,1,1,1,1,1,1
SF,IH2012,2020-04-20 09:30:42.500,2653.0000,5,1,3978480.000,1,1,0,双开,S,2646.6000,2645.6000,2645.4000,2640.2000,2550.0000,2657.0000,2660.0000,2733.0000,2759.4000,2800.6000,1,1,1,1,1,1,1,1,1,1
SF,IH2012,2020-04-20 09:30:43.000,2653.0000,5,0,3978480.000,0,-,-,-,-,2647.2000,2646.6000,2645.6000,2640.2000,2550.0000,2657.0000,2660.0000,2733.0000,2759.4000,2800.6000,1,1,1,1,1,1,1,1,1,1
SF,IH2012,2020-04-20 09:30:43.500,2653.0000,5,0,3978480.000,0,-,-,-,-,2647.2000,2646.6000,2645.6000,2640.2000,2550.0000,2655.0000,2657.0000,2660.0000,2733.0000,2759.4000,1,1,1,1,1,1,1,1,1,1
SF,IH2012,2020-04-20 09:30:44.500,2653.0000,5,0,3978480.000,0,-,-,-,-,2647.4000,2647.2000,2646.6000,2645.6000,2640.2000,2655.0000,2657.0000,2660.0000,2733.0000,2759.4000,1,1,1,1,1,1,1,1,1,1
SF,IH2012,2020-04-20 09:30:45.000,2647.4000,6,1,4772700.000,1,1,0,双开,S,2647.2000,2646.6000,2645.6000,2640.2000,2550.0000,2655.0000,2657.0000,2660.0000,2733.0000,2759.4000,1,1,1,1,1,1,1,1,1,1
SF,IH2012,2020-04-20 09:30:45.500,2647.4000,6,0,4772700.000,0,-,-,-,-,2648.0000,2646.6000,2645.6000,2640.2000,2550.0000,2655.0000,2657.0000,2657.4000,2660.0000,2733.0000,1,1,1,1,1,1,1,1,1,1
SF,IH2012,2020-04-20 09:30:46.000,2647.4000,6,0,4772700.000,0,-,-,-,-,2648.0000,2646.6000,2645.6000,2640.2000,2550.0000,2653.8000,2655.0000,2657.0000,2660.0000,2733.0000,1,1,1,1,1,1,1,1,1,1
SF,IH2012,2020-04-20 09:30:46.500,2647.4000,6,0,4772700.000,0,-,-,-,-,2648.8000,2648.0000,2645.6000,2640.2000,2550.0000,2653.8000,2654.2000,2654.4000,2654.6000,2655.0000,1,1,1,1,1,1,1,1,1,1
SF,IH2012,2020-04-20 09:30:47.000,2647.4000,6,0,4772700.000,0,-,-,-,-,2648.8000,2648.0000,2645.6000,2640.2000,2550.0000,2653.4000,2653.6000,2653.8000,2654.2000,2654.6000,1,1,1,1,1,1,1,1,1,1
SF,IH2012,2020-04-20 09:30:47.500,2653.4000,7,1,5568720.000,1,1,0,双开,S,2648.8000,2648.0000,2645.6000,2640.2000,2550.0000,2653.4000,2653.6000,2653.8000,2654.6000,2655.0000,1,1,1,1,1,1,1,1,1,1
SF,IH2012,2020-04-20 09:30:48.000,2653.4000,7,0,5568720.000,0,-,-,-,-,2649.6000,2648.8000,2648.0000,2645.6000,2640.2000,2652.8000,2653.4000,2653.6000,2654.6000,2655.0000,1,1,1,1,1,1,1,1,1,1
SF,IH2012,2020-04-20 09:30:48.500,2652.8000,8,1,6364560.000,1,1,0,双开,S,2649.6000,2648.8000,2645.6000,2640.2000,2550.0000,2653.0000,2653.4000,2653.6000,2655.0000,2660.0000,1,1,1,1,1,1,1,1,1,1
SF,IH2012,2020-04-20 09:30:49.000,2652.8000,8,0,6364560.000,0,-,-,-,-,2649.6000,2648.8000,2645.6000,2640.2000,2550.0000,2652.8000,2653.0000,2653.6000,2655.0000,2660.0000,1,1,1,1,1,2,1,1,1,1
SF,IH2012,2020-04-20 09:30:49.500,2652.8000,8,0,6364560.000,0,-,-,-,-,2649.6000,2648.8000,2645.6000,2640.2000,2550.0000,2652.8000,2653.6000,2655.0000,2660.0000,2733.0000,1,1,1,1,1,2,1,1,1,1
SF,IH2012,2020-04-20 09:30:50.000,2652.8000,8,0,6364560.000,0,-,-,-,-,2649.8000,2649.6000,2649.2000,2645.6000,2640.2000,2652.8000,2653.6000,2655.0000,2660.0000,2733.0000,1,1,1,1,1,2,1,1,1,1
SF,IH2012,2020-04-20 09:30:51.000,2652.8000,8,0,6364560.000,0,-,-,-,-,2649.8000,2649.6000,2649.2000,2646.8000,2645.6000,2652.8000,2653.6000,2655.0000,2660.0000,2733.0000,1,1,1,1,1,2,1,1,1,1
SF,IH2012,2020-04-20 09:30:53.000,2652.8000,8,0,6364560.000,0,-,-,-,-,2649.8000,2649.6000,2649.2000,2646.8000,2645.6000,2652.6000,2652.8000,2653.6000,2655.0000,2660.0000,1,1,1,1,1,1,1,1,1,1
SF,IH2012,2020-04-20 09:30:54.000,2652.8000,8,0,6364560.000,0,-,-,-,-,2649.8000,2649.6000,2646.8000,2645.6000,2640.2000,2652.6000,2652.8000,2653.6000,2655.0000,2660.0000,1,1,1,1,1,1,1,1,1,1
SF,IH2012,2020-04-20 09:30:54.500,2652.8000,8,0,6364560.000,0,-,-,-,-,2649.8000,2646.8000,2645.6000,2640.2000,2550.0000,2652.6000,2652.8000,2653.6000,2655.0000,2660.0000,1,1,1,1,1,1,1,1,1,1
SF,IH2012,2020-04-20 09:30:55.500,2652.8000,8,0,6364560.000,0,-,-,-,-,2649.8000,2645.6000,2640.2000,2550.0000,2529.4000,2652.6000,2652.8000,2653.6000,2655.0000,2660.0000,1,1,1,1,1,1,1,1,1,1
SF,IH2012,2020-04-20 09:30:56.000,2652.8000,8,0,6364560.000,0,-,-,-,-,2645.6000,2640.2000,2550.0000,2529.4000,2515.4000,2652.6000,2655.0000,2660.0000,2733.0000,2759.4000,1,1,1,1,1,1,1,1,1,1
SF,IH2012,2020-04-20 09:30:57.500,2652.8000,8,0,6364560.000,0,-,-,-,-,2647.2000,2645.6000,2640.2000,2550.0000,2529.4000,2652.2000,2652.6000,2655.0000,2660.0000,2733.0000,1,1,1,1,1,1,1,1,1,1
SF,IH2012,2020-04-20 09:30:58.500,2652.8000,8,0,6364560.000,0,-,-,-,-,2647.6000,2647.2000,2645.6000,2640.2000,2550.0000,2652.0000,2652.2000,2655.0000,2660.0000,2733.0000,1,1,1,1,1,1,1,1,1,1
SF,IH2012,2020-04-20 09:30:59.000,2652.8000,8,0,6364560.000,0,-,-,-,-,2647.6000,2647.2000,2645.6000,2645.0000,2640.2000,2652.0000,2652.2000,2655.0000,2660.0000,2733.0000,1,1,1,2,1,1,1,1,1,1
SF,IH2012,2020-04-20 09:30:59.500,2652.8000,8,0,6364560.000,0,-,-,-,-,2648.0000,2647.6000,2645.6000,2645.0000,2640.2000,2651.8000,2652.0000,2655.0000,2660.0000,2733.0000,1,1,1,2,1,1,1,1,1,1
SF,IH2012,2020-04-20 09:31:00.500,2652.8000,8,0,6364560.000,0,-,-,-,-,2648.0000,2645.6000,2645.0000,2640.2000,2550.0000,2651.6000,2651.8000,2655.0000,2660.0000,2733.0000,1,1,2,1,1,1,1,1,1,1
SF,IH2012,2020-04-20 09:31:01.000,2648.0000,9,1,7158960.000,1,1,0,双开,S,2645.6000,2645.0000,2640.2000,2550.0000,2529.4000,2651.6000,2651.8000,2655.0000,2660.0000,2733.0000,1,2,1,1,1,1,1,1,1,1
SF,IH2012,2020-04-20 09:31:02.500,2648.0000,9,0,7158960.000,0,-,-,-,-,2645.6000,2645.0000,2640.2000,2550.0000,2529.4000,2651.4000,2651.6000,2651.8000,2655.0000,2660.0000,1,2,1,1,1,1,1,1,1,1
SF,IH2012,2020-04-20 09:31:03.000,2648.0000,9,0,7158960.000,0,-,-,-,-,2650.0000,2646.2000,2646.0000,2645.6000,2640.2000,2651.4000,2651.6000,2651.8000,2655.0000,2660.0000,1,1,1,1,1,1,1,1,1,1
SF,IH2012,2020-04-20 09:31:04.000,2648.0000,9,0,7158960.000,0,-,-,-,-,2650.0000,2646.2000,2646.0000,2645.6000,2640.2000,2651.0000,2651.6000,2651.8000,2655.0000,2660.0000,1,1,1,1,1,1,1,1,1,1
SF,IH2012,2020-04-20 09:31:04.500,2649.8000,10,1,7953900.000,1,1,0,双开,S,2646.2000,2646.0000,2645.6000,2640.2000,2550.0000,2651.6000,2651.8000,2655.0000,2660.0000,2733.0000,1,1,1,1,1,1,1,1,1,1
SF,IH2012,2020-04-20 09:31:05.500,2649.8000,10,0,7953900.000,0,-,-,-,-,2646.6000,2645.6000,2640.2000,2550.0000,2529.4000,2651.6000,2651.8000,2655.0000,2660.0000,2733.0000,1,1,1,1,1,1,1,1,1,1
SF,IH2012,2020-04-20 09:31:06.000,2649.8000,10,0,7953900.000,0,-,-,-,-,2647.6000,2646.6000,2645.6000,2640.2000,2550.0000,2651.6000,2651.8000,2655.0000,2660.0000,2733.0000,1,1,1,1,1,1,1,1,1,1
SF,IH2012,2020-04-20 09:31:07.000,2649.8000,10,0,7953900.000,0,-,-,-,-,2647.6000,2645.6000,2640.2000,2550.0000,2529.4000,2651.6000,2651.8000,2655.0000,2660.0000,2733.0000,1,1,1,1,1,1,1,1,1,1
SF,IH2012,2020-04-20 09:31:07.500,2649.8000,10,0,7953900.000,0,-,-,-,-,2647.6000,2645.6000,2640.2000,2550.0000,2529.4000,2651.4000,2651.6000,2651.8000,2655.0000,2660.0000,1,1,1,1,1,1,1,1,1,1
SF,IH2012,2020-04-20 09:31:08.000,2649.8000,10,0,7953900.000,0,-,-,-,-,2647.8000,2647.6000,2645.6000,2640.2000,2550.0000,2651.4000,2651.6000,2651.8000,2655.0000,2660.0000,1,1,1,1,1,1,1,1,1,1
SF,IH2012,2020-04-20 09:31:08.500,2649.8000,10,0,7953900.000,0,-,-,-,-,2647.8000,2647.6000,2645.6000,2640.2000,2550.0000,2651.6000,2651.8000,2655.0000,2660.0000,2733.0000,1,2,1,1,1,1,1,1,1,1
SF,IH2012,2020-04-20 09:31:09.000,2649.8000,10,0,7953900.000,0,-,-,-,-,2647.8000,2647.6000,2645.6000,2640.2000,2550.0000,2651.2000,2651.6000,2655.0000,2660.0000,2733.0000,1,2,1,1,1,1,1,1,1,1
SF,IH2012,2020-04-20 09:31:10.500,2649.8000,10,0,7953900.000,0,-,-,-,-,2647.8000,2647.6000,2645.6000,2640.2000,2550.0000,2651.2000,2651.6000,2655.0000,2660.0000,2733.0000,1,1,1,1,1,1,1,1,1,1
SF,IH2012,2020-04-20 09:31:11.000,2649.8000,10,0,7953900.000,0,-,-,-,-,2647.8000,2645.6000,2640.2000,2550.0000,2529.4000,2651.2000,2651.6000,2655.0000,2660.0000,2733.0000,1,1,1,1,1,1,1,1,1,1
SF,IH2012,2020-04-20 09:31:11.500,2649.8000,10,0,7953900.000,0,-,-,-,-,2648.0000,2647.8000,2645.6000,2640.2000,2550.0000,2651.2000,2651.6000,2655.0000,2660.0000,2733.0000,1,1,1,1,1,1,1,1,1,1
SF,IH2012,2020-04-20 09:31:13.500,2649.8000,10,0,7953900.000,0,-,-,-,-,2648.2000,2648.0000,2645.6000,2640.2000,2550.0000,2651.2000,2651.6000,2660.0000,2733.0000,2759.4000,1,1,1,1,1,1,1,1,1,1
SF,IH2012,2020-04-20 09:31:14.000,2649.8000,10,0,7953900.000,0,-,-,-,-,2648.2000,2648.0000,2645.6000,2640.2000,2550.0000,2651.6000,2660.0000,2733.0000,2759.4000,2800.6000,1,1,1,1,1,1,1,1,1,1
SF,IH2012,2020-04-20 09:31:14.500,2649.8000,10,0,7953900.000,0,-,-,-,-,2648.0000,2645.6000,2640.2000,2550.0000,2529.4000,2651.6000,2660.0000,2733.0000,2759.4000,2800.6000,1,1,1,1,1,2,1,1,1,1
SF,IH2012,2020-04-20 09:31:15.500,2649.8000,10,0,7953900.000,0,-,-,-,-,2648.0000,2645.6000,2640.2000,2550.0000,2529.4000,2651.6000,2660.0000,2733.0000,2759.4000,2800.6000,1,1,1,1,1,1,1,1,1,1
SF,IH2012,2020-04-20 09:31:16.000,2649.8000,10,0,7953900.000,0,-,-,-,-,2648.8000,2645.6000,2640.2000,2550.0000,2529.4000,2651.6000,2660.0000,2733.0000,2759.4000,2800.6000,1,1,1,1,1,1,1,1,1,1
SF,IH2012,2020-04-20 09:31:16.500,2651.6000,11,1,8749380.000,1,1,0,双开,S,2648.8000,2645.6000,2640.2000,2550.0000,2529.4000,2660.0000,2733.0000,2759.4000,2800.6000,2820.0000,1,1,1,1,1,1,1,1,1,1
SF,IH2012,2020-04-20 09:31:17.000,2651.6000,11,0,8749380.000,0,-,-,-,-,2648.8000,2645.6000,2640.2000,2550.0000,2529.4000,2659.8000,2660.0000,2733.0000,2759.4000,2800.6000,1,1,1,1,1,2,1,1,1,1
SF,IH2012,2020-04-20 09:31:18.000,2651.6000,11,0,8749380.000,0,-,-,-,-,2648.8000,2645.6000,2550.0000,2529.4000,2515.4000,2656.8000,2659.8000,2660.0000,2733.0000,2759.4000,1,1,1,1,1,1,2,1,1,1
SF,IH2012,2020-04-20 09:31:18.500,2651.6000,11,0,8749380.000,0,-,-,-,-,2649.0000,2648.8000,2645.6000,2550.0000,2529.4000,2655.4000,2656.6000,2656.8000,2658.0000,2658.6000,1,1,1,1,1,1,1,1,1,2
SF,IH2012,2020-04-20 09:31:19.000,2651.6000,11,0,8749380.000,0,-,-,-,-,2649.0000,2648.8000,2645.6000,2550.0000,2529.4000,2655.2000,2655.4000,2656.2000,2656.8000,2660.0000,1,1,1,1,1,1,1,2,1,1
SF,IH2012,2020-04-20 09:31:19.500,2651.6000,11,0,8749380.000,0,-,-,-,-,2649.0000,2648.8000,2645.6000,2550.0000,2529.4000,2655.0000,2655.2000,2655.4000,2655.8000,2656.2000,1,1,1,1,1,1,2,1,1,2
SF,IH2012,2020-04-20 09:31:20.000,2651.6000,11,0,8749380.000,0,-,-,-,-,2649.0000,2645.6000,2550.0000,2529.4000,2515.4000,2654.4000,2654.6000,2654.8000,2655.0000,2655.8000,1,1,1,1,1,1,1,1,1,1
SF,IH2012,2020-04-20 09:31:20.500,2651.6000,11,0,8749380.000,0,-,-,-,-,2649.4000,2649.0000,2645.6000,2550.0000,2529.4000,2654.2000,2654.4000,2654.6000,2655.8000,2656.2000,1,1,1,1,1,2,1,1,1,2
SF,IH2012,2020-04-20 09:31:21.000,2651.6000,11,0,8749380.000,0,-,-,-,-,2649.4000,2649.0000,2645.6000,2550.0000,2529.4000,2654.0000,2654.2000,2654.4000,2654.6000,2655.8000,1,1,1,1,1,1,1,1,1,1
SF,IH2012,2020-04-20 09:31:21.500,2651.6000,11,0,8749380.000,0,-,-,-,-,2649.4000,2649.0000,2645.6000,2550.0000,2529.4000,2653.8000,2654.0000,2654.4000,2654.6000,2655.8000,1,1,1,1,1,1,1,1,1,1
SF,IH2012,2020-04-20 09:31:22.000,2651.6000,11,0,8749380.000,0,-,-,-,-,2649.0000,2645.6000,2550.0000,2529.4000,2515.4000,2653.6000,2653.8000,2654.4000,2654.6000,2655.8000,1,1,1,1,1,1,1,1,1,1
SF,IH2012,2020-04-20 09:31:22.500,2651.6000,11,0,8749380.000,0,-,-,-,-,2645.6000,2550.0000,2529.4000,2515.4000,2484.4000,2653.4000,2653.6000,2654.6000,2656.2000,2660.0000,1,1,1,1,4,2,1,1,2,1
SF,IH2012,2020-04-20 09:31:23.500,2651.6000,11,0,8749380.000,0,-,-,-,-,2645.6000,2550.0000,2529.4000,2515.4000,2484.4000,2652.8000,2653.4000,2656.2000,2660.0000,2733.0000,1,1,1,1,4,2,2,2,1,1
SF,IH2012,2020-04-20 09:31:24.000,2651.6000,11,0,8749380.000,0,-,-,-,-,2647.0000,2646.4000,2645.6000,2550.0000,2529.4000,2652.6000,2652.8000,2656.2000,2660.0000,2733.0000,1,1,1,1,1,2,2,2,1,1
SF,IH2012,2020-04-20 09:31:24.500,2652.6000,12,1,9545160.000,1,1,0,双开,S,2647.0000,2646.4000,2646.0000,2645.6000,2550.0000,2652.4000,2652.8000,2656.2000,2660.0000,2733.0000,1,1,1,1,1,1,2,2,1,1
SF,IH2012,2020-04-20 09:31:25.000,2652.6000,12,0,9545160.000,0,-,-,-,-,2647.2000,2647.0000,2646.4000,2646.0000,2645.6000,2652.0000,2652.4000,2652.8000,2656.2000,2660.0000,2,1,1,1,1,1,1,1,2,1
SF,IH2012,2020-04-20 09:31:25.500,2652.6000,12,0,9545160.000,0,-,-,-,-,2647.6000,2647.4000,2647.2000,2646.0000,2645.6000,2652.0000,2652.4000,2652.8000,2656.2000,2660.0000,1,1,2,1,1,1,1,1,2,1
SF,IH2012,2020-04-20 09:31:26.000,2652.6000,12,0,9545160.000,0,-,-,-,-,2647.8000,2647.6000,2647.4000,2647.2000,2646.0000,2652.0000,2652.4000,2652.8000,2656.2000,2660.0000,1,1,1,1,1,1,1,1,2,1
SF,IH2012,2020-04-20 09:31:26.500,2652.6000,12,0,9545160.000,0,-,-,-,-,2648.2000,2648.0000,2647.8000,2647.6000,2646.0000,2652.0000,2652.8000,2656.2000,2660.0000,2733.0000,1,1,1,1,1,1,1,2,1,1
SF,IH2012,2020-04-20 09:31:27.000,2652.6000,12,0,9545160.000,0,-,-,-,-,2648.4000,2648.2000,2648.0000,2646.0000,2645.6000,2652.0000,2652.8000,2656.2000,2660.0000,2733.0000,2,1,1,1,1,2,1,2,1,1
SF,IH2012,2020-04-20 09:31:28.000,2652.6000,12,0,9545160.000,0,-,-,-,-,2648.4000,2648.2000,2648.0000,2646.0000,2645.6000,2652.0000,2656.2000,2660.0000,2733.0000,2759.4000,1,1,1,1,1,2,2,1,1,1
SF,IH2012,2020-04-20 09:31:29.000,2652.6000,12,0,9545160.000,0,-,-,-,-,2648.4000,2648.2000,2648.0000,2646.0000,2645.6000,2652.0000,2660.0000,2733.0000,2759.4000,2800.6000,1,1,1,1,1,2,1,1,1,1
SF,IH2012,2020-04-20 09:31:30.500,2652.6000,12,0,9545160.000,0,-,-,-,-,2648.4000,2648.2000,2646.0000,2645.6000,2550.0000,2652.0000,2660.0000,2733.0000,2759.4000,2800.6000,1,1,1,1,1,2,1,1,1,1
SF,IH2012,2020-04-20 09:31:31.000,2648.4000,13,1,10339680.000,1,1,0,双开,S,2648.2000,2646.0000,2645.6000,2550.0000,2529.4000,2652.0000,2660.0000,2733.0000,2759.4000,2800.6000,1,1,1,1,1,2,1,1,1,1
SF,IH2012,2020-04-20 09:31:31.500,2648.4000,13,0,10339680.000,0,-,-,-,-,2648.4000,2648.2000,2646.0000,2645.6000,2550.0000,2652.0000,2660.0000,2733.0000,2759.4000,2800.6000,1,1,1,1,1,2,1,1,1,1
SF,IH2012,2020-04-20 09:31:32.500,2648.4000,13,0,10339680.000,0,-,-,-,-,2648.6000,2648.4000,2646.0000,2645.6000,2550.0000,2652.0000,2660.0000,2733.0000,2759.4000,2800.6000,1,1,1,1,1,2,1,1,1,1
SF,IH2012,2020-04-20 09:31:33.000,2648.4000,13,0,10339680.000,0,-,-,-,-,2648.6000,2648.4000,2645.6000,2550.0000,2529.4000,2652.0000,2660.0000,2733.0000,2759.4000,2800.6000,1,1,1,1,1,2,1,1,1,1
SF,IH2012,2020-04-20 09:31:35.000,2648.4000,13,0,10339680.000,0,-,-,-,-,2648.8000,2645.6000,2550.0000,2529.4000,2515.4000,2652.0000,2660.0000,2733.0000,2759.4000,2800.6000,1,1,1,1,1,2,1,1,1,1
SF,IH2012,2020-04-20 09:31:37.500,2648.4000,13,0,10339680.000,0,-,-,-,-,2648.8000,2645.6000,2550.0000,2529.4000,2515.4000,2652.0000,2660.0000,2733.0000,2759.4000,2800.6000,1,1,1,1,1,1,1,1,1,1
SF,IH2012,2020-04-20 09:31:38.500,2648.4000,13,0,10339680.000,0,-,-,-,-,2648.8000,2645.6000,2550.0000,2529.4000,2515.4000,2651.8000,2652.0000,2660.0000,2733.0000,2759.4000,1,1,1,1,1,2,1,1,1,1
SF,IH2012,2020-04-20 09:31:39.500,2648.4000,13,0,10339680.000,0,-,-,-,-,2648.8000,2645.6000,2550.0000,2529.4000,2515.4000,2651.8000,2660.0000,2733.0000,2759.4000,2800.6000,1,1,1,1,1,3,1,1,1,1
SF,IH2012,2020-04-20 09:31:40.000,2651.8000,14,1,11135220.000,1,1,0,双开,S,2648.8000,2645.6000,2550.0000,2529.4000,2515.4000,2651.8000,2660.0000,2733.0000,2759.4000,2800.6000,1,1,1,1,1,2,1,1,1,1
SF,IH2012,2020-04-20 09:31:40.500,2651.8000,14,0,11135220.000,0,-,-,-,-,2648.8000,2645.6000,2550.0000,2529.4000,2515.4000,2651.6000,2651.8000,2660.0000,2733.0000,2759.4000,1,1,1,1,1,1,2,1,1,1
SF,IH2012,2020-04-20 09:31:41.000,2651.8000,14,0,11135220.000,0,-,-,-,-,2649.2000,2649.0000,2648.8000,2645.6000,2550.0000,2651.6000,2651.8000,2660.0000,2733.0000,2759.4000,1,1,1,1,1,1,1,1,1,1
SF,IH2012,2020-04-20 09:31:41.500,2651.8000,14,0,11135220.000,0,-,-,-,-,2649.2000,2649.0000,2645.6000,2550.0000,2529.4000,2651.4000,2651.8000,2660.0000,2733.0000,2759.4000,1,1,1,1,1,1,1,1,1,1
SF,IH2012,2020-04-20 09:31:43.000,2651.8000,14,0,11135220.000,0,-,-,-,-,2649.2000,2645.6000,2550.0000,2529.4000,2515.4000,2651.4000,2651.8000,2660.0000,2733.0000,2759.4000,1,1,1,1,1,1,1,1,1,1
SF,IH2012,2020-04-20 09:31:43.500,2651.8000,14,0,11135220.000,0,-,-,-,-,2649.2000,2645.6000,2550.0000,2529.4000,2515.4000,2651.2000,2651.4000,2651.8000,2660.0000,2733.0000,1,1,1,1,1,1,1,1,1,1
SF,IH2012,2020-04-20 09:31:44.000,2651.8000,14,0,11135220.000,0,-,-,-,-,2649.2000,2645.6000,2550.0000,2529.4000,2515.4000,2651.0000,2651.2000,2651.8000,2660.0000,2733.0000,1,1,1,1,1,1,1,1,1,1
SF,IH2012,2020-04-20 09:31:44.500,2651.8000,14,0,11135220.000,0,-,-,-,-,2649.2000,2645.6000,2550.0000,2529.4000,2515.4000,2651.0000,2651.8000,2660.0000,2733.0000,2759.4000,1,1,1,1,1,1,1,1,1,1
SF,IH2012,2020-04-20 09:31:45.000,2649.2000,15,1,11929980.000,1,1,0,双开,S,2645.6000,2550.0000,2529.4000,2515.4000,2484.4000,2651.0000,2651.8000,2660.0000,2733.0000,2759.4000,1,1,1,1,4,1,1,1,1,1
SF,IH2012,2020-04-20 09:31:45.500,2649.2000,15,0,11929980.000,0,-,-,-,-,2645.8000,2645.6000,2550.0000,2529.4000,2515.4000,2651.0000,2651.8000,2660.0000,2733.0000,2759.4000,1,1,1,1,1,1,1,1,1,1
SF,IH2012,2020-04-20 09:31:46.000,2649.2000,15,0,11929980.000,0,-,-,-,-,2645.8000,2645.6000,2550.0000,2529.4000,2515.4000,2650.8000,2651.0000,2660.0000,2733.0000,2759.4000,1,1,1,1,1,1,1,1,1,1
SF,IH2012,2020-04-20 09:31:47.000,2649.2000,15,0,11929980.000,0,-,-,-,-,2646.0000,2645.8000,2645.6000,2550.0000,2529.4000,2650.8000,2651.0000,2660.0000,2733.0000,2759.4000,1,1,1,1,1,1,1,1,1,1
SF,IH2012,2020-04-20 09:31:47.500,2649.2000,15,0,11929980.000,0,-,-,-,-,2646.2000,2646.0000,2645.8000,2645.6000,2550.0000,2650.8000,2651.0000,2660.0000,2733.0000,2759.4000,1,1,1,1,1,1,1,1,1,1
SF,IH2012,2020-04-20 09:31:48.500,2649.2000,15,0,11929980.000,0,-,-,-,-,2646.6000,2646.4000,2646.2000,2645.8000,2645.6000,2650.8000,2651.0000,2660.0000,2733.0000,2759.4000,1,1,1,1,1,1,1,1,1,1
SF,IH2012,2020-04-20 09:31:49.000,2649.2000,15,0,11929980.000,0,-,-,-,-,2646.6000,2646.4000,2646.2000,2645.6000,2550.0000,2650.8000,2660.0000,2733.0000,2759.4000,2800.6000,1,1,1,1,1,2,1,1,1,1
SF,IH2012,2020-04-20 09:31:49.500,2649.2000,15,0,11929980.000,0,-,-,-,-,2646.8000,2646.6000,2646.2000,2645.6000,2550.0000,2650.8000,2660.0000,2733.0000,2759.4000,2800.6000,1,1,1,1,1,1,1,1,1,1
SF,IH2012,2020-04-20 09:31:50.000,2649.2000,15,0,11929980.000,0,-,-,-,-,2646.8000,2646.6000,2646.2000,2645.6000,2550.0000,2650.8000,2660.0000,2733.0000,2759.4000,2800.6000,1,1,1,1,1,2,1,1,1,1
SF,IH2012,2020-04-20 09:31:50.500,2649.2000,15,0,11929980.000,0,-,-,-,-,2647.2000,2646.8000,2646.2000,2645.6000,2550.0000,2650.8000,2660.0000,2733.0000,2759.4000,2800.6000,1,1,1,1,1,1,1,1,1,1
SF,IH2012,2020-04-20 09:31:51.000,2649.2000,15,0,11929980.000,0,-,-,-,-,2647.2000,2647.0000,2646.8000,2646.2000,2645.6000,2650.8000,2660.0000,2733.0000,2759.4000,2800.6000,1,1,1,1,1,2,1,1,1,1
SF,IH2012,2020-04-20 09:31:51.500,2649.2000,15,0,11929980.000,0,-,-,-,-,2647.2000,2647.0000,2646.2000,2645.6000,2550.0000,2650.8000,2660.0000,2733.0000,2759.4000,2800.6000,1,1,1,1,1,2,1,1,1,1
SF,IH2012,2020-04-20 09:31:52.000,2649.2000,15,0,11929980.000,0,-,-,-,-,2647.2000,2647.0000,2646.2000,2645.6000,2550.0000,2650.2000,2650.8000,2660.0000,2733.0000,2759.4000,1,1,1,1,1,2,2,1,1,1
SF,IH2012,2020-04-20 09:31:53.000,2649.2000,15,0,11929980.000,0,-,-,-,-,2647.4000,2647.0000,2646.2000,2645.6000,2550.0000,2650.2000,2650.8000,2660.0000,2733.0000,2759.4000,2,1,1,1,1,2,2,1,1,1
SF,IH2012,2020-04-20 09:31:54.500,2649.2000,15,0,11929980.000,0,-,-,-,-,2647.4000,2647.0000,2646.2000,2645.6000,2550.0000,2650.8000,2660.0000,2733.0000,2759.4000,2800.6000,2,1,1,1,1,2,1,1,1,1
SF,IH2012,2020-04-20 09:31:55.000,2649.2000,15,0,11929980.000,0,-,-,-,-,2647.4000,2647.0000,2646.2000,2645.6000,2550.0000,2650.6000,2650.8000,2655.0000,2660.0000,2733.0000,2,1,1,1,1,1,1,1,1,1
SF,IH2012,2020-04-20 09:31:55.500,2649.2000,15,0,11929980.000,0,-,-,-,-,2647.4000,2647.0000,2646.2000,2645.6000,2550.0000,2650.8000,2655.0000,2660.0000,2733.0000,2759.4000,2,1,1,1,1,1,1,1,1,1
SF,IH2012,2020-04-20 09:31:56.500,2649.2000,15,0,11929980.000,0,-,-,-,-,2647.4000,2647.0000,2646.2000,2645.6000,2550.0000,2650.8000,2655.0000,2660.0000,2733.0000,2759.4000,2,1,1,1,1,2,1,1,1,1
SF,IH2012,2020-04-20 09:31:57.000,2649.2000,15,0,11929980.000,0,-,-,-,-,2647.4000,2647.0000,2646.2000,2645.6000,2550.0000,2650.8000,2655.0000,2660.0000,2733.0000,2759.4000,2,1,1,1,1,1,1,1,1,1
SF,IH2012,2020-04-20 09:31:57.500,2649.2000,15,0,11929980.000,0,-,-,-,-,2647.4000,2647.0000,2646.2000,2645.6000,2550.0000,2650.8000,2655.0000,2660.0000,2733.0000,2759.4000,2,1,1,1,1,2,1,1,1,1
SF,IH2012,2020-04-20 09:31:58.000,2649.2000,15,0,11929980.000,0,-,-,-,-,2647.4000,2647.0000,2646.2000,2645.6000,2550.0000,2650.8000,2655.0000,2660.0000,2733.0000,2759.4000,2,1,1,1,1,1,1,1,1,1
SF,IH2012,2020-04-20 09:31:58.500,2649.2000,15,0,11929980.000,0,-,-,-,-,2647.4000,2647.0000,2646.2000,2645.6000,2550.0000,2650.8000,2655.0000,2660.0000,2733.0000,2759.4000,2,1,1,1,1,2,1,1,1,1
SF,IH2012,2020-04-20 09:31:59.500,2649.2000,15,0,11929980.000,0,-,-,-,-,2647.4000,2647.0000,2646.2000,2645.6000,2550.0000,2650.8000,2655.0000,2660.0000,2733.0000,2759.4000,2,1,1,1,1,1,1,1,1,1
SF,IH2012,2020-04-20 09:32:00.000,2649.2000,15,0,11929980.000,0,-,-,-,-,2647.4000,2647.0000,2646.2000,2645.6000,2550.0000,2650.8000,2655.0000,2660.0000,2733.0000,2759.4000,2,1,1,1,1,2,1,1,1,1
SF,IH2012,2020-04-20 09:32:01.000,2647.4000,16,1,12724200.000,1,1,0,双开,S,2647.4000,2647.0000,2646.2000,2645.6000,2550.0000,2650.8000,2655.0000,2660.0000,2733.0000,2759.4000,1,1,1,1,1,2,1,1,1,1
SF,IH2012,2020-04-20 09:32:01.500,2647.4000,16,0,12724200.000,0,-,-,-,-,2647.4000,2646.2000,2645.6000,2550.0000,2529.4000,2650.8000,2655.0000,2660.0000,2733.0000,2759.4000,1,1,1,1,1,2,1,1,1,1
SF,IH2012,2020-04-20 09:32:02.000,2647.4000,16,0,12724200.000,0,-,-,-,-,2647.6000,2647.4000,2646.2000,2645.6000,2550.0000,2649.2000,2650.6000,2650.8000,2655.0000,2660.0000,1,1,1,1,1,1,1,2,1,1
SF,IH2012,2020-04-20 09:32:02.500,2649.2000,17,1,13518960.000,1,1,0,双开,S,2647.6000,2647.4000,2646.2000,2645.6000,2550.0000,2650.6000,2650.8000,2655.0000,2660.0000,2733.0000,1,1,1,1,1,1,2,1,1,1
SF,IH2012,2020-04-20 09:32:03.500,2649.2000,17,0,13518960.000,0,-,-,-,-,2647.6000,2647.4000,2646.2000,2645.6000,2550.0000,2650.4000,2650.6000,2650.8000,2655.0000,2660.0000,1,1,1,1,1,1,1,1,1,1
SF,IH2012,2020-04-20 09:32:04.000,2649.2000,17,0,13518960.000,0,-,-,-,-,2647.6000,2647.4000,2646.2000,2645.6000,2550.0000,2650.2000,2650.4000,2650.8000,2655.0000,2660.0000,1,1,1,1,1,1,1,1,1,1
SF,IH2012,2020-04-20 09:32:04.500,2649.2000,17,0,13518960.000,0,-,-,-,-,2647.6000,2647.4000,2646.2000,2645.6000,2550.0000,2650.0000,2650.2000,2655.0000,2660.0000,2733.0000,1,1,1,1,1,1,1,1,1,1
SF,IH2012,2020-04-20 09:32:05.000,2649.2000,17,0,13518960.000,0,-,-,-,-,2647.6000,2647.4000,2646.2000,2645.6000,2550.0000,2649.8000,2650.0000,2655.0000,2660.0000,2733.0000,1,1,1,1,1,1,1,1,1,1
SF,IH2012,2020-04-20 09:32:05.500,2649.2000,17,0,13518960.000,0,-,-,-,-,2647.6000,2646.2000,2645.6000,2550.0000,2529.4000,2649.8000,2650.0000,2655.0000,2660.0000,2733.0000,1,1,1,1,1,1,1,1,1,1
SF,IH2012,2020-04-20 09:32:07.500,2649.2000,17,0,13518960.000,0,-,-,-,-,2647.6000,2646.2000,2645.6000,2550.0000,2529.4000,2649.8000,2650.0000,2655.0000,2660.0000,2733.0000,1,1,1,1,1,1,1,1,1,1
SF,IH2012,2020-04-20 09:32:08.000,2649.2000,17,0,13518960.000,0,-,-,-,-,2647.6000,2645.6000,2550.0000,2529.4000,2515.4000,2649.8000,2650.0000,2655.0000,2660.0000,2733.0000,1,1,1,1,1,1,1,1,1,1
SF,IH2012,2020-04-20 09:32:09.000,2649.2000,17,0,13518960.000,0,-,-,-,-,2647.6000,2645.6000,2550.0000,2529.4000,2515.4000,2649.8000,2650.0000,2655.0000,2660.0000,2733.0000,1,1,1,1,1,2,1,1,1,1
SF,IH2012,2020-04-20 09:32:09.500,2649.8000,18,1,14313900.000,1,1,0,双开,S,2647.6000,2645.6000,2550.0000,2529.4000,2515.4000,2649.8000,2650.0000,2655.0000,2660.0000,2733.0000,1,1,1,1,1,1,1,1,1,1
SF,IH2012,2020-04-20 09:32:10.000,2649.8000,18,0,14313900.000,0,-,-,-,-,2647.8000,2647.6000,2645.6000,2550.0000,2529.4000,2649.6000,2649.8000,2650.0000,2655.0000,2660.0000,1,1,1,1,1,1,1,1,1,1
SF,IH2012,2020-04-20 09:32:10.500,2649.8000,18,0,14313900.000,0,-,-,-,-,2647.8000,2647.6000,2645.6000,2550.0000,2529.4000,2649.6000,2650.0000,2655.0000,2660.0000,2733.0000,1,1,1,1,1,1,1,1,1,1
SF,IH2012,2020-04-20 09:32:11.000,2649.8000,18,0,14313900.000,0,-,-,-,-,2647.8000,2647.6000,2645.6000,2550.0000,2529.4000,2649.4000,2649.6000,2655.0000,2660.0000,2733.0000,1,1,1,1,1,2,1,1,1,1
SF,IH2012,2020-04-20 09:32:13.500,2649.8000,18,0,14313900.000,0,-,-,-,-,2647.8000,2647.6000,2647.0000,2645.6000,2550.0000,2649.4000,2649.6000,2655.0000,2660.0000,2733.0000,1,1,1,1,1,2,1,1,1,1
SF,IH2012,2020-04-20 09:32:14.000,2647.8000,19,1,15108240.000,1,1,0,双开,S,2647.6000,2647.0000,2645.6000,2550.0000,2529.4000,2649.4000,2649.6000,2655.0000,2660.0000,2733.0000,1,1,1,1,1,2,1,1,1,1
SF,IH2012,2020-04-20 09:32:14.500,2647.0000,21,2,16696620.000,2,2,0,双开,S,2645.6000,2550.0000,2529.4000,2515.4000,2484.4000,2649.2000,2649.4000,2655.0000,2660.0000,2733.0000,1,1,1,1,4,1,2,1,1,1
SF,IH2012,2020-04-20 09:32:15.000,2647.0000,21,0,16696620.000,0,-,-,-,-,2645.6000,2550.0000,2529.4000,2515.4000,2484.4000,2649.2000,2649.4000,2655.0000,2660.0000,2733.0000,1,1,1,1,4,1,1,1,1,1
SF,IH2012,2020-04-20 09:32:15.500,2647.0000,21,0,16696620.000,0,-,-,-,-,2645.6000,2550.0000,2529.4000,2515.4000,2484.4000,2649.0000,2649.2000,2649.4000,2655.0000,2660.0000,1,1,1,1,4,1,1,1,1,1
SF,IH2012,2020-04-20 09:32:16.000,2647.0000,21,0,16696620.000,0,-,-,-,-,2645.6000,2550.0000,2529.4000,2515.4000,2484.4000,2648.8000,2649.0000,2649.4000,2655.0000,2660.0000,1,1,1,1,4,1,1,1,1,1
SF,IH2012,2020-04-20 09:32:16.500,2647.0000,21,0,16696620.000,0,-,-,-,-,2645.6000,2550.0000,2529.4000,2515.4000,2484.4000,2648.8000,2649.4000,2655.0000,2660.0000,2733.0000,1,1,1,1,4,1,1,1,1,1
SF,IH2012,2020-04-20 09:32:17.000,2647.0000,21,0,16696620.000,0,-,-,-,-,2645.6000,2550.0000,2529.4000,2515.4000,2484.4000,2648.6000,2648.8000,2655.0000,2660.0000,2733.0000,1,1,1,1,4,1,1,1,1,1
SF,IH2012,2020-04-20 09:32:17.500,2647.0000,21,0,16696620.000,0,-,-,-,-,2645.6000,2550.0000,2529.4000,2515.4000,2484.4000,2648.4000,2648.6000,2655.0000,2660.0000,2733.0000,1,1,1,1,4,1,1,1,1,1
SF,IH2012,2020-04-20 09:32:18.000,2647.0000,21,0,16696620.000,0,-,-,-,-,2645.6000,2550.0000,2529.4000,2515.4000,2484.4000,2648.2000,2648.4000,2655.0000,2660.0000,2733.0000,1,1,1,1,4,1,1,1,1,1
SF,IH2012,2020-04-20 09:32:18.500,2647.0000,21,0,16696620.000,0,-,-,-,-,2645.6000,2550.0000,2529.4000,2515.4000,2484.4000,2648.0000,2655.0000,2660.0000,2733.0000,2759.4000,1,1,1,1,4,1,1,1,1,1
SF,IH2012,2020-04-20 09:32:19.000,2647.0000,21,0,16696620.000,0,-,-,-,-,2645.6000,2550.0000,2529.4000,2515.4000,2484.4000,2648.0000,2655.0000,2660.0000,2733.0000,2759.4000,1,1,1,1,4,2,1,1,1,1
SF,IH2012,2020-04-20 09:32:19.500,2648.0000,22,1,17491020.000,1,1,0,双开,S,2645.6000,2550.0000,2529.4000,2515.4000,2484.4000,2648.0000,2655.0000,2660.0000,2733.0000,2759.4000,1,1,1,1,4,1,1,1,1,1
SF,IH2012,2020-04-20 09:32:20.000,2648.0000,22,0,17491020.000,0,-,-,-,-,2645.6000,2550.0000,2529.4000,2515.4000,2484.4000,2647.8000,2648.0000,2655.0000,2660.0000,2733.0000,1,1,1,1,4,1,1,1,1,1
SF,IH2012,2020-04-20 09:32:20.500,2645.6000,23,1,18284700.000,1,1,0,双开,S,2550.0000,2529.4000,2515.4000,2484.4000,2482.6000,2655.0000,2660.0000,2733.0000,2759.4000,2796.2000,1,1,1,4,5,1,1,1,1,5
SF,IH2012,2020-04-20 09:32:21.000,2645.6000,23,0,18284700.000,0,-,-,-,-,2550.4000,2550.2000,2550.0000,2529.4000,2515.4000,2647.6000,2654.8000,2655.0000,2660.0000,2733.0000,1,3,1,1,1,1,1,1,1,1
SF,IH2012,2020-04-20 09:32:21.500,2645.6000,23,0,18284700.000,0,-,-,-,-,2550.6000,2550.4000,2550.2000,2550.0000,2529.4000,2647.4000,2655.0000,2660.0000,2733.0000,2759.4000,1,1,2,1,1,1,1,1,1,1
SF,IH2012,2020-04-20 09:32:22.000,2645.6000,23,0,18284700.000,0,-,-,-,-,2635.4000,2551.0000,2550.8000,2550.6000,2550.2000,2647.4000,2655.0000,2660.0000,2733.0000,2759.4000,1,1,1,1,2,2,1,1,1,1
SF,IH2012,2020-04-20 09:32:22.500,2645.6000,23,0,18284700.000,0,-,-,-,-,2635.6000,2635.4000,2632.6000,2629.8000,2550.2000,2647.4000,2655.0000,2660.0000,2733.0000,2759.4000,2,1,2,2,1,2,1,1,1,1
SF,IH2012,2020-04-20 09:32:23.000,2645.6000,23,0,18284700.000,0,-,-,-,-,2637.6000,2636.6000,2635.6000,2629.8000,2550.2000,2647.4000,2655.0000,2660.0000,2733.0000,2759.4000,1,2,2,2,1,2,1,1,1,1
SF,IH2012,2020-04-20 09:32:23.500,2645.6000,23,0,18284700.000,0,-,-,-,-,2637.8000,2637.6000,2636.6000,2636.4000,2550.2000,2647.4000,2655.0000,2660.0000,2733.0000,2759.4000,2,1,2,2,1,2,1,1,1,1
SF,IH2012,2020-04-20 09:32:24.000,2645.6000,23,0,18284700.000,0,-,-,-,-,2638.6000,2637.8000,2636.4000,2550.2000,2550.0000,2646.4000,2647.4000,2655.0000,2660.0000,2733.0000,1,2,2,1,1,1,2,1,1,1
SF,IH2012,2020-04-20 09:32:24.500,2645.6000,23,0,18284700.000,0,-,-,-,-,2638.8000,2638.6000,2637.8000,2636.4000,2550.2000,2646.2000,2646.4000,2647.2000,2655.0000,2660.0000,1,1,1,2,1,1,1,1,1,1
SF,IH2012,2020-04-20 09:32:25.000,2645.6000,23,0,18284700.000,0,-,-,-,-,2639.6000,2638.8000,2636.4000,2550.2000,2550.0000,2646.2000,2646.4000,2647.2000,2655.0000,2660.0000,1,1,2,1,1,1,1,1,1,1
SF,IH2012,2020-04-20 09:32:25.500,2645.6000,23,0,18284700.000,0,-,-,-,-,2639.6000,2638.8000,2636.4000,2550.2000,2550.0000,2646.0000,2646.2000,2646.4000,2647.2000,2655.0000,1,1,2,1,1,1,1,1,1,1
SF,IH2012,2020-04-20 09:32:26.000,2645.6000,23,0,18284700.000,0,-,-,-,-,2639.6000,2638.8000,2636.4000,2550.2000,2550.0000,2645.2000,2645.8000,2646.0000,2647.2000,2655.0000,1,1,2,1,1,1,1,1,1,1
SF,IH2012,2020-04-20 09:32:26.500,2645.6000,23,0,18284700.000,0,-,-,-,-,2639.8000,2636.4000,2550.2000,2550.0000,2529.4000,2645.0000,2645.2000,2647.2000,2655.0000,2660.0000,1,2,1,1,1,1,1,1,1,1
SF,IH2012,2020-04-20 09:32:27.000,2645.6000,23,0,18284700.000,0,-,-,-,-,2639.8000,2636.4000,2550.2000,2550.0000,2537.2000,2645.0000,2645.2000,2647.2000,2655.0000,2660.0000,1,2,1,1,1,2,1,1,1,1
SF,IH2012,2020-04-20 09:32:29.500,2645.6000,23,0,18284700.000,0,-,-,-,-,2639.8000,2636.4000,2550.2000,2550.0000,2537.2000,2645.0000,2645.2000,2655.0000,2660.0000,2733.0000,1,2,1,1,1,2,1,1,1,1
SF,IH2012,2020-04-20 09:32:31.000,2639.8000,24,1,19076640.000,1,1,0,双开,S,2636.4000,2550.2000,2550.0000,2537.2000,2529.4000,2644.8000,2645.0000,2645.2000,2655.0000,2660.0000,2,1,1,1,1,1,2,1,1,1
SF,IH2012,2020-04-20 09:32:31.500,2639.8000,24,0,19076640.000,0,-,-,-,-,2636.6000,2636.4000,2550.2000,2550.0000,2537.2000,2644.6000,2644.8000,2645.2000,2655.0000,2660.0000,2,2,1,1,1,1,1,1,1,1
SF,IH2012,2020-04-20 09:32:32.000,2644.6000,25,1,19870020.000,1,1,0,双开,S,2638.4000,2636.6000,2636.4000,2550.2000,2550.0000,2644.2000,2644.8000,2655.0000,2660.0000,2733.0000,1,2,2,1,1,1,1,1,1,1
SF,IH2012,2020-04-20 09:32:32.500,2644.2000,26,1,20663280.000,1,1,0,双开,S,2639.4000,2638.6000,2638.4000,2637.8000,2636.6000,2644.8000,2655.0000,2660.0000,2733.0000,2759.4000,1,1,1,1,1,1,1,1,1,1
SF,IH2012,2020-04-20 09:32:33.000,2644.8000,27,1,21456720.000,1,1,0,双开,S,2639.8000,2639.4000,2636.6000,2636.4000,2550.2000,2655.0000,2660.0000,2733.0000,2759.4000,2796.2000,1,2,1,2,1,1,1,1,1,5
SF,IH2012,2020-04-20 09:32:33.500,2644.8000,27,0,21456720.000,0,-,-,-,-,2640.4000,2639.8000,2639.4000,2550.2000,2550.0000,2654.8000,2655.0000,2660.0000,2733.0000,2759.4000,1,2,1,1,1,1,1,1,1,1
SF,IH2012,2020-04-20 09:32:34.000,2644.8000,27,0,21456720.000,0,-,-,-,-,2641.2000,2640.4000,2640.0000,2639.8000,2550.2000,2648.2000,2654.6000,2654.8000,2655.0000,2660.0000,1,1,1,2,1,1,1,1,1,1
SF,IH2012,2020-04-20 09:32:34.500,2644.8000,27,0,21456720.000,0,-,-,-,-,2641.2000,2640.8000,2640.6000,2640.4000,2639.8000,2648.0000,2648.2000,2648.6000,2649.8000,2655.0000,1,1,1,1,1,1,1,2,2,1
SF,IH2012,2020-04-20 09:32:35.000,2644.8000,27,0,21456720.000,0,-,-,-,-,2642.0000,2641.6000,2641.2000,2640.8000,2640.6000,2646.2000,2648.0000,2648.2000,2649.8000,2655.0000,1,1,1,1,1,1,2,1,2,1
SF,IH2012,2020-04-20 09:32:35.500,2646.0000,28,1,22250520.000,1,1,0,双开,S,2642.0000,2641.6000,2641.2000,2640.6000,2550.2000,2646.2000,2646.4000,2648.2000,2649.8000,2655.0000,1,1,1,1,1,1,1,1,2,1
SF,IH2012,2020-04-20 09:32:36.000,2646.0000,28,0,22250520.000,0,-,-,-,-,2642.0000,2641.6000,2640.6000,2550.2000,2550.0000,2646.0000,2646.2000,2646.4000,2649.8000,2655.0000,1,1,1,1,1,2,1,1,2,1
SF,IH2012,2020-04-20 09:32:36.500,2646.0000,28,0,22250520.000,0,-,-,-,-,2642.0000,2641.6000,2633.6000,2550.2000,2550.0000,2645.2000,2645.6000,2646.0000,2646.2000,2649.8000,1,1,2,1,1,1,1,1,1,2
SF,IH2012,2020-04-20 09:32:37.000,2646.0000,28,0,22250520.000,0,-,-,-,-,2642.0000,2633.6000,2550.2000,2550.0000,2537.2000,2645.2000,2645.6000,2645.8000,2646.0000,2649.8000,1,2,1,1,1,1,2,1,1,2
SF,IH2012,2020-04-20 09:32:37.500,2646.0000,28,0,22250520.000,0,-,-,-,-,2642.0000,2633.6000,2550.2000,2550.0000,2537.2000,2644.4000,2645.0000,2645.2000,2645.6000,2649.8000,1,2,1,1,1,1,1,1,1,2
SF,IH2012,2020-04-20 09:32:38.000,2646.0000,28,0,22250520.000,0,-,-,-,-,2642.0000,2640.0000,2633.6000,2550.2000,2550.0000,2644.4000,2645.0000,2649.8000,2655.0000,2733.0000,1,1,2,1,1,1,1,2,1,1
SF,IH2012,2020-04-20 09:32:38.500,2646.0000,28,0,22250520.000,0,-,-,-,-,2640.0000,2633.6000,2550.2000,2550.0000,2537.2000,2644.4000,2649.8000,2655.0000,2733.0000,2759.4000,1,2,1,1,1,2,2,1,1,1
SF,IH2012,2020-04-20 09:32:39.000,2646.0000,28,0,22250520.000,0,-,-,-,-,2640.0000,2633.6000,2550.2000,2550.0000,2537.2000,2644.0000,2644.4000,2649.8000,2655.0000,2733.0000,1,2,1,1,1,1,2,2,1,1
SF,IH2012,2020-04-20 09:32:39.500,2646.0000,28,0,22250520.000,0,-,-,-,-,2640.2000,2640.0000,2633.6000,2550.2000,2550.0000,2644.0000,2644.4000,2649.8000,2655.0000,2733.0000,1,1,2,1,1,1,1,2,1,1
SF,IH2012,2020-04-20 09:32:40.000,2646.0000,28,0,22250520.000,0,-,-,-,-,2640.4000,2640.2000,2633.6000,2550.2000,2550.0000,2644.0000,2644.4000,2649.8000,2655.0000,2733.0000,1,2,2,1,1,1,1,2,1,1
SF,IH2012,2020-04-20 09:32:40.500,2646.0000,28,0,22250520.000,0,-,-,-,-,2640.6000,2640.4000,2640.2000,2633.6000,2550.2000,2644.0000,2649.8000,2655.0000,2733.0000,2759.4000,1,1,1,2,1,1,2,1,1,1
SF,IH2012,2020-04-20 09:32:41.000,2646.0000,28,0,22250520.000,0,-,-,-,-,2640.8000,2640.6000,2640.2000,2633.6000,2550.2000,2644.0000,2649.8000,2655.0000,2733.0000,2759.4000,1,1,1,2,1,1,1,1,1,1
SF,IH2012,2020-04-20 09:32:41.500,2646.0000,28,0,22250520.000,0,-,-,-,-,2640.8000,2640.6000,2640.2000,2633.6000,2550.2000,2644.0000,2649.8000,2655.0000,2733.0000,2759.4000,2,1,1,2,1,1,1,1,1,1
SF,IH2012,2020-04-20 09:32:42.500,2646.0000,28,0,22250520.000,0,-,-,-,-,2641.0000,2640.8000,2640.2000,2633.6000,2550.2000,2644.0000,2649.8000,2655.0000,2733.0000,2759.4000,1,2,1,2,1,1,1,1,1,1
SF,IH2012,2020-04-20 09:32:43.000,2646.0000,28,0,22250520.000,0,-,-,-,-,2641.0000,2640.8000,2640.2000,2633.6000,2550.2000,2644.0000,2649.8000,2653.8000,2655.0000,2733.0000,1,2,1,2,1,1,1,1,1,1
SF,IH2012,2020-04-20 09:32:43.500,2646.0000,28,0,22250520.000,0,-,-,-,-,2641.2000,2641.0000,2640.8000,2633.6000,2550.2000,2644.0000,2649.8000,2653.8000,2655.0000,2733.0000,2,1,1,2,1,1,1,1,1,1
SF,IH2012,2020-04-20 09:32:44.000,2646.0000,28,0,22250520.000,0,-,-,-,-,2641.2000,2641.0000,2633.6000,2550.2000,2550.0000,2644.0000,2649.8000,2653.8000,2655.0000,2733.0000,2,1,2,1,1,1,1,1,1,1
SF,IH2012,2020-04-20 09:32:44.500,2646.0000,28,0,22250520.000,0,-,-,-,-,2641.2000,2641.0000,2633.6000,2550.2000,2550.0000,2644.0000,2649.8000,2653.8000,2655.0000,2733.0000,1,1,2,1,1,1,1,1,1,1
SF,IH2012,2020-04-20 09:32:45.000,2641.2000,29,1,23042880.000,1,1,0,双开,S,2641.0000,2639.6000,2633.6000,2550.2000,2550.0000,2644.0000,2649.8000,2653.8000,2655.0000,2733.0000,1,1,2,1,1,1,1,1,1,1
SF,IH2012,2020-04-20 09:32:46.000,2644.0000,30,1,23836080.000,1,1,0,双开,S,2641.0000,2639.6000,2633.6000,2550.2000,2550.0000,2649.8000,2653.8000,2655.0000,2733.0000,2759.4000,1,1,2,1,1,1,1,1,1,1
SF,IH2012,2020-04-20 09:32:46.500,2644.0000,30,0,23836080.000,0,-,-,-,-,2641.0000,2639.6000,2633.6000,2620.2000,2550.2000,2649.6000,2649.8000,2653.8000,2655.0000,2733.0000,1,1,2,2,1,1,1,1,1,1
SF,IH2012,2020-04-20 09:32:47.000,2644.0000,30,0,23836080.000,0,-,-,-,-,2641.4000,2641.0000,2633.6000,2620.2000,2550.2000,2645.6000,2649.8000,2653.8000,2655.0000,2733.0000,1,1,2,2,1,1,1,1,1,1
SF,IH2012,2020-04-20 09:32:47.500,2644.0000,30,0,23836080.000,0,-,-,-,-,2641.6000,2641.4000,2641.0000,2633.6000,2620.2000,2646.0000,2649.8000,2653.8000,2655.0000,2733.0000,1,1,1,2,2,1,1,1,1,1
SF,IH2012,2020-04-20 09:32:48.000,2644.0000,30,0,23836080.000,0,-,-,-,-,2641.6000,2641.4000,2633.6000,2620.2000,2550.2000,2645.2000,2649.8000,2653.8000,2655.0000,2733.0000,2,1,2,2,1,1,1,1,1,1
SF,IH2012,2020-04-20 09:32:48.500,2644.0000,30,0,23836080.000,0,-,-,-,-,2642.0000,2641.6000,2633.6000,2620.2000,2550.2000,2645.2000,2649.8000,2653.8000,2655.0000,2733.0000,2,2,2,2,1,1,1,1,1,1
SF,IH2012,2020-04-20 09:32:49.000,2644.0000,30,0,23836080.000,0,-,-,-,-,2642.2000,2642.0000,2641.6000,2638.0000,2633.6000,2645.2000,2649.8000,2653.8000,2655.0000,2733.0000,1,2,1,1,2,1,1,1,1,1
SF,IH2012,2020-04-20 09:32:49.500,2644.0000,30,0,23836080.000,0,-,-,-,-,2642.6000,2642.4000,2642.2000,2642.0000,2638.0000,2645.2000,2649.8000,2653.8000,2655.0000,2733.0000,1,1,1,2,1,1,1,1,1,1
SF,IH2012,2020-04-20 09:32:50.000,2644.0000,30,0,23836080.000,0,-,-,-,-,2642.6000,2642.4000,2642.0000,2640.0000,2638.0000,2645.2000,2649.8000,2653.8000,2655.0000,2733.0000,1,1,2,1,1,1,1,1,1,1
SF,IH2012,2020-04-20 09:32:50.500,2644.0000,30,0,23836080.000,0,-,-,-,-,2643.0000,2642.8000,2642.6000,2642.0000,2641.8000,2645.2000,2649.8000,2653.8000,2655.0000,2733.0000,1,1,1,2,1,1,1,1,1,1
SF,IH2012,2020-04-20 09:32:51.000,2644.0000,30,0,23836080.000,0,-,-,-,-,2643.2000,2643.0000,2642.6000,2642.0000,2641.8000,2645.2000,2649.8000,2653.8000,2655.0000,2733.0000,1,1,1,1,1,1,1,1,1,1
SF,IH2012,2020-04-20 09:32:51.500,2644.0000,30,0,23836080.000,0,-,-,-,-,2643.4000,2643.2000,2642.0000,2641.8000,2640.0000,2645.2000,2649.8000,2653.8000,2655.0000,2733.0000,1,1,1,1,1,1,1,1,1,1
SF,IH2012,2020-04-20 09:32:52.000,2644.0000,30,0,23836080.000,0,-,-,-,-,2643.6000,2643.4000,2642.0000,2641.8000,2640.0000,2649.8000,2653.8000,2655.0000,2733.0000,2759.4000,1,1,1,1,1,1,1,1,1,1
SF,IH2012,2020-04-20 09:32:52.500,2644.0000,30,0,23836080.000,0,-,-,-,-,2643.4000,2642.0000,2641.8000,2640.0000,2638.0000,2649.8000,2653.8000,2655.0000,2733.0000,2759.4000,1,1,1,1,1,1,1,1,1,1
SF,IH2012,2020-04-20 09:32:53.000,2644.0000,30,0,23836080.000,0,-,-,-,-,2643.8000,2643.6000,2642.0000,2641.8000,2640.0000,2647.4000,2649.8000,2653.8000,2655.0000,2733.0000,1,1,1,1,1,1,1,1,1,1
SF,IH2012,2020-04-20 09:32:53.500,2644.0000,30,0,23836080.000,0,-,-,-,-,2643.8000,2643.6000,2641.8000,2640.0000,2638.0000,2647.4000,2647.8000,2648.6000,2649.8000,2653.8000,1,1,1,1,1,1,1,1,1,1
SF,IH2012,2020-04-20 09:32:54.000,2644.0000,30,0,23836080.000,0,-,-,-,-,2643.8000,2641.8000,2640.0000,2638.0000,2620.2000,2647.4000,2647.8000,2648.6000,2649.8000,2653.8000,1,1,1,1,2,1,1,1,1,1
SF,IH2012,2020-04-20 09:32:54.500,2644.0000,30,0,23836080.000,0,-,-,-,-,2644.0000,2643.8000,2641.8000,2640.0000,2638.0000,2647.2000,2647.4000,2648.6000,2649.8000,2653.8000,1,1,1,1,1,1,1,1,1,1
SF,IH2012,2020-04-20 09:32:55.000,2644.0000,30,0,23836080.000,0,-,-,-,-,2644.0000,2643.8000,2641.8000,2640.0000,2638.0000,2647.2000,2647.4000,2648.6000,2653.8000,2655.0000,1,1,1,1,1,1,1,1,1,1
SF,IH2012,2020-04-20 09:32:56.000,2644.0000,30,0,23836080.000,0,-,-,-,-,2644.0000,2643.8000,2641.8000,2640.0000,2638.0000,2647.2000,2647.4000,2648.6000,2652.6000,2653.8000,1,1,1,1,1,1,1,1,1,1
SF,IH2012,2020-04-20 09:32:56.500,2647.2000,31,1,24630240.000,1,1,0,双开,S,2644.0000,2643.8000,2641.8000,2640.0000,2638.0000,2647.4000,2648.6000,2652.6000,2653.8000,2655.0000,1,1,1,1,1,1,1,1,1,1
SF,IH2012,2020-04-20 09:32:57.000,2647.2000,31,0,24630240.000,0,-,-,-,-,2643.8000,2641.8000,2640.0000,2638.0000,2620.2000,2647.4000,2648.6000,2652.6000,2653.8000,2655.0000,1,1,1,1,2,1,1,1,1,1
SF,IH2012,2020-04-20 09:32:57.500,2647.2000,31,0,24630240.000,0,-,-,-,-,2644.4000,2641.8000,2640.0000,2638.0000,2620.2000,2647.2000,2652.6000,2653.8000,2655.0000,2733.0000,1,1,1,1,2,1,1,1,1,1
SF,IH2012,2020-04-20 09:32:58.000,2647.2000,31,0,24630240.000,0,-,-,-,-,2641.8000,2640.0000,2638.0000,2620.2000,2550.2000,2647.0000,2647.2000,2652.6000,2653.8000,2655.0000,1,1,1,2,1,1,1,1,1,1
SF,IH2012,2020-04-20 09:32:58.500,2647.2000,31,0,24630240.000,0,-,-,-,-,2641.8000,2640.0000,2638.0000,2620.2000,2550.2000,2647.0000,2652.6000,2653.8000,2655.0000,2733.0000,1,1,1,2,1,1,1,1,1,1
SF,IH2012,2020-04-20 09:32:59.000,2647.2000,31,0,24630240.000,0,-,-,-,-,2642.6000,2642.0000,2641.8000,2640.0000,2638.0000,2646.8000,2647.0000,2652.6000,2653.8000,2655.0000,1,1,1,1,1,1,1,1,1,1
SF,IH2012,2020-04-20 09:32:59.500,2647.2000,31,0,24630240.000,0,-,-,-,-,2642.8000,2642.6000,2642.0000,2641.8000,2640.0000,2646.8000,2647.0000,2652.6000,2653.8000,2655.0000,1,1,1,1,1,1,1,1,1,1
SF,IH2012,2020-04-20 09:33:00.000,2647.2000,31,0,24630240.000,0,-,-,-,-,2642.8000,2642.6000,2642.0000,2641.8000,2640.0000,2646.6000,2646.8000,2652.6000,2653.8000,2655.0000,1,1,1,1,1,1,1,1,1,1
SF,IH2012,2020-04-20 09:33:00.500,2647.2000,31,0,24630240.000,0,-,-,-,-,2643.0000,2642.8000,2641.8000,2640.0000,2638.0000,2646.6000,2646.8000,2652.6000,2653.8000,2655.0000,2,1,1,1,1,1,1,1,1,1
SF,IH2012,2020-04-20 09:33:01.000,2643.2000,32,1,25423200.000,1,1,0,双开,S,2643.0000,2641.8000,2640.0000,2638.0000,2620.2000,2646.6000,2646.8000,2652.6000,2653.8000,2655.0000,2,1,1,1,2,1,1,1,1,1
SF,IH2012,2020-04-20 09:33:01.500,2643.2000,32,0,25423200.000,0,-,-,-,-,2643.4000,2643.0000,2641.8000,2640.0000,2638.0000,2646.6000,2652.6000,2653.8000,2655.0000,2733.0000,2,2,1,1,1,1,1,1,1,1
SF,IH2012,2020-04-20 09:33:02.000,2643.2000,32,0,25423200.000,0,-,-,-,-,2643.6000,2643.4000,2643.0000,2641.8000,2640.0000,2646.6000,2652.6000,2653.8000,2655.0000,2733.0000,2,2,1,1,1,1,1,1,1,1
SF,IH2012,2020-04-20 09:33:02.500,2643.2000,32,0,25423200.000,0,-,-,-,-,2643.6000,2643.4000,2641.8000,2640.0000,2638.0000,2646.6000,2652.6000,2653.8000,2655.0000,2733.0000,3,2,1,1,1,1,1,1,1,1
SF,IH2012,2020-04-20 09:33:03.000,2643.2000,32,0,25423200.000,0,-,-,-,-,2644.0000,2643.8000,2643.6000,2641.8000,2640.0000,2646.6000,2652.6000,2653.8000,2655.0000,2733.0000,1,2,1,1,1,1,1,1,1,1
SF,IH2012,2020-04-20 09:33:03.500,2643.2000,32,0,25423200.000,0,-,-,-,-,2644.0000,2643.8000,2643.6000,2641.8000,2640.0000,2646.4000,2646.6000,2652.6000,2653.8000,2655.0000,1,2,1,1,1,1,1,1,1,1
SF,IH2012,2020-04-20 09:33:04.000,2643.2000,32,0,25423200.000,0,-,-,-,-,2643.8000,2643.6000,2641.8000,2640.0000,2638.0000,2646.4000,2646.6000,2652.6000,2653.8000,2655.0000,1,1,1,1,1,1,1,1,1,1
SF,IH2012,2020-04-20 09:33:04.500,2643.2000,32,0,25423200.000,0,-,-,-,-,2643.6000,2641.8000,2640.0000,2638.0000,2620.2000,2646.4000,2646.6000,2652.6000,2653.8000,2655.0000,1,1,1,1,2,1,1,1,1,1
SF,IH2012,2020-04-20 09:33:05.000,2646.4000,34,2,27010980.000,2,2,0,双开,S,2643.6000,2641.8000,2640.0000,2638.0000,2620.2000,2652.6000,2653.8000,2655.0000,2733.0000,2759.4000,1,1,1,1,2,1,1,1,1,1
SF,IH2012,2020-04-20 09:33:05.500,2646.4000,34,0,27010980.000,0,-,-,-,-,2640.0000,2638.0000,2620.2000,2550.2000,2550.0000,2652.6000,2653.8000,2655.0000,2733.0000,2759.4000,1,1,2,1,1,1,1,1,1,1
SF,IH2012,2020-04-20 09:33:06.000,2646.4000,34,0,27010980.000,0,-,-,-,-,2642.6000,2640.2000,2640.0000,2638.0000,2620.2000,2648.8000,2652.6000,2653.8000,2655.0000,2733.0000,1,1,1,1,2,1,1,1,1,1
SF,IH2012,2020-04-20 09:33:06.500,2646.4000,34,0,27010980.000,0,-,-,-,-,2643.0000,2642.6000,2642.4000,2640.2000,2640.0000,2648.8000,2649.0000,2650.4000,2652.6000,2655.0000,1,1,1,1,1,1,1,1,1,1
SF,IH2012,2020-04-20 09:33:07.000,2646.4000,34,0,27010980.000,0,-,-,-,-,2643.2000,2643.0000,2642.6000,2640.0000,2638.0000,2647.8000,2648.8000,2652.6000,2655.0000,2733.0000,1,1,1,1,1,1,1,1,1,1
SF,IH2012,2020-04-20 09:33:07.500,2646.4000,34,0,27010980.000,0,-,-,-,-,2643.4000,2643.2000,2642.6000,2640.0000,2638.0000,2647.8000,2648.8000,2652.6000,2655.0000,2733.0000,1,1,1,1,1,3,1,1,1,1
SF,IH2012,2020-04-20 09:33:09.000,2646.4000,34,0,27010980.000,0,-,-,-,-,2643.6000,2643.4000,2642.6000,2640.0000,2638.0000,2647.2000,2647.8000,2648.8000,2652.6000,2655.0000,1,1,1,1,1,2,1,1,1,1
SF,IH2012,2020-04-20 09:33:10.000,2646.4000,34,0,27010980.000,0,-,-,-,-,2643.8000,2643.6000,2642.6000,2640.0000,2638.0000,2647.0000,2648.8000,2652.6000,2655.0000,2733.0000,1,1,1,1,1,1,1,1,1,1
SF,IH2012,2020-04-20 09:33:10.500,2646.4000,34,0,27010980.000,0,-,-,-,-,2644.0000,2643.8000,2643.6000,2642.6000,2640.0000,2647.0000,2648.8000,2652.6000,2655.0000,2733.0000,2,1,1,1,1,1,1,1,1,1
SF,IH2012,2020-04-20 09:33:11.500,2646.4000,34,0,27010980.000,0,-,-,-,-,2644.2000,2644.0000,2643.8000,2642.6000,2640.0000,2647.0000,2648.8000,2652.6000,2655.0000,2733.0000,1,2,1,1,1,1,1,1,1,1
SF,IH2012,2020-04-20 09:33:12.000,2646.4000,34,0,27010980.000,0,-,-,-,-,2644.4000,2644.2000,2644.0000,2643.8000,2642.6000,2647.0000,2648.8000,2652.6000,2655.0000,2733.0000,1,1,1,1,1,1,1,1,1,1
SF,IH2012,2020-04-20 09:33:13.000,2647.0000,35,1,27805080.000,1,1,0,双开,S,2644.4000,2644.2000,2643.8000,2642.6000,2640.0000,2648.8000,2652.6000,2655.0000,2733.0000,2759.4000,1,1,1,1,1,1,1,1,1,1
SF,IH2012,2020-04-20 09:33:13.500,2647.0000,35,0,27805080.000,0,-,-,-,-,2644.6000,2644.4000,2644.2000,2643.8000,2642.6000,2648.8000,2652.6000,2655.0000,2733.0000,2759.4000,1,1,1,1,1,1,1,1,1,1
SF,IH2012,2020-04-20 09:33:14.000,2647.0000,35,0,27805080.000,0,-,-,-,-,2644.8000,2644.6000,2644.4000,2642.6000,2640.0000,2648.8000,2652.6000,2655.0000,2733.0000,2759.4000,1,1,1,1,1,1,1,1,1,1
SF,IH2012,2020-04-20 09:33:15.000,2647.0000,35,0,27805080.000,0,-,-,-,-,2645.0000,2644.8000,2644.6000,2642.6000,2640.0000,2648.8000,2652.6000,2655.0000,2733.0000,2759.4000,1,1,1,1,1,1,1,1,1,1
SF,IH2012,2020-04-20 09:33:15.500,2647.0000,35,0,27805080.000,0,-,-,-,-,2645.2000,2645.0000,2644.6000,2642.6000,2640.0000,2648.8000,2652.6000,2655.0000,2733.0000,2759.4000,1,2,1,1,1,1,1,1,1,1
SF,IH2012,2020-04-20 09:33:16.000,2647.0000,35,0,27805080.000,0,-,-,-,-,2645.2000,2645.0000,2644.6000,2642.6000,2640.0000,2652.6000,2655.0000,2733.0000,2759.4000,2800.6000,1,1,1,1,1,1,1,1,1,1
SF,IH2012,2020-04-20 09:33:16.500,2647.0000,35,0,27805080.000,0,-,-,-,-,2645.6000,2645.4000,2645.2000,2644.6000,2642.6000,2652.6000,2655.0000,2733.0000,2759.4000,2800.6000,2,1,1,1,1,1,1,1,1,1
SF,IH2012,2020-04-20 09:33:17.000,2647.0000,35,0,27805080.000,0,-,-,-,-,2645.8000,2645.6000,2645.4000,2644.6000,2642.6000,2651.6000,2652.6000,2655.0000,2733.0000,2759.4000,1,2,1,1,1,1,1,1,1,1
SF,IH2012,2020-04-20 09:33:19.000,2647.0000,35,0,27805080.000,0,-,-,-,-,2646.0000,2645.8000,2645.6000,2645.4000,2644.6000,2651.6000,2652.6000,2655.0000,2733.0000,2759.4000,1,1,1,1,1,1,1,1,1,1
SF,IH2012,2020-04-20 09:33:19.500,2647.0000,35,0,27805080.000,0,-,-,-,-,2646.2000,2646.0000,2645.6000,2645.4000,2644.6000,2651.6000,2652.6000,2655.0000,2733.0000,2759.4000,1,1,1,1,1,1,1,1,1,1
SF,IH2012,2020-04-20 09:33:20.000,2651.6000,36,1,28600560.000,1,1,0,双开,S,2646.6000,2646.2000,2646.0000,2645.6000,2645.4000,2652.6000,2655.0000,2733.0000,2759.4000,2800.6000,1,1,1,1,1,1,1,1,1,1
SF,IH2012,2020-04-20 09:33:20.500,2651.6000,36,0,28600560.000,0,-,-,-,-,2647.0000,2646.8000,2646.6000,2646.0000,2645.4000,2655.0000,2733.0000,2759.4000,2800.6000,2820.0000,1,1,1,1,1,1,1,1,1,1
SF,IH2012,2020-04-20 09:33:21.000,2651.6000,36,0,28600560.000,0,-,-,-,-,2647.2000,2647.0000,2646.8000,2646.6000,2642.6000,2655.0000,2733.0000,2759.4000,2800.6000,2820.0000,3,1,1,1,1,1,1,1,1,1
SF,IH2012,2020-04-20 09:33:21.500,2651.6000,36,0,28600560.000,0,-,-,-,-,2647.2000,2647.0000,2646.8000,2642.6000,2640.0000,2652.2000,2654.8000,2655.0000,2733.0000,2759.4000,3,1,1,1,1,1,1,1,1,1
SF,IH2012,2020-04-20 09:33:22.000,2651.6000,36,0,28600560.000,0,-,-,-,-,2647.0000,2646.8000,2642.6000,2640.0000,2638.0000,2652.2000,2654.8000,2655.0000,2733.0000,2759.4000,1,1,1,1,1,1,1,1,1,1
SF,IH2012,2020-04-20 09:33:22.500,2651.6000,36,0,28600560.000,0,-,-,-,-,2647.0000,2646.8000,2642.6000,2640.0000,2638.0000,2651.8000,2652.2000,2654.8000,2655.0000,2733.0000,1,1,1,1,1,1,1,1,1,1
SF,IH2012,2020-04-20 09:33:23.000,2651.6000,36,0,28600560.000,0,-,-,-,-,2647.0000,2640.0000,2638.0000,2620.2000,2550.2000,2651.2000,2651.4000,2651.6000,2651.8000,2654.8000,1,1,1,2,1,1,1,1,1,1
SF,IH2012,2020-04-20 09:33:23.500,2651.6000,36,0,28600560.000,0,-,-,-,-,2647.0000,2644.4000,2640.0000,2638.0000,2620.2000,2651.2000,2651.4000,2651.6000,2651.8000,2654.8000,1,1,1,1,2,1,1,1,1,1
SF,IH2012,2020-04-20 09:33:24.500,2651.6000,36,0,28600560.000,0,-,-,-,-,2647.0000,2644.4000,2640.0000,2638.0000,2620.2000,2651.2000,2651.6000,2654.8000,2655.0000,2733.0000,1,1,1,1,2,1,1,1,1,1
SF,IH2012,2020-04-20 09:33:25.000,2651.6000,36,0,28600560.000,0,-,-,-,-,2647.0000,2644.4000,2640.0000,2638.0000,2620.2000,2650.8000,2651.2000,2651.6000,2654.8000,2655.0000,1,1,1,1,2,1,1,1,1,1
SF,IH2012,2020-04-20 09:33:26.000,2651.6000,36,0,28600560.000,0,-,-,-,-,2647.0000,2644.4000,2640.0000,2638.0000,2620.2000,2651.2000,2651.6000,2654.8000,2655.0000,2733.0000,1,1,1,1,2,1,1,1,1,1
SF,IH2012,2020-04-20 09:33:26.500,2651.6000,36,0,28600560.000,0,-,-,-,-,2647.2000,2647.0000,2644.4000,2640.0000,2638.0000,2651.0000,2651.6000,2654.8000,2655.0000,2733.0000,1,1,1,1,1,1,1,1,1,1
SF,IH2012,2020-04-20 09:33:27.500,2651.6000,36,0,28600560.000,0,-,-,-,-,2650.8000,2647.4000,2647.2000,2644.4000,2640.0000,2651.0000,2651.6000,2654.8000,2655.0000,2733.0000,1,2,1,1,1,1,1,1,1,1
SF,IH2012,2020-04-20 09:33:28.000,2650.8000,37,1,29395800.000,1,1,0,双开,S,2647.4000,2644.4000,2640.0000,2638.0000,2620.2000,2651.0000,2651.6000,2654.8000,2655.0000,2733.0000,2,1,1,1,2,1,1,1,1,1
SF,IH2012,2020-04-20 09:33:28.500,2650.8000,37,0,29395800.000,0,-,-,-,-,2647.8000,2647.6000,2647.4000,2644.4000,2640.0000,2651.0000,2651.6000,2655.0000,2733.0000,2759.4000,1,1,2,1,1,1,1,1,1,1
SF,IH2012,2020-04-20 09:33:29.000,2650.8000,37,0,29395800.000,0,-,-,-,-,2648.0000,2647.8000,2647.4000,2644.4000,2640.0000,2651.0000,2651.6000,2655.0000,2733.0000,2759.4000,1,1,2,1,1,1,1,1,1,1
SF,IH2012,2020-04-20 09:33:29.500,2650.8000,37,0,29395800.000,0,-,-,-,-,2648.0000,2647.8000,2647.4000,2644.4000,2640.0000,2651.0000,2651.6000,2655.0000,2733.0000,2759.4000,2,1,1,1,1,1,1,1,1,1
SF,IH2012,2020-04-20 09:33:30.000,2650.8000,37,0,29395800.000,0,-,-,-,-,2648.2000,2648.0000,2647.4000,2644.4000,2640.0000,2651.0000,2655.0000,2733.0000,2759.4000,2800.6000,1,2,1,1,1,1,1,1,1,1
SF,IH2012,2020-04-20 09:33:30.500,2650.8000,37,0,29395800.000,0,-,-,-,-,2648.4000,2648.2000,2648.0000,2647.4000,2644.4000,2651.0000,2655.0000,2733.0000,2759.4000,2800.6000,1,1,1,1,1,1,1,1,1,1
SF,IH2012,2020-04-20 09:33:31.000,2648.4000,38,1,30190320.000,1,1,0,双开,S,2648.2000,2648.0000,2647.4000,2644.4000,2640.0000,2651.0000,2655.0000,2733.0000,2759.4000,2800.6000,1,1,1,1,1,1,1,1,1,1
SF,IH2012,2020-04-20 09:33:32.500,2648.4000,38,0,30190320.000,0,-,-,-,-,2648.4000,2648.2000,2648.0000,2644.4000,2640.0000,2651.0000,2655.0000,2733.0000,2759.4000,2800.6000,1,1,1,1,1,1,1,1,1,1
SF,IH2012,2020-04-20 09:33:33.500,2648.4000,38,0,30190320.000,0,-,-,-,-,2648.6000,2648.4000,2644.4000,2640.0000,2638.0000,2651.0000,2655.0000,2733.0000,2759.4000,2800.6000,1,2,1,1,1,1,1,1,1,1
SF,IH2012,2020-04-20 09:33:34.500,2651.0000,39,1,30985620.000,1,1,0,双开,S,2648.6000,2648.4000,2644.4000,2640.0000,2638.0000,2655.0000,2733.0000,2759.4000,2800.6000,2820.0000,1,2,1,1,1,1,1,1,1,1
SF,IH2012,2020-04-20 09:33:35.000,2651.0000,39,0,30985620.000,0,-,-,-,-,2648.6000,2648.4000,2644.4000,2640.0000,2638.0000,2654.8000,2655.0000,2733.0000,2759.4000,2800.6000,1,1,1,1,1,1,1,1,1,1
SF,IH2012,2020-04-20 09:33:35.500,2651.0000,39,0,30985620.000,0,-,-,-,-,2648.8000,2648.6000,2648.4000,2644.4000,2640.0000,2654.8000,2655.0000,2733.0000,2759.4000,2800.6000,1,1,1,1,2,1,1,1,1,1
SF,IH2012,2020-04-20 09:33:36.000,2651.0000,39,0,30985620.000,0,-,-,-,-,2648.8000,2648.6000,2644.4000,2640.0000,2638.0000,2654.8000,2655.0000,2733.0000,2759.4000,2800.6000,2,1,1,2,1,1,1,1,1,1
SF,IH2012,2020-04-20 09:33:36.500,2651.0000,39,0,30985620.000,0,-,-,-,-,2649.2000,2644.4000,2640.0000,2638.0000,2620.2000,2654.8000,2655.0000,2733.0000,2759.4000,2800.6000,1,1,2,1,2,1,1,1,1,1
SF,IH2012,2020-04-20 09:33:37.000,2651.0000,39,0,30985620.000,0,-,-,-,-,2649.2000,2644.4000,2640.0000,2638.0000,2620.2000,2653.2000,2654.8000,2655.0000,2733.0000,2759.4000,1,1,2,1,2,1,1,1,1,1
SF,IH2012,2020-04-20 09:33:37.500,2651.0000,39,0,30985620.000,0,-,-,-,-,2649.2000,2644.4000,2640.0000,2638.0000,2620.2000,2653.0000,2653.2000,2655.0000,2733.0000,2759.4000,1,1,2,1,2,1,1,1,1,1
SF,IH2012,2020-04-20 09:33:38.000,2651.0000,39,0,30985620.000,0,-,-,-,-,2649.2000,2646.8000,2644.4000,2640.0000,2638.0000,2653.0000,2653.2000,2655.0000,2733.0000,2759.4000,1,1,1,2,1,1,1,1,1,1
SF,IH2012,2020-04-20 09:33:38.500,2651.0000,39,0,30985620.000,0,-,-,-,-,2649.2000,2646.8000,2644.4000,2640.0000,2638.0000,2652.8000,2653.0000,2655.0000,2733.0000,2759.4000,1,1,1,2,1,1,1,1,1,1
SF,IH2012,2020-04-20 09:33:39.000,2651.0000,39,0,30985620.000,0,-,-,-,-,2649.2000,2646.8000,2644.4000,2640.0000,2638.0000,2652.6000,2652.8000,2655.0000,2733.0000,2759.4000,1,1,1,2,1,1,1,1,1,1
SF,IH2012,2020-04-20 09:33:39.500,2649.2000,40,1,31780380.000,1,1,0,双开,S,2646.8000,2644.4000,2640.0000,2638.0000,2620.2000,2652.6000,2652.8000,2655.0000,2733.0000,2759.4000,1,1,2,1,2,1,1,1,1,1
SF,IH2012,2020-04-20 09:33:40.000,2649.2000,40,0,31780380.000,0,-,-,-,-,2647.0000,2646.8000,2644.4000,2640.0000,2638.0000,2652.8000,2655.0000,2733.0000,2759.4000,2800.6000,1,1,1,2,1,1,1,1,1,1
SF,IH2012,2020-04-20 09:33:40.500,2649.2000,40,0,31780380.000,0,-,-,-,-,2647.0000,2646.8000,2644.4000,2640.0000,2638.0000,2655.0000,2733.0000,2759.4000,2800.6000,2820.0000,1,1,1,2,1,1,1,1,1,1
SF,IH2012,2020-04-20 09:33:41.000,2649.2000,40,0,31780380.000,0,-,-,-,-,2648.4000,2647.6000,2647.4000,2647.0000,2644.4000,2654.8000,2655.0000,2733.0000,2759.4000,2800.6000,1,1,2,1,1,1,1,1,1,1
SF,IH2012,2020-04-20 09:33:41.500,2649.2000,40,0,31780380.000,0,-,-,-,-,2648.6000,2648.4000,2647.6000,2647.4000,2644.4000,2652.0000,2654.2000,2654.8000,2655.0000,2733.0000,1,1,1,2,1,1,1,1,1,1
SF,IH2012,2020-04-20 09:33:42.000,2652.0000,41,1,32575980.000,1,1,0,双开,S,2648.8000,2648.6000,2648.4000,2647.4000,2644.4000,2653.6000,2654.2000,2654.8000,2655.0000,2733.0000,1,1,1,2,1,1,1,1,1,1
SF,IH2012,2020-04-20 09:33:42.500,2652.0000,41,0,32575980.000,0,-,-,-,-,2649.0000,2648.8000,2647.4000,2644.4000,2640.0000,2653.4000,2653.6000,2655.0000,2733.0000,2759.4000,1,1,1,1,2,1,1,1,1,1
SF,IH2012,2020-04-20 09:33:43.000,2652.0000,41,0,32575980.000,0,-,-,-,-,2649.2000,2649.0000,2648.8000,2644.4000,2640.0000,2653.4000,2653.6000,2655.0000,2733.0000,2759.4000,1,1,1,1,2,1,1,1,1,1
SF,IH2012,2020-04-20 09:33:43.500,2652.0000,41,0,32575980.000,0,-,-,-,-,2649.2000,2649.0000,2648.8000,2644.4000,2640.0000,2653.4000,2655.0000,2733.0000,2759.4000,2800.6000,1,1,1,1,2,1,1,1,1,1
SF,IH2012,2020-04-20 09:33:44.000,2652.0000,41,0,32575980.000,0,-,-,-,-,2649.4000,2649.2000,2644.4000,2640.0000,2638.0000,2653.4000,2655.0000,2733.0000,2759.4000,2800.6000,2,1,1,2,1,1,1,1,1,1
SF,IH2012,2020-04-20 09:33:47.000,2652.0000,41,0,32575980.000,0,-,-,-,-,2649.4000,2649.2000,2644.4000,2640.0000,2638.0000,2653.4000,2655.0000,2733.0000,2759.4000,2800.6000,2,1,1,2,1,1,1,1,1,1
SF,IH2012,2020-04-20 09:33:48.000,2652.0000,41,0,32575980.000,0,-,-,-,-,2649.6000,2649.4000,2649.2000,2644.4000,2640.0000,2653.0000,2653.4000,2655.0000,2733.0000,2759.4000,1,1,1,1,2,1,1,1,1,1
SF,IH2012,2020-04-20 09:33:48.500,2652.0000,41,0,32575980.000,0,-,-,-,-,2649.6000,2649.4000,2649.2000,2644.4000,2640.0000,2652.8000,2653.0000,2655.0000,2733.0000,2759.4000,1,1,1,1,2,1,1,1,1,1
SF,IH2012,2020-04-20 09:33:49.500,2652.0000,41,0,32575980.000,0,-,-,-,-,2649.6000,2649.4000,2649.2000,2644.4000,2640.0000,2652.8000,2655.0000,2733.0000,2759.4000,2800.6000,1,1,1,1,2,1,1,1,1,1
SF,IH2012,2020-04-20 09:33:50.000,2652.0000,41,0,32575980.000,0,-,-,-,-,2649.6000,2649.4000,2649.2000,2644.4000,2640.0000,2655.0000,2733.0000,2759.4000,2800.6000,2820.0000,1,1,1,1,2,1,1,1,1,1
SF,IH2012,2020-04-20 09:33:50.500,2652.0000,41,0,32575980.000,0,-,-,-,-,2649.8000,2649.6000,2644.4000,2640.0000,2638.0000,2654.8000,2655.0000,2733.0000,2759.4000,2800.6000,2,1,1,2,1,1,1,1,1,1
SF,IH2012,2020-04-20 09:33:51.000,2652.0000,41,0,32575980.000,0,-,-,-,-,2649.8000,2649.6000,2644.4000,2640.0000,2638.0000,2654.8000,2655.0000,2733.0000,2759.4000,2800.6000,2,1,1,2,1,1,1,1,1,1
SF,IH2012,2020-04-20 09:33:51.500,2652.0000,41,0,32575980.000,0,-,-,-,-,2650.0000,2649.8000,2644.4000,2640.0000,2638.0000,2654.8000,2655.0000,2733.0000,2759.4000,2800.6000,1,2,1,2,1,1,1,1,1,1
SF,IH2012,2020-04-20 09:33:52.500,2652.0000,41,0,32575980.000,0,-,-,-,-,2649.8000,2644.4000,2640.0000,2638.0000,2630.0000,2654.6000,2654.8000,2655.0000,2733.0000,2759.4000,2,1,2,1,1,1,1,1,1,1
SF,IH2012,2020-04-20 09:33:53.000,2652.0000,41,0,32575980.000,0,-,-,-,-,2649.8000,2644.4000,2640.0000,2638.0000,2630.0000,2654.4000,2654.6000,2655.0000,2733.0000,2759.4000,1,1,2,1,1,1,1,1,1,1
SF,IH2012,2020-04-20 09:33:53.500,2652.0000,41,0,32575980.000,0,-,-,-,-,2644.4000,2640.0000,2638.0000,2630.0000,2620.2000,2654.4000,2654.6000,2655.0000,2733.0000,2759.4000,1,2,1,1,2,1,1,1,1,1
SF,IH2012,2020-04-20 09:33:54.000,2652.0000,41,0,32575980.000,0,-,-,-,-,2644.6000,2644.4000,2640.0000,2638.0000,2630.0000,2654.4000,2654.6000,2655.0000,2733.0000,2759.4000,1,1,2,1,1,1,1,1,1,1
SF,IH2012,2020-04-20 09:33:54.500,2652.0000,41,0,32575980.000,0,-,-,-,-,2647.6000,2647.2000,2644.6000,2644.4000,2640.0000,2654.4000,2655.0000,2733.0000,2759.4000,2800.6000,1,1,1,1,2,1,1,1,1,1
SF,IH2012,2020-04-20 09:33:55.000,2652.0000,41,0,32575980.000,0,-,-,-,-,2647.8000,2647.6000,2647.2000,2644.4000,2640.0000,2654.4000,2655.0000,2733.0000,2759.4000,2800.6000,1,1,1,1,2,1,1,1,1,1
SF,IH2012,2020-04-20 09:33:55.500,2652.0000,41,0,32575980.000,0,-,-,-,-,2648.2000,2647.8000,2647.6000,2647.2000,2644.4000,2654.4000,2655.0000,2733.0000,2759.4000,2800.6000,1,1,1,1,1,1,1,1,1,1
SF,IH2012,2020-04-20 09:33:56.000,2652.0000,41,0,32575980.000,0,-,-,-,-,2648.4000,2648.2000,2648.0000,2647.6000,2644.4000,2653.8000,2654.4000,2655.0000,2733.0000,2759.4000,1,2,1,1,1,1,1,1,1,1
SF,IH2012,2020-04-20 09:33:56.500,2652.0000,41,0,32575980.000,0,-,-,-,-,2648.2000,2648.0000,2647.6000,2644.4000,2640.0000,2653.6000,2653.8000,2655.0000,2733.0000,2759.4000,1,1,1,1,2,1,1,1,1,1
SF,IH2012,2020-04-20 09:33:57.000,2652.0000,41,0,32575980.000,0,-,-,-,-,2648.4000,2648.2000,2648.0000,2647.6000,2644.4000,2653.6000,2653.8000,2655.0000,2733.0000,2759.4000,1,1,1,1,1,1,1,1,1,1
SF,IH2012,2020-04-20 09:33:57.500,2652.0000,41,0,32575980.000,0,-,-,-,-,2648.6000,2648.4000,2648.2000,2648.0000,2647.6000,2653.2000,2653.6000,2653.8000,2655.0000,2733.0000,1,1,1,1,1,1,1,1,1,1
SF,IH2012,2020-04-20 09:33:58.000,2652.0000,41,0,32575980.000,0,-,-,-,-,2648.6000,2648.2000,2648.0000,2647.6000,2644.4000,2653.0000,2653.2000,2653.4000,2655.0000,2733.0000,1,1,1,1,1,2,1,1,1,1
SF,IH2012,2020-04-20 09:33:59.000,2652.0000,41,0,32575980.000,0,-,-,-,-,2648.8000,2648.6000,2648.2000,2648.0000,2644.4000,2652.0000,2653.0000,2653.2000,2653.4000,2655.0000,1,1,1,1,1,1,2,1,1,1
SF,IH2012,2020-04-20 09:33:59.500,2652.0000,41,0,32575980.000,0,-,-,-,-,2648.8000,2648.2000,2648.0000,2644.4000,2640.0000,2652.0000,2653.0000,2653.4000,2655.0000,2657.4000,1,1,1,1,2,1,2,1,1,1
SF,IH2012,2020-04-20 09:34:00.000,2652.0000,41,0,32575980.000,0,-,-,-,-,2648.8000,2648.2000,2644.4000,2640.0000,2638.0000,2651.8000,2652.0000,2653.0000,2655.0000,2657.4000,1,1,1,2,1,1,1,1,1,1
SF,IH2012,2020-04-20 09:34:00.500,2652.0000,41,0,32575980.000,0,-,-,-,-,2644.4000,2640.0000,2638.0000,2630.0000,2620.2000,2651.8000,2652.0000,2655.0000,2657.4000,2733.0000,1,2,1,1,2,1,1,1,1,1
SF,IH2012,2020-04-20 09:34:01.000,2652.0000,41,0,32575980.000,0,-,-,-,-,2644.6000,2644.4000,2640.0000,2638.0000,2630.0000,2648.6000,2652.0000,2655.0000,2657.4000,2733.0000,1,1,2,1,1,1,1,1,1,1
SF,IH2012,2020-04-20 09:34:01.500,2648.6000,42,1,33370560.000,1,1,0,双开,S,2646.2000,2645.8000,2644.4000,2640.0000,2638.0000,2652.0000,2655.0000,2657.4000,2733.0000,2759.4000,1,1,1,2,1,1,1,1,1,1
SF,IH2012,2020-04-20 09:34:02.000,2648.6000,42,0,33370560.000,0,-,-,-,-,2646.2000,2645.8000,2645.2000,2644.4000,2640.0000,2651.8000,2652.0000,2655.0000,2657.4000,2733.0000,1,1,1,1,2,1,1,1,1,1
SF,IH2012,2020-04-20 09:34:03.500,2648.6000,42,0,33370560.000,0,-,-,-,-,2645.8000,2645.2000,2644.4000,2640.0000,2638.0000,2651.2000,2651.6000,2651.8000,2652.0000,2655.0000,1,1,1,2,1,1,1,1,1,1
SF,IH2012,2020-04-20 09:34:04.000,2648.6000,42,0,33370560.000,0,-,-,-,-,2646.0000,2645.8000,2645.2000,2644.4000,2640.0000,2651.0000,2651.2000,2651.6000,2652.0000,2655.0000,1,1,1,1,2,1,1,1,1,1
SF,IH2012,2020-04-20 09:34:05.000,2648.6000,42,0,33370560.000,0,-,-,-,-,2646.6000,2646.2000,2646.0000,2645.2000,2644.4000,2651.0000,2651.2000,2651.6000,2652.0000,2655.0000,1,1,1,1,1,1,1,1,1,1
SF,IH2012,2020-04-20 09:34:05.500,2648.6000,42,0,33370560.000,0,-,-,-,-,2646.6000,2646.2000,2645.2000,2644.4000,2640.0000,2651.0000,2651.2000,2651.6000,2652.0000,2655.0000,1,1,1,1,2,1,1,1,1,1
SF,IH2012,2020-04-20 09:34:06.000,2648.6000,42,0,33370560.000,0,-,-,-,-,2646.8000,2646.6000,2645.2000,2644.4000,2640.0000,2650.8000,2651.0000,2651.2000,2652.0000,2655.0000,1,1,1,1,2,1,1,1,1,1
SF,IH2012,2020-04-20 09:34:06.500,2648.6000,42,0,33370560.000,0,-,-,-,-,2647.0000,2646.8000,2646.6000,2645.2000,2644.4000,2651.0000,2651.2000,2652.0000,2655.0000,2657.4000,1,1,1,1,1,1,1,1,1,1
SF,IH2012,2020-04-20 09:34:07.500,2648.6000,42,0,33370560.000,0,-,-,-,-,2647.4000,2647.0000,2646.8000,2645.2000,2644.4000,2651.0000,2651.2000,2652.0000,2655.0000,2657.4000,1,1,1,1,1,1,1,1,1,1
SF,IH2012,2020-04-20 09:34:08.000,2648.6000,42,0,33370560.000,0,-,-,-,-,2647.6000,2647.4000,2644.4000,2640.0000,2638.0000,2651.2000,2652.0000,2655.0000,2657.4000,2733.0000,2,1,1,2,1,1,1,1,1,1
SF,IH2012,2020-04-20 09:34:08.500,2648.6000,42,0,33370560.000,0,-,-,-,-,2647.6000,2647.4000,2644.4000,2640.0000,2638.0000,2651.2000,2652.0000,2655.0000,2657.4000,2733.0000,3,1,1,2,1,1,1,1,1,1
SF,IH2012,2020-04-20 09:34:09.000,2651.2000,43,1,34165920.000,1,1,0,双开,S,2647.6000,2647.4000,2644.4000,2640.0000,2638.0000,2652.0000,2655.0000,2657.4000,2733.0000,2759.4000,2,1,1,2,1,1,1,1,1,1
SF,IH2012,2020-04-20 09:34:09.500,2651.2000,43,0,34165920.000,0,-,-,-,-,2647.8000,2647.6000,2644.4000,2640.0000,2638.0000,2652.0000,2655.0000,2657.4000,2733.0000,2759.4000,3,1,1,2,1,1,1,1,1,1
SF,IH2012,2020-04-20 09:34:10.000,2651.2000,43,0,34165920.000,0,-,-,-,-,2647.8000,2647.6000,2644.4000,2640.0000,2638.0000,2651.8000,2652.0000,2655.0000,2657.4000,2733.0000,3,1,1,2,1,1,1,1,1,1
SF,IH2012,2020-04-20 09:34:11.000,2651.2000,43,0,34165920.000,0,-,-,-,-,2647.8000,2644.4000,2640.0000,2638.0000,2630.0000,2651.8000,2652.0000,2655.0000,2657.4000,2733.0000,3,1,2,1,1,1,1,1,1,1
SF,IH2012,2020-04-20 09:34:11.500,2651.2000,43,0,34165920.000,0,-,-,-,-,2648.4000,2647.8000,2644.4000,2640.0000,2638.0000,2651.8000,2652.0000,2655.0000,2657.4000,2733.0000,1,2,1,2,1,1,1,1,1,1
SF,IH2012,2020-04-20 09:34:12.000,2651.2000,43,0,34165920.000,0,-,-,-,-,2648.6000,2648.4000,2644.4000,2640.0000,2638.0000,2651.8000,2652.0000,2655.0000,2657.4000,2733.0000,1,1,1,2,1,1,1,1,1,1
SF,IH2012,2020-04-20 09:34:12.500,2651.2000,43,0,34165920.000,0,-,-,-,-,2648.6000,2648.4000,2644.4000,2640.0000,2638.0000,2652.0000,2655.0000,2657.4000,2733.0000,2759.4000,2,1,1,2,1,1,1,1,1,1
SF,IH2012,2020-04-20 09:34:13.000,2652.0000,43,0,34961520.000,1,0,1,多换,S,2648.8000,2644.4000,2640.0000,2638.0000,2630.0000,2657.4000,2733.0000,2759.4000,2800.6000,2820.0000,2,1,2,1,1,1,1,1,1,1
SF,IH2012,2020-04-20 09:34:13.500,2652.0000,43,0,34961520.000,0,-,-,-,-,2648.8000,2644.4000,2640.0000,2638.0000,2630.0000,2657.2000,2657.4000,2733.0000,2759.4000,2800.6000,2,1,2,1,1,2,1,1,1,1
SF,IH2012,2020-04-20 09:34:14.000,2652.0000,43,0,34961520.000,0,-,-,-,-,2648.8000,2644.4000,2640.0000,2638.0000,2630.0000,2657.2000,2657.4000,2733.0000,2759.4000,2800.6000,2,1,2,1,1,1,1,1,1,1
SF,IH2012,2020-04-20 09:34:14.500,2652.0000,43,0,34961520.000,0,-,-,-,-,2649.2000,2648.8000,2644.4000,2640.0000,2638.0000,2657.0000,2657.2000,2657.4000,2733.0000,2759.4000,1,2,1,2,1,1,1,1,1,1
SF,IH2012,2020-04-20 09:34:15.000,2652.0000,43,0,34961520.000,0,-,-,-,-,2649.2000,2648.8000,2644.4000,2640.0000,2638.0000,2656.8000,2657.0000,2657.4000,2733.0000,2759.4000,1,2,1,2,1,1,1,1,1,1
SF,IH2012,2020-04-20 09:34:15.500,2652.0000,43,0,34961520.000,0,-,-,-,-,2649.6000,2649.2000,2648.8000,2644.4000,2640.0000,2656.6000,2656.8000,2657.4000,2733.0000,2759.4000,1,1,1,1,2,1,1,1,1,1
SF,IH2012,2020-04-20 09:34:16.000,2652.0000,43,0,34961520.000,0,-,-,-,-,2649.6000,2649.2000,2648.8000,2644.4000,2640.0000,2656.4000,2657.4000,2733.0000,2759.4000,2800.6000,1,1,1,1,2,1,1,1,1,1
SF,IH2012,2020-04-20 09:34:16.500,2652.0000,43,0,34961520.000,0,-,-,-,-,2649.6000,2649.2000,2648.8000,2644.4000,2640.0000,2656.4000,2657.4000,2733.0000,2759.4000,2800.6000,1,1,1,1,2,2,1,1,1,1
SF,IH2012,2020-04-20 09:34:20.000,2652.0000,43,0,34961520.000,0,-,-,-,-,2649.2000,2648.8000,2644.4000,2640.0000,2638.0000,2656.4000,2657.4000,2733.0000,2759.4000,2800.6000,1,1,1,2,1,2,1,1,1,1
SF,IH2012,2020-04-20 09:34:20.500,2652.0000,43,0,34961520.000,0,-,-,-,-,2651.0000,2649.2000,2648.8000,2644.4000,2640.0000,2656.4000,2657.4000,2733.0000,2759.4000,2800.6000,1,1,1,1,2,2,1,1,1,1
SF,IH2012,2020-04-20 09:34:21.000,2652.0000,43,0,34961520.000,0,-,-,-,-,2651.0000,2650.0000,2649.2000,2644.4000,2640.0000,2656.4000,2657.4000,2733.0000,2759.4000,2800.6000,1,1,1,1,2,2,1,1,1,1
SF,IH2012,2020-04-20 09:34:22.000,2652.0000,43,0,34961520.000,0,-,-,-,-,2651.0000,2650.0000,2649.2000,2644.4000,2640.0000,2656.4000,2733.0000,2759.4000,2800.6000,2820.0000,1,1,1,1,2,2,1,1,1,1
SF,IH2012,2020-04-20 09:34:22.500,2656.4000,44,1,35758440.000,1,1,0,双开,S,2651.6000,2651.0000,2649.2000,2644.4000,2640.0000,2656.4000,2733.0000,2759.4000,2800.6000,2820.0000,1,1,1,1,2,1,1,1,1,1
SF,IH2012,2020-04-20 09:34:23.000,2656.4000,44,0,35758440.000,0,-,-,-,-,2651.6000,2651.0000,2649.2000,2644.4000,2640.0000,2656.2000,2656.4000,2733.0000,2759.4000,2800.6000,1,1,1,1,2,1,1,1,1,1
SF,IH2012,2020-04-20 09:34:23.500,2656.4000,44,0,35758440.000,0,-,-,-,-,2652.0000,2651.6000,2649.2000,2646.0000,2644.4000,2656.2000,2656.4000,2733.0000,2759.4000,2800.6000,1,1,1,1,1,1,1,1,1,1
SF,IH2012,2020-04-20 09:34:24.000,2656.4000,44,0,35758440.000,0,-,-,-,-,2652.0000,2651.6000,2649.2000,2646.0000,2644.4000,2656.0000,2656.2000,2733.0000,2759.4000,2800.6000,1,1,1,1,1,1,1,1,1,1
SF,IH2012,2020-04-20 09:34:24.500,2656.4000,44,0,35758440.000,0,-,-,-,-,2651.6000,2649.2000,2646.0000,2644.4000,2640.0000,2655.8000,2656.0000,2733.0000,2759.4000,2800.6000,1,1,1,1,2,1,1,1,1,1
SF,IH2012,2020-04-20 09:34:25.000,2656.4000,44,0,35758440.000,0,-,-,-,-,2649.2000,2646.0000,2644.4000,2640.0000,2638.0000,2655.8000,2733.0000,2759.4000,2800.6000,2820.0000,1,1,1,2,1,1,1,1,1,1
SF,IH2012,2020-04-20 09:34:25.500,2656.4000,44,0,35758440.000,0,-,-,-,-,2649.4000,2649.2000,2646.0000,2644.4000,2640.0000,2655.6000,2655.8000,2733.0000,2759.4000,2800.6000,1,1,1,1,2,1,1,1,1,1
SF,IH2012,2020-04-20 09:34:26.000,2656.4000,44,0,35758440.000,0,-,-,-,-,2650.0000,2649.4000,2649.2000,2646.0000,2644.4000,2655.4000,2733.0000,2759.4000,2800.6000,2820.0000,1,1,1,1,1,1,1,1,1,1
SF,IH2012,2020-04-20 09:34:26.500,2656.4000,44,0,35758440.000,0,-,-,-,-,2650.4000,2650.2000,2650.0000,2649.2000,2646.0000,2652.8000,2655.4000,2733.0000,2759.4000,2800.6000,1,1,1,1,1,1,2,1,1,1
SF,IH2012,2020-04-20 09:34:27.000,2656.4000,44,0,35758440.000,0,-,-,-,-,2650.4000,2650.2000,2650.0000,2649.2000,2646.0000,2652.8000,2655.4000,2733.0000,2759.4000,2800.6000,1,1,1,1,1,1,1,1,1,1
SF,IH2012,2020-04-20 09:34:27.500,2656.4000,44,0,35758440.000,0,-,-,-,-,2650.4000,2650.2000,2650.0000,2646.0000,2644.4000,2652.8000,2655.4000,2733.0000,2759.4000,2800.6000,1,1,1,1,1,1,1,1,1,1
SF,IH2012,2020-04-20 09:34:28.000,2656.4000,44,0,35758440.000,0,-,-,-,-,2650.8000,2650.4000,2650.2000,2646.0000,2644.4000,2652.8000,2655.4000,2733.0000,2759.4000,2800.6000,1,1,1,1,1,1,1,1,1,1
SF,IH2012,2020-04-20 09:34:28.500,2656.4000,44,0,35758440.000,0,-,-,-,-,2650.8000,2646.0000,2644.4000,2640.0000,2638.0000,2652.6000,2652.8000,2733.0000,2759.4000,2800.6000,1,1,1,2,1,1,1,1,1,1
SF,IH2012,2020-04-20 09:34:29.000,2656.4000,44,0,35758440.000,0,-,-,-,-,2646.0000,2644.4000,2640.0000,2638.0000,2620.2000,2652.4000,2652.6000,2652.8000,2733.0000,2759.4000,1,1,2,1,2,1,1,1,1,1
SF,IH2012,2020-04-20 09:34:29.500,2656.4000,44,0,35758440.000,0,-,-,-,-,2646.2000,2646.0000,2644.4000,2640.0000,2638.0000,2652.4000,2652.8000,2733.0000,2759.4000,2800.6000,1,1,1,2,1,1,1,1,1,1
SF,IH2012,2020-04-20 09:34:30.000,2656.4000,44,0,35758440.000,0,-,-,-,-,2647.4000,2646.2000,2646.0000,2644.4000,2640.0000,2652.4000,2652.8000,2733.0000,2759.4000,2800.6000,1,1,1,1,2,1,1,1,1,1
SF,IH2012,2020-04-20 09:34:30.500,2656.4000,44,0,35758440.000,0,-,-,-,-,2647.6000,2647.4000,2646.0000,2644.4000,2640.0000,2652.4000,2652.8000,2733.0000,2759.4000,2800.6000,1,1,1,1,2,1,1,1,1,1
SF,IH2012,2020-04-20 09:34:31.000,2656.4000,44,0,35758440.000,0,-,-,-,-,2647.6000,2647.4000,2646.0000,2644.4000,2640.0000,2648.8000,2652.4000,2652.8000,2733.0000,2759.4000,1,1,1,1,2,1,1,1,1,1
SF,IH2012,2020-04-20 09:34:31.500,2648.8000,45,1,36553080.000,1,1,0,双开,S,2649.0000,2646.0000,2644.4000,2640.0000,2638.0000,2652.8000,2733.0000,2759.4000,2800.6000,2820.0000,1,1,1,2,1,1,1,1,1,1
SF,IH2012,2020-04-20 09:34:32.000,2648.8000,45,0,36553080.000,0,-,-,-,-,2649.0000,2648.4000,2646.0000,2644.4000,2640.0000,2652.8000,2733.0000,2759.4000,2800.6000,2820.0000,1,1,1,1,2,1,1,1,1,1
SF,IH2012,2020-04-20 09:34:32.500,2648.8000,45,0,36553080.000,0,-,-,-,-,2649.2000,2649.0000,2648.4000,2646.0000,2644.4000,2652.8000,2733.0000,2759.4000,2800.6000,2820.0000,1,1,1,1,1,1,1,1,1,1
SF,IH2012,2020-04-20 09:34:33.000,2648.8000,45,0,36553080.000,0,-,-,-,-,2649.4000,2649.2000,2649.0000,2648.4000,2646.0000,2652.8000,2655.8000,2733.0000,2759.4000,2800.6000,1,2,1,1,1,1,1,1,1,1
SF,IH2012,2020-04-20 09:34:33.500,2648.8000,45,0,36553080.000,0,-,-,-,-,2649.8000,2649.4000,2649.2000,2646.0000,2644.4000,2652.8000,2655.8000,2733.0000,2759.4000,2800.6000,1,2,3,1,1,1,1,1,1,1
SF,IH2012,2020-04-20 09:34:34.000,2648.8000,45,0,36553080.000,0,-,-,-,-,2649.8000,2649.4000,2646.0000,2644.4000,2640.0000,2652.8000,2733.0000,2759.4000,2800.6000,2820.0000,2,3,1,1,2,1,1,1,1,1
SF,IH2012,2020-04-20 09:34:34.500,2648.8000,45,0,36553080.000,0,-,-,-,-,2650.2000,2649.8000,2649.4000,2646.0000,2644.4000,2652.6000,2652.8000,2733.0000,2759.4000,2800.6000,1,2,2,1,1,1,1,1,1,1
SF,IH2012,2020-04-20 09:34:35.000,2648.8000,45,0,36553080.000,0,-,-,-,-,2650.2000,2649.8000,2649.4000,2646.0000,2644.4000,2652.8000,2733.0000,2759.4000,2800.6000,2820.0000,1,2,1,1,1,1,1,1,1,1
SF,IH2012,2020-04-20 09:34:35.500,2648.8000,45,0,36553080.000,0,-,-,-,-,2650.2000,2649.8000,2649.4000,2646.0000,2644.4000,2652.4000,2652.8000,2733.0000,2759.4000,2800.6000,1,1,1,1,1,1,1,1,1,1
SF,IH2012,2020-04-20 09:34:36.000,2648.8000,45,0,36553080.000,0,-,-,-,-,2650.2000,2646.0000,2644.4000,2640.0000,2638.0000,2652.4000,2652.8000,2733.0000,2759.4000,2800.6000,1,1,1,2,1,1,1,1,1,1
SF,IH2012,2020-04-20 09:34:36.500,2648.8000,45,0,36553080.000,0,-,-,-,-,2650.2000,2646.0000,2644.4000,2640.0000,2638.0000,2652.2000,2652.4000,2652.8000,2733.0000,2759.4000,1,1,1,2,1,1,1,1,1,1
SF,IH2012,2020-04-20 09:34:37.000,2648.8000,45,0,36553080.000,0,-,-,-,-,2646.0000,2644.4000,2640.0000,2638.0000,2620.2000,2652.2000,2652.8000,2733.0000,2759.4000,2800.6000,1,1,2,1,2,1,1,1,1,1
SF,IH2012,2020-04-20 09:34:37.500,2648.8000,45,0,36553080.000,0,-,-,-,-,2646.0000,2644.4000,2640.0000,2638.0000,2620.2000,2652.8000,2733.0000,2759.4000,2800.6000,2820.0000,1,1,2,1,2,1,1,1,1,1
SF,IH2012,2020-04-20 09:34:38.000,2648.8000,45,0,36553080.000,0,-,-,-,-,2648.6000,2646.0000,2644.4000,2640.0000,2638.0000,2652.6000,2652.8000,2733.0000,2759.4000,2800.6000,1,1,1,2,1,1,1,1,1,1
SF,IH2012,2020-04-20 09:34:38.500,2648.8000,45,0,36553080.000,0,-,-,-,-,2648.6000,2644.4000,2640.0000,2638.0000,2620.2000,2652.8000,2733.0000,2759.4000,2800.6000,2820.0000,1,1,2,1,2,1,1,1,1,1
SF,IH2012,2020-04-20 09:34:39.000,2648.8000,45,0,36553080.000,0,-,-,-,-,2649.0000,2648.6000,2647.0000,2644.4000,2640.0000,2652.8000,2733.0000,2759.4000,2800.6000,2820.0000,1,1,1,1,2,1,1,1,1,1
SF,IH2012,2020-04-20 09:34:39.500,2648.8000,45,0,36553080.000,0,-,-,-,-,2649.4000,2649.0000,2647.0000,2644.4000,2640.0000,2652.8000,2733.0000,2759.4000,2800.6000,2820.0000,1,2,1,1,2,1,1,1,1,1
SF,IH2012,2020-04-20 09:34:40.000,2648.8000,45,0,36553080.000,0,-,-,-,-,2649.4000,2649.2000,2649.0000,2647.0000,2644.4000,2652.6000,2652.8000,2733.0000,2759.4000,2800.6000,1,1,2,1,1,1,1,1,1,1
SF,IH2012,2020-04-20 09:34:40.500,2648.8000,45,0,36553080.000,0,-,-,-,-,2649.6000,2649.4000,2649.2000,2649.0000,2647.0000,2652.6000,2652.8000,2733.0000,2759.4000,2800.6000,1,1,1,1,1,1,1,1,1,1
SF,IH2012,2020-04-20 09:34:41.000,2648.8000,45,0,36553080.000,0,-,-,-,-,2649.6000,2649.4000,2649.2000,2649.0000,2647.0000,2652.4000,2652.8000,2733.0000,2759.4000,2800.6000,1,1,1,1,1,1,1,1,1,1
SF,IH2012,2020-04-20 09:34:41.500,2648.8000,45,0,36553080.000,0,-,-,-,-,2649.8000,2649.6000,2649.0000,2647.0000,2644.4000,2652.8000,2733.0000,2759.4000,2800.6000,2820.0000,1,1,1,1,1,1,1,1,1,1
SF,IH2012,2020-04-20 09:34:42.000,2648.8000,45,0,36553080.000,0,-,-,-,-,2649.8000,2649.6000,2649.0000,2647.0000,2644.4000,2652.8000,2733.0000,2759.4000,2800.6000,2820.0000,2,1,1,1,1,1,1,1,1,1
SF,IH2012,2020-04-20 09:34:43.500,2648.8000,45,0,36553080.000,0,-,-,-,-,2649.8000,2649.6000,2649.0000,2647.0000,2644.4000,2652.6000,2652.8000,2733.0000,2759.4000,2800.6000,2,1,1,1,1,1,1,1,1,1
SF,IH2012,2020-04-20 09:34:44.000,2648.8000,45,0,36553080.000,0,-,-,-,-,2649.8000,2649.6000,2649.0000,2647.0000,2644.4000,2652.8000,2733.0000,2759.4000,2800.6000,2820.0000,2,1,1,1,1,1,1,1,1,1
SF,IH2012,2020-04-20 09:34:44.500,2648.8000,45,0,36553080.000,0,-,-,-,-,2649.8000,2649.0000,2647.0000,2644.4000,2640.0000,2652.4000,2652.8000,2733.0000,2759.4000,2800.6000,1,1,1,1,2,1,1,1,1,1
SF,IH2012,2020-04-20 09:34:45.000,2648.8000,46,1,37347720.000,1,1,0,双开,S,2647.0000,2644.4000,2640.0000,2638.0000,2620.2000,2652.4000,2652.8000,2733.0000,2759.4000,2800.6000,1,1,2,1,2,1,1,1,1,1
SF,IH2012,2020-04-20 09:34:45.500,2652.2000,47,1,38143380.000,1,1,0,双开,S,2647.0000,2644.4000,2640.0000,2638.0000,2620.2000,2652.4000,2652.8000,2733.0000,2759.4000,2800.6000,1,1,2,1,2,1,1,1,1,1
SF,IH2012,2020-04-20 09:34:46.000,2652.2000,47,0,38143380.000,0,-,-,-,-,2648.8000,2648.4000,2647.2000,2647.0000,2644.4000,2651.8000,2652.2000,2652.4000,2652.8000,2733.0000,1,1,1,1,1,1,1,1,1,1
SF,IH2012,2020-04-20 09:34:46.500,2652.2000,47,0,38143380.000,0,-,-,-,-,2648.8000,2648.4000,2648.0000,2647.2000,2647.0000,2651.8000,2652.2000,2652.8000,2733.0000,2759.4000,1,1,1,1,1,1,1,1,1,1
SF,IH2012,2020-04-20 09:34:47.000,2652.2000,47,0,38143380.000,0,-,-,-,-,2648.8000,2648.4000,2648.0000,2647.0000,2644.4000,2651.8000,2652.8000,2733.0000,2759.4000,2800.6000,1,1,1,1,1,1,1,1,1,1
SF,IH2012,2020-04-20 09:34:47.500,2652.2000,47,0,38143380.000,0,-,-,-,-,2649.2000,2649.0000,2648.8000,2648.4000,2647.0000,2651.8000,2652.8000,2733.0000,2759.4000,2800.6000,1,2,1,1,1,1,1,1,1,1
SF,IH2012,2020-04-20 09:34:48.000,2652.2000,47,0,38143380.000,0,-,-,-,-,2649.4000,2649.2000,2649.0000,2648.8000,2648.4000,2651.8000,2652.8000,2733.0000,2759.4000,2800.6000,1,1,1,1,1,1,1,1,1,1
SF,IH2012,2020-04-20 09:34:48.500,2652.2000,47,0,38143380.000,0,-,-,-,-,2649.4000,2649.2000,2649.0000,2648.4000,2647.0000,2651.8000,2733.0000,2759.4000,2800.6000,2820.0000,2,1,1,1,1,1,1,1,1,1
SF,IH2012,2020-04-20 09:34:49.000,2652.2000,47,0,38143380.000,0,-,-,-,-,2649.6000,2649.4000,2649.0000,2648.4000,2647.0000,2651.8000,2733.0000,2759.4000,2800.6000,2820.0000,1,2,1,1,1,1,1,1,1,1
SF,IH2012,2020-04-20 09:34:50.000,2652.2000,47,0,38143380.000,0,-,-,-,-,2649.8000,2649.6000,2649.4000,2649.0000,2648.4000,2651.8000,2733.0000,2759.4000,2800.6000,2820.0000,1,1,1,1,1,1,1,1,1,1
SF,IH2012,2020-04-20 09:34:51.000,2652.2000,47,0,38143380.000,0,-,-,-,-,2649.8000,2649.4000,2649.0000,2648.4000,2647.0000,2651.8000,2733.0000,2759.4000,2800.6000,2820.0000,1,1,1,1,1,1,1,1,1,1
SF,IH2012,2020-04-20 09:34:55.500,2651.8000,48,1,38938920.000,1,1,0,双开,S,2649.8000,2649.4000,2648.4000,2647.0000,2644.4000,2733.0000,2759.4000,2800.6000,2820.0000,2854.0000,1,1,1,1,1,1,1,1,1,2
SF,IH2012,2020-04-20 09:34:56.000,2651.8000,48,0,38938920.000,0,-,-,-,-,2650.0000,2648.4000,2647.0000,2644.4000,2640.0000,2732.8000,2733.0000,2759.4000,2800.6000,2820.0000,1,1,1,1,2,3,1,1,1,1
SF,IH2012,2020-04-20 09:34:56.500,2651.8000,48,0,38938920.000,0,-,-,-,-,2650.0000,2648.4000,2647.0000,2644.4000,2640.0000,2696.4000,2732.8000,2733.0000,2759.4000,2800.6000,1,1,1,1,2,1,3,1,1,1
SF,IH2012,2020-04-20 09:34:57.000,2651.8000,48,0,38938920.000,0,-,-,-,-,2650.0000,2648.4000,2647.0000,2644.4000,2640.0000,2658.8000,2662.8000,2696.2000,2696.4000,2732.8000,1,1,1,1,2,1,1,1,1,1
SF,IH2012,2020-04-20 09:34:57.500,2651.8000,48,0,38938920.000,0,-,-,-,-,2648.4000,2647.0000,2644.4000,2640.0000,2638.0000,2655.4000,2658.6000,2658.8000,2661.4000,2662.8000,1,1,1,2,1,1,1,1,1,3
SF,IH2012,2020-04-20 09:34:58.000,2651.8000,48,0,38938920.000,0,-,-,-,-,2648.6000,2648.4000,2647.0000,2644.4000,2640.0000,2655.2000,2655.4000,2658.8000,2661.4000,2662.8000,1,1,1,1,2,1,1,1,1,3
SF,IH2012,2020-04-20 09:34:58.500,2651.8000,48,0,38938920.000,0,-,-,-,-,2648.6000,2648.4000,2647.0000,2644.4000,2640.0000,2655.2000,2655.4000,2661.4000,2662.8000,2666.6000,1,1,1,1,2,2,1,1,3,2
SF,IH2012,2020-04-20 09:34:59.000,2651.8000,48,0,38938920.000,0,-,-,-,-,2649.2000,2648.6000,2648.4000,2647.0000,2644.4000,2654.6000,2654.8000,2655.0000,2655.2000,2661.4000,1,1,1,1,1,1,1,1,1,1
SF,IH2012,2020-04-20 09:34:59.500,2651.8000,48,0,38938920.000,0,-,-,-,-,2649.4000,2649.2000,2648.4000,2647.0000,2644.4000,2654.4000,2654.6000,2654.8000,2661.4000,2662.8000,1,1,1,1,1,1,1,1,1,2
SF,IH2012,2020-04-20 09:35:00.000,2651.8000,48,0,38938920.000,0,-,-,-,-,2649.4000,2649.2000,2648.4000,2647.0000,2644.4000,2654.4000,2654.6000,2654.8000,2656.8000,2662.8000,1,1,1,1,1,1,1,1,1,2
SF,IH2012,2020-04-20 09:35:00.500,2651.8000,48,0,38938920.000,0,-,-,-,-,2649.4000,2649.2000,2648.4000,2647.0000,2644.4000,2654.4000,2654.8000,2656.8000,2662.8000,2666.6000,1,1,1,1,1,1,1,1,2,2
SF,IH2012,2020-04-20 09:35:01.000,2650.2000,49,1,39733980.000,1,1,0,双开,S,2649.4000,2648.4000,2647.0000,2644.4000,2640.0000,2654.4000,2656.8000,2662.8000,2666.6000,2732.8000,1,1,1,1,2,1,1,2,2,1
SF,IH2012,2020-04-20 09:35:01.500,2650.2000,49,0,39733980.000,0,-,-,-,-,2650.0000,2649.4000,2648.4000,2647.0000,2644.4000,2654.4000,2656.8000,2666.6000,2732.8000,2733.0000,1,1,1,1,1,1,1,2,1,1
SF,IH2012,2020-04-20 09:35:02.000,2650.2000,49,0,39733980.000,0,-,-,-,-,2650.2000,2650.0000,2648.4000,2647.0000,2644.4000,2654.4000,2656.8000,2666.6000,2732.8000,2733.0000,1,1,1,1,1,1,1,2,1,1
SF,IH2012,2020-04-20 09:35:02.500,2650.2000,49,0,39733980.000,0,-,-,-,-,2650.4000,2650.2000,2650.0000,2648.4000,2647.0000,2654.4000,2656.8000,2666.6000,2732.8000,2733.0000,1,1,1,1,1,1,1,2,1,1
SF,IH2012,2020-04-20 09:35:03.000,2650.2000,49,0,39733980.000,0,-,-,-,-,2650.6000,2650.4000,2650.0000,2648.4000,2647.0000,2654.4000,2656.8000,2666.6000,2732.8000,2733.0000,1,1,1,1,1,1,1,2,1,1
SF,IH2012,2020-04-20 09:35:04.000,2654.4000,50,1,40530300.000,1,1,0,双开,S,2650.6000,2650.0000,2648.4000,2647.0000,2644.4000,2656.8000,2666.6000,2732.8000,2733.0000,2759.4000,1,1,1,1,1,1,2,1,1,1
SF,IH2012,2020-04-20 09:35:04.500,2654.4000,50,0,40530300.000,0,-,-,-,-,2648.4000,2647.0000,2644.4000,2640.4000,2640.0000,2656.6000,2656.8000,2666.6000,2732.8000,2733.0000,1,1,1,2,2,1,1,2,1,1
SF,IH2012,2020-04-20 09:35:05.000,2654.4000,50,0,40530300.000,0,-,-,-,-,2648.6000,2648.4000,2647.0000,2644.4000,2640.4000,2656.6000,2656.8000,2666.6000,2732.8000,2733.0000,1,1,1,1,2,1,1,2,1,1
SF,IH2012,2020-04-20 09:35:05.500,2654.4000,50,0,40530300.000,0,-,-,-,-,2648.4000,2647.0000,2644.4000,2640.4000,2640.0000,2655.2000,2655.8000,2656.6000,2656.8000,2666.6000,1,1,1,2,2,1,1,1,1,2
SF,IH2012,2020-04-20 09:35:06.000,2654.4000,50,0,40530300.000,0,-,-,-,-,2649.2000,2648.4000,2647.0000,2644.4000,2640.4000,2655.0000,2655.2000,2655.8000,2656.8000,2666.6000,1,1,1,1,2,1,1,1,1,2
SF,IH2012,2020-04-20 09:35:06.500,2654.4000,50,0,40530300.000,0,-,-,-,-,2649.2000,2648.4000,2647.0000,2644.4000,2640.4000,2654.6000,2655.0000,2655.2000,2656.8000,2666.6000,1,1,1,1,2,1,1,1,1,2
SF,IH2012,2020-04-20 09:35:07.000,2654.4000,50,0,40530300.000,0,-,-,-,-,2650.2000,2649.4000,2649.2000,2648.4000,2647.0000,2654.2000,2654.4000,2654.6000,2655.2000,2656.8000,1,1,1,1,1,1,1,1,1,1
SF,IH2012,2020-04-20 09:35:07.500,2654.4000,50,0,40530300.000,0,-,-,-,-,2650.2000,2649.2000,2648.4000,2647.0000,2644.4000,2654.0000,2654.2000,2654.6000,2655.2000,2656.8000,1,1,1,1,1,1,1,1,1,1
SF,IH2012,2020-04-20 09:35:08.000,2654.4000,50,0,40530300.000,0,-,-,-,-,2649.2000,2648.4000,2647.0000,2644.4000,2640.4000,2654.0000,2654.2000,2654.6000,2656.8000,2666.6000,1,1,1,1,2,1,1,1,1,2
SF,IH2012,2020-04-20 09:35:08.500,2654.4000,50,0,40530300.000,0,-,-,-,-,2648.4000,2647.0000,2644.4000,2640.4000,2640.0000,2654.0000,2654.2000,2654.6000,2656.8000,2666.6000,1,1,1,2,2,1,1,1,1,2
SF,IH2012,2020-04-20 09:35:09.000,2654.4000,50,0,40530300.000,0,-,-,-,-,2649.0000,2648.4000,2647.0000,2644.4000,2640.4000,2654.0000,2654.2000,2654.6000,2656.8000,2666.6000,1,1,1,1,2,1,1,1,1,2
SF,IH2012,2020-04-20 09:35:09.500,2654.4000,50,0,40530300.000,0,-,-,-,-,2649.0000,2648.4000,2644.4000,2640.4000,2640.0000,2654.0000,2654.2000,2654.6000,2656.8000,2666.6000,1,1,1,2,2,1,1,1,1,2
SF,IH2012,2020-04-20 09:35:10.000,2654.4000,50,0,40530300.000,0,-,-,-,-,2649.0000,2648.4000,2648.0000,2644.4000,2640.4000,2654.0000,2654.2000,2654.6000,2656.8000,2666.6000,1,1,1,1,2,1,1,1,1,2
SF,IH2012,2020-04-20 09:35:11.000,2654.4000,50,0,40530300.000,0,-,-,-,-,2648.4000,2648.0000,2644.4000,2640.4000,2640.0000,2653.8000,2654.0000,2654.6000,2656.8000,2666.6000,1,1,1,2,2,1,1,1,1,2
SF,IH2012,2020-04-20 09:35:11.500,2654.4000,50,0,40530300.000,0,-,-,-,-,2648.4000,2648.0000,2644.4000,2640.4000,2640.0000,2653.6000,2653.8000,2654.6000,2656.8000,2666.6000,1,1,1,2,2,1,1,1,1,2
SF,IH2012,2020-04-20 09:35:12.000,2654.4000,50,0,40530300.000,0,-,-,-,-,2648.4000,2648.0000,2644.4000,2640.4000,2640.0000,2653.6000,2653.8000,2656.8000,2666.6000,2724.6000,1,1,1,2,2,1,1,1,2,1
SF,IH2012,2020-04-20 09:35:12.500,2654.4000,50,0,40530300.000,0,-,-,-,-,2648.6000,2648.0000,2645.6000,2644.4000,2640.4000,2653.4000,2653.6000,2656.8000,2666.6000,2724.6000,1,1,1,1,2,2,1,1,2,1
SF,IH2012,2020-04-20 09:35:13.000,2654.4000,50,0,40530300.000,0,-,-,-,-,2648.0000,2645.6000,2644.4000,2640.4000,2640.0000,2653.2000,2653.4000,2656.8000,2666.6000,2724.6000,1,1,1,2,2,1,2,1,2,1
SF,IH2012,2020-04-20 09:35:13.500,2654.4000,50,0,40530300.000,0,-,-,-,-,2648.2000,2648.0000,2645.6000,2644.4000,2640.4000,2652.8000,2653.2000,2653.4000,2656.8000,2666.6000,1,1,1,1,2,1,1,1,1,2
SF,IH2012,2020-04-20 09:35:14.000,2654.4000,50,0,40530300.000,0,-,-,-,-,2648.0000,2645.6000,2644.4000,2640.0000,2638.0000,2652.6000,2652.8000,2653.0000,2656.8000,2724.6000,1,1,1,2,1,1,1,3,1,1
SF,IH2012,2020-04-20 09:35:14.500,2654.4000,50,0,40530300.000,0,-,-,-,-,2648.2000,2648.0000,2645.6000,2644.4000,2640.0000,2652.6000,2652.8000,2653.0000,2656.8000,2724.6000,1,1,1,1,2,1,1,2,1,1
SF,IH2012,2020-04-20 09:35:15.000,2654.4000,50,0,40530300.000,0,-,-,-,-,2648.2000,2648.0000,2645.6000,2644.4000,2640.0000,2652.2000,2652.6000,2653.0000,2656.8000,2724.6000,1,1,1,1,2,1,1,2,1,1
SF,IH2012,2020-04-20 09:35:15.500,2654.4000,50,0,40530300.000,0,-,-,-,-,2648.2000,2648.0000,2645.6000,2644.4000,2640.0000,2652.2000,2652.6000,2653.0000,2656.8000,2724.6000,1,1,1,1,2,1,1,1,1,1
SF,IH2012,2020-04-20 09:35:18.000,2654.4000,50,0,40530300.000,0,-,-,-,-,2648.2000,2648.0000,2645.6000,2644.4000,2640.0000,2652.0000,2652.2000,2652.6000,2653.0000,2656.8000,1,1,1,1,2,1,1,1,1,1
SF,IH2012,2020-04-20 09:35:18.500,2654.4000,50,0,40530300.000,0,-,-,-,-,2648.0000,2645.6000,2644.4000,2640.0000,2638.0000,2651.8000,2652.0000,2652.2000,2653.0000,2656.8000,1,1,1,2,1,1,2,1,1,1
SF,IH2012,2020-04-20 09:35:19.000,2654.4000,50,0,40530300.000,0,-,-,-,-,2648.0000,2644.4000,2640.0000,2638.0000,2620.2000,2651.8000,2652.0000,2652.2000,2653.0000,2656.8000,1,1,2,1,2,1,2,1,1,1
SF,IH2012,2020-04-20 09:35:20.000,2654.4000,50,0,40530300.000,0,-,-,-,-,2648.0000,2644.4000,2640.0000,2638.0000,2620.2000,2651.4000,2651.8000,2653.0000,2656.8000,2724.6000,1,1,2,1,2,1,1,1,1,1
SF,IH2012,2020-04-20 09:35:22.500,2654.4000,50,0,40530300.000,0,-,-,-,-,2648.0000,2644.4000,2640.0000,2638.0000,2620.2000,2651.4000,2651.8000,2656.8000,2724.6000,2732.8000,1,1,2,1,2,1,1,1,1,1
SF,IH2012,2020-04-20 09:35:23.000,2648.2000,51,1,41324760.000,1,1,0,双开,S,2648.0000,2644.4000,2640.0000,2638.0000,2620.2000,2651.4000,2651.8000,2656.8000,2724.6000,2732.8000,1,1,2,1,2,1,1,1,1,1
SF,IH2012,2020-04-20 09:35:23.500,2648.2000,51,0,41324760.000,0,-,-,-,-,2648.0000,2644.4000,2640.0000,2638.0000,2620.2000,2651.4000,2651.8000,2653.0000,2656.8000,2724.6000,1,1,2,1,2,1,1,1,1,1
SF,IH2012,2020-04-20 09:35:24.000,2648.2000,51,0,41324760.000,0,-,-,-,-,2648.0000,2644.4000,2640.0000,2638.0000,2620.2000,2651.2000,2651.4000,2653.0000,2656.8000,2724.6000,1,1,2,1,2,1,1,1,1,1
SF,IH2012,2020-04-20 09:35:25.500,2648.2000,51,0,41324760.000,0,-,-,-,-,2648.0000,2644.4000,2640.0000,2638.0000,2620.2000,2650.8000,2651.0000,2651.2000,2653.0000,2656.8000,1,1,2,1,2,1,1,1,1,1
SF,IH2012,2020-04-20 09:35:26.000,2648.2000,51,0,41324760.000,0,-,-,-,-,2648.0000,2644.4000,2640.0000,2638.0000,2620.2000,2650.6000,2650.8000,2651.0000,2653.0000,2656.8000,1,1,2,1,2,1,1,1,1,1
SF,IH2012,2020-04-20 09:35:27.000,2648.2000,51,0,41324760.000,0,-,-,-,-,2648.0000,2644.4000,2640.0000,2638.0000,2620.2000,2650.2000,2650.6000,2651.0000,2653.0000,2656.8000,1,1,2,1,2,1,1,1,1,1
SF,IH2012,2020-04-20 09:35:28.000,2648.2000,51,0,41324760.000,0,-,-,-,-,2648.0000,2644.4000,2640.0000,2638.0000,2620.2000,2650.6000,2651.0000,2653.0000,2656.8000,2724.6000,1,1,2,1,2,1,1,1,1,1
SF,IH2012,2020-04-20 09:35:28.500,2648.2000,51,0,41324760.000,0,-,-,-,-,2648.0000,2644.4000,2640.0000,2638.0000,2620.2000,2653.0000,2656.8000,2724.6000,2732.8000,2733.0000,1,1,2,1,2,1,1,1,1,1
SF,IH2012,2020-04-20 09:35:29.000,2648.2000,51,0,41324760.000,0,-,-,-,-,2648.0000,2644.4000,2640.0000,2638.0000,2620.2000,2652.8000,2653.0000,2656.8000,2724.6000,2732.8000,1,1,2,1,2,1,1,1,1,1
SF,IH2012,2020-04-20 09:35:30.000,2648.2000,51,0,41324760.000,0,-,-,-,-,2648.0000,2644.4000,2640.0000,2638.0000,2620.2000,2652.2000,2652.6000,2652.8000,2653.0000,2656.8000,1,1,2,1,2,1,1,1,1,1
SF,IH2012,2020-04-20 09:35:30.500,2648.2000,51,0,41324760.000,0,-,-,-,-,2648.0000,2644.4000,2640.0000,2638.0000,2620.2000,2652.0000,2652.2000,2652.6000,2653.0000,2656.8000,1,1,2,1,2,1,1,1,1,1
SF,IH2012,2020-04-20 09:35:31.000,2648.0000,52,1,42119160.000,1,1,0,双开,S,2644.4000,2640.0000,2638.0000,2620.2000,2578.0000,2652.0000,2652.2000,2652.6000,2653.0000,2656.8000,1,2,1,2,1,1,1,1,1,1
SF,IH2012,2020-04-20 09:35:31.500,2648.0000,52,0,42119160.000,0,-,-,-,-,2644.4000,2640.0000,2638.0000,2620.2000,2578.0000,2652.2000,2652.6000,2653.0000,2656.8000,2724.6000,1,2,1,2,1,1,1,1,1,1
SF,IH2012,2020-04-20 09:35:32.000,2648.0000,52,0,42119160.000,0,-,-,-,-,2644.4000,2640.0000,2638.0000,2620.2000,2578.0000,2651.8000,2652.0000,2652.2000,2652.6000,2653.0000,1,2,1,2,1,1,1,1,1,1
SF,IH2012,2020-04-20 09:35:32.500,2648.0000,52,0,42119160.000,0,-,-,-,-,2645.4000,2644.4000,2640.0000,2638.0000,2620.2000,2651.4000,2651.6000,2651.8000,2652.2000,2653.0000,2,1,2,1,2,1,1,1,1,1
SF,IH2012,2020-04-20 09:35:33.000,2648.0000,52,0,42119160.000,0,-,-,-,-,2645.4000,2645.0000,2644.4000,2640.0000,2638.0000,2651.2000,2651.4000,2651.8000,2652.2000,2653.0000,3,1,1,2,1,1,2,1,1,1
SF,IH2012,2020-04-20 09:35:33.500,2648.0000,52,0,42119160.000,0,-,-,-,-,2646.0000,2645.8000,2645.4000,2644.4000,2640.0000,2651.0000,2651.2000,2651.4000,2651.8000,2652.2000,1,1,3,1,2,1,1,2,1,1
SF,IH2012,2020-04-20 09:35:34.500,2648.0000,52,0,42119160.000,0,-,-,-,-,2646.4000,2646.0000,2645.4000,2644.4000,2640.0000,2651.0000,2651.2000,2651.4000,2651.8000,2652.2000,1,1,1,1,2,1,1,2,1,1
SF,IH2012,2020-04-20 09:35:35.000,2648.0000,52,0,42119160.000,0,-,-,-,-,2646.4000,2646.0000,2645.4000,2644.4000,2640.0000,2650.8000,2651.0000,2651.4000,2651.8000,2652.2000,1,1,1,1,2,1,1,2,1,1
SF,IH2012,2020-04-20 09:35:36.000,2648.0000,52,0,42119160.000,0,-,-,-,-,2646.4000,2645.4000,2644.4000,2640.0000,2638.0000,2650.8000,2651.4000,2652.2000,2653.0000,2656.8000,1,1,1,2,1,1,2,1,1,1
SF,IH2012,2020-04-20 09:35:38.000,2648.0000,52,0,42119160.000,0,-,-,-,-,2646.4000,2645.4000,2644.4000,2640.0000,2638.0000,2650.8000,2651.4000,2652.2000,2653.0000,2656.8000,1,1,1,2,1,1,2,1,1,1
SF,IH2012,2020-04-20 09:35:38.500,2648.0000,52,0,42119160.000,0,-,-,-,-,2646.4000,2645.4000,2644.4000,2640.0000,2638.0000,2650.8000,2651.4000,2652.2000,2653.0000,2656.8000,1,1,1,2,1,2,2,1,1,1
SF,IH2012,2020-04-20 09:35:39.000,2648.0000,52,0,42119160.000,0,-,-,-,-,2646.4000,2644.4000,2640.0000,2638.0000,2620.2000,2650.8000,2651.4000,2652.2000,2653.0000,2656.8000,1,1,2,1,2,2,2,1,1,1
SF,IH2012,2020-04-20 09:35:39.500,2648.0000,52,0,42119160.000,0,-,-,-,-,2646.6000,2646.4000,2644.4000,2640.0000,2638.0000,2650.8000,2651.4000,2652.2000,2653.0000,2656.8000,1,1,1,2,1,2,2,1,1,1
SF,IH2012,2020-04-20 09:35:40.500,2648.0000,52,0,42119160.000,0,-,-,-,-,2646.4000,2644.4000,2640.0000,2638.0000,2620.2000,2650.6000,2650.8000,2651.4000,2652.2000,2653.0000,1,1,2,1,2,1,2,1,1,1
SF,IH2012,2020-04-20 09:35:41.000,2648.0000,52,0,42119160.000,0,-,-,-,-,2646.4000,2644.4000,2640.0000,2638.0000,2620.2000,2650.4000,2650.6000,2651.4000,2652.2000,2653.0000,1,1,2,1,2,1,1,1,1,1
