市场代码,合约代码,时间,最新,持仓,增仓,成交额,成交量,开仓,平仓,成交类型,方向,买一价,买二价,买三价,买四价,买五价,卖一价,卖二价,卖三价,卖四价,卖五价,买一量,买二量,买三量,买四量,买五量,卖一量,卖二量,卖三量,卖四量,卖五量
SF,IH2009,2020-06-30 09:29:00.400,2868.0000,18391,0,6022800.000,7.000,-,-,-,-,2866.0000,2865.8000,2865.2000,2865.0000,2864.2000,2869.0000,2870.0000,2872.2000,2873.2000,2874.0000,1,1,1,20,4,20,1,1,1,1
SF,IH2009,2020-06-30 09:30:00.400,2869.0000,18384,-7,15490500.000,11,2,9,多平,S,2868.0000,2867.0000,2866.6000,2866.4000,2866.2000,2869.0000,2869.8000,2870.0000,2872.2000,2873.0000,1,4,1,8,1,11,1,1,1,1
SF,IH2009,2020-06-30 09:30:00.900,2869.0000,18377,-7,29261160.000,16,4,12,多平,S,2869.0000,2868.4000,2868.0000,2867.2000,2867.0000,2869.8000,2870.0000,2872.2000,2873.0000,2873.2000,3,5,5,2,4,1,1,1,1,1
SF,IH2009,2020-06-30 09:30:01.400,2870.0000,18375,-2,30983100.000,2,0,2,双平,S,2869.4000,2869.0000,2868.8000,2868.2000,2868.0000,2872.2000,2873.0000,2873.2000,2874.0000,2874.2000,6,8,1,4,7,1,1,1,1,1
SF,IH2009,2020-06-30 09:30:01.900,2870.0000,18374,-1,31844100.000,1,0,1,双平,S,2870.0000,2869.8000,2869.6000,2869.4000,2869.2000,2871.8000,2872.0000,2872.2000,2873.0000,2873.2000,1,1,1,6,1,1,2,1,1,1
SF,IH2009,2020-06-30 09:30:02.400,2871.8000,18373,-1,32705640.000,1,0,1,双平,S,2870.4000,2870.0000,2869.8000,2869.2000,2869.0000,2870.6000,2871.4000,2871.6000,2872.2000,2872.4000,8,3,5,1,6,1,1,1,1,2
SF,IH2009,2020-06-30 09:30:02.900,2870.8000,18370,-3,35289480.000,3,0,3,双平,S,2870.6000,2870.4000,2870.0000,2869.8000,2869.2000,2872.2000,2872.4000,2873.0000,2873.2000,2874.0000,2,8,3,5,1,1,2,1,1,1
SF,IH2009,2020-06-30 09:30:03.400,2872.0000,18370,0,37012680.000,2,1,1,多换,S,2871.0000,2870.6000,2870.0000,2869.8000,2869.2000,2872.2000,2872.4000,2873.0000,2873.2000,2874.0000,8,3,1,5,1,1,2,1,1,1
SF,IH2009,2020-06-30 09:30:03.900,2871.0000,18370,0,38735640.000,2,1,1,多换,S,2871.8000,2871.0000,2870.6000,2870.0000,2869.8000,2872.0000,2872.4000,2873.0000,2873.2000,2874.0000,1,7,8,1,5,1,2,1,1,1
SF,IH2009,2020-06-30 09:30:04.400,2871.8000,18369,-1,40458780.000,2,0,2,多平,S,2872.2000,2872.0000,2871.8000,2871.2000,2871.0000,2872.4000,2873.0000,2873.2000,2874.0000,2874.2000,2,1,1,1,5,2,1,1,1,1
SF,IH2009,2020-06-30 09:30:04.900,2872.2000,18367,-2,43043760.000,3,0,3,多平,S,2872.2000,2872.0000,2871.8000,2871.2000,2871.0000,2872.4000,2873.0000,2873.2000,2874.0000,2874.2000,3,7,1,1,5,2,1,1,1,1
SF,IH2009,2020-06-30 09:30:05.400,2872.4000,18365,-2,44767200.000,2,0,2,双平,S,2872.2000,2872.0000,2871.8000,2871.2000,2871.0000,2873.0000,2873.2000,2874.0000,2874.2000,2874.8000,3,7,1,1,5,1,1,1,1,1
SF,IH2009,2020-06-30 09:30:05.900,2872.2000,18360,-5,53384040.000,10,2,8,多平,S,2872.0000,2871.8000,2871.2000,2871.0000,2870.6000,2872.6000,2873.0000,2873.2000,2874.0000,2874.2000,7,1,1,5,10,1,1,1,1,1
SF,IH2009,2020-06-30 09:30:06.400,2872.2000,18360,0,54245700.000,1,0,1,多换,S,2872.2000,2872.0000,2871.8000,2871.2000,2871.0000,2872.6000,2873.2000,2874.0000,2874.2000,2874.8000,8,7,1,1,5,2,1,1,1,1
SF,IH2009,2020-06-30 09:30:06.900,2872.6000,18359,-1,55969260.000,2,0,2,多平,S,2872.6000,2872.2000,2872.0000,2871.8000,2871.0000,2873.2000,2874.0000,2874.2000,2874.8000,2875.0000,12,8,7,1,5,1,1,1,1,1
SF,IH2009,2020-06-30 09:30:07.400,2872.6000,18357,-2,58554600.000,3,0,3,多平,S,2872.6000,2872.4000,2872.2000,2872.0000,2871.0000,2873.2000,2874.0000,2874.2000,2874.8000,2875.0000,10,1,8,7,5,1,1,1,1,1
SF,IH2009,2020-06-30 09:30:07.900,2873.2000,18357,0,59416560.000,1,0,1,多换,S,2872.6000,2872.4000,2872.2000,2872.0000,2871.0000,2874.0000,2874.2000,2874.8000,2875.0000,2875.6000,10,1,8,7,5,1,1,1,1,3
SF,IH2009,2020-06-30 09:30:08.400,2873.2000,18357,0,59416560.000,0,-,-,-,-,2872.6000,2872.4000,2872.2000,2872.0000,2871.0000,2873.2000,2874.0000,2874.2000,2874.8000,2875.0000,10,1,8,7,5,1,1,1,1,1
SF,IH2009,2020-06-30 09:30:08.900,2872.6000,18357,0,60278340.000,1,0,1,多换,S,2872.6000,2872.4000,2872.2000,2872.0000,2871.0000,2873.2000,2874.0000,2874.2000,2874.8000,2875.0000,9,1,8,7,5,1,1,1,1,1
SF,IH2009,2020-06-30 09:30:09.400,2873.4000,18354,-3,62864280.000,3,0,3,双平,S,2872.6000,2872.4000,2872.2000,2872.0000,2871.0000,2874.0000,2874.2000,2874.8000,2875.0000,2875.6000,9,1,8,7,5,1,1,1,1,3
SF,IH2009,2020-06-30 09:30:09.900,2872.8000,18354,0,65450580.000,3,1,2,多换,S,2872.8000,2872.6000,2872.4000,2872.2000,2872.0000,2874.0000,2874.8000,2875.0000,2875.6000,2876.0000,1,9,1,8,7,5,1,1,3,1
SF,IH2009,2020-06-30 09:30:10.400,2874.0000,18350,-4,69761580.000,5,0,5,多平,S,2873.2000,2872.8000,2872.6000,2872.4000,2872.2000,2874.8000,2875.0000,2875.6000,2876.0000,2878.0000,1,2,10,1,8,1,1,3,1,7
SF,IH2009,2020-06-30 09:30:10.900,2874.0000,18349,-1,70623780.000,1,0,1,双平,S,2874.0000,2873.4000,2873.2000,2872.8000,2872.6000,2874.8000,2875.0000,2875.6000,2876.0000,2878.0000,1,1,2,1,9,1,1,3,1,7
SF,IH2009,2020-06-30 09:30:11.400,2874.0000,18347,-2,72348360.000,2,0,2,双平,S,2873.2000,2872.6000,2872.4000,2872.2000,2872.0000,2874.8000,2875.0000,2875.6000,2876.0000,2878.0000,2,9,1,8,7,1,1,3,1,7
SF,IH2009,2020-06-30 09:30:11.900,2873.4000,18346,-1,73210380.000,1,0,1,双平,S,2874.0000,2873.2000,2872.6000,2872.4000,2872.2000,2874.6000,2874.8000,2875.0000,2875.6000,2876.0000,2,2,9,1,8,1,1,1,3,1
SF,IH2009,2020-06-30 09:30:12.400,2874.0000,18343,-3,77521380.000,5,1,4,多平,S,2873.2000,2872.6000,2872.4000,2872.2000,2872.0000,2874.0000,2874.4000,2874.6000,2874.8000,2875.0000,1,9,1,8,7,1,1,2,1,1
SF,IH2009,2020-06-30 09:30:12.900,2874.0000,18343,0,77521380.000,0,-,-,-,-,2873.2000,2872.6000,2872.4000,2872.2000,2872.0000,2874.0000,2874.4000,2874.6000,2874.8000,2875.0000,3,8,1,8,7,1,1,1,1,1
SF,IH2009,2020-06-30 09:30:13.400,2874.6000,18343,0,80970660.000,4,2,2,多换,S,2874.6000,2873.2000,2872.4000,2872.2000,2872.0000,2874.8000,2875.0000,2875.6000,2876.0000,2878.0000,1,2,1,8,7,2,1,3,1,7
SF,IH2009,2020-06-30 09:30:13.900,2874.6000,18342,-1,83557800.000,3,1,2,多平,S,2873.4000,2873.2000,2872.4000,2872.2000,2872.0000,2874.8000,2875.0000,2875.6000,2876.0000,2878.0000,5,2,1,8,6,2,1,3,1,6
SF,IH2009,2020-06-30 09:30:14.400,2873.2000,18339,-3,87867840.000,5,1,4,多平,S,2872.4000,2872.2000,2872.0000,2870.6000,2870.0000,2874.8000,2875.0000,2875.6000,2876.0000,2878.0000,1,8,6,8,2,2,1,3,1,6
SF,IH2009,2020-06-30 09:30:14.900,2873.2000,18339,0,87867840.000,0,-,-,-,-,2872.8000,2872.6000,2872.4000,2872.2000,2872.0000,2873.2000,2874.6000,2874.8000,2875.0000,2875.6000,5,1,2,8,6,1,3,2,1,3
SF,IH2009,2020-06-30 09:30:15.400,2873.2000,18336,-3,90453720.000,3,0,3,双平,S,2872.8000,2872.4000,2872.2000,2872.0000,2870.6000,2874.6000,2874.8000,2875.0000,2875.6000,2876.0000,5,2,8,6,8,2,2,1,3,1
SF,IH2009,2020-06-30 09:30:15.900,2873.2000,18336,0,90453720.000,0,-,-,-,-,2872.8000,2872.4000,2872.2000,2872.0000,2870.6000,2874.4000,2874.6000,2874.8000,2875.0000,2875.6000,5,2,8,6,8,1,3,2,1,3
SF,IH2009,2020-06-30 09:30:16.400,2874.4000,18335,-1,91316040.000,1,0,1,双平,S,2873.0000,2872.8000,2872.4000,2872.2000,2872.0000,2874.6000,2874.8000,2875.0000,2875.6000,2876.0000,1,5,2,8,6,4,2,1,3,1
SF,IH2009,2020-06-30 09:30:16.900,2873.0000,18335,0,93040260.000,2,1,1,多换,S,2872.8000,2872.4000,2872.2000,2872.0000,2870.6000,2874.4000,2874.6000,2874.8000,2875.0000,2875.6000,5,1,8,6,8,2,4,2,1,3
SF,IH2009,2020-06-30 09:30:17.400,2874.2000,18336,1,93902520.000,1,1,0,双开,S,2873.4000,2873.0000,2872.4000,2872.2000,2872.0000,2874.4000,2874.6000,2874.8000,2875.0000,2875.6000,5,1,1,8,6,1,4,2,1,3
SF,IH2009,2020-06-30 09:30:17.900,2874.6000,18335,-1,97351980.000,4,1,3,多平,S,2874.6000,2872.4000,2872.2000,2872.0000,2870.6000,2874.8000,2875.0000,2875.6000,2876.0000,2878.0000,2,1,8,6,8,2,1,3,1,6
SF,IH2009,2020-06-30 09:30:18.400,2874.6000,18335,0,99076740.000,2,1,1,多换,S,2872.4000,2872.2000,2872.0000,2870.6000,2870.0000,2874.4000,2874.8000,2875.0000,2875.6000,2876.0000,1,8,6,8,2,5,2,2,2,1
SF,IH2009,2020-06-30 09:30:18.900,2874.6000,18335,0,99076740.000,0,-,-,-,-,2872.6000,2872.4000,2872.2000,2872.0000,2870.6000,2874.2000,2874.4000,2874.6000,2874.8000,2875.0000,1,1,8,6,8,1,1,1,3,2
SF,IH2009,2020-06-30 09:30:19.400,2874.6000,18335,0,99076740.000,0,-,-,-,-,2872.8000,2872.6000,2872.4000,2872.2000,2872.0000,2874.2000,2874.4000,2874.6000,2874.8000,2875.0000,5,1,1,8,6,1,1,1,3,1
SF,IH2009,2020-06-30 09:30:19.900,2874.2000,18335,0,101663640.000,3,1,2,多换,S,2874.2000,2872.8000,2872.4000,2872.2000,2872.0000,2874.4000,2874.6000,2874.8000,2875.0000,2875.6000,6,5,1,8,6,1,1,3,1,2
SF,IH2009,2020-06-30 09:30:20.400,2874.2000,18335,0,106837200.000,6,3,3,多换,S,2872.8000,2872.4000,2872.2000,2872.0000,2870.6000,2874.4000,2874.6000,2874.8000,2875.0000,2875.6000,5,1,8,6,8,1,1,3,1,2
SF,IH2009,2020-06-30 09:30:21.400,2874.2000,18335,0,106837200.000,0,-,-,-,-,2872.8000,2872.4000,2872.2000,2872.0000,2870.6000,2874.4000,2874.6000,2874.8000,2875.0000,2875.6000,5,1,8,6,8,1,1,3,1,2
SF,IH2009,2020-06-30 09:30:21.900,2874.2000,18335,0,106837200.000,0,-,-,-,-,2872.4000,2872.2000,2872.0000,2870.6000,2870.0000,2874.0000,2874.4000,2874.6000,2874.8000,2875.0000,1,8,6,8,2,1,1,1,3,1
SF,IH2009,2020-06-30 09:30:22.400,2874.2000,18335,0,106837200.000,0,-,-,-,-,2872.4000,2872.2000,2872.0000,2870.6000,2870.0000,2874.0000,2874.2000,2874.4000,2874.6000,2874.8000,1,8,6,8,2,1,1,1,1,3
SF,IH2009,2020-06-30 09:30:22.900,2874.2000,18335,0,106837200.000,0,-,-,-,-,2872.4000,2872.2000,2872.0000,2870.6000,2870.0000,2872.8000,2874.0000,2874.2000,2874.4000,2874.6000,1,8,6,8,2,2,1,1,1,1
SF,IH2009,2020-06-30 09:30:23.400,2872.8000,18332,-3,109422720.000,3,0,3,双平,S,2872.8000,2872.6000,2872.4000,2872.2000,2872.0000,2874.0000,2874.2000,2874.4000,2874.6000,2874.8000,1,1,1,8,6,1,1,1,1,3
SF,IH2009,2020-06-30 09:30:23.900,2872.8000,18332,0,109422720.000,0,-,-,-,-,2872.8000,2872.6000,2872.4000,2872.2000,2872.0000,2874.0000,2874.2000,2874.4000,2874.6000,2874.8000,2,6,1,8,6,1,1,1,1,4
SF,IH2009,2020-06-30 09:30:24.400,2873.0000,18330,-2,111146760.000,2,0,2,双平,S,2872.8000,2872.6000,2872.4000,2872.2000,2872.0000,2874.0000,2874.2000,2874.4000,2874.6000,2874.8000,2,5,1,8,6,1,1,2,1,4
SF,IH2009,2020-06-30 09:30:24.900,2874.0000,18330,0,112871100.000,2,1,1,多换,S,2873.0000,2872.8000,2872.6000,2872.4000,2872.2000,2874.0000,2874.2000,2874.4000,2874.6000,2874.8000,1,2,5,1,8,1,1,2,1,4
SF,IH2009,2020-06-30 09:30:25.400,2874.0000,18329,-1,113733300.000,1,0,1,双平,S,2873.0000,2872.8000,2872.4000,2872.2000,2872.0000,2874.2000,2874.4000,2874.6000,2874.8000,2875.0000,1,1,1,8,6,1,2,1,4,1
SF,IH2009,2020-06-30 09:30:25.900,2874.0000,18329,0,113733300.000,0,-,-,-,-,2873.0000,2872.8000,2872.4000,2872.2000,2872.0000,2874.0000,2874.2000,2874.4000,2874.6000,2874.8000,1,1,1,8,6,2,1,2,1,4
SF,IH2009,2020-06-30 09:30:26.400,2874.0000,18329,0,113733300.000,0,-,-,-,-,2873.0000,2872.8000,2872.4000,2872.2000,2872.0000,2874.0000,2874.2000,2874.4000,2874.6000,2874.8000,1,1,1,8,6,3,1,2,1,4
SF,IH2009,2020-06-30 09:30:26.900,2874.2000,18329,0,115457760.000,2,1,1,多换,S,2874.2000,2873.0000,2872.8000,2872.4000,2872.2000,2874.4000,2874.6000,2874.8000,2875.0000,2875.6000,3,1,1,1,8,2,1,4,1,2
SF,IH2009,2020-06-30 09:30:27.400,2874.2000,18329,0,118044540.000,3,1,2,多换,S,2873.0000,2872.8000,2872.4000,2872.2000,2872.0000,2874.2000,2874.4000,2874.6000,2874.8000,2875.6000,1,1,1,8,6,1,2,1,4,2
SF,IH2009,2020-06-30 09:30:27.900,2874.2000,18329,0,118044540.000,0,-,-,-,-,2873.0000,2872.8000,2872.4000,2872.2000,2872.0000,2874.0000,2874.2000,2874.4000,2874.6000,2874.8000,1,1,1,8,6,6,1,2,1,4
SF,IH2009,2020-06-30 09:30:28.400,2874.2000,18329,0,118044540.000,0,-,-,-,-,2873.2000,2873.0000,2872.8000,2872.4000,2872.2000,2874.4000,2874.6000,2874.8000,2875.6000,2875.8000,1,1,1,1,8,2,1,4,2,1
SF,IH2009,2020-06-30 09:30:28.900,2874.2000,18329,0,118044540.000,0,-,-,-,-,2873.4000,2873.2000,2873.0000,2872.8000,2872.4000,2874.4000,2874.6000,2874.8000,2875.6000,2875.8000,1,1,2,1,1,2,1,4,2,1
SF,IH2009,2020-06-30 09:30:29.400,2874.2000,18329,0,118044540.000,0,-,-,-,-,2873.4000,2873.2000,2873.0000,2872.8000,2872.4000,2874.2000,2874.4000,2874.6000,2874.8000,2875.6000,1,1,2,1,1,1,2,1,3,2
SF,IH2009,2020-06-30 09:30:29.900,2874.2000,18329,0,118044540.000,0,-,-,-,-,2873.4000,2873.0000,2872.8000,2872.4000,2872.2000,2874.2000,2874.4000,2874.6000,2874.8000,2875.6000,1,3,1,1,8,1,2,1,3,2
SF,IH2009,2020-06-30 09:30:30.400,2874.4000,18327,-2,121493640.000,4,1,3,多平,S,2874.2000,2873.4000,2873.0000,2872.8000,2872.4000,2874.4000,2874.6000,2874.8000,2875.6000,2875.8000,1,1,3,1,1,1,1,3,2,1
SF,IH2009,2020-06-30 09:30:30.900,2874.2000,18326,-1,122355900.000,1,0,1,双平,S,2873.4000,2873.0000,2872.8000,2872.4000,2872.2000,2874.4000,2874.6000,2874.8000,2875.6000,2875.8000,2,3,1,1,8,1,1,3,2,1
SF,IH2009,2020-06-30 09:30:31.400,2873.6000,18326,0,124080060.000,2,1,1,多换,S,2873.4000,2873.0000,2872.8000,2872.4000,2872.2000,2874.4000,2874.6000,2874.8000,2875.6000,2875.8000,3,3,1,1,8,1,1,3,2,1
SF,IH2009,2020-06-30 09:30:31.900,2873.6000,18326,0,124080060.000,0,-,-,-,-,2873.4000,2873.0000,2872.8000,2872.4000,2872.2000,2874.4000,2874.6000,2874.8000,2875.6000,2875.8000,3,3,1,1,8,1,1,3,2,1
SF,IH2009,2020-06-30 09:30:32.400,2873.4000,18325,-1,126666120.000,3,1,2,多平,S,2873.4000,2873.0000,2872.8000,2872.2000,2872.0000,2874.4000,2874.6000,2874.8000,2875.6000,2875.8000,1,3,1,8,6,1,1,3,2,1
SF,IH2009,2020-06-30 09:30:32.900,2873.4000,18324,-1,127528140.000,1,0,1,双平,S,2873.4000,2873.0000,2872.8000,2872.2000,2872.0000,2874.4000,2874.6000,2874.8000,2875.6000,2875.8000,1,3,1,8,6,1,1,3,2,1
SF,IH2009,2020-06-30 09:30:33.400,2873.4000,18324,0,127528140.000,0,-,-,-,-,2873.4000,2873.0000,2872.8000,2872.2000,2872.0000,2874.2000,2874.4000,2874.6000,2874.8000,2875.6000,1,3,1,8,6,2,1,1,3,2
SF,IH2009,2020-06-30 09:30:33.900,2873.4000,18324,0,128390160.000,1,0,1,多换,S,2873.6000,2873.4000,2873.0000,2872.8000,2872.2000,2874.2000,2874.4000,2874.6000,2874.8000,2875.6000,5,1,3,1,8,2,2,1,3,2
SF,IH2009,2020-06-30 09:30:34.400,2873.4000,18324,0,128390160.000,0,-,-,-,-,2873.6000,2873.4000,2873.0000,2872.8000,2872.2000,2874.2000,2874.4000,2874.6000,2874.8000,2875.6000,5,2,3,1,8,2,2,1,3,2
SF,IH2009,2020-06-30 09:30:34.900,2873.4000,18323,-1,130114440.000,2,0,2,多平,S,2873.4000,2873.0000,2872.8000,2872.2000,2872.0000,2874.2000,2874.4000,2874.6000,2874.8000,2875.6000,1,3,1,8,6,1,3,1,3,1
SF,IH2009,2020-06-30 09:30:35.400,2873.4000,18323,0,130114440.000,0,-,-,-,-,2873.6000,2873.4000,2873.0000,2872.8000,2872.2000,2874.2000,2874.4000,2874.6000,2874.8000,2875.6000,5,2,3,1,8,1,3,1,3,1
SF,IH2009,2020-06-30 09:30:35.900,2873.4000,18323,0,130114440.000,0,-,-,-,-,2873.4000,2873.0000,2872.8000,2872.2000,2872.0000,2874.2000,2874.4000,2874.6000,2874.8000,2875.6000,2,3,1,8,6,1,3,1,3,1
SF,IH2009,2020-06-30 09:30:36.400,2874.2000,18322,-1,130976700.000,1,0,1,双平,S,2873.6000,2873.4000,2873.0000,2872.8000,2872.2000,2874.4000,2874.6000,2874.8000,2875.6000,2875.8000,5,2,3,1,8,3,1,3,1,1
SF,IH2009,2020-06-30 09:30:36.900,2873.8000,18321,-1,131838840.000,1,0,1,双平,S,2873.6000,2873.4000,2873.0000,2872.8000,2872.2000,2874.4000,2874.6000,2874.8000,2875.2000,2875.6000,5,2,4,1,8,3,1,3,1,1
SF,IH2009,2020-06-30 09:30:37.400,2873.6000,18320,-1,132700920.000,1,0,1,双平,S,2873.6000,2873.4000,2873.0000,2872.8000,2872.2000,2874.4000,2874.6000,2874.8000,2875.2000,2875.6000,4,2,4,1,8,3,1,3,1,1
SF,IH2009,2020-06-30 09:30:37.900,2873.6000,18320,0,132700920.000,0,-,-,-,-,2873.6000,2873.4000,2873.0000,2872.8000,2872.2000,2874.2000,2874.4000,2874.6000,2874.8000,2875.2000,4,2,4,1,8,1,3,1,3,1
SF,IH2009,2020-06-30 09:30:38.400,2873.6000,18320,0,132700920.000,0,-,-,-,-,2873.6000,2873.4000,2873.0000,2872.8000,2872.0000,2874.4000,2874.6000,2874.8000,2875.0000,2875.2000,4,2,4,1,6,3,1,3,1,1
SF,IH2009,2020-06-30 09:30:38.900,2874.2000,18319,-1,133563180.000,1,0,1,双平,S,2873.6000,2873.4000,2873.0000,2872.8000,2872.0000,2874.4000,2874.6000,2874.8000,2875.0000,2875.2000,4,1,4,1,6,3,1,3,1,1
SF,IH2009,2020-06-30 09:30:39.400,2874.2000,18319,0,133563180.000,0,-,-,-,-,2873.4000,2873.0000,2872.8000,2872.0000,2871.8000,2874.4000,2874.6000,2874.8000,2875.0000,2875.2000,1,4,1,6,1,3,1,3,1,1
SF,IH2009,2020-06-30 09:30:39.900,2874.2000,18319,0,133563180.000,0,-,-,-,-,2873.6000,2873.4000,2873.0000,2872.8000,2872.0000,2874.4000,2874.6000,2874.8000,2875.0000,2875.2000,5,1,4,1,6,3,1,3,3,1
SF,IH2009,2020-06-30 09:30:40.400,2874.2000,18319,0,133563180.000,0,-,-,-,-,2873.6000,2873.4000,2873.0000,2872.8000,2872.0000,2874.4000,2874.6000,2874.8000,2875.0000,2875.2000,1,1,4,1,6,3,1,3,3,1
SF,IH2009,2020-06-30 09:30:40.900,2873.6000,18319,0,134425260.000,1,0,1,多换,S,2873.4000,2873.0000,2872.8000,2872.0000,2871.8000,2874.2000,2874.4000,2874.6000,2874.8000,2875.0000,1,4,1,6,1,2,3,1,3,3
SF,IH2009,2020-06-30 09:30:41.400,2873.6000,18319,0,134425260.000,0,-,-,-,-,2873.6000,2873.4000,2873.0000,2872.8000,2872.0000,2874.2000,2874.4000,2874.6000,2874.8000,2875.0000,4,1,4,1,6,2,3,1,3,3
SF,IH2009,2020-06-30 09:30:41.900,2873.6000,18319,0,134425260.000,0,-,-,-,-,2873.4000,2873.0000,2872.8000,2872.0000,2871.8000,2874.0000,2874.2000,2874.4000,2874.6000,2874.8000,1,4,1,6,1,1,2,3,1,3
SF,IH2009,2020-06-30 09:30:42.400,2873.4000,18318,-1,135287280.000,1,0,1,双平,S,2873.0000,2872.8000,2872.0000,2871.8000,2870.6000,2874.0000,2874.2000,2874.4000,2874.6000,2874.8000,4,1,6,1,7,1,2,3,1,3
SF,IH2009,2020-06-30 09:30:42.900,2873.4000,18318,0,135287280.000,0,-,-,-,-,2873.4000,2873.0000,2872.8000,2872.0000,2871.8000,2874.0000,2874.2000,2874.4000,2874.6000,2874.8000,4,5,1,6,1,1,2,3,1,3
SF,IH2009,2020-06-30 09:30:43.400,2873.4000,18318,0,135287280.000,0,-,-,-,-,2873.0000,2872.8000,2872.0000,2871.8000,2870.6000,2873.4000,2874.0000,2874.2000,2874.4000,2874.6000,5,1,6,1,7,1,1,2,3,1
SF,IH2009,2020-06-30 09:30:43.900,2873.0000,18316,-2,137873220.000,3,0,3,多平,S,2873.4000,2873.0000,2872.8000,2872.0000,2871.8000,2873.8000,2874.0000,2874.2000,2874.4000,2874.6000,3,4,1,6,1,1,1,2,3,1
SF,IH2009,2020-06-30 09:30:44.400,2873.4000,18315,-1,138735240.000,1,0,1,双平,S,2873.0000,2872.8000,2872.0000,2871.8000,2870.6000,2873.6000,2873.8000,2874.0000,2874.2000,2874.4000,4,1,6,1,7,1,1,1,2,3
SF,IH2009,2020-06-30 09:30:44.900,2873.8000,18313,-2,140459460.000,2,0,2,双平,S,2873.8000,2873.0000,2872.8000,2872.0000,2871.8000,2874.0000,2874.2000,2874.4000,2874.6000,2874.8000,4,4,1,6,1,1,2,3,1,4
SF,IH2009,2020-06-30 09:30:45.400,2873.8000,18309,-4,143908020.000,4,0,4,双平,S,2873.0000,2872.8000,2872.0000,2871.8000,2870.6000,2873.2000,2873.6000,2873.8000,2874.2000,2874.4000,4,1,6,1,7,1,2,2,2,4
SF,IH2009,2020-06-30 09:30:45.900,2872.8000,18305,-4,148217460.000,5,0,5,多平,S,2872.0000,2871.8000,2870.6000,2870.0000,2869.8000,2873.2000,2873.4000,2873.6000,2873.8000,2874.2000,6,1,7,2,5,1,1,2,2,2
SF,IH2009,2020-06-30 09:30:46.400,2873.4000,18305,0,150803340.000,3,1,2,多换,S,2873.4000,2872.2000,2872.0000,2871.8000,2870.6000,2873.6000,2873.8000,2874.2000,2874.4000,2874.6000,2,4,6,1,7,2,2,2,5,1
SF,IH2009,2020-06-30 09:30:46.900,2873.4000,18305,0,152527380.000,2,1,1,多换,S,2872.2000,2872.0000,2871.8000,2870.6000,2870.0000,2873.2000,2873.8000,2874.2000,2874.4000,2874.6000,1,6,1,7,2,1,2,2,5,1
SF,IH2009,2020-06-30 09:30:47.400,2873.4000,18305,0,152527380.000,0,-,-,-,-,2872.0000,2871.8000,2870.6000,2870.0000,2869.8000,2873.0000,2873.2000,2873.8000,2874.2000,2874.4000,6,1,7,2,5,1,1,3,2,5
SF,IH2009,2020-06-30 09:30:47.900,2873.2000,18305,0,154251300.000,2,1,1,多换,S,2873.2000,2872.0000,2871.8000,2870.6000,2870.0000,2873.8000,2874.2000,2874.4000,2874.6000,2874.8000,3,7,1,7,2,3,2,5,1,4
SF,IH2009,2020-06-30 09:30:48.400,2873.2000,18305,0,156837180.000,3,1,2,多换,S,2872.0000,2871.8000,2870.6000,2870.0000,2869.8000,2873.2000,2873.4000,2873.6000,2873.8000,2874.2000,7,1,7,2,5,2,1,2,3,2
SF,IH2009,2020-06-30 09:30:48.900,2873.2000,18305,0,156837180.000,0,-,-,-,-,2872.2000,2872.0000,2871.8000,2870.6000,2870.0000,2873.0000,2873.2000,2873.4000,2873.8000,2874.2000,1,8,1,7,2,2,2,1,3,2
SF,IH2009,2020-06-30 09:30:49.400,2873.8000,18306,1,162009180.000,6,3,3,空开,S,2872.2000,2872.0000,2871.8000,2870.6000,2870.0000,2873.8000,2874.2000,2874.4000,2874.6000,2874.8000,1,8,1,7,2,2,2,5,1,4
SF,IH2009,2020-06-30 09:30:49.900,2873.8000,18306,0,162009180.000,0,-,-,-,-,2872.2000,2872.0000,2871.8000,2870.6000,2870.0000,2873.6000,2873.8000,2874.2000,2874.4000,2874.6000,1,8,1,7,2,2,2,2,5,1
SF,IH2009,2020-06-30 09:30:50.400,2873.8000,18306,0,162009180.000,0,-,-,-,-,2872.4000,2872.2000,2872.0000,2871.8000,2870.6000,2873.6000,2873.8000,2874.2000,2874.4000,2874.6000,1,1,8,1,7,1,2,2,5,1
SF,IH2009,2020-06-30 09:30:50.900,2873.8000,18306,0,162009180.000,0,-,-,-,-,2872.6000,2872.0000,2871.8000,2870.6000,2870.0000,2873.0000,2873.2000,2873.6000,2873.8000,2874.2000,1,8,1,7,2,1,1,1,2,2
SF,IH2009,2020-06-30 09:30:51.400,2873.2000,18304,-2,164594820.000,3,0,3,多平,S,2872.2000,2872.0000,2871.8000,2870.6000,2870.0000,2873.6000,2873.8000,2874.2000,2874.4000,2874.6000,1,8,1,7,2,1,2,2,5,1
SF,IH2009,2020-06-30 09:30:51.900,2873.2000,18304,0,164594820.000,0,-,-,-,-,2872.4000,2872.2000,2872.0000,2871.8000,2870.6000,2873.6000,2873.8000,2874.2000,2874.4000,2874.6000,2,1,8,1,7,1,2,2,5,1
SF,IH2009,2020-06-30 09:30:53.900,2873.2000,18304,0,164594820.000,0,-,-,-,-,2872.4000,2872.2000,2872.0000,2871.8000,2870.6000,2873.6000,2873.8000,2874.2000,2874.4000,2874.6000,2,1,8,1,7,1,2,2,5,1
SF,IH2009,2020-06-30 09:30:54.400,2873.2000,18304,0,164594820.000,0,-,-,-,-,2872.4000,2872.2000,2872.0000,2871.8000,2870.6000,2873.4000,2873.6000,2873.8000,2874.2000,2874.4000,2,1,8,1,7,1,1,2,2,5
SF,IH2009,2020-06-30 09:30:55.900,2873.2000,18304,0,164594820.000,0,-,-,-,-,2872.4000,2872.2000,2872.0000,2871.8000,2870.6000,2873.4000,2873.6000,2873.8000,2874.2000,2874.4000,2,1,3,1,7,1,1,2,2,5
SF,IH2009,2020-06-30 09:30:56.400,2873.2000,18304,0,164594820.000,0,-,-,-,-,2872.4000,2872.2000,2872.0000,2871.8000,2870.6000,2873.4000,2873.8000,2874.4000,2874.6000,2874.8000,2,1,3,1,7,1,2,5,1,3
SF,IH2009,2020-06-30 09:30:56.900,2872.4000,18303,-1,165456540.000,1,0,1,双平,S,2872.4000,2872.2000,2872.0000,2871.8000,2870.6000,2873.4000,2873.8000,2874.4000,2874.6000,2874.8000,1,1,3,1,7,1,2,5,1,3
SF,IH2009,2020-06-30 09:30:57.400,2872.4000,18304,1,166318260.000,1,1,0,双开,S,2872.2000,2872.0000,2871.8000,2870.6000,2870.0000,2872.4000,2873.0000,2873.4000,2873.8000,2874.4000,1,3,1,7,2,5,1,1,2,5
SF,IH2009,2020-06-30 09:30:57.900,2872.4000,18299,-5,170626860.000,5,0,5,双平,S,2872.4000,2872.2000,2872.0000,2871.8000,2870.6000,2873.4000,2873.8000,2874.4000,2874.6000,2874.8000,1,1,3,1,2,1,2,5,1,3
SF,IH2009,2020-06-30 09:30:58.400,2872.4000,18299,0,170626860.000,0,-,-,-,-,2872.4000,2872.2000,2872.0000,2871.8000,2870.6000,2873.2000,2873.4000,2873.8000,2874.4000,2874.6000,1,1,3,1,2,2,1,2,5,1
SF,IH2009,2020-06-30 09:30:58.900,2872.4000,18299,0,171488580.000,1,0,1,多换,S,2872.2000,2872.0000,2871.8000,2870.6000,2870.0000,2873.0000,2873.2000,2873.8000,2874.4000,2874.6000,1,3,1,2,2,1,2,2,5,2
SF,IH2009,2020-06-30 09:30:59.400,2872.4000,18299,0,171488580.000,0,-,-,-,-,2872.4000,2872.2000,2872.0000,2871.8000,2870.6000,2873.0000,2873.2000,2873.8000,2874.4000,2874.6000,1,1,3,1,2,1,1,2,5,2
SF,IH2009,2020-06-30 09:30:59.900,2872.4000,18299,0,172350300.000,1,0,1,多换,S,2872.2000,2872.0000,2871.8000,2870.6000,2870.0000,2873.0000,2873.8000,2874.4000,2874.6000,2874.8000,1,3,1,2,2,1,2,5,2,2
SF,IH2009,2020-06-30 09:31:00.400,2873.0000,18298,-1,173212200.000,1,0,1,双平,S,2873.0000,2872.2000,2872.0000,2871.8000,2870.6000,2873.8000,2874.4000,2874.6000,2874.8000,2875.0000,1,1,3,1,2,2,5,2,2,4
SF,IH2009,2020-06-30 09:31:00.900,2873.0000,18298,0,173212200.000,0,-,-,-,-,2873.0000,2872.2000,2872.0000,2871.8000,2870.6000,2873.8000,2874.4000,2874.6000,2874.8000,2875.0000,7,1,3,1,2,2,5,2,2,4
SF,IH2009,2020-06-30 09:31:01.400,2873.8000,18297,-1,174074340.000,1,0,1,双平,S,2874.0000,2873.2000,2873.0000,2872.2000,2872.0000,2874.4000,2874.6000,2874.8000,2875.0000,2875.2000,1,1,7,1,3,5,2,2,4,1
SF,IH2009,2020-06-30 09:31:01.900,2873.2000,18296,-1,174936300.000,1,0,1,双平,S,2873.0000,2872.2000,2872.0000,2871.8000,2870.6000,2874.4000,2874.6000,2874.8000,2875.0000,2875.2000,7,1,3,1,2,5,2,2,4,1
SF,IH2009,2020-06-30 09:31:02.400,2874.0000,18295,-1,175798500.000,1,0,1,双平,S,2873.2000,2873.0000,2872.2000,2872.0000,2871.8000,2874.2000,2874.4000,2874.6000,2874.8000,2875.0000,1,7,1,3,1,1,5,2,2,4
SF,IH2009,2020-06-30 09:31:02.900,2874.0000,18295,0,175798500.000,0,-,-,-,-,2873.2000,2873.0000,2872.2000,2872.0000,2871.8000,2874.2000,2874.4000,2874.6000,2874.8000,2875.0000,1,7,1,5,1,1,5,2,2,4
SF,IH2009,2020-06-30 09:31:03.400,2874.2000,18294,-1,176660760.000,1,0,1,双平,S,2873.2000,2873.0000,2872.2000,2872.0000,2871.8000,2874.4000,2874.6000,2874.8000,2875.0000,2875.2000,1,7,1,5,1,5,2,2,4,1
SF,IH2009,2020-06-30 09:31:03.900,2874.2000,18294,0,176660760.000,0,-,-,-,-,2873.4000,2873.2000,2873.0000,2872.2000,2872.0000,2874.2000,2874.4000,2874.6000,2874.8000,2875.0000,1,1,7,1,5,3,5,2,2,4
SF,IH2009,2020-06-30 09:31:04.400,2873.8000,18294,0,177522900.000,1,0,1,多换,S,2873.6000,2873.4000,2873.0000,2872.2000,2872.0000,2874.2000,2874.4000,2874.6000,2874.8000,2875.0000,1,1,7,1,5,3,5,2,2,4
SF,IH2009,2020-06-30 09:31:04.900,2874.4000,18292,-2,183558960.000,7,2,5,多平,S,2874.2000,2873.6000,2873.0000,2872.2000,2872.0000,2874.4000,2874.6000,2874.8000,2875.0000,2875.2000,3,1,7,1,5,1,2,2,4,1
SF,IH2009,2020-06-30 09:31:05.400,2874.4000,18291,-1,184421280.000,1,0,1,双平,S,2874.4000,2874.2000,2873.0000,2872.4000,2872.2000,2874.6000,2874.8000,2875.0000,2875.2000,2875.6000,2,3,7,1,1,1,2,4,1,1
SF,IH2009,2020-06-30 09:31:05.900,2874.6000,18289,-2,186146040.000,2,0,2,双平,S,2874.6000,2874.4000,2874.2000,2873.0000,2872.4000,2874.8000,2875.0000,2875.2000,2875.6000,2875.8000,1,2,3,7,1,2,4,1,1,4
SF,IH2009,2020-06-30 09:31:06.400,2874.8000,18287,-2,187870920.000,2,0,2,双平,S,2874.8000,2874.6000,2874.4000,2874.2000,2873.0000,2875.0000,2875.2000,2875.6000,2875.8000,2876.0000,1,1,2,3,7,4,1,1,4,2
SF,IH2009,2020-06-30 09:31:06.900,2875.0000,18286,-1,191320920.000,4,1,3,多平,S,2875.0000,2874.8000,2874.6000,2874.4000,2874.2000,2875.2000,2875.6000,2875.8000,2876.0000,2876.2000,1,1,1,2,3,1,1,4,2,1
SF,IH2009,2020-06-30 09:31:07.400,2875.0000,18283,-3,193908540.000,3,0,3,双平,S,2875.2000,2874.8000,2874.6000,2874.4000,2874.2000,2875.6000,2875.8000,2876.0000,2876.2000,2876.8000,4,1,1,2,3,1,4,2,1,2
SF,IH2009,2020-06-30 09:31:07.900,2875.2000,18279,-4,198221340.000,5,0,5,多平,S,2874.6000,2874.4000,2874.2000,2873.8000,2873.0000,2875.2000,2875.6000,2875.8000,2876.0000,2876.2000,2,2,1,1,6,2,1,4,2,1
SF,IH2009,2020-06-30 09:31:08.400,2875.2000,18279,0,198221340.000,0,-,-,-,-,2874.6000,2874.4000,2874.2000,2873.8000,2873.4000,2875.2000,2875.6000,2875.8000,2876.0000,2876.2000,2,2,1,1,1,2,1,4,2,1
SF,IH2009,2020-06-30 09:31:09.400,2875.2000,18279,0,198221340.000,0,-,-,-,-,2874.6000,2874.4000,2874.2000,2873.8000,2873.4000,2875.2000,2875.6000,2875.8000,2876.0000,2876.2000,2,10,1,1,1,2,1,4,2,1
SF,IH2009,2020-06-30 09:31:09.900,2875.2000,18279,0,198221340.000,0,-,-,-,-,2874.6000,2874.4000,2874.2000,2873.8000,2873.4000,2875.2000,2875.6000,2875.8000,2876.0000,2876.2000,2,10,1,1,1,2,1,4,2,1
SF,IH2009,2020-06-30 09:31:10.400,2875.2000,18278,-1,199946460.000,2,0,2,多平,S,2874.6000,2874.4000,2874.2000,2873.8000,2873.4000,2875.6000,2875.8000,2876.0000,2876.2000,2876.8000,10,10,1,1,1,1,4,2,1,2
SF,IH2009,2020-06-30 09:31:10.900,2875.6000,18277,-1,200809140.000,1,0,1,双平,S,2875.6000,2874.8000,2874.6000,2874.4000,2874.2000,2875.8000,2876.0000,2876.2000,2876.8000,2877.2000,4,1,10,10,1,4,2,1,2,1
SF,IH2009,2020-06-30 09:31:11.400,2875.8000,18274,-3,204260100.000,4,0,4,多平,S,2875.6000,2875.4000,2874.8000,2874.6000,2874.4000,2876.0000,2876.2000,2876.8000,2877.2000,2878.0000,4,1,1,10,10,2,1,2,1,5
SF,IH2009,2020-06-30 09:31:11.900,2874.8000,18273,-1,209435880.000,6,2,4,多平,S,2874.6000,2874.4000,2874.2000,2873.8000,2873.4000,2876.0000,2876.2000,2876.8000,2877.2000,2878.0000,10,10,1,1,1,2,1,2,1,6
SF,IH2009,2020-06-30 09:31:12.400,2876.0000,18272,-1,211161480.000,2,0,2,多平,S,2874.8000,2874.6000,2874.4000,2874.2000,2873.8000,2876.2000,2876.8000,2877.2000,2878.0000,2879.0000,2,9,10,1,1,1,2,1,6,2
SF,IH2009,2020-06-30 09:31:12.900,2876.0000,18272,0,211161480.000,0,-,-,-,-,2874.8000,2874.6000,2874.4000,2874.2000,2873.8000,2876.4000,2876.8000,2877.2000,2878.0000,2879.0000,2,9,10,1,1,1,2,1,6,2
SF,IH2009,2020-06-30 09:31:13.400,2876.0000,18272,0,211161480.000,0,-,-,-,-,2874.8000,2874.6000,2874.4000,2874.2000,2873.8000,2876.2000,2876.4000,2876.8000,2877.2000,2878.0000,3,9,10,1,1,1,1,2,1,6
SF,IH2009,2020-06-30 09:31:13.900,2876.0000,18272,0,211161480.000,0,-,-,-,-,2874.8000,2874.6000,2874.4000,2874.2000,2873.8000,2876.2000,2876.4000,2876.8000,2877.2000,2878.0000,3,9,10,1,1,1,1,2,1,6
SF,IH2009,2020-06-30 09:31:14.400,2876.0000,18272,0,211161480.000,0,-,-,-,-,2875.4000,2875.0000,2874.8000,2874.6000,2874.4000,2876.4000,2876.8000,2877.2000,2878.0000,2879.0000,7,1,3,9,10,1,2,1,6,2
SF,IH2009,2020-06-30 09:31:14.900,2876.0000,18272,0,211161480.000,0,-,-,-,-,2875.6000,2875.4000,2875.0000,2874.8000,2874.6000,2876.8000,2877.2000,2878.0000,2879.0000,2880.0000,2,7,1,2,9,2,1,6,2,3
SF,IH2009,2020-06-30 09:31:15.400,2876.0000,18272,0,211161480.000,0,-,-,-,-,2876.4000,2875.8000,2875.6000,2875.4000,2875.0000,2876.8000,2877.0000,2877.2000,2878.0000,2879.0000,1,7,5,7,1,1,1,1,6,2
SF,IH2009,2020-06-30 09:31:15.900,2876.0000,18272,0,211161480.000,0,-,-,-,-,2876.4000,2875.8000,2875.6000,2875.4000,2875.0000,2876.8000,2877.0000,2877.2000,2878.0000,2879.0000,1,7,1,7,1,1,1,1,6,2
SF,IH2009,2020-06-30 09:31:16.400,2876.0000,18272,0,211161480.000,0,-,-,-,-,2876.4000,2875.8000,2875.6000,2875.4000,2875.0000,2876.8000,2877.0000,2877.2000,2878.0000,2879.0000,1,7,1,7,1,1,1,1,6,2
SF,IH2009,2020-06-30 09:31:16.900,2876.0000,18272,0,211161480.000,0,-,-,-,-,2876.4000,2875.8000,2875.6000,2875.4000,2875.2000,2876.8000,2877.0000,2877.2000,2878.0000,2879.0000,1,7,1,7,1,1,1,1,6,2
SF,IH2009,2020-06-30 09:31:17.400,2876.8000,18270,-2,212887380.000,2,0,2,双平,S,2876.8000,2875.8000,2875.6000,2875.2000,2875.0000,2877.2000,2878.0000,2879.0000,2880.0000,2881.8000,6,7,1,1,1,1,6,2,3,1
SF,IH2009,2020-06-30 09:31:17.900,2876.8000,18268,-2,216339540.000,4,1,3,多平,S,2876.8000,2875.8000,2875.6000,2875.2000,2875.0000,2877.0000,2877.2000,2878.0000,2879.0000,2880.0000,2,7,1,1,1,2,1,6,2,3
SF,IH2009,2020-06-30 09:31:18.400,2876.8000,18266,-2,218065620.000,2,0,2,双平,S,2875.8000,2875.6000,2875.2000,2875.0000,2874.8000,2877.2000,2878.0000,2879.0000,2880.0000,2881.8000,7,1,1,1,1,1,6,2,3,1
SF,IH2009,2020-06-30 09:31:18.900,2876.8000,18266,0,218065620.000,0,-,-,-,-,2876.0000,2875.8000,2875.2000,2875.0000,2874.8000,2876.8000,2877.0000,2877.2000,2877.6000,2878.0000,2,7,1,1,1,1,3,1,1,6
SF,IH2009,2020-06-30 09:31:19.400,2877.0000,18265,-1,219791760.000,2,0,2,多平,S,2876.8000,2876.0000,2875.8000,2875.2000,2875.0000,2877.0000,2877.2000,2877.6000,2878.0000,2879.0000,7,2,7,1,1,2,1,1,6,2
SF,IH2009,2020-06-30 09:31:19.900,2876.8000,18258,-7,225833040.000,7,0,7,双平,S,2876.0000,2875.8000,2875.2000,2875.0000,2874.8000,2876.8000,2877.0000,2877.2000,2877.6000,2878.0000,1,7,1,1,1,3,2,1,1,6
SF,IH2009,2020-06-30 09:31:20.400,2876.8000,18258,0,225833040.000,0,-,-,-,-,2876.2000,2876.0000,2875.8000,2875.2000,2875.0000,2876.8000,2877.0000,2877.2000,2877.6000,2878.0000,1,1,7,1,1,1,1,1,1,6
SF,IH2009,2020-06-30 09:31:20.900,2876.8000,18257,-1,226696080.000,1,0,1,双平,S,2876.8000,2876.2000,2876.0000,2875.2000,2875.0000,2877.0000,2877.2000,2877.6000,2878.0000,2878.8000,6,2,1,1,1,1,1,1,6,1
SF,IH2009,2020-06-30 09:31:21.400,2876.8000,18257,0,227559120.000,1,0,1,多换,S,2876.8000,2876.2000,2876.0000,2875.2000,2875.0000,2877.2000,2877.6000,2878.0000,2878.8000,2879.0000,5,2,1,1,1,1,1,7,1,2
SF,IH2009,2020-06-30 09:31:21.900,2876.8000,18257,0,227559120.000,0,-,-,-,-,2876.8000,2876.0000,2875.2000,2875.0000,2874.8000,2877.0000,2877.2000,2877.6000,2878.0000,2878.8000,5,1,1,1,1,1,1,1,7,1
SF,IH2009,2020-06-30 09:31:22.400,2877.0000,18250,-7,236189880.000,10,1,9,多平,S,2877.0000,2876.8000,2876.0000,2875.2000,2875.0000,2877.2000,2877.6000,2878.0000,2878.8000,2879.0000,2,1,1,1,1,1,1,7,1,2
SF,IH2009,2020-06-30 09:31:22.900,2876.8000,18247,-3,238779120.000,3,0,3,双平,S,2876.0000,2875.2000,2875.0000,2874.8000,2874.0000,2877.2000,2877.6000,2878.0000,2878.8000,2879.0000,1,1,1,1,1,1,1,7,1,2
SF,IH2009,2020-06-30 09:31:23.400,2876.8000,18247,0,238779120.000,0,-,-,-,-,2876.2000,2876.0000,2875.2000,2875.0000,2874.8000,2877.2000,2877.6000,2878.0000,2878.8000,2879.0000,1,1,1,1,1,1,1,7,1,2
SF,IH2009,2020-06-30 09:31:23.900,2876.8000,18247,0,238779120.000,0,-,-,-,-,2877.0000,2876.4000,2876.2000,2875.2000,2875.0000,2877.2000,2877.6000,2878.0000,2878.8000,2879.0000,2,1,1,1,1,1,1,7,1,2
SF,IH2009,2020-06-30 09:31:24.400,2877.0000,18247,0,240505320.000,2,1,1,多换,S,2876.4000,2875.2000,2874.8000,2874.0000,2872.4000,2877.2000,2877.6000,2878.0000,2878.8000,2879.0000,1,1,1,1,1,1,1,7,1,2
SF,IH2009,2020-06-30 09:31:24.900,2877.0000,18247,0,240505320.000,0,-,-,-,-,2876.4000,2875.2000,2874.8000,2874.0000,2872.4000,2877.2000,2877.6000,2878.0000,2878.8000,2879.0000,1,1,1,1,1,1,1,7,1,2
SF,IH2009,2020-06-30 09:31:25.400,2877.0000,18247,0,240505320.000,0,-,-,-,-,2876.4000,2875.2000,2874.0000,2872.4000,2872.0000,2877.2000,2877.6000,2878.0000,2878.8000,2879.0000,1,1,1,1,2,1,2,7,1,2
SF,IH2009,2020-06-30 09:31:25.900,2877.2000,18246,-1,241368480.000,1,0,1,双平,S,2876.4000,2875.2000,2874.0000,2872.4000,2872.0000,2877.0000,2877.6000,2878.0000,2878.6000,2878.8000,1,1,1,1,2,12,2,7,1,1
SF,IH2009,2020-06-30 09:31:26.400,2877.0000,18246,0,242231580.000,1,0,1,多换,S,2876.4000,2875.2000,2874.0000,2872.4000,2872.0000,2877.0000,2877.6000,2878.0000,2878.6000,2878.8000,1,1,1,1,2,11,2,7,1,1
SF,IH2009,2020-06-30 09:31:26.900,2877.0000,18246,0,243094680.000,1,0,1,多换,S,2876.4000,2875.2000,2874.0000,2872.4000,2872.0000,2877.0000,2877.6000,2878.0000,2878.6000,2878.8000,1,1,1,1,2,10,2,7,1,1
SF,IH2009,2020-06-30 09:31:27.400,2877.0000,18244,-2,244820880.000,2,0,2,双平,S,2876.4000,2875.2000,2874.0000,2872.4000,2872.0000,2877.0000,2877.6000,2878.0000,2878.6000,2878.8000,2,1,1,1,2,8,2,7,1,1
SF,IH2009,2020-06-30 09:31:27.900,2877.0000,18242,-2,246547080.000,2,0,2,双平,S,2876.6000,2876.4000,2875.2000,2874.0000,2872.4000,2877.0000,2877.6000,2878.0000,2878.6000,2878.8000,3,2,1,1,1,6,2,7,1,1
SF,IH2009,2020-06-30 09:31:28.400,2877.0000,18236,-6,251725680.000,6,0,6,双平,S,2876.6000,2876.4000,2875.2000,2874.0000,2872.4000,2877.6000,2878.0000,2878.6000,2878.8000,2879.0000,3,2,1,1,1,2,7,1,1,2
SF,IH2009,2020-06-30 09:31:28.900,2877.0000,18236,0,251725680.000,0,-,-,-,-,2876.8000,2876.6000,2876.4000,2875.2000,2874.0000,2877.6000,2878.0000,2878.6000,2878.8000,2879.0000,1,3,1,1,1,2,7,1,2,2
SF,IH2009,2020-06-30 09:31:29.900,2877.0000,18236,0,251725680.000,0,-,-,-,-,2876.8000,2876.6000,2876.4000,2875.2000,2874.0000,2877.6000,2878.0000,2878.6000,2878.8000,2879.0000,6,3,1,1,1,2,7,1,2,2
SF,IH2009,2020-06-30 09:31:30.400,2877.6000,18236,0,252588960.000,1,0,1,多换,S,2876.8000,2876.6000,2876.4000,2875.2000,2874.0000,2878.0000,2878.6000,2878.8000,2879.0000,2879.2000,6,3,1,1,1,7,1,2,2,1
SF,IH2009,2020-06-30 09:31:30.900,2877.6000,18236,0,252588960.000,0,-,-,-,-,2876.8000,2876.6000,2876.4000,2875.2000,2874.0000,2877.4000,2877.8000,2878.0000,2878.6000,2878.8000,6,3,1,1,1,1,1,7,1,2
SF,IH2009,2020-06-30 09:31:31.400,2877.6000,18236,0,253452240.000,1,0,1,多换,S,2877.6000,2876.8000,2876.6000,2876.4000,2875.2000,2877.8000,2878.0000,2878.6000,2878.8000,2879.0000,1,6,3,1,1,1,7,1,2,2
SF,IH2009,2020-06-30 09:31:31.900,2877.6000,18236,0,254315520.000,1,0,1,多换,S,2877.0000,2876.8000,2876.6000,2876.4000,2875.2000,2877.6000,2877.8000,2878.0000,2878.6000,2878.8000,1,6,3,1,1,2,1,7,1,2
SF,IH2009,2020-06-30 09:31:32.400,2877.6000,18236,0,254315520.000,0,-,-,-,-,2877.0000,2876.8000,2876.6000,2876.4000,2875.2000,2877.6000,2877.8000,2878.0000,2878.6000,2878.8000,1,6,3,1,1,1,1,7,1,2
SF,IH2009,2020-06-30 09:31:33.400,2877.6000,18236,0,254315520.000,0,-,-,-,-,2877.0000,2876.8000,2876.6000,2876.4000,2875.2000,2877.2000,2877.6000,2877.8000,2878.0000,2878.6000,1,6,3,1,1,1,2,1,7,1
SF,IH2009,2020-06-30 09:31:33.900,2877.2000,18235,-1,255178680.000,1,0,1,双平,S,2877.0000,2876.8000,2876.4000,2875.2000,2874.0000,2877.6000,2877.8000,2878.0000,2878.6000,2878.8000,1,6,1,1,1,2,1,7,1,2
SF,IH2009,2020-06-30 09:31:34.400,2877.2000,18235,0,255178680.000,0,-,-,-,-,2877.2000,2877.0000,2876.8000,2876.4000,2875.2000,2877.6000,2877.8000,2878.0000,2878.6000,2878.8000,4,1,6,1,1,2,1,7,1,2
SF,IH2009,2020-06-30 09:31:34.900,2877.0000,18234,-1,258631260.000,4,1,3,多平,S,2876.8000,2876.4000,2874.0000,2872.4000,2872.0000,2877.0000,2877.6000,2877.8000,2878.0000,2878.6000,6,1,1,1,2,1,2,1,7,1
SF,IH2009,2020-06-30 09:31:35.400,2877.0000,18233,-1,259494360.000,1,0,1,双平,S,2876.8000,2876.4000,2874.0000,2872.4000,2872.0000,2877.6000,2877.8000,2878.0000,2878.6000,2878.8000,5,1,1,1,2,2,1,7,1,2
SF,IH2009,2020-06-30 09:31:35.900,2877.0000,18230,-3,262947300.000,4,0,4,多平,S,2876.8000,2876.4000,2874.0000,2872.4000,2872.0000,2877.0000,2877.8000,2878.0000,2878.6000,2878.8000,5,1,1,1,2,3,3,7,1,2
SF,IH2009,2020-06-30 09:31:36.400,2877.0000,18230,0,262947300.000,0,-,-,-,-,2876.8000,2876.4000,2874.0000,2872.4000,2872.0000,2877.0000,2877.8000,2878.0000,2878.6000,2878.8000,5,1,1,1,2,3,3,7,1,2
SF,IH2009,2020-06-30 09:31:37.400,2876.8000,18230,0,264673380.000,2,1,1,多换,S,2876.8000,2876.4000,2874.0000,2872.4000,2872.0000,2877.0000,2877.8000,2878.0000,2878.6000,2878.8000,3,1,1,1,2,3,3,7,1,2
SF,IH2009,2020-06-30 09:31:37.900,2876.8000,18230,0,268125600.000,4,2,2,多换,S,2876.4000,2874.0000,2872.4000,2872.0000,2871.8000,2876.8000,2877.0000,2877.8000,2878.0000,2878.6000,1,1,1,2,1,1,2,3,8,1
SF,IH2009,2020-06-30 09:31:38.400,2876.8000,18230,0,268125600.000,0,-,-,-,-,2876.4000,2874.0000,2872.4000,2872.0000,2871.8000,2876.8000,2877.0000,2877.8000,2878.0000,2878.6000,1,1,1,2,1,1,2,3,8,1
SF,IH2009,2020-06-30 09:31:38.900,2876.8000,18230,0,268125600.000,0,-,-,-,-,2876.4000,2874.0000,2872.4000,2872.0000,2871.8000,2877.0000,2877.8000,2878.0000,2878.6000,2878.8000,1,1,1,2,1,2,3,8,1,2
SF,IH2009,2020-06-30 09:31:39.400,2876.8000,18230,0,268125600.000,0,-,-,-,-,2876.4000,2874.0000,2872.4000,2872.0000,2871.8000,2877.0000,2877.8000,2878.0000,2878.6000,2878.8000,1,1,1,2,1,2,3,8,1,2
SF,IH2009,2020-06-30 09:31:39.900,2876.4000,18230,0,268988520.000,1,0,1,多换,S,2874.0000,2872.4000,2872.0000,2871.8000,2871.4000,2876.8000,2877.0000,2877.8000,2878.0000,2878.6000,1,1,2,1,1,1,2,2,8,1
SF,IH2009,2020-06-30 09:31:40.400,2876.4000,18230,0,268988520.000,0,-,-,-,-,2874.2000,2874.0000,2872.4000,2872.0000,2871.8000,2876.4000,2876.6000,2876.8000,2877.0000,2877.8000,2,1,1,2,1,1,2,21,2,2
SF,IH2009,2020-06-30 09:31:40.900,2876.4000,18230,0,268988520.000,0,-,-,-,-,2874.4000,2874.2000,2874.0000,2872.4000,2872.0000,2876.2000,2876.6000,2876.8000,2877.0000,2877.8000,1,10,1,1,2,2,1,20,2,2
SF,IH2009,2020-06-30 09:31:41.400,2876.4000,18230,0,268988520.000,0,-,-,-,-,2874.6000,2874.0000,2872.4000,2872.0000,2871.8000,2876.2000,2876.4000,2876.8000,2877.0000,2877.8000,6,1,1,2,1,1,1,20,2,2
SF,IH2009,2020-06-30 09:31:41.900,2876.4000,18230,0,268988520.000,0,-,-,-,-,2874.8000,2874.6000,2874.0000,2872.4000,2872.0000,2876.2000,2876.8000,2877.0000,2877.8000,2878.0000,1,3,1,1,2,1,20,2,2,8
SF,IH2009,2020-06-30 09:31:42.400,2876.4000,18230,0,268988520.000,0,-,-,-,-,2875.0000,2874.8000,2874.6000,2874.0000,2872.4000,2876.2000,2876.8000,2877.0000,2877.8000,2878.0000,2,1,1,1,1,1,20,2,2,8
SF,IH2009,2020-06-30 09:31:43.900,2876.4000,18230,0,268988520.000,0,-,-,-,-,2875.0000,2874.8000,2874.6000,2874.0000,2872.4000,2876.2000,2876.4000,2876.8000,2877.0000,2877.8000,2,1,1,1,1,1,1,20,2,2
SF,IH2009,2020-06-30 09:31:44.400,2876.4000,18230,0,268988520.000,0,-,-,-,-,2875.0000,2874.8000,2874.6000,2874.0000,2872.4000,2876.2000,2876.8000,2877.0000,2877.8000,2878.0000,2,1,1,1,1,1,20,2,2,7
SF,IH2009,2020-06-30 09:31:44.900,2876.4000,18230,0,268988520.000,0,-,-,-,-,2875.0000,2874.8000,2874.6000,2874.0000,2872.4000,2876.2000,2876.8000,2877.0000,2877.8000,2878.0000,2,1,1,1,1,1,20,2,3,7
SF,IH2009,2020-06-30 09:31:45.400,2876.4000,18230,0,268988520.000,0,-,-,-,-,2875.0000,2874.8000,2874.6000,2874.4000,2874.0000,2876.0000,2876.2000,2877.0000,2877.8000,2878.0000,2,1,1,1,1,20,1,2,3,7
SF,IH2009,2020-06-30 09:31:46.400,2876.4000,18230,0,268988520.000,0,-,-,-,-,2875.0000,2874.8000,2874.6000,2874.4000,2874.0000,2876.0000,2876.2000,2877.0000,2877.8000,2878.0000,1,1,1,1,1,20,1,2,3,7
SF,IH2009,2020-06-30 09:31:46.900,2876.4000,18230,0,268988520.000,0,-,-,-,-,2875.0000,2874.8000,2874.6000,2874.4000,2874.0000,2875.8000,2876.0000,2877.0000,2877.8000,2878.0000,1,1,1,1,1,1,20,2,3,7
SF,IH2009,2020-06-30 09:31:47.400,2876.4000,18230,0,268988520.000,0,-,-,-,-,2875.0000,2874.8000,2874.4000,2874.0000,2872.4000,2875.6000,2876.0000,2877.0000,2877.8000,2878.0000,4,1,1,1,1,1,20,2,3,7
SF,IH2009,2020-06-30 09:31:47.900,2875.6000,18229,-1,269851200.000,1,0,1,双平,S,2875.0000,2874.8000,2874.4000,2874.0000,2872.4000,2876.0000,2877.0000,2877.8000,2878.0000,2878.8000,4,1,1,1,1,20,2,3,6,1
SF,IH2009,2020-06-30 09:31:48.400,2875.6000,18229,0,269851200.000,0,-,-,-,-,2875.0000,2874.8000,2874.4000,2874.0000,2872.4000,2876.0000,2877.0000,2877.8000,2878.0000,2878.8000,1,1,1,1,1,20,2,3,6,1
SF,IH2009,2020-06-30 09:31:48.900,2875.6000,18229,0,269851200.000,0,-,-,-,-,2875.2000,2875.0000,2874.8000,2874.4000,2874.0000,2875.8000,2876.0000,2877.0000,2877.8000,2878.0000,1,1,1,1,1,1,20,2,3,6
SF,IH2009,2020-06-30 09:31:49.400,2875.0000,18227,-2,271576260.000,2,0,2,双平,S,2874.8000,2874.4000,2874.0000,2872.4000,2872.0000,2875.0000,2875.8000,2876.0000,2877.0000,2877.8000,1,1,1,1,2,2,1,20,2,3
SF,IH2009,2020-06-30 09:31:49.900,2875.0000,18227,0,271576260.000,0,-,-,-,-,2874.8000,2874.4000,2874.0000,2872.4000,2872.0000,2875.0000,2875.2000,2875.8000,2876.0000,2877.0000,1,1,1,1,2,2,1,1,20,2
SF,IH2009,2020-06-30 09:31:50.400,2874.8000,18226,-1,272438700.000,1,0,1,双平,S,2874.4000,2874.0000,2872.4000,2872.0000,2871.8000,2875.0000,2875.2000,2875.8000,2876.0000,2877.0000,1,1,1,2,1,2,1,1,21,2
SF,IH2009,2020-06-30 09:31:50.900,2874.8000,18226,0,272438700.000,0,-,-,-,-,2874.6000,2874.4000,2874.0000,2872.4000,2872.0000,2875.0000,2875.2000,2875.8000,2876.0000,2876.6000,3,1,1,1,2,2,1,1,21,1
SF,IH2009,2020-06-30 09:31:51.900,2874.8000,18226,0,272438700.000,0,-,-,-,-,2874.8000,2874.6000,2874.4000,2874.0000,2872.4000,2875.0000,2875.2000,2875.8000,2876.0000,2876.6000,1,3,1,1,1,2,1,1,21,1
SF,IH2009,2020-06-30 09:31:52.400,2874.8000,18225,-1,273301140.000,1,0,1,双平,S,2874.6000,2874.4000,2874.0000,2872.4000,2872.0000,2875.0000,2875.2000,2875.8000,2876.0000,2876.6000,3,1,1,1,2,2,1,1,21,1
SF,IH2009,2020-06-30 09:31:52.900,2874.8000,18225,0,273301140.000,0,-,-,-,-,2874.6000,2874.4000,2874.0000,2872.4000,2872.0000,2875.0000,2875.2000,2875.8000,2876.0000,2876.6000,3,1,1,2,2,2,1,1,21,1
SF,IH2009,2020-06-30 09:31:53.400,2874.8000,18225,0,273301140.000,0,-,-,-,-,2874.4000,2874.0000,2872.4000,2872.0000,2871.8000,2875.0000,2875.2000,2875.8000,2876.0000,2876.6000,1,1,2,2,1,2,1,1,21,1
SF,IH2009,2020-06-30 09:31:53.900,2874.8000,18225,0,273301140.000,0,-,-,-,-,2874.4000,2874.0000,2872.4000,2872.0000,2871.8000,2875.0000,2875.2000,2875.8000,2876.0000,2876.6000,1,1,2,2,1,2,1,1,21,1
SF,IH2009,2020-06-30 09:31:55.400,2874.4000,18225,0,274163460.000,1,0,1,多换,S,2874.0000,2872.4000,2872.0000,2871.8000,2871.2000,2875.0000,2875.2000,2875.8000,2876.0000,2876.6000,1,2,2,1,1,2,1,1,21,1
SF,IH2009,2020-06-30 09:31:55.900,2874.4000,18225,0,274163460.000,0,-,-,-,-,2874.0000,2872.4000,2872.0000,2871.8000,2871.2000,2874.8000,2875.0000,2875.2000,2876.0000,2876.6000,1,2,2,1,1,1,2,1,22,1
SF,IH2009,2020-06-30 09:31:56.400,2874.8000,18225,0,275025900.000,1,0,1,多换,S,2874.8000,2874.0000,2872.4000,2872.0000,2871.8000,2875.0000,2875.2000,2876.0000,2876.6000,2876.8000,2,1,2,2,1,2,1,22,1,1
SF,IH2009,2020-06-30 09:31:56.900,2874.8000,18225,0,277613220.000,3,1,2,多换,S,2874.0000,2872.4000,2872.0000,2871.8000,2871.2000,2874.8000,2875.0000,2875.2000,2876.0000,2876.6000,1,2,2,1,1,1,2,1,22,1
SF,IH2009,2020-06-30 09:31:57.400,2874.8000,18225,0,277613220.000,0,-,-,-,-,2874.8000,2874.0000,2872.4000,2872.0000,2871.8000,2875.0000,2875.2000,2876.0000,2876.6000,2876.8000,1,1,2,2,1,2,1,22,1,1
SF,IH2009,2020-06-30 09:31:57.900,2874.8000,18224,-1,278475660.000,1,0,1,双平,S,2874.0000,2872.4000,2872.0000,2871.8000,2871.2000,2874.8000,2875.0000,2875.2000,2876.0000,2876.6000,1,2,2,1,1,2,2,1,22,1
SF,IH2009,2020-06-30 09:31:58.400,2874.8000,18224,0,278475660.000,0,-,-,-,-,2874.0000,2872.4000,2872.0000,2871.8000,2871.2000,2874.8000,2875.0000,2875.2000,2876.0000,2876.6000,1,2,2,1,1,2,2,1,22,1
SF,IH2009,2020-06-30 09:31:58.900,2875.0000,18222,-2,280200660.000,2,0,2,双平,S,2874.8000,2874.6000,2874.4000,2874.2000,2874.0000,2875.2000,2876.0000,2876.6000,2876.8000,2877.0000,1,3,1,1,1,1,22,1,1,3
SF,IH2009,2020-06-30 09:31:59.400,2875.0000,18221,-1,281063160.000,1,0,1,双平,S,2874.6000,2874.4000,2874.0000,2872.4000,2872.0000,2875.2000,2876.0000,2876.6000,2876.8000,2877.0000,3,1,1,2,2,1,22,1,1,3
SF,IH2009,2020-06-30 09:32:00.400,2875.2000,18220,-1,281925720.000,1,0,1,双平,S,2874.6000,2874.4000,2874.2000,2874.0000,2872.4000,2876.0000,2876.6000,2876.8000,2877.0000,2877.2000,3,1,1,1,2,22,1,1,3,1
SF,IH2009,2020-06-30 09:32:00.900,2875.2000,18220,0,281925720.000,0,-,-,-,-,2874.8000,2874.6000,2874.2000,2874.0000,2872.4000,2875.8000,2876.0000,2876.6000,2876.8000,2877.0000,1,3,1,1,2,1,22,1,1,3
SF,IH2009,2020-06-30 09:32:01.400,2875.2000,18220,0,281925720.000,0,-,-,-,-,2874.8000,2874.6000,2874.2000,2874.0000,2872.4000,2875.8000,2876.0000,2876.6000,2876.8000,2877.0000,1,3,1,1,2,2,22,1,1,3
SF,IH2009,2020-06-30 09:32:01.900,2875.2000,18220,0,281925720.000,0,-,-,-,-,2874.8000,2874.2000,2874.0000,2872.4000,2872.0000,2875.8000,2876.0000,2876.6000,2876.8000,2877.0000,1,1,1,2,2,1,22,1,1,3
SF,IH2009,2020-06-30 09:32:02.400,2875.2000,18220,0,281925720.000,0,-,-,-,-,2875.2000,2875.0000,2874.2000,2874.0000,2872.4000,2875.8000,2876.0000,2876.6000,2876.8000,2877.0000,1,1,1,1,2,1,22,1,1,3
SF,IH2009,2020-06-30 09:32:02.900,2875.2000,18220,0,281925720.000,0,-,-,-,-,2875.2000,2875.0000,2874.2000,2874.0000,2872.4000,2875.8000,2876.0000,2876.6000,2876.8000,2877.0000,4,1,1,1,2,1,22,1,1,3
SF,IH2009,2020-06-30 09:32:03.400,2875.8000,18219,-1,282788460.000,1,0,1,双平,S,2875.2000,2875.0000,2874.2000,2874.0000,2872.4000,2876.0000,2876.6000,2876.8000,2877.0000,2877.2000,1,1,1,1,2,22,1,1,3,1
SF,IH2009,2020-06-30 09:32:03.900,2875.8000,18219,0,282788460.000,0,-,-,-,-,2875.6000,2875.0000,2874.2000,2874.0000,2872.4000,2876.0000,2876.6000,2876.8000,2877.0000,2877.2000,4,1,1,1,2,22,1,1,3,1
SF,IH2009,2020-06-30 09:32:04.400,2875.8000,18219,0,282788460.000,0,-,-,-,-,2875.6000,2875.0000,2874.2000,2874.0000,2872.4000,2876.0000,2876.6000,2876.8000,2877.0000,2877.2000,4,1,1,1,2,21,1,1,3,1
SF,IH2009,2020-06-30 09:32:04.900,2876.0000,18220,1,286239660.000,4,2,2,空开,S,2875.0000,2874.2000,2874.0000,2872.4000,2872.0000,2876.0000,2876.6000,2876.8000,2877.0000,2877.2000,1,1,1,2,2,17,1,1,3,1
SF,IH2009,2020-06-30 09:32:05.400,2876.0000,18220,0,289690860.000,4,2,2,多换,S,2875.8000,2875.4000,2875.2000,2875.0000,2874.2000,2876.0000,2876.6000,2877.0000,2877.2000,2877.8000,2,1,1,3,1,13,1,3,1,2
SF,IH2009,2020-06-30 09:32:05.900,2875.8000,18219,-1,298318800.000,10,4,6,多平,S,2875.8000,2875.0000,2874.2000,2874.0000,2872.4000,2876.0000,2876.6000,2877.0000,2877.2000,2877.8000,1,3,1,1,2,4,1,3,1,2
SF,IH2009,2020-06-30 09:32:06.400,2876.2000,18217,-2,302632860.000,5,1,4,多平,S,2876.4000,2876.0000,2875.8000,2875.0000,2874.2000,2876.6000,2877.0000,2877.2000,2877.8000,2878.0000,1,3,1,3,1,1,3,1,3,7
SF,IH2009,2020-06-30 09:32:06.900,2876.2000,18217,0,302632860.000,0,-,-,-,-,2876.0000,2875.0000,2874.2000,2874.0000,2872.4000,2877.0000,2877.2000,2877.8000,2878.0000,2878.8000,5,1,1,1,2,3,1,3,7,1
SF,IH2009,2020-06-30 09:32:07.400,2876.4000,18217,0,303495780.000,1,0,1,多换,S,2876.0000,2875.6000,2875.0000,2874.2000,2874.0000,2876.8000,2877.0000,2877.2000,2877.6000,2877.8000,5,1,1,1,1,1,3,1,1,3
SF,IH2009,2020-06-30 09:32:07.900,2876.4000,18217,0,304358700.000,1,0,1,多换,S,2876.0000,2875.6000,2875.0000,2874.2000,2874.0000,2876.8000,2877.0000,2877.2000,2877.6000,2877.8000,5,1,1,1,1,1,3,1,1,2
SF,IH2009,2020-06-30 09:32:08.400,2876.4000,18217,0,304358700.000,0,-,-,-,-,2876.2000,2876.0000,2875.6000,2875.0000,2874.2000,2876.8000,2877.0000,2877.2000,2877.6000,2877.8000,1,4,1,1,1,1,3,1,1,2
SF,IH2009,2020-06-30 09:32:08.900,2876.4000,18217,0,304358700.000,0,-,-,-,-,2876.2000,2876.0000,2875.6000,2875.0000,2874.2000,2877.0000,2877.2000,2877.6000,2877.8000,2878.0000,1,4,1,1,1,3,1,1,2,7
SF,IH2009,2020-06-30 09:32:09.400,2876.4000,18217,0,304358700.000,0,-,-,-,-,2876.2000,2876.0000,2875.6000,2875.0000,2874.4000,2876.8000,2877.0000,2877.2000,2877.6000,2877.8000,1,4,1,1,1,1,3,1,1,2
SF,IH2009,2020-06-30 09:32:10.400,2876.8000,18216,-1,305221740.000,1,0,1,双平,S,2876.8000,2876.2000,2876.0000,2875.6000,2875.0000,2877.0000,2877.2000,2877.6000,2877.8000,2878.0000,1,1,4,1,1,3,1,1,2,7
SF,IH2009,2020-06-30 09:32:10.900,2876.8000,18216,0,306084780.000,1,0,1,多换,S,2876.2000,2876.0000,2875.6000,2875.0000,2874.4000,2876.8000,2877.0000,2877.2000,2877.6000,2877.8000,1,4,1,1,1,3,3,1,1,2
SF,IH2009,2020-06-30 09:32:11.400,2876.8000,18216,0,306084780.000,0,-,-,-,-,2876.2000,2876.0000,2875.6000,2875.0000,2874.4000,2876.8000,2877.0000,2877.2000,2877.6000,2877.8000,1,4,1,1,1,1,3,1,1,2
SF,IH2009,2020-06-30 09:32:11.900,2876.8000,18216,0,306084780.000,0,-,-,-,-,2876.4000,2876.2000,2876.0000,2875.6000,2874.4000,2876.8000,2877.0000,2877.2000,2877.6000,2877.8000,1,1,4,1,1,1,3,1,1,2
SF,IH2009,2020-06-30 09:32:12.400,2876.8000,18216,0,306084780.000,0,-,-,-,-,2876.4000,2876.2000,2876.0000,2875.6000,2874.4000,2876.8000,2877.0000,2877.2000,2877.6000,2877.8000,1,1,4,1,1,1,3,1,1,2
SF,IH2009,2020-06-30 09:32:12.900,2876.8000,18215,-1,306947820.000,1,0,1,双平,S,2876.4000,2876.0000,2875.6000,2874.4000,2874.2000,2877.0000,2877.2000,2877.6000,2877.8000,2878.0000,1,4,1,1,1,3,1,1,2,7
SF,IH2009,2020-06-30 09:32:13.400,2876.8000,18215,0,306947820.000,0,-,-,-,-,2876.4000,2876.0000,2875.6000,2875.0000,2874.4000,2877.0000,2877.2000,2877.6000,2877.8000,2878.0000,1,4,1,1,1,3,1,1,2,7
SF,IH2009,2020-06-30 09:32:15.400,2877.0000,18215,0,307810920.000,1,0,1,多换,S,2876.4000,2876.0000,2875.6000,2875.0000,2874.4000,2877.0000,2877.2000,2877.6000,2877.8000,2878.0000,1,4,1,1,1,2,1,1,2,7
SF,IH2009,2020-06-30 09:32:16.400,2877.0000,18215,0,307810920.000,0,-,-,-,-,2876.4000,2876.0000,2875.6000,2875.0000,2874.4000,2877.0000,2877.2000,2877.6000,2877.8000,2878.0000,1,4,1,1,1,2,1,1,2,7
SF,IH2009,2020-06-30 09:32:17.400,2877.0000,18215,0,308674020.000,1,0,1,多换,S,2876.4000,2876.0000,2875.6000,2875.0000,2874.4000,2877.0000,2877.2000,2877.6000,2877.8000,2878.0000,1,4,1,1,1,1,1,1,2,7
SF,IH2009,2020-06-30 09:32:17.900,2876.6000,18214,-1,309537000.000,1,0,1,双平,S,2876.4000,2876.0000,2875.6000,2875.0000,2874.4000,2877.0000,2877.2000,2877.6000,2877.8000,2878.0000,1,4,1,1,1,1,1,1,2,7
SF,IH2009,2020-06-30 09:32:18.900,2876.4000,18214,0,310399920.000,1,0,1,多换,S,2876.0000,2875.6000,2875.0000,2874.4000,2874.2000,2877.0000,2877.2000,2877.6000,2877.8000,2878.0000,4,1,1,1,1,1,1,1,2,7
SF,IH2009,2020-06-30 09:32:19.400,2876.4000,18214,0,310399920.000,0,-,-,-,-,2876.2000,2876.0000,2875.6000,2875.0000,2874.4000,2877.0000,2877.2000,2877.6000,2877.8000,2878.0000,1,4,1,1,1,1,1,1,2,7
SF,IH2009,2020-06-30 09:32:20.400,2876.4000,18214,0,310399920.000,0,-,-,-,-,2876.2000,2876.0000,2875.6000,2875.0000,2874.4000,2877.0000,2877.2000,2877.6000,2877.8000,2878.0000,1,4,1,1,1,1,1,1,2,7
SF,IH2009,2020-06-30 09:32:20.900,2876.4000,18214,0,310399920.000,0,-,-,-,-,2876.0000,2875.6000,2875.0000,2874.4000,2874.2000,2877.0000,2877.2000,2877.6000,2877.8000,2878.0000,4,1,1,1,1,1,1,1,2,7
SF,IH2009,2020-06-30 09:32:21.400,2876.4000,18214,0,310399920.000,0,-,-,-,-,2876.2000,2876.0000,2875.6000,2875.0000,2874.4000,2877.0000,2877.2000,2877.6000,2877.8000,2878.0000,1,4,1,1,1,1,1,1,2,7
SF,IH2009,2020-06-30 09:32:21.900,2876.4000,18214,0,310399920.000,0,-,-,-,-,2876.2000,2876.0000,2875.6000,2875.0000,2874.4000,2877.0000,2877.2000,2877.6000,2877.8000,2878.0000,1,4,1,1,1,1,1,1,2,7
SF,IH2009,2020-06-30 09:32:23.400,2876.2000,18213,-1,311262780.000,1,0,1,双平,S,2876.0000,2875.6000,2875.0000,2874.4000,2874.2000,2877.0000,2877.2000,2877.6000,2877.8000,2878.0000,4,1,1,1,1,1,1,1,2,7
SF,IH2009,2020-06-30 09:32:23.900,2876.2000,18213,0,311262780.000,0,-,-,-,-,2876.0000,2875.6000,2875.0000,2874.4000,2874.2000,2876.8000,2877.0000,2877.2000,2877.6000,2877.8000,4,1,1,1,1,1,1,1,1,2
SF,IH2009,2020-06-30 09:32:24.400,2876.2000,18213,0,311262780.000,0,-,-,-,-,2876.0000,2875.6000,2875.0000,2874.4000,2874.2000,2876.8000,2877.0000,2877.2000,2877.6000,2877.8000,4,1,1,1,1,1,1,1,1,1
SF,IH2009,2020-06-30 09:32:24.900,2876.2000,18213,0,311262780.000,0,-,-,-,-,2876.0000,2875.6000,2875.0000,2874.4000,2874.2000,2876.2000,2876.8000,2877.0000,2877.2000,2877.6000,4,1,1,1,1,1,1,1,1,1
SF,IH2009,2020-06-30 09:32:25.400,2876.2000,18212,-1,312125640.000,1,0,1,双平,S,2876.0000,2875.6000,2875.0000,2874.4000,2874.2000,2876.8000,2877.0000,2877.2000,2877.6000,2877.8000,3,1,1,1,1,1,1,1,1,1
SF,IH2009,2020-06-30 09:32:25.900,2876.2000,18212,0,312125640.000,0,-,-,-,-,2876.0000,2875.6000,2875.0000,2874.4000,2874.2000,2876.8000,2877.0000,2877.2000,2877.6000,2877.8000,3,1,1,2,1,1,1,1,1,1
SF,IH2009,2020-06-30 09:32:27.400,2876.0000,18211,-1,312988440.000,1,0,1,双平,S,2876.0000,2875.6000,2875.0000,2874.4000,2874.2000,2876.8000,2877.0000,2877.2000,2877.4000,2877.6000,2,1,1,2,1,2,1,1,1,1
SF,IH2009,2020-06-30 09:32:27.900,2876.0000,18211,0,312988440.000,0,-,-,-,-,2876.0000,2875.6000,2875.0000,2874.4000,2874.2000,2876.8000,2877.0000,2877.2000,2877.4000,2877.6000,2,1,1,2,1,2,1,1,1,1
SF,IH2009,2020-06-30 09:32:28.400,2876.0000,18211,0,312988440.000,0,-,-,-,-,2876.0000,2875.6000,2875.0000,2874.4000,2874.2000,2876.8000,2877.0000,2877.2000,2877.4000,2877.6000,2,1,1,2,1,2,3,1,1,1
SF,IH2009,2020-06-30 09:32:28.900,2876.0000,18211,0,312988440.000,0,-,-,-,-,2876.0000,2875.6000,2875.0000,2874.4000,2874.2000,2876.8000,2877.0000,2877.2000,2877.4000,2877.6000,2,1,1,2,1,2,3,1,1,1
SF,IH2009,2020-06-30 09:32:29.400,2876.0000,18210,-1,314714040.000,2,0,2,多平,S,2876.2000,2875.6000,2875.0000,2874.4000,2874.2000,2876.8000,2877.0000,2877.2000,2877.4000,2877.6000,1,1,1,2,1,2,3,1,1,1
SF,IH2009,2020-06-30 09:32:29.900,2876.0000,18209,-1,315576840.000,1,0,1,双平,S,2875.6000,2875.0000,2874.4000,2874.2000,2874.0000,2876.2000,2876.8000,2877.0000,2877.2000,2877.4000,1,1,2,1,1,1,2,3,1,1
SF,IH2009,2020-06-30 09:32:30.400,2876.0000,18209,0,315576840.000,0,-,-,-,-,2875.8000,2875.6000,2875.0000,2874.4000,2874.0000,2876.8000,2877.0000,2877.2000,2877.4000,2877.6000,1,1,1,2,1,2,3,1,1,1
SF,IH2009,2020-06-30 09:32:30.900,2876.0000,18209,0,315576840.000,0,-,-,-,-,2875.8000,2875.6000,2875.0000,2874.4000,2874.0000,2876.8000,2877.0000,2877.2000,2877.4000,2877.6000,1,1,1,2,1,2,3,1,1,1
SF,IH2009,2020-06-30 09:32:31.900,2876.0000,18209,0,315576840.000,0,-,-,-,-,2875.8000,2875.6000,2875.0000,2874.4000,2874.0000,2876.8000,2877.0000,2877.2000,2877.4000,2877.6000,1,1,1,2,1,2,3,1,1,1
SF,IH2009,2020-06-30 09:32:32.400,2875.8000,18207,-2,317302620.000,2,0,2,双平,S,2875.6000,2875.0000,2874.4000,2874.0000,2872.4000,2876.8000,2877.0000,2877.2000,2877.4000,2877.6000,1,1,2,1,2,1,3,1,1,1
SF,IH2009,2020-06-30 09:32:32.900,2875.8000,18207,0,317302620.000,0,-,-,-,-,2875.8000,2875.6000,2875.0000,2874.4000,2874.0000,2876.6000,2876.8000,2877.0000,2877.2000,2877.4000,2,1,1,2,1,1,1,3,1,1
SF,IH2009,2020-06-30 09:32:33.900,2875.8000,18207,0,317302620.000,0,-,-,-,-,2875.8000,2875.6000,2875.0000,2874.4000,2874.0000,2876.6000,2876.8000,2877.0000,2877.2000,2877.4000,1,1,1,2,1,1,1,3,1,1
SF,IH2009,2020-06-30 09:32:34.400,2875.8000,18207,0,317302620.000,0,-,-,-,-,2875.6000,2875.0000,2874.4000,2874.0000,2872.4000,2876.6000,2876.8000,2877.0000,2877.2000,2877.4000,1,1,2,1,2,1,1,3,1,1
SF,IH2009,2020-06-30 09:32:34.900,2875.8000,18207,0,317302620.000,0,-,-,-,-,2875.0000,2874.4000,2874.0000,2872.4000,2872.0000,2876.6000,2876.8000,2877.0000,2877.2000,2877.4000,1,2,1,2,2,1,1,3,1,1
SF,IH2009,2020-06-30 09:32:35.400,2875.8000,18207,0,317302620.000,0,-,-,-,-,2875.2000,2875.0000,2874.4000,2874.0000,2873.6000,2876.6000,2876.8000,2877.0000,2877.2000,2877.4000,3,1,2,1,1,1,1,3,1,1
SF,IH2009,2020-06-30 09:32:35.900,2875.8000,18207,0,317302620.000,0,-,-,-,-,2875.2000,2875.0000,2874.4000,2874.0000,2873.6000,2876.6000,2876.8000,2877.0000,2877.2000,2877.4000,2,1,2,1,1,1,1,3,1,1
SF,IH2009,2020-06-30 09:32:36.400,2875.8000,18207,0,317302620.000,0,-,-,-,-,2875.2000,2875.0000,2874.4000,2874.0000,2873.6000,2876.4000,2876.6000,2876.8000,2877.0000,2877.2000,1,1,2,1,1,1,1,1,3,1
SF,IH2009,2020-06-30 09:32:36.900,2875.8000,18207,0,317302620.000,0,-,-,-,-,2875.2000,2875.0000,2874.4000,2874.0000,2873.6000,2876.2000,2876.8000,2877.0000,2877.2000,2877.4000,1,1,1,1,1,1,1,3,1,1
SF,IH2009,2020-06-30 09:32:37.400,2875.8000,18207,0,317302620.000,0,-,-,-,-,2875.2000,2875.0000,2874.4000,2874.0000,2873.6000,2876.2000,2876.8000,2877.0000,2877.2000,2877.4000,1,1,1,1,1,2,1,3,1,1
SF,IH2009,2020-06-30 09:32:37.900,2875.8000,18207,0,317302620.000,0,-,-,-,-,2875.2000,2875.0000,2874.4000,2874.0000,2873.6000,2876.0000,2876.2000,2876.8000,2877.0000,2877.2000,1,1,1,1,1,1,1,1,3,1
SF,IH2009,2020-06-30 09:32:38.400,2875.8000,18207,0,317302620.000,0,-,-,-,-,2875.0000,2874.4000,2874.0000,2873.6000,2872.4000,2875.2000,2876.0000,2876.2000,2876.4000,2876.8000,1,1,1,1,2,1,1,1,2,1
SF,IH2009,2020-06-30 09:32:38.900,2875.8000,18207,0,317302620.000,0,-,-,-,-,2874.4000,2874.0000,2873.6000,2872.4000,2872.0000,2875.0000,2875.2000,2876.2000,2876.4000,2876.8000,1,1,1,2,2,1,1,1,2,1
SF,IH2009,2020-06-30 09:32:39.400,2875.8000,18207,0,317302620.000,0,-,-,-,-,2874.0000,2873.6000,2872.8000,2872.4000,2872.0000,2875.0000,2875.2000,2876.0000,2876.2000,2876.4000,1,1,1,2,2,2,1,1,1,2
SF,IH2009,2020-06-30 09:32:39.900,2875.8000,18207,0,317302620.000,0,-,-,-,-,2874.0000,2873.6000,2872.8000,2872.4000,2872.0000,2875.0000,2875.2000,2876.0000,2876.2000,2876.4000,1,1,1,2,3,2,1,1,1,2
SF,IH2009,2020-06-30 09:32:40.400,2875.8000,18207,0,317302620.000,0,-,-,-,-,2874.2000,2874.0000,2873.6000,2872.8000,2872.4000,2874.8000,2875.0000,2875.2000,2876.0000,2876.2000,1,1,1,1,2,1,2,1,1,1
SF,IH2009,2020-06-30 09:32:40.900,2875.8000,18207,0,317302620.000,0,-,-,-,-,2874.2000,2874.0000,2873.6000,2872.8000,2872.4000,2874.6000,2875.0000,2875.2000,2876.0000,2876.2000,1,1,1,1,1,1,2,1,1,1
SF,IH2009,2020-06-30 09:32:41.400,2874.2000,18206,-1,318164880.000,1,0,1,双平,S,2874.0000,2873.6000,2872.8000,2872.4000,2872.0000,2875.0000,2875.2000,2876.0000,2876.2000,2876.4000,1,1,1,1,3,2,1,1,1,2
SF,IH2009,2020-06-30 09:32:41.900,2875.0000,18205,-1,319027380.000,1,0,1,双平,S,2874.2000,2874.0000,2873.6000,2872.8000,2872.4000,2875.0000,2875.2000,2876.0000,2876.2000,2876.4000,1,1,1,1,1,1,1,1,1,3
SF,IH2009,2020-06-30 09:32:42.400,2874.4000,18204,-1,319889700.000,1,0,1,双平,S,2874.2000,2874.0000,2873.6000,2872.8000,2872.4000,2875.0000,2875.2000,2876.0000,2876.2000,2876.4000,1,1,1,1,1,1,1,1,1,3
SF,IH2009,2020-06-30 09:32:42.900,2874.2000,18203,-1,320751960.000,1,0,1,双平,S,2874.0000,2873.6000,2872.8000,2872.4000,2872.0000,2874.2000,2875.0000,2875.2000,2876.0000,2876.2000,1,1,1,1,3,4,1,1,1,1
SF,IH2009,2020-06-30 09:32:43.400,2874.2000,18199,-4,324201000.000,4,0,4,双平,S,2874.4000,2874.2000,2874.0000,2873.6000,2872.8000,2875.0000,2875.2000,2876.0000,2876.2000,2876.4000,3,2,1,1,1,1,1,1,1,3
SF,IH2009,2020-06-30 09:32:43.900,2874.2000,18199,0,324201000.000,0,-,-,-,-,2875.0000,2874.0000,2873.6000,2872.8000,2872.4000,2875.2000,2875.8000,2876.0000,2876.2000,2876.4000,1,1,1,1,1,1,1,1,1,3
SF,IH2009,2020-06-30 09:32:44.400,2875.0000,18197,-2,325926000.000,2,0,2,双平,S,2874.0000,2873.6000,2872.8000,2872.4000,2872.0000,2874.2000,2875.2000,2875.8000,2876.0000,2876.2000,1,1,1,1,2,5,1,1,1,1
SF,IH2009,2020-06-30 09:32:44.900,2874.2000,18192,-5,330237300.000,5,0,5,双平,S,2874.2000,2874.0000,2873.6000,2872.8000,2872.4000,2875.2000,2875.8000,2876.0000,2876.2000,2876.4000,2,2,1,1,1,1,1,1,1,3
SF,IH2009,2020-06-30 09:32:45.400,2874.2000,18192,0,330237300.000,0,-,-,-,-,2874.2000,2874.0000,2873.6000,2872.8000,2872.4000,2875.2000,2875.8000,2876.0000,2876.2000,2876.4000,1,1,1,1,1,1,1,1,1,3
SF,IH2009,2020-06-30 09:32:45.900,2875.0000,18191,-1,331099800.000,1,0,1,双平,S,2874.4000,2874.0000,2873.6000,2872.8000,2872.4000,2875.0000,2875.2000,2875.8000,2876.0000,2876.2000,1,1,1,1,1,1,1,1,1,1
SF,IH2009,2020-06-30 09:32:46.900,2875.0000,18191,0,331099800.000,0,-,-,-,-,2874.4000,2874.0000,2873.6000,2872.8000,2872.4000,2875.0000,2875.2000,2875.8000,2876.0000,2876.2000,1,1,1,1,1,1,1,1,1,1
SF,IH2009,2020-06-30 09:32:47.400,2875.0000,18191,0,331099800.000,0,-,-,-,-,2874.6000,2874.4000,2874.0000,2873.6000,2872.8000,2875.0000,2875.2000,2875.8000,2876.0000,2876.2000,1,1,1,1,1,1,1,1,1,2
SF,IH2009,2020-06-30 09:32:47.900,2875.0000,18191,0,331099800.000,0,-,-,-,-,2874.4000,2874.0000,2873.6000,2872.8000,2872.4000,2875.0000,2875.2000,2875.8000,2876.0000,2876.2000,1,1,1,1,1,1,1,1,1,2
SF,IH2009,2020-06-30 09:32:48.400,2875.0000,18190,-1,331962300.000,1,0,1,双平,S,2874.0000,2873.6000,2872.8000,2872.4000,2872.0000,2875.2000,2875.8000,2876.0000,2876.2000,2876.4000,1,1,1,1,2,1,1,1,2,3
SF,IH2009,2020-06-30 09:32:48.900,2875.0000,18190,0,332824800.000,1,0,1,多换,S,2875.0000,2874.2000,2874.0000,2873.6000,2872.8000,2875.2000,2875.8000,2876.0000,2876.2000,2876.4000,1,2,1,1,1,1,1,1,2,3
SF,IH2009,2020-06-30 09:32:49.400,2875.0000,18190,0,333687300.000,1,0,1,多换,S,2874.2000,2874.0000,2873.6000,2872.8000,2872.4000,2875.0000,2875.2000,2875.8000,2876.0000,2876.2000,2,1,1,1,1,4,1,1,1,2
SF,IH2009,2020-06-30 09:32:49.900,2875.0000,18190,0,333687300.000,0,-,-,-,-,2874.2000,2874.0000,2873.6000,2872.8000,2872.4000,2875.0000,2875.2000,2875.8000,2876.0000,2876.2000,2,1,1,1,1,3,1,1,1,2
SF,IH2009,2020-06-30 09:32:50.400,2875.0000,18190,0,333687300.000,0,-,-,-,-,2874.0000,2873.6000,2872.8000,2872.4000,2872.0000,2874.2000,2875.0000,2875.2000,2875.8000,2876.0000,2,1,1,1,2,1,2,1,1,1
SF,IH2009,2020-06-30 09:32:50.900,2874.2000,18190,0,334549560.000,1,0,1,多换,S,2874.2000,2874.0000,2873.6000,2872.8000,2872.4000,2875.0000,2875.2000,2875.8000,2876.0000,2876.2000,1,2,1,1,1,2,1,1,1,2
SF,IH2009,2020-06-30 09:32:51.400,2874.0000,18189,-1,337136220.000,3,1,2,多平,S,2873.6000,2872.8000,2872.4000,2872.0000,2871.8000,2875.0000,2875.2000,2875.8000,2876.0000,2876.2000,1,1,1,2,1,2,1,1,1,2
SF,IH2009,2020-06-30 09:32:51.900,2874.0000,18189,0,337136220.000,0,-,-,-,-,2873.8000,2873.6000,2872.8000,2872.4000,2872.0000,2874.8000,2875.0000,2875.2000,2875.4000,2875.8000,2,1,1,1,2,2,2,1,1,1
SF,IH2009,2020-06-30 09:32:52.400,2874.0000,18189,0,337136220.000,0,-,-,-,-,2873.8000,2873.6000,2872.8000,2872.4000,2872.0000,2874.8000,2875.0000,2875.2000,2875.4000,2875.8000,1,1,1,1,2,2,2,1,1,1
SF,IH2009,2020-06-30 09:32:52.900,2874.0000,18189,0,337136220.000,0,-,-,-,-,2873.8000,2873.6000,2872.8000,2872.4000,2872.0000,2874.8000,2875.0000,2875.2000,2875.4000,2875.8000,1,1,1,1,2,1,2,1,1,1
SF,IH2009,2020-06-30 09:32:53.900,2873.8000,18187,-2,338860560.000,2,0,2,双平,S,2873.6000,2872.8000,2872.4000,2872.0000,2871.8000,2873.8000,2875.0000,2875.2000,2875.4000,2875.8000,1,1,1,2,1,3,2,1,1,1
SF,IH2009,2020-06-30 09:32:54.400,2873.8000,18184,-3,341446980.000,3,0,3,双平,S,2874.0000,2873.8000,2873.6000,2872.8000,2872.4000,2875.0000,2875.2000,2875.4000,2875.8000,2876.0000,1,4,1,1,1,2,1,1,1,1
SF,IH2009,2020-06-30 09:32:54.900,2873.8000,18182,-2,343171260.000,2,0,2,双平,S,2873.6000,2872.8000,2872.4000,2872.0000,2871.8000,2873.8000,2874.8000,2875.0000,2875.2000,2875.4000,1,1,1,2,1,3,1,2,1,1
SF,IH2009,2020-06-30 09:32:55.400,2873.8000,18180,-2,346619820.000,4,1,3,多平,S,2873.8000,2873.6000,2873.4000,2872.8000,2872.4000,2874.8000,2875.0000,2875.2000,2875.4000,2875.8000,6,1,1,1,1,1,2,1,1,1
SF,IH2009,2020-06-30 09:32:55.900,2873.8000,18180,0,346619820.000,0,-,-,-,-,2874.0000,2873.8000,2873.6000,2873.4000,2872.8000,2874.8000,2875.0000,2875.2000,2875.4000,2875.8000,1,6,1,1,1,1,2,1,1,1
SF,IH2009,2020-06-30 09:32:56.400,2873.8000,18180,0,346619820.000,0,-,-,-,-,2874.0000,2873.8000,2873.6000,2873.4000,2872.8000,2874.8000,2875.0000,2875.2000,2875.4000,2875.8000,1,6,1,1,1,1,2,1,1,1
SF,IH2009,2020-06-30 09:32:57.400,2873.8000,18180,0,346619820.000,0,-,-,-,-,2874.0000,2873.8000,2873.6000,2873.4000,2872.8000,2874.8000,2875.0000,2875.2000,2875.4000,2876.0000,1,6,1,1,1,1,2,1,1,1
SF,IH2009,2020-06-30 09:32:57.900,2873.8000,18180,0,346619820.000,0,-,-,-,-,2874.2000,2874.0000,2873.8000,2873.6000,2872.8000,2875.0000,2875.2000,2875.4000,2876.0000,2876.2000,2,1,7,1,1,1,1,1,1,2
SF,IH2009,2020-06-30 09:32:58.400,2874.0000,18179,-1,347482020.000,1,0,1,双平,S,2874.2000,2874.0000,2873.8000,2873.6000,2872.8000,2875.0000,2875.2000,2875.4000,2876.0000,2876.2000,1,1,7,1,1,1,1,1,1,2
SF,IH2009,2020-06-30 09:32:58.900,2874.0000,18179,0,348344220.000,1,0,1,多换,S,2873.8000,2873.6000,2872.8000,2872.4000,2872.0000,2874.8000,2875.0000,2875.2000,2875.4000,2876.0000,8,1,1,1,2,4,1,1,1,1
SF,IH2009,2020-06-30 09:32:59.400,2874.0000,18179,0,348344220.000,0,-,-,-,-,2873.8000,2873.6000,2872.8000,2872.4000,2872.0000,2874.8000,2875.0000,2875.2000,2875.4000,2876.0000,7,1,1,1,2,4,1,1,1,1
SF,IH2009,2020-06-30 09:32:59.900,2874.0000,18179,0,348344220.000,0,-,-,-,-,2873.8000,2873.6000,2872.8000,2872.4000,2872.0000,2874.8000,2875.0000,2875.2000,2875.4000,2876.0000,7,1,1,1,2,4,2,1,1,1
SF,IH2009,2020-06-30 09:33:00.900,2874.0000,18179,0,348344220.000,0,-,-,-,-,2873.8000,2873.6000,2872.8000,2872.4000,2872.0000,2874.8000,2875.0000,2875.2000,2875.4000,2876.0000,7,1,1,1,2,4,2,1,1,1
SF,IH2009,2020-06-30 09:33:01.400,2874.0000,18179,0,348344220.000,0,-,-,-,-,2873.8000,2873.6000,2872.8000,2872.4000,2872.0000,2874.8000,2875.0000,2875.2000,2875.4000,2876.0000,7,1,1,1,2,4,2,1,1,1
SF,IH2009,2020-06-30 09:33:01.900,2873.8000,18178,-1,349206360.000,1,0,1,双平,S,2873.8000,2873.6000,2872.8000,2872.4000,2872.0000,2874.8000,2875.0000,2875.2000,2875.4000,2876.0000,6,1,1,1,2,4,2,1,1,1
SF,IH2009,2020-06-30 09:33:02.400,2873.8000,18178,0,350068500.000,1,0,1,多换,S,2873.8000,2873.6000,2872.8000,2872.4000,2872.0000,2874.8000,2875.0000,2875.2000,2875.4000,2876.0000,5,1,1,1,2,4,2,1,1,1
SF,IH2009,2020-06-30 09:33:03.400,2873.8000,18178,0,350068500.000,0,-,-,-,-,2873.8000,2873.6000,2872.8000,2872.4000,2872.0000,2874.6000,2874.8000,2875.0000,2875.2000,2876.0000,5,1,1,1,2,1,1,2,1,1
SF,IH2009,2020-06-30 09:33:03.900,2873.8000,18178,0,350068500.000,0,-,-,-,-,2874.0000,2873.8000,2873.6000,2872.8000,2872.4000,2874.6000,2874.8000,2875.0000,2875.2000,2876.0000,1,5,1,1,1,1,1,2,1,1
SF,IH2009,2020-06-30 09:33:04.900,2873.8000,18178,0,350068500.000,0,-,-,-,-,2874.2000,2873.8000,2873.6000,2872.8000,2872.4000,2874.6000,2874.8000,2875.0000,2875.2000,2876.0000,1,5,1,1,1,1,1,2,1,1
SF,IH2009,2020-06-30 09:33:05.400,2874.6000,18175,-3,352655700.000,3,0,3,双平,S,2874.6000,2874.4000,2874.2000,2873.8000,2873.6000,2875.0000,2875.2000,2876.0000,2876.2000,2876.4000,1,1,2,2,1,2,1,1,2,1
SF,IH2009,2020-06-30 09:33:05.900,2874.6000,18175,0,352655700.000,0,-,-,-,-,2874.6000,2874.4000,2874.2000,2874.0000,2873.8000,2875.0000,2875.2000,2876.0000,2876.2000,2877.0000,1,4,2,1,2,1,1,1,2,2
SF,IH2009,2020-06-30 09:33:06.400,2875.0000,18174,-1,353518200.000,1,0,1,双平,S,2874.6000,2874.4000,2874.2000,2874.0000,2873.8000,2875.2000,2876.0000,2876.2000,2877.0000,2877.4000,1,3,2,1,2,1,1,2,2,1
SF,IH2009,2020-06-30 09:33:06.900,2875.0000,18174,0,353518200.000,0,-,-,-,-,2875.2000,2874.8000,2874.6000,2874.4000,2874.2000,2876.0000,2876.2000,2877.0000,2877.4000,2878.0000,1,1,1,3,2,1,2,2,1,5
SF,IH2009,2020-06-30 09:33:07.400,2875.0000,18174,0,353518200.000,0,-,-,-,-,2875.4000,2874.6000,2874.4000,2874.2000,2874.0000,2875.8000,2876.0000,2876.2000,2877.0000,2877.4000,1,1,3,1,1,1,1,2,2,1
SF,IH2009,2020-06-30 09:33:07.900,2875.2000,18174,0,354380760.000,1,0,1,多换,S,2874.4000,2874.2000,2874.0000,2873.8000,2873.6000,2875.2000,2875.8000,2876.0000,2876.2000,2877.0000,3,1,1,2,1,2,1,1,2,2
SF,IH2009,2020-06-30 09:33:08.400,2875.2000,18174,0,354380760.000,0,-,-,-,-,2874.6000,2874.2000,2874.0000,2873.8000,2873.6000,2875.8000,2876.0000,2876.2000,2877.0000,2877.4000,2,1,1,2,1,1,1,2,2,1
SF,IH2009,2020-06-30 09:33:08.900,2874.8000,18173,-1,355243200.000,1,0,1,双平,S,2874.6000,2874.2000,2874.0000,2873.8000,2873.6000,2875.4000,2875.6000,2875.8000,2876.0000,2876.2000,6,1,1,2,1,1,1,1,1,2
SF,IH2009,2020-06-30 09:33:09.400,2874.8000,18173,0,355243200.000,0,-,-,-,-,2874.8000,2874.6000,2874.2000,2874.0000,2873.8000,2875.2000,2875.4000,2875.6000,2876.0000,2876.2000,2,5,1,1,2,1,1,3,1,2
SF,IH2009,2020-06-30 09:33:09.900,2874.8000,18173,0,355243200.000,0,-,-,-,-,2874.8000,2874.6000,2874.2000,2874.0000,2873.8000,2875.4000,2875.6000,2876.0000,2876.2000,2877.0000,2,3,1,1,2,1,1,1,2,2
SF,IH2009,2020-06-30 09:33:10.400,2874.8000,18173,0,356105640.000,1,0,1,多换,S,2874.8000,2874.6000,2874.2000,2874.0000,2873.8000,2875.4000,2876.0000,2876.2000,2877.0000,2877.4000,1,3,1,1,2,1,1,2,2,1
SF,IH2009,2020-06-30 09:33:11.900,2874.8000,18173,0,356968080.000,1,0,1,多换,S,2874.6000,2874.2000,2874.0000,2873.8000,2873.6000,2874.8000,2875.4000,2876.0000,2876.2000,2877.0000,3,1,1,2,1,1,1,1,2,2
SF,IH2009,2020-06-30 09:33:12.400,2874.8000,18173,0,357830520.000,1,0,1,多换,S,2875.0000,2874.6000,2874.0000,2873.8000,2873.6000,2875.4000,2876.0000,2876.2000,2877.0000,2877.4000,1,3,1,2,1,1,1,2,2,1
SF,IH2009,2020-06-30 09:33:12.900,2875.4000,18175,2,359555640.000,2,2,0,双开,S,2874.6000,2874.0000,2873.8000,2873.6000,2872.4000,2876.0000,2876.2000,2877.0000,2877.4000,2878.0000,3,1,2,1,1,1,2,2,1,5
SF,IH2009,2020-06-30 09:33:13.400,2875.4000,18175,0,359555640.000,0,-,-,-,-,2874.8000,2874.6000,2874.0000,2873.8000,2873.6000,2875.8000,2876.0000,2876.2000,2877.0000,2877.4000,1,3,1,2,1,2,1,2,2,1
SF,IH2009,2020-06-30 09:33:13.900,2874.8000,18175,0,360418080.000,1,0,1,多换,S,2874.8000,2874.6000,2874.0000,2873.8000,2873.6000,2875.8000,2876.0000,2876.2000,2877.0000,2877.4000,1,3,1,2,1,2,1,2,2,1
SF,IH2009,2020-06-30 09:33:14.400,2875.6000,18175,0,361280760.000,1,0,1,多换,S,2874.6000,2874.0000,2873.8000,2873.6000,2872.4000,2875.8000,2876.0000,2876.2000,2877.0000,2877.4000,3,1,2,1,1,2,1,2,2,1
SF,IH2009,2020-06-30 09:33:14.900,2875.6000,18175,0,361280760.000,0,-,-,-,-,2875.0000,2874.8000,2874.6000,2874.0000,2873.8000,2875.8000,2876.0000,2876.2000,2877.0000,2877.4000,1,1,3,1,2,1,1,2,2,1
SF,IH2009,2020-06-30 09:33:15.400,2875.6000,18175,0,361280760.000,0,-,-,-,-,2875.0000,2874.6000,2874.0000,2873.8000,2873.6000,2875.8000,2876.0000,2876.2000,2877.0000,2877.4000,1,3,1,2,1,1,1,2,2,1
SF,IH2009,2020-06-30 09:33:16.400,2875.0000,18176,1,362143260.000,1,1,0,双开,S,2874.6000,2874.0000,2873.8000,2873.6000,2872.4000,2875.8000,2876.0000,2876.2000,2877.0000,2877.4000,3,1,3,1,1,1,1,2,2,1
SF,IH2009,2020-06-30 09:33:18.400,2875.0000,18176,0,362143260.000,0,-,-,-,-,2874.8000,2874.6000,2874.0000,2873.8000,2873.6000,2875.6000,2875.8000,2876.0000,2876.2000,2877.0000,1,3,1,3,1,2,1,1,2,2
SF,IH2009,2020-06-30 09:33:18.900,2875.0000,18176,0,362143260.000,0,-,-,-,-,2874.8000,2874.6000,2874.0000,2873.8000,2873.6000,2875.0000,2875.4000,2875.6000,2876.0000,2876.2000,1,3,1,3,1,1,1,2,1,2
SF,IH2009,2020-06-30 09:33:19.400,2874.8000,18177,1,365592900.000,4,2,2,空开,S,2874.6000,2874.0000,2873.8000,2873.6000,2872.4000,2874.8000,2875.0000,2876.0000,2876.2000,2877.0000,1,1,3,1,1,1,1,1,2,2
SF,IH2009,2020-06-30 09:33:19.900,2874.6000,18177,0,366455280.000,1,0,1,多换,S,2874.0000,2873.8000,2873.6000,2872.4000,2872.0000,2874.6000,2875.0000,2876.0000,2876.2000,2877.0000,1,3,1,1,2,2,1,1,2,2
SF,IH2009,2020-06-30 09:33:20.400,2874.6000,18177,0,366455280.000,0,-,-,-,-,2874.2000,2874.0000,2873.8000,2873.6000,2872.4000,2874.4000,2874.6000,2875.0000,2876.0000,2876.2000,1,1,3,1,1,1,1,1,1,2
SF,IH2009,2020-06-30 09:33:21.400,2874.6000,18175,-2,368179980.000,2,0,2,双平,S,2874.2000,2874.0000,2873.8000,2873.6000,2872.4000,2875.0000,2876.0000,2876.2000,2877.0000,2877.4000,1,1,2,1,1,1,1,2,2,1
SF,IH2009,2020-06-30 09:33:24.900,2874.2000,18175,0,369042240.000,1,0,1,多换,S,2874.0000,2873.8000,2873.6000,2873.0000,2872.4000,2875.0000,2876.0000,2876.2000,2877.0000,2877.4000,1,2,1,1,1,1,1,2,2,1
SF,IH2009,2020-06-30 09:33:25.400,2874.2000,18175,0,369042240.000,0,-,-,-,-,2874.2000,2874.0000,2873.8000,2873.6000,2873.0000,2875.0000,2876.0000,2876.2000,2877.0000,2877.4000,2,1,2,1,1,1,1,2,2,1
SF,IH2009,2020-06-30 09:33:25.900,2874.2000,18175,0,369042240.000,0,-,-,-,-,2874.2000,2874.0000,2873.8000,2873.6000,2873.0000,2875.0000,2876.0000,2876.2000,2877.0000,2877.4000,1,1,2,1,1,1,1,2,2,1
SF,IH2009,2020-06-30 09:33:26.400,2874.2000,18175,0,369042240.000,0,-,-,-,-,2874.2000,2874.0000,2873.8000,2873.6000,2873.0000,2874.8000,2875.0000,2876.0000,2876.2000,2877.0000,1,1,2,1,1,1,1,1,2,2
SF,IH2009,2020-06-30 09:33:27.400,2875.0000,18173,-2,370767180.000,2,0,2,双平,S,2874.2000,2874.0000,2873.8000,2873.6000,2873.0000,2876.0000,2876.2000,2877.0000,2877.4000,2878.0000,1,1,2,1,1,1,2,2,1,5
SF,IH2009,2020-06-30 09:33:27.900,2874.4000,18173,0,371629500.000,1,0,1,多换,S,2874.4000,2874.2000,2874.0000,2873.8000,2873.6000,2875.8000,2876.0000,2876.2000,2877.0000,2877.4000,1,1,1,2,1,3,1,2,2,1
SF,IH2009,2020-06-30 09:33:28.400,2874.4000,18173,0,371629500.000,0,-,-,-,-,2874.6000,2874.4000,2874.2000,2874.0000,2873.8000,2875.8000,2876.0000,2876.2000,2877.0000,2877.4000,2,5,1,1,2,2,1,2,2,1
SF,IH2009,2020-06-30 09:33:28.900,2874.4000,18172,-1,372491820.000,1,0,1,双平,S,2874.6000,2874.4000,2874.2000,2874.0000,2873.8000,2875.8000,2876.0000,2876.2000,2877.0000,2877.4000,1,1,1,1,2,1,1,2,2,1
SF,IH2009,2020-06-30 09:33:29.400,2875.8000,18171,-1,373354560.000,1,0,1,双平,S,2874.8000,2874.6000,2874.4000,2874.2000,2874.0000,2876.0000,2876.2000,2877.0000,2877.4000,2878.0000,2,1,1,1,1,1,2,2,1,5
SF,IH2009,2020-06-30 09:33:29.900,2874.8000,18171,0,374217000.000,1,0,1,多换,S,2874.4000,2874.2000,2874.0000,2873.8000,2873.6000,2875.8000,2876.0000,2876.2000,2877.0000,2877.4000,1,1,1,2,1,1,1,2,2,1
SF,IH2009,2020-06-30 09:33:30.400,2874.8000,18171,0,374217000.000,0,-,-,-,-,2874.8000,2874.6000,2874.4000,2874.2000,2874.0000,2875.8000,2876.0000,2876.2000,2877.0000,2877.4000,1,2,2,2,1,3,1,2,2,1
SF,IH2009,2020-06-30 09:33:30.900,2875.8000,18171,0,375079740.000,1,0,1,多换,S,2874.6000,2874.4000,2874.2000,2874.0000,2873.8000,2876.0000,2876.2000,2877.0000,2877.4000,2878.0000,1,2,2,1,2,1,2,2,1,5
SF,IH2009,2020-06-30 09:33:31.400,2875.8000,18171,0,375079740.000,0,-,-,-,-,2874.6000,2874.4000,2874.2000,2874.0000,2873.8000,2874.8000,2875.8000,2876.0000,2876.2000,2877.0000,1,2,2,1,2,1,1,1,2,2
SF,IH2009,2020-06-30 09:33:31.900,2874.8000,18172,1,375942180.000,1,1,0,双开,S,2874.8000,2874.6000,2874.4000,2874.2000,2874.0000,2875.8000,2876.0000,2876.2000,2877.0000,2877.4000,5,1,2,2,1,1,2,1,2,1
SF,IH2009,2020-06-30 09:33:32.400,2874.8000,18172,0,375942180.000,0,-,-,-,-,2874.8000,2874.6000,2874.4000,2874.2000,2874.0000,2875.6000,2875.8000,2876.0000,2876.2000,2877.0000,3,1,1,1,1,1,1,2,1,2
SF,IH2009,2020-06-30 09:33:32.900,2874.8000,18172,0,375942180.000,0,-,-,-,-,2875.6000,2874.8000,2874.6000,2874.4000,2874.2000,2875.8000,2876.0000,2876.2000,2877.0000,2877.4000,1,2,1,1,1,1,2,1,2,1
SF,IH2009,2020-06-30 09:33:33.400,2875.6000,18171,-1,376804860.000,1,0,1,双平,S,2874.8000,2874.6000,2874.4000,2874.2000,2874.0000,2875.6000,2875.8000,2876.0000,2876.2000,2877.0000,2,1,1,1,1,3,1,2,1,2
SF,IH2009,2020-06-30 09:33:33.900,2875.6000,18171,0,376804860.000,0,-,-,-,-,2874.8000,2874.6000,2874.4000,2874.2000,2874.0000,2875.6000,2875.8000,2876.0000,2876.2000,2877.0000,2,1,1,1,1,1,1,2,1,2
SF,IH2009,2020-06-30 09:33:35.400,2875.6000,18171,0,376804860.000,0,-,-,-,-,2874.8000,2874.6000,2874.4000,2874.0000,2873.8000,2875.6000,2875.8000,2876.0000,2876.2000,2877.0000,2,1,1,1,2,1,1,2,1,2
SF,IH2009,2020-06-30 09:33:35.900,2875.6000,18171,0,376804860.000,0,-,-,-,-,2874.8000,2874.6000,2874.4000,2874.0000,2873.8000,2875.6000,2875.8000,2876.0000,2876.2000,2877.0000,2,2,1,1,2,1,1,2,1,2
SF,IH2009,2020-06-30 09:33:36.400,2875.0000,18170,-1,377667360.000,1,0,1,双平,S,2874.8000,2874.6000,2874.4000,2874.0000,2873.8000,2875.6000,2875.8000,2876.0000,2876.2000,2877.0000,2,1,1,1,2,1,1,2,1,2
SF,IH2009,2020-06-30 09:33:36.900,2874.8000,18169,-1,378529800.000,1,0,1,双平,S,2875.0000,2874.8000,2874.6000,2874.4000,2874.0000,2875.6000,2875.8000,2876.0000,2876.2000,2877.0000,1,1,1,1,1,1,1,2,1,2
SF,IH2009,2020-06-30 09:33:37.400,2875.0000,18169,0,379392300.000,1,0,1,多换,S,2874.8000,2874.6000,2874.4000,2874.0000,2873.8000,2875.6000,2875.8000,2876.0000,2876.2000,2877.0000,1,1,1,1,3,1,1,2,1,2
SF,IH2009,2020-06-30 09:33:37.900,2875.0000,18169,0,379392300.000,0,-,-,-,-,2874.8000,2874.6000,2874.4000,2874.0000,2873.8000,2875.4000,2875.6000,2876.0000,2876.2000,2877.0000,1,1,1,1,3,2,1,2,1,2
SF,IH2009,2020-06-30 09:33:38.400,2875.0000,18169,0,379392300.000,0,-,-,-,-,2874.8000,2874.6000,2874.4000,2874.0000,2873.8000,2875.4000,2875.6000,2876.0000,2876.2000,2877.0000,1,1,1,1,3,1,1,2,1,2
SF,IH2009,2020-06-30 09:33:38.900,2875.0000,18170,1,380254800.000,1,1,0,双开,S,2874.8000,2874.6000,2874.4000,2874.0000,2873.8000,2875.4000,2875.6000,2876.0000,2876.2000,2877.0000,1,1,1,1,3,1,1,2,1,2
SF,IH2009,2020-06-30 09:33:39.900,2875.0000,18170,0,380254800.000,0,-,-,-,-,2874.8000,2874.4000,2874.0000,2873.8000,2873.6000,2875.4000,2875.6000,2876.0000,2876.2000,2877.0000,1,1,1,3,1,1,1,2,1,2
SF,IH2009,2020-06-30 09:33:40.400,2875.0000,18170,0,380254800.000,0,-,-,-,-,2874.4000,2874.0000,2873.8000,2873.6000,2873.0000,2875.4000,2875.6000,2876.0000,2876.2000,2877.0000,1,1,3,1,2,1,1,2,1,2
SF,IH2009,2020-06-30 09:33:40.900,2875.0000,18170,0,380254800.000,0,-,-,-,-,2874.6000,2874.4000,2874.2000,2874.0000,2873.8000,2875.4000,2875.6000,2876.0000,2876.2000,2877.0000,4,1,1,1,3,1,1,2,1,2
SF,IH2009,2020-06-30 09:33:41.400,2875.0000,18170,0,380254800.000,0,-,-,-,-,2874.6000,2874.4000,2874.2000,2874.0000,2873.8000,2875.4000,2875.6000,2876.0000,2876.2000,2877.0000,1,1,1,1,3,1,1,2,1,2
SF,IH2009,2020-06-30 09:33:42.900,2875.0000,18170,0,380254800.000,0,-,-,-,-,2874.8000,2874.6000,2874.4000,2874.0000,2873.8000,2875.4000,2875.6000,2876.0000,2876.2000,2877.0000,2,1,2,1,3,1,1,2,1,2
SF,IH2009,2020-06-30 09:33:43.400,2875.0000,18170,0,380254800.000,0,-,-,-,-,2875.0000,2874.8000,2874.6000,2874.4000,2874.0000,2875.4000,2875.6000,2876.0000,2876.2000,2877.0000,1,1,1,2,1,1,1,2,1,2
SF,IH2009,2020-06-30 09:33:43.900,2875.0000,18169,-1,381117300.000,1,0,1,双平,S,2874.8000,2874.6000,2874.4000,2874.0000,2873.8000,2875.4000,2875.6000,2876.0000,2876.2000,2877.0000,1,1,2,1,3,1,1,2,1,2
SF,IH2009,2020-06-30 09:33:44.400,2875.0000,18169,0,381117300.000,0,-,-,-,-,2874.8000,2874.6000,2874.4000,2874.0000,2873.8000,2875.4000,2875.6000,2876.0000,2876.2000,2877.0000,1,1,2,1,3,1,1,2,1,2
SF,IH2009,2020-06-30 09:33:45.400,2874.8000,18169,0,381979740.000,1,0,1,多换,S,2874.6000,2874.4000,2874.0000,2873.8000,2873.6000,2874.8000,2875.2000,2875.4000,2875.6000,2876.0000,1,2,1,3,1,1,1,1,1,2
SF,IH2009,2020-06-30 09:33:45.900,2874.6000,18168,-1,382842120.000,1,0,1,双平,S,2874.4000,2874.0000,2873.8000,2873.6000,2873.0000,2874.8000,2875.2000,2875.4000,2875.6000,2876.0000,2,1,3,1,2,1,1,1,1,2
SF,IH2009,2020-06-30 09:33:46.900,2874.4000,18166,-2,385429080.000,3,0,3,多平,S,2874.0000,2873.8000,2873.6000,2873.0000,2872.4000,2874.8000,2875.2000,2875.4000,2875.6000,2876.0000,1,3,1,2,1,1,1,1,1,2
SF,IH2009,2020-06-30 09:33:47.400,2873.8000,18165,-1,388877700.000,4,1,3,多平,S,2874.2000,2874.0000,2873.6000,2873.0000,2872.4000,2874.4000,2874.6000,2874.8000,2875.2000,2875.6000,4,1,1,2,1,1,2,1,1,1
SF,IH2009,2020-06-30 09:33:47.900,2874.2000,18162,-3,394913460.000,7,2,5,多平,S,2874.2000,2873.6000,2873.0000,2872.4000,2872.0000,2874.6000,2874.8000,2875.2000,2875.6000,2876.0000,2,1,2,1,2,1,1,1,1,2
SF,IH2009,2020-06-30 09:33:48.400,2874.2000,18163,1,397500240.000,3,2,1,空开,S,2873.6000,2873.0000,2872.4000,2872.0000,2871.6000,2874.4000,2874.6000,2874.8000,2875.2000,2875.6000,1,2,1,2,1,1,1,1,1,1
SF,IH2009,2020-06-30 09:33:48.900,2874.2000,18163,0,397500240.000,0,-,-,-,-,2873.6000,2873.0000,2872.4000,2872.0000,2871.6000,2874.6000,2874.8000,2875.6000,2876.0000,2876.2000,1,2,1,2,1,1,1,1,2,1
SF,IH2009,2020-06-30 09:33:49.400,2874.2000,18163,0,397500240.000,0,-,-,-,-,2873.8000,2873.6000,2873.4000,2873.0000,2872.4000,2874.6000,2874.8000,2875.6000,2876.0000,2876.2000,1,1,1,2,1,1,1,1,2,1
SF,IH2009,2020-06-30 09:33:49.900,2874.2000,18163,0,397500240.000,0,-,-,-,-,2874.0000,2873.6000,2873.4000,2873.0000,2872.4000,2874.6000,2874.8000,2875.6000,2876.0000,2876.2000,1,1,1,2,1,1,1,1,2,1
SF,IH2009,2020-06-30 09:33:50.400,2874.2000,18163,0,397500240.000,0,-,-,-,-,2874.0000,2873.6000,2873.0000,2872.4000,2872.0000,2874.6000,2874.8000,2875.6000,2876.0000,2876.2000,1,1,3,1,2,1,1,1,2,1
SF,IH2009,2020-06-30 09:33:50.900,2874.2000,18163,0,397500240.000,0,-,-,-,-,2874.0000,2873.6000,2873.0000,2872.8000,2872.4000,2874.6000,2874.8000,2875.6000,2876.0000,2876.2000,1,1,3,1,1,1,1,1,2,1
SF,IH2009,2020-06-30 09:33:51.400,2874.2000,18163,0,397500240.000,0,-,-,-,-,2874.0000,2873.6000,2873.0000,2872.8000,2872.4000,2874.6000,2874.8000,2875.6000,2876.0000,2876.2000,3,1,3,1,1,1,1,1,2,1
SF,IH2009,2020-06-30 09:33:51.900,2874.0000,18162,-1,398362440.000,1,0,1,双平,S,2874.0000,2873.6000,2873.0000,2872.8000,2872.4000,2874.6000,2874.8000,2875.6000,2876.0000,2876.2000,2,1,3,1,1,1,1,1,2,1
SF,IH2009,2020-06-30 09:33:52.900,2874.0000,18162,0,398362440.000,0,-,-,-,-,2874.0000,2873.6000,2873.0000,2872.8000,2872.4000,2874.6000,2874.8000,2875.6000,2876.0000,2876.2000,2,1,3,1,1,2,1,1,2,1
SF,IH2009,2020-06-30 09:33:53.900,2874.0000,18162,0,398362440.000,0,-,-,-,-,2874.0000,2873.6000,2873.0000,2872.4000,2872.0000,2874.6000,2874.8000,2875.6000,2876.0000,2876.2000,2,1,3,1,2,2,1,1,2,1
SF,IH2009,2020-06-30 09:33:54.900,2874.0000,18162,0,398362440.000,0,-,-,-,-,2874.0000,2873.6000,2873.0000,2872.4000,2872.0000,2874.4000,2874.6000,2874.8000,2875.6000,2876.0000,2,1,3,1,2,1,2,1,1,2
SF,IH2009,2020-06-30 09:33:55.400,2874.0000,18162,0,398362440.000,0,-,-,-,-,2874.0000,2873.6000,2873.0000,2872.4000,2872.0000,2874.6000,2874.8000,2875.6000,2876.0000,2876.2000,2,1,3,1,2,2,1,1,2,1
SF,IH2009,2020-06-30 09:33:55.900,2874.0000,18162,0,398362440.000,0,-,-,-,-,2874.2000,2874.0000,2873.6000,2873.0000,2872.4000,2874.6000,2874.8000,2875.6000,2876.0000,2876.2000,1,2,1,3,1,2,1,1,2,1
SF,IH2009,2020-06-30 09:33:56.900,2874.2000,18161,-1,399224700.000,1,0,1,双平,S,2874.0000,2873.6000,2873.0000,2872.4000,2872.0000,2874.4000,2874.6000,2874.8000,2875.6000,2876.0000,2,1,3,1,2,1,2,1,1,2
SF,IH2009,2020-06-30 09:33:58.400,2874.2000,18161,0,399224700.000,0,-,-,-,-,2874.0000,2873.6000,2873.0000,2872.4000,2872.0000,2874.4000,2874.6000,2874.8000,2875.6000,2876.0000,2,1,3,1,2,1,2,1,1,2
SF,IH2009,2020-06-30 09:33:58.900,2874.0000,18160,-1,400086900.000,1,0,1,双平,S,2874.0000,2873.6000,2873.0000,2872.4000,2872.0000,2874.4000,2874.6000,2874.8000,2875.6000,2876.0000,1,1,3,1,2,1,2,1,1,2
SF,IH2009,2020-06-30 09:33:59.400,2874.4000,18160,0,400949220.000,1,0,1,多换,S,2874.0000,2873.6000,2873.0000,2872.4000,2872.0000,2874.6000,2874.8000,2875.6000,2876.0000,2876.2000,1,1,3,1,2,2,1,1,2,1
SF,IH2009,2020-06-30 09:33:59.900,2874.4000,18160,0,400949220.000,0,-,-,-,-,2874.0000,2873.6000,2873.0000,2872.4000,2872.0000,2874.2000,2874.6000,2874.8000,2875.6000,2876.0000,1,1,3,1,2,1,2,1,1,2
SF,IH2009,2020-06-30 09:34:00.400,2874.0000,18159,-1,401811420.000,1,0,1,双平,S,2873.6000,2873.0000,2872.4000,2872.0000,2871.6000,2874.2000,2874.6000,2874.8000,2875.6000,2876.0000,1,3,1,2,1,1,2,1,1,2
SF,IH2009,2020-06-30 09:34:00.900,2874.0000,18159,0,401811420.000,0,-,-,-,-,2873.6000,2873.0000,2872.4000,2872.0000,2871.6000,2874.6000,2874.8000,2875.6000,2876.0000,2876.2000,1,3,1,2,1,2,1,1,2,1
SF,IH2009,2020-06-30 09:34:01.400,2874.0000,18159,0,401811420.000,0,-,-,-,-,2873.6000,2873.0000,2872.4000,2872.0000,2871.6000,2874.4000,2874.6000,2874.8000,2875.6000,2876.0000,1,3,1,2,1,1,2,1,1,2
SF,IH2009,2020-06-30 09:34:01.900,2874.0000,18159,0,401811420.000,0,-,-,-,-,2873.6000,2873.0000,2872.4000,2872.0000,2871.6000,2874.6000,2874.8000,2875.6000,2876.0000,2876.2000,1,3,1,2,1,2,1,1,2,1
SF,IH2009,2020-06-30 09:34:02.400,2874.0000,18159,0,401811420.000,0,-,-,-,-,2873.8000,2873.6000,2873.0000,2872.4000,2872.0000,2874.4000,2874.6000,2874.8000,2875.6000,2876.0000,4,1,3,1,2,2,2,1,1,2
SF,IH2009,2020-06-30 09:34:02.900,2874.0000,18159,0,401811420.000,0,-,-,-,-,2873.6000,2873.0000,2872.4000,2872.0000,2871.6000,2874.4000,2874.6000,2874.8000,2875.6000,2876.0000,1,3,1,2,1,2,2,1,1,2
SF,IH2009,2020-06-30 09:34:03.400,2873.6000,18158,-1,402673500.000,1,0,1,双平,S,2873.0000,2872.4000,2872.0000,2871.6000,2871.2000,2874.4000,2874.6000,2874.8000,2875.6000,2876.0000,3,1,2,1,1,2,2,1,1,2
SF,IH2009,2020-06-30 09:34:03.900,2873.6000,18158,0,402673500.000,0,-,-,-,-,2873.4000,2873.2000,2873.0000,2872.8000,2872.4000,2874.2000,2874.4000,2874.6000,2874.8000,2875.6000,4,3,4,2,1,1,2,1,2,1
SF,IH2009,2020-06-30 09:34:04.400,2873.6000,18158,0,402673500.000,0,-,-,-,-,2873.8000,2873.4000,2873.2000,2873.0000,2872.8000,2874.2000,2874.4000,2874.6000,2874.8000,2875.6000,2,4,3,4,2,1,1,1,2,1
SF,IH2009,2020-06-30 09:34:04.900,2873.6000,18158,0,402673500.000,0,-,-,-,-,2873.8000,2873.4000,2873.2000,2873.0000,2872.8000,2874.2000,2874.6000,2874.8000,2875.6000,2876.0000,2,4,3,4,2,2,1,2,1,2
SF,IH2009,2020-06-30 09:34:05.400,2874.2000,18157,-1,404398020.000,2,0,2,多平,S,2873.8000,2873.4000,2873.2000,2873.0000,2872.8000,2874.6000,2874.8000,2875.6000,2876.0000,2876.2000,2,4,2,3,2,1,2,1,2,1
SF,IH2009,2020-06-30 09:34:05.900,2874.2000,18157,0,404398020.000,0,-,-,-,-,2873.8000,2873.4000,2873.2000,2873.0000,2872.8000,2874.6000,2874.8000,2876.0000,2876.2000,2877.0000,3,4,2,3,2,1,2,2,1,2
SF,IH2009,2020-06-30 09:34:06.400,2874.2000,18157,0,404398020.000,0,-,-,-,-,2873.8000,2873.4000,2873.2000,2873.0000,2872.8000,2874.4000,2874.6000,2874.8000,2876.0000,2876.2000,3,4,1,2,2,1,1,2,2,1
SF,IH2009,2020-06-30 09:34:06.900,2874.2000,18157,0,404398020.000,0,-,-,-,-,2874.0000,2873.8000,2873.4000,2873.2000,2873.0000,2874.4000,2874.6000,2874.8000,2876.0000,2876.2000,4,3,4,1,2,1,1,2,2,1
SF,IH2009,2020-06-30 09:34:07.400,2874.0000,18157,0,406122420.000,2,1,1,多换,S,2874.0000,2873.8000,2873.2000,2873.0000,2872.8000,2874.4000,2874.6000,2874.8000,2876.0000,2876.2000,2,3,1,2,2,1,1,2,2,1
SF,IH2009,2020-06-30 09:34:07.900,2874.0000,18157,0,407846820.000,2,1,1,多换,S,2873.8000,2873.2000,2873.0000,2872.8000,2872.4000,2874.4000,2874.6000,2874.8000,2876.0000,2876.2000,3,1,2,2,1,1,1,2,2,1
SF,IH2009,2020-06-30 09:34:08.400,2874.0000,18157,0,407846820.000,0,-,-,-,-,2873.8000,2873.2000,2873.0000,2872.8000,2872.4000,2874.2000,2874.4000,2874.6000,2874.8000,2876.0000,3,1,2,2,1,1,1,1,2,2
SF,IH2009,2020-06-30 09:34:08.900,2874.0000,18157,0,407846820.000,0,-,-,-,-,2873.8000,2873.2000,2873.0000,2872.8000,2872.4000,2874.2000,2874.6000,2874.8000,2876.0000,2876.2000,3,1,2,2,1,1,1,2,2,1
SF,IH2009,2020-06-30 09:34:11.400,2874.0000,18157,0,407846820.000,0,-,-,-,-,2873.8000,2873.2000,2873.0000,2872.8000,2872.4000,2874.0000,2874.2000,2874.6000,2874.8000,2876.0000,3,1,2,2,1,1,1,1,2,2
SF,IH2009,2020-06-30 09:34:11.900,2873.8000,18154,-3,410433240.000,3,0,3,双平,S,2873.2000,2873.0000,2872.8000,2872.4000,2872.0000,2874.0000,2874.2000,2874.6000,2874.8000,2876.0000,1,1,2,1,3,1,1,1,2,2
SF,IH2009,2020-06-30 09:34:12.400,2873.8000,18152,-2,412157520.000,2,0,2,双平,S,2873.2000,2873.0000,2872.8000,2872.4000,2872.0000,2874.0000,2874.6000,2874.8000,2876.0000,2876.2000,1,1,1,1,3,1,1,2,2,1
SF,IH2009,2020-06-30 09:34:12.900,2873.8000,18152,0,412157520.000,0,-,-,-,-,2874.2000,2873.2000,2873.0000,2872.8000,2872.4000,2874.6000,2874.8000,2875.8000,2876.0000,2876.2000,1,1,1,1,1,1,2,1,2,1
SF,IH2009,2020-06-30 09:34:13.400,2873.8000,18153,1,413019660.000,1,1,0,双开,S,2873.4000,2873.0000,2872.8000,2872.4000,2872.0000,2874.0000,2874.2000,2874.4000,2874.6000,2874.8000,1,1,1,1,3,1,2,2,1,2
SF,IH2009,2020-06-30 09:34:13.900,2873.8000,18153,0,413019660.000,0,-,-,-,-,2873.4000,2873.0000,2872.8000,2872.4000,2872.0000,2874.2000,2874.4000,2874.6000,2874.8000,2875.8000,1,1,1,1,3,1,1,1,2,1
SF,IH2009,2020-06-30 09:34:14.400,2873.4000,18153,0,413881680.000,1,0,1,多换,S,2873.0000,2872.8000,2872.4000,2872.0000,2871.6000,2874.2000,2874.4000,2874.6000,2874.8000,2875.8000,1,1,1,3,1,1,1,1,2,1
SF,IH2009,2020-06-30 09:34:14.900,2873.4000,18153,0,413881680.000,0,-,-,-,-,2873.2000,2873.0000,2872.8000,2872.4000,2872.0000,2874.2000,2874.6000,2874.8000,2875.8000,2876.0000,6,2,1,1,3,1,1,2,1,2
SF,IH2009,2020-06-30 09:34:15.400,2873.4000,18153,0,413881680.000,0,-,-,-,-,2873.0000,2872.8000,2872.4000,2872.0000,2871.6000,2873.4000,2874.0000,2874.2000,2874.6000,2874.8000,1,1,1,3,1,2,2,1,1,2
SF,IH2009,2020-06-30 09:34:15.900,2873.4000,18153,0,413881680.000,0,-,-,-,-,2873.0000,2872.4000,2872.0000,2871.6000,2871.2000,2873.4000,2874.0000,2874.2000,2874.6000,2874.8000,1,1,3,1,1,3,1,1,1,2
SF,IH2009,2020-06-30 09:34:16.400,2873.0000,18153,0,414743580.000,1,0,1,多换,S,2872.4000,2872.0000,2871.6000,2871.2000,2871.0000,2873.2000,2873.4000,2874.0000,2874.2000,2874.6000,1,3,1,1,1,1,3,1,1,1
SF,IH2009,2020-06-30 09:34:16.900,2872.4000,18152,-1,415605300.000,1,0,1,双平,S,2872.0000,2871.6000,2871.2000,2871.0000,2870.6000,2873.0000,2873.2000,2873.4000,2874.2000,2874.6000,3,1,1,1,2,1,1,3,1,1
SF,IH2009,2020-06-30 09:34:17.400,2872.4000,18152,0,415605300.000,0,-,-,-,-,2872.2000,2872.0000,2871.6000,2871.2000,2871.0000,2873.0000,2873.2000,2873.4000,2874.2000,2874.6000,3,3,1,1,1,1,1,3,1,1
SF,IH2009,2020-06-30 09:34:18.400,2872.4000,18152,0,415605300.000,0,-,-,-,-,2872.4000,2872.2000,2872.0000,2871.6000,2871.2000,2873.0000,2873.2000,2873.4000,2874.2000,2874.6000,1,3,3,1,1,1,1,3,1,1
SF,IH2009,2020-06-30 09:34:18.900,2872.4000,18153,1,416467020.000,1,1,0,双开,S,2872.2000,2872.0000,2871.6000,2871.2000,2871.0000,2873.0000,2873.2000,2873.4000,2874.2000,2874.6000,3,3,1,1,1,1,1,3,1,1
SF,IH2009,2020-06-30 09:34:19.400,2872.2000,18152,-1,417328680.000,1,0,1,双平,S,2872.2000,2872.0000,2871.6000,2871.2000,2871.0000,2873.0000,2873.2000,2873.4000,2874.2000,2874.6000,2,3,1,1,1,1,1,3,1,1
SF,IH2009,2020-06-30 09:34:19.900,2872.2000,18152,0,417328680.000,0,-,-,-,-,2872.4000,2872.2000,2872.0000,2871.6000,2871.2000,2873.0000,2873.2000,2873.4000,2874.2000,2874.6000,3,2,3,1,1,1,1,3,1,1
SF,IH2009,2020-06-30 09:34:20.900,2872.2000,18153,1,418190340.000,1,1,0,双开,S,2872.4000,2872.2000,2872.0000,2871.6000,2871.2000,2873.0000,2873.2000,2873.4000,2874.2000,2874.6000,2,3,3,1,1,1,1,3,1,1
SF,IH2009,2020-06-30 09:34:24.400,2873.0000,18152,-1,419052240.000,1,0,1,双平,S,2872.4000,2872.2000,2872.0000,2871.6000,2871.2000,2873.2000,2873.4000,2874.2000,2874.6000,2874.8000,2,3,3,1,1,1,3,1,1,2
SF,IH2009,2020-06-30 09:34:25.400,2872.4000,18152,0,419913960.000,1,0,1,多换,S,2872.4000,2872.2000,2872.0000,2871.6000,2871.2000,2873.2000,2873.4000,2874.2000,2874.6000,2874.8000,1,1,3,1,1,1,3,1,1,2
SF,IH2009,2020-06-30 09:34:25.900,2872.4000,18152,0,419913960.000,0,-,-,-,-,2872.4000,2872.2000,2872.0000,2871.6000,2871.2000,2873.0000,2873.2000,2873.4000,2874.2000,2874.6000,1,1,3,1,1,1,1,3,1,1
SF,IH2009,2020-06-30 09:34:26.400,2872.4000,18152,0,419913960.000,0,-,-,-,-,2872.4000,2872.2000,2872.0000,2871.6000,2871.2000,2873.0000,2873.2000,2873.4000,2874.2000,2874.6000,1,1,4,1,1,1,1,3,1,1
SF,IH2009,2020-06-30 09:34:26.900,2872.4000,18152,0,419913960.000,0,-,-,-,-,2872.6000,2872.4000,2872.2000,2872.0000,2871.6000,2873.0000,2873.2000,2873.4000,2874.2000,2874.6000,1,1,1,4,1,1,1,3,1,1
SF,IH2009,2020-06-30 09:34:27.900,2872.6000,18150,-2,421637640.000,2,0,2,双平,S,2872.4000,2872.2000,2872.0000,2871.6000,2871.2000,2873.2000,2873.4000,2874.2000,2874.6000,2874.8000,1,1,4,1,1,1,3,1,1,2
SF,IH2009,2020-06-30 09:34:28.400,2873.2000,18149,-1,422499600.000,1,0,1,双平,S,2873.0000,2872.6000,2872.4000,2872.2000,2872.0000,2873.4000,2874.2000,2874.6000,2874.8000,2875.8000,1,3,1,1,4,3,1,1,2,1
SF,IH2009,2020-06-30 09:34:28.900,2873.2000,18149,0,422499600.000,0,-,-,-,-,2872.6000,2872.4000,2872.2000,2872.0000,2871.6000,2873.4000,2874.2000,2874.6000,2874.8000,2875.8000,3,1,1,4,1,3,1,1,2,1
SF,IH2009,2020-06-30 09:34:32.900,2873.2000,18149,0,422499600.000,0,-,-,-,-,2872.8000,2872.6000,2872.4000,2872.2000,2872.0000,2873.4000,2874.2000,2874.6000,2874.8000,2875.8000,1,2,1,1,4,3,1,1,2,1
SF,IH2009,2020-06-30 09:34:33.400,2873.2000,18149,0,422499600.000,0,-,-,-,-,2873.0000,2872.8000,2872.6000,2872.4000,2872.2000,2873.4000,2874.2000,2874.6000,2874.8000,2875.8000,2,1,2,1,1,3,1,1,2,1
SF,IH2009,2020-06-30 09:34:34.400,2873.0000,18145,-4,425947560.000,4,0,4,双平,S,2873.0000,2872.8000,2872.6000,2872.4000,2872.2000,2874.2000,2874.6000,2874.8000,2875.8000,2876.2000,2,1,2,1,1,1,1,2,1,1
SF,IH2009,2020-06-30 09:34:34.900,2873.0000,18145,0,425947560.000,0,-,-,-,-,2873.0000,2872.8000,2872.6000,2872.4000,2872.2000,2874.0000,2874.2000,2874.6000,2874.8000,2875.8000,2,1,2,1,1,2,1,1,2,1
SF,IH2009,2020-06-30 09:34:35.400,2873.0000,18145,0,425947560.000,0,-,-,-,-,2873.0000,2872.8000,2872.6000,2872.4000,2872.2000,2874.0000,2874.2000,2874.6000,2874.8000,2875.8000,2,1,2,1,1,2,1,1,2,1
SF,IH2009,2020-06-30 09:34:35.900,2873.0000,18145,0,426809460.000,1,0,1,多换,S,2873.0000,2872.8000,2872.6000,2872.4000,2872.2000,2873.8000,2874.0000,2874.2000,2874.6000,2874.8000,1,1,2,1,1,3,2,1,1,2
SF,IH2009,2020-06-30 09:34:36.400,2873.0000,18145,0,426809460.000,0,-,-,-,-,2873.2000,2873.0000,2872.8000,2872.6000,2872.4000,2873.8000,2874.2000,2874.6000,2874.8000,2875.8000,1,1,1,2,1,3,1,1,2,1
SF,IH2009,2020-06-30 09:34:36.900,2873.0000,18145,0,426809460.000,0,-,-,-,-,2873.2000,2873.0000,2872.8000,2872.6000,2872.4000,2874.2000,2874.6000,2874.8000,2875.8000,2876.2000,2,1,1,2,1,1,1,2,1,1
SF,IH2009,2020-06-30 09:34:37.400,2873.0000,18143,-2,428533260.000,2,0,2,双平,S,2873.0000,2872.8000,2872.6000,2872.4000,2872.2000,2874.0000,2874.2000,2874.6000,2874.8000,2875.8000,1,1,1,1,1,2,1,1,2,1
SF,IH2009,2020-06-30 09:34:37.900,2873.0000,18143,0,428533260.000,0,-,-,-,-,2873.2000,2873.0000,2872.8000,2872.4000,2872.2000,2874.0000,2874.2000,2874.6000,2874.8000,2875.8000,1,1,1,1,1,1,1,1,2,1
SF,IH2009,2020-06-30 09:34:38.900,2873.0000,18143,0,428533260.000,0,-,-,-,-,2873.2000,2873.0000,2872.8000,2872.4000,2872.2000,2874.2000,2874.6000,2874.8000,2875.8000,2876.2000,1,1,1,1,1,1,1,2,1,1
SF,IH2009,2020-06-30 09:34:39.400,2873.0000,18143,0,428533260.000,0,-,-,-,-,2873.2000,2873.0000,2872.4000,2872.2000,2872.0000,2874.2000,2874.6000,2874.8000,2875.8000,2876.2000,1,2,1,1,4,1,1,2,1,1
SF,IH2009,2020-06-30 09:34:39.900,2873.0000,18143,0,428533260.000,0,-,-,-,-,2873.4000,2873.2000,2873.0000,2872.2000,2872.0000,2874.0000,2874.2000,2874.6000,2874.8000,2875.8000,1,1,2,1,4,1,1,1,2,1
SF,IH2009,2020-06-30 09:34:40.400,2874.0000,18142,-1,429395460.000,1,0,1,双平,S,2873.4000,2873.2000,2873.0000,2872.2000,2872.0000,2874.2000,2874.6000,2874.8000,2875.8000,2876.2000,2,1,2,1,4,1,1,2,1,1
SF,IH2009,2020-06-30 09:34:41.900,2873.4000,18142,0,430257480.000,1,0,1,多换,S,2873.4000,2873.2000,2873.0000,2872.2000,2872.0000,2874.2000,2874.6000,2874.8000,2875.8000,2876.2000,1,1,2,1,4,1,1,2,1,1
SF,IH2009,2020-06-30 09:34:42.400,2874.2000,18141,-1,431119740.000,1,0,1,双平,S,2873.4000,2873.2000,2873.0000,2872.2000,2872.0000,2874.0000,2874.6000,2874.8000,2875.8000,2876.2000,1,1,2,1,4,1,1,2,1,1
SF,IH2009,2020-06-30 09:34:42.900,2874.0000,18141,0,432844140.000,2,1,1,多换,S,2873.6000,2873.4000,2873.0000,2872.2000,2872.0000,2874.6000,2874.8000,2875.8000,2876.2000,2877.0000,1,2,1,1,4,1,2,1,1,2
SF,IH2009,2020-06-30 09:34:43.400,2874.0000,18141,0,432844140.000,0,-,-,-,-,2873.6000,2873.4000,2873.0000,2872.2000,2872.0000,2874.6000,2874.8000,2875.8000,2876.2000,2877.0000,1,1,1,1,4,1,2,1,1,2
SF,IH2009,2020-06-30 09:34:43.900,2874.0000,18141,0,432844140.000,0,-,-,-,-,2873.6000,2873.4000,2873.0000,2872.2000,2872.0000,2874.4000,2874.6000,2874.8000,2875.8000,2876.2000,1,1,1,1,4,1,1,2,1,1
SF,IH2009,2020-06-30 09:34:44.400,2874.0000,18141,0,432844140.000,0,-,-,-,-,2873.6000,2873.4000,2873.0000,2872.2000,2872.0000,2874.6000,2874.8000,2875.8000,2876.2000,2877.0000,1,1,1,1,4,1,2,1,1,2
SF,IH2009,2020-06-30 09:34:44.900,2874.0000,18141,0,432844140.000,0,-,-,-,-,2873.8000,2873.6000,2873.4000,2873.0000,2872.2000,2874.2000,2874.6000,2874.8000,2875.8000,2876.2000,1,1,1,1,1,1,1,2,1,1
SF,IH2009,2020-06-30 09:34:45.900,2874.0000,18141,0,432844140.000,0,-,-,-,-,2873.8000,2873.6000,2873.4000,2873.0000,2872.8000,2874.2000,2874.6000,2874.8000,2875.8000,2876.2000,1,1,1,1,1,1,1,2,1,1
SF,IH2009,2020-06-30 09:34:46.400,2874.2000,18140,-1,433706400.000,1,0,1,双平,S,2873.8000,2873.6000,2873.0000,2872.8000,2872.2000,2874.6000,2874.8000,2875.8000,2876.2000,2877.0000,1,1,1,1,1,1,2,1,1,2
SF,IH2009,2020-06-30 09:34:46.900,2874.2000,18140,0,433706400.000,0,-,-,-,-,2874.2000,2873.8000,2873.6000,2873.0000,2872.8000,2874.6000,2874.8000,2875.8000,2876.2000,2877.0000,1,1,1,1,1,1,2,1,1,2
SF,IH2009,2020-06-30 09:34:48.400,2874.6000,18141,1,434568780.000,1,1,0,双开,S,2874.2000,2873.8000,2873.6000,2873.0000,2872.8000,2874.8000,2875.8000,2876.2000,2877.0000,2877.4000,1,1,1,1,1,2,1,1,2,1
SF,IH2009,2020-06-30 09:34:51.900,2874.6000,18142,1,436293420.000,2,1,1,空开,S,2873.8000,2873.6000,2873.0000,2872.8000,2872.2000,2874.8000,2875.8000,2876.2000,2877.0000,2877.4000,1,1,1,1,1,2,1,1,2,1
SF,IH2009,2020-06-30 09:34:52.400,2874.6000,18142,0,436293420.000,0,-,-,-,-,2874.0000,2873.0000,2872.8000,2872.2000,2872.0000,2874.8000,2875.8000,2876.2000,2877.0000,2877.4000,2,1,1,1,3,2,1,1,2,1
SF,IH2009,2020-06-30 09:34:52.900,2874.6000,18142,0,436293420.000,0,-,-,-,-,2874.0000,2873.0000,2872.8000,2872.2000,2872.0000,2874.8000,2875.8000,2876.2000,2877.0000,2877.4000,1,1,1,1,3,2,1,1,2,1
SF,IH2009,2020-06-30 09:34:58.400,2874.6000,18142,0,436293420.000,0,-,-,-,-,2874.0000,2873.0000,2872.8000,2872.2000,2872.0000,2874.8000,2875.8000,2876.2000,2877.0000,2877.4000,2,1,1,1,3,2,1,1,2,1
SF,IH2009,2020-06-30 09:35:01.900,2874.6000,18142,0,436293420.000,0,-,-,-,-,2874.0000,2873.0000,2872.8000,2872.2000,2872.0000,2874.8000,2875.8000,2876.2000,2877.0000,2877.4000,2,1,1,1,3,2,1,1,2,1
SF,IH2009,2020-06-30 09:35:02.900,2874.6000,18142,0,436293420.000,0,-,-,-,-,2874.2000,2874.0000,2873.0000,2872.8000,2872.2000,2874.8000,2875.8000,2876.2000,2877.0000,2877.4000,3,2,1,1,1,2,1,1,2,1
SF,IH2009,2020-06-30 09:35:03.400,2874.6000,18142,0,436293420.000,0,-,-,-,-,2874.4000,2874.2000,2874.0000,2873.0000,2872.8000,2874.8000,2875.8000,2876.2000,2877.0000,2877.4000,1,3,1,1,1,2,1,1,2,1
SF,IH2009,2020-06-30 09:35:03.900,2874.8000,18140,-2,438018300.000,2,0,2,双平,S,2874.4000,2874.2000,2874.0000,2873.0000,2872.8000,2875.8000,2876.2000,2877.0000,2877.4000,2878.0000,1,2,1,1,1,1,1,2,1,5
SF,IH2009,2020-06-30 09:35:04.400,2874.8000,18140,0,438018300.000,0,-,-,-,-,2874.4000,2874.0000,2873.0000,2872.8000,2872.2000,2875.6000,2875.8000,2876.2000,2877.0000,2877.4000,1,1,1,1,1,2,1,1,2,1
SF,IH2009,2020-06-30 09:35:04.900,2874.8000,18140,0,438018300.000,0,-,-,-,-,2874.6000,2874.4000,2874.0000,2873.0000,2872.8000,2875.8000,2876.2000,2877.0000,2877.4000,2878.0000,1,1,1,1,1,1,1,2,1,5
SF,IH2009,2020-06-30 09:35:05.400,2874.8000,18140,0,438018300.000,0,-,-,-,-,2874.8000,2874.6000,2874.0000,2873.0000,2872.8000,2875.6000,2875.8000,2876.2000,2877.0000,2877.4000,1,1,1,1,1,1,1,1,2,1
SF,IH2009,2020-06-30 09:35:05.900,2874.8000,18140,0,438018300.000,0,-,-,-,-,2874.8000,2874.0000,2873.0000,2872.8000,2872.2000,2875.8000,2876.2000,2877.0000,2877.4000,2878.0000,2,1,1,1,1,1,1,2,1,5
SF,IH2009,2020-06-30 09:35:07.400,2874.8000,18140,0,438018300.000,0,-,-,-,-,2874.8000,2874.0000,2873.0000,2872.8000,2872.2000,2875.2000,2875.8000,2876.2000,2877.0000,2877.4000,2,2,1,1,1,1,1,1,2,1
SF,IH2009,2020-06-30 09:35:07.900,2875.2000,18139,-1,438880860.000,1,0,1,双平,S,2875.2000,2874.8000,2874.0000,2873.0000,2872.8000,2876.2000,2877.0000,2877.4000,2878.0000,2878.8000,1,2,2,1,1,1,2,1,5,2
SF,IH2009,2020-06-30 09:35:08.400,2875.2000,18138,-1,439743420.000,1,0,1,双平,S,2874.8000,2874.0000,2873.0000,2872.8000,2872.2000,2876.0000,2876.2000,2876.4000,2877.0000,2877.4000,2,2,1,1,1,1,1,1,2,1
SF,IH2009,2020-06-30 09:35:08.900,2875.2000,18138,0,439743420.000,0,-,-,-,-,2875.0000,2874.8000,2874.0000,2873.0000,2872.8000,2876.0000,2876.2000,2876.4000,2877.0000,2877.4000,1,2,2,1,1,1,1,1,2,1
SF,IH2009,2020-06-30 09:35:09.400,2875.2000,18138,0,439743420.000,0,-,-,-,-,2875.2000,2875.0000,2874.8000,2874.0000,2873.0000,2876.0000,2876.2000,2876.4000,2877.0000,2877.4000,1,1,1,2,1,1,1,1,2,1
SF,IH2009,2020-06-30 09:35:09.900,2875.2000,18137,-1,440605980.000,1,0,1,双平,S,2875.0000,2874.0000,2873.0000,2872.8000,2872.2000,2876.0000,2876.2000,2876.4000,2877.0000,2877.4000,2,2,1,1,1,1,1,1,2,1
