市场代码,合约代码,时间,最新,持仓,增仓,成交额,成交量,开仓,平仓,成交类型,方向,买一价,买二价,买三价,买四价,买五价,卖一价,卖二价,卖三价,卖四价,卖五价,买一量,买二量,买三量,买四量,买五量,卖一量,卖二量,卖三量,卖四量,卖五量
SF,IH2006,2020-01-22 09:29:00.400,3005.8000,9770,0,6312180.000,7.000,-,-,-,-,3005.8000,3005.4000,3005.0000,3004.6000,3004.2000,3014.4000,3014.6000,3015.4000,3016.0000,3017.4000,1,2,2,2,2,2,1,1,1,1
SF,IH2006,2020-01-22 09:30:00.400,3012.0000,9771,1,8117520.000,2,1,1,空开,S,3009.6000,3008.2000,3008.0000,3007.2000,3007.0000,3010.0000,3012.2000,3012.4000,3014.0000,3014.4000,1,1,1,1,1,3,1,2,8,2
SF,IH2006,2020-01-22 09:30:00.900,3008.0000,9766,-5,12631380.000,5,0,5,双平,S,3007.2000,3007.0000,3006.8000,3006.6000,3006.2000,3010.0000,3014.4000,3016.0000,3017.2000,3019.4000,1,1,1,2,7,2,2,1,1,1
SF,IH2006,2020-01-22 09:30:01.400,3008.0000,9766,0,12631380.000,0,-,-,-,-,3009.0000,3008.4000,3007.6000,3007.4000,3007.2000,3010.0000,3014.4000,3016.0000,3017.2000,3020.0000,2,1,7,5,2,2,2,1,6,3
SF,IH2006,2020-01-22 09:30:01.900,3008.0000,9766,0,12631380.000,0,-,-,-,-,3009.0000,3008.4000,3007.6000,3007.4000,3007.2000,3010.0000,3014.4000,3016.0000,3017.2000,3020.0000,2,1,7,5,2,2,2,1,6,3
SF,IH2006,2020-01-22 09:30:02.400,3008.0000,9766,0,12631380.000,0,-,-,-,-,3009.2000,3009.0000,3008.4000,3007.4000,3007.2000,3010.0000,3016.0000,3017.2000,3020.0000,3025.0000,7,2,1,5,2,2,1,6,3,3
SF,IH2006,2020-01-22 09:30:02.900,3008.0000,9766,0,12631380.000,0,-,-,-,-,3009.2000,3009.0000,3008.4000,3007.4000,3007.2000,3010.0000,3016.0000,3017.2000,3020.0000,3025.0000,7,2,1,5,2,2,1,6,3,3
SF,IH2006,2020-01-22 09:30:03.400,3010.0000,9765,-1,13534380.000,1,0,1,双平,S,3009.0000,3008.4000,3007.4000,3007.2000,3007.0000,3010.0000,3016.0000,3017.2000,3020.0000,3025.0000,2,1,5,2,2,1,1,6,3,3
SF,IH2006,2020-01-22 09:30:04.400,3010.0000,9765,0,14437380.000,1,0,1,多换,S,3009.0000,3008.4000,3007.4000,3007.2000,3007.0000,3016.0000,3017.2000,3020.0000,3025.0000,3027.8000,2,1,3,2,2,1,6,3,3,1
SF,IH2006,2020-01-22 09:30:04.900,3010.0000,9765,0,14437380.000,0,-,-,-,-,3009.2000,3009.0000,3008.4000,3007.2000,3007.0000,3012.4000,3012.6000,3013.0000,3014.0000,3015.0000,1,2,1,2,2,1,1,1,1,5
SF,IH2006,2020-01-22 09:30:05.400,3010.0000,9765,0,14437380.000,0,-,-,-,-,3009.4000,3009.2000,3009.0000,3007.2000,3007.0000,3012.2000,3013.0000,3014.0000,3015.0000,3015.6000,8,1,2,2,2,6,1,1,5,9
SF,IH2006,2020-01-22 09:30:05.900,3010.0000,9765,0,14437380.000,0,-,-,-,-,3009.6000,3009.4000,3009.0000,3007.2000,3007.0000,3012.2000,3013.0000,3014.0000,3015.0000,3015.6000,1,8,2,2,2,5,1,1,5,9
SF,IH2006,2020-01-22 09:30:06.400,3010.0000,9765,0,15340380.000,1,0,1,多换,S,3010.0000,3009.8000,3009.6000,3009.0000,3007.2000,3012.2000,3013.0000,3014.0000,3015.0000,3015.6000,6,1,1,2,2,5,1,1,5,8
SF,IH2006,2020-01-22 09:30:06.900,3010.0000,9765,0,15340380.000,0,-,-,-,-,3010.2000,3010.0000,3009.0000,3007.2000,3007.0000,3012.2000,3013.0000,3014.0000,3015.0000,3015.6000,2,6,2,2,2,3,1,1,5,8
SF,IH2006,2020-01-22 09:30:07.400,3010.0000,9764,-1,17146380.000,2,0,2,多平,S,3010.6000,3010.2000,3009.0000,3007.2000,3007.0000,3012.2000,3013.0000,3014.0000,3015.0000,3015.6000,4,2,2,2,2,2,1,1,5,2
SF,IH2006,2020-01-22 09:30:07.900,3010.0000,9764,0,18049380.000,1,0,1,多换,S,3012.2000,3010.8000,3010.2000,3009.0000,3007.2000,3013.0000,3015.0000,3015.6000,3015.8000,3016.0000,9,1,1,2,2,1,1,2,4,2
SF,IH2006,2020-01-22 09:30:08.400,3012.8000,9764,0,25278600.000,8,4,4,多换,S,3012.2000,3010.2000,3009.0000,3007.2000,3007.0000,3012.8000,3013.0000,3015.0000,3015.6000,3015.8000,2,1,2,2,2,1,1,1,2,4
SF,IH2006,2020-01-22 09:30:08.900,3012.2000,9764,0,27085920.000,2,1,1,多换,S,3010.2000,3009.0000,3007.2000,3007.0000,3006.8000,3012.8000,3013.0000,3015.0000,3015.6000,3015.8000,1,2,2,2,1,1,1,1,2,4
SF,IH2006,2020-01-22 09:30:09.400,3012.2000,9764,0,27085920.000,0,-,-,-,-,3010.4000,3010.2000,3009.0000,3007.2000,3007.0000,3013.0000,3015.0000,3015.6000,3015.8000,3016.0000,6,1,2,2,2,4,1,2,4,2
SF,IH2006,2020-01-22 09:30:09.900,3012.2000,9764,0,27085920.000,0,-,-,-,-,3012.0000,3010.6000,3010.4000,3009.0000,3007.2000,3013.0000,3015.0000,3015.6000,3015.8000,3016.0000,1,1,6,1,2,4,1,2,4,2
SF,IH2006,2020-01-22 09:30:10.400,3012.2000,9764,0,27085920.000,0,-,-,-,-,3012.0000,3010.6000,3010.4000,3009.0000,3007.2000,3012.2000,3012.8000,3013.0000,3015.0000,3015.6000,1,1,6,1,2,1,1,4,1,2
SF,IH2006,2020-01-22 09:30:10.900,3012.2000,9763,-1,28893240.000,2,0,2,多平,S,3012.4000,3012.2000,3012.0000,3010.6000,3010.4000,3012.8000,3013.0000,3015.0000,3015.6000,3015.8000,2,1,1,1,6,1,4,1,2,4
SF,IH2006,2020-01-22 09:30:11.400,3012.6000,9762,-1,29797020.000,1,0,1,双平,S,3012.4000,3012.2000,3012.0000,3010.6000,3010.4000,3012.8000,3013.0000,3015.0000,3015.6000,3015.8000,2,1,1,1,6,1,4,1,2,4
SF,IH2006,2020-01-22 09:30:11.900,3012.6000,9762,0,29797020.000,0,-,-,-,-,3012.2000,3012.0000,3010.6000,3010.4000,3009.0000,3012.8000,3013.0000,3015.0000,3015.6000,3015.8000,1,1,1,6,1,1,4,1,2,4
SF,IH2006,2020-01-22 09:30:12.400,3012.8000,9761,-1,30700860.000,1,0,1,双平,S,3012.2000,3012.0000,3010.6000,3010.4000,3009.0000,3012.4000,3013.0000,3015.0000,3015.6000,3015.8000,1,1,1,5,1,4,4,1,2,4
SF,IH2006,2020-01-22 09:30:12.900,3012.4000,9757,-4,34315740.000,4,0,4,双平,S,3012.0000,3010.6000,3010.4000,3009.0000,3007.2000,3013.0000,3015.0000,3015.6000,3015.8000,3016.0000,1,1,5,1,2,3,1,2,4,2
SF,IH2006,2020-01-22 09:30:13.400,3012.4000,9757,0,34315740.000,0,-,-,-,-,3012.2000,3012.0000,3010.6000,3010.4000,3009.0000,3013.0000,3015.0000,3015.6000,3015.8000,3016.0000,1,1,1,5,1,3,1,2,4,2
SF,IH2006,2020-01-22 09:30:13.900,3012.4000,9757,0,34315740.000,0,-,-,-,-,3012.2000,3012.0000,3010.6000,3010.4000,3009.0000,3013.0000,3015.0000,3015.6000,3015.8000,3016.0000,1,1,1,5,1,3,1,2,4,2
SF,IH2006,2020-01-22 09:30:14.400,3012.0000,9756,-1,36123000.000,2,0,2,多平,S,3010.6000,3010.4000,3009.0000,3007.2000,3007.0000,3012.0000,3013.0000,3015.0000,3015.6000,3015.8000,1,5,1,2,1,1,3,1,2,4
SF,IH2006,2020-01-22 09:30:14.900,3012.0000,9756,0,36123000.000,0,-,-,-,-,3010.8000,3010.6000,3010.4000,3009.0000,3007.2000,3012.2000,3013.0000,3015.0000,3015.6000,3015.8000,3,1,4,1,2,1,3,1,2,4
SF,IH2006,2020-01-22 09:30:15.400,3012.0000,9756,0,36123000.000,0,-,-,-,-,3011.0000,3010.8000,3010.6000,3010.4000,3009.0000,3012.2000,3013.0000,3015.0000,3015.6000,3015.8000,1,2,1,4,1,1,3,1,2,4
SF,IH2006,2020-01-22 09:30:15.900,3012.2000,9756,0,37026660.000,1,0,1,多换,S,3011.2000,3011.0000,3010.8000,3010.6000,3010.4000,3013.0000,3015.0000,3015.6000,3015.8000,3016.0000,1,1,1,1,4,3,1,2,4,2
SF,IH2006,2020-01-22 09:30:16.400,3011.4000,9755,-1,37930080.000,1,0,1,双平,S,3011.2000,3011.0000,3010.8000,3009.0000,3007.2000,3012.2000,3012.8000,3013.0000,3015.0000,3015.6000,1,1,1,1,2,1,2,4,1,2
SF,IH2006,2020-01-22 09:30:16.900,3012.2000,9756,1,38833740.000,1,1,0,双开,S,3011.2000,3011.0000,3010.8000,3009.0000,3007.2000,3012.8000,3013.0000,3015.0000,3015.6000,3015.8000,1,1,1,1,2,2,4,1,2,4
SF,IH2006,2020-01-22 09:30:17.900,3012.2000,9756,0,38833740.000,0,-,-,-,-,3011.2000,3011.0000,3010.8000,3009.0000,3007.2000,3012.8000,3013.0000,3015.0000,3015.6000,3015.8000,1,1,1,1,2,1,4,1,2,4
SF,IH2006,2020-01-22 09:30:18.400,3012.2000,9756,0,38833740.000,0,-,-,-,-,3011.4000,3011.2000,3011.0000,3009.0000,3007.2000,3013.0000,3015.0000,3015.6000,3015.8000,3016.0000,2,1,1,1,2,4,1,2,4,2
SF,IH2006,2020-01-22 09:30:18.900,3012.2000,9756,0,38833740.000,0,-,-,-,-,3012.0000,3011.6000,3011.4000,3011.0000,3010.8000,3012.8000,3013.0000,3015.0000,3015.6000,3015.8000,1,1,1,1,1,1,4,1,2,4
SF,IH2006,2020-01-22 09:30:19.400,3012.0000,9756,0,39737340.000,1,0,1,多换,S,3011.6000,3011.0000,3010.8000,3009.0000,3007.2000,3012.8000,3013.0000,3015.0000,3015.6000,3015.8000,1,1,1,1,2,1,4,1,2,4
SF,IH2006,2020-01-22 09:30:19.900,3012.8000,9753,-3,42448140.000,3,0,3,双平,S,3011.0000,3010.8000,3009.0000,3007.2000,3007.0000,3013.0000,3015.0000,3015.6000,3015.8000,3016.0000,1,1,1,2,1,4,1,2,4,2
SF,IH2006,2020-01-22 09:30:20.400,3012.8000,9753,0,42448140.000,0,-,-,-,-,3011.0000,3010.8000,3009.0000,3007.2000,3007.0000,3012.8000,3013.0000,3015.0000,3015.6000,3015.8000,1,1,1,2,1,3,4,1,2,4
SF,IH2006,2020-01-22 09:30:20.900,3012.8000,9753,0,42448140.000,0,-,-,-,-,3011.6000,3011.0000,3010.8000,3009.0000,3007.2000,3012.8000,3013.0000,3015.0000,3015.6000,3015.8000,1,1,1,1,2,3,4,1,2,4
SF,IH2006,2020-01-22 09:30:21.400,3012.8000,9753,0,43351980.000,1,0,1,多换,S,3011.6000,3011.0000,3010.8000,3009.0000,3007.2000,3012.8000,3013.0000,3015.0000,3015.6000,3015.8000,1,1,1,1,2,3,4,1,2,4
SF,IH2006,2020-01-22 09:30:21.900,3012.8000,9753,0,43351980.000,0,-,-,-,-,3011.6000,3011.0000,3010.8000,3009.0000,3007.2000,3012.8000,3013.0000,3015.0000,3015.6000,3015.8000,1,1,1,1,2,3,4,1,2,4
SF,IH2006,2020-01-22 09:30:22.900,3012.8000,9753,0,44255820.000,1,0,1,多换,S,3011.6000,3011.0000,3010.8000,3009.0000,3007.2000,3012.8000,3013.0000,3015.0000,3015.6000,3015.8000,1,1,1,1,2,2,4,1,2,4
SF,IH2006,2020-01-22 09:30:23.400,3011.6000,9753,0,45159300.000,1,0,1,多换,S,3011.0000,3010.8000,3009.0000,3007.2000,3007.0000,3011.6000,3012.8000,3013.0000,3015.0000,3015.6000,1,1,1,2,1,1,2,4,1,2
SF,IH2006,2020-01-22 09:30:23.900,3011.6000,9753,0,45159300.000,0,-,-,-,-,3011.2000,3011.0000,3010.8000,3009.0000,3007.2000,3011.6000,3012.8000,3013.0000,3015.0000,3015.6000,2,1,1,1,2,1,1,4,1,2
SF,IH2006,2020-01-22 09:30:24.400,3011.2000,9751,-2,46966140.000,2,0,2,双平,S,3011.2000,3011.0000,3010.8000,3009.0000,3007.2000,3012.8000,3013.0000,3015.0000,3015.6000,3015.8000,1,1,1,1,2,1,4,1,2,4
SF,IH2006,2020-01-22 09:30:24.900,3011.2000,9751,0,46966140.000,0,-,-,-,-,3011.0000,3010.8000,3009.0000,3007.2000,3007.0000,3012.6000,3012.8000,3013.0000,3015.0000,3015.6000,1,1,1,2,1,2,1,4,1,2
SF,IH2006,2020-01-22 09:30:25.400,3011.2000,9751,0,46966140.000,0,-,-,-,-,3011.2000,3011.0000,3010.8000,3009.0000,3007.2000,3012.4000,3012.6000,3013.0000,3015.0000,3015.6000,1,1,1,1,2,1,2,4,1,2
SF,IH2006,2020-01-22 09:30:26.900,3011.2000,9751,0,46966140.000,0,-,-,-,-,3011.2000,3011.0000,3010.8000,3009.0000,3007.2000,3012.2000,3012.4000,3012.6000,3013.0000,3015.0000,1,1,1,1,2,1,1,1,4,1
SF,IH2006,2020-01-22 09:30:27.400,3011.2000,9751,0,46966140.000,0,-,-,-,-,3011.0000,3010.8000,3009.0000,3007.2000,3007.0000,3012.0000,3012.2000,3012.6000,3013.0000,3015.0000,1,1,1,2,1,1,1,1,4,1
SF,IH2006,2020-01-22 09:30:27.900,3010.8000,9749,-2,48772680.000,2,0,2,双平,S,3009.0000,3007.2000,3007.0000,3006.8000,3006.6000,3010.6000,3012.0000,3012.2000,3012.6000,3013.0000,1,2,1,1,1,3,1,1,1,4
SF,IH2006,2020-01-22 09:30:28.400,3010.6000,9746,-3,51482220.000,3,0,3,双平,S,3010.8000,3009.6000,3009.4000,3009.2000,3009.0000,3012.0000,3012.2000,3013.0000,3015.0000,3015.6000,2,1,1,5,2,1,1,5,1,2
SF,IH2006,2020-01-22 09:30:29.400,3010.6000,9745,-1,52385400.000,1,0,1,双平,S,3010.8000,3009.6000,3009.0000,3007.2000,3007.0000,3012.0000,3012.2000,3013.0000,3015.0000,3015.6000,1,1,2,2,1,1,1,5,1,2
SF,IH2006,2020-01-22 09:30:29.900,3010.6000,9745,0,52385400.000,0,-,-,-,-,3010.8000,3009.6000,3009.0000,3007.2000,3007.0000,3012.2000,3013.0000,3015.0000,3015.6000,3015.8000,1,1,2,2,1,1,5,1,2,3
SF,IH2006,2020-01-22 09:30:30.400,3010.6000,9745,0,52385400.000,0,-,-,-,-,3011.0000,3010.8000,3009.6000,3009.0000,3007.2000,3013.0000,3015.0000,3015.6000,3015.8000,3016.0000,1,1,1,2,2,5,1,2,3,2
SF,IH2006,2020-01-22 09:30:30.900,3010.6000,9745,0,52385400.000,0,-,-,-,-,3011.0000,3010.8000,3009.6000,3009.0000,3007.2000,3012.8000,3013.0000,3015.0000,3015.6000,3015.8000,1,1,1,2,2,3,5,1,2,3
SF,IH2006,2020-01-22 09:30:31.400,3010.6000,9745,0,52385400.000,0,-,-,-,-,3011.0000,3010.8000,3009.6000,3009.0000,3007.2000,3012.8000,3013.0000,3015.0000,3015.6000,3015.8000,1,1,1,2,2,2,5,1,2,3
SF,IH2006,2020-01-22 09:30:33.900,3011.0000,9744,-1,53288700.000,1,0,1,双平,S,3010.8000,3009.6000,3009.0000,3007.2000,3007.0000,3012.8000,3013.0000,3015.0000,3015.6000,3015.8000,1,1,2,2,1,2,5,1,2,3
SF,IH2006,2020-01-22 09:30:34.400,3011.0000,9744,0,53288700.000,0,-,-,-,-,3010.8000,3009.0000,3007.2000,3007.0000,3006.8000,3012.6000,3012.8000,3013.0000,3015.0000,3015.6000,1,2,2,1,1,1,2,5,1,2
SF,IH2006,2020-01-22 09:30:34.900,3011.0000,9744,0,53288700.000,0,-,-,-,-,3009.0000,3007.2000,3007.0000,3006.8000,3006.6000,3012.4000,3012.6000,3013.0000,3015.0000,3015.6000,2,2,1,1,1,2,1,5,1,2
SF,IH2006,2020-01-22 09:30:35.400,3011.0000,9744,0,53288700.000,0,-,-,-,-,3011.0000,3010.0000,3009.8000,3009.6000,3009.4000,3012.2000,3012.4000,3013.0000,3015.0000,3015.6000,3,1,1,1,4,1,2,5,1,2
SF,IH2006,2020-01-22 09:30:36.900,3011.0000,9744,0,55998600.000,3,1,2,多换,S,3009.6000,3009.4000,3009.2000,3009.0000,3007.2000,3012.2000,3012.4000,3013.0000,3015.0000,3015.6000,1,4,1,3,2,1,2,5,1,2
SF,IH2006,2020-01-22 09:30:37.400,3011.0000,9744,0,55998600.000,0,-,-,-,-,3011.0000,3009.8000,3009.0000,3007.2000,3007.0000,3012.0000,3012.2000,3012.4000,3013.0000,3015.0000,2,1,3,2,1,1,1,1,5,1
SF,IH2006,2020-01-22 09:30:37.900,3011.0000,9744,0,55998600.000,0,-,-,-,-,3011.0000,3009.8000,3009.0000,3007.2000,3007.0000,3012.0000,3012.2000,3012.4000,3013.0000,3015.0000,2,1,3,2,1,1,2,1,5,1
SF,IH2006,2020-01-22 09:30:38.400,3011.0000,9744,0,55998600.000,0,-,-,-,-,3011.0000,3009.8000,3009.0000,3007.2000,3007.0000,3012.2000,3013.0000,3015.0000,3015.6000,3015.8000,2,1,3,2,1,2,5,1,2,3
SF,IH2006,2020-01-22 09:30:38.900,3011.0000,9744,0,56901900.000,1,0,1,多换,S,3011.0000,3009.8000,3009.0000,3007.2000,3007.0000,3012.2000,3013.0000,3015.0000,3015.6000,3015.8000,1,1,3,2,1,2,5,1,2,3
SF,IH2006,2020-01-22 09:30:39.400,3011.0000,9744,0,56901900.000,0,-,-,-,-,3011.0000,3009.8000,3009.0000,3007.2000,3007.0000,3012.2000,3013.0000,3015.0000,3015.6000,3015.8000,1,1,3,2,1,2,5,1,2,3
SF,IH2006,2020-01-22 09:30:39.900,3011.0000,9744,0,56901900.000,0,-,-,-,-,3011.0000,3009.8000,3009.0000,3007.2000,3007.0000,3012.2000,3013.0000,3015.0000,3015.6000,3015.8000,1,1,3,2,1,2,5,1,2,3
SF,IH2006,2020-01-22 09:30:40.400,3011.0000,9744,0,56901900.000,0,-,-,-,-,3011.0000,3009.8000,3009.0000,3007.2000,3007.0000,3012.2000,3013.0000,3015.0000,3015.6000,3015.8000,1,1,3,2,1,2,5,1,2,3
SF,IH2006,2020-01-22 09:30:46.900,3011.0000,9744,0,56901900.000,0,-,-,-,-,3011.0000,3009.8000,3009.0000,3007.2000,3007.0000,3012.0000,3012.2000,3013.0000,3015.0000,3015.6000,1,1,3,2,1,2,2,5,1,2
SF,IH2006,2020-01-22 09:30:47.400,3011.8000,9743,-1,58708740.000,2,0,2,多平,S,3009.8000,3009.0000,3007.2000,3007.0000,3006.8000,3011.8000,3012.0000,3012.2000,3013.0000,3015.0000,1,3,2,1,1,1,2,1,5,1
SF,IH2006,2020-01-22 09:30:47.900,3011.8000,9743,0,58708740.000,0,-,-,-,-,3010.0000,3009.8000,3009.0000,3007.2000,3007.0000,3011.6000,3011.8000,3012.2000,3013.0000,3015.0000,1,1,1,2,1,2,1,1,5,1
SF,IH2006,2020-01-22 09:30:48.400,3011.8000,9743,0,58708740.000,0,-,-,-,-,3010.2000,3010.0000,3009.0000,3007.2000,3007.0000,3011.6000,3011.8000,3012.2000,3013.0000,3015.0000,1,1,1,2,1,2,1,1,5,1
SF,IH2006,2020-01-22 09:30:48.900,3011.8000,9743,0,58708740.000,0,-,-,-,-,3010.2000,3010.0000,3009.0000,3007.2000,3007.0000,3011.8000,3012.2000,3013.0000,3015.0000,3015.6000,1,1,1,2,1,1,1,5,1,2
SF,IH2006,2020-01-22 09:30:49.400,3011.8000,9743,0,58708740.000,0,-,-,-,-,3010.2000,3009.0000,3007.2000,3007.0000,3006.8000,3011.6000,3011.8000,3012.2000,3013.0000,3015.0000,1,1,2,1,1,2,1,1,5,1
SF,IH2006,2020-01-22 09:30:49.900,3011.8000,9743,0,58708740.000,0,-,-,-,-,3009.0000,3007.2000,3007.0000,3006.8000,3006.6000,3011.4000,3011.6000,3012.2000,3013.0000,3015.0000,1,2,1,1,1,1,2,1,5,1
SF,IH2006,2020-01-22 09:30:50.400,3011.8000,9743,0,58708740.000,0,-,-,-,-,3009.2000,3007.2000,3007.0000,3006.8000,3006.6000,3011.2000,3011.4000,3012.2000,3013.0000,3015.0000,1,2,1,1,1,2,1,1,5,1
SF,IH2006,2020-01-22 09:30:50.900,3011.8000,9743,0,58708740.000,0,-,-,-,-,3010.4000,3007.2000,3007.0000,3006.8000,3006.6000,3011.0000,3011.2000,3012.2000,3013.0000,3015.0000,2,2,1,1,1,1,2,1,5,1
SF,IH2006,2020-01-22 09:30:51.400,3010.4000,9741,-2,60514980.000,2,0,2,双平,S,3007.2000,3007.0000,3006.8000,3006.6000,3005.8000,3010.2000,3010.4000,3011.0000,3012.2000,3013.0000,2,1,1,1,6,1,1,1,1,5
SF,IH2006,2020-01-22 09:30:51.900,3010.4000,9741,0,60514980.000,0,-,-,-,-,3008.0000,3007.6000,3007.4000,3007.2000,3007.0000,3010.2000,3012.2000,3013.0000,3015.0000,3015.6000,1,4,2,2,1,1,1,5,1,2
SF,IH2006,2020-01-22 09:30:52.400,3010.4000,9741,0,60514980.000,0,-,-,-,-,3008.2000,3008.0000,3007.4000,3007.2000,3007.0000,3010.2000,3012.2000,3013.0000,3015.0000,3015.6000,5,1,1,2,1,1,1,5,1,2
SF,IH2006,2020-01-22 09:30:52.900,3010.4000,9741,0,60514980.000,0,-,-,-,-,3008.2000,3007.2000,3007.0000,3006.8000,3006.6000,3010.2000,3012.2000,3013.0000,3015.0000,3015.6000,5,2,1,1,1,1,1,5,1,2
SF,IH2006,2020-01-22 09:30:53.400,3010.4000,9741,0,60514980.000,0,-,-,-,-,3008.2000,3007.2000,3007.0000,3006.8000,3006.6000,3012.2000,3013.0000,3015.0000,3015.6000,3015.8000,1,2,1,1,1,1,5,1,2,2
SF,IH2006,2020-01-22 09:30:53.900,3010.4000,9741,0,60514980.000,0,-,-,-,-,3008.2000,3007.2000,3007.0000,3006.8000,3006.6000,3011.8000,3012.0000,3012.2000,3012.4000,3013.0000,1,2,1,1,1,4,6,1,1,5
SF,IH2006,2020-01-22 09:30:54.400,3010.4000,9741,0,60514980.000,0,-,-,-,-,3008.2000,3007.2000,3007.0000,3006.8000,3006.6000,3011.6000,3011.8000,3012.0000,3012.2000,3012.4000,1,2,1,1,1,4,4,3,1,1
SF,IH2006,2020-01-22 09:30:54.900,3010.4000,9741,0,60514980.000,0,-,-,-,-,3008.2000,3007.2000,3007.0000,3006.8000,3006.6000,3011.6000,3011.8000,3012.0000,3012.2000,3012.4000,1,2,1,1,1,4,4,3,1,1
SF,IH2006,2020-01-22 09:30:55.400,3010.4000,9741,0,60514980.000,0,-,-,-,-,3008.4000,3008.2000,3007.2000,3007.0000,3006.8000,3011.6000,3011.8000,3012.0000,3012.2000,3012.4000,2,1,2,1,1,4,4,3,1,1
SF,IH2006,2020-01-22 09:30:55.900,3010.4000,9741,0,60514980.000,0,-,-,-,-,3008.6000,3008.4000,3007.2000,3007.0000,3006.8000,3011.4000,3011.6000,3011.8000,3012.0000,3012.2000,1,1,2,1,1,1,4,4,3,1
SF,IH2006,2020-01-22 09:30:56.400,3010.4000,9741,0,60514980.000,0,-,-,-,-,3008.6000,3007.2000,3007.0000,3006.8000,3006.6000,3011.2000,3011.4000,3011.6000,3011.8000,3012.0000,1,2,1,1,1,3,1,1,4,3
SF,IH2006,2020-01-22 09:30:56.900,3010.4000,9741,0,60514980.000,0,-,-,-,-,3008.6000,3007.4000,3007.2000,3007.0000,3006.8000,3011.2000,3011.4000,3011.6000,3012.0000,3012.2000,1,2,2,1,1,3,1,1,3,1
SF,IH2006,2020-01-22 09:30:57.400,3010.4000,9741,0,60514980.000,0,-,-,-,-,3008.8000,3008.6000,3007.4000,3007.2000,3007.0000,3011.2000,3011.4000,3011.6000,3012.0000,3012.2000,1,1,2,2,1,3,1,1,3,1
SF,IH2006,2020-01-22 09:30:57.900,3010.4000,9741,0,60514980.000,0,-,-,-,-,3008.8000,3007.4000,3007.2000,3007.0000,3006.8000,3011.0000,3011.2000,3011.4000,3011.6000,3012.0000,1,2,2,1,1,1,3,1,1,3
SF,IH2006,2020-01-22 09:30:58.400,3010.4000,9741,0,60514980.000,0,-,-,-,-,3008.8000,3007.4000,3007.0000,3006.8000,3006.6000,3010.8000,3011.0000,3011.4000,3011.6000,3012.0000,1,2,1,1,1,3,1,1,1,3
SF,IH2006,2020-01-22 09:30:58.900,3010.4000,9741,0,60514980.000,0,-,-,-,-,3008.8000,3007.4000,3007.0000,3006.8000,3006.6000,3010.8000,3011.0000,3011.4000,3011.6000,3012.0000,1,2,1,1,1,3,1,1,1,3
SF,IH2006,2020-01-22 09:30:59.400,3010.4000,9741,0,60514980.000,0,-,-,-,-,3007.4000,3007.0000,3006.8000,3006.6000,3005.8000,3010.8000,3011.0000,3011.4000,3011.6000,3012.0000,2,1,1,1,1,3,1,1,1,3
SF,IH2006,2020-01-22 09:30:59.900,3010.4000,9741,0,60514980.000,0,-,-,-,-,3007.6000,3007.4000,3007.2000,3007.0000,3006.8000,3010.8000,3011.0000,3011.4000,3011.6000,3012.0000,5,2,1,1,1,3,1,1,1,3
SF,IH2006,2020-01-22 09:31:00.400,3010.4000,9741,0,60514980.000,0,-,-,-,-,3007.6000,3007.4000,3007.2000,3007.0000,3006.8000,3010.6000,3010.8000,3011.0000,3011.4000,3011.6000,1,2,1,1,1,1,3,1,1,1
SF,IH2006,2020-01-22 09:31:00.900,3010.4000,9741,0,60514980.000,0,-,-,-,-,3007.6000,3007.4000,3007.2000,3007.0000,3006.8000,3010.4000,3010.6000,3011.0000,3011.4000,3011.6000,1,2,1,1,1,3,1,1,1,1
SF,IH2006,2020-01-22 09:31:01.400,3010.4000,9741,0,60514980.000,0,-,-,-,-,3007.8000,3007.6000,3007.4000,3007.2000,3007.0000,3010.4000,3011.0000,3011.4000,3011.6000,3012.0000,4,2,2,1,1,2,1,1,1,3
SF,IH2006,2020-01-22 09:31:01.900,3010.4000,9741,0,60514980.000,0,-,-,-,-,3008.0000,3007.6000,3007.4000,3007.2000,3007.0000,3010.2000,3010.4000,3011.0000,3011.4000,3011.6000,1,1,2,1,1,1,2,1,1,1
SF,IH2006,2020-01-22 09:31:02.400,3010.4000,9741,0,60514980.000,0,-,-,-,-,3008.0000,3007.4000,3007.2000,3007.0000,3006.8000,3010.0000,3010.2000,3011.0000,3011.4000,3011.6000,1,2,1,1,1,2,1,1,1,1
SF,IH2006,2020-01-22 09:31:02.900,3010.4000,9741,0,60514980.000,0,-,-,-,-,3008.0000,3007.4000,3007.2000,3007.0000,3006.8000,3009.8000,3010.0000,3011.0000,3011.4000,3011.6000,1,2,1,1,1,1,2,1,1,1
SF,IH2006,2020-01-22 09:31:03.400,3010.4000,9741,0,60514980.000,0,-,-,-,-,3007.4000,3007.2000,3007.0000,3006.8000,3006.6000,3008.4000,3009.6000,3009.8000,3010.0000,3011.0000,2,1,1,1,1,1,1,1,1,1
SF,IH2006,2020-01-22 09:31:03.900,3008.4000,9741,0,61417500.000,1,0,1,多换,S,3008.6000,3007.6000,3007.4000,3007.2000,3007.0000,3010.0000,3011.0000,3011.4000,3011.6000,3012.0000,2,1,2,1,1,3,1,1,1,3
SF,IH2006,2020-01-22 09:31:04.400,3008.4000,9741,0,61417500.000,0,-,-,-,-,3008.6000,3007.4000,3007.2000,3007.0000,3006.8000,3009.8000,3010.0000,3011.0000,3011.4000,3011.6000,2,2,1,1,1,3,3,1,1,1
SF,IH2006,2020-01-22 09:31:04.900,3009.6000,9740,-1,62320380.000,1,0,1,双平,S,3008.6000,3007.4000,3007.2000,3007.0000,3006.8000,3009.8000,3010.0000,3011.0000,3011.4000,3011.6000,2,2,1,1,1,3,3,1,1,1
SF,IH2006,2020-01-22 09:31:05.400,3009.6000,9740,0,62320380.000,0,-,-,-,-,3008.8000,3008.6000,3007.4000,3007.2000,3007.0000,3010.0000,3011.0000,3011.4000,3011.6000,3012.0000,1,2,2,1,1,7,1,1,1,3
SF,IH2006,2020-01-22 09:31:05.900,3008.8000,9739,-1,63223020.000,1,0,1,双平,S,3008.6000,3007.4000,3007.2000,3007.0000,3006.8000,3010.0000,3011.0000,3011.4000,3011.6000,3012.0000,2,2,1,1,1,7,1,1,1,3
SF,IH2006,2020-01-22 09:31:06.400,3008.8000,9739,0,63223020.000,0,-,-,-,-,3008.8000,3008.6000,3007.4000,3007.2000,3007.0000,3010.0000,3011.0000,3011.4000,3011.6000,3012.0000,1,2,2,1,1,7,1,1,1,3
SF,IH2006,2020-01-22 09:31:06.900,3008.8000,9739,0,63223020.000,0,-,-,-,-,3008.6000,3007.4000,3007.2000,3007.0000,3006.8000,3009.8000,3010.0000,3011.0000,3011.6000,3012.0000,2,2,1,1,1,1,7,1,1,3
SF,IH2006,2020-01-22 09:31:07.400,3008.8000,9739,0,63223020.000,0,-,-,-,-,3008.6000,3007.4000,3007.2000,3007.0000,3006.8000,3009.6000,3009.8000,3010.0000,3011.0000,3011.6000,2,2,1,1,1,1,1,7,1,1
SF,IH2006,2020-01-22 09:31:07.900,3008.8000,9739,0,63223020.000,0,-,-,-,-,3008.6000,3007.4000,3007.2000,3007.0000,3006.8000,3008.8000,3009.6000,3009.8000,3010.0000,3011.0000,2,2,1,1,1,1,2,1,7,1
SF,IH2006,2020-01-22 09:31:08.400,3008.8000,9739,0,64125660.000,1,0,1,多换,S,3008.8000,3008.6000,3007.4000,3007.2000,3007.0000,3009.6000,3009.8000,3010.0000,3011.0000,3011.6000,1,2,2,1,1,1,1,7,1,1
SF,IH2006,2020-01-22 09:31:08.900,3008.8000,9739,0,64125660.000,0,-,-,-,-,3008.6000,3007.4000,3007.0000,3006.8000,3006.6000,3009.6000,3009.8000,3010.0000,3011.0000,3011.6000,2,2,1,1,1,1,1,7,1,1
SF,IH2006,2020-01-22 09:31:09.400,3008.8000,9739,0,64125660.000,0,-,-,-,-,3007.4000,3007.0000,3006.8000,3006.6000,3005.8000,3009.6000,3009.8000,3010.0000,3011.0000,3011.6000,2,1,1,1,1,1,1,7,1,1
SF,IH2006,2020-01-22 09:31:09.900,3008.8000,9739,0,64125660.000,0,-,-,-,-,3007.6000,3007.4000,3007.0000,3006.8000,3006.6000,3009.6000,3009.8000,3010.0000,3011.0000,3011.6000,2,2,1,1,1,1,1,7,1,1
SF,IH2006,2020-01-22 09:31:10.400,3009.4000,9739,0,65028480.000,1,0,1,多换,S,3007.8000,3007.6000,3007.4000,3007.0000,3006.8000,3009.4000,3009.6000,3010.0000,3011.0000,3011.6000,1,1,2,1,1,2,1,7,1,1
SF,IH2006,2020-01-22 09:31:10.900,3009.4000,9739,0,65028480.000,0,-,-,-,-,3007.8000,3007.4000,3007.0000,3006.8000,3006.6000,3009.2000,3009.4000,3009.6000,3010.0000,3011.0000,1,2,1,1,1,1,2,1,7,1
SF,IH2006,2020-01-22 09:31:12.900,3007.8000,9739,0,65930820.000,1,0,1,多换,S,3007.4000,3007.0000,3006.8000,3006.6000,3005.8000,3009.2000,3009.4000,3009.6000,3010.0000,3011.0000,2,1,1,1,1,1,2,1,7,1
SF,IH2006,2020-01-22 09:31:13.400,3007.8000,9739,0,65930820.000,0,-,-,-,-,3007.4000,3007.0000,3006.8000,3006.6000,3005.8000,3009.0000,3009.2000,3009.6000,3010.0000,3011.0000,2,1,1,1,1,2,1,1,7,1
SF,IH2006,2020-01-22 09:31:13.900,3007.8000,9739,0,65930820.000,0,-,-,-,-,3007.4000,3007.0000,3006.8000,3006.6000,3005.8000,3008.8000,3009.0000,3009.2000,3009.6000,3010.0000,2,1,1,1,1,2,2,1,1,7
SF,IH2006,2020-01-22 09:31:14.400,3007.8000,9739,0,65930820.000,0,-,-,-,-,3007.4000,3007.0000,3006.8000,3006.6000,3005.8000,3008.6000,3008.8000,3009.0000,3009.2000,3009.6000,2,1,1,1,1,1,2,1,1,1
SF,IH2006,2020-01-22 09:31:14.900,3007.8000,9739,0,65930820.000,0,-,-,-,-,3007.4000,3007.0000,3006.8000,3006.6000,3005.8000,3008.4000,3008.6000,3008.8000,3009.0000,3009.2000,2,1,1,1,1,1,1,2,1,1
SF,IH2006,2020-01-22 09:31:15.400,3007.8000,9739,0,65930820.000,0,-,-,-,-,3007.4000,3007.0000,3006.8000,3006.6000,3005.8000,3008.4000,3008.6000,3008.8000,3009.0000,3009.6000,2,1,1,1,1,1,1,2,1,1
SF,IH2006,2020-01-22 09:31:15.900,3007.8000,9739,0,65930820.000,0,-,-,-,-,3007.6000,3007.4000,3007.0000,3006.8000,3006.6000,3008.4000,3009.0000,3009.6000,3010.0000,3011.0000,1,2,1,1,1,1,1,1,7,1
SF,IH2006,2020-01-22 09:31:17.900,3008.4000,9739,0,66833340.000,1,0,1,多换,S,3007.6000,3007.4000,3007.0000,3006.8000,3006.6000,3009.0000,3009.6000,3010.0000,3011.0000,3011.6000,1,2,1,1,1,1,1,7,1,1
SF,IH2006,2020-01-22 09:31:18.400,3008.4000,9739,0,66833340.000,0,-,-,-,-,3007.4000,3007.0000,3006.8000,3006.6000,3005.8000,3008.4000,3008.8000,3009.0000,3009.6000,3010.0000,2,1,1,1,1,1,3,1,1,7
SF,IH2006,2020-01-22 09:31:18.900,3008.4000,9739,0,66833340.000,0,-,-,-,-,3007.4000,3007.0000,3006.8000,3006.6000,3005.8000,3008.4000,3008.8000,3009.0000,3009.6000,3010.0000,2,2,1,1,1,1,3,1,1,7
SF,IH2006,2020-01-22 09:31:19.400,3007.4000,9739,0,67735560.000,1,0,1,多换,S,3007.4000,3007.0000,3006.8000,3006.6000,3005.8000,3008.8000,3009.0000,3009.6000,3010.0000,3011.0000,1,2,1,1,1,3,1,1,7,1
SF,IH2006,2020-01-22 09:31:19.900,3007.4000,9739,0,67735560.000,0,-,-,-,-,3007.4000,3007.0000,3006.8000,3006.6000,3005.8000,3008.6000,3008.8000,3009.6000,3010.0000,3011.0000,1,2,1,1,1,1,3,1,7,1
SF,IH2006,2020-01-22 09:31:20.400,3007.4000,9739,0,67735560.000,0,-,-,-,-,3007.4000,3007.0000,3006.8000,3006.6000,3005.8000,3008.4000,3008.8000,3009.6000,3010.0000,3011.0000,1,2,1,1,1,1,2,1,7,1
SF,IH2006,2020-01-22 09:31:20.900,3008.4000,9739,0,68638080.000,1,0,1,多换,S,3007.6000,3007.4000,3007.0000,3006.8000,3006.6000,3008.8000,3009.6000,3010.0000,3011.0000,3011.6000,1,1,2,1,1,1,1,7,1,1
SF,IH2006,2020-01-22 09:31:21.400,3008.4000,9739,0,68638080.000,0,-,-,-,-,3007.6000,3007.4000,3007.0000,3006.8000,3006.6000,3009.6000,3010.0000,3011.0000,3011.6000,3012.0000,1,1,2,1,1,1,7,1,1,3
SF,IH2006,2020-01-22 09:31:21.900,3008.4000,9739,0,68638080.000,0,-,-,-,-,3007.8000,3007.6000,3007.4000,3007.0000,3006.8000,3009.4000,3009.6000,3010.0000,3011.0000,3011.6000,1,1,1,2,1,3,1,7,1,1
SF,IH2006,2020-01-22 09:31:22.400,3008.4000,9739,0,68638080.000,0,-,-,-,-,3007.8000,3007.6000,3007.4000,3007.0000,3006.8000,3009.4000,3009.6000,3010.0000,3011.0000,3011.6000,1,1,1,2,1,3,1,7,1,1
SF,IH2006,2020-01-22 09:31:22.900,3008.4000,9739,0,68638080.000,0,-,-,-,-,3008.0000,3007.4000,3007.0000,3006.8000,3006.6000,3009.2000,3009.4000,3009.6000,3010.0000,3011.0000,1,1,2,1,1,1,3,1,7,1
SF,IH2006,2020-01-22 09:31:23.400,3008.0000,9738,-1,69540480.000,1,0,1,双平,S,3007.4000,3007.0000,3006.8000,3006.6000,3005.8000,3009.2000,3009.4000,3009.6000,3010.0000,3011.0000,1,2,1,1,1,1,3,1,7,1
SF,IH2006,2020-01-22 09:31:23.900,3008.0000,9738,0,69540480.000,0,-,-,-,-,3007.6000,3007.4000,3007.0000,3006.8000,3006.6000,3009.0000,3009.2000,3009.4000,3009.6000,3010.0000,2,1,2,1,1,1,1,2,1,7
SF,IH2006,2020-01-22 09:31:24.400,3008.0000,9738,0,69540480.000,0,-,-,-,-,3007.6000,3007.4000,3007.0000,3006.8000,3006.6000,3009.0000,3009.2000,3009.4000,3009.6000,3010.0000,2,1,2,1,1,1,1,1,1,7
SF,IH2006,2020-01-22 09:31:24.900,3007.8000,9738,0,73150260.000,4,2,2,多换,S,3007.6000,3007.4000,3007.0000,3006.8000,3006.6000,3009.6000,3010.0000,3011.0000,3011.6000,3012.0000,2,1,2,1,1,1,4,1,1,3
SF,IH2006,2020-01-22 09:31:25.400,3007.8000,9738,0,73150260.000,0,-,-,-,-,3007.6000,3007.4000,3007.0000,3006.8000,3006.6000,3009.4000,3010.0000,3011.0000,3011.6000,3012.0000,1,1,2,1,1,1,4,1,1,3
SF,IH2006,2020-01-22 09:31:28.400,3007.6000,9737,-1,74052540.000,1,0,1,双平,S,3007.4000,3007.0000,3006.8000,3006.6000,3005.8000,3007.6000,3009.2000,3009.4000,3010.0000,3011.0000,1,2,1,1,1,1,2,1,4,1
SF,IH2006,2020-01-22 09:31:28.900,3007.6000,9735,-2,75857100.000,2,0,2,双平,S,3007.8000,3007.6000,3007.4000,3007.0000,3006.8000,3010.0000,3011.0000,3011.6000,3012.0000,3012.2000,2,1,1,2,1,4,1,1,3,1
SF,IH2006,2020-01-22 09:31:29.400,3007.6000,9735,0,75857100.000,0,-,-,-,-,3008.0000,3007.8000,3007.6000,3007.4000,3007.0000,3009.6000,3009.8000,3010.0000,3011.0000,3011.6000,1,2,1,1,2,1,3,4,1,1
SF,IH2006,2020-01-22 09:31:29.900,3008.0000,9734,-1,76759500.000,1,0,1,双平,S,3007.8000,3007.6000,3007.4000,3007.0000,3006.8000,3009.4000,3009.6000,3009.8000,3010.0000,3011.0000,2,1,1,2,1,2,1,1,4,1
SF,IH2006,2020-01-22 09:31:30.400,3008.0000,9734,0,76759500.000,0,-,-,-,-,3007.8000,3007.6000,3007.4000,3007.0000,3006.8000,3009.4000,3009.6000,3009.8000,3010.0000,3011.0000,2,1,1,2,1,2,1,1,4,1
SF,IH2006,2020-01-22 09:31:30.900,3008.0000,9734,0,76759500.000,0,-,-,-,-,3008.0000,3007.8000,3007.6000,3007.4000,3007.0000,3009.4000,3009.6000,3010.0000,3011.0000,3011.6000,2,2,1,1,2,1,1,4,1,1
SF,IH2006,2020-01-22 09:31:31.900,3008.0000,9734,0,76759500.000,0,-,-,-,-,3007.8000,3007.6000,3007.4000,3007.0000,3006.8000,3009.2000,3009.4000,3009.6000,3010.0000,3011.0000,2,1,1,2,1,1,1,1,4,1
SF,IH2006,2020-01-22 09:31:32.400,3008.0000,9734,0,76759500.000,0,-,-,-,-,3007.8000,3007.6000,3007.4000,3007.0000,3006.8000,3009.0000,3009.6000,3010.0000,3011.0000,3011.6000,2,1,1,2,1,1,1,4,1,1
SF,IH2006,2020-01-22 09:31:32.900,3008.0000,9734,0,76759500.000,0,-,-,-,-,3008.0000,3007.8000,3007.6000,3007.4000,3007.0000,3009.0000,3009.6000,3010.0000,3011.0000,3011.6000,1,2,1,1,2,1,1,4,1,1
SF,IH2006,2020-01-22 09:31:33.400,3008.0000,9734,0,76759500.000,0,-,-,-,-,3008.0000,3007.8000,3007.6000,3007.4000,3007.0000,3009.0000,3009.6000,3010.0000,3011.0000,3011.6000,1,2,1,1,2,4,1,4,1,1
SF,IH2006,2020-01-22 09:31:33.900,3008.0000,9734,0,76759500.000,0,-,-,-,-,3007.8000,3007.6000,3007.4000,3007.0000,3006.8000,3009.0000,3009.6000,3010.0000,3011.0000,3011.6000,2,1,1,2,1,4,1,4,1,1
SF,IH2006,2020-01-22 09:31:34.900,3008.0000,9734,0,76759500.000,0,-,-,-,-,3007.8000,3007.6000,3007.4000,3007.0000,3006.8000,3009.0000,3009.6000,3010.0000,3011.0000,3011.6000,2,1,1,2,1,4,1,4,1,1
SF,IH2006,2020-01-22 09:31:35.400,3008.0000,9734,0,76759500.000,0,-,-,-,-,3007.8000,3007.6000,3007.4000,3007.0000,3006.8000,3009.0000,3009.6000,3010.0000,3011.0000,3011.6000,3,1,1,2,1,4,1,4,1,1
SF,IH2006,2020-01-22 09:31:35.900,3008.0000,9734,0,76759500.000,0,-,-,-,-,3008.0000,3007.8000,3007.6000,3007.4000,3007.0000,3009.0000,3009.6000,3010.0000,3011.0000,3011.6000,2,3,1,1,2,4,1,4,1,1
SF,IH2006,2020-01-22 09:31:36.900,3009.0000,9733,-1,77662200.000,1,0,1,双平,S,3007.8000,3007.6000,3007.4000,3007.0000,3006.8000,3009.0000,3009.6000,3010.0000,3011.0000,3011.6000,4,1,1,2,1,3,1,4,1,1
SF,IH2006,2020-01-22 09:31:38.400,3009.0000,9733,0,77662200.000,0,-,-,-,-,3008.0000,3007.8000,3007.6000,3007.4000,3007.0000,3009.0000,3009.6000,3010.0000,3011.0000,3011.6000,2,5,1,1,2,3,1,4,1,1
SF,IH2006,2020-01-22 09:31:38.900,3009.0000,9733,0,77662200.000,0,-,-,-,-,3008.0000,3007.8000,3007.6000,3007.4000,3007.0000,3009.0000,3010.0000,3011.0000,3011.6000,3012.0000,2,5,1,1,2,3,4,1,1,3
SF,IH2006,2020-01-22 09:31:39.400,3009.0000,9733,0,77662200.000,0,-,-,-,-,3008.0000,3007.8000,3007.6000,3007.4000,3007.0000,3009.0000,3010.0000,3011.0000,3011.6000,3012.0000,3,5,1,1,2,3,4,1,1,3
SF,IH2006,2020-01-22 09:31:39.900,3009.0000,9733,0,77662200.000,0,-,-,-,-,3008.0000,3007.8000,3007.6000,3007.4000,3007.0000,3009.0000,3010.0000,3011.0000,3011.6000,3012.0000,1,5,1,1,2,3,4,1,1,3
SF,IH2006,2020-01-22 09:31:40.900,3009.0000,9732,-1,78564900.000,1,0,1,双平,S,3008.0000,3007.8000,3007.6000,3007.4000,3007.0000,3009.0000,3010.0000,3011.0000,3011.6000,3012.0000,1,5,1,1,2,2,4,1,1,3
SF,IH2006,2020-01-22 09:31:41.400,3009.0000,9729,-3,81273000.000,3,0,3,双平,S,3008.4000,3008.2000,3008.0000,3007.8000,3007.6000,3010.0000,3011.0000,3011.6000,3012.0000,3012.2000,1,1,1,5,1,4,1,1,3,1
SF,IH2006,2020-01-22 09:31:41.900,3009.0000,9729,0,81273000.000,0,-,-,-,-,3008.6000,3008.4000,3008.0000,3007.8000,3007.6000,3010.0000,3011.6000,3012.0000,3012.2000,3012.4000,3,1,2,5,1,4,1,3,1,1
SF,IH2006,2020-01-22 09:31:42.400,3009.0000,9729,0,81273000.000,0,-,-,-,-,3008.6000,3008.0000,3007.8000,3007.6000,3007.4000,3010.0000,3011.6000,3012.0000,3012.2000,3012.4000,3,2,5,1,1,4,1,3,1,1
SF,IH2006,2020-01-22 09:31:42.900,3009.0000,9729,0,81273000.000,0,-,-,-,-,3009.2000,3009.0000,3008.6000,3008.0000,3007.8000,3010.0000,3012.0000,3012.2000,3012.4000,3013.0000,1,2,4,2,5,4,2,1,1,1
SF,IH2006,2020-01-22 09:31:43.400,3010.0000,9729,0,82176000.000,1,0,1,多换,S,3009.2000,3009.0000,3008.6000,3008.0000,3007.8000,3010.0000,3012.0000,3012.2000,3012.4000,3013.0000,1,1,1,2,5,3,2,1,1,1
SF,IH2006,2020-01-22 09:31:43.900,3010.0000,9729,0,82176000.000,0,-,-,-,-,3009.2000,3008.6000,3008.0000,3007.8000,3007.6000,3010.0000,3012.0000,3012.2000,3012.4000,3013.0000,1,1,2,5,1,3,2,1,1,1
SF,IH2006,2020-01-22 09:31:44.900,3010.0000,9729,0,82176000.000,0,-,-,-,-,3009.2000,3009.0000,3008.6000,3008.0000,3007.8000,3010.0000,3012.2000,3013.0000,3015.6000,3015.8000,1,1,1,2,5,3,1,1,1,2
SF,IH2006,2020-01-22 09:31:45.400,3010.0000,9729,0,82176000.000,0,-,-,-,-,3009.2000,3009.0000,3008.6000,3008.0000,3007.8000,3010.0000,3012.2000,3013.0000,3015.6000,3015.8000,1,2,1,2,5,3,1,1,1,2
SF,IH2006,2020-01-22 09:31:45.900,3010.0000,9729,0,82176000.000,0,-,-,-,-,3009.2000,3009.0000,3008.6000,3008.0000,3007.8000,3010.0000,3012.2000,3013.0000,3015.6000,3015.8000,1,1,1,2,5,3,1,1,1,2
SF,IH2006,2020-01-22 09:31:46.400,3010.0000,9729,0,82176000.000,0,-,-,-,-,3009.2000,3008.6000,3008.0000,3007.8000,3007.6000,3010.0000,3012.2000,3013.0000,3015.6000,3015.8000,1,1,2,5,1,3,1,1,1,2
SF,IH2006,2020-01-22 09:31:46.900,3010.0000,9729,0,82176000.000,0,-,-,-,-,3009.0000,3008.6000,3008.0000,3007.8000,3007.6000,3010.0000,3012.2000,3013.0000,3015.6000,3015.8000,1,1,2,5,1,3,1,1,1,2
SF,IH2006,2020-01-22 09:31:47.400,3010.0000,9729,0,82176000.000,0,-,-,-,-,3009.2000,3008.6000,3008.0000,3007.8000,3007.6000,3010.0000,3012.2000,3013.0000,3015.6000,3015.8000,1,1,2,5,1,3,1,1,1,2
SF,IH2006,2020-01-22 09:31:47.900,3010.0000,9729,0,82176000.000,0,-,-,-,-,3008.6000,3008.0000,3007.8000,3007.6000,3007.4000,3010.0000,3012.2000,3013.0000,3015.6000,3015.8000,1,2,5,1,1,3,1,1,1,2
SF,IH2006,2020-01-22 09:31:48.400,3010.0000,9729,0,82176000.000,0,-,-,-,-,3009.0000,3008.8000,3008.6000,3008.0000,3007.8000,3010.0000,3012.2000,3013.0000,3015.6000,3015.8000,3,2,2,2,5,3,1,1,1,2
SF,IH2006,2020-01-22 09:31:48.900,3010.0000,9729,0,83079000.000,1,0,1,多换,S,3009.0000,3008.8000,3008.6000,3008.0000,3007.8000,3010.0000,3012.2000,3013.0000,3015.6000,3015.8000,1,2,1,2,5,2,1,1,1,2
SF,IH2006,2020-01-22 09:31:49.900,3010.0000,9729,0,83079000.000,0,-,-,-,-,3009.0000,3008.6000,3008.0000,3007.8000,3007.6000,3010.0000,3012.2000,3013.0000,3015.6000,3015.8000,1,1,2,5,1,2,1,1,1,2
SF,IH2006,2020-01-22 09:31:51.400,3010.0000,9731,2,84885000.000,2,2,0,双开,S,3009.0000,3008.6000,3008.0000,3007.8000,3007.6000,3012.2000,3013.0000,3015.6000,3015.8000,3016.0000,1,1,2,5,1,1,1,1,2,1
SF,IH2006,2020-01-22 09:31:51.900,3010.0000,9731,0,84885000.000,0,-,-,-,-,3009.0000,3008.0000,3007.8000,3007.6000,3007.4000,3011.4000,3011.8000,3012.0000,3012.2000,3012.4000,1,2,5,1,1,1,4,5,1,1
SF,IH2006,2020-01-22 09:31:52.400,3010.0000,9731,0,84885000.000,0,-,-,-,-,3009.0000,3008.0000,3007.8000,3007.6000,3007.4000,3011.2000,3011.8000,3012.0000,3012.2000,3012.4000,1,2,5,1,1,3,4,2,1,1
SF,IH2006,2020-01-22 09:31:52.900,3010.0000,9731,0,84885000.000,0,-,-,-,-,3009.0000,3008.0000,3007.8000,3007.6000,3007.4000,3011.0000,3011.2000,3011.8000,3012.0000,3012.2000,1,3,5,1,1,1,3,4,2,1
SF,IH2006,2020-01-22 09:31:53.400,3010.0000,9731,0,84885000.000,0,-,-,-,-,3009.0000,3008.0000,3007.8000,3007.6000,3007.4000,3010.8000,3011.2000,3011.8000,3012.0000,3012.2000,1,3,5,1,1,1,2,4,2,1
SF,IH2006,2020-01-22 09:31:53.900,3010.0000,9731,0,84885000.000,0,-,-,-,-,3009.0000,3008.0000,3007.8000,3007.6000,3007.4000,3010.8000,3011.2000,3011.8000,3012.0000,3012.2000,2,3,5,1,1,1,2,4,2,1
SF,IH2006,2020-01-22 09:31:54.400,3010.0000,9731,0,84885000.000,0,-,-,-,-,3009.0000,3008.0000,3007.8000,3007.6000,3007.4000,3010.8000,3011.2000,3011.8000,3012.0000,3012.2000,1,3,5,1,1,1,2,4,2,1
SF,IH2006,2020-01-22 09:31:54.900,3010.0000,9731,0,84885000.000,0,-,-,-,-,3009.0000,3008.0000,3007.8000,3007.6000,3007.4000,3010.8000,3011.2000,3011.8000,3012.0000,3012.2000,1,3,5,1,1,1,2,4,2,1
SF,IH2006,2020-01-22 09:31:55.900,3010.0000,9731,0,84885000.000,0,-,-,-,-,3009.0000,3008.0000,3007.8000,3007.6000,3007.4000,3010.6000,3010.8000,3011.8000,3012.0000,3012.2000,1,3,5,1,1,2,1,4,2,1
SF,IH2006,2020-01-22 09:31:56.400,3010.0000,9731,0,84885000.000,0,-,-,-,-,3008.0000,3007.8000,3007.6000,3007.4000,3007.0000,3010.4000,3010.6000,3011.8000,3012.0000,3012.2000,3,5,1,1,2,2,2,4,2,1
SF,IH2006,2020-01-22 09:31:56.900,3010.0000,9731,0,84885000.000,0,-,-,-,-,3008.2000,3008.0000,3007.8000,3007.6000,3007.4000,3010.4000,3010.6000,3011.8000,3012.0000,3012.2000,1,3,5,1,1,2,7,4,2,1
SF,IH2006,2020-01-22 09:31:58.400,3008.2000,9730,-1,85787460.000,1,0,1,双平,S,3008.0000,3007.8000,3007.6000,3007.4000,3007.0000,3010.4000,3010.6000,3011.8000,3012.0000,3012.2000,3,5,1,1,2,2,7,4,2,1
SF,IH2006,2020-01-22 09:31:58.900,3008.2000,9730,0,85787460.000,0,-,-,-,-,3008.2000,3008.0000,3007.8000,3007.6000,3007.4000,3010.4000,3010.6000,3011.8000,3012.0000,3012.2000,3,3,5,1,1,2,7,4,2,1
SF,IH2006,2020-01-22 09:31:59.400,3008.2000,9730,0,85787460.000,0,-,-,-,-,3008.2000,3008.0000,3007.8000,3007.6000,3007.4000,3010.4000,3010.6000,3011.8000,3012.0000,3012.2000,3,3,5,1,1,2,5,4,2,1
SF,IH2006,2020-01-22 09:31:59.900,3010.4000,9729,-1,86690580.000,1,0,1,双平,S,3008.2000,3008.0000,3007.8000,3007.6000,3007.4000,3010.6000,3011.8000,3012.0000,3012.2000,3012.4000,1,3,5,1,1,5,4,2,1,1
SF,IH2006,2020-01-22 09:32:00.400,3010.4000,9729,0,86690580.000,0,-,-,-,-,3008.6000,3008.4000,3008.2000,3008.0000,3007.8000,3010.4000,3010.6000,3011.8000,3012.0000,3012.2000,1,2,1,3,5,1,5,4,2,1
SF,IH2006,2020-01-22 09:32:00.900,3010.4000,9729,0,86690580.000,0,-,-,-,-,3008.6000,3008.4000,3008.2000,3008.0000,3007.8000,3010.4000,3010.6000,3011.8000,3012.0000,3012.2000,1,2,1,3,5,1,5,4,2,1
SF,IH2006,2020-01-22 09:32:01.400,3010.4000,9729,0,86690580.000,0,-,-,-,-,3008.6000,3008.2000,3008.0000,3007.8000,3007.6000,3010.4000,3010.6000,3011.8000,3012.0000,3012.2000,1,1,3,5,1,1,5,4,2,1
SF,IH2006,2020-01-22 09:32:02.900,3010.4000,9729,0,86690580.000,0,-,-,-,-,3009.0000,3008.8000,3008.6000,3008.2000,3008.0000,3010.4000,3010.6000,3011.8000,3012.0000,3012.2000,1,1,1,1,3,1,5,4,2,1
SF,IH2006,2020-01-22 09:32:03.400,3009.0000,9729,0,87593280.000,1,0,1,多换,S,3008.8000,3008.0000,3007.8000,3007.6000,3007.4000,3009.0000,3010.2000,3010.4000,3010.6000,3011.8000,1,3,5,1,1,1,4,1,5,4
SF,IH2006,2020-01-22 09:32:03.900,3008.8000,9728,-1,89398620.000,2,0,2,多平,S,3008.0000,3007.8000,3007.6000,3007.4000,3007.0000,3010.2000,3010.4000,3010.6000,3011.8000,3012.0000,3,5,1,1,2,3,1,5,4,2
SF,IH2006,2020-01-22 09:32:04.400,3008.8000,9728,0,89398620.000,0,-,-,-,-,3009.0000,3008.0000,3007.8000,3007.6000,3007.4000,3010.0000,3010.2000,3010.6000,3011.8000,3012.0000,1,3,5,1,1,1,3,5,4,2
SF,IH2006,2020-01-22 09:32:04.900,3009.0000,9728,0,90301320.000,1,0,1,多换,S,3008.0000,3007.8000,3007.6000,3007.4000,3007.0000,3009.0000,3009.8000,3010.0000,3010.2000,3010.6000,3,5,1,1,2,1,1,1,3,5
SF,IH2006,2020-01-22 09:32:05.400,3009.0000,9728,0,90301320.000,0,-,-,-,-,3008.2000,3008.0000,3007.8000,3007.6000,3007.4000,3009.0000,3010.0000,3010.2000,3010.6000,3011.8000,4,3,5,1,1,1,1,2,5,4
SF,IH2006,2020-01-22 09:32:05.900,3009.0000,9728,0,90301320.000,0,-,-,-,-,3008.2000,3008.0000,3007.8000,3007.6000,3007.4000,3010.0000,3010.2000,3010.6000,3011.8000,3012.0000,4,3,5,1,1,1,2,5,4,2
SF,IH2006,2020-01-22 09:32:06.400,3009.0000,9728,0,90301320.000,0,-,-,-,-,3008.2000,3008.0000,3007.8000,3007.6000,3007.4000,3009.8000,3010.0000,3010.2000,3010.6000,3011.8000,2,3,5,1,1,1,1,2,5,4
SF,IH2006,2020-01-22 09:32:06.900,3009.0000,9728,0,90301320.000,0,-,-,-,-,3008.0000,3007.8000,3007.6000,3007.4000,3007.0000,3009.6000,3009.8000,3010.2000,3010.6000,3011.8000,3,5,1,1,2,1,1,1,5,4
SF,IH2006,2020-01-22 09:32:09.400,3009.0000,9728,0,90301320.000,0,-,-,-,-,3008.2000,3008.0000,3007.8000,3007.6000,3007.4000,3009.6000,3009.8000,3010.2000,3010.6000,3011.8000,1,3,5,1,1,1,1,1,5,4
SF,IH2006,2020-01-22 09:32:10.400,3009.0000,9728,0,90301320.000,0,-,-,-,-,3008.2000,3008.0000,3007.8000,3007.6000,3007.4000,3009.4000,3009.6000,3010.2000,3010.6000,3011.8000,1,4,5,1,1,1,1,1,5,4
SF,IH2006,2020-01-22 09:32:10.900,3009.0000,9728,0,90301320.000,0,-,-,-,-,3008.0000,3007.8000,3007.6000,3007.4000,3007.0000,3009.2000,3009.4000,3010.2000,3010.6000,3011.8000,5,5,1,1,2,1,1,1,5,4
SF,IH2006,2020-01-22 09:32:12.900,3008.0000,9728,0,92106120.000,2,1,1,多换,S,3008.0000,3007.8000,3007.6000,3007.4000,3007.0000,3008.2000,3009.0000,3009.2000,3009.4000,3010.2000,3,5,1,1,2,1,1,1,1,1
SF,IH2006,2020-01-22 09:32:13.400,3008.2000,9727,-1,93008580.000,1,0,1,双平,S,3008.6000,3008.4000,3008.0000,3007.8000,3007.6000,3009.0000,3009.2000,3010.2000,3010.6000,3011.8000,2,1,3,5,1,1,1,1,5,4
SF,IH2006,2020-01-22 09:32:13.900,3008.6000,9726,-1,93911160.000,1,0,1,双平,S,3008.0000,3007.8000,3007.6000,3007.4000,3007.0000,3008.6000,3009.2000,3010.2000,3010.6000,3011.8000,3,5,1,1,2,1,1,1,5,4
SF,IH2006,2020-01-22 09:32:14.400,3008.6000,9726,0,93911160.000,0,-,-,-,-,3008.0000,3007.8000,3007.6000,3007.4000,3007.0000,3009.2000,3010.2000,3010.6000,3011.8000,3012.0000,3,5,1,1,2,1,1,5,4,2
SF,IH2006,2020-01-22 09:32:16.400,3008.6000,9726,0,93911160.000,0,-,-,-,-,3008.0000,3007.8000,3007.6000,3007.4000,3007.0000,3009.0000,3009.2000,3010.2000,3010.6000,3011.8000,3,5,1,1,2,2,1,1,5,4
SF,IH2006,2020-01-22 09:32:16.900,3008.6000,9726,0,93911160.000,0,-,-,-,-,3008.0000,3007.8000,3007.6000,3007.4000,3007.0000,3008.8000,3009.0000,3010.2000,3010.6000,3011.8000,3,5,1,1,2,2,2,1,5,4
SF,IH2006,2020-01-22 09:32:18.400,3008.0000,9726,0,96618360.000,3,1,2,多换,S,3007.8000,3007.6000,3007.4000,3007.0000,3006.6000,3008.8000,3009.0000,3010.2000,3010.6000,3011.8000,3,1,1,2,1,2,1,1,5,4
SF,IH2006,2020-01-22 09:32:18.900,3007.8000,9726,0,99325380.000,3,1,2,多换,S,3007.6000,3007.4000,3007.0000,3006.6000,3005.8000,3008.6000,3008.8000,3009.0000,3010.6000,3011.8000,1,1,2,1,1,1,1,1,5,4
SF,IH2006,2020-01-22 09:32:19.400,3007.8000,9726,0,99325380.000,0,-,-,-,-,3007.6000,3007.4000,3007.0000,3006.6000,3005.8000,3008.4000,3009.0000,3011.8000,3012.0000,3012.2000,1,1,2,1,1,2,1,4,2,1
SF,IH2006,2020-01-22 09:32:19.900,3008.4000,9725,-1,101130420.000,2,0,2,多平,S,3008.4000,3007.6000,3007.4000,3007.0000,3006.6000,3011.8000,3012.0000,3012.2000,3012.4000,3013.0000,1,1,1,2,1,4,2,1,1,1
SF,IH2006,2020-01-22 09:32:20.400,3008.4000,9724,-1,102032940.000,1,0,1,双平,S,3007.6000,3007.4000,3007.0000,3006.6000,3005.8000,3010.2000,3011.2000,3011.6000,3011.8000,3012.0000,1,1,2,1,1,1,1,5,4,3
SF,IH2006,2020-01-22 09:32:20.900,3008.0000,9724,0,102935340.000,1,0,1,多换,S,3007.8000,3007.6000,3007.4000,3007.0000,3006.6000,3010.0000,3010.2000,3011.2000,3011.6000,3011.8000,1,1,1,2,1,3,1,1,2,4
SF,IH2006,2020-01-22 09:32:21.400,3008.0000,9724,0,102935340.000,0,-,-,-,-,3007.6000,3007.4000,3007.0000,3006.6000,3005.8000,3009.6000,3010.0000,3011.6000,3011.8000,3012.0000,1,1,2,1,1,1,3,2,4,3
SF,IH2006,2020-01-22 09:32:21.900,3008.0000,9724,0,102935340.000,0,-,-,-,-,3008.0000,3007.6000,3007.4000,3007.0000,3006.6000,3009.2000,3009.4000,3009.6000,3011.6000,3011.8000,1,1,1,2,1,1,3,2,2,4
SF,IH2006,2020-01-22 09:32:22.400,3008.0000,9724,0,102935340.000,0,-,-,-,-,3008.0000,3007.8000,3007.6000,3007.4000,3007.0000,3009.0000,3009.2000,3009.4000,3009.6000,3011.6000,1,1,1,1,2,1,1,2,2,2
SF,IH2006,2020-01-22 09:32:22.900,3008.0000,9724,0,102935340.000,0,-,-,-,-,3008.0000,3007.8000,3007.6000,3007.4000,3007.0000,3008.8000,3009.0000,3009.2000,3009.4000,3009.6000,1,1,1,1,2,1,1,1,2,1
SF,IH2006,2020-01-22 09:32:23.400,3008.0000,9724,0,102935340.000,0,-,-,-,-,3008.0000,3007.8000,3007.6000,3007.4000,3007.0000,3008.8000,3009.0000,3009.2000,3009.4000,3009.6000,1,1,1,1,2,1,1,1,2,1
SF,IH2006,2020-01-22 09:32:23.900,3008.0000,9724,0,102935340.000,0,-,-,-,-,3008.0000,3007.8000,3007.6000,3007.4000,3007.0000,3008.8000,3009.0000,3009.2000,3009.4000,3011.6000,1,1,1,1,2,1,1,1,2,1
SF,IH2006,2020-01-22 09:32:24.900,3008.0000,9724,0,102935340.000,0,-,-,-,-,3008.0000,3007.8000,3007.6000,3007.4000,3007.0000,3008.8000,3009.0000,3009.2000,3009.4000,3010.0000,1,1,1,1,2,1,1,1,2,1
SF,IH2006,2020-01-22 09:32:25.900,3008.0000,9724,0,102935340.000,0,-,-,-,-,3008.2000,3008.0000,3007.8000,3007.6000,3007.4000,3008.8000,3009.0000,3009.2000,3009.4000,3010.0000,1,1,1,1,1,1,1,1,2,1
SF,IH2006,2020-01-22 09:32:26.400,3008.2000,9724,0,103837800.000,1,0,1,多换,S,3008.0000,3007.8000,3007.6000,3007.4000,3007.0000,3008.6000,3009.0000,3009.2000,3010.0000,3011.6000,1,1,1,1,2,2,1,1,1,1
SF,IH2006,2020-01-22 09:32:26.900,3008.0000,9724,0,104740200.000,1,0,1,多换,S,3008.6000,3007.8000,3007.6000,3007.4000,3007.0000,3009.2000,3010.0000,3011.6000,3011.8000,3012.0000,1,1,1,1,2,1,1,1,4,3
SF,IH2006,2020-01-22 09:32:27.400,3008.0000,9724,0,104740200.000,0,-,-,-,-,3007.8000,3007.6000,3007.4000,3007.0000,3006.6000,3008.6000,3009.0000,3009.2000,3010.0000,3011.6000,1,1,1,2,1,1,1,1,1,1
SF,IH2006,2020-01-22 09:32:27.900,3008.0000,9724,0,104740200.000,0,-,-,-,-,3007.8000,3007.6000,3007.4000,3007.0000,3006.6000,3008.2000,3009.2000,3010.0000,3011.6000,3011.8000,1,3,1,2,1,1,1,1,1,4
SF,IH2006,2020-01-22 09:32:28.400,3008.2000,9723,-1,105642660.000,1,0,1,双平,S,3008.2000,3007.8000,3007.6000,3007.4000,3007.0000,3008.6000,3009.2000,3010.0000,3011.6000,3011.8000,3,1,3,1,2,1,1,1,1,4
SF,IH2006,2020-01-22 09:32:28.900,3008.2000,9723,0,105642660.000,0,-,-,-,-,3007.8000,3007.6000,3007.4000,3007.0000,3006.6000,3008.6000,3009.2000,3010.0000,3011.6000,3011.8000,1,3,1,2,1,1,1,1,1,4
SF,IH2006,2020-01-22 09:32:29.400,3007.8000,9723,0,106545000.000,1,0,1,多换,S,3007.8000,3007.6000,3007.4000,3007.0000,3006.6000,3009.2000,3010.0000,3011.6000,3011.8000,3012.0000,1,3,1,2,1,1,1,1,4,3
SF,IH2006,2020-01-22 09:32:29.900,3007.8000,9723,0,106545000.000,0,-,-,-,-,3007.8000,3007.6000,3007.4000,3007.0000,3006.6000,3009.0000,3009.2000,3010.0000,3011.6000,3011.8000,1,3,1,2,1,4,1,1,1,4
SF,IH2006,2020-01-22 09:32:30.400,3007.8000,9723,0,107447340.000,1,0,1,多换,S,3007.8000,3007.6000,3007.4000,3007.0000,3006.6000,3009.0000,3010.0000,3011.6000,3011.8000,3012.0000,1,3,1,2,1,4,1,1,4,3
SF,IH2006,2020-01-22 09:32:30.900,3007.8000,9723,0,107447340.000,0,-,-,-,-,3007.8000,3007.6000,3007.4000,3007.0000,3006.6000,3008.8000,3009.0000,3010.0000,3011.6000,3011.8000,1,3,1,2,1,1,4,1,1,4
SF,IH2006,2020-01-22 09:32:31.400,3007.8000,9723,0,107447340.000,0,-,-,-,-,3007.8000,3007.6000,3007.4000,3007.0000,3006.6000,3008.2000,3008.6000,3008.8000,3010.0000,3011.6000,1,3,1,2,1,1,4,1,1,1
SF,IH2006,2020-01-22 09:32:31.900,3007.8000,9723,0,109252020.000,2,1,1,多换,S,3007.6000,3007.4000,3007.0000,3006.6000,3005.8000,3008.2000,3008.6000,3008.8000,3010.0000,3011.6000,2,1,2,1,1,1,4,1,1,1
SF,IH2006,2020-01-22 09:32:32.400,3007.6000,9723,0,111056580.000,2,1,1,多换,S,3007.4000,3007.0000,3006.6000,3005.8000,3005.6000,3008.2000,3008.6000,3008.8000,3010.0000,3011.6000,1,2,1,1,2,1,3,1,1,1
SF,IH2006,2020-01-22 09:32:32.900,3007.6000,9723,0,111056580.000,0,-,-,-,-,3007.4000,3007.0000,3006.6000,3005.8000,3005.6000,3007.6000,3008.2000,3008.4000,3008.6000,3010.0000,1,2,1,1,2,1,1,1,3,1
SF,IH2006,2020-01-22 09:32:33.400,3007.6000,9725,2,115567980.000,5,3,2,空开,S,3007.4000,3007.0000,3006.6000,3005.8000,3005.6000,3008.2000,3008.6000,3010.0000,3011.6000,3011.8000,1,2,1,1,2,1,3,1,1,4
SF,IH2006,2020-01-22 09:32:33.900,3007.6000,9725,0,115567980.000,0,-,-,-,-,3007.4000,3007.0000,3006.6000,3005.8000,3005.6000,3008.0000,3008.2000,3008.4000,3008.6000,3010.0000,1,2,1,1,2,1,1,1,3,1
SF,IH2006,2020-01-22 09:32:34.400,3007.6000,9725,0,115567980.000,0,-,-,-,-,3007.4000,3007.0000,3006.6000,3005.8000,3005.6000,3008.2000,3008.6000,3010.0000,3011.6000,3011.8000,1,2,1,1,2,1,3,1,1,4
SF,IH2006,2020-01-22 09:32:34.900,3007.6000,9725,0,115567980.000,0,-,-,-,-,3007.4000,3007.0000,3006.6000,3005.8000,3005.6000,3008.2000,3008.6000,3010.0000,3011.6000,3011.8000,2,2,1,1,2,1,3,1,1,4
SF,IH2006,2020-01-22 09:32:35.400,3007.6000,9725,0,115567980.000,0,-,-,-,-,3007.4000,3007.0000,3006.6000,3005.8000,3005.6000,3008.2000,3008.6000,3011.6000,3011.8000,3012.0000,2,2,1,1,2,1,3,1,4,3
SF,IH2006,2020-01-22 09:32:35.900,3008.2000,9723,-2,117372900.000,2,0,2,双平,S,3007.4000,3007.0000,3006.6000,3005.8000,3005.6000,3008.6000,3011.6000,3011.8000,3012.0000,3012.2000,2,2,1,1,2,3,1,4,3,1
SF,IH2006,2020-01-22 09:32:36.400,3007.6000,9723,0,118275180.000,1,0,1,多换,S,3007.6000,3007.4000,3007.0000,3006.6000,3005.8000,3008.6000,3011.6000,3011.8000,3012.0000,3012.2000,2,3,2,1,1,2,1,4,3,1
SF,IH2006,2020-01-22 09:32:36.900,3007.6000,9723,0,118275180.000,0,-,-,-,-,3007.6000,3007.4000,3007.0000,3006.6000,3005.8000,3008.4000,3008.6000,3011.6000,3011.8000,3012.0000,2,3,2,1,1,1,2,1,4,3
SF,IH2006,2020-01-22 09:32:37.400,3008.6000,9721,-2,122787660.000,5,1,4,多平,S,3008.4000,3007.6000,3007.4000,3007.0000,3006.6000,3011.6000,3011.8000,3012.0000,3012.2000,3012.4000,1,1,3,2,1,1,4,3,1,1
SF,IH2006,2020-01-22 09:32:37.900,3007.4000,9720,-1,125494980.000,3,1,2,多平,S,3007.6000,3007.4000,3007.0000,3006.6000,3005.8000,3008.4000,3009.6000,3009.8000,3010.6000,3011.2000,1,2,2,1,1,1,1,1,1,4
SF,IH2006,2020-01-22 09:32:38.400,3008.4000,9719,-1,126397500.000,1,0,1,双平,S,3007.8000,3007.6000,3007.4000,3007.0000,3006.6000,3009.6000,3009.8000,3011.2000,3011.4000,3011.6000,2,1,2,2,1,1,1,4,4,2
SF,IH2006,2020-01-22 09:32:38.900,3008.4000,9719,0,126397500.000,0,-,-,-,-,3007.8000,3007.6000,3007.4000,3007.0000,3006.6000,3009.4000,3009.6000,3009.8000,3011.2000,3011.4000,2,1,2,2,1,3,1,1,4,2
SF,IH2006,2020-01-22 09:32:39.400,3008.4000,9719,0,126397500.000,0,-,-,-,-,3007.8000,3007.6000,3007.4000,3007.0000,3006.6000,3009.4000,3009.6000,3011.2000,3011.4000,3011.6000,2,2,2,2,1,3,1,4,2,2
SF,IH2006,2020-01-22 09:32:39.900,3008.4000,9719,0,126397500.000,0,-,-,-,-,3007.8000,3007.6000,3007.4000,3007.0000,3006.6000,3009.2000,3009.4000,3009.6000,3011.2000,3011.4000,2,2,2,2,1,1,3,1,4,2
SF,IH2006,2020-01-22 09:32:40.400,3008.4000,9719,0,126397500.000,0,-,-,-,-,3008.0000,3007.8000,3007.6000,3007.4000,3007.0000,3009.0000,3009.2000,3009.4000,3009.6000,3011.2000,1,2,2,2,2,1,1,3,1,4
SF,IH2006,2020-01-22 09:32:40.900,3008.4000,9719,0,126397500.000,0,-,-,-,-,3007.8000,3007.6000,3007.4000,3007.0000,3006.6000,3009.0000,3009.2000,3009.4000,3009.6000,3011.2000,3,2,2,2,1,1,1,3,1,4
SF,IH2006,2020-01-22 09:32:41.400,3008.4000,9719,0,126397500.000,0,-,-,-,-,3008.0000,3007.8000,3007.6000,3007.4000,3007.0000,3009.0000,3009.2000,3009.4000,3009.6000,3011.2000,1,3,2,2,2,1,1,2,1,4
SF,IH2006,2020-01-22 09:32:41.900,3008.4000,9719,0,126397500.000,0,-,-,-,-,3008.2000,3007.8000,3007.6000,3007.4000,3007.0000,3009.0000,3009.2000,3009.4000,3009.6000,3011.2000,1,3,2,2,2,1,1,2,1,4
SF,IH2006,2020-01-22 09:32:42.400,3008.4000,9719,0,126397500.000,0,-,-,-,-,3008.2000,3007.8000,3007.6000,3007.4000,3007.0000,3009.0000,3009.2000,3009.4000,3009.6000,3011.2000,1,3,2,2,2,1,1,1,1,4
SF,IH2006,2020-01-22 09:32:42.900,3008.4000,9719,0,126397500.000,0,-,-,-,-,3008.2000,3007.8000,3007.6000,3007.4000,3007.0000,3009.2000,3009.4000,3009.6000,3011.2000,3011.4000,1,3,2,2,2,1,1,1,4,2
SF,IH2006,2020-01-22 09:32:43.900,3007.8000,9718,-1,128202300.000,2,0,2,多平,S,3007.8000,3007.6000,3007.4000,3007.0000,3006.6000,3008.2000,3009.0000,3009.2000,3009.4000,3009.6000,2,2,2,2,1,4,1,1,1,1
SF,IH2006,2020-01-22 09:32:44.400,3008.2000,9717,-1,129104760.000,1,0,1,双平,S,3007.8000,3007.6000,3007.4000,3007.0000,3006.6000,3008.2000,3009.0000,3009.2000,3009.4000,3009.6000,2,2,2,2,1,3,1,1,1,1
SF,IH2006,2020-01-22 09:32:44.900,3008.2000,9716,-1,130007220.000,1,0,1,双平,S,3007.8000,3007.6000,3007.4000,3007.0000,3006.6000,3008.2000,3009.0000,3009.2000,3009.4000,3009.6000,2,2,2,2,1,2,1,1,1,1
SF,IH2006,2020-01-22 09:32:45.400,3008.2000,9716,0,131812140.000,2,1,1,多换,S,3008.2000,3007.8000,3007.6000,3007.4000,3007.0000,3009.0000,3009.2000,3009.4000,3009.6000,3011.2000,8,2,2,2,2,1,1,1,1,4
SF,IH2006,2020-01-22 09:32:45.900,3008.2000,9716,0,136324440.000,5,2,3,多换,S,3008.2000,3007.8000,3007.6000,3007.4000,3007.0000,3009.0000,3009.2000,3009.4000,3009.6000,3011.2000,3,2,2,2,2,1,1,1,1,4
SF,IH2006,2020-01-22 09:32:46.400,3008.2000,9716,0,138129360.000,2,1,1,多换,S,3008.2000,3007.8000,3007.6000,3007.4000,3007.0000,3009.0000,3009.2000,3009.4000,3009.6000,3011.2000,1,1,2,2,3,1,1,1,1,4
SF,IH2006,2020-01-22 09:32:46.900,3008.2000,9716,0,138129360.000,0,-,-,-,-,3008.2000,3008.0000,3007.8000,3007.6000,3007.4000,3008.8000,3009.0000,3009.2000,3009.6000,3011.2000,1,1,1,2,2,1,1,1,1,4
SF,IH2006,2020-01-22 09:32:47.400,3008.6000,9715,-1,139934400.000,2,0,2,多平,S,3008.0000,3007.8000,3007.6000,3007.4000,3007.0000,3008.8000,3009.6000,3011.2000,3011.4000,3011.6000,1,1,2,2,3,1,1,4,2,2
SF,IH2006,2020-01-22 09:32:47.900,3008.6000,9715,0,139934400.000,0,-,-,-,-,3008.2000,3008.0000,3007.8000,3007.6000,3007.4000,3009.6000,3011.2000,3011.4000,3011.6000,3012.0000,1,1,1,2,2,1,4,2,2,3
SF,IH2006,2020-01-22 09:32:48.400,3008.6000,9715,0,139934400.000,0,-,-,-,-,3008.2000,3008.0000,3007.8000,3007.6000,3007.4000,3009.2000,3009.4000,3009.6000,3011.2000,3011.4000,1,1,1,2,2,1,4,1,4,1
SF,IH2006,2020-01-22 09:32:48.900,3008.2000,9715,0,140836860.000,1,0,1,多换,S,3008.0000,3007.8000,3007.6000,3007.4000,3007.0000,3009.2000,3009.4000,3009.6000,3011.2000,3011.4000,1,1,2,2,3,1,4,1,4,1
SF,IH2006,2020-01-22 09:32:49.400,3008.2000,9715,0,140836860.000,0,-,-,-,-,3008.2000,3008.0000,3007.8000,3007.6000,3007.4000,3009.2000,3009.4000,3009.6000,3011.2000,3011.4000,3,1,1,2,2,1,1,1,4,1
SF,IH2006,2020-01-22 09:32:50.900,3008.2000,9715,0,140836860.000,0,-,-,-,-,3008.2000,3008.0000,3007.8000,3007.6000,3007.4000,3009.2000,3009.4000,3009.6000,3011.2000,3011.4000,4,1,1,2,2,1,1,1,4,1
SF,IH2006,2020-01-22 09:32:51.400,3008.2000,9715,0,140836860.000,0,-,-,-,-,3008.4000,3008.2000,3008.0000,3007.8000,3007.6000,3009.2000,3009.4000,3009.6000,3011.2000,3011.4000,1,3,1,1,2,1,1,1,4,1
SF,IH2006,2020-01-22 09:32:51.900,3008.4000,9715,0,141739380.000,1,0,1,多换,S,3008.2000,3008.0000,3007.8000,3007.6000,3007.4000,3009.4000,3009.6000,3011.2000,3011.4000,3011.6000,3,1,1,2,2,1,1,4,1,2
SF,IH2006,2020-01-22 09:32:52.400,3008.4000,9715,0,142641900.000,1,0,1,多换,S,3008.4000,3008.2000,3008.0000,3007.8000,3007.6000,3009.4000,3009.6000,3011.2000,3011.4000,3011.6000,1,4,1,1,2,1,1,4,1,1
SF,IH2006,2020-01-22 09:32:52.900,3008.4000,9715,0,142641900.000,0,-,-,-,-,3008.2000,3008.0000,3007.8000,3007.6000,3007.4000,3009.4000,3009.6000,3011.2000,3011.4000,3011.6000,4,1,1,2,2,1,1,4,1,1
SF,IH2006,2020-01-22 09:32:53.400,3008.4000,9715,0,142641900.000,0,-,-,-,-,3008.2000,3008.0000,3007.8000,3007.6000,3007.4000,3009.6000,3011.2000,3011.4000,3011.6000,3012.0000,4,1,1,2,2,1,4,1,1,3
SF,IH2006,2020-01-22 09:32:53.900,3008.4000,9715,0,142641900.000,0,-,-,-,-,3008.4000,3008.2000,3008.0000,3007.8000,3007.6000,3009.6000,3011.2000,3011.4000,3011.6000,3012.0000,1,4,1,1,2,1,4,1,1,3
SF,IH2006,2020-01-22 09:32:54.400,3008.4000,9715,0,142641900.000,0,-,-,-,-,3008.6000,3008.4000,3008.2000,3008.0000,3007.8000,3009.0000,3009.6000,3011.2000,3011.4000,3011.6000,1,1,4,1,1,1,1,4,1,1
SF,IH2006,2020-01-22 09:32:54.900,3009.6000,9713,-2,144447480.000,2,0,2,双平,S,3009.0000,3008.6000,3008.4000,3008.2000,3008.0000,3011.2000,3011.4000,3011.6000,3012.0000,3012.2000,2,1,1,4,1,4,1,1,3,1
SF,IH2006,2020-01-22 09:32:55.400,3009.6000,9713,0,144447480.000,0,-,-,-,-,3009.0000,3008.6000,3008.2000,3008.0000,3007.8000,3010.4000,3011.0000,3011.2000,3011.4000,3011.6000,2,1,4,1,1,1,7,4,1,1
SF,IH2006,2020-01-22 09:32:55.900,3009.2000,9712,-1,145350240.000,1,0,1,双平,S,3009.0000,3008.6000,3008.2000,3008.0000,3007.8000,3010.4000,3011.0000,3011.2000,3011.4000,3011.6000,2,1,4,1,1,1,7,4,1,1
SF,IH2006,2020-01-22 09:32:56.400,3009.2000,9712,0,145350240.000,0,-,-,-,-,3009.2000,3009.0000,3008.2000,3008.0000,3007.8000,3010.2000,3010.4000,3011.0000,3011.2000,3011.4000,1,3,4,1,1,1,1,2,4,1
SF,IH2006,2020-01-22 09:32:57.400,3009.2000,9712,0,145350240.000,0,-,-,-,-,3009.2000,3009.0000,3008.2000,3008.0000,3007.8000,3010.2000,3010.4000,3011.0000,3011.2000,3011.4000,1,3,4,1,1,1,1,2,4,1
SF,IH2006,2020-01-22 09:32:57.900,3009.0000,9710,-2,148058400.000,3,0,3,多平,S,3009.0000,3008.2000,3008.0000,3007.8000,3007.6000,3009.2000,3010.2000,3010.4000,3011.0000,3011.2000,1,4,1,1,2,2,1,1,2,4
SF,IH2006,2020-01-22 09:32:58.400,3009.0000,9711,1,148961100.000,1,1,0,双开,S,3008.2000,3008.0000,3007.8000,3007.6000,3007.4000,3010.2000,3010.4000,3011.0000,3011.2000,3011.4000,4,1,1,2,2,1,1,2,4,1
SF,IH2006,2020-01-22 09:32:58.900,3009.0000,9711,0,148961100.000,0,-,-,-,-,3008.4000,3008.2000,3008.0000,3007.8000,3007.6000,3010.0000,3010.2000,3010.4000,3011.0000,3011.2000,1,4,1,1,2,3,1,1,1,4
SF,IH2006,2020-01-22 09:32:59.400,3009.0000,9711,0,148961100.000,0,-,-,-,-,3008.4000,3008.2000,3008.0000,3007.8000,3007.6000,3009.8000,3010.0000,3011.0000,3011.2000,3011.4000,1,4,1,1,2,1,3,1,4,1
SF,IH2006,2020-01-22 09:32:59.900,3009.0000,9711,0,148961100.000,0,-,-,-,-,3008.4000,3008.2000,3008.0000,3007.8000,3007.6000,3009.6000,3009.8000,3010.0000,3011.0000,3011.2000,1,4,1,1,2,2,1,3,1,4
SF,IH2006,2020-01-22 09:33:00.400,3009.0000,9711,0,148961100.000,0,-,-,-,-,3008.2000,3008.0000,3007.8000,3007.6000,3007.4000,3009.4000,3009.6000,3010.0000,3011.0000,3011.2000,4,1,1,2,2,1,2,1,1,4
SF,IH2006,2020-01-22 09:33:00.900,3009.0000,9711,0,148961100.000,0,-,-,-,-,3008.2000,3008.0000,3007.8000,3007.6000,3007.4000,3009.4000,3009.6000,3010.0000,3011.0000,3011.2000,4,1,1,2,2,1,1,1,1,4
SF,IH2006,2020-01-22 09:33:01.400,3008.2000,9711,0,150766020.000,2,1,1,多换,S,3008.2000,3008.0000,3007.8000,3007.6000,3007.4000,3009.4000,3009.6000,3010.0000,3011.0000,3011.2000,2,1,1,2,2,1,1,1,1,4
SF,IH2006,2020-01-22 09:33:01.900,3008.2000,9711,0,150766020.000,0,-,-,-,-,3008.2000,3008.0000,3007.8000,3007.6000,3007.4000,3009.4000,3009.6000,3010.0000,3011.0000,3011.2000,3,1,1,2,2,1,1,1,1,4
SF,IH2006,2020-01-22 09:33:03.400,3008.2000,9711,0,150766020.000,0,-,-,-,-,3008.2000,3008.0000,3007.8000,3007.6000,3007.4000,3009.4000,3009.6000,3010.0000,3011.0000,3011.2000,4,1,1,2,2,1,1,1,1,4
SF,IH2006,2020-01-22 09:33:04.400,3008.2000,9711,0,150766020.000,0,-,-,-,-,3008.4000,3008.2000,3008.0000,3007.8000,3007.6000,3009.4000,3009.6000,3010.0000,3011.0000,3011.2000,2,4,1,1,2,1,1,1,1,4
SF,IH2006,2020-01-22 09:33:04.900,3009.4000,9710,-1,151668840.000,1,0,1,双平,S,3008.6000,3008.4000,3008.2000,3008.0000,3007.8000,3011.0000,3011.2000,3011.4000,3011.6000,3011.8000,1,2,5,1,1,1,4,1,1,1
SF,IH2006,2020-01-22 09:33:05.400,3009.4000,9711,1,152571660.000,1,1,0,双开,S,3008.8000,3008.6000,3008.2000,3008.0000,3007.8000,3009.2000,3010.6000,3010.8000,3011.0000,3011.2000,2,1,5,1,1,4,1,2,1,4
SF,IH2006,2020-01-22 09:33:05.900,3009.2000,9711,0,156182700.000,4,2,2,多换,S,3009.2000,3008.8000,3008.2000,3008.0000,3007.8000,3010.6000,3010.8000,3011.2000,3011.6000,3011.8000,1,2,5,1,1,1,1,4,1,1
SF,IH2006,2020-01-22 09:33:06.400,3009.2000,9711,0,156182700.000,0,-,-,-,-,3009.2000,3008.8000,3008.2000,3008.0000,3007.8000,3010.4000,3010.6000,3011.6000,3011.8000,3012.0000,1,2,5,1,1,6,1,1,1,3
SF,IH2006,2020-01-22 09:33:06.900,3009.2000,9711,0,156182700.000,0,-,-,-,-,3009.2000,3008.8000,3008.2000,3008.0000,3007.8000,3010.4000,3010.6000,3011.6000,3011.8000,3012.0000,1,1,5,1,1,2,1,1,1,3
SF,IH2006,2020-01-22 09:33:07.400,3009.2000,9711,0,156182700.000,0,-,-,-,-,3009.2000,3008.8000,3008.2000,3008.0000,3007.8000,3010.4000,3010.6000,3011.6000,3011.8000,3012.0000,2,1,5,1,1,1,1,1,1,3
SF,IH2006,2020-01-22 09:33:07.900,3009.2000,9711,0,157988220.000,2,1,1,多换,S,3008.8000,3008.2000,3008.0000,3007.8000,3007.6000,3010.4000,3011.6000,3011.8000,3012.0000,3012.2000,1,5,1,1,2,1,1,1,3,1
SF,IH2006,2020-01-22 09:33:08.900,3009.2000,9711,0,157988220.000,0,-,-,-,-,3009.0000,3008.8000,3008.2000,3008.0000,3007.8000,3009.2000,3010.4000,3011.6000,3011.8000,3012.0000,1,1,5,1,1,6,1,1,1,3
SF,IH2006,2020-01-22 09:33:09.400,3009.0000,9706,-5,163404720.000,6,0,6,多平,S,3008.8000,3008.2000,3008.0000,3007.8000,3007.6000,3009.2000,3010.4000,3011.6000,3011.8000,3012.0000,1,5,1,1,2,1,1,1,1,3
SF,IH2006,2020-01-22 09:33:09.900,3009.2000,9705,-1,164307480.000,1,0,1,双平,S,3009.2000,3009.0000,3008.8000,3008.2000,3008.0000,3010.4000,3011.6000,3011.8000,3012.0000,3012.2000,1,1,1,5,1,1,1,1,3,1
SF,IH2006,2020-01-22 09:33:10.400,3009.2000,9705,0,165210240.000,1,0,1,多换,S,3009.0000,3008.8000,3008.2000,3008.0000,3007.8000,3010.4000,3011.6000,3011.8000,3012.0000,3012.2000,1,1,5,1,1,1,1,1,3,1
SF,IH2006,2020-01-22 09:33:10.900,3009.2000,9705,0,165210240.000,0,-,-,-,-,3008.8000,3008.2000,3008.0000,3007.8000,3007.6000,3010.2000,3010.4000,3011.6000,3011.8000,3012.0000,1,5,1,1,2,1,1,1,1,3
SF,IH2006,2020-01-22 09:33:11.400,3009.2000,9705,0,165210240.000,0,-,-,-,-,3009.0000,3008.8000,3008.2000,3008.0000,3007.8000,3010.4000,3011.6000,3011.8000,3012.0000,3012.2000,1,2,5,1,1,1,1,1,3,1
SF,IH2006,2020-01-22 09:33:11.900,3008.8000,9706,1,167015640.000,2,1,1,空开,S,3008.2000,3008.0000,3007.8000,3007.6000,3007.4000,3010.2000,3010.4000,3011.6000,3011.8000,3012.0000,5,1,1,2,2,3,1,1,1,3
SF,IH2006,2020-01-22 09:33:12.400,3008.8000,9706,0,167015640.000,0,-,-,-,-,3008.8000,3008.4000,3008.2000,3008.0000,3007.8000,3010.0000,3010.2000,3011.6000,3011.8000,3012.0000,1,1,5,1,1,1,1,1,1,3
SF,IH2006,2020-01-22 09:33:12.900,3008.8000,9706,0,167015640.000,0,-,-,-,-,3008.4000,3008.2000,3008.0000,3007.8000,3007.6000,3009.8000,3010.0000,3010.2000,3011.6000,3011.8000,1,5,1,1,2,3,1,1,1,1
SF,IH2006,2020-01-22 09:33:13.400,3009.8000,9704,-2,168821460.000,2,0,2,双平,S,3008.6000,3008.2000,3008.0000,3007.8000,3007.6000,3009.8000,3010.2000,3011.6000,3011.8000,3012.0000,1,5,1,1,2,2,1,1,1,3
SF,IH2006,2020-01-22 09:33:13.900,3009.8000,9704,0,168821460.000,0,-,-,-,-,3008.8000,3008.6000,3008.2000,3008.0000,3007.8000,3010.2000,3011.6000,3011.8000,3012.0000,3012.2000,1,1,5,1,1,1,1,1,3,1
SF,IH2006,2020-01-22 09:33:14.400,3009.8000,9704,0,168821460.000,0,-,-,-,-,3008.8000,3008.6000,3008.2000,3008.0000,3007.8000,3010.0000,3011.6000,3012.0000,3012.2000,3012.4000,1,1,5,1,1,3,1,3,1,1
SF,IH2006,2020-01-22 09:33:14.900,3008.6000,9704,0,170626680.000,2,1,1,多换,S,3008.2000,3008.0000,3007.8000,3007.6000,3007.4000,3009.8000,3010.0000,3011.6000,3012.0000,3012.2000,5,1,1,2,2,1,3,1,3,1
SF,IH2006,2020-01-22 09:33:15.400,3008.6000,9704,0,170626680.000,0,-,-,-,-,3008.2000,3008.0000,3007.8000,3007.6000,3007.4000,3008.8000,3009.6000,3009.8000,3010.0000,3011.6000,5,1,1,2,2,1,4,1,1,1
SF,IH2006,2020-01-22 09:33:15.900,3008.6000,9704,0,170626680.000,0,-,-,-,-,3008.2000,3008.0000,3007.8000,3007.6000,3007.4000,3008.8000,3009.0000,3009.6000,3009.8000,3011.6000,5,1,1,2,2,1,1,4,1,1
SF,IH2006,2020-01-22 09:33:16.400,3008.2000,9704,0,173334660.000,3,1,2,多换,S,3008.2000,3008.0000,3007.8000,3007.6000,3007.4000,3011.6000,3012.0000,3012.2000,3012.4000,3013.0000,4,1,1,2,2,1,3,1,1,1
SF,IH2006,2020-01-22 09:33:16.900,3008.2000,9704,0,173334660.000,0,-,-,-,-,3008.4000,3008.2000,3008.0000,3007.8000,3007.6000,3010.6000,3011.2000,3011.4000,3011.6000,3012.0000,1,4,1,1,2,1,4,6,2,3
SF,IH2006,2020-01-22 09:33:17.400,3008.2000,9704,0,173334660.000,0,-,-,-,-,3008.4000,3008.2000,3008.0000,3007.8000,3007.6000,3010.4000,3010.6000,3011.2000,3011.4000,3011.6000,1,4,1,1,2,3,1,4,3,2
SF,IH2006,2020-01-22 09:33:17.900,3008.2000,9704,0,173334660.000,0,-,-,-,-,3008.4000,3008.2000,3008.0000,3007.8000,3007.6000,3010.4000,3011.2000,3011.4000,3011.6000,3012.0000,1,4,1,1,2,3,4,3,2,3
SF,IH2006,2020-01-22 09:33:18.400,3008.2000,9704,0,173334660.000,0,-,-,-,-,3008.4000,3008.2000,3008.0000,3007.8000,3007.6000,3010.2000,3010.4000,3011.2000,3011.4000,3011.6000,1,4,1,1,2,3,3,4,3,1
SF,IH2006,2020-01-22 09:33:18.900,3008.2000,9704,0,173334660.000,0,-,-,-,-,3008.4000,3008.2000,3008.0000,3007.8000,3007.6000,3010.0000,3010.2000,3011.2000,3011.4000,3011.6000,1,4,1,1,2,3,3,4,3,1
SF,IH2006,2020-01-22 09:33:19.400,3008.2000,9704,0,173334660.000,0,-,-,-,-,3008.4000,3008.2000,3008.0000,3007.8000,3007.6000,3009.8000,3010.0000,3010.2000,3011.2000,3011.4000,1,4,1,1,2,2,3,3,4,3
SF,IH2006,2020-01-22 09:33:19.900,3008.2000,9704,0,173334660.000,0,-,-,-,-,3008.2000,3008.0000,3007.8000,3007.6000,3007.4000,3009.6000,3009.8000,3010.0000,3010.2000,3011.2000,4,1,1,2,2,2,2,1,3,4
SF,IH2006,2020-01-22 09:33:20.400,3008.2000,9704,0,173334660.000,0,-,-,-,-,3008.2000,3008.0000,3007.8000,3007.6000,3007.4000,3009.4000,3009.6000,3009.8000,3010.0000,3010.2000,4,1,1,2,2,2,2,2,1,3
SF,IH2006,2020-01-22 09:33:20.900,3008.2000,9704,0,173334660.000,0,-,-,-,-,3008.8000,3008.2000,3008.0000,3007.8000,3007.6000,3009.4000,3009.6000,3009.8000,3010.0000,3010.2000,1,4,1,1,2,2,2,2,1,1
SF,IH2006,2020-01-22 09:33:21.400,3008.8000,9704,0,174237300.000,1,0,1,多换,S,3008.2000,3008.0000,3007.8000,3007.6000,3007.4000,3009.4000,3009.6000,3010.0000,3010.2000,3011.2000,4,1,1,2,2,2,2,1,1,4
SF,IH2006,2020-01-22 09:33:21.900,3009.6000,9703,-1,175140180.000,1,0,1,双平,S,3008.4000,3008.2000,3008.0000,3007.8000,3007.6000,3010.0000,3010.2000,3011.2000,3011.4000,3011.6000,2,4,1,1,2,1,1,4,3,1
SF,IH2006,2020-01-22 09:33:22.400,3009.6000,9703,0,175140180.000,0,-,-,-,-,3008.4000,3008.2000,3008.0000,3007.8000,3007.6000,3009.8000,3010.0000,3010.2000,3011.2000,3011.4000,2,4,1,1,2,1,1,1,4,3
SF,IH2006,2020-01-22 09:33:22.900,3009.6000,9703,0,175140180.000,0,-,-,-,-,3008.6000,3008.4000,3008.2000,3008.0000,3007.8000,3010.0000,3010.2000,3011.2000,3011.4000,3011.6000,1,2,4,1,1,1,1,4,3,1
SF,IH2006,2020-01-22 09:33:23.400,3009.6000,9703,0,175140180.000,0,-,-,-,-,3008.8000,3008.2000,3008.0000,3007.8000,3007.6000,3010.2000,3011.2000,3011.4000,3011.6000,3012.0000,2,4,1,1,2,1,4,3,1,3
SF,IH2006,2020-01-22 09:33:23.900,3009.6000,9703,0,175140180.000,0,-,-,-,-,3008.8000,3008.2000,3008.0000,3007.8000,3007.6000,3010.0000,3010.2000,3011.2000,3011.4000,3011.6000,2,4,1,1,2,1,1,4,3,1
SF,IH2006,2020-01-22 09:33:24.400,3008.8000,9703,0,176945460.000,2,1,1,多换,S,3008.2000,3008.0000,3007.8000,3007.6000,3007.4000,3010.0000,3010.2000,3011.2000,3011.4000,3011.6000,4,1,1,2,2,1,1,4,3,1
SF,IH2006,2020-01-22 09:33:24.900,3008.8000,9703,0,176945460.000,0,-,-,-,-,3008.4000,3008.2000,3008.0000,3007.8000,3007.6000,3010.0000,3010.2000,3011.2000,3011.4000,3011.6000,1,4,1,1,2,1,1,4,3,1
SF,IH2006,2020-01-22 09:33:25.400,3008.8000,9703,0,176945460.000,0,-,-,-,-,3008.2000,3008.0000,3007.8000,3007.6000,3007.4000,3009.8000,3010.0000,3010.2000,3011.2000,3011.4000,4,1,1,2,2,3,1,1,4,3
SF,IH2006,2020-01-22 09:33:25.900,3008.8000,9703,0,176945460.000,0,-,-,-,-,3008.2000,3008.0000,3007.8000,3007.6000,3007.4000,3009.6000,3009.8000,3010.2000,3011.2000,3011.4000,4,1,1,2,2,1,3,1,4,3
SF,IH2006,2020-01-22 09:33:26.400,3008.8000,9703,0,176945460.000,0,-,-,-,-,3008.2000,3008.0000,3007.8000,3007.6000,3007.4000,3009.6000,3009.8000,3010.2000,3011.2000,3011.4000,4,1,1,2,2,1,2,1,4,3
SF,IH2006,2020-01-22 09:33:26.900,3008.8000,9703,0,176945460.000,0,-,-,-,-,3008.2000,3008.0000,3007.8000,3007.6000,3007.4000,3009.4000,3009.6000,3009.8000,3010.2000,3011.2000,4,1,1,2,2,1,1,1,1,4
SF,IH2006,2020-01-22 09:33:27.900,3009.4000,9702,-1,177848280.000,1,0,1,双平,S,3008.4000,3008.2000,3008.0000,3007.8000,3007.6000,3009.6000,3009.8000,3010.2000,3011.2000,3011.4000,1,4,1,1,2,1,1,1,4,3
SF,IH2006,2020-01-22 09:33:28.900,3009.4000,9702,0,177848280.000,0,-,-,-,-,3008.4000,3008.2000,3008.0000,3007.8000,3007.6000,3009.6000,3009.8000,3010.2000,3011.2000,3011.4000,1,4,1,1,2,1,1,1,4,3
SF,IH2006,2020-01-22 09:33:29.400,3009.4000,9702,0,177848280.000,0,-,-,-,-,3008.4000,3008.2000,3008.0000,3007.8000,3007.6000,3009.4000,3009.6000,3009.8000,3010.2000,3011.2000,1,4,1,1,2,1,1,1,1,4
SF,IH2006,2020-01-22 09:33:32.900,3009.4000,9702,0,178751100.000,1,0,1,多换,S,3009.0000,3008.6000,3008.4000,3008.2000,3008.0000,3009.6000,3010.2000,3012.0000,3012.2000,3012.4000,1,1,1,4,1,1,1,2,1,1
SF,IH2006,2020-01-22 09:33:33.400,3009.0000,9702,0,179653800.000,1,0,1,多换,S,3008.4000,3008.2000,3008.0000,3007.8000,3007.6000,3009.0000,3009.6000,3012.0000,3012.2000,3012.4000,1,4,1,1,2,2,1,2,1,1
SF,IH2006,2020-01-22 09:33:33.900,3008.6000,9702,0,180556380.000,1,0,1,多换,S,3008.4000,3008.2000,3008.0000,3007.8000,3007.6000,3012.0000,3012.2000,3012.4000,3013.0000,3015.6000,1,4,1,1,2,2,1,1,1,1
SF,IH2006,2020-01-22 09:33:34.400,3008.6000,9702,0,180556380.000,0,-,-,-,-,3008.4000,3008.2000,3008.0000,3007.8000,3007.6000,3010.6000,3011.2000,3011.6000,3011.8000,3012.0000,1,4,1,1,2,1,1,4,6,4
SF,IH2006,2020-01-22 09:33:34.900,3008.6000,9702,0,180556380.000,0,-,-,-,-,3008.4000,3008.2000,3008.0000,3007.8000,3007.6000,3010.2000,3010.4000,3010.6000,3011.6000,3011.8000,1,4,1,1,2,1,3,1,4,3
SF,IH2006,2020-01-22 09:33:35.400,3008.6000,9702,0,180556380.000,0,-,-,-,-,3008.6000,3008.4000,3008.2000,3008.0000,3007.8000,3010.0000,3011.6000,3011.8000,3012.0000,3012.2000,1,1,4,1,1,3,4,2,3,1
SF,IH2006,2020-01-22 09:33:35.900,3008.6000,9702,0,180556380.000,0,-,-,-,-,3008.8000,3008.6000,3008.2000,3008.0000,3007.8000,3009.8000,3010.0000,3011.6000,3011.8000,3012.0000,1,1,4,1,1,1,2,4,2,3
SF,IH2006,2020-01-22 09:33:36.400,3008.6000,9702,0,180556380.000,0,-,-,-,-,3008.6000,3008.2000,3008.0000,3007.8000,3007.6000,3009.6000,3009.8000,3010.0000,3011.6000,3011.8000,1,4,1,1,2,1,1,1,4,2
SF,IH2006,2020-01-22 09:33:36.900,3008.6000,9702,0,180556380.000,0,-,-,-,-,3008.8000,3008.6000,3008.2000,3008.0000,3007.8000,3009.6000,3010.0000,3011.6000,3011.8000,3012.0000,2,2,4,1,1,1,1,4,2,3
SF,IH2006,2020-01-22 09:33:37.400,3008.6000,9702,0,180556380.000,0,-,-,-,-,3008.8000,3008.6000,3008.2000,3008.0000,3007.8000,3009.6000,3010.0000,3011.6000,3011.8000,3012.0000,1,2,4,1,1,1,1,4,2,3
SF,IH2006,2020-01-22 09:33:37.900,3008.6000,9702,0,180556380.000,0,-,-,-,-,3008.8000,3008.6000,3008.2000,3008.0000,3007.8000,3009.6000,3010.0000,3011.6000,3011.8000,3012.0000,1,1,4,1,1,1,1,4,2,3
SF,IH2006,2020-01-22 09:33:38.900,3008.8000,9701,-1,181459020.000,1,0,1,双平,S,3008.6000,3008.2000,3008.0000,3007.8000,3007.6000,3009.6000,3010.0000,3011.6000,3011.8000,3012.0000,1,4,1,1,2,1,1,4,2,3
SF,IH2006,2020-01-22 09:33:39.400,3008.8000,9701,0,181459020.000,0,-,-,-,-,3008.6000,3008.2000,3008.0000,3007.8000,3007.6000,3009.4000,3009.6000,3010.0000,3011.6000,3011.8000,1,4,1,1,2,1,1,1,4,2
SF,IH2006,2020-01-22 09:33:39.900,3008.6000,9701,0,182361600.000,1,0,1,多换,S,3008.2000,3008.0000,3007.8000,3007.6000,3007.4000,3009.2000,3009.4000,3010.0000,3011.6000,3011.8000,4,1,1,2,2,1,1,1,4,2
SF,IH2006,2020-01-22 09:33:40.400,3008.2000,9702,1,183264060.000,1,1,0,双开,S,3008.2000,3008.0000,3007.8000,3007.6000,3007.4000,3009.0000,3009.2000,3010.0000,3011.6000,3011.8000,3,1,1,2,2,1,1,1,4,2
SF,IH2006,2020-01-22 09:33:40.900,3008.2000,9702,0,183264060.000,0,-,-,-,-,3008.2000,3008.0000,3007.8000,3007.6000,3007.4000,3008.8000,3009.0000,3010.0000,3011.6000,3011.8000,3,1,1,2,2,1,1,1,4,2
SF,IH2006,2020-01-22 09:33:41.900,3008.2000,9702,0,185971440.000,3,1,2,多换,S,3008.0000,3007.8000,3007.6000,3007.4000,3007.0000,3008.8000,3009.0000,3010.0000,3011.6000,3011.8000,1,1,2,2,3,1,1,1,4,2
SF,IH2006,2020-01-22 09:33:42.400,3008.0000,9702,0,186873840.000,1,0,1,多换,S,3007.8000,3007.6000,3007.4000,3007.0000,3006.6000,3008.8000,3009.0000,3010.0000,3011.6000,3011.8000,1,2,2,3,1,1,1,1,4,2
SF,IH2006,2020-01-22 09:33:42.900,3008.0000,9702,0,186873840.000,0,-,-,-,-,3007.8000,3007.6000,3007.4000,3007.0000,3006.6000,3008.6000,3008.8000,3009.0000,3010.0000,3011.6000,1,2,2,3,1,2,1,1,1,4
SF,IH2006,2020-01-22 09:33:43.400,3008.0000,9702,0,186873840.000,0,-,-,-,-,3007.8000,3007.6000,3007.4000,3007.0000,3006.6000,3008.4000,3008.6000,3009.0000,3010.0000,3011.6000,1,2,2,3,1,1,2,1,1,4
SF,IH2006,2020-01-22 09:33:43.900,3008.0000,9702,0,186873840.000,0,-,-,-,-,3008.0000,3007.8000,3007.6000,3007.4000,3007.0000,3008.4000,3009.0000,3010.0000,3011.6000,3011.8000,1,1,2,2,3,1,1,1,4,2
SF,IH2006,2020-01-22 09:33:44.400,3008.0000,9702,0,186873840.000,0,-,-,-,-,3007.8000,3007.6000,3007.4000,3007.0000,3006.6000,3008.4000,3009.0000,3010.0000,3011.6000,3011.8000,1,2,2,3,1,1,1,1,4,2
SF,IH2006,2020-01-22 09:33:45.900,3007.8000,9702,0,187776180.000,1,0,1,多换,S,3007.6000,3007.4000,3007.0000,3006.6000,3005.8000,3008.4000,3009.0000,3010.0000,3011.6000,3011.8000,2,2,3,1,1,1,1,1,4,2
SF,IH2006,2020-01-22 09:33:46.400,3007.6000,9702,0,189580740.000,2,1,1,多换,S,3007.8000,3007.4000,3007.0000,3006.6000,3005.8000,3008.4000,3009.0000,3010.0000,3011.6000,3011.8000,1,2,3,1,1,1,1,1,4,2
SF,IH2006,2020-01-22 09:33:46.900,3007.8000,9702,0,190483080.000,1,0,1,多换,S,3007.4000,3007.0000,3006.6000,3005.8000,3005.6000,3007.8000,3009.0000,3010.0000,3011.6000,3011.8000,2,3,1,1,2,1,1,1,4,2
SF,IH2006,2020-01-22 09:33:47.400,3007.8000,9702,0,190483080.000,0,-,-,-,-,3007.4000,3007.0000,3006.6000,3005.8000,3005.6000,3007.8000,3009.0000,3010.0000,3011.6000,3011.8000,2,3,1,1,2,1,1,1,4,2
SF,IH2006,2020-01-22 09:33:48.400,3007.8000,9702,0,191385420.000,1,0,1,多换,S,3007.4000,3007.0000,3006.6000,3005.8000,3005.6000,3009.0000,3010.0000,3011.6000,3011.8000,3012.0000,2,3,1,1,2,1,1,4,2,3
SF,IH2006,2020-01-22 09:33:48.900,3007.8000,9702,0,191385420.000,0,-,-,-,-,3007.4000,3007.0000,3006.6000,3005.8000,3005.6000,3008.8000,3009.0000,3011.6000,3011.8000,3012.0000,2,3,1,1,2,7,1,4,2,3
SF,IH2006,2020-01-22 09:33:49.400,3007.8000,9702,0,191385420.000,0,-,-,-,-,3007.4000,3007.0000,3006.6000,3005.8000,3005.6000,3008.6000,3008.8000,3009.0000,3011.6000,3011.8000,2,3,1,1,2,2,6,1,4,2
SF,IH2006,2020-01-22 09:33:49.900,3007.8000,9702,0,191385420.000,0,-,-,-,-,3007.4000,3007.0000,3006.6000,3005.8000,3005.6000,3008.4000,3008.6000,3008.8000,3009.0000,3011.6000,3,3,1,1,2,3,2,3,1,4
SF,IH2006,2020-01-22 09:33:50.400,3007.4000,9702,0,194092080.000,3,1,2,多换,S,3007.0000,3006.6000,3005.8000,3005.6000,3005.4000,3007.4000,3008.2000,3008.4000,3008.8000,3009.0000,3,1,1,2,2,1,3,2,3,1
SF,IH2006,2020-01-22 09:33:50.900,3007.4000,9702,0,194092080.000,0,-,-,-,-,3007.0000,3006.6000,3005.8000,3005.6000,3005.4000,3007.4000,3008.2000,3008.4000,3008.8000,3009.0000,3,1,1,2,2,1,1,2,3,1
SF,IH2006,2020-01-22 09:33:51.400,3007.4000,9702,0,194994300.000,1,0,1,多换,S,3007.0000,3006.6000,3005.8000,3005.6000,3005.4000,3008.2000,3008.4000,3008.8000,3009.0000,3011.6000,3,1,1,1,2,1,2,3,1,4
SF,IH2006,2020-01-22 09:33:51.900,3007.4000,9702,0,194994300.000,0,-,-,-,-,3007.0000,3006.6000,3005.8000,3005.6000,3005.4000,3008.0000,3008.2000,3008.4000,3008.8000,3009.0000,3,1,1,1,2,3,1,1,3,1
SF,IH2006,2020-01-22 09:33:52.400,3007.4000,9702,0,194994300.000,0,-,-,-,-,3007.0000,3006.6000,3005.8000,3005.6000,3005.4000,3007.8000,3008.0000,3008.4000,3008.8000,3009.0000,3,1,1,1,2,2,3,1,3,1
SF,IH2006,2020-01-22 09:33:52.900,3007.4000,9702,0,194994300.000,0,-,-,-,-,3007.0000,3006.6000,3005.8000,3005.6000,3005.4000,3007.8000,3008.0000,3008.4000,3008.8000,3009.0000,4,1,1,1,2,2,3,1,3,1
SF,IH2006,2020-01-22 09:33:53.400,3007.0000,9701,-1,195896400.000,1,0,1,双平,S,3007.0000,3006.6000,3005.8000,3005.6000,3005.4000,3007.8000,3008.0000,3008.4000,3008.8000,3009.0000,3,1,1,1,2,2,3,1,3,1
SF,IH2006,2020-01-22 09:33:53.900,3007.0000,9701,0,196798500.000,1,0,1,多换,S,3007.0000,3006.6000,3005.8000,3005.6000,3005.4000,3007.6000,3007.8000,3008.0000,3008.4000,3008.8000,2,1,1,1,2,2,2,2,1,3
SF,IH2006,2020-01-22 09:33:54.400,3007.0000,9700,-1,198602700.000,2,0,2,多平,S,3007.0000,3006.6000,3005.8000,3005.6000,3005.4000,3007.6000,3007.8000,3008.0000,3008.4000,3008.8000,1,1,1,1,2,2,2,2,1,3
SF,IH2006,2020-01-22 09:33:54.900,3007.0000,9700,0,199504800.000,1,0,1,多换,S,3006.6000,3005.8000,3005.6000,3005.4000,3005.0000,3007.6000,3007.8000,3008.0000,3008.4000,3008.8000,1,1,1,2,2,1,2,2,1,3
SF,IH2006,2020-01-22 09:33:55.400,3007.0000,9700,0,199504800.000,0,-,-,-,-,3006.6000,3005.8000,3005.6000,3005.4000,3005.0000,3007.6000,3008.0000,3008.4000,3008.8000,3009.0000,1,1,1,2,2,1,2,1,3,1
SF,IH2006,2020-01-22 09:33:55.900,3007.0000,9700,0,199504800.000,0,-,-,-,-,3006.6000,3005.8000,3005.6000,3005.4000,3005.0000,3007.4000,3007.6000,3008.0000,3008.4000,3008.8000,1,1,1,2,2,1,1,2,1,3
SF,IH2006,2020-01-22 09:33:56.400,3007.0000,9700,0,199504800.000,0,-,-,-,-,3006.6000,3005.8000,3005.6000,3005.4000,3005.0000,3007.4000,3007.6000,3008.0000,3008.4000,3008.8000,2,1,1,2,2,1,1,2,1,3
SF,IH2006,2020-01-22 09:33:57.900,3006.6000,9700,0,201308760.000,2,1,1,多换,S,3005.8000,3005.6000,3005.4000,3005.0000,3004.6000,3007.4000,3007.6000,3008.0000,3008.4000,3008.8000,1,1,2,2,2,1,1,2,1,3
SF,IH2006,2020-01-22 09:33:58.400,3006.6000,9700,0,201308760.000,0,-,-,-,-,3006.0000,3005.8000,3005.6000,3005.4000,3005.0000,3007.2000,3007.4000,3008.0000,3008.4000,3008.8000,1,1,1,2,2,4,1,1,1,3
SF,IH2006,2020-01-22 09:33:58.900,3006.6000,9700,0,201308760.000,0,-,-,-,-,3006.6000,3006.0000,3005.8000,3005.6000,3005.4000,3007.2000,3007.4000,3008.0000,3008.4000,3008.8000,1,1,1,1,2,4,1,1,1,3
SF,IH2006,2020-01-22 09:33:59.400,3006.6000,9700,0,202210740.000,1,0,1,多换,S,3006.0000,3005.8000,3005.6000,3005.4000,3005.0000,3006.6000,3007.2000,3008.0000,3008.4000,3008.8000,1,1,1,2,2,1,4,1,1,3
SF,IH2006,2020-01-22 09:33:59.900,3006.6000,9700,0,202210740.000,0,-,-,-,-,3006.0000,3005.8000,3005.6000,3005.4000,3005.0000,3007.2000,3008.0000,3008.4000,3008.8000,3009.0000,1,1,1,2,2,4,1,1,2,1
SF,IH2006,2020-01-22 09:34:00.400,3006.6000,9700,0,202210740.000,0,-,-,-,-,3006.0000,3005.8000,3005.6000,3005.4000,3005.0000,3007.0000,3007.2000,3008.0000,3008.8000,3009.0000,1,1,1,2,2,1,4,1,2,1
SF,IH2006,2020-01-22 09:34:00.900,3006.6000,9700,0,202210740.000,0,-,-,-,-,3005.8000,3005.6000,3005.4000,3005.0000,3004.6000,3006.8000,3007.0000,3007.2000,3008.0000,3008.8000,1,1,2,2,2,3,1,3,1,2
SF,IH2006,2020-01-22 09:34:01.400,3006.6000,9700,0,202210740.000,0,-,-,-,-,3006.0000,3005.8000,3005.6000,3005.4000,3005.0000,3006.6000,3006.8000,3007.0000,3007.2000,3008.8000,1,1,1,2,2,1,3,1,3,2
SF,IH2006,2020-01-22 09:34:01.900,3006.6000,9700,0,202210740.000,0,-,-,-,-,3006.0000,3005.8000,3005.6000,3005.4000,3005.0000,3006.4000,3006.6000,3006.8000,3007.2000,3008.8000,1,1,1,2,2,1,1,3,2,2
SF,IH2006,2020-01-22 09:34:02.400,3006.6000,9700,0,202210740.000,0,-,-,-,-,3006.0000,3005.8000,3005.6000,3005.4000,3005.0000,3006.4000,3006.8000,3007.2000,3008.8000,3009.0000,1,1,1,2,2,1,3,2,2,1
SF,IH2006,2020-01-22 09:34:02.900,3006.0000,9700,0,203112540.000,1,0,1,多换,S,3005.8000,3005.6000,3005.4000,3005.0000,3004.6000,3006.6000,3006.8000,3007.2000,3008.8000,3009.0000,1,1,2,2,2,1,3,2,2,1
SF,IH2006,2020-01-22 09:34:03.400,3006.0000,9700,0,203112540.000,0,-,-,-,-,3005.8000,3005.6000,3005.4000,3005.0000,3004.6000,3006.4000,3006.6000,3006.8000,3007.2000,3008.8000,1,1,2,2,2,1,1,2,1,2
SF,IH2006,2020-01-22 09:34:03.900,3006.4000,9699,-1,204014460.000,1,0,1,双平,S,3005.8000,3005.6000,3005.4000,3005.0000,3004.6000,3006.6000,3007.2000,3008.8000,3009.0000,3011.6000,1,1,2,2,2,1,1,2,1,4
SF,IH2006,2020-01-22 09:34:04.400,3006.4000,9699,0,204014460.000,0,-,-,-,-,3005.8000,3005.6000,3005.4000,3005.0000,3004.6000,3006.4000,3007.0000,3007.2000,3008.8000,3009.0000,1,1,2,2,2,1,1,1,2,1
SF,IH2006,2020-01-22 09:34:04.900,3006.4000,9699,0,204014460.000,0,-,-,-,-,3005.8000,3005.6000,3005.4000,3005.0000,3004.6000,3006.4000,3007.0000,3007.2000,3008.8000,3009.0000,2,1,2,2,2,1,1,1,2,1
SF,IH2006,2020-01-22 09:34:05.400,3005.8000,9699,0,205817940.000,2,1,1,多换,S,3005.6000,3005.4000,3005.0000,3004.6000,3004.2000,3006.4000,3007.0000,3007.2000,3008.8000,3009.0000,1,2,2,2,2,1,1,1,2,1
SF,IH2006,2020-01-22 09:34:05.900,3005.8000,9699,0,205817940.000,0,-,-,-,-,3005.6000,3005.4000,3005.0000,3004.6000,3004.2000,3006.4000,3007.0000,3007.2000,3008.8000,3009.0000,1,2,2,2,2,1,1,1,2,1
SF,IH2006,2020-01-22 09:34:06.400,3005.8000,9699,0,205817940.000,0,-,-,-,-,3005.6000,3005.4000,3005.0000,3004.6000,3004.2000,3006.2000,3006.4000,3007.0000,3008.8000,3009.0000,1,2,2,2,2,1,1,1,2,1
SF,IH2006,2020-01-22 09:34:06.900,3005.6000,9700,1,206719620.000,1,1,0,双开,S,3005.4000,3005.0000,3004.6000,3004.2000,3003.8000,3005.6000,3006.2000,3006.4000,3007.0000,3008.8000,2,2,2,2,2,1,1,1,1,2
SF,IH2006,2020-01-22 09:34:07.400,3005.4000,9700,0,208522860.000,2,1,1,多换,S,3005.0000,3004.6000,3004.2000,3003.8000,3003.4000,3005.6000,3006.2000,3006.4000,3008.8000,3011.6000,5,2,2,2,2,1,1,1,2,4
SF,IH2006,2020-01-22 09:34:07.900,3005.4000,9694,-6,213932580.000,6,0,6,双平,S,3005.0000,3004.6000,3004.2000,3003.8000,3003.4000,3006.2000,3006.4000,3008.8000,3011.6000,3011.8000,5,2,2,2,2,1,1,2,4,1
SF,IH2006,2020-01-22 09:34:08.400,3006.2000,9693,-1,214834440.000,1,0,1,双平,S,3006.2000,3005.2000,3005.0000,3004.6000,3004.2000,3006.4000,3008.8000,3011.6000,3011.8000,3012.0000,1,2,5,2,2,1,2,4,1,3
SF,IH2006,2020-01-22 09:34:08.900,3006.2000,9693,0,215736300.000,1,0,1,多换,S,3005.2000,3005.0000,3004.6000,3004.2000,3003.8000,3006.4000,3008.8000,3011.6000,3011.8000,3012.0000,2,5,2,2,2,1,2,4,1,3
SF,IH2006,2020-01-22 09:34:09.400,3006.2000,9693,0,215736300.000,0,-,-,-,-,3005.2000,3005.0000,3004.6000,3004.2000,3003.8000,3006.4000,3008.8000,3011.6000,3011.8000,3012.0000,2,5,2,2,2,1,2,4,1,3
SF,IH2006,2020-01-22 09:34:09.900,3006.2000,9693,0,215736300.000,0,-,-,-,-,3005.2000,3005.0000,3004.6000,3004.2000,3003.8000,3006.4000,3008.8000,3011.6000,3011.8000,3012.0000,2,5,2,2,2,1,2,4,1,3
SF,IH2006,2020-01-22 09:34:10.400,3006.2000,9693,0,215736300.000,0,-,-,-,-,3005.2000,3005.0000,3004.6000,3004.2000,3003.8000,3006.4000,3008.8000,3011.6000,3011.8000,3012.0000,3,5,2,2,2,1,2,4,1,3
SF,IH2006,2020-01-22 09:34:10.900,3006.2000,9693,0,215736300.000,0,-,-,-,-,3005.4000,3005.2000,3005.0000,3004.6000,3004.2000,3008.8000,3011.6000,3011.8000,3012.0000,3012.2000,1,3,5,2,2,2,4,1,3,1
SF,IH2006,2020-01-22 09:34:11.400,3006.2000,9693,0,215736300.000,0,-,-,-,-,3005.2000,3005.0000,3004.6000,3004.2000,3003.8000,3007.4000,3007.8000,3008.4000,3008.6000,3008.8000,1,5,2,2,2,1,1,4,3,3
SF,IH2006,2020-01-22 09:34:11.900,3006.2000,9693,0,215736300.000,0,-,-,-,-,3005.2000,3005.0000,3004.6000,3004.2000,3003.8000,3007.0000,3007.2000,3007.4000,3007.8000,3008.4000,1,5,2,2,2,2,4,1,1,4
SF,IH2006,2020-01-22 09:34:12.400,3006.2000,9693,0,215736300.000,0,-,-,-,-,3005.2000,3005.0000,3004.6000,3004.2000,3003.8000,3006.8000,3007.2000,3007.8000,3008.4000,3008.6000,1,5,2,2,2,6,1,1,4,1
SF,IH2006,2020-01-22 09:34:12.900,3006.2000,9693,0,215736300.000,0,-,-,-,-,3005.4000,3005.2000,3005.0000,3004.6000,3004.2000,3006.4000,3006.6000,3006.8000,3007.2000,3008.6000,1,1,5,2,2,5,3,6,1,1
SF,IH2006,2020-01-22 09:34:13.400,3005.4000,9694,1,216637920.000,1,1,0,双开,S,3005.2000,3005.0000,3004.6000,3004.2000,3003.8000,3005.4000,3006.2000,3006.4000,3006.6000,3006.8000,1,5,2,2,2,1,4,1,2,3
SF,IH2006,2020-01-22 09:34:13.900,3005.4000,9693,-1,217539540.000,1,0,1,双平,S,3005.6000,3005.2000,3005.0000,3004.6000,3004.2000,3006.2000,3006.4000,3006.8000,3007.2000,3008.8000,1,1,5,2,2,2,1,3,1,2
SF,IH2006,2020-01-22 09:34:14.400,3005.4000,9693,0,217539540.000,0,-,-,-,-,3005.2000,3005.0000,3004.6000,3004.2000,3003.8000,3005.6000,3006.2000,3006.4000,3006.8000,3007.2000,1,5,2,2,2,1,1,1,3,1
SF,IH2006,2020-01-22 09:34:14.900,3005.4000,9693,0,217539540.000,0,-,-,-,-,3005.4000,3005.2000,3005.0000,3004.6000,3004.2000,3005.6000,3006.2000,3006.4000,3006.8000,3007.2000,1,1,5,2,2,1,1,1,3,1
SF,IH2006,2020-01-22 09:34:15.400,3005.6000,9694,1,220244400.000,3,2,1,空开,S,3005.0000,3004.6000,3004.2000,3003.8000,3003.4000,3006.2000,3006.4000,3006.8000,3007.2000,3008.8000,5,2,2,2,2,1,1,3,1,2
SF,IH2006,2020-01-22 09:34:15.900,3005.6000,9694,0,220244400.000,0,-,-,-,-,3005.0000,3004.6000,3004.2000,3003.8000,3003.4000,3006.0000,3006.2000,3006.4000,3006.8000,3007.2000,5,2,2,2,2,1,1,1,3,1
SF,IH2006,2020-01-22 09:34:16.400,3005.6000,9694,0,220244400.000,0,-,-,-,-,3005.0000,3004.6000,3004.2000,3003.8000,3003.4000,3005.8000,3006.0000,3006.2000,3006.4000,3006.8000,5,2,2,2,2,1,1,1,1,3
SF,IH2006,2020-01-22 09:34:16.900,3005.6000,9694,0,220244400.000,0,-,-,-,-,3005.4000,3005.0000,3004.6000,3004.2000,3003.8000,3005.8000,3006.0000,3006.2000,3006.4000,3006.8000,1,5,2,2,2,1,1,1,1,3
SF,IH2006,2020-01-22 09:34:17.400,3005.4000,9694,0,221146020.000,1,0,1,多换,S,3005.0000,3004.6000,3004.2000,3003.8000,3003.4000,3005.4000,3005.8000,3006.0000,3006.2000,3006.4000,5,2,2,2,2,1,1,1,1,1
SF,IH2006,2020-01-22 09:34:17.900,3005.4000,9694,0,221146020.000,0,-,-,-,-,3005.0000,3004.6000,3004.2000,3003.8000,3003.4000,3005.4000,3005.8000,3006.0000,3006.2000,3006.4000,5,2,2,2,2,1,1,1,1,1
SF,IH2006,2020-01-22 09:34:18.400,3005.4000,9694,0,221146020.000,0,-,-,-,-,3005.0000,3004.6000,3004.2000,3003.8000,3003.4000,3005.4000,3005.8000,3006.0000,3006.2000,3006.4000,5,2,2,2,2,1,1,1,1,1
SF,IH2006,2020-01-22 09:34:18.900,3005.0000,9694,0,225653520.000,5,2,3,多换,S,3004.6000,3004.2000,3003.8000,3003.4000,3003.0000,3005.4000,3005.8000,3006.0000,3006.2000,3006.4000,2,2,2,2,5,1,1,1,1,1
SF,IH2006,2020-01-22 09:34:19.400,3004.6000,9694,0,226554900.000,1,0,1,多换,S,3005.0000,3004.6000,3004.2000,3003.8000,3003.4000,3005.4000,3005.8000,3006.0000,3006.2000,3006.4000,2,1,2,2,2,1,1,1,1,1
SF,IH2006,2020-01-22 09:34:19.900,3004.8000,9694,0,228357780.000,2,1,1,多换,S,3004.6000,3004.2000,3003.8000,3003.4000,3003.0000,3005.4000,3005.8000,3006.0000,3006.2000,3006.4000,1,2,2,2,5,1,1,1,1,1
SF,IH2006,2020-01-22 09:34:20.400,3004.8000,9694,0,228357780.000,0,-,-,-,-,3004.6000,3004.2000,3003.8000,3003.4000,3003.0000,3005.2000,3005.4000,3005.8000,3006.2000,3006.6000,1,2,2,2,5,1,1,1,1,1
SF,IH2006,2020-01-22 09:34:20.900,3004.8000,9694,0,228357780.000,0,-,-,-,-,3004.6000,3004.2000,3003.8000,3003.4000,3003.0000,3005.2000,3005.4000,3006.2000,3006.6000,3006.8000,1,2,2,2,5,1,1,1,1,2
SF,IH2006,2020-01-22 09:34:21.400,3004.8000,9694,0,228357780.000,0,-,-,-,-,3004.6000,3004.2000,3003.8000,3003.4000,3003.0000,3005.4000,3006.2000,3006.6000,3006.8000,3007.2000,1,2,2,2,5,1,1,1,2,1
SF,IH2006,2020-01-22 09:34:21.900,3004.8000,9694,0,228357780.000,0,-,-,-,-,3004.6000,3004.2000,3003.8000,3003.4000,3003.0000,3005.2000,3006.2000,3006.6000,3006.8000,3007.2000,1,2,2,2,5,1,1,1,1,1
SF,IH2006,2020-01-22 09:34:22.400,3005.2000,9693,-1,229259340.000,1,0,1,双平,S,3004.6000,3004.2000,3003.8000,3003.4000,3003.0000,3006.6000,3006.8000,3007.2000,3008.8000,3009.0000,1,2,2,2,5,1,1,1,2,1
SF,IH2006,2020-01-22 09:34:22.900,3005.2000,9693,0,229259340.000,0,-,-,-,-,3004.6000,3004.2000,3003.8000,3003.4000,3003.0000,3006.2000,3006.4000,3006.6000,3007.2000,3008.8000,1,2,2,2,5,4,6,2,1,2
SF,IH2006,2020-01-22 09:34:23.400,3005.2000,9693,0,229259340.000,0,-,-,-,-,3004.8000,3004.6000,3004.2000,3003.8000,3003.4000,3006.0000,3006.4000,3006.6000,3007.2000,3008.8000,1,1,2,2,2,1,5,1,1,2
SF,IH2006,2020-01-22 09:34:24.400,3005.2000,9693,0,229259340.000,0,-,-,-,-,3004.8000,3004.6000,3004.2000,3003.8000,3003.4000,3006.0000,3006.4000,3006.6000,3007.2000,3008.8000,1,1,2,2,2,1,2,1,1,2
SF,IH2006,2020-01-22 09:34:24.900,3005.2000,9693,0,229259340.000,0,-,-,-,-,3004.8000,3004.6000,3004.2000,3003.8000,3003.4000,3006.4000,3006.6000,3007.2000,3008.8000,3009.0000,1,2,2,2,2,2,1,1,2,1
SF,IH2006,2020-01-22 09:34:25.400,3005.2000,9693,0,229259340.000,0,-,-,-,-,3004.6000,3004.2000,3003.8000,3003.4000,3003.0000,3006.2000,3006.4000,3006.6000,3007.2000,3008.8000,2,2,2,2,5,2,2,1,1,2
SF,IH2006,2020-01-22 09:34:25.900,3005.2000,9693,0,229259340.000,0,-,-,-,-,3004.6000,3004.2000,3003.8000,3003.4000,3003.0000,3006.0000,3006.2000,3006.4000,3006.6000,3007.2000,2,2,2,2,5,1,1,1,1,1
SF,IH2006,2020-01-22 09:34:26.400,3004.8000,9692,-1,230160780.000,1,0,1,双平,S,3004.6000,3004.2000,3003.8000,3003.4000,3003.0000,3005.8000,3006.0000,3006.4000,3006.6000,3007.2000,2,2,2,2,5,2,1,1,1,1
SF,IH2006,2020-01-22 09:34:26.900,3004.8000,9692,0,230160780.000,0,-,-,-,-,3004.6000,3004.2000,3003.8000,3003.4000,3003.0000,3005.6000,3005.8000,3006.4000,3006.6000,3007.2000,3,2,2,2,5,1,2,1,1,1
SF,IH2006,2020-01-22 09:34:27.400,3004.8000,9692,0,230160780.000,0,-,-,-,-,3004.6000,3004.2000,3003.8000,3003.4000,3003.0000,3005.6000,3005.8000,3006.4000,3006.6000,3007.2000,3,2,2,2,5,1,2,1,1,1
SF,IH2006,2020-01-22 09:34:27.900,3004.8000,9692,0,230160780.000,0,-,-,-,-,3004.6000,3004.2000,3003.8000,3003.4000,3003.0000,3005.4000,3005.6000,3006.4000,3006.6000,3007.2000,3,2,2,2,5,3,1,1,1,1
SF,IH2006,2020-01-22 09:34:28.400,3004.6000,9692,0,231062160.000,1,0,1,多换,S,3004.6000,3004.2000,3003.8000,3003.4000,3003.0000,3005.4000,3005.6000,3006.4000,3006.6000,3007.2000,2,2,2,2,5,3,1,1,1,1
SF,IH2006,2020-01-22 09:34:28.900,3004.6000,9692,0,231062160.000,0,-,-,-,-,3004.6000,3004.2000,3003.8000,3003.4000,3003.0000,3005.2000,3005.4000,3006.4000,3006.6000,3007.2000,3,2,2,2,5,5,3,1,1,1
SF,IH2006,2020-01-22 09:34:29.400,3004.6000,9692,0,231963540.000,1,0,1,多换,S,3004.6000,3004.2000,3003.8000,3003.4000,3003.0000,3005.0000,3005.2000,3006.4000,3006.6000,3007.2000,2,2,2,2,5,1,5,1,1,1
SF,IH2006,2020-01-22 09:34:29.900,3004.6000,9692,0,233766300.000,2,1,1,多换,S,3004.2000,3003.8000,3003.4000,3003.0000,3002.6000,3004.6000,3005.0000,3005.2000,3005.6000,3006.4000,2,2,2,5,2,2,1,4,1,1
SF,IH2006,2020-01-22 09:34:30.400,3004.6000,9692,0,233766300.000,0,-,-,-,-,3004.2000,3003.8000,3003.4000,3003.0000,3002.6000,3004.6000,3005.0000,3005.2000,3005.6000,3006.4000,2,2,2,5,2,5,1,4,1,1
SF,IH2006,2020-01-22 09:34:30.900,3004.6000,9692,0,234667680.000,1,0,1,多换,S,3004.2000,3003.8000,3003.4000,3003.0000,3002.6000,3004.6000,3005.0000,3005.6000,3006.4000,3006.6000,2,2,2,5,2,2,1,1,1,1
SF,IH2006,2020-01-22 09:34:31.400,3004.6000,9690,-2,236470440.000,2,0,2,双平,S,3004.6000,3004.2000,3003.8000,3003.4000,3003.0000,3005.0000,3005.6000,3006.4000,3006.6000,3007.2000,2,2,2,2,5,1,1,1,1,1
SF,IH2006,2020-01-22 09:34:31.900,3004.6000,9690,0,236470440.000,0,-,-,-,-,3004.2000,3003.8000,3003.4000,3003.0000,3002.6000,3005.0000,3005.6000,3006.4000,3006.6000,3007.2000,2,2,2,5,2,1,1,1,1,1
SF,IH2006,2020-01-22 09:34:32.400,3004.6000,9690,0,236470440.000,0,-,-,-,-,3004.2000,3003.8000,3003.4000,3003.0000,3002.6000,3005.0000,3005.6000,3006.4000,3006.6000,3007.2000,2,2,2,5,2,1,1,1,1,1
SF,IH2006,2020-01-22 09:34:32.900,3004.6000,9690,0,236470440.000,0,-,-,-,-,3004.6000,3004.2000,3003.8000,3003.4000,3003.0000,3005.0000,3005.6000,3006.4000,3006.6000,3007.2000,1,2,2,2,5,1,1,1,1,1
SF,IH2006,2020-01-22 09:34:33.400,3004.6000,9690,0,237371820.000,1,0,1,多换,S,3004.2000,3003.8000,3003.4000,3003.0000,3002.6000,3004.6000,3004.8000,3005.0000,3005.6000,3006.6000,2,2,2,5,2,4,2,1,1,1
SF,IH2006,2020-01-22 09:34:33.900,3004.6000,9690,0,237371820.000,0,-,-,-,-,3004.2000,3003.8000,3003.4000,3003.0000,3002.6000,3004.6000,3005.0000,3005.6000,3006.6000,3007.2000,2,2,2,5,2,1,1,1,1,1
SF,IH2006,2020-01-22 09:34:34.900,3004.6000,9690,0,238273200.000,1,0,1,多换,S,3004.2000,3003.8000,3003.4000,3003.0000,3002.6000,3005.0000,3005.6000,3006.6000,3007.2000,3008.8000,2,2,2,5,2,1,1,1,1,2
SF,IH2006,2020-01-22 09:34:35.400,3004.2000,9690,0,240075720.000,2,1,1,多换,S,3003.8000,3003.4000,3003.0000,3002.6000,3002.2000,3004.8000,3005.0000,3005.6000,3006.6000,3007.2000,2,2,5,2,2,1,1,1,1,1
SF,IH2006,2020-01-22 09:34:35.900,3004.2000,9690,0,240075720.000,0,-,-,-,-,3003.8000,3003.4000,3003.0000,3002.6000,3002.2000,3004.4000,3004.6000,3004.8000,3005.6000,3006.6000,2,2,5,2,2,4,5,1,1,1
SF,IH2006,2020-01-22 09:34:36.400,3004.2000,9690,0,240976980.000,1,0,1,多换,S,3003.8000,3003.4000,3003.0000,3002.6000,3002.2000,3004.2000,3004.4000,3004.6000,3004.8000,3005.6000,2,2,5,2,2,1,4,3,1,1
SF,IH2006,2020-01-22 09:34:36.900,3004.2000,9690,0,240976980.000,0,-,-,-,-,3003.8000,3003.4000,3003.0000,3002.6000,3002.2000,3004.2000,3004.6000,3004.8000,3005.6000,3006.6000,2,2,5,2,2,1,3,1,1,1
SF,IH2006,2020-01-22 09:34:37.400,3004.2000,9689,-1,241878240.000,1,0,1,双平,S,3003.8000,3003.4000,3003.0000,3002.6000,3002.2000,3004.8000,3005.6000,3006.6000,3007.2000,3008.8000,2,2,5,2,2,1,1,1,1,2
SF,IH2006,2020-01-22 09:34:37.900,3004.2000,9689,0,241878240.000,0,-,-,-,-,3003.8000,3003.4000,3003.0000,3002.6000,3002.2000,3004.4000,3004.6000,3005.4000,3005.6000,3006.6000,2,2,5,2,2,4,4,1,1,1
SF,IH2006,2020-01-22 09:34:38.400,3004.2000,9689,0,241878240.000,0,-,-,-,-,3004.4000,3003.8000,3003.4000,3003.0000,3002.6000,3004.6000,3005.4000,3005.6000,3006.6000,3007.2000,1,3,2,5,2,1,1,1,1,1
SF,IH2006,2020-01-22 09:34:38.900,3004.4000,9688,-1,242779560.000,1,0,1,双平,S,3004.8000,3004.6000,3004.4000,3003.8000,3003.4000,3005.4000,3005.6000,3006.6000,3007.2000,3008.8000,1,1,1,3,2,1,1,1,1,2
SF,IH2006,2020-01-22 09:34:39.400,3004.4000,9688,0,242779560.000,0,-,-,-,-,3004.6000,3004.4000,3003.8000,3003.4000,3003.0000,3005.0000,3005.2000,3005.4000,3005.6000,3006.6000,1,1,3,2,5,4,1,1,1,1
SF,IH2006,2020-01-22 09:34:39.900,3004.6000,9687,-1,243680940.000,1,0,1,双平,S,3004.4000,3003.8000,3003.4000,3003.0000,3002.6000,3005.0000,3005.2000,3005.4000,3005.6000,3006.6000,1,3,2,5,2,4,1,1,1,1
SF,IH2006,2020-01-22 09:34:40.900,3004.6000,9687,0,243680940.000,0,-,-,-,-,3003.8000,3003.4000,3003.0000,3002.6000,3002.2000,3005.0000,3005.2000,3005.4000,3005.6000,3006.6000,3,2,5,2,2,4,1,1,1,1
SF,IH2006,2020-01-22 09:34:41.900,3004.6000,9687,0,243680940.000,0,-,-,-,-,3003.8000,3003.4000,3003.0000,3002.6000,3002.2000,3004.8000,3005.0000,3005.4000,3005.6000,3006.6000,3,2,5,2,2,1,4,1,1,1
SF,IH2006,2020-01-22 09:34:42.400,3004.6000,9687,0,243680940.000,0,-,-,-,-,3003.8000,3003.4000,3003.0000,3002.6000,3002.2000,3004.6000,3004.8000,3005.4000,3005.6000,3006.6000,4,2,5,2,2,5,1,1,1,1
SF,IH2006,2020-01-22 09:34:43.900,3003.8000,9691,4,247285500.000,4,4,0,双开,S,3003.4000,3003.0000,3002.6000,3002.2000,3001.8000,3003.8000,3004.6000,3004.8000,3005.4000,3005.6000,2,5,2,2,2,2,1,1,1,1
SF,IH2006,2020-01-22 09:34:44.400,3003.8000,9691,0,251791200.000,5,2,3,多换,S,3003.6000,3003.4000,3003.0000,3002.6000,3002.2000,3003.8000,3005.6000,3006.6000,3007.2000,3008.8000,1,2,5,2,2,1,1,1,1,2
SF,IH2006,2020-01-22 09:34:44.900,3003.8000,9691,0,252692340.000,1,0,1,多换,S,3003.4000,3003.0000,3002.6000,3002.2000,3001.8000,3005.6000,3006.6000,3007.2000,3008.8000,3011.0000,2,5,2,2,2,1,1,1,2,1
SF,IH2006,2020-01-22 09:34:45.400,3003.8000,9691,0,252692340.000,0,-,-,-,-,3003.4000,3003.0000,3002.6000,3002.2000,3001.8000,3005.2000,3005.4000,3005.6000,3006.6000,3007.2000,2,5,2,2,2,6,5,3,1,1
SF,IH2006,2020-01-22 09:34:45.900,3003.8000,9691,0,252692340.000,0,-,-,-,-,3003.6000,3003.4000,3003.0000,3002.6000,3002.2000,3005.0000,3005.2000,3005.6000,3006.6000,3007.2000,2,3,5,2,2,2,4,1,1,1
SF,IH2006,2020-01-22 09:34:46.400,3003.4000,9690,-1,254494440.000,2,0,2,多平,S,3003.4000,3003.0000,3002.6000,3002.2000,3001.8000,3004.6000,3004.8000,3005.0000,3005.6000,3006.6000,2,5,2,2,2,4,1,2,1,1
SF,IH2006,2020-01-22 09:34:46.900,3003.4000,9690,0,254494440.000,0,-,-,-,-,3003.4000,3003.0000,3002.6000,3002.2000,3001.8000,3004.4000,3004.6000,3004.8000,3005.0000,3005.6000,2,5,2,2,2,1,4,1,1,1
SF,IH2006,2020-01-22 09:34:47.400,3003.4000,9690,0,254494440.000,0,-,-,-,-,3003.4000,3003.0000,3002.6000,3002.2000,3001.8000,3004.2000,3004.4000,3004.6000,3005.6000,3006.6000,2,5,2,2,2,1,1,4,1,1
SF,IH2006,2020-01-22 09:34:47.900,3003.4000,9690,0,254494440.000,0,-,-,-,-,3003.6000,3003.4000,3003.0000,3002.6000,3002.2000,3004.6000,3005.6000,3006.6000,3007.2000,3008.8000,1,3,5,2,2,4,1,1,1,2
SF,IH2006,2020-01-22 09:34:48.400,3003.4000,9690,0,254494440.000,0,-,-,-,-,3003.6000,3003.4000,3003.0000,3002.6000,3002.2000,3005.6000,3006.6000,3007.2000,3008.8000,3011.0000,1,3,5,2,2,1,1,1,2,1
SF,IH2006,2020-01-22 09:34:48.900,3003.4000,9690,0,254494440.000,0,-,-,-,-,3003.4000,3003.0000,3002.6000,3002.2000,3001.8000,3005.0000,3005.2000,3005.4000,3005.6000,3006.6000,3,5,2,2,2,1,4,4,3,1
SF,IH2006,2020-01-22 09:34:49.400,3003.4000,9690,0,254494440.000,0,-,-,-,-,3003.4000,3003.0000,3002.6000,3002.2000,3001.8000,3004.6000,3004.8000,3005.0000,3005.4000,3005.6000,3,5,2,2,2,4,3,1,2,3
SF,IH2006,2020-01-22 09:34:49.900,3003.4000,9690,0,254494440.000,0,-,-,-,-,3003.4000,3003.0000,3002.6000,3002.2000,3001.8000,3004.4000,3004.8000,3005.0000,3005.4000,3005.6000,3,5,2,2,2,1,2,1,2,2
SF,IH2006,2020-01-22 09:34:50.400,3003.4000,9690,0,254494440.000,0,-,-,-,-,3003.6000,3003.4000,3003.0000,3002.6000,3002.2000,3004.4000,3004.8000,3005.0000,3005.4000,3005.6000,2,4,5,2,2,1,1,1,2,2
SF,IH2006,2020-01-22 09:34:50.900,3003.4000,9690,0,254494440.000,0,-,-,-,-,3003.6000,3003.4000,3003.0000,3002.6000,3002.2000,3004.2000,3004.4000,3004.8000,3005.0000,3005.4000,2,4,5,2,2,1,1,1,1,2
SF,IH2006,2020-01-22 09:34:51.400,3004.2000,9689,-1,255395700.000,1,0,1,双平,S,3003.6000,3003.4000,3003.0000,3002.6000,3002.2000,3004.4000,3004.8000,3005.0000,3005.4000,3005.6000,2,4,5,2,2,1,1,1,2,2
SF,IH2006,2020-01-22 09:34:51.900,3004.2000,9689,0,255395700.000,0,-,-,-,-,3003.4000,3003.0000,3002.6000,3002.2000,3001.8000,3004.4000,3004.8000,3005.0000,3005.4000,3005.6000,4,5,2,2,2,1,1,1,2,2
SF,IH2006,2020-01-22 09:34:52.400,3004.2000,9689,0,255395700.000,0,-,-,-,-,3003.6000,3003.4000,3003.0000,3002.6000,3002.2000,3004.4000,3004.8000,3005.0000,3005.4000,3005.6000,1,4,5,2,2,1,1,1,2,2
SF,IH2006,2020-01-22 09:34:52.900,3004.2000,9689,0,255395700.000,0,-,-,-,-,3003.6000,3003.4000,3003.0000,3002.6000,3002.2000,3004.8000,3005.0000,3005.4000,3005.6000,3006.6000,1,4,5,2,2,1,1,2,2,1
SF,IH2006,2020-01-22 09:34:53.400,3004.2000,9689,0,255395700.000,0,-,-,-,-,3003.8000,3003.6000,3003.4000,3003.0000,3002.6000,3005.0000,3005.4000,3005.6000,3006.6000,3007.2000,2,1,4,5,2,1,2,1,1,1
SF,IH2006,2020-01-22 09:34:53.900,3004.0000,9688,-1,256296900.000,1,0,1,双平,S,3003.8000,3003.6000,3003.4000,3003.0000,3002.6000,3005.0000,3005.4000,3005.6000,3006.6000,3007.2000,2,1,4,5,2,1,2,1,1,1
SF,IH2006,2020-01-22 09:34:54.400,3004.0000,9688,0,256296900.000,0,-,-,-,-,3003.8000,3003.6000,3003.4000,3003.0000,3002.6000,3004.8000,3005.0000,3005.4000,3005.6000,3006.6000,2,1,4,5,2,1,1,2,1,1
SF,IH2006,2020-01-22 09:34:54.900,3004.0000,9688,0,256296900.000,0,-,-,-,-,3003.8000,3003.6000,3003.4000,3003.0000,3002.6000,3004.8000,3005.0000,3005.6000,3006.6000,3007.2000,3,1,4,5,2,1,1,1,1,1
SF,IH2006,2020-01-22 09:34:55.400,3004.0000,9688,0,256296900.000,0,-,-,-,-,3003.8000,3003.6000,3003.4000,3003.0000,3002.6000,3004.8000,3005.0000,3005.6000,3006.6000,3007.2000,3,1,4,5,2,1,1,1,1,1
SF,IH2006,2020-01-22 09:34:55.900,3003.8000,9685,-3,264407760.000,9,3,6,多平,S,3003.6000,3003.4000,3003.0000,3002.6000,3002.2000,3005.0000,3005.6000,3006.6000,3007.2000,3008.8000,1,4,5,2,2,1,1,1,1,2
SF,IH2006,2020-01-22 09:34:56.400,3003.8000,9685,0,264407760.000,0,-,-,-,-,3003.8000,3003.6000,3003.4000,3003.0000,3002.6000,3005.0000,3005.6000,3006.6000,3007.2000,3008.8000,4,1,4,5,2,1,1,1,1,2
SF,IH2006,2020-01-22 09:34:56.900,3003.8000,9685,0,264407760.000,0,-,-,-,-,3003.8000,3003.6000,3003.4000,3003.0000,3002.6000,3005.0000,3005.6000,3006.6000,3007.2000,3008.8000,2,1,4,5,2,1,1,1,1,2
SF,IH2006,2020-01-22 09:34:57.400,3003.8000,9685,0,264407760.000,0,-,-,-,-,3003.8000,3003.6000,3003.4000,3003.0000,3002.6000,3005.0000,3005.6000,3006.6000,3007.2000,3008.8000,2,1,4,5,2,1,1,1,1,2
SF,IH2006,2020-01-22 09:34:57.900,3003.8000,9685,0,264407760.000,0,-,-,-,-,3003.8000,3003.6000,3003.4000,3003.0000,3002.6000,3004.8000,3005.0000,3005.6000,3006.6000,3007.2000,1,1,4,5,2,1,1,1,1,1
SF,IH2006,2020-01-22 09:34:58.400,3003.8000,9685,0,264407760.000,0,-,-,-,-,3003.8000,3003.6000,3003.4000,3003.0000,3002.6000,3004.8000,3005.0000,3005.6000,3006.6000,3007.2000,2,1,4,5,2,1,1,1,1,1
SF,IH2006,2020-01-22 09:34:58.900,3003.8000,9685,0,264407760.000,0,-,-,-,-,3004.0000,3003.8000,3003.6000,3003.4000,3003.0000,3005.6000,3006.6000,3007.2000,3008.8000,3011.0000,1,2,1,4,5,1,1,1,2,1
SF,IH2006,2020-01-22 09:34:59.400,3003.8000,9685,0,264407760.000,0,-,-,-,-,3004.2000,3004.0000,3003.8000,3003.6000,3003.4000,3005.2000,3005.4000,3005.6000,3006.6000,3007.2000,1,1,2,1,4,4,4,1,1,1
SF,IH2006,2020-01-22 09:34:59.900,3004.0000,9684,-1,266210220.000,2,0,2,多平,S,3003.8000,3003.6000,3003.4000,3003.0000,3002.6000,3004.2000,3005.0000,3005.2000,3005.6000,3006.6000,1,1,4,5,2,1,5,4,1,1
SF,IH2006,2020-01-22 09:35:00.400,3003.8000,9684,0,267111360.000,1,0,1,多换,S,3003.6000,3003.4000,3003.0000,3002.6000,3002.2000,3005.0000,3005.2000,3005.6000,3006.6000,3007.2000,1,4,5,2,2,3,4,1,1,1
SF,IH2006,2020-01-22 09:35:00.900,3003.8000,9684,0,267111360.000,0,-,-,-,-,3003.8000,3003.6000,3003.4000,3003.0000,3002.6000,3004.8000,3005.0000,3005.2000,3005.6000,3006.6000,2,1,4,5,2,2,3,4,1,1
