市场代码,合约代码,时间,最新,持仓,增仓,成交额,成交量,开仓,平仓,成交类型,方向,买一价,买二价,买三价,买四价,买五价,卖一价,卖二价,卖三价,卖四价,卖五价,买一量,买二量,买三量,买四量,买五量,卖一量,卖二量,卖三量,卖四量,卖五量
SF,IH2006,2020-01-21 09:29:00.100,3064.2000,9640,0,1838520.000,2.000,-,-,-,-,3064.0000,3063.0000,3054.0000,3053.8000,3051.0000,3064.4000,3069.8000,3070.0000,3073.8000,3074.6000,1,2,1,3,1,1,2,1,1,1
SF,IH2006,2020-01-21 09:30:00.100,3063.0000,9641,1,5514420.000,4,2,2,空开,S,3054.0000,3053.8000,3051.0000,3050.4000,3050.0000,3057.6000,3060.0000,3060.2000,3061.4000,3061.8000,1,3,1,2,8,1,3,1,1,1
SF,IH2006,2020-01-21 09:30:00.600,3059.0000,9640,-1,9183960.000,4,1,3,多平,S,3055.0000,3054.8000,3054.4000,3054.2000,3054.0000,3060.0000,3060.2000,3061.4000,3061.8000,3062.0000,1,1,1,3,2,3,1,2,1,1
SF,IH2006,2020-01-21 09:30:01.100,3059.8000,9639,-1,11019840.000,2,0,2,多平,S,3055.2000,3054.2000,3054.0000,3053.8000,3051.0000,3059.0000,3059.6000,3059.8000,3060.0000,3060.2000,1,2,1,2,1,1,4,7,4,1
SF,IH2006,2020-01-21 09:30:01.600,3059.8000,9639,0,11019840.000,0,-,-,-,-,3055.2000,3054.2000,3054.0000,3053.8000,3051.0000,3057.6000,3058.6000,3058.8000,3059.8000,3060.0000,1,1,1,2,1,3,4,9,4,4
SF,IH2006,2020-01-21 09:30:02.100,3059.8000,9639,0,11019840.000,0,-,-,-,-,3056.0000,3055.4000,3055.2000,3054.0000,3053.8000,3057.4000,3057.6000,3058.6000,3058.8000,3059.8000,2,2,1,1,2,2,2,1,2,1
SF,IH2006,2020-01-21 09:30:02.600,3055.2000,9637,-2,17438280.000,7,2,5,多平,S,3054.0000,3053.8000,3051.0000,3050.0000,3047.6000,3055.0000,3057.2000,3057.4000,3057.6000,3058.6000,1,2,1,8,5,5,1,1,2,1
SF,IH2006,2020-01-21 09:30:03.100,3055.0000,9633,-4,22937040.000,6,1,5,多平,S,3054.2000,3054.0000,3053.8000,3051.0000,3050.0000,3057.2000,3057.4000,3057.6000,3058.6000,3059.8000,2,1,2,1,8,1,1,2,1,1
SF,IH2006,2020-01-21 09:30:03.600,3055.0000,9633,0,22937040.000,0,-,-,-,-,3054.4000,3054.2000,3054.0000,3053.8000,3051.0000,3057.0000,3057.2000,3057.6000,3058.6000,3059.8000,1,2,1,2,1,3,1,2,1,1
SF,IH2006,2020-01-21 09:30:04.100,3055.0000,9633,0,22937040.000,0,-,-,-,-,3054.6000,3054.4000,3054.0000,3053.8000,3051.0000,3056.8000,3057.0000,3057.6000,3058.6000,3058.8000,2,1,1,2,1,1,3,2,1,1
SF,IH2006,2020-01-21 09:30:04.600,3055.0000,9633,0,22937040.000,0,-,-,-,-,3054.8000,3054.6000,3054.0000,3053.8000,3051.0000,3056.6000,3056.8000,3057.0000,3057.6000,3058.6000,1,2,1,2,1,1,1,1,2,1
SF,IH2006,2020-01-21 09:30:05.100,3056.4000,9633,0,23853960.000,1,0,1,多换,S,3055.0000,3054.8000,3054.0000,3053.8000,3051.0000,3056.6000,3057.0000,3057.6000,3058.6000,3058.8000,2,1,1,2,1,1,1,2,1,1
SF,IH2006,2020-01-21 09:30:05.600,3056.4000,9633,0,23853960.000,0,-,-,-,-,3055.2000,3055.0000,3054.8000,3054.0000,3053.8000,3056.6000,3057.0000,3058.6000,3058.8000,3059.6000,1,2,1,1,2,1,1,1,1,1
SF,IH2006,2020-01-21 09:30:06.100,3056.4000,9633,0,23853960.000,0,-,-,-,-,3055.4000,3055.2000,3054.8000,3054.0000,3053.8000,3056.6000,3057.0000,3058.6000,3058.8000,3059.6000,2,1,1,1,2,1,1,1,1,1
SF,IH2006,2020-01-21 09:30:06.600,3056.4000,9633,0,23853960.000,0,-,-,-,-,3055.6000,3055.4000,3054.8000,3054.0000,3053.8000,3058.8000,3059.6000,3059.8000,3060.0000,3061.4000,1,2,1,1,2,1,1,1,2,1
SF,IH2006,2020-01-21 09:30:07.100,3056.4000,9632,-1,24770880.000,1,0,1,双平,S,3055.8000,3054.0000,3053.8000,3051.0000,3050.0000,3057.6000,3057.8000,3058.4000,3058.6000,3058.8000,1,1,2,1,8,2,1,1,5,2
SF,IH2006,2020-01-21 09:30:07.600,3056.4000,9632,0,24770880.000,0,-,-,-,-,3054.0000,3053.8000,3051.0000,3050.0000,3047.6000,3057.4000,3057.6000,3058.4000,3058.6000,3058.8000,1,2,1,8,5,8,3,1,1,1
SF,IH2006,2020-01-21 09:30:08.100,3056.4000,9632,0,24770880.000,0,-,-,-,-,3054.2000,3054.0000,3053.8000,3051.0000,3050.0000,3057.4000,3057.6000,3058.4000,3058.6000,3058.8000,3,1,2,1,8,9,3,1,1,1
SF,IH2006,2020-01-21 09:30:08.600,3057.4000,9632,0,25688100.000,1,0,1,多换,S,3054.4000,3054.2000,3054.0000,3053.8000,3051.0000,3057.4000,3057.6000,3058.4000,3058.6000,3058.8000,1,2,1,2,1,8,3,1,1,1
SF,IH2006,2020-01-21 09:30:09.100,3057.4000,9632,0,25688100.000,0,-,-,-,-,3054.6000,3054.4000,3054.0000,3053.8000,3051.0000,3057.4000,3057.6000,3058.4000,3058.6000,3058.8000,2,1,1,2,1,8,3,1,1,1
SF,IH2006,2020-01-21 09:30:09.600,3054.8000,9632,0,26604540.000,1,0,1,多换,S,3054.6000,3054.0000,3053.8000,3051.0000,3050.0000,3057.2000,3057.4000,3057.6000,3058.6000,3058.8000,2,1,2,1,8,3,7,3,1,1
SF,IH2006,2020-01-21 09:30:10.100,3054.8000,9632,0,26604540.000,0,-,-,-,-,3054.6000,3054.0000,3053.8000,3051.0000,3050.0000,3057.0000,3057.2000,3057.4000,3057.6000,3058.6000,2,1,2,1,8,7,1,4,2,1
SF,IH2006,2020-01-21 09:30:10.600,3054.8000,9632,0,26604540.000,0,-,-,-,-,3054.8000,3054.6000,3054.0000,3053.8000,3051.0000,3057.0000,3057.2000,3057.4000,3057.6000,3058.6000,2,2,1,2,1,5,1,3,1,1
SF,IH2006,2020-01-21 09:30:11.100,3054.8000,9632,0,26604540.000,0,-,-,-,-,3055.0000,3054.8000,3054.0000,3053.8000,3051.0000,3057.0000,3057.4000,3058.6000,3059.8000,3060.0000,2,1,1,2,1,4,1,1,1,2
SF,IH2006,2020-01-21 09:30:11.600,3054.8000,9632,0,26604540.000,0,-,-,-,-,3055.2000,3055.0000,3054.0000,3053.8000,3051.0000,3057.0000,3057.4000,3058.6000,3059.8000,3060.0000,3,3,1,2,1,2,1,1,1,2
SF,IH2006,2020-01-21 09:30:12.100,3054.8000,9632,0,26604540.000,0,-,-,-,-,3055.2000,3055.0000,3054.0000,3053.8000,3051.0000,3056.8000,3057.0000,3058.6000,3059.8000,3060.0000,2,2,1,2,1,2,2,1,1,2
SF,IH2006,2020-01-21 09:30:12.600,3054.8000,9632,0,26604540.000,0,-,-,-,-,3055.4000,3054.0000,3053.8000,3051.0000,3050.0000,3056.6000,3056.8000,3057.0000,3058.6000,3059.8000,2,1,2,1,8,3,1,1,1,1
SF,IH2006,2020-01-21 09:30:13.100,3054.8000,9632,0,26604540.000,0,-,-,-,-,3055.4000,3054.0000,3053.8000,3051.0000,3050.0000,3056.6000,3057.0000,3058.6000,3059.8000,3060.0000,2,1,2,1,8,2,1,1,1,2
SF,IH2006,2020-01-21 09:30:13.600,3054.8000,9632,0,26604540.000,0,-,-,-,-,3055.4000,3054.0000,3053.8000,3051.0000,3050.0000,3056.6000,3057.0000,3058.6000,3059.8000,3060.0000,2,1,2,1,8,2,1,1,1,2
SF,IH2006,2020-01-21 09:30:14.100,3054.8000,9632,0,26604540.000,0,-,-,-,-,3055.6000,3055.4000,3054.0000,3053.8000,3051.0000,3057.0000,3058.6000,3059.8000,3060.0000,3061.4000,3,2,1,2,1,1,1,1,2,1
SF,IH2006,2020-01-21 09:30:14.600,3055.2000,9632,0,28437600.000,2,1,1,多换,S,3055.8000,3055.6000,3054.2000,3054.0000,3053.8000,3057.0000,3058.6000,3059.8000,3060.0000,3061.4000,2,3,1,1,2,2,1,1,2,1
SF,IH2006,2020-01-21 09:30:15.100,3055.2000,9632,0,28437600.000,0,-,-,-,-,3056.6000,3055.8000,3055.6000,3054.2000,3054.0000,3058.6000,3059.8000,3060.0000,3061.4000,3062.2000,4,2,3,1,1,1,1,2,1,1
SF,IH2006,2020-01-21 09:30:15.600,3055.2000,9632,0,28437600.000,0,-,-,-,-,3056.8000,3056.6000,3055.8000,3055.6000,3054.2000,3058.4000,3058.6000,3059.8000,3060.0000,3061.4000,2,5,1,3,1,6,1,1,2,1
SF,IH2006,2020-01-21 09:30:16.100,3055.2000,9632,0,28437600.000,0,-,-,-,-,3057.0000,3056.8000,3056.6000,3055.8000,3055.6000,3058.4000,3058.6000,3059.8000,3060.0000,3061.4000,1,2,4,1,3,6,1,1,2,1
SF,IH2006,2020-01-21 09:30:16.600,3055.2000,9632,0,28437600.000,0,-,-,-,-,3057.2000,3057.0000,3056.8000,3056.6000,3055.8000,3058.4000,3058.6000,3059.8000,3060.0000,3061.4000,2,1,2,4,1,3,1,1,2,1
SF,IH2006,2020-01-21 09:30:17.100,3055.4000,9631,-1,29354220.000,1,0,1,双平,S,3057.2000,3057.0000,3056.8000,3056.6000,3055.8000,3058.2000,3058.4000,3058.6000,3059.8000,3060.0000,2,1,2,4,1,1,3,1,1,2
SF,IH2006,2020-01-21 09:30:17.600,3057.2000,9630,-1,30271380.000,1,0,1,双平,S,3057.2000,3057.0000,3056.8000,3056.6000,3055.8000,3058.4000,3058.6000,3059.8000,3060.0000,3061.4000,1,1,2,4,1,3,1,1,2,1
SF,IH2006,2020-01-21 09:30:18.100,3057.2000,9630,0,30271380.000,0,-,-,-,-,3057.2000,3057.0000,3056.6000,3055.8000,3055.6000,3058.2000,3058.4000,3058.6000,3059.8000,3060.0000,1,1,4,1,1,1,2,1,1,2
SF,IH2006,2020-01-21 09:30:18.600,3057.2000,9630,0,30271380.000,0,-,-,-,-,3057.4000,3057.2000,3056.6000,3054.2000,3054.0000,3058.2000,3060.0000,3061.4000,3062.2000,3062.6000,3,1,4,1,1,1,1,1,1,1
SF,IH2006,2020-01-21 09:30:19.100,3058.2000,9629,-1,31188840.000,1,0,1,双平,S,3057.4000,3057.2000,3056.6000,3054.8000,3054.2000,3060.0000,3061.4000,3062.2000,3062.6000,3062.8000,3,1,4,1,1,1,1,1,1,7
SF,IH2006,2020-01-21 09:30:19.600,3058.2000,9629,0,31188840.000,0,-,-,-,-,3057.6000,3057.4000,3056.6000,3054.8000,3054.2000,3059.8000,3060.0000,3061.4000,3062.2000,3062.6000,1,3,4,1,1,5,1,1,1,1
SF,IH2006,2020-01-21 09:30:20.100,3058.2000,9629,0,31188840.000,0,-,-,-,-,3057.8000,3057.6000,3057.4000,3056.6000,3054.8000,3059.8000,3060.0000,3061.4000,3062.2000,3062.6000,2,1,1,4,1,5,1,1,1,1
SF,IH2006,2020-01-21 09:30:20.600,3058.0000,9629,0,32106240.000,1,0,1,多换,S,3057.8000,3057.4000,3056.6000,3054.8000,3054.2000,3059.6000,3059.8000,3060.0000,3061.4000,3062.2000,2,1,4,1,1,2,5,1,1,1
SF,IH2006,2020-01-21 09:30:21.100,3058.0000,9629,0,32106240.000,0,-,-,-,-,3057.8000,3057.4000,3056.6000,3054.8000,3054.2000,3059.4000,3059.6000,3059.8000,3060.0000,3062.2000,1,1,4,1,1,4,2,3,1,1
SF,IH2006,2020-01-21 09:30:21.600,3058.0000,9629,0,32106240.000,0,-,-,-,-,3057.4000,3056.6000,3054.8000,3054.2000,3054.0000,3059.2000,3059.4000,3059.6000,3059.8000,3060.0000,1,4,1,1,1,2,4,2,2,1
SF,IH2006,2020-01-21 09:30:22.100,3058.0000,9629,0,32106240.000,0,-,-,-,-,3057.6000,3057.4000,3056.6000,3054.8000,3054.2000,3059.0000,3059.4000,3059.6000,3059.8000,3060.0000,2,1,4,1,1,3,3,1,2,1
SF,IH2006,2020-01-21 09:30:22.600,3058.0000,9629,0,32106240.000,0,-,-,-,-,3057.6000,3057.4000,3056.6000,3054.8000,3054.2000,3058.0000,3059.0000,3059.4000,3059.6000,3059.8000,2,1,4,1,1,1,3,3,1,2
SF,IH2006,2020-01-21 09:30:23.100,3058.0000,9627,-2,33941040.000,2,0,2,双平,S,3058.0000,3057.8000,3057.6000,3056.6000,3055.0000,3059.0000,3059.4000,3060.0000,3062.2000,3062.8000,1,1,2,4,1,3,2,1,1,7
SF,IH2006,2020-01-21 09:30:23.600,3059.0000,9626,-1,34858740.000,1,0,1,双平,S,3058.0000,3057.8000,3057.6000,3056.6000,3055.0000,3059.0000,3059.4000,3060.0000,3062.2000,3062.8000,1,1,2,4,1,1,2,1,1,7
SF,IH2006,2020-01-21 09:30:24.100,3059.0000,9626,0,34858740.000,0,-,-,-,-,3058.0000,3057.6000,3056.6000,3055.0000,3054.8000,3059.0000,3059.4000,3060.0000,3062.2000,3062.8000,1,2,4,1,1,1,2,1,1,7
SF,IH2006,2020-01-21 09:30:24.600,3059.0000,9626,0,34858740.000,0,-,-,-,-,3058.0000,3057.6000,3056.6000,3055.0000,3054.8000,3059.0000,3059.4000,3060.0000,3062.2000,3062.8000,1,1,4,1,1,3,2,1,1,7
SF,IH2006,2020-01-21 09:30:25.100,3059.0000,9626,0,34858740.000,0,-,-,-,-,3058.0000,3057.6000,3056.6000,3055.0000,3054.8000,3059.0000,3060.0000,3062.2000,3062.8000,3063.8000,1,1,4,1,1,3,1,1,7,1
SF,IH2006,2020-01-21 09:30:25.600,3059.0000,9626,0,34858740.000,0,-,-,-,-,3058.2000,3058.0000,3057.6000,3056.6000,3055.0000,3059.0000,3060.0000,3062.2000,3062.8000,3063.8000,1,1,1,4,1,3,1,1,7,1
SF,IH2006,2020-01-21 09:30:26.100,3059.0000,9625,-1,36693900.000,2,0,2,多平,S,3058.0000,3057.6000,3056.6000,3055.0000,3054.8000,3059.0000,3060.0000,3062.8000,3063.8000,3064.0000,1,1,4,1,1,1,1,7,1,3
SF,IH2006,2020-01-21 09:30:26.600,3059.0000,9625,0,36693900.000,0,-,-,-,-,3058.0000,3057.6000,3056.6000,3055.0000,3054.8000,3059.0000,3060.0000,3062.8000,3063.8000,3064.0000,2,1,4,1,1,1,1,7,1,3
SF,IH2006,2020-01-21 09:30:27.100,3059.0000,9625,0,36693900.000,0,-,-,-,-,3058.0000,3056.6000,3055.0000,3054.8000,3054.2000,3058.8000,3059.0000,3060.0000,3062.8000,3063.8000,1,4,2,1,1,3,1,1,7,1
SF,IH2006,2020-01-21 09:30:27.600,3058.0000,9624,-1,37611300.000,1,0,1,双平,S,3056.6000,3055.0000,3054.8000,3054.2000,3054.0000,3058.8000,3059.0000,3060.0000,3062.8000,3063.8000,4,2,1,1,1,1,1,1,7,1
SF,IH2006,2020-01-21 09:30:28.100,3058.0000,9624,0,37611300.000,0,-,-,-,-,3056.8000,3056.6000,3055.0000,3054.8000,3054.2000,3058.6000,3058.8000,3059.0000,3060.0000,3062.8000,4,4,2,1,1,1,1,1,1,7
SF,IH2006,2020-01-21 09:30:28.600,3058.0000,9624,0,37611300.000,0,-,-,-,-,3056.8000,3056.6000,3055.0000,3054.8000,3054.2000,3058.6000,3058.8000,3059.0000,3060.0000,3062.8000,4,4,2,1,1,1,1,1,1,7
SF,IH2006,2020-01-21 09:30:29.100,3056.8000,9623,-1,38528340.000,1,0,1,双平,S,3056.8000,3056.6000,3055.0000,3054.8000,3054.2000,3058.6000,3058.8000,3059.0000,3060.0000,3062.8000,3,4,2,1,1,1,1,1,1,7
SF,IH2006,2020-01-21 09:30:29.600,3056.8000,9623,0,38528340.000,0,-,-,-,-,3057.0000,3056.8000,3056.6000,3055.0000,3054.8000,3058.4000,3058.6000,3059.0000,3060.0000,3062.8000,2,3,4,2,1,1,1,1,1,7
SF,IH2006,2020-01-21 09:30:30.100,3058.4000,9622,-1,39445860.000,1,0,1,双平,S,3057.2000,3057.0000,3056.6000,3055.0000,3054.8000,3058.6000,3059.0000,3060.0000,3062.8000,3063.8000,3,2,4,2,1,1,1,1,7,1
SF,IH2006,2020-01-21 09:30:30.600,3058.4000,9622,0,39445860.000,0,-,-,-,-,3057.4000,3057.2000,3057.0000,3056.6000,3055.0000,3058.6000,3059.0000,3060.0000,3062.8000,3063.8000,2,3,2,4,2,1,1,1,7,1
SF,IH2006,2020-01-21 09:30:31.100,3058.4000,9622,0,39445860.000,0,-,-,-,-,3057.6000,3057.4000,3057.2000,3056.6000,3055.0000,3059.0000,3060.0000,3062.8000,3064.0000,3064.2000,2,2,1,4,2,2,1,7,3,1
SF,IH2006,2020-01-21 09:30:31.600,3058.4000,9622,0,39445860.000,0,-,-,-,-,3057.6000,3057.2000,3056.6000,3055.0000,3054.8000,3058.8000,3059.0000,3060.0000,3062.8000,3064.0000,2,1,4,2,1,2,2,1,7,3
SF,IH2006,2020-01-21 09:30:32.100,3058.4000,9622,0,39445860.000,0,-,-,-,-,3057.6000,3057.2000,3056.6000,3055.0000,3054.8000,3058.6000,3058.8000,3059.0000,3060.0000,3062.8000,2,1,4,2,1,1,2,2,1,7
SF,IH2006,2020-01-21 09:30:32.600,3058.4000,9622,0,39445860.000,0,-,-,-,-,3056.6000,3055.0000,3054.8000,3054.2000,3054.0000,3058.6000,3058.8000,3059.0000,3060.0000,3062.8000,4,2,1,1,1,1,2,2,1,7
SF,IH2006,2020-01-21 09:30:33.100,3058.4000,9622,0,39445860.000,0,-,-,-,-,3056.8000,3056.6000,3055.0000,3054.8000,3054.2000,3058.4000,3058.6000,3058.8000,3059.0000,3060.0000,2,4,2,1,1,6,1,2,1,1
SF,IH2006,2020-01-21 09:30:33.600,3058.4000,9622,0,39445860.000,0,-,-,-,-,3057.0000,3056.8000,3056.6000,3055.0000,3054.8000,3057.6000,3058.4000,3058.6000,3058.8000,3059.0000,1,2,4,2,1,1,5,1,2,1
SF,IH2006,2020-01-21 09:30:34.100,3057.6000,9621,-1,40363140.000,1,0,1,双平,S,3056.8000,3056.6000,3055.0000,3054.8000,3054.2000,3058.4000,3058.6000,3058.8000,3059.0000,3060.0000,2,4,3,1,1,5,1,2,1,1
SF,IH2006,2020-01-21 09:30:34.600,3057.6000,9621,0,40363140.000,0,-,-,-,-,3056.8000,3056.6000,3055.0000,3054.8000,3054.2000,3058.2000,3058.4000,3058.6000,3058.8000,3059.0000,2,4,3,1,1,1,5,1,2,1
SF,IH2006,2020-01-21 09:30:35.100,3057.6000,9621,0,40363140.000,0,-,-,-,-,3056.8000,3056.6000,3055.0000,3054.8000,3054.2000,3058.0000,3058.4000,3058.6000,3059.0000,3060.0000,2,4,3,1,1,1,5,1,1,1
SF,IH2006,2020-01-21 09:30:35.600,3057.6000,9621,0,40363140.000,0,-,-,-,-,3056.8000,3056.6000,3055.0000,3054.8000,3054.2000,3057.8000,3058.0000,3058.4000,3058.6000,3059.0000,1,4,3,1,1,2,2,2,1,1
SF,IH2006,2020-01-21 09:30:36.100,3056.8000,9620,-1,41280180.000,1,0,1,双平,S,3056.6000,3055.0000,3054.8000,3054.2000,3054.0000,3057.8000,3058.0000,3058.4000,3058.6000,3059.0000,4,3,1,1,1,2,2,2,1,1
SF,IH2006,2020-01-21 09:30:36.600,3056.8000,9620,0,41280180.000,0,-,-,-,-,3056.6000,3055.0000,3054.8000,3054.2000,3054.0000,3057.6000,3057.8000,3058.0000,3058.4000,3058.6000,4,3,1,1,1,3,2,1,1,1
SF,IH2006,2020-01-21 09:30:37.100,3056.6000,9619,-1,42197160.000,1,0,1,双平,S,3056.6000,3055.0000,3054.8000,3054.2000,3054.0000,3057.6000,3057.8000,3058.0000,3058.4000,3058.6000,3,3,1,1,1,3,2,1,1,1
SF,IH2006,2020-01-21 09:30:38.600,3057.6000,9618,-1,44031420.000,2,0,2,多平,S,3056.6000,3055.0000,3054.8000,3054.2000,3054.0000,3057.6000,3057.8000,3058.0000,3058.4000,3058.6000,2,3,1,1,1,2,1,1,1,1
SF,IH2006,2020-01-21 09:30:39.100,3057.6000,9618,0,44031420.000,0,-,-,-,-,3056.6000,3055.0000,3054.8000,3054.2000,3054.0000,3057.6000,3057.8000,3058.0000,3058.4000,3058.6000,2,3,1,1,1,3,1,1,1,1
SF,IH2006,2020-01-21 09:30:40.100,3057.6000,9618,0,44031420.000,0,-,-,-,-,3056.6000,3055.0000,3054.8000,3054.2000,3054.0000,3057.4000,3057.6000,3057.8000,3058.0000,3058.4000,2,3,1,1,1,1,3,1,1,1
SF,IH2006,2020-01-21 09:30:40.600,3057.6000,9618,0,44031420.000,0,-,-,-,-,3056.6000,3055.0000,3054.8000,3054.2000,3054.0000,3057.6000,3057.8000,3058.0000,3058.4000,3058.6000,2,3,1,1,1,2,1,1,1,1
SF,IH2006,2020-01-21 09:30:41.100,3057.6000,9618,0,44031420.000,0,-,-,-,-,3056.6000,3055.0000,3054.8000,3054.2000,3054.0000,3057.6000,3057.8000,3058.4000,3058.6000,3059.0000,2,3,1,1,1,2,1,1,1,1
SF,IH2006,2020-01-21 09:30:41.600,3057.6000,9618,0,44031420.000,0,-,-,-,-,3056.8000,3056.6000,3055.0000,3054.8000,3054.2000,3057.6000,3058.4000,3058.6000,3059.0000,3060.0000,1,2,3,1,1,1,1,1,1,1
SF,IH2006,2020-01-21 09:30:42.100,3057.6000,9617,-1,44948700.000,1,0,1,双平,S,3057.8000,3057.0000,3056.8000,3056.6000,3055.0000,3058.4000,3058.6000,3059.0000,3060.0000,3062.8000,1,1,1,2,3,1,1,1,1,7
SF,IH2006,2020-01-21 09:30:42.600,3057.6000,9617,0,44948700.000,0,-,-,-,-,3057.0000,3056.8000,3056.6000,3055.0000,3054.8000,3058.6000,3059.0000,3060.0000,3062.8000,3064.0000,1,1,2,3,1,1,1,1,7,3
SF,IH2006,2020-01-21 09:30:43.100,3057.6000,9617,0,44948700.000,0,-,-,-,-,3057.2000,3057.0000,3056.6000,3055.0000,3054.8000,3058.0000,3058.6000,3059.0000,3060.0000,3062.8000,3,1,2,3,1,1,1,1,1,7
SF,IH2006,2020-01-21 09:30:43.600,3058.0000,9617,0,45866100.000,1,0,1,多换,S,3057.4000,3057.2000,3056.6000,3055.0000,3054.8000,3058.6000,3059.0000,3060.0000,3062.8000,3064.0000,1,3,2,3,1,1,1,1,7,3
SF,IH2006,2020-01-21 09:30:44.100,3058.0000,9617,0,45866100.000,0,-,-,-,-,3057.6000,3057.4000,3057.2000,3056.6000,3055.0000,3058.4000,3058.6000,3059.0000,3060.0000,3062.8000,1,1,1,2,3,1,1,1,1,7
SF,IH2006,2020-01-21 09:30:44.600,3058.0000,9617,0,45866100.000,0,-,-,-,-,3057.6000,3056.6000,3055.0000,3054.8000,3054.2000,3058.4000,3058.6000,3059.0000,3060.0000,3062.8000,1,2,3,1,1,1,1,1,1,7
SF,IH2006,2020-01-21 09:30:45.100,3058.0000,9617,0,45866100.000,0,-,-,-,-,3056.6000,3055.0000,3054.8000,3054.2000,3054.0000,3057.6000,3058.0000,3058.4000,3058.6000,3059.0000,2,3,1,1,1,1,1,1,1,1
SF,IH2006,2020-01-21 09:30:45.600,3058.0000,9617,0,45866100.000,0,-,-,-,-,3056.8000,3056.6000,3055.0000,3054.8000,3054.2000,3057.6000,3058.0000,3058.4000,3058.6000,3059.0000,3,2,3,1,1,1,1,1,1,1
SF,IH2006,2020-01-21 09:30:46.100,3058.0000,9617,0,45866100.000,0,-,-,-,-,3056.8000,3056.6000,3055.0000,3054.8000,3054.2000,3057.6000,3058.0000,3058.4000,3058.6000,3059.0000,2,2,3,1,1,1,1,1,1,1
SF,IH2006,2020-01-21 09:30:46.600,3058.0000,9617,0,45866100.000,0,-,-,-,-,3057.0000,3056.8000,3056.6000,3055.0000,3054.8000,3057.6000,3058.0000,3058.4000,3058.6000,3059.0000,1,2,2,3,1,1,1,1,1,1
SF,IH2006,2020-01-21 09:30:47.100,3058.0000,9617,0,45866100.000,0,-,-,-,-,3057.2000,3057.0000,3056.8000,3056.6000,3055.0000,3057.6000,3058.0000,3058.4000,3058.6000,3059.0000,1,1,1,2,3,1,1,1,1,1
SF,IH2006,2020-01-21 09:30:47.600,3057.2000,9617,0,46783260.000,1,0,1,多换,S,3057.0000,3056.8000,3056.6000,3055.0000,3054.8000,3057.6000,3058.0000,3058.6000,3059.0000,3060.0000,1,1,2,3,1,1,1,1,1,1
SF,IH2006,2020-01-21 09:30:48.100,3057.2000,9617,0,46783260.000,0,-,-,-,-,3056.8000,3056.6000,3055.0000,3054.8000,3054.2000,3057.6000,3058.0000,3058.6000,3059.0000,3060.0000,1,2,3,1,1,1,1,1,1,1
SF,IH2006,2020-01-21 09:30:48.600,3057.2000,9617,0,46783260.000,0,-,-,-,-,3057.0000,3056.8000,3056.6000,3055.0000,3054.8000,3057.6000,3058.0000,3058.6000,3059.0000,3060.0000,1,1,2,3,1,1,1,1,1,1
SF,IH2006,2020-01-21 09:30:49.100,3057.2000,9617,0,46783260.000,0,-,-,-,-,3056.8000,3056.6000,3055.0000,3054.8000,3054.2000,3057.0000,3057.6000,3058.0000,3058.6000,3059.0000,1,2,3,1,1,1,1,1,1,1
SF,IH2006,2020-01-21 09:30:49.600,3057.0000,9616,-1,47700360.000,1,0,1,双平,S,3057.0000,3056.8000,3056.6000,3055.0000,3054.8000,3057.6000,3058.0000,3058.6000,3059.0000,3060.0000,1,1,2,3,1,1,1,1,1,1
SF,IH2006,2020-01-21 09:30:50.100,3057.0000,9616,0,47700360.000,0,-,-,-,-,3056.8000,3056.6000,3055.0000,3054.8000,3054.2000,3057.6000,3058.0000,3058.6000,3059.0000,3060.0000,1,2,3,1,1,1,1,1,1,1
SF,IH2006,2020-01-21 09:30:50.600,3057.0000,9616,0,47700360.000,0,-,-,-,-,3056.8000,3056.6000,3055.0000,3054.8000,3054.2000,3057.6000,3058.0000,3058.6000,3059.0000,3060.0000,1,2,3,2,1,1,1,1,1,1
SF,IH2006,2020-01-21 09:30:52.100,3057.0000,9616,0,47700360.000,0,-,-,-,-,3056.8000,3056.6000,3055.0000,3054.8000,3054.2000,3057.6000,3058.0000,3058.6000,3059.0000,3060.0000,1,2,3,2,1,1,1,1,1,1
SF,IH2006,2020-01-21 09:30:52.600,3057.0000,9616,0,47700360.000,0,-,-,-,-,3057.0000,3056.8000,3056.6000,3055.0000,3054.8000,3057.6000,3058.0000,3058.6000,3059.0000,3060.0000,1,1,2,3,2,1,1,1,1,1
SF,IH2006,2020-01-21 09:30:53.600,3057.0000,9616,0,48617460.000,1,0,1,多换,S,3056.8000,3056.6000,3055.0000,3054.8000,3054.2000,3057.6000,3058.0000,3058.6000,3059.0000,3060.0000,1,2,3,2,1,1,1,1,1,1
SF,IH2006,2020-01-21 09:30:55.100,3056.8000,9615,-1,49534500.000,1,0,1,双平,S,3056.6000,3055.0000,3054.8000,3054.2000,3054.0000,3057.6000,3058.0000,3058.6000,3059.0000,3060.0000,2,3,2,1,1,1,1,1,1,1
SF,IH2006,2020-01-21 09:30:56.600,3056.8000,9615,0,49534500.000,0,-,-,-,-,3057.2000,3056.6000,3055.0000,3054.8000,3054.2000,3057.6000,3058.0000,3058.6000,3059.0000,3060.0000,1,2,3,2,1,1,1,1,1,1
SF,IH2006,2020-01-21 09:30:57.100,3056.8000,9615,0,49534500.000,0,-,-,-,-,3057.2000,3056.6000,3055.0000,3054.8000,3054.2000,3058.0000,3058.6000,3059.0000,3060.0000,3062.8000,1,3,3,2,1,1,1,1,1,7
SF,IH2006,2020-01-21 09:30:57.600,3058.0000,9614,-1,50451900.000,1,0,1,双平,S,3057.2000,3056.6000,3055.0000,3054.8000,3054.2000,3058.6000,3059.0000,3060.0000,3062.8000,3064.0000,1,3,3,2,1,1,1,1,7,3
SF,IH2006,2020-01-21 09:30:58.100,3058.0000,9614,0,50451900.000,0,-,-,-,-,3057.2000,3056.6000,3055.0000,3054.8000,3054.2000,3058.4000,3058.6000,3059.0000,3060.0000,3062.8000,1,3,3,2,1,2,1,1,1,7
SF,IH2006,2020-01-21 09:30:59.100,3058.4000,9613,-1,51369420.000,1,0,1,双平,S,3057.2000,3056.6000,3055.0000,3054.8000,3054.2000,3058.4000,3058.6000,3059.0000,3060.0000,3062.8000,1,3,3,2,1,1,1,1,1,7
SF,IH2006,2020-01-21 09:30:59.600,3058.4000,9613,0,51369420.000,0,-,-,-,-,3057.2000,3056.6000,3055.0000,3054.8000,3054.2000,3058.4000,3058.6000,3059.0000,3060.0000,3062.8000,1,3,3,2,1,1,1,1,1,7
SF,IH2006,2020-01-21 09:31:00.100,3058.4000,9613,0,51369420.000,0,-,-,-,-,3057.4000,3057.2000,3056.6000,3055.0000,3054.8000,3058.4000,3058.6000,3059.0000,3060.0000,3062.8000,1,1,3,3,2,1,1,1,1,7
SF,IH2006,2020-01-21 09:31:01.100,3057.2000,9612,-1,52286580.000,1,0,1,双平,S,3056.6000,3055.0000,3054.8000,3054.2000,3054.0000,3057.4000,3058.2000,3058.4000,3058.6000,3059.0000,3,3,2,1,1,1,1,1,1,1
SF,IH2006,2020-01-21 09:31:01.600,3057.2000,9612,0,52286580.000,0,-,-,-,-,3056.6000,3055.0000,3054.8000,3054.2000,3054.0000,3057.4000,3058.2000,3058.4000,3058.6000,3059.0000,3,2,2,1,1,1,1,1,1,1
SF,IH2006,2020-01-21 09:31:02.100,3056.6000,9609,-3,55037520.000,3,0,3,双平,S,3055.0000,3054.8000,3054.2000,3054.0000,3053.8000,3057.2000,3057.4000,3058.2000,3058.6000,3059.0000,2,2,1,1,2,1,1,1,1,1
SF,IH2006,2020-01-21 09:31:02.600,3056.6000,9609,0,55037520.000,0,-,-,-,-,3055.2000,3055.0000,3054.8000,3054.2000,3054.0000,3057.0000,3057.2000,3057.4000,3058.6000,3059.0000,1,2,2,1,1,2,1,1,1,1
SF,IH2006,2020-01-21 09:31:03.100,3056.6000,9609,0,55037520.000,0,-,-,-,-,3055.0000,3054.8000,3054.2000,3054.0000,3053.8000,3056.8000,3057.0000,3057.4000,3058.6000,3059.0000,2,2,1,1,2,2,2,1,1,1
SF,IH2006,2020-01-21 09:31:03.600,3056.8000,9610,1,56871540.000,2,1,1,空开,S,3055.2000,3055.0000,3054.8000,3054.2000,3054.0000,3057.0000,3057.4000,3058.6000,3059.0000,3060.0000,1,2,2,1,1,1,1,1,1,1
SF,IH2006,2020-01-21 09:31:04.100,3056.8000,9610,0,56871540.000,0,-,-,-,-,3055.2000,3055.0000,3054.8000,3054.2000,3054.0000,3056.8000,3057.0000,3057.4000,3058.6000,3059.0000,1,2,2,1,1,2,1,1,1,1
SF,IH2006,2020-01-21 09:31:04.600,3056.8000,9610,0,56871540.000,0,-,-,-,-,3055.2000,3055.0000,3054.8000,3054.2000,3054.0000,3056.6000,3056.8000,3057.4000,3058.6000,3059.0000,1,2,2,1,1,1,2,1,1,1
SF,IH2006,2020-01-21 09:31:05.100,3056.8000,9610,0,56871540.000,0,-,-,-,-,3055.4000,3055.2000,3055.0000,3054.8000,3054.2000,3056.6000,3056.8000,3057.4000,3058.6000,3059.0000,1,1,2,2,1,1,2,1,1,1
SF,IH2006,2020-01-21 09:31:05.600,3056.8000,9610,0,56871540.000,0,-,-,-,-,3055.4000,3055.2000,3055.0000,3054.8000,3054.2000,3056.4000,3056.6000,3056.8000,3057.4000,3058.6000,1,1,2,2,1,1,1,1,1,1
SF,IH2006,2020-01-21 09:31:06.100,3056.4000,9609,-1,57788460.000,1,0,1,双平,S,3055.4000,3055.2000,3055.0000,3054.8000,3054.2000,3056.6000,3056.8000,3057.4000,3058.6000,3059.0000,1,1,2,2,1,1,1,1,1,1
SF,IH2006,2020-01-21 09:31:06.600,3056.4000,9609,0,57788460.000,0,-,-,-,-,3056.4000,3055.6000,3055.4000,3055.0000,3054.8000,3056.6000,3056.8000,3057.4000,3058.6000,3059.0000,1,1,1,2,2,1,1,1,1,1
SF,IH2006,2020-01-21 09:31:07.100,3056.4000,9609,0,58705380.000,1,0,1,多换,S,3055.6000,3055.0000,3054.8000,3054.2000,3054.0000,3056.2000,3056.4000,3056.6000,3056.8000,3057.4000,1,2,2,1,1,1,4,1,1,1
SF,IH2006,2020-01-21 09:31:08.100,3056.2000,9609,0,59622240.000,1,0,1,多换,S,3055.6000,3055.0000,3054.8000,3054.2000,3054.0000,3056.4000,3057.4000,3058.6000,3059.0000,3060.0000,1,2,2,1,1,4,1,1,1,2
SF,IH2006,2020-01-21 09:31:09.100,3056.2000,9609,0,59622240.000,0,-,-,-,-,3055.6000,3055.0000,3054.8000,3054.2000,3054.0000,3056.4000,3057.4000,3059.0000,3060.0000,3062.8000,1,2,2,1,1,4,1,1,2,7
SF,IH2006,2020-01-21 09:31:13.100,3056.2000,9609,0,59622240.000,0,-,-,-,-,3055.8000,3055.6000,3055.0000,3054.8000,3054.2000,3056.4000,3057.4000,3059.0000,3060.0000,3062.8000,1,1,2,2,1,4,1,1,2,7
SF,IH2006,2020-01-21 09:31:14.100,3055.8000,9609,0,60538980.000,1,0,1,多换,S,3055.6000,3055.0000,3054.8000,3054.2000,3054.0000,3056.4000,3057.4000,3059.0000,3060.0000,3062.8000,1,2,2,1,1,4,1,1,2,7
SF,IH2006,2020-01-21 09:31:14.600,3055.8000,9609,0,60538980.000,0,-,-,-,-,3055.6000,3055.0000,3054.8000,3054.2000,3054.0000,3056.4000,3057.4000,3059.0000,3060.0000,3062.8000,1,2,2,1,1,4,1,1,2,7
SF,IH2006,2020-01-21 09:31:15.600,3056.4000,9607,-2,62372820.000,2,0,2,双平,S,3055.6000,3055.0000,3054.8000,3054.2000,3054.0000,3056.4000,3057.4000,3059.0000,3060.0000,3062.8000,1,2,2,1,1,2,1,1,2,7
SF,IH2006,2020-01-21 09:31:16.100,3056.4000,9607,0,62372820.000,0,-,-,-,-,3055.6000,3055.0000,3054.8000,3054.2000,3054.0000,3056.4000,3057.4000,3059.0000,3060.0000,3062.8000,1,2,2,1,1,2,1,1,2,7
SF,IH2006,2020-01-21 09:31:16.600,3056.4000,9606,-1,63289740.000,1,0,1,双平,S,3055.6000,3055.0000,3054.8000,3054.2000,3054.0000,3056.0000,3056.4000,3057.4000,3059.0000,3060.0000,1,2,2,1,1,1,1,1,1,2
SF,IH2006,2020-01-21 09:31:17.600,3056.4000,9606,0,64206660.000,1,0,1,多换,S,3056.0000,3055.6000,3055.0000,3054.8000,3054.2000,3056.4000,3057.4000,3059.0000,3060.0000,3062.8000,1,1,2,2,1,1,1,1,2,7
SF,IH2006,2020-01-21 09:31:18.100,3056.0000,9606,0,65123460.000,1,0,1,多换,S,3055.6000,3055.0000,3054.8000,3054.2000,3054.0000,3057.4000,3059.0000,3060.0000,3062.8000,3064.0000,1,2,2,1,1,1,1,2,7,3
SF,IH2006,2020-01-21 09:31:18.600,3056.0000,9606,0,65123460.000,0,-,-,-,-,3055.8000,3055.6000,3055.0000,3054.8000,3054.2000,3057.2000,3057.4000,3059.0000,3060.0000,3062.8000,1,1,2,2,1,3,1,1,2,7
SF,IH2006,2020-01-21 09:31:19.100,3056.0000,9606,0,65123460.000,0,-,-,-,-,3055.8000,3055.6000,3055.0000,3054.8000,3054.2000,3057.0000,3057.2000,3057.4000,3059.0000,3060.0000,1,1,2,2,1,1,3,1,1,2
SF,IH2006,2020-01-21 09:31:19.600,3056.0000,9606,0,65123460.000,0,-,-,-,-,3055.8000,3055.6000,3055.0000,3054.8000,3054.2000,3056.8000,3057.0000,3057.2000,3057.4000,3059.0000,1,1,2,2,1,2,1,1,1,1
SF,IH2006,2020-01-21 09:31:20.100,3056.0000,9606,0,65123460.000,0,-,-,-,-,3055.6000,3055.0000,3054.8000,3054.2000,3054.0000,3056.8000,3057.0000,3057.2000,3057.4000,3059.0000,1,2,2,1,1,2,1,1,1,1
SF,IH2006,2020-01-21 09:31:20.600,3056.0000,9606,0,65123460.000,0,-,-,-,-,3055.8000,3055.6000,3055.0000,3054.8000,3054.2000,3056.8000,3057.0000,3057.2000,3057.4000,3059.0000,1,1,2,2,1,2,1,1,1,1
SF,IH2006,2020-01-21 09:31:21.100,3056.0000,9606,0,65123460.000,0,-,-,-,-,3055.8000,3055.6000,3055.0000,3054.8000,3054.2000,3056.8000,3057.2000,3057.4000,3059.0000,3060.0000,1,1,2,2,1,2,1,1,1,2
SF,IH2006,2020-01-21 09:31:21.600,3056.0000,9606,0,65123460.000,0,-,-,-,-,3055.6000,3055.0000,3054.8000,3054.2000,3054.0000,3056.8000,3057.2000,3057.4000,3059.0000,3060.0000,1,2,2,1,1,2,1,1,1,2
SF,IH2006,2020-01-21 09:31:22.100,3056.0000,9606,0,65123460.000,0,-,-,-,-,3055.8000,3055.6000,3055.0000,3054.8000,3054.2000,3056.8000,3057.2000,3057.4000,3059.0000,3060.0000,1,1,2,2,1,2,1,1,1,2
SF,IH2006,2020-01-21 09:31:22.600,3056.0000,9606,0,65123460.000,0,-,-,-,-,3055.8000,3055.6000,3055.0000,3054.8000,3054.2000,3056.8000,3057.2000,3057.4000,3059.0000,3060.0000,1,1,7,2,1,2,1,1,1,2
SF,IH2006,2020-01-21 09:31:23.100,3056.0000,9606,0,65123460.000,0,-,-,-,-,3055.6000,3055.0000,3054.8000,3054.2000,3054.0000,3055.8000,3056.8000,3057.2000,3057.4000,3059.0000,1,7,2,1,1,1,2,1,1,1
SF,IH2006,2020-01-21 09:31:24.100,3055.8000,9605,-1,66956880.000,2,0,2,多平,S,3055.0000,3054.8000,3054.2000,3054.0000,3053.8000,3055.6000,3056.8000,3057.2000,3057.4000,3059.0000,7,2,1,1,2,2,2,1,1,1
SF,IH2006,2020-01-21 09:31:24.600,3055.6000,9604,-1,67873560.000,1,0,1,双平,S,3055.0000,3054.8000,3054.2000,3054.0000,3053.8000,3056.8000,3057.2000,3057.4000,3059.0000,3060.0000,7,2,1,1,2,2,1,1,1,2
SF,IH2006,2020-01-21 09:31:25.100,3055.0000,9603,-1,68790060.000,1,0,1,双平,S,3056.0000,3055.0000,3054.8000,3054.2000,3054.0000,3056.4000,3056.6000,3056.8000,3057.4000,3059.0000,1,6,2,1,1,1,2,3,1,1
SF,IH2006,2020-01-21 09:31:25.600,3055.6000,9603,0,69706740.000,1,0,1,多换,S,3055.0000,3054.8000,3054.2000,3054.0000,3053.8000,3056.2000,3056.6000,3057.4000,3059.0000,3060.0000,6,2,1,1,2,3,1,1,1,1
SF,IH2006,2020-01-21 09:31:26.100,3055.6000,9603,0,69706740.000,0,-,-,-,-,3055.2000,3055.0000,3054.8000,3054.2000,3054.0000,3055.6000,3056.0000,3056.2000,3056.6000,3057.4000,2,6,2,1,1,1,2,3,1,1
SF,IH2006,2020-01-21 09:31:26.600,3055.2000,9602,-1,70623300.000,1,0,1,双平,S,3055.2000,3055.0000,3054.8000,3054.2000,3054.0000,3055.4000,3055.6000,3056.0000,3056.2000,3056.6000,1,6,2,1,1,2,1,1,1,1
SF,IH2006,2020-01-21 09:31:27.100,3055.4000,9602,0,72456540.000,2,1,1,多换,S,3055.2000,3055.0000,3054.8000,3054.2000,3054.0000,3055.6000,3056.0000,3056.6000,3057.4000,3059.0000,1,6,2,1,1,1,1,1,1,1
SF,IH2006,2020-01-21 09:31:27.600,3055.6000,9601,-1,73373220.000,1,0,1,双平,S,3055.6000,3055.4000,3055.2000,3055.0000,3054.8000,3056.6000,3057.4000,3059.0000,3060.0000,3062.8000,1,1,1,6,2,1,1,1,1,7
SF,IH2006,2020-01-21 09:31:28.100,3055.6000,9600,-1,74289900.000,1,0,1,双平,S,3056.0000,3055.4000,3055.0000,3054.8000,3054.2000,3056.4000,3056.6000,3057.4000,3059.0000,3060.0000,1,1,6,2,1,3,2,1,1,1
SF,IH2006,2020-01-21 09:31:28.600,3055.4000,9599,-1,76123320.000,2,0,2,多平,S,3055.0000,3054.8000,3054.2000,3054.0000,3053.8000,3055.4000,3055.8000,3056.0000,3056.4000,3056.6000,6,2,1,1,2,1,1,1,3,1
SF,IH2006,2020-01-21 09:31:29.100,3055.0000,9598,-1,77039820.000,1,0,1,双平,S,3055.0000,3054.8000,3054.2000,3054.0000,3053.8000,3055.4000,3055.8000,3056.0000,3056.2000,3056.4000,5,2,1,1,2,1,1,1,1,3
SF,IH2006,2020-01-21 09:31:29.600,3055.0000,9601,3,81622320.000,5,4,1,空开,S,3054.8000,3054.2000,3054.0000,3053.8000,3053.0000,3055.0000,3055.4000,3055.8000,3056.0000,3056.2000,2,1,1,2,1,1,1,1,1,1
SF,IH2006,2020-01-21 09:31:30.100,3054.8000,9602,1,83455200.000,2,1,1,空开,S,3054.2000,3054.0000,3053.8000,3053.0000,3051.0000,3054.8000,3055.0000,3055.4000,3055.8000,3056.0000,1,1,2,1,2,1,1,1,1,1
SF,IH2006,2020-01-21 09:31:30.600,3054.8000,9602,0,83455200.000,0,-,-,-,-,3054.4000,3054.2000,3054.0000,3053.8000,3053.0000,3055.0000,3055.4000,3056.0000,3056.4000,3056.6000,1,1,1,2,1,1,1,1,3,1
SF,IH2006,2020-01-21 09:31:31.100,3055.4000,9600,-2,86204820.000,3,0,3,多平,S,3054.2000,3054.0000,3053.8000,3053.0000,3051.0000,3056.0000,3056.4000,3056.6000,3059.0000,3060.0000,1,1,2,1,2,1,3,1,1,1
SF,IH2006,2020-01-21 09:31:31.600,3055.4000,9600,0,86204820.000,0,-,-,-,-,3055.2000,3054.4000,3054.2000,3054.0000,3053.8000,3055.6000,3055.8000,3056.0000,3056.4000,3056.6000,1,2,1,1,2,1,3,1,1,1
SF,IH2006,2020-01-21 09:31:32.100,3055.2000,9600,0,87121380.000,1,0,1,多换,S,3054.4000,3054.2000,3054.0000,3053.8000,3053.0000,3055.2000,3055.4000,3055.6000,3055.8000,3056.0000,2,1,1,2,1,1,1,1,2,1
SF,IH2006,2020-01-21 09:31:32.600,3055.2000,9600,0,87121380.000,0,-,-,-,-,3054.4000,3054.2000,3054.0000,3053.8000,3053.0000,3055.4000,3055.6000,3055.8000,3056.0000,3056.4000,2,1,1,2,2,1,1,2,1,1
SF,IH2006,2020-01-21 09:31:33.100,3055.2000,9600,0,87121380.000,0,-,-,-,-,3054.2000,3054.0000,3053.8000,3053.0000,3051.6000,3055.4000,3055.6000,3055.8000,3056.0000,3056.4000,1,1,2,2,1,1,1,2,1,1
SF,IH2006,2020-01-21 09:31:33.600,3055.2000,9600,0,87121380.000,0,-,-,-,-,3054.2000,3054.0000,3053.8000,3053.0000,3051.6000,3055.2000,3055.4000,3055.8000,3056.0000,3056.4000,1,1,2,2,1,1,1,2,1,1
SF,IH2006,2020-01-21 09:31:34.100,3055.2000,9600,0,87121380.000,0,-,-,-,-,3054.2000,3054.0000,3053.8000,3053.0000,3051.6000,3055.2000,3055.4000,3055.8000,3056.0000,3056.4000,1,1,2,2,1,1,1,2,1,1
SF,IH2006,2020-01-21 09:31:34.600,3055.2000,9600,0,87121380.000,0,-,-,-,-,3054.2000,3054.0000,3053.8000,3053.0000,3051.6000,3055.0000,3055.2000,3055.8000,3056.0000,3056.4000,1,1,2,2,1,1,1,2,1,1
SF,IH2006,2020-01-21 09:31:35.100,3055.0000,9600,0,88037880.000,1,0,1,多换,S,3054.2000,3054.0000,3053.8000,3053.0000,3051.6000,3055.0000,3055.8000,3056.0000,3056.4000,3056.6000,1,1,2,2,1,1,2,1,1,1
SF,IH2006,2020-01-21 09:31:35.600,3055.0000,9600,0,88037880.000,0,-,-,-,-,3055.0000,3054.4000,3054.2000,3054.0000,3053.8000,3055.8000,3056.0000,3056.4000,3056.6000,3059.0000,1,1,1,1,2,2,1,1,1,1
SF,IH2006,2020-01-21 09:31:36.100,3055.0000,9600,0,88954380.000,1,0,1,多换,S,3054.4000,3054.2000,3054.0000,3053.8000,3053.0000,3055.2000,3055.6000,3055.8000,3056.0000,3056.4000,1,1,1,2,2,1,3,2,1,1
SF,IH2006,2020-01-21 09:31:36.600,3054.4000,9599,-1,89870700.000,1,0,1,双平,S,3054.2000,3054.0000,3053.8000,3053.0000,3051.6000,3055.6000,3055.8000,3056.0000,3056.4000,3056.6000,1,1,2,2,1,3,2,1,1,1
SF,IH2006,2020-01-21 09:31:37.100,3054.4000,9599,0,89870700.000,0,-,-,-,-,3055.0000,3054.2000,3054.0000,3053.8000,3053.0000,3055.4000,3055.6000,3056.0000,3056.4000,3056.6000,1,1,1,2,2,4,3,1,1,1
SF,IH2006,2020-01-21 09:31:37.600,3055.0000,9599,0,90787200.000,1,0,1,多换,S,3054.2000,3054.0000,3053.8000,3053.0000,3051.6000,3055.4000,3055.6000,3056.0000,3056.4000,3056.6000,1,1,2,2,1,4,3,1,1,1
SF,IH2006,2020-01-21 09:31:38.100,3055.0000,9599,0,90787200.000,0,-,-,-,-,3055.0000,3054.4000,3054.2000,3054.0000,3053.8000,3055.4000,3055.6000,3056.0000,3056.4000,3056.6000,1,1,1,1,2,1,1,1,1,1
SF,IH2006,2020-01-21 09:31:38.600,3055.0000,9599,0,92620320.000,2,1,1,多换,S,3054.4000,3054.2000,3054.0000,3053.8000,3053.0000,3055.6000,3056.0000,3056.4000,3056.6000,3059.0000,1,1,1,2,2,1,1,1,1,1
SF,IH2006,2020-01-21 09:31:39.100,3055.0000,9599,0,92620320.000,0,-,-,-,-,3054.6000,3054.4000,3054.2000,3054.0000,3053.8000,3056.4000,3056.6000,3059.0000,3060.0000,3062.8000,1,1,1,1,2,1,1,1,1,7
SF,IH2006,2020-01-21 09:31:39.600,3055.0000,9599,0,92620320.000,0,-,-,-,-,3054.8000,3054.6000,3054.2000,3054.0000,3053.8000,3056.0000,3056.2000,3056.4000,3056.6000,3059.0000,2,1,1,1,2,1,5,1,1,1
SF,IH2006,2020-01-21 09:31:40.100,3055.0000,9599,0,92620320.000,0,-,-,-,-,3054.8000,3054.2000,3054.0000,3053.8000,3053.0000,3055.8000,3056.0000,3056.2000,3056.4000,3056.6000,1,1,1,2,2,1,1,4,1,1
SF,IH2006,2020-01-21 09:31:40.600,3055.0000,9599,0,92620320.000,0,-,-,-,-,3054.2000,3054.0000,3053.8000,3053.0000,3051.6000,3054.6000,3055.6000,3055.8000,3056.0000,3056.2000,1,1,2,2,1,1,1,1,1,3
SF,IH2006,2020-01-21 09:31:41.100,3054.6000,9598,-1,94453080.000,2,0,2,多平,S,3054.2000,3054.0000,3053.8000,3053.0000,3051.6000,3055.6000,3055.8000,3056.2000,3056.4000,3056.6000,1,1,2,2,1,1,1,3,1,1
SF,IH2006,2020-01-21 09:31:41.600,3054.6000,9598,0,94453080.000,0,-,-,-,-,3054.2000,3054.0000,3053.8000,3053.0000,3051.6000,3055.4000,3055.6000,3056.2000,3056.4000,3056.6000,2,1,2,2,1,1,1,3,1,1
SF,IH2006,2020-01-21 09:31:42.600,3054.4000,9597,-1,95369400.000,1,0,1,双平,S,3054.2000,3054.0000,3053.8000,3053.0000,3051.6000,3055.4000,3055.6000,3056.2000,3056.4000,3056.6000,2,1,2,2,1,1,1,3,1,1
SF,IH2006,2020-01-21 09:31:43.100,3054.4000,9597,0,95369400.000,0,-,-,-,-,3054.2000,3054.0000,3053.8000,3053.0000,3051.6000,3055.4000,3055.6000,3056.2000,3056.4000,3056.6000,2,1,2,2,1,2,1,3,1,1
SF,IH2006,2020-01-21 09:31:43.600,3054.4000,9597,0,95369400.000,0,-,-,-,-,3054.2000,3054.0000,3053.8000,3053.0000,3051.6000,3055.2000,3055.4000,3056.2000,3056.4000,3056.6000,2,1,2,2,1,1,2,3,1,1
SF,IH2006,2020-01-21 09:31:44.100,3055.4000,9597,0,96286020.000,1,0,1,多换,S,3055.2000,3054.2000,3054.0000,3053.8000,3053.0000,3055.4000,3056.2000,3056.4000,3056.6000,3059.0000,1,2,1,2,2,1,3,1,1,1
SF,IH2006,2020-01-21 09:31:44.600,3054.2000,9596,-1,98118840.000,2,0,2,多平,S,3054.2000,3054.0000,3053.8000,3053.0000,3052.0000,3056.2000,3056.4000,3056.6000,3059.0000,3060.0000,1,1,2,2,1,3,1,1,1,1
SF,IH2006,2020-01-21 09:31:45.100,3054.2000,9596,0,98118840.000,0,-,-,-,-,3054.4000,3054.2000,3054.0000,3053.8000,3053.0000,3056.0000,3056.2000,3056.4000,3056.6000,3059.0000,3,1,1,2,2,2,3,1,1,1
SF,IH2006,2020-01-21 09:31:45.600,3054.2000,9596,0,98118840.000,0,-,-,-,-,3054.6000,3054.4000,3054.0000,3053.8000,3053.0000,3056.0000,3056.2000,3056.4000,3056.6000,3059.0000,1,3,1,2,2,2,3,1,1,1
SF,IH2006,2020-01-21 09:31:46.100,3054.2000,9596,0,98118840.000,0,-,-,-,-,3054.4000,3054.0000,3053.8000,3053.0000,3052.0000,3055.8000,3056.0000,3056.2000,3056.4000,3056.6000,2,1,2,2,1,3,1,2,1,1
SF,IH2006,2020-01-21 09:31:46.600,3054.2000,9596,0,98118840.000,0,-,-,-,-,3054.6000,3054.4000,3054.0000,3053.8000,3053.0000,3055.6000,3055.8000,3056.0000,3056.2000,3056.4000,1,1,1,2,2,1,1,1,2,1
SF,IH2006,2020-01-21 09:31:47.100,3054.2000,9596,0,98118840.000,0,-,-,-,-,3054.6000,3054.0000,3053.8000,3053.0000,3052.0000,3055.6000,3056.0000,3056.2000,3056.4000,3056.6000,1,1,2,2,1,1,1,2,1,1
SF,IH2006,2020-01-21 09:31:47.600,3054.2000,9596,0,98118840.000,0,-,-,-,-,3054.6000,3054.0000,3053.8000,3053.0000,3052.0000,3056.0000,3056.2000,3056.4000,3056.6000,3059.0000,1,1,2,2,1,1,2,1,1,1
SF,IH2006,2020-01-21 09:31:48.100,3054.2000,9596,0,98118840.000,0,-,-,-,-,3054.8000,3054.6000,3054.0000,3053.8000,3053.0000,3056.0000,3056.2000,3056.4000,3056.6000,3059.0000,1,1,1,2,2,2,2,1,1,1
SF,IH2006,2020-01-21 09:31:48.600,3054.6000,9595,-1,99035220.000,1,0,1,双平,S,3054.6000,3054.0000,3053.8000,3053.0000,3052.0000,3056.0000,3056.2000,3056.4000,3056.6000,3059.0000,1,1,2,2,1,2,2,1,1,1
SF,IH2006,2020-01-21 09:31:49.100,3054.6000,9595,0,99035220.000,0,-,-,-,-,3054.8000,3054.6000,3054.0000,3053.8000,3053.0000,3056.4000,3056.6000,3059.0000,3060.0000,3062.8000,2,1,1,2,2,1,1,1,1,7
SF,IH2006,2020-01-21 09:31:49.600,3054.6000,9595,0,99035220.000,0,-,-,-,-,3055.0000,3054.8000,3054.0000,3053.8000,3053.0000,3059.0000,3060.0000,3062.8000,3064.0000,3064.6000,1,2,1,2,2,1,1,7,3,1
SF,IH2006,2020-01-21 09:31:50.100,3054.6000,9595,0,99035220.000,0,-,-,-,-,3055.2000,3055.0000,3054.8000,3054.0000,3053.8000,3056.8000,3057.6000,3057.8000,3058.6000,3058.8000,1,1,1,1,2,1,2,1,4,3
SF,IH2006,2020-01-21 09:31:50.600,3054.6000,9595,0,99035220.000,0,-,-,-,-,3055.4000,3055.2000,3054.0000,3053.8000,3053.0000,3056.6000,3056.8000,3057.6000,3057.8000,3058.6000,1,1,1,2,2,3,1,2,1,4
SF,IH2006,2020-01-21 09:31:51.100,3054.6000,9595,0,99035220.000,0,-,-,-,-,3055.2000,3054.0000,3053.8000,3053.0000,3052.0000,3056.6000,3057.6000,3058.6000,3058.8000,3059.0000,1,1,2,2,1,3,2,4,1,2
SF,IH2006,2020-01-21 09:31:51.600,3054.6000,9595,0,99035220.000,0,-,-,-,-,3054.0000,3053.8000,3053.0000,3052.0000,3051.6000,3056.4000,3056.6000,3057.6000,3058.6000,3058.8000,1,2,2,1,1,1,3,2,4,1
SF,IH2006,2020-01-21 09:31:52.100,3054.6000,9595,0,99035220.000,0,-,-,-,-,3054.2000,3054.0000,3053.8000,3053.0000,3052.0000,3056.2000,3056.4000,3056.6000,3057.6000,3058.6000,4,1,2,2,1,1,1,1,2,4
SF,IH2006,2020-01-21 09:31:52.600,3054.6000,9595,0,99035220.000,0,-,-,-,-,3054.2000,3054.0000,3053.8000,3053.0000,3052.0000,3056.2000,3056.4000,3056.6000,3057.6000,3058.6000,4,1,2,2,1,1,1,1,2,4
SF,IH2006,2020-01-21 09:31:53.100,3054.6000,9595,0,99035220.000,0,-,-,-,-,3054.2000,3054.0000,3053.8000,3053.0000,3052.0000,3056.0000,3056.2000,3056.6000,3057.6000,3058.6000,3,1,2,2,1,2,1,1,2,4
SF,IH2006,2020-01-21 09:31:53.600,3054.6000,9595,0,99035220.000,0,-,-,-,-,3054.2000,3054.0000,3053.8000,3053.0000,3052.0000,3055.8000,3056.0000,3056.6000,3057.6000,3058.6000,3,1,2,2,1,1,2,1,2,4
SF,IH2006,2020-01-21 09:31:54.100,3055.6000,9595,0,99951900.000,1,0,1,多换,S,3054.2000,3054.0000,3053.8000,3053.0000,3052.0000,3055.6000,3055.8000,3056.0000,3057.6000,3058.6000,2,1,2,2,1,3,1,2,2,4
SF,IH2006,2020-01-21 09:31:54.600,3055.6000,9595,0,99951900.000,0,-,-,-,-,3054.4000,3054.2000,3054.0000,3053.8000,3053.0000,3055.6000,3055.8000,3057.6000,3058.6000,3058.8000,1,2,1,2,2,1,1,2,4,1
SF,IH2006,2020-01-21 09:31:55.100,3055.6000,9594,-1,100868580.000,1,0,1,双平,S,3054.6000,3054.4000,3054.0000,3053.8000,3053.0000,3057.6000,3058.6000,3058.8000,3059.0000,3060.0000,2,1,1,2,2,2,4,1,2,1
SF,IH2006,2020-01-21 09:31:55.600,3055.6000,9594,0,100868580.000,0,-,-,-,-,3054.8000,3054.6000,3054.4000,3054.0000,3053.8000,3056.4000,3057.4000,3057.6000,3058.6000,3058.8000,1,2,1,1,2,1,4,3,4,1
SF,IH2006,2020-01-21 09:31:56.100,3055.6000,9594,0,100868580.000,0,-,-,-,-,3055.0000,3054.8000,3054.4000,3054.0000,3053.8000,3056.2000,3056.4000,3057.4000,3057.6000,3058.6000,3,1,1,1,2,1,1,3,3,4
SF,IH2006,2020-01-21 09:31:57.100,3055.6000,9594,0,100868580.000,0,-,-,-,-,3055.0000,3054.8000,3054.4000,3054.0000,3053.8000,3056.2000,3057.4000,3057.6000,3058.6000,3058.8000,2,1,1,1,2,1,2,2,4,1
SF,IH2006,2020-01-21 09:31:57.600,3055.6000,9594,0,100868580.000,0,-,-,-,-,3055.2000,3055.0000,3054.8000,3054.4000,3054.0000,3056.2000,3057.4000,3057.6000,3058.6000,3058.8000,1,2,1,1,1,1,2,2,4,1
SF,IH2006,2020-01-21 09:31:58.100,3055.0000,9592,-2,103618140.000,3,0,3,多平,S,3054.8000,3054.4000,3054.0000,3053.8000,3053.0000,3056.2000,3057.4000,3057.6000,3058.6000,3058.8000,1,1,1,2,2,1,2,2,4,1
SF,IH2006,2020-01-21 09:31:59.100,3055.0000,9592,0,103618140.000,0,-,-,-,-,3055.0000,3054.8000,3054.4000,3054.0000,3053.8000,3056.2000,3057.4000,3057.6000,3058.6000,3058.8000,1,1,1,1,2,1,2,2,4,1
SF,IH2006,2020-01-21 09:31:59.600,3055.0000,9592,0,103618140.000,0,-,-,-,-,3055.0000,3054.8000,3054.4000,3054.0000,3053.8000,3056.2000,3057.4000,3057.6000,3058.6000,3058.8000,1,1,1,1,2,1,2,2,4,1
SF,IH2006,2020-01-21 09:32:00.100,3055.0000,9592,0,103618140.000,0,-,-,-,-,3055.2000,3054.8000,3054.4000,3054.0000,3053.8000,3056.0000,3056.2000,3057.4000,3057.6000,3058.6000,1,1,1,1,2,1,1,2,2,4
SF,IH2006,2020-01-21 09:32:00.600,3055.0000,9592,0,103618140.000,0,-,-,-,-,3054.4000,3054.0000,3053.8000,3053.0000,3052.0000,3056.0000,3056.2000,3057.4000,3057.6000,3058.6000,1,1,2,2,1,1,1,2,2,4
SF,IH2006,2020-01-21 09:32:01.100,3055.0000,9592,0,103618140.000,0,-,-,-,-,3054.0000,3053.8000,3053.0000,3052.0000,3051.6000,3055.8000,3056.0000,3057.4000,3057.6000,3058.6000,1,2,2,1,1,1,1,2,2,4
SF,IH2006,2020-01-21 09:32:01.600,3055.0000,9592,0,103618140.000,0,-,-,-,-,3054.2000,3054.0000,3053.8000,3053.0000,3052.0000,3055.6000,3055.8000,3056.0000,3057.4000,3057.6000,1,1,2,2,1,3,1,1,2,2
SF,IH2006,2020-01-21 09:32:02.100,3053.8000,9590,-2,105450480.000,2,0,2,双平,S,3053.8000,3053.0000,3052.0000,3051.6000,3051.0000,3054.2000,3055.4000,3055.6000,3056.0000,3057.4000,1,2,1,1,2,1,4,2,1,1
SF,IH2006,2020-01-21 09:32:02.600,3054.2000,9589,-1,106366740.000,1,0,1,双平,S,3054.2000,3053.8000,3053.0000,3052.0000,3051.6000,3055.4000,3055.6000,3056.0000,3057.4000,3057.6000,3,1,2,1,1,3,2,1,1,2
SF,IH2006,2020-01-21 09:32:03.100,3054.2000,9588,-1,108199260.000,2,0,2,多平,S,3054.2000,3053.8000,3053.0000,3052.0000,3051.6000,3055.0000,3055.2000,3055.4000,3055.6000,3056.0000,1,1,2,1,1,1,2,3,1,1
SF,IH2006,2020-01-21 09:32:03.600,3054.2000,9588,0,109115520.000,1,0,1,多换,S,3053.8000,3053.0000,3052.0000,3051.6000,3051.0000,3054.8000,3055.2000,3055.4000,3055.6000,3056.0000,1,2,1,1,2,1,2,2,1,1
SF,IH2006,2020-01-21 09:32:04.100,3054.8000,9588,0,110031960.000,1,0,1,多换,S,3053.8000,3053.0000,3052.0000,3051.6000,3051.0000,3055.2000,3055.4000,3055.6000,3057.4000,3057.6000,1,2,1,1,2,2,2,1,1,1
SF,IH2006,2020-01-21 09:32:04.600,3054.8000,9588,0,110031960.000,0,-,-,-,-,3054.0000,3053.8000,3053.0000,3052.0000,3051.6000,3055.2000,3055.4000,3057.4000,3057.6000,3058.6000,2,1,2,1,1,4,2,1,1,4
SF,IH2006,2020-01-21 09:32:05.100,3054.8000,9588,0,110031960.000,0,-,-,-,-,3054.0000,3053.8000,3053.0000,3052.0000,3051.6000,3055.2000,3055.4000,3057.4000,3057.6000,3058.6000,2,1,2,1,1,1,1,1,1,4
SF,IH2006,2020-01-21 09:32:05.600,3054.8000,9588,0,110031960.000,0,-,-,-,-,3054.0000,3053.8000,3053.0000,3052.0000,3051.6000,3055.0000,3055.2000,3055.4000,3057.4000,3057.6000,2,1,2,1,1,1,1,1,1,1
SF,IH2006,2020-01-21 09:32:06.100,3054.8000,9588,0,110031960.000,0,-,-,-,-,3055.0000,3054.0000,3053.8000,3053.0000,3052.0000,3055.2000,3055.4000,3057.4000,3057.6000,3058.6000,1,2,1,2,1,1,1,1,1,4
SF,IH2006,2020-01-21 09:32:06.600,3055.0000,9588,0,110948460.000,1,0,1,多换,S,3054.0000,3053.8000,3053.0000,3052.0000,3051.6000,3055.2000,3055.4000,3057.4000,3057.6000,3058.6000,2,1,2,1,1,1,1,1,1,4
SF,IH2006,2020-01-21 09:32:07.600,3055.0000,9588,0,110948460.000,0,-,-,-,-,3055.2000,3054.2000,3054.0000,3053.8000,3053.0000,3057.4000,3057.6000,3058.6000,3058.8000,3059.0000,1,3,2,1,2,1,1,4,1,2
SF,IH2006,2020-01-21 09:32:08.100,3055.0000,9588,0,110948460.000,0,-,-,-,-,3055.4000,3055.2000,3054.0000,3053.8000,3053.0000,3055.8000,3056.8000,3057.0000,3057.2000,3057.4000,2,1,2,1,2,1,1,2,5,1
SF,IH2006,2020-01-21 09:32:08.600,3055.4000,9588,0,111865080.000,1,0,1,多换,S,3055.2000,3054.0000,3053.8000,3053.0000,3052.0000,3057.2000,3057.4000,3057.6000,3058.6000,3058.8000,1,2,1,2,1,5,1,2,3,1
SF,IH2006,2020-01-21 09:32:09.100,3055.4000,9588,0,111865080.000,0,-,-,-,-,3055.4000,3055.2000,3054.0000,3053.8000,3053.0000,3055.8000,3056.8000,3057.0000,3057.2000,3057.4000,1,1,1,1,2,1,1,4,5,1
SF,IH2006,2020-01-21 09:32:09.600,3055.4000,9588,0,111865080.000,0,-,-,-,-,3055.2000,3054.0000,3053.8000,3053.0000,3052.0000,3055.6000,3057.0000,3057.2000,3057.4000,3057.6000,1,1,1,2,1,2,4,3,1,2
SF,IH2006,2020-01-21 09:32:10.100,3055.4000,9588,0,111865080.000,0,-,-,-,-,3055.2000,3054.0000,3053.8000,3053.0000,3052.0000,3055.6000,3057.0000,3057.2000,3057.4000,3057.6000,1,1,1,2,1,1,4,3,1,2
SF,IH2006,2020-01-21 09:32:10.600,3055.4000,9588,0,111865080.000,0,-,-,-,-,3054.0000,3053.8000,3053.0000,3052.0000,3051.6000,3055.4000,3055.6000,3057.0000,3057.2000,3057.4000,1,1,2,1,1,1,1,2,3,1
SF,IH2006,2020-01-21 09:32:11.100,3055.4000,9588,0,111865080.000,0,-,-,-,-,3054.2000,3054.0000,3053.8000,3053.0000,3052.0000,3055.2000,3055.4000,3057.0000,3057.2000,3057.4000,1,1,1,2,1,2,2,2,3,1
SF,IH2006,2020-01-21 09:32:11.600,3055.4000,9588,0,112781700.000,1,0,1,多换,S,3054.0000,3053.8000,3053.0000,3052.0000,3051.6000,3055.0000,3055.2000,3055.4000,3057.0000,3057.2000,1,1,2,1,1,1,2,1,2,3
SF,IH2006,2020-01-21 09:32:12.100,3055.4000,9588,0,112781700.000,0,-,-,-,-,3054.0000,3053.8000,3053.0000,3052.0000,3051.6000,3054.8000,3055.0000,3055.2000,3055.4000,3057.0000,1,1,2,1,1,1,2,1,1,2
SF,IH2006,2020-01-21 09:32:12.600,3055.4000,9588,0,112781700.000,0,-,-,-,-,3053.8000,3053.0000,3052.0000,3051.6000,3051.0000,3054.8000,3055.0000,3055.4000,3057.0000,3057.2000,1,2,1,1,2,1,1,1,2,3
SF,IH2006,2020-01-21 09:32:13.100,3055.4000,9588,0,112781700.000,0,-,-,-,-,3053.8000,3053.0000,3052.0000,3051.6000,3051.0000,3054.8000,3055.0000,3055.4000,3057.0000,3057.2000,1,2,1,1,2,2,1,1,2,3
SF,IH2006,2020-01-21 09:32:13.600,3054.8000,9587,-1,114614580.000,2,0,2,多平,S,3054.0000,3053.8000,3053.0000,3052.0000,3051.6000,3055.4000,3057.0000,3057.2000,3057.4000,3057.6000,1,1,2,1,1,1,2,3,1,2
SF,IH2006,2020-01-21 09:32:14.100,3054.8000,9587,0,114614580.000,0,-,-,-,-,3054.2000,3054.0000,3053.8000,3053.0000,3052.0000,3055.4000,3057.0000,3057.2000,3057.4000,3057.6000,2,1,1,2,1,1,2,3,1,2
SF,IH2006,2020-01-21 09:32:14.600,3054.8000,9587,0,114614580.000,0,-,-,-,-,3054.4000,3054.2000,3053.8000,3053.0000,3052.0000,3055.4000,3057.0000,3057.2000,3057.4000,3057.6000,1,2,1,2,1,1,2,3,1,2
SF,IH2006,2020-01-21 09:32:15.600,3054.8000,9587,0,114614580.000,0,-,-,-,-,3054.6000,3054.4000,3054.2000,3053.8000,3053.0000,3055.4000,3057.0000,3057.2000,3057.4000,3057.6000,1,1,1,1,2,1,2,3,1,2
SF,IH2006,2020-01-21 09:32:18.100,3055.4000,9586,-1,115531200.000,1,0,1,双平,S,3054.6000,3054.4000,3054.2000,3053.8000,3053.0000,3057.0000,3057.2000,3057.4000,3057.6000,3058.6000,1,1,1,1,2,2,3,1,2,3
SF,IH2006,2020-01-21 09:32:18.600,3055.4000,9586,0,115531200.000,0,-,-,-,-,3054.8000,3054.6000,3053.8000,3053.0000,3052.0000,3056.4000,3056.8000,3057.0000,3057.2000,3057.4000,1,1,1,2,1,1,3,3,2,1
SF,IH2006,2020-01-21 09:32:19.100,3054.8000,9587,1,116447640.000,1,1,0,双开,S,3054.6000,3053.8000,3053.0000,3052.0000,3051.6000,3054.8000,3056.2000,3056.4000,3056.8000,3057.0000,1,1,2,1,1,5,2,1,2,3
SF,IH2006,2020-01-21 09:32:19.600,3054.8000,9588,1,117364080.000,1,1,0,双开,S,3054.6000,3053.8000,3053.0000,3052.0000,3051.6000,3054.8000,3056.2000,3056.8000,3057.0000,3057.2000,1,1,2,1,1,4,2,1,3,2
SF,IH2006,2020-01-21 09:32:20.100,3054.8000,9588,0,119196960.000,2,1,1,多换,S,3054.6000,3053.8000,3053.0000,3052.0000,3051.6000,3054.8000,3056.2000,3056.8000,3057.0000,3057.2000,1,1,2,1,1,2,2,1,3,2
SF,IH2006,2020-01-21 09:32:20.600,3054.8000,9589,1,121029840.000,2,1,1,空开,S,3054.8000,3054.6000,3053.8000,3053.0000,3052.0000,3056.2000,3056.8000,3057.0000,3057.2000,3057.4000,1,1,1,2,1,2,1,3,2,1
SF,IH2006,2020-01-21 09:32:21.100,3054.8000,9589,0,121029840.000,0,-,-,-,-,3055.0000,3054.8000,3054.6000,3053.8000,3053.0000,3056.0000,3056.2000,3056.8000,3057.0000,3057.2000,1,2,1,1,2,1,3,1,3,2
SF,IH2006,2020-01-21 09:32:21.600,3054.8000,9589,0,121029840.000,0,-,-,-,-,3055.0000,3054.8000,3054.6000,3053.8000,3053.0000,3056.2000,3056.8000,3057.0000,3057.2000,3057.4000,1,2,1,1,2,2,1,1,2,1
SF,IH2006,2020-01-21 09:32:22.100,3054.8000,9589,0,121029840.000,0,-,-,-,-,3055.0000,3054.8000,3054.6000,3053.8000,3053.0000,3056.0000,3056.2000,3056.8000,3057.0000,3057.2000,1,2,1,1,2,1,2,1,1,2
SF,IH2006,2020-01-21 09:32:23.100,3054.8000,9589,0,121029840.000,0,-,-,-,-,3055.2000,3055.0000,3054.8000,3054.6000,3053.8000,3056.0000,3056.2000,3056.8000,3057.0000,3057.2000,1,1,2,1,1,1,2,1,1,2
SF,IH2006,2020-01-21 09:32:24.100,3054.8000,9589,0,121029840.000,0,-,-,-,-,3055.2000,3054.8000,3054.6000,3053.8000,3053.0000,3056.0000,3056.2000,3056.8000,3057.0000,3057.2000,1,2,1,1,2,1,2,1,1,2
SF,IH2006,2020-01-21 09:32:26.100,3054.8000,9589,0,121029840.000,0,-,-,-,-,3055.2000,3054.8000,3054.6000,3053.8000,3053.0000,3056.2000,3056.8000,3057.0000,3057.2000,3057.4000,1,2,1,1,2,2,1,1,2,1
SF,IH2006,2020-01-21 09:32:27.100,3054.8000,9589,0,121029840.000,0,-,-,-,-,3055.2000,3054.8000,3054.6000,3053.8000,3053.0000,3056.2000,3056.8000,3057.0000,3057.2000,3057.4000,1,2,1,1,2,1,1,1,2,1
SF,IH2006,2020-01-21 09:32:29.600,3054.8000,9589,0,121029840.000,0,-,-,-,-,3055.4000,3054.8000,3054.6000,3053.8000,3053.0000,3056.2000,3056.8000,3057.0000,3057.2000,3057.4000,1,2,1,1,2,1,1,1,2,1
SF,IH2006,2020-01-21 09:32:30.100,3054.8000,9589,0,121029840.000,0,-,-,-,-,3055.4000,3054.8000,3053.8000,3053.0000,3052.0000,3056.8000,3057.0000,3057.2000,3057.4000,3057.6000,1,2,1,2,1,1,1,2,1,2
SF,IH2006,2020-01-21 09:32:30.600,3054.8000,9589,0,121029840.000,0,-,-,-,-,3054.8000,3053.8000,3053.0000,3052.0000,3051.6000,3056.6000,3056.8000,3057.0000,3057.2000,3057.4000,2,1,2,1,1,4,2,1,2,1
SF,IH2006,2020-01-21 09:32:31.100,3054.8000,9589,0,121029840.000,0,-,-,-,-,3055.0000,3054.8000,3053.8000,3053.0000,3052.0000,3056.4000,3056.6000,3056.8000,3057.0000,3057.2000,1,2,1,2,1,1,4,1,1,2
SF,IH2006,2020-01-21 09:32:31.600,3054.8000,9589,0,121029840.000,0,-,-,-,-,3055.2000,3055.0000,3054.8000,3053.8000,3053.0000,3056.2000,3056.4000,3056.6000,3056.8000,3057.0000,1,1,2,1,2,1,1,3,1,1
SF,IH2006,2020-01-21 09:32:32.100,3054.8000,9589,0,121029840.000,0,-,-,-,-,3055.0000,3054.8000,3053.8000,3053.0000,3052.0000,3056.2000,3056.6000,3056.8000,3057.0000,3057.2000,1,2,1,2,1,1,3,1,1,2
SF,IH2006,2020-01-21 09:32:33.100,3055.0000,9587,-2,123779340.000,3,0,3,多平,S,3054.8000,3053.8000,3053.0000,3052.0000,3051.6000,3056.6000,3056.8000,3057.2000,3057.4000,3057.6000,2,1,2,1,1,3,1,2,1,2
SF,IH2006,2020-01-21 09:32:33.600,3055.0000,9587,0,123779340.000,0,-,-,-,-,3055.0000,3054.8000,3053.8000,3053.0000,3052.0000,3056.4000,3056.6000,3056.8000,3057.2000,3057.4000,2,2,1,2,1,2,3,1,2,1
SF,IH2006,2020-01-21 09:32:34.100,3055.0000,9587,0,123779340.000,0,-,-,-,-,3055.2000,3055.0000,3054.8000,3053.8000,3053.0000,3056.2000,3056.4000,3056.6000,3056.8000,3057.2000,1,1,2,1,2,1,2,2,1,2
SF,IH2006,2020-01-21 09:32:34.600,3055.0000,9587,0,123779340.000,0,-,-,-,-,3054.8000,3053.8000,3053.0000,3052.0000,3051.6000,3056.0000,3056.2000,3056.6000,3056.8000,3057.2000,2,1,2,1,1,1,1,2,1,2
SF,IH2006,2020-01-21 09:32:35.100,3055.0000,9587,0,123779340.000,0,-,-,-,-,3055.0000,3054.8000,3053.8000,3053.0000,3052.0000,3056.0000,3056.2000,3056.6000,3056.8000,3057.2000,1,2,1,2,1,1,1,2,1,2
SF,IH2006,2020-01-21 09:32:35.600,3055.0000,9587,0,123779340.000,0,-,-,-,-,3055.2000,3055.0000,3054.8000,3053.8000,3053.0000,3056.0000,3056.2000,3056.6000,3056.8000,3057.2000,1,1,2,1,2,1,1,2,1,2
SF,IH2006,2020-01-21 09:32:36.100,3056.0000,9588,1,124696140.000,1,1,0,双开,S,3055.2000,3055.0000,3054.8000,3053.8000,3053.0000,3056.2000,3056.6000,3056.8000,3057.2000,3057.4000,1,1,2,1,2,1,2,1,2,1
SF,IH2006,2020-01-21 09:32:37.100,3056.0000,9588,0,124696140.000,0,-,-,-,-,3055.2000,3055.0000,3054.8000,3053.8000,3053.0000,3056.2000,3056.6000,3056.8000,3057.2000,3057.4000,1,1,2,1,2,1,2,1,2,1
SF,IH2006,2020-01-21 09:32:37.600,3056.0000,9588,0,124696140.000,0,-,-,-,-,3055.2000,3054.8000,3053.8000,3053.0000,3052.0000,3056.2000,3056.6000,3056.8000,3057.2000,3057.4000,1,2,1,2,1,1,2,1,2,1
SF,IH2006,2020-01-21 09:32:38.100,3056.0000,9588,0,124696140.000,0,-,-,-,-,3054.8000,3053.8000,3053.0000,3052.0000,3051.6000,3056.2000,3056.6000,3056.8000,3057.2000,3057.4000,2,1,2,1,1,1,2,1,2,1
SF,IH2006,2020-01-21 09:32:38.600,3056.0000,9588,0,124696140.000,0,-,-,-,-,3055.0000,3054.8000,3053.8000,3053.0000,3052.0000,3056.2000,3056.6000,3056.8000,3057.2000,3057.4000,1,2,1,2,1,1,2,1,2,1
SF,IH2006,2020-01-21 09:32:41.600,3056.0000,9588,0,124696140.000,0,-,-,-,-,3055.2000,3055.0000,3054.8000,3053.8000,3053.0000,3056.2000,3056.6000,3056.8000,3057.2000,3057.4000,1,1,2,1,2,1,2,1,2,1
SF,IH2006,2020-01-21 09:32:42.100,3056.0000,9588,0,124696140.000,0,-,-,-,-,3055.4000,3055.2000,3055.0000,3054.8000,3053.8000,3056.2000,3056.6000,3056.8000,3057.2000,3057.4000,1,1,2,2,1,1,2,1,2,1
SF,IH2006,2020-01-21 09:32:42.600,3056.0000,9588,0,124696140.000,0,-,-,-,-,3055.4000,3055.0000,3054.8000,3053.8000,3053.0000,3056.2000,3056.6000,3056.8000,3057.2000,3057.4000,1,2,2,1,2,1,2,1,2,1
SF,IH2006,2020-01-21 09:32:43.100,3056.0000,9588,0,124696140.000,0,-,-,-,-,3055.4000,3055.0000,3054.8000,3053.8000,3053.0000,3056.2000,3056.6000,3056.8000,3057.2000,3057.4000,1,1,2,1,2,1,2,1,2,1
SF,IH2006,2020-01-21 09:32:45.100,3055.4000,9587,-1,125612760.000,1,0,1,双平,S,3055.0000,3054.8000,3053.8000,3053.0000,3052.0000,3055.4000,3056.2000,3056.6000,3056.8000,3057.2000,1,2,1,2,1,1,1,2,1,2
SF,IH2006,2020-01-21 09:32:45.600,3055.0000,9587,0,127445880.000,2,1,1,多换,S,3054.8000,3053.8000,3053.0000,3052.0000,3051.6000,3056.2000,3056.6000,3056.8000,3057.2000,3057.4000,2,1,2,1,1,1,2,1,2,1
SF,IH2006,2020-01-21 09:32:46.100,3055.0000,9587,0,127445880.000,0,-,-,-,-,3054.8000,3053.8000,3053.0000,3052.0000,3051.6000,3056.0000,3056.2000,3056.6000,3056.8000,3057.2000,2,1,2,1,1,5,1,2,1,2
SF,IH2006,2020-01-21 09:32:46.600,3055.0000,9587,0,127445880.000,0,-,-,-,-,3054.8000,3053.8000,3053.0000,3052.0000,3051.6000,3055.8000,3056.0000,3056.6000,3056.8000,3057.2000,2,1,2,1,1,1,5,2,1,2
SF,IH2006,2020-01-21 09:32:47.100,3055.0000,9587,0,127445880.000,0,-,-,-,-,3054.8000,3053.8000,3053.0000,3052.0000,3051.6000,3055.8000,3056.0000,3056.6000,3056.8000,3057.2000,2,1,2,1,1,1,3,2,1,2
SF,IH2006,2020-01-21 09:32:47.600,3055.0000,9587,0,127445880.000,0,-,-,-,-,3054.8000,3053.8000,3053.0000,3052.0000,3051.6000,3055.8000,3056.0000,3056.6000,3056.8000,3057.2000,2,1,2,1,1,1,2,2,1,2
SF,IH2006,2020-01-21 09:32:48.600,3055.0000,9587,0,127445880.000,0,-,-,-,-,3054.8000,3053.8000,3053.0000,3052.0000,3051.6000,3055.6000,3055.8000,3056.6000,3056.8000,3057.2000,2,1,2,1,1,2,1,2,1,2
SF,IH2006,2020-01-21 09:32:49.100,3054.8000,9588,1,128362320.000,1,1,0,双开,S,3053.8000,3053.0000,3052.0000,3051.6000,3051.0000,3054.8000,3055.4000,3055.6000,3056.6000,3056.8000,1,2,1,1,2,1,1,2,2,1
SF,IH2006,2020-01-21 09:32:49.600,3054.8000,9588,0,128362320.000,0,-,-,-,-,3054.8000,3054.0000,3053.8000,3053.0000,3052.0000,3055.4000,3056.6000,3056.8000,3057.2000,3057.4000,1,1,1,2,1,1,2,1,2,1
SF,IH2006,2020-01-21 09:32:50.100,3054.8000,9587,-1,129278760.000,1,0,1,双平,S,3053.8000,3053.0000,3052.0000,3051.6000,3051.0000,3055.2000,3056.6000,3056.8000,3057.2000,3057.4000,1,2,1,1,2,1,2,1,2,1
SF,IH2006,2020-01-21 09:32:50.600,3054.8000,9587,0,129278760.000,0,-,-,-,-,3054.0000,3053.8000,3053.0000,3052.0000,3051.6000,3055.0000,3056.6000,3056.8000,3057.2000,3057.4000,1,1,2,1,1,2,2,1,2,1
SF,IH2006,2020-01-21 09:32:51.100,3055.0000,9585,-2,131111760.000,2,0,2,双平,S,3054.2000,3054.0000,3053.8000,3053.0000,3052.0000,3056.6000,3056.8000,3057.2000,3057.4000,3057.6000,2,1,1,2,1,2,1,2,1,2
SF,IH2006,2020-01-21 09:32:51.600,3055.0000,9585,0,131111760.000,0,-,-,-,-,3054.4000,3054.2000,3054.0000,3053.8000,3053.0000,3056.2000,3056.4000,3056.6000,3056.8000,3057.2000,1,1,1,1,2,1,5,2,1,2
SF,IH2006,2020-01-21 09:32:52.100,3055.0000,9585,0,131111760.000,0,-,-,-,-,3054.6000,3054.4000,3053.8000,3053.0000,3052.0000,3056.0000,3056.4000,3056.6000,3056.8000,3057.2000,1,1,1,2,1,5,3,2,1,2
SF,IH2006,2020-01-21 09:32:52.600,3055.0000,9585,0,131111760.000,0,-,-,-,-,3054.6000,3054.4000,3053.8000,3053.0000,3052.0000,3056.0000,3056.4000,3056.6000,3056.8000,3057.2000,1,1,1,2,1,5,3,2,1,2
SF,IH2006,2020-01-21 09:32:53.100,3055.0000,9585,0,131111760.000,0,-,-,-,-,3054.6000,3054.4000,3053.8000,3053.0000,3052.0000,3055.0000,3056.0000,3056.4000,3056.6000,3056.8000,1,1,1,2,1,1,5,3,2,1
SF,IH2006,2020-01-21 09:32:53.600,3055.0000,9584,-1,132028260.000,1,0,1,双平,S,3054.6000,3054.4000,3053.8000,3053.0000,3052.0000,3056.0000,3056.4000,3056.6000,3056.8000,3057.2000,1,1,1,2,1,4,3,2,1,2
SF,IH2006,2020-01-21 09:32:54.100,3055.0000,9584,0,132028260.000,0,-,-,-,-,3054.8000,3054.6000,3053.8000,3053.0000,3052.0000,3056.0000,3056.4000,3056.6000,3056.8000,3057.2000,1,1,1,2,1,4,2,2,1,2
SF,IH2006,2020-01-21 09:32:54.600,3055.0000,9584,0,132028260.000,0,-,-,-,-,3054.8000,3054.6000,3053.8000,3053.0000,3052.0000,3056.0000,3056.4000,3056.6000,3056.8000,3057.2000,1,1,1,2,1,3,2,2,1,2
SF,IH2006,2020-01-21 09:32:55.100,3055.0000,9584,0,132028260.000,0,-,-,-,-,3055.0000,3054.8000,3054.6000,3053.8000,3053.0000,3056.6000,3056.8000,3057.2000,3057.4000,3057.6000,2,1,1,1,2,2,1,2,1,2
SF,IH2006,2020-01-21 09:32:55.600,3055.0000,9584,0,132028260.000,0,-,-,-,-,3055.0000,3054.8000,3054.6000,3053.8000,3053.0000,3056.4000,3056.6000,3056.8000,3057.2000,3057.4000,1,1,1,1,2,3,2,1,2,1
SF,IH2006,2020-01-21 09:32:56.600,3055.0000,9583,-1,132944760.000,1,0,1,双平,S,3055.0000,3054.8000,3054.6000,3053.8000,3053.0000,3056.4000,3056.6000,3056.8000,3057.2000,3057.4000,1,1,1,1,2,3,2,1,2,1
SF,IH2006,2020-01-21 09:32:58.100,3055.0000,9583,0,132944760.000,0,-,-,-,-,3054.8000,3054.6000,3053.8000,3053.0000,3052.0000,3056.2000,3056.4000,3056.6000,3056.8000,3057.2000,1,1,1,2,1,1,1,2,1,2
SF,IH2006,2020-01-21 09:32:58.600,3055.0000,9583,0,132944760.000,0,-,-,-,-,3055.0000,3054.8000,3053.8000,3053.0000,3052.0000,3056.2000,3056.4000,3056.6000,3056.8000,3057.2000,1,1,1,2,1,1,1,2,1,2
SF,IH2006,2020-01-21 09:32:59.100,3055.0000,9583,0,132944760.000,0,-,-,-,-,3055.0000,3054.8000,3053.8000,3053.0000,3052.0000,3055.4000,3056.2000,3056.4000,3056.6000,3056.8000,1,1,1,2,1,5,1,1,2,1
SF,IH2006,2020-01-21 09:32:59.600,3055.4000,9579,-4,137527860.000,5,0,5,多平,S,3055.4000,3055.0000,3054.8000,3053.8000,3053.0000,3056.2000,3056.4000,3056.6000,3056.8000,3057.2000,1,1,1,1,2,1,1,2,1,2
SF,IH2006,2020-01-21 09:33:00.100,3055.4000,9579,0,137527860.000,0,-,-,-,-,3055.0000,3054.8000,3053.8000,3053.0000,3052.0000,3056.2000,3056.4000,3056.6000,3056.8000,3057.2000,1,1,1,2,1,1,1,2,1,2
SF,IH2006,2020-01-21 09:33:00.600,3055.4000,9579,0,137527860.000,0,-,-,-,-,3054.8000,3053.8000,3053.0000,3052.0000,3051.6000,3056.0000,3056.2000,3056.6000,3056.8000,3057.2000,1,1,2,1,1,3,1,2,1,2
SF,IH2006,2020-01-21 09:33:01.100,3055.4000,9579,0,137527860.000,0,-,-,-,-,3055.0000,3054.8000,3053.8000,3053.0000,3052.0000,3055.8000,3056.2000,3056.6000,3056.8000,3057.2000,2,1,1,2,1,1,1,2,1,2
SF,IH2006,2020-01-21 09:33:01.600,3055.4000,9579,0,137527860.000,0,-,-,-,-,3054.8000,3053.8000,3053.0000,3052.0000,3051.6000,3055.8000,3056.2000,3056.6000,3056.8000,3057.2000,1,1,2,1,1,1,1,2,1,2
SF,IH2006,2020-01-21 09:33:02.100,3055.4000,9579,0,137527860.000,0,-,-,-,-,3054.8000,3053.8000,3053.0000,3052.0000,3051.6000,3055.6000,3055.8000,3056.2000,3056.6000,3056.8000,1,1,2,1,1,1,1,1,2,1
SF,IH2006,2020-01-21 09:33:02.600,3054.8000,9578,-1,138444300.000,1,0,1,双平,S,3053.8000,3053.0000,3052.0000,3051.6000,3051.0000,3055.6000,3055.8000,3056.2000,3056.6000,3056.8000,1,2,1,1,2,1,1,1,2,1
SF,IH2006,2020-01-21 09:33:03.100,3054.8000,9578,0,138444300.000,0,-,-,-,-,3054.8000,3054.0000,3053.8000,3053.0000,3052.0000,3055.4000,3055.8000,3056.2000,3056.6000,3056.8000,1,2,1,2,1,3,1,1,2,1
SF,IH2006,2020-01-21 09:33:03.600,3054.8000,9578,0,139360740.000,1,0,1,多换,S,3053.8000,3053.0000,3052.0000,3051.6000,3051.0000,3055.4000,3055.8000,3056.2000,3056.6000,3056.8000,1,2,1,1,2,1,1,1,2,1
SF,IH2006,2020-01-21 09:33:04.100,3054.8000,9578,0,139360740.000,0,-,-,-,-,3053.8000,3053.0000,3052.0000,3051.6000,3051.0000,3055.2000,3055.4000,3055.8000,3056.2000,3056.6000,1,2,1,1,2,2,1,1,1,2
SF,IH2006,2020-01-21 09:33:04.600,3054.8000,9578,0,139360740.000,0,-,-,-,-,3053.8000,3053.0000,3052.0000,3051.6000,3051.0000,3055.0000,3055.2000,3055.4000,3055.8000,3056.2000,1,2,1,1,2,1,2,1,1,1
SF,IH2006,2020-01-21 09:33:05.100,3053.8000,9577,-1,140276880.000,1,0,1,双平,S,3053.0000,3052.0000,3051.6000,3051.0000,3050.0000,3053.8000,3054.8000,3055.0000,3055.2000,3055.4000,2,1,1,2,17,1,1,1,1,1
SF,IH2006,2020-01-21 09:33:05.600,3053.8000,9576,-1,141193020.000,1,0,1,双平,S,3053.8000,3053.2000,3053.0000,3052.0000,3051.6000,3054.8000,3055.0000,3055.2000,3055.4000,3056.6000,1,4,2,1,1,1,1,1,1,2
SF,IH2006,2020-01-21 09:33:06.100,3053.8000,9576,0,141193020.000,0,-,-,-,-,3053.2000,3053.0000,3052.0000,3051.6000,3051.0000,3054.6000,3054.8000,3055.0000,3055.2000,3056.6000,4,2,1,1,2,2,1,1,1,2
SF,IH2006,2020-01-21 09:33:06.600,3053.8000,9576,0,141193020.000,0,-,-,-,-,3053.4000,3053.2000,3053.0000,3052.0000,3051.6000,3054.8000,3055.2000,3056.6000,3056.8000,3057.2000,1,4,2,1,1,1,1,2,1,2
SF,IH2006,2020-01-21 09:33:07.100,3053.8000,9576,0,141193020.000,0,-,-,-,-,3053.6000,3053.4000,3053.2000,3053.0000,3052.0000,3054.8000,3056.6000,3056.8000,3057.2000,3057.4000,3,1,1,2,1,1,2,1,2,1
SF,IH2006,2020-01-21 09:33:07.600,3053.8000,9576,0,141193020.000,0,-,-,-,-,3053.8000,3053.6000,3053.4000,3053.2000,3053.0000,3054.8000,3056.6000,3056.8000,3057.2000,3057.4000,1,3,1,1,2,1,2,1,2,1
SF,IH2006,2020-01-21 09:33:08.100,3053.8000,9576,0,141193020.000,0,-,-,-,-,3053.8000,3053.6000,3053.2000,3053.0000,3052.0000,3054.6000,3054.8000,3056.6000,3056.8000,3057.2000,1,3,1,2,1,1,1,2,1,2
SF,IH2006,2020-01-21 09:33:08.600,3053.8000,9576,0,141193020.000,0,-,-,-,-,3053.6000,3053.2000,3053.0000,3052.0000,3051.6000,3054.6000,3054.8000,3056.6000,3056.8000,3057.2000,2,1,2,1,1,1,1,2,1,2
SF,IH2006,2020-01-21 09:33:09.100,3053.8000,9576,0,141193020.000,0,-,-,-,-,3053.6000,3053.2000,3053.0000,3052.0000,3051.6000,3054.8000,3056.6000,3056.8000,3057.2000,3057.4000,2,1,2,1,1,1,2,1,2,1
SF,IH2006,2020-01-21 09:33:09.600,3053.8000,9576,0,141193020.000,0,-,-,-,-,3054.6000,3053.8000,3053.6000,3053.2000,3053.0000,3054.8000,3056.6000,3056.8000,3057.2000,3057.4000,1,1,2,1,2,1,2,1,2,1
SF,IH2006,2020-01-21 09:33:10.100,3054.6000,9575,-1,142109400.000,1,0,1,双平,S,3053.8000,3053.6000,3053.2000,3053.0000,3052.0000,3054.6000,3054.8000,3056.6000,3056.8000,3057.2000,1,2,1,2,1,1,1,2,1,2
SF,IH2006,2020-01-21 09:33:10.600,3054.6000,9575,0,142109400.000,0,-,-,-,-,3054.0000,3053.8000,3053.2000,3053.0000,3052.0000,3054.6000,3054.8000,3056.6000,3056.8000,3057.2000,2,1,1,2,1,1,1,2,1,2
SF,IH2006,2020-01-21 09:33:11.100,3054.6000,9575,0,142109400.000,0,-,-,-,-,3054.0000,3053.2000,3053.0000,3052.0000,3051.6000,3054.6000,3054.8000,3056.6000,3056.8000,3057.2000,2,1,2,1,1,1,1,2,1,2
SF,IH2006,2020-01-21 09:33:11.600,3054.6000,9575,0,142109400.000,0,-,-,-,-,3053.2000,3053.0000,3052.0000,3051.6000,3051.0000,3054.0000,3054.6000,3054.8000,3056.6000,3056.8000,1,2,1,1,2,1,1,1,2,1
SF,IH2006,2020-01-21 09:33:12.100,3054.6000,9575,0,142109400.000,0,-,-,-,-,3053.4000,3053.2000,3053.0000,3052.0000,3051.6000,3054.0000,3054.6000,3054.8000,3056.6000,3056.8000,2,1,2,1,1,1,1,1,2,1
SF,IH2006,2020-01-21 09:33:12.600,3054.0000,9575,0,143025600.000,1,0,1,多换,S,3053.4000,3053.2000,3053.0000,3052.0000,3051.6000,3054.6000,3054.8000,3056.6000,3056.8000,3057.2000,2,1,2,1,1,1,1,2,1,2
SF,IH2006,2020-01-21 09:33:13.100,3054.0000,9575,0,143025600.000,0,-,-,-,-,3053.8000,3053.6000,3053.4000,3053.0000,3052.0000,3054.6000,3054.8000,3056.6000,3056.8000,3057.2000,1,3,2,2,1,1,1,2,1,2
SF,IH2006,2020-01-21 09:33:13.600,3054.0000,9575,0,143025600.000,0,-,-,-,-,3053.8000,3053.6000,3053.4000,3053.0000,3052.0000,3054.6000,3054.8000,3056.6000,3056.8000,3057.2000,1,3,2,2,1,1,1,2,1,2
SF,IH2006,2020-01-21 09:33:14.100,3054.0000,9575,0,143025600.000,0,-,-,-,-,3053.8000,3053.6000,3053.4000,3053.0000,3052.0000,3054.6000,3054.8000,3056.6000,3056.8000,3057.2000,1,2,2,2,1,1,1,2,1,2
SF,IH2006,2020-01-21 09:33:14.600,3054.0000,9575,0,143025600.000,0,-,-,-,-,3053.8000,3053.6000,3053.4000,3053.0000,3052.0000,3054.6000,3054.8000,3056.6000,3056.8000,3057.2000,1,2,2,2,1,1,1,2,1,2
SF,IH2006,2020-01-21 09:33:15.100,3054.0000,9575,0,143025600.000,0,-,-,-,-,3053.8000,3053.6000,3053.4000,3053.0000,3052.0000,3054.6000,3054.8000,3056.6000,3056.8000,3057.2000,1,1,2,2,1,1,1,2,1,2
SF,IH2006,2020-01-21 09:33:15.600,3054.0000,9575,0,143025600.000,0,-,-,-,-,3054.0000,3053.8000,3053.6000,3053.4000,3053.0000,3054.6000,3054.8000,3056.6000,3056.8000,3057.2000,1,1,1,1,2,1,1,2,1,2
SF,IH2006,2020-01-21 09:33:16.100,3053.8000,9576,1,144857940.000,2,1,1,空开,S,3053.6000,3053.4000,3053.0000,3052.0000,3051.6000,3053.8000,3054.6000,3054.8000,3056.6000,3056.8000,1,1,2,1,1,1,1,1,2,1
SF,IH2006,2020-01-21 09:33:16.600,3053.8000,9576,0,145774080.000,1,0,1,多换,S,3053.8000,3053.6000,3053.4000,3053.0000,3052.0000,3054.6000,3054.8000,3056.6000,3056.8000,3057.2000,1,1,1,2,1,1,1,2,1,2
SF,IH2006,2020-01-21 09:33:17.100,3053.8000,9576,0,145774080.000,0,-,-,-,-,3053.6000,3053.4000,3053.0000,3052.0000,3051.6000,3053.8000,3054.6000,3054.8000,3056.6000,3056.8000,1,1,2,1,1,1,1,1,2,1
SF,IH2006,2020-01-21 09:33:17.600,3053.8000,9576,0,145774080.000,0,-,-,-,-,3053.6000,3053.4000,3053.0000,3052.0000,3051.6000,3054.6000,3054.8000,3056.6000,3056.8000,3057.2000,1,1,2,1,1,1,1,2,1,2
SF,IH2006,2020-01-21 09:33:18.100,3053.8000,9576,0,145774080.000,0,-,-,-,-,3053.4000,3053.0000,3052.0000,3051.6000,3051.0000,3054.4000,3054.6000,3056.6000,3056.8000,3057.2000,1,2,1,1,2,3,1,2,1,2
SF,IH2006,2020-01-21 09:33:18.600,3053.8000,9576,0,145774080.000,0,-,-,-,-,3053.4000,3053.0000,3052.0000,3051.6000,3051.0000,3054.2000,3054.4000,3054.6000,3056.6000,3056.8000,1,2,1,1,2,3,1,1,2,1
SF,IH2006,2020-01-21 09:33:19.100,3053.4000,9576,0,146690100.000,1,0,1,多换,S,3053.0000,3052.0000,3051.6000,3051.0000,3050.0000,3053.6000,3054.2000,3054.4000,3054.6000,3056.6000,2,1,1,2,17,2,3,1,1,2
SF,IH2006,2020-01-21 09:33:19.600,3053.6000,9574,-2,148522260.000,2,0,2,双平,S,3053.2000,3053.0000,3052.0000,3051.6000,3051.0000,3053.6000,3054.4000,3054.6000,3056.6000,3056.8000,1,2,1,1,2,1,1,1,2,1
SF,IH2006,2020-01-21 09:33:20.100,3053.6000,9574,0,149438340.000,1,0,1,多换,S,3053.6000,3053.2000,3053.0000,3052.0000,3051.6000,3054.4000,3054.6000,3056.6000,3056.8000,3057.2000,1,1,2,1,1,1,1,2,1,2
SF,IH2006,2020-01-21 09:33:20.600,3053.6000,9574,0,149438340.000,0,-,-,-,-,3053.8000,3053.6000,3053.0000,3052.0000,3051.6000,3054.4000,3054.6000,3056.6000,3056.8000,3057.2000,1,1,2,1,1,1,1,2,1,2
SF,IH2006,2020-01-21 09:33:21.100,3053.6000,9574,0,149438340.000,0,-,-,-,-,3053.6000,3053.0000,3052.0000,3051.6000,3051.0000,3054.4000,3054.6000,3056.6000,3056.8000,3057.2000,1,2,1,1,2,1,1,2,1,2
SF,IH2006,2020-01-21 09:33:21.600,3053.6000,9574,0,149438340.000,0,-,-,-,-,3053.8000,3053.6000,3053.0000,3052.0000,3051.6000,3054.4000,3054.6000,3056.6000,3056.8000,3057.2000,1,1,2,1,1,1,1,2,1,2
SF,IH2006,2020-01-21 09:33:23.100,3053.6000,9574,0,149438340.000,0,-,-,-,-,3053.8000,3053.0000,3052.0000,3051.6000,3051.0000,3054.4000,3054.6000,3056.6000,3056.8000,3057.2000,2,2,1,1,2,1,1,2,1,2
SF,IH2006,2020-01-21 09:33:23.600,3054.4000,9573,-1,150354660.000,1,0,1,双平,S,3054.4000,3053.8000,3053.0000,3052.0000,3051.6000,3056.6000,3056.8000,3057.2000,3057.4000,3057.6000,1,1,2,1,1,2,1,2,1,2
SF,IH2006,2020-01-21 09:33:24.100,3054.4000,9573,0,150354660.000,0,-,-,-,-,3054.4000,3053.8000,3053.0000,3052.0000,3051.6000,3056.2000,3056.4000,3056.6000,3056.8000,3057.2000,1,1,2,1,1,2,6,2,1,2
SF,IH2006,2020-01-21 09:33:24.600,3054.4000,9573,0,150354660.000,0,-,-,-,-,3054.6000,3054.4000,3053.8000,3053.0000,3052.0000,3056.0000,3056.4000,3056.6000,3056.8000,3057.2000,1,1,1,2,1,5,2,2,1,2
SF,IH2006,2020-01-21 09:33:25.100,3054.4000,9572,-1,151270980.000,1,0,1,双平,S,3054.4000,3053.8000,3053.0000,3052.0000,3051.6000,3056.0000,3056.4000,3056.6000,3056.8000,3057.2000,1,1,2,1,1,5,1,2,1,2
SF,IH2006,2020-01-21 09:33:25.600,3054.4000,9572,0,151270980.000,0,-,-,-,-,3054.6000,3054.4000,3053.8000,3053.0000,3052.0000,3056.0000,3056.4000,3056.6000,3056.8000,3057.2000,2,1,1,2,1,3,1,2,1,2
SF,IH2006,2020-01-21 09:33:26.100,3054.4000,9572,0,151270980.000,0,-,-,-,-,3054.6000,3054.4000,3054.0000,3053.0000,3052.0000,3055.8000,3056.0000,3056.4000,3056.6000,3056.8000,2,1,2,2,1,2,3,1,2,1
SF,IH2006,2020-01-21 09:33:26.600,3054.4000,9572,0,151270980.000,0,-,-,-,-,3054.6000,3054.4000,3054.0000,3053.0000,3052.0000,3055.8000,3056.0000,3056.4000,3056.6000,3056.8000,2,1,2,2,1,2,3,1,2,1
SF,IH2006,2020-01-21 09:33:27.100,3054.4000,9572,0,151270980.000,0,-,-,-,-,3054.6000,3054.4000,3054.0000,3053.0000,3052.0000,3055.6000,3055.8000,3056.0000,3056.4000,3056.6000,1,1,2,2,1,2,2,1,1,2
SF,IH2006,2020-01-21 09:33:27.600,3054.4000,9572,0,151270980.000,0,-,-,-,-,3054.8000,3054.6000,3054.4000,3054.0000,3053.0000,3055.4000,3056.0000,3056.4000,3056.6000,3056.8000,1,1,1,2,2,1,1,1,2,1
SF,IH2006,2020-01-21 09:33:28.100,3055.4000,9571,-1,152187600.000,1,0,1,双平,S,3054.8000,3054.6000,3054.4000,3054.0000,3053.0000,3056.4000,3056.6000,3056.8000,3057.2000,3057.4000,1,1,1,2,2,1,2,1,2,1
SF,IH2006,2020-01-21 09:33:28.600,3055.4000,9571,0,152187600.000,0,-,-,-,-,3054.8000,3054.6000,3054.4000,3054.0000,3053.0000,3056.2000,3056.4000,3056.6000,3056.8000,3057.2000,1,1,1,2,2,5,1,2,1,2
SF,IH2006,2020-01-21 09:33:29.100,3055.4000,9571,0,152187600.000,0,-,-,-,-,3055.0000,3054.8000,3054.4000,3054.2000,3054.0000,3056.2000,3056.4000,3056.6000,3056.8000,3057.2000,1,1,1,1,1,3,1,2,1,2
SF,IH2006,2020-01-21 09:33:30.100,3055.4000,9571,0,152187600.000,0,-,-,-,-,3055.0000,3054.8000,3054.4000,3054.2000,3054.0000,3056.2000,3056.4000,3056.6000,3056.8000,3057.2000,1,1,1,1,1,2,1,2,1,2
SF,IH2006,2020-01-21 09:33:30.600,3055.4000,9571,0,152187600.000,0,-,-,-,-,3055.0000,3054.8000,3054.4000,3054.2000,3054.0000,3056.0000,3056.2000,3056.6000,3056.8000,3057.2000,1,1,1,1,1,1,1,2,1,2
SF,IH2006,2020-01-21 09:33:31.100,3055.4000,9571,0,152187600.000,0,-,-,-,-,3055.2000,3055.0000,3054.4000,3054.2000,3054.0000,3056.0000,3056.6000,3056.8000,3057.2000,3057.4000,1,1,1,1,1,1,2,1,2,1
SF,IH2006,2020-01-21 09:33:31.600,3055.4000,9571,0,152187600.000,0,-,-,-,-,3054.4000,3054.2000,3054.0000,3053.0000,3052.0000,3056.6000,3056.8000,3057.2000,3057.4000,3057.6000,1,1,1,2,1,2,1,2,1,2
SF,IH2006,2020-01-21 09:33:32.100,3055.4000,9571,0,152187600.000,0,-,-,-,-,3054.6000,3054.4000,3054.0000,3053.0000,3052.0000,3056.4000,3056.6000,3056.8000,3057.2000,3057.4000,2,2,1,2,1,5,2,1,2,1
SF,IH2006,2020-01-21 09:33:32.600,3055.4000,9571,0,152187600.000,0,-,-,-,-,3054.6000,3054.4000,3054.0000,3053.0000,3052.0000,3056.4000,3056.6000,3056.8000,3057.2000,3057.4000,2,2,1,2,1,3,2,1,2,1
SF,IH2006,2020-01-21 09:33:33.100,3055.4000,9571,0,152187600.000,0,-,-,-,-,3054.8000,3054.6000,3054.4000,3054.0000,3053.0000,3056.4000,3056.6000,3056.8000,3057.2000,3057.4000,1,2,2,1,2,3,2,1,2,1
SF,IH2006,2020-01-21 09:33:33.600,3055.4000,9571,0,152187600.000,0,-,-,-,-,3055.0000,3054.8000,3054.6000,3054.4000,3054.0000,3056.2000,3056.4000,3056.6000,3056.8000,3057.2000,1,1,1,2,1,3,3,2,1,2
SF,IH2006,2020-01-21 09:33:34.100,3055.4000,9571,0,152187600.000,0,-,-,-,-,3055.0000,3054.8000,3054.6000,3054.4000,3054.0000,3056.2000,3056.4000,3056.6000,3056.8000,3057.2000,1,1,1,2,1,2,3,2,1,2
SF,IH2006,2020-01-21 09:33:34.600,3055.4000,9571,0,152187600.000,0,-,-,-,-,3055.2000,3055.0000,3054.8000,3054.4000,3054.0000,3056.2000,3056.4000,3056.8000,3057.2000,3057.4000,1,1,1,2,1,2,3,1,2,1
SF,IH2006,2020-01-21 09:33:35.100,3055.4000,9571,0,152187600.000,0,-,-,-,-,3055.0000,3054.8000,3054.4000,3054.0000,3053.0000,3056.4000,3056.8000,3057.2000,3057.4000,3057.6000,1,1,2,1,2,2,1,2,1,1
SF,IH2006,2020-01-21 09:33:35.600,3055.4000,9571,0,152187600.000,0,-,-,-,-,3055.2000,3055.0000,3054.8000,3054.4000,3054.0000,3056.2000,3057.2000,3057.4000,3057.6000,3058.8000,2,1,1,2,1,1,2,1,1,1
SF,IH2006,2020-01-21 09:33:36.600,3055.2000,9571,0,154020720.000,2,1,1,多换,S,3055.0000,3054.8000,3054.4000,3054.0000,3053.0000,3056.0000,3057.2000,3057.4000,3057.6000,3058.8000,1,1,2,1,2,1,2,1,1,1
SF,IH2006,2020-01-21 09:33:37.100,3055.2000,9571,0,154020720.000,0,-,-,-,-,3054.8000,3054.4000,3054.0000,3053.0000,3052.0000,3055.2000,3055.8000,3057.2000,3057.4000,3057.6000,1,2,1,2,1,1,2,2,1,1
SF,IH2006,2020-01-21 09:33:37.600,3055.2000,9571,0,154020720.000,0,-,-,-,-,3054.8000,3054.4000,3054.0000,3053.0000,3052.0000,3057.2000,3057.4000,3057.6000,3058.8000,3059.0000,1,2,1,2,1,2,1,1,1,2
SF,IH2006,2020-01-21 09:33:38.100,3055.2000,9571,0,154020720.000,0,-,-,-,-,3055.0000,3054.8000,3054.4000,3054.0000,3053.0000,3057.0000,3057.2000,3057.4000,3057.6000,3058.8000,1,1,2,1,2,6,2,1,1,1
SF,IH2006,2020-01-21 09:33:39.100,3055.2000,9571,0,154020720.000,0,-,-,-,-,3055.0000,3054.8000,3054.4000,3054.0000,3053.0000,3057.0000,3057.2000,3057.4000,3057.6000,3058.8000,1,1,2,1,2,5,2,1,1,1
SF,IH2006,2020-01-21 09:33:40.100,3055.0000,9570,-1,154937220.000,1,0,1,双平,S,3054.8000,3054.4000,3054.0000,3053.0000,3052.0000,3055.0000,3056.8000,3057.0000,3057.2000,3057.4000,1,2,1,2,1,1,2,5,2,1
SF,IH2006,2020-01-21 09:33:40.600,3055.0000,9569,-1,155853720.000,1,0,1,双平,S,3055.2000,3055.0000,3054.8000,3054.4000,3054.0000,3056.8000,3057.0000,3057.2000,3057.4000,3057.6000,2,2,1,2,1,2,5,2,1,1
SF,IH2006,2020-01-21 09:33:41.100,3055.0000,9569,0,155853720.000,0,-,-,-,-,3055.2000,3055.0000,3054.8000,3054.4000,3053.0000,3056.6000,3056.8000,3057.0000,3057.2000,3057.4000,2,3,1,2,2,5,2,2,2,1
SF,IH2006,2020-01-21 09:33:41.600,3055.0000,9569,0,155853720.000,0,-,-,-,-,3055.2000,3055.0000,3054.8000,3054.4000,3053.0000,3056.6000,3057.0000,3057.2000,3057.4000,3057.6000,2,3,1,2,2,5,2,2,1,1
SF,IH2006,2020-01-21 09:33:42.100,3056.4000,9569,0,156770640.000,1,0,1,多换,S,3055.2000,3055.0000,3054.8000,3054.4000,3053.0000,3056.6000,3057.0000,3057.2000,3057.4000,3057.6000,2,3,1,1,2,5,2,2,1,1
SF,IH2006,2020-01-21 09:33:43.100,3056.4000,9569,0,156770640.000,0,-,-,-,-,3055.2000,3055.0000,3054.8000,3054.4000,3053.0000,3056.6000,3057.0000,3057.2000,3057.4000,3057.6000,2,3,1,1,2,2,2,2,1,1
SF,IH2006,2020-01-21 09:33:43.600,3056.4000,9569,0,156770640.000,0,-,-,-,-,3055.4000,3055.2000,3055.0000,3054.8000,3054.4000,3056.6000,3057.0000,3057.2000,3057.4000,3057.6000,1,2,3,1,1,2,2,2,1,1
SF,IH2006,2020-01-21 09:33:44.100,3056.4000,9569,0,156770640.000,0,-,-,-,-,3055.4000,3055.2000,3055.0000,3054.8000,3054.4000,3056.4000,3056.6000,3057.0000,3057.2000,3057.4000,1,2,3,1,1,1,2,2,2,1
SF,IH2006,2020-01-21 09:33:44.600,3056.4000,9569,0,156770640.000,0,-,-,-,-,3055.0000,3054.8000,3054.4000,3053.0000,3052.0000,3055.4000,3056.2000,3056.4000,3057.0000,3057.2000,3,1,1,2,1,1,2,1,2,2
SF,IH2006,2020-01-21 09:33:45.100,3055.4000,9568,-1,157687260.000,1,0,1,双平,S,3055.0000,3054.8000,3054.4000,3053.0000,3052.0000,3056.2000,3056.4000,3057.0000,3057.2000,3057.4000,3,1,1,2,1,2,1,2,2,1
SF,IH2006,2020-01-21 09:33:45.600,3055.4000,9568,0,157687260.000,0,-,-,-,-,3055.0000,3054.8000,3054.4000,3053.0000,3052.0000,3056.0000,3056.2000,3056.4000,3057.0000,3057.2000,1,1,1,2,1,2,2,1,2,2
SF,IH2006,2020-01-21 09:33:46.100,3055.4000,9568,0,157687260.000,0,-,-,-,-,3055.0000,3054.8000,3054.4000,3053.0000,3052.0000,3056.0000,3056.2000,3057.0000,3057.2000,3057.4000,1,1,1,2,1,2,1,2,2,1
SF,IH2006,2020-01-21 09:33:46.600,3055.4000,9568,0,157687260.000,0,-,-,-,-,3055.2000,3055.0000,3054.8000,3054.4000,3053.0000,3056.2000,3057.0000,3057.2000,3057.4000,3057.6000,2,1,1,1,2,1,2,2,1,1
SF,IH2006,2020-01-21 09:33:47.600,3055.4000,9568,0,157687260.000,0,-,-,-,-,3055.4000,3055.0000,3054.8000,3054.4000,3053.0000,3056.2000,3057.0000,3057.2000,3057.4000,3057.6000,2,1,1,1,2,1,2,2,1,1
SF,IH2006,2020-01-21 09:33:49.600,3055.4000,9568,0,157687260.000,0,-,-,-,-,3055.4000,3055.0000,3054.4000,3053.0000,3052.0000,3056.2000,3057.0000,3057.2000,3057.4000,3057.6000,2,1,1,2,1,1,2,2,1,1
SF,IH2006,2020-01-21 09:33:50.100,3055.4000,9568,0,157687260.000,0,-,-,-,-,3056.2000,3055.4000,3055.0000,3054.4000,3053.0000,3057.0000,3057.2000,3057.4000,3057.6000,3058.8000,1,2,1,1,2,1,2,1,1,1
SF,IH2006,2020-01-21 09:33:50.600,3055.4000,9568,0,157687260.000,0,-,-,-,-,3055.0000,3054.4000,3053.0000,3052.0000,3051.6000,3057.4000,3058.8000,3059.0000,3059.8000,3060.0000,1,1,2,1,1,1,1,2,1,1
SF,IH2006,2020-01-21 09:33:51.100,3055.4000,9568,0,157687260.000,0,-,-,-,-,3055.2000,3054.4000,3053.0000,3052.0000,3051.6000,3057.2000,3057.4000,3058.8000,3059.0000,3059.8000,4,1,2,1,1,4,1,1,2,1
SF,IH2006,2020-01-21 09:33:52.600,3055.4000,9568,0,157687260.000,0,-,-,-,-,3055.6000,3055.2000,3054.4000,3053.0000,3052.0000,3056.2000,3057.0000,3057.2000,3057.4000,3058.8000,1,3,1,2,1,1,2,4,1,1
SF,IH2006,2020-01-21 09:33:53.100,3055.4000,9568,0,157687260.000,0,-,-,-,-,3055.6000,3055.2000,3054.4000,3053.0000,3052.0000,3057.2000,3058.8000,3059.0000,3059.8000,3060.0000,1,3,1,2,1,4,1,2,1,1
SF,IH2006,2020-01-21 09:33:53.600,3055.4000,9568,0,157687260.000,0,-,-,-,-,3055.8000,3055.6000,3055.2000,3054.4000,3053.0000,3057.2000,3058.8000,3059.0000,3059.8000,3060.0000,1,1,2,1,2,3,1,2,1,1
SF,IH2006,2020-01-21 09:33:54.100,3055.4000,9568,0,157687260.000,0,-,-,-,-,3056.0000,3055.6000,3055.2000,3054.4000,3053.0000,3057.0000,3057.2000,3058.8000,3059.0000,3059.8000,1,1,2,1,2,2,3,1,2,1
SF,IH2006,2020-01-21 09:33:54.600,3055.4000,9568,0,157687260.000,0,-,-,-,-,3055.6000,3055.2000,3054.4000,3053.0000,3052.0000,3056.8000,3057.0000,3057.2000,3058.8000,3059.0000,1,2,1,2,1,1,2,1,1,2
SF,IH2006,2020-01-21 09:33:55.100,3055.4000,9568,0,157687260.000,0,-,-,-,-,3055.6000,3055.2000,3054.4000,3053.0000,3052.0000,3056.8000,3057.2000,3058.8000,3059.0000,3059.8000,1,2,1,2,1,1,1,1,2,1
SF,IH2006,2020-01-21 09:33:55.600,3055.6000,9568,0,158603940.000,1,0,1,多换,S,3055.2000,3054.4000,3053.0000,3052.0000,3051.6000,3056.6000,3056.8000,3057.2000,3058.8000,3059.0000,2,1,2,1,1,1,1,1,1,2
SF,IH2006,2020-01-21 09:33:56.100,3055.2000,9566,-2,160437120.000,2,0,2,双平,S,3054.4000,3053.0000,3052.0000,3051.6000,3051.2000,3056.4000,3056.6000,3058.8000,3059.0000,3059.8000,1,2,1,1,1,2,1,1,2,1
SF,IH2006,2020-01-21 09:33:56.600,3055.2000,9566,0,160437120.000,0,-,-,-,-,3054.6000,3054.4000,3053.0000,3052.0000,3051.6000,3056.2000,3056.4000,3056.6000,3058.8000,3059.0000,1,1,2,1,1,2,2,1,1,2
SF,IH2006,2020-01-21 09:33:57.100,3055.2000,9566,0,160437120.000,0,-,-,-,-,3054.6000,3054.4000,3053.0000,3052.0000,3051.6000,3056.0000,3056.2000,3056.4000,3058.8000,3059.0000,1,1,2,1,1,1,2,1,1,2
SF,IH2006,2020-01-21 09:33:57.600,3055.2000,9566,0,160437120.000,0,-,-,-,-,3054.8000,3054.6000,3054.4000,3053.0000,3052.0000,3056.0000,3056.2000,3056.4000,3058.8000,3059.0000,2,1,1,2,1,1,1,1,1,2
SF,IH2006,2020-01-21 09:33:58.100,3055.2000,9566,0,160437120.000,0,-,-,-,-,3055.0000,3054.8000,3054.4000,3053.0000,3052.0000,3055.8000,3056.0000,3056.2000,3056.4000,3058.8000,1,2,1,2,1,1,1,1,1,1
SF,IH2006,2020-01-21 09:33:58.600,3055.2000,9566,0,160437120.000,0,-,-,-,-,3054.8000,3054.4000,3053.0000,3052.0000,3051.6000,3055.8000,3056.0000,3056.4000,3058.8000,3059.0000,2,1,2,1,1,1,1,1,1,2
SF,IH2006,2020-01-21 09:33:59.100,3055.2000,9566,0,160437120.000,0,-,-,-,-,3054.8000,3054.4000,3053.0000,3052.0000,3051.6000,3055.8000,3056.0000,3056.4000,3058.8000,3059.0000,1,1,2,1,1,1,1,1,1,2
SF,IH2006,2020-01-21 09:33:59.600,3055.2000,9566,0,160437120.000,0,-,-,-,-,3055.0000,3054.4000,3053.0000,3052.0000,3051.6000,3055.8000,3056.0000,3056.4000,3058.8000,3059.0000,1,1,2,1,1,1,1,1,1,2
SF,IH2006,2020-01-21 09:34:00.100,3055.2000,9566,0,160437120.000,0,-,-,-,-,3055.0000,3054.4000,3053.0000,3052.0000,3051.6000,3055.6000,3055.8000,3056.0000,3056.4000,3058.8000,1,1,2,1,1,1,1,1,1,1
SF,IH2006,2020-01-21 09:34:00.600,3055.2000,9566,0,160437120.000,0,-,-,-,-,3055.0000,3054.4000,3053.0000,3052.0000,3051.6000,3055.6000,3056.0000,3056.4000,3058.8000,3059.0000,1,1,2,1,1,1,1,1,1,2
SF,IH2006,2020-01-21 09:34:01.100,3055.2000,9566,0,160437120.000,0,-,-,-,-,3055.0000,3054.4000,3053.0000,3052.0000,3051.6000,3055.8000,3056.0000,3056.4000,3058.8000,3059.0000,1,1,2,1,1,1,1,1,1,2
SF,IH2006,2020-01-21 09:34:01.600,3055.2000,9566,0,160437120.000,0,-,-,-,-,3055.0000,3054.4000,3053.0000,3052.0000,3051.6000,3055.8000,3056.0000,3056.4000,3058.8000,3059.0000,1,1,2,1,1,1,1,1,1,2
SF,IH2006,2020-01-21 09:34:02.100,3055.2000,9566,0,160437120.000,0,-,-,-,-,3055.0000,3054.4000,3053.0000,3052.0000,3051.6000,3055.6000,3055.8000,3056.4000,3058.8000,3059.0000,1,1,2,1,1,1,1,1,1,2
SF,IH2006,2020-01-21 09:34:02.600,3055.2000,9565,-1,161353680.000,1,0,1,双平,S,3054.4000,3053.0000,3052.0000,3051.6000,3051.2000,3055.6000,3055.8000,3056.4000,3058.8000,3059.0000,1,2,1,1,1,1,1,1,1,2
SF,IH2006,2020-01-21 09:34:03.100,3055.2000,9565,0,161353680.000,0,-,-,-,-,3054.4000,3053.0000,3052.0000,3051.6000,3051.2000,3055.4000,3055.6000,3056.4000,3058.8000,3059.0000,1,2,1,1,1,2,1,1,1,2
SF,IH2006,2020-01-21 09:34:03.600,3055.2000,9565,0,161353680.000,0,-,-,-,-,3054.4000,3053.0000,3052.0000,3051.6000,3051.2000,3055.2000,3055.4000,3056.4000,3058.8000,3059.0000,1,2,1,1,1,2,2,1,1,2
SF,IH2006,2020-01-21 09:34:04.100,3055.2000,9565,0,161353680.000,0,-,-,-,-,3054.4000,3054.2000,3053.0000,3052.0000,3051.6000,3055.2000,3055.4000,3056.4000,3058.8000,3059.0000,1,1,2,1,1,2,2,1,1,2
SF,IH2006,2020-01-21 09:34:04.600,3055.2000,9565,0,161353680.000,0,-,-,-,-,3054.4000,3054.2000,3053.0000,3052.0000,3051.6000,3055.2000,3055.4000,3056.4000,3058.8000,3059.0000,1,1,2,1,1,2,1,1,1,2
SF,IH2006,2020-01-21 09:34:05.600,3054.4000,9564,-1,162270000.000,1,0,1,双平,S,3054.2000,3053.0000,3052.0000,3051.6000,3051.2000,3055.2000,3055.4000,3056.4000,3058.8000,3059.0000,1,2,1,1,1,2,1,1,1,2
SF,IH2006,2020-01-21 09:34:08.600,3054.4000,9564,0,162270000.000,0,-,-,-,-,3054.2000,3054.0000,3053.0000,3052.0000,3051.6000,3055.2000,3055.4000,3056.4000,3058.8000,3059.0000,1,1,2,1,1,2,1,1,1,2
SF,IH2006,2020-01-21 09:34:09.100,3054.4000,9564,0,162270000.000,0,-,-,-,-,3054.2000,3054.0000,3053.0000,3052.0000,3051.6000,3055.2000,3055.4000,3056.4000,3058.8000,3059.0000,1,1,2,1,1,2,1,1,1,2
SF,IH2006,2020-01-21 09:34:09.600,3054.4000,9564,0,162270000.000,0,-,-,-,-,3054.4000,3054.2000,3054.0000,3053.0000,3052.0000,3056.4000,3058.8000,3059.0000,3059.8000,3060.0000,1,1,1,2,1,1,1,2,1,1
SF,IH2006,2020-01-21 09:34:10.100,3054.4000,9564,0,162270000.000,0,-,-,-,-,3054.6000,3054.4000,3054.2000,3054.0000,3053.0000,3056.2000,3056.4000,3058.8000,3059.0000,3059.8000,1,1,1,1,2,6,1,1,2,1
SF,IH2006,2020-01-21 09:34:10.600,3054.4000,9564,0,162270000.000,0,-,-,-,-,3054.6000,3054.4000,3054.2000,3054.0000,3053.0000,3056.0000,3056.2000,3058.8000,3059.0000,3059.8000,1,1,1,1,2,1,6,1,2,1
SF,IH2006,2020-01-21 09:34:11.100,3054.4000,9564,0,162270000.000,0,-,-,-,-,3054.6000,3054.4000,3054.2000,3054.0000,3053.0000,3055.8000,3056.0000,3056.2000,3058.8000,3059.0000,1,1,1,1,2,1,1,2,1,2
SF,IH2006,2020-01-21 09:34:11.600,3054.4000,9564,0,162270000.000,0,-,-,-,-,3054.4000,3054.2000,3054.0000,3053.0000,3052.0000,3055.6000,3055.8000,3056.0000,3056.2000,3058.8000,1,1,1,2,1,1,1,1,2,1
SF,IH2006,2020-01-21 09:34:12.600,3054.4000,9564,0,162270000.000,0,-,-,-,-,3055.6000,3054.4000,3054.2000,3054.0000,3053.0000,3055.8000,3056.0000,3056.2000,3058.8000,3059.0000,1,1,1,1,2,1,1,2,1,2
SF,IH2006,2020-01-21 09:34:13.100,3055.6000,9564,0,163186680.000,1,0,1,多换,S,3054.4000,3054.2000,3054.0000,3053.0000,3052.0000,3055.4000,3055.6000,3056.0000,3056.2000,3058.8000,1,1,1,2,1,1,2,1,1,1
SF,IH2006,2020-01-21 09:34:13.600,3055.6000,9564,0,163186680.000,0,-,-,-,-,3054.6000,3054.4000,3054.2000,3054.0000,3053.0000,3055.4000,3055.6000,3056.0000,3056.2000,3058.8000,1,1,1,1,2,1,2,1,1,1
SF,IH2006,2020-01-21 09:34:14.100,3055.6000,9564,0,163186680.000,0,-,-,-,-,3054.6000,3054.4000,3054.2000,3054.0000,3053.0000,3055.6000,3056.0000,3056.2000,3058.8000,3059.0000,1,1,1,1,2,2,1,1,1,2
SF,IH2006,2020-01-21 09:34:14.600,3055.6000,9564,0,163186680.000,0,-,-,-,-,3054.6000,3054.4000,3054.2000,3054.0000,3053.0000,3055.6000,3056.0000,3056.2000,3058.8000,3059.0000,1,1,1,1,2,2,1,1,1,2
SF,IH2006,2020-01-21 09:34:15.100,3055.6000,9564,0,163186680.000,0,-,-,-,-,3054.6000,3054.4000,3054.2000,3054.0000,3053.0000,3056.0000,3056.2000,3058.8000,3059.0000,3059.8000,1,1,1,1,2,1,1,1,2,1
SF,IH2006,2020-01-21 09:34:15.600,3055.6000,9564,0,163186680.000,0,-,-,-,-,3054.6000,3054.4000,3054.2000,3054.0000,3053.0000,3055.8000,3056.0000,3056.2000,3058.8000,3059.0000,1,1,1,1,2,1,1,1,1,2
SF,IH2006,2020-01-21 09:34:16.600,3055.6000,9564,0,163186680.000,0,-,-,-,-,3054.8000,3054.6000,3054.2000,3054.0000,3053.0000,3055.8000,3058.8000,3059.0000,3059.8000,3060.0000,1,1,1,1,2,1,1,2,1,1
SF,IH2006,2020-01-21 09:34:17.600,3055.6000,9564,0,163186680.000,0,-,-,-,-,3054.6000,3054.2000,3054.0000,3053.0000,3052.0000,3055.8000,3058.8000,3059.0000,3059.8000,3060.0000,1,1,1,2,1,1,1,2,1,1
SF,IH2006,2020-01-21 09:34:18.600,3055.6000,9564,0,163186680.000,0,-,-,-,-,3054.8000,3054.6000,3054.2000,3054.0000,3053.0000,3055.8000,3058.8000,3059.0000,3059.8000,3060.0000,1,1,1,1,2,1,1,2,1,1
SF,IH2006,2020-01-21 09:34:19.100,3055.6000,9564,0,163186680.000,0,-,-,-,-,3054.8000,3054.6000,3054.2000,3054.0000,3053.0000,3055.8000,3058.8000,3059.0000,3059.8000,3060.0000,1,1,1,1,2,1,1,2,1,1
SF,IH2006,2020-01-21 09:34:20.600,3055.6000,9564,0,163186680.000,0,-,-,-,-,3054.8000,3054.6000,3054.2000,3054.0000,3053.0000,3055.8000,3058.0000,3058.8000,3059.0000,3059.8000,1,1,1,1,2,1,1,1,2,1
SF,IH2006,2020-01-21 09:34:21.100,3055.6000,9564,0,163186680.000,0,-,-,-,-,3054.6000,3054.2000,3054.0000,3053.0000,3052.0000,3055.8000,3058.0000,3058.8000,3059.0000,3059.8000,1,1,1,2,1,1,1,1,2,1
SF,IH2006,2020-01-21 09:34:22.600,3055.6000,9564,0,163186680.000,0,-,-,-,-,3055.4000,3054.6000,3054.2000,3054.0000,3053.0000,3055.8000,3058.0000,3058.8000,3059.0000,3059.8000,1,1,1,1,2,1,1,1,2,1
SF,IH2006,2020-01-21 09:34:23.100,3055.6000,9564,0,163186680.000,0,-,-,-,-,3055.4000,3054.2000,3054.0000,3053.0000,3052.0000,3055.8000,3058.0000,3058.8000,3059.0000,3059.8000,1,1,1,2,1,1,1,1,2,1
SF,IH2006,2020-01-21 09:34:24.100,3055.4000,9564,0,164103300.000,1,0,1,多换,S,3054.2000,3054.0000,3053.0000,3052.0000,3051.6000,3055.8000,3058.0000,3058.8000,3059.0000,3059.8000,1,1,2,1,1,1,1,1,2,1
SF,IH2006,2020-01-21 09:34:24.600,3055.4000,9564,0,164103300.000,0,-,-,-,-,3054.4000,3054.2000,3054.0000,3053.0000,3052.0000,3055.8000,3058.0000,3058.8000,3059.0000,3059.8000,3,1,1,2,1,1,1,1,2,1
SF,IH2006,2020-01-21 09:34:25.100,3055.4000,9564,0,164103300.000,0,-,-,-,-,3054.6000,3054.4000,3054.2000,3054.0000,3053.0000,3055.8000,3058.0000,3058.8000,3059.0000,3059.8000,1,3,1,1,2,1,1,1,2,1
SF,IH2006,2020-01-21 09:34:25.600,3055.4000,9564,0,164103300.000,0,-,-,-,-,3054.8000,3054.6000,3054.4000,3054.2000,3054.0000,3055.8000,3058.0000,3058.8000,3059.0000,3059.8000,1,1,2,1,1,1,1,1,2,1
SF,IH2006,2020-01-21 09:34:26.100,3055.4000,9564,0,164103300.000,0,-,-,-,-,3054.4000,3054.2000,3054.0000,3053.0000,3052.0000,3055.8000,3058.0000,3058.8000,3059.0000,3059.8000,2,1,1,2,1,1,1,1,2,1
SF,IH2006,2020-01-21 09:34:26.600,3055.4000,9564,0,164103300.000,0,-,-,-,-,3054.6000,3054.4000,3054.2000,3054.0000,3053.0000,3055.8000,3058.0000,3058.8000,3059.0000,3059.8000,1,2,1,1,2,1,1,1,2,1
SF,IH2006,2020-01-21 09:34:27.100,3055.4000,9564,0,164103300.000,0,-,-,-,-,3054.6000,3054.4000,3054.2000,3054.0000,3053.0000,3055.2000,3055.8000,3058.0000,3058.8000,3059.0000,1,2,1,1,2,1,1,1,1,2
SF,IH2006,2020-01-21 09:34:27.600,3055.2000,9563,-1,165019860.000,1,0,1,双平,S,3054.6000,3054.4000,3054.2000,3054.0000,3053.0000,3055.8000,3058.0000,3058.8000,3059.0000,3059.8000,1,2,1,1,2,1,1,1,2,1
SF,IH2006,2020-01-21 09:34:29.100,3055.8000,9563,0,165936600.000,1,0,1,多换,S,3054.6000,3054.4000,3054.2000,3054.0000,3053.0000,3058.0000,3058.8000,3059.0000,3059.8000,3060.0000,1,2,1,1,2,1,1,2,1,1
SF,IH2006,2020-01-21 09:34:29.600,3055.8000,9563,0,165936600.000,0,-,-,-,-,3054.8000,3054.6000,3054.2000,3054.0000,3053.0000,3057.6000,3057.8000,3058.0000,3058.8000,3059.0000,2,1,1,1,2,3,7,2,1,2
SF,IH2006,2020-01-21 09:34:30.100,3055.8000,9563,0,165936600.000,0,-,-,-,-,3054.8000,3054.6000,3054.2000,3054.0000,3053.0000,3057.4000,3057.6000,3057.8000,3058.0000,3058.8000,1,1,1,1,2,6,3,3,2,1
SF,IH2006,2020-01-21 09:34:30.600,3055.8000,9563,0,165936600.000,0,-,-,-,-,3054.8000,3054.6000,3054.2000,3054.0000,3053.0000,3057.0000,3057.4000,3057.6000,3057.8000,3058.0000,1,1,1,1,2,1,6,3,3,2
SF,IH2006,2020-01-21 09:34:31.100,3055.8000,9563,0,165936600.000,0,-,-,-,-,3054.8000,3054.6000,3054.2000,3054.0000,3053.0000,3056.8000,3057.4000,3057.6000,3057.8000,3058.0000,1,1,1,1,2,6,2,3,2,2
SF,IH2006,2020-01-21 09:34:31.600,3055.8000,9563,0,165936600.000,0,-,-,-,-,3055.0000,3054.8000,3054.2000,3054.0000,3053.0000,3056.8000,3057.4000,3057.6000,3057.8000,3058.0000,1,1,1,1,2,6,2,3,2,2
SF,IH2006,2020-01-21 09:34:32.100,3055.8000,9563,0,165936600.000,0,-,-,-,-,3055.2000,3055.0000,3054.2000,3054.0000,3053.0000,3056.8000,3057.4000,3057.6000,3057.8000,3058.0000,1,1,1,1,2,6,2,3,2,2
SF,IH2006,2020-01-21 09:34:32.600,3055.8000,9563,0,165936600.000,0,-,-,-,-,3055.2000,3055.0000,3054.2000,3054.0000,3053.0000,3056.8000,3057.4000,3057.6000,3057.8000,3058.0000,1,1,1,1,2,6,2,3,2,2
SF,IH2006,2020-01-21 09:34:33.100,3055.8000,9563,0,165936600.000,0,-,-,-,-,3055.2000,3055.0000,3054.2000,3054.0000,3053.0000,3056.8000,3057.4000,3057.6000,3057.8000,3058.0000,1,1,1,1,2,4,2,2,2,1
SF,IH2006,2020-01-21 09:34:35.100,3055.8000,9563,0,165936600.000,0,-,-,-,-,3055.4000,3055.2000,3054.2000,3054.0000,3053.0000,3056.8000,3057.4000,3057.6000,3057.8000,3058.0000,1,1,1,1,2,3,2,2,2,1
SF,IH2006,2020-01-21 09:34:35.600,3055.8000,9563,0,165936600.000,0,-,-,-,-,3055.2000,3054.2000,3054.0000,3053.0000,3052.0000,3056.6000,3056.8000,3057.4000,3057.6000,3057.8000,1,1,1,2,1,1,3,2,2,2
SF,IH2006,2020-01-21 09:34:36.100,3055.8000,9563,0,165936600.000,0,-,-,-,-,3055.2000,3054.2000,3054.0000,3053.0000,3052.0000,3056.4000,3056.6000,3056.8000,3057.4000,3057.6000,1,1,1,2,1,1,1,2,2,2
SF,IH2006,2020-01-21 09:34:37.600,3056.4000,9563,0,166853520.000,1,0,1,多换,S,3056.4000,3055.2000,3054.2000,3054.0000,3053.0000,3056.6000,3056.8000,3057.4000,3057.6000,3057.8000,2,1,1,1,2,1,2,2,2,2
SF,IH2006,2020-01-21 09:34:38.100,3056.4000,9563,0,168687360.000,2,1,1,多换,S,3055.2000,3054.2000,3054.0000,3053.0000,3052.0000,3056.0000,3056.4000,3056.6000,3057.4000,3057.6000,1,1,1,2,1,2,1,1,2,2
SF,IH2006,2020-01-21 09:34:38.600,3056.4000,9563,0,168687360.000,0,-,-,-,-,3055.2000,3054.2000,3054.0000,3053.0000,3052.0000,3056.0000,3056.4000,3056.6000,3057.4000,3057.6000,1,1,1,2,1,2,1,1,2,2
SF,IH2006,2020-01-21 09:34:39.600,3056.4000,9563,0,168687360.000,0,-,-,-,-,3055.2000,3054.2000,3054.0000,3053.0000,3052.0000,3056.0000,3056.4000,3056.6000,3057.4000,3057.6000,1,1,1,2,1,2,1,1,2,2
SF,IH2006,2020-01-21 09:34:40.100,3056.4000,9563,0,168687360.000,0,-,-,-,-,3055.2000,3054.2000,3054.0000,3053.0000,3052.0000,3056.0000,3057.4000,3057.6000,3057.8000,3058.0000,1,1,1,2,1,2,2,2,2,1
SF,IH2006,2020-01-21 09:34:42.100,3056.0000,9563,0,169604160.000,1,0,1,多换,S,3055.2000,3054.2000,3054.0000,3053.0000,3052.0000,3056.0000,3057.4000,3057.6000,3057.8000,3058.0000,1,1,1,2,1,1,2,2,2,1
SF,IH2006,2020-01-21 09:34:47.100,3056.0000,9563,0,169604160.000,0,-,-,-,-,3055.2000,3054.2000,3054.0000,3053.0000,3052.0000,3057.4000,3057.6000,3057.8000,3058.8000,3059.0000,1,1,1,2,1,2,2,2,2,2
SF,IH2006,2020-01-21 09:34:47.600,3056.0000,9563,0,169604160.000,0,-,-,-,-,3055.2000,3054.2000,3054.0000,3053.0000,3052.0000,3057.0000,3057.2000,3057.4000,3057.6000,3057.8000,1,1,1,2,1,1,6,2,2,2
SF,IH2006,2020-01-21 09:34:48.100,3056.0000,9563,0,169604160.000,0,-,-,-,-,3055.2000,3054.2000,3054.0000,3053.0000,3052.0000,3056.8000,3057.2000,3057.4000,3057.6000,3057.8000,1,1,1,2,1,4,2,2,2,2
SF,IH2006,2020-01-21 09:34:49.100,3056.0000,9563,0,169604160.000,0,-,-,-,-,3055.2000,3054.2000,3054.0000,3053.0000,3052.0000,3056.6000,3056.8000,3057.2000,3057.4000,3057.6000,1,1,1,2,1,1,4,1,2,2
SF,IH2006,2020-01-21 09:34:50.600,3056.0000,9563,0,169604160.000,0,-,-,-,-,3055.4000,3055.2000,3054.2000,3054.0000,3053.0000,3056.4000,3056.6000,3056.8000,3057.2000,3057.4000,1,1,1,1,2,1,1,3,1,2
SF,IH2006,2020-01-21 09:34:51.100,3056.0000,9563,0,169604160.000,0,-,-,-,-,3055.6000,3055.4000,3055.2000,3054.2000,3054.0000,3056.4000,3056.6000,3056.8000,3057.2000,3057.4000,1,1,1,1,1,1,1,3,1,2
SF,IH2006,2020-01-21 09:34:51.600,3056.0000,9563,0,169604160.000,0,-,-,-,-,3055.6000,3055.4000,3055.2000,3054.2000,3054.0000,3056.4000,3056.6000,3056.8000,3057.2000,3057.4000,1,1,1,1,1,1,1,2,1,2
SF,IH2006,2020-01-21 09:34:52.100,3056.0000,9563,0,169604160.000,0,-,-,-,-,3055.6000,3055.4000,3055.2000,3054.2000,3054.0000,3056.6000,3056.8000,3057.2000,3057.4000,3057.6000,1,1,1,1,1,1,2,1,2,2
SF,IH2006,2020-01-21 09:34:52.600,3056.0000,9563,0,169604160.000,0,-,-,-,-,3055.4000,3055.2000,3054.2000,3054.0000,3053.0000,3056.8000,3057.2000,3057.4000,3057.6000,3057.8000,1,1,1,1,2,2,1,2,2,2
SF,IH2006,2020-01-21 09:34:53.100,3056.0000,9563,0,169604160.000,0,-,-,-,-,3055.6000,3055.4000,3054.2000,3054.0000,3053.0000,3056.8000,3057.2000,3057.4000,3057.6000,3057.8000,1,1,1,1,2,2,1,2,2,2
SF,IH2006,2020-01-21 09:34:53.600,3056.0000,9563,0,169604160.000,0,-,-,-,-,3055.6000,3055.4000,3054.2000,3054.0000,3053.0000,3056.6000,3056.8000,3057.2000,3057.4000,3057.6000,1,1,1,1,2,1,2,1,2,2
SF,IH2006,2020-01-21 09:34:54.100,3056.0000,9563,0,169604160.000,0,-,-,-,-,3055.6000,3055.4000,3054.2000,3054.0000,3053.0000,3056.4000,3056.6000,3056.8000,3057.2000,3057.4000,1,1,1,1,2,1,1,2,1,2
SF,IH2006,2020-01-21 09:34:54.600,3056.0000,9563,0,169604160.000,0,-,-,-,-,3055.6000,3055.4000,3054.2000,3054.0000,3053.0000,3056.4000,3056.8000,3057.2000,3057.4000,3057.6000,1,1,1,1,2,1,2,1,2,2
SF,IH2006,2020-01-21 09:34:55.100,3056.0000,9563,0,169604160.000,0,-,-,-,-,3055.6000,3055.4000,3055.0000,3054.2000,3054.0000,3056.4000,3056.8000,3057.2000,3057.4000,3057.6000,1,1,1,1,1,1,2,1,2,2
SF,IH2006,2020-01-21 09:34:55.600,3056.0000,9563,0,169604160.000,0,-,-,-,-,3055.6000,3055.4000,3055.0000,3054.2000,3054.0000,3056.2000,3056.4000,3056.8000,3057.2000,3057.4000,1,1,1,1,1,1,1,1,1,2
SF,IH2006,2020-01-21 09:34:56.100,3055.6000,9563,0,170520840.000,1,0,1,多换,S,3055.4000,3055.0000,3054.2000,3054.0000,3053.0000,3056.8000,3057.2000,3057.4000,3057.6000,3057.8000,1,1,1,1,2,1,1,2,2,2
SF,IH2006,2020-01-21 09:34:56.600,3055.6000,9563,0,170520840.000,0,-,-,-,-,3055.4000,3055.0000,3054.2000,3054.0000,3053.0000,3055.6000,3056.6000,3056.8000,3057.2000,3057.4000,1,1,1,1,2,2,5,1,1,2
SF,IH2006,2020-01-21 09:34:57.100,3055.4000,9562,-1,171437460.000,1,0,1,双平,S,3055.0000,3054.2000,3054.0000,3053.0000,3052.0000,3055.4000,3055.6000,3056.6000,3056.8000,3057.2000,1,1,1,2,1,1,2,5,1,1
SF,IH2006,2020-01-21 09:34:57.600,3055.4000,9562,0,172354080.000,1,0,1,多换,S,3055.0000,3054.2000,3054.0000,3053.0000,3052.0000,3055.6000,3056.6000,3056.8000,3057.2000,3057.4000,1,1,1,2,1,2,5,1,1,2
SF,IH2006,2020-01-21 09:34:58.100,3055.0000,9562,0,173270580.000,1,0,1,多换,S,3054.2000,3054.0000,3053.0000,3052.0000,3051.6000,3055.6000,3056.6000,3056.8000,3057.2000,3057.4000,1,1,2,1,1,2,5,1,1,2
SF,IH2006,2020-01-21 09:34:58.600,3055.0000,9562,0,173270580.000,0,-,-,-,-,3054.4000,3054.2000,3054.0000,3053.0000,3052.0000,3055.4000,3055.6000,3056.6000,3056.8000,3057.2000,1,1,1,2,1,1,2,5,1,1
SF,IH2006,2020-01-21 09:34:59.600,3055.0000,9562,0,173270580.000,0,-,-,-,-,3054.6000,3054.4000,3054.2000,3054.0000,3053.0000,3055.4000,3055.6000,3056.6000,3056.8000,3057.2000,3,1,1,1,2,1,2,2,1,1
SF,IH2006,2020-01-21 09:35:00.100,3055.0000,9562,0,173270580.000,0,-,-,-,-,3054.6000,3054.4000,3054.2000,3054.0000,3053.0000,3055.6000,3056.6000,3056.8000,3057.2000,3057.4000,1,1,1,1,2,2,2,1,1,2
SF,IH2006,2020-01-21 09:35:01.100,3055.0000,9562,0,173270580.000,0,-,-,-,-,3054.4000,3054.2000,3054.0000,3053.0000,3052.0000,3055.6000,3056.6000,3056.8000,3057.2000,3057.4000,1,1,1,2,1,2,2,1,1,2
SF,IH2006,2020-01-21 09:35:01.600,3055.0000,9562,0,173270580.000,0,-,-,-,-,3054.4000,3054.2000,3054.0000,3053.0000,3052.0000,3055.4000,3055.6000,3056.6000,3057.2000,3057.4000,1,1,1,2,1,1,2,2,1,2
SF,IH2006,2020-01-21 09:35:03.100,3054.4000,9561,-1,174186900.000,1,0,1,双平,S,3054.2000,3054.0000,3053.0000,3052.0000,3051.6000,3055.4000,3055.6000,3056.6000,3057.2000,3057.4000,1,1,2,1,1,1,2,2,1,2
SF,IH2006,2020-01-21 09:35:03.600,3054.4000,9561,0,174186900.000,0,-,-,-,-,3054.2000,3054.0000,3053.0000,3052.0000,3051.6000,3055.2000,3055.4000,3055.6000,3056.6000,3057.2000,1,1,2,1,1,1,1,2,2,1
SF,IH2006,2020-01-21 09:35:04.100,3054.4000,9561,0,174186900.000,0,-,-,-,-,3054.2000,3054.0000,3053.0000,3052.0000,3051.6000,3055.0000,3055.2000,3055.6000,3056.6000,3057.2000,1,1,2,1,1,2,1,2,2,1
SF,IH2006,2020-01-21 09:35:04.600,3055.0000,9561,0,175103400.000,1,0,1,多换,S,3054.0000,3053.0000,3052.0000,3051.6000,3051.0000,3055.0000,3055.2000,3055.6000,3056.6000,3057.2000,1,2,1,1,2,1,1,2,2,1
SF,IH2006,2020-01-21 09:35:05.100,3055.2000,9561,0,176019960.000,1,0,1,多换,S,3054.0000,3053.0000,3052.0000,3051.6000,3051.0000,3055.6000,3056.6000,3057.2000,3057.4000,3057.6000,1,2,1,1,2,2,2,1,2,2
SF,IH2006,2020-01-21 09:35:05.600,3055.2000,9561,0,176019960.000,0,-,-,-,-,3054.0000,3053.0000,3052.0000,3051.6000,3051.0000,3055.4000,3055.6000,3057.2000,3057.4000,3057.6000,1,2,1,1,2,6,2,1,2,2
SF,IH2006,2020-01-21 09:35:06.100,3054.0000,9562,1,176936160.000,1,1,0,双开,S,3053.0000,3052.0000,3051.6000,3051.0000,3050.0000,3055.2000,3055.4000,3055.6000,3057.2000,3057.4000,2,1,1,2,17,1,6,2,1,2
SF,IH2006,2020-01-21 09:35:06.600,3054.0000,9562,0,176936160.000,0,-,-,-,-,3053.2000,3053.0000,3052.0000,3051.6000,3051.0000,3055.0000,3055.2000,3055.4000,3055.6000,3057.2000,2,2,1,1,2,6,1,3,2,1
SF,IH2006,2020-01-21 09:35:07.100,3054.0000,9562,0,176936160.000,0,-,-,-,-,3053.2000,3053.0000,3052.0000,3051.6000,3051.0000,3054.8000,3055.0000,3055.4000,3055.6000,3057.2000,2,2,1,1,2,1,6,3,2,1
SF,IH2006,2020-01-21 09:35:07.600,3054.0000,9562,0,176936160.000,0,-,-,-,-,3053.2000,3053.0000,3052.0000,3051.6000,3051.0000,3054.6000,3054.8000,3055.0000,3055.4000,3055.6000,1,2,1,1,2,2,1,4,3,2
SF,IH2006,2020-01-21 09:35:08.100,3054.0000,9562,0,176936160.000,0,-,-,-,-,3053.0000,3052.0000,3051.6000,3051.0000,3050.0000,3054.4000,3054.6000,3055.0000,3055.4000,3055.6000,2,1,1,2,17,1,2,4,2,2
SF,IH2006,2020-01-21 09:35:08.600,3054.0000,9562,0,176936160.000,0,-,-,-,-,3053.2000,3053.0000,3052.0000,3051.6000,3051.0000,3054.2000,3054.4000,3054.6000,3055.0000,3055.4000,1,2,1,1,2,1,1,1,3,2
SF,IH2006,2020-01-21 09:35:09.100,3054.0000,9562,0,176936160.000,0,-,-,-,-,3053.2000,3053.0000,3052.0000,3051.6000,3051.0000,3054.6000,3055.0000,3055.4000,3055.6000,3057.2000,1,2,1,1,2,1,3,2,2,1
SF,IH2006,2020-01-21 09:35:09.600,3054.0000,9562,0,176936160.000,0,-,-,-,-,3053.4000,3053.2000,3053.0000,3052.0000,3051.6000,3054.6000,3055.0000,3055.4000,3055.6000,3057.2000,1,1,2,1,1,1,3,2,2,1
SF,IH2006,2020-01-21 09:35:10.600,3054.4000,9563,1,177852480.000,1,1,0,双开,S,3053.4000,3053.2000,3053.0000,3052.0000,3051.6000,3054.6000,3055.0000,3055.4000,3055.6000,3057.2000,1,1,2,1,1,1,3,2,2,1
