市场代码,合约代码,时间,最新,持仓,增仓,成交额,成交量,开仓,平仓,成交类型,方向,买一价,买二价,买三价,买四价,买五价,卖一价,卖二价,卖三价,卖四价,卖五价,买一量,买二量,买三量,买四量,买五量,卖一量,卖二量,卖三量,卖四量,卖五量
SF,IH2006,2020-03-04 09:29:00.300,2890.0000,14102,0,18207000.000,21.000,-,-,-,-,2888.0000,2886.0000,2883.6000,2882.8000,2881.0000,2890.0000,2891.0000,2907.4000,2907.8000,2908.0000,1,1,2,1,1,12,1,2,2,1
SF,IH2006,2020-03-04 09:30:00.300,2902.0000,14113,11,32086800.000,16,13,3,空开,S,2904.0000,2903.6000,2901.6000,2901.0000,2900.8000,2907.4000,2907.8000,2908.0000,2909.2000,2909.8000,1,3,1,1,1,2,2,1,1,11
SF,IH2006,2020-03-04 09:30:00.800,2907.2000,14109,-4,39062700.000,8,2,6,多平,S,2904.8000,2904.6000,2904.2000,2904.0000,2903.6000,2907.4000,2907.8000,2908.0000,2909.2000,2909.8000,1,1,5,1,2,2,2,1,1,11
SF,IH2006,2020-03-04 09:30:01.300,2907.2000,14106,-3,42550860.000,4,0,4,多平,S,2905.0000,2904.2000,2903.6000,2901.6000,2900.8000,2907.0000,2907.2000,2907.8000,2908.0000,2909.2000,3,2,1,1,1,1,3,2,1,1
SF,IH2006,2020-03-04 09:30:01.800,2906.8000,14105,-1,44295000.000,2,0,2,多平,S,2905.2000,2903.6000,2901.6000,2900.8000,2898.6000,2907.2000,2907.8000,2908.0000,2909.8000,2910.4000,7,1,1,1,1,1,2,1,11,1
SF,IH2006,2020-03-04 09:30:02.300,2907.2000,14104,-1,45167160.000,1,0,1,双平,S,2905.8000,2905.4000,2905.2000,2905.0000,2903.6000,2907.8000,2908.0000,2909.8000,2910.4000,2912.0000,8,3,7,2,1,2,1,11,1,1
SF,IH2006,2020-03-04 09:30:02.800,2906.4000,14105,1,48655080.000,4,2,2,空开,S,2906.4000,2906.2000,2906.0000,2905.8000,2905.4000,2907.6000,2907.8000,2908.0000,2909.8000,2910.4000,1,6,5,4,2,1,2,1,11,1
SF,IH2006,2020-03-04 09:30:03.300,2907.6000,14104,-1,49527360.000,1,0,1,双平,S,2907.2000,2906.6000,2905.8000,2905.6000,2905.4000,2907.8000,2908.0000,2909.8000,2910.4000,2912.0000,1,4,1,8,1,2,1,11,1,1
SF,IH2006,2020-03-04 09:30:03.800,2907.2000,14103,-1,51271860.000,2,0,2,多平,S,2907.2000,2906.6000,2905.8000,2905.6000,2905.4000,2907.8000,2908.0000,2909.8000,2910.4000,2912.0000,1,3,1,8,1,2,1,11,1,1
SF,IH2006,2020-03-04 09:30:04.300,2907.8000,14102,-1,53016540.000,2,0,2,多平,S,2907.2000,2906.6000,2905.8000,2905.6000,2905.4000,2908.0000,2909.8000,2910.4000,2912.0000,2912.2000,1,3,1,8,1,1,11,1,1,1
SF,IH2006,2020-03-04 09:30:04.800,2909.8000,14099,-3,55634820.000,3,0,3,双平,S,2907.4000,2907.2000,2906.6000,2905.8000,2905.6000,2909.8000,2910.4000,2912.0000,2912.2000,2913.2000,3,2,1,1,8,9,1,1,1,1
SF,IH2006,2020-03-04 09:30:05.300,2907.6000,14098,-1,57380040.000,2,0,2,多平,S,2907.4000,2907.2000,2906.6000,2905.8000,2905.2000,2909.2000,2909.6000,2909.8000,2910.4000,2912.0000,3,2,1,1,4,1,2,8,1,1
SF,IH2006,2020-03-04 09:30:05.800,2907.6000,14098,0,57380040.000,0,-,-,-,-,2907.6000,2907.4000,2907.2000,2906.8000,2906.6000,2909.2000,2909.6000,2909.8000,2910.4000,2912.0000,1,3,2,8,1,1,1,8,1,1
SF,IH2006,2020-03-04 09:30:06.300,2907.8000,14092,-6,63488400.000,7,0,7,多平,S,2907.8000,2907.6000,2907.2000,2906.8000,2905.8000,2909.8000,2910.4000,2912.0000,2912.2000,2913.2000,2,1,2,8,1,7,1,1,1,1
SF,IH2006,2020-03-04 09:30:06.800,2907.8000,14092,0,63488400.000,0,-,-,-,-,2908.0000,2907.8000,2907.6000,2907.2000,2906.8000,2909.6000,2909.8000,2910.4000,2912.0000,2912.2000,1,3,1,2,8,1,7,1,1,1
SF,IH2006,2020-03-04 09:30:07.300,2907.8000,14090,-2,65233140.000,2,0,2,双平,S,2907.6000,2907.2000,2906.8000,2905.8000,2902.8000,2908.6000,2909.2000,2909.4000,2909.6000,2909.8000,1,2,8,1,1,1,2,8,2,7
SF,IH2006,2020-03-04 09:30:07.800,2907.8000,14088,-2,66978060.000,2,0,2,双平,S,2907.8000,2907.6000,2907.2000,2906.8000,2905.8000,2908.4000,2909.4000,2909.8000,2910.4000,2912.0000,6,3,2,8,1,13,2,7,1,1
SF,IH2006,2020-03-04 09:30:08.300,2907.8000,14085,-3,82682580.000,18,7,11,多平,S,2907.8000,2907.6000,2907.2000,2906.8000,2905.8000,2909.8000,2910.4000,2912.0000,2912.2000,2913.2000,2,3,2,8,1,7,1,1,1,1
SF,IH2006,2020-03-04 09:30:08.800,2909.6000,14084,-1,84427800.000,2,0,2,多平,S,2908.2000,2908.0000,2907.8000,2907.6000,2907.2000,2909.8000,2910.4000,2912.0000,2912.2000,2913.2000,5,3,2,3,2,7,1,1,1,2
SF,IH2006,2020-03-04 09:30:09.300,2908.6000,14083,-1,86173260.000,2,0,2,多平,S,2908.6000,2908.4000,2908.2000,2907.8000,2907.6000,2909.8000,2910.4000,2911.8000,2912.0000,2912.2000,7,2,2,1,1,7,1,1,1,1
SF,IH2006,2020-03-04 09:30:09.800,2909.6000,14081,-2,87919020.000,2,0,2,双平,S,2908.4000,2908.2000,2907.8000,2907.6000,2907.2000,2909.8000,2910.4000,2911.8000,2912.0000,2912.2000,2,1,1,1,2,7,1,1,1,1
SF,IH2006,2020-03-04 09:30:10.300,2909.6000,14078,-3,90537660.000,3,0,3,双平,S,2908.6000,2908.4000,2908.2000,2908.0000,2907.8000,2909.8000,2910.4000,2912.0000,2912.2000,2913.2000,2,3,1,7,1,7,1,1,1,2
SF,IH2006,2020-03-04 09:30:10.800,2909.2000,14075,-3,95774820.000,6,1,5,多平,S,2908.8000,2908.6000,2908.4000,2908.2000,2908.0000,2909.8000,2910.4000,2912.0000,2912.2000,2913.2000,6,3,2,1,7,7,1,1,1,2
SF,IH2006,2020-03-04 09:30:11.300,2909.8000,14072,-3,101012460.000,6,1,5,多平,S,2909.4000,2909.2000,2909.0000,2908.8000,2908.6000,2909.8000,2910.4000,2912.0000,2912.2000,2913.2000,1,1,2,2,3,1,1,1,1,2
SF,IH2006,2020-03-04 09:30:11.800,2909.8000,14071,-1,101885400.000,1,0,1,双平,S,2909.4000,2909.0000,2908.8000,2908.6000,2908.4000,2910.4000,2912.0000,2912.2000,2913.2000,2915.2000,1,1,1,1,1,1,1,1,2,1
SF,IH2006,2020-03-04 09:30:12.300,2910.4000,14070,-1,102758520.000,1,0,1,双平,S,2909.0000,2908.8000,2908.6000,2908.4000,2908.2000,2912.0000,2912.2000,2913.2000,2915.2000,2916.0000,1,1,1,1,1,1,1,2,1,1
SF,IH2006,2020-03-04 09:30:12.800,2909.8000,14069,-1,104504220.000,2,0,2,多平,S,2909.2000,2909.0000,2908.8000,2908.6000,2908.4000,2911.8000,2912.0000,2912.2000,2913.2000,2915.2000,1,1,1,1,1,5,3,1,2,1
SF,IH2006,2020-03-04 09:30:13.300,2909.8000,14069,0,105377160.000,1,0,1,多换,S,2909.4000,2909.2000,2909.0000,2908.8000,2908.6000,2911.6000,2911.8000,2912.0000,2912.2000,2913.2000,3,3,1,1,1,1,5,2,1,2
SF,IH2006,2020-03-04 09:30:13.800,2909.8000,14069,0,105377160.000,0,-,-,-,-,2909.6000,2909.4000,2909.2000,2909.0000,2908.8000,2911.4000,2911.8000,2912.0000,2912.2000,2913.2000,6,1,1,1,1,1,5,1,1,2
SF,IH2006,2020-03-04 09:30:14.300,2909.8000,14068,-1,106250100.000,1,0,1,双平,S,2909.8000,2909.6000,2909.4000,2909.2000,2909.0000,2911.8000,2912.0000,2912.2000,2913.2000,2915.2000,8,6,1,1,1,5,1,1,2,1
SF,IH2006,2020-03-04 09:30:14.800,2909.8000,14068,0,107123040.000,1,0,1,多换,S,2910.0000,2909.8000,2909.6000,2909.4000,2909.2000,2911.8000,2912.0000,2912.2000,2913.2000,2915.2000,1,8,6,1,1,2,1,1,2,1
SF,IH2006,2020-03-04 09:30:15.300,2909.8000,14068,0,107123040.000,0,-,-,-,-,2910.2000,2910.0000,2909.8000,2909.6000,2909.2000,2911.8000,2912.0000,2912.2000,2913.2000,2915.2000,1,1,1,6,8,2,2,1,2,1
SF,IH2006,2020-03-04 09:30:15.800,2910.4000,14065,-3,109743180.000,3,0,3,双平,S,2910.4000,2910.0000,2909.8000,2909.6000,2909.2000,2912.0000,2912.2000,2912.4000,2913.2000,2915.2000,4,1,1,2,8,1,1,1,2,1
SF,IH2006,2020-03-04 09:30:16.300,2912.0000,14065,0,110616780.000,1,0,1,多换,S,2911.8000,2910.8000,2910.6000,2910.4000,2910.0000,2912.2000,2912.4000,2913.2000,2915.2000,2916.0000,1,1,3,6,1,1,1,2,1,1
SF,IH2006,2020-03-04 09:30:16.800,2911.0000,14062,-3,114110880.000,4,0,4,多平,S,2911.0000,2910.8000,2910.6000,2910.4000,2910.0000,2911.8000,2912.4000,2913.2000,2915.2000,2916.0000,6,1,1,6,1,1,1,2,1,1
SF,IH2006,2020-03-04 09:30:17.300,2911.8000,14061,-1,114984420.000,1,0,1,双平,S,2911.8000,2911.2000,2911.0000,2910.8000,2910.6000,2912.4000,2913.2000,2915.2000,2916.0000,2916.2000,2,2,1,1,1,1,2,1,1,1
SF,IH2006,2020-03-04 09:30:17.800,2912.4000,14059,-2,116731860.000,2,0,2,双平,S,2911.8000,2911.0000,2910.8000,2910.6000,2910.4000,2913.2000,2915.2000,2916.0000,2916.2000,2918.0000,1,7,1,1,6,2,1,1,1,1
SF,IH2006,2020-03-04 09:30:18.300,2912.4000,14059,0,116731860.000,0,-,-,-,-,2912.0000,2911.8000,2911.0000,2910.8000,2910.6000,2913.2000,2913.4000,2915.2000,2916.0000,2916.2000,1,1,7,1,1,2,1,1,1,1
SF,IH2006,2020-03-04 09:30:18.800,2912.0000,14058,-1,117605460.000,1,0,1,双平,S,2911.8000,2911.0000,2910.8000,2910.6000,2910.4000,2913.2000,2915.2000,2916.0000,2916.2000,2918.0000,1,7,1,1,5,2,1,1,1,1
SF,IH2006,2020-03-04 09:30:19.300,2912.0000,14057,-1,118479060.000,1,0,1,双平,S,2911.8000,2911.0000,2910.8000,2910.6000,2910.4000,2913.2000,2915.2000,2916.0000,2916.2000,2918.0000,1,7,1,1,5,2,1,1,1,1
SF,IH2006,2020-03-04 09:30:19.800,2913.2000,14056,-1,119353020.000,1,0,1,双平,S,2911.8000,2911.0000,2910.8000,2910.6000,2910.4000,2913.2000,2915.2000,2916.0000,2916.2000,2918.0000,1,7,1,1,5,1,1,1,1,1
SF,IH2006,2020-03-04 09:30:20.300,2911.8000,14055,-1,120226560.000,1,0,1,双平,S,2911.0000,2910.8000,2910.6000,2910.4000,2909.8000,2915.2000,2916.2000,2918.0000,2919.6000,2922.2000,7,1,1,5,1,1,1,1,1,5
SF,IH2006,2020-03-04 09:30:20.800,2911.8000,14055,0,120226560.000,0,-,-,-,-,2911.8000,2911.2000,2911.0000,2910.8000,2910.4000,2913.4000,2913.8000,2914.8000,2915.0000,2915.2000,1,2,7,1,5,1,1,1,8,1
SF,IH2006,2020-03-04 09:30:21.300,2912.0000,14055,0,121973700.000,2,1,1,多换,S,2911.0000,2910.8000,2910.4000,2909.8000,2908.2000,2913.0000,2913.2000,2913.4000,2913.8000,2914.8000,7,1,5,1,1,1,3,1,1,1
SF,IH2006,2020-03-04 09:30:21.800,2912.0000,14055,0,121973700.000,0,-,-,-,-,2911.2000,2911.0000,2910.4000,2909.8000,2908.2000,2912.8000,2913.0000,2913.2000,2913.4000,2913.8000,1,7,1,1,1,4,2,2,1,1
SF,IH2006,2020-03-04 09:30:22.300,2912.0000,14055,0,121973700.000,0,-,-,-,-,2911.0000,2910.8000,2910.4000,2909.8000,2908.2000,2912.0000,2912.4000,2912.8000,2913.0000,2913.2000,1,6,1,1,1,1,1,4,1,2
SF,IH2006,2020-03-04 09:30:22.800,2912.0000,14056,1,123720900.000,2,1,1,空开,S,2911.0000,2910.6000,2910.4000,2909.8000,2908.2000,2912.8000,2913.0000,2913.2000,2913.4000,2913.8000,1,6,1,1,1,3,1,1,1,1
SF,IH2006,2020-03-04 09:30:23.300,2912.0000,14056,0,123720900.000,0,-,-,-,-,2911.0000,2910.6000,2910.4000,2909.8000,2908.2000,2912.6000,2912.8000,2913.2000,2913.4000,2913.8000,1,6,1,1,1,1,3,1,1,1
SF,IH2006,2020-03-04 09:30:23.800,2912.0000,14056,0,123720900.000,0,-,-,-,-,2911.0000,2910.6000,2910.4000,2909.8000,2908.2000,2911.2000,2912.6000,2912.8000,2913.2000,2913.4000,1,6,1,1,1,1,1,3,1,1
SF,IH2006,2020-03-04 09:30:24.300,2911.2000,14054,-2,125467620.000,2,0,2,双平,S,2911.8000,2911.0000,2910.6000,2910.4000,2909.8000,2912.8000,2913.4000,2913.8000,2915.0000,2915.2000,1,1,6,1,1,3,1,1,1,1
SF,IH2006,2020-03-04 09:30:24.800,2911.8000,14054,0,126341160.000,1,0,1,多换,S,2911.0000,2910.6000,2910.4000,2909.8000,2908.2000,2912.6000,2913.4000,2913.8000,2915.0000,2915.2000,1,6,1,1,1,1,1,1,1,1
SF,IH2006,2020-03-04 09:30:25.300,2912.6000,14053,-1,127214940.000,1,0,1,双平,S,2911.0000,2910.4000,2909.8000,2908.2000,2907.2000,2913.8000,2915.0000,2915.2000,2916.2000,2917.4000,1,7,1,1,1,1,1,1,1,1
SF,IH2006,2020-03-04 09:30:25.800,2912.6000,14053,0,127214940.000,0,-,-,-,-,2911.2000,2911.0000,2910.4000,2909.8000,2908.2000,2913.6000,2913.8000,2915.0000,2915.2000,2916.2000,2,1,7,1,1,3,1,1,1,1
SF,IH2006,2020-03-04 09:30:26.300,2912.6000,14053,0,127214940.000,0,-,-,-,-,2911.0000,2910.4000,2909.8000,2908.2000,2907.2000,2913.0000,2913.4000,2913.6000,2913.8000,2915.0000,1,7,1,1,1,1,5,3,1,1
SF,IH2006,2020-03-04 09:30:26.800,2912.6000,14053,0,127214940.000,0,-,-,-,-,2911.0000,2910.4000,2909.8000,2908.2000,2907.2000,2911.8000,2912.8000,2913.0000,2913.4000,2913.8000,1,7,1,1,1,4,5,1,2,1
SF,IH2006,2020-03-04 09:30:27.300,2912.6000,14053,0,127214940.000,0,-,-,-,-,2911.0000,2910.4000,2909.8000,2908.2000,2907.2000,2911.8000,2912.6000,2912.8000,2913.4000,2913.8000,1,7,1,1,1,4,1,4,1,1
SF,IH2006,2020-03-04 09:30:27.800,2912.6000,14053,0,127214940.000,0,-,-,-,-,2911.0000,2910.4000,2909.8000,2908.2000,2907.2000,2911.8000,2912.6000,2912.8000,2913.4000,2913.8000,1,7,1,1,1,4,1,4,1,1
SF,IH2006,2020-03-04 09:30:28.300,2912.6000,14053,0,127214940.000,0,-,-,-,-,2910.4000,2909.8000,2908.2000,2907.2000,2904.4000,2911.8000,2912.0000,2912.6000,2912.8000,2913.4000,7,1,1,1,1,4,1,1,4,1
SF,IH2006,2020-03-04 09:30:28.800,2912.6000,14053,0,127214940.000,0,-,-,-,-,2910.4000,2909.8000,2908.2000,2907.2000,2904.4000,2911.8000,2912.0000,2912.6000,2912.8000,2913.4000,7,1,1,1,1,4,1,2,4,1
SF,IH2006,2020-03-04 09:30:29.300,2910.4000,14052,-1,128088060.000,1,0,1,双平,S,2910.4000,2908.2000,2907.2000,2904.4000,2903.2000,2911.8000,2912.0000,2912.6000,2912.8000,2913.4000,6,1,1,1,5,4,1,2,4,1
SF,IH2006,2020-03-04 09:30:29.800,2910.4000,14051,-1,128961180.000,1,0,1,双平,S,2910.4000,2908.2000,2907.2000,2904.4000,2903.2000,2911.8000,2912.0000,2912.6000,2912.8000,2913.8000,2,1,1,1,5,4,2,2,4,1
SF,IH2006,2020-03-04 09:30:30.300,2910.4000,14051,0,128961180.000,0,-,-,-,-,2910.6000,2910.4000,2909.6000,2908.2000,2907.2000,2911.6000,2911.8000,2912.0000,2912.6000,2912.8000,1,1,5,1,1,1,4,1,2,4
SF,IH2006,2020-03-04 09:30:30.800,2910.6000,14051,0,129834360.000,1,0,1,多换,S,2910.4000,2909.6000,2908.2000,2907.2000,2904.4000,2911.6000,2911.8000,2912.0000,2912.6000,2912.8000,1,5,1,1,1,1,4,1,2,4
SF,IH2006,2020-03-04 09:30:31.800,2910.4000,14050,-1,130707480.000,1,0,1,双平,S,2909.6000,2908.2000,2907.2000,2904.4000,2903.2000,2911.6000,2911.8000,2912.0000,2912.6000,2912.8000,5,1,1,1,5,1,4,1,2,4
SF,IH2006,2020-03-04 09:30:32.300,2910.4000,14050,0,130707480.000,0,-,-,-,-,2910.2000,2910.0000,2909.8000,2909.6000,2908.2000,2911.6000,2911.8000,2912.0000,2912.6000,2912.8000,1,11,3,2,1,1,4,1,2,4
SF,IH2006,2020-03-04 09:30:32.800,2910.4000,14050,0,130707480.000,0,-,-,-,-,2911.6000,2911.0000,2910.4000,2910.2000,2910.0000,2911.8000,2912.0000,2912.6000,2912.8000,2913.8000,1,1,5,1,2,4,1,2,4,1
SF,IH2006,2020-03-04 09:30:33.300,2911.6000,14048,-2,133327740.000,3,0,3,多平,S,2910.4000,2910.2000,2910.0000,2909.6000,2908.2000,2911.8000,2912.0000,2912.6000,2912.8000,2913.8000,5,1,2,7,1,4,1,2,4,1
SF,IH2006,2020-03-04 09:30:33.800,2911.6000,14048,0,133327740.000,0,-,-,-,-,2910.8000,2910.6000,2910.4000,2910.2000,2910.0000,2911.8000,2912.0000,2912.6000,2912.8000,2913.8000,5,1,5,1,2,4,1,2,4,1
SF,IH2006,2020-03-04 09:30:34.300,2910.8000,14044,-4,136820700.000,4,0,4,双平,S,2911.0000,2910.8000,2910.6000,2910.4000,2910.2000,2911.8000,2912.0000,2912.6000,2912.8000,2913.8000,5,1,1,4,1,5,1,2,4,1
SF,IH2006,2020-03-04 09:30:34.800,2911.8000,14042,-2,141187920.000,5,1,4,多平,S,2911.0000,2910.8000,2910.6000,2910.4000,2910.2000,2911.8000,2912.0000,2912.6000,2912.8000,2913.8000,1,1,1,4,1,2,1,2,4,1
SF,IH2006,2020-03-04 09:30:35.300,2911.8000,14043,1,142935000.000,2,1,1,空开,S,2911.0000,2910.6000,2910.4000,2910.2000,2910.0000,2912.0000,2912.6000,2912.8000,2913.8000,2915.0000,1,1,8,1,2,1,2,4,1,3
SF,IH2006,2020-03-04 09:30:35.800,2911.8000,14043,0,142935000.000,0,-,-,-,-,2911.2000,2911.0000,2910.6000,2910.4000,2910.2000,2911.6000,2912.0000,2912.6000,2912.8000,2913.8000,1,1,1,8,1,1,1,2,4,1
SF,IH2006,2020-03-04 09:30:36.300,2911.6000,14042,-1,143808480.000,1,0,1,双平,S,2911.6000,2911.2000,2911.0000,2910.4000,2910.2000,2912.0000,2912.6000,2912.8000,2913.8000,2915.0000,1,2,1,8,1,1,2,4,1,3
SF,IH2006,2020-03-04 09:30:36.800,2912.0000,14042,0,144682080.000,1,0,1,多换,S,2911.6000,2911.2000,2911.0000,2910.4000,2910.2000,2912.6000,2912.8000,2913.8000,2915.0000,2915.2000,1,1,1,8,1,2,4,1,3,1
SF,IH2006,2020-03-04 09:30:37.300,2912.0000,14042,0,144682080.000,0,-,-,-,-,2911.6000,2911.2000,2911.0000,2910.4000,2910.2000,2912.6000,2912.8000,2913.8000,2915.0000,2915.2000,11,1,1,8,1,2,1,1,3,1
SF,IH2006,2020-03-04 09:30:37.800,2912.0000,14042,0,144682080.000,0,-,-,-,-,2911.6000,2911.2000,2911.0000,2910.4000,2910.2000,2912.6000,2912.8000,2913.8000,2915.0000,2915.2000,15,1,1,4,1,2,1,1,3,2
SF,IH2006,2020-03-04 09:30:38.300,2912.0000,14042,0,144682080.000,0,-,-,-,-,2911.6000,2911.2000,2911.0000,2910.4000,2910.2000,2912.0000,2912.6000,2912.8000,2913.8000,2915.0000,15,1,1,4,1,3,2,1,1,3
SF,IH2006,2020-03-04 09:30:38.800,2912.0000,14042,0,144682080.000,0,-,-,-,-,2911.8000,2911.6000,2911.2000,2911.0000,2910.4000,2912.0000,2912.6000,2912.8000,2915.0000,2915.2000,1,15,1,1,4,3,3,1,3,1
SF,IH2006,2020-03-04 09:30:39.300,2911.8000,14041,-1,145555620.000,1,0,1,双平,S,2911.6000,2911.2000,2911.0000,2910.4000,2910.2000,2912.0000,2912.6000,2912.8000,2915.0000,2915.2000,11,4,1,4,1,3,3,1,3,1
SF,IH2006,2020-03-04 09:30:39.800,2911.6000,14041,0,153416940.000,9,4,5,多换,S,2911.6000,2911.2000,2911.0000,2910.4000,2910.2000,2912.0000,2912.6000,2912.8000,2915.0000,2915.2000,1,4,1,4,1,3,2,1,3,1
SF,IH2006,2020-03-04 09:30:40.300,2911.6000,14041,0,154290420.000,1,0,1,多换,S,2911.2000,2911.0000,2910.4000,2910.2000,2910.0000,2912.0000,2912.6000,2912.8000,2915.0000,2915.2000,4,1,4,1,2,3,2,1,3,1
SF,IH2006,2020-03-04 09:30:40.800,2911.6000,14041,0,154290420.000,0,-,-,-,-,2911.4000,2911.0000,2910.4000,2910.2000,2910.0000,2912.0000,2912.6000,2912.8000,2915.0000,2915.2000,4,1,4,1,2,3,2,1,3,1
SF,IH2006,2020-03-04 09:30:41.300,2912.0000,14038,-3,156911220.000,3,0,3,双平,S,2912.0000,2911.2000,2911.0000,2910.4000,2910.2000,2912.6000,2912.8000,2915.0000,2915.2000,2916.2000,1,1,1,4,1,2,1,3,1,1
SF,IH2006,2020-03-04 09:30:41.800,2912.0000,14038,0,156911220.000,0,-,-,-,-,2911.4000,2911.2000,2911.0000,2910.4000,2910.2000,2912.4000,2912.6000,2912.8000,2915.0000,2915.2000,4,1,1,4,1,1,2,1,3,1
SF,IH2006,2020-03-04 09:30:42.300,2912.0000,14038,0,156911220.000,0,-,-,-,-,2911.0000,2910.4000,2910.2000,2910.0000,2909.6000,2912.4000,2912.6000,2912.8000,2915.0000,2915.2000,1,4,1,2,2,1,2,1,3,1
SF,IH2006,2020-03-04 09:30:42.800,2912.0000,14038,0,156911220.000,0,-,-,-,-,2911.8000,2911.0000,2910.8000,2910.4000,2910.2000,2912.4000,2912.6000,2912.8000,2915.0000,2915.2000,1,1,4,4,1,1,2,1,3,1
SF,IH2006,2020-03-04 09:30:43.300,2911.8000,14038,0,157784760.000,1,0,1,多换,S,2911.0000,2910.8000,2910.4000,2910.2000,2910.0000,2911.6000,2912.4000,2912.6000,2912.8000,2915.0000,1,4,4,1,2,2,1,2,1,3
SF,IH2006,2020-03-04 09:30:43.800,2911.0000,14037,-1,158658060.000,1,0,1,双平,S,2910.8000,2910.4000,2910.2000,2910.0000,2909.6000,2912.4000,2912.6000,2912.8000,2915.0000,2915.2000,4,4,1,2,2,1,2,1,3,1
SF,IH2006,2020-03-04 09:30:44.300,2911.0000,14037,0,158658060.000,0,-,-,-,-,2910.2000,2910.0000,2909.6000,2908.2000,2907.2000,2912.2000,2912.4000,2912.6000,2915.0000,2915.2000,1,2,2,1,1,3,1,2,3,1
SF,IH2006,2020-03-04 09:30:44.800,2911.0000,14037,0,158658060.000,0,-,-,-,-,2910.2000,2910.0000,2909.6000,2908.2000,2907.2000,2912.0000,2912.2000,2912.6000,2915.0000,2915.2000,1,6,2,1,1,4,3,2,3,1
SF,IH2006,2020-03-04 09:30:45.300,2911.0000,14037,0,158658060.000,0,-,-,-,-,2910.2000,2910.0000,2909.8000,2909.6000,2908.2000,2911.8000,2912.0000,2912.2000,2912.6000,2915.0000,1,2,4,2,1,1,4,3,2,3
SF,IH2006,2020-03-04 09:30:45.800,2911.0000,14037,0,158658060.000,0,-,-,-,-,2910.2000,2910.0000,2909.8000,2909.6000,2908.2000,2911.8000,2912.0000,2912.2000,2912.6000,2915.0000,1,2,4,2,1,1,5,3,2,3
SF,IH2006,2020-03-04 09:30:46.300,2911.8000,14037,0,159531600.000,1,0,1,多换,S,2910.4000,2910.2000,2910.0000,2909.8000,2909.6000,2912.0000,2912.2000,2912.6000,2915.0000,2915.2000,4,1,2,4,2,3,3,2,3,1
SF,IH2006,2020-03-04 09:30:46.800,2911.8000,14037,0,159531600.000,0,-,-,-,-,2910.6000,2910.4000,2910.2000,2910.0000,2909.8000,2912.0000,2912.2000,2912.6000,2915.0000,2915.2000,1,4,1,2,4,3,3,2,3,1
SF,IH2006,2020-03-04 09:30:47.300,2911.8000,14037,0,159531600.000,0,-,-,-,-,2910.8000,2910.6000,2910.2000,2910.0000,2909.8000,2912.0000,2912.2000,2912.6000,2915.0000,2915.2000,1,1,1,2,4,3,3,2,3,1
SF,IH2006,2020-03-04 09:30:47.800,2912.0000,14037,0,160405200.000,1,0,1,多换,S,2910.8000,2910.6000,2910.2000,2910.0000,2909.8000,2912.0000,2912.2000,2912.6000,2915.0000,2915.2000,1,1,1,2,4,2,3,2,3,1
SF,IH2006,2020-03-04 09:30:48.300,2912.0000,14037,0,161278800.000,1,0,1,多换,S,2910.8000,2910.6000,2910.2000,2910.0000,2909.8000,2912.2000,2912.6000,2915.0000,2915.2000,2916.0000,1,1,1,2,4,3,2,3,1,1
SF,IH2006,2020-03-04 09:30:48.800,2912.0000,14037,0,161278800.000,0,-,-,-,-,2910.8000,2910.6000,2910.2000,2910.0000,2909.8000,2911.8000,2912.2000,2912.6000,2915.0000,2915.2000,2,1,1,2,4,1,3,2,3,1
SF,IH2006,2020-03-04 09:30:49.300,2910.6000,14035,-2,163898460.000,3,0,3,多平,S,2909.8000,2909.6000,2908.2000,2907.2000,2903.2000,2911.8000,2912.2000,2912.6000,2915.0000,2915.2000,4,2,1,1,5,1,3,2,3,1
SF,IH2006,2020-03-04 09:30:49.800,2910.6000,14035,0,163898460.000,0,-,-,-,-,2910.2000,2908.2000,2907.2000,2903.2000,2902.2000,2911.6000,2911.8000,2912.0000,2912.2000,2912.6000,4,1,1,5,1,3,1,2,2,2
SF,IH2006,2020-03-04 09:30:50.300,2910.6000,14035,0,163898460.000,0,-,-,-,-,2910.4000,2908.2000,2907.2000,2903.2000,2902.2000,2911.6000,2911.8000,2912.2000,2912.6000,2915.0000,4,1,1,5,1,2,1,1,2,3
SF,IH2006,2020-03-04 09:30:50.800,2910.6000,14035,0,163898460.000,0,-,-,-,-,2908.2000,2907.2000,2903.2000,2902.2000,2895.2000,2910.2000,2911.6000,2911.8000,2912.2000,2912.6000,1,1,5,1,2,1,2,1,1,2
SF,IH2006,2020-03-04 09:30:51.300,2910.2000,14034,-1,164771520.000,1,0,1,双平,S,2909.8000,2909.6000,2909.4000,2909.2000,2909.0000,2910.0000,2911.8000,2912.2000,2912.6000,2915.0000,1,1,1,2,2,1,1,1,2,3
SF,IH2006,2020-03-04 09:30:51.800,2911.2000,14032,-2,166517940.000,2,0,2,双平,S,2910.2000,2910.0000,2909.0000,2908.8000,2908.6000,2912.6000,2915.0000,2915.2000,2916.0000,2916.2000,1,1,2,1,4,2,3,1,1,1
SF,IH2006,2020-03-04 09:30:52.300,2911.2000,14032,0,166517940.000,0,-,-,-,-,2910.2000,2909.8000,2909.0000,2908.8000,2908.6000,2912.4000,2912.6000,2915.0000,2915.2000,2916.0000,2,4,2,1,4,4,2,3,1,1
SF,IH2006,2020-03-04 09:30:52.800,2910.4000,14031,-1,167391060.000,1,0,1,双平,S,2910.2000,2909.8000,2909.0000,2908.8000,2908.6000,2912.0000,2912.2000,2912.4000,2912.6000,2915.0000,2,4,2,1,4,1,3,4,2,3
SF,IH2006,2020-03-04 09:30:53.300,2910.4000,14031,0,167391060.000,0,-,-,-,-,2910.2000,2909.6000,2909.0000,2908.8000,2908.6000,2911.8000,2912.0000,2912.4000,2912.6000,2915.0000,2,4,2,1,4,5,1,3,2,3
SF,IH2006,2020-03-04 09:30:53.800,2910.4000,14031,0,167391060.000,0,-,-,-,-,2910.2000,2909.6000,2909.0000,2908.8000,2908.6000,2911.8000,2912.0000,2912.4000,2912.6000,2915.0000,2,4,2,1,4,3,1,2,2,3
SF,IH2006,2020-03-04 09:30:54.300,2910.4000,14031,0,167391060.000,0,-,-,-,-,2910.4000,2910.2000,2909.6000,2909.0000,2908.8000,2911.8000,2912.4000,2912.6000,2915.0000,2915.2000,6,3,4,2,1,1,2,2,3,1
SF,IH2006,2020-03-04 09:30:54.800,2910.4000,14031,0,167391060.000,0,-,-,-,-,2910.4000,2910.2000,2909.6000,2909.0000,2908.8000,2911.8000,2912.4000,2912.6000,2915.0000,2915.2000,6,3,4,2,1,1,2,2,5,1
SF,IH2006,2020-03-04 09:30:55.300,2910.4000,14030,-1,169137300.000,2,0,2,多平,S,2910.2000,2909.6000,2909.0000,2908.8000,2908.6000,2911.8000,2912.0000,2912.4000,2912.6000,2915.0000,2,4,2,1,4,1,2,1,2,5
SF,IH2006,2020-03-04 09:30:55.800,2910.4000,14030,0,169137300.000,0,-,-,-,-,2910.2000,2909.6000,2909.0000,2908.8000,2908.6000,2911.6000,2911.8000,2912.0000,2912.4000,2912.6000,3,4,2,1,4,1,1,1,1,2
SF,IH2006,2020-03-04 09:30:56.300,2910.4000,14030,0,169137300.000,0,-,-,-,-,2910.2000,2909.6000,2909.0000,2908.8000,2908.6000,2911.6000,2911.8000,2912.0000,2912.4000,2912.6000,3,4,2,1,4,1,1,1,1,2
SF,IH2006,2020-03-04 09:30:58.300,2908.8000,14021,-9,177866040.000,10,0,10,多平,S,2909.6000,2908.6000,2908.4000,2908.2000,2904.6000,2910.2000,2911.4000,2911.6000,2911.8000,2912.0000,10,4,1,2,1,1,1,1,1,1
SF,IH2006,2020-03-04 09:30:58.800,2908.8000,14021,0,177866040.000,0,-,-,-,-,2909.6000,2908.2000,2904.6000,2903.2000,2902.2000,2910.0000,2910.2000,2910.4000,2911.4000,2911.6000,10,1,1,5,1,1,1,1,1,1
SF,IH2006,2020-03-04 09:30:59.300,2909.6000,14015,-6,183976020.000,7,0,7,多平,S,2909.6000,2908.2000,2904.6000,2903.2000,2902.2000,2910.2000,2910.4000,2911.4000,2911.6000,2912.0000,9,1,1,5,1,1,1,1,1,1
SF,IH2006,2020-03-04 09:30:59.800,2909.6000,14015,0,183976020.000,0,-,-,-,-,2909.6000,2908.2000,2904.6000,2903.2000,2902.2000,2910.2000,2911.4000,2911.6000,2912.0000,2912.2000,9,1,1,5,1,1,1,1,1,1
SF,IH2006,2020-03-04 09:31:00.300,2909.6000,14014,-1,184848900.000,1,0,1,双平,S,2909.6000,2908.2000,2904.6000,2903.2000,2902.2000,2910.0000,2910.2000,2911.4000,2911.6000,2912.0000,8,1,1,5,1,2,1,1,1,1
SF,IH2006,2020-03-04 09:31:00.800,2909.6000,14011,-3,187467540.000,3,0,3,双平,S,2909.6000,2904.6000,2903.2000,2902.2000,2898.2000,2910.0000,2910.2000,2911.4000,2911.6000,2912.0000,5,1,5,1,1,2,1,1,1,1
SF,IH2006,2020-03-04 09:31:01.300,2909.6000,14006,-5,191831940.000,5,0,5,双平,S,2904.6000,2903.2000,2902.2000,2898.2000,2895.2000,2909.8000,2910.0000,2910.2000,2911.4000,2911.6000,1,5,1,1,2,1,2,1,1,1
SF,IH2006,2020-03-04 09:31:01.800,2909.6000,14006,0,191831940.000,0,-,-,-,-,2908.0000,2907.8000,2907.6000,2907.4000,2907.0000,2909.6000,2909.8000,2910.0000,2910.2000,2911.4000,1,1,2,1,1,1,1,2,1,1
SF,IH2006,2020-03-04 09:31:02.300,2909.6000,14006,0,191831940.000,0,-,-,-,-,2908.4000,2908.0000,2907.8000,2907.6000,2907.4000,2909.8000,2910.0000,2910.2000,2911.4000,2911.6000,4,1,11,1,1,1,2,1,1,1
SF,IH2006,2020-03-04 09:31:02.800,2909.6000,14006,0,191831940.000,0,-,-,-,-,2908.4000,2908.0000,2907.8000,2907.6000,2907.4000,2909.8000,2910.0000,2910.2000,2911.4000,2911.6000,4,1,11,1,1,1,2,1,1,1
SF,IH2006,2020-03-04 09:31:03.300,2909.6000,14006,0,191831940.000,0,-,-,-,-,2908.4000,2908.2000,2908.0000,2907.8000,2907.6000,2909.6000,2909.8000,2910.0000,2910.2000,2911.4000,4,1,1,11,1,1,1,2,1,1
SF,IH2006,2020-03-04 09:31:03.800,2908.4000,14004,-2,193577040.000,2,0,2,双平,S,2908.4000,2908.2000,2908.0000,2907.8000,2907.6000,2909.6000,2909.8000,2910.0000,2910.2000,2911.4000,3,1,1,11,1,1,1,2,1,1
SF,IH2006,2020-03-04 09:31:04.300,2908.4000,14004,0,193577040.000,0,-,-,-,-,2908.4000,2908.0000,2907.8000,2907.6000,2907.4000,2909.6000,2910.0000,2910.2000,2911.4000,2911.6000,3,1,1,11,1,1,2,1,1,1
SF,IH2006,2020-03-04 09:31:04.800,2910.0000,14002,-2,195322920.000,2,0,2,双平,S,2908.4000,2908.0000,2907.8000,2907.6000,2907.4000,2910.0000,2910.2000,2911.4000,2911.6000,2912.2000,4,1,1,11,1,1,1,1,1,1
SF,IH2006,2020-03-04 09:31:05.300,2909.2000,14002,0,196195680.000,1,0,1,多换,S,2909.2000,2908.8000,2908.6000,2908.4000,2908.0000,2910.0000,2910.2000,2911.4000,2911.6000,2912.2000,2,10,3,4,1,1,1,2,1,1
SF,IH2006,2020-03-04 09:31:05.800,2909.2000,14002,0,197068440.000,1,0,1,多换,S,2909.2000,2908.6000,2908.4000,2908.0000,2907.8000,2910.0000,2910.2000,2911.4000,2911.6000,2912.2000,1,3,14,1,1,1,1,2,1,1
SF,IH2006,2020-03-04 09:31:06.300,2909.2000,14002,0,197068440.000,0,-,-,-,-,2908.4000,2907.8000,2907.6000,2907.4000,2906.8000,2909.2000,2910.0000,2910.2000,2911.4000,2911.6000,14,1,1,1,1,1,1,1,2,1
SF,IH2006,2020-03-04 09:31:06.800,2909.2000,14000,-2,198813960.000,2,0,2,双平,S,2909.2000,2908.4000,2906.8000,2906.0000,2905.8000,2910.0000,2910.2000,2911.4000,2911.6000,2912.2000,2,13,1,1,1,1,1,2,1,1
SF,IH2006,2020-03-04 09:31:07.300,2909.2000,14000,0,198813960.000,0,-,-,-,-,2909.6000,2909.4000,2909.2000,2908.4000,2906.8000,2910.0000,2910.2000,2911.4000,2911.6000,2912.2000,1,1,1,13,1,1,1,2,1,1
SF,IH2006,2020-03-04 09:31:07.800,2910.0000,13999,-1,200559960.000,2,0,2,多平,S,2909.4000,2909.2000,2908.4000,2906.0000,2905.8000,2909.8000,2910.2000,2911.4000,2911.6000,2912.2000,1,1,13,1,1,1,1,2,1,1
SF,IH2006,2020-03-04 09:31:08.300,2909.8000,13998,-1,201432900.000,1,0,1,双平,S,2909.6000,2909.2000,2908.4000,2906.0000,2905.8000,2910.2000,2911.4000,2911.6000,2912.2000,2912.6000,1,1,13,1,1,1,2,1,1,1
SF,IH2006,2020-03-04 09:31:08.800,2909.2000,13997,-1,203178540.000,2,0,2,多平,S,2908.4000,2906.0000,2905.8000,2905.2000,2905.0000,2910.2000,2910.8000,2911.4000,2911.6000,2912.2000,13,1,1,1,3,1,1,2,1,1
SF,IH2006,2020-03-04 09:31:09.300,2909.2000,13997,0,203178540.000,0,-,-,-,-,2908.4000,2906.0000,2905.8000,2905.2000,2905.0000,2910.2000,2910.8000,2911.4000,2911.6000,2912.0000,13,1,1,1,3,1,1,2,1,1
SF,IH2006,2020-03-04 09:31:09.800,2909.2000,13997,0,203178540.000,0,-,-,-,-,2909.0000,2908.8000,2908.4000,2906.0000,2905.2000,2910.2000,2910.8000,2911.4000,2911.6000,2912.0000,1,1,13,1,1,1,1,2,1,1
SF,IH2006,2020-03-04 09:31:10.300,2909.2000,13997,0,203178540.000,0,-,-,-,-,2909.4000,2909.0000,2908.8000,2908.4000,2906.0000,2910.8000,2911.4000,2911.6000,2912.0000,2912.2000,1,2,1,13,1,1,2,1,1,1
SF,IH2006,2020-03-04 09:31:10.800,2909.2000,13997,0,203178540.000,0,-,-,-,-,2909.0000,2908.8000,2908.4000,2906.0000,2905.2000,2910.8000,2911.4000,2911.6000,2912.0000,2912.2000,2,1,13,1,1,1,2,1,1,1
SF,IH2006,2020-03-04 09:31:11.300,2909.2000,13997,0,203178540.000,0,-,-,-,-,2909.4000,2909.2000,2909.0000,2908.8000,2908.4000,2910.8000,2911.4000,2911.6000,2912.0000,2912.2000,1,4,2,1,10,1,2,1,1,1
SF,IH2006,2020-03-04 09:31:11.800,2909.6000,13995,-2,204924660.000,2,0,2,双平,S,2909.6000,2909.4000,2909.2000,2909.0000,2908.8000,2911.0000,2911.4000,2912.0000,2912.2000,2912.6000,5,1,1,3,1,1,2,1,1,1
SF,IH2006,2020-03-04 09:31:12.300,2911.0000,13994,-1,205797960.000,1,0,1,双平,S,2911.2000,2911.0000,2910.8000,2910.4000,2910.2000,2911.4000,2912.0000,2912.2000,2912.6000,2913.0000,1,1,1,2,1,2,1,1,1,1
SF,IH2006,2020-03-04 09:31:12.800,2911.4000,13993,-1,206671380.000,1,0,1,双平,S,2911.4000,2911.0000,2910.8000,2910.2000,2909.8000,2912.0000,2912.2000,2912.6000,2913.0000,2913.4000,3,1,1,10,2,1,1,1,1,1
SF,IH2006,2020-03-04 09:31:13.300,2911.4000,13993,0,206671380.000,0,-,-,-,-,2911.4000,2911.0000,2910.8000,2910.2000,2909.8000,2912.2000,2912.6000,2913.0000,2913.2000,2913.4000,3,1,1,10,2,1,1,1,1,1
SF,IH2006,2020-03-04 09:31:13.800,2913.0000,13992,-1,209292720.000,3,1,2,多平,S,2912.6000,2912.2000,2912.0000,2911.8000,2911.6000,2913.2000,2913.4000,2913.8000,2914.0000,2915.0000,2,2,1,4,5,1,1,2,1,6
SF,IH2006,2020-03-04 09:31:14.300,2913.2000,13991,-1,211914240.000,3,1,2,多平,S,2912.8000,2912.6000,2912.2000,2912.0000,2911.8000,2913.4000,2913.8000,2914.0000,2914.8000,2915.0000,2,1,1,6,8,1,2,1,1,6
SF,IH2006,2020-03-04 09:31:14.800,2913.4000,13990,-1,212788260.000,1,0,1,双平,S,2913.0000,2912.8000,2912.6000,2912.2000,2912.0000,2913.8000,2914.0000,2914.8000,2915.0000,2915.2000,5,2,1,1,6,2,1,1,6,1
SF,IH2006,2020-03-04 09:31:15.300,2913.8000,13989,-1,213662400.000,1,0,1,双平,S,2913.2000,2913.0000,2912.8000,2912.6000,2912.2000,2914.0000,2914.8000,2915.0000,2915.2000,2915.6000,3,5,1,1,1,1,1,6,1,1
SF,IH2006,2020-03-04 09:31:15.800,2913.8000,13989,0,213662400.000,0,-,-,-,-,2913.2000,2913.0000,2912.8000,2912.6000,2912.2000,2914.0000,2914.8000,2915.0000,2915.2000,2915.6000,3,5,1,1,1,1,1,6,1,1
SF,IH2006,2020-03-04 09:31:16.300,2914.0000,13988,-1,214536600.000,1,0,1,双平,S,2913.6000,2913.2000,2913.0000,2912.8000,2912.6000,2914.8000,2915.0000,2915.2000,2915.6000,2916.0000,3,1,2,1,6,1,6,1,1,1
SF,IH2006,2020-03-04 09:31:16.800,2914.0000,13988,0,214536600.000,0,-,-,-,-,2914.0000,2913.8000,2913.6000,2913.2000,2912.6000,2914.8000,2915.0000,2915.2000,2915.6000,2916.0000,1,7,14,5,5,1,6,1,1,1
SF,IH2006,2020-03-04 09:31:17.300,2914.8000,13987,-1,215411040.000,1,0,1,双平,S,2914.2000,2914.0000,2913.8000,2913.6000,2913.2000,2915.0000,2915.2000,2915.6000,2916.0000,2916.4000,2,1,2,14,5,6,1,1,1,1
SF,IH2006,2020-03-04 09:31:17.800,2915.0000,13986,-1,216285540.000,1,0,1,双平,S,2914.6000,2914.4000,2914.2000,2914.0000,2913.6000,2915.0000,2915.2000,2915.6000,2916.0000,2916.4000,3,4,3,1,11,5,1,1,1,1
SF,IH2006,2020-03-04 09:31:18.300,2915.0000,13981,-5,220658040.000,5,0,5,双平,S,2914.8000,2914.4000,2914.2000,2914.0000,2913.6000,2915.2000,2915.6000,2916.0000,2916.4000,2917.4000,1,2,1,1,16,1,1,1,1,1
SF,IH2006,2020-03-04 09:31:18.800,2915.2000,13980,-1,221532600.000,1,0,1,双平,S,2915.0000,2914.8000,2914.2000,2914.0000,2913.6000,2915.6000,2916.0000,2916.4000,2917.0000,2917.4000,2,1,1,1,16,1,1,1,1,1
SF,IH2006,2020-03-04 09:31:19.300,2915.2000,13980,0,221532600.000,0,-,-,-,-,2915.2000,2915.0000,2914.4000,2914.2000,2914.0000,2916.0000,2916.4000,2917.0000,2917.4000,2917.6000,1,2,5,1,1,1,1,1,1,1
SF,IH2006,2020-03-04 09:31:19.800,2915.2000,13980,0,221532600.000,0,-,-,-,-,2915.6000,2915.2000,2915.0000,2914.4000,2914.2000,2916.0000,2916.4000,2917.0000,2917.4000,2917.6000,3,1,2,5,1,1,1,1,1,1
SF,IH2006,2020-03-04 09:31:20.300,2915.2000,13980,0,221532600.000,0,-,-,-,-,2915.8000,2915.6000,2915.0000,2914.4000,2914.2000,2916.0000,2916.4000,2917.0000,2917.4000,2917.6000,1,3,2,5,1,1,1,1,1,1
SF,IH2006,2020-03-04 09:31:20.800,2916.0000,13978,-2,223282200.000,2,0,2,双平,S,2916.0000,2915.8000,2914.4000,2914.2000,2914.0000,2916.4000,2917.0000,2917.4000,2917.6000,2918.0000,15,1,5,1,1,1,1,1,1,1
SF,IH2006,2020-03-04 09:31:21.300,2916.2000,13977,-1,224157060.000,1,0,1,双平,S,2916.4000,2916.2000,2916.0000,2914.2000,2914.0000,2917.0000,2917.4000,2917.6000,2918.0000,2919.0000,1,1,12,1,1,1,1,1,2,1
SF,IH2006,2020-03-04 09:31:21.800,2916.2000,13977,0,224157060.000,0,-,-,-,-,2916.6000,2916.4000,2916.0000,2915.6000,2914.2000,2917.0000,2917.4000,2917.6000,2918.0000,2918.4000,3,1,10,5,1,1,1,1,2,1
SF,IH2006,2020-03-04 09:31:22.300,2916.4000,13976,-1,225031980.000,1,0,1,双平,S,2916.6000,2916.4000,2916.0000,2915.6000,2914.2000,2917.0000,2917.6000,2918.0000,2918.4000,2918.8000,2,1,10,5,1,1,1,2,1,1
SF,IH2006,2020-03-04 09:31:22.800,2917.0000,13975,-1,226782060.000,2,0,2,多平,S,2917.2000,2916.6000,2916.4000,2916.0000,2915.6000,2917.6000,2918.0000,2918.4000,2918.8000,2919.0000,10,1,1,10,5,1,2,1,1,1
SF,IH2006,2020-03-04 09:31:23.300,2917.2000,13970,-5,231157860.000,5,0,5,双平,S,2917.2000,2916.6000,2916.4000,2916.0000,2915.6000,2917.6000,2918.0000,2918.4000,2918.8000,2919.0000,5,1,1,10,5,1,2,1,1,1
SF,IH2006,2020-03-04 09:31:23.800,2917.2000,13969,-1,232033020.000,1,0,1,双平,S,2917.4000,2917.2000,2916.4000,2916.0000,2915.6000,2918.0000,2918.4000,2918.8000,2919.0000,2919.2000,1,4,1,10,5,2,1,1,1,1
SF,IH2006,2020-03-04 09:31:24.300,2917.2000,13968,-1,233783400.000,2,0,2,多平,S,2917.2000,2916.4000,2916.0000,2915.6000,2914.2000,2917.4000,2918.0000,2918.4000,2918.8000,2919.0000,3,1,10,5,1,1,2,1,1,1
SF,IH2006,2020-03-04 09:31:24.800,2917.2000,13965,-3,236408880.000,3,0,3,双平,S,2916.4000,2916.0000,2915.6000,2914.2000,2913.6000,2917.2000,2917.4000,2917.6000,2918.0000,2918.4000,1,10,5,1,5,1,1,1,2,1
SF,IH2006,2020-03-04 09:31:25.300,2917.2000,13965,0,236408880.000,0,-,-,-,-,2916.6000,2916.4000,2916.0000,2915.6000,2914.2000,2917.4000,2918.0000,2918.4000,2919.0000,2919.6000,3,1,10,5,1,1,2,1,1,1
SF,IH2006,2020-03-04 09:31:25.800,2917.2000,13965,0,236408880.000,0,-,-,-,-,2916.4000,2916.0000,2914.2000,2913.6000,2913.2000,2917.4000,2918.0000,2918.4000,2919.0000,2919.6000,1,10,1,5,1,1,2,1,1,1
SF,IH2006,2020-03-04 09:31:26.300,2917.4000,13965,0,237284100.000,1,0,1,多换,S,2916.4000,2916.0000,2914.2000,2913.6000,2913.2000,2917.2000,2917.6000,2918.0000,2918.4000,2919.0000,1,10,1,5,1,1,1,2,1,1
SF,IH2006,2020-03-04 09:31:26.800,2917.2000,13965,0,238159260.000,1,0,1,多换,S,2916.0000,2914.2000,2913.6000,2913.2000,2912.0000,2916.4000,2917.8000,2918.0000,2918.4000,2919.0000,10,1,5,1,1,1,1,2,1,1
SF,IH2006,2020-03-04 09:31:27.300,2916.4000,13964,-1,239034180.000,1,0,1,双平,S,2916.4000,2916.2000,2916.0000,2914.2000,2913.6000,2917.2000,2917.8000,2918.0000,2918.4000,2919.0000,1,1,10,1,5,1,1,2,1,1
SF,IH2006,2020-03-04 09:31:27.800,2916.4000,13964,0,239034180.000,0,-,-,-,-,2916.0000,2914.2000,2913.6000,2913.2000,2911.6000,2916.4000,2917.2000,2917.4000,2917.8000,2918.0000,10,1,5,1,1,2,1,1,1,2
SF,IH2006,2020-03-04 09:31:28.300,2916.4000,13964,0,239034180.000,0,-,-,-,-,2916.0000,2914.2000,2913.6000,2913.2000,2911.6000,2916.4000,2917.0000,2917.2000,2917.8000,2918.0000,10,1,5,1,1,2,1,1,1,2
SF,IH2006,2020-03-04 09:31:28.800,2916.4000,13964,0,239034180.000,0,-,-,-,-,2916.0000,2914.2000,2913.6000,2913.2000,2911.6000,2916.4000,2917.0000,2917.2000,2917.8000,2918.0000,10,1,5,1,1,2,1,2,1,2
SF,IH2006,2020-03-04 09:31:29.300,2916.4000,13963,-1,240783900.000,2,0,2,多平,S,2916.0000,2914.2000,2913.6000,2913.2000,2911.6000,2916.4000,2917.0000,2917.2000,2917.8000,2918.0000,9,1,5,1,1,2,1,2,1,2
SF,IH2006,2020-03-04 09:31:29.800,2916.4000,13963,0,240783900.000,0,-,-,-,-,2916.0000,2914.2000,2913.6000,2913.2000,2911.6000,2916.4000,2917.0000,2917.2000,2917.8000,2918.0000,9,1,5,1,1,2,1,2,1,2
SF,IH2006,2020-03-04 09:31:30.300,2916.4000,13963,0,241658820.000,1,0,1,多换,S,2916.2000,2916.0000,2914.2000,2913.6000,2913.2000,2916.4000,2917.0000,2917.2000,2917.8000,2918.0000,1,9,1,5,1,1,1,2,1,2
SF,IH2006,2020-03-04 09:31:30.800,2916.4000,13963,0,242533740.000,1,0,1,多换,S,2916.6000,2916.4000,2916.2000,2916.0000,2915.6000,2917.2000,2917.8000,2918.0000,2918.4000,2919.0000,2,3,1,9,10,2,1,2,1,1
SF,IH2006,2020-03-04 09:31:31.300,2917.2000,13962,-1,244284060.000,2,0,2,多平,S,2917.2000,2916.6000,2916.4000,2916.2000,2916.0000,2917.8000,2918.0000,2918.4000,2919.0000,2919.6000,2,2,3,1,9,1,2,1,1,2
SF,IH2006,2020-03-04 09:31:31.800,2917.2000,13962,0,244284060.000,0,-,-,-,-,2917.2000,2916.8000,2916.6000,2916.4000,2916.2000,2917.6000,2917.8000,2918.0000,2918.4000,2919.0000,2,5,2,3,1,1,1,2,1,1
SF,IH2006,2020-03-04 09:31:32.300,2917.6000,13961,-1,245159340.000,1,0,1,双平,S,2917.2000,2916.6000,2916.4000,2916.2000,2916.0000,2917.8000,2918.0000,2918.4000,2919.0000,2919.6000,2,2,3,1,9,1,2,1,1,2
SF,IH2006,2020-03-04 09:31:32.800,2917.2000,13960,-1,246034500.000,1,0,1,双平,S,2916.6000,2916.4000,2916.2000,2916.0000,2915.8000,2917.8000,2918.0000,2918.4000,2919.0000,2919.6000,2,3,1,9,1,1,2,1,1,2
SF,IH2006,2020-03-04 09:31:33.300,2917.2000,13960,0,246034500.000,0,-,-,-,-,2916.6000,2916.4000,2916.2000,2916.0000,2915.8000,2917.8000,2918.0000,2918.4000,2919.0000,2919.6000,2,8,1,9,1,1,2,1,1,2
SF,IH2006,2020-03-04 09:31:33.800,2917.2000,13960,0,246034500.000,0,-,-,-,-,2916.6000,2916.4000,2916.2000,2916.0000,2915.8000,2917.2000,2917.8000,2918.0000,2918.4000,2919.0000,2,8,1,14,1,2,1,2,1,1
SF,IH2006,2020-03-04 09:31:34.300,2917.2000,13958,-2,247784820.000,2,0,2,双平,S,2917.4000,2916.6000,2916.4000,2916.2000,2916.0000,2917.8000,2918.0000,2918.4000,2919.0000,2919.6000,1,2,8,1,9,1,2,1,1,2
SF,IH2006,2020-03-04 09:31:34.800,2917.2000,13958,0,247784820.000,0,-,-,-,-,2916.8000,2916.6000,2916.4000,2916.2000,2916.0000,2917.8000,2918.0000,2918.4000,2919.0000,2919.6000,1,2,8,1,9,1,2,1,1,2
SF,IH2006,2020-03-04 09:31:35.300,2917.8000,13958,0,248660160.000,1,0,1,多换,S,2916.8000,2916.6000,2916.4000,2916.2000,2916.0000,2918.0000,2918.4000,2919.0000,2919.6000,2920.0000,1,2,3,1,9,2,1,1,2,2
SF,IH2006,2020-03-04 09:31:35.800,2917.8000,13958,0,248660160.000,0,-,-,-,-,2917.2000,2916.8000,2916.6000,2916.4000,2916.2000,2918.0000,2918.4000,2919.0000,2919.2000,2919.6000,1,1,2,1,6,1,1,1,1,2
SF,IH2006,2020-03-04 09:31:36.300,2917.8000,13958,0,248660160.000,0,-,-,-,-,2917.2000,2916.8000,2916.6000,2916.4000,2916.2000,2918.0000,2918.4000,2919.0000,2919.2000,2919.6000,2,1,3,1,6,1,1,1,1,2
SF,IH2006,2020-03-04 09:31:36.800,2918.0000,13957,-1,249535560.000,1,0,1,双平,S,2918.0000,2917.8000,2917.2000,2916.8000,2916.6000,2918.4000,2919.0000,2919.2000,2919.6000,2920.0000,1,1,2,1,3,1,1,1,3,2
SF,IH2006,2020-03-04 09:31:37.300,2918.0000,13956,-1,250410960.000,1,0,1,双平,S,2917.8000,2917.4000,2917.2000,2916.8000,2916.6000,2918.0000,2918.4000,2919.0000,2919.2000,2919.6000,1,5,2,1,3,3,1,1,1,3
SF,IH2006,2020-03-04 09:31:37.800,2918.0000,13955,-1,252161760.000,2,0,2,多平,S,2917.8000,2917.2000,2916.6000,2916.4000,2916.2000,2918.4000,2919.0000,2919.2000,2919.6000,2920.0000,1,2,3,1,6,1,1,1,3,2
SF,IH2006,2020-03-04 09:31:38.300,2917.8000,13955,0,253037100.000,1,0,1,多换,S,2917.2000,2916.6000,2916.4000,2916.2000,2916.0000,2918.2000,2918.4000,2919.0000,2919.2000,2919.6000,2,3,1,1,9,1,1,1,1,3
SF,IH2006,2020-03-04 09:31:38.800,2917.8000,13955,0,253037100.000,0,-,-,-,-,2917.4000,2917.2000,2916.6000,2916.4000,2916.2000,2918.4000,2919.0000,2919.2000,2919.6000,2919.8000,1,2,3,6,1,1,1,1,3,1
SF,IH2006,2020-03-04 09:31:39.300,2917.8000,13955,0,253037100.000,0,-,-,-,-,2918.0000,2917.4000,2917.2000,2916.6000,2916.4000,2918.4000,2919.0000,2919.2000,2919.6000,2919.8000,1,1,2,3,11,1,1,1,3,1
SF,IH2006,2020-03-04 09:31:39.800,2918.0000,13954,-1,254787900.000,2,0,2,多平,S,2917.4000,2917.2000,2916.6000,2916.4000,2916.2000,2917.8000,2918.4000,2919.0000,2919.2000,2919.6000,1,2,3,6,1,1,1,1,1,3
SF,IH2006,2020-03-04 09:31:40.300,2917.4000,13953,-1,255663120.000,1,0,1,双平,S,2917.2000,2916.6000,2916.4000,2916.2000,2916.0000,2917.8000,2918.4000,2919.0000,2919.2000,2919.6000,2,3,6,1,9,1,1,1,1,3
SF,IH2006,2020-03-04 09:31:40.800,2917.8000,13950,-3,258288780.000,3,0,3,双平,S,2916.6000,2916.4000,2916.0000,2915.8000,2915.2000,2918.4000,2919.0000,2919.2000,2919.6000,2919.8000,3,6,9,1,1,1,1,1,3,1
SF,IH2006,2020-03-04 09:31:41.300,2917.8000,13950,0,258288780.000,0,-,-,-,-,2916.6000,2916.4000,2916.0000,2915.8000,2915.6000,2918.2000,2918.4000,2919.0000,2919.2000,2919.6000,3,1,9,1,5,3,1,1,1,3
SF,IH2006,2020-03-04 09:31:41.800,2917.8000,13950,0,258288780.000,0,-,-,-,-,2916.6000,2916.4000,2916.0000,2915.8000,2915.6000,2918.2000,2918.4000,2919.0000,2919.2000,2919.6000,1,1,9,1,5,3,1,1,1,3
SF,IH2006,2020-03-04 09:31:42.300,2917.8000,13950,0,258288780.000,0,-,-,-,-,2916.6000,2916.4000,2916.0000,2915.8000,2915.6000,2918.0000,2918.2000,2918.4000,2919.0000,2919.2000,1,1,9,6,5,1,3,1,1,1
SF,IH2006,2020-03-04 09:31:42.800,2917.8000,13950,0,258288780.000,0,-,-,-,-,2916.6000,2916.4000,2916.0000,2915.8000,2915.6000,2917.8000,2918.0000,2918.2000,2918.4000,2919.0000,1,1,9,1,5,3,1,1,1,1
SF,IH2006,2020-03-04 09:31:43.300,2917.8000,13950,0,258288780.000,0,-,-,-,-,2916.6000,2916.4000,2916.0000,2915.8000,2915.6000,2917.8000,2918.0000,2918.2000,2918.4000,2919.0000,1,1,9,1,5,3,2,1,1,1
SF,IH2006,2020-03-04 09:31:43.800,2917.8000,13950,0,258288780.000,0,-,-,-,-,2916.6000,2916.4000,2916.0000,2915.8000,2915.2000,2917.8000,2918.0000,2918.2000,2918.4000,2919.0000,1,1,9,1,6,3,3,1,1,1
SF,IH2006,2020-03-04 09:31:44.300,2916.6000,13950,0,259163760.000,1,0,1,多换,S,2916.4000,2916.0000,2915.8000,2915.2000,2914.6000,2917.8000,2918.0000,2918.2000,2918.4000,2919.0000,1,9,1,6,1,3,3,1,1,1
SF,IH2006,2020-03-04 09:31:44.800,2916.6000,13950,0,259163760.000,0,-,-,-,-,2916.0000,2915.8000,2915.2000,2914.6000,2913.2000,2917.2000,2917.6000,2917.8000,2918.0000,2918.2000,9,1,6,1,1,2,5,3,3,1
SF,IH2006,2020-03-04 09:31:45.300,2916.6000,13950,0,259163760.000,0,-,-,-,-,2916.2000,2916.0000,2915.8000,2915.2000,2914.6000,2917.6000,2917.8000,2918.0000,2918.4000,2919.0000,1,9,1,6,1,3,1,3,1,1
SF,IH2006,2020-03-04 09:31:45.800,2916.6000,13950,0,259163760.000,0,-,-,-,-,2916.0000,2915.8000,2915.2000,2914.8000,2914.6000,2917.4000,2917.8000,2918.0000,2918.4000,2919.0000,9,1,6,5,1,1,1,3,1,1
SF,IH2006,2020-03-04 09:31:46.300,2916.6000,13950,0,259163760.000,0,-,-,-,-,2916.0000,2915.8000,2915.2000,2914.8000,2914.6000,2917.2000,2917.8000,2918.0000,2918.4000,2919.0000,9,1,6,5,1,1,1,3,1,1
SF,IH2006,2020-03-04 09:31:46.800,2916.6000,13950,0,259163760.000,0,-,-,-,-,2916.4000,2916.0000,2915.8000,2915.2000,2914.8000,2916.6000,2917.0000,2917.8000,2918.0000,2918.4000,5,9,1,6,5,1,1,1,3,1
SF,IH2006,2020-03-04 09:31:47.300,2916.6000,13949,-1,260038740.000,1,0,1,双平,S,2916.8000,2916.6000,2916.4000,2916.0000,2915.8000,2917.8000,2918.0000,2918.4000,2919.0000,2919.6000,1,1,5,9,1,1,3,1,1,3
SF,IH2006,2020-03-04 09:31:47.800,2916.6000,13949,0,260038740.000,0,-,-,-,-,2916.8000,2916.6000,2916.4000,2916.0000,2915.8000,2917.6000,2917.8000,2918.0000,2918.4000,2919.0000,1,1,5,9,1,2,1,3,1,1
SF,IH2006,2020-03-04 09:31:48.300,2916.6000,13949,0,260038740.000,0,-,-,-,-,2916.8000,2916.6000,2916.4000,2916.0000,2915.8000,2917.6000,2917.8000,2918.0000,2918.4000,2919.0000,1,1,5,9,1,1,1,3,1,1
SF,IH2006,2020-03-04 09:31:48.800,2916.6000,13949,0,260038740.000,0,-,-,-,-,2916.8000,2916.6000,2916.4000,2916.0000,2915.8000,2917.4000,2917.8000,2918.0000,2918.4000,2919.0000,1,1,5,9,1,1,1,3,1,1
SF,IH2006,2020-03-04 09:31:49.300,2916.6000,13949,0,260038740.000,0,-,-,-,-,2916.8000,2916.6000,2916.4000,2916.0000,2915.8000,2917.2000,2917.6000,2917.8000,2918.0000,2918.4000,1,2,5,9,1,2,2,1,3,1
SF,IH2006,2020-03-04 09:31:49.800,2917.2000,13948,-1,260913900.000,1,0,1,双平,S,2917.2000,2916.8000,2916.6000,2916.4000,2916.0000,2917.4000,2917.8000,2918.0000,2918.4000,2919.0000,1,1,2,5,9,3,1,3,1,1
SF,IH2006,2020-03-04 09:31:50.300,2917.2000,13947,-1,261789060.000,1,0,1,双平,S,2916.8000,2916.6000,2916.4000,2916.2000,2916.0000,2917.4000,2917.8000,2918.0000,2918.4000,2919.0000,1,7,5,5,9,3,1,3,1,1
SF,IH2006,2020-03-04 09:31:50.800,2917.4000,13943,-4,265289940.000,4,0,4,双平,S,2917.6000,2917.0000,2916.8000,2916.6000,2916.4000,2917.8000,2918.0000,2918.4000,2919.0000,2919.2000,1,1,1,2,10,1,3,1,1,1
SF,IH2006,2020-03-04 09:31:51.300,2917.4000,13943,0,265289940.000,0,-,-,-,-,2917.0000,2916.8000,2916.6000,2916.4000,2916.2000,2918.0000,2918.4000,2919.0000,2919.2000,2919.6000,1,1,2,10,5,3,1,1,1,3
SF,IH2006,2020-03-04 09:31:51.800,2917.4000,13943,0,265289940.000,0,-,-,-,-,2917.0000,2916.8000,2916.6000,2916.4000,2916.2000,2918.0000,2918.4000,2919.0000,2919.2000,2919.6000,1,1,2,10,1,3,1,1,1,3
SF,IH2006,2020-03-04 09:31:52.800,2917.4000,13943,0,265289940.000,0,-,-,-,-,2917.0000,2916.8000,2916.6000,2916.4000,2916.2000,2918.0000,2918.4000,2919.0000,2919.2000,2919.6000,1,1,2,5,1,3,1,1,1,3
SF,IH2006,2020-03-04 09:31:53.300,2917.0000,13942,-1,266165040.000,1,0,1,双平,S,2916.6000,2916.4000,2916.2000,2916.0000,2915.8000,2917.8000,2918.0000,2918.4000,2919.0000,2919.2000,2,5,1,9,1,1,3,1,1,1
SF,IH2006,2020-03-04 09:31:53.800,2916.4000,13940,-2,267914940.000,2,0,2,双平,S,2916.6000,2916.4000,2916.2000,2916.0000,2915.8000,2917.8000,2918.0000,2918.4000,2919.0000,2919.2000,1,4,1,9,1,1,3,1,1,1
SF,IH2006,2020-03-04 09:31:54.300,2916.4000,13940,0,267914940.000,0,-,-,-,-,2916.6000,2916.4000,2916.2000,2916.0000,2915.8000,2917.6000,2917.8000,2918.0000,2918.4000,2919.0000,1,4,1,9,1,2,1,3,1,1
SF,IH2006,2020-03-04 09:31:54.800,2917.4000,13939,-1,269665140.000,2,0,2,多平,S,2916.4000,2916.2000,2916.0000,2915.8000,2911.8000,2917.4000,2917.6000,2918.0000,2918.4000,2919.0000,4,1,9,1,5,1,2,3,1,1
SF,IH2006,2020-03-04 09:31:55.300,2917.4000,13939,0,269665140.000,0,-,-,-,-,2917.0000,2916.4000,2916.2000,2916.0000,2915.8000,2917.2000,2917.4000,2917.6000,2918.0000,2918.4000,2,4,1,9,1,1,1,1,3,1
SF,IH2006,2020-03-04 09:31:55.800,2917.6000,13939,0,273165780.000,4,2,2,多换,S,2916.4000,2916.2000,2916.0000,2915.8000,2911.8000,2917.0000,2918.0000,2918.4000,2919.0000,2919.2000,4,1,9,1,5,1,3,1,1,1
SF,IH2006,2020-03-04 09:31:56.300,2917.0000,13937,-2,274915980.000,2,0,2,双平,S,2917.0000,2916.4000,2916.2000,2916.0000,2915.8000,2918.0000,2918.4000,2919.0000,2919.2000,2919.6000,1,4,1,9,1,3,1,1,1,3
SF,IH2006,2020-03-04 09:31:56.800,2917.0000,13937,0,274915980.000,0,-,-,-,-,2916.4000,2916.0000,2915.8000,2911.8000,2911.6000,2917.0000,2917.8000,2918.0000,2918.4000,2919.0000,4,9,1,5,1,1,1,3,1,1
SF,IH2006,2020-03-04 09:31:57.300,2917.0000,13937,0,274915980.000,0,-,-,-,-,2916.4000,2916.0000,2915.8000,2914.8000,2911.8000,2917.8000,2918.0000,2918.4000,2919.0000,2919.2000,4,9,1,1,5,1,3,1,1,1
SF,IH2006,2020-03-04 09:31:57.800,2917.0000,13937,0,274915980.000,0,-,-,-,-,2916.4000,2916.0000,2915.8000,2914.8000,2911.8000,2917.6000,2917.8000,2918.0000,2918.4000,2919.0000,4,9,1,1,5,2,1,3,1,1
SF,IH2006,2020-03-04 09:31:58.300,2917.0000,13937,0,274915980.000,0,-,-,-,-,2916.4000,2916.0000,2915.8000,2914.8000,2911.8000,2917.4000,2917.6000,2917.8000,2918.0000,2918.4000,4,9,1,1,5,1,1,1,3,1
SF,IH2006,2020-03-04 09:31:58.800,2917.6000,13936,-1,276666480.000,2,0,2,多平,S,2917.4000,2916.4000,2916.0000,2915.8000,2914.8000,2917.6000,2917.8000,2918.0000,2918.4000,2919.0000,2,4,9,1,1,1,1,4,1,1
SF,IH2006,2020-03-04 09:31:59.300,2917.4000,13934,-2,278416920.000,2,0,2,双平,S,2916.4000,2916.0000,2915.8000,2911.8000,2911.6000,2917.4000,2917.8000,2918.0000,2918.4000,2919.0000,4,9,1,5,1,1,1,4,1,1
SF,IH2006,2020-03-04 09:31:59.800,2917.4000,13934,0,278416920.000,0,-,-,-,-,2916.4000,2916.0000,2915.8000,2915.0000,2911.8000,2917.2000,2917.4000,2917.8000,2918.0000,2918.4000,4,9,1,1,5,1,1,1,4,1
SF,IH2006,2020-03-04 09:32:00.300,2917.2000,13933,-1,279292080.000,1,0,1,双平,S,2917.2000,2916.4000,2916.0000,2915.8000,2915.0000,2917.8000,2918.0000,2918.4000,2919.0000,2919.2000,1,4,9,1,1,1,4,1,1,1
SF,IH2006,2020-03-04 09:32:00.800,2917.2000,13933,0,279292080.000,0,-,-,-,-,2916.4000,2916.0000,2915.8000,2915.0000,2911.8000,2917.8000,2918.0000,2918.4000,2919.0000,2919.2000,4,9,1,1,5,2,4,1,1,1
SF,IH2006,2020-03-04 09:32:01.300,2917.2000,13933,0,279292080.000,0,-,-,-,-,2916.6000,2916.4000,2916.2000,2916.0000,2915.8000,2917.6000,2917.8000,2918.0000,2918.4000,2919.0000,2,4,1,9,1,1,2,5,1,1
SF,IH2006,2020-03-04 09:32:01.800,2917.6000,13932,-1,280167360.000,1,0,1,双平,S,2916.6000,2916.4000,2916.0000,2915.8000,2915.6000,2917.8000,2918.0000,2918.4000,2919.0000,2919.2000,1,4,9,6,5,2,5,1,1,1
SF,IH2006,2020-03-04 09:32:02.300,2917.8000,13931,-1,281042700.000,1,0,1,双平,S,2916.8000,2916.4000,2916.0000,2915.8000,2915.6000,2918.0000,2918.4000,2919.0000,2919.2000,2919.6000,3,4,9,6,5,5,1,1,1,3
SF,IH2006,2020-03-04 09:32:02.800,2917.0000,13929,-2,283668600.000,3,0,3,多平,S,2917.0000,2916.8000,2916.4000,2916.0000,2915.8000,2918.0000,2918.4000,2919.0000,2919.2000,2919.6000,1,2,4,9,6,3,1,1,1,3
SF,IH2006,2020-03-04 09:32:03.300,2917.0000,13929,0,283668600.000,0,-,-,-,-,2917.2000,2916.8000,2916.4000,2916.0000,2915.8000,2918.0000,2918.4000,2919.0000,2919.2000,2919.6000,1,1,4,9,6,3,1,1,1,3
SF,IH2006,2020-03-04 09:32:03.800,2918.0000,13928,-1,284544000.000,1,0,1,双平,S,2917.4000,2917.2000,2916.8000,2916.4000,2916.0000,2918.0000,2918.4000,2919.0000,2919.2000,2919.6000,1,1,1,4,9,2,1,1,1,3
SF,IH2006,2020-03-04 09:32:04.300,2918.0000,13926,-2,286294800.000,2,0,2,双平,S,2918.0000,2917.6000,2917.2000,2916.4000,2916.0000,2918.4000,2919.0000,2919.2000,2919.6000,2920.0000,4,4,1,4,9,1,1,1,3,2
SF,IH2006,2020-03-04 09:32:04.800,2918.4000,13925,-1,287170320.000,1,0,1,双平,S,2918.0000,2917.6000,2917.2000,2916.4000,2916.0000,2919.0000,2919.2000,2919.6000,2920.0000,2921.0000,4,2,1,4,9,1,1,3,3,1
SF,IH2006,2020-03-04 09:32:05.300,2918.4000,13925,0,287170320.000,0,-,-,-,-,2918.2000,2918.0000,2917.6000,2917.4000,2917.2000,2919.0000,2919.2000,2919.6000,2920.0000,2920.8000,1,4,2,1,1,1,1,3,3,1
SF,IH2006,2020-03-04 09:32:05.800,2919.0000,13925,0,288046020.000,1,0,1,多换,S,2918.0000,2917.6000,2917.4000,2917.2000,2916.4000,2919.2000,2919.6000,2920.0000,2920.8000,2921.0000,3,2,1,1,4,1,3,3,1,1
SF,IH2006,2020-03-04 09:32:06.300,2919.0000,13925,0,288046020.000,0,-,-,-,-,2918.2000,2918.0000,2917.6000,2917.4000,2917.2000,2919.2000,2919.6000,2920.0000,2920.8000,2921.0000,5,3,1,1,2,1,3,3,1,1
SF,IH2006,2020-03-04 09:32:06.800,2919.0000,13925,0,288046020.000,0,-,-,-,-,2918.2000,2918.0000,2917.6000,2917.4000,2917.2000,2919.2000,2919.6000,2920.0000,2920.8000,2921.0000,2,3,1,1,2,1,3,3,1,1
SF,IH2006,2020-03-04 09:32:07.300,2918.2000,13924,-1,288921480.000,1,0,1,双平,S,2918.0000,2917.6000,2917.4000,2917.2000,2916.4000,2919.2000,2919.6000,2920.0000,2920.8000,2921.0000,3,1,1,2,4,1,3,3,1,1
SF,IH2006,2020-03-04 09:32:07.800,2918.2000,13924,0,288921480.000,0,-,-,-,-,2918.2000,2918.0000,2917.6000,2917.4000,2917.2000,2919.2000,2919.6000,2920.0000,2920.8000,2921.0000,2,3,1,1,2,1,3,3,1,1
SF,IH2006,2020-03-04 09:32:08.300,2918.2000,13924,0,288921480.000,0,-,-,-,-,2918.4000,2918.2000,2918.0000,2917.6000,2917.4000,2919.2000,2919.6000,2920.0000,2920.8000,2921.0000,1,1,3,1,1,1,3,3,1,1
SF,IH2006,2020-03-04 09:32:08.800,2918.2000,13924,0,288921480.000,0,-,-,-,-,2918.4000,2918.0000,2917.6000,2917.4000,2917.2000,2919.2000,2919.6000,2920.0000,2920.8000,2921.0000,1,3,1,1,2,1,3,3,1,1
SF,IH2006,2020-03-04 09:32:09.300,2918.2000,13924,0,288921480.000,0,-,-,-,-,2918.4000,2918.0000,2917.6000,2917.2000,2916.4000,2919.2000,2919.6000,2920.0000,2920.8000,2921.0000,1,1,1,2,4,1,3,3,1,1
SF,IH2006,2020-03-04 09:32:09.800,2918.4000,13924,0,289797000.000,1,0,1,多换,S,2918.0000,2917.6000,2917.4000,2917.2000,2916.4000,2919.2000,2919.6000,2920.0000,2920.8000,2921.0000,2,1,5,2,4,1,3,3,1,1
SF,IH2006,2020-03-04 09:32:10.300,2919.2000,13923,-1,290672760.000,1,0,1,双平,S,2918.4000,2918.2000,2918.0000,2917.6000,2917.4000,2919.6000,2920.0000,2920.8000,2921.0000,2921.6000,1,2,2,1,5,3,3,1,1,1
SF,IH2006,2020-03-04 09:32:10.800,2919.2000,13923,0,290672760.000,0,-,-,-,-,2918.2000,2918.0000,2917.6000,2917.2000,2916.4000,2919.4000,2919.6000,2920.0000,2920.8000,2921.0000,1,2,1,2,4,1,3,3,1,1
SF,IH2006,2020-03-04 09:32:11.300,2919.2000,13923,0,290672760.000,0,-,-,-,-,2918.4000,2918.0000,2917.2000,2916.4000,2916.0000,2919.2000,2919.6000,2920.0000,2920.8000,2921.0000,1,2,2,4,9,2,4,3,1,1
SF,IH2006,2020-03-04 09:32:11.800,2919.2000,13923,0,291548520.000,1,0,1,多换,S,2918.0000,2917.2000,2916.4000,2916.0000,2911.8000,2919.0000,2919.2000,2919.6000,2920.0000,2920.8000,2,2,4,9,5,1,2,4,3,1
SF,IH2006,2020-03-04 09:32:12.300,2919.2000,13923,0,291548520.000,0,-,-,-,-,2918.0000,2917.2000,2916.4000,2916.0000,2915.0000,2918.2000,2919.0000,2919.2000,2919.6000,2920.0000,2,2,4,10,1,1,1,2,4,3
SF,IH2006,2020-03-04 09:32:12.800,2918.0000,13921,-2,293299380.000,2,0,2,双平,S,2918.6000,2918.2000,2918.0000,2917.8000,2917.2000,2919.2000,2919.6000,2919.8000,2920.0000,2921.0000,1,3,1,1,2,1,4,10,3,1
SF,IH2006,2020-03-04 09:32:13.300,2918.0000,13918,-3,296801220.000,4,0,4,多平,S,2917.8000,2917.2000,2916.4000,2916.0000,2915.0000,2918.6000,2919.2000,2919.6000,2919.8000,2920.0000,1,2,4,9,1,1,1,3,10,3
SF,IH2006,2020-03-04 09:32:14.300,2917.8000,13917,-1,297676560.000,1,0,1,双平,S,2917.2000,2916.4000,2916.0000,2915.0000,2911.8000,2918.6000,2919.2000,2919.6000,2919.8000,2920.0000,2,4,9,1,5,1,1,3,10,3
SF,IH2006,2020-03-04 09:32:14.800,2917.2000,13916,-1,298551720.000,1,0,1,双平,S,2916.4000,2916.0000,2915.0000,2911.8000,2911.0000,2918.4000,2918.6000,2919.6000,2919.8000,2920.0000,4,9,1,5,1,4,1,3,10,3
SF,IH2006,2020-03-04 09:32:15.300,2918.2000,13914,-2,300302160.000,2,0,2,双平,S,2916.6000,2916.4000,2916.2000,2916.0000,2915.0000,2918.4000,2918.6000,2919.6000,2919.8000,2920.0000,2,4,1,9,1,4,1,3,10,3
SF,IH2006,2020-03-04 09:32:15.800,2916.6000,13912,-2,302052120.000,2,0,2,双平,S,2916.4000,2916.0000,2915.0000,2911.8000,2911.0000,2916.6000,2917.6000,2918.2000,2918.4000,2918.6000,4,9,1,5,1,1,2,3,4,1
SF,IH2006,2020-03-04 09:32:16.300,2916.6000,13906,-6,307301700.000,6,0,6,双平,S,2916.0000,2915.0000,2911.8000,2911.0000,2910.8000,2916.4000,2917.6000,2918.2000,2918.4000,2918.6000,9,1,5,1,5,1,1,3,2,1
SF,IH2006,2020-03-04 09:32:16.800,2916.4000,13904,-2,309051540.000,2,0,2,双平,S,2916.0000,2915.0000,2911.8000,2911.0000,2910.8000,2917.6000,2918.2000,2918.4000,2918.6000,2919.4000,9,1,5,1,5,1,3,2,1,1
SF,IH2006,2020-03-04 09:32:17.300,2916.0000,13904,0,309926340.000,1,0,1,多换,S,2916.0000,2915.0000,2911.8000,2911.0000,2910.8000,2917.2000,2917.4000,2917.6000,2918.4000,2918.6000,8,1,5,1,5,2,5,2,1,1
SF,IH2006,2020-03-04 09:32:17.800,2916.0000,13904,0,313425540.000,4,2,2,多换,S,2916.4000,2916.0000,2915.0000,2911.8000,2911.0000,2917.0000,2917.2000,2917.4000,2917.6000,2918.6000,1,4,1,5,1,2,2,4,2,1
SF,IH2006,2020-03-04 09:32:18.300,2916.0000,13904,0,316050060.000,3,1,2,多换,S,2916.0000,2915.0000,2911.8000,2911.0000,2910.8000,2916.4000,2916.8000,2917.0000,2917.4000,2917.6000,2,1,5,1,5,2,1,2,4,1
SF,IH2006,2020-03-04 09:32:18.800,2916.2000,13903,-1,318674520.000,3,1,2,多平,S,2915.0000,2911.8000,2911.0000,2910.8000,2909.0000,2916.2000,2916.4000,2917.0000,2917.4000,2917.6000,1,5,1,5,1,1,1,2,3,1
SF,IH2006,2020-03-04 09:32:19.300,2916.2000,13903,0,318674520.000,0,-,-,-,-,2915.2000,2915.0000,2914.8000,2911.8000,2911.0000,2916.0000,2916.4000,2916.6000,2917.0000,2917.4000,2,1,1,5,1,1,1,1,2,3
SF,IH2006,2020-03-04 09:32:19.800,2915.2000,13902,-1,319549080.000,1,0,1,双平,S,2915.0000,2911.8000,2911.0000,2910.8000,2909.0000,2916.0000,2916.4000,2916.6000,2917.0000,2917.4000,1,5,1,5,1,1,1,1,2,3
SF,IH2006,2020-03-04 09:32:20.300,2915.2000,13902,0,319549080.000,0,-,-,-,-,2915.0000,2911.8000,2911.0000,2910.8000,2909.0000,2915.8000,2916.0000,2916.2000,2916.4000,2916.6000,1,5,1,5,1,1,1,1,1,1
SF,IH2006,2020-03-04 09:32:20.800,2915.6000,13902,0,320423760.000,1,0,1,多换,S,2915.0000,2911.8000,2911.0000,2910.8000,2909.0000,2915.6000,2915.8000,2916.0000,2916.2000,2916.4000,1,5,1,5,1,1,1,1,1,1
SF,IH2006,2020-03-04 09:32:21.300,2915.6000,13901,-1,321298440.000,1,0,1,双平,S,2915.0000,2911.8000,2911.0000,2910.8000,2909.0000,2915.8000,2916.0000,2916.2000,2916.4000,2916.6000,1,5,1,5,1,1,2,1,1,1
SF,IH2006,2020-03-04 09:32:21.800,2915.6000,13901,0,321298440.000,0,-,-,-,-,2915.0000,2911.8000,2911.0000,2910.8000,2909.0000,2916.0000,2916.4000,2916.6000,2917.4000,2918.6000,1,5,1,5,1,1,1,1,3,1
SF,IH2006,2020-03-04 09:32:22.300,2915.6000,13901,0,321298440.000,0,-,-,-,-,2915.0000,2914.8000,2911.8000,2911.0000,2910.8000,2916.0000,2916.4000,2916.6000,2917.4000,2918.6000,1,1,5,1,5,1,1,1,3,1
SF,IH2006,2020-03-04 09:32:22.800,2915.6000,13901,0,321298440.000,0,-,-,-,-,2915.2000,2915.0000,2911.8000,2911.0000,2910.8000,2916.0000,2916.4000,2916.6000,2917.4000,2918.6000,1,1,5,1,5,1,1,1,3,1
SF,IH2006,2020-03-04 09:32:23.300,2915.6000,13901,0,321298440.000,0,-,-,-,-,2915.2000,2915.0000,2911.8000,2911.0000,2910.8000,2915.8000,2916.0000,2916.4000,2916.6000,2917.4000,1,1,5,1,5,1,1,1,1,3
SF,IH2006,2020-03-04 09:32:23.800,2915.8000,13900,-1,322173180.000,1,0,1,双平,S,2915.2000,2915.0000,2911.8000,2911.0000,2910.8000,2916.0000,2916.4000,2916.6000,2917.4000,2918.6000,1,1,5,1,5,1,1,1,3,1
SF,IH2006,2020-03-04 09:32:24.300,2915.8000,13900,0,322173180.000,0,-,-,-,-,2915.0000,2911.8000,2911.0000,2910.8000,2909.0000,2916.0000,2916.4000,2916.6000,2917.4000,2918.6000,1,5,1,5,1,1,1,1,3,1
SF,IH2006,2020-03-04 09:32:24.800,2915.8000,13899,-1,323922420.000,2,0,2,多平,S,2911.8000,2911.0000,2910.8000,2909.0000,2908.0000,2915.8000,2916.0000,2916.2000,2916.4000,2916.6000,5,1,5,1,2,1,2,1,1,1
SF,IH2006,2020-03-04 09:32:25.300,2915.8000,13899,0,323922420.000,0,-,-,-,-,2913.4000,2913.2000,2912.8000,2912.6000,2912.2000,2915.6000,2915.8000,2916.0000,2916.2000,2916.4000,2,1,2,1,2,8,1,2,1,1
SF,IH2006,2020-03-04 09:32:25.800,2915.8000,13899,0,323922420.000,0,-,-,-,-,2913.6000,2913.4000,2913.2000,2912.8000,2912.2000,2915.2000,2915.4000,2915.6000,2916.0000,2916.2000,1,2,1,2,2,1,1,8,2,1
SF,IH2006,2020-03-04 09:32:26.300,2915.8000,13899,0,323922420.000,0,-,-,-,-,2912.2000,2912.0000,2911.8000,2911.0000,2910.8000,2915.0000,2915.6000,2916.0000,2916.2000,2916.4000,2,1,5,1,5,4,7,2,1,1
SF,IH2006,2020-03-04 09:32:26.800,2915.8000,13899,0,323922420.000,0,-,-,-,-,2912.8000,2912.6000,2912.4000,2912.2000,2912.0000,2914.8000,2915.0000,2915.6000,2916.0000,2916.4000,1,1,1,4,2,1,3,6,2,1
SF,IH2006,2020-03-04 09:32:27.300,2915.8000,13899,0,323922420.000,0,-,-,-,-,2913.0000,2912.8000,2912.6000,2912.2000,2912.0000,2914.6000,2915.0000,2915.6000,2916.0000,2916.6000,1,1,1,4,2,4,2,6,2,1
SF,IH2006,2020-03-04 09:32:27.800,2915.8000,13899,0,323922420.000,0,-,-,-,-,2913.0000,2912.0000,2911.8000,2911.4000,2911.0000,2914.4000,2914.6000,2914.8000,2915.0000,2915.6000,1,2,5,5,1,2,2,1,2,6
SF,IH2006,2020-03-04 09:32:28.300,2915.8000,13899,0,323922420.000,0,-,-,-,-,2913.0000,2912.0000,2911.8000,2911.4000,2911.0000,2914.2000,2914.4000,2914.6000,2914.8000,2915.0000,1,2,5,5,1,1,2,1,1,1
SF,IH2006,2020-03-04 09:32:28.800,2915.8000,13899,0,323922420.000,0,-,-,-,-,2912.0000,2911.8000,2911.0000,2909.0000,2908.0000,2914.0000,2914.2000,2914.6000,2914.8000,2915.6000,2,5,1,1,2,2,1,1,1,6
SF,IH2006,2020-03-04 09:32:29.300,2915.8000,13899,0,323922420.000,0,-,-,-,-,2911.8000,2911.0000,2909.0000,2908.0000,2907.0000,2913.8000,2914.0000,2914.8000,2915.6000,2916.0000,5,6,1,2,5,5,1,1,3,2
SF,IH2006,2020-03-04 09:32:29.800,2915.8000,13899,0,323922420.000,0,-,-,-,-,2912.0000,2911.8000,2911.0000,2909.0000,2908.0000,2913.6000,2913.8000,2914.8000,2916.0000,2916.6000,5,5,6,1,2,1,1,1,2,1
SF,IH2006,2020-03-04 09:32:30.300,2913.6000,13897,-2,326544720.000,3,0,3,多平,S,2912.2000,2912.0000,2911.8000,2911.0000,2909.0000,2913.8000,2916.0000,2916.6000,2918.6000,2919.4000,1,3,5,6,1,1,2,1,1,1
SF,IH2006,2020-03-04 09:32:30.800,2913.6000,13897,0,326544720.000,0,-,-,-,-,2912.4000,2912.2000,2912.0000,2911.8000,2911.2000,2913.6000,2916.0000,2916.6000,2918.6000,2919.4000,2,1,2,5,5,1,2,1,1,1
SF,IH2006,2020-03-04 09:32:31.300,2913.6000,13897,0,326544720.000,0,-,-,-,-,2912.4000,2912.2000,2911.8000,2911.6000,2911.0000,2916.0000,2916.6000,2918.6000,2919.4000,2919.6000,2,1,5,5,6,2,1,1,1,3
SF,IH2006,2020-03-04 09:32:31.800,2913.6000,13897,0,326544720.000,0,-,-,-,-,2913.6000,2912.6000,2912.4000,2912.2000,2911.8000,2913.8000,2914.8000,2915.4000,2915.6000,2915.8000,1,2,1,1,5,1,3,1,3,8
SF,IH2006,2020-03-04 09:32:32.300,2913.6000,13896,-1,327418800.000,1,0,1,双平,S,2912.6000,2912.2000,2911.8000,2911.6000,2911.0000,2913.2000,2913.4000,2913.6000,2913.8000,2914.8000,2,1,5,5,1,1,1,8,1,3
SF,IH2006,2020-03-04 09:32:32.800,2913.6000,13896,0,327418800.000,0,-,-,-,-,2912.2000,2911.8000,2911.6000,2911.0000,2909.0000,2912.6000,2913.0000,2913.4000,2913.6000,2913.8000,1,5,5,1,1,1,1,2,4,1
SF,IH2006,2020-03-04 09:32:33.300,2912.2000,13894,-2,329166240.000,2,0,2,双平,S,2911.8000,2911.6000,2911.0000,2909.0000,2908.0000,2912.2000,2913.0000,2913.4000,2913.6000,2913.8000,5,5,6,1,2,1,1,2,4,1
SF,IH2006,2020-03-04 09:32:33.800,2912.2000,13893,-1,330039900.000,1,0,1,双平,S,2912.0000,2911.8000,2911.6000,2911.0000,2909.0000,2913.4000,2913.6000,2914.8000,2915.6000,2915.8000,1,5,5,6,1,1,4,2,1,7
SF,IH2006,2020-03-04 09:32:34.300,2912.2000,13893,0,330039900.000,0,-,-,-,-,2911.8000,2911.4000,2911.0000,2909.0000,2908.0000,2913.0000,2913.2000,2913.4000,2913.6000,2914.8000,5,5,6,1,2,2,2,1,4,2
SF,IH2006,2020-03-04 09:32:34.800,2911.8000,13892,-1,330913440.000,1,0,1,双平,S,2911.8000,2911.4000,2911.0000,2909.0000,2908.0000,2912.2000,2913.2000,2913.6000,2914.8000,2915.6000,4,5,6,1,2,1,1,4,2,1
SF,IH2006,2020-03-04 09:32:35.300,2912.2000,13891,-1,331787100.000,1,0,1,双平,S,2912.2000,2912.0000,2911.8000,2911.4000,2911.0000,2913.6000,2914.8000,2915.6000,2915.8000,2916.0000,1,1,4,5,1,4,2,1,7,2
SF,IH2006,2020-03-04 09:32:35.800,2912.2000,13891,0,331787100.000,0,-,-,-,-,2912.2000,2912.0000,2911.8000,2911.4000,2911.0000,2912.4000,2913.4000,2913.6000,2913.8000,2914.8000,1,1,4,5,1,1,3,4,1,2
SF,IH2006,2020-03-04 09:32:36.300,2912.4000,13890,-1,332660820.000,1,0,1,双平,S,2912.2000,2912.0000,2911.8000,2911.4000,2911.0000,2913.2000,2913.4000,2913.6000,2913.8000,2914.8000,1,1,4,5,1,1,1,4,1,2
SF,IH2006,2020-03-04 09:32:36.800,2912.4000,13890,0,332660820.000,0,-,-,-,-,2912.4000,2912.2000,2912.0000,2911.8000,2911.4000,2913.2000,2913.6000,2914.8000,2915.6000,2915.8000,1,1,1,4,5,1,4,2,1,6
SF,IH2006,2020-03-04 09:32:37.300,2912.4000,13890,0,332660820.000,0,-,-,-,-,2912.2000,2912.0000,2911.8000,2911.0000,2909.0000,2913.2000,2913.6000,2914.8000,2915.6000,2915.8000,1,1,4,1,1,1,2,2,1,6
SF,IH2006,2020-03-04 09:32:37.800,2912.4000,13890,0,332660820.000,0,-,-,-,-,2912.2000,2912.0000,2911.8000,2911.0000,2909.0000,2912.8000,2913.0000,2913.2000,2913.4000,2913.6000,1,1,4,1,1,1,1,1,1,2
SF,IH2006,2020-03-04 09:32:38.300,2912.2000,13889,-1,333534480.000,1,0,1,双平,S,2912.0000,2911.8000,2911.0000,2909.0000,2908.0000,2912.4000,2913.0000,2913.2000,2913.4000,2913.6000,1,4,1,1,2,1,1,1,1,2
SF,IH2006,2020-03-04 09:32:38.800,2911.8000,13886,-3,336155160.000,3,0,3,双平,S,2911.8000,2911.0000,2909.0000,2908.0000,2907.0000,2913.0000,2913.2000,2913.4000,2913.6000,2914.8000,2,1,1,2,5,1,1,1,2,2
SF,IH2006,2020-03-04 09:32:39.300,2911.8000,13884,-2,337902240.000,2,0,2,双平,S,2911.0000,2910.8000,2909.0000,2908.0000,2907.0000,2912.8000,2913.0000,2913.2000,2913.4000,2913.6000,1,5,1,2,5,5,1,1,1,2
SF,IH2006,2020-03-04 09:32:39.800,2911.8000,13884,0,337902240.000,0,-,-,-,-,2911.2000,2911.0000,2910.8000,2909.0000,2908.0000,2912.8000,2913.2000,2913.6000,2914.8000,2915.8000,1,1,5,1,2,5,1,2,2,3
SF,IH2006,2020-03-04 09:32:40.300,2911.8000,13884,0,337902240.000,0,-,-,-,-,2911.2000,2911.0000,2910.8000,2910.2000,2909.0000,2912.8000,2913.2000,2913.6000,2914.8000,2915.8000,1,1,5,5,1,2,1,2,2,3
SF,IH2006,2020-03-04 09:32:40.800,2911.8000,13884,0,337902240.000,0,-,-,-,-,2911.2000,2911.0000,2910.8000,2909.0000,2908.0000,2912.6000,2912.8000,2913.2000,2913.6000,2914.8000,1,1,5,1,2,1,1,1,2,2
SF,IH2006,2020-03-04 09:32:41.300,2911.8000,13884,0,337902240.000,0,-,-,-,-,2911.2000,2911.0000,2910.8000,2910.2000,2909.0000,2912.6000,2912.8000,2913.2000,2913.6000,2914.8000,1,1,5,5,1,2,1,1,2,2
SF,IH2006,2020-03-04 09:32:41.800,2912.4000,13883,-1,338775960.000,1,0,1,双平,S,2911.2000,2911.0000,2910.8000,2910.2000,2909.0000,2912.6000,2912.8000,2913.2000,2913.6000,2914.8000,1,1,5,5,1,2,1,1,2,2
SF,IH2006,2020-03-04 09:32:42.300,2912.4000,13883,0,338775960.000,0,-,-,-,-,2911.4000,2911.2000,2911.0000,2910.8000,2910.2000,2912.8000,2913.2000,2913.6000,2914.8000,2915.8000,1,2,3,5,5,1,1,2,1,1
SF,IH2006,2020-03-04 09:32:42.800,2912.8000,13882,-1,339649800.000,1,0,1,双平,S,2912.2000,2912.0000,2911.6000,2911.4000,2911.2000,2913.2000,2913.6000,2914.8000,2915.8000,2916.0000,3,2,4,1,1,1,2,1,1,1
SF,IH2006,2020-03-04 09:32:43.300,2912.8000,13882,0,339649800.000,0,-,-,-,-,2911.6000,2911.4000,2911.0000,2910.8000,2910.2000,2913.2000,2913.6000,2914.8000,2915.8000,2916.0000,3,1,4,5,5,1,2,1,1,1
SF,IH2006,2020-03-04 09:32:43.800,2912.8000,13882,0,339649800.000,0,-,-,-,-,2911.8000,2911.6000,2911.4000,2911.0000,2910.8000,2913.0000,2913.2000,2913.6000,2914.8000,2915.8000,1,3,1,4,5,1,1,2,1,1
SF,IH2006,2020-03-04 09:32:44.300,2912.8000,13882,0,339649800.000,0,-,-,-,-,2912.0000,2911.8000,2911.6000,2911.0000,2910.8000,2913.2000,2913.6000,2914.8000,2915.8000,2916.0000,3,1,2,4,5,1,2,1,1,1
SF,IH2006,2020-03-04 09:32:44.800,2912.8000,13882,0,339649800.000,0,-,-,-,-,2912.8000,2912.0000,2911.8000,2911.6000,2911.0000,2913.0000,2913.2000,2913.6000,2914.8000,2915.8000,1,4,1,1,4,1,1,2,1,1
SF,IH2006,2020-03-04 09:32:45.300,2912.8000,13881,-1,341397540.000,2,0,2,多平,S,2912.2000,2912.0000,2911.6000,2911.0000,2910.8000,2913.2000,2913.6000,2914.8000,2915.8000,2916.0000,1,2,1,4,5,1,2,1,1,1
SF,IH2006,2020-03-04 09:32:45.800,2912.8000,13881,0,341397540.000,0,-,-,-,-,2912.4000,2912.2000,2912.0000,2911.6000,2911.0000,2913.2000,2913.6000,2914.8000,2915.8000,2916.0000,1,1,1,1,4,1,2,1,1,1
SF,IH2006,2020-03-04 09:32:46.300,2912.8000,13881,0,341397540.000,0,-,-,-,-,2912.4000,2912.2000,2912.0000,2911.6000,2911.0000,2913.2000,2913.6000,2914.8000,2915.8000,2916.0000,1,1,2,2,4,1,2,1,1,1
SF,IH2006,2020-03-04 09:32:46.800,2913.2000,13880,-1,342271500.000,1,0,1,双平,S,2912.4000,2912.2000,2912.0000,2911.6000,2911.0000,2913.6000,2914.8000,2915.8000,2916.0000,2916.6000,1,1,2,2,4,2,1,1,1,1
SF,IH2006,2020-03-04 09:32:47.300,2913.2000,13880,0,342271500.000,0,-,-,-,-,2912.4000,2912.0000,2911.6000,2911.0000,2910.2000,2913.2000,2913.6000,2914.8000,2915.8000,2916.0000,1,7,2,4,5,2,2,1,1,1
SF,IH2006,2020-03-04 09:32:47.800,2912.4000,13877,-3,344893140.000,3,0,3,双平,S,2912.0000,2911.6000,2911.0000,2909.0000,2908.0000,2912.4000,2913.6000,2914.8000,2915.8000,2916.0000,7,7,3,1,2,5,2,1,1,1
SF,IH2006,2020-03-04 09:32:48.300,2912.4000,13872,-5,349261740.000,5,0,5,双平,S,2912.4000,2912.2000,2912.0000,2911.6000,2911.0000,2913.6000,2914.8000,2915.8000,2916.0000,2916.6000,4,2,4,6,3,2,1,1,1,1
SF,IH2006,2020-03-04 09:32:48.800,2912.4000,13872,0,349261740.000,0,-,-,-,-,2912.6000,2912.4000,2912.2000,2912.0000,2911.6000,2913.8000,2914.8000,2915.8000,2916.0000,2916.6000,4,4,1,2,6,1,1,1,1,1
SF,IH2006,2020-03-04 09:32:49.300,2913.8000,13871,-1,350135880.000,1,0,1,双平,S,2913.8000,2913.2000,2913.0000,2912.8000,2912.6000,2914.8000,2915.8000,2916.0000,2916.6000,2918.6000,1,1,1,4,3,1,1,1,1,1
SF,IH2006,2020-03-04 09:32:49.800,2913.8000,13871,0,350135880.000,0,-,-,-,-,2913.8000,2913.2000,2912.8000,2912.6000,2912.4000,2915.8000,2916.0000,2916.6000,2918.6000,2919.4000,1,6,2,2,3,1,1,1,1,1
SF,IH2006,2020-03-04 09:32:50.300,2913.8000,13871,0,350135880.000,0,-,-,-,-,2914.0000,2913.8000,2913.2000,2913.0000,2912.8000,2915.6000,2916.0000,2916.6000,2918.6000,2919.4000,5,1,1,5,2,1,1,1,1,1
SF,IH2006,2020-03-04 09:32:50.800,2915.6000,13871,0,351010560.000,1,0,1,多换,S,2914.2000,2914.0000,2913.2000,2913.0000,2912.8000,2916.0000,2916.6000,2918.6000,2919.4000,2919.6000,2,3,1,5,2,1,1,1,1,3
SF,IH2006,2020-03-04 09:32:51.300,2915.6000,13871,0,351010560.000,0,-,-,-,-,2914.4000,2914.2000,2914.0000,2913.2000,2913.0000,2915.6000,2915.8000,2916.0000,2916.2000,2916.6000,1,2,2,1,5,1,4,2,1,1
SF,IH2006,2020-03-04 09:32:51.800,2915.6000,13871,0,351010560.000,0,-,-,-,-,2914.6000,2914.4000,2914.0000,2913.2000,2913.0000,2915.8000,2916.0000,2916.2000,2916.6000,2918.6000,2,1,2,1,5,4,2,1,1,1
SF,IH2006,2020-03-04 09:32:52.300,2915.6000,13871,0,351010560.000,0,-,-,-,-,2914.4000,2913.2000,2913.0000,2912.8000,2912.6000,2915.8000,2916.0000,2916.2000,2916.6000,2918.6000,1,1,5,2,7,4,2,1,1,1
SF,IH2006,2020-03-04 09:32:52.800,2915.6000,13871,0,351010560.000,0,-,-,-,-,2914.6000,2914.4000,2914.2000,2913.2000,2913.0000,2916.0000,2916.2000,2916.6000,2918.6000,2919.4000,2,1,1,1,5,2,1,1,1,1
SF,IH2006,2020-03-04 09:32:53.300,2914.8000,13870,-1,351885000.000,1,0,1,双平,S,2914.6000,2914.2000,2913.2000,2913.0000,2912.8000,2916.0000,2916.2000,2916.6000,2918.6000,2919.4000,2,2,1,5,1,2,1,1,1,1
SF,IH2006,2020-03-04 09:32:53.800,2914.8000,13870,0,351885000.000,0,-,-,-,-,2914.8000,2914.6000,2914.2000,2913.2000,2913.0000,2915.8000,2916.0000,2916.2000,2916.6000,2918.6000,1,2,2,1,5,4,2,1,1,1
SF,IH2006,2020-03-04 09:32:54.300,2914.8000,13869,-1,352759440.000,1,0,1,双平,S,2914.6000,2914.2000,2913.2000,2913.0000,2912.6000,2915.8000,2916.0000,2916.2000,2916.6000,2918.6000,2,2,1,5,6,4,2,1,1,1
SF,IH2006,2020-03-04 09:32:54.800,2914.8000,13869,0,352759440.000,0,-,-,-,-,2914.6000,2914.2000,2913.2000,2913.0000,2912.6000,2915.8000,2916.0000,2916.2000,2916.6000,2918.6000,1,2,1,5,6,4,2,1,1,1
SF,IH2006,2020-03-04 09:32:55.300,2914.8000,13869,0,352759440.000,0,-,-,-,-,2914.8000,2914.6000,2914.2000,2913.2000,2913.0000,2915.8000,2916.0000,2916.2000,2916.6000,2918.6000,2,1,2,1,5,2,2,1,1,1
SF,IH2006,2020-03-04 09:32:55.800,2914.8000,13869,0,352759440.000,0,-,-,-,-,2914.8000,2914.6000,2914.2000,2913.2000,2913.0000,2915.6000,2915.8000,2916.0000,2916.2000,2916.6000,2,1,2,1,5,2,1,2,1,1
SF,IH2006,2020-03-04 09:32:56.300,2914.8000,13869,0,352759440.000,0,-,-,-,-,2914.8000,2914.6000,2914.2000,2913.2000,2913.0000,2915.8000,2916.0000,2916.6000,2918.6000,2919.6000,2,1,2,1,5,1,1,1,1,3
SF,IH2006,2020-03-04 09:32:56.800,2914.8000,13867,-2,354508320.000,2,0,2,双平,S,2914.6000,2914.2000,2913.0000,2912.6000,2912.0000,2916.0000,2916.6000,2918.6000,2919.6000,2919.8000,1,2,5,1,1,1,1,1,3,10
SF,IH2006,2020-03-04 09:32:57.300,2914.8000,13867,0,354508320.000,0,-,-,-,-,2914.6000,2914.2000,2913.0000,2912.6000,2912.0000,2915.4000,2915.8000,2916.0000,2916.2000,2916.6000,1,2,5,1,1,1,5,2,1,1
SF,IH2006,2020-03-04 09:32:57.800,2914.8000,13867,0,354508320.000,0,-,-,-,-,2914.2000,2913.0000,2912.6000,2912.0000,2911.0000,2915.8000,2916.0000,2916.2000,2916.6000,2918.6000,2,5,1,1,1,5,2,1,1,1
SF,IH2006,2020-03-04 09:32:58.300,2914.8000,13867,0,354508320.000,0,-,-,-,-,2914.2000,2912.6000,2912.0000,2911.0000,2910.0000,2915.6000,2915.8000,2916.0000,2916.2000,2916.6000,2,1,1,1,1,1,5,2,1,1
SF,IH2006,2020-03-04 09:32:58.800,2914.8000,13867,0,354508320.000,0,-,-,-,-,2914.2000,2912.6000,2912.0000,2911.0000,2910.0000,2915.4000,2915.6000,2915.8000,2916.0000,2916.2000,2,1,1,1,1,5,2,1,2,1
SF,IH2006,2020-03-04 09:32:59.300,2914.2000,13865,-2,356256840.000,2,0,2,双平,S,2913.2000,2912.6000,2912.0000,2911.0000,2910.0000,2915.2000,2915.4000,2915.6000,2915.8000,2916.0000,1,1,1,1,1,1,6,2,1,2
SF,IH2006,2020-03-04 09:32:59.800,2914.2000,13865,0,356256840.000,0,-,-,-,-,2913.4000,2913.2000,2912.6000,2912.0000,2911.8000,2915.0000,2915.2000,2915.4000,2916.0000,2916.2000,1,1,6,1,5,5,1,2,2,1
SF,IH2006,2020-03-04 09:33:00.300,2914.2000,13865,0,356256840.000,0,-,-,-,-,2913.4000,2913.2000,2912.6000,2912.0000,2911.8000,2915.0000,2915.4000,2916.0000,2916.2000,2916.6000,1,1,6,1,5,5,2,2,1,1
SF,IH2006,2020-03-04 09:33:00.800,2914.2000,13865,0,356256840.000,0,-,-,-,-,2913.4000,2913.2000,2912.6000,2912.0000,2911.0000,2914.8000,2915.0000,2915.4000,2916.0000,2916.2000,1,1,1,6,1,3,5,2,1,1
SF,IH2006,2020-03-04 09:33:01.300,2914.2000,13865,0,356256840.000,0,-,-,-,-,2913.2000,2912.6000,2912.0000,2911.0000,2910.0000,2914.6000,2914.8000,2915.0000,2915.4000,2916.0000,1,1,11,1,1,4,3,2,1,1
SF,IH2006,2020-03-04 09:33:01.800,2914.2000,13865,0,356256840.000,0,-,-,-,-,2913.4000,2913.2000,2912.6000,2912.0000,2911.0000,2914.6000,2914.8000,2915.0000,2915.4000,2916.0000,1,2,1,11,1,1,2,1,1,1
SF,IH2006,2020-03-04 09:33:02.300,2914.2000,13865,0,356256840.000,0,-,-,-,-,2913.4000,2913.2000,2912.6000,2912.2000,2912.0000,2914.6000,2915.0000,2916.0000,2916.2000,2916.6000,3,1,1,5,6,1,1,1,1,1
SF,IH2006,2020-03-04 09:33:02.800,2914.2000,13865,0,356256840.000,0,-,-,-,-,2913.4000,2913.2000,2912.6000,2912.2000,2912.0000,2914.4000,2914.6000,2915.0000,2916.0000,2916.2000,2,1,1,5,6,2,1,1,1,1
SF,IH2006,2020-03-04 09:33:03.300,2914.2000,13865,0,356256840.000,0,-,-,-,-,2913.4000,2913.2000,2912.6000,2912.2000,2912.0000,2914.4000,2914.6000,2915.0000,2916.0000,2916.2000,2,1,1,5,6,2,1,1,1,1
SF,IH2006,2020-03-04 09:33:03.800,2914.4000,13864,-1,357131160.000,1,0,1,双平,S,2913.4000,2913.2000,2912.6000,2912.2000,2912.0000,2914.4000,2914.6000,2915.0000,2916.0000,2916.2000,2,1,1,5,6,1,1,1,1,1
SF,IH2006,2020-03-04 09:33:04.800,2914.4000,13863,-1,358005480.000,1,0,1,双平,S,2913.4000,2913.2000,2912.0000,2911.0000,2910.0000,2914.6000,2915.0000,2916.0000,2916.2000,2916.6000,2,1,11,1,1,1,1,1,1,1
SF,IH2006,2020-03-04 09:33:05.300,2913.6000,13861,-2,359753640.000,2,0,2,双平,S,2913.6000,2913.4000,2913.2000,2912.0000,2911.0000,2915.0000,2916.0000,2916.2000,2916.6000,2918.0000,1,2,1,11,1,1,1,1,1,2
SF,IH2006,2020-03-04 09:33:05.800,2913.6000,13861,0,359753640.000,0,-,-,-,-,2913.6000,2913.4000,2913.2000,2912.0000,2911.0000,2915.0000,2916.0000,2916.2000,2916.6000,2918.0000,2,1,1,6,1,1,1,1,1,2
SF,IH2006,2020-03-04 09:33:06.300,2913.6000,13861,0,359753640.000,0,-,-,-,-,2913.6000,2913.4000,2913.2000,2912.0000,2911.0000,2915.0000,2916.0000,2916.2000,2916.6000,2918.0000,1,1,1,6,1,1,1,1,1,2
SF,IH2006,2020-03-04 09:33:06.800,2915.0000,13861,0,360628140.000,1,0,1,多换,S,2913.6000,2913.4000,2913.2000,2912.0000,2911.0000,2916.0000,2916.2000,2916.6000,2918.0000,2918.6000,1,1,1,6,1,1,1,1,2,1
SF,IH2006,2020-03-04 09:33:07.300,2915.0000,13861,0,360628140.000,0,-,-,-,-,2913.8000,2913.6000,2913.2000,2912.0000,2911.0000,2914.8000,2915.6000,2915.8000,2916.0000,2916.2000,1,1,1,6,1,1,1,7,1,1
SF,IH2006,2020-03-04 09:33:07.800,2914.8000,13859,-2,362376720.000,2,0,2,双平,S,2913.2000,2912.0000,2911.0000,2910.0000,2909.6000,2915.4000,2915.6000,2915.8000,2916.0000,2916.2000,1,1,1,1,1,1,1,5,1,1
SF,IH2006,2020-03-04 09:33:08.300,2914.8000,13859,0,362376720.000,0,-,-,-,-,2913.2000,2912.0000,2911.0000,2910.0000,2909.6000,2914.8000,2915.0000,2915.2000,2915.4000,2915.8000,1,1,1,1,1,1,2,6,1,1
SF,IH2006,2020-03-04 09:33:08.800,2914.8000,13858,-1,363251160.000,1,0,1,双平,S,2913.2000,2912.0000,2911.0000,2910.0000,2909.6000,2914.6000,2914.8000,2915.0000,2915.2000,2915.4000,1,1,1,1,1,6,1,1,2,1
SF,IH2006,2020-03-04 09:33:09.300,2914.8000,13858,0,364125600.000,1,0,1,多换,S,2913.2000,2912.0000,2911.0000,2910.0000,2909.6000,2914.6000,2914.8000,2915.0000,2915.2000,2915.8000,1,1,1,1,1,5,2,1,1,1
SF,IH2006,2020-03-04 09:33:10.300,2914.0000,13858,0,365873760.000,2,1,1,多换,S,2912.0000,2911.0000,2910.0000,2909.6000,2909.0000,2914.2000,2914.6000,2914.8000,2915.2000,2915.8000,1,1,1,1,1,1,5,2,1,1
SF,IH2006,2020-03-04 09:33:10.800,2914.0000,13857,-1,366747960.000,1,0,1,双平,S,2912.2000,2912.0000,2911.2000,2911.0000,2910.6000,2914.0000,2914.6000,2914.8000,2915.2000,2915.8000,1,1,5,1,5,5,1,2,1,1
SF,IH2006,2020-03-04 09:33:11.300,2914.0000,13857,0,366747960.000,0,-,-,-,-,2912.2000,2912.0000,2911.2000,2911.0000,2910.6000,2914.0000,2914.8000,2915.2000,2916.0000,2916.6000,1,1,5,1,5,5,2,1,1,1
SF,IH2006,2020-03-04 09:33:11.800,2914.0000,13857,0,366747960.000,0,-,-,-,-,2912.2000,2912.0000,2911.0000,2910.8000,2910.0000,2914.0000,2914.8000,2916.0000,2916.6000,2918.0000,1,1,1,5,1,4,2,1,1,2
SF,IH2006,2020-03-04 09:33:12.300,2914.0000,13857,0,366747960.000,0,-,-,-,-,2912.2000,2912.0000,2911.0000,2910.8000,2910.0000,2914.0000,2914.8000,2916.0000,2916.6000,2918.0000,1,1,1,5,1,3,2,1,1,2
SF,IH2006,2020-03-04 09:33:12.800,2914.0000,13856,-1,367622160.000,1,0,1,双平,S,2912.4000,2912.2000,2912.0000,2911.0000,2910.8000,2914.0000,2914.8000,2916.0000,2916.6000,2918.0000,1,1,1,1,5,3,1,1,1,2
SF,IH2006,2020-03-04 09:33:13.300,2914.0000,13856,0,367622160.000,0,-,-,-,-,2912.4000,2912.2000,2912.0000,2911.0000,2910.8000,2913.8000,2914.0000,2914.8000,2916.0000,2916.6000,1,1,1,1,5,1,3,1,1,1
SF,IH2006,2020-03-04 09:33:13.800,2914.0000,13856,0,367622160.000,0,-,-,-,-,2912.4000,2912.2000,2912.0000,2911.0000,2910.8000,2914.0000,2914.8000,2916.0000,2916.6000,2918.0000,1,1,1,1,5,3,1,1,1,2
SF,IH2006,2020-03-04 09:33:14.300,2912.4000,13856,0,368495880.000,1,0,1,多换,S,2912.2000,2912.0000,2911.0000,2910.8000,2910.0000,2912.4000,2913.4000,2913.6000,2913.8000,2914.0000,1,1,1,5,1,5,1,2,2,3
SF,IH2006,2020-03-04 09:33:14.800,2912.4000,13855,-1,373738200.000,6,2,4,多平,S,2912.4000,2912.2000,2912.0000,2911.0000,2910.8000,2913.4000,2913.6000,2913.8000,2914.0000,2916.6000,2,1,1,1,5,1,1,2,2,1
SF,IH2006,2020-03-04 09:33:15.300,2912.4000,13855,0,373738200.000,0,-,-,-,-,2912.2000,2912.0000,2911.0000,2910.8000,2910.0000,2913.2000,2913.4000,2913.6000,2913.8000,2914.0000,1,1,1,5,1,2,1,1,1,1
SF,IH2006,2020-03-04 09:33:15.800,2913.2000,13853,-2,375486120.000,2,0,2,双平,S,2912.2000,2912.0000,2911.0000,2910.8000,2910.0000,2913.4000,2913.8000,2914.0000,2916.6000,2918.0000,1,1,1,10,1,1,1,1,1,2
SF,IH2006,2020-03-04 09:33:16.300,2912.4000,13853,0,377233860.000,2,1,1,多换,S,2912.4000,2912.2000,2912.0000,2911.0000,2910.8000,2913.8000,2914.6000,2916.6000,2918.0000,2918.6000,5,1,1,1,10,1,1,1,2,1
SF,IH2006,2020-03-04 09:33:16.800,2913.8000,13852,-1,378108000.000,1,0,1,双平,S,2914.2000,2913.8000,2912.6000,2912.4000,2912.2000,2914.6000,2916.0000,2916.6000,2918.0000,2918.6000,1,1,4,4,5,1,1,1,2,1
SF,IH2006,2020-03-04 09:33:17.300,2914.6000,13850,-2,380731020.000,3,0,3,多平,S,2913.0000,2912.6000,2912.4000,2912.2000,2912.0000,2915.0000,2916.0000,2916.6000,2918.0000,2918.6000,5,2,4,5,1,1,1,1,2,1
SF,IH2006,2020-03-04 09:33:17.800,2914.6000,13850,0,380731020.000,0,-,-,-,-,2914.6000,2913.2000,2912.4000,2912.0000,2911.0000,2915.0000,2916.0000,2916.6000,2918.0000,2918.6000,1,9,1,1,1,1,1,1,2,1
SF,IH2006,2020-03-04 09:33:18.300,2914.6000,13848,-2,382479900.000,2,0,2,双平,S,2915.0000,2913.2000,2912.8000,2912.0000,2911.0000,2916.0000,2916.6000,2918.0000,2918.6000,2919.6000,1,8,1,1,1,1,1,2,1,2
SF,IH2006,2020-03-04 09:33:18.800,2915.0000,13848,0,383354400.000,1,0,1,多换,S,2913.2000,2912.8000,2912.0000,2911.0000,2910.0000,2915.0000,2915.6000,2915.8000,2916.0000,2916.2000,5,1,1,1,1,4,2,4,2,1
SF,IH2006,2020-03-04 09:33:19.300,2915.0000,13848,0,384228900.000,1,0,1,多换,S,2913.2000,2912.8000,2912.0000,2911.0000,2910.0000,2914.8000,2915.0000,2915.6000,2915.8000,2916.0000,4,1,1,1,1,1,1,1,3,2
SF,IH2006,2020-03-04 09:33:19.800,2915.0000,13848,0,385103400.000,1,0,1,多换,S,2913.4000,2913.2000,2912.0000,2911.0000,2910.0000,2915.0000,2915.6000,2915.8000,2916.0000,2916.2000,3,1,1,1,1,1,1,3,2,1
SF,IH2006,2020-03-04 09:33:20.300,2913.2000,13848,0,385977360.000,1,0,1,多换,S,2912.0000,2911.0000,2910.0000,2909.6000,2909.0000,2914.6000,2914.8000,2915.0000,2916.0000,2916.2000,1,1,1,1,1,1,3,1,2,1
SF,IH2006,2020-03-04 09:33:20.800,2913.2000,13848,0,385977360.000,0,-,-,-,-,2912.2000,2912.0000,2911.0000,2910.8000,2910.0000,2914.4000,2914.6000,2915.0000,2916.0000,2916.2000,4,2,1,5,1,4,1,1,2,1
SF,IH2006,2020-03-04 09:33:21.300,2913.2000,13848,0,385977360.000,0,-,-,-,-,2912.2000,2912.0000,2911.0000,2910.0000,2909.6000,2914.2000,2914.4000,2914.6000,2915.0000,2916.0000,4,2,1,1,1,1,4,1,1,2
SF,IH2006,2020-03-04 09:33:21.800,2913.2000,13848,0,385977360.000,0,-,-,-,-,2913.6000,2912.2000,2912.0000,2911.0000,2910.0000,2913.8000,2914.0000,2914.2000,2914.4000,2915.0000,1,3,1,1,1,1,3,1,1,1
SF,IH2006,2020-03-04 09:33:22.300,2913.6000,13847,-1,386851440.000,1,0,1,双平,S,2912.4000,2912.2000,2912.0000,2911.0000,2910.0000,2913.6000,2914.0000,2914.2000,2914.4000,2916.0000,1,3,1,1,1,6,3,1,1,2
SF,IH2006,2020-03-04 09:33:22.800,2913.6000,13846,-1,387725520.000,1,0,1,双平,S,2912.6000,2912.4000,2912.2000,2912.0000,2911.0000,2913.6000,2914.0000,2916.0000,2916.6000,2918.0000,2,1,1,1,1,3,3,2,1,2
SF,IH2006,2020-03-04 09:33:23.300,2913.6000,13846,0,387725520.000,0,-,-,-,-,2912.6000,2912.4000,2912.2000,2912.0000,2911.0000,2913.6000,2914.0000,2916.0000,2916.6000,2918.0000,1,1,1,1,1,3,3,2,1,2
SF,IH2006,2020-03-04 09:33:23.800,2913.6000,13846,0,387725520.000,0,-,-,-,-,2912.6000,2912.4000,2912.2000,2912.0000,2911.0000,2913.6000,2914.0000,2916.0000,2916.6000,2918.0000,1,1,1,1,1,3,3,2,1,2
SF,IH2006,2020-03-04 09:33:24.300,2913.6000,13846,0,387725520.000,0,-,-,-,-,2912.6000,2912.4000,2912.2000,2912.0000,2911.0000,2913.6000,2914.0000,2916.0000,2916.6000,2918.0000,1,1,1,1,1,3,3,2,1,2
SF,IH2006,2020-03-04 09:33:24.800,2913.6000,13845,-1,388599600.000,1,0,1,双平,S,2912.6000,2912.4000,2912.2000,2912.0000,2911.0000,2913.6000,2914.0000,2916.0000,2916.6000,2918.0000,1,1,1,1,1,2,3,2,1,2
SF,IH2006,2020-03-04 09:33:25.300,2913.6000,13845,0,388599600.000,0,-,-,-,-,2912.8000,2912.6000,2912.4000,2912.2000,2912.0000,2913.6000,2914.0000,2916.0000,2916.6000,2918.0000,1,1,1,1,1,2,3,2,1,2
SF,IH2006,2020-03-04 09:33:26.800,2913.6000,13844,-1,389473680.000,1,0,1,双平,S,2912.8000,2912.6000,2912.4000,2912.2000,2912.0000,2913.6000,2914.0000,2916.0000,2916.6000,2918.0000,1,1,1,1,1,1,3,2,1,2
SF,IH2006,2020-03-04 09:33:27.300,2913.6000,13844,0,389473680.000,0,-,-,-,-,2912.8000,2912.6000,2912.4000,2912.2000,2912.0000,2914.0000,2916.0000,2916.6000,2918.0000,2918.6000,1,1,1,1,1,3,2,1,2,1
SF,IH2006,2020-03-04 09:33:27.800,2913.6000,13844,0,389473680.000,0,-,-,-,-,2913.0000,2912.8000,2912.4000,2912.2000,2912.0000,2914.0000,2916.0000,2916.6000,2918.0000,2918.6000,1,1,1,1,1,1,2,1,2,1
SF,IH2006,2020-03-04 09:33:28.300,2913.6000,13844,0,389473680.000,0,-,-,-,-,2913.0000,2912.4000,2912.2000,2912.0000,2911.0000,2913.8000,2914.0000,2916.0000,2916.6000,2918.0000,1,1,1,1,1,1,1,2,1,2
SF,IH2006,2020-03-04 09:33:28.800,2913.6000,13844,0,389473680.000,0,-,-,-,-,2912.4000,2912.2000,2912.0000,2911.0000,2910.0000,2913.8000,2914.0000,2916.0000,2916.6000,2918.0000,1,1,1,1,1,1,1,2,1,2
SF,IH2006,2020-03-04 09:33:29.300,2913.6000,13844,0,389473680.000,0,-,-,-,-,2912.6000,2912.4000,2912.2000,2912.0000,2911.0000,2913.6000,2913.8000,2916.0000,2916.6000,2918.0000,1,1,1,1,1,1,1,2,1,2
SF,IH2006,2020-03-04 09:33:29.800,2912.6000,13844,0,390347460.000,1,0,1,多换,S,2912.4000,2912.2000,2912.0000,2911.0000,2910.0000,2913.6000,2913.8000,2916.0000,2916.6000,2918.0000,1,1,1,1,1,1,1,2,1,2
SF,IH2006,2020-03-04 09:33:30.300,2912.4000,13844,0,391221180.000,1,0,1,多换,S,2912.0000,2911.0000,2910.0000,2909.6000,2909.0000,2912.4000,2913.4000,2913.6000,2916.0000,2916.6000,1,1,1,1,1,1,1,1,2,1
SF,IH2006,2020-03-04 09:33:30.800,2912.4000,13843,-1,392094900.000,1,0,1,双平,S,2912.8000,2912.0000,2911.0000,2910.0000,2909.6000,2913.4000,2913.6000,2916.0000,2916.6000,2918.0000,1,1,1,1,1,1,1,2,1,2
SF,IH2006,2020-03-04 09:33:31.300,2912.8000,13842,-1,392968740.000,1,0,1,双平,S,2912.0000,2911.0000,2910.0000,2909.6000,2909.0000,2912.8000,2913.2000,2913.4000,2913.6000,2916.0000,1,1,1,1,1,2,2,1,1,2
SF,IH2006,2020-03-04 09:33:31.800,2912.0000,13842,0,393842340.000,1,0,1,多换,S,2911.0000,2910.0000,2909.6000,2909.0000,2908.2000,2912.8000,2913.2000,2913.4000,2913.6000,2916.0000,1,1,1,1,1,2,2,1,1,1
SF,IH2006,2020-03-04 09:33:32.300,2912.0000,13842,0,393842340.000,0,-,-,-,-,2912.0000,2911.2000,2911.0000,2910.0000,2909.6000,2912.8000,2913.2000,2913.6000,2916.0000,2918.0000,1,6,1,6,1,2,2,1,1,2
SF,IH2006,2020-03-04 09:33:32.800,2912.8000,13841,-1,394716180.000,1,0,1,双平,S,2911.2000,2911.0000,2910.0000,2909.6000,2909.0000,2912.0000,2912.8000,2913.2000,2913.6000,2916.0000,4,1,1,1,1,1,1,2,1,1
SF,IH2006,2020-03-04 09:33:33.300,2911.4000,13840,-1,403450560.000,10,4,6,多平,S,2912.0000,2911.2000,2911.0000,2910.0000,2909.6000,2912.8000,2913.2000,2913.6000,2916.0000,2918.0000,1,4,1,1,1,1,1,1,1,2
SF,IH2006,2020-03-04 09:33:33.800,2911.4000,13839,-1,404323980.000,1,0,1,双平,S,2912.0000,2911.2000,2911.0000,2910.0000,2909.6000,2912.8000,2913.2000,2913.6000,2915.0000,2916.0000,1,4,2,1,1,1,1,1,1,1
SF,IH2006,2020-03-04 09:33:34.300,2912.8000,13839,0,405197820.000,1,0,1,多换,S,2912.0000,2911.2000,2911.0000,2910.0000,2909.6000,2913.2000,2913.6000,2915.0000,2916.0000,2916.8000,1,4,2,1,1,1,1,1,1,1
SF,IH2006,2020-03-04 09:33:34.800,2912.8000,13839,0,405197820.000,0,-,-,-,-,2912.0000,2911.2000,2911.0000,2910.0000,2909.6000,2913.0000,2913.2000,2915.0000,2916.0000,2916.8000,1,4,1,1,1,1,1,1,1,1
SF,IH2006,2020-03-04 09:33:35.300,2913.0000,13838,-1,406071720.000,1,0,1,双平,S,2911.2000,2911.0000,2910.0000,2909.6000,2909.0000,2913.2000,2915.0000,2916.0000,2916.8000,2918.0000,4,1,1,1,1,1,1,1,1,2
SF,IH2006,2020-03-04 09:33:35.800,2913.0000,13838,0,406071720.000,0,-,-,-,-,2911.4000,2911.2000,2911.0000,2910.0000,2909.6000,2913.0000,2913.2000,2915.0000,2916.0000,2916.8000,2,4,1,1,1,2,1,1,1,1
SF,IH2006,2020-03-04 09:33:36.300,2913.0000,13838,0,406071720.000,0,-,-,-,-,2911.6000,2911.4000,2911.0000,2910.0000,2909.6000,2913.0000,2913.2000,2915.0000,2916.0000,2916.8000,4,2,1,1,1,2,1,1,1,1
SF,IH2006,2020-03-04 09:33:36.800,2913.0000,13838,0,406071720.000,0,-,-,-,-,2911.6000,2911.0000,2910.0000,2909.6000,2909.0000,2913.0000,2913.2000,2915.0000,2916.0000,2916.8000,3,1,1,1,1,1,1,1,1,1
SF,IH2006,2020-03-04 09:33:37.300,2913.0000,13838,0,406071720.000,0,-,-,-,-,2911.6000,2911.0000,2910.0000,2909.6000,2909.0000,2913.0000,2913.2000,2915.0000,2916.0000,2916.8000,3,1,1,1,1,1,1,1,1,1
SF,IH2006,2020-03-04 09:33:37.800,2913.0000,13838,0,406071720.000,0,-,-,-,-,2911.6000,2911.0000,2910.0000,2909.6000,2909.0000,2913.0000,2913.2000,2915.0000,2916.0000,2916.8000,3,1,1,1,1,2,1,1,1,1
SF,IH2006,2020-03-04 09:33:38.300,2913.0000,13838,0,406071720.000,0,-,-,-,-,2912.0000,2911.6000,2911.0000,2910.0000,2909.6000,2913.0000,2913.2000,2915.0000,2916.0000,2916.8000,1,3,1,1,1,2,1,1,1,1
SF,IH2006,2020-03-04 09:33:38.800,2913.0000,13838,0,406071720.000,0,-,-,-,-,2912.0000,2911.8000,2911.6000,2911.0000,2910.0000,2913.2000,2915.0000,2916.0000,2916.8000,2918.0000,1,1,3,1,1,1,1,1,1,2
SF,IH2006,2020-03-04 09:33:39.300,2913.0000,13838,0,406071720.000,0,-,-,-,-,2912.2000,2912.0000,2911.8000,2911.6000,2911.0000,2913.0000,2913.2000,2915.0000,2916.0000,2916.8000,4,1,1,1,1,1,1,1,1,1
SF,IH2006,2020-03-04 09:33:39.800,2912.2000,13838,0,406945380.000,1,0,1,多换,S,2912.2000,2912.0000,2911.6000,2911.0000,2910.0000,2913.2000,2915.0000,2916.0000,2916.8000,2918.0000,4,1,1,1,1,1,1,1,1,2
SF,IH2006,2020-03-04 09:33:40.300,2912.2000,13838,0,406945380.000,0,-,-,-,-,2912.2000,2912.0000,2911.6000,2911.0000,2910.0000,2913.2000,2915.0000,2916.0000,2916.8000,2918.0000,3,1,1,1,1,1,1,1,1,2
SF,IH2006,2020-03-04 09:33:40.800,2912.2000,13838,0,407819040.000,1,0,1,多换,S,2912.2000,2912.0000,2911.6000,2911.0000,2910.0000,2913.2000,2915.0000,2916.0000,2916.8000,2918.0000,2,1,1,1,1,1,1,1,1,2
SF,IH2006,2020-03-04 09:33:41.300,2913.2000,13837,-1,408693000.000,1,0,1,双平,S,2912.2000,2912.0000,2911.6000,2911.0000,2910.0000,2915.0000,2916.0000,2916.8000,2918.0000,2918.6000,2,1,1,1,1,1,1,1,2,1
SF,IH2006,2020-03-04 09:33:41.800,2913.2000,13837,0,408693000.000,0,-,-,-,-,2912.4000,2912.2000,2912.0000,2911.0000,2910.0000,2914.6000,2914.8000,2915.0000,2916.0000,2916.8000,2,1,1,1,1,1,8,2,1,1
SF,IH2006,2020-03-04 09:33:42.300,2913.2000,13837,0,408693000.000,0,-,-,-,-,2912.4000,2912.2000,2912.0000,2911.0000,2910.0000,2914.4000,2914.6000,2914.8000,2915.0000,2916.0000,1,1,1,1,1,4,1,4,2,1
SF,IH2006,2020-03-04 09:33:42.800,2913.2000,13837,0,408693000.000,0,-,-,-,-,2912.4000,2912.2000,2912.0000,2911.0000,2910.0000,2913.8000,2914.0000,2914.2000,2914.4000,2914.8000,1,1,1,1,1,2,1,1,5,3
SF,IH2006,2020-03-04 09:33:43.300,2913.2000,13837,0,408693000.000,0,-,-,-,-,2912.4000,2912.2000,2912.0000,2911.0000,2910.0000,2913.6000,2914.0000,2914.2000,2914.4000,2914.8000,1,1,1,1,1,1,1,1,4,1
SF,IH2006,2020-03-04 09:33:43.800,2913.2000,13837,0,408693000.000,0,-,-,-,-,2912.6000,2912.4000,2912.2000,2912.0000,2911.0000,2913.6000,2914.0000,2914.4000,2914.8000,2915.0000,2,1,1,1,1,1,1,4,1,2
SF,IH2006,2020-03-04 09:33:44.300,2913.2000,13837,0,408693000.000,0,-,-,-,-,2912.6000,2912.4000,2912.2000,2912.0000,2911.0000,2914.0000,2914.4000,2914.8000,2915.0000,2916.0000,2,1,1,1,1,1,4,1,2,1
SF,IH2006,2020-03-04 09:33:44.800,2913.2000,13837,0,408693000.000,0,-,-,-,-,2912.6000,2912.4000,2912.2000,2912.0000,2911.0000,2913.8000,2914.0000,2914.4000,2914.8000,2915.0000,2,1,1,1,1,1,1,4,1,2
SF,IH2006,2020-03-04 09:33:45.300,2913.2000,13837,0,408693000.000,0,-,-,-,-,2912.8000,2912.6000,2912.4000,2912.0000,2911.0000,2914.4000,2914.8000,2915.0000,2916.0000,2916.8000,2,1,1,1,1,4,1,2,1,1
SF,IH2006,2020-03-04 09:33:45.800,2913.2000,13837,0,408693000.000,0,-,-,-,-,2912.6000,2912.4000,2912.0000,2911.0000,2910.0000,2914.0000,2914.2000,2914.4000,2915.0000,2916.0000,1,1,1,1,1,3,3,3,2,1
SF,IH2006,2020-03-04 09:33:46.300,2913.2000,13837,0,408693000.000,0,-,-,-,-,2912.4000,2912.0000,2911.0000,2910.0000,2909.6000,2913.6000,2913.8000,2914.2000,2915.0000,2916.0000,1,1,1,1,1,1,5,1,2,1
SF,IH2006,2020-03-04 09:33:46.800,2912.4000,13836,-1,409566720.000,1,0,1,双平,S,2912.0000,2911.0000,2910.0000,2909.6000,2909.0000,2912.4000,2913.0000,2913.4000,2913.6000,2913.8000,1,1,1,1,1,1,1,4,1,3
SF,IH2006,2020-03-04 09:33:47.300,2912.4000,13836,0,409566720.000,0,-,-,-,-,2912.0000,2911.0000,2910.0000,2909.6000,2909.0000,2912.4000,2913.0000,2913.4000,2913.6000,2913.8000,1,1,1,1,1,1,1,2,1,2
SF,IH2006,2020-03-04 09:33:47.800,2912.0000,13835,-1,410440320.000,1,0,1,双平,S,2911.0000,2910.0000,2909.6000,2909.0000,2908.2000,2912.0000,2913.0000,2913.4000,2913.6000,2913.8000,1,1,1,1,1,1,1,2,1,2
SF,IH2006,2020-03-04 09:33:48.300,2912.0000,13835,0,410440320.000,0,-,-,-,-,2911.0000,2910.0000,2909.6000,2909.0000,2908.2000,2912.0000,2913.0000,2913.4000,2913.6000,2913.8000,1,1,1,1,1,1,1,2,1,2
SF,IH2006,2020-03-04 09:33:48.800,2912.0000,13835,0,410440320.000,0,-,-,-,-,2910.0000,2909.6000,2909.0000,2908.2000,2908.0000,2912.0000,2913.0000,2913.4000,2913.6000,2913.8000,1,1,1,1,1,1,1,2,1,2
SF,IH2006,2020-03-04 09:33:49.300,2912.0000,13835,0,410440320.000,0,-,-,-,-,2910.2000,2910.0000,2909.6000,2909.0000,2908.2000,2911.8000,2912.0000,2913.0000,2913.4000,2913.6000,5,1,1,1,1,5,1,1,1,1
SF,IH2006,2020-03-04 09:33:49.800,2912.0000,13835,0,410440320.000,0,-,-,-,-,2910.2000,2910.0000,2909.6000,2909.0000,2908.2000,2911.6000,2911.8000,2912.0000,2913.0000,2913.4000,5,1,1,1,1,1,4,1,1,1
SF,IH2006,2020-03-04 09:33:50.300,2912.0000,13835,0,410440320.000,0,-,-,-,-,2910.2000,2910.0000,2909.6000,2909.0000,2908.2000,2911.6000,2911.8000,2912.0000,2913.0000,2913.4000,4,1,1,1,1,1,3,1,1,1
SF,IH2006,2020-03-04 09:33:50.800,2912.0000,13836,1,411313920.000,1,1,0,双开,S,2910.2000,2910.0000,2909.6000,2909.0000,2908.2000,2911.8000,2912.0000,2913.0000,2913.4000,2913.6000,4,1,1,1,1,3,1,1,1,1
SF,IH2006,2020-03-04 09:33:51.300,2912.0000,13836,0,411313920.000,0,-,-,-,-,2910.2000,2910.0000,2909.6000,2909.0000,2908.2000,2911.8000,2912.0000,2913.0000,2913.4000,2913.6000,4,1,1,1,1,2,1,1,1,1
SF,IH2006,2020-03-04 09:33:51.800,2912.0000,13836,0,411313920.000,0,-,-,-,-,2910.2000,2910.0000,2909.6000,2909.0000,2908.2000,2911.6000,2911.8000,2912.0000,2913.0000,2913.4000,4,1,1,1,1,2,2,1,1,1
SF,IH2006,2020-03-04 09:33:52.300,2912.0000,13836,0,411313920.000,0,-,-,-,-,2910.2000,2910.0000,2909.6000,2909.0000,2908.2000,2911.4000,2911.6000,2911.8000,2912.0000,2913.0000,2,1,1,1,1,1,2,1,1,1
SF,IH2006,2020-03-04 09:33:52.800,2912.0000,13836,0,411313920.000,0,-,-,-,-,2910.0000,2909.6000,2909.0000,2908.2000,2908.0000,2911.2000,2911.4000,2911.8000,2912.0000,2913.0000,1,1,1,1,1,3,1,1,1,1
SF,IH2006,2020-03-04 09:33:53.300,2912.0000,13836,0,411313920.000,0,-,-,-,-,2910.0000,2909.6000,2909.0000,2908.2000,2908.0000,2911.2000,2911.4000,2912.0000,2913.0000,2913.6000,1,1,1,1,1,3,1,1,1,1
SF,IH2006,2020-03-04 09:33:53.800,2912.0000,13836,0,411313920.000,0,-,-,-,-,2910.0000,2909.6000,2909.0000,2908.2000,2908.0000,2911.0000,2911.2000,2912.0000,2913.0000,2913.6000,1,1,1,1,1,1,2,1,1,1
SF,IH2006,2020-03-04 09:33:54.300,2912.0000,13836,0,411313920.000,0,-,-,-,-,2910.0000,2909.6000,2909.0000,2908.2000,2908.0000,2911.0000,2911.2000,2912.0000,2913.0000,2913.6000,1,1,1,1,1,1,1,2,1,1
SF,IH2006,2020-03-04 09:33:54.800,2911.0000,13834,-2,413060520.000,2,0,2,双平,S,2910.2000,2910.0000,2909.6000,2909.0000,2908.2000,2912.0000,2913.0000,2913.6000,2913.8000,2915.0000,2,1,1,1,1,1,1,1,1,2
SF,IH2006,2020-03-04 09:33:55.300,2911.8000,13834,0,413934060.000,1,0,1,多换,S,2910.4000,2910.2000,2910.0000,2909.6000,2909.0000,2912.0000,2913.0000,2913.6000,2913.8000,2915.0000,2,2,1,1,1,1,1,1,1,2
SF,IH2006,2020-03-04 09:33:55.800,2911.8000,13834,0,413934060.000,0,-,-,-,-,2910.6000,2910.4000,2910.0000,2909.6000,2909.0000,2911.8000,2912.0000,2913.0000,2913.6000,2913.8000,2,2,1,1,1,1,1,1,1,1
SF,IH2006,2020-03-04 09:33:56.300,2911.8000,13834,0,413934060.000,0,-,-,-,-,2910.6000,2910.4000,2910.0000,2909.6000,2909.0000,2911.8000,2912.0000,2913.0000,2913.6000,2913.8000,1,2,1,1,1,1,1,1,1,1
SF,IH2006,2020-03-04 09:33:56.800,2911.8000,13834,0,413934060.000,0,-,-,-,-,2910.8000,2910.4000,2910.0000,2909.6000,2909.0000,2911.8000,2912.0000,2913.0000,2913.6000,2913.8000,2,2,1,1,1,1,1,1,1,1
SF,IH2006,2020-03-04 09:33:57.300,2910.8000,13834,0,414807300.000,1,0,1,多换,S,2910.4000,2910.0000,2909.6000,2909.0000,2908.2000,2911.8000,2912.0000,2913.0000,2913.6000,2913.8000,2,1,1,1,1,1,1,1,1,1
SF,IH2006,2020-03-04 09:33:57.800,2910.8000,13834,0,414807300.000,0,-,-,-,-,2910.6000,2910.4000,2910.0000,2909.6000,2909.0000,2911.8000,2912.0000,2913.0000,2913.6000,2913.8000,3,1,1,1,1,1,1,1,1,1
SF,IH2006,2020-03-04 09:33:58.300,2910.8000,13834,0,414807300.000,0,-,-,-,-,2910.8000,2910.6000,2910.4000,2910.0000,2909.6000,2911.8000,2912.0000,2913.0000,2913.6000,2913.8000,2,3,1,1,1,1,1,1,1,1
SF,IH2006,2020-03-04 09:33:58.800,2910.8000,13834,0,414807300.000,0,-,-,-,-,2911.0000,2910.8000,2910.4000,2910.0000,2909.6000,2912.0000,2913.0000,2913.6000,2913.8000,2915.0000,2,2,1,1,1,1,1,1,1,2
SF,IH2006,2020-03-04 09:33:59.300,2910.8000,13835,1,415680540.000,1,1,0,双开,S,2911.0000,2910.8000,2910.4000,2910.0000,2909.6000,2912.0000,2913.0000,2913.6000,2915.0000,2916.0000,1,2,1,1,1,1,1,1,2,1
SF,IH2006,2020-03-04 09:33:59.800,2910.8000,13835,0,415680540.000,0,-,-,-,-,2911.0000,2910.8000,2910.4000,2910.0000,2909.6000,2912.0000,2913.0000,2913.6000,2915.0000,2916.0000,1,2,1,1,1,2,1,1,2,1
SF,IH2006,2020-03-04 09:34:00.300,2910.8000,13835,0,416553780.000,1,0,1,多换,S,2911.0000,2910.8000,2910.4000,2910.0000,2909.6000,2912.0000,2913.0000,2913.6000,2915.0000,2916.0000,1,2,1,1,1,2,1,1,2,1
SF,IH2006,2020-03-04 09:34:01.300,2910.8000,13835,0,416553780.000,0,-,-,-,-,2911.0000,2910.8000,2910.4000,2910.0000,2909.6000,2912.0000,2913.0000,2913.6000,2915.0000,2916.0000,1,2,1,1,1,2,1,1,2,1
SF,IH2006,2020-03-04 09:34:02.800,2910.8000,13835,0,416553780.000,0,-,-,-,-,2911.0000,2910.4000,2910.0000,2909.6000,2909.0000,2912.0000,2913.0000,2913.6000,2915.0000,2916.0000,1,1,1,1,1,2,1,1,2,1
SF,IH2006,2020-03-04 09:34:03.300,2911.0000,13834,-1,417427080.000,1,0,1,双平,S,2910.0000,2909.6000,2909.0000,2908.2000,2908.0000,2911.8000,2912.0000,2913.0000,2913.6000,2915.0000,1,1,1,1,1,3,2,1,1,2
SF,IH2006,2020-03-04 09:34:03.800,2911.0000,13834,0,417427080.000,0,-,-,-,-,2910.0000,2909.6000,2909.0000,2908.2000,2908.0000,2911.6000,2911.8000,2912.0000,2913.0000,2913.6000,1,1,1,1,1,3,4,2,1,1
SF,IH2006,2020-03-04 09:34:04.300,2911.0000,13834,0,417427080.000,0,-,-,-,-,2910.0000,2909.6000,2909.0000,2908.2000,2908.0000,2911.4000,2911.6000,2911.8000,2912.0000,2913.0000,1,1,1,1,1,3,3,2,2,1
SF,IH2006,2020-03-04 09:34:04.800,2911.0000,13834,0,417427080.000,0,-,-,-,-,2910.0000,2909.6000,2909.0000,2908.2000,2908.0000,2911.0000,2911.2000,2911.4000,2911.6000,2911.8000,1,1,1,1,1,1,2,3,2,2
SF,IH2006,2020-03-04 09:34:05.300,2911.0000,13834,0,417427080.000,0,-,-,-,-,2910.0000,2909.6000,2909.0000,2908.2000,2908.0000,2910.8000,2911.0000,2911.2000,2911.4000,2911.6000,1,1,1,1,1,1,1,3,2,2
SF,IH2006,2020-03-04 09:34:05.800,2911.0000,13834,0,417427080.000,0,-,-,-,-,2910.0000,2909.6000,2909.0000,2908.2000,2908.0000,2911.0000,2911.2000,2911.4000,2911.6000,2912.0000,1,1,1,1,1,1,3,1,2,2
SF,IH2006,2020-03-04 09:34:06.300,2911.0000,13834,0,417427080.000,0,-,-,-,-,2910.0000,2909.6000,2909.0000,2908.2000,2908.0000,2911.0000,2911.2000,2911.4000,2911.6000,2912.0000,1,1,1,1,1,1,2,1,2,2
SF,IH2006,2020-03-04 09:34:06.800,2911.0000,13834,0,417427080.000,0,-,-,-,-,2910.0000,2909.6000,2909.0000,2908.2000,2908.0000,2911.0000,2911.2000,2911.4000,2911.6000,2912.0000,1,1,1,1,1,1,2,1,2,2
SF,IH2006,2020-03-04 09:34:07.300,2911.0000,13834,0,417427080.000,0,-,-,-,-,2910.0000,2909.6000,2909.0000,2908.2000,2908.0000,2911.0000,2911.2000,2911.4000,2911.6000,2912.0000,1,1,1,1,1,1,2,1,2,2
SF,IH2006,2020-03-04 09:34:07.800,2911.0000,13834,0,417427080.000,0,-,-,-,-,2910.0000,2909.6000,2909.0000,2908.2000,2908.0000,2911.0000,2911.2000,2911.4000,2911.6000,2912.0000,1,1,1,1,1,1,1,1,2,2
SF,IH2006,2020-03-04 09:34:08.300,2911.0000,13834,0,417427080.000,0,-,-,-,-,2911.0000,2910.0000,2909.6000,2909.0000,2908.2000,2911.2000,2911.4000,2911.6000,2912.0000,2913.0000,1,1,1,1,1,1,1,2,2,1
SF,IH2006,2020-03-04 09:34:08.800,2911.0000,13833,-1,418300380.000,1,0,1,双平,S,2910.0000,2909.6000,2909.0000,2908.2000,2908.0000,2911.4000,2911.6000,2912.0000,2913.0000,2913.6000,1,1,1,1,1,1,2,2,1,1
SF,IH2006,2020-03-04 09:34:09.300,2911.0000,13833,0,418300380.000,0,-,-,-,-,2910.2000,2910.0000,2909.6000,2909.0000,2908.2000,2911.4000,2911.6000,2912.0000,2913.0000,2913.6000,1,1,1,1,1,1,15,2,1,1
SF,IH2006,2020-03-04 09:34:09.800,2911.4000,13832,-1,419173800.000,1,0,1,双平,S,2910.6000,2910.4000,2910.0000,2909.6000,2909.0000,2911.6000,2912.0000,2913.0000,2913.6000,2915.0000,1,4,1,1,1,13,2,1,1,2
SF,IH2006,2020-03-04 09:34:10.300,2911.4000,13832,0,419173800.000,0,-,-,-,-,2910.4000,2910.0000,2909.6000,2909.0000,2908.2000,2911.6000,2912.0000,2913.0000,2913.6000,2915.0000,2,1,1,1,1,13,2,1,1,2
SF,IH2006,2020-03-04 09:34:10.800,2911.4000,13832,0,419173800.000,0,-,-,-,-,2910.0000,2909.6000,2909.0000,2908.2000,2908.0000,2911.4000,2911.6000,2912.0000,2913.0000,2913.6000,1,1,1,1,1,1,13,2,1,1
SF,IH2006,2020-03-04 09:34:11.300,2911.4000,13832,0,419173800.000,0,-,-,-,-,2910.2000,2910.0000,2909.6000,2909.0000,2908.2000,2911.6000,2912.0000,2913.0000,2913.6000,2915.0000,2,1,1,1,1,13,2,1,1,2
SF,IH2006,2020-03-04 09:34:11.800,2911.4000,13832,0,419173800.000,0,-,-,-,-,2910.2000,2910.0000,2909.6000,2909.0000,2908.2000,2911.6000,2912.0000,2913.0000,2913.6000,2915.0000,2,1,1,1,1,13,2,1,1,2
SF,IH2006,2020-03-04 09:34:12.300,2910.2000,13832,0,420046860.000,1,0,1,多换,S,2910.4000,2910.2000,2910.0000,2909.6000,2909.0000,2911.6000,2912.0000,2913.0000,2913.6000,2915.0000,1,1,1,1,1,13,2,1,1,2
SF,IH2006,2020-03-04 09:34:12.800,2910.2000,13832,0,420046860.000,0,-,-,-,-,2910.6000,2910.0000,2909.6000,2909.0000,2908.2000,2911.6000,2912.0000,2913.0000,2913.6000,2915.0000,1,1,1,1,1,13,2,1,1,2
SF,IH2006,2020-03-04 09:34:13.300,2910.6000,13832,0,420920040.000,1,0,1,多换,S,2910.0000,2909.6000,2909.0000,2908.2000,2908.0000,2911.4000,2911.6000,2912.0000,2913.0000,2913.6000,1,1,1,1,1,2,13,2,1,1
SF,IH2006,2020-03-04 09:34:13.800,2911.4000,13831,-1,421793460.000,1,0,1,双平,S,2910.0000,2909.6000,2909.0000,2908.2000,2908.0000,2911.4000,2911.6000,2912.0000,2913.0000,2913.6000,1,1,1,1,1,1,13,2,1,1
SF,IH2006,2020-03-04 09:34:14.300,2911.4000,13831,0,421793460.000,0,-,-,-,-,2910.6000,2910.4000,2910.2000,2910.0000,2909.6000,2911.6000,2912.0000,2913.0000,2913.6000,2915.0000,1,1,3,1,1,13,2,1,1,2
SF,IH2006,2020-03-04 09:34:14.800,2911.4000,13831,0,421793460.000,0,-,-,-,-,2910.2000,2910.0000,2909.6000,2909.0000,2908.2000,2911.6000,2912.0000,2913.0000,2913.6000,2915.0000,2,1,1,1,1,13,2,1,1,2
SF,IH2006,2020-03-04 09:34:15.300,2911.4000,13831,0,421793460.000,0,-,-,-,-,2910.2000,2910.0000,2909.6000,2909.0000,2908.2000,2911.4000,2911.6000,2912.0000,2913.0000,2913.6000,2,1,1,1,1,1,13,2,1,1
SF,IH2006,2020-03-04 09:34:15.800,2911.4000,13831,0,421793460.000,0,-,-,-,-,2910.2000,2910.0000,2909.6000,2909.0000,2908.2000,2911.2000,2911.4000,2911.6000,2912.0000,2913.0000,2,1,1,1,1,2,1,13,2,1
SF,IH2006,2020-03-04 09:34:16.300,2911.4000,13831,0,421793460.000,0,-,-,-,-,2910.2000,2910.0000,2909.6000,2909.0000,2908.2000,2911.2000,2911.4000,2911.6000,2912.0000,2913.0000,1,1,1,1,1,2,1,13,2,1
SF,IH2006,2020-03-04 09:34:17.300,2911.4000,13831,0,421793460.000,0,-,-,-,-,2910.2000,2910.0000,2909.6000,2909.0000,2908.2000,2911.0000,2911.2000,2911.4000,2911.6000,2912.0000,1,1,1,1,1,1,2,1,13,2
SF,IH2006,2020-03-04 09:34:17.800,2911.4000,13831,0,421793460.000,0,-,-,-,-,2910.2000,2910.0000,2909.6000,2909.0000,2908.2000,2911.4000,2911.6000,2912.0000,2913.0000,2913.6000,1,1,1,1,1,1,13,2,1,1
SF,IH2006,2020-03-04 09:34:18.300,2911.4000,13831,0,421793460.000,0,-,-,-,-,2910.2000,2910.0000,2909.6000,2909.0000,2908.2000,2911.2000,2911.4000,2911.6000,2912.0000,2913.0000,1,1,1,1,1,2,1,13,2,1
