市场代码,合约代码,时间,最新,持仓,增仓,成交额,成交量,开仓,平仓,成交类型,方向,买一价,买二价,买三价,买四价,买五价,卖一价,卖二价,卖三价,卖四价,卖五价,买一量,买二量,买三量,买四量,买五量,卖一量,卖二量,卖三量,卖四量,卖五量
SF,IH2006,2019-11-28 09:29:00.300,2923.2000,2550,0,1753920.000,2.000,-,-,-,-,2923.2000,2920.0000,2918.6000,2914.6000,2911.8000,2930.0000,2935.2000,2936.6000,2938.0000,2938.8000,1,1,1,1,1,1,1,1,1,1
SF,IH2006,2019-11-28 09:30:00.300,2923.2000,2550,0,1753920.000,0,-,-,-,-,2926.0000,2920.0000,2911.8000,2901.4000,2899.0000,2930.0000,2935.2000,2936.6000,2938.0000,2938.8000,2,1,1,1,1,1,1,1,1,1
SF,IH2006,2019-11-28 09:30:00.800,2923.2000,2550,0,1753920.000,0,-,-,-,-,2926.2000,2926.0000,2923.4000,2920.0000,2911.8000,2930.0000,2935.2000,2936.6000,2938.0000,2938.8000,3,2,1,1,1,1,1,1,1,1
SF,IH2006,2019-11-28 09:30:01.300,2923.2000,2550,0,1753920.000,0,-,-,-,-,2926.2000,2926.0000,2923.4000,2921.6000,2911.8000,2930.0000,2934.4000,2935.2000,2936.6000,2938.0000,3,2,1,5,1,1,5,1,1,1
SF,IH2006,2019-11-28 09:30:01.800,2923.2000,2550,0,1753920.000,0,-,-,-,-,2926.2000,2923.4000,2918.4000,2911.8000,2901.4000,2929.8000,2930.0000,2934.4000,2935.2000,2936.6000,3,1,5,1,1,2,1,5,1,1
SF,IH2006,2019-11-28 09:30:05.800,2923.2000,2550,0,1753920.000,0,-,-,-,-,2926.2000,2926.0000,2923.4000,2918.4000,2911.8000,2929.8000,2930.0000,2934.4000,2935.2000,2936.6000,3,1,1,5,1,2,1,5,1,1
SF,IH2006,2019-11-28 09:30:07.300,2923.2000,2550,0,1753920.000,0,-,-,-,-,2926.2000,2923.4000,2918.4000,2911.8000,2901.4000,2929.8000,2930.0000,2934.4000,2935.2000,2936.6000,3,1,5,1,1,2,1,5,1,1
SF,IH2006,2019-11-28 09:30:08.800,2923.2000,2550,0,1753920.000,0,-,-,-,-,2926.2000,2926.0000,2923.4000,2918.4000,2911.8000,2929.8000,2930.0000,2934.4000,2935.2000,2936.6000,3,1,1,5,1,2,1,5,1,1
SF,IH2006,2019-11-28 09:30:09.800,2923.2000,2550,0,1753920.000,0,-,-,-,-,2926.2000,2923.4000,2918.4000,2911.8000,2901.4000,2929.8000,2930.0000,2934.4000,2935.2000,2936.6000,3,1,5,1,1,2,1,5,1,1
SF,IH2006,2019-11-28 09:30:11.800,2923.2000,2550,0,1753920.000,0,-,-,-,-,2926.2000,2926.0000,2923.4000,2918.4000,2911.8000,2929.8000,2930.0000,2934.4000,2935.2000,2936.6000,3,1,1,5,1,2,1,5,1,1
SF,IH2006,2019-11-28 09:30:12.300,2923.2000,2550,0,1753920.000,0,-,-,-,-,2926.2000,2923.4000,2918.4000,2911.8000,2901.4000,2929.8000,2930.0000,2934.4000,2935.2000,2936.6000,3,1,5,1,1,2,1,5,1,1
SF,IH2006,2019-11-28 09:30:12.800,2923.2000,2550,0,1753920.000,0,-,-,-,-,2926.4000,2926.2000,2923.4000,2918.4000,2911.8000,2929.8000,2930.0000,2934.4000,2935.2000,2936.6000,1,3,1,5,1,2,1,5,1,1
SF,IH2006,2019-11-28 09:30:13.300,2923.2000,2550,0,1753920.000,0,-,-,-,-,2926.6000,2926.4000,2926.2000,2923.4000,2918.4000,2929.8000,2930.0000,2934.4000,2935.2000,2936.6000,3,1,2,1,5,2,1,5,1,1
SF,IH2006,2019-11-28 09:30:14.800,2923.2000,2550,0,1753920.000,0,-,-,-,-,2926.6000,2926.2000,2923.4000,2918.4000,2911.8000,2929.8000,2930.0000,2934.4000,2935.2000,2936.6000,3,2,1,5,1,2,1,5,1,1
SF,IH2006,2019-11-28 09:30:15.800,2923.2000,2550,0,1753920.000,0,-,-,-,-,2926.8000,2926.6000,2926.2000,2923.6000,2923.4000,2929.8000,2930.0000,2934.4000,2935.2000,2936.6000,1,3,2,1,1,2,1,5,1,1
SF,IH2006,2019-11-28 09:30:16.300,2923.2000,2550,0,1753920.000,0,-,-,-,-,2927.0000,2926.8000,2926.6000,2926.2000,2923.6000,2929.8000,2930.0000,2934.4000,2935.2000,2936.6000,2,1,2,2,1,2,1,5,1,1
SF,IH2006,2019-11-28 09:30:16.800,2923.2000,2550,0,1753920.000,0,-,-,-,-,2927.0000,2926.8000,2926.6000,2926.2000,2923.6000,2929.6000,2929.8000,2930.0000,2934.4000,2935.2000,2,1,2,2,1,1,2,1,5,1
SF,IH2006,2019-11-28 09:30:17.300,2923.2000,2550,0,1753920.000,0,-,-,-,-,2927.0000,2926.8000,2926.6000,2926.2000,2923.6000,2929.4000,2929.6000,2929.8000,2930.0000,2934.4000,1,1,2,2,1,2,1,2,1,5
SF,IH2006,2019-11-28 09:30:17.800,2923.2000,2550,0,1753920.000,0,-,-,-,-,2927.0000,2926.8000,2926.6000,2926.2000,2923.6000,2929.4000,2929.8000,2930.0000,2934.4000,2935.2000,1,1,2,2,1,2,2,1,5,1
SF,IH2006,2019-11-28 09:30:19.300,2923.2000,2550,0,1753920.000,0,-,-,-,-,2927.0000,2926.6000,2926.2000,2923.6000,2923.4000,2929.4000,2929.8000,2930.0000,2934.4000,2935.2000,1,2,2,1,1,2,2,1,5,1
SF,IH2006,2019-11-28 09:30:19.800,2927.0000,2549,-1,2632020.000,1,0,1,双平,S,2926.6000,2926.2000,2923.6000,2923.4000,2918.4000,2929.2000,2929.4000,2929.8000,2930.0000,2934.4000,1,2,1,1,5,1,2,2,1,5
SF,IH2006,2019-11-28 09:30:20.300,2927.0000,2549,0,2632020.000,0,-,-,-,-,2926.2000,2923.6000,2923.4000,2918.4000,2911.8000,2929.0000,2929.2000,2929.4000,2929.8000,2930.0000,1,1,1,5,1,2,1,2,2,1
SF,IH2006,2019-11-28 09:30:20.800,2927.0000,2549,0,2632020.000,0,-,-,-,-,2923.6000,2923.4000,2918.4000,2911.8000,2901.4000,2928.8000,2929.0000,2929.4000,2929.8000,2930.0000,1,1,5,1,1,1,2,2,2,1
SF,IH2006,2019-11-28 09:30:21.300,2927.0000,2549,0,2632020.000,0,-,-,-,-,2924.4000,2923.8000,2923.6000,2923.4000,2918.4000,2928.6000,2928.8000,2929.0000,2929.4000,2929.8000,3,1,1,1,5,2,1,2,2,2
SF,IH2006,2019-11-28 09:30:21.800,2927.0000,2549,0,2632020.000,0,-,-,-,-,2924.6000,2924.4000,2923.8000,2923.4000,2918.4000,2928.4000,2928.6000,2929.0000,2929.4000,2929.8000,2,3,1,1,5,1,2,2,2,2
SF,IH2006,2019-11-28 09:30:22.300,2927.0000,2549,0,2632020.000,0,-,-,-,-,2924.8000,2924.6000,2923.8000,2923.4000,2918.4000,2928.2000,2928.4000,2928.6000,2929.0000,2929.4000,2,2,1,1,5,2,1,2,2,2
SF,IH2006,2019-11-28 09:30:22.800,2927.0000,2549,0,2632020.000,0,-,-,-,-,2925.0000,2924.8000,2924.6000,2923.8000,2923.4000,2928.2000,2928.6000,2929.0000,2929.4000,2929.8000,1,2,2,1,1,2,2,2,2,2
SF,IH2006,2019-11-28 09:30:23.300,2927.0000,2549,0,2632020.000,0,-,-,-,-,2925.2000,2925.0000,2924.6000,2923.8000,2923.4000,2928.2000,2928.6000,2929.0000,2929.4000,2929.8000,1,1,2,1,1,2,2,2,2,2
SF,IH2006,2019-11-28 09:30:23.800,2927.0000,2549,0,2632020.000,0,-,-,-,-,2925.4000,2925.2000,2925.0000,2924.6000,2923.8000,2928.0000,2928.2000,2928.6000,2929.0000,2929.4000,1,1,1,2,1,1,2,2,2,2
SF,IH2006,2019-11-28 09:30:24.300,2927.0000,2549,0,2632020.000,0,-,-,-,-,2925.4000,2925.0000,2924.6000,2923.8000,2923.4000,2927.8000,2928.0000,2928.2000,2928.6000,2929.0000,1,1,2,1,1,2,1,2,2,2
SF,IH2006,2019-11-28 09:30:24.800,2927.0000,2549,0,2632020.000,0,-,-,-,-,2925.4000,2925.0000,2924.6000,2923.8000,2923.4000,2927.8000,2928.2000,2928.6000,2929.0000,2929.4000,1,1,2,1,1,2,2,2,2,2
SF,IH2006,2019-11-28 09:30:28.800,2927.0000,2549,0,2632020.000,0,-,-,-,-,2925.4000,2925.0000,2924.6000,2923.8000,2923.4000,2928.2000,2928.6000,2929.0000,2929.4000,2929.8000,1,1,2,1,1,2,2,2,2,2
SF,IH2006,2019-11-28 09:30:29.300,2927.0000,2549,0,2632020.000,0,-,-,-,-,2925.6000,2925.4000,2925.0000,2924.6000,2923.8000,2928.0000,2928.2000,2928.6000,2929.0000,2929.4000,1,1,1,2,1,2,2,2,2,2
SF,IH2006,2019-11-28 09:30:29.800,2927.0000,2549,0,2632020.000,0,-,-,-,-,2925.0000,2924.6000,2923.8000,2923.4000,2918.4000,2927.8000,2928.0000,2928.2000,2928.6000,2929.0000,1,2,1,1,5,1,2,2,2,2
SF,IH2006,2019-11-28 09:30:30.300,2927.0000,2549,0,2632020.000,0,-,-,-,-,2925.2000,2925.0000,2924.6000,2923.8000,2923.4000,2927.6000,2927.8000,2928.0000,2928.2000,2928.6000,2,1,2,1,1,1,1,2,2,2
SF,IH2006,2019-11-28 09:30:30.800,2927.0000,2549,0,2632020.000,0,-,-,-,-,2925.2000,2925.0000,2924.6000,2923.8000,2923.4000,2927.6000,2928.0000,2928.2000,2928.6000,2929.0000,2,1,2,1,1,1,2,2,2,2
SF,IH2006,2019-11-28 09:30:31.800,2927.0000,2549,0,2632020.000,0,-,-,-,-,2925.2000,2925.0000,2924.6000,2923.8000,2923.4000,2928.0000,2928.2000,2928.6000,2929.0000,2929.4000,2,1,2,1,1,2,2,2,2,2
SF,IH2006,2019-11-28 09:30:32.300,2927.0000,2549,0,2632020.000,0,-,-,-,-,2925.2000,2925.0000,2924.6000,2923.8000,2923.4000,2927.8000,2928.0000,2928.2000,2928.6000,2929.0000,2,1,2,1,1,3,2,2,2,2
SF,IH2006,2019-11-28 09:30:35.800,2927.0000,2549,0,2632020.000,0,-,-,-,-,2925.2000,2925.0000,2924.6000,2923.8000,2923.4000,2927.8000,2928.0000,2928.2000,2928.6000,2929.0000,2,1,2,1,1,3,2,2,2,2
SF,IH2006,2019-11-28 09:30:36.300,2927.0000,2549,0,2632020.000,0,-,-,-,-,2925.2000,2925.0000,2924.6000,2923.8000,2923.4000,2927.8000,2928.0000,2928.2000,2928.6000,2929.0000,1,1,1,1,1,3,2,2,2,2
SF,IH2006,2019-11-28 09:30:39.300,2927.0000,2549,0,2632020.000,0,-,-,-,-,2925.2000,2924.6000,2923.8000,2923.4000,2918.4000,2927.8000,2928.0000,2928.2000,2928.6000,2929.0000,1,1,1,1,5,3,2,2,2,2
SF,IH2006,2019-11-28 09:30:39.800,2927.0000,2549,0,2632020.000,0,-,-,-,-,2924.6000,2923.8000,2923.4000,2918.4000,2911.8000,2927.8000,2928.0000,2928.2000,2928.6000,2929.0000,1,1,1,5,1,3,2,2,2,2
SF,IH2006,2019-11-28 09:30:40.800,2927.0000,2549,0,2632020.000,0,-,-,-,-,2924.6000,2923.8000,2923.4000,2918.4000,2911.8000,2927.6000,2927.8000,2928.0000,2928.2000,2928.6000,1,1,1,5,1,1,3,2,2,2
SF,IH2006,2019-11-28 09:30:41.300,2927.0000,2549,0,2632020.000,0,-,-,-,-,2924.6000,2923.8000,2923.4000,2918.4000,2911.8000,2927.4000,2927.6000,2927.8000,2928.0000,2928.2000,1,1,1,5,1,3,1,2,2,2
SF,IH2006,2019-11-28 09:30:41.800,2927.0000,2549,0,2632020.000,0,-,-,-,-,2924.8000,2924.6000,2923.8000,2923.4000,2918.4000,2927.4000,2927.6000,2927.8000,2928.0000,2928.2000,1,1,1,1,5,3,1,2,2,2
SF,IH2006,2019-11-28 09:30:43.300,2927.0000,2549,0,2632020.000,0,-,-,-,-,2924.8000,2923.8000,2923.4000,2918.4000,2911.8000,2927.4000,2927.8000,2928.0000,2928.2000,2928.6000,1,1,1,5,1,3,2,2,2,2
SF,IH2006,2019-11-28 09:30:43.800,2927.0000,2549,0,2632020.000,0,-,-,-,-,2924.8000,2923.8000,2923.4000,2918.4000,2911.8000,2927.2000,2927.4000,2927.8000,2928.0000,2928.2000,1,1,1,5,1,1,3,2,2,2
SF,IH2006,2019-11-28 09:30:44.300,2927.0000,2549,0,2632020.000,0,-,-,-,-,2924.8000,2923.8000,2923.4000,2918.4000,2911.8000,2927.0000,2927.2000,2927.4000,2927.8000,2928.0000,1,1,1,5,1,2,1,2,2,2
SF,IH2006,2019-11-28 09:30:44.800,2927.0000,2549,0,2632020.000,0,-,-,-,-,2924.8000,2923.8000,2923.4000,2918.4000,2911.8000,2927.0000,2927.2000,2927.4000,2927.8000,2928.0000,1,1,1,5,1,2,1,2,2,2
SF,IH2006,2019-11-28 09:30:45.300,2927.0000,2549,0,2632020.000,0,-,-,-,-,2924.8000,2923.8000,2923.4000,2918.4000,2911.8000,2927.0000,2927.2000,2927.4000,2927.8000,2928.0000,1,1,1,5,1,2,1,2,2,2
SF,IH2006,2019-11-28 09:30:46.800,2927.0000,2549,0,2632020.000,0,-,-,-,-,2925.0000,2924.8000,2923.8000,2923.4000,2918.4000,2927.0000,2927.2000,2927.4000,2927.8000,2928.0000,1,1,1,1,5,1,1,2,2,2
SF,IH2006,2019-11-28 09:30:47.300,2927.0000,2549,0,2632020.000,0,-,-,-,-,2925.2000,2923.8000,2923.4000,2918.4000,2911.8000,2927.2000,2927.8000,2928.0000,2928.2000,2928.6000,1,1,1,5,1,1,2,2,2,2
SF,IH2006,2019-11-28 09:30:48.300,2927.0000,2549,0,2632020.000,0,-,-,-,-,2925.4000,2925.2000,2923.8000,2923.4000,2918.4000,2927.2000,2927.8000,2928.0000,2928.2000,2928.6000,1,1,1,1,5,1,2,2,2,2
SF,IH2006,2019-11-28 09:30:48.800,2927.0000,2549,0,2632020.000,0,-,-,-,-,2923.8000,2923.4000,2918.4000,2911.8000,2901.4000,2927.2000,2928.0000,2928.2000,2928.6000,2930.0000,1,1,5,1,1,1,2,2,2,1
SF,IH2006,2019-11-28 09:30:49.300,2927.0000,2549,0,2632020.000,0,-,-,-,-,2924.0000,2923.8000,2923.4000,2918.4000,2911.8000,2928.0000,2928.2000,2928.6000,2930.0000,2930.2000,3,1,1,5,1,2,2,2,1,1
SF,IH2006,2019-11-28 09:30:49.800,2927.0000,2549,0,2632020.000,0,-,-,-,-,2924.2000,2924.0000,2923.8000,2923.4000,2918.4000,2928.0000,2928.2000,2928.6000,2930.0000,2930.2000,1,3,1,1,5,2,2,2,1,1
SF,IH2006,2019-11-28 09:30:50.300,2927.0000,2549,0,2632020.000,0,-,-,-,-,2924.4000,2924.2000,2924.0000,2923.8000,2923.4000,2927.8000,2928.0000,2928.2000,2928.6000,2930.0000,3,1,1,1,1,1,2,2,2,1
SF,IH2006,2019-11-28 09:30:50.800,2927.8000,2548,-1,3510360.000,1,0,1,双平,S,2924.6000,2924.4000,2924.2000,2924.0000,2923.8000,2928.0000,2928.2000,2928.6000,2930.0000,2930.2000,1,3,1,1,1,2,2,2,1,1
SF,IH2006,2019-11-28 09:30:51.300,2927.8000,2548,0,3510360.000,0,-,-,-,-,2924.8000,2924.6000,2924.4000,2924.2000,2924.0000,2928.0000,2928.2000,2928.6000,2930.0000,2930.2000,3,1,1,1,1,2,2,2,1,1
SF,IH2006,2019-11-28 09:30:51.800,2927.8000,2548,0,3510360.000,0,-,-,-,-,2924.8000,2924.6000,2924.4000,2924.2000,2924.0000,2928.6000,2930.0000,2930.2000,2934.4000,2935.2000,3,1,1,1,1,2,1,1,5,1
SF,IH2006,2019-11-28 09:30:52.300,2927.8000,2548,0,3510360.000,0,-,-,-,-,2925.0000,2924.8000,2924.6000,2924.4000,2924.2000,2928.4000,2928.6000,2930.0000,2930.2000,2934.4000,1,3,1,1,1,3,2,1,1,5
SF,IH2006,2019-11-28 09:30:52.800,2927.8000,2548,0,3510360.000,0,-,-,-,-,2925.2000,2925.0000,2924.8000,2924.6000,2924.4000,2928.4000,2928.6000,2930.0000,2930.2000,2934.4000,3,1,1,1,1,3,2,1,1,5
SF,IH2006,2019-11-28 09:30:53.300,2927.8000,2548,0,3510360.000,0,-,-,-,-,2925.4000,2925.2000,2925.0000,2924.8000,2924.6000,2928.4000,2928.6000,2930.0000,2930.2000,2934.4000,1,3,1,1,1,3,2,1,1,5
SF,IH2006,2019-11-28 09:30:53.800,2927.8000,2548,0,3510360.000,0,-,-,-,-,2925.6000,2925.4000,2925.2000,2925.0000,2924.8000,2928.4000,2928.6000,2930.0000,2930.2000,2934.4000,2,1,1,1,1,3,2,1,1,5
SF,IH2006,2019-11-28 09:30:55.800,2927.8000,2548,0,3510360.000,0,-,-,-,-,2925.6000,2925.2000,2925.0000,2924.8000,2924.6000,2928.4000,2928.6000,2930.0000,2930.2000,2934.4000,2,1,1,1,1,3,2,1,1,5
SF,IH2006,2019-11-28 09:30:59.800,2927.8000,2548,0,3510360.000,0,-,-,-,-,2925.6000,2925.2000,2925.0000,2924.8000,2924.6000,2928.4000,2928.6000,2930.0000,2930.2000,2934.4000,2,1,1,1,2,3,2,1,1,5
SF,IH2006,2019-11-28 09:31:01.300,2927.8000,2548,0,3510360.000,0,-,-,-,-,2925.6000,2925.2000,2924.8000,2924.6000,2924.4000,2928.4000,2928.6000,2930.0000,2930.2000,2934.4000,1,1,1,2,1,3,2,1,1,5
SF,IH2006,2019-11-28 09:31:01.800,2927.8000,2548,0,3510360.000,0,-,-,-,-,2924.6000,2924.4000,2924.0000,2923.8000,2923.4000,2928.4000,2928.6000,2930.0000,2930.2000,2934.4000,1,1,1,1,1,3,2,1,1,5
SF,IH2006,2019-11-28 09:31:02.800,2927.8000,2548,0,3510360.000,0,-,-,-,-,2924.8000,2924.6000,2924.4000,2924.0000,2923.8000,2928.4000,2928.6000,2930.0000,2930.2000,2934.4000,1,1,1,1,1,3,2,1,1,5
SF,IH2006,2019-11-28 09:31:03.300,2927.8000,2548,0,3510360.000,0,-,-,-,-,2924.8000,2924.6000,2924.4000,2924.0000,2923.8000,2928.2000,2928.4000,2928.6000,2930.0000,2930.2000,1,1,1,1,1,1,3,2,1,1
SF,IH2006,2019-11-28 09:31:03.800,2927.8000,2548,0,3510360.000,0,-,-,-,-,2924.8000,2924.6000,2924.4000,2924.0000,2923.8000,2928.0000,2928.2000,2928.4000,2928.6000,2930.0000,1,1,1,1,1,3,1,2,2,1
SF,IH2006,2019-11-28 09:31:05.800,2927.8000,2548,0,3510360.000,0,-,-,-,-,2924.8000,2924.6000,2924.4000,2924.0000,2923.8000,2928.0000,2928.4000,2928.6000,2930.0000,2930.2000,1,1,1,1,1,3,2,2,1,1
SF,IH2006,2019-11-28 09:31:07.800,2927.8000,2548,0,3510360.000,0,-,-,-,-,2924.8000,2924.6000,2924.4000,2924.0000,2923.8000,2927.8000,2928.0000,2928.4000,2928.6000,2930.0000,1,1,1,1,1,1,3,2,2,1
SF,IH2006,2019-11-28 09:31:08.300,2927.8000,2548,0,3510360.000,0,-,-,-,-,2924.8000,2924.6000,2924.4000,2924.0000,2923.8000,2927.6000,2927.8000,2928.0000,2928.4000,2928.6000,1,1,1,1,1,2,1,2,2,2
SF,IH2006,2019-11-28 09:31:11.300,2927.8000,2548,0,3510360.000,0,-,-,-,-,2924.8000,2924.6000,2924.4000,2924.0000,2923.8000,2927.6000,2927.8000,2928.0000,2928.4000,2928.6000,1,1,1,1,1,1,1,2,2,2
SF,IH2006,2019-11-28 09:31:11.800,2927.8000,2548,0,3510360.000,0,-,-,-,-,2925.0000,2924.8000,2924.6000,2924.4000,2924.0000,2927.6000,2927.8000,2928.4000,2928.6000,2930.0000,1,1,1,1,1,1,1,2,2,1
SF,IH2006,2019-11-28 09:31:12.800,2927.8000,2548,0,3510360.000,0,-,-,-,-,2925.0000,2924.8000,2924.6000,2924.4000,2924.0000,2927.6000,2928.4000,2928.6000,2930.0000,2930.2000,1,1,1,1,1,1,2,2,1,1
SF,IH2006,2019-11-28 09:31:13.300,2927.8000,2548,0,3510360.000,0,-,-,-,-,2925.2000,2925.0000,2924.8000,2924.6000,2924.4000,2927.6000,2928.4000,2928.6000,2930.0000,2930.2000,1,1,1,1,1,1,2,2,1,1
SF,IH2006,2019-11-28 09:31:13.800,2927.8000,2548,0,3510360.000,0,-,-,-,-,2925.2000,2924.8000,2924.6000,2924.4000,2924.0000,2927.6000,2928.4000,2928.6000,2930.0000,2930.2000,1,1,1,1,1,1,2,2,1,1
SF,IH2006,2019-11-28 09:31:14.300,2927.8000,2548,0,3510360.000,0,-,-,-,-,2924.8000,2924.6000,2924.4000,2924.0000,2923.8000,2927.6000,2928.4000,2928.6000,2930.0000,2930.2000,1,1,1,1,1,1,2,2,1,1
SF,IH2006,2019-11-28 09:31:14.800,2927.8000,2548,0,3510360.000,0,-,-,-,-,2925.0000,2924.8000,2924.6000,2924.4000,2924.0000,2927.6000,2928.4000,2928.6000,2930.0000,2930.2000,1,1,1,1,1,1,2,2,1,1
SF,IH2006,2019-11-28 09:31:15.800,2927.8000,2548,0,3510360.000,0,-,-,-,-,2925.0000,2924.8000,2924.6000,2924.4000,2924.0000,2927.4000,2927.6000,2928.4000,2928.6000,2930.0000,1,1,1,1,1,2,1,2,2,1
SF,IH2006,2019-11-28 09:31:16.300,2927.8000,2548,0,3510360.000,0,-,-,-,-,2925.0000,2924.8000,2924.6000,2924.4000,2924.0000,2928.4000,2928.6000,2930.0000,2930.2000,2934.4000,1,1,1,1,1,2,2,1,1,5
SF,IH2006,2019-11-28 09:31:16.800,2927.8000,2548,0,3510360.000,0,-,-,-,-,2927.0000,2925.0000,2924.8000,2924.6000,2924.4000,2928.2000,2928.4000,2928.6000,2930.0000,2930.2000,1,1,1,1,1,4,2,2,1,1
SF,IH2006,2019-11-28 09:31:17.300,2927.0000,2547,-1,4388460.000,1,0,1,双平,S,2924.8000,2924.6000,2924.4000,2924.0000,2923.8000,2926.6000,2928.2000,2928.4000,2928.6000,2930.0000,1,1,1,1,1,1,4,2,2,1
SF,IH2006,2019-11-28 09:31:17.800,2927.0000,2547,0,4388460.000,0,-,-,-,-,2925.0000,2924.8000,2924.6000,2924.4000,2924.0000,2926.8000,2928.2000,2928.4000,2928.6000,2930.0000,2,1,1,1,1,1,2,2,2,1
SF,IH2006,2019-11-28 09:31:18.300,2927.0000,2547,0,4388460.000,0,-,-,-,-,2925.0000,2924.8000,2924.6000,2924.4000,2924.0000,2926.8000,2928.2000,2928.4000,2928.6000,2930.0000,1,1,1,1,1,1,2,2,2,1
SF,IH2006,2019-11-28 09:31:18.800,2927.0000,2547,0,4388460.000,0,-,-,-,-,2925.0000,2924.8000,2924.6000,2924.4000,2924.0000,2928.2000,2928.4000,2928.6000,2930.0000,2930.2000,1,1,1,1,1,2,2,2,1,1
SF,IH2006,2019-11-28 09:31:19.300,2927.0000,2547,0,4388460.000,0,-,-,-,-,2925.0000,2924.8000,2924.6000,2924.4000,2924.0000,2928.0000,2928.2000,2928.4000,2928.6000,2930.0000,1,1,1,1,1,1,2,2,2,1
SF,IH2006,2019-11-28 09:31:19.800,2927.0000,2547,0,4388460.000,0,-,-,-,-,2925.0000,2924.8000,2924.6000,2924.4000,2924.0000,2927.8000,2928.0000,2928.2000,2928.4000,2928.6000,1,1,1,1,1,1,1,2,2,2
SF,IH2006,2019-11-28 09:31:20.300,2927.0000,2547,0,4388460.000,0,-,-,-,-,2925.0000,2924.8000,2924.6000,2924.4000,2924.0000,2927.6000,2927.8000,2928.2000,2928.4000,2928.6000,1,1,1,1,1,1,1,2,2,2
SF,IH2006,2019-11-28 09:31:20.800,2927.0000,2547,0,4388460.000,0,-,-,-,-,2925.0000,2924.8000,2924.6000,2924.4000,2924.0000,2927.4000,2927.6000,2927.8000,2928.2000,2928.4000,1,1,1,1,1,1,1,1,2,2
SF,IH2006,2019-11-28 09:31:21.300,2927.0000,2547,0,4388460.000,0,-,-,-,-,2925.0000,2924.8000,2924.6000,2924.4000,2924.0000,2927.4000,2927.8000,2928.2000,2928.4000,2928.6000,1,1,1,1,1,1,1,2,2,2
SF,IH2006,2019-11-28 09:31:23.300,2927.0000,2547,0,4388460.000,0,-,-,-,-,2925.0000,2924.8000,2924.6000,2924.4000,2924.0000,2927.8000,2928.2000,2928.4000,2928.6000,2930.0000,1,1,1,1,1,1,2,2,2,1
SF,IH2006,2019-11-28 09:31:23.800,2927.0000,2547,0,4388460.000,0,-,-,-,-,2925.0000,2924.8000,2924.6000,2924.4000,2924.0000,2927.6000,2927.8000,2928.2000,2928.4000,2928.6000,1,1,1,1,1,2,1,2,2,2
SF,IH2006,2019-11-28 09:31:24.300,2927.0000,2547,0,4388460.000,0,-,-,-,-,2925.2000,2925.0000,2924.8000,2924.6000,2924.4000,2927.6000,2927.8000,2928.2000,2928.4000,2928.6000,1,1,1,1,1,2,1,2,2,2
SF,IH2006,2019-11-28 09:31:24.800,2927.0000,2547,0,4388460.000,0,-,-,-,-,2925.4000,2925.2000,2924.8000,2924.6000,2924.4000,2927.6000,2927.8000,2928.2000,2928.4000,2928.6000,1,1,1,1,1,2,1,2,2,2
SF,IH2006,2019-11-28 09:31:25.300,2927.0000,2547,0,4388460.000,0,-,-,-,-,2925.4000,2924.8000,2924.6000,2924.4000,2924.0000,2927.6000,2927.8000,2928.2000,2928.4000,2928.6000,1,1,1,1,1,2,1,2,2,2
SF,IH2006,2019-11-28 09:31:27.800,2927.0000,2547,0,4388460.000,0,-,-,-,-,2925.4000,2924.8000,2924.6000,2924.4000,2924.0000,2927.4000,2927.6000,2927.8000,2928.2000,2928.4000,1,1,1,1,1,1,2,1,2,2
SF,IH2006,2019-11-28 09:31:32.800,2927.0000,2547,0,4388460.000,0,-,-,-,-,2925.6000,2925.4000,2924.8000,2924.6000,2924.4000,2927.4000,2927.8000,2928.2000,2928.4000,2928.6000,1,1,1,1,1,1,1,2,2,2
SF,IH2006,2019-11-28 09:31:33.300,2927.0000,2547,0,4388460.000,0,-,-,-,-,2925.8000,2925.6000,2924.8000,2924.6000,2924.4000,2927.4000,2927.8000,2928.2000,2928.4000,2928.6000,2,1,1,1,1,1,1,2,2,2
SF,IH2006,2019-11-28 09:31:33.800,2927.0000,2547,0,4388460.000,0,-,-,-,-,2925.8000,2924.8000,2924.6000,2924.4000,2924.0000,2927.8000,2928.2000,2928.4000,2928.6000,2930.0000,2,1,1,1,1,1,2,2,2,1
SF,IH2006,2019-11-28 09:31:35.300,2927.0000,2547,0,4388460.000,0,-,-,-,-,2925.8000,2924.8000,2924.6000,2924.4000,2924.0000,2927.6000,2927.8000,2928.2000,2928.4000,2928.6000,2,1,1,1,1,2,1,2,2,2
SF,IH2006,2019-11-28 09:31:37.300,2927.0000,2547,0,4388460.000,0,-,-,-,-,2925.8000,2924.8000,2924.6000,2924.4000,2924.0000,2927.6000,2927.8000,2928.2000,2928.4000,2928.6000,2,1,1,1,1,2,1,2,2,2
SF,IH2006,2019-11-28 09:31:37.800,2927.0000,2547,0,4388460.000,0,-,-,-,-,2925.8000,2924.8000,2924.6000,2924.4000,2924.0000,2927.6000,2927.8000,2928.2000,2928.4000,2928.6000,2,1,1,1,1,2,1,2,2,2
SF,IH2006,2019-11-28 09:31:38.300,2927.0000,2547,0,4388460.000,0,-,-,-,-,2925.8000,2924.8000,2924.6000,2924.4000,2924.0000,2927.4000,2927.6000,2927.8000,2928.2000,2928.4000,1,1,1,1,1,1,2,1,2,2
SF,IH2006,2019-11-28 09:31:41.300,2927.0000,2547,0,4388460.000,0,-,-,-,-,2925.8000,2924.8000,2924.6000,2924.4000,2924.0000,2927.4000,2927.8000,2928.2000,2928.4000,2928.6000,1,1,1,1,1,1,1,2,2,2
SF,IH2006,2019-11-28 09:31:45.300,2927.0000,2547,0,4388460.000,0,-,-,-,-,2925.8000,2924.8000,2924.6000,2924.4000,2924.0000,2927.4000,2928.2000,2928.4000,2928.6000,2930.0000,1,1,1,1,1,1,2,2,2,1
SF,IH2006,2019-11-28 09:31:45.800,2927.0000,2547,0,4388460.000,0,-,-,-,-,2925.8000,2924.8000,2924.6000,2924.4000,2924.0000,2928.2000,2928.4000,2928.6000,2930.0000,2930.2000,1,1,1,1,1,2,2,2,1,1
SF,IH2006,2019-11-28 09:31:46.300,2927.0000,2547,0,4388460.000,0,-,-,-,-,2926.0000,2925.8000,2924.8000,2924.6000,2924.4000,2928.0000,2928.2000,2928.4000,2928.6000,2930.0000,1,1,1,1,1,1,2,2,2,1
SF,IH2006,2019-11-28 09:31:46.800,2927.0000,2547,0,4388460.000,0,-,-,-,-,2926.2000,2926.0000,2924.8000,2924.6000,2924.4000,2928.2000,2928.4000,2928.6000,2930.0000,2930.2000,1,1,1,1,1,2,2,2,1,1
SF,IH2006,2019-11-28 09:31:47.300,2927.0000,2547,0,4388460.000,0,-,-,-,-,2926.2000,2926.0000,2924.8000,2924.6000,2924.4000,2928.0000,2928.2000,2928.4000,2928.6000,2930.0000,1,1,1,1,1,1,2,2,2,1
SF,IH2006,2019-11-28 09:31:47.800,2927.0000,2547,0,4388460.000,0,-,-,-,-,2926.2000,2926.0000,2924.8000,2924.6000,2924.4000,2928.2000,2928.4000,2928.6000,2930.0000,2930.2000,1,1,1,1,1,2,2,2,1,1
SF,IH2006,2019-11-28 09:31:48.300,2927.0000,2547,0,4388460.000,0,-,-,-,-,2926.2000,2926.0000,2924.8000,2924.6000,2924.4000,2927.8000,2928.0000,2928.2000,2928.4000,2928.6000,1,1,1,1,1,1,1,2,2,2
SF,IH2006,2019-11-28 09:31:48.800,2927.0000,2547,0,4388460.000,0,-,-,-,-,2926.2000,2926.0000,2924.8000,2924.6000,2924.4000,2928.0000,2928.2000,2928.4000,2928.6000,2930.0000,1,1,1,1,1,1,2,2,2,1
SF,IH2006,2019-11-28 09:31:49.300,2927.0000,2547,0,4388460.000,0,-,-,-,-,2926.2000,2926.0000,2924.8000,2924.6000,2924.4000,2927.8000,2928.0000,2928.2000,2928.4000,2928.6000,1,1,1,1,1,1,1,2,2,2
SF,IH2006,2019-11-28 09:31:49.800,2927.0000,2547,0,4388460.000,0,-,-,-,-,2926.2000,2926.0000,2924.8000,2924.6000,2924.4000,2928.0000,2928.2000,2928.4000,2928.6000,2930.0000,1,1,1,1,1,1,2,2,2,1
SF,IH2006,2019-11-28 09:31:50.300,2927.0000,2547,0,4388460.000,0,-,-,-,-,2926.2000,2926.0000,2924.8000,2924.6000,2924.4000,2927.8000,2928.2000,2928.4000,2928.6000,2930.0000,1,1,1,1,1,1,2,2,2,1
SF,IH2006,2019-11-28 09:31:50.800,2927.0000,2547,0,4388460.000,0,-,-,-,-,2926.2000,2926.0000,2924.8000,2924.6000,2924.4000,2928.2000,2928.4000,2928.6000,2930.0000,2930.2000,1,1,1,1,1,2,2,2,1,1
SF,IH2006,2019-11-28 09:31:51.300,2927.0000,2547,0,4388460.000,0,-,-,-,-,2926.2000,2926.0000,2924.8000,2924.6000,2924.4000,2928.0000,2928.2000,2928.4000,2928.6000,2930.0000,1,1,1,1,1,2,2,2,2,1
SF,IH2006,2019-11-28 09:31:51.800,2927.0000,2547,0,4388460.000,0,-,-,-,-,2926.2000,2926.0000,2924.8000,2924.6000,2924.4000,2928.0000,2928.2000,2928.4000,2928.6000,2930.0000,1,1,1,1,1,1,2,2,2,1
SF,IH2006,2019-11-28 09:31:52.300,2927.0000,2547,0,4388460.000,0,-,-,-,-,2926.2000,2926.0000,2924.8000,2924.6000,2924.4000,2927.8000,2928.0000,2928.2000,2928.4000,2928.6000,1,1,1,1,1,1,1,2,2,2
SF,IH2006,2019-11-28 09:31:52.800,2927.0000,2547,0,4388460.000,0,-,-,-,-,2926.2000,2926.0000,2924.8000,2924.6000,2924.4000,2928.0000,2928.2000,2928.4000,2928.6000,2930.0000,1,1,1,1,1,1,2,2,2,1
SF,IH2006,2019-11-28 09:31:53.300,2927.0000,2547,0,4388460.000,0,-,-,-,-,2926.2000,2926.0000,2924.8000,2924.6000,2924.4000,2928.2000,2928.4000,2928.6000,2930.0000,2930.2000,1,1,1,1,1,2,2,2,1,1
SF,IH2006,2019-11-28 09:31:53.800,2927.0000,2547,0,4388460.000,0,-,-,-,-,2926.2000,2926.0000,2924.8000,2924.6000,2924.4000,2928.0000,2928.2000,2928.4000,2928.6000,2930.0000,1,1,1,1,1,1,2,2,2,1
SF,IH2006,2019-11-28 09:31:54.300,2927.0000,2547,0,4388460.000,0,-,-,-,-,2926.2000,2926.0000,2924.8000,2924.6000,2924.4000,2928.2000,2928.4000,2928.6000,2930.0000,2930.2000,1,1,1,1,1,2,2,2,1,1
SF,IH2006,2019-11-28 09:31:54.800,2927.0000,2547,0,4388460.000,0,-,-,-,-,2926.2000,2926.0000,2924.8000,2924.6000,2924.4000,2928.0000,2928.2000,2928.4000,2928.6000,2930.0000,1,1,1,1,1,2,2,2,2,1
SF,IH2006,2019-11-28 09:31:55.300,2927.0000,2547,0,4388460.000,0,-,-,-,-,2926.2000,2926.0000,2924.8000,2924.6000,2924.4000,2928.0000,2928.2000,2928.4000,2928.6000,2930.0000,1,1,1,1,1,1,2,2,2,1
SF,IH2006,2019-11-28 09:31:55.800,2927.0000,2547,0,4388460.000,0,-,-,-,-,2926.2000,2926.0000,2924.8000,2924.6000,2924.4000,2927.8000,2928.0000,2928.2000,2928.4000,2928.6000,1,1,1,1,1,1,1,2,2,2
SF,IH2006,2019-11-28 09:31:56.300,2927.8000,2546,-1,5266800.000,1,0,1,双平,S,2927.8000,2926.2000,2926.0000,2924.8000,2924.6000,2928.0000,2928.2000,2928.4000,2928.6000,2930.0000,1,1,1,1,1,1,2,2,2,1
SF,IH2006,2019-11-28 09:31:56.800,2927.8000,2545,-1,6145140.000,1,0,1,双平,S,2926.0000,2924.8000,2924.6000,2924.4000,2924.0000,2927.4000,2928.2000,2928.4000,2928.6000,2930.0000,1,1,1,1,1,2,2,2,2,1
SF,IH2006,2019-11-28 09:31:57.300,2927.8000,2545,0,6145140.000,0,-,-,-,-,2926.2000,2926.0000,2924.8000,2924.6000,2924.4000,2927.4000,2927.8000,2928.2000,2928.4000,2928.6000,1,1,1,1,1,2,2,2,2,2
SF,IH2006,2019-11-28 09:31:57.800,2927.8000,2545,0,6145140.000,0,-,-,-,-,2926.2000,2926.0000,2924.8000,2924.6000,2924.4000,2927.4000,2927.8000,2928.2000,2928.4000,2928.6000,1,1,1,1,1,2,1,2,2,2
SF,IH2006,2019-11-28 09:31:59.800,2926.2000,2544,-1,7023000.000,1,0,1,双平,S,2926.0000,2924.8000,2924.6000,2924.4000,2924.0000,2927.4000,2927.8000,2928.2000,2928.4000,2928.6000,1,1,1,1,2,2,1,3,2,2
SF,IH2006,2019-11-28 09:32:00.300,2926.2000,2544,0,7023000.000,0,-,-,-,-,2924.8000,2924.6000,2924.4000,2924.0000,2923.8000,2927.4000,2927.8000,2928.2000,2928.4000,2928.6000,1,1,1,1,1,2,1,2,2,2
SF,IH2006,2019-11-28 09:32:00.800,2926.2000,2544,0,7023000.000,0,-,-,-,-,2925.4000,2925.0000,2924.8000,2924.6000,2924.4000,2927.4000,2927.8000,2928.2000,2928.4000,2928.6000,1,1,1,1,1,2,1,2,2,2
SF,IH2006,2019-11-28 09:32:01.300,2926.2000,2544,0,7023000.000,0,-,-,-,-,2925.4000,2925.0000,2924.8000,2924.6000,2924.4000,2927.2000,2927.4000,2927.8000,2928.2000,2928.4000,1,1,1,1,1,3,2,1,2,2
SF,IH2006,2019-11-28 09:32:01.800,2926.2000,2544,0,7023000.000,0,-,-,-,-,2925.4000,2924.8000,2924.6000,2924.4000,2924.0000,2927.2000,2927.4000,2927.8000,2928.2000,2928.4000,1,1,1,1,1,4,2,1,2,2
SF,IH2006,2019-11-28 09:32:02.300,2926.2000,2544,0,7023000.000,0,-,-,-,-,2924.6000,2924.4000,2924.0000,2923.8000,2923.4000,2927.2000,2927.4000,2927.8000,2928.2000,2928.4000,1,1,1,1,1,4,2,1,2,2
SF,IH2006,2019-11-28 09:32:02.800,2926.2000,2544,0,7023000.000,0,-,-,-,-,2924.8000,2924.6000,2924.4000,2924.0000,2923.8000,2927.2000,2927.4000,2927.8000,2928.2000,2928.4000,1,1,1,1,1,4,2,1,2,2
SF,IH2006,2019-11-28 09:32:03.300,2926.2000,2544,0,7023000.000,0,-,-,-,-,2924.8000,2924.6000,2924.0000,2923.8000,2923.4000,2927.2000,2927.4000,2927.8000,2928.2000,2928.4000,1,1,1,1,1,4,2,1,2,2
SF,IH2006,2019-11-28 09:32:03.800,2926.2000,2544,0,7023000.000,0,-,-,-,-,2924.6000,2923.8000,2923.4000,2918.4000,2911.8000,2927.2000,2927.4000,2927.8000,2928.2000,2928.4000,1,1,1,5,1,4,2,1,2,2
SF,IH2006,2019-11-28 09:32:07.800,2926.2000,2544,0,7023000.000,0,-,-,-,-,2924.6000,2923.8000,2923.4000,2918.4000,2911.8000,2926.8000,2927.2000,2927.4000,2927.8000,2928.2000,1,1,1,5,1,1,4,2,1,2
SF,IH2006,2019-11-28 09:32:08.300,2926.2000,2544,0,7023000.000,0,-,-,-,-,2924.6000,2923.8000,2923.4000,2918.4000,2911.8000,2926.8000,2927.2000,2927.4000,2927.8000,2928.2000,1,1,1,5,1,1,3,2,1,2
SF,IH2006,2019-11-28 09:32:08.800,2926.2000,2544,0,7023000.000,0,-,-,-,-,2925.2000,2924.8000,2924.6000,2923.8000,2923.4000,2926.8000,2927.2000,2927.4000,2927.8000,2928.2000,1,2,1,1,1,1,3,2,1,2
SF,IH2006,2019-11-28 09:32:09.300,2926.8000,2543,-1,7901040.000,1,0,1,双平,S,2925.2000,2924.8000,2924.6000,2923.8000,2923.4000,2927.4000,2928.2000,2928.4000,2928.6000,2930.0000,1,1,1,1,1,2,2,2,2,1
SF,IH2006,2019-11-28 09:32:12.300,2926.8000,2543,0,7901040.000,0,-,-,-,-,2925.2000,2924.6000,2923.8000,2923.4000,2918.4000,2927.4000,2928.2000,2928.4000,2928.6000,2930.0000,1,1,1,1,5,2,2,2,2,1
SF,IH2006,2019-11-28 09:32:12.800,2926.8000,2543,0,7901040.000,0,-,-,-,-,2925.2000,2924.6000,2923.8000,2923.4000,2918.4000,2927.2000,2927.4000,2928.2000,2928.4000,2928.6000,1,1,1,1,5,3,2,2,2,2
SF,IH2006,2019-11-28 09:32:13.300,2926.8000,2543,0,7901040.000,0,-,-,-,-,2925.2000,2924.6000,2923.8000,2923.4000,2918.4000,2927.2000,2927.4000,2928.2000,2928.4000,2928.6000,1,1,1,1,5,2,2,2,2,2
SF,IH2006,2019-11-28 09:32:14.300,2926.8000,2543,0,7901040.000,0,-,-,-,-,2925.2000,2924.6000,2923.8000,2923.4000,2918.4000,2927.2000,2927.4000,2928.2000,2928.4000,2928.6000,1,1,1,1,5,2,2,2,2,2
SF,IH2006,2019-11-28 09:32:14.800,2926.8000,2543,0,7901040.000,0,-,-,-,-,2925.2000,2924.6000,2923.8000,2923.4000,2918.4000,2927.0000,2927.2000,2927.4000,2928.2000,2928.4000,1,1,1,1,5,2,2,2,2,2
SF,IH2006,2019-11-28 09:32:15.300,2926.8000,2543,0,7901040.000,0,-,-,-,-,2925.2000,2924.6000,2923.8000,2923.4000,2918.4000,2927.2000,2927.4000,2928.2000,2928.4000,2928.6000,1,1,1,1,5,1,2,2,2,2
SF,IH2006,2019-11-28 09:32:15.800,2926.8000,2543,0,7901040.000,0,-,-,-,-,2925.2000,2924.6000,2923.8000,2923.4000,2918.4000,2927.0000,2927.2000,2927.4000,2928.2000,2928.4000,1,1,1,1,5,1,1,2,2,2
SF,IH2006,2019-11-28 09:32:16.300,2926.8000,2543,0,7901040.000,0,-,-,-,-,2925.2000,2924.6000,2923.8000,2923.4000,2918.4000,2927.0000,2927.2000,2927.4000,2928.2000,2928.4000,1,1,1,1,5,2,1,2,2,2
SF,IH2006,2019-11-28 09:32:16.800,2926.8000,2543,0,7901040.000,0,-,-,-,-,2925.2000,2924.6000,2923.8000,2923.4000,2918.4000,2927.0000,2927.2000,2927.4000,2928.2000,2928.4000,1,1,1,1,5,1,1,2,2,2
SF,IH2006,2019-11-28 09:32:24.300,2926.8000,2543,0,7901040.000,0,-,-,-,-,2925.2000,2924.6000,2923.8000,2923.4000,2918.4000,2926.8000,2927.0000,2927.2000,2927.4000,2928.2000,1,1,1,1,5,1,1,1,2,2
SF,IH2006,2019-11-28 09:32:24.800,2926.8000,2543,0,7901040.000,0,-,-,-,-,2925.2000,2924.6000,2923.8000,2923.4000,2918.4000,2926.8000,2927.2000,2927.4000,2928.2000,2928.4000,1,1,1,1,5,1,1,2,2,2
SF,IH2006,2019-11-28 09:32:25.300,2926.8000,2543,0,7901040.000,0,-,-,-,-,2925.2000,2924.6000,2923.8000,2923.4000,2918.4000,2927.2000,2927.4000,2928.2000,2928.4000,2928.6000,1,1,1,1,5,1,2,2,2,2
SF,IH2006,2019-11-28 09:32:25.800,2926.8000,2543,0,7901040.000,0,-,-,-,-,2925.2000,2924.6000,2923.8000,2923.4000,2918.4000,2927.0000,2927.2000,2927.4000,2928.2000,2928.4000,1,1,1,1,5,3,1,2,2,2
SF,IH2006,2019-11-28 09:32:27.300,2926.8000,2543,0,7901040.000,0,-,-,-,-,2925.2000,2924.6000,2923.8000,2923.4000,2918.4000,2927.0000,2927.2000,2927.4000,2928.2000,2928.4000,1,1,1,1,5,3,1,2,2,2
SF,IH2006,2019-11-28 09:32:31.300,2926.8000,2543,0,7901040.000,0,-,-,-,-,2925.2000,2924.6000,2923.8000,2923.4000,2918.4000,2927.0000,2927.2000,2927.4000,2928.2000,2928.4000,1,1,1,1,5,3,1,3,2,2
SF,IH2006,2019-11-28 09:32:33.300,2926.8000,2543,0,7901040.000,0,-,-,-,-,2925.2000,2924.6000,2923.8000,2923.4000,2918.4000,2927.0000,2927.2000,2927.4000,2928.2000,2928.4000,1,1,1,1,5,3,1,3,2,2
SF,IH2006,2019-11-28 09:32:36.300,2926.8000,2543,0,7901040.000,0,-,-,-,-,2925.2000,2924.6000,2923.8000,2923.4000,2918.4000,2927.0000,2927.2000,2927.4000,2928.2000,2928.4000,1,1,1,1,5,1,1,3,2,2
SF,IH2006,2019-11-28 09:32:38.800,2926.8000,2543,0,7901040.000,0,-,-,-,-,2925.2000,2924.6000,2923.8000,2923.4000,2918.4000,2926.8000,2927.0000,2927.2000,2927.4000,2928.2000,1,1,1,1,5,1,1,1,3,2
SF,IH2006,2019-11-28 09:32:39.300,2926.8000,2543,0,7901040.000,0,-,-,-,-,2925.2000,2924.6000,2923.8000,2923.4000,2918.4000,2927.2000,2927.4000,2928.2000,2928.4000,2928.6000,1,1,1,1,5,1,3,2,2,2
SF,IH2006,2019-11-28 09:32:39.800,2926.8000,2543,0,7901040.000,0,-,-,-,-,2925.2000,2924.6000,2923.8000,2923.4000,2918.4000,2927.0000,2927.2000,2927.4000,2928.2000,2928.4000,1,1,1,1,5,2,1,3,2,2
SF,IH2006,2019-11-28 09:32:41.800,2926.8000,2543,0,7901040.000,0,-,-,-,-,2925.2000,2924.6000,2923.8000,2923.4000,2918.4000,2927.0000,2927.2000,2927.4000,2928.2000,2928.4000,1,1,1,1,5,1,1,3,2,2
SF,IH2006,2019-11-28 09:32:42.300,2926.8000,2543,0,7901040.000,0,-,-,-,-,2925.2000,2924.6000,2923.8000,2923.4000,2918.4000,2927.2000,2927.4000,2928.2000,2928.4000,2928.6000,1,1,1,1,5,1,3,2,2,2
SF,IH2006,2019-11-28 09:32:42.800,2926.8000,2543,0,7901040.000,0,-,-,-,-,2925.2000,2924.6000,2923.8000,2923.4000,2918.4000,2927.4000,2928.2000,2928.4000,2928.6000,2930.0000,1,1,1,1,5,3,2,2,2,1
SF,IH2006,2019-11-28 09:32:44.300,2926.8000,2543,0,7901040.000,0,-,-,-,-,2925.2000,2924.6000,2923.8000,2923.4000,2918.4000,2927.2000,2927.4000,2928.2000,2928.4000,2928.6000,1,1,1,1,5,1,3,2,2,2
SF,IH2006,2019-11-28 09:32:44.800,2926.8000,2543,0,7901040.000,0,-,-,-,-,2925.2000,2924.6000,2923.8000,2923.4000,2918.4000,2927.4000,2928.2000,2928.4000,2928.6000,2930.0000,1,1,1,1,5,3,2,2,2,1
SF,IH2006,2019-11-28 09:32:52.800,2926.8000,2543,0,7901040.000,0,-,-,-,-,2925.2000,2924.6000,2923.8000,2923.4000,2918.4000,2927.2000,2927.4000,2928.2000,2928.4000,2928.6000,1,1,1,1,5,3,3,2,2,2
SF,IH2006,2019-11-28 09:32:53.300,2926.8000,2543,0,7901040.000,0,-,-,-,-,2925.2000,2924.6000,2923.8000,2923.4000,2918.4000,2927.4000,2928.2000,2928.4000,2928.6000,2930.0000,1,1,1,1,5,3,2,2,2,1
SF,IH2006,2019-11-28 09:33:00.300,2926.8000,2543,0,7901040.000,0,-,-,-,-,2925.4000,2925.2000,2924.6000,2923.8000,2923.4000,2927.4000,2928.2000,2928.4000,2928.6000,2930.0000,1,1,1,1,1,3,2,2,2,1
SF,IH2006,2019-11-28 09:33:01.800,2926.8000,2543,0,7901040.000,0,-,-,-,-,2925.4000,2925.2000,2924.6000,2923.8000,2923.4000,2927.4000,2928.2000,2928.4000,2928.6000,2930.0000,1,1,1,1,1,3,2,2,2,1
SF,IH2006,2019-11-28 09:33:07.800,2926.8000,2543,0,7901040.000,0,-,-,-,-,2925.4000,2925.2000,2924.6000,2923.8000,2923.4000,2927.4000,2928.4000,2928.6000,2930.0000,2930.2000,1,1,1,1,1,3,2,2,1,1
SF,IH2006,2019-11-28 09:33:11.800,2926.8000,2543,0,7901040.000,0,-,-,-,-,2925.4000,2925.2000,2924.6000,2923.8000,2923.4000,2927.4000,2928.4000,2928.6000,2930.0000,2930.2000,1,1,1,1,1,1,2,2,1,1
SF,IH2006,2019-11-28 09:33:13.800,2926.8000,2543,0,7901040.000,0,-,-,-,-,2925.4000,2925.2000,2924.6000,2923.8000,2923.4000,2927.4000,2928.4000,2928.6000,2930.0000,2930.2000,1,1,1,1,1,1,2,2,1,1
SF,IH2006,2019-11-28 09:33:18.300,2926.8000,2543,0,7901040.000,0,-,-,-,-,2925.2000,2924.6000,2923.8000,2923.4000,2923.2000,2927.4000,2928.4000,2928.6000,2930.0000,2930.2000,1,1,1,1,1,1,2,2,1,1
SF,IH2006,2019-11-28 09:33:18.800,2926.8000,2543,0,7901040.000,0,-,-,-,-,2925.4000,2925.2000,2924.6000,2923.8000,2923.4000,2927.4000,2928.4000,2928.6000,2930.0000,2930.2000,1,1,1,1,1,1,2,2,1,1
SF,IH2006,2019-11-28 09:33:24.800,2926.8000,2543,0,7901040.000,0,-,-,-,-,2925.2000,2924.6000,2923.8000,2923.4000,2923.2000,2927.4000,2928.4000,2928.6000,2930.0000,2930.2000,1,1,1,1,1,1,2,2,1,1
SF,IH2006,2019-11-28 09:33:25.300,2926.8000,2543,0,7901040.000,0,-,-,-,-,2925.2000,2924.6000,2923.8000,2923.4000,2923.2000,2927.2000,2927.4000,2928.4000,2928.6000,2930.0000,1,1,1,1,1,1,1,2,2,1
SF,IH2006,2019-11-28 09:33:29.800,2926.8000,2543,0,7901040.000,0,-,-,-,-,2925.4000,2925.2000,2924.6000,2923.8000,2923.4000,2927.2000,2927.4000,2928.4000,2928.6000,2930.0000,1,1,1,1,1,1,1,2,2,1
SF,IH2006,2019-11-28 09:33:37.800,2926.8000,2543,0,7901040.000,0,-,-,-,-,2925.4000,2925.2000,2924.6000,2923.8000,2923.4000,2927.2000,2927.4000,2928.4000,2928.6000,2930.0000,1,1,1,1,1,1,1,2,2,1
SF,IH2006,2019-11-28 09:33:44.800,2926.8000,2543,0,7901040.000,0,-,-,-,-,2925.6000,2925.4000,2925.2000,2924.6000,2923.8000,2927.2000,2927.4000,2928.4000,2928.6000,2930.0000,1,1,1,1,1,1,1,2,2,1
SF,IH2006,2019-11-28 09:33:45.300,2926.8000,2543,0,7901040.000,0,-,-,-,-,2925.6000,2925.4000,2924.6000,2923.8000,2923.4000,2927.2000,2927.4000,2928.4000,2928.6000,2930.0000,1,1,1,1,1,1,1,2,2,1
SF,IH2006,2019-11-28 09:33:45.800,2926.8000,2543,0,7901040.000,0,-,-,-,-,2925.8000,2925.6000,2925.4000,2924.6000,2923.8000,2927.2000,2927.4000,2928.4000,2928.6000,2930.0000,1,1,1,1,1,1,1,2,2,1
SF,IH2006,2019-11-28 09:33:49.800,2926.8000,2543,0,7901040.000,0,-,-,-,-,2926.0000,2925.8000,2925.6000,2925.4000,2924.6000,2927.2000,2927.4000,2928.4000,2928.6000,2930.0000,1,1,1,1,1,1,1,2,2,1
SF,IH2006,2019-11-28 09:33:58.300,2926.0000,2542,-1,8778840.000,1,0,1,双平,S,2925.8000,2925.6000,2924.6000,2923.8000,2923.4000,2927.2000,2927.4000,2928.4000,2928.6000,2930.0000,1,1,1,1,1,1,1,2,2,1
SF,IH2006,2019-11-28 09:33:58.800,2926.0000,2542,0,8778840.000,0,-,-,-,-,2925.6000,2924.6000,2923.8000,2923.4000,2923.2000,2927.2000,2927.4000,2928.4000,2928.6000,2930.0000,1,1,1,1,1,1,1,2,2,1
SF,IH2006,2019-11-28 09:34:01.300,2926.0000,2542,0,8778840.000,0,-,-,-,-,2925.6000,2924.6000,2923.8000,2923.4000,2923.2000,2927.0000,2927.2000,2927.4000,2928.4000,2928.6000,1,1,1,1,1,2,1,1,2,2
SF,IH2006,2019-11-28 09:34:01.800,2926.0000,2542,0,8778840.000,0,-,-,-,-,2925.6000,2924.6000,2923.8000,2923.4000,2923.2000,2926.8000,2927.4000,2928.4000,2928.6000,2930.0000,1,1,1,1,1,2,1,2,2,1
SF,IH2006,2019-11-28 09:34:17.800,2926.0000,2542,0,8778840.000,0,-,-,-,-,2924.6000,2923.8000,2923.4000,2923.2000,2918.4000,2926.8000,2927.4000,2928.4000,2928.6000,2930.0000,1,1,1,1,5,2,1,2,2,1
SF,IH2006,2019-11-28 09:34:18.300,2926.0000,2542,0,8778840.000,0,-,-,-,-,2924.8000,2924.6000,2923.8000,2923.4000,2923.2000,2926.8000,2927.4000,2928.4000,2928.6000,2930.0000,1,1,1,1,1,2,1,2,2,1
SF,IH2006,2019-11-28 09:34:26.800,2926.0000,2542,0,8778840.000,0,-,-,-,-,2924.8000,2924.6000,2923.8000,2923.4000,2923.2000,2926.6000,2926.8000,2927.4000,2928.4000,2928.6000,1,1,1,1,1,1,2,1,2,2
SF,IH2006,2019-11-28 09:34:27.300,2926.0000,2542,0,8778840.000,0,-,-,-,-,2924.8000,2924.6000,2923.8000,2923.4000,2923.2000,2926.4000,2926.6000,2926.8000,2927.4000,2928.4000,1,1,1,1,1,1,1,1,1,2
SF,IH2006,2019-11-28 09:34:32.300,2926.0000,2542,0,8778840.000,0,-,-,-,-,2924.8000,2924.6000,2923.8000,2923.4000,2923.2000,2926.4000,2926.8000,2927.4000,2928.4000,2928.6000,1,1,1,1,1,1,1,1,2,2
SF,IH2006,2019-11-28 09:34:38.300,2926.0000,2542,0,8778840.000,0,-,-,-,-,2924.8000,2924.6000,2923.8000,2923.4000,2923.2000,2926.4000,2926.8000,2927.4000,2928.4000,2928.6000,1,1,1,1,1,1,1,1,2,2
SF,IH2006,2019-11-28 09:34:44.800,2926.4000,2541,-1,9656760.000,1,0,1,双平,S,2925.0000,2924.8000,2924.6000,2923.8000,2923.4000,2926.8000,2927.4000,2928.4000,2928.6000,2929.0000,2,1,1,1,1,1,1,2,2,1
SF,IH2006,2019-11-28 09:34:45.300,2926.4000,2541,0,9656760.000,0,-,-,-,-,2925.2000,2925.0000,2924.6000,2923.8000,2923.4000,2927.2000,2927.4000,2928.4000,2928.6000,2930.2000,1,1,1,1,1,1,1,2,2,1
SF,IH2006,2019-11-28 09:34:45.800,2926.4000,2541,0,9656760.000,0,-,-,-,-,2925.8000,2925.2000,2925.0000,2924.6000,2923.8000,2927.2000,2927.4000,2928.4000,2928.6000,2930.2000,1,1,1,1,1,1,1,2,2,1
SF,IH2006,2019-11-28 09:34:46.300,2926.4000,2541,0,9656760.000,0,-,-,-,-,2925.8000,2925.0000,2924.6000,2923.8000,2923.4000,2927.2000,2927.4000,2928.4000,2928.6000,2930.2000,1,1,1,1,1,1,1,2,2,1
SF,IH2006,2019-11-28 09:34:49.800,2926.4000,2541,0,9656760.000,0,-,-,-,-,2925.8000,2924.6000,2923.8000,2923.4000,2923.2000,2927.0000,2927.2000,2927.4000,2928.4000,2928.6000,1,1,1,1,1,2,1,1,2,2
SF,IH2006,2019-11-28 09:34:50.300,2926.4000,2541,0,9656760.000,0,-,-,-,-,2924.6000,2923.8000,2923.4000,2923.2000,2918.4000,2927.0000,2927.2000,2927.4000,2928.4000,2928.6000,1,1,1,1,5,2,1,1,2,2
SF,IH2006,2019-11-28 09:34:50.800,2926.4000,2541,0,9656760.000,0,-,-,-,-,2925.4000,2924.8000,2924.6000,2923.8000,2923.4000,2927.2000,2927.4000,2928.4000,2928.6000,2930.2000,1,2,1,1,1,1,1,2,2,1
SF,IH2006,2019-11-28 09:34:51.300,2926.4000,2541,0,9656760.000,0,-,-,-,-,2925.4000,2924.6000,2923.8000,2923.4000,2923.2000,2927.2000,2927.4000,2928.4000,2928.6000,2930.2000,1,1,1,1,1,1,1,2,2,1
SF,IH2006,2019-11-28 09:34:52.800,2926.4000,2541,0,9656760.000,0,-,-,-,-,2925.4000,2923.8000,2923.4000,2923.2000,2918.4000,2927.2000,2927.4000,2928.4000,2928.6000,2930.2000,1,1,1,1,5,1,1,2,2,1
SF,IH2006,2019-11-28 09:34:54.300,2926.4000,2541,0,9656760.000,0,-,-,-,-,2925.4000,2923.8000,2923.4000,2923.2000,2918.4000,2927.0000,2927.2000,2927.4000,2928.4000,2928.6000,1,1,1,1,5,2,1,1,2,2
SF,IH2006,2019-11-28 09:34:54.800,2926.4000,2541,0,9656760.000,0,-,-,-,-,2923.8000,2923.4000,2923.2000,2918.4000,2911.8000,2927.0000,2927.2000,2927.4000,2928.4000,2928.6000,1,1,1,5,1,1,1,1,2,2
SF,IH2006,2019-11-28 09:34:55.300,2926.4000,2541,0,9656760.000,0,-,-,-,-,2924.8000,2924.0000,2923.8000,2923.4000,2923.2000,2927.0000,2927.2000,2927.4000,2928.4000,2928.6000,1,3,1,1,1,1,1,1,2,2
SF,IH2006,2019-11-28 09:35:01.300,2926.4000,2541,0,9656760.000,0,-,-,-,-,2924.8000,2924.0000,2923.8000,2923.4000,2923.2000,2926.8000,2927.0000,2927.2000,2927.4000,2928.4000,1,3,1,1,1,2,1,1,1,2
SF,IH2006,2019-11-28 09:35:01.800,2926.4000,2541,0,9656760.000,0,-,-,-,-,2925.0000,2924.8000,2924.0000,2923.8000,2923.4000,2926.8000,2927.0000,2927.2000,2927.4000,2928.4000,1,1,1,1,1,2,1,1,1,2
SF,IH2006,2019-11-28 09:35:03.300,2926.4000,2541,0,9656760.000,0,-,-,-,-,2925.0000,2924.8000,2924.0000,2923.8000,2923.4000,2926.6000,2926.8000,2927.0000,2927.2000,2927.4000,1,1,1,1,1,1,2,1,1,1
SF,IH2006,2019-11-28 09:35:03.800,2926.4000,2541,0,9656760.000,0,-,-,-,-,2925.0000,2924.0000,2923.8000,2923.4000,2923.2000,2926.4000,2926.6000,2926.8000,2927.0000,2927.4000,1,1,1,1,1,2,1,2,1,1
SF,IH2006,2019-11-28 09:35:04.300,2926.4000,2541,0,9656760.000,0,-,-,-,-,2925.0000,2924.6000,2924.0000,2923.8000,2923.4000,2926.4000,2926.6000,2926.8000,2927.0000,2927.4000,1,1,1,1,1,2,1,2,1,1
SF,IH2006,2019-11-28 09:35:04.800,2926.4000,2541,0,9656760.000,0,-,-,-,-,2925.0000,2924.6000,2924.0000,2923.8000,2923.4000,2926.6000,2926.8000,2927.0000,2927.4000,2928.4000,1,1,1,1,1,1,2,1,1,2
SF,IH2006,2019-11-28 09:35:05.300,2926.4000,2541,0,9656760.000,0,-,-,-,-,2925.2000,2925.0000,2924.6000,2924.0000,2923.8000,2926.6000,2926.8000,2927.0000,2927.4000,2928.4000,1,1,1,1,1,1,2,1,1,2
SF,IH2006,2019-11-28 09:35:05.800,2926.4000,2541,0,9656760.000,0,-,-,-,-,2925.2000,2924.6000,2924.0000,2923.8000,2923.4000,2926.6000,2926.8000,2927.0000,2927.4000,2928.4000,1,1,1,1,1,1,2,1,1,2
SF,IH2006,2019-11-28 09:35:06.300,2926.4000,2541,0,9656760.000,0,-,-,-,-,2924.6000,2924.0000,2923.8000,2923.4000,2923.2000,2926.6000,2926.8000,2927.0000,2927.4000,2928.4000,1,1,1,1,1,1,2,1,1,2
SF,IH2006,2019-11-28 09:35:06.800,2926.4000,2541,0,9656760.000,0,-,-,-,-,2925.0000,2924.8000,2924.6000,2924.0000,2923.8000,2926.6000,2926.8000,2927.0000,2927.4000,2928.4000,1,1,1,1,1,1,2,1,1,2
SF,IH2006,2019-11-28 09:35:07.300,2926.4000,2541,0,9656760.000,0,-,-,-,-,2925.0000,2924.6000,2924.0000,2923.8000,2923.4000,2926.6000,2926.8000,2927.0000,2927.4000,2928.4000,1,1,1,1,1,1,2,1,1,2
SF,IH2006,2019-11-28 09:35:15.300,2926.4000,2541,0,9656760.000,0,-,-,-,-,2925.0000,2924.6000,2924.0000,2923.8000,2923.4000,2926.4000,2926.6000,2926.8000,2927.0000,2927.4000,1,1,1,1,1,1,1,2,1,1
SF,IH2006,2019-11-28 09:35:15.800,2926.4000,2541,0,9656760.000,0,-,-,-,-,2925.2000,2925.0000,2924.6000,2924.0000,2923.8000,2926.6000,2926.8000,2927.0000,2927.4000,2928.4000,1,1,1,1,1,1,2,1,1,2
SF,IH2006,2019-11-28 09:35:17.300,2926.4000,2541,0,9656760.000,0,-,-,-,-,2925.2000,2925.0000,2924.6000,2924.0000,2923.8000,2927.0000,2927.4000,2928.4000,2928.6000,2930.2000,1,1,1,1,1,1,1,2,2,1
SF,IH2006,2019-11-28 09:35:18.800,2926.4000,2541,0,9656760.000,0,-,-,-,-,2925.2000,2925.0000,2924.6000,2924.0000,2923.8000,2927.4000,2928.4000,2928.6000,2930.2000,2931.8000,1,1,1,1,1,1,2,2,1,5
SF,IH2006,2019-11-28 09:35:21.800,2926.4000,2541,0,9656760.000,0,-,-,-,-,2925.2000,2925.0000,2924.6000,2924.0000,2923.8000,2927.2000,2927.4000,2928.4000,2928.6000,2930.2000,1,1,1,1,1,1,1,2,2,1
SF,IH2006,2019-11-28 09:35:22.300,2926.4000,2541,0,9656760.000,0,-,-,-,-,2925.2000,2925.0000,2924.6000,2924.0000,2923.8000,2927.4000,2928.4000,2928.6000,2930.2000,2931.8000,1,1,1,1,1,1,2,2,1,5
SF,IH2006,2019-11-28 09:35:24.800,2926.4000,2541,0,9656760.000,0,-,-,-,-,2925.2000,2925.0000,2924.6000,2924.0000,2923.8000,2927.2000,2927.4000,2928.4000,2928.6000,2930.2000,1,1,1,1,1,3,1,2,2,1
SF,IH2006,2019-11-28 09:35:25.300,2926.4000,2541,0,9656760.000,0,-,-,-,-,2925.2000,2925.0000,2924.6000,2924.0000,2923.8000,2927.4000,2928.4000,2928.6000,2930.2000,2931.8000,1,1,1,1,1,1,2,2,1,5
SF,IH2006,2019-11-28 09:35:26.800,2926.4000,2541,0,9656760.000,0,-,-,-,-,2925.2000,2925.0000,2924.6000,2924.0000,2923.8000,2927.2000,2927.4000,2928.4000,2928.6000,2930.2000,1,1,1,1,1,1,1,2,2,1
SF,IH2006,2019-11-28 09:35:27.300,2926.4000,2541,0,9656760.000,0,-,-,-,-,2925.2000,2925.0000,2924.6000,2924.0000,2923.8000,2927.4000,2928.4000,2928.6000,2930.2000,2931.8000,1,1,1,1,1,1,2,2,1,5
SF,IH2006,2019-11-28 09:35:30.300,2926.4000,2541,0,9656760.000,0,-,-,-,-,2925.4000,2925.2000,2925.0000,2924.6000,2924.0000,2927.4000,2928.4000,2928.6000,2930.2000,2931.8000,1,1,1,1,1,1,2,2,1,5
SF,IH2006,2019-11-28 09:35:30.800,2926.4000,2541,0,9656760.000,0,-,-,-,-,2925.6000,2924.6000,2924.0000,2923.8000,2923.4000,2927.4000,2928.4000,2928.6000,2930.2000,2931.8000,2,1,1,1,1,1,2,2,1,5
SF,IH2006,2019-11-28 09:35:31.300,2926.4000,2541,0,9656760.000,0,-,-,-,-,2926.0000,2925.6000,2924.6000,2924.0000,2923.8000,2927.4000,2928.6000,2930.2000,2931.8000,2934.4000,1,3,1,1,1,1,2,1,5,5
SF,IH2006,2019-11-28 09:35:31.800,2926.4000,2541,0,9656760.000,0,-,-,-,-,2926.2000,2926.0000,2924.6000,2924.0000,2923.8000,2927.4000,2928.6000,2930.2000,2931.8000,2934.4000,1,1,1,1,1,1,2,1,5,5
SF,IH2006,2019-11-28 09:35:33.800,2926.4000,2541,0,9656760.000,0,-,-,-,-,2926.2000,2926.0000,2924.6000,2924.0000,2923.8000,2927.2000,2927.4000,2928.6000,2930.2000,2931.8000,1,1,1,1,1,2,1,2,1,5
SF,IH2006,2019-11-28 09:35:34.300,2926.4000,2541,0,9656760.000,0,-,-,-,-,2926.2000,2924.6000,2924.0000,2923.8000,2923.4000,2927.2000,2927.4000,2928.6000,2930.2000,2931.8000,1,1,1,1,1,2,1,2,1,5
SF,IH2006,2019-11-28 09:35:34.800,2926.4000,2541,0,9656760.000,0,-,-,-,-,2924.6000,2924.0000,2923.8000,2923.4000,2923.2000,2927.2000,2927.4000,2928.6000,2930.2000,2931.8000,1,1,1,1,1,2,1,2,1,5
SF,IH2006,2019-11-28 09:35:35.300,2926.4000,2541,0,9656760.000,0,-,-,-,-,2925.2000,2924.8000,2924.6000,2924.0000,2923.8000,2927.4000,2928.6000,2930.2000,2931.8000,2934.4000,1,3,1,1,1,1,2,1,5,5
SF,IH2006,2019-11-28 09:35:35.800,2926.4000,2541,0,9656760.000,0,-,-,-,-,2925.4000,2925.2000,2924.6000,2924.0000,2923.8000,2927.4000,2928.6000,2930.2000,2931.8000,2934.4000,1,1,1,1,1,1,2,1,5,5
SF,IH2006,2019-11-28 09:35:37.300,2926.4000,2541,0,9656760.000,0,-,-,-,-,2925.4000,2925.2000,2924.6000,2924.0000,2923.8000,2927.2000,2927.4000,2928.6000,2930.2000,2931.8000,1,1,1,1,1,3,1,2,1,5
SF,IH2006,2019-11-28 09:35:37.800,2926.4000,2541,0,9656760.000,0,-,-,-,-,2925.4000,2925.2000,2924.6000,2924.0000,2923.8000,2927.2000,2927.4000,2928.6000,2930.2000,2931.8000,1,1,1,1,1,1,1,2,1,5
SF,IH2006,2019-11-28 09:35:38.300,2926.4000,2541,0,9656760.000,0,-,-,-,-,2925.4000,2925.2000,2924.6000,2924.0000,2923.8000,2927.4000,2928.6000,2930.2000,2931.8000,2934.4000,1,1,1,1,1,1,2,1,5,5
SF,IH2006,2019-11-28 09:36:00.300,2926.4000,2541,0,9656760.000,0,-,-,-,-,2925.4000,2925.2000,2924.6000,2924.0000,2923.8000,2927.2000,2927.4000,2928.6000,2930.2000,2931.8000,1,1,1,1,1,1,1,2,1,5
SF,IH2006,2019-11-28 09:36:00.800,2926.4000,2541,0,9656760.000,0,-,-,-,-,2925.4000,2925.2000,2924.6000,2924.0000,2923.8000,2927.4000,2928.6000,2930.2000,2931.8000,2934.4000,1,1,1,1,1,1,2,1,5,5
SF,IH2006,2019-11-28 09:36:01.800,2926.4000,2541,0,9656760.000,0,-,-,-,-,2925.4000,2925.2000,2924.6000,2924.0000,2923.8000,2927.2000,2927.4000,2928.6000,2930.2000,2931.8000,1,1,1,1,1,2,1,2,1,5
SF,IH2006,2019-11-28 09:36:02.300,2926.4000,2541,0,9656760.000,0,-,-,-,-,2925.4000,2925.2000,2924.6000,2924.0000,2923.8000,2927.4000,2928.6000,2930.2000,2931.8000,2934.4000,1,1,1,1,1,1,2,1,5,5
SF,IH2006,2019-11-28 09:36:06.800,2926.4000,2541,0,9656760.000,0,-,-,-,-,2925.4000,2925.2000,2924.6000,2924.0000,2923.8000,2927.2000,2927.4000,2928.6000,2930.2000,2931.8000,1,1,1,1,1,2,1,2,1,5
SF,IH2006,2019-11-28 09:36:07.300,2926.4000,2541,0,9656760.000,0,-,-,-,-,2925.4000,2925.2000,2924.6000,2924.0000,2923.8000,2927.4000,2928.6000,2930.2000,2931.8000,2934.4000,1,1,1,1,1,1,2,1,5,5
SF,IH2006,2019-11-28 09:36:14.800,2926.4000,2541,0,9656760.000,0,-,-,-,-,2925.4000,2925.2000,2924.6000,2924.0000,2923.8000,2927.2000,2927.4000,2928.6000,2930.2000,2931.8000,1,1,1,1,1,3,1,2,1,5
SF,IH2006,2019-11-28 09:36:52.800,2925.4000,2540,-1,10534380.000,1,0,1,双平,S,2925.2000,2924.6000,2924.0000,2923.8000,2923.6000,2927.2000,2927.4000,2927.8000,2928.6000,2930.2000,1,1,1,1,1,3,1,1,2,1
SF,IH2006,2019-11-28 09:36:53.300,2925.4000,2540,0,10534380.000,0,-,-,-,-,2925.2000,2924.6000,2924.0000,2923.8000,2923.4000,2927.0000,2927.2000,2927.4000,2928.6000,2930.2000,1,1,1,1,1,1,3,1,2,1
SF,IH2006,2019-11-28 09:36:53.800,2925.4000,2540,0,10534380.000,0,-,-,-,-,2924.6000,2924.0000,2923.8000,2923.4000,2923.2000,2926.8000,2927.0000,2927.2000,2927.4000,2928.6000,1,1,1,1,1,1,1,3,1,2
SF,IH2006,2019-11-28 09:36:54.300,2925.4000,2540,0,10534380.000,0,-,-,-,-,2925.2000,2924.6000,2924.0000,2923.8000,2923.4000,2927.2000,2927.4000,2928.6000,2930.2000,2931.8000,1,1,1,1,1,3,1,2,1,5
SF,IH2006,2019-11-28 09:36:54.800,2925.4000,2540,0,10534380.000,0,-,-,-,-,2925.2000,2924.6000,2924.0000,2923.8000,2923.4000,2927.0000,2927.2000,2927.4000,2928.6000,2930.2000,1,1,1,1,1,2,3,1,2,1
SF,IH2006,2019-11-28 09:36:57.800,2925.4000,2540,0,10534380.000,0,-,-,-,-,2925.2000,2924.6000,2924.0000,2923.8000,2923.4000,2926.8000,2927.0000,2927.2000,2927.4000,2928.6000,1,1,1,1,1,1,2,3,1,2
SF,IH2006,2019-11-28 09:36:58.300,2925.4000,2540,0,10534380.000,0,-,-,-,-,2925.2000,2924.6000,2924.0000,2923.8000,2923.4000,2926.6000,2926.8000,2927.0000,2927.2000,2927.4000,1,1,1,1,1,1,1,2,3,1
SF,IH2006,2019-11-28 09:36:58.800,2925.4000,2540,0,10534380.000,0,-,-,-,-,2925.2000,2924.6000,2924.0000,2923.8000,2923.4000,2926.8000,2927.0000,2927.2000,2927.4000,2928.6000,1,1,1,1,1,1,2,3,1,2
SF,IH2006,2019-11-28 09:36:59.800,2925.4000,2540,0,10534380.000,0,-,-,-,-,2925.2000,2924.6000,2924.0000,2923.8000,2923.4000,2926.6000,2926.8000,2927.0000,2927.2000,2927.4000,1,1,1,1,1,1,1,2,3,1
SF,IH2006,2019-11-28 09:37:00.300,2925.4000,2540,0,10534380.000,0,-,-,-,-,2925.2000,2924.6000,2924.0000,2923.8000,2923.4000,2926.8000,2927.0000,2927.2000,2927.4000,2928.6000,1,1,1,1,1,1,2,3,1,2
SF,IH2006,2019-11-28 09:37:01.300,2925.4000,2540,0,10534380.000,0,-,-,-,-,2925.2000,2924.6000,2924.0000,2923.8000,2923.4000,2926.8000,2927.0000,2927.2000,2927.4000,2928.6000,1,1,1,1,1,1,2,3,1,2
SF,IH2006,2019-11-28 09:37:02.800,2925.4000,2540,0,10534380.000,0,-,-,-,-,2925.2000,2924.6000,2924.0000,2923.8000,2923.4000,2926.6000,2926.8000,2927.0000,2927.2000,2927.4000,1,1,1,1,1,2,1,2,3,1
SF,IH2006,2019-11-28 09:37:03.800,2925.4000,2540,0,10534380.000,0,-,-,-,-,2925.2000,2924.6000,2924.0000,2923.8000,2923.4000,2926.8000,2927.0000,2927.2000,2927.4000,2928.6000,1,1,1,1,1,1,2,3,1,2
SF,IH2006,2019-11-28 09:37:04.300,2925.4000,2540,0,10534380.000,0,-,-,-,-,2925.2000,2924.6000,2924.0000,2923.8000,2923.4000,2926.6000,2926.8000,2927.0000,2927.2000,2927.4000,1,1,1,1,1,1,1,2,3,1
SF,IH2006,2019-11-28 09:37:05.300,2925.4000,2540,0,10534380.000,0,-,-,-,-,2925.2000,2924.6000,2924.0000,2923.8000,2923.4000,2926.8000,2927.0000,2927.2000,2927.4000,2928.6000,1,1,1,1,1,1,2,3,1,2
SF,IH2006,2019-11-28 09:37:10.300,2925.4000,2540,0,10534380.000,0,-,-,-,-,2925.2000,2924.6000,2924.0000,2923.8000,2923.4000,2926.6000,2926.8000,2927.0000,2927.2000,2927.4000,1,1,1,1,1,2,1,2,3,1
SF,IH2006,2019-11-28 09:37:10.800,2925.4000,2540,0,10534380.000,0,-,-,-,-,2924.6000,2924.0000,2923.8000,2923.4000,2923.2000,2926.6000,2926.8000,2927.0000,2927.2000,2927.4000,1,1,1,1,1,2,1,2,3,1
SF,IH2006,2019-11-28 09:37:11.300,2925.4000,2540,0,10534380.000,0,-,-,-,-,2925.0000,2924.6000,2924.0000,2923.8000,2923.4000,2926.6000,2926.8000,2927.0000,2927.2000,2927.4000,1,1,1,1,1,2,1,2,3,1
SF,IH2006,2019-11-28 09:37:11.800,2925.4000,2540,0,10534380.000,0,-,-,-,-,2925.0000,2924.6000,2924.0000,2923.8000,2923.4000,2926.8000,2927.0000,2927.2000,2927.4000,2928.6000,1,1,1,1,1,1,2,3,1,2
SF,IH2006,2019-11-28 09:37:14.300,2925.4000,2540,0,10534380.000,0,-,-,-,-,2925.0000,2924.6000,2924.0000,2923.8000,2923.4000,2927.2000,2927.4000,2928.6000,2930.2000,2931.8000,1,1,1,1,1,3,1,2,1,5
SF,IH2006,2019-11-28 09:37:17.800,2925.4000,2540,0,10534380.000,0,-,-,-,-,2925.0000,2924.6000,2924.0000,2923.8000,2923.4000,2927.2000,2927.4000,2928.6000,2930.2000,2931.8000,1,1,1,1,1,3,1,2,1,5
SF,IH2006,2019-11-28 09:37:19.800,2925.4000,2540,0,10534380.000,0,-,-,-,-,2925.2000,2925.0000,2924.6000,2924.0000,2923.8000,2927.4000,2928.6000,2930.2000,2931.8000,2934.4000,1,1,1,1,1,1,2,1,5,5
SF,IH2006,2019-11-28 09:37:20.300,2925.4000,2540,0,10534380.000,0,-,-,-,-,2925.4000,2925.0000,2924.6000,2924.0000,2923.8000,2927.4000,2928.6000,2930.2000,2931.8000,2934.4000,1,1,1,1,1,1,2,1,5,5
SF,IH2006,2019-11-28 09:37:21.300,2925.4000,2540,0,10534380.000,0,-,-,-,-,2925.6000,2925.4000,2925.0000,2924.6000,2924.0000,2927.4000,2928.6000,2930.2000,2931.8000,2934.4000,1,1,1,1,1,1,2,1,5,5
SF,IH2006,2019-11-28 09:37:21.800,2925.4000,2540,0,10534380.000,0,-,-,-,-,2924.6000,2924.0000,2923.8000,2923.4000,2923.2000,2927.4000,2928.6000,2930.2000,2931.8000,2934.4000,1,1,1,1,1,1,2,1,5,5
SF,IH2006,2019-11-28 09:37:22.300,2925.4000,2540,0,10534380.000,0,-,-,-,-,2926.2000,2924.8000,2924.6000,2924.0000,2923.8000,2927.4000,2928.6000,2930.2000,2931.8000,2934.4000,1,3,1,1,1,1,2,1,5,5
SF,IH2006,2019-11-28 09:37:22.800,2925.4000,2540,0,10534380.000,0,-,-,-,-,2926.2000,2924.8000,2924.6000,2924.0000,2923.8000,2927.4000,2928.6000,2930.2000,2931.8000,2934.4000,1,1,1,1,1,1,2,1,5,5
SF,IH2006,2019-11-28 09:37:23.300,2925.4000,2540,0,10534380.000,0,-,-,-,-,2926.2000,2924.8000,2924.6000,2924.0000,2923.8000,2927.2000,2927.4000,2928.6000,2930.2000,2931.8000,1,1,1,1,1,2,1,2,1,5
SF,IH2006,2019-11-28 09:37:23.800,2925.4000,2540,0,10534380.000,0,-,-,-,-,2926.2000,2924.8000,2924.6000,2924.0000,2923.8000,2927.4000,2928.6000,2930.2000,2931.8000,2934.4000,1,1,1,1,1,1,2,1,5,5
SF,IH2006,2019-11-28 09:37:24.800,2925.4000,2540,0,10534380.000,0,-,-,-,-,2926.2000,2924.8000,2924.6000,2924.0000,2923.8000,2927.4000,2928.6000,2930.2000,2931.8000,2934.4000,1,1,1,1,1,1,2,1,5,5
SF,IH2006,2019-11-28 09:37:35.300,2925.4000,2540,0,10534380.000,0,-,-,-,-,2926.2000,2924.8000,2924.6000,2924.0000,2923.8000,2927.2000,2927.4000,2928.6000,2930.2000,2931.8000,1,1,1,1,1,1,1,2,1,5
SF,IH2006,2019-11-28 09:37:35.800,2925.4000,2540,0,10534380.000,0,-,-,-,-,2924.8000,2924.6000,2924.0000,2923.8000,2923.4000,2927.4000,2928.6000,2930.2000,2931.8000,2934.4000,1,1,1,1,1,1,2,1,5,5
SF,IH2006,2019-11-28 09:37:36.300,2925.4000,2540,0,10534380.000,0,-,-,-,-,2925.6000,2925.0000,2924.8000,2924.6000,2924.0000,2927.4000,2928.6000,2930.2000,2931.8000,2934.4000,1,1,1,1,1,1,2,1,5,5
SF,IH2006,2019-11-28 09:37:36.800,2925.4000,2540,0,10534380.000,0,-,-,-,-,2925.6000,2924.8000,2924.6000,2924.0000,2923.8000,2927.4000,2928.6000,2930.2000,2931.8000,2934.4000,1,1,1,1,1,1,2,1,5,5
SF,IH2006,2019-11-28 09:37:45.300,2925.4000,2540,0,10534380.000,0,-,-,-,-,2925.6000,2924.8000,2924.6000,2924.0000,2923.8000,2927.4000,2928.6000,2930.2000,2931.8000,2934.4000,1,1,1,1,1,1,2,1,5,5
SF,IH2006,2019-11-28 09:37:45.800,2925.4000,2540,0,10534380.000,0,-,-,-,-,2925.8000,2925.6000,2924.8000,2924.6000,2924.0000,2927.4000,2928.6000,2930.2000,2931.8000,2934.4000,1,1,1,1,1,1,2,1,5,5
SF,IH2006,2019-11-28 09:37:46.300,2925.4000,2540,0,10534380.000,0,-,-,-,-,2925.8000,2925.6000,2924.8000,2924.6000,2924.0000,2927.4000,2928.6000,2930.2000,2931.8000,2934.4000,2,1,1,1,1,1,2,1,5,5
SF,IH2006,2019-11-28 09:37:46.800,2925.4000,2540,0,10534380.000,0,-,-,-,-,2925.8000,2924.8000,2924.6000,2924.0000,2923.8000,2927.4000,2928.6000,2930.2000,2931.8000,2934.4000,3,1,1,1,1,1,2,1,5,5
SF,IH2006,2019-11-28 09:37:47.300,2925.4000,2540,0,10534380.000,0,-,-,-,-,2926.6000,2925.8000,2924.8000,2924.6000,2924.0000,2927.4000,2928.6000,2930.2000,2931.8000,2934.4000,1,3,1,1,1,1,2,1,5,5
SF,IH2006,2019-11-28 09:37:47.800,2925.4000,2540,0,10534380.000,0,-,-,-,-,2926.6000,2925.8000,2924.8000,2924.6000,2924.0000,2927.4000,2928.6000,2930.2000,2931.8000,2934.4000,1,2,1,1,1,1,2,1,5,5
SF,IH2006,2019-11-28 09:37:49.300,2927.4000,2539,-1,11412600.000,1,0,1,双平,S,2926.6000,2925.8000,2924.8000,2924.6000,2924.0000,2928.6000,2930.2000,2931.8000,2934.4000,2935.2000,1,2,1,1,1,2,1,5,5,1
SF,IH2006,2019-11-28 09:37:49.800,2927.4000,2539,0,11412600.000,0,-,-,-,-,2926.6000,2925.8000,2924.8000,2924.6000,2924.0000,2928.4000,2928.6000,2930.2000,2931.8000,2934.4000,1,2,1,1,1,1,2,1,5,5
SF,IH2006,2019-11-28 09:37:50.800,2927.4000,2539,0,11412600.000,0,-,-,-,-,2926.6000,2925.8000,2924.8000,2924.6000,2924.0000,2928.6000,2930.2000,2931.8000,2934.4000,2935.2000,1,2,1,1,1,2,1,5,5,1
SF,IH2006,2019-11-28 09:37:51.800,2927.4000,2539,0,11412600.000,0,-,-,-,-,2926.6000,2925.8000,2924.8000,2924.6000,2924.0000,2928.4000,2928.6000,2930.2000,2931.8000,2934.4000,1,2,1,1,1,2,2,1,5,5
SF,IH2006,2019-11-28 09:37:52.300,2927.4000,2539,0,11412600.000,0,-,-,-,-,2926.6000,2925.8000,2924.8000,2924.6000,2924.0000,2928.6000,2930.2000,2931.8000,2934.4000,2935.2000,1,2,1,1,1,2,1,5,5,1
SF,IH2006,2019-11-28 09:37:53.800,2927.4000,2539,0,11412600.000,0,-,-,-,-,2926.6000,2925.8000,2924.8000,2924.6000,2924.0000,2930.2000,2931.8000,2934.4000,2935.2000,2936.6000,1,2,1,1,1,1,5,5,1,1
SF,IH2006,2019-11-28 09:37:54.300,2927.4000,2539,0,11412600.000,0,-,-,-,-,2926.6000,2925.8000,2924.8000,2924.6000,2924.0000,2930.0000,2930.2000,2931.8000,2934.4000,2935.2000,1,2,1,1,1,3,1,5,5,1
SF,IH2006,2019-11-28 09:37:54.800,2927.4000,2539,0,11412600.000,0,-,-,-,-,2926.6000,2925.8000,2924.8000,2924.6000,2924.0000,2929.8000,2930.0000,2930.2000,2931.8000,2934.4000,1,2,1,1,1,1,3,1,5,5
SF,IH2006,2019-11-28 09:37:55.300,2927.4000,2539,0,11412600.000,0,-,-,-,-,2926.6000,2925.8000,2924.8000,2924.6000,2924.0000,2929.6000,2929.8000,2930.0000,2930.2000,2931.8000,1,2,1,1,1,2,1,1,1,5
SF,IH2006,2019-11-28 09:37:55.800,2927.4000,2539,0,11412600.000,0,-,-,-,-,2926.6000,2925.8000,2924.8000,2924.6000,2924.0000,2929.4000,2929.6000,2929.8000,2930.0000,2930.2000,1,2,1,1,1,1,2,1,1,1
SF,IH2006,2019-11-28 09:37:56.300,2927.4000,2539,0,11412600.000,0,-,-,-,-,2926.6000,2925.8000,2924.8000,2924.6000,2924.0000,2929.2000,2929.4000,2929.6000,2929.8000,2930.0000,1,2,1,1,1,3,1,1,1,1
SF,IH2006,2019-11-28 09:37:56.800,2927.4000,2539,0,11412600.000,0,-,-,-,-,2926.6000,2925.8000,2924.8000,2924.6000,2924.0000,2929.0000,2929.2000,2929.4000,2929.6000,2930.0000,1,2,1,1,1,1,3,1,1,1
SF,IH2006,2019-11-28 09:37:57.300,2927.4000,2539,0,11412600.000,0,-,-,-,-,2926.6000,2925.8000,2924.8000,2924.6000,2924.0000,2928.8000,2929.0000,2929.2000,2929.4000,2929.6000,1,2,1,1,1,2,1,1,1,1
SF,IH2006,2019-11-28 09:37:57.800,2927.4000,2539,0,11412600.000,0,-,-,-,-,2926.6000,2925.8000,2924.8000,2924.6000,2924.0000,2928.6000,2928.8000,2929.0000,2929.2000,2929.6000,1,2,1,1,1,1,2,1,1,1
SF,IH2006,2019-11-28 09:37:58.300,2927.4000,2539,0,11412600.000,0,-,-,-,-,2926.6000,2925.8000,2924.8000,2924.6000,2924.0000,2928.4000,2928.6000,2928.8000,2929.0000,2929.2000,1,2,1,1,1,2,1,1,1,1
SF,IH2006,2019-11-28 09:37:58.800,2927.4000,2539,0,11412600.000,0,-,-,-,-,2926.6000,2925.8000,2924.8000,2924.6000,2924.0000,2928.4000,2928.6000,2928.8000,2929.0000,2929.2000,1,2,1,1,1,1,1,1,1,1
SF,IH2006,2019-11-28 09:38:01.300,2927.4000,2539,0,11412600.000,0,-,-,-,-,2926.6000,2925.8000,2924.8000,2924.6000,2924.0000,2928.2000,2928.4000,2928.6000,2928.8000,2929.2000,1,2,1,1,1,3,1,1,1,1
SF,IH2006,2019-11-28 09:38:01.800,2927.4000,2539,0,11412600.000,0,-,-,-,-,2926.6000,2925.8000,2924.8000,2924.6000,2924.0000,2928.6000,2928.8000,2929.2000,2929.6000,2930.0000,1,2,1,1,1,1,1,1,1,1
SF,IH2006,2019-11-28 09:38:02.300,2927.4000,2539,0,11412600.000,0,-,-,-,-,2926.6000,2925.8000,2924.8000,2924.6000,2924.0000,2928.4000,2928.6000,2928.8000,2929.2000,2929.6000,1,2,1,1,1,1,1,1,1,1
SF,IH2006,2019-11-28 09:38:02.800,2927.4000,2539,0,11412600.000,0,-,-,-,-,2926.6000,2925.8000,2924.8000,2924.6000,2924.0000,2928.4000,2928.6000,2928.8000,2929.2000,2929.6000,1,2,1,1,1,3,1,1,1,1
SF,IH2006,2019-11-28 09:38:04.300,2927.4000,2539,0,11412600.000,0,-,-,-,-,2926.6000,2925.8000,2924.8000,2924.6000,2924.0000,2928.4000,2928.6000,2928.8000,2929.2000,2929.6000,1,2,1,1,1,1,1,1,1,1
SF,IH2006,2019-11-28 09:38:06.800,2927.4000,2539,0,11412600.000,0,-,-,-,-,2926.6000,2925.8000,2924.8000,2924.6000,2924.0000,2928.4000,2928.6000,2928.8000,2929.2000,2929.6000,1,2,1,1,1,1,1,1,1,1
SF,IH2006,2019-11-28 09:38:08.300,2927.4000,2539,0,11412600.000,0,-,-,-,-,2926.6000,2925.8000,2924.8000,2924.6000,2924.0000,2928.2000,2928.4000,2928.6000,2928.8000,2929.2000,1,2,1,1,1,2,1,1,1,1
SF,IH2006,2019-11-28 09:38:08.800,2927.4000,2539,0,11412600.000,0,-,-,-,-,2926.6000,2925.8000,2924.8000,2924.6000,2924.0000,2928.6000,2928.8000,2929.2000,2929.6000,2930.0000,1,2,1,1,1,1,1,1,1,1
SF,IH2006,2019-11-28 09:38:09.300,2927.4000,2539,0,11412600.000,0,-,-,-,-,2926.6000,2925.8000,2924.8000,2924.6000,2924.0000,2928.4000,2928.6000,2928.8000,2929.2000,2929.6000,1,2,1,1,1,3,1,1,1,1
SF,IH2006,2019-11-28 09:38:10.300,2927.4000,2539,0,11412600.000,0,-,-,-,-,2926.6000,2925.8000,2924.8000,2924.6000,2924.0000,2928.4000,2928.6000,2928.8000,2929.2000,2929.6000,1,2,1,1,1,1,1,1,1,1
SF,IH2006,2019-11-28 09:38:13.800,2927.4000,2539,0,11412600.000,0,-,-,-,-,2926.6000,2925.8000,2924.8000,2924.6000,2924.0000,2928.4000,2928.6000,2928.8000,2929.2000,2929.6000,1,1,1,1,1,1,1,1,1,1
SF,IH2006,2019-11-28 09:38:14.300,2927.4000,2539,0,11412600.000,0,-,-,-,-,2926.6000,2925.8000,2924.8000,2924.6000,2924.0000,2928.2000,2928.4000,2928.6000,2928.8000,2929.2000,1,1,1,1,1,2,1,1,1,1
SF,IH2006,2019-11-28 09:38:15.300,2927.4000,2539,0,11412600.000,0,-,-,-,-,2926.6000,2925.8000,2924.8000,2924.6000,2924.0000,2928.2000,2928.4000,2928.6000,2928.8000,2929.2000,1,1,1,1,1,1,1,1,1,1
SF,IH2006,2019-11-28 09:38:15.800,2927.4000,2539,0,11412600.000,0,-,-,-,-,2926.6000,2925.8000,2924.8000,2924.6000,2924.0000,2928.0000,2928.2000,2928.6000,2928.8000,2929.2000,1,1,1,1,1,3,1,1,1,1
SF,IH2006,2019-11-28 09:38:16.300,2927.4000,2539,0,11412600.000,0,-,-,-,-,2926.6000,2925.8000,2924.8000,2924.6000,2924.0000,2928.0000,2928.2000,2928.6000,2928.8000,2929.2000,1,1,1,1,1,1,1,1,1,1
SF,IH2006,2019-11-28 09:38:21.800,2927.4000,2539,0,11412600.000,0,-,-,-,-,2926.6000,2924.8000,2924.6000,2924.0000,2923.8000,2928.0000,2928.2000,2928.6000,2928.8000,2929.2000,1,1,1,1,1,1,1,1,1,1
SF,IH2006,2019-11-28 09:38:26.800,2928.0000,2538,-1,12291000.000,1,0,1,双平,S,2926.6000,2926.4000,2924.8000,2924.6000,2924.0000,2928.6000,2928.8000,2929.2000,2929.6000,2930.0000,1,1,1,1,1,1,1,1,1,1
SF,IH2006,2019-11-28 09:38:27.300,2928.0000,2538,0,12291000.000,0,-,-,-,-,2926.8000,2926.6000,2924.8000,2924.6000,2924.0000,2929.2000,2929.6000,2930.0000,2930.2000,2931.8000,1,1,1,1,1,1,1,1,1,5
SF,IH2006,2019-11-28 09:38:27.800,2928.0000,2538,0,12291000.000,0,-,-,-,-,2926.8000,2926.6000,2924.8000,2924.6000,2924.0000,2929.0000,2929.2000,2929.6000,2930.0000,2930.2000,1,1,1,1,1,2,1,1,1,1
SF,IH2006,2019-11-28 09:38:29.800,2928.0000,2538,0,12291000.000,0,-,-,-,-,2926.8000,2926.6000,2924.8000,2924.6000,2924.0000,2929.0000,2929.2000,2929.6000,2930.0000,2930.2000,1,1,1,1,1,1,1,1,1,1
SF,IH2006,2019-11-28 09:38:30.300,2928.0000,2538,0,12291000.000,0,-,-,-,-,2926.8000,2926.6000,2924.8000,2924.6000,2924.0000,2928.8000,2929.0000,2929.2000,2929.6000,2930.0000,1,1,1,1,1,1,1,1,1,1
SF,IH2006,2019-11-28 09:38:32.800,2928.0000,2538,0,12291000.000,0,-,-,-,-,2926.8000,2926.6000,2924.8000,2924.6000,2924.0000,2929.0000,2929.2000,2929.6000,2930.0000,2930.2000,1,1,1,1,1,1,1,1,1,1
SF,IH2006,2019-11-28 09:38:33.300,2928.0000,2538,0,12291000.000,0,-,-,-,-,2926.8000,2926.6000,2924.8000,2924.6000,2924.0000,2929.0000,2929.2000,2929.6000,2930.0000,2930.2000,2,1,1,1,1,1,1,1,1,1
SF,IH2006,2019-11-28 09:38:33.800,2928.0000,2538,0,12291000.000,0,-,-,-,-,2926.8000,2924.8000,2924.6000,2924.0000,2923.8000,2929.0000,2929.2000,2929.6000,2930.0000,2930.2000,2,1,1,1,1,1,1,1,1,1
SF,IH2006,2019-11-28 09:38:34.300,2928.0000,2538,0,12291000.000,0,-,-,-,-,2927.4000,2926.8000,2924.8000,2924.6000,2924.0000,2929.0000,2929.2000,2929.6000,2930.0000,2930.2000,1,2,1,1,1,1,1,1,1,1
SF,IH2006,2019-11-28 09:38:34.800,2928.0000,2538,0,12291000.000,0,-,-,-,-,2927.4000,2926.8000,2924.8000,2924.6000,2924.0000,2928.8000,2929.0000,2929.2000,2929.6000,2930.0000,1,1,1,1,1,1,1,1,1,1
SF,IH2006,2019-11-28 09:38:35.300,2928.0000,2538,0,12291000.000,0,-,-,-,-,2927.4000,2926.8000,2924.8000,2924.6000,2924.0000,2929.0000,2929.2000,2929.6000,2930.0000,2930.2000,1,1,1,1,1,1,1,1,1,1
SF,IH2006,2019-11-28 09:38:37.800,2928.0000,2538,0,12291000.000,0,-,-,-,-,2927.4000,2926.8000,2924.8000,2924.6000,2924.0000,2928.8000,2929.0000,2929.2000,2929.6000,2930.0000,1,1,1,1,1,2,1,1,1,1
SF,IH2006,2019-11-28 09:38:38.300,2928.0000,2538,0,12291000.000,0,-,-,-,-,2926.8000,2924.8000,2924.6000,2924.0000,2923.8000,2928.8000,2929.0000,2929.2000,2929.6000,2930.0000,1,1,1,1,1,2,1,1,1,1
SF,IH2006,2019-11-28 09:38:38.800,2928.0000,2538,0,12291000.000,0,-,-,-,-,2927.2000,2927.0000,2926.8000,2924.8000,2924.6000,2928.8000,2929.0000,2929.2000,2929.6000,2930.0000,1,1,1,1,1,2,1,1,1,1
SF,IH2006,2019-11-28 09:38:39.300,2928.0000,2538,0,12291000.000,0,-,-,-,-,2927.2000,2926.8000,2924.8000,2924.6000,2924.0000,2928.8000,2929.0000,2929.2000,2929.6000,2930.0000,1,1,1,1,1,2,1,1,1,1
SF,IH2006,2019-11-28 09:38:42.300,2928.0000,2538,0,12291000.000,0,-,-,-,-,2927.2000,2926.8000,2924.8000,2924.6000,2924.0000,2929.0000,2929.2000,2929.6000,2930.0000,2930.2000,1,1,1,1,1,1,1,1,1,1
SF,IH2006,2019-11-28 09:38:42.800,2928.0000,2538,0,12291000.000,0,-,-,-,-,2927.4000,2927.2000,2926.8000,2924.8000,2924.6000,2929.0000,2929.2000,2929.6000,2930.0000,2930.2000,1,1,1,1,1,1,1,1,1,1
SF,IH2006,2019-11-28 09:38:43.300,2928.0000,2538,0,12291000.000,0,-,-,-,-,2927.4000,2927.2000,2926.8000,2924.8000,2924.6000,2930.0000,2930.2000,2931.8000,2934.4000,2936.6000,1,1,1,1,1,1,1,5,5,1
SF,IH2006,2019-11-28 09:38:43.800,2928.0000,2538,0,12291000.000,0,-,-,-,-,2927.4000,2927.2000,2926.8000,2924.8000,2924.6000,2929.8000,2930.0000,2930.2000,2931.8000,2934.4000,1,1,1,1,1,1,1,1,5,5
SF,IH2006,2019-11-28 09:38:44.800,2928.0000,2538,0,12291000.000,0,-,-,-,-,2927.4000,2927.2000,2926.8000,2924.8000,2924.6000,2930.0000,2930.2000,2931.8000,2934.4000,2936.6000,1,1,1,1,1,1,1,5,5,1
SF,IH2006,2019-11-28 09:38:45.300,2928.0000,2538,0,12291000.000,0,-,-,-,-,2927.4000,2927.2000,2926.8000,2924.8000,2924.6000,2929.8000,2930.0000,2930.2000,2931.8000,2934.4000,1,1,1,1,1,2,1,1,5,5
SF,IH2006,2019-11-28 09:38:45.800,2928.0000,2538,0,12291000.000,0,-,-,-,-,2927.4000,2927.2000,2924.8000,2924.6000,2924.0000,2929.8000,2930.0000,2930.2000,2931.8000,2934.4000,1,1,1,1,1,2,1,1,5,5
SF,IH2006,2019-11-28 09:38:46.300,2928.0000,2538,0,12291000.000,0,-,-,-,-,2927.8000,2927.4000,2927.2000,2924.8000,2924.6000,2929.8000,2930.0000,2930.2000,2931.8000,2934.4000,1,1,1,1,1,2,1,1,5,5
SF,IH2006,2019-11-28 09:38:46.800,2928.0000,2538,0,12291000.000,0,-,-,-,-,2928.0000,2927.8000,2924.8000,2924.6000,2924.0000,2929.8000,2930.0000,2930.2000,2931.8000,2934.4000,1,1,1,1,1,2,1,1,5,5
SF,IH2006,2019-11-28 09:38:47.300,2928.0000,2538,0,12291000.000,0,-,-,-,-,2928.4000,2928.0000,2927.8000,2924.8000,2924.6000,2929.8000,2930.0000,2930.2000,2931.8000,2934.4000,1,1,1,1,1,2,1,1,5,5
SF,IH2006,2019-11-28 09:38:47.800,2928.0000,2538,0,12291000.000,0,-,-,-,-,2928.4000,2927.8000,2924.8000,2924.6000,2924.0000,2929.8000,2930.0000,2930.2000,2931.8000,2934.4000,1,1,1,1,1,2,1,1,5,5
SF,IH2006,2019-11-28 09:38:49.300,2928.0000,2538,0,12291000.000,0,-,-,-,-,2928.4000,2927.8000,2924.8000,2924.6000,2924.0000,2930.0000,2930.2000,2931.8000,2934.4000,2936.6000,1,1,1,1,1,1,1,5,5,1
SF,IH2006,2019-11-28 09:38:50.800,2928.0000,2538,0,12291000.000,0,-,-,-,-,2928.4000,2927.8000,2924.8000,2924.6000,2924.0000,2930.2000,2931.8000,2934.4000,2936.6000,2937.2000,1,1,1,1,1,1,5,5,1,1
SF,IH2006,2019-11-28 09:38:51.300,2928.0000,2538,0,12291000.000,0,-,-,-,-,2928.6000,2928.4000,2927.8000,2924.8000,2924.6000,2930.2000,2931.8000,2934.4000,2936.6000,2937.2000,1,1,1,1,1,1,5,5,1,1
SF,IH2006,2019-11-28 09:38:53.800,2928.0000,2538,0,12291000.000,0,-,-,-,-,2928.6000,2928.4000,2927.8000,2924.8000,2924.6000,2930.2000,2931.8000,2934.4000,2936.6000,2937.2000,1,1,1,1,1,1,5,5,1,1
SF,IH2006,2019-11-28 09:38:56.800,2928.0000,2538,0,12291000.000,0,-,-,-,-,2929.0000,2928.6000,2928.4000,2927.8000,2924.8000,2930.2000,2931.8000,2934.4000,2936.6000,2937.2000,1,1,1,1,1,1,5,5,1,1
SF,IH2006,2019-11-28 09:38:57.300,2928.0000,2538,0,12291000.000,0,-,-,-,-,2929.0000,2927.8000,2924.8000,2924.6000,2924.0000,2930.2000,2931.8000,2934.4000,2936.6000,2937.2000,1,1,1,1,1,1,5,5,1,1
SF,IH2006,2019-11-28 09:39:06.300,2930.2000,2537,-1,13170060.000,1,0,1,双平,S,2929.0000,2927.8000,2924.8000,2924.6000,2924.0000,2931.8000,2934.4000,2936.6000,2937.2000,2938.0000,1,1,1,1,1,5,5,1,1,1
SF,IH2006,2019-11-28 09:39:06.800,2930.2000,2537,0,13170060.000,0,-,-,-,-,2930.2000,2929.8000,2929.2000,2929.0000,2927.8000,2931.6000,2931.8000,2934.4000,2936.6000,2937.2000,1,1,2,1,1,3,5,5,1,1
SF,IH2006,2019-11-28 09:39:07.300,2930.2000,2537,0,13170060.000,0,-,-,-,-,2929.8000,2929.0000,2927.8000,2924.8000,2924.6000,2931.6000,2931.8000,2934.4000,2936.6000,2937.2000,1,1,1,1,1,3,5,5,1,1
SF,IH2006,2019-11-28 09:39:09.300,2930.2000,2537,0,13170060.000,0,-,-,-,-,2929.8000,2929.0000,2927.8000,2924.8000,2924.6000,2931.6000,2931.8000,2934.4000,2936.6000,2936.8000,1,1,1,1,1,3,5,5,1,1
SF,IH2006,2019-11-28 09:39:09.800,2930.2000,2537,0,13170060.000,0,-,-,-,-,2930.0000,2929.8000,2929.0000,2927.8000,2924.6000,2931.6000,2931.8000,2934.4000,2936.6000,2936.8000,1,1,1,1,1,1,5,5,1,1
SF,IH2006,2019-11-28 09:39:13.300,2930.2000,2537,0,13170060.000,0,-,-,-,-,2930.0000,2929.8000,2929.0000,2927.8000,2924.6000,2931.4000,2931.6000,2931.8000,2934.4000,2936.6000,1,1,1,1,1,2,1,5,5,1
SF,IH2006,2019-11-28 09:39:14.300,2930.2000,2537,0,13170060.000,0,-,-,-,-,2930.0000,2929.8000,2929.0000,2927.8000,2924.6000,2931.2000,2931.4000,2931.6000,2931.8000,2934.4000,1,1,1,1,1,1,2,1,5,5
SF,IH2006,2019-11-28 09:39:14.800,2930.2000,2537,0,13170060.000,0,-,-,-,-,2929.0000,2927.8000,2924.6000,2923.4000,2923.2000,2931.2000,2931.4000,2931.6000,2931.8000,2934.4000,1,1,1,1,1,1,2,1,5,5
SF,IH2006,2019-11-28 09:39:15.300,2930.2000,2537,0,13170060.000,0,-,-,-,-,2929.4000,2929.2000,2929.0000,2927.8000,2924.6000,2931.0000,2931.2000,2931.4000,2931.6000,2931.8000,1,1,1,1,1,2,1,2,1,5
SF,IH2006,2019-11-28 09:39:15.800,2930.2000,2537,0,13170060.000,0,-,-,-,-,2929.4000,2929.0000,2927.8000,2924.6000,2923.4000,2931.0000,2931.2000,2931.4000,2931.6000,2931.8000,1,1,1,1,1,2,1,2,1,5
SF,IH2006,2019-11-28 09:39:20.300,2930.2000,2537,0,13170060.000,0,-,-,-,-,2929.4000,2929.0000,2927.8000,2924.6000,2923.4000,2931.2000,2931.4000,2931.6000,2931.8000,2934.4000,1,1,1,1,1,1,2,1,5,5
SF,IH2006,2019-11-28 09:39:20.800,2930.2000,2537,0,13170060.000,0,-,-,-,-,2929.6000,2929.4000,2929.0000,2927.8000,2924.6000,2931.2000,2931.4000,2931.6000,2931.8000,2934.4000,1,1,1,1,1,1,2,1,5,5
SF,IH2006,2019-11-28 09:39:21.300,2930.2000,2537,0,13170060.000,0,-,-,-,-,2929.6000,2929.4000,2929.0000,2927.8000,2924.6000,2931.0000,2931.2000,2931.4000,2931.6000,2931.8000,1,1,1,1,1,1,1,2,1,5
SF,IH2006,2019-11-28 09:39:21.800,2930.2000,2537,0,13170060.000,0,-,-,-,-,2929.6000,2929.0000,2927.8000,2924.6000,2923.4000,2931.0000,2931.2000,2931.4000,2931.6000,2931.8000,1,1,1,1,1,1,1,2,1,5
SF,IH2006,2019-11-28 09:39:25.300,2930.2000,2537,0,13170060.000,0,-,-,-,-,2929.6000,2929.0000,2927.8000,2924.6000,2923.4000,2931.2000,2931.4000,2931.6000,2931.8000,2934.4000,1,1,1,1,1,1,2,1,5,5
SF,IH2006,2019-11-28 09:39:25.800,2930.2000,2537,0,13170060.000,0,-,-,-,-,2929.6000,2929.0000,2927.8000,2924.6000,2923.4000,2931.0000,2931.2000,2931.4000,2931.6000,2931.8000,1,1,1,1,1,2,1,2,1,5
SF,IH2006,2019-11-28 09:39:26.300,2930.2000,2537,0,13170060.000,0,-,-,-,-,2929.6000,2929.0000,2927.8000,2924.6000,2923.4000,2931.2000,2931.4000,2931.6000,2931.8000,2934.4000,1,1,1,1,1,1,2,1,5,5
SF,IH2006,2019-11-28 09:39:27.300,2930.2000,2537,0,13170060.000,0,-,-,-,-,2929.6000,2929.0000,2927.8000,2924.6000,2923.4000,2931.0000,2931.2000,2931.4000,2931.6000,2931.8000,1,1,1,1,1,2,1,2,1,5
SF,IH2006,2019-11-28 09:39:27.800,2930.2000,2537,0,13170060.000,0,-,-,-,-,2929.8000,2929.6000,2929.0000,2927.8000,2924.6000,2931.2000,2931.4000,2931.6000,2931.8000,2934.4000,1,1,1,1,1,1,2,1,5,5
SF,IH2006,2019-11-28 09:39:28.300,2930.2000,2537,0,13170060.000,0,-,-,-,-,2929.0000,2927.8000,2924.6000,2923.4000,2923.2000,2931.2000,2931.4000,2931.6000,2931.8000,2934.4000,1,1,1,1,1,1,2,1,5,5
SF,IH2006,2019-11-28 09:39:28.800,2930.2000,2537,0,13170060.000,0,-,-,-,-,2929.4000,2929.2000,2929.0000,2927.8000,2924.6000,2931.2000,2931.4000,2931.6000,2931.8000,2934.4000,1,1,1,1,1,1,2,1,5,5
SF,IH2006,2019-11-28 09:39:29.300,2930.2000,2537,0,13170060.000,0,-,-,-,-,2929.6000,2929.4000,2929.0000,2927.8000,2924.6000,2931.0000,2931.2000,2931.4000,2931.6000,2931.8000,1,1,1,1,1,2,1,2,1,5
SF,IH2006,2019-11-28 09:39:29.800,2930.2000,2537,0,13170060.000,0,-,-,-,-,2929.6000,2929.4000,2929.0000,2927.8000,2924.6000,2931.2000,2931.4000,2931.6000,2931.8000,2934.4000,1,1,1,1,1,1,2,1,5,5
SF,IH2006,2019-11-28 09:39:31.800,2930.2000,2537,0,13170060.000,0,-,-,-,-,2929.6000,2929.4000,2929.0000,2927.8000,2924.6000,2931.2000,2931.4000,2931.6000,2931.8000,2934.4000,1,1,1,1,1,1,2,1,5,5
SF,IH2006,2019-11-28 09:39:32.800,2930.2000,2537,0,13170060.000,0,-,-,-,-,2929.6000,2929.4000,2929.0000,2927.8000,2924.6000,2931.6000,2931.8000,2934.4000,2936.6000,2936.8000,1,1,1,1,1,1,5,5,1,1
SF,IH2006,2019-11-28 09:39:33.800,2930.2000,2537,0,13170060.000,0,-,-,-,-,2929.6000,2929.4000,2929.0000,2927.8000,2927.2000,2931.6000,2931.8000,2934.4000,2936.6000,2936.8000,1,1,1,1,1,1,5,5,1,1
SF,IH2006,2019-11-28 09:39:34.300,2930.2000,2537,0,13170060.000,0,-,-,-,-,2929.6000,2929.4000,2929.0000,2927.8000,2927.2000,2931.6000,2931.8000,2934.4000,2936.6000,2936.8000,2,1,1,1,1,1,5,5,1,1
SF,IH2006,2019-11-28 09:39:34.800,2930.2000,2537,0,13170060.000,0,-,-,-,-,2929.6000,2929.0000,2927.8000,2927.2000,2924.6000,2931.8000,2936.6000,2936.8000,2937.2000,2937.6000,2,1,1,1,1,5,1,1,1,5
SF,IH2006,2019-11-28 09:39:35.300,2930.2000,2537,0,13170060.000,0,-,-,-,-,2930.6000,2929.6000,2929.0000,2927.8000,2927.2000,2931.8000,2936.6000,2936.8000,2937.2000,2937.6000,1,2,1,1,1,5,1,1,1,5
SF,IH2006,2019-11-28 09:39:35.800,2930.2000,2537,0,13170060.000,0,-,-,-,-,2930.8000,2930.6000,2929.8000,2929.6000,2929.0000,2931.8000,2936.6000,2936.8000,2937.2000,2937.6000,1,1,1,1,1,5,1,1,1,5
SF,IH2006,2019-11-28 09:39:36.300,2930.2000,2537,0,13170060.000,0,-,-,-,-,2930.8000,2930.6000,2929.6000,2929.0000,2927.8000,2931.8000,2936.6000,2936.8000,2937.2000,2937.6000,1,1,1,1,1,5,1,1,1,5
SF,IH2006,2019-11-28 09:39:45.300,2930.2000,2537,0,13170060.000,0,-,-,-,-,2930.8000,2930.6000,2929.6000,2929.0000,2927.8000,2931.8000,2936.6000,2936.8000,2937.2000,2937.6000,1,1,1,1,1,5,1,1,1,5
SF,IH2006,2019-11-28 09:39:48.300,2930.2000,2537,0,13170060.000,0,-,-,-,-,2930.8000,2930.6000,2929.6000,2929.0000,2927.8000,2931.8000,2935.0000,2936.6000,2936.8000,2937.2000,1,1,1,1,1,5,1,1,1,1
SF,IH2006,2019-11-28 09:39:48.800,2930.2000,2537,0,13170060.000,0,-,-,-,-,2930.8000,2930.6000,2929.6000,2929.0000,2927.8000,2931.8000,2935.0000,2936.6000,2936.8000,2937.2000,1,1,1,1,1,5,1,1,1,1
SF,IH2006,2019-11-28 09:39:56.800,2931.8000,2533,-4,17567760.000,5,0,5,多平,S,2931.8000,2930.8000,2930.6000,2929.6000,2929.0000,2935.0000,2936.6000,2936.8000,2937.2000,2937.6000,1,1,1,1,1,1,1,1,1,5
SF,IH2006,2019-11-28 09:39:57.300,2931.8000,2533,0,17567760.000,0,-,-,-,-,2932.0000,2931.8000,2931.0000,2930.6000,2929.6000,2934.8000,2935.0000,2936.6000,2936.8000,2937.2000,1,1,1,1,1,5,1,1,1,1
SF,IH2006,2019-11-28 09:39:57.800,2931.8000,2533,0,17567760.000,0,-,-,-,-,2932.0000,2931.8000,2931.0000,2929.6000,2929.0000,2934.8000,2935.0000,2936.6000,2936.8000,2937.2000,1,1,1,1,1,5,1,1,1,1
SF,IH2006,2019-11-28 09:39:58.300,2931.8000,2533,0,17567760.000,0,-,-,-,-,2932.8000,2932.0000,2931.8000,2931.0000,2929.6000,2934.8000,2935.0000,2936.6000,2936.8000,2937.2000,1,1,1,1,1,4,1,1,1,1
SF,IH2006,2019-11-28 09:39:58.800,2931.8000,2533,0,17567760.000,0,-,-,-,-,2932.8000,2931.8000,2931.0000,2929.6000,2929.0000,2934.8000,2935.0000,2936.6000,2936.8000,2937.2000,1,1,1,1,1,4,1,1,1,1
SF,IH2006,2019-11-28 09:39:59.300,2931.8000,2533,0,17567760.000,0,-,-,-,-,2933.0000,2932.8000,2931.8000,2931.0000,2929.6000,2934.8000,2935.0000,2936.6000,2936.8000,2937.2000,1,1,1,1,1,2,1,1,1,1
SF,IH2006,2019-11-28 09:39:59.800,2931.8000,2533,0,17567760.000,0,-,-,-,-,2933.0000,2932.8000,2931.8000,2931.0000,2929.6000,2934.8000,2935.0000,2936.6000,2936.8000,2937.2000,1,1,1,1,1,1,1,1,1,1
SF,IH2006,2019-11-28 09:40:04.300,2931.8000,2533,0,17567760.000,0,-,-,-,-,2933.0000,2932.8000,2931.8000,2931.0000,2929.6000,2934.6000,2934.8000,2935.0000,2936.6000,2936.8000,1,1,1,1,1,1,1,1,1,1
SF,IH2006,2019-11-28 09:40:04.800,2931.8000,2533,0,17567760.000,0,-,-,-,-,2933.0000,2932.8000,2931.8000,2931.0000,2929.6000,2934.8000,2935.0000,2936.6000,2936.8000,2937.2000,1,1,1,1,1,1,1,1,1,1
SF,IH2006,2019-11-28 09:40:05.800,2931.8000,2533,0,17567760.000,0,-,-,-,-,2933.0000,2932.8000,2931.8000,2929.6000,2929.0000,2934.8000,2935.0000,2936.6000,2936.8000,2937.2000,1,1,1,1,1,1,1,1,1,1
SF,IH2006,2019-11-28 09:40:13.800,2931.8000,2533,0,17567760.000,0,-,-,-,-,2933.0000,2932.8000,2931.8000,2929.6000,2929.0000,2934.6000,2934.8000,2935.0000,2936.6000,2936.8000,1,1,1,1,1,1,1,1,1,1
SF,IH2006,2019-11-28 09:40:17.300,2933.0000,2532,-1,18447660.000,1,0,1,双平,S,2932.8000,2931.8000,2930.6000,2929.6000,2929.0000,2934.6000,2934.8000,2935.0000,2936.6000,2936.8000,1,1,1,1,1,1,2,1,1,1
SF,IH2006,2019-11-28 09:40:17.800,2932.8000,2531,-1,19327500.000,1,0,1,双平,S,2931.8000,2929.6000,2929.0000,2927.8000,2927.2000,2934.4000,2934.6000,2934.8000,2935.0000,2936.6000,1,1,1,1,1,1,1,1,1,1
SF,IH2006,2019-11-28 09:40:18.300,2932.8000,2531,0,19327500.000,0,-,-,-,-,2931.8000,2929.6000,2929.0000,2927.8000,2927.2000,2934.2000,2934.4000,2934.6000,2934.8000,2935.0000,1,1,1,1,1,3,2,1,1,1
SF,IH2006,2019-11-28 09:40:18.800,2932.8000,2531,0,19327500.000,0,-,-,-,-,2931.8000,2929.6000,2929.0000,2927.8000,2927.2000,2934.0000,2934.2000,2934.4000,2934.6000,2934.8000,1,1,1,1,1,1,3,1,1,1
SF,IH2006,2019-11-28 09:40:19.300,2932.8000,2531,0,19327500.000,0,-,-,-,-,2931.8000,2929.6000,2929.0000,2927.8000,2927.2000,2933.8000,2934.0000,2934.2000,2934.4000,2934.6000,1,1,1,1,1,2,2,3,1,1
SF,IH2006,2019-11-28 09:40:19.800,2932.8000,2531,0,19327500.000,0,-,-,-,-,2931.8000,2929.6000,2929.0000,2927.8000,2927.2000,2933.6000,2933.8000,2934.0000,2934.2000,2934.4000,1,1,1,1,1,1,2,1,2,1
SF,IH2006,2019-11-28 09:40:20.300,2932.8000,2531,0,19327500.000,0,-,-,-,-,2931.8000,2929.6000,2927.8000,2927.2000,2924.6000,2933.6000,2933.8000,2934.0000,2934.2000,2934.4000,1,1,1,1,1,1,2,1,2,1
SF,IH2006,2019-11-28 09:40:20.800,2932.8000,2531,0,19327500.000,0,-,-,-,-,2931.8000,2929.6000,2927.8000,2927.2000,2924.6000,2933.6000,2934.0000,2934.2000,2934.4000,2934.6000,1,1,1,1,1,1,1,2,1,1
SF,IH2006,2019-11-28 09:40:21.300,2932.8000,2531,0,19327500.000,0,-,-,-,-,2931.8000,2929.6000,2927.8000,2927.2000,2924.6000,2933.4000,2933.6000,2934.0000,2934.2000,2934.4000,1,1,1,1,1,1,1,1,2,1
SF,IH2006,2019-11-28 09:40:21.800,2932.8000,2531,0,19327500.000,0,-,-,-,-,2931.8000,2929.6000,2927.8000,2927.2000,2924.6000,2933.4000,2934.0000,2934.2000,2934.4000,2934.6000,1,1,1,1,1,1,1,2,1,1
SF,IH2006,2019-11-28 09:40:24.300,2932.8000,2531,0,19327500.000,0,-,-,-,-,2931.8000,2929.6000,2927.8000,2927.2000,2924.6000,2933.4000,2934.4000,2934.6000,2935.0000,2936.6000,1,1,1,1,1,1,1,1,1,1
SF,IH2006,2019-11-28 09:40:24.800,2932.8000,2531,0,19327500.000,0,-,-,-,-,2931.8000,2929.6000,2927.8000,2927.2000,2924.6000,2934.4000,2934.6000,2935.0000,2936.6000,2936.8000,1,1,1,1,1,1,1,1,1,1
SF,IH2006,2019-11-28 09:40:25.300,2932.8000,2531,0,19327500.000,0,-,-,-,-,2932.2000,2931.8000,2929.6000,2927.8000,2927.2000,2934.2000,2934.4000,2934.6000,2935.0000,2936.6000,1,1,1,1,1,3,1,1,1,1
SF,IH2006,2019-11-28 09:40:25.800,2932.8000,2531,0,19327500.000,0,-,-,-,-,2932.2000,2931.8000,2929.6000,2927.8000,2927.2000,2934.2000,2934.4000,2934.6000,2935.0000,2936.6000,1,1,1,1,1,1,1,1,1,1
SF,IH2006,2019-11-28 09:40:26.300,2932.8000,2531,0,19327500.000,0,-,-,-,-,2932.2000,2931.8000,2929.6000,2927.8000,2927.2000,2934.0000,2934.2000,2934.4000,2934.6000,2935.0000,1,1,1,1,1,1,1,1,1,1
SF,IH2006,2019-11-28 09:40:26.800,2932.8000,2531,0,19327500.000,0,-,-,-,-,2931.8000,2929.6000,2927.8000,2927.2000,2924.6000,2934.0000,2934.4000,2934.6000,2935.0000,2936.6000,1,1,1,1,1,2,1,1,1,1
SF,IH2006,2019-11-28 09:40:27.300,2932.8000,2531,0,19327500.000,0,-,-,-,-,2932.0000,2931.8000,2929.6000,2927.8000,2927.2000,2933.8000,2934.0000,2934.4000,2934.6000,2935.0000,1,1,1,1,1,1,2,1,1,1
SF,IH2006,2019-11-28 09:40:27.800,2932.8000,2531,0,19327500.000,0,-,-,-,-,2932.0000,2931.8000,2929.6000,2927.8000,2927.2000,2934.0000,2934.4000,2934.6000,2935.0000,2936.6000,1,1,1,1,1,2,1,1,1,1
SF,IH2006,2019-11-28 09:40:28.800,2932.8000,2531,0,19327500.000,0,-,-,-,-,2932.0000,2931.8000,2929.6000,2927.8000,2927.2000,2933.8000,2934.0000,2934.4000,2934.6000,2935.0000,1,1,1,1,1,1,2,1,1,1
SF,IH2006,2019-11-28 09:40:29.300,2932.8000,2531,0,19327500.000,0,-,-,-,-,2931.8000,2929.6000,2927.8000,2927.2000,2924.6000,2933.6000,2933.8000,2934.0000,2934.4000,2934.6000,1,1,1,1,1,3,1,2,1,1
SF,IH2006,2019-11-28 09:40:29.800,2932.8000,2531,0,19327500.000,0,-,-,-,-,2931.8000,2929.6000,2927.8000,2927.2000,2924.6000,2933.6000,2933.8000,2934.0000,2934.4000,2934.6000,1,1,1,1,1,2,1,2,1,1
SF,IH2006,2019-11-28 09:40:32.800,2932.8000,2531,0,19327500.000,0,-,-,-,-,2929.6000,2927.8000,2927.2000,2924.6000,2923.4000,2933.6000,2933.8000,2934.0000,2934.4000,2934.6000,1,1,1,1,1,2,1,2,1,1
SF,IH2006,2019-11-28 09:40:33.300,2932.8000,2531,0,19327500.000,0,-,-,-,-,2930.4000,2930.2000,2929.8000,2929.6000,2927.8000,2933.6000,2933.8000,2934.0000,2934.4000,2934.6000,1,1,3,1,1,2,1,2,1,1
SF,IH2006,2019-11-28 09:40:33.800,2932.8000,2531,0,19327500.000,0,-,-,-,-,2930.4000,2930.2000,2929.8000,2929.6000,2927.8000,2933.4000,2933.6000,2933.8000,2934.0000,2934.6000,1,1,1,1,1,3,2,1,2,1
SF,IH2006,2019-11-28 09:40:34.300,2932.8000,2531,0,19327500.000,0,-,-,-,-,2930.6000,2930.4000,2930.2000,2929.8000,2929.6000,2933.2000,2933.4000,2933.8000,2934.0000,2934.6000,1,1,1,1,1,1,3,1,2,1
SF,IH2006,2019-11-28 09:40:34.800,2932.8000,2531,0,19327500.000,0,-,-,-,-,2930.6000,2930.4000,2930.2000,2929.8000,2929.6000,2933.0000,2933.2000,2933.4000,2933.8000,2934.0000,1,1,1,1,1,1,1,3,1,2
SF,IH2006,2019-11-28 09:40:35.300,2932.8000,2531,0,19327500.000,0,-,-,-,-,2930.4000,2930.2000,2929.8000,2929.6000,2927.8000,2932.8000,2933.0000,2933.4000,2933.8000,2934.0000,1,1,1,1,1,1,2,3,1,2
SF,IH2006,2019-11-28 09:40:36.300,2932.8000,2531,0,19327500.000,0,-,-,-,-,2930.4000,2930.2000,2929.8000,2929.6000,2927.8000,2932.8000,2933.0000,2933.4000,2933.8000,2934.0000,1,1,1,1,1,1,1,3,1,2
SF,IH2006,2019-11-28 09:40:36.800,2932.8000,2531,0,19327500.000,0,-,-,-,-,2930.6000,2930.4000,2930.2000,2929.8000,2929.6000,2933.0000,2933.4000,2933.8000,2934.0000,2934.6000,1,1,1,1,1,1,3,1,2,1
SF,IH2006,2019-11-28 09:40:41.300,2932.8000,2531,0,19327500.000,0,-,-,-,-,2930.6000,2930.4000,2930.2000,2929.8000,2929.6000,2933.0000,2933.4000,2933.8000,2934.0000,2934.6000,2,1,1,1,1,1,3,1,2,1
SF,IH2006,2019-11-28 09:40:47.800,2932.8000,2531,0,19327500.000,0,-,-,-,-,2930.6000,2930.4000,2930.2000,2929.8000,2929.6000,2932.8000,2933.0000,2933.4000,2933.8000,2934.0000,2,1,1,1,1,2,1,3,1,2
SF,IH2006,2019-11-28 09:40:52.800,2932.8000,2531,0,19327500.000,0,-,-,-,-,2930.8000,2930.6000,2930.4000,2930.2000,2929.8000,2933.0000,2933.4000,2933.8000,2934.0000,2934.6000,1,2,1,1,1,1,3,1,2,1
SF,IH2006,2019-11-28 09:40:53.300,2932.8000,2531,0,19327500.000,0,-,-,-,-,2931.0000,2930.8000,2930.6000,2930.4000,2930.2000,2933.4000,2933.8000,2934.0000,2934.6000,2935.0000,1,1,1,1,1,3,1,2,1,1
SF,IH2006,2019-11-28 09:40:53.800,2932.8000,2531,0,19327500.000,0,-,-,-,-,2931.6000,2931.2000,2931.0000,2930.8000,2930.6000,2934.6000,2935.0000,2936.6000,2936.8000,2937.2000,1,1,1,1,1,1,1,1,1,1
SF,IH2006,2019-11-28 09:40:54.300,2932.8000,2531,0,19327500.000,0,-,-,-,-,2931.6000,2931.2000,2930.8000,2930.6000,2930.4000,2934.0000,2934.4000,2934.6000,2935.0000,2936.6000,1,1,1,1,1,1,3,1,1,1
SF,IH2006,2019-11-28 09:40:54.800,2932.8000,2531,0,19327500.000,0,-,-,-,-,2931.6000,2931.2000,2930.8000,2930.6000,2930.4000,2933.8000,2934.4000,2934.6000,2935.0000,2936.6000,1,1,1,1,1,4,2,1,1,1
SF,IH2006,2019-11-28 09:40:55.300,2932.8000,2531,0,19327500.000,0,-,-,-,-,2931.6000,2930.8000,2930.6000,2930.4000,2930.2000,2933.4000,2933.8000,2934.4000,2934.6000,2935.0000,1,1,1,1,1,1,4,2,1,1
SF,IH2006,2019-11-28 09:40:55.800,2932.8000,2531,0,19327500.000,0,-,-,-,-,2931.6000,2930.8000,2930.6000,2930.4000,2930.2000,2933.8000,2934.4000,2934.6000,2935.0000,2936.6000,1,1,1,1,1,3,2,1,1,1
SF,IH2006,2019-11-28 09:40:57.300,2932.8000,2531,0,19327500.000,0,-,-,-,-,2931.6000,2930.6000,2930.4000,2930.2000,2929.8000,2933.8000,2934.4000,2934.6000,2935.0000,2936.6000,1,1,1,1,1,3,2,1,1,1
SF,IH2006,2019-11-28 09:40:57.800,2932.8000,2531,0,19327500.000,0,-,-,-,-,2930.6000,2930.4000,2930.2000,2929.8000,2929.6000,2933.2000,2933.6000,2933.8000,2934.4000,2934.6000,1,1,1,1,1,1,1,3,2,1
SF,IH2006,2019-11-28 09:40:58.300,2932.8000,2531,0,19327500.000,0,-,-,-,-,2930.6000,2930.4000,2930.2000,2929.8000,2929.6000,2933.2000,2933.8000,2934.4000,2934.6000,2935.0000,1,1,1,1,1,1,3,2,1,1
SF,IH2006,2019-11-28 09:40:58.800,2932.8000,2531,0,19327500.000,0,-,-,-,-,2930.6000,2930.4000,2930.2000,2929.8000,2929.6000,2933.0000,2933.2000,2933.8000,2934.4000,2934.6000,1,1,1,1,1,2,1,3,2,1
SF,IH2006,2019-11-28 09:40:59.300,2932.8000,2531,0,19327500.000,0,-,-,-,-,2930.8000,2930.6000,2930.4000,2930.2000,2929.8000,2933.2000,2933.8000,2934.4000,2934.6000,2935.0000,2,1,1,1,1,1,3,2,1,1
SF,IH2006,2019-11-28 09:41:04.800,2932.8000,2531,0,19327500.000,0,-,-,-,-,2931.0000,2930.8000,2930.6000,2930.4000,2930.2000,2933.2000,2933.8000,2934.4000,2934.6000,2935.0000,1,2,1,1,1,1,1,2,1,1
SF,IH2006,2019-11-28 09:41:05.300,2932.8000,2531,0,19327500.000,0,-,-,-,-,2931.2000,2931.0000,2930.8000,2930.6000,2930.4000,2933.8000,2934.4000,2934.6000,2935.0000,2936.6000,2,1,1,1,1,1,2,1,1,1
SF,IH2006,2019-11-28 09:41:05.800,2932.8000,2531,0,19327500.000,0,-,-,-,-,2931.8000,2931.2000,2931.0000,2930.8000,2930.6000,2933.8000,2934.4000,2934.6000,2935.0000,2936.6000,1,2,1,1,1,1,2,1,1,1
SF,IH2006,2019-11-28 09:41:06.300,2932.8000,2531,0,19327500.000,0,-,-,-,-,2931.8000,2930.8000,2930.6000,2930.4000,2930.2000,2934.4000,2934.6000,2935.0000,2936.6000,2936.8000,1,1,1,1,1,2,1,1,1,1
SF,IH2006,2019-11-28 09:41:06.800,2932.8000,2531,0,19327500.000,0,-,-,-,-,2931.8000,2930.8000,2930.6000,2930.4000,2930.2000,2934.2000,2934.4000,2934.6000,2935.0000,2936.6000,1,1,1,1,1,3,2,1,1,1
SF,IH2006,2019-11-28 09:41:07.300,2932.8000,2531,0,19327500.000,0,-,-,-,-,2931.8000,2930.8000,2930.6000,2930.4000,2930.2000,2934.2000,2934.4000,2934.6000,2935.0000,2936.6000,1,1,1,1,1,4,2,1,1,1
SF,IH2006,2019-11-28 09:41:11.800,2932.8000,2531,0,19327500.000,0,-,-,-,-,2931.8000,2930.8000,2930.6000,2930.4000,2930.2000,2934.2000,2934.4000,2934.6000,2935.0000,2936.6000,1,1,1,1,1,4,2,1,1,1
SF,IH2006,2019-11-28 09:41:29.300,2932.8000,2531,0,19327500.000,0,-,-,-,-,2931.8000,2930.8000,2930.6000,2930.4000,2930.2000,2934.2000,2934.4000,2934.6000,2935.0000,2936.6000,1,1,1,1,1,4,2,1,1,1
SF,IH2006,2019-11-28 09:41:29.800,2932.8000,2531,0,19327500.000,0,-,-,-,-,2931.8000,2930.8000,2930.6000,2930.4000,2930.2000,2933.8000,2934.2000,2934.4000,2934.6000,2935.0000,1,1,1,1,1,1,4,2,1,1
SF,IH2006,2019-11-28 09:41:30.300,2932.8000,2531,0,19327500.000,0,-,-,-,-,2930.8000,2930.6000,2930.4000,2930.2000,2929.6000,2933.6000,2934.2000,2934.4000,2934.6000,2935.0000,1,1,1,1,1,3,3,2,1,1
SF,IH2006,2019-11-28 09:41:30.800,2932.8000,2531,0,19327500.000,0,-,-,-,-,2931.4000,2931.0000,2930.8000,2930.6000,2930.4000,2933.4000,2934.2000,2934.4000,2934.6000,2935.0000,1,2,1,1,1,1,3,2,1,1
SF,IH2006,2019-11-28 09:41:31.300,2932.8000,2531,0,19327500.000,0,-,-,-,-,2931.4000,2931.0000,2930.8000,2930.6000,2930.4000,2934.2000,2934.4000,2934.6000,2935.0000,2936.6000,1,1,1,1,1,3,2,1,1,1
SF,IH2006,2019-11-28 09:41:31.800,2932.8000,2531,0,19327500.000,0,-,-,-,-,2931.4000,2931.0000,2930.8000,2930.6000,2930.4000,2933.8000,2934.0000,2934.2000,2934.4000,2934.6000,1,1,1,1,1,1,3,3,2,1
SF,IH2006,2019-11-28 09:41:32.300,2932.8000,2531,0,19327500.000,0,-,-,-,-,2931.4000,2931.0000,2930.8000,2930.6000,2930.4000,2934.0000,2934.2000,2934.4000,2934.6000,2935.0000,1,1,1,1,1,2,3,2,1,1
SF,IH2006,2019-11-28 09:41:32.800,2932.8000,2531,0,19327500.000,0,-,-,-,-,2931.4000,2931.0000,2930.8000,2930.6000,2930.4000,2933.6000,2933.8000,2934.0000,2934.2000,2934.4000,1,1,1,1,1,1,3,2,3,2
SF,IH2006,2019-11-28 09:41:33.300,2932.8000,2531,0,19327500.000,0,-,-,-,-,2931.4000,2931.0000,2930.8000,2930.6000,2930.4000,2933.6000,2933.8000,2934.0000,2934.2000,2934.4000,1,1,1,1,1,1,1,2,3,2
SF,IH2006,2019-11-28 09:41:34.300,2932.8000,2531,0,19327500.000,0,-,-,-,-,2931.4000,2931.0000,2930.8000,2930.6000,2930.4000,2933.6000,2933.8000,2934.0000,2934.2000,2934.4000,1,1,1,2,1,1,1,2,3,2
SF,IH2006,2019-11-28 09:41:34.800,2932.8000,2531,0,19327500.000,0,-,-,-,-,2931.4000,2931.0000,2930.8000,2930.6000,2930.4000,2933.4000,2933.6000,2933.8000,2934.0000,2934.2000,1,1,1,2,1,1,1,1,2,3
SF,IH2006,2019-11-28 09:41:35.800,2932.8000,2531,0,19327500.000,0,-,-,-,-,2931.4000,2931.0000,2930.8000,2930.6000,2930.4000,2933.4000,2933.8000,2934.0000,2934.2000,2934.4000,1,1,1,2,1,1,1,2,3,2
SF,IH2006,2019-11-28 09:41:37.800,2932.8000,2531,0,19327500.000,0,-,-,-,-,2931.4000,2931.0000,2930.8000,2930.6000,2930.4000,2933.4000,2933.8000,2934.0000,2934.2000,2934.4000,1,1,1,2,1,1,1,2,3,2
SF,IH2006,2019-11-28 09:41:38.300,2932.8000,2531,0,19327500.000,0,-,-,-,-,2931.6000,2931.4000,2931.0000,2930.8000,2930.6000,2934.2000,2934.4000,2934.6000,2935.0000,2936.6000,2,1,1,1,2,1,2,1,1,1
SF,IH2006,2019-11-28 09:41:38.800,2932.8000,2531,0,19327500.000,0,-,-,-,-,2931.6000,2931.0000,2930.8000,2930.6000,2930.4000,2934.6000,2935.0000,2936.6000,2936.8000,2937.2000,3,1,1,2,1,1,1,1,1,1
SF,IH2006,2019-11-28 09:41:39.300,2932.8000,2531,0,19327500.000,0,-,-,-,-,2932.4000,2931.6000,2931.0000,2930.8000,2930.6000,2935.0000,2936.6000,2936.8000,2937.2000,2938.0000,1,3,1,1,1,1,1,1,1,1
SF,IH2006,2019-11-28 09:41:39.800,2932.8000,2531,0,19327500.000,0,-,-,-,-,2932.4000,2931.6000,2931.0000,2930.8000,2930.6000,2934.6000,2934.8000,2935.0000,2936.6000,2936.8000,1,2,1,1,1,1,2,1,1,1
SF,IH2006,2019-11-28 09:41:40.300,2932.8000,2531,0,19327500.000,0,-,-,-,-,2932.4000,2931.6000,2931.0000,2930.8000,2930.6000,2934.8000,2935.0000,2936.6000,2936.8000,2937.2000,1,2,1,1,1,1,1,1,1,1
SF,IH2006,2019-11-28 09:41:40.800,2932.8000,2531,0,19327500.000,0,-,-,-,-,2932.4000,2931.6000,2931.0000,2930.8000,2930.6000,2934.6000,2934.8000,2935.0000,2936.6000,2936.8000,1,2,1,1,1,1,1,1,1,1
SF,IH2006,2019-11-28 09:41:44.300,2932.8000,2531,0,19327500.000,0,-,-,-,-,2932.6000,2932.4000,2931.6000,2931.0000,2930.8000,2934.6000,2935.0000,2936.6000,2936.8000,2937.2000,1,1,2,1,1,1,1,1,1,1
SF,IH2006,2019-11-28 09:41:44.800,2932.8000,2531,0,19327500.000,0,-,-,-,-,2932.4000,2931.6000,2931.0000,2930.8000,2930.6000,2934.6000,2935.0000,2936.6000,2936.8000,2937.2000,1,2,1,1,1,1,1,1,1,1
SF,IH2006,2019-11-28 09:41:45.300,2932.8000,2531,0,19327500.000,0,-,-,-,-,2932.4000,2931.6000,2931.0000,2930.8000,2930.6000,2934.4000,2934.6000,2935.0000,2936.6000,2936.8000,1,2,1,1,1,1,1,1,1,1
SF,IH2006,2019-11-28 09:41:45.800,2932.8000,2531,0,19327500.000,0,-,-,-,-,2932.4000,2931.6000,2931.0000,2930.8000,2930.6000,2935.0000,2936.6000,2936.8000,2937.2000,2938.0000,1,2,1,1,1,1,1,1,1,1
SF,IH2006,2019-11-28 09:41:46.300,2932.8000,2531,0,19327500.000,0,-,-,-,-,2932.4000,2931.6000,2931.0000,2930.8000,2930.6000,2934.6000,2934.8000,2935.0000,2936.6000,2936.8000,1,2,1,1,1,1,3,1,1,1
SF,IH2006,2019-11-28 09:41:46.800,2932.8000,2531,0,19327500.000,0,-,-,-,-,2932.4000,2931.6000,2931.0000,2930.8000,2930.6000,2934.8000,2935.0000,2936.6000,2936.8000,2937.2000,1,2,1,1,1,2,1,1,1,1
SF,IH2006,2019-11-28 09:41:47.300,2932.8000,2531,0,19327500.000,0,-,-,-,-,2932.4000,2931.6000,2931.0000,2930.8000,2930.6000,2934.4000,2934.6000,2934.8000,2935.0000,2936.6000,1,2,1,1,1,1,1,2,1,1
SF,IH2006,2019-11-28 09:41:47.800,2932.8000,2531,0,19327500.000,0,-,-,-,-,2932.4000,2931.6000,2931.0000,2930.8000,2930.6000,2934.8000,2935.0000,2936.6000,2936.8000,2937.2000,1,2,1,1,1,2,1,1,1,1
SF,IH2006,2019-11-28 09:41:48.300,2932.8000,2531,0,19327500.000,0,-,-,-,-,2932.4000,2931.6000,2931.0000,2930.8000,2930.6000,2934.4000,2934.6000,2934.8000,2935.0000,2936.6000,1,2,1,1,1,1,1,2,1,1
SF,IH2006,2019-11-28 09:41:48.800,2932.8000,2531,0,19327500.000,0,-,-,-,-,2932.4000,2931.6000,2931.0000,2930.8000,2930.6000,2934.8000,2935.0000,2936.6000,2936.8000,2937.2000,1,2,1,1,1,2,1,1,1,1
SF,IH2006,2019-11-28 09:41:49.300,2932.8000,2531,0,19327500.000,0,-,-,-,-,2932.4000,2931.6000,2931.0000,2930.8000,2930.6000,2934.4000,2934.6000,2934.8000,2935.0000,2936.6000,1,2,1,1,1,1,1,2,1,1
SF,IH2006,2019-11-28 09:41:58.300,2932.8000,2531,0,19327500.000,0,-,-,-,-,2932.6000,2932.4000,2931.6000,2931.0000,2930.8000,2934.4000,2934.6000,2935.0000,2936.6000,2936.8000,1,1,2,1,1,1,1,1,1,1
SF,IH2006,2019-11-28 09:41:58.800,2932.8000,2531,0,19327500.000,0,-,-,-,-,2932.8000,2932.6000,2932.4000,2931.6000,2931.0000,2935.0000,2936.6000,2936.8000,2937.2000,2938.0000,1,1,1,2,1,1,1,1,1,1
SF,IH2006,2019-11-28 09:41:59.300,2932.8000,2531,0,19327500.000,0,-,-,-,-,2932.8000,2932.6000,2931.6000,2931.0000,2930.8000,2935.0000,2936.6000,2936.8000,2937.2000,2938.0000,1,1,2,1,1,1,1,1,1,1
SF,IH2006,2019-11-28 09:41:59.800,2932.8000,2531,0,19327500.000,0,-,-,-,-,2933.2000,2932.8000,2932.6000,2931.6000,2931.0000,2935.0000,2936.6000,2936.8000,2937.2000,2938.0000,1,1,1,2,1,1,1,1,1,1
SF,IH2006,2019-11-28 09:42:00.300,2932.8000,2531,0,19327500.000,0,-,-,-,-,2933.2000,2933.0000,2932.6000,2931.6000,2931.0000,2935.0000,2936.6000,2936.8000,2937.2000,2938.0000,1,1,1,2,1,1,1,1,1,1
SF,IH2006,2019-11-28 09:42:00.800,2935.0000,2530,-1,20208000.000,1,0,1,双平,S,2933.4000,2933.2000,2933.0000,2932.6000,2931.6000,2936.6000,2936.8000,2937.2000,2938.0000,2938.8000,1,1,1,1,2,1,1,1,1,1
SF,IH2006,2019-11-28 09:42:01.300,2935.0000,2530,0,20208000.000,0,-,-,-,-,2933.4000,2933.2000,2933.0000,2932.6000,2931.6000,2936.0000,2936.4000,2936.6000,2936.8000,2937.2000,2,1,1,1,2,1,2,1,1,1
SF,IH2006,2019-11-28 09:42:01.800,2935.0000,2530,0,20208000.000,0,-,-,-,-,2933.4000,2933.0000,2932.6000,2931.6000,2931.0000,2936.4000,2936.6000,2936.8000,2937.2000,2938.0000,2,1,1,2,1,2,1,1,1,1
SF,IH2006,2019-11-28 09:42:02.300,2935.0000,2530,0,20208000.000,0,-,-,-,-,2934.2000,2933.6000,2933.4000,2933.0000,2932.6000,2936.2000,2936.4000,2936.6000,2936.8000,2937.2000,1,1,2,1,1,1,1,1,1,1
SF,IH2006,2019-11-28 09:42:02.800,2935.0000,2530,0,20208000.000,0,-,-,-,-,2934.2000,2933.4000,2933.0000,2932.6000,2931.6000,2936.2000,2936.4000,2936.6000,2936.8000,2937.2000,1,1,1,1,2,1,1,1,1,1
SF,IH2006,2019-11-28 09:42:03.800,2935.0000,2530,0,20208000.000,0,-,-,-,-,2934.2000,2933.4000,2933.0000,2932.8000,2932.6000,2936.2000,2936.4000,2936.6000,2936.8000,2937.2000,1,1,1,1,1,1,1,1,1,1
SF,IH2006,2019-11-28 09:42:04.300,2935.0000,2530,0,20208000.000,0,-,-,-,-,2933.0000,2932.8000,2932.6000,2931.6000,2931.0000,2935.8000,2936.2000,2936.4000,2936.6000,2936.8000,1,1,1,2,1,1,1,1,1,1
SF,IH2006,2019-11-28 09:42:04.800,2935.0000,2530,0,20208000.000,0,-,-,-,-,2933.2000,2933.0000,2932.8000,2932.6000,2931.6000,2935.8000,2936.0000,2936.4000,2936.6000,2936.8000,2,1,1,1,2,1,1,1,1,1
SF,IH2006,2019-11-28 09:42:05.800,2935.0000,2530,0,20208000.000,0,-,-,-,-,2933.2000,2933.0000,2932.8000,2932.6000,2931.6000,2935.8000,2936.0000,2936.4000,2936.6000,2936.8000,2,1,1,1,2,1,1,1,1,1
SF,IH2006,2019-11-28 09:42:06.300,2935.0000,2530,0,20208000.000,0,-,-,-,-,2933.2000,2933.0000,2932.8000,2932.6000,2931.6000,2935.8000,2936.4000,2936.6000,2936.8000,2937.2000,2,1,1,1,2,1,1,1,1,1
SF,IH2006,2019-11-28 09:42:13.300,2935.0000,2530,0,20208000.000,0,-,-,-,-,2933.4000,2933.2000,2933.0000,2932.8000,2932.6000,2935.8000,2936.4000,2936.6000,2936.8000,2937.2000,1,2,2,1,1,1,1,1,1,1
SF,IH2006,2019-11-28 09:42:13.800,2935.0000,2530,0,20208000.000,0,-,-,-,-,2933.6000,2933.4000,2933.2000,2933.0000,2932.8000,2936.4000,2936.6000,2936.8000,2937.2000,2938.0000,2,1,1,2,1,1,1,1,1,1
SF,IH2006,2019-11-28 09:42:14.300,2935.0000,2530,0,20208000.000,0,-,-,-,-,2934.2000,2933.6000,2933.4000,2933.2000,2933.0000,2936.4000,2936.6000,2936.8000,2937.2000,2938.0000,1,2,1,1,2,1,1,1,1,1
SF,IH2006,2019-11-28 09:42:14.800,2935.0000,2530,0,20208000.000,0,-,-,-,-,2934.2000,2933.6000,2933.4000,2933.2000,2933.0000,2936.4000,2936.6000,2936.8000,2937.2000,2938.0000,1,1,1,1,2,1,1,1,1,1
SF,IH2006,2019-11-28 09:42:15.300,2935.0000,2530,0,20208000.000,0,-,-,-,-,2934.2000,2933.6000,2933.4000,2933.2000,2933.0000,2936.2000,2936.4000,2936.6000,2936.8000,2937.2000,1,1,1,1,1,1,1,1,1,1
SF,IH2006,2019-11-28 09:42:15.800,2935.0000,2530,0,20208000.000,0,-,-,-,-,2934.2000,2933.6000,2933.4000,2933.2000,2933.0000,2936.6000,2936.8000,2937.2000,2938.0000,2938.8000,1,1,1,1,1,1,1,1,1,1
SF,IH2006,2019-11-28 09:42:16.300,2935.0000,2530,0,20208000.000,0,-,-,-,-,2934.2000,2933.6000,2933.4000,2933.2000,2933.0000,2936.4000,2936.6000,2936.8000,2937.2000,2938.0000,1,1,1,1,1,1,1,1,1,1
SF,IH2006,2019-11-28 09:42:16.800,2935.0000,2530,0,20208000.000,0,-,-,-,-,2934.2000,2933.6000,2933.4000,2933.2000,2933.0000,2936.6000,2936.8000,2937.2000,2938.0000,2938.8000,1,1,1,1,1,1,1,1,1,1
SF,IH2006,2019-11-28 09:42:17.300,2935.0000,2530,0,20208000.000,0,-,-,-,-,2934.2000,2933.6000,2933.4000,2933.2000,2933.0000,2936.2000,2936.6000,2936.8000,2937.2000,2938.0000,1,1,1,1,1,1,1,1,1,1
SF,IH2006,2019-11-28 09:42:17.800,2934.2000,2529,-1,21088260.000,1,0,1,双平,S,2933.6000,2933.4000,2933.2000,2933.0000,2932.8000,2936.4000,2936.6000,2936.8000,2937.2000,2938.0000,1,1,1,1,1,1,1,1,1,1
SF,IH2006,2019-11-28 09:42:18.300,2934.2000,2529,0,21088260.000,0,-,-,-,-,2933.8000,2933.6000,2933.4000,2933.2000,2933.0000,2936.0000,2936.4000,2936.6000,2936.8000,2937.2000,1,1,1,1,1,1,1,1,1,1
SF,IH2006,2019-11-28 09:42:18.800,2934.2000,2529,0,21088260.000,0,-,-,-,-,2934.0000,2933.8000,2933.6000,2933.4000,2933.2000,2936.0000,2936.6000,2936.8000,2937.2000,2938.0000,1,1,1,1,1,1,1,1,1,1
SF,IH2006,2019-11-28 09:42:19.300,2934.2000,2529,0,21088260.000,0,-,-,-,-,2934.0000,2933.6000,2933.4000,2933.2000,2933.0000,2936.0000,2936.6000,2936.8000,2937.2000,2938.0000,1,1,1,1,1,1,1,1,1,1
SF,IH2006,2019-11-28 09:42:19.800,2934.2000,2529,0,21088260.000,0,-,-,-,-,2934.2000,2934.0000,2933.6000,2933.4000,2933.2000,2936.0000,2936.6000,2936.8000,2937.2000,2938.0000,1,1,1,1,1,1,1,1,1,1
SF,IH2006,2019-11-28 09:42:20.300,2934.2000,2529,0,21088260.000,0,-,-,-,-,2934.2000,2933.6000,2933.4000,2933.2000,2933.0000,2936.0000,2936.6000,2936.8000,2937.2000,2938.0000,1,1,1,1,1,1,1,1,1,1
SF,IH2006,2019-11-28 09:42:25.800,2934.2000,2529,0,21088260.000,0,-,-,-,-,2934.2000,2933.6000,2933.2000,2933.0000,2932.8000,2936.0000,2936.6000,2936.8000,2937.2000,2938.0000,1,1,1,1,1,1,1,1,1,1
SF,IH2006,2019-11-28 09:42:26.300,2934.2000,2529,0,21088260.000,0,-,-,-,-,2933.2000,2933.0000,2932.8000,2932.6000,2931.6000,2936.0000,2936.6000,2936.8000,2937.2000,2938.0000,1,1,1,1,2,1,1,1,1,1
SF,IH2006,2019-11-28 09:42:26.800,2934.2000,2529,0,21088260.000,0,-,-,-,-,2933.4000,2933.2000,2933.0000,2932.8000,2932.6000,2936.0000,2936.6000,2936.8000,2937.2000,2938.0000,2,1,1,1,1,1,1,1,1,1
SF,IH2006,2019-11-28 09:42:27.300,2934.2000,2529,0,21088260.000,0,-,-,-,-,2933.4000,2933.2000,2933.0000,2932.8000,2932.6000,2935.8000,2936.0000,2936.6000,2936.8000,2937.2000,2,1,1,1,1,1,1,1,1,1
