市场代码,合约代码,时间,最新,持仓,增仓,成交额,成交量,开仓,平仓,成交类型,方向,买一价,买二价,买三价,买四价,买五价,卖一价,卖二价,卖三价,卖四价,卖五价,买一量,买二量,买三量,买四量,买五量,卖一量,卖二量,卖三量,卖四量,卖五量
SF,IH2009,2020-03-24 09:29:00.200,2534.2000,10820,0,9883380.000,13.000,-,-,-,-,2530.0000,2528.0000,2524.0000,2520.0000,2515.0000,2535.0000,2538.0000,2539.0000,2539.8000,2540.8000,11,1,3,4,1,1,1,1,2,1
SF,IH2009,2020-03-24 09:30:00.200,2528.0000,10830,10,18990780.000,12,11,1,空开,S,2524.0000,2520.0000,2515.0000,2512.6000,2512.0000,2526.2000,2528.6000,2528.8000,2529.0000,2529.4000,3,4,1,1,2,1,4,1,3,1
SF,IH2009,2020-03-24 09:30:00.700,2524.0000,10831,1,22020780.000,4,2,2,空开,S,2524.0000,2520.0000,2515.0000,2514.0000,2512.6000,2525.8000,2526.0000,2526.2000,2528.6000,2529.0000,4,4,1,1,1,3,7,1,4,2
SF,IH2009,2020-03-24 09:30:01.200,2525.8000,10826,-5,25808340.000,5,0,5,双平,S,2524.0000,2520.0000,2515.0000,2514.0000,2512.6000,2526.0000,2526.2000,2528.6000,2529.0000,2530.0000,2,4,1,1,1,2,1,4,2,14
SF,IH2009,2020-03-24 09:30:01.700,2524.0000,10825,-1,26565540.000,1,0,1,双平,S,2524.0000,2520.0000,2515.6000,2515.0000,2514.0000,2526.2000,2529.0000,2530.0000,2530.8000,2533.6000,1,4,5,1,1,1,2,14,1,1
SF,IH2009,2020-03-24 09:30:02.200,2526.2000,10825,0,27323400.000,1,0,1,多换,S,2524.0000,2520.0000,2515.6000,2515.0000,2514.0000,2529.0000,2530.0000,2530.8000,2533.6000,2534.2000,1,4,5,1,1,2,14,1,1,1
SF,IH2009,2020-03-24 09:30:02.700,2528.8000,10825,0,28840680.000,2,1,1,多换,S,2524.4000,2524.2000,2524.0000,2520.0000,2515.6000,2529.0000,2530.0000,2530.8000,2533.6000,2534.2000,1,13,1,4,5,2,14,1,1,1
SF,IH2009,2020-03-24 09:30:03.200,2528.8000,10824,-1,29599320.000,1,0,1,双平,S,2524.6000,2524.4000,2524.0000,2520.0000,2515.6000,2528.8000,2529.0000,2530.0000,2530.8000,2533.6000,13,1,1,4,5,1,2,14,1,1
SF,IH2009,2020-03-24 09:30:03.700,2528.8000,10824,0,29599320.000,0,-,-,-,-,2525.0000,2524.6000,2524.0000,2520.0000,2515.6000,2528.8000,2529.0000,2530.0000,2530.8000,2533.6000,1,13,1,4,5,2,2,14,1,1
SF,IH2009,2020-03-24 09:30:04.200,2525.8000,10824,0,31114800.000,2,1,1,多换,S,2526.2000,2525.6000,2525.2000,2525.0000,2524.8000,2528.8000,2529.0000,2530.0000,2530.8000,2533.6000,4,1,14,1,1,1,1,14,1,1
SF,IH2009,2020-03-24 09:30:04.700,2525.8000,10824,0,31114800.000,0,-,-,-,-,2526.4000,2526.2000,2525.0000,2524.8000,2520.0000,2528.8000,2530.0000,2530.8000,2533.6000,2534.2000,13,4,2,1,4,1,4,1,1,2
SF,IH2009,2020-03-24 09:30:05.200,2528.8000,10824,0,33390720.000,3,1,2,多换,S,2528.8000,2526.4000,2526.2000,2525.0000,2524.8000,2530.0000,2530.8000,2533.6000,2534.2000,2534.6000,3,14,4,1,1,4,1,1,2,5
SF,IH2009,2020-03-24 09:30:05.700,2528.8000,10822,-2,40218480.000,9,3,6,多平,S,2529.0000,2528.8000,2526.4000,2526.2000,2520.0000,2530.0000,2530.8000,2533.6000,2534.2000,2534.6000,4,1,1,4,4,4,1,1,2,5
SF,IH2009,2020-03-24 09:30:06.200,2528.8000,10821,-1,44011740.000,5,2,3,多平,S,2526.4000,2526.2000,2520.0000,2515.6000,2515.0000,2530.0000,2530.8000,2533.6000,2534.2000,2534.6000,1,4,4,5,1,4,1,1,2,5
SF,IH2009,2020-03-24 09:30:06.700,2529.8000,10820,-1,45528600.000,2,0,2,多平,S,2526.6000,2526.2000,2520.0000,2515.6000,2515.0000,2528.8000,2530.0000,2530.8000,2533.6000,2534.2000,1,4,4,5,1,1,4,1,1,2
SF,IH2009,2020-03-24 09:30:07.200,2526.6000,10819,-1,46286580.000,1,0,1,双平,S,2526.2000,2526.0000,2520.0000,2515.6000,2515.0000,2528.6000,2528.8000,2529.0000,2530.0000,2530.8000,4,1,4,5,1,5,1,1,4,1
SF,IH2009,2020-03-24 09:30:07.700,2528.6000,10819,0,48560880.000,3,1,2,多换,S,2526.2000,2526.0000,2520.0000,2515.6000,2515.0000,2528.0000,2528.6000,2528.8000,2529.0000,2530.0000,2,1,4,5,1,1,5,1,1,4
SF,IH2009,2020-03-24 09:30:08.200,2526.2000,10819,0,50076600.000,2,1,1,多换,S,2526.0000,2520.0000,2515.6000,2515.0000,2514.0000,2527.8000,2528.0000,2528.6000,2528.8000,2529.0000,1,4,5,1,1,2,1,3,1,1
SF,IH2009,2020-03-24 09:30:08.700,2526.0000,10819,0,50834400.000,1,0,1,多换,S,2520.0000,2515.6000,2515.0000,2514.0000,2512.0000,2526.0000,2527.0000,2527.2000,2527.8000,2528.0000,4,5,1,1,1,2,1,1,2,1
SF,IH2009,2020-03-24 09:30:09.200,2526.0000,10819,0,50834400.000,0,-,-,-,-,2520.2000,2520.0000,2515.0000,2514.0000,2512.0000,2525.8000,2527.0000,2527.2000,2527.4000,2528.0000,2,4,1,1,1,2,1,1,1,1
SF,IH2009,2020-03-24 09:30:09.700,2526.0000,10817,-2,52350000.000,2,0,2,双平,S,2520.2000,2520.0000,2515.0000,2514.0000,2512.0000,2525.8000,2526.0000,2526.2000,2527.0000,2527.2000,3,5,1,1,1,2,1,1,1,1
SF,IH2009,2020-03-24 09:30:10.200,2527.4000,10809,-8,58413540.000,8,0,8,双平,S,2527.8000,2520.4000,2520.2000,2520.0000,2515.0000,2528.0000,2528.6000,2528.8000,2529.8000,2530.0000,3,2,1,6,1,1,3,1,1,4
SF,IH2009,2020-03-24 09:30:10.700,2520.4000,10806,-3,61444680.000,4,0,4,多平,S,2520.4000,2520.2000,2520.0000,2515.0000,2514.0000,2526.2000,2527.4000,2527.8000,2528.0000,2528.6000,1,1,6,1,1,1,1,4,1,3
SF,IH2009,2020-03-24 09:30:11.200,2520.6000,10804,-2,62956980.000,2,0,2,双平,S,2520.0000,2515.0000,2514.0000,2512.0000,2511.8000,2526.0000,2526.2000,2527.4000,2528.0000,2528.6000,5,1,1,1,5,1,1,1,1,3
SF,IH2009,2020-03-24 09:30:11.700,2520.6000,10804,0,62956980.000,0,-,-,-,-,2520.0000,2515.0000,2514.0000,2512.0000,2511.8000,2523.2000,2525.4000,2525.6000,2525.8000,2526.0000,5,1,1,1,5,1,1,1,2,1
SF,IH2009,2020-03-24 09:30:12.200,2520.6000,10804,0,62956980.000,0,-,-,-,-,2520.2000,2520.0000,2515.0000,2514.0000,2512.0000,2523.0000,2525.4000,2525.6000,2525.8000,2526.0000,2,5,1,1,1,1,1,2,2,1
SF,IH2009,2020-03-24 09:30:12.700,2520.2000,10802,-2,64469940.000,2,0,2,双平,S,2520.2000,2520.0000,2516.4000,2515.0000,2514.0000,2520.4000,2522.6000,2525.6000,2525.8000,2526.0000,1,4,1,1,1,10,1,2,2,1
SF,IH2009,2020-03-24 09:30:13.200,2520.4000,10792,-10,72031140.000,10,0,10,双平,S,2520.2000,2520.0000,2516.4000,2515.0000,2514.0000,2522.6000,2523.2000,2525.6000,2525.8000,2526.0000,1,4,1,1,1,1,2,5,2,1
SF,IH2009,2020-03-24 09:30:13.700,2520.0000,10792,0,72787140.000,1,0,1,多换,S,2520.0000,2516.4000,2515.0000,2514.0000,2512.0000,2523.2000,2525.6000,2525.8000,2526.0000,2527.0000,3,1,1,1,1,2,5,2,1,5
SF,IH2009,2020-03-24 09:30:14.200,2520.0000,10792,0,74299140.000,2,1,1,多换,S,2520.0000,2516.4000,2515.0000,2514.0000,2512.0000,2522.4000,2522.8000,2523.2000,2525.6000,2525.8000,1,1,1,1,1,1,1,2,5,2
SF,IH2009,2020-03-24 09:30:14.700,2520.0000,10792,0,75055140.000,1,0,1,多换,S,2516.4000,2515.0000,2514.0000,2512.0000,2511.8000,2520.2000,2522.4000,2522.8000,2523.2000,2524.4000,1,1,1,1,5,1,2,1,2,1
SF,IH2009,2020-03-24 09:30:15.200,2520.0000,10792,0,75055140.000,0,-,-,-,-,2517.0000,2516.8000,2516.6000,2516.4000,2515.0000,2520.2000,2522.4000,2522.8000,2523.2000,2524.4000,1,1,3,1,1,2,1,1,2,1
SF,IH2009,2020-03-24 09:30:15.700,2520.0000,10792,0,75055140.000,0,-,-,-,-,2517.2000,2516.8000,2516.6000,2516.4000,2515.0000,2520.0000,2520.2000,2522.8000,2523.2000,2524.4000,1,1,1,1,1,1,2,1,2,1
SF,IH2009,2020-03-24 09:30:16.200,2517.2000,10791,-1,75810300.000,1,0,1,双平,S,2516.8000,2516.4000,2515.0000,2514.0000,2512.0000,2519.8000,2520.0000,2520.2000,2522.8000,2523.2000,1,1,1,1,1,1,2,2,1,2
SF,IH2009,2020-03-24 09:30:16.700,2516.8000,10791,0,76565340.000,1,0,1,多换,S,2516.4000,2515.0000,2514.0000,2512.0000,2511.0000,2519.8000,2520.0000,2520.2000,2522.8000,2523.2000,1,1,1,1,1,1,3,2,1,2
SF,IH2009,2020-03-24 09:30:17.200,2516.8000,10791,0,76565340.000,0,-,-,-,-,2516.4000,2515.0000,2514.0000,2512.0000,2511.0000,2519.6000,2519.8000,2520.0000,2520.2000,2522.8000,1,1,1,1,1,1,2,3,3,1
SF,IH2009,2020-03-24 09:30:17.700,2516.8000,10791,0,76565340.000,0,-,-,-,-,2516.4000,2515.0000,2514.0000,2512.0000,2511.0000,2517.0000,2517.2000,2519.2000,2519.4000,2519.6000,1,1,1,1,1,1,1,1,1,1
SF,IH2009,2020-03-24 09:30:18.200,2517.2000,10790,-1,78075600.000,2,0,2,多平,S,2517.6000,2517.4000,2517.2000,2516.4000,2515.0000,2519.2000,2519.4000,2519.6000,2520.0000,2520.2000,2,1,2,1,1,1,1,1,2,3
SF,IH2009,2020-03-24 09:30:18.700,2517.6000,10789,-1,78830880.000,1,0,1,双平,S,2517.8000,2517.6000,2517.4000,2517.2000,2516.4000,2519.0000,2519.2000,2520.0000,2520.2000,2522.8000,1,1,1,2,1,1,1,1,3,1
SF,IH2009,2020-03-24 09:30:19.200,2517.6000,10789,0,78830880.000,0,-,-,-,-,2517.8000,2517.6000,2517.4000,2517.2000,2516.4000,2518.6000,2519.0000,2519.2000,2520.0000,2520.2000,1,1,1,2,1,1,1,3,1,3
SF,IH2009,2020-03-24 09:30:19.700,2517.8000,10787,-2,80341560.000,2,0,2,双平,S,2519.0000,2517.6000,2517.4000,2517.2000,2516.4000,2520.0000,2520.2000,2523.2000,2524.4000,2525.6000,1,1,1,2,1,1,3,1,1,6
SF,IH2009,2020-03-24 09:30:20.200,2519.6000,10786,-1,81853140.000,2,0,2,多平,S,2518.6000,2517.6000,2517.4000,2517.2000,2516.4000,2519.8000,2520.0000,2520.2000,2523.2000,2524.4000,1,1,1,2,1,1,1,3,1,1
SF,IH2009,2020-03-24 09:30:20.700,2517.6000,10784,-2,83364000.000,2,0,2,双平,S,2517.4000,2517.2000,2516.4000,2515.0000,2514.0000,2517.8000,2518.6000,2519.4000,2519.8000,2520.0000,1,2,1,1,2,1,1,1,2,1
SF,IH2009,2020-03-24 09:30:21.200,2517.8000,10784,0,84119340.000,1,0,1,多换,S,2518.2000,2517.4000,2517.2000,2516.4000,2515.0000,2518.6000,2519.8000,2520.0000,2520.2000,2523.2000,2,1,2,1,1,1,2,1,2,1
SF,IH2009,2020-03-24 09:30:21.700,2517.8000,10784,0,84119340.000,0,-,-,-,-,2517.4000,2517.2000,2516.4000,2515.0000,2514.0000,2519.8000,2520.0000,2520.2000,2523.2000,2524.4000,1,2,1,1,2,1,1,2,1,1
SF,IH2009,2020-03-24 09:30:22.200,2517.8000,10784,0,84874680.000,1,0,1,多换,S,2517.4000,2517.2000,2516.4000,2515.0000,2514.0000,2519.8000,2520.0000,2520.2000,2523.2000,2524.4000,1,2,1,1,2,1,1,2,1,1
SF,IH2009,2020-03-24 09:30:22.700,2520.0000,10783,-1,86386620.000,2,0,2,多平,S,2517.4000,2517.2000,2516.4000,2515.0000,2514.0000,2520.2000,2523.2000,2524.4000,2525.6000,2525.8000,1,2,1,1,2,2,1,1,4,1
SF,IH2009,2020-03-24 09:30:23.200,2520.2000,10782,-1,87898740.000,2,0,2,多平,S,2517.8000,2517.6000,2517.4000,2516.4000,2515.0000,2523.2000,2524.4000,2525.6000,2525.8000,2526.4000,2,2,2,1,1,1,1,4,1,1
SF,IH2009,2020-03-24 09:30:23.700,2520.2000,10782,0,87898740.000,0,-,-,-,-,2518.0000,2517.8000,2517.6000,2517.4000,2516.4000,2522.8000,2523.2000,2524.4000,2525.6000,2525.8000,2,2,1,2,1,1,1,1,4,1
SF,IH2009,2020-03-24 09:30:24.200,2520.2000,10782,0,87898740.000,0,-,-,-,-,2518.4000,2518.0000,2517.6000,2517.4000,2516.4000,2523.2000,2524.4000,2525.6000,2525.8000,2526.4000,2,3,1,2,1,1,1,4,1,1
SF,IH2009,2020-03-24 09:30:24.700,2520.2000,10782,0,87898740.000,0,-,-,-,-,2520.0000,2519.4000,2519.2000,2518.6000,2518.4000,2524.4000,2525.6000,2526.4000,2527.0000,2528.0000,1,1,1,6,4,1,4,1,5,1
SF,IH2009,2020-03-24 09:30:25.200,2520.2000,10782,0,87898740.000,0,-,-,-,-,2520.2000,2519.2000,2518.6000,2518.4000,2518.0000,2524.2000,2524.4000,2525.6000,2526.0000,2526.4000,2,1,4,4,1,1,1,1,1,1
SF,IH2009,2020-03-24 09:30:25.700,2520.2000,10782,0,87898740.000,0,-,-,-,-,2520.4000,2520.2000,2520.0000,2519.2000,2518.6000,2524.2000,2524.4000,2525.6000,2526.0000,2528.0000,2,3,3,1,4,1,1,1,1,1
SF,IH2009,2020-03-24 09:30:26.200,2520.2000,10782,0,87898740.000,0,-,-,-,-,2520.6000,2520.4000,2520.0000,2519.2000,2518.6000,2524.2000,2524.4000,2525.6000,2526.0000,2528.0000,4,2,1,1,4,1,1,1,1,1
SF,IH2009,2020-03-24 09:30:26.700,2520.2000,10780,-2,89410860.000,2,0,2,双平,S,2520.8000,2520.6000,2520.0000,2519.2000,2518.6000,2524.0000,2524.4000,2525.6000,2526.0000,2528.0000,1,1,1,1,4,1,1,1,1,1
SF,IH2009,2020-03-24 09:30:27.200,2520.2000,10780,0,89410860.000,0,-,-,-,-,2521.0000,2520.8000,2520.6000,2520.0000,2519.2000,2523.8000,2524.0000,2524.4000,2525.6000,2526.0000,2,3,1,1,1,1,1,1,1,1
SF,IH2009,2020-03-24 09:30:27.700,2520.2000,10780,0,89410860.000,0,-,-,-,-,2521.0000,2520.0000,2519.2000,2518.6000,2518.0000,2523.6000,2523.8000,2524.4000,2525.6000,2526.0000,1,1,1,4,1,1,1,1,1,1
SF,IH2009,2020-03-24 09:30:28.200,2520.2000,10780,0,89410860.000,0,-,-,-,-,2521.0000,2520.0000,2519.2000,2518.6000,2518.0000,2523.4000,2523.6000,2523.8000,2524.4000,2525.6000,1,1,1,4,1,1,1,1,1,1
SF,IH2009,2020-03-24 09:30:28.700,2521.0000,10779,-1,90167160.000,1,0,1,双平,S,2520.0000,2519.2000,2518.6000,2518.0000,2517.6000,2521.0000,2523.2000,2523.4000,2523.8000,2524.0000,1,1,4,1,1,2,1,1,1,1
SF,IH2009,2020-03-24 09:30:29.200,2521.0000,10778,-1,92436060.000,3,1,2,多平,S,2520.0000,2519.8000,2519.2000,2518.6000,2518.0000,2521.0000,2523.2000,2523.4000,2524.0000,2524.4000,3,1,1,4,1,1,1,1,1,1
SF,IH2009,2020-03-24 09:30:29.700,2519.8000,10775,-3,95460300.000,4,0,4,多平,S,2519.2000,2518.6000,2518.0000,2517.6000,2517.4000,2520.0000,2521.0000,2523.2000,2524.0000,2524.4000,1,4,1,1,1,1,1,1,1,1
SF,IH2009,2020-03-24 09:30:30.200,2519.8000,10775,0,95460300.000,0,-,-,-,-,2518.6000,2518.0000,2517.6000,2517.4000,2516.4000,2519.2000,2520.0000,2520.8000,2521.0000,2523.2000,1,1,1,1,1,1,1,2,1,1
SF,IH2009,2020-03-24 09:30:30.700,2518.6000,10774,-1,96215880.000,1,0,1,双平,S,2517.6000,2517.4000,2516.4000,2515.0000,2514.0000,2519.2000,2520.0000,2520.8000,2521.0000,2523.2000,1,1,1,1,2,1,1,2,1,1
SF,IH2009,2020-03-24 09:30:31.200,2518.6000,10774,0,96215880.000,0,-,-,-,-,2517.8000,2517.6000,2517.4000,2516.4000,2515.0000,2519.2000,2520.0000,2521.0000,2523.2000,2524.0000,1,1,1,1,1,1,1,1,1,1
SF,IH2009,2020-03-24 09:30:31.700,2519.0000,10774,0,96971580.000,1,0,1,多换,S,2517.6000,2517.4000,2516.4000,2515.0000,2514.0000,2519.2000,2520.0000,2521.0000,2523.2000,2524.0000,1,1,1,1,2,1,1,1,1,1
SF,IH2009,2020-03-24 09:30:32.200,2518.6000,10774,0,97727160.000,1,0,1,多换,S,2516.4000,2515.0000,2514.0000,2512.0000,2510.0000,2517.6000,2519.2000,2520.0000,2521.0000,2523.2000,1,1,2,1,2,1,1,1,1,1
SF,IH2009,2020-03-24 09:30:32.700,2517.6000,10773,-1,98482440.000,1,0,1,双平,S,2517.0000,2516.6000,2516.4000,2515.0000,2514.0000,2519.0000,2519.2000,2521.0000,2523.2000,2523.6000,1,5,1,1,2,1,1,1,1,1
SF,IH2009,2020-03-24 09:30:33.200,2518.6000,10770,-3,100749180.000,3,0,3,双平,S,2517.0000,2516.6000,2516.4000,2515.0000,2514.0000,2518.6000,2519.0000,2521.0000,2523.2000,2523.6000,1,5,1,1,2,7,1,1,1,1
SF,IH2009,2020-03-24 09:30:33.700,2518.6000,10763,-7,106038240.000,7,0,7,双平,S,2518.8000,2517.4000,2517.2000,2517.0000,2516.6000,2521.0000,2523.2000,2523.6000,2524.0000,2524.4000,1,3,4,2,3,1,1,1,1,1
SF,IH2009,2020-03-24 09:30:34.200,2518.6000,10763,0,106038240.000,0,-,-,-,-,2518.8000,2517.4000,2517.2000,2517.0000,2516.6000,2521.0000,2523.2000,2523.6000,2524.0000,2525.6000,1,3,4,2,3,1,1,1,1,1
SF,IH2009,2020-03-24 09:30:34.700,2518.6000,10763,0,106038240.000,0,-,-,-,-,2518.8000,2517.4000,2517.2000,2517.0000,2516.6000,2521.0000,2523.2000,2523.6000,2524.0000,2525.6000,1,3,4,2,3,1,1,1,1,1
SF,IH2009,2020-03-24 09:30:35.200,2518.8000,10763,0,106793880.000,1,0,1,多换,S,2519.2000,2519.0000,2517.4000,2517.2000,2517.0000,2521.0000,2523.2000,2523.6000,2524.0000,2525.6000,1,4,3,3,2,1,1,1,1,1
SF,IH2009,2020-03-24 09:30:35.700,2519.0000,10761,-2,108305340.000,2,0,2,双平,S,2517.4000,2517.2000,2517.0000,2516.6000,2516.4000,2518.8000,2521.0000,2523.2000,2523.6000,2524.0000,3,3,2,3,1,2,1,1,1,1
SF,IH2009,2020-03-24 09:30:36.200,2518.8000,10760,-1,109060980.000,1,0,1,双平,S,2517.6000,2517.4000,2517.2000,2517.0000,2516.6000,2518.8000,2521.0000,2523.2000,2523.6000,2524.0000,4,3,2,2,3,2,1,1,1,1
SF,IH2009,2020-03-24 09:30:36.700,2517.6000,10759,-1,109816260.000,1,0,1,双平,S,2517.6000,2517.4000,2517.2000,2517.0000,2516.6000,2518.8000,2519.2000,2521.0000,2523.2000,2523.6000,1,1,2,2,3,2,1,1,1,1
SF,IH2009,2020-03-24 09:30:37.200,2518.8000,10758,-1,110571900.000,1,0,1,双平,S,2517.0000,2516.6000,2516.4000,2515.0000,2514.0000,2518.8000,2519.2000,2519.8000,2521.0000,2523.2000,1,3,1,1,2,1,1,1,1,1
SF,IH2009,2020-03-24 09:30:37.700,2518.8000,10757,-1,111327540.000,1,0,1,双平,S,2517.8000,2517.4000,2517.2000,2517.0000,2516.6000,2519.2000,2519.8000,2521.0000,2523.2000,2523.6000,1,3,1,2,3,1,1,1,1,1
SF,IH2009,2020-03-24 09:30:38.200,2519.2000,10756,-1,112083300.000,1,0,1,双平,S,2518.2000,2518.0000,2517.8000,2517.4000,2517.2000,2519.8000,2521.0000,2523.2000,2523.6000,2524.0000,2,1,1,1,1,1,1,1,1,1
SF,IH2009,2020-03-24 09:30:38.700,2519.2000,10756,0,112083300.000,0,-,-,-,-,2518.4000,2518.2000,2517.8000,2517.4000,2517.2000,2519.8000,2521.0000,2523.2000,2523.6000,2524.0000,2,2,1,1,1,1,1,1,1,1
SF,IH2009,2020-03-24 09:30:39.200,2519.2000,10756,0,112083300.000,0,-,-,-,-,2517.8000,2517.4000,2517.2000,2517.0000,2516.6000,2519.8000,2521.0000,2523.2000,2523.6000,2524.0000,1,1,1,2,3,1,2,1,1,1
SF,IH2009,2020-03-24 09:30:39.700,2519.2000,10756,0,112083300.000,0,-,-,-,-,2518.0000,2517.8000,2517.4000,2517.2000,2517.0000,2519.0000,2519.8000,2521.0000,2523.2000,2523.6000,1,1,1,1,2,1,1,2,1,1
SF,IH2009,2020-03-24 09:30:40.200,2519.2000,10756,0,112083300.000,0,-,-,-,-,2517.4000,2517.2000,2517.0000,2516.6000,2516.4000,2519.0000,2519.8000,2521.0000,2523.2000,2523.6000,1,1,2,4,1,1,1,2,1,1
SF,IH2009,2020-03-24 09:30:40.700,2519.2000,10756,0,112083300.000,0,-,-,-,-,2517.6000,2517.4000,2517.2000,2517.0000,2516.6000,2519.0000,2519.8000,2521.0000,2523.0000,2523.2000,3,1,1,2,4,1,1,2,1,1
SF,IH2009,2020-03-24 09:30:41.200,2519.2000,10756,0,112083300.000,0,-,-,-,-,2517.8000,2517.6000,2517.4000,2517.2000,2517.0000,2519.0000,2519.8000,2521.0000,2523.0000,2523.2000,2,3,1,1,2,1,1,2,1,1
SF,IH2009,2020-03-24 09:30:41.700,2519.2000,10756,0,112839060.000,1,0,1,多换,S,2518.0000,2517.8000,2517.6000,2517.4000,2517.2000,2519.8000,2521.0000,2523.0000,2523.2000,2523.6000,1,2,3,1,1,1,2,1,1,1
SF,IH2009,2020-03-24 09:30:42.200,2519.2000,10756,0,112839060.000,0,-,-,-,-,2517.6000,2517.4000,2517.2000,2517.0000,2516.6000,2519.8000,2521.0000,2523.0000,2523.2000,2523.6000,3,1,1,2,4,1,2,1,1,1
SF,IH2009,2020-03-24 09:30:42.700,2519.2000,10756,0,112839060.000,0,-,-,-,-,2517.6000,2517.4000,2517.2000,2517.0000,2516.6000,2519.2000,2519.8000,2521.0000,2523.0000,2523.2000,3,1,1,2,4,1,1,2,1,1
SF,IH2009,2020-03-24 09:30:43.200,2519.2000,10756,0,112839060.000,0,-,-,-,-,2517.6000,2517.4000,2517.2000,2517.0000,2516.6000,2518.0000,2519.2000,2519.8000,2521.0000,2523.0000,3,1,1,2,4,1,1,1,2,1
SF,IH2009,2020-03-24 09:30:43.700,2518.0000,10755,-1,113594460.000,1,0,1,双平,S,2518.2000,2517.0000,2516.6000,2515.0000,2514.0000,2519.2000,2519.8000,2521.0000,2523.0000,2523.2000,2,1,4,1,2,1,1,2,1,1
SF,IH2009,2020-03-24 09:30:44.200,2518.0000,10755,0,113594460.000,0,-,-,-,-,2518.0000,2517.0000,2516.6000,2515.0000,2514.0000,2519.2000,2519.8000,2521.0000,2523.0000,2523.2000,1,1,4,1,2,1,1,2,1,1
SF,IH2009,2020-03-24 09:30:44.700,2518.0000,10755,0,113594460.000,0,-,-,-,-,2518.0000,2517.0000,2516.6000,2515.0000,2514.0000,2519.2000,2519.8000,2521.0000,2523.0000,2523.2000,1,1,4,1,2,1,1,2,1,1
SF,IH2009,2020-03-24 09:30:45.200,2518.0000,10755,0,115105620.000,2,1,1,多换,S,2519.4000,2517.0000,2516.6000,2515.0000,2514.0000,2519.8000,2521.0000,2523.0000,2523.2000,2523.6000,2,1,4,1,2,1,2,1,1,1
SF,IH2009,2020-03-24 09:30:45.700,2518.2000,10752,-3,117372720.000,3,0,3,双平,S,2518.2000,2517.0000,2516.6000,2515.0000,2514.0000,2519.8000,2521.0000,2523.0000,2523.2000,2523.6000,1,1,4,1,2,1,2,1,1,1
SF,IH2009,2020-03-24 09:30:46.200,2518.2000,10752,0,117372720.000,0,-,-,-,-,2518.0000,2517.0000,2516.6000,2515.0000,2514.0000,2519.8000,2520.2000,2521.0000,2523.0000,2523.2000,1,1,4,1,2,1,1,2,1,1
SF,IH2009,2020-03-24 09:30:46.700,2518.2000,10752,0,117372720.000,0,-,-,-,-,2518.4000,2518.2000,2518.0000,2517.0000,2516.6000,2519.8000,2520.2000,2521.0000,2523.0000,2523.2000,4,3,1,1,4,1,1,2,1,1
SF,IH2009,2020-03-24 09:30:47.200,2518.0000,10752,0,118128120.000,1,0,1,多换,S,2517.0000,2516.6000,2515.0000,2514.0000,2513.6000,2518.0000,2519.8000,2520.2000,2521.0000,2523.0000,1,3,1,2,1,9,1,1,2,1
SF,IH2009,2020-03-24 09:30:47.700,2518.0000,10745,-7,124171320.000,8,0,8,多平,S,2517.4000,2517.0000,2516.6000,2515.0000,2514.0000,2518.0000,2518.4000,2519.8000,2520.2000,2521.0000,2,2,3,1,2,2,1,1,1,2
SF,IH2009,2020-03-24 09:30:48.200,2518.4000,10744,-1,126437640.000,3,1,2,多平,S,2517.6000,2517.4000,2517.2000,2517.0000,2516.6000,2519.8000,2520.2000,2521.0000,2523.0000,2523.2000,3,2,3,2,3,1,1,2,1,1
SF,IH2009,2020-03-24 09:30:48.700,2518.4000,10744,0,126437640.000,0,-,-,-,-,2518.0000,2517.8000,2517.6000,2517.4000,2517.2000,2518.8000,2519.8000,2520.2000,2521.0000,2523.0000,3,3,3,1,3,1,1,1,2,1
SF,IH2009,2020-03-24 09:30:49.700,2518.4000,10744,0,126437640.000,0,-,-,-,-,2518.0000,2517.8000,2517.6000,2517.4000,2517.2000,2518.4000,2518.8000,2519.8000,2520.2000,2521.0000,3,3,3,1,3,1,1,1,1,2
SF,IH2009,2020-03-24 09:30:50.200,2518.4000,10743,-1,127193160.000,1,0,1,双平,S,2518.2000,2518.0000,2517.8000,2517.6000,2517.4000,2518.8000,2519.0000,2519.8000,2520.2000,2521.0000,1,3,3,3,1,1,1,1,1,2
SF,IH2009,2020-03-24 09:30:50.700,2518.4000,10743,0,127193160.000,0,-,-,-,-,2518.4000,2518.0000,2517.8000,2517.6000,2517.4000,2518.8000,2519.0000,2519.8000,2520.2000,2521.0000,1,3,3,3,1,1,1,1,1,2
SF,IH2009,2020-03-24 09:30:51.200,2518.4000,10743,0,127193160.000,0,-,-,-,-,2517.8000,2517.6000,2517.4000,2517.2000,2517.0000,2518.8000,2519.0000,2519.8000,2520.2000,2521.0000,3,3,1,3,2,1,1,1,1,2
SF,IH2009,2020-03-24 09:30:51.700,2518.4000,10743,0,127193160.000,0,-,-,-,-,2518.2000,2518.0000,2517.8000,2517.6000,2517.4000,2518.8000,2519.0000,2519.8000,2520.2000,2521.0000,1,2,3,3,1,1,1,1,1,2
SF,IH2009,2020-03-24 09:30:52.200,2518.4000,10743,0,127193160.000,0,-,-,-,-,2518.0000,2517.8000,2517.6000,2517.4000,2517.2000,2518.8000,2519.0000,2519.8000,2520.2000,2521.0000,1,3,3,1,3,1,1,1,1,2
SF,IH2009,2020-03-24 09:30:52.700,2518.4000,10743,0,127193160.000,0,-,-,-,-,2518.0000,2517.8000,2517.6000,2517.4000,2517.2000,2518.8000,2519.0000,2519.8000,2520.2000,2521.0000,1,3,3,1,3,1,1,1,1,2
SF,IH2009,2020-03-24 09:30:53.200,2518.0000,10740,-3,131725380.000,6,1,5,多平,S,2517.6000,2517.4000,2517.2000,2517.0000,2516.6000,2518.8000,2519.0000,2519.8000,2520.2000,2521.0000,3,1,3,2,3,1,1,1,1,2
SF,IH2009,2020-03-24 09:30:53.700,2518.8000,10739,-1,132481020.000,1,0,1,双平,S,2518.4000,2517.4000,2517.2000,2517.0000,2516.6000,2519.0000,2519.8000,2520.2000,2521.0000,2523.0000,1,1,3,2,3,1,1,1,2,1
SF,IH2009,2020-03-24 09:30:54.200,2518.8000,10737,-2,134748060.000,3,0,3,多平,S,2518.6000,2518.4000,2517.4000,2517.0000,2515.0000,2519.8000,2520.2000,2521.0000,2523.0000,2523.6000,1,1,1,2,1,1,1,2,1,1
SF,IH2009,2020-03-24 09:30:54.700,2518.4000,10736,-1,135503580.000,1,0,1,双平,S,2517.4000,2517.0000,2515.0000,2514.0000,2513.6000,2518.2000,2519.0000,2519.6000,2519.8000,2520.2000,1,2,1,2,1,2,1,1,1,1
SF,IH2009,2020-03-24 09:30:55.200,2517.6000,10735,-1,136258860.000,1,0,1,双平,S,2517.4000,2517.0000,2515.0000,2514.0000,2513.6000,2518.2000,2519.0000,2519.8000,2520.2000,2521.0000,1,2,1,2,1,2,1,1,1,2
SF,IH2009,2020-03-24 09:30:55.700,2517.6000,10735,0,136258860.000,0,-,-,-,-,2517.4000,2517.0000,2515.0000,2514.0000,2513.6000,2518.0000,2518.2000,2519.0000,2519.8000,2520.2000,1,2,1,2,1,1,2,1,1,1
SF,IH2009,2020-03-24 09:30:56.200,2518.0000,10735,0,137769480.000,2,1,1,多换,S,2517.0000,2515.0000,2514.0000,2513.6000,2512.0000,2518.2000,2519.0000,2519.8000,2520.2000,2521.0000,1,1,2,1,1,2,1,1,1,2
SF,IH2009,2020-03-24 09:30:56.700,2518.0000,10733,-2,139279980.000,2,0,2,双平,S,2515.0000,2514.0000,2513.6000,2512.0000,2511.2000,2518.2000,2519.0000,2519.8000,2520.2000,2521.0000,1,2,1,1,1,2,1,1,1,2
SF,IH2009,2020-03-24 09:30:57.200,2518.0000,10733,0,139279980.000,0,-,-,-,-,2517.0000,2515.0000,2514.0000,2513.6000,2512.0000,2518.2000,2519.8000,2520.2000,2521.0000,2523.0000,1,1,2,1,1,2,1,1,2,1
SF,IH2009,2020-03-24 09:30:57.700,2518.0000,10733,0,139279980.000,0,-,-,-,-,2515.2000,2515.0000,2514.0000,2513.6000,2512.0000,2518.0000,2518.2000,2519.8000,2520.2000,2521.0000,1,1,2,1,1,1,2,1,1,2
SF,IH2009,2020-03-24 09:30:58.200,2518.0000,10733,0,139279980.000,0,-,-,-,-,2515.2000,2515.0000,2514.0000,2513.6000,2512.0000,2518.2000,2519.8000,2520.2000,2521.0000,2523.0000,1,1,2,1,1,2,1,1,2,1
SF,IH2009,2020-03-24 09:30:58.700,2518.0000,10733,0,139279980.000,0,-,-,-,-,2515.0000,2514.0000,2513.6000,2512.0000,2511.2000,2517.4000,2517.8000,2518.0000,2518.2000,2519.8000,1,2,1,1,1,1,1,1,2,1
SF,IH2009,2020-03-24 09:30:59.200,2518.0000,10733,0,139279980.000,0,-,-,-,-,2515.0000,2514.0000,2513.6000,2512.0000,2511.2000,2515.2000,2517.4000,2517.8000,2518.0000,2518.2000,1,2,1,1,1,1,1,1,1,2
SF,IH2009,2020-03-24 09:30:59.700,2515.2000,10732,-1,140034540.000,1,0,1,双平,S,2515.4000,2515.2000,2515.0000,2514.0000,2513.6000,2517.2000,2517.8000,2518.0000,2519.8000,2520.2000,1,5,1,2,1,3,1,1,1,1
SF,IH2009,2020-03-24 09:31:00.200,2515.2000,10732,0,140034540.000,0,-,-,-,-,2515.4000,2515.2000,2515.0000,2514.0000,2513.6000,2517.0000,2517.2000,2518.0000,2519.8000,2520.2000,1,5,1,2,1,1,2,1,1,1
SF,IH2009,2020-03-24 09:31:00.700,2515.2000,10731,-1,140789100.000,1,0,1,双平,S,2515.2000,2515.0000,2514.0000,2513.6000,2512.0000,2516.8000,2517.2000,2518.0000,2519.8000,2520.2000,4,1,2,1,1,1,2,1,1,1
SF,IH2009,2020-03-24 09:31:01.200,2515.0000,10728,-3,143807280.000,4,0,4,多平,S,2514.0000,2513.6000,2512.0000,2511.4000,2511.2000,2515.2000,2516.6000,2517.2000,2518.0000,2519.8000,2,1,1,1,1,1,2,2,1,1
SF,IH2009,2020-03-24 09:31:01.700,2514.0000,10728,0,145315680.000,2,1,1,多换,S,2514.2000,2514.0000,2513.6000,2512.0000,2511.4000,2515.2000,2516.6000,2517.2000,2518.0000,2519.8000,1,1,1,1,1,1,1,2,1,1
SF,IH2009,2020-03-24 09:31:02.200,2514.0000,10726,-2,146824140.000,2,0,2,双平,S,2513.6000,2512.0000,2511.2000,2510.0000,2508.0000,2515.0000,2515.2000,2517.2000,2518.0000,2519.8000,1,1,1,2,7,2,1,2,1,1
SF,IH2009,2020-03-24 09:31:02.700,2513.6000,10725,-1,147578220.000,1,0,1,双平,S,2512.0000,2511.2000,2510.0000,2508.0000,2504.0000,2515.0000,2517.2000,2518.0000,2519.8000,2520.2000,1,1,2,7,1,2,2,1,1,1
SF,IH2009,2020-03-24 09:31:03.200,2513.6000,10725,0,147578220.000,0,-,-,-,-,2512.0000,2511.8000,2511.2000,2510.0000,2508.0000,2515.0000,2517.2000,2518.0000,2519.8000,2520.2000,1,1,1,2,7,1,2,1,1,1
SF,IH2009,2020-03-24 09:31:03.700,2512.0000,10725,0,148331820.000,1,0,1,多换,S,2511.2000,2510.0000,2508.0000,2504.0000,2501.2000,2513.6000,2514.8000,2515.0000,2517.2000,2518.0000,1,2,7,1,1,1,1,1,2,1
SF,IH2009,2020-03-24 09:31:04.200,2512.0000,10725,0,148331820.000,0,-,-,-,-,2511.8000,2511.6000,2511.2000,2511.0000,2510.0000,2513.6000,2514.8000,2515.0000,2515.4000,2517.2000,1,1,1,2,2,1,1,1,1,2
SF,IH2009,2020-03-24 09:31:04.700,2512.0000,10725,0,148331820.000,0,-,-,-,-,2511.2000,2510.0000,2508.0000,2504.0000,2501.2000,2513.4000,2513.6000,2514.8000,2515.4000,2517.2000,1,2,7,1,1,2,1,1,1,2
SF,IH2009,2020-03-24 09:31:05.200,2513.2000,10725,0,149085780.000,1,0,1,多换,S,2511.2000,2510.0000,2508.0000,2504.2000,2504.0000,2513.4000,2513.6000,2514.8000,2515.4000,2517.2000,1,2,2,5,1,1,1,1,1,2
SF,IH2009,2020-03-24 09:31:05.700,2513.2000,10724,-1,149839740.000,1,0,1,双平,S,2511.2000,2510.0000,2508.0000,2504.2000,2504.0000,2513.4000,2513.6000,2514.8000,2515.4000,2517.2000,1,2,2,5,1,1,1,1,1,2
SF,IH2009,2020-03-24 09:31:06.200,2513.2000,10724,0,149839740.000,0,-,-,-,-,2511.2000,2510.0000,2508.0000,2504.2000,2504.0000,2511.6000,2513.4000,2513.6000,2514.8000,2515.4000,1,2,2,5,1,1,1,1,1,1
SF,IH2009,2020-03-24 09:31:06.700,2511.6000,10723,-1,150593220.000,1,0,1,双平,S,2511.2000,2510.0000,2508.0000,2504.2000,2504.0000,2513.2000,2513.4000,2513.6000,2515.4000,2517.2000,1,2,2,5,1,1,1,1,1,2
SF,IH2009,2020-03-24 09:31:07.200,2511.2000,10723,0,151346580.000,1,0,1,多换,S,2510.0000,2508.0000,2504.6000,2504.2000,2504.0000,2513.0000,2513.2000,2513.6000,2515.4000,2517.2000,2,2,1,5,1,2,1,1,1,1
SF,IH2009,2020-03-24 09:31:07.700,2511.2000,10723,0,151346580.000,0,-,-,-,-,2510.0000,2509.8000,2508.0000,2504.6000,2504.2000,2513.0000,2513.6000,2515.4000,2517.2000,2518.0000,2,4,2,1,5,1,1,1,1,1
SF,IH2009,2020-03-24 09:31:08.200,2511.2000,10723,0,151346580.000,0,-,-,-,-,2510.0000,2508.0000,2504.6000,2504.2000,2504.0000,2513.0000,2513.6000,2515.4000,2517.2000,2518.0000,2,2,1,5,1,1,1,1,1,1
SF,IH2009,2020-03-24 09:31:08.700,2511.2000,10723,0,151346580.000,0,-,-,-,-,2510.4000,2510.0000,2509.8000,2508.0000,2504.6000,2513.0000,2513.6000,2515.4000,2517.2000,2518.0000,2,2,4,2,1,1,1,1,1,1
SF,IH2009,2020-03-24 09:31:09.200,2513.0000,10723,0,152100480.000,1,0,1,多换,S,2510.4000,2510.0000,2509.8000,2508.0000,2504.6000,2511.2000,2513.2000,2513.6000,2515.4000,2517.2000,2,2,4,2,1,1,1,1,1,1
SF,IH2009,2020-03-24 09:31:09.700,2512.8000,10721,-2,153607680.000,2,0,2,双平,S,2511.8000,2511.6000,2511.4000,2511.2000,2511.0000,2513.2000,2513.6000,2515.4000,2517.2000,2518.0000,1,1,2,4,2,1,1,1,1,1
SF,IH2009,2020-03-24 09:31:10.200,2513.2000,10720,-1,154361640.000,1,0,1,双平,S,2512.0000,2511.4000,2511.2000,2510.0000,2509.8000,2513.6000,2517.2000,2518.0000,2519.8000,2520.2000,2,2,3,4,4,1,1,1,1,1
SF,IH2009,2020-03-24 09:31:10.700,2513.6000,10720,0,155115720.000,1,0,1,多换,S,2511.8000,2511.4000,2511.2000,2510.0000,2509.8000,2517.2000,2518.0000,2519.4000,2519.8000,2520.2000,1,3,3,4,4,1,1,1,1,1
SF,IH2009,2020-03-24 09:31:11.200,2513.6000,10720,0,155115720.000,0,-,-,-,-,2512.2000,2512.0000,2511.8000,2511.6000,2511.4000,2517.0000,2517.2000,2518.0000,2519.4000,2519.8000,1,3,1,1,3,2,1,1,1,1
SF,IH2009,2020-03-24 09:31:11.700,2513.6000,10720,0,155115720.000,0,-,-,-,-,2512.4000,2512.2000,2511.8000,2511.6000,2511.4000,2517.0000,2517.2000,2518.0000,2519.4000,2519.8000,1,1,1,1,2,2,1,1,1,1
SF,IH2009,2020-03-24 09:31:12.200,2513.6000,10720,0,155115720.000,0,-,-,-,-,2512.4000,2512.2000,2511.8000,2511.6000,2511.4000,2517.0000,2517.2000,2518.0000,2519.4000,2519.8000,1,1,2,1,2,2,1,1,1,1
SF,IH2009,2020-03-24 09:31:12.700,2512.4000,10719,-1,155869440.000,1,0,1,双平,S,2511.8000,2511.4000,2511.2000,2510.0000,2509.8000,2517.0000,2517.2000,2518.0000,2519.4000,2519.8000,2,2,3,4,4,2,1,1,1,1
SF,IH2009,2020-03-24 09:31:13.200,2512.4000,10719,0,155869440.000,0,-,-,-,-,2512.2000,2512.0000,2511.8000,2511.6000,2511.4000,2517.0000,2517.2000,2518.0000,2519.4000,2519.8000,2,2,1,1,2,2,1,1,1,1
SF,IH2009,2020-03-24 09:31:13.700,2512.4000,10719,0,155869440.000,0,-,-,-,-,2513.0000,2512.6000,2512.2000,2512.0000,2511.8000,2517.0000,2517.2000,2518.0000,2519.4000,2519.8000,1,1,2,4,1,2,1,1,1,1
SF,IH2009,2020-03-24 09:31:14.200,2512.4000,10719,0,155869440.000,0,-,-,-,-,2513.4000,2513.2000,2513.0000,2512.6000,2512.0000,2517.2000,2518.0000,2519.4000,2519.8000,2520.2000,2,1,1,2,4,1,1,1,1,1
SF,IH2009,2020-03-24 09:31:14.700,2512.4000,10719,0,155869440.000,0,-,-,-,-,2513.6000,2513.4000,2513.0000,2512.6000,2512.0000,2517.0000,2517.2000,2518.0000,2519.4000,2519.8000,1,3,1,1,2,1,1,1,1,1
SF,IH2009,2020-03-24 09:31:15.200,2512.4000,10719,0,155869440.000,0,-,-,-,-,2513.6000,2513.4000,2513.0000,2512.6000,2512.0000,2517.0000,2517.2000,2518.0000,2519.4000,2519.8000,1,3,1,1,2,1,1,1,1,1
SF,IH2009,2020-03-24 09:31:15.700,2512.4000,10718,-1,156623160.000,1,0,1,双平,S,2514.0000,2513.0000,2512.6000,2512.0000,2511.8000,2516.8000,2517.0000,2517.2000,2518.0000,2519.4000,1,1,1,2,1,1,1,1,1,1
SF,IH2009,2020-03-24 09:31:16.200,2514.0000,10717,-1,158131500.000,2,0,2,多平,S,2512.0000,2511.8000,2511.6000,2511.4000,2511.2000,2516.6000,2516.8000,2517.2000,2518.0000,2519.4000,2,1,1,2,3,1,2,1,1,1
SF,IH2009,2020-03-24 09:31:16.700,2514.0000,10717,0,158131500.000,0,-,-,-,-,2511.4000,2511.2000,2510.0000,2509.8000,2508.0000,2516.4000,2516.6000,2517.2000,2518.0000,2519.8000,2,3,3,4,2,3,1,1,1,1
SF,IH2009,2020-03-24 09:31:17.200,2514.0000,10717,0,158131500.000,0,-,-,-,-,2511.4000,2511.2000,2510.0000,2509.8000,2508.0000,2516.2000,2516.4000,2517.2000,2518.0000,2519.8000,2,3,3,4,2,1,3,1,1,1
SF,IH2009,2020-03-24 09:31:17.700,2514.0000,10717,0,158131500.000,0,-,-,-,-,2511.4000,2511.2000,2510.0000,2509.8000,2508.0000,2515.8000,2516.0000,2516.2000,2517.2000,2518.0000,2,3,3,4,2,1,2,1,1,1
SF,IH2009,2020-03-24 09:31:18.200,2514.0000,10717,0,158131500.000,0,-,-,-,-,2511.4000,2511.2000,2510.0000,2509.8000,2508.0000,2515.6000,2515.8000,2517.2000,2518.0000,2519.8000,2,3,3,4,2,4,1,1,1,1
SF,IH2009,2020-03-24 09:31:18.700,2514.0000,10717,0,158131500.000,0,-,-,-,-,2511.4000,2511.2000,2510.0000,2509.8000,2508.0000,2514.4000,2515.6000,2515.8000,2517.2000,2518.0000,2,3,3,4,2,2,4,1,1,1
SF,IH2009,2020-03-24 09:31:19.200,2514.0000,10717,0,158131500.000,0,-,-,-,-,2511.4000,2511.2000,2510.0000,2509.8000,2508.0000,2514.2000,2514.4000,2515.6000,2517.2000,2518.0000,2,3,3,4,2,1,2,3,1,1
SF,IH2009,2020-03-24 09:31:19.700,2514.0000,10717,0,158131500.000,0,-,-,-,-,2511.8000,2511.4000,2511.2000,2510.0000,2509.8000,2514.2000,2514.4000,2515.6000,2517.2000,2518.0000,2,2,3,3,4,1,2,2,1,1
SF,IH2009,2020-03-24 09:31:20.200,2514.0000,10717,0,158131500.000,0,-,-,-,-,2511.4000,2511.2000,2510.0000,2509.8000,2508.0000,2514.2000,2515.6000,2515.8000,2517.2000,2518.0000,2,3,3,4,2,1,2,1,1,1
SF,IH2009,2020-03-24 09:31:20.700,2514.0000,10717,0,158131500.000,0,-,-,-,-,2512.0000,2511.4000,2511.2000,2510.0000,2509.8000,2514.2000,2515.6000,2515.8000,2517.2000,2518.0000,2,2,3,3,4,1,1,1,1,1
SF,IH2009,2020-03-24 09:31:21.200,2514.0000,10717,0,158131500.000,0,-,-,-,-,2512.0000,2511.6000,2511.4000,2511.2000,2510.0000,2514.2000,2515.6000,2515.8000,2517.2000,2518.0000,2,1,2,3,3,1,1,1,1,1
SF,IH2009,2020-03-24 09:31:21.700,2517.2000,10714,-3,161150340.000,4,0,4,多平,S,2517.0000,2516.8000,2515.6000,2515.4000,2514.6000,2518.0000,2519.8000,2520.2000,2520.8000,2521.0000,2,1,2,1,4,1,1,1,1,1
SF,IH2009,2020-03-24 09:31:22.200,2517.8000,10709,-5,164926260.000,5,0,5,双平,S,2514.6000,2514.4000,2514.2000,2513.0000,2512.2000,2516.6000,2517.8000,2518.0000,2519.8000,2520.2000,4,3,2,1,3,2,1,1,1,1
SF,IH2009,2020-03-24 09:31:22.700,2516.4000,10707,-2,166435620.000,2,0,2,双平,S,2515.0000,2514.8000,2514.6000,2514.4000,2514.2000,2518.0000,2519.8000,2520.2000,2520.8000,2521.0000,2,2,4,3,2,1,1,1,1,1
SF,IH2009,2020-03-24 09:31:23.200,2516.4000,10707,0,166435620.000,0,-,-,-,-,2516.6000,2515.2000,2515.0000,2514.8000,2514.6000,2517.8000,2518.0000,2519.8000,2520.2000,2520.8000,2,1,2,2,4,1,1,1,1,1
SF,IH2009,2020-03-24 09:31:23.700,2516.4000,10707,0,166435620.000,0,-,-,-,-,2516.6000,2515.2000,2515.0000,2514.8000,2514.6000,2517.8000,2518.0000,2519.8000,2520.2000,2520.8000,2,1,2,2,4,1,1,1,1,1
SF,IH2009,2020-03-24 09:31:24.200,2516.4000,10707,0,166435620.000,0,-,-,-,-,2515.2000,2515.0000,2514.8000,2514.6000,2514.4000,2516.4000,2517.6000,2517.8000,2518.0000,2519.8000,1,2,2,4,3,2,1,1,1,1
SF,IH2009,2020-03-24 09:31:24.700,2516.4000,10707,0,166435620.000,0,-,-,-,-,2515.4000,2515.2000,2514.6000,2514.4000,2514.2000,2516.4000,2517.8000,2518.0000,2519.8000,2520.2000,1,1,4,3,1,2,1,1,1,1
SF,IH2009,2020-03-24 09:31:25.200,2516.2000,10705,-2,167945040.000,2,0,2,双平,S,2514.6000,2514.4000,2514.2000,2513.0000,2512.0000,2516.4000,2517.8000,2518.0000,2518.4000,2519.8000,4,3,1,1,1,2,1,1,1,1
SF,IH2009,2020-03-24 09:31:25.700,2516.2000,10705,0,167945040.000,0,-,-,-,-,2514.6000,2514.4000,2514.2000,2512.0000,2511.2000,2515.4000,2516.2000,2516.4000,2518.0000,2518.4000,4,3,1,1,3,2,2,2,1,1
SF,IH2009,2020-03-24 09:31:26.200,2515.4000,10703,-2,169454280.000,2,0,2,双平,S,2514.8000,2514.6000,2514.4000,2514.2000,2512.0000,2516.2000,2516.4000,2518.0000,2519.8000,2520.2000,2,4,3,1,1,1,2,1,1,1
SF,IH2009,2020-03-24 09:31:26.700,2515.4000,10703,0,169454280.000,0,-,-,-,-,2514.8000,2514.6000,2514.4000,2514.2000,2512.0000,2516.4000,2518.0000,2519.8000,2520.2000,2520.8000,3,4,3,1,1,2,2,1,1,1
SF,IH2009,2020-03-24 09:31:27.200,2515.4000,10703,0,169454280.000,0,-,-,-,-,2514.8000,2514.6000,2514.4000,2514.2000,2512.0000,2516.2000,2516.4000,2518.0000,2519.8000,2520.2000,1,4,3,1,1,1,2,2,1,1
SF,IH2009,2020-03-24 09:31:27.700,2516.4000,10703,0,170209200.000,1,0,1,多换,S,2514.6000,2514.4000,2514.2000,2512.0000,2511.2000,2516.4000,2518.0000,2519.8000,2520.2000,2520.8000,4,3,1,1,3,1,2,1,1,1
SF,IH2009,2020-03-24 09:31:28.200,2516.4000,10703,0,170209200.000,0,-,-,-,-,2514.8000,2514.6000,2514.4000,2514.2000,2512.0000,2516.0000,2516.4000,2518.0000,2519.8000,2520.2000,1,4,3,1,1,1,1,2,1,1
SF,IH2009,2020-03-24 09:31:28.700,2516.2000,10702,-1,170964060.000,1,0,1,双平,S,2515.0000,2514.6000,2514.4000,2514.2000,2512.0000,2516.4000,2518.0000,2519.8000,2520.2000,2520.8000,1,4,3,1,1,1,2,1,1,1
SF,IH2009,2020-03-24 09:31:29.200,2516.2000,10702,0,170964060.000,0,-,-,-,-,2514.6000,2514.4000,2514.2000,2512.0000,2511.2000,2516.4000,2518.0000,2519.8000,2520.2000,2520.8000,4,3,1,1,3,1,2,1,1,1
SF,IH2009,2020-03-24 09:31:29.700,2516.2000,10702,0,170964060.000,0,-,-,-,-,2516.6000,2514.8000,2514.6000,2514.4000,2514.2000,2518.0000,2519.0000,2519.8000,2520.2000,2520.8000,2,3,4,3,1,2,1,1,1,1
SF,IH2009,2020-03-24 09:31:30.200,2518.0000,10701,-1,171719460.000,1,0,1,双平,S,2516.8000,2516.6000,2515.6000,2514.8000,2514.6000,2519.0000,2519.8000,2520.2000,2520.8000,2521.0000,1,2,2,4,4,1,1,1,1,1
SF,IH2009,2020-03-24 09:31:30.700,2516.6000,10700,-1,172474440.000,1,0,1,双平,S,2518.0000,2516.6000,2515.6000,2514.8000,2514.6000,2519.8000,2520.2000,2520.8000,2521.0000,2523.6000,1,1,2,4,4,1,1,1,1,1
SF,IH2009,2020-03-24 09:31:31.200,2517.8000,10699,-1,173229780.000,1,0,1,双平,S,2516.6000,2515.6000,2514.8000,2514.6000,2514.4000,2519.6000,2519.8000,2520.0000,2520.2000,2520.8000,1,2,2,4,3,1,1,1,1,2
SF,IH2009,2020-03-24 09:31:31.700,2517.8000,10699,0,173229780.000,0,-,-,-,-,2519.0000,2516.8000,2516.6000,2515.6000,2514.8000,2519.4000,2519.8000,2520.0000,2520.2000,2520.8000,1,1,1,2,2,3,1,1,1,2
SF,IH2009,2020-03-24 09:31:32.200,2516.8000,10697,-2,174740520.000,2,0,2,双平,S,2515.6000,2514.8000,2514.6000,2514.4000,2514.2000,2519.2000,2519.4000,2519.8000,2520.0000,2520.2000,2,2,4,3,1,1,2,1,1,1
SF,IH2009,2020-03-24 09:31:32.700,2516.8000,10697,0,174740520.000,0,-,-,-,-,2516.0000,2515.6000,2514.6000,2514.4000,2514.2000,2519.0000,2519.4000,2519.8000,2520.0000,2520.2000,2,2,4,3,1,2,1,1,1,1
SF,IH2009,2020-03-24 09:31:33.200,2516.8000,10697,0,174740520.000,0,-,-,-,-,2515.8000,2515.6000,2514.6000,2514.4000,2514.2000,2519.0000,2519.4000,2519.8000,2520.0000,2520.2000,1,2,4,3,1,4,1,1,1,1
SF,IH2009,2020-03-24 09:31:33.700,2519.0000,10697,0,176251920.000,2,1,1,多换,S,2516.0000,2515.8000,2515.6000,2514.6000,2514.4000,2519.0000,2519.4000,2519.8000,2520.0000,2520.2000,1,1,2,4,3,1,1,1,1,1
SF,IH2009,2020-03-24 09:31:34.200,2519.0000,10697,0,176251920.000,0,-,-,-,-,2516.2000,2516.0000,2515.8000,2515.6000,2514.6000,2519.0000,2519.4000,2519.8000,2520.0000,2520.2000,1,3,1,2,4,1,1,1,1,1
SF,IH2009,2020-03-24 09:31:34.700,2519.0000,10697,0,176251920.000,0,-,-,-,-,2516.4000,2516.2000,2516.0000,2515.6000,2514.6000,2519.0000,2519.8000,2520.0000,2520.2000,2520.8000,1,1,2,2,4,1,1,1,1,2
SF,IH2009,2020-03-24 09:31:35.200,2519.0000,10697,0,176251920.000,0,-,-,-,-,2516.4000,2516.2000,2515.6000,2514.6000,2514.4000,2518.8000,2519.0000,2519.8000,2520.0000,2520.2000,1,1,2,4,3,1,1,1,1,1
SF,IH2009,2020-03-24 09:31:35.700,2516.4000,10696,-1,177006840.000,1,0,1,双平,S,2515.6000,2514.6000,2514.4000,2514.2000,2512.0000,2518.8000,2519.0000,2519.8000,2520.0000,2520.2000,1,4,3,1,1,1,1,1,1,1
SF,IH2009,2020-03-24 09:31:36.200,2516.4000,10696,0,177006840.000,0,-,-,-,-,2515.6000,2514.6000,2514.4000,2514.2000,2512.0000,2516.2000,2518.6000,2518.8000,2519.0000,2519.8000,1,4,3,1,1,1,2,1,1,1
SF,IH2009,2020-03-24 09:31:36.700,2516.2000,10695,-1,177761700.000,1,0,1,双平,S,2516.6000,2516.4000,2515.8000,2515.6000,2514.6000,2518.6000,2518.8000,2519.0000,2519.8000,2520.0000,2,1,1,1,4,2,1,1,1,1
SF,IH2009,2020-03-24 09:31:37.200,2516.2000,10695,0,177761700.000,0,-,-,-,-,2516.8000,2516.6000,2516.4000,2515.6000,2514.6000,2518.4000,2519.0000,2519.8000,2520.0000,2520.2000,3,2,1,1,4,1,1,1,1,1
SF,IH2009,2020-03-24 09:31:37.700,2516.2000,10695,0,177761700.000,0,-,-,-,-,2517.0000,2516.8000,2516.6000,2516.4000,2515.6000,2519.0000,2519.8000,2520.0000,2520.2000,2520.8000,2,3,2,1,1,1,1,1,1,2
SF,IH2009,2020-03-24 09:31:38.200,2516.2000,10695,0,177761700.000,0,-,-,-,-,2517.2000,2517.0000,2516.8000,2516.6000,2516.4000,2519.0000,2519.8000,2520.0000,2520.2000,2520.8000,2,2,2,2,1,1,1,1,1,2
SF,IH2009,2020-03-24 09:31:38.700,2519.0000,10694,-1,178517400.000,1,0,1,双平,S,2517.4000,2517.2000,2517.0000,2516.8000,2516.6000,2519.8000,2520.2000,2520.8000,2521.0000,2523.6000,1,2,2,2,2,1,1,2,1,1
SF,IH2009,2020-03-24 09:31:39.200,2519.0000,10694,0,178517400.000,0,-,-,-,-,2517.6000,2517.4000,2517.0000,2516.8000,2516.6000,2519.8000,2520.2000,2520.8000,2521.0000,2523.6000,1,1,2,2,2,1,1,2,1,1
SF,IH2009,2020-03-24 09:31:39.700,2517.8000,10693,-1,179272740.000,1,0,1,双平,S,2517.8000,2517.6000,2517.4000,2517.0000,2516.8000,2519.8000,2520.2000,2520.8000,2521.0000,2523.6000,1,1,1,2,2,1,1,2,1,1
SF,IH2009,2020-03-24 09:31:40.200,2519.8000,10692,-1,180028680.000,1,0,1,双平,S,2518.0000,2517.8000,2517.4000,2517.0000,2516.8000,2520.2000,2520.8000,2521.0000,2523.6000,2524.0000,2,3,1,2,2,1,1,1,1,1
SF,IH2009,2020-03-24 09:31:40.700,2519.8000,10692,0,180028680.000,0,-,-,-,-,2518.0000,2517.8000,2517.4000,2517.0000,2516.8000,2520.2000,2520.8000,2521.0000,2523.6000,2524.0000,1,3,1,2,2,1,1,1,1,1
SF,IH2009,2020-03-24 09:31:41.200,2519.8000,10692,0,180028680.000,0,-,-,-,-,2518.2000,2518.0000,2517.8000,2517.4000,2517.0000,2520.2000,2520.8000,2521.0000,2523.6000,2524.0000,1,1,1,1,2,1,1,1,1,1
SF,IH2009,2020-03-24 09:31:41.700,2519.8000,10692,0,180028680.000,0,-,-,-,-,2518.4000,2518.2000,2517.8000,2517.4000,2516.8000,2520.2000,2520.8000,2521.0000,2523.6000,2524.0000,2,1,1,1,2,1,1,1,1,1
SF,IH2009,2020-03-24 09:31:42.200,2519.8000,10692,0,180028680.000,0,-,-,-,-,2518.4000,2518.2000,2517.8000,2516.8000,2516.6000,2520.2000,2520.8000,2521.0000,2523.6000,2524.0000,2,1,1,2,2,1,1,1,1,1
SF,IH2009,2020-03-24 09:31:42.700,2519.8000,10692,0,180028680.000,0,-,-,-,-,2518.6000,2518.4000,2518.2000,2517.8000,2516.8000,2520.2000,2520.8000,2521.0000,2523.6000,2524.0000,1,2,1,1,2,1,1,1,1,1
SF,IH2009,2020-03-24 09:31:43.200,2519.8000,10692,0,180028680.000,0,-,-,-,-,2518.8000,2518.6000,2518.2000,2517.8000,2516.8000,2519.2000,2520.2000,2520.8000,2521.0000,2523.6000,2,1,1,1,2,1,1,1,1,1
SF,IH2009,2020-03-24 09:31:43.700,2519.2000,10691,-1,181540200.000,2,0,2,多平,S,2518.8000,2518.6000,2518.2000,2517.8000,2516.8000,2519.4000,2520.2000,2520.8000,2521.0000,2523.6000,1,1,1,1,2,1,1,1,1,1
SF,IH2009,2020-03-24 09:31:44.200,2520.2000,10691,0,183052080.000,2,1,1,多换,S,2519.4000,2519.0000,2518.6000,2518.2000,2517.8000,2520.8000,2521.0000,2523.6000,2524.0000,2525.6000,2,3,1,1,1,1,1,1,1,1
SF,IH2009,2020-03-24 09:31:44.700,2520.2000,10691,0,183052080.000,0,-,-,-,-,2519.6000,2519.4000,2519.0000,2518.2000,2517.8000,2520.8000,2521.0000,2523.6000,2524.0000,2525.6000,1,2,3,1,1,1,1,1,1,1
SF,IH2009,2020-03-24 09:31:45.200,2520.2000,10691,0,183052080.000,0,-,-,-,-,2519.8000,2519.6000,2519.4000,2519.0000,2518.2000,2520.8000,2521.0000,2523.6000,2524.0000,2525.6000,1,1,2,3,1,1,1,1,1,1
SF,IH2009,2020-03-24 09:31:45.700,2519.0000,10683,-8,191366940.000,11,1,10,多平,S,2518.2000,2517.8000,2517.0000,2515.6000,2514.6000,2521.0000,2523.6000,2524.0000,2525.6000,2526.0000,1,1,1,7,2,1,1,1,1,1
SF,IH2009,2020-03-24 09:31:46.200,2521.0000,10682,-1,192123240.000,1,0,1,双平,S,2519.2000,2518.6000,2518.4000,2518.2000,2517.8000,2520.8000,2523.6000,2524.0000,2525.6000,2526.0000,4,5,1,1,1,1,1,1,1,1
SF,IH2009,2020-03-24 09:31:46.700,2521.0000,10682,0,192123240.000,0,-,-,-,-,2519.4000,2518.6000,2518.2000,2517.8000,2517.0000,2523.6000,2524.0000,2525.6000,2526.0000,2528.0000,1,5,1,1,1,1,1,1,1,1
SF,IH2009,2020-03-24 09:31:47.200,2521.0000,10682,0,192123240.000,0,-,-,-,-,2519.6000,2518.6000,2518.2000,2517.8000,2517.0000,2522.0000,2522.8000,2523.0000,2523.2000,2523.4000,1,5,1,1,1,1,1,1,2,3
SF,IH2009,2020-03-24 09:31:47.700,2521.0000,10682,0,192123240.000,0,-,-,-,-,2519.8000,2519.6000,2519.2000,2518.6000,2518.2000,2522.8000,2523.0000,2523.4000,2523.6000,2524.0000,3,1,3,3,1,1,1,3,1,1
SF,IH2009,2020-03-24 09:31:48.200,2521.0000,10682,0,192123240.000,0,-,-,-,-,2520.0000,2519.8000,2519.6000,2519.2000,2518.6000,2522.6000,2522.8000,2523.0000,2523.4000,2523.6000,1,3,1,3,3,2,1,1,1,1
SF,IH2009,2020-03-24 09:31:48.700,2521.0000,10682,0,192123240.000,0,-,-,-,-,2520.2000,2520.0000,2519.8000,2519.6000,2519.2000,2522.6000,2522.8000,2523.0000,2523.4000,2523.6000,1,1,1,1,3,2,1,1,1,1
SF,IH2009,2020-03-24 09:31:49.200,2521.0000,10682,0,192123240.000,0,-,-,-,-,2520.4000,2520.2000,2520.0000,2519.6000,2519.2000,2522.6000,2522.8000,2523.0000,2523.4000,2523.6000,2,1,1,1,3,2,1,1,1,1
SF,IH2009,2020-03-24 09:31:49.700,2520.4000,10681,-1,192879360.000,1,0,1,双平,S,2520.4000,2520.2000,2520.0000,2519.6000,2519.2000,2522.6000,2523.4000,2523.6000,2524.0000,2525.6000,3,1,1,1,3,2,1,1,1,1
SF,IH2009,2020-03-24 09:31:50.200,2522.6000,10680,-1,193636140.000,1,0,1,双平,S,2520.4000,2520.2000,2520.0000,2519.6000,2519.2000,2522.6000,2523.4000,2523.6000,2524.0000,2525.6000,1,1,1,1,3,1,1,1,1,1
SF,IH2009,2020-03-24 09:31:51.200,2522.6000,10678,-2,195149700.000,2,0,2,双平,S,2520.6000,2520.4000,2520.2000,2520.0000,2519.6000,2523.4000,2523.6000,2524.0000,2525.6000,2526.0000,1,1,1,1,1,1,1,1,1,2
SF,IH2009,2020-03-24 09:31:51.700,2522.6000,10678,0,195149700.000,0,-,-,-,-,2520.8000,2520.6000,2520.2000,2520.0000,2519.6000,2523.2000,2523.6000,2524.0000,2525.6000,2526.0000,2,1,1,1,1,1,1,1,1,2
SF,IH2009,2020-03-24 09:31:52.200,2522.6000,10678,0,195149700.000,0,-,-,-,-,2520.8000,2520.6000,2520.2000,2520.0000,2519.6000,2523.6000,2524.0000,2525.6000,2526.0000,2528.0000,2,1,1,1,1,1,1,1,2,1
SF,IH2009,2020-03-24 09:31:52.700,2522.6000,10678,0,195149700.000,0,-,-,-,-,2520.8000,2520.6000,2520.2000,2520.0000,2519.6000,2523.6000,2524.0000,2525.6000,2526.0000,2528.0000,2,1,1,1,1,1,1,1,1,1
SF,IH2009,2020-03-24 09:31:53.200,2522.6000,10678,0,195149700.000,0,-,-,-,-,2521.0000,2520.8000,2520.6000,2520.0000,2519.6000,2523.6000,2524.0000,2525.6000,2526.0000,2528.0000,2,2,1,1,1,1,1,1,1,1
SF,IH2009,2020-03-24 09:31:53.700,2522.6000,10678,0,195149700.000,0,-,-,-,-,2521.2000,2521.0000,2520.6000,2520.0000,2519.6000,2523.6000,2524.0000,2525.6000,2526.0000,2528.0000,2,2,1,1,1,1,1,1,1,1
SF,IH2009,2020-03-24 09:31:54.200,2522.6000,10678,0,195149700.000,0,-,-,-,-,2521.2000,2521.0000,2520.6000,2520.0000,2519.6000,2523.6000,2524.0000,2526.0000,2528.0000,2528.2000,2,2,1,1,1,1,1,1,1,1
SF,IH2009,2020-03-24 09:31:54.700,2522.6000,10678,0,195149700.000,0,-,-,-,-,2521.6000,2521.2000,2520.6000,2520.0000,2519.6000,2523.6000,2524.0000,2526.0000,2528.0000,2528.2000,2,2,1,1,1,1,1,1,1,1
SF,IH2009,2020-03-24 09:31:55.200,2521.8000,10677,-1,195906240.000,1,0,1,双平,S,2521.6000,2521.2000,2520.6000,2520.0000,2519.6000,2523.4000,2523.6000,2524.0000,2526.0000,2528.0000,2,1,1,1,1,1,1,1,1,1
SF,IH2009,2020-03-24 09:31:55.700,2521.6000,10677,0,196662720.000,1,0,1,多换,S,2521.6000,2520.6000,2520.0000,2519.2000,2518.6000,2523.2000,2523.6000,2524.0000,2526.0000,2527.6000,1,1,1,3,3,2,1,1,1,2
SF,IH2009,2020-03-24 09:31:56.200,2521.6000,10677,0,196662720.000,0,-,-,-,-,2519.2000,2518.6000,2518.2000,2517.8000,2517.0000,2523.2000,2523.6000,2524.0000,2526.0000,2527.6000,3,3,1,1,1,2,1,1,1,2
SF,IH2009,2020-03-24 09:31:56.700,2521.6000,10677,0,196662720.000,0,-,-,-,-,2520.0000,2519.6000,2519.4000,2519.2000,2518.6000,2521.4000,2523.6000,2524.0000,2526.0000,2527.6000,1,1,1,4,3,2,1,1,1,2
SF,IH2009,2020-03-24 09:31:57.200,2521.6000,10676,-1,197419200.000,1,0,1,双平,S,2520.4000,2520.2000,2520.0000,2519.2000,2518.6000,2521.4000,2523.6000,2523.8000,2524.0000,2526.0000,1,1,1,4,3,1,1,1,1,1
SF,IH2009,2020-03-24 09:31:57.700,2521.6000,10676,0,197419200.000,0,-,-,-,-,2520.4000,2520.2000,2520.0000,2519.2000,2518.6000,2521.4000,2523.6000,2523.8000,2524.0000,2526.0000,1,1,2,4,3,1,1,1,1,1
SF,IH2009,2020-03-24 09:31:58.200,2521.6000,10676,0,197419200.000,0,-,-,-,-,2520.0000,2519.2000,2518.6000,2517.0000,2515.6000,2521.4000,2523.6000,2523.8000,2524.0000,2526.0000,1,4,3,1,7,1,1,1,1,1
SF,IH2009,2020-03-24 09:31:58.700,2521.6000,10676,0,197419200.000,0,-,-,-,-,2520.0000,2518.6000,2517.0000,2515.6000,2514.6000,2521.4000,2523.6000,2523.8000,2524.0000,2526.0000,1,3,1,7,2,1,1,1,1,1
SF,IH2009,2020-03-24 09:31:59.200,2521.6000,10676,0,197419200.000,0,-,-,-,-,2520.0000,2518.6000,2517.0000,2515.6000,2514.6000,2521.2000,2521.4000,2523.6000,2523.8000,2524.0000,1,3,1,7,2,1,1,1,1,1
SF,IH2009,2020-03-24 09:31:59.700,2520.0000,10675,-1,198175200.000,1,0,1,双平,S,2520.0000,2518.6000,2517.0000,2515.6000,2514.6000,2521.4000,2523.6000,2524.0000,2526.0000,2527.6000,1,3,1,7,2,1,1,1,1,2
SF,IH2009,2020-03-24 09:32:00.200,2521.2000,10674,-1,198931560.000,1,0,1,双平,S,2518.6000,2517.0000,2515.6000,2514.6000,2514.4000,2521.2000,2521.4000,2523.6000,2524.0000,2526.0000,3,1,7,2,3,1,1,1,1,1
SF,IH2009,2020-03-24 09:32:00.700,2521.2000,10674,0,198931560.000,0,-,-,-,-,2518.8000,2518.6000,2517.0000,2515.6000,2514.6000,2521.4000,2523.6000,2524.0000,2526.0000,2527.6000,2,3,1,7,2,1,1,1,1,2
SF,IH2009,2020-03-24 09:32:01.700,2521.2000,10674,0,198931560.000,0,-,-,-,-,2518.8000,2518.6000,2517.0000,2515.6000,2514.6000,2521.4000,2523.6000,2524.0000,2526.0000,2527.6000,1,3,1,7,2,1,1,1,1,2
SF,IH2009,2020-03-24 09:32:02.700,2521.2000,10674,0,198931560.000,0,-,-,-,-,2519.2000,2519.0000,2518.8000,2518.6000,2517.0000,2521.4000,2523.6000,2524.0000,2526.0000,2527.6000,4,1,1,3,1,1,1,1,1,2
SF,IH2009,2020-03-24 09:32:03.200,2521.2000,10675,1,199687920.000,1,1,0,双开,S,2521.4000,2519.4000,2519.2000,2518.6000,2517.0000,2523.6000,2524.0000,2526.0000,2527.6000,2528.0000,1,2,4,3,1,1,1,1,2,1
SF,IH2009,2020-03-24 09:32:03.700,2521.4000,10675,0,200444340.000,1,0,1,多换,S,2519.4000,2519.2000,2518.6000,2517.0000,2515.6000,2522.8000,2523.0000,2523.2000,2523.6000,2524.0000,1,4,3,1,7,1,1,1,1,1
SF,IH2009,2020-03-24 09:32:04.200,2521.4000,10675,0,200444340.000,0,-,-,-,-,2520.0000,2519.6000,2519.4000,2519.2000,2518.6000,2523.6000,2524.0000,2526.0000,2527.6000,2528.0000,1,2,1,4,3,1,1,1,2,1
SF,IH2009,2020-03-24 09:32:04.700,2521.4000,10675,0,200444340.000,0,-,-,-,-,2520.4000,2520.2000,2520.0000,2519.2000,2518.6000,2523.4000,2523.6000,2524.0000,2526.0000,2527.6000,1,2,1,4,3,1,1,1,1,2
SF,IH2009,2020-03-24 09:32:05.200,2523.6000,10674,-1,201201420.000,1,0,1,双平,S,2520.6000,2520.4000,2520.0000,2519.2000,2518.6000,2524.0000,2526.0000,2527.6000,2528.0000,2528.2000,2,1,1,4,3,1,1,2,1,1
SF,IH2009,2020-03-24 09:32:05.700,2523.6000,10674,0,201201420.000,0,-,-,-,-,2521.0000,2520.6000,2520.0000,2519.2000,2518.6000,2524.0000,2526.0000,2527.6000,2528.0000,2528.2000,1,3,1,4,3,1,1,2,1,1
SF,IH2009,2020-03-24 09:32:06.200,2524.0000,10673,-1,201958620.000,1,0,1,双平,S,2523.6000,2521.2000,2521.0000,2520.6000,2520.0000,2526.0000,2527.6000,2528.0000,2528.2000,2528.6000,1,1,1,1,1,1,2,1,1,1
SF,IH2009,2020-03-24 09:32:06.700,2524.0000,10673,0,201958620.000,0,-,-,-,-,2523.6000,2521.2000,2521.0000,2520.6000,2520.0000,2525.8000,2526.0000,2527.6000,2528.0000,2528.2000,1,1,1,1,1,1,1,2,1,1
SF,IH2009,2020-03-24 09:32:07.200,2523.6000,10672,-1,202715700.000,1,0,1,双平,S,2521.2000,2521.0000,2520.6000,2520.0000,2519.2000,2525.8000,2526.0000,2528.0000,2528.2000,2528.6000,1,1,1,1,4,1,1,1,1,1
SF,IH2009,2020-03-24 09:32:07.700,2523.6000,10672,0,202715700.000,0,-,-,-,-,2521.6000,2521.4000,2521.2000,2520.6000,2520.0000,2525.8000,2526.0000,2528.0000,2528.2000,2528.6000,1,1,1,1,1,1,1,1,1,1
SF,IH2009,2020-03-24 09:32:08.200,2523.6000,10672,0,202715700.000,0,-,-,-,-,2523.2000,2521.8000,2521.6000,2520.6000,2520.0000,2526.0000,2528.0000,2528.2000,2528.6000,2529.4000,1,2,1,1,1,1,1,1,1,2
SF,IH2009,2020-03-24 09:32:08.700,2523.6000,10672,0,202715700.000,0,-,-,-,-,2523.4000,2521.6000,2520.6000,2520.0000,2519.2000,2525.8000,2526.0000,2528.0000,2528.2000,2528.6000,2,1,1,1,4,1,1,1,1,1
SF,IH2009,2020-03-24 09:32:09.200,2523.6000,10672,0,202715700.000,0,-,-,-,-,2523.4000,2523.2000,2520.6000,2520.0000,2519.2000,2525.8000,2526.0000,2528.0000,2528.2000,2528.6000,3,1,1,1,4,1,1,1,1,1
SF,IH2009,2020-03-24 09:32:09.700,2523.4000,10671,-1,203472720.000,1,0,1,双平,S,2523.4000,2523.2000,2520.0000,2519.2000,2518.6000,2525.8000,2526.0000,2528.0000,2528.2000,2528.6000,1,1,1,4,3,1,1,1,1,1
SF,IH2009,2020-03-24 09:32:10.200,2523.4000,10671,0,203472720.000,0,-,-,-,-,2523.8000,2523.4000,2520.0000,2519.2000,2518.6000,2525.8000,2526.0000,2528.0000,2528.2000,2528.6000,1,1,1,4,3,1,1,1,1,1
SF,IH2009,2020-03-24 09:32:10.700,2523.4000,10671,0,203472720.000,0,-,-,-,-,2524.0000,2523.8000,2523.4000,2523.2000,2520.0000,2525.8000,2526.0000,2528.0000,2528.2000,2528.6000,1,2,1,1,1,1,1,1,1,1
SF,IH2009,2020-03-24 09:32:11.200,2523.4000,10671,0,203472720.000,0,-,-,-,-,2524.2000,2524.0000,2523.8000,2523.4000,2523.2000,2526.0000,2528.0000,2528.2000,2528.6000,2529.4000,1,1,1,1,1,1,1,1,1,2
SF,IH2009,2020-03-24 09:32:11.700,2526.0000,10670,-1,204230520.000,1,0,1,双平,S,2526.0000,2524.4000,2524.2000,2523.8000,2523.4000,2528.0000,2528.2000,2528.6000,2529.4000,2529.6000,1,1,1,1,1,1,1,1,2,1
SF,IH2009,2020-03-24 09:32:12.200,2526.0000,10670,0,204230520.000,0,-,-,-,-,2524.2000,2524.0000,2523.8000,2523.4000,2523.2000,2525.8000,2527.8000,2528.0000,2528.2000,2528.6000,1,1,1,1,1,2,2,2,1,1
SF,IH2009,2020-03-24 09:32:12.700,2524.0000,10669,-1,205745040.000,2,0,2,多平,S,2523.8000,2523.4000,2523.2000,2520.0000,2519.2000,2525.8000,2527.8000,2528.0000,2528.2000,2528.6000,1,1,1,1,4,2,1,2,1,1
SF,IH2009,2020-03-24 09:32:13.200,2524.0000,10669,0,205745040.000,0,-,-,-,-,2523.4000,2520.0000,2519.2000,2518.6000,2517.0000,2525.6000,2525.8000,2528.0000,2528.2000,2528.6000,1,1,4,3,1,2,2,2,1,1
SF,IH2009,2020-03-24 09:32:13.700,2525.8000,10668,-1,206502780.000,1,0,1,双平,S,2523.4000,2523.2000,2520.0000,2519.2000,2518.6000,2525.8000,2528.0000,2528.2000,2528.6000,2529.6000,1,1,2,4,3,1,2,1,1,1
SF,IH2009,2020-03-24 09:32:14.200,2525.8000,10668,0,206502780.000,0,-,-,-,-,2523.4000,2520.0000,2519.2000,2518.6000,2517.0000,2525.8000,2528.0000,2528.2000,2528.6000,2529.6000,1,2,4,3,1,1,2,1,1,1
SF,IH2009,2020-03-24 09:32:14.700,2523.4000,10668,0,207259800.000,1,0,1,多换,S,2520.0000,2519.2000,2518.6000,2517.0000,2515.6000,2525.6000,2525.8000,2528.0000,2528.2000,2528.6000,2,4,3,1,7,1,1,2,1,1
SF,IH2009,2020-03-24 09:32:15.200,2523.4000,10668,0,207259800.000,0,-,-,-,-,2523.6000,2523.2000,2520.0000,2519.2000,2518.6000,2525.4000,2525.8000,2528.0000,2528.2000,2528.6000,1,1,2,4,3,1,1,2,1,1
SF,IH2009,2020-03-24 09:32:15.700,2523.4000,10668,0,207259800.000,0,-,-,-,-,2523.2000,2520.2000,2520.0000,2519.2000,2518.6000,2525.8000,2528.0000,2528.2000,2528.6000,2529.6000,1,1,2,4,3,1,2,1,1,1
SF,IH2009,2020-03-24 09:32:16.200,2523.4000,10668,0,207259800.000,0,-,-,-,-,2522.6000,2520.2000,2520.0000,2519.2000,2518.6000,2525.6000,2525.8000,2528.0000,2528.2000,2528.6000,1,1,2,4,3,2,1,2,1,1
SF,IH2009,2020-03-24 09:32:16.700,2523.4000,10668,0,207259800.000,0,-,-,-,-,2523.4000,2523.2000,2520.2000,2520.0000,2519.2000,2525.6000,2525.8000,2528.0000,2528.2000,2528.6000,1,1,1,2,4,1,1,2,1,1
SF,IH2009,2020-03-24 09:32:17.200,2523.4000,10668,0,207259800.000,0,-,-,-,-,2523.2000,2520.2000,2520.0000,2519.2000,2518.6000,2525.6000,2525.8000,2526.0000,2528.0000,2528.2000,1,1,2,4,3,1,1,1,2,1
SF,IH2009,2020-03-24 09:32:17.700,2523.4000,10668,0,207259800.000,0,-,-,-,-,2523.6000,2523.4000,2523.2000,2520.2000,2520.0000,2525.6000,2525.8000,2526.0000,2528.0000,2528.2000,1,1,1,1,2,1,1,1,2,1
SF,IH2009,2020-03-24 09:32:18.200,2525.4000,10668,0,208017420.000,1,0,1,多换,S,2523.4000,2523.2000,2520.2000,2520.0000,2519.2000,2525.4000,2525.8000,2526.0000,2528.0000,2528.2000,1,1,1,2,4,1,1,1,2,1
SF,IH2009,2020-03-24 09:32:18.700,2525.4000,10668,0,208017420.000,0,-,-,-,-,2524.0000,2523.4000,2523.2000,2520.2000,2520.0000,2525.8000,2526.0000,2528.0000,2528.2000,2528.6000,1,1,1,1,2,1,1,2,1,1
SF,IH2009,2020-03-24 09:32:19.200,2525.4000,10668,0,208017420.000,0,-,-,-,-,2523.4000,2523.2000,2520.2000,2520.0000,2519.2000,2525.6000,2525.8000,2526.0000,2527.8000,2528.0000,1,1,1,2,4,1,1,1,1,2
SF,IH2009,2020-03-24 09:32:19.700,2525.4000,10668,0,208017420.000,0,-,-,-,-,2523.8000,2523.4000,2523.2000,2520.2000,2520.0000,2525.6000,2525.8000,2526.0000,2527.8000,2528.0000,1,1,1,1,2,2,1,1,1,2
SF,IH2009,2020-03-24 09:32:20.200,2525.4000,10668,0,208017420.000,0,-,-,-,-,2523.8000,2523.4000,2523.2000,2520.2000,2520.0000,2525.6000,2525.8000,2526.0000,2527.8000,2528.0000,1,1,1,1,2,2,1,1,1,2
SF,IH2009,2020-03-24 09:32:20.700,2525.4000,10668,0,208017420.000,0,-,-,-,-,2523.8000,2523.4000,2520.2000,2520.0000,2519.2000,2525.4000,2525.6000,2525.8000,2526.0000,2527.8000,1,1,1,2,4,1,2,1,1,1
SF,IH2009,2020-03-24 09:32:21.200,2525.4000,10668,0,208017420.000,0,-,-,-,-,2525.4000,2524.0000,2523.8000,2523.4000,2520.2000,2525.6000,2525.8000,2526.0000,2528.0000,2528.2000,1,1,1,1,1,1,1,1,2,1
SF,IH2009,2020-03-24 09:32:21.700,2525.4000,10667,-1,208775040.000,1,0,1,双平,S,2523.8000,2520.2000,2520.0000,2519.2000,2518.6000,2524.8000,2525.6000,2525.8000,2526.0000,2528.0000,1,1,2,4,3,2,1,1,1,2
SF,IH2009,2020-03-24 09:32:22.200,2525.4000,10667,0,208775040.000,0,-,-,-,-,2524.0000,2523.8000,2520.2000,2520.0000,2519.2000,2524.8000,2525.6000,2525.8000,2526.0000,2528.0000,1,1,1,2,4,2,1,1,1,2
SF,IH2009,2020-03-24 09:32:22.700,2525.4000,10667,0,208775040.000,0,-,-,-,-,2524.0000,2523.8000,2520.2000,2520.0000,2519.2000,2525.6000,2525.8000,2526.0000,2527.2000,2528.0000,1,1,1,2,4,1,1,1,1,2
SF,IH2009,2020-03-24 09:32:23.700,2525.6000,10667,0,209532720.000,1,0,1,多换,S,2524.0000,2523.8000,2520.2000,2520.0000,2519.2000,2525.8000,2526.0000,2527.2000,2528.0000,2528.2000,1,1,1,2,4,1,1,1,2,1
SF,IH2009,2020-03-24 09:32:24.200,2525.6000,10667,0,209532720.000,0,-,-,-,-,2524.0000,2523.8000,2520.2000,2520.0000,2519.2000,2525.8000,2526.0000,2527.2000,2528.0000,2528.2000,1,1,1,2,4,1,1,1,2,1
SF,IH2009,2020-03-24 09:32:24.700,2525.6000,10667,0,209532720.000,0,-,-,-,-,2524.0000,2523.8000,2520.2000,2520.0000,2519.2000,2525.8000,2526.0000,2527.2000,2528.0000,2528.2000,2,1,1,2,4,1,1,1,2,1
SF,IH2009,2020-03-24 09:32:25.200,2525.6000,10667,0,209532720.000,0,-,-,-,-,2524.0000,2523.8000,2520.2000,2520.0000,2519.2000,2525.8000,2526.0000,2527.2000,2528.0000,2528.2000,2,1,1,2,4,1,1,1,2,1
SF,IH2009,2020-03-24 09:32:26.700,2525.6000,10667,0,209532720.000,0,-,-,-,-,2524.0000,2523.8000,2520.2000,2520.0000,2519.2000,2525.8000,2526.0000,2527.2000,2528.0000,2528.2000,2,1,1,2,4,1,1,1,2,1
SF,IH2009,2020-03-24 09:32:27.200,2525.6000,10667,0,209532720.000,0,-,-,-,-,2524.0000,2523.8000,2520.2000,2520.0000,2519.2000,2525.6000,2525.8000,2526.0000,2527.2000,2528.0000,2,1,1,2,4,1,1,1,1,2
SF,IH2009,2020-03-24 09:32:27.700,2525.6000,10667,0,209532720.000,0,-,-,-,-,2525.8000,2525.6000,2524.0000,2523.8000,2520.2000,2526.0000,2527.2000,2528.0000,2528.2000,2528.6000,1,2,2,1,1,1,1,2,1,1
SF,IH2009,2020-03-24 09:32:28.200,2526.0000,10666,-1,210290520.000,1,0,1,双平,S,2525.8000,2525.6000,2524.0000,2523.8000,2520.2000,2527.2000,2528.0000,2528.2000,2528.6000,2529.6000,1,2,2,2,1,1,1,1,1,1
SF,IH2009,2020-03-24 09:32:28.700,2525.8000,10665,-1,211048260.000,1,0,1,双平,S,2525.6000,2524.0000,2523.8000,2523.2000,2520.2000,2527.0000,2527.2000,2528.0000,2528.2000,2528.6000,2,2,2,5,1,2,1,1,1,2
SF,IH2009,2020-03-24 09:32:29.200,2526.8000,10665,0,211806300.000,1,0,1,多换,S,2525.8000,2525.6000,2524.0000,2523.8000,2523.2000,2527.0000,2527.2000,2528.0000,2528.2000,2528.6000,1,2,2,2,5,2,1,1,1,2
SF,IH2009,2020-03-24 09:32:29.700,2527.2000,10665,0,212564460.000,1,0,1,多换,S,2527.0000,2525.8000,2525.6000,2524.0000,2523.8000,2528.0000,2528.2000,2528.6000,2529.6000,2529.8000,2,1,2,2,2,1,1,2,1,1
SF,IH2009,2020-03-24 09:32:30.200,2527.2000,10665,0,212564460.000,0,-,-,-,-,2527.0000,2525.8000,2525.6000,2524.0000,2523.8000,2527.8000,2528.0000,2528.2000,2528.6000,2529.0000,2,1,2,2,1,1,1,1,2,1
SF,IH2009,2020-03-24 09:32:30.700,2528.2000,10663,-2,214081320.000,2,0,2,双平,S,2527.0000,2525.8000,2525.6000,2524.0000,2523.8000,2528.6000,2529.0000,2529.6000,2529.8000,2530.0000,2,1,2,2,1,2,1,1,1,3
SF,IH2009,2020-03-24 09:32:31.200,2527.8000,10662,-1,214839660.000,1,0,1,双平,S,2525.8000,2525.6000,2524.0000,2523.8000,2523.2000,2528.4000,2528.6000,2529.0000,2529.6000,2529.8000,1,2,2,1,5,1,2,1,1,1
SF,IH2009,2020-03-24 09:32:31.700,2527.8000,10662,0,214839660.000,0,-,-,-,-,2526.2000,2526.0000,2525.8000,2525.6000,2524.0000,2528.2000,2528.6000,2529.0000,2529.6000,2529.8000,1,3,1,2,1,1,2,1,1,1
SF,IH2009,2020-03-24 09:32:32.200,2526.0000,10661,-1,215597460.000,1,0,1,双平,S,2526.0000,2525.8000,2525.6000,2524.0000,2523.8000,2528.0000,2528.6000,2529.0000,2529.6000,2529.8000,2,1,2,1,1,2,2,1,1,1
SF,IH2009,2020-03-24 09:32:32.700,2525.8000,10659,-2,217870800.000,3,0,3,多平,S,2524.2000,2524.0000,2523.8000,2523.2000,2520.2000,2528.0000,2528.6000,2529.0000,2529.6000,2529.8000,1,1,1,5,1,2,2,1,1,1
SF,IH2009,2020-03-24 09:32:33.200,2525.8000,10659,0,217870800.000,0,-,-,-,-,2524.2000,2524.0000,2523.8000,2520.2000,2520.0000,2527.8000,2528.0000,2528.6000,2529.0000,2529.6000,1,1,1,1,2,1,1,2,1,1
SF,IH2009,2020-03-24 09:32:33.700,2525.8000,10659,0,217870800.000,0,-,-,-,-,2524.2000,2524.0000,2523.8000,2520.2000,2520.0000,2527.0000,2527.2000,2527.6000,2527.8000,2528.6000,1,1,1,1,2,1,1,1,3,2
SF,IH2009,2020-03-24 09:32:34.200,2524.2000,10659,0,218628060.000,1,0,1,多换,S,2524.0000,2523.8000,2520.2000,2520.0000,2519.4000,2526.8000,2527.0000,2527.2000,2527.8000,2528.6000,1,1,1,2,5,3,1,1,1,2
SF,IH2009,2020-03-24 09:32:34.700,2523.8000,10659,0,220142400.000,2,1,1,多换,S,2520.0000,2519.4000,2519.2000,2517.0000,2515.6000,2526.0000,2526.2000,2526.8000,2527.0000,2527.2000,2,5,4,1,2,1,1,4,1,1
SF,IH2009,2020-03-24 09:32:35.200,2523.8000,10659,0,220142400.000,0,-,-,-,-,2520.4000,2520.0000,2519.4000,2519.2000,2517.0000,2525.6000,2525.8000,2527.2000,2528.6000,2529.0000,1,2,5,4,1,1,3,1,1,1
SF,IH2009,2020-03-24 09:32:35.700,2525.6000,10657,-2,222415320.000,3,0,3,多平,S,2520.8000,2520.6000,2520.4000,2520.0000,2519.4000,2527.2000,2528.6000,2529.0000,2529.6000,2529.8000,1,1,1,2,5,1,1,1,1,1
SF,IH2009,2020-03-24 09:32:36.200,2525.6000,10657,0,222415320.000,0,-,-,-,-,2521.2000,2521.0000,2520.8000,2520.0000,2519.4000,2526.4000,2527.0000,2527.2000,2528.6000,2529.0000,2,2,1,2,5,1,2,1,1,1
SF,IH2009,2020-03-24 09:32:36.700,2525.6000,10657,0,222415320.000,0,-,-,-,-,2521.6000,2521.4000,2521.2000,2520.0000,2519.4000,2526.2000,2526.4000,2527.2000,2528.6000,2529.0000,1,3,2,2,5,3,1,1,1,1
SF,IH2009,2020-03-24 09:32:37.200,2525.6000,10657,0,222415320.000,0,-,-,-,-,2522.0000,2521.8000,2521.6000,2521.4000,2521.2000,2526.2000,2526.4000,2528.6000,2529.0000,2529.6000,1,1,1,1,1,2,1,1,1,1
SF,IH2009,2020-03-24 09:32:37.700,2525.6000,10657,0,222415320.000,0,-,-,-,-,2522.4000,2522.2000,2522.0000,2521.4000,2521.2000,2526.0000,2526.2000,2528.6000,2529.0000,2529.6000,1,1,1,1,1,1,3,1,1,1
SF,IH2009,2020-03-24 09:32:38.200,2525.6000,10657,0,222415320.000,0,-,-,-,-,2523.2000,2522.8000,2522.6000,2522.4000,2521.4000,2525.8000,2526.2000,2528.6000,2529.0000,2529.6000,1,1,1,1,1,1,1,1,1,1
SF,IH2009,2020-03-24 09:32:38.700,2525.6000,10657,0,222415320.000,0,-,-,-,-,2523.6000,2523.4000,2523.2000,2521.4000,2521.2000,2525.8000,2526.2000,2528.6000,2529.0000,2529.6000,2,1,1,1,1,1,1,1,1,1
SF,IH2009,2020-03-24 09:32:39.200,2525.6000,10657,0,222415320.000,0,-,-,-,-,2523.8000,2523.6000,2523.2000,2521.4000,2521.2000,2525.8000,2526.2000,2528.6000,2529.0000,2529.6000,1,2,1,1,1,1,1,1,1,1
SF,IH2009,2020-03-24 09:32:39.700,2525.6000,10657,0,222415320.000,0,-,-,-,-,2523.6000,2523.2000,2521.2000,2520.0000,2519.4000,2525.6000,2525.8000,2526.2000,2528.6000,2529.0000,2,1,1,2,5,1,1,1,1,1
SF,IH2009,2020-03-24 09:32:40.200,2525.6000,10657,0,222415320.000,0,-,-,-,-,2521.2000,2520.0000,2519.4000,2519.2000,2517.0000,2525.4000,2525.6000,2526.0000,2526.2000,2528.6000,1,2,5,4,1,2,1,1,1,1
SF,IH2009,2020-03-24 09:32:40.700,2525.6000,10657,0,222415320.000,0,-,-,-,-,2521.6000,2521.4000,2521.2000,2520.0000,2519.4000,2525.2000,2525.4000,2525.6000,2526.0000,2526.2000,2,1,1,2,5,1,1,1,1,1
SF,IH2009,2020-03-24 09:32:41.200,2525.6000,10657,0,222415320.000,0,-,-,-,-,2521.8000,2521.6000,2521.2000,2520.0000,2519.4000,2525.0000,2525.2000,2525.6000,2526.0000,2526.2000,1,2,1,2,5,1,1,1,1,1
SF,IH2009,2020-03-24 09:32:41.700,2525.6000,10657,0,222415320.000,0,-,-,-,-,2521.6000,2521.2000,2520.0000,2519.4000,2519.2000,2525.0000,2525.6000,2526.0000,2526.2000,2528.6000,2,1,2,5,4,1,1,1,1,1
SF,IH2009,2020-03-24 09:32:42.200,2521.2000,10656,-1,224685480.000,3,1,2,多平,S,2520.0000,2519.2000,2517.0000,2515.6000,2510.0000,2524.6000,2525.0000,2525.2000,2525.6000,2526.0000,2,4,1,6,2,1,1,2,1,1
SF,IH2009,2020-03-24 09:32:42.700,2521.2000,10656,0,224685480.000,0,-,-,-,-,2520.2000,2520.0000,2519.2000,2517.0000,2515.6000,2523.0000,2524.4000,2524.6000,2525.2000,2525.6000,1,1,4,1,6,1,2,1,2,1
SF,IH2009,2020-03-24 09:32:43.200,2521.2000,10656,0,224685480.000,0,-,-,-,-,2520.0000,2517.0000,2515.6000,2510.0000,2508.6000,2522.6000,2522.8000,2523.0000,2524.4000,2525.2000,1,1,6,2,1,1,2,1,1,2
SF,IH2009,2020-03-24 09:32:43.700,2521.2000,10656,0,224685480.000,0,-,-,-,-,2520.0000,2517.0000,2515.6000,2511.8000,2510.0000,2522.0000,2522.4000,2522.6000,2522.8000,2523.0000,1,1,2,5,2,1,2,1,1,1
SF,IH2009,2020-03-24 09:32:44.200,2520.0000,10656,0,225441480.000,1,0,1,多换,S,2517.0000,2515.6000,2511.8000,2510.0000,2508.6000,2521.6000,2521.8000,2522.0000,2522.8000,2523.0000,1,2,5,2,1,1,2,1,1,1
SF,IH2009,2020-03-24 09:32:44.700,2517.4000,10654,-2,228466320.000,4,1,3,多平,S,2517.4000,2517.2000,2517.0000,2515.6000,2511.8000,2522.8000,2523.0000,2525.2000,2526.0000,2526.2000,2,2,1,2,5,1,1,2,2,1
SF,IH2009,2020-03-24 09:32:45.200,2525.2000,10653,-1,229223880.000,1,0,1,双平,S,2519.2000,2517.6000,2517.4000,2517.0000,2515.6000,2525.2000,2526.0000,2526.2000,2528.0000,2528.6000,4,3,2,1,2,1,2,1,2,1
SF,IH2009,2020-03-24 09:32:45.700,2525.2000,10653,0,229223880.000,0,-,-,-,-,2520.0000,2519.6000,2519.4000,2519.2000,2517.6000,2525.0000,2525.2000,2526.0000,2526.2000,2528.0000,1,1,3,4,5,2,1,2,1,2
SF,IH2009,2020-03-24 09:32:46.200,2525.2000,10653,0,229223880.000,0,-,-,-,-,2522.0000,2520.4000,2520.2000,2520.0000,2519.2000,2525.0000,2526.0000,2526.2000,2528.0000,2528.6000,1,1,2,1,4,2,2,1,2,2
SF,IH2009,2020-03-24 09:32:46.700,2525.2000,10653,0,229223880.000,0,-,-,-,-,2522.2000,2520.2000,2520.0000,2519.2000,2517.6000,2524.6000,2525.0000,2526.0000,2526.2000,2528.0000,1,1,1,4,1,1,3,2,1,2
SF,IH2009,2020-03-24 09:32:47.200,2525.2000,10653,0,229223880.000,0,-,-,-,-,2522.2000,2520.2000,2519.8000,2519.2000,2517.6000,2524.4000,2525.0000,2526.0000,2526.2000,2528.0000,1,1,1,4,1,1,1,2,1,2
SF,IH2009,2020-03-24 09:32:47.700,2522.4000,10652,-1,229980600.000,1,0,1,双平,S,2522.2000,2522.0000,2520.0000,2519.8000,2519.2000,2525.0000,2526.0000,2526.2000,2528.0000,2528.6000,1,1,1,1,4,1,2,1,2,2
SF,IH2009,2020-03-24 09:32:48.200,2522.4000,10652,0,229980600.000,0,-,-,-,-,2522.4000,2522.2000,2522.0000,2520.0000,2519.8000,2525.0000,2526.0000,2526.2000,2528.0000,2528.6000,1,1,1,1,1,1,2,1,2,2
SF,IH2009,2020-03-24 09:32:48.700,2525.0000,10651,-1,230738100.000,1,0,1,双平,S,2525.0000,2522.6000,2522.4000,2522.0000,2520.0000,2526.0000,2526.2000,2528.0000,2528.6000,2529.0000,3,2,1,1,1,2,1,2,2,1
SF,IH2009,2020-03-24 09:32:49.200,2525.0000,10648,-3,233010600.000,3,0,3,双平,S,2523.2000,2522.6000,2522.4000,2522.0000,2520.0000,2526.0000,2526.2000,2528.0000,2528.6000,2529.0000,1,3,1,1,1,2,1,2,2,1
SF,IH2009,2020-03-24 09:32:49.700,2525.0000,10648,0,233010600.000,0,-,-,-,-,2523.4000,2522.6000,2522.4000,2522.0000,2520.0000,2525.8000,2526.0000,2526.2000,2528.0000,2528.6000,2,2,1,1,1,3,2,1,2,2
SF,IH2009,2020-03-24 09:32:50.200,2525.0000,10648,0,233010600.000,0,-,-,-,-,2523.4000,2522.4000,2522.0000,2520.0000,2519.8000,2525.8000,2526.0000,2526.2000,2528.0000,2528.6000,2,1,1,1,1,3,2,1,2,2
SF,IH2009,2020-03-24 09:32:50.700,2525.0000,10648,0,233010600.000,0,-,-,-,-,2523.4000,2522.4000,2522.0000,2520.0000,2519.8000,2525.8000,2526.0000,2526.2000,2528.0000,2528.6000,2,1,1,1,1,1,2,1,2,2
SF,IH2009,2020-03-24 09:32:51.200,2525.0000,10648,0,233010600.000,0,-,-,-,-,2523.4000,2523.2000,2522.4000,2522.0000,2520.0000,2525.8000,2526.0000,2526.2000,2528.0000,2528.6000,2,1,1,1,1,1,2,1,2,2
SF,IH2009,2020-03-24 09:32:51.700,2523.4000,10646,-2,234524640.000,2,0,2,双平,S,2522.4000,2522.0000,2520.0000,2519.8000,2519.4000,2525.0000,2525.6000,2525.8000,2526.0000,2526.2000,1,1,1,1,5,1,1,1,2,1
SF,IH2009,2020-03-24 09:32:52.200,2522.4000,10645,-1,235281360.000,1,0,1,双平,S,2522.0000,2520.0000,2519.8000,2519.4000,2519.2000,2524.8000,2525.0000,2525.4000,2525.6000,2526.0000,1,1,1,5,4,2,1,1,1,2
SF,IH2009,2020-03-24 09:32:52.700,2522.4000,10645,0,235281360.000,0,-,-,-,-,2520.0000,2519.8000,2519.4000,2519.2000,2517.4000,2524.8000,2525.0000,2525.4000,2525.6000,2526.0000,1,1,5,4,1,2,1,1,2,2
SF,IH2009,2020-03-24 09:32:53.200,2522.4000,10645,0,235281360.000,0,-,-,-,-,2520.0000,2519.8000,2519.2000,2517.4000,2517.0000,2523.0000,2524.4000,2524.6000,2524.8000,2525.0000,1,1,4,1,1,1,1,1,2,1
SF,IH2009,2020-03-24 09:32:53.700,2522.4000,10645,0,235281360.000,0,-,-,-,-,2520.4000,2520.0000,2519.2000,2517.4000,2517.0000,2522.8000,2524.6000,2524.8000,2525.0000,2525.6000,1,2,4,1,1,1,1,1,1,1
SF,IH2009,2020-03-24 09:32:54.200,2522.4000,10645,0,235281360.000,0,-,-,-,-,2520.0000,2519.2000,2517.4000,2517.0000,2515.6000,2522.8000,2524.6000,2524.8000,2525.0000,2525.6000,2,4,1,1,7,2,1,1,1,1
SF,IH2009,2020-03-24 09:32:54.700,2520.0000,10646,1,236793420.000,2,1,1,空开,S,2519.2000,2517.4000,2517.0000,2515.6000,2511.0000,2520.0000,2522.6000,2522.8000,2524.6000,2525.0000,4,1,1,7,1,4,1,2,1,1
SF,IH2009,2020-03-24 09:32:55.200,2520.0000,10646,0,239817420.000,4,2,2,多换,S,2522.4000,2520.0000,2519.4000,2519.2000,2517.4000,2522.8000,2523.0000,2524.6000,2525.0000,2525.6000,1,1,1,4,1,2,1,1,1,1
SF,IH2009,2020-03-24 09:32:55.700,2522.4000,10646,0,240574140.000,1,0,1,多换,S,2520.0000,2519.4000,2519.2000,2517.4000,2517.0000,2524.6000,2525.0000,2525.6000,2525.8000,2526.0000,1,1,4,1,1,1,1,1,1,4
SF,IH2009,2020-03-24 09:32:56.200,2522.4000,10646,0,240574140.000,0,-,-,-,-,2520.4000,2520.0000,2519.2000,2517.4000,2517.0000,2523.2000,2524.4000,2524.6000,2525.0000,2525.6000,1,1,4,1,1,1,2,1,1,1
SF,IH2009,2020-03-24 09:32:56.700,2523.2000,10646,0,241331100.000,1,0,1,多换,S,2522.0000,2520.4000,2520.2000,2520.0000,2519.2000,2523.0000,2525.0000,2525.6000,2525.8000,2526.0000,1,1,2,1,4,1,1,1,1,4
SF,IH2009,2020-03-24 09:32:57.200,2523.2000,10645,-1,242088060.000,1,0,1,双平,S,2520.6000,2520.4000,2520.2000,2520.0000,2519.2000,2525.0000,2525.6000,2525.8000,2526.0000,2526.2000,1,1,2,1,4,1,1,1,4,1
SF,IH2009,2020-03-24 09:32:57.700,2523.2000,10645,0,242088060.000,0,-,-,-,-,2522.2000,2521.0000,2520.6000,2520.2000,2520.0000,2524.8000,2525.0000,2525.6000,2525.8000,2526.0000,1,1,1,1,1,1,1,1,1,4
SF,IH2009,2020-03-24 09:32:58.200,2522.0000,10645,0,244358040.000,3,1,2,多换,S,2521.0000,2520.6000,2520.4000,2520.2000,2520.0000,2522.0000,2524.6000,2524.8000,2525.0000,2525.6000,1,1,1,1,1,3,1,1,1,1
SF,IH2009,2020-03-24 09:32:58.700,2521.2000,10645,0,247384200.000,4,2,2,多换,S,2522.0000,2521.0000,2520.6000,2520.4000,2520.2000,2524.6000,2525.0000,2525.6000,2526.0000,2526.2000,1,1,1,1,1,1,1,1,4,1
SF,IH2009,2020-03-24 09:32:59.200,2521.2000,10645,0,247384200.000,0,-,-,-,-,2522.0000,2521.0000,2520.6000,2520.4000,2520.2000,2524.4000,2524.6000,2525.0000,2525.6000,2526.0000,1,1,1,1,1,1,1,1,1,4
SF,IH2009,2020-03-24 09:32:59.700,2521.2000,10645,0,247384200.000,0,-,-,-,-,2521.8000,2521.0000,2520.4000,2520.2000,2520.0000,2524.4000,2524.6000,2525.0000,2525.6000,2526.0000,1,1,1,1,1,1,1,1,1,4
SF,IH2009,2020-03-24 09:33:00.200,2521.2000,10645,0,247384200.000,0,-,-,-,-,2522.0000,2520.4000,2520.2000,2520.0000,2519.2000,2524.2000,2524.4000,2525.0000,2525.6000,2526.0000,1,1,1,1,4,2,1,1,1,4
SF,IH2009,2020-03-24 09:33:00.700,2521.2000,10645,0,247384200.000,0,-,-,-,-,2522.0000,2520.4000,2520.2000,2520.0000,2519.2000,2524.2000,2524.4000,2525.0000,2525.6000,2525.8000,1,1,1,1,4,2,1,1,1,1
SF,IH2009,2020-03-24 09:33:01.200,2521.2000,10645,0,247384200.000,0,-,-,-,-,2520.4000,2520.2000,2520.0000,2519.2000,2517.4000,2521.8000,2524.0000,2524.2000,2525.0000,2525.6000,1,1,1,4,1,6,1,2,1,1
SF,IH2009,2020-03-24 09:33:01.700,2521.8000,10647,2,252679980.000,7,4,3,空开,S,2521.2000,2520.8000,2520.6000,2520.4000,2520.0000,2524.2000,2525.0000,2525.6000,2525.8000,2526.0000,1,1,1,1,1,1,1,1,1,4
SF,IH2009,2020-03-24 09:33:02.200,2521.8000,10647,0,252679980.000,0,-,-,-,-,2521.4000,2521.2000,2520.6000,2520.4000,2520.0000,2524.0000,2524.2000,2525.0000,2525.6000,2525.8000,1,1,1,1,1,1,1,1,1,1
SF,IH2009,2020-03-24 09:33:02.700,2521.2000,10647,0,254192760.000,2,1,1,多换,S,2520.6000,2520.4000,2520.0000,2519.2000,2517.4000,2523.8000,2524.0000,2525.0000,2525.6000,2525.8000,1,1,1,4,1,1,2,1,1,1
SF,IH2009,2020-03-24 09:33:03.200,2521.2000,10647,0,254192760.000,0,-,-,-,-,2520.6000,2520.4000,2520.0000,2519.2000,2517.4000,2523.6000,2523.8000,2524.0000,2525.0000,2525.6000,1,1,1,4,1,1,1,1,1,1
SF,IH2009,2020-03-24 09:33:03.700,2521.2000,10647,0,254192760.000,0,-,-,-,-,2520.6000,2520.4000,2520.0000,2519.2000,2517.4000,2523.4000,2523.6000,2524.0000,2525.0000,2525.6000,1,1,1,4,1,1,2,1,1,1
SF,IH2009,2020-03-24 09:33:04.200,2521.2000,10647,0,254192760.000,0,-,-,-,-,2520.6000,2520.4000,2520.0000,2519.2000,2517.4000,2523.2000,2523.4000,2523.6000,2524.0000,2524.4000,1,1,1,4,1,1,1,1,1,1
SF,IH2009,2020-03-24 09:33:04.700,2521.2000,10647,0,254192760.000,0,-,-,-,-,2520.4000,2520.0000,2519.2000,2517.4000,2517.0000,2523.0000,2523.2000,2523.6000,2524.0000,2524.4000,1,1,4,1,1,2,1,1,1,1
SF,IH2009,2020-03-24 09:33:05.200,2521.2000,10647,0,254192760.000,0,-,-,-,-,2520.4000,2520.0000,2519.2000,2517.4000,2517.0000,2523.0000,2523.6000,2524.4000,2525.0000,2525.6000,1,1,4,1,1,2,1,1,1,1
SF,IH2009,2020-03-24 09:33:05.700,2521.2000,10647,0,254192760.000,0,-,-,-,-,2520.4000,2520.0000,2519.2000,2517.4000,2517.0000,2522.8000,2523.0000,2523.6000,2524.4000,2525.0000,1,1,4,1,1,1,2,1,1,1
SF,IH2009,2020-03-24 09:33:06.200,2523.0000,10644,-3,256463400.000,3,0,3,双平,S,2522.8000,2520.6000,2520.4000,2520.0000,2519.2000,2524.4000,2525.0000,2525.6000,2525.8000,2526.0000,1,1,1,1,4,1,1,1,1,5
SF,IH2009,2020-03-24 09:33:06.700,2522.8000,10643,-1,257220240.000,1,0,1,双平,S,2520.6000,2520.4000,2520.0000,2519.2000,2517.4000,2524.2000,2524.4000,2525.0000,2525.6000,2525.8000,1,1,1,4,1,1,1,1,1,1
SF,IH2009,2020-03-24 09:33:07.200,2520.8000,10643,0,257976480.000,1,0,1,多换,S,2520.8000,2520.4000,2520.0000,2519.2000,2517.4000,2524.2000,2524.4000,2525.0000,2525.6000,2525.8000,2,1,1,4,1,1,1,1,1,1
SF,IH2009,2020-03-24 09:33:07.700,2524.0000,10642,-1,258733680.000,1,0,1,双平,S,2520.8000,2520.4000,2520.0000,2519.2000,2517.4000,2524.2000,2524.4000,2525.0000,2525.6000,2525.8000,3,1,1,4,1,1,1,2,1,1
SF,IH2009,2020-03-24 09:33:08.200,2524.2000,10641,-1,259490940.000,1,0,1,双平,S,2520.8000,2520.4000,2520.0000,2519.2000,2517.4000,2524.4000,2525.0000,2525.6000,2525.8000,2526.0000,3,1,1,4,1,1,2,1,1,5
SF,IH2009,2020-03-24 09:33:08.700,2524.2000,10640,-1,260248200.000,1,0,1,双平,S,2521.0000,2520.8000,2520.4000,2520.0000,2519.2000,2524.2000,2524.4000,2525.0000,2525.6000,2525.8000,1,1,1,1,4,1,1,2,1,1
SF,IH2009,2020-03-24 09:33:09.200,2524.2000,10639,-1,261005460.000,1,0,1,双平,S,2521.2000,2521.0000,2520.4000,2520.0000,2519.2000,2524.2000,2524.4000,2525.0000,2525.6000,2525.8000,1,1,1,1,4,1,1,2,1,1
SF,IH2009,2020-03-24 09:33:09.700,2524.2000,10639,0,262519980.000,2,1,1,多换,S,2521.4000,2521.2000,2520.4000,2520.0000,2519.2000,2524.2000,2524.4000,2525.0000,2525.6000,2525.8000,1,1,1,1,4,1,1,2,1,1
SF,IH2009,2020-03-24 09:33:10.200,2521.6000,10638,-1,263276460.000,1,0,1,双平,S,2520.4000,2520.0000,2519.2000,2517.4000,2517.0000,2524.0000,2524.2000,2524.4000,2525.0000,2525.6000,1,1,4,1,1,1,1,1,2,1
SF,IH2009,2020-03-24 09:33:10.700,2521.6000,10638,0,263276460.000,0,-,-,-,-,2520.6000,2520.4000,2520.0000,2519.2000,2517.4000,2522.6000,2523.0000,2523.8000,2524.0000,2524.4000,1,1,1,4,1,1,1,3,4,1
SF,IH2009,2020-03-24 09:33:11.200,2520.4000,10637,-1,264032580.000,1,0,1,双平,S,2520.0000,2517.4000,2517.0000,2515.6000,2511.6000,2522.4000,2522.6000,2523.4000,2523.8000,2524.0000,3,1,1,7,1,1,1,2,2,2
SF,IH2009,2020-03-24 09:33:11.700,2520.4000,10637,0,264032580.000,0,-,-,-,-,2520.0000,2517.4000,2517.0000,2515.6000,2511.6000,2522.4000,2522.6000,2523.4000,2523.8000,2524.0000,3,1,1,7,1,2,1,2,2,2
SF,IH2009,2020-03-24 09:33:12.200,2520.4000,10637,0,264032580.000,0,-,-,-,-,2520.0000,2517.4000,2517.0000,2515.6000,2511.6000,2522.2000,2522.4000,2522.6000,2523.4000,2523.8000,3,1,1,7,1,1,2,1,2,2
SF,IH2009,2020-03-24 09:33:12.700,2520.4000,10637,0,264032580.000,0,-,-,-,-,2520.0000,2517.4000,2517.0000,2515.6000,2511.6000,2522.0000,2522.4000,2522.6000,2523.4000,2523.8000,4,1,1,7,1,1,1,1,2,2
SF,IH2009,2020-03-24 09:33:13.200,2520.0000,10638,1,264788580.000,1,1,0,双开,S,2520.0000,2517.4000,2517.0000,2515.6000,2511.6000,2522.0000,2522.4000,2522.6000,2523.4000,2523.8000,3,1,1,7,1,1,1,1,2,2
SF,IH2009,2020-03-24 09:33:13.700,2520.0000,10638,0,264788580.000,0,-,-,-,-,2520.0000,2517.4000,2517.0000,2515.6000,2511.6000,2522.0000,2522.4000,2522.6000,2523.4000,2523.8000,3,1,1,7,1,2,1,1,2,2
SF,IH2009,2020-03-24 09:33:14.200,2520.0000,10638,0,264788580.000,0,-,-,-,-,2520.0000,2517.4000,2517.0000,2515.6000,2511.6000,2522.0000,2522.4000,2522.6000,2523.4000,2523.8000,3,1,1,7,1,1,1,1,2,2
SF,IH2009,2020-03-24 09:33:14.700,2520.0000,10638,0,264788580.000,0,-,-,-,-,2520.2000,2520.0000,2517.4000,2517.0000,2515.6000,2522.4000,2522.6000,2523.4000,2523.8000,2524.0000,2,3,1,1,7,1,1,2,2,1
SF,IH2009,2020-03-24 09:33:15.200,2520.0000,10638,0,264788580.000,0,-,-,-,-,2520.2000,2520.0000,2517.4000,2517.0000,2515.6000,2522.2000,2522.4000,2522.6000,2523.4000,2523.8000,1,3,1,1,7,1,1,1,2,2
SF,IH2009,2020-03-24 09:33:15.700,2520.0000,10638,0,264788580.000,0,-,-,-,-,2520.2000,2520.0000,2517.4000,2517.0000,2515.6000,2522.2000,2522.4000,2522.6000,2523.4000,2524.0000,1,3,1,1,7,3,1,1,2,1
SF,IH2009,2020-03-24 09:33:16.200,2520.0000,10636,-2,267812640.000,4,1,3,多平,S,2519.0000,2517.0000,2515.6000,2511.6000,2511.0000,2522.0000,2522.2000,2522.4000,2522.6000,2524.0000,1,1,7,1,1,1,3,1,1,1
SF,IH2009,2020-03-24 09:33:16.700,2520.0000,10636,0,267812640.000,0,-,-,-,-,2519.2000,2517.0000,2515.6000,2511.6000,2511.0000,2520.2000,2521.8000,2522.2000,2522.4000,2522.6000,5,1,7,1,1,1,1,1,1,1
SF,IH2009,2020-03-24 09:33:17.200,2520.0000,10636,0,267812640.000,0,-,-,-,-,2519.2000,2517.0000,2515.6000,2511.6000,2511.0000,2520.2000,2521.8000,2522.2000,2522.4000,2522.6000,1,1,7,1,1,1,3,1,1,1
SF,IH2009,2020-03-24 09:33:17.700,2520.0000,10636,0,267812640.000,0,-,-,-,-,2519.2000,2517.0000,2515.6000,2511.6000,2511.0000,2520.2000,2521.8000,2522.2000,2522.4000,2522.6000,1,1,7,1,1,2,3,1,1,1
SF,IH2009,2020-03-24 09:33:18.700,2519.2000,10635,-1,268568400.000,1,0,1,双平,S,2517.0000,2515.6000,2511.6000,2511.0000,2510.0000,2520.2000,2521.8000,2522.2000,2522.4000,2522.6000,1,7,1,1,2,2,3,1,1,1
SF,IH2009,2020-03-24 09:33:19.200,2519.2000,10635,0,268568400.000,0,-,-,-,-,2517.4000,2517.0000,2515.6000,2511.6000,2511.0000,2520.0000,2520.2000,2521.8000,2522.2000,2522.6000,1,1,7,1,1,1,2,2,1,1
SF,IH2009,2020-03-24 09:33:19.700,2519.2000,10635,0,268568400.000,0,-,-,-,-,2517.6000,2517.4000,2517.0000,2515.6000,2511.6000,2520.0000,2520.2000,2521.8000,2522.2000,2522.6000,1,1,1,7,1,2,1,2,1,1
SF,IH2009,2020-03-24 09:33:20.200,2519.2000,10635,0,268568400.000,0,-,-,-,-,2517.6000,2517.0000,2515.6000,2511.8000,2511.6000,2519.8000,2520.0000,2520.2000,2521.8000,2522.6000,1,1,2,5,1,1,2,1,2,1
SF,IH2009,2020-03-24 09:33:20.700,2519.2000,10635,0,268568400.000,0,-,-,-,-,2517.0000,2515.6000,2511.8000,2511.6000,2511.0000,2520.0000,2520.2000,2521.8000,2522.6000,2523.0000,1,2,5,1,1,2,1,2,1,2
SF,IH2009,2020-03-24 09:33:21.200,2519.2000,10635,0,268568400.000,0,-,-,-,-,2517.4000,2517.0000,2515.6000,2511.8000,2511.6000,2520.0000,2520.2000,2521.8000,2522.6000,2523.0000,1,1,2,5,1,2,1,2,1,2
SF,IH2009,2020-03-24 09:33:21.700,2519.2000,10635,0,268568400.000,0,-,-,-,-,2517.4000,2517.0000,2515.6000,2511.8000,2511.6000,2520.0000,2520.2000,2521.8000,2522.6000,2523.0000,2,1,2,5,1,2,1,2,1,2
SF,IH2009,2020-03-24 09:33:22.200,2519.2000,10635,0,268568400.000,0,-,-,-,-,2517.4000,2517.0000,2515.6000,2511.8000,2511.6000,2517.6000,2520.0000,2520.2000,2521.8000,2522.6000,2,1,2,5,1,1,2,1,2,1
SF,IH2009,2020-03-24 09:33:22.700,2517.6000,10634,-1,269323680.000,1,0,1,双平,S,2517.4000,2517.0000,2515.6000,2511.8000,2511.6000,2520.0000,2520.2000,2521.8000,2522.6000,2523.0000,1,1,2,5,1,2,1,2,1,2
SF,IH2009,2020-03-24 09:33:23.200,2517.6000,10634,0,269323680.000,0,-,-,-,-,2517.6000,2517.4000,2517.0000,2515.6000,2511.8000,2520.0000,2520.2000,2521.8000,2522.6000,2523.0000,1,1,1,2,5,2,1,2,1,2
SF,IH2009,2020-03-24 09:33:23.700,2517.6000,10634,0,269323680.000,0,-,-,-,-,2517.8000,2517.6000,2517.4000,2517.0000,2515.6000,2519.8000,2520.0000,2520.2000,2521.8000,2522.6000,1,1,1,1,2,1,2,1,2,1
SF,IH2009,2020-03-24 09:33:24.700,2517.6000,10634,0,269323680.000,0,-,-,-,-,2517.6000,2517.0000,2515.6000,2511.8000,2511.6000,2519.8000,2520.0000,2520.2000,2520.8000,2521.8000,1,1,2,5,1,1,2,1,1,2
SF,IH2009,2020-03-24 09:33:25.200,2517.6000,10634,0,270078960.000,1,0,1,多换,S,2517.0000,2515.6000,2511.8000,2511.6000,2511.0000,2519.8000,2520.0000,2520.2000,2520.8000,2521.8000,1,2,5,1,1,1,2,1,1,2
SF,IH2009,2020-03-24 09:33:25.700,2517.6000,10634,0,270078960.000,0,-,-,-,-,2517.0000,2515.6000,2511.8000,2511.6000,2511.0000,2519.6000,2519.8000,2520.0000,2520.2000,2520.8000,1,2,5,1,1,1,1,1,1,1
SF,IH2009,2020-03-24 09:33:26.200,2517.6000,10634,0,270078960.000,0,-,-,-,-,2517.2000,2517.0000,2515.6000,2511.8000,2511.6000,2519.4000,2519.6000,2520.0000,2520.2000,2520.8000,1,1,2,5,1,1,1,1,1,1
SF,IH2009,2020-03-24 09:33:26.700,2517.6000,10634,0,270078960.000,0,-,-,-,-,2517.4000,2517.2000,2517.0000,2515.6000,2511.8000,2519.6000,2520.2000,2520.8000,2521.8000,2522.6000,1,1,1,2,5,1,1,1,2,1
SF,IH2009,2020-03-24 09:33:27.200,2517.6000,10634,0,270078960.000,0,-,-,-,-,2517.4000,2517.2000,2517.0000,2515.6000,2511.8000,2519.6000,2520.2000,2520.8000,2521.8000,2522.6000,1,1,1,2,5,1,1,1,1,1
SF,IH2009,2020-03-24 09:33:27.700,2517.6000,10634,0,270078960.000,0,-,-,-,-,2517.6000,2517.2000,2517.0000,2515.6000,2511.8000,2519.6000,2520.2000,2520.8000,2521.8000,2522.6000,1,1,1,2,5,1,1,1,1,1
SF,IH2009,2020-03-24 09:33:28.200,2517.6000,10634,0,270078960.000,0,-,-,-,-,2517.8000,2517.6000,2517.4000,2517.0000,2515.6000,2520.2000,2520.8000,2521.8000,2522.6000,2523.0000,1,1,1,1,2,1,1,1,1,2
SF,IH2009,2020-03-24 09:33:28.700,2517.6000,10634,0,270078960.000,0,-,-,-,-,2517.8000,2517.6000,2517.0000,2515.6000,2511.8000,2520.0000,2520.2000,2520.8000,2521.8000,2522.6000,1,1,1,2,5,1,1,1,1,1
SF,IH2009,2020-03-24 09:33:29.200,2517.6000,10634,0,270078960.000,0,-,-,-,-,2517.0000,2515.6000,2511.8000,2511.6000,2511.0000,2517.6000,2520.0000,2520.2000,2520.8000,2521.8000,1,2,5,1,1,1,2,1,1,1
SF,IH2009,2020-03-24 09:33:29.700,2517.6000,10634,0,270834240.000,1,0,1,多换,S,2517.0000,2515.6000,2511.8000,2511.6000,2511.0000,2520.0000,2520.2000,2520.8000,2521.8000,2522.6000,1,2,5,1,1,1,1,1,1,1
SF,IH2009,2020-03-24 09:33:30.200,2517.6000,10634,0,270834240.000,0,-,-,-,-,2517.0000,2515.6000,2511.8000,2511.6000,2511.0000,2519.8000,2520.0000,2520.2000,2520.8000,2521.8000,1,2,5,1,1,2,1,1,1,1
SF,IH2009,2020-03-24 09:33:30.700,2517.6000,10634,0,270834240.000,0,-,-,-,-,2517.0000,2515.6000,2513.8000,2511.8000,2511.6000,2519.6000,2519.8000,2520.0000,2520.2000,2520.8000,1,2,1,5,1,1,2,1,1,1
SF,IH2009,2020-03-24 09:33:31.200,2517.6000,10634,0,270834240.000,0,-,-,-,-,2517.6000,2517.0000,2515.6000,2513.8000,2511.8000,2519.4000,2519.6000,2520.2000,2520.8000,2521.8000,1,1,2,1,5,2,1,1,1,1
SF,IH2009,2020-03-24 09:33:31.700,2517.6000,10634,0,270834240.000,0,-,-,-,-,2517.6000,2517.0000,2515.6000,2513.8000,2511.8000,2519.6000,2520.2000,2520.8000,2521.8000,2522.6000,1,1,2,1,5,1,1,1,1,1
SF,IH2009,2020-03-24 09:33:32.200,2517.6000,10634,0,270834240.000,0,-,-,-,-,2517.8000,2517.0000,2515.6000,2513.8000,2511.8000,2519.8000,2520.2000,2520.8000,2521.8000,2522.6000,1,2,2,1,5,1,1,1,1,1
SF,IH2009,2020-03-24 09:33:33.200,2517.6000,10634,0,270834240.000,0,-,-,-,-,2518.0000,2517.8000,2517.0000,2515.6000,2513.8000,2519.8000,2520.2000,2520.8000,2521.8000,2522.6000,1,1,2,2,1,1,1,1,1,1
SF,IH2009,2020-03-24 09:33:33.700,2519.8000,10633,-1,271590180.000,1,0,1,双平,S,2518.0000,2517.8000,2517.0000,2515.6000,2513.8000,2520.2000,2520.8000,2521.8000,2522.6000,2523.0000,1,1,2,2,1,1,1,1,1,2
SF,IH2009,2020-03-24 09:33:34.200,2518.0000,10632,-1,272345580.000,1,0,1,双平,S,2517.8000,2517.0000,2515.6000,2513.8000,2511.8000,2520.0000,2520.2000,2520.8000,2521.8000,2522.6000,1,2,2,1,5,1,1,1,1,1
SF,IH2009,2020-03-24 09:33:36.700,2518.0000,10632,0,272345580.000,0,-,-,-,-,2517.8000,2517.0000,2515.6000,2513.8000,2511.8000,2520.0000,2520.2000,2520.8000,2521.8000,2522.6000,1,2,2,1,5,1,1,1,1,1
SF,IH2009,2020-03-24 09:33:37.200,2518.0000,10632,0,272345580.000,0,-,-,-,-,2517.0000,2515.6000,2513.8000,2511.8000,2511.6000,2519.8000,2520.0000,2520.2000,2520.8000,2521.8000,2,2,1,5,1,1,2,1,1,1
SF,IH2009,2020-03-24 09:33:37.700,2518.0000,10632,0,272345580.000,0,-,-,-,-,2517.0000,2515.6000,2513.8000,2511.8000,2511.6000,2519.6000,2519.8000,2520.0000,2520.2000,2520.8000,2,2,1,5,1,2,1,1,1,1
SF,IH2009,2020-03-24 09:33:38.200,2518.0000,10632,0,272345580.000,0,-,-,-,-,2517.0000,2515.6000,2513.8000,2511.8000,2511.6000,2519.6000,2520.0000,2520.2000,2520.8000,2521.8000,2,2,1,5,1,2,1,1,1,1
SF,IH2009,2020-03-24 09:33:38.700,2518.0000,10632,0,272345580.000,0,-,-,-,-,2517.0000,2515.6000,2513.8000,2511.8000,2511.6000,2517.4000,2519.6000,2520.0000,2520.2000,2520.8000,2,2,1,5,1,1,1,1,2,1
SF,IH2009,2020-03-24 09:33:39.200,2517.4000,10633,1,273100800.000,1,1,0,双开,S,2517.4000,2517.2000,2517.0000,2515.6000,2513.8000,2519.6000,2520.0000,2520.2000,2520.8000,2521.8000,1,2,2,2,1,1,1,2,1,1
SF,IH2009,2020-03-24 09:33:39.700,2517.4000,10633,0,273100800.000,0,-,-,-,-,2517.6000,2517.4000,2517.2000,2517.0000,2515.6000,2519.4000,2519.6000,2520.0000,2520.2000,2520.8000,1,1,2,2,2,1,1,1,2,1
SF,IH2009,2020-03-24 09:33:40.200,2517.4000,10633,0,273100800.000,0,-,-,-,-,2517.6000,2517.4000,2517.0000,2515.6000,2513.8000,2519.4000,2520.0000,2520.2000,2520.8000,2521.8000,1,1,2,2,1,2,1,2,1,1
SF,IH2009,2020-03-24 09:33:40.700,2517.4000,10632,-1,274611240.000,2,0,2,多平,S,2517.0000,2515.6000,2513.8000,2511.8000,2511.6000,2519.4000,2520.0000,2520.2000,2520.8000,2521.8000,2,2,1,5,1,2,1,2,1,1
SF,IH2009,2020-03-24 09:33:41.700,2517.4000,10632,0,274611240.000,0,-,-,-,-,2517.0000,2515.6000,2513.8000,2511.8000,2511.6000,2517.4000,2519.4000,2520.0000,2520.2000,2520.8000,2,2,1,5,1,1,2,1,2,1
SF,IH2009,2020-03-24 09:33:42.200,2517.4000,10632,0,275366460.000,1,0,1,多换,S,2517.0000,2515.6000,2513.8000,2511.8000,2511.6000,2520.0000,2520.2000,2520.8000,2521.8000,2522.6000,2,2,1,5,1,1,2,1,1,1
SF,IH2009,2020-03-24 09:33:42.700,2517.4000,10632,0,275366460.000,0,-,-,-,-,2517.0000,2515.6000,2513.8000,2511.8000,2511.6000,2519.8000,2520.0000,2520.2000,2520.8000,2521.8000,2,2,1,5,1,2,1,2,1,1
SF,IH2009,2020-03-24 09:33:43.700,2517.4000,10632,0,275366460.000,0,-,-,-,-,2517.2000,2517.0000,2515.6000,2513.8000,2511.8000,2519.8000,2520.0000,2520.2000,2520.8000,2521.8000,2,2,2,1,5,2,1,2,1,1
SF,IH2009,2020-03-24 09:33:44.700,2517.4000,10632,0,275366460.000,0,-,-,-,-,2517.4000,2517.2000,2517.0000,2515.6000,2513.8000,2519.6000,2519.8000,2520.0000,2520.2000,2520.8000,1,2,2,2,1,1,2,1,1,1
SF,IH2009,2020-03-24 09:33:45.200,2517.4000,10632,0,275366460.000,0,-,-,-,-,2517.4000,2517.2000,2517.0000,2515.6000,2513.8000,2519.6000,2519.8000,2520.0000,2520.2000,2520.8000,1,2,2,2,1,2,2,1,1,1
SF,IH2009,2020-03-24 09:33:45.700,2517.4000,10632,0,275366460.000,0,-,-,-,-,2517.4000,2517.2000,2517.0000,2515.6000,2513.8000,2519.6000,2519.8000,2520.0000,2520.2000,2520.8000,1,2,2,2,1,2,2,1,1,1
SF,IH2009,2020-03-24 09:33:46.200,2517.4000,10632,0,275366460.000,0,-,-,-,-,2517.8000,2517.4000,2517.2000,2517.0000,2515.6000,2519.6000,2519.8000,2520.0000,2520.2000,2520.8000,1,1,2,2,2,2,2,1,1,1
SF,IH2009,2020-03-24 09:33:46.700,2517.4000,10632,0,275366460.000,0,-,-,-,-,2517.8000,2517.4000,2517.2000,2517.0000,2515.6000,2519.6000,2519.8000,2520.0000,2520.2000,2520.8000,1,1,2,2,2,1,1,3,1,1
SF,IH2009,2020-03-24 09:33:47.200,2517.4000,10632,0,275366460.000,0,-,-,-,-,2517.4000,2517.2000,2517.0000,2515.6000,2511.8000,2519.6000,2519.8000,2520.0000,2520.2000,2520.8000,1,2,2,2,5,1,1,3,1,1
SF,IH2009,2020-03-24 09:33:47.700,2517.4000,10632,0,275366460.000,0,-,-,-,-,2517.4000,2517.2000,2517.0000,2515.6000,2511.8000,2519.6000,2519.8000,2520.0000,2520.2000,2520.8000,2,2,2,2,5,1,1,3,1,1
SF,IH2009,2020-03-24 09:33:48.700,2517.4000,10632,0,275366460.000,0,-,-,-,-,2517.6000,2517.2000,2517.0000,2515.6000,2511.8000,2519.6000,2519.8000,2520.0000,2520.2000,2520.8000,1,2,2,2,5,1,1,3,1,1
SF,IH2009,2020-03-24 09:33:49.200,2517.4000,10632,0,275366460.000,0,-,-,-,-,2517.0000,2515.6000,2511.8000,2511.6000,2511.0000,2519.4000,2519.6000,2520.0000,2520.2000,2520.8000,2,2,5,1,1,2,1,3,2,1
SF,IH2009,2020-03-24 09:33:49.700,2517.4000,10632,0,275366460.000,0,-,-,-,-,2517.0000,2515.6000,2511.8000,2511.6000,2511.0000,2519.4000,2519.6000,2520.0000,2520.2000,2520.8000,2,2,5,1,1,2,1,5,2,1
SF,IH2009,2020-03-24 09:33:50.200,2517.4000,10632,0,275366460.000,0,-,-,-,-,2517.4000,2517.0000,2515.6000,2511.8000,2511.6000,2519.4000,2519.6000,2520.0000,2520.2000,2520.8000,1,2,2,5,1,1,1,5,2,1
SF,IH2009,2020-03-24 09:33:50.700,2517.4000,10632,0,275366460.000,0,-,-,-,-,2517.0000,2516.8000,2515.6000,2511.8000,2511.6000,2519.6000,2520.0000,2520.2000,2520.8000,2521.8000,2,1,2,5,1,1,5,2,1,1
SF,IH2009,2020-03-24 09:33:51.200,2519.4000,10631,-1,276122280.000,1,0,1,双平,S,2517.4000,2517.2000,2517.0000,2516.8000,2515.6000,2519.6000,2520.0000,2520.2000,2520.8000,2521.8000,1,1,2,1,2,1,5,2,1,1
SF,IH2009,2020-03-24 09:33:51.700,2519.4000,10631,0,276122280.000,0,-,-,-,-,2517.2000,2517.0000,2516.8000,2515.6000,2511.8000,2519.6000,2520.0000,2520.2000,2520.8000,2521.8000,2,2,1,2,5,1,5,2,1,1
SF,IH2009,2020-03-24 09:33:52.200,2519.4000,10631,0,276122280.000,0,-,-,-,-,2517.2000,2517.0000,2516.8000,2515.6000,2514.6000,2519.4000,2519.6000,2520.0000,2520.2000,2520.8000,2,2,1,2,1,1,1,5,2,1
SF,IH2009,2020-03-24 09:33:53.200,2519.4000,10631,0,276122280.000,0,-,-,-,-,2518.0000,2517.4000,2517.2000,2517.0000,2516.8000,2519.4000,2519.6000,2520.0000,2520.2000,2520.8000,1,1,3,2,1,1,1,5,2,1
SF,IH2009,2020-03-24 09:33:53.700,2518.0000,10630,-1,276877680.000,1,0,1,双平,S,2517.2000,2517.0000,2516.8000,2515.6000,2514.6000,2519.2000,2519.4000,2519.6000,2520.0000,2520.2000,1,2,1,2,1,1,1,1,5,2
SF,IH2009,2020-03-24 09:33:54.700,2518.0000,10630,0,276877680.000,0,-,-,-,-,2517.2000,2517.0000,2516.8000,2515.6000,2514.6000,2519.4000,2519.6000,2520.0000,2520.2000,2520.8000,1,2,1,2,1,1,1,5,2,1
SF,IH2009,2020-03-24 09:33:55.200,2518.0000,10630,0,276877680.000,0,-,-,-,-,2517.2000,2517.0000,2516.8000,2515.6000,2514.6000,2519.6000,2520.0000,2520.2000,2520.8000,2521.8000,1,2,1,2,1,1,5,2,1,1
SF,IH2009,2020-03-24 09:33:55.700,2518.0000,10630,0,276877680.000,0,-,-,-,-,2517.4000,2517.2000,2517.0000,2516.8000,2515.6000,2519.6000,2520.0000,2520.2000,2520.8000,2521.8000,1,1,2,1,2,1,5,2,1,1
SF,IH2009,2020-03-24 09:33:56.200,2518.0000,10630,0,276877680.000,0,-,-,-,-,2517.4000,2517.2000,2517.0000,2516.8000,2515.6000,2519.6000,2520.0000,2520.2000,2520.8000,2521.8000,2,1,2,1,2,1,5,2,1,1
SF,IH2009,2020-03-24 09:33:56.700,2518.0000,10630,0,276877680.000,0,-,-,-,-,2517.2000,2517.0000,2516.8000,2515.6000,2514.6000,2519.4000,2519.6000,2520.0000,2520.2000,2520.8000,1,2,1,2,1,2,1,5,2,1
SF,IH2009,2020-03-24 09:33:57.200,2518.0000,10630,0,276877680.000,0,-,-,-,-,2517.0000,2516.8000,2515.6000,2514.6000,2511.8000,2519.4000,2519.6000,2520.0000,2520.2000,2520.8000,2,1,2,1,5,2,1,5,2,1
SF,IH2009,2020-03-24 09:33:57.700,2517.0000,10630,0,278387880.000,2,1,1,多换,S,2516.8000,2515.6000,2511.8000,2511.6000,2511.2000,2519.4000,2519.6000,2520.0000,2520.2000,2520.8000,1,2,5,1,1,2,1,5,2,1
SF,IH2009,2020-03-24 09:33:58.200,2517.0000,10630,0,278387880.000,0,-,-,-,-,2516.8000,2515.6000,2511.8000,2511.6000,2511.2000,2519.4000,2519.6000,2520.0000,2520.2000,2520.8000,1,2,5,1,1,2,1,5,2,1
SF,IH2009,2020-03-24 09:33:58.700,2517.0000,10630,0,278387880.000,0,-,-,-,-,2516.8000,2515.6000,2511.8000,2511.6000,2511.2000,2519.4000,2519.6000,2520.0000,2520.2000,2520.8000,1,2,5,1,1,2,1,5,2,1
SF,IH2009,2020-03-24 09:33:59.200,2516.8000,10630,0,279142920.000,1,0,1,多换,S,2515.6000,2511.8000,2511.6000,2511.2000,2511.0000,2519.4000,2519.6000,2520.0000,2520.2000,2520.8000,2,5,1,1,1,2,1,5,2,1
SF,IH2009,2020-03-24 09:33:59.700,2516.8000,10630,0,279142920.000,0,-,-,-,-,2515.6000,2511.8000,2511.6000,2511.2000,2511.0000,2519.2000,2519.4000,2519.6000,2520.0000,2520.2000,3,5,1,1,1,1,2,1,5,2
SF,IH2009,2020-03-24 09:34:00.200,2516.8000,10630,0,279142920.000,0,-,-,-,-,2515.6000,2511.8000,2511.6000,2511.2000,2510.0000,2519.0000,2519.2000,2519.4000,2519.6000,2520.0000,3,5,1,1,2,2,1,1,1,5
SF,IH2009,2020-03-24 09:34:00.700,2516.8000,10630,0,279142920.000,0,-,-,-,-,2515.6000,2511.8000,2511.6000,2511.2000,2510.0000,2519.0000,2519.2000,2519.4000,2519.6000,2520.0000,3,5,1,1,2,2,1,1,1,5
SF,IH2009,2020-03-24 09:34:01.200,2516.8000,10630,0,279142920.000,0,-,-,-,-,2515.6000,2511.8000,2511.6000,2511.2000,2510.0000,2518.8000,2519.0000,2519.4000,2519.6000,2520.0000,2,5,1,1,2,1,2,1,1,5
SF,IH2009,2020-03-24 09:34:01.700,2518.6000,10629,-1,279898500.000,1,0,1,双平,S,2515.8000,2515.6000,2511.8000,2511.6000,2511.2000,2518.6000,2519.0000,2519.4000,2519.6000,2520.0000,1,3,5,1,1,1,1,1,3,3
SF,IH2009,2020-03-24 09:34:02.200,2518.6000,10629,0,279898500.000,0,-,-,-,-,2516.0000,2515.6000,2511.8000,2511.6000,2511.2000,2518.6000,2519.0000,2519.6000,2520.0000,2520.2000,1,3,5,1,1,1,1,3,3,2
SF,IH2009,2020-03-24 09:34:02.700,2518.6000,10629,0,279898500.000,0,-,-,-,-,2516.2000,2516.0000,2515.8000,2515.6000,2511.8000,2518.4000,2518.6000,2519.6000,2520.0000,2520.2000,1,1,1,2,5,1,1,3,3,2
SF,IH2009,2020-03-24 09:34:03.200,2516.4000,10628,-1,280653420.000,1,0,1,双平,S,2516.2000,2515.6000,2511.8000,2511.6000,2510.0000,2518.4000,2519.6000,2520.0000,2520.2000,2520.8000,1,2,5,1,2,1,3,3,2,1
SF,IH2009,2020-03-24 09:34:03.700,2516.4000,10628,0,280653420.000,0,-,-,-,-,2516.2000,2515.6000,2511.8000,2511.6000,2510.0000,2519.6000,2520.0000,2520.2000,2520.8000,2522.6000,1,2,5,1,2,3,3,2,1,1
SF,IH2009,2020-03-24 09:34:04.200,2516.4000,10628,0,280653420.000,0,-,-,-,-,2516.4000,2516.2000,2515.6000,2512.2000,2511.8000,2519.4000,2519.6000,2520.0000,2520.2000,2520.8000,1,1,2,1,5,1,3,3,2,1
SF,IH2009,2020-03-24 09:34:04.700,2516.4000,10628,0,280653420.000,0,-,-,-,-,2516.8000,2516.4000,2515.6000,2512.2000,2511.8000,2519.4000,2519.6000,2520.0000,2520.2000,2520.8000,1,1,2,1,5,1,3,3,2,1
SF,IH2009,2020-03-24 09:34:05.200,2516.4000,10628,0,280653420.000,0,-,-,-,-,2516.8000,2515.6000,2512.2000,2511.8000,2511.6000,2519.2000,2519.4000,2519.6000,2520.0000,2520.2000,2,2,1,5,1,1,1,3,3,2
SF,IH2009,2020-03-24 09:34:05.700,2516.4000,10628,0,280653420.000,0,-,-,-,-,2516.8000,2515.6000,2512.2000,2511.8000,2511.6000,2519.0000,2519.2000,2519.6000,2520.0000,2520.2000,2,2,1,5,1,1,1,3,3,2
SF,IH2009,2020-03-24 09:34:06.200,2516.4000,10628,0,280653420.000,0,-,-,-,-,2515.6000,2512.2000,2511.8000,2511.6000,2510.0000,2518.8000,2519.0000,2519.2000,2519.6000,2520.0000,2,1,5,1,2,1,1,1,3,3
SF,IH2009,2020-03-24 09:34:06.700,2518.4000,10625,-3,282919980.000,3,0,3,双平,S,2515.6000,2512.2000,2511.8000,2511.6000,2510.0000,2518.4000,2518.6000,2518.8000,2519.2000,2519.6000,3,1,5,1,2,7,1,1,1,3
SF,IH2009,2020-03-24 09:34:07.200,2518.4000,10625,0,282919980.000,0,-,-,-,-,2515.8000,2515.6000,2512.2000,2511.8000,2511.6000,2518.2000,2518.4000,2518.8000,2519.2000,2519.6000,1,3,1,5,1,1,7,1,1,3
SF,IH2009,2020-03-24 09:34:07.700,2518.4000,10625,0,282919980.000,0,-,-,-,-,2515.8000,2515.6000,2512.2000,2511.8000,2511.6000,2518.2000,2518.4000,2518.8000,2519.6000,2520.0000,1,3,1,5,1,1,7,1,3,3
SF,IH2009,2020-03-24 09:34:08.200,2518.4000,10625,0,282919980.000,0,-,-,-,-,2515.8000,2515.6000,2512.2000,2511.8000,2511.6000,2518.2000,2518.4000,2518.8000,2519.6000,2520.0000,1,2,1,5,1,1,7,1,3,4
SF,IH2009,2020-03-24 09:34:08.700,2518.4000,10625,0,282919980.000,0,-,-,-,-,2515.8000,2515.6000,2512.2000,2511.8000,2511.6000,2518.0000,2518.2000,2518.4000,2518.8000,2519.6000,1,3,1,5,1,1,1,7,1,3
SF,IH2009,2020-03-24 09:34:09.200,2518.2000,10623,-2,284430900.000,2,0,2,双平,S,2518.2000,2515.8000,2515.6000,2512.2000,2511.8000,2518.4000,2518.8000,2519.6000,2520.0000,2520.2000,1,1,3,1,5,7,1,3,4,2
SF,IH2009,2020-03-24 09:34:09.700,2515.8000,10621,-2,285941100.000,2,0,2,双平,S,2515.6000,2512.2000,2511.8000,2511.6000,2510.0000,2518.2000,2518.4000,2518.8000,2519.6000,2520.0000,2,1,5,1,2,2,7,1,3,4
SF,IH2009,2020-03-24 09:34:10.200,2515.6000,10619,-2,287450460.000,2,0,2,双平,S,2512.2000,2511.8000,2511.6000,2510.0000,2508.6000,2518.0000,2518.4000,2518.8000,2519.6000,2520.0000,1,5,1,2,1,1,7,1,3,4
SF,IH2009,2020-03-24 09:34:10.700,2515.6000,10619,0,287450460.000,0,-,-,-,-,2517.4000,2513.0000,2512.8000,2512.4000,2512.2000,2518.0000,2518.4000,2518.8000,2519.6000,2520.0000,1,1,1,1,1,2,7,1,3,4
SF,IH2009,2020-03-24 09:34:11.200,2517.4000,10618,-1,288205680.000,1,0,1,双平,S,2513.0000,2512.8000,2511.8000,2511.6000,2510.0000,2517.4000,2517.8000,2518.0000,2518.4000,2518.8000,1,1,5,1,2,1,1,1,7,1
SF,IH2009,2020-03-24 09:34:11.700,2518.0000,10616,-2,289716300.000,2,0,2,双平,S,2518.0000,2513.2000,2513.0000,2512.8000,2511.8000,2518.4000,2518.8000,2519.6000,2520.0000,2520.2000,1,2,1,1,5,7,1,3,4,1
SF,IH2009,2020-03-24 09:34:12.200,2518.0000,10615,-1,290471700.000,1,0,1,双平,S,2513.2000,2513.0000,2512.8000,2511.8000,2511.6000,2518.0000,2518.2000,2518.4000,2518.8000,2519.6000,1,1,1,5,1,2,1,7,1,3
SF,IH2009,2020-03-24 09:34:12.700,2518.0000,10615,0,290471700.000,0,-,-,-,-,2513.4000,2513.2000,2513.0000,2512.8000,2511.8000,2517.2000,2517.4000,2517.8000,2518.4000,2518.8000,1,1,1,1,5,1,1,2,7,1
SF,IH2009,2020-03-24 09:34:13.200,2518.0000,10615,0,290471700.000,0,-,-,-,-,2515.6000,2513.6000,2513.4000,2513.0000,2511.8000,2517.2000,2518.4000,2519.6000,2520.0000,2520.2000,1,1,1,1,5,1,7,3,4,1
SF,IH2009,2020-03-24 09:34:13.700,2518.0000,10615,0,290471700.000,0,-,-,-,-,2517.4000,2515.8000,2513.6000,2513.4000,2513.0000,2518.4000,2519.6000,2520.0000,2520.2000,2520.8000,3,1,1,1,1,7,3,4,1,1
SF,IH2009,2020-03-24 09:34:14.200,2517.4000,10613,-2,292737360.000,3,0,3,多平,S,2513.6000,2513.4000,2513.0000,2511.8000,2511.6000,2518.2000,2518.4000,2519.6000,2520.0000,2520.2000,1,1,1,5,1,1,7,3,4,1
SF,IH2009,2020-03-24 09:34:14.700,2517.4000,10613,0,292737360.000,0,-,-,-,-,2513.8000,2513.6000,2513.2000,2513.0000,2511.8000,2518.0000,2518.4000,2519.6000,2520.0000,2520.2000,1,1,1,1,5,3,7,3,2,1
SF,IH2009,2020-03-24 09:34:15.200,2517.4000,10613,0,292737360.000,0,-,-,-,-,2514.0000,2513.8000,2513.2000,2513.0000,2511.8000,2518.0000,2518.4000,2519.6000,2520.0000,2520.2000,1,1,1,1,5,3,7,3,2,1
SF,IH2009,2020-03-24 09:34:15.700,2517.4000,10613,0,292737360.000,0,-,-,-,-,2514.2000,2514.0000,2513.2000,2513.0000,2511.8000,2517.6000,2518.0000,2518.4000,2519.6000,2520.0000,1,3,2,1,5,1,2,7,3,2
SF,IH2009,2020-03-24 09:34:16.200,2518.0000,10610,-3,295003440.000,3,0,3,双平,S,2514.4000,2514.2000,2514.0000,2513.2000,2513.0000,2518.4000,2519.6000,2520.0000,2520.2000,2520.8000,3,1,2,2,1,7,3,2,1,1
SF,IH2009,2020-03-24 09:34:16.700,2518.0000,10610,0,295003440.000,0,-,-,-,-,2514.6000,2514.4000,2514.0000,2513.2000,2513.0000,2518.2000,2518.4000,2519.6000,2520.0000,2520.2000,1,3,2,2,1,1,7,3,2,1
SF,IH2009,2020-03-24 09:34:17.200,2518.0000,10610,0,295003440.000,0,-,-,-,-,2515.0000,2514.8000,2514.6000,2514.4000,2513.2000,2518.2000,2518.4000,2519.6000,2520.0000,2520.2000,1,1,1,1,1,1,7,3,2,1
SF,IH2009,2020-03-24 09:34:17.700,2518.0000,10610,0,295003440.000,0,-,-,-,-,2515.2000,2515.0000,2514.0000,2513.2000,2513.0000,2518.2000,2518.4000,2519.6000,2520.0000,2520.2000,2,1,1,1,1,1,7,3,2,1
SF,IH2009,2020-03-24 09:34:18.200,2518.0000,10610,0,295003440.000,0,-,-,-,-,2515.2000,2514.0000,2513.2000,2513.0000,2511.8000,2518.0000,2518.2000,2518.4000,2519.6000,2520.0000,1,1,1,1,5,1,1,7,3,2
SF,IH2009,2020-03-24 09:34:18.700,2518.0000,10608,-2,296514240.000,2,0,2,双平,S,2518.2000,2515.2000,2514.0000,2513.2000,2513.0000,2518.4000,2519.6000,2520.0000,2520.2000,2520.8000,1,1,1,1,1,7,2,2,1,1
SF,IH2009,2020-03-24 09:34:19.200,2518.2000,10607,-1,297269700.000,1,0,1,双平,S,2515.2000,2514.0000,2513.2000,2513.0000,2511.8000,2518.2000,2518.4000,2519.6000,2520.0000,2520.2000,1,1,1,1,5,1,7,2,2,1
SF,IH2009,2020-03-24 09:34:19.700,2518.4000,10606,-1,298780680.000,2,0,2,多平,S,2515.4000,2515.2000,2514.0000,2513.2000,2513.0000,2518.4000,2520.0000,2520.2000,2520.8000,2522.6000,2,1,1,1,1,6,2,1,1,1
SF,IH2009,2020-03-24 09:34:20.200,2518.4000,10606,0,298780680.000,0,-,-,-,-,2515.6000,2515.4000,2514.0000,2513.2000,2513.0000,2518.4000,2520.0000,2520.2000,2520.8000,2522.6000,1,2,1,1,1,6,2,1,1,1
SF,IH2009,2020-03-24 09:34:20.700,2518.4000,10606,0,298780680.000,0,-,-,-,-,2515.8000,2515.6000,2514.0000,2513.2000,2513.0000,2518.4000,2520.0000,2520.2000,2520.8000,2522.6000,3,2,1,1,1,6,2,1,1,1
SF,IH2009,2020-03-24 09:34:21.200,2518.4000,10606,0,298780680.000,0,-,-,-,-,2516.0000,2515.8000,2515.6000,2514.0000,2513.2000,2518.4000,2520.0000,2520.2000,2520.8000,2522.6000,2,4,1,1,1,6,2,1,1,1
SF,IH2009,2020-03-24 09:34:21.700,2518.4000,10606,0,298780680.000,0,-,-,-,-,2516.2000,2516.0000,2515.8000,2514.0000,2513.2000,2518.4000,2520.0000,2520.2000,2520.8000,2522.6000,1,3,3,1,1,6,2,1,1,1
