市场代码,合约代码,时间,最新,持仓,增仓,成交额,成交量,开仓,平仓,成交类型,方向,买一价,买二价,买三价,买四价,买五价,卖一价,卖二价,卖三价,卖四价,卖五价,买一量,买二量,买三量,买四量,买五量,卖一量,卖二量,卖三量,卖四量,卖五量
SF,IH2006,2020-02-20 09:29:00.200,2917.2000,11432,0,5250960.000,6.000,-,-,-,-,2917.0000,2915.4000,2915.0000,2913.6000,2913.4000,2918.0000,2918.8000,2920.8000,2921.0000,2922.8000,1,1,4,1,1,1,5,5,1,5
SF,IH2006,2020-02-20 09:30:00.200,2920.8000,11424,-8,14008080.000,10,1,9,多平,S,2918.0000,2917.0000,2915.4000,2915.2000,2915.0000,2920.8000,2921.0000,2922.8000,2924.8000,2928.0000,1,1,1,1,4,5,1,5,6,1
SF,IH2006,2020-02-20 09:30:00.700,2918.8000,11422,-2,17509920.000,4,1,3,多平,S,2918.4000,2917.0000,2915.4000,2915.2000,2915.0000,2918.8000,2919.4000,2920.6000,2920.8000,2921.0000,3,1,1,1,4,3,2,5,8,3
SF,IH2006,2020-02-20 09:30:01.200,2918.8000,11422,0,17509920.000,0,-,-,-,-,2918.4000,2918.0000,2917.4000,2917.0000,2915.4000,2918.8000,2920.6000,2920.8000,2921.0000,2922.8000,3,1,10,1,1,2,4,6,1,5
SF,IH2006,2020-02-20 09:30:01.700,2918.8000,11419,-3,20136840.000,3,0,3,双平,S,2918.8000,2918.6000,2918.4000,2918.0000,2917.4000,2920.6000,2920.8000,2921.0000,2922.8000,2924.8000,1,3,5,1,10,4,6,1,5,5
SF,IH2006,2020-02-20 09:30:02.200,2920.6000,11418,-1,21013020.000,1,0,1,双平,S,2920.6000,2919.0000,2918.4000,2918.0000,2917.4000,2920.8000,2921.0000,2922.8000,2924.8000,2926.0000,1,6,4,2,10,6,1,5,5,5
SF,IH2006,2020-02-20 09:30:02.700,2920.8000,11417,-1,21889260.000,1,0,1,双平,S,2920.6000,2919.0000,2918.4000,2918.0000,2917.4000,2920.8000,2921.0000,2922.8000,2924.8000,2926.0000,1,5,3,2,10,5,1,5,5,5
SF,IH2006,2020-02-20 09:30:03.200,2920.8000,11416,-1,22765500.000,1,0,1,双平,S,2920.6000,2919.2000,2919.0000,2918.4000,2918.0000,2920.8000,2921.0000,2922.8000,2924.8000,2926.0000,1,1,3,3,2,4,1,5,5,5
SF,IH2006,2020-02-20 09:30:03.700,2920.8000,11414,-2,26270460.000,4,1,3,多平,S,2920.8000,2920.6000,2919.0000,2918.4000,2918.0000,2921.0000,2922.8000,2924.8000,2928.0000,2929.8000,1,1,3,3,2,1,5,5,1,5
SF,IH2006,2020-02-20 09:30:04.200,2921.0000,11413,-1,27146760.000,1,0,1,双平,S,2921.0000,2920.8000,2920.6000,2919.0000,2918.4000,2922.8000,2924.8000,2928.0000,2929.8000,2930.0000,1,1,1,2,3,5,5,1,5,1
SF,IH2006,2020-02-20 09:30:04.700,2921.0000,11413,0,27146760.000,0,-,-,-,-,2921.2000,2921.0000,2920.8000,2920.6000,2918.4000,2922.6000,2922.8000,2924.8000,2928.0000,2929.8000,2,2,1,1,3,1,5,5,1,5
SF,IH2006,2020-02-20 09:30:05.200,2921.0000,11413,0,27146760.000,0,-,-,-,-,2921.4000,2921.2000,2921.0000,2920.8000,2920.6000,2922.6000,2922.8000,2924.8000,2928.0000,2929.8000,1,2,2,1,1,1,5,5,1,5
SF,IH2006,2020-02-20 09:30:05.700,2921.0000,11413,0,27146760.000,0,-,-,-,-,2921.4000,2921.2000,2921.0000,2920.8000,2920.6000,2922.6000,2922.8000,2924.8000,2928.0000,2929.8000,1,2,1,1,1,1,5,5,1,5
SF,IH2006,2020-02-20 09:30:06.200,2921.2000,11411,-2,28899540.000,2,0,2,双平,S,2921.2000,2921.0000,2920.8000,2920.6000,2918.4000,2922.6000,2922.8000,2924.8000,2928.0000,2929.8000,1,1,1,1,3,1,5,5,1,5
SF,IH2006,2020-02-20 09:30:06.700,2921.2000,11410,-1,29775900.000,1,0,1,双平,S,2920.8000,2920.6000,2918.4000,2918.0000,2917.0000,2922.4000,2922.8000,2924.8000,2928.0000,2929.8000,1,1,3,2,1,1,5,5,1,5
SF,IH2006,2020-02-20 09:30:07.200,2921.2000,11410,0,29775900.000,0,-,-,-,-,2920.8000,2920.6000,2918.4000,2918.0000,2917.0000,2922.2000,2922.8000,2924.8000,2928.0000,2929.8000,1,1,3,2,1,1,5,5,1,5
SF,IH2006,2020-02-20 09:30:07.700,2920.8000,11409,-1,30652140.000,1,0,1,双平,S,2922.4000,2920.6000,2918.4000,2918.0000,2917.0000,2922.8000,2924.8000,2928.0000,2929.8000,2930.0000,1,1,3,2,1,5,5,1,5,1
SF,IH2006,2020-02-20 09:30:08.200,2921.4000,11408,-1,31528560.000,1,0,1,双平,S,2920.6000,2918.4000,2918.0000,2917.0000,2915.4000,2921.2000,2922.4000,2922.8000,2924.8000,2928.0000,1,3,2,1,1,1,6,5,5,1
SF,IH2006,2020-02-20 09:30:08.700,2921.4000,11408,0,31528560.000,0,-,-,-,-,2920.6000,2918.4000,2918.0000,2917.0000,2915.4000,2920.8000,2922.4000,2922.8000,2924.8000,2928.0000,1,3,2,1,1,1,6,5,5,1
SF,IH2006,2020-02-20 09:30:09.200,2922.4000,11405,-3,34157880.000,3,0,3,双平,S,2920.6000,2918.4000,2918.0000,2917.0000,2915.4000,2922.4000,2922.8000,2924.8000,2928.0000,2929.8000,1,3,2,1,1,3,5,5,1,5
SF,IH2006,2020-02-20 09:30:09.700,2922.4000,11405,0,34157880.000,0,-,-,-,-,2920.6000,2918.4000,2918.0000,2917.0000,2915.4000,2922.2000,2922.4000,2922.8000,2924.8000,2928.0000,1,3,2,1,1,5,3,5,5,1
SF,IH2006,2020-02-20 09:30:10.200,2922.4000,11405,0,34157880.000,0,-,-,-,-,2921.2000,2920.6000,2918.4000,2918.0000,2917.0000,2922.0000,2922.2000,2922.4000,2922.8000,2924.8000,1,1,3,2,1,3,5,3,5,5
SF,IH2006,2020-02-20 09:30:10.700,2921.8000,11404,-1,37663680.000,4,1,3,多平,S,2920.6000,2918.4000,2918.0000,2917.0000,2915.4000,2921.2000,2921.8000,2922.0000,2922.4000,2922.8000,1,3,2,1,1,1,3,3,3,5
SF,IH2006,2020-02-20 09:30:11.200,2920.6000,11403,-1,38539860.000,1,0,1,双平,S,2920.6000,2918.4000,2918.0000,2917.0000,2915.4000,2921.8000,2922.0000,2922.4000,2922.8000,2924.8000,2,3,2,1,1,3,1,3,5,5
SF,IH2006,2020-02-20 09:30:11.700,2920.6000,11403,0,38539860.000,0,-,-,-,-,2920.6000,2918.4000,2918.0000,2917.0000,2915.4000,2921.6000,2921.8000,2922.0000,2922.4000,2922.8000,2,3,2,1,1,2,1,1,3,5
SF,IH2006,2020-02-20 09:30:12.200,2920.6000,11403,0,40292220.000,2,1,1,多换,S,2918.4000,2918.0000,2917.0000,2915.4000,2915.2000,2921.4000,2921.6000,2921.8000,2922.0000,2922.8000,3,2,1,1,1,1,1,1,1,5
SF,IH2006,2020-02-20 09:30:12.700,2920.6000,11403,0,40292220.000,0,-,-,-,-,2918.6000,2918.4000,2918.0000,2917.0000,2915.4000,2921.2000,2921.4000,2921.8000,2922.0000,2922.8000,3,3,2,1,1,2,1,1,1,5
SF,IH2006,2020-02-20 09:30:13.200,2920.6000,11403,0,40292220.000,0,-,-,-,-,2918.6000,2918.4000,2918.0000,2917.0000,2915.4000,2921.0000,2921.2000,2921.8000,2922.2000,2922.8000,3,3,2,1,1,1,3,1,1,5
SF,IH2006,2020-02-20 09:30:13.700,2920.6000,11403,0,40292220.000,0,-,-,-,-,2918.6000,2918.4000,2918.0000,2917.0000,2915.4000,2920.8000,2921.0000,2921.2000,2921.8000,2922.2000,3,3,2,1,1,2,1,1,1,1
SF,IH2006,2020-02-20 09:30:14.200,2920.6000,11403,0,40292220.000,0,-,-,-,-,2918.6000,2918.4000,2918.0000,2917.0000,2915.4000,2920.6000,2920.8000,2921.0000,2921.2000,2922.2000,1,3,2,1,1,5,1,1,1,1
SF,IH2006,2020-02-20 09:30:14.700,2920.6000,11403,0,40292220.000,0,-,-,-,-,2918.6000,2918.4000,2918.0000,2917.0000,2915.4000,2920.4000,2920.6000,2921.0000,2921.2000,2922.2000,1,3,2,1,1,1,5,1,1,1
SF,IH2006,2020-02-20 09:30:15.200,2920.6000,11403,0,40292220.000,0,-,-,-,-,2918.6000,2918.4000,2918.0000,2917.0000,2915.4000,2920.2000,2920.4000,2920.6000,2921.2000,2922.2000,1,3,2,1,1,3,1,3,1,1
SF,IH2006,2020-02-20 09:30:15.700,2920.6000,11403,0,40292220.000,0,-,-,-,-,2918.6000,2918.4000,2918.0000,2917.0000,2915.4000,2920.0000,2920.2000,2920.4000,2920.6000,2921.2000,2,3,2,1,1,1,3,1,2,1
SF,IH2006,2020-02-20 09:30:16.200,2920.6000,11403,0,40292220.000,0,-,-,-,-,2918.6000,2918.4000,2918.0000,2917.0000,2915.4000,2920.0000,2920.2000,2920.4000,2920.6000,2922.2000,2,3,2,1,1,1,3,1,2,1
SF,IH2006,2020-02-20 09:30:16.700,2920.6000,11403,0,40292220.000,0,-,-,-,-,2918.6000,2918.4000,2918.0000,2917.0000,2915.4000,2920.0000,2920.2000,2920.4000,2922.2000,2922.8000,2,3,2,1,1,1,2,1,1,5
SF,IH2006,2020-02-20 09:30:17.200,2920.0000,11403,0,41168220.000,1,0,1,多换,S,2918.6000,2918.4000,2918.0000,2917.0000,2915.4000,2920.4000,2922.2000,2922.8000,2924.8000,2928.0000,2,3,2,1,1,1,1,5,5,1
SF,IH2006,2020-02-20 09:30:17.700,2920.0000,11403,0,41168220.000,0,-,-,-,-,2918.8000,2918.6000,2918.4000,2918.0000,2917.0000,2920.4000,2922.2000,2922.8000,2924.8000,2928.0000,2,2,3,2,1,1,1,5,5,1
SF,IH2006,2020-02-20 09:30:18.200,2920.4000,11402,-1,42044340.000,1,0,1,双平,S,2919.0000,2918.8000,2918.4000,2918.0000,2917.0000,2922.2000,2922.8000,2924.8000,2928.0000,2928.4000,2,2,3,2,1,1,5,5,1,2
SF,IH2006,2020-02-20 09:30:18.700,2920.4000,11402,0,42044340.000,0,-,-,-,-,2918.8000,2918.4000,2918.0000,2917.0000,2915.4000,2921.8000,2922.0000,2922.2000,2922.8000,2924.8000,1,3,12,1,1,1,5,2,5,5
SF,IH2006,2020-02-20 09:30:19.200,2920.4000,11402,0,42044340.000,0,-,-,-,-,2919.0000,2918.8000,2918.4000,2918.0000,2917.0000,2921.6000,2921.8000,2922.0000,2922.2000,2922.8000,1,2,3,2,1,4,1,1,2,5
SF,IH2006,2020-02-20 09:30:19.700,2920.4000,11402,0,42044340.000,0,-,-,-,-,2919.2000,2919.0000,2918.8000,2918.4000,2918.0000,2921.6000,2921.8000,2922.0000,2922.2000,2922.8000,2,3,1,3,2,4,1,1,2,5
SF,IH2006,2020-02-20 09:30:20.200,2920.4000,11402,0,42044340.000,0,-,-,-,-,2919.4000,2919.2000,2919.0000,2918.4000,2918.0000,2921.6000,2921.8000,2922.0000,2922.2000,2922.8000,1,2,2,3,2,4,1,1,2,5
SF,IH2006,2020-02-20 09:30:20.700,2919.6000,11401,-1,42920220.000,1,0,1,双平,S,2919.6000,2919.4000,2919.2000,2919.0000,2918.4000,2921.6000,2921.8000,2922.0000,2922.2000,2922.8000,1,1,2,2,3,3,1,1,2,5
SF,IH2006,2020-02-20 09:30:21.200,2919.6000,11401,0,42920220.000,0,-,-,-,-,2919.8000,2919.6000,2919.0000,2918.4000,2918.0000,2921.4000,2921.6000,2922.0000,2922.2000,2922.8000,2,1,2,3,2,3,3,1,2,5
SF,IH2006,2020-02-20 09:30:21.700,2919.6000,11401,0,42920220.000,0,-,-,-,-,2919.8000,2919.0000,2918.4000,2918.0000,2917.0000,2921.2000,2921.4000,2922.0000,2922.2000,2922.8000,1,1,3,2,1,4,2,1,2,5
SF,IH2006,2020-02-20 09:30:22.200,2919.6000,11401,0,42920220.000,0,-,-,-,-,2919.8000,2919.0000,2918.0000,2915.4000,2915.2000,2921.0000,2921.2000,2922.0000,2922.2000,2922.8000,1,1,2,1,1,1,3,1,2,5
SF,IH2006,2020-02-20 09:30:22.700,2919.6000,11401,0,42920220.000,0,-,-,-,-,2919.8000,2919.0000,2918.0000,2915.4000,2915.2000,2921.2000,2922.0000,2922.2000,2922.8000,2924.8000,1,1,2,1,1,3,1,2,5,5
SF,IH2006,2020-02-20 09:30:23.200,2919.6000,11401,0,42920220.000,0,-,-,-,-,2919.8000,2919.0000,2918.0000,2915.4000,2915.2000,2921.0000,2921.2000,2922.0000,2922.2000,2922.8000,1,1,2,1,1,1,2,1,2,5
SF,IH2006,2020-02-20 09:30:23.700,2919.6000,11401,0,42920220.000,0,-,-,-,-,2919.8000,2919.0000,2918.0000,2915.4000,2915.2000,2921.0000,2921.2000,2922.0000,2922.2000,2922.8000,1,1,2,1,1,1,2,1,2,5
SF,IH2006,2020-02-20 09:30:24.200,2919.6000,11401,0,42920220.000,0,-,-,-,-,2920.0000,2919.8000,2919.0000,2918.0000,2915.4000,2921.0000,2921.2000,2922.0000,2922.2000,2922.8000,1,1,1,2,1,1,2,1,2,5
SF,IH2006,2020-02-20 09:30:24.700,2921.0000,11401,0,43796520.000,1,0,1,多换,S,2920.2000,2919.0000,2918.0000,2915.4000,2915.2000,2921.2000,2922.0000,2922.2000,2922.8000,2924.8000,1,1,2,1,1,1,1,2,5,5
SF,IH2006,2020-02-20 09:30:25.200,2921.0000,11401,0,43796520.000,0,-,-,-,-,2920.4000,2920.2000,2919.0000,2918.0000,2915.4000,2922.0000,2922.2000,2922.8000,2924.8000,2928.0000,1,1,1,2,1,1,1,5,5,1
SF,IH2006,2020-02-20 09:30:25.700,2920.6000,11400,-1,44672700.000,1,0,1,双平,S,2919.0000,2918.0000,2915.4000,2915.2000,2915.0000,2921.8000,2922.0000,2922.2000,2922.8000,2924.8000,1,2,1,1,4,5,1,1,5,5
SF,IH2006,2020-02-20 09:30:26.200,2920.6000,11400,0,44672700.000,0,-,-,-,-,2919.2000,2919.0000,2918.0000,2917.6000,2915.4000,2921.8000,2922.2000,2922.8000,2924.8000,2928.0000,2,1,2,5,1,4,1,5,5,1
SF,IH2006,2020-02-20 09:30:26.700,2920.6000,11400,0,44672700.000,0,-,-,-,-,2919.4000,2919.2000,2919.0000,2918.0000,2917.6000,2922.2000,2922.8000,2924.8000,2928.0000,2928.4000,1,2,1,2,5,1,5,5,1,2
SF,IH2006,2020-02-20 09:30:27.200,2920.6000,11400,0,44672700.000,0,-,-,-,-,2919.6000,2919.4000,2919.0000,2918.0000,2917.6000,2922.2000,2922.8000,2924.8000,2928.0000,2928.4000,2,1,1,2,5,1,5,5,1,2
SF,IH2006,2020-02-20 09:30:27.700,2920.6000,11400,0,44672700.000,0,-,-,-,-,2919.8000,2919.6000,2919.0000,2918.0000,2917.6000,2922.0000,2922.2000,2922.8000,2924.8000,2928.0000,1,2,1,2,5,1,1,5,5,1
SF,IH2006,2020-02-20 09:30:28.200,2920.0000,11399,-1,45548700.000,1,0,1,双平,S,2920.0000,2919.8000,2919.0000,2918.0000,2917.6000,2921.8000,2922.2000,2922.8000,2924.8000,2928.0000,1,1,1,2,5,1,1,5,5,1
SF,IH2006,2020-02-20 09:30:28.700,2920.0000,11399,0,45548700.000,0,-,-,-,-,2920.2000,2920.0000,2919.8000,2919.0000,2918.0000,2921.8000,2922.2000,2922.8000,2924.8000,2928.0000,2,2,1,1,2,1,1,5,5,1
SF,IH2006,2020-02-20 09:30:29.200,2920.0000,11399,0,45548700.000,0,-,-,-,-,2920.2000,2920.0000,2919.8000,2919.0000,2918.0000,2921.8000,2922.2000,2922.8000,2924.8000,2928.0000,2,1,1,1,2,1,1,5,5,1
SF,IH2006,2020-02-20 09:30:29.700,2920.0000,11399,0,45548700.000,0,-,-,-,-,2920.2000,2919.8000,2919.0000,2918.0000,2917.6000,2921.8000,2922.2000,2922.8000,2924.8000,2928.0000,2,1,1,2,5,1,1,5,5,1
SF,IH2006,2020-02-20 09:30:30.200,2920.0000,11399,0,45548700.000,0,-,-,-,-,2920.2000,2919.8000,2919.0000,2918.0000,2917.6000,2921.8000,2922.2000,2922.8000,2924.8000,2928.0000,1,1,1,2,5,1,1,5,5,1
SF,IH2006,2020-02-20 09:30:30.700,2920.4000,11396,-3,49054260.000,4,0,4,多平,S,2920.4000,2920.2000,2919.8000,2919.0000,2918.0000,2921.6000,2921.8000,2922.2000,2922.8000,2924.8000,1,2,1,1,2,2,1,1,5,5
SF,IH2006,2020-02-20 09:30:31.200,2920.4000,11396,0,49054260.000,0,-,-,-,-,2920.4000,2920.2000,2919.8000,2919.0000,2918.0000,2921.6000,2921.8000,2922.2000,2922.8000,2924.8000,1,1,1,1,2,1,1,1,5,5
SF,IH2006,2020-02-20 09:30:31.700,2920.4000,11396,0,49054260.000,0,-,-,-,-,2920.4000,2920.2000,2919.8000,2919.0000,2918.0000,2921.8000,2922.2000,2922.8000,2924.8000,2928.0000,1,1,1,1,2,1,1,5,5,1
SF,IH2006,2020-02-20 09:30:33.700,2920.4000,11396,0,49054260.000,0,-,-,-,-,2920.4000,2920.2000,2919.8000,2919.0000,2918.0000,2921.6000,2921.8000,2922.2000,2922.8000,2924.8000,1,1,1,1,2,1,1,1,5,5
SF,IH2006,2020-02-20 09:30:34.200,2920.4000,11396,0,49054260.000,0,-,-,-,-,2920.4000,2919.8000,2919.0000,2918.0000,2917.6000,2921.8000,2922.2000,2922.8000,2924.8000,2928.0000,1,1,1,2,5,1,1,5,5,1
SF,IH2006,2020-02-20 09:30:34.700,2920.4000,11396,0,49054260.000,0,-,-,-,-,2920.4000,2919.0000,2918.0000,2917.6000,2915.4000,2921.6000,2921.8000,2922.2000,2922.8000,2924.8000,1,1,2,5,1,3,1,1,5,5
SF,IH2006,2020-02-20 09:30:35.200,2920.4000,11396,0,49054260.000,0,-,-,-,-,2920.4000,2919.0000,2918.0000,2917.6000,2915.4000,2921.4000,2921.6000,2921.8000,2922.2000,2922.8000,1,1,2,5,1,1,3,1,1,5
SF,IH2006,2020-02-20 09:30:35.700,2920.4000,11396,0,49054260.000,0,-,-,-,-,2919.0000,2918.0000,2917.6000,2915.4000,2915.2000,2920.4000,2921.2000,2921.4000,2921.6000,2921.8000,1,2,5,1,1,1,1,1,2,1
SF,IH2006,2020-02-20 09:30:36.200,2920.4000,11396,0,49054260.000,0,-,-,-,-,2919.2000,2919.0000,2918.0000,2917.6000,2915.4000,2920.4000,2921.4000,2921.6000,2921.8000,2922.2000,2,2,7,5,1,1,1,2,1,1
SF,IH2006,2020-02-20 09:30:36.700,2920.4000,11396,0,49054260.000,0,-,-,-,-,2919.4000,2919.2000,2919.0000,2918.0000,2917.6000,2920.4000,2921.6000,2921.8000,2922.2000,2922.8000,2,2,1,7,5,1,2,1,1,5
SF,IH2006,2020-02-20 09:30:37.200,2920.4000,11396,0,49054260.000,0,-,-,-,-,2919.6000,2919.4000,2919.2000,2919.0000,2918.0000,2920.4000,2921.6000,2921.8000,2922.2000,2922.8000,2,1,1,1,7,1,2,1,1,5
SF,IH2006,2020-02-20 09:30:37.700,2920.4000,11396,0,49054260.000,0,-,-,-,-,2919.8000,2919.6000,2919.2000,2919.0000,2918.0000,2920.4000,2921.6000,2921.8000,2922.2000,2922.8000,1,2,1,1,7,1,2,1,1,5
SF,IH2006,2020-02-20 09:30:38.200,2920.4000,11396,0,49054260.000,0,-,-,-,-,2919.6000,2919.2000,2919.0000,2918.0000,2917.6000,2920.4000,2921.6000,2921.8000,2922.2000,2922.8000,2,1,1,7,5,1,1,1,1,5
SF,IH2006,2020-02-20 09:30:39.700,2920.4000,11396,0,49054260.000,0,-,-,-,-,2919.6000,2919.2000,2919.0000,2918.0000,2917.6000,2921.6000,2921.8000,2922.2000,2922.8000,2924.8000,2,1,1,7,5,1,1,1,5,5
SF,IH2006,2020-02-20 09:30:40.200,2920.4000,11396,0,49054260.000,0,-,-,-,-,2919.8000,2919.6000,2919.2000,2919.0000,2918.0000,2921.4000,2921.6000,2922.2000,2922.8000,2924.8000,2,1,1,1,7,3,1,1,5,5
SF,IH2006,2020-02-20 09:30:40.700,2920.4000,11396,0,49054260.000,0,-,-,-,-,2920.0000,2919.8000,2919.2000,2919.0000,2918.0000,2921.4000,2921.6000,2922.2000,2922.8000,2924.8000,2,1,1,1,7,2,1,1,5,5
SF,IH2006,2020-02-20 09:30:41.200,2920.4000,11396,0,49054260.000,0,-,-,-,-,2920.0000,2919.2000,2919.0000,2918.0000,2917.6000,2921.4000,2921.6000,2922.2000,2922.8000,2924.8000,2,1,1,7,5,1,1,1,5,5
SF,IH2006,2020-02-20 09:30:41.700,2920.4000,11396,0,49054260.000,0,-,-,-,-,2920.2000,2920.0000,2919.2000,2919.0000,2918.0000,2921.4000,2921.6000,2922.2000,2922.8000,2924.8000,1,1,1,1,7,1,1,1,6,5
SF,IH2006,2020-02-20 09:30:42.200,2920.4000,11396,0,49054260.000,0,-,-,-,-,2920.2000,2920.0000,2919.2000,2919.0000,2918.0000,2921.6000,2922.2000,2922.8000,2924.8000,2928.0000,1,1,1,1,7,1,1,6,5,1
SF,IH2006,2020-02-20 09:30:42.700,2920.2000,11396,0,49930320.000,1,0,1,多换,S,2920.0000,2919.2000,2919.0000,2918.0000,2917.6000,2922.2000,2922.8000,2924.8000,2928.0000,2928.4000,1,1,1,7,5,1,6,5,1,2
SF,IH2006,2020-02-20 09:30:43.200,2920.2000,11396,0,49930320.000,0,-,-,-,-,2920.0000,2919.2000,2919.0000,2918.0000,2917.6000,2920.4000,2922.0000,2922.2000,2922.8000,2924.8000,1,1,1,7,5,2,5,1,6,5
SF,IH2006,2020-02-20 09:30:43.700,2920.4000,11394,-2,51682560.000,2,0,2,双平,S,2920.4000,2920.0000,2919.2000,2919.0000,2918.0000,2922.0000,2922.2000,2922.8000,2924.8000,2928.0000,1,1,1,1,7,5,1,6,5,1
SF,IH2006,2020-02-20 09:30:44.200,2920.4000,11394,0,51682560.000,0,-,-,-,-,2920.6000,2920.4000,2919.2000,2919.0000,2918.0000,2921.8000,2922.0000,2922.2000,2922.8000,2924.8000,1,2,1,1,7,1,4,1,6,5
SF,IH2006,2020-02-20 09:30:44.700,2920.4000,11394,0,51682560.000,0,-,-,-,-,2920.6000,2920.4000,2919.2000,2919.0000,2918.0000,2921.6000,2921.8000,2922.0000,2922.2000,2922.4000,1,2,1,1,7,1,1,2,1,1
SF,IH2006,2020-02-20 09:30:45.200,2920.4000,11394,0,51682560.000,0,-,-,-,-,2920.6000,2920.4000,2919.2000,2919.0000,2918.0000,2921.8000,2922.0000,2922.2000,2922.4000,2922.8000,2,1,1,1,7,1,2,1,1,6
SF,IH2006,2020-02-20 09:30:45.700,2920.4000,11394,0,51682560.000,0,-,-,-,-,2920.8000,2920.6000,2920.4000,2919.2000,2919.0000,2922.0000,2922.2000,2922.4000,2922.8000,2924.8000,1,2,1,1,1,2,1,1,6,5
SF,IH2006,2020-02-20 09:30:46.200,2920.4000,11394,0,51682560.000,0,-,-,-,-,2921.0000,2920.6000,2920.4000,2919.2000,2919.0000,2922.2000,2922.4000,2922.8000,2924.8000,2925.8000,1,1,1,1,1,1,1,6,5,1
SF,IH2006,2020-02-20 09:30:46.700,2920.4000,11394,0,51682560.000,0,-,-,-,-,2921.0000,2920.4000,2919.2000,2919.0000,2918.0000,2922.2000,2922.4000,2922.8000,2924.8000,2925.8000,2,1,1,1,7,1,1,6,5,1
SF,IH2006,2020-02-20 09:30:47.200,2920.4000,11394,0,51682560.000,0,-,-,-,-,2921.0000,2920.4000,2919.2000,2919.0000,2918.0000,2922.2000,2922.4000,2922.8000,2924.8000,2925.8000,2,1,1,1,7,2,1,6,5,1
SF,IH2006,2020-02-20 09:30:49.200,2922.2000,11393,-1,52559220.000,1,0,1,双平,S,2921.0000,2920.4000,2919.2000,2919.0000,2918.0000,2922.2000,2922.4000,2922.8000,2924.8000,2925.8000,2,1,1,1,7,1,1,6,5,1
SF,IH2006,2020-02-20 09:30:49.700,2922.2000,11393,0,53435880.000,1,0,1,多换,S,2921.2000,2921.0000,2920.4000,2919.2000,2919.0000,2922.4000,2922.8000,2924.8000,2925.8000,2928.0000,1,1,1,1,1,1,6,5,1,1
SF,IH2006,2020-02-20 09:30:50.200,2922.2000,11393,0,53435880.000,0,-,-,-,-,2921.4000,2921.2000,2920.4000,2919.2000,2919.0000,2922.4000,2922.8000,2924.8000,2925.8000,2928.0000,2,1,1,1,1,1,6,5,1,1
SF,IH2006,2020-02-20 09:30:50.700,2921.6000,11392,-1,54312360.000,1,0,1,双平,S,2921.4000,2921.2000,2920.4000,2919.2000,2919.0000,2922.4000,2922.8000,2924.8000,2925.8000,2928.0000,2,1,1,1,1,1,6,5,1,1
SF,IH2006,2020-02-20 09:30:51.700,2922.4000,11391,-1,55189080.000,1,0,1,双平,S,2922.4000,2921.4000,2921.2000,2920.4000,2919.2000,2922.8000,2924.8000,2925.8000,2928.0000,2928.4000,1,2,1,1,1,6,5,1,1,2
SF,IH2006,2020-02-20 09:30:52.200,2922.4000,11391,0,55189080.000,0,-,-,-,-,2921.4000,2921.2000,2920.4000,2919.2000,2919.0000,2922.8000,2924.8000,2925.8000,2928.0000,2928.4000,1,1,1,1,1,6,5,1,1,2
SF,IH2006,2020-02-20 09:30:52.700,2922.4000,11391,0,55189080.000,0,-,-,-,-,2921.6000,2921.4000,2921.2000,2920.4000,2919.2000,2922.4000,2922.6000,2922.8000,2924.8000,2925.8000,1,1,2,1,1,1,1,6,5,1
SF,IH2006,2020-02-20 09:30:53.200,2922.4000,11391,0,55189080.000,0,-,-,-,-,2921.8000,2921.4000,2921.2000,2920.4000,2919.2000,2922.4000,2922.6000,2922.8000,2924.8000,2925.8000,1,1,2,1,1,1,1,6,5,1
SF,IH2006,2020-02-20 09:30:53.700,2922.4000,11390,-1,56065800.000,1,0,1,双平,S,2921.2000,2920.4000,2919.2000,2919.0000,2918.0000,2922.8000,2924.8000,2925.8000,2928.0000,2928.4000,2,1,1,1,7,6,5,1,1,2
SF,IH2006,2020-02-20 09:30:54.200,2922.4000,11390,0,56065800.000,0,-,-,-,-,2921.4000,2921.2000,2921.0000,2920.4000,2919.0000,2922.6000,2922.8000,2924.8000,2925.8000,2928.0000,1,3,1,1,1,1,6,5,1,1
SF,IH2006,2020-02-20 09:30:54.700,2922.4000,11390,0,56065800.000,0,-,-,-,-,2921.4000,2921.2000,2920.4000,2919.0000,2918.0000,2922.8000,2924.8000,2925.8000,2928.0000,2928.4000,1,3,1,1,7,6,5,1,1,2
SF,IH2006,2020-02-20 09:30:55.200,2922.4000,11390,0,56065800.000,0,-,-,-,-,2921.4000,2921.2000,2920.4000,2919.0000,2918.0000,2922.6000,2922.8000,2924.8000,2925.8000,2928.0000,1,3,1,1,7,1,6,5,1,1
SF,IH2006,2020-02-20 09:30:55.700,2922.4000,11390,0,56065800.000,0,-,-,-,-,2921.2000,2920.4000,2919.0000,2918.0000,2915.4000,2922.8000,2924.8000,2925.8000,2928.0000,2928.4000,3,1,1,7,1,6,5,1,1,2
SF,IH2006,2020-02-20 09:30:56.200,2922.4000,11390,0,56065800.000,0,-,-,-,-,2921.4000,2921.2000,2921.0000,2920.4000,2919.0000,2922.6000,2922.8000,2924.8000,2925.8000,2928.0000,1,3,1,1,1,1,6,5,1,1
SF,IH2006,2020-02-20 09:30:56.700,2922.4000,11390,0,56065800.000,0,-,-,-,-,2921.2000,2920.4000,2919.0000,2918.0000,2915.4000,2922.6000,2922.8000,2924.8000,2925.8000,2928.0000,2,1,1,7,1,1,6,5,1,1
SF,IH2006,2020-02-20 09:30:57.200,2922.4000,11390,0,56065800.000,0,-,-,-,-,2921.4000,2921.2000,2920.4000,2919.0000,2918.0000,2922.8000,2924.8000,2925.8000,2928.0000,2928.4000,1,2,1,1,7,6,5,1,1,2
SF,IH2006,2020-02-20 09:30:57.700,2922.4000,11390,0,56065800.000,0,-,-,-,-,2921.2000,2920.4000,2919.0000,2918.0000,2915.4000,2922.6000,2922.8000,2924.8000,2925.8000,2928.0000,2,1,1,7,1,1,6,5,1,1
SF,IH2006,2020-02-20 09:30:58.200,2922.4000,11390,0,56065800.000,0,-,-,-,-,2921.2000,2920.4000,2919.0000,2918.0000,2915.4000,2922.4000,2922.6000,2922.8000,2924.8000,2925.8000,2,1,1,7,1,1,1,6,5,1
SF,IH2006,2020-02-20 09:30:58.700,2922.4000,11390,0,56065800.000,0,-,-,-,-,2921.2000,2920.4000,2919.0000,2918.0000,2915.4000,2922.4000,2922.8000,2924.8000,2925.8000,2928.0000,2,1,1,7,1,2,6,5,1,1
SF,IH2006,2020-02-20 09:30:59.200,2921.2000,11388,-2,57818520.000,2,0,2,双平,S,2920.4000,2919.0000,2918.0000,2915.4000,2915.2000,2922.2000,2922.4000,2922.8000,2924.8000,2925.8000,1,1,7,1,1,1,2,6,5,1
SF,IH2006,2020-02-20 09:30:59.700,2921.2000,11388,0,57818520.000,0,-,-,-,-,2920.6000,2920.4000,2919.0000,2918.0000,2915.4000,2922.0000,2922.4000,2922.8000,2924.8000,2925.8000,2,1,1,7,1,3,2,6,5,1
SF,IH2006,2020-02-20 09:31:00.200,2921.2000,11388,0,57818520.000,0,-,-,-,-,2920.6000,2920.4000,2919.0000,2918.0000,2915.4000,2921.8000,2922.0000,2922.8000,2924.8000,2925.8000,2,1,1,7,1,2,1,6,5,1
SF,IH2006,2020-02-20 09:31:00.700,2921.2000,11388,0,57818520.000,0,-,-,-,-,2920.8000,2920.6000,2920.4000,2919.0000,2918.0000,2921.8000,2922.0000,2922.8000,2925.8000,2928.0000,1,2,1,1,7,2,1,6,1,1
SF,IH2006,2020-02-20 09:31:01.200,2920.6000,11387,-1,59570940.000,2,0,2,多平,S,2920.4000,2919.0000,2918.0000,2915.4000,2915.2000,2920.6000,2922.8000,2925.8000,2928.0000,2928.4000,1,1,7,1,1,3,1,1,1,2
SF,IH2006,2020-02-20 09:31:01.700,2920.6000,11383,-4,63075660.000,4,0,4,双平,S,2920.4000,2919.0000,2918.0000,2915.4000,2915.2000,2922.8000,2925.8000,2928.0000,2928.4000,2930.0000,1,1,7,1,1,1,1,1,2,1
SF,IH2006,2020-02-20 09:31:02.200,2920.4000,11381,-2,64827960.000,2,0,2,双平,S,2919.0000,2918.0000,2915.4000,2915.2000,2915.0000,2920.4000,2922.6000,2922.8000,2925.8000,2928.0000,1,7,1,1,3,3,3,1,1,1
SF,IH2006,2020-02-20 09:31:02.700,2920.4000,11378,-3,67456320.000,3,0,3,双平,S,2920.6000,2920.4000,2920.0000,2919.6000,2919.2000,2922.6000,2922.8000,2925.0000,2925.8000,2928.0000,1,4,2,2,3,2,1,1,1,1
SF,IH2006,2020-02-20 09:31:03.200,2920.4000,11378,0,67456320.000,0,-,-,-,-,2920.6000,2920.4000,2920.0000,2919.6000,2919.2000,2922.4000,2922.6000,2922.8000,2925.0000,2925.8000,1,1,2,3,2,2,2,1,1,1
SF,IH2006,2020-02-20 09:31:03.700,2920.4000,11378,0,67456320.000,0,-,-,-,-,2920.8000,2920.6000,2920.4000,2919.2000,2919.0000,2922.2000,2922.4000,2922.8000,2925.0000,2925.8000,1,1,1,2,1,1,2,1,1,1
SF,IH2006,2020-02-20 09:31:04.200,2920.4000,11378,0,67456320.000,0,-,-,-,-,2920.6000,2920.4000,2919.2000,2919.0000,2918.0000,2922.0000,2922.2000,2922.8000,2925.0000,2925.8000,1,1,2,1,12,3,1,1,1,1
SF,IH2006,2020-02-20 09:31:04.700,2920.4000,11378,0,67456320.000,0,-,-,-,-,2921.0000,2920.6000,2920.4000,2919.2000,2919.0000,2922.0000,2922.2000,2922.8000,2925.0000,2925.8000,1,1,1,2,1,3,1,1,1,1
SF,IH2006,2020-02-20 09:31:05.200,2920.4000,11378,0,67456320.000,0,-,-,-,-,2921.0000,2920.6000,2920.4000,2919.2000,2919.0000,2922.0000,2922.8000,2925.0000,2925.8000,2928.0000,1,1,1,2,1,2,1,1,1,1
SF,IH2006,2020-02-20 09:31:05.700,2920.4000,11378,0,67456320.000,0,-,-,-,-,2920.6000,2920.4000,2919.2000,2919.0000,2918.0000,2922.0000,2922.8000,2925.0000,2925.8000,2928.0000,1,1,2,1,12,2,1,1,1,1
SF,IH2006,2020-02-20 09:31:06.200,2920.4000,11378,0,67456320.000,0,-,-,-,-,2920.6000,2920.4000,2919.2000,2919.0000,2918.0000,2922.0000,2922.8000,2925.0000,2925.8000,2928.0000,1,1,2,1,12,1,1,1,1,1
SF,IH2006,2020-02-20 09:31:06.700,2920.4000,11378,0,67456320.000,0,-,-,-,-,2920.6000,2920.4000,2919.0000,2918.0000,2915.4000,2922.8000,2925.0000,2925.8000,2928.0000,2928.4000,1,1,1,12,1,1,1,1,1,2
SF,IH2006,2020-02-20 09:31:07.200,2920.4000,11378,0,67456320.000,0,-,-,-,-,2920.6000,2920.4000,2919.0000,2918.0000,2915.4000,2922.4000,2922.6000,2922.8000,2925.0000,2925.8000,1,1,1,12,1,1,3,1,1,1
SF,IH2006,2020-02-20 09:31:07.700,2920.4000,11378,0,67456320.000,0,-,-,-,-,2920.8000,2920.6000,2920.4000,2919.0000,2918.0000,2922.2000,2922.4000,2922.6000,2922.8000,2925.0000,1,1,1,1,12,4,2,1,1,1
SF,IH2006,2020-02-20 09:31:08.200,2920.4000,11378,0,67456320.000,0,-,-,-,-,2920.6000,2920.4000,2919.0000,2918.0000,2915.4000,2921.6000,2922.0000,2922.2000,2922.4000,2922.8000,1,1,1,12,1,1,1,2,2,1
SF,IH2006,2020-02-20 09:31:08.700,2920.4000,11378,0,67456320.000,0,-,-,-,-,2920.6000,2920.4000,2919.0000,2918.0000,2915.4000,2921.6000,2922.2000,2922.4000,2922.8000,2925.0000,1,1,1,12,1,1,2,2,1,1
SF,IH2006,2020-02-20 09:31:09.200,2920.4000,11378,0,67456320.000,0,-,-,-,-,2920.6000,2920.4000,2920.0000,2919.0000,2918.0000,2921.4000,2921.6000,2922.2000,2922.4000,2922.8000,1,1,1,1,12,1,1,2,1,1
SF,IH2006,2020-02-20 09:31:09.700,2920.4000,11378,0,67456320.000,0,-,-,-,-,2920.6000,2920.4000,2920.0000,2919.0000,2918.0000,2921.6000,2922.2000,2922.4000,2922.8000,2925.0000,1,1,1,1,12,1,2,1,1,1
SF,IH2006,2020-02-20 09:31:12.200,2920.4000,11378,0,67456320.000,0,-,-,-,-,2920.8000,2920.6000,2920.4000,2920.0000,2919.0000,2921.6000,2922.2000,2922.4000,2922.8000,2925.0000,1,1,1,1,1,1,2,1,1,1
SF,IH2006,2020-02-20 09:31:12.700,2920.4000,11378,0,67456320.000,0,-,-,-,-,2920.6000,2920.4000,2920.0000,2919.0000,2918.0000,2921.6000,2922.2000,2922.4000,2922.8000,2925.0000,1,1,1,1,12,1,2,1,1,1
SF,IH2006,2020-02-20 09:31:13.200,2920.4000,11378,0,67456320.000,0,-,-,-,-,2920.4000,2920.0000,2919.0000,2918.0000,2915.4000,2921.6000,2922.2000,2922.4000,2922.8000,2925.0000,1,1,1,12,1,1,2,1,1,1
SF,IH2006,2020-02-20 09:31:13.700,2920.4000,11378,0,67456320.000,0,-,-,-,-,2920.0000,2919.0000,2918.0000,2915.4000,2915.2000,2921.6000,2922.0000,2922.2000,2922.4000,2922.8000,1,1,12,1,1,1,2,2,1,1
SF,IH2006,2020-02-20 09:31:14.200,2920.4000,11378,0,67456320.000,0,-,-,-,-,2920.2000,2920.0000,2919.0000,2918.0000,2915.4000,2921.4000,2921.6000,2922.0000,2922.2000,2922.4000,1,1,1,12,1,2,1,2,2,1
SF,IH2006,2020-02-20 09:31:14.700,2920.4000,11378,0,67456320.000,0,-,-,-,-,2920.4000,2920.0000,2919.0000,2918.0000,2915.4000,2921.2000,2921.4000,2921.6000,2922.0000,2922.2000,2,1,1,12,1,1,1,1,2,1
SF,IH2006,2020-02-20 09:31:15.200,2921.2000,11378,0,68332680.000,1,0,1,多换,S,2920.4000,2920.0000,2919.0000,2918.0000,2915.4000,2921.6000,2922.0000,2922.2000,2922.4000,2922.8000,1,1,1,12,1,1,2,1,2,1
SF,IH2006,2020-02-20 09:31:15.700,2921.2000,11378,0,68332680.000,0,-,-,-,-,2920.6000,2920.0000,2919.0000,2918.0000,2915.4000,2921.6000,2922.0000,2922.2000,2922.4000,2922.8000,1,1,1,12,1,1,2,1,2,1
SF,IH2006,2020-02-20 09:31:16.200,2921.2000,11378,0,68332680.000,0,-,-,-,-,2920.0000,2919.0000,2918.0000,2915.4000,2915.2000,2920.4000,2921.6000,2922.0000,2922.2000,2922.4000,1,1,12,1,1,1,1,2,1,2
SF,IH2006,2020-02-20 09:31:16.700,2920.4000,11378,0,69208800.000,1,0,1,多换,S,2920.8000,2920.4000,2920.2000,2920.0000,2919.0000,2921.6000,2922.0000,2922.2000,2922.4000,2922.8000,1,1,1,1,1,1,2,1,2,1
SF,IH2006,2020-02-20 09:31:17.200,2920.4000,11378,0,69208800.000,0,-,-,-,-,2920.0000,2919.0000,2918.0000,2915.4000,2915.2000,2921.6000,2922.0000,2922.2000,2922.4000,2922.8000,1,1,12,1,1,1,2,1,2,1
SF,IH2006,2020-02-20 09:31:17.700,2920.4000,11378,0,69208800.000,0,-,-,-,-,2920.2000,2920.0000,2919.0000,2918.0000,2915.4000,2921.6000,2922.0000,2922.2000,2922.4000,2922.8000,1,1,1,2,1,1,2,1,2,1
SF,IH2006,2020-02-20 09:31:18.200,2920.4000,11378,0,69208800.000,0,-,-,-,-,2920.0000,2919.0000,2918.0000,2915.4000,2915.2000,2921.6000,2922.0000,2922.2000,2922.4000,2922.8000,1,1,2,1,1,1,2,1,2,1
SF,IH2006,2020-02-20 09:31:18.700,2920.4000,11378,0,69208800.000,0,-,-,-,-,2920.2000,2920.0000,2919.0000,2918.6000,2918.0000,2921.6000,2922.0000,2922.2000,2922.4000,2922.8000,1,1,1,10,2,1,2,1,2,1
SF,IH2006,2020-02-20 09:31:19.200,2920.4000,11378,0,69208800.000,0,-,-,-,-,2920.0000,2919.0000,2918.6000,2918.0000,2915.4000,2921.6000,2922.0000,2922.2000,2922.4000,2922.8000,1,1,10,2,1,1,2,1,2,1
SF,IH2006,2020-02-20 09:31:19.700,2920.4000,11378,0,69208800.000,0,-,-,-,-,2920.2000,2920.0000,2919.0000,2918.6000,2918.0000,2921.6000,2922.0000,2922.2000,2922.4000,2922.8000,2,1,1,10,2,1,2,1,2,1
SF,IH2006,2020-02-20 09:31:20.200,2920.4000,11378,0,69208800.000,0,-,-,-,-,2920.2000,2920.0000,2919.0000,2918.6000,2918.0000,2921.6000,2922.0000,2922.2000,2922.4000,2922.8000,2,1,1,10,2,2,2,1,2,1
SF,IH2006,2020-02-20 09:31:21.200,2920.4000,11378,0,69208800.000,0,-,-,-,-,2920.2000,2920.0000,2919.0000,2918.0000,2915.4000,2921.6000,2922.0000,2922.2000,2922.4000,2922.8000,2,1,1,2,1,2,2,1,2,1
SF,IH2006,2020-02-20 09:31:21.700,2920.4000,11378,0,69208800.000,0,-,-,-,-,2920.0000,2919.0000,2918.0000,2915.4000,2915.2000,2920.2000,2921.4000,2921.6000,2922.0000,2922.2000,1,1,2,1,1,1,2,2,2,3
SF,IH2006,2020-02-20 09:31:22.200,2920.0000,11377,-1,70960860.000,2,0,2,多平,S,2919.0000,2918.0000,2915.4000,2915.2000,2915.0000,2919.8000,2920.0000,2921.4000,2921.6000,2922.0000,1,2,1,1,3,1,1,1,2,2
SF,IH2006,2020-02-20 09:31:22.700,2920.0000,11377,0,70960860.000,0,-,-,-,-,2919.2000,2919.0000,2918.0000,2915.4000,2915.2000,2920.0000,2921.6000,2922.0000,2922.2000,2922.4000,2,1,2,1,1,1,2,2,3,2
SF,IH2006,2020-02-20 09:31:23.200,2920.0000,11377,0,70960860.000,0,-,-,-,-,2919.2000,2919.0000,2918.0000,2917.8000,2915.4000,2920.0000,2921.6000,2922.0000,2922.2000,2922.4000,2,1,2,10,1,1,2,2,3,2
SF,IH2006,2020-02-20 09:31:23.700,2920.0000,11377,0,70960860.000,0,-,-,-,-,2919.2000,2919.0000,2918.0000,2917.8000,2915.4000,2920.0000,2921.6000,2922.0000,2922.2000,2922.4000,2,1,2,10,1,1,1,2,3,2
SF,IH2006,2020-02-20 09:31:24.200,2920.0000,11377,0,70960860.000,0,-,-,-,-,2919.2000,2919.0000,2918.0000,2917.8000,2915.4000,2921.6000,2922.0000,2922.2000,2922.4000,2922.8000,2,1,2,10,1,1,2,3,2,1
SF,IH2006,2020-02-20 09:31:24.700,2920.0000,11377,0,70960860.000,0,-,-,-,-,2919.0000,2918.0000,2917.8000,2915.4000,2915.2000,2921.4000,2921.6000,2922.0000,2922.2000,2922.4000,1,2,10,1,1,2,1,2,2,2
SF,IH2006,2020-02-20 09:31:25.200,2920.0000,11377,0,70960860.000,0,-,-,-,-,2919.2000,2919.0000,2918.0000,2917.8000,2915.4000,2921.4000,2921.6000,2922.0000,2922.2000,2922.4000,1,1,2,10,1,2,1,2,2,2
SF,IH2006,2020-02-20 09:31:25.700,2920.0000,11377,0,70960860.000,0,-,-,-,-,2919.2000,2919.0000,2918.4000,2918.0000,2915.4000,2921.4000,2921.6000,2922.0000,2922.2000,2922.4000,2,1,10,2,1,2,1,2,2,2
SF,IH2006,2020-02-20 09:31:26.200,2919.2000,11376,-1,73588260.000,3,1,2,多平,S,2919.6000,2919.2000,2919.0000,2918.4000,2918.0000,2921.4000,2921.6000,2922.0000,2922.2000,2922.4000,1,1,1,10,2,2,1,2,2,2
SF,IH2006,2020-02-20 09:31:26.700,2919.2000,11376,0,73588260.000,0,-,-,-,-,2919.6000,2919.0000,2918.4000,2918.0000,2915.4000,2921.2000,2921.4000,2921.6000,2922.0000,2922.2000,1,1,10,2,1,1,2,1,2,2
SF,IH2006,2020-02-20 09:31:27.200,2919.2000,11376,0,73588260.000,0,-,-,-,-,2919.8000,2919.0000,2918.4000,2918.0000,2915.4000,2921.4000,2921.6000,2922.0000,2922.2000,2922.4000,2,1,10,2,1,1,1,2,2,2
SF,IH2006,2020-02-20 09:31:27.700,2919.2000,11376,0,73588260.000,0,-,-,-,-,2920.0000,2919.8000,2919.0000,2918.4000,2918.0000,2921.4000,2921.6000,2922.0000,2922.2000,2922.4000,1,2,1,10,2,1,1,2,2,2
SF,IH2006,2020-02-20 09:31:28.200,2919.2000,11376,0,73588260.000,0,-,-,-,-,2920.0000,2919.8000,2919.0000,2918.4000,2918.0000,2921.4000,2921.6000,2922.0000,2922.2000,2922.4000,2,1,1,10,2,1,1,2,2,2
SF,IH2006,2020-02-20 09:31:30.200,2919.2000,11376,0,73588260.000,0,-,-,-,-,2920.0000,2919.8000,2919.0000,2918.4000,2918.0000,2921.2000,2921.4000,2921.6000,2922.0000,2922.2000,2,1,1,10,2,1,1,1,2,2
SF,IH2006,2020-02-20 09:31:30.700,2919.2000,11376,0,73588260.000,0,-,-,-,-,2920.0000,2919.0000,2918.4000,2918.0000,2915.4000,2921.0000,2921.4000,2921.6000,2922.0000,2922.2000,2,1,10,2,1,2,1,1,2,2
SF,IH2006,2020-02-20 09:31:31.700,2919.2000,11376,0,73588260.000,0,-,-,-,-,2920.0000,2919.0000,2918.4000,2918.0000,2915.4000,2921.0000,2921.4000,2921.6000,2922.0000,2922.2000,1,1,10,2,1,1,1,1,2,2
SF,IH2006,2020-02-20 09:31:32.700,2919.2000,11376,0,73588260.000,0,-,-,-,-,2920.0000,2919.0000,2918.4000,2918.0000,2915.4000,2921.0000,2921.4000,2921.6000,2922.2000,2922.4000,1,1,10,2,1,1,1,1,2,2
SF,IH2006,2020-02-20 09:31:33.200,2919.2000,11376,0,73588260.000,0,-,-,-,-,2919.0000,2918.4000,2918.0000,2915.4000,2915.2000,2921.0000,2921.4000,2921.6000,2922.2000,2922.4000,1,10,2,1,1,1,1,1,2,2
SF,IH2006,2020-02-20 09:31:33.700,2919.2000,11376,0,73588260.000,0,-,-,-,-,2920.0000,2919.2000,2919.0000,2918.4000,2918.0000,2920.8000,2921.6000,2922.2000,2922.4000,2922.8000,1,3,3,10,2,2,1,2,2,1
SF,IH2006,2020-02-20 09:31:34.200,2919.2000,11376,0,73588260.000,0,-,-,-,-,2920.0000,2919.2000,2919.0000,2918.4000,2918.0000,2920.8000,2921.6000,2922.2000,2922.4000,2922.8000,1,2,2,10,2,1,1,2,2,1
SF,IH2006,2020-02-20 09:31:34.700,2919.2000,11376,0,73588260.000,0,-,-,-,-,2920.0000,2919.2000,2919.0000,2918.4000,2918.0000,2921.6000,2922.2000,2922.4000,2922.8000,2925.0000,1,2,2,10,2,1,2,2,1,1
SF,IH2006,2020-02-20 09:31:35.200,2919.2000,11376,0,73588260.000,0,-,-,-,-,2920.0000,2919.2000,2919.0000,2918.4000,2918.0000,2921.4000,2921.6000,2922.2000,2922.4000,2922.8000,1,1,1,10,2,3,1,2,2,1
SF,IH2006,2020-02-20 09:31:35.700,2919.2000,11376,0,73588260.000,0,-,-,-,-,2919.2000,2919.0000,2918.4000,2918.0000,2915.4000,2920.0000,2921.2000,2921.4000,2921.6000,2922.2000,1,1,10,2,1,1,1,3,1,2
SF,IH2006,2020-02-20 09:31:36.200,2920.0000,11374,-2,75340260.000,2,0,2,双平,S,2919.4000,2919.2000,2919.0000,2918.4000,2918.0000,2921.4000,2921.6000,2922.2000,2922.4000,2922.8000,2,1,1,10,2,1,1,2,2,1
SF,IH2006,2020-02-20 09:31:36.700,2921.2000,11374,0,76216620.000,1,0,1,多换,S,2919.6000,2919.4000,2919.2000,2919.0000,2918.4000,2921.2000,2921.4000,2921.6000,2922.2000,2922.4000,1,1,1,1,10,2,1,1,2,2
SF,IH2006,2020-02-20 09:31:37.200,2919.4000,11374,0,77092440.000,1,0,1,多换,S,2919.2000,2919.0000,2918.4000,2918.0000,2915.4000,2921.0000,2921.2000,2921.4000,2921.6000,2922.2000,1,1,10,2,1,2,2,1,1,2
SF,IH2006,2020-02-20 09:31:37.700,2919.4000,11374,0,77092440.000,0,-,-,-,-,2919.2000,2919.0000,2918.4000,2918.0000,2915.4000,2920.8000,2921.0000,2921.4000,2921.6000,2922.2000,1,1,10,2,1,2,2,1,1,2
SF,IH2006,2020-02-20 09:31:38.200,2919.2000,11373,-1,77968200.000,1,0,1,双平,S,2919.0000,2918.4000,2918.0000,2915.4000,2915.2000,2920.8000,2921.0000,2921.4000,2921.6000,2922.2000,1,10,2,1,1,2,2,1,1,2
SF,IH2006,2020-02-20 09:31:38.700,2919.2000,11373,0,77968200.000,0,-,-,-,-,2919.0000,2918.4000,2918.0000,2915.4000,2915.2000,2920.6000,2920.8000,2921.4000,2921.6000,2922.2000,1,10,2,1,1,1,3,1,1,2
SF,IH2006,2020-02-20 09:31:39.200,2919.2000,11373,0,77968200.000,0,-,-,-,-,2919.2000,2919.0000,2918.4000,2918.0000,2915.4000,2920.4000,2920.8000,2921.4000,2921.6000,2922.2000,1,1,10,2,1,1,2,1,1,2
SF,IH2006,2020-02-20 09:31:39.700,2919.2000,11373,0,77968200.000,0,-,-,-,-,2919.0000,2918.4000,2918.0000,2917.8000,2915.4000,2920.0000,2920.4000,2920.8000,2921.6000,2922.2000,1,5,2,5,1,1,2,1,1,2
SF,IH2006,2020-02-20 09:31:40.200,2919.2000,11373,0,77968200.000,0,-,-,-,-,2919.2000,2919.0000,2918.4000,2918.0000,2917.8000,2920.0000,2920.4000,2920.8000,2921.0000,2921.6000,1,1,5,2,5,1,1,1,1,1
SF,IH2006,2020-02-20 09:31:40.700,2919.2000,11373,0,77968200.000,0,-,-,-,-,2919.2000,2919.0000,2918.0000,2917.8000,2915.4000,2920.0000,2920.4000,2920.8000,2921.0000,2921.6000,1,1,2,5,1,1,1,1,1,1
SF,IH2006,2020-02-20 09:31:41.700,2919.2000,11372,-1,78843960.000,1,0,1,双平,S,2919.4000,2919.0000,2918.0000,2915.4000,2915.2000,2920.0000,2920.4000,2920.8000,2921.0000,2921.6000,1,1,2,1,1,1,1,1,1,1
SF,IH2006,2020-02-20 09:31:42.200,2919.0000,11370,-2,80595480.000,2,0,2,双平,S,2918.0000,2915.4000,2915.2000,2915.0000,2913.8000,2919.4000,2920.0000,2920.8000,2921.0000,2921.6000,2,1,1,3,1,2,1,1,1,1
SF,IH2006,2020-02-20 09:31:42.700,2919.0000,11370,0,80595480.000,0,-,-,-,-,2918.2000,2918.0000,2917.4000,2915.4000,2915.2000,2919.4000,2920.0000,2920.8000,2921.0000,2921.6000,1,2,10,1,1,2,1,1,1,1
SF,IH2006,2020-02-20 09:31:43.200,2919.0000,11370,0,80595480.000,0,-,-,-,-,2918.0000,2917.4000,2915.4000,2915.2000,2915.0000,2919.4000,2920.0000,2920.8000,2921.0000,2921.6000,2,10,1,1,3,2,1,1,1,1
SF,IH2006,2020-02-20 09:31:43.700,2919.0000,11370,0,80595480.000,0,-,-,-,-,2918.4000,2918.0000,2917.4000,2915.4000,2915.2000,2919.4000,2920.0000,2920.8000,2921.0000,2921.6000,2,2,10,1,1,2,1,1,1,1
SF,IH2006,2020-02-20 09:31:44.700,2919.4000,11368,-2,82347120.000,2,0,2,双平,S,2918.0000,2917.4000,2915.4000,2915.2000,2915.0000,2920.0000,2920.8000,2921.0000,2921.6000,2922.2000,2,10,1,1,3,1,1,1,1,2
SF,IH2006,2020-02-20 09:31:45.200,2919.4000,11368,0,82347120.000,0,-,-,-,-,2918.6000,2918.2000,2918.0000,2917.4000,2915.4000,2919.6000,2919.8000,2920.0000,2921.0000,2921.6000,2,1,2,10,1,1,3,1,1,1
SF,IH2006,2020-02-20 09:31:45.700,2919.4000,11368,0,82347120.000,0,-,-,-,-,2918.8000,2918.6000,2918.0000,2917.4000,2915.4000,2919.8000,2920.0000,2921.0000,2921.6000,2922.2000,2,2,2,10,1,1,1,1,1,2
SF,IH2006,2020-02-20 09:31:46.200,2919.4000,11368,0,82347120.000,0,-,-,-,-,2919.4000,2918.8000,2918.6000,2918.0000,2917.4000,2919.8000,2920.0000,2921.0000,2921.6000,2922.2000,2,2,2,2,10,1,1,1,1,2
SF,IH2006,2020-02-20 09:31:46.700,2919.4000,11366,-2,84098760.000,2,0,2,双平,S,2918.8000,2918.0000,2917.4000,2915.4000,2915.2000,2919.8000,2920.0000,2921.0000,2921.6000,2922.2000,1,2,10,1,1,1,1,1,1,2
SF,IH2006,2020-02-20 09:31:47.200,2919.4000,11366,0,84098760.000,0,-,-,-,-,2918.0000,2917.4000,2915.4000,2915.2000,2915.0000,2919.8000,2920.0000,2921.0000,2921.6000,2922.2000,2,10,1,1,3,1,1,1,1,2
SF,IH2006,2020-02-20 09:31:47.700,2919.4000,11366,0,84098760.000,0,-,-,-,-,2918.2000,2918.0000,2917.4000,2915.4000,2915.2000,2919.6000,2919.8000,2920.0000,2921.0000,2921.6000,1,2,5,1,1,1,1,1,1,1
SF,IH2006,2020-02-20 09:31:48.200,2919.4000,11366,0,84098760.000,0,-,-,-,-,2918.0000,2915.4000,2915.2000,2915.0000,2913.8000,2919.4000,2919.6000,2920.0000,2921.0000,2921.6000,2,1,1,3,1,1,1,1,1,1
SF,IH2006,2020-02-20 09:31:48.700,2919.4000,11366,0,84098760.000,0,-,-,-,-,2918.2000,2918.0000,2916.6000,2915.4000,2915.2000,2919.4000,2919.6000,2920.0000,2921.0000,2921.6000,1,2,10,1,1,2,1,1,1,1
SF,IH2006,2020-02-20 09:31:49.200,2919.4000,11366,0,84098760.000,0,-,-,-,-,2918.0000,2915.4000,2915.2000,2915.0000,2913.8000,2919.4000,2919.6000,2920.0000,2921.0000,2921.6000,2,1,1,3,1,2,1,1,1,1
SF,IH2006,2020-02-20 09:31:49.700,2919.4000,11366,0,84098760.000,0,-,-,-,-,2918.0000,2915.4000,2915.2000,2915.0000,2913.8000,2919.2000,2919.4000,2919.6000,2920.0000,2921.0000,2,1,1,3,1,1,2,1,1,1
SF,IH2006,2020-02-20 09:31:50.200,2919.4000,11366,0,84098760.000,0,-,-,-,-,2918.0000,2915.4000,2915.2000,2915.0000,2913.8000,2919.0000,2919.2000,2919.6000,2920.0000,2921.0000,2,1,1,3,1,1,1,1,1,1
SF,IH2006,2020-02-20 09:31:50.700,2919.4000,11366,0,84098760.000,0,-,-,-,-,2918.0000,2915.4000,2915.2000,2915.0000,2913.8000,2919.0000,2919.6000,2920.0000,2921.0000,2921.6000,2,1,1,3,1,2,1,1,1,1
SF,IH2006,2020-02-20 09:31:51.200,2919.4000,11366,0,84098760.000,0,-,-,-,-,2918.0000,2915.4000,2915.2000,2915.0000,2913.8000,2919.0000,2919.6000,2920.0000,2921.0000,2921.6000,2,1,1,3,1,2,1,1,1,1
SF,IH2006,2020-02-20 09:31:56.200,2918.0000,11366,0,85849560.000,2,1,1,多换,S,2918.0000,2915.4000,2915.2000,2915.0000,2913.8000,2919.0000,2919.6000,2920.0000,2921.0000,2921.6000,1,1,1,3,1,2,1,1,1,1
SF,IH2006,2020-02-20 09:31:56.700,2918.0000,11366,0,86724960.000,1,0,1,多换,S,2915.4000,2915.2000,2915.0000,2913.8000,2913.6000,2918.0000,2918.8000,2919.0000,2919.6000,2920.0000,1,1,3,1,1,1,2,1,1,1
SF,IH2006,2020-02-20 09:31:57.200,2918.0000,11366,0,86724960.000,0,-,-,-,-,2916.4000,2915.8000,2915.6000,2915.4000,2915.2000,2917.8000,2918.0000,2918.8000,2920.0000,2921.0000,2,1,3,1,6,2,1,1,1,1
SF,IH2006,2020-02-20 09:31:57.700,2918.0000,11366,0,86724960.000,0,-,-,-,-,2916.6000,2916.4000,2916.2000,2915.6000,2915.4000,2917.6000,2917.8000,2918.0000,2918.8000,2920.0000,4,2,1,2,1,1,2,1,1,1
SF,IH2006,2020-02-20 09:31:58.200,2918.0000,11366,0,86724960.000,0,-,-,-,-,2917.4000,2917.0000,2916.6000,2916.4000,2916.2000,2917.6000,2917.8000,2918.0000,2918.8000,2920.0000,2,3,4,2,1,1,1,1,1,1
SF,IH2006,2020-02-20 09:31:58.700,2917.6000,11364,-2,89350680.000,3,0,3,多平,S,2917.0000,2916.6000,2916.4000,2915.6000,2915.4000,2917.8000,2918.0000,2918.8000,2920.0000,2921.0000,3,2,2,2,1,1,1,1,1,1
SF,IH2006,2020-02-20 09:31:59.700,2917.6000,11364,0,89350680.000,0,-,-,-,-,2918.0000,2917.8000,2917.0000,2916.6000,2916.4000,2918.8000,2920.0000,2921.0000,2921.6000,2922.2000,1,1,3,2,2,1,1,1,1,2
SF,IH2006,2020-02-20 09:32:00.200,2918.0000,11363,-1,90226080.000,1,0,1,双平,S,2917.0000,2916.8000,2916.6000,2916.4000,2915.6000,2918.6000,2918.8000,2920.0000,2921.0000,2921.6000,3,1,2,2,2,1,1,1,1,1
SF,IH2006,2020-02-20 09:32:00.700,2918.0000,11363,0,90226080.000,0,-,-,-,-,2917.2000,2917.0000,2916.8000,2916.6000,2916.4000,2918.4000,2918.8000,2920.0000,2921.0000,2921.6000,2,3,1,2,2,1,1,1,1,1
SF,IH2006,2020-02-20 09:32:01.200,2916.8000,11362,-1,96351960.000,7,3,4,多平,S,2916.4000,2915.6000,2915.4000,2915.2000,2915.0000,2917.0000,2918.8000,2920.0000,2921.0000,2921.6000,2,2,1,1,3,1,1,1,1,1
SF,IH2006,2020-02-20 09:32:01.700,2917.0000,11361,-1,97227060.000,1,0,1,双平,S,2917.0000,2916.6000,2916.2000,2915.6000,2915.4000,2918.8000,2920.0000,2921.0000,2921.6000,2922.2000,1,1,1,2,1,1,1,1,1,2
SF,IH2006,2020-02-20 09:32:02.200,2917.0000,11361,0,97227060.000,0,-,-,-,-,2917.0000,2915.6000,2915.4000,2915.2000,2915.0000,2918.6000,2918.8000,2920.0000,2921.0000,2921.6000,1,2,1,1,3,5,1,1,1,1
SF,IH2006,2020-02-20 09:32:02.700,2917.0000,11361,0,97227060.000,0,-,-,-,-,2917.0000,2915.6000,2915.4000,2915.2000,2915.0000,2918.4000,2918.6000,2920.0000,2921.0000,2921.6000,1,2,1,1,3,1,4,1,1,1
SF,IH2006,2020-02-20 09:32:03.200,2917.0000,11361,0,97227060.000,0,-,-,-,-,2917.0000,2915.6000,2915.4000,2915.2000,2915.0000,2918.2000,2918.6000,2921.0000,2921.6000,2922.2000,1,2,1,1,3,3,2,1,1,2
SF,IH2006,2020-02-20 09:32:03.700,2917.0000,11361,0,98102160.000,1,0,1,多换,S,2915.4000,2915.2000,2915.0000,2913.8000,2913.6000,2918.2000,2918.6000,2921.0000,2921.6000,2922.2000,1,1,3,1,1,3,2,1,1,2
SF,IH2006,2020-02-20 09:32:04.200,2917.0000,11361,0,98102160.000,0,-,-,-,-,2915.6000,2915.4000,2915.2000,2915.0000,2914.0000,2918.0000,2918.2000,2921.0000,2921.6000,2922.2000,3,1,1,3,10,1,2,1,1,2
SF,IH2006,2020-02-20 09:32:04.700,2917.0000,11361,0,98102160.000,0,-,-,-,-,2915.6000,2915.4000,2915.2000,2915.0000,2914.0000,2917.8000,2918.0000,2918.2000,2921.0000,2921.6000,3,1,1,3,10,1,1,1,1,1
SF,IH2006,2020-02-20 09:32:05.200,2917.0000,11361,0,98102160.000,0,-,-,-,-,2915.6000,2915.4000,2915.2000,2915.0000,2914.0000,2917.6000,2917.8000,2921.0000,2921.6000,2922.2000,1,1,1,3,10,3,2,1,1,2
SF,IH2006,2020-02-20 09:32:05.700,2917.0000,11361,0,98102160.000,0,-,-,-,-,2915.4000,2915.2000,2915.0000,2914.0000,2913.8000,2917.2000,2917.4000,2917.6000,2917.8000,2921.0000,1,1,3,10,1,1,2,3,1,1
SF,IH2006,2020-02-20 09:32:06.200,2917.0000,11360,-1,98977260.000,1,0,1,双平,S,2915.6000,2915.4000,2915.2000,2915.0000,2913.8000,2917.0000,2917.2000,2917.6000,2917.8000,2921.0000,1,1,1,3,1,3,1,2,1,1
SF,IH2006,2020-02-20 09:32:06.700,2917.0000,11360,0,98977260.000,0,-,-,-,-,2915.4000,2915.2000,2915.0000,2913.8000,2913.6000,2917.0000,2917.6000,2917.8000,2921.0000,2921.6000,1,1,3,1,1,3,2,1,1,1
SF,IH2006,2020-02-20 09:32:07.200,2917.0000,11360,0,100727460.000,2,1,1,多换,S,2915.6000,2915.4000,2915.2000,2915.0000,2913.8000,2916.8000,2917.0000,2917.8000,2921.0000,2921.6000,1,1,1,3,1,1,3,1,1,1
SF,IH2006,2020-02-20 09:32:07.700,2917.0000,11360,0,100727460.000,0,-,-,-,-,2915.4000,2915.2000,2915.0000,2913.8000,2913.6000,2916.8000,2917.0000,2917.8000,2921.0000,2921.6000,1,1,3,1,1,1,1,1,1,1
SF,IH2006,2020-02-20 09:32:08.200,2917.0000,11360,0,100727460.000,0,-,-,-,-,2915.4000,2915.2000,2915.0000,2913.8000,2913.6000,2916.6000,2916.8000,2917.0000,2921.0000,2921.6000,1,1,3,1,1,2,1,1,1,1
SF,IH2006,2020-02-20 09:32:08.700,2917.0000,11360,0,100727460.000,0,-,-,-,-,2915.4000,2915.2000,2915.0000,2913.8000,2913.6000,2916.6000,2916.8000,2917.0000,2921.0000,2921.6000,1,1,4,1,1,2,1,1,1,1
SF,IH2006,2020-02-20 09:32:09.200,2916.8000,11360,0,102477540.000,2,1,1,多换,S,2915.6000,2915.4000,2915.2000,2915.0000,2913.8000,2917.0000,2921.0000,2921.6000,2922.2000,2922.4000,1,1,1,4,1,1,1,1,2,1
SF,IH2006,2020-02-20 09:32:09.700,2916.8000,11360,0,102477540.000,0,-,-,-,-,2915.8000,2915.4000,2915.2000,2915.0000,2913.8000,2917.0000,2921.0000,2921.6000,2922.2000,2922.4000,1,1,1,4,1,2,1,1,2,1
SF,IH2006,2020-02-20 09:32:10.200,2916.8000,11360,0,102477540.000,0,-,-,-,-,2915.4000,2915.2000,2915.0000,2913.8000,2913.6000,2916.6000,2917.0000,2921.0000,2921.6000,2922.2000,1,1,4,1,1,1,1,1,1,2
SF,IH2006,2020-02-20 09:32:10.700,2916.8000,11360,0,102477540.000,0,-,-,-,-,2915.6000,2915.4000,2915.2000,2915.0000,2913.8000,2917.0000,2921.0000,2921.6000,2922.2000,2922.4000,2,1,1,4,1,1,1,1,2,1
SF,IH2006,2020-02-20 09:32:11.200,2916.8000,11360,0,102477540.000,0,-,-,-,-,2915.6000,2915.4000,2915.2000,2915.0000,2913.8000,2916.6000,2917.0000,2921.0000,2921.6000,2922.2000,2,1,1,4,1,1,1,1,1,2
SF,IH2006,2020-02-20 09:32:11.700,2916.8000,11360,0,102477540.000,0,-,-,-,-,2915.6000,2915.4000,2915.2000,2915.0000,2913.8000,2916.6000,2917.0000,2921.0000,2921.6000,2922.2000,2,1,1,4,1,1,1,1,1,2
SF,IH2006,2020-02-20 09:32:14.200,2916.8000,11360,0,102477540.000,0,-,-,-,-,2915.8000,2915.6000,2915.4000,2915.2000,2915.0000,2916.6000,2917.0000,2921.0000,2921.6000,2922.2000,1,1,1,1,4,1,1,1,1,2
SF,IH2006,2020-02-20 09:32:14.700,2916.8000,11360,0,102477540.000,0,-,-,-,-,2915.8000,2915.4000,2915.2000,2915.0000,2913.8000,2916.4000,2916.6000,2921.0000,2921.6000,2922.2000,1,1,1,4,1,1,2,1,1,2
SF,IH2006,2020-02-20 09:32:15.200,2915.8000,11359,-1,103352280.000,1,0,1,双平,S,2915.4000,2915.2000,2915.0000,2913.8000,2913.6000,2916.4000,2916.6000,2921.0000,2921.6000,2922.2000,1,1,4,1,1,1,2,1,1,2
SF,IH2006,2020-02-20 09:32:15.700,2915.8000,11359,0,103352280.000,0,-,-,-,-,2915.6000,2915.4000,2915.2000,2915.0000,2913.8000,2916.6000,2921.0000,2921.6000,2922.2000,2922.4000,1,1,1,4,1,2,1,1,2,1
SF,IH2006,2020-02-20 09:32:16.200,2915.8000,11359,0,103352280.000,0,-,-,-,-,2915.6000,2915.4000,2915.2000,2915.0000,2913.8000,2916.4000,2921.0000,2921.6000,2922.2000,2922.4000,1,1,1,4,1,1,1,1,2,1
SF,IH2006,2020-02-20 09:32:17.200,2916.4000,11359,0,104227200.000,1,0,1,多换,S,2915.6000,2915.4000,2915.2000,2915.0000,2913.8000,2921.0000,2921.6000,2922.2000,2922.4000,2922.8000,1,1,1,4,1,1,1,2,1,1
SF,IH2006,2020-02-20 09:32:17.700,2916.4000,11359,0,104227200.000,0,-,-,-,-,2915.8000,2915.4000,2915.2000,2915.0000,2913.8000,2918.2000,2918.8000,2919.0000,2919.6000,2920.4000,2,1,1,4,1,1,1,1,1,1
SF,IH2006,2020-02-20 09:32:18.200,2916.4000,11359,0,104227200.000,0,-,-,-,-,2915.4000,2915.2000,2915.0000,2913.8000,2913.6000,2918.0000,2918.2000,2918.8000,2919.0000,2919.6000,1,1,4,1,1,2,2,1,1,1
SF,IH2006,2020-02-20 09:32:18.700,2916.4000,11359,0,104227200.000,0,-,-,-,-,2915.4000,2915.2000,2915.0000,2913.8000,2913.6000,2917.8000,2918.0000,2918.8000,2919.0000,2919.6000,1,1,4,1,1,1,2,1,1,1
SF,IH2006,2020-02-20 09:32:19.200,2916.4000,11359,0,104227200.000,0,-,-,-,-,2915.4000,2915.2000,2915.0000,2913.8000,2913.6000,2917.4000,2917.6000,2917.8000,2918.8000,2919.0000,1,1,4,1,1,1,2,1,1,1
SF,IH2006,2020-02-20 09:32:19.700,2916.4000,11359,0,104227200.000,0,-,-,-,-,2915.6000,2915.4000,2915.2000,2915.0000,2913.8000,2917.2000,2917.4000,2918.8000,2919.0000,2919.6000,1,1,1,4,1,2,2,1,1,1
SF,IH2006,2020-02-20 09:32:20.200,2916.4000,11359,0,104227200.000,0,-,-,-,-,2915.8000,2915.4000,2915.2000,2915.0000,2913.8000,2917.0000,2917.2000,2918.8000,2919.0000,2919.6000,1,1,1,4,1,1,1,1,1,1
SF,IH2006,2020-02-20 09:32:20.700,2916.4000,11359,0,104227200.000,0,-,-,-,-,2916.0000,2915.4000,2915.2000,2915.0000,2913.8000,2917.0000,2917.2000,2918.8000,2919.0000,2919.6000,1,1,1,4,1,1,1,1,1,1
SF,IH2006,2020-02-20 09:32:21.200,2916.4000,11359,0,104227200.000,0,-,-,-,-,2915.4000,2915.2000,2915.0000,2913.8000,2913.6000,2917.0000,2918.8000,2919.0000,2919.6000,2920.4000,1,1,4,1,1,1,1,1,1,1
SF,IH2006,2020-02-20 09:32:21.700,2916.4000,11359,0,104227200.000,0,-,-,-,-,2915.6000,2915.4000,2915.2000,2915.0000,2913.8000,2917.0000,2918.8000,2919.0000,2919.6000,2920.4000,3,1,1,4,1,1,1,1,1,1
SF,IH2006,2020-02-20 09:32:22.200,2916.4000,11359,0,104227200.000,0,-,-,-,-,2915.6000,2915.4000,2915.2000,2915.0000,2913.8000,2917.0000,2920.4000,2920.6000,2920.8000,2921.0000,2,1,1,4,1,1,1,1,5,2
SF,IH2006,2020-02-20 09:32:22.700,2916.4000,11359,0,104227200.000,0,-,-,-,-,2915.8000,2915.6000,2915.4000,2915.2000,2915.0000,2917.0000,2920.4000,2920.6000,2920.8000,2921.0000,1,1,1,1,4,1,1,1,5,2
SF,IH2006,2020-02-20 09:32:23.200,2916.4000,11359,0,104227200.000,0,-,-,-,-,2915.6000,2915.4000,2915.2000,2915.0000,2913.8000,2920.4000,2920.6000,2920.8000,2921.0000,2921.6000,1,1,1,4,1,1,1,5,2,1
SF,IH2006,2020-02-20 09:32:23.700,2916.4000,11359,0,104227200.000,0,-,-,-,-,2915.4000,2915.2000,2915.0000,2913.8000,2913.6000,2915.8000,2918.4000,2918.8000,2919.0000,2919.6000,1,1,4,1,1,1,1,1,1,1
SF,IH2006,2020-02-20 09:32:24.200,2915.8000,11358,-1,105101940.000,1,0,1,双平,S,2916.4000,2916.2000,2915.8000,2915.6000,2915.4000,2918.4000,2918.8000,2919.0000,2919.6000,2920.2000,2,1,2,1,1,1,1,1,1,7
SF,IH2006,2020-02-20 09:32:24.700,2915.8000,11358,0,105101940.000,0,-,-,-,-,2916.4000,2915.8000,2915.6000,2915.4000,2915.2000,2918.2000,2918.4000,2918.8000,2919.0000,2919.6000,2,1,1,1,1,2,2,1,1,1
SF,IH2006,2020-02-20 09:32:25.200,2915.8000,11358,0,105101940.000,0,-,-,-,-,2916.4000,2915.8000,2915.6000,2915.4000,2915.2000,2918.2000,2918.4000,2918.8000,2919.0000,2919.6000,2,1,1,1,1,2,1,1,1,1
SF,IH2006,2020-02-20 09:32:25.700,2917.8000,11358,0,105977280.000,1,0,1,多换,S,2916.4000,2915.8000,2915.4000,2915.2000,2915.0000,2918.2000,2918.4000,2918.8000,2919.0000,2919.6000,2,1,1,1,4,2,1,1,1,1
SF,IH2006,2020-02-20 09:32:26.200,2917.8000,11358,0,105977280.000,0,-,-,-,-,2916.6000,2916.4000,2915.8000,2915.4000,2915.2000,2918.0000,2918.2000,2918.4000,2918.8000,2919.0000,1,2,1,1,1,5,2,1,1,1
SF,IH2006,2020-02-20 09:32:26.700,2917.8000,11358,0,105977280.000,0,-,-,-,-,2916.4000,2915.8000,2915.4000,2915.2000,2915.0000,2918.0000,2918.2000,2918.4000,2918.8000,2919.0000,2,1,1,1,4,1,2,1,1,1
SF,IH2006,2020-02-20 09:32:27.200,2917.8000,11358,0,105977280.000,0,-,-,-,-,2916.6000,2916.4000,2915.8000,2915.4000,2915.2000,2918.2000,2918.4000,2920.0000,2920.2000,2920.4000,2,2,1,1,1,1,1,1,2,1
SF,IH2006,2020-02-20 09:32:27.700,2917.8000,11358,0,105977280.000,0,-,-,-,-,2916.8000,2916.6000,2916.4000,2915.8000,2915.4000,2918.2000,2920.0000,2920.2000,2920.4000,2920.6000,1,2,2,1,1,1,1,2,1,1
SF,IH2006,2020-02-20 09:32:28.200,2917.8000,11358,0,105977280.000,0,-,-,-,-,2917.0000,2916.8000,2916.4000,2915.8000,2915.4000,2918.2000,2920.0000,2920.2000,2920.4000,2920.6000,2,2,2,1,1,1,1,2,1,1
SF,IH2006,2020-02-20 09:32:28.700,2917.8000,11358,0,105977280.000,0,-,-,-,-,2917.0000,2916.8000,2916.4000,2915.8000,2915.4000,2920.0000,2920.2000,2920.4000,2920.6000,2920.8000,2,1,2,1,1,1,2,1,1,2
SF,IH2006,2020-02-20 09:32:29.200,2917.8000,11358,0,105977280.000,0,-,-,-,-,2917.0000,2916.4000,2915.8000,2915.4000,2915.2000,2918.8000,2919.8000,2920.0000,2920.2000,2920.4000,1,2,1,1,1,1,6,2,2,1
SF,IH2006,2020-02-20 09:32:29.700,2917.8000,11358,0,105977280.000,0,-,-,-,-,2917.2000,2917.0000,2916.4000,2915.8000,2915.4000,2918.6000,2918.8000,2919.8000,2920.0000,2920.2000,1,1,2,1,1,6,1,1,2,2
SF,IH2006,2020-02-20 09:32:30.200,2917.8000,11358,0,105977280.000,0,-,-,-,-,2917.0000,2916.4000,2915.8000,2915.4000,2915.2000,2918.4000,2918.6000,2918.8000,2919.8000,2920.0000,1,2,1,1,1,1,4,1,1,2
SF,IH2006,2020-02-20 09:32:30.700,2917.8000,11358,0,105977280.000,0,-,-,-,-,2916.4000,2915.8000,2915.4000,2915.2000,2915.0000,2918.2000,2918.4000,2918.6000,2918.8000,2919.8000,2,1,1,1,4,1,2,2,1,1
SF,IH2006,2020-02-20 09:32:31.200,2917.8000,11358,0,105977280.000,0,-,-,-,-,2916.6000,2916.4000,2915.8000,2915.4000,2915.2000,2918.0000,2918.2000,2918.4000,2918.6000,2918.8000,2,2,1,1,1,1,1,1,1,1
SF,IH2006,2020-02-20 09:32:31.700,2917.8000,11358,0,105977280.000,0,-,-,-,-,2916.6000,2916.4000,2915.8000,2915.4000,2915.2000,2917.8000,2918.0000,2918.4000,2918.6000,2919.8000,1,2,1,1,1,1,1,1,1,1
SF,IH2006,2020-02-20 09:32:32.200,2917.8000,11358,0,105977280.000,0,-,-,-,-,2916.8000,2916.4000,2915.8000,2915.4000,2915.2000,2917.6000,2918.0000,2918.4000,2918.6000,2919.8000,1,2,1,1,1,1,1,1,1,1
SF,IH2006,2020-02-20 09:32:32.700,2917.8000,11358,0,105977280.000,0,-,-,-,-,2917.0000,2916.8000,2916.4000,2915.8000,2915.4000,2918.4000,2918.6000,2919.8000,2920.0000,2920.2000,1,1,2,1,1,1,1,1,1,2
SF,IH2006,2020-02-20 09:32:33.200,2917.0000,11357,-1,107727540.000,2,0,2,多平,S,2916.4000,2915.8000,2915.4000,2915.2000,2915.0000,2918.2000,2918.6000,2919.8000,2920.0000,2920.2000,2,1,1,1,4,2,1,1,1,2
SF,IH2006,2020-02-20 09:32:33.700,2917.0000,11357,0,107727540.000,0,-,-,-,-,2916.6000,2916.4000,2915.8000,2915.4000,2915.2000,2918.0000,2918.2000,2918.6000,2919.8000,2920.0000,2,2,1,1,1,1,1,1,1,1
SF,IH2006,2020-02-20 09:32:35.200,2917.0000,11357,0,107727540.000,0,-,-,-,-,2916.8000,2916.4000,2915.8000,2915.4000,2915.2000,2918.0000,2918.2000,2918.6000,2919.8000,2920.0000,1,2,1,1,1,1,1,1,1,1
SF,IH2006,2020-02-20 09:32:35.700,2917.0000,11357,0,107727540.000,0,-,-,-,-,2916.8000,2916.4000,2915.8000,2915.4000,2915.2000,2918.2000,2918.6000,2919.8000,2920.0000,2920.2000,1,2,1,1,1,1,1,1,1,2
SF,IH2006,2020-02-20 09:32:36.200,2917.0000,11357,0,107727540.000,0,-,-,-,-,2916.8000,2916.4000,2915.8000,2915.4000,2915.2000,2918.2000,2918.6000,2919.8000,2920.0000,2920.2000,1,2,1,1,1,1,1,1,1,2
SF,IH2006,2020-02-20 09:32:36.700,2917.0000,11357,0,107727540.000,0,-,-,-,-,2917.0000,2916.8000,2916.4000,2915.8000,2915.4000,2918.2000,2918.6000,2919.8000,2920.0000,2920.2000,1,1,2,1,1,1,1,1,1,2
SF,IH2006,2020-02-20 09:32:37.200,2917.0000,11357,0,107727540.000,0,-,-,-,-,2917.0000,2916.8000,2916.4000,2915.8000,2915.4000,2918.2000,2918.6000,2919.8000,2920.0000,2920.2000,1,1,2,1,1,1,1,1,1,2
SF,IH2006,2020-02-20 09:32:37.700,2917.0000,11357,0,107727540.000,0,-,-,-,-,2917.0000,2916.4000,2915.8000,2915.4000,2915.2000,2918.0000,2918.2000,2918.6000,2919.8000,2920.0000,1,2,1,1,1,1,1,1,1,1
SF,IH2006,2020-02-20 09:32:38.200,2917.0000,11357,0,107727540.000,0,-,-,-,-,2917.0000,2916.4000,2915.8000,2915.4000,2915.2000,2918.2000,2918.6000,2919.8000,2920.0000,2920.2000,1,2,1,1,1,1,1,1,1,2
SF,IH2006,2020-02-20 09:32:38.700,2917.0000,11357,0,107727540.000,0,-,-,-,-,2917.0000,2916.4000,2915.8000,2915.4000,2915.2000,2918.0000,2918.2000,2918.6000,2919.8000,2920.0000,1,2,1,1,1,1,1,1,1,1
SF,IH2006,2020-02-20 09:32:39.700,2917.0000,11357,0,107727540.000,0,-,-,-,-,2916.4000,2915.8000,2915.4000,2915.2000,2915.0000,2918.0000,2918.2000,2918.6000,2919.8000,2920.0000,2,1,1,1,4,1,1,1,1,1
SF,IH2006,2020-02-20 09:32:40.200,2917.0000,11357,0,107727540.000,0,-,-,-,-,2916.6000,2916.4000,2915.8000,2915.4000,2915.2000,2918.2000,2918.6000,2919.8000,2920.0000,2920.2000,3,2,1,1,1,1,1,1,1,2
SF,IH2006,2020-02-20 09:32:40.700,2917.0000,11357,0,107727540.000,0,-,-,-,-,2916.6000,2916.4000,2915.8000,2915.4000,2915.2000,2918.0000,2918.2000,2918.6000,2919.8000,2920.0000,2,2,1,1,1,1,1,1,1,1
SF,IH2006,2020-02-20 09:32:41.200,2917.0000,11357,0,107727540.000,0,-,-,-,-,2916.6000,2916.4000,2915.8000,2915.4000,2915.2000,2918.0000,2918.2000,2918.6000,2919.8000,2920.0000,1,2,1,1,1,1,1,1,1,1
SF,IH2006,2020-02-20 09:32:42.200,2917.0000,11357,0,107727540.000,0,-,-,-,-,2916.6000,2916.4000,2915.8000,2915.4000,2915.2000,2918.0000,2918.2000,2918.6000,2919.8000,2920.0000,1,2,1,1,1,1,1,1,1,2
SF,IH2006,2020-02-20 09:32:43.200,2917.0000,11357,0,107727540.000,0,-,-,-,-,2916.6000,2916.4000,2915.8000,2915.4000,2915.2000,2918.0000,2918.2000,2918.6000,2919.8000,2920.0000,1,2,1,1,1,1,1,1,1,2
SF,IH2006,2020-02-20 09:32:43.700,2917.0000,11357,0,107727540.000,0,-,-,-,-,2916.6000,2916.4000,2915.8000,2915.4000,2915.2000,2918.0000,2918.2000,2918.6000,2919.8000,2920.0000,1,2,1,1,1,1,1,1,1,2
SF,IH2006,2020-02-20 09:32:45.700,2917.0000,11357,0,107727540.000,0,-,-,-,-,2916.6000,2916.4000,2915.8000,2915.4000,2915.2000,2918.0000,2918.2000,2918.6000,2919.8000,2920.0000,1,2,1,1,1,1,1,1,1,2
SF,IH2006,2020-02-20 09:32:46.200,2917.0000,11357,0,107727540.000,0,-,-,-,-,2916.4000,2915.8000,2915.4000,2915.2000,2915.0000,2918.0000,2918.2000,2918.6000,2919.8000,2920.0000,2,1,1,1,4,1,1,1,1,2
SF,IH2006,2020-02-20 09:32:46.700,2917.0000,11357,0,107727540.000,0,-,-,-,-,2916.6000,2916.4000,2915.8000,2915.4000,2915.2000,2918.0000,2918.2000,2918.6000,2919.8000,2920.0000,1,2,1,1,1,1,1,1,1,2
SF,IH2006,2020-02-20 09:32:48.200,2917.0000,11357,0,107727540.000,0,-,-,-,-,2916.4000,2915.8000,2915.4000,2915.2000,2915.0000,2918.0000,2918.2000,2918.6000,2919.8000,2920.0000,2,1,1,1,4,1,1,1,1,2
SF,IH2006,2020-02-20 09:32:48.700,2917.0000,11357,0,107727540.000,0,-,-,-,-,2916.6000,2916.4000,2915.8000,2915.4000,2915.2000,2918.2000,2918.6000,2919.8000,2920.0000,2920.2000,2,2,1,1,1,1,1,1,2,2
SF,IH2006,2020-02-20 09:32:49.200,2917.0000,11357,0,107727540.000,0,-,-,-,-,2916.6000,2916.4000,2915.8000,2915.4000,2915.2000,2918.0000,2918.2000,2918.6000,2919.8000,2920.0000,1,2,1,1,1,3,1,1,1,2
SF,IH2006,2020-02-20 09:32:49.700,2917.0000,11357,0,107727540.000,0,-,-,-,-,2916.4000,2915.8000,2915.4000,2915.2000,2915.0000,2918.0000,2918.6000,2919.8000,2920.0000,2920.2000,2,1,1,1,4,3,1,1,2,2
SF,IH2006,2020-02-20 09:32:50.200,2917.0000,11357,0,107727540.000,0,-,-,-,-,2916.4000,2915.8000,2915.4000,2915.2000,2915.0000,2917.8000,2918.0000,2918.6000,2919.8000,2920.0000,2,1,1,1,4,1,3,1,1,2
SF,IH2006,2020-02-20 09:32:50.700,2917.0000,11357,0,107727540.000,0,-,-,-,-,2916.4000,2915.8000,2915.4000,2915.2000,2915.0000,2917.8000,2918.0000,2918.6000,2919.8000,2920.0000,2,1,1,1,4,1,2,1,1,2
SF,IH2006,2020-02-20 09:32:51.200,2917.0000,11357,0,107727540.000,0,-,-,-,-,2916.4000,2915.8000,2915.4000,2915.2000,2915.0000,2917.8000,2918.0000,2918.6000,2919.8000,2920.0000,2,1,1,1,4,1,1,1,1,2
SF,IH2006,2020-02-20 09:32:54.200,2917.8000,11357,0,108602880.000,1,0,1,多换,S,2916.4000,2915.8000,2915.4000,2915.2000,2915.0000,2918.0000,2918.6000,2919.8000,2920.0000,2920.2000,2,1,1,1,4,1,1,1,2,2
SF,IH2006,2020-02-20 09:32:54.700,2917.8000,11357,0,108602880.000,0,-,-,-,-,2916.6000,2916.4000,2915.8000,2915.4000,2915.2000,2917.8000,2918.6000,2919.8000,2920.0000,2920.2000,1,2,1,1,1,1,1,1,2,2
SF,IH2006,2020-02-20 09:32:55.200,2917.8000,11357,0,108602880.000,0,-,-,-,-,2916.6000,2916.4000,2915.8000,2915.4000,2915.2000,2918.6000,2919.8000,2920.0000,2920.2000,2920.6000,2,2,1,1,1,1,1,2,2,1
SF,IH2006,2020-02-20 09:32:55.700,2917.8000,11357,0,108602880.000,0,-,-,-,-,2916.6000,2916.4000,2915.8000,2915.4000,2915.2000,2918.4000,2918.6000,2919.8000,2920.0000,2920.2000,3,2,1,1,1,7,2,1,2,2
SF,IH2006,2020-02-20 09:32:56.200,2917.8000,11357,0,108602880.000,0,-,-,-,-,2916.6000,2916.4000,2915.8000,2915.4000,2915.2000,2918.2000,2918.4000,2918.6000,2919.8000,2920.0000,3,2,1,1,1,1,7,1,1,2
SF,IH2006,2020-02-20 09:32:56.700,2917.8000,11357,0,108602880.000,0,-,-,-,-,2916.8000,2916.6000,2916.4000,2915.8000,2915.4000,2918.0000,2918.2000,2918.4000,2918.6000,2919.8000,2,3,2,1,1,1,1,6,1,1
SF,IH2006,2020-02-20 09:32:57.200,2917.8000,11357,0,108602880.000,0,-,-,-,-,2917.0000,2916.8000,2916.6000,2916.4000,2915.8000,2917.8000,2918.0000,2918.2000,2918.4000,2919.8000,1,2,2,2,1,1,1,1,5,1
SF,IH2006,2020-02-20 09:32:57.700,2917.8000,11357,0,110353560.000,2,1,1,多换,S,2917.0000,2916.6000,2916.4000,2915.8000,2915.4000,2918.2000,2918.4000,2919.8000,2920.0000,2920.2000,1,2,2,1,1,1,5,1,2,2
SF,IH2006,2020-02-20 09:32:58.200,2917.8000,11357,0,110353560.000,0,-,-,-,-,2917.2000,2917.0000,2916.6000,2916.4000,2915.8000,2918.0000,2918.2000,2918.4000,2919.8000,2920.0000,2,1,2,2,1,1,1,3,1,2
SF,IH2006,2020-02-20 09:32:58.700,2918.4000,11354,-3,112980000.000,3,0,3,双平,S,2917.4000,2916.6000,2916.4000,2915.8000,2915.4000,2918.4000,2919.8000,2920.0000,2920.2000,2920.6000,2,2,2,1,1,1,1,2,2,1
SF,IH2006,2020-02-20 09:32:59.200,2918.4000,11354,0,113855520.000,1,0,1,多换,S,2917.4000,2916.6000,2916.4000,2915.4000,2915.2000,2919.8000,2920.0000,2920.2000,2920.6000,2920.8000,2,2,2,1,1,1,2,2,1,1
SF,IH2006,2020-02-20 09:32:59.700,2918.4000,11354,0,113855520.000,0,-,-,-,-,2916.6000,2916.4000,2915.4000,2915.2000,2915.0000,2919.6000,2919.8000,2920.0000,2920.2000,2920.6000,2,2,1,1,4,6,2,2,2,1
SF,IH2006,2020-02-20 09:33:00.200,2918.4000,11354,0,113855520.000,0,-,-,-,-,2917.2000,2916.8000,2916.6000,2916.4000,2915.4000,2919.4000,2919.6000,2919.8000,2920.0000,2920.2000,1,5,2,2,1,1,6,1,2,2
SF,IH2006,2020-02-20 09:33:00.700,2918.4000,11354,0,113855520.000,0,-,-,-,-,2917.4000,2917.2000,2916.8000,2916.6000,2916.4000,2919.2000,2919.4000,2919.6000,2919.8000,2920.0000,2,1,3,2,2,3,1,4,1,2
SF,IH2006,2020-02-20 09:33:01.200,2918.4000,11354,0,113855520.000,0,-,-,-,-,2917.6000,2917.4000,2917.2000,2916.8000,2916.6000,2919.0000,2919.2000,2919.4000,2919.6000,2919.8000,2,1,1,3,2,1,2,1,3,1
SF,IH2006,2020-02-20 09:33:01.700,2918.4000,11354,0,113855520.000,0,-,-,-,-,2917.8000,2917.6000,2917.2000,2916.8000,2916.6000,2919.0000,2919.6000,2920.0000,2920.2000,2920.6000,3,2,1,3,2,1,1,2,2,1
SF,IH2006,2020-02-20 09:33:02.200,2918.4000,11354,0,113855520.000,0,-,-,-,-,2918.0000,2917.2000,2916.8000,2916.6000,2916.4000,2918.8000,2919.0000,2919.6000,2920.0000,2920.2000,2,1,1,2,2,3,1,1,2,2
SF,IH2006,2020-02-20 09:33:02.700,2918.4000,11354,0,113855520.000,0,-,-,-,-,2917.2000,2916.8000,2916.6000,2916.4000,2915.4000,2918.0000,2919.0000,2919.6000,2920.0000,2920.2000,1,1,2,2,1,1,1,1,2,2
SF,IH2006,2020-02-20 09:33:03.200,2918.0000,11353,-1,114730920.000,1,0,1,双平,S,2916.8000,2916.6000,2916.4000,2915.4000,2915.2000,2919.0000,2919.6000,2920.0000,2920.2000,2920.6000,1,2,2,1,1,1,1,2,2,1
SF,IH2006,2020-02-20 09:33:03.700,2918.0000,11353,0,114730920.000,0,-,-,-,-,2917.2000,2917.0000,2916.8000,2916.6000,2916.4000,2919.0000,2919.6000,2920.0000,2920.2000,2920.6000,1,3,1,2,2,1,1,2,2,1
SF,IH2006,2020-02-20 09:33:04.200,2918.0000,11353,0,114730920.000,0,-,-,-,-,2917.4000,2917.2000,2917.0000,2916.6000,2916.4000,2919.0000,2919.6000,2920.0000,2920.2000,2920.6000,3,1,1,2,2,1,1,2,2,1
SF,IH2006,2020-02-20 09:33:04.700,2918.0000,11353,0,114730920.000,0,-,-,-,-,2917.6000,2917.4000,2917.0000,2916.6000,2916.4000,2919.0000,2919.6000,2920.0000,2920.2000,2920.6000,2,1,1,2,2,1,1,2,2,1
SF,IH2006,2020-02-20 09:33:05.200,2918.0000,11353,0,114730920.000,0,-,-,-,-,2917.6000,2916.6000,2916.4000,2915.4000,2915.2000,2918.8000,2919.6000,2920.0000,2920.2000,2920.6000,2,2,2,1,1,1,1,2,2,1
SF,IH2006,2020-02-20 09:33:05.700,2918.0000,11353,0,114730920.000,0,-,-,-,-,2918.0000,2916.6000,2916.4000,2915.4000,2915.2000,2918.8000,2919.6000,2920.0000,2920.2000,2920.6000,1,2,2,1,1,1,1,2,2,1
SF,IH2006,2020-02-20 09:33:06.700,2918.0000,11353,0,115606320.000,1,0,1,多换,S,2916.6000,2916.4000,2915.4000,2915.2000,2915.0000,2918.0000,2918.8000,2919.6000,2920.0000,2920.2000,2,2,1,1,4,1,1,1,2,2
SF,IH2006,2020-02-20 09:33:07.200,2918.0000,11352,-1,116481720.000,1,0,1,双平,S,2918.0000,2917.2000,2916.8000,2916.6000,2916.4000,2919.6000,2920.0000,2920.2000,2920.6000,2920.8000,1,1,4,2,2,1,2,2,1,1
SF,IH2006,2020-02-20 09:33:07.700,2918.0000,11352,0,116481720.000,0,-,-,-,-,2918.0000,2916.8000,2916.6000,2916.4000,2915.4000,2919.4000,2920.0000,2920.2000,2920.6000,2920.8000,1,1,2,2,1,6,2,2,1,1
SF,IH2006,2020-02-20 09:33:08.200,2918.0000,11352,0,116481720.000,0,-,-,-,-,2918.0000,2916.8000,2916.6000,2916.4000,2915.4000,2919.2000,2919.4000,2920.0000,2920.2000,2920.6000,1,1,2,2,1,3,4,2,2,1
SF,IH2006,2020-02-20 09:33:08.700,2918.0000,11352,0,116481720.000,0,-,-,-,-,2916.8000,2916.6000,2916.4000,2915.4000,2915.2000,2918.0000,2919.0000,2919.2000,2919.4000,2920.0000,1,2,2,1,1,2,5,1,2,2
SF,IH2006,2020-02-20 09:33:09.200,2918.0000,11351,-1,117357120.000,1,0,1,双平,S,2917.0000,2916.6000,2916.4000,2915.4000,2915.2000,2918.0000,2919.0000,2919.2000,2919.4000,2920.0000,3,2,2,1,1,1,3,1,2,2
SF,IH2006,2020-02-20 09:33:09.700,2918.0000,11351,0,117357120.000,0,-,-,-,-,2917.0000,2916.6000,2916.4000,2915.4000,2915.2000,2918.0000,2919.0000,2919.2000,2919.4000,2920.0000,3,2,2,1,1,1,3,1,2,2
SF,IH2006,2020-02-20 09:33:10.700,2918.0000,11351,0,117357120.000,0,-,-,-,-,2917.0000,2916.6000,2916.4000,2915.4000,2915.2000,2918.0000,2919.0000,2919.2000,2919.4000,2920.0000,3,2,2,1,1,1,3,1,2,2
SF,IH2006,2020-02-20 09:33:11.200,2918.0000,11351,0,117357120.000,0,-,-,-,-,2917.0000,2916.6000,2916.4000,2915.4000,2915.2000,2918.0000,2919.0000,2919.2000,2919.4000,2920.0000,1,2,2,1,1,2,3,1,2,2
SF,IH2006,2020-02-20 09:33:11.700,2918.0000,11351,0,117357120.000,0,-,-,-,-,2916.6000,2916.4000,2915.4000,2915.2000,2915.0000,2918.0000,2919.0000,2919.2000,2919.4000,2920.0000,2,2,1,1,4,2,3,1,2,2
SF,IH2006,2020-02-20 09:33:12.200,2918.0000,11351,0,117357120.000,0,-,-,-,-,2916.6000,2916.4000,2915.4000,2915.2000,2915.0000,2918.0000,2919.0000,2919.2000,2919.4000,2920.0000,2,2,1,1,4,1,3,1,2,2
SF,IH2006,2020-02-20 09:33:12.700,2918.0000,11351,0,118232520.000,1,0,1,多换,S,2918.2000,2916.8000,2916.6000,2916.4000,2915.4000,2919.0000,2919.2000,2919.4000,2920.0000,2920.2000,1,2,2,2,1,3,1,2,2,2
SF,IH2006,2020-02-20 09:33:13.200,2918.2000,11350,-1,119107980.000,1,0,1,双平,S,2916.8000,2916.6000,2916.4000,2915.4000,2915.2000,2918.8000,2919.0000,2919.2000,2919.4000,2920.0000,1,2,2,1,1,1,1,1,2,2
SF,IH2006,2020-02-20 09:33:13.700,2918.2000,11350,0,119107980.000,0,-,-,-,-,2917.0000,2916.8000,2916.6000,2916.4000,2915.4000,2918.6000,2918.8000,2919.2000,2919.4000,2920.0000,4,2,2,2,1,2,1,1,2,2
SF,IH2006,2020-02-20 09:33:14.200,2918.2000,11350,0,119107980.000,0,-,-,-,-,2917.2000,2917.0000,2916.8000,2916.6000,2916.4000,2918.6000,2918.8000,2919.2000,2919.4000,2920.0000,2,2,1,2,2,2,1,1,2,2
SF,IH2006,2020-02-20 09:33:14.700,2918.2000,11350,0,119107980.000,0,-,-,-,-,2917.4000,2917.2000,2917.0000,2916.8000,2916.6000,2918.8000,2919.2000,2919.4000,2920.0000,2920.2000,2,2,2,1,2,1,1,2,2,2
SF,IH2006,2020-02-20 09:33:15.200,2918.2000,11350,0,119107980.000,0,-,-,-,-,2917.4000,2917.0000,2916.8000,2916.6000,2916.4000,2919.2000,2919.4000,2920.0000,2920.2000,2920.6000,1,2,1,2,2,1,2,2,2,1
SF,IH2006,2020-02-20 09:33:15.700,2918.2000,11350,0,119107980.000,0,-,-,-,-,2917.6000,2917.4000,2917.0000,2916.8000,2916.6000,2919.0000,2919.2000,2919.4000,2920.0000,2920.2000,2,1,1,1,2,3,1,2,2,2
SF,IH2006,2020-02-20 09:33:16.200,2918.2000,11350,0,119107980.000,0,-,-,-,-,2917.8000,2917.6000,2917.0000,2916.8000,2916.6000,2919.0000,2919.2000,2919.4000,2920.0000,2920.2000,1,2,1,1,2,3,1,2,2,2
SF,IH2006,2020-02-20 09:33:16.700,2918.2000,11350,0,119107980.000,0,-,-,-,-,2917.8000,2917.6000,2916.8000,2916.6000,2916.4000,2919.0000,2919.2000,2919.4000,2920.0000,2920.2000,1,2,1,2,2,3,1,2,2,2
SF,IH2006,2020-02-20 09:33:17.200,2917.8000,11350,0,119983320.000,1,0,1,多换,S,2917.6000,2916.8000,2916.6000,2916.4000,2915.4000,2919.0000,2919.2000,2919.4000,2920.0000,2920.2000,1,1,2,2,1,3,1,2,2,2
SF,IH2006,2020-02-20 09:33:17.700,2917.8000,11350,0,119983320.000,0,-,-,-,-,2917.6000,2916.6000,2916.4000,2915.4000,2915.2000,2919.0000,2919.2000,2919.4000,2920.0000,2920.2000,1,2,2,1,1,3,1,2,2,2
SF,IH2006,2020-02-20 09:33:18.200,2917.8000,11350,0,119983320.000,0,-,-,-,-,2917.6000,2916.6000,2916.4000,2915.4000,2915.2000,2918.8000,2919.0000,2919.4000,2920.0000,2920.2000,1,2,2,1,1,1,4,2,2,2
SF,IH2006,2020-02-20 09:33:18.700,2917.8000,11350,0,119983320.000,0,-,-,-,-,2916.6000,2916.4000,2915.4000,2915.2000,2915.0000,2918.6000,2918.8000,2919.0000,2919.4000,2920.0000,2,2,1,1,4,2,1,2,2,2
SF,IH2006,2020-02-20 09:33:19.200,2917.8000,11350,0,119983320.000,0,-,-,-,-,2916.8000,2916.6000,2916.4000,2915.4000,2915.2000,2918.6000,2918.8000,2919.0000,2919.4000,2920.0000,5,2,2,1,1,2,1,1,2,2
SF,IH2006,2020-02-20 09:33:19.700,2917.8000,11350,0,119983320.000,0,-,-,-,-,2916.8000,2916.6000,2916.4000,2915.4000,2915.2000,2918.4000,2918.6000,2918.8000,2919.4000,2920.0000,5,2,2,1,1,1,1,1,2,2
SF,IH2006,2020-02-20 09:33:20.200,2917.8000,11350,0,119983320.000,0,-,-,-,-,2917.0000,2916.8000,2916.6000,2916.4000,2915.4000,2918.4000,2918.8000,2919.4000,2920.0000,2920.2000,3,4,2,2,1,1,1,2,2,2
SF,IH2006,2020-02-20 09:33:20.700,2917.8000,11350,0,119983320.000,0,-,-,-,-,2917.2000,2917.0000,2916.8000,2916.6000,2916.4000,2918.4000,2918.8000,2919.4000,2920.0000,2920.2000,1,3,1,2,2,1,1,2,2,2
SF,IH2006,2020-02-20 09:33:21.200,2917.8000,11350,0,119983320.000,0,-,-,-,-,2917.4000,2917.2000,2917.0000,2916.8000,2916.6000,2918.4000,2918.8000,2919.4000,2920.0000,2920.2000,2,1,1,1,2,1,1,2,2,2
SF,IH2006,2020-02-20 09:33:21.700,2917.8000,11350,0,119983320.000,0,-,-,-,-,2917.6000,2917.4000,2917.0000,2916.8000,2916.6000,2918.4000,2918.8000,2919.4000,2920.0000,2920.2000,1,2,1,1,2,1,1,2,2,2
SF,IH2006,2020-02-20 09:33:22.200,2917.8000,11350,0,119983320.000,0,-,-,-,-,2917.8000,2917.6000,2917.4000,2917.0000,2916.8000,2918.4000,2918.8000,2919.4000,2920.0000,2920.2000,1,1,2,1,1,1,1,2,2,2
SF,IH2006,2020-02-20 09:33:22.700,2917.8000,11350,0,119983320.000,0,-,-,-,-,2917.4000,2917.0000,2916.8000,2916.6000,2916.4000,2918.8000,2919.4000,2920.0000,2920.2000,2920.6000,2,1,1,2,2,1,2,2,2,1
SF,IH2006,2020-02-20 09:33:23.200,2917.8000,11350,0,119983320.000,0,-,-,-,-,2917.4000,2917.0000,2916.8000,2916.6000,2916.4000,2919.4000,2920.0000,2920.2000,2920.6000,2920.8000,2,1,1,2,2,2,2,2,1,1
SF,IH2006,2020-02-20 09:33:23.700,2917.8000,11350,0,119983320.000,0,-,-,-,-,2917.6000,2917.0000,2916.6000,2916.4000,2915.4000,2919.2000,2919.4000,2920.0000,2920.2000,2920.6000,1,1,2,2,1,5,2,2,2,1
SF,IH2006,2020-02-20 09:33:24.200,2917.8000,11350,0,119983320.000,0,-,-,-,-,2917.6000,2917.0000,2916.6000,2916.4000,2915.4000,2919.0000,2919.2000,2919.4000,2920.0000,2920.2000,1,1,2,2,1,1,5,2,2,2
SF,IH2006,2020-02-20 09:33:24.700,2917.8000,11350,0,119983320.000,0,-,-,-,-,2917.6000,2917.0000,2916.6000,2916.4000,2915.4000,2918.8000,2919.0000,2919.2000,2919.4000,2920.0000,1,1,2,2,1,3,1,2,2,2
SF,IH2006,2020-02-20 09:33:25.200,2917.8000,11350,0,119983320.000,0,-,-,-,-,2917.0000,2916.6000,2916.4000,2915.4000,2915.2000,2918.8000,2919.0000,2919.2000,2919.4000,2920.0000,1,2,2,1,1,3,1,2,2,2
SF,IH2006,2020-02-20 09:33:25.700,2917.8000,11350,0,119983320.000,0,-,-,-,-,2917.2000,2916.6000,2916.4000,2915.4000,2915.2000,2918.8000,2919.0000,2919.2000,2919.4000,2920.0000,3,2,2,1,1,3,1,2,2,2
SF,IH2006,2020-02-20 09:33:26.200,2917.8000,11350,0,119983320.000,0,-,-,-,-,2917.2000,2916.6000,2916.4000,2915.4000,2915.2000,2918.6000,2918.8000,2919.2000,2919.4000,2920.0000,3,2,2,1,1,1,3,2,2,2
SF,IH2006,2020-02-20 09:33:26.700,2917.8000,11350,0,119983320.000,0,-,-,-,-,2917.2000,2916.6000,2916.4000,2915.4000,2915.2000,2918.6000,2918.8000,2919.2000,2919.4000,2920.0000,3,2,2,1,1,1,3,2,2,2
SF,IH2006,2020-02-20 09:33:27.200,2917.8000,11350,0,119983320.000,0,-,-,-,-,2917.2000,2916.6000,2916.4000,2915.4000,2915.2000,2918.6000,2918.8000,2919.2000,2919.4000,2920.0000,1,2,2,1,1,1,3,2,2,3
SF,IH2006,2020-02-20 09:33:27.700,2917.8000,11350,0,119983320.000,0,-,-,-,-,2917.2000,2916.6000,2916.4000,2915.4000,2915.2000,2918.4000,2918.6000,2918.8000,2919.2000,2919.4000,1,2,2,1,1,1,1,2,2,2
SF,IH2006,2020-02-20 09:33:28.200,2917.8000,11350,0,119983320.000,0,-,-,-,-,2916.6000,2916.4000,2915.4000,2915.2000,2915.0000,2918.4000,2918.6000,2918.8000,2919.2000,2919.4000,2,2,1,1,4,1,1,2,2,2
SF,IH2006,2020-02-20 09:33:28.700,2917.8000,11350,0,119983320.000,0,-,-,-,-,2916.8000,2916.6000,2916.4000,2915.4000,2915.2000,2918.4000,2918.8000,2919.2000,2919.4000,2920.0000,5,2,2,1,1,1,1,2,2,3
SF,IH2006,2020-02-20 09:33:29.200,2917.8000,11350,0,119983320.000,0,-,-,-,-,2916.8000,2916.6000,2916.4000,2915.4000,2915.2000,2918.4000,2918.8000,2919.2000,2919.4000,2920.0000,5,2,2,1,1,1,1,2,2,3
SF,IH2006,2020-02-20 09:33:29.700,2917.8000,11350,0,119983320.000,0,-,-,-,-,2917.0000,2916.8000,2916.6000,2916.4000,2915.4000,2918.4000,2918.8000,2919.2000,2919.4000,2920.0000,2,5,2,2,1,1,1,2,2,3
SF,IH2006,2020-02-20 09:33:30.200,2917.8000,11350,0,119983320.000,0,-,-,-,-,2917.2000,2917.0000,2916.8000,2916.6000,2916.4000,2918.4000,2919.2000,2919.4000,2920.0000,2920.2000,1,2,4,2,2,1,2,2,3,2
SF,IH2006,2020-02-20 09:33:30.700,2917.8000,11350,0,119983320.000,0,-,-,-,-,2917.4000,2917.2000,2916.8000,2916.6000,2916.4000,2919.2000,2919.4000,2920.0000,2920.2000,2920.6000,2,1,4,2,2,2,2,3,2,1
SF,IH2006,2020-02-20 09:33:31.200,2917.8000,11350,0,119983320.000,0,-,-,-,-,2917.6000,2917.4000,2917.2000,2916.8000,2916.6000,2919.0000,2919.2000,2919.4000,2920.0000,2920.2000,3,2,1,1,2,3,1,2,3,2
SF,IH2006,2020-02-20 09:33:31.700,2917.8000,11350,0,119983320.000,0,-,-,-,-,2917.6000,2917.4000,2917.2000,2916.8000,2916.6000,2919.0000,2919.2000,2919.4000,2920.0000,2920.2000,3,2,1,1,2,3,1,2,3,2
SF,IH2006,2020-02-20 09:33:33.200,2917.8000,11350,0,119983320.000,0,-,-,-,-,2917.6000,2917.2000,2916.8000,2916.6000,2916.4000,2919.0000,2919.2000,2919.4000,2920.0000,2920.2000,1,1,1,2,2,2,1,2,3,2
SF,IH2006,2020-02-20 09:33:33.700,2917.8000,11350,0,119983320.000,0,-,-,-,-,2917.6000,2917.2000,2916.8000,2916.6000,2916.4000,2919.0000,2919.2000,2919.4000,2920.0000,2920.2000,2,1,1,2,2,2,1,2,3,2
SF,IH2006,2020-02-20 09:33:34.200,2917.8000,11350,0,119983320.000,0,-,-,-,-,2917.6000,2917.2000,2916.8000,2916.6000,2916.4000,2918.8000,2919.0000,2919.2000,2919.4000,2920.0000,2,1,1,2,2,1,2,1,2,3
SF,IH2006,2020-02-20 09:33:34.700,2917.8000,11350,0,119983320.000,0,-,-,-,-,2917.6000,2917.2000,2916.8000,2916.6000,2916.4000,2918.8000,2919.0000,2919.2000,2919.4000,2920.0000,1,1,1,2,2,1,2,1,2,3
SF,IH2006,2020-02-20 09:33:35.200,2917.8000,11350,0,119983320.000,0,-,-,-,-,2917.6000,2917.2000,2916.8000,2916.6000,2916.4000,2918.8000,2919.0000,2919.2000,2919.4000,2920.0000,1,1,1,2,2,1,2,1,2,3
SF,IH2006,2020-02-20 09:33:36.200,2917.8000,11350,0,119983320.000,0,-,-,-,-,2917.6000,2917.2000,2916.8000,2916.6000,2916.4000,2918.6000,2918.8000,2919.0000,2919.2000,2919.4000,1,1,1,2,2,1,1,1,1,2
SF,IH2006,2020-02-20 09:33:37.200,2917.8000,11350,0,119983320.000,0,-,-,-,-,2917.8000,2917.6000,2917.2000,2916.8000,2916.6000,2918.8000,2919.0000,2919.2000,2919.4000,2920.0000,1,1,1,1,2,1,1,1,2,3
SF,IH2006,2020-02-20 09:33:37.700,2917.8000,11350,0,119983320.000,0,-,-,-,-,2917.8000,2917.2000,2916.6000,2916.4000,2915.2000,2918.6000,2918.8000,2919.2000,2919.4000,2920.0000,1,1,2,2,1,1,1,1,2,3
SF,IH2006,2020-02-20 09:33:38.200,2918.6000,11350,0,120858900.000,1,0,1,多换,S,2917.8000,2917.2000,2916.6000,2916.4000,2915.2000,2918.8000,2919.2000,2919.4000,2920.0000,2920.2000,1,1,2,2,1,1,1,2,3,2
SF,IH2006,2020-02-20 09:33:39.700,2917.8000,11349,-1,121734240.000,1,0,1,双平,S,2917.2000,2916.6000,2916.4000,2915.2000,2915.0000,2918.8000,2919.2000,2919.4000,2920.0000,2920.2000,1,2,2,1,4,1,1,2,3,2
SF,IH2006,2020-02-20 09:33:40.200,2917.8000,11349,0,121734240.000,0,-,-,-,-,2917.4000,2916.6000,2916.4000,2915.2000,2915.0000,2918.6000,2918.8000,2919.2000,2919.4000,2920.0000,2,2,2,1,4,1,1,1,2,3
SF,IH2006,2020-02-20 09:33:40.700,2917.8000,11349,0,121734240.000,0,-,-,-,-,2917.4000,2916.6000,2916.4000,2915.2000,2915.0000,2918.6000,2918.8000,2919.2000,2919.4000,2920.0000,2,2,2,1,4,2,1,1,2,3
SF,IH2006,2020-02-20 09:33:41.200,2917.4000,11348,-1,122609460.000,1,0,1,双平,S,2916.6000,2916.4000,2915.2000,2915.0000,2914.2000,2918.4000,2918.6000,2918.8000,2919.2000,2919.4000,2,2,1,4,3,1,2,1,1,2
SF,IH2006,2020-02-20 09:33:41.700,2917.4000,11348,0,122609460.000,0,-,-,-,-,2916.8000,2916.6000,2916.4000,2915.2000,2915.0000,2918.4000,2918.6000,2918.8000,2919.2000,2919.4000,2,2,2,1,4,1,1,1,1,2
SF,IH2006,2020-02-20 09:33:42.200,2917.4000,11348,0,122609460.000,0,-,-,-,-,2917.0000,2916.8000,2916.6000,2916.4000,2915.2000,2918.2000,2918.4000,2918.6000,2918.8000,2919.2000,1,1,2,2,1,1,1,1,1,1
SF,IH2006,2020-02-20 09:33:42.700,2917.0000,11347,-1,123484560.000,1,0,1,双平,S,2916.6000,2916.4000,2915.2000,2915.0000,2914.2000,2918.2000,2918.6000,2918.8000,2919.2000,2919.4000,2,2,1,4,3,2,1,1,1,2
SF,IH2006,2020-02-20 09:33:43.200,2917.0000,11347,0,123484560.000,0,-,-,-,-,2916.6000,2916.4000,2915.2000,2915.0000,2914.2000,2918.0000,2918.2000,2918.6000,2918.8000,2919.2000,2,2,1,4,3,1,1,1,1,1
SF,IH2006,2020-02-20 09:33:43.700,2917.0000,11347,0,123484560.000,0,-,-,-,-,2916.6000,2916.4000,2915.2000,2915.0000,2914.2000,2918.0000,2918.6000,2918.8000,2919.2000,2919.4000,2,2,1,4,3,2,1,1,1,2
SF,IH2006,2020-02-20 09:33:44.200,2917.0000,11347,0,123484560.000,0,-,-,-,-,2916.6000,2916.4000,2915.2000,2915.0000,2914.2000,2917.8000,2918.0000,2918.6000,2918.8000,2919.2000,2,2,1,4,3,1,1,1,1,1
SF,IH2006,2020-02-20 09:33:47.200,2917.0000,11347,0,123484560.000,0,-,-,-,-,2916.6000,2916.4000,2915.2000,2915.0000,2914.0000,2917.8000,2918.0000,2918.6000,2918.8000,2919.2000,2,2,1,4,1,1,1,1,1,1
SF,IH2006,2020-02-20 09:33:47.700,2917.0000,11347,0,123484560.000,0,-,-,-,-,2916.6000,2916.4000,2915.2000,2915.0000,2914.0000,2917.8000,2918.0000,2918.6000,2918.8000,2919.2000,2,2,1,4,1,2,1,1,1,1
SF,IH2006,2020-02-20 09:33:48.200,2917.0000,11347,0,123484560.000,0,-,-,-,-,2916.6000,2916.4000,2915.2000,2915.0000,2914.0000,2917.6000,2917.8000,2918.0000,2918.6000,2918.8000,2,2,1,4,1,1,2,1,1,1
SF,IH2006,2020-02-20 09:33:48.700,2916.6000,11346,-1,125234520.000,2,0,2,多平,S,2916.4000,2915.2000,2915.0000,2914.0000,2913.6000,2917.8000,2918.0000,2918.6000,2918.8000,2919.2000,2,1,4,1,1,2,1,1,1,1
SF,IH2006,2020-02-20 09:33:49.200,2916.6000,11346,0,125234520.000,0,-,-,-,-,2916.4000,2915.2000,2915.0000,2914.0000,2913.6000,2917.6000,2917.8000,2918.8000,2919.2000,2919.4000,2,1,4,1,1,2,1,1,1,2
SF,IH2006,2020-02-20 09:33:49.700,2916.6000,11346,0,125234520.000,0,-,-,-,-,2915.2000,2915.0000,2914.0000,2913.6000,2913.4000,2917.4000,2917.6000,2917.8000,2918.8000,2919.2000,1,4,1,1,2,1,2,1,1,1
SF,IH2006,2020-02-20 09:33:50.200,2916.6000,11346,0,125234520.000,0,-,-,-,-,2915.4000,2915.2000,2915.0000,2914.0000,2913.6000,2917.2000,2917.4000,2917.6000,2917.8000,2918.8000,3,1,4,1,1,1,1,2,2,1
SF,IH2006,2020-02-20 09:33:50.700,2916.6000,11346,0,125234520.000,0,-,-,-,-,2915.4000,2915.2000,2915.0000,2914.0000,2913.6000,2917.0000,2917.2000,2917.6000,2917.8000,2918.8000,2,1,4,1,1,1,3,2,1,1
SF,IH2006,2020-02-20 09:33:51.200,2916.6000,11346,0,125234520.000,0,-,-,-,-,2915.4000,2915.2000,2915.0000,2914.0000,2913.6000,2917.2000,2917.6000,2917.8000,2918.8000,2919.2000,1,1,4,1,1,3,1,1,1,1
SF,IH2006,2020-02-20 09:33:51.700,2916.6000,11346,0,125234520.000,0,-,-,-,-,2915.4000,2915.2000,2915.0000,2914.0000,2913.6000,2917.2000,2917.6000,2917.8000,2918.8000,2919.2000,1,1,4,1,1,2,1,1,1,1
SF,IH2006,2020-02-20 09:33:52.200,2916.6000,11346,0,125234520.000,0,-,-,-,-,2915.6000,2915.4000,2915.2000,2915.0000,2914.0000,2917.0000,2917.2000,2917.6000,2917.8000,2918.8000,1,2,1,4,1,1,2,1,1,1
SF,IH2006,2020-02-20 09:33:52.700,2916.6000,11346,0,125234520.000,0,-,-,-,-,2915.4000,2915.2000,2915.0000,2914.0000,2913.6000,2917.0000,2917.2000,2917.6000,2917.8000,2918.8000,2,1,4,1,1,1,2,1,1,1
SF,IH2006,2020-02-20 09:33:54.200,2916.6000,11346,0,125234520.000,0,-,-,-,-,2915.4000,2915.2000,2915.0000,2914.0000,2913.6000,2917.2000,2917.6000,2917.8000,2918.8000,2919.2000,2,1,4,1,1,2,1,1,1,1
SF,IH2006,2020-02-20 09:33:54.700,2916.6000,11346,0,125234520.000,0,-,-,-,-,2915.6000,2915.4000,2915.2000,2915.0000,2914.0000,2916.8000,2917.0000,2917.2000,2917.6000,2917.8000,1,2,1,4,1,1,1,1,1,1
SF,IH2006,2020-02-20 09:33:55.700,2916.6000,11346,0,125234520.000,0,-,-,-,-,2915.6000,2915.4000,2915.2000,2915.0000,2914.0000,2916.8000,2917.0000,2917.2000,2917.6000,2917.8000,1,2,1,4,1,1,1,1,1,1
SF,IH2006,2020-02-20 09:33:56.200,2916.6000,11346,0,125234520.000,0,-,-,-,-,2915.4000,2915.2000,2915.0000,2914.0000,2913.6000,2916.6000,2916.8000,2917.0000,2917.2000,2917.6000,2,1,4,1,1,1,1,1,1,1
SF,IH2006,2020-02-20 09:33:56.700,2916.6000,11346,0,125234520.000,0,-,-,-,-,2915.6000,2915.2000,2915.0000,2914.0000,2913.6000,2916.8000,2917.0000,2917.2000,2917.6000,2917.8000,1,1,4,1,1,1,1,1,1,1
SF,IH2006,2020-02-20 09:33:57.200,2916.6000,11346,0,125234520.000,0,-,-,-,-,2915.2000,2915.0000,2914.0000,2913.6000,2913.4000,2916.6000,2916.8000,2917.0000,2917.2000,2917.6000,1,4,1,1,1,1,1,1,1,1
SF,IH2006,2020-02-20 09:33:57.700,2916.6000,11346,0,125234520.000,0,-,-,-,-,2915.4000,2915.2000,2915.0000,2914.0000,2913.6000,2916.6000,2916.8000,2917.0000,2917.2000,2917.6000,1,1,4,1,1,1,1,1,1,1
SF,IH2006,2020-02-20 09:33:58.200,2916.6000,11346,0,125234520.000,0,-,-,-,-,2915.2000,2915.0000,2914.0000,2913.6000,2913.4000,2916.6000,2916.8000,2917.2000,2917.6000,2917.8000,1,4,1,1,1,1,1,1,1,1
SF,IH2006,2020-02-20 09:33:58.700,2916.6000,11346,0,125234520.000,0,-,-,-,-,2915.4000,2915.2000,2915.0000,2914.0000,2913.6000,2916.6000,2916.8000,2917.2000,2917.6000,2917.8000,1,1,4,1,1,1,1,1,1,1
SF,IH2006,2020-02-20 09:33:59.200,2916.6000,11346,0,125234520.000,0,-,-,-,-,2915.2000,2915.0000,2914.0000,2913.6000,2913.4000,2916.6000,2916.8000,2917.2000,2917.6000,2917.8000,1,4,1,1,1,1,1,1,1,1
SF,IH2006,2020-02-20 09:33:59.700,2916.6000,11346,0,125234520.000,0,-,-,-,-,2915.2000,2915.0000,2914.0000,2913.6000,2913.4000,2916.6000,2917.2000,2917.6000,2917.8000,2918.8000,1,4,1,1,1,1,1,1,1,1
SF,IH2006,2020-02-20 09:34:00.200,2916.6000,11346,0,125234520.000,0,-,-,-,-,2915.2000,2915.0000,2914.0000,2913.6000,2913.4000,2916.4000,2916.6000,2917.2000,2917.6000,2917.8000,2,4,1,1,1,2,1,1,1,1
SF,IH2006,2020-02-20 09:34:00.700,2916.6000,11346,0,125234520.000,0,-,-,-,-,2915.2000,2915.0000,2914.0000,2913.6000,2913.4000,2916.4000,2917.2000,2917.6000,2917.8000,2918.8000,1,4,1,1,1,2,1,1,1,1
SF,IH2006,2020-02-20 09:34:01.200,2916.6000,11346,0,125234520.000,0,-,-,-,-,2915.2000,2915.0000,2914.0000,2913.6000,2913.4000,2916.2000,2916.4000,2917.2000,2917.6000,2917.8000,1,4,1,1,1,2,2,1,1,1
SF,IH2006,2020-02-20 09:34:01.700,2916.6000,11346,0,125234520.000,0,-,-,-,-,2915.2000,2915.0000,2913.6000,2913.4000,2913.2000,2916.0000,2916.2000,2916.4000,2917.2000,2917.6000,1,4,1,1,1,1,2,2,1,1
SF,IH2006,2020-02-20 09:34:02.200,2916.6000,11346,0,125234520.000,0,-,-,-,-,2915.2000,2915.0000,2913.6000,2913.4000,2913.2000,2915.8000,2916.0000,2917.2000,2917.6000,2917.8000,1,4,1,1,1,1,1,1,1,1
SF,IH2006,2020-02-20 09:34:02.700,2916.6000,11346,0,125234520.000,0,-,-,-,-,2915.2000,2915.0000,2913.6000,2913.4000,2913.2000,2915.8000,2917.2000,2917.6000,2917.8000,2918.8000,1,4,1,1,1,1,1,1,1,1
SF,IH2006,2020-02-20 09:34:03.200,2916.6000,11346,0,125234520.000,0,-,-,-,-,2915.2000,2915.0000,2913.6000,2913.4000,2913.2000,2917.0000,2917.2000,2917.6000,2917.8000,2918.8000,1,4,1,1,1,1,1,1,1,1
SF,IH2006,2020-02-20 09:34:03.700,2916.6000,11346,0,125234520.000,0,-,-,-,-,2915.4000,2915.2000,2915.0000,2913.6000,2913.4000,2916.8000,2917.0000,2917.2000,2917.6000,2917.8000,1,1,4,1,1,8,2,1,1,1
SF,IH2006,2020-02-20 09:34:04.200,2916.6000,11346,0,125234520.000,0,-,-,-,-,2915.2000,2915.0000,2913.6000,2913.4000,2913.2000,2916.4000,2916.6000,2916.8000,2917.0000,2917.2000,1,4,1,1,1,1,1,7,2,1
SF,IH2006,2020-02-20 09:34:04.700,2916.6000,11346,0,125234520.000,0,-,-,-,-,2915.2000,2915.0000,2913.6000,2913.4000,2913.2000,2916.2000,2916.4000,2916.8000,2917.0000,2917.2000,1,4,1,1,1,2,1,5,2,1
SF,IH2006,2020-02-20 09:34:05.700,2916.6000,11346,0,125234520.000,0,-,-,-,-,2915.2000,2915.0000,2913.6000,2913.4000,2913.2000,2916.2000,2916.8000,2917.0000,2917.2000,2917.6000,1,4,1,1,1,2,5,2,1,1
SF,IH2006,2020-02-20 09:34:06.200,2916.6000,11346,0,125234520.000,0,-,-,-,-,2915.2000,2915.0000,2913.6000,2913.4000,2913.2000,2916.2000,2916.8000,2917.0000,2917.2000,2917.6000,1,4,1,1,1,1,5,2,1,1
SF,IH2006,2020-02-20 09:34:06.700,2916.6000,11346,0,125234520.000,0,-,-,-,-,2915.4000,2915.2000,2915.0000,2913.6000,2913.4000,2916.2000,2916.8000,2917.0000,2917.2000,2917.6000,2,1,4,1,1,1,3,1,1,1
SF,IH2006,2020-02-20 09:34:07.200,2916.6000,11346,0,125234520.000,0,-,-,-,-,2915.4000,2915.2000,2915.0000,2913.6000,2913.4000,2916.2000,2916.8000,2917.2000,2917.6000,2917.8000,1,1,4,1,1,1,3,1,1,1
SF,IH2006,2020-02-20 09:34:07.700,2916.6000,11346,0,125234520.000,0,-,-,-,-,2915.2000,2915.0000,2913.6000,2913.4000,2913.2000,2916.2000,2916.8000,2917.2000,2917.6000,2917.8000,1,4,1,1,1,1,3,1,1,1
SF,IH2006,2020-02-20 09:34:08.200,2916.6000,11346,0,125234520.000,0,-,-,-,-,2915.2000,2915.0000,2913.6000,2913.4000,2913.2000,2916.2000,2916.8000,2917.2000,2917.6000,2917.8000,1,4,1,1,1,2,3,1,1,1
SF,IH2006,2020-02-20 09:34:08.700,2916.2000,11346,0,126109380.000,1,0,1,多换,S,2915.4000,2915.2000,2915.0000,2913.6000,2913.4000,2916.2000,2916.8000,2917.2000,2917.6000,2917.8000,1,1,3,1,1,2,3,1,1,1
SF,IH2006,2020-02-20 09:34:09.200,2915.2000,11344,-2,127858560.000,2,0,2,双平,S,2915.0000,2913.6000,2913.4000,2913.2000,2913.0000,2915.4000,2916.2000,2916.8000,2917.2000,2917.6000,3,1,1,1,9,1,3,3,1,1
SF,IH2006,2020-02-20 09:34:09.700,2915.0000,11344,0,128733060.000,1,0,1,多换,S,2915.4000,2915.0000,2913.6000,2913.4000,2913.2000,2916.2000,2916.8000,2917.2000,2917.6000,2917.8000,1,2,1,1,1,1,3,1,1,1
SF,IH2006,2020-02-20 09:34:10.200,2915.0000,11343,-1,130482180.000,2,0,2,多平,S,2915.0000,2913.6000,2913.4000,2913.2000,2913.0000,2915.4000,2916.0000,2916.2000,2916.8000,2917.2000,1,1,1,1,9,1,1,1,3,1
SF,IH2006,2020-02-20 09:34:10.700,2915.0000,11343,0,131356680.000,1,0,1,多换,S,2913.6000,2913.4000,2913.2000,2913.0000,2911.8000,2915.4000,2916.2000,2916.8000,2917.2000,2917.6000,1,1,1,9,1,1,1,3,1,1
SF,IH2006,2020-02-20 09:34:11.200,2915.0000,11343,0,131356680.000,0,-,-,-,-,2913.8000,2913.6000,2913.4000,2913.2000,2913.0000,2915.4000,2916.8000,2917.2000,2917.6000,2917.8000,5,1,1,1,9,1,3,1,1,1
SF,IH2006,2020-02-20 09:34:11.700,2915.0000,11343,0,131356680.000,0,-,-,-,-,2914.0000,2913.8000,2913.6000,2913.4000,2913.2000,2915.4000,2916.8000,2917.2000,2917.6000,2917.8000,1,5,1,1,1,1,3,1,1,1
SF,IH2006,2020-02-20 09:34:12.200,2915.0000,11343,0,131356680.000,0,-,-,-,-,2914.2000,2914.0000,2913.8000,2913.6000,2913.4000,2916.8000,2917.2000,2917.6000,2917.8000,2918.8000,3,1,1,1,1,3,1,1,1,1
SF,IH2006,2020-02-20 09:34:12.700,2915.0000,11343,0,131356680.000,0,-,-,-,-,2914.2000,2913.8000,2913.6000,2913.4000,2913.2000,2916.4000,2916.6000,2916.8000,2917.2000,2917.6000,1,1,1,1,1,1,7,4,1,1
SF,IH2006,2020-02-20 09:34:13.200,2915.0000,11343,0,131356680.000,0,-,-,-,-,2914.4000,2913.8000,2913.6000,2913.4000,2913.2000,2916.2000,2916.4000,2916.6000,2916.8000,2917.2000,1,1,1,1,1,3,1,3,3,1
SF,IH2006,2020-02-20 09:34:13.700,2915.0000,11343,0,131356680.000,0,-,-,-,-,2914.6000,2913.8000,2913.6000,2913.4000,2913.2000,2916.0000,2916.2000,2916.4000,2916.6000,2916.8000,1,1,1,1,1,1,4,1,2,3
SF,IH2006,2020-02-20 09:34:14.200,2915.0000,11343,0,131356680.000,0,-,-,-,-,2914.6000,2913.8000,2913.6000,2913.4000,2913.2000,2915.8000,2916.2000,2916.4000,2916.6000,2916.8000,1,1,1,1,1,2,3,1,2,3
SF,IH2006,2020-02-20 09:34:14.700,2915.0000,11343,0,131356680.000,0,-,-,-,-,2914.8000,2913.8000,2913.6000,2913.4000,2913.2000,2915.8000,2916.2000,2916.6000,2916.8000,2917.2000,1,1,1,1,1,2,2,2,3,1
SF,IH2006,2020-02-20 09:34:15.200,2915.0000,11343,0,131356680.000,0,-,-,-,-,2914.8000,2913.8000,2913.6000,2913.4000,2913.2000,2916.2000,2916.6000,2916.8000,2917.2000,2917.6000,1,1,1,1,1,2,2,3,1,1
SF,IH2006,2020-02-20 09:34:15.700,2915.0000,11343,0,131356680.000,0,-,-,-,-,2914.8000,2913.8000,2913.6000,2913.4000,2913.2000,2916.0000,2916.2000,2916.6000,2916.8000,2917.2000,1,1,1,1,1,3,3,2,3,1
SF,IH2006,2020-02-20 09:34:16.200,2915.0000,11343,0,131356680.000,0,-,-,-,-,2915.0000,2914.8000,2913.8000,2913.6000,2913.4000,2916.0000,2916.2000,2916.6000,2916.8000,2917.2000,1,1,1,1,1,2,1,2,3,1
SF,IH2006,2020-02-20 09:34:16.700,2915.0000,11343,0,132231180.000,1,0,1,多换,S,2914.8000,2913.8000,2913.6000,2913.4000,2913.2000,2915.6000,2916.0000,2916.2000,2916.6000,2916.8000,1,1,1,1,1,1,2,2,2,3
SF,IH2006,2020-02-20 09:34:17.200,2915.0000,11343,0,132231180.000,0,-,-,-,-,2914.8000,2913.8000,2913.6000,2913.4000,2913.2000,2916.2000,2916.6000,2916.8000,2917.2000,2917.6000,1,1,1,1,1,1,2,3,1,1
SF,IH2006,2020-02-20 09:34:17.700,2915.0000,11343,0,132231180.000,0,-,-,-,-,2914.8000,2913.8000,2913.6000,2913.4000,2913.2000,2916.0000,2916.2000,2916.6000,2916.8000,2917.2000,1,1,1,1,1,2,3,2,2,1
SF,IH2006,2020-02-20 09:34:18.200,2915.0000,11343,0,132231180.000,0,-,-,-,-,2914.8000,2913.8000,2913.6000,2913.4000,2913.2000,2915.8000,2916.0000,2916.6000,2916.8000,2917.2000,1,1,1,1,1,3,2,2,2,1
SF,IH2006,2020-02-20 09:34:18.700,2915.0000,11343,0,132231180.000,0,-,-,-,-,2914.8000,2913.8000,2913.6000,2913.4000,2913.2000,2915.8000,2916.0000,2916.6000,2916.8000,2917.2000,1,1,1,1,1,4,1,2,2,1
SF,IH2006,2020-02-20 09:34:19.200,2915.0000,11343,0,132231180.000,0,-,-,-,-,2913.8000,2913.6000,2913.4000,2913.2000,2913.0000,2915.6000,2915.8000,2916.0000,2916.6000,2916.8000,1,1,1,1,9,1,2,1,2,2
SF,IH2006,2020-02-20 09:34:19.700,2915.0000,11343,0,132231180.000,0,-,-,-,-,2914.0000,2913.8000,2913.6000,2913.4000,2913.2000,2915.4000,2916.0000,2916.6000,2916.8000,2917.2000,3,1,1,1,1,2,2,2,2,1
SF,IH2006,2020-02-20 09:34:20.200,2915.0000,11343,0,132231180.000,0,-,-,-,-,2914.0000,2913.8000,2913.6000,2913.4000,2913.2000,2915.2000,2915.4000,2916.0000,2916.6000,2916.8000,2,1,1,1,1,1,2,1,2,2
SF,IH2006,2020-02-20 09:34:20.700,2915.0000,11343,0,132231180.000,0,-,-,-,-,2914.0000,2913.8000,2913.6000,2913.4000,2913.2000,2915.4000,2916.0000,2916.6000,2916.8000,2917.2000,1,1,1,1,1,1,1,2,2,1
SF,IH2006,2020-02-20 09:34:21.200,2915.0000,11343,0,132231180.000,0,-,-,-,-,2914.0000,2913.8000,2913.6000,2913.4000,2913.2000,2915.2000,2915.4000,2916.0000,2916.6000,2916.8000,1,1,1,1,1,3,2,1,2,2
SF,IH2006,2020-02-20 09:34:21.700,2915.0000,11343,0,132231180.000,0,-,-,-,-,2913.8000,2913.6000,2913.4000,2913.2000,2913.0000,2914.8000,2915.0000,2915.2000,2915.4000,2915.6000,1,1,1,1,9,1,1,2,2,1
SF,IH2006,2020-02-20 09:34:22.200,2915.0000,11343,0,132231180.000,0,-,-,-,-,2914.0000,2913.8000,2913.6000,2913.4000,2913.2000,2915.0000,2915.4000,2915.6000,2916.0000,2916.6000,2,1,1,1,1,1,1,1,1,2
SF,IH2006,2020-02-20 09:34:22.700,2915.0000,11343,0,132231180.000,0,-,-,-,-,2914.0000,2913.6000,2913.4000,2913.2000,2913.0000,2915.0000,2915.4000,2915.6000,2916.0000,2916.6000,2,1,1,1,9,1,1,1,1,2
SF,IH2006,2020-02-20 09:34:23.200,2915.0000,11343,0,132231180.000,0,-,-,-,-,2914.0000,2913.6000,2913.4000,2913.2000,2913.0000,2915.0000,2915.4000,2915.6000,2916.0000,2916.6000,2,1,1,1,9,1,1,1,1,2
SF,IH2006,2020-02-20 09:34:24.200,2915.0000,11343,0,132231180.000,0,-,-,-,-,2914.8000,2914.0000,2913.6000,2913.4000,2913.2000,2915.0000,2915.4000,2915.6000,2916.0000,2916.6000,1,2,1,1,1,1,1,1,1,2
SF,IH2006,2020-02-20 09:34:24.700,2914.8000,11343,0,133105620.000,1,0,1,多换,S,2913.6000,2913.4000,2913.2000,2913.0000,2911.0000,2914.8000,2915.0000,2915.4000,2915.6000,2916.0000,1,1,1,9,3,1,1,1,1,1
SF,IH2006,2020-02-20 09:34:25.200,2914.8000,11343,0,133105620.000,0,-,-,-,-,2914.2000,2913.8000,2913.6000,2913.4000,2913.2000,2914.8000,2915.4000,2915.6000,2916.0000,2916.6000,1,1,1,1,1,1,1,1,1,2
SF,IH2006,2020-02-20 09:34:25.700,2914.2000,11341,-2,134854320.000,2,0,2,双平,S,2914.8000,2913.6000,2913.4000,2913.2000,2913.0000,2915.4000,2915.6000,2916.0000,2916.6000,2916.8000,1,1,1,1,9,1,1,1,2,2
SF,IH2006,2020-02-20 09:34:26.200,2914.2000,11341,0,134854320.000,0,-,-,-,-,2913.6000,2913.4000,2913.2000,2913.0000,2911.0000,2915.2000,2915.6000,2916.0000,2916.6000,2916.8000,1,1,1,9,3,2,1,1,2,2
SF,IH2006,2020-02-20 09:34:26.700,2914.2000,11341,0,134854320.000,0,-,-,-,-,2913.8000,2913.6000,2913.4000,2913.2000,2913.0000,2915.0000,2915.2000,2915.6000,2916.0000,2916.6000,3,2,1,1,9,2,1,1,1,2
SF,IH2006,2020-02-20 09:34:27.200,2915.0000,11340,-1,135728820.000,1,0,1,双平,S,2914.0000,2913.8000,2913.6000,2913.4000,2913.2000,2915.6000,2916.0000,2916.6000,2916.8000,2917.2000,1,3,2,1,1,1,1,2,2,1
SF,IH2006,2020-02-20 09:34:27.700,2915.0000,11340,0,135728820.000,0,-,-,-,-,2914.2000,2914.0000,2913.8000,2913.6000,2913.4000,2915.6000,2916.0000,2916.6000,2916.8000,2917.2000,3,2,1,1,1,1,1,2,2,1
SF,IH2006,2020-02-20 09:34:28.200,2915.0000,11340,0,135728820.000,0,-,-,-,-,2914.4000,2914.2000,2914.0000,2913.8000,2913.6000,2915.6000,2916.0000,2916.6000,2916.8000,2917.2000,1,3,1,1,1,1,1,2,2,1
SF,IH2006,2020-02-20 09:34:28.700,2915.0000,11340,0,135728820.000,0,-,-,-,-,2914.4000,2914.2000,2914.0000,2913.8000,2913.6000,2915.6000,2916.6000,2916.8000,2917.2000,2917.6000,1,2,1,1,1,1,2,2,1,1
SF,IH2006,2020-02-20 09:34:29.200,2915.0000,11340,0,135728820.000,0,-,-,-,-,2914.4000,2914.2000,2914.0000,2913.8000,2913.6000,2915.0000,2915.6000,2916.6000,2916.8000,2917.2000,1,2,1,1,1,1,1,2,2,1
SF,IH2006,2020-02-20 09:34:29.700,2915.0000,11339,-1,136603320.000,1,0,1,双平,S,2914.6000,2914.4000,2914.2000,2914.0000,2913.6000,2915.6000,2916.6000,2916.8000,2917.2000,2917.6000,1,1,1,1,1,1,2,2,1,1
SF,IH2006,2020-02-20 09:34:30.200,2915.0000,11339,0,136603320.000,0,-,-,-,-,2914.8000,2914.6000,2914.4000,2914.0000,2913.6000,2915.6000,2916.6000,2916.8000,2917.2000,2917.6000,1,1,1,1,1,1,2,2,1,1
SF,IH2006,2020-02-20 09:34:30.700,2915.6000,11338,-1,137478000.000,1,0,1,双平,S,2914.8000,2914.4000,2914.0000,2913.6000,2913.4000,2916.6000,2916.8000,2917.2000,2917.6000,2918.8000,1,1,1,1,1,2,2,1,1,1
SF,IH2006,2020-02-20 09:34:31.200,2915.6000,11338,0,137478000.000,0,-,-,-,-,2915.0000,2914.8000,2914.0000,2913.6000,2913.4000,2916.4000,2916.6000,2916.8000,2917.2000,2917.6000,1,1,1,1,1,3,1,2,1,1
SF,IH2006,2020-02-20 09:34:31.700,2915.6000,11338,0,137478000.000,0,-,-,-,-,2915.0000,2914.8000,2914.0000,2913.6000,2913.4000,2916.4000,2916.6000,2916.8000,2917.2000,2917.6000,1,1,1,1,1,3,1,2,1,1
SF,IH2006,2020-02-20 09:34:32.200,2915.6000,11338,0,137478000.000,0,-,-,-,-,2915.0000,2914.8000,2914.0000,2913.6000,2913.4000,2916.2000,2916.4000,2916.6000,2916.8000,2917.2000,1,1,1,1,1,6,2,1,2,1
SF,IH2006,2020-02-20 09:34:32.700,2915.6000,11338,0,137478000.000,0,-,-,-,-,2914.8000,2914.0000,2913.6000,2913.4000,2913.2000,2916.0000,2916.4000,2916.6000,2916.8000,2917.2000,1,1,1,1,1,1,1,1,2,1
SF,IH2006,2020-02-20 09:34:33.200,2915.6000,11338,0,137478000.000,0,-,-,-,-,2915.0000,2914.8000,2914.0000,2913.6000,2913.4000,2916.4000,2916.8000,2917.2000,2917.6000,2918.8000,2,1,1,1,1,1,2,1,1,1
SF,IH2006,2020-02-20 09:34:33.700,2915.6000,11338,0,137478000.000,0,-,-,-,-,2915.0000,2914.0000,2913.6000,2913.4000,2913.2000,2916.8000,2917.6000,2918.8000,2919.2000,2919.4000,1,1,1,1,1,2,1,1,1,2
SF,IH2006,2020-02-20 09:34:34.200,2915.6000,11338,0,137478000.000,0,-,-,-,-,2915.6000,2915.2000,2914.0000,2913.6000,2913.4000,2916.6000,2916.8000,2917.6000,2918.8000,2919.2000,1,4,1,1,1,2,2,1,1,1
SF,IH2006,2020-02-20 09:34:34.700,2915.6000,11338,0,137478000.000,0,-,-,-,-,2915.6000,2915.2000,2914.0000,2913.6000,2913.4000,2916.6000,2916.8000,2917.6000,2918.8000,2919.2000,2,3,1,1,1,1,2,1,1,1
SF,IH2006,2020-02-20 09:34:35.200,2915.6000,11338,0,137478000.000,0,-,-,-,-,2915.6000,2915.2000,2914.0000,2913.6000,2913.4000,2916.6000,2916.8000,2917.6000,2918.8000,2919.2000,1,2,1,1,1,1,2,1,1,1
SF,IH2006,2020-02-20 09:34:35.700,2915.6000,11338,0,137478000.000,0,-,-,-,-,2915.2000,2914.0000,2913.6000,2913.4000,2913.2000,2916.4000,2916.6000,2916.8000,2917.6000,2918.8000,2,1,1,1,1,1,1,2,1,1
SF,IH2006,2020-02-20 09:34:36.200,2915.6000,11338,0,137478000.000,0,-,-,-,-,2915.2000,2914.0000,2913.6000,2913.4000,2913.2000,2916.2000,2916.8000,2917.6000,2918.8000,2919.2000,1,1,1,1,1,2,2,1,2,1
SF,IH2006,2020-02-20 09:34:36.700,2915.6000,11338,0,137478000.000,0,-,-,-,-,2915.4000,2915.2000,2913.6000,2913.4000,2913.2000,2916.2000,2917.6000,2918.8000,2919.2000,2919.4000,1,1,1,1,1,2,1,2,1,2
SF,IH2006,2020-02-20 09:34:37.200,2916.2000,11337,-1,138352860.000,1,0,1,双平,S,2915.2000,2913.6000,2913.4000,2913.2000,2913.0000,2917.6000,2918.8000,2919.2000,2919.4000,2920.0000,1,1,1,1,9,1,2,1,2,2
SF,IH2006,2020-02-20 09:34:37.700,2916.2000,11337,0,138352860.000,0,-,-,-,-,2915.4000,2915.2000,2913.6000,2913.4000,2913.2000,2917.2000,2917.4000,2917.6000,2918.8000,2919.2000,2,1,1,1,1,1,9,3,2,1
SF,IH2006,2020-02-20 09:34:38.200,2916.2000,11337,0,138352860.000,0,-,-,-,-,2915.6000,2915.4000,2915.2000,2913.6000,2913.4000,2917.0000,2917.4000,2917.6000,2918.8000,2919.2000,2,2,1,1,1,3,6,2,2,1
SF,IH2006,2020-02-20 09:34:38.700,2916.2000,11337,0,138352860.000,0,-,-,-,-,2915.6000,2915.2000,2913.6000,2913.4000,2913.2000,2917.0000,2917.2000,2917.4000,2917.6000,2918.8000,2,1,1,1,1,2,1,6,2,2
SF,IH2006,2020-02-20 09:34:39.200,2916.2000,11337,0,138352860.000,0,-,-,-,-,2916.2000,2915.6000,2915.2000,2913.6000,2913.4000,2917.0000,2917.4000,2917.6000,2918.8000,2919.2000,1,2,1,1,1,1,6,2,2,1
SF,IH2006,2020-02-20 09:34:39.700,2916.2000,11336,-1,139227720.000,1,0,1,双平,S,2915.6000,2915.2000,2913.6000,2913.4000,2913.2000,2916.2000,2917.4000,2917.6000,2918.8000,2919.2000,1,1,1,1,1,1,2,2,2,1
SF,IH2006,2020-02-20 09:34:40.200,2916.2000,11336,0,140102580.000,1,0,1,多换,S,2916.4000,2916.2000,2915.8000,2915.2000,2913.6000,2917.4000,2917.6000,2918.8000,2919.2000,2919.4000,2,1,3,1,1,1,1,2,1,2
SF,IH2006,2020-02-20 09:34:40.700,2916.2000,11336,0,140102580.000,0,-,-,-,-,2916.4000,2916.2000,2915.8000,2915.2000,2913.6000,2917.2000,2917.6000,2918.8000,2919.2000,2919.4000,2,1,1,1,1,1,1,2,1,2
SF,IH2006,2020-02-20 09:34:41.200,2916.2000,11336,0,140102580.000,0,-,-,-,-,2916.2000,2915.8000,2915.2000,2913.6000,2913.4000,2917.0000,2917.2000,2917.6000,2918.8000,2919.2000,1,1,1,1,1,1,1,1,2,1
SF,IH2006,2020-02-20 09:34:41.700,2916.2000,11336,0,140102580.000,0,-,-,-,-,2916.2000,2915.2000,2913.6000,2913.4000,2913.2000,2917.2000,2917.6000,2918.8000,2919.2000,2919.4000,1,1,1,1,1,1,1,2,1,2
SF,IH2006,2020-02-20 09:34:42.200,2916.2000,11336,0,140102580.000,0,-,-,-,-,2916.2000,2915.2000,2913.6000,2913.4000,2913.2000,2917.0000,2917.2000,2917.6000,2918.8000,2919.2000,1,1,1,1,1,2,1,1,2,1
SF,IH2006,2020-02-20 09:34:42.700,2916.2000,11336,0,140102580.000,0,-,-,-,-,2916.2000,2915.2000,2913.6000,2913.4000,2913.2000,2917.2000,2917.6000,2918.8000,2919.2000,2919.4000,1,1,1,1,1,1,1,2,1,2
SF,IH2006,2020-02-20 09:34:43.200,2916.2000,11336,0,140102580.000,0,-,-,-,-,2916.2000,2915.2000,2913.6000,2913.4000,2913.2000,2917.2000,2917.6000,2918.8000,2919.2000,2919.4000,1,1,1,1,1,1,1,2,1,2
SF,IH2006,2020-02-20 09:34:43.700,2916.2000,11336,0,140102580.000,0,-,-,-,-,2916.4000,2916.2000,2915.2000,2913.6000,2913.4000,2917.2000,2917.6000,2918.8000,2919.2000,2919.4000,1,1,1,1,1,1,1,2,1,2
SF,IH2006,2020-02-20 09:34:44.200,2916.2000,11336,0,140102580.000,0,-,-,-,-,2916.2000,2915.2000,2913.6000,2913.4000,2913.2000,2917.2000,2917.6000,2918.8000,2919.2000,2919.4000,1,1,1,1,1,1,1,2,1,2
SF,IH2006,2020-02-20 09:34:44.700,2916.2000,11336,0,140102580.000,0,-,-,-,-,2916.4000,2916.2000,2915.2000,2913.6000,2913.4000,2917.2000,2917.6000,2918.8000,2919.2000,2919.4000,1,1,1,1,1,1,1,2,1,2
SF,IH2006,2020-02-20 09:34:45.200,2916.2000,11336,0,140102580.000,0,-,-,-,-,2916.6000,2916.2000,2915.2000,2913.6000,2913.4000,2917.6000,2918.8000,2919.2000,2919.4000,2920.0000,1,1,1,1,1,1,2,1,2,2
SF,IH2006,2020-02-20 09:34:45.700,2916.2000,11336,0,140102580.000,0,-,-,-,-,2916.2000,2915.2000,2913.6000,2913.4000,2913.2000,2917.4000,2917.6000,2918.8000,2919.2000,2919.4000,1,1,1,1,1,1,1,2,1,2
SF,IH2006,2020-02-20 09:34:46.200,2916.2000,11336,0,140102580.000,0,-,-,-,-,2916.4000,2916.2000,2915.2000,2913.6000,2913.4000,2917.2000,2917.4000,2917.6000,2918.8000,2919.2000,1,1,1,1,1,1,1,1,2,1
SF,IH2006,2020-02-20 09:34:46.700,2916.2000,11336,0,140102580.000,0,-,-,-,-,2916.2000,2915.2000,2913.6000,2913.4000,2913.2000,2917.4000,2917.6000,2918.8000,2919.2000,2919.4000,1,1,1,1,1,1,1,2,1,2
