市场代码,合约代码,时间,最新,持仓,增仓,成交额,成交量,开仓,平仓,成交类型,方向,买一价,买二价,买三价,买四价,买五价,卖一价,卖二价,卖三价,卖四价,卖五价,买一量,买二量,买三量,买四量,买五量,卖一量,卖二量,卖三量,卖四量,卖五量
SF,IH2012,2020-07-27 09:29:00.200,3152.6000,16363,0,10403580.000,11.000,-,-,-,-,3152.6000,3151.0000,3150.0000,3148.2000,3147.4000,3155.0000,3156.0000,3156.8000,3157.0000,3158.0000,1,1,1,1,1,1,1,1,1,1
SF,IH2012,2020-07-27 09:30:00.200,3154.6000,16363,0,11349960.000,1,0,1,多换,S,3153.0000,3152.6000,3151.0000,3150.0000,3148.2000,3155.0000,3156.0000,3156.8000,3157.0000,3158.0000,5,1,1,1,1,1,1,1,1,2
SF,IH2012,2020-07-27 09:30:00.700,3156.0000,16362,-1,14189520.000,3,1,2,多平,S,3155.4000,3154.2000,3154.0000,3153.0000,3152.6000,3156.8000,3157.0000,3158.0000,3159.0000,3159.4000,1,2,1,5,1,1,2,2,1,1
SF,IH2012,2020-07-27 09:30:01.200,3157.0000,16360,-2,17030760.000,3,0,3,多平,S,3156.8000,3156.2000,3155.8000,3155.6000,3155.4000,3158.0000,3159.0000,3159.4000,3159.6000,3160.0000,1,2,4,5,1,2,1,1,1,3
SF,IH2012,2020-07-27 09:30:01.700,3158.0000,16351,-9,25556640.000,9,0,9,双平,S,3157.0000,3155.6000,3155.4000,3155.2000,3154.2000,3159.0000,3159.4000,3159.6000,3160.0000,3160.6000,4,5,1,2,2,1,1,1,3,1
SF,IH2012,2020-07-27 09:30:02.200,3158.0000,16351,0,25556640.000,0,-,-,-,-,3157.4000,3157.0000,3155.6000,3155.4000,3155.2000,3159.0000,3159.4000,3159.6000,3160.0000,3160.6000,2,4,3,1,2,1,1,1,3,1
SF,IH2012,2020-07-27 09:30:02.700,3157.8000,16347,-4,30293700.000,5,0,5,多平,S,3159.0000,3157.4000,3155.6000,3155.4000,3155.2000,3159.4000,3159.6000,3160.0000,3160.6000,3163.0000,9,3,3,1,2,1,1,3,1,1
SF,IH2012,2020-07-27 09:30:03.200,3159.0000,16347,0,35979900.000,6,3,3,多换,S,3159.0000,3157.4000,3155.6000,3155.4000,3155.2000,3159.4000,3159.6000,3160.0000,3160.6000,3163.0000,7,3,3,1,2,1,1,3,1,1
SF,IH2012,2020-07-27 09:30:03.700,3159.0000,16342,-5,42615480.000,7,1,6,多平,S,3159.4000,3159.0000,3157.4000,3155.6000,3155.4000,3163.0000,3163.2000,3164.0000,3165.0000,3170.0000,1,6,1,3,1,1,1,1,1,2
SF,IH2012,2020-07-27 09:30:04.200,3159.0000,16342,0,42615480.000,0,-,-,-,-,3159.6000,3159.4000,3159.0000,3157.4000,3155.6000,3160.8000,3162.6000,3163.0000,3163.2000,3164.0000,1,1,10,1,3,1,4,1,1,1
SF,IH2012,2020-07-27 09:30:04.700,3159.0000,16342,0,42615480.000,0,-,-,-,-,3159.4000,3159.0000,3157.4000,3155.6000,3155.4000,3160.8000,3162.6000,3163.0000,3163.2000,3164.0000,1,10,1,3,1,1,4,1,1,1
SF,IH2012,2020-07-27 09:30:05.200,3159.0000,16342,0,42615480.000,0,-,-,-,-,3160.0000,3159.4000,3159.0000,3157.4000,3155.6000,3160.8000,3162.6000,3163.0000,3163.2000,3164.0000,1,1,9,1,3,1,4,1,1,1
SF,IH2012,2020-07-27 09:30:05.700,3159.0000,16340,-2,47354400.000,5,1,4,多平,S,3159.0000,3157.4000,3155.6000,3155.4000,3155.2000,3160.0000,3160.8000,3162.6000,3163.0000,3163.2000,6,1,3,1,2,1,2,4,1,1
SF,IH2012,2020-07-27 09:30:06.200,3160.0000,16337,-3,52093200.000,5,1,4,多平,S,3159.0000,3155.6000,3155.4000,3155.2000,3154.2000,3160.0000,3160.8000,3162.6000,3163.0000,3163.2000,2,3,1,2,2,1,1,4,1,1
SF,IH2012,2020-07-27 09:30:06.700,3159.0000,16335,-2,53988600.000,2,0,2,双平,S,3155.6000,3155.4000,3155.2000,3154.2000,3153.0000,3160.0000,3160.8000,3162.6000,3163.0000,3163.2000,3,1,2,2,1,1,1,4,1,1
SF,IH2012,2020-07-27 09:30:07.200,3159.8000,16335,0,54936540.000,1,0,1,多换,S,3157.0000,3156.0000,3155.8000,3155.6000,3155.4000,3160.0000,3160.8000,3162.6000,3163.0000,3163.2000,1,3,2,4,1,1,1,4,1,1
SF,IH2012,2020-07-27 09:30:07.700,3157.2000,16334,-1,55883700.000,1,0,1,双平,S,3157.2000,3157.0000,3155.6000,3155.4000,3155.2000,3160.0000,3160.8000,3162.6000,3163.0000,3163.2000,2,2,3,1,2,1,1,4,1,1
SF,IH2012,2020-07-27 09:30:08.200,3157.2000,16334,0,55883700.000,0,-,-,-,-,3157.2000,3157.0000,3155.4000,3154.2000,3153.0000,3160.0000,3160.8000,3162.6000,3163.0000,3163.2000,2,1,1,2,1,6,1,4,1,1
SF,IH2012,2020-07-27 09:30:08.700,3159.0000,16334,0,56831400.000,1,0,1,多换,S,3157.2000,3155.4000,3154.2000,3154.0000,3153.0000,3160.0000,3160.8000,3162.6000,3163.0000,3163.2000,1,1,2,1,1,6,1,4,1,1
SF,IH2012,2020-07-27 09:30:09.200,3157.2000,16333,-1,57778560.000,1,0,1,双平,S,3155.4000,3154.0000,3153.0000,3152.0000,3151.0000,3157.2000,3159.8000,3160.0000,3160.8000,3162.6000,1,1,1,1,1,1,1,6,1,4
SF,IH2012,2020-07-27 09:30:09.700,3157.2000,16332,-1,59672460.000,2,0,2,多平,S,3155.8000,3155.6000,3155.4000,3154.0000,3153.0000,3157.2000,3157.8000,3159.2000,3159.8000,3160.0000,1,1,2,1,1,1,1,1,1,5
SF,IH2012,2020-07-27 09:30:10.200,3157.2000,16332,0,60619620.000,1,0,1,多换,S,3155.6000,3155.4000,3154.0000,3153.0000,3152.0000,3159.2000,3159.8000,3160.0000,3160.8000,3162.6000,1,2,1,1,1,1,2,5,1,4
SF,IH2012,2020-07-27 09:30:10.700,3155.8000,16331,-1,61566360.000,1,0,1,双平,S,3155.6000,3155.4000,3154.0000,3153.0000,3152.0000,3159.0000,3159.2000,3159.4000,3159.8000,3160.0000,1,2,1,1,1,1,1,1,1,5
SF,IH2012,2020-07-27 09:30:11.200,3155.8000,16331,0,61566360.000,0,-,-,-,-,3155.6000,3155.4000,3153.0000,3152.0000,3151.0000,3157.8000,3159.0000,3159.2000,3159.4000,3159.8000,1,3,1,1,1,1,1,1,1,1
SF,IH2012,2020-07-27 09:30:11.700,3159.0000,16331,0,62514060.000,1,0,1,多换,S,3155.6000,3155.4000,3153.0000,3152.0000,3151.0000,3159.0000,3159.2000,3159.4000,3159.8000,3160.0000,1,3,1,1,1,1,1,1,1,5
SF,IH2012,2020-07-27 09:30:12.200,3155.8000,16329,-2,65354220.000,3,0,3,多平,S,3155.4000,3153.0000,3152.0000,3151.0000,3150.0000,3155.6000,3158.8000,3159.0000,3159.2000,3159.4000,3,1,1,1,2,1,1,1,1,2
SF,IH2012,2020-07-27 09:30:12.700,3155.8000,16326,-3,69141960.000,4,0,4,多平,S,3155.6000,3155.4000,3153.0000,3152.0000,3151.0000,3159.0000,3159.2000,3159.4000,3159.8000,3160.0000,7,2,1,1,1,1,1,2,1,5
SF,IH2012,2020-07-27 09:30:13.200,3159.0000,16326,0,70089660.000,1,0,1,多换,S,3155.8000,3155.6000,3155.4000,3153.0000,3152.0000,3159.2000,3159.4000,3159.8000,3160.0000,3160.8000,1,3,2,1,1,1,3,1,5,1
SF,IH2012,2020-07-27 09:30:14.200,3159.2000,16326,0,71037420.000,1,0,1,多换,S,3156.2000,3155.8000,3155.6000,3155.4000,3153.0000,3159.4000,3159.8000,3160.0000,3160.8000,3162.6000,1,1,3,1,1,3,1,5,1,4
SF,IH2012,2020-07-27 09:30:14.700,3156.2000,16325,-1,72931200.000,2,0,2,多平,S,3155.4000,3153.0000,3152.0000,3151.0000,3150.0000,3159.4000,3159.8000,3160.0000,3160.8000,3162.6000,1,1,1,1,2,3,1,5,1,4
SF,IH2012,2020-07-27 09:30:15.200,3156.2000,16325,0,72931200.000,0,-,-,-,-,3155.4000,3153.0000,3152.0000,3151.0000,3150.0000,3159.2000,3159.4000,3159.8000,3160.0000,3160.6000,1,1,1,1,2,2,3,1,5,1
SF,IH2012,2020-07-27 09:30:15.700,3156.2000,16325,0,72931200.000,0,-,-,-,-,3155.4000,3153.0000,3152.0000,3151.0000,3150.0000,3157.8000,3159.2000,3159.4000,3159.8000,3160.0000,1,1,1,1,2,1,3,3,1,5
SF,IH2012,2020-07-27 09:30:16.200,3157.6000,16324,-1,73878480.000,1,0,1,双平,S,3155.6000,3155.4000,3153.0000,3152.0000,3151.0000,3157.8000,3159.4000,3159.8000,3160.0000,3160.6000,2,1,1,1,1,1,3,1,5,1
SF,IH2012,2020-07-27 09:30:17.200,3157.6000,16324,0,73878480.000,0,-,-,-,-,3155.6000,3155.4000,3153.0000,3152.0000,3151.0000,3157.8000,3159.4000,3159.8000,3160.0000,3160.6000,2,1,1,1,1,1,3,1,6,1
SF,IH2012,2020-07-27 09:30:18.200,3157.8000,16324,0,74825820.000,1,0,1,多换,S,3155.6000,3155.4000,3153.0000,3152.0000,3151.0000,3159.4000,3159.8000,3160.0000,3160.6000,3160.8000,2,1,1,1,1,3,1,6,1,1
SF,IH2012,2020-07-27 09:30:18.700,3157.8000,16324,0,74825820.000,0,-,-,-,-,3155.6000,3155.4000,3153.0000,3152.0000,3151.0000,3159.4000,3159.8000,3160.0000,3160.6000,3160.8000,2,1,1,1,1,3,1,6,1,1
SF,IH2012,2020-07-27 09:30:19.200,3157.8000,16324,0,74825820.000,0,-,-,-,-,3156.0000,3155.6000,3155.4000,3153.0000,3152.0000,3159.4000,3159.8000,3160.0000,3160.6000,3160.8000,1,2,1,1,1,3,1,6,1,1
SF,IH2012,2020-07-27 09:30:19.700,3157.8000,16324,0,74825820.000,0,-,-,-,-,3156.2000,3156.0000,3155.6000,3154.8000,3153.0000,3157.8000,3159.4000,3159.8000,3160.0000,3160.6000,3,2,1,1,1,1,3,1,6,1
SF,IH2012,2020-07-27 09:30:20.200,3157.8000,16322,-2,76720500.000,2,0,2,双平,S,3158.2000,3156.2000,3156.0000,3155.6000,3154.8000,3159.4000,3159.8000,3160.0000,3160.6000,3160.8000,1,2,2,1,1,3,1,6,1,1
SF,IH2012,2020-07-27 09:30:20.700,3156.8000,16320,-2,78615000.000,2,0,2,双平,S,3156.2000,3156.0000,3154.8000,3153.0000,3152.0000,3157.8000,3158.0000,3159.4000,3159.8000,3160.0000,2,1,1,1,1,1,1,3,1,6
SF,IH2012,2020-07-27 09:30:21.200,3156.2000,16319,-1,79561860.000,1,0,1,双平,S,3156.2000,3156.0000,3154.8000,3153.0000,3152.0000,3158.0000,3159.4000,3159.8000,3160.0000,3160.6000,1,1,1,1,1,1,3,1,6,1
SF,IH2012,2020-07-27 09:30:22.200,3156.2000,16319,0,79561860.000,0,-,-,-,-,3156.4000,3156.2000,3156.0000,3154.8000,3153.0000,3158.0000,3159.4000,3159.8000,3160.0000,3160.6000,1,1,1,1,1,1,3,1,6,1
SF,IH2012,2020-07-27 09:30:22.700,3156.2000,16319,0,79561860.000,0,-,-,-,-,3156.6000,3156.4000,3156.2000,3156.0000,3154.8000,3157.0000,3158.0000,3159.4000,3159.8000,3160.0000,1,1,1,1,1,1,1,3,1,6
SF,IH2012,2020-07-27 09:30:23.200,3157.0000,16318,-1,80508960.000,1,0,1,双平,S,3157.4000,3157.0000,3156.8000,3156.6000,3156.2000,3158.0000,3159.0000,3159.4000,3160.0000,3160.6000,2,2,1,1,1,1,1,3,6,1
SF,IH2012,2020-07-27 09:30:23.700,3158.0000,16317,-1,81456360.000,1,0,1,双平,S,3158.0000,3157.4000,3157.0000,3156.6000,3156.2000,3159.0000,3159.4000,3160.0000,3160.6000,3160.8000,3,2,2,1,1,2,3,6,1,1
SF,IH2012,2020-07-27 09:30:24.200,3159.4000,16312,-5,89037420.000,8,1,7,多平,S,3157.4000,3157.0000,3156.6000,3156.2000,3156.0000,3160.0000,3160.6000,3160.8000,3161.0000,3162.6000,2,1,2,1,1,6,1,1,1,4
SF,IH2012,2020-07-27 09:30:24.700,3159.4000,16312,0,89037420.000,0,-,-,-,-,3157.6000,3157.0000,3156.6000,3156.2000,3156.0000,3160.0000,3160.6000,3160.8000,3161.0000,3162.6000,1,1,2,1,1,6,1,1,1,4
SF,IH2012,2020-07-27 09:30:25.200,3159.4000,16312,0,89037420.000,0,-,-,-,-,3157.8000,3157.6000,3157.0000,3156.6000,3156.2000,3160.0000,3160.6000,3160.8000,3161.0000,3162.6000,1,3,1,2,1,6,1,1,1,4
SF,IH2012,2020-07-27 09:30:25.700,3159.4000,16312,0,89037420.000,0,-,-,-,-,3158.0000,3157.8000,3157.6000,3157.0000,3156.6000,3160.0000,3160.6000,3160.8000,3161.0000,3162.6000,1,1,3,1,2,6,1,1,1,4
SF,IH2012,2020-07-27 09:30:26.200,3159.4000,16312,0,89037420.000,0,-,-,-,-,3157.8000,3157.6000,3157.0000,3156.6000,3156.2000,3159.8000,3160.0000,3160.6000,3160.8000,3161.0000,1,3,1,2,1,1,6,1,1,1
SF,IH2012,2020-07-27 09:30:26.700,3159.4000,16312,0,89037420.000,0,-,-,-,-,3157.8000,3157.6000,3157.0000,3156.8000,3156.6000,3158.8000,3159.8000,3160.0000,3160.6000,3160.8000,1,3,1,1,2,1,1,6,1,1
SF,IH2012,2020-07-27 09:30:27.200,3158.8000,16311,-1,89985060.000,1,0,1,双平,S,3158.8000,3157.8000,3157.6000,3157.0000,3156.8000,3160.0000,3160.6000,3160.8000,3161.0000,3162.6000,3,1,2,1,1,6,1,1,1,4
SF,IH2012,2020-07-27 09:30:27.700,3158.2000,16307,-4,95670240.000,6,1,5,多平,S,3158.8000,3157.6000,3157.0000,3156.8000,3156.6000,3159.4000,3159.8000,3160.0000,3160.6000,3160.8000,1,2,1,1,1,1,1,6,1,1
SF,IH2012,2020-07-27 09:30:28.200,3160.0000,16302,-5,102305400.000,7,1,6,多平,S,3157.6000,3157.0000,3156.8000,3156.6000,3156.0000,3160.0000,3160.6000,3160.8000,3161.0000,3162.6000,2,1,1,1,1,2,1,1,1,4
SF,IH2012,2020-07-27 09:30:28.700,3160.0000,16302,0,102305400.000,0,-,-,-,-,3157.8000,3157.6000,3157.0000,3156.8000,3156.6000,3160.0000,3160.6000,3160.8000,3161.0000,3162.6000,11,2,1,1,1,2,1,1,1,4
SF,IH2012,2020-07-27 09:30:29.700,3160.0000,16301,-1,103253400.000,1,0,1,双平,S,3157.8000,3157.6000,3157.0000,3156.8000,3156.6000,3160.0000,3160.6000,3160.8000,3161.0000,3162.6000,11,2,1,1,1,2,1,1,1,4
SF,IH2012,2020-07-27 09:30:30.200,3160.0000,16301,0,103253400.000,0,-,-,-,-,3157.8000,3157.6000,3157.0000,3156.8000,3156.6000,3160.0000,3160.6000,3160.8000,3161.0000,3162.6000,11,2,1,1,1,2,1,1,1,4
SF,IH2012,2020-07-27 09:30:30.700,3160.0000,16301,0,105149400.000,2,1,1,多换,S,3160.0000,3157.8000,3157.6000,3157.0000,3156.8000,3160.6000,3160.8000,3161.0000,3162.6000,3163.0000,9,11,2,1,1,1,1,1,4,2
SF,IH2012,2020-07-27 09:30:31.200,3160.0000,16300,-1,111785460.000,7,3,4,多平,S,3160.0000,3157.8000,3156.8000,3156.6000,3156.0000,3160.2000,3160.4000,3160.6000,3160.8000,3161.0000,3,11,1,1,1,1,1,1,1,1
SF,IH2012,2020-07-27 09:30:31.700,3160.0000,16299,-1,115577520.000,4,1,3,多平,S,3160.0000,3157.8000,3156.8000,3156.6000,3156.0000,3160.6000,3160.8000,3161.0000,3162.6000,3163.0000,2,11,1,1,1,1,1,1,4,2
SF,IH2012,2020-07-27 09:30:32.200,3160.6000,16298,-1,116525700.000,1,0,1,双平,S,3160.0000,3157.8000,3156.8000,3156.6000,3156.0000,3160.8000,3161.0000,3162.6000,3163.0000,3163.2000,2,11,1,1,1,1,1,4,2,1
SF,IH2012,2020-07-27 09:30:32.700,3161.0000,16296,-2,118422240.000,2,0,2,双平,S,3160.0000,3157.8000,3156.8000,3156.6000,3156.0000,3162.6000,3163.0000,3163.2000,3164.0000,3164.4000,2,11,1,1,1,4,2,1,1,1
SF,IH2012,2020-07-27 09:30:33.200,3160.2000,16295,-1,119370300.000,1,0,1,双平,S,3160.2000,3160.0000,3157.8000,3156.8000,3156.6000,3161.6000,3162.6000,3163.0000,3163.2000,3164.0000,1,2,10,1,1,1,4,2,1,1
SF,IH2012,2020-07-27 09:30:33.700,3160.2000,16294,-1,120318360.000,1,0,1,双平,S,3160.0000,3157.8000,3156.8000,3156.6000,3156.0000,3161.6000,3162.6000,3163.0000,3163.2000,3164.0000,2,10,1,1,1,1,4,2,1,1
SF,IH2012,2020-07-27 09:30:34.200,3160.2000,16294,0,121266420.000,1,0,1,多换,S,3160.2000,3160.0000,3157.8000,3156.8000,3156.6000,3161.6000,3162.6000,3163.0000,3163.2000,3164.0000,1,2,10,1,1,1,4,2,1,1
SF,IH2012,2020-07-27 09:30:34.700,3160.2000,16294,0,121266420.000,0,-,-,-,-,3160.2000,3160.0000,3157.8000,3156.8000,3156.6000,3161.6000,3163.0000,3163.2000,3164.0000,3164.4000,1,2,10,1,1,1,2,1,1,1
SF,IH2012,2020-07-27 09:30:35.200,3161.6000,16293,-1,122214900.000,1,0,1,双平,S,3161.8000,3160.2000,3160.0000,3157.8000,3156.8000,3163.0000,3163.2000,3164.0000,3164.4000,3168.2000,2,1,2,10,1,2,1,1,1,1
SF,IH2012,2020-07-27 09:30:35.700,3161.8000,16291,-2,124111980.000,2,0,2,双平,S,3160.0000,3157.8000,3156.8000,3156.6000,3156.0000,3162.6000,3162.8000,3163.0000,3163.2000,3164.0000,2,10,1,1,1,6,1,2,1,1
SF,IH2012,2020-07-27 09:30:36.200,3161.8000,16291,0,124111980.000,0,-,-,-,-,3160.2000,3160.0000,3157.8000,3156.8000,3156.6000,3162.6000,3163.0000,3163.2000,3164.0000,3164.4000,1,4,10,1,1,6,2,1,1,1
SF,IH2012,2020-07-27 09:30:36.700,3161.8000,16291,0,124111980.000,0,-,-,-,-,3160.2000,3160.0000,3157.8000,3156.8000,3156.6000,3163.0000,3163.2000,3164.0000,3164.4000,3168.2000,1,4,10,1,1,2,1,1,1,1
SF,IH2012,2020-07-27 09:30:37.200,3161.8000,16291,0,124111980.000,0,-,-,-,-,3160.4000,3160.2000,3160.0000,3157.8000,3156.8000,3162.8000,3163.0000,3163.2000,3164.0000,3164.4000,1,1,4,10,1,4,2,1,1,1
SF,IH2012,2020-07-27 09:30:37.700,3161.8000,16291,0,124111980.000,0,-,-,-,-,3160.6000,3160.4000,3160.0000,3157.8000,3156.8000,3163.0000,3163.2000,3164.0000,3164.4000,3168.2000,2,1,4,10,1,2,1,1,1,1
SF,IH2012,2020-07-27 09:30:38.200,3161.8000,16291,0,124111980.000,0,-,-,-,-,3160.8000,3160.6000,3160.4000,3160.0000,3157.8000,3163.0000,3163.2000,3164.0000,3164.4000,3168.2000,1,2,1,4,10,2,1,1,1,1
SF,IH2012,2020-07-27 09:30:38.700,3161.8000,16291,0,124111980.000,0,-,-,-,-,3161.0000,3160.6000,3160.4000,3160.0000,3157.8000,3163.0000,3163.2000,3164.0000,3164.4000,3168.2000,2,1,1,4,10,2,1,1,1,1
SF,IH2012,2020-07-27 09:30:39.200,3161.8000,16291,0,124111980.000,0,-,-,-,-,3161.2000,3161.0000,3160.6000,3160.4000,3160.0000,3163.0000,3163.2000,3164.0000,3164.4000,3168.2000,1,2,1,1,4,2,1,1,1,1
SF,IH2012,2020-07-27 09:30:39.700,3161.8000,16291,0,124111980.000,0,-,-,-,-,3161.2000,3161.0000,3160.6000,3160.4000,3160.0000,3161.8000,3163.0000,3163.2000,3164.0000,3164.4000,1,2,1,1,4,1,2,1,1,1
SF,IH2012,2020-07-27 09:30:40.200,3161.4000,16288,-3,126957360.000,3,0,3,双平,S,3161.2000,3161.0000,3160.4000,3160.0000,3157.8000,3163.0000,3163.2000,3164.0000,3164.4000,3168.2000,1,2,1,4,10,2,1,1,1,1
SF,IH2012,2020-07-27 09:30:40.700,3161.4000,16288,0,126957360.000,0,-,-,-,-,3161.2000,3161.0000,3160.4000,3160.0000,3157.8000,3163.0000,3163.2000,3164.0000,3164.4000,3168.2000,1,2,1,2,10,2,1,1,1,1
SF,IH2012,2020-07-27 09:30:41.200,3161.4000,16288,0,126957360.000,0,-,-,-,-,3161.2000,3161.0000,3160.0000,3157.8000,3156.8000,3162.8000,3163.0000,3163.2000,3164.0000,3164.4000,1,2,2,10,1,1,2,1,1,1
SF,IH2012,2020-07-27 09:30:42.200,3163.0000,16288,0,127906260.000,1,0,1,多换,S,3161.2000,3161.0000,3160.0000,3157.8000,3156.8000,3163.0000,3163.2000,3164.0000,3164.4000,3168.2000,1,2,3,10,1,1,1,1,1,1
SF,IH2012,2020-07-27 09:30:42.700,3163.0000,16288,0,127906260.000,0,-,-,-,-,3161.4000,3161.2000,3161.0000,3160.0000,3157.8000,3162.8000,3163.0000,3163.2000,3164.0000,3164.4000,1,1,2,3,10,1,1,1,1,1
SF,IH2012,2020-07-27 09:30:43.200,3163.0000,16288,0,127906260.000,0,-,-,-,-,3161.6000,3161.4000,3161.0000,3160.0000,3157.8000,3163.0000,3163.2000,3164.0000,3164.4000,3168.2000,1,1,2,4,10,1,1,1,1,1
SF,IH2012,2020-07-27 09:30:43.700,3161.8000,16287,-1,128854800.000,1,0,1,双平,S,3161.6000,3161.4000,3161.0000,3160.0000,3157.8000,3162.8000,3163.0000,3163.2000,3164.0000,3164.4000,1,1,2,5,10,1,1,1,1,1
SF,IH2012,2020-07-27 09:30:44.200,3161.8000,16287,0,128854800.000,0,-,-,-,-,3162.0000,3161.4000,3161.0000,3160.0000,3157.8000,3162.8000,3163.0000,3163.2000,3164.0000,3164.4000,1,1,2,5,10,1,1,1,1,1
SF,IH2012,2020-07-27 09:30:44.700,3162.0000,16286,-1,129803400.000,1,0,1,双平,S,3161.4000,3161.0000,3160.0000,3157.8000,3156.8000,3162.0000,3162.8000,3163.0000,3163.2000,3164.0000,1,2,5,10,1,1,1,1,1,1
SF,IH2012,2020-07-27 09:30:45.200,3162.0000,16286,0,129803400.000,0,-,-,-,-,3161.4000,3161.0000,3160.0000,3157.8000,3156.8000,3162.2000,3163.0000,3163.2000,3164.0000,3164.4000,1,2,5,10,1,1,1,1,1,1
SF,IH2012,2020-07-27 09:30:45.700,3161.4000,16285,-1,130751820.000,1,0,1,双平,S,3161.0000,3160.0000,3157.8000,3156.8000,3156.6000,3162.2000,3163.0000,3163.2000,3164.0000,3164.4000,2,5,10,1,1,1,1,1,1,1
SF,IH2012,2020-07-27 09:30:46.200,3161.0000,16284,-1,131700120.000,1,0,1,双平,S,3160.0000,3157.8000,3156.8000,3156.6000,3154.8000,3160.8000,3162.0000,3162.2000,3163.0000,3163.2000,5,10,1,1,1,2,1,1,1,1
SF,IH2012,2020-07-27 09:30:46.700,3160.0000,16283,-1,138336240.000,7,3,4,多平,S,3157.8000,3156.8000,3156.6000,3154.8000,3153.6000,3162.2000,3162.8000,3163.0000,3163.2000,3164.0000,10,1,1,1,1,1,1,1,1,1
SF,IH2012,2020-07-27 09:30:47.200,3160.0000,16283,0,138336240.000,0,-,-,-,-,3157.8000,3156.8000,3156.6000,3154.8000,3153.6000,3161.4000,3161.8000,3162.0000,3162.2000,3162.6000,10,1,1,1,1,1,6,1,1,1
SF,IH2012,2020-07-27 09:30:47.700,3160.0000,16283,0,138336240.000,0,-,-,-,-,3157.8000,3156.8000,3156.6000,3154.8000,3153.6000,3161.2000,3161.4000,3161.8000,3162.2000,3162.6000,10,1,1,1,1,1,1,6,1,1
SF,IH2012,2020-07-27 09:30:48.200,3160.0000,16283,0,138336240.000,0,-,-,-,-,3157.8000,3156.8000,3156.6000,3154.8000,3153.6000,3160.8000,3161.0000,3161.2000,3162.2000,3162.6000,10,1,1,1,1,4,2,3,1,1
SF,IH2012,2020-07-27 09:30:48.700,3157.8000,16283,0,139283580.000,1,0,1,多换,S,3157.8000,3156.8000,3156.6000,3154.8000,3153.6000,3159.4000,3160.4000,3160.6000,3160.8000,3161.2000,9,1,1,1,1,1,2,1,4,2
SF,IH2012,2020-07-27 09:30:49.200,3157.8000,16283,0,139283580.000,0,-,-,-,-,3157.8000,3156.8000,3156.6000,3154.8000,3153.6000,3159.2000,3160.6000,3160.8000,3162.2000,3162.6000,9,1,1,1,1,1,1,4,1,1
SF,IH2012,2020-07-27 09:30:49.700,3157.8000,16283,0,139283580.000,0,-,-,-,-,3157.8000,3156.8000,3156.6000,3154.8000,3153.6000,3159.0000,3160.0000,3160.6000,3160.8000,3162.2000,9,1,1,1,1,1,1,1,4,1
SF,IH2012,2020-07-27 09:30:50.200,3157.8000,16282,-1,140230920.000,1,0,1,双平,S,3157.8000,3156.8000,3156.6000,3154.8000,3153.6000,3160.0000,3160.6000,3162.0000,3162.2000,3162.6000,9,1,1,1,1,1,1,1,1,1
SF,IH2012,2020-07-27 09:30:50.700,3157.8000,16282,0,140230920.000,0,-,-,-,-,3157.8000,3156.8000,3154.8000,3153.6000,3153.0000,3159.2000,3159.8000,3160.0000,3160.6000,3162.0000,9,1,1,1,1,1,4,1,1,1
SF,IH2012,2020-07-27 09:30:51.200,3157.8000,16281,-1,141178260.000,1,0,1,双平,S,3157.8000,3156.8000,3154.8000,3153.6000,3153.0000,3159.0000,3159.8000,3160.0000,3162.0000,3162.2000,8,1,1,1,1,1,4,1,1,1
SF,IH2012,2020-07-27 09:30:51.700,3157.8000,16278,-3,144020280.000,3,0,3,双平,S,3157.8000,3156.8000,3154.8000,3153.6000,3153.0000,3158.8000,3159.8000,3160.0000,3162.0000,3162.2000,5,1,1,1,1,1,4,1,1,1
SF,IH2012,2020-07-27 09:30:52.200,3157.8000,16273,-5,148756980.000,5,0,5,双平,S,3156.8000,3154.8000,3153.6000,3153.0000,3152.0000,3158.6000,3159.8000,3160.0000,3162.0000,3162.2000,1,1,1,1,1,5,4,1,1,1
SF,IH2012,2020-07-27 09:30:52.700,3158.2000,16274,1,150651480.000,2,1,1,空开,S,3154.8000,3153.6000,3153.0000,3152.0000,3151.0000,3158.2000,3158.4000,3158.6000,3159.8000,3160.0000,1,1,1,1,1,1,1,4,4,1
SF,IH2012,2020-07-27 09:30:53.200,3158.2000,16274,0,150651480.000,0,-,-,-,-,3153.6000,3152.0000,3151.0000,3150.0000,3148.2000,3156.0000,3157.8000,3158.0000,3158.2000,3158.4000,1,1,1,1,1,1,4,2,1,1
SF,IH2012,2020-07-27 09:30:53.700,3158.2000,16273,-1,151598940.000,1,0,1,双平,S,3156.0000,3154.0000,3153.8000,3153.6000,3152.0000,3157.8000,3158.2000,3159.8000,3160.0000,3162.0000,1,1,1,1,1,4,1,4,1,1
SF,IH2012,2020-07-27 09:30:54.200,3156.0000,16272,-1,153492540.000,2,0,2,多平,S,3153.8000,3153.6000,3152.0000,3151.0000,3150.0000,3157.0000,3157.4000,3157.6000,3157.8000,3159.8000,1,1,1,1,1,1,1,3,4,4
SF,IH2012,2020-07-27 09:30:54.700,3156.0000,16272,0,153492540.000,0,-,-,-,-,3153.8000,3153.6000,3152.0000,3151.0000,3150.0000,3156.6000,3157.0000,3157.2000,3157.6000,3159.8000,1,1,1,1,1,5,1,1,2,4
SF,IH2012,2020-07-27 09:30:55.200,3156.0000,16272,0,153492540.000,0,-,-,-,-,3153.8000,3153.6000,3152.0000,3151.0000,3150.0000,3155.6000,3156.0000,3156.4000,3156.6000,3157.0000,1,1,1,1,1,2,1,1,5,1
SF,IH2012,2020-07-27 09:30:55.700,3155.8000,16271,-1,154439280.000,1,0,1,双平,S,3153.6000,3152.0000,3151.0000,3150.0000,3148.2000,3155.4000,3156.6000,3157.0000,3157.6000,3159.8000,1,1,1,1,1,1,5,1,2,4
SF,IH2012,2020-07-27 09:30:56.200,3153.6000,16272,1,155385360.000,1,1,0,双开,S,3152.0000,3151.0000,3150.0000,3148.2000,3145.0000,3157.6000,3159.8000,3160.0000,3162.0000,3162.2000,1,1,1,1,1,2,4,1,1,1
SF,IH2012,2020-07-27 09:30:56.700,3153.6000,16272,0,155385360.000,0,-,-,-,-,3152.4000,3152.2000,3152.0000,3151.0000,3150.0000,3157.0000,3157.6000,3159.8000,3160.0000,3162.0000,1,1,2,1,1,1,2,4,1,3
SF,IH2012,2020-07-27 09:30:57.200,3153.6000,16272,0,155385360.000,0,-,-,-,-,3152.6000,3152.4000,3152.0000,3151.0000,3150.0000,3154.8000,3156.8000,3157.6000,3159.8000,3160.0000,1,1,2,1,1,1,1,2,4,1
SF,IH2012,2020-07-27 09:30:57.700,3153.6000,16272,0,155385360.000,0,-,-,-,-,3152.6000,3152.0000,3151.0000,3150.0000,3148.2000,3156.8000,3157.6000,3159.8000,3160.0000,3162.0000,2,1,1,1,1,1,2,4,1,3
SF,IH2012,2020-07-27 09:30:58.200,3153.6000,16272,0,155385360.000,0,-,-,-,-,3152.6000,3152.0000,3151.0000,3150.0000,3148.2000,3154.8000,3156.8000,3157.6000,3159.8000,3160.0000,2,1,1,1,1,1,1,2,4,1
SF,IH2012,2020-07-27 09:30:58.700,3152.6000,16271,-1,156331140.000,1,0,1,双平,S,3152.0000,3151.0000,3150.0000,3148.2000,3145.0000,3152.6000,3156.8000,3157.6000,3159.8000,3160.0000,1,1,1,1,1,1,1,2,4,1
SF,IH2012,2020-07-27 09:30:59.200,3152.6000,16269,-2,158222700.000,2,0,2,双平,S,3152.0000,3151.0000,3150.0000,3148.2000,3145.0000,3156.8000,3157.6000,3159.8000,3160.0000,3162.0000,1,1,1,1,1,1,2,4,1,3
SF,IH2012,2020-07-27 09:30:59.700,3152.6000,16269,0,158222700.000,0,-,-,-,-,3152.0000,3151.0000,3150.0000,3148.2000,3145.0000,3155.6000,3156.4000,3156.6000,3156.8000,3157.6000,1,1,1,1,1,1,5,1,1,2
SF,IH2012,2020-07-27 09:31:00.200,3152.6000,16269,0,158222700.000,0,-,-,-,-,3152.0000,3151.0000,3150.0000,3148.2000,3145.0000,3154.8000,3155.2000,3155.4000,3155.6000,3156.8000,1,1,1,1,1,1,5,2,1,1
SF,IH2012,2020-07-27 09:31:00.700,3152.6000,16269,0,158222700.000,0,-,-,-,-,3152.0000,3151.0000,3150.0000,3148.2000,3145.0000,3154.4000,3154.6000,3155.2000,3155.4000,3155.6000,2,1,1,1,1,4,2,1,1,3
SF,IH2012,2020-07-27 09:31:01.200,3152.6000,16269,0,158222700.000,0,-,-,-,-,3152.0000,3151.0000,3150.0000,3148.2000,3145.0000,3154.2000,3155.4000,3155.6000,3156.8000,3157.6000,2,1,1,1,1,2,1,2,1,2
SF,IH2012,2020-07-27 09:31:01.700,3154.2000,16267,-2,160115220.000,2,0,2,双平,S,3152.0000,3151.0000,3150.0000,3148.2000,3145.0000,3155.4000,3155.6000,3156.8000,3157.6000,3160.0000,2,1,1,1,1,1,2,1,2,2
SF,IH2012,2020-07-27 09:31:02.200,3155.4000,16264,-3,162954960.000,3,0,3,双平,S,3152.2000,3152.0000,3151.0000,3150.0000,3148.2000,3156.8000,3160.0000,3162.0000,3162.2000,3162.6000,2,2,1,1,1,1,2,3,1,1
SF,IH2012,2020-07-27 09:31:02.700,3155.4000,16264,0,162954960.000,0,-,-,-,-,3152.2000,3152.0000,3151.0000,3150.0000,3148.2000,3156.4000,3160.0000,3162.0000,3162.2000,3162.6000,2,2,1,1,1,2,2,3,1,1
SF,IH2012,2020-07-27 09:31:03.200,3155.4000,16264,0,162954960.000,0,-,-,-,-,3152.6000,3152.4000,3152.2000,3152.0000,3151.0000,3155.6000,3160.0000,3162.0000,3162.2000,3162.6000,3,1,3,2,1,1,2,3,1,1
SF,IH2012,2020-07-27 09:31:03.700,3155.6000,16263,-1,163901640.000,1,0,1,双平,S,3152.8000,3152.6000,3152.4000,3152.2000,3152.0000,3160.0000,3162.0000,3162.2000,3162.6000,3162.8000,1,3,1,1,2,2,3,1,1,1
SF,IH2012,2020-07-27 09:31:04.200,3155.6000,16263,0,163901640.000,0,-,-,-,-,3153.6000,3153.2000,3153.0000,3152.8000,3152.0000,3159.2000,3159.6000,3159.8000,3160.0000,3162.0000,1,3,2,3,2,1,4,2,3,3
SF,IH2012,2020-07-27 09:31:04.700,3155.6000,16263,0,163901640.000,0,-,-,-,-,3154.0000,3153.8000,3153.6000,3153.0000,3152.8000,3154.4000,3155.2000,3159.0000,3159.2000,3159.6000,2,3,1,1,1,2,1,1,1,1
SF,IH2012,2020-07-27 09:31:05.200,3154.4000,16260,-3,166740600.000,3,0,3,双平,S,3154.4000,3153.8000,3153.6000,3152.0000,3151.0000,3155.2000,3159.0000,3159.2000,3159.6000,3159.8000,2,1,1,2,1,1,1,1,1,1
SF,IH2012,2020-07-27 09:31:05.700,3153.8000,16256,-4,170525520.000,4,0,4,双平,S,3152.0000,3151.0000,3150.8000,3150.0000,3148.2000,3154.2000,3154.4000,3155.2000,3159.0000,3159.6000,2,1,1,1,1,2,7,1,1,1
SF,IH2012,2020-07-27 09:31:06.200,3154.2000,16255,-1,171471780.000,1,0,1,双平,S,3152.2000,3152.0000,3151.0000,3150.8000,3150.0000,3154.2000,3154.4000,3155.2000,3159.0000,3159.6000,1,2,1,1,1,1,7,1,1,1
SF,IH2012,2020-07-27 09:31:07.700,3152.2000,16254,-1,172417440.000,1,0,1,双平,S,3152.0000,3151.0000,3150.8000,3150.0000,3148.2000,3154.2000,3154.4000,3155.2000,3157.8000,3159.0000,2,1,1,1,1,1,7,1,1,1
SF,IH2012,2020-07-27 09:31:08.200,3152.2000,16254,0,172417440.000,0,-,-,-,-,3152.0000,3151.0000,3150.8000,3150.0000,3148.2000,3154.0000,3154.2000,3154.4000,3155.2000,3156.2000,2,1,1,1,1,1,1,7,1,1
SF,IH2012,2020-07-27 09:31:10.200,3152.2000,16254,0,172417440.000,0,-,-,-,-,3152.0000,3151.0000,3150.8000,3150.0000,3148.2000,3154.0000,3154.2000,3154.4000,3155.2000,3156.2000,2,1,1,1,1,1,1,7,1,1
SF,IH2012,2020-07-27 09:31:10.700,3154.0000,16253,-1,173363640.000,1,0,1,双平,S,3154.0000,3152.0000,3151.0000,3150.8000,3150.0000,3154.4000,3155.2000,3156.2000,3157.8000,3159.6000,1,1,1,1,1,7,1,1,1,1
SF,IH2012,2020-07-27 09:31:11.200,3154.4000,16252,-1,176202480.000,3,1,2,多平,S,3152.0000,3151.0000,3150.8000,3150.0000,3148.2000,3154.4000,3155.2000,3156.2000,3157.8000,3159.6000,1,1,1,1,1,5,1,1,1,1
SF,IH2012,2020-07-27 09:31:11.700,3154.4000,16252,0,180934080.000,5,2,3,多换,S,3152.2000,3152.0000,3151.0000,3150.8000,3150.0000,3155.2000,3156.2000,3157.8000,3159.6000,3160.0000,5,1,1,1,1,1,1,1,1,3
SF,IH2012,2020-07-27 09:31:12.200,3154.4000,16252,0,180934080.000,0,-,-,-,-,3152.2000,3152.0000,3151.0000,3150.8000,3150.0000,3154.0000,3155.2000,3156.2000,3157.8000,3159.6000,5,1,1,1,1,1,1,1,1,1
SF,IH2012,2020-07-27 09:31:12.700,3154.0000,16251,-1,181880280.000,1,0,1,双平,S,3152.2000,3152.0000,3151.0000,3150.8000,3150.0000,3155.2000,3156.2000,3157.8000,3159.6000,3160.0000,4,1,1,1,1,1,1,1,1,3
SF,IH2012,2020-07-27 09:31:13.200,3154.0000,16251,0,181880280.000,0,-,-,-,-,3152.6000,3152.4000,3152.2000,3152.0000,3151.0000,3154.0000,3155.0000,3155.2000,3156.2000,3157.8000,2,1,1,1,1,1,1,1,1,1
SF,IH2012,2020-07-27 09:31:13.700,3154.0000,16251,0,181880280.000,0,-,-,-,-,3152.4000,3152.2000,3152.0000,3151.0000,3150.8000,3154.0000,3155.0000,3155.2000,3156.2000,3159.6000,1,1,1,1,1,1,1,1,1,1
SF,IH2012,2020-07-27 09:31:14.200,3150.8000,16248,-3,189445740.000,8,2,6,多平,S,3150.0000,3148.2000,3138.4000,3136.6000,3136.0000,3155.0000,3155.2000,3156.2000,3159.6000,3160.0000,1,1,2,1,1,1,1,1,1,3
SF,IH2012,2020-07-27 09:31:14.700,3150.8000,16248,0,189445740.000,0,-,-,-,-,3151.0000,3150.4000,3150.2000,3150.0000,3148.2000,3154.8000,3155.0000,3155.2000,3156.2000,3159.6000,1,2,2,2,1,1,1,1,1,1
SF,IH2012,2020-07-27 09:31:15.200,3150.8000,16248,0,189445740.000,0,-,-,-,-,3151.2000,3151.0000,3150.4000,3150.2000,3150.0000,3154.6000,3154.8000,3155.0000,3155.2000,3156.2000,1,1,2,1,1,1,1,1,1,1
SF,IH2012,2020-07-27 09:31:15.700,3150.8000,16248,0,189445740.000,0,-,-,-,-,3154.0000,3151.2000,3150.4000,3150.2000,3150.0000,3154.4000,3154.6000,3155.0000,3155.2000,3156.2000,1,1,2,1,1,1,1,1,1,1
SF,IH2012,2020-07-27 09:31:16.200,3154.2000,16246,-2,192284280.000,3,0,3,多平,S,3151.2000,3150.4000,3150.2000,3150.0000,3148.2000,3154.6000,3155.0000,3155.2000,3156.2000,3159.6000,1,2,1,1,1,1,1,1,1,1
SF,IH2012,2020-07-27 09:31:16.700,3154.2000,16246,0,192284280.000,0,-,-,-,-,3151.4000,3151.2000,3150.0000,3148.2000,3138.4000,3154.4000,3154.6000,3155.2000,3156.2000,3159.6000,1,1,1,1,2,1,1,1,1,1
SF,IH2012,2020-07-27 09:31:17.200,3154.2000,16246,0,192284280.000,0,-,-,-,-,3151.6000,3151.4000,3150.0000,3148.2000,3138.4000,3154.4000,3155.2000,3156.2000,3159.6000,3160.0000,4,1,1,1,2,1,1,1,1,3
SF,IH2012,2020-07-27 09:31:17.700,3154.2000,16246,0,192284280.000,0,-,-,-,-,3151.8000,3151.6000,3150.0000,3148.2000,3138.4000,3154.4000,3155.2000,3156.2000,3159.6000,3160.0000,1,2,1,1,2,1,1,1,1,3
SF,IH2012,2020-07-27 09:31:18.200,3154.2000,16246,0,192284280.000,0,-,-,-,-,3152.0000,3151.8000,3150.0000,3148.2000,3138.4000,3155.2000,3156.2000,3159.6000,3160.0000,3162.0000,2,1,1,1,2,1,1,1,3,2
SF,IH2012,2020-07-27 09:31:18.700,3155.2000,16245,-1,193230840.000,1,0,1,双平,S,3152.2000,3152.0000,3150.0000,3148.2000,3138.4000,3156.2000,3159.6000,3160.0000,3162.0000,3162.2000,3,2,1,1,2,1,1,3,2,1
SF,IH2012,2020-07-27 09:31:19.200,3152.4000,16245,0,194176560.000,1,0,1,多换,S,3152.4000,3152.2000,3150.0000,3148.2000,3138.4000,3156.0000,3156.2000,3159.6000,3160.0000,3162.0000,3,3,1,1,2,1,1,1,3,2
SF,IH2012,2020-07-27 09:31:19.700,3152.4000,16245,0,194176560.000,0,-,-,-,-,3152.6000,3152.4000,3150.0000,3148.2000,3138.4000,3156.0000,3156.2000,3159.6000,3160.0000,3162.0000,4,3,1,1,2,1,1,1,3,2
SF,IH2012,2020-07-27 09:31:20.200,3152.4000,16245,0,194176560.000,0,-,-,-,-,3152.8000,3152.6000,3152.4000,3150.0000,3148.2000,3156.0000,3156.2000,3159.6000,3160.0000,3162.0000,1,4,2,1,1,1,1,1,3,2
SF,IH2012,2020-07-27 09:31:20.700,3156.0000,16244,-1,195123360.000,1,0,1,双平,S,3153.0000,3152.8000,3152.4000,3150.0000,3148.2000,3156.2000,3159.6000,3160.0000,3162.0000,3162.2000,5,1,1,1,1,1,1,3,2,1
SF,IH2012,2020-07-27 09:31:21.200,3156.0000,16244,0,195123360.000,0,-,-,-,-,3153.2000,3153.0000,3152.4000,3150.0000,3148.2000,3156.0000,3159.6000,3160.0000,3162.0000,3162.2000,1,3,1,1,1,1,1,3,2,1
SF,IH2012,2020-07-27 09:31:21.700,3156.0000,16244,0,195123360.000,0,-,-,-,-,3153.4000,3153.2000,3153.0000,3152.4000,3150.0000,3159.6000,3160.0000,3162.0000,3162.2000,3162.8000,2,2,1,1,1,1,3,2,1,1
SF,IH2012,2020-07-27 09:31:22.200,3153.6000,16243,-1,196069440.000,1,0,1,双平,S,3153.6000,3153.4000,3153.2000,3153.0000,3150.0000,3157.0000,3159.2000,3159.4000,3159.6000,3160.0000,1,2,1,1,1,1,6,2,3,3
SF,IH2012,2020-07-27 09:31:22.700,3153.6000,16243,0,196069440.000,0,-,-,-,-,3153.4000,3153.2000,3153.0000,3150.0000,3148.2000,3156.6000,3156.8000,3157.0000,3157.8000,3158.4000,1,1,1,1,1,1,4,1,1,2
SF,IH2012,2020-07-27 09:31:23.200,3153.6000,16243,0,196069440.000,0,-,-,-,-,3153.2000,3153.0000,3150.0000,3148.2000,3136.6000,3156.2000,3156.4000,3156.6000,3157.8000,3158.4000,1,1,1,1,1,2,2,1,1,2
SF,IH2012,2020-07-27 09:31:23.700,3153.6000,16243,0,196069440.000,0,-,-,-,-,3153.2000,3153.0000,3150.0000,3148.2000,3136.6000,3155.8000,3156.0000,3156.2000,3159.2000,3159.6000,1,1,1,1,1,1,2,2,3,3
SF,IH2012,2020-07-27 09:31:24.200,3155.6000,16242,-1,197016120.000,1,0,1,双平,S,3153.4000,3153.2000,3153.0000,3150.0000,3148.2000,3159.2000,3159.6000,3160.0000,3162.0000,3162.2000,3,1,1,1,1,3,3,3,2,1
SF,IH2012,2020-07-27 09:31:24.700,3155.6000,16242,0,197016120.000,0,-,-,-,-,3153.4000,3153.2000,3153.0000,3151.0000,3150.0000,3158.8000,3159.0000,3159.2000,3159.6000,3160.0000,3,1,1,10,1,3,1,2,3,3
SF,IH2012,2020-07-27 09:31:25.200,3155.6000,16242,0,197016120.000,0,-,-,-,-,3153.4000,3153.2000,3153.0000,3151.0000,3150.0000,3158.6000,3158.8000,3159.2000,3159.6000,3160.0000,3,1,1,10,1,2,3,1,3,3
SF,IH2012,2020-07-27 09:31:25.700,3153.6000,16241,-1,197962200.000,1,0,1,双平,S,3153.6000,3153.4000,3153.2000,3153.0000,3151.0000,3158.2000,3158.6000,3158.8000,3159.2000,3159.6000,2,3,1,1,10,4,2,1,1,3
SF,IH2012,2020-07-27 09:31:26.200,3153.6000,16241,0,197962200.000,0,-,-,-,-,3155.6000,3153.8000,3153.6000,3153.4000,3153.2000,3158.2000,3158.6000,3158.8000,3159.2000,3159.6000,1,2,2,2,1,1,1,2,1,2
SF,IH2012,2020-07-27 09:31:26.700,3153.6000,16241,0,197962200.000,0,-,-,-,-,3155.8000,3155.6000,3153.8000,3153.6000,3153.4000,3158.0000,3158.2000,3158.6000,3158.8000,3159.2000,1,1,1,2,1,2,1,1,2,1
SF,IH2012,2020-07-27 09:31:27.200,3155.8000,16240,-1,198908940.000,1,0,1,双平,S,3155.0000,3153.8000,3153.6000,3153.4000,3153.2000,3157.6000,3158.0000,3158.6000,3158.8000,3159.2000,1,1,2,1,1,1,2,1,2,1
SF,IH2012,2020-07-27 09:31:27.700,3157.4000,16240,0,199856160.000,1,0,1,多换,S,3155.2000,3155.0000,3153.6000,3153.4000,3153.2000,3157.4000,3157.6000,3158.0000,3158.6000,3158.8000,2,1,2,1,1,1,1,1,1,2
SF,IH2012,2020-07-27 09:31:28.200,3157.4000,16240,0,200803380.000,1,0,1,多换,S,3155.2000,3155.0000,3153.6000,3153.4000,3153.2000,3157.6000,3158.0000,3158.6000,3158.8000,3160.0000,3,1,2,1,1,1,1,1,2,3
SF,IH2012,2020-07-27 09:31:28.700,3157.4000,16240,0,200803380.000,0,-,-,-,-,3155.6000,3155.2000,3155.0000,3153.6000,3153.4000,3157.6000,3158.0000,3158.6000,3158.8000,3160.0000,1,3,1,2,1,1,1,1,2,3
SF,IH2012,2020-07-27 09:31:29.200,3157.4000,16240,0,200803380.000,0,-,-,-,-,3155.6000,3155.2000,3155.0000,3153.4000,3153.2000,3157.6000,3158.0000,3158.6000,3158.8000,3160.0000,1,3,1,1,1,1,1,1,2,3
SF,IH2012,2020-07-27 09:31:29.700,3157.4000,16240,0,200803380.000,0,-,-,-,-,3155.8000,3155.6000,3155.2000,3155.0000,3153.4000,3157.6000,3158.0000,3158.6000,3158.8000,3160.0000,2,1,2,1,1,1,1,1,2,3
SF,IH2012,2020-07-27 09:31:30.200,3157.4000,16240,0,200803380.000,0,-,-,-,-,3155.8000,3155.6000,3155.2000,3155.0000,3153.4000,3157.0000,3157.6000,3158.0000,3158.6000,3158.8000,2,1,2,1,1,1,1,1,1,2
SF,IH2012,2020-07-27 09:31:30.700,3157.6000,16240,0,202697760.000,2,1,1,多换,S,3157.2000,3157.0000,3155.8000,3155.6000,3155.2000,3158.0000,3158.6000,3158.8000,3160.0000,3160.2000,2,2,1,1,1,1,1,2,3,1
SF,IH2012,2020-07-27 09:31:31.200,3158.0000,16237,-3,205539480.000,3,0,3,双平,S,3157.0000,3155.8000,3155.6000,3155.2000,3155.0000,3158.6000,3158.8000,3160.0000,3160.2000,3162.0000,3,1,1,2,1,1,2,3,1,2
SF,IH2012,2020-07-27 09:31:31.700,3158.0000,16237,0,205539480.000,0,-,-,-,-,3157.2000,3157.0000,3155.8000,3155.6000,3155.2000,3158.8000,3160.0000,3160.2000,3162.0000,3162.2000,1,4,1,1,2,2,3,1,2,1
SF,IH2012,2020-07-27 09:31:32.200,3158.8000,16235,-2,207434760.000,2,0,2,双平,S,3157.2000,3157.0000,3155.8000,3155.6000,3155.2000,3160.0000,3160.2000,3162.0000,3162.2000,3162.8000,1,4,1,1,2,3,1,2,1,1
SF,IH2012,2020-07-27 09:31:32.700,3157.4000,16234,-1,208381980.000,1,0,1,双平,S,3157.2000,3157.0000,3155.8000,3155.6000,3155.2000,3159.8000,3160.0000,3160.2000,3162.0000,3162.2000,1,4,1,1,2,1,3,1,2,1
SF,IH2012,2020-07-27 09:31:33.200,3157.4000,16234,0,208381980.000,0,-,-,-,-,3158.6000,3157.2000,3157.0000,3155.8000,3155.6000,3159.6000,3159.8000,3160.0000,3160.2000,3162.0000,1,1,4,1,1,1,1,3,1,2
SF,IH2012,2020-07-27 09:31:33.700,3158.2000,16234,0,209329440.000,1,0,1,多换,S,3157.2000,3157.0000,3155.8000,3155.6000,3155.2000,3157.4000,3158.6000,3159.2000,3159.6000,3160.0000,1,4,1,1,1,1,1,2,1,3
SF,IH2012,2020-07-27 09:31:34.200,3157.6000,16233,-1,210276720.000,1,0,1,双平,S,3158.8000,3157.6000,3157.4000,3157.0000,3155.8000,3159.6000,3160.0000,3160.2000,3162.0000,3162.2000,1,2,3,2,1,1,3,1,2,1
SF,IH2012,2020-07-27 09:31:34.700,3158.6000,16232,-1,211224300.000,1,0,1,双平,S,3157.4000,3157.0000,3155.8000,3155.6000,3155.2000,3158.2000,3159.2000,3159.6000,3160.0000,3160.2000,4,2,1,1,1,2,3,1,3,1
SF,IH2012,2020-07-27 09:31:35.200,3158.6000,16232,0,211224300.000,0,-,-,-,-,3157.4000,3157.0000,3155.8000,3155.6000,3155.2000,3159.2000,3159.6000,3160.0000,3160.2000,3160.4000,4,2,1,1,1,3,1,3,1,1
SF,IH2012,2020-07-27 09:31:35.700,3158.6000,16232,0,211224300.000,0,-,-,-,-,3157.6000,3157.4000,3157.0000,3155.8000,3155.6000,3159.2000,3159.6000,3160.0000,3160.2000,3160.4000,2,4,2,1,1,3,1,3,1,1
SF,IH2012,2020-07-27 09:31:36.200,3157.6000,16232,0,212171580.000,1,0,1,多换,S,3157.6000,3157.4000,3157.0000,3155.8000,3155.6000,3159.6000,3160.0000,3160.2000,3160.4000,3162.0000,1,5,2,1,1,1,3,1,1,2
SF,IH2012,2020-07-27 09:31:36.700,3157.6000,16232,0,212171580.000,0,-,-,-,-,3157.6000,3157.4000,3157.0000,3155.8000,3155.6000,3159.2000,3159.4000,3159.6000,3160.0000,3160.2000,1,5,2,1,1,3,1,1,3,1
SF,IH2012,2020-07-27 09:31:37.200,3157.4000,16226,-6,217854960.000,6,0,6,双平,S,3157.0000,3155.8000,3155.6000,3155.2000,3155.0000,3157.6000,3158.4000,3159.2000,3159.4000,3159.6000,2,1,1,1,2,1,1,3,1,1
SF,IH2012,2020-07-27 09:31:37.700,3158.4000,16221,-5,223539000.000,6,0,6,多平,S,3158.8000,3156.8000,3155.8000,3155.6000,3155.2000,3159.2000,3159.4000,3159.6000,3160.0000,3160.2000,6,1,1,1,1,3,2,1,3,1
SF,IH2012,2020-07-27 09:31:38.200,3158.8000,16215,-6,229224720.000,6,0,6,双平,S,3156.8000,3155.8000,3155.6000,3155.2000,3155.0000,3158.8000,3159.0000,3159.2000,3159.4000,3159.6000,1,1,1,1,2,5,4,4,1,1
SF,IH2012,2020-07-27 09:31:38.700,3156.8000,16214,-1,230171760.000,1,0,1,双平,S,3155.8000,3155.6000,3155.2000,3155.0000,3154.8000,3158.4000,3158.6000,3158.8000,3159.0000,3159.2000,1,1,1,2,1,3,1,2,1,1
SF,IH2012,2020-07-27 09:31:39.200,3156.8000,16214,0,230171760.000,0,-,-,-,-,3156.0000,3155.8000,3155.6000,3155.2000,3155.0000,3158.2000,3158.4000,3158.6000,3158.8000,3159.0000,1,1,1,1,2,1,3,1,2,1
SF,IH2012,2020-07-27 09:31:39.700,3157.8000,16213,-1,231119100.000,1,0,1,双平,S,3156.2000,3156.0000,3155.8000,3155.6000,3155.2000,3157.8000,3158.2000,3158.6000,3158.8000,3159.0000,2,2,1,1,1,1,1,1,2,1
SF,IH2012,2020-07-27 09:31:40.200,3159.0000,16208,-5,235856880.000,5,0,5,双平,S,3158.2000,3156.4000,3156.2000,3156.0000,3155.8000,3159.2000,3159.4000,3160.0000,3160.2000,3160.4000,1,1,2,1,1,1,1,3,1,1
SF,IH2012,2020-07-27 09:31:40.700,3159.0000,16207,-1,236804580.000,1,0,1,双平,S,3158.4000,3158.2000,3156.4000,3156.0000,3155.8000,3160.0000,3160.2000,3160.4000,3162.0000,3162.2000,1,1,1,1,1,3,1,1,2,1
SF,IH2012,2020-07-27 09:31:41.200,3158.4000,16207,0,237752100.000,1,0,1,多换,S,3158.2000,3156.4000,3156.0000,3155.8000,3155.6000,3160.0000,3160.2000,3160.4000,3162.0000,3162.2000,2,1,1,1,1,3,1,1,2,1
SF,IH2012,2020-07-27 09:31:41.700,3160.0000,16206,-1,238700100.000,1,0,1,双平,S,3158.4000,3158.2000,3156.4000,3156.0000,3155.8000,3160.0000,3160.2000,3160.4000,3162.0000,3162.2000,1,2,1,1,1,2,1,1,2,1
SF,IH2012,2020-07-27 09:31:42.200,3160.0000,16206,0,238700100.000,0,-,-,-,-,3158.4000,3158.2000,3156.4000,3156.0000,3155.8000,3159.8000,3160.0000,3160.2000,3160.4000,3162.0000,1,2,1,1,1,1,2,1,1,2
SF,IH2012,2020-07-27 09:31:42.700,3160.0000,16206,0,238700100.000,0,-,-,-,-,3158.2000,3156.4000,3156.0000,3155.8000,3155.6000,3159.6000,3159.8000,3160.0000,3160.2000,3160.4000,3,1,1,1,1,1,1,2,1,1
SF,IH2012,2020-07-27 09:31:43.200,3158.2000,16204,-2,240595020.000,2,0,2,双平,S,3158.2000,3156.4000,3156.0000,3155.8000,3155.6000,3159.6000,3159.8000,3160.0000,3160.2000,3160.4000,1,1,1,1,1,2,1,2,1,1
SF,IH2012,2020-07-27 09:31:43.700,3158.2000,16203,-1,242489940.000,2,0,2,多平,S,3156.4000,3156.0000,3155.8000,3155.6000,3155.2000,3159.6000,3159.8000,3160.0000,3160.2000,3160.4000,1,1,1,1,1,2,1,2,1,1
SF,IH2012,2020-07-27 09:31:44.200,3159.4000,16203,0,243437760.000,1,0,1,多换,S,3156.6000,3156.4000,3156.0000,3155.8000,3155.6000,3159.6000,3159.8000,3160.0000,3160.2000,3160.4000,2,1,1,1,1,2,1,2,1,1
SF,IH2012,2020-07-27 09:31:45.200,3159.4000,16203,0,243437760.000,0,-,-,-,-,3156.6000,3156.4000,3156.0000,3155.8000,3155.6000,3159.2000,3159.4000,3159.6000,3159.8000,3160.0000,2,1,1,1,1,1,1,2,1,2
SF,IH2012,2020-07-27 09:31:46.700,3159.4000,16203,0,243437760.000,0,-,-,-,-,3156.6000,3156.4000,3156.0000,3155.8000,3155.6000,3159.2000,3159.4000,3159.6000,3159.8000,3160.0000,2,1,1,1,1,1,1,2,1,2
SF,IH2012,2020-07-27 09:31:47.200,3159.4000,16203,0,244385580.000,1,0,1,多换,S,3156.6000,3156.4000,3156.0000,3155.8000,3155.6000,3159.2000,3159.4000,3159.6000,3159.8000,3160.0000,2,1,1,1,1,1,1,1,1,2
SF,IH2012,2020-07-27 09:31:47.700,3159.2000,16202,-1,245333340.000,1,0,1,双平,S,3156.6000,3156.4000,3156.0000,3155.8000,3155.6000,3159.4000,3159.6000,3160.0000,3160.2000,3160.4000,9,1,1,1,1,1,1,2,1,1
SF,IH2012,2020-07-27 09:31:48.200,3159.2000,16201,-1,246281100.000,1,0,1,双平,S,3156.8000,3156.6000,3156.4000,3155.6000,3155.0000,3159.4000,3159.6000,3160.0000,3160.2000,3160.4000,2,9,1,1,3,2,1,2,1,1
SF,IH2012,2020-07-27 09:31:48.700,3159.2000,16201,0,246281100.000,0,-,-,-,-,3157.0000,3156.8000,3156.6000,3156.4000,3155.6000,3159.4000,3159.6000,3160.0000,3160.2000,3160.4000,2,2,7,1,1,2,1,2,1,1
SF,IH2012,2020-07-27 09:31:49.200,3159.2000,16201,0,246281100.000,0,-,-,-,-,3159.2000,3157.0000,3156.6000,3156.4000,3155.6000,3159.4000,3159.6000,3160.0000,3160.2000,3160.4000,5,2,7,1,1,2,1,2,1,1
SF,IH2012,2020-07-27 09:31:49.700,3159.2000,16196,-5,251019900.000,5,0,5,双平,S,3157.0000,3156.6000,3155.6000,3155.0000,3154.8000,3159.0000,3159.4000,3159.6000,3160.0000,3160.2000,2,7,1,3,1,1,2,1,2,1
SF,IH2012,2020-07-27 09:31:50.200,3159.2000,16196,0,251019900.000,0,-,-,-,-,3157.0000,3156.6000,3155.6000,3155.0000,3154.8000,3159.0000,3159.2000,3159.4000,3160.0000,3160.2000,2,7,1,3,1,2,1,2,2,1
SF,IH2012,2020-07-27 09:31:50.700,3157.0000,16195,-1,251967000.000,1,0,1,双平,S,3157.0000,3156.6000,3155.6000,3155.0000,3154.8000,3159.0000,3159.2000,3159.4000,3160.0000,3160.2000,1,7,1,3,1,2,1,2,2,1
SF,IH2012,2020-07-27 09:31:51.200,3159.0000,16194,-1,253861800.000,2,0,2,多平,S,3156.6000,3155.6000,3155.0000,3154.8000,3153.6000,3159.0000,3159.2000,3159.4000,3160.0000,3160.2000,7,1,3,1,10,1,1,1,2,1
SF,IH2012,2020-07-27 09:31:51.700,3159.0000,16194,0,253861800.000,0,-,-,-,-,3156.6000,3155.0000,3154.8000,3153.6000,3152.0000,3158.6000,3158.8000,3159.0000,3159.2000,3159.4000,7,3,1,10,2,4,5,3,1,1
SF,IH2012,2020-07-27 09:31:52.200,3159.0000,16194,0,253861800.000,0,-,-,-,-,3156.6000,3155.0000,3154.8000,3153.6000,3152.0000,3158.8000,3159.0000,3159.4000,3160.0000,3160.2000,7,3,1,10,2,5,3,1,2,1
SF,IH2012,2020-07-27 09:31:52.700,3156.6000,16190,-4,257649720.000,4,0,4,双平,S,3155.0000,3154.8000,3153.6000,3152.0000,3151.0000,3157.4000,3157.8000,3158.2000,3158.4000,3158.8000,3,1,10,2,10,1,2,2,7,5
SF,IH2012,2020-07-27 09:31:53.200,3157.0000,16189,-1,258596820.000,1,0,1,双平,S,3155.0000,3154.8000,3153.6000,3152.0000,3151.0000,3157.0000,3157.2000,3157.4000,3158.4000,3158.8000,6,1,10,2,10,3,2,1,1,3
SF,IH2012,2020-07-27 09:31:53.700,3157.0000,16189,0,258596820.000,0,-,-,-,-,3155.0000,3154.8000,3153.6000,3152.0000,3151.0000,3156.4000,3156.8000,3157.0000,3157.2000,3157.4000,6,1,10,2,10,1,1,3,1,1
SF,IH2012,2020-07-27 09:31:54.200,3157.0000,16189,0,258596820.000,0,-,-,-,-,3155.0000,3154.8000,3153.6000,3152.0000,3151.0000,3156.4000,3157.2000,3158.4000,3158.8000,3159.0000,6,1,10,2,10,3,1,1,2,2
SF,IH2012,2020-07-27 09:31:54.700,3155.0000,16189,0,260489820.000,2,1,1,多换,S,3155.0000,3154.8000,3153.6000,3152.0000,3151.0000,3156.4000,3157.0000,3157.2000,3158.4000,3158.8000,4,1,10,2,10,2,1,1,1,2
SF,IH2012,2020-07-27 09:31:55.200,3155.0000,16188,-1,262382820.000,2,0,2,多平,S,3155.0000,3154.8000,3153.6000,3152.0000,3151.0000,3155.6000,3156.4000,3157.0000,3157.2000,3158.4000,2,1,10,2,10,1,2,1,1,1
SF,IH2012,2020-07-27 09:31:55.700,3155.0000,16186,-2,264275820.000,2,0,2,双平,S,3154.8000,3153.6000,3152.0000,3151.0000,3145.0000,3156.4000,3157.2000,3158.4000,3158.8000,3159.0000,1,10,2,10,1,2,1,1,2,1
SF,IH2012,2020-07-27 09:31:56.200,3155.0000,16186,0,264275820.000,0,-,-,-,-,3155.0000,3154.8000,3153.6000,3152.0000,3151.0000,3156.4000,3157.2000,3158.4000,3158.8000,3159.0000,1,1,10,2,10,3,1,1,2,1
SF,IH2012,2020-07-27 09:31:56.700,3155.0000,16186,0,264275820.000,0,-,-,-,-,3155.0000,3154.8000,3153.6000,3152.0000,3151.0000,3156.4000,3157.2000,3158.4000,3158.8000,3159.0000,1,1,10,2,10,3,1,1,2,1
SF,IH2012,2020-07-27 09:31:57.200,3154.8000,16185,-1,266168760.000,2,0,2,多平,S,3153.6000,3152.0000,3151.0000,3145.0000,3136.6000,3155.8000,3156.4000,3157.2000,3158.4000,3158.8000,10,2,10,1,1,1,3,1,1,2
SF,IH2012,2020-07-27 09:31:57.700,3154.8000,16185,0,266168760.000,0,-,-,-,-,3153.8000,3153.6000,3152.0000,3151.0000,3145.0000,3154.8000,3155.8000,3156.4000,3157.2000,3158.4000,1,10,2,10,1,1,1,2,2,1
SF,IH2012,2020-07-27 09:31:58.200,3154.8000,16184,-1,267115200.000,1,0,1,双平,S,3153.8000,3153.6000,3152.0000,3151.0000,3145.0000,3154.8000,3155.6000,3156.4000,3157.2000,3158.4000,2,10,2,10,1,1,1,1,2,1
SF,IH2012,2020-07-27 09:31:58.700,3154.8000,16182,-2,269007780.000,2,0,2,双平,S,3153.8000,3153.6000,3152.0000,3151.0000,3145.0000,3155.6000,3156.4000,3157.2000,3158.4000,3159.0000,1,10,2,10,1,1,1,2,1,1
SF,IH2012,2020-07-27 09:31:59.200,3156.4000,16180,-2,270901380.000,2,0,2,双平,S,3154.0000,3153.8000,3153.6000,3152.0000,3151.0000,3157.2000,3158.4000,3159.0000,3159.4000,3160.0000,1,1,10,2,10,1,1,1,1,2
SF,IH2012,2020-07-27 09:31:59.700,3154.8000,16179,-1,271847820.000,1,0,1,双平,S,3154.0000,3153.8000,3153.6000,3152.0000,3151.0000,3157.0000,3157.2000,3157.6000,3158.0000,3158.4000,1,1,10,2,10,2,2,1,1,1
SF,IH2012,2020-07-27 09:32:00.200,3157.0000,16177,-2,273741960.000,2,0,2,双平,S,3154.4000,3154.2000,3154.0000,3153.8000,3153.6000,3157.2000,3157.6000,3158.0000,3158.4000,3159.0000,1,2,1,1,10,1,1,1,1,1
SF,IH2012,2020-07-27 09:32:00.700,3157.0000,16177,0,273741960.000,0,-,-,-,-,3154.8000,3154.6000,3154.4000,3154.2000,3153.8000,3157.0000,3157.2000,3157.6000,3158.0000,3158.4000,1,2,1,1,1,1,1,1,1,1
SF,IH2012,2020-07-27 09:32:01.200,3155.0000,16176,-1,276582720.000,3,1,2,多平,S,3154.8000,3154.6000,3154.4000,3154.2000,3153.8000,3157.6000,3158.0000,3158.4000,3159.0000,3160.0000,1,1,1,1,1,1,1,1,1,2
SF,IH2012,2020-07-27 09:32:01.700,3155.0000,16176,0,276582720.000,0,-,-,-,-,3155.0000,3154.8000,3154.4000,3154.2000,3153.8000,3157.6000,3158.0000,3159.0000,3160.0000,3160.2000,4,1,1,1,1,2,1,1,2,1
SF,IH2012,2020-07-27 09:32:02.200,3155.0000,16176,0,276582720.000,0,-,-,-,-,3155.4000,3155.0000,3154.8000,3154.2000,3153.8000,3157.6000,3158.0000,3159.0000,3160.0000,3160.2000,1,4,1,1,1,1,1,1,2,1
SF,IH2012,2020-07-27 09:32:02.700,3157.6000,16175,-1,277530000.000,1,0,1,双平,S,3155.8000,3155.6000,3155.0000,3154.8000,3154.2000,3158.0000,3159.0000,3160.0000,3160.2000,3160.4000,2,1,2,1,1,1,1,2,1,1
SF,IH2012,2020-07-27 09:32:03.200,3158.0000,16174,-1,278477400.000,1,0,1,双平,S,3156.2000,3156.0000,3155.0000,3154.8000,3154.2000,3159.0000,3160.0000,3160.2000,3160.4000,3162.0000,2,1,2,1,1,1,2,1,1,2
SF,IH2012,2020-07-27 09:32:03.700,3158.0000,16174,0,278477400.000,0,-,-,-,-,3156.4000,3156.2000,3155.0000,3154.8000,3153.6000,3158.8000,3159.0000,3160.0000,3160.2000,3160.4000,2,2,1,1,10,1,2,2,1,1
SF,IH2012,2020-07-27 09:32:04.200,3158.0000,16174,0,278477400.000,0,-,-,-,-,3156.4000,3156.2000,3154.8000,3153.6000,3152.0000,3158.8000,3159.0000,3160.0000,3160.2000,3160.4000,2,2,1,10,2,1,2,2,1,1
SF,IH2012,2020-07-27 09:32:04.700,3158.0000,16174,0,278477400.000,0,-,-,-,-,3156.4000,3156.2000,3154.8000,3153.6000,3152.0000,3158.8000,3159.0000,3160.0000,3160.2000,3160.4000,2,1,1,10,2,1,2,2,1,1
SF,IH2012,2020-07-27 09:32:05.200,3156.2000,16172,-2,280371180.000,2,0,2,双平,S,3154.8000,3153.6000,3152.0000,3151.0000,3145.0000,3158.6000,3158.8000,3159.0000,3160.0000,3160.2000,1,10,2,10,1,1,1,2,2,1
SF,IH2012,2020-07-27 09:32:05.700,3156.2000,16172,0,280371180.000,0,-,-,-,-,3155.0000,3154.8000,3153.6000,3152.0000,3151.0000,3156.4000,3158.2000,3158.4000,3158.6000,3159.0000,1,1,10,2,10,1,1,6,1,2
SF,IH2012,2020-07-27 09:32:06.200,3155.0000,16171,-1,281317680.000,1,0,1,双平,S,3154.8000,3153.6000,3152.0000,3151.0000,3145.0000,3156.4000,3158.4000,3158.6000,3159.0000,3160.0000,1,10,2,10,1,1,3,1,3,2
SF,IH2012,2020-07-27 09:32:07.700,3156.4000,16170,-1,282264600.000,1,0,1,双平,S,3156.4000,3155.0000,3154.8000,3153.6000,3152.0000,3158.4000,3158.6000,3159.0000,3160.0000,3160.2000,1,1,1,10,2,3,1,3,2,1
SF,IH2012,2020-07-27 09:32:08.200,3156.4000,16170,0,283211520.000,1,0,1,多换,S,3155.0000,3154.8000,3153.6000,3152.0000,3151.0000,3156.4000,3156.8000,3157.8000,3158.0000,3158.2000,1,1,10,2,10,1,1,2,3,6
SF,IH2012,2020-07-27 09:32:08.700,3155.0000,16169,-1,284158020.000,1,0,1,双平,S,3154.8000,3153.6000,3152.0000,3151.0000,3145.0000,3156.4000,3157.8000,3158.0000,3158.2000,3158.4000,1,10,2,10,1,1,2,5,5,3
SF,IH2012,2020-07-27 09:32:09.200,3155.0000,16169,0,284158020.000,0,-,-,-,-,3154.8000,3153.6000,3152.0000,3151.0000,3145.0000,3156.2000,3156.4000,3157.8000,3158.0000,3158.2000,1,10,2,10,1,1,1,1,5,5
SF,IH2012,2020-07-27 09:32:09.700,3155.0000,16169,0,284158020.000,0,-,-,-,-,3154.8000,3153.6000,3152.0000,3151.0000,3145.0000,3156.2000,3156.4000,3157.8000,3158.0000,3158.2000,1,10,2,10,1,1,1,1,3,4
SF,IH2012,2020-07-27 09:32:10.200,3156.2000,16168,-1,285104880.000,1,0,1,双平,S,3154.8000,3153.6000,3152.0000,3151.0000,3145.0000,3156.4000,3157.8000,3158.0000,3158.2000,3158.4000,1,10,2,10,1,2,1,3,4,3
SF,IH2012,2020-07-27 09:32:10.700,3156.4000,16167,-1,286998720.000,2,0,2,多平,S,3154.8000,3153.6000,3152.0000,3151.0000,3145.0000,3157.8000,3158.0000,3158.2000,3158.4000,3158.6000,1,10,2,10,1,1,3,4,2,1
SF,IH2012,2020-07-27 09:32:11.200,3156.4000,16167,0,286998720.000,0,-,-,-,-,3155.0000,3154.8000,3153.6000,3152.0000,3151.0000,3159.0000,3160.0000,3160.2000,3160.4000,3162.0000,2,1,10,2,10,2,2,1,1,2
SF,IH2012,2020-07-27 09:32:11.700,3156.4000,16167,0,286998720.000,0,-,-,-,-,3155.2000,3155.0000,3154.8000,3153.6000,3152.0000,3158.6000,3158.8000,3159.0000,3160.0000,3160.2000,2,2,1,10,2,3,1,2,2,1
SF,IH2012,2020-07-27 09:32:12.200,3156.4000,16167,0,286998720.000,0,-,-,-,-,3155.4000,3155.2000,3154.8000,3153.6000,3152.0000,3159.0000,3160.0000,3160.2000,3160.4000,3162.0000,2,2,1,10,2,2,2,1,1,2
SF,IH2012,2020-07-27 09:32:12.700,3156.4000,16167,0,286998720.000,0,-,-,-,-,3155.6000,3155.4000,3155.2000,3154.8000,3153.6000,3159.0000,3160.0000,3160.2000,3160.4000,3162.0000,1,2,2,1,10,2,2,1,1,2
SF,IH2012,2020-07-27 09:32:13.200,3156.4000,16167,0,286998720.000,0,-,-,-,-,3156.0000,3155.8000,3154.8000,3153.6000,3152.0000,3159.0000,3160.0000,3160.2000,3160.4000,3162.0000,1,2,1,10,2,2,2,1,1,2
SF,IH2012,2020-07-27 09:32:13.700,3156.4000,16167,0,286998720.000,0,-,-,-,-,3156.2000,3154.8000,3153.6000,3152.0000,3151.0000,3158.0000,3158.8000,3159.0000,3160.0000,3160.2000,2,1,10,2,10,1,2,2,2,1
SF,IH2012,2020-07-27 09:32:14.200,3156.4000,16167,0,286998720.000,0,-,-,-,-,3156.2000,3154.8000,3153.6000,3152.0000,3151.0000,3158.0000,3158.8000,3159.0000,3160.0000,3160.2000,1,1,10,2,10,1,3,2,3,1
SF,IH2012,2020-07-27 09:32:14.700,3156.4000,16167,0,286998720.000,0,-,-,-,-,3154.8000,3153.6000,3152.0000,3151.0000,3145.0000,3156.8000,3157.2000,3157.6000,3157.8000,3158.0000,1,10,2,10,1,1,1,3,2,1
SF,IH2012,2020-07-27 09:32:15.200,3156.4000,16167,0,286998720.000,0,-,-,-,-,3154.8000,3153.6000,3152.0000,3151.0000,3145.0000,3157.6000,3157.8000,3158.0000,3158.8000,3159.0000,1,10,2,10,1,3,1,1,2,2
SF,IH2012,2020-07-27 09:32:15.700,3156.4000,16167,0,286998720.000,0,-,-,-,-,3155.0000,3154.8000,3153.6000,3152.0000,3151.0000,3156.6000,3157.4000,3157.8000,3158.0000,3158.8000,1,1,10,2,10,1,3,1,1,2
SF,IH2012,2020-07-27 09:32:16.200,3156.4000,16167,0,286998720.000,0,-,-,-,-,3155.0000,3154.8000,3153.6000,3152.0000,3151.0000,3157.4000,3158.0000,3158.8000,3159.0000,3160.0000,1,1,10,2,10,3,1,2,2,3
SF,IH2012,2020-07-27 09:32:16.700,3155.0000,16166,-1,287945220.000,1,0,1,双平,S,3154.8000,3153.6000,3152.0000,3151.0000,3145.0000,3157.4000,3158.0000,3158.8000,3159.0000,3160.0000,1,10,2,10,1,3,1,2,2,3
SF,IH2012,2020-07-27 09:32:17.200,3155.0000,16166,0,287945220.000,0,-,-,-,-,3155.0000,3154.8000,3153.6000,3152.0000,3151.0000,3157.4000,3158.0000,3158.8000,3159.0000,3160.0000,1,1,10,2,10,3,1,2,2,3
SF,IH2012,2020-07-27 09:32:17.700,3155.0000,16166,0,287945220.000,0,-,-,-,-,3155.0000,3154.8000,3153.6000,3152.0000,3151.0000,3157.2000,3157.4000,3158.0000,3158.8000,3159.0000,1,1,10,2,10,1,3,1,2,2
SF,IH2012,2020-07-27 09:32:18.200,3155.0000,16166,0,287945220.000,0,-,-,-,-,3155.0000,3154.8000,3153.6000,3152.0000,3151.0000,3157.2000,3157.4000,3158.0000,3158.8000,3159.0000,1,1,10,2,10,1,2,1,2,2
SF,IH2012,2020-07-27 09:32:18.700,3155.0000,16166,0,287945220.000,0,-,-,-,-,3155.4000,3155.0000,3154.8000,3153.6000,3152.0000,3157.4000,3158.0000,3158.8000,3159.0000,3160.0000,1,1,1,10,2,2,1,2,2,3
SF,IH2012,2020-07-27 09:32:19.700,3155.0000,16166,0,287945220.000,0,-,-,-,-,3155.4000,3155.0000,3154.8000,3153.6000,3152.0000,3157.4000,3158.0000,3158.8000,3159.0000,3159.4000,1,1,1,10,2,2,1,2,2,1
SF,IH2012,2020-07-27 09:32:20.200,3155.0000,16166,0,287945220.000,0,-,-,-,-,3155.4000,3155.0000,3154.8000,3153.6000,3152.0000,3157.4000,3158.0000,3158.8000,3159.0000,3159.4000,1,1,1,10,2,2,1,1,2,1
SF,IH2012,2020-07-27 09:32:21.700,3155.0000,16166,0,287945220.000,0,-,-,-,-,3155.4000,3155.0000,3154.8000,3153.6000,3152.0000,3157.4000,3158.0000,3158.6000,3158.8000,3159.0000,1,1,1,10,2,2,1,1,1,2
SF,IH2012,2020-07-27 09:32:22.200,3155.0000,16166,0,287945220.000,0,-,-,-,-,3155.6000,3155.4000,3154.8000,3153.6000,3152.0000,3157.4000,3158.0000,3158.6000,3158.8000,3159.0000,1,1,1,10,2,2,1,1,1,2
SF,IH2012,2020-07-27 09:32:23.200,3155.0000,16166,0,287945220.000,0,-,-,-,-,3155.6000,3155.4000,3154.8000,3153.6000,3152.0000,3157.2000,3157.4000,3158.0000,3158.6000,3158.8000,1,1,1,10,2,1,2,1,1,1
SF,IH2012,2020-07-27 09:32:23.700,3155.0000,16166,0,287945220.000,0,-,-,-,-,3155.6000,3155.4000,3154.8000,3153.6000,3152.0000,3157.0000,3157.2000,3157.4000,3158.0000,3158.6000,1,1,1,10,2,1,1,2,1,1
SF,IH2012,2020-07-27 09:32:24.700,3155.0000,16166,0,287945220.000,0,-,-,-,-,3155.6000,3154.8000,3153.6000,3152.0000,3151.0000,3157.0000,3157.2000,3157.4000,3158.0000,3158.6000,1,1,10,2,10,1,1,2,1,1
SF,IH2012,2020-07-27 09:32:25.200,3155.0000,16166,0,287945220.000,0,-,-,-,-,3154.8000,3153.6000,3152.0000,3151.0000,3145.0000,3157.0000,3157.2000,3157.4000,3158.0000,3158.6000,1,10,2,10,1,1,1,2,1,1
SF,IH2012,2020-07-27 09:32:25.700,3155.0000,16166,0,287945220.000,0,-,-,-,-,3154.8000,3153.6000,3152.0000,3151.0000,3145.0000,3157.0000,3157.4000,3158.0000,3158.6000,3158.8000,1,10,2,10,1,1,2,1,1,1
SF,IH2012,2020-07-27 09:32:26.200,3155.0000,16166,0,287945220.000,0,-,-,-,-,3155.0000,3154.8000,3153.6000,3152.0000,3151.0000,3157.0000,3157.4000,3158.0000,3158.6000,3158.8000,1,1,10,2,10,1,2,2,1,1
SF,IH2012,2020-07-27 09:32:26.700,3155.0000,16166,0,287945220.000,0,-,-,-,-,3155.0000,3154.8000,3153.6000,3152.0000,3151.0000,3156.8000,3157.0000,3157.4000,3158.0000,3158.6000,1,1,10,2,10,1,1,2,2,1
SF,IH2012,2020-07-27 09:32:27.700,3155.0000,16165,-1,288891720.000,1,0,1,双平,S,3154.8000,3153.6000,3152.0000,3151.0000,3145.0000,3156.8000,3157.0000,3157.4000,3158.0000,3158.6000,1,10,2,10,1,1,1,2,2,1
SF,IH2012,2020-07-27 09:32:28.200,3155.0000,16165,0,288891720.000,0,-,-,-,-,3154.8000,3153.6000,3152.0000,3151.0000,3145.0000,3156.0000,3156.6000,3156.8000,3157.0000,3157.4000,1,10,2,10,1,1,1,1,1,2
SF,IH2012,2020-07-27 09:32:28.700,3154.8000,16165,0,289838160.000,1,0,1,多换,S,3153.6000,3152.0000,3151.0000,3145.0000,3136.0000,3156.0000,3156.6000,3156.8000,3157.0000,3157.4000,10,2,10,1,1,1,1,1,1,2
SF,IH2012,2020-07-27 09:32:29.200,3154.8000,16165,0,289838160.000,0,-,-,-,-,3153.6000,3152.0000,3151.0000,3145.0000,3136.0000,3155.0000,3155.8000,3156.8000,3157.0000,3157.4000,10,2,10,1,1,1,2,1,1,2
SF,IH2012,2020-07-27 09:32:29.700,3154.8000,16165,0,289838160.000,0,-,-,-,-,3153.6000,3152.0000,3151.0000,3145.0000,3136.0000,3155.0000,3155.8000,3156.8000,3157.0000,3157.4000,10,2,10,1,1,1,2,1,1,2
SF,IH2012,2020-07-27 09:32:30.200,3155.0000,16165,0,290784660.000,1,0,1,多换,S,3153.6000,3152.0000,3151.0000,3145.0000,3136.0000,3155.6000,3155.8000,3156.8000,3157.0000,3158.0000,10,2,10,1,1,1,2,1,1,2
SF,IH2012,2020-07-27 09:32:30.700,3155.6000,16165,0,291731340.000,1,0,1,多换,S,3153.6000,3152.0000,3151.0000,3145.0000,3136.0000,3155.8000,3157.0000,3158.0000,3158.6000,3159.0000,10,2,10,1,1,2,1,2,1,2
SF,IH2012,2020-07-27 09:32:31.200,3155.6000,16165,0,291731340.000,0,-,-,-,-,3154.0000,3153.8000,3153.6000,3152.0000,3151.0000,3155.8000,3157.0000,3158.0000,3158.6000,3159.0000,1,4,10,2,10,2,1,2,1,2
SF,IH2012,2020-07-27 09:32:31.700,3155.6000,16165,0,291731340.000,0,-,-,-,-,3154.2000,3153.8000,3153.6000,3152.0000,3151.0000,3157.0000,3158.0000,3158.6000,3159.0000,3159.4000,2,2,10,2,10,1,2,1,2,1
SF,IH2012,2020-07-27 09:32:32.200,3155.6000,16165,0,291731340.000,0,-,-,-,-,3154.4000,3154.2000,3153.8000,3153.6000,3152.0000,3156.8000,3157.0000,3158.0000,3158.6000,3159.0000,1,2,2,10,2,1,1,2,1,2
SF,IH2012,2020-07-27 09:32:32.700,3155.6000,16165,0,291731340.000,0,-,-,-,-,3154.4000,3153.6000,3152.0000,3151.0000,3145.0000,3156.6000,3156.8000,3157.0000,3158.0000,3158.6000,1,10,2,10,1,1,1,1,2,1
SF,IH2012,2020-07-27 09:32:33.200,3155.6000,16166,1,292678020.000,1,1,0,双开,S,3153.6000,3152.0000,3151.0000,3145.0000,3136.0000,3156.2000,3156.4000,3156.6000,3157.0000,3158.0000,10,2,10,1,1,2,1,1,1,2
SF,IH2012,2020-07-27 09:32:33.700,3155.6000,16166,0,292678020.000,0,-,-,-,-,3153.8000,3153.6000,3152.0000,3151.0000,3145.0000,3155.6000,3156.0000,3156.6000,3157.0000,3158.0000,2,10,2,10,1,1,2,1,1,2
SF,IH2012,2020-07-27 09:32:34.200,3156.6000,16164,-2,295518600.000,3,0,3,多平,S,3154.0000,3153.8000,3153.6000,3152.0000,3151.0000,3157.0000,3158.0000,3158.6000,3159.0000,3159.4000,1,1,10,2,10,1,2,1,2,1
SF,IH2012,2020-07-27 09:32:34.700,3156.6000,16164,0,295518600.000,0,-,-,-,-,3154.2000,3153.8000,3153.6000,3152.0000,3151.0000,3156.8000,3157.0000,3158.0000,3158.6000,3159.0000,1,1,10,2,10,2,1,2,1,2
SF,IH2012,2020-07-27 09:32:35.200,3156.6000,16164,0,295518600.000,0,-,-,-,-,3154.2000,3153.6000,3152.0000,3151.0000,3140.0000,3156.0000,3156.4000,3156.8000,3157.0000,3158.0000,1,10,2,10,1,1,1,2,1,2
SF,IH2012,2020-07-27 09:32:35.700,3156.6000,16164,0,295518600.000,0,-,-,-,-,3153.6000,3152.0000,3151.0000,3140.0000,3136.0000,3155.8000,3156.0000,3156.4000,3156.8000,3157.0000,10,2,10,1,1,3,1,1,1,1
SF,IH2012,2020-07-27 09:32:36.200,3153.6000,16158,-6,301195080.000,6,0,6,双平,S,3153.6000,3152.0000,3151.0000,3140.0000,3136.0000,3155.0000,3155.4000,3155.6000,3155.8000,3156.0000,4,2,10,1,1,2,1,1,3,1
SF,IH2012,2020-07-27 09:32:36.700,3153.6000,16154,-4,304979400.000,4,0,4,双平,S,3152.0000,3151.0000,3140.0000,3136.0000,3135.0000,3153.6000,3154.8000,3155.0000,3155.2000,3155.6000,2,10,1,1,1,1,1,1,1,4
SF,IH2012,2020-07-27 09:32:37.200,3153.6000,16154,0,304979400.000,0,-,-,-,-,3152.2000,3152.0000,3151.0000,3140.0000,3136.0000,3154.8000,3155.0000,3155.6000,3155.8000,3156.0000,1,2,10,1,1,1,1,1,2,1
SF,IH2012,2020-07-27 09:32:37.700,3152.0000,16154,0,308761920.000,4,2,2,多换,S,3151.0000,3140.0000,3136.0000,3135.0000,3134.0000,3152.8000,3153.4000,3154.0000,3154.4000,3154.6000,10,1,1,1,1,2,3,1,4,3
SF,IH2012,2020-07-27 09:32:38.200,3152.0000,16154,0,308761920.000,0,-,-,-,-,3151.0000,3140.0000,3136.0000,3135.0000,3134.0000,3152.6000,3154.4000,3154.6000,3154.8000,3155.0000,10,1,1,1,1,1,3,1,1,2
SF,IH2012,2020-07-27 09:32:38.700,3152.4000,16153,-1,310653360.000,2,0,2,多平,S,3151.0000,3140.0000,3136.0000,3135.0000,3134.0000,3152.6000,3154.4000,3154.6000,3154.8000,3155.0000,10,1,1,1,1,1,3,1,1,2
SF,IH2012,2020-07-27 09:32:39.200,3152.4000,16153,0,310653360.000,0,-,-,-,-,3151.0000,3140.0000,3136.0000,3135.0000,3134.0000,3152.0000,3152.6000,3154.4000,3154.6000,3154.8000,10,1,1,1,1,1,1,3,1,1
SF,IH2012,2020-07-27 09:32:39.700,3152.6000,16152,-1,312544800.000,2,0,2,多平,S,3152.0000,3151.0000,3140.0000,3136.0000,3135.0000,3154.4000,3154.6000,3154.8000,3155.0000,3155.6000,1,11,1,1,1,3,1,1,2,1
SF,IH2012,2020-07-27 09:32:40.200,3152.6000,16152,0,312544800.000,0,-,-,-,-,3152.2000,3151.0000,3140.0000,3136.0000,3135.0000,3154.2000,3154.4000,3154.8000,3155.0000,3155.6000,1,10,1,1,1,2,3,1,2,1
SF,IH2012,2020-07-27 09:32:40.700,3152.6000,16152,0,312544800.000,0,-,-,-,-,3152.2000,3151.0000,3140.0000,3136.0000,3135.0000,3154.2000,3154.8000,3155.0000,3155.6000,3155.8000,1,10,1,1,1,2,1,2,1,1
SF,IH2012,2020-07-27 09:32:41.200,3152.2000,16151,-1,313490460.000,1,0,1,双平,S,3151.0000,3140.0000,3136.0000,3135.0000,3134.0000,3154.2000,3154.8000,3155.0000,3155.6000,3155.8000,10,1,1,1,1,2,1,2,1,1
SF,IH2012,2020-07-27 09:32:41.700,3152.2000,16151,0,313490460.000,0,-,-,-,-,3151.4000,3151.2000,3151.0000,3140.0000,3136.0000,3154.0000,3154.2000,3154.8000,3155.0000,3155.6000,3,1,11,1,1,1,2,1,2,1
SF,IH2012,2020-07-27 09:32:42.200,3152.2000,16151,0,313490460.000,0,-,-,-,-,3151.6000,3151.4000,3151.0000,3140.0000,3136.0000,3153.8000,3154.0000,3154.2000,3154.8000,3155.0000,1,1,10,1,1,1,1,1,1,2
SF,IH2012,2020-07-27 09:32:42.700,3152.2000,16151,0,313490460.000,0,-,-,-,-,3151.0000,3140.0000,3136.0000,3135.0000,3134.0000,3153.0000,3153.8000,3154.0000,3154.2000,3154.8000,10,1,1,1,1,2,1,1,1,1
SF,IH2012,2020-07-27 09:32:43.200,3154.0000,16147,-4,317274600.000,4,0,4,双平,S,3151.2000,3151.0000,3140.0000,3136.0000,3135.0000,3154.2000,3154.8000,3155.0000,3155.6000,3155.8000,1,10,1,1,1,1,1,2,1,1
SF,IH2012,2020-07-27 09:32:43.700,3154.0000,16147,0,317274600.000,0,-,-,-,-,3151.4000,3151.2000,3151.0000,3140.0000,3136.0000,3154.0000,3154.2000,3154.8000,3155.0000,3155.6000,2,1,10,1,1,1,1,1,2,1
SF,IH2012,2020-07-27 09:32:44.200,3154.0000,16147,0,317274600.000,0,-,-,-,-,3151.6000,3151.4000,3151.0000,3140.0000,3136.0000,3154.2000,3154.8000,3155.0000,3155.6000,3155.8000,2,2,10,1,1,1,1,2,1,1
SF,IH2012,2020-07-27 09:32:44.700,3154.0000,16147,0,317274600.000,0,-,-,-,-,3152.0000,3151.8000,3151.6000,3151.0000,3140.0000,3154.2000,3154.8000,3155.0000,3155.6000,3155.8000,1,1,2,10,1,1,1,2,1,1
SF,IH2012,2020-07-27 09:32:45.200,3154.2000,16146,-1,318220860.000,1,0,1,双平,S,3152.4000,3151.8000,3151.6000,3151.0000,3140.0000,3154.8000,3155.0000,3155.6000,3155.8000,3156.0000,2,1,1,10,1,1,2,1,1,1
SF,IH2012,2020-07-27 09:32:45.700,3154.2000,16146,0,318220860.000,0,-,-,-,-,3152.6000,3151.6000,3151.0000,3140.0000,3136.0000,3155.0000,3155.6000,3155.8000,3156.0000,3157.0000,2,1,10,1,1,2,1,1,1,1
SF,IH2012,2020-07-27 09:32:46.200,3154.2000,16146,0,318220860.000,0,-,-,-,-,3152.6000,3151.6000,3151.0000,3140.0000,3136.0000,3154.8000,3155.0000,3155.6000,3155.8000,3156.0000,2,1,10,1,1,1,2,1,1,1
SF,IH2012,2020-07-27 09:32:46.700,3154.2000,16146,0,318220860.000,0,-,-,-,-,3152.6000,3151.6000,3151.0000,3140.0000,3136.0000,3154.2000,3154.8000,3155.0000,3155.6000,3155.8000,1,1,10,1,1,2,1,2,1,1
SF,IH2012,2020-07-27 09:32:47.200,3154.2000,16146,0,318220860.000,0,-,-,-,-,3151.6000,3151.0000,3140.0000,3136.0000,3135.0000,3154.2000,3154.8000,3155.0000,3155.6000,3155.8000,1,10,1,1,1,2,1,2,1,1
SF,IH2012,2020-07-27 09:32:47.700,3154.2000,16146,0,320112720.000,2,1,1,多换,S,3152.0000,3151.8000,3151.6000,3151.0000,3140.0000,3154.8000,3155.0000,3155.6000,3156.0000,3157.0000,1,2,1,10,1,1,1,1,1,1
SF,IH2012,2020-07-27 09:32:48.200,3154.2000,16146,0,320112720.000,0,-,-,-,-,3154.2000,3152.2000,3152.0000,3151.6000,3151.0000,3154.6000,3155.0000,3155.6000,3156.0000,3157.0000,1,2,1,1,10,1,1,1,1,1
SF,IH2012,2020-07-27 09:32:48.700,3154.2000,16146,0,321058980.000,1,0,1,多换,S,3152.2000,3151.6000,3151.0000,3140.0000,3136.0000,3154.2000,3154.6000,3155.0000,3155.6000,3156.0000,1,1,10,1,1,2,1,1,1,1
SF,IH2012,2020-07-27 09:32:49.200,3152.2000,16145,-1,322004640.000,1,0,1,双平,S,3151.6000,3151.0000,3140.0000,3136.0000,3135.0000,3154.2000,3154.6000,3155.0000,3155.6000,3156.0000,1,10,1,1,1,1,1,1,1,1
SF,IH2012,2020-07-27 09:32:49.700,3152.2000,16145,0,322004640.000,0,-,-,-,-,3151.8000,3151.6000,3151.0000,3140.0000,3136.0000,3154.0000,3154.6000,3155.0000,3155.6000,3156.0000,1,1,10,1,1,1,1,1,1,1
SF,IH2012,2020-07-27 09:32:50.200,3152.2000,16145,0,322004640.000,0,-,-,-,-,3152.0000,3151.8000,3151.6000,3151.0000,3140.0000,3154.0000,3154.6000,3155.0000,3155.6000,3156.0000,1,1,1,10,1,1,1,1,1,1
SF,IH2012,2020-07-27 09:32:50.700,3152.2000,16145,0,322004640.000,0,-,-,-,-,3152.0000,3151.8000,3151.6000,3151.0000,3140.0000,3152.2000,3154.0000,3154.6000,3155.0000,3155.6000,1,1,1,10,1,1,1,1,1,1
SF,IH2012,2020-07-27 09:32:51.200,3152.2000,16145,0,322950300.000,1,0,1,多换,S,3152.4000,3152.2000,3151.6000,3151.0000,3140.0000,3154.0000,3155.0000,3155.6000,3156.0000,3157.0000,1,1,1,10,1,1,1,1,1,1
SF,IH2012,2020-07-27 09:32:51.700,3152.2000,16143,-2,324841680.000,2,0,2,双平,S,3151.6000,3151.0000,3140.0000,3136.0000,3135.0000,3153.8000,3155.0000,3155.6000,3156.0000,3157.0000,1,10,1,1,1,1,1,1,1,1
SF,IH2012,2020-07-27 09:32:52.200,3152.2000,16143,0,324841680.000,0,-,-,-,-,3151.6000,3151.0000,3140.0000,3136.0000,3135.0000,3153.4000,3153.8000,3155.0000,3155.6000,3156.0000,1,10,1,1,1,1,1,1,1,1
SF,IH2012,2020-07-27 09:32:52.700,3152.2000,16143,0,324841680.000,0,-,-,-,-,3151.6000,3151.0000,3140.0000,3136.0000,3135.0000,3153.2000,3153.8000,3155.0000,3155.6000,3156.0000,1,10,1,1,1,1,1,1,1,1
SF,IH2012,2020-07-27 09:32:53.200,3151.6000,16143,0,325787160.000,1,0,1,多换,S,3151.0000,3140.0000,3136.0000,3135.0000,3134.0000,3153.2000,3153.8000,3155.0000,3155.6000,3156.0000,10,1,1,1,1,1,1,1,1,1
SF,IH2012,2020-07-27 09:32:53.700,3151.6000,16143,0,325787160.000,0,-,-,-,-,3151.0000,3140.0000,3136.0000,3135.0000,3134.0000,3153.2000,3153.8000,3155.0000,3155.6000,3156.0000,10,1,1,1,1,1,1,1,1,1
SF,IH2012,2020-07-27 09:32:54.200,3151.6000,16143,0,325787160.000,0,-,-,-,-,3151.0000,3140.0000,3136.0000,3135.0000,3134.0000,3152.2000,3152.8000,3153.0000,3153.2000,3153.8000,10,1,1,1,1,1,4,1,1,1
SF,IH2012,2020-07-27 09:32:54.700,3151.6000,16143,0,325787160.000,0,-,-,-,-,3151.0000,3140.0000,3136.0000,3135.0000,3134.0000,3152.0000,3152.8000,3153.8000,3155.0000,3155.6000,10,1,1,1,1,1,3,1,1,1
SF,IH2012,2020-07-27 09:32:55.200,3151.6000,16143,0,325787160.000,0,-,-,-,-,3151.0000,3140.0000,3136.0000,3135.0000,3134.0000,3152.0000,3153.8000,3155.0000,3155.6000,3156.0000,10,1,1,1,1,1,1,1,1,1
SF,IH2012,2020-07-27 09:32:55.700,3151.0000,16142,-1,327677760.000,2,0,2,多平,S,3151.0000,3140.0000,3136.0000,3135.0000,3134.0000,3153.8000,3155.0000,3155.6000,3156.0000,3157.0000,8,1,1,1,1,2,1,1,1,1
SF,IH2012,2020-07-27 09:32:56.200,3151.0000,16137,-5,332404260.000,5,0,5,双平,S,3151.0000,3140.0000,3136.0000,3135.0000,3134.0000,3152.4000,3153.2000,3153.4000,3153.6000,3153.8000,3,1,1,1,1,1,1,6,5,2
SF,IH2012,2020-07-27 09:32:56.700,3151.0000,16134,-3,335240160.000,3,0,3,双平,S,3140.0000,3136.0000,3135.0000,3134.0000,3130.0000,3151.0000,3152.2000,3152.4000,3153.2000,3153.4000,1,1,1,1,1,1,2,1,1,4
SF,IH2012,2020-07-27 09:32:57.200,3148.2000,16134,0,336184620.000,1,0,1,多换,S,3147.6000,3146.4000,3143.0000,3142.6000,3142.4000,3150.8000,3152.0000,3152.2000,3153.2000,3153.4000,1,2,1,1,2,2,1,1,1,4
SF,IH2012,2020-07-27 09:32:57.700,3148.2000,16134,0,336184620.000,0,-,-,-,-,3148.0000,3147.8000,3147.6000,3146.4000,3142.6000,3150.8000,3152.0000,3152.2000,3153.2000,3153.4000,1,1,1,2,1,2,1,1,1,4
SF,IH2012,2020-07-27 09:32:58.200,3148.2000,16134,0,336184620.000,0,-,-,-,-,3148.2000,3147.6000,3146.4000,3142.6000,3142.4000,3150.8000,3152.0000,3152.2000,3153.2000,3153.4000,1,1,1,1,2,1,1,1,1,4
SF,IH2012,2020-07-27 09:32:58.700,3148.2000,16134,0,336184620.000,0,-,-,-,-,3148.2000,3146.4000,3142.6000,3142.4000,3141.8000,3150.8000,3152.0000,3152.2000,3153.2000,3153.4000,1,1,1,2,3,1,1,1,1,4
SF,IH2012,2020-07-27 09:32:59.700,3148.2000,16134,0,336184620.000,0,-,-,-,-,3148.2000,3146.4000,3142.6000,3142.4000,3141.8000,3150.4000,3150.8000,3152.0000,3152.2000,3153.2000,1,1,1,2,3,1,1,1,1,1
SF,IH2012,2020-07-27 09:33:00.200,3148.2000,16134,0,336184620.000,0,-,-,-,-,3148.2000,3146.4000,3142.6000,3142.4000,3141.8000,3150.4000,3150.8000,3152.0000,3152.2000,3153.2000,1,1,1,2,3,1,1,1,1,1
SF,IH2012,2020-07-27 09:33:00.700,3148.2000,16134,0,336184620.000,0,-,-,-,-,3148.2000,3146.4000,3142.6000,3142.4000,3141.8000,3150.8000,3152.0000,3152.2000,3153.2000,3153.4000,1,1,1,2,3,1,1,1,1,4
SF,IH2012,2020-07-27 09:33:01.200,3148.2000,16134,0,336184620.000,0,-,-,-,-,3148.6000,3148.2000,3146.4000,3142.6000,3142.4000,3150.0000,3150.8000,3152.0000,3152.2000,3153.2000,1,2,1,1,2,1,1,1,1,1
SF,IH2012,2020-07-27 09:33:01.700,3148.2000,16134,0,336184620.000,0,-,-,-,-,3148.8000,3146.4000,3142.6000,3142.4000,3141.8000,3150.8000,3152.2000,3153.2000,3153.6000,3153.8000,1,1,1,2,3,1,1,1,2,1
SF,IH2012,2020-07-27 09:33:02.700,3148.8000,16133,-1,337129260.000,1,0,1,双平,S,3146.4000,3142.6000,3142.4000,3141.8000,3141.6000,3148.8000,3150.6000,3150.8000,3152.2000,3153.2000,1,1,2,3,2,1,1,1,1,1
SF,IH2012,2020-07-27 09:33:03.200,3148.8000,16131,-2,339018540.000,2,0,2,双平,S,3147.8000,3146.8000,3146.6000,3146.4000,3142.6000,3150.6000,3152.2000,3153.2000,3153.6000,3153.8000,1,3,2,1,1,1,1,1,2,1
SF,IH2012,2020-07-27 09:33:03.700,3148.8000,16131,0,339018540.000,0,-,-,-,-,3148.0000,3146.8000,3146.4000,3142.6000,3142.4000,3150.4000,3150.6000,3152.2000,3153.2000,3153.6000,2,1,1,1,2,1,1,1,1,2
SF,IH2012,2020-07-27 09:33:04.200,3148.8000,16131,0,339018540.000,0,-,-,-,-,3148.4000,3148.0000,3146.8000,3146.4000,3142.6000,3150.6000,3152.2000,3153.2000,3153.6000,3153.8000,1,2,1,1,1,1,1,1,2,1
SF,IH2012,2020-07-27 09:33:04.700,3148.8000,16131,0,339018540.000,0,-,-,-,-,3148.0000,3146.8000,3146.4000,3142.6000,3142.4000,3150.4000,3152.2000,3153.2000,3153.6000,3153.8000,2,1,1,1,2,1,1,1,2,1
SF,IH2012,2020-07-27 09:33:05.200,3148.8000,16131,0,339018540.000,0,-,-,-,-,3148.4000,3148.0000,3146.8000,3146.4000,3142.6000,3150.0000,3152.2000,3153.2000,3153.6000,3153.8000,1,2,1,1,1,1,1,1,2,1
SF,IH2012,2020-07-27 09:33:05.700,3148.8000,16131,0,339018540.000,0,-,-,-,-,3148.6000,3148.4000,3148.0000,3146.8000,3146.4000,3150.0000,3152.2000,3153.2000,3153.6000,3153.8000,1,1,1,1,1,1,1,1,2,1
SF,IH2012,2020-07-27 09:33:06.200,3146.8000,16132,1,340906980.000,2,1,1,空开,S,3146.4000,3142.6000,3142.4000,3141.8000,3141.6000,3150.0000,3152.2000,3153.2000,3153.6000,3153.8000,1,1,2,3,2,1,1,1,2,1
SF,IH2012,2020-07-27 09:33:06.700,3147.0000,16132,0,341851080.000,1,0,1,多换,S,3146.8000,3146.6000,3146.4000,3142.6000,3142.4000,3149.8000,3150.0000,3152.2000,3153.2000,3153.6000,1,1,2,1,2,1,1,1,1,2
SF,IH2012,2020-07-27 09:33:07.200,3147.0000,16132,0,341851080.000,0,-,-,-,-,3146.8000,3146.6000,3146.4000,3142.6000,3142.4000,3148.4000,3149.6000,3149.8000,3150.0000,3152.2000,1,1,1,1,2,1,1,1,1,1
SF,IH2012,2020-07-27 09:33:07.700,3147.0000,16132,0,341851080.000,0,-,-,-,-,3146.8000,3146.6000,3146.4000,3142.6000,3142.4000,3148.4000,3149.6000,3149.8000,3150.0000,3152.2000,1,1,1,1,2,1,1,1,1,1
SF,IH2012,2020-07-27 09:33:08.200,3147.0000,16132,0,341851080.000,0,-,-,-,-,3146.8000,3146.6000,3146.4000,3142.6000,3142.4000,3148.4000,3149.6000,3149.8000,3150.0000,3152.2000,1,1,1,1,2,1,1,1,1,1
SF,IH2012,2020-07-27 09:33:08.700,3147.0000,16132,0,341851080.000,0,-,-,-,-,3141.8000,3141.6000,3140.6000,3140.4000,3140.0000,3148.2000,3148.4000,3149.8000,3150.0000,3152.2000,1,2,1,5,2,1,1,1,1,1
SF,IH2012,2020-07-27 09:33:09.200,3147.0000,16132,0,341851080.000,0,-,-,-,-,3144.8000,3142.2000,3142.0000,3141.8000,3141.6000,3148.0000,3148.2000,3148.4000,3150.0000,3152.2000,1,6,1,4,2,1,2,1,1,1
SF,IH2012,2020-07-27 09:33:09.700,3147.0000,16132,0,341851080.000,0,-,-,-,-,3142.2000,3142.0000,3141.8000,3141.6000,3140.6000,3147.6000,3147.8000,3148.0000,3148.4000,3150.0000,1,1,4,1,1,3,1,2,1,1
SF,IH2012,2020-07-27 09:33:10.200,3142.6000,16131,-1,342793860.000,1,0,1,双平,S,3142.4000,3141.8000,3141.6000,3140.6000,3140.0000,3147.4000,3147.6000,3148.0000,3148.4000,3150.0000,1,3,1,1,2,7,2,1,1,1
SF,IH2012,2020-07-27 09:33:10.700,3147.0000,16131,0,343737960.000,1,0,1,多换,S,3142.4000,3141.8000,3141.6000,3140.6000,3140.0000,3147.4000,3147.6000,3148.4000,3150.0000,3152.0000,1,2,1,1,2,4,1,1,1,1
SF,IH2012,2020-07-27 09:33:11.200,3142.4000,16130,-1,344680680.000,1,0,1,双平,S,3141.8000,3141.6000,3140.6000,3140.0000,3136.0000,3142.4000,3147.4000,3147.6000,3148.4000,3150.0000,2,1,1,2,1,1,4,1,1,1
SF,IH2012,2020-07-27 09:33:11.700,3142.4000,16130,0,345623400.000,1,0,1,多换,S,3142.4000,3142.2000,3141.8000,3140.0000,3136.0000,3147.4000,3148.4000,3150.0000,3152.0000,3153.2000,1,2,1,2,1,4,1,1,1,1
SF,IH2012,2020-07-27 09:33:12.200,3142.4000,16130,0,345623400.000,0,-,-,-,-,3143.4000,3142.8000,3142.6000,3141.8000,3140.0000,3146.4000,3147.4000,3148.4000,3150.0000,3152.0000,1,5,2,1,2,3,3,1,1,1
SF,IH2012,2020-07-27 09:33:12.700,3146.2000,16129,-1,346567260.000,1,0,1,双平,S,3145.2000,3143.8000,3143.6000,3142.8000,3141.8000,3147.4000,3148.4000,3150.0000,3152.0000,3153.2000,1,1,7,1,1,1,1,1,1,1
SF,IH2012,2020-07-27 09:33:13.200,3143.6000,16129,0,347510340.000,1,0,1,多换,S,3143.6000,3142.8000,3141.8000,3140.0000,3136.0000,3147.4000,3148.4000,3150.0000,3152.0000,3153.2000,2,1,1,2,1,1,1,1,1,1
SF,IH2012,2020-07-27 09:33:13.700,3143.6000,16129,0,347510340.000,0,-,-,-,-,3145.0000,3144.0000,3143.8000,3143.6000,3142.8000,3147.2000,3147.4000,3148.4000,3150.0000,3152.0000,1,6,2,2,1,1,1,1,1,1
SF,IH2012,2020-07-27 09:33:14.200,3147.2000,16127,-2,349398600.000,2,0,2,双平,S,3145.4000,3145.0000,3144.0000,3143.8000,3143.6000,3148.4000,3150.0000,3152.0000,3153.2000,3153.6000,1,1,1,2,2,1,1,1,1,2
SF,IH2012,2020-07-27 09:33:14.700,3147.2000,16127,0,349398600.000,0,-,-,-,-,3145.6000,3145.0000,3144.0000,3143.8000,3143.6000,3148.0000,3148.2000,3148.4000,3150.0000,3152.0000,2,1,1,1,1,1,1,1,1,1
SF,IH2012,2020-07-27 09:33:15.200,3147.2000,16127,0,349398600.000,0,-,-,-,-,3145.6000,3145.0000,3143.8000,3143.6000,3142.8000,3147.8000,3148.4000,3150.0000,3152.0000,3153.2000,1,1,1,2,1,1,1,1,1,1
SF,IH2012,2020-07-27 09:33:15.700,3145.6000,16127,0,350342280.000,1,0,1,多换,S,3143.6000,3142.0000,3141.8000,3140.0000,3136.0000,3147.4000,3148.4000,3150.0000,3152.0000,3153.2000,2,1,1,1,1,1,1,1,1,1
SF,IH2012,2020-07-27 09:33:16.200,3145.6000,16127,0,350342280.000,0,-,-,-,-,3143.8000,3143.6000,3142.0000,3141.8000,3140.0000,3147.2000,3147.4000,3148.4000,3150.0000,3152.0000,1,1,1,1,1,2,1,1,1,1
SF,IH2012,2020-07-27 09:33:16.700,3147.2000,16128,1,351286440.000,1,1,0,双开,S,3143.8000,3142.0000,3141.8000,3140.0000,3136.0000,3147.2000,3147.4000,3148.4000,3150.0000,3152.0000,1,1,1,1,1,1,1,1,1,1
SF,IH2012,2020-07-27 09:33:17.200,3147.2000,16128,0,351286440.000,0,-,-,-,-,3143.8000,3142.0000,3141.8000,3140.0000,3136.0000,3147.0000,3147.2000,3147.4000,3148.4000,3150.0000,1,1,1,1,1,1,1,1,1,1
SF,IH2012,2020-07-27 09:33:17.700,3147.2000,16128,0,351286440.000,0,-,-,-,-,3144.0000,3143.8000,3142.0000,3141.8000,3140.0000,3146.8000,3147.0000,3147.4000,3148.4000,3150.0000,1,1,1,1,1,1,1,1,1,1
SF,IH2012,2020-07-27 09:33:18.200,3147.2000,16128,0,351286440.000,0,-,-,-,-,3144.0000,3143.8000,3142.0000,3141.8000,3140.0000,3146.6000,3146.8000,3148.4000,3150.0000,3152.0000,1,1,1,1,1,1,1,1,2,1
SF,IH2012,2020-07-27 09:33:18.700,3147.2000,16128,0,351286440.000,0,-,-,-,-,3144.2000,3144.0000,3142.0000,3141.8000,3140.0000,3146.2000,3146.4000,3146.6000,3148.4000,3150.0000,2,1,1,1,1,1,1,1,1,2
SF,IH2012,2020-07-27 09:33:19.700,3147.2000,16128,0,351286440.000,0,-,-,-,-,3144.2000,3144.0000,3142.0000,3141.8000,3140.0000,3146.2000,3146.4000,3146.6000,3148.4000,3150.0000,2,1,1,1,1,1,1,1,1,1
SF,IH2012,2020-07-27 09:33:20.200,3144.2000,16127,-1,352229700.000,1,0,1,双平,S,3144.0000,3142.0000,3141.8000,3140.0000,3136.0000,3146.0000,3146.2000,3146.6000,3147.2000,3148.4000,1,1,1,1,1,1,1,1,1,1
SF,IH2012,2020-07-27 09:33:20.700,3144.2000,16127,0,352229700.000,0,-,-,-,-,3144.0000,3142.0000,3141.8000,3140.0000,3136.0000,3146.0000,3146.2000,3146.6000,3147.2000,3148.4000,1,1,1,1,1,2,1,1,1,1
SF,IH2012,2020-07-27 09:33:21.700,3144.0000,16127,0,353172900.000,1,0,1,多换,S,3142.0000,3141.8000,3140.0000,3136.0000,3135.0000,3146.0000,3146.2000,3146.6000,3147.2000,3148.4000,1,1,1,1,1,2,1,1,1,1
SF,IH2012,2020-07-27 09:33:22.200,3143.0000,16128,1,354115800.000,1,1,0,双开,S,3142.2000,3142.0000,3141.8000,3140.0000,3136.0000,3145.8000,3146.0000,3147.2000,3148.4000,3149.6000,1,1,2,1,1,1,1,1,1,1
SF,IH2012,2020-07-27 09:33:22.700,3143.0000,16128,0,354115800.000,0,-,-,-,-,3143.4000,3142.8000,3142.6000,3142.4000,3142.2000,3145.8000,3146.0000,3147.2000,3148.4000,3149.6000,1,1,5,2,1,1,1,1,1,1
SF,IH2012,2020-07-27 09:33:23.200,3146.0000,16127,-1,356003340.000,2,0,2,多平,S,3144.0000,3143.6000,3142.6000,3142.4000,3142.0000,3147.2000,3148.4000,3149.6000,3150.0000,3152.0000,1,2,4,2,1,1,1,1,1,1
SF,IH2012,2020-07-27 09:33:23.700,3142.4000,16127,0,358832400.000,3,1,2,多换,S,3142.0000,3141.8000,3140.0000,3136.0000,3135.0000,3144.0000,3147.0000,3147.2000,3148.4000,3149.6000,1,2,1,1,1,1,1,2,1,1
SF,IH2012,2020-07-27 09:33:24.200,3144.0000,16126,-1,359775600.000,1,0,1,双平,S,3143.0000,3142.6000,3142.2000,3142.0000,3141.8000,3146.0000,3146.4000,3147.0000,3147.2000,3148.4000,1,1,6,1,2,1,5,1,2,1
SF,IH2012,2020-07-27 09:33:24.700,3144.0000,16126,0,359775600.000,0,-,-,-,-,3143.2000,3143.0000,3142.6000,3142.2000,3142.0000,3145.8000,3147.2000,3148.4000,3149.6000,3150.0000,2,1,1,4,1,1,2,1,1,1
SF,IH2012,2020-07-27 09:33:25.200,3144.0000,16126,0,359775600.000,0,-,-,-,-,3143.6000,3143.2000,3142.2000,3142.0000,3141.8000,3147.2000,3148.4000,3149.6000,3150.0000,3152.0000,1,2,4,1,2,1,1,1,1,1
SF,IH2012,2020-07-27 09:33:25.700,3144.0000,16126,0,359775600.000,0,-,-,-,-,3143.8000,3143.6000,3143.4000,3142.2000,3142.0000,3146.0000,3147.0000,3147.2000,3148.4000,3149.6000,2,1,1,4,1,1,1,1,1,1
SF,IH2012,2020-07-27 09:33:26.200,3144.0000,16126,0,359775600.000,0,-,-,-,-,3143.8000,3143.6000,3143.4000,3142.0000,3141.8000,3145.8000,3147.2000,3148.4000,3149.6000,3150.0000,1,1,1,1,2,1,1,1,1,1
SF,IH2012,2020-07-27 09:33:26.700,3143.8000,16126,0,360718740.000,1,0,1,多换,S,3143.4000,3142.0000,3141.8000,3140.0000,3136.0000,3145.8000,3147.2000,3148.4000,3149.6000,3150.0000,1,1,2,1,1,1,1,1,1,1
SF,IH2012,2020-07-27 09:33:27.200,3143.8000,16126,0,360718740.000,0,-,-,-,-,3143.4000,3143.2000,3142.0000,3141.8000,3140.0000,3145.6000,3145.8000,3147.2000,3148.4000,3149.6000,1,1,1,1,1,1,1,1,1,1
SF,IH2012,2020-07-27 09:33:27.700,3143.8000,16126,0,360718740.000,0,-,-,-,-,3143.4000,3143.2000,3142.0000,3141.8000,3140.0000,3145.2000,3145.4000,3145.6000,3147.2000,3148.4000,1,1,1,1,1,1,1,1,1,1
SF,IH2012,2020-07-27 09:33:28.200,3143.2000,16124,-2,362604720.000,2,0,2,双平,S,3142.0000,3141.8000,3140.0000,3136.0000,3135.0000,3145.2000,3145.6000,3147.2000,3148.4000,3149.6000,1,1,1,1,1,1,3,1,1,1
SF,IH2012,2020-07-27 09:33:28.700,3143.2000,16124,0,362604720.000,0,-,-,-,-,3142.0000,3141.8000,3140.0000,3136.0000,3135.0000,3144.0000,3144.8000,3145.0000,3145.2000,3145.6000,1,1,1,1,1,3,2,2,1,2
SF,IH2012,2020-07-27 09:33:29.200,3142.0000,16124,0,363547320.000,1,0,1,多换,S,3141.8000,3140.0000,3136.0000,3135.0000,3134.0000,3142.0000,3143.8000,3145.0000,3145.2000,3145.6000,1,1,1,1,1,1,1,1,1,2
SF,IH2012,2020-07-27 09:33:29.700,3142.0000,16123,-1,364489920.000,1,0,1,双平,S,3142.0000,3141.8000,3140.0000,3136.0000,3135.0000,3143.8000,3145.0000,3145.2000,3145.6000,3147.2000,3,1,1,1,1,1,1,1,2,1
SF,IH2012,2020-07-27 09:33:30.200,3142.0000,16122,-1,365432520.000,1,0,1,双平,S,3142.0000,3141.8000,3140.0000,3136.0000,3135.0000,3143.8000,3144.0000,3145.0000,3145.2000,3145.6000,1,1,1,1,1,1,1,1,1,2
SF,IH2012,2020-07-27 09:33:30.700,3142.6000,16123,1,367318500.000,2,1,1,空开,S,3142.2000,3142.0000,3141.8000,3140.0000,3136.0000,3145.0000,3145.6000,3147.2000,3148.4000,3149.6000,1,1,1,1,1,1,2,1,1,1
SF,IH2012,2020-07-27 09:33:31.200,3145.0000,16122,-1,369205440.000,2,0,2,多平,S,3142.6000,3142.4000,3142.2000,3142.0000,3141.8000,3147.2000,3148.4000,3149.6000,3150.0000,3152.0000,1,3,1,1,1,1,1,1,1,1
SF,IH2012,2020-07-27 09:33:31.700,3145.0000,16122,0,369205440.000,0,-,-,-,-,3144.2000,3142.8000,3142.6000,3142.4000,3142.2000,3147.0000,3147.2000,3148.4000,3149.6000,3150.0000,1,2,1,1,1,1,1,1,1,1
SF,IH2012,2020-07-27 09:33:32.200,3145.0000,16122,0,369205440.000,0,-,-,-,-,3144.4000,3144.2000,3144.0000,3142.8000,3142.4000,3146.0000,3147.0000,3147.2000,3148.4000,3149.6000,1,1,1,1,1,1,1,1,1,1
SF,IH2012,2020-07-27 09:33:32.700,3146.0000,16122,0,370149240.000,1,0,1,多换,S,3144.6000,3144.2000,3144.0000,3142.8000,3142.4000,3147.0000,3147.2000,3148.4000,3149.6000,3150.0000,1,1,1,1,1,1,1,1,1,1
SF,IH2012,2020-07-27 09:33:33.200,3146.0000,16122,0,370149240.000,0,-,-,-,-,3144.8000,3144.6000,3144.4000,3144.2000,3144.0000,3147.0000,3147.2000,3148.4000,3149.6000,3150.0000,1,1,1,1,1,1,1,1,1,1
SF,IH2012,2020-07-27 09:33:33.700,3146.0000,16122,0,370149240.000,0,-,-,-,-,3144.8000,3144.4000,3144.2000,3144.0000,3142.8000,3146.6000,3147.0000,3147.2000,3148.4000,3149.6000,1,1,1,1,1,1,1,1,1,1
SF,IH2012,2020-07-27 09:33:34.200,3146.0000,16122,0,370149240.000,0,-,-,-,-,3144.4000,3144.2000,3144.0000,3142.8000,3142.4000,3146.4000,3147.2000,3148.4000,3149.6000,3150.0000,1,1,1,1,1,1,1,1,1,1
SF,IH2012,2020-07-27 09:33:34.700,3146.0000,16122,0,370149240.000,0,-,-,-,-,3144.4000,3144.2000,3144.0000,3142.8000,3142.4000,3146.4000,3147.2000,3148.4000,3149.6000,3150.0000,1,1,1,1,1,1,1,1,1,1
SF,IH2012,2020-07-27 09:33:35.200,3146.0000,16122,0,370149240.000,0,-,-,-,-,3144.4000,3144.2000,3144.0000,3142.8000,3142.4000,3146.4000,3147.2000,3148.4000,3149.6000,3150.0000,1,1,1,1,1,1,1,1,1,1
SF,IH2012,2020-07-27 09:33:35.700,3146.0000,16122,0,370149240.000,0,-,-,-,-,3144.4000,3144.2000,3144.0000,3142.8000,3142.4000,3146.4000,3147.2000,3148.4000,3149.6000,3150.0000,1,1,1,1,1,1,1,1,1,1
SF,IH2012,2020-07-27 09:33:36.700,3144.0000,16119,-3,373923240.000,4,0,4,多平,S,3142.8000,3142.4000,3141.8000,3140.0000,3136.0000,3143.8000,3147.2000,3148.4000,3149.6000,3150.0000,1,1,1,1,1,1,1,1,1,1
SF,IH2012,2020-07-27 09:33:37.200,3143.8000,16119,0,375809520.000,2,1,1,多换,S,3143.8000,3143.2000,3143.0000,3142.6000,3142.4000,3147.2000,3148.4000,3149.6000,3150.0000,3153.0000,2,4,1,1,1,1,1,1,1,1
SF,IH2012,2020-07-27 09:33:37.700,3143.8000,16120,1,376752660.000,1,1,0,双开,S,3144.0000,3143.8000,3143.2000,3143.0000,3142.6000,3147.2000,3148.4000,3149.6000,3150.0000,3153.0000,2,2,4,1,1,1,1,1,1,1
SF,IH2012,2020-07-27 09:33:38.200,3144.0000,16121,1,377695860.000,1,1,0,双开,S,3144.4000,3144.0000,3143.8000,3142.6000,3142.4000,3147.2000,3148.4000,3149.6000,3150.0000,3153.0000,6,3,3,1,1,1,1,1,1,1
SF,IH2012,2020-07-27 09:33:38.700,3144.4000,16121,0,378639180.000,1,0,1,多换,S,3144.6000,3144.4000,3143.8000,3142.6000,3142.4000,3147.2000,3148.4000,3149.6000,3150.0000,3153.0000,6,5,3,1,1,1,1,1,1,1
SF,IH2012,2020-07-27 09:33:39.200,3147.2000,16121,0,379583340.000,1,0,1,多换,S,3144.6000,3143.8000,3142.6000,3142.4000,3141.8000,3148.4000,3149.6000,3150.0000,3153.0000,3153.2000,5,3,1,1,1,1,1,1,1,1
SF,IH2012,2020-07-27 09:33:39.700,3147.2000,16121,0,379583340.000,0,-,-,-,-,3146.4000,3145.0000,3144.6000,3143.8000,3142.6000,3148.2000,3148.4000,3149.6000,3150.0000,3153.0000,1,5,5,3,1,1,2,1,1,1
SF,IH2012,2020-07-27 09:33:40.200,3148.4000,16120,-1,380527860.000,1,0,1,双平,S,3148.2000,3146.6000,3145.0000,3144.6000,3143.8000,3149.6000,3150.0000,3153.0000,3153.2000,3153.6000,1,2,4,4,3,1,1,1,1,2
SF,IH2012,2020-07-27 09:33:40.700,3148.2000,16119,-1,381472320.000,1,0,1,双平,S,3146.6000,3145.0000,3144.6000,3143.8000,3142.6000,3149.4000,3149.6000,3150.0000,3153.0000,3153.2000,2,4,4,2,1,1,1,1,1,1
SF,IH2012,2020-07-27 09:33:41.200,3146.8000,16119,0,382416360.000,1,0,1,多换,S,3146.8000,3146.6000,3145.0000,3144.6000,3143.8000,3149.4000,3149.6000,3150.0000,3153.0000,3153.2000,1,2,4,3,2,1,1,1,1,1
SF,IH2012,2020-07-27 09:33:41.700,3146.8000,16119,0,382416360.000,0,-,-,-,-,3146.8000,3146.6000,3145.0000,3144.6000,3143.8000,3149.4000,3149.6000,3150.0000,3153.0000,3153.2000,1,1,4,3,2,1,1,1,1,1
SF,IH2012,2020-07-27 09:33:42.200,3146.8000,16118,-1,383360400.000,1,0,1,双平,S,3146.8000,3146.6000,3145.0000,3144.6000,3143.8000,3149.4000,3149.6000,3150.0000,3153.0000,3153.2000,1,1,4,3,1,1,1,1,1,1
SF,IH2012,2020-07-27 09:33:42.700,3146.8000,16118,0,383360400.000,0,-,-,-,-,3147.0000,3146.8000,3146.6000,3145.0000,3144.6000,3149.4000,3149.6000,3150.0000,3153.0000,3153.2000,1,1,1,4,3,1,1,1,1,1
SF,IH2012,2020-07-27 09:33:43.200,3146.8000,16118,0,383360400.000,0,-,-,-,-,3147.2000,3147.0000,3146.8000,3146.6000,3145.0000,3149.6000,3150.0000,3153.0000,3153.2000,3153.6000,1,1,1,1,4,1,1,1,1,2
SF,IH2012,2020-07-27 09:33:43.700,3146.8000,16118,0,383360400.000,0,-,-,-,-,3147.2000,3147.0000,3146.8000,3146.6000,3145.0000,3149.4000,3149.6000,3150.0000,3153.0000,3153.2000,1,1,1,1,4,1,1,1,1,1
SF,IH2012,2020-07-27 09:33:44.200,3146.8000,16116,-2,387136560.000,4,1,3,多平,S,3146.8000,3146.6000,3145.0000,3144.6000,3143.8000,3149.4000,3149.6000,3150.0000,3153.0000,3153.2000,1,1,4,3,1,1,1,1,1,1
SF,IH2012,2020-07-27 09:33:44.700,3149.2000,16116,0,388081320.000,1,0,1,多换,S,3147.0000,3146.8000,3146.6000,3145.0000,3144.6000,3149.4000,3149.6000,3150.0000,3153.0000,3153.2000,1,1,1,4,3,1,1,1,1,1
SF,IH2012,2020-07-27 09:33:45.200,3147.2000,16116,0,389025480.000,1,0,1,多换,S,3147.0000,3146.8000,3146.6000,3145.0000,3144.6000,3149.4000,3149.6000,3150.0000,3153.0000,3153.2000,1,1,1,4,3,1,1,1,1,1
SF,IH2012,2020-07-27 09:33:45.700,3147.2000,16116,0,389025480.000,0,-,-,-,-,3146.8000,3146.6000,3145.0000,3144.6000,3143.8000,3149.2000,3149.4000,3149.6000,3150.0000,3153.0000,1,1,4,3,1,1,1,1,1,1
SF,IH2012,2020-07-27 09:33:46.200,3147.2000,16116,0,389025480.000,0,-,-,-,-,3147.0000,3146.8000,3146.6000,3145.0000,3144.6000,3149.2000,3149.4000,3149.6000,3150.0000,3153.0000,1,1,1,4,3,1,1,1,1,1
SF,IH2012,2020-07-27 09:33:46.700,3147.2000,16116,0,389025480.000,0,-,-,-,-,3147.2000,3147.0000,3146.8000,3146.6000,3145.0000,3149.6000,3150.0000,3153.0000,3153.2000,3153.6000,1,1,1,1,4,1,1,1,1,2
SF,IH2012,2020-07-27 09:33:47.200,3150.0000,16114,-2,390915360.000,2,0,2,双平,S,3147.4000,3147.2000,3146.8000,3146.6000,3145.0000,3153.0000,3153.2000,3153.6000,3156.0000,3157.0000,2,3,1,1,4,1,1,2,2,1
SF,IH2012,2020-07-27 09:33:47.700,3150.0000,16114,0,390915360.000,0,-,-,-,-,3147.4000,3147.2000,3146.8000,3146.6000,3145.0000,3152.8000,3153.0000,3156.0000,3157.0000,3158.0000,2,3,1,1,4,1,1,2,1,1
SF,IH2012,2020-07-27 09:33:48.200,3150.0000,16114,0,390915360.000,0,-,-,-,-,3147.6000,3147.4000,3147.2000,3146.6000,3145.0000,3152.6000,3152.8000,3153.0000,3156.0000,3157.0000,1,2,3,1,4,1,1,1,2,1
SF,IH2012,2020-07-27 09:33:48.700,3152.4000,16113,-1,391861080.000,1,0,1,双平,S,3147.8000,3147.6000,3147.2000,3146.6000,3144.6000,3153.0000,3156.0000,3157.0000,3158.0000,3158.6000,6,3,3,1,3,1,2,1,1,2
SF,IH2012,2020-07-27 09:33:49.200,3152.4000,16113,0,391861080.000,0,-,-,-,-,3148.0000,3147.8000,3147.6000,3147.2000,3146.6000,3152.8000,3153.0000,3156.0000,3157.0000,3158.0000,2,6,3,3,1,1,1,2,1,1
SF,IH2012,2020-07-27 09:33:49.700,3152.4000,16113,0,391861080.000,0,-,-,-,-,3152.8000,3148.4000,3148.2000,3148.0000,3147.6000,3153.0000,3156.0000,3157.0000,3158.0000,3158.6000,1,4,3,2,3,1,2,1,1,2
SF,IH2012,2020-07-27 09:33:50.200,3153.0000,16110,-3,394698660.000,3,0,3,双平,S,3148.4000,3148.2000,3148.0000,3147.6000,3147.2000,3153.4000,3156.0000,3157.0000,3158.0000,3158.6000,4,4,2,3,3,1,2,1,1,2
SF,IH2012,2020-07-27 09:33:50.700,3153.0000,16110,0,394698660.000,0,-,-,-,-,3148.6000,3148.4000,3148.2000,3148.0000,3147.6000,3153.2000,3153.4000,3156.0000,3157.0000,3158.0000,4,4,1,2,3,1,1,2,1,1
SF,IH2012,2020-07-27 09:33:51.200,3153.0000,16110,0,394698660.000,0,-,-,-,-,3148.8000,3148.6000,3148.0000,3147.6000,3147.2000,3151.4000,3153.2000,3153.4000,3156.0000,3157.0000,1,4,2,3,3,1,1,1,2,1
SF,IH2012,2020-07-27 09:33:51.700,3151.4000,16109,-1,395644080.000,1,0,1,双平,S,3149.0000,3148.6000,3148.0000,3147.6000,3147.2000,3153.4000,3156.0000,3157.0000,3158.0000,3158.6000,3,2,2,3,3,1,2,1,1,2
SF,IH2012,2020-07-27 09:33:52.200,3151.4000,16109,0,395644080.000,0,-,-,-,-,3149.0000,3148.6000,3148.0000,3147.6000,3147.2000,3152.4000,3153.2000,3153.4000,3156.0000,3157.0000,3,2,2,3,1,1,1,1,2,1
SF,IH2012,2020-07-27 09:33:52.700,3151.4000,16109,0,395644080.000,0,-,-,-,-,3149.0000,3148.6000,3148.0000,3147.6000,3147.2000,3152.4000,3153.2000,3153.4000,3156.0000,3157.0000,5,2,2,3,1,1,1,1,2,1
SF,IH2012,2020-07-27 09:33:53.200,3149.2000,16108,-1,396588840.000,1,0,1,双平,S,3149.0000,3148.6000,3148.0000,3147.6000,3147.2000,3153.2000,3153.4000,3156.0000,3157.0000,3158.0000,5,2,2,3,1,1,1,2,1,1
SF,IH2012,2020-07-27 09:33:53.700,3149.2000,16108,0,396588840.000,0,-,-,-,-,3149.0000,3148.6000,3148.0000,3147.6000,3147.2000,3152.8000,3153.2000,3153.4000,3156.0000,3157.0000,5,2,2,1,1,1,1,1,2,1
SF,IH2012,2020-07-27 09:33:54.200,3149.2000,16108,0,396588840.000,0,-,-,-,-,3149.0000,3148.6000,3148.0000,3147.6000,3147.2000,3152.2000,3152.4000,3152.6000,3152.8000,3153.4000,7,2,2,1,1,1,2,1,1,1
SF,IH2012,2020-07-27 09:33:54.700,3149.2000,16108,0,396588840.000,0,-,-,-,-,3149.0000,3148.6000,3148.0000,3147.6000,3147.2000,3152.0000,3152.2000,3152.4000,3153.4000,3156.0000,7,2,2,1,1,1,1,2,1,2
SF,IH2012,2020-07-27 09:33:55.200,3151.6000,16107,-1,397534320.000,1,0,1,双平,S,3149.0000,3148.6000,3148.0000,3147.6000,3147.2000,3151.6000,3151.8000,3152.0000,3152.2000,3153.4000,7,2,2,1,1,1,1,1,1,1
SF,IH2012,2020-07-27 09:33:55.700,3151.6000,16107,0,397534320.000,0,-,-,-,-,3149.0000,3148.6000,3148.0000,3147.6000,3147.2000,3151.4000,3151.6000,3153.4000,3156.0000,3157.0000,6,2,2,1,1,1,1,1,2,1
SF,IH2012,2020-07-27 09:33:56.200,3151.6000,16107,0,397534320.000,0,-,-,-,-,3149.0000,3148.6000,3148.0000,3147.6000,3147.2000,3150.2000,3151.0000,3151.4000,3151.6000,3153.4000,6,2,2,1,1,1,1,1,1,1
SF,IH2012,2020-07-27 09:33:56.700,3150.2000,16106,-1,398479380.000,1,0,1,双平,S,3149.0000,3148.6000,3148.0000,3147.6000,3147.2000,3151.4000,3153.4000,3156.0000,3157.0000,3158.0000,5,2,2,1,1,1,1,2,1,1
SF,IH2012,2020-07-27 09:33:57.200,3150.2000,16106,0,398479380.000,0,-,-,-,-,3151.8000,3149.2000,3149.0000,3148.6000,3148.0000,3153.4000,3156.0000,3157.0000,3158.0000,3158.6000,1,2,5,2,2,1,2,1,1,2
SF,IH2012,2020-07-27 09:33:57.700,3151.8000,16105,-1,400370400.000,2,0,2,多平,S,3149.2000,3149.0000,3148.6000,3148.0000,3147.6000,3152.2000,3152.6000,3153.4000,3156.0000,3157.0000,1,3,2,2,1,1,1,2,2,1
SF,IH2012,2020-07-27 09:33:58.200,3151.8000,16105,0,400370400.000,0,-,-,-,-,3149.4000,3149.2000,3149.0000,3148.6000,3148.0000,3152.6000,3153.4000,3156.0000,3157.0000,3158.0000,1,3,3,2,2,1,2,2,1,1
SF,IH2012,2020-07-27 09:33:58.700,3151.8000,16105,0,400370400.000,0,-,-,-,-,3149.6000,3149.4000,3149.2000,3149.0000,3148.6000,3152.6000,3152.8000,3153.4000,3156.0000,3157.0000,2,1,2,3,2,1,2,2,2,1
SF,IH2012,2020-07-27 09:33:59.200,3151.8000,16105,0,400370400.000,0,-,-,-,-,3149.8000,3149.6000,3149.2000,3149.0000,3148.6000,3152.6000,3152.8000,3153.4000,3156.0000,3157.0000,1,2,2,1,2,1,2,2,2,1
SF,IH2012,2020-07-27 09:33:59.700,3151.8000,16105,0,400370400.000,0,-,-,-,-,3150.0000,3149.8000,3149.6000,3149.2000,3149.0000,3152.4000,3152.6000,3152.8000,3153.4000,3156.0000,1,3,1,2,1,2,1,2,2,2
SF,IH2012,2020-07-27 09:34:00.200,3152.4000,16106,1,401316120.000,1,1,0,双开,S,3150.2000,3150.0000,3149.8000,3149.6000,3149.2000,3152.4000,3152.8000,3153.4000,3156.0000,3157.0000,2,1,2,1,2,1,2,2,2,1
SF,IH2012,2020-07-27 09:34:00.700,3152.4000,16106,0,401316120.000,0,-,-,-,-,3150.4000,3150.2000,3150.0000,3149.8000,3149.6000,3152.8000,3153.4000,3156.0000,3157.0000,3158.0000,1,2,1,2,1,2,2,2,1,1
SF,IH2012,2020-07-27 09:34:01.200,3152.8000,16105,-1,402261960.000,1,0,1,双平,S,3150.6000,3150.4000,3150.0000,3149.8000,3149.6000,3152.8000,3153.4000,3156.0000,3157.0000,3158.0000,2,1,1,2,1,1,2,2,1,1
SF,IH2012,2020-07-27 09:34:01.700,3152.8000,16104,-1,403207800.000,1,0,1,双平,S,3151.0000,3150.8000,3150.6000,3150.4000,3150.0000,3153.4000,3156.0000,3157.0000,3158.0000,3158.6000,1,1,2,1,2,1,2,1,1,1
SF,IH2012,2020-07-27 09:34:02.200,3152.8000,16104,0,403207800.000,0,-,-,-,-,3152.8000,3151.4000,3151.2000,3151.0000,3150.8000,3153.4000,3156.0000,3157.0000,3158.0000,3158.6000,3,1,2,1,1,1,2,1,1,1
SF,IH2012,2020-07-27 09:34:02.700,3153.4000,16102,-2,405099840.000,2,0,2,双平,S,3152.8000,3151.4000,3151.2000,3151.0000,3150.8000,3156.0000,3157.0000,3158.0000,3158.6000,3159.0000,3,1,2,1,1,2,1,1,1,1
SF,IH2012,2020-07-27 09:34:03.200,3153.4000,16102,0,405099840.000,0,-,-,-,-,3153.0000,3152.8000,3151.0000,3150.8000,3150.4000,3155.2000,3155.6000,3155.8000,3156.0000,3157.0000,2,3,1,1,1,1,1,1,3,1
SF,IH2012,2020-07-27 09:34:03.700,3153.4000,16102,0,405099840.000,0,-,-,-,-,3153.0000,3152.8000,3151.0000,3150.8000,3150.4000,3155.6000,3155.8000,3156.0000,3157.0000,3158.0000,4,3,1,1,1,1,1,2,1,1
SF,IH2012,2020-07-27 09:34:04.200,3153.0000,16102,0,406045740.000,1,0,1,多换,S,3153.0000,3152.8000,3151.0000,3150.8000,3150.4000,3155.4000,3155.6000,3156.0000,3157.0000,3158.0000,3,3,1,1,1,1,1,2,1,1
SF,IH2012,2020-07-27 09:34:04.700,3153.0000,16102,0,406045740.000,0,-,-,-,-,3153.2000,3153.0000,3152.8000,3151.0000,3150.8000,3155.4000,3155.6000,3156.0000,3157.0000,3158.0000,2,3,3,1,1,1,1,2,1,1
SF,IH2012,2020-07-27 09:34:05.200,3153.0000,16102,0,406045740.000,0,-,-,-,-,3153.4000,3153.2000,3153.0000,3152.8000,3151.0000,3155.4000,3155.6000,3156.0000,3157.0000,3158.0000,1,4,2,3,1,1,1,2,1,1
SF,IH2012,2020-07-27 09:34:05.700,3155.4000,16102,0,406992360.000,1,0,1,多换,S,3153.6000,3153.4000,3153.2000,3153.0000,3152.8000,3155.6000,3156.0000,3157.0000,3158.0000,3158.6000,1,1,4,2,3,1,2,1,1,1
SF,IH2012,2020-07-27 09:34:06.200,3153.8000,16099,-3,409831320.000,3,0,3,双平,S,3153.8000,3153.6000,3153.2000,3153.0000,3152.8000,3156.0000,3157.0000,3158.0000,3158.6000,3159.0000,1,1,4,2,3,2,1,1,1,1
SF,IH2012,2020-07-27 09:34:06.700,3153.8000,16099,0,409831320.000,0,-,-,-,-,3154.0000,3153.8000,3153.6000,3153.2000,3153.0000,3156.0000,3157.0000,3158.0000,3158.6000,3159.0000,2,1,1,4,2,2,1,1,1,1
SF,IH2012,2020-07-27 09:34:07.200,3153.8000,16099,0,411723600.000,2,1,1,多换,S,3154.2000,3153.6000,3153.2000,3153.0000,3152.8000,3156.0000,3157.0000,3158.0000,3158.6000,3159.0000,1,1,4,2,3,2,1,1,1,1
SF,IH2012,2020-07-27 09:34:07.700,3156.0000,16099,0,412670400.000,1,0,1,多换,S,3153.6000,3153.2000,3153.0000,3152.8000,3151.0000,3156.0000,3157.0000,3158.0000,3158.6000,3159.0000,1,4,2,3,1,1,1,1,1,1
SF,IH2012,2020-07-27 09:34:08.200,3156.0000,16098,-1,413617200.000,1,0,1,双平,S,3154.0000,3153.8000,3153.6000,3153.2000,3153.0000,3157.0000,3158.0000,3158.6000,3159.0000,3159.4000,1,3,1,3,2,1,1,1,1,1
SF,IH2012,2020-07-27 09:34:08.700,3156.0000,16098,0,413617200.000,0,-,-,-,-,3154.4000,3154.2000,3154.0000,3153.6000,3153.2000,3157.0000,3158.0000,3158.6000,3159.0000,3159.4000,1,2,1,1,3,1,1,1,1,1
SF,IH2012,2020-07-27 09:34:09.200,3156.0000,16098,0,413617200.000,0,-,-,-,-,3154.6000,3154.4000,3154.0000,3153.6000,3153.2000,3157.0000,3158.0000,3158.6000,3159.0000,3159.4000,2,3,1,1,3,1,1,1,1,1
SF,IH2012,2020-07-27 09:34:09.700,3156.0000,16098,0,413617200.000,0,-,-,-,-,3154.6000,3154.4000,3153.6000,3153.2000,3152.8000,3157.0000,3158.0000,3158.6000,3159.0000,3159.4000,2,3,1,3,3,1,1,1,1,1
SF,IH2012,2020-07-27 09:34:10.200,3156.0000,16098,0,413617200.000,0,-,-,-,-,3154.6000,3154.4000,3153.6000,3153.2000,3152.8000,3157.0000,3158.0000,3158.6000,3159.0000,3159.4000,2,3,1,1,3,1,1,1,1,1
SF,IH2012,2020-07-27 09:34:10.700,3156.0000,16098,0,413617200.000,0,-,-,-,-,3154.6000,3154.4000,3153.6000,3153.2000,3152.8000,3157.0000,3158.0000,3158.6000,3159.0000,3159.4000,4,3,1,1,3,1,1,1,1,1
SF,IH2012,2020-07-27 09:34:11.200,3156.0000,16098,0,413617200.000,0,-,-,-,-,3154.6000,3154.4000,3153.6000,3153.2000,3152.8000,3157.0000,3158.0000,3158.6000,3159.0000,3159.4000,4,2,1,1,3,2,1,1,1,1
SF,IH2012,2020-07-27 09:34:11.700,3156.0000,16098,0,413617200.000,0,-,-,-,-,3154.6000,3154.4000,3153.6000,3153.2000,3152.8000,3156.8000,3157.0000,3158.0000,3158.6000,3159.0000,4,2,1,1,3,1,2,1,1,1
SF,IH2012,2020-07-27 09:34:12.200,3154.6000,16096,-2,415509960.000,2,0,2,双平,S,3154.4000,3153.6000,3153.2000,3152.8000,3151.0000,3156.4000,3156.8000,3157.0000,3158.0000,3158.6000,2,1,1,3,1,1,1,2,1,1
SF,IH2012,2020-07-27 09:34:12.700,3154.6000,16096,0,415509960.000,0,-,-,-,-,3154.4000,3153.6000,3153.2000,3152.8000,3151.0000,3156.2000,3156.4000,3157.0000,3158.0000,3158.6000,2,1,1,3,1,1,1,2,1,1
SF,IH2012,2020-07-27 09:34:13.200,3156.2000,16095,-1,416456820.000,1,0,1,双平,S,3154.4000,3153.6000,3153.2000,3152.8000,3151.0000,3156.4000,3157.0000,3158.0000,3158.6000,3159.0000,2,1,1,3,1,1,2,1,1,1
SF,IH2012,2020-07-27 09:34:13.700,3156.2000,16095,0,416456820.000,0,-,-,-,-,3154.6000,3154.4000,3153.6000,3153.2000,3152.8000,3157.0000,3158.0000,3158.6000,3159.0000,3159.4000,1,2,1,1,3,2,1,1,1,1
SF,IH2012,2020-07-27 09:34:14.200,3157.0000,16093,-2,419298120.000,3,0,3,多平,S,3154.8000,3154.6000,3153.6000,3153.2000,3151.0000,3158.0000,3158.6000,3159.0000,3159.4000,3160.0000,1,1,1,1,1,1,1,1,1,4
SF,IH2012,2020-07-27 09:34:14.700,3157.0000,16093,0,419298120.000,0,-,-,-,-,3155.0000,3154.8000,3153.6000,3153.2000,3151.0000,3158.0000,3158.6000,3159.0000,3159.4000,3159.6000,1,3,1,1,1,1,1,1,1,1
SF,IH2012,2020-07-27 09:34:15.200,3157.0000,16093,0,419298120.000,0,-,-,-,-,3155.4000,3155.2000,3155.0000,3154.8000,3153.6000,3158.0000,3158.6000,3159.0000,3159.4000,3159.6000,1,1,1,2,1,1,1,1,1,1
SF,IH2012,2020-07-27 09:34:15.700,3157.0000,16093,0,419298120.000,0,-,-,-,-,3155.8000,3155.6000,3154.8000,3153.6000,3153.2000,3158.0000,3158.6000,3159.0000,3159.4000,3159.6000,1,3,2,1,1,1,1,1,1,1
SF,IH2012,2020-07-27 09:34:16.200,3157.0000,16093,0,419298120.000,0,-,-,-,-,3156.2000,3156.0000,3155.8000,3155.6000,3154.8000,3158.0000,3158.6000,3159.0000,3159.4000,3159.6000,1,1,1,2,2,1,1,1,1,1
SF,IH2012,2020-07-27 09:34:16.700,3158.0000,16092,-1,420245520.000,1,0,1,双平,S,3156.4000,3155.8000,3155.6000,3154.8000,3153.6000,3158.6000,3159.0000,3159.4000,3159.6000,3160.0000,1,1,2,2,1,1,1,1,1,4
SF,IH2012,2020-07-27 09:34:17.200,3158.0000,16092,0,420245520.000,0,-,-,-,-,3156.4000,3155.8000,3155.6000,3154.8000,3153.6000,3158.6000,3159.0000,3159.4000,3159.6000,3160.0000,1,1,2,2,1,1,1,1,1,4
SF,IH2012,2020-07-27 09:34:17.700,3158.0000,16092,0,420245520.000,0,-,-,-,-,3156.8000,3156.4000,3155.8000,3155.6000,3154.8000,3158.6000,3159.0000,3159.4000,3159.6000,3160.0000,1,1,1,2,2,1,1,1,1,4
SF,IH2012,2020-07-27 09:34:18.200,3158.0000,16092,0,420245520.000,0,-,-,-,-,3157.0000,3156.8000,3155.8000,3155.6000,3154.8000,3158.6000,3159.0000,3159.4000,3159.6000,3160.0000,1,1,1,2,2,1,1,1,1,4
SF,IH2012,2020-07-27 09:34:19.700,3158.6000,16091,-1,421193100.000,1,0,1,双平,S,3157.0000,3156.8000,3155.8000,3155.6000,3154.8000,3158.6000,3159.0000,3159.4000,3159.6000,3160.0000,1,1,1,2,2,1,1,1,1,4
SF,IH2012,2020-07-27 09:34:20.200,3158.6000,16091,0,422140680.000,1,0,1,多换,S,3158.6000,3157.0000,3156.8000,3155.8000,3155.6000,3159.0000,3159.4000,3159.6000,3160.0000,3160.2000,2,1,1,1,2,1,1,1,4,1
SF,IH2012,2020-07-27 09:34:20.700,3158.6000,16091,0,424035840.000,2,1,1,多换,S,3158.6000,3157.0000,3155.8000,3155.6000,3153.6000,3159.0000,3159.6000,3160.0000,3160.2000,3162.0000,2,1,1,2,1,1,1,4,1,2
SF,IH2012,2020-07-27 09:34:21.200,3158.6000,16089,-2,425931000.000,2,0,2,双平,S,3157.0000,3155.8000,3155.6000,3153.6000,3153.2000,3159.0000,3159.6000,3160.0000,3160.2000,3162.0000,1,1,2,1,1,1,1,3,1,2
SF,IH2012,2020-07-27 09:34:21.700,3158.6000,16089,0,425931000.000,0,-,-,-,-,3157.0000,3155.8000,3155.6000,3153.6000,3153.2000,3159.0000,3159.6000,3160.0000,3160.2000,3162.0000,1,1,2,1,1,1,1,3,1,2
SF,IH2012,2020-07-27 09:34:22.200,3159.0000,16088,-1,426878700.000,1,0,1,双平,S,3159.0000,3157.2000,3157.0000,3155.8000,3155.6000,3159.6000,3160.0000,3160.2000,3162.0000,3162.8000,1,1,1,1,2,1,3,1,2,3
SF,IH2012,2020-07-27 09:34:22.700,3159.6000,16087,-1,427826580.000,1,0,1,双平,S,3159.0000,3157.2000,3157.0000,3155.6000,3153.6000,3160.0000,3160.2000,3162.0000,3162.8000,3163.2000,1,1,1,2,1,3,1,2,3,1
SF,IH2012,2020-07-27 09:34:23.200,3159.6000,16087,0,427826580.000,0,-,-,-,-,3159.0000,3157.2000,3157.0000,3155.6000,3153.6000,3160.0000,3160.2000,3162.0000,3162.8000,3163.2000,2,1,1,2,1,3,1,2,3,1
SF,IH2012,2020-07-27 09:34:23.700,3160.0000,16086,-1,429722580.000,2,0,2,多平,S,3159.0000,3157.2000,3157.0000,3155.6000,3153.6000,3160.0000,3160.2000,3162.0000,3162.8000,3163.2000,2,1,1,2,1,1,1,2,3,1
SF,IH2012,2020-07-27 09:34:24.200,3160.0000,16085,-1,430670580.000,1,0,1,双平,S,3159.2000,3159.0000,3157.2000,3155.6000,3153.6000,3160.2000,3162.0000,3162.8000,3163.2000,3164.4000,1,1,1,2,1,1,2,3,1,1
SF,IH2012,2020-07-27 09:34:24.700,3160.0000,16085,0,430670580.000,0,-,-,-,-,3159.2000,3157.2000,3155.6000,3153.6000,3153.2000,3160.2000,3162.0000,3162.8000,3163.2000,3164.4000,1,1,2,1,1,1,2,3,1,1
SF,IH2012,2020-07-27 09:34:25.200,3160.0000,16085,0,430670580.000,0,-,-,-,-,3159.4000,3159.2000,3155.6000,3153.6000,3153.2000,3160.2000,3162.0000,3162.8000,3163.2000,3164.4000,1,1,2,1,1,1,2,1,1,1
SF,IH2012,2020-07-27 09:34:25.700,3160.0000,16085,0,430670580.000,0,-,-,-,-,3159.2000,3155.6000,3153.6000,3153.2000,3150.8000,3160.0000,3160.2000,3162.0000,3162.8000,3163.2000,1,2,1,1,1,1,1,2,1,1
