市场代码,合约代码,时间,最新,持仓,增仓,成交额,成交量,开仓,平仓,成交类型,方向,买一价,买二价,买三价,买四价,买五价,卖一价,卖二价,卖三价,卖四价,卖五价,买一量,买二量,买三量,买四量,买五量,卖一量,卖二量,卖三量,卖四量,卖五量
SF,IH2012,2020-08-24 09:29:00.300,3298.4000,18956,0,15832320.000,16.000,-,-,-,-,3298.4000,3298.2000,3298.0000,3294.0000,3293.8000,3299.4000,3300.0000,3306.0000,3307.0000,3307.8000,4,5,1,6,6,1,1,1,4,1
SF,IH2012,2020-08-24 09:30:00.300,3299.4000,18942,-14,43540680.000,28,7,21,多平,S,3299.6000,3299.0000,3293.8000,3291.4000,3291.0000,3299.8000,3300.0000,3300.2000,3305.0000,3305.2000,5,5,1,1,1,1,2,1,1,5
SF,IH2012,2020-08-24 09:30:00.800,3299.0000,18940,-2,59376480.000,16,7,9,多平,S,3288.0000,3285.8000,3283.0000,3281.6000,3281.2000,3299.0000,3299.4000,3299.6000,3299.8000,3300.0000,1,1,1,2,1,2,2,13,2,2
SF,IH2012,2020-08-24 09:30:01.300,3299.0000,18939,-1,61355880.000,2,0,2,多平,S,3296.0000,3295.8000,3293.6000,3292.4000,3291.2000,3298.6000,3298.8000,3299.0000,3299.4000,3299.6000,1,1,2,1,3,1,1,2,3,17
SF,IH2012,2020-08-24 09:30:01.800,3296.8000,18936,-3,66301560.000,5,1,4,多平,S,3296.2000,3292.4000,3291.0000,3290.8000,3288.4000,3297.0000,3297.2000,3297.4000,3297.8000,3298.2000,9,1,3,1,4,3,1,2,1,1
SF,IH2012,2020-08-24 09:30:02.300,3296.4000,18933,-3,69268860.000,3,0,3,双平,S,3298.2000,3296.4000,3296.2000,3292.4000,3291.0000,3298.4000,3299.0000,3299.4000,3299.6000,3299.8000,1,1,8,1,3,2,3,3,17,2
SF,IH2012,2020-08-24 09:30:02.800,3298.2000,18929,-4,82125420.000,13,4,9,多平,S,3291.0000,3290.8000,3288.4000,3288.2000,3288.0000,3296.0000,3299.0000,3299.4000,3299.6000,3299.8000,1,1,4,3,2,1,4,2,11,2
SF,IH2012,2020-08-24 09:30:03.300,3296.8000,18928,-1,83114460.000,1,0,1,双平,S,3297.0000,3295.4000,3295.2000,3294.8000,3294.6000,3298.4000,3299.0000,3299.4000,3299.6000,3299.8000,1,1,2,1,3,1,4,3,10,2
SF,IH2012,2020-08-24 09:30:03.800,3297.0000,18927,-1,85092600.000,2,0,2,多平,S,3294.6000,3293.4000,3291.6000,3291.4000,3291.2000,3296.0000,3297.0000,3297.2000,3298.2000,3298.4000,3,1,2,5,6,5,1,2,2,1
SF,IH2012,2020-08-24 09:30:04.300,3296.0000,18922,-5,90036600.000,5,0,5,双平,S,3294.8000,3294.6000,3293.4000,3291.6000,3291.4000,3297.0000,3298.0000,3298.2000,3298.4000,3299.0000,3,3,1,2,2,1,1,1,1,4
SF,IH2012,2020-08-24 09:30:04.800,3296.0000,18922,0,90036600.000,0,-,-,-,-,3295.4000,3295.0000,3294.6000,3293.4000,3291.6000,3296.8000,3297.0000,3298.0000,3298.2000,3298.4000,1,2,3,1,2,3,1,1,2,1
SF,IH2012,2020-08-24 09:30:05.300,3296.8000,18921,-1,93992700.000,4,1,3,多平,S,3295.4000,3295.0000,3291.4000,3291.2000,3291.0000,3297.0000,3298.0000,3298.2000,3298.4000,3298.8000,1,1,2,3,1,1,1,2,1,1
SF,IH2012,2020-08-24 09:30:05.800,3295.4000,18920,-1,97947060.000,4,1,3,多平,S,3291.4000,3291.2000,3291.0000,3288.2000,3288.0000,3296.2000,3296.8000,3297.0000,3298.0000,3298.2000,2,3,1,2,2,4,3,1,1,2
SF,IH2012,2020-08-24 09:30:06.300,3295.4000,18919,-1,99924180.000,2,0,2,多平,S,3295.0000,3294.8000,3294.6000,3294.2000,3293.8000,3296.0000,3296.8000,3297.0000,3298.0000,3298.2000,1,1,3,2,3,2,1,1,1,1
SF,IH2012,2020-08-24 09:30:06.800,3295.0000,18918,-1,100912680.000,1,0,1,双平,S,3294.6000,3293.4000,3291.8000,3291.6000,3291.4000,3295.0000,3296.0000,3296.8000,3297.0000,3298.0000,3,1,3,3,2,2,1,1,1,1
SF,IH2012,2020-08-24 09:30:07.300,3294.6000,18918,0,102889440.000,2,1,1,多换,S,3291.8000,3291.6000,3291.4000,3291.2000,3291.0000,3294.6000,3294.8000,3295.0000,3296.0000,3296.8000,3,3,1,3,1,1,1,2,1,1
SF,IH2012,2020-08-24 09:30:07.800,3294.6000,18918,0,102889440.000,0,-,-,-,-,3293.2000,3292.2000,3292.0000,3291.8000,3291.6000,3294.4000,3294.6000,3294.8000,3295.0000,3296.8000,1,2,3,3,2,2,1,1,4,1
SF,IH2012,2020-08-24 09:30:08.300,3291.8000,18912,-6,109802520.000,7,0,7,多平,S,3291.6000,3291.2000,3291.0000,3288.2000,3288.0000,3291.8000,3294.2000,3294.4000,3294.6000,3295.0000,2,3,1,2,2,3,1,1,2,4
SF,IH2012,2020-08-24 09:30:08.800,3291.8000,18903,-9,119677920.000,10,0,10,多平,S,3292.0000,3291.8000,3291.6000,3291.2000,3291.0000,3294.2000,3294.6000,3295.0000,3297.0000,3298.0000,1,3,3,3,1,1,1,3,1,1
SF,IH2012,2020-08-24 09:30:09.300,3291.8000,18903,0,119677920.000,0,-,-,-,-,3291.2000,3291.0000,3288.2000,3288.0000,3285.8000,3292.0000,3293.8000,3294.0000,3294.6000,3294.8000,1,1,2,2,1,1,3,2,1,1
SF,IH2012,2020-08-24 09:30:09.800,3291.2000,18900,-3,123627600.000,4,0,4,多平,S,3291.8000,3291.2000,3291.0000,3288.2000,3288.0000,3292.0000,3293.8000,3294.0000,3294.6000,3294.8000,1,2,1,2,2,1,3,6,1,1
SF,IH2012,2020-08-24 09:30:10.300,3291.0000,18899,-1,127577400.000,4,1,3,多平,S,3288.2000,3288.0000,3285.8000,3283.2000,3283.0000,3291.8000,3293.8000,3294.0000,3294.6000,3294.8000,2,2,1,5,1,1,3,3,1,1
SF,IH2012,2020-08-24 09:30:10.800,3288.6000,18898,-1,128563980.000,1,0,1,双平,S,3288.4000,3288.2000,3288.0000,3285.8000,3283.2000,3291.6000,3291.8000,3293.8000,3294.0000,3294.6000,4,2,2,1,5,2,2,3,2,1
SF,IH2012,2020-08-24 09:30:11.300,3290.8000,18895,-3,131525280.000,3,0,3,双平,S,3290.4000,3289.0000,3288.6000,3288.4000,3288.2000,3291.4000,3291.6000,3291.8000,3293.8000,3294.0000,1,1,8,5,2,1,1,2,1,2
SF,IH2012,2020-08-24 09:30:11.800,3290.6000,18893,-2,134487060.000,3,0,3,多平,S,3289.0000,3288.6000,3288.4000,3288.2000,3288.0000,3291.8000,3293.8000,3294.0000,3294.6000,3294.8000,1,2,4,2,2,2,1,2,1,1
SF,IH2012,2020-08-24 09:30:12.300,3290.6000,18891,-2,136461420.000,2,0,2,双平,S,3290.6000,3290.4000,3289.4000,3289.2000,3289.0000,3291.6000,3294.6000,3294.8000,3295.0000,3295.2000,1,3,1,10,1,1,1,1,3,1
SF,IH2012,2020-08-24 09:30:12.800,3291.6000,18890,-1,137448900.000,1,0,1,双平,S,3289.2000,3288.6000,3288.0000,3285.8000,3283.2000,3290.4000,3294.6000,3294.8000,3295.0000,3295.2000,2,2,2,1,5,1,1,1,3,2
SF,IH2012,2020-08-24 09:30:13.300,3294.6000,18888,-2,139424760.000,2,0,2,双平,S,3291.0000,3290.4000,3290.2000,3290.0000,3289.6000,3294.8000,3295.0000,3295.2000,3298.0000,3298.2000,1,2,2,2,1,1,3,2,1,1
SF,IH2012,2020-08-24 09:30:13.800,3293.8000,18885,-3,143374800.000,4,0,4,多平,S,3289.6000,3289.2000,3288.6000,3288.0000,3285.8000,3294.4000,3294.6000,3294.8000,3295.0000,3295.2000,1,1,1,2,1,1,10,2,3,2
SF,IH2012,2020-08-24 09:30:14.300,3291.6000,18885,0,144362280.000,1,0,1,多换,S,3290.0000,3289.8000,3289.6000,3289.2000,3288.0000,3294.0000,3294.2000,3294.6000,3294.8000,3295.0000,1,2,1,1,2,1,2,5,1,3
SF,IH2012,2020-08-24 09:30:14.800,3291.0000,18887,2,152261580.000,8,5,3,空开,S,3291.0000,3290.6000,3290.4000,3290.2000,3290.0000,3293.8000,3294.0000,3294.6000,3294.8000,3295.0000,4,2,2,2,2,2,1,4,1,3
SF,IH2012,2020-08-24 09:30:15.300,3291.2000,18886,-1,153248940.000,1,0,1,双平,S,3290.6000,3290.4000,3290.2000,3288.0000,3285.8000,3291.2000,3291.4000,3292.0000,3292.2000,3292.4000,1,1,1,2,1,2,1,1,1,1
SF,IH2012,2020-08-24 09:30:15.800,3290.6000,18886,0,156210840.000,3,1,2,多换,S,3290.4000,3290.2000,3288.0000,3285.8000,3283.2000,3291.0000,3293.8000,3294.0000,3294.6000,3294.8000,1,1,2,1,5,1,4,1,1,1
SF,IH2012,2020-08-24 09:30:16.300,3291.0000,18885,-1,157198140.000,1,0,1,双平,S,3290.6000,3290.4000,3288.0000,3285.8000,3283.2000,3293.8000,3294.8000,3295.0000,3295.2000,3298.2000,2,1,2,1,5,2,1,3,2,1
SF,IH2012,2020-08-24 09:30:16.800,3290.6000,18884,-1,158185320.000,1,0,1,双平,S,3290.6000,3290.4000,3288.0000,3285.8000,3283.2000,3293.8000,3294.8000,3295.0000,3295.2000,3298.2000,1,1,2,1,5,2,1,3,2,1
SF,IH2012,2020-08-24 09:30:17.300,3290.6000,18884,0,158185320.000,0,-,-,-,-,3290.8000,3290.4000,3288.0000,3285.8000,3283.2000,3293.8000,3294.8000,3295.0000,3295.2000,3298.2000,1,1,2,1,5,2,1,3,2,1
SF,IH2012,2020-08-24 09:30:17.800,3290.6000,18884,0,158185320.000,0,-,-,-,-,3290.8000,3290.4000,3288.0000,3285.8000,3283.2000,3293.6000,3293.8000,3294.8000,3295.0000,3295.2000,1,1,2,1,5,1,2,1,3,1
SF,IH2012,2020-08-24 09:30:18.300,3290.6000,18884,0,158185320.000,0,-,-,-,-,3290.8000,3290.4000,3288.0000,3285.8000,3283.2000,3293.4000,3293.6000,3294.8000,3295.0000,3295.2000,1,1,2,1,5,3,1,1,3,1
SF,IH2012,2020-08-24 09:30:18.800,3290.6000,18884,0,158185320.000,0,-,-,-,-,3291.2000,3291.0000,3290.8000,3290.4000,3289.2000,3293.4000,3293.6000,3294.8000,3295.0000,3295.2000,3,2,2,1,1,2,1,1,3,1
SF,IH2012,2020-08-24 09:30:19.300,3290.6000,18883,-1,159172500.000,1,0,1,双平,S,3291.0000,3290.8000,3290.4000,3289.2000,3288.0000,3293.4000,3294.8000,3295.0000,3295.2000,3298.2000,1,2,1,1,2,2,1,3,1,1
SF,IH2012,2020-08-24 09:30:19.800,3290.6000,18883,0,160159680.000,1,0,1,多换,S,3290.8000,3290.4000,3289.2000,3288.0000,3285.8000,3293.2000,3293.4000,3293.8000,3294.8000,3295.0000,1,1,1,2,1,2,2,1,1,3
SF,IH2012,2020-08-24 09:30:20.300,3290.6000,18883,0,160159680.000,0,-,-,-,-,3291.2000,3290.8000,3290.4000,3289.2000,3288.0000,3293.0000,3293.8000,3294.8000,3295.0000,3295.2000,1,1,1,1,2,2,1,1,3,1
SF,IH2012,2020-08-24 09:30:20.800,3290.6000,18883,0,160159680.000,0,-,-,-,-,3290.8000,3290.4000,3290.2000,3289.2000,3288.0000,3292.8000,3293.0000,3293.8000,3294.8000,3295.0000,1,1,2,1,2,1,3,1,1,3
SF,IH2012,2020-08-24 09:30:21.300,3290.6000,18883,0,160159680.000,0,-,-,-,-,3290.4000,3290.2000,3288.0000,3285.8000,3283.2000,3292.6000,3292.8000,3293.0000,3293.8000,3294.8000,1,2,2,1,5,3,1,1,1,1
SF,IH2012,2020-08-24 09:30:21.800,3290.6000,18883,0,160159680.000,0,-,-,-,-,3290.4000,3290.2000,3288.0000,3285.8000,3283.2000,3290.8000,3292.6000,3293.0000,3293.8000,3294.8000,1,2,2,1,5,1,3,1,1,1
SF,IH2012,2020-08-24 09:30:22.300,3290.8000,18882,-1,161146920.000,1,0,1,双平,S,3290.4000,3290.2000,3288.0000,3285.8000,3283.2000,3290.6000,3292.6000,3293.0000,3293.8000,3294.8000,1,2,2,1,5,1,2,1,1,1
SF,IH2012,2020-08-24 09:30:22.800,3290.6000,18881,-1,162134100.000,1,0,1,双平,S,3290.6000,3290.4000,3290.2000,3288.0000,3285.8000,3292.6000,3293.8000,3294.8000,3295.0000,3295.2000,1,1,2,2,1,2,1,1,3,1
SF,IH2012,2020-08-24 09:30:23.300,3290.6000,18881,0,162134100.000,0,-,-,-,-,3290.6000,3290.4000,3290.2000,3288.0000,3285.8000,3292.4000,3292.6000,3293.8000,3294.8000,3295.0000,1,1,2,2,1,2,2,1,1,3
SF,IH2012,2020-08-24 09:30:23.800,3290.6000,18881,0,162134100.000,0,-,-,-,-,3290.6000,3290.4000,3290.2000,3288.0000,3285.8000,3291.8000,3292.2000,3292.4000,3293.8000,3294.8000,1,1,2,2,1,1,2,1,1,1
SF,IH2012,2020-08-24 09:30:24.300,3290.8000,18881,0,163121340.000,1,0,1,多换,S,3290.4000,3290.2000,3288.0000,3285.8000,3283.2000,3291.6000,3291.8000,3292.2000,3293.8000,3294.8000,1,2,2,1,5,2,1,1,1,1
SF,IH2012,2020-08-24 09:30:24.800,3290.8000,18881,0,164108580.000,1,0,1,多换,S,3290.4000,3290.2000,3288.0000,3285.8000,3283.2000,3291.6000,3291.8000,3292.2000,3293.8000,3294.8000,1,2,2,1,5,1,1,1,1,1
SF,IH2012,2020-08-24 09:30:25.300,3290.4000,18876,-5,170031900.000,6,0,6,多平,S,3290.2000,3288.0000,3285.8000,3283.2000,3283.0000,3290.4000,3291.8000,3292.2000,3293.8000,3294.8000,2,2,1,5,1,12,1,1,1,1
SF,IH2012,2020-08-24 09:30:25.800,3290.4000,18864,-12,181877340.000,12,0,12,双平,S,3290.8000,3290.4000,3290.2000,3288.0000,3285.8000,3291.8000,3292.2000,3293.8000,3295.0000,3295.2000,1,3,2,2,1,1,1,1,3,1
SF,IH2012,2020-08-24 09:30:26.300,3292.2000,18861,-3,185827200.000,4,0,4,多平,S,3291.0000,3290.4000,3290.2000,3288.0000,3285.8000,3293.8000,3295.0000,3295.2000,3296.0000,3298.2000,1,2,2,2,1,1,3,1,1,1
SF,IH2012,2020-08-24 09:30:26.800,3292.2000,18861,0,185827200.000,0,-,-,-,-,3291.2000,3290.4000,3290.2000,3288.0000,3285.8000,3291.6000,3293.6000,3293.8000,3295.0000,3295.2000,1,2,2,2,1,1,3,1,3,1
SF,IH2012,2020-08-24 09:30:27.300,3291.6000,18859,-2,187802160.000,2,0,2,双平,S,3291.2000,3290.4000,3290.2000,3288.0000,3285.8000,3293.6000,3293.8000,3295.0000,3295.2000,3296.0000,1,2,2,2,1,4,1,3,1,1
SF,IH2012,2020-08-24 09:30:27.800,3291.6000,18859,0,187802160.000,0,-,-,-,-,3291.2000,3290.4000,3290.2000,3288.0000,3285.8000,3293.6000,3293.8000,3295.0000,3295.2000,3296.0000,1,2,3,2,1,2,1,3,1,1
SF,IH2012,2020-08-24 09:30:28.300,3291.6000,18859,0,187802160.000,0,-,-,-,-,3291.4000,3291.2000,3290.6000,3290.4000,3290.2000,3293.4000,3293.6000,3293.8000,3295.0000,3295.2000,1,3,1,2,3,1,2,1,2,1
SF,IH2012,2020-08-24 09:30:28.800,3291.6000,18859,0,187802160.000,0,-,-,-,-,3291.6000,3291.4000,3291.2000,3290.6000,3290.4000,3293.2000,3293.4000,3293.8000,3295.0000,3295.2000,1,1,3,1,2,3,1,1,2,1
SF,IH2012,2020-08-24 09:30:29.300,3293.2000,18856,-3,190766040.000,3,0,3,双平,S,3291.8000,3291.6000,3291.2000,3290.6000,3290.4000,3293.8000,3295.0000,3295.2000,3296.0000,3298.2000,2,1,3,1,2,1,2,1,1,1
SF,IH2012,2020-08-24 09:30:29.800,3292.0000,18856,0,191753640.000,1,0,1,多换,S,3291.8000,3291.6000,3291.2000,3290.6000,3290.4000,3293.6000,3293.8000,3295.0000,3295.2000,3296.0000,2,1,3,1,2,2,1,2,1,1
SF,IH2012,2020-08-24 09:30:30.300,3292.0000,18856,0,191753640.000,0,-,-,-,-,3291.8000,3291.6000,3291.2000,3290.6000,3290.4000,3293.6000,3293.8000,3295.0000,3295.2000,3296.0000,2,1,3,1,2,2,1,2,1,1
SF,IH2012,2020-08-24 09:30:30.800,3292.0000,18856,0,191753640.000,0,-,-,-,-,3292.6000,3292.4000,3291.8000,3291.6000,3291.2000,3293.6000,3293.8000,3295.0000,3295.2000,3296.0000,1,1,3,1,3,1,1,2,1,1
SF,IH2012,2020-08-24 09:30:31.300,3292.0000,18856,0,191753640.000,0,-,-,-,-,3292.8000,3291.8000,3291.2000,3290.6000,3290.4000,3293.8000,3295.0000,3295.2000,3296.0000,3298.2000,2,2,3,1,2,1,2,1,1,1
SF,IH2012,2020-08-24 09:30:31.800,3291.2000,18854,-2,197679060.000,6,2,4,多平,S,3291.2000,3290.6000,3290.2000,3290.0000,3288.0000,3293.6000,3293.8000,3295.0000,3295.2000,3296.0000,1,1,3,2,1,1,1,2,1,1
SF,IH2012,2020-08-24 09:30:32.300,3291.2000,18854,0,197679060.000,0,-,-,-,-,3293.0000,3291.8000,3291.4000,3291.2000,3290.6000,3293.4000,3293.6000,3293.8000,3295.0000,3295.2000,1,1,2,2,1,7,1,1,2,1
SF,IH2012,2020-08-24 09:30:32.800,3293.0000,18852,-2,199654980.000,2,0,2,双平,S,3291.8000,3291.6000,3291.4000,3291.2000,3290.6000,3293.4000,3293.6000,3293.8000,3295.0000,3295.2000,1,1,4,2,1,5,1,1,2,1
SF,IH2012,2020-08-24 09:30:33.300,3293.0000,18852,0,199654980.000,0,-,-,-,-,3292.0000,3291.8000,3291.4000,3291.2000,3290.6000,3293.4000,3293.8000,3295.0000,3295.2000,3296.0000,4,1,3,3,1,5,1,2,1,1
SF,IH2012,2020-08-24 09:30:33.800,3293.4000,18851,-1,200643000.000,1,0,1,双平,S,3292.2000,3292.0000,3291.8000,3291.4000,3291.2000,3293.4000,3293.8000,3295.0000,3295.2000,3296.0000,1,4,1,2,3,4,1,2,1,1
SF,IH2012,2020-08-24 09:30:34.300,3293.4000,18847,-4,204595080.000,4,0,4,双平,S,3293.4000,3292.8000,3292.4000,3292.2000,3292.0000,3293.8000,3295.0000,3295.2000,3296.0000,3298.2000,1,1,3,2,2,1,2,1,1,1
SF,IH2012,2020-08-24 09:30:34.800,3293.4000,18846,-1,205583100.000,1,0,1,双平,S,3292.8000,3292.4000,3292.0000,3291.8000,3291.2000,3293.8000,3295.0000,3295.2000,3296.0000,3298.2000,1,2,2,1,3,1,2,1,1,1
SF,IH2012,2020-08-24 09:30:35.300,3293.4000,18846,0,205583100.000,0,-,-,-,-,3293.0000,3292.4000,3292.0000,3291.8000,3291.2000,3293.6000,3293.8000,3295.0000,3295.2000,3296.0000,2,1,3,1,3,1,1,2,1,1
SF,IH2012,2020-08-24 09:30:35.800,3293.0000,18846,0,207558900.000,2,1,1,多换,S,3292.4000,3292.0000,3291.8000,3291.2000,3290.6000,3293.6000,3293.8000,3295.0000,3295.2000,3296.0000,1,3,1,2,1,1,2,1,1,1
SF,IH2012,2020-08-24 09:30:36.300,3293.8000,18846,0,209535120.000,2,1,1,多换,S,3292.6000,3292.4000,3292.0000,3291.8000,3291.2000,3293.8000,3295.0000,3295.2000,3296.0000,3298.2000,1,1,3,1,2,1,1,1,1,1
SF,IH2012,2020-08-24 09:30:36.800,3292.8000,18845,-1,210522960.000,1,0,1,双平,S,3292.4000,3292.0000,3291.2000,3290.6000,3290.2000,3292.8000,3293.0000,3293.8000,3295.0000,3295.2000,1,3,1,1,2,1,1,1,1,1
SF,IH2012,2020-08-24 09:30:37.300,3292.8000,18844,-1,211510800.000,1,0,1,双平,S,3292.6000,3292.4000,3292.0000,3291.2000,3290.6000,3293.0000,3293.8000,3295.0000,3295.2000,3296.0000,1,1,3,1,1,1,1,1,1,1
SF,IH2012,2020-08-24 09:30:37.800,3292.6000,18844,0,212498580.000,1,0,1,多换,S,3292.4000,3292.0000,3291.2000,3290.6000,3290.2000,3293.0000,3293.8000,3295.0000,3295.2000,3296.0000,1,4,1,1,2,1,1,1,1,1
SF,IH2012,2020-08-24 09:30:38.300,3292.6000,18844,0,212498580.000,0,-,-,-,-,3292.6000,3292.4000,3292.0000,3291.2000,3290.6000,3293.0000,3293.6000,3293.8000,3295.0000,3295.2000,3,1,2,1,1,1,1,1,1,1
SF,IH2012,2020-08-24 09:30:38.800,3293.0000,18843,-1,215462160.000,3,1,2,多平,S,3292.6000,3292.4000,3292.0000,3291.2000,3290.6000,3293.6000,3293.8000,3295.0000,3295.2000,3296.0000,2,1,2,1,1,1,1,1,1,1
SF,IH2012,2020-08-24 09:30:39.300,3293.0000,18843,0,215462160.000,0,-,-,-,-,3292.6000,3292.4000,3292.0000,3291.2000,3290.2000,3293.4000,3293.6000,3293.8000,3295.0000,3295.2000,2,1,2,1,2,1,1,1,1,1
SF,IH2012,2020-08-24 09:30:39.800,3293.0000,18842,-1,216450060.000,1,0,1,双平,S,3293.2000,3292.8000,3292.6000,3292.4000,3292.0000,3293.6000,3293.8000,3295.0000,3295.2000,3296.0000,4,2,3,1,2,1,1,1,1,1
SF,IH2012,2020-08-24 09:30:40.300,3293.0000,18842,0,216450060.000,0,-,-,-,-,3292.8000,3292.6000,3292.4000,3292.0000,3291.8000,3293.0000,3293.6000,3293.8000,3295.0000,3295.2000,2,3,1,2,1,1,1,1,1,1
SF,IH2012,2020-08-24 09:30:40.800,3293.6000,18841,-1,218426040.000,2,0,2,多平,S,3293.6000,3292.8000,3292.6000,3292.4000,3292.0000,3293.8000,3295.0000,3295.2000,3296.0000,3298.2000,3,1,3,1,2,1,1,1,1,1
SF,IH2012,2020-08-24 09:30:41.300,3295.2000,18839,-2,221391240.000,3,0,3,多平,S,3293.8000,3292.8000,3292.6000,3292.4000,3292.0000,3296.0000,3298.2000,3298.4000,3298.8000,3299.4000,1,1,3,1,2,1,1,1,1,3
SF,IH2012,2020-08-24 09:30:41.800,3294.0000,18838,-1,222379440.000,1,0,1,双平,S,3292.8000,3292.6000,3292.4000,3292.0000,3291.8000,3295.8000,3296.0000,3298.2000,3298.4000,3298.8000,1,3,1,2,1,3,1,1,1,1
SF,IH2012,2020-08-24 09:30:42.300,3295.8000,18836,-2,224356920.000,2,0,2,双平,S,3294.0000,3293.0000,3292.8000,3292.6000,3292.4000,3295.8000,3296.0000,3298.2000,3298.4000,3298.8000,3,1,1,3,1,1,1,1,1,1
SF,IH2012,2020-08-24 09:30:42.800,3295.8000,18834,-2,226334400.000,2,0,2,双平,S,3294.2000,3294.0000,3292.6000,3292.4000,3292.0000,3295.8000,3296.0000,3298.2000,3298.4000,3298.8000,3,4,3,1,1,1,1,1,1,1
SF,IH2012,2020-08-24 09:30:43.300,3296.0000,18832,-2,228311940.000,2,0,2,双平,S,3295.8000,3294.2000,3294.0000,3292.6000,3292.4000,3298.2000,3298.4000,3298.8000,3299.4000,3299.6000,3,3,4,1,1,1,1,1,3,1
SF,IH2012,2020-08-24 09:30:43.800,3294.2000,18836,4,236220780.000,8,6,2,空开,S,3294.2000,3294.0000,3292.6000,3292.4000,3292.0000,3296.8000,3297.4000,3298.0000,3298.2000,3298.4000,1,1,1,1,1,1,1,8,1,1
SF,IH2012,2020-08-24 09:30:44.300,3294.2000,18836,0,236220780.000,0,-,-,-,-,3294.4000,3294.2000,3294.0000,3292.6000,3292.4000,3296.6000,3297.4000,3298.0000,3298.2000,3298.4000,2,1,1,1,1,1,1,7,1,1
SF,IH2012,2020-08-24 09:30:44.800,3294.2000,18836,0,236220780.000,0,-,-,-,-,3294.8000,3294.4000,3294.2000,3294.0000,3292.6000,3296.4000,3296.6000,3297.4000,3298.0000,3298.2000,3,1,1,1,1,1,1,1,6,1
SF,IH2012,2020-08-24 09:30:45.300,3294.2000,18836,0,236220780.000,0,-,-,-,-,3295.0000,3294.8000,3294.2000,3294.0000,3292.6000,3296.2000,3296.6000,3298.0000,3298.2000,3298.4000,2,3,1,1,1,1,1,5,1,1
SF,IH2012,2020-08-24 09:30:45.800,3296.6000,18836,0,237209760.000,1,0,1,多换,S,3295.0000,3294.8000,3294.4000,3294.2000,3294.0000,3298.0000,3298.2000,3298.4000,3298.8000,3299.4000,2,3,1,1,1,5,1,1,1,3
SF,IH2012,2020-08-24 09:30:46.300,3296.6000,18836,0,237209760.000,0,-,-,-,-,3296.4000,3295.2000,3295.0000,3294.2000,3292.6000,3297.8000,3298.0000,3298.2000,3298.4000,3298.8000,2,1,4,1,1,2,4,1,1,1
SF,IH2012,2020-08-24 09:30:46.800,3296.4000,18834,-2,240176520.000,3,0,3,多平,S,3295.2000,3295.0000,3294.2000,3293.8000,3292.6000,3296.0000,3297.8000,3298.0000,3298.2000,3298.4000,1,4,1,1,1,1,1,4,1,1
SF,IH2012,2020-08-24 09:30:47.300,3295.4000,18833,-1,241165140.000,1,0,1,双平,S,3295.4000,3295.0000,3294.2000,3293.8000,3292.6000,3297.8000,3298.0000,3298.2000,3298.4000,3298.8000,1,2,1,1,1,1,4,1,1,1
SF,IH2012,2020-08-24 09:30:47.800,3295.4000,18833,0,241165140.000,0,-,-,-,-,3295.6000,3294.2000,3292.6000,3292.0000,3290.2000,3296.6000,3297.4000,3297.6000,3297.8000,3298.0000,1,1,1,1,2,1,1,2,1,4
SF,IH2012,2020-08-24 09:30:48.300,3295.6000,18833,0,242153820.000,1,0,1,多换,S,3294.2000,3292.6000,3292.0000,3290.2000,3290.0000,3296.4000,3297.4000,3297.6000,3298.0000,3298.2000,1,1,1,2,1,2,1,2,4,1
SF,IH2012,2020-08-24 09:30:48.800,3295.6000,18833,0,242153820.000,0,-,-,-,-,3295.0000,3294.4000,3294.2000,3292.6000,3292.0000,3297.4000,3297.6000,3298.0000,3298.2000,3298.4000,3,2,1,1,1,1,1,4,1,1
SF,IH2012,2020-08-24 09:30:49.300,3295.6000,18833,0,242153820.000,0,-,-,-,-,3295.2000,3295.0000,3294.2000,3292.6000,3292.0000,3297.2000,3297.4000,3298.0000,3298.2000,3298.4000,2,3,1,1,1,2,1,4,1,1
SF,IH2012,2020-08-24 09:30:49.800,3295.6000,18833,0,242153820.000,0,-,-,-,-,3295.4000,3295.2000,3295.0000,3294.4000,3294.2000,3297.0000,3297.2000,3298.0000,3298.2000,3298.4000,1,2,1,1,1,1,2,4,1,1
SF,IH2012,2020-08-24 09:30:50.300,3295.6000,18833,0,242153820.000,0,-,-,-,-,3295.2000,3294.4000,3294.2000,3292.6000,3290.2000,3296.8000,3297.0000,3298.0000,3298.2000,3298.4000,2,1,1,1,2,2,1,4,1,1
SF,IH2012,2020-08-24 09:30:50.800,3295.6000,18833,0,242153820.000,0,-,-,-,-,3295.2000,3294.2000,3292.6000,3290.2000,3290.0000,3296.6000,3296.8000,3298.0000,3298.2000,3298.4000,1,1,1,2,1,1,2,4,1,1
SF,IH2012,2020-08-24 09:30:51.300,3295.2000,18832,-1,243142380.000,1,0,1,双平,S,3294.2000,3292.6000,3290.2000,3290.0000,3288.0000,3296.4000,3296.6000,3296.8000,3298.0000,3298.2000,1,1,2,1,1,1,1,1,4,1
SF,IH2012,2020-08-24 09:30:51.800,3295.2000,18832,0,243142380.000,0,-,-,-,-,3295.0000,3294.4000,3294.2000,3292.6000,3290.2000,3296.2000,3296.4000,3296.8000,3298.0000,3298.2000,3,1,1,1,2,1,1,1,4,1
SF,IH2012,2020-08-24 09:30:52.300,3295.0000,18831,-1,246107880.000,3,1,2,多平,S,3294.4000,3294.2000,3292.6000,3290.2000,3290.0000,3295.6000,3296.4000,3296.8000,3298.0000,3298.2000,1,1,1,2,1,1,1,1,4,1
SF,IH2012,2020-08-24 09:30:52.800,3294.2000,18831,0,247096140.000,1,0,1,多换,S,3295.2000,3293.4000,3292.6000,3290.2000,3290.0000,3295.4000,3295.6000,3296.8000,3298.0000,3298.2000,1,1,1,2,1,2,1,1,4,1
SF,IH2012,2020-08-24 09:30:53.300,3294.4000,18831,0,248084460.000,1,0,1,多换,S,3292.6000,3290.2000,3290.0000,3288.0000,3287.0000,3295.0000,3295.2000,3295.4000,3295.6000,3296.8000,1,2,1,1,5,1,1,4,1,1
SF,IH2012,2020-08-24 09:30:53.800,3294.4000,18831,0,248084460.000,0,-,-,-,-,3292.8000,3290.2000,3290.0000,3288.0000,3287.0000,3294.8000,3295.6000,3296.8000,3298.0000,3298.2000,1,2,1,1,5,2,1,1,5,1
SF,IH2012,2020-08-24 09:30:54.300,3294.4000,18831,0,248084460.000,0,-,-,-,-,3293.8000,3292.8000,3292.6000,3290.2000,3290.0000,3294.6000,3294.8000,3295.6000,3298.0000,3298.2000,2,1,1,2,1,1,2,1,5,1
SF,IH2012,2020-08-24 09:30:54.800,3294.6000,18831,0,251049120.000,3,1,2,多换,S,3292.8000,3292.6000,3290.2000,3290.0000,3288.0000,3294.6000,3295.6000,3298.0000,3298.2000,3298.4000,1,1,2,1,1,1,1,5,1,2
SF,IH2012,2020-08-24 09:30:55.300,3292.8000,18830,-1,252036960.000,1,0,1,双平,S,3290.2000,3290.0000,3288.0000,3287.0000,3285.8000,3294.4000,3295.6000,3298.0000,3298.2000,3298.4000,2,1,1,5,1,3,1,5,1,2
SF,IH2012,2020-08-24 09:30:55.800,3292.8000,18830,0,252036960.000,0,-,-,-,-,3290.8000,3290.6000,3290.4000,3290.2000,3290.0000,3294.4000,3295.6000,3298.0000,3298.2000,3298.4000,2,5,2,3,1,2,1,5,1,2
SF,IH2012,2020-08-24 09:30:56.300,3292.8000,18830,0,252036960.000,0,-,-,-,-,3291.2000,3291.0000,3290.8000,3290.6000,3290.4000,3292.8000,3294.2000,3294.4000,3295.6000,3296.0000,1,1,1,1,1,1,1,2,1,1
SF,IH2012,2020-08-24 09:30:56.800,3292.8000,18830,0,252036960.000,0,-,-,-,-,3291.4000,3291.2000,3290.8000,3290.4000,3290.2000,3292.8000,3294.4000,3295.6000,3296.0000,3298.0000,1,1,1,1,3,1,2,1,1,2
SF,IH2012,2020-08-24 09:30:57.300,3292.8000,18830,0,252036960.000,0,-,-,-,-,3291.4000,3291.2000,3290.8000,3290.4000,3290.2000,3292.8000,3294.4000,3295.6000,3296.0000,3298.0000,3,1,1,1,3,1,2,1,1,2
SF,IH2012,2020-08-24 09:30:57.800,3292.8000,18830,0,252036960.000,0,-,-,-,-,3291.6000,3291.4000,3290.8000,3290.4000,3290.2000,3292.8000,3294.4000,3295.6000,3296.0000,3298.0000,1,3,1,1,3,1,2,1,1,2
SF,IH2012,2020-08-24 09:30:58.300,3291.6000,18829,-1,253024440.000,1,0,1,双平,S,3291.4000,3290.8000,3290.4000,3290.2000,3290.0000,3292.8000,3294.4000,3295.6000,3296.0000,3298.0000,2,1,1,3,1,1,2,1,1,2
SF,IH2012,2020-08-24 09:30:58.800,3291.6000,18829,0,253024440.000,0,-,-,-,-,3290.8000,3290.4000,3290.2000,3290.0000,3288.0000,3291.4000,3292.6000,3292.8000,3294.4000,3295.6000,1,1,3,1,1,1,2,1,1,1
SF,IH2012,2020-08-24 09:30:59.300,3292.6000,18828,-1,254999640.000,2,0,2,多平,S,3291.4000,3290.8000,3290.4000,3290.2000,3290.0000,3292.8000,3294.4000,3295.6000,3296.0000,3298.0000,1,1,1,3,1,1,1,1,1,2
SF,IH2012,2020-08-24 09:30:59.800,3292.6000,18828,0,254999640.000,0,-,-,-,-,3290.8000,3290.4000,3290.2000,3290.0000,3288.0000,3292.6000,3292.8000,3294.4000,3295.6000,3296.0000,1,1,3,1,1,2,1,1,1,1
SF,IH2012,2020-08-24 09:31:00.300,3292.6000,18828,0,254999640.000,0,-,-,-,-,3290.4000,3290.2000,3290.0000,3288.0000,3285.8000,3291.2000,3292.4000,3292.6000,3292.8000,3295.6000,1,3,1,1,1,1,1,2,1,1
SF,IH2012,2020-08-24 09:31:00.800,3291.4000,18827,-1,255987060.000,1,0,1,双平,S,3291.2000,3290.6000,3290.4000,3290.2000,3290.0000,3292.4000,3292.6000,3292.8000,3295.6000,3296.0000,1,1,1,3,1,1,1,1,1,1
SF,IH2012,2020-08-24 09:31:01.300,3291.4000,18827,0,255987060.000,0,-,-,-,-,3290.6000,3290.4000,3290.2000,3290.0000,3288.0000,3292.6000,3296.0000,3298.0000,3298.2000,3298.4000,1,1,3,1,1,1,1,2,1,2
SF,IH2012,2020-08-24 09:31:01.800,3291.4000,18827,0,255987060.000,0,-,-,-,-,3290.6000,3290.4000,3290.2000,3290.0000,3288.0000,3291.4000,3292.4000,3292.6000,3296.0000,3298.0000,1,1,3,1,1,1,3,1,1,2
SF,IH2012,2020-08-24 09:31:02.300,3291.4000,18827,0,255987060.000,0,-,-,-,-,3290.6000,3290.2000,3290.0000,3288.0000,3285.8000,3291.4000,3292.4000,3292.6000,3296.0000,3298.0000,1,3,1,1,1,1,2,1,1,2
SF,IH2012,2020-08-24 09:31:02.800,3290.6000,18826,-1,256974240.000,1,0,1,双平,S,3290.2000,3290.0000,3288.0000,3285.8000,3283.2000,3291.4000,3292.4000,3292.6000,3296.0000,3298.0000,3,1,1,1,5,1,1,1,1,2
SF,IH2012,2020-08-24 09:31:03.300,3290.6000,18826,0,256974240.000,0,-,-,-,-,3290.2000,3290.0000,3288.0000,3285.8000,3283.2000,3290.6000,3291.2000,3291.4000,3292.4000,3296.0000,3,1,1,1,5,8,2,1,1,1
SF,IH2012,2020-08-24 09:31:03.800,3290.6000,18823,-3,262896900.000,6,1,5,多平,S,3290.0000,3288.0000,3285.8000,3283.2000,3283.0000,3290.6000,3291.2000,3291.4000,3292.4000,3296.0000,2,1,1,5,1,7,1,1,1,1
SF,IH2012,2020-08-24 09:31:04.300,3290.4000,18819,-4,268819020.000,6,1,5,多平,S,3288.0000,3285.8000,3283.2000,3283.0000,3280.0000,3290.0000,3290.6000,3291.2000,3291.4000,3292.4000,1,1,5,1,1,1,7,1,1,1
SF,IH2012,2020-08-24 09:31:04.800,3290.4000,18819,0,268819020.000,0,-,-,-,-,3289.2000,3289.0000,3288.6000,3288.4000,3288.2000,3289.8000,3290.0000,3290.6000,3291.4000,3296.0000,2,1,5,1,2,3,1,7,1,1
SF,IH2012,2020-08-24 09:31:05.300,3290.4000,18819,0,268819020.000,0,-,-,-,-,3288.6000,3288.2000,3288.0000,3285.8000,3283.2000,3289.8000,3290.0000,3290.6000,3291.2000,3291.4000,1,1,1,1,5,2,1,7,1,1
SF,IH2012,2020-08-24 09:31:05.800,3288.6000,18818,-1,269805600.000,1,0,1,双平,S,3288.2000,3288.0000,3285.8000,3283.2000,3283.0000,3288.6000,3289.8000,3290.0000,3290.6000,3291.2000,1,1,1,5,1,1,2,1,7,1
SF,IH2012,2020-08-24 09:31:06.300,3288.4000,18816,-2,272764980.000,3,0,3,多平,S,3285.8000,3283.2000,3283.0000,3280.0000,3266.0000,3288.0000,3288.4000,3288.6000,3289.8000,3290.0000,1,5,1,1,1,3,1,1,2,1
SF,IH2012,2020-08-24 09:31:06.800,3288.4000,18815,-1,273751500.000,1,0,1,双平,S,3287.2000,3287.0000,3286.8000,3286.2000,3286.0000,3288.0000,3288.2000,3288.4000,3288.6000,3289.8000,2,1,4,1,1,3,1,1,1,2
SF,IH2012,2020-08-24 09:31:07.300,3288.4000,18815,0,273751500.000,0,-,-,-,-,3286.0000,3285.8000,3283.0000,3280.0000,3279.4000,3287.8000,3288.0000,3288.2000,3288.4000,3288.6000,1,1,1,1,5,1,3,1,1,1
SF,IH2012,2020-08-24 09:31:07.800,3288.4000,18815,0,273751500.000,0,-,-,-,-,3286.0000,3285.8000,3283.0000,3280.0000,3279.4000,3287.6000,3287.8000,3288.0000,3288.2000,3288.4000,1,1,1,1,5,2,1,3,1,1
SF,IH2012,2020-08-24 09:31:08.300,3288.4000,18815,0,273751500.000,0,-,-,-,-,3286.2000,3286.0000,3285.8000,3283.0000,3280.0000,3287.4000,3287.6000,3288.0000,3288.2000,3288.4000,1,1,1,1,1,1,2,3,1,1
SF,IH2012,2020-08-24 09:31:08.800,3288.4000,18815,0,273751500.000,0,-,-,-,-,3286.2000,3286.0000,3285.8000,3283.0000,3280.0000,3287.4000,3287.6000,3288.0000,3288.2000,3288.4000,1,1,1,1,1,1,1,3,1,1
SF,IH2012,2020-08-24 09:31:09.300,3288.0000,18816,1,278683620.000,5,3,2,空开,S,3288.0000,3286.8000,3286.2000,3286.0000,3285.8000,3288.2000,3288.4000,3288.6000,3290.6000,3290.8000,1,3,3,1,1,1,1,1,6,1
SF,IH2012,2020-08-24 09:31:09.800,3288.0000,18816,0,280656420.000,2,1,1,多换,S,3286.8000,3286.2000,3286.0000,3285.8000,3283.0000,3288.2000,3288.4000,3288.6000,3290.6000,3290.8000,1,1,1,1,1,1,1,1,6,1
SF,IH2012,2020-08-24 09:31:10.300,3288.0000,18816,0,280656420.000,0,-,-,-,-,3286.2000,3286.0000,3285.8000,3283.0000,3280.0000,3288.0000,3288.2000,3288.6000,3290.6000,3290.8000,1,1,1,1,1,2,1,1,6,1
SF,IH2012,2020-08-24 09:31:10.800,3288.0000,18816,0,280656420.000,0,-,-,-,-,3286.4000,3285.8000,3283.0000,3280.0000,3279.4000,3288.0000,3288.2000,3288.6000,3290.0000,3290.6000,2,1,1,1,5,2,1,1,1,6
SF,IH2012,2020-08-24 09:31:11.300,3286.4000,18815,-1,281642340.000,1,0,1,双平,S,3285.8000,3283.0000,3280.0000,3279.4000,3266.0000,3287.8000,3288.0000,3288.2000,3288.6000,3290.0000,1,1,1,5,1,2,2,1,1,1
SF,IH2012,2020-08-24 09:31:11.800,3286.4000,18815,0,281642340.000,0,-,-,-,-,3286.0000,3285.8000,3283.0000,3280.0000,3279.4000,3287.6000,3287.8000,3288.2000,3288.6000,3290.0000,1,1,1,1,5,3,2,1,1,1
SF,IH2012,2020-08-24 09:31:12.300,3286.4000,18815,0,281642340.000,0,-,-,-,-,3286.0000,3285.8000,3283.0000,3280.0000,3279.4000,3287.6000,3287.8000,3288.2000,3288.6000,3290.6000,1,1,1,1,5,2,5,1,1,6
SF,IH2012,2020-08-24 09:31:12.800,3286.4000,18815,0,281642340.000,0,-,-,-,-,3286.0000,3285.8000,3283.0000,3280.0000,3279.4000,3287.6000,3288.2000,3288.6000,3290.6000,3290.8000,1,1,1,1,5,2,2,1,6,1
SF,IH2012,2020-08-24 09:31:13.300,3286.0000,18814,-1,282628140.000,1,0,1,双平,S,3286.2000,3285.8000,3283.0000,3280.0000,3279.4000,3287.6000,3288.2000,3288.6000,3290.6000,3290.8000,2,1,1,1,5,2,2,1,6,1
SF,IH2012,2020-08-24 09:31:13.800,3286.0000,18814,0,282628140.000,0,-,-,-,-,3285.8000,3283.0000,3280.0000,3279.4000,3266.0000,3287.4000,3287.6000,3288.2000,3288.6000,3290.8000,1,1,1,5,1,2,2,2,1,1
SF,IH2012,2020-08-24 09:31:14.300,3286.0000,18814,0,282628140.000,0,-,-,-,-,3285.8000,3283.0000,3280.0000,3279.4000,3266.0000,3287.2000,3287.4000,3288.2000,3288.6000,3290.8000,1,1,1,5,1,2,2,2,1,1
SF,IH2012,2020-08-24 09:31:14.800,3287.2000,18813,-1,283614300.000,1,0,1,双平,S,3286.0000,3285.8000,3283.0000,3280.0000,3279.4000,3287.2000,3288.2000,3288.6000,3290.8000,3291.4000,2,1,1,1,5,1,2,1,1,1
SF,IH2012,2020-08-24 09:31:15.300,3287.2000,18811,-2,285586620.000,2,0,2,双平,S,3286.0000,3285.8000,3283.0000,3280.0000,3279.4000,3287.0000,3288.2000,3288.6000,3290.8000,3296.0000,1,2,1,1,5,1,2,1,1,1
SF,IH2012,2020-08-24 09:31:15.800,3287.2000,18811,0,285586620.000,0,-,-,-,-,3287.0000,3286.0000,3285.8000,3283.0000,3280.0000,3288.2000,3288.6000,3290.8000,3296.0000,3298.0000,1,2,2,1,1,2,1,1,1,1
SF,IH2012,2020-08-24 09:31:16.300,3288.0000,18810,-1,286573020.000,1,0,1,双平,S,3287.2000,3285.8000,3283.0000,3280.0000,3279.4000,3288.0000,3288.2000,3288.6000,3289.8000,3290.8000,1,2,1,1,5,1,2,1,1,1
SF,IH2012,2020-08-24 09:31:16.800,3288.0000,18810,0,286573020.000,0,-,-,-,-,3287.2000,3285.8000,3285.6000,3283.0000,3280.0000,3288.0000,3288.2000,3288.6000,3289.8000,3290.8000,1,2,1,1,1,1,2,1,1,1
SF,IH2012,2020-08-24 09:31:17.300,3287.2000,18809,-1,287559180.000,1,0,1,双平,S,3285.8000,3285.6000,3283.0000,3281.0000,3280.0000,3288.0000,3288.2000,3288.6000,3289.8000,3290.8000,2,1,1,1,1,1,2,1,1,1
SF,IH2012,2020-08-24 09:31:17.800,3287.2000,18809,0,287559180.000,0,-,-,-,-,3286.2000,3286.0000,3285.8000,3285.6000,3285.4000,3287.8000,3288.2000,3288.6000,3289.8000,3290.8000,1,2,2,1,1,2,2,1,1,1
SF,IH2012,2020-08-24 09:31:18.300,3287.2000,18809,0,287559180.000,0,-,-,-,-,3286.8000,3286.4000,3286.2000,3286.0000,3285.8000,3287.8000,3288.2000,3288.6000,3289.8000,3290.8000,1,1,1,1,2,1,2,1,1,1
SF,IH2012,2020-08-24 09:31:18.800,3286.2000,18807,-2,289531080.000,2,0,2,双平,S,3285.8000,3285.6000,3285.4000,3283.0000,3281.0000,3286.4000,3287.6000,3288.2000,3288.6000,3289.8000,2,1,1,1,1,1,2,2,1,1
SF,IH2012,2020-08-24 09:31:19.300,3286.2000,18807,0,289531080.000,0,-,-,-,-,3285.8000,3285.6000,3283.0000,3281.0000,3280.0000,3287.6000,3287.8000,3288.2000,3288.6000,3290.8000,2,1,1,1,2,1,1,2,1,1
SF,IH2012,2020-08-24 09:31:19.800,3286.2000,18807,0,289531080.000,0,-,-,-,-,3286.0000,3285.8000,3285.6000,3283.0000,3281.0000,3287.4000,3288.2000,3288.6000,3296.0000,3298.0000,2,2,1,1,1,2,2,1,1,1
SF,IH2012,2020-08-24 09:31:20.300,3285.8000,18807,0,292488360.000,3,1,2,多换,S,3285.6000,3283.0000,3281.0000,3280.0000,3279.4000,3285.8000,3287.4000,3288.2000,3288.6000,3296.0000,1,1,1,2,5,4,2,2,1,1
SF,IH2012,2020-08-24 09:31:20.800,3285.8000,18803,-4,299388540.000,7,1,6,多平,S,3285.8000,3285.6000,3283.0000,3281.0000,3280.0000,3287.4000,3288.2000,3296.0000,3298.0000,3298.2000,3,1,1,1,2,1,1,1,1,1
SF,IH2012,2020-08-24 09:31:21.300,3287.2000,18801,-2,301360860.000,2,0,2,双平,S,3286.0000,3285.8000,3285.6000,3283.0000,3281.0000,3287.2000,3287.4000,3288.2000,3296.0000,3298.0000,1,1,1,1,1,1,1,1,1,1
SF,IH2012,2020-08-24 09:31:21.800,3287.2000,18801,0,301360860.000,0,-,-,-,-,3285.6000,3283.0000,3281.0000,3280.0000,3279.4000,3287.0000,3287.2000,3287.4000,3288.2000,3296.0000,1,1,1,2,5,1,1,1,1,1
SF,IH2012,2020-08-24 09:31:22.300,3287.0000,18801,0,302346960.000,1,0,1,多换,S,3285.6000,3283.0000,3281.0000,3280.0000,3279.4000,3286.8000,3287.0000,3287.4000,3287.6000,3288.2000,2,1,1,2,5,1,1,1,2,1
SF,IH2012,2020-08-24 09:31:22.800,3285.6000,18800,-1,304318320.000,2,0,2,多平,S,3283.0000,3281.0000,3280.0000,3279.4000,3271.2000,3285.6000,3286.6000,3286.8000,3287.4000,3287.6000,1,1,3,5,1,1,1,1,1,2
SF,IH2012,2020-08-24 09:31:23.300,3285.6000,18799,-1,305304000.000,1,0,1,双平,S,3284.8000,3284.6000,3284.2000,3283.8000,3283.6000,3285.4000,3285.6000,3286.8000,3287.6000,3288.2000,2,1,1,4,1,1,1,1,2,1
SF,IH2012,2020-08-24 09:31:23.800,3285.4000,18798,-1,306289620.000,1,0,1,双平,S,3285.4000,3283.8000,3283.6000,3283.4000,3283.2000,3285.6000,3286.8000,3287.6000,3288.2000,3296.0000,1,4,1,4,3,1,1,2,1,1
SF,IH2012,2020-08-24 09:31:24.300,3285.4000,18796,-2,309246540.000,3,0,3,多平,S,3283.8000,3283.6000,3283.4000,3283.2000,3283.0000,3285.4000,3285.6000,3286.8000,3287.6000,3288.2000,4,1,4,3,2,1,1,1,2,1
SF,IH2012,2020-08-24 09:31:24.800,3285.4000,18796,0,310232160.000,1,0,1,多换,S,3284.8000,3284.6000,3284.2000,3284.0000,3283.8000,3285.6000,3286.8000,3287.6000,3288.2000,3296.0000,2,1,1,1,4,1,1,2,1,1
SF,IH2012,2020-08-24 09:31:25.300,3284.8000,18795,-1,311217600.000,1,0,1,双平,S,3284.0000,3283.6000,3283.2000,3283.0000,3281.0000,3284.8000,3285.4000,3285.6000,3286.8000,3287.6000,1,1,2,1,1,2,2,2,1,2
SF,IH2012,2020-08-24 09:31:25.800,3284.8000,18795,0,311217600.000,0,-,-,-,-,3284.2000,3284.0000,3283.6000,3283.2000,3283.0000,3284.8000,3285.4000,3285.6000,3286.8000,3287.6000,1,1,1,2,1,3,1,2,1,2
SF,IH2012,2020-08-24 09:31:26.300,3284.8000,18795,0,311217600.000,0,-,-,-,-,3283.6000,3283.2000,3283.0000,3281.0000,3280.0000,3284.8000,3285.4000,3285.6000,3286.8000,3287.6000,1,2,1,1,4,3,1,2,1,2
SF,IH2012,2020-08-24 09:31:26.800,3284.8000,18795,0,311217600.000,0,-,-,-,-,3283.8000,3283.6000,3283.2000,3283.0000,3281.0000,3284.6000,3284.8000,3285.6000,3286.8000,3287.6000,1,2,2,1,1,1,3,2,1,2
SF,IH2012,2020-08-24 09:31:27.300,3284.8000,18795,0,312203040.000,1,0,1,多换,S,3283.6000,3283.2000,3283.0000,3281.0000,3280.0000,3284.6000,3284.8000,3285.6000,3286.8000,3287.6000,2,2,1,1,4,1,3,2,1,2
SF,IH2012,2020-08-24 09:31:27.800,3283.6000,18793,-2,314173200.000,2,0,2,双平,S,3283.2000,3283.0000,3281.0000,3280.0000,3279.4000,3284.8000,3285.6000,3286.8000,3287.6000,3296.0000,2,1,1,4,5,3,2,1,2,1
SF,IH2012,2020-08-24 09:31:28.300,3283.6000,18793,0,314173200.000,0,-,-,-,-,3283.4000,3283.2000,3283.0000,3281.0000,3280.0000,3284.6000,3284.8000,3285.6000,3285.8000,3286.8000,2,2,1,1,4,2,3,2,1,1
SF,IH2012,2020-08-24 09:31:28.800,3284.6000,18792,-1,315158580.000,1,0,1,双平,S,3283.6000,3283.4000,3283.2000,3283.0000,3281.0000,3283.8000,3284.8000,3285.6000,3285.8000,3286.8000,1,2,2,1,1,1,3,2,1,1
SF,IH2012,2020-08-24 09:31:29.300,3283.6000,18790,-2,319099080.000,4,1,3,多平,S,3283.6000,3283.4000,3283.2000,3283.0000,3281.0000,3284.8000,3285.6000,3285.8000,3287.6000,3296.0000,2,1,1,1,1,3,2,1,3,1
SF,IH2012,2020-08-24 09:31:29.800,3284.8000,18789,-1,320084520.000,1,0,1,双平,S,3283.8000,3283.6000,3283.2000,3283.0000,3281.0000,3284.8000,3285.6000,3285.8000,3287.6000,3296.0000,2,1,1,1,1,2,2,1,3,1
SF,IH2012,2020-08-24 09:31:30.300,3284.8000,18787,-2,322055400.000,2,0,2,双平,S,3283.8000,3283.2000,3283.0000,3281.0000,3280.0000,3285.6000,3285.8000,3287.0000,3287.6000,3296.0000,2,1,1,1,9,2,1,1,3,1
SF,IH2012,2020-08-24 09:31:30.800,3284.0000,18786,-1,323040600.000,1,0,1,双平,S,3284.0000,3283.8000,3283.2000,3283.0000,3281.0000,3285.4000,3285.6000,3285.8000,3287.0000,3287.6000,1,1,1,1,1,2,2,1,1,3
SF,IH2012,2020-08-24 09:31:31.300,3284.0000,18785,-1,324025800.000,1,0,1,双平,S,3284.0000,3283.8000,3283.2000,3283.0000,3282.8000,3285.4000,3285.6000,3285.8000,3287.0000,3287.6000,1,1,1,1,1,2,2,1,1,3
SF,IH2012,2020-08-24 09:31:31.800,3284.0000,18783,-2,325996200.000,2,0,2,双平,S,3283.2000,3283.0000,3282.8000,3281.0000,3280.0000,3285.4000,3285.6000,3285.8000,3287.0000,3287.6000,1,1,1,1,9,2,2,1,1,3
SF,IH2012,2020-08-24 09:31:32.300,3283.4000,18781,-2,328951380.000,3,0,3,多平,S,3283.2000,3283.0000,3282.8000,3281.0000,3280.0000,3284.0000,3285.2000,3285.4000,3285.6000,3285.8000,1,1,1,1,9,1,2,1,2,1
SF,IH2012,2020-08-24 09:31:32.800,3283.4000,18781,0,328951380.000,0,-,-,-,-,3283.2000,3283.0000,3282.8000,3281.0000,3280.0000,3283.8000,3284.0000,3285.2000,3285.6000,3287.6000,1,1,1,1,9,1,1,2,2,3
SF,IH2012,2020-08-24 09:31:33.300,3283.2000,18781,0,329936340.000,1,0,1,多换,S,3283.4000,3283.0000,3282.8000,3281.0000,3280.0000,3283.8000,3284.0000,3285.2000,3285.6000,3287.6000,1,1,1,1,9,1,1,2,2,3
SF,IH2012,2020-08-24 09:31:33.800,3284.0000,18779,-2,331906560.000,2,0,2,双平,S,3283.0000,3282.8000,3281.0000,3280.0000,3279.4000,3285.2000,3285.6000,3287.6000,3296.0000,3298.0000,1,1,1,9,5,2,2,3,1,1
SF,IH2012,2020-08-24 09:31:34.300,3283.0000,18778,-1,333876420.000,2,0,2,多平,S,3281.0000,3280.0000,3279.4000,3271.2000,3268.4000,3285.0000,3285.2000,3285.6000,3287.6000,3296.0000,1,9,5,1,1,1,2,2,3,1
SF,IH2012,2020-08-24 09:31:34.800,3283.0000,18778,0,333876420.000,0,-,-,-,-,3283.4000,3281.8000,3281.6000,3281.2000,3281.0000,3284.4000,3284.6000,3284.8000,3285.0000,3285.2000,1,1,5,4,1,1,1,3,1,1
SF,IH2012,2020-08-24 09:31:35.300,3283.0000,18778,0,333876420.000,0,-,-,-,-,3283.4000,3281.8000,3281.6000,3281.2000,3281.0000,3284.2000,3284.8000,3285.2000,3285.6000,3287.6000,1,1,5,5,1,2,2,1,2,3
SF,IH2012,2020-08-24 09:31:35.800,3283.0000,18779,1,334861320.000,1,1,0,双开,S,3281.8000,3281.6000,3281.2000,3281.0000,3280.0000,3284.2000,3284.8000,3285.6000,3287.6000,3296.0000,1,5,4,1,9,2,1,2,3,1
SF,IH2012,2020-08-24 09:31:36.300,3284.2000,18779,0,335846580.000,1,0,1,多换,S,3284.6000,3282.0000,3281.8000,3281.6000,3281.0000,3285.6000,3287.6000,3296.0000,3298.0000,3298.2000,1,2,1,5,1,2,3,1,1,1
SF,IH2012,2020-08-24 09:31:36.800,3284.4000,18779,0,336831900.000,1,0,1,多换,S,3281.8000,3281.6000,3281.0000,3280.0000,3275.6000,3284.4000,3284.6000,3285.0000,3285.2000,3285.4000,1,5,1,9,5,3,2,2,6,2
SF,IH2012,2020-08-24 09:31:37.300,3284.4000,18779,0,337817220.000,1,0,1,多换,S,3282.0000,3281.8000,3281.6000,3281.0000,3280.0000,3284.2000,3284.4000,3285.2000,3285.6000,3287.6000,1,1,2,1,9,3,3,1,3,3
SF,IH2012,2020-08-24 09:31:37.800,3284.2000,18778,-1,338802480.000,1,0,1,双平,S,3282.6000,3282.0000,3281.8000,3281.0000,3280.0000,3284.0000,3284.2000,3284.4000,3285.2000,3285.6000,1,1,1,1,9,1,3,3,1,3
SF,IH2012,2020-08-24 09:31:38.300,3284.2000,18778,0,338802480.000,0,-,-,-,-,3282.0000,3281.0000,3280.0000,3275.6000,3271.2000,3283.8000,3284.2000,3284.4000,3285.2000,3285.6000,1,1,9,5,1,2,2,3,1,3
SF,IH2012,2020-08-24 09:31:38.800,3284.2000,18778,0,338802480.000,0,-,-,-,-,3282.0000,3281.0000,3280.0000,3275.6000,3271.2000,3283.6000,3283.8000,3284.2000,3284.4000,3285.2000,1,1,9,5,1,1,1,1,6,1
SF,IH2012,2020-08-24 09:31:39.300,3284.2000,18778,0,338802480.000,0,-,-,-,-,3282.2000,3282.0000,3281.0000,3280.0000,3275.6000,3283.4000,3283.6000,3284.2000,3284.4000,3285.2000,1,1,1,9,5,2,1,1,6,1
SF,IH2012,2020-08-24 09:31:39.800,3283.8000,18776,-2,340772760.000,2,0,2,双平,S,3282.2000,3281.0000,3280.0000,3275.6000,3271.2000,3283.4000,3283.6000,3284.2000,3284.4000,3285.2000,1,1,9,5,1,1,1,1,6,1
SF,IH2012,2020-08-24 09:31:40.300,3283.8000,18776,0,340772760.000,0,-,-,-,-,3282.4000,3282.2000,3281.0000,3280.6000,3280.0000,3283.4000,3283.6000,3284.2000,3284.4000,3285.2000,1,1,1,1,9,1,1,1,6,1
SF,IH2012,2020-08-24 09:31:40.800,3282.4000,18775,-1,341757480.000,1,0,1,双平,S,3282.2000,3281.0000,3280.6000,3280.0000,3275.6000,3283.4000,3284.2000,3284.4000,3285.2000,3285.6000,1,1,1,8,5,1,1,6,1,4
SF,IH2012,2020-08-24 09:31:41.300,3283.4000,18774,-1,342742500.000,1,0,1,双平,S,3282.2000,3281.0000,3280.6000,3280.0000,3275.6000,3284.2000,3284.4000,3285.2000,3285.6000,3287.6000,1,1,1,8,5,1,6,1,4,3
SF,IH2012,2020-08-24 09:31:41.800,3282.8000,18773,-1,343727340.000,1,0,1,双平,S,3282.4000,3282.2000,3281.0000,3280.6000,3280.0000,3284.0000,3284.2000,3284.4000,3285.2000,3285.6000,1,1,1,1,8,3,1,6,1,4
SF,IH2012,2020-08-24 09:31:42.300,3282.2000,18774,1,344712000.000,1,1,0,双开,S,3281.0000,3280.6000,3280.0000,3275.6000,3271.4000,3282.2000,3283.8000,3284.0000,3284.2000,3284.4000,1,1,8,5,1,8,2,3,1,6
SF,IH2012,2020-08-24 09:31:42.800,3282.2000,18774,0,352589280.000,8,4,4,多换,S,3281.2000,3281.0000,3280.6000,3280.0000,3275.6000,3282.2000,3283.8000,3284.0000,3284.2000,3284.4000,1,1,1,8,5,1,2,3,1,6
SF,IH2012,2020-08-24 09:31:43.300,3282.2000,18773,-1,353573940.000,1,0,1,双平,S,3281.2000,3281.0000,3280.8000,3280.6000,3280.0000,3283.8000,3284.0000,3284.2000,3284.4000,3285.2000,1,1,1,1,8,2,3,1,6,1
SF,IH2012,2020-08-24 09:31:43.800,3281.8000,18771,-2,355543560.000,2,0,2,双平,S,3281.4000,3281.2000,3281.0000,3280.8000,3280.6000,3283.8000,3284.0000,3284.2000,3284.4000,3285.2000,1,1,1,1,1,2,1,1,6,1
SF,IH2012,2020-08-24 09:31:44.300,3281.6000,18770,-1,358497600.000,3,1,2,多平,S,3281.4000,3281.0000,3280.8000,3280.6000,3280.0000,3283.8000,3284.0000,3284.2000,3284.4000,3285.2000,1,1,2,1,8,1,1,1,6,1
SF,IH2012,2020-08-24 09:31:44.800,3281.6000,18770,0,358497600.000,0,-,-,-,-,3281.6000,3281.0000,3280.8000,3280.6000,3280.0000,3283.2000,3283.6000,3284.0000,3284.2000,3284.4000,1,1,2,1,8,1,2,1,1,6
SF,IH2012,2020-08-24 09:31:45.300,3281.6000,18770,0,358497600.000,0,-,-,-,-,3281.6000,3281.0000,3280.8000,3280.6000,3280.0000,3283.6000,3284.2000,3284.4000,3285.2000,3285.6000,1,1,2,1,8,1,1,6,1,4
SF,IH2012,2020-08-24 09:31:45.800,3281.6000,18770,0,358497600.000,0,-,-,-,-,3282.2000,3281.8000,3281.6000,3281.0000,3280.8000,3283.4000,3284.2000,3284.4000,3285.2000,3285.6000,1,3,1,1,2,2,1,6,1,4
SF,IH2012,2020-08-24 09:31:46.300,3281.6000,18770,0,358497600.000,0,-,-,-,-,3281.8000,3281.6000,3281.0000,3280.8000,3280.6000,3283.2000,3283.4000,3284.2000,3284.4000,3285.2000,2,2,1,2,1,1,2,1,6,1
SF,IH2012,2020-08-24 09:31:46.800,3283.2000,18769,-1,359482560.000,1,0,1,双平,S,3283.2000,3282.0000,3281.8000,3281.6000,3281.0000,3284.2000,3284.4000,3285.2000,3285.6000,3287.6000,1,2,1,1,1,1,6,1,4,3
SF,IH2012,2020-08-24 09:31:47.300,3283.2000,18768,-1,360467520.000,1,0,1,双平,S,3282.0000,3281.8000,3281.6000,3281.0000,3280.8000,3284.4000,3285.2000,3285.6000,3287.6000,3290.8000,2,1,1,1,2,4,1,4,3,5
SF,IH2012,2020-08-24 09:31:47.800,3283.2000,18768,0,360467520.000,0,-,-,-,-,3283.4000,3282.0000,3281.8000,3281.6000,3281.0000,3284.0000,3284.2000,3284.4000,3285.0000,3285.6000,3,2,1,1,1,1,4,8,1,3
SF,IH2012,2020-08-24 09:31:48.300,3282.0000,18763,-5,365391780.000,5,0,5,双平,S,3281.8000,3281.6000,3281.0000,3280.8000,3280.6000,3283.4000,3283.8000,3284.2000,3284.4000,3285.0000,1,1,1,2,1,1,1,3,7,1
SF,IH2012,2020-08-24 09:31:48.800,3282.0000,18763,0,365391780.000,0,-,-,-,-,3282.0000,3281.8000,3281.6000,3281.0000,3280.8000,3283.2000,3284.2000,3284.4000,3285.0000,3285.6000,2,1,1,1,2,1,2,7,1,3
SF,IH2012,2020-08-24 09:31:49.300,3282.0000,18763,0,365391780.000,0,-,-,-,-,3282.0000,3281.8000,3281.6000,3281.0000,3280.8000,3284.4000,3285.0000,3285.6000,3287.6000,3290.8000,2,1,1,1,2,7,1,3,3,5
SF,IH2012,2020-08-24 09:31:49.800,3282.0000,18762,-1,366376380.000,1,0,1,双平,S,3281.8000,3281.6000,3281.0000,3280.8000,3280.6000,3284.2000,3284.4000,3285.0000,3285.6000,3287.6000,1,1,1,2,1,5,7,1,3,3
SF,IH2012,2020-08-24 09:31:50.300,3282.0000,18762,0,366376380.000,0,-,-,-,-,3282.0000,3281.8000,3281.6000,3281.0000,3280.8000,3284.2000,3284.4000,3285.0000,3285.6000,3287.6000,1,1,1,1,2,4,7,1,3,3
SF,IH2012,2020-08-24 09:31:50.800,3282.0000,18762,0,366376380.000,0,-,-,-,-,3282.0000,3281.8000,3281.6000,3281.0000,3280.8000,3284.0000,3284.2000,3284.4000,3285.0000,3285.6000,2,1,1,1,2,1,4,7,1,3
SF,IH2012,2020-08-24 09:31:51.300,3282.0000,18762,0,366376380.000,0,-,-,-,-,3281.8000,3281.6000,3281.0000,3280.8000,3280.6000,3283.2000,3283.8000,3284.0000,3284.2000,3284.4000,1,1,1,2,1,2,3,1,2,7
SF,IH2012,2020-08-24 09:31:51.800,3282.0000,18762,0,366376380.000,0,-,-,-,-,3281.6000,3281.0000,3280.8000,3280.6000,3280.0000,3283.0000,3283.8000,3284.0000,3284.2000,3284.4000,1,1,2,1,9,2,1,1,2,7
SF,IH2012,2020-08-24 09:31:52.300,3282.8000,18761,-1,367361220.000,1,0,1,双平,S,3281.6000,3281.0000,3280.8000,3280.6000,3280.0000,3283.0000,3283.2000,3283.8000,3284.0000,3284.2000,2,1,2,1,9,2,1,1,1,2
SF,IH2012,2020-08-24 09:31:52.800,3282.8000,18761,0,367361220.000,0,-,-,-,-,3281.6000,3281.0000,3280.8000,3280.6000,3280.0000,3283.0000,3283.2000,3283.8000,3284.4000,3285.0000,1,1,2,1,9,3,1,1,7,1
SF,IH2012,2020-08-24 09:31:53.300,3282.8000,18761,0,367361220.000,0,-,-,-,-,3281.8000,3281.6000,3281.0000,3280.8000,3280.6000,3283.0000,3283.2000,3283.8000,3284.4000,3285.0000,2,3,1,2,1,1,1,1,7,1
SF,IH2012,2020-08-24 09:31:53.800,3283.0000,18758,-3,370315980.000,3,0,3,双平,S,3281.8000,3281.6000,3281.0000,3280.8000,3280.6000,3284.4000,3285.0000,3285.6000,3287.6000,3290.8000,2,2,1,2,1,7,1,3,3,5
SF,IH2012,2020-08-24 09:31:54.300,3283.0000,18758,0,370315980.000,0,-,-,-,-,3282.0000,3281.8000,3281.6000,3281.0000,3280.8000,3284.2000,3284.4000,3285.0000,3285.6000,3287.6000,2,3,2,1,2,2,7,1,3,3
SF,IH2012,2020-08-24 09:31:54.800,3283.0000,18758,0,370315980.000,0,-,-,-,-,3282.2000,3282.0000,3281.8000,3281.6000,3281.0000,3284.2000,3284.4000,3285.0000,3285.6000,3287.6000,1,2,2,1,1,2,6,1,3,3
SF,IH2012,2020-08-24 09:31:55.300,3283.0000,18758,0,370315980.000,0,-,-,-,-,3282.4000,3282.2000,3281.6000,3281.0000,3280.8000,3284.0000,3284.2000,3284.4000,3285.0000,3285.6000,2,1,1,1,2,2,2,6,1,3
SF,IH2012,2020-08-24 09:31:55.800,3283.0000,18758,0,370315980.000,0,-,-,-,-,3282.2000,3281.6000,3281.0000,3280.8000,3280.6000,3283.8000,3284.0000,3284.2000,3284.4000,3285.0000,1,1,1,2,1,1,2,1,6,1
SF,IH2012,2020-08-24 09:31:56.300,3283.2000,18758,0,371300940.000,1,0,1,多换,S,3282.4000,3282.2000,3281.6000,3281.0000,3280.8000,3283.6000,3283.8000,3284.0000,3284.2000,3284.4000,1,2,1,1,2,1,1,1,1,4
SF,IH2012,2020-08-24 09:31:56.800,3283.2000,18758,0,371300940.000,0,-,-,-,-,3282.4000,3282.2000,3281.6000,3281.0000,3280.8000,3283.4000,3283.6000,3284.2000,3284.4000,3285.0000,1,1,1,1,2,1,2,1,4,1
SF,IH2012,2020-08-24 09:31:57.300,3283.2000,18758,0,371300940.000,0,-,-,-,-,3282.4000,3282.2000,3281.6000,3281.0000,3280.8000,3284.2000,3284.4000,3285.0000,3285.6000,3287.6000,1,1,1,1,2,1,4,1,3,3
SF,IH2012,2020-08-24 09:31:57.800,3283.2000,18758,0,371300940.000,0,-,-,-,-,3282.6000,3282.4000,3281.6000,3281.0000,3280.8000,3284.0000,3284.2000,3284.4000,3285.0000,3285.6000,3,1,1,1,2,4,1,4,1,3
SF,IH2012,2020-08-24 09:31:58.300,3283.2000,18758,0,371300940.000,0,-,-,-,-,3282.6000,3282.4000,3281.6000,3281.0000,3280.8000,3284.0000,3284.2000,3284.4000,3285.0000,3285.6000,1,1,1,1,2,4,1,4,1,3
SF,IH2012,2020-08-24 09:31:58.800,3283.2000,18758,0,371300940.000,0,-,-,-,-,3282.6000,3282.4000,3281.6000,3281.0000,3280.8000,3284.0000,3284.4000,3285.0000,3285.6000,3287.6000,1,1,1,1,2,3,4,1,3,3
SF,IH2012,2020-08-24 09:31:59.300,3283.2000,18758,0,371300940.000,0,-,-,-,-,3282.4000,3281.6000,3281.0000,3280.8000,3280.6000,3284.0000,3284.4000,3285.0000,3285.6000,3287.6000,1,1,1,2,1,4,4,1,3,2
SF,IH2012,2020-08-24 09:31:59.800,3283.2000,18758,0,371300940.000,0,-,-,-,-,3282.6000,3282.4000,3281.6000,3281.0000,3280.8000,3284.0000,3284.4000,3285.0000,3285.6000,3287.6000,1,1,1,1,2,4,4,1,3,2
SF,IH2012,2020-08-24 09:32:00.300,3282.4000,18756,-2,374255220.000,3,0,3,多平,S,3281.0000,3280.8000,3280.6000,3280.0000,3275.6000,3283.8000,3284.0000,3284.4000,3285.0000,3285.6000,1,2,1,10,5,1,4,4,1,3
SF,IH2012,2020-08-24 09:32:00.800,3282.4000,18756,0,374255220.000,0,-,-,-,-,3281.2000,3281.0000,3280.8000,3280.6000,3280.0000,3283.6000,3283.8000,3284.0000,3284.4000,3285.0000,3,1,2,1,10,2,2,2,4,1
SF,IH2012,2020-08-24 09:32:01.300,3282.4000,18756,0,374255220.000,0,-,-,-,-,3281.2000,3281.0000,3280.8000,3280.6000,3280.0000,3283.4000,3283.6000,3284.0000,3284.4000,3285.0000,3,1,2,1,10,1,2,2,4,1
SF,IH2012,2020-08-24 09:32:01.800,3281.0000,18756,0,377208240.000,3,1,2,多换,S,3280.8000,3280.0000,3275.6000,3271.4000,3271.2000,3281.0000,3283.0000,3283.2000,3283.4000,3283.6000,2,10,5,1,1,2,1,4,1,2
SF,IH2012,2020-08-24 09:32:02.300,3280.0000,18755,-1,383113560.000,6,2,4,多平,S,3280.0000,3275.6000,3271.4000,3271.2000,3268.4000,3283.2000,3283.4000,3283.6000,3284.0000,3284.4000,9,5,1,1,1,4,1,2,1,4
SF,IH2012,2020-08-24 09:32:02.800,3280.0000,18755,0,383113560.000,0,-,-,-,-,3280.0000,3275.6000,3271.4000,3271.2000,3268.4000,3283.0000,3283.2000,3283.4000,3283.6000,3284.0000,9,5,1,1,1,1,4,1,1,1
SF,IH2012,2020-08-24 09:32:03.300,3280.0000,18755,0,383113560.000,0,-,-,-,-,3280.6000,3280.2000,3280.0000,3275.6000,3271.4000,3282.8000,3283.2000,3283.4000,3284.0000,3284.4000,1,5,9,5,1,2,2,1,1,4
SF,IH2012,2020-08-24 09:32:03.800,3280.0000,18755,0,383113560.000,0,-,-,-,-,3280.8000,3280.6000,3280.2000,3280.0000,3275.6000,3282.4000,3282.8000,3283.2000,3284.0000,3284.4000,1,1,4,9,5,1,2,1,1,4
SF,IH2012,2020-08-24 09:32:04.300,3280.0000,18755,0,383113560.000,0,-,-,-,-,3280.2000,3280.0000,3278.8000,3275.6000,3271.4000,3282.2000,3282.8000,3283.2000,3284.0000,3284.4000,4,9,1,5,1,4,1,1,1,4
SF,IH2012,2020-08-24 09:32:04.800,3280.0000,18755,0,383113560.000,0,-,-,-,-,3280.4000,3280.0000,3278.8000,3275.6000,3271.4000,3282.0000,3282.2000,3283.2000,3284.0000,3284.4000,2,9,1,5,1,2,3,1,1,4
SF,IH2012,2020-08-24 09:32:05.300,3280.0000,18755,0,383113560.000,0,-,-,-,-,3280.4000,3280.0000,3278.8000,3275.6000,3271.4000,3281.8000,3282.0000,3283.2000,3284.0000,3284.4000,1,9,1,5,1,2,1,1,1,4
SF,IH2012,2020-08-24 09:32:05.800,3280.0000,18755,0,383113560.000,0,-,-,-,-,3280.0000,3278.8000,3275.6000,3271.4000,3271.2000,3281.8000,3282.0000,3283.2000,3284.0000,3284.4000,9,1,5,1,1,3,1,1,1,4
SF,IH2012,2020-08-24 09:32:06.300,3281.6000,18755,0,384098040.000,1,0,1,多换,S,3280.0000,3278.8000,3275.6000,3271.4000,3271.2000,3281.6000,3281.8000,3283.2000,3284.0000,3284.4000,9,1,5,1,1,2,4,1,1,4
SF,IH2012,2020-08-24 09:32:06.800,3280.0000,18753,-2,392954040.000,9,3,6,多平,S,3278.8000,3275.6000,3271.4000,3271.2000,3268.4000,3280.0000,3281.0000,3281.4000,3281.6000,3281.8000,1,5,1,1,1,1,3,4,2,1
SF,IH2012,2020-08-24 09:32:07.300,3278.8000,18754,1,393937680.000,1,1,0,双开,S,3271.8000,3271.4000,3271.2000,3268.4000,3266.0000,3279.8000,3280.0000,3281.0000,3281.4000,3281.6000,5,1,1,1,1,2,1,3,1,2
SF,IH2012,2020-08-24 09:32:07.800,3278.8000,18754,0,393937680.000,0,-,-,-,-,3278.8000,3277.6000,3276.8000,3276.6000,3276.4000,3279.6000,3279.8000,3280.0000,3281.0000,3281.4000,1,1,1,3,2,3,3,1,3,1
SF,IH2012,2020-08-24 09:32:08.300,3278.8000,18753,-1,394921320.000,1,0,1,双平,S,3276.6000,3276.4000,3275.4000,3273.2000,3272.4000,3278.8000,3279.4000,3279.8000,3280.0000,3281.0000,3,1,2,1,1,4,1,1,1,3
SF,IH2012,2020-08-24 09:32:08.800,3278.8000,18753,0,394921320.000,0,-,-,-,-,3277.0000,3276.8000,3276.6000,3276.4000,3275.4000,3278.4000,3278.6000,3278.8000,3279.4000,3279.8000,1,1,3,1,2,1,1,3,1,1
SF,IH2012,2020-08-24 09:32:09.300,3277.6000,18752,-1,395904600.000,1,0,1,双平,S,3277.2000,3276.8000,3276.6000,3276.4000,3275.4000,3278.2000,3278.6000,3278.8000,3279.8000,3280.0000,1,1,3,1,2,2,1,3,1,1
SF,IH2012,2020-08-24 09:32:09.800,3277.4000,18751,-1,398854740.000,3,1,2,多平,S,3277.4000,3276.6000,3276.4000,3275.4000,3273.2000,3278.6000,3278.8000,3279.8000,3280.0000,3281.0000,2,3,1,2,1,1,3,1,1,3
SF,IH2012,2020-08-24 09:32:10.300,3277.4000,18751,0,399837960.000,1,0,1,多换,S,3277.4000,3276.6000,3276.4000,3275.4000,3273.2000,3278.6000,3278.8000,3279.8000,3280.0000,3281.0000,1,3,1,2,1,1,3,1,1,3
SF,IH2012,2020-08-24 09:32:10.800,3277.4000,18750,-1,400821180.000,1,0,1,双平,S,3276.4000,3273.2000,3272.4000,3272.2000,3272.0000,3277.4000,3278.6000,3278.8000,3279.8000,3280.0000,1,1,1,3,2,1,1,3,1,1
SF,IH2012,2020-08-24 09:32:11.300,3277.4000,18750,0,400821180.000,0,-,-,-,-,3276.6000,3276.4000,3273.2000,3272.4000,3272.2000,3278.6000,3278.8000,3281.0000,3281.4000,3281.6000,1,1,1,1,3,1,3,3,1,1
SF,IH2012,2020-08-24 09:32:11.800,3277.0000,18749,-1,403770660.000,3,1,2,多平,S,3277.0000,3276.8000,3276.6000,3276.4000,3273.2000,3278.4000,3278.8000,3280.2000,3281.0000,3281.4000,2,1,2,1,1,2,3,1,3,1
SF,IH2012,2020-08-24 09:32:12.300,3277.0000,18749,0,403770660.000,0,-,-,-,-,3277.2000,3273.2000,3272.4000,3272.2000,3272.0000,3278.4000,3278.8000,3280.2000,3281.0000,3281.4000,1,1,1,3,2,3,3,1,3,1
SF,IH2012,2020-08-24 09:32:12.800,3277.0000,18749,0,403770660.000,0,-,-,-,-,3273.2000,3272.4000,3272.2000,3272.0000,3271.8000,3277.2000,3278.4000,3278.8000,3281.0000,3281.4000,1,1,3,2,1,1,2,3,3,1
SF,IH2012,2020-08-24 09:32:13.300,3277.0000,18749,0,403770660.000,0,-,-,-,-,3276.2000,3275.6000,3275.4000,3274.6000,3274.4000,3277.0000,3277.2000,3278.8000,3281.0000,3281.4000,1,2,2,1,2,3,1,3,3,1
SF,IH2012,2020-08-24 09:32:13.800,3276.2000,18747,-2,406719240.000,3,0,3,多平,S,3275.6000,3275.4000,3274.6000,3274.4000,3273.6000,3276.2000,3277.0000,3277.2000,3281.0000,3281.4000,2,1,1,2,3,1,2,1,3,1
SF,IH2012,2020-08-24 09:32:14.300,3276.2000,18745,-2,410650080.000,4,1,3,多平,S,3274.6000,3274.4000,3273.6000,3273.4000,3273.2000,3275.6000,3277.0000,3281.0000,3281.4000,3281.6000,1,2,3,1,1,1,1,3,1,1
SF,IH2012,2020-08-24 09:32:14.800,3276.2000,18745,0,410650080.000,0,-,-,-,-,3275.6000,3273.6000,3273.4000,3273.2000,3272.0000,3277.0000,3281.0000,3281.4000,3281.6000,3283.2000,1,3,1,1,2,1,3,1,1,1
SF,IH2012,2020-08-24 09:32:15.300,3276.2000,18745,0,412615620.000,2,1,1,多换,S,3273.4000,3273.2000,3272.0000,3271.4000,3271.2000,3276.8000,3277.0000,3281.4000,3281.6000,3283.2000,1,1,2,1,1,2,1,1,1,1
SF,IH2012,2020-08-24 09:32:15.800,3276.2000,18745,0,412615620.000,0,-,-,-,-,3274.6000,3274.0000,3273.8000,3273.6000,3273.4000,3276.6000,3276.8000,3281.4000,3281.6000,3283.2000,2,4,3,1,1,2,1,1,1,1
SF,IH2012,2020-08-24 09:32:16.300,3276.6000,18741,-4,416547480.000,4,0,4,双平,S,3274.8000,3274.6000,3274.0000,3273.8000,3273.6000,3276.8000,3281.4000,3281.6000,3283.2000,3284.0000,2,2,1,3,1,1,1,1,1,1
SF,IH2012,2020-08-24 09:32:16.800,3276.8000,18740,-1,417530520.000,1,0,1,双平,S,3276.8000,3275.0000,3274.8000,3274.6000,3274.0000,3281.4000,3281.6000,3283.2000,3284.0000,3285.0000,1,1,3,2,1,1,1,1,1,1
SF,IH2012,2020-08-24 09:32:17.300,3276.8000,18740,0,417530520.000,0,-,-,-,-,3277.0000,3275.0000,3274.6000,3274.0000,3273.2000,3278.4000,3278.6000,3279.0000,3279.2000,3279.4000,1,1,2,1,1,1,4,2,3,1
SF,IH2012,2020-08-24 09:32:17.800,3276.8000,18740,0,417530520.000,0,-,-,-,-,3277.0000,3275.0000,3274.6000,3274.0000,3273.2000,3278.2000,3279.2000,3279.4000,3281.0000,3281.2000,1,1,2,1,1,2,1,1,7,5
SF,IH2012,2020-08-24 09:32:18.300,3276.8000,18740,0,417530520.000,0,-,-,-,-,3275.0000,3274.6000,3274.0000,3273.2000,3273.0000,3278.2000,3279.2000,3279.4000,3281.0000,3281.2000,1,2,1,1,1,2,1,1,7,5
SF,IH2012,2020-08-24 09:32:18.800,3276.8000,18740,0,417530520.000,0,-,-,-,-,3275.8000,3275.4000,3275.2000,3275.0000,3274.0000,3277.0000,3278.2000,3279.2000,3281.0000,3281.2000,1,3,2,1,1,1,1,1,4,4
SF,IH2012,2020-08-24 09:32:19.300,3277.0000,18739,-1,419496720.000,2,0,2,多平,S,3276.0000,3275.8000,3275.4000,3275.2000,3275.0000,3276.8000,3277.0000,3279.2000,3281.0000,3281.2000,2,1,3,3,1,4,3,1,4,4
SF,IH2012,2020-08-24 09:32:19.800,3277.0000,18733,-6,426378420.000,7,0,7,多平,S,3277.0000,3276.8000,3276.6000,3276.2000,3276.0000,3279.2000,3281.0000,3281.2000,3284.0000,3285.0000,2,1,1,2,4,1,4,4,1,1
SF,IH2012,2020-08-24 09:32:20.300,3279.2000,18730,-3,430313400.000,4,0,4,多平,S,3277.2000,3277.0000,3276.6000,3276.2000,3276.0000,3281.0000,3281.2000,3284.0000,3285.0000,3285.6000,2,2,1,1,2,4,4,1,1,2
SF,IH2012,2020-08-24 09:32:20.800,3279.8000,18729,-1,431297340.000,1,0,1,双平,S,3277.4000,3277.2000,3276.6000,3276.0000,3275.4000,3280.2000,3280.6000,3280.8000,3281.0000,3281.2000,1,2,1,2,3,1,1,3,4,4
SF,IH2012,2020-08-24 09:32:21.300,3280.0000,18727,-2,433265340.000,2,0,2,双平,S,3277.6000,3277.4000,3276.6000,3276.0000,3275.4000,3280.6000,3280.8000,3281.0000,3284.0000,3285.0000,2,1,1,2,3,1,1,3,1,1
SF,IH2012,2020-08-24 09:32:21.800,3280.0000,18727,0,433265340.000,0,-,-,-,-,3278.2000,3278.0000,3277.8000,3277.6000,3276.6000,3280.4000,3280.8000,3281.0000,3284.0000,3285.0000,1,2,2,5,1,1,1,3,1,1
SF,IH2012,2020-08-24 09:32:22.300,3278.4000,18723,-4,439167120.000,6,1,5,多平,S,3276.6000,3276.0000,3275.4000,3275.0000,3273.2000,3280.2000,3280.8000,3281.0000,3284.0000,3285.0000,1,3,3,1,1,1,1,3,1,1
SF,IH2012,2020-08-24 09:32:22.800,3278.4000,18723,0,439167120.000,0,-,-,-,-,3277.2000,3277.0000,3276.8000,3276.6000,3276.0000,3280.0000,3280.8000,3281.0000,3284.0000,3285.0000,1,2,5,1,3,2,1,3,1,1
SF,IH2012,2020-08-24 09:32:23.300,3278.4000,18723,0,439167120.000,0,-,-,-,-,3277.4000,3277.2000,3277.0000,3276.8000,3276.6000,3280.0000,3281.0000,3284.0000,3285.0000,3285.6000,3,1,2,3,1,2,3,1,1,2
SF,IH2012,2020-08-24 09:32:23.800,3278.4000,18723,0,439167120.000,0,-,-,-,-,3277.4000,3277.0000,3276.8000,3276.6000,3276.2000,3280.0000,3281.0000,3284.0000,3285.0000,3285.6000,5,2,2,1,1,1,3,1,1,2
SF,IH2012,2020-08-24 09:32:24.300,3278.4000,18723,0,439167120.000,0,-,-,-,-,3277.6000,3277.4000,3277.0000,3276.8000,3276.6000,3280.0000,3281.0000,3284.0000,3285.0000,3285.6000,1,3,2,2,1,1,3,1,1,2
SF,IH2012,2020-08-24 09:32:24.800,3277.6000,18720,-3,442117080.000,3,0,3,双平,S,3276.6000,3276.2000,3275.4000,3275.2000,3273.2000,3277.4000,3279.8000,3280.0000,3281.0000,3284.0000,1,1,3,1,1,2,1,1,3,1
SF,IH2012,2020-08-24 09:32:25.300,3277.4000,18718,-2,444083520.000,2,0,2,双平,S,3277.6000,3277.4000,3276.6000,3276.2000,3275.4000,3279.8000,3281.0000,3284.0000,3285.0000,3285.6000,1,1,1,1,3,1,3,1,1,2
SF,IH2012,2020-08-24 09:32:25.800,3279.6000,18717,-1,445067400.000,1,0,1,双平,S,3277.8000,3277.6000,3276.2000,3276.0000,3275.4000,3279.6000,3279.8000,3281.0000,3284.0000,3285.0000,1,1,1,1,3,1,1,3,1,1
SF,IH2012,2020-08-24 09:32:26.300,3279.6000,18717,0,445067400.000,0,-,-,-,-,3277.8000,3276.6000,3276.2000,3276.0000,3275.4000,3279.4000,3279.6000,3281.0000,3284.0000,3285.0000,1,1,1,1,3,2,1,3,1,1
SF,IH2012,2020-08-24 09:32:26.800,3279.6000,18717,0,445067400.000,0,-,-,-,-,3277.8000,3276.6000,3276.2000,3276.0000,3275.4000,3279.2000,3279.4000,3279.6000,3281.0000,3284.0000,1,1,1,1,3,1,2,1,3,1
SF,IH2012,2020-08-24 09:32:27.800,3279.6000,18717,0,445067400.000,0,-,-,-,-,3277.8000,3277.4000,3276.6000,3276.2000,3276.0000,3279.2000,3279.4000,3279.6000,3281.0000,3284.0000,1,1,1,1,1,1,2,1,3,1
SF,IH2012,2020-08-24 09:32:28.300,3279.4000,18714,-3,448018800.000,3,0,3,双平,S,3277.8000,3277.4000,3276.6000,3276.2000,3276.0000,3279.6000,3281.0000,3284.0000,3285.0000,3285.6000,1,1,1,1,1,1,3,1,1,2
SF,IH2012,2020-08-24 09:32:28.800,3279.6000,18713,-1,449002680.000,1,0,1,双平,S,3280.2000,3280.0000,3279.8000,3279.6000,3278.4000,3281.0000,3284.0000,3285.0000,3285.6000,3287.6000,1,1,1,1,1,3,1,1,2,2
SF,IH2012,2020-08-24 09:32:29.300,3280.2000,18712,-1,449986740.000,1,0,1,双平,S,3280.0000,3279.8000,3279.6000,3278.4000,3278.0000,3281.0000,3284.0000,3285.0000,3285.6000,3287.6000,1,1,2,1,2,3,1,1,2,2
SF,IH2012,2020-08-24 09:32:29.800,3281.0000,18713,1,451955340.000,2,1,1,空开,S,3280.2000,3280.0000,3279.8000,3279.6000,3278.4000,3281.0000,3284.0000,3285.0000,3285.6000,3287.6000,1,1,1,2,1,1,1,1,2,2
SF,IH2012,2020-08-24 09:32:30.300,3281.0000,18713,0,452939640.000,1,0,1,多换,S,3280.2000,3280.0000,3279.8000,3279.6000,3278.4000,3284.0000,3285.0000,3285.6000,3287.6000,3290.8000,1,1,1,2,1,1,1,2,2,5
SF,IH2012,2020-08-24 09:32:30.800,3281.0000,18713,0,452939640.000,0,-,-,-,-,3280.4000,3280.2000,3280.0000,3279.8000,3279.6000,3282.4000,3283.6000,3283.8000,3284.0000,3285.0000,2,1,1,1,2,1,1,4,1,1
SF,IH2012,2020-08-24 09:32:31.300,3281.0000,18713,0,452939640.000,0,-,-,-,-,3280.4000,3280.0000,3279.8000,3279.6000,3278.4000,3282.2000,3282.4000,3283.6000,3283.8000,3284.0000,2,1,1,2,1,2,1,1,2,2
SF,IH2012,2020-08-24 09:32:31.800,3280.0000,18711,-2,455891880.000,3,0,3,多平,S,3279.8000,3279.6000,3278.4000,3277.4000,3276.6000,3280.4000,3282.0000,3282.2000,3283.8000,3285.0000,1,2,1,1,1,1,4,3,1,1
SF,IH2012,2020-08-24 09:32:32.300,3280.0000,18711,0,455891880.000,0,-,-,-,-,3279.8000,3279.6000,3278.4000,3277.4000,3276.6000,3280.4000,3282.0000,3282.2000,3283.8000,3285.0000,1,2,1,1,1,1,4,2,1,1
SF,IH2012,2020-08-24 09:32:32.800,3280.2000,18711,0,456875940.000,1,0,1,多换,S,3279.8000,3279.6000,3278.4000,3277.4000,3276.6000,3280.4000,3282.0000,3282.2000,3283.8000,3285.0000,1,2,1,1,1,1,4,1,1,1
SF,IH2012,2020-08-24 09:32:33.300,3280.2000,18711,0,456875940.000,0,-,-,-,-,3280.4000,3279.8000,3279.6000,3278.4000,3277.4000,3282.0000,3282.2000,3285.0000,3285.6000,3287.6000,1,1,1,1,1,4,1,1,2,2
SF,IH2012,2020-08-24 09:32:33.800,3280.2000,18711,0,456875940.000,0,-,-,-,-,3280.4000,3279.8000,3279.6000,3278.4000,3277.4000,3281.2000,3281.8000,3282.0000,3282.2000,3285.0000,3,1,1,1,1,1,2,2,1,1
SF,IH2012,2020-08-24 09:32:34.300,3281.2000,18710,-1,457860300.000,1,0,1,双平,S,3281.2000,3280.4000,3279.8000,3279.6000,3278.4000,3281.8000,3282.0000,3282.2000,3285.0000,3285.6000,1,3,1,1,1,2,2,1,1,2
SF,IH2012,2020-08-24 09:32:34.800,3281.8000,18709,-1,458844840.000,1,0,1,双平,S,3281.4000,3281.2000,3280.4000,3279.8000,3279.6000,3285.0000,3285.6000,3287.6000,3290.8000,3296.0000,1,2,3,1,1,1,2,2,5,1
SF,IH2012,2020-08-24 09:32:35.300,3281.8000,18709,0,458844840.000,0,-,-,-,-,3281.6000,3281.4000,3281.2000,3280.4000,3279.8000,3282.6000,3282.8000,3283.2000,3283.6000,3284.4000,1,1,2,3,1,1,4,3,1,4
SF,IH2012,2020-08-24 09:32:35.800,3281.8000,18709,0,458844840.000,0,-,-,-,-,3281.8000,3281.6000,3281.4000,3281.2000,3280.4000,3283.2000,3283.6000,3284.4000,3284.6000,3284.8000,1,1,1,2,3,1,1,4,1,7
SF,IH2012,2020-08-24 09:32:36.300,3281.8000,18709,0,458844840.000,0,-,-,-,-,3282.0000,3281.8000,3281.4000,3281.2000,3280.4000,3283.0000,3283.2000,3283.6000,3284.4000,3284.6000,1,1,1,2,1,2,1,1,4,1
SF,IH2012,2020-08-24 09:32:36.800,3282.0000,18709,0,459829440.000,1,0,1,多换,S,3281.8000,3281.2000,3280.4000,3279.8000,3279.6000,3283.0000,3283.2000,3283.6000,3284.4000,3284.6000,1,2,1,1,1,2,1,1,4,1
SF,IH2012,2020-08-24 09:32:37.300,3281.8000,18708,-1,460813980.000,1,0,1,双平,S,3281.2000,3280.4000,3279.8000,3279.6000,3277.4000,3281.6000,3281.8000,3282.8000,3283.0000,3283.2000,2,1,1,1,1,1,1,2,2,1
SF,IH2012,2020-08-24 09:32:37.800,3281.8000,18708,0,461798520.000,1,0,1,多换,S,3281.2000,3280.4000,3279.8000,3279.6000,3277.4000,3281.6000,3282.8000,3283.0000,3283.2000,3284.4000,2,1,1,2,1,1,2,3,1,4
SF,IH2012,2020-08-24 09:32:38.300,3281.6000,18707,-1,462783000.000,1,0,1,双平,S,3281.2000,3280.4000,3279.8000,3279.6000,3277.4000,3282.8000,3283.0000,3283.2000,3284.4000,3284.6000,2,1,1,1,1,2,1,1,4,1
SF,IH2012,2020-08-24 09:32:38.800,3281.6000,18707,0,462783000.000,0,-,-,-,-,3281.4000,3281.2000,3280.4000,3279.8000,3279.6000,3282.6000,3282.8000,3283.0000,3283.2000,3284.4000,1,2,1,1,1,1,2,1,1,4
SF,IH2012,2020-08-24 09:32:39.300,3281.4000,18706,-1,463767420.000,1,0,1,双平,S,3281.2000,3280.4000,3279.8000,3279.6000,3277.4000,3282.4000,3282.8000,3283.0000,3283.2000,3284.4000,2,1,1,1,1,1,2,1,1,4
SF,IH2012,2020-08-24 09:32:39.800,3281.4000,18706,0,463767420.000,0,-,-,-,-,3281.6000,3281.4000,3281.2000,3280.4000,3279.8000,3282.8000,3283.0000,3283.2000,3284.4000,3284.6000,1,1,1,1,1,2,1,1,4,1
SF,IH2012,2020-08-24 09:32:40.300,3281.4000,18706,0,463767420.000,0,-,-,-,-,3281.8000,3281.4000,3280.4000,3279.8000,3279.6000,3282.8000,3283.2000,3284.4000,3284.6000,3284.8000,1,1,1,1,1,2,1,4,1,6
SF,IH2012,2020-08-24 09:32:40.800,3282.8000,18705,-1,465737100.000,2,0,2,多平,S,3282.0000,3281.4000,3280.4000,3279.8000,3279.6000,3284.4000,3284.6000,3284.8000,3285.0000,3285.6000,2,1,1,1,1,1,1,4,1,2
SF,IH2012,2020-08-24 09:32:41.300,3282.8000,18705,0,465737100.000,0,-,-,-,-,3282.2000,3282.0000,3281.2000,3280.4000,3279.8000,3284.0000,3284.2000,3284.4000,3285.0000,3285.6000,2,1,1,1,1,1,2,1,1,2
SF,IH2012,2020-08-24 09:32:41.800,3282.8000,18705,0,465737100.000,0,-,-,-,-,3282.4000,3282.2000,3281.2000,3280.4000,3279.8000,3283.8000,3284.0000,3284.4000,3285.0000,3285.6000,1,2,1,1,1,2,1,1,1,2
SF,IH2012,2020-08-24 09:32:42.300,3283.4000,18705,0,466722120.000,1,0,1,多换,S,3281.2000,3280.4000,3279.6000,3277.4000,3276.6000,3283.6000,3283.8000,3284.0000,3284.4000,3285.0000,1,1,1,1,1,1,2,1,1,1
SF,IH2012,2020-08-24 09:32:42.800,3283.4000,18705,0,466722120.000,0,-,-,-,-,3281.4000,3281.2000,3280.4000,3279.6000,3277.4000,3283.4000,3283.6000,3283.8000,3284.0000,3284.4000,3,1,1,1,1,1,1,1,1,1
SF,IH2012,2020-08-24 09:32:43.300,3283.4000,18705,0,466722120.000,0,-,-,-,-,3281.6000,3281.4000,3281.2000,3280.4000,3279.6000,3283.4000,3283.6000,3283.8000,3284.0000,3284.4000,1,2,1,1,1,1,1,1,1,1
SF,IH2012,2020-08-24 09:32:43.800,3283.4000,18705,0,466722120.000,0,-,-,-,-,3281.8000,3281.6000,3281.2000,3280.4000,3279.6000,3283.2000,3283.4000,3283.8000,3284.4000,3285.0000,1,1,1,1,1,1,2,1,1,1
SF,IH2012,2020-08-24 09:32:44.300,3283.4000,18705,0,466722120.000,0,-,-,-,-,3282.0000,3281.8000,3281.6000,3281.2000,3280.4000,3283.4000,3283.8000,3284.4000,3285.0000,3285.6000,1,1,1,1,1,1,1,1,1,2
SF,IH2012,2020-08-24 09:32:44.800,3283.4000,18704,-1,467707140.000,1,0,1,双平,S,3282.2000,3282.0000,3281.2000,3280.4000,3279.6000,3284.4000,3285.0000,3285.6000,3287.6000,3290.8000,2,1,1,1,1,1,1,2,2,5
SF,IH2012,2020-08-24 09:32:45.300,3283.4000,18704,0,467707140.000,0,-,-,-,-,3282.4000,3282.2000,3282.0000,3281.2000,3280.4000,3284.2000,3284.4000,3285.0000,3285.6000,3287.6000,1,2,1,1,1,1,1,1,2,2
SF,IH2012,2020-08-24 09:32:45.800,3284.2000,18704,0,468692400.000,1,0,1,多换,S,3282.6000,3282.4000,3282.2000,3282.0000,3281.2000,3284.4000,3285.0000,3285.6000,3287.6000,3290.8000,1,1,1,1,1,1,1,2,2,5
SF,IH2012,2020-08-24 09:32:46.300,3284.2000,18704,0,468692400.000,0,-,-,-,-,3282.8000,3282.6000,3282.2000,3282.0000,3281.6000,3284.4000,3285.0000,3285.6000,3287.6000,3290.8000,3,1,1,1,1,1,1,2,2,5
SF,IH2012,2020-08-24 09:32:46.800,3284.2000,18703,-1,469677660.000,1,0,1,双平,S,3283.0000,3282.8000,3282.0000,3281.6000,3281.2000,3284.4000,3285.0000,3285.6000,3287.6000,3290.8000,1,3,1,1,1,1,1,2,2,5
SF,IH2012,2020-08-24 09:32:47.300,3284.2000,18703,0,469677660.000,0,-,-,-,-,3283.0000,3282.8000,3282.0000,3281.6000,3281.2000,3284.4000,3285.0000,3285.6000,3287.6000,3290.8000,1,3,1,1,1,1,1,2,2,5
SF,IH2012,2020-08-24 09:32:47.800,3284.2000,18703,0,469677660.000,0,-,-,-,-,3283.0000,3282.8000,3282.0000,3281.6000,3281.2000,3283.8000,3284.4000,3285.0000,3285.6000,3287.6000,1,3,1,1,1,1,1,1,2,2
SF,IH2012,2020-08-24 09:32:48.300,3284.2000,18703,0,469677660.000,0,-,-,-,-,3283.0000,3282.8000,3282.0000,3281.6000,3281.2000,3284.4000,3285.0000,3285.6000,3287.6000,3290.8000,1,2,1,1,1,1,2,2,2,5
SF,IH2012,2020-08-24 09:32:48.800,3284.2000,18703,0,469677660.000,0,-,-,-,-,3283.8000,3283.0000,3282.8000,3282.0000,3281.6000,3284.2000,3284.4000,3285.0000,3285.6000,3287.6000,1,1,2,1,1,1,1,2,2,2
SF,IH2012,2020-08-24 09:32:49.300,3283.8000,18702,-1,470662800.000,1,0,1,双平,S,3283.4000,3283.0000,3282.8000,3282.0000,3281.6000,3283.8000,3284.0000,3284.2000,3284.4000,3285.0000,1,1,2,1,1,1,1,1,1,2
SF,IH2012,2020-08-24 09:32:49.800,3283.4000,18699,-3,473618040.000,3,0,3,双平,S,3282.8000,3282.0000,3281.6000,3281.2000,3277.4000,3284.2000,3284.4000,3285.0000,3285.6000,3287.6000,2,1,1,1,1,1,1,2,2,2
SF,IH2012,2020-08-24 09:32:50.300,3283.0000,18698,-1,474602940.000,1,0,1,双平,S,3283.0000,3282.8000,3282.0000,3281.6000,3281.2000,3284.2000,3284.4000,3285.0000,3285.6000,3287.6000,1,2,1,1,1,1,1,2,2,2
SF,IH2012,2020-08-24 09:32:50.800,3283.0000,18698,0,475587840.000,1,0,1,多换,S,3283.0000,3282.8000,3282.0000,3281.6000,3281.2000,3284.4000,3285.0000,3285.6000,3287.6000,3290.8000,1,2,1,1,1,1,2,2,2,5
SF,IH2012,2020-08-24 09:32:51.300,3284.2000,18697,-1,476573100.000,1,0,1,双平,S,3283.0000,3282.8000,3281.6000,3281.2000,3277.4000,3284.4000,3285.0000,3285.6000,3287.6000,3290.8000,1,1,1,1,1,1,2,2,2,5
SF,IH2012,2020-08-24 09:32:51.800,3284.2000,18697,0,476573100.000,0,-,-,-,-,3282.8000,3282.6000,3281.6000,3281.2000,3277.4000,3284.0000,3284.2000,3284.4000,3285.0000,3285.6000,1,1,1,1,1,1,1,2,2,2
SF,IH2012,2020-08-24 09:32:52.300,3284.2000,18697,0,476573100.000,0,-,-,-,-,3282.8000,3282.6000,3281.6000,3281.2000,3277.4000,3283.8000,3284.0000,3284.4000,3285.0000,3285.6000,1,1,1,1,1,1,1,2,1,2
SF,IH2012,2020-08-24 09:32:52.800,3284.2000,18696,-1,477558360.000,1,0,1,双平,S,3282.8000,3282.6000,3281.6000,3281.2000,3277.4000,3284.0000,3284.4000,3285.0000,3285.6000,3287.6000,1,1,1,1,1,1,2,1,2,2
SF,IH2012,2020-08-24 09:32:53.300,3284.2000,18696,0,477558360.000,0,-,-,-,-,3283.0000,3282.8000,3282.6000,3281.6000,3281.2000,3284.0000,3284.4000,3285.0000,3285.6000,3287.6000,1,1,1,1,1,1,2,1,2,2
SF,IH2012,2020-08-24 09:32:53.800,3284.2000,18696,0,477558360.000,0,-,-,-,-,3283.2000,3283.0000,3282.8000,3282.6000,3281.6000,3284.0000,3284.4000,3285.0000,3285.6000,3287.6000,1,2,1,1,1,1,2,1,2,2
SF,IH2012,2020-08-24 09:32:54.300,3284.2000,18696,0,477558360.000,0,-,-,-,-,3283.2000,3283.0000,3282.8000,3282.6000,3281.6000,3284.4000,3285.0000,3285.6000,3287.6000,3290.8000,1,1,1,1,1,1,1,2,2,5
SF,IH2012,2020-08-24 09:32:54.800,3283.2000,18695,-1,478543320.000,1,0,1,双平,S,3282.8000,3282.6000,3281.6000,3281.2000,3277.4000,3284.2000,3284.4000,3285.0000,3285.6000,3287.6000,1,1,1,1,1,1,1,1,2,2
SF,IH2012,2020-08-24 09:32:55.300,3282.6000,18695,0,480512940.000,2,1,1,多换,S,3281.6000,3281.2000,3277.4000,3276.6000,3276.0000,3284.0000,3284.4000,3285.0000,3285.6000,3287.6000,1,1,1,1,1,1,1,1,2,2
SF,IH2012,2020-08-24 09:32:55.800,3282.8000,18694,-1,481497780.000,1,0,1,双平,S,3281.8000,3281.6000,3281.2000,3277.4000,3276.6000,3283.8000,3284.0000,3284.2000,3284.4000,3285.0000,1,1,1,1,1,2,1,1,1,1
SF,IH2012,2020-08-24 09:32:56.300,3282.8000,18694,0,481497780.000,0,-,-,-,-,3281.8000,3281.6000,3281.2000,3277.4000,3276.6000,3283.6000,3283.8000,3284.2000,3284.4000,3285.0000,1,1,1,1,1,1,3,1,1,1
SF,IH2012,2020-08-24 09:32:56.800,3282.8000,18694,0,481497780.000,0,-,-,-,-,3282.0000,3281.8000,3281.6000,3281.2000,3277.4000,3283.4000,3283.6000,3284.4000,3285.0000,3285.6000,1,1,1,1,1,1,1,1,1,2
SF,IH2012,2020-08-24 09:32:57.300,3282.8000,18694,0,481497780.000,0,-,-,-,-,3282.2000,3281.6000,3281.2000,3277.4000,3276.6000,3283.4000,3283.6000,3284.4000,3285.0000,3285.6000,1,1,1,1,1,1,1,1,1,2
SF,IH2012,2020-08-24 09:32:57.800,3282.8000,18694,0,481497780.000,0,-,-,-,-,3282.4000,3282.2000,3281.6000,3281.2000,3277.4000,3283.6000,3284.4000,3285.0000,3285.6000,3287.6000,1,1,1,1,1,1,1,1,2,2
SF,IH2012,2020-08-24 09:32:58.300,3282.8000,18694,0,481497780.000,0,-,-,-,-,3282.6000,3282.4000,3281.6000,3281.2000,3277.4000,3284.4000,3285.0000,3285.6000,3287.6000,3290.8000,1,1,1,1,1,1,1,2,2,5
SF,IH2012,2020-08-24 09:32:58.800,3282.8000,18694,0,481497780.000,0,-,-,-,-,3281.6000,3281.2000,3277.4000,3276.6000,3276.0000,3283.2000,3283.4000,3283.8000,3284.2000,3284.4000,1,1,1,1,1,1,6,1,4,1
SF,IH2012,2020-08-24 09:32:59.300,3282.8000,18694,0,481497780.000,0,-,-,-,-,3281.8000,3281.6000,3281.2000,3277.4000,3276.6000,3283.8000,3284.2000,3284.4000,3285.0000,3285.6000,2,1,1,1,1,1,4,1,1,2
SF,IH2012,2020-08-24 09:32:59.800,3282.8000,18694,0,481497780.000,0,-,-,-,-,3281.8000,3281.6000,3281.2000,3277.4000,3276.6000,3283.6000,3283.8000,3284.2000,3284.4000,3285.0000,2,1,1,1,1,2,1,2,1,1
SF,IH2012,2020-08-24 09:33:00.300,3283.6000,18694,0,482482860.000,1,0,1,多换,S,3282.0000,3281.8000,3281.6000,3281.2000,3277.4000,3283.6000,3283.8000,3284.2000,3284.4000,3285.0000,1,1,1,1,1,1,1,2,1,1
SF,IH2012,2020-08-24 09:33:00.800,3283.6000,18694,0,482482860.000,0,-,-,-,-,3282.2000,3282.0000,3281.6000,3281.2000,3277.4000,3283.4000,3283.8000,3284.2000,3284.4000,3285.0000,2,1,1,1,1,1,1,2,1,1
SF,IH2012,2020-08-24 09:33:01.300,3283.6000,18694,0,482482860.000,0,-,-,-,-,3282.2000,3282.0000,3281.6000,3281.2000,3277.4000,3283.2000,3283.8000,3284.2000,3284.4000,3285.0000,2,1,1,1,1,1,1,2,1,1
SF,IH2012,2020-08-24 09:33:01.800,3283.6000,18694,0,482482860.000,0,-,-,-,-,3282.2000,3281.6000,3281.2000,3277.4000,3276.6000,3282.6000,3282.8000,3283.2000,3283.8000,3284.2000,2,1,1,1,1,1,5,2,1,1
SF,IH2012,2020-08-24 09:33:02.300,3282.8000,18692,-2,485437320.000,3,0,3,多平,S,3282.2000,3281.6000,3281.2000,3280.2000,3277.4000,3283.8000,3284.2000,3284.4000,3285.0000,3285.6000,2,1,1,1,1,1,1,1,1,2
SF,IH2012,2020-08-24 09:33:02.800,3282.8000,18692,0,485437320.000,0,-,-,-,-,3282.2000,3281.6000,3281.2000,3280.2000,3277.4000,3283.4000,3283.6000,3283.8000,3284.2000,3284.4000,2,1,1,1,1,1,1,1,1,1
SF,IH2012,2020-08-24 09:33:03.300,3282.2000,18691,-1,486421980.000,1,0,1,双平,S,3281.6000,3281.2000,3280.2000,3277.4000,3276.6000,3283.2000,3283.4000,3284.2000,3284.4000,3285.0000,1,1,1,1,1,1,1,1,1,1
SF,IH2012,2020-08-24 09:33:03.800,3282.2000,18691,0,486421980.000,0,-,-,-,-,3281.8000,3281.6000,3281.2000,3280.2000,3277.4000,3283.0000,3283.4000,3284.2000,3284.4000,3284.8000,2,1,1,1,1,1,1,1,1,1
SF,IH2012,2020-08-24 09:33:04.300,3281.6000,18690,-1,488391000.000,2,0,2,多平,S,3281.2000,3280.2000,3277.4000,3276.6000,3276.0000,3282.8000,3283.0000,3283.4000,3284.2000,3284.4000,1,1,1,1,1,1,2,1,1,1
SF,IH2012,2020-08-24 09:33:04.800,3281.2000,18689,-1,489375360.000,1,0,1,双平,S,3280.2000,3277.4000,3276.6000,3276.0000,3275.6000,3282.6000,3282.8000,3283.0000,3283.4000,3284.2000,1,1,1,1,5,4,1,1,1,1
SF,IH2012,2020-08-24 09:33:05.300,3281.2000,18689,0,489375360.000,0,-,-,-,-,3280.8000,3280.4000,3280.2000,3277.4000,3276.6000,3282.4000,3282.6000,3282.8000,3283.0000,3283.4000,1,1,1,1,1,3,3,1,1,1
SF,IH2012,2020-08-24 09:33:05.800,3281.0000,18688,-1,490359660.000,1,0,1,双平,S,3281.0000,3280.2000,3277.4000,3276.6000,3276.0000,3282.2000,3282.4000,3282.6000,3282.8000,3283.0000,1,1,1,1,1,2,2,1,1,1
SF,IH2012,2020-08-24 09:33:06.300,3281.0000,18688,0,494296860.000,4,2,2,多换,S,3280.2000,3277.4000,3276.6000,3276.0000,3275.6000,3282.0000,3282.2000,3282.4000,3282.6000,3282.8000,1,1,1,1,5,2,1,2,1,1
SF,IH2012,2020-08-24 09:33:06.800,3282.0000,18688,0,497250540.000,3,1,2,多换,S,3280.4000,3280.2000,3277.4000,3276.6000,3276.0000,3282.0000,3282.4000,3282.6000,3282.8000,3284.2000,1,2,1,1,1,1,1,1,1,1
SF,IH2012,2020-08-24 09:33:07.300,3282.0000,18688,0,497250540.000,0,-,-,-,-,3280.6000,3280.4000,3280.2000,3277.4000,3276.6000,3281.6000,3281.8000,3282.4000,3282.6000,3282.8000,2,1,2,1,1,1,1,1,1,1
SF,IH2012,2020-08-24 09:33:07.800,3281.8000,18688,0,498235080.000,1,0,1,多换,S,3281.6000,3280.8000,3280.6000,3280.2000,3277.4000,3282.4000,3282.6000,3282.8000,3284.0000,3284.2000,1,1,3,2,1,1,1,1,1,2
SF,IH2012,2020-08-24 09:33:08.300,3281.8000,18688,0,498235080.000,0,-,-,-,-,3281.8000,3281.6000,3281.0000,3280.8000,3280.6000,3282.4000,3282.6000,3282.8000,3284.0000,3284.2000,2,1,1,1,1,1,1,1,1,2
SF,IH2012,2020-08-24 09:33:08.800,3282.4000,18687,-1,500204520.000,2,0,2,多平,S,3282.4000,3282.0000,3281.8000,3281.0000,3280.8000,3284.0000,3284.2000,3284.4000,3285.0000,3285.2000,1,1,1,1,1,1,2,1,1,1
SF,IH2012,2020-08-24 09:33:09.300,3283.6000,18685,-2,502174680.000,2,0,2,双平,S,3282.6000,3282.0000,3281.0000,3280.8000,3280.6000,3283.6000,3283.8000,3284.0000,3284.2000,3284.4000,1,1,1,1,1,1,1,1,2,2
SF,IH2012,2020-08-24 09:33:09.800,3283.6000,18685,0,502174680.000,0,-,-,-,-,3282.8000,3282.6000,3282.0000,3281.0000,3280.8000,3283.6000,3284.0000,3284.2000,3284.4000,3285.0000,1,2,1,1,1,1,1,2,2,1
SF,IH2012,2020-08-24 09:33:10.300,3283.6000,18683,-2,504144840.000,2,0,2,双平,S,3282.8000,3282.6000,3282.0000,3281.0000,3280.8000,3284.0000,3284.2000,3284.4000,3285.0000,3285.2000,1,1,1,1,1,1,2,2,1,1
SF,IH2012,2020-08-24 09:33:10.800,3284.2000,18681,-2,506115300.000,2,0,2,双平,S,3283.2000,3283.0000,3282.8000,3282.0000,3281.0000,3284.4000,3285.0000,3285.2000,3285.6000,3287.6000,1,2,1,1,1,2,1,1,2,2
SF,IH2012,2020-08-24 09:33:11.300,3283.4000,18680,-1,507100320.000,1,0,1,双平,S,3283.2000,3282.8000,3282.0000,3281.0000,3280.8000,3284.2000,3284.4000,3285.0000,3285.2000,3285.6000,1,1,1,1,1,1,2,1,1,2
SF,IH2012,2020-08-24 09:33:11.800,3283.2000,18679,-1,508085280.000,1,0,1,双平,S,3282.8000,3282.0000,3281.0000,3280.8000,3280.2000,3283.2000,3283.6000,3283.8000,3284.0000,3284.2000,1,1,1,1,2,1,3,1,3,1
SF,IH2012,2020-08-24 09:33:12.300,3283.2000,18679,0,508085280.000,0,-,-,-,-,3283.2000,3282.8000,3282.0000,3281.0000,3280.8000,3283.4000,3283.8000,3284.0000,3284.2000,3284.4000,1,1,1,2,1,1,1,2,1,2
SF,IH2012,2020-08-24 09:33:12.800,3283.4000,18678,-1,509070300.000,1,0,1,双平,S,3283.2000,3282.8000,3282.0000,3281.0000,3280.8000,3283.8000,3284.0000,3284.2000,3284.4000,3285.0000,2,1,1,2,1,1,1,1,2,1
SF,IH2012,2020-08-24 09:33:13.300,3283.4000,18678,0,509070300.000,0,-,-,-,-,3283.2000,3282.8000,3282.0000,3281.0000,3280.8000,3283.8000,3284.2000,3284.4000,3285.0000,3285.2000,3,1,1,2,1,1,1,2,1,1
SF,IH2012,2020-08-24 09:33:13.800,3283.2000,18676,-2,512025180.000,3,0,3,多平,S,3282.8000,3282.0000,3281.0000,3280.8000,3280.2000,3283.0000,3283.6000,3283.8000,3284.2000,3284.4000,1,1,2,1,2,1,1,1,1,2
SF,IH2012,2020-08-24 09:33:14.300,3282.8000,18673,-3,514979820.000,3,0,3,双平,S,3282.0000,3281.0000,3280.8000,3280.2000,3280.0000,3283.6000,3283.8000,3284.2000,3284.4000,3285.0000,1,2,1,2,1,1,1,1,2,1
SF,IH2012,2020-08-24 09:33:14.800,3283.6000,18672,-1,515964900.000,1,0,1,双平,S,3282.4000,3282.2000,3282.0000,3281.0000,3280.8000,3283.8000,3284.2000,3284.4000,3285.0000,3285.2000,2,2,1,2,1,1,1,2,1,1
SF,IH2012,2020-08-24 09:33:15.300,3283.6000,18672,0,515964900.000,0,-,-,-,-,3282.6000,3282.4000,3282.2000,3282.0000,3281.0000,3283.8000,3284.4000,3285.0000,3285.2000,3285.6000,1,2,1,1,2,1,2,1,1,2
SF,IH2012,2020-08-24 09:33:15.800,3283.6000,18672,0,515964900.000,0,-,-,-,-,3282.6000,3282.4000,3282.0000,3281.0000,3280.8000,3283.6000,3283.8000,3284.4000,3285.0000,3285.2000,1,2,1,2,1,2,1,2,1,1
SF,IH2012,2020-08-24 09:33:16.300,3283.6000,18672,0,515964900.000,0,-,-,-,-,3282.8000,3282.6000,3282.4000,3282.0000,3281.0000,3283.6000,3283.8000,3284.4000,3285.0000,3285.2000,1,1,2,1,2,1,1,2,1,1
SF,IH2012,2020-08-24 09:33:16.800,3283.6000,18672,0,515964900.000,0,-,-,-,-,3283.2000,3283.0000,3282.8000,3282.4000,3282.0000,3283.6000,3284.4000,3285.0000,3285.2000,3285.6000,1,2,1,1,1,1,2,1,1,2
SF,IH2012,2020-08-24 09:33:17.300,3283.2000,18672,0,516949860.000,1,0,1,多换,S,3283.0000,3282.4000,3282.0000,3281.0000,3280.8000,3283.6000,3283.8000,3284.4000,3285.0000,3285.2000,1,1,1,2,1,1,1,2,1,1
SF,IH2012,2020-08-24 09:33:17.800,3283.0000,18671,-1,517934760.000,1,0,1,双平,S,3282.4000,3282.0000,3281.0000,3280.8000,3280.2000,3283.0000,3283.4000,3283.6000,3283.8000,3284.4000,1,1,2,1,2,2,3,2,1,2
SF,IH2012,2020-08-24 09:33:18.300,3283.0000,18671,0,519904380.000,2,1,1,多换,S,3282.0000,3281.0000,3280.8000,3280.2000,3280.0000,3283.0000,3283.2000,3283.6000,3283.8000,3284.4000,1,2,1,2,1,1,1,1,1,2
SF,IH2012,2020-08-24 09:33:18.800,3283.0000,18671,0,519904380.000,0,-,-,-,-,3282.0000,3281.0000,3280.8000,3280.2000,3280.0000,3282.8000,3283.2000,3283.6000,3283.8000,3284.4000,1,2,1,2,1,1,1,1,1,2
SF,IH2012,2020-08-24 09:33:19.300,3282.8000,18670,-1,520889220.000,1,0,1,双平,S,3282.0000,3281.0000,3280.8000,3280.2000,3280.0000,3283.2000,3283.6000,3283.8000,3284.4000,3285.0000,1,2,1,2,1,1,1,1,2,1
SF,IH2012,2020-08-24 09:33:19.800,3282.8000,18670,0,520889220.000,0,-,-,-,-,3282.6000,3282.0000,3281.0000,3280.8000,3280.2000,3283.0000,3283.2000,3283.6000,3283.8000,3284.4000,1,1,2,1,2,1,1,1,1,2
SF,IH2012,2020-08-24 09:33:20.300,3282.8000,18670,0,520889220.000,0,-,-,-,-,3282.2000,3282.0000,3281.0000,3280.8000,3280.2000,3283.2000,3283.6000,3283.8000,3284.4000,3285.0000,1,1,2,1,2,1,1,1,2,1
SF,IH2012,2020-08-24 09:33:20.800,3282.8000,18670,0,520889220.000,0,-,-,-,-,3282.0000,3281.0000,3280.8000,3280.2000,3280.0000,3283.2000,3283.6000,3283.8000,3284.4000,3285.0000,1,2,1,2,1,1,1,1,2,1
SF,IH2012,2020-08-24 09:33:21.300,3282.8000,18670,0,520889220.000,0,-,-,-,-,3282.2000,3282.0000,3281.0000,3280.8000,3280.2000,3283.2000,3283.6000,3283.8000,3284.4000,3285.0000,1,1,2,1,2,1,1,1,2,1
SF,IH2012,2020-08-24 09:33:22.800,3282.8000,18670,0,520889220.000,0,-,-,-,-,3282.4000,3282.0000,3281.0000,3280.8000,3280.2000,3283.2000,3283.6000,3283.8000,3284.4000,3285.0000,1,1,2,1,2,1,1,1,2,1
SF,IH2012,2020-08-24 09:33:23.300,3282.8000,18670,0,520889220.000,0,-,-,-,-,3282.4000,3282.0000,3281.0000,3280.8000,3280.2000,3283.2000,3283.6000,3283.8000,3284.4000,3284.8000,1,1,2,1,2,1,1,1,2,1
SF,IH2012,2020-08-24 09:33:23.800,3282.8000,18670,0,520889220.000,0,-,-,-,-,3282.0000,3281.0000,3280.8000,3280.2000,3280.0000,3282.2000,3283.2000,3283.6000,3283.8000,3284.4000,1,2,1,2,1,4,1,1,1,2
SF,IH2012,2020-08-24 09:33:24.300,3282.2000,18670,0,521873880.000,1,0,1,多换,S,3282.0000,3281.0000,3280.8000,3280.2000,3280.0000,3282.2000,3283.2000,3283.6000,3283.8000,3284.4000,1,2,1,2,1,3,1,1,1,1
SF,IH2012,2020-08-24 09:33:24.800,3282.2000,18670,0,524827860.000,3,1,2,多换,S,3282.0000,3281.0000,3280.8000,3280.2000,3280.0000,3283.2000,3283.6000,3283.8000,3284.4000,3284.8000,1,2,1,2,1,1,1,1,1,1
SF,IH2012,2020-08-24 09:33:25.300,3282.2000,18670,0,524827860.000,0,-,-,-,-,3282.0000,3281.0000,3280.8000,3280.2000,3280.0000,3283.0000,3283.2000,3283.6000,3283.8000,3284.4000,1,2,1,2,1,2,1,1,1,1
SF,IH2012,2020-08-24 09:33:25.800,3282.2000,18670,0,524827860.000,0,-,-,-,-,3282.4000,3282.2000,3282.0000,3281.0000,3280.8000,3283.0000,3283.2000,3283.6000,3283.8000,3284.4000,1,1,1,2,1,2,1,1,1,1
SF,IH2012,2020-08-24 09:33:26.800,3282.4000,18669,-1,525812580.000,1,0,1,双平,S,3282.0000,3281.0000,3280.8000,3280.2000,3280.0000,3283.0000,3283.2000,3283.6000,3283.8000,3284.4000,1,2,1,2,1,2,1,1,1,1
SF,IH2012,2020-08-24 09:33:27.300,3282.4000,18669,0,525812580.000,0,-,-,-,-,3282.6000,3282.2000,3282.0000,3281.0000,3280.8000,3283.0000,3283.2000,3283.6000,3283.8000,3284.4000,1,1,1,2,1,2,1,1,1,1
SF,IH2012,2020-08-24 09:33:27.800,3282.6000,18668,-1,526797360.000,1,0,1,双平,S,3282.2000,3282.0000,3281.0000,3280.8000,3280.2000,3283.0000,3283.2000,3283.6000,3283.8000,3284.4000,1,1,2,1,2,2,1,1,1,1
SF,IH2012,2020-08-24 09:33:28.300,3282.6000,18668,0,526797360.000,0,-,-,-,-,3282.0000,3281.0000,3280.8000,3280.2000,3280.0000,3282.6000,3282.8000,3283.0000,3283.2000,3283.6000,1,2,1,2,1,1,1,2,1,1
SF,IH2012,2020-08-24 09:33:28.800,3282.6000,18668,0,526797360.000,0,-,-,-,-,3282.0000,3281.0000,3280.8000,3280.2000,3280.0000,3283.0000,3283.2000,3283.6000,3283.8000,3284.4000,1,2,1,2,1,1,1,1,1,1
SF,IH2012,2020-08-24 09:33:29.300,3282.6000,18668,0,526797360.000,0,-,-,-,-,3281.0000,3280.8000,3280.2000,3280.0000,3277.4000,3282.0000,3283.0000,3283.2000,3283.6000,3283.8000,2,1,2,1,1,1,1,1,1,1
SF,IH2012,2020-08-24 09:33:29.800,3282.0000,18667,-1,527781960.000,1,0,1,双平,S,3281.4000,3281.2000,3281.0000,3280.8000,3280.2000,3283.0000,3283.2000,3283.6000,3283.8000,3284.4000,1,2,2,1,2,1,1,1,1,1
SF,IH2012,2020-08-24 09:33:30.300,3282.0000,18667,0,527781960.000,0,-,-,-,-,3281.4000,3281.2000,3281.0000,3280.8000,3280.2000,3282.6000,3282.8000,3283.0000,3283.2000,3283.6000,1,2,2,1,2,1,1,1,1,1
SF,IH2012,2020-08-24 09:33:30.800,3282.0000,18667,0,527781960.000,0,-,-,-,-,3281.6000,3281.4000,3281.2000,3281.0000,3280.8000,3282.6000,3282.8000,3283.0000,3283.2000,3283.6000,1,1,1,2,1,1,1,1,1,1
SF,IH2012,2020-08-24 09:33:31.300,3282.0000,18667,0,527781960.000,0,-,-,-,-,3281.4000,3281.2000,3281.0000,3280.8000,3280.2000,3282.2000,3282.4000,3282.6000,3282.8000,3283.2000,1,1,2,1,2,1,2,1,1,1
SF,IH2012,2020-08-24 09:33:31.800,3282.0000,18667,0,527781960.000,0,-,-,-,-,3281.4000,3281.0000,3280.8000,3280.2000,3280.0000,3282.0000,3282.2000,3282.4000,3282.6000,3282.8000,1,2,1,2,1,1,1,1,1,1
SF,IH2012,2020-08-24 09:33:32.300,3282.0000,18667,0,527781960.000,0,-,-,-,-,3281.0000,3280.8000,3280.2000,3280.0000,3277.4000,3282.0000,3282.2000,3282.6000,3282.8000,3283.2000,2,1,2,1,1,1,1,1,1,1
SF,IH2012,2020-08-24 09:33:32.800,3282.0000,18667,0,530735760.000,3,1,2,多换,S,3282.0000,3281.0000,3280.8000,3280.2000,3280.0000,3282.2000,3282.6000,3282.8000,3283.2000,3283.6000,2,2,1,2,1,1,1,1,1,1
SF,IH2012,2020-08-24 09:33:33.300,3282.0000,18667,0,532704960.000,2,1,1,多换,S,3281.0000,3280.8000,3280.2000,3280.0000,3277.4000,3281.6000,3281.8000,3282.0000,3282.2000,3282.6000,2,1,2,1,1,1,2,1,1,1
SF,IH2012,2020-08-24 09:33:33.800,3281.0000,18666,-1,534673560.000,2,0,2,多平,S,3280.8000,3280.2000,3280.0000,3277.4000,3276.6000,3281.0000,3281.8000,3282.0000,3282.2000,3282.6000,1,2,1,1,1,1,2,1,1,1
SF,IH2012,2020-08-24 09:33:34.300,3281.0000,18666,0,534673560.000,0,-,-,-,-,3280.2000,3280.0000,3277.4000,3276.6000,3276.2000,3280.6000,3281.2000,3282.0000,3282.2000,3282.6000,2,1,1,1,1,1,1,1,1,1
SF,IH2012,2020-08-24 09:33:34.800,3280.2000,18666,0,536641680.000,2,1,1,多换,S,3280.0000,3277.4000,3276.6000,3276.2000,3276.0000,3280.2000,3281.0000,3281.2000,3282.0000,3282.2000,1,1,1,1,1,1,1,1,1,1
SF,IH2012,2020-08-24 09:33:35.300,3280.0000,18665,-1,537625680.000,1,0,1,双平,S,3277.4000,3276.6000,3276.2000,3276.0000,3275.4000,3280.0000,3280.4000,3281.0000,3281.2000,3282.0000,1,1,1,1,3,1,1,1,1,1
SF,IH2012,2020-08-24 09:33:35.800,3280.0000,18665,0,537625680.000,0,-,-,-,-,3278.8000,3278.6000,3278.4000,3278.2000,3278.0000,3280.2000,3280.4000,3281.0000,3281.2000,3282.0000,1,2,2,2,1,1,1,1,1,1
SF,IH2012,2020-08-24 09:33:36.300,3280.0000,18665,0,537625680.000,0,-,-,-,-,3279.0000,3278.6000,3278.0000,3277.8000,3277.6000,3280.0000,3280.2000,3280.4000,3281.0000,3281.2000,1,1,1,1,4,1,1,1,1,1
SF,IH2012,2020-08-24 09:33:36.800,3280.0000,18665,0,537625680.000,0,-,-,-,-,3278.6000,3278.0000,3277.8000,3277.6000,3277.4000,3279.0000,3279.6000,3279.8000,3280.2000,3280.4000,1,1,1,4,1,1,1,3,1,1
SF,IH2012,2020-08-24 09:33:37.300,3279.0000,18665,0,538609380.000,1,0,1,多换,S,3279.0000,3278.6000,3278.0000,3277.8000,3277.6000,3279.6000,3279.8000,3280.2000,3280.4000,3281.0000,1,1,1,1,4,1,2,1,1,1
SF,IH2012,2020-08-24 09:33:37.800,3280.2000,18662,-3,541561260.000,3,0,3,双平,S,3279.6000,3279.2000,3279.0000,3278.6000,3278.0000,3280.4000,3281.0000,3281.2000,3282.0000,3282.8000,1,1,1,1,1,1,1,1,1,1
SF,IH2012,2020-08-24 09:33:38.300,3280.0000,18661,-1,543529140.000,2,0,2,多平,S,3279.0000,3278.6000,3278.0000,3277.8000,3277.6000,3280.0000,3280.4000,3282.0000,3282.8000,3283.8000,1,1,1,1,4,1,1,1,1,1
SF,IH2012,2020-08-24 09:33:38.800,3280.0000,18661,0,543529140.000,0,-,-,-,-,3279.0000,3278.6000,3278.0000,3277.8000,3277.6000,3280.0000,3280.4000,3282.0000,3283.8000,3284.4000,1,1,1,1,4,1,1,1,1,1
SF,IH2012,2020-08-24 09:33:39.300,3279.0000,18660,-1,544512840.000,1,0,1,双平,S,3278.6000,3278.0000,3277.8000,3277.6000,3277.4000,3279.6000,3280.0000,3282.0000,3283.8000,3284.4000,1,1,1,3,1,1,1,1,1,1
SF,IH2012,2020-08-24 09:33:39.800,3279.0000,18660,0,544512840.000,0,-,-,-,-,3278.6000,3278.0000,3277.8000,3277.6000,3277.4000,3279.6000,3279.8000,3280.0000,3282.0000,3283.8000,1,1,1,3,1,3,1,1,1,1
SF,IH2012,2020-08-24 09:33:40.300,3278.6000,18659,-1,545496420.000,1,0,1,双平,S,3278.0000,3277.8000,3277.6000,3277.4000,3276.6000,3278.8000,3279.6000,3279.8000,3280.0000,3282.0000,1,1,3,1,1,1,3,1,1,1
SF,IH2012,2020-08-24 09:33:40.800,3278.8000,18659,0,546480060.000,1,0,1,多换,S,3278.4000,3278.2000,3278.0000,3277.8000,3277.6000,3279.6000,3280.0000,3282.0000,3283.8000,3284.4000,1,2,1,1,2,3,1,1,1,1
SF,IH2012,2020-08-24 09:33:41.300,3278.8000,18659,0,546480060.000,0,-,-,-,-,3278.8000,3278.4000,3278.2000,3278.0000,3277.8000,3279.4000,3279.6000,3280.0000,3282.0000,3283.8000,1,1,2,1,1,1,3,1,1,1
SF,IH2012,2020-08-24 09:33:41.800,3278.8000,18659,0,546480060.000,0,-,-,-,-,3278.8000,3278.6000,3278.4000,3278.2000,3278.0000,3279.6000,3280.0000,3282.0000,3283.8000,3284.4000,1,1,1,2,1,3,1,1,1,1
SF,IH2012,2020-08-24 09:33:42.300,3278.8000,18659,0,546480060.000,0,-,-,-,-,3278.8000,3278.4000,3278.2000,3278.0000,3277.8000,3279.6000,3280.0000,3282.0000,3283.8000,3284.4000,1,1,2,1,1,3,1,1,1,1
SF,IH2012,2020-08-24 09:33:42.800,3279.6000,18659,0,548447820.000,2,1,1,多换,S,3280.2000,3280.0000,3279.2000,3278.8000,3278.4000,3282.0000,3283.8000,3284.4000,3284.8000,3285.0000,1,1,1,1,1,1,1,1,1,1
SF,IH2012,2020-08-24 09:33:43.300,3281.2000,18658,-1,550416540.000,2,0,2,多平,S,3280.4000,3280.2000,3280.0000,3279.2000,3278.8000,3281.2000,3281.4000,3281.6000,3281.8000,3282.0000,1,1,1,1,1,1,2,1,3,1
SF,IH2012,2020-08-24 09:33:43.800,3281.2000,18658,0,550416540.000,0,-,-,-,-,3280.2000,3280.0000,3279.2000,3278.8000,3278.4000,3281.8000,3283.8000,3284.4000,3284.8000,3285.0000,1,1,1,1,1,1,1,1,1,1
SF,IH2012,2020-08-24 09:33:44.300,3281.2000,18658,0,550416540.000,0,-,-,-,-,3280.6000,3280.2000,3280.0000,3279.2000,3278.4000,3281.6000,3281.8000,3283.8000,3284.4000,3284.8000,1,1,1,1,1,2,1,1,1,1
SF,IH2012,2020-08-24 09:33:44.800,3281.2000,18658,0,550416540.000,0,-,-,-,-,3280.6000,3280.2000,3280.0000,3279.2000,3278.4000,3281.4000,3281.6000,3283.8000,3284.4000,3284.8000,1,1,1,1,1,1,1,1,1,1
SF,IH2012,2020-08-24 09:33:45.300,3280.6000,18657,-1,551400720.000,1,0,1,双平,S,3280.2000,3280.0000,3279.2000,3278.4000,3278.2000,3281.4000,3281.6000,3283.8000,3284.4000,3284.8000,1,1,1,1,2,1,1,1,1,1
SF,IH2012,2020-08-24 09:33:45.800,3280.6000,18657,0,551400720.000,0,-,-,-,-,3280.2000,3279.2000,3278.4000,3278.2000,3278.0000,3280.6000,3281.0000,3281.2000,3281.4000,3281.6000,1,1,1,2,1,2,1,1,1,1
SF,IH2012,2020-08-24 09:33:46.300,3280.2000,18656,-1,552384780.000,1,0,1,双平,S,3279.2000,3278.4000,3278.2000,3278.0000,3277.8000,3280.0000,3280.2000,3280.6000,3281.0000,3281.4000,1,1,2,1,1,1,2,1,1,1
SF,IH2012,2020-08-24 09:33:46.800,3280.2000,18656,0,552384780.000,0,-,-,-,-,3279.4000,3279.2000,3278.4000,3278.0000,3277.8000,3280.0000,3280.2000,3280.4000,3280.6000,3281.0000,1,1,1,1,1,1,2,1,1,1
SF,IH2012,2020-08-24 09:33:47.300,3279.4000,18655,-1,553368600.000,1,0,1,双平,S,3278.4000,3278.0000,3277.8000,3277.6000,3277.4000,3279.4000,3280.0000,3280.2000,3280.4000,3281.0000,1,1,1,2,1,1,2,2,1,1
SF,IH2012,2020-08-24 09:33:47.800,3279.4000,18655,0,553368600.000,0,-,-,-,-,3279.8000,3279.6000,3279.4000,3278.8000,3278.6000,3280.0000,3280.2000,3280.4000,3281.0000,3281.4000,1,1,1,2,1,1,1,1,1,1
SF,IH2012,2020-08-24 09:33:48.300,3280.4000,18653,-2,556320780.000,3,0,3,多平,S,3280.4000,3280.0000,3279.8000,3279.6000,3278.8000,3281.0000,3281.2000,3281.4000,3284.4000,3284.8000,1,1,1,1,2,2,1,1,1,1
SF,IH2012,2020-08-24 09:33:48.800,3281.0000,18653,0,557305080.000,1,0,1,多换,S,3280.4000,3280.0000,3279.8000,3279.6000,3278.8000,3281.2000,3281.4000,3284.4000,3284.8000,3285.0000,1,1,3,1,2,1,1,1,1,1
SF,IH2012,2020-08-24 09:33:49.300,3281.2000,18652,-1,558289440.000,1,0,1,双平,S,3281.6000,3281.4000,3281.2000,3281.0000,3280.8000,3284.4000,3284.8000,3285.0000,3285.2000,3285.6000,1,1,1,1,1,1,1,1,1,2
SF,IH2012,2020-08-24 09:33:49.800,3281.2000,18652,0,559273800.000,1,0,1,多换,S,3282.0000,3281.6000,3281.4000,3281.0000,3280.8000,3283.4000,3284.0000,3284.2000,3284.4000,3284.8000,1,1,1,1,1,3,1,5,4,1
SF,IH2012,2020-08-24 09:33:50.300,3281.2000,18652,0,559273800.000,0,-,-,-,-,3282.0000,3281.6000,3281.0000,3280.8000,3280.0000,3283.0000,3283.2000,3284.0000,3284.2000,3284.4000,1,1,1,1,1,1,1,2,2,1
SF,IH2012,2020-08-24 09:33:50.800,3282.0000,18652,0,560258400.000,1,0,1,多换,S,3282.2000,3281.6000,3281.0000,3280.8000,3280.0000,3282.8000,3283.0000,3284.0000,3284.2000,3284.4000,1,1,1,1,1,2,1,2,2,1
SF,IH2012,2020-08-24 09:33:51.300,3282.2000,18651,-1,562227660.000,2,0,2,多平,S,3281.6000,3281.0000,3280.8000,3280.0000,3279.8000,3282.2000,3282.4000,3282.6000,3282.8000,3283.0000,1,1,1,1,3,1,1,1,1,1
SF,IH2012,2020-08-24 09:33:51.800,3281.6000,18651,0,563212140.000,1,0,1,多换,S,3281.0000,3280.8000,3280.0000,3279.8000,3278.8000,3282.0000,3282.4000,3282.6000,3282.8000,3283.0000,1,1,1,3,1,1,1,1,1,1
SF,IH2012,2020-08-24 09:33:52.300,3281.6000,18651,0,563212140.000,0,-,-,-,-,3280.8000,3280.0000,3279.8000,3278.8000,3278.4000,3281.8000,3282.0000,3282.4000,3282.6000,3282.8000,1,1,3,1,1,1,1,1,1,1
SF,IH2012,2020-08-24 09:33:52.800,3281.6000,18651,0,563212140.000,0,-,-,-,-,3280.8000,3280.0000,3279.8000,3278.8000,3278.4000,3281.6000,3281.8000,3282.4000,3282.6000,3282.8000,1,1,2,1,1,1,3,1,1,1
SF,IH2012,2020-08-24 09:33:53.300,3281.6000,18651,0,563212140.000,0,-,-,-,-,3280.8000,3280.0000,3279.8000,3278.8000,3278.4000,3281.6000,3281.8000,3282.4000,3282.6000,3282.8000,1,1,2,1,1,1,1,1,1,1
SF,IH2012,2020-08-24 09:33:53.800,3281.6000,18651,0,564196620.000,1,0,1,多换,S,3281.8000,3281.6000,3281.2000,3280.8000,3280.0000,3282.4000,3282.6000,3282.8000,3284.0000,3284.2000,1,1,1,1,1,1,1,1,1,1
SF,IH2012,2020-08-24 09:33:54.300,3282.4000,18650,-1,565181340.000,1,0,1,双平,S,3282.4000,3281.8000,3281.2000,3280.8000,3280.6000,3284.0000,3284.2000,3284.4000,3284.8000,3285.0000,1,1,1,1,1,1,1,1,1,1
SF,IH2012,2020-08-24 09:33:54.800,3282.2000,18650,0,566166000.000,1,0,1,多换,S,3281.8000,3281.2000,3280.8000,3280.6000,3280.0000,3283.2000,3283.6000,3283.8000,3284.0000,3284.2000,1,1,1,1,1,1,1,5,1,1
SF,IH2012,2020-08-24 09:33:55.300,3282.2000,18650,0,566166000.000,0,-,-,-,-,3282.0000,3281.8000,3281.2000,3280.8000,3280.6000,3283.6000,3283.8000,3284.0000,3284.4000,3284.8000,1,1,1,1,1,1,3,1,1,1
SF,IH2012,2020-08-24 09:33:56.300,3282.2000,18650,0,566166000.000,0,-,-,-,-,3282.0000,3281.8000,3281.2000,3280.8000,3280.6000,3283.2000,3283.4000,3283.6000,3283.8000,3284.0000,1,1,1,1,1,1,2,1,3,1
SF,IH2012,2020-08-24 09:33:56.800,3283.2000,18650,0,567150960.000,1,0,1,多换,S,3282.0000,3281.8000,3281.2000,3280.8000,3280.6000,3283.4000,3283.6000,3283.8000,3284.0000,3284.4000,1,1,1,1,1,2,1,3,1,1
SF,IH2012,2020-08-24 09:33:57.300,3283.2000,18650,0,567150960.000,0,-,-,-,-,3282.0000,3281.8000,3281.2000,3280.8000,3280.6000,3283.2000,3283.4000,3283.6000,3283.8000,3284.4000,1,1,1,1,1,1,1,1,2,1
SF,IH2012,2020-08-24 09:33:57.800,3282.0000,18650,0,568135560.000,1,0,1,多换,S,3281.8000,3281.2000,3280.8000,3280.6000,3280.0000,3282.0000,3283.0000,3283.2000,3283.4000,3283.6000,1,1,1,1,1,2,1,3,1,1
SF,IH2012,2020-08-24 09:33:58.300,3282.0000,18650,0,568135560.000,0,-,-,-,-,3281.2000,3280.8000,3280.6000,3279.8000,3278.8000,3281.8000,3282.0000,3282.8000,3283.0000,3283.2000,1,1,1,2,1,1,2,1,1,1
SF,IH2012,2020-08-24 09:33:58.800,3282.0000,18650,0,568135560.000,0,-,-,-,-,3281.2000,3280.8000,3280.6000,3279.8000,3279.6000,3281.8000,3282.0000,3282.8000,3283.0000,3283.2000,1,1,1,2,1,1,2,1,1,1
SF,IH2012,2020-08-24 09:33:59.300,3281.8000,18649,-1,569120100.000,1,0,1,双平,S,3281.2000,3280.8000,3280.6000,3279.8000,3278.8000,3281.8000,3282.0000,3282.8000,3283.0000,3283.4000,1,1,1,2,1,1,2,1,1,1
SF,IH2012,2020-08-24 09:33:59.800,3281.8000,18649,0,569120100.000,0,-,-,-,-,3281.2000,3280.8000,3280.6000,3279.8000,3278.8000,3282.0000,3282.8000,3283.0000,3283.4000,3283.6000,1,1,1,2,1,2,1,1,1,1
SF,IH2012,2020-08-24 09:34:00.300,3282.0000,18649,0,571089300.000,2,1,1,多换,S,3281.6000,3281.2000,3280.8000,3279.8000,3278.8000,3282.8000,3283.0000,3283.4000,3283.6000,3283.8000,1,1,1,2,1,1,1,1,1,1
SF,IH2012,2020-08-24 09:34:00.800,3282.0000,18649,0,571089300.000,0,-,-,-,-,3282.0000,3281.8000,3281.6000,3281.2000,3280.8000,3283.4000,3283.6000,3283.8000,3284.4000,3284.8000,2,2,1,1,1,1,1,1,1,1
SF,IH2012,2020-08-24 09:34:01.300,3282.0000,18649,0,571089300.000,0,-,-,-,-,3282.4000,3282.0000,3281.8000,3281.6000,3281.2000,3282.8000,3283.2000,3283.6000,3283.8000,3284.4000,1,2,2,1,1,2,1,1,1,1
SF,IH2012,2020-08-24 09:34:01.800,3283.6000,18647,-2,575029020.000,4,1,3,多平,S,3283.4000,3282.8000,3282.6000,3282.4000,3282.0000,3283.8000,3284.4000,3284.8000,3285.0000,3285.2000,1,1,1,2,1,1,1,1,1,1
SF,IH2012,2020-08-24 09:34:02.300,3283.8000,18647,0,576014160.000,1,0,1,多换,S,3283.6000,3283.4000,3282.6000,3282.4000,3282.0000,3284.4000,3284.8000,3285.0000,3285.2000,3285.6000,1,1,1,2,1,1,1,1,1,2
SF,IH2012,2020-08-24 09:34:02.800,3283.8000,18647,0,576014160.000,0,-,-,-,-,3283.6000,3283.4000,3282.8000,3282.6000,3282.4000,3284.4000,3284.8000,3285.0000,3285.2000,3285.6000,2,1,2,1,2,1,1,1,1,2
SF,IH2012,2020-08-24 09:34:03.300,3283.8000,18647,0,576014160.000,0,-,-,-,-,3284.0000,3283.6000,3283.4000,3282.8000,3282.6000,3284.4000,3284.8000,3285.0000,3285.2000,3285.6000,1,2,1,2,1,1,1,1,1,2
SF,IH2012,2020-08-24 09:34:03.800,3284.2000,18646,-1,577984740.000,2,0,2,多平,S,3284.2000,3284.0000,3283.6000,3283.4000,3282.8000,3284.8000,3285.0000,3285.2000,3285.6000,3287.6000,1,1,1,1,2,1,1,1,2,2
SF,IH2012,2020-08-24 09:34:04.300,3284.8000,18646,0,578970180.000,1,0,1,多换,S,3284.2000,3284.0000,3283.6000,3283.4000,3282.8000,3285.0000,3285.2000,3285.6000,3287.6000,3290.8000,1,1,1,1,2,1,1,2,2,5
SF,IH2012,2020-08-24 09:34:04.800,3284.8000,18646,0,578970180.000,0,-,-,-,-,3284.4000,3284.2000,3284.0000,3283.6000,3283.4000,3285.0000,3285.2000,3285.6000,3287.0000,3287.6000,1,1,1,1,1,1,1,2,1,2
SF,IH2012,2020-08-24 09:34:05.300,3284.2000,18644,-2,580940760.000,2,0,2,双平,S,3284.0000,3283.6000,3283.4000,3282.8000,3282.6000,3285.0000,3285.2000,3285.6000,3287.0000,3287.6000,1,1,1,2,1,1,1,2,1,2
SF,IH2012,2020-08-24 09:34:05.800,3284.2000,18644,0,580940760.000,0,-,-,-,-,3284.0000,3283.6000,3283.4000,3282.8000,3282.6000,3285.0000,3285.2000,3285.6000,3287.0000,3287.6000,1,1,1,2,1,1,1,2,1,2
SF,IH2012,2020-08-24 09:34:06.300,3284.8000,18644,0,581926200.000,1,0,1,多换,S,3284.0000,3283.6000,3283.4000,3282.8000,3282.6000,3285.0000,3285.2000,3285.6000,3287.0000,3287.6000,1,1,1,2,1,1,1,2,1,2
SF,IH2012,2020-08-24 09:34:07.300,3285.0000,18644,0,582911700.000,1,0,1,多换,S,3284.0000,3283.6000,3283.4000,3282.8000,3282.6000,3285.2000,3285.6000,3287.0000,3287.6000,3290.8000,1,1,1,2,1,1,2,1,2,5
SF,IH2012,2020-08-24 09:34:07.800,3285.0000,18644,0,582911700.000,0,-,-,-,-,3284.4000,3284.0000,3283.6000,3283.4000,3282.8000,3285.2000,3285.6000,3287.0000,3287.6000,3290.8000,1,1,1,1,2,1,2,1,2,5
SF,IH2012,2020-08-24 09:34:08.300,3285.2000,18644,0,583897260.000,1,0,1,多换,S,3284.4000,3284.0000,3283.6000,3283.4000,3282.6000,3285.6000,3287.0000,3287.6000,3290.8000,3295.0000,1,1,1,1,1,2,1,2,5,1
SF,IH2012,2020-08-24 09:34:08.800,3284.4000,18643,-1,584882580.000,1,0,1,双平,S,3284.0000,3283.6000,3283.4000,3282.6000,3282.4000,3284.4000,3285.4000,3285.6000,3287.0000,3287.6000,1,1,1,1,1,2,3,2,1,2
SF,IH2012,2020-08-24 09:34:09.300,3284.4000,18641,-2,586853220.000,2,0,2,双平,S,3284.4000,3284.2000,3284.0000,3283.6000,3283.4000,3285.6000,3287.0000,3287.6000,3290.8000,3295.0000,1,2,1,1,1,2,1,2,5,1
SF,IH2012,2020-08-24 09:34:09.800,3284.4000,18641,0,586853220.000,0,-,-,-,-,3284.8000,3284.6000,3284.4000,3284.2000,3284.0000,3285.6000,3287.0000,3287.6000,3290.8000,3295.0000,1,1,1,1,1,2,1,2,5,1
SF,IH2012,2020-08-24 09:34:10.300,3284.4000,18641,0,586853220.000,0,-,-,-,-,3284.8000,3284.6000,3284.4000,3284.2000,3284.0000,3285.4000,3285.6000,3287.0000,3287.6000,3290.8000,1,1,1,1,1,3,2,1,2,5
SF,IH2012,2020-08-24 09:34:10.800,3284.8000,18640,-1,587838660.000,1,0,1,双平,S,3284.6000,3284.4000,3284.2000,3284.0000,3283.6000,3285.4000,3285.6000,3287.0000,3287.6000,3290.8000,1,1,1,1,1,3,2,1,2,5
SF,IH2012,2020-08-24 09:34:11.300,3285.4000,18637,-3,590795520.000,3,0,3,双平,S,3284.6000,3284.4000,3284.2000,3284.0000,3283.6000,3285.6000,3287.0000,3287.6000,3290.8000,3295.0000,1,1,1,1,1,2,1,2,5,1
SF,IH2012,2020-08-24 09:34:11.800,3285.4000,18637,0,590795520.000,0,-,-,-,-,3285.0000,3284.8000,3284.6000,3284.4000,3284.2000,3285.6000,3287.0000,3287.6000,3290.8000,3295.0000,1,1,1,1,1,2,1,2,5,1
SF,IH2012,2020-08-24 09:34:12.300,3285.6000,18635,-2,592766880.000,2,0,2,双平,S,3285.4000,3285.0000,3284.8000,3284.6000,3284.4000,3287.0000,3287.6000,3290.8000,3295.0000,3296.0000,2,1,1,1,1,1,2,5,1,1
SF,IH2012,2020-08-24 09:34:12.800,3285.6000,18635,0,592766880.000,0,-,-,-,-,3285.8000,3285.6000,3285.4000,3285.0000,3284.8000,3286.6000,3286.8000,3287.0000,3287.6000,3290.8000,1,1,2,1,1,1,2,1,2,5
SF,IH2012,2020-08-24 09:34:13.300,3285.6000,18634,-1,593752560.000,1,0,1,双平,S,3286.2000,3286.0000,3285.8000,3285.6000,3285.4000,3286.8000,3287.0000,3287.6000,3294.6000,3295.0000,1,1,1,1,2,1,1,2,5,1
SF,IH2012,2020-08-24 09:34:13.800,3286.2000,18631,-3,596710080.000,3,0,3,双平,S,3285.8000,3285.6000,3285.4000,3284.8000,3284.4000,3287.0000,3287.6000,3294.6000,3295.0000,3296.0000,1,1,2,1,1,1,2,5,1,1
SF,IH2012,2020-08-24 09:34:14.300,3285.8000,18629,-2,598681560.000,2,0,2,双平,S,3285.6000,3285.4000,3284.8000,3284.4000,3281.0000,3286.8000,3287.0000,3287.6000,3294.6000,3295.0000,1,1,1,1,1,1,1,2,5,1
