市场代码,合约代码,时间,最新,持仓,增仓,成交额,成交量,开仓,平仓,成交类型,方向,买一价,买二价,买三价,买四价,买五价,卖一价,卖二价,卖三价,卖四价,卖五价,买一量,买二量,买三量,买四量,买五量,卖一量,卖二量,卖三量,卖四量,卖五量
SF,IH2009,2020-03-27 09:29:00.100,2616.6000,9836,0,6279840.000,8.000,-,-,-,-,2616.4000,2615.8000,2615.0000,2614.8000,2612.0000,2620.0000,2622.0000,2625.0000,2625.2000,2627.8000,1,1,1,1,1,3,1,2,2,1
SF,IH2009,2020-03-27 09:30:00.100,2616.6000,9835,-1,10989720.000,6,2,4,多平,S,2616.8000,2616.6000,2616.4000,2615.8000,2615.0000,2620.0000,2622.0000,2625.0000,2625.2000,2627.8000,1,2,1,1,1,2,1,2,2,1
SF,IH2009,2020-03-27 09:30:00.600,2620.0000,9834,-1,12560820.000,2,0,2,多平,S,2618.0000,2617.0000,2616.8000,2616.6000,2615.8000,2620.0000,2622.0000,2625.0000,2625.2000,2627.8000,1,4,3,1,1,2,1,2,2,1
SF,IH2009,2020-03-27 09:30:01.100,2619.8000,9833,-1,15702720.000,4,1,3,多平,S,2617.0000,2616.8000,2616.6000,2615.8000,2615.0000,2618.0000,2619.8000,2620.0000,2622.0000,2625.0000,2,2,1,1,1,1,1,3,1,2
SF,IH2009,2020-03-27 09:30:01.600,2617.0000,9832,-1,18058680.000,3,1,2,多平,S,2616.8000,2616.6000,2615.0000,2612.0000,2610.6000,2618.0000,2619.6000,2619.8000,2620.0000,2622.0000,1,1,1,1,5,1,4,1,3,1
SF,IH2009,2020-03-27 09:30:02.100,2618.0000,9831,-1,18844080.000,1,0,1,双平,S,2617.0000,2616.8000,2616.6000,2615.0000,2612.0000,2619.6000,2619.8000,2620.0000,2622.0000,2625.0000,1,1,1,1,1,4,1,3,1,2
SF,IH2009,2020-03-27 09:30:02.600,2618.0000,9831,0,18844080.000,0,-,-,-,-,2617.0000,2616.8000,2616.6000,2615.0000,2612.0000,2618.0000,2619.4000,2619.6000,2620.0000,2622.0000,1,1,1,1,1,2,2,3,3,1
SF,IH2009,2020-03-27 09:30:03.100,2616.8000,9830,-1,20414220.000,2,0,2,多平,S,2616.6000,2615.8000,2615.0000,2612.0000,2610.6000,2618.0000,2619.2000,2619.4000,2619.6000,2620.0000,1,1,1,1,5,2,1,2,3,3
SF,IH2009,2020-03-27 09:30:03.600,2617.8000,9830,0,21199560.000,1,0,1,多换,S,2616.6000,2615.8000,2615.0000,2612.0000,2610.6000,2618.0000,2619.2000,2619.4000,2619.6000,2620.0000,1,1,1,1,5,3,1,2,3,4
SF,IH2009,2020-03-27 09:30:04.100,2617.8000,9829,-1,21984900.000,1,0,1,双平,S,2616.6000,2615.8000,2615.0000,2612.0000,2610.6000,2618.0000,2619.2000,2619.4000,2619.6000,2620.0000,1,1,1,1,5,2,1,2,3,4
SF,IH2009,2020-03-27 09:30:04.600,2618.0000,9828,-1,23555700.000,2,0,2,多平,S,2618.8000,2616.6000,2615.8000,2615.0000,2612.0000,2619.2000,2619.4000,2619.6000,2620.0000,2622.0000,1,1,1,1,1,1,2,3,4,1
SF,IH2009,2020-03-27 09:30:05.100,2618.0000,9828,0,23555700.000,0,-,-,-,-,2616.6000,2615.8000,2615.0000,2612.0000,2610.6000,2618.8000,2619.2000,2619.4000,2620.0000,2622.0000,1,1,1,1,5,3,1,1,4,1
SF,IH2009,2020-03-27 09:30:05.600,2618.0000,9828,0,23555700.000,0,-,-,-,-,2616.6000,2615.8000,2615.0000,2612.0000,2610.6000,2618.4000,2618.6000,2618.8000,2619.4000,2620.0000,1,1,1,1,5,1,1,3,1,4
SF,IH2009,2020-03-27 09:30:06.100,2616.6000,9828,0,24340680.000,1,0,1,多换,S,2615.8000,2615.0000,2612.0000,2610.6000,2610.0000,2616.6000,2618.0000,2618.2000,2618.4000,2620.0000,1,1,1,5,1,1,4,2,1,4
SF,IH2009,2020-03-27 09:30:06.600,2616.6000,9827,-1,25125660.000,1,0,1,双平,S,2616.8000,2616.0000,2615.8000,2615.0000,2612.0000,2618.2000,2618.4000,2620.0000,2620.2000,2622.0000,6,1,3,1,1,1,1,5,1,1
SF,IH2009,2020-03-27 09:30:07.100,2618.0000,9826,-1,27481560.000,3,1,2,多平,S,2616.8000,2616.0000,2615.8000,2615.0000,2612.0000,2620.0000,2620.2000,2622.0000,2625.0000,2625.2000,5,1,3,1,1,5,1,1,3,2
SF,IH2009,2020-03-27 09:30:07.600,2618.0000,9826,0,27481560.000,0,-,-,-,-,2618.4000,2616.8000,2615.8000,2615.0000,2612.0000,2619.6000,2619.8000,2620.0000,2620.2000,2622.0000,1,5,1,1,1,4,1,5,1,1
SF,IH2009,2020-03-27 09:30:08.100,2618.4000,9825,-1,28267080.000,1,0,1,双平,S,2616.8000,2615.8000,2615.0000,2612.0000,2610.6000,2619.4000,2619.6000,2620.0000,2620.2000,2622.0000,5,1,1,1,5,1,4,5,1,1
SF,IH2009,2020-03-27 09:30:08.600,2618.4000,9825,0,28267080.000,0,-,-,-,-,2616.8000,2615.8000,2615.0000,2612.0000,2610.6000,2618.0000,2619.0000,2619.4000,2620.0000,2620.2000,5,1,1,1,5,1,4,1,5,1
SF,IH2009,2020-03-27 09:30:09.100,2616.8000,9823,-2,32192640.000,5,1,4,多平,S,2616.8000,2615.8000,2615.0000,2612.0000,2610.6000,2617.8000,2618.0000,2619.0000,2619.2000,2619.4000,1,1,1,1,5,2,1,2,1,1
SF,IH2009,2020-03-27 09:30:09.600,2616.8000,9823,0,32977680.000,1,0,1,多换,S,2615.8000,2615.0000,2612.0000,2610.6000,2610.0000,2617.8000,2619.0000,2619.2000,2619.4000,2620.0000,1,1,1,5,1,2,1,1,1,5
SF,IH2009,2020-03-27 09:30:10.100,2616.8000,9823,0,32977680.000,0,-,-,-,-,2616.4000,2616.0000,2615.8000,2615.0000,2612.0000,2616.8000,2617.6000,2617.8000,2618.4000,2619.2000,1,1,1,1,1,1,1,2,1,1
SF,IH2009,2020-03-27 09:30:10.600,2616.8000,9822,-1,33762720.000,1,0,1,双平,S,2616.8000,2616.4000,2616.0000,2615.8000,2615.0000,2617.6000,2617.8000,2618.0000,2618.4000,2619.2000,2,1,1,1,1,1,2,1,1,1
SF,IH2009,2020-03-27 09:30:11.100,2616.8000,9822,0,33762720.000,0,-,-,-,-,2616.8000,2616.4000,2616.0000,2615.8000,2615.0000,2617.8000,2618.0000,2618.4000,2619.2000,2619.4000,2,1,1,1,1,1,1,1,1,1
SF,IH2009,2020-03-27 09:30:11.600,2616.8000,9821,-1,35332800.000,2,0,2,多平,S,2616.4000,2615.8000,2615.0000,2612.0000,2610.6000,2616.8000,2617.6000,2617.8000,2618.0000,2618.4000,1,1,1,1,5,3,4,1,1,1
SF,IH2009,2020-03-27 09:30:12.100,2616.4000,9820,-1,36117720.000,1,0,1,双平,S,2615.8000,2615.0000,2612.0000,2610.6000,2610.0000,2616.4000,2616.8000,2617.4000,2617.6000,2617.8000,1,1,1,5,1,1,1,1,3,1
SF,IH2009,2020-03-27 09:30:12.600,2616.8000,9818,-2,37687800.000,2,0,2,双平,S,2615.8000,2615.0000,2612.0000,2610.6000,2610.0000,2616.8000,2617.4000,2617.6000,2617.8000,2618.0000,1,1,1,5,1,1,1,3,1,2
SF,IH2009,2020-03-27 09:30:13.100,2616.6000,9815,-3,40827480.000,4,0,4,多平,S,2615.0000,2612.0000,2610.6000,2610.0000,2608.0000,2616.8000,2617.8000,2618.0000,2618.4000,2619.0000,1,1,5,1,1,1,1,2,1,1
SF,IH2009,2020-03-27 09:30:13.600,2616.6000,9815,0,40827480.000,0,-,-,-,-,2615.0000,2612.0000,2610.6000,2610.0000,2608.0000,2616.8000,2617.8000,2618.0000,2618.4000,2619.0000,1,1,5,1,1,1,1,2,1,1
SF,IH2009,2020-03-27 09:30:14.100,2616.6000,9815,0,40827480.000,0,-,-,-,-,2615.2000,2615.0000,2612.0000,2610.6000,2610.0000,2616.8000,2617.8000,2618.0000,2618.4000,2619.0000,1,1,1,5,1,1,1,1,1,1
SF,IH2009,2020-03-27 09:30:15.100,2616.8000,9815,0,41612520.000,1,0,1,多换,S,2615.2000,2615.0000,2612.0000,2610.6000,2610.0000,2616.4000,2616.8000,2617.8000,2618.0000,2618.4000,1,1,1,5,1,1,1,1,1,1
SF,IH2009,2020-03-27 09:30:15.600,2615.4000,9813,-2,43182060.000,2,0,2,双平,S,2615.2000,2615.0000,2612.0000,2610.6000,2610.0000,2616.8000,2617.8000,2618.0000,2618.4000,2619.0000,1,1,1,5,1,1,1,1,1,1
SF,IH2009,2020-03-27 09:30:16.100,2616.8000,9812,-1,44751720.000,2,0,2,多平,S,2615.4000,2615.2000,2615.0000,2612.0000,2610.6000,2617.8000,2618.0000,2618.4000,2619.0000,2619.4000,1,1,1,1,5,1,1,1,1,1
SF,IH2009,2020-03-27 09:30:16.600,2616.8000,9812,0,44751720.000,0,-,-,-,-,2615.6000,2615.4000,2615.0000,2612.0000,2610.6000,2616.6000,2617.4000,2617.6000,2617.8000,2618.0000,1,1,1,1,5,1,3,1,1,2
SF,IH2009,2020-03-27 09:30:17.100,2616.6000,9811,-1,46321380.000,2,0,2,多平,S,2615.4000,2615.0000,2612.0000,2610.6000,2610.0000,2617.4000,2617.6000,2617.8000,2618.0000,2618.2000,1,1,1,5,1,2,1,1,2,1
SF,IH2009,2020-03-27 09:30:17.600,2616.6000,9811,0,47106360.000,1,0,1,多换,S,2615.8000,2615.4000,2615.0000,2612.0000,2610.6000,2617.0000,2617.2000,2617.4000,2617.8000,2618.0000,1,1,1,1,5,1,2,3,1,2
SF,IH2009,2020-03-27 09:30:18.100,2616.6000,9811,0,47106360.000,0,-,-,-,-,2615.8000,2615.4000,2615.0000,2612.0000,2610.6000,2616.6000,2616.8000,2617.0000,2617.2000,2617.8000,1,1,1,1,5,3,1,1,1,1
SF,IH2009,2020-03-27 09:30:18.600,2616.8000,9811,0,47891400.000,1,0,1,多换,S,2615.8000,2615.4000,2615.0000,2612.0000,2610.6000,2617.2000,2617.4000,2617.8000,2618.0000,2618.2000,1,1,1,1,5,1,1,1,2,1
SF,IH2009,2020-03-27 09:30:19.100,2616.8000,9811,0,47891400.000,0,-,-,-,-,2616.0000,2615.0000,2612.0000,2610.6000,2610.0000,2617.0000,2617.2000,2617.4000,2617.8000,2618.0000,1,1,1,5,1,1,1,1,1,2
SF,IH2009,2020-03-27 09:30:19.600,2616.0000,9810,-1,49461000.000,2,0,2,多平,S,2615.0000,2612.0000,2610.6000,2610.0000,2608.0000,2615.4000,2615.6000,2615.8000,2616.8000,2617.0000,1,1,5,1,1,1,2,2,4,2
SF,IH2009,2020-03-27 09:30:20.100,2615.0000,9810,0,50245500.000,1,0,1,多换,S,2612.0000,2610.6000,2610.0000,2608.0000,2603.0000,2615.0000,2615.4000,2615.6000,2615.8000,2616.8000,1,5,1,1,1,1,1,2,2,4
SF,IH2009,2020-03-27 09:30:20.600,2615.0000,9810,0,50245500.000,0,-,-,-,-,2612.2000,2612.0000,2610.6000,2610.0000,2608.0000,2614.8000,2615.0000,2615.2000,2615.4000,2615.6000,2,1,5,1,1,2,1,3,1,2
SF,IH2009,2020-03-27 09:30:21.100,2615.0000,9810,0,50245500.000,0,-,-,-,-,2613.0000,2612.2000,2612.0000,2610.6000,2610.0000,2614.8000,2615.0000,2615.4000,2615.6000,2615.8000,1,3,1,5,1,1,1,1,2,2
SF,IH2009,2020-03-27 09:30:21.600,2614.8000,9809,-1,51029940.000,1,0,1,双平,S,2613.2000,2613.0000,2612.2000,2612.0000,2610.6000,2615.4000,2615.6000,2615.8000,2616.8000,2617.0000,2,1,2,1,5,1,2,2,1,1
SF,IH2009,2020-03-27 09:30:22.100,2615.2000,9809,0,51814500.000,1,0,1,多换,S,2613.2000,2613.0000,2612.0000,2610.6000,2610.0000,2615.4000,2615.6000,2615.8000,2616.8000,2617.0000,6,2,1,5,1,1,2,2,1,1
SF,IH2009,2020-03-27 09:30:22.600,2613.2000,9808,-1,52598460.000,1,0,1,双平,S,2613.2000,2612.0000,2610.6000,2610.0000,2608.0000,2615.0000,2615.2000,2615.4000,2615.6000,2615.8000,1,1,5,1,1,4,1,1,2,2
SF,IH2009,2020-03-27 09:30:23.100,2615.0000,9808,0,53382960.000,1,0,1,多换,S,2614.4000,2613.4000,2613.2000,2613.0000,2612.0000,2614.8000,2615.4000,2615.6000,2615.8000,2616.0000,1,2,5,2,1,3,1,2,2,1
SF,IH2009,2020-03-27 09:30:23.600,2615.0000,9808,0,53382960.000,0,-,-,-,-,2613.4000,2613.2000,2613.0000,2612.0000,2610.6000,2614.4000,2614.8000,2615.4000,2615.6000,2615.8000,1,2,1,1,5,1,2,1,2,2
SF,IH2009,2020-03-27 09:30:24.100,2615.0000,9808,0,53382960.000,0,-,-,-,-,2613.6000,2613.4000,2613.2000,2613.0000,2612.0000,2614.8000,2615.4000,2615.6000,2615.8000,2616.0000,1,1,4,1,1,2,1,2,2,1
SF,IH2009,2020-03-27 09:30:24.600,2615.0000,9808,0,53382960.000,0,-,-,-,-,2613.4000,2613.2000,2613.0000,2612.0000,2610.6000,2614.8000,2615.4000,2615.6000,2615.8000,2616.0000,1,1,1,1,5,2,1,2,2,1
SF,IH2009,2020-03-27 09:30:25.100,2613.4000,9807,-1,54166980.000,1,0,1,双平,S,2613.2000,2612.0000,2610.6000,2610.0000,2608.0000,2614.6000,2614.8000,2615.4000,2615.6000,2615.8000,1,1,5,1,1,2,2,1,2,2
SF,IH2009,2020-03-27 09:30:25.600,2613.4000,9807,0,54166980.000,0,-,-,-,-,2613.4000,2613.2000,2612.0000,2610.6000,2610.0000,2614.6000,2614.8000,2615.4000,2615.6000,2615.8000,1,1,1,5,1,1,2,1,2,2
SF,IH2009,2020-03-27 09:30:26.100,2614.6000,9807,0,54951360.000,1,0,1,多换,S,2613.4000,2613.2000,2612.0000,2610.6000,2610.0000,2614.8000,2615.0000,2615.4000,2615.6000,2615.8000,1,1,1,5,1,2,1,1,2,2
SF,IH2009,2020-03-27 09:30:26.600,2614.6000,9807,0,54951360.000,0,-,-,-,-,2613.6000,2613.4000,2613.2000,2612.0000,2610.6000,2614.8000,2615.0000,2615.4000,2615.6000,2615.8000,1,1,1,1,5,2,1,1,2,2
SF,IH2009,2020-03-27 09:30:27.100,2613.2000,9807,0,55735320.000,1,0,1,多换,S,2612.0000,2610.6000,2610.0000,2608.0000,2605.0000,2615.0000,2615.4000,2615.6000,2615.8000,2616.0000,1,5,1,1,1,1,1,2,2,1
SF,IH2009,2020-03-27 09:30:27.600,2613.2000,9807,0,55735320.000,0,-,-,-,-,2613.8000,2612.2000,2612.0000,2610.6000,2610.0000,2614.6000,2615.0000,2615.4000,2615.6000,2615.8000,1,3,1,5,1,2,1,1,2,2
SF,IH2009,2020-03-27 09:30:28.600,2612.2000,9805,-2,57303060.000,2,0,2,双平,S,2612.2000,2612.0000,2610.6000,2610.0000,2608.0000,2614.4000,2614.6000,2615.0000,2615.4000,2615.6000,2,1,5,1,1,1,2,1,1,2
SF,IH2009,2020-03-27 09:30:29.100,2612.2000,9805,0,57303060.000,0,-,-,-,-,2612.2000,2612.0000,2610.6000,2610.0000,2608.0000,2614.2000,2614.6000,2615.0000,2615.4000,2615.6000,1,1,5,1,1,1,1,1,1,2
SF,IH2009,2020-03-27 09:30:29.600,2612.2000,9805,0,57303060.000,0,-,-,-,-,2612.4000,2612.2000,2612.0000,2610.6000,2610.0000,2614.2000,2614.6000,2615.0000,2615.4000,2615.6000,2,1,1,5,1,1,1,1,1,2
SF,IH2009,2020-03-27 09:30:30.100,2612.2000,9805,0,57303060.000,0,-,-,-,-,2614.0000,2613.0000,2612.6000,2612.4000,2612.0000,2614.2000,2614.6000,2615.0000,2615.4000,2615.6000,1,1,1,2,1,1,1,1,1,2
SF,IH2009,2020-03-27 09:30:30.600,2612.2000,9805,0,57303060.000,0,-,-,-,-,2614.0000,2612.6000,2612.2000,2612.0000,2610.6000,2614.2000,2614.6000,2615.0000,2615.4000,2615.6000,1,1,1,1,5,1,1,1,1,2
SF,IH2009,2020-03-27 09:30:31.100,2614.0000,9804,-1,58871520.000,2,0,2,多平,S,2612.6000,2612.2000,2612.0000,2610.6000,2610.0000,2614.6000,2615.0000,2615.4000,2615.6000,2615.8000,1,1,1,5,1,1,1,1,2,2
SF,IH2009,2020-03-27 09:30:31.600,2614.6000,9802,-2,60440280.000,2,0,2,双平,S,2614.2000,2613.2000,2613.0000,2612.8000,2612.6000,2615.0000,2615.4000,2615.6000,2615.8000,2616.0000,2,3,2,2,1,1,1,2,2,1
SF,IH2009,2020-03-27 09:30:32.100,2614.6000,9802,0,60440280.000,0,-,-,-,-,2614.2000,2613.2000,2613.0000,2612.8000,2612.6000,2615.0000,2615.4000,2615.6000,2615.8000,2616.0000,2,3,1,1,1,1,1,2,2,1
SF,IH2009,2020-03-27 09:30:32.600,2614.6000,9802,0,60440280.000,0,-,-,-,-,2614.2000,2613.2000,2613.0000,2612.6000,2612.0000,2615.0000,2615.4000,2615.6000,2615.8000,2616.0000,2,3,1,1,1,1,1,2,2,1
SF,IH2009,2020-03-27 09:30:33.100,2614.6000,9802,0,60440280.000,0,-,-,-,-,2614.2000,2613.2000,2613.0000,2612.8000,2612.6000,2615.0000,2615.4000,2615.6000,2615.8000,2616.0000,2,3,1,1,1,1,1,2,2,1
SF,IH2009,2020-03-27 09:30:33.600,2615.0000,9801,-1,61224780.000,1,0,1,双平,S,2614.4000,2614.2000,2613.2000,2613.0000,2612.8000,2615.4000,2615.6000,2615.8000,2616.0000,2616.2000,2,2,3,1,1,1,2,2,1,1
SF,IH2009,2020-03-27 09:30:34.600,2615.0000,9801,0,61224780.000,0,-,-,-,-,2614.4000,2614.2000,2613.2000,2613.0000,2612.8000,2615.4000,2615.6000,2615.8000,2616.0000,2616.2000,3,2,3,1,1,1,2,2,1,1
SF,IH2009,2020-03-27 09:30:35.100,2615.4000,9800,-1,62009400.000,1,0,1,双平,S,2614.4000,2614.2000,2612.8000,2612.6000,2612.0000,2615.8000,2616.0000,2616.2000,2616.4000,2617.0000,2,2,1,1,1,2,1,1,1,1
SF,IH2009,2020-03-27 09:30:35.600,2616.0000,9798,-2,63578940.000,2,0,2,双平,S,2614.6000,2614.4000,2612.8000,2612.6000,2612.0000,2616.2000,2616.4000,2617.0000,2618.0000,2618.2000,1,3,1,1,1,1,1,1,2,1
SF,IH2009,2020-03-27 09:30:36.100,2616.2000,9798,0,64363800.000,1,0,1,多换,S,2614.8000,2614.6000,2614.4000,2612.8000,2612.6000,2616.4000,2617.0000,2618.0000,2618.2000,2618.4000,2,1,4,1,1,1,1,2,1,1
SF,IH2009,2020-03-27 09:30:36.600,2615.0000,9797,-1,65933220.000,2,0,2,多平,S,2614.8000,2614.6000,2614.4000,2612.8000,2612.0000,2617.0000,2618.0000,2618.2000,2618.4000,2619.0000,3,1,4,1,1,1,2,1,1,1
SF,IH2009,2020-03-27 09:30:37.100,2615.0000,9797,0,65933220.000,0,-,-,-,-,2615.8000,2615.0000,2614.8000,2614.6000,2614.4000,2617.0000,2618.0000,2618.2000,2618.4000,2619.0000,1,1,2,1,4,1,1,1,1,1
SF,IH2009,2020-03-27 09:30:37.600,2615.4000,9796,-1,66717840.000,1,0,1,双平,S,2615.0000,2614.8000,2614.6000,2614.4000,2612.8000,2617.0000,2618.0000,2618.2000,2618.4000,2619.0000,2,2,1,2,1,1,1,1,1,1
SF,IH2009,2020-03-27 09:30:38.100,2615.4000,9796,0,66717840.000,0,-,-,-,-,2615.2000,2615.0000,2614.8000,2614.6000,2614.4000,2616.8000,2617.0000,2618.0000,2618.2000,2618.4000,1,2,1,1,2,1,1,1,1,1
SF,IH2009,2020-03-27 09:30:38.600,2615.4000,9796,0,66717840.000,0,-,-,-,-,2615.2000,2615.0000,2614.8000,2614.6000,2614.4000,2616.6000,2617.0000,2618.0000,2618.2000,2618.4000,2,2,1,1,2,1,1,1,1,1
SF,IH2009,2020-03-27 09:30:39.100,2616.6000,9795,-1,67502820.000,1,0,1,双平,S,2616.0000,2615.8000,2615.4000,2615.2000,2615.0000,2618.0000,2618.2000,2618.4000,2619.0000,2619.4000,1,2,1,2,2,1,1,1,1,1
SF,IH2009,2020-03-27 09:30:39.600,2616.6000,9795,0,67502820.000,0,-,-,-,-,2616.2000,2615.2000,2615.0000,2614.6000,2614.4000,2617.8000,2618.0000,2618.2000,2618.4000,2619.0000,1,1,1,1,2,1,1,1,1,1
SF,IH2009,2020-03-27 09:30:40.100,2616.6000,9795,0,67502820.000,0,-,-,-,-,2616.2000,2615.2000,2615.0000,2614.6000,2614.4000,2617.6000,2618.0000,2618.2000,2618.4000,2619.0000,1,1,1,1,2,1,1,1,1,1
SF,IH2009,2020-03-27 09:30:40.600,2616.6000,9795,0,67502820.000,0,-,-,-,-,2616.4000,2616.2000,2616.0000,2615.2000,2615.0000,2617.6000,2618.0000,2618.2000,2618.4000,2619.0000,1,1,1,1,1,1,1,1,1,1
SF,IH2009,2020-03-27 09:30:41.100,2616.6000,9795,0,67502820.000,0,-,-,-,-,2616.4000,2616.2000,2615.2000,2614.6000,2614.4000,2617.6000,2618.0000,2618.2000,2618.4000,2619.0000,1,1,1,1,2,1,1,1,1,1
SF,IH2009,2020-03-27 09:30:41.600,2616.6000,9795,0,67502820.000,0,-,-,-,-,2616.6000,2616.4000,2616.2000,2615.2000,2614.6000,2617.6000,2618.0000,2618.2000,2618.4000,2619.0000,1,1,1,1,1,1,1,1,1,1
SF,IH2009,2020-03-27 09:30:42.100,2616.6000,9795,0,67502820.000,0,-,-,-,-,2616.8000,2616.4000,2616.2000,2616.0000,2615.2000,2618.0000,2618.2000,2618.4000,2619.0000,2619.4000,2,1,1,1,1,1,1,1,1,1
SF,IH2009,2020-03-27 09:30:42.600,2616.8000,9794,-1,69072900.000,2,0,2,多平,S,2616.4000,2616.2000,2616.0000,2615.2000,2614.6000,2617.8000,2618.0000,2618.2000,2618.4000,2619.0000,1,1,1,1,1,1,1,1,1,1
SF,IH2009,2020-03-27 09:30:43.100,2616.6000,9793,-1,69857880.000,1,0,1,双平,S,2616.4000,2616.0000,2615.2000,2614.6000,2614.4000,2617.6000,2618.0000,2618.2000,2618.4000,2619.0000,1,1,1,1,2,1,1,1,1,1
SF,IH2009,2020-03-27 09:30:43.600,2616.6000,9793,0,69857880.000,0,-,-,-,-,2616.4000,2616.0000,2615.2000,2614.6000,2614.4000,2618.0000,2618.2000,2618.4000,2619.0000,2619.4000,1,1,1,1,2,1,1,1,1,1
SF,IH2009,2020-03-27 09:30:44.100,2616.6000,9795,2,72997800.000,4,3,1,空开,S,2616.4000,2616.0000,2615.2000,2614.6000,2614.4000,2617.8000,2618.0000,2618.2000,2618.4000,2619.0000,1,1,1,1,2,1,1,1,1,1
SF,IH2009,2020-03-27 09:30:44.600,2616.6000,9795,0,72997800.000,0,-,-,-,-,2616.6000,2616.4000,2616.0000,2615.2000,2614.6000,2618.0000,2618.2000,2618.4000,2619.0000,2619.4000,1,1,1,1,1,1,1,1,1,1
SF,IH2009,2020-03-27 09:30:45.100,2616.6000,9795,0,72997800.000,0,-,-,-,-,2616.8000,2616.6000,2616.0000,2615.2000,2614.6000,2618.0000,2618.2000,2619.0000,2619.4000,2620.0000,4,2,1,1,1,2,1,1,1,7
SF,IH2009,2020-03-27 09:30:45.600,2618.0000,9794,-1,73783200.000,1,0,1,双平,S,2616.8000,2616.6000,2616.0000,2615.2000,2614.6000,2618.0000,2618.2000,2619.0000,2619.4000,2620.0000,4,2,1,1,1,1,1,1,1,7
SF,IH2009,2020-03-27 09:30:46.100,2618.0000,9793,-1,74568600.000,1,0,1,双平,S,2618.0000,2617.0000,2616.8000,2616.6000,2616.0000,2618.2000,2619.0000,2619.4000,2620.0000,2620.2000,1,1,4,1,1,1,1,1,7,1
SF,IH2009,2020-03-27 09:30:46.600,2618.0000,9793,0,74568600.000,0,-,-,-,-,2618.0000,2617.0000,2616.8000,2616.0000,2614.6000,2618.2000,2619.0000,2619.4000,2620.0000,2620.2000,1,2,4,1,1,1,1,1,7,1
SF,IH2009,2020-03-27 09:30:47.100,2618.0000,9791,-2,76139460.000,2,0,2,双平,S,2618.2000,2617.0000,2616.0000,2614.6000,2614.4000,2619.0000,2619.4000,2620.0000,2620.2000,2622.0000,1,2,1,1,1,1,1,7,1,1
SF,IH2009,2020-03-27 09:30:47.600,2616.0000,9788,-3,79279920.000,4,0,4,多平,S,2614.6000,2614.4000,2612.0000,2611.0000,2610.6000,2618.8000,2619.0000,2620.0000,2620.2000,2622.0000,1,1,1,1,5,1,1,7,1,1
SF,IH2009,2020-03-27 09:30:48.100,2616.0000,9788,0,79279920.000,0,-,-,-,-,2616.0000,2615.8000,2615.0000,2614.8000,2614.6000,2617.0000,2618.6000,2619.0000,2620.0000,2620.2000,2,2,4,1,1,1,1,1,7,1
SF,IH2009,2020-03-27 09:30:48.600,2617.0000,9787,-1,80065020.000,1,0,1,双平,S,2616.0000,2615.8000,2615.0000,2614.8000,2614.6000,2618.6000,2619.0000,2620.0000,2620.2000,2622.0000,1,2,4,2,1,1,1,7,1,1
SF,IH2009,2020-03-27 09:30:49.100,2617.0000,9787,0,80065020.000,0,-,-,-,-,2614.8000,2614.6000,2614.4000,2612.0000,2611.0000,2618.6000,2619.0000,2620.0000,2620.2000,2622.0000,1,1,1,1,1,1,1,7,1,1
SF,IH2009,2020-03-27 09:30:49.600,2617.0000,9787,0,80065020.000,0,-,-,-,-,2614.6000,2614.4000,2614.0000,2612.0000,2611.0000,2618.2000,2618.6000,2619.0000,2620.0000,2620.2000,1,1,1,1,1,4,1,1,7,1
SF,IH2009,2020-03-27 09:30:50.100,2617.0000,9787,0,80065020.000,0,-,-,-,-,2614.6000,2614.4000,2614.0000,2612.0000,2611.0000,2618.0000,2618.2000,2619.0000,2620.0000,2620.2000,1,1,1,1,1,1,3,1,7,1
SF,IH2009,2020-03-27 09:30:50.600,2617.0000,9787,0,80065020.000,0,-,-,-,-,2614.8000,2614.6000,2614.4000,2614.0000,2612.0000,2618.0000,2618.2000,2619.0000,2620.0000,2620.2000,2,1,1,1,1,1,2,1,7,1
SF,IH2009,2020-03-27 09:30:51.100,2617.0000,9787,0,80065020.000,0,-,-,-,-,2614.8000,2614.6000,2614.4000,2614.0000,2612.0000,2618.0000,2618.2000,2619.0000,2620.0000,2620.2000,2,1,1,1,1,2,3,1,7,1
SF,IH2009,2020-03-27 09:30:51.600,2617.0000,9787,0,80065020.000,0,-,-,-,-,2616.0000,2615.8000,2614.6000,2614.4000,2614.0000,2618.0000,2619.0000,2620.0000,2620.2000,2622.0000,1,1,1,1,1,2,1,7,1,1
SF,IH2009,2020-03-27 09:30:52.100,2617.0000,9787,0,80065020.000,0,-,-,-,-,2616.0000,2614.6000,2614.4000,2614.0000,2612.0000,2617.8000,2618.0000,2618.2000,2619.0000,2620.0000,1,1,1,1,1,1,1,1,1,7
SF,IH2009,2020-03-27 09:30:52.600,2617.0000,9787,0,80065020.000,0,-,-,-,-,2616.0000,2614.6000,2614.4000,2614.0000,2612.0000,2617.6000,2617.8000,2618.0000,2618.2000,2619.0000,1,1,1,1,1,1,1,1,3,1
SF,IH2009,2020-03-27 09:30:53.100,2617.0000,9787,0,80065020.000,0,-,-,-,-,2616.0000,2614.6000,2614.4000,2614.0000,2612.0000,2617.4000,2617.8000,2618.0000,2618.2000,2619.0000,1,1,1,1,1,1,1,1,3,1
SF,IH2009,2020-03-27 09:30:53.600,2617.0000,9787,0,80065020.000,0,-,-,-,-,2616.0000,2614.6000,2614.4000,2614.0000,2612.0000,2617.2000,2617.8000,2618.0000,2618.2000,2619.0000,1,1,1,1,1,2,1,1,3,1
SF,IH2009,2020-03-27 09:30:54.100,2617.0000,9787,0,80065020.000,0,-,-,-,-,2616.0000,2614.6000,2614.4000,2614.0000,2612.0000,2617.2000,2618.0000,2618.2000,2619.0000,2620.0000,1,1,1,1,1,2,2,3,2,7
SF,IH2009,2020-03-27 09:30:54.600,2617.0000,9787,0,80065020.000,0,-,-,-,-,2616.2000,2616.0000,2614.6000,2614.4000,2614.0000,2617.2000,2618.0000,2618.2000,2619.0000,2620.0000,1,1,1,1,1,2,2,3,2,7
SF,IH2009,2020-03-27 09:30:55.100,2616.2000,9786,-1,80849880.000,1,0,1,双平,S,2616.0000,2614.0000,2612.0000,2611.0000,2610.6000,2617.2000,2618.0000,2618.2000,2619.0000,2620.0000,1,1,1,1,5,2,3,3,2,6
SF,IH2009,2020-03-27 09:30:55.600,2616.2000,9786,0,80849880.000,0,-,-,-,-,2616.2000,2616.0000,2614.0000,2612.0000,2611.0000,2617.2000,2618.0000,2618.2000,2619.0000,2620.0000,1,1,1,1,1,2,3,3,2,6
SF,IH2009,2020-03-27 09:30:56.100,2616.2000,9786,0,80849880.000,0,-,-,-,-,2616.2000,2616.0000,2614.0000,2612.0000,2611.0000,2617.2000,2618.0000,2618.2000,2619.0000,2620.0000,1,1,1,1,1,2,3,3,2,6
SF,IH2009,2020-03-27 09:30:56.600,2617.2000,9785,-1,83205060.000,3,1,2,多平,S,2616.0000,2614.0000,2612.0000,2611.0000,2610.6000,2618.0000,2618.2000,2619.0000,2620.0000,2620.2000,1,1,1,1,5,3,3,2,6,1
SF,IH2009,2020-03-27 09:30:57.100,2616.0000,9784,-1,83989860.000,1,0,1,双平,S,2614.0000,2612.0000,2611.0000,2610.6000,2610.0000,2617.6000,2617.8000,2618.0000,2618.2000,2619.0000,1,1,1,5,1,3,3,3,4,2
SF,IH2009,2020-03-27 09:30:57.600,2617.4000,9784,0,85560300.000,2,1,1,多换,S,2614.6000,2614.4000,2614.2000,2614.0000,2612.0000,2617.6000,2617.8000,2618.0000,2618.2000,2619.0000,1,1,1,1,1,3,1,3,4,2
SF,IH2009,2020-03-27 09:30:58.100,2617.4000,9784,0,85560300.000,0,-,-,-,-,2614.8000,2614.6000,2614.4000,2614.0000,2612.0000,2616.2000,2617.4000,2617.6000,2617.8000,2618.0000,1,1,1,1,1,1,1,3,1,3
SF,IH2009,2020-03-27 09:30:58.600,2617.4000,9784,0,85560300.000,0,-,-,-,-,2615.0000,2614.8000,2614.0000,2612.0000,2611.0000,2616.2000,2617.4000,2617.6000,2618.0000,2618.2000,1,1,1,1,1,1,1,3,3,4
SF,IH2009,2020-03-27 09:30:59.100,2616.2000,9783,-1,86345160.000,1,0,1,双平,S,2614.8000,2614.0000,2612.0000,2611.0000,2610.6000,2617.4000,2617.6000,2618.0000,2618.2000,2619.0000,1,1,1,1,5,1,3,3,4,2
SF,IH2009,2020-03-27 09:30:59.600,2616.2000,9783,0,86345160.000,0,-,-,-,-,2614.8000,2614.0000,2612.0000,2611.0000,2610.6000,2617.6000,2618.0000,2618.2000,2619.0000,2620.0000,1,1,1,1,5,3,3,4,2,6
SF,IH2009,2020-03-27 09:31:00.100,2616.2000,9783,0,86345160.000,0,-,-,-,-,2617.0000,2614.8000,2614.0000,2612.0000,2611.0000,2617.6000,2618.0000,2618.2000,2619.0000,2620.0000,1,1,1,1,1,3,3,4,2,6
SF,IH2009,2020-03-27 09:31:00.600,2617.0000,9782,-1,87130260.000,1,0,1,双平,S,2614.8000,2614.0000,2612.0000,2611.0000,2610.6000,2618.0000,2618.2000,2619.0000,2620.0000,2620.2000,1,1,1,1,5,4,3,2,6,1
SF,IH2009,2020-03-27 09:31:01.100,2617.0000,9782,0,87130260.000,0,-,-,-,-,2615.0000,2614.8000,2614.0000,2612.0000,2611.0000,2617.6000,2618.0000,2618.2000,2619.0000,2620.0000,3,1,1,1,1,1,4,3,2,6
SF,IH2009,2020-03-27 09:31:01.600,2617.0000,9782,0,87130260.000,0,-,-,-,-,2615.8000,2615.2000,2615.0000,2614.0000,2612.0000,2617.6000,2618.0000,2618.2000,2619.0000,2620.0000,2,1,3,1,1,1,4,3,2,6
SF,IH2009,2020-03-27 09:31:02.100,2617.6000,9781,-1,87915540.000,1,0,1,双平,S,2616.0000,2615.8000,2615.4000,2615.0000,2614.0000,2618.0000,2618.2000,2619.0000,2620.0000,2620.2000,4,2,4,2,1,4,3,3,6,1
SF,IH2009,2020-03-27 09:31:02.600,2618.2000,9777,-4,93413520.000,7,1,6,多平,S,2618.0000,2616.8000,2616.2000,2616.0000,2615.8000,2619.0000,2620.0000,2620.2000,2622.0000,2622.2000,1,1,4,5,2,3,6,1,1,2
SF,IH2009,2020-03-27 09:31:03.100,2618.2000,9777,0,93413520.000,0,-,-,-,-,2618.2000,2618.0000,2616.2000,2616.0000,2615.8000,2619.0000,2620.0000,2620.2000,2622.0000,2622.2000,1,1,4,3,2,3,6,1,1,2
SF,IH2009,2020-03-27 09:31:03.600,2618.2000,9777,0,93413520.000,0,-,-,-,-,2618.4000,2618.2000,2618.0000,2616.2000,2616.0000,2619.0000,2620.0000,2620.2000,2622.0000,2622.2000,1,1,1,4,2,3,6,1,1,2
SF,IH2009,2020-03-27 09:31:04.100,2618.2000,9777,0,93413520.000,0,-,-,-,-,2618.2000,2616.2000,2616.0000,2615.8000,2614.0000,2619.0000,2620.0000,2620.2000,2622.0000,2622.2000,1,4,2,2,1,3,6,1,1,2
SF,IH2009,2020-03-27 09:31:05.100,2618.2000,9776,-1,94198980.000,1,0,1,双平,S,2616.2000,2616.0000,2615.8000,2614.0000,2612.0000,2618.8000,2619.0000,2620.0000,2620.2000,2622.0000,4,2,2,1,1,1,3,6,1,1
SF,IH2009,2020-03-27 09:31:05.600,2618.8000,9775,-1,94984620.000,1,0,1,双平,S,2616.4000,2616.2000,2616.0000,2615.8000,2614.0000,2619.0000,2620.0000,2620.2000,2622.0000,2622.2000,1,4,2,2,1,3,6,1,1,2
SF,IH2009,2020-03-27 09:31:06.100,2618.8000,9774,-1,95770260.000,1,0,1,双平,S,2616.8000,2616.4000,2616.0000,2615.8000,2614.0000,2619.0000,2620.0000,2620.2000,2622.0000,2622.2000,4,1,2,2,1,3,6,1,1,2
SF,IH2009,2020-03-27 09:31:06.600,2618.8000,9774,0,95770260.000,0,-,-,-,-,2617.0000,2616.0000,2615.8000,2614.0000,2612.0000,2619.0000,2620.0000,2620.2000,2622.0000,2622.2000,1,2,2,1,1,3,6,1,1,2
SF,IH2009,2020-03-27 09:31:07.100,2618.8000,9774,0,95770260.000,0,-,-,-,-,2617.2000,2617.0000,2616.0000,2615.8000,2614.0000,2619.0000,2620.0000,2620.2000,2622.0000,2622.2000,5,1,2,2,1,3,6,1,1,2
SF,IH2009,2020-03-27 09:31:07.600,2619.0000,9774,0,96555960.000,1,0,1,多换,S,2617.4000,2617.2000,2616.0000,2615.8000,2614.0000,2619.0000,2620.0000,2620.2000,2622.0000,2622.2000,2,1,2,2,1,2,6,1,1,2
SF,IH2009,2020-03-27 09:31:08.100,2619.0000,9773,-1,97341660.000,1,0,1,双平,S,2617.6000,2617.4000,2616.0000,2615.8000,2614.0000,2619.0000,2620.0000,2620.2000,2622.0000,2622.2000,1,2,2,2,2,1,6,1,1,2
SF,IH2009,2020-03-27 09:31:08.600,2619.0000,9773,0,97341660.000,0,-,-,-,-,2617.8000,2617.4000,2616.0000,2615.8000,2614.0000,2619.0000,2620.0000,2620.2000,2622.0000,2622.2000,2,1,2,2,2,1,6,1,1,2
SF,IH2009,2020-03-27 09:31:09.100,2619.0000,9773,0,97341660.000,0,-,-,-,-,2617.8000,2617.4000,2616.0000,2615.8000,2614.0000,2619.0000,2620.0000,2620.2000,2622.0000,2622.2000,2,1,2,2,2,1,6,1,1,2
SF,IH2009,2020-03-27 09:31:09.600,2619.0000,9772,-1,98127360.000,1,0,1,双平,S,2619.0000,2617.8000,2617.4000,2616.0000,2615.8000,2620.0000,2620.2000,2622.0000,2622.2000,2625.0000,1,2,1,2,2,6,1,1,2,4
SF,IH2009,2020-03-27 09:31:10.100,2619.0000,9772,0,98127360.000,0,-,-,-,-,2618.0000,2617.8000,2617.4000,2616.0000,2615.8000,2620.0000,2620.2000,2622.0000,2622.2000,2625.0000,4,1,1,2,2,6,1,1,2,4
SF,IH2009,2020-03-27 09:31:10.600,2619.0000,9772,0,98127360.000,0,-,-,-,-,2618.2000,2618.0000,2616.0000,2615.8000,2614.0000,2620.0000,2620.2000,2622.0000,2622.2000,2625.0000,3,4,2,2,2,6,1,1,2,4
SF,IH2009,2020-03-27 09:31:11.100,2619.0000,9772,0,98127360.000,0,-,-,-,-,2618.4000,2618.2000,2618.0000,2616.0000,2615.8000,2620.0000,2620.2000,2622.0000,2622.2000,2625.0000,4,3,1,2,2,6,1,1,2,4
SF,IH2009,2020-03-27 09:31:11.600,2619.0000,9772,0,98127360.000,0,-,-,-,-,2618.6000,2618.4000,2618.2000,2618.0000,2616.0000,2620.0000,2620.2000,2622.0000,2622.2000,2625.0000,2,5,1,1,2,6,1,1,2,4
SF,IH2009,2020-03-27 09:31:12.100,2619.0000,9772,0,98127360.000,0,-,-,-,-,2619.0000,2618.6000,2618.4000,2618.2000,2618.0000,2620.0000,2620.2000,2622.0000,2622.2000,2625.0000,1,2,1,1,1,6,1,1,2,4
SF,IH2009,2020-03-27 09:31:12.600,2619.0000,9772,0,98127360.000,0,-,-,-,-,2619.2000,2619.0000,2618.8000,2618.6000,2618.0000,2620.0000,2620.2000,2622.0000,2622.2000,2625.0000,1,1,1,1,1,6,1,1,2,4
SF,IH2009,2020-03-27 09:31:13.100,2619.0000,9772,0,98127360.000,0,-,-,-,-,2619.0000,2618.8000,2618.6000,2618.0000,2616.0000,2620.0000,2620.2000,2622.0000,2622.2000,2625.0000,1,1,1,1,1,6,1,1,2,4
SF,IH2009,2020-03-27 09:31:13.600,2619.0000,9772,0,98127360.000,0,-,-,-,-,2619.2000,2619.0000,2618.6000,2618.0000,2616.0000,2620.0000,2620.2000,2622.0000,2622.2000,2625.0000,1,1,1,1,1,6,1,1,2,4
SF,IH2009,2020-03-27 09:31:14.100,2619.0000,9772,0,98127360.000,0,-,-,-,-,2618.6000,2616.0000,2615.8000,2614.0000,2612.0000,2620.0000,2620.2000,2622.0000,2622.2000,2625.0000,1,1,2,2,1,6,1,1,2,4
SF,IH2009,2020-03-27 09:31:14.600,2620.0000,9770,-2,101271120.000,4,1,3,多平,S,2619.0000,2615.8000,2614.0000,2612.0000,2611.0000,2620.0000,2620.2000,2622.0000,2622.2000,2625.0000,2,2,2,1,1,3,1,1,2,4
SF,IH2009,2020-03-27 09:31:15.100,2619.0000,9768,-2,102842520.000,2,0,2,双平,S,2615.8000,2614.0000,2612.0000,2611.0000,2610.6000,2619.8000,2620.0000,2620.2000,2622.0000,2622.2000,2,2,1,1,5,2,3,1,1,2
SF,IH2009,2020-03-27 09:31:15.600,2619.8000,9766,-2,104414400.000,2,0,2,双平,S,2618.0000,2616.6000,2616.2000,2616.0000,2615.8000,2620.0000,2620.2000,2622.0000,2622.2000,2625.0000,1,1,4,1,5,3,1,1,2,4
SF,IH2009,2020-03-27 09:31:16.100,2619.8000,9766,0,104414400.000,0,-,-,-,-,2618.4000,2618.2000,2618.0000,2616.6000,2615.8000,2620.0000,2620.2000,2622.0000,2622.2000,2625.0000,4,1,1,1,5,3,1,1,2,4
SF,IH2009,2020-03-27 09:31:16.600,2620.0000,9768,2,106772400.000,3,2,1,空开,S,2618.6000,2618.4000,2618.2000,2618.0000,2615.8000,2620.2000,2622.0000,2622.2000,2625.0000,2625.2000,1,4,2,1,5,1,1,2,4,2
SF,IH2009,2020-03-27 09:31:17.100,2620.0000,9768,0,106772400.000,0,-,-,-,-,2618.8000,2618.6000,2618.2000,2618.0000,2615.8000,2620.2000,2622.0000,2622.2000,2623.0000,2625.0000,4,1,2,1,5,1,1,2,1,4
SF,IH2009,2020-03-27 09:31:17.600,2620.2000,9769,1,107558460.000,1,1,0,双开,S,2619.0000,2618.8000,2618.0000,2615.8000,2615.6000,2622.0000,2622.2000,2623.0000,2625.0000,2625.2000,1,4,1,5,1,1,2,1,4,2
SF,IH2009,2020-03-27 09:31:18.100,2619.2000,9768,-1,108344220.000,1,0,1,双平,S,2619.0000,2618.0000,2615.8000,2615.6000,2614.0000,2620.0000,2621.8000,2622.0000,2622.2000,2623.0000,1,1,5,1,2,1,1,1,2,1
SF,IH2009,2020-03-27 09:31:19.100,2619.2000,9768,0,108344220.000,0,-,-,-,-,2618.0000,2615.8000,2615.6000,2614.0000,2612.0000,2620.0000,2621.8000,2622.0000,2622.2000,2623.0000,1,2,1,2,1,1,1,1,2,1
SF,IH2009,2020-03-27 09:31:19.600,2619.2000,9768,0,108344220.000,0,-,-,-,-,2619.2000,2618.2000,2618.0000,2615.8000,2615.6000,2619.8000,2620.0000,2622.0000,2622.2000,2623.0000,1,5,2,2,1,1,1,1,2,1
SF,IH2009,2020-03-27 09:31:20.100,2619.2000,9768,0,108344220.000,0,-,-,-,-,2619.2000,2618.2000,2618.0000,2615.8000,2615.6000,2620.0000,2622.0000,2622.2000,2623.0000,2625.0000,1,5,2,2,1,1,1,2,1,4
SF,IH2009,2020-03-27 09:31:20.600,2619.2000,9768,0,108344220.000,0,-,-,-,-,2619.4000,2618.2000,2618.0000,2615.8000,2615.6000,2620.0000,2622.0000,2622.2000,2623.0000,2625.0000,1,4,2,2,1,1,1,2,1,4
SF,IH2009,2020-03-27 09:31:21.100,2620.0000,9768,0,109130220.000,1,0,1,多换,S,2618.2000,2618.0000,2615.8000,2615.6000,2614.0000,2622.0000,2622.2000,2623.0000,2625.0000,2625.2000,4,2,2,1,2,1,2,1,4,2
SF,IH2009,2020-03-27 09:31:21.600,2620.0000,9768,0,109130220.000,0,-,-,-,-,2618.4000,2618.2000,2618.0000,2615.8000,2615.6000,2621.8000,2622.0000,2622.2000,2623.0000,2625.0000,1,4,2,2,1,1,1,2,1,4
SF,IH2009,2020-03-27 09:31:22.100,2620.0000,9768,0,109130220.000,0,-,-,-,-,2618.4000,2618.0000,2615.8000,2615.6000,2614.0000,2619.4000,2621.8000,2622.0000,2622.2000,2623.0000,1,2,2,1,2,1,1,1,2,1
SF,IH2009,2020-03-27 09:31:22.600,2620.0000,9768,0,109130220.000,0,-,-,-,-,2618.4000,2618.0000,2615.8000,2615.6000,2614.0000,2619.4000,2621.8000,2622.0000,2622.2000,2623.0000,1,2,2,1,2,1,1,4,2,1
SF,IH2009,2020-03-27 09:31:23.100,2620.0000,9768,0,109130220.000,0,-,-,-,-,2618.4000,2618.0000,2615.8000,2615.6000,2614.0000,2619.4000,2621.8000,2622.0000,2622.2000,2623.0000,1,2,2,1,2,1,1,2,2,1
SF,IH2009,2020-03-27 09:31:23.600,2618.4000,9768,0,109915740.000,1,0,1,多换,S,2618.0000,2615.8000,2615.6000,2614.0000,2612.0000,2619.4000,2621.8000,2622.0000,2622.2000,2623.0000,1,2,1,2,1,1,1,2,2,1
SF,IH2009,2020-03-27 09:31:24.100,2618.4000,9768,0,109915740.000,0,-,-,-,-,2618.0000,2615.8000,2615.6000,2614.0000,2612.0000,2618.4000,2619.2000,2619.4000,2621.8000,2622.0000,1,2,1,2,1,1,1,1,1,2
SF,IH2009,2020-03-27 09:31:24.600,2618.0000,9768,0,110701140.000,1,0,1,多换,S,2615.8000,2615.6000,2614.0000,2612.0000,2611.0000,2617.8000,2618.4000,2619.4000,2621.8000,2622.0000,2,1,2,1,1,1,3,1,1,2
SF,IH2009,2020-03-27 09:31:25.100,2618.0000,9768,0,110701140.000,0,-,-,-,-,2616.2000,2615.8000,2615.6000,2614.0000,2612.0000,2617.6000,2617.8000,2618.4000,2619.4000,2619.6000,4,2,1,2,1,1,1,3,1,1
SF,IH2009,2020-03-27 09:31:25.600,2618.0000,9768,0,110701140.000,0,-,-,-,-,2616.2000,2616.0000,2615.8000,2615.6000,2614.0000,2617.6000,2617.8000,2618.4000,2619.4000,2619.6000,4,1,2,1,2,1,1,3,1,1
SF,IH2009,2020-03-27 09:31:26.100,2618.0000,9768,0,110701140.000,0,-,-,-,-,2616.8000,2616.2000,2616.0000,2615.8000,2615.6000,2617.6000,2617.8000,2618.4000,2619.4000,2619.6000,1,4,1,2,1,1,1,3,1,1
SF,IH2009,2020-03-27 09:31:26.600,2617.6000,9767,-1,111486420.000,1,0,1,双平,S,2618.0000,2617.8000,2617.2000,2616.8000,2616.2000,2618.4000,2619.4000,2619.6000,2622.0000,2622.2000,1,2,5,1,3,3,1,1,2,2
SF,IH2009,2020-03-27 09:31:27.100,2618.0000,9766,-1,113057220.000,2,0,2,多平,S,2616.8000,2615.8000,2615.6000,2614.0000,2612.0000,2618.4000,2619.4000,2619.6000,2622.0000,2622.2000,1,2,1,2,1,3,1,1,2,2
SF,IH2009,2020-03-27 09:31:27.600,2618.0000,9766,0,113057220.000,0,-,-,-,-,2617.0000,2616.8000,2615.8000,2615.6000,2614.0000,2618.4000,2619.4000,2619.6000,2622.0000,2622.2000,4,1,2,1,2,3,1,1,2,2
SF,IH2009,2020-03-27 09:31:28.100,2618.4000,9766,0,113842740.000,1,0,1,多换,S,2617.0000,2616.8000,2615.8000,2615.6000,2614.0000,2618.4000,2619.4000,2619.6000,2622.0000,2622.2000,4,1,2,1,2,2,1,1,2,2
SF,IH2009,2020-03-27 09:31:28.600,2618.4000,9766,0,113842740.000,0,-,-,-,-,2617.0000,2616.8000,2615.8000,2615.6000,2614.0000,2618.2000,2618.4000,2619.4000,2619.6000,2622.0000,4,1,2,1,2,1,2,1,1,2
SF,IH2009,2020-03-27 09:31:29.100,2618.4000,9766,0,113842740.000,0,-,-,-,-,2617.8000,2616.8000,2615.8000,2615.6000,2614.0000,2618.0000,2618.4000,2619.4000,2619.6000,2622.0000,1,1,2,1,2,2,2,1,1,2
SF,IH2009,2020-03-27 09:31:29.600,2617.8000,9765,-1,114628080.000,1,0,1,双平,S,2616.8000,2615.8000,2615.6000,2614.0000,2612.0000,2617.6000,2618.0000,2618.4000,2619.4000,2619.6000,1,2,1,2,1,2,1,2,1,1
SF,IH2009,2020-03-27 09:31:30.100,2617.8000,9765,0,114628080.000,0,-,-,-,-,2616.8000,2615.8000,2614.0000,2612.0000,2610.6000,2617.4000,2617.6000,2618.0000,2618.4000,2619.4000,1,2,2,1,5,3,2,1,2,1
SF,IH2009,2020-03-27 09:31:30.600,2617.8000,9764,-1,115413420.000,1,0,1,双平,S,2617.0000,2616.8000,2615.8000,2614.0000,2612.0000,2617.4000,2617.6000,2618.0000,2618.4000,2619.4000,1,1,2,2,1,2,2,1,2,1
SF,IH2009,2020-03-27 09:31:31.600,2618.4000,9763,-1,117769680.000,3,1,2,多平,S,2617.0000,2616.8000,2615.8000,2614.0000,2612.0000,2618.4000,2619.4000,2619.6000,2622.0000,2622.2000,1,1,2,2,1,1,1,1,2,2
SF,IH2009,2020-03-27 09:31:32.100,2618.4000,9763,0,117769680.000,0,-,-,-,-,2617.2000,2617.0000,2616.8000,2615.8000,2614.0000,2618.4000,2619.4000,2619.6000,2622.0000,2622.2000,4,1,1,2,2,1,1,1,2,2
SF,IH2009,2020-03-27 09:31:32.600,2617.4000,9762,-1,118554900.000,1,0,1,双平,S,2617.4000,2617.2000,2617.0000,2616.8000,2615.8000,2618.4000,2619.4000,2619.6000,2622.0000,2622.2000,1,5,1,1,2,1,1,1,2,2
SF,IH2009,2020-03-27 09:31:33.100,2617.4000,9761,-1,119340120.000,1,0,1,双平,S,2617.2000,2616.8000,2615.8000,2614.0000,2612.0000,2618.4000,2619.4000,2619.6000,2622.0000,2622.2000,4,1,2,2,1,1,1,1,2,2
SF,IH2009,2020-03-27 09:31:33.600,2617.4000,9761,0,119340120.000,0,-,-,-,-,2616.8000,2615.8000,2614.0000,2612.0000,2610.6000,2618.4000,2619.4000,2619.6000,2622.0000,2622.2000,1,2,2,1,5,1,1,1,2,2
SF,IH2009,2020-03-27 09:31:34.100,2617.4000,9761,0,119340120.000,0,-,-,-,-,2617.2000,2617.0000,2616.8000,2615.8000,2614.0000,2618.4000,2619.4000,2619.6000,2622.0000,2622.2000,4,1,1,2,2,1,1,1,2,2
SF,IH2009,2020-03-27 09:31:34.600,2617.4000,9761,0,119340120.000,0,-,-,-,-,2616.8000,2615.8000,2614.0000,2612.0000,2610.6000,2618.4000,2619.4000,2619.6000,2622.0000,2622.2000,1,2,2,1,5,1,1,1,2,2
SF,IH2009,2020-03-27 09:31:35.100,2617.4000,9761,0,119340120.000,0,-,-,-,-,2616.8000,2615.8000,2614.0000,2612.0000,2610.6000,2618.2000,2618.4000,2619.4000,2619.6000,2622.0000,1,2,2,1,5,1,1,1,1,2
SF,IH2009,2020-03-27 09:31:35.600,2618.0000,9759,-2,120910560.000,2,0,2,双平,S,2616.2000,2615.8000,2614.0000,2612.0000,2610.6000,2618.0000,2618.4000,2619.4000,2619.6000,2622.0000,1,2,2,1,5,1,1,1,1,2
SF,IH2009,2020-03-27 09:31:36.100,2618.0000,9759,0,120910560.000,0,-,-,-,-,2616.4000,2616.2000,2615.8000,2614.0000,2612.0000,2617.8000,2618.2000,2618.4000,2619.4000,2619.6000,1,1,2,2,1,1,1,1,1,1
SF,IH2009,2020-03-27 09:31:36.600,2617.6000,9759,0,123266400.000,3,1,2,多换,S,2616.2000,2615.8000,2614.0000,2612.0000,2610.6000,2617.6000,2618.2000,2618.4000,2619.4000,2619.6000,1,2,2,1,5,1,1,1,1,1
SF,IH2009,2020-03-27 09:31:37.100,2617.6000,9759,0,123266400.000,0,-,-,-,-,2616.2000,2615.8000,2614.0000,2612.0000,2610.6000,2616.8000,2617.4000,2618.2000,2618.4000,2619.4000,1,2,2,1,5,1,1,1,1,1
SF,IH2009,2020-03-27 09:31:37.600,2616.8000,9758,-1,124051440.000,1,0,1,双平,S,2616.2000,2615.8000,2614.0000,2612.0000,2610.6000,2618.2000,2618.4000,2619.4000,2622.0000,2622.2000,1,2,2,1,5,1,1,1,2,2
SF,IH2009,2020-03-27 09:31:38.100,2616.8000,9758,0,124051440.000,0,-,-,-,-,2616.2000,2615.8000,2614.0000,2612.0000,2610.6000,2618.0000,2618.2000,2618.4000,2619.4000,2622.0000,1,2,2,1,5,1,1,1,1,2
SF,IH2009,2020-03-27 09:31:38.600,2616.8000,9758,0,124051440.000,0,-,-,-,-,2616.2000,2615.8000,2614.0000,2612.0000,2610.6000,2617.8000,2618.2000,2618.4000,2619.4000,2622.0000,1,2,2,1,5,1,1,1,1,1
SF,IH2009,2020-03-27 09:31:39.100,2616.8000,9758,0,124051440.000,0,-,-,-,-,2616.4000,2616.2000,2615.8000,2614.0000,2612.0000,2618.2000,2618.4000,2619.4000,2622.0000,2622.2000,1,1,2,2,1,1,1,1,1,2
SF,IH2009,2020-03-27 09:31:39.600,2616.8000,9758,0,124051440.000,0,-,-,-,-,2616.2000,2615.8000,2614.0000,2612.0000,2610.6000,2618.0000,2618.2000,2618.4000,2619.4000,2621.0000,1,2,2,1,5,1,1,1,1,1
SF,IH2009,2020-03-27 09:31:40.100,2616.8000,9758,0,124051440.000,0,-,-,-,-,2616.2000,2615.8000,2614.0000,2612.0000,2610.6000,2618.2000,2618.4000,2619.4000,2621.0000,2622.0000,1,2,2,1,5,1,1,1,1,1
SF,IH2009,2020-03-27 09:31:41.100,2616.6000,9758,0,124836420.000,1,0,1,多换,S,2616.6000,2616.2000,2615.8000,2614.0000,2612.0000,2618.2000,2618.4000,2619.4000,2621.0000,2622.0000,3,1,2,2,1,1,1,1,1,1
SF,IH2009,2020-03-27 09:31:41.600,2618.2000,9757,-1,125621880.000,1,0,1,双平,S,2616.2000,2615.8000,2614.0000,2612.0000,2610.6000,2618.4000,2619.4000,2621.0000,2622.0000,2622.2000,1,2,2,1,5,1,1,1,1,2
SF,IH2009,2020-03-27 09:31:43.600,2616.2000,9756,-1,126406740.000,1,0,1,双平,S,2615.8000,2614.0000,2612.0000,2610.6000,2610.2000,2618.4000,2619.4000,2621.0000,2622.0000,2622.2000,2,2,1,5,1,1,1,1,1,2
SF,IH2009,2020-03-27 09:31:44.600,2616.2000,9756,0,126406740.000,0,-,-,-,-,2615.8000,2614.0000,2612.0000,2610.6000,2610.2000,2618.4000,2619.4000,2621.0000,2622.0000,2622.2000,2,2,1,5,1,1,1,2,1,2
SF,IH2009,2020-03-27 09:31:45.100,2616.2000,9756,0,126406740.000,0,-,-,-,-,2615.8000,2615.6000,2614.0000,2612.0000,2610.6000,2618.4000,2619.4000,2621.0000,2622.0000,2622.2000,2,1,2,1,5,1,1,2,1,2
SF,IH2009,2020-03-27 09:31:45.600,2616.8000,9756,0,127191780.000,1,0,1,多换,S,2618.0000,2615.8000,2614.0000,2612.0000,2610.6000,2618.4000,2619.4000,2621.0000,2622.0000,2622.2000,49,2,2,1,5,1,1,2,1,2
SF,IH2009,2020-03-27 09:31:46.100,2618.0000,9756,0,138972780.000,15,7,8,多换,S,2618.0000,2616.0000,2614.0000,2612.0000,2610.6000,2618.4000,2619.4000,2621.0000,2622.0000,2622.2000,34,1,2,1,5,1,1,2,1,2
SF,IH2009,2020-03-27 09:31:46.600,2618.0000,9756,0,138972780.000,0,-,-,-,-,2618.0000,2614.0000,2612.0000,2610.6000,2610.2000,2618.4000,2619.4000,2621.0000,2622.0000,2622.2000,34,2,1,5,2,1,1,2,1,2
SF,IH2009,2020-03-27 09:31:47.100,2618.0000,9756,0,138972780.000,0,-,-,-,-,2618.0000,2614.0000,2612.0000,2610.6000,2610.2000,2618.4000,2619.4000,2621.0000,2622.0000,2622.2000,34,2,1,5,2,1,1,2,1,2
SF,IH2009,2020-03-27 09:31:47.600,2618.0000,9756,0,138972780.000,0,-,-,-,-,2618.0000,2614.0000,2612.0000,2610.6000,2610.2000,2618.4000,2619.4000,2621.0000,2622.0000,2622.2000,34,1,1,5,2,1,1,2,1,2
SF,IH2009,2020-03-27 09:31:48.100,2618.0000,9756,0,138972780.000,0,-,-,-,-,2618.0000,2614.0000,2612.0000,2610.6000,2610.2000,2618.4000,2619.4000,2621.0000,2622.0000,2622.2000,34,1,1,5,2,1,1,2,1,2
SF,IH2009,2020-03-27 09:31:48.600,2618.0000,9756,0,138972780.000,0,-,-,-,-,2618.0000,2614.0000,2612.0000,2610.6000,2610.2000,2618.4000,2619.4000,2621.0000,2621.4000,2622.0000,34,1,1,5,2,1,1,2,1,1
SF,IH2009,2020-03-27 09:31:49.100,2618.0000,9757,1,142114380.000,4,2,2,空开,S,2618.0000,2614.0000,2612.0000,2610.6000,2610.2000,2618.4000,2619.4000,2621.0000,2621.4000,2622.0000,30,1,1,5,2,1,1,2,1,1
SF,IH2009,2020-03-27 09:31:49.600,2618.0000,9757,0,142114380.000,0,-,-,-,-,2618.0000,2614.0000,2612.0000,2610.6000,2610.2000,2618.2000,2618.4000,2619.4000,2621.0000,2621.4000,30,1,1,5,2,1,1,1,2,1
SF,IH2009,2020-03-27 09:31:50.100,2618.4000,9756,-1,147612360.000,7,3,4,多平,S,2618.4000,2618.2000,2618.0000,2614.0000,2612.0000,2621.0000,2621.4000,2622.0000,2622.2000,2623.0000,1,1,25,1,1,2,1,1,2,1
SF,IH2009,2020-03-27 09:31:50.600,2618.4000,9755,-1,148397880.000,1,0,1,双平,S,2618.2000,2618.0000,2614.0000,2612.0000,2610.6000,2618.6000,2619.0000,2619.6000,2620.6000,2620.8000,1,25,1,1,5,1,1,1,4,3
SF,IH2009,2020-03-27 09:31:51.100,2618.6000,9753,-2,149969040.000,2,0,2,双平,S,2618.2000,2618.0000,2617.2000,2614.0000,2612.0000,2619.0000,2619.6000,2620.6000,2620.8000,2621.0000,1,25,1,1,1,1,1,4,2,2
SF,IH2009,2020-03-27 09:31:51.600,2619.0000,9752,-1,150754740.000,1,0,1,双平,S,2618.2000,2618.0000,2617.2000,2614.0000,2612.0000,2620.6000,2620.8000,2621.0000,2622.0000,2622.2000,1,25,1,1,1,4,2,2,1,2
SF,IH2009,2020-03-27 09:31:52.100,2619.0000,9752,0,150754740.000,0,-,-,-,-,2618.4000,2618.2000,2618.0000,2617.2000,2614.0000,2620.4000,2620.6000,2620.8000,2621.0000,2622.0000,1,1,25,1,1,1,4,1,2,1
SF,IH2009,2020-03-27 09:31:52.600,2619.0000,9752,0,150754740.000,0,-,-,-,-,2618.4000,2618.2000,2618.0000,2617.2000,2614.0000,2620.0000,2620.4000,2620.8000,2621.0000,2622.0000,1,1,25,1,1,4,3,1,2,1
SF,IH2009,2020-03-27 09:31:53.600,2619.0000,9752,0,150754740.000,0,-,-,-,-,2618.4000,2618.2000,2618.0000,2617.2000,2614.0000,2619.8000,2620.0000,2620.4000,2620.8000,2621.0000,1,1,25,1,1,1,4,2,1,2
SF,IH2009,2020-03-27 09:31:54.100,2618.4000,9751,-1,151540260.000,1,0,1,双平,S,2618.2000,2618.0000,2617.2000,2614.0000,2612.0000,2620.0000,2620.4000,2620.8000,2621.0000,2622.0000,1,25,1,1,1,3,1,1,2,1
SF,IH2009,2020-03-27 09:31:54.600,2618.4000,9751,0,151540260.000,0,-,-,-,-,2618.2000,2618.0000,2617.2000,2614.0000,2612.0000,2619.8000,2620.0000,2620.4000,2620.8000,2621.0000,1,25,1,1,1,1,4,1,1,2
SF,IH2009,2020-03-27 09:31:55.100,2618.4000,9751,0,151540260.000,0,-,-,-,-,2618.2000,2618.0000,2617.2000,2614.0000,2612.0000,2619.6000,2619.8000,2620.0000,2620.4000,2620.8000,1,25,1,1,1,1,1,4,1,1
SF,IH2009,2020-03-27 09:31:55.600,2618.4000,9751,0,151540260.000,0,-,-,-,-,2618.2000,2618.0000,2617.2000,2614.0000,2612.0000,2619.8000,2620.0000,2620.4000,2620.8000,2621.0000,1,25,1,1,1,1,4,1,1,2
SF,IH2009,2020-03-27 09:31:56.600,2618.4000,9751,0,151540260.000,0,-,-,-,-,2618.0000,2617.2000,2614.0000,2612.0000,2610.6000,2619.8000,2620.0000,2620.4000,2620.8000,2621.0000,25,1,1,1,5,1,4,1,1,2
SF,IH2009,2020-03-27 09:31:57.100,2618.0000,9751,0,154681860.000,4,2,2,多换,S,2618.0000,2617.2000,2614.0000,2612.0000,2610.6000,2619.4000,2619.6000,2619.8000,2620.0000,2620.2000,21,1,1,1,5,4,2,2,1,1
SF,IH2009,2020-03-27 09:31:57.600,2618.0000,9751,0,154681860.000,0,-,-,-,-,2618.0000,2617.2000,2614.0000,2612.0000,2610.6000,2618.8000,2619.0000,2619.2000,2619.4000,2619.6000,21,1,1,1,5,1,1,2,4,1
SF,IH2009,2020-03-27 09:31:58.100,2618.0000,9751,0,154681860.000,0,-,-,-,-,2618.0000,2617.2000,2614.0000,2612.0000,2610.6000,2618.2000,2618.8000,2619.0000,2619.2000,2619.4000,21,1,1,1,5,1,1,1,2,5
SF,IH2009,2020-03-27 09:31:58.600,2618.8000,9750,-1,156252960.000,2,0,2,多平,S,2618.0000,2617.2000,2616.8000,2614.0000,2612.0000,2619.2000,2619.4000,2619.6000,2619.8000,2620.0000,21,1,1,1,1,2,5,1,1,1
SF,IH2009,2020-03-27 09:31:59.100,2619.2000,9750,0,157038720.000,1,0,1,多换,S,2618.0000,2617.2000,2616.8000,2614.0000,2612.0000,2619.4000,2619.8000,2620.0000,2620.2000,2620.8000,21,1,1,1,1,4,1,1,1,1
SF,IH2009,2020-03-27 09:31:59.600,2619.2000,9750,0,157038720.000,0,-,-,-,-,2618.0000,2617.2000,2616.8000,2614.0000,2612.0000,2619.8000,2620.0000,2620.2000,2620.8000,2621.0000,21,1,1,1,1,1,1,1,1,2
SF,IH2009,2020-03-27 09:32:00.100,2619.2000,9750,0,157038720.000,0,-,-,-,-,2618.0000,2617.6000,2617.2000,2616.8000,2614.0000,2619.4000,2619.6000,2619.8000,2620.0000,2620.2000,21,1,1,1,1,3,1,1,1,1
SF,IH2009,2020-03-27 09:32:01.100,2619.2000,9750,0,157038720.000,0,-,-,-,-,2618.0000,2617.6000,2617.2000,2616.8000,2614.0000,2619.8000,2620.0000,2620.2000,2620.8000,2621.0000,21,1,1,1,1,1,1,1,1,2
SF,IH2009,2020-03-27 09:32:01.600,2618.0000,9750,0,157824120.000,1,0,1,多换,S,2618.0000,2617.6000,2617.2000,2616.8000,2614.0000,2619.0000,2619.4000,2619.6000,2619.8000,2620.0000,20,1,1,1,1,4,1,1,1,1
SF,IH2009,2020-03-27 09:32:02.100,2618.0000,9750,0,157824120.000,0,-,-,-,-,2618.0000,2617.6000,2617.2000,2616.8000,2614.0000,2619.0000,2619.4000,2619.6000,2619.8000,2620.0000,20,1,1,1,1,4,1,1,1,1
SF,IH2009,2020-03-27 09:32:02.600,2618.0000,9750,0,157824120.000,0,-,-,-,-,2618.0000,2617.6000,2617.2000,2616.8000,2614.0000,2619.8000,2620.0000,2620.2000,2620.8000,2621.0000,20,1,1,1,1,1,1,1,1,2
SF,IH2009,2020-03-27 09:32:03.100,2618.0000,9750,0,157824120.000,0,-,-,-,-,2618.0000,2617.6000,2617.2000,2616.8000,2614.0000,2619.4000,2619.6000,2619.8000,2620.0000,2620.2000,20,1,1,1,1,4,1,1,1,1
SF,IH2009,2020-03-27 09:32:04.100,2618.0000,9750,0,159394920.000,2,1,1,多换,S,2618.0000,2617.6000,2617.2000,2616.8000,2614.0000,2619.0000,2619.2000,2619.4000,2619.8000,2620.0000,18,1,1,1,1,1,1,4,1,1
SF,IH2009,2020-03-27 09:32:04.600,2618.0000,9750,0,159394920.000,0,-,-,-,-,2618.0000,2617.6000,2617.2000,2616.8000,2614.0000,2619.4000,2619.8000,2620.0000,2620.2000,2620.8000,18,1,1,1,1,3,1,1,1,1
SF,IH2009,2020-03-27 09:32:05.100,2618.0000,9750,0,160180320.000,1,0,1,多换,S,2618.0000,2617.6000,2617.2000,2616.8000,2614.0000,2619.4000,2619.8000,2620.0000,2620.2000,2620.8000,17,1,1,1,1,3,1,1,1,1
SF,IH2009,2020-03-27 09:32:05.600,2618.0000,9750,0,160180320.000,0,-,-,-,-,2618.0000,2617.6000,2617.2000,2616.8000,2614.0000,2619.0000,2619.4000,2619.8000,2620.0000,2620.2000,17,1,1,1,1,1,3,1,1,1
SF,IH2009,2020-03-27 09:32:06.100,2618.0000,9750,0,160180320.000,0,-,-,-,-,2618.0000,2617.6000,2617.2000,2616.8000,2614.0000,2619.0000,2619.4000,2619.8000,2620.0000,2620.2000,17,1,1,1,1,1,4,1,1,1
SF,IH2009,2020-03-27 09:32:06.600,2618.0000,9750,0,160965720.000,1,0,1,多换,S,2618.0000,2617.6000,2617.2000,2616.8000,2614.0000,2619.0000,2619.4000,2619.8000,2620.0000,2620.2000,16,1,1,1,1,1,4,1,2,1
SF,IH2009,2020-03-27 09:32:07.100,2619.0000,9750,0,161751420.000,1,0,1,多换,S,2618.0000,2617.6000,2617.2000,2616.8000,2616.0000,2619.4000,2619.8000,2620.0000,2620.2000,2620.8000,16,1,1,1,1,4,1,2,1,1
SF,IH2009,2020-03-27 09:32:07.600,2619.0000,9750,0,161751420.000,0,-,-,-,-,2618.0000,2617.6000,2617.2000,2616.8000,2616.0000,2619.4000,2619.8000,2620.0000,2620.2000,2620.8000,16,1,1,1,1,4,1,3,1,1
SF,IH2009,2020-03-27 09:32:08.600,2618.0000,9750,0,162536820.000,1,0,1,多换,S,2618.0000,2617.6000,2617.2000,2616.8000,2616.0000,2619.4000,2619.8000,2620.0000,2620.2000,2620.8000,15,1,1,1,1,4,1,3,1,1
SF,IH2009,2020-03-27 09:32:09.100,2618.0000,9751,1,165678420.000,4,2,2,空开,S,2618.0000,2617.6000,2617.2000,2616.8000,2616.0000,2619.0000,2619.2000,2619.4000,2619.8000,2620.0000,11,1,1,1,1,2,2,4,1,3
SF,IH2009,2020-03-27 09:32:09.600,2618.0000,9751,0,167249220.000,2,1,1,多换,S,2618.0000,2617.6000,2617.2000,2616.8000,2616.0000,2618.6000,2618.8000,2619.0000,2619.2000,2619.4000,9,1,1,1,1,3,1,2,1,1
SF,IH2009,2020-03-27 09:32:10.100,2618.0000,9751,0,169605420.000,3,1,2,多换,S,2618.0000,2617.6000,2617.2000,2616.8000,2616.0000,2618.2000,2618.4000,2618.6000,2618.8000,2619.0000,6,1,1,1,1,1,1,3,1,1
SF,IH2009,2020-03-27 09:32:10.600,2617.6000,9751,0,175103100.000,7,3,4,多换,S,2617.2000,2616.8000,2616.0000,2614.0000,2612.0000,2617.8000,2618.0000,2618.2000,2618.4000,2618.6000,1,1,1,1,1,3,1,1,1,1
SF,IH2009,2020-03-27 09:32:11.100,2617.6000,9751,0,175103100.000,0,-,-,-,-,2616.8000,2616.0000,2615.2000,2614.0000,2612.0000,2617.4000,2617.6000,2617.8000,2618.0000,2618.4000,1,1,1,1,1,1,1,3,2,1
SF,IH2009,2020-03-27 09:32:11.600,2617.8000,9749,-2,177459060.000,3,0,3,多平,S,2616.8000,2616.0000,2615.2000,2614.0000,2612.0000,2617.2000,2617.8000,2618.0000,2618.4000,2618.6000,1,1,1,1,1,1,1,1,1,1
SF,IH2009,2020-03-27 09:32:12.100,2617.2000,9748,-1,178244220.000,1,0,1,双平,S,2617.2000,2616.8000,2616.0000,2615.2000,2614.0000,2618.0000,2618.4000,2618.6000,2618.8000,2619.0000,1,1,1,1,1,1,1,1,1,1
SF,IH2009,2020-03-27 09:32:12.600,2617.2000,9748,0,178244220.000,0,-,-,-,-,2617.4000,2617.2000,2616.8000,2616.0000,2615.2000,2618.0000,2618.6000,2618.8000,2619.0000,2619.2000,1,1,1,1,1,1,1,1,1,1
SF,IH2009,2020-03-27 09:32:13.100,2618.0000,9748,0,179029620.000,1,0,1,多换,S,2617.4000,2617.2000,2616.8000,2616.0000,2615.2000,2618.6000,2618.8000,2619.0000,2619.2000,2619.4000,1,1,1,1,1,2,1,1,1,1
SF,IH2009,2020-03-27 09:32:13.600,2618.0000,9748,0,179029620.000,0,-,-,-,-,2617.4000,2617.2000,2616.8000,2616.0000,2615.2000,2618.2000,2618.6000,2618.8000,2619.0000,2619.2000,1,1,1,1,1,2,2,1,1,1
SF,IH2009,2020-03-27 09:32:14.100,2618.2000,9747,-1,179815080.000,1,0,1,双平,S,2617.4000,2617.2000,2616.8000,2616.0000,2615.2000,2618.2000,2618.6000,2618.8000,2619.0000,2619.2000,1,1,1,1,1,1,2,1,1,1
SF,IH2009,2020-03-27 09:32:14.600,2617.6000,9748,1,182171400.000,3,2,1,空开,S,2619.0000,2618.8000,2617.4000,2617.2000,2616.8000,2619.2000,2619.4000,2619.8000,2620.0000,2620.2000,1,1,1,1,4,1,1,1,5,1
SF,IH2009,2020-03-27 09:32:15.100,2617.6000,9748,0,182171400.000,0,-,-,-,-,2619.0000,2618.8000,2617.2000,2616.8000,2614.0000,2619.2000,2619.4000,2620.0000,2620.2000,2621.0000,1,1,1,4,1,1,1,5,1,2
SF,IH2009,2020-03-27 09:32:15.600,2617.6000,9748,0,182171400.000,0,-,-,-,-,2618.8000,2617.2000,2616.8000,2614.0000,2612.0000,2619.4000,2620.0000,2620.2000,2621.0000,2622.0000,1,1,4,1,1,1,5,1,2,1
SF,IH2009,2020-03-27 09:32:16.100,2617.6000,9748,0,182171400.000,0,-,-,-,-,2617.2000,2616.8000,2614.0000,2612.0000,2610.6000,2618.0000,2619.0000,2619.4000,2620.0000,2620.2000,1,4,1,1,5,1,1,1,5,1
SF,IH2009,2020-03-27 09:32:16.600,2618.0000,9747,-1,182956800.000,1,0,1,双平,S,2618.6000,2617.4000,2617.2000,2616.8000,2614.0000,2619.0000,2619.4000,2619.8000,2620.0000,2620.2000,2,1,1,4,1,1,1,1,5,1
SF,IH2009,2020-03-27 09:32:17.100,2618.0000,9747,0,182956800.000,0,-,-,-,-,2617.4000,2617.2000,2616.8000,2616.4000,2614.0000,2619.0000,2619.4000,2619.8000,2620.0000,2620.2000,1,1,4,1,1,1,1,1,5,1
SF,IH2009,2020-03-27 09:32:17.600,2618.0000,9747,0,182956800.000,0,-,-,-,-,2617.2000,2616.8000,2616.4000,2615.6000,2614.0000,2619.0000,2619.4000,2619.8000,2620.0000,2620.2000,1,4,1,1,1,2,1,1,5,1
SF,IH2009,2020-03-27 09:32:18.100,2618.0000,9747,0,182956800.000,0,-,-,-,-,2617.2000,2616.8000,2616.4000,2615.6000,2614.0000,2618.8000,2619.0000,2619.4000,2619.8000,2620.0000,1,4,1,1,1,1,2,1,1,5
SF,IH2009,2020-03-27 09:32:20.100,2618.0000,9747,0,182956800.000,0,-,-,-,-,2617.2000,2616.8000,2616.4000,2615.6000,2614.0000,2618.6000,2618.8000,2619.0000,2619.4000,2619.8000,1,4,1,1,1,1,1,3,1,1
SF,IH2009,2020-03-27 09:32:20.600,2618.0000,9747,0,182956800.000,0,-,-,-,-,2617.2000,2616.8000,2616.4000,2615.6000,2614.0000,2618.6000,2618.8000,2619.0000,2619.4000,2619.8000,1,4,1,1,1,1,2,2,1,1
SF,IH2009,2020-03-27 09:32:21.100,2618.0000,9747,0,182956800.000,0,-,-,-,-,2617.2000,2616.8000,2616.4000,2615.6000,2614.0000,2618.6000,2618.8000,2619.0000,2619.4000,2619.8000,1,4,1,1,1,1,2,2,1,1
SF,IH2009,2020-03-27 09:32:21.600,2618.0000,9747,0,182956800.000,0,-,-,-,-,2617.2000,2616.8000,2616.4000,2615.6000,2614.0000,2618.6000,2618.8000,2619.0000,2619.4000,2619.8000,1,4,1,1,1,1,2,2,1,1
SF,IH2009,2020-03-27 09:32:22.100,2618.0000,9747,0,182956800.000,0,-,-,-,-,2616.8000,2616.4000,2615.6000,2614.0000,2612.0000,2617.0000,2617.2000,2617.8000,2618.0000,2618.2000,1,1,1,1,1,7,2,1,2,1
SF,IH2009,2020-03-27 09:32:22.600,2616.8000,9747,0,183741840.000,1,0,1,多换,S,2617.0000,2616.4000,2616.2000,2615.6000,2614.0000,2618.4000,2618.6000,2618.8000,2619.0000,2619.4000,2,1,1,1,1,2,1,2,1,1
SF,IH2009,2020-03-27 09:32:23.100,2616.8000,9747,0,183741840.000,0,-,-,-,-,2617.0000,2616.4000,2616.2000,2615.6000,2614.0000,2618.4000,2618.6000,2618.8000,2619.0000,2619.4000,2,1,1,1,1,2,1,2,1,1
SF,IH2009,2020-03-27 09:32:23.600,2616.8000,9747,0,183741840.000,0,-,-,-,-,2617.0000,2616.4000,2616.2000,2615.6000,2614.0000,2617.2000,2618.4000,2618.6000,2618.8000,2619.0000,2,1,1,1,1,1,2,1,2,1
SF,IH2009,2020-03-27 09:32:24.100,2617.2000,9746,-1,184527000.000,1,0,1,双平,S,2617.2000,2617.0000,2616.4000,2616.2000,2615.6000,2618.4000,2618.6000,2618.8000,2619.0000,2619.4000,2,2,1,1,1,2,1,2,1,1
SF,IH2009,2020-03-27 09:32:24.600,2617.2000,9746,0,184527000.000,0,-,-,-,-,2617.2000,2617.0000,2616.4000,2616.2000,2615.6000,2618.4000,2618.6000,2618.8000,2619.0000,2619.4000,2,2,1,1,1,2,1,2,1,1
SF,IH2009,2020-03-27 09:32:25.600,2617.2000,9746,0,185312160.000,1,0,1,多换,S,2617.2000,2617.0000,2616.4000,2616.2000,2615.6000,2618.4000,2618.6000,2618.8000,2619.0000,2619.4000,1,2,1,1,1,1,1,2,1,1
SF,IH2009,2020-03-27 09:32:26.100,2617.2000,9746,0,185312160.000,0,-,-,-,-,2617.2000,2617.0000,2616.6000,2616.4000,2616.2000,2618.4000,2618.8000,2619.0000,2619.4000,2620.0000,1,2,2,1,1,1,2,1,1,6
SF,IH2009,2020-03-27 09:32:26.600,2617.2000,9746,0,185312160.000,0,-,-,-,-,2617.2000,2617.0000,2616.6000,2616.4000,2616.2000,2618.2000,2618.4000,2618.8000,2619.0000,2619.4000,1,2,2,1,1,1,1,2,1,1
SF,IH2009,2020-03-27 09:32:27.100,2617.2000,9746,0,185312160.000,0,-,-,-,-,2617.2000,2617.0000,2616.6000,2616.4000,2616.2000,2618.2000,2618.8000,2619.0000,2619.4000,2620.0000,1,2,2,1,1,1,2,1,1,6
SF,IH2009,2020-03-27 09:32:27.600,2617.2000,9746,0,185312160.000,0,-,-,-,-,2617.0000,2616.6000,2616.4000,2616.2000,2615.6000,2618.2000,2618.8000,2619.0000,2619.4000,2620.0000,2,2,1,1,1,1,2,1,1,6
SF,IH2009,2020-03-27 09:32:28.100,2617.2000,9746,0,185312160.000,0,-,-,-,-,2617.2000,2617.0000,2616.6000,2616.4000,2616.2000,2618.2000,2618.8000,2619.0000,2619.4000,2620.0000,1,2,2,1,1,1,2,1,1,6
SF,IH2009,2020-03-27 09:32:28.600,2617.2000,9746,0,185312160.000,0,-,-,-,-,2617.2000,2617.0000,2616.6000,2616.4000,2616.2000,2618.2000,2618.8000,2619.0000,2619.4000,2620.0000,1,2,3,1,1,1,2,1,1,6
SF,IH2009,2020-03-27 09:32:29.100,2617.2000,9746,0,185312160.000,0,-,-,-,-,2617.0000,2616.6000,2616.4000,2616.2000,2615.6000,2618.0000,2618.2000,2618.8000,2619.0000,2619.4000,2,3,1,1,1,1,1,2,1,1
SF,IH2009,2020-03-27 09:32:29.600,2618.2000,9745,-1,186883020.000,2,0,2,多平,S,2617.4000,2617.0000,2616.6000,2616.4000,2616.2000,2618.8000,2619.0000,2619.4000,2620.0000,2620.2000,1,2,3,1,1,2,1,1,6,1
SF,IH2009,2020-03-27 09:32:30.100,2618.2000,9745,0,186883020.000,0,-,-,-,-,2618.0000,2617.4000,2617.2000,2617.0000,2616.6000,2618.8000,2619.0000,2619.4000,2620.0000,2620.2000,2,1,1,2,3,2,1,1,6,1
SF,IH2009,2020-03-27 09:32:30.600,2618.2000,9745,0,186883020.000,0,-,-,-,-,2618.0000,2617.2000,2617.0000,2616.6000,2616.4000,2618.8000,2619.0000,2619.4000,2620.0000,2620.2000,2,1,2,3,1,1,1,1,6,1
SF,IH2009,2020-03-27 09:32:31.100,2618.0000,9744,-1,187668420.000,1,0,1,双平,S,2617.2000,2617.0000,2616.6000,2616.4000,2616.2000,2618.8000,2619.0000,2619.4000,2620.0000,2620.2000,1,2,3,1,1,1,1,1,7,1
SF,IH2009,2020-03-27 09:32:31.600,2618.0000,9744,0,187668420.000,0,-,-,-,-,2617.2000,2617.0000,2616.6000,2616.4000,2616.2000,2618.8000,2619.0000,2619.4000,2620.0000,2620.2000,1,2,3,1,1,1,1,1,7,1
SF,IH2009,2020-03-27 09:32:32.100,2618.0000,9744,0,187668420.000,0,-,-,-,-,2617.4000,2617.2000,2617.0000,2616.6000,2616.4000,2618.8000,2619.0000,2619.4000,2620.0000,2620.2000,1,1,2,3,1,1,1,1,7,1
SF,IH2009,2020-03-27 09:32:32.600,2618.0000,9744,0,187668420.000,0,-,-,-,-,2617.4000,2617.2000,2617.0000,2616.6000,2616.4000,2618.8000,2619.0000,2619.4000,2620.0000,2620.2000,1,1,2,3,1,1,2,1,7,1
SF,IH2009,2020-03-27 09:32:33.100,2618.0000,9744,0,187668420.000,0,-,-,-,-,2618.0000,2617.4000,2617.2000,2617.0000,2616.6000,2618.8000,2619.0000,2619.4000,2620.0000,2620.2000,1,1,1,2,3,1,2,1,7,1
SF,IH2009,2020-03-27 09:32:33.600,2618.0000,9744,0,188453820.000,1,0,1,多换,S,2617.2000,2617.0000,2616.6000,2616.4000,2616.2000,2617.4000,2618.0000,2618.8000,2619.0000,2619.4000,1,2,3,1,1,1,1,1,2,1
SF,IH2009,2020-03-27 09:32:34.100,2617.4000,9744,0,189239040.000,1,0,1,多换,S,2617.4000,2617.2000,2617.0000,2616.6000,2616.4000,2618.8000,2619.0000,2619.4000,2620.0000,2620.2000,2,1,2,3,1,1,2,1,6,1
SF,IH2009,2020-03-27 09:32:34.600,2617.4000,9744,0,189239040.000,0,-,-,-,-,2618.2000,2617.4000,2617.2000,2617.0000,2616.6000,2618.8000,2619.0000,2619.4000,2620.0000,2620.2000,1,2,1,2,3,1,1,1,6,1
SF,IH2009,2020-03-27 09:32:35.100,2618.8000,9744,0,190024680.000,1,0,1,多换,S,2618.2000,2617.6000,2617.4000,2617.2000,2617.0000,2619.4000,2620.0000,2620.2000,2620.4000,2621.0000,1,1,2,1,2,1,6,1,1,2
SF,IH2009,2020-03-27 09:32:35.600,2618.8000,9744,0,190024680.000,0,-,-,-,-,2617.6000,2617.4000,2617.2000,2617.0000,2616.6000,2619.4000,2620.0000,2620.2000,2620.4000,2621.0000,1,2,1,2,3,1,6,1,1,2
SF,IH2009,2020-03-27 09:32:36.100,2618.8000,9744,0,190024680.000,0,-,-,-,-,2618.4000,2617.6000,2617.4000,2617.2000,2617.0000,2619.2000,2619.4000,2620.0000,2620.2000,2620.4000,1,1,2,1,2,1,1,6,1,1
SF,IH2009,2020-03-27 09:32:36.600,2618.4000,9743,-1,190810200.000,1,0,1,双平,S,2617.6000,2617.4000,2617.2000,2617.0000,2616.6000,2619.4000,2620.0000,2620.2000,2620.4000,2621.0000,1,2,1,2,3,1,6,1,1,2
SF,IH2009,2020-03-27 09:32:37.100,2618.4000,9743,0,190810200.000,0,-,-,-,-,2617.6000,2617.4000,2617.2000,2617.0000,2616.6000,2619.2000,2619.4000,2620.0000,2620.2000,2620.4000,1,2,1,2,3,1,1,6,1,1
SF,IH2009,2020-03-27 09:32:37.600,2618.4000,9743,0,190810200.000,0,-,-,-,-,2617.6000,2617.4000,2617.2000,2617.0000,2616.6000,2619.0000,2619.2000,2619.4000,2620.0000,2620.2000,1,2,1,2,3,1,1,1,7,1
SF,IH2009,2020-03-27 09:32:38.100,2618.4000,9743,0,190810200.000,0,-,-,-,-,2617.6000,2617.4000,2617.2000,2617.0000,2616.6000,2619.0000,2619.2000,2619.4000,2620.0000,2620.2000,1,2,1,2,3,1,1,1,7,1
SF,IH2009,2020-03-27 09:32:38.600,2618.4000,9743,0,190810200.000,0,-,-,-,-,2617.6000,2617.4000,2617.2000,2617.0000,2616.6000,2619.0000,2619.2000,2619.4000,2620.0000,2620.2000,1,2,1,2,3,2,1,1,7,1
SF,IH2009,2020-03-27 09:32:39.100,2618.4000,9743,0,190810200.000,0,-,-,-,-,2617.4000,2617.2000,2617.0000,2616.6000,2616.4000,2619.0000,2619.2000,2619.4000,2620.0000,2620.2000,2,1,2,3,1,2,1,1,7,1
SF,IH2009,2020-03-27 09:32:39.600,2618.4000,9743,0,190810200.000,0,-,-,-,-,2617.8000,2617.4000,2617.2000,2617.0000,2616.6000,2619.0000,2619.2000,2619.4000,2620.0000,2620.2000,1,2,1,2,3,1,1,1,7,1
SF,IH2009,2020-03-27 09:32:41.100,2618.4000,9743,0,190810200.000,0,-,-,-,-,2617.8000,2617.4000,2617.2000,2617.0000,2616.6000,2619.0000,2619.2000,2619.4000,2620.0000,2620.2000,1,2,1,2,3,2,1,1,7,1
SF,IH2009,2020-03-27 09:32:41.600,2618.4000,9743,0,190810200.000,0,-,-,-,-,2617.8000,2617.4000,2617.2000,2617.0000,2616.6000,2619.0000,2619.2000,2619.4000,2620.0000,2620.2000,1,2,1,2,3,1,1,1,7,1
SF,IH2009,2020-03-27 09:32:42.100,2619.0000,9743,0,191595900.000,1,0,1,多换,S,2619.0000,2617.8000,2617.4000,2617.2000,2617.0000,2619.2000,2619.4000,2620.0000,2620.2000,2620.4000,1,1,2,1,2,1,1,7,1,1
SF,IH2009,2020-03-27 09:32:42.600,2619.2000,9742,-1,192381660.000,1,0,1,双平,S,2618.0000,2617.8000,2617.4000,2617.2000,2617.0000,2619.4000,2620.0000,2620.2000,2620.4000,2621.0000,1,1,2,1,2,1,7,1,1,2
SF,IH2009,2020-03-27 09:32:43.100,2619.2000,9742,0,192381660.000,0,-,-,-,-,2618.0000,2617.8000,2617.4000,2617.2000,2617.0000,2619.4000,2620.0000,2620.2000,2620.4000,2621.0000,1,1,2,1,2,1,7,1,1,2
SF,IH2009,2020-03-27 09:32:43.600,2619.2000,9742,0,192381660.000,0,-,-,-,-,2618.0000,2617.8000,2617.4000,2617.2000,2617.0000,2619.4000,2620.0000,2620.2000,2620.4000,2621.0000,1,1,2,1,2,1,7,1,1,2
SF,IH2009,2020-03-27 09:32:44.100,2618.0000,9742,0,193167060.000,1,0,1,多换,S,2617.8000,2617.4000,2617.2000,2617.0000,2616.6000,2619.4000,2620.0000,2620.2000,2620.4000,2621.0000,1,2,1,2,3,1,7,1,1,2
SF,IH2009,2020-03-27 09:32:44.600,2617.8000,9742,0,193952400.000,1,0,1,多换,S,2617.4000,2617.2000,2617.0000,2616.6000,2616.2000,2619.0000,2619.2000,2619.4000,2620.0000,2620.2000,2,1,2,3,1,1,1,1,7,1
SF,IH2009,2020-03-27 09:32:45.100,2617.8000,9742,0,193952400.000,0,-,-,-,-,2617.4000,2617.2000,2617.0000,2616.6000,2616.0000,2618.8000,2619.0000,2619.2000,2619.4000,2620.0000,1,1,2,1,1,1,1,2,1,7
SF,IH2009,2020-03-27 09:32:45.600,2617.8000,9742,0,193952400.000,0,-,-,-,-,2617.4000,2617.2000,2617.0000,2616.6000,2616.0000,2618.8000,2619.0000,2619.2000,2619.4000,2620.0000,3,1,2,1,1,1,1,2,1,7
SF,IH2009,2020-03-27 09:32:47.100,2617.8000,9742,0,193952400.000,0,-,-,-,-,2617.4000,2617.2000,2617.0000,2616.6000,2616.0000,2619.0000,2619.2000,2619.4000,2620.0000,2620.2000,3,1,2,1,1,1,1,1,7,1
SF,IH2009,2020-03-27 09:32:47.600,2617.8000,9742,0,193952400.000,0,-,-,-,-,2617.4000,2617.2000,2617.0000,2616.6000,2616.0000,2619.4000,2620.0000,2620.2000,2620.4000,2621.0000,3,1,2,1,1,1,7,1,1,2
SF,IH2009,2020-03-27 09:32:48.100,2617.8000,9742,0,193952400.000,0,-,-,-,-,2617.6000,2617.4000,2617.2000,2617.0000,2616.6000,2619.4000,2620.0000,2620.2000,2620.4000,2621.0000,1,3,1,2,1,1,7,1,1,2
SF,IH2009,2020-03-27 09:32:48.600,2617.8000,9742,0,193952400.000,0,-,-,-,-,2617.8000,2617.6000,2617.2000,2617.0000,2616.6000,2619.4000,2620.0000,2620.2000,2620.4000,2621.0000,4,1,1,2,1,1,7,1,2,2
SF,IH2009,2020-03-27 09:32:49.100,2617.8000,9742,0,193952400.000,0,-,-,-,-,2617.8000,2617.6000,2617.2000,2617.0000,2616.6000,2619.0000,2619.4000,2620.0000,2620.2000,2620.4000,4,1,1,2,1,1,1,7,1,2
SF,IH2009,2020-03-27 09:32:50.100,2617.8000,9742,0,193952400.000,0,-,-,-,-,2618.0000,2617.8000,2617.6000,2617.0000,2616.6000,2619.0000,2619.4000,2620.0000,2620.2000,2620.4000,1,3,1,2,1,1,1,7,1,2
SF,IH2009,2020-03-27 09:32:50.600,2617.8000,9742,0,193952400.000,0,-,-,-,-,2618.0000,2617.6000,2617.0000,2616.6000,2616.0000,2619.0000,2619.4000,2620.0000,2620.2000,2620.4000,4,1,2,1,1,1,1,7,1,2
SF,IH2009,2020-03-27 09:32:53.100,2617.8000,9742,0,193952400.000,0,-,-,-,-,2618.0000,2617.6000,2617.0000,2616.6000,2616.0000,2619.0000,2619.4000,2620.0000,2620.2000,2620.4000,4,1,2,1,1,1,1,7,1,2
SF,IH2009,2020-03-27 09:32:58.100,2617.8000,9742,0,193952400.000,0,-,-,-,-,2618.0000,2617.6000,2617.0000,2616.6000,2616.0000,2619.0000,2619.4000,2620.0000,2620.2000,2620.4000,4,1,2,1,1,1,1,7,1,1
SF,IH2009,2020-03-27 09:32:58.600,2617.8000,9742,0,193952400.000,0,-,-,-,-,2618.0000,2617.0000,2616.6000,2616.0000,2614.6000,2619.0000,2619.4000,2620.0000,2620.2000,2620.4000,4,2,1,1,1,1,1,7,1,1
SF,IH2009,2020-03-27 09:32:59.100,2618.0000,9742,0,194737800.000,1,0,1,多换,S,2618.0000,2617.0000,2616.6000,2616.0000,2614.6000,2619.0000,2619.4000,2620.0000,2620.2000,2620.4000,3,2,1,1,1,1,1,7,1,1
SF,IH2009,2020-03-27 09:33:00.600,2618.0000,9741,-1,195523200.000,1,0,1,双平,S,2618.0000,2617.0000,2616.6000,2616.0000,2614.0000,2619.0000,2619.4000,2620.0000,2620.2000,2620.4000,2,2,1,1,1,1,1,7,1,1
SF,IH2009,2020-03-27 09:33:01.600,2618.0000,9740,-1,196308600.000,1,0,1,双平,S,2618.0000,2617.0000,2616.6000,2616.0000,2614.0000,2619.0000,2619.4000,2620.0000,2620.2000,2620.4000,1,2,1,1,1,1,1,7,1,1
SF,IH2009,2020-03-27 09:33:02.100,2618.0000,9739,-1,197094000.000,1,0,1,双平,S,2617.0000,2616.6000,2616.0000,2614.0000,2612.0000,2619.0000,2619.4000,2620.0000,2620.2000,2620.4000,2,1,1,1,1,1,1,7,1,1
SF,IH2009,2020-03-27 09:33:03.600,2618.0000,9739,0,197094000.000,0,-,-,-,-,2617.0000,2616.6000,2616.0000,2614.0000,2612.0000,2619.0000,2619.4000,2620.0000,2620.2000,2620.4000,2,1,1,1,1,2,1,7,1,1
SF,IH2009,2020-03-27 09:33:04.100,2618.0000,9739,0,197094000.000,0,-,-,-,-,2617.0000,2616.6000,2616.0000,2614.0000,2612.0000,2619.0000,2619.4000,2620.0000,2620.2000,2620.4000,2,1,1,1,1,1,1,7,1,1
SF,IH2009,2020-03-27 09:33:04.600,2618.0000,9739,0,197094000.000,0,-,-,-,-,2617.2000,2617.0000,2616.6000,2616.0000,2614.0000,2619.0000,2619.4000,2620.0000,2620.2000,2620.4000,1,2,1,1,1,1,1,7,1,1
SF,IH2009,2020-03-27 09:33:05.600,2618.0000,9739,0,197094000.000,0,-,-,-,-,2617.6000,2617.2000,2617.0000,2616.6000,2616.0000,2619.0000,2619.4000,2620.0000,2620.2000,2620.4000,1,1,2,1,1,1,1,7,1,1
SF,IH2009,2020-03-27 09:33:06.100,2619.0000,9738,-1,197879700.000,1,0,1,双平,S,2617.6000,2617.2000,2617.0000,2616.6000,2616.0000,2619.4000,2620.0000,2620.2000,2620.4000,2621.0000,1,1,2,1,1,1,7,1,1,2
SF,IH2009,2020-03-27 09:33:06.600,2619.0000,9738,0,197879700.000,0,-,-,-,-,2617.8000,2617.6000,2617.2000,2617.0000,2616.6000,2619.4000,2620.0000,2620.2000,2620.4000,2621.0000,1,1,1,2,1,1,7,1,1,2
SF,IH2009,2020-03-27 09:33:07.100,2619.0000,9738,0,197879700.000,0,-,-,-,-,2617.8000,2617.2000,2617.0000,2616.6000,2616.0000,2619.4000,2620.0000,2620.2000,2620.4000,2621.0000,1,1,2,1,1,1,7,1,1,2
SF,IH2009,2020-03-27 09:33:09.100,2619.0000,9738,0,197879700.000,0,-,-,-,-,2617.8000,2617.0000,2616.6000,2616.0000,2614.0000,2619.4000,2620.0000,2620.2000,2620.4000,2621.0000,1,2,1,1,1,1,7,1,1,2
SF,IH2009,2020-03-27 09:33:10.600,2619.0000,9738,0,197879700.000,0,-,-,-,-,2618.0000,2617.8000,2617.0000,2616.6000,2616.0000,2619.4000,2620.0000,2620.2000,2620.4000,2621.0000,1,1,2,1,1,1,7,1,1,2
SF,IH2009,2020-03-27 09:33:12.100,2619.0000,9738,0,197879700.000,0,-,-,-,-,2618.0000,2617.8000,2617.0000,2616.6000,2616.0000,2619.4000,2620.0000,2620.2000,2620.4000,2621.0000,1,1,2,1,1,1,8,1,1,2
SF,IH2009,2020-03-27 09:33:12.600,2619.0000,9738,0,197879700.000,0,-,-,-,-,2618.0000,2617.8000,2617.0000,2616.6000,2616.0000,2619.4000,2619.6000,2620.0000,2620.2000,2620.4000,1,1,2,1,1,1,1,8,1,1
SF,IH2009,2020-03-27 09:33:13.100,2619.0000,9738,0,197879700.000,0,-,-,-,-,2618.0000,2617.0000,2616.0000,2614.0000,2612.0000,2619.4000,2619.6000,2620.0000,2620.2000,2620.4000,1,2,1,1,1,1,1,8,1,1
SF,IH2009,2020-03-27 09:33:13.600,2619.0000,9738,0,197879700.000,0,-,-,-,-,2617.0000,2616.0000,2614.0000,2612.0000,2610.2000,2619.4000,2619.6000,2620.0000,2620.2000,2620.4000,3,1,1,1,2,1,1,8,1,1
SF,IH2009,2020-03-27 09:33:14.100,2619.0000,9738,0,197879700.000,0,-,-,-,-,2617.0000,2616.0000,2614.0000,2612.0000,2610.2000,2619.0000,2619.2000,2619.4000,2619.6000,2620.0000,3,1,1,1,2,1,2,1,1,8
SF,IH2009,2020-03-27 09:33:14.600,2619.0000,9738,0,197879700.000,0,-,-,-,-,2617.0000,2616.0000,2614.0000,2612.0000,2610.2000,2619.4000,2619.6000,2620.0000,2620.2000,2620.4000,3,1,1,1,2,1,1,7,1,1
SF,IH2009,2020-03-27 09:33:15.100,2619.0000,9738,0,197879700.000,0,-,-,-,-,2617.0000,2616.0000,2614.0000,2612.0000,2610.2000,2619.2000,2619.4000,2619.6000,2620.0000,2620.2000,3,1,1,1,2,1,1,1,7,1
SF,IH2009,2020-03-27 09:33:16.600,2617.0000,9737,-1,198664800.000,1,0,1,双平,S,2617.0000,2616.0000,2614.0000,2612.0000,2610.2000,2619.2000,2619.4000,2619.6000,2620.0000,2620.2000,2,1,1,1,2,1,1,1,7,1
SF,IH2009,2020-03-27 09:33:17.100,2617.0000,9737,0,198664800.000,0,-,-,-,-,2617.0000,2616.8000,2616.0000,2614.0000,2612.0000,2619.2000,2619.4000,2619.6000,2620.0000,2620.2000,2,1,1,1,1,1,1,1,7,1
SF,IH2009,2020-03-27 09:33:18.100,2617.0000,9737,0,198664800.000,0,-,-,-,-,2617.2000,2617.0000,2616.8000,2616.0000,2614.0000,2619.2000,2619.4000,2619.6000,2620.0000,2620.2000,1,2,1,1,1,1,1,1,7,1
SF,IH2009,2020-03-27 09:33:18.600,2617.0000,9737,0,198664800.000,0,-,-,-,-,2617.2000,2617.0000,2616.8000,2616.0000,2614.0000,2619.4000,2619.6000,2620.0000,2620.2000,2620.4000,1,2,1,1,1,1,1,6,1,1
SF,IH2009,2020-03-27 09:33:19.100,2619.4000,9737,0,199450620.000,1,0,1,多换,S,2617.2000,2617.0000,2616.8000,2616.0000,2614.0000,2619.6000,2620.0000,2620.2000,2620.4000,2621.0000,1,2,1,1,1,1,6,1,1,2
SF,IH2009,2020-03-27 09:33:19.600,2619.4000,9737,0,199450620.000,0,-,-,-,-,2619.2000,2617.4000,2617.2000,2617.0000,2616.8000,2619.6000,2620.0000,2620.2000,2620.4000,2621.0000,1,1,1,2,1,1,6,1,1,2
SF,IH2009,2020-03-27 09:33:20.100,2619.2000,9737,0,200236380.000,1,0,1,多换,S,2617.4000,2617.2000,2617.0000,2616.8000,2614.0000,2619.6000,2620.0000,2620.2000,2620.4000,2621.0000,1,1,2,1,1,1,6,1,1,2
SF,IH2009,2020-03-27 09:33:21.100,2617.4000,9737,0,201021600.000,1,0,1,多换,S,2617.2000,2617.0000,2616.8000,2614.0000,2612.0000,2619.6000,2620.0000,2620.2000,2620.4000,2621.0000,1,2,1,1,1,1,6,1,1,2
SF,IH2009,2020-03-27 09:33:22.100,2617.4000,9737,0,201021600.000,0,-,-,-,-,2617.4000,2617.0000,2616.8000,2614.0000,2612.0000,2619.6000,2620.0000,2620.2000,2620.4000,2621.0000,1,2,1,1,1,1,6,1,1,2
SF,IH2009,2020-03-27 09:33:22.600,2617.4000,9737,0,201021600.000,0,-,-,-,-,2617.6000,2617.4000,2617.0000,2616.8000,2616.0000,2619.6000,2620.0000,2620.2000,2620.4000,2621.0000,1,1,2,1,1,1,6,1,1,2
SF,IH2009,2020-03-27 09:33:23.100,2617.4000,9737,0,201021600.000,0,-,-,-,-,2617.4000,2617.0000,2616.8000,2616.0000,2614.0000,2619.4000,2619.6000,2620.0000,2620.2000,2620.4000,1,2,1,1,1,1,1,6,1,1
SF,IH2009,2020-03-27 09:33:23.600,2617.4000,9737,0,201021600.000,0,-,-,-,-,2617.0000,2616.8000,2616.0000,2614.0000,2612.0000,2619.0000,2619.4000,2619.6000,2620.0000,2620.2000,2,1,1,1,1,1,1,1,6,1
SF,IH2009,2020-03-27 09:33:24.100,2617.4000,9737,0,201021600.000,0,-,-,-,-,2617.0000,2616.8000,2616.0000,2614.0000,2612.0000,2619.0000,2619.4000,2619.6000,2620.0000,2620.2000,2,1,1,1,1,1,1,1,6,1
SF,IH2009,2020-03-27 09:33:25.600,2617.4000,9737,0,201021600.000,0,-,-,-,-,2617.0000,2616.8000,2616.0000,2614.0000,2612.0000,2618.8000,2619.0000,2619.4000,2619.6000,2620.0000,2,1,1,1,1,1,1,1,1,6
SF,IH2009,2020-03-27 09:33:26.100,2617.4000,9737,0,201021600.000,0,-,-,-,-,2617.0000,2616.8000,2616.0000,2614.0000,2612.0000,2618.8000,2619.0000,2619.2000,2619.4000,2619.6000,2,1,1,1,1,1,1,1,1,1
SF,IH2009,2020-03-27 09:33:26.600,2617.4000,9737,0,201021600.000,0,-,-,-,-,2617.0000,2616.8000,2616.0000,2614.0000,2612.0000,2619.0000,2619.2000,2619.4000,2619.6000,2620.0000,2,1,1,1,1,1,1,1,1,6
SF,IH2009,2020-03-27 09:33:28.100,2617.0000,9736,-1,201806700.000,1,0,1,双平,S,2616.8000,2616.0000,2614.0000,2612.0000,2610.2000,2619.0000,2619.2000,2619.4000,2619.6000,2620.0000,1,1,1,1,2,1,1,1,1,6
SF,IH2009,2020-03-27 09:33:28.600,2617.0000,9736,0,201806700.000,0,-,-,-,-,2616.8000,2616.0000,2614.0000,2612.0000,2610.2000,2618.8000,2619.0000,2619.2000,2619.4000,2619.6000,1,1,1,1,2,2,1,1,1,1
SF,IH2009,2020-03-27 09:33:29.100,2617.0000,9736,0,201806700.000,0,-,-,-,-,2616.8000,2616.0000,2614.0000,2612.0000,2610.2000,2618.8000,2619.0000,2619.2000,2619.4000,2619.6000,1,1,1,1,2,3,3,1,1,1
SF,IH2009,2020-03-27 09:33:29.600,2617.0000,9736,0,201806700.000,0,-,-,-,-,2616.8000,2616.0000,2614.0000,2612.0000,2610.2000,2618.8000,2619.0000,2619.2000,2619.4000,2619.6000,1,1,1,1,2,3,3,1,1,1
SF,IH2009,2020-03-27 09:33:30.100,2617.0000,9736,0,201806700.000,0,-,-,-,-,2616.8000,2616.0000,2614.0000,2612.0000,2610.2000,2618.8000,2619.0000,2619.2000,2619.4000,2619.6000,1,1,1,1,2,3,2,1,1,1
SF,IH2009,2020-03-27 09:33:30.600,2617.0000,9736,0,201806700.000,0,-,-,-,-,2616.8000,2616.0000,2614.0000,2612.0000,2610.2000,2618.8000,2619.0000,2619.2000,2619.4000,2619.6000,1,1,1,1,2,3,2,1,1,1
SF,IH2009,2020-03-27 09:33:31.100,2616.8000,9735,-1,202591740.000,1,0,1,双平,S,2616.0000,2614.0000,2612.0000,2610.2000,2610.0000,2618.0000,2618.2000,2618.8000,2619.0000,2619.2000,1,1,1,2,4,1,1,3,2,1
SF,IH2009,2020-03-27 09:33:31.600,2616.8000,9735,0,202591740.000,0,-,-,-,-,2616.0000,2614.0000,2612.0000,2610.2000,2610.0000,2616.6000,2617.8000,2618.0000,2618.2000,2618.6000,1,1,1,2,4,7,2,2,1,1
SF,IH2009,2020-03-27 09:33:32.100,2616.0000,9735,0,203376540.000,1,0,1,多换,S,2614.0000,2612.0000,2610.2000,2610.0000,2608.8000,2617.8000,2618.6000,2618.8000,2619.0000,2619.2000,1,1,2,4,1,3,1,2,2,1
SF,IH2009,2020-03-27 09:33:32.600,2616.0000,9735,0,203376540.000,0,-,-,-,-,2614.6000,2614.2000,2614.0000,2612.0000,2610.2000,2617.8000,2618.6000,2618.8000,2619.0000,2619.2000,1,1,1,1,2,3,1,2,2,1
SF,IH2009,2020-03-27 09:33:33.100,2616.0000,9735,0,203376540.000,0,-,-,-,-,2614.8000,2614.0000,2612.0000,2610.2000,2610.0000,2617.8000,2618.0000,2618.6000,2618.8000,2619.0000,1,1,1,2,4,3,1,1,2,2
SF,IH2009,2020-03-27 09:33:33.600,2616.0000,9735,0,203376540.000,0,-,-,-,-,2614.8000,2614.0000,2612.0000,2610.2000,2610.0000,2617.8000,2618.0000,2618.6000,2618.8000,2619.0000,1,1,1,2,4,3,1,1,2,3
SF,IH2009,2020-03-27 09:33:34.100,2616.0000,9735,0,203376540.000,0,-,-,-,-,2614.8000,2614.0000,2612.8000,2612.0000,2610.2000,2617.6000,2617.8000,2618.0000,2618.6000,2618.8000,1,1,2,1,2,1,3,1,1,2
SF,IH2009,2020-03-27 09:33:34.600,2616.0000,9735,0,203376540.000,0,-,-,-,-,2614.8000,2614.0000,2612.8000,2612.0000,2610.2000,2617.4000,2617.6000,2617.8000,2618.0000,2618.6000,1,1,2,1,2,2,1,2,1,1
SF,IH2009,2020-03-27 09:33:36.600,2616.0000,9735,0,203376540.000,0,-,-,-,-,2614.8000,2614.0000,2612.8000,2612.0000,2610.2000,2617.2000,2617.4000,2617.8000,2618.0000,2618.6000,1,1,2,1,2,1,2,2,1,1
SF,IH2009,2020-03-27 09:33:37.100,2616.0000,9735,0,203376540.000,0,-,-,-,-,2614.0000,2612.8000,2612.0000,2610.2000,2610.0000,2614.8000,2617.0000,2617.2000,2617.4000,2617.8000,1,2,1,2,4,1,1,1,2,2
SF,IH2009,2020-03-27 09:33:37.600,2614.8000,9734,-1,204160980.000,1,0,1,双平,S,2614.0000,2612.8000,2612.0000,2610.2000,2610.0000,2617.0000,2617.2000,2617.4000,2617.8000,2618.0000,1,2,1,2,4,2,1,1,2,1
SF,IH2009,2020-03-27 09:33:38.100,2614.8000,9734,0,204160980.000,0,-,-,-,-,2614.2000,2614.0000,2612.8000,2612.0000,2610.2000,2617.0000,2617.2000,2617.4000,2617.8000,2618.0000,1,1,2,1,2,2,1,1,2,1
SF,IH2009,2020-03-27 09:33:39.100,2614.8000,9734,0,204160980.000,0,-,-,-,-,2614.2000,2614.0000,2612.8000,2612.0000,2610.2000,2617.0000,2617.2000,2617.4000,2617.8000,2618.0000,1,1,2,1,2,1,1,1,2,1
SF,IH2009,2020-03-27 09:33:39.600,2614.8000,9734,0,204160980.000,0,-,-,-,-,2614.2000,2614.0000,2612.8000,2612.0000,2610.2000,2617.0000,2617.2000,2617.4000,2617.8000,2618.0000,1,1,2,1,1,1,1,1,2,1
SF,IH2009,2020-03-27 09:33:40.100,2614.8000,9734,0,204160980.000,0,-,-,-,-,2614.4000,2614.0000,2612.8000,2612.0000,2610.2000,2616.8000,2617.0000,2617.2000,2617.4000,2617.8000,1,1,2,1,1,1,1,1,1,2
SF,IH2009,2020-03-27 09:33:40.600,2614.8000,9734,0,204160980.000,0,-,-,-,-,2614.4000,2614.0000,2612.8000,2612.0000,2610.2000,2616.0000,2616.6000,2616.8000,2617.2000,2617.4000,1,1,2,1,1,1,1,2,1,1
SF,IH2009,2020-03-27 09:33:41.100,2614.8000,9734,0,204160980.000,0,-,-,-,-,2614.4000,2614.0000,2612.8000,2612.0000,2610.2000,2615.2000,2615.8000,2616.0000,2616.6000,2616.8000,1,1,2,1,1,1,1,1,1,1
SF,IH2009,2020-03-27 09:33:41.600,2614.4000,9733,-1,205729860.000,2,0,2,多平,S,2614.0000,2612.8000,2612.0000,2610.2000,2610.0000,2615.8000,2616.0000,2616.6000,2616.8000,2617.2000,1,2,1,1,4,2,1,1,1,1
SF,IH2009,2020-03-27 09:33:42.100,2615.8000,9733,0,206514600.000,1,0,1,多换,S,2614.2000,2614.0000,2612.8000,2612.0000,2610.2000,2616.6000,2617.2000,2617.4000,2617.8000,2618.0000,1,1,2,1,1,1,1,1,2,1
SF,IH2009,2020-03-27 09:33:42.600,2615.8000,9733,0,206514600.000,0,-,-,-,-,2614.4000,2614.2000,2614.0000,2612.8000,2612.0000,2616.0000,2616.4000,2616.6000,2617.2000,2617.4000,1,1,1,2,1,1,2,1,1,1
SF,IH2009,2020-03-27 09:33:43.100,2615.8000,9733,0,206514600.000,0,-,-,-,-,2614.6000,2614.4000,2614.0000,2612.8000,2612.0000,2615.8000,2616.0000,2616.4000,2616.6000,2617.2000,1,1,1,2,1,1,1,1,1,1
SF,IH2009,2020-03-27 09:33:43.600,2615.8000,9733,0,206514600.000,0,-,-,-,-,2614.6000,2614.4000,2614.0000,2612.8000,2612.0000,2615.8000,2616.0000,2616.4000,2616.6000,2617.4000,1,1,1,2,1,2,1,1,1,1
SF,IH2009,2020-03-27 09:33:44.100,2615.8000,9733,0,207299340.000,1,0,1,多换,S,2614.6000,2614.4000,2614.0000,2612.8000,2612.0000,2616.0000,2616.4000,2616.6000,2617.4000,2617.8000,1,1,1,2,1,1,1,1,1,2
SF,IH2009,2020-03-27 09:33:44.600,2615.8000,9733,0,207299340.000,0,-,-,-,-,2614.6000,2614.4000,2614.0000,2612.8000,2612.0000,2616.4000,2616.6000,2617.4000,2617.8000,2618.0000,2,1,1,2,1,1,1,1,2,1
SF,IH2009,2020-03-27 09:33:45.100,2615.8000,9733,0,207299340.000,0,-,-,-,-,2614.8000,2614.6000,2614.0000,2612.8000,2612.0000,2616.2000,2616.4000,2616.6000,2617.4000,2617.8000,1,2,1,2,1,1,1,1,1,2
SF,IH2009,2020-03-27 09:33:45.600,2615.8000,9733,0,207299340.000,0,-,-,-,-,2615.0000,2614.8000,2614.6000,2614.0000,2612.8000,2616.2000,2617.4000,2617.8000,2618.0000,2618.6000,1,1,1,1,2,1,1,2,1,1
SF,IH2009,2020-03-27 09:33:46.100,2615.8000,9733,0,207299340.000,0,-,-,-,-,2615.0000,2614.8000,2614.6000,2614.0000,2612.8000,2615.8000,2616.2000,2617.4000,2617.8000,2618.0000,1,1,1,1,2,1,1,1,2,1
SF,IH2009,2020-03-27 09:33:46.600,2615.8000,9733,0,207299340.000,0,-,-,-,-,2614.6000,2614.0000,2612.8000,2612.0000,2610.2000,2615.8000,2616.0000,2616.2000,2617.4000,2617.8000,1,1,2,1,1,1,1,1,1,2
SF,IH2009,2020-03-27 09:33:47.100,2615.8000,9733,0,207299340.000,0,-,-,-,-,2614.6000,2614.0000,2612.8000,2612.0000,2610.2000,2615.6000,2615.8000,2616.0000,2617.4000,2617.8000,1,1,2,1,1,2,1,1,1,2
SF,IH2009,2020-03-27 09:33:47.600,2615.8000,9733,0,207299340.000,0,-,-,-,-,2614.6000,2614.0000,2612.8000,2612.0000,2610.2000,2615.6000,2615.8000,2616.0000,2617.4000,2617.8000,1,1,2,1,1,1,1,1,1,2
SF,IH2009,2020-03-27 09:33:48.100,2615.8000,9732,-1,208868820.000,2,0,2,多平,S,2614.6000,2614.0000,2612.8000,2612.0000,2610.2000,2616.0000,2617.4000,2617.8000,2618.0000,2618.6000,1,1,2,1,1,1,1,2,1,1
SF,IH2009,2020-03-27 09:33:48.600,2615.8000,9732,0,208868820.000,0,-,-,-,-,2614.8000,2614.6000,2614.0000,2612.8000,2612.0000,2615.8000,2617.4000,2617.8000,2618.0000,2618.6000,1,1,1,2,1,1,1,2,1,1
SF,IH2009,2020-03-27 09:33:49.100,2615.8000,9732,0,208868820.000,0,-,-,-,-,2614.8000,2614.6000,2614.0000,2612.8000,2612.0000,2615.8000,2616.0000,2617.4000,2617.8000,2618.0000,1,1,1,2,1,1,1,1,2,1
SF,IH2009,2020-03-27 09:33:49.600,2615.8000,9732,0,209653560.000,1,0,1,多换,S,2614.8000,2614.6000,2614.0000,2613.8000,2612.8000,2617.4000,2617.8000,2618.0000,2618.6000,2618.8000,1,1,1,1,2,1,2,1,1,2
SF,IH2009,2020-03-27 09:33:50.100,2615.8000,9732,0,209653560.000,0,-,-,-,-,2615.0000,2614.8000,2614.6000,2614.0000,2613.8000,2617.2000,2617.4000,2617.8000,2618.0000,2618.6000,1,1,1,1,1,2,1,2,1,1
SF,IH2009,2020-03-27 09:33:50.600,2615.8000,9732,0,209653560.000,0,-,-,-,-,2615.2000,2615.0000,2614.6000,2614.0000,2613.8000,2616.0000,2617.0000,2617.2000,2617.4000,2617.8000,1,1,1,1,1,1,1,2,1,2
SF,IH2009,2020-03-27 09:33:51.100,2615.8000,9732,0,209653560.000,0,-,-,-,-,2615.2000,2614.6000,2614.0000,2613.8000,2612.8000,2617.0000,2617.2000,2617.4000,2617.8000,2618.0000,1,1,1,1,2,1,2,1,2,1
SF,IH2009,2020-03-27 09:33:51.600,2615.8000,9732,0,209653560.000,0,-,-,-,-,2615.4000,2614.6000,2614.0000,2613.8000,2612.8000,2616.8000,2617.0000,2617.2000,2617.4000,2617.8000,1,1,1,1,2,1,1,1,1,2
SF,IH2009,2020-03-27 09:33:52.100,2615.4000,9731,-1,210438180.000,1,0,1,双平,S,2614.6000,2614.0000,2613.8000,2612.8000,2612.0000,2614.8000,2616.6000,2616.8000,2617.0000,2617.2000,1,1,1,2,1,1,1,1,1,1
SF,IH2009,2020-03-27 09:33:52.600,2614.8000,9730,-1,211222620.000,1,0,1,双平,S,2614.6000,2614.0000,2613.8000,2612.8000,2612.0000,2616.0000,2616.6000,2616.8000,2617.0000,2617.2000,1,1,1,2,1,1,1,1,1,1
SF,IH2009,2020-03-27 09:33:53.100,2614.8000,9730,0,211222620.000,0,-,-,-,-,2614.8000,2614.6000,2614.0000,2613.8000,2612.8000,2615.8000,2616.6000,2617.0000,2617.2000,2617.4000,1,1,1,1,2,1,1,1,1,1
SF,IH2009,2020-03-27 09:33:53.600,2614.8000,9730,0,211222620.000,0,-,-,-,-,2614.8000,2614.6000,2614.0000,2613.8000,2612.8000,2615.8000,2616.0000,2616.6000,2617.0000,2617.2000,1,1,1,1,2,2,1,1,1,1
SF,IH2009,2020-03-27 09:33:54.100,2614.8000,9730,0,211222620.000,0,-,-,-,-,2614.8000,2614.6000,2614.0000,2613.8000,2612.8000,2615.8000,2616.6000,2617.0000,2617.2000,2617.4000,1,1,1,1,2,1,1,1,1,1
SF,IH2009,2020-03-27 09:33:54.600,2614.8000,9730,0,211222620.000,0,-,-,-,-,2614.8000,2614.6000,2614.0000,2613.8000,2612.8000,2615.0000,2615.8000,2616.6000,2617.0000,2617.2000,1,1,1,1,2,1,1,1,1,1
SF,IH2009,2020-03-27 09:33:55.100,2614.8000,9730,0,211222620.000,0,-,-,-,-,2614.8000,2614.6000,2614.0000,2613.8000,2612.8000,2615.0000,2615.8000,2616.0000,2616.6000,2617.0000,1,1,1,1,2,1,1,1,1,1
SF,IH2009,2020-03-27 09:33:55.600,2614.6000,9729,-1,212791440.000,2,0,2,多平,S,2614.0000,2613.8000,2612.8000,2612.6000,2612.0000,2614.8000,2615.0000,2615.8000,2616.0000,2616.6000,1,1,2,1,1,1,1,1,1,1
SF,IH2009,2020-03-27 09:33:56.100,2614.6000,9729,0,212791440.000,0,-,-,-,-,2614.0000,2613.8000,2612.8000,2612.6000,2612.0000,2614.8000,2615.0000,2615.8000,2616.0000,2616.6000,1,1,2,1,1,2,1,1,1,1
SF,IH2009,2020-03-27 09:33:56.600,2614.6000,9729,0,212791440.000,0,-,-,-,-,2614.0000,2613.8000,2612.8000,2612.6000,2612.0000,2614.8000,2615.0000,2615.8000,2616.0000,2616.6000,1,1,2,1,1,2,1,1,1,1
SF,IH2009,2020-03-27 09:33:57.100,2614.8000,9727,-2,214360320.000,2,0,2,双平,S,2614.0000,2613.8000,2612.8000,2612.6000,2612.0000,2615.0000,2615.8000,2616.0000,2616.6000,2617.0000,1,1,2,1,1,1,1,1,1,1
SF,IH2009,2020-03-27 09:33:57.600,2615.0000,9726,-1,215144820.000,1,0,1,双平,S,2614.2000,2614.0000,2613.8000,2612.8000,2612.6000,2615.8000,2616.0000,2616.6000,2617.0000,2617.2000,1,1,1,2,1,1,1,1,1,1
SF,IH2009,2020-03-27 09:33:58.100,2615.0000,9726,0,215144820.000,0,-,-,-,-,2614.8000,2614.2000,2614.0000,2613.8000,2612.8000,2615.8000,2616.6000,2617.0000,2617.2000,2617.4000,1,1,1,1,2,1,1,1,1,1
SF,IH2009,2020-03-27 09:33:58.600,2615.0000,9726,0,215144820.000,0,-,-,-,-,2614.8000,2614.2000,2614.0000,2613.8000,2612.8000,2615.6000,2615.8000,2616.0000,2616.6000,2617.0000,1,1,1,1,2,1,1,1,1,1
SF,IH2009,2020-03-27 09:33:59.100,2614.8000,9726,0,215929260.000,1,0,1,多换,S,2614.2000,2614.0000,2613.8000,2612.8000,2612.6000,2615.8000,2616.0000,2616.6000,2617.0000,2617.2000,1,1,1,2,1,1,1,1,1,1
SF,IH2009,2020-03-27 09:34:00.600,2614.8000,9726,0,215929260.000,0,-,-,-,-,2614.2000,2614.0000,2613.8000,2612.8000,2612.6000,2615.6000,2615.8000,2616.0000,2616.6000,2617.0000,1,1,1,2,1,1,1,1,1,1
SF,IH2009,2020-03-27 09:34:01.100,2614.8000,9726,0,215929260.000,0,-,-,-,-,2614.2000,2614.0000,2613.8000,2612.8000,2612.6000,2615.4000,2615.6000,2616.0000,2616.6000,2617.0000,1,1,1,2,1,1,1,1,1,1
SF,IH2009,2020-03-27 09:34:01.600,2614.8000,9726,0,215929260.000,0,-,-,-,-,2614.2000,2614.0000,2613.8000,2612.8000,2612.6000,2615.4000,2615.6000,2616.0000,2616.6000,2617.0000,1,1,1,2,1,1,1,1,1,1
SF,IH2009,2020-03-27 09:34:02.100,2614.8000,9726,0,215929260.000,0,-,-,-,-,2614.0000,2613.8000,2612.8000,2612.6000,2612.0000,2615.2000,2615.4000,2615.6000,2616.0000,2616.6000,1,1,2,1,1,1,1,1,1,1
SF,IH2009,2020-03-27 09:34:02.600,2614.8000,9726,0,215929260.000,0,-,-,-,-,2614.0000,2613.8000,2612.8000,2612.6000,2612.0000,2615.4000,2615.6000,2616.0000,2616.6000,2617.0000,1,1,2,1,1,1,1,1,1,1
SF,IH2009,2020-03-27 09:34:03.100,2614.8000,9726,0,215929260.000,0,-,-,-,-,2614.2000,2614.0000,2613.8000,2612.8000,2612.6000,2615.4000,2615.6000,2616.0000,2616.6000,2617.0000,1,1,1,2,1,1,1,1,1,1
SF,IH2009,2020-03-27 09:34:03.600,2614.8000,9726,0,215929260.000,0,-,-,-,-,2614.0000,2613.8000,2612.8000,2612.6000,2612.0000,2615.2000,2615.4000,2615.6000,2616.0000,2616.6000,1,1,2,1,1,1,1,1,1,1
SF,IH2009,2020-03-27 09:34:04.100,2614.8000,9726,0,215929260.000,0,-,-,-,-,2614.0000,2613.8000,2612.8000,2612.6000,2612.0000,2615.0000,2615.2000,2615.6000,2616.0000,2616.6000,1,1,2,1,1,1,1,1,1,1
SF,IH2009,2020-03-27 09:34:04.600,2614.8000,9726,0,215929260.000,0,-,-,-,-,2614.0000,2613.8000,2612.8000,2612.6000,2612.0000,2614.8000,2615.0000,2615.2000,2615.6000,2616.0000,1,1,2,1,1,1,1,1,1,1
SF,IH2009,2020-03-27 09:34:05.100,2614.8000,9726,0,215929260.000,0,-,-,-,-,2614.0000,2613.8000,2612.8000,2612.6000,2612.0000,2614.8000,2615.0000,2615.2000,2615.6000,2616.0000,1,1,2,1,1,1,1,1,1,1
SF,IH2009,2020-03-27 09:34:05.600,2614.0000,9726,0,216713460.000,1,0,1,多换,S,2614.6000,2612.6000,2612.0000,2610.2000,2610.0000,2614.8000,2615.0000,2615.2000,2615.6000,2616.0000,1,1,1,1,4,1,1,1,1,1
SF,IH2009,2020-03-27 09:34:06.100,2614.6000,9725,-1,218282220.000,2,0,2,多平,S,2612.6000,2612.0000,2610.2000,2610.0000,2608.8000,2614.4000,2614.8000,2615.0000,2615.2000,2615.6000,1,1,1,4,1,7,1,1,1,1
SF,IH2009,2020-03-27 09:34:06.600,2614.6000,9725,0,218282220.000,0,-,-,-,-,2612.8000,2612.6000,2612.0000,2610.2000,2610.0000,2614.2000,2614.8000,2615.0000,2615.2000,2615.6000,1,1,1,1,4,1,1,1,1,1
SF,IH2009,2020-03-27 09:34:07.100,2614.6000,9725,0,218282220.000,0,-,-,-,-,2612.8000,2612.6000,2612.0000,2610.4000,2610.2000,2614.2000,2614.8000,2615.0000,2615.2000,2615.6000,1,1,1,1,1,1,1,1,1,1
SF,IH2009,2020-03-27 09:34:07.600,2614.6000,9725,0,218282220.000,0,-,-,-,-,2612.8000,2612.6000,2612.0000,2610.4000,2610.2000,2614.2000,2615.0000,2615.2000,2615.6000,2616.0000,1,1,1,1,1,1,1,1,1,1
SF,IH2009,2020-03-27 09:34:08.600,2614.6000,9725,0,218282220.000,0,-,-,-,-,2612.8000,2612.6000,2612.0000,2610.4000,2610.2000,2614.2000,2615.0000,2615.2000,2615.6000,2616.0000,1,1,1,1,1,1,1,1,1,1
SF,IH2009,2020-03-27 09:34:09.100,2614.6000,9725,0,218282220.000,0,-,-,-,-,2612.8000,2612.6000,2612.4000,2612.0000,2610.4000,2614.0000,2614.2000,2615.2000,2615.6000,2616.0000,1,1,1,1,1,1,1,1,1,1
SF,IH2009,2020-03-27 09:34:09.600,2614.6000,9725,0,218282220.000,0,-,-,-,-,2612.8000,2612.6000,2612.4000,2612.0000,2610.4000,2614.2000,2615.2000,2615.6000,2616.0000,2616.6000,2,1,1,1,1,1,1,1,1,1
SF,IH2009,2020-03-27 09:34:10.100,2614.6000,9725,0,218282220.000,0,-,-,-,-,2612.8000,2612.6000,2612.4000,2612.0000,2610.4000,2614.2000,2615.2000,2615.6000,2616.0000,2616.6000,3,1,1,1,1,1,1,1,1,1
SF,IH2009,2020-03-27 09:34:10.600,2612.8000,9725,0,219066060.000,1,0,1,多换,S,2612.8000,2612.6000,2612.4000,2612.0000,2610.4000,2614.0000,2614.2000,2615.2000,2615.6000,2616.0000,2,1,1,1,1,1,1,1,1,1
SF,IH2009,2020-03-27 09:34:11.100,2612.8000,9725,0,219066060.000,0,-,-,-,-,2612.8000,2612.6000,2612.4000,2612.0000,2610.4000,2614.0000,2614.2000,2615.2000,2615.6000,2616.0000,2,1,1,1,1,1,1,1,1,1
SF,IH2009,2020-03-27 09:34:11.600,2612.8000,9725,0,219066060.000,0,-,-,-,-,2613.0000,2612.8000,2612.6000,2612.4000,2612.0000,2614.0000,2614.2000,2615.2000,2615.6000,2616.0000,1,2,1,1,1,1,1,1,1,1
SF,IH2009,2020-03-27 09:34:12.100,2614.2000,9724,-1,219850320.000,1,0,1,双平,S,2613.0000,2612.8000,2612.6000,2612.4000,2612.0000,2614.0000,2615.2000,2615.6000,2616.0000,2616.6000,1,2,1,1,1,1,1,1,1,1
SF,IH2009,2020-03-27 09:34:12.600,2614.0000,9724,0,220634520.000,1,0,1,多换,S,2613.0000,2612.8000,2612.6000,2612.4000,2612.0000,2615.2000,2615.6000,2616.0000,2616.6000,2617.0000,1,2,1,1,1,1,1,1,1,1
SF,IH2009,2020-03-27 09:34:13.100,2615.0000,9724,0,221419020.000,1,0,1,多换,S,2613.6000,2613.2000,2613.0000,2612.8000,2612.6000,2615.6000,2616.0000,2616.6000,2617.0000,2617.2000,1,1,1,2,1,1,1,1,1,1
SF,IH2009,2020-03-27 09:34:13.600,2615.0000,9724,0,221419020.000,0,-,-,-,-,2613.8000,2613.6000,2612.8000,2612.6000,2612.4000,2615.4000,2616.0000,2616.6000,2617.0000,2617.2000,2,1,2,1,1,1,1,1,1,1
SF,IH2009,2020-03-27 09:34:14.100,2615.0000,9724,0,221419020.000,0,-,-,-,-,2613.8000,2613.6000,2612.8000,2612.6000,2612.4000,2615.4000,2616.0000,2616.6000,2617.0000,2617.2000,3,1,2,1,1,2,1,1,1,1
SF,IH2009,2020-03-27 09:34:14.600,2615.0000,9724,0,221419020.000,0,-,-,-,-,2613.8000,2613.6000,2612.8000,2612.6000,2612.4000,2615.4000,2616.0000,2616.6000,2617.0000,2617.2000,2,1,2,1,1,1,1,1,1,1
SF,IH2009,2020-03-27 09:34:15.100,2615.0000,9724,0,221419020.000,0,-,-,-,-,2613.8000,2613.6000,2612.8000,2612.6000,2612.4000,2615.4000,2616.0000,2616.6000,2617.0000,2617.2000,2,1,2,1,1,1,1,1,1,1
SF,IH2009,2020-03-27 09:34:15.600,2615.0000,9724,0,221419020.000,0,-,-,-,-,2613.8000,2613.6000,2612.8000,2612.6000,2612.4000,2615.2000,2615.4000,2616.0000,2616.6000,2617.0000,2,1,2,1,1,1,1,1,1,1
SF,IH2009,2020-03-27 09:34:16.100,2615.0000,9724,0,221419020.000,0,-,-,-,-,2613.8000,2613.6000,2612.8000,2612.6000,2612.4000,2615.0000,2616.0000,2616.6000,2617.0000,2617.2000,2,1,2,1,1,1,1,1,1,1
SF,IH2009,2020-03-27 09:34:16.600,2613.8000,9724,0,222203160.000,1,0,1,多换,S,2613.6000,2612.8000,2612.6000,2612.4000,2612.0000,2613.8000,2615.0000,2616.0000,2616.6000,2617.0000,1,2,1,1,1,1,2,1,1,1
SF,IH2009,2020-03-27 09:34:17.100,2613.8000,9723,-1,222987300.000,1,0,1,双平,S,2613.6000,2612.8000,2612.6000,2612.4000,2612.2000,2615.0000,2616.0000,2616.6000,2617.0000,2617.2000,1,2,1,1,1,2,1,1,1,1
SF,IH2009,2020-03-27 09:34:17.600,2613.8000,9723,0,222987300.000,0,-,-,-,-,2613.8000,2613.6000,2612.8000,2612.6000,2612.4000,2615.0000,2616.0000,2616.6000,2617.0000,2617.2000,1,1,2,1,1,1,1,1,1,1
SF,IH2009,2020-03-27 09:34:18.100,2613.8000,9723,0,222987300.000,0,-,-,-,-,2613.8000,2613.6000,2612.8000,2612.6000,2612.4000,2615.0000,2616.0000,2616.6000,2617.0000,2617.2000,1,1,2,1,1,2,1,1,1,1
SF,IH2009,2020-03-27 09:34:18.600,2613.8000,9723,0,223771440.000,1,0,1,多换,S,2613.6000,2612.8000,2612.6000,2612.4000,2612.2000,2613.8000,2615.0000,2616.0000,2616.6000,2617.0000,1,2,1,1,1,1,2,1,1,1
SF,IH2009,2020-03-27 09:34:20.100,2613.8000,9722,-1,224555580.000,1,0,1,双平,S,2613.6000,2612.8000,2612.6000,2612.4000,2612.2000,2615.0000,2616.0000,2616.6000,2617.0000,2617.2000,1,2,1,1,1,2,1,1,1,1
SF,IH2009,2020-03-27 09:34:20.600,2613.8000,9722,0,224555580.000,0,-,-,-,-,2613.8000,2613.6000,2612.8000,2612.6000,2612.4000,2615.0000,2616.0000,2616.6000,2617.0000,2617.2000,1,1,2,1,1,2,1,1,1,1
SF,IH2009,2020-03-27 09:34:21.600,2613.8000,9722,0,224555580.000,0,-,-,-,-,2613.8000,2613.6000,2612.8000,2612.6000,2612.4000,2615.0000,2616.0000,2616.6000,2617.0000,2617.2000,1,1,2,1,1,3,1,1,1,1
SF,IH2009,2020-03-27 09:34:23.100,2613.8000,9722,0,224555580.000,0,-,-,-,-,2613.8000,2613.6000,2612.8000,2612.6000,2612.4000,2615.0000,2616.0000,2616.6000,2617.0000,2617.2000,1,1,2,1,1,4,1,1,1,1
SF,IH2009,2020-03-27 09:34:25.100,2613.8000,9722,0,225339720.000,1,0,1,多换,S,2613.6000,2612.8000,2612.6000,2612.4000,2612.2000,2615.0000,2616.0000,2616.6000,2617.0000,2617.2000,1,2,1,1,1,4,1,1,1,1
SF,IH2009,2020-03-27 09:34:25.600,2613.8000,9722,0,225339720.000,0,-,-,-,-,2614.0000,2613.8000,2613.6000,2612.8000,2612.6000,2615.0000,2616.0000,2616.6000,2617.0000,2617.2000,1,1,1,2,1,3,1,1,1,1
SF,IH2009,2020-03-27 09:34:26.100,2613.8000,9722,0,225339720.000,0,-,-,-,-,2614.0000,2613.8000,2613.6000,2612.8000,2612.6000,2615.0000,2616.0000,2616.6000,2617.0000,2617.2000,1,1,1,2,1,3,1,1,1,1
SF,IH2009,2020-03-27 09:34:26.600,2613.8000,9722,0,225339720.000,0,-,-,-,-,2614.2000,2614.0000,2613.6000,2613.2000,2612.8000,2615.0000,2616.6000,2617.0000,2617.2000,2618.0000,1,1,1,1,2,3,1,1,1,1
SF,IH2009,2020-03-27 09:34:28.100,2613.8000,9722,0,225339720.000,0,-,-,-,-,2614.4000,2614.2000,2613.6000,2613.2000,2612.8000,2615.0000,2616.6000,2617.0000,2617.2000,2618.0000,1,1,1,1,2,3,1,1,1,1
SF,IH2009,2020-03-27 09:34:31.100,2615.0000,9721,-1,227693220.000,3,1,2,多平,S,2614.4000,2614.2000,2613.6000,2613.2000,2612.8000,2616.6000,2617.0000,2617.2000,2618.0000,2618.6000,1,1,1,1,2,1,1,1,1,1
SF,IH2009,2020-03-27 09:34:31.600,2615.0000,9721,0,227693220.000,0,-,-,-,-,2614.6000,2614.4000,2613.6000,2613.2000,2612.8000,2616.4000,2617.0000,2617.2000,2618.0000,2618.6000,2,1,1,1,2,1,1,1,1,1
SF,IH2009,2020-03-27 09:34:33.100,2615.0000,9721,0,227693220.000,0,-,-,-,-,2614.6000,2614.4000,2613.6000,2613.2000,2612.8000,2616.4000,2617.0000,2617.2000,2618.0000,2618.6000,2,1,1,1,2,1,1,1,1,1
SF,IH2009,2020-03-27 09:34:34.100,2615.0000,9721,0,227693220.000,0,-,-,-,-,2614.6000,2614.4000,2613.6000,2613.2000,2612.8000,2616.4000,2617.0000,2617.2000,2618.0000,2618.6000,2,1,1,1,2,1,1,1,1,1
SF,IH2009,2020-03-27 09:34:34.600,2615.0000,9721,0,227693220.000,0,-,-,-,-,2614.6000,2614.4000,2613.6000,2613.2000,2612.8000,2616.4000,2617.0000,2617.2000,2618.0000,2618.6000,2,1,1,1,2,1,1,1,1,1
SF,IH2009,2020-03-27 09:34:35.100,2615.0000,9721,0,227693220.000,0,-,-,-,-,2614.6000,2613.6000,2613.2000,2612.8000,2612.6000,2616.4000,2617.0000,2617.2000,2618.0000,2618.6000,2,1,1,2,1,1,1,1,1,1
SF,IH2009,2020-03-27 09:34:36.100,2615.0000,9721,0,227693220.000,0,-,-,-,-,2614.8000,2614.6000,2613.6000,2613.2000,2612.8000,2616.4000,2617.0000,2617.2000,2618.0000,2618.6000,1,2,1,1,2,1,1,1,1,1
SF,IH2009,2020-03-27 09:34:36.600,2615.0000,9721,0,227693220.000,0,-,-,-,-,2615.0000,2614.8000,2614.6000,2614.4000,2613.6000,2616.4000,2617.2000,2618.0000,2618.6000,2618.8000,1,1,1,1,1,1,1,1,1,1
SF,IH2009,2020-03-27 09:34:37.100,2615.0000,9721,0,227693220.000,0,-,-,-,-,2615.0000,2614.8000,2614.6000,2613.6000,2613.2000,2616.4000,2617.2000,2618.0000,2618.6000,2618.8000,1,1,1,1,1,1,1,1,1,1
SF,IH2009,2020-03-27 09:34:39.100,2615.0000,9721,0,227693220.000,0,-,-,-,-,2615.0000,2614.8000,2614.6000,2613.6000,2613.2000,2616.4000,2617.2000,2618.0000,2618.6000,2619.0000,1,1,1,1,1,1,1,1,1,1
SF,IH2009,2020-03-27 09:34:39.600,2615.0000,9721,0,228477720.000,1,0,1,多换,S,2614.8000,2614.6000,2613.6000,2613.2000,2612.8000,2617.2000,2619.0000,2619.6000,2620.0000,2620.2000,1,1,1,1,2,1,1,1,7,1
SF,IH2009,2020-03-27 09:34:40.100,2615.0000,9721,0,228477720.000,0,-,-,-,-,2615.0000,2613.6000,2613.2000,2612.8000,2612.6000,2617.0000,2619.0000,2619.6000,2620.0000,2620.2000,2,1,1,2,1,2,1,1,7,1
SF,IH2009,2020-03-27 09:34:40.600,2615.0000,9721,0,228477720.000,0,-,-,-,-,2615.0000,2613.6000,2613.2000,2612.8000,2612.6000,2617.0000,2619.0000,2619.6000,2620.0000,2620.2000,2,1,1,2,1,1,1,1,6,1
SF,IH2009,2020-03-27 09:34:41.600,2615.0000,9721,0,228477720.000,0,-,-,-,-,2615.4000,2615.0000,2613.6000,2613.2000,2612.8000,2617.0000,2619.0000,2619.6000,2620.0000,2620.2000,1,2,1,1,2,1,1,1,6,1
SF,IH2009,2020-03-27 09:34:42.100,2615.0000,9721,0,228477720.000,0,-,-,-,-,2615.6000,2615.4000,2615.0000,2613.6000,2613.2000,2616.4000,2617.0000,2619.0000,2619.6000,2620.0000,1,1,1,1,1,1,1,1,1,6
SF,IH2009,2020-03-27 09:34:42.600,2615.0000,9721,0,228477720.000,0,-,-,-,-,2615.6000,2615.4000,2615.0000,2613.6000,2613.2000,2616.4000,2617.0000,2619.0000,2619.6000,2620.0000,1,1,1,1,1,1,1,1,1,6
SF,IH2009,2020-03-27 09:34:43.100,2615.0000,9721,0,228477720.000,0,-,-,-,-,2615.6000,2615.0000,2613.6000,2613.2000,2612.8000,2616.4000,2617.0000,2619.0000,2619.6000,2620.0000,1,1,1,1,2,1,1,1,1,6
SF,IH2009,2020-03-27 09:34:44.100,2615.0000,9721,0,229262220.000,1,0,1,多换,S,2615.0000,2613.6000,2613.2000,2612.8000,2612.6000,2615.6000,2616.4000,2617.0000,2619.0000,2619.6000,1,1,1,2,1,1,1,1,1,1
SF,IH2009,2020-03-27 09:34:44.600,2615.6000,9720,-1,230046900.000,1,0,1,双平,S,2615.2000,2613.6000,2613.2000,2612.8000,2612.6000,2616.4000,2617.0000,2617.2000,2619.0000,2619.6000,1,1,1,2,1,1,1,1,1,1
SF,IH2009,2020-03-27 09:34:46.600,2615.6000,9720,0,230046900.000,0,-,-,-,-,2615.2000,2613.2000,2612.8000,2612.6000,2612.4000,2616.4000,2617.0000,2617.2000,2619.0000,2619.6000,1,1,2,1,1,1,1,1,1,1
SF,IH2009,2020-03-27 09:34:47.100,2615.6000,9720,0,230046900.000,0,-,-,-,-,2615.2000,2613.2000,2612.8000,2612.6000,2612.4000,2616.4000,2617.0000,2617.2000,2619.0000,2619.6000,1,1,2,1,1,1,1,1,1,1
SF,IH2009,2020-03-27 09:34:47.600,2616.4000,9720,0,230831820.000,1,0,1,多换,S,2615.4000,2615.2000,2613.2000,2612.8000,2612.6000,2617.2000,2619.0000,2619.6000,2620.0000,2620.2000,1,1,1,2,1,1,1,1,6,1
SF,IH2009,2020-03-27 09:34:48.100,2616.4000,9720,0,230831820.000,0,-,-,-,-,2615.6000,2615.4000,2613.2000,2612.8000,2612.6000,2617.2000,2619.0000,2619.6000,2620.0000,2620.2000,2,1,1,2,1,1,1,1,6,1
SF,IH2009,2020-03-27 09:34:48.600,2616.4000,9720,0,230831820.000,0,-,-,-,-,2615.6000,2615.4000,2613.2000,2612.8000,2612.6000,2617.2000,2618.0000,2619.0000,2619.6000,2620.0000,2,1,1,2,1,1,1,1,1,6
SF,IH2009,2020-03-27 09:34:49.100,2616.4000,9720,0,230831820.000,0,-,-,-,-,2616.0000,2615.6000,2615.4000,2613.2000,2612.8000,2617.2000,2618.0000,2619.0000,2619.6000,2620.0000,1,2,1,1,2,1,1,1,1,6
SF,IH2009,2020-03-27 09:34:49.600,2616.4000,9720,0,230831820.000,0,-,-,-,-,2616.2000,2616.0000,2615.6000,2615.4000,2613.2000,2617.2000,2618.0000,2619.0000,2619.6000,2620.0000,1,1,1,1,1,1,1,1,1,6
SF,IH2009,2020-03-27 09:34:50.100,2616.2000,9720,0,231616680.000,1,0,1,多换,S,2616.0000,2615.6000,2615.4000,2613.2000,2612.8000,2617.2000,2618.0000,2619.0000,2619.6000,2620.0000,1,1,1,1,2,1,1,1,1,6
SF,IH2009,2020-03-27 09:34:50.600,2616.0000,9719,-1,232401480.000,1,0,1,双平,S,2615.4000,2613.2000,2612.8000,2612.6000,2612.4000,2617.0000,2617.2000,2618.0000,2619.0000,2619.6000,1,1,2,1,1,1,1,1,1,1
SF,IH2009,2020-03-27 09:34:51.100,2616.0000,9719,0,232401480.000,0,-,-,-,-,2615.4000,2613.2000,2612.8000,2612.6000,2612.4000,2617.0000,2617.2000,2618.0000,2619.0000,2619.6000,1,1,2,1,1,2,1,1,1,1
SF,IH2009,2020-03-27 09:34:51.600,2615.4000,9718,-1,233186100.000,1,0,1,双平,S,2613.2000,2612.8000,2612.6000,2612.4000,2612.0000,2617.0000,2617.2000,2618.0000,2619.0000,2619.6000,1,2,1,1,1,4,1,1,1,1
SF,IH2009,2020-03-27 09:34:52.100,2615.4000,9718,0,233186100.000,0,-,-,-,-,2613.8000,2613.4000,2613.2000,2613.0000,2612.8000,2617.0000,2617.2000,2618.0000,2619.0000,2619.6000,1,1,4,1,2,4,1,1,1,1
SF,IH2009,2020-03-27 09:34:52.600,2615.4000,9718,0,233186100.000,0,-,-,-,-,2614.4000,2614.0000,2613.8000,2613.6000,2613.2000,2615.4000,2617.0000,2617.2000,2618.0000,2619.0000,1,2,1,7,4,1,4,1,1,1
SF,IH2009,2020-03-27 09:34:53.100,2615.4000,9717,-1,233970720.000,1,0,1,双平,S,2614.6000,2614.4000,2614.0000,2613.8000,2613.6000,2617.0000,2617.2000,2618.0000,2619.0000,2619.6000,2,2,1,1,6,4,1,1,1,1
SF,IH2009,2020-03-27 09:34:53.600,2615.4000,9717,0,233970720.000,0,-,-,-,-,2614.6000,2614.0000,2613.8000,2613.6000,2613.2000,2617.0000,2617.2000,2618.0000,2619.0000,2619.6000,1,1,1,6,4,4,1,1,1,1
SF,IH2009,2020-03-27 09:34:54.100,2615.4000,9717,0,233970720.000,0,-,-,-,-,2614.6000,2614.4000,2614.0000,2613.8000,2613.6000,2617.0000,2617.2000,2618.0000,2619.0000,2619.6000,1,1,1,1,6,4,1,1,1,1
SF,IH2009,2020-03-27 09:34:55.100,2615.4000,9717,0,233970720.000,0,-,-,-,-,2614.8000,2614.6000,2614.4000,2614.0000,2613.8000,2617.0000,2617.2000,2618.0000,2619.0000,2619.6000,1,1,1,1,1,4,1,1,1,1
SF,IH2009,2020-03-27 09:34:55.600,2615.4000,9717,0,233970720.000,0,-,-,-,-,2615.0000,2614.8000,2614.4000,2614.0000,2613.8000,2617.0000,2617.2000,2618.0000,2619.0000,2619.6000,1,1,1,1,1,4,1,1,1,1
SF,IH2009,2020-03-27 09:34:56.100,2615.4000,9717,0,233970720.000,0,-,-,-,-,2614.8000,2614.4000,2614.0000,2613.8000,2613.6000,2617.0000,2617.2000,2618.0000,2619.0000,2619.6000,1,1,1,1,6,4,1,1,1,1
SF,IH2009,2020-03-27 09:34:56.600,2615.4000,9717,0,233970720.000,0,-,-,-,-,2614.8000,2614.4000,2614.0000,2613.8000,2613.2000,2617.0000,2617.2000,2618.0000,2619.0000,2619.6000,1,1,1,1,4,4,1,1,1,1
SF,IH2009,2020-03-27 09:34:57.100,2615.4000,9717,0,233970720.000,0,-,-,-,-,2614.8000,2614.4000,2614.0000,2613.8000,2613.2000,2617.0000,2617.2000,2618.0000,2619.0000,2619.6000,1,1,1,1,4,5,1,1,1,1
SF,IH2009,2020-03-27 09:34:57.600,2615.4000,9717,0,233970720.000,0,-,-,-,-,2615.0000,2614.8000,2614.4000,2614.0000,2613.8000,2617.0000,2617.2000,2618.0000,2619.0000,2619.6000,1,1,1,1,1,5,1,1,1,1
SF,IH2009,2020-03-27 09:34:59.100,2615.4000,9717,0,233970720.000,0,-,-,-,-,2615.6000,2615.2000,2615.0000,2614.8000,2614.4000,2617.0000,2617.2000,2618.0000,2619.0000,2619.6000,1,1,2,1,1,5,1,1,1,1
SF,IH2009,2020-03-27 09:34:59.600,2615.4000,9717,0,233970720.000,0,-,-,-,-,2615.6000,2615.2000,2615.0000,2614.4000,2614.0000,2617.0000,2617.2000,2618.0000,2619.0000,2619.6000,2,2,2,1,1,5,1,1,1,1
SF,IH2009,2020-03-27 09:35:00.600,2615.4000,9717,0,233970720.000,0,-,-,-,-,2615.6000,2615.2000,2615.0000,2614.4000,2614.0000,2617.0000,2617.2000,2618.0000,2619.0000,2619.6000,2,1,2,1,1,5,1,1,1,1
SF,IH2009,2020-03-27 09:35:01.100,2615.4000,9717,0,233970720.000,0,-,-,-,-,2615.6000,2615.2000,2615.0000,2614.4000,2614.0000,2617.0000,2617.2000,2618.0000,2619.0000,2619.6000,1,1,1,1,1,5,2,1,1,1
SF,IH2009,2020-03-27 09:35:03.100,2615.4000,9717,0,233970720.000,0,-,-,-,-,2615.6000,2615.2000,2615.0000,2614.4000,2614.0000,2617.0000,2617.2000,2618.0000,2619.0000,2619.6000,1,1,1,1,1,5,1,1,1,1
SF,IH2009,2020-03-27 09:35:04.600,2615.4000,9717,0,233970720.000,0,-,-,-,-,2615.8000,2615.6000,2615.2000,2615.0000,2614.4000,2617.0000,2617.2000,2618.0000,2619.0000,2619.6000,2,1,1,1,1,5,1,1,1,1
