市场代码,合约代码,时间,最新,持仓,增仓,成交额,成交量,开仓,平仓,成交类型,方向,买一价,买二价,买三价,买四价,买五价,卖一价,卖二价,卖三价,卖四价,卖五价,买一量,买二量,买三量,买四量,买五量,卖一量,卖二量,卖三量,卖四量,卖五量
SF,IH2012,2020-09-08 09:29:00.100,3229.6000,24267,0,10657680.000,11.000,-,-,-,-,3228.4000,3225.8000,3225.6000,3225.0000,3222.4000,3229.6000,3230.0000,3232.0000,3233.0000,3234.2000,1,5,5,1,5,4,1,1,2,4
SF,IH2012,2020-09-08 09:30:00.100,3227.2000,24267,0,17434080.000,7,3,4,多换,S,3225.8000,3225.6000,3225.0000,3222.4000,3222.2000,3227.4000,3228.0000,3228.4000,3229.0000,3229.2000,3,5,1,5,5,2,7,10,2,4
SF,IH2012,2020-09-08 09:30:00.600,3227.2000,24249,-18,37760460.000,21,1,20,多平,S,3225.6000,3225.0000,3220.0000,3218.2000,3218.0000,3227.2000,3227.6000,3228.0000,3228.4000,3229.0000,2,1,2,1,1,1,1,9,12,3
SF,IH2012,2020-09-08 09:30:01.100,3225.6000,24244,-5,42598740.000,5,0,5,双平,S,3220.0000,3218.0000,3212.6000,3212.0000,3211.0000,3225.6000,3225.8000,3226.0000,3226.6000,3227.2000,2,1,1,1,3,1,1,1,1,2
SF,IH2012,2020-09-08 09:30:01.600,3225.0000,24243,-1,43566240.000,1,0,1,双平,S,3224.8000,3224.4000,3223.4000,3223.2000,3223.0000,3225.4000,3225.6000,3227.0000,3227.2000,3228.0000,1,1,1,2,2,1,1,1,2,1
SF,IH2012,2020-09-08 09:30:02.100,3225.6000,24241,-2,45501600.000,2,0,2,双平,S,3223.2000,3223.0000,3220.6000,3220.4000,3220.2000,3227.0000,3227.2000,3228.0000,3228.2000,3228.4000,2,2,3,6,4,1,1,1,1,12
SF,IH2012,2020-09-08 09:30:02.600,3225.6000,24241,0,45501600.000,0,-,-,-,-,3224.8000,3223.6000,3223.4000,3223.2000,3223.0000,3226.8000,3227.2000,3228.0000,3228.2000,3228.4000,1,5,4,2,2,1,1,1,1,11
SF,IH2012,2020-09-08 09:30:03.100,3223.6000,24236,-5,50338080.000,5,0,5,双平,S,3223.6000,3220.6000,3220.4000,3220.2000,3220.0000,3226.2000,3226.6000,3228.0000,3228.2000,3228.4000,3,3,1,1,3,1,1,1,1,11
SF,IH2012,2020-09-08 09:30:03.600,3223.6000,24236,0,50338080.000,0,-,-,-,-,3223.6000,3220.6000,3220.4000,3220.2000,3220.0000,3225.4000,3225.8000,3226.0000,3226.2000,3226.6000,3,3,1,1,3,1,1,2,1,1
SF,IH2012,2020-09-08 09:30:04.100,3223.6000,24236,0,50338080.000,0,-,-,-,-,3223.6000,3220.6000,3220.4000,3220.2000,3220.0000,3225.2000,3225.8000,3226.2000,3228.0000,3228.2000,3,3,1,1,3,1,1,1,1,1
SF,IH2012,2020-09-08 09:30:04.600,3223.6000,24236,0,50338080.000,0,-,-,-,-,3220.6000,3220.4000,3220.2000,3220.0000,3218.0000,3224.6000,3225.2000,3225.8000,3228.0000,3228.2000,3,1,1,3,1,1,1,1,1,1
SF,IH2012,2020-09-08 09:30:05.100,3223.6000,24236,0,50338080.000,0,-,-,-,-,3223.8000,3223.6000,3223.2000,3223.0000,3222.8000,3224.2000,3224.4000,3224.6000,3224.8000,3228.0000,1,1,2,2,1,1,1,1,1,1
SF,IH2012,2020-09-08 09:30:05.600,3224.2000,24235,-1,51305340.000,1,0,1,双平,S,3224.2000,3224.0000,3223.8000,3223.2000,3223.0000,3224.6000,3224.8000,3228.0000,3228.2000,3228.4000,1,1,1,2,2,1,1,1,1,10
SF,IH2012,2020-09-08 09:30:06.100,3224.8000,24235,0,53240220.000,2,1,1,多换,S,3224.8000,3224.6000,3224.4000,3224.2000,3224.0000,3228.0000,3228.2000,3228.4000,3229.0000,3229.2000,1,1,3,1,5,1,1,10,3,1
SF,IH2012,2020-09-08 09:30:06.600,3227.4000,24234,-1,55175880.000,2,0,2,多平,S,3224.8000,3224.6000,3224.4000,3224.2000,3224.0000,3227.6000,3227.8000,3228.0000,3228.2000,3228.4000,1,1,2,1,5,1,3,2,1,10
SF,IH2012,2020-09-08 09:30:07.100,3227.4000,24234,0,55175880.000,0,-,-,-,-,3225.2000,3224.8000,3224.6000,3224.4000,3224.2000,3227.4000,3227.6000,3227.8000,3228.0000,3228.2000,1,1,1,2,1,2,1,1,1,1
SF,IH2012,2020-09-08 09:30:07.600,3227.4000,24234,0,55175880.000,0,-,-,-,-,3225.2000,3224.8000,3224.6000,3224.4000,3224.2000,3227.4000,3227.8000,3228.0000,3228.2000,3228.4000,1,1,1,2,1,3,1,1,1,2
SF,IH2012,2020-09-08 09:30:08.100,3227.4000,24234,0,57112320.000,2,1,1,多换,S,3225.4000,3225.2000,3224.8000,3224.6000,3224.4000,3227.4000,3227.8000,3228.0000,3228.4000,3229.0000,2,2,1,1,2,1,1,1,2,3
SF,IH2012,2020-09-08 09:30:08.600,3225.6000,24233,-1,59048220.000,2,0,2,多平,S,3225.4000,3225.2000,3224.8000,3224.6000,3224.4000,3227.8000,3228.0000,3228.4000,3229.0000,3229.2000,2,2,1,1,2,1,1,2,3,1
SF,IH2012,2020-09-08 09:30:09.100,3225.4000,24233,0,60015840.000,1,0,1,多换,S,3225.4000,3225.2000,3224.8000,3224.6000,3224.4000,3227.4000,3227.8000,3228.0000,3228.4000,3229.0000,1,1,1,1,2,1,1,1,2,3
SF,IH2012,2020-09-08 09:30:09.600,3225.4000,24232,-1,60983460.000,1,0,1,双平,S,3225.2000,3224.8000,3224.6000,3224.4000,3224.2000,3225.4000,3227.2000,3227.8000,3228.0000,3228.4000,1,1,1,2,2,7,2,1,1,2
SF,IH2012,2020-09-08 09:30:10.100,3227.8000,24224,-8,69693300.000,9,0,9,多平,S,3227.4000,3225.4000,3225.2000,3224.8000,3224.6000,3228.0000,3228.4000,3229.0000,3229.2000,3229.6000,4,2,1,1,1,1,1,3,1,7
SF,IH2012,2020-09-08 09:30:10.600,3225.4000,24218,-6,76469040.000,7,0,7,多平,S,3227.4000,3225.2000,3224.2000,3224.0000,3223.8000,3228.0000,3228.4000,3229.0000,3229.2000,3229.6000,7,1,1,3,1,1,1,3,1,7
SF,IH2012,2020-09-08 09:30:11.100,3228.0000,24215,-3,79373880.000,3,0,3,双平,S,3227.6000,3227.4000,3225.2000,3224.2000,3224.0000,3228.4000,3229.0000,3229.2000,3229.6000,3230.0000,1,5,1,1,3,1,3,1,7,2
SF,IH2012,2020-09-08 09:30:11.600,3227.6000,24215,0,80342160.000,1,0,1,多换,S,3227.4000,3225.2000,3224.2000,3224.0000,3223.8000,3228.4000,3229.0000,3229.2000,3229.6000,3230.0000,5,1,1,3,1,1,3,1,7,2
SF,IH2012,2020-09-08 09:30:12.100,3227.4000,24214,-1,81310380.000,1,0,1,双平,S,3227.4000,3225.4000,3225.2000,3224.2000,3224.0000,3228.4000,3229.0000,3229.2000,3229.6000,3230.0000,4,1,1,1,3,1,3,1,7,2
SF,IH2012,2020-09-08 09:30:12.600,3227.4000,24214,0,81310380.000,0,-,-,-,-,3227.4000,3225.4000,3225.2000,3225.0000,3224.2000,3228.4000,3229.0000,3229.2000,3229.6000,3230.0000,4,1,1,1,1,1,3,1,7,2
SF,IH2012,2020-09-08 09:30:13.100,3228.2000,24214,0,82278840.000,1,0,1,多换,S,3227.4000,3225.4000,3225.2000,3225.0000,3224.2000,3228.4000,3229.0000,3229.2000,3229.6000,3230.0000,4,1,1,1,1,1,3,1,7,2
SF,IH2012,2020-09-08 09:30:13.600,3227.4000,24213,-1,84215580.000,2,0,2,多平,S,3228.4000,3227.4000,3226.0000,3225.2000,3225.0000,3229.0000,3229.2000,3229.6000,3230.0000,3231.6000,1,3,1,1,1,3,1,7,2,1
SF,IH2012,2020-09-08 09:30:14.100,3227.6000,24209,-4,89058060.000,5,0,5,多平,S,3227.4000,3226.0000,3225.2000,3225.0000,3224.2000,3229.0000,3229.2000,3229.6000,3230.0000,3231.6000,3,1,1,1,1,1,1,7,2,1
SF,IH2012,2020-09-08 09:30:14.600,3227.6000,24209,0,90026340.000,1,0,1,多换,S,3227.6000,3227.4000,3226.0000,3225.2000,3225.0000,3229.0000,3229.2000,3229.6000,3230.0000,3231.6000,2,3,1,1,1,1,1,7,2,1
SF,IH2012,2020-09-08 09:30:15.100,3227.6000,24209,0,90026340.000,0,-,-,-,-,3227.6000,3227.4000,3226.0000,3225.2000,3225.0000,3229.0000,3229.2000,3229.6000,3230.0000,3231.6000,3,3,1,1,1,1,1,7,2,1
SF,IH2012,2020-09-08 09:30:15.600,3228.8000,24208,-1,90994980.000,1,0,1,双平,S,3227.6000,3227.4000,3225.2000,3225.0000,3224.2000,3229.0000,3229.2000,3229.6000,3230.0000,3231.6000,3,3,1,1,1,1,1,7,2,1
SF,IH2012,2020-09-08 09:30:16.100,3228.8000,24207,-1,91963620.000,1,0,1,双平,S,3227.8000,3227.6000,3227.4000,3225.2000,3225.0000,3228.8000,3229.0000,3229.2000,3229.6000,3230.0000,1,1,3,1,1,2,1,1,7,2
SF,IH2012,2020-09-08 09:30:16.600,3228.8000,24205,-2,95838240.000,4,1,3,多平,S,3227.8000,3227.4000,3225.2000,3225.0000,3224.2000,3229.2000,3229.6000,3230.0000,3231.6000,3232.0000,2,3,1,1,1,1,7,2,1,2
SF,IH2012,2020-09-08 09:30:17.100,3229.6000,24208,3,99713640.000,4,3,1,空开,S,3227.8000,3227.4000,3225.2000,3225.0000,3224.2000,3229.6000,3230.0000,3231.6000,3232.0000,3232.6000,2,3,1,1,1,4,2,1,2,1
SF,IH2012,2020-09-08 09:30:17.600,3228.0000,24208,0,100682040.000,1,0,1,多换,S,3228.0000,3227.8000,3227.4000,3225.2000,3225.0000,3229.6000,3230.0000,3231.6000,3232.0000,3232.6000,2,2,3,1,2,8,2,1,2,1
SF,IH2012,2020-09-08 09:30:18.100,3228.0000,24208,0,100682040.000,0,-,-,-,-,3228.0000,3227.8000,3227.4000,3225.2000,3225.0000,3229.4000,3229.6000,3230.0000,3231.6000,3232.0000,2,1,3,1,2,1,8,2,1,2
SF,IH2012,2020-09-08 09:30:18.600,3229.6000,24209,1,101650920.000,1,1,0,双开,S,3228.0000,3227.8000,3227.4000,3225.2000,3225.0000,3229.6000,3230.0000,3231.6000,3232.0000,3232.6000,2,1,3,1,2,7,2,1,2,1
SF,IH2012,2020-09-08 09:30:19.100,3229.6000,24209,0,101650920.000,0,-,-,-,-,3228.0000,3227.4000,3225.2000,3225.0000,3224.2000,3229.4000,3229.6000,3230.0000,3231.6000,3232.0000,2,3,1,3,1,1,7,2,1,2
SF,IH2012,2020-09-08 09:30:19.600,3229.6000,24209,0,102619800.000,1,0,1,多换,S,3228.0000,3227.4000,3225.2000,3225.0000,3224.2000,3229.2000,3229.6000,3230.0000,3231.4000,3231.6000,2,3,1,3,1,1,6,2,1,1
SF,IH2012,2020-09-08 09:30:20.100,3229.6000,24209,0,102619800.000,0,-,-,-,-,3228.8000,3228.0000,3227.4000,3225.2000,3225.0000,3229.0000,3229.2000,3229.6000,3230.0000,3231.4000,1,1,3,1,3,1,1,6,2,1
SF,IH2012,2020-09-08 09:30:20.600,3228.8000,24208,-1,104557080.000,2,0,2,多平,S,3227.4000,3225.2000,3225.0000,3224.2000,3224.0000,3228.8000,3229.2000,3229.6000,3230.0000,3231.4000,3,1,3,1,3,1,1,6,2,1
SF,IH2012,2020-09-08 09:30:21.100,3228.8000,24208,0,104557080.000,0,-,-,-,-,3227.4000,3227.0000,3225.2000,3225.0000,3224.2000,3228.4000,3228.8000,3229.2000,3229.6000,3230.0000,3,1,1,3,1,1,1,1,6,2
SF,IH2012,2020-09-08 09:30:21.600,3227.4000,24205,-3,107461740.000,3,0,3,双平,S,3227.0000,3225.2000,3225.0000,3224.2000,3224.0000,3227.4000,3228.4000,3228.8000,3229.2000,3229.6000,1,1,3,1,3,1,1,1,1,6
SF,IH2012,2020-09-08 09:30:22.100,3227.0000,24205,0,108429840.000,1,0,1,多换,S,3225.2000,3225.0000,3224.2000,3224.0000,3221.2000,3227.0000,3227.2000,3227.4000,3228.4000,3228.8000,1,3,1,3,2,1,2,1,1,1
SF,IH2012,2020-09-08 09:30:22.600,3227.0000,24204,-1,109397940.000,1,0,1,双平,S,3226.8000,3226.6000,3226.4000,3225.6000,3225.4000,3227.2000,3227.4000,3228.4000,3229.2000,3229.6000,1,3,1,4,5,2,1,1,1,6
SF,IH2012,2020-09-08 09:30:23.100,3226.6000,24202,-2,111333900.000,2,0,2,双平,S,3225.4000,3225.2000,3225.0000,3224.2000,3221.0000,3226.6000,3226.8000,3227.2000,3227.4000,3228.4000,1,1,3,1,2,1,3,2,1,1
SF,IH2012,2020-09-08 09:30:23.600,3226.6000,24201,-1,112301880.000,1,0,1,双平,S,3225.6000,3225.2000,3225.0000,3224.2000,3221.0000,3226.8000,3227.0000,3227.2000,3227.4000,3228.4000,1,1,3,1,2,2,1,2,1,1
SF,IH2012,2020-09-08 09:30:24.100,3226.6000,24201,0,112301880.000,0,-,-,-,-,3225.6000,3225.2000,3225.0000,3224.2000,3221.0000,3226.6000,3226.8000,3227.0000,3227.2000,3227.4000,1,1,3,1,2,1,2,1,2,1
SF,IH2012,2020-09-08 09:30:24.600,3226.6000,24201,0,112301880.000,0,-,-,-,-,3226.0000,3225.6000,3225.2000,3225.0000,3224.2000,3226.8000,3227.0000,3227.2000,3227.4000,3228.4000,1,1,1,3,1,2,1,2,4,1
SF,IH2012,2020-09-08 09:30:25.100,3226.2000,24200,-1,113269740.000,1,0,1,双平,S,3225.6000,3225.2000,3225.0000,3224.2000,3221.0000,3226.6000,3226.8000,3227.0000,3227.2000,3227.4000,1,1,3,1,2,1,2,1,2,4
SF,IH2012,2020-09-08 09:30:25.600,3226.2000,24200,0,113269740.000,0,-,-,-,-,3225.6000,3225.2000,3225.0000,3224.2000,3221.0000,3226.8000,3227.0000,3227.2000,3227.4000,3228.4000,1,2,3,1,2,2,1,2,4,1
SF,IH2012,2020-09-08 09:30:26.100,3225.6000,24200,0,114237420.000,1,0,1,多换,S,3226.0000,3225.2000,3225.0000,3224.2000,3221.0000,3226.8000,3227.0000,3227.2000,3227.4000,3228.4000,1,2,3,1,2,2,1,2,4,1
SF,IH2012,2020-09-08 09:30:26.600,3226.0000,24200,0,115205220.000,1,0,1,多换,S,3225.2000,3225.0000,3224.2000,3221.0000,3220.8000,3226.8000,3227.0000,3227.2000,3227.4000,3228.4000,2,3,1,2,3,2,1,2,4,1
SF,IH2012,2020-09-08 09:30:27.100,3226.0000,24200,0,115205220.000,0,-,-,-,-,3225.2000,3225.0000,3224.2000,3221.0000,3220.8000,3226.8000,3227.0000,3227.2000,3227.4000,3228.4000,2,3,1,2,3,2,1,2,4,1
SF,IH2012,2020-09-08 09:30:27.600,3225.2000,24200,0,116172780.000,1,0,1,多换,S,3225.2000,3225.0000,3224.2000,3221.0000,3220.8000,3226.6000,3226.8000,3227.0000,3227.2000,3227.4000,1,3,1,2,3,1,2,1,2,4
SF,IH2012,2020-09-08 09:30:28.100,3225.2000,24199,-1,117140340.000,1,0,1,双平,S,3225.0000,3224.2000,3221.0000,3220.8000,3220.6000,3226.4000,3226.8000,3227.0000,3227.2000,3227.4000,2,1,2,3,2,2,2,1,2,4
SF,IH2012,2020-09-08 09:30:28.600,3225.2000,24199,0,117140340.000,0,-,-,-,-,3225.0000,3224.2000,3221.0000,3220.8000,3220.6000,3225.2000,3226.4000,3226.8000,3227.0000,3227.2000,2,1,2,3,2,1,2,2,2,2
SF,IH2012,2020-09-08 09:30:29.100,3225.2000,24198,-1,118107900.000,1,0,1,双平,S,3225.2000,3225.0000,3224.2000,3221.0000,3220.8000,3226.4000,3226.8000,3227.0000,3227.2000,3227.4000,2,2,1,2,3,1,2,2,2,4
SF,IH2012,2020-09-08 09:30:29.600,3225.2000,24197,-1,120043020.000,2,0,2,多平,S,3225.0000,3224.2000,3221.0000,3220.8000,3220.6000,3226.2000,3226.6000,3226.8000,3227.0000,3227.2000,2,1,2,3,2,1,1,2,2,2
SF,IH2012,2020-09-08 09:30:30.100,3226.0000,24197,0,121010820.000,1,0,1,多换,S,3225.0000,3224.2000,3221.0000,3220.8000,3220.6000,3226.6000,3226.8000,3227.0000,3227.2000,3227.4000,2,1,2,3,2,1,2,2,2,4
SF,IH2012,2020-09-08 09:30:30.600,3225.0000,24196,-1,121978320.000,1,0,1,双平,S,3225.0000,3224.2000,3221.0000,3220.8000,3220.6000,3226.6000,3226.8000,3227.0000,3227.2000,3227.4000,1,1,2,3,2,1,2,2,2,4
SF,IH2012,2020-09-08 09:30:31.100,3225.0000,24196,0,121978320.000,0,-,-,-,-,3225.0000,3224.2000,3221.0000,3220.8000,3220.6000,3226.4000,3226.6000,3226.8000,3227.0000,3227.2000,1,1,2,3,2,1,1,2,2,2
SF,IH2012,2020-09-08 09:30:31.600,3225.0000,24196,0,121978320.000,0,-,-,-,-,3225.0000,3224.2000,3221.0000,3220.8000,3220.6000,3226.6000,3226.8000,3227.0000,3227.2000,3227.4000,1,1,2,3,2,1,2,2,2,4
SF,IH2012,2020-09-08 09:30:32.100,3225.0000,24196,0,121978320.000,0,-,-,-,-,3225.0000,3224.2000,3221.0000,3220.8000,3220.6000,3226.6000,3226.8000,3227.0000,3227.2000,3227.4000,1,1,2,3,2,1,2,3,2,4
SF,IH2012,2020-09-08 09:30:32.600,3225.0000,24196,0,123913320.000,2,1,1,多换,S,3224.2000,3221.0000,3220.8000,3220.6000,3220.2000,3226.4000,3226.6000,3226.8000,3227.0000,3227.2000,1,2,3,2,1,2,1,2,3,2
SF,IH2012,2020-09-08 09:30:33.100,3225.0000,24196,0,123913320.000,0,-,-,-,-,3224.4000,3224.2000,3221.0000,3220.8000,3220.6000,3224.8000,3226.4000,3226.6000,3226.8000,3227.0000,1,1,2,3,2,1,1,1,2,3
SF,IH2012,2020-09-08 09:30:33.600,3224.8000,24195,-1,124880760.000,1,0,1,双平,S,3224.2000,3221.0000,3220.8000,3220.6000,3220.2000,3226.6000,3226.8000,3227.0000,3227.4000,3228.4000,1,2,3,2,1,1,2,4,3,1
SF,IH2012,2020-09-08 09:30:34.100,3224.8000,24195,0,124880760.000,0,-,-,-,-,3224.4000,3224.2000,3221.0000,3220.8000,3220.6000,3226.4000,3226.6000,3226.8000,3227.0000,3227.4000,1,1,2,3,2,1,1,2,4,3
SF,IH2012,2020-09-08 09:30:34.600,3224.4000,24194,-1,125848080.000,1,0,1,双平,S,3224.2000,3221.0000,3220.8000,3220.6000,3220.2000,3224.4000,3226.2000,3226.4000,3226.6000,3226.8000,1,2,3,2,1,4,1,2,1,2
SF,IH2012,2020-09-08 09:30:35.100,3224.4000,24193,-1,126815400.000,1,0,1,双平,S,3224.2000,3221.0000,3220.8000,3220.6000,3220.2000,3224.4000,3226.4000,3226.6000,3227.0000,3227.4000,1,2,3,2,1,3,2,1,4,3
SF,IH2012,2020-09-08 09:30:35.600,3224.2000,24191,-2,128749980.000,2,0,2,双平,S,3221.0000,3220.8000,3220.6000,3220.2000,3220.0000,3224.2000,3224.4000,3226.4000,3226.6000,3227.0000,2,3,2,1,4,1,2,1,1,4
SF,IH2012,2020-09-08 09:30:36.100,3224.2000,24191,0,128749980.000,0,-,-,-,-,3223.8000,3223.6000,3223.4000,3222.2000,3222.0000,3224.0000,3224.2000,3224.4000,3225.0000,3226.6000,1,1,1,1,2,1,1,2,1,1
SF,IH2012,2020-09-08 09:30:36.600,3224.2000,24191,0,128749980.000,0,-,-,-,-,3222.8000,3222.2000,3222.0000,3221.6000,3221.4000,3223.8000,3224.2000,3224.4000,3225.0000,3226.6000,1,1,2,4,4,1,1,2,1,1
SF,IH2012,2020-09-08 09:30:37.100,3224.2000,24191,0,129717240.000,1,0,1,多换,S,3222.2000,3222.0000,3221.6000,3221.4000,3221.2000,3224.4000,3225.0000,3226.0000,3226.6000,3227.0000,1,2,4,4,1,2,1,1,1,4
SF,IH2012,2020-09-08 09:30:37.600,3224.2000,24191,0,129717240.000,0,-,-,-,-,3223.0000,3222.8000,3222.6000,3222.0000,3221.4000,3224.2000,3224.4000,3225.0000,3226.0000,3226.6000,3,1,4,1,1,1,2,1,1,1
SF,IH2012,2020-09-08 09:30:38.100,3224.2000,24191,0,129717240.000,0,-,-,-,-,3223.6000,3223.2000,3223.0000,3222.8000,3222.6000,3224.4000,3225.0000,3226.0000,3226.6000,3227.0000,1,1,3,1,1,2,1,1,1,4
SF,IH2012,2020-09-08 09:30:38.600,3224.2000,24191,0,129717240.000,0,-,-,-,-,3223.0000,3222.8000,3222.6000,3222.0000,3221.4000,3224.4000,3225.0000,3226.0000,3226.6000,3227.0000,3,1,1,1,1,2,1,1,1,4
SF,IH2012,2020-09-08 09:30:39.100,3224.4000,24189,-2,131651880.000,2,0,2,双平,S,3223.2000,3223.0000,3222.6000,3222.0000,3221.4000,3225.0000,3226.0000,3226.6000,3227.0000,3227.4000,5,3,1,1,1,1,1,1,4,3
SF,IH2012,2020-09-08 09:30:39.600,3224.4000,24189,0,131651880.000,0,-,-,-,-,3224.0000,3223.6000,3223.4000,3223.2000,3222.6000,3225.0000,3226.0000,3226.6000,3227.0000,3227.4000,1,4,3,4,1,2,1,1,4,3
SF,IH2012,2020-09-08 09:30:40.100,3225.0000,24189,0,133586880.000,2,1,1,多换,S,3224.2000,3223.8000,3223.6000,3223.4000,3223.2000,3226.0000,3226.6000,3227.0000,3227.4000,3229.2000,1,1,3,3,3,1,1,4,3,1
SF,IH2012,2020-09-08 09:30:40.600,3225.0000,24189,0,133586880.000,0,-,-,-,-,3224.4000,3224.2000,3223.8000,3223.6000,3223.4000,3226.0000,3226.6000,3227.0000,3227.4000,3229.2000,1,1,1,3,2,1,1,4,3,1
SF,IH2012,2020-09-08 09:30:41.100,3225.0000,24189,0,133586880.000,0,-,-,-,-,3224.4000,3224.2000,3223.8000,3223.6000,3223.4000,3226.0000,3226.6000,3227.0000,3227.4000,3229.2000,1,1,1,3,2,1,1,4,3,1
SF,IH2012,2020-09-08 09:30:41.600,3225.0000,24189,0,133586880.000,0,-,-,-,-,3224.6000,3224.4000,3224.2000,3223.8000,3223.6000,3226.0000,3226.6000,3227.0000,3227.4000,3229.2000,1,1,1,1,3,1,1,4,3,1
SF,IH2012,2020-09-08 09:30:43.100,3225.0000,24189,0,133586880.000,0,-,-,-,-,3224.6000,3224.4000,3224.2000,3223.8000,3223.6000,3226.0000,3226.6000,3227.0000,3227.4000,3229.2000,1,1,1,1,3,1,1,4,3,1
SF,IH2012,2020-09-08 09:30:43.600,3225.0000,24189,0,133586880.000,0,-,-,-,-,3224.6000,3224.4000,3224.2000,3223.8000,3223.6000,3226.0000,3226.6000,3227.0000,3227.4000,3229.2000,1,1,1,1,3,2,1,4,3,1
SF,IH2012,2020-09-08 09:30:44.100,3225.0000,24189,0,133586880.000,0,-,-,-,-,3224.4000,3224.2000,3223.8000,3223.6000,3223.4000,3226.0000,3226.6000,3227.0000,3227.4000,3229.2000,1,1,1,3,1,2,1,4,3,1
SF,IH2012,2020-09-08 09:30:44.600,3225.0000,24189,0,133586880.000,0,-,-,-,-,3224.4000,3224.2000,3223.8000,3223.6000,3223.4000,3226.0000,3226.6000,3227.0000,3227.4000,3229.2000,1,1,1,3,1,2,1,4,3,1
SF,IH2012,2020-09-08 09:30:45.100,3225.0000,24189,0,133586880.000,0,-,-,-,-,3225.0000,3224.4000,3224.2000,3223.8000,3223.6000,3226.0000,3226.2000,3226.6000,3227.0000,3227.4000,2,1,1,1,3,2,1,1,4,3
SF,IH2012,2020-09-08 09:30:45.600,3225.0000,24189,0,134554380.000,1,0,1,多换,S,3225.0000,3224.4000,3224.2000,3223.6000,3223.2000,3225.8000,3226.0000,3226.2000,3226.6000,3227.0000,2,1,1,3,3,1,2,1,1,4
SF,IH2012,2020-09-08 09:30:46.100,3225.0000,24189,0,136489380.000,2,1,1,多换,S,3224.4000,3224.2000,3224.0000,3223.6000,3223.2000,3225.8000,3226.0000,3226.2000,3226.6000,3227.0000,1,1,1,3,3,2,2,1,1,4
SF,IH2012,2020-09-08 09:30:46.600,3225.0000,24189,0,136489380.000,0,-,-,-,-,3224.4000,3224.2000,3224.0000,3223.2000,3222.6000,3225.6000,3225.8000,3226.0000,3226.2000,3226.6000,1,1,1,3,1,2,2,2,1,1
SF,IH2012,2020-09-08 09:30:47.100,3225.0000,24189,0,136489380.000,0,-,-,-,-,3224.2000,3224.0000,3223.2000,3222.6000,3222.0000,3225.6000,3225.8000,3226.0000,3226.2000,3226.6000,1,1,3,1,1,3,2,2,1,1
SF,IH2012,2020-09-08 09:30:47.600,3225.0000,24189,0,136489380.000,0,-,-,-,-,3224.6000,3224.2000,3224.0000,3223.2000,3222.6000,3225.6000,3225.8000,3226.0000,3226.2000,3226.6000,1,2,1,3,1,3,2,2,1,1
SF,IH2012,2020-09-08 09:30:48.100,3224.6000,24188,-1,137456760.000,1,0,1,双平,S,3224.2000,3224.0000,3222.6000,3222.0000,3221.4000,3225.6000,3225.8000,3226.0000,3226.2000,3226.6000,2,1,1,1,1,3,2,2,1,1
SF,IH2012,2020-09-08 09:30:48.600,3224.6000,24188,0,137456760.000,0,-,-,-,-,3224.2000,3224.0000,3222.0000,3221.4000,3221.2000,3225.4000,3225.6000,3225.8000,3226.0000,3226.2000,2,1,1,1,1,1,3,2,2,1
SF,IH2012,2020-09-08 09:30:49.100,3224.6000,24188,0,137456760.000,0,-,-,-,-,3224.2000,3224.0000,3222.0000,3221.4000,3221.2000,3225.4000,3225.6000,3225.8000,3226.0000,3226.2000,2,1,1,1,1,1,2,1,2,1
SF,IH2012,2020-09-08 09:30:49.600,3224.4000,24188,0,138424080.000,1,0,1,多换,S,3224.4000,3224.2000,3224.0000,3222.0000,3221.4000,3225.2000,3225.4000,3225.6000,3225.8000,3226.0000,1,1,1,1,1,2,1,1,1,2
SF,IH2012,2020-09-08 09:30:50.100,3224.4000,24188,0,138424080.000,0,-,-,-,-,3224.2000,3224.0000,3223.6000,3222.0000,3221.4000,3225.2000,3225.4000,3225.8000,3226.0000,3226.2000,1,1,1,1,1,2,1,1,2,1
SF,IH2012,2020-09-08 09:30:50.600,3225.0000,24188,0,139391580.000,1,0,1,多换,S,3224.2000,3224.0000,3223.6000,3222.0000,3221.4000,3225.2000,3225.4000,3225.8000,3226.0000,3226.2000,1,1,1,1,1,2,1,1,2,1
SF,IH2012,2020-09-08 09:30:51.100,3224.2000,24188,0,140358840.000,1,0,1,多换,S,3224.0000,3223.6000,3222.0000,3221.4000,3221.2000,3224.8000,3225.2000,3225.4000,3225.8000,3226.0000,1,1,1,1,1,1,2,1,1,2
SF,IH2012,2020-09-08 09:30:51.600,3224.0000,24187,-1,141326040.000,1,0,1,双平,S,3223.4000,3222.0000,3221.4000,3221.2000,3221.0000,3224.2000,3224.4000,3224.8000,3225.2000,3225.8000,1,1,1,1,1,1,1,2,2,1
SF,IH2012,2020-09-08 09:30:52.100,3224.0000,24187,0,141326040.000,0,-,-,-,-,3223.4000,3223.0000,3221.4000,3221.2000,3221.0000,3224.2000,3224.4000,3224.8000,3225.2000,3225.8000,1,2,1,1,1,1,1,2,2,1
SF,IH2012,2020-09-08 09:30:52.600,3224.0000,24187,0,141326040.000,0,-,-,-,-,3224.0000,3223.4000,3223.0000,3221.4000,3221.2000,3224.2000,3224.4000,3224.8000,3225.2000,3225.8000,1,2,2,1,1,1,1,2,1,1
SF,IH2012,2020-09-08 09:30:53.100,3224.0000,24187,0,142293240.000,1,0,1,多换,S,3223.4000,3223.0000,3221.4000,3221.2000,3221.0000,3224.2000,3224.4000,3224.8000,3225.2000,3225.8000,2,2,1,1,1,1,1,2,1,1
SF,IH2012,2020-09-08 09:30:53.600,3224.0000,24187,0,142293240.000,0,-,-,-,-,3223.6000,3223.4000,3223.0000,3221.4000,3221.2000,3224.2000,3224.4000,3224.8000,3225.2000,3225.8000,1,1,2,1,1,1,2,2,1,1
SF,IH2012,2020-09-08 09:30:54.100,3224.0000,24187,0,142293240.000,0,-,-,-,-,3223.4000,3223.2000,3223.0000,3221.4000,3221.2000,3224.2000,3224.4000,3224.8000,3225.2000,3225.8000,1,1,2,1,1,1,2,2,1,1
SF,IH2012,2020-09-08 09:30:54.600,3224.0000,24187,0,142293240.000,0,-,-,-,-,3223.0000,3221.4000,3221.2000,3221.0000,3220.8000,3223.4000,3224.2000,3224.4000,3224.8000,3225.2000,3,1,1,1,1,1,1,2,2,1
SF,IH2012,2020-09-08 09:30:55.100,3223.4000,24186,-1,143260260.000,1,0,1,双平,S,3223.2000,3223.0000,3221.4000,3221.0000,3220.8000,3224.2000,3224.4000,3224.8000,3225.2000,3225.8000,1,3,1,1,1,1,2,2,1,1
SF,IH2012,2020-09-08 09:30:55.600,3223.4000,24186,0,143260260.000,0,-,-,-,-,3223.2000,3222.8000,3221.0000,3220.8000,3220.6000,3224.2000,3224.4000,3224.8000,3225.8000,3226.0000,1,3,1,1,2,2,2,2,1,3
SF,IH2012,2020-09-08 09:30:56.100,3223.4000,24186,0,143260260.000,0,-,-,-,-,3223.2000,3222.8000,3221.0000,3220.8000,3220.6000,3224.2000,3224.4000,3224.8000,3225.8000,3226.0000,2,3,1,1,2,1,2,2,1,2
SF,IH2012,2020-09-08 09:30:56.600,3223.4000,24186,0,143260260.000,0,-,-,-,-,3223.2000,3222.8000,3221.0000,3220.8000,3220.6000,3224.2000,3224.4000,3224.8000,3225.8000,3226.0000,3,3,1,1,2,1,2,2,1,2
SF,IH2012,2020-09-08 09:30:57.100,3223.2000,24185,-1,146161500.000,3,1,2,多平,S,3223.2000,3222.8000,3221.0000,3220.8000,3220.6000,3224.4000,3224.8000,3225.8000,3226.0000,3226.2000,1,3,1,1,2,2,2,1,2,1
SF,IH2012,2020-09-08 09:30:57.600,3224.8000,24183,-2,149063580.000,3,0,3,多平,S,3223.6000,3223.4000,3223.2000,3222.6000,3221.0000,3224.8000,3225.8000,3226.0000,3226.2000,3226.4000,3,3,1,3,1,1,1,2,1,1
SF,IH2012,2020-09-08 09:30:58.100,3224.8000,24182,-1,150998460.000,2,0,2,多平,S,3224.8000,3223.4000,3223.2000,3222.6000,3221.0000,3225.8000,3226.0000,3226.2000,3226.4000,3226.6000,1,2,1,3,1,1,2,1,1,1
SF,IH2012,2020-09-08 09:30:58.600,3224.8000,24182,0,150998460.000,0,-,-,-,-,3224.8000,3223.2000,3222.6000,3221.0000,3220.8000,3225.6000,3225.8000,3226.0000,3226.2000,3226.4000,1,1,3,1,1,2,1,2,1,1
SF,IH2012,2020-09-08 09:30:59.100,3224.8000,24182,0,150998460.000,0,-,-,-,-,3224.8000,3223.2000,3222.6000,3221.0000,3220.8000,3225.6000,3225.8000,3226.0000,3226.2000,3226.4000,1,1,3,1,1,2,1,2,1,1
SF,IH2012,2020-09-08 09:30:59.600,3224.8000,24182,0,150998460.000,0,-,-,-,-,3223.2000,3222.6000,3221.0000,3220.8000,3220.6000,3225.4000,3225.6000,3225.8000,3226.0000,3226.2000,1,3,1,1,2,1,2,1,2,1
SF,IH2012,2020-09-08 09:31:00.100,3224.4000,24183,1,153900600.000,3,2,1,空开,S,3224.2000,3223.8000,3223.6000,3223.4000,3223.2000,3224.8000,3225.4000,3225.6000,3225.8000,3226.0000,1,4,3,3,2,1,1,1,1,2
SF,IH2012,2020-09-08 09:31:00.600,3225.6000,24182,-1,156803340.000,3,1,2,多平,S,3225.6000,3224.8000,3224.6000,3224.4000,3224.2000,3225.8000,3226.0000,3226.2000,3226.4000,3226.6000,1,2,8,3,2,1,2,1,1,1
SF,IH2012,2020-09-08 09:31:01.100,3225.8000,24181,-1,157771080.000,1,0,1,双平,S,3225.8000,3225.6000,3224.8000,3224.6000,3224.4000,3226.0000,3226.2000,3226.4000,3226.6000,3227.0000,1,1,5,6,2,2,1,1,1,2
SF,IH2012,2020-09-08 09:31:01.600,3226.0000,24178,-3,160674420.000,3,0,3,双平,S,3225.6000,3224.8000,3224.6000,3224.4000,3223.8000,3226.2000,3226.4000,3226.6000,3227.0000,3227.2000,1,5,6,1,1,1,1,1,2,1
SF,IH2012,2020-09-08 09:31:02.100,3226.0000,24178,0,160674420.000,0,-,-,-,-,3224.8000,3224.6000,3224.4000,3223.8000,3223.4000,3225.6000,3226.2000,3226.4000,3226.6000,3227.0000,5,6,1,1,3,1,1,1,1,2
SF,IH2012,2020-09-08 09:31:02.600,3226.0000,24178,0,160674420.000,0,-,-,-,-,3224.8000,3224.6000,3224.4000,3223.8000,3223.4000,3225.4000,3225.6000,3226.2000,3226.4000,3226.6000,3,3,1,1,2,3,1,1,2,1
SF,IH2012,2020-09-08 09:31:03.100,3226.0000,24178,0,160674420.000,0,-,-,-,-,3225.0000,3224.8000,3224.4000,3223.4000,3223.2000,3225.4000,3225.6000,3226.2000,3226.4000,3226.6000,4,1,1,1,2,3,1,1,2,1
SF,IH2012,2020-09-08 09:31:03.600,3225.4000,24177,-1,161642040.000,1,0,1,双平,S,3225.0000,3224.8000,3224.4000,3223.4000,3223.2000,3225.4000,3225.6000,3226.2000,3226.4000,3226.6000,4,1,1,1,2,2,1,1,2,1
SF,IH2012,2020-09-08 09:31:04.100,3225.6000,24176,-1,162609720.000,1,0,1,双平,S,3225.0000,3224.8000,3224.4000,3223.8000,3223.4000,3226.2000,3226.4000,3226.6000,3227.0000,3227.2000,4,1,1,1,1,1,2,1,2,2
SF,IH2012,2020-09-08 09:31:04.600,3225.6000,24176,0,162609720.000,0,-,-,-,-,3225.0000,3224.8000,3224.4000,3223.8000,3223.4000,3226.0000,3226.2000,3226.4000,3226.6000,3227.0000,4,1,1,1,1,1,2,3,1,2
SF,IH2012,2020-09-08 09:31:05.100,3225.6000,24176,0,162609720.000,0,-,-,-,-,3225.0000,3224.8000,3224.4000,3223.8000,3223.4000,3226.2000,3226.4000,3226.6000,3227.0000,3227.2000,4,1,1,1,1,2,3,1,2,2
SF,IH2012,2020-09-08 09:31:05.600,3225.4000,24176,0,166480440.000,4,2,2,多换,S,3225.4000,3225.2000,3225.0000,3224.8000,3224.4000,3226.2000,3226.4000,3226.6000,3227.0000,3227.2000,1,2,4,1,1,1,3,1,2,2
SF,IH2012,2020-09-08 09:31:06.100,3225.4000,24176,0,166480440.000,0,-,-,-,-,3225.2000,3225.0000,3224.8000,3224.4000,3223.8000,3226.2000,3226.4000,3226.6000,3227.0000,3227.2000,1,2,3,1,1,1,3,1,2,2
SF,IH2012,2020-09-08 09:31:06.600,3225.4000,24176,0,166480440.000,0,-,-,-,-,3226.2000,3225.2000,3225.0000,3224.8000,3224.4000,3226.4000,3226.6000,3227.0000,3227.2000,3227.4000,1,1,2,3,1,3,1,2,2,3
SF,IH2012,2020-09-08 09:31:07.100,3226.2000,24175,-1,167448300.000,1,0,1,双平,S,3226.0000,3225.4000,3225.2000,3225.0000,3224.8000,3226.4000,3226.6000,3227.0000,3227.2000,3227.4000,1,1,1,2,3,2,1,2,2,3
SF,IH2012,2020-09-08 09:31:07.600,3226.2000,24175,0,167448300.000,0,-,-,-,-,3226.0000,3225.4000,3225.2000,3225.0000,3224.8000,3226.4000,3226.6000,3227.0000,3227.2000,3227.4000,1,1,1,2,3,2,1,2,2,3
SF,IH2012,2020-09-08 09:31:08.100,3226.0000,24174,-1,168416100.000,1,0,1,双平,S,3226.0000,3225.4000,3225.2000,3224.8000,3224.4000,3226.4000,3226.6000,3227.0000,3227.2000,3227.4000,1,1,1,3,1,2,1,2,2,3
SF,IH2012,2020-09-08 09:31:08.600,3226.0000,24174,0,170351700.000,2,1,1,多换,S,3225.2000,3224.8000,3224.4000,3223.8000,3223.4000,3226.0000,3226.4000,3226.6000,3227.0000,3227.2000,1,3,1,1,1,1,2,1,2,2
SF,IH2012,2020-09-08 09:31:09.100,3226.0000,24174,0,171319500.000,1,0,1,多换,S,3226.0000,3225.8000,3225.4000,3225.2000,3224.8000,3226.4000,3226.6000,3227.0000,3227.2000,3227.4000,2,1,5,1,3,2,1,2,2,3
SF,IH2012,2020-09-08 09:31:09.600,3226.4000,24172,-2,173255340.000,2,0,2,双平,S,3226.0000,3225.6000,3225.4000,3225.2000,3224.8000,3226.6000,3227.0000,3227.2000,3227.4000,3227.8000,1,1,2,3,3,1,2,2,3,1
SF,IH2012,2020-09-08 09:31:10.100,3226.4000,24170,-2,175191240.000,2,0,2,双平,S,3226.2000,3226.0000,3225.4000,3225.2000,3224.8000,3227.0000,3227.2000,3227.4000,3227.8000,3229.0000,1,1,2,2,3,2,2,3,1,1
SF,IH2012,2020-09-08 09:31:10.600,3226.2000,24172,2,178094940.000,3,2,1,空开,S,3226.2000,3226.0000,3225.4000,3225.2000,3224.8000,3227.0000,3227.2000,3227.4000,3227.8000,3228.4000,2,1,1,2,3,2,2,3,1,1
SF,IH2012,2020-09-08 09:31:11.100,3226.2000,24172,0,178094940.000,0,-,-,-,-,3226.2000,3226.0000,3225.4000,3225.2000,3224.8000,3226.8000,3227.0000,3227.2000,3227.4000,3227.8000,2,1,1,2,3,1,2,2,3,1
SF,IH2012,2020-09-08 09:31:11.600,3226.8000,24171,-1,179062980.000,1,0,1,双平,S,3226.6000,3226.2000,3226.0000,3225.4000,3225.2000,3227.0000,3227.2000,3227.4000,3227.8000,3228.4000,3,2,1,1,2,2,2,3,1,1
SF,IH2012,2020-09-08 09:31:12.100,3226.6000,24168,-3,181966920.000,3,0,3,双平,S,3226.2000,3226.0000,3225.2000,3224.8000,3223.8000,3226.8000,3227.0000,3227.2000,3227.4000,3227.8000,2,1,2,3,1,3,2,2,3,1
SF,IH2012,2020-09-08 09:31:12.600,3226.2000,24167,-1,183902640.000,2,0,2,多平,S,3225.2000,3224.8000,3223.8000,3223.4000,3223.2000,3225.8000,3226.8000,3227.0000,3227.2000,3227.4000,2,3,1,1,1,2,4,2,2,3
SF,IH2012,2020-09-08 09:31:13.100,3226.2000,24167,0,183902640.000,0,-,-,-,-,3225.4000,3225.2000,3224.8000,3223.8000,3223.4000,3225.8000,3226.6000,3226.8000,3227.0000,3227.2000,5,2,3,1,1,2,1,4,2,2
SF,IH2012,2020-09-08 09:31:13.600,3225.4000,24164,-3,186805560.000,3,0,3,双平,S,3225.4000,3225.2000,3225.0000,3224.8000,3224.4000,3226.8000,3227.0000,3227.2000,3227.4000,3227.8000,2,1,1,3,1,4,2,2,3,1
SF,IH2012,2020-09-08 09:31:14.100,3225.4000,24164,0,186805560.000,0,-,-,-,-,3225.4000,3225.2000,3225.0000,3224.8000,3224.4000,3226.6000,3226.8000,3227.0000,3227.2000,3227.4000,2,1,1,3,1,4,4,2,2,3
SF,IH2012,2020-09-08 09:31:14.600,3226.6000,24162,-2,189709500.000,3,0,3,多平,S,3225.4000,3225.2000,3225.0000,3224.8000,3224.4000,3226.8000,3227.0000,3227.2000,3227.4000,3227.8000,4,1,1,3,1,6,2,2,3,1
SF,IH2012,2020-09-08 09:31:15.100,3226.8000,24159,-3,192613440.000,3,0,3,双平,S,3225.6000,3225.4000,3225.2000,3225.0000,3224.8000,3226.8000,3227.0000,3227.2000,3227.4000,3227.8000,9,3,1,1,3,3,3,2,3,1
SF,IH2012,2020-09-08 09:31:15.600,3226.8000,24156,-3,195517560.000,3,0,3,双平,S,3226.8000,3226.6000,3226.0000,3225.8000,3225.6000,3227.0000,3227.2000,3227.4000,3227.8000,3228.0000,1,1,1,4,9,3,2,3,1,1
SF,IH2012,2020-09-08 09:31:16.100,3226.8000,24155,-1,198421800.000,3,1,2,多平,S,3226.6000,3226.0000,3225.8000,3225.6000,3225.4000,3227.0000,3227.2000,3227.4000,3227.8000,3228.0000,1,1,4,4,2,1,2,3,1,1
SF,IH2012,2020-09-08 09:31:16.600,3226.8000,24155,0,198421800.000,0,-,-,-,-,3226.6000,3226.0000,3225.8000,3225.6000,3225.4000,3227.0000,3227.2000,3227.4000,3227.8000,3228.0000,1,1,4,4,2,2,2,3,1,1
SF,IH2012,2020-09-08 09:31:17.100,3226.8000,24155,0,198421800.000,0,-,-,-,-,3226.8000,3226.6000,3226.0000,3225.8000,3225.6000,3227.0000,3227.2000,3227.4000,3227.8000,3228.0000,2,1,1,4,3,2,2,3,1,1
SF,IH2012,2020-09-08 09:31:17.600,3226.8000,24153,-2,200357880.000,2,0,2,双平,S,3226.6000,3226.0000,3225.8000,3225.6000,3225.4000,3227.0000,3227.2000,3227.4000,3227.8000,3228.0000,2,1,4,3,2,2,2,3,1,1
SF,IH2012,2020-09-08 09:31:18.100,3226.8000,24153,0,200357880.000,0,-,-,-,-,3226.6000,3225.8000,3225.6000,3225.2000,3225.0000,3227.0000,3227.2000,3227.8000,3228.0000,3228.4000,1,4,3,1,2,2,2,1,1,1
SF,IH2012,2020-09-08 09:31:18.600,3227.0000,24153,0,201325980.000,1,0,1,多换,S,3226.6000,3225.8000,3225.6000,3225.2000,3225.0000,3227.0000,3227.2000,3227.8000,3228.0000,3228.4000,1,4,3,1,2,1,2,1,1,1
SF,IH2012,2020-09-08 09:31:19.100,3226.6000,24152,-1,202293960.000,1,0,1,双平,S,3225.8000,3225.6000,3225.2000,3225.0000,3224.8000,3226.6000,3227.0000,3227.2000,3227.8000,3228.0000,4,3,1,2,3,4,1,2,1,1
SF,IH2012,2020-09-08 09:31:19.600,3226.8000,24147,-5,208102020.000,6,0,6,多平,S,3226.0000,3225.8000,3225.6000,3225.2000,3225.0000,3226.8000,3227.2000,3227.8000,3228.0000,3228.4000,3,4,2,1,2,3,1,1,1,1
SF,IH2012,2020-09-08 09:31:20.100,3226.8000,24144,-3,211006140.000,3,0,3,双平,S,3226.8000,3226.6000,3226.4000,3226.2000,3226.0000,3227.2000,3227.8000,3228.0000,3228.4000,3229.0000,6,3,2,7,3,1,1,1,1,2
SF,IH2012,2020-09-08 09:31:20.600,3227.2000,24144,0,211974300.000,1,0,1,多换,S,3227.4000,3226.8000,3226.2000,3226.0000,3225.2000,3227.8000,3228.0000,3228.4000,3229.0000,3229.2000,2,3,6,1,1,1,1,1,2,1
SF,IH2012,2020-09-08 09:31:21.100,3228.0000,24142,-2,213911040.000,2,0,2,双平,S,3227.0000,3226.8000,3226.6000,3226.2000,3226.0000,3228.4000,3229.0000,3229.2000,3229.6000,3229.8000,1,3,1,6,1,1,2,1,5,1
SF,IH2012,2020-09-08 09:31:21.600,3226.8000,24141,-1,218751420.000,5,2,3,多平,S,3226.8000,3226.6000,3226.2000,3225.2000,3225.0000,3227.6000,3228.4000,3229.0000,3229.2000,3229.6000,3,1,6,1,2,1,1,2,1,5
SF,IH2012,2020-09-08 09:31:22.100,3227.6000,24140,-1,219719700.000,1,0,1,双平,S,3227.0000,3226.8000,3226.6000,3226.2000,3225.2000,3227.8000,3228.4000,3229.0000,3229.2000,3229.6000,1,1,1,5,1,1,1,2,1,5
SF,IH2012,2020-09-08 09:31:22.600,3228.4000,24138,-2,221656560.000,2,0,2,双平,S,3227.8000,3227.0000,3226.6000,3226.2000,3225.2000,3229.0000,3229.2000,3229.6000,3229.8000,3230.0000,1,2,4,5,1,2,1,5,1,2
SF,IH2012,2020-09-08 09:31:23.100,3227.0000,24136,-2,225529800.000,4,1,3,多平,S,3226.6000,3226.2000,3225.0000,3224.2000,3223.8000,3226.8000,3228.8000,3229.0000,3229.2000,3229.6000,4,5,2,1,1,1,4,2,1,5
SF,IH2012,2020-09-08 09:31:23.600,3227.0000,24134,-2,227465940.000,2,0,2,双平,S,3226.8000,3226.6000,3225.0000,3224.2000,3223.8000,3228.8000,3229.0000,3229.2000,3229.6000,3230.0000,12,4,2,1,1,2,2,1,5,2
SF,IH2012,2020-09-08 09:31:24.100,3228.6000,24133,-1,229403100.000,2,0,2,多平,S,3227.0000,3226.8000,3226.6000,3225.0000,3224.2000,3228.8000,3229.0000,3229.2000,3229.6000,3230.0000,3,10,4,2,1,2,2,1,5,2
SF,IH2012,2020-09-08 09:31:24.600,3228.6000,24133,0,229403100.000,0,-,-,-,-,3227.2000,3227.0000,3226.8000,3226.6000,3225.0000,3228.8000,3229.0000,3229.2000,3229.6000,3230.0000,1,4,8,4,2,3,6,2,5,2
SF,IH2012,2020-09-08 09:31:25.100,3228.6000,24133,0,229403100.000,0,-,-,-,-,3227.4000,3227.0000,3226.8000,3226.6000,3225.0000,3228.8000,3229.0000,3229.2000,3229.6000,3230.0000,4,3,8,4,2,3,6,2,5,2
SF,IH2012,2020-09-08 09:31:25.600,3227.4000,24130,-3,234244320.000,5,1,4,多平,S,3227.0000,3226.8000,3226.6000,3225.0000,3224.2000,3228.8000,3229.0000,3229.2000,3229.6000,3230.0000,2,8,4,2,1,2,6,2,5,2
SF,IH2012,2020-09-08 09:31:26.100,3227.4000,24130,0,234244320.000,0,-,-,-,-,3227.2000,3227.0000,3226.8000,3226.6000,3225.0000,3228.6000,3228.8000,3229.0000,3229.2000,3229.6000,4,1,6,4,2,2,2,6,2,5
SF,IH2012,2020-09-08 09:31:26.600,3227.4000,24130,0,234244320.000,0,-,-,-,-,3227.2000,3227.0000,3226.8000,3226.6000,3225.0000,3228.4000,3228.6000,3228.8000,3229.0000,3229.2000,4,1,4,4,2,1,2,1,6,2
SF,IH2012,2020-09-08 09:31:27.100,3227.4000,24130,0,234244320.000,0,-,-,-,-,3227.0000,3226.8000,3226.6000,3225.0000,3224.2000,3228.2000,3228.4000,3228.8000,3229.0000,3229.2000,1,4,4,2,1,2,1,1,6,2
SF,IH2012,2020-09-08 09:31:27.600,3227.4000,24130,0,234244320.000,0,-,-,-,-,3227.4000,3227.2000,3226.8000,3226.6000,3226.4000,3228.2000,3228.4000,3229.0000,3229.2000,3229.6000,3,1,2,1,3,1,1,6,2,5
SF,IH2012,2020-09-08 09:31:28.100,3227.4000,24129,-1,235212540.000,1,0,1,双平,S,3226.8000,3226.6000,3226.4000,3225.6000,3225.0000,3227.2000,3228.2000,3228.4000,3229.0000,3229.2000,2,1,3,1,2,4,1,1,6,2
SF,IH2012,2020-09-08 09:31:28.600,3227.4000,24127,-2,237148980.000,2,0,2,双平,S,3227.0000,3226.8000,3226.6000,3226.4000,3225.6000,3227.2000,3228.2000,3228.4000,3229.0000,3229.2000,1,2,1,3,1,2,1,1,6,2
SF,IH2012,2020-09-08 09:31:29.100,3227.4000,24125,-2,239085420.000,2,0,2,双平,S,3227.6000,3227.2000,3227.0000,3226.8000,3226.6000,3228.2000,3228.4000,3229.0000,3229.2000,3229.6000,3,1,3,2,1,1,1,6,2,5
SF,IH2012,2020-09-08 09:31:29.600,3227.0000,24121,-4,242958360.000,4,0,4,双平,S,3226.8000,3226.6000,3226.2000,3225.6000,3225.0000,3227.2000,3228.0000,3228.2000,3228.4000,3229.0000,2,1,3,1,2,1,3,1,3,6
SF,IH2012,2020-09-08 09:31:30.100,3227.0000,24121,0,242958360.000,0,-,-,-,-,3227.4000,3227.2000,3227.0000,3226.8000,3226.6000,3228.0000,3228.2000,3228.4000,3229.0000,3229.2000,3,1,1,2,1,4,1,3,6,2
SF,IH2012,2020-09-08 09:31:30.600,3227.0000,24121,0,242958360.000,0,-,-,-,-,3227.2000,3227.0000,3226.8000,3226.6000,3226.2000,3228.0000,3228.2000,3228.4000,3229.0000,3229.2000,1,1,2,1,3,4,1,3,6,2
SF,IH2012,2020-09-08 09:31:31.100,3227.0000,24118,-3,247799280.000,5,1,4,多平,S,3226.8000,3226.6000,3226.2000,3225.6000,3225.0000,3227.0000,3228.0000,3228.2000,3228.4000,3229.0000,2,1,3,1,2,1,4,1,3,6
SF,IH2012,2020-09-08 09:31:31.600,3227.0000,24117,-1,248767380.000,1,0,1,双平,S,3227.4000,3227.2000,3227.0000,3226.8000,3226.6000,3228.0000,3228.2000,3228.4000,3229.0000,3229.2000,3,2,1,4,1,2,1,3,6,2
SF,IH2012,2020-09-08 09:31:32.100,3227.0000,24117,0,248767380.000,0,-,-,-,-,3227.2000,3226.8000,3226.6000,3226.2000,3225.6000,3228.0000,3228.2000,3228.4000,3229.0000,3229.2000,2,2,2,3,1,2,1,3,6,2
SF,IH2012,2020-09-08 09:31:32.600,3227.0000,24117,0,248767380.000,0,-,-,-,-,3226.8000,3226.6000,3226.2000,3225.6000,3225.0000,3227.8000,3228.0000,3228.4000,3229.0000,3229.2000,2,2,3,1,3,3,2,3,6,2
SF,IH2012,2020-09-08 09:31:33.100,3227.2000,24117,0,249735540.000,1,0,1,多换,S,3227.2000,3226.8000,3226.6000,3226.2000,3226.0000,3227.6000,3227.8000,3228.4000,3229.0000,3229.2000,2,2,2,3,1,1,3,3,6,2
SF,IH2012,2020-09-08 09:31:33.600,3227.8000,24116,-1,250703880.000,1,0,1,双平,S,3227.6000,3227.2000,3226.8000,3226.6000,3226.2000,3227.8000,3228.4000,3229.0000,3229.2000,3229.6000,1,2,2,2,3,1,3,6,2,6
SF,IH2012,2020-09-08 09:31:34.100,3227.8000,24115,-1,251672220.000,1,0,1,双平,S,3228.0000,3227.8000,3227.6000,3227.4000,3226.8000,3228.4000,3229.0000,3229.2000,3229.6000,3229.8000,1,1,1,1,1,3,6,2,6,1
SF,IH2012,2020-09-08 09:31:34.600,3228.0000,24115,0,252640620.000,1,0,1,多换,S,3227.8000,3227.6000,3226.8000,3226.6000,3226.2000,3228.4000,3228.6000,3229.0000,3229.2000,3229.6000,2,2,1,2,3,3,3,6,2,6
SF,IH2012,2020-09-08 09:31:35.100,3227.8000,24113,-2,254577300.000,2,0,2,双平,S,3227.6000,3226.8000,3226.6000,3226.2000,3226.0000,3228.4000,3228.6000,3229.0000,3229.2000,3229.6000,2,1,2,3,1,3,3,6,2,6
SF,IH2012,2020-09-08 09:31:35.600,3227.8000,24113,0,254577300.000,0,-,-,-,-,3227.6000,3226.8000,3226.6000,3226.2000,3226.0000,3228.4000,3228.6000,3229.0000,3229.2000,3229.6000,2,1,2,3,1,3,3,6,2,6
SF,IH2012,2020-09-08 09:31:36.100,3227.8000,24112,-1,256513980.000,2,0,2,多平,S,3227.6000,3226.8000,3226.6000,3226.2000,3226.0000,3228.4000,3228.6000,3229.0000,3229.2000,3229.6000,2,1,2,3,1,3,3,6,2,6
SF,IH2012,2020-09-08 09:31:36.600,3227.8000,24112,0,256513980.000,0,-,-,-,-,3228.2000,3227.6000,3226.8000,3226.6000,3226.2000,3228.4000,3228.6000,3229.0000,3229.2000,3229.6000,2,3,1,2,3,3,3,6,2,6
SF,IH2012,2020-09-08 09:31:37.100,3227.8000,24112,0,256513980.000,0,-,-,-,-,3227.6000,3226.8000,3226.6000,3226.2000,3226.0000,3228.4000,3228.6000,3229.0000,3229.2000,3229.6000,3,1,2,3,1,3,3,6,2,6
SF,IH2012,2020-09-08 09:31:37.600,3228.4000,24111,-1,257482500.000,1,0,1,双平,S,3227.8000,3227.6000,3226.8000,3226.6000,3226.2000,3228.4000,3228.6000,3229.0000,3229.2000,3229.6000,1,3,1,2,3,2,3,6,2,6
SF,IH2012,2020-09-08 09:31:38.100,3228.4000,24109,-2,259419540.000,2,0,2,双平,S,3228.4000,3228.0000,3227.6000,3226.8000,3226.6000,3228.6000,3229.0000,3229.2000,3229.6000,3229.8000,1,1,3,1,2,3,6,2,6,1
SF,IH2012,2020-09-08 09:31:38.600,3228.6000,24109,0,260388120.000,1,0,1,多换,S,3228.0000,3227.6000,3226.8000,3226.6000,3226.2000,3228.6000,3229.0000,3229.2000,3229.6000,3229.8000,1,3,1,2,3,2,6,2,6,1
SF,IH2012,2020-09-08 09:31:39.100,3228.6000,24108,-1,262325280.000,2,0,2,多平,S,3228.4000,3228.2000,3228.0000,3227.6000,3226.8000,3229.0000,3229.2000,3229.6000,3229.8000,3230.0000,2,3,1,3,1,6,2,6,1,3
SF,IH2012,2020-09-08 09:31:39.600,3228.6000,24108,0,262325280.000,0,-,-,-,-,3228.6000,3228.2000,3227.6000,3226.8000,3226.6000,3229.0000,3229.2000,3229.6000,3229.8000,3230.0000,9,1,3,1,2,6,5,6,1,3
SF,IH2012,2020-09-08 09:31:40.100,3228.6000,24108,0,262325280.000,0,-,-,-,-,3228.6000,3228.2000,3227.6000,3226.8000,3226.6000,3229.0000,3229.2000,3229.6000,3229.8000,3230.0000,11,1,3,1,2,6,5,6,1,3
SF,IH2012,2020-09-08 09:31:41.100,3228.8000,24107,-1,263293920.000,1,0,1,双平,S,3228.6000,3228.2000,3227.6000,3226.8000,3226.6000,3229.0000,3229.2000,3229.6000,3229.8000,3230.0000,11,1,3,1,2,5,5,6,1,3
SF,IH2012,2020-09-08 09:31:42.100,3229.0000,24102,-5,269106000.000,6,0,6,多平,S,3228.8000,3228.6000,3228.2000,3227.6000,3226.8000,3229.2000,3229.6000,3229.8000,3230.0000,3230.4000,1,10,1,3,1,5,6,1,3,1
SF,IH2012,2020-09-08 09:31:42.600,3229.0000,24102,0,269106000.000,0,-,-,-,-,3228.8000,3228.6000,3228.4000,3228.2000,3227.6000,3229.2000,3229.6000,3229.8000,3230.0000,3230.4000,1,8,2,1,3,5,6,1,3,1
SF,IH2012,2020-09-08 09:31:43.100,3229.0000,24102,0,269106000.000,0,-,-,-,-,3229.0000,3228.8000,3228.6000,3228.4000,3228.2000,3229.2000,3229.6000,3229.8000,3230.0000,3230.4000,1,1,8,2,1,5,6,1,3,1
SF,IH2012,2020-09-08 09:31:43.600,3229.2000,24102,0,270074760.000,1,0,1,多换,S,3229.0000,3228.8000,3228.6000,3228.4000,3228.2000,3229.2000,3229.6000,3229.8000,3230.0000,3230.4000,1,3,8,2,1,4,6,1,3,1
SF,IH2012,2020-09-08 09:31:44.100,3229.2000,24101,-1,272012280.000,2,0,2,多平,S,3229.0000,3228.8000,3228.6000,3228.4000,3228.2000,3229.2000,3229.6000,3229.8000,3230.0000,3230.4000,1,3,8,2,1,2,6,1,3,1
SF,IH2012,2020-09-08 09:31:44.600,3229.2000,24101,0,272012280.000,0,-,-,-,-,3229.0000,3228.8000,3228.6000,3228.4000,3228.2000,3229.2000,3229.4000,3229.6000,3229.8000,3230.0000,1,4,8,2,1,2,3,6,1,3
SF,IH2012,2020-09-08 09:31:45.100,3229.2000,24099,-2,273949800.000,2,0,2,双平,S,3229.2000,3229.0000,3228.8000,3228.4000,3228.2000,3229.4000,3229.6000,3229.8000,3230.0000,3230.4000,6,1,4,2,1,3,6,3,3,1
SF,IH2012,2020-09-08 09:31:45.600,3229.0000,24093,-6,280731060.000,7,0,7,多平,S,3229.2000,3228.8000,3228.4000,3228.2000,3228.0000,3229.4000,3229.6000,3229.8000,3230.0000,3230.2000,1,3,2,1,1,3,6,3,3,1
SF,IH2012,2020-09-08 09:31:46.100,3229.2000,24094,1,282668580.000,2,1,1,空开,S,3228.8000,3228.4000,3228.2000,3228.0000,3227.6000,3229.4000,3229.6000,3229.8000,3230.0000,3230.2000,3,2,1,1,3,3,6,3,3,1
SF,IH2012,2020-09-08 09:31:46.600,3229.2000,24093,-1,284606100.000,2,0,2,多平,S,3228.8000,3228.4000,3228.2000,3228.0000,3227.6000,3229.0000,3229.4000,3229.6000,3229.8000,3230.0000,2,2,1,1,3,1,3,6,3,3
SF,IH2012,2020-09-08 09:31:47.100,3229.2000,24093,0,284606100.000,0,-,-,-,-,3228.8000,3228.4000,3228.2000,3228.0000,3227.6000,3229.0000,3229.4000,3229.6000,3229.8000,3230.0000,3,2,1,1,3,1,3,6,3,3
SF,IH2012,2020-09-08 09:31:47.600,3229.0000,24093,0,285574800.000,1,0,1,多换,S,3229.0000,3228.8000,3228.4000,3228.2000,3228.0000,3229.4000,3229.6000,3229.8000,3230.0000,3230.2000,1,4,2,1,1,3,6,3,3,1
SF,IH2012,2020-09-08 09:31:48.100,3229.0000,24093,0,285574800.000,0,-,-,-,-,3229.0000,3228.8000,3228.4000,3228.2000,3228.0000,3229.4000,3229.6000,3229.8000,3230.0000,3230.2000,1,3,2,1,1,3,6,3,3,1
SF,IH2012,2020-09-08 09:31:48.600,3229.0000,24093,0,286543500.000,1,0,1,多换,S,3228.8000,3228.4000,3228.2000,3228.0000,3227.6000,3229.0000,3229.2000,3229.4000,3229.6000,3229.8000,3,2,1,1,3,1,1,3,6,3
SF,IH2012,2020-09-08 09:31:49.100,3229.0000,24093,0,286543500.000,0,-,-,-,-,3228.8000,3228.4000,3228.2000,3228.0000,3227.6000,3229.0000,3229.2000,3229.4000,3229.6000,3229.8000,3,2,1,1,3,1,1,4,6,3
SF,IH2012,2020-09-08 09:31:49.600,3229.0000,24092,-1,287512200.000,1,0,1,双平,S,3229.0000,3228.8000,3228.4000,3228.2000,3228.0000,3229.2000,3229.4000,3229.6000,3229.8000,3230.0000,2,4,2,1,1,1,1,6,3,3
SF,IH2012,2020-09-08 09:31:50.100,3229.2000,24091,-1,289449720.000,2,0,2,多平,S,3229.0000,3228.8000,3228.4000,3228.2000,3228.0000,3229.2000,3229.4000,3229.6000,3229.8000,3230.0000,2,4,2,1,1,2,1,6,3,4
SF,IH2012,2020-09-08 09:31:50.600,3229.0000,24092,1,291387120.000,2,1,1,空开,S,3228.8000,3228.4000,3228.2000,3228.0000,3227.6000,3229.2000,3229.4000,3229.6000,3229.8000,3230.0000,3,2,1,1,3,3,1,6,3,4
SF,IH2012,2020-09-08 09:31:51.100,3228.8000,24092,0,294293040.000,3,1,2,多换,S,3228.4000,3228.2000,3228.0000,3227.6000,3227.4000,3229.2000,3229.4000,3229.6000,3229.8000,3230.0000,2,1,1,3,1,3,1,6,3,4
SF,IH2012,2020-09-08 09:31:51.600,3228.8000,24092,0,294293040.000,0,-,-,-,-,3228.4000,3228.2000,3228.0000,3227.6000,3227.4000,3229.0000,3229.2000,3229.4000,3229.6000,3229.8000,2,1,1,3,1,2,3,1,6,3
SF,IH2012,2020-09-08 09:31:52.100,3229.0000,24092,0,296230440.000,2,1,1,多换,S,3228.4000,3228.2000,3228.0000,3227.6000,3227.4000,3229.2000,3229.4000,3229.6000,3229.8000,3230.0000,2,1,1,3,1,3,1,6,3,4
SF,IH2012,2020-09-08 09:31:52.600,3229.0000,24092,0,296230440.000,0,-,-,-,-,3229.0000,3228.4000,3228.2000,3228.0000,3227.6000,3229.2000,3229.4000,3229.6000,3229.8000,3230.0000,1,2,1,1,3,3,1,6,3,3
SF,IH2012,2020-09-08 09:31:53.100,3228.4000,24092,0,299136180.000,3,1,2,多换,S,3228.8000,3228.2000,3228.0000,3227.6000,3227.4000,3229.0000,3229.2000,3229.4000,3229.6000,3229.8000,2,1,1,3,1,3,2,1,6,3
SF,IH2012,2020-09-08 09:31:53.600,3228.6000,24092,0,302042040.000,3,1,2,多换,S,3228.2000,3228.0000,3227.6000,3227.4000,3227.2000,3228.8000,3229.0000,3229.2000,3229.4000,3229.6000,1,1,3,1,1,1,3,3,1,6
SF,IH2012,2020-09-08 09:31:54.100,3228.0000,24095,3,305915700.000,4,3,1,空开,S,3227.6000,3227.4000,3227.2000,3226.8000,3226.6000,3228.6000,3228.8000,3229.0000,3229.2000,3229.4000,3,1,1,1,1,1,1,3,3,1
SF,IH2012,2020-09-08 09:31:54.600,3228.0000,24095,0,305915700.000,0,-,-,-,-,3227.6000,3227.4000,3227.2000,3226.8000,3226.6000,3228.4000,3228.6000,3229.0000,3229.2000,3229.4000,2,1,1,1,1,1,1,2,3,1
SF,IH2012,2020-09-08 09:31:55.100,3228.0000,24095,0,305915700.000,0,-,-,-,-,3227.6000,3227.4000,3227.2000,3226.8000,3226.6000,3228.4000,3228.6000,3229.0000,3229.2000,3229.4000,2,1,1,1,1,1,1,2,1,1
SF,IH2012,2020-09-08 09:31:55.600,3228.0000,24095,0,305915700.000,0,-,-,-,-,3227.8000,3227.6000,3227.4000,3227.2000,3226.8000,3228.4000,3228.6000,3229.0000,3229.2000,3229.4000,1,2,1,1,1,4,1,1,2,1
SF,IH2012,2020-09-08 09:31:56.100,3228.4000,24092,-3,309789780.000,4,0,4,多平,S,3228.2000,3228.0000,3227.8000,3227.6000,3227.4000,3228.6000,3229.0000,3229.2000,3229.4000,3229.6000,4,1,2,3,1,1,1,2,1,6
SF,IH2012,2020-09-08 09:31:56.600,3228.6000,24093,1,310758360.000,1,1,0,双开,S,3227.8000,3227.6000,3227.4000,3227.2000,3226.8000,3229.0000,3229.2000,3229.4000,3229.6000,3229.8000,1,2,1,1,1,1,2,1,6,3
SF,IH2012,2020-09-08 09:31:57.100,3228.8000,24093,0,311727000.000,1,0,1,多换,S,3227.6000,3227.4000,3227.2000,3226.8000,3226.6000,3228.8000,3229.0000,3229.2000,3229.4000,3229.6000,2,1,1,1,1,1,1,2,1,6
SF,IH2012,2020-09-08 09:31:57.600,3228.8000,24093,0,311727000.000,0,-,-,-,-,3227.8000,3227.6000,3227.4000,3227.2000,3226.8000,3229.0000,3229.2000,3229.4000,3229.6000,3229.8000,1,3,1,1,1,1,2,1,6,3
SF,IH2012,2020-09-08 09:31:58.100,3228.8000,24093,0,311727000.000,0,-,-,-,-,3228.0000,3227.6000,3227.4000,3227.2000,3226.8000,3229.0000,3229.2000,3229.4000,3229.6000,3229.8000,1,3,1,1,1,1,2,1,6,3
SF,IH2012,2020-09-08 09:31:59.100,3228.8000,24093,0,311727000.000,0,-,-,-,-,3228.8000,3228.0000,3227.6000,3227.4000,3227.2000,3229.0000,3229.2000,3229.4000,3229.6000,3229.8000,1,1,3,1,1,1,2,1,6,3
SF,IH2012,2020-09-08 09:31:59.600,3228.0000,24093,0,313664040.000,2,1,1,多换,S,3227.6000,3227.4000,3227.2000,3226.8000,3226.0000,3228.8000,3229.0000,3229.2000,3229.4000,3229.6000,3,1,1,1,1,1,1,2,1,6
SF,IH2012,2020-09-08 09:32:00.100,3228.0000,24093,0,313664040.000,0,-,-,-,-,3227.8000,3227.6000,3227.4000,3227.2000,3226.8000,3229.0000,3229.2000,3229.4000,3229.6000,3229.8000,2,3,1,1,1,1,1,1,6,3
SF,IH2012,2020-09-08 09:32:00.600,3228.0000,24093,0,313664040.000,0,-,-,-,-,3228.0000,3227.8000,3227.6000,3227.4000,3227.2000,3229.0000,3229.2000,3229.4000,3229.6000,3229.8000,1,3,3,1,1,2,1,1,6,3
SF,IH2012,2020-09-08 09:32:01.100,3228.0000,24093,0,313664040.000,0,-,-,-,-,3228.0000,3227.8000,3227.6000,3227.4000,3227.2000,3229.0000,3229.2000,3229.4000,3229.6000,3229.8000,1,4,3,1,1,2,1,1,6,3
SF,IH2012,2020-09-08 09:32:01.600,3228.0000,24093,0,313664040.000,0,-,-,-,-,3228.2000,3228.0000,3227.8000,3227.6000,3227.4000,3229.0000,3229.2000,3229.4000,3229.6000,3229.8000,1,1,4,2,1,1,1,1,6,3
SF,IH2012,2020-09-08 09:32:02.100,3229.0000,24093,0,315601200.000,2,1,1,多换,S,3228.0000,3227.8000,3227.6000,3227.4000,3227.2000,3229.2000,3229.4000,3229.6000,3229.8000,3230.0000,1,4,2,1,1,1,1,6,3,3
SF,IH2012,2020-09-08 09:32:02.600,3229.0000,24093,0,315601200.000,0,-,-,-,-,3228.0000,3227.8000,3227.6000,3227.4000,3227.2000,3229.0000,3229.2000,3229.4000,3229.6000,3229.8000,1,2,2,1,1,2,1,1,6,3
SF,IH2012,2020-09-08 09:32:03.100,3229.0000,24093,0,315601200.000,0,-,-,-,-,3228.0000,3227.8000,3227.6000,3227.4000,3227.2000,3229.0000,3229.2000,3229.4000,3229.6000,3229.8000,1,1,2,1,1,2,1,1,6,3
SF,IH2012,2020-09-08 09:32:03.600,3229.0000,24093,0,315601200.000,0,-,-,-,-,3228.2000,3228.0000,3227.8000,3227.6000,3227.4000,3229.2000,3229.4000,3229.6000,3229.8000,3230.0000,2,1,1,2,1,1,1,6,3,3
SF,IH2012,2020-09-08 09:32:04.100,3229.2000,24093,0,316569960.000,1,0,1,多换,S,3229.2000,3228.2000,3228.0000,3227.8000,3227.6000,3229.4000,3229.6000,3229.8000,3230.0000,3231.0000,1,3,1,1,2,1,6,3,3,1
SF,IH2012,2020-09-08 09:32:04.600,3229.2000,24092,-1,317538720.000,1,0,1,双平,S,3228.2000,3228.0000,3227.8000,3227.6000,3227.4000,3229.2000,3229.4000,3229.6000,3229.8000,3230.0000,1,1,1,2,1,1,1,6,3,3
SF,IH2012,2020-09-08 09:32:05.100,3229.2000,24092,0,318507480.000,1,0,1,多换,S,3228.4000,3228.2000,3228.0000,3227.8000,3227.6000,3229.4000,3229.6000,3229.8000,3230.0000,3231.0000,3,1,1,1,2,1,6,3,3,1
SF,IH2012,2020-09-08 09:32:05.600,3229.2000,24092,0,318507480.000,0,-,-,-,-,3229.2000,3228.4000,3228.2000,3228.0000,3227.8000,3229.4000,3229.6000,3229.8000,3230.0000,3231.0000,1,3,1,1,1,1,6,3,3,1
SF,IH2012,2020-09-08 09:32:06.100,3229.2000,24091,-1,321413820.000,3,1,2,多平,S,3229.4000,3228.6000,3228.4000,3228.2000,3228.0000,3229.6000,3229.8000,3230.0000,3231.0000,3231.4000,2,1,3,1,1,5,3,3,1,1
SF,IH2012,2020-09-08 09:32:06.600,3229.2000,24090,-1,322382580.000,1,0,1,双平,S,3228.4000,3228.2000,3228.0000,3227.8000,3227.6000,3229.6000,3229.8000,3230.0000,3231.0000,3231.4000,2,1,1,1,2,5,3,3,1,1
SF,IH2012,2020-09-08 09:32:07.100,3229.2000,24090,0,322382580.000,0,-,-,-,-,3228.4000,3228.2000,3228.0000,3227.8000,3227.6000,3229.4000,3229.6000,3229.8000,3230.0000,3231.0000,2,1,1,1,2,1,5,3,3,1
SF,IH2012,2020-09-08 09:32:07.600,3229.2000,24090,0,322382580.000,0,-,-,-,-,3228.6000,3228.4000,3228.2000,3228.0000,3227.8000,3229.6000,3229.8000,3230.0000,3231.0000,3231.4000,1,1,1,1,1,5,3,3,1,1
SF,IH2012,2020-09-08 09:32:08.100,3229.2000,24090,0,322382580.000,0,-,-,-,-,3228.6000,3228.4000,3228.2000,3228.0000,3227.8000,3229.6000,3229.8000,3230.0000,3231.0000,3231.4000,1,1,1,1,1,5,2,3,1,1
SF,IH2012,2020-09-08 09:32:09.100,3229.2000,24090,0,322382580.000,0,-,-,-,-,3228.6000,3228.4000,3228.2000,3228.0000,3227.8000,3229.6000,3229.8000,3230.0000,3231.0000,3231.4000,1,1,1,1,1,5,2,3,1,1
SF,IH2012,2020-09-08 09:32:09.600,3228.4000,24089,-1,323351100.000,1,0,1,双平,S,3228.2000,3228.0000,3227.6000,3227.4000,3227.2000,3229.4000,3229.6000,3229.8000,3230.0000,3231.0000,1,1,2,1,1,2,5,2,3,1
SF,IH2012,2020-09-08 09:32:10.100,3228.2000,24089,0,324319560.000,1,0,1,多换,S,3228.0000,3227.6000,3227.4000,3227.2000,3227.0000,3229.2000,3229.6000,3229.8000,3230.0000,3231.0000,1,2,1,1,1,3,5,2,3,1
SF,IH2012,2020-09-08 09:32:10.600,3228.2000,24089,0,325288020.000,1,0,1,多换,S,3227.6000,3227.4000,3227.2000,3227.0000,3226.6000,3229.0000,3229.2000,3229.6000,3229.8000,3230.0000,2,1,1,1,1,2,2,6,2,3
SF,IH2012,2020-09-08 09:32:11.100,3228.2000,24089,0,325288020.000,0,-,-,-,-,3227.6000,3227.4000,3227.2000,3227.0000,3226.6000,3228.8000,3229.0000,3229.2000,3229.6000,3229.8000,2,1,1,1,1,2,2,1,6,2
SF,IH2012,2020-09-08 09:32:11.600,3227.6000,24089,0,326256300.000,1,0,1,多换,S,3227.6000,3227.4000,3227.2000,3227.0000,3226.6000,3228.6000,3228.8000,3229.0000,3229.2000,3229.6000,1,1,1,1,1,1,2,1,1,6
SF,IH2012,2020-09-08 09:32:12.100,3227.6000,24089,0,326256300.000,0,-,-,-,-,3227.6000,3227.4000,3227.2000,3227.0000,3226.6000,3228.4000,3228.8000,3229.0000,3229.2000,3229.6000,1,1,1,1,1,2,1,1,1,6
SF,IH2012,2020-09-08 09:32:12.600,3227.6000,24089,0,327224580.000,1,0,1,多换,S,3227.4000,3227.2000,3227.0000,3226.6000,3226.0000,3228.4000,3228.8000,3229.0000,3229.2000,3229.6000,1,1,1,1,1,2,1,1,1,6
SF,IH2012,2020-09-08 09:32:13.100,3227.6000,24089,0,327224580.000,0,-,-,-,-,3228.2000,3228.0000,3227.8000,3227.6000,3227.4000,3228.4000,3228.8000,3229.0000,3229.6000,3229.8000,4,3,1,5,3,1,1,1,6,2
SF,IH2012,2020-09-08 09:32:13.600,3227.6000,24083,-6,334971660.000,8,1,7,多平,S,3227.2000,3227.0000,3226.6000,3226.0000,3225.6000,3228.0000,3228.2000,3228.8000,3229.0000,3229.6000,1,1,1,1,1,1,2,1,1,6
SF,IH2012,2020-09-08 09:32:14.100,3227.6000,24083,0,334971660.000,0,-,-,-,-,3227.0000,3226.6000,3226.0000,3225.6000,3225.0000,3227.8000,3228.0000,3228.2000,3228.8000,3229.0000,1,1,1,1,2,1,1,2,1,1
SF,IH2012,2020-09-08 09:32:14.600,3227.0000,24083,0,335939760.000,1,0,1,多换,S,3226.6000,3226.0000,3225.6000,3225.0000,3223.8000,3227.8000,3228.2000,3228.8000,3229.0000,3229.6000,1,1,1,2,1,2,2,1,2,6
SF,IH2012,2020-09-08 09:32:15.100,3227.0000,24083,0,335939760.000,0,-,-,-,-,3226.6000,3226.0000,3225.6000,3225.0000,3223.8000,3227.6000,3227.8000,3228.2000,3228.8000,3229.0000,1,1,1,2,1,3,2,2,1,2
SF,IH2012,2020-09-08 09:32:15.600,3227.0000,24083,0,335939760.000,0,-,-,-,-,3226.6000,3226.0000,3225.6000,3225.0000,3223.8000,3227.4000,3227.6000,3227.8000,3228.2000,3228.8000,1,1,1,2,1,2,1,2,3,1
SF,IH2012,2020-09-08 09:32:16.100,3227.0000,24083,0,335939760.000,0,-,-,-,-,3226.0000,3225.6000,3225.0000,3223.8000,3223.4000,3227.4000,3227.8000,3228.2000,3228.8000,3229.0000,1,1,2,1,1,2,2,3,1,2
SF,IH2012,2020-09-08 09:32:16.600,3227.0000,24083,0,335939760.000,0,-,-,-,-,3226.2000,3226.0000,3225.6000,3225.0000,3223.8000,3227.4000,3227.8000,3228.2000,3228.8000,3229.0000,2,2,1,2,1,2,2,3,1,2
SF,IH2012,2020-09-08 09:32:17.100,3227.0000,24083,0,335939760.000,0,-,-,-,-,3226.2000,3226.0000,3225.6000,3225.0000,3223.8000,3227.2000,3227.8000,3228.2000,3228.8000,3229.0000,2,2,1,2,1,2,2,3,1,2
SF,IH2012,2020-09-08 09:32:17.600,3227.0000,24083,0,335939760.000,0,-,-,-,-,3226.2000,3226.0000,3225.6000,3225.0000,3223.8000,3227.0000,3227.8000,3228.2000,3228.8000,3229.0000,1,2,1,2,1,2,2,3,1,2
SF,IH2012,2020-09-08 09:32:18.100,3227.0000,24083,0,335939760.000,0,-,-,-,-,3226.0000,3225.6000,3225.0000,3223.8000,3223.4000,3226.8000,3227.0000,3228.2000,3228.8000,3229.0000,1,1,2,1,1,1,2,3,1,1
SF,IH2012,2020-09-08 09:32:18.600,3226.6000,24083,0,337875540.000,2,1,1,多换,S,3225.6000,3225.0000,3223.8000,3223.4000,3221.0000,3226.8000,3228.2000,3229.0000,3229.6000,3229.8000,1,2,1,1,1,2,3,1,6,1
SF,IH2012,2020-09-08 09:32:19.100,3226.6000,24083,0,337875540.000,0,-,-,-,-,3225.6000,3225.0000,3223.8000,3223.4000,3221.0000,3226.2000,3226.6000,3226.8000,3228.2000,3229.0000,1,2,1,1,1,1,4,2,3,1
SF,IH2012,2020-09-08 09:32:19.600,3225.6000,24082,-1,338843220.000,1,0,1,双平,S,3225.0000,3223.8000,3223.4000,3221.0000,3220.0000,3226.2000,3226.6000,3226.8000,3228.2000,3229.0000,2,1,1,1,2,1,4,2,1,1
SF,IH2012,2020-09-08 09:32:20.100,3225.6000,24081,-1,339810900.000,1,0,1,双平,S,3225.2000,3225.0000,3224.4000,3223.8000,3223.4000,3226.2000,3226.6000,3226.8000,3228.2000,3229.0000,1,2,2,1,1,1,4,2,1,1
SF,IH2012,2020-09-08 09:32:20.600,3226.2000,24080,-1,340778760.000,1,0,1,双平,S,3225.2000,3225.0000,3224.4000,3223.8000,3223.4000,3226.6000,3226.8000,3228.2000,3229.0000,3229.6000,2,2,2,1,1,2,2,1,1,6
SF,IH2012,2020-09-08 09:32:21.100,3226.2000,24080,0,340778760.000,0,-,-,-,-,3226.2000,3225.2000,3225.0000,3224.4000,3223.8000,3226.8000,3228.2000,3229.0000,3229.6000,3229.8000,1,2,2,2,1,2,1,1,6,1
SF,IH2012,2020-09-08 09:32:21.600,3226.2000,24079,-1,341746620.000,1,0,1,双平,S,3225.2000,3225.0000,3224.4000,3223.8000,3223.4000,3226.4000,3226.6000,3226.8000,3228.2000,3229.0000,2,2,2,1,1,1,1,2,1,1
SF,IH2012,2020-09-08 09:32:22.100,3226.8000,24074,-5,348522240.000,7,1,6,多平,S,3226.4000,3226.0000,3225.6000,3225.4000,3225.2000,3228.2000,3229.0000,3229.6000,3229.8000,3230.0000,1,2,7,8,4,1,1,6,1,2
SF,IH2012,2020-09-08 09:32:22.600,3225.4000,24073,-1,350457480.000,2,0,2,多平,S,3225.4000,3225.2000,3225.0000,3223.8000,3223.4000,3228.0000,3228.2000,3229.0000,3229.6000,3229.8000,1,1,2,1,1,5,1,1,6,1
SF,IH2012,2020-09-08 09:32:23.100,3225.4000,24073,0,350457480.000,0,-,-,-,-,3226.8000,3226.6000,3226.4000,3226.2000,3226.0000,3227.8000,3228.0000,3228.2000,3229.0000,3229.6000,2,3,2,1,5,3,3,1,1,6
SF,IH2012,2020-09-08 09:32:23.600,3225.4000,24073,0,350457480.000,0,-,-,-,-,3226.0000,3225.6000,3225.4000,3225.2000,3225.0000,3227.6000,3227.8000,3228.0000,3228.2000,3229.0000,3,2,2,1,2,1,3,1,1,1
SF,IH2012,2020-09-08 09:32:24.100,3225.4000,24073,0,350457480.000,0,-,-,-,-,3227.0000,3226.4000,3226.2000,3226.0000,3225.6000,3227.6000,3228.0000,3228.2000,3229.0000,3229.6000,1,1,6,2,1,1,1,1,1,6
SF,IH2012,2020-09-08 09:32:24.600,3225.4000,24076,3,359166060.000,9,6,3,空开,S,3225.2000,3225.0000,3224.0000,3223.8000,3223.4000,3226.8000,3227.0000,3227.4000,3227.6000,3228.0000,1,2,1,1,1,1,1,1,1,1
SF,IH2012,2020-09-08 09:32:25.100,3225.4000,24076,0,359166060.000,0,-,-,-,-,3225.8000,3225.4000,3225.2000,3225.0000,3224.0000,3226.6000,3226.8000,3227.0000,3227.4000,3228.0000,1,3,2,2,1,1,1,1,1,1
SF,IH2012,2020-09-08 09:32:25.600,3225.4000,24076,0,359166060.000,0,-,-,-,-,3225.4000,3225.2000,3225.0000,3224.0000,3223.8000,3226.6000,3227.0000,3227.4000,3228.0000,3228.2000,2,1,2,1,1,2,1,1,1,1
SF,IH2012,2020-09-08 09:32:26.100,3226.6000,24076,0,361102020.000,2,1,1,多换,S,3225.4000,3225.2000,3225.0000,3224.0000,3223.8000,3227.0000,3227.4000,3228.0000,3228.2000,3229.0000,1,1,2,1,1,1,1,1,1,1
SF,IH2012,2020-09-08 09:32:26.600,3226.6000,24076,0,361102020.000,0,-,-,-,-,3225.6000,3225.4000,3225.2000,3225.0000,3224.0000,3225.8000,3226.8000,3227.0000,3228.0000,3228.2000,1,1,1,2,1,1,2,1,1,1
SF,IH2012,2020-09-08 09:32:27.100,3226.8000,24077,1,363037860.000,2,1,1,空开,S,3226.2000,3226.0000,3225.8000,3225.6000,3225.4000,3228.2000,3229.0000,3229.6000,3229.8000,3230.0000,1,1,2,3,1,1,1,6,1,2
SF,IH2012,2020-09-08 09:32:27.600,3226.8000,24077,0,363037860.000,0,-,-,-,-,3226.4000,3226.2000,3226.0000,3225.8000,3225.6000,3228.0000,3228.2000,3229.0000,3229.6000,3229.8000,1,1,2,2,1,3,1,1,6,1
SF,IH2012,2020-09-08 09:32:28.100,3226.8000,24077,0,363037860.000,0,-,-,-,-,3226.6000,3226.4000,3226.2000,3225.8000,3225.4000,3228.0000,3228.2000,3229.0000,3229.6000,3229.8000,1,2,1,2,1,1,1,1,6,1
SF,IH2012,2020-09-08 09:32:28.600,3226.8000,24077,0,363037860.000,0,-,-,-,-,3226.8000,3226.2000,3225.8000,3225.4000,3225.2000,3228.0000,3228.2000,3229.0000,3229.6000,3229.8000,2,1,2,1,2,1,1,1,6,1
SF,IH2012,2020-09-08 09:32:29.100,3226.8000,24077,0,363037860.000,0,-,-,-,-,3226.2000,3225.8000,3225.4000,3225.2000,3225.0000,3226.8000,3227.8000,3228.0000,3228.2000,3229.0000,1,2,1,2,2,1,4,1,1,1
SF,IH2012,2020-09-08 09:32:29.600,3226.8000,24077,0,363037860.000,0,-,-,-,-,3226.2000,3225.8000,3225.4000,3225.2000,3225.0000,3226.8000,3227.8000,3228.0000,3228.2000,3229.0000,1,1,1,2,2,1,3,1,1,1
SF,IH2012,2020-09-08 09:32:30.600,3226.8000,24077,0,363037860.000,0,-,-,-,-,3226.2000,3225.8000,3225.4000,3225.2000,3225.0000,3227.8000,3228.0000,3228.2000,3229.0000,3229.6000,1,1,1,2,2,3,1,1,1,6
SF,IH2012,2020-09-08 09:32:31.100,3226.8000,24077,0,363037860.000,0,-,-,-,-,3226.2000,3225.8000,3225.4000,3225.2000,3225.0000,3227.6000,3227.8000,3228.0000,3228.2000,3229.0000,1,1,1,2,2,2,3,1,1,1
SF,IH2012,2020-09-08 09:32:31.600,3226.8000,24077,0,364005900.000,1,0,1,多换,S,3226.2000,3225.8000,3225.4000,3225.2000,3225.0000,3227.4000,3227.6000,3227.8000,3228.0000,3228.2000,1,1,1,2,2,1,2,2,1,1
SF,IH2012,2020-09-08 09:32:32.100,3226.8000,24077,0,364005900.000,0,-,-,-,-,3226.2000,3225.8000,3225.4000,3225.2000,3225.0000,3227.2000,3227.4000,3227.8000,3228.0000,3228.2000,1,1,1,2,2,1,1,2,1,1
SF,IH2012,2020-09-08 09:32:32.600,3226.8000,24077,0,364005900.000,0,-,-,-,-,3226.2000,3225.8000,3225.4000,3225.2000,3225.0000,3227.2000,3227.4000,3227.8000,3228.0000,3228.2000,1,1,1,2,3,1,1,1,1,1
SF,IH2012,2020-09-08 09:32:33.100,3226.2000,24077,0,364973760.000,1,0,1,多换,S,3225.8000,3225.4000,3225.2000,3225.0000,3224.8000,3227.0000,3227.8000,3228.0000,3228.2000,3229.0000,1,1,2,3,1,2,1,1,1,1
SF,IH2012,2020-09-08 09:32:33.600,3226.2000,24077,0,364973760.000,0,-,-,-,-,3225.8000,3225.4000,3225.2000,3225.0000,3224.8000,3226.8000,3227.0000,3228.0000,3228.2000,3229.0000,1,1,2,3,1,1,2,1,1,1
SF,IH2012,2020-09-08 09:32:34.100,3226.2000,24077,0,364973760.000,0,-,-,-,-,3225.8000,3225.4000,3225.2000,3225.0000,3224.8000,3226.8000,3227.0000,3228.0000,3228.2000,3229.0000,1,1,2,3,1,1,1,1,1,1
SF,IH2012,2020-09-08 09:32:34.600,3226.2000,24077,0,364973760.000,0,-,-,-,-,3225.8000,3225.4000,3225.2000,3225.0000,3224.8000,3226.8000,3227.0000,3227.8000,3228.0000,3228.2000,1,1,2,3,1,1,1,1,1,1
SF,IH2012,2020-09-08 09:32:35.100,3225.8000,24076,-1,365941500.000,1,0,1,双平,S,3225.4000,3225.2000,3225.0000,3224.8000,3224.0000,3226.8000,3227.0000,3227.8000,3228.0000,3228.2000,1,2,3,1,1,1,1,1,1,1
SF,IH2012,2020-09-08 09:32:35.600,3225.8000,24076,0,365941500.000,0,-,-,-,-,3225.2000,3225.0000,3224.8000,3224.0000,3223.8000,3226.6000,3227.8000,3228.0000,3228.2000,3229.0000,2,3,1,1,1,2,1,1,1,2
SF,IH2012,2020-09-08 09:32:36.100,3225.8000,24076,0,365941500.000,0,-,-,-,-,3225.2000,3225.0000,3224.8000,3224.0000,3223.8000,3226.6000,3227.8000,3228.0000,3228.2000,3229.0000,2,3,1,1,1,2,1,1,1,2
SF,IH2012,2020-09-08 09:32:36.600,3225.8000,24076,0,365941500.000,0,-,-,-,-,3225.2000,3225.0000,3224.8000,3224.0000,3223.8000,3225.6000,3226.6000,3227.8000,3228.0000,3228.2000,2,3,1,1,1,1,2,1,1,1
SF,IH2012,2020-09-08 09:32:37.100,3225.6000,24075,-1,366909180.000,1,0,1,双平,S,3225.2000,3225.0000,3224.8000,3224.0000,3223.8000,3226.6000,3227.8000,3228.2000,3229.0000,3229.6000,1,3,1,1,1,1,1,1,2,6
SF,IH2012,2020-09-08 09:32:37.600,3225.6000,24075,0,366909180.000,0,-,-,-,-,3225.2000,3225.0000,3224.8000,3224.0000,3223.8000,3226.4000,3226.6000,3227.8000,3228.2000,3229.0000,1,3,1,1,1,3,1,1,1,2
SF,IH2012,2020-09-08 09:32:38.100,3225.6000,24075,0,366909180.000,0,-,-,-,-,3225.2000,3225.0000,3224.8000,3224.0000,3223.8000,3226.2000,3226.4000,3227.4000,3227.8000,3228.2000,1,3,1,1,1,2,3,1,1,1
SF,IH2012,2020-09-08 09:32:38.600,3225.0000,24075,0,370779240.000,4,2,2,多换,S,3225.0000,3224.8000,3224.0000,3223.8000,3223.4000,3225.2000,3226.0000,3226.2000,3226.4000,3227.4000,1,1,1,1,1,1,1,1,2,1
SF,IH2012,2020-09-08 09:32:39.100,3224.8000,24073,-2,372714180.000,2,0,2,双平,S,3224.0000,3223.8000,3220.0000,3217.0000,3216.0000,3225.0000,3225.2000,3226.2000,3226.4000,3227.4000,1,1,2,2,1,2,1,1,2,1
SF,IH2012,2020-09-08 09:32:39.600,3224.0000,24073,0,373681380.000,1,0,1,多换,S,3223.8000,3220.0000,3217.0000,3216.0000,3212.6000,3225.0000,3225.2000,3226.2000,3226.4000,3227.4000,1,2,2,1,1,3,1,1,2,1
SF,IH2012,2020-09-08 09:32:40.100,3223.8000,24073,0,374648520.000,1,0,1,多换,S,3220.0000,3217.0000,3216.0000,3212.6000,3211.6000,3224.8000,3225.0000,3225.2000,3226.4000,3227.4000,2,2,1,1,1,2,3,1,2,1
SF,IH2012,2020-09-08 09:32:40.600,3224.6000,24072,-1,375615900.000,1,0,1,双平,S,3223.0000,3222.6000,3222.4000,3222.2000,3222.0000,3224.6000,3224.8000,3225.0000,3226.4000,3227.4000,1,1,1,2,1,2,1,1,2,1
SF,IH2012,2020-09-08 09:32:41.100,3224.6000,24072,0,375615900.000,0,-,-,-,-,3223.2000,3222.4000,3222.2000,3222.0000,3221.6000,3224.4000,3224.6000,3225.0000,3226.4000,3227.4000,2,1,2,1,1,1,1,1,1,1
SF,IH2012,2020-09-08 09:32:41.600,3224.6000,24072,0,375615900.000,0,-,-,-,-,3223.4000,3223.2000,3222.6000,3222.4000,3222.2000,3224.4000,3224.6000,3225.0000,3227.4000,3227.8000,1,3,1,1,1,1,1,1,1,1
SF,IH2012,2020-09-08 09:32:42.100,3224.6000,24072,0,375615900.000,0,-,-,-,-,3224.4000,3223.4000,3223.2000,3222.6000,3222.4000,3225.0000,3227.4000,3227.8000,3228.2000,3228.8000,1,1,2,1,1,1,1,1,1,2
SF,IH2012,2020-09-08 09:32:42.600,3225.0000,24071,-1,376583400.000,1,0,1,双平,S,3223.4000,3223.2000,3222.4000,3222.2000,3222.0000,3227.4000,3227.8000,3228.0000,3228.2000,3228.8000,1,2,1,1,1,1,1,2,1,2
SF,IH2012,2020-09-08 09:32:43.100,3225.0000,24071,0,376583400.000,0,-,-,-,-,3223.6000,3223.4000,3223.2000,3222.4000,3222.2000,3227.0000,3227.2000,3227.4000,3227.8000,3228.0000,2,1,1,1,1,4,2,1,1,2
SF,IH2012,2020-09-08 09:32:43.600,3225.0000,24071,0,376583400.000,0,-,-,-,-,3223.8000,3223.6000,3223.4000,3223.2000,3222.2000,3226.6000,3226.8000,3227.0000,3227.2000,3227.4000,3,3,1,1,1,1,1,4,1,1
SF,IH2012,2020-09-08 09:32:44.100,3224.0000,24070,-1,377550600.000,1,0,1,双平,S,3223.8000,3223.6000,3223.2000,3222.2000,3222.0000,3226.2000,3226.4000,3226.6000,3227.0000,3227.4000,3,1,1,1,1,1,4,1,4,1
SF,IH2012,2020-09-08 09:32:44.600,3224.0000,24070,0,377550600.000,0,-,-,-,-,3223.8000,3223.6000,3223.2000,3222.2000,3222.0000,3225.8000,3226.0000,3226.2000,3226.4000,3226.6000,3,1,1,1,1,1,3,1,2,1
SF,IH2012,2020-09-08 09:32:45.100,3224.0000,24070,0,377550600.000,0,-,-,-,-,3224.0000,3223.8000,3223.2000,3222.2000,3222.0000,3224.4000,3225.6000,3225.8000,3226.0000,3226.2000,1,3,1,1,1,1,2,4,1,1
SF,IH2012,2020-09-08 09:32:45.600,3224.4000,24069,-1,378517920.000,1,0,1,双平,S,3224.0000,3223.8000,3223.2000,3222.2000,3222.0000,3225.6000,3225.8000,3226.2000,3226.6000,3227.0000,1,3,1,1,1,2,4,1,1,4
SF,IH2012,2020-09-08 09:32:46.100,3224.4000,24069,0,378517920.000,0,-,-,-,-,3224.4000,3224.2000,3223.8000,3223.2000,3222.2000,3225.4000,3225.6000,3225.8000,3226.2000,3226.6000,1,1,2,1,1,3,2,4,1,1
SF,IH2012,2020-09-08 09:32:46.600,3224.4000,24069,0,378517920.000,0,-,-,-,-,3224.4000,3223.8000,3223.2000,3222.2000,3222.0000,3225.2000,3225.4000,3225.8000,3226.2000,3226.6000,1,2,1,1,1,1,3,4,1,1
SF,IH2012,2020-09-08 09:32:47.100,3224.4000,24069,0,378517920.000,0,-,-,-,-,3224.4000,3223.8000,3223.2000,3222.2000,3222.0000,3225.2000,3225.4000,3225.8000,3226.2000,3226.6000,1,2,1,1,1,1,1,4,1,1
SF,IH2012,2020-09-08 09:32:47.600,3224.4000,24069,0,378517920.000,0,-,-,-,-,3224.4000,3223.8000,3223.2000,3222.2000,3222.0000,3225.2000,3225.4000,3225.8000,3226.2000,3226.6000,1,2,1,1,1,1,1,4,1,1
SF,IH2012,2020-09-08 09:32:48.100,3224.4000,24069,0,379485240.000,1,0,1,多换,S,3224.8000,3223.2000,3222.2000,3222.0000,3221.6000,3225.0000,3225.2000,3225.4000,3225.8000,3226.2000,1,1,1,1,1,1,1,1,4,1
SF,IH2012,2020-09-08 09:32:48.600,3224.8000,24069,0,380452680.000,1,0,1,多换,S,3223.2000,3222.2000,3222.0000,3221.6000,3220.6000,3224.6000,3224.8000,3225.0000,3225.4000,3225.8000,1,1,1,1,1,1,4,1,1,4
SF,IH2012,2020-09-08 09:32:49.100,3224.8000,24069,0,380452680.000,0,-,-,-,-,3223.4000,3223.2000,3222.2000,3222.0000,3221.6000,3224.6000,3224.8000,3225.0000,3225.4000,3225.8000,2,1,1,1,1,1,3,1,1,4
SF,IH2012,2020-09-08 09:32:50.100,3224.8000,24069,0,380452680.000,0,-,-,-,-,3223.4000,3223.2000,3222.2000,3222.0000,3221.6000,3224.4000,3224.6000,3224.8000,3225.0000,3225.4000,1,1,1,1,1,1,1,3,1,1
SF,IH2012,2020-09-08 09:32:50.600,3224.4000,24068,-1,381420000.000,1,0,1,双平,S,3223.2000,3222.2000,3222.0000,3221.6000,3220.6000,3224.8000,3225.0000,3225.4000,3225.8000,3226.2000,1,1,1,1,1,3,1,1,4,1
SF,IH2012,2020-09-08 09:32:51.100,3224.4000,24068,0,381420000.000,0,-,-,-,-,3223.2000,3222.2000,3222.0000,3221.6000,3220.6000,3224.6000,3224.8000,3225.0000,3225.4000,3225.8000,1,1,1,1,1,3,3,1,1,4
SF,IH2012,2020-09-08 09:32:51.600,3224.4000,24068,0,381420000.000,0,-,-,-,-,3223.2000,3222.0000,3221.6000,3220.6000,3220.4000,3224.6000,3224.8000,3225.4000,3225.8000,3226.6000,1,1,1,1,2,3,3,1,4,1
SF,IH2012,2020-09-08 09:32:52.100,3224.4000,24068,0,381420000.000,0,-,-,-,-,3223.2000,3222.0000,3221.6000,3220.6000,3220.4000,3224.6000,3224.8000,3225.4000,3225.8000,3226.6000,1,1,1,1,2,2,3,1,4,1
SF,IH2012,2020-09-08 09:32:52.600,3224.4000,24068,0,381420000.000,0,-,-,-,-,3223.2000,3222.0000,3221.6000,3220.6000,3220.4000,3224.4000,3224.6000,3224.8000,3225.4000,3225.8000,1,1,1,1,2,1,2,3,1,4
SF,IH2012,2020-09-08 09:32:53.100,3224.4000,24068,0,381420000.000,0,-,-,-,-,3223.2000,3223.0000,3222.0000,3221.6000,3220.6000,3224.4000,3224.6000,3224.8000,3225.4000,3225.8000,1,1,1,1,1,1,1,3,1,4
SF,IH2012,2020-09-08 09:32:53.600,3224.4000,24068,0,381420000.000,0,-,-,-,-,3223.2000,3223.0000,3222.0000,3221.6000,3220.6000,3224.2000,3224.4000,3224.6000,3224.8000,3225.4000,1,1,1,1,1,1,1,1,1,1
SF,IH2012,2020-09-08 09:32:54.100,3223.4000,24067,-1,382387020.000,1,0,1,双平,S,3223.2000,3223.0000,3222.0000,3221.6000,3220.6000,3224.6000,3224.8000,3225.4000,3225.8000,3226.6000,1,1,1,1,1,1,1,1,3,1
SF,IH2012,2020-09-08 09:32:54.600,3223.4000,24067,0,382387020.000,0,-,-,-,-,3224.4000,3223.4000,3223.2000,3223.0000,3222.0000,3224.8000,3225.4000,3225.8000,3226.6000,3227.0000,1,2,1,1,1,1,1,3,1,5
SF,IH2012,2020-09-08 09:32:55.100,3223.4000,24067,0,382387020.000,0,-,-,-,-,3224.4000,3223.4000,3223.2000,3223.0000,3222.0000,3224.6000,3225.4000,3225.8000,3226.6000,3227.0000,1,2,1,1,1,1,1,3,1,5
SF,IH2012,2020-09-08 09:32:55.600,3224.6000,24067,0,383354400.000,1,0,1,多换,S,3224.4000,3223.4000,3223.2000,3223.0000,3222.0000,3225.4000,3225.8000,3226.6000,3227.0000,3227.4000,1,2,1,1,1,1,3,1,5,1
SF,IH2012,2020-09-08 09:32:56.600,3224.4000,24067,0,384321720.000,1,0,1,多换,S,3223.4000,3223.2000,3223.0000,3222.0000,3221.6000,3225.4000,3225.8000,3226.6000,3227.0000,3227.4000,2,1,1,1,1,1,3,1,5,1
SF,IH2012,2020-09-08 09:32:57.100,3224.4000,24067,0,384321720.000,0,-,-,-,-,3223.6000,3223.4000,3223.2000,3223.0000,3222.0000,3225.2000,3225.4000,3225.8000,3226.6000,3227.0000,2,1,1,1,1,1,1,3,1,5
SF,IH2012,2020-09-08 09:32:57.600,3224.4000,24067,0,384321720.000,0,-,-,-,-,3223.8000,3223.6000,3223.2000,3223.0000,3222.0000,3225.2000,3225.4000,3225.8000,3226.6000,3227.0000,1,2,1,1,1,1,1,3,1,5
SF,IH2012,2020-09-08 09:32:58.100,3224.4000,24067,0,384321720.000,0,-,-,-,-,3223.8000,3223.2000,3223.0000,3222.0000,3221.6000,3225.2000,3225.4000,3225.8000,3226.6000,3227.0000,1,1,1,1,1,1,1,3,1,5
SF,IH2012,2020-09-08 09:32:58.600,3224.4000,24067,0,384321720.000,0,-,-,-,-,3223.2000,3223.0000,3222.0000,3221.6000,3220.6000,3225.0000,3225.2000,3225.4000,3225.8000,3226.6000,1,1,1,1,1,2,1,1,3,1
SF,IH2012,2020-09-08 09:32:59.100,3224.4000,24067,0,384321720.000,0,-,-,-,-,3223.2000,3223.0000,3222.0000,3221.6000,3220.6000,3224.8000,3225.0000,3225.4000,3225.8000,3227.0000,1,1,1,1,1,1,4,1,3,5
SF,IH2012,2020-09-08 09:32:59.600,3224.4000,24067,0,384321720.000,0,-,-,-,-,3223.2000,3223.0000,3222.0000,3221.6000,3220.6000,3224.6000,3224.8000,3225.0000,3225.4000,3225.8000,1,1,1,1,1,2,1,2,1,3
SF,IH2012,2020-09-08 09:33:00.100,3224.6000,24067,0,385289100.000,1,0,1,多换,S,3223.4000,3223.2000,3223.0000,3222.0000,3221.6000,3224.6000,3224.8000,3225.0000,3225.4000,3225.8000,1,1,1,1,1,1,1,2,1,3
SF,IH2012,2020-09-08 09:33:00.600,3224.6000,24067,0,386256480.000,1,0,1,多换,S,3223.4000,3223.2000,3223.0000,3222.0000,3221.6000,3224.8000,3225.0000,3225.4000,3225.8000,3227.0000,1,1,1,1,1,1,2,1,3,5
SF,IH2012,2020-09-08 09:33:01.100,3224.6000,24067,0,386256480.000,0,-,-,-,-,3223.6000,3223.4000,3223.2000,3223.0000,3222.0000,3224.8000,3225.0000,3225.4000,3225.8000,3227.0000,2,1,1,1,1,1,2,1,3,5
SF,IH2012,2020-09-08 09:33:01.600,3224.6000,24067,0,386256480.000,0,-,-,-,-,3223.6000,3223.4000,3223.2000,3223.0000,3222.0000,3225.0000,3225.4000,3225.8000,3227.0000,3227.4000,1,1,1,2,1,1,1,3,5,1
SF,IH2012,2020-09-08 09:33:02.100,3223.6000,24067,0,387223560.000,1,0,1,多换,S,3223.4000,3223.2000,3223.0000,3222.0000,3221.6000,3224.8000,3225.0000,3225.4000,3225.8000,3227.0000,1,1,2,1,1,1,1,1,3,5
SF,IH2012,2020-09-08 09:33:02.600,3223.4000,24067,0,388190580.000,1,0,1,多换,S,3223.0000,3222.0000,3221.6000,3220.6000,3220.4000,3224.6000,3225.0000,3225.4000,3225.8000,3227.0000,2,1,1,1,2,4,1,1,3,5
SF,IH2012,2020-09-08 09:33:03.100,3223.4000,24067,0,388190580.000,0,-,-,-,-,3223.0000,3222.0000,3221.6000,3220.6000,3220.4000,3224.2000,3224.6000,3225.0000,3225.2000,3225.4000,2,1,1,1,2,1,5,1,2,1
SF,IH2012,2020-09-08 09:33:03.600,3223.4000,24067,0,388190580.000,0,-,-,-,-,3223.0000,3222.0000,3221.6000,3220.6000,3220.4000,3224.0000,3224.2000,3224.6000,3224.8000,3225.0000,2,1,1,1,2,1,2,4,1,1
SF,IH2012,2020-09-08 09:33:04.100,3223.4000,24067,0,388190580.000,0,-,-,-,-,3223.0000,3222.0000,3221.6000,3220.6000,3220.4000,3224.2000,3224.6000,3224.8000,3225.0000,3225.2000,2,1,1,1,2,1,4,1,1,2
SF,IH2012,2020-09-08 09:33:05.100,3223.4000,24067,0,388190580.000,0,-,-,-,-,3223.0000,3222.0000,3221.6000,3220.6000,3220.4000,3224.6000,3224.8000,3225.0000,3225.2000,3225.4000,2,1,1,1,2,3,1,1,2,1
SF,IH2012,2020-09-08 09:33:05.600,3223.2000,24066,-1,389157540.000,1,0,1,双平,S,3223.2000,3223.0000,3222.0000,3221.6000,3220.6000,3224.6000,3224.8000,3225.0000,3225.2000,3225.4000,3,3,1,1,1,1,1,1,2,1
SF,IH2012,2020-09-08 09:33:06.100,3223.2000,24066,0,389157540.000,0,-,-,-,-,3223.2000,3223.0000,3222.0000,3221.6000,3220.6000,3224.6000,3224.8000,3225.0000,3225.2000,3225.4000,2,3,1,1,1,1,1,1,2,1
SF,IH2012,2020-09-08 09:33:06.600,3223.2000,24065,-1,390124500.000,1,0,1,双平,S,3223.2000,3223.0000,3222.0000,3221.6000,3220.6000,3224.6000,3224.8000,3225.0000,3225.2000,3225.4000,1,3,1,1,1,1,1,1,2,1
SF,IH2012,2020-09-08 09:33:07.100,3223.2000,24065,0,390124500.000,0,-,-,-,-,3223.2000,3223.0000,3222.0000,3221.6000,3220.6000,3224.6000,3224.8000,3225.2000,3225.4000,3225.8000,1,3,1,1,1,1,1,2,1,3
SF,IH2012,2020-09-08 09:33:08.100,3223.2000,24065,0,390124500.000,0,-,-,-,-,3223.2000,3223.0000,3222.0000,3221.6000,3220.6000,3224.6000,3225.2000,3225.4000,3225.8000,3227.0000,1,3,1,1,1,1,2,1,3,4
SF,IH2012,2020-09-08 09:33:08.600,3223.2000,24065,0,390124500.000,0,-,-,-,-,3223.4000,3223.2000,3223.0000,3222.0000,3221.6000,3225.2000,3225.4000,3225.8000,3227.0000,3227.4000,1,1,3,1,1,2,1,3,4,1
SF,IH2012,2020-09-08 09:33:09.100,3223.2000,24065,0,390124500.000,0,-,-,-,-,3224.6000,3223.6000,3223.4000,3223.0000,3222.0000,3225.0000,3225.2000,3225.4000,3225.8000,3227.0000,1,1,1,3,1,2,2,1,3,4
SF,IH2012,2020-09-08 09:33:09.600,3224.6000,24065,0,391091880.000,1,0,1,多换,S,3223.0000,3222.0000,3221.6000,3220.6000,3220.4000,3224.4000,3224.6000,3225.2000,3225.4000,3225.8000,3,1,1,1,2,2,3,2,1,3
SF,IH2012,2020-09-08 09:33:10.100,3224.6000,24065,0,391091880.000,0,-,-,-,-,3223.2000,3223.0000,3222.0000,3221.6000,3220.6000,3224.4000,3224.6000,3225.2000,3225.4000,3225.8000,2,3,1,1,1,2,2,2,1,3
SF,IH2012,2020-09-08 09:33:10.600,3224.6000,24065,0,391091880.000,0,-,-,-,-,3223.2000,3223.0000,3222.0000,3221.6000,3220.6000,3224.2000,3224.4000,3224.6000,3225.2000,3225.4000,2,3,1,1,1,1,2,2,2,1
SF,IH2012,2020-09-08 09:33:11.100,3224.6000,24065,0,391091880.000,0,-,-,-,-,3223.2000,3223.0000,3222.0000,3221.6000,3220.6000,3224.4000,3224.6000,3225.2000,3225.4000,3225.8000,2,3,1,1,1,1,2,2,1,3
SF,IH2012,2020-09-08 09:33:11.600,3224.6000,24065,0,391091880.000,0,-,-,-,-,3223.2000,3223.0000,3222.4000,3222.0000,3221.6000,3224.4000,3224.6000,3225.2000,3225.4000,3225.8000,2,3,1,1,1,1,2,2,1,3
SF,IH2012,2020-09-08 09:33:13.100,3224.6000,24065,0,391091880.000,0,-,-,-,-,3223.2000,3223.0000,3222.4000,3222.0000,3221.6000,3224.2000,3224.4000,3224.6000,3225.2000,3225.4000,2,3,1,1,1,2,1,2,2,1
SF,IH2012,2020-09-08 09:33:13.600,3224.6000,24065,0,391091880.000,0,-,-,-,-,3223.2000,3223.0000,3222.4000,3222.0000,3221.6000,3224.2000,3224.4000,3224.6000,3225.2000,3225.4000,1,3,1,1,1,2,1,2,2,1
SF,IH2012,2020-09-08 09:33:14.100,3223.0000,24064,-1,393025740.000,2,0,2,多平,S,3223.0000,3222.4000,3222.0000,3221.6000,3220.6000,3224.2000,3224.4000,3224.6000,3225.2000,3225.4000,2,1,1,1,1,2,1,2,2,1
SF,IH2012,2020-09-08 09:33:14.600,3223.0000,24064,0,393992640.000,1,0,1,多换,S,3223.0000,3222.4000,3222.0000,3221.6000,3220.6000,3224.0000,3224.4000,3224.6000,3225.2000,3225.4000,1,1,1,1,1,2,2,2,2,1
SF,IH2012,2020-09-08 09:33:15.100,3224.0000,24062,-2,395927040.000,2,0,2,双平,S,3223.0000,3222.4000,3222.0000,3221.6000,3220.6000,3224.4000,3225.2000,3225.4000,3225.8000,3227.0000,1,1,1,1,1,2,2,1,3,4
SF,IH2012,2020-09-08 09:33:15.600,3224.0000,24062,0,395927040.000,0,-,-,-,-,3223.2000,3223.0000,3222.4000,3222.0000,3221.6000,3224.4000,3225.0000,3225.2000,3225.4000,3225.8000,4,1,1,1,1,2,1,2,1,3
SF,IH2012,2020-09-08 09:33:16.100,3224.4000,24061,-1,397861680.000,2,0,2,多平,S,3224.0000,3223.4000,3223.2000,3223.0000,3222.4000,3225.0000,3225.2000,3225.4000,3225.8000,3227.0000,1,2,10,1,1,1,2,1,3,4
SF,IH2012,2020-09-08 09:33:16.600,3224.4000,24061,0,397861680.000,0,-,-,-,-,3224.2000,3223.4000,3223.2000,3223.0000,3222.4000,3225.0000,3225.2000,3225.4000,3225.8000,3227.0000,1,2,6,1,1,1,2,1,3,4
SF,IH2012,2020-09-08 09:33:17.100,3224.4000,24061,0,397861680.000,0,-,-,-,-,3224.2000,3223.4000,3223.2000,3223.0000,3222.4000,3225.0000,3225.2000,3225.4000,3225.8000,3227.0000,1,1,2,1,1,1,2,1,3,4
SF,IH2012,2020-09-08 09:33:17.600,3225.0000,24061,0,398829180.000,1,0,1,多换,S,3224.4000,3224.2000,3223.4000,3223.2000,3223.0000,3225.2000,3225.4000,3225.8000,3227.0000,3227.4000,2,1,1,1,1,2,1,3,2,1
SF,IH2012,2020-09-08 09:33:18.100,3225.0000,24061,0,398829180.000,0,-,-,-,-,3224.8000,3224.6000,3224.4000,3224.2000,3223.4000,3225.2000,3225.8000,3227.0000,3227.4000,3227.8000,1,1,3,2,1,2,3,2,1,1
SF,IH2012,2020-09-08 09:33:18.600,3225.2000,24061,0,400764300.000,2,1,1,多换,S,3224.6000,3224.4000,3223.4000,3223.2000,3223.0000,3225.8000,3227.0000,3227.4000,3227.8000,3228.8000,1,1,1,1,1,3,1,1,1,2
SF,IH2012,2020-09-08 09:33:19.100,3225.2000,24061,0,400764300.000,0,-,-,-,-,3225.0000,3223.4000,3223.0000,3222.4000,3222.0000,3225.6000,3225.8000,3227.0000,3227.4000,3227.8000,1,1,1,1,1,4,3,1,1,1
SF,IH2012,2020-09-08 09:33:19.600,3225.6000,24059,-2,402699480.000,2,0,2,双平,S,3222.4000,3222.0000,3221.6000,3220.6000,3220.4000,3225.6000,3225.8000,3227.0000,3227.4000,3227.8000,1,1,1,1,2,1,4,1,1,1
SF,IH2012,2020-09-08 09:33:20.100,3225.6000,24059,0,402699480.000,0,-,-,-,-,3224.0000,3223.2000,3223.0000,3222.8000,3222.6000,3225.4000,3225.6000,3225.8000,3227.0000,3227.4000,1,4,5,3,5,4,1,4,1,1
SF,IH2012,2020-09-08 09:33:20.600,3225.4000,24058,-1,404634720.000,2,0,2,多平,S,3224.2000,3223.2000,3223.0000,3222.8000,3222.6000,3225.8000,3227.0000,3227.4000,3227.8000,3228.8000,2,4,4,3,4,4,1,1,1,2
SF,IH2012,2020-09-08 09:33:21.100,3225.4000,24058,0,404634720.000,0,-,-,-,-,3224.4000,3224.2000,3224.0000,3223.2000,3223.0000,3225.8000,3227.0000,3227.4000,3227.8000,3228.8000,3,4,1,5,4,4,1,1,1,2
SF,IH2012,2020-09-08 09:33:21.600,3225.8000,24057,-1,405602460.000,1,0,1,双平,S,3224.6000,3224.4000,3224.2000,3224.0000,3223.2000,3225.8000,3227.0000,3227.4000,3227.8000,3228.8000,2,3,2,1,5,3,1,1,1,2
SF,IH2012,2020-09-08 09:33:22.100,3225.8000,24057,0,405602460.000,0,-,-,-,-,3224.8000,3224.6000,3224.4000,3224.2000,3224.0000,3225.8000,3227.0000,3227.4000,3227.8000,3228.8000,2,2,3,2,1,3,1,1,1,2
SF,IH2012,2020-09-08 09:33:22.600,3225.8000,24057,0,405602460.000,0,-,-,-,-,3224.8000,3224.6000,3224.4000,3224.2000,3224.0000,3225.8000,3227.0000,3227.4000,3227.8000,3228.8000,2,2,2,2,1,3,1,1,1,2
SF,IH2012,2020-09-08 09:33:23.600,3225.8000,24057,0,405602460.000,0,-,-,-,-,3224.8000,3224.6000,3224.4000,3224.2000,3224.0000,3225.6000,3225.8000,3227.0000,3227.4000,3227.8000,2,2,2,2,1,1,3,1,1,1
SF,IH2012,2020-09-08 09:33:24.100,3225.8000,24057,0,405602460.000,0,-,-,-,-,3224.8000,3224.6000,3224.4000,3224.2000,3224.0000,3225.6000,3225.8000,3227.0000,3227.4000,3227.8000,2,2,2,2,1,1,3,1,1,1
SF,IH2012,2020-09-08 09:33:24.600,3225.8000,24056,-1,406570200.000,1,0,1,双平,S,3224.8000,3224.6000,3224.4000,3224.2000,3224.0000,3225.6000,3225.8000,3227.0000,3227.4000,3227.8000,2,2,2,2,1,1,4,1,1,1
SF,IH2012,2020-09-08 09:33:25.100,3225.6000,24055,-1,407537880.000,1,0,1,双平,S,3225.0000,3224.8000,3224.6000,3224.4000,3224.2000,3225.8000,3226.0000,3227.0000,3227.4000,3227.8000,2,2,1,2,2,4,1,1,1,1
SF,IH2012,2020-09-08 09:33:25.600,3225.8000,24052,-3,412376580.000,5,1,4,多平,S,3225.0000,3224.8000,3224.6000,3224.4000,3224.2000,3226.0000,3227.0000,3227.4000,3227.8000,3228.8000,2,2,1,2,2,1,1,1,1,2
SF,IH2012,2020-09-08 09:33:26.100,3226.0000,24051,-1,413344380.000,1,0,1,双平,S,3226.0000,3225.0000,3224.8000,3224.6000,3224.4000,3227.0000,3227.4000,3227.8000,3228.8000,3229.0000,1,2,2,1,2,1,1,1,2,2
SF,IH2012,2020-09-08 09:33:26.600,3226.0000,24051,0,413344380.000,0,-,-,-,-,3226.0000,3225.2000,3225.0000,3224.8000,3224.6000,3227.0000,3227.4000,3227.8000,3228.8000,3229.0000,1,1,2,2,1,1,1,1,2,2
SF,IH2012,2020-09-08 09:33:27.100,3226.0000,24051,0,413344380.000,0,-,-,-,-,3225.2000,3225.0000,3224.8000,3224.6000,3224.4000,3226.8000,3227.0000,3227.4000,3227.8000,3228.8000,1,2,2,1,2,1,2,1,1,2
SF,IH2012,2020-09-08 09:33:27.600,3226.0000,24051,0,413344380.000,0,-,-,-,-,3225.4000,3225.0000,3224.8000,3224.6000,3224.4000,3226.0000,3227.0000,3227.4000,3227.8000,3228.8000,1,1,2,1,2,1,2,1,1,2
SF,IH2012,2020-09-08 09:33:28.100,3225.4000,24051,0,415279620.000,2,1,1,多换,S,3224.8000,3224.6000,3224.4000,3224.2000,3224.0000,3225.4000,3226.6000,3227.0000,3227.4000,3227.8000,2,1,2,2,1,1,5,2,1,1
SF,IH2012,2020-09-08 09:33:28.600,3225.4000,24051,0,415279620.000,0,-,-,-,-,3224.8000,3224.6000,3224.4000,3224.2000,3224.0000,3226.6000,3227.0000,3227.4000,3227.8000,3228.8000,2,1,2,2,1,1,2,1,1,2
SF,IH2012,2020-09-08 09:33:29.100,3225.4000,24051,0,415279620.000,0,-,-,-,-,3224.8000,3224.6000,3224.4000,3224.2000,3224.0000,3226.4000,3226.6000,3227.0000,3227.4000,3227.8000,2,1,2,1,1,6,1,2,1,1
SF,IH2012,2020-09-08 09:33:29.600,3225.4000,24051,0,415279620.000,0,-,-,-,-,3224.8000,3224.6000,3224.4000,3224.2000,3224.0000,3226.2000,3226.4000,3226.6000,3227.0000,3227.4000,2,1,2,1,1,2,4,1,2,1
SF,IH2012,2020-09-08 09:33:30.100,3226.0000,24050,-1,416247420.000,1,0,1,双平,S,3224.8000,3224.6000,3224.4000,3224.2000,3224.0000,3226.0000,3226.4000,3226.6000,3227.0000,3227.4000,2,1,2,1,1,1,2,1,3,1
SF,IH2012,2020-09-08 09:33:30.600,3226.0000,24050,0,416247420.000,0,-,-,-,-,3225.0000,3224.8000,3224.6000,3224.4000,3224.2000,3226.0000,3226.4000,3227.0000,3227.4000,3227.8000,2,2,1,2,1,1,1,3,1,1
SF,IH2012,2020-09-08 09:33:31.100,3226.0000,24050,0,416247420.000,0,-,-,-,-,3225.0000,3224.8000,3224.6000,3224.4000,3224.2000,3226.4000,3227.0000,3227.4000,3227.8000,3228.8000,2,2,1,2,1,1,3,1,1,2
SF,IH2012,2020-09-08 09:33:31.600,3226.0000,24050,0,416247420.000,0,-,-,-,-,3225.0000,3224.8000,3224.6000,3224.4000,3224.2000,3225.8000,3226.4000,3227.0000,3227.4000,3227.8000,2,2,1,2,1,1,1,3,1,1
SF,IH2012,2020-09-08 09:33:32.100,3225.0000,24048,-2,418182420.000,2,0,2,双平,S,3224.8000,3224.6000,3224.4000,3224.2000,3224.0000,3225.0000,3225.8000,3226.2000,3226.4000,3227.0000,2,1,2,1,1,2,1,1,1,3
SF,IH2012,2020-09-08 09:33:32.600,3224.8000,24046,-2,421084860.000,3,0,3,多平,S,3224.8000,3224.6000,3224.4000,3224.2000,3224.0000,3226.4000,3227.0000,3227.4000,3227.8000,3228.8000,1,1,2,1,1,1,2,1,1,2
SF,IH2012,2020-09-08 09:33:33.100,3226.2000,24043,-3,423988020.000,3,0,3,双平,S,3224.6000,3224.4000,3224.2000,3224.0000,3223.2000,3226.2000,3226.4000,3227.0000,3227.4000,3227.8000,1,2,1,1,1,3,1,2,1,1
SF,IH2012,2020-09-08 09:33:33.600,3226.2000,24043,0,423988020.000,0,-,-,-,-,3224.6000,3224.4000,3224.2000,3224.0000,3223.2000,3226.2000,3226.4000,3227.0000,3227.4000,3227.8000,1,2,1,1,1,4,1,2,1,1
SF,IH2012,2020-09-08 09:33:34.100,3226.2000,24043,0,423988020.000,0,-,-,-,-,3224.6000,3224.2000,3224.0000,3223.2000,3223.0000,3226.2000,3226.4000,3227.0000,3227.4000,3227.8000,1,1,1,1,4,4,1,2,1,1
SF,IH2012,2020-09-08 09:33:34.600,3224.8000,24042,-1,424955460.000,1,0,1,双平,S,3224.8000,3224.6000,3224.2000,3224.0000,3223.2000,3226.2000,3226.4000,3227.0000,3227.4000,3227.8000,1,1,1,1,1,4,1,2,1,1
SF,IH2012,2020-09-08 09:33:36.100,3224.8000,24043,1,425922900.000,1,1,0,双开,S,3224.6000,3224.2000,3224.0000,3223.2000,3223.0000,3226.0000,3226.2000,3226.4000,3227.0000,3227.4000,1,1,1,1,4,1,3,1,2,1
SF,IH2012,2020-09-08 09:33:36.600,3224.8000,24043,0,425922900.000,0,-,-,-,-,3224.6000,3224.2000,3224.0000,3223.2000,3223.0000,3225.6000,3225.8000,3226.0000,3226.2000,3226.4000,1,1,1,1,2,1,7,1,1,1
SF,IH2012,2020-09-08 09:33:37.100,3224.6000,24042,-1,426890280.000,1,0,1,双平,S,3224.0000,3223.2000,3223.0000,3222.4000,3222.0000,3225.8000,3226.2000,3226.4000,3227.0000,3227.4000,1,1,2,2,1,4,1,1,2,1
SF,IH2012,2020-09-08 09:33:37.600,3225.6000,24041,-1,428825640.000,2,0,2,多平,S,3224.2000,3224.0000,3223.2000,3223.0000,3222.4000,3225.6000,3225.8000,3226.2000,3227.0000,3227.4000,1,2,1,2,2,1,4,1,1,1
SF,IH2012,2020-09-08 09:33:38.100,3225.6000,24041,0,428825640.000,0,-,-,-,-,3224.4000,3224.2000,3224.0000,3223.0000,3222.4000,3225.8000,3226.2000,3227.0000,3227.4000,3227.8000,1,1,2,1,2,3,1,1,1,1
SF,IH2012,2020-09-08 09:33:38.600,3225.6000,24041,0,428825640.000,0,-,-,-,-,3224.2000,3224.0000,3223.0000,3222.4000,3222.0000,3225.6000,3225.8000,3226.2000,3227.0000,3227.4000,1,2,1,2,1,1,3,1,1,1
SF,IH2012,2020-09-08 09:33:39.100,3225.6000,24041,0,428825640.000,0,-,-,-,-,3224.2000,3224.0000,3223.0000,3222.4000,3222.0000,3225.6000,3225.8000,3226.2000,3227.0000,3227.4000,1,2,1,2,1,1,2,1,1,1
SF,IH2012,2020-09-08 09:33:39.600,3225.6000,24041,0,428825640.000,0,-,-,-,-,3224.4000,3224.2000,3224.0000,3223.0000,3222.4000,3225.6000,3225.8000,3226.2000,3227.0000,3227.4000,1,1,2,1,2,1,2,1,1,1
SF,IH2012,2020-09-08 09:33:40.100,3225.6000,24041,0,428825640.000,0,-,-,-,-,3224.8000,3224.2000,3224.0000,3223.0000,3222.4000,3225.6000,3225.8000,3226.2000,3227.0000,3227.4000,1,1,2,1,2,1,2,1,1,1
SF,IH2012,2020-09-08 09:33:40.600,3225.6000,24041,0,428825640.000,0,-,-,-,-,3224.8000,3224.6000,3224.4000,3224.2000,3224.0000,3225.8000,3226.2000,3227.0000,3227.4000,3227.8000,1,1,1,1,2,2,1,1,1,1
SF,IH2012,2020-09-08 09:33:41.100,3225.6000,24041,0,428825640.000,0,-,-,-,-,3224.8000,3224.4000,3224.2000,3224.0000,3223.0000,3225.8000,3226.2000,3227.0000,3227.4000,3227.8000,1,1,1,2,1,1,1,1,1,1
SF,IH2012,2020-09-08 09:33:41.600,3225.6000,24041,0,428825640.000,0,-,-,-,-,3224.8000,3224.4000,3224.2000,3224.0000,3223.0000,3225.8000,3226.2000,3227.0000,3227.4000,3227.8000,1,1,1,2,1,1,1,1,1,1
SF,IH2012,2020-09-08 09:33:42.600,3225.6000,24041,0,428825640.000,0,-,-,-,-,3225.0000,3224.8000,3224.4000,3224.2000,3224.0000,3225.8000,3226.2000,3227.0000,3227.4000,3227.8000,1,1,1,1,2,1,1,1,1,1
SF,IH2012,2020-09-08 09:33:43.600,3225.6000,24041,0,428825640.000,0,-,-,-,-,3225.0000,3224.8000,3224.4000,3224.2000,3224.0000,3225.6000,3225.8000,3226.2000,3227.0000,3227.4000,1,1,1,1,2,1,1,1,1,1
SF,IH2012,2020-09-08 09:33:44.100,3225.6000,24041,0,428825640.000,0,-,-,-,-,3225.0000,3224.8000,3224.4000,3224.2000,3224.0000,3226.2000,3227.0000,3227.4000,3227.8000,3228.8000,1,1,1,1,2,1,1,1,1,2
SF,IH2012,2020-09-08 09:33:44.600,3225.6000,24041,0,428825640.000,0,-,-,-,-,3225.0000,3224.8000,3224.4000,3224.2000,3224.0000,3226.0000,3226.2000,3227.0000,3227.4000,3227.8000,1,1,1,2,2,2,1,1,1,1
SF,IH2012,2020-09-08 09:33:45.100,3225.6000,24041,0,428825640.000,0,-,-,-,-,3225.0000,3224.8000,3224.4000,3224.2000,3224.0000,3225.6000,3226.0000,3226.2000,3227.0000,3227.4000,1,1,1,2,2,1,2,1,1,1
SF,IH2012,2020-09-08 09:33:45.600,3225.6000,24041,0,429793320.000,1,0,1,多换,S,3225.0000,3224.8000,3224.4000,3224.2000,3224.0000,3226.0000,3226.2000,3227.0000,3227.4000,3227.8000,1,1,1,2,2,2,1,1,1,1
SF,IH2012,2020-09-08 09:33:46.100,3226.0000,24041,0,430761120.000,1,0,1,多换,S,3225.6000,3224.8000,3224.4000,3224.2000,3224.0000,3227.0000,3227.4000,3227.8000,3228.8000,3229.0000,1,1,1,2,2,1,1,1,2,1
SF,IH2012,2020-09-08 09:33:46.600,3226.0000,24041,0,430761120.000,0,-,-,-,-,3225.6000,3225.2000,3224.8000,3224.4000,3224.2000,3226.8000,3227.0000,3227.4000,3227.8000,3228.8000,1,1,1,1,2,1,1,1,1,2
SF,IH2012,2020-09-08 09:33:47.100,3226.0000,24041,0,430761120.000,0,-,-,-,-,3225.8000,3225.6000,3224.8000,3224.4000,3224.2000,3226.8000,3227.0000,3227.4000,3227.8000,3228.8000,1,2,1,1,2,1,1,1,1,2
SF,IH2012,2020-09-08 09:33:48.100,3226.0000,24041,0,430761120.000,0,-,-,-,-,3225.8000,3225.6000,3224.8000,3224.4000,3224.2000,3226.8000,3227.0000,3227.4000,3227.8000,3228.8000,1,2,1,1,2,1,1,1,1,2
SF,IH2012,2020-09-08 09:33:48.600,3226.0000,24041,0,430761120.000,0,-,-,-,-,3226.0000,3225.8000,3225.6000,3224.8000,3224.4000,3226.8000,3227.0000,3227.4000,3227.8000,3228.8000,1,1,2,1,1,1,1,1,1,2
SF,IH2012,2020-09-08 09:33:49.100,3226.0000,24040,-1,431728920.000,1,0,1,双平,S,3225.6000,3224.8000,3224.4000,3224.2000,3223.0000,3226.8000,3227.0000,3227.4000,3227.8000,3228.8000,2,1,1,2,1,1,1,1,1,2
SF,IH2012,2020-09-08 09:33:49.600,3225.6000,24039,-1,432696600.000,1,0,1,双平,S,3224.8000,3224.4000,3224.2000,3223.0000,3222.4000,3226.6000,3226.8000,3227.0000,3227.4000,3227.8000,1,1,2,1,2,4,1,1,1,1
SF,IH2012,2020-09-08 09:33:50.100,3225.6000,24039,0,432696600.000,0,-,-,-,-,3225.0000,3224.8000,3224.4000,3224.2000,3223.0000,3226.4000,3226.6000,3226.8000,3227.0000,3227.4000,1,1,1,1,1,2,4,1,1,1
SF,IH2012,2020-09-08 09:33:50.600,3224.8000,24038,-1,434631540.000,2,0,2,多平,S,3224.4000,3224.2000,3223.0000,3222.4000,3222.0000,3226.2000,3226.4000,3226.6000,3226.8000,3227.0000,1,1,1,2,2,2,2,3,1,1
SF,IH2012,2020-09-08 09:33:51.100,3224.8000,24038,0,434631540.000,0,-,-,-,-,3224.4000,3224.2000,3223.0000,3222.4000,3222.0000,3225.8000,3226.0000,3226.2000,3226.6000,3226.8000,1,1,1,2,2,4,1,3,3,1
SF,IH2012,2020-09-08 09:33:51.600,3224.8000,24038,0,434631540.000,0,-,-,-,-,3224.4000,3224.2000,3223.0000,3222.4000,3222.0000,3225.6000,3225.8000,3226.0000,3226.2000,3226.6000,1,1,1,2,2,1,4,2,1,2
SF,IH2012,2020-09-08 09:33:52.100,3224.8000,24038,0,434631540.000,0,-,-,-,-,3224.4000,3224.2000,3223.0000,3222.4000,3222.0000,3225.4000,3225.6000,3225.8000,3226.0000,3226.2000,1,1,1,2,2,1,2,4,1,1
SF,IH2012,2020-09-08 09:33:52.600,3224.8000,24038,0,434631540.000,0,-,-,-,-,3224.4000,3224.2000,3223.0000,3222.4000,3222.0000,3225.6000,3225.8000,3226.0000,3226.2000,3226.6000,1,1,1,2,2,2,4,1,1,1
SF,IH2012,2020-09-08 09:33:53.100,3224.8000,24038,0,434631540.000,0,-,-,-,-,3224.4000,3224.2000,3223.0000,3222.4000,3222.0000,3225.2000,3225.6000,3225.8000,3226.0000,3226.2000,1,1,1,2,2,1,1,4,2,1
SF,IH2012,2020-09-08 09:33:53.600,3224.4000,24037,-1,435598860.000,1,0,1,双平,S,3224.2000,3223.0000,3222.4000,3222.0000,3221.6000,3225.2000,3225.4000,3225.6000,3225.8000,3226.0000,1,1,2,2,1,1,1,1,4,2
SF,IH2012,2020-09-08 09:33:54.100,3224.4000,24037,0,435598860.000,0,-,-,-,-,3224.2000,3223.0000,3222.4000,3222.0000,3221.6000,3225.0000,3225.2000,3225.4000,3225.6000,3225.8000,1,1,2,2,1,1,1,1,1,4
SF,IH2012,2020-09-08 09:33:54.600,3225.0000,24036,-1,436566360.000,1,0,1,双平,S,3224.2000,3223.0000,3222.4000,3222.0000,3221.6000,3225.2000,3225.6000,3225.8000,3226.0000,3226.2000,1,1,2,2,1,1,1,4,2,1
SF,IH2012,2020-09-08 09:33:55.100,3225.0000,24036,0,436566360.000,0,-,-,-,-,3224.2000,3223.0000,3222.4000,3222.0000,3221.6000,3224.8000,3225.0000,3225.6000,3225.8000,3226.0000,1,1,1,2,1,1,1,1,4,2
SF,IH2012,2020-09-08 09:33:55.600,3224.2000,24036,0,437533620.000,1,0,1,多换,S,3223.0000,3222.4000,3222.0000,3221.6000,3220.6000,3224.6000,3224.8000,3225.0000,3225.6000,3225.8000,1,1,2,1,1,1,1,1,1,4
SF,IH2012,2020-09-08 09:33:56.100,3224.2000,24036,0,437533620.000,0,-,-,-,-,3223.2000,3223.0000,3222.4000,3222.0000,3221.6000,3224.4000,3224.6000,3224.8000,3225.0000,3225.6000,3,1,1,2,1,1,1,1,1,1
SF,IH2012,2020-09-08 09:33:56.600,3224.4000,24036,0,438500940.000,1,0,1,多换,S,3223.4000,3223.2000,3222.4000,3222.0000,3221.6000,3224.6000,3224.8000,3225.0000,3225.6000,3225.8000,1,3,1,2,1,1,1,1,2,4
SF,IH2012,2020-09-08 09:33:57.100,3223.6000,24036,0,439468020.000,1,0,1,多换,S,3223.6000,3223.2000,3222.4000,3222.0000,3221.6000,3224.6000,3224.8000,3225.0000,3225.6000,3225.8000,1,2,1,2,1,1,1,1,2,4
SF,IH2012,2020-09-08 09:33:57.600,3223.6000,24036,0,439468020.000,0,-,-,-,-,3223.2000,3222.4000,3222.0000,3221.6000,3220.6000,3224.4000,3224.6000,3225.0000,3225.6000,3225.8000,1,1,2,1,1,2,1,1,2,4
SF,IH2012,2020-09-08 09:33:58.100,3223.6000,24036,0,439468020.000,0,-,-,-,-,3223.2000,3222.4000,3222.0000,3221.6000,3220.6000,3224.2000,3224.4000,3224.6000,3225.0000,3225.6000,1,1,2,1,1,1,1,1,1,2
SF,IH2012,2020-09-08 09:33:58.600,3224.4000,24034,-2,441402600.000,2,0,2,双平,S,3224.2000,3223.4000,3223.2000,3222.4000,3222.0000,3224.6000,3225.0000,3225.6000,3225.8000,3226.0000,2,2,1,1,2,1,1,2,4,2
SF,IH2012,2020-09-08 09:33:59.100,3224.2000,24033,-1,442369860.000,1,0,1,双平,S,3224.2000,3223.2000,3222.4000,3222.0000,3221.6000,3224.6000,3225.0000,3225.6000,3225.8000,3226.0000,1,1,1,2,1,1,1,2,4,2
SF,IH2012,2020-09-08 09:33:59.600,3224.2000,24032,-1,443337120.000,1,0,1,双平,S,3223.2000,3222.4000,3222.0000,3221.6000,3220.6000,3224.6000,3225.0000,3225.6000,3225.8000,3226.0000,1,1,2,1,1,1,1,2,4,1
SF,IH2012,2020-09-08 09:34:00.100,3224.2000,24032,0,443337120.000,0,-,-,-,-,3223.2000,3222.4000,3222.0000,3221.6000,3220.6000,3224.4000,3224.6000,3225.0000,3225.6000,3225.8000,1,1,2,1,1,1,1,1,1,4
SF,IH2012,2020-09-08 09:34:00.600,3224.2000,24032,0,443337120.000,0,-,-,-,-,3223.4000,3223.2000,3222.4000,3222.0000,3221.6000,3224.2000,3224.6000,3225.0000,3225.6000,3225.8000,4,1,1,2,1,1,1,1,1,4
SF,IH2012,2020-09-08 09:34:01.100,3223.4000,24031,-1,445271160.000,2,0,2,多平,S,3223.2000,3222.4000,3222.0000,3221.6000,3220.6000,3224.4000,3224.6000,3225.0000,3225.6000,3225.8000,1,1,2,1,1,1,1,1,1,4
SF,IH2012,2020-09-08 09:34:01.600,3223.4000,24031,0,445271160.000,0,-,-,-,-,3222.4000,3222.0000,3221.6000,3220.6000,3220.0000,3224.2000,3224.4000,3224.6000,3225.0000,3225.8000,1,2,1,1,2,5,1,1,1,4
SF,IH2012,2020-09-08 09:34:02.100,3223.4000,24031,0,445271160.000,0,-,-,-,-,3222.6000,3222.4000,3222.0000,3221.6000,3220.6000,3224.2000,3224.4000,3224.6000,3225.0000,3225.8000,2,2,2,1,1,5,1,1,1,4
SF,IH2012,2020-09-08 09:34:02.600,3223.4000,24031,0,445271160.000,0,-,-,-,-,3222.6000,3222.4000,3222.0000,3220.6000,3220.0000,3223.4000,3224.0000,3224.2000,3224.6000,3225.0000,2,2,1,1,2,1,3,3,1,1
SF,IH2012,2020-09-08 09:34:03.100,3223.4000,24031,0,445271160.000,0,-,-,-,-,3222.6000,3222.4000,3222.0000,3220.6000,3220.0000,3223.4000,3224.0000,3224.2000,3224.6000,3225.0000,1,2,1,1,2,1,1,2,1,1
SF,IH2012,2020-09-08 09:34:03.600,3223.4000,24030,-1,446238180.000,1,0,1,双平,S,3222.4000,3222.0000,3220.6000,3220.0000,3218.0000,3224.0000,3224.2000,3224.6000,3225.0000,3225.8000,2,1,1,2,1,1,1,1,1,4
SF,IH2012,2020-09-08 09:34:04.100,3223.4000,24030,0,446238180.000,0,-,-,-,-,3223.4000,3222.6000,3222.4000,3222.0000,3220.6000,3224.0000,3224.2000,3225.0000,3225.8000,3226.0000,1,2,2,1,1,1,1,1,3,1
SF,IH2012,2020-09-08 09:34:04.600,3224.0000,24029,-1,447205380.000,1,0,1,双平,S,3223.4000,3223.2000,3222.6000,3222.4000,3222.0000,3225.0000,3225.8000,3226.0000,3227.0000,3227.4000,1,1,2,2,1,1,3,1,1,1
SF,IH2012,2020-09-08 09:34:05.100,3224.0000,24029,0,447205380.000,0,-,-,-,-,3223.6000,3223.4000,3223.2000,3222.6000,3222.4000,3224.8000,3225.0000,3225.8000,3226.0000,3227.0000,1,1,1,2,2,1,1,3,1,1
SF,IH2012,2020-09-08 09:34:05.600,3223.8000,24028,-1,448172520.000,1,0,1,双平,S,3223.6000,3223.4000,3223.2000,3222.6000,3222.4000,3225.0000,3225.8000,3226.0000,3227.0000,3227.4000,1,1,1,1,2,1,3,1,1,1
SF,IH2012,2020-09-08 09:34:06.100,3223.8000,24028,0,448172520.000,0,-,-,-,-,3223.8000,3223.6000,3223.4000,3223.2000,3222.6000,3225.0000,3226.0000,3227.0000,3227.4000,3227.8000,1,1,1,1,1,1,1,1,1,1
SF,IH2012,2020-09-08 09:34:06.600,3223.8000,24028,0,448172520.000,0,-,-,-,-,3223.8000,3223.6000,3223.4000,3223.2000,3222.6000,3225.0000,3226.0000,3227.0000,3227.4000,3227.8000,1,1,1,1,1,1,1,1,1,1
SF,IH2012,2020-09-08 09:34:07.100,3223.8000,24028,0,449139660.000,1,0,1,多换,S,3223.8000,3223.6000,3223.4000,3223.2000,3222.6000,3225.0000,3226.0000,3227.0000,3227.4000,3227.8000,1,1,1,1,1,1,1,1,1,1
SF,IH2012,2020-09-08 09:34:07.600,3225.0000,24027,-1,450107160.000,1,0,1,双平,S,3223.8000,3223.6000,3223.4000,3223.2000,3222.6000,3226.0000,3227.0000,3227.4000,3227.8000,3228.8000,1,1,1,1,1,1,1,1,1,2
SF,IH2012,2020-09-08 09:34:08.100,3225.0000,24027,0,450107160.000,0,-,-,-,-,3224.0000,3223.8000,3223.6000,3223.4000,3223.2000,3225.8000,3226.0000,3227.0000,3227.4000,3227.8000,1,1,1,1,1,1,1,1,1,1
SF,IH2012,2020-09-08 09:34:08.600,3225.0000,24027,0,450107160.000,0,-,-,-,-,3224.0000,3223.8000,3223.4000,3223.2000,3222.6000,3225.6000,3225.8000,3226.0000,3227.0000,3227.4000,1,1,1,1,1,1,3,1,1,1
SF,IH2012,2020-09-08 09:34:09.100,3224.0000,24026,-1,451074360.000,1,0,1,双平,S,3223.8000,3223.4000,3223.2000,3222.6000,3222.4000,3225.4000,3225.6000,3225.8000,3226.0000,3227.0000,1,1,1,1,2,3,1,2,1,1
SF,IH2012,2020-09-08 09:34:09.600,3224.0000,24026,0,451074360.000,0,-,-,-,-,3223.4000,3223.2000,3222.6000,3222.4000,3222.0000,3225.2000,3225.4000,3225.8000,3226.0000,3227.0000,1,1,1,2,1,1,3,2,1,1
SF,IH2012,2020-09-08 09:34:10.100,3224.0000,24026,0,451074360.000,0,-,-,-,-,3223.6000,3223.4000,3223.2000,3222.6000,3222.4000,3223.8000,3225.0000,3225.2000,3225.4000,3226.0000,1,1,1,1,2,1,1,1,2,1
SF,IH2012,2020-09-08 09:34:10.600,3225.0000,24026,0,453009000.000,2,1,1,多换,S,3224.0000,3223.8000,3223.2000,3222.6000,3222.4000,3225.4000,3226.0000,3227.0000,3227.4000,3227.8000,3,5,1,1,2,1,1,1,1,1
SF,IH2012,2020-09-08 09:34:11.100,3225.0000,24026,0,453009000.000,0,-,-,-,-,3224.2000,3224.0000,3223.8000,3223.2000,3223.0000,3226.0000,3227.0000,3227.4000,3227.8000,3228.8000,2,2,7,1,1,1,1,1,1,3
SF,IH2012,2020-09-08 09:34:11.600,3225.0000,24026,0,453009000.000,0,-,-,-,-,3224.4000,3224.2000,3223.8000,3223.2000,3223.0000,3226.0000,3226.8000,3227.0000,3227.4000,3227.8000,1,2,6,1,1,1,3,1,1,1
SF,IH2012,2020-09-08 09:34:12.100,3225.0000,24026,0,453009000.000,0,-,-,-,-,3224.6000,3224.4000,3224.2000,3223.8000,3223.2000,3226.0000,3226.8000,3227.0000,3227.4000,3227.8000,2,1,1,6,1,1,3,1,1,1
SF,IH2012,2020-09-08 09:34:12.600,3225.0000,24026,0,453009000.000,0,-,-,-,-,3225.0000,3224.8000,3224.6000,3224.4000,3224.2000,3226.0000,3226.8000,3227.0000,3227.4000,3227.8000,1,1,2,1,1,1,3,1,1,1
SF,IH2012,2020-09-08 09:34:13.600,3226.0000,24027,1,453976800.000,1,1,0,双开,S,3225.0000,3224.8000,3224.6000,3224.4000,3224.2000,3226.8000,3227.0000,3227.4000,3227.8000,3228.8000,1,1,2,1,1,3,1,1,1,3
SF,IH2012,2020-09-08 09:34:14.100,3225.2000,24026,-1,454944360.000,1,0,1,双平,S,3225.2000,3225.0000,3224.8000,3224.6000,3224.2000,3226.6000,3226.8000,3227.0000,3227.4000,3227.8000,3,1,1,1,1,2,3,1,1,1
SF,IH2012,2020-09-08 09:34:14.600,3226.8000,24025,-1,455912400.000,1,0,1,双平,S,3225.2000,3225.0000,3224.8000,3224.6000,3224.2000,3226.8000,3227.0000,3227.4000,3227.8000,3228.8000,4,1,1,1,1,2,1,1,1,3
SF,IH2012,2020-09-08 09:34:15.100,3227.0000,24022,-3,458816580.000,3,0,3,双平,S,3226.8000,3225.8000,3225.6000,3225.4000,3225.2000,3227.4000,3227.8000,3228.8000,3229.0000,3229.6000,1,1,2,6,6,1,1,3,1,4
SF,IH2012,2020-09-08 09:34:15.600,3227.0000,24021,-1,459784680.000,1,0,1,双平,S,3227.0000,3225.8000,3225.6000,3225.4000,3225.2000,3227.4000,3227.8000,3228.8000,3229.0000,3229.6000,1,1,4,6,4,1,1,3,1,4
SF,IH2012,2020-09-08 09:34:16.100,3227.4000,24021,0,461721120.000,2,1,1,多换,S,3227.0000,3225.8000,3225.6000,3225.4000,3225.2000,3227.8000,3228.8000,3229.0000,3229.6000,3229.8000,1,1,2,5,4,1,3,1,4,1
SF,IH2012,2020-09-08 09:34:16.600,3227.8000,24019,-2,463657620.000,2,0,2,双平,S,3227.0000,3225.8000,3225.6000,3225.4000,3225.2000,3228.8000,3229.0000,3229.8000,3230.0000,3231.4000,2,1,2,5,4,3,1,1,1,1
SF,IH2012,2020-09-08 09:34:17.100,3227.8000,24019,0,463657620.000,0,-,-,-,-,3227.2000,3227.0000,3225.8000,3225.6000,3225.4000,3228.6000,3228.8000,3229.0000,3229.8000,3230.0000,1,2,1,2,2,3,3,1,1,1
SF,IH2012,2020-09-08 09:34:17.600,3227.8000,24019,0,463657620.000,0,-,-,-,-,3227.4000,3227.2000,3227.0000,3226.4000,3225.8000,3228.6000,3228.8000,3229.0000,3229.8000,3230.0000,1,1,1,2,1,3,3,1,1,1
SF,IH2012,2020-09-08 09:34:18.100,3227.8000,24019,0,463657620.000,0,-,-,-,-,3227.4000,3227.2000,3227.0000,3226.4000,3225.8000,3228.6000,3228.8000,3229.0000,3229.8000,3230.0000,1,1,1,2,1,2,3,1,1,1
SF,IH2012,2020-09-08 09:34:18.600,3227.8000,24019,0,463657620.000,0,-,-,-,-,3227.4000,3227.2000,3227.0000,3226.4000,3225.8000,3228.8000,3229.0000,3229.8000,3230.0000,3231.4000,1,1,1,2,1,3,1,1,1,1
SF,IH2012,2020-09-08 09:34:19.100,3227.8000,24019,0,463657620.000,0,-,-,-,-,3227.6000,3227.4000,3227.2000,3227.0000,3226.4000,3228.8000,3229.0000,3229.8000,3230.0000,3231.4000,1,1,1,1,2,3,1,1,1,1
SF,IH2012,2020-09-08 09:34:19.600,3229.8000,24014,-5,468501180.000,5,0,5,双平,S,3228.8000,3228.6000,3228.4000,3228.2000,3228.0000,3230.0000,3231.4000,3232.0000,3232.6000,3232.8000,1,1,1,2,1,1,1,1,1,1
SF,IH2012,2020-09-08 09:34:20.100,3227.6000,24014,0,473343420.000,5,2,3,多换,S,3227.2000,3227.0000,3226.4000,3225.8000,3225.6000,3228.6000,3228.8000,3229.8000,3230.0000,3231.4000,1,1,2,1,1,1,1,4,1,1
SF,IH2012,2020-09-08 09:34:20.600,3227.6000,24014,0,473343420.000,0,-,-,-,-,3227.0000,3226.4000,3225.8000,3225.6000,3225.4000,3228.4000,3229.6000,3229.8000,3230.0000,3231.4000,1,2,1,1,1,2,2,3,1,1
SF,IH2012,2020-09-08 09:34:21.100,3228.4000,24013,-1,475280460.000,2,0,2,多平,S,3227.4000,3227.2000,3227.0000,3226.4000,3225.8000,3229.8000,3230.0000,3231.4000,3232.0000,3232.6000,1,1,1,2,1,2,1,1,1,1
SF,IH2012,2020-09-08 09:34:21.600,3228.4000,24013,0,475280460.000,0,-,-,-,-,3227.6000,3227.4000,3227.2000,3227.0000,3226.4000,3229.6000,3229.8000,3230.0000,3231.4000,3232.0000,1,1,3,1,2,2,1,1,1,1
