市场代码,合约代码,时间,最新,持仓,增仓,成交额,成交量,开仓,平仓,成交类型,方向,买一价,买二价,买三价,买四价,买五价,卖一价,卖二价,卖三价,卖四价,卖五价,买一量,买二量,买三量,买四量,买五量,卖一量,卖二量,卖三量,卖四量,卖五量
SF,IH2006,2019-12-09 09:29:00.100,2929.0000,3161,0,878700.000,1.000,-,-,-,-,2927.4000,2923.0000,2922.0000,2921.4000,2921.2000,2930.0000,2931.0000,2931.6000,2932.0000,2933.0000,2,2,1,1,1,2,1,1,1,1
SF,IH2006,2019-12-09 09:30:00.100,2929.0000,3161,0,878700.000,0,-,-,-,-,2929.8000,2927.4000,2923.0000,2922.0000,2921.4000,2930.0000,2931.0000,2931.6000,2932.0000,2933.0000,1,2,2,1,1,2,1,1,1,1
SF,IH2006,2019-12-09 09:30:00.600,2930.0000,3161,0,2636700.000,2,1,1,多换,S,2930.6000,2930.0000,2929.8000,2927.4000,2923.0000,2931.0000,2931.6000,2932.0000,2933.0000,2934.0000,1,3,1,2,2,2,1,1,1,3
SF,IH2006,2019-12-09 09:30:01.100,2931.0000,3159,-2,4395300.000,2,0,2,双平,S,2930.6000,2930.0000,2929.8000,2923.0000,2922.0000,2931.6000,2932.0000,2933.0000,2934.0000,2935.0000,1,13,1,2,1,1,1,1,3,2
SF,IH2006,2019-12-09 09:30:01.600,2931.0000,3159,0,4395300.000,0,-,-,-,-,2930.6000,2930.0000,2929.8000,2923.0000,2922.0000,2931.6000,2932.0000,2933.0000,2934.0000,2935.0000,1,13,1,2,1,1,1,1,3,2
SF,IH2006,2019-12-09 09:30:03.100,2930.6000,3159,0,5274480.000,1,0,1,多换,S,2930.0000,2929.8000,2923.0000,2922.0000,2921.6000,2931.6000,2932.0000,2933.0000,2934.0000,2935.0000,13,1,2,1,5,1,1,1,3,2
SF,IH2006,2019-12-09 09:30:03.600,2930.6000,3159,0,5274480.000,0,-,-,-,-,2930.2000,2930.0000,2929.8000,2926.2000,2923.0000,2931.6000,2932.0000,2933.0000,2934.0000,2935.0000,1,13,1,1,2,1,1,1,3,2
SF,IH2006,2019-12-09 09:30:06.100,2930.6000,3159,0,5274480.000,0,-,-,-,-,2930.2000,2930.0000,2929.8000,2926.2000,2923.0000,2931.6000,2932.0000,2933.0000,2934.0000,2935.0000,1,13,1,1,2,1,1,1,3,2
SF,IH2006,2019-12-09 09:30:10.100,2930.6000,3159,0,5274480.000,0,-,-,-,-,2930.2000,2930.0000,2929.8000,2928.0000,2926.2000,2931.6000,2932.0000,2933.0000,2934.0000,2935.0000,1,13,1,5,1,1,1,1,3,2
SF,IH2006,2019-12-09 09:30:10.600,2930.2000,3158,-1,6153540.000,1,0,1,双平,S,2930.0000,2929.8000,2928.0000,2926.2000,2923.0000,2931.4000,2931.6000,2932.0000,2933.0000,2934.0000,13,1,5,1,2,1,2,1,1,3
SF,IH2006,2019-12-09 09:30:11.100,2930.2000,3158,0,6153540.000,0,-,-,-,-,2930.2000,2930.0000,2929.8000,2928.0000,2926.2000,2931.4000,2931.6000,2932.0000,2933.0000,2934.0000,1,13,1,5,1,1,2,1,1,3
SF,IH2006,2019-12-09 09:30:13.100,2930.2000,3158,0,6153540.000,0,-,-,-,-,2930.2000,2930.0000,2929.8000,2928.0000,2926.2000,2931.4000,2931.6000,2932.0000,2933.0000,2934.0000,1,13,1,5,1,1,2,1,1,3
SF,IH2006,2019-12-09 09:30:13.600,2931.4000,3158,0,7032960.000,1,0,1,多换,S,2930.2000,2930.0000,2929.8000,2926.2000,2924.8000,2931.6000,2932.0000,2933.0000,2934.0000,2935.0000,1,10,1,1,5,2,1,1,3,2
SF,IH2006,2019-12-09 09:30:14.600,2931.4000,3158,0,7032960.000,0,-,-,-,-,2930.4000,2930.2000,2930.0000,2929.8000,2926.2000,2931.6000,2932.0000,2933.0000,2934.0000,2935.0000,1,1,10,1,1,2,1,1,3,2
SF,IH2006,2019-12-09 09:30:15.100,2931.6000,3158,0,7912440.000,1,0,1,多换,S,2930.4000,2930.2000,2930.0000,2929.8000,2926.2000,2931.6000,2932.0000,2933.0000,2934.0000,2935.0000,1,1,10,1,1,1,1,1,3,2
SF,IH2006,2019-12-09 09:30:15.600,2931.6000,3158,0,7912440.000,0,-,-,-,-,2930.2000,2930.0000,2929.8000,2926.2000,2924.8000,2931.6000,2932.0000,2933.0000,2934.0000,2935.0000,1,10,1,1,5,1,1,1,3,2
SF,IH2006,2019-12-09 09:30:16.100,2931.6000,3158,0,8791920.000,1,0,1,多换,S,2930.4000,2930.0000,2929.8000,2926.2000,2924.8000,2931.6000,2932.0000,2933.0000,2933.4000,2934.0000,1,10,1,1,5,1,1,1,1,3
SF,IH2006,2019-12-09 09:30:16.600,2931.6000,3158,0,8791920.000,0,-,-,-,-,2930.6000,2930.0000,2929.8000,2926.2000,2924.8000,2931.6000,2932.0000,2933.0000,2933.4000,2934.0000,1,10,1,1,5,1,1,1,1,3
SF,IH2006,2019-12-09 09:30:19.100,2930.8000,3157,-1,9671160.000,1,0,1,双平,S,2930.6000,2930.0000,2929.8000,2926.2000,2924.8000,2931.6000,2932.0000,2933.0000,2933.4000,2934.0000,1,10,1,1,5,1,1,1,1,3
SF,IH2006,2019-12-09 09:30:19.600,2930.8000,3157,0,9671160.000,0,-,-,-,-,2930.0000,2929.8000,2926.2000,2924.8000,2923.0000,2931.6000,2932.0000,2933.0000,2933.4000,2934.0000,10,1,1,5,2,1,1,1,1,3
SF,IH2006,2019-12-09 09:30:20.100,2930.8000,3157,0,9671160.000,0,-,-,-,-,2930.0000,2929.8000,2926.2000,2924.8000,2923.0000,2931.4000,2931.6000,2932.0000,2933.0000,2933.4000,10,1,1,5,2,1,1,1,1,1
SF,IH2006,2019-12-09 09:30:21.100,2930.8000,3157,0,9671160.000,0,-,-,-,-,2930.2000,2930.0000,2929.8000,2926.2000,2924.8000,2931.4000,2931.6000,2932.0000,2933.0000,2933.4000,1,10,1,1,5,1,1,1,1,1
SF,IH2006,2019-12-09 09:30:21.600,2931.4000,3156,-1,10550580.000,1,0,1,双平,S,2931.4000,2930.2000,2930.0000,2929.8000,2926.2000,2931.6000,2932.0000,2933.0000,2933.4000,2934.0000,1,1,10,1,1,1,1,1,1,3
SF,IH2006,2019-12-09 09:30:22.100,2931.4000,3155,-1,11430000.000,1,0,1,双平,S,2930.2000,2930.0000,2929.8000,2926.2000,2924.8000,2931.6000,2932.0000,2933.0000,2933.4000,2934.0000,1,10,1,1,5,1,1,1,1,3
SF,IH2006,2019-12-09 09:30:22.600,2931.4000,3155,0,11430000.000,0,-,-,-,-,2930.4000,2930.0000,2929.8000,2926.2000,2924.8000,2931.6000,2932.0000,2933.0000,2933.4000,2934.0000,1,10,1,1,5,1,1,1,1,3
SF,IH2006,2019-12-09 09:30:23.100,2931.4000,3155,0,11430000.000,0,-,-,-,-,2930.6000,2930.4000,2930.0000,2929.8000,2926.2000,2931.6000,2932.0000,2933.0000,2933.4000,2934.0000,1,1,10,1,1,1,1,1,1,3
SF,IH2006,2019-12-09 09:30:23.600,2931.4000,3155,0,11430000.000,0,-,-,-,-,2930.6000,2930.4000,2930.0000,2929.8000,2926.2000,2931.6000,2932.0000,2933.0000,2933.4000,2934.0000,1,1,10,1,1,1,1,1,1,3
SF,IH2006,2019-12-09 09:30:24.100,2930.6000,3154,-1,12309180.000,1,0,1,双平,S,2930.0000,2929.8000,2926.2000,2924.8000,2923.0000,2931.4000,2931.6000,2932.0000,2933.0000,2933.4000,10,1,1,5,2,1,1,1,1,1
SF,IH2006,2019-12-09 09:30:24.600,2930.6000,3154,0,12309180.000,0,-,-,-,-,2930.2000,2930.0000,2929.8000,2926.2000,2924.8000,2931.2000,2931.6000,2932.0000,2933.0000,2933.4000,1,10,1,1,5,1,1,1,1,1
SF,IH2006,2019-12-09 09:30:25.100,2930.6000,3154,0,12309180.000,0,-,-,-,-,2930.2000,2930.0000,2929.8000,2926.2000,2924.8000,2931.2000,2931.6000,2932.0000,2933.0000,2933.4000,1,10,1,1,5,1,1,1,1,1
SF,IH2006,2019-12-09 09:30:25.600,2930.6000,3154,0,12309180.000,0,-,-,-,-,2930.4000,2930.2000,2930.0000,2929.8000,2926.2000,2931.2000,2931.6000,2932.0000,2933.0000,2933.4000,1,1,10,1,1,1,1,1,1,1
SF,IH2006,2019-12-09 09:30:26.100,2930.6000,3154,0,12309180.000,0,-,-,-,-,2930.4000,2930.2000,2930.0000,2929.8000,2926.2000,2931.6000,2932.0000,2933.0000,2933.4000,2934.0000,1,1,10,1,1,1,1,1,1,3
SF,IH2006,2019-12-09 09:30:26.600,2930.6000,3154,0,12309180.000,0,-,-,-,-,2931.2000,2930.4000,2930.2000,2930.0000,2929.8000,2931.4000,2931.6000,2932.0000,2933.0000,2933.4000,2,1,1,10,1,1,1,1,1,1
SF,IH2006,2019-12-09 09:30:27.100,2931.0000,3154,0,14067780.000,2,1,1,多换,S,2930.4000,2930.2000,2930.0000,2929.8000,2926.2000,2931.4000,2931.6000,2932.0000,2933.0000,2933.4000,1,1,10,1,1,1,1,1,1,1
SF,IH2006,2019-12-09 09:30:27.600,2931.0000,3154,0,14067780.000,0,-,-,-,-,2930.2000,2930.0000,2929.8000,2926.2000,2924.8000,2931.6000,2932.0000,2933.0000,2933.4000,2934.0000,1,10,1,1,5,1,1,1,1,3
SF,IH2006,2019-12-09 09:30:28.100,2931.0000,3154,0,14067780.000,0,-,-,-,-,2930.2000,2930.0000,2929.8000,2926.2000,2924.8000,2931.4000,2931.6000,2932.0000,2933.0000,2933.4000,1,10,1,1,5,1,1,1,1,1
SF,IH2006,2019-12-09 09:30:29.600,2931.0000,3154,0,14067780.000,0,-,-,-,-,2930.4000,2930.2000,2930.0000,2929.8000,2926.2000,2931.6000,2932.0000,2932.6000,2933.0000,2933.4000,1,1,10,1,1,1,1,1,1,1
SF,IH2006,2019-12-09 09:30:32.100,2931.6000,3153,-1,14947260.000,1,0,1,双平,S,2930.4000,2930.2000,2930.0000,2929.8000,2926.2000,2931.4000,2932.0000,2932.6000,2933.0000,2933.4000,1,1,10,1,1,1,1,1,1,1
SF,IH2006,2019-12-09 09:30:32.600,2931.6000,3153,0,14947260.000,0,-,-,-,-,2930.6000,2930.0000,2929.8000,2926.2000,2924.8000,2931.4000,2932.0000,2932.6000,2933.0000,2933.4000,1,10,1,1,5,1,1,1,1,1
SF,IH2006,2019-12-09 09:30:33.600,2931.6000,3153,0,14947260.000,0,-,-,-,-,2930.6000,2930.0000,2929.8000,2926.2000,2924.8000,2931.0000,2931.4000,2932.0000,2932.6000,2933.0000,1,10,1,1,5,1,1,1,1,1
SF,IH2006,2019-12-09 09:30:34.100,2931.0000,3152,-1,15826560.000,1,0,1,双平,S,2931.0000,2930.6000,2930.0000,2929.8000,2926.2000,2931.4000,2932.0000,2932.6000,2933.0000,2933.4000,1,1,10,1,1,1,1,1,1,1
SF,IH2006,2019-12-09 09:30:34.600,2931.0000,3152,0,15826560.000,0,-,-,-,-,2930.6000,2930.0000,2929.8000,2926.2000,2924.8000,2931.4000,2932.0000,2932.6000,2933.0000,2933.4000,1,10,1,1,5,1,1,1,1,1
SF,IH2006,2019-12-09 09:30:35.100,2931.4000,3151,-1,16705980.000,1,0,1,双平,S,2930.6000,2930.0000,2929.8000,2926.2000,2924.8000,2932.0000,2932.6000,2933.0000,2933.4000,2934.0000,1,10,1,1,5,1,1,1,1,3
SF,IH2006,2019-12-09 09:30:35.600,2931.4000,3151,0,16705980.000,0,-,-,-,-,2930.8000,2930.6000,2930.0000,2929.8000,2926.2000,2932.0000,2932.6000,2933.0000,2933.4000,2934.0000,1,1,10,1,1,1,1,1,1,3
SF,IH2006,2019-12-09 09:30:37.100,2931.4000,3151,0,16705980.000,0,-,-,-,-,2930.6000,2930.0000,2929.8000,2926.2000,2924.8000,2931.8000,2932.0000,2932.6000,2933.0000,2933.4000,1,10,1,1,5,1,1,1,1,1
SF,IH2006,2019-12-09 09:30:38.100,2931.4000,3151,0,16705980.000,0,-,-,-,-,2930.8000,2930.6000,2930.0000,2929.8000,2926.2000,2932.0000,2932.6000,2933.0000,2933.4000,2934.0000,1,1,10,1,1,1,1,1,1,3
SF,IH2006,2019-12-09 09:30:39.100,2931.4000,3151,0,16705980.000,0,-,-,-,-,2931.8000,2930.8000,2930.6000,2930.0000,2929.8000,2932.0000,2932.6000,2933.0000,2933.4000,2934.0000,1,1,1,10,1,1,1,1,1,3
SF,IH2006,2019-12-09 09:30:39.600,2931.8000,3151,0,17585520.000,1,0,1,多换,S,2930.8000,2930.6000,2930.0000,2929.8000,2926.2000,2931.8000,2932.0000,2932.6000,2933.0000,2933.4000,1,1,10,1,1,1,1,1,1,1
SF,IH2006,2019-12-09 09:30:40.100,2931.8000,3151,0,17585520.000,0,-,-,-,-,2930.6000,2930.0000,2929.8000,2926.2000,2924.8000,2931.8000,2932.0000,2932.6000,2933.0000,2933.4000,1,10,1,1,5,1,1,1,1,1
SF,IH2006,2019-12-09 09:30:40.600,2931.8000,3151,0,17585520.000,0,-,-,-,-,2930.8000,2930.6000,2930.0000,2929.8000,2926.2000,2931.8000,2932.0000,2932.6000,2933.0000,2933.4000,1,1,10,1,1,1,1,1,1,1
SF,IH2006,2019-12-09 09:30:41.100,2931.8000,3151,0,17585520.000,0,-,-,-,-,2930.8000,2930.6000,2930.0000,2929.8000,2926.2000,2931.8000,2932.0000,2932.6000,2933.0000,2933.4000,1,1,10,1,1,1,1,1,1,1
SF,IH2006,2019-12-09 09:30:41.600,2931.8000,3151,0,17585520.000,0,-,-,-,-,2930.6000,2930.0000,2929.8000,2926.2000,2924.8000,2931.8000,2932.0000,2932.6000,2933.0000,2933.4000,1,10,1,1,5,1,1,1,1,1
SF,IH2006,2019-12-09 09:30:42.100,2931.8000,3151,0,18465060.000,1,0,1,多换,S,2930.6000,2930.0000,2929.8000,2926.2000,2924.8000,2931.8000,2932.0000,2932.6000,2933.0000,2933.4000,1,10,1,1,5,1,1,1,1,1
SF,IH2006,2019-12-09 09:30:43.600,2931.8000,3151,0,18465060.000,0,-,-,-,-,2930.8000,2930.6000,2930.0000,2929.8000,2926.2000,2931.8000,2932.0000,2932.6000,2933.0000,2933.4000,1,1,10,1,1,1,1,1,1,1
SF,IH2006,2019-12-09 09:30:44.100,2931.8000,3151,0,18465060.000,0,-,-,-,-,2931.0000,2930.8000,2930.0000,2929.8000,2926.2000,2931.8000,2932.0000,2932.6000,2933.0000,2933.4000,1,1,10,1,1,1,1,1,1,1
SF,IH2006,2019-12-09 09:30:44.600,2931.8000,3150,-1,19344600.000,1,0,1,双平,S,2931.0000,2930.8000,2930.0000,2929.8000,2926.2000,2932.0000,2932.6000,2933.0000,2933.4000,2934.0000,2,1,10,1,1,1,1,1,1,3
SF,IH2006,2019-12-09 09:30:45.100,2932.0000,3149,-1,20224200.000,1,0,1,双平,S,2931.8000,2931.2000,2931.0000,2930.8000,2930.0000,2932.6000,2933.0000,2933.4000,2934.0000,2935.0000,1,1,2,1,10,1,1,1,3,1
SF,IH2006,2019-12-09 09:30:45.600,2931.8000,3150,1,21103740.000,1,1,0,双开,S,2931.2000,2931.0000,2930.8000,2930.0000,2929.8000,2931.6000,2932.6000,2933.0000,2933.4000,2934.0000,1,2,1,10,1,1,1,1,1,3
SF,IH2006,2019-12-09 09:30:46.100,2931.6000,3150,0,21983220.000,1,0,1,多换,S,2931.2000,2931.0000,2930.0000,2929.8000,2927.8000,2932.6000,2933.0000,2933.4000,2934.0000,2935.0000,1,2,10,1,1,1,1,1,3,1
SF,IH2006,2019-12-09 09:30:46.600,2931.6000,3150,0,21983220.000,0,-,-,-,-,2931.4000,2931.2000,2931.0000,2930.0000,2929.8000,2932.6000,2933.0000,2933.4000,2934.0000,2935.0000,1,1,1,10,1,1,1,1,3,1
SF,IH2006,2019-12-09 09:30:47.100,2931.6000,3150,0,21983220.000,0,-,-,-,-,2931.6000,2931.4000,2931.0000,2930.0000,2929.8000,2932.6000,2933.0000,2933.4000,2934.0000,2935.0000,2,1,1,10,1,1,1,1,3,1
SF,IH2006,2019-12-09 09:30:47.600,2931.6000,3150,0,21983220.000,0,-,-,-,-,2931.6000,2931.4000,2931.0000,2930.0000,2929.8000,2932.6000,2933.0000,2933.4000,2934.0000,2935.0000,3,1,1,10,1,1,1,1,3,1
SF,IH2006,2019-12-09 09:30:49.600,2931.6000,3150,0,22862700.000,1,0,1,多换,S,2931.6000,2931.4000,2931.0000,2930.0000,2929.8000,2932.6000,2933.0000,2933.4000,2934.0000,2935.0000,2,1,1,10,1,1,1,1,3,1
SF,IH2006,2019-12-09 09:30:50.100,2931.6000,3150,0,22862700.000,0,-,-,-,-,2931.6000,2931.4000,2931.0000,2930.0000,2929.8000,2932.6000,2933.0000,2933.4000,2934.0000,2935.0000,1,1,1,10,1,1,1,1,3,1
SF,IH2006,2019-12-09 09:30:51.100,2931.6000,3150,0,22862700.000,0,-,-,-,-,2932.0000,2931.6000,2931.4000,2931.0000,2930.0000,2932.6000,2933.0000,2933.4000,2934.0000,2935.0000,1,1,1,1,10,1,1,1,3,1
SF,IH2006,2019-12-09 09:30:51.600,2932.0000,3150,0,23742300.000,1,0,1,多换,S,2931.6000,2931.4000,2931.0000,2930.0000,2929.8000,2932.0000,2932.6000,2933.0000,2933.4000,2934.0000,1,1,1,10,1,1,1,1,1,3
SF,IH2006,2019-12-09 09:30:52.100,2931.6000,3150,0,24621780.000,1,0,1,多换,S,2931.4000,2931.0000,2930.0000,2929.8000,2927.8000,2932.0000,2932.6000,2933.0000,2933.4000,2934.0000,1,1,10,1,1,1,1,1,1,3
SF,IH2006,2019-12-09 09:30:52.600,2931.4000,3149,-1,25501200.000,1,0,1,双平,S,2931.0000,2930.0000,2929.8000,2927.8000,2926.2000,2932.0000,2932.6000,2933.0000,2933.4000,2934.0000,1,10,1,1,1,1,1,1,1,3
SF,IH2006,2019-12-09 09:30:58.600,2931.4000,3149,0,25501200.000,0,-,-,-,-,2931.0000,2930.0000,2929.8000,2927.8000,2926.2000,2932.0000,2932.6000,2933.0000,2933.4000,2934.0000,1,10,1,1,1,1,1,1,1,3
SF,IH2006,2019-12-09 09:31:01.100,2931.4000,3149,0,25501200.000,0,-,-,-,-,2931.0000,2930.0000,2929.8000,2927.8000,2926.2000,2932.0000,2932.6000,2933.0000,2933.4000,2934.0000,1,10,1,1,1,1,1,1,1,3
SF,IH2006,2019-12-09 09:31:02.100,2931.0000,3149,0,26380500.000,1,0,1,多换,S,2930.0000,2929.8000,2927.8000,2926.2000,2924.8000,2931.0000,2932.0000,2933.0000,2933.4000,2934.0000,10,1,1,1,5,2,2,1,1,3
SF,IH2006,2019-12-09 09:31:02.600,2931.0000,3147,-2,28139100.000,2,0,2,双平,S,2931.0000,2930.2000,2930.0000,2929.8000,2927.8000,2932.0000,2933.0000,2933.4000,2934.0000,2935.0000,1,2,10,1,1,2,1,1,3,1
SF,IH2006,2019-12-09 09:31:03.100,2931.0000,3147,0,28139100.000,0,-,-,-,-,2930.2000,2930.0000,2929.8000,2927.8000,2927.2000,2932.0000,2933.0000,2933.4000,2934.0000,2935.0000,2,10,1,1,1,2,1,1,3,1
SF,IH2006,2019-12-09 09:31:05.100,2931.0000,3147,0,28139100.000,0,-,-,-,-,2930.2000,2930.0000,2929.8000,2927.8000,2927.2000,2932.0000,2932.6000,2933.0000,2933.4000,2934.0000,2,10,1,1,1,2,1,1,1,3
SF,IH2006,2019-12-09 09:31:09.100,2931.0000,3147,0,28139100.000,0,-,-,-,-,2930.2000,2930.0000,2929.8000,2927.8000,2927.2000,2932.0000,2932.6000,2933.0000,2933.4000,2934.0000,2,10,1,1,1,2,1,1,1,3
SF,IH2006,2019-12-09 09:31:10.100,2931.0000,3147,0,28139100.000,0,-,-,-,-,2930.2000,2930.0000,2929.8000,2927.8000,2927.2000,2932.0000,2932.6000,2933.0000,2933.4000,2934.0000,2,10,1,1,1,2,1,1,1,3
SF,IH2006,2019-12-09 09:31:14.600,2930.2000,3146,-1,29018160.000,1,0,1,双平,S,2930.2000,2930.0000,2929.8000,2927.8000,2927.2000,2932.0000,2932.6000,2933.0000,2933.4000,2934.0000,1,10,1,1,1,2,1,1,1,3
SF,IH2006,2019-12-09 09:31:15.100,2932.0000,3144,-2,30777360.000,2,0,2,双平,S,2930.4000,2930.2000,2930.0000,2929.8000,2927.8000,2932.6000,2933.0000,2933.4000,2934.0000,2935.0000,2,1,10,1,1,1,1,1,3,1
SF,IH2006,2019-12-09 09:31:15.600,2932.0000,3144,0,30777360.000,0,-,-,-,-,2931.0000,2930.6000,2930.4000,2930.2000,2930.0000,2932.4000,2932.6000,2933.0000,2933.4000,2934.0000,1,1,1,1,10,1,1,1,1,3
SF,IH2006,2019-12-09 09:31:16.600,2932.0000,3144,0,30777360.000,0,-,-,-,-,2931.4000,2931.0000,2930.6000,2930.4000,2930.0000,2932.4000,2932.6000,2933.0000,2933.4000,2934.0000,1,1,1,1,10,1,1,1,1,3
SF,IH2006,2019-12-09 09:31:17.100,2932.0000,3144,0,30777360.000,0,-,-,-,-,2931.4000,2931.0000,2930.4000,2930.0000,2929.8000,2932.4000,2932.6000,2933.0000,2933.4000,2934.0000,1,1,1,10,1,1,1,1,1,3
SF,IH2006,2019-12-09 09:31:17.600,2932.0000,3144,0,30777360.000,0,-,-,-,-,2931.0000,2930.4000,2930.0000,2929.8000,2927.8000,2932.4000,2932.6000,2933.0000,2933.4000,2934.0000,1,1,10,1,1,1,1,1,1,3
SF,IH2006,2019-12-09 09:31:18.100,2932.0000,3144,0,30777360.000,0,-,-,-,-,2931.0000,2930.4000,2930.0000,2929.8000,2927.8000,2932.4000,2932.6000,2933.0000,2933.4000,2934.0000,2,1,10,1,1,1,1,1,1,3
SF,IH2006,2019-12-09 09:31:20.100,2932.0000,3144,0,30777360.000,0,-,-,-,-,2931.0000,2930.4000,2930.0000,2929.8000,2927.8000,2932.2000,2932.4000,2932.6000,2933.0000,2933.4000,2,1,10,1,1,1,1,1,1,1
SF,IH2006,2019-12-09 09:31:20.600,2932.0000,3144,0,30777360.000,0,-,-,-,-,2931.4000,2931.0000,2930.4000,2930.0000,2929.8000,2932.0000,2932.2000,2932.6000,2933.0000,2933.4000,1,2,1,10,1,1,1,1,1,1
SF,IH2006,2019-12-09 09:31:21.100,2932.0000,3144,0,30777360.000,0,-,-,-,-,2931.0000,2930.4000,2930.0000,2929.8000,2927.8000,2932.0000,2932.2000,2932.6000,2933.0000,2933.4000,2,1,10,1,1,1,1,1,2,1
SF,IH2006,2019-12-09 09:31:21.600,2932.0000,3143,-1,31656960.000,1,0,1,双平,S,2931.2000,2931.0000,2930.4000,2930.0000,2929.8000,2931.4000,2932.2000,2932.6000,2933.0000,2933.4000,1,2,1,10,1,1,1,1,2,1
SF,IH2006,2019-12-09 09:31:22.100,2931.4000,3142,-1,32536380.000,1,0,1,双平,S,2931.2000,2931.0000,2930.4000,2930.0000,2929.8000,2932.2000,2932.6000,2933.0000,2933.4000,2934.0000,1,2,1,10,1,1,1,2,1,3
SF,IH2006,2019-12-09 09:31:23.600,2931.4000,3142,0,32536380.000,0,-,-,-,-,2931.0000,2930.4000,2930.0000,2929.8000,2927.8000,2932.2000,2932.6000,2933.0000,2933.4000,2934.0000,2,1,10,1,1,1,1,2,1,3
SF,IH2006,2019-12-09 09:31:24.600,2931.4000,3142,0,32536380.000,0,-,-,-,-,2931.0000,2930.4000,2930.0000,2929.8000,2927.8000,2931.2000,2932.2000,2932.6000,2933.0000,2933.4000,2,1,10,1,1,1,1,1,2,1
SF,IH2006,2019-12-09 09:31:25.100,2931.2000,3141,-1,33415740.000,1,0,1,双平,S,2931.2000,2931.0000,2930.4000,2930.0000,2929.8000,2932.2000,2932.6000,2933.0000,2933.4000,2934.0000,2,2,1,10,1,1,1,2,1,3
SF,IH2006,2019-12-09 09:31:25.600,2931.2000,3141,0,33415740.000,0,-,-,-,-,2931.4000,2931.2000,2931.0000,2930.4000,2930.0000,2932.2000,2932.6000,2933.0000,2933.4000,2934.0000,1,2,2,1,10,1,1,2,1,3
SF,IH2006,2019-12-09 09:31:26.600,2931.2000,3141,0,33415740.000,0,-,-,-,-,2931.4000,2931.0000,2930.4000,2930.0000,2929.8000,2932.2000,2932.6000,2933.0000,2933.4000,2934.0000,1,2,1,10,1,1,1,2,1,3
SF,IH2006,2019-12-09 09:31:27.600,2932.2000,3140,-1,34295400.000,1,0,1,双平,S,2931.4000,2931.0000,2930.4000,2930.0000,2929.8000,2932.6000,2933.0000,2933.4000,2934.0000,2935.0000,1,2,1,10,1,1,2,1,3,1
SF,IH2006,2019-12-09 09:31:28.100,2932.2000,3140,0,34295400.000,0,-,-,-,-,2931.4000,2931.0000,2930.4000,2930.0000,2929.8000,2932.6000,2933.0000,2933.4000,2934.0000,2935.0000,1,1,1,10,1,1,2,1,3,1
SF,IH2006,2019-12-09 09:31:29.600,2932.2000,3140,0,34295400.000,0,-,-,-,-,2931.4000,2931.0000,2930.4000,2930.0000,2929.8000,2932.6000,2933.0000,2933.4000,2934.0000,2935.0000,1,1,1,10,1,1,2,1,3,1
SF,IH2006,2019-12-09 09:31:30.100,2932.6000,3139,-1,35175180.000,1,0,1,双平,S,2932.2000,2931.0000,2930.4000,2930.0000,2929.8000,2933.0000,2933.4000,2934.0000,2935.0000,2936.0000,1,1,1,10,1,2,1,3,1,2
SF,IH2006,2019-12-09 09:31:30.600,2932.2000,3139,0,36054840.000,1,0,1,多换,S,2931.0000,2930.4000,2930.0000,2929.8000,2927.8000,2932.8000,2933.0000,2933.4000,2934.0000,2935.0000,1,1,10,1,1,1,2,1,3,1
SF,IH2006,2019-12-09 09:31:31.100,2932.2000,3139,0,36054840.000,0,-,-,-,-,2931.0000,2930.4000,2930.0000,2929.8000,2927.8000,2932.8000,2933.0000,2933.4000,2934.0000,2935.0000,1,1,10,1,1,2,2,1,3,1
SF,IH2006,2019-12-09 09:31:31.600,2932.2000,3139,0,36054840.000,0,-,-,-,-,2931.2000,2931.0000,2930.4000,2930.0000,2929.8000,2932.8000,2933.0000,2933.4000,2934.0000,2935.0000,1,1,1,10,1,2,2,1,3,1
SF,IH2006,2019-12-09 09:31:32.600,2932.2000,3139,0,36054840.000,0,-,-,-,-,2931.0000,2930.4000,2930.0000,2929.8000,2927.8000,2932.8000,2933.0000,2934.0000,2935.0000,2936.0000,1,1,10,1,1,2,2,3,1,2
SF,IH2006,2019-12-09 09:31:33.100,2932.2000,3139,0,36054840.000,0,-,-,-,-,2931.0000,2930.0000,2929.8000,2927.8000,2927.2000,2932.8000,2933.0000,2934.0000,2935.0000,2936.0000,1,10,1,1,1,2,2,3,1,2
SF,IH2006,2019-12-09 09:31:35.100,2932.2000,3139,0,36054840.000,0,-,-,-,-,2931.0000,2930.0000,2929.8000,2927.8000,2927.2000,2932.8000,2933.0000,2934.0000,2935.0000,2936.0000,1,10,1,1,1,2,2,4,1,2
SF,IH2006,2019-12-09 09:31:35.600,2932.2000,3139,0,36054840.000,0,-,-,-,-,2931.2000,2931.0000,2930.0000,2929.8000,2927.8000,2932.8000,2933.0000,2933.2000,2934.0000,2935.0000,1,1,10,1,1,2,2,1,4,1
SF,IH2006,2019-12-09 09:31:36.600,2931.2000,3138,-1,36934200.000,1,0,1,双平,S,2931.0000,2930.0000,2929.8000,2927.8000,2927.2000,2932.8000,2933.0000,2933.2000,2934.0000,2935.0000,1,10,1,1,1,3,2,1,4,1
SF,IH2006,2019-12-09 09:31:37.100,2931.0000,3138,0,37813500.000,1,0,1,多换,S,2930.0000,2929.8000,2927.8000,2927.2000,2926.2000,2932.6000,2932.8000,2933.0000,2933.2000,2934.0000,10,1,1,1,1,1,3,2,1,4
SF,IH2006,2019-12-09 09:31:37.600,2931.0000,3138,0,37813500.000,0,-,-,-,-,2930.0000,2929.8000,2927.8000,2927.2000,2926.2000,2932.4000,2932.6000,2932.8000,2933.0000,2933.2000,10,1,1,1,1,3,1,2,2,1
SF,IH2006,2019-12-09 09:31:38.100,2931.0000,3138,0,37813500.000,0,-,-,-,-,2930.2000,2930.0000,2929.8000,2927.8000,2927.2000,2932.4000,2932.8000,2933.0000,2933.2000,2934.0000,1,10,1,1,1,3,2,2,1,4
SF,IH2006,2019-12-09 09:31:39.600,2931.0000,3138,0,37813500.000,0,-,-,-,-,2930.0000,2929.8000,2927.8000,2927.2000,2926.2000,2932.2000,2932.4000,2932.8000,2933.0000,2933.2000,10,1,1,1,1,1,3,2,2,1
SF,IH2006,2019-12-09 09:31:40.100,2931.0000,3138,0,37813500.000,0,-,-,-,-,2930.0000,2929.8000,2927.8000,2927.2000,2926.2000,2932.0000,2932.2000,2932.4000,2932.8000,2933.0000,10,1,1,1,1,3,1,2,2,2
SF,IH2006,2019-12-09 09:31:40.600,2930.0000,3138,0,38692500.000,1,0,1,多换,S,2930.0000,2929.8000,2927.8000,2927.2000,2926.2000,2931.8000,2932.0000,2932.2000,2932.4000,2932.8000,9,1,1,1,1,1,3,2,2,2
SF,IH2006,2019-12-09 09:31:41.100,2930.0000,3138,0,38692500.000,0,-,-,-,-,2930.0000,2929.8000,2927.8000,2927.2000,2926.2000,2931.6000,2931.8000,2932.0000,2932.2000,2932.4000,10,1,1,1,1,3,1,2,2,2
SF,IH2006,2019-12-09 09:31:41.600,2930.0000,3138,0,38692500.000,0,-,-,-,-,2930.0000,2929.8000,2927.8000,2927.2000,2926.2000,2931.6000,2931.8000,2932.0000,2932.2000,2932.4000,10,1,1,1,1,3,1,2,1,2
SF,IH2006,2019-12-09 09:31:42.100,2930.0000,3138,0,38692500.000,0,-,-,-,-,2930.0000,2929.8000,2927.8000,2927.2000,2926.2000,2931.4000,2931.6000,2931.8000,2932.0000,2932.2000,10,1,1,1,1,1,3,1,2,1
SF,IH2006,2019-12-09 09:31:42.600,2930.0000,3138,0,38692500.000,0,-,-,-,-,2930.0000,2929.8000,2927.8000,2927.2000,2926.2000,2931.2000,2931.4000,2931.6000,2931.8000,2932.0000,10,1,1,1,1,2,1,2,1,2
SF,IH2006,2019-12-09 09:31:43.100,2930.0000,3138,0,38692500.000,0,-,-,-,-,2930.0000,2929.8000,2927.8000,2927.2000,2926.2000,2931.0000,2931.2000,2931.4000,2931.6000,2931.8000,10,1,1,1,1,1,2,1,2,1
SF,IH2006,2019-12-09 09:31:43.600,2930.0000,3138,0,40450500.000,2,1,1,多换,S,2930.0000,2929.8000,2927.8000,2927.2000,2926.2000,2930.8000,2931.0000,2931.2000,2931.4000,2931.6000,8,1,1,1,1,2,2,1,1,2
SF,IH2006,2019-12-09 09:31:44.100,2930.0000,3138,0,43087500.000,3,1,2,多换,S,2930.0000,2929.8000,2927.8000,2927.2000,2926.2000,2930.8000,2931.0000,2931.2000,2931.4000,2931.6000,5,1,1,1,1,2,2,1,1,2
SF,IH2006,2019-12-09 09:31:44.600,2930.0000,3138,0,43966500.000,1,0,1,多换,S,2930.0000,2929.8000,2927.8000,2927.2000,2926.2000,2930.8000,2931.0000,2931.2000,2931.4000,2931.6000,4,1,1,1,1,2,2,1,1,2
SF,IH2006,2019-12-09 09:31:45.100,2930.0000,3138,0,44845500.000,1,0,1,多换,S,2930.0000,2929.8000,2927.8000,2927.2000,2926.2000,2930.6000,2930.8000,2931.0000,2931.2000,2931.4000,3,1,1,1,1,2,2,2,1,1
SF,IH2006,2019-12-09 09:31:45.600,2930.0000,3138,0,46603500.000,2,1,1,多换,S,2930.0000,2929.8000,2927.8000,2927.2000,2926.2000,2930.4000,2930.8000,2931.0000,2931.2000,2931.4000,1,1,1,1,1,1,2,2,1,1
SF,IH2006,2019-12-09 09:31:46.100,2930.0000,3137,-1,47482500.000,1,0,1,双平,S,2929.8000,2927.8000,2927.2000,2926.2000,2923.2000,2930.0000,2930.8000,2931.0000,2931.2000,2931.4000,1,1,1,1,1,3,2,2,1,1
SF,IH2006,2019-12-09 09:31:46.600,2929.8000,3137,0,48361440.000,1,0,1,多换,S,2927.8000,2927.2000,2926.2000,2923.2000,2923.0000,2930.0000,2930.8000,2931.0000,2931.2000,2931.4000,1,1,1,1,2,4,2,2,1,1
SF,IH2006,2019-12-09 09:31:47.100,2929.8000,3137,0,48361440.000,0,-,-,-,-,2928.0000,2927.8000,2927.2000,2926.2000,2923.2000,2930.0000,2930.8000,2931.0000,2931.2000,2931.6000,1,1,1,1,1,4,2,2,1,2
SF,IH2006,2019-12-09 09:31:47.600,2929.8000,3137,0,48361440.000,0,-,-,-,-,2928.0000,2927.8000,2927.2000,2926.2000,2923.2000,2930.0000,2930.8000,2931.0000,2931.2000,2931.6000,2,1,1,1,1,4,2,2,1,2
SF,IH2006,2019-12-09 09:31:48.100,2929.8000,3137,0,48361440.000,0,-,-,-,-,2928.0000,2927.8000,2927.2000,2926.2000,2923.2000,2930.0000,2930.8000,2931.0000,2931.2000,2931.6000,2,1,1,1,1,4,2,1,1,2
SF,IH2006,2019-12-09 09:31:48.600,2929.8000,3137,0,48361440.000,0,-,-,-,-,2928.0000,2927.8000,2927.2000,2926.2000,2923.2000,2930.0000,2930.8000,2931.0000,2931.2000,2931.6000,2,1,1,1,1,4,1,1,1,2
SF,IH2006,2019-12-09 09:31:49.100,2929.8000,3137,0,48361440.000,0,-,-,-,-,2928.0000,2927.8000,2927.2000,2926.2000,2923.2000,2930.0000,2930.8000,2931.0000,2931.2000,2931.6000,2,1,1,1,1,3,1,2,1,2
SF,IH2006,2019-12-09 09:31:51.100,2929.8000,3137,0,48361440.000,0,-,-,-,-,2928.2000,2928.0000,2927.8000,2927.2000,2926.2000,2930.0000,2930.8000,2931.0000,2931.2000,2931.6000,2,2,1,1,1,2,1,2,1,2
SF,IH2006,2019-12-09 09:31:51.600,2929.8000,3137,0,48361440.000,0,-,-,-,-,2928.4000,2928.2000,2927.8000,2927.2000,2926.2000,2930.0000,2930.8000,2931.0000,2931.2000,2931.6000,1,2,1,1,1,2,1,2,1,2
SF,IH2006,2019-12-09 09:31:52.100,2929.8000,3137,0,48361440.000,0,-,-,-,-,2928.4000,2928.2000,2927.8000,2927.2000,2926.2000,2930.0000,2930.8000,2931.0000,2931.2000,2931.6000,2,2,1,1,1,2,1,2,1,2
SF,IH2006,2019-12-09 09:31:53.100,2928.4000,3136,-1,49239960.000,1,0,1,双平,S,2927.8000,2927.2000,2926.2000,2923.2000,2923.0000,2930.0000,2930.8000,2931.0000,2931.2000,2931.6000,1,1,1,1,2,2,1,2,1,2
SF,IH2006,2019-12-09 09:31:53.600,2928.4000,3136,0,49239960.000,0,-,-,-,-,2928.6000,2928.0000,2927.8000,2927.2000,2926.2000,2930.0000,2930.8000,2931.0000,2931.2000,2931.6000,1,3,1,1,1,2,1,2,1,2
SF,IH2006,2019-12-09 09:31:54.100,2928.4000,3136,0,49239960.000,0,-,-,-,-,2928.8000,2928.6000,2928.0000,2927.8000,2927.2000,2930.0000,2930.8000,2931.0000,2931.2000,2931.6000,1,1,2,1,1,2,1,2,1,2
SF,IH2006,2019-12-09 09:31:55.100,2928.4000,3136,0,49239960.000,0,-,-,-,-,2929.0000,2928.8000,2928.6000,2928.0000,2927.8000,2930.0000,2930.8000,2931.0000,2931.2000,2931.6000,1,1,1,2,1,1,1,2,1,2
SF,IH2006,2019-12-09 09:31:56.100,2928.4000,3136,0,49239960.000,0,-,-,-,-,2929.0000,2928.8000,2928.0000,2927.8000,2927.2000,2930.0000,2930.8000,2931.0000,2931.2000,2931.6000,1,1,2,1,1,1,1,2,1,2
SF,IH2006,2019-12-09 09:31:56.600,2928.4000,3136,0,49239960.000,0,-,-,-,-,2928.8000,2928.0000,2927.8000,2927.2000,2926.2000,2930.0000,2930.8000,2931.0000,2931.2000,2931.6000,1,2,1,1,1,1,1,2,1,2
SF,IH2006,2019-12-09 09:32:00.100,2928.4000,3136,0,49239960.000,0,-,-,-,-,2928.8000,2928.0000,2927.8000,2927.2000,2926.2000,2930.0000,2930.8000,2931.0000,2931.2000,2931.6000,1,2,1,1,1,2,1,2,1,2
SF,IH2006,2019-12-09 09:32:00.600,2928.4000,3136,0,49239960.000,0,-,-,-,-,2929.0000,2928.8000,2928.0000,2927.8000,2927.2000,2930.0000,2930.8000,2931.0000,2931.2000,2931.6000,1,1,2,1,1,3,1,2,1,2
SF,IH2006,2019-12-09 09:32:01.100,2928.4000,3136,0,49239960.000,0,-,-,-,-,2929.2000,2929.0000,2928.0000,2927.8000,2927.2000,2930.0000,2930.8000,2931.0000,2931.2000,2931.6000,1,1,2,1,1,3,1,2,1,2
SF,IH2006,2019-12-09 09:32:02.100,2930.0000,3136,0,50118960.000,1,0,1,多换,S,2929.2000,2929.0000,2928.0000,2927.8000,2927.2000,2930.0000,2931.0000,2931.6000,2932.0000,2932.4000,1,1,2,1,1,2,2,2,3,2
SF,IH2006,2019-12-09 09:32:02.600,2930.0000,3136,0,50997960.000,1,0,1,多换,S,2929.2000,2929.0000,2928.0000,2927.8000,2927.2000,2930.0000,2931.0000,2931.6000,2932.0000,2932.4000,1,1,2,1,1,1,2,2,3,2
SF,IH2006,2019-12-09 09:32:03.100,2930.0000,3136,0,50997960.000,0,-,-,-,-,2929.2000,2928.0000,2927.8000,2927.2000,2926.2000,2930.0000,2931.0000,2931.6000,2932.0000,2932.4000,1,2,1,1,1,1,2,2,3,2
SF,IH2006,2019-12-09 09:32:03.600,2930.0000,3135,-1,51876960.000,1,0,1,双平,S,2929.2000,2928.0000,2927.8000,2927.2000,2926.2000,2931.0000,2931.6000,2932.0000,2932.4000,2932.8000,1,2,1,1,1,2,2,3,2,2
SF,IH2006,2019-12-09 09:32:04.100,2930.0000,3135,0,51876960.000,0,-,-,-,-,2930.0000,2929.2000,2928.0000,2927.8000,2927.2000,2930.8000,2931.0000,2931.6000,2932.0000,2932.4000,1,1,2,1,1,2,2,2,3,2
SF,IH2006,2019-12-09 09:32:04.600,2930.0000,3135,0,51876960.000,0,-,-,-,-,2930.0000,2929.2000,2928.0000,2927.8000,2927.2000,2931.0000,2931.6000,2932.0000,2932.4000,2932.8000,1,1,2,1,1,2,2,3,2,2
SF,IH2006,2019-12-09 09:32:07.100,2930.0000,3135,0,51876960.000,0,-,-,-,-,2930.0000,2929.2000,2928.0000,2927.8000,2927.2000,2931.0000,2932.0000,2932.4000,2932.8000,2933.0000,1,1,2,1,1,2,3,2,2,2
SF,IH2006,2019-12-09 09:32:10.600,2930.0000,3135,0,51876960.000,0,-,-,-,-,2930.0000,2929.2000,2929.0000,2928.0000,2927.8000,2931.0000,2932.0000,2932.4000,2932.8000,2933.0000,1,1,1,2,1,2,3,2,2,2
SF,IH2006,2019-12-09 09:32:11.100,2930.0000,3135,0,52755960.000,1,0,1,多换,S,2929.2000,2929.0000,2928.0000,2927.8000,2927.2000,2931.0000,2932.0000,2932.4000,2932.8000,2933.0000,1,1,2,1,1,2,3,2,2,2
SF,IH2006,2019-12-09 09:32:11.600,2930.0000,3135,0,52755960.000,0,-,-,-,-,2929.4000,2929.2000,2929.0000,2928.0000,2927.8000,2931.0000,2932.0000,2932.4000,2932.8000,2933.0000,1,1,1,2,1,2,3,2,2,2
SF,IH2006,2019-12-09 09:32:12.100,2930.0000,3135,0,52755960.000,0,-,-,-,-,2929.6000,2929.4000,2929.0000,2928.0000,2927.8000,2931.0000,2932.0000,2932.4000,2932.8000,2933.0000,1,1,1,2,1,2,3,2,2,2
SF,IH2006,2019-12-09 09:32:12.600,2930.0000,3135,0,52755960.000,0,-,-,-,-,2929.8000,2929.6000,2929.4000,2929.0000,2928.0000,2931.0000,2932.0000,2932.4000,2932.8000,2933.0000,1,1,1,1,2,2,3,2,2,2
SF,IH2006,2019-12-09 09:32:13.100,2930.0000,3135,0,52755960.000,0,-,-,-,-,2930.0000,2929.8000,2929.4000,2929.0000,2928.0000,2931.0000,2932.0000,2932.4000,2932.8000,2933.0000,1,1,1,1,2,2,3,2,2,2
SF,IH2006,2019-12-09 09:32:13.600,2930.0000,3135,0,52755960.000,0,-,-,-,-,2930.0000,2929.8000,2929.0000,2928.0000,2927.8000,2931.0000,2932.0000,2932.4000,2932.8000,2933.0000,1,1,1,2,1,2,3,2,2,2
SF,IH2006,2019-12-09 09:32:14.100,2930.0000,3135,0,52755960.000,0,-,-,-,-,2930.0000,2929.0000,2928.0000,2927.8000,2927.2000,2931.0000,2932.0000,2932.4000,2932.8000,2933.0000,1,1,2,1,1,2,3,2,2,2
SF,IH2006,2019-12-09 09:32:15.100,2930.0000,3135,0,52755960.000,0,-,-,-,-,2930.0000,2929.0000,2928.0000,2927.8000,2927.2000,2931.0000,2932.0000,2932.4000,2932.8000,2933.0000,1,1,2,1,1,2,1,2,2,2
SF,IH2006,2019-12-09 09:32:15.600,2931.0000,3134,-1,53635260.000,1,0,1,双平,S,2930.2000,2930.0000,2929.0000,2928.0000,2927.8000,2931.0000,2932.0000,2932.8000,2933.0000,2933.6000,1,1,1,2,1,1,1,2,2,1
SF,IH2006,2019-12-09 09:32:16.100,2931.0000,3133,-1,54514560.000,1,0,1,双平,S,2930.4000,2929.0000,2928.0000,2927.8000,2927.2000,2932.0000,2932.8000,2933.0000,2933.6000,2934.0000,1,1,2,1,1,1,2,2,1,4
SF,IH2006,2019-12-09 09:32:17.100,2930.4000,3133,0,55393680.000,1,0,1,多换,S,2929.0000,2928.0000,2927.8000,2927.2000,2926.2000,2932.0000,2932.8000,2933.0000,2933.6000,2934.0000,1,2,1,1,1,1,2,2,1,4
SF,IH2006,2019-12-09 09:32:17.600,2930.4000,3133,0,55393680.000,0,-,-,-,-,2929.2000,2929.0000,2928.0000,2927.8000,2927.2000,2931.8000,2932.0000,2932.8000,2933.0000,2933.6000,3,1,2,1,1,1,1,2,2,1
SF,IH2006,2019-12-09 09:32:18.100,2930.4000,3133,0,55393680.000,0,-,-,-,-,2929.6000,2929.4000,2929.2000,2929.0000,2928.0000,2931.8000,2932.0000,2932.8000,2933.0000,2933.6000,1,1,4,1,2,1,1,2,2,1
SF,IH2006,2019-12-09 09:32:18.600,2930.4000,3133,0,55393680.000,0,-,-,-,-,2930.2000,2929.8000,2929.4000,2929.2000,2929.0000,2931.8000,2932.0000,2932.8000,2933.0000,2933.6000,1,4,1,3,1,1,1,2,2,1
SF,IH2006,2019-12-09 09:32:19.100,2930.4000,3133,0,55393680.000,0,-,-,-,-,2930.4000,2930.2000,2929.8000,2929.4000,2929.2000,2931.8000,2932.0000,2932.8000,2933.0000,2933.6000,1,1,3,1,3,1,1,1,2,1
SF,IH2006,2019-12-09 09:32:19.600,2930.4000,3133,0,55393680.000,0,-,-,-,-,2930.8000,2930.4000,2929.8000,2929.4000,2929.2000,2931.8000,2932.0000,2932.8000,2933.0000,2933.6000,1,3,3,1,2,1,1,1,2,1
SF,IH2006,2019-12-09 09:32:20.100,2930.4000,3133,0,55393680.000,0,-,-,-,-,2930.8000,2930.4000,2929.8000,2929.4000,2929.2000,2931.8000,2932.0000,2932.8000,2933.0000,2933.6000,1,2,3,1,2,1,1,1,2,1
SF,IH2006,2019-12-09 09:32:22.100,2930.4000,3133,0,55393680.000,0,-,-,-,-,2929.8000,2929.4000,2929.2000,2929.0000,2928.0000,2931.8000,2932.0000,2932.8000,2933.0000,2933.6000,3,1,2,1,2,1,1,1,2,1
SF,IH2006,2019-12-09 09:32:22.600,2930.4000,3133,0,55393680.000,0,-,-,-,-,2930.0000,2929.8000,2929.2000,2929.0000,2928.0000,2931.8000,2932.0000,2932.8000,2933.0000,2933.6000,2,2,2,1,2,1,1,1,2,1
SF,IH2006,2019-12-09 09:32:23.100,2930.4000,3133,0,55393680.000,0,-,-,-,-,2930.0000,2929.8000,2929.2000,2929.0000,2928.0000,2931.8000,2932.0000,2932.8000,2933.0000,2933.6000,4,2,2,1,2,1,1,1,2,1
SF,IH2006,2019-12-09 09:32:23.600,2930.4000,3133,0,55393680.000,0,-,-,-,-,2930.2000,2930.0000,2929.8000,2929.2000,2929.0000,2931.8000,2932.0000,2932.8000,2933.0000,2933.6000,1,1,2,2,1,1,1,1,2,1
SF,IH2006,2019-12-09 09:32:24.100,2930.4000,3133,0,55393680.000,0,-,-,-,-,2930.2000,2929.8000,2929.2000,2929.0000,2928.0000,2931.8000,2932.0000,2932.8000,2933.0000,2933.6000,1,2,2,1,2,1,1,1,2,1
SF,IH2006,2019-12-09 09:32:24.600,2930.4000,3133,0,55393680.000,0,-,-,-,-,2930.4000,2930.2000,2929.8000,2929.2000,2929.0000,2931.8000,2932.0000,2932.8000,2933.0000,2933.6000,1,1,2,2,1,1,1,1,2,1
SF,IH2006,2019-12-09 09:32:25.100,2930.4000,3133,0,55393680.000,0,-,-,-,-,2930.4000,2930.2000,2929.8000,2929.2000,2929.0000,2931.0000,2931.8000,2932.0000,2932.8000,2933.0000,1,1,2,2,1,1,1,1,1,2
SF,IH2006,2019-12-09 09:32:25.600,2931.0000,3132,-1,56272980.000,1,0,1,双平,S,2930.4000,2929.8000,2929.2000,2929.0000,2928.0000,2931.8000,2932.0000,2932.8000,2933.0000,2933.6000,1,2,2,1,2,1,1,1,2,1
SF,IH2006,2019-12-09 09:32:26.100,2931.0000,3132,0,56272980.000,0,-,-,-,-,2929.8000,2929.2000,2929.0000,2928.0000,2927.8000,2931.8000,2932.0000,2932.8000,2933.0000,2933.6000,2,2,1,2,1,1,1,1,2,1
SF,IH2006,2019-12-09 09:32:26.600,2931.0000,3132,0,56272980.000,0,-,-,-,-,2930.8000,2930.6000,2930.0000,2929.8000,2929.2000,2931.8000,2932.0000,2932.8000,2933.0000,2933.6000,1,1,2,2,2,1,1,1,2,1
SF,IH2006,2019-12-09 09:32:28.100,2931.0000,3132,0,56272980.000,0,-,-,-,-,2930.8000,2930.0000,2929.8000,2929.2000,2929.0000,2931.8000,2932.0000,2932.8000,2933.0000,2933.6000,1,2,2,2,1,1,1,1,2,1
SF,IH2006,2019-12-09 09:32:29.600,2931.0000,3132,0,56272980.000,0,-,-,-,-,2930.0000,2929.8000,2929.2000,2929.0000,2928.0000,2930.8000,2931.8000,2932.0000,2932.8000,2933.0000,2,2,2,1,2,1,1,1,1,2
SF,IH2006,2019-12-09 09:32:30.100,2930.8000,3132,0,57152220.000,1,0,1,多换,S,2930.8000,2930.0000,2929.8000,2929.2000,2928.0000,2931.8000,2932.0000,2932.8000,2933.0000,2933.6000,1,2,2,2,2,1,1,1,2,1
SF,IH2006,2019-12-09 09:32:30.600,2930.8000,3132,0,57152220.000,0,-,-,-,-,2929.8000,2929.2000,2928.0000,2927.8000,2927.2000,2931.8000,2932.0000,2932.8000,2933.0000,2933.6000,2,2,2,1,1,1,1,1,2,1
SF,IH2006,2019-12-09 09:32:31.100,2930.8000,3132,0,57152220.000,0,-,-,-,-,2930.0000,2929.8000,2929.2000,2928.0000,2927.8000,2931.8000,2932.0000,2932.8000,2933.0000,2933.6000,2,2,2,2,1,1,1,1,2,1
SF,IH2006,2019-12-09 09:32:33.600,2930.8000,3132,0,57152220.000,0,-,-,-,-,2930.2000,2930.0000,2929.8000,2929.2000,2928.0000,2931.8000,2932.0000,2932.8000,2933.0000,2933.6000,1,2,2,2,2,1,1,1,2,1
SF,IH2006,2019-12-09 09:32:34.100,2930.8000,3132,0,57152220.000,0,-,-,-,-,2930.4000,2930.2000,2930.0000,2929.8000,2929.2000,2931.8000,2932.0000,2932.8000,2933.0000,2933.6000,2,1,2,2,2,1,1,1,2,1
SF,IH2006,2019-12-09 09:32:35.100,2930.8000,3132,0,57152220.000,0,-,-,-,-,2930.2000,2930.0000,2929.8000,2929.2000,2928.0000,2931.8000,2932.0000,2932.8000,2933.0000,2933.6000,1,2,2,2,2,1,2,1,1,1
SF,IH2006,2019-12-09 09:32:35.600,2930.2000,3131,-1,58031280.000,1,0,1,双平,S,2929.8000,2929.2000,2928.0000,2927.8000,2927.2000,2930.4000,2931.8000,2932.0000,2932.8000,2933.0000,2,2,2,1,1,1,1,2,1,1
SF,IH2006,2019-12-09 09:32:36.100,2930.4000,3130,-1,58910400.000,1,0,1,双平,S,2930.0000,2929.8000,2929.2000,2928.0000,2927.8000,2931.8000,2932.0000,2932.8000,2933.0000,2933.6000,1,2,2,2,1,1,2,1,1,1
SF,IH2006,2019-12-09 09:32:36.600,2930.0000,3129,-1,59789400.000,1,0,1,双平,S,2929.8000,2929.2000,2928.0000,2927.8000,2927.2000,2931.8000,2932.0000,2932.8000,2933.0000,2933.6000,2,2,2,1,1,1,2,1,1,1
SF,IH2006,2019-12-09 09:32:37.600,2930.0000,3129,0,59789400.000,0,-,-,-,-,2929.8000,2929.2000,2928.0000,2927.8000,2927.2000,2931.8000,2932.0000,2932.8000,2933.0000,2933.6000,2,2,2,1,1,1,2,1,1,1
SF,IH2006,2019-12-09 09:32:41.600,2930.0000,3129,0,59789400.000,0,-,-,-,-,2929.2000,2928.0000,2927.8000,2927.2000,2926.2000,2931.8000,2932.0000,2932.8000,2933.0000,2933.6000,2,2,1,1,1,1,2,1,1,1
SF,IH2006,2019-12-09 09:32:42.100,2930.0000,3129,0,59789400.000,0,-,-,-,-,2929.4000,2929.2000,2928.0000,2927.8000,2927.2000,2931.8000,2932.0000,2932.8000,2933.0000,2933.6000,3,2,2,1,1,1,2,1,1,1
SF,IH2006,2019-12-09 09:32:42.600,2930.0000,3129,0,59789400.000,0,-,-,-,-,2929.4000,2929.2000,2928.0000,2927.8000,2927.2000,2931.6000,2931.8000,2932.0000,2932.8000,2933.0000,2,2,2,1,1,1,1,2,1,1
SF,IH2006,2019-12-09 09:32:43.100,2930.0000,3129,0,59789400.000,0,-,-,-,-,2928.0000,2927.8000,2927.2000,2926.2000,2923.2000,2931.4000,2931.6000,2932.0000,2932.8000,2933.0000,2,1,1,1,1,1,1,2,1,1
SF,IH2006,2019-12-09 09:32:43.600,2930.0000,3129,0,59789400.000,0,-,-,-,-,2928.2000,2928.0000,2927.8000,2927.2000,2926.2000,2931.4000,2931.6000,2932.0000,2932.8000,2933.0000,4,2,1,1,1,1,1,2,1,1
SF,IH2006,2019-12-09 09:32:45.600,2930.0000,3129,0,59789400.000,0,-,-,-,-,2928.2000,2928.0000,2927.8000,2927.2000,2926.2000,2931.2000,2931.4000,2931.6000,2932.0000,2932.8000,4,2,1,1,1,1,1,1,2,1
SF,IH2006,2019-12-09 09:32:46.100,2930.0000,3129,0,59789400.000,0,-,-,-,-,2928.2000,2928.0000,2927.8000,2927.2000,2926.2000,2931.0000,2931.6000,2932.0000,2932.8000,2933.0000,2,2,1,1,1,1,1,2,1,1
SF,IH2006,2019-12-09 09:32:47.100,2930.0000,3129,0,59789400.000,0,-,-,-,-,2928.4000,2928.2000,2928.0000,2927.8000,2927.2000,2931.0000,2931.6000,2932.0000,2932.8000,2933.0000,1,2,2,1,1,1,1,2,1,1
SF,IH2006,2019-12-09 09:32:47.600,2930.0000,3129,0,59789400.000,0,-,-,-,-,2928.6000,2928.4000,2928.2000,2928.0000,2927.8000,2931.0000,2931.6000,2932.0000,2932.8000,2933.0000,3,1,1,2,1,1,1,2,1,1
SF,IH2006,2019-12-09 09:32:48.100,2930.0000,3129,0,59789400.000,0,-,-,-,-,2928.6000,2928.2000,2928.0000,2927.8000,2927.2000,2931.0000,2931.6000,2932.0000,2932.8000,2933.0000,3,1,2,1,1,1,1,2,1,1
SF,IH2006,2019-12-09 09:32:49.100,2930.0000,3129,0,59789400.000,0,-,-,-,-,2928.6000,2928.2000,2928.0000,2927.8000,2927.2000,2931.0000,2931.6000,2932.0000,2932.8000,2933.0000,3,1,2,1,1,1,1,2,1,1
SF,IH2006,2019-12-09 09:32:50.100,2930.0000,3129,0,59789400.000,0,-,-,-,-,2928.6000,2928.4000,2928.2000,2928.0000,2927.8000,2931.0000,2931.6000,2932.0000,2932.8000,2933.0000,3,1,1,2,1,1,1,2,1,1
SF,IH2006,2019-12-09 09:32:52.100,2930.0000,3129,0,59789400.000,0,-,-,-,-,2928.6000,2928.4000,2928.2000,2928.0000,2927.8000,2931.0000,2931.6000,2932.0000,2932.8000,2933.0000,3,1,1,2,1,1,1,2,1,1
SF,IH2006,2019-12-09 09:32:53.600,2930.0000,3129,0,59789400.000,0,-,-,-,-,2928.6000,2928.2000,2928.0000,2927.8000,2927.2000,2931.0000,2931.6000,2932.0000,2932.8000,2933.0000,3,1,2,1,1,1,1,2,1,1
SF,IH2006,2019-12-09 09:32:57.100,2930.0000,3129,0,59789400.000,0,-,-,-,-,2928.6000,2928.2000,2928.0000,2927.8000,2927.2000,2931.0000,2931.6000,2932.0000,2932.8000,2933.0000,3,1,2,1,1,2,1,2,1,1
SF,IH2006,2019-12-09 09:32:58.100,2930.0000,3129,0,59789400.000,0,-,-,-,-,2928.6000,2928.2000,2928.0000,2927.8000,2927.2000,2930.8000,2931.0000,2931.6000,2932.0000,2932.8000,1,1,2,1,1,1,2,1,2,1
SF,IH2006,2019-12-09 09:32:58.600,2930.0000,3129,0,59789400.000,0,-,-,-,-,2928.2000,2928.0000,2927.8000,2927.2000,2926.4000,2930.6000,2931.0000,2931.6000,2932.0000,2932.8000,1,2,1,1,1,1,1,1,2,1
SF,IH2006,2019-12-09 09:32:59.100,2930.0000,3129,0,59789400.000,0,-,-,-,-,2928.4000,2928.2000,2928.0000,2927.8000,2927.2000,2930.6000,2931.0000,2931.6000,2932.0000,2932.8000,3,1,2,1,1,1,1,1,2,1
SF,IH2006,2019-12-09 09:33:00.100,2930.0000,3129,0,59789400.000,0,-,-,-,-,2928.4000,2928.2000,2928.0000,2927.8000,2927.2000,2930.6000,2931.0000,2931.6000,2932.0000,2932.8000,2,1,2,1,1,1,1,1,2,1
SF,IH2006,2019-12-09 09:33:00.600,2930.0000,3129,0,59789400.000,0,-,-,-,-,2928.6000,2928.4000,2928.2000,2928.0000,2927.8000,2930.6000,2931.0000,2931.6000,2932.0000,2932.8000,1,2,1,2,1,1,1,1,2,1
SF,IH2006,2019-12-09 09:33:01.100,2930.0000,3129,0,59789400.000,0,-,-,-,-,2928.8000,2928.6000,2928.4000,2928.2000,2928.0000,2930.6000,2931.0000,2931.6000,2932.0000,2932.8000,1,1,1,1,2,1,1,1,2,1
SF,IH2006,2019-12-09 09:33:01.600,2930.0000,3129,0,59789400.000,0,-,-,-,-,2928.4000,2928.2000,2928.0000,2927.8000,2927.2000,2930.6000,2931.0000,2931.6000,2932.0000,2932.8000,1,1,2,1,1,1,1,1,2,1
SF,IH2006,2019-12-09 09:33:02.100,2930.0000,3129,0,59789400.000,0,-,-,-,-,2928.6000,2928.4000,2928.2000,2928.0000,2927.8000,2930.6000,2931.0000,2931.6000,2932.0000,2932.8000,1,1,1,2,1,1,1,1,2,1
SF,IH2006,2019-12-09 09:33:02.600,2930.0000,3129,0,59789400.000,0,-,-,-,-,2928.4000,2928.2000,2928.0000,2927.8000,2927.2000,2930.6000,2931.0000,2931.6000,2932.0000,2932.8000,1,1,2,1,1,1,1,1,2,1
SF,IH2006,2019-12-09 09:33:06.100,2930.0000,3129,0,59789400.000,0,-,-,-,-,2928.2000,2928.0000,2927.8000,2927.2000,2926.4000,2930.4000,2930.6000,2931.0000,2931.6000,2932.0000,1,2,1,1,1,2,1,1,1,2
SF,IH2006,2019-12-09 09:33:06.600,2930.0000,3129,0,59789400.000,0,-,-,-,-,2928.2000,2928.0000,2927.8000,2927.2000,2926.4000,2930.2000,2930.4000,2931.0000,2931.6000,2932.0000,1,2,1,1,1,1,2,1,1,2
SF,IH2006,2019-12-09 09:33:07.100,2930.0000,3129,0,59789400.000,0,-,-,-,-,2928.4000,2928.2000,2928.0000,2927.8000,2927.2000,2930.2000,2931.0000,2931.6000,2932.0000,2932.8000,1,1,2,1,1,1,1,1,2,1
SF,IH2006,2019-12-09 09:33:07.600,2928.2000,3128,-1,60667860.000,1,0,1,双平,S,2928.0000,2927.8000,2927.2000,2926.4000,2926.2000,2930.2000,2931.0000,2931.6000,2932.0000,2932.8000,2,1,1,1,1,1,1,1,2,1
SF,IH2006,2019-12-09 09:33:08.100,2928.2000,3128,0,60667860.000,0,-,-,-,-,2927.8000,2927.2000,2926.4000,2926.2000,2923.2000,2930.2000,2931.0000,2931.6000,2932.0000,2932.8000,1,1,1,1,1,1,1,1,2,1
SF,IH2006,2019-12-09 09:33:08.600,2928.2000,3128,0,60667860.000,0,-,-,-,-,2928.0000,2927.8000,2927.2000,2926.4000,2926.2000,2930.2000,2931.0000,2931.6000,2932.0000,2932.8000,1,1,1,1,1,1,1,1,2,1
SF,IH2006,2019-12-09 09:33:09.100,2928.2000,3128,0,60667860.000,0,-,-,-,-,2928.2000,2928.0000,2927.8000,2927.2000,2926.4000,2930.2000,2931.0000,2931.6000,2932.0000,2932.8000,1,3,1,1,1,1,1,1,2,1
SF,IH2006,2019-12-09 09:33:10.600,2928.2000,3128,0,60667860.000,0,-,-,-,-,2928.4000,2928.2000,2928.0000,2927.8000,2927.2000,2930.2000,2931.0000,2931.6000,2932.0000,2932.8000,1,1,3,1,1,1,1,1,2,1
SF,IH2006,2019-12-09 09:33:11.600,2928.2000,3128,0,60667860.000,0,-,-,-,-,2928.4000,2928.0000,2927.8000,2927.2000,2926.4000,2930.2000,2931.0000,2931.6000,2932.0000,2932.8000,1,2,1,1,1,1,1,1,2,1
SF,IH2006,2019-12-09 09:33:12.100,2928.2000,3128,0,60667860.000,0,-,-,-,-,2928.6000,2928.0000,2927.8000,2927.2000,2926.4000,2930.2000,2931.0000,2931.6000,2932.0000,2932.8000,1,2,1,1,1,1,1,1,2,1
SF,IH2006,2019-12-09 09:33:12.600,2928.2000,3128,0,60667860.000,0,-,-,-,-,2928.6000,2928.0000,2927.8000,2927.2000,2926.4000,2930.2000,2931.0000,2931.6000,2932.0000,2932.8000,1,1,1,1,1,1,1,1,2,1
SF,IH2006,2019-12-09 09:33:13.100,2928.2000,3128,0,60667860.000,0,-,-,-,-,2928.6000,2928.0000,2927.8000,2927.2000,2926.4000,2930.2000,2931.6000,2932.0000,2932.8000,2933.0000,1,1,1,1,1,1,1,2,1,1
SF,IH2006,2019-12-09 09:33:14.100,2928.2000,3128,0,60667860.000,0,-,-,-,-,2928.8000,2928.6000,2928.0000,2927.8000,2927.2000,2930.2000,2931.6000,2932.0000,2932.8000,2933.0000,1,1,1,1,1,1,1,2,1,1
SF,IH2006,2019-12-09 09:33:14.600,2928.2000,3128,0,60667860.000,0,-,-,-,-,2928.8000,2928.6000,2928.0000,2927.8000,2927.2000,2930.0000,2930.2000,2931.6000,2932.0000,2932.8000,1,1,1,1,1,1,1,1,2,1
SF,IH2006,2019-12-09 09:33:15.100,2928.2000,3128,0,60667860.000,0,-,-,-,-,2928.0000,2927.8000,2927.2000,2926.4000,2926.2000,2929.8000,2930.0000,2931.6000,2932.0000,2932.8000,1,1,1,1,1,1,1,1,2,1
SF,IH2006,2019-12-09 09:33:16.100,2928.2000,3128,0,60667860.000,0,-,-,-,-,2928.2000,2928.0000,2927.8000,2927.2000,2926.4000,2929.8000,2930.0000,2931.6000,2932.0000,2932.8000,1,1,1,1,1,1,1,1,2,1
SF,IH2006,2019-12-09 09:33:17.600,2928.2000,3128,0,60667860.000,0,-,-,-,-,2928.0000,2927.8000,2927.2000,2926.4000,2926.2000,2929.8000,2930.0000,2931.6000,2932.0000,2932.8000,1,1,1,1,1,1,1,1,2,1
SF,IH2006,2019-12-09 09:33:22.100,2928.2000,3128,0,60667860.000,0,-,-,-,-,2928.0000,2927.8000,2927.2000,2926.4000,2926.2000,2929.6000,2929.8000,2930.0000,2931.6000,2932.0000,1,1,1,1,1,2,1,1,1,2
SF,IH2006,2019-12-09 09:33:22.600,2928.2000,3128,0,60667860.000,0,-,-,-,-,2928.2000,2927.8000,2927.2000,2926.4000,2926.2000,2929.4000,2930.0000,2931.6000,2932.0000,2932.8000,1,1,1,1,1,1,1,1,2,1
SF,IH2006,2019-12-09 09:33:24.100,2928.2000,3128,0,60667860.000,0,-,-,-,-,2927.8000,2927.2000,2926.4000,2926.2000,2923.2000,2929.4000,2929.6000,2930.0000,2931.6000,2932.0000,1,1,1,1,1,1,1,1,1,2
SF,IH2006,2019-12-09 09:33:24.600,2928.2000,3128,0,60667860.000,0,-,-,-,-,2927.8000,2927.2000,2926.4000,2926.2000,2923.2000,2929.4000,2929.6000,2929.8000,2930.0000,2931.6000,1,1,1,1,1,1,1,1,1,1
SF,IH2006,2019-12-09 09:33:27.100,2928.2000,3128,0,60667860.000,0,-,-,-,-,2927.8000,2927.2000,2926.4000,2926.2000,2923.2000,2929.4000,2929.6000,2929.8000,2930.0000,2931.6000,1,1,1,1,1,1,1,1,1,1
SF,IH2006,2019-12-09 09:33:32.600,2928.2000,3128,0,60667860.000,0,-,-,-,-,2928.2000,2927.8000,2927.2000,2926.4000,2926.2000,2929.4000,2929.6000,2929.8000,2930.0000,2931.6000,1,1,1,1,1,1,1,1,1,1
SF,IH2006,2019-12-09 09:33:36.600,2928.2000,3128,0,61546320.000,1,0,1,多换,S,2927.8000,2927.2000,2926.4000,2926.2000,2923.2000,2928.2000,2929.4000,2929.6000,2929.8000,2930.0000,1,1,1,1,1,1,1,1,1,1
SF,IH2006,2019-12-09 09:33:37.100,2928.2000,3127,-1,62424780.000,1,0,1,双平,S,2927.8000,2927.2000,2926.4000,2926.2000,2923.2000,2929.4000,2929.6000,2929.8000,2930.0000,2931.6000,1,1,1,1,1,1,1,1,1,1
SF,IH2006,2019-12-09 09:33:43.100,2928.2000,3127,0,62424780.000,0,-,-,-,-,2928.0000,2927.8000,2927.2000,2926.4000,2926.2000,2929.4000,2929.6000,2929.8000,2930.0000,2931.6000,1,1,1,1,1,1,1,1,1,1
SF,IH2006,2019-12-09 09:33:44.600,2928.2000,3127,0,62424780.000,0,-,-,-,-,2928.2000,2928.0000,2927.8000,2927.2000,2926.4000,2929.4000,2929.6000,2929.8000,2930.0000,2931.6000,1,1,1,1,1,1,1,1,1,1
SF,IH2006,2019-12-09 09:33:47.100,2928.2000,3127,0,62424780.000,0,-,-,-,-,2928.2000,2928.0000,2927.8000,2927.2000,2926.4000,2929.4000,2929.6000,2929.8000,2930.0000,2931.6000,1,1,1,1,1,1,1,1,1,1
SF,IH2006,2019-12-09 09:33:48.100,2928.2000,3127,0,62424780.000,0,-,-,-,-,2928.2000,2928.0000,2927.8000,2927.2000,2926.4000,2929.4000,2929.6000,2929.8000,2930.0000,2931.6000,1,1,1,1,1,1,1,1,2,1
SF,IH2006,2019-12-09 09:33:48.600,2928.2000,3127,0,62424780.000,0,-,-,-,-,2928.0000,2927.8000,2927.2000,2926.4000,2926.2000,2929.4000,2929.6000,2929.8000,2930.0000,2931.6000,1,1,1,1,1,1,1,1,2,1
SF,IH2006,2019-12-09 09:33:49.100,2928.2000,3127,0,62424780.000,0,-,-,-,-,2928.4000,2928.0000,2927.8000,2927.2000,2926.4000,2929.4000,2929.6000,2929.8000,2930.0000,2931.6000,1,1,1,1,1,1,1,1,2,1
SF,IH2006,2019-12-09 09:33:50.600,2929.4000,3126,-1,63303600.000,1,0,1,双平,S,2929.4000,2928.4000,2928.0000,2927.8000,2927.2000,2929.6000,2929.8000,2930.0000,2931.6000,2932.0000,1,1,1,1,1,1,1,2,1,2
SF,IH2006,2019-12-09 09:33:51.100,2929.6000,3124,-2,65061300.000,2,0,2,双平,S,2928.0000,2927.8000,2927.2000,2926.4000,2926.2000,2929.8000,2930.0000,2931.6000,2932.0000,2932.8000,1,1,1,1,1,1,2,1,2,1
SF,IH2006,2019-12-09 09:33:51.600,2929.6000,3124,0,65061300.000,0,-,-,-,-,2928.6000,2928.2000,2928.0000,2927.8000,2927.2000,2929.8000,2930.0000,2931.6000,2932.0000,2932.8000,1,2,1,1,1,1,2,1,2,1
SF,IH2006,2019-12-09 09:33:52.100,2929.0000,3123,-1,65940000.000,1,0,1,双平,S,2928.6000,2928.2000,2928.0000,2927.8000,2927.2000,2929.8000,2930.0000,2931.6000,2932.0000,2932.8000,1,2,1,1,1,1,2,1,2,1
SF,IH2006,2019-12-09 09:33:52.600,2930.0000,3120,-3,68576940.000,3,0,3,双平,S,2928.8000,2928.6000,2928.2000,2928.0000,2927.8000,2931.6000,2932.0000,2932.8000,2933.0000,2934.0000,2,1,1,1,1,1,2,1,1,4
SF,IH2006,2019-12-09 09:33:53.100,2930.0000,3120,0,68576940.000,0,-,-,-,-,2928.8000,2928.6000,2928.2000,2928.0000,2927.8000,2931.4000,2931.6000,2931.8000,2932.0000,2932.8000,2,1,1,1,1,2,1,1,2,1
SF,IH2006,2019-12-09 09:33:53.600,2930.0000,3120,0,68576940.000,0,-,-,-,-,2929.2000,2928.8000,2928.0000,2927.8000,2927.2000,2931.4000,2931.6000,2931.8000,2932.0000,2932.8000,1,2,1,1,1,2,1,1,2,1
SF,IH2006,2019-12-09 09:33:54.100,2930.0000,3120,0,68576940.000,0,-,-,-,-,2929.2000,2928.8000,2928.0000,2927.8000,2927.2000,2931.4000,2931.6000,2931.8000,2932.0000,2932.8000,1,1,1,1,1,2,1,1,2,1
SF,IH2006,2019-12-09 09:33:54.600,2930.0000,3120,0,68576940.000,0,-,-,-,-,2929.2000,2928.8000,2928.0000,2927.8000,2927.2000,2931.4000,2931.8000,2932.0000,2932.8000,2933.0000,1,1,1,1,1,1,1,2,1,1
SF,IH2006,2019-12-09 09:33:55.100,2930.0000,3120,0,68576940.000,0,-,-,-,-,2929.2000,2928.0000,2927.8000,2927.2000,2926.4000,2931.2000,2931.4000,2931.8000,2932.0000,2932.8000,1,1,1,1,1,1,1,1,2,1
SF,IH2006,2019-12-09 09:33:55.600,2930.0000,3120,0,68576940.000,0,-,-,-,-,2929.2000,2928.0000,2927.8000,2927.2000,2926.4000,2931.0000,2931.2000,2931.8000,2932.0000,2932.8000,1,1,1,1,1,1,1,1,2,1
SF,IH2006,2019-12-09 09:33:56.100,2930.0000,3120,0,68576940.000,0,-,-,-,-,2929.2000,2928.0000,2927.8000,2927.2000,2926.4000,2931.0000,2931.8000,2932.0000,2932.8000,2933.0000,1,1,1,1,1,1,1,2,1,1
SF,IH2006,2019-12-09 09:33:56.600,2930.0000,3120,0,68576940.000,0,-,-,-,-,2929.2000,2928.0000,2927.8000,2927.2000,2926.4000,2930.8000,2931.0000,2931.8000,2932.0000,2932.8000,1,1,1,1,1,1,1,1,2,1
SF,IH2006,2019-12-09 09:33:57.100,2930.0000,3120,0,68576940.000,0,-,-,-,-,2929.2000,2928.0000,2927.8000,2927.2000,2926.4000,2930.6000,2931.0000,2931.8000,2932.0000,2932.8000,1,1,1,1,1,1,1,1,2,1
SF,IH2006,2019-12-09 09:33:58.100,2929.2000,3119,-1,69455700.000,1,0,1,双平,S,2928.0000,2927.8000,2927.2000,2926.4000,2926.2000,2930.6000,2931.0000,2931.8000,2932.0000,2932.8000,1,1,1,1,1,1,1,1,2,1
SF,IH2006,2019-12-09 09:33:58.600,2929.2000,3119,0,69455700.000,0,-,-,-,-,2928.2000,2928.0000,2927.8000,2927.2000,2926.4000,2930.6000,2931.0000,2931.8000,2932.0000,2932.8000,3,1,1,1,1,1,1,1,2,1
SF,IH2006,2019-12-09 09:33:59.100,2929.2000,3119,0,69455700.000,0,-,-,-,-,2928.2000,2928.0000,2927.8000,2927.2000,2926.4000,2930.6000,2931.0000,2931.8000,2932.0000,2932.8000,3,1,1,1,1,1,1,1,2,1
SF,IH2006,2019-12-09 09:33:59.600,2929.2000,3119,0,69455700.000,0,-,-,-,-,2928.2000,2928.0000,2927.8000,2927.2000,2926.4000,2930.6000,2931.0000,2931.8000,2932.0000,2932.8000,1,1,1,1,1,1,1,1,2,1
SF,IH2006,2019-12-09 09:34:00.100,2929.2000,3119,0,69455700.000,0,-,-,-,-,2928.4000,2928.2000,2928.0000,2927.8000,2927.2000,2930.6000,2931.0000,2931.8000,2932.0000,2932.8000,2,1,1,1,1,1,1,1,2,1
SF,IH2006,2019-12-09 09:34:00.600,2929.2000,3119,0,69455700.000,0,-,-,-,-,2928.6000,2928.4000,2928.0000,2927.8000,2927.2000,2930.6000,2931.0000,2931.8000,2932.0000,2932.8000,1,2,1,1,1,1,1,1,2,1
SF,IH2006,2019-12-09 09:34:01.100,2929.2000,3119,0,69455700.000,0,-,-,-,-,2928.8000,2928.6000,2928.4000,2928.0000,2927.8000,2930.6000,2931.0000,2931.8000,2932.0000,2932.8000,1,1,2,1,1,1,1,1,2,1
SF,IH2006,2019-12-09 09:34:01.600,2929.2000,3119,0,69455700.000,0,-,-,-,-,2929.0000,2928.8000,2928.4000,2928.0000,2927.8000,2930.6000,2931.0000,2931.8000,2932.0000,2932.8000,2,1,1,1,1,1,1,1,2,1
SF,IH2006,2019-12-09 09:34:02.100,2929.2000,3119,0,69455700.000,0,-,-,-,-,2929.2000,2929.0000,2928.8000,2928.4000,2928.0000,2931.0000,2931.8000,2932.0000,2932.8000,2933.0000,1,2,1,1,1,1,1,2,1,1
SF,IH2006,2019-12-09 09:34:02.600,2929.2000,3119,0,69455700.000,0,-,-,-,-,2929.4000,2929.2000,2929.0000,2928.8000,2928.0000,2930.8000,2931.0000,2931.8000,2932.0000,2932.8000,1,1,1,1,1,1,1,1,2,1
SF,IH2006,2019-12-09 09:34:03.100,2929.2000,3119,0,69455700.000,0,-,-,-,-,2929.6000,2929.4000,2929.2000,2929.0000,2928.0000,2930.8000,2931.0000,2931.8000,2932.0000,2932.8000,1,1,1,1,1,1,1,1,2,1
SF,IH2006,2019-12-09 09:34:04.600,2929.6000,3118,-1,70334580.000,1,0,1,双平,S,2929.4000,2929.2000,2929.0000,2928.0000,2927.8000,2930.8000,2931.0000,2931.8000,2932.0000,2932.8000,1,1,1,1,1,1,1,1,2,1
SF,IH2006,2019-12-09 09:34:05.100,2929.6000,3118,0,70334580.000,0,-,-,-,-,2929.4000,2929.0000,2928.0000,2927.8000,2927.2000,2930.6000,2931.0000,2931.8000,2932.0000,2932.8000,1,1,1,1,1,1,1,1,2,1
SF,IH2006,2019-12-09 09:34:06.100,2929.6000,3118,0,70334580.000,0,-,-,-,-,2929.6000,2929.4000,2929.0000,2928.0000,2927.8000,2931.0000,2931.8000,2932.0000,2932.8000,2933.0000,1,1,1,1,1,1,1,2,1,1
SF,IH2006,2019-12-09 09:34:06.600,2929.6000,3118,0,70334580.000,0,-,-,-,-,2929.6000,2929.4000,2928.0000,2927.8000,2927.2000,2931.0000,2931.8000,2932.0000,2932.8000,2933.0000,1,1,1,1,1,1,1,2,1,1
SF,IH2006,2019-12-09 09:34:07.600,2929.6000,3118,0,70334580.000,0,-,-,-,-,2929.4000,2928.0000,2927.8000,2927.2000,2926.4000,2930.8000,2931.0000,2931.8000,2932.0000,2932.8000,1,1,1,1,1,1,1,1,2,1
SF,IH2006,2019-12-09 09:34:08.100,2929.6000,3118,0,70334580.000,0,-,-,-,-,2929.4000,2928.0000,2927.8000,2927.2000,2926.4000,2930.8000,2931.0000,2931.8000,2932.0000,2932.8000,1,1,1,1,1,1,1,1,3,1
SF,IH2006,2019-12-09 09:34:09.600,2929.6000,3118,0,70334580.000,0,-,-,-,-,2929.6000,2929.4000,2928.0000,2927.8000,2927.2000,2930.8000,2931.0000,2931.8000,2932.0000,2932.8000,1,1,1,1,1,1,1,1,3,1
SF,IH2006,2019-12-09 09:34:10.100,2929.6000,3118,0,70334580.000,0,-,-,-,-,2929.4000,2928.0000,2927.8000,2927.2000,2926.4000,2930.8000,2931.0000,2931.8000,2932.0000,2932.8000,1,1,1,1,1,1,1,1,3,1
SF,IH2006,2019-12-09 09:34:11.100,2929.6000,3118,0,70334580.000,0,-,-,-,-,2929.6000,2929.4000,2928.0000,2927.8000,2927.2000,2931.0000,2931.8000,2932.0000,2932.8000,2933.0000,1,1,1,1,1,1,1,3,1,1
SF,IH2006,2019-12-09 09:34:11.600,2929.6000,3118,0,70334580.000,0,-,-,-,-,2929.8000,2929.6000,2928.0000,2927.8000,2927.2000,2931.0000,2931.8000,2932.0000,2932.8000,2933.0000,1,1,1,1,1,1,1,3,1,1
SF,IH2006,2019-12-09 09:34:12.600,2929.6000,3117,-1,71213460.000,1,0,1,双平,S,2928.0000,2927.8000,2927.2000,2926.4000,2926.2000,2930.8000,2931.0000,2931.8000,2932.0000,2932.8000,1,1,1,1,1,1,1,1,3,1
SF,IH2006,2019-12-09 09:34:13.100,2929.6000,3117,0,71213460.000,0,-,-,-,-,2929.0000,2928.2000,2928.0000,2927.8000,2927.2000,2930.6000,2930.8000,2931.0000,2931.8000,2932.0000,1,2,1,1,1,1,1,1,1,3
SF,IH2006,2019-12-09 09:34:13.600,2929.6000,3117,0,71213460.000,0,-,-,-,-,2929.2000,2929.0000,2928.2000,2928.0000,2927.8000,2930.6000,2931.0000,2931.8000,2932.0000,2932.8000,1,1,3,1,1,1,1,1,3,1
SF,IH2006,2019-12-09 09:34:14.600,2930.4000,3116,-1,72092580.000,1,0,1,双平,S,2929.2000,2929.0000,2928.2000,2928.0000,2927.8000,2930.6000,2931.0000,2931.8000,2932.0000,2932.8000,1,1,2,1,1,1,1,1,3,1
SF,IH2006,2019-12-09 09:34:15.100,2930.4000,3116,0,72092580.000,0,-,-,-,-,2929.4000,2929.2000,2929.0000,2928.2000,2928.0000,2930.6000,2931.0000,2931.8000,2932.0000,2932.8000,1,1,1,2,1,1,1,1,3,1
SF,IH2006,2019-12-09 09:34:15.600,2930.4000,3116,0,72092580.000,0,-,-,-,-,2928.2000,2928.0000,2927.8000,2927.2000,2926.4000,2930.6000,2931.0000,2931.8000,2932.0000,2932.8000,2,1,1,1,1,1,1,1,3,1
SF,IH2006,2019-12-09 09:34:16.100,2930.4000,3116,0,72092580.000,0,-,-,-,-,2929.6000,2929.0000,2928.4000,2928.2000,2927.8000,2930.6000,2931.0000,2931.8000,2932.0000,2932.8000,1,1,2,2,1,1,1,1,3,1
SF,IH2006,2019-12-09 09:34:17.100,2930.4000,3116,0,72092580.000,0,-,-,-,-,2929.0000,2928.4000,2928.2000,2927.8000,2927.2000,2930.6000,2931.0000,2931.8000,2932.0000,2932.8000,1,2,2,1,1,1,1,1,3,1
SF,IH2006,2019-12-09 09:34:17.600,2930.4000,3116,0,72092580.000,0,-,-,-,-,2929.2000,2929.0000,2928.4000,2928.2000,2927.8000,2929.6000,2930.6000,2931.0000,2931.8000,2932.0000,2,1,2,2,1,1,1,1,1,4
SF,IH2006,2019-12-09 09:34:18.100,2929.6000,3115,-1,72971460.000,1,0,1,双平,S,2929.2000,2928.4000,2928.2000,2927.8000,2927.2000,2930.6000,2931.0000,2931.8000,2932.0000,2932.8000,2,2,2,1,1,1,1,1,4,1
SF,IH2006,2019-12-09 09:34:18.600,2929.2000,3114,-1,73850220.000,1,0,1,双平,S,2928.4000,2927.8000,2927.2000,2926.4000,2926.2000,2930.4000,2930.6000,2931.0000,2931.8000,2932.0000,1,1,1,1,1,1,1,1,1,4
SF,IH2006,2019-12-09 09:34:19.100,2929.2000,3114,0,73850220.000,0,-,-,-,-,2929.4000,2927.8000,2927.2000,2926.4000,2926.2000,2930.2000,2931.0000,2931.8000,2932.0000,2932.8000,1,1,1,1,1,2,1,1,4,1
SF,IH2006,2019-12-09 09:34:19.600,2929.2000,3114,0,73850220.000,0,-,-,-,-,2929.4000,2928.6000,2927.8000,2927.2000,2926.4000,2930.2000,2931.0000,2931.8000,2932.0000,2932.8000,1,1,1,1,1,1,1,1,4,1
SF,IH2006,2019-12-09 09:34:20.100,2929.2000,3114,0,73850220.000,0,-,-,-,-,2929.4000,2927.8000,2927.2000,2926.4000,2926.2000,2930.2000,2931.0000,2931.8000,2932.0000,2932.8000,1,1,1,1,1,1,1,1,4,1
SF,IH2006,2019-12-09 09:34:20.600,2929.2000,3114,0,73850220.000,0,-,-,-,-,2927.8000,2927.2000,2926.4000,2926.2000,2923.2000,2930.2000,2931.0000,2931.8000,2932.0000,2932.8000,1,1,1,1,1,1,1,1,4,1
SF,IH2006,2019-12-09 09:34:21.100,2929.2000,3114,0,73850220.000,0,-,-,-,-,2928.4000,2928.0000,2927.8000,2927.2000,2926.4000,2930.2000,2931.0000,2931.8000,2932.0000,2932.8000,1,3,1,1,1,1,1,1,4,1
SF,IH2006,2019-12-09 09:34:21.600,2929.2000,3114,0,73850220.000,0,-,-,-,-,2928.6000,2928.4000,2928.0000,2927.8000,2927.2000,2930.2000,2931.0000,2931.8000,2932.0000,2932.8000,1,1,4,1,1,1,1,1,4,1
SF,IH2006,2019-12-09 09:34:22.600,2929.2000,3114,0,73850220.000,0,-,-,-,-,2928.8000,2928.6000,2928.4000,2928.0000,2927.8000,2930.2000,2931.0000,2931.8000,2932.0000,2932.8000,2,1,1,4,1,1,1,1,4,1
SF,IH2006,2019-12-09 09:34:23.100,2929.2000,3114,0,73850220.000,0,-,-,-,-,2929.0000,2928.8000,2928.6000,2928.4000,2928.0000,2930.2000,2931.0000,2931.8000,2932.0000,2932.8000,1,1,1,1,4,1,1,1,4,1
SF,IH2006,2019-12-09 09:34:23.600,2929.2000,3114,0,73850220.000,0,-,-,-,-,2929.2000,2929.0000,2928.8000,2928.6000,2928.4000,2930.2000,2931.0000,2931.8000,2932.0000,2932.8000,1,1,1,1,1,2,1,1,4,1
SF,IH2006,2019-12-09 09:34:25.100,2929.2000,3114,0,73850220.000,0,-,-,-,-,2929.2000,2929.0000,2928.8000,2928.6000,2928.4000,2930.0000,2930.2000,2931.0000,2931.8000,2932.0000,1,1,1,1,1,2,2,1,1,4
SF,IH2006,2019-12-09 09:34:25.600,2929.2000,3114,0,73850220.000,0,-,-,-,-,2929.2000,2929.0000,2928.8000,2928.6000,2928.4000,2930.0000,2930.2000,2931.0000,2931.8000,2932.0000,1,1,1,1,1,2,2,1,1,4
SF,IH2006,2019-12-09 09:34:26.100,2930.0000,3112,-2,75608220.000,2,0,2,双平,S,2929.2000,2929.0000,2928.8000,2928.6000,2928.0000,2930.2000,2931.0000,2931.8000,2932.0000,2932.8000,1,1,1,1,3,2,1,1,4,1
SF,IH2006,2019-12-09 09:34:26.600,2930.0000,3112,0,75608220.000,0,-,-,-,-,2929.4000,2929.2000,2929.0000,2928.8000,2928.6000,2930.2000,2931.0000,2931.8000,2932.0000,2932.8000,2,1,1,1,1,2,1,1,4,1
SF,IH2006,2019-12-09 09:34:27.600,2929.4000,3109,-3,78245160.000,3,0,3,双平,S,2929.4000,2929.2000,2929.0000,2928.8000,2928.6000,2931.0000,2931.8000,2932.0000,2932.8000,2933.0000,1,1,1,1,1,1,1,4,1,1
SF,IH2006,2019-12-09 09:34:28.100,2929.4000,3109,0,78245160.000,0,-,-,-,-,2929.6000,2929.4000,2929.2000,2929.0000,2928.6000,2930.8000,2931.0000,2931.8000,2932.0000,2932.8000,1,1,1,1,1,1,1,1,4,1
SF,IH2006,2019-12-09 09:34:28.600,2929.4000,3109,0,78245160.000,0,-,-,-,-,2929.6000,2929.4000,2929.0000,2928.6000,2928.0000,2930.8000,2931.0000,2931.8000,2932.0000,2932.8000,1,1,1,1,2,1,1,1,4,1
SF,IH2006,2019-12-09 09:34:32.100,2929.4000,3109,0,78245160.000,0,-,-,-,-,2929.6000,2929.4000,2929.0000,2928.6000,2928.0000,2930.8000,2931.0000,2931.8000,2932.0000,2932.8000,1,1,1,1,2,2,1,1,5,1
SF,IH2006,2019-12-09 09:34:38.600,2929.4000,3109,0,78245160.000,0,-,-,-,-,2929.6000,2929.4000,2929.0000,2928.6000,2928.0000,2930.8000,2931.0000,2932.0000,2932.8000,2933.0000,1,1,1,1,2,2,1,5,1,1
SF,IH2006,2019-12-09 09:34:39.100,2929.4000,3109,0,78245160.000,0,-,-,-,-,2929.8000,2929.6000,2929.4000,2929.0000,2928.6000,2930.8000,2931.0000,2932.0000,2932.8000,2933.0000,1,1,1,1,1,2,1,5,1,1
SF,IH2006,2019-12-09 09:34:39.600,2929.4000,3109,0,78245160.000,0,-,-,-,-,2930.0000,2929.8000,2929.6000,2929.4000,2929.0000,2930.8000,2931.0000,2932.0000,2932.8000,2933.0000,1,1,1,1,1,1,1,5,1,1
SF,IH2006,2019-12-09 09:34:40.600,2930.8000,3108,-1,79124400.000,1,0,1,双平,S,2930.0000,2929.8000,2929.6000,2929.4000,2929.0000,2931.0000,2932.0000,2932.8000,2933.0000,2934.0000,1,1,1,1,1,1,5,1,1,4
SF,IH2006,2019-12-09 09:34:42.100,2930.8000,3108,0,79124400.000,0,-,-,-,-,2930.0000,2929.6000,2929.4000,2929.0000,2928.6000,2931.0000,2932.0000,2932.8000,2933.0000,2934.0000,1,1,1,1,1,1,5,1,1,3
SF,IH2006,2019-12-09 09:34:46.600,2930.8000,3108,0,79124400.000,0,-,-,-,-,2930.2000,2930.0000,2929.6000,2929.4000,2929.0000,2931.0000,2932.0000,2932.8000,2933.0000,2934.0000,1,1,1,1,1,1,5,1,1,3
SF,IH2006,2019-12-09 09:34:47.100,2930.4000,3107,-1,80003520.000,1,0,1,双平,S,2930.2000,2930.0000,2929.6000,2929.4000,2929.0000,2931.0000,2932.0000,2932.8000,2933.0000,2934.0000,1,1,1,1,1,1,5,1,1,3
SF,IH2006,2019-12-09 09:34:47.600,2931.0000,3106,-1,80882820.000,1,0,1,双平,S,2930.2000,2930.0000,2929.6000,2929.4000,2929.0000,2932.0000,2932.8000,2933.0000,2934.0000,2935.0000,1,1,1,1,1,5,1,1,3,1
SF,IH2006,2019-12-09 09:34:48.100,2931.0000,3106,0,80882820.000,0,-,-,-,-,2930.4000,2930.2000,2930.0000,2929.4000,2929.0000,2931.8000,2932.0000,2932.8000,2933.0000,2934.0000,3,1,1,1,1,1,5,1,1,3
SF,IH2006,2019-12-09 09:34:49.100,2931.0000,3106,0,80882820.000,0,-,-,-,-,2930.4000,2930.0000,2929.4000,2929.0000,2928.6000,2931.6000,2931.8000,2932.0000,2932.8000,2933.0000,2,1,1,1,1,1,1,5,1,1
SF,IH2006,2019-12-09 09:34:52.600,2931.0000,3106,0,80882820.000,0,-,-,-,-,2930.6000,2930.4000,2930.0000,2929.4000,2929.0000,2931.6000,2931.8000,2932.0000,2932.8000,2933.0000,1,2,1,1,1,1,1,5,1,1
SF,IH2006,2019-12-09 09:34:53.100,2931.0000,3106,0,80882820.000,0,-,-,-,-,2930.4000,2930.0000,2929.4000,2929.0000,2928.6000,2931.6000,2931.8000,2932.0000,2932.8000,2933.0000,2,1,1,1,1,1,1,5,1,1
SF,IH2006,2019-12-09 09:34:56.100,2931.0000,3106,0,80882820.000,0,-,-,-,-,2930.6000,2930.4000,2930.0000,2929.4000,2929.0000,2931.6000,2931.8000,2932.0000,2932.8000,2933.0000,4,2,1,1,1,1,1,5,1,1
SF,IH2006,2019-12-09 09:34:57.100,2931.0000,3106,0,80882820.000,0,-,-,-,-,2930.8000,2930.6000,2930.4000,2930.0000,2929.4000,2931.8000,2932.0000,2932.8000,2933.0000,2934.0000,1,4,2,1,1,1,5,1,1,3
SF,IH2006,2019-12-09 09:34:58.100,2931.0000,3106,0,80882820.000,0,-,-,-,-,2930.8000,2930.6000,2930.4000,2930.0000,2929.4000,2931.8000,2932.0000,2932.8000,2933.0000,2934.0000,1,5,2,1,1,1,5,1,1,3
SF,IH2006,2019-12-09 09:34:58.600,2931.0000,3106,0,80882820.000,0,-,-,-,-,2930.6000,2930.4000,2930.0000,2929.4000,2929.0000,2931.8000,2932.0000,2932.8000,2933.0000,2934.0000,5,2,1,1,1,1,5,1,1,3
SF,IH2006,2019-12-09 09:34:59.100,2931.0000,3106,0,80882820.000,0,-,-,-,-,2930.8000,2930.6000,2930.4000,2930.0000,2929.4000,2931.4000,2931.8000,2932.0000,2932.8000,2933.0000,1,5,2,1,1,1,1,5,1,1
SF,IH2006,2019-12-09 09:34:59.600,2931.0000,3106,0,80882820.000,0,-,-,-,-,2930.8000,2930.6000,2930.4000,2930.0000,2929.4000,2931.8000,2932.0000,2932.8000,2933.0000,2934.0000,1,5,2,1,1,1,5,1,1,3
SF,IH2006,2019-12-09 09:35:02.100,2931.8000,3105,-1,81762360.000,1,0,1,双平,S,2930.8000,2930.6000,2930.4000,2930.0000,2929.4000,2932.0000,2932.8000,2933.0000,2934.0000,2935.0000,1,5,2,1,1,5,1,1,3,1
SF,IH2006,2019-12-09 09:35:02.600,2931.8000,3105,0,81762360.000,0,-,-,-,-,2931.0000,2930.8000,2930.6000,2930.4000,2930.0000,2932.0000,2932.8000,2933.0000,2934.0000,2935.0000,2,1,5,1,1,5,1,1,3,1
SF,IH2006,2019-12-09 09:35:03.100,2931.8000,3105,0,81762360.000,0,-,-,-,-,2931.0000,2930.8000,2930.6000,2930.4000,2930.0000,2932.0000,2932.8000,2933.0000,2934.0000,2935.0000,3,1,5,1,1,5,1,1,3,1
SF,IH2006,2019-12-09 09:35:04.100,2931.8000,3105,0,81762360.000,0,-,-,-,-,2931.0000,2930.8000,2930.6000,2930.4000,2930.0000,2932.0000,2932.8000,2933.0000,2934.0000,2935.0000,2,1,5,1,1,5,1,1,3,1
SF,IH2006,2019-12-09 09:35:05.600,2931.8000,3105,0,81762360.000,0,-,-,-,-,2931.0000,2930.8000,2930.6000,2930.4000,2930.0000,2932.0000,2932.8000,2933.0000,2934.0000,2935.0000,1,1,5,1,1,5,1,1,3,1
SF,IH2006,2019-12-09 09:35:06.100,2931.8000,3105,0,81762360.000,0,-,-,-,-,2931.0000,2930.8000,2930.6000,2930.4000,2930.0000,2932.0000,2932.8000,2933.0000,2934.0000,2935.0000,2,1,5,1,1,5,1,1,3,1
SF,IH2006,2019-12-09 09:35:08.100,2931.8000,3105,0,81762360.000,0,-,-,-,-,2931.2000,2931.0000,2930.8000,2930.6000,2930.4000,2932.0000,2932.8000,2933.0000,2934.0000,2935.0000,1,2,1,5,1,5,1,1,3,1
SF,IH2006,2019-12-09 09:35:08.600,2931.8000,3105,0,81762360.000,0,-,-,-,-,2931.4000,2931.0000,2930.8000,2930.6000,2930.4000,2932.0000,2932.8000,2933.0000,2934.0000,2935.0000,1,2,1,5,1,5,1,1,3,1
SF,IH2006,2019-12-09 09:35:09.100,2931.4000,3104,-1,82641780.000,1,0,1,双平,S,2931.0000,2930.8000,2930.6000,2930.4000,2930.0000,2932.0000,2932.8000,2933.0000,2934.0000,2935.0000,2,1,1,1,1,5,1,1,3,1
SF,IH2006,2019-12-09 09:35:09.600,2931.4000,3104,0,82641780.000,0,-,-,-,-,2931.0000,2930.8000,2930.6000,2930.4000,2930.0000,2932.0000,2932.8000,2933.0000,2934.0000,2935.0000,2,1,1,1,1,5,1,1,3,1
SF,IH2006,2019-12-09 09:35:10.100,2931.4000,3104,0,82641780.000,0,-,-,-,-,2931.0000,2930.6000,2930.4000,2930.0000,2929.4000,2931.8000,2932.0000,2932.8000,2933.0000,2934.0000,2,1,1,1,1,1,5,1,1,3
SF,IH2006,2019-12-09 09:35:11.100,2931.4000,3104,0,82641780.000,0,-,-,-,-,2931.0000,2930.6000,2930.4000,2930.0000,2929.4000,2932.0000,2932.8000,2933.0000,2934.0000,2935.0000,2,1,1,1,1,6,1,1,3,1
SF,IH2006,2019-12-09 09:35:11.600,2931.4000,3104,0,82641780.000,0,-,-,-,-,2931.0000,2930.6000,2930.4000,2930.0000,2929.4000,2931.8000,2932.0000,2932.8000,2933.0000,2934.0000,2,1,1,1,1,1,6,1,1,3
SF,IH2006,2019-12-09 09:35:12.100,2931.4000,3104,0,82641780.000,0,-,-,-,-,2931.0000,2930.6000,2930.4000,2930.0000,2929.4000,2931.8000,2932.0000,2932.8000,2933.0000,2934.0000,1,1,1,1,1,1,6,1,1,3
SF,IH2006,2019-12-09 09:35:12.600,2931.0000,3103,-1,83521080.000,1,0,1,双平,S,2930.6000,2930.4000,2930.0000,2929.4000,2929.0000,2932.0000,2932.8000,2933.0000,2934.0000,2935.0000,1,1,1,1,1,6,1,1,3,1
SF,IH2006,2019-12-09 09:35:13.100,2931.0000,3103,0,83521080.000,0,-,-,-,-,2930.8000,2930.6000,2930.4000,2930.0000,2929.4000,2932.0000,2932.8000,2933.0000,2934.0000,2935.0000,1,1,1,1,1,6,1,1,3,1
SF,IH2006,2019-12-09 09:35:13.600,2931.0000,3103,0,83521080.000,0,-,-,-,-,2930.8000,2930.6000,2930.4000,2930.0000,2929.4000,2931.0000,2932.0000,2932.8000,2933.0000,2934.0000,1,1,1,1,1,1,6,1,1,3
SF,IH2006,2019-12-09 09:35:14.100,2931.0000,3102,-1,84400380.000,1,0,1,双平,S,2931.0000,2930.8000,2930.6000,2930.4000,2930.0000,2932.0000,2932.8000,2933.0000,2934.0000,2935.0000,2,1,1,1,1,6,1,1,3,1
SF,IH2006,2019-12-09 09:35:14.600,2931.8000,3102,0,85279920.000,1,0,1,多换,S,2930.8000,2930.6000,2930.4000,2930.0000,2929.4000,2932.0000,2932.8000,2933.0000,2934.0000,2935.0000,1,1,1,1,1,6,1,1,3,1
SF,IH2006,2019-12-09 09:35:15.100,2931.8000,3102,0,85279920.000,0,-,-,-,-,2930.8000,2930.6000,2930.4000,2930.0000,2929.4000,2932.0000,2932.8000,2933.0000,2934.0000,2935.0000,1,1,1,1,1,6,1,2,3,1
SF,IH2006,2019-12-09 09:35:15.600,2931.8000,3102,0,85279920.000,0,-,-,-,-,2931.0000,2930.6000,2930.4000,2930.0000,2929.4000,2931.6000,2932.0000,2932.8000,2933.0000,2934.0000,1,1,1,1,1,1,6,1,2,3
SF,IH2006,2019-12-09 09:35:16.600,2931.0000,3101,-1,86159220.000,1,0,1,双平,S,2930.6000,2930.4000,2930.0000,2929.4000,2929.0000,2931.6000,2932.0000,2932.8000,2933.0000,2934.0000,1,1,1,1,1,1,6,1,2,3
SF,IH2006,2019-12-09 09:35:19.100,2930.6000,3101,0,87038400.000,1,0,1,多换,S,2930.4000,2930.0000,2929.4000,2929.0000,2928.6000,2931.6000,2932.0000,2932.8000,2933.0000,2934.0000,1,1,1,1,1,1,6,1,2,3
SF,IH2006,2019-12-09 09:35:19.600,2930.6000,3101,0,87038400.000,0,-,-,-,-,2930.6000,2930.4000,2930.0000,2929.4000,2929.0000,2931.6000,2932.0000,2932.8000,2933.0000,2934.0000,1,1,1,1,1,1,6,1,2,3
SF,IH2006,2019-12-09 09:35:20.100,2931.6000,3101,0,87917880.000,1,0,1,多换,S,2930.6000,2930.4000,2930.0000,2929.4000,2929.0000,2932.0000,2932.8000,2933.0000,2934.0000,2935.0000,1,1,1,1,1,6,1,2,3,1
SF,IH2006,2019-12-09 09:35:20.600,2931.6000,3101,0,87917880.000,0,-,-,-,-,2930.6000,2930.4000,2930.0000,2929.4000,2929.0000,2931.8000,2932.0000,2932.8000,2933.0000,2934.0000,1,1,1,1,1,3,6,1,2,3
SF,IH2006,2019-12-09 09:35:21.600,2931.6000,3101,0,87917880.000,0,-,-,-,-,2930.6000,2930.4000,2930.0000,2929.4000,2929.0000,2931.8000,2932.0000,2932.8000,2933.0000,2934.0000,1,1,1,1,1,3,6,1,2,3
SF,IH2006,2019-12-09 09:35:22.100,2931.6000,3101,0,87917880.000,0,-,-,-,-,2930.6000,2930.4000,2930.0000,2929.4000,2929.0000,2931.8000,2932.0000,2932.8000,2933.0000,2934.0000,1,1,1,1,1,2,6,1,2,3
SF,IH2006,2019-12-09 09:35:25.600,2931.6000,3101,0,87917880.000,0,-,-,-,-,2930.6000,2929.4000,2929.0000,2928.6000,2928.0000,2931.8000,2932.0000,2932.8000,2933.0000,2934.0000,1,1,1,1,1,2,6,1,2,3
SF,IH2006,2019-12-09 09:35:26.100,2931.6000,3101,0,87917880.000,0,-,-,-,-,2929.4000,2929.0000,2928.6000,2928.0000,2927.8000,2931.6000,2931.8000,2932.0000,2932.8000,2933.0000,1,1,1,1,1,1,2,6,1,2
SF,IH2006,2019-12-09 09:35:26.600,2931.6000,3101,0,87917880.000,0,-,-,-,-,2929.6000,2929.4000,2929.0000,2928.6000,2928.0000,2931.4000,2931.6000,2931.8000,2932.0000,2932.8000,1,1,1,1,1,1,1,1,6,1
SF,IH2006,2019-12-09 09:35:27.100,2931.6000,3101,0,87917880.000,0,-,-,-,-,2929.8000,2929.6000,2929.4000,2929.0000,2928.6000,2931.4000,2932.0000,2932.8000,2933.0000,2934.0000,1,1,1,1,1,1,6,1,2,3
SF,IH2006,2019-12-09 09:35:27.600,2931.6000,3101,0,87917880.000,0,-,-,-,-,2929.8000,2929.6000,2929.4000,2929.0000,2928.6000,2931.2000,2931.4000,2932.0000,2932.8000,2933.0000,1,1,1,1,1,1,1,6,1,2
SF,IH2006,2019-12-09 09:35:28.600,2931.4000,3101,0,88797300.000,1,0,1,多换,S,2931.2000,2929.8000,2929.6000,2929.4000,2929.0000,2931.4000,2932.0000,2932.8000,2933.0000,2934.0000,2,1,1,1,1,1,6,1,2,3
SF,IH2006,2019-12-09 09:35:29.100,2931.2000,3099,-2,90556020.000,2,0,2,双平,S,2930.2000,2929.8000,2929.6000,2929.4000,2929.0000,2931.2000,2931.4000,2932.0000,2932.8000,2933.0000,1,1,1,1,1,1,1,6,1,2
SF,IH2006,2019-12-09 09:35:29.600,2931.2000,3099,0,90556020.000,0,-,-,-,-,2930.2000,2929.8000,2929.6000,2929.4000,2929.0000,2931.2000,2931.4000,2932.0000,2932.8000,2933.0000,1,1,1,1,1,2,1,6,1,2
SF,IH2006,2019-12-09 09:35:30.600,2931.2000,3099,0,90556020.000,0,-,-,-,-,2930.6000,2929.8000,2929.6000,2929.4000,2929.0000,2931.2000,2931.4000,2932.0000,2932.8000,2933.0000,1,1,1,1,1,2,1,6,1,2
SF,IH2006,2019-12-09 09:35:31.100,2930.6000,3099,0,91435200.000,1,0,1,多换,S,2929.8000,2929.6000,2929.4000,2929.0000,2928.6000,2931.2000,2931.4000,2932.0000,2932.8000,2933.0000,1,1,1,1,1,2,1,6,1,2
SF,IH2006,2019-12-09 09:35:31.600,2930.6000,3099,0,91435200.000,0,-,-,-,-,2930.0000,2929.8000,2929.6000,2929.4000,2929.0000,2931.2000,2931.4000,2932.0000,2932.8000,2933.0000,1,1,1,1,1,2,1,6,1,2
SF,IH2006,2019-12-09 09:35:32.100,2930.6000,3099,0,91435200.000,0,-,-,-,-,2930.0000,2929.6000,2929.4000,2929.0000,2928.6000,2931.2000,2931.4000,2932.0000,2932.8000,2933.0000,1,1,1,1,1,2,1,6,1,2
SF,IH2006,2019-12-09 09:35:32.600,2930.6000,3099,0,91435200.000,0,-,-,-,-,2930.0000,2929.6000,2929.4000,2929.0000,2928.6000,2931.0000,2931.2000,2931.4000,2932.0000,2932.8000,1,1,1,1,1,1,2,1,5,1
SF,IH2006,2019-12-09 09:35:33.100,2930.6000,3099,0,91435200.000,0,-,-,-,-,2929.6000,2929.4000,2929.0000,2928.6000,2928.0000,2931.0000,2931.2000,2931.4000,2932.0000,2932.8000,1,1,1,1,1,2,2,1,5,1
SF,IH2006,2019-12-09 09:35:33.600,2930.6000,3099,0,91435200.000,0,-,-,-,-,2929.8000,2929.6000,2929.4000,2929.0000,2928.6000,2931.0000,2931.2000,2931.4000,2932.0000,2932.8000,2,1,1,1,1,2,2,1,5,1
SF,IH2006,2019-12-09 09:35:34.100,2930.6000,3099,0,91435200.000,0,-,-,-,-,2930.0000,2929.8000,2929.6000,2929.4000,2929.0000,2931.0000,2931.2000,2931.4000,2932.0000,2932.8000,1,1,1,1,1,2,2,1,5,1
SF,IH2006,2019-12-09 09:35:34.600,2930.6000,3099,0,91435200.000,0,-,-,-,-,2930.2000,2930.0000,2929.8000,2929.6000,2929.4000,2931.0000,2931.2000,2931.4000,2932.0000,2932.8000,2,1,1,1,1,1,2,1,5,1
SF,IH2006,2019-12-09 09:35:35.600,2930.6000,3099,0,91435200.000,0,-,-,-,-,2930.2000,2929.8000,2929.6000,2929.4000,2929.0000,2931.0000,2931.2000,2931.4000,2932.0000,2932.8000,2,1,1,1,1,1,2,1,5,1
SF,IH2006,2019-12-09 09:35:36.100,2930.6000,3099,0,91435200.000,0,-,-,-,-,2930.2000,2929.8000,2929.6000,2929.4000,2929.0000,2931.0000,2931.2000,2931.4000,2932.0000,2932.8000,1,1,1,1,1,1,2,1,5,1
SF,IH2006,2019-12-09 09:35:37.600,2930.2000,3099,0,92314260.000,1,0,1,多换,S,2929.8000,2929.6000,2929.4000,2929.0000,2928.6000,2931.0000,2931.2000,2931.4000,2932.0000,2932.8000,1,1,1,1,1,1,2,1,5,1
SF,IH2006,2019-12-09 09:35:38.100,2930.2000,3099,0,92314260.000,0,-,-,-,-,2929.8000,2929.4000,2929.0000,2928.6000,2928.0000,2930.2000,2930.8000,2931.0000,2931.2000,2932.0000,1,1,1,1,1,1,3,1,2,5
SF,IH2006,2019-12-09 09:35:38.600,2930.2000,3099,0,92314260.000,0,-,-,-,-,2929.4000,2929.0000,2928.6000,2928.0000,2927.8000,2930.2000,2930.8000,2931.0000,2931.2000,2932.0000,1,1,1,1,1,1,3,1,2,5
SF,IH2006,2019-12-09 09:35:39.600,2929.4000,3098,-1,93193080.000,1,0,1,双平,S,2929.0000,2928.6000,2928.0000,2927.8000,2927.2000,2930.2000,2930.8000,2931.0000,2931.2000,2932.0000,1,1,1,1,1,1,3,1,2,5
SF,IH2006,2019-12-09 09:35:40.100,2929.4000,3098,0,93193080.000,0,-,-,-,-,2929.0000,2928.6000,2927.8000,2927.2000,2926.4000,2930.0000,2930.2000,2930.8000,2931.0000,2931.2000,1,1,1,1,1,3,1,1,1,2
SF,IH2006,2019-12-09 09:35:40.600,2929.0000,3097,-1,94071780.000,1,0,1,双平,S,2927.8000,2927.2000,2926.4000,2926.2000,2923.2000,2929.0000,2930.0000,2930.2000,2931.0000,2931.2000,1,1,1,1,1,1,3,1,2,2
SF,IH2006,2019-12-09 09:35:41.100,2929.0000,3097,0,94071780.000,0,-,-,-,-,2928.0000,2927.8000,2927.2000,2926.4000,2926.2000,2928.6000,2929.0000,2930.0000,2930.2000,2931.0000,5,1,1,1,1,1,1,2,1,2
SF,IH2006,2019-12-09 09:35:41.600,2928.6000,3097,0,94950360.000,1,0,1,多换,S,2928.2000,2928.0000,2927.8000,2927.2000,2926.4000,2930.0000,2930.2000,2931.0000,2931.2000,2932.0000,2,3,1,1,1,2,1,2,2,4
SF,IH2006,2019-12-09 09:35:42.100,2928.6000,3097,0,94950360.000,0,-,-,-,-,2928.4000,2928.2000,2928.0000,2927.8000,2927.2000,2930.0000,2930.2000,2931.0000,2931.2000,2932.0000,3,2,1,1,1,2,1,2,2,4
SF,IH2006,2019-12-09 09:35:43.600,2928.6000,3097,0,94950360.000,0,-,-,-,-,2928.6000,2928.4000,2928.2000,2928.0000,2927.8000,2930.0000,2930.2000,2931.0000,2931.2000,2932.0000,1,3,1,1,1,2,1,2,2,4
SF,IH2006,2019-12-09 09:35:44.100,2928.6000,3097,0,94950360.000,0,-,-,-,-,2928.8000,2928.6000,2928.4000,2928.2000,2928.0000,2930.0000,2930.2000,2931.0000,2931.2000,2932.0000,1,1,3,1,1,2,1,2,2,4
SF,IH2006,2019-12-09 09:35:44.600,2928.6000,3097,0,94950360.000,0,-,-,-,-,2928.8000,2928.6000,2928.4000,2928.2000,2927.8000,2930.0000,2930.2000,2931.0000,2931.2000,2932.0000,1,1,3,1,1,2,1,2,2,4
SF,IH2006,2019-12-09 09:35:45.100,2928.6000,3097,0,94950360.000,0,-,-,-,-,2928.8000,2928.6000,2928.4000,2928.2000,2927.8000,2929.8000,2930.0000,2930.2000,2931.0000,2931.2000,1,1,2,1,1,1,2,1,2,2
SF,IH2006,2019-12-09 09:35:45.600,2928.6000,3097,0,94950360.000,0,-,-,-,-,2928.6000,2928.4000,2928.2000,2927.8000,2927.2000,2929.8000,2930.0000,2930.2000,2931.0000,2931.2000,1,2,1,1,1,1,2,1,2,2
SF,IH2006,2019-12-09 09:35:46.100,2928.6000,3097,0,94950360.000,0,-,-,-,-,2928.6000,2928.4000,2928.2000,2927.8000,2927.2000,2929.8000,2930.0000,2930.2000,2931.0000,2931.2000,1,2,1,1,1,1,2,1,2,2
SF,IH2006,2019-12-09 09:35:47.600,2928.6000,3097,0,94950360.000,0,-,-,-,-,2928.8000,2928.6000,2928.4000,2928.2000,2927.8000,2930.0000,2930.2000,2931.0000,2931.2000,2932.0000,1,1,2,1,1,2,1,2,2,4
SF,IH2006,2019-12-09 09:35:50.100,2928.6000,3097,0,94950360.000,0,-,-,-,-,2928.8000,2928.6000,2928.4000,2928.2000,2927.8000,2929.8000,2930.0000,2930.2000,2931.0000,2931.2000,1,1,2,1,1,2,2,1,2,2
SF,IH2006,2019-12-09 09:35:50.600,2928.6000,3097,0,94950360.000,0,-,-,-,-,2928.8000,2928.6000,2928.4000,2928.2000,2927.8000,2930.0000,2930.2000,2931.0000,2931.2000,2932.0000,1,1,2,1,1,2,1,2,2,4
SF,IH2006,2019-12-09 09:35:51.100,2928.6000,3097,0,94950360.000,0,-,-,-,-,2928.6000,2928.4000,2928.2000,2927.8000,2927.2000,2929.6000,2930.0000,2930.2000,2931.0000,2931.2000,1,2,1,1,1,1,2,1,2,2
SF,IH2006,2019-12-09 09:35:52.100,2928.6000,3097,0,94950360.000,0,-,-,-,-,2928.6000,2928.4000,2928.2000,2927.8000,2927.2000,2930.0000,2930.2000,2931.0000,2931.2000,2932.0000,1,2,1,1,1,2,1,2,2,4
SF,IH2006,2019-12-09 09:35:52.600,2928.6000,3097,0,94950360.000,0,-,-,-,-,2928.8000,2928.6000,2928.4000,2928.2000,2927.8000,2930.0000,2930.2000,2931.0000,2931.2000,2932.0000,1,1,2,1,1,3,1,2,2,4
SF,IH2006,2019-12-09 09:35:54.100,2928.6000,3097,0,94950360.000,0,-,-,-,-,2928.6000,2928.4000,2928.2000,2927.8000,2927.2000,2929.8000,2930.0000,2930.2000,2931.0000,2931.2000,1,2,1,1,1,1,3,1,3,2
SF,IH2006,2019-12-09 09:35:55.100,2928.6000,3097,0,94950360.000,0,-,-,-,-,2928.8000,2928.6000,2928.4000,2928.2000,2927.8000,2930.0000,2930.2000,2931.0000,2931.2000,2932.0000,1,1,2,1,1,3,1,3,2,4
SF,IH2006,2019-12-09 09:35:55.600,2928.6000,3097,0,94950360.000,0,-,-,-,-,2928.8000,2928.6000,2928.4000,2928.2000,2927.8000,2929.8000,2930.0000,2930.2000,2931.0000,2931.2000,1,1,2,1,1,1,3,1,3,2
SF,IH2006,2019-12-09 09:35:56.100,2928.6000,3097,0,94950360.000,0,-,-,-,-,2928.6000,2928.4000,2928.2000,2927.8000,2927.2000,2929.8000,2930.0000,2930.2000,2931.0000,2931.2000,1,2,1,1,1,1,3,1,3,2
SF,IH2006,2019-12-09 09:35:57.100,2929.8000,3097,0,95829300.000,1,0,1,多换,S,2928.6000,2928.4000,2928.2000,2927.8000,2927.2000,2930.0000,2930.2000,2931.0000,2931.2000,2932.0000,1,2,1,1,1,3,1,3,2,4
SF,IH2006,2019-12-09 09:35:57.600,2929.8000,3097,0,95829300.000,0,-,-,-,-,2928.8000,2928.6000,2928.4000,2928.2000,2927.8000,2930.0000,2930.2000,2931.0000,2931.2000,2932.0000,1,1,2,1,1,3,1,3,2,4
SF,IH2006,2019-12-09 09:36:00.100,2929.8000,3097,0,95829300.000,0,-,-,-,-,2928.8000,2928.6000,2928.4000,2928.2000,2927.8000,2930.0000,2930.2000,2931.0000,2931.2000,2932.0000,1,1,2,1,1,3,1,2,2,4
SF,IH2006,2019-12-09 09:36:01.600,2929.8000,3097,0,95829300.000,0,-,-,-,-,2929.0000,2928.8000,2928.4000,2928.2000,2927.8000,2930.0000,2930.2000,2931.0000,2931.2000,2932.0000,2,1,2,1,1,3,1,2,2,4
SF,IH2006,2019-12-09 09:36:02.100,2929.8000,3097,0,95829300.000,0,-,-,-,-,2929.0000,2928.4000,2928.2000,2927.8000,2927.2000,2930.0000,2930.2000,2931.0000,2931.2000,2932.0000,1,2,1,1,1,3,1,2,2,4
SF,IH2006,2019-12-09 09:36:03.100,2929.0000,3097,0,96708000.000,1,0,1,多换,S,2928.4000,2928.2000,2927.8000,2927.2000,2926.4000,2930.0000,2930.2000,2931.0000,2931.2000,2932.0000,2,1,1,1,1,3,1,2,2,4
SF,IH2006,2019-12-09 09:36:03.600,2929.0000,3097,0,96708000.000,0,-,-,-,-,2928.6000,2928.4000,2928.2000,2927.8000,2927.2000,2930.0000,2930.2000,2931.0000,2931.2000,2932.0000,1,2,1,1,1,3,1,2,2,4
SF,IH2006,2019-12-09 09:36:05.600,2929.0000,3097,0,96708000.000,0,-,-,-,-,2928.6000,2928.4000,2928.2000,2927.8000,2927.2000,2930.0000,2930.2000,2931.0000,2931.2000,2932.0000,1,2,1,1,1,3,1,2,2,4
SF,IH2006,2019-12-09 09:36:06.100,2929.0000,3097,0,96708000.000,0,-,-,-,-,2928.6000,2928.4000,2928.2000,2928.0000,2927.8000,2929.8000,2930.0000,2930.2000,2931.0000,2931.2000,1,2,1,1,1,2,3,1,2,2
SF,IH2006,2019-12-09 09:36:06.600,2929.0000,3097,0,96708000.000,0,-,-,-,-,2928.4000,2928.2000,2928.0000,2927.8000,2927.2000,2929.8000,2930.0000,2930.2000,2931.0000,2931.2000,2,1,1,1,1,1,3,1,2,2
SF,IH2006,2019-12-09 09:36:07.100,2929.0000,3097,0,96708000.000,0,-,-,-,-,2928.6000,2928.4000,2928.0000,2927.8000,2927.2000,2929.8000,2930.0000,2930.2000,2931.0000,2931.2000,2,2,1,1,1,1,3,1,2,2
SF,IH2006,2019-12-09 09:36:08.100,2929.0000,3097,0,96708000.000,0,-,-,-,-,2928.4000,2928.0000,2927.8000,2927.2000,2926.4000,2929.8000,2930.0000,2930.2000,2931.0000,2931.2000,2,1,1,1,1,1,3,1,2,2
SF,IH2006,2019-12-09 09:36:08.600,2929.0000,3097,0,96708000.000,0,-,-,-,-,2928.4000,2928.0000,2927.8000,2927.2000,2926.4000,2929.6000,2929.8000,2930.0000,2930.2000,2931.0000,2,1,1,1,1,2,1,1,1,2
SF,IH2006,2019-12-09 09:36:10.100,2929.0000,3097,0,96708000.000,0,-,-,-,-,2928.4000,2928.0000,2927.8000,2927.2000,2926.4000,2929.6000,2929.8000,2930.0000,2930.2000,2931.0000,2,1,1,1,1,2,1,2,1,3
SF,IH2006,2019-12-09 09:36:11.600,2929.0000,3097,0,96708000.000,0,-,-,-,-,2928.4000,2928.0000,2927.8000,2927.2000,2926.4000,2929.6000,2930.0000,2930.2000,2931.0000,2931.2000,2,1,1,1,1,2,2,1,3,2
SF,IH2006,2019-12-09 09:36:13.100,2929.0000,3097,0,96708000.000,0,-,-,-,-,2928.4000,2928.0000,2927.8000,2927.2000,2926.4000,2929.6000,2930.0000,2930.2000,2931.0000,2931.2000,2,1,1,1,1,2,2,1,2,2
SF,IH2006,2019-12-09 09:36:13.600,2929.0000,3097,0,96708000.000,0,-,-,-,-,2928.6000,2928.4000,2928.0000,2927.8000,2927.2000,2929.6000,2930.0000,2930.2000,2931.0000,2931.2000,1,2,1,1,1,2,2,1,2,2
SF,IH2006,2019-12-09 09:36:14.100,2929.0000,3097,0,96708000.000,0,-,-,-,-,2928.6000,2928.0000,2927.8000,2927.2000,2926.4000,2929.6000,2930.0000,2930.2000,2931.0000,2931.2000,1,1,1,1,1,2,2,1,2,2
SF,IH2006,2019-12-09 09:36:14.600,2929.0000,3097,0,96708000.000,0,-,-,-,-,2928.0000,2927.8000,2927.2000,2926.4000,2926.2000,2929.6000,2930.0000,2930.2000,2931.0000,2931.2000,1,1,1,1,1,2,2,1,2,2
SF,IH2006,2019-12-09 09:36:15.100,2929.0000,3097,0,96708000.000,0,-,-,-,-,2928.2000,2928.0000,2927.8000,2927.2000,2926.4000,2929.4000,2929.6000,2930.0000,2930.2000,2931.0000,3,1,1,1,1,2,2,2,1,2
SF,IH2006,2019-12-09 09:36:15.600,2929.0000,3097,0,96708000.000,0,-,-,-,-,2928.4000,2928.2000,2928.0000,2927.8000,2927.2000,2930.0000,2930.2000,2931.0000,2931.2000,2932.0000,1,3,1,1,1,2,1,2,2,4
SF,IH2006,2019-12-09 09:36:16.100,2929.0000,3097,0,96708000.000,0,-,-,-,-,2928.6000,2928.4000,2928.2000,2928.0000,2927.8000,2930.0000,2930.2000,2931.0000,2931.2000,2932.0000,3,1,1,1,1,2,1,2,2,4
SF,IH2006,2019-12-09 09:36:16.600,2929.0000,3097,0,96708000.000,0,-,-,-,-,2928.6000,2928.0000,2927.8000,2927.2000,2926.4000,2930.0000,2930.2000,2931.0000,2931.2000,2932.0000,4,1,1,1,1,2,1,2,2,4
SF,IH2006,2019-12-09 09:36:17.100,2929.0000,3097,0,96708000.000,0,-,-,-,-,2928.8000,2928.6000,2928.0000,2927.8000,2927.2000,2930.0000,2931.0000,2931.2000,2932.0000,2932.8000,1,3,1,1,1,2,2,2,4,1
SF,IH2006,2019-12-09 09:36:17.600,2929.0000,3097,0,96708000.000,0,-,-,-,-,2929.0000,2928.6000,2928.0000,2927.8000,2927.2000,2930.0000,2931.0000,2931.2000,2932.0000,2932.8000,2,3,1,1,1,2,2,2,4,1
SF,IH2006,2019-12-09 09:36:18.100,2929.0000,3097,0,96708000.000,0,-,-,-,-,2929.0000,2928.6000,2928.0000,2927.8000,2927.2000,2930.0000,2931.0000,2931.2000,2932.0000,2932.8000,1,3,1,1,1,2,2,2,4,1
SF,IH2006,2019-12-09 09:36:19.600,2929.0000,3097,0,96708000.000,0,-,-,-,-,2929.0000,2928.6000,2928.0000,2927.8000,2927.2000,2930.0000,2931.0000,2931.2000,2932.0000,2932.8000,1,2,1,1,1,2,2,2,4,1
SF,IH2006,2019-12-09 09:36:21.100,2929.0000,3097,0,96708000.000,0,-,-,-,-,2928.6000,2928.0000,2927.8000,2927.2000,2926.4000,2930.0000,2931.0000,2931.2000,2932.0000,2932.8000,2,1,1,1,1,2,2,2,4,1
SF,IH2006,2019-12-09 09:36:21.600,2929.0000,3097,0,96708000.000,0,-,-,-,-,2928.8000,2928.6000,2928.0000,2927.8000,2927.2000,2930.0000,2931.0000,2931.2000,2932.0000,2932.8000,2,2,1,1,1,2,2,2,4,1
SF,IH2006,2019-12-09 09:36:22.100,2929.0000,3097,0,96708000.000,0,-,-,-,-,2929.0000,2928.8000,2928.6000,2928.0000,2927.8000,2930.0000,2931.0000,2931.2000,2932.0000,2932.8000,1,1,2,1,1,2,2,2,4,1
SF,IH2006,2019-12-09 09:36:24.100,2929.0000,3097,0,96708000.000,0,-,-,-,-,2928.8000,2928.6000,2928.0000,2927.8000,2927.2000,2930.0000,2931.0000,2931.2000,2932.0000,2932.8000,1,2,1,1,1,2,2,2,4,1
SF,IH2006,2019-12-09 09:36:24.600,2929.0000,3097,0,96708000.000,0,-,-,-,-,2928.6000,2928.0000,2927.8000,2927.2000,2926.4000,2930.0000,2931.0000,2931.2000,2932.0000,2932.8000,2,1,1,1,1,2,2,2,4,1
SF,IH2006,2019-12-09 09:36:25.100,2929.0000,3097,0,96708000.000,0,-,-,-,-,2928.6000,2928.0000,2927.8000,2927.2000,2926.4000,2930.0000,2931.0000,2931.2000,2932.0000,2932.8000,2,1,1,1,1,2,2,2,4,1
SF,IH2006,2019-12-09 09:36:27.600,2929.0000,3097,0,96708000.000,0,-,-,-,-,2928.8000,2928.6000,2928.0000,2927.8000,2927.2000,2930.0000,2931.0000,2931.2000,2932.0000,2932.8000,1,2,1,1,1,2,2,2,4,1
SF,IH2006,2019-12-09 09:36:28.100,2929.0000,3097,0,96708000.000,0,-,-,-,-,2929.0000,2928.8000,2928.6000,2928.0000,2927.8000,2930.0000,2931.0000,2931.2000,2932.0000,2932.8000,1,1,2,1,1,2,2,2,4,1
SF,IH2006,2019-12-09 09:36:31.600,2929.0000,3097,0,96708000.000,0,-,-,-,-,2929.0000,2928.8000,2928.6000,2928.0000,2927.8000,2930.0000,2931.0000,2931.2000,2932.0000,2932.8000,1,1,2,1,1,2,2,2,4,1
SF,IH2006,2019-12-09 09:36:32.100,2929.0000,3097,0,96708000.000,0,-,-,-,-,2929.0000,2928.8000,2928.6000,2928.0000,2927.8000,2930.0000,2931.0000,2931.2000,2931.6000,2932.0000,1,1,2,1,1,2,2,2,1,5
SF,IH2006,2019-12-09 09:36:35.600,2930.0000,3096,-1,98466000.000,2,0,2,多平,S,2930.0000,2929.0000,2928.8000,2928.6000,2928.0000,2931.0000,2931.2000,2931.6000,2932.0000,2932.8000,2,1,1,2,1,2,2,1,5,1
SF,IH2006,2019-12-09 09:36:36.100,2930.0000,3094,-2,100224000.000,2,0,2,双平,S,2928.8000,2928.6000,2928.0000,2927.8000,2927.2000,2930.8000,2931.0000,2931.2000,2931.4000,2931.6000,1,2,1,1,1,3,2,2,1,1
SF,IH2006,2019-12-09 09:36:36.600,2930.0000,3094,0,100224000.000,0,-,-,-,-,2929.0000,2928.0000,2927.8000,2927.2000,2926.4000,2930.8000,2931.0000,2931.2000,2931.4000,2931.6000,3,1,1,1,1,3,2,2,1,1
SF,IH2006,2019-12-09 09:36:38.100,2930.0000,3094,0,100224000.000,0,-,-,-,-,2929.2000,2929.0000,2928.0000,2927.8000,2927.2000,2930.8000,2931.0000,2931.2000,2931.4000,2931.6000,1,3,1,1,1,3,2,2,1,1
SF,IH2006,2019-12-09 09:36:39.600,2929.2000,3094,0,101102760.000,1,0,1,多换,S,2929.0000,2928.0000,2927.8000,2927.2000,2926.4000,2930.8000,2931.0000,2931.2000,2931.4000,2931.6000,3,1,1,1,1,3,2,2,1,1
SF,IH2006,2019-12-09 09:36:40.100,2929.2000,3094,0,101102760.000,0,-,-,-,-,2928.0000,2927.8000,2927.2000,2926.4000,2926.2000,2930.8000,2931.0000,2931.2000,2931.4000,2931.6000,1,1,1,1,1,3,2,2,1,1
SF,IH2006,2019-12-09 09:36:40.600,2929.2000,3094,0,101102760.000,0,-,-,-,-,2928.2000,2928.0000,2927.8000,2927.2000,2926.4000,2930.8000,2931.0000,2931.2000,2931.6000,2932.0000,3,1,1,1,1,3,2,2,1,6
SF,IH2006,2019-12-09 09:36:41.100,2929.2000,3094,0,101102760.000,0,-,-,-,-,2928.2000,2928.0000,2927.8000,2927.2000,2926.4000,2930.6000,2930.8000,2931.0000,2931.2000,2931.6000,3,1,1,1,1,1,3,2,2,1
SF,IH2006,2019-12-09 09:36:41.600,2929.2000,3094,0,101102760.000,0,-,-,-,-,2928.4000,2928.0000,2927.8000,2927.2000,2926.4000,2930.4000,2930.6000,2930.8000,2931.0000,2931.2000,1,1,1,1,1,4,1,1,2,2
SF,IH2006,2019-12-09 09:36:43.100,2929.2000,3094,0,101102760.000,0,-,-,-,-,2928.4000,2928.0000,2927.8000,2927.2000,2926.4000,2930.2000,2930.4000,2930.6000,2930.8000,2931.0000,1,1,1,1,1,1,4,1,1,2
SF,IH2006,2019-12-09 09:36:43.600,2929.2000,3094,0,101102760.000,0,-,-,-,-,2928.4000,2928.0000,2927.8000,2927.2000,2926.4000,2930.0000,2930.2000,2930.4000,2930.6000,2930.8000,1,1,1,1,1,4,1,2,1,1
SF,IH2006,2019-12-09 09:36:44.100,2929.2000,3094,0,101102760.000,0,-,-,-,-,2928.0000,2927.8000,2927.2000,2926.4000,2926.2000,2930.0000,2930.2000,2930.4000,2930.6000,2930.8000,1,1,1,1,1,4,1,2,1,1
SF,IH2006,2019-12-09 09:36:44.600,2929.2000,3094,0,101102760.000,0,-,-,-,-,2928.2000,2928.0000,2927.8000,2927.2000,2926.4000,2929.8000,2930.0000,2930.4000,2930.6000,2930.8000,3,1,1,1,1,1,4,2,1,1
SF,IH2006,2019-12-09 09:36:45.100,2929.2000,3094,0,101102760.000,0,-,-,-,-,2928.4000,2928.2000,2928.0000,2927.8000,2927.2000,2929.6000,2929.8000,2930.0000,2930.4000,2930.6000,1,2,1,1,1,4,1,2,2,1
SF,IH2006,2019-12-09 09:36:45.600,2929.2000,3094,0,101102760.000,0,-,-,-,-,2928.6000,2928.2000,2928.0000,2927.8000,2927.2000,2929.6000,2929.8000,2930.0000,2930.4000,2930.6000,1,2,1,1,1,4,1,2,2,1
SF,IH2006,2019-12-09 09:36:47.100,2929.2000,3094,0,101102760.000,0,-,-,-,-,2928.6000,2928.2000,2928.0000,2927.8000,2927.2000,2929.6000,2930.0000,2930.4000,2930.6000,2930.8000,1,2,1,1,1,4,2,2,1,1
SF,IH2006,2019-12-09 09:36:50.600,2929.2000,3094,0,101102760.000,0,-,-,-,-,2928.6000,2928.2000,2928.0000,2927.8000,2927.2000,2929.6000,2930.0000,2930.4000,2930.6000,2930.8000,1,2,1,1,1,2,2,2,1,1
SF,IH2006,2019-12-09 09:36:51.100,2929.2000,3094,0,101102760.000,0,-,-,-,-,2928.8000,2928.2000,2928.0000,2927.8000,2927.2000,2930.0000,2930.4000,2930.6000,2930.8000,2931.0000,1,2,1,1,1,2,2,1,1,2
SF,IH2006,2019-12-09 09:36:51.600,2929.2000,3094,0,101102760.000,0,-,-,-,-,2929.0000,2928.8000,2928.2000,2928.0000,2927.8000,2929.8000,2930.0000,2930.4000,2930.6000,2930.8000,1,1,2,1,1,2,2,2,1,1
SF,IH2006,2019-12-09 09:36:53.100,2929.2000,3094,0,101102760.000,0,-,-,-,-,2928.8000,2928.2000,2928.0000,2927.8000,2927.2000,2930.0000,2930.4000,2930.6000,2930.8000,2931.0000,1,2,1,1,1,2,2,1,1,2
SF,IH2006,2019-12-09 09:36:53.600,2929.2000,3094,0,101102760.000,0,-,-,-,-,2928.8000,2928.2000,2928.0000,2927.8000,2927.2000,2929.8000,2930.0000,2930.4000,2930.6000,2930.8000,1,2,1,1,1,1,2,2,1,1
SF,IH2006,2019-12-09 09:36:55.600,2929.2000,3094,0,101102760.000,0,-,-,-,-,2928.8000,2928.2000,2928.0000,2927.8000,2927.2000,2930.0000,2930.4000,2930.6000,2930.8000,2931.0000,1,2,1,1,1,2,2,1,1,2
SF,IH2006,2019-12-09 09:36:56.600,2929.2000,3094,0,101102760.000,0,-,-,-,-,2928.2000,2928.0000,2927.8000,2927.2000,2926.4000,2929.8000,2930.0000,2930.4000,2930.6000,2930.8000,2,1,1,1,1,2,2,2,1,1
SF,IH2006,2019-12-09 09:36:57.100,2929.2000,3094,0,101102760.000,0,-,-,-,-,2928.4000,2928.2000,2928.0000,2927.8000,2927.2000,2929.8000,2930.0000,2930.4000,2930.6000,2930.8000,2,2,1,1,1,2,2,2,1,1
SF,IH2006,2019-12-09 09:36:57.600,2929.2000,3094,0,101102760.000,0,-,-,-,-,2928.6000,2928.4000,2928.0000,2927.8000,2927.2000,2930.0000,2930.4000,2930.6000,2930.8000,2931.0000,3,1,1,1,1,2,2,1,1,2
SF,IH2006,2019-12-09 09:36:58.100,2929.2000,3094,0,101102760.000,0,-,-,-,-,2928.6000,2928.0000,2927.8000,2927.2000,2926.4000,2929.6000,2929.8000,2930.0000,2930.4000,2930.6000,3,1,1,1,1,2,2,2,2,1
SF,IH2006,2019-12-09 09:36:58.600,2929.2000,3094,0,101102760.000,0,-,-,-,-,2928.6000,2928.0000,2927.8000,2927.2000,2926.4000,2929.8000,2930.0000,2930.4000,2930.6000,2930.8000,3,1,1,1,1,2,2,2,1,1
SF,IH2006,2019-12-09 09:37:00.100,2929.2000,3094,0,101102760.000,0,-,-,-,-,2928.6000,2928.0000,2927.8000,2927.2000,2926.4000,2929.6000,2929.8000,2930.0000,2930.4000,2930.6000,3,1,1,1,1,2,2,2,2,1
SF,IH2006,2019-12-09 09:37:00.600,2929.2000,3094,0,101102760.000,0,-,-,-,-,2928.6000,2928.0000,2927.8000,2927.2000,2926.4000,2929.6000,2929.8000,2930.0000,2930.4000,2930.6000,1,1,1,1,1,2,2,2,2,1
SF,IH2006,2019-12-09 09:37:01.600,2929.2000,3094,0,101102760.000,0,-,-,-,-,2928.0000,2927.8000,2927.2000,2926.4000,2926.2000,2929.6000,2929.8000,2930.0000,2930.4000,2930.6000,1,1,1,1,1,2,2,2,2,1
SF,IH2006,2019-12-09 09:37:02.100,2929.2000,3094,0,101102760.000,0,-,-,-,-,2928.2000,2928.0000,2927.8000,2927.2000,2926.4000,2929.4000,2929.6000,2930.0000,2930.4000,2930.6000,1,1,1,1,1,2,2,2,2,1
SF,IH2006,2019-12-09 09:37:02.600,2929.2000,3094,0,101102760.000,0,-,-,-,-,2928.4000,2928.2000,2928.0000,2927.8000,2927.2000,2929.2000,2929.4000,2929.6000,2930.0000,2930.4000,1,1,1,1,1,1,2,2,2,2
SF,IH2006,2019-12-09 09:37:03.100,2929.2000,3094,0,101102760.000,0,-,-,-,-,2928.4000,2928.2000,2928.0000,2927.8000,2927.2000,2929.6000,2930.0000,2930.4000,2930.6000,2930.8000,1,1,1,1,1,2,2,2,1,1
SF,IH2006,2019-12-09 09:37:03.600,2929.2000,3094,0,101102760.000,0,-,-,-,-,2928.2000,2928.0000,2927.8000,2927.2000,2926.4000,2929.4000,2929.6000,2930.0000,2930.4000,2930.6000,1,1,1,1,1,1,2,2,2,1
SF,IH2006,2019-12-09 09:37:05.100,2929.2000,3094,0,101102760.000,0,-,-,-,-,2928.4000,2928.0000,2927.8000,2927.2000,2926.4000,2929.6000,2930.0000,2930.4000,2930.6000,2930.8000,2,1,1,1,1,2,2,2,1,1
SF,IH2006,2019-12-09 09:37:05.600,2929.2000,3094,0,101102760.000,0,-,-,-,-,2928.4000,2928.0000,2927.8000,2927.2000,2926.4000,2929.4000,2929.6000,2930.0000,2930.4000,2930.6000,2,1,1,1,1,1,2,2,2,1
SF,IH2006,2019-12-09 09:37:06.100,2929.2000,3094,0,101102760.000,0,-,-,-,-,2928.4000,2928.0000,2927.8000,2927.2000,2926.4000,2929.4000,2929.6000,2930.0000,2930.4000,2930.6000,2,1,1,1,1,3,2,2,2,1
SF,IH2006,2019-12-09 09:37:06.600,2929.2000,3094,0,101102760.000,0,-,-,-,-,2928.4000,2928.0000,2927.8000,2927.2000,2926.4000,2929.4000,2930.0000,2930.4000,2930.6000,2930.8000,2,1,1,1,1,1,2,2,1,1
SF,IH2006,2019-12-09 09:37:07.100,2929.2000,3094,0,101102760.000,0,-,-,-,-,2928.4000,2928.0000,2927.8000,2927.2000,2926.4000,2929.8000,2930.0000,2930.4000,2930.6000,2930.8000,1,1,1,1,1,1,2,2,1,1
SF,IH2006,2019-12-09 09:37:07.600,2929.2000,3094,0,101102760.000,0,-,-,-,-,2928.6000,2928.4000,2928.0000,2927.8000,2927.2000,2929.6000,2929.8000,2930.0000,2930.4000,2930.6000,1,1,1,1,1,1,1,2,2,1
SF,IH2006,2019-12-09 09:37:08.100,2929.2000,3094,0,101102760.000,0,-,-,-,-,2928.6000,2928.4000,2928.0000,2927.8000,2927.2000,2929.8000,2930.0000,2930.4000,2930.6000,2930.8000,1,1,1,1,1,1,2,2,1,1
SF,IH2006,2019-12-09 09:37:11.100,2929.2000,3094,0,101102760.000,0,-,-,-,-,2928.8000,2928.6000,2928.0000,2927.8000,2927.2000,2929.8000,2930.0000,2930.4000,2930.6000,2930.8000,1,1,1,1,1,1,2,2,1,1
SF,IH2006,2019-12-09 09:37:12.100,2929.2000,3094,0,101102760.000,0,-,-,-,-,2928.8000,2928.0000,2927.8000,2927.2000,2926.4000,2929.8000,2930.0000,2930.4000,2930.6000,2930.8000,1,1,1,1,1,1,2,2,1,1
SF,IH2006,2019-12-09 09:37:14.100,2929.2000,3094,0,101102760.000,0,-,-,-,-,2928.0000,2927.8000,2927.2000,2926.4000,2926.2000,2929.6000,2929.8000,2930.0000,2930.4000,2930.6000,1,1,1,1,1,1,1,2,2,1
SF,IH2006,2019-12-09 09:37:14.600,2929.2000,3094,0,101102760.000,0,-,-,-,-,2928.2000,2928.0000,2927.8000,2927.2000,2926.4000,2929.6000,2929.8000,2930.0000,2930.4000,2930.6000,3,1,1,1,1,1,1,2,2,1
SF,IH2006,2019-12-09 09:37:15.100,2929.2000,3094,0,101102760.000,0,-,-,-,-,2928.4000,2928.2000,2928.0000,2927.8000,2927.2000,2929.6000,2929.8000,2930.0000,2930.4000,2930.6000,1,2,1,1,1,1,1,2,2,1
SF,IH2006,2019-12-09 09:37:15.600,2929.2000,3094,0,101102760.000,0,-,-,-,-,2928.6000,2928.4000,2928.2000,2928.0000,2927.8000,2929.6000,2929.8000,2930.0000,2930.4000,2930.6000,1,1,2,1,1,1,1,2,2,1
SF,IH2006,2019-12-09 09:37:16.100,2929.2000,3094,0,101102760.000,0,-,-,-,-,2928.6000,2928.4000,2928.2000,2928.0000,2927.8000,2929.6000,2929.8000,2930.0000,2930.4000,2930.6000,1,1,1,1,1,1,1,2,2,1
SF,IH2006,2019-12-09 09:37:17.100,2929.2000,3094,0,101102760.000,0,-,-,-,-,2928.6000,2928.4000,2928.2000,2928.0000,2927.8000,2929.8000,2930.0000,2930.4000,2930.6000,2930.8000,1,1,1,1,1,1,2,2,1,1
SF,IH2006,2019-12-09 09:37:17.600,2929.2000,3094,0,101102760.000,0,-,-,-,-,2928.4000,2928.2000,2928.0000,2927.8000,2927.2000,2929.8000,2930.0000,2930.4000,2930.6000,2930.8000,1,1,1,1,1,1,2,2,1,1
SF,IH2006,2019-12-09 09:37:18.100,2929.2000,3094,0,101102760.000,0,-,-,-,-,2928.6000,2928.2000,2928.0000,2927.8000,2927.2000,2929.8000,2930.0000,2930.4000,2930.6000,2930.8000,5,1,1,1,1,1,2,2,1,1
SF,IH2006,2019-12-09 09:37:19.100,2929.2000,3094,0,101102760.000,0,-,-,-,-,2928.6000,2928.2000,2928.0000,2927.8000,2927.2000,2929.8000,2930.0000,2930.4000,2930.6000,2930.8000,4,1,1,1,1,1,2,2,1,1
SF,IH2006,2019-12-09 09:37:19.600,2929.2000,3094,0,101102760.000,0,-,-,-,-,2928.6000,2928.2000,2928.0000,2927.8000,2927.2000,2930.0000,2930.4000,2930.6000,2930.8000,2931.0000,3,1,1,1,1,2,2,1,1,2
SF,IH2006,2019-12-09 09:37:20.100,2929.2000,3094,0,101102760.000,0,-,-,-,-,2928.6000,2928.2000,2928.0000,2927.8000,2927.2000,2929.8000,2930.0000,2930.4000,2930.6000,2930.8000,3,1,1,1,1,1,2,2,1,1
SF,IH2006,2019-12-09 09:37:20.600,2929.2000,3094,0,101102760.000,0,-,-,-,-,2928.8000,2928.6000,2928.2000,2928.0000,2927.8000,2930.0000,2930.4000,2930.6000,2930.8000,2931.0000,1,3,1,1,1,2,2,1,1,2
SF,IH2006,2019-12-09 09:37:21.100,2929.2000,3094,0,101102760.000,0,-,-,-,-,2928.6000,2928.2000,2928.0000,2927.8000,2927.2000,2930.0000,2930.4000,2930.6000,2930.8000,2931.0000,3,1,1,1,1,2,2,1,1,2
SF,IH2006,2019-12-09 09:37:25.100,2929.2000,3094,0,101102760.000,0,-,-,-,-,2928.6000,2928.2000,2928.0000,2927.8000,2927.2000,2929.8000,2930.0000,2930.4000,2930.6000,2930.8000,3,1,1,1,1,1,2,2,1,1
SF,IH2006,2019-12-09 09:37:25.600,2929.2000,3094,0,101102760.000,0,-,-,-,-,2928.6000,2928.2000,2928.0000,2927.8000,2927.2000,2929.8000,2930.0000,2930.4000,2930.6000,2930.8000,2,1,1,1,1,1,2,2,1,1
SF,IH2006,2019-12-09 09:37:28.100,2929.8000,3093,-1,101981700.000,1,0,1,双平,S,2929.8000,2928.6000,2928.0000,2927.8000,2927.2000,2930.0000,2930.4000,2930.6000,2930.8000,2931.0000,9,2,1,1,1,2,2,1,1,2
SF,IH2006,2019-12-09 09:37:28.600,2929.8000,3088,-5,108134280.000,7,1,6,多平,S,2929.8000,2928.0000,2927.8000,2927.2000,2926.4000,2930.6000,2931.0000,2931.2000,2931.6000,2932.0000,2,1,1,1,1,1,2,2,1,5
SF,IH2006,2019-12-09 09:37:29.100,2929.8000,3088,0,108134280.000,0,-,-,-,-,2929.8000,2928.0000,2927.8000,2927.2000,2926.4000,2930.4000,2930.6000,2931.0000,2931.2000,2931.6000,2,1,1,1,1,2,1,2,2,2
SF,IH2006,2019-12-09 09:37:40.600,2929.8000,3088,0,108134280.000,0,-,-,-,-,2929.8000,2927.8000,2927.2000,2926.4000,2926.2000,2930.4000,2930.6000,2931.0000,2931.2000,2931.6000,2,1,1,1,1,2,1,2,2,2
SF,IH2006,2019-12-09 09:37:41.100,2929.8000,3087,-1,109013220.000,1,0,1,双平,S,2929.8000,2927.8000,2927.2000,2926.4000,2926.2000,2930.4000,2930.6000,2931.0000,2931.2000,2931.6000,1,1,1,1,1,2,1,2,2,2
SF,IH2006,2019-12-09 09:37:41.600,2929.8000,3086,-1,109892160.000,1,0,1,双平,S,2927.8000,2927.2000,2926.4000,2926.2000,2926.0000,2930.4000,2930.6000,2931.0000,2931.2000,2931.6000,1,1,1,1,1,2,1,2,2,2
SF,IH2006,2019-12-09 09:37:42.100,2929.8000,3086,0,109892160.000,0,-,-,-,-,2928.0000,2927.8000,2927.2000,2926.4000,2926.2000,2930.4000,2930.6000,2931.0000,2931.2000,2931.6000,3,1,1,1,1,2,1,2,2,2
SF,IH2006,2019-12-09 09:37:42.600,2929.8000,3086,0,109892160.000,0,-,-,-,-,2928.2000,2928.0000,2927.8000,2927.2000,2926.4000,2930.4000,2930.6000,2931.0000,2931.2000,2931.6000,2,2,1,1,1,2,1,2,2,2
SF,IH2006,2019-12-09 09:37:43.100,2929.8000,3086,0,109892160.000,0,-,-,-,-,2928.4000,2927.8000,2927.2000,2926.4000,2926.2000,2930.4000,2930.6000,2931.0000,2931.2000,2931.6000,3,1,1,1,1,2,1,2,2,2
SF,IH2006,2019-12-09 09:37:43.600,2929.8000,3086,0,109892160.000,0,-,-,-,-,2928.6000,2928.4000,2927.8000,2927.2000,2926.4000,2930.0000,2930.2000,2930.4000,2930.6000,2931.0000,1,2,1,1,1,1,1,2,1,2
SF,IH2006,2019-12-09 09:37:44.100,2929.8000,3086,0,109892160.000,0,-,-,-,-,2928.4000,2927.8000,2927.2000,2926.4000,2926.2000,2929.8000,2930.0000,2930.2000,2930.6000,2931.0000,2,1,1,1,1,2,1,1,1,2
SF,IH2006,2019-12-09 09:37:44.600,2929.8000,3086,0,109892160.000,0,-,-,-,-,2928.6000,2928.4000,2927.8000,2927.2000,2926.4000,2929.8000,2930.0000,2930.2000,2930.6000,2931.0000,1,2,1,1,1,2,2,1,1,2
SF,IH2006,2019-12-09 09:37:45.100,2929.8000,3086,0,109892160.000,0,-,-,-,-,2928.4000,2927.8000,2927.2000,2926.4000,2926.2000,2929.8000,2930.0000,2930.2000,2930.6000,2931.0000,2,1,1,1,1,2,2,1,1,2
SF,IH2006,2019-12-09 09:37:45.600,2929.8000,3086,0,109892160.000,0,-,-,-,-,2928.6000,2928.4000,2927.8000,2927.2000,2926.4000,2929.8000,2930.0000,2930.2000,2930.6000,2931.0000,1,2,1,1,1,2,2,1,1,2
SF,IH2006,2019-12-09 09:37:46.100,2929.8000,3086,0,109892160.000,0,-,-,-,-,2928.4000,2927.8000,2927.2000,2926.4000,2926.2000,2929.8000,2930.0000,2930.6000,2931.0000,2931.2000,2,1,1,1,1,2,2,1,2,2
SF,IH2006,2019-12-09 09:37:46.600,2929.8000,3086,0,109892160.000,0,-,-,-,-,2928.6000,2928.4000,2927.8000,2927.2000,2926.4000,2929.8000,2930.0000,2930.6000,2931.0000,2931.2000,1,2,1,1,1,2,2,1,2,2
SF,IH2006,2019-12-09 09:37:47.100,2929.8000,3086,0,109892160.000,0,-,-,-,-,2928.4000,2927.8000,2927.2000,2926.4000,2926.2000,2929.6000,2929.8000,2930.0000,2930.6000,2931.0000,2,1,1,1,1,1,2,2,1,2
SF,IH2006,2019-12-09 09:37:47.600,2929.8000,3086,0,109892160.000,0,-,-,-,-,2928.4000,2927.8000,2927.2000,2926.4000,2926.2000,2929.4000,2929.6000,2929.8000,2930.0000,2930.6000,2,1,1,1,1,1,2,2,1,1
SF,IH2006,2019-12-09 09:37:48.100,2929.8000,3086,0,109892160.000,0,-,-,-,-,2928.4000,2927.8000,2927.2000,2926.4000,2926.2000,2929.4000,2929.6000,2929.8000,2930.0000,2930.6000,2,1,1,1,1,1,1,2,1,1
SF,IH2006,2019-12-09 09:37:49.600,2929.8000,3086,0,109892160.000,0,-,-,-,-,2928.6000,2928.4000,2927.8000,2927.2000,2926.4000,2929.4000,2929.6000,2929.8000,2930.0000,2931.0000,1,2,1,1,1,1,1,2,1,2
