市场代码,合约代码,时间,最新,持仓,增仓,成交额,成交量,开仓,平仓,成交类型,方向,买一价,买二价,买三价,买四价,买五价,卖一价,卖二价,卖三价,卖四价,卖五价,买一量,买二量,买三量,买四量,买五量,卖一量,卖二量,卖三量,卖四量,卖五量
SF,IH2009,2020-02-17 09:29:00.300,2852.0000,3436,0,0.000,0.000,-,-,-,-,2853.2000,2852.0000,2850.6000,2850.2000,2850.0000,2858.0000,2861.0000,2861.6000,2862.0000,2864.0000,3,1,1,1,1,1,1,1,1,2
SF,IH2009,2020-02-17 09:30:00.300,2852.0000,3436,0,0.000,0,-,-,-,-,2856.0000,2854.8000,2853.8000,2853.6000,2853.2000,2858.0000,2861.6000,2862.0000,2864.0000,2866.0000,1,1,1,1,3,1,1,1,2,2
SF,IH2009,2020-02-17 09:30:00.800,2858.0000,3435,-1,857400.000,1,0,1,双平,S,2856.0000,2854.8000,2853.8000,2853.6000,2853.2000,2862.0000,2864.0000,2866.0000,2867.2000,2868.2000,3,1,1,1,3,1,2,2,1,1
SF,IH2009,2020-02-17 09:30:01.300,2858.0000,3435,0,857400.000,0,-,-,-,-,2856.2000,2856.0000,2854.8000,2853.8000,2853.6000,2862.0000,2864.0000,2866.0000,2867.2000,2868.2000,1,3,1,1,1,1,2,2,1,1
SF,IH2009,2020-02-17 09:30:01.800,2858.0000,3435,0,857400.000,0,-,-,-,-,2857.6000,2856.2000,2856.0000,2854.8000,2853.8000,2862.0000,2864.0000,2866.0000,2867.2000,2867.6000,5,1,3,1,1,1,2,1,1,1
SF,IH2009,2020-02-17 09:30:02.300,2862.0000,3435,0,1716000.000,1,0,1,多换,S,2861.8000,2860.0000,2859.0000,2857.8000,2857.6000,2864.0000,2866.0000,2867.2000,2867.4000,2867.6000,1,1,1,1,5,2,1,1,1,1
SF,IH2009,2020-02-17 09:30:02.800,2864.0000,3433,-2,4293540.000,3,0,3,多平,S,2864.0000,2860.0000,2859.0000,2857.8000,2857.6000,2866.0000,2867.2000,2867.4000,2867.6000,2868.2000,1,1,1,1,5,1,1,1,1,1
SF,IH2009,2020-02-17 09:30:03.300,2865.8000,3433,0,5153280.000,1,0,1,多换,S,2864.0000,2860.0000,2859.0000,2857.8000,2857.6000,2866.0000,2867.2000,2867.4000,2867.6000,2868.2000,1,1,1,1,5,1,1,1,1,1
SF,IH2009,2020-02-17 09:30:03.800,2865.8000,3433,0,5153280.000,0,-,-,-,-,2864.0000,2860.0000,2859.0000,2858.6000,2857.8000,2866.0000,2867.2000,2867.4000,2867.6000,2868.2000,1,1,1,1,1,1,1,1,1,1
SF,IH2009,2020-02-17 09:30:04.300,2865.8000,3433,0,5153280.000,0,-,-,-,-,2864.0000,2860.0000,2859.0000,2858.6000,2857.8000,2866.0000,2867.2000,2867.4000,2867.6000,2868.2000,1,1,1,1,1,1,1,1,1,1
SF,IH2009,2020-02-17 09:30:04.800,2865.8000,3433,0,5153280.000,0,-,-,-,-,2864.0000,2860.0000,2859.4000,2859.0000,2858.6000,2866.0000,2867.2000,2867.4000,2867.6000,2868.2000,1,1,1,1,1,1,1,1,1,1
SF,IH2009,2020-02-17 09:30:05.300,2866.0000,3433,0,6013080.000,1,0,1,多换,S,2864.0000,2860.0000,2859.4000,2859.0000,2858.6000,2867.2000,2867.4000,2867.6000,2868.2000,2872.0000,1,1,1,1,1,1,1,1,1,2
SF,IH2009,2020-02-17 09:30:05.800,2864.0000,3432,-1,6872280.000,1,0,1,双平,S,2864.2000,2860.0000,2859.4000,2859.0000,2858.6000,2867.2000,2867.4000,2867.6000,2868.2000,2872.0000,1,1,1,1,1,1,1,1,1,2
SF,IH2009,2020-02-17 09:30:06.300,2864.0000,3432,0,6872280.000,0,-,-,-,-,2864.2000,2860.0000,2859.4000,2859.0000,2858.6000,2867.2000,2867.4000,2867.6000,2868.2000,2872.0000,1,1,1,1,1,1,1,1,1,2
SF,IH2009,2020-02-17 09:30:08.300,2867.2000,3432,0,7732440.000,1,0,1,多换,S,2864.2000,2860.0000,2859.4000,2859.0000,2858.6000,2867.0000,2867.4000,2867.6000,2868.2000,2872.0000,1,1,1,1,1,1,1,1,1,2
SF,IH2009,2020-02-17 09:30:08.800,2867.2000,3432,0,7732440.000,0,-,-,-,-,2866.0000,2864.2000,2860.0000,2859.4000,2859.0000,2867.0000,2867.4000,2867.6000,2868.2000,2872.0000,1,1,1,1,1,2,1,1,1,2
SF,IH2009,2020-02-17 09:30:09.300,2867.0000,3430,-2,9452640.000,2,0,2,双平,S,2866.0000,2864.2000,2860.0000,2859.4000,2859.0000,2867.4000,2867.6000,2868.2000,2872.0000,2872.8000,1,1,1,1,1,1,1,1,2,6
SF,IH2009,2020-02-17 09:30:09.800,2867.0000,3430,0,9452640.000,0,-,-,-,-,2866.0000,2864.2000,2860.0000,2859.4000,2858.6000,2867.4000,2867.6000,2868.2000,2872.0000,2872.8000,1,1,1,1,1,1,1,1,2,6
SF,IH2009,2020-02-17 09:30:10.800,2867.0000,3430,0,9452640.000,0,-,-,-,-,2866.0000,2864.2000,2860.0000,2859.4000,2858.6000,2867.4000,2867.6000,2868.2000,2872.0000,2872.8000,1,1,1,1,1,1,1,1,2,6
SF,IH2009,2020-02-17 09:30:11.300,2866.0000,3430,0,10312440.000,1,0,1,多换,S,2864.2000,2860.0000,2859.4000,2858.6000,2857.6000,2867.4000,2867.6000,2868.2000,2872.0000,2874.6000,1,1,1,1,5,1,1,1,2,1
SF,IH2009,2020-02-17 09:30:11.800,2866.0000,3430,0,10312440.000,0,-,-,-,-,2864.4000,2864.2000,2860.0000,2859.4000,2858.6000,2867.4000,2867.6000,2868.2000,2872.0000,2874.6000,1,1,1,1,1,1,1,1,2,1
SF,IH2009,2020-02-17 09:30:12.300,2866.0000,3430,0,10312440.000,0,-,-,-,-,2864.6000,2864.4000,2860.0000,2859.4000,2858.6000,2867.4000,2867.6000,2868.2000,2872.0000,2874.6000,1,1,1,1,1,1,1,1,2,1
SF,IH2009,2020-02-17 09:30:12.800,2866.0000,3430,0,10312440.000,0,-,-,-,-,2864.6000,2864.4000,2860.0000,2859.4000,2858.6000,2866.0000,2867.2000,2867.4000,2867.6000,2868.2000,1,1,1,1,1,1,1,1,1,1
SF,IH2009,2020-02-17 09:30:13.300,2866.0000,3430,0,10312440.000,0,-,-,-,-,2864.8000,2864.4000,2860.0000,2859.4000,2858.6000,2866.0000,2867.2000,2867.4000,2867.6000,2868.2000,1,1,1,1,1,1,1,1,1,1
SF,IH2009,2020-02-17 09:30:13.800,2866.0000,3430,0,10312440.000,0,-,-,-,-,2864.8000,2860.0000,2859.4000,2858.6000,2857.6000,2866.0000,2867.2000,2867.4000,2867.6000,2868.2000,1,1,1,1,5,1,1,1,1,1
SF,IH2009,2020-02-17 09:30:14.300,2866.0000,3430,0,10312440.000,0,-,-,-,-,2860.0000,2859.4000,2858.6000,2857.6000,2853.2000,2866.0000,2867.2000,2867.4000,2867.6000,2868.0000,1,1,1,5,1,2,1,1,1,1
SF,IH2009,2020-02-17 09:30:14.800,2866.0000,3430,0,10312440.000,0,-,-,-,-,2860.2000,2860.0000,2859.4000,2858.6000,2857.6000,2866.0000,2867.2000,2867.4000,2867.6000,2868.0000,1,1,1,1,5,2,1,1,1,1
SF,IH2009,2020-02-17 09:30:15.300,2866.0000,3430,0,10312440.000,0,-,-,-,-,2861.0000,2860.2000,2860.0000,2858.6000,2857.6000,2865.8000,2866.0000,2867.4000,2867.6000,2868.0000,1,1,1,1,5,1,2,1,1,1
SF,IH2009,2020-02-17 09:30:15.800,2866.0000,3430,0,10312440.000,0,-,-,-,-,2861.2000,2861.0000,2860.0000,2858.6000,2857.6000,2865.6000,2865.8000,2866.0000,2867.4000,2867.6000,1,1,1,1,5,1,1,2,1,1
SF,IH2009,2020-02-17 09:30:16.300,2866.0000,3430,0,10312440.000,0,-,-,-,-,2861.8000,2861.2000,2860.0000,2858.6000,2857.6000,2865.6000,2865.8000,2866.0000,2867.4000,2867.6000,1,2,1,1,5,1,1,2,1,1
SF,IH2009,2020-02-17 09:30:16.800,2866.0000,3430,0,10312440.000,0,-,-,-,-,2862.0000,2861.8000,2861.4000,2858.6000,2857.6000,2865.2000,2865.4000,2865.6000,2865.8000,2866.0000,1,1,1,1,5,1,1,1,1,1
SF,IH2009,2020-02-17 09:30:17.300,2866.0000,3430,0,10312440.000,0,-,-,-,-,2862.0000,2861.4000,2858.6000,2857.6000,2853.2000,2865.2000,2865.4000,2865.8000,2866.0000,2867.4000,1,1,1,5,1,1,1,1,1,1
SF,IH2009,2020-02-17 09:30:17.800,2866.0000,3430,0,10312440.000,0,-,-,-,-,2862.0000,2857.6000,2853.2000,2850.6000,2850.0000,2865.0000,2865.2000,2865.4000,2865.8000,2866.0000,1,5,1,1,2,1,1,1,1,1
SF,IH2009,2020-02-17 09:30:18.300,2866.0000,3430,0,10312440.000,0,-,-,-,-,2862.0000,2857.6000,2853.2000,2850.6000,2850.0000,2864.8000,2865.0000,2865.4000,2865.8000,2866.0000,1,5,1,1,2,1,1,1,1,1
SF,IH2009,2020-02-17 09:30:18.800,2866.0000,3430,0,10312440.000,0,-,-,-,-,2862.0000,2857.6000,2853.2000,2850.6000,2850.0000,2864.6000,2864.8000,2865.0000,2865.4000,2865.8000,1,5,1,1,2,1,1,1,1,1
SF,IH2009,2020-02-17 09:30:19.300,2866.0000,3430,0,10312440.000,0,-,-,-,-,2862.0000,2857.6000,2853.2000,2850.6000,2850.0000,2864.6000,2865.0000,2865.4000,2865.8000,2866.0000,1,5,1,1,2,1,1,1,1,1
SF,IH2009,2020-02-17 09:30:19.800,2866.0000,3430,0,10312440.000,0,-,-,-,-,2862.0000,2857.6000,2853.2000,2850.6000,2850.0000,2864.6000,2865.0000,2865.8000,2866.0000,2867.4000,1,5,1,1,2,1,1,1,1,1
SF,IH2009,2020-02-17 09:30:20.300,2862.0000,3429,-1,11171040.000,1,0,1,双平,S,2857.6000,2853.2000,2850.6000,2850.0000,2848.0000,2864.6000,2865.0000,2865.8000,2866.0000,2867.4000,5,1,1,2,1,1,1,1,1,1
SF,IH2009,2020-02-17 09:30:20.800,2862.0000,3429,0,11171040.000,0,-,-,-,-,2860.0000,2859.0000,2857.6000,2853.2000,2850.6000,2864.6000,2865.0000,2866.0000,2867.4000,2867.6000,1,1,5,1,1,1,2,1,1,1
SF,IH2009,2020-02-17 09:30:21.300,2862.0000,3429,0,11171040.000,0,-,-,-,-,2857.6000,2853.2000,2850.6000,2850.0000,2848.0000,2864.6000,2865.0000,2866.0000,2867.4000,2867.6000,5,1,1,2,1,1,2,1,1,1
SF,IH2009,2020-02-17 09:30:21.800,2862.0000,3429,0,11171040.000,0,-,-,-,-,2860.2000,2860.0000,2859.0000,2857.6000,2853.2000,2864.6000,2865.0000,2866.0000,2867.4000,2867.6000,1,1,1,5,1,1,1,1,1,1
SF,IH2009,2020-02-17 09:30:22.300,2862.0000,3429,0,11171040.000,0,-,-,-,-,2860.2000,2860.0000,2859.0000,2857.6000,2853.2000,2865.0000,2866.0000,2867.4000,2867.6000,2868.0000,1,1,1,5,1,1,1,1,1,1
SF,IH2009,2020-02-17 09:30:23.800,2862.0000,3429,0,11171040.000,0,-,-,-,-,2860.8000,2860.2000,2860.0000,2859.0000,2857.6000,2865.0000,2865.2000,2866.0000,2867.4000,2867.6000,1,1,1,1,5,1,1,1,1,1
SF,IH2009,2020-02-17 09:30:24.300,2862.0000,3429,0,11171040.000,0,-,-,-,-,2860.8000,2860.0000,2859.0000,2857.6000,2853.2000,2864.8000,2865.0000,2865.2000,2866.0000,2867.4000,1,1,1,5,1,1,1,1,1,1
SF,IH2009,2020-02-17 09:30:24.800,2862.0000,3429,0,11171040.000,0,-,-,-,-,2860.8000,2860.0000,2859.0000,2857.6000,2853.2000,2862.2000,2864.8000,2865.0000,2865.2000,2866.0000,1,1,1,5,1,1,1,1,1,1
SF,IH2009,2020-02-17 09:30:25.300,2862.0000,3429,0,11171040.000,0,-,-,-,-,2861.0000,2860.8000,2860.0000,2859.0000,2857.6000,2862.2000,2865.0000,2865.2000,2866.0000,2867.4000,1,1,1,1,5,1,1,1,1,1
SF,IH2009,2020-02-17 09:30:25.800,2861.0000,3428,-1,12888000.000,2,0,2,多平,S,2860.8000,2860.0000,2859.0000,2858.4000,2857.6000,2864.6000,2865.0000,2865.2000,2866.0000,2867.4000,1,1,1,1,5,1,1,1,1,1
SF,IH2009,2020-02-17 09:30:26.300,2861.0000,3428,0,12888000.000,0,-,-,-,-,2860.0000,2859.0000,2858.4000,2857.6000,2853.2000,2864.4000,2864.6000,2865.0000,2865.2000,2866.0000,1,1,1,5,1,1,1,1,1,1
SF,IH2009,2020-02-17 09:30:26.800,2861.0000,3428,0,12888000.000,0,-,-,-,-,2860.4000,2860.0000,2859.0000,2858.4000,2857.6000,2864.4000,2864.6000,2865.0000,2865.2000,2866.0000,1,1,1,1,5,1,1,1,1,1
SF,IH2009,2020-02-17 09:30:27.300,2861.0000,3428,0,12888000.000,0,-,-,-,-,2860.4000,2860.0000,2859.0000,2858.4000,2857.6000,2863.8000,2864.4000,2864.6000,2864.8000,2865.0000,1,1,1,1,5,1,1,1,1,1
SF,IH2009,2020-02-17 09:30:27.800,2861.0000,3428,0,12888000.000,0,-,-,-,-,2860.4000,2860.0000,2859.0000,2858.4000,2857.6000,2863.6000,2863.8000,2864.4000,2864.6000,2864.8000,1,1,1,1,5,1,1,1,1,1
SF,IH2009,2020-02-17 09:30:28.300,2861.0000,3428,0,12888000.000,0,-,-,-,-,2860.4000,2860.0000,2859.0000,2858.4000,2857.6000,2863.6000,2864.4000,2864.8000,2865.0000,2866.0000,1,1,1,1,5,1,1,1,1,1
SF,IH2009,2020-02-17 09:30:28.800,2861.0000,3428,0,12888000.000,0,-,-,-,-,2860.8000,2860.4000,2860.0000,2859.0000,2858.4000,2863.6000,2864.4000,2864.8000,2865.0000,2866.0000,1,1,1,1,1,1,1,1,1,1
SF,IH2009,2020-02-17 09:30:29.800,2861.0000,3428,0,12888000.000,0,-,-,-,-,2861.0000,2860.0000,2859.0000,2858.4000,2857.6000,2863.6000,2864.4000,2864.8000,2865.0000,2866.0000,1,1,1,1,5,1,1,1,1,1
SF,IH2009,2020-02-17 09:30:30.300,2861.0000,3427,-1,13746300.000,1,0,1,双平,S,2860.0000,2859.0000,2858.4000,2857.6000,2853.2000,2863.6000,2864.8000,2865.0000,2866.0000,2866.4000,1,1,1,5,1,1,1,1,1,1
SF,IH2009,2020-02-17 09:30:30.800,2861.0000,3427,0,13746300.000,0,-,-,-,-,2860.0000,2859.0000,2858.4000,2857.6000,2853.2000,2864.8000,2865.0000,2866.0000,2866.4000,2867.4000,1,1,1,5,1,1,1,1,1,1
SF,IH2009,2020-02-17 09:30:31.300,2861.0000,3427,0,13746300.000,0,-,-,-,-,2860.0000,2859.0000,2858.4000,2857.6000,2853.2000,2863.4000,2864.8000,2865.0000,2866.0000,2866.4000,1,1,1,5,1,1,1,1,1,1
SF,IH2009,2020-02-17 09:30:31.800,2863.4000,3427,0,14605320.000,1,0,1,多换,S,2860.2000,2860.0000,2859.0000,2858.4000,2857.6000,2864.8000,2865.0000,2866.0000,2866.4000,2867.4000,1,1,1,1,5,1,1,1,1,1
SF,IH2009,2020-02-17 09:30:32.300,2863.4000,3427,0,14605320.000,0,-,-,-,-,2861.8000,2860.4000,2860.2000,2860.0000,2859.0000,2864.8000,2865.0000,2866.0000,2866.4000,2867.4000,1,1,1,1,1,1,1,1,1,1
SF,IH2009,2020-02-17 09:30:33.800,2863.4000,3427,0,14605320.000,0,-,-,-,-,2862.0000,2861.8000,2860.4000,2860.0000,2859.0000,2864.8000,2865.0000,2866.0000,2866.4000,2867.4000,2,1,1,1,1,1,1,1,1,1
SF,IH2009,2020-02-17 09:30:34.300,2863.4000,3427,0,14605320.000,0,-,-,-,-,2862.0000,2861.8000,2860.0000,2859.0000,2858.4000,2864.8000,2865.0000,2866.0000,2866.4000,2867.4000,2,1,1,1,1,1,1,1,1,1
SF,IH2009,2020-02-17 09:30:34.800,2863.4000,3427,0,14605320.000,0,-,-,-,-,2862.0000,2861.8000,2860.0000,2859.0000,2858.4000,2864.6000,2864.8000,2865.0000,2866.0000,2866.4000,1,1,1,1,1,1,1,1,1,1
SF,IH2009,2020-02-17 09:30:35.300,2863.4000,3427,0,14605320.000,0,-,-,-,-,2862.2000,2861.8000,2860.0000,2859.0000,2858.4000,2864.6000,2864.8000,2865.0000,2866.0000,2866.4000,1,1,1,1,1,1,1,1,1,1
SF,IH2009,2020-02-17 09:30:36.300,2863.4000,3427,0,14605320.000,0,-,-,-,-,2862.0000,2861.8000,2860.0000,2859.0000,2858.4000,2864.6000,2864.8000,2865.0000,2866.0000,2866.4000,2,1,1,1,1,1,1,1,1,1
SF,IH2009,2020-02-17 09:30:36.800,2863.4000,3427,0,14605320.000,0,-,-,-,-,2862.4000,2862.0000,2861.8000,2860.0000,2859.0000,2864.8000,2865.0000,2866.0000,2866.4000,2866.6000,1,2,1,1,1,1,1,1,1,1
SF,IH2009,2020-02-17 09:30:37.300,2862.4000,3428,1,15464040.000,1,1,0,双开,S,2862.0000,2861.8000,2860.2000,2860.0000,2859.0000,2864.8000,2865.0000,2866.0000,2866.4000,2866.6000,2,1,1,1,1,1,1,1,1,1
SF,IH2009,2020-02-17 09:30:37.800,2862.4000,3428,0,15464040.000,0,-,-,-,-,2862.0000,2861.8000,2860.2000,2860.0000,2859.0000,2864.6000,2864.8000,2865.0000,2866.0000,2866.4000,2,1,1,1,1,1,1,1,1,1
SF,IH2009,2020-02-17 09:30:39.300,2862.4000,3428,0,15464040.000,0,-,-,-,-,2862.0000,2860.2000,2860.0000,2859.0000,2858.4000,2864.6000,2864.8000,2865.0000,2866.0000,2866.4000,2,1,1,1,1,1,1,1,1,1
SF,IH2009,2020-02-17 09:30:40.800,2862.4000,3428,0,15464040.000,0,-,-,-,-,2862.0000,2860.2000,2860.0000,2859.0000,2858.4000,2864.4000,2864.6000,2864.8000,2865.0000,2866.0000,2,1,1,1,1,1,1,1,1,1
SF,IH2009,2020-02-17 09:30:41.300,2862.4000,3428,0,15464040.000,0,-,-,-,-,2862.0000,2860.2000,2860.0000,2859.0000,2858.4000,2864.2000,2864.4000,2864.6000,2864.8000,2865.0000,2,1,1,1,1,1,1,1,1,1
SF,IH2009,2020-02-17 09:30:42.800,2862.4000,3428,0,15464040.000,0,-,-,-,-,2862.0000,2861.8000,2860.2000,2860.0000,2859.0000,2864.2000,2864.4000,2864.6000,2864.8000,2865.0000,2,1,1,1,1,1,1,1,1,1
SF,IH2009,2020-02-17 09:30:43.300,2862.4000,3428,0,15464040.000,0,-,-,-,-,2862.0000,2860.2000,2860.0000,2859.0000,2858.4000,2864.2000,2864.6000,2864.8000,2865.0000,2866.0000,2,1,1,1,1,1,1,1,1,1
SF,IH2009,2020-02-17 09:30:43.800,2862.4000,3428,0,15464040.000,0,-,-,-,-,2862.0000,2861.8000,2860.2000,2860.0000,2859.0000,2864.2000,2864.6000,2864.8000,2865.0000,2866.0000,2,1,1,1,1,1,1,1,1,1
SF,IH2009,2020-02-17 09:30:44.300,2862.4000,3428,0,15464040.000,0,-,-,-,-,2862.0000,2860.2000,2860.0000,2859.0000,2858.4000,2864.2000,2864.6000,2864.8000,2865.0000,2866.0000,2,1,1,1,1,1,1,1,1,1
SF,IH2009,2020-02-17 09:30:46.800,2862.4000,3428,0,15464040.000,0,-,-,-,-,2862.0000,2860.0000,2859.0000,2858.4000,2857.6000,2864.2000,2864.6000,2864.8000,2865.0000,2866.0000,2,1,1,1,5,1,1,1,1,1
SF,IH2009,2020-02-17 09:30:47.300,2864.2000,3429,1,16323300.000,1,1,0,双开,S,2864.2000,2862.0000,2860.0000,2859.0000,2858.4000,2864.6000,2864.8000,2865.0000,2866.0000,2866.6000,2,2,1,1,1,2,1,1,1,1
SF,IH2009,2020-02-17 09:30:47.800,2864.2000,3430,1,18041820.000,2,1,1,空开,S,2862.0000,2860.0000,2859.0000,2858.4000,2857.6000,2864.6000,2864.8000,2865.0000,2866.0000,2866.6000,2,1,1,1,5,2,1,1,2,1
SF,IH2009,2020-02-17 09:30:48.800,2864.2000,3430,0,18041820.000,0,-,-,-,-,2862.2000,2862.0000,2860.0000,2859.0000,2858.4000,2864.6000,2864.8000,2865.0000,2866.0000,2866.6000,1,2,1,1,1,1,1,1,2,1
SF,IH2009,2020-02-17 09:30:50.300,2864.2000,3430,0,18041820.000,0,-,-,-,-,2862.4000,2862.0000,2860.0000,2859.0000,2858.4000,2864.6000,2864.8000,2865.0000,2866.0000,2866.6000,1,2,1,1,1,1,1,1,2,1
SF,IH2009,2020-02-17 09:30:50.800,2864.2000,3430,0,18041820.000,0,-,-,-,-,2862.4000,2862.0000,2860.0000,2859.0000,2858.4000,2864.6000,2864.8000,2865.0000,2866.0000,2866.6000,1,3,1,1,1,1,1,1,2,1
SF,IH2009,2020-02-17 09:30:52.800,2862.4000,3429,-1,18900540.000,1,0,1,双平,S,2862.0000,2860.0000,2859.0000,2858.4000,2857.6000,2864.6000,2864.8000,2865.0000,2866.0000,2866.6000,3,1,1,1,5,1,1,1,2,1
SF,IH2009,2020-02-17 09:30:53.800,2862.4000,3429,0,18900540.000,0,-,-,-,-,2862.0000,2860.0000,2859.0000,2858.4000,2857.6000,2864.2000,2864.6000,2864.8000,2865.0000,2866.0000,3,1,1,1,5,1,1,1,1,2
SF,IH2009,2020-02-17 09:30:55.300,2862.4000,3429,0,18900540.000,0,-,-,-,-,2862.0000,2860.0000,2859.0000,2858.4000,2857.6000,2864.6000,2864.8000,2865.0000,2866.0000,2866.6000,3,1,1,1,5,1,1,1,2,1
SF,IH2009,2020-02-17 09:30:55.800,2862.4000,3429,0,18900540.000,0,-,-,-,-,2862.0000,2860.0000,2859.0000,2858.4000,2857.6000,2864.0000,2864.6000,2864.8000,2865.0000,2866.0000,3,1,1,1,5,1,1,1,1,2
SF,IH2009,2020-02-17 09:30:56.800,2862.4000,3429,0,18900540.000,0,-,-,-,-,2862.0000,2860.0000,2859.0000,2858.4000,2857.6000,2864.0000,2864.6000,2864.8000,2865.0000,2866.0000,3,1,1,1,5,1,1,1,1,2
SF,IH2009,2020-02-17 09:30:57.300,2862.4000,3429,0,18900540.000,0,-,-,-,-,2862.0000,2860.0000,2859.0000,2858.4000,2857.6000,2864.0000,2864.6000,2864.8000,2865.0000,2866.0000,3,1,1,1,5,1,1,1,1,2
SF,IH2009,2020-02-17 09:30:57.800,2862.4000,3429,0,18900540.000,0,-,-,-,-,2862.0000,2860.0000,2859.0000,2858.4000,2857.6000,2864.0000,2864.6000,2864.8000,2865.0000,2866.0000,3,1,1,1,5,2,1,1,1,2
SF,IH2009,2020-02-17 09:30:59.800,2862.4000,3429,0,18900540.000,0,-,-,-,-,2862.0000,2860.0000,2859.0000,2858.4000,2857.6000,2863.8000,2864.0000,2864.6000,2864.8000,2865.0000,3,1,1,1,5,1,1,1,1,1
SF,IH2009,2020-02-17 09:31:00.300,2862.4000,3429,0,18900540.000,0,-,-,-,-,2862.0000,2860.0000,2859.0000,2858.4000,2857.6000,2863.8000,2864.6000,2864.8000,2865.0000,2866.0000,3,1,1,1,5,1,1,1,1,2
SF,IH2009,2020-02-17 09:31:01.300,2862.4000,3429,0,18900540.000,0,-,-,-,-,2862.0000,2860.0000,2859.0000,2858.4000,2857.6000,2863.8000,2864.6000,2864.8000,2865.0000,2866.0000,3,1,1,1,5,1,1,1,1,3
SF,IH2009,2020-02-17 09:31:01.800,2862.4000,3429,0,18900540.000,0,-,-,-,-,2862.0000,2860.0000,2859.0000,2858.4000,2857.6000,2863.8000,2864.6000,2864.8000,2865.0000,2866.0000,3,1,1,1,5,1,1,1,1,3
SF,IH2009,2020-02-17 09:31:02.300,2862.4000,3429,0,18900540.000,0,-,-,-,-,2862.0000,2860.0000,2859.0000,2858.4000,2857.6000,2863.8000,2864.6000,2864.8000,2865.0000,2866.0000,3,1,1,1,5,1,1,1,1,3
SF,IH2009,2020-02-17 09:31:04.800,2862.0000,3430,1,19759140.000,1,1,0,双开,S,2862.0000,2860.0000,2859.0000,2858.4000,2857.6000,2863.8000,2864.6000,2864.8000,2865.0000,2866.0000,2,1,1,1,5,1,1,1,1,3
SF,IH2009,2020-02-17 09:31:06.800,2862.0000,3430,0,21476340.000,2,1,1,多换,S,2860.0000,2859.0000,2858.4000,2857.6000,2853.2000,2863.8000,2864.6000,2864.8000,2865.0000,2866.0000,1,1,1,5,1,1,1,1,1,3
SF,IH2009,2020-02-17 09:31:07.300,2862.0000,3430,0,21476340.000,0,-,-,-,-,2860.2000,2860.0000,2859.0000,2858.4000,2857.6000,2863.8000,2864.6000,2864.8000,2865.0000,2866.0000,1,1,1,1,5,1,1,1,1,3
SF,IH2009,2020-02-17 09:31:07.800,2862.0000,3430,0,21476340.000,0,-,-,-,-,2860.2000,2860.0000,2859.0000,2858.4000,2857.6000,2863.8000,2864.6000,2864.8000,2865.0000,2866.0000,1,1,1,1,5,1,1,1,1,3
SF,IH2009,2020-02-17 09:31:08.300,2862.0000,3430,0,21476340.000,0,-,-,-,-,2860.2000,2860.0000,2859.0000,2858.4000,2857.6000,2864.6000,2864.8000,2865.0000,2866.0000,2866.6000,1,1,1,1,5,1,1,1,3,1
SF,IH2009,2020-02-17 09:31:08.800,2862.0000,3430,0,21476340.000,0,-,-,-,-,2860.0000,2859.0000,2858.4000,2857.6000,2853.2000,2864.6000,2864.8000,2865.0000,2866.0000,2866.6000,1,1,1,5,1,1,1,1,3,1
SF,IH2009,2020-02-17 09:31:09.800,2862.0000,3430,0,21476340.000,0,-,-,-,-,2860.4000,2860.0000,2859.0000,2858.4000,2857.6000,2864.6000,2864.8000,2865.0000,2866.0000,2866.6000,1,1,1,1,5,1,1,1,3,1
SF,IH2009,2020-02-17 09:31:10.300,2862.0000,3430,0,21476340.000,0,-,-,-,-,2860.4000,2860.0000,2859.0000,2858.4000,2857.6000,2864.4000,2864.6000,2864.8000,2865.0000,2866.0000,1,1,1,1,5,1,1,1,1,3
SF,IH2009,2020-02-17 09:31:10.800,2862.0000,3430,0,21476340.000,0,-,-,-,-,2860.4000,2860.0000,2859.0000,2858.4000,2857.6000,2864.0000,2864.2000,2864.4000,2864.6000,2864.8000,1,1,1,1,5,1,1,1,1,1
SF,IH2009,2020-02-17 09:31:11.300,2860.4000,3430,0,22334460.000,1,0,1,多换,S,2860.0000,2859.0000,2858.4000,2857.6000,2853.2000,2864.0000,2864.2000,2864.4000,2864.6000,2864.8000,1,1,1,5,1,1,1,1,1,1
SF,IH2009,2020-02-17 09:31:11.800,2860.4000,3430,0,22334460.000,0,-,-,-,-,2860.0000,2859.0000,2858.4000,2857.6000,2853.2000,2864.0000,2864.2000,2864.4000,2864.6000,2864.8000,1,1,1,5,1,1,1,1,1,1
SF,IH2009,2020-02-17 09:31:12.300,2860.4000,3430,0,22334460.000,0,-,-,-,-,2860.2000,2858.4000,2857.6000,2853.2000,2850.6000,2863.6000,2863.8000,2864.0000,2864.6000,2864.8000,1,1,5,1,1,1,1,1,1,1
SF,IH2009,2020-02-17 09:31:13.300,2860.4000,3430,0,22334460.000,0,-,-,-,-,2860.2000,2858.4000,2857.6000,2853.2000,2850.6000,2863.6000,2864.0000,2864.6000,2864.8000,2865.0000,1,1,5,1,1,1,1,1,1,1
SF,IH2009,2020-02-17 09:31:13.800,2860.4000,3430,0,22334460.000,0,-,-,-,-,2860.2000,2858.4000,2857.6000,2853.2000,2850.6000,2863.6000,2864.6000,2864.8000,2865.0000,2866.0000,1,1,5,1,1,1,1,1,1,2
SF,IH2009,2020-02-17 09:31:14.300,2860.4000,3430,0,22334460.000,0,-,-,-,-,2860.2000,2858.4000,2857.6000,2853.2000,2850.6000,2863.4000,2863.6000,2864.6000,2864.8000,2865.0000,1,1,5,1,1,1,1,1,1,1
SF,IH2009,2020-02-17 09:31:14.800,2860.4000,3430,0,22334460.000,0,-,-,-,-,2860.2000,2858.4000,2857.6000,2853.2000,2850.6000,2863.4000,2863.6000,2864.6000,2864.8000,2865.0000,1,1,5,1,1,2,1,1,1,1
SF,IH2009,2020-02-17 09:31:15.300,2860.4000,3430,0,22334460.000,0,-,-,-,-,2858.4000,2857.6000,2853.2000,2850.6000,2850.0000,2863.0000,2863.4000,2863.6000,2864.6000,2864.8000,1,5,1,1,1,1,2,1,1,1
SF,IH2009,2020-02-17 09:31:15.800,2860.4000,3430,0,22334460.000,0,-,-,-,-,2858.4000,2857.6000,2853.2000,2850.6000,2850.0000,2860.2000,2863.0000,2863.4000,2863.6000,2864.6000,1,5,1,1,1,1,1,2,1,1
SF,IH2009,2020-02-17 09:31:16.300,2860.4000,3430,0,22334460.000,0,-,-,-,-,2858.6000,2858.4000,2853.8000,2853.2000,2850.6000,2860.2000,2863.0000,2863.4000,2863.6000,2864.6000,1,1,5,1,1,1,2,1,1,1
SF,IH2009,2020-02-17 09:31:16.800,2860.2000,3429,-1,23192520.000,1,0,1,双平,S,2858.6000,2858.4000,2853.8000,2853.2000,2850.6000,2863.0000,2863.4000,2863.6000,2864.6000,2864.8000,1,1,5,1,1,2,1,1,1,1
SF,IH2009,2020-02-17 09:31:17.800,2860.2000,3429,0,23192520.000,0,-,-,-,-,2858.4000,2853.8000,2853.2000,2850.6000,2850.0000,2863.0000,2863.6000,2864.6000,2864.8000,2865.0000,1,5,1,1,1,2,1,1,1,1
SF,IH2009,2020-02-17 09:31:18.300,2860.2000,3429,0,23192520.000,0,-,-,-,-,2859.0000,2858.4000,2853.8000,2853.2000,2850.6000,2863.0000,2863.6000,2864.6000,2864.8000,2865.0000,1,1,5,1,1,2,1,1,1,1
SF,IH2009,2020-02-17 09:31:19.800,2860.2000,3429,0,23192520.000,0,-,-,-,-,2859.4000,2859.0000,2858.4000,2853.8000,2853.2000,2862.8000,2863.0000,2864.6000,2864.8000,2865.0000,1,1,1,5,1,1,2,1,1,1
SF,IH2009,2020-02-17 09:31:20.300,2860.2000,3429,0,23192520.000,0,-,-,-,-,2859.4000,2859.0000,2858.4000,2853.8000,2853.2000,2863.0000,2864.6000,2864.8000,2865.0000,2866.0000,1,1,1,5,1,2,1,1,1,1
SF,IH2009,2020-02-17 09:31:20.800,2860.2000,3429,0,23192520.000,0,-,-,-,-,2859.6000,2859.4000,2859.0000,2858.4000,2853.8000,2863.0000,2864.6000,2864.8000,2865.0000,2866.0000,1,1,1,1,5,2,1,1,1,1
SF,IH2009,2020-02-17 09:31:21.800,2860.2000,3429,0,23192520.000,0,-,-,-,-,2859.6000,2859.4000,2858.4000,2853.8000,2853.2000,2862.6000,2863.0000,2864.6000,2864.8000,2865.0000,1,1,1,5,1,1,1,1,1,1
SF,IH2009,2020-02-17 09:31:22.300,2860.2000,3429,0,23192520.000,0,-,-,-,-,2859.8000,2858.4000,2853.8000,2853.2000,2850.6000,2862.6000,2863.0000,2864.6000,2864.8000,2865.0000,1,1,5,1,1,1,1,1,1,1
SF,IH2009,2020-02-17 09:31:22.800,2860.2000,3429,0,23192520.000,0,-,-,-,-,2860.0000,2859.8000,2858.4000,2853.8000,2853.2000,2862.4000,2862.6000,2863.0000,2864.6000,2864.8000,1,1,1,5,1,1,1,1,1,1
SF,IH2009,2020-02-17 09:31:23.800,2860.2000,3429,0,23192520.000,0,-,-,-,-,2860.0000,2858.4000,2853.8000,2853.2000,2850.6000,2862.4000,2862.6000,2863.0000,2864.6000,2864.8000,1,1,5,1,1,1,1,1,1,1
SF,IH2009,2020-02-17 09:31:24.300,2860.2000,3429,0,23192520.000,0,-,-,-,-,2858.4000,2853.8000,2853.2000,2850.6000,2850.0000,2862.4000,2862.6000,2863.0000,2864.6000,2864.8000,1,5,1,1,1,1,1,1,1,1
SF,IH2009,2020-02-17 09:31:24.800,2860.2000,3429,0,23192520.000,0,-,-,-,-,2860.2000,2860.0000,2858.6000,2858.4000,2853.8000,2862.6000,2863.0000,2864.6000,2864.8000,2865.0000,1,2,1,1,5,1,1,1,2,1
SF,IH2009,2020-02-17 09:31:25.300,2860.2000,3429,0,23192520.000,0,-,-,-,-,2860.2000,2860.0000,2858.6000,2858.4000,2853.8000,2862.4000,2862.6000,2863.0000,2864.6000,2864.8000,1,2,1,1,5,1,1,1,1,2
SF,IH2009,2020-02-17 09:31:25.800,2860.2000,3429,0,23192520.000,0,-,-,-,-,2860.0000,2858.6000,2858.4000,2853.8000,2853.2000,2862.4000,2862.6000,2863.0000,2864.6000,2864.8000,2,1,1,5,1,1,1,1,1,2
SF,IH2009,2020-02-17 09:31:26.300,2860.2000,3429,0,23192520.000,0,-,-,-,-,2860.4000,2860.0000,2858.6000,2858.4000,2853.8000,2862.4000,2863.0000,2864.6000,2864.8000,2865.0000,1,2,1,1,5,1,1,1,2,1
SF,IH2009,2020-02-17 09:31:27.800,2860.2000,3429,0,23192520.000,0,-,-,-,-,2860.4000,2860.0000,2858.6000,2858.4000,2853.8000,2862.4000,2863.0000,2864.6000,2864.8000,2865.0000,1,2,1,1,5,1,1,1,2,1
SF,IH2009,2020-02-17 09:31:28.300,2860.2000,3429,0,23192520.000,0,-,-,-,-,2860.4000,2860.0000,2858.6000,2858.4000,2853.8000,2862.0000,2862.4000,2863.0000,2864.6000,2864.8000,1,2,1,1,5,1,1,1,1,2
SF,IH2009,2020-02-17 09:31:28.800,2860.2000,3429,0,23192520.000,0,-,-,-,-,2860.0000,2858.6000,2858.4000,2853.8000,2853.2000,2862.0000,2862.4000,2863.0000,2864.6000,2864.8000,2,1,1,5,1,1,1,1,1,2
SF,IH2009,2020-02-17 09:31:29.300,2860.2000,3429,0,23192520.000,0,-,-,-,-,2860.6000,2860.0000,2858.6000,2858.4000,2853.8000,2862.0000,2862.4000,2863.0000,2864.6000,2864.8000,1,2,1,1,5,1,1,1,1,2
SF,IH2009,2020-02-17 09:31:30.800,2860.2000,3429,0,23192520.000,0,-,-,-,-,2860.0000,2858.6000,2858.4000,2853.8000,2853.2000,2860.4000,2862.0000,2862.4000,2863.0000,2864.6000,2,1,1,5,1,2,1,1,1,1
SF,IH2009,2020-02-17 09:31:31.300,2860.2000,3427,-2,25766820.000,3,0,3,多平,S,2860.0000,2858.6000,2858.4000,2853.8000,2853.2000,2862.0000,2862.4000,2863.0000,2864.6000,2864.8000,2,1,1,5,1,1,1,1,1,2
SF,IH2009,2020-02-17 09:31:31.800,2860.2000,3427,0,25766820.000,0,-,-,-,-,2860.0000,2858.6000,2858.4000,2853.8000,2853.2000,2861.8000,2862.0000,2863.0000,2864.6000,2864.8000,2,1,1,5,1,2,1,1,1,2
SF,IH2009,2020-02-17 09:31:32.300,2860.2000,3427,0,25766820.000,0,-,-,-,-,2860.0000,2858.6000,2858.4000,2853.8000,2853.2000,2861.8000,2862.0000,2863.0000,2864.6000,2864.8000,2,1,1,5,1,2,1,1,1,2
SF,IH2009,2020-02-17 09:31:32.800,2860.2000,3427,0,25766820.000,0,-,-,-,-,2860.0000,2858.6000,2858.4000,2853.8000,2853.2000,2861.8000,2862.0000,2863.0000,2864.6000,2864.8000,2,1,1,5,1,2,1,1,1,2
SF,IH2009,2020-02-17 09:31:33.300,2860.0000,3427,0,26624820.000,1,0,1,多换,S,2860.0000,2858.6000,2858.4000,2853.8000,2853.2000,2861.8000,2862.0000,2863.0000,2864.6000,2864.8000,1,1,1,5,1,2,1,1,1,2
SF,IH2009,2020-02-17 09:31:33.800,2860.0000,3427,0,26624820.000,0,-,-,-,-,2860.2000,2860.0000,2858.6000,2858.4000,2853.8000,2861.8000,2862.0000,2863.0000,2864.6000,2864.8000,1,1,1,1,5,2,1,1,1,2
SF,IH2009,2020-02-17 09:31:34.300,2860.0000,3427,0,26624820.000,0,-,-,-,-,2860.2000,2860.0000,2858.6000,2858.4000,2853.8000,2861.8000,2862.0000,2863.0000,2864.6000,2864.8000,1,1,1,1,5,2,1,1,1,2
SF,IH2009,2020-02-17 09:31:34.800,2860.0000,3427,0,26624820.000,0,-,-,-,-,2860.0000,2858.6000,2858.4000,2853.8000,2853.2000,2861.8000,2862.0000,2863.0000,2864.6000,2864.8000,1,1,1,5,1,2,1,1,1,2
SF,IH2009,2020-02-17 09:31:35.300,2860.0000,3428,1,27482820.000,1,1,0,双开,S,2858.6000,2858.4000,2853.8000,2853.2000,2852.8000,2861.8000,2862.0000,2863.0000,2864.6000,2864.8000,1,1,5,1,1,1,1,1,1,2
SF,IH2009,2020-02-17 09:31:35.800,2860.0000,3428,0,27482820.000,0,-,-,-,-,2858.6000,2858.4000,2853.8000,2853.2000,2852.8000,2861.4000,2861.6000,2861.8000,2862.0000,2863.0000,1,1,5,1,1,1,2,1,1,1
SF,IH2009,2020-02-17 09:31:36.800,2860.0000,3428,0,27482820.000,0,-,-,-,-,2859.0000,2858.6000,2858.4000,2853.8000,2853.2000,2861.2000,2861.4000,2861.6000,2861.8000,2862.0000,1,1,1,5,1,1,1,1,1,1
SF,IH2009,2020-02-17 09:31:37.800,2861.2000,3427,-1,28341180.000,1,0,1,双平,S,2859.0000,2858.6000,2858.4000,2853.8000,2853.2000,2861.4000,2861.6000,2861.8000,2862.0000,2863.0000,1,1,1,5,1,1,1,1,1,1
SF,IH2009,2020-02-17 09:31:38.300,2861.2000,3427,0,28341180.000,0,-,-,-,-,2859.0000,2858.6000,2858.4000,2853.8000,2853.2000,2861.6000,2861.8000,2862.0000,2863.0000,2864.6000,1,1,1,5,1,1,1,1,1,1
SF,IH2009,2020-02-17 09:31:38.800,2859.2000,3427,0,29198940.000,1,0,1,多换,S,2859.2000,2859.0000,2858.4000,2853.8000,2853.2000,2861.6000,2861.8000,2862.0000,2863.0000,2864.6000,1,1,1,5,1,1,1,1,1,1
SF,IH2009,2020-02-17 09:31:39.800,2859.2000,3427,0,29198940.000,0,-,-,-,-,2859.2000,2858.4000,2853.8000,2853.2000,2852.8000,2861.6000,2861.8000,2862.0000,2863.0000,2864.6000,1,1,5,1,1,1,1,1,1,1
SF,IH2009,2020-02-17 09:31:40.300,2859.2000,3427,0,29198940.000,0,-,-,-,-,2859.6000,2858.4000,2853.8000,2853.2000,2852.8000,2861.6000,2861.8000,2862.0000,2863.0000,2864.6000,1,1,5,1,1,1,1,1,1,1
SF,IH2009,2020-02-17 09:31:40.800,2859.2000,3427,0,29198940.000,0,-,-,-,-,2859.6000,2858.4000,2853.8000,2853.2000,2852.8000,2861.6000,2861.8000,2862.0000,2863.0000,2864.6000,1,1,5,1,1,1,1,1,1,1
SF,IH2009,2020-02-17 09:31:41.300,2859.2000,3427,0,29198940.000,0,-,-,-,-,2858.4000,2853.8000,2853.2000,2852.8000,2850.0000,2861.6000,2861.8000,2862.0000,2863.0000,2864.6000,1,5,1,1,1,1,1,1,1,1
SF,IH2009,2020-02-17 09:31:41.800,2859.2000,3427,0,29198940.000,0,-,-,-,-,2858.6000,2858.4000,2853.8000,2853.2000,2852.8000,2861.6000,2861.8000,2862.0000,2863.0000,2864.6000,2,1,5,1,1,1,1,1,1,1
SF,IH2009,2020-02-17 09:31:42.300,2859.2000,3427,0,29198940.000,0,-,-,-,-,2859.0000,2858.6000,2858.4000,2853.8000,2853.2000,2861.6000,2861.8000,2862.0000,2863.0000,2864.6000,1,2,1,5,1,1,1,1,1,1
SF,IH2009,2020-02-17 09:31:42.800,2859.2000,3427,0,29198940.000,0,-,-,-,-,2859.0000,2858.6000,2858.4000,2853.8000,2853.2000,2861.6000,2861.8000,2862.0000,2863.0000,2864.6000,1,1,1,5,1,1,1,1,1,1
SF,IH2009,2020-02-17 09:31:43.300,2859.2000,3427,0,29198940.000,0,-,-,-,-,2859.0000,2858.4000,2853.8000,2853.2000,2852.8000,2861.6000,2861.8000,2862.0000,2863.0000,2864.6000,1,1,5,1,1,1,2,1,1,1
SF,IH2009,2020-02-17 09:31:43.800,2859.2000,3427,0,29198940.000,0,-,-,-,-,2858.4000,2853.8000,2853.2000,2852.8000,2850.0000,2861.6000,2861.8000,2862.0000,2863.0000,2864.6000,1,5,1,1,1,1,2,1,1,1
SF,IH2009,2020-02-17 09:31:44.300,2859.2000,3427,0,29198940.000,0,-,-,-,-,2859.2000,2858.4000,2853.8000,2853.2000,2852.8000,2861.6000,2861.8000,2862.0000,2863.0000,2864.6000,1,1,5,1,1,1,1,1,1,1
SF,IH2009,2020-02-17 09:31:44.800,2859.2000,3427,0,29198940.000,0,-,-,-,-,2859.2000,2858.4000,2853.8000,2853.2000,2852.8000,2861.6000,2861.8000,2862.0000,2863.0000,2864.6000,1,1,5,1,1,1,1,1,1,1
SF,IH2009,2020-02-17 09:31:45.300,2859.2000,3427,0,29198940.000,0,-,-,-,-,2858.4000,2853.8000,2853.2000,2852.8000,2850.0000,2861.6000,2861.8000,2862.0000,2863.0000,2864.6000,1,5,1,1,1,1,2,1,1,1
SF,IH2009,2020-02-17 09:31:45.800,2859.2000,3427,0,29198940.000,0,-,-,-,-,2858.6000,2858.4000,2853.8000,2853.2000,2852.8000,2861.0000,2861.6000,2861.8000,2862.0000,2863.0000,1,1,5,1,1,1,1,2,1,1
SF,IH2009,2020-02-17 09:31:46.300,2859.2000,3427,0,29198940.000,0,-,-,-,-,2858.6000,2858.4000,2853.8000,2853.2000,2852.8000,2860.8000,2861.0000,2861.8000,2862.0000,2863.0000,1,1,5,1,1,1,2,2,1,1
SF,IH2009,2020-02-17 09:31:47.300,2859.2000,3427,0,29198940.000,0,-,-,-,-,2858.6000,2858.4000,2853.8000,2853.2000,2852.8000,2860.8000,2861.0000,2861.8000,2862.0000,2863.0000,1,1,5,1,1,1,1,2,1,1
SF,IH2009,2020-02-17 09:31:47.800,2859.2000,3427,0,29198940.000,0,-,-,-,-,2858.4000,2853.8000,2853.2000,2852.8000,2850.0000,2860.8000,2861.8000,2862.0000,2863.0000,2864.6000,1,5,1,1,1,1,2,1,1,1
SF,IH2009,2020-02-17 09:31:48.300,2859.2000,3427,0,29198940.000,0,-,-,-,-,2858.8000,2858.4000,2853.8000,2853.2000,2852.8000,2860.8000,2861.8000,2862.0000,2863.0000,2864.6000,1,1,5,1,1,1,2,1,1,1
SF,IH2009,2020-02-17 09:31:49.800,2859.2000,3427,0,29198940.000,0,-,-,-,-,2853.8000,2853.2000,2852.8000,2850.0000,2848.0000,2860.0000,2860.8000,2861.8000,2862.0000,2863.0000,5,1,1,1,1,1,1,2,1,1
SF,IH2009,2020-02-17 09:31:50.300,2859.2000,3427,0,29198940.000,0,-,-,-,-,2858.6000,2857.8000,2856.0000,2854.8000,2854.0000,2860.0000,2860.8000,2861.8000,2862.0000,2863.0000,1,1,2,1,1,1,1,2,1,1
SF,IH2009,2020-02-17 09:31:50.800,2859.2000,3427,0,29198940.000,0,-,-,-,-,2858.6000,2857.8000,2856.0000,2854.8000,2854.0000,2860.8000,2861.8000,2862.0000,2863.0000,2864.6000,1,1,2,1,1,1,2,1,1,1
SF,IH2009,2020-02-17 09:31:51.300,2859.2000,3427,0,29198940.000,0,-,-,-,-,2858.6000,2857.8000,2856.0000,2854.8000,2853.8000,2860.8000,2861.8000,2862.0000,2863.0000,2864.6000,1,1,2,1,5,1,2,1,1,1
SF,IH2009,2020-02-17 09:31:52.300,2858.6000,3427,0,30056520.000,1,0,1,多换,S,2857.8000,2856.0000,2854.8000,2853.8000,2853.6000,2860.8000,2861.8000,2862.0000,2863.0000,2864.6000,1,1,1,5,1,1,1,1,1,1
SF,IH2009,2020-02-17 09:31:52.800,2858.6000,3427,0,30056520.000,0,-,-,-,-,2857.8000,2854.8000,2853.8000,2853.6000,2853.2000,2860.8000,2861.8000,2862.0000,2863.0000,2864.6000,1,1,5,1,1,1,1,1,1,1
SF,IH2009,2020-02-17 09:31:53.300,2858.6000,3427,0,30056520.000,0,-,-,-,-,2857.8000,2854.8000,2853.8000,2853.6000,2853.2000,2860.8000,2861.8000,2862.0000,2863.0000,2864.6000,1,1,5,1,1,1,1,1,1,1
SF,IH2009,2020-02-17 09:31:53.800,2858.6000,3427,0,30056520.000,0,-,-,-,-,2857.8000,2854.8000,2853.8000,2853.6000,2853.2000,2860.8000,2861.8000,2862.0000,2863.0000,2864.6000,1,1,5,1,1,1,1,1,1,1
SF,IH2009,2020-02-17 09:31:54.300,2858.6000,3427,0,30056520.000,0,-,-,-,-,2857.8000,2854.8000,2853.8000,2853.6000,2853.2000,2860.8000,2861.8000,2862.0000,2863.0000,2864.6000,1,1,5,1,1,1,1,1,1,1
SF,IH2009,2020-02-17 09:31:54.800,2858.6000,3427,0,30056520.000,0,-,-,-,-,2857.8000,2854.8000,2853.8000,2853.6000,2853.2000,2860.0000,2860.8000,2861.8000,2862.0000,2863.0000,1,1,5,1,1,1,1,1,1,1
SF,IH2009,2020-02-17 09:31:55.300,2858.6000,3427,0,30056520.000,0,-,-,-,-,2858.0000,2857.8000,2854.8000,2853.8000,2853.6000,2859.8000,2860.0000,2861.8000,2862.0000,2863.0000,1,1,1,5,1,1,3,1,1,1
SF,IH2009,2020-02-17 09:31:55.800,2858.6000,3427,0,30056520.000,0,-,-,-,-,2858.0000,2857.8000,2854.8000,2853.8000,2853.6000,2859.8000,2860.0000,2861.8000,2862.0000,2863.0000,1,1,1,5,1,1,2,1,1,1
SF,IH2009,2020-02-17 09:31:56.300,2858.6000,3427,0,30056520.000,0,-,-,-,-,2857.8000,2854.8000,2853.8000,2853.6000,2853.2000,2859.8000,2860.0000,2861.8000,2862.0000,2863.0000,1,1,5,1,1,1,2,1,1,1
SF,IH2009,2020-02-17 09:31:57.300,2858.6000,3427,0,30056520.000,0,-,-,-,-,2857.8000,2854.8000,2853.8000,2853.6000,2853.2000,2859.8000,2860.0000,2861.8000,2862.0000,2863.0000,1,1,5,1,1,2,2,1,1,1
SF,IH2009,2020-02-17 09:31:58.300,2858.6000,3427,0,30056520.000,0,-,-,-,-,2857.8000,2854.8000,2853.8000,2853.6000,2853.2000,2859.8000,2860.0000,2861.8000,2862.0000,2863.0000,1,1,5,1,1,1,2,1,1,1
SF,IH2009,2020-02-17 09:32:00.800,2858.6000,3427,0,30056520.000,0,-,-,-,-,2854.8000,2853.8000,2853.6000,2853.2000,2852.8000,2859.8000,2860.0000,2861.8000,2862.0000,2863.0000,1,5,1,1,1,1,2,1,1,1
SF,IH2009,2020-02-17 09:32:01.300,2858.6000,3427,0,30056520.000,0,-,-,-,-,2857.4000,2855.0000,2854.8000,2853.8000,2853.6000,2860.0000,2861.8000,2862.0000,2863.0000,2864.6000,1,2,1,5,1,2,1,1,1,1
SF,IH2009,2020-02-17 09:32:01.800,2858.6000,3427,0,30056520.000,0,-,-,-,-,2857.4000,2855.0000,2854.8000,2853.8000,2853.6000,2859.8000,2860.0000,2861.8000,2862.0000,2863.0000,1,2,1,5,1,1,2,1,1,1
SF,IH2009,2020-02-17 09:32:02.300,2858.6000,3427,0,30056520.000,0,-,-,-,-,2857.6000,2857.4000,2856.0000,2855.0000,2854.8000,2859.8000,2860.0000,2861.8000,2862.0000,2863.0000,1,1,1,2,1,1,1,1,1,1
SF,IH2009,2020-02-17 09:32:02.800,2858.6000,3427,0,30056520.000,0,-,-,-,-,2857.6000,2857.4000,2856.0000,2855.0000,2854.8000,2859.8000,2860.0000,2861.8000,2862.0000,2863.0000,1,1,1,2,1,1,1,1,1,1
SF,IH2009,2020-02-17 09:32:03.300,2858.6000,3427,0,30056520.000,0,-,-,-,-,2857.8000,2857.6000,2857.4000,2856.0000,2855.0000,2860.0000,2861.8000,2862.0000,2863.0000,2864.6000,1,1,1,1,1,1,1,1,1,1
SF,IH2009,2020-02-17 09:32:03.800,2858.6000,3427,0,30056520.000,0,-,-,-,-,2858.0000,2857.8000,2857.6000,2857.4000,2856.0000,2860.0000,2861.8000,2862.0000,2863.0000,2864.6000,1,1,1,1,1,1,1,1,1,1
SF,IH2009,2020-02-17 09:32:04.300,2858.6000,3427,0,30056520.000,0,-,-,-,-,2858.0000,2857.8000,2857.6000,2857.4000,2856.0000,2860.0000,2861.8000,2862.0000,2863.0000,2864.6000,2,1,1,1,1,1,1,1,1,1
SF,IH2009,2020-02-17 09:32:04.800,2858.6000,3427,0,30056520.000,0,-,-,-,-,2858.0000,2857.8000,2857.6000,2857.4000,2856.0000,2860.0000,2861.8000,2862.0000,2863.0000,2864.6000,2,1,1,1,1,1,1,1,1,1
SF,IH2009,2020-02-17 09:32:05.300,2858.6000,3427,0,30056520.000,0,-,-,-,-,2858.0000,2857.8000,2857.6000,2857.4000,2856.0000,2860.0000,2861.8000,2862.0000,2863.0000,2864.6000,2,1,1,1,1,1,1,1,1,1
SF,IH2009,2020-02-17 09:32:05.800,2858.6000,3427,0,30056520.000,0,-,-,-,-,2858.0000,2857.8000,2857.6000,2857.4000,2856.0000,2860.0000,2861.8000,2862.0000,2863.0000,2864.6000,2,1,1,1,1,1,1,1,1,1
SF,IH2009,2020-02-17 09:32:06.300,2858.6000,3427,0,30056520.000,0,-,-,-,-,2858.0000,2857.8000,2857.6000,2857.4000,2856.0000,2860.0000,2861.8000,2862.0000,2863.0000,2864.6000,2,1,1,1,1,1,1,1,1,1
SF,IH2009,2020-02-17 09:32:06.800,2858.6000,3427,0,30056520.000,0,-,-,-,-,2858.0000,2857.4000,2856.0000,2854.8000,2853.8000,2860.0000,2861.8000,2862.0000,2863.0000,2864.6000,2,1,1,1,5,1,1,1,1,1
SF,IH2009,2020-02-17 09:32:07.300,2858.6000,3427,0,30056520.000,0,-,-,-,-,2858.0000,2857.4000,2856.0000,2854.8000,2853.8000,2860.0000,2861.8000,2862.0000,2864.6000,2864.8000,2,1,1,1,5,1,1,1,1,2
SF,IH2009,2020-02-17 09:32:07.800,2858.6000,3427,0,30056520.000,0,-,-,-,-,2857.4000,2856.0000,2854.8000,2853.8000,2853.6000,2859.8000,2860.0000,2861.8000,2862.0000,2864.6000,1,1,1,5,1,1,1,1,1,1
SF,IH2009,2020-02-17 09:32:08.300,2858.6000,3427,0,30056520.000,0,-,-,-,-,2857.4000,2856.0000,2854.8000,2853.8000,2853.6000,2859.8000,2860.0000,2861.8000,2862.0000,2864.6000,1,1,1,5,1,1,1,1,1,1
SF,IH2009,2020-02-17 09:32:08.800,2858.6000,3427,0,30056520.000,0,-,-,-,-,2857.6000,2857.4000,2856.0000,2854.8000,2853.8000,2859.8000,2860.0000,2861.8000,2862.0000,2864.6000,2,1,1,1,5,1,1,1,1,1
SF,IH2009,2020-02-17 09:32:09.300,2858.6000,3427,0,30056520.000,0,-,-,-,-,2857.8000,2857.6000,2857.4000,2856.0000,2854.8000,2859.8000,2860.0000,2861.8000,2862.0000,2864.6000,1,2,1,1,1,1,1,1,1,1
SF,IH2009,2020-02-17 09:32:09.800,2859.8000,3426,-1,30914460.000,1,0,1,双平,S,2859.8000,2857.8000,2857.4000,2856.0000,2854.8000,2860.0000,2861.8000,2862.0000,2864.6000,2864.8000,3,1,1,1,1,1,1,1,1,2
SF,IH2009,2020-02-17 09:32:10.300,2859.8000,3423,-3,33488280.000,3,0,3,双平,S,2858.0000,2857.8000,2857.4000,2856.0000,2854.8000,2860.0000,2861.8000,2862.0000,2864.6000,2864.8000,1,1,1,1,1,1,1,1,1,2
SF,IH2009,2020-02-17 09:32:10.800,2859.8000,3423,0,33488280.000,0,-,-,-,-,2858.0000,2857.8000,2857.4000,2856.0000,2854.8000,2861.8000,2862.0000,2864.6000,2864.8000,2865.0000,1,1,1,1,1,1,1,1,2,1
SF,IH2009,2020-02-17 09:32:11.300,2859.8000,3423,0,33488280.000,0,-,-,-,-,2857.8000,2857.4000,2856.0000,2854.8000,2853.8000,2859.4000,2861.6000,2861.8000,2862.0000,2864.6000,1,1,1,1,5,1,1,1,1,1
SF,IH2009,2020-02-17 09:32:11.800,2859.8000,3423,0,33488280.000,0,-,-,-,-,2858.2000,2858.0000,2857.8000,2857.4000,2856.0000,2859.4000,2861.6000,2861.8000,2862.0000,2864.6000,1,1,1,1,1,1,1,1,1,1
SF,IH2009,2020-02-17 09:32:12.300,2859.8000,3423,0,33488280.000,0,-,-,-,-,2858.2000,2858.0000,2857.8000,2857.4000,2856.0000,2859.4000,2860.8000,2861.6000,2861.8000,2862.0000,1,1,1,1,1,1,1,1,1,1
SF,IH2009,2020-02-17 09:32:12.800,2858.4000,3422,-1,35203620.000,2,0,2,多平,S,2858.4000,2858.2000,2857.8000,2857.4000,2856.0000,2860.8000,2861.6000,2861.8000,2862.0000,2864.6000,1,1,1,1,1,1,1,1,1,1
SF,IH2009,2020-02-17 09:32:13.300,2858.4000,3422,0,35203620.000,0,-,-,-,-,2858.4000,2857.8000,2857.4000,2856.0000,2854.8000,2860.0000,2861.6000,2861.8000,2862.0000,2864.6000,1,1,1,1,1,1,1,1,1,1
SF,IH2009,2020-02-17 09:32:13.800,2858.4000,3422,0,35203620.000,0,-,-,-,-,2858.6000,2858.4000,2857.4000,2856.0000,2854.8000,2860.0000,2861.6000,2861.8000,2862.0000,2864.6000,2,1,1,1,1,1,1,1,1,1
SF,IH2009,2020-02-17 09:32:14.300,2858.4000,3422,0,35203620.000,0,-,-,-,-,2858.6000,2858.4000,2857.4000,2856.0000,2854.8000,2860.0000,2861.6000,2861.8000,2862.0000,2864.6000,2,1,1,1,1,1,1,1,1,1
SF,IH2009,2020-02-17 09:32:14.800,2858.4000,3422,0,35203620.000,0,-,-,-,-,2858.8000,2858.6000,2857.4000,2856.0000,2854.8000,2860.0000,2861.6000,2861.8000,2862.0000,2864.6000,1,2,1,1,1,1,1,1,1,1
SF,IH2009,2020-02-17 09:32:15.300,2858.4000,3422,0,35203620.000,0,-,-,-,-,2858.8000,2858.6000,2857.4000,2856.0000,2854.8000,2860.0000,2861.6000,2861.8000,2862.0000,2864.6000,1,1,1,1,1,1,1,1,1,1
SF,IH2009,2020-02-17 09:32:15.800,2858.4000,3422,0,36061140.000,1,0,1,多换,S,2858.6000,2857.4000,2856.0000,2854.8000,2853.8000,2860.0000,2861.6000,2861.8000,2862.0000,2864.6000,1,1,1,1,5,1,1,1,1,1
SF,IH2009,2020-02-17 09:32:16.300,2858.4000,3422,0,36061140.000,0,-,-,-,-,2858.6000,2857.4000,2856.0000,2854.8000,2853.8000,2860.0000,2861.4000,2861.6000,2861.8000,2862.0000,1,1,1,1,5,1,1,1,1,1
SF,IH2009,2020-02-17 09:32:16.800,2858.4000,3422,0,36061140.000,0,-,-,-,-,2858.8000,2858.6000,2857.4000,2856.0000,2854.8000,2860.0000,2861.4000,2861.6000,2861.8000,2862.0000,1,1,1,1,1,1,1,1,1,1
SF,IH2009,2020-02-17 09:32:19.300,2858.4000,3422,0,36061140.000,0,-,-,-,-,2858.8000,2858.6000,2856.0000,2854.8000,2853.8000,2861.4000,2861.6000,2861.8000,2862.0000,2864.8000,1,1,1,1,5,1,1,1,1,2
SF,IH2009,2020-02-17 09:32:19.800,2858.4000,3422,0,36061140.000,0,-,-,-,-,2858.4000,2856.0000,2854.8000,2853.8000,2853.6000,2861.2000,2861.4000,2861.8000,2862.0000,2864.8000,1,1,1,5,1,1,1,1,1,2
SF,IH2009,2020-02-17 09:32:20.300,2858.4000,3422,0,36061140.000,0,-,-,-,-,2858.6000,2858.4000,2856.0000,2854.8000,2853.8000,2861.2000,2861.4000,2861.8000,2862.0000,2864.8000,1,1,1,1,5,1,1,1,1,2
SF,IH2009,2020-02-17 09:32:21.300,2858.4000,3422,0,36061140.000,0,-,-,-,-,2858.6000,2858.4000,2856.0000,2854.8000,2853.8000,2860.8000,2861.2000,2861.4000,2861.8000,2862.0000,1,1,1,1,5,1,1,1,1,1
SF,IH2009,2020-02-17 09:32:22.300,2858.4000,3422,0,36061140.000,0,-,-,-,-,2858.8000,2858.6000,2858.4000,2856.0000,2854.8000,2860.8000,2861.2000,2861.4000,2861.8000,2862.0000,1,1,1,1,1,1,1,1,1,1
SF,IH2009,2020-02-17 09:32:22.800,2858.4000,3422,0,36061140.000,0,-,-,-,-,2858.8000,2858.4000,2856.0000,2854.8000,2853.8000,2860.6000,2860.8000,2861.4000,2861.8000,2862.0000,1,1,1,1,5,1,1,1,1,1
SF,IH2009,2020-02-17 09:32:23.300,2858.4000,3422,0,36061140.000,0,-,-,-,-,2859.0000,2858.4000,2856.0000,2854.8000,2853.8000,2860.6000,2860.8000,2861.4000,2861.8000,2862.0000,1,1,1,1,5,1,1,1,1,1
SF,IH2009,2020-02-17 09:32:24.300,2858.4000,3422,0,36061140.000,0,-,-,-,-,2859.0000,2858.4000,2856.0000,2854.8000,2853.8000,2860.6000,2861.4000,2861.8000,2862.0000,2864.8000,1,1,1,1,5,1,1,1,1,2
SF,IH2009,2020-02-17 09:32:24.800,2858.4000,3422,0,36061140.000,0,-,-,-,-,2859.0000,2858.4000,2856.0000,2854.8000,2853.8000,2861.4000,2861.8000,2862.0000,2864.8000,2865.0000,1,1,1,1,5,1,1,1,2,1
SF,IH2009,2020-02-17 09:32:25.300,2858.4000,3422,0,36061140.000,0,-,-,-,-,2858.4000,2856.0000,2854.8000,2853.8000,2853.6000,2861.2000,2861.4000,2861.8000,2862.0000,2864.8000,1,1,1,5,1,1,1,1,1,2
SF,IH2009,2020-02-17 09:32:25.800,2858.4000,3422,0,36061140.000,0,-,-,-,-,2859.2000,2858.6000,2858.4000,2856.0000,2854.8000,2861.2000,2861.4000,2861.8000,2862.0000,2864.8000,1,1,1,1,1,1,1,1,1,2
SF,IH2009,2020-02-17 09:32:26.300,2858.4000,3422,0,36061140.000,0,-,-,-,-,2859.2000,2858.4000,2856.0000,2854.8000,2853.8000,2861.2000,2861.4000,2861.8000,2862.0000,2864.8000,1,1,1,1,5,1,1,1,1,2
SF,IH2009,2020-02-17 09:32:26.800,2858.4000,3422,0,36061140.000,0,-,-,-,-,2858.4000,2856.0000,2854.8000,2853.8000,2853.6000,2861.2000,2861.4000,2861.8000,2862.0000,2864.8000,1,1,1,5,1,1,1,1,1,2
SF,IH2009,2020-02-17 09:32:27.300,2858.4000,3422,0,36061140.000,0,-,-,-,-,2858.4000,2856.0000,2854.8000,2853.8000,2853.6000,2859.2000,2861.2000,2861.4000,2861.8000,2862.0000,1,1,1,5,1,1,1,1,1,1
SF,IH2009,2020-02-17 09:32:27.800,2859.2000,3422,0,37776420.000,2,1,1,多换,S,2858.6000,2858.4000,2856.0000,2854.8000,2853.8000,2861.4000,2861.8000,2862.0000,2864.8000,2865.0000,1,1,1,1,5,1,1,1,2,1
SF,IH2009,2020-02-17 09:32:28.300,2859.2000,3422,0,37776420.000,0,-,-,-,-,2858.6000,2858.4000,2856.0000,2854.8000,2853.8000,2861.2000,2861.4000,2861.8000,2862.0000,2864.8000,1,1,1,1,5,1,1,1,1,2
SF,IH2009,2020-02-17 09:32:28.800,2859.2000,3422,0,37776420.000,0,-,-,-,-,2858.6000,2858.4000,2856.0000,2854.8000,2853.8000,2861.0000,2861.2000,2861.4000,2862.0000,2864.8000,1,1,1,1,5,2,2,1,1,2
SF,IH2009,2020-02-17 09:32:29.300,2859.2000,3422,0,37776420.000,0,-,-,-,-,2858.6000,2858.4000,2856.0000,2854.8000,2853.8000,2860.8000,2861.0000,2861.2000,2861.4000,2862.0000,1,1,1,1,5,1,1,1,1,1
SF,IH2009,2020-02-17 09:32:29.800,2859.2000,3422,0,37776420.000,0,-,-,-,-,2858.6000,2858.4000,2856.0000,2854.8000,2853.8000,2860.8000,2861.4000,2862.0000,2864.8000,2865.0000,1,1,1,1,5,2,1,1,2,1
SF,IH2009,2020-02-17 09:32:31.300,2859.2000,3422,0,37776420.000,0,-,-,-,-,2858.8000,2858.6000,2858.4000,2856.0000,2854.8000,2860.8000,2861.4000,2862.0000,2864.8000,2865.0000,1,1,1,1,1,1,1,1,2,1
SF,IH2009,2020-02-17 09:32:31.800,2859.2000,3422,0,37776420.000,0,-,-,-,-,2858.8000,2858.6000,2858.4000,2856.0000,2854.8000,2860.8000,2861.4000,2862.0000,2864.8000,2865.0000,1,1,1,1,1,1,1,1,2,1
SF,IH2009,2020-02-17 09:32:33.300,2859.2000,3422,0,37776420.000,0,-,-,-,-,2858.6000,2858.4000,2856.0000,2854.8000,2853.8000,2860.6000,2860.8000,2861.4000,2862.0000,2864.8000,1,1,1,1,5,1,1,1,1,2
SF,IH2009,2020-02-17 09:32:34.300,2859.2000,3422,0,37776420.000,0,-,-,-,-,2858.8000,2858.6000,2858.4000,2856.0000,2854.8000,2860.8000,2861.4000,2862.0000,2864.8000,2865.0000,1,1,1,1,1,1,1,1,2,1
SF,IH2009,2020-02-17 09:32:35.300,2859.2000,3422,0,37776420.000,0,-,-,-,-,2858.8000,2858.4000,2856.0000,2854.8000,2853.8000,2860.8000,2861.4000,2862.0000,2864.8000,2865.0000,1,1,1,1,5,1,1,1,2,1
SF,IH2009,2020-02-17 09:32:35.800,2859.2000,3422,0,37776420.000,0,-,-,-,-,2858.4000,2856.0000,2854.8000,2853.8000,2853.6000,2860.6000,2860.8000,2861.4000,2862.0000,2864.8000,1,1,1,5,1,2,1,1,1,2
SF,IH2009,2020-02-17 09:32:36.300,2859.2000,3422,0,37776420.000,0,-,-,-,-,2858.4000,2856.0000,2854.8000,2853.8000,2853.6000,2860.4000,2860.6000,2861.4000,2862.0000,2864.8000,1,1,1,5,1,1,2,1,1,2
SF,IH2009,2020-02-17 09:32:36.800,2859.2000,3422,0,37776420.000,0,-,-,-,-,2858.4000,2856.0000,2854.8000,2853.8000,2853.6000,2860.2000,2860.4000,2860.6000,2861.4000,2862.0000,1,1,1,5,1,1,1,2,1,1
SF,IH2009,2020-02-17 09:32:37.300,2859.2000,3422,0,37776420.000,0,-,-,-,-,2858.4000,2856.0000,2854.8000,2853.8000,2853.6000,2860.0000,2860.2000,2860.6000,2861.4000,2862.0000,1,1,1,5,1,1,1,2,1,1
SF,IH2009,2020-02-17 09:32:38.300,2859.2000,3422,0,37776420.000,0,-,-,-,-,2858.4000,2856.0000,2854.8000,2853.8000,2853.6000,2859.8000,2860.0000,2860.2000,2860.6000,2861.4000,1,1,1,5,1,1,1,1,2,1
SF,IH2009,2020-02-17 09:32:38.800,2859.2000,3422,0,37776420.000,0,-,-,-,-,2858.4000,2856.0000,2854.8000,2853.8000,2853.6000,2859.6000,2859.8000,2860.2000,2860.6000,2861.4000,1,1,1,5,1,1,1,1,2,1
SF,IH2009,2020-02-17 09:32:44.300,2859.2000,3422,0,37776420.000,0,-,-,-,-,2858.0000,2856.0000,2854.8000,2853.8000,2853.6000,2859.6000,2859.8000,2860.2000,2860.6000,2861.4000,1,1,1,5,1,1,1,1,2,1
SF,IH2009,2020-02-17 09:32:44.800,2859.2000,3422,0,37776420.000,0,-,-,-,-,2858.0000,2856.0000,2854.8000,2853.8000,2853.6000,2859.4000,2859.6000,2859.8000,2860.2000,2860.6000,1,1,1,5,1,1,1,1,1,2
SF,IH2009,2020-02-17 09:32:45.800,2859.2000,3422,0,37776420.000,0,-,-,-,-,2858.0000,2856.0000,2854.8000,2853.8000,2853.6000,2859.4000,2859.6000,2859.8000,2860.2000,2860.6000,2,1,1,5,1,1,1,1,1,2
SF,IH2009,2020-02-17 09:32:46.300,2859.2000,3422,0,37776420.000,0,-,-,-,-,2858.0000,2856.0000,2854.8000,2853.8000,2853.6000,2859.4000,2859.8000,2860.2000,2860.6000,2861.4000,2,1,1,5,1,1,1,1,1,1
SF,IH2009,2020-02-17 09:32:47.300,2859.2000,3422,0,37776420.000,0,-,-,-,-,2858.0000,2856.0000,2854.8000,2853.8000,2853.6000,2859.4000,2859.8000,2860.2000,2860.6000,2861.4000,2,1,1,5,1,1,1,1,1,1
SF,IH2009,2020-02-17 09:32:53.800,2859.2000,3422,0,37776420.000,0,-,-,-,-,2858.0000,2856.0000,2854.8000,2853.8000,2853.6000,2859.4000,2859.8000,2860.2000,2861.4000,2862.0000,2,1,1,5,1,1,1,1,1,1
SF,IH2009,2020-02-17 09:32:58.300,2859.4000,3423,1,38634240.000,1,1,0,双开,S,2858.0000,2856.0000,2854.8000,2853.8000,2853.6000,2859.8000,2860.2000,2861.4000,2862.0000,2864.8000,2,1,1,5,1,1,1,1,1,2
SF,IH2009,2020-02-17 09:32:58.800,2859.4000,3423,0,38634240.000,0,-,-,-,-,2858.2000,2858.0000,2856.0000,2854.8000,2853.8000,2859.8000,2861.4000,2862.0000,2864.8000,2865.0000,1,2,1,1,5,1,1,1,2,1
SF,IH2009,2020-02-17 09:32:59.300,2859.4000,3423,0,38634240.000,0,-,-,-,-,2858.4000,2858.2000,2858.0000,2856.0000,2854.8000,2861.4000,2862.0000,2864.8000,2865.0000,2865.2000,4,1,2,1,1,1,1,2,1,1
SF,IH2009,2020-02-17 09:32:59.800,2859.4000,3423,0,38634240.000,0,-,-,-,-,2858.2000,2858.0000,2856.0000,2854.8000,2853.8000,2861.2000,2861.4000,2862.0000,2864.8000,2865.0000,1,1,1,1,5,1,1,1,2,1
SF,IH2009,2020-02-17 09:33:00.300,2859.4000,3423,0,38634240.000,0,-,-,-,-,2858.6000,2858.4000,2858.2000,2858.0000,2856.0000,2861.2000,2861.4000,2862.0000,2864.8000,2865.0000,1,2,1,1,1,1,1,1,2,1
SF,IH2009,2020-02-17 09:33:00.800,2859.4000,3423,0,38634240.000,0,-,-,-,-,2858.8000,2858.6000,2858.4000,2858.2000,2858.0000,2861.4000,2862.0000,2864.8000,2865.0000,2865.2000,1,1,1,1,1,1,1,2,1,1
SF,IH2009,2020-02-17 09:33:01.300,2859.4000,3423,0,38634240.000,0,-,-,-,-,2859.4000,2859.0000,2858.8000,2858.6000,2858.4000,2861.4000,2862.0000,2864.8000,2865.0000,2865.2000,1,1,1,1,1,1,1,2,1,1
SF,IH2009,2020-02-17 09:33:01.800,2859.4000,3423,0,38634240.000,0,-,-,-,-,2859.6000,2859.4000,2859.0000,2858.6000,2858.4000,2861.4000,2862.0000,2864.8000,2865.0000,2865.2000,1,1,1,1,1,1,1,2,1,1
SF,IH2009,2020-02-17 09:33:02.300,2859.4000,3423,0,38634240.000,0,-,-,-,-,2859.6000,2859.4000,2859.0000,2858.4000,2858.0000,2861.4000,2862.0000,2864.8000,2865.0000,2865.2000,1,1,1,1,1,1,1,2,1,1
SF,IH2009,2020-02-17 09:33:02.800,2859.4000,3423,0,38634240.000,0,-,-,-,-,2859.8000,2859.4000,2858.4000,2858.0000,2856.0000,2861.4000,2862.0000,2864.8000,2865.0000,2865.2000,1,1,1,1,1,1,1,2,1,1
SF,IH2009,2020-02-17 09:33:03.300,2859.4000,3423,0,38634240.000,0,-,-,-,-,2859.8000,2858.4000,2858.0000,2856.0000,2854.8000,2861.4000,2862.0000,2864.8000,2865.0000,2865.2000,1,1,1,1,1,1,1,2,1,1
SF,IH2009,2020-02-17 09:33:03.800,2859.4000,3423,0,38634240.000,0,-,-,-,-,2859.8000,2858.4000,2858.0000,2856.0000,2854.8000,2861.4000,2862.0000,2864.8000,2865.0000,2865.2000,2,1,1,1,1,1,1,2,1,1
SF,IH2009,2020-02-17 09:33:04.300,2859.4000,3423,0,38634240.000,0,-,-,-,-,2860.0000,2859.8000,2858.4000,2858.0000,2856.0000,2861.4000,2862.0000,2864.8000,2865.0000,2865.2000,1,2,1,1,1,1,1,2,1,1
SF,IH2009,2020-02-17 09:33:04.800,2859.4000,3423,0,38634240.000,0,-,-,-,-,2860.2000,2860.0000,2859.8000,2858.4000,2858.0000,2861.4000,2862.0000,2864.8000,2865.0000,2865.2000,1,1,1,1,1,1,1,2,1,1
SF,IH2009,2020-02-17 09:33:05.300,2859.4000,3423,0,38634240.000,0,-,-,-,-,2860.6000,2860.2000,2860.0000,2859.8000,2858.4000,2861.4000,2862.0000,2864.8000,2865.0000,2865.2000,1,1,1,1,1,1,1,2,1,1
SF,IH2009,2020-02-17 09:33:05.800,2861.4000,3422,-1,39492660.000,1,0,1,双平,S,2860.6000,2860.2000,2860.0000,2859.8000,2858.4000,2862.0000,2864.8000,2865.0000,2865.2000,2866.0000,1,1,1,1,1,1,2,1,1,1
SF,IH2009,2020-02-17 09:33:06.300,2861.4000,3422,0,39492660.000,0,-,-,-,-,2860.8000,2860.6000,2860.2000,2859.8000,2858.4000,2862.0000,2864.8000,2865.0000,2865.2000,2866.0000,2,1,1,1,1,1,2,1,1,1
SF,IH2009,2020-02-17 09:33:06.800,2861.4000,3422,0,39492660.000,0,-,-,-,-,2860.8000,2860.2000,2858.4000,2858.0000,2856.0000,2862.0000,2864.8000,2865.0000,2865.2000,2866.0000,2,1,1,1,1,1,2,1,1,1
SF,IH2009,2020-02-17 09:33:07.300,2861.4000,3422,0,39492660.000,0,-,-,-,-,2861.4000,2860.8000,2858.4000,2858.0000,2856.0000,2862.0000,2864.8000,2865.0000,2865.2000,2866.0000,1,2,1,1,1,1,2,1,1,1
SF,IH2009,2020-02-17 09:33:07.800,2861.4000,3422,0,39492660.000,0,-,-,-,-,2861.4000,2861.0000,2860.8000,2858.0000,2856.0000,2862.0000,2864.8000,2865.0000,2865.2000,2866.0000,1,1,2,1,1,1,2,1,1,1
SF,IH2009,2020-02-17 09:33:08.300,2861.4000,3422,0,39492660.000,0,-,-,-,-,2861.4000,2861.0000,2860.8000,2858.0000,2856.0000,2862.0000,2864.8000,2865.0000,2866.0000,2866.6000,1,1,1,1,1,1,2,1,1,1
SF,IH2009,2020-02-17 09:33:08.800,2861.4000,3422,0,39492660.000,0,-,-,-,-,2861.4000,2861.0000,2860.8000,2858.0000,2856.0000,2862.0000,2864.8000,2865.0000,2866.0000,2866.6000,1,1,1,1,1,1,2,1,1,1
SF,IH2009,2020-02-17 09:33:09.300,2861.4000,3422,0,39492660.000,0,-,-,-,-,2861.4000,2861.0000,2860.8000,2858.0000,2856.0000,2862.0000,2864.8000,2865.0000,2866.0000,2866.6000,1,1,1,1,1,1,2,1,1,1
SF,IH2009,2020-02-17 09:33:09.800,2861.4000,3422,0,39492660.000,0,-,-,-,-,2861.4000,2861.0000,2860.8000,2858.0000,2856.0000,2862.0000,2864.8000,2865.0000,2866.0000,2866.6000,1,1,1,1,1,1,2,1,1,1
SF,IH2009,2020-02-17 09:33:10.300,2861.4000,3422,0,39492660.000,0,-,-,-,-,2861.4000,2861.0000,2858.0000,2856.0000,2853.8000,2862.0000,2864.8000,2865.0000,2866.0000,2866.6000,1,1,1,1,5,1,2,1,1,1
SF,IH2009,2020-02-17 09:33:10.800,2861.4000,3422,0,39492660.000,0,-,-,-,-,2861.4000,2861.0000,2858.0000,2856.0000,2853.8000,2862.0000,2864.8000,2865.0000,2866.0000,2866.6000,1,1,1,1,5,1,2,1,1,1
SF,IH2009,2020-02-17 09:33:11.300,2861.4000,3422,0,39492660.000,0,-,-,-,-,2861.4000,2861.0000,2858.0000,2856.0000,2853.8000,2862.0000,2864.8000,2865.0000,2866.0000,2866.6000,1,1,1,1,5,1,2,1,1,1
SF,IH2009,2020-02-17 09:33:11.800,2862.0000,3421,-1,40351260.000,1,0,1,双平,S,2861.4000,2861.0000,2858.0000,2856.0000,2853.8000,2864.8000,2865.0000,2866.0000,2866.6000,2866.8000,1,1,1,1,5,2,1,1,1,1
SF,IH2009,2020-02-17 09:33:12.300,2862.0000,3421,0,40351260.000,0,-,-,-,-,2861.4000,2861.0000,2858.0000,2856.0000,2853.8000,2864.6000,2864.8000,2865.0000,2866.0000,2866.6000,1,1,1,1,5,1,2,1,1,1
SF,IH2009,2020-02-17 09:33:12.800,2862.0000,3421,0,40351260.000,0,-,-,-,-,2861.6000,2861.4000,2858.0000,2856.0000,2853.8000,2864.6000,2864.8000,2865.0000,2866.0000,2866.6000,1,1,1,1,5,1,2,1,1,2
SF,IH2009,2020-02-17 09:33:13.800,2862.0000,3421,0,40351260.000,0,-,-,-,-,2861.6000,2858.0000,2856.0000,2853.8000,2853.6000,2864.4000,2864.6000,2864.8000,2865.0000,2866.0000,1,2,1,5,1,1,1,2,1,1
SF,IH2009,2020-02-17 09:33:14.300,2862.0000,3421,0,40351260.000,0,-,-,-,-,2862.0000,2861.6000,2858.0000,2856.0000,2853.8000,2864.2000,2864.4000,2864.8000,2865.0000,2866.0000,1,1,2,1,5,1,1,2,1,1
SF,IH2009,2020-02-17 09:33:19.800,2862.0000,3421,0,40351260.000,0,-,-,-,-,2862.0000,2861.6000,2858.0000,2856.0000,2853.8000,2864.2000,2864.8000,2865.0000,2866.0000,2866.6000,1,1,2,1,5,1,2,1,1,2
SF,IH2009,2020-02-17 09:33:20.300,2862.0000,3421,0,40351260.000,0,-,-,-,-,2862.2000,2862.0000,2861.6000,2858.0000,2856.0000,2864.2000,2864.8000,2865.0000,2866.0000,2866.6000,1,1,1,2,1,1,2,1,1,2
SF,IH2009,2020-02-17 09:33:21.800,2862.0000,3421,0,40351260.000,0,-,-,-,-,2861.6000,2858.0000,2856.0000,2853.8000,2853.6000,2864.2000,2864.8000,2865.0000,2866.0000,2866.6000,1,2,1,5,1,1,2,1,1,2
SF,IH2009,2020-02-17 09:33:22.300,2862.0000,3421,0,40351260.000,0,-,-,-,-,2862.2000,2861.6000,2858.0000,2856.0000,2853.8000,2864.2000,2864.8000,2865.0000,2866.0000,2866.6000,1,1,2,1,5,1,2,1,1,2
SF,IH2009,2020-02-17 09:33:23.800,2862.0000,3421,0,40351260.000,0,-,-,-,-,2861.6000,2858.0000,2856.0000,2853.8000,2853.6000,2864.2000,2864.8000,2865.0000,2866.0000,2866.6000,1,2,1,5,1,1,2,1,1,2
SF,IH2009,2020-02-17 09:33:27.300,2862.0000,3421,0,40351260.000,0,-,-,-,-,2861.8000,2861.6000,2858.0000,2856.0000,2853.8000,2864.2000,2864.8000,2865.0000,2866.0000,2866.6000,1,1,2,1,5,1,2,1,1,2
SF,IH2009,2020-02-17 09:33:27.800,2862.0000,3421,0,40351260.000,0,-,-,-,-,2862.0000,2861.8000,2858.0000,2856.0000,2853.8000,2864.2000,2864.8000,2865.0000,2866.0000,2866.6000,2,2,2,1,5,1,2,1,1,2
SF,IH2009,2020-02-17 09:33:28.300,2862.0000,3421,0,40351260.000,0,-,-,-,-,2862.2000,2862.0000,2861.8000,2858.0000,2856.0000,2864.8000,2865.0000,2866.0000,2866.6000,2866.8000,1,2,1,2,1,2,1,1,2,1
SF,IH2009,2020-02-17 09:33:28.800,2862.0000,3421,0,40351260.000,0,-,-,-,-,2862.2000,2862.0000,2858.0000,2856.0000,2853.8000,2864.6000,2864.8000,2865.0000,2866.0000,2866.6000,1,2,2,1,5,1,2,1,1,2
SF,IH2009,2020-02-17 09:33:29.300,2862.0000,3421,0,40351260.000,0,-,-,-,-,2862.4000,2862.2000,2862.0000,2858.0000,2856.0000,2864.6000,2864.8000,2865.0000,2866.0000,2866.6000,1,2,2,2,1,1,2,1,1,2
SF,IH2009,2020-02-17 09:33:29.800,2862.0000,3421,0,40351260.000,0,-,-,-,-,2862.6000,2862.4000,2858.0000,2856.0000,2853.8000,2864.8000,2865.0000,2866.0000,2866.6000,2866.8000,1,2,2,1,5,2,1,1,2,1
SF,IH2009,2020-02-17 09:33:30.300,2862.0000,3421,0,40351260.000,0,-,-,-,-,2862.8000,2862.4000,2858.0000,2856.0000,2853.8000,2864.6000,2864.8000,2865.0000,2866.0000,2866.6000,1,1,2,1,5,1,2,1,1,2
SF,IH2009,2020-02-17 09:33:30.800,2862.0000,3421,0,40351260.000,0,-,-,-,-,2862.8000,2858.0000,2856.0000,2853.8000,2853.2000,2864.6000,2864.8000,2865.0000,2866.0000,2866.6000,3,2,1,5,1,1,2,1,1,2
SF,IH2009,2020-02-17 09:33:31.300,2862.0000,3421,0,40351260.000,0,-,-,-,-,2863.0000,2858.0000,2856.0000,2853.8000,2853.2000,2864.6000,2864.8000,2865.0000,2866.0000,2866.6000,1,2,1,5,1,1,2,1,1,2
SF,IH2009,2020-02-17 09:33:32.300,2862.0000,3421,0,40351260.000,0,-,-,-,-,2863.2000,2863.0000,2862.0000,2858.0000,2856.0000,2864.6000,2864.8000,2865.0000,2866.0000,2866.6000,1,1,1,2,1,1,2,1,1,2
SF,IH2009,2020-02-17 09:33:32.800,2862.0000,3421,0,40351260.000,0,-,-,-,-,2863.2000,2863.0000,2862.0000,2858.0000,2856.0000,2864.6000,2864.8000,2865.0000,2866.0000,2866.6000,1,2,1,2,1,1,2,1,1,2
SF,IH2009,2020-02-17 09:33:33.300,2862.0000,3421,0,40351260.000,0,-,-,-,-,2863.2000,2863.0000,2862.0000,2861.4000,2858.0000,2864.8000,2865.0000,2866.0000,2866.6000,2866.8000,1,1,1,5,2,2,1,1,2,1
SF,IH2009,2020-02-17 09:33:33.800,2862.0000,3421,0,40351260.000,0,-,-,-,-,2863.4000,2863.2000,2863.0000,2862.0000,2861.4000,2864.8000,2865.0000,2866.0000,2866.6000,2866.8000,1,2,1,1,5,2,1,1,2,1
SF,IH2009,2020-02-17 09:33:34.300,2865.0000,3418,-3,42929640.000,3,0,3,双平,S,2863.6000,2863.4000,2863.2000,2863.0000,2862.0000,2866.0000,2866.6000,2866.8000,2867.4000,2867.6000,1,1,1,1,1,1,2,1,1,1
SF,IH2009,2020-02-17 09:33:34.800,2866.0000,3417,-1,43789440.000,1,0,1,双平,S,2864.2000,2863.8000,2863.0000,2862.0000,2861.4000,2866.6000,2866.8000,2867.4000,2867.6000,2868.0000,1,2,1,1,5,2,1,1,1,1
SF,IH2009,2020-02-17 09:33:35.300,2866.0000,3417,0,43789440.000,0,-,-,-,-,2864.4000,2864.2000,2863.8000,2863.0000,2862.0000,2866.6000,2866.8000,2867.4000,2867.6000,2868.0000,2,1,1,1,1,2,1,1,1,1
SF,IH2009,2020-02-17 09:33:35.800,2866.0000,3417,0,43789440.000,0,-,-,-,-,2864.4000,2863.8000,2863.0000,2862.0000,2861.4000,2866.6000,2866.8000,2867.4000,2867.6000,2868.0000,1,1,1,1,5,1,1,1,1,1
SF,IH2009,2020-02-17 09:33:36.300,2866.0000,3417,0,43789440.000,0,-,-,-,-,2865.6000,2864.6000,2864.4000,2863.0000,2862.0000,2866.4000,2866.6000,2866.8000,2867.4000,2867.6000,1,1,1,1,1,1,1,1,1,1
SF,IH2009,2020-02-17 09:33:36.800,2866.0000,3417,0,43789440.000,0,-,-,-,-,2865.6000,2864.6000,2864.4000,2863.0000,2862.0000,2866.4000,2866.6000,2866.8000,2867.4000,2867.6000,1,2,1,1,1,1,1,1,1,1
SF,IH2009,2020-02-17 09:33:37.300,2866.4000,3417,0,44649360.000,1,0,1,多换,S,2866.4000,2865.8000,2865.6000,2864.6000,2863.0000,2866.6000,2866.8000,2867.4000,2867.6000,2868.0000,1,1,1,2,1,1,1,1,1,1
SF,IH2009,2020-02-17 09:33:37.800,2866.4000,3416,-1,46369260.000,2,0,2,多平,S,2865.8000,2865.6000,2863.0000,2862.0000,2861.4000,2866.8000,2867.4000,2867.6000,2868.0000,2868.2000,1,1,1,1,5,1,1,1,1,1
SF,IH2009,2020-02-17 09:33:38.300,2866.4000,3416,0,46369260.000,0,-,-,-,-,2865.8000,2863.0000,2861.4000,2858.0000,2856.0000,2866.8000,2867.4000,2867.6000,2868.0000,2868.2000,1,1,5,2,1,1,2,1,1,1
SF,IH2009,2020-02-17 09:33:38.800,2866.8000,3416,0,47229300.000,1,0,1,多换,S,2866.2000,2863.0000,2861.4000,2858.0000,2856.0000,2867.4000,2867.6000,2868.0000,2868.2000,2872.0000,1,1,5,2,1,2,1,1,1,2
SF,IH2009,2020-02-17 09:33:39.300,2866.8000,3416,0,47229300.000,0,-,-,-,-,2863.0000,2861.4000,2858.0000,2856.0000,2853.2000,2867.2000,2867.4000,2867.6000,2868.0000,2868.2000,1,5,2,1,1,1,2,1,1,1
SF,IH2009,2020-02-17 09:33:39.800,2865.4000,3415,-1,48088920.000,1,0,1,双平,S,2863.2000,2863.0000,2861.4000,2858.0000,2856.0000,2867.4000,2867.6000,2868.0000,2868.2000,2872.0000,1,2,5,2,1,2,1,1,1,2
SF,IH2009,2020-02-17 09:33:40.300,2865.4000,3415,0,48088920.000,0,-,-,-,-,2865.2000,2863.2000,2863.0000,2861.4000,2858.0000,2867.4000,2867.6000,2868.0000,2868.2000,2872.0000,1,1,2,5,2,2,1,1,1,2
SF,IH2009,2020-02-17 09:33:40.800,2865.4000,3415,0,48088920.000,0,-,-,-,-,2865.2000,2863.2000,2863.0000,2861.4000,2858.0000,2867.2000,2867.4000,2867.6000,2868.0000,2868.2000,1,1,2,5,2,1,2,1,1,1
SF,IH2009,2020-02-17 09:33:41.300,2865.4000,3415,0,48088920.000,0,-,-,-,-,2863.2000,2863.0000,2861.4000,2858.0000,2856.0000,2867.2000,2867.4000,2867.6000,2868.0000,2868.2000,1,2,5,2,1,1,2,1,1,1
SF,IH2009,2020-02-17 09:33:41.800,2865.4000,3415,0,48088920.000,0,-,-,-,-,2865.2000,2863.2000,2863.0000,2861.4000,2858.0000,2867.4000,2867.6000,2868.0000,2868.2000,2872.0000,1,1,2,5,2,2,1,1,1,2
SF,IH2009,2020-02-17 09:33:42.300,2865.4000,3415,0,48088920.000,0,-,-,-,-,2863.4000,2863.2000,2863.0000,2861.4000,2858.0000,2867.2000,2867.4000,2867.6000,2868.0000,2868.2000,1,1,2,5,2,1,2,1,1,1
SF,IH2009,2020-02-17 09:33:42.800,2865.4000,3415,0,48088920.000,0,-,-,-,-,2865.6000,2865.2000,2863.6000,2863.4000,2863.0000,2867.4000,2867.6000,2868.0000,2868.2000,2872.0000,1,1,1,1,2,2,1,1,1,2
SF,IH2009,2020-02-17 09:33:43.300,2865.4000,3415,0,48088920.000,0,-,-,-,-,2865.2000,2863.6000,2863.0000,2861.4000,2858.0000,2867.2000,2867.4000,2867.6000,2868.0000,2868.2000,1,1,2,5,2,1,2,1,1,1
SF,IH2009,2020-02-17 09:33:43.800,2865.4000,3415,0,48088920.000,0,-,-,-,-,2865.8000,2865.2000,2865.0000,2863.6000,2863.0000,2867.4000,2867.6000,2868.0000,2868.2000,2872.0000,1,1,1,1,2,2,1,1,1,2
SF,IH2009,2020-02-17 09:33:44.300,2865.4000,3415,0,48088920.000,0,-,-,-,-,2866.0000,2865.8000,2865.2000,2863.6000,2863.0000,2867.2000,2867.4000,2867.6000,2868.0000,2868.2000,1,1,2,1,2,1,2,1,1,1
SF,IH2009,2020-02-17 09:33:44.800,2865.4000,3415,0,48088920.000,0,-,-,-,-,2866.0000,2865.2000,2863.6000,2863.0000,2861.4000,2867.2000,2867.4000,2867.6000,2868.0000,2868.2000,1,1,1,2,5,1,2,1,1,1
SF,IH2009,2020-02-17 09:33:45.300,2865.2000,3415,0,48948480.000,1,0,1,多换,S,2863.6000,2863.0000,2861.4000,2858.0000,2856.0000,2865.2000,2867.2000,2867.4000,2867.6000,2868.0000,1,2,5,2,1,1,1,2,1,1
SF,IH2009,2020-02-17 09:33:45.800,2865.2000,3415,0,49808040.000,1,0,1,多换,S,2863.0000,2861.4000,2858.0000,2856.0000,2853.2000,2867.4000,2867.6000,2868.0000,2868.2000,2872.0000,2,5,2,1,1,2,1,1,1,2
SF,IH2009,2020-02-17 09:33:46.300,2865.2000,3415,0,49808040.000,0,-,-,-,-,2863.8000,2863.2000,2863.0000,2861.4000,2858.0000,2867.4000,2867.6000,2868.0000,2868.2000,2872.0000,1,1,2,5,2,2,1,1,1,2
SF,IH2009,2020-02-17 09:33:46.800,2865.2000,3415,0,49808040.000,0,-,-,-,-,2865.4000,2865.2000,2864.0000,2863.8000,2863.0000,2867.4000,2867.6000,2868.0000,2868.2000,2872.0000,1,1,1,1,2,2,1,1,1,2
SF,IH2009,2020-02-17 09:33:47.300,2865.2000,3415,0,49808040.000,0,-,-,-,-,2865.4000,2865.2000,2864.6000,2864.0000,2863.0000,2867.2000,2867.4000,2867.6000,2868.0000,2868.2000,1,1,1,1,2,1,2,1,1,1
SF,IH2009,2020-02-17 09:33:47.800,2865.2000,3415,0,49808040.000,0,-,-,-,-,2865.6000,2865.4000,2863.0000,2861.4000,2858.0000,2867.2000,2867.4000,2867.6000,2868.0000,2868.2000,1,1,2,5,2,1,2,1,1,1
SF,IH2009,2020-02-17 09:33:48.300,2865.2000,3415,0,49808040.000,0,-,-,-,-,2865.6000,2863.0000,2861.4000,2858.0000,2856.0000,2867.2000,2867.4000,2867.6000,2868.0000,2868.2000,1,2,5,2,1,1,2,1,1,1
SF,IH2009,2020-02-17 09:33:48.800,2865.2000,3415,0,49808040.000,0,-,-,-,-,2863.0000,2861.4000,2858.0000,2856.0000,2853.2000,2867.2000,2867.4000,2867.6000,2868.0000,2868.2000,2,5,2,1,1,1,2,1,1,1
SF,IH2009,2020-02-17 09:33:49.300,2865.2000,3415,0,49808040.000,0,-,-,-,-,2865.2000,2863.2000,2863.0000,2861.4000,2858.0000,2867.4000,2867.6000,2868.0000,2868.2000,2872.0000,1,1,2,5,2,2,1,1,1,2
SF,IH2009,2020-02-17 09:33:49.800,2865.2000,3415,0,49808040.000,0,-,-,-,-,2865.2000,2865.0000,2863.2000,2863.0000,2861.4000,2867.2000,2867.4000,2867.6000,2868.0000,2868.2000,1,1,2,2,5,1,2,1,1,1
SF,IH2009,2020-02-17 09:33:50.300,2865.2000,3415,0,49808040.000,0,-,-,-,-,2865.4000,2863.2000,2863.0000,2861.4000,2858.0000,2867.2000,2867.4000,2867.6000,2868.0000,2868.2000,1,2,2,5,2,1,2,1,1,1
SF,IH2009,2020-02-17 09:33:50.800,2865.2000,3415,0,49808040.000,0,-,-,-,-,2865.4000,2863.0000,2861.4000,2858.0000,2856.4000,2867.2000,2867.4000,2867.6000,2868.0000,2868.2000,1,2,5,2,1,1,2,1,1,1
SF,IH2009,2020-02-17 09:33:51.300,2865.2000,3415,0,49808040.000,0,-,-,-,-,2865.4000,2865.2000,2863.0000,2861.4000,2858.0000,2867.2000,2867.4000,2867.6000,2868.0000,2868.2000,1,1,2,5,2,1,2,1,1,1
SF,IH2009,2020-02-17 09:33:51.800,2865.2000,3415,0,49808040.000,0,-,-,-,-,2865.2000,2863.0000,2861.4000,2858.0000,2856.4000,2867.0000,2867.2000,2867.4000,2867.6000,2868.0000,1,2,5,2,1,1,1,2,1,1
SF,IH2009,2020-02-17 09:33:52.300,2865.2000,3415,0,49808040.000,0,-,-,-,-,2865.6000,2865.2000,2863.0000,2861.4000,2858.0000,2866.8000,2867.4000,2867.6000,2868.0000,2868.2000,1,1,2,5,2,1,2,1,1,1
SF,IH2009,2020-02-17 09:33:52.800,2865.2000,3415,0,49808040.000,0,-,-,-,-,2865.6000,2865.2000,2863.0000,2861.4000,2858.0000,2866.8000,2867.4000,2867.6000,2868.0000,2868.2000,1,2,2,5,2,1,2,1,1,1
SF,IH2009,2020-02-17 09:33:53.300,2865.2000,3415,0,49808040.000,0,-,-,-,-,2865.6000,2865.2000,2863.0000,2861.4000,2858.0000,2867.4000,2867.6000,2868.0000,2868.2000,2872.0000,1,2,2,5,2,2,1,1,1,2
SF,IH2009,2020-02-17 09:33:53.800,2865.2000,3415,0,49808040.000,0,-,-,-,-,2865.8000,2865.2000,2863.0000,2861.4000,2858.0000,2867.4000,2867.6000,2868.0000,2868.2000,2872.0000,1,2,2,5,2,2,1,1,1,2
SF,IH2009,2020-02-17 09:33:54.800,2867.4000,3414,-1,51528480.000,2,0,2,多平,S,2866.2000,2865.2000,2863.0000,2861.4000,2858.0000,2867.6000,2868.0000,2868.2000,2872.0000,2874.6000,1,2,2,5,2,1,1,1,2,1
SF,IH2009,2020-02-17 09:33:55.300,2867.4000,3414,0,51528480.000,0,-,-,-,-,2867.4000,2866.2000,2865.2000,2863.0000,2861.4000,2867.6000,2868.0000,2868.2000,2872.0000,2874.6000,1,1,2,2,5,1,1,1,2,1
SF,IH2009,2020-02-17 09:33:55.800,2867.4000,3413,-1,52388700.000,1,0,1,双平,S,2866.2000,2865.2000,2863.0000,2861.4000,2858.0000,2867.6000,2868.0000,2868.2000,2872.0000,2874.6000,1,2,2,5,2,1,1,1,2,1
SF,IH2009,2020-02-17 09:33:56.300,2867.4000,3413,0,52388700.000,0,-,-,-,-,2866.4000,2866.2000,2865.2000,2863.0000,2861.4000,2867.6000,2868.0000,2868.2000,2872.0000,2874.6000,1,1,2,2,5,1,1,1,2,1
SF,IH2009,2020-02-17 09:33:56.800,2867.4000,3413,0,52388700.000,0,-,-,-,-,2866.4000,2865.2000,2863.0000,2861.4000,2858.0000,2867.4000,2867.6000,2868.0000,2868.2000,2872.0000,1,2,2,5,2,1,1,2,1,2
SF,IH2009,2020-02-17 09:33:57.300,2867.4000,3413,0,52388700.000,0,-,-,-,-,2866.4000,2865.2000,2863.0000,2861.4000,2858.0000,2867.6000,2868.0000,2868.2000,2872.0000,2874.6000,1,2,2,5,2,1,2,1,2,1
SF,IH2009,2020-02-17 09:33:57.800,2867.4000,3413,0,52388700.000,0,-,-,-,-,2866.4000,2865.2000,2863.0000,2861.4000,2858.0000,2867.6000,2868.0000,2868.2000,2872.0000,2874.6000,1,2,2,5,2,1,2,1,2,1
SF,IH2009,2020-02-17 09:33:58.300,2867.6000,3412,-1,53248980.000,1,0,1,双平,S,2867.6000,2866.6000,2866.4000,2865.2000,2863.0000,2868.0000,2868.2000,2872.0000,2874.6000,2875.0000,1,1,1,2,2,2,1,2,1,1
SF,IH2009,2020-02-17 09:33:58.800,2867.6000,3412,0,53248980.000,0,-,-,-,-,2867.6000,2866.6000,2865.2000,2863.0000,2861.4000,2868.0000,2868.2000,2872.0000,2874.6000,2875.0000,1,1,2,2,5,2,1,2,1,1
SF,IH2009,2020-02-17 09:33:59.300,2868.0000,3411,-1,54109380.000,1,0,1,双平,S,2866.6000,2865.2000,2863.0000,2861.4000,2858.0000,2868.0000,2868.2000,2872.0000,2874.6000,2875.0000,1,2,2,5,2,1,1,2,1,1
SF,IH2009,2020-02-17 09:33:59.800,2868.0000,3411,0,54969780.000,1,0,1,多换,S,2868.0000,2866.8000,2866.6000,2865.2000,2863.0000,2868.2000,2872.0000,2874.6000,2875.0000,2877.0000,1,1,1,2,2,1,2,1,1,2
SF,IH2009,2020-02-17 09:34:00.300,2868.0000,3409,-2,56690640.000,2,0,2,双平,S,2866.8000,2866.6000,2865.2000,2863.0000,2861.4000,2868.2000,2872.0000,2874.6000,2875.0000,2877.0000,1,1,2,2,5,1,2,1,1,2
SF,IH2009,2020-02-17 09:34:00.800,2868.0000,3409,0,56690640.000,0,-,-,-,-,2866.8000,2866.6000,2865.2000,2863.0000,2861.4000,2868.2000,2872.0000,2874.6000,2875.0000,2877.0000,1,1,2,2,5,1,2,1,1,2
SF,IH2009,2020-02-17 09:34:01.300,2868.0000,3409,0,56690640.000,0,-,-,-,-,2867.0000,2865.2000,2863.0000,2861.4000,2858.0000,2868.2000,2872.0000,2874.6000,2875.0000,2877.0000,1,2,2,5,2,1,2,1,1,2
SF,IH2009,2020-02-17 09:34:01.800,2868.0000,3409,0,56690640.000,0,-,-,-,-,2867.0000,2865.2000,2863.0000,2861.4000,2858.0000,2868.2000,2872.0000,2874.6000,2875.0000,2877.0000,2,2,2,5,2,1,2,1,1,2
SF,IH2009,2020-02-17 09:34:02.300,2868.2000,3408,-1,57551100.000,1,0,1,双平,S,2868.0000,2867.0000,2865.2000,2863.0000,2861.4000,2872.0000,2874.6000,2875.0000,2877.0000,2880.4000,1,2,2,2,5,2,1,1,2,6
SF,IH2009,2020-02-17 09:34:02.800,2868.2000,3408,0,57551100.000,0,-,-,-,-,2868.0000,2865.2000,2863.0000,2861.4000,2858.0000,2871.2000,2871.8000,2872.0000,2874.6000,2875.0000,1,2,2,5,2,1,1,2,1,1
SF,IH2009,2020-02-17 09:34:03.300,2868.2000,3408,0,57551100.000,0,-,-,-,-,2868.2000,2868.0000,2865.2000,2863.0000,2861.4000,2871.0000,2871.2000,2872.0000,2874.6000,2875.0000,1,1,2,2,5,2,1,2,1,1
SF,IH2009,2020-02-17 09:34:03.800,2868.2000,3408,0,57551100.000,0,-,-,-,-,2868.2000,2868.0000,2865.2000,2864.4000,2863.0000,2870.8000,2871.0000,2871.2000,2872.0000,2874.6000,1,1,2,1,2,1,2,1,2,1
SF,IH2009,2020-02-17 09:34:04.300,2868.2000,3408,0,57551100.000,0,-,-,-,-,2868.0000,2865.2000,2864.4000,2863.0000,2861.4000,2870.6000,2870.8000,2871.0000,2872.0000,2874.6000,1,2,1,2,5,1,1,1,2,1
SF,IH2009,2020-02-17 09:34:04.800,2868.2000,3408,0,57551100.000,0,-,-,-,-,2868.0000,2865.2000,2864.4000,2863.0000,2861.4000,2870.4000,2870.6000,2870.8000,2871.0000,2872.0000,1,2,1,2,5,1,1,1,1,2
SF,IH2009,2020-02-17 09:34:05.300,2868.2000,3408,0,57551100.000,0,-,-,-,-,2868.0000,2865.2000,2864.4000,2863.0000,2861.4000,2870.2000,2870.4000,2870.8000,2871.0000,2872.0000,1,2,1,2,5,1,1,1,1,2
SF,IH2009,2020-02-17 09:34:05.800,2868.0000,3408,0,58411500.000,1,0,1,多换,S,2865.2000,2864.4000,2863.0000,2861.4000,2858.0000,2870.0000,2870.2000,2870.8000,2872.0000,2874.6000,2,1,2,5,2,1,1,1,2,1
SF,IH2009,2020-02-17 09:34:06.300,2868.0000,3408,0,58411500.000,0,-,-,-,-,2868.2000,2865.4000,2865.2000,2865.0000,2864.4000,2869.4000,2870.0000,2870.8000,2872.0000,2874.6000,1,1,2,1,1,1,1,1,2,1
SF,IH2009,2020-02-17 09:34:06.800,2868.2000,3407,-1,59271960.000,1,0,1,双平,S,2865.2000,2865.0000,2864.4000,2863.0000,2861.4000,2869.4000,2869.8000,2870.0000,2872.0000,2874.6000,2,1,1,2,5,1,1,1,2,1
SF,IH2009,2020-02-17 09:34:07.300,2868.2000,3407,0,59271960.000,0,-,-,-,-,2865.2000,2864.4000,2863.0000,2861.4000,2858.0000,2869.2000,2869.4000,2869.8000,2872.0000,2874.6000,2,1,2,5,2,2,1,1,2,1
SF,IH2009,2020-02-17 09:34:07.800,2868.2000,3407,0,59271960.000,0,-,-,-,-,2865.2000,2864.4000,2863.0000,2861.4000,2858.0000,2869.0000,2869.2000,2872.0000,2874.6000,2875.0000,2,1,2,5,2,2,1,2,1,1
SF,IH2009,2020-02-17 09:34:08.300,2868.2000,3407,0,59271960.000,0,-,-,-,-,2865.2000,2864.4000,2863.0000,2861.4000,2858.0000,2868.2000,2868.6000,2868.8000,2869.0000,2872.0000,1,1,2,5,2,1,1,2,1,2
SF,IH2009,2020-02-17 09:34:08.800,2868.2000,3407,0,59271960.000,0,-,-,-,-,2865.2000,2864.4000,2863.0000,2861.4000,2858.0000,2868.0000,2868.2000,2868.4000,2868.6000,2868.8000,2,1,2,5,2,1,1,1,1,1
SF,IH2009,2020-02-17 09:34:09.300,2868.2000,3407,0,59271960.000,0,-,-,-,-,2865.4000,2865.2000,2864.4000,2863.0000,2861.4000,2868.0000,2868.6000,2868.8000,2872.0000,2872.8000,2,2,1,2,5,1,1,1,2,6
SF,IH2009,2020-02-17 09:34:09.800,2868.2000,3407,0,59271960.000,0,-,-,-,-,2865.4000,2865.2000,2865.0000,2864.4000,2863.0000,2868.6000,2868.8000,2872.0000,2874.6000,2875.0000,2,2,1,1,2,1,1,2,1,1
SF,IH2009,2020-02-17 09:34:10.300,2868.2000,3407,0,59271960.000,0,-,-,-,-,2868.2000,2865.4000,2865.2000,2865.0000,2864.4000,2868.6000,2868.8000,2872.0000,2874.6000,2875.0000,1,2,2,1,1,1,1,2,1,1
SF,IH2009,2020-02-17 09:34:10.800,2868.2000,3407,0,59271960.000,0,-,-,-,-,2868.2000,2865.4000,2865.2000,2865.0000,2864.4000,2868.4000,2868.6000,2868.8000,2872.0000,2874.6000,1,1,2,1,1,1,1,1,2,1
SF,IH2009,2020-02-17 09:34:11.300,2868.2000,3407,0,59271960.000,0,-,-,-,-,2868.2000,2865.2000,2865.0000,2864.4000,2863.0000,2868.4000,2868.8000,2872.0000,2874.6000,2875.0000,1,2,1,1,2,1,1,2,1,1
SF,IH2009,2020-02-17 09:34:11.800,2868.4000,3406,-1,60132480.000,1,0,1,双平,S,2868.2000,2865.2000,2865.0000,2864.4000,2863.0000,2868.8000,2872.0000,2874.6000,2875.0000,2876.6000,1,2,1,1,2,1,2,1,1,6
SF,IH2009,2020-02-17 09:34:12.300,2868.4000,3406,0,60132480.000,0,-,-,-,-,2868.2000,2865.2000,2865.0000,2864.4000,2863.0000,2868.8000,2872.0000,2874.6000,2875.0000,2876.6000,1,2,1,1,2,1,2,1,1,6
SF,IH2009,2020-02-17 09:34:12.800,2868.4000,3406,0,60132480.000,0,-,-,-,-,2868.2000,2865.2000,2865.0000,2864.4000,2863.0000,2868.8000,2872.0000,2874.6000,2875.0000,2876.6000,1,2,1,1,2,1,2,1,1,6
SF,IH2009,2020-02-17 09:34:13.300,2868.4000,3406,0,60132480.000,0,-,-,-,-,2868.2000,2865.2000,2865.0000,2864.4000,2863.0000,2868.8000,2872.0000,2874.6000,2875.0000,2876.6000,1,2,1,1,2,1,2,1,1,6
SF,IH2009,2020-02-17 09:34:13.800,2868.2000,3406,0,60992940.000,1,0,1,多换,S,2865.2000,2865.0000,2864.4000,2863.0000,2861.4000,2868.8000,2872.0000,2874.6000,2875.0000,2876.6000,2,1,1,2,5,1,2,1,1,6
SF,IH2009,2020-02-17 09:34:14.300,2868.2000,3406,0,60992940.000,0,-,-,-,-,2865.4000,2865.2000,2865.0000,2864.4000,2863.0000,2868.8000,2872.0000,2874.6000,2875.0000,2876.6000,2,2,1,1,2,1,2,1,1,6
SF,IH2009,2020-02-17 09:34:14.800,2868.2000,3406,0,60992940.000,0,-,-,-,-,2865.4000,2865.2000,2865.0000,2864.4000,2863.0000,2868.8000,2872.0000,2874.6000,2875.0000,2876.6000,2,2,1,1,2,1,2,1,1,6
SF,IH2009,2020-02-17 09:34:15.300,2868.2000,3406,0,60992940.000,0,-,-,-,-,2865.4000,2865.2000,2865.0000,2864.4000,2863.0000,2868.6000,2868.8000,2872.0000,2874.6000,2875.0000,1,2,1,1,2,1,1,2,1,1
SF,IH2009,2020-02-17 09:34:15.800,2868.2000,3406,0,60992940.000,0,-,-,-,-,2865.6000,2865.4000,2865.2000,2865.0000,2864.4000,2868.6000,2868.8000,2872.0000,2874.6000,2875.0000,1,1,2,1,1,1,1,2,1,1
SF,IH2009,2020-02-17 09:34:16.300,2868.2000,3406,0,60992940.000,0,-,-,-,-,2865.6000,2865.2000,2865.0000,2864.4000,2863.0000,2868.6000,2868.8000,2872.0000,2874.6000,2875.0000,1,2,1,1,2,1,1,2,1,1
SF,IH2009,2020-02-17 09:34:16.800,2868.2000,3406,0,60992940.000,0,-,-,-,-,2865.2000,2865.0000,2864.4000,2863.0000,2861.4000,2868.6000,2868.8000,2872.0000,2874.6000,2875.0000,2,1,1,2,5,1,1,2,1,1
SF,IH2009,2020-02-17 09:34:17.800,2868.2000,3406,0,60992940.000,0,-,-,-,-,2865.2000,2865.0000,2864.4000,2863.0000,2861.4000,2868.6000,2868.8000,2872.0000,2874.6000,2875.0000,2,1,1,2,5,2,1,2,1,1
SF,IH2009,2020-02-17 09:34:18.300,2868.2000,3406,0,60992940.000,0,-,-,-,-,2865.2000,2864.4000,2863.0000,2861.4000,2858.0000,2868.4000,2868.6000,2872.0000,2874.6000,2875.0000,1,1,2,5,1,2,2,2,1,1
SF,IH2009,2020-02-17 09:34:18.800,2868.2000,3406,0,60992940.000,0,-,-,-,-,2865.2000,2864.4000,2863.0000,2861.4000,2858.0000,2868.2000,2868.4000,2872.0000,2874.6000,2875.0000,1,1,2,5,1,1,2,2,1,1
SF,IH2009,2020-02-17 09:34:19.300,2868.4000,3402,-4,64434900.000,4,0,4,双平,S,2865.2000,2864.4000,2863.0000,2858.0000,2857.6000,2872.0000,2874.6000,2875.0000,2876.6000,2877.0000,1,1,2,1,5,2,1,1,6,2
SF,IH2009,2020-02-17 09:34:19.800,2868.4000,3402,0,64434900.000,0,-,-,-,-,2865.2000,2864.4000,2863.0000,2858.0000,2857.6000,2868.4000,2870.0000,2870.4000,2871.8000,2872.0000,1,1,2,1,5,1,2,1,2,2
SF,IH2009,2020-02-17 09:34:20.300,2868.4000,3402,0,64434900.000,0,-,-,-,-,2865.2000,2864.4000,2863.0000,2858.0000,2857.6000,2868.2000,2868.4000,2870.0000,2870.4000,2871.0000,1,1,2,1,5,2,1,2,1,1
SF,IH2009,2020-02-17 09:34:20.800,2868.4000,3402,0,64434900.000,0,-,-,-,-,2865.2000,2865.0000,2864.4000,2863.0000,2858.0000,2868.2000,2868.4000,2870.0000,2870.4000,2871.0000,1,1,1,2,1,2,1,2,1,1
SF,IH2009,2020-02-17 09:34:21.800,2868.4000,3402,0,64434900.000,0,-,-,-,-,2865.2000,2865.0000,2864.4000,2863.0000,2858.0000,2867.8000,2868.2000,2870.0000,2870.4000,2871.0000,1,1,1,2,1,2,2,2,1,1
SF,IH2009,2020-02-17 09:34:22.300,2868.4000,3402,0,64434900.000,0,-,-,-,-,2865.4000,2865.2000,2865.0000,2864.4000,2863.0000,2867.6000,2867.8000,2868.0000,2868.2000,2870.0000,1,1,1,1,1,1,2,1,1,2
SF,IH2009,2020-02-17 09:34:22.800,2868.4000,3402,0,64434900.000,0,-,-,-,-,2865.4000,2865.2000,2865.0000,2864.4000,2863.0000,2867.2000,2867.6000,2867.8000,2868.2000,2870.0000,1,1,1,1,1,1,1,1,1,2
SF,IH2009,2020-02-17 09:34:23.300,2868.4000,3402,0,64434900.000,0,-,-,-,-,2865.6000,2865.4000,2865.2000,2865.0000,2864.4000,2867.2000,2870.0000,2870.4000,2871.8000,2872.0000,1,1,1,1,1,1,1,1,1,2
SF,IH2009,2020-02-17 09:34:23.800,2867.2000,3401,-1,65295060.000,1,0,1,双平,S,2868.2000,2865.8000,2865.6000,2865.4000,2865.2000,2870.0000,2870.4000,2871.8000,2872.0000,2874.6000,1,2,1,1,2,1,1,1,2,1
SF,IH2009,2020-02-17 09:34:24.300,2868.2000,3401,0,66155520.000,1,0,1,多换,S,2865.8000,2865.2000,2865.0000,2864.4000,2863.0000,2871.8000,2872.0000,2874.6000,2875.0000,2876.6000,2,1,1,1,1,1,2,1,1,6
SF,IH2009,2020-02-17 09:34:24.800,2868.2000,3401,0,66155520.000,0,-,-,-,-,2866.0000,2865.8000,2865.2000,2865.0000,2864.4000,2869.6000,2869.8000,2870.0000,2870.4000,2871.8000,1,1,1,1,1,1,1,2,1,1
SF,IH2009,2020-02-17 09:34:25.300,2868.2000,3401,0,66155520.000,0,-,-,-,-,2867.2000,2866.0000,2865.2000,2865.0000,2864.4000,2869.4000,2869.8000,2870.8000,2871.8000,2872.0000,1,1,1,1,1,1,1,1,1,2
SF,IH2009,2020-02-17 09:34:27.300,2868.2000,3401,0,66155520.000,0,-,-,-,-,2867.2000,2866.0000,2865.2000,2865.0000,2864.4000,2869.2000,2869.4000,2869.8000,2870.8000,2871.6000,1,1,1,1,1,1,1,1,1,1
SF,IH2009,2020-02-17 09:34:27.800,2868.2000,3401,0,66155520.000,0,-,-,-,-,2867.2000,2865.2000,2865.0000,2864.4000,2863.0000,2869.0000,2869.2000,2869.8000,2870.8000,2871.6000,1,1,1,1,1,2,2,1,1,1
SF,IH2009,2020-02-17 09:34:28.300,2867.2000,3401,0,67015680.000,1,0,1,多换,S,2865.2000,2865.0000,2864.4000,2863.0000,2858.0000,2869.0000,2869.2000,2869.8000,2870.8000,2871.6000,1,1,1,1,1,3,2,1,1,1
SF,IH2009,2020-02-17 09:34:28.800,2867.2000,3401,0,67015680.000,0,-,-,-,-,2865.8000,2865.4000,2865.2000,2865.0000,2864.4000,2868.8000,2869.0000,2869.2000,2869.8000,2870.8000,1,1,1,1,1,2,3,1,1,1
SF,IH2009,2020-02-17 09:34:29.300,2867.2000,3401,0,67015680.000,0,-,-,-,-,2865.8000,2865.2000,2865.0000,2864.4000,2863.0000,2868.6000,2868.8000,2869.0000,2869.8000,2870.8000,1,1,1,1,1,2,2,2,1,1
SF,IH2009,2020-02-17 09:34:29.800,2867.2000,3401,0,67015680.000,0,-,-,-,-,2865.2000,2865.0000,2864.4000,2863.0000,2858.0000,2868.6000,2868.8000,2869.0000,2869.8000,2870.8000,1,1,1,1,1,3,1,2,1,1
SF,IH2009,2020-02-17 09:34:30.300,2867.2000,3401,0,67015680.000,0,-,-,-,-,2865.8000,2865.4000,2865.2000,2865.0000,2864.4000,2868.4000,2868.6000,2868.8000,2869.0000,2869.8000,1,2,1,1,1,1,3,1,2,1
SF,IH2009,2020-02-17 09:34:30.800,2867.2000,3401,0,67015680.000,0,-,-,-,-,2865.8000,2865.4000,2865.2000,2865.0000,2864.4000,2868.4000,2868.6000,2868.8000,2869.0000,2869.8000,1,2,1,1,1,1,2,1,2,1
SF,IH2009,2020-02-17 09:34:31.300,2867.2000,3401,0,67015680.000,0,-,-,-,-,2865.8000,2865.2000,2865.0000,2864.4000,2863.0000,2868.2000,2868.4000,2868.6000,2868.8000,2869.0000,1,1,1,1,1,1,1,1,1,2
SF,IH2009,2020-02-17 09:34:31.800,2867.2000,3401,0,67015680.000,0,-,-,-,-,2865.2000,2865.0000,2864.4000,2863.0000,2858.0000,2868.0000,2868.2000,2868.4000,2868.6000,2868.8000,1,1,1,1,1,1,2,1,1,1
SF,IH2009,2020-02-17 09:34:32.300,2867.2000,3401,0,67015680.000,0,-,-,-,-,2865.8000,2865.4000,2865.2000,2865.0000,2864.4000,2868.0000,2868.4000,2868.6000,2868.8000,2869.0000,1,1,1,1,1,1,1,1,1,1
SF,IH2009,2020-02-17 09:34:32.800,2867.2000,3401,0,67015680.000,0,-,-,-,-,2865.8000,2865.4000,2865.2000,2865.0000,2864.4000,2868.0000,2868.4000,2868.6000,2868.8000,2869.0000,1,2,1,1,1,1,1,1,1,1
SF,IH2009,2020-02-17 09:34:33.300,2867.2000,3401,0,67015680.000,0,-,-,-,-,2865.8000,2865.4000,2865.2000,2865.0000,2864.4000,2868.0000,2868.6000,2868.8000,2869.0000,2869.8000,1,2,1,1,1,1,1,1,1,1
SF,IH2009,2020-02-17 09:34:33.800,2867.2000,3401,0,67015680.000,0,-,-,-,-,2865.8000,2865.4000,2865.2000,2865.0000,2864.4000,2868.0000,2868.6000,2868.8000,2869.0000,2869.8000,1,1,1,1,1,1,1,1,1,1
SF,IH2009,2020-02-17 09:34:34.800,2867.2000,3401,0,67015680.000,0,-,-,-,-,2865.8000,2865.4000,2865.2000,2865.0000,2864.4000,2868.0000,2868.6000,2869.0000,2869.8000,2870.0000,1,1,1,1,1,1,1,1,1,1
SF,IH2009,2020-02-17 09:34:36.800,2867.2000,3401,0,67015680.000,0,-,-,-,-,2865.8000,2865.4000,2865.2000,2865.0000,2864.4000,2868.0000,2868.6000,2869.0000,2869.8000,2870.0000,2,1,1,1,1,1,1,1,1,1
SF,IH2009,2020-02-17 09:34:37.300,2867.2000,3401,0,67015680.000,0,-,-,-,-,2866.0000,2865.8000,2865.2000,2865.0000,2864.4000,2868.0000,2868.6000,2869.0000,2869.8000,2870.0000,2,2,1,1,1,1,1,1,1,1
SF,IH2009,2020-02-17 09:34:37.800,2867.2000,3401,0,67015680.000,0,-,-,-,-,2866.0000,2865.8000,2865.2000,2865.0000,2864.4000,2868.0000,2868.6000,2869.0000,2869.8000,2870.0000,2,1,1,1,1,1,1,1,1,1
SF,IH2009,2020-02-17 09:34:38.300,2867.2000,3401,0,67015680.000,0,-,-,-,-,2866.8000,2866.0000,2865.8000,2865.2000,2865.0000,2868.6000,2869.0000,2869.8000,2870.0000,2870.8000,1,2,1,1,1,1,1,1,1,1
SF,IH2009,2020-02-17 09:34:38.800,2867.0000,3402,1,67875780.000,1,1,0,双开,S,2866.0000,2865.8000,2865.2000,2865.0000,2864.4000,2868.4000,2868.6000,2869.0000,2869.8000,2870.0000,1,1,1,1,1,1,1,1,1,1
SF,IH2009,2020-02-17 09:34:39.300,2867.0000,3402,0,67875780.000,0,-,-,-,-,2866.8000,2866.2000,2866.0000,2865.8000,2865.2000,2868.6000,2869.0000,2869.8000,2870.0000,2870.8000,1,1,1,1,1,1,1,1,1,1
SF,IH2009,2020-02-17 09:34:39.800,2867.0000,3402,0,67875780.000,0,-,-,-,-,2867.0000,2866.8000,2866.2000,2866.0000,2865.8000,2868.6000,2869.0000,2869.8000,2870.0000,2870.8000,1,1,1,1,1,1,1,1,1,1
SF,IH2009,2020-02-17 09:34:40.300,2867.0000,3402,0,67875780.000,0,-,-,-,-,2867.0000,2866.2000,2865.8000,2865.2000,2865.0000,2869.0000,2869.8000,2870.0000,2870.8000,2872.0000,1,1,1,1,1,1,1,1,1,2
SF,IH2009,2020-02-17 09:34:41.300,2867.0000,3402,0,68735880.000,1,0,1,多换,S,2866.2000,2865.8000,2865.2000,2865.0000,2864.4000,2868.8000,2869.0000,2869.8000,2870.0000,2870.8000,1,1,1,1,1,1,1,1,1,1
SF,IH2009,2020-02-17 09:34:41.800,2867.0000,3402,0,68735880.000,0,-,-,-,-,2865.8000,2865.2000,2865.0000,2864.4000,2863.0000,2868.6000,2868.8000,2869.0000,2869.8000,2870.0000,1,1,1,1,1,2,1,1,1,1
SF,IH2009,2020-02-17 09:34:42.300,2867.0000,3402,0,68735880.000,0,-,-,-,-,2865.8000,2865.2000,2865.0000,2864.4000,2863.0000,2868.4000,2868.6000,2868.8000,2869.0000,2869.8000,1,1,1,1,1,2,2,1,1,1
SF,IH2009,2020-02-17 09:34:42.800,2867.0000,3402,0,68735880.000,0,-,-,-,-,2865.8000,2865.2000,2865.0000,2864.4000,2863.0000,2868.2000,2868.4000,2868.6000,2868.8000,2869.0000,1,1,1,1,1,2,2,1,1,1
SF,IH2009,2020-02-17 09:34:43.300,2867.0000,3402,0,68735880.000,0,-,-,-,-,2865.8000,2865.2000,2865.0000,2864.4000,2863.0000,2868.0000,2868.2000,2868.4000,2868.6000,2868.8000,1,1,1,1,1,2,2,1,1,1
SF,IH2009,2020-02-17 09:34:43.800,2865.8000,3402,0,69595620.000,1,0,1,多换,S,2865.2000,2865.0000,2864.4000,2863.0000,2858.0000,2867.8000,2868.0000,2868.2000,2868.4000,2868.6000,1,1,1,1,1,2,3,1,1,1
SF,IH2009,2020-02-17 09:34:44.300,2865.8000,3402,0,69595620.000,0,-,-,-,-,2865.2000,2865.0000,2864.4000,2858.0000,2857.6000,2867.4000,2867.6000,2867.8000,2868.0000,2868.2000,1,1,1,1,5,1,1,2,2,1
SF,IH2009,2020-02-17 09:34:44.800,2865.8000,3402,0,69595620.000,0,-,-,-,-,2865.2000,2865.0000,2864.4000,2858.0000,2857.6000,2867.2000,2867.4000,2867.6000,2867.8000,2868.0000,1,1,1,1,5,2,1,1,1,2
SF,IH2009,2020-02-17 09:34:45.300,2865.8000,3402,0,69595620.000,0,-,-,-,-,2865.2000,2865.0000,2864.4000,2858.0000,2857.6000,2867.0000,2867.2000,2867.4000,2867.6000,2867.8000,1,1,1,1,5,1,2,1,1,1
SF,IH2009,2020-02-17 09:34:45.800,2865.8000,3402,0,69595620.000,0,-,-,-,-,2865.2000,2865.0000,2864.4000,2858.0000,2857.6000,2867.0000,2867.2000,2867.4000,2867.6000,2867.8000,1,1,1,1,5,2,2,1,1,1
SF,IH2009,2020-02-17 09:34:46.300,2865.8000,3402,0,69595620.000,0,-,-,-,-,2865.2000,2865.0000,2864.4000,2858.0000,2857.6000,2867.0000,2867.2000,2867.4000,2867.6000,2867.8000,1,1,1,1,5,1,2,1,1,1
SF,IH2009,2020-02-17 09:34:46.800,2865.8000,3402,0,69595620.000,0,-,-,-,-,2865.2000,2865.0000,2864.4000,2858.0000,2857.6000,2867.0000,2867.2000,2867.4000,2867.6000,2867.8000,1,1,1,1,5,1,2,1,1,1
SF,IH2009,2020-02-17 09:34:48.300,2865.2000,3402,0,70455180.000,1,0,1,多换,S,2865.0000,2864.4000,2858.0000,2857.6000,2856.4000,2867.0000,2867.2000,2867.6000,2867.8000,2868.0000,1,1,1,5,1,1,2,1,1,1
SF,IH2009,2020-02-17 09:34:49.800,2865.2000,3402,0,70455180.000,0,-,-,-,-,2865.0000,2864.4000,2858.0000,2857.6000,2856.4000,2867.0000,2867.2000,2867.6000,2867.8000,2868.0000,2,1,1,5,1,1,2,1,1,1
SF,IH2009,2020-02-17 09:34:50.800,2865.2000,3402,0,70455180.000,0,-,-,-,-,2865.0000,2864.4000,2858.0000,2857.6000,2856.4000,2867.0000,2867.2000,2867.6000,2867.8000,2868.0000,1,1,1,5,1,2,2,1,1,1
SF,IH2009,2020-02-17 09:34:51.300,2865.2000,3402,0,70455180.000,0,-,-,-,-,2865.0000,2864.4000,2858.0000,2857.6000,2856.4000,2867.0000,2867.2000,2867.6000,2867.8000,2868.2000,1,1,1,5,1,2,2,1,1,1
SF,IH2009,2020-02-17 09:34:51.800,2865.2000,3402,0,70455180.000,0,-,-,-,-,2865.2000,2865.0000,2864.4000,2858.0000,2857.6000,2867.0000,2867.2000,2867.8000,2868.2000,2868.6000,1,1,1,1,5,2,2,1,1,1
SF,IH2009,2020-02-17 09:34:52.300,2865.2000,3402,0,70455180.000,0,-,-,-,-,2865.2000,2865.0000,2864.4000,2858.0000,2857.6000,2867.8000,2868.2000,2868.6000,2869.0000,2869.6000,1,1,1,1,5,1,1,1,1,3
SF,IH2009,2020-02-17 09:34:52.800,2865.2000,3402,0,70455180.000,0,-,-,-,-,2865.4000,2865.2000,2865.0000,2864.4000,2858.0000,2867.6000,2867.8000,2868.2000,2868.6000,2869.0000,1,1,1,1,1,2,1,1,1,1
SF,IH2009,2020-02-17 09:34:53.300,2865.2000,3402,0,70455180.000,0,-,-,-,-,2865.4000,2865.0000,2864.4000,2858.0000,2857.6000,2867.6000,2867.8000,2868.2000,2868.6000,2869.0000,1,1,1,1,5,2,1,1,1,1
SF,IH2009,2020-02-17 09:34:53.800,2865.2000,3402,0,70455180.000,0,-,-,-,-,2865.4000,2865.0000,2864.4000,2858.0000,2857.6000,2867.6000,2867.8000,2868.2000,2868.6000,2869.0000,2,1,1,1,5,2,1,1,1,1
SF,IH2009,2020-02-17 09:34:54.300,2865.2000,3402,0,70455180.000,0,-,-,-,-,2865.4000,2865.0000,2864.4000,2858.0000,2857.6000,2867.4000,2867.6000,2867.8000,2868.2000,2868.6000,2,1,1,1,5,1,2,1,1,1
SF,IH2009,2020-02-17 09:34:54.800,2865.2000,3402,0,70455180.000,0,-,-,-,-,2865.4000,2865.0000,2864.4000,2858.0000,2857.6000,2867.2000,2867.4000,2867.6000,2867.8000,2868.2000,2,1,1,1,5,2,2,1,1,1
SF,IH2009,2020-02-17 09:34:55.300,2865.2000,3402,0,70455180.000,0,-,-,-,-,2865.4000,2865.0000,2864.4000,2858.0000,2857.6000,2867.2000,2867.4000,2867.6000,2867.8000,2868.2000,1,1,1,1,5,2,2,1,1,1
SF,IH2009,2020-02-17 09:34:55.800,2865.2000,3402,0,70455180.000,0,-,-,-,-,2865.4000,2865.0000,2864.4000,2858.0000,2857.6000,2867.0000,2867.2000,2867.4000,2867.6000,2867.8000,1,1,1,1,5,1,2,1,1,1
SF,IH2009,2020-02-17 09:34:56.300,2866.8000,3402,0,71315220.000,1,0,1,多换,S,2865.4000,2865.0000,2864.4000,2858.0000,2857.6000,2866.8000,2867.0000,2867.2000,2867.4000,2867.6000,1,1,1,1,5,1,3,1,1,1
SF,IH2009,2020-02-17 09:34:56.800,2865.4000,3402,0,72174840.000,1,0,1,多换,S,2865.0000,2864.4000,2858.0000,2857.6000,2856.4000,2865.4000,2866.8000,2867.0000,2867.2000,2867.4000,1,1,1,5,1,2,1,3,1,1
SF,IH2009,2020-02-17 09:34:57.300,2865.4000,3400,-2,73894080.000,2,0,2,双平,S,2865.0000,2864.4000,2858.0000,2857.6000,2856.4000,2866.8000,2867.0000,2867.4000,2867.8000,2868.0000,1,1,1,5,1,1,2,1,1,1
SF,IH2009,2020-02-17 09:34:57.800,2865.4000,3400,0,73894080.000,0,-,-,-,-,2865.0000,2864.4000,2858.0000,2857.6000,2856.4000,2866.6000,2867.0000,2867.4000,2867.8000,2868.0000,2,1,1,5,1,1,2,1,1,1
SF,IH2009,2020-02-17 09:34:58.300,2865.4000,3400,0,73894080.000,0,-,-,-,-,2865.0000,2864.4000,2858.0000,2857.6000,2856.4000,2866.6000,2867.0000,2867.4000,2867.8000,2868.0000,2,1,1,5,1,2,1,1,1,1
SF,IH2009,2020-02-17 09:34:58.800,2865.4000,3400,0,73894080.000,0,-,-,-,-,2865.2000,2865.0000,2864.4000,2858.0000,2857.6000,2866.4000,2866.6000,2867.0000,2867.4000,2867.8000,1,2,1,1,5,1,1,1,1,1
SF,IH2009,2020-02-17 09:34:59.300,2866.4000,3399,-1,74754000.000,1,0,1,双平,S,2865.2000,2865.0000,2864.4000,2858.0000,2857.6000,2867.0000,2867.4000,2867.8000,2868.0000,2868.2000,1,1,1,1,5,1,1,1,1,1
SF,IH2009,2020-02-17 09:34:59.800,2866.4000,3399,0,74754000.000,0,-,-,-,-,2865.4000,2865.2000,2865.0000,2864.4000,2858.0000,2868.0000,2868.2000,2868.6000,2869.6000,2870.0000,1,1,1,1,1,1,1,1,3,1
SF,IH2009,2020-02-17 09:35:00.300,2866.4000,3399,0,74754000.000,0,-,-,-,-,2865.6000,2865.4000,2865.0000,2864.4000,2858.0000,2867.8000,2868.0000,2868.2000,2868.6000,2869.6000,1,1,1,1,1,1,1,1,1,3
SF,IH2009,2020-02-17 09:35:00.800,2866.4000,3399,0,74754000.000,0,-,-,-,-,2865.6000,2865.0000,2864.4000,2858.0000,2857.6000,2867.8000,2868.0000,2868.2000,2868.6000,2869.6000,1,1,1,1,5,1,1,1,1,3
SF,IH2009,2020-02-17 09:35:01.300,2866.4000,3399,0,74754000.000,0,-,-,-,-,2866.4000,2865.6000,2865.0000,2864.4000,2858.0000,2867.0000,2867.8000,2868.0000,2870.0000,2872.0000,1,1,1,1,1,1,1,1,1,2
SF,IH2009,2020-02-17 09:35:01.800,2866.4000,3399,0,74754000.000,0,-,-,-,-,2866.4000,2865.6000,2865.0000,2864.4000,2858.0000,2867.0000,2867.8000,2868.0000,2870.0000,2872.0000,1,1,1,1,1,1,1,1,1,2
SF,IH2009,2020-02-17 09:35:02.300,2866.4000,3399,0,74754000.000,0,-,-,-,-,2866.4000,2865.6000,2865.0000,2864.4000,2858.0000,2867.0000,2868.0000,2870.0000,2872.0000,2872.4000,1,1,1,1,1,1,1,1,2,3
SF,IH2009,2020-02-17 09:35:03.300,2866.4000,3399,0,74754000.000,0,-,-,-,-,2866.4000,2866.0000,2865.6000,2865.0000,2864.4000,2867.0000,2868.0000,2870.0000,2872.0000,2872.4000,1,1,1,1,1,1,1,1,2,3
SF,IH2009,2020-02-17 09:35:03.800,2866.4000,3399,0,74754000.000,0,-,-,-,-,2866.0000,2865.6000,2865.0000,2864.4000,2858.0000,2867.0000,2868.0000,2870.0000,2872.0000,2872.4000,1,1,1,1,1,1,2,1,2,3
SF,IH2009,2020-02-17 09:35:08.800,2866.4000,3399,0,74754000.000,0,-,-,-,-,2866.0000,2865.6000,2865.0000,2864.4000,2858.0000,2866.8000,2867.0000,2868.0000,2870.0000,2872.0000,1,1,2,1,1,1,1,2,1,2
SF,IH2009,2020-02-17 09:35:09.300,2866.4000,3399,0,74754000.000,0,-,-,-,-,2866.0000,2865.0000,2864.4000,2858.0000,2857.6000,2866.8000,2867.0000,2868.0000,2870.0000,2872.0000,1,2,1,1,5,1,1,2,1,2
SF,IH2009,2020-02-17 09:35:09.800,2866.0000,3399,0,75613800.000,1,0,1,多换,S,2865.0000,2864.4000,2858.0000,2857.6000,2856.4000,2866.8000,2867.0000,2868.0000,2870.0000,2872.0000,2,1,1,5,1,1,1,2,1,2
SF,IH2009,2020-02-17 09:35:10.300,2866.0000,3399,0,75613800.000,0,-,-,-,-,2865.0000,2864.4000,2858.0000,2857.6000,2856.4000,2866.8000,2867.0000,2868.0000,2870.0000,2872.0000,3,1,1,5,1,1,1,2,1,2
SF,IH2009,2020-02-17 09:35:10.800,2866.0000,3399,0,75613800.000,0,-,-,-,-,2865.0000,2864.4000,2860.0000,2858.0000,2857.6000,2866.6000,2866.8000,2867.0000,2868.0000,2870.0000,3,1,1,1,5,1,1,1,2,1
SF,IH2009,2020-02-17 09:35:11.300,2866.0000,3399,0,75613800.000,0,-,-,-,-,2865.0000,2864.4000,2860.0000,2858.0000,2857.6000,2866.6000,2866.8000,2867.0000,2868.0000,2870.0000,3,1,2,1,5,1,1,1,2,1
SF,IH2009,2020-02-17 09:35:11.800,2866.0000,3399,0,75613800.000,0,-,-,-,-,2865.0000,2864.4000,2860.0000,2858.0000,2857.6000,2866.6000,2866.8000,2867.0000,2868.0000,2870.0000,2,1,2,1,5,1,1,1,2,1
SF,IH2009,2020-02-17 09:35:13.300,2866.0000,3399,0,75613800.000,0,-,-,-,-,2865.0000,2864.4000,2860.0000,2858.0000,2857.6000,2866.8000,2867.0000,2868.0000,2870.0000,2872.0000,2,1,2,1,5,1,1,2,1,2
SF,IH2009,2020-02-17 09:35:13.800,2866.0000,3399,0,75613800.000,0,-,-,-,-,2866.4000,2865.0000,2864.4000,2860.0000,2858.0000,2866.6000,2866.8000,2867.0000,2868.0000,2870.0000,1,2,1,2,1,1,1,1,2,1
SF,IH2009,2020-02-17 09:35:14.300,2866.4000,3399,0,76473720.000,1,0,1,多换,S,2865.0000,2864.4000,2860.0000,2858.0000,2857.6000,2866.6000,2866.8000,2867.0000,2868.0000,2870.0000,2,1,2,1,5,1,1,1,2,1
SF,IH2009,2020-02-17 09:35:14.800,2866.4000,3399,0,76473720.000,0,-,-,-,-,2865.0000,2864.4000,2860.0000,2858.0000,2857.6000,2866.2000,2866.8000,2867.0000,2868.0000,2870.0000,2,1,2,1,5,1,1,1,2,1
SF,IH2009,2020-02-17 09:35:15.300,2866.4000,3399,0,76473720.000,0,-,-,-,-,2865.0000,2864.4000,2860.0000,2858.0000,2857.6000,2866.4000,2866.8000,2867.0000,2868.0000,2870.0000,2,1,2,1,5,2,1,1,2,1
SF,IH2009,2020-02-17 09:35:15.800,2866.4000,3399,0,76473720.000,0,-,-,-,-,2865.2000,2865.0000,2864.4000,2860.0000,2858.0000,2866.4000,2866.8000,2867.0000,2868.0000,2870.0000,2,2,1,2,1,2,1,1,2,1
SF,IH2009,2020-02-17 09:35:16.300,2865.2000,3399,0,77333280.000,1,0,1,多换,S,2865.2000,2865.0000,2864.4000,2860.0000,2858.0000,2866.4000,2866.8000,2867.0000,2868.0000,2870.0000,1,2,1,2,1,1,1,1,2,1
SF,IH2009,2020-02-17 09:35:16.800,2865.2000,3399,0,77333280.000,0,-,-,-,-,2865.2000,2865.0000,2864.4000,2860.0000,2858.0000,2866.4000,2866.8000,2867.0000,2868.0000,2870.0000,1,2,1,2,1,1,1,1,2,1
SF,IH2009,2020-02-17 09:35:17.300,2865.2000,3399,0,77333280.000,0,-,-,-,-,2865.2000,2865.0000,2864.4000,2860.0000,2858.0000,2866.4000,2866.8000,2867.0000,2868.0000,2870.0000,2,2,1,2,1,1,1,1,2,1
SF,IH2009,2020-02-17 09:35:19.300,2865.2000,3399,0,78192840.000,1,0,1,多换,S,2865.2000,2865.0000,2864.4000,2860.0000,2858.0000,2866.4000,2866.8000,2867.0000,2868.0000,2870.0000,1,2,1,2,1,1,1,1,2,1
SF,IH2009,2020-02-17 09:35:19.800,2865.2000,3399,0,78192840.000,0,-,-,-,-,2865.2000,2865.0000,2864.4000,2860.0000,2858.0000,2866.2000,2866.4000,2866.8000,2867.0000,2868.0000,1,2,1,2,1,1,1,1,1,2
SF,IH2009,2020-02-17 09:35:20.300,2865.2000,3400,1,79052400.000,1,1,0,双开,S,2865.0000,2864.4000,2860.0000,2858.0000,2857.6000,2866.2000,2866.4000,2866.8000,2867.0000,2868.0000,2,1,2,1,5,1,1,1,1,2
SF,IH2009,2020-02-17 09:35:20.800,2865.2000,3400,0,79052400.000,0,-,-,-,-,2865.0000,2864.4000,2860.0000,2858.0000,2857.6000,2866.0000,2866.2000,2866.4000,2866.8000,2867.0000,2,1,2,1,5,1,1,1,1,1
SF,IH2009,2020-02-17 09:35:21.300,2865.2000,3400,0,79052400.000,0,-,-,-,-,2865.0000,2864.4000,2860.0000,2858.0000,2857.6000,2866.0000,2866.2000,2866.4000,2866.8000,2867.0000,2,1,2,1,5,2,1,1,1,1
SF,IH2009,2020-02-17 09:35:21.800,2865.0000,3401,1,79911900.000,1,1,0,双开,S,2865.0000,2864.4000,2860.0000,2858.0000,2857.6000,2866.0000,2866.2000,2866.4000,2866.8000,2867.0000,1,1,2,1,5,2,1,1,1,1
SF,IH2009,2020-02-17 09:35:22.800,2865.0000,3401,0,79911900.000,0,-,-,-,-,2865.0000,2864.4000,2860.0000,2858.0000,2857.6000,2866.2000,2866.8000,2867.0000,2868.0000,2870.0000,1,1,2,1,5,1,1,1,2,1
SF,IH2009,2020-02-17 09:35:24.300,2865.0000,3401,0,79911900.000,0,-,-,-,-,2865.0000,2864.4000,2860.0000,2858.0000,2857.6000,2866.2000,2866.8000,2867.0000,2868.0000,2870.0000,1,1,2,1,5,1,1,1,2,1
SF,IH2009,2020-02-17 09:35:24.800,2865.0000,3401,0,80771400.000,1,0,1,多换,S,2864.4000,2860.0000,2858.0000,2857.6000,2856.4000,2866.2000,2866.8000,2867.0000,2868.0000,2870.0000,1,2,1,5,1,1,1,1,2,1
SF,IH2009,2020-02-17 09:35:25.300,2865.0000,3401,0,80771400.000,0,-,-,-,-,2864.4000,2860.0000,2858.0000,2857.6000,2856.4000,2866.0000,2866.2000,2866.8000,2867.0000,2868.0000,1,2,1,5,1,1,1,1,1,2
SF,IH2009,2020-02-17 09:35:25.800,2865.0000,3401,0,80771400.000,0,-,-,-,-,2864.4000,2860.0000,2858.0000,2857.6000,2856.4000,2865.8000,2866.0000,2866.8000,2867.0000,2868.0000,1,2,1,5,1,1,1,1,1,2
SF,IH2009,2020-02-17 09:35:26.300,2864.4000,3401,0,81630720.000,1,0,1,多换,S,2860.0000,2858.0000,2857.6000,2856.4000,2856.0000,2865.8000,2866.0000,2866.8000,2867.0000,2868.0000,2,1,5,1,1,1,1,1,1,2
SF,IH2009,2020-02-17 09:35:26.800,2864.4000,3401,0,81630720.000,0,-,-,-,-,2861.8000,2860.2000,2860.0000,2858.0000,2857.6000,2865.6000,2866.0000,2866.8000,2867.0000,2868.0000,1,1,3,1,5,2,1,1,1,2
SF,IH2009,2020-02-17 09:35:27.300,2864.4000,3401,0,81630720.000,0,-,-,-,-,2862.0000,2861.8000,2860.0000,2858.0000,2857.6000,2865.6000,2866.0000,2866.8000,2867.0000,2868.0000,1,1,3,1,5,2,1,1,1,2
SF,IH2009,2020-02-17 09:35:27.800,2864.4000,3401,0,81630720.000,0,-,-,-,-,2862.0000,2861.8000,2860.0000,2858.0000,2857.6000,2865.6000,2866.0000,2866.8000,2867.0000,2868.0000,1,1,3,1,5,2,1,1,1,2
SF,IH2009,2020-02-17 09:35:28.300,2864.4000,3401,0,81630720.000,0,-,-,-,-,2862.0000,2861.8000,2860.0000,2858.0000,2857.6000,2865.4000,2865.6000,2866.0000,2866.8000,2867.0000,1,1,3,1,5,2,2,1,1,1
SF,IH2009,2020-02-17 09:35:28.800,2864.4000,3401,0,81630720.000,0,-,-,-,-,2862.0000,2861.8000,2860.0000,2858.0000,2857.6000,2865.2000,2865.4000,2865.6000,2866.0000,2866.8000,1,1,3,1,5,2,2,1,1,1
SF,IH2009,2020-02-17 09:35:29.300,2864.4000,3401,0,81630720.000,0,-,-,-,-,2862.0000,2861.8000,2860.0000,2858.0000,2857.6000,2865.2000,2865.4000,2865.6000,2866.8000,2867.0000,1,1,3,1,5,2,2,1,1,1
SF,IH2009,2020-02-17 09:35:29.800,2864.4000,3401,0,81630720.000,0,-,-,-,-,2862.0000,2861.8000,2860.0000,2858.0000,2857.6000,2865.0000,2865.2000,2865.4000,2866.8000,2867.0000,1,1,3,1,5,1,2,1,1,1
SF,IH2009,2020-02-17 09:35:30.300,2864.4000,3401,0,81630720.000,0,-,-,-,-,2862.2000,2862.0000,2861.8000,2860.0000,2858.0000,2864.8000,2865.4000,2866.8000,2867.0000,2868.0000,1,1,1,3,1,1,1,1,1,2
SF,IH2009,2020-02-17 09:35:30.800,2864.4000,3401,0,81630720.000,0,-,-,-,-,2862.4000,2862.2000,2861.8000,2860.0000,2858.0000,2864.8000,2866.8000,2867.0000,2868.0000,2870.0000,1,2,1,3,1,1,1,1,2,1
SF,IH2009,2020-02-17 09:35:31.300,2864.4000,3401,0,81630720.000,0,-,-,-,-,2862.6000,2862.4000,2861.8000,2860.0000,2858.0000,2864.6000,2864.8000,2866.8000,2867.0000,2868.0000,1,1,1,3,1,1,1,1,1,2
SF,IH2009,2020-02-17 09:35:32.800,2864.4000,3401,0,81630720.000,0,-,-,-,-,2862.8000,2862.6000,2862.4000,2861.8000,2860.0000,2864.8000,2866.8000,2867.0000,2868.0000,2870.0000,1,1,1,1,3,1,1,1,2,1
SF,IH2009,2020-02-17 09:35:33.300,2864.4000,3401,0,81630720.000,0,-,-,-,-,2863.0000,2862.8000,2862.6000,2861.8000,2860.0000,2864.6000,2864.8000,2866.8000,2867.0000,2868.0000,1,1,1,1,3,1,1,1,1,2
SF,IH2009,2020-02-17 09:35:33.800,2864.4000,3401,0,81630720.000,0,-,-,-,-,2863.2000,2863.0000,2862.8000,2861.8000,2860.0000,2864.6000,2864.8000,2866.8000,2867.0000,2868.0000,1,1,1,1,3,1,1,1,1,2
SF,IH2009,2020-02-17 09:35:34.300,2864.4000,3401,0,81630720.000,0,-,-,-,-,2863.2000,2863.0000,2861.8000,2860.0000,2858.0000,2864.6000,2866.8000,2867.0000,2868.0000,2870.0000,1,1,1,3,1,1,1,1,2,1
SF,IH2009,2020-02-17 09:35:34.800,2864.4000,3401,0,81630720.000,0,-,-,-,-,2863.4000,2863.2000,2863.0000,2861.8000,2860.0000,2864.6000,2866.8000,2867.0000,2868.0000,2870.0000,1,1,1,1,3,1,1,1,2,1
SF,IH2009,2020-02-17 09:35:35.300,2864.6000,3400,-1,82490100.000,1,0,1,双平,S,2863.4000,2863.2000,2863.0000,2861.8000,2860.0000,2866.8000,2867.0000,2868.0000,2870.0000,2872.0000,1,1,1,1,3,1,1,2,1,2
SF,IH2009,2020-02-17 09:35:35.800,2864.6000,3400,0,82490100.000,0,-,-,-,-,2863.6000,2863.4000,2863.2000,2863.0000,2861.8000,2866.6000,2866.8000,2867.0000,2868.0000,2870.0000,1,1,1,1,1,3,1,1,2,1
SF,IH2009,2020-02-17 09:35:36.300,2864.6000,3400,0,82490100.000,0,-,-,-,-,2863.8000,2863.6000,2863.2000,2863.0000,2861.8000,2866.6000,2867.0000,2868.0000,2870.0000,2872.0000,1,1,1,1,1,1,1,2,1,2
SF,IH2009,2020-02-17 09:35:36.800,2864.6000,3400,0,82490100.000,0,-,-,-,-,2863.8000,2863.6000,2863.2000,2863.0000,2861.8000,2866.6000,2867.0000,2868.0000,2870.0000,2872.0000,2,1,1,1,1,1,1,2,1,2
SF,IH2009,2020-02-17 09:35:37.300,2864.6000,3400,0,82490100.000,0,-,-,-,-,2863.8000,2863.2000,2863.0000,2861.8000,2860.0000,2866.4000,2866.6000,2867.0000,2868.0000,2870.0000,2,1,1,1,3,2,1,1,2,1
SF,IH2009,2020-02-17 09:35:37.800,2863.8000,3400,0,84208500.000,2,1,1,多换,S,2863.0000,2861.8000,2860.0000,2858.0000,2857.6000,2866.2000,2866.4000,2867.0000,2868.0000,2870.0000,1,1,3,1,5,1,2,1,2,1
SF,IH2009,2020-02-17 09:35:38.300,2863.8000,3400,0,84208500.000,0,-,-,-,-,2863.2000,2863.0000,2861.8000,2860.0000,2858.0000,2866.2000,2867.0000,2868.0000,2870.0000,2872.0000,2,1,1,3,1,1,1,2,1,2
SF,IH2009,2020-02-17 09:35:38.800,2863.8000,3400,0,84208500.000,0,-,-,-,-,2863.2000,2863.0000,2861.8000,2860.0000,2858.0000,2866.0000,2866.2000,2867.0000,2868.0000,2870.0000,2,1,1,3,1,1,1,1,2,1
SF,IH2009,2020-02-17 09:35:39.300,2863.8000,3400,0,84208500.000,0,-,-,-,-,2863.2000,2863.0000,2861.8000,2860.0000,2858.0000,2865.8000,2866.0000,2867.0000,2868.0000,2870.0000,2,1,1,3,1,1,1,1,2,1
