市场代码,合约代码,时间,最新,持仓,增仓,成交额,成交量,开仓,平仓,成交类型,方向,买一价,买二价,买三价,买四价,买五价,卖一价,卖二价,卖三价,卖四价,卖五价,买一量,买二量,买三量,买四量,买五量,卖一量,卖二量,卖三量,卖四量,卖五量
SF,IH2003,2020-02-05 09:29:00.000,2787.8000,24791,0,24253860.000,29.000,-,-,-,-,2784.8000,2783.8000,2783.0000,2782.6000,2782.0000,2788.0000,2792.8000,2793.4000,2794.0000,2794.4000,1,1,1,1,1,5,1,6,3,1
SF,IH2003,2020-02-05 09:30:00.500,2784.8000,24785,-6,31779360.000,9,1,8,多平,S,2784.6000,2783.8000,2783.0000,2782.6000,2782.0000,2786.8000,2787.0000,2788.0000,2788.2000,2788.4000,2,1,1,1,1,1,1,4,1,1
SF,IH2003,2020-02-05 09:30:01.000,2786.8000,24782,-3,38467200.000,8,2,6,多平,S,2786.8000,2786.2000,2784.8000,2784.6000,2783.0000,2787.2000,2787.4000,2787.8000,2788.0000,2788.2000,2,1,1,2,1,3,1,1,4,1
SF,IH2003,2020-02-05 09:30:01.500,2787.0000,24776,-6,49338240.000,13,3,10,多平,S,2787.0000,2786.8000,2786.6000,2786.4000,2786.2000,2788.2000,2788.4000,2789.2000,2789.8000,2792.8000,14,4,6,2,1,1,1,1,1,1
SF,IH2003,2020-02-05 09:30:02.000,2787.0000,24775,-1,51010800.000,2,0,2,多平,S,2786.8000,2786.2000,2785.4000,2784.8000,2784.6000,2787.8000,2788.0000,2788.2000,2788.4000,2789.2000,2,1,1,1,2,1,4,7,2,1
SF,IH2003,2020-02-05 09:30:02.500,2787.6000,24774,-1,52683120.000,2,0,2,多平,S,2786.8000,2786.2000,2785.4000,2785.0000,2784.8000,2787.6000,2787.8000,2788.0000,2788.2000,2788.4000,1,1,1,1,1,1,3,2,4,1
SF,IH2003,2020-02-05 09:30:03.000,2787.8000,24771,-3,55191780.000,3,0,3,双平,S,2786.8000,2786.2000,2785.4000,2785.0000,2784.8000,2787.0000,2787.8000,2788.0000,2788.2000,2788.4000,1,1,1,1,1,1,2,2,4,2
SF,IH2003,2020-02-05 09:30:03.500,2786.2000,24769,-2,56863680.000,2,0,2,双平,S,2785.4000,2785.0000,2784.6000,2784.4000,2783.0000,2786.8000,2787.0000,2787.2000,2787.8000,2788.0000,1,1,2,1,1,1,2,1,3,2
SF,IH2003,2020-02-05 09:30:04.000,2786.8000,24770,1,57699720.000,1,1,0,双开,S,2785.6000,2785.4000,2785.0000,2784.6000,2784.4000,2786.8000,2787.0000,2787.8000,2788.0000,2788.2000,7,1,1,2,2,1,2,3,2,2
SF,IH2003,2020-02-05 09:30:04.500,2786.8000,24770,0,58535760.000,1,0,1,多换,S,2785.0000,2784.6000,2784.4000,2783.0000,2782.4000,2787.0000,2787.6000,2787.8000,2788.4000,2789.2000,1,2,2,1,1,2,1,3,1,1
SF,IH2003,2020-02-05 09:30:05.000,2786.8000,24770,0,58535760.000,0,-,-,-,-,2785.2000,2785.0000,2784.6000,2784.4000,2783.0000,2785.4000,2785.6000,2786.8000,2787.0000,2787.2000,7,1,2,2,1,2,1,1,3,1
SF,IH2003,2020-02-05 09:30:05.500,2786.8000,24770,0,58535760.000,0,-,-,-,-,2785.0000,2784.6000,2784.4000,2783.0000,2782.4000,2785.4000,2785.6000,2786.8000,2787.0000,2787.2000,1,2,2,1,1,3,1,2,3,1
SF,IH2003,2020-02-05 09:30:06.000,2785.0000,24770,0,59371260.000,1,0,1,多换,S,2784.6000,2784.4000,2784.0000,2783.0000,2782.4000,2785.2000,2785.4000,2785.6000,2786.8000,2787.0000,2,2,4,1,1,1,3,1,1,9
SF,IH2003,2020-02-05 09:30:06.500,2785.2000,24768,-2,61877700.000,3,0,3,多平,S,2784.6000,2784.4000,2784.0000,2783.0000,2782.4000,2785.4000,2785.6000,2786.8000,2787.0000,2787.2000,1,2,4,1,1,3,1,1,9,1
SF,IH2003,2020-02-05 09:30:07.000,2784.4000,24768,0,63548400.000,2,1,1,多换,S,2784.0000,2783.0000,2782.4000,2782.0000,2781.0000,2784.2000,2784.6000,2785.0000,2785.2000,2785.4000,4,1,1,1,1,1,2,1,1,3
SF,IH2003,2020-02-05 09:30:07.500,2784.0000,24764,-4,66889200.000,4,0,4,双平,S,2783.0000,2782.4000,2782.0000,2781.0000,2780.0000,2784.2000,2784.6000,2785.0000,2785.2000,2785.4000,1,1,1,1,3,1,5,1,1,3
SF,IH2003,2020-02-05 09:30:08.000,2783.0000,24763,-1,67724100.000,1,0,1,双平,S,2782.4000,2782.0000,2781.0000,2780.0000,2778.0000,2784.0000,2784.2000,2784.6000,2784.8000,2785.0000,1,1,1,3,1,1,2,4,1,1
SF,IH2003,2020-02-05 09:30:08.500,2784.0000,24761,-2,69394500.000,2,0,2,双平,S,2782.4000,2782.0000,2781.0000,2780.0000,2778.0000,2784.2000,2784.6000,2784.8000,2785.0000,2785.4000,1,1,1,3,1,1,4,1,1,3
SF,IH2003,2020-02-05 09:30:09.000,2783.0000,24759,-2,72733440.000,4,1,3,多平,S,2781.0000,2780.0000,2778.0000,2775.0000,2774.8000,2783.6000,2784.0000,2784.6000,2784.8000,2785.0000,1,3,1,2,1,1,3,5,1,1
SF,IH2003,2020-02-05 09:30:09.500,2783.0000,24759,0,72733440.000,0,-,-,-,-,2781.2000,2781.0000,2780.0000,2778.0000,2775.0000,2782.0000,2782.4000,2783.0000,2783.4000,2783.6000,1,1,3,1,2,1,2,1,4,2
SF,IH2003,2020-02-05 09:30:10.000,2782.0000,24756,-3,75237420.000,3,0,3,双平,S,2781.4000,2781.0000,2780.0000,2778.0000,2775.0000,2782.4000,2783.0000,2783.4000,2783.6000,2784.0000,1,1,3,1,2,1,1,1,1,5
SF,IH2003,2020-02-05 09:30:10.500,2781.4000,24755,-1,76071840.000,1,0,1,双平,S,2781.0000,2780.0000,2778.0000,2775.0000,2774.8000,2781.2000,2782.0000,2782.4000,2783.0000,2783.4000,1,3,1,2,1,1,1,2,1,1
SF,IH2003,2020-02-05 09:30:11.000,2780.0000,24753,-2,79409160.000,4,1,3,多平,S,2780.0000,2778.0000,2775.0000,2774.8000,2773.4000,2781.0000,2782.4000,2783.0000,2783.4000,2784.0000,2,1,2,1,1,2,2,1,1,5
SF,IH2003,2020-02-05 09:30:11.500,2780.0000,24752,-1,80243160.000,1,0,1,双平,S,2780.0000,2778.0000,2775.0000,2774.8000,2773.4000,2780.8000,2781.0000,2781.4000,2782.4000,2783.0000,2,1,2,1,1,2,3,1,1,1
SF,IH2003,2020-02-05 09:30:12.000,2781.0000,24748,-4,86082300.000,7,1,6,多平,S,2780.2000,2780.0000,2779.0000,2778.0000,2775.0000,2781.0000,2781.4000,2782.4000,2783.0000,2783.4000,3,3,3,1,2,2,1,1,1,1
SF,IH2003,2020-02-05 09:30:12.500,2780.4000,24745,-3,88585020.000,3,0,3,双平,S,2780.2000,2780.0000,2779.0000,2778.0000,2775.0000,2781.4000,2782.4000,2783.0000,2783.2000,2783.4000,3,2,3,1,2,1,1,1,1,1
SF,IH2003,2020-02-05 09:30:13.000,2780.0000,24746,1,89419020.000,1,1,0,双开,S,2781.0000,2780.0000,2779.0000,2778.4000,2778.0000,2781.4000,2782.4000,2783.0000,2783.2000,2783.4000,2,1,3,1,1,2,2,1,1,1
SF,IH2003,2020-02-05 09:30:13.500,2781.0000,24746,0,91087620.000,2,1,1,多换,S,2781.0000,2780.0000,2779.0000,2778.4000,2778.0000,2781.4000,2782.4000,2783.0000,2783.2000,2783.4000,2,1,3,1,1,2,1,4,1,1
SF,IH2003,2020-02-05 09:30:14.000,2781.2000,24745,-1,91921980.000,1,0,1,双平,S,2781.0000,2780.0000,2778.4000,2778.0000,2775.0000,2781.4000,2782.4000,2783.0000,2783.2000,2783.4000,2,4,1,1,2,2,1,4,1,1
SF,IH2003,2020-02-05 09:30:14.500,2781.4000,24744,-1,94425240.000,3,1,2,多平,S,2781.6000,2781.0000,2780.8000,2780.0000,2778.4000,2782.4000,2783.0000,2783.2000,2783.4000,2784.0000,1,2,1,4,1,1,4,1,1,5
SF,IH2003,2020-02-05 09:30:15.000,2781.4000,24743,-1,95259660.000,1,0,1,双平,S,2781.6000,2781.4000,2781.0000,2780.8000,2780.0000,2782.4000,2783.0000,2783.2000,2783.4000,2784.0000,1,2,2,1,1,1,4,1,1,5
SF,IH2003,2020-02-05 09:30:15.500,2781.0000,24743,0,98597220.000,4,2,2,多换,S,2781.6000,2781.4000,2781.0000,2780.8000,2780.0000,2782.4000,2783.0000,2783.2000,2783.4000,2784.0000,1,8,1,1,1,1,4,1,1,5
SF,IH2003,2020-02-05 09:30:16.000,2782.4000,24741,-2,100266660.000,2,0,2,双平,S,2781.6000,2781.4000,2781.0000,2780.8000,2780.0000,2783.0000,2783.2000,2783.4000,2784.0000,2784.6000,1,6,1,1,1,4,1,1,5,4
SF,IH2003,2020-02-05 09:30:16.500,2782.4000,24741,0,100266660.000,0,-,-,-,-,2782.4000,2781.6000,2781.4000,2781.0000,2780.8000,2783.0000,2783.2000,2784.0000,2784.6000,2784.8000,1,1,6,1,1,4,1,1,4,1
SF,IH2003,2020-02-05 09:30:17.000,2782.4000,24741,0,101101380.000,1,0,1,多换,S,2782.4000,2781.6000,2781.4000,2781.0000,2780.8000,2783.0000,2783.2000,2784.0000,2784.6000,2785.0000,1,1,6,1,1,4,1,1,4,1
SF,IH2003,2020-02-05 09:30:17.500,2782.4000,24738,-3,106110120.000,6,1,5,多平,S,2781.6000,2781.4000,2781.0000,2780.8000,2780.0000,2783.0000,2783.2000,2784.6000,2785.0000,2786.8000,1,6,1,1,1,2,1,4,1,1
SF,IH2003,2020-02-05 09:30:18.000,2781.6000,24738,0,110283060.000,5,2,3,多换,S,2781.4000,2781.0000,2780.8000,2780.0000,2778.4000,2781.6000,2782.4000,2782.8000,2783.0000,2783.2000,6,1,1,1,1,2,1,1,2,1
SF,IH2003,2020-02-05 09:30:18.500,2781.6000,24739,1,111952020.000,2,1,1,空开,S,2781.6000,2781.4000,2781.0000,2780.8000,2780.0000,2782.4000,2782.6000,2783.0000,2783.2000,2784.6000,1,6,1,1,1,1,6,2,1,4
SF,IH2003,2020-02-05 09:30:19.000,2781.8000,24738,-1,113621280.000,2,0,2,多平,S,2781.6000,2781.4000,2781.0000,2780.8000,2780.6000,2782.6000,2783.0000,2783.2000,2784.6000,2785.0000,4,6,1,1,3,6,2,1,4,1
SF,IH2003,2020-02-05 09:30:19.500,2781.8000,24737,-1,115290600.000,2,0,2,多平,S,2781.6000,2781.4000,2781.0000,2780.8000,2780.6000,2782.6000,2783.0000,2783.2000,2783.6000,2784.6000,4,6,1,1,3,5,2,1,1,3
SF,IH2003,2020-02-05 09:30:20.000,2781.6000,24736,-1,116125080.000,1,0,1,双平,S,2781.6000,2781.4000,2781.0000,2780.8000,2780.6000,2782.4000,2782.6000,2783.0000,2783.2000,2783.6000,3,6,1,1,3,1,5,2,1,1
SF,IH2003,2020-02-05 09:30:20.500,2782.6000,24735,-1,117794580.000,2,0,2,多平,S,2781.6000,2781.4000,2781.0000,2780.8000,2780.6000,2782.6000,2783.0000,2783.2000,2783.6000,2784.6000,11,6,1,1,3,4,2,1,1,3
SF,IH2003,2020-02-05 09:30:21.000,2782.6000,24735,0,117794580.000,0,-,-,-,-,2781.8000,2781.6000,2781.4000,2781.0000,2780.8000,2782.6000,2783.0000,2783.2000,2783.6000,2784.6000,4,15,6,1,1,4,4,1,1,3
SF,IH2003,2020-02-05 09:30:21.500,2781.6000,24734,-1,122802000.000,6,2,4,多平,S,2781.6000,2781.4000,2781.0000,2780.8000,2780.2000,2782.6000,2783.0000,2783.2000,2783.6000,2784.6000,14,6,2,1,1,3,4,1,1,3
SF,IH2003,2020-02-05 09:30:22.000,2781.6000,24734,0,122802000.000,0,-,-,-,-,2781.6000,2781.4000,2781.0000,2780.8000,2780.2000,2782.4000,2782.6000,2783.0000,2783.2000,2783.6000,11,6,2,1,1,1,3,4,1,1
SF,IH2003,2020-02-05 09:30:22.500,2782.4000,24734,0,123636720.000,1,0,1,多换,S,2781.6000,2781.4000,2781.0000,2780.8000,2780.2000,2782.6000,2783.0000,2783.2000,2783.6000,2784.6000,11,6,2,1,1,3,4,1,1,3
SF,IH2003,2020-02-05 09:30:23.000,2782.4000,24734,0,123636720.000,0,-,-,-,-,2781.6000,2781.4000,2781.0000,2780.8000,2780.2000,2782.6000,2783.0000,2783.2000,2783.6000,2784.6000,11,6,2,1,1,3,4,1,1,3
SF,IH2003,2020-02-05 09:30:23.500,2782.4000,24734,0,123636720.000,0,-,-,-,-,2782.4000,2781.8000,2781.6000,2781.4000,2781.0000,2782.6000,2782.8000,2783.0000,2783.2000,2783.6000,1,1,11,6,2,3,1,4,1,1
SF,IH2003,2020-02-05 09:30:24.000,2782.4000,24734,0,124471440.000,1,0,1,多换,S,2781.8000,2781.6000,2781.4000,2781.2000,2781.0000,2782.6000,2782.8000,2783.0000,2783.2000,2783.6000,1,13,6,3,2,4,1,4,1,1
SF,IH2003,2020-02-05 09:30:24.500,2782.6000,24734,0,125306220.000,1,0,1,多换,S,2781.8000,2781.6000,2781.4000,2781.2000,2781.0000,2782.6000,2782.8000,2783.0000,2783.2000,2783.6000,1,13,6,3,2,3,1,4,1,1
SF,IH2003,2020-02-05 09:30:25.000,2782.6000,24733,-1,126141000.000,1,0,1,双平,S,2781.8000,2781.6000,2781.4000,2781.2000,2781.0000,2782.6000,2782.8000,2783.0000,2783.2000,2783.6000,1,13,6,3,2,2,1,4,1,1
SF,IH2003,2020-02-05 09:30:25.500,2782.6000,24733,0,126975780.000,1,0,1,多换,S,2781.8000,2781.6000,2781.4000,2781.2000,2781.0000,2782.6000,2782.8000,2783.0000,2783.2000,2783.6000,1,13,6,3,2,1,1,4,1,1
SF,IH2003,2020-02-05 09:30:26.000,2782.6000,24733,0,127810560.000,1,0,1,多换,S,2781.8000,2781.6000,2781.4000,2781.2000,2781.0000,2782.8000,2783.0000,2783.2000,2783.6000,2784.6000,1,13,6,3,2,1,5,1,1,3
SF,IH2003,2020-02-05 09:30:26.500,2781.8000,24732,-1,128645100.000,1,0,1,双平,S,2782.6000,2781.6000,2781.4000,2781.2000,2781.0000,2782.8000,2783.0000,2783.2000,2783.6000,2784.6000,5,13,6,3,2,2,4,1,1,3
SF,IH2003,2020-02-05 09:30:27.000,2782.6000,24733,1,133653780.000,6,3,3,空开,S,2781.8000,2781.6000,2781.4000,2781.2000,2781.0000,2782.8000,2783.0000,2783.2000,2783.6000,2784.6000,1,13,6,3,2,2,4,1,1,3
SF,IH2003,2020-02-05 09:30:27.500,2781.8000,24733,0,134488320.000,1,0,1,多换,S,2781.6000,2781.4000,2781.2000,2781.0000,2780.8000,2782.6000,2782.8000,2783.0000,2783.2000,2783.6000,13,6,3,2,1,1,2,5,1,1
SF,IH2003,2020-02-05 09:30:28.000,2781.8000,24733,0,134488320.000,0,-,-,-,-,2781.6000,2781.4000,2781.2000,2781.0000,2780.8000,2782.6000,2782.8000,2783.0000,2783.2000,2783.6000,13,6,3,2,1,2,2,5,1,1
SF,IH2003,2020-02-05 09:30:28.500,2782.4000,24728,-5,140331180.000,7,1,6,多平,S,2782.4000,2781.6000,2781.4000,2781.0000,2780.8000,2782.8000,2783.0000,2783.2000,2783.6000,2784.6000,1,12,6,2,1,2,5,1,2,2
SF,IH2003,2020-02-05 09:30:29.000,2782.2000,24727,-1,149510880.000,11,5,6,多平,S,2781.6000,2781.4000,2781.0000,2780.8000,2780.6000,2782.2000,2782.4000,2782.6000,2782.8000,2783.0000,3,6,2,1,1,1,5,1,3,6
SF,IH2003,2020-02-05 09:30:29.500,2782.2000,24728,1,151180020.000,2,1,1,空开,S,2781.6000,2781.4000,2781.0000,2780.8000,2780.6000,2782.4000,2782.6000,2782.8000,2783.0000,2783.2000,2,6,2,1,1,1,1,2,5,1
SF,IH2003,2020-02-05 09:30:30.000,2782.2000,24728,0,151180020.000,0,-,-,-,-,2781.6000,2781.4000,2781.0000,2780.8000,2780.6000,2782.0000,2782.4000,2782.6000,2782.8000,2783.0000,2,6,2,1,1,1,1,1,3,5
SF,IH2003,2020-02-05 09:30:30.500,2781.6000,24726,-2,152848980.000,2,0,2,双平,S,2781.4000,2781.0000,2780.8000,2780.6000,2780.4000,2782.0000,2782.4000,2782.6000,2782.8000,2783.0000,6,2,1,1,1,2,1,1,3,5
SF,IH2003,2020-02-05 09:30:31.000,2782.0000,24726,0,155352420.000,3,1,2,多换,S,2781.4000,2781.0000,2780.8000,2780.6000,2780.4000,2782.0000,2782.4000,2782.6000,2782.8000,2783.0000,4,2,1,1,1,1,5,1,3,5
SF,IH2003,2020-02-05 09:30:31.500,2782.0000,24727,1,156187020.000,1,1,0,双开,S,2782.0000,2781.4000,2781.0000,2780.8000,2780.6000,2782.4000,2782.6000,2782.8000,2783.0000,2783.2000,4,4,2,1,1,5,1,3,6,1
SF,IH2003,2020-02-05 09:30:32.000,2782.0000,24728,1,160360020.000,5,3,2,空开,S,2781.4000,2781.0000,2780.8000,2780.6000,2780.4000,2781.8000,2782.0000,2782.2000,2782.4000,2782.8000,4,2,1,1,1,3,1,4,5,3
SF,IH2003,2020-02-05 09:30:32.500,2782.0000,24728,0,160360020.000,0,-,-,-,-,2781.4000,2781.0000,2780.8000,2780.6000,2780.4000,2781.6000,2781.8000,2782.2000,2782.4000,2782.8000,4,2,1,1,1,1,3,4,5,3
SF,IH2003,2020-02-05 09:30:33.000,2781.6000,24727,-1,161194500.000,1,0,1,双平,S,2781.8000,2781.4000,2781.0000,2780.8000,2780.6000,2782.2000,2782.4000,2782.8000,2783.0000,2783.2000,1,4,2,1,1,4,5,3,6,1
SF,IH2003,2020-02-05 09:30:33.500,2781.4000,24726,-1,165366720.000,5,2,3,多平,S,2781.0000,2780.8000,2780.6000,2780.4000,2780.2000,2781.8000,2782.2000,2782.4000,2782.8000,2783.0000,2,1,1,1,1,1,4,5,3,6
SF,IH2003,2020-02-05 09:30:34.000,2781.2000,24727,1,167869680.000,3,2,1,空开,S,2780.8000,2780.6000,2780.4000,2780.2000,2780.0000,2781.4000,2781.6000,2781.8000,2782.2000,2782.4000,1,1,1,1,1,1,6,2,1,5
SF,IH2003,2020-02-05 09:30:34.500,2780.8000,24727,0,168703920.000,1,0,1,多换,S,2780.6000,2780.4000,2780.2000,2780.0000,2779.4000,2781.2000,2781.4000,2781.6000,2781.8000,2782.0000,1,1,1,1,1,3,1,1,3,1
SF,IH2003,2020-02-05 09:30:35.000,2780.6000,24727,0,169538100.000,1,0,1,多换,S,2780.4000,2780.2000,2780.0000,2779.4000,2778.4000,2780.6000,2780.8000,2781.0000,2781.2000,2781.4000,1,1,1,1,1,1,1,1,4,1
SF,IH2003,2020-02-05 09:30:35.500,2780.6000,24728,1,174542820.000,6,3,3,空开,S,2780.0000,2779.4000,2778.4000,2778.0000,2775.0000,2780.8000,2781.4000,2781.8000,2782.0000,2782.2000,1,1,1,1,4,1,1,2,1,1
SF,IH2003,2020-02-05 09:30:36.000,2780.6000,24728,0,174542820.000,0,-,-,-,-,2780.0000,2779.4000,2779.2000,2778.4000,2778.0000,2780.6000,2781.4000,2781.8000,2782.2000,2782.4000,1,1,3,1,1,1,1,1,1,5
SF,IH2003,2020-02-05 09:30:36.500,2780.0000,24728,0,175376820.000,1,0,1,多换,S,2779.4000,2778.4000,2778.0000,2775.0000,2774.8000,2780.6000,2781.0000,2781.4000,2781.8000,2782.2000,1,1,1,4,1,1,1,1,1,1
SF,IH2003,2020-02-05 09:30:37.000,2780.0000,24728,0,175376820.000,0,-,-,-,-,2779.4000,2778.4000,2778.0000,2775.0000,2774.8000,2780.0000,2780.6000,2781.0000,2781.4000,2781.8000,1,1,1,4,1,1,3,1,1,1
SF,IH2003,2020-02-05 09:30:37.500,2779.4000,24727,-1,176210640.000,1,0,1,双平,S,2778.4000,2778.0000,2775.0000,2774.8000,2773.4000,2779.8000,2780.0000,2780.4000,2780.6000,2781.0000,1,1,4,1,1,1,1,2,3,1
SF,IH2003,2020-02-05 09:30:38.000,2779.4000,24727,0,176210640.000,0,-,-,-,-,2778.6000,2778.4000,2778.0000,2777.6000,2775.0000,2779.8000,2780.0000,2780.4000,2780.6000,2781.0000,1,1,1,3,4,1,1,2,2,1
SF,IH2003,2020-02-05 09:30:38.500,2779.4000,24727,0,176210640.000,0,-,-,-,-,2778.8000,2778.6000,2778.4000,2778.2000,2778.0000,2779.8000,2780.0000,2780.4000,2780.6000,2781.0000,1,1,1,3,1,1,1,2,2,1
SF,IH2003,2020-02-05 09:30:39.000,2778.8000,24727,0,177044280.000,1,0,1,多换,S,2778.4000,2778.2000,2778.0000,2775.0000,2774.8000,2779.8000,2780.0000,2780.4000,2780.6000,2781.0000,1,3,1,5,1,1,1,2,2,1
SF,IH2003,2020-02-05 09:30:39.500,2778.8000,24727,0,177044280.000,0,-,-,-,-,2778.6000,2778.4000,2778.2000,2778.0000,2775.0000,2780.0000,2780.4000,2780.6000,2781.0000,2781.4000,2,1,3,1,5,1,1,2,1,1
SF,IH2003,2020-02-05 09:30:40.000,2778.4000,24727,0,177877800.000,1,0,1,多换,S,2778.2000,2778.0000,2775.0000,2774.8000,2773.4000,2779.2000,2779.6000,2780.0000,2780.4000,2780.6000,3,1,5,1,1,5,2,2,1,2
SF,IH2003,2020-02-05 09:30:40.500,2778.4000,24726,-1,178711320.000,1,0,1,双平,S,2778.0000,2777.4000,2776.0000,2775.0000,2774.8000,2779.8000,2780.0000,2780.4000,2780.6000,2781.0000,1,3,1,5,1,1,1,1,2,1
SF,IH2003,2020-02-05 09:30:41.000,2778.4000,24726,0,178711320.000,0,-,-,-,-,2778.0000,2777.4000,2776.0000,2775.0000,2774.8000,2779.0000,2779.2000,2779.6000,2779.8000,2780.0000,1,3,1,5,1,1,3,1,1,1
SF,IH2003,2020-02-05 09:30:41.500,2779.0000,24726,0,179545020.000,1,0,1,多换,S,2778.4000,2778.0000,2777.4000,2776.0000,2775.0000,2779.2000,2779.4000,2779.6000,2779.8000,2780.4000,1,1,3,1,5,3,3,1,1,1
SF,IH2003,2020-02-05 09:30:42.000,2778.0000,24725,-1,181211940.000,2,0,2,多平,S,2776.8000,2776.0000,2775.0000,2774.8000,2773.4000,2778.4000,2779.0000,2779.2000,2779.6000,2779.8000,3,1,5,1,1,1,1,5,1,1
SF,IH2003,2020-02-05 09:30:42.500,2777.0000,24724,-1,182045040.000,1,0,1,双平,S,2778.0000,2777.0000,2776.0000,2775.0000,2774.8000,2778.2000,2778.4000,2779.0000,2779.2000,2780.4000,1,1,3,5,1,2,2,1,5,1
SF,IH2003,2020-02-05 09:30:43.000,2777.4000,24724,0,182878260.000,1,0,1,多换,S,2776.0000,2775.0000,2774.8000,2773.4000,2770.2000,2778.2000,2778.4000,2779.2000,2779.8000,2780.4000,3,5,1,1,6,2,2,5,1,1
SF,IH2003,2020-02-05 09:30:43.500,2777.4000,24724,0,182878260.000,0,-,-,-,-,2777.0000,2776.0000,2775.0000,2774.8000,2773.4000,2778.0000,2778.4000,2779.2000,2779.8000,2780.4000,1,3,5,1,1,2,2,6,1,1
SF,IH2003,2020-02-05 09:30:44.000,2777.4000,24724,0,182878260.000,0,-,-,-,-,2777.0000,2776.2000,2776.0000,2775.0000,2774.8000,2778.0000,2778.4000,2779.2000,2779.8000,2780.4000,1,1,3,5,1,4,2,6,1,1
SF,IH2003,2020-02-05 09:30:44.500,2777.4000,24724,0,182878260.000,0,-,-,-,-,2777.0000,2776.2000,2776.0000,2775.0000,2774.8000,2777.8000,2778.0000,2778.2000,2778.4000,2779.2000,1,1,3,5,1,1,4,1,2,6
SF,IH2003,2020-02-05 09:30:45.000,2777.0000,24722,-2,185377320.000,3,0,3,多平,S,2776.0000,2775.0000,2774.8000,2773.4000,2770.2000,2777.0000,2778.0000,2778.2000,2778.4000,2779.2000,3,5,1,1,1,3,5,1,2,6
SF,IH2003,2020-02-05 09:30:45.500,2777.0000,24719,-3,187876620.000,3,0,3,双平,S,2777.2000,2777.0000,2776.2000,2776.0000,2775.0000,2778.0000,2778.2000,2778.4000,2779.2000,2779.8000,1,2,2,3,5,5,1,2,6,1
SF,IH2003,2020-02-05 09:30:46.000,2777.0000,24719,0,187876620.000,0,-,-,-,-,2777.2000,2777.0000,2776.2000,2776.0000,2775.0000,2778.0000,2778.2000,2778.4000,2779.2000,2779.8000,1,1,1,3,5,5,2,2,6,1
SF,IH2003,2020-02-05 09:30:46.500,2777.2000,24718,-1,189543180.000,2,0,2,多平,S,2777.0000,2776.2000,2776.0000,2775.0000,2774.8000,2778.0000,2778.2000,2778.4000,2779.2000,2779.8000,1,1,3,5,1,4,2,2,6,1
SF,IH2003,2020-02-05 09:30:47.000,2778.0000,24716,-2,191209980.000,2,0,2,双平,S,2777.0000,2776.2000,2776.0000,2775.0000,2774.8000,2778.0000,2778.2000,2778.4000,2779.2000,2779.8000,1,1,3,5,1,2,2,2,6,1
SF,IH2003,2020-02-05 09:30:47.500,2777.0000,24716,0,192043080.000,1,0,1,多换,S,2776.2000,2776.0000,2775.0000,2774.8000,2773.4000,2777.0000,2778.0000,2778.2000,2778.4000,2779.2000,1,3,5,1,1,6,2,2,1,6
SF,IH2003,2020-02-05 09:30:48.000,2777.0000,24716,0,192876180.000,1,0,1,多换,S,2776.2000,2776.0000,2775.0000,2774.8000,2773.4000,2777.0000,2778.0000,2778.2000,2778.4000,2779.2000,1,3,5,1,1,7,2,2,1,6
SF,IH2003,2020-02-05 09:30:48.500,2777.0000,24716,0,192876180.000,0,-,-,-,-,2776.2000,2776.0000,2775.0000,2774.8000,2773.4000,2777.0000,2778.0000,2778.2000,2778.4000,2779.2000,1,3,5,1,1,7,2,2,1,6
SF,IH2003,2020-02-05 09:30:49.000,2777.0000,24716,0,192876180.000,0,-,-,-,-,2776.0000,2775.0000,2774.8000,2773.4000,2770.2000,2777.0000,2778.0000,2778.2000,2778.4000,2779.2000,3,5,1,1,1,6,2,2,1,5
SF,IH2003,2020-02-05 09:30:49.500,2777.0000,24714,-2,197874780.000,6,2,4,多平,S,2777.0000,2776.2000,2776.0000,2775.0000,2774.8000,2778.0000,2778.2000,2778.4000,2779.2000,2779.8000,5,2,3,5,1,2,2,1,5,1
SF,IH2003,2020-02-05 09:30:50.000,2777.0000,24714,0,198707880.000,1,0,1,多换,S,2777.0000,2776.2000,2776.0000,2775.0000,2774.8000,2778.0000,2778.2000,2778.4000,2779.2000,2779.8000,4,1,3,5,1,4,2,1,5,1
SF,IH2003,2020-02-05 09:30:50.500,2777.0000,24714,0,198707880.000,0,-,-,-,-,2777.0000,2776.2000,2776.0000,2775.0000,2774.8000,2777.8000,2778.0000,2778.2000,2779.2000,2779.8000,6,1,3,5,1,1,4,2,5,1
SF,IH2003,2020-02-05 09:30:51.000,2777.0000,24714,0,199540980.000,1,0,1,多换,S,2777.0000,2776.2000,2776.0000,2775.0000,2774.8000,2777.8000,2778.0000,2778.2000,2779.2000,2779.8000,5,2,3,5,1,2,2,2,5,1
SF,IH2003,2020-02-05 09:30:51.500,2777.0000,24714,0,199540980.000,0,-,-,-,-,2777.0000,2776.2000,2776.0000,2775.0000,2774.8000,2777.8000,2778.0000,2778.2000,2779.2000,2779.8000,5,2,3,5,1,1,2,2,5,1
SF,IH2003,2020-02-05 09:30:52.000,2777.0000,24714,0,200374080.000,1,0,1,多换,S,2777.0000,2776.2000,2776.0000,2775.0000,2774.8000,2777.2000,2777.6000,2777.8000,2778.0000,2778.2000,4,2,3,5,1,1,1,4,2,2
SF,IH2003,2020-02-05 09:30:52.500,2777.4000,24713,-1,202040640.000,2,0,2,多平,S,2777.2000,2777.0000,2776.2000,2776.0000,2775.0000,2777.8000,2778.0000,2778.2000,2779.2000,2779.8000,5,4,2,3,5,2,2,2,5,1
SF,IH2003,2020-02-05 09:30:53.000,2777.2000,24712,-1,203706960.000,2,0,2,多平,S,2777.2000,2777.0000,2776.2000,2776.0000,2775.0000,2778.0000,2778.2000,2779.2000,2779.8000,2780.0000,2,4,2,3,5,2,2,5,1,2
SF,IH2003,2020-02-05 09:30:53.500,2777.0000,24710,-2,206206380.000,3,0,3,多平,S,2777.0000,2776.2000,2776.0000,2775.0000,2774.8000,2777.2000,2778.0000,2778.2000,2779.2000,2779.8000,3,2,3,5,1,1,3,2,5,1
SF,IH2003,2020-02-05 09:30:54.000,2777.0000,24708,-2,208705680.000,3,0,3,多平,S,2776.2000,2776.0000,2775.0000,2774.8000,2773.4000,2776.8000,2777.0000,2777.2000,2777.8000,2778.0000,1,3,5,1,1,2,2,3,1,3
SF,IH2003,2020-02-05 09:30:54.500,2776.8000,24707,-1,209538720.000,1,0,1,双平,S,2776.4000,2776.2000,2776.0000,2775.0000,2774.8000,2777.0000,2777.2000,2778.0000,2778.2000,2778.8000,1,1,3,5,1,2,2,3,2,1
SF,IH2003,2020-02-05 09:30:55.000,2776.8000,24707,0,209538720.000,0,-,-,-,-,2776.2000,2776.0000,2775.0000,2774.8000,2773.4000,2777.0000,2777.2000,2778.0000,2778.2000,2778.8000,1,3,5,1,1,2,2,3,2,1
SF,IH2003,2020-02-05 09:30:55.500,2776.8000,24707,0,209538720.000,0,-,-,-,-,2776.4000,2776.2000,2776.0000,2775.0000,2774.8000,2777.0000,2777.2000,2778.0000,2778.2000,2778.8000,1,1,3,5,1,1,2,3,2,1
SF,IH2003,2020-02-05 09:30:56.000,2776.8000,24707,0,209538720.000,0,-,-,-,-,2776.2000,2776.0000,2775.0000,2774.8000,2773.4000,2777.0000,2777.2000,2778.0000,2778.2000,2778.8000,1,3,5,1,1,1,2,3,2,1
SF,IH2003,2020-02-05 09:30:56.500,2777.0000,24706,-1,210371820.000,1,0,1,双平,S,2776.4000,2776.2000,2776.0000,2775.0000,2774.8000,2777.2000,2778.0000,2778.2000,2778.8000,2779.2000,1,1,3,5,1,1,2,2,1,5
SF,IH2003,2020-02-05 09:30:57.000,2777.2000,24706,0,211204980.000,1,0,1,多换,S,2776.6000,2776.2000,2776.0000,2775.0000,2774.8000,2778.0000,2778.2000,2778.8000,2779.2000,2779.8000,1,1,3,5,1,2,2,1,5,1
SF,IH2003,2020-02-05 09:30:57.500,2777.2000,24706,0,211204980.000,0,-,-,-,-,2776.2000,2776.0000,2775.0000,2774.8000,2773.4000,2778.0000,2778.2000,2778.8000,2779.2000,2779.8000,1,3,4,1,1,2,2,1,5,1
SF,IH2003,2020-02-05 09:30:58.000,2776.4000,24706,0,212037900.000,1,0,1,多换,S,2776.4000,2776.2000,2776.0000,2775.0000,2774.8000,2778.0000,2778.2000,2778.8000,2779.2000,2779.8000,3,1,3,4,1,2,2,1,5,1
SF,IH2003,2020-02-05 09:30:58.500,2776.4000,24706,0,212870820.000,1,0,1,多换,S,2777.0000,2776.4000,2776.2000,2776.0000,2775.0000,2778.0000,2778.2000,2778.8000,2779.2000,2779.8000,1,2,1,3,4,2,2,1,5,1
SF,IH2003,2020-02-05 09:30:59.000,2776.4000,24706,0,212870820.000,0,-,-,-,-,2777.0000,2776.4000,2776.2000,2776.0000,2775.0000,2778.0000,2778.2000,2778.8000,2779.2000,2779.8000,1,1,1,3,4,2,2,1,5,1
SF,IH2003,2020-02-05 09:30:59.500,2778.0000,24704,-2,214537200.000,2,0,2,双平,S,2777.0000,2776.4000,2776.2000,2776.0000,2775.0000,2778.0000,2778.2000,2778.8000,2779.2000,2779.8000,1,1,1,3,4,2,2,1,4,1
SF,IH2003,2020-02-05 09:31:00.000,2778.0000,24701,-3,220368480.000,7,2,5,多平,S,2778.0000,2777.4000,2776.0000,2775.0000,2774.8000,2778.2000,2778.8000,2779.2000,2779.8000,2780.0000,3,1,1,4,1,1,1,4,1,2
SF,IH2003,2020-02-05 09:31:00.500,2777.8000,24699,-2,225368700.000,6,2,4,多平,S,2775.0000,2774.8000,2773.4000,2771.4000,2770.2000,2776.0000,2777.8000,2778.0000,2778.8000,2779.2000,4,1,1,1,1,1,2,1,1,4
SF,IH2003,2020-02-05 09:31:01.000,2776.0000,24699,0,226201500.000,1,0,1,多换,S,2776.8000,2776.2000,2776.0000,2775.4000,2775.2000,2777.6000,2777.8000,2778.0000,2778.8000,2779.2000,2,1,4,1,6,2,4,1,1,4
SF,IH2003,2020-02-05 09:31:01.500,2776.8000,24697,-2,227867340.000,2,0,2,双平,S,2776.0000,2775.4000,2775.0000,2774.8000,2773.4000,2776.8000,2777.4000,2777.6000,2777.8000,2778.0000,1,1,4,1,1,1,1,1,4,1
SF,IH2003,2020-02-05 09:31:02.000,2776.8000,24697,0,227867340.000,0,-,-,-,-,2776.0000,2775.4000,2775.0000,2774.8000,2773.4000,2777.6000,2777.8000,2778.0000,2778.8000,2779.2000,3,1,4,1,1,1,2,1,1,4
SF,IH2003,2020-02-05 09:31:02.500,2777.4000,24696,-1,229533600.000,2,0,2,多平,S,2776.2000,2776.0000,2775.4000,2775.0000,2774.8000,2776.8000,2777.6000,2777.8000,2778.0000,2778.8000,2,3,1,4,1,1,1,2,1,1
SF,IH2003,2020-02-05 09:31:03.000,2776.8000,24696,0,231199500.000,2,1,1,多换,S,2776.4000,2776.2000,2776.0000,2775.4000,2775.0000,2777.6000,2777.8000,2778.0000,2778.8000,2779.2000,1,2,3,1,4,1,2,1,1,4
SF,IH2003,2020-02-05 09:31:03.500,2776.8000,24696,0,231199500.000,0,-,-,-,-,2776.6000,2776.4000,2776.0000,2775.4000,2775.0000,2777.6000,2777.8000,2778.0000,2778.8000,2779.2000,1,2,2,1,4,1,2,1,1,4
SF,IH2003,2020-02-05 09:31:04.000,2776.8000,24696,0,231199500.000,0,-,-,-,-,2776.6000,2776.4000,2776.0000,2775.4000,2775.0000,2777.6000,2777.8000,2778.0000,2778.8000,2779.2000,1,1,1,1,4,1,2,1,1,4
SF,IH2003,2020-02-05 09:31:04.500,2776.4000,24695,-1,236197620.000,6,2,4,多平,S,2776.0000,2775.4000,2775.0000,2774.8000,2773.4000,2777.2000,2777.4000,2777.6000,2777.8000,2778.0000,1,1,4,1,1,4,2,3,2,1
SF,IH2003,2020-02-05 09:31:05.000,2775.4000,24693,-2,237863040.000,2,0,2,双平,S,2775.0000,2774.8000,2773.4000,2771.8000,2771.4000,2776.4000,2776.6000,2777.4000,2777.6000,2777.8000,4,6,1,1,1,1,1,1,3,2
SF,IH2003,2020-02-05 09:31:05.500,2775.4000,24693,0,237863040.000,0,-,-,-,-,2775.2000,2775.0000,2774.8000,2773.4000,2771.8000,2776.0000,2776.4000,2776.6000,2777.0000,2777.6000,1,4,6,1,1,1,2,1,6,2
SF,IH2003,2020-02-05 09:31:06.000,2775.4000,24693,0,237863040.000,0,-,-,-,-,2775.0000,2774.8000,2774.0000,2773.4000,2771.8000,2776.0000,2776.4000,2776.6000,2777.0000,2777.6000,4,6,2,1,1,1,1,1,6,2
SF,IH2003,2020-02-05 09:31:06.500,2775.4000,24693,0,237863040.000,0,-,-,-,-,2775.2000,2775.0000,2774.8000,2774.0000,2773.4000,2776.0000,2776.4000,2776.6000,2777.0000,2777.6000,1,4,1,2,1,1,1,1,6,2
SF,IH2003,2020-02-05 09:31:07.000,2776.0000,24693,0,238695840.000,1,0,1,多换,S,2775.0000,2774.8000,2774.2000,2774.0000,2773.4000,2776.4000,2776.6000,2777.0000,2777.6000,2777.8000,4,1,5,2,1,1,1,6,2,2
SF,IH2003,2020-02-05 09:31:07.500,2776.0000,24693,0,238695840.000,0,-,-,-,-,2775.2000,2775.0000,2774.8000,2774.2000,2774.0000,2776.0000,2776.2000,2776.4000,2776.6000,2777.0000,2,4,1,5,2,1,1,1,1,6
SF,IH2003,2020-02-05 09:31:08.000,2776.0000,24693,0,239528640.000,1,0,1,多换,S,2776.0000,2775.2000,2775.0000,2774.8000,2774.2000,2776.2000,2776.4000,2776.6000,2777.0000,2777.6000,1,1,4,1,5,2,2,1,6,2
SF,IH2003,2020-02-05 09:31:08.500,2775.0000,24692,-1,241193940.000,2,0,2,多平,S,2775.0000,2774.8000,2774.2000,2774.0000,2773.4000,2775.8000,2776.0000,2776.2000,2776.4000,2776.6000,3,1,5,2,1,1,3,4,2,1
SF,IH2003,2020-02-05 09:31:09.000,2775.0000,24690,-2,243691440.000,3,0,3,多平,S,2774.8000,2774.2000,2774.0000,2773.4000,2771.8000,2775.2000,2775.6000,2775.8000,2776.0000,2776.2000,1,5,2,1,1,5,3,1,9,2
SF,IH2003,2020-02-05 09:31:09.500,2774.8000,24689,-1,244523880.000,1,0,1,双平,S,2774.2000,2774.0000,2773.4000,2771.8000,2771.4000,2774.8000,2775.0000,2775.6000,2776.0000,2776.2000,5,2,1,1,1,2,1,2,9,1
SF,IH2003,2020-02-05 09:31:10.000,2774.2000,24678,-11,253680300.000,11,0,11,双平,S,2774.2000,2774.0000,2773.4000,2771.8000,2771.4000,2774.8000,2775.6000,2776.0000,2776.4000,2776.6000,1,2,1,1,1,4,2,2,2,1
SF,IH2003,2020-02-05 09:31:10.500,2774.4000,24673,-5,258674820.000,6,0,6,多平,S,2773.4000,2773.0000,2771.8000,2771.4000,2770.2000,2776.0000,2776.4000,2776.6000,2777.6000,2778.0000,1,1,1,1,1,2,2,1,1,3
SF,IH2003,2020-02-05 09:31:11.000,2774.4000,24673,0,258674820.000,0,-,-,-,-,2773.6000,2773.4000,2773.0000,2772.4000,2771.8000,2774.2000,2775.2000,2775.8000,2776.0000,2776.2000,3,1,1,1,1,1,2,5,2,1
SF,IH2003,2020-02-05 09:31:11.500,2774.2000,24672,-1,259507080.000,1,0,1,双平,S,2774.4000,2774.2000,2773.4000,2773.0000,2772.4000,2774.8000,2775.2000,2775.4000,2775.8000,2776.2000,1,1,1,3,1,1,2,3,5,1
SF,IH2003,2020-02-05 09:31:12.000,2774.2000,24672,0,259507080.000,0,-,-,-,-,2773.6000,2773.4000,2773.0000,2772.4000,2771.8000,2774.8000,2775.2000,2775.4000,2775.8000,2776.2000,2,1,1,1,1,1,2,3,3,1
SF,IH2003,2020-02-05 09:31:12.500,2774.2000,24672,0,259507080.000,0,-,-,-,-,2773.8000,2773.6000,2773.4000,2773.0000,2772.4000,2774.4000,2774.8000,2775.2000,2775.4000,2775.8000,2,3,1,1,1,2,1,2,3,3
SF,IH2003,2020-02-05 09:31:13.000,2774.6000,24669,-3,262836660.000,4,0,4,多平,S,2774.4000,2773.8000,2773.6000,2773.4000,2773.0000,2775.2000,2775.4000,2775.8000,2776.2000,2776.4000,1,1,3,1,1,2,3,3,1,2
SF,IH2003,2020-02-05 09:31:13.500,2774.6000,24669,0,262836660.000,0,-,-,-,-,2774.4000,2774.0000,2773.4000,2773.0000,2772.4000,2775.2000,2775.4000,2775.8000,2776.4000,2776.6000,1,1,1,1,1,2,2,3,2,1
SF,IH2003,2020-02-05 09:31:14.000,2774.6000,24669,0,262836660.000,0,-,-,-,-,2774.6000,2774.4000,2774.0000,2773.4000,2773.0000,2775.2000,2775.4000,2775.8000,2776.4000,2776.6000,2,1,1,1,1,2,3,2,2,1
SF,IH2003,2020-02-05 09:31:14.500,2774.6000,24668,-1,264501420.000,2,0,2,多平,S,2774.4000,2773.6000,2773.4000,2772.4000,2771.8000,2775.2000,2775.4000,2775.8000,2776.4000,2776.6000,1,1,1,1,1,2,3,1,2,1
SF,IH2003,2020-02-05 09:31:15.000,2774.6000,24668,0,264501420.000,0,-,-,-,-,2774.4000,2773.6000,2773.4000,2772.4000,2771.8000,2775.2000,2775.4000,2776.4000,2776.6000,2777.6000,1,1,1,1,1,2,3,1,1,1
SF,IH2003,2020-02-05 09:31:15.500,2774.6000,24668,0,264501420.000,0,-,-,-,-,2775.0000,2774.4000,2773.6000,2773.4000,2772.4000,2775.2000,2775.4000,2776.4000,2776.6000,2777.6000,1,1,1,1,1,2,3,1,1,1
SF,IH2003,2020-02-05 09:31:16.000,2774.4000,24669,1,266166240.000,2,1,1,空开,S,2773.6000,2773.4000,2772.4000,2771.8000,2771.4000,2774.2000,2775.0000,2775.2000,2775.4000,2776.4000,1,1,1,1,1,1,4,2,3,1
SF,IH2003,2020-02-05 09:31:16.500,2774.6000,24663,-6,271993560.000,7,0,7,多平,S,2775.2000,2774.4000,2774.2000,2773.8000,2773.6000,2775.4000,2776.4000,2776.6000,2777.6000,2778.0000,1,3,2,2,1,3,1,1,1,3
SF,IH2003,2020-02-05 09:31:17.000,2775.2000,24653,-10,280319700.000,10,0,10,双平,S,2774.4000,2774.2000,2773.8000,2773.6000,2773.4000,2775.2000,2775.6000,2776.4000,2777.6000,2778.0000,1,2,1,1,1,1,1,1,1,3
SF,IH2003,2020-02-05 09:31:17.500,2775.2000,24651,-2,282817500.000,3,0,3,多平,S,2775.2000,2774.6000,2774.4000,2773.8000,2773.6000,2775.4000,2777.6000,2778.0000,2778.2000,2778.6000,2,2,1,1,1,1,1,3,1,1
SF,IH2003,2020-02-05 09:31:18.000,2775.6000,24649,-2,284482800.000,2,0,2,双平,S,2775.4000,2775.2000,2774.4000,2774.0000,2773.8000,2777.6000,2778.0000,2778.2000,2778.8000,2779.2000,3,1,1,1,1,1,3,1,1,4
SF,IH2003,2020-02-05 09:31:18.500,2775.6000,24649,0,284482800.000,0,-,-,-,-,2775.4000,2775.2000,2774.4000,2774.0000,2773.8000,2776.8000,2777.4000,2777.6000,2777.8000,2778.0000,3,1,2,1,1,1,5,2,2,3
SF,IH2003,2020-02-05 09:31:19.000,2775.6000,24649,0,284482800.000,0,-,-,-,-,2775.6000,2775.4000,2775.2000,2774.4000,2774.0000,2776.6000,2776.8000,2777.0000,2777.4000,2777.6000,1,3,1,2,1,2,1,1,5,2
SF,IH2003,2020-02-05 09:31:19.500,2775.6000,24649,0,284482800.000,0,-,-,-,-,2775.4000,2775.2000,2774.4000,2774.0000,2773.4000,2776.6000,2776.8000,2777.0000,2777.4000,2777.6000,3,2,2,1,2,2,1,1,3,2
SF,IH2003,2020-02-05 09:31:20.000,2776.8000,24647,-2,286981800.000,3,0,3,多平,S,2776.6000,2775.6000,2775.4000,2775.2000,2774.4000,2777.0000,2777.4000,2777.6000,2777.8000,2778.0000,1,2,2,2,2,1,3,2,2,3
SF,IH2003,2020-02-05 09:31:20.500,2776.8000,24645,-2,289481160.000,3,0,3,多平,S,2776.0000,2775.6000,2775.4000,2775.2000,2774.4000,2777.6000,2777.8000,2778.0000,2778.2000,2778.8000,1,2,2,2,1,1,2,3,1,1
SF,IH2003,2020-02-05 09:31:21.000,2776.6000,24646,1,290314140.000,1,1,0,双开,S,2776.2000,2776.0000,2775.6000,2775.4000,2775.2000,2777.6000,2777.8000,2778.0000,2778.2000,2778.8000,2,1,2,3,2,1,2,3,1,1
SF,IH2003,2020-02-05 09:31:21.500,2777.6000,24645,-1,291147420.000,1,0,1,双平,S,2776.2000,2776.0000,2775.6000,2775.4000,2775.2000,2777.8000,2778.0000,2778.2000,2778.8000,2779.2000,1,1,2,3,2,3,3,1,1,4
SF,IH2003,2020-02-05 09:31:22.000,2777.6000,24644,-1,292813980.000,2,0,2,多平,S,2776.4000,2776.0000,2775.6000,2775.4000,2775.2000,2776.6000,2777.8000,2778.0000,2778.2000,2779.2000,1,1,2,3,2,1,3,4,1,4
SF,IH2003,2020-02-05 09:31:22.500,2776.8000,24642,-2,295313040.000,3,0,3,多平,S,2776.6000,2776.0000,2775.6000,2775.4000,2775.2000,2777.8000,2778.0000,2778.2000,2779.2000,2779.8000,5,1,2,1,1,3,4,1,4,1
SF,IH2003,2020-02-05 09:31:23.000,2776.8000,24642,0,295313040.000,0,-,-,-,-,2776.6000,2776.0000,2775.6000,2775.4000,2775.2000,2777.6000,2777.8000,2778.0000,2778.2000,2779.2000,3,1,1,1,1,2,5,6,1,4
SF,IH2003,2020-02-05 09:31:23.500,2776.6000,24639,-3,297811980.000,3,0,3,双平,S,2776.0000,2775.6000,2775.4000,2775.2000,2775.0000,2776.2000,2776.4000,2777.4000,2777.6000,2777.8000,1,1,1,1,3,1,2,2,2,7
SF,IH2003,2020-02-05 09:31:24.000,2776.4000,24635,-4,301143780.000,4,0,4,双平,S,2776.2000,2776.0000,2775.6000,2775.4000,2775.2000,2776.6000,2777.8000,2778.0000,2778.2000,2779.2000,2,1,1,1,1,1,5,7,1,4
SF,IH2003,2020-02-05 09:31:24.500,2776.6000,24638,3,305308680.000,5,4,1,空开,S,2776.0000,2775.6000,2775.4000,2775.2000,2775.0000,2776.2000,2776.6000,2777.8000,2778.0000,2778.2000,1,3,2,1,1,3,1,5,7,1
SF,IH2003,2020-02-05 09:31:25.000,2776.2000,24638,0,307807380.000,3,1,2,多换,S,2776.4000,2776.0000,2775.6000,2775.4000,2775.2000,2776.6000,2777.8000,2778.0000,2778.2000,2779.2000,1,1,3,2,1,1,5,7,1,4
SF,IH2003,2020-02-05 09:31:25.500,2776.6000,24637,-1,308640360.000,1,0,1,双平,S,2776.6000,2776.4000,2776.2000,2776.0000,2775.6000,2777.8000,2778.0000,2778.2000,2779.2000,2779.8000,1,1,1,1,3,5,7,1,4,1
SF,IH2003,2020-02-05 09:31:26.000,2776.4000,24634,-3,311139240.000,3,0,3,双平,S,2776.0000,2775.6000,2775.4000,2775.2000,2775.0000,2776.6000,2777.6000,2777.8000,2778.0000,2778.2000,1,3,2,1,1,1,4,5,7,1
SF,IH2003,2020-02-05 09:31:26.500,2776.6000,24633,-1,311972220.000,1,0,1,双平,S,2776.0000,2775.6000,2775.4000,2775.2000,2775.0000,2776.8000,2777.6000,2777.8000,2778.0000,2778.2000,1,3,2,1,1,1,4,5,7,1
SF,IH2003,2020-02-05 09:31:27.000,2776.0000,24632,-1,312805020.000,1,0,1,双平,S,2775.6000,2775.4000,2775.2000,2775.0000,2774.6000,2776.8000,2777.0000,2777.6000,2777.8000,2778.0000,3,2,1,1,1,1,1,1,5,7
SF,IH2003,2020-02-05 09:31:27.500,2776.0000,24632,0,312805020.000,0,-,-,-,-,2775.8000,2775.6000,2775.4000,2775.2000,2775.0000,2776.8000,2777.0000,2777.6000,2777.8000,2778.0000,1,3,2,1,1,1,1,1,5,7
SF,IH2003,2020-02-05 09:31:28.000,2776.0000,24632,0,312805020.000,0,-,-,-,-,2775.6000,2775.4000,2775.2000,2775.0000,2774.6000,2776.6000,2776.8000,2777.0000,2777.6000,2777.8000,3,2,1,1,1,1,2,2,1,5
SF,IH2003,2020-02-05 09:31:28.500,2776.0000,24632,0,312805020.000,0,-,-,-,-,2775.8000,2775.6000,2775.4000,2775.2000,2775.0000,2776.6000,2776.8000,2777.0000,2777.6000,2777.8000,1,3,2,1,1,1,3,2,1,5
SF,IH2003,2020-02-05 09:31:29.000,2776.6000,24631,-1,314470920.000,2,0,2,多平,S,2775.6000,2775.4000,2775.2000,2775.0000,2774.6000,2776.4000,2776.8000,2777.0000,2777.8000,2778.0000,3,2,1,1,1,1,4,2,5,7
SF,IH2003,2020-02-05 09:31:29.500,2776.8000,24631,0,316136940.000,2,1,1,多换,S,2775.6000,2775.4000,2775.2000,2775.0000,2774.6000,2776.8000,2777.0000,2777.8000,2778.0000,2778.2000,3,2,1,1,1,3,2,5,7,1
SF,IH2003,2020-02-05 09:31:30.000,2776.8000,24631,0,316136940.000,0,-,-,-,-,2775.6000,2775.4000,2775.2000,2775.0000,2774.6000,2776.2000,2776.8000,2777.0000,2777.8000,2778.0000,3,2,1,1,1,1,4,2,5,7
SF,IH2003,2020-02-05 09:31:30.500,2776.8000,24631,0,316136940.000,0,-,-,-,-,2775.6000,2775.4000,2775.2000,2775.0000,2774.6000,2776.8000,2777.0000,2777.8000,2778.0000,2778.2000,3,2,1,1,1,4,2,5,7,1
SF,IH2003,2020-02-05 09:31:31.000,2776.8000,24631,0,316136940.000,0,-,-,-,-,2775.6000,2775.4000,2775.2000,2775.0000,2774.6000,2776.6000,2776.8000,2777.0000,2777.8000,2778.0000,3,2,1,1,1,2,4,2,5,7
SF,IH2003,2020-02-05 09:31:31.500,2776.8000,24631,0,316136940.000,0,-,-,-,-,2775.6000,2775.4000,2775.2000,2775.0000,2774.6000,2776.6000,2776.8000,2777.0000,2777.8000,2778.0000,3,2,1,1,1,3,5,2,5,7
SF,IH2003,2020-02-05 09:31:32.000,2776.4000,24629,-2,320300820.000,5,1,4,多平,S,2775.4000,2775.2000,2775.0000,2774.6000,2774.2000,2776.4000,2776.6000,2776.8000,2777.0000,2777.8000,2,1,1,1,1,2,1,6,2,5
SF,IH2003,2020-02-05 09:31:32.500,2775.6000,24627,-2,321966120.000,2,0,2,双平,S,2775.4000,2775.2000,2775.0000,2774.6000,2774.2000,2775.6000,2776.2000,2776.4000,2776.8000,2777.0000,1,1,1,1,1,1,1,2,6,2
SF,IH2003,2020-02-05 09:31:33.000,2775.2000,24626,-1,324463920.000,3,1,2,多平,S,2775.0000,2774.6000,2774.2000,2774.0000,2773.4000,2775.2000,2775.4000,2775.6000,2775.8000,2776.2000,6,1,1,2,2,2,1,1,1,1
SF,IH2003,2020-02-05 09:31:33.500,2775.4000,24619,-7,332789160.000,10,1,9,多平,S,2774.6000,2774.2000,2774.0000,2773.4000,2773.0000,2775.4000,2775.6000,2775.8000,2776.2000,2776.4000,1,1,2,2,1,2,1,1,1,2
SF,IH2003,2020-02-05 09:31:34.000,2775.4000,24617,-2,334454400.000,2,0,2,双平,S,2774.6000,2774.2000,2774.0000,2773.4000,2773.0000,2775.6000,2775.8000,2776.2000,2776.4000,2776.8000,1,1,2,2,1,2,1,1,2,6
SF,IH2003,2020-02-05 09:31:34.500,2775.4000,24617,0,334454400.000,0,-,-,-,-,2775.0000,2774.8000,2774.6000,2774.2000,2774.0000,2775.6000,2775.8000,2776.4000,2776.8000,2777.0000,1,5,1,1,2,2,1,1,6,2
SF,IH2003,2020-02-05 09:31:35.000,2775.6000,24617,0,335287080.000,1,0,1,多换,S,2775.0000,2774.8000,2774.6000,2774.2000,2774.0000,2775.6000,2775.8000,2776.4000,2776.8000,2777.0000,1,1,1,1,2,2,1,1,6,2
SF,IH2003,2020-02-05 09:31:35.500,2775.6000,24616,-1,336119760.000,1,0,1,双平,S,2775.2000,2775.0000,2774.6000,2774.2000,2774.0000,2775.6000,2775.8000,2776.4000,2776.8000,2777.0000,1,1,1,1,2,1,1,1,6,2
SF,IH2003,2020-02-05 09:31:36.000,2775.6000,24616,0,336952440.000,1,0,1,多换,S,2775.2000,2775.0000,2774.6000,2774.2000,2774.0000,2775.8000,2776.8000,2777.0000,2777.8000,2778.0000,3,1,1,1,2,1,6,2,5,7
SF,IH2003,2020-02-05 09:31:36.500,2775.6000,24616,0,336952440.000,0,-,-,-,-,2775.6000,2775.2000,2775.0000,2774.6000,2774.2000,2775.8000,2776.0000,2776.8000,2777.0000,2777.8000,1,1,1,1,1,1,1,6,2,5
SF,IH2003,2020-02-05 09:31:37.000,2775.8000,24615,-1,337785180.000,1,0,1,双平,S,2775.8000,2775.2000,2775.0000,2774.6000,2774.2000,2776.0000,2776.8000,2777.0000,2777.8000,2778.0000,1,1,1,1,1,2,6,2,5,7
SF,IH2003,2020-02-05 09:31:37.500,2776.0000,24614,-1,339450720.000,2,0,2,多平,S,2775.2000,2775.0000,2774.6000,2774.2000,2774.0000,2776.0000,2776.8000,2777.0000,2777.8000,2778.0000,1,1,1,1,2,1,6,2,5,7
SF,IH2003,2020-02-05 09:31:38.000,2776.2000,24612,-2,341116380.000,2,0,2,双平,S,2776.0000,2775.4000,2775.2000,2775.0000,2774.6000,2776.8000,2777.0000,2777.8000,2778.0000,2778.2000,2,2,1,1,1,6,2,5,7,1
SF,IH2003,2020-02-05 09:31:38.500,2776.2000,24612,0,341116380.000,0,-,-,-,-,2776.0000,2775.8000,2775.4000,2775.2000,2775.0000,2776.8000,2777.0000,2777.8000,2778.0000,2778.2000,3,1,1,2,2,6,3,5,7,1
SF,IH2003,2020-02-05 09:31:39.000,2776.2000,24612,0,341116380.000,0,-,-,-,-,2776.0000,2775.8000,2775.4000,2775.2000,2775.0000,2776.6000,2776.8000,2777.0000,2777.8000,2778.0000,3,1,1,2,3,2,6,4,5,7
SF,IH2003,2020-02-05 09:31:40.000,2776.2000,24612,0,341116380.000,0,-,-,-,-,2776.0000,2775.8000,2775.4000,2775.2000,2775.0000,2776.6000,2776.8000,2777.0000,2777.8000,2778.0000,3,1,1,2,3,2,6,4,5,7
SF,IH2003,2020-02-05 09:31:40.500,2776.2000,24612,0,341116380.000,0,-,-,-,-,2776.0000,2775.8000,2775.2000,2775.0000,2774.6000,2776.6000,2776.8000,2777.0000,2777.8000,2778.0000,3,1,2,3,1,2,6,4,5,7
SF,IH2003,2020-02-05 09:31:41.000,2776.2000,24612,0,341116380.000,0,-,-,-,-,2776.0000,2775.8000,2775.2000,2775.0000,2774.6000,2776.6000,2776.8000,2777.0000,2777.8000,2778.0000,3,1,2,3,1,2,6,4,5,7
SF,IH2003,2020-02-05 09:31:41.500,2776.2000,24612,0,341116380.000,0,-,-,-,-,2776.2000,2776.0000,2775.8000,2775.2000,2775.0000,2776.6000,2776.8000,2777.0000,2777.8000,2778.0000,2,3,1,2,3,1,7,4,5,7
SF,IH2003,2020-02-05 09:31:42.000,2776.2000,24612,0,341116380.000,0,-,-,-,-,2776.2000,2776.0000,2775.8000,2775.2000,2775.0000,2776.8000,2777.0000,2777.8000,2778.0000,2778.2000,2,3,1,2,3,8,4,5,7,1
SF,IH2003,2020-02-05 09:31:42.500,2776.6000,24608,-4,345280740.000,5,0,5,多平,S,2776.0000,2775.8000,2775.2000,2775.0000,2774.6000,2776.8000,2777.0000,2777.8000,2778.0000,2778.2000,1,1,2,3,1,8,4,5,7,1
SF,IH2003,2020-02-05 09:31:43.000,2776.6000,24608,0,346113720.000,1,0,1,多换,S,2775.8000,2775.2000,2775.0000,2774.6000,2774.2000,2776.8000,2777.0000,2777.8000,2778.0000,2778.2000,1,2,3,1,2,8,5,5,7,1
SF,IH2003,2020-02-05 09:31:43.500,2776.6000,24608,0,347779440.000,2,1,1,多换,S,2775.2000,2775.0000,2774.6000,2774.2000,2774.0000,2776.8000,2777.0000,2777.8000,2778.0000,2778.2000,2,3,1,2,2,8,5,5,7,1
SF,IH2003,2020-02-05 09:31:44.000,2776.6000,24608,0,347779440.000,0,-,-,-,-,2775.4000,2775.2000,2775.0000,2774.6000,2774.2000,2776.6000,2776.8000,2777.0000,2777.8000,2778.0000,1,2,3,1,2,3,8,6,5,7
SF,IH2003,2020-02-05 09:31:44.500,2776.6000,24608,0,347779440.000,0,-,-,-,-,2775.2000,2775.0000,2774.6000,2774.2000,2774.0000,2776.4000,2776.6000,2776.8000,2777.0000,2777.8000,2,3,1,2,2,3,5,8,6,5
SF,IH2003,2020-02-05 09:31:45.000,2776.6000,24608,0,347779440.000,0,-,-,-,-,2775.2000,2775.0000,2774.6000,2774.2000,2774.0000,2776.0000,2776.4000,2776.8000,2777.0000,2777.8000,3,3,1,2,1,1,4,8,6,5
SF,IH2003,2020-02-05 09:31:45.500,2776.6000,24608,0,347779440.000,0,-,-,-,-,2775.2000,2775.0000,2774.6000,2774.2000,2774.0000,2776.0000,2776.4000,2776.8000,2777.0000,2777.8000,2,4,1,2,1,1,2,8,6,5
SF,IH2003,2020-02-05 09:31:46.000,2775.2000,24607,-1,348612000.000,1,0,1,双平,S,2775.2000,2775.0000,2774.6000,2774.2000,2774.0000,2776.0000,2776.4000,2776.8000,2777.0000,2777.8000,1,4,1,2,1,1,2,8,6,5
SF,IH2003,2020-02-05 09:31:46.500,2776.0000,24606,-1,350277540.000,2,0,2,多平,S,2776.0000,2775.6000,2775.2000,2775.0000,2774.6000,2776.4000,2776.8000,2777.0000,2777.8000,2778.0000,1,1,1,4,1,2,4,5,2,7
SF,IH2003,2020-02-05 09:31:47.000,2776.0000,24604,-2,351943140.000,2,0,2,双平,S,2775.6000,2775.2000,2775.0000,2774.6000,2774.2000,2775.8000,2776.0000,2776.4000,2776.8000,2777.0000,1,1,4,1,2,2,4,1,2,4
SF,IH2003,2020-02-05 09:31:47.500,2775.2000,24602,-2,353608380.000,2,0,2,双平,S,2775.0000,2774.6000,2774.2000,2774.0000,2773.4000,2775.6000,2775.8000,2776.0000,2776.8000,2777.0000,4,1,2,1,2,2,1,4,2,4
SF,IH2003,2020-02-05 09:31:48.000,2775.2000,24602,0,353608380.000,0,-,-,-,-,2775.0000,2774.6000,2774.2000,2774.0000,2773.4000,2775.6000,2776.0000,2776.8000,2777.0000,2777.8000,4,1,2,1,2,3,2,2,2,2
SF,IH2003,2020-02-05 09:31:48.500,2775.0000,24599,-3,358603380.000,6,1,5,多平,S,2774.6000,2774.2000,2774.0000,2773.4000,2773.0000,2775.4000,2775.6000,2776.0000,2776.8000,2777.0000,1,2,1,2,1,1,3,2,2,2
SF,IH2003,2020-02-05 09:31:49.000,2775.0000,24599,0,358603380.000,0,-,-,-,-,2774.8000,2774.6000,2774.4000,2774.2000,2774.0000,2775.6000,2776.0000,2776.8000,2777.8000,2778.0000,1,2,1,2,2,2,1,1,2,3
SF,IH2003,2020-02-05 09:31:49.500,2775.0000,24599,0,358603380.000,0,-,-,-,-,2774.6000,2774.2000,2774.0000,2773.4000,2773.0000,2775.6000,2776.0000,2776.8000,2777.8000,2778.0000,1,2,2,2,1,2,1,1,2,3
SF,IH2003,2020-02-05 09:31:50.000,2775.6000,24599,0,359436060.000,1,0,1,多换,S,2774.6000,2774.2000,2774.0000,2773.4000,2773.0000,2775.6000,2776.0000,2776.8000,2777.8000,2778.0000,2,2,2,2,1,1,1,1,2,3
SF,IH2003,2020-02-05 09:31:50.500,2775.6000,24599,0,359436060.000,0,-,-,-,-,2774.6000,2774.2000,2774.0000,2773.4000,2773.0000,2775.6000,2776.0000,2776.8000,2777.8000,2778.0000,2,2,2,2,1,1,1,1,2,3
SF,IH2003,2020-02-05 09:31:51.000,2775.6000,24598,-1,360268740.000,1,0,1,双平,S,2775.6000,2774.6000,2774.2000,2774.0000,2773.4000,2776.0000,2776.8000,2777.8000,2778.0000,2778.2000,2,1,2,2,2,1,1,2,3,1
SF,IH2003,2020-02-05 09:31:51.500,2775.6000,24595,-3,362766780.000,3,0,3,双平,S,2774.6000,2774.2000,2774.0000,2773.4000,2773.0000,2775.4000,2775.6000,2776.0000,2776.8000,2777.8000,1,2,2,2,1,2,2,1,1,2
SF,IH2003,2020-02-05 09:31:52.000,2774.6000,24594,-1,363599160.000,1,0,1,双平,S,2774.2000,2774.0000,2773.4000,2773.0000,2772.4000,2775.4000,2775.6000,2776.0000,2776.8000,2777.8000,2,1,2,1,1,2,1,1,1,2
SF,IH2003,2020-02-05 09:31:52.500,2774.6000,24594,0,363599160.000,0,-,-,-,-,2774.2000,2774.0000,2773.4000,2773.0000,2772.4000,2774.6000,2775.2000,2775.6000,2776.0000,2776.8000,2,1,2,1,1,3,3,1,1,1
SF,IH2003,2020-02-05 09:31:53.000,2774.6000,24594,0,363599160.000,0,-,-,-,-,2774.4000,2774.2000,2774.0000,2773.4000,2773.0000,2774.6000,2775.2000,2775.6000,2776.0000,2776.8000,1,2,1,2,1,3,2,1,1,1
SF,IH2003,2020-02-05 09:31:53.500,2774.6000,24592,-2,366096180.000,3,0,3,多平,S,2774.2000,2774.0000,2773.4000,2773.0000,2772.4000,2774.6000,2775.2000,2775.6000,2776.0000,2776.8000,1,1,1,1,1,1,2,1,1,1
SF,IH2003,2020-02-05 09:31:54.500,2774.0000,24591,-1,367760640.000,2,0,2,多平,S,2773.4000,2773.0000,2772.4000,2771.8000,2771.4000,2774.2000,2774.4000,2774.6000,2775.2000,2775.6000,1,1,1,1,1,1,1,1,2,1
SF,IH2003,2020-02-05 09:31:55.000,2773.4000,24590,-1,368592660.000,1,0,1,双平,S,2773.0000,2772.4000,2771.8000,2771.4000,2770.6000,2774.2000,2774.4000,2774.6000,2775.6000,2776.0000,1,1,1,1,1,2,2,1,1,1
SF,IH2003,2020-02-05 09:31:55.500,2773.0000,24589,-1,370256520.000,2,0,2,多平,S,2771.8000,2771.4000,2770.6000,2770.2000,2770.0000,2774.0000,2774.2000,2774.4000,2774.6000,2775.6000,1,1,1,1,4,2,2,2,1,1
SF,IH2003,2020-02-05 09:31:56.000,2773.8000,24588,-1,371088660.000,1,0,1,双平,S,2772.0000,2771.8000,2771.4000,2770.6000,2770.2000,2774.0000,2774.2000,2774.4000,2774.6000,2775.6000,1,1,1,1,1,1,2,2,1,1
SF,IH2003,2020-02-05 09:31:56.500,2773.8000,24588,0,371088660.000,0,-,-,-,-,2772.0000,2771.8000,2771.4000,2770.6000,2770.2000,2773.8000,2774.0000,2774.2000,2774.4000,2774.6000,1,1,1,1,1,1,1,2,2,1
SF,IH2003,2020-02-05 09:31:57.000,2773.6000,24588,0,371920740.000,1,0,1,多换,S,2772.2000,2772.0000,2771.8000,2771.4000,2770.6000,2773.8000,2774.0000,2774.2000,2774.4000,2774.6000,1,1,1,1,1,1,1,2,2,1
SF,IH2003,2020-02-05 09:31:57.500,2773.6000,24588,0,371920740.000,0,-,-,-,-,2772.4000,2772.2000,2772.0000,2771.8000,2771.4000,2773.6000,2773.8000,2774.2000,2774.4000,2774.6000,1,1,1,1,1,1,1,2,2,1
SF,IH2003,2020-02-05 09:31:58.000,2773.6000,24588,0,371920740.000,0,-,-,-,-,2772.4000,2772.0000,2771.8000,2771.4000,2770.6000,2773.6000,2773.8000,2774.2000,2774.4000,2774.6000,2,1,1,1,1,1,1,2,2,1
SF,IH2003,2020-02-05 09:31:58.500,2773.6000,24588,0,371920740.000,0,-,-,-,-,2772.4000,2772.0000,2771.8000,2771.4000,2770.6000,2773.4000,2773.8000,2774.2000,2774.4000,2774.6000,1,1,1,1,1,1,1,2,2,1
SF,IH2003,2020-02-05 09:31:59.000,2773.4000,24587,-1,372752760.000,1,0,1,双平,S,2772.4000,2772.0000,2771.8000,2771.4000,2770.6000,2774.2000,2774.4000,2774.6000,2775.6000,2776.8000,2,1,1,1,1,2,2,1,1,1
SF,IH2003,2020-02-05 09:31:59.500,2773.4000,24587,0,372752760.000,0,-,-,-,-,2772.6000,2772.4000,2772.0000,2771.8000,2771.4000,2774.2000,2774.4000,2774.6000,2775.6000,2776.8000,1,2,1,1,1,2,6,1,1,1
SF,IH2003,2020-02-05 09:32:00.000,2773.4000,24587,0,372752760.000,0,-,-,-,-,2773.8000,2772.8000,2772.6000,2772.4000,2772.0000,2774.2000,2774.4000,2774.6000,2775.6000,2776.8000,1,4,1,1,1,2,2,1,1,1
SF,IH2003,2020-02-05 09:32:00.500,2773.6000,24587,0,373584840.000,1,0,1,多换,S,2772.8000,2772.6000,2772.4000,2772.0000,2771.8000,2774.2000,2774.4000,2774.6000,2775.6000,2776.8000,1,1,1,1,1,2,2,1,1,1
SF,IH2003,2020-02-05 09:32:01.000,2773.6000,24587,0,373584840.000,0,-,-,-,-,2772.8000,2772.4000,2771.8000,2771.4000,2770.6000,2773.4000,2773.8000,2774.0000,2774.2000,2774.4000,2,1,1,1,1,2,1,1,2,6
SF,IH2003,2020-02-05 09:32:01.500,2773.4000,24585,-2,375248880.000,2,0,2,双平,S,2773.4000,2773.0000,2772.8000,2772.4000,2771.8000,2773.8000,2774.2000,2774.4000,2774.6000,2775.6000,1,1,2,1,1,1,2,2,1,1
SF,IH2003,2020-02-05 09:32:02.000,2773.4000,24586,1,378576960.000,4,2,2,空开,S,2772.8000,2771.8000,2771.4000,2770.6000,2770.2000,2773.4000,2773.8000,2774.2000,2774.4000,2774.6000,1,1,1,1,1,1,1,2,2,1
SF,IH2003,2020-02-05 09:32:02.500,2773.4000,24586,0,378576960.000,0,-,-,-,-,2773.0000,2772.8000,2771.8000,2771.4000,2770.6000,2773.4000,2773.8000,2774.2000,2774.4000,2774.6000,1,1,1,1,1,3,1,2,2,1
SF,IH2003,2020-02-05 09:32:03.000,2773.0000,24586,0,379408860.000,1,0,1,多换,S,2772.8000,2771.8000,2771.4000,2770.6000,2770.2000,2773.0000,2773.4000,2773.8000,2774.2000,2774.4000,1,1,1,1,1,1,3,1,2,2
SF,IH2003,2020-02-05 09:32:03.500,2773.0000,24585,-1,380240760.000,1,0,1,双平,S,2773.2000,2772.8000,2771.8000,2771.4000,2770.6000,2773.4000,2773.8000,2774.2000,2774.4000,2774.6000,1,1,1,1,1,3,1,2,2,1
SF,IH2003,2020-02-05 09:32:04.000,2773.2000,24584,-1,381072720.000,1,0,1,双平,S,2771.8000,2771.4000,2770.6000,2770.2000,2770.0000,2773.2000,2773.4000,2773.8000,2774.2000,2774.4000,1,1,1,1,5,1,3,1,2,2
SF,IH2003,2020-02-05 09:32:04.500,2773.2000,24583,-1,381904680.000,1,0,1,双平,S,2772.0000,2771.8000,2771.4000,2770.6000,2770.2000,2773.2000,2773.4000,2773.8000,2774.2000,2774.4000,6,2,1,1,1,1,3,1,2,2
SF,IH2003,2020-02-05 09:32:05.000,2773.2000,24583,0,381904680.000,0,-,-,-,-,2773.0000,2772.0000,2771.8000,2771.6000,2771.4000,2773.2000,2773.4000,2773.8000,2774.2000,2774.4000,1,3,2,1,1,1,3,1,2,2
SF,IH2003,2020-02-05 09:32:05.500,2773.0000,24582,-1,382736580.000,1,0,1,双平,S,2771.8000,2771.6000,2771.4000,2770.6000,2770.2000,2773.0000,2773.2000,2773.4000,2773.8000,2774.2000,2,1,1,1,1,1,1,3,1,1
SF,IH2003,2020-02-05 09:32:06.000,2773.0000,24582,0,382736580.000,0,-,-,-,-,2772.0000,2771.8000,2771.6000,2771.4000,2770.6000,2773.0000,2773.2000,2773.4000,2773.8000,2774.2000,1,2,1,1,1,1,1,3,1,1
SF,IH2003,2020-02-05 09:32:06.500,2773.0000,24582,0,382736580.000,0,-,-,-,-,2771.8000,2771.6000,2771.4000,2770.6000,2770.2000,2773.0000,2773.2000,2773.4000,2773.8000,2774.2000,2,1,1,1,1,1,1,3,1,1
SF,IH2003,2020-02-05 09:32:07.000,2773.0000,24582,0,382736580.000,0,-,-,-,-,2772.6000,2771.8000,2771.6000,2771.4000,2770.6000,2772.8000,2773.0000,2773.2000,2773.4000,2773.8000,1,1,1,1,1,1,1,1,3,1
SF,IH2003,2020-02-05 09:32:07.500,2772.6000,24582,0,383568360.000,1,0,1,多换,S,2771.8000,2771.6000,2771.4000,2770.6000,2770.2000,2772.4000,2772.6000,2773.0000,2773.2000,2773.4000,1,1,1,1,1,1,1,1,1,3
SF,IH2003,2020-02-05 09:32:08.000,2771.8000,24580,-2,386063160.000,3,0,3,多平,S,2771.6000,2771.4000,2770.6000,2770.2000,2770.0000,2772.6000,2773.0000,2773.2000,2773.4000,2774.2000,2,1,1,1,4,1,1,1,3,1
SF,IH2003,2020-02-05 09:32:08.500,2771.6000,24579,-1,386894640.000,1,0,1,双平,S,2771.6000,2771.4000,2770.6000,2770.2000,2770.0000,2772.6000,2773.0000,2773.2000,2773.4000,2774.2000,1,1,1,1,4,1,1,1,3,1
SF,IH2003,2020-02-05 09:32:09.000,2771.8000,24577,-2,388557720.000,2,0,2,双平,S,2771.6000,2771.4000,2770.6000,2770.2000,2770.0000,2772.6000,2773.0000,2773.2000,2773.4000,2774.2000,1,1,1,1,4,2,1,1,3,1
SF,IH2003,2020-02-05 09:32:10.000,2772.6000,24577,0,389389500.000,1,0,1,多换,S,2771.6000,2771.4000,2770.6000,2770.2000,2770.0000,2772.6000,2773.0000,2773.2000,2773.4000,2774.2000,1,1,1,2,4,1,1,1,3,1
SF,IH2003,2020-02-05 09:32:10.500,2772.6000,24577,0,389389500.000,0,-,-,-,-,2771.8000,2771.6000,2771.4000,2770.6000,2770.2000,2773.2000,2773.4000,2774.2000,2774.4000,2774.6000,3,1,1,1,2,1,3,1,1,1
SF,IH2003,2020-02-05 09:32:11.000,2771.8000,24577,0,390221040.000,1,0,1,多换,S,2772.0000,2771.6000,2771.4000,2770.6000,2770.2000,2773.2000,2773.4000,2774.2000,2774.6000,2776.8000,1,1,1,1,2,3,3,1,1,1
SF,IH2003,2020-02-05 09:32:11.500,2771.8000,24577,0,390221040.000,0,-,-,-,-,2771.6000,2771.4000,2770.6000,2770.2000,2770.0000,2773.0000,2773.2000,2773.4000,2774.2000,2774.6000,1,1,1,2,4,3,2,3,1,1
SF,IH2003,2020-02-05 09:32:12.000,2771.8000,24577,0,390221040.000,0,-,-,-,-,2771.6000,2771.4000,2770.6000,2770.2000,2770.0000,2772.8000,2773.0000,2773.2000,2773.4000,2774.2000,1,1,1,2,4,3,4,2,3,1
SF,IH2003,2020-02-05 09:32:12.500,2771.6000,24577,0,391052520.000,1,0,1,多换,S,2771.4000,2770.6000,2770.2000,2770.0000,2768.6000,2772.6000,2772.8000,2773.0000,2773.2000,2773.4000,1,1,2,4,1,3,2,3,2,3
SF,IH2003,2020-02-05 09:32:13.000,2771.4000,24576,-1,391883940.000,1,0,1,双平,S,2770.6000,2770.2000,2770.0000,2768.6000,2768.0000,2772.4000,2772.6000,2772.8000,2773.0000,2773.2000,1,2,4,1,3,3,1,2,3,2
SF,IH2003,2020-02-05 09:32:13.500,2771.4000,24576,0,391883940.000,0,-,-,-,-,2770.8000,2770.6000,2770.2000,2770.0000,2768.6000,2772.2000,2772.4000,2772.8000,2773.0000,2773.2000,2,1,2,4,1,2,2,1,3,1
SF,IH2003,2020-02-05 09:32:14.000,2771.4000,24576,0,391883940.000,0,-,-,-,-,2771.0000,2770.8000,2770.6000,2770.2000,2770.0000,2772.2000,2772.4000,2772.8000,2773.0000,2773.2000,1,2,1,2,4,2,2,1,3,1
SF,IH2003,2020-02-05 09:32:14.500,2772.2000,24576,0,392715600.000,1,0,1,多换,S,2772.2000,2771.2000,2770.8000,2770.6000,2770.2000,2772.4000,2772.8000,2773.0000,2773.2000,2773.4000,2,1,2,1,2,1,1,3,1,3
SF,IH2003,2020-02-05 09:32:15.000,2772.2000,24577,1,396042240.000,4,2,2,空开,S,2771.2000,2770.6000,2770.2000,2770.0000,2768.6000,2772.2000,2772.4000,2772.8000,2773.0000,2773.2000,1,1,2,4,1,1,1,1,3,1
SF,IH2003,2020-02-05 09:32:15.500,2771.4000,24576,-1,399368640.000,4,1,3,多平,S,2770.6000,2770.2000,2770.0000,2768.6000,2768.0000,2772.0000,2772.4000,2772.8000,2773.0000,2773.2000,1,2,4,1,3,3,1,1,3,1
SF,IH2003,2020-02-05 09:32:16.000,2771.4000,24576,0,399368640.000,0,-,-,-,-,2771.2000,2770.8000,2770.6000,2770.2000,2770.0000,2772.0000,2772.2000,2772.4000,2772.8000,2773.0000,1,1,2,2,4,3,1,1,1,3
SF,IH2003,2020-02-05 09:32:16.500,2772.0000,24576,0,401031840.000,2,1,1,多换,S,2771.2000,2770.6000,2770.2000,2770.0000,2768.6000,2772.0000,2772.2000,2772.4000,2772.8000,2773.0000,1,2,2,4,1,1,1,1,1,3
SF,IH2003,2020-02-05 09:32:17.000,2772.0000,24576,0,402694800.000,2,1,1,多换,S,2772.0000,2770.6000,2770.2000,2770.0000,2768.6000,2772.2000,2772.4000,2772.8000,2773.0000,2773.2000,4,1,2,4,1,1,1,1,3,1
SF,IH2003,2020-02-05 09:32:17.500,2772.0000,24576,0,406021200.000,4,2,2,多换,S,2770.6000,2770.2000,2770.0000,2768.6000,2768.0000,2770.8000,2771.8000,2772.2000,2772.4000,2772.8000,1,2,4,1,3,1,4,1,1,1
SF,IH2003,2020-02-05 09:32:18.000,2771.2000,24574,-2,407683800.000,2,0,2,双平,S,2771.0000,2770.8000,2770.6000,2770.2000,2770.0000,2771.8000,2772.2000,2772.4000,2772.8000,2773.0000,1,6,1,2,4,4,1,1,1,3
SF,IH2003,2020-02-05 09:32:18.500,2771.2000,24574,0,407683800.000,0,-,-,-,-,2770.8000,2770.6000,2770.2000,2770.0000,2768.6000,2772.2000,2772.4000,2772.8000,2773.0000,2773.2000,3,1,2,4,1,1,1,1,3,1
SF,IH2003,2020-02-05 09:32:19.000,2771.2000,24574,0,408515160.000,1,0,1,多换,S,2771.0000,2770.8000,2770.6000,2770.2000,2770.0000,2772.0000,2772.2000,2772.4000,2772.8000,2773.0000,1,2,1,2,4,1,2,1,1,3
SF,IH2003,2020-02-05 09:32:19.500,2771.0000,24574,0,409346460.000,1,0,1,多换,S,2770.8000,2770.6000,2770.2000,2770.0000,2768.6000,2771.8000,2772.2000,2772.4000,2772.8000,2773.0000,2,1,2,4,1,1,2,1,1,3
SF,IH2003,2020-02-05 09:32:20.000,2771.0000,24574,0,409346460.000,0,-,-,-,-,2770.6000,2770.2000,2770.0000,2768.6000,2768.0000,2772.2000,2772.4000,2772.8000,2773.0000,2773.2000,1,1,4,1,3,2,1,1,3,1
SF,IH2003,2020-02-05 09:32:20.500,2771.0000,24574,0,409346460.000,0,-,-,-,-,2770.8000,2770.6000,2770.2000,2770.0000,2768.6000,2772.0000,2772.2000,2772.4000,2772.8000,2773.0000,1,1,1,4,1,1,2,1,1,3
SF,IH2003,2020-02-05 09:32:21.000,2771.8000,24573,-1,410178000.000,1,0,1,双平,S,2771.2000,2770.8000,2770.6000,2770.2000,2770.0000,2771.8000,2772.2000,2772.4000,2772.8000,2773.0000,1,1,1,1,4,1,2,1,1,3
SF,IH2003,2020-02-05 09:32:21.500,2771.2000,24572,-1,411009360.000,1,0,1,双平,S,2770.8000,2770.6000,2770.2000,2770.0000,2768.6000,2771.2000,2772.2000,2772.4000,2772.8000,2773.0000,1,1,1,4,1,1,2,1,1,3
SF,IH2003,2020-02-05 09:32:22.000,2771.2000,24572,0,411009360.000,0,-,-,-,-,2771.8000,2771.4000,2770.6000,2770.2000,2770.0000,2772.2000,2772.8000,2773.0000,2773.2000,2774.2000,1,1,1,1,4,1,1,3,1,1
SF,IH2003,2020-02-05 09:32:22.500,2771.8000,24571,-1,411840900.000,1,0,1,双平,S,2771.4000,2771.2000,2770.6000,2770.2000,2770.0000,2771.8000,2772.0000,2772.2000,2772.8000,2773.0000,1,2,1,1,4,1,1,2,1,3
SF,IH2003,2020-02-05 09:32:23.000,2771.8000,24569,-2,413503860.000,2,0,2,双平,S,2771.2000,2770.6000,2770.2000,2770.0000,2768.6000,2772.2000,2772.8000,2773.0000,2773.2000,2774.2000,2,1,1,4,1,1,1,3,1,1
SF,IH2003,2020-02-05 09:32:24.000,2771.2000,24568,-1,414335220.000,1,0,1,双平,S,2771.2000,2770.6000,2770.2000,2770.0000,2768.6000,2772.2000,2772.8000,2773.0000,2773.2000,2774.2000,6,1,1,4,1,2,1,3,1,1
SF,IH2003,2020-02-05 09:32:24.500,2771.2000,24568,0,414335220.000,0,-,-,-,-,2771.2000,2770.6000,2770.2000,2770.0000,2768.6000,2772.0000,2772.2000,2772.8000,2773.0000,2773.2000,6,1,1,4,1,1,2,1,2,1
SF,IH2003,2020-02-05 09:32:25.000,2771.2000,24569,1,415997940.000,2,1,1,空开,S,2771.2000,2770.8000,2770.6000,2770.2000,2770.0000,2772.0000,2772.2000,2772.8000,2773.0000,2773.2000,4,1,1,1,4,1,2,1,2,1
SF,IH2003,2020-02-05 09:32:25.500,2771.2000,24569,0,415997940.000,0,-,-,-,-,2771.2000,2770.8000,2770.6000,2770.2000,2770.0000,2772.0000,2772.2000,2772.8000,2773.0000,2773.2000,4,1,1,1,4,2,2,1,2,1
SF,IH2003,2020-02-05 09:32:26.000,2771.2000,24570,1,416829300.000,1,1,0,双开,S,2771.2000,2770.8000,2770.6000,2770.2000,2770.0000,2772.0000,2772.2000,2772.8000,2773.0000,2773.2000,3,1,1,1,4,2,2,1,2,1
SF,IH2003,2020-02-05 09:32:26.500,2772.0000,24569,-1,417660900.000,1,0,1,双平,S,2771.4000,2771.2000,2770.8000,2770.6000,2770.2000,2772.2000,2772.8000,2773.0000,2773.2000,2773.8000,1,3,1,1,1,1,1,2,1,1
SF,IH2003,2020-02-05 09:32:27.000,2772.2000,24569,0,418492560.000,1,0,1,多换,S,2772.2000,2771.4000,2771.2000,2770.8000,2770.6000,2772.8000,2773.0000,2773.2000,2773.8000,2774.2000,2,1,3,1,1,1,2,1,1,1
SF,IH2003,2020-02-05 09:32:27.500,2772.2000,24566,-3,420987900.000,3,0,3,双平,S,2772.2000,2772.0000,2771.6000,2771.2000,2770.8000,2773.0000,2773.2000,2773.8000,2774.2000,2776.0000,1,1,1,3,1,2,1,1,1,2
SF,IH2003,2020-02-05 09:32:28.000,2773.0000,24565,-1,422651700.000,2,0,2,多平,S,2772.2000,2772.0000,2771.6000,2771.2000,2770.8000,2773.2000,2773.8000,2774.2000,2776.0000,2776.8000,1,2,1,3,1,1,1,1,2,1
SF,IH2003,2020-02-05 09:32:28.500,2773.2000,24564,-1,423483660.000,1,0,1,双平,S,2773.2000,2773.0000,2772.0000,2771.6000,2771.2000,2773.8000,2774.2000,2776.0000,2776.8000,2777.0000,2,1,2,1,4,1,1,2,1,1
SF,IH2003,2020-02-05 09:32:29.000,2773.8000,24562,-2,425147940.000,2,0,2,双平,S,2773.8000,2773.2000,2773.0000,2772.0000,2771.6000,2774.2000,2776.0000,2776.8000,2777.0000,2777.8000,2,2,1,2,1,1,2,1,1,2
SF,IH2003,2020-02-05 09:32:29.500,2773.8000,24560,-2,426812220.000,2,0,2,双平,S,2773.2000,2773.0000,2772.0000,2771.6000,2771.2000,2774.2000,2774.4000,2776.0000,2776.8000,2777.0000,2,1,2,1,4,3,4,2,1,1
SF,IH2003,2020-02-05 09:32:30.000,2773.8000,24560,0,426812220.000,0,-,-,-,-,2773.2000,2773.0000,2772.0000,2771.6000,2771.2000,2773.6000,2774.0000,2774.2000,2774.4000,2776.0000,3,1,2,1,4,2,1,3,4,2
SF,IH2003,2020-02-05 09:32:30.500,2773.6000,24556,-4,431804700.000,6,1,5,多平,S,2773.6000,2773.4000,2773.2000,2773.0000,2772.0000,2774.2000,2776.0000,2776.8000,2777.0000,2777.8000,3,1,3,1,2,1,2,1,1,2
SF,IH2003,2020-02-05 09:32:31.000,2773.6000,24554,-2,434300940.000,3,0,3,多平,S,2773.2000,2773.0000,2772.0000,2771.2000,2771.0000,2774.2000,2776.0000,2776.8000,2777.0000,2777.8000,3,1,2,4,1,1,2,1,1,2
SF,IH2003,2020-02-05 09:32:31.500,2773.8000,24552,-2,435965340.000,2,0,2,双平,S,2773.4000,2773.2000,2773.0000,2772.0000,2771.2000,2776.0000,2776.8000,2777.0000,2777.8000,2778.0000,1,2,1,2,4,2,1,1,2,3
SF,IH2003,2020-02-05 09:32:32.000,2773.8000,24552,0,435965340.000,0,-,-,-,-,2773.6000,2773.2000,2773.0000,2772.0000,2771.2000,2775.6000,2775.8000,2776.0000,2776.2000,2776.8000,3,2,1,2,4,1,3,2,1,1
SF,IH2003,2020-02-05 09:32:32.500,2775.8000,24553,1,440128740.000,5,3,2,空开,S,2773.8000,2773.6000,2773.2000,2773.0000,2772.0000,2776.0000,2776.2000,2776.8000,2777.0000,2777.8000,2,2,2,1,2,2,1,1,1,2
SF,IH2003,2020-02-05 09:32:33.000,2775.8000,24553,0,440128740.000,0,-,-,-,-,2774.0000,2773.8000,2773.6000,2773.2000,2773.0000,2775.0000,2775.2000,2775.4000,2775.8000,2776.0000,1,1,1,2,1,1,1,1,1,2
SF,IH2003,2020-02-05 09:32:33.500,2775.8000,24553,0,440128740.000,0,-,-,-,-,2774.2000,2773.8000,2773.2000,2773.0000,2772.0000,2775.0000,2775.4000,2775.8000,2776.0000,2776.2000,1,1,2,1,2,1,1,3,2,1
SF,IH2003,2020-02-05 09:32:34.000,2775.0000,24553,0,440961240.000,1,0,1,多换,S,2774.4000,2773.2000,2773.0000,2772.0000,2771.2000,2775.4000,2775.8000,2776.0000,2776.2000,2776.8000,2,2,1,2,4,1,3,2,1,1
SF,IH2003,2020-02-05 09:32:34.500,2774.4000,24553,0,442625880.000,2,1,1,多换,S,2773.2000,2773.0000,2772.0000,2771.2000,2771.0000,2774.2000,2774.4000,2775.2000,2775.8000,2776.0000,2,1,2,4,1,1,1,1,3,2
SF,IH2003,2020-02-05 09:32:35.000,2774.2000,24552,-1,443458140.000,1,0,1,双平,S,2773.4000,2773.2000,2773.0000,2772.0000,2771.2000,2774.4000,2775.8000,2776.0000,2776.2000,2776.8000,1,2,1,2,4,1,3,2,1,1
SF,IH2003,2020-02-05 09:32:35.500,2774.4000,24550,-2,445122780.000,2,0,2,双平,S,2774.4000,2773.8000,2773.6000,2773.4000,2773.2000,2775.8000,2776.0000,2776.2000,2776.8000,2777.0000,1,1,1,1,2,3,2,1,1,1
SF,IH2003,2020-02-05 09:32:36.000,2774.4000,24550,0,446787420.000,2,1,1,多换,S,2773.8000,2773.2000,2773.0000,2772.0000,2771.2000,2774.2000,2775.8000,2776.0000,2776.8000,2777.0000,1,2,1,2,4,1,3,2,1,1
SF,IH2003,2020-02-05 09:32:36.500,2774.4000,24550,0,447619740.000,1,0,1,多换,S,2774.4000,2774.2000,2774.0000,2773.8000,2773.2000,2776.0000,2776.8000,2777.0000,2777.8000,2778.0000,1,4,1,1,2,2,1,1,2,3
SF,IH2003,2020-02-05 09:32:37.000,2774.4000,24550,0,447619740.000,0,-,-,-,-,2774.6000,2774.4000,2774.2000,2774.0000,2773.8000,2776.0000,2776.8000,2777.0000,2777.8000,2778.0000,2,1,3,1,1,2,1,1,2,3
SF,IH2003,2020-02-05 09:32:37.500,2774.4000,24550,0,447619740.000,0,-,-,-,-,2774.6000,2774.2000,2774.0000,2773.8000,2773.2000,2776.0000,2776.8000,2777.0000,2777.8000,2778.0000,3,3,1,1,2,2,1,1,2,3
SF,IH2003,2020-02-05 09:32:38.000,2774.4000,24550,0,447619740.000,0,-,-,-,-,2774.8000,2774.6000,2774.2000,2774.0000,2773.8000,2776.0000,2776.8000,2777.0000,2777.8000,2778.0000,1,3,3,1,1,2,1,1,2,3
SF,IH2003,2020-02-05 09:32:38.500,2774.4000,24550,0,447619740.000,0,-,-,-,-,2775.0000,2774.8000,2774.2000,2774.0000,2773.8000,2776.0000,2776.8000,2777.0000,2777.8000,2778.0000,2,2,3,1,1,2,1,1,2,3
SF,IH2003,2020-02-05 09:32:39.000,2774.6000,24549,-1,448452120.000,1,0,1,双平,S,2775.0000,2774.8000,2774.2000,2774.0000,2773.8000,2776.0000,2776.8000,2777.0000,2777.8000,2778.0000,2,1,3,1,1,2,1,1,2,3
SF,IH2003,2020-02-05 09:32:39.500,2774.6000,24549,0,448452120.000,0,-,-,-,-,2775.0000,2774.2000,2773.8000,2773.2000,2773.0000,2776.0000,2776.8000,2777.0000,2777.8000,2778.0000,2,3,1,2,1,2,1,1,2,3
SF,IH2003,2020-02-05 09:32:40.000,2775.0000,24546,-3,450950220.000,3,0,3,双平,S,2775.0000,2774.2000,2773.8000,2773.2000,2773.0000,2776.8000,2777.0000,2777.8000,2778.0000,2778.2000,2,3,1,2,1,1,1,2,3,1
SF,IH2003,2020-02-05 09:32:40.500,2775.0000,24547,1,452615220.000,2,1,1,空开,S,2775.0000,2774.2000,2774.0000,2773.8000,2773.2000,2776.6000,2776.8000,2777.0000,2777.8000,2778.0000,1,3,1,1,2,2,1,1,2,3
SF,IH2003,2020-02-05 09:32:41.000,2775.0000,24547,0,452615220.000,0,-,-,-,-,2776.0000,2775.0000,2774.2000,2774.0000,2773.8000,2776.4000,2776.6000,2776.8000,2777.0000,2777.8000,1,1,3,1,1,1,3,1,1,2
SF,IH2003,2020-02-05 09:32:41.500,2776.0000,24546,-1,453448020.000,1,0,1,双平,S,2775.0000,2774.4000,2774.2000,2774.0000,2773.8000,2776.0000,2776.4000,2776.6000,2776.8000,2777.0000,1,1,1,1,1,4,2,1,1,1
SF,IH2003,2020-02-05 09:32:42.000,2776.0000,24546,0,453448020.000,0,-,-,-,-,2775.0000,2774.4000,2774.2000,2774.0000,2773.8000,2776.0000,2776.4000,2776.8000,2777.0000,2777.8000,1,1,2,1,1,3,2,1,1,2
SF,IH2003,2020-02-05 09:32:42.500,2771.2000,24553,7,462598200.000,11,9,2,空开,S,2771.0000,2770.8000,2770.6000,2770.2000,2770.0000,2775.0000,2775.8000,2776.0000,2776.4000,2776.8000,1,1,1,1,5,3,2,3,2,1
SF,IH2003,2020-02-05 09:32:43.000,2774.4000,24552,-1,463430520.000,1,0,1,双平,S,2772.6000,2772.4000,2772.0000,2771.8000,2771.6000,2774.8000,2775.0000,2775.8000,2776.0000,2776.2000,1,1,1,1,2,2,4,1,2,1
SF,IH2003,2020-02-05 09:32:43.500,2774.4000,24552,0,463430520.000,0,-,-,-,-,2774.0000,2772.8000,2772.6000,2772.4000,2772.0000,2774.8000,2775.0000,2776.0000,2776.2000,2776.8000,1,1,2,1,2,2,3,2,1,1
SF,IH2003,2020-02-05 09:32:44.000,2774.4000,24552,0,463430520.000,0,-,-,-,-,2774.0000,2772.8000,2772.6000,2772.4000,2772.0000,2775.0000,2776.0000,2776.2000,2776.8000,2777.0000,2,4,1,1,2,3,2,1,1,1
SF,IH2003,2020-02-05 09:32:44.500,2774.4000,24552,0,463430520.000,0,-,-,-,-,2774.0000,2772.8000,2772.6000,2772.4000,2772.0000,2774.8000,2775.0000,2776.0000,2776.2000,2776.8000,2,4,1,1,2,1,3,2,1,1
SF,IH2003,2020-02-05 09:32:45.000,2774.0000,24552,0,464262720.000,1,0,1,多换,S,2772.8000,2772.6000,2772.4000,2772.0000,2771.8000,2774.0000,2775.0000,2776.0000,2776.8000,2777.0000,4,1,1,2,1,1,3,2,1,1
SF,IH2003,2020-02-05 09:32:45.500,2774.0000,24552,0,464262720.000,0,-,-,-,-,2773.0000,2772.8000,2772.4000,2772.0000,2771.8000,2774.0000,2775.0000,2776.0000,2776.8000,2777.0000,3,4,1,2,1,1,3,2,1,1
SF,IH2003,2020-02-05 09:32:46.000,2774.0000,24552,0,464262720.000,0,-,-,-,-,2773.0000,2772.4000,2772.0000,2771.8000,2771.6000,2773.8000,2774.0000,2775.0000,2776.0000,2776.2000,3,1,2,1,3,2,1,3,2,1
SF,IH2003,2020-02-05 09:32:46.500,2773.0000,24551,-1,465926520.000,2,0,2,多平,S,2772.0000,2771.0000,2770.8000,2770.6000,2770.2000,2772.8000,2773.0000,2773.8000,2774.0000,2775.0000,2,2,2,1,1,2,1,5,1,2
SF,IH2003,2020-02-05 09:32:47.000,2772.0000,24549,-2,467589720.000,2,0,2,双平,S,2771.0000,2770.8000,2770.6000,2770.2000,2770.0000,2772.0000,2772.4000,2772.6000,2772.8000,2773.8000,1,2,1,1,5,1,1,2,2,2
SF,IH2003,2020-02-05 09:32:47.500,2772.0000,24549,0,467589720.000,0,-,-,-,-,2771.2000,2771.0000,2770.8000,2770.6000,2770.2000,2772.0000,2772.4000,2772.8000,2773.8000,2774.0000,1,3,2,1,1,1,1,2,1,1
SF,IH2003,2020-02-05 09:32:48.000,2772.0000,24548,-1,468421320.000,1,0,1,双平,S,2772.0000,2771.4000,2771.2000,2771.0000,2770.8000,2772.4000,2772.8000,2773.2000,2774.0000,2775.0000,2,1,2,2,2,1,2,1,1,1
SF,IH2003,2020-02-05 09:32:48.500,2772.4000,24547,-1,469253040.000,1,0,1,双平,S,2772.0000,2771.4000,2771.2000,2771.0000,2770.8000,2772.8000,2773.2000,2774.0000,2775.0000,2776.2000,2,1,3,2,2,2,1,1,1,1
SF,IH2003,2020-02-05 09:32:49.000,2772.0000,24546,-1,470084640.000,1,0,1,双平,S,2772.0000,2771.4000,2771.2000,2771.0000,2770.8000,2772.6000,2772.8000,2774.0000,2774.6000,2775.0000,2,1,2,2,2,2,2,1,1,1
SF,IH2003,2020-02-05 09:32:49.500,2772.6000,24545,-1,470916420.000,1,0,1,双平,S,2772.8000,2772.6000,2772.0000,2771.4000,2771.2000,2774.0000,2774.6000,2775.0000,2776.2000,2776.8000,1,1,2,1,2,1,1,1,1,1
SF,IH2003,2020-02-05 09:32:50.000,2772.6000,24545,0,470916420.000,0,-,-,-,-,2773.4000,2772.8000,2772.6000,2772.2000,2772.0000,2773.8000,2774.0000,2774.6000,2775.0000,2776.2000,1,2,1,3,1,5,1,1,1,1
SF,IH2003,2020-02-05 09:32:50.500,2773.4000,24545,0,471748440.000,1,0,1,多换,S,2772.8000,2772.6000,2772.2000,2772.0000,2771.4000,2773.8000,2774.0000,2774.6000,2775.0000,2776.2000,1,1,3,1,1,1,1,1,1,1
SF,IH2003,2020-02-05 09:32:51.000,2773.4000,24545,0,471748440.000,0,-,-,-,-,2773.8000,2772.8000,2772.6000,2772.0000,2771.2000,2774.6000,2775.0000,2776.2000,2776.8000,2777.0000,1,2,1,1,1,1,1,1,1,1
SF,IH2003,2020-02-05 09:32:51.500,2773.8000,24546,1,473412720.000,2,1,1,空开,S,2773.0000,2772.8000,2772.6000,2771.2000,2771.0000,2773.6000,2774.4000,2774.6000,2775.0000,2776.2000,1,1,1,1,1,3,3,1,1,1
SF,IH2003,2020-02-05 09:32:52.000,2773.8000,24543,-3,476741220.000,4,0,4,多平,S,2773.8000,2773.0000,2772.8000,2772.6000,2771.2000,2774.4000,2774.6000,2775.0000,2776.2000,2776.8000,2,1,2,1,1,1,1,1,1,1
SF,IH2003,2020-02-05 09:32:52.500,2773.8000,24543,0,476741220.000,0,-,-,-,-,2773.8000,2773.0000,2772.8000,2772.6000,2771.2000,2774.2000,2774.4000,2774.6000,2775.0000,2776.2000,2,1,1,1,1,1,1,1,1,1
SF,IH2003,2020-02-05 09:32:53.000,2773.8000,24543,0,476741220.000,0,-,-,-,-,2773.0000,2772.8000,2772.6000,2771.2000,2771.0000,2773.8000,2774.4000,2774.6000,2775.0000,2776.2000,1,1,1,2,1,1,1,1,1,1
SF,IH2003,2020-02-05 09:32:53.500,2773.8000,24543,0,477573360.000,1,0,1,多换,S,2773.8000,2773.0000,2772.8000,2772.6000,2771.2000,2774.4000,2774.6000,2775.0000,2776.2000,2776.8000,1,2,1,1,2,1,1,1,1,1
SF,IH2003,2020-02-05 09:32:54.000,2774.2000,24544,1,478405620.000,1,1,0,双开,S,2773.8000,2773.0000,2772.8000,2772.6000,2771.2000,2774.4000,2774.6000,2775.0000,2776.2000,2776.8000,1,2,1,1,2,3,1,1,1,1
SF,IH2003,2020-02-05 09:32:54.500,2774.2000,24544,0,478405620.000,0,-,-,-,-,2773.8000,2772.8000,2772.6000,2771.2000,2771.0000,2774.6000,2775.0000,2776.2000,2776.8000,2777.0000,1,1,1,2,1,1,1,1,1,1
SF,IH2003,2020-02-05 09:32:55.500,2774.2000,24544,0,478405620.000,0,-,-,-,-,2774.0000,2773.8000,2772.8000,2772.6000,2771.2000,2774.4000,2774.6000,2775.0000,2776.2000,2776.8000,1,1,1,1,2,1,1,1,1,1
SF,IH2003,2020-02-05 09:32:56.000,2774.0000,24544,0,479237820.000,1,0,1,多换,S,2772.8000,2772.6000,2771.2000,2771.0000,2770.8000,2774.0000,2774.4000,2774.6000,2775.0000,2776.2000,1,1,2,1,2,1,1,1,1,1
SF,IH2003,2020-02-05 09:32:56.500,2774.0000,24544,0,479237820.000,0,-,-,-,-,2773.0000,2772.8000,2772.6000,2771.2000,2771.0000,2774.0000,2774.4000,2774.6000,2775.0000,2776.2000,3,1,1,2,1,2,1,1,1,1
SF,IH2003,2020-02-05 09:32:57.000,2774.0000,24543,-1,480901920.000,2,0,2,多平,S,2772.8000,2772.6000,2771.2000,2771.0000,2770.8000,2774.0000,2774.4000,2774.6000,2775.0000,2776.2000,1,1,3,1,2,1,1,1,1,1
SF,IH2003,2020-02-05 09:32:57.500,2774.0000,24543,0,480901920.000,0,-,-,-,-,2772.8000,2772.6000,2771.2000,2771.0000,2770.8000,2773.8000,2774.0000,2774.4000,2774.6000,2775.0000,1,1,3,1,2,1,1,1,1,1
SF,IH2003,2020-02-05 09:32:58.000,2774.0000,24543,0,481734120.000,1,0,1,多换,S,2773.0000,2772.8000,2772.6000,2771.2000,2771.0000,2774.4000,2774.6000,2775.0000,2776.2000,2776.8000,1,1,1,3,1,1,1,1,1,1
SF,IH2003,2020-02-05 09:32:58.500,2774.0000,24543,0,481734120.000,0,-,-,-,-,2773.0000,2772.8000,2772.6000,2771.2000,2771.0000,2774.2000,2774.4000,2774.6000,2775.0000,2776.2000,1,1,1,3,1,1,2,1,1,1
SF,IH2003,2020-02-05 09:32:59.000,2774.0000,24543,0,481734120.000,0,-,-,-,-,2773.0000,2772.8000,2772.6000,2771.2000,2771.0000,2774.0000,2774.2000,2774.4000,2774.6000,2775.0000,1,1,1,3,1,1,2,1,1,1
SF,IH2003,2020-02-05 09:32:59.500,2774.0000,24543,0,481734120.000,0,-,-,-,-,2773.0000,2772.8000,2772.6000,2771.2000,2771.0000,2774.4000,2774.6000,2775.0000,2776.2000,2776.8000,1,1,1,3,1,1,1,1,1,1
SF,IH2003,2020-02-05 09:33:00.000,2773.2000,24542,-1,482566080.000,1,0,1,双平,S,2773.2000,2773.0000,2772.8000,2772.6000,2771.2000,2774.2000,2774.4000,2774.6000,2775.0000,2776.2000,1,1,1,1,3,1,1,1,1,1
SF,IH2003,2020-02-05 09:33:00.500,2773.2000,24542,0,482566080.000,0,-,-,-,-,2773.2000,2773.0000,2772.8000,2772.6000,2771.2000,2774.4000,2774.6000,2775.0000,2776.2000,2776.8000,1,1,1,1,3,1,1,1,1,1
SF,IH2003,2020-02-05 09:33:01.000,2773.2000,24542,0,482566080.000,0,-,-,-,-,2773.2000,2773.0000,2772.8000,2772.6000,2771.2000,2774.2000,2774.4000,2774.6000,2775.0000,2776.2000,1,1,1,1,3,1,1,1,1,1
SF,IH2003,2020-02-05 09:33:01.500,2773.2000,24542,0,482566080.000,0,-,-,-,-,2773.4000,2773.2000,2773.0000,2772.8000,2772.6000,2774.0000,2774.2000,2774.4000,2774.6000,2775.0000,1,1,1,1,1,1,4,1,1,1
SF,IH2003,2020-02-05 09:33:02.000,2773.2000,24542,0,482566080.000,0,-,-,-,-,2773.4000,2773.2000,2773.0000,2772.8000,2772.6000,2774.0000,2774.2000,2774.4000,2774.6000,2775.0000,1,1,1,1,1,1,3,1,1,1
SF,IH2003,2020-02-05 09:33:02.500,2773.2000,24542,0,482566080.000,0,-,-,-,-,2773.4000,2773.2000,2773.0000,2772.8000,2772.6000,2774.0000,2774.2000,2774.4000,2774.6000,2776.2000,1,2,1,1,1,1,3,1,1,1
SF,IH2003,2020-02-05 09:33:03.000,2773.4000,24542,0,484230120.000,2,1,1,多换,S,2773.6000,2773.2000,2773.0000,2772.8000,2772.6000,2774.0000,2774.2000,2774.4000,2774.6000,2776.2000,1,1,1,1,1,1,3,1,1,1
SF,IH2003,2020-02-05 09:33:03.500,2773.6000,24541,-1,485062200.000,1,0,1,双平,S,2773.2000,2773.0000,2772.8000,2772.6000,2771.2000,2773.6000,2774.0000,2774.2000,2774.4000,2774.6000,1,1,1,1,3,2,1,3,1,1
SF,IH2003,2020-02-05 09:33:04.000,2773.6000,24540,-1,485894280.000,1,0,1,双平,S,2773.2000,2773.0000,2772.8000,2772.6000,2771.2000,2773.6000,2774.2000,2774.4000,2774.6000,2776.2000,1,1,1,1,3,2,3,1,1,1
SF,IH2003,2020-02-05 09:33:04.500,2773.2000,24536,-4,489222480.000,4,0,4,双平,S,2773.2000,2773.0000,2772.8000,2772.6000,2771.2000,2774.2000,2774.4000,2774.6000,2776.2000,2776.8000,1,1,1,1,3,3,1,1,1,1
SF,IH2003,2020-02-05 09:33:05.000,2773.2000,24536,0,489222480.000,0,-,-,-,-,2773.2000,2773.0000,2772.8000,2772.6000,2771.2000,2774.0000,2774.2000,2774.4000,2774.6000,2776.2000,1,1,1,1,3,1,3,4,1,1
SF,IH2003,2020-02-05 09:33:05.500,2773.2000,24535,-1,490054440.000,1,0,1,双平,S,2773.0000,2772.8000,2772.6000,2771.2000,2771.0000,2773.8000,2774.0000,2774.2000,2774.4000,2774.6000,1,1,1,3,1,1,1,3,4,1
SF,IH2003,2020-02-05 09:33:06.000,2773.0000,24535,0,490886340.000,1,0,1,多换,S,2772.8000,2772.6000,2771.2000,2771.0000,2770.8000,2773.6000,2773.8000,2774.2000,2774.4000,2774.6000,1,1,3,1,2,1,1,3,4,1
SF,IH2003,2020-02-05 09:33:06.500,2773.0000,24535,0,490886340.000,0,-,-,-,-,2772.8000,2772.6000,2771.2000,2771.0000,2770.8000,2773.8000,2774.2000,2774.4000,2774.6000,2776.2000,1,1,3,1,2,1,3,4,1,1
SF,IH2003,2020-02-05 09:33:07.000,2773.6000,24535,0,491718420.000,1,0,1,多换,S,2772.8000,2772.6000,2771.2000,2771.0000,2770.8000,2773.8000,2774.2000,2774.4000,2774.6000,2776.2000,1,1,3,1,2,1,3,4,1,1
SF,IH2003,2020-02-05 09:33:07.500,2773.6000,24535,0,491718420.000,0,-,-,-,-,2772.8000,2772.6000,2771.2000,2771.0000,2770.8000,2773.6000,2773.8000,2774.4000,2774.6000,2776.2000,1,1,3,1,2,3,1,4,1,1
SF,IH2003,2020-02-05 09:33:08.000,2773.6000,24534,-1,492550500.000,1,0,1,双平,S,2772.8000,2772.6000,2771.2000,2771.0000,2770.8000,2773.6000,2773.8000,2774.4000,2774.6000,2776.2000,1,1,3,1,2,2,1,4,1,1
SF,IH2003,2020-02-05 09:33:08.500,2773.6000,24534,0,492550500.000,0,-,-,-,-,2772.8000,2772.6000,2771.2000,2771.0000,2770.8000,2773.6000,2773.8000,2774.4000,2774.6000,2776.2000,2,1,3,1,2,2,1,4,1,1
SF,IH2003,2020-02-05 09:33:09.000,2773.8000,24532,-2,495046800.000,3,0,3,多平,S,2772.8000,2772.6000,2771.2000,2771.0000,2770.8000,2774.4000,2774.6000,2776.2000,2776.8000,2777.0000,2,1,3,1,2,4,1,1,1,1
SF,IH2003,2020-02-05 09:33:09.500,2774.2000,24533,1,495879060.000,1,1,0,双开,S,2773.0000,2772.8000,2772.6000,2771.2000,2771.0000,2774.4000,2774.6000,2776.2000,2776.8000,2777.0000,2,2,1,3,1,1,1,1,1,1
SF,IH2003,2020-02-05 09:33:10.000,2774.2000,24533,0,495879060.000,0,-,-,-,-,2773.2000,2773.0000,2772.8000,2772.6000,2771.2000,2774.2000,2774.4000,2774.6000,2776.2000,2776.8000,1,2,2,1,3,1,1,2,1,1
SF,IH2003,2020-02-05 09:33:10.500,2774.2000,24533,0,495879060.000,0,-,-,-,-,2773.8000,2773.4000,2773.2000,2773.0000,2772.8000,2774.2000,2774.4000,2774.6000,2776.2000,2776.8000,1,1,1,1,2,1,2,2,1,1
SF,IH2003,2020-02-05 09:33:11.000,2774.2000,24532,-1,496711320.000,1,0,1,双平,S,2773.8000,2773.4000,2773.0000,2772.8000,2772.6000,2774.4000,2774.6000,2776.2000,2776.8000,2777.0000,1,1,1,1,1,3,2,1,1,1
SF,IH2003,2020-02-05 09:33:11.500,2774.2000,24532,0,496711320.000,0,-,-,-,-,2773.8000,2773.4000,2773.0000,2772.8000,2772.6000,2774.4000,2774.6000,2776.2000,2776.8000,2777.0000,1,1,1,1,1,3,2,1,1,1
SF,IH2003,2020-02-05 09:33:12.000,2774.2000,24532,0,496711320.000,0,-,-,-,-,2774.0000,2773.8000,2773.4000,2773.0000,2772.8000,2774.4000,2774.6000,2776.2000,2776.8000,2777.0000,1,1,1,1,1,3,2,1,1,1
SF,IH2003,2020-02-05 09:33:12.500,2774.4000,24529,-3,499208280.000,3,0,3,双平,S,2774.4000,2774.0000,2773.8000,2773.4000,2773.0000,2774.6000,2776.2000,2776.8000,2777.0000,2777.8000,2,1,1,1,1,2,1,1,1,3
SF,IH2003,2020-02-05 09:33:13.000,2774.6000,24528,-1,500873040.000,2,0,2,多平,S,2774.6000,2774.4000,2774.0000,2773.8000,2773.4000,2774.8000,2776.2000,2776.8000,2777.0000,2777.8000,3,2,1,1,1,2,1,1,1,3
SF,IH2003,2020-02-05 09:33:13.500,2774.8000,24526,-2,502537920.000,2,0,2,双平,S,2774.8000,2774.6000,2774.4000,2774.0000,2773.8000,2776.2000,2776.8000,2777.0000,2777.8000,2778.0000,3,4,3,1,1,1,1,1,3,2
SF,IH2003,2020-02-05 09:33:14.000,2774.8000,24526,0,502537920.000,0,-,-,-,-,2775.0000,2774.8000,2774.6000,2774.4000,2773.8000,2776.2000,2776.8000,2777.0000,2777.8000,2778.0000,1,2,2,3,1,3,2,1,3,2
SF,IH2003,2020-02-05 09:33:14.500,2774.8000,24526,0,502537920.000,0,-,-,-,-,2775.2000,2774.8000,2774.6000,2774.4000,2773.8000,2776.0000,2776.2000,2776.8000,2777.0000,2777.8000,1,2,2,3,1,2,2,2,1,3
SF,IH2003,2020-02-05 09:33:15.000,2775.2000,24526,0,503370480.000,1,0,1,多换,S,2774.8000,2774.6000,2774.4000,2773.8000,2772.8000,2775.2000,2776.0000,2776.2000,2776.4000,2776.8000,2,2,3,1,1,1,2,3,1,2
SF,IH2003,2020-02-05 09:33:15.500,2775.2000,24526,0,503370480.000,0,-,-,-,-,2774.8000,2774.6000,2774.4000,2773.8000,2772.8000,2775.2000,2775.4000,2776.0000,2776.2000,2776.4000,2,2,3,1,1,4,1,1,3,1
SF,IH2003,2020-02-05 09:33:16.000,2774.6000,24524,-2,505035240.000,2,0,2,双平,S,2774.4000,2773.8000,2772.8000,2771.2000,2771.0000,2775.2000,2775.4000,2776.0000,2776.2000,2776.4000,3,1,1,3,1,4,2,1,3,1
SF,IH2003,2020-02-05 09:33:16.500,2775.2000,24524,0,506700300.000,2,1,1,多换,S,2773.8000,2772.8000,2771.2000,2771.0000,2770.8000,2774.6000,2775.2000,2775.4000,2776.2000,2776.4000,1,1,3,1,2,1,3,2,3,1
SF,IH2003,2020-02-05 09:33:17.000,2774.6000,24523,-1,507532680.000,1,0,1,双平,S,2774.0000,2773.8000,2772.8000,2771.2000,2771.0000,2774.4000,2774.6000,2775.2000,2775.4000,2776.2000,1,1,1,3,1,1,1,3,2,2
SF,IH2003,2020-02-05 09:33:17.500,2773.8000,24522,-1,510029160.000,3,1,2,多平,S,2772.8000,2771.2000,2771.0000,2770.8000,2770.6000,2774.0000,2774.6000,2775.2000,2775.4000,2776.2000,1,3,1,2,2,1,1,3,2,2
SF,IH2003,2020-02-05 09:33:18.000,2773.8000,24522,0,510029160.000,0,-,-,-,-,2773.0000,2772.8000,2771.2000,2771.0000,2770.8000,2774.0000,2774.2000,2774.6000,2775.2000,2775.4000,2,1,3,1,2,2,2,1,3,2
SF,IH2003,2020-02-05 09:33:18.500,2773.0000,24521,-1,510861060.000,1,0,1,双平,S,2772.8000,2771.2000,2771.0000,2770.8000,2770.6000,2773.0000,2773.8000,2774.0000,2774.2000,2774.6000,1,3,1,2,2,1,1,2,2,1
SF,IH2003,2020-02-05 09:33:19.000,2772.8000,24521,0,511692900.000,1,0,1,多换,S,2771.2000,2771.0000,2770.8000,2770.6000,2770.2000,2772.6000,2772.8000,2773.0000,2774.0000,2774.2000,3,1,2,2,1,2,2,1,2,2
SF,IH2003,2020-02-05 09:33:19.500,2772.6000,24521,0,514188240.000,3,1,2,多换,S,2771.8000,2771.4000,2771.2000,2771.0000,2770.8000,2772.8000,2773.0000,2774.0000,2774.2000,2774.6000,1,3,2,2,2,2,1,1,2,1
SF,IH2003,2020-02-05 09:33:20.000,2772.6000,24521,0,514188240.000,0,-,-,-,-,2771.4000,2771.2000,2771.0000,2770.8000,2770.6000,2772.8000,2773.0000,2774.0000,2774.2000,2774.6000,3,2,1,2,2,2,2,1,2,1
SF,IH2003,2020-02-05 09:33:20.500,2772.8000,24520,-1,515020080.000,1,0,1,双平,S,2771.6000,2771.4000,2771.2000,2771.0000,2770.8000,2772.6000,2772.8000,2773.0000,2774.0000,2774.2000,1,3,2,1,2,2,1,3,1,2
SF,IH2003,2020-02-05 09:33:21.000,2772.8000,24520,0,515020080.000,0,-,-,-,-,2771.6000,2771.4000,2771.2000,2771.0000,2770.8000,2772.6000,2772.8000,2773.0000,2774.0000,2774.2000,1,3,2,1,2,3,2,3,1,2
SF,IH2003,2020-02-05 09:33:21.500,2772.6000,24521,1,516683640.000,2,1,1,空开,S,2771.6000,2771.4000,2771.2000,2771.0000,2770.8000,2772.8000,2773.0000,2774.0000,2774.2000,2774.6000,2,3,2,1,2,2,3,1,2,1
SF,IH2003,2020-02-05 09:33:22.000,2772.6000,24521,0,518347200.000,2,1,1,多换,S,2771.6000,2771.4000,2771.2000,2771.0000,2770.8000,2772.8000,2773.0000,2774.0000,2774.2000,2774.6000,1,2,2,1,2,2,3,1,2,1
SF,IH2003,2020-02-05 09:33:22.500,2772.6000,24521,0,518347200.000,0,-,-,-,-,2771.6000,2771.4000,2771.2000,2771.0000,2770.8000,2772.8000,2773.0000,2774.0000,2774.2000,2774.6000,2,2,2,1,2,2,3,1,2,1
SF,IH2003,2020-02-05 09:33:23.000,2772.6000,24521,0,518347200.000,0,-,-,-,-,2771.8000,2771.6000,2771.4000,2771.2000,2771.0000,2772.6000,2772.8000,2773.0000,2774.0000,2774.2000,1,2,2,2,1,5,2,5,1,2
SF,IH2003,2020-02-05 09:33:23.500,2772.6000,24521,0,518347200.000,0,-,-,-,-,2771.8000,2771.6000,2771.4000,2771.2000,2771.0000,2772.6000,2772.8000,2773.0000,2774.0000,2774.2000,3,2,2,2,1,5,2,5,1,2
SF,IH2003,2020-02-05 09:33:24.000,2772.6000,24521,0,518347200.000,0,-,-,-,-,2772.0000,2771.8000,2771.6000,2771.4000,2771.2000,2772.6000,2772.8000,2773.0000,2774.0000,2774.2000,1,3,1,2,2,5,2,5,1,2
SF,IH2003,2020-02-05 09:33:24.500,2772.0000,24521,0,519178800.000,1,0,1,多换,S,2771.8000,2771.6000,2771.4000,2771.2000,2771.0000,2772.6000,2772.8000,2773.0000,2774.0000,2774.2000,3,1,2,2,1,5,2,5,1,2
SF,IH2003,2020-02-05 09:33:25.000,2772.0000,24521,0,519178800.000,0,-,-,-,-,2771.8000,2771.6000,2771.4000,2771.2000,2771.0000,2772.6000,2772.8000,2773.0000,2774.0000,2774.2000,3,1,2,2,1,5,2,5,1,2
SF,IH2003,2020-02-05 09:33:25.500,2771.8000,24520,-1,520010340.000,1,0,1,双平,S,2771.8000,2771.6000,2771.2000,2771.0000,2770.8000,2772.4000,2772.6000,2772.8000,2773.0000,2774.0000,2,1,2,1,2,1,5,3,5,1
SF,IH2003,2020-02-05 09:33:26.000,2771.8000,24520,0,520010340.000,0,-,-,-,-,2771.8000,2771.6000,2771.2000,2771.0000,2770.8000,2772.4000,2772.6000,2772.8000,2773.0000,2774.0000,2,1,2,1,2,2,5,3,5,1
SF,IH2003,2020-02-05 09:33:26.500,2771.8000,24520,0,520010340.000,0,-,-,-,-,2771.8000,2771.6000,2771.2000,2771.0000,2770.8000,2772.4000,2772.6000,2772.8000,2773.0000,2774.2000,2,1,2,1,1,2,5,3,5,2
SF,IH2003,2020-02-05 09:33:27.500,2771.8000,24519,-1,520841880.000,1,0,1,双平,S,2771.2000,2771.0000,2770.8000,2770.6000,2770.2000,2772.4000,2772.6000,2772.8000,2773.0000,2774.2000,2,1,1,2,1,2,5,3,5,2
SF,IH2003,2020-02-05 09:33:28.000,2771.0000,24515,-4,524167440.000,4,0,4,双平,S,2770.8000,2770.6000,2770.2000,2770.0000,2769.4000,2771.0000,2772.4000,2772.6000,2772.8000,2773.0000,1,2,1,5,1,2,1,7,3,5
SF,IH2003,2020-02-05 09:33:28.500,2771.0000,24513,-2,525830040.000,2,0,2,双平,S,2771.2000,2771.0000,2770.8000,2770.6000,2770.2000,2772.4000,2772.6000,2772.8000,2773.0000,2774.2000,4,7,1,2,1,1,7,2,5,2
SF,IH2003,2020-02-05 09:33:29.000,2771.0000,24513,0,525830040.000,0,-,-,-,-,2771.2000,2771.0000,2770.8000,2770.6000,2770.2000,2772.2000,2772.4000,2772.6000,2772.8000,2773.0000,4,7,1,2,1,3,1,7,2,5
SF,IH2003,2020-02-05 09:33:29.500,2772.2000,24511,-2,527493300.000,2,0,2,双平,S,2771.4000,2771.2000,2771.0000,2770.8000,2770.6000,2772.6000,2772.8000,2773.0000,2774.2000,2774.6000,1,4,3,1,2,7,2,5,2,1
SF,IH2003,2020-02-05 09:33:30.000,2771.4000,24510,-1,528324720.000,1,0,1,双平,S,2771.4000,2771.2000,2771.0000,2770.8000,2770.6000,2772.6000,2772.8000,2773.0000,2774.2000,2774.6000,1,4,3,1,2,7,2,5,2,1
SF,IH2003,2020-02-05 09:33:30.500,2771.4000,24510,0,529156140.000,1,0,1,多换,S,2771.2000,2771.0000,2770.8000,2770.6000,2770.2000,2772.6000,2772.8000,2773.0000,2774.2000,2774.6000,4,3,1,2,1,7,2,5,2,1
SF,IH2003,2020-02-05 09:33:31.000,2771.4000,24510,0,529156140.000,0,-,-,-,-,2771.2000,2771.0000,2770.8000,2770.6000,2770.2000,2772.6000,2772.8000,2773.0000,2774.2000,2774.6000,4,4,1,2,1,7,2,5,2,1
SF,IH2003,2020-02-05 09:33:31.500,2771.4000,24510,0,529156140.000,0,-,-,-,-,2771.2000,2771.0000,2770.8000,2770.6000,2770.2000,2772.4000,2772.6000,2772.8000,2773.0000,2774.2000,4,3,1,2,1,1,7,2,5,2
SF,IH2003,2020-02-05 09:33:32.000,2771.2000,24507,-3,531650220.000,3,0,3,双平,S,2771.2000,2771.0000,2770.8000,2770.6000,2770.2000,2772.4000,2772.6000,2772.8000,2773.0000,2774.2000,1,3,1,2,1,1,7,2,5,2
SF,IH2003,2020-02-05 09:33:32.500,2771.2000,24507,0,531650220.000,0,-,-,-,-,2771.2000,2771.0000,2770.8000,2770.6000,2770.2000,2772.6000,2772.8000,2773.0000,2774.2000,2774.6000,1,3,1,2,1,7,2,5,2,1
SF,IH2003,2020-02-05 09:33:33.000,2771.2000,24507,0,533312940.000,2,1,1,多换,S,2771.2000,2771.0000,2770.8000,2770.6000,2770.2000,2772.6000,2772.8000,2773.0000,2774.2000,2774.6000,1,3,1,2,1,7,4,5,2,1
SF,IH2003,2020-02-05 09:33:33.500,2771.2000,24507,0,533312940.000,0,-,-,-,-,2771.2000,2771.0000,2770.8000,2770.6000,2770.2000,2772.6000,2772.8000,2773.0000,2774.2000,2774.6000,2,4,1,2,1,7,4,5,2,1
SF,IH2003,2020-02-05 09:33:34.000,2771.2000,24507,0,533312940.000,0,-,-,-,-,2771.4000,2771.2000,2771.0000,2770.8000,2770.6000,2772.6000,2772.8000,2773.0000,2774.2000,2774.6000,3,2,4,1,2,7,4,5,2,1
SF,IH2003,2020-02-05 09:33:34.500,2771.2000,24507,0,533312940.000,0,-,-,-,-,2771.2000,2771.0000,2770.8000,2770.6000,2770.2000,2772.6000,2772.8000,2773.0000,2774.2000,2774.6000,2,4,1,2,1,7,4,5,2,1
SF,IH2003,2020-02-05 09:33:35.000,2771.2000,24507,0,533312940.000,0,-,-,-,-,2771.2000,2771.0000,2770.8000,2770.6000,2770.2000,2772.4000,2772.6000,2772.8000,2773.0000,2774.2000,3,3,1,2,1,5,7,4,5,2
SF,IH2003,2020-02-05 09:33:35.500,2771.2000,24505,-2,535807020.000,3,0,3,多平,S,2771.0000,2770.8000,2770.6000,2770.2000,2770.0000,2772.4000,2772.6000,2772.8000,2773.0000,2774.2000,3,1,2,1,5,5,7,4,5,2
SF,IH2003,2020-02-05 09:33:36.000,2771.2000,24505,0,535807020.000,0,-,-,-,-,2771.0000,2770.8000,2770.6000,2770.2000,2770.0000,2771.2000,2772.2000,2772.4000,2772.6000,2772.8000,2,1,2,1,5,1,2,3,7,4
SF,IH2003,2020-02-05 09:33:36.500,2771.2000,24505,0,536638380.000,1,0,1,多换,S,2771.2000,2771.0000,2770.8000,2770.6000,2770.2000,2772.2000,2772.4000,2772.6000,2772.8000,2773.0000,2,2,1,2,1,1,3,8,4,5
SF,IH2003,2020-02-05 09:33:37.000,2771.2000,24505,0,536638380.000,0,-,-,-,-,2771.4000,2771.2000,2771.0000,2770.8000,2770.6000,2772.2000,2772.4000,2772.6000,2772.8000,2773.0000,1,2,2,1,2,1,3,8,4,5
SF,IH2003,2020-02-05 09:33:37.500,2771.2000,24505,0,536638380.000,0,-,-,-,-,2771.4000,2771.2000,2771.0000,2770.8000,2770.6000,2772.4000,2772.6000,2772.8000,2773.0000,2774.0000,1,2,2,1,2,3,8,4,5,1
SF,IH2003,2020-02-05 09:33:38.000,2771.2000,24505,0,536638380.000,0,-,-,-,-,2771.4000,2771.2000,2771.0000,2770.8000,2770.6000,2772.4000,2772.6000,2772.8000,2773.0000,2774.0000,1,2,2,1,2,3,10,4,5,1
SF,IH2003,2020-02-05 09:33:38.500,2771.2000,24505,0,536638380.000,0,-,-,-,-,2771.4000,2771.2000,2771.0000,2770.8000,2770.6000,2772.2000,2772.6000,2772.8000,2773.0000,2774.0000,1,2,2,1,2,1,10,4,5,1
SF,IH2003,2020-02-05 09:33:39.000,2771.2000,24505,0,536638380.000,0,-,-,-,-,2771.4000,2771.2000,2771.0000,2770.8000,2770.6000,2772.2000,2772.6000,2772.8000,2773.0000,2774.0000,1,2,2,1,2,3,10,4,5,1
SF,IH2003,2020-02-05 09:33:39.500,2771.2000,24503,-2,538301160.000,2,0,2,双平,S,2771.0000,2770.8000,2770.6000,2770.2000,2770.0000,2771.4000,2772.0000,2772.2000,2772.6000,2772.8000,2,1,2,1,5,1,1,4,10,4
SF,IH2003,2020-02-05 09:33:40.000,2771.2000,24503,0,538301160.000,0,-,-,-,-,2770.8000,2770.6000,2770.2000,2770.0000,2768.6000,2771.0000,2771.2000,2771.4000,2771.8000,2772.0000,1,2,1,5,1,1,1,1,1,1
SF,IH2003,2020-02-05 09:33:40.500,2770.8000,24500,-3,540794880.000,3,0,3,双平,S,2770.6000,2770.2000,2770.0000,2768.6000,2768.4000,2771.0000,2771.2000,2771.4000,2772.0000,2772.2000,2,1,5,1,1,1,1,2,1,4
SF,IH2003,2020-02-05 09:33:41.000,2770.8000,24500,0,540794880.000,0,-,-,-,-,2770.6000,2770.2000,2770.0000,2768.6000,2768.4000,2771.0000,2771.2000,2771.4000,2772.0000,2772.2000,2,1,5,1,1,1,1,2,1,1
SF,IH2003,2020-02-05 09:33:41.500,2770.8000,24500,0,540794880.000,0,-,-,-,-,2770.6000,2770.4000,2770.2000,2770.0000,2768.6000,2770.8000,2771.0000,2771.2000,2771.4000,2772.0000,2,1,1,5,1,3,1,1,2,1
SF,IH2003,2020-02-05 09:33:42.000,2770.6000,24498,-2,542457240.000,2,0,2,双平,S,2770.4000,2770.2000,2770.0000,2768.6000,2768.4000,2770.6000,2770.8000,2771.0000,2771.2000,2771.4000,1,1,4,1,1,1,3,1,1,2
SF,IH2003,2020-02-05 09:33:42.500,2770.4000,24498,0,543288360.000,1,0,1,多换,S,2770.2000,2770.0000,2768.6000,2768.4000,2768.0000,2770.4000,2770.6000,2770.8000,2771.0000,2771.2000,1,4,1,1,3,2,1,3,1,1
SF,IH2003,2020-02-05 09:33:43.000,2770.0000,24497,-1,545781420.000,3,1,2,多平,S,2770.0000,2768.6000,2768.4000,2768.0000,2767.8000,2770.2000,2770.4000,2770.6000,2770.8000,2771.0000,2,1,1,3,1,6,1,1,3,1
SF,IH2003,2020-02-05 09:33:43.500,2768.6000,24495,-2,548274000.000,3,0,3,多平,S,2768.4000,2768.0000,2767.8000,2767.2000,2767.0000,2769.2000,2770.0000,2770.2000,2770.6000,2770.8000,1,3,1,1,2,1,2,4,1,3
SF,IH2003,2020-02-05 09:33:44.000,2768.6000,24493,-2,549935340.000,2,0,2,双平,S,2768.6000,2768.4000,2768.0000,2767.8000,2767.2000,2770.0000,2770.6000,2770.8000,2771.0000,2771.2000,3,1,3,1,1,3,1,3,1,1
SF,IH2003,2020-02-05 09:33:44.500,2768.6000,24493,0,549935340.000,0,-,-,-,-,2768.0000,2767.8000,2767.2000,2767.0000,2766.6000,2768.4000,2768.6000,2769.8000,2770.0000,2770.6000,3,1,1,2,1,1,1,5,1,1
SF,IH2003,2020-02-05 09:33:45.000,2768.4000,24489,-4,554918580.000,6,1,5,多平,S,2768.0000,2767.8000,2767.2000,2767.0000,2766.6000,2768.6000,2769.8000,2770.6000,2771.0000,2772.2000,3,1,1,2,1,1,4,1,1,1
SF,IH2003,2020-02-05 09:33:45.500,2768.0000,24488,-1,556579560.000,2,0,2,多平,S,2768.0000,2767.8000,2767.2000,2767.0000,2766.6000,2768.6000,2770.6000,2771.0000,2772.2000,2772.4000,2,1,1,2,1,1,1,1,1,1
SF,IH2003,2020-02-05 09:33:46.000,2768.0000,24488,0,557409960.000,1,0,1,多换,S,2768.0000,2767.8000,2767.2000,2767.0000,2766.6000,2768.6000,2770.6000,2771.0000,2772.2000,2772.4000,1,1,1,2,1,1,1,1,1,1
SF,IH2003,2020-02-05 09:33:46.500,2768.0000,24488,0,558240360.000,1,0,1,多换,S,2767.8000,2767.2000,2767.0000,2766.6000,2766.0000,2768.0000,2768.6000,2770.6000,2771.0000,2772.2000,1,1,2,1,1,1,1,1,1,1
SF,IH2003,2020-02-05 09:33:47.000,2767.8000,24486,-2,559901100.000,2,0,2,双平,S,2767.2000,2767.0000,2766.6000,2766.0000,2765.6000,2767.8000,2768.6000,2770.6000,2772.2000,2772.4000,1,2,1,1,1,1,1,1,1,1
SF,IH2003,2020-02-05 09:33:47.500,2767.8000,24485,-1,560731440.000,1,0,1,双平,S,2767.2000,2767.0000,2766.6000,2766.0000,2765.6000,2767.8000,2770.0000,2770.6000,2772.2000,2772.4000,1,2,1,1,1,1,1,1,1,1
SF,IH2003,2020-02-05 09:33:48.000,2767.8000,24485,0,561561780.000,1,0,1,多换,S,2767.2000,2767.0000,2766.6000,2766.0000,2765.6000,2770.0000,2772.2000,2772.4000,2772.6000,2774.0000,1,2,1,1,1,1,1,1,6,6
SF,IH2003,2020-02-05 09:33:48.500,2767.8000,24485,0,561561780.000,0,-,-,-,-,2768.2000,2767.4000,2767.2000,2767.0000,2766.6000,2768.4000,2769.6000,2769.8000,2770.0000,2772.2000,1,2,1,2,1,1,5,6,2,1
SF,IH2003,2020-02-05 09:33:49.000,2768.2000,24484,-1,562392240.000,1,0,1,双平,S,2767.2000,2767.0000,2766.6000,2766.0000,2765.6000,2767.8000,2768.0000,2768.2000,2769.6000,2769.8000,1,2,1,1,1,1,1,4,4,7
SF,IH2003,2020-02-05 09:33:49.500,2768.2000,24484,0,562392240.000,0,-,-,-,-,2767.2000,2767.0000,2766.6000,2766.0000,2765.6000,2768.2000,2769.6000,2769.8000,2770.0000,2772.2000,1,2,1,1,1,2,4,6,1,1
SF,IH2003,2020-02-05 09:33:50.000,2768.2000,24484,0,562392240.000,0,-,-,-,-,2767.8000,2767.2000,2767.0000,2766.6000,2766.0000,2768.2000,2769.6000,2769.8000,2770.0000,2772.2000,1,2,2,1,1,2,3,6,1,1
SF,IH2003,2020-02-05 09:33:50.500,2768.2000,24483,-1,563222700.000,1,0,1,双平,S,2768.2000,2767.2000,2767.0000,2766.6000,2766.0000,2769.6000,2769.8000,2770.0000,2772.2000,2772.4000,1,2,2,1,1,3,6,1,1,1
SF,IH2003,2020-02-05 09:33:51.000,2768.2000,24483,0,563222700.000,0,-,-,-,-,2768.4000,2768.2000,2767.2000,2767.0000,2766.6000,2769.4000,2769.8000,2770.0000,2772.4000,2772.6000,3,2,1,2,1,3,3,1,1,6
SF,IH2003,2020-02-05 09:33:51.500,2769.4000,24483,0,564884280.000,2,1,1,多换,S,2768.2000,2767.2000,2767.0000,2766.6000,2766.0000,2769.4000,2769.8000,2770.0000,2772.4000,2772.6000,1,1,2,1,1,1,2,1,1,6
SF,IH2003,2020-02-05 09:33:52.000,2769.4000,24483,0,564884280.000,0,-,-,-,-,2768.4000,2768.2000,2767.2000,2767.0000,2766.6000,2769.2000,2769.8000,2770.0000,2772.4000,2772.6000,1,1,2,2,1,2,2,1,1,6
SF,IH2003,2020-02-05 09:33:52.500,2769.4000,24483,0,564884280.000,0,-,-,-,-,2768.4000,2768.2000,2767.2000,2767.0000,2766.6000,2769.8000,2770.0000,2772.4000,2772.6000,2774.0000,5,1,2,2,1,1,1,1,6,1
SF,IH2003,2020-02-05 09:33:53.000,2769.4000,24483,0,564884280.000,0,-,-,-,-,2768.4000,2768.2000,2767.2000,2767.0000,2766.6000,2769.8000,2770.0000,2772.4000,2772.6000,2774.0000,5,1,2,2,1,4,1,1,6,1
SF,IH2003,2020-02-05 09:33:53.500,2769.4000,24483,0,564884280.000,0,-,-,-,-,2768.4000,2768.2000,2767.2000,2767.0000,2766.6000,2769.6000,2769.8000,2770.0000,2772.4000,2772.6000,5,1,2,2,1,1,3,1,1,6
SF,IH2003,2020-02-05 09:33:54.000,2769.4000,24483,0,564884280.000,0,-,-,-,-,2768.6000,2768.4000,2768.2000,2767.2000,2767.0000,2769.4000,2769.6000,2769.8000,2770.0000,2772.4000,1,2,1,2,2,1,4,3,1,1
SF,IH2003,2020-02-05 09:33:54.500,2769.4000,24483,0,564884280.000,0,-,-,-,-,2768.6000,2768.4000,2768.2000,2767.2000,2767.0000,2769.4000,2769.6000,2769.8000,2770.0000,2772.4000,1,2,1,2,2,1,2,2,1,1
SF,IH2003,2020-02-05 09:33:55.000,2769.4000,24482,-1,566545920.000,2,0,2,多平,S,2768.6000,2768.4000,2768.2000,2767.2000,2767.0000,2769.6000,2769.8000,2770.0000,2772.4000,2772.6000,1,2,1,2,2,2,2,1,1,6
SF,IH2003,2020-02-05 09:33:55.500,2768.6000,24482,0,568207380.000,2,1,1,多换,S,2768.4000,2768.2000,2767.2000,2767.0000,2766.6000,2769.6000,2769.8000,2770.0000,2772.4000,2772.6000,2,1,2,2,1,3,2,1,1,6
SF,IH2003,2020-02-05 09:33:56.000,2768.4000,24481,-1,569037900.000,1,0,1,双平,S,2768.4000,2768.2000,2767.2000,2767.0000,2766.6000,2768.6000,2769.0000,2769.4000,2769.6000,2769.8000,1,1,2,2,1,3,1,3,4,3
SF,IH2003,2020-02-05 09:33:56.500,2768.2000,24480,-1,570698880.000,2,0,2,多平,S,2767.2000,2767.0000,2766.6000,2766.0000,2765.6000,2768.4000,2768.6000,2769.0000,2769.4000,2769.6000,2,2,1,1,1,2,3,1,2,3
SF,IH2003,2020-02-05 09:33:57.000,2768.2000,24480,0,570698880.000,0,-,-,-,-,2767.2000,2767.0000,2766.6000,2766.0000,2765.6000,2768.4000,2769.2000,2769.4000,2769.6000,2769.8000,3,2,1,1,1,2,1,2,3,1
SF,IH2003,2020-02-05 09:33:57.500,2768.2000,24480,0,570698880.000,0,-,-,-,-,2767.2000,2767.0000,2766.6000,2766.0000,2765.6000,2768.4000,2769.2000,2769.4000,2769.6000,2769.8000,3,2,1,1,1,3,1,2,3,1
SF,IH2003,2020-02-05 09:33:58.000,2768.4000,24480,0,571529400.000,1,0,1,多换,S,2767.2000,2767.0000,2766.6000,2766.0000,2765.6000,2768.4000,2769.2000,2769.4000,2769.6000,2769.8000,3,2,1,1,1,2,1,2,3,1
SF,IH2003,2020-02-05 09:33:59.000,2768.4000,24480,0,571529400.000,0,-,-,-,-,2767.2000,2767.0000,2766.6000,2766.0000,2765.6000,2768.2000,2768.4000,2769.2000,2769.4000,2769.6000,3,2,1,1,1,2,2,1,2,3
SF,IH2003,2020-02-05 09:33:59.500,2768.4000,24480,0,571529400.000,0,-,-,-,-,2767.2000,2767.0000,2766.6000,2766.0000,2765.6000,2768.2000,2768.4000,2769.2000,2769.4000,2769.6000,3,2,1,1,1,2,2,1,2,3
SF,IH2003,2020-02-05 09:34:00.000,2768.4000,24480,0,571529400.000,0,-,-,-,-,2767.2000,2767.0000,2766.6000,2766.0000,2765.6000,2768.2000,2768.4000,2769.2000,2769.4000,2769.6000,3,2,1,1,1,2,2,1,2,3
SF,IH2003,2020-02-05 09:34:00.500,2768.4000,24480,0,571529400.000,0,-,-,-,-,2767.2000,2767.0000,2766.6000,2766.0000,2765.6000,2768.2000,2768.4000,2769.2000,2769.4000,2769.6000,3,3,1,1,1,2,2,1,2,3
SF,IH2003,2020-02-05 09:34:01.000,2768.4000,24480,0,571529400.000,0,-,-,-,-,2767.2000,2767.0000,2766.6000,2766.0000,2765.6000,2768.4000,2769.2000,2769.4000,2769.6000,2769.8000,2,3,1,1,1,2,1,2,3,1
SF,IH2003,2020-02-05 09:34:01.500,2768.4000,24480,0,571529400.000,0,-,-,-,-,2767.4000,2767.2000,2767.0000,2766.6000,2766.0000,2768.2000,2768.4000,2769.2000,2769.4000,2769.6000,1,2,3,1,1,2,2,1,2,3
SF,IH2003,2020-02-05 09:34:02.000,2767.4000,24481,1,572359620.000,1,1,0,双开,S,2767.4000,2767.2000,2767.0000,2766.6000,2766.0000,2768.2000,2768.4000,2769.2000,2769.4000,2769.6000,1,2,3,1,1,2,2,1,2,3
SF,IH2003,2020-02-05 09:34:02.500,2768.2000,24481,0,573190080.000,1,0,1,多换,S,2767.4000,2767.2000,2767.0000,2766.6000,2766.0000,2768.2000,2768.4000,2769.2000,2769.4000,2769.6000,1,2,3,1,1,1,1,1,2,3
SF,IH2003,2020-02-05 09:34:03.000,2768.2000,24478,-3,575681460.000,3,0,3,双平,S,2767.4000,2767.2000,2767.0000,2766.6000,2766.0000,2768.0000,2768.2000,2768.4000,2769.2000,2769.4000,1,2,3,1,1,1,1,1,1,2
SF,IH2003,2020-02-05 09:34:03.500,2768.2000,24476,-2,577342380.000,2,0,2,双平,S,2768.2000,2767.4000,2767.2000,2767.0000,2766.6000,2768.4000,2769.2000,2769.4000,2769.6000,2769.8000,1,2,2,3,1,1,1,2,3,1
SF,IH2003,2020-02-05 09:34:04.000,2768.2000,24475,-1,579833820.000,3,1,2,多平,S,2767.6000,2767.4000,2767.2000,2767.0000,2766.6000,2769.0000,2769.2000,2769.4000,2769.6000,2769.8000,1,2,2,3,1,1,1,2,3,1
SF,IH2003,2020-02-05 09:34:04.500,2768.2000,24475,0,579833820.000,0,-,-,-,-,2767.8000,2767.6000,2767.4000,2767.2000,2767.0000,2769.0000,2769.2000,2769.4000,2769.6000,2769.8000,2,2,1,1,3,1,1,1,3,1
SF,IH2003,2020-02-05 09:34:05.000,2768.0000,24471,-4,583155720.000,4,0,4,双平,S,2768.0000,2767.8000,2767.6000,2767.4000,2767.2000,2769.2000,2769.4000,2769.6000,2770.0000,2772.4000,2,6,1,1,1,1,1,2,2,1
SF,IH2003,2020-02-05 09:34:05.500,2769.2000,24469,-2,584817240.000,2,0,2,双平,S,2768.2000,2768.0000,2767.8000,2767.6000,2767.4000,2769.4000,2770.0000,2772.4000,2772.6000,2774.0000,8,1,1,2,1,1,2,1,6,1
SF,IH2003,2020-02-05 09:34:06.000,2769.4000,24469,0,585648060.000,1,0,1,多换,S,2769.4000,2768.4000,2768.2000,2767.8000,2767.6000,2770.0000,2772.4000,2772.6000,2774.0000,2774.8000,1,4,6,1,2,2,1,6,1,1
SF,IH2003,2020-02-05 09:34:06.500,2769.4000,24469,0,586478880.000,1,0,1,多换,S,2769.6000,2769.4000,2768.4000,2768.2000,2767.6000,2770.0000,2772.4000,2772.6000,2774.0000,2774.8000,3,1,1,3,2,2,1,6,1,1
SF,IH2003,2020-02-05 09:34:07.000,2770.0000,24468,-1,588140880.000,2,0,2,多平,S,2769.4000,2768.2000,2767.6000,2767.2000,2767.0000,2772.4000,2772.6000,2774.0000,2774.8000,2776.2000,2,3,2,1,3,1,6,1,1,1
SF,IH2003,2020-02-05 09:34:07.500,2770.0000,24468,0,588140880.000,0,-,-,-,-,2769.6000,2769.4000,2769.0000,2768.2000,2767.6000,2771.2000,2771.6000,2772.0000,2772.2000,2772.4000,3,1,1,3,2,1,1,7,6,1
SF,IH2003,2020-02-05 09:34:08.000,2770.0000,24468,0,588140880.000,0,-,-,-,-,2769.8000,2769.6000,2769.4000,2769.0000,2768.2000,2772.0000,2772.2000,2772.4000,2772.6000,2774.0000,3,3,1,1,3,1,5,1,6,1
SF,IH2003,2020-02-05 09:34:08.500,2770.0000,24468,0,588140880.000,0,-,-,-,-,2770.2000,2770.0000,2769.4000,2769.0000,2768.2000,2771.8000,2772.0000,2772.2000,2772.4000,2772.6000,2,5,1,1,2,3,1,3,1,6
SF,IH2003,2020-02-05 09:34:09.000,2771.8000,24466,-2,590635500.000,3,0,3,多平,S,2770.4000,2770.2000,2770.0000,2769.4000,2769.0000,2772.0000,2772.4000,2772.6000,2774.0000,2774.8000,6,1,3,1,1,1,1,6,1,1
SF,IH2003,2020-02-05 09:34:09.500,2771.8000,24466,0,590635500.000,0,-,-,-,-,2770.6000,2770.4000,2770.0000,2769.4000,2769.0000,2771.8000,2772.6000,2774.0000,2774.8000,2776.0000,4,4,3,1,1,2,6,1,1,1
SF,IH2003,2020-02-05 09:34:10.000,2771.8000,24466,0,590635500.000,0,-,-,-,-,2770.8000,2770.6000,2770.4000,2770.0000,2769.4000,2771.8000,2772.6000,2774.0000,2774.8000,2776.0000,3,2,3,3,1,2,6,1,1,1
SF,IH2003,2020-02-05 09:34:10.500,2771.8000,24464,-2,592298580.000,2,0,2,双平,S,2772.0000,2771.8000,2771.0000,2770.8000,2770.6000,2772.6000,2774.0000,2774.8000,2776.0000,2776.2000,1,1,5,7,4,6,1,1,1,1
SF,IH2003,2020-02-05 09:34:11.000,2771.8000,24464,0,592298580.000,0,-,-,-,-,2771.0000,2770.6000,2770.0000,2769.4000,2769.0000,2772.6000,2774.0000,2774.8000,2776.0000,2776.2000,2,1,1,1,1,6,1,1,1,1
SF,IH2003,2020-02-05 09:34:11.500,2771.8000,24464,0,592298580.000,0,-,-,-,-,2771.2000,2771.0000,2770.6000,2770.0000,2769.4000,2772.4000,2772.6000,2774.0000,2774.8000,2776.0000,2,2,1,1,1,3,6,1,1,1
SF,IH2003,2020-02-05 09:34:12.000,2771.8000,24464,0,592298580.000,0,-,-,-,-,2771.2000,2771.0000,2770.6000,2770.0000,2769.6000,2772.4000,2772.6000,2774.0000,2774.8000,2776.0000,3,1,1,1,1,3,6,1,1,1
SF,IH2003,2020-02-05 09:34:12.500,2771.8000,24464,0,592298580.000,0,-,-,-,-,2771.4000,2771.0000,2770.0000,2769.6000,2769.4000,2772.6000,2774.0000,2774.8000,2776.0000,2776.2000,3,1,1,1,1,6,1,1,1,1
SF,IH2003,2020-02-05 09:34:13.000,2772.6000,24457,-7,598120740.000,7,0,7,双平,S,2772.4000,2771.6000,2771.0000,2770.0000,2769.6000,2774.0000,2774.8000,2776.0000,2776.2000,2776.8000,1,3,1,1,1,1,1,1,1,2
SF,IH2003,2020-02-05 09:34:13.500,2772.4000,24456,-1,598952460.000,1,0,1,双平,S,2772.4000,2771.0000,2770.0000,2769.6000,2769.4000,2773.8000,2774.0000,2774.8000,2776.0000,2776.2000,1,1,1,1,1,3,1,1,1,1
SF,IH2003,2020-02-05 09:34:14.000,2772.4000,24456,0,598952460.000,0,-,-,-,-,2772.6000,2772.4000,2771.0000,2770.0000,2769.6000,2773.8000,2774.0000,2774.8000,2776.0000,2776.2000,2,1,1,1,1,3,1,1,1,1
SF,IH2003,2020-02-05 09:34:14.500,2772.4000,24455,-1,599784180.000,1,0,1,双平,S,2772.8000,2772.6000,2771.0000,2770.0000,2769.6000,2773.8000,2774.0000,2774.8000,2776.0000,2776.2000,2,4,1,1,1,2,1,1,1,1
SF,IH2003,2020-02-05 09:34:15.000,2771.0000,24454,-1,600615480.000,1,0,1,双平,S,2770.0000,2769.6000,2769.4000,2769.0000,2768.4000,2772.6000,2773.8000,2774.0000,2774.8000,2776.0000,1,1,1,1,3,2,2,1,1,1
