市场代码,合约代码,时间,最新,持仓,增仓,成交额,成交量,开仓,平仓,成交类型,方向,买一价,买二价,买三价,买四价,买五价,卖一价,卖二价,卖三价,卖四价,卖五价,买一量,买二量,买三量,买四量,买五量,卖一量,卖二量,卖三量,卖四量,卖五量
SF,IH2008,2020-08-21 09:29:00.000,3284.8000,12205,0,84747840.000,86.000,-,-,-,-,3284.8000,3283.2000,3282.4000,3282.2000,3282.0000,3285.8000,3288.0000,3289.0000,3289.4000,3290.0000,1,1,3,3,6,1,2,2,1,13
SF,IH2008,2020-08-21 09:30:00.500,3298.0000,12177,-28,122254800.000,38,5,33,多平,S,3285.0000,3283.2000,3282.0000,3281.8000,3281.2000,3298.0000,3298.6000,3298.8000,3299.0000,3304.0000,4,1,6,3,4,2,1,1,1,1
SF,IH2008,2020-08-21 09:30:01.000,3297.8000,12131,-46,172651020.000,51,2,49,多平,S,3290.0000,3287.0000,3286.2000,3286.0000,3285.6000,3297.8000,3298.0000,3298.2000,3298.6000,3298.8000,1,1,1,2,1,2,32,5,1,1
SF,IH2008,2020-08-21 09:30:01.500,3291.4000,12112,-19,192399660.000,20,0,20,多平,S,3290.0000,3287.2000,3286.4000,3286.2000,3285.6000,3291.4000,3292.2000,3292.4000,3292.8000,3293.8000,2,2,2,1,1,1,2,1,1,4
SF,IH2008,2020-08-21 09:30:02.000,3290.6000,12106,-6,198321840.000,6,0,6,双平,S,3287.2000,3286.4000,3286.2000,3285.6000,3285.4000,3290.6000,3291.0000,3291.2000,3291.4000,3292.0000,2,2,1,1,1,3,2,2,2,2
SF,IH2008,2020-08-21 09:30:02.500,3288.2000,12100,-6,204240720.000,6,0,6,双平,S,3288.2000,3287.8000,3287.6000,3287.4000,3287.2000,3288.6000,3288.8000,3290.0000,3290.2000,3290.4000,1,1,2,5,2,1,1,1,2,3
SF,IH2008,2020-08-21 09:30:03.000,3288.6000,12089,-11,215092920.000,11,0,11,双平,S,3287.4000,3286.2000,3285.4000,3285.0000,3284.8000,3290.0000,3290.2000,3290.6000,3290.8000,3291.0000,1,1,1,30,5,1,1,3,1,1
SF,IH2008,2020-08-21 09:30:03.500,3289.8000,12084,-5,221012760.000,6,0,6,多平,S,3287.6000,3286.4000,3286.2000,3285.4000,3285.0000,3289.8000,3290.0000,3290.2000,3290.6000,3290.8000,5,2,1,1,30,3,1,1,3,1
SF,IH2008,2020-08-21 09:30:04.000,3287.6000,12080,-4,225946200.000,5,0,5,多平,S,3288.0000,3287.6000,3286.4000,3286.2000,3285.4000,3288.2000,3289.6000,3290.0000,3290.2000,3290.6000,3,3,2,1,1,1,1,1,1,3
SF,IH2008,2020-08-21 09:30:04.500,3288.2000,12077,-3,229892460.000,4,0,4,多平,S,3288.2000,3287.8000,3286.4000,3286.2000,3285.4000,3289.8000,3290.0000,3290.2000,3290.6000,3290.8000,2,2,2,1,1,2,1,1,3,1
SF,IH2008,2020-08-21 09:30:05.000,3289.8000,12067,-10,239757780.000,10,0,10,双平,S,3287.0000,3286.4000,3286.2000,3285.4000,3285.0000,3290.2000,3290.6000,3291.0000,3291.4000,3292.0000,3,1,1,1,30,1,2,1,1,1
SF,IH2008,2020-08-21 09:30:05.500,3287.4000,12064,-3,243704100.000,4,0,4,多平,S,3287.4000,3287.2000,3287.0000,3286.4000,3286.2000,3289.6000,3289.8000,3290.0000,3290.2000,3290.6000,1,4,3,1,1,3,1,3,2,2
SF,IH2008,2020-08-21 09:30:06.000,3287.8000,12054,-10,253567020.000,10,0,10,双平,S,3287.0000,3286.4000,3286.2000,3285.4000,3285.0000,3288.0000,3288.2000,3289.4000,3289.6000,3289.8000,3,1,1,1,29,8,8,3,1,1
SF,IH2008,2020-08-21 09:30:06.500,3287.4000,12050,-4,258498360.000,5,0,5,多平,S,3287.4000,3287.0000,3286.4000,3286.2000,3285.4000,3287.8000,3288.0000,3288.2000,3289.0000,3289.2000,1,3,1,1,1,3,8,8,1,1
SF,IH2008,2020-08-21 09:30:07.000,3287.0000,12048,-2,260470560.000,2,0,2,双平,S,3286.4000,3286.2000,3285.4000,3285.0000,3284.8000,3287.2000,3287.4000,3287.8000,3288.0000,3288.2000,1,1,1,29,5,5,3,7,8,8
SF,IH2008,2020-08-21 09:30:07.500,3287.0000,12041,-7,267372120.000,7,0,7,双平,S,3285.4000,3285.0000,3284.8000,3281.2000,3280.2000,3287.0000,3288.0000,3288.2000,3288.6000,3289.0000,1,29,5,1,3,5,8,8,1,1
SF,IH2008,2020-08-21 09:30:08.000,3288.0000,12034,-7,274274400.000,7,0,7,双平,S,3285.8000,3285.4000,3285.0000,3284.8000,3283.2000,3288.0000,3288.2000,3288.6000,3289.0000,3289.6000,5,1,29,5,1,8,8,1,1,1
SF,IH2008,2020-08-21 09:30:08.500,3288.0000,12034,0,274274400.000,0,-,-,-,-,3286.2000,3286.0000,3285.6000,3285.4000,3285.0000,3286.4000,3287.4000,3287.8000,3288.0000,3288.2000,1,1,1,1,29,1,1,1,9,8
SF,IH2008,2020-08-21 09:30:09.000,3287.4000,12027,-7,281175840.000,7,0,7,双平,S,3287.2000,3287.0000,3286.4000,3285.4000,3285.0000,3288.0000,3288.2000,3289.6000,3290.0000,3290.2000,1,2,1,1,29,9,8,1,1,2
SF,IH2008,2020-08-21 09:30:09.500,3287.0000,12025,-2,284134500.000,3,0,3,多平,S,3287.0000,3286.8000,3286.4000,3285.4000,3285.0000,3287.6000,3288.0000,3288.2000,3289.6000,3290.0000,1,1,2,1,29,1,8,8,1,1
SF,IH2008,2020-08-21 09:30:10.000,3286.4000,12019,-6,290050980.000,6,0,6,双平,S,3287.4000,3286.4000,3285.4000,3285.0000,3284.8000,3287.6000,3288.0000,3288.2000,3289.6000,3290.0000,1,1,1,29,5,1,8,8,1,1
SF,IH2008,2020-08-21 09:30:10.500,3286.4000,12017,-2,292023120.000,2,0,2,双平,S,3285.4000,3285.0000,3284.8000,3283.2000,3281.2000,3287.2000,3287.4000,3287.6000,3288.0000,3288.2000,1,29,5,1,1,5,5,1,8,8
SF,IH2008,2020-08-21 09:30:11.000,3286.4000,12017,0,292023120.000,0,-,-,-,-,3285.0000,3284.8000,3283.2000,3281.2000,3280.2000,3286.8000,3287.0000,3287.4000,3287.6000,3288.0000,30,5,1,1,3,1,10,3,1,6
SF,IH2008,2020-08-21 09:30:11.500,3285.0000,12010,-7,298921620.000,7,0,7,双平,S,3285.0000,3284.8000,3283.2000,3281.2000,3280.2000,3285.8000,3286.6000,3286.8000,3287.0000,3287.4000,24,5,1,1,3,1,7,1,6,3
SF,IH2008,2020-08-21 09:30:12.000,3285.0000,12003,-7,306805800.000,8,0,8,多平,S,3285.4000,3285.0000,3284.8000,3283.2000,3281.2000,3285.6000,3285.8000,3286.4000,3286.8000,3287.0000,1,17,5,1,1,5,1,3,1,3
SF,IH2008,2020-08-21 09:30:12.500,3285.0000,11993,-10,317646420.000,11,0,11,多平,S,3285.0000,3284.8000,3283.2000,3281.2000,3280.2000,3285.2000,3285.4000,3285.6000,3285.8000,3286.4000,8,5,1,1,3,5,6,6,1,3
SF,IH2008,2020-08-21 09:30:13.000,3284.8000,11980,-13,330457620.000,13,0,13,双平,S,3283.2000,3281.2000,3280.2000,3280.0000,3273.4000,3284.0000,3284.2000,3285.0000,3285.2000,3285.4000,1,1,3,6,1,1,2,9,3,5
SF,IH2008,2020-08-21 09:30:13.500,3283.0000,11969,-11,341291760.000,11,0,11,双平,S,3283.0000,3281.4000,3281.2000,3280.2000,3280.0000,3283.8000,3284.0000,3285.0000,3285.4000,3285.6000,3,2,1,3,6,6,2,2,3,1
SF,IH2008,2020-08-21 09:30:14.000,3284.0000,11960,-9,351142800.000,10,0,10,多平,S,3284.0000,3283.4000,3283.0000,3281.4000,3281.2000,3285.0000,3285.2000,3285.4000,3285.6000,3285.8000,2,3,1,2,1,1,1,3,1,1
SF,IH2008,2020-08-21 09:30:14.500,3283.8000,11953,-7,358038720.000,7,0,7,双平,S,3283.0000,3281.4000,3281.2000,3280.2000,3280.0000,3284.0000,3284.4000,3284.8000,3285.0000,3285.2000,1,2,1,3,6,1,1,2,1,1
SF,IH2008,2020-08-21 09:30:15.000,3283.0000,11952,-1,359023620.000,1,0,1,双平,S,3281.4000,3281.2000,3280.2000,3280.0000,3273.4000,3283.2000,3283.8000,3284.0000,3284.2000,3284.4000,2,1,3,6,1,1,2,2,4,1
SF,IH2008,2020-08-21 09:30:15.500,3281.4000,11948,-4,362961540.000,4,0,4,双平,S,3281.6000,3281.4000,3281.2000,3280.2000,3280.0000,3283.0000,3283.2000,3283.8000,3284.0000,3284.2000,1,1,1,3,6,2,2,1,2,4
SF,IH2008,2020-08-21 09:30:16.000,3281.4000,11944,-4,366899220.000,4,0,4,双平,S,3281.2000,3280.2000,3280.0000,3273.4000,3272.4000,3281.4000,3282.8000,3283.0000,3283.2000,3284.0000,1,3,6,1,1,1,3,2,1,1
SF,IH2008,2020-08-21 09:30:16.500,3282.6000,11941,-3,369852840.000,3,0,3,双平,S,3282.4000,3281.8000,3281.6000,3281.4000,3281.2000,3282.8000,3283.0000,3283.2000,3284.0000,3284.2000,1,4,1,7,1,2,2,1,1,4
SF,IH2008,2020-08-21 09:30:17.000,3282.4000,11940,-1,370837560.000,1,0,1,双平,S,3282.6000,3281.8000,3281.6000,3281.4000,3281.2000,3282.8000,3283.0000,3283.2000,3284.0000,3284.2000,1,3,1,5,1,9,2,1,1,4
SF,IH2008,2020-08-21 09:30:17.500,3282.4000,11938,-2,373791840.000,3,0,3,多平,S,3281.8000,3281.6000,3281.4000,3281.2000,3280.2000,3282.6000,3282.8000,3283.0000,3283.2000,3284.0000,2,1,5,1,3,1,8,2,1,1
SF,IH2008,2020-08-21 09:30:18.000,3282.4000,11938,0,373791840.000,0,-,-,-,-,3281.6000,3281.4000,3281.2000,3280.2000,3280.0000,3282.6000,3282.8000,3283.0000,3283.2000,3284.0000,1,1,1,3,6,1,8,2,1,1
SF,IH2008,2020-08-21 09:30:18.500,3282.4000,11938,0,373791840.000,0,-,-,-,-,3281.6000,3281.4000,3281.2000,3280.2000,3280.0000,3282.0000,3282.6000,3282.8000,3283.0000,3283.2000,2,1,1,3,6,1,2,8,2,1
SF,IH2008,2020-08-21 09:30:19.000,3282.4000,11938,0,373791840.000,0,-,-,-,-,3281.6000,3281.4000,3281.2000,3280.2000,3280.0000,3282.0000,3282.6000,3282.8000,3283.0000,3283.2000,2,1,1,3,6,1,2,8,2,1
SF,IH2008,2020-08-21 09:30:19.500,3281.6000,11937,-1,374776320.000,1,0,1,双平,S,3281.6000,3281.2000,3280.2000,3280.0000,3274.8000,3282.0000,3282.6000,3282.8000,3283.0000,3283.2000,1,1,3,6,1,2,2,8,2,1
SF,IH2008,2020-08-21 09:30:20.000,3281.6000,11936,-1,375760800.000,1,0,1,双平,S,3281.2000,3280.2000,3280.0000,3274.8000,3273.4000,3281.6000,3282.0000,3282.6000,3282.8000,3283.0000,1,3,6,1,1,1,2,2,8,2
SF,IH2008,2020-08-21 09:30:20.500,3281.6000,11935,-1,376745280.000,1,0,1,双平,S,3281.2000,3280.2000,3280.0000,3274.8000,3273.4000,3281.4000,3281.6000,3282.0000,3282.6000,3282.8000,1,3,6,1,1,1,1,2,1,8
SF,IH2008,2020-08-21 09:30:21.000,3282.8000,11927,-8,384622740.000,8,0,8,双平,S,3282.6000,3282.2000,3282.0000,3281.2000,3280.2000,3282.8000,3283.0000,3283.2000,3284.0000,3285.0000,1,1,1,1,3,5,2,1,1,1
SF,IH2008,2020-08-21 09:30:21.500,3282.8000,11916,-11,397426140.000,13,1,12,多平,S,3282.8000,3282.6000,3282.0000,3281.6000,3281.4000,3284.0000,3285.0000,3285.2000,3285.4000,3285.8000,1,1,1,1,8,1,1,1,4,1
SF,IH2008,2020-08-21 09:30:22.000,3282.8000,11913,-3,400381380.000,3,0,3,双平,S,3282.6000,3282.0000,3281.6000,3281.4000,3281.2000,3283.8000,3284.0000,3284.8000,3285.0000,3285.2000,1,1,1,7,1,2,1,2,1,1
SF,IH2008,2020-08-21 09:30:22.500,3282.8000,11906,-7,407276580.000,7,0,7,双平,S,3284.4000,3283.4000,3282.6000,3282.0000,3281.6000,3284.8000,3285.0000,3285.2000,3285.4000,3286.8000,1,1,1,1,1,2,2,1,4,1
SF,IH2008,2020-08-21 09:30:23.000,3283.6000,11902,-4,412202940.000,5,0,5,多平,S,3283.4000,3282.8000,3282.6000,3281.6000,3281.4000,3284.6000,3285.0000,3285.2000,3285.4000,3286.8000,1,4,1,1,7,1,1,1,4,1
SF,IH2008,2020-08-21 09:30:23.500,3284.2000,11900,-2,414173700.000,2,0,2,双平,S,3283.8000,3283.6000,3283.4000,3282.6000,3282.4000,3284.2000,3285.0000,3285.2000,3285.4000,3286.8000,1,5,1,1,1,1,1,1,4,1
SF,IH2008,2020-08-21 09:30:24.000,3284.2000,11897,-3,418114740.000,4,0,4,多平,S,3284.4000,3284.0000,3283.8000,3283.6000,3283.4000,3285.0000,3285.2000,3285.4000,3286.8000,3287.4000,1,4,1,1,1,1,1,4,1,1
SF,IH2008,2020-08-21 09:30:24.500,3284.8000,11896,-1,419100180.000,1,0,1,双平,S,3283.8000,3283.6000,3283.2000,3282.4000,3282.0000,3284.2000,3285.0000,3285.2000,3285.4000,3286.8000,1,1,1,1,1,1,1,1,3,1
SF,IH2008,2020-08-21 09:30:25.000,3283.6000,11890,-6,425996280.000,7,0,7,多平,S,3283.2000,3282.4000,3282.0000,3281.6000,3281.4000,3283.6000,3285.0000,3285.2000,3285.4000,3286.8000,1,1,1,1,6,3,1,1,3,1
SF,IH2008,2020-08-21 09:30:25.500,3284.2000,11882,-8,433878240.000,8,0,8,双平,S,3284.0000,3283.8000,3283.6000,3283.4000,3283.2000,3285.2000,3285.4000,3286.8000,3287.4000,3288.0000,1,1,1,1,1,1,3,1,1,7
SF,IH2008,2020-08-21 09:30:26.000,3284.2000,11880,-2,435848760.000,2,0,2,双平,S,3284.2000,3283.8000,3283.6000,3283.2000,3282.4000,3285.0000,3285.2000,3285.4000,3286.8000,3287.4000,1,1,1,1,1,1,1,3,1,1
SF,IH2008,2020-08-21 09:30:26.500,3284.2000,11880,0,435848760.000,0,-,-,-,-,3284.2000,3283.8000,3283.6000,3283.2000,3282.4000,3285.0000,3285.2000,3285.4000,3286.8000,3287.4000,1,3,1,1,1,4,1,3,1,1
SF,IH2008,2020-08-21 09:30:27.000,3284.2000,11880,0,435848760.000,0,-,-,-,-,3283.8000,3283.6000,3283.2000,3282.0000,3281.6000,3284.0000,3284.2000,3285.0000,3285.2000,3285.4000,3,3,1,1,1,1,9,7,6,3
SF,IH2008,2020-08-21 09:30:27.500,3283.6000,11875,-5,440774340.000,5,0,5,双平,S,3283.2000,3281.6000,3281.4000,3281.2000,3280.4000,3283.4000,3283.6000,3283.8000,3284.2000,3285.0000,1,1,6,1,3,1,6,3,10,7
SF,IH2008,2020-08-21 09:30:28.000,3283.4000,11873,-2,442744320.000,2,0,2,双平,S,3282.6000,3281.8000,3281.4000,3281.2000,3280.4000,3283.0000,3283.2000,3283.4000,3283.6000,3283.8000,1,2,6,1,3,5,2,3,1,3
SF,IH2008,2020-08-21 09:30:28.500,3282.6000,11864,-9,451608900.000,9,0,9,双平,S,3281.4000,3281.2000,3280.4000,3280.2000,3280.0000,3282.4000,3283.2000,3283.4000,3283.6000,3283.8000,6,1,3,3,6,2,1,3,1,8
SF,IH2008,2020-08-21 09:30:29.000,3283.0000,11859,-5,456532980.000,5,0,5,双平,S,3282.6000,3282.4000,3282.2000,3282.0000,3281.6000,3283.0000,3283.4000,3283.6000,3283.8000,3284.2000,2,1,2,3,4,1,3,2,8,9
SF,IH2008,2020-08-21 09:30:29.500,3282.8000,11857,-2,459487620.000,3,0,3,多平,S,3282.8000,3282.4000,3282.0000,3281.6000,3281.4000,3283.4000,3283.6000,3283.8000,3284.2000,3285.0000,2,1,1,1,6,3,2,8,9,7
SF,IH2008,2020-08-21 09:30:30.000,3283.4000,11854,-3,462442320.000,3,0,3,双平,S,3283.2000,3282.4000,3282.0000,3281.4000,3281.2000,3283.4000,3283.6000,3283.8000,3284.2000,3285.0000,2,1,1,6,1,2,2,8,9,7
SF,IH2008,2020-08-21 09:30:30.500,3283.8000,11851,-3,466382580.000,4,0,4,多平,S,3283.2000,3282.8000,3282.4000,3282.0000,3281.4000,3283.8000,3284.2000,3285.0000,3285.2000,3285.4000,1,1,1,1,6,5,9,7,6,3
SF,IH2008,2020-08-21 09:30:31.000,3283.8000,11847,-4,470322960.000,4,0,4,双平,S,3282.8000,3282.4000,3282.0000,3281.4000,3281.2000,3283.2000,3283.8000,3284.2000,3285.0000,3285.2000,1,1,1,6,1,4,7,9,7,6
SF,IH2008,2020-08-21 09:30:31.500,3283.2000,11844,-3,473277960.000,3,0,3,双平,S,3283.0000,3282.8000,3282.4000,3282.0000,3281.4000,3283.2000,3283.8000,3284.2000,3285.0000,3285.2000,1,4,1,1,6,5,9,9,7,6
SF,IH2008,2020-08-21 09:30:32.000,3283.0000,11836,-8,481157760.000,8,0,8,双平,S,3282.8000,3282.4000,3282.0000,3281.4000,3281.2000,3283.0000,3283.8000,3284.2000,3285.0000,3285.2000,4,1,1,6,1,1,8,9,7,6
SF,IH2008,2020-08-21 09:30:32.500,3283.0000,11835,-1,482142660.000,1,0,1,双平,S,3282.8000,3282.4000,3282.0000,3281.4000,3281.2000,3283.8000,3284.2000,3285.0000,3285.2000,3285.4000,4,1,1,6,1,8,9,7,6,3
SF,IH2008,2020-08-21 09:30:33.000,3282.8000,11833,-2,484112460.000,2,0,2,双平,S,3282.8000,3282.4000,3282.0000,3281.4000,3281.2000,3283.6000,3283.8000,3284.2000,3285.0000,3285.2000,3,1,1,6,1,1,8,9,7,6
SF,IH2008,2020-08-21 09:30:33.500,3282.8000,11830,-3,487066980.000,3,0,3,双平,S,3282.4000,3282.0000,3281.4000,3281.2000,3280.4000,3283.6000,3283.8000,3284.2000,3285.0000,3285.2000,1,1,6,1,3,2,8,9,7,6
SF,IH2008,2020-08-21 09:30:34.000,3283.4000,11829,-1,488052000.000,1,0,1,双平,S,3282.4000,3282.0000,3281.4000,3281.2000,3280.4000,3283.6000,3283.8000,3284.2000,3285.0000,3285.2000,1,1,6,1,3,1,8,9,7,6
SF,IH2008,2020-08-21 09:30:34.500,3282.2000,11827,-2,491005980.000,3,0,3,多平,S,3281.4000,3281.2000,3280.4000,3280.2000,3280.0000,3283.0000,3283.4000,3283.6000,3283.8000,3284.2000,6,1,3,3,6,1,1,1,8,9
SF,IH2008,2020-08-21 09:30:35.000,3282.2000,11827,0,491005980.000,0,-,-,-,-,3281.4000,3281.2000,3280.4000,3280.2000,3280.0000,3282.4000,3282.8000,3283.0000,3283.8000,3284.2000,7,1,3,3,6,1,1,2,8,9
SF,IH2008,2020-08-21 09:30:35.500,3282.4000,11826,-1,491990700.000,1,0,1,双平,S,3281.6000,3281.4000,3281.2000,3280.4000,3280.2000,3282.4000,3282.8000,3283.0000,3283.8000,3284.2000,1,6,1,3,3,2,1,2,6,9
SF,IH2008,2020-08-21 09:30:36.000,3281.6000,11824,-2,493959900.000,2,0,2,双平,S,3281.6000,3281.4000,3281.2000,3280.4000,3280.2000,3282.4000,3283.0000,3283.4000,3283.8000,3284.2000,1,5,1,3,3,2,2,2,6,9
SF,IH2008,2020-08-21 09:30:36.500,3282.0000,11823,-1,494944500.000,1,0,1,双平,S,3281.8000,3281.6000,3281.4000,3281.2000,3280.4000,3282.4000,3283.0000,3283.4000,3283.8000,3284.2000,1,2,6,1,3,2,2,2,6,9
SF,IH2008,2020-08-21 09:30:37.000,3282.0000,11823,0,494944500.000,0,-,-,-,-,3281.8000,3281.6000,3281.4000,3281.2000,3280.4000,3282.4000,3283.0000,3283.4000,3283.8000,3284.2000,1,1,6,1,3,2,2,2,6,9
SF,IH2008,2020-08-21 09:30:37.500,3282.4000,11822,-1,495929220.000,1,0,1,双平,S,3281.8000,3281.4000,3281.2000,3280.4000,3280.2000,3282.4000,3283.0000,3283.4000,3283.8000,3284.2000,2,6,1,3,3,1,1,2,6,9
SF,IH2008,2020-08-21 09:30:38.000,3282.4000,11822,0,495929220.000,0,-,-,-,-,3281.8000,3281.4000,3281.2000,3280.4000,3280.2000,3282.4000,3283.0000,3283.4000,3283.8000,3284.2000,3,6,1,3,3,1,1,2,6,9
SF,IH2008,2020-08-21 09:30:38.500,3282.4000,11821,-1,496913940.000,1,0,1,双平,S,3281.8000,3281.4000,3281.2000,3280.4000,3280.2000,3283.0000,3283.4000,3283.8000,3284.2000,3285.0000,3,6,1,3,3,1,2,6,9,7
SF,IH2008,2020-08-21 09:30:39.000,3281.8000,11818,-3,499867560.000,3,0,3,双平,S,3281.4000,3281.2000,3280.4000,3280.2000,3280.0000,3281.6000,3281.8000,3282.6000,3282.8000,3283.0000,6,1,3,3,6,1,2,3,5,2
SF,IH2008,2020-08-21 09:30:39.500,3281.4000,11818,0,501836400.000,2,1,1,多换,S,3281.4000,3281.2000,3280.4000,3280.2000,3280.0000,3281.8000,3282.6000,3282.8000,3283.0000,3283.4000,4,1,3,3,6,2,4,5,2,2
SF,IH2008,2020-08-21 09:30:40.000,3281.4000,11815,-3,507742980.000,6,1,5,多平,S,3281.2000,3280.4000,3280.2000,3280.0000,3274.0000,3281.4000,3281.6000,3281.8000,3282.6000,3282.8000,1,3,3,6,1,2,1,2,4,4
SF,IH2008,2020-08-21 09:30:40.500,3281.2000,11814,-1,508727340.000,1,0,1,双平,S,3280.4000,3280.2000,3280.0000,3274.0000,3273.4000,3281.0000,3281.4000,3281.6000,3281.8000,3282.6000,3,3,6,1,1,3,4,1,2,4
SF,IH2008,2020-08-21 09:30:41.000,3281.0000,11812,-2,511679880.000,3,0,3,多平,S,3280.4000,3280.2000,3280.0000,3274.0000,3273.4000,3281.4000,3281.8000,3282.6000,3282.8000,3283.0000,1,3,6,1,1,1,2,4,4,2
SF,IH2008,2020-08-21 09:30:41.500,3281.0000,11812,0,511679880.000,0,-,-,-,-,3280.4000,3280.2000,3280.0000,3274.0000,3273.4000,3281.2000,3281.8000,3282.6000,3282.8000,3283.0000,1,3,6,1,1,2,2,4,4,2
SF,IH2008,2020-08-21 09:30:42.000,3281.0000,11812,0,511679880.000,0,-,-,-,-,3280.4000,3280.2000,3280.0000,3274.0000,3273.4000,3281.2000,3281.8000,3282.6000,3282.8000,3283.0000,1,3,6,1,1,2,2,3,4,2
SF,IH2008,2020-08-21 09:30:42.500,3280.4000,11810,-2,513648180.000,2,0,2,双平,S,3280.2000,3280.0000,3274.0000,3273.4000,3272.0000,3281.2000,3281.8000,3282.6000,3282.8000,3283.0000,3,6,1,1,3,2,2,3,4,2
SF,IH2008,2020-08-21 09:30:43.000,3280.2000,11809,-1,514632240.000,1,0,1,双平,S,3280.2000,3280.0000,3274.0000,3273.4000,3272.0000,3280.4000,3281.0000,3281.2000,3281.8000,3282.8000,2,6,1,1,3,5,3,2,2,4
SF,IH2008,2020-08-21 09:30:43.500,3280.4000,11804,-5,519552720.000,5,0,5,双平,S,3280.2000,3280.0000,3274.0000,3273.4000,3272.0000,3280.4000,3281.0000,3281.8000,3282.8000,3283.0000,3,6,1,1,3,5,3,2,4,2
SF,IH2008,2020-08-21 09:30:44.000,3280.0000,11800,-4,523488900.000,4,0,4,双平,S,3280.0000,3274.0000,3273.4000,3272.0000,3268.2000,3280.2000,3280.4000,3281.0000,3281.8000,3282.8000,5,1,1,3,1,1,5,2,2,4
SF,IH2008,2020-08-21 09:30:44.500,3280.4000,11789,-11,534313560.000,11,0,11,双平,S,3280.0000,3279.2000,3274.0000,3273.4000,3272.0000,3280.4000,3281.0000,3281.8000,3282.8000,3283.0000,1,3,1,1,3,1,2,2,4,2
SF,IH2008,2020-08-21 09:30:45.000,3280.0000,11786,-3,537265740.000,3,0,3,双平,S,3279.2000,3274.0000,3273.4000,3272.0000,3268.2000,3280.2000,3281.0000,3281.8000,3282.8000,3283.0000,3,1,1,3,1,1,2,2,4,1
SF,IH2008,2020-08-21 09:30:45.500,3280.2000,11783,-3,540217860.000,3,0,3,双平,S,3279.4000,3279.2000,3274.0000,3273.4000,3272.0000,3280.8000,3281.0000,3281.8000,3282.8000,3283.0000,4,3,1,1,3,2,2,2,4,1
SF,IH2008,2020-08-21 09:30:46.000,3280.2000,11782,-1,541201920.000,1,0,1,双平,S,3279.6000,3279.4000,3279.2000,3274.0000,3273.4000,3280.0000,3280.6000,3281.0000,3281.8000,3282.8000,1,4,3,1,1,4,1,2,2,4
SF,IH2008,2020-08-21 09:30:46.500,3280.2000,11779,-3,544154100.000,3,0,3,双平,S,3279.8000,3279.6000,3279.4000,3279.2000,3274.0000,3280.0000,3280.6000,3281.0000,3281.8000,3282.8000,3,1,3,3,1,1,1,2,2,4
SF,IH2008,2020-08-21 09:30:47.000,3280.0000,11778,-1,545138100.000,1,0,1,双平,S,3280.4000,3280.2000,3279.8000,3279.6000,3279.4000,3281.0000,3281.8000,3282.8000,3283.0000,3283.4000,1,1,3,1,2,2,2,4,1,2
SF,IH2008,2020-08-21 09:30:47.500,3280.4000,11777,-1,546122220.000,1,0,1,双平,S,3280.6000,3280.2000,3279.8000,3279.6000,3279.4000,3280.8000,3281.0000,3281.8000,3282.8000,3283.0000,1,1,2,1,2,1,2,2,4,1
SF,IH2008,2020-08-21 09:30:48.000,3279.6000,11769,-8,553993800.000,8,0,8,双平,S,3279.4000,3279.2000,3278.6000,3278.4000,3274.0000,3279.6000,3280.2000,3280.6000,3280.8000,3281.0000,2,3,3,3,1,3,1,2,1,2
SF,IH2008,2020-08-21 09:30:48.500,3279.6000,11768,-1,554977680.000,1,0,1,双平,S,3279.4000,3278.6000,3278.4000,3274.0000,3272.0000,3279.6000,3279.8000,3280.2000,3280.6000,3281.0000,2,3,3,1,3,2,1,1,1,2
SF,IH2008,2020-08-21 09:30:49.000,3279.4000,11759,-9,563832180.000,9,0,9,双平,S,3278.6000,3278.4000,3274.0000,3272.0000,3263.4000,3279.8000,3280.2000,3281.0000,3281.8000,3282.8000,3,3,1,3,1,1,1,2,2,4
SF,IH2008,2020-08-21 09:30:49.500,3279.6000,11756,-3,566784060.000,3,0,3,双平,S,3279.6000,3279.4000,3279.2000,3278.8000,3278.6000,3281.0000,3281.8000,3282.8000,3283.0000,3283.4000,1,2,2,1,3,2,2,4,1,2
SF,IH2008,2020-08-21 09:30:50.000,3279.6000,11756,0,566784060.000,0,-,-,-,-,3279.4000,3279.2000,3278.8000,3278.6000,3278.4000,3280.6000,3280.8000,3281.0000,3281.6000,3281.8000,1,2,1,3,3,1,1,2,2,2
SF,IH2008,2020-08-21 09:30:50.500,3279.6000,11756,0,566784060.000,0,-,-,-,-,3279.2000,3278.4000,3274.0000,3272.0000,3263.4000,3280.4000,3280.8000,3281.0000,3281.6000,3281.8000,2,3,1,3,1,1,1,2,2,2
SF,IH2008,2020-08-21 09:30:51.000,3279.2000,11755,-1,567767820.000,1,0,1,双平,S,3279.2000,3278.6000,3278.4000,3274.0000,3272.0000,3280.4000,3280.8000,3281.0000,3281.6000,3281.8000,1,2,3,1,3,1,1,2,2,2
SF,IH2008,2020-08-21 09:30:51.500,3280.0000,11754,-1,568751820.000,1,0,1,双平,S,3279.4000,3279.2000,3278.6000,3278.4000,3276.2000,3280.4000,3281.0000,3281.6000,3281.8000,3282.8000,2,1,2,3,1,2,2,2,2,4
SF,IH2008,2020-08-21 09:30:52.000,3279.2000,11755,1,570719400.000,2,1,1,空开,S,3278.6000,3278.4000,3276.2000,3274.0000,3272.0000,3279.2000,3279.6000,3280.4000,3281.0000,3281.6000,2,3,1,1,3,3,1,4,2,2
SF,IH2008,2020-08-21 09:30:52.500,3279.2000,11755,0,570719400.000,0,-,-,-,-,3278.4000,3276.2000,3274.0000,3272.0000,3262.4000,3279.0000,3279.2000,3279.4000,3279.6000,3280.4000,3,1,1,3,1,1,5,4,1,2
SF,IH2008,2020-08-21 09:30:53.000,3278.4000,11754,-1,571702920.000,1,0,1,双平,S,3278.4000,3277.2000,3276.2000,3274.0000,3272.0000,3279.0000,3279.2000,3279.4000,3279.6000,3280.4000,3,2,1,1,3,2,5,4,1,2
SF,IH2008,2020-08-21 09:30:53.500,3279.0000,11752,-2,573670320.000,2,0,2,双平,S,3278.4000,3278.2000,3277.2000,3276.2000,3274.0000,3278.8000,3279.0000,3279.2000,3279.4000,3279.6000,3,3,2,1,1,1,4,5,4,1
SF,IH2008,2020-08-21 09:30:54.000,3278.8000,11749,-3,576621240.000,3,0,3,双平,S,3278.6000,3278.4000,3278.2000,3277.2000,3276.2000,3279.0000,3279.2000,3279.4000,3279.6000,3280.4000,1,3,3,2,1,4,5,4,1,2
SF,IH2008,2020-08-21 09:30:54.500,3279.0000,11745,-4,582523500.000,6,1,5,多平,S,3279.0000,3278.8000,3278.6000,3278.4000,3278.2000,3279.2000,3279.4000,3279.6000,3280.4000,3281.6000,1,1,3,6,3,4,4,1,2,2
SF,IH2008,2020-08-21 09:30:55.000,3279.6000,11735,-10,592361460.000,10,0,10,双平,S,3279.4000,3279.2000,3279.0000,3278.6000,3278.4000,3280.4000,3281.6000,3281.8000,3282.8000,3283.0000,1,2,6,2,6,2,2,1,4,1
SF,IH2008,2020-08-21 09:30:55.500,3279.4000,11731,-4,596297160.000,4,0,4,双平,S,3279.6000,3279.2000,3279.0000,3278.6000,3278.4000,3280.4000,3281.6000,3281.8000,3282.8000,3283.0000,1,1,4,2,6,1,2,1,4,1
SF,IH2008,2020-08-21 09:30:56.000,3279.4000,11730,-1,597280980.000,1,0,1,双平,S,3279.2000,3279.0000,3278.6000,3278.4000,3278.2000,3280.4000,3281.6000,3281.8000,3282.8000,3283.0000,1,3,2,6,3,1,2,1,4,1
SF,IH2008,2020-08-21 09:30:56.500,3279.4000,11730,0,597280980.000,0,-,-,-,-,3279.0000,3278.6000,3278.4000,3278.2000,3277.4000,3280.0000,3280.4000,3281.6000,3281.8000,3282.8000,3,2,3,3,3,1,5,2,1,4
SF,IH2008,2020-08-21 09:30:57.000,3279.4000,11730,0,597280980.000,0,-,-,-,-,3279.2000,3279.0000,3278.4000,3278.2000,3276.2000,3279.8000,3280.0000,3280.4000,3281.6000,3281.8000,2,3,3,3,1,1,1,5,2,1
SF,IH2008,2020-08-21 09:30:57.500,3279.4000,11730,0,597280980.000,0,-,-,-,-,3279.4000,3279.2000,3279.0000,3278.4000,3278.2000,3279.8000,3280.0000,3280.4000,3281.6000,3281.8000,1,2,3,3,3,2,1,5,2,1
SF,IH2008,2020-08-21 09:30:58.000,3279.2000,11727,-3,600232380.000,3,0,3,双平,S,3279.0000,3278.4000,3278.2000,3276.2000,3274.0000,3279.8000,3280.0000,3280.4000,3281.6000,3281.8000,1,3,3,1,2,2,1,5,2,1
SF,IH2008,2020-08-21 09:30:58.500,3279.8000,11722,-5,605152020.000,5,0,5,双平,S,3279.2000,3279.0000,3278.4000,3276.2000,3274.0000,3280.0000,3280.4000,3281.6000,3281.8000,3282.6000,2,1,3,1,2,1,5,2,1,1
SF,IH2008,2020-08-21 09:30:59.000,3280.4000,11720,-2,607120140.000,2,0,2,双平,S,3279.6000,3279.2000,3279.0000,3278.4000,3276.2000,3280.4000,3281.6000,3281.8000,3282.6000,3282.8000,1,4,2,3,1,4,2,1,1,4
SF,IH2008,2020-08-21 09:30:59.500,3280.4000,11718,-2,609088200.000,2,0,2,双平,S,3279.8000,3279.6000,3279.2000,3279.0000,3278.8000,3280.4000,3281.6000,3281.8000,3282.6000,3282.8000,1,1,4,2,1,3,2,1,1,4
SF,IH2008,2020-08-21 09:31:00.000,3280.4000,11715,-3,612040560.000,3,0,3,双平,S,3280.4000,3280.2000,3279.2000,3279.0000,3278.8000,3281.6000,3281.8000,3282.6000,3282.8000,3283.0000,2,1,4,2,1,2,1,1,4,1
SF,IH2008,2020-08-21 09:31:00.500,3280.4000,11715,0,612040560.000,0,-,-,-,-,3281.0000,3280.4000,3279.2000,3279.0000,3278.8000,3281.8000,3282.6000,3282.8000,3283.0000,3283.4000,1,4,4,2,1,1,1,4,1,2
SF,IH2008,2020-08-21 09:31:01.000,3280.4000,11713,-2,614992920.000,3,0,3,多平,S,3280.4000,3279.2000,3279.0000,3278.8000,3278.6000,3281.8000,3282.6000,3283.0000,3283.4000,3284.0000,3,4,2,1,1,1,1,1,2,1
SF,IH2008,2020-08-21 09:31:01.500,3280.4000,11712,-1,615977040.000,1,0,1,双平,S,3281.0000,3280.4000,3279.2000,3279.0000,3278.8000,3281.8000,3282.4000,3282.6000,3283.0000,3283.4000,2,3,3,2,1,1,2,1,1,2
SF,IH2008,2020-08-21 09:31:02.000,3280.4000,11712,0,615977040.000,0,-,-,-,-,3281.2000,3280.4000,3279.2000,3279.0000,3278.8000,3281.6000,3281.8000,3282.6000,3283.0000,3283.4000,2,4,1,2,1,1,1,1,1,2
SF,IH2008,2020-08-21 09:31:02.500,3280.4000,11712,0,615977040.000,0,-,-,-,-,3281.2000,3281.0000,3280.6000,3280.4000,3279.4000,3281.6000,3281.8000,3282.6000,3283.0000,3283.4000,2,2,1,4,1,1,1,1,1,2
SF,IH2008,2020-08-21 09:31:03.000,3281.2000,11709,-3,618930420.000,3,0,3,双平,S,3281.2000,3281.0000,3280.6000,3280.4000,3279.4000,3282.6000,3283.0000,3284.0000,3285.4000,3286.8000,1,2,1,4,1,1,1,1,1,1
SF,IH2008,2020-08-21 09:31:03.500,3281.2000,11707,-2,620899140.000,2,0,2,双平,S,3281.4000,3281.2000,3281.0000,3280.6000,3280.4000,3282.6000,3283.0000,3284.0000,3285.4000,3286.8000,1,1,2,1,2,1,1,1,1,1
SF,IH2008,2020-08-21 09:31:04.000,3281.2000,11705,-2,622867860.000,2,0,2,双平,S,3281.0000,3280.4000,3279.4000,3279.2000,3279.0000,3282.6000,3283.0000,3284.0000,3285.4000,3286.8000,2,2,1,1,1,1,1,1,1,1
SF,IH2008,2020-08-21 09:31:04.500,3281.2000,11705,0,622867860.000,0,-,-,-,-,3281.0000,3280.4000,3279.4000,3279.2000,3279.0000,3281.6000,3282.6000,3283.0000,3284.0000,3285.4000,4,2,1,1,1,1,1,1,1,1
SF,IH2008,2020-08-21 09:31:05.000,3281.6000,11704,-1,623852340.000,1,0,1,双平,S,3281.0000,3280.4000,3279.4000,3279.2000,3279.0000,3282.6000,3283.0000,3284.0000,3285.4000,3286.8000,4,2,1,1,1,1,1,1,1,1
SF,IH2008,2020-08-21 09:31:05.500,3281.6000,11704,0,623852340.000,0,-,-,-,-,3281.2000,3281.0000,3280.4000,3279.4000,3279.2000,3282.6000,3283.0000,3284.0000,3285.4000,3286.8000,1,4,2,1,1,1,1,1,1,1
SF,IH2008,2020-08-21 09:31:06.000,3283.0000,11702,-2,625822020.000,2,0,2,双平,S,3282.0000,3281.6000,3281.4000,3281.2000,3281.0000,3284.0000,3285.4000,3286.8000,3287.4000,3288.0000,1,1,1,1,4,1,1,1,1,7
SF,IH2008,2020-08-21 09:31:06.500,3283.0000,11702,0,625822020.000,0,-,-,-,-,3282.6000,3282.2000,3281.6000,3281.4000,3281.2000,3283.0000,3284.0000,3285.2000,3285.4000,3286.8000,1,1,2,1,1,1,1,2,1,1
SF,IH2008,2020-08-21 09:31:07.000,3283.0000,11700,-2,627791820.000,2,0,2,双平,S,3282.6000,3281.6000,3281.4000,3281.0000,3280.4000,3284.0000,3285.2000,3285.4000,3286.8000,3287.4000,2,2,1,4,1,1,2,1,1,1
SF,IH2008,2020-08-21 09:31:07.500,3283.0000,11700,0,627791820.000,0,-,-,-,-,3283.0000,3282.6000,3281.8000,3281.6000,3281.4000,3283.8000,3284.0000,3285.2000,3285.4000,3286.8000,2,2,2,4,1,1,1,2,1,1
SF,IH2008,2020-08-21 09:31:08.000,3283.0000,11700,0,627791820.000,0,-,-,-,-,3283.0000,3282.6000,3281.8000,3281.6000,3281.4000,3283.4000,3283.8000,3284.0000,3285.2000,3285.4000,2,2,2,4,1,1,1,1,2,1
SF,IH2008,2020-08-21 09:31:08.500,3283.2000,11699,-1,628776780.000,1,0,1,双平,S,3283.0000,3282.8000,3282.6000,3281.8000,3281.6000,3283.4000,3284.0000,3285.2000,3285.4000,3286.8000,2,1,2,2,4,1,1,2,1,1
SF,IH2008,2020-08-21 09:31:09.000,3283.0000,11698,-1,629761680.000,1,0,1,双平,S,3283.0000,3282.8000,3282.6000,3281.8000,3281.6000,3283.2000,3283.4000,3284.0000,3285.2000,3285.4000,2,1,2,2,4,1,1,1,2,1
SF,IH2008,2020-08-21 09:31:09.500,3283.4000,11696,-2,631731660.000,2,0,2,双平,S,3283.0000,3282.8000,3282.6000,3281.6000,3281.4000,3283.2000,3284.0000,3285.2000,3285.4000,3286.8000,2,1,2,4,1,1,1,2,1,1
SF,IH2008,2020-08-21 09:31:10.000,3283.0000,11695,-1,632716560.000,1,0,1,双平,S,3283.0000,3282.6000,3281.6000,3281.4000,3281.0000,3283.2000,3284.0000,3285.2000,3285.4000,3286.8000,1,2,4,1,2,1,1,2,1,1
SF,IH2008,2020-08-21 09:31:10.500,3283.0000,11693,-2,634686420.000,2,0,2,双平,S,3282.6000,3281.6000,3281.4000,3281.0000,3279.4000,3284.0000,3285.2000,3285.4000,3286.8000,3287.4000,2,4,1,2,1,1,2,1,1,1
SF,IH2008,2020-08-21 09:31:11.000,3283.0000,11693,0,634686420.000,0,-,-,-,-,3282.6000,3281.8000,3281.6000,3281.4000,3281.0000,3283.8000,3284.0000,3285.2000,3285.4000,3286.8000,2,2,2,1,2,2,1,2,1,1
SF,IH2008,2020-08-21 09:31:11.500,3283.0000,11693,0,634686420.000,0,-,-,-,-,3283.2000,3282.6000,3281.8000,3281.6000,3281.4000,3283.6000,3283.8000,3284.0000,3285.2000,3285.4000,1,2,2,1,1,1,1,1,2,1
SF,IH2008,2020-08-21 09:31:12.000,3283.2000,11691,-2,637641360.000,3,0,3,多平,S,3282.6000,3281.8000,3281.6000,3281.4000,3281.0000,3283.8000,3284.0000,3285.2000,3285.4000,3286.8000,2,2,1,1,2,1,1,2,1,1
SF,IH2008,2020-08-21 09:31:12.500,3282.6000,11688,-3,640595700.000,3,0,3,双平,S,3282.2000,3281.8000,3281.6000,3281.4000,3281.0000,3283.4000,3283.6000,3283.8000,3284.0000,3285.2000,2,2,1,1,2,2,2,1,1,2
SF,IH2008,2020-08-21 09:31:13.000,3282.2000,11685,-3,643549680.000,3,0,3,双平,S,3281.8000,3281.6000,3281.4000,3281.0000,3279.4000,3283.0000,3283.2000,3283.4000,3283.6000,3284.0000,2,1,1,2,1,1,1,2,2,1
SF,IH2008,2020-08-21 09:31:13.500,3282.2000,11685,0,643549680.000,0,-,-,-,-,3281.6000,3281.4000,3281.0000,3279.4000,3279.2000,3282.8000,3283.0000,3283.2000,3283.6000,3284.0000,1,1,2,1,1,1,1,1,1,1
SF,IH2008,2020-08-21 09:31:14.000,3282.8000,11684,-1,646504200.000,3,1,2,多平,S,3281.6000,3281.4000,3281.0000,3279.4000,3279.2000,3282.8000,3283.0000,3283.6000,3284.0000,3285.2000,1,1,2,1,1,1,2,1,1,2
SF,IH2008,2020-08-21 09:31:14.500,3282.8000,11684,0,646504200.000,0,-,-,-,-,3282.0000,3281.8000,3281.6000,3281.4000,3281.0000,3282.8000,3283.0000,3283.6000,3284.0000,3285.2000,1,1,1,1,2,2,2,1,1,2
SF,IH2008,2020-08-21 09:31:15.000,3282.0000,11681,-3,650442420.000,4,0,4,多平,S,3281.4000,3279.4000,3279.2000,3279.0000,3278.8000,3281.8000,3282.0000,3282.4000,3282.6000,3282.8000,1,1,1,1,1,1,3,1,2,3
SF,IH2008,2020-08-21 09:31:15.500,3281.4000,11680,-1,651426840.000,1,0,1,双平,S,3279.6000,3279.4000,3279.2000,3279.0000,3278.8000,3281.2000,3281.4000,3281.6000,3281.8000,3282.0000,2,1,1,1,1,2,2,1,1,3
SF,IH2008,2020-08-21 09:31:16.000,3281.4000,11679,-1,652411260.000,1,0,1,双平,S,3279.6000,3279.4000,3279.2000,3279.0000,3278.8000,3281.0000,3281.8000,3282.0000,3282.6000,3283.0000,2,1,1,1,1,1,1,3,1,5
SF,IH2008,2020-08-21 09:31:16.500,3281.0000,11678,-1,653395560.000,1,0,1,双平,S,3279.8000,3279.4000,3279.2000,3279.0000,3278.8000,3280.8000,3281.6000,3281.8000,3282.0000,3282.6000,1,1,1,1,1,1,1,1,3,1
SF,IH2008,2020-08-21 09:31:17.000,3281.0000,11678,0,653395560.000,0,-,-,-,-,3279.4000,3279.2000,3279.0000,3278.8000,3278.6000,3280.8000,3281.4000,3281.6000,3281.8000,3282.0000,1,1,1,1,2,2,1,1,1,3
SF,IH2008,2020-08-21 09:31:17.500,3281.0000,11678,0,653395560.000,0,-,-,-,-,3280.0000,3279.8000,3279.4000,3279.2000,3279.0000,3280.8000,3281.4000,3281.6000,3281.8000,3282.0000,2,1,2,1,1,3,1,1,1,3
SF,IH2008,2020-08-21 09:31:18.000,3280.0000,11677,-1,655363560.000,2,0,2,多平,S,3279.8000,3279.4000,3279.2000,3279.0000,3278.8000,3280.4000,3280.6000,3280.8000,3281.6000,3281.8000,1,2,1,1,1,1,1,3,1,1
SF,IH2008,2020-08-21 09:31:18.500,3279.8000,11676,-1,656347500.000,1,0,1,双平,S,3279.4000,3279.2000,3279.0000,3278.8000,3278.6000,3280.2000,3280.4000,3280.6000,3281.6000,3281.8000,2,1,1,1,2,1,1,1,1,1
SF,IH2008,2020-08-21 09:31:19.000,3279.8000,11676,0,656347500.000,0,-,-,-,-,3280.0000,3279.4000,3279.2000,3279.0000,3278.8000,3280.2000,3280.6000,3281.6000,3281.8000,3282.0000,2,2,1,1,1,2,1,1,1,3
SF,IH2008,2020-08-21 09:31:19.500,3279.2000,11673,-3,661266900.000,5,1,4,多平,S,3279.0000,3278.8000,3278.6000,3278.4000,3278.2000,3280.0000,3280.2000,3280.6000,3281.6000,3281.8000,1,1,2,1,1,4,4,1,1,1
SF,IH2008,2020-08-21 09:31:20.000,3279.0000,11672,-1,662250600.000,1,0,1,双平,S,3279.2000,3278.8000,3278.6000,3278.4000,3278.2000,3279.8000,3280.0000,3280.2000,3280.6000,3281.6000,1,1,2,1,1,1,2,1,1,1
SF,IH2008,2020-08-21 09:31:20.500,3279.2000,11671,-1,663234360.000,1,0,1,双平,S,3278.8000,3278.6000,3278.4000,3278.2000,3278.0000,3279.2000,3279.4000,3279.6000,3279.8000,3280.0000,1,2,1,1,1,2,1,1,2,2
SF,IH2008,2020-08-21 09:31:21.000,3278.8000,11670,-1,664218000.000,1,0,1,双平,S,3278.6000,3278.4000,3278.2000,3278.0000,3277.8000,3278.8000,3279.0000,3279.6000,3279.8000,3280.0000,2,1,1,1,1,1,3,1,1,2
SF,IH2008,2020-08-21 09:31:21.500,3278.6000,11667,-3,667168740.000,3,0,3,双平,S,3278.4000,3278.2000,3278.0000,3277.8000,3277.6000,3278.6000,3278.8000,3279.0000,3279.6000,3280.0000,1,1,1,1,1,3,1,3,1,2
SF,IH2008,2020-08-21 09:31:22.000,3278.4000,11666,-1,668152260.000,1,0,1,双平,S,3278.2000,3278.0000,3277.8000,3277.6000,3277.4000,3278.4000,3278.6000,3278.8000,3279.4000,3279.6000,1,1,1,1,1,7,6,1,1,1
SF,IH2008,2020-08-21 09:31:22.500,3278.4000,11659,-7,675036720.000,7,0,7,双平,S,3278.0000,3277.8000,3277.6000,3277.4000,3277.2000,3278.4000,3278.6000,3278.8000,3279.4000,3280.0000,1,1,1,1,1,2,1,1,1,2
SF,IH2008,2020-08-21 09:31:23.000,3278.0000,11658,-1,676020120.000,1,0,1,双平,S,3277.8000,3277.6000,3277.4000,3277.2000,3277.0000,3278.2000,3278.4000,3278.6000,3278.8000,3279.0000,1,1,1,1,2,10,2,1,1,1
SF,IH2008,2020-08-21 09:31:23.500,3277.6000,11656,-2,677986740.000,2,0,2,双平,S,3277.4000,3277.2000,3277.0000,3276.8000,3276.6000,3278.0000,3278.2000,3278.4000,3278.6000,3278.8000,1,1,2,1,1,3,10,2,1,1
SF,IH2008,2020-08-21 09:31:24.000,3277.6000,11655,-1,679953240.000,2,0,2,多平,S,3277.2000,3277.0000,3276.8000,3276.6000,3276.4000,3277.8000,3278.0000,3278.2000,3278.4000,3278.6000,1,2,1,1,1,1,2,9,2,1
SF,IH2008,2020-08-21 09:31:24.500,3277.6000,11655,0,679953240.000,0,-,-,-,-,3277.4000,3277.2000,3277.0000,3276.8000,3276.6000,3277.8000,3278.0000,3278.2000,3278.4000,3278.6000,3,1,2,1,1,3,2,9,2,1
SF,IH2008,2020-08-21 09:31:25.000,3277.8000,11654,-1,680936580.000,1,0,1,双平,S,3277.4000,3277.2000,3277.0000,3276.8000,3276.6000,3277.6000,3277.8000,3278.0000,3278.2000,3278.4000,3,1,2,1,1,1,2,1,5,2
SF,IH2008,2020-08-21 09:31:25.500,3277.6000,11651,-3,683886300.000,3,0,3,双平,S,3277.4000,3277.2000,3277.0000,3276.8000,3276.6000,3277.6000,3277.8000,3278.0000,3278.2000,3278.4000,1,1,2,1,1,1,2,1,5,2
SF,IH2008,2020-08-21 09:31:26.000,3278.2000,11644,-7,690769860.000,7,0,7,双平,S,3277.8000,3277.6000,3277.4000,3277.2000,3277.0000,3278.2000,3278.4000,3278.6000,3278.8000,3279.0000,1,5,1,1,2,3,1,1,1,1
SF,IH2008,2020-08-21 09:31:26.500,3278.2000,11644,0,690769860.000,0,-,-,-,-,3277.8000,3277.6000,3277.4000,3277.2000,3277.0000,3278.0000,3278.2000,3278.4000,3278.6000,3278.8000,2,5,1,1,3,1,3,1,1,1
SF,IH2008,2020-08-21 09:31:27.000,3278.0000,11640,-4,694703580.000,4,0,4,双平,S,3277.8000,3277.6000,3277.4000,3277.2000,3277.0000,3278.2000,3278.4000,3278.6000,3278.8000,3279.0000,2,5,1,1,3,1,1,1,1,1
SF,IH2008,2020-08-21 09:31:27.500,3277.8000,11638,-2,696670260.000,2,0,2,双平,S,3277.6000,3277.4000,3277.2000,3277.0000,3276.8000,3277.8000,3278.2000,3278.4000,3278.6000,3278.8000,4,1,4,3,1,1,1,1,1,2
SF,IH2008,2020-08-21 09:31:28.000,3277.6000,11636,-2,698636820.000,2,0,2,双平,S,3277.6000,3277.4000,3277.2000,3277.0000,3276.8000,3278.2000,3278.4000,3278.6000,3278.8000,3279.0000,2,1,4,3,1,1,1,1,2,1
SF,IH2008,2020-08-21 09:31:28.500,3277.6000,11636,0,698636820.000,0,-,-,-,-,3277.6000,3277.4000,3277.2000,3277.0000,3276.8000,3278.0000,3278.2000,3278.4000,3278.6000,3278.8000,2,1,4,3,1,1,1,1,1,2
SF,IH2008,2020-08-21 09:31:29.000,3277.4000,11630,-6,704536140.000,6,0,6,双平,S,3277.2000,3277.0000,3276.8000,3276.6000,3276.4000,3277.4000,3277.6000,3278.0000,3278.2000,3278.4000,2,3,1,1,2,1,3,3,1,1
SF,IH2008,2020-08-21 09:31:29.500,3277.0000,11625,-5,709451760.000,5,0,5,双平,S,3276.8000,3276.6000,3276.4000,3276.2000,3276.0000,3277.0000,3277.2000,3277.4000,3277.6000,3277.8000,1,1,2,4,2,3,4,1,3,4
SF,IH2008,2020-08-21 09:31:30.000,3277.0000,11621,-4,716333280.000,7,1,6,多平,S,3276.4000,3276.2000,3276.0000,3275.8000,3275.6000,3276.8000,3277.2000,3277.4000,3277.6000,3278.2000,2,4,2,1,1,1,2,1,3,1
SF,IH2008,2020-08-21 09:31:30.500,3276.4000,11619,-2,718299180.000,2,0,2,双平,S,3276.2000,3276.0000,3275.8000,3275.6000,3275.4000,3276.8000,3277.2000,3277.4000,3277.6000,3278.2000,4,2,1,2,1,2,2,1,3,1
SF,IH2008,2020-08-21 09:31:31.000,3276.4000,11619,0,718299180.000,0,-,-,-,-,3276.2000,3276.0000,3275.8000,3275.6000,3275.4000,3276.4000,3276.6000,3276.8000,3277.2000,3277.4000,4,2,1,2,1,2,2,2,1,1
SF,IH2008,2020-08-21 09:31:31.500,3275.8000,11612,-7,725178960.000,7,0,7,双平,S,3275.6000,3275.4000,3275.2000,3275.0000,3274.8000,3275.8000,3276.2000,3276.4000,3276.6000,3276.8000,1,1,2,4,2,1,2,1,4,2
SF,IH2008,2020-08-21 09:31:32.000,3275.2000,11604,-8,734024040.000,9,0,9,多平,S,3275.2000,3275.0000,3274.8000,3274.6000,3274.4000,3276.6000,3276.8000,3277.4000,3277.6000,3278.2000,3,4,2,1,1,1,2,1,3,1
SF,IH2008,2020-08-21 09:31:32.500,3276.0000,11602,-2,735989520.000,2,0,2,双平,S,3275.6000,3275.2000,3275.0000,3274.8000,3274.6000,3276.0000,3276.4000,3276.8000,3277.4000,3277.6000,3,3,4,2,1,1,6,2,1,3
SF,IH2008,2020-08-21 09:31:33.000,3275.6000,11599,-3,738937560.000,3,0,3,双平,S,3275.2000,3275.0000,3274.8000,3274.6000,3274.4000,3275.8000,3276.0000,3276.4000,3276.8000,3277.4000,3,4,2,1,1,1,1,6,2,1
SF,IH2008,2020-08-21 09:31:33.500,3275.6000,11598,-1,739920240.000,1,0,1,双平,S,3275.2000,3275.0000,3274.8000,3274.6000,3274.4000,3275.8000,3276.4000,3276.8000,3277.4000,3277.6000,6,4,2,1,1,1,4,2,1,3
SF,IH2008,2020-08-21 09:31:34.000,3275.8000,11596,-2,741885720.000,2,0,2,双平,S,3275.4000,3275.2000,3275.0000,3274.8000,3274.6000,3276.4000,3276.8000,3277.4000,3277.6000,3278.4000,1,6,4,2,1,4,2,1,3,1
SF,IH2008,2020-08-21 09:31:34.500,3276.2000,11595,-1,742868580.000,1,0,1,双平,S,3275.2000,3275.0000,3274.8000,3274.6000,3274.4000,3276.2000,3276.4000,3276.8000,3277.4000,3277.6000,6,4,2,1,1,1,4,2,1,3
SF,IH2008,2020-08-21 09:31:35.000,3276.2000,11594,-1,743851440.000,1,0,1,双平,S,3275.2000,3275.0000,3274.8000,3274.6000,3274.4000,3276.2000,3276.4000,3276.8000,3277.4000,3277.6000,7,4,2,1,4,1,4,2,1,3
SF,IH2008,2020-08-21 09:31:35.500,3276.0000,11592,-2,746799840.000,3,0,3,多平,S,3276.2000,3275.8000,3275.4000,3275.2000,3275.0000,3276.8000,3277.4000,3277.6000,3278.4000,3278.6000,1,1,1,7,4,2,1,3,1,1
SF,IH2008,2020-08-21 09:31:36.000,3276.2000,11591,-1,747782700.000,1,0,1,双平,S,3275.8000,3275.4000,3275.2000,3275.0000,3274.8000,3276.6000,3276.8000,3277.4000,3277.6000,3278.4000,1,1,7,4,2,6,2,1,3,1
SF,IH2008,2020-08-21 09:31:36.500,3275.2000,11588,-3,750730860.000,3,0,3,双平,S,3275.2000,3275.0000,3274.8000,3274.6000,3274.4000,3276.2000,3276.4000,3276.6000,3276.8000,3277.4000,6,4,2,1,4,1,3,2,2,1
SF,IH2008,2020-08-21 09:31:37.000,3276.0000,11587,-1,751713660.000,1,0,1,双平,S,3275.6000,3275.2000,3275.0000,3274.8000,3274.6000,3275.8000,3276.0000,3276.4000,3276.8000,3277.4000,3,6,5,2,1,1,1,3,2,1
SF,IH2008,2020-08-21 09:31:37.500,3276.0000,11583,-4,755644800.000,4,0,4,双平,S,3276.4000,3275.8000,3275.6000,3275.4000,3275.2000,3276.8000,3277.4000,3277.6000,3278.6000,3278.8000,1,2,3,2,6,2,1,3,1,1
SF,IH2008,2020-08-21 09:31:38.000,3276.4000,11582,-1,756627720.000,1,0,1,双平,S,3275.8000,3275.6000,3275.4000,3275.2000,3275.0000,3276.0000,3276.4000,3276.6000,3276.8000,3277.4000,1,3,1,6,5,5,1,1,2,1
SF,IH2008,2020-08-21 09:31:38.500,3275.8000,11577,-5,761542020.000,5,0,5,双平,S,3275.6000,3275.4000,3275.2000,3275.0000,3274.8000,3276.6000,3276.8000,3277.4000,3277.6000,3278.6000,3,1,6,5,2,1,2,1,3,1
SF,IH2008,2020-08-21 09:31:39.000,3275.8000,11576,-1,762524760.000,1,0,1,双平,S,3275.8000,3275.6000,3275.4000,3275.2000,3275.0000,3276.8000,3277.4000,3277.6000,3278.2000,3278.6000,1,3,1,6,5,2,1,1,1,1
SF,IH2008,2020-08-21 09:31:39.500,3275.8000,11576,0,762524760.000,0,-,-,-,-,3275.8000,3275.6000,3275.4000,3275.2000,3275.0000,3276.4000,3276.6000,3276.8000,3277.4000,3277.6000,1,3,1,6,5,1,1,2,1,1
SF,IH2008,2020-08-21 09:31:40.000,3275.8000,11576,0,762524760.000,0,-,-,-,-,3275.8000,3275.6000,3275.4000,3275.2000,3275.0000,3276.2000,3276.4000,3276.6000,3276.8000,3277.4000,1,3,1,5,5,1,1,1,2,1
SF,IH2008,2020-08-21 09:31:40.500,3275.8000,11576,0,762524760.000,0,-,-,-,-,3275.8000,3275.6000,3275.4000,3275.2000,3275.0000,3276.0000,3276.2000,3276.8000,3277.4000,3277.6000,1,3,1,5,5,1,2,1,1,1
SF,IH2008,2020-08-21 09:31:41.000,3275.6000,11569,-7,769404360.000,7,0,7,双平,S,3275.6000,3275.4000,3275.2000,3275.0000,3274.8000,3275.8000,3276.8000,3277.4000,3277.6000,3278.2000,2,1,5,5,2,3,1,1,1,1
SF,IH2008,2020-08-21 09:31:41.500,3275.8000,11563,-6,775300800.000,6,0,6,双平,S,3275.6000,3275.4000,3275.2000,3275.0000,3274.8000,3276.8000,3277.4000,3277.6000,3278.6000,3278.8000,2,1,5,5,2,1,1,1,1,1
SF,IH2008,2020-08-21 09:31:42.000,3275.8000,11563,0,775300800.000,0,-,-,-,-,3275.8000,3275.6000,3275.4000,3275.2000,3275.0000,3276.6000,3276.8000,3277.4000,3277.6000,3278.0000,2,2,1,5,5,1,1,1,1,1
SF,IH2008,2020-08-21 09:31:42.500,3275.6000,11560,-3,778248960.000,3,0,3,双平,S,3275.6000,3275.4000,3275.2000,3275.0000,3274.8000,3276.4000,3276.6000,3276.8000,3277.4000,3277.6000,1,1,5,5,2,1,2,1,1,1
SF,IH2008,2020-08-21 09:31:43.000,3275.6000,11560,0,778248960.000,0,-,-,-,-,3275.6000,3275.4000,3275.2000,3275.0000,3274.8000,3276.2000,3276.4000,3276.6000,3276.8000,3277.4000,1,1,5,5,2,1,2,1,1,1
SF,IH2008,2020-08-21 09:31:43.500,3276.0000,11560,0,779231760.000,1,0,1,多换,S,3275.6000,3275.4000,3275.2000,3275.0000,3274.8000,3276.2000,3276.4000,3276.8000,3277.4000,3277.6000,1,1,5,5,2,2,1,1,1,1
SF,IH2008,2020-08-21 09:31:44.000,3276.0000,11559,-1,780214560.000,1,0,1,双平,S,3275.6000,3275.4000,3275.2000,3275.0000,3274.8000,3276.0000,3276.2000,3276.8000,3277.4000,3277.6000,1,1,5,5,2,1,3,1,1,1
SF,IH2008,2020-08-21 09:31:44.500,3276.2000,11554,-5,785128800.000,5,0,5,双平,S,3275.6000,3275.4000,3275.2000,3275.0000,3274.8000,3276.8000,3277.4000,3277.6000,3278.0000,3278.6000,1,1,5,5,2,1,1,1,1,1
SF,IH2008,2020-08-21 09:31:45.000,3276.2000,11554,0,785128800.000,0,-,-,-,-,3276.2000,3276.0000,3275.6000,3275.4000,3275.2000,3276.6000,3277.4000,3277.6000,3278.0000,3278.6000,1,2,1,1,5,1,1,1,1,2
SF,IH2008,2020-08-21 09:31:45.500,3276.2000,11554,0,785128800.000,0,-,-,-,-,3275.6000,3275.4000,3275.2000,3275.0000,3274.8000,3276.6000,3277.4000,3277.6000,3278.0000,3278.6000,2,1,1,5,2,1,1,1,1,2
SF,IH2008,2020-08-21 09:31:46.000,3276.6000,11552,-2,787094760.000,2,0,2,双平,S,3276.6000,3275.6000,3275.4000,3275.2000,3275.0000,3277.2000,3277.4000,3277.6000,3278.0000,3278.6000,1,3,1,1,5,2,1,1,1,2
SF,IH2008,2020-08-21 09:31:46.500,3276.6000,11551,-1,788077740.000,1,0,1,双平,S,3275.6000,3275.4000,3275.2000,3275.0000,3274.8000,3276.6000,3276.8000,3277.0000,3277.4000,3277.6000,3,1,1,5,2,1,1,2,1,1
SF,IH2008,2020-08-21 09:31:47.000,3276.6000,11551,0,788077740.000,0,-,-,-,-,3276.0000,3275.6000,3275.4000,3275.2000,3275.0000,3276.4000,3277.0000,3277.4000,3277.6000,3278.0000,1,3,2,1,5,1,2,1,1,1
SF,IH2008,2020-08-21 09:31:47.500,3276.6000,11551,0,788077740.000,0,-,-,-,-,3276.0000,3275.6000,3275.4000,3275.2000,3275.0000,3276.2000,3276.4000,3277.0000,3277.4000,3277.6000,1,4,2,1,5,1,2,1,1,1
SF,IH2008,2020-08-21 09:31:48.000,3276.2000,11550,-1,789060600.000,1,0,1,双平,S,3276.2000,3276.0000,3275.6000,3275.4000,3275.2000,3276.4000,3277.0000,3277.4000,3277.6000,3278.0000,2,1,4,2,1,1,1,1,1,1
SF,IH2008,2020-08-21 09:31:48.500,3276.2000,11547,-3,792009240.000,3,0,3,双平,S,3276.0000,3275.6000,3275.4000,3275.2000,3275.0000,3277.0000,3277.4000,3277.6000,3278.0000,3278.6000,1,4,2,1,5,1,1,1,1,1
SF,IH2008,2020-08-21 09:31:49.000,3276.2000,11547,0,792009240.000,0,-,-,-,-,3276.4000,3276.0000,3275.6000,3275.4000,3275.2000,3276.8000,3277.4000,3277.6000,3278.0000,3278.4000,1,1,4,2,1,1,1,1,1,1
SF,IH2008,2020-08-21 09:31:49.500,3276.4000,11546,-1,792992160.000,1,0,1,双平,S,3276.2000,3276.0000,3275.6000,3275.4000,3275.2000,3276.6000,3276.8000,3277.4000,3277.6000,3278.0000,1,1,4,2,1,1,3,1,1,1
SF,IH2008,2020-08-21 09:31:50.000,3276.0000,11542,-4,796923540.000,4,0,4,双平,S,3275.8000,3275.6000,3275.4000,3275.2000,3275.0000,3276.0000,3276.2000,3276.4000,3276.6000,3276.8000,1,4,2,1,5,1,1,4,2,1
SF,IH2008,2020-08-21 09:31:50.500,3275.8000,11541,-1,797906280.000,1,0,1,双平,S,3276.0000,3275.6000,3275.4000,3275.2000,3275.0000,3276.4000,3276.6000,3277.4000,3277.6000,3278.0000,1,4,2,1,5,2,1,1,1,1
SF,IH2008,2020-08-21 09:31:51.000,3276.0000,11537,-4,802820520.000,5,0,5,多平,S,3275.6000,3275.4000,3275.2000,3275.0000,3274.8000,3276.2000,3277.4000,3277.6000,3278.0000,3278.4000,4,2,1,5,2,1,1,1,1,1
SF,IH2008,2020-08-21 09:31:51.500,3276.2000,11536,-1,803803380.000,1,0,1,双平,S,3275.8000,3275.6000,3275.4000,3275.2000,3275.0000,3276.0000,3277.2000,3277.4000,3277.6000,3278.0000,1,4,2,1,5,1,2,1,1,1
SF,IH2008,2020-08-21 09:31:52.000,3275.6000,11531,-5,808716960.000,5,0,5,双平,S,3275.6000,3275.4000,3275.2000,3275.0000,3274.8000,3275.8000,3277.4000,3277.6000,3278.0000,3278.6000,1,2,1,5,2,2,1,1,1,1
SF,IH2008,2020-08-21 09:31:52.500,3275.8000,11529,-2,810682380.000,2,0,2,双平,S,3275.4000,3275.2000,3275.0000,3274.8000,3274.6000,3275.8000,3276.0000,3277.2000,3277.4000,3277.6000,2,1,5,2,1,1,1,2,1,1
SF,IH2008,2020-08-21 09:31:53.000,3275.8000,11529,0,810682380.000,0,-,-,-,-,3275.4000,3275.2000,3275.0000,3274.8000,3274.6000,3275.6000,3275.8000,3276.0000,3277.2000,3277.4000,2,1,6,2,1,2,1,1,2,1
SF,IH2008,2020-08-21 09:31:53.500,3275.6000,11527,-2,812647680.000,2,0,2,双平,S,3275.4000,3275.2000,3275.0000,3274.8000,3274.6000,3275.8000,3276.0000,3277.2000,3277.4000,3277.6000,1,1,6,2,1,1,1,2,1,1
SF,IH2008,2020-08-21 09:31:54.000,3276.0000,11523,-4,816578700.000,4,0,4,双平,S,3275.4000,3275.2000,3275.0000,3274.8000,3274.6000,3277.2000,3277.4000,3277.6000,3278.6000,3279.4000,1,1,6,2,1,2,1,1,1,2
SF,IH2008,2020-08-21 09:31:54.500,3276.0000,11523,0,816578700.000,0,-,-,-,-,3275.8000,3275.6000,3275.4000,3275.2000,3275.0000,3277.0000,3277.2000,3277.4000,3277.6000,3277.8000,2,2,1,1,6,1,2,1,1,1
SF,IH2008,2020-08-21 09:31:55.000,3275.8000,11521,-2,818544180.000,2,0,2,双平,S,3275.4000,3275.2000,3275.0000,3274.8000,3274.6000,3277.0000,3277.4000,3277.6000,3277.8000,3278.6000,1,1,6,2,1,2,1,1,1,2
SF,IH2008,2020-08-21 09:31:55.500,3275.8000,11521,0,818544180.000,0,-,-,-,-,3275.4000,3275.2000,3275.0000,3274.8000,3274.6000,3276.8000,3277.0000,3277.4000,3277.6000,3277.8000,1,1,6,2,1,1,3,1,1,1
SF,IH2008,2020-08-21 09:31:56.000,3275.6000,11520,-1,819526860.000,1,0,1,双平,S,3275.4000,3275.2000,3275.0000,3274.8000,3274.6000,3276.6000,3276.8000,3277.0000,3277.4000,3277.6000,1,1,6,2,1,2,1,1,1,1
SF,IH2008,2020-08-21 09:31:56.500,3275.4000,11519,-1,820509480.000,1,0,1,双平,S,3275.2000,3275.0000,3274.8000,3274.6000,3274.4000,3276.4000,3276.6000,3277.4000,3277.6000,3277.8000,1,6,2,1,4,1,2,1,1,1
SF,IH2008,2020-08-21 09:31:57.000,3275.2000,11518,-1,821492040.000,1,0,1,双平,S,3275.4000,3275.0000,3274.8000,3274.6000,3274.4000,3276.2000,3276.4000,3276.6000,3277.4000,3277.6000,1,6,2,1,4,1,2,1,1,1
SF,IH2008,2020-08-21 09:31:57.500,3276.4000,11514,-4,825423660.000,4,0,4,双平,S,3276.4000,3275.4000,3275.0000,3274.8000,3274.6000,3277.4000,3277.6000,3277.8000,3278.6000,3279.4000,1,2,6,2,1,1,1,1,1,2
SF,IH2008,2020-08-21 09:31:58.000,3276.4000,11514,0,825423660.000,0,-,-,-,-,3276.6000,3276.4000,3275.6000,3275.4000,3275.0000,3277.2000,3277.4000,3277.6000,3277.8000,3278.6000,2,2,2,1,6,1,1,1,1,1
SF,IH2008,2020-08-21 09:31:58.500,3276.6000,11512,-2,827389620.000,2,0,2,双平,S,3276.4000,3275.6000,3275.4000,3275.2000,3275.0000,3277.2000,3277.4000,3277.6000,3277.8000,3278.6000,2,2,1,1,6,1,1,1,1,1
SF,IH2008,2020-08-21 09:31:59.000,3276.8000,11511,-1,828372660.000,1,0,1,双平,S,3276.4000,3275.6000,3275.4000,3275.2000,3275.0000,3277.2000,3277.4000,3277.6000,3277.8000,3278.6000,2,2,1,1,6,1,1,1,1,1
SF,IH2008,2020-08-21 09:31:59.500,3276.8000,11511,0,828372660.000,0,-,-,-,-,3276.4000,3275.6000,3275.4000,3275.2000,3275.0000,3276.8000,3277.2000,3277.4000,3277.6000,3277.8000,2,2,1,1,6,1,1,1,1,1
SF,IH2008,2020-08-21 09:32:00.000,3276.8000,11510,-1,829355700.000,1,0,1,双平,S,3276.4000,3275.4000,3275.2000,3275.0000,3274.8000,3276.6000,3277.4000,3277.6000,3277.8000,3278.6000,2,1,1,6,2,2,1,1,1,1
SF,IH2008,2020-08-21 09:32:00.500,3276.4000,11505,-5,834270480.000,5,0,5,双平,S,3275.4000,3275.2000,3275.0000,3274.8000,3274.6000,3276.2000,3276.4000,3277.4000,3277.6000,3277.8000,1,1,6,2,1,4,3,1,1,1
SF,IH2008,2020-08-21 09:32:01.000,3275.6000,11491,-14,848030460.000,14,0,14,双平,S,3275.4000,3275.2000,3275.0000,3274.8000,3274.6000,3277.4000,3277.6000,3277.8000,3278.6000,3279.4000,1,5,6,2,1,1,1,1,1,2
SF,IH2008,2020-08-21 09:32:01.500,3277.2000,11490,-1,849013620.000,1,0,1,双平,S,3276.2000,3276.0000,3275.8000,3275.6000,3275.4000,3277.6000,3277.8000,3278.6000,3279.4000,3279.6000,1,1,1,3,1,1,1,1,2,1
SF,IH2008,2020-08-21 09:32:02.000,3277.6000,11489,-1,849996900.000,1,0,1,双平,S,3276.6000,3276.4000,3276.2000,3276.0000,3275.8000,3277.8000,3278.6000,3279.4000,3279.6000,3279.8000,1,1,2,2,1,1,1,2,1,1
SF,IH2008,2020-08-21 09:32:02.500,3278.4000,11487,-2,851963760.000,2,0,2,双平,S,3277.4000,3277.2000,3277.0000,3276.8000,3276.6000,3278.4000,3278.6000,3279.4000,3279.6000,3279.8000,1,1,1,2,1,1,1,2,1,1
SF,IH2008,2020-08-21 09:32:03.000,3277.8000,11486,-1,852947100.000,1,0,1,双平,S,3277.6000,3277.4000,3277.0000,3276.6000,3276.2000,3279.4000,3279.6000,3279.8000,3280.0000,3281.8000,3,1,1,1,1,2,1,1,1,1
SF,IH2008,2020-08-21 09:32:03.500,3279.4000,11485,-1,853930920.000,1,0,1,双平,S,3278.4000,3277.8000,3277.6000,3277.4000,3277.0000,3279.4000,3279.6000,3279.8000,3280.0000,3281.8000,1,1,3,1,1,1,1,1,1,1
SF,IH2008,2020-08-21 09:32:04.000,3279.4000,11484,-1,854914740.000,1,0,1,双平,S,3278.6000,3278.4000,3278.0000,3277.8000,3277.6000,3279.4000,3279.6000,3279.8000,3280.0000,3281.8000,1,2,1,1,1,1,1,1,1,1
SF,IH2008,2020-08-21 09:32:04.500,3279.6000,11482,-2,856882440.000,2,0,2,双平,S,3279.4000,3278.6000,3278.4000,3277.8000,3277.6000,3279.8000,3280.0000,3281.8000,3282.0000,3283.0000,1,1,2,1,1,1,1,1,1,2
SF,IH2008,2020-08-21 09:32:05.000,3279.4000,11481,-1,857866260.000,1,0,1,双平,S,3278.6000,3278.4000,3277.8000,3277.6000,3277.0000,3279.8000,3280.0000,3281.8000,3282.0000,3283.0000,1,2,1,1,1,1,1,1,1,2
SF,IH2008,2020-08-21 09:32:05.500,3279.8000,11480,-1,859834020.000,2,0,2,多平,S,3278.6000,3278.4000,3277.8000,3277.6000,3277.0000,3280.0000,3281.8000,3282.0000,3283.0000,3284.0000,1,1,1,1,1,1,1,1,2,2
SF,IH2008,2020-08-21 09:32:06.000,3279.8000,11480,0,859834020.000,0,-,-,-,-,3278.6000,3277.8000,3277.6000,3277.0000,3276.6000,3280.0000,3281.6000,3281.8000,3282.0000,3283.0000,1,1,1,1,1,1,1,1,1,2
SF,IH2008,2020-08-21 09:32:06.500,3280.0000,11479,-1,860818020.000,1,0,1,双平,S,3279.2000,3278.6000,3278.0000,3277.8000,3277.6000,3279.6000,3281.6000,3281.8000,3282.0000,3283.0000,1,1,3,1,1,1,1,1,1,2
SF,IH2008,2020-08-21 09:32:07.000,3279.4000,11478,-1,861801840.000,1,0,1,双平,S,3279.4000,3278.6000,3278.0000,3277.8000,3277.6000,3279.6000,3281.6000,3281.8000,3282.0000,3283.0000,1,1,1,1,1,1,1,1,1,2
SF,IH2008,2020-08-21 09:32:07.500,3279.4000,11477,-1,862785660.000,1,0,1,双平,S,3278.6000,3278.0000,3277.8000,3277.6000,3277.0000,3279.4000,3279.6000,3281.6000,3281.8000,3282.0000,1,1,1,1,1,4,1,1,1,1
SF,IH2008,2020-08-21 09:32:08.000,3279.4000,11477,0,862785660.000,0,-,-,-,-,3278.6000,3277.8000,3277.6000,3277.0000,3276.6000,3279.2000,3279.4000,3279.6000,3281.6000,3281.8000,1,1,1,1,1,1,1,1,1,1
SF,IH2008,2020-08-21 09:32:08.500,3279.4000,11475,-2,864753300.000,2,0,2,双平,S,3278.6000,3277.8000,3277.6000,3277.0000,3276.6000,3279.4000,3279.6000,3279.8000,3281.6000,3281.8000,1,1,1,1,2,1,1,1,1,1
SF,IH2008,2020-08-21 09:32:09.000,3279.4000,11473,-2,866720940.000,2,0,2,双平,S,3278.6000,3277.8000,3277.6000,3277.0000,3276.8000,3279.2000,3279.6000,3279.8000,3281.6000,3281.8000,1,1,1,1,1,1,1,1,1,1
SF,IH2008,2020-08-21 09:32:09.500,3277.8000,11472,-1,868687860.000,2,0,2,多平,S,3277.6000,3277.0000,3276.8000,3276.6000,3276.4000,3279.6000,3279.8000,3281.6000,3281.8000,3282.0000,1,1,1,2,1,1,1,1,1,1
SF,IH2008,2020-08-21 09:32:10.000,3279.0000,11471,-1,869671560.000,1,0,1,双平,S,3277.8000,3277.6000,3277.0000,3276.8000,3276.6000,3279.4000,3279.6000,3279.8000,3281.6000,3281.8000,1,1,2,1,2,3,1,1,1,1
SF,IH2008,2020-08-21 09:32:10.500,3279.2000,11470,-1,870655320.000,1,0,1,双平,S,3277.8000,3277.6000,3277.2000,3277.0000,3276.8000,3279.2000,3279.4000,3279.6000,3279.8000,3281.6000,2,1,1,2,1,3,3,1,1,1
SF,IH2008,2020-08-21 09:32:11.000,3279.2000,11470,0,870655320.000,0,-,-,-,-,3277.8000,3277.6000,3277.2000,3277.0000,3276.8000,3279.0000,3279.2000,3279.4000,3279.6000,3279.8000,1,1,1,2,1,1,3,1,1,1
SF,IH2008,2020-08-21 09:32:11.500,3279.2000,11470,0,870655320.000,0,-,-,-,-,3277.8000,3277.6000,3277.2000,3277.0000,3276.8000,3279.0000,3279.2000,3279.4000,3279.6000,3279.8000,1,1,1,2,1,1,3,1,1,1
SF,IH2008,2020-08-21 09:32:12.500,3279.2000,11470,0,870655320.000,0,-,-,-,-,3277.6000,3277.4000,3277.2000,3277.0000,3276.8000,3279.0000,3279.2000,3279.4000,3279.6000,3279.8000,1,1,1,2,1,1,3,1,1,1
SF,IH2008,2020-08-21 09:32:13.000,3279.2000,11467,-3,873606600.000,3,0,3,双平,S,3278.4000,3278.0000,3277.6000,3277.4000,3277.2000,3279.4000,3279.6000,3279.8000,3281.6000,3281.8000,1,1,1,1,1,1,1,1,1,1
SF,IH2008,2020-08-21 09:32:13.500,3279.2000,11467,0,873606600.000,0,-,-,-,-,3278.4000,3278.0000,3277.6000,3277.4000,3277.2000,3279.6000,3279.8000,3281.6000,3281.8000,3282.0000,1,1,1,1,1,1,1,1,1,1
SF,IH2008,2020-08-21 09:32:14.000,3278.6000,11466,-1,874590180.000,1,0,1,双平,S,3278.0000,3277.6000,3277.4000,3277.2000,3277.0000,3279.4000,3279.6000,3279.8000,3281.6000,3281.8000,1,1,1,1,2,1,1,1,1,1
SF,IH2008,2020-08-21 09:32:14.500,3278.6000,11466,0,874590180.000,0,-,-,-,-,3278.0000,3277.6000,3277.4000,3277.2000,3277.0000,3279.4000,3279.6000,3279.8000,3281.6000,3281.8000,1,1,1,1,2,2,1,1,1,1
SF,IH2008,2020-08-21 09:32:15.500,3278.0000,11465,-1,875573580.000,1,0,1,双平,S,3278.0000,3277.8000,3277.6000,3277.4000,3277.2000,3278.6000,3279.4000,3279.6000,3279.8000,3281.6000,1,1,1,1,1,1,2,1,1,1
SF,IH2008,2020-08-21 09:32:16.000,3278.0000,11465,0,875573580.000,0,-,-,-,-,3278.2000,3278.0000,3277.8000,3277.6000,3277.4000,3278.4000,3278.6000,3279.6000,3279.8000,3281.6000,1,1,1,1,1,1,1,1,1,1
SF,IH2008,2020-08-21 09:32:16.500,3278.6000,11463,-2,877540680.000,2,0,2,双平,S,3278.6000,3278.2000,3278.0000,3277.8000,3277.6000,3279.6000,3279.8000,3281.6000,3281.8000,3282.0000,1,2,1,1,1,1,1,1,1,1
SF,IH2008,2020-08-21 09:32:17.000,3278.6000,11462,-1,878524260.000,1,0,1,双平,S,3278.2000,3278.0000,3277.8000,3277.6000,3277.4000,3279.4000,3279.6000,3279.8000,3281.6000,3281.8000,2,1,1,1,1,1,1,1,1,1
SF,IH2008,2020-08-21 09:32:17.500,3279.6000,11460,-2,880491960.000,2,0,2,双平,S,3278.2000,3278.0000,3277.8000,3277.6000,3277.4000,3279.2000,3279.4000,3279.8000,3281.6000,3281.8000,2,1,1,1,1,1,1,1,1,1
SF,IH2008,2020-08-21 09:32:18.000,3279.2000,11458,-2,882459480.000,2,0,2,双平,S,3278.6000,3278.2000,3278.0000,3277.8000,3277.6000,3279.4000,3279.8000,3281.6000,3281.8000,3282.0000,3,2,1,1,1,1,1,1,1,1
SF,IH2008,2020-08-21 09:32:18.500,3279.4000,11456,-2,884427120.000,2,0,2,双平,S,3278.2000,3278.0000,3277.8000,3277.6000,3277.4000,3279.0000,3279.8000,3281.6000,3281.8000,3282.0000,1,1,1,2,1,1,1,1,1,1
SF,IH2008,2020-08-21 09:32:19.000,3279.8000,11454,-2,887378820.000,3,0,3,多平,S,3279.0000,3278.6000,3278.4000,3278.0000,3277.8000,3281.6000,3281.8000,3282.0000,3283.0000,3284.0000,7,1,2,1,1,1,1,1,2,1
SF,IH2008,2020-08-21 09:32:19.500,3281.4000,11450,-4,891316380.000,4,0,4,双平,S,3279.4000,3279.2000,3279.0000,3278.6000,3278.4000,3281.0000,3281.2000,3281.4000,3281.6000,3281.8000,2,8,1,1,2,1,2,3,1,1
SF,IH2008,2020-08-21 09:32:20.000,3281.4000,11450,0,891316380.000,0,-,-,-,-,3279.4000,3279.2000,3279.0000,3278.6000,3278.4000,3281.0000,3281.2000,3281.4000,3281.6000,3281.8000,2,7,2,1,2,1,2,3,1,1
SF,IH2008,2020-08-21 09:32:20.500,3281.4000,11450,0,891316380.000,0,-,-,-,-,3279.4000,3279.2000,3279.0000,3278.6000,3278.4000,3280.8000,3281.0000,3281.2000,3281.4000,3281.6000,2,7,2,1,1,1,1,2,3,1
SF,IH2008,2020-08-21 09:32:21.000,3281.4000,11450,0,891316380.000,0,-,-,-,-,3279.4000,3279.2000,3279.0000,3278.6000,3278.2000,3280.8000,3281.0000,3281.2000,3281.4000,3281.6000,2,5,2,1,2,2,1,2,3,1
SF,IH2008,2020-08-21 09:32:21.500,3279.4000,11449,-1,892300200.000,1,0,1,双平,S,3279.4000,3279.2000,3279.0000,3278.6000,3278.4000,3280.6000,3280.8000,3281.0000,3281.2000,3281.4000,1,5,6,1,1,1,2,1,2,3
SF,IH2008,2020-08-21 09:32:22.000,3280.4000,11448,-1,893284320.000,1,0,1,双平,S,3279.6000,3279.4000,3279.2000,3279.0000,3278.6000,3280.6000,3280.8000,3281.0000,3281.2000,3281.4000,2,1,3,6,1,1,1,1,2,3
SF,IH2008,2020-08-21 09:32:22.500,3279.4000,11445,-3,896235900.000,3,0,3,双平,S,3279.2000,3279.0000,3278.6000,3278.4000,3278.2000,3279.4000,3279.6000,3280.4000,3280.6000,3280.8000,3,6,1,1,2,2,4,1,1,1
SF,IH2008,2020-08-21 09:32:23.000,3279.0000,11437,-8,905089380.000,9,0,9,多平,S,3278.8000,3278.6000,3278.4000,3278.2000,3278.0000,3279.0000,3279.6000,3280.4000,3280.6000,3280.8000,1,1,1,2,2,6,4,1,1,1
SF,IH2008,2020-08-21 09:32:23.500,3278.8000,11430,-7,911975040.000,7,0,7,双平,S,3279.0000,3278.4000,3278.2000,3278.0000,3277.8000,3279.6000,3280.6000,3280.8000,3281.4000,3281.6000,2,1,2,2,2,4,1,1,2,1
SF,IH2008,2020-08-21 09:32:24.000,3278.8000,11428,-2,913942320.000,2,0,2,双平,S,3279.0000,3278.4000,3278.2000,3278.0000,3277.8000,3279.6000,3280.6000,3281.4000,3281.6000,3281.8000,1,1,2,2,2,3,1,2,1,1
SF,IH2008,2020-08-21 09:32:24.500,3279.6000,11426,-2,915910020.000,2,0,2,双平,S,3278.4000,3278.2000,3278.0000,3277.8000,3277.6000,3279.6000,3280.6000,3281.4000,3281.6000,3281.8000,1,2,2,2,3,2,1,2,1,1
SF,IH2008,2020-08-21 09:32:25.000,3279.6000,11426,0,915910020.000,0,-,-,-,-,3278.6000,3278.4000,3278.2000,3278.0000,3277.8000,3279.4000,3279.6000,3280.4000,3280.6000,3281.4000,1,1,2,2,2,1,2,2,1,2
SF,IH2008,2020-08-21 09:32:25.500,3279.6000,11426,0,915910020.000,0,-,-,-,-,3278.8000,3278.6000,3278.4000,3278.2000,3278.0000,3279.4000,3279.6000,3280.4000,3280.6000,3281.4000,1,2,1,2,2,1,2,2,1,2
SF,IH2008,2020-08-21 09:32:26.000,3279.4000,11425,-1,916893840.000,1,0,1,双平,S,3278.8000,3278.6000,3278.4000,3278.2000,3278.0000,3279.2000,3279.6000,3280.4000,3280.6000,3281.4000,2,1,1,2,2,1,2,2,1,2
SF,IH2008,2020-08-21 09:32:26.500,3278.8000,11422,-3,919844940.000,3,0,3,双平,S,3278.4000,3278.2000,3278.0000,3277.8000,3277.6000,3279.2000,3279.6000,3280.4000,3280.6000,3281.4000,1,2,2,2,3,1,2,2,1,2
SF,IH2008,2020-08-21 09:32:27.000,3278.8000,11422,0,919844940.000,0,-,-,-,-,3278.6000,3278.4000,3278.2000,3278.0000,3277.8000,3279.6000,3280.4000,3280.6000,3281.4000,3281.8000,1,2,2,2,2,2,2,1,2,1
SF,IH2008,2020-08-21 09:32:27.500,3278.8000,11422,0,919844940.000,0,-,-,-,-,3278.6000,3278.4000,3278.2000,3278.0000,3277.8000,3279.0000,3279.6000,3280.4000,3280.6000,3281.4000,2,2,2,2,2,1,2,2,1,2
SF,IH2008,2020-08-21 09:32:28.000,3278.8000,11421,-1,920828580.000,1,0,1,双平,S,3278.6000,3278.4000,3278.2000,3278.0000,3277.8000,3279.0000,3279.6000,3280.4000,3280.6000,3281.4000,2,2,2,2,2,1,2,2,1,2
SF,IH2008,2020-08-21 09:32:28.500,3278.8000,11418,-3,923779500.000,3,0,3,双平,S,3278.6000,3278.4000,3278.2000,3278.0000,3277.8000,3279.6000,3280.4000,3280.6000,3281.4000,3281.8000,1,4,2,2,2,2,2,1,2,1
SF,IH2008,2020-08-21 09:32:29.000,3279.6000,11417,-1,924763380.000,1,0,1,双平,S,3278.6000,3278.4000,3278.2000,3278.0000,3277.8000,3279.6000,3280.4000,3280.6000,3281.4000,3281.8000,1,4,2,2,2,1,2,1,2,1
SF,IH2008,2020-08-21 09:32:29.500,3279.6000,11417,0,924763380.000,0,-,-,-,-,3278.6000,3278.4000,3278.2000,3278.0000,3277.8000,3279.6000,3280.4000,3280.6000,3281.4000,3281.8000,1,4,2,2,2,1,2,1,2,1
SF,IH2008,2020-08-21 09:32:30.000,3279.6000,11417,0,924763380.000,0,-,-,-,-,3278.6000,3278.4000,3278.2000,3278.0000,3277.8000,3279.6000,3280.4000,3280.6000,3281.4000,3281.8000,2,4,2,2,2,1,2,1,2,1
SF,IH2008,2020-08-21 09:32:30.500,3279.6000,11417,0,924763380.000,0,-,-,-,-,3278.6000,3278.4000,3278.2000,3278.0000,3277.8000,3279.4000,3279.6000,3280.4000,3280.6000,3281.4000,2,4,2,2,2,1,1,2,1,2
SF,IH2008,2020-08-21 09:32:31.000,3279.6000,11415,-2,926731140.000,2,0,2,双平,S,3278.6000,3278.4000,3278.2000,3278.0000,3277.8000,3280.4000,3280.6000,3281.4000,3281.8000,3283.0000,2,4,2,2,2,2,1,2,1,2
SF,IH2008,2020-08-21 09:32:31.500,3279.2000,11414,-1,927714900.000,1,0,1,双平,S,3278.8000,3278.6000,3278.4000,3278.2000,3278.0000,3280.2000,3280.4000,3280.6000,3281.4000,3281.8000,2,2,4,2,2,2,2,1,2,1
SF,IH2008,2020-08-21 09:32:32.000,3279.2000,11414,0,927714900.000,0,-,-,-,-,3278.6000,3278.4000,3278.2000,3278.0000,3277.8000,3280.2000,3280.4000,3280.6000,3281.4000,3281.8000,2,4,2,2,2,1,2,1,2,1
SF,IH2008,2020-08-21 09:32:32.500,3279.2000,11414,0,927714900.000,0,-,-,-,-,3279.4000,3278.6000,3278.4000,3278.2000,3278.0000,3280.2000,3280.4000,3280.6000,3281.4000,3281.8000,2,2,4,2,2,1,2,1,2,1
SF,IH2008,2020-08-21 09:32:33.000,3280.0000,11413,-1,928698900.000,1,0,1,双平,S,3279.4000,3278.6000,3278.4000,3278.2000,3278.0000,3280.0000,3280.2000,3280.6000,3281.4000,3281.8000,2,2,4,2,2,1,1,1,2,1
SF,IH2008,2020-08-21 09:32:33.500,3279.4000,11411,-2,930666720.000,2,0,2,双平,S,3279.4000,3278.6000,3278.4000,3278.2000,3278.0000,3280.2000,3280.6000,3281.4000,3281.8000,3283.0000,1,2,4,2,2,1,1,2,1,2
SF,IH2008,2020-08-21 09:32:34.000,3279.4000,11411,0,930666720.000,0,-,-,-,-,3279.4000,3278.6000,3278.4000,3278.2000,3278.0000,3280.0000,3280.2000,3280.6000,3281.0000,3281.4000,1,2,4,2,2,1,1,1,2,2
SF,IH2008,2020-08-21 09:32:34.500,3279.4000,11410,-1,931650540.000,1,0,1,双平,S,3278.6000,3278.4000,3278.2000,3278.0000,3277.8000,3279.4000,3280.0000,3280.2000,3280.6000,3281.0000,2,4,2,2,2,5,1,1,1,2
SF,IH2008,2020-08-21 09:32:35.000,3279.4000,11410,0,931650540.000,0,-,-,-,-,3279.2000,3278.8000,3278.6000,3278.4000,3278.2000,3279.4000,3280.2000,3280.6000,3281.0000,3281.4000,1,1,2,4,2,5,1,1,2,2
SF,IH2008,2020-08-21 09:32:36.000,3279.2000,11410,0,932634300.000,1,0,1,多换,S,3278.6000,3278.4000,3278.2000,3278.0000,3277.8000,3279.2000,3279.4000,3280.2000,3280.6000,3281.0000,2,4,2,2,2,1,5,1,1,2
SF,IH2008,2020-08-21 09:32:36.500,3279.2000,11409,-1,933618060.000,1,0,1,双平,S,3278.6000,3278.4000,3278.2000,3278.0000,3277.8000,3279.2000,3279.4000,3280.2000,3281.0000,3281.4000,2,4,2,2,2,2,5,1,2,2
SF,IH2008,2020-08-21 09:32:37.000,3279.2000,11409,0,933618060.000,0,-,-,-,-,3278.6000,3278.4000,3278.2000,3278.0000,3277.8000,3278.8000,3279.2000,3279.4000,3280.2000,3281.0000,2,4,2,2,2,1,2,5,1,2
SF,IH2008,2020-08-21 09:32:37.500,3279.2000,11408,-1,935585460.000,2,0,2,多平,S,3279.2000,3278.6000,3278.4000,3278.2000,3278.0000,3279.4000,3280.2000,3281.0000,3281.4000,3281.8000,2,2,4,2,2,5,1,2,2,1
SF,IH2008,2020-08-21 09:32:38.000,3279.2000,11408,0,937552980.000,2,1,1,多换,S,3279.0000,3278.8000,3278.6000,3278.4000,3278.2000,3279.2000,3279.4000,3280.2000,3281.0000,3281.4000,1,1,2,4,2,1,5,1,2,2
SF,IH2008,2020-08-21 09:32:38.500,3278.6000,11404,-4,941487660.000,4,0,4,双平,S,3279.2000,3278.6000,3278.4000,3278.2000,3278.0000,3279.4000,3280.2000,3281.0000,3281.4000,3281.8000,1,1,4,2,2,5,1,2,2,1
SF,IH2008,2020-08-21 09:32:39.000,3279.2000,11402,-2,943455180.000,2,0,2,双平,S,3278.6000,3278.4000,3278.2000,3278.0000,3277.8000,3279.0000,3279.2000,3279.4000,3280.2000,3281.0000,1,4,2,2,2,1,2,5,1,2
SF,IH2008,2020-08-21 09:32:39.500,3279.2000,11402,0,943455180.000,0,-,-,-,-,3278.6000,3278.4000,3278.2000,3278.0000,3277.8000,3279.2000,3279.4000,3280.2000,3280.4000,3281.0000,1,4,2,2,2,2,5,1,1,2
SF,IH2008,2020-08-21 09:32:40.000,3279.2000,11402,0,944438940.000,1,0,1,多换,S,3278.8000,3278.6000,3278.4000,3278.2000,3278.0000,3279.0000,3279.4000,3280.2000,3280.4000,3281.0000,1,1,4,2,2,1,5,1,1,2
SF,IH2008,2020-08-21 09:32:40.500,3279.0000,11399,-3,947389920.000,3,0,3,双平,S,3278.4000,3278.2000,3278.0000,3277.8000,3277.6000,3278.6000,3279.4000,3280.2000,3280.4000,3281.0000,4,2,2,2,3,1,5,1,1,2
SF,IH2008,2020-08-21 09:32:41.000,3279.4000,11397,-2,950341260.000,3,0,3,多平,S,3279.2000,3279.0000,3278.8000,3278.6000,3278.4000,3279.4000,3279.6000,3280.2000,3280.4000,3281.0000,1,4,2,4,4,3,1,1,1,2
SF,IH2008,2020-08-21 09:32:41.500,3279.2000,11392,-5,955260360.000,5,0,5,双平,S,3279.2000,3279.0000,3278.8000,3278.6000,3278.4000,3280.2000,3280.4000,3281.0000,3281.4000,3281.8000,1,1,2,5,4,1,1,2,2,1
SF,IH2008,2020-08-21 09:32:42.000,3279.2000,11392,0,955260360.000,0,-,-,-,-,3279.2000,3279.0000,3278.8000,3278.6000,3278.4000,3279.6000,3280.2000,3280.4000,3281.0000,3281.4000,1,1,2,5,4,1,1,1,2,2
SF,IH2008,2020-08-21 09:32:42.500,3279.2000,11392,0,955260360.000,0,-,-,-,-,3279.2000,3279.0000,3278.8000,3278.6000,3278.4000,3279.4000,3279.6000,3280.2000,3280.4000,3281.0000,1,1,2,5,4,1,1,1,1,2
SF,IH2008,2020-08-21 09:32:43.000,3279.4000,11391,-1,956244180.000,1,0,1,双平,S,3279.2000,3279.0000,3278.8000,3278.6000,3278.4000,3279.6000,3280.2000,3280.4000,3281.0000,3281.4000,6,1,3,5,4,1,1,1,2,2
SF,IH2008,2020-08-21 09:32:43.500,3279.6000,11390,-1,957228060.000,1,0,1,双平,S,3279.6000,3279.4000,3279.2000,3279.0000,3278.8000,3280.2000,3280.4000,3281.0000,3281.4000,3281.8000,2,3,6,1,3,1,1,2,2,1
SF,IH2008,2020-08-21 09:32:44.000,3279.8000,11388,-2,959195880.000,2,0,2,双平,S,3279.2000,3279.0000,3278.8000,3278.6000,3278.4000,3280.0000,3280.2000,3280.4000,3281.0000,3281.4000,6,1,3,5,4,1,1,1,2,2
SF,IH2008,2020-08-21 09:32:44.500,3280.0000,11387,-1,960179880.000,1,0,1,双平,S,3279.2000,3279.0000,3278.8000,3278.6000,3278.4000,3280.2000,3280.4000,3281.0000,3281.4000,3281.8000,7,1,3,5,4,1,1,2,2,1
SF,IH2008,2020-08-21 09:32:45.000,3280.0000,11387,0,960179880.000,0,-,-,-,-,3279.2000,3279.0000,3278.8000,3278.6000,3278.4000,3280.0000,3280.2000,3280.4000,3281.0000,3281.4000,7,1,3,5,4,1,1,1,2,2
SF,IH2008,2020-08-21 09:32:45.500,3279.6000,11384,-3,963131820.000,3,0,3,双平,S,3279.6000,3279.4000,3279.2000,3279.0000,3278.8000,3280.4000,3281.0000,3281.4000,3281.8000,3283.0000,2,1,7,1,3,1,2,2,1,2
SF,IH2008,2020-08-21 09:32:46.000,3280.4000,11385,1,964115940.000,1,1,0,双开,S,3279.4000,3279.2000,3279.0000,3278.8000,3278.6000,3281.0000,3281.4000,3281.8000,3283.0000,3284.8000,2,7,1,3,5,2,2,1,2,1
SF,IH2008,2020-08-21 09:32:46.500,3280.6000,11382,-3,967068720.000,3,0,3,双平,S,3280.6000,3279.4000,3279.2000,3279.0000,3278.8000,3281.4000,3281.8000,3283.0000,3285.0000,3285.4000,1,2,7,1,3,2,1,2,1,1
SF,IH2008,2020-08-21 09:32:47.000,3280.6000,11382,0,967068720.000,0,-,-,-,-,3280.6000,3279.8000,3279.6000,3279.4000,3279.2000,3281.4000,3281.8000,3283.0000,3285.0000,3285.4000,4,1,2,2,7,2,1,2,1,1
SF,IH2008,2020-08-21 09:32:47.500,3280.6000,11382,0,967068720.000,0,-,-,-,-,3280.6000,3279.8000,3279.6000,3279.4000,3279.2000,3281.8000,3283.0000,3285.0000,3285.4000,3286.8000,4,1,2,3,7,1,2,1,1,1
SF,IH2008,2020-08-21 09:32:48.000,3280.6000,11382,0,967068720.000,0,-,-,-,-,3280.6000,3279.8000,3279.6000,3279.4000,3279.2000,3281.8000,3282.8000,3283.0000,3285.0000,3285.4000,4,1,2,3,7,1,2,2,1,1
SF,IH2008,2020-08-21 09:32:48.500,3280.6000,11382,0,967068720.000,0,-,-,-,-,3280.6000,3279.8000,3279.6000,3279.4000,3279.2000,3281.6000,3281.8000,3282.2000,3282.8000,3283.0000,4,1,2,3,7,2,1,1,2,2
SF,IH2008,2020-08-21 09:32:49.000,3280.6000,11382,0,967068720.000,0,-,-,-,-,3280.6000,3279.8000,3279.6000,3279.4000,3279.2000,3281.6000,3281.8000,3282.2000,3282.8000,3283.0000,4,1,3,3,7,2,1,1,2,2
SF,IH2008,2020-08-21 09:32:49.500,3281.8000,11378,-4,971006760.000,4,0,4,双平,S,3281.6000,3280.8000,3280.6000,3280.2000,3279.8000,3282.8000,3283.0000,3285.0000,3285.4000,3286.8000,2,1,4,2,2,2,2,1,1,1
SF,IH2008,2020-08-21 09:32:50.000,3281.8000,11378,0,971006760.000,0,-,-,-,-,3281.0000,3280.8000,3280.6000,3280.2000,3279.8000,3282.8000,3283.0000,3285.0000,3285.4000,3286.8000,2,1,4,2,2,1,2,1,1,1
SF,IH2008,2020-08-21 09:32:50.500,3281.8000,11378,0,971006760.000,0,-,-,-,-,3281.2000,3281.0000,3280.8000,3280.6000,3280.2000,3282.8000,3283.0000,3285.0000,3285.4000,3286.8000,1,2,1,4,2,1,2,1,1,1
SF,IH2008,2020-08-21 09:32:51.000,3281.8000,11378,0,971006760.000,0,-,-,-,-,3281.2000,3281.0000,3280.8000,3280.6000,3280.2000,3282.6000,3282.8000,3283.0000,3285.0000,3285.4000,1,2,1,4,2,1,1,2,1,1
SF,IH2008,2020-08-21 09:32:51.500,3282.4000,11377,-1,971991480.000,1,0,1,双平,S,3281.2000,3281.0000,3280.6000,3280.2000,3279.8000,3282.6000,3282.8000,3283.0000,3285.0000,3285.4000,1,2,4,2,2,1,1,2,1,1
SF,IH2008,2020-08-21 09:32:52.000,3282.4000,11377,0,971991480.000,0,-,-,-,-,3281.0000,3280.6000,3280.2000,3279.8000,3279.6000,3282.4000,3282.6000,3282.8000,3283.0000,3285.0000,2,4,2,2,2,1,1,1,2,1
SF,IH2008,2020-08-21 09:32:52.500,3282.4000,11377,0,971991480.000,0,-,-,-,-,3280.6000,3280.2000,3279.8000,3279.6000,3279.4000,3282.2000,3282.4000,3282.8000,3283.0000,3285.0000,4,2,2,2,3,1,1,4,2,1
SF,IH2008,2020-08-21 09:32:54.000,3280.6000,11373,-4,975928200.000,4,0,4,双平,S,3281.0000,3280.2000,3280.0000,3279.8000,3279.6000,3281.2000,3282.0000,3282.2000,3282.4000,3282.8000,1,2,1,1,2,1,1,1,1,4
SF,IH2008,2020-08-21 09:32:54.500,3281.0000,11372,-1,976912500.000,1,0,1,双平,S,3280.2000,3280.0000,3279.8000,3279.6000,3279.4000,3280.8000,3281.0000,3281.2000,3281.8000,3282.0000,2,1,1,2,1,5,7,1,1,1
SF,IH2008,2020-08-21 09:32:55.000,3279.8000,11367,-5,981832560.000,5,0,5,双平,S,3279.6000,3279.4000,3279.2000,3279.0000,3278.8000,3280.6000,3280.8000,3281.0000,3281.2000,3282.0000,2,1,7,1,4,2,2,6,1,1
SF,IH2008,2020-08-21 09:32:55.500,3280.2000,11363,-4,985768200.000,4,0,4,双平,S,3279.2000,3279.0000,3278.8000,3278.6000,3278.4000,3280.4000,3280.6000,3280.8000,3281.0000,3281.2000,7,1,4,2,4,2,2,1,4,1
SF,IH2008,2020-08-21 09:32:56.000,3280.4000,11361,-2,987736440.000,2,0,2,双平,S,3279.2000,3279.0000,3278.8000,3278.6000,3278.4000,3280.2000,3280.6000,3280.8000,3281.0000,3281.2000,7,1,4,2,4,1,1,1,3,1
SF,IH2008,2020-08-21 09:32:56.500,3280.8000,11356,-5,992656800.000,5,0,5,双平,S,3279.4000,3279.2000,3279.0000,3278.8000,3278.6000,3281.0000,3281.2000,3282.0000,3282.8000,3283.0000,2,7,1,4,2,3,1,1,4,2
SF,IH2008,2020-08-21 09:32:57.000,3280.8000,11356,0,992656800.000,0,-,-,-,-,3279.4000,3279.2000,3279.0000,3278.8000,3278.6000,3281.0000,3281.2000,3282.0000,3282.8000,3283.0000,1,7,1,4,2,3,1,1,4,2
SF,IH2008,2020-08-21 09:32:57.500,3280.8000,11356,0,992656800.000,0,-,-,-,-,3280.2000,3279.4000,3279.2000,3279.0000,3278.8000,3281.0000,3281.2000,3282.0000,3282.8000,3283.0000,1,1,7,1,4,1,1,1,4,2
SF,IH2008,2020-08-21 09:32:58.000,3280.2000,11355,-1,994625160.000,2,0,2,多平,S,3279.4000,3279.2000,3279.0000,3278.8000,3278.6000,3281.2000,3282.0000,3282.8000,3283.0000,3285.0000,1,7,1,4,2,1,1,4,2,3
SF,IH2008,2020-08-21 09:32:58.500,3280.2000,11355,0,994625160.000,0,-,-,-,-,3279.4000,3279.2000,3279.0000,3278.8000,3278.6000,3281.2000,3281.8000,3282.0000,3282.8000,3283.0000,1,7,1,4,2,1,2,1,4,2
SF,IH2008,2020-08-21 09:32:59.000,3280.2000,11355,0,994625160.000,0,-,-,-,-,3279.4000,3279.2000,3279.0000,3278.8000,3278.6000,3281.2000,3281.8000,3282.0000,3282.8000,3283.0000,2,7,1,4,2,1,2,1,4,2
SF,IH2008,2020-08-21 09:32:59.500,3280.2000,11355,0,994625160.000,0,-,-,-,-,3279.4000,3279.2000,3279.0000,3278.8000,3278.6000,3281.2000,3281.8000,3282.0000,3282.8000,3283.0000,1,7,1,5,2,1,2,1,4,2
SF,IH2008,2020-08-21 09:33:00.000,3280.2000,11355,0,994625160.000,0,-,-,-,-,3279.4000,3279.2000,3279.0000,3278.8000,3278.6000,3280.8000,3281.2000,3281.8000,3282.0000,3282.8000,1,7,1,5,2,1,1,2,1,4
SF,IH2008,2020-08-21 09:33:00.500,3281.2000,11353,-2,996593760.000,2,0,2,双平,S,3279.6000,3279.4000,3279.2000,3279.0000,3278.8000,3281.8000,3282.0000,3282.8000,3283.0000,3285.0000,1,2,7,1,5,2,1,4,2,3
SF,IH2008,2020-08-21 09:33:01.000,3281.2000,11353,0,996593760.000,0,-,-,-,-,3281.0000,3279.8000,3279.4000,3279.2000,3279.0000,3281.4000,3281.6000,3281.8000,3282.0000,3282.8000,2,3,3,7,1,1,5,2,1,4
SF,IH2008,2020-08-21 09:33:01.500,3281.0000,11351,-2,998562360.000,2,0,2,双平,S,3279.8000,3279.4000,3279.2000,3279.0000,3278.8000,3280.8000,3281.2000,3281.6000,3282.0000,3282.8000,3,3,7,2,5,2,1,5,1,4
SF,IH2008,2020-08-21 09:33:02.000,3281.0000,11350,-1,999546660.000,1,0,1,双平,S,3280.4000,3280.2000,3280.0000,3279.4000,3279.2000,3280.6000,3281.0000,3281.6000,3282.0000,3282.8000,1,1,1,3,7,1,1,2,1,3
SF,IH2008,2020-08-21 09:33:02.500,3280.2000,11348,-2,1001514960.000,2,0,2,双平,S,3280.0000,3279.4000,3279.2000,3279.0000,3278.8000,3280.2000,3280.4000,3281.0000,3281.6000,3282.0000,1,3,7,2,5,1,1,1,1,1
SF,IH2008,2020-08-21 09:33:03.000,3280.2000,11347,-1,1002499020.000,1,0,1,双平,S,3279.6000,3279.4000,3279.2000,3279.0000,3278.8000,3280.0000,3280.4000,3281.0000,3281.6000,3282.0000,1,3,7,2,5,1,1,1,1,1
SF,IH2008,2020-08-21 09:33:03.500,3280.2000,11345,-2,1004467140.000,2,0,2,双平,S,3280.2000,3280.0000,3279.6000,3279.4000,3279.2000,3281.0000,3281.6000,3282.0000,3282.8000,3283.0000,4,2,1,3,10,1,1,1,3,2
SF,IH2008,2020-08-21 09:33:04.000,3280.2000,11345,0,1004467140.000,0,-,-,-,-,3280.0000,3279.6000,3279.4000,3279.2000,3279.0000,3280.8000,3281.0000,3281.6000,3282.8000,3283.0000,1,1,3,10,2,1,1,2,3,2
SF,IH2008,2020-08-21 09:33:04.500,3280.2000,11345,0,1004467140.000,0,-,-,-,-,3280.0000,3279.6000,3279.4000,3279.2000,3279.0000,3280.2000,3280.8000,3281.0000,3281.6000,3282.8000,1,1,3,10,2,1,3,1,2,3
SF,IH2008,2020-08-21 09:33:05.000,3281.0000,11341,-4,1008403560.000,4,0,4,双平,S,3279.8000,3279.6000,3279.4000,3279.2000,3279.0000,3280.0000,3281.6000,3282.8000,3283.0000,3285.0000,1,1,3,10,2,1,2,3,2,3
SF,IH2008,2020-08-21 09:33:05.500,3280.0000,11334,-7,1015291500.000,7,0,7,双平,S,3279.6000,3279.4000,3279.2000,3279.0000,3278.8000,3281.4000,3281.6000,3282.8000,3283.0000,3285.0000,1,3,10,2,5,2,2,3,2,3
SF,IH2008,2020-08-21 09:33:06.000,3279.6000,11331,-3,1018243620.000,3,0,3,双平,S,3280.2000,3279.4000,3279.2000,3279.0000,3278.8000,3281.0000,3281.2000,3281.4000,3281.6000,3282.8000,1,3,10,2,5,2,4,2,2,3
SF,IH2008,2020-08-21 09:33:06.500,3280.0000,11330,-1,1020211680.000,2,0,2,多平,S,3279.4000,3279.2000,3279.0000,3278.8000,3278.6000,3280.0000,3280.2000,3280.4000,3280.8000,3281.0000,3,12,2,5,1,2,1,2,1,2
SF,IH2008,2020-08-21 09:33:07.000,3279.8000,11328,-2,1022179440.000,2,0,2,双平,S,3279.6000,3279.4000,3279.2000,3279.0000,3278.8000,3279.8000,3280.0000,3280.2000,3280.4000,3281.0000,1,2,12,2,5,1,1,1,1,2
SF,IH2008,2020-08-21 09:33:07.500,3279.4000,11324,-4,1026114780.000,4,0,4,双平,S,3279.2000,3279.0000,3278.8000,3278.6000,3278.4000,3279.4000,3279.6000,3279.8000,3280.2000,3280.4000,12,2,5,1,4,1,4,1,1,1
SF,IH2008,2020-08-21 09:33:08.000,3279.2000,11320,-4,1030049820.000,4,0,4,双平,S,3279.2000,3279.0000,3278.8000,3278.6000,3278.4000,3279.6000,3280.2000,3280.4000,3281.2000,3281.6000,8,2,5,1,4,2,1,1,2,2
SF,IH2008,2020-08-21 09:33:08.500,3279.4000,11317,-3,1033001160.000,3,0,3,双平,S,3279.2000,3279.0000,3278.8000,3278.6000,3278.4000,3279.4000,3279.6000,3280.4000,3281.2000,3281.6000,6,2,5,1,4,1,2,1,2,2
SF,IH2008,2020-08-21 09:33:09.000,3279.2000,11314,-3,1035952440.000,3,0,3,双平,S,3279.2000,3279.0000,3278.8000,3278.6000,3278.4000,3279.6000,3280.4000,3281.2000,3281.6000,3281.8000,3,2,5,1,4,2,1,2,2,1
SF,IH2008,2020-08-21 09:33:09.500,3279.4000,11313,-1,1036936260.000,1,0,1,双平,S,3279.4000,3279.2000,3279.0000,3278.8000,3278.6000,3279.6000,3280.4000,3281.2000,3281.6000,3281.8000,1,3,2,5,1,2,1,2,2,1
SF,IH2008,2020-08-21 09:33:10.000,3279.2000,11312,-1,1037920020.000,1,0,1,双平,S,3279.2000,3279.0000,3278.8000,3278.6000,3278.4000,3279.4000,3279.6000,3280.4000,3281.2000,3281.6000,2,2,5,1,4,2,2,1,2,2
SF,IH2008,2020-08-21 09:33:10.500,3279.2000,11312,0,1037920020.000,0,-,-,-,-,3279.2000,3279.0000,3278.8000,3278.6000,3278.4000,3279.4000,3279.6000,3280.4000,3280.6000,3281.2000,2,2,5,1,4,2,2,1,2,1
SF,IH2008,2020-08-21 09:33:11.000,3279.4000,11310,-2,1039887660.000,2,0,2,双平,S,3279.4000,3279.2000,3279.0000,3278.8000,3278.6000,3279.6000,3280.4000,3280.6000,3281.2000,3281.6000,1,2,2,5,1,2,1,2,1,2
SF,IH2008,2020-08-21 09:33:11.500,3279.4000,11308,-2,1041855360.000,2,0,2,双平,S,3279.2000,3279.0000,3278.8000,3278.6000,3278.4000,3279.6000,3280.4000,3280.6000,3281.2000,3281.6000,2,2,5,1,4,1,1,2,1,2
SF,IH2008,2020-08-21 09:33:12.000,3279.6000,11307,-1,1042839240.000,1,0,1,双平,S,3279.2000,3279.0000,3278.8000,3278.6000,3278.4000,3279.4000,3280.4000,3280.6000,3281.2000,3281.6000,3,2,5,1,4,1,1,2,1,2
SF,IH2008,2020-08-21 09:33:12.500,3279.2000,11304,-3,1045790520.000,3,0,3,双平,S,3279.0000,3278.8000,3278.6000,3278.4000,3278.2000,3279.4000,3280.4000,3280.6000,3281.2000,3281.6000,2,5,1,4,7,1,1,2,1,2
SF,IH2008,2020-08-21 09:33:13.000,3279.0000,11302,-2,1047757920.000,2,0,2,双平,S,3278.8000,3278.6000,3278.4000,3278.2000,3278.0000,3279.2000,3279.4000,3280.4000,3280.6000,3281.2000,5,1,4,7,2,1,1,1,2,1
SF,IH2008,2020-08-21 09:33:13.500,3279.0000,11302,0,1047757920.000,0,-,-,-,-,3278.8000,3278.6000,3278.4000,3278.2000,3278.0000,3279.2000,3279.4000,3280.4000,3280.6000,3281.2000,5,1,4,7,2,1,1,1,2,1
SF,IH2008,2020-08-21 09:33:14.000,3279.0000,11302,0,1047757920.000,0,-,-,-,-,3278.8000,3278.6000,3278.4000,3278.2000,3278.0000,3279.0000,3279.2000,3279.4000,3280.0000,3280.4000,5,1,4,7,2,1,1,1,1,1
SF,IH2008,2020-08-21 09:33:14.500,3278.8000,11298,-4,1052676120.000,5,0,5,多平,S,3278.6000,3278.4000,3278.2000,3278.0000,3277.8000,3279.0000,3279.4000,3280.0000,3280.4000,3280.6000,1,4,7,2,1,1,1,1,1,2
SF,IH2008,2020-08-21 09:33:15.000,3278.8000,11296,-2,1054643340.000,2,0,2,双平,S,3278.4000,3278.2000,3278.0000,3277.8000,3277.6000,3279.0000,3279.2000,3279.4000,3280.0000,3280.4000,4,7,2,1,1,1,1,1,1,1
SF,IH2008,2020-08-21 09:33:15.500,3278.4000,11294,-2,1056610380.000,2,0,2,双平,S,3278.4000,3278.2000,3278.0000,3277.8000,3277.6000,3278.8000,3279.0000,3279.2000,3279.4000,3280.0000,2,7,2,1,1,1,1,1,1,1
SF,IH2008,2020-08-21 09:33:16.000,3278.2000,11290,-4,1060544340.000,4,0,4,双平,S,3278.2000,3278.0000,3277.8000,3277.6000,3277.4000,3278.6000,3278.8000,3279.0000,3279.2000,3279.4000,5,2,1,1,1,1,1,1,1,1
SF,IH2008,2020-08-21 09:33:16.500,3278.4000,11289,-1,1061527860.000,1,0,1,双平,S,3278.2000,3278.0000,3277.8000,3277.6000,3277.4000,3278.6000,3278.8000,3279.0000,3279.2000,3279.4000,5,2,1,1,1,1,1,1,1,1
SF,IH2008,2020-08-21 09:33:17.000,3278.2000,11287,-2,1063494780.000,2,0,2,双平,S,3278.2000,3278.0000,3277.8000,3277.6000,3277.4000,3278.4000,3278.6000,3278.8000,3279.2000,3279.4000,3,2,1,1,1,2,1,1,1,1
SF,IH2008,2020-08-21 09:33:17.500,3278.0000,11282,-5,1068411960.000,5,0,5,双平,S,3277.8000,3277.6000,3277.4000,3277.2000,3277.0000,3278.2000,3278.4000,3278.6000,3278.8000,3279.2000,1,1,1,1,1,3,2,1,1,2
SF,IH2008,2020-08-21 09:33:18.000,3278.0000,11282,0,1068411960.000,0,-,-,-,-,3277.8000,3277.6000,3277.4000,3277.2000,3277.0000,3278.0000,3278.2000,3278.4000,3278.6000,3278.8000,1,1,1,1,1,2,2,2,1,1
SF,IH2008,2020-08-21 09:33:18.500,3277.8000,11281,-1,1069395300.000,1,0,1,双平,S,3277.6000,3277.4000,3277.2000,3277.0000,3276.8000,3277.8000,3278.0000,3278.4000,3278.6000,3278.8000,1,1,1,1,1,1,1,2,1,1
SF,IH2008,2020-08-21 09:33:19.000,3277.6000,11279,-2,1071361920.000,2,0,2,双平,S,3277.4000,3277.2000,3277.0000,3276.8000,3276.6000,3278.0000,3278.4000,3278.6000,3278.8000,3279.2000,1,1,1,1,5,2,1,1,1,1
SF,IH2008,2020-08-21 09:33:19.500,3277.6000,11279,0,1071361920.000,0,-,-,-,-,3277.4000,3277.2000,3277.0000,3276.8000,3276.6000,3277.6000,3277.8000,3278.0000,3278.4000,3278.6000,1,1,1,1,5,1,1,2,1,1
SF,IH2008,2020-08-21 09:33:20.000,3277.4000,11278,-1,1072345140.000,1,0,1,双平,S,3277.2000,3277.0000,3276.8000,3276.6000,3276.4000,3277.6000,3277.8000,3278.0000,3278.4000,3278.6000,1,2,1,5,1,1,1,2,1,1
SF,IH2008,2020-08-21 09:33:20.500,3277.2000,11277,-1,1073328300.000,1,0,1,双平,S,3277.0000,3276.8000,3276.6000,3276.4000,3276.2000,3277.4000,3278.0000,3278.4000,3278.6000,3278.8000,2,1,5,1,2,1,2,1,1,2
SF,IH2008,2020-08-21 09:33:21.000,3277.4000,11276,-1,1074311520.000,1,0,1,双平,S,3277.0000,3276.8000,3276.6000,3276.4000,3276.2000,3277.2000,3277.6000,3278.0000,3278.4000,3278.6000,2,1,5,1,2,1,1,2,1,1
SF,IH2008,2020-08-21 09:33:21.500,3278.0000,11273,-3,1078244760.000,4,0,4,多平,S,3278.0000,3277.4000,3277.2000,3277.0000,3276.8000,3278.4000,3278.6000,3278.8000,3279.2000,3280.0000,25,1,1,2,1,1,1,2,1,1
SF,IH2008,2020-08-21 09:33:22.000,3278.0000,11273,0,1078244760.000,0,-,-,-,-,3278.0000,3277.4000,3277.0000,3276.8000,3276.6000,3278.2000,3278.4000,3278.6000,3278.8000,3279.2000,39,2,2,1,5,1,1,1,2,1
SF,IH2008,2020-08-21 09:33:22.500,3278.4000,11264,-9,1087095540.000,9,0,9,双平,S,3278.0000,3277.4000,3277.2000,3277.0000,3276.8000,3278.6000,3278.8000,3279.2000,3280.0000,3280.6000,33,2,2,2,1,1,2,1,1,2
SF,IH2008,2020-08-21 09:33:23.000,3278.0000,11263,-1,1088078940.000,1,0,1,双平,S,3278.0000,3277.4000,3277.2000,3277.0000,3276.8000,3278.4000,3278.6000,3278.8000,3279.2000,3280.0000,32,2,2,2,1,3,1,2,1,1
SF,IH2008,2020-08-21 09:33:23.500,3278.0000,11253,-10,1097912940.000,10,0,10,双平,S,3278.0000,3277.4000,3277.2000,3277.0000,3276.8000,3278.2000,3278.4000,3278.6000,3278.8000,3279.2000,22,2,2,2,1,1,3,1,2,1
SF,IH2008,2020-08-21 09:33:24.500,3278.0000,11249,-4,1101846840.000,4,0,4,双平,S,3278.0000,3277.4000,3277.2000,3277.0000,3276.8000,3278.4000,3278.6000,3278.8000,3279.2000,3280.0000,21,2,2,2,1,1,1,2,1,1
SF,IH2008,2020-08-21 09:33:25.000,3278.0000,11249,0,1101846840.000,0,-,-,-,-,3278.0000,3277.4000,3277.2000,3277.0000,3276.8000,3278.2000,3278.4000,3278.6000,3278.8000,3280.0000,21,2,2,2,1,3,1,1,2,1
SF,IH2008,2020-08-21 09:33:25.500,3278.2000,11244,-5,1106764020.000,5,0,5,双平,S,3278.0000,3277.4000,3277.2000,3277.0000,3276.8000,3278.2000,3278.6000,3278.8000,3280.0000,3280.6000,19,2,2,2,1,1,1,2,1,2
SF,IH2008,2020-08-21 09:33:26.000,3278.2000,11242,-2,1108730940.000,2,0,2,双平,S,3278.0000,3277.4000,3277.2000,3277.0000,3276.8000,3278.6000,3278.8000,3280.0000,3280.6000,3281.2000,19,2,2,2,1,1,2,1,2,1
SF,IH2008,2020-08-21 09:33:26.500,3278.0000,11237,-5,1113648120.000,5,0,5,双平,S,3278.0000,3277.4000,3277.2000,3277.0000,3276.8000,3278.4000,3278.8000,3280.0000,3280.6000,3281.2000,15,2,2,2,1,2,2,1,2,1
SF,IH2008,2020-08-21 09:33:27.000,3278.4000,11232,-5,1118565960.000,5,0,5,双平,S,3278.0000,3277.4000,3277.2000,3277.0000,3276.8000,3280.0000,3280.6000,3281.2000,3281.6000,3281.8000,15,2,2,2,1,1,2,1,1,1
SF,IH2008,2020-08-21 09:33:27.500,3278.4000,11232,0,1118565960.000,0,-,-,-,-,3278.4000,3278.2000,3278.0000,3277.4000,3277.2000,3279.0000,3279.8000,3280.0000,3280.6000,3281.2000,2,10,15,2,3,1,2,1,2,1
SF,IH2008,2020-08-21 09:33:28.000,3279.0000,11230,-2,1120533360.000,2,0,2,双平,S,3278.6000,3278.4000,3278.2000,3278.0000,3277.4000,3278.8000,3279.8000,3280.0000,3280.6000,3281.2000,2,2,6,15,2,1,2,1,2,1
SF,IH2008,2020-08-21 09:33:28.500,3278.8000,11228,-2,1122500640.000,2,0,2,双平,S,3278.6000,3278.4000,3278.2000,3278.0000,3277.4000,3280.0000,3280.6000,3281.2000,3281.6000,3281.8000,2,2,6,15,3,1,2,1,1,1
SF,IH2008,2020-08-21 09:33:29.000,3278.8000,11228,0,1122500640.000,0,-,-,-,-,3278.6000,3278.4000,3278.2000,3278.0000,3277.6000,3279.8000,3280.0000,3280.6000,3281.2000,3281.6000,2,1,6,15,1,3,1,2,1,1
SF,IH2008,2020-08-21 09:33:29.500,3278.6000,11227,-1,1123484220.000,1,0,1,双平,S,3278.6000,3278.4000,3278.2000,3278.0000,3277.6000,3279.2000,3279.8000,3280.0000,3280.6000,3281.2000,1,1,6,15,1,4,4,1,2,1
SF,IH2008,2020-08-21 09:33:30.000,3278.6000,11226,-1,1124467800.000,1,0,1,双平,S,3278.4000,3278.2000,3278.0000,3277.8000,3277.6000,3279.0000,3279.2000,3279.8000,3280.0000,3280.6000,1,6,15,1,1,2,4,1,1,2
SF,IH2008,2020-08-21 09:33:30.500,3279.2000,11220,-6,1130370240.000,6,0,6,双平,S,3278.4000,3278.2000,3278.0000,3277.8000,3277.6000,3278.8000,3280.0000,3280.6000,3281.2000,3281.6000,1,6,16,1,1,2,1,2,1,1
SF,IH2008,2020-08-21 09:33:31.000,3278.6000,11218,-2,1132337580.000,2,0,2,双平,S,3278.4000,3278.2000,3278.0000,3277.8000,3277.6000,3280.0000,3280.6000,3281.2000,3281.6000,3281.8000,3,7,16,1,1,1,2,1,1,1
SF,IH2008,2020-08-21 09:33:31.500,3278.4000,11214,-4,1136271720.000,4,0,4,双平,S,3278.2000,3278.0000,3277.8000,3277.6000,3277.4000,3278.4000,3279.8000,3280.0000,3280.6000,3281.2000,7,16,1,1,3,1,4,1,2,1
SF,IH2008,2020-08-21 09:33:32.000,3278.4000,11212,-2,1138238760.000,2,0,2,双平,S,3278.2000,3278.0000,3277.8000,3277.6000,3277.4000,3279.8000,3280.0000,3280.6000,3281.2000,3281.6000,8,16,1,1,3,1,1,2,1,1
SF,IH2008,2020-08-21 09:33:32.500,3278.4000,11212,0,1138238760.000,0,-,-,-,-,3278.4000,3278.2000,3278.0000,3277.8000,3277.6000,3279.6000,3279.8000,3280.0000,3280.6000,3281.2000,2,8,16,1,1,2,1,2,2,1
SF,IH2008,2020-08-21 09:33:33.000,3278.4000,11212,0,1138238760.000,0,-,-,-,-,3278.4000,3278.2000,3278.0000,3277.8000,3277.6000,3279.4000,3279.6000,3279.8000,3280.0000,3280.6000,1,7,16,1,1,2,2,1,2,2
SF,IH2008,2020-08-21 09:33:33.500,3279.4000,11210,-2,1140206340.000,2,0,2,双平,S,3278.4000,3278.2000,3278.0000,3277.8000,3277.6000,3279.4000,3279.6000,3279.8000,3280.0000,3280.6000,1,7,16,1,1,2,1,1,2,2
SF,IH2008,2020-08-21 09:33:34.000,3279.4000,11208,-2,1142173980.000,2,0,2,双平,S,3278.4000,3278.2000,3278.0000,3277.8000,3277.6000,3279.2000,3279.6000,3279.8000,3280.0000,3280.6000,1,7,16,1,1,1,1,2,2,2
SF,IH2008,2020-08-21 09:33:34.500,3279.2000,11205,-3,1145125320.000,3,0,3,双平,S,3278.4000,3278.2000,3278.0000,3277.8000,3277.6000,3279.6000,3279.8000,3280.0000,3280.6000,3281.2000,1,7,16,1,1,1,8,2,2,1
SF,IH2008,2020-08-21 09:33:35.000,3279.2000,11205,0,1146109080.000,1,0,1,多换,S,3278.6000,3278.4000,3278.2000,3278.0000,3277.8000,3279.6000,3279.8000,3280.0000,3280.6000,3281.2000,2,1,7,16,1,1,7,2,2,1
SF,IH2008,2020-08-21 09:33:35.500,3279.2000,11205,0,1146109080.000,0,-,-,-,-,3278.6000,3278.4000,3278.2000,3278.0000,3277.8000,3279.6000,3279.8000,3280.0000,3280.6000,3281.2000,2,1,7,17,1,1,7,2,2,1
SF,IH2008,2020-08-21 09:33:36.000,3279.2000,11205,0,1146109080.000,0,-,-,-,-,3278.6000,3278.4000,3278.2000,3278.0000,3277.8000,3279.6000,3279.8000,3280.0000,3280.6000,3281.2000,2,1,7,17,1,1,7,2,2,1
SF,IH2008,2020-08-21 09:33:36.500,3279.2000,11205,0,1146109080.000,0,-,-,-,-,3278.6000,3278.4000,3278.2000,3278.0000,3277.8000,3279.4000,3279.6000,3279.8000,3280.0000,3280.6000,2,2,7,17,1,1,1,7,2,2
SF,IH2008,2020-08-21 09:33:37.000,3279.4000,11204,-1,1147092900.000,1,0,1,双平,S,3279.0000,3278.6000,3278.4000,3278.2000,3278.0000,3279.4000,3279.6000,3279.8000,3280.0000,3280.6000,1,2,2,7,17,1,1,7,1,2
SF,IH2008,2020-08-21 09:33:37.500,3279.0000,11203,-1,1148076600.000,1,0,1,双平,S,3278.4000,3278.2000,3278.0000,3277.8000,3277.6000,3279.0000,3279.4000,3279.6000,3279.8000,3280.0000,2,7,17,1,1,1,1,1,7,2
SF,IH2008,2020-08-21 09:33:38.000,3279.0000,11203,0,1148076600.000,0,-,-,-,-,3278.4000,3278.2000,3278.0000,3277.8000,3277.6000,3278.8000,3279.0000,3279.2000,3279.6000,3279.8000,2,7,17,1,1,1,1,2,2,7
SF,IH2008,2020-08-21 09:33:38.500,3279.0000,11202,-1,1149060300.000,1,0,1,双平,S,3278.6000,3278.4000,3278.2000,3278.0000,3277.8000,3279.0000,3279.2000,3279.6000,3279.8000,3280.0000,1,2,7,17,1,1,2,2,7,2
SF,IH2008,2020-08-21 09:33:39.000,3278.8000,11198,-4,1152995160.000,4,0,4,双平,S,3278.6000,3278.4000,3278.2000,3278.0000,3277.8000,3279.6000,3279.8000,3280.0000,3280.6000,3281.2000,2,2,7,17,1,2,7,2,2,1
SF,IH2008,2020-08-21 09:33:39.500,3278.6000,11197,-1,1153978740.000,1,0,1,双平,S,3278.4000,3278.2000,3278.0000,3277.8000,3277.6000,3279.6000,3279.8000,3280.0000,3280.4000,3280.6000,2,7,17,1,1,2,7,3,1,2
SF,IH2008,2020-08-21 09:33:40.000,3279.6000,11196,-1,1154962620.000,1,0,1,双平,S,3279.0000,3278.4000,3278.2000,3278.0000,3277.8000,3279.6000,3279.8000,3280.0000,3280.4000,3280.6000,1,2,7,17,1,1,7,4,1,2
SF,IH2008,2020-08-21 09:33:41.000,3279.0000,11195,-1,1155946320.000,1,0,1,双平,S,3279.2000,3278.4000,3278.2000,3278.0000,3277.8000,3279.6000,3279.8000,3280.0000,3280.4000,3280.6000,1,2,7,17,1,1,7,4,1,2
SF,IH2008,2020-08-21 09:33:41.500,3279.2000,11194,-1,1156930080.000,1,0,1,双平,S,3278.8000,3278.4000,3278.2000,3278.0000,3277.8000,3279.4000,3279.6000,3279.8000,3280.0000,3280.4000,1,2,7,17,1,1,1,7,4,1
SF,IH2008,2020-08-21 09:33:42.000,3278.4000,11191,-3,1159880760.000,3,0,3,双平,S,3278.2000,3278.0000,3277.8000,3277.6000,3277.4000,3278.4000,3278.8000,3279.2000,3279.4000,3279.6000,7,17,1,1,3,18,1,1,1,1
SF,IH2008,2020-08-21 09:33:42.500,3278.2000,11185,-6,1165781520.000,6,0,6,双平,S,3278.2000,3278.0000,3277.8000,3277.6000,3277.4000,3278.4000,3279.2000,3279.4000,3279.6000,3279.8000,1,17,1,1,3,18,1,1,1,7
SF,IH2008,2020-08-21 09:33:43.000,3278.2000,11184,-1,1166764980.000,1,0,1,双平,S,3278.0000,3277.8000,3277.6000,3277.4000,3277.2000,3278.2000,3278.4000,3279.2000,3279.4000,3279.6000,17,1,1,3,3,1,18,1,1,1
SF,IH2008,2020-08-21 09:33:43.500,3278.0000,11183,-1,1167748380.000,1,0,1,双平,S,3278.2000,3278.0000,3277.8000,3277.6000,3277.4000,3278.4000,3279.2000,3279.4000,3279.6000,3279.8000,2,19,1,1,3,18,1,1,1,7
SF,IH2008,2020-08-21 09:33:44.000,3278.4000,11174,-9,1176600000.000,9,0,9,双平,S,3278.2000,3278.0000,3277.8000,3277.6000,3277.4000,3278.4000,3279.2000,3279.6000,3279.8000,3280.0000,4,19,1,1,3,10,1,1,7,4
SF,IH2008,2020-08-21 09:33:44.500,3278.4000,11164,-10,1186435200.000,10,0,10,双平,S,3278.6000,3278.4000,3278.2000,3278.0000,3277.8000,3279.2000,3279.6000,3279.8000,3280.0000,3280.4000,1,2,4,19,1,1,1,7,4,1
SF,IH2008,2020-08-21 09:33:45.000,3279.0000,11163,-1,1187418900.000,1,0,1,双平,S,3279.2000,3278.6000,3278.4000,3278.2000,3278.0000,3279.6000,3279.8000,3280.0000,3280.4000,3281.0000,1,1,2,4,19,1,8,4,1,3
SF,IH2008,2020-08-21 09:33:45.500,3279.2000,11162,-1,1188402660.000,1,0,1,双平,S,3279.2000,3278.4000,3278.2000,3278.0000,3277.8000,3279.6000,3279.8000,3280.0000,3280.4000,3281.0000,1,2,4,19,1,1,8,4,1,3
SF,IH2008,2020-08-21 09:33:46.000,3279.2000,11161,-1,1189386420.000,1,0,1,双平,S,3278.4000,3278.2000,3278.0000,3277.8000,3277.6000,3279.6000,3279.8000,3280.0000,3280.4000,3281.0000,2,5,19,1,1,1,8,4,1,3
SF,IH2008,2020-08-21 09:33:46.500,3279.2000,11161,0,1189386420.000,0,-,-,-,-,3278.6000,3278.4000,3278.2000,3278.0000,3277.8000,3279.6000,3279.8000,3280.0000,3280.4000,3281.0000,1,2,5,19,1,1,8,4,1,3
SF,IH2008,2020-08-21 09:33:47.000,3279.2000,11161,0,1189386420.000,0,-,-,-,-,3278.6000,3278.4000,3278.2000,3278.0000,3277.8000,3279.4000,3279.6000,3279.8000,3280.0000,3280.4000,1,3,5,19,1,5,1,8,4,1
SF,IH2008,2020-08-21 09:33:47.500,3279.4000,11160,-1,1190370240.000,1,0,1,双平,S,3278.6000,3278.4000,3278.2000,3278.0000,3277.8000,3279.0000,3279.4000,3279.6000,3279.8000,3280.0000,1,3,5,19,1,1,4,1,8,4
SF,IH2008,2020-08-21 09:33:48.000,3279.4000,11160,0,1190370240.000,0,-,-,-,-,3278.6000,3278.4000,3278.2000,3278.0000,3277.8000,3279.0000,3279.4000,3279.6000,3279.8000,3280.0000,2,3,5,19,1,1,4,1,8,4
SF,IH2008,2020-08-21 09:33:48.500,3278.6000,11158,-2,1192337400.000,2,0,2,双平,S,3278.4000,3278.2000,3278.0000,3277.8000,3277.6000,3278.6000,3279.0000,3279.4000,3279.6000,3279.8000,3,5,19,1,1,1,1,4,1,8
SF,IH2008,2020-08-21 09:33:49.000,3278.6000,11156,-2,1194304560.000,2,0,2,双平,S,3278.6000,3278.4000,3278.2000,3278.0000,3277.8000,3279.0000,3279.4000,3279.6000,3279.8000,3280.0000,1,2,5,18,1,1,4,1,8,4
SF,IH2008,2020-08-21 09:33:49.500,3278.6000,11155,-1,1195288140.000,1,0,1,双平,S,3278.4000,3278.2000,3278.0000,3277.8000,3277.6000,3278.8000,3279.0000,3279.4000,3279.6000,3279.8000,2,5,18,1,1,1,1,4,1,8
SF,IH2008,2020-08-21 09:33:50.000,3278.8000,11154,-1,1196271780.000,1,0,1,双平,S,3278.4000,3278.2000,3278.0000,3277.8000,3277.6000,3279.0000,3279.4000,3279.6000,3279.8000,3280.0000,2,5,18,1,1,1,4,1,8,4
SF,IH2008,2020-08-21 09:33:50.500,3279.0000,11153,-1,1197255480.000,1,0,1,双平,S,3278.6000,3278.4000,3278.2000,3278.0000,3277.8000,3279.4000,3279.6000,3279.8000,3280.0000,3280.4000,1,2,5,19,1,4,1,8,4,1
SF,IH2008,2020-08-21 09:33:51.000,3279.0000,11153,0,1197255480.000,0,-,-,-,-,3279.2000,3278.6000,3278.4000,3278.2000,3278.0000,3279.4000,3279.6000,3279.8000,3280.0000,3280.4000,1,1,3,5,19,4,1,8,4,1
SF,IH2008,2020-08-21 09:33:51.500,3279.2000,11151,-2,1199223000.000,2,0,2,双平,S,3278.6000,3278.4000,3278.2000,3278.0000,3277.8000,3279.4000,3279.6000,3279.8000,3280.0000,3280.4000,1,3,4,19,1,4,1,8,4,1
SF,IH2008,2020-08-21 09:33:52.000,3279.2000,11151,0,1199223000.000,0,-,-,-,-,3278.6000,3278.4000,3278.2000,3278.0000,3277.8000,3279.2000,3279.4000,3279.6000,3279.8000,3280.0000,1,3,4,19,1,1,4,1,8,5
SF,IH2008,2020-08-21 09:33:52.500,3279.2000,11150,-1,1200206760.000,1,0,1,双平,S,3278.6000,3278.4000,3278.2000,3278.0000,3277.8000,3279.4000,3279.6000,3279.8000,3280.0000,3280.4000,1,3,4,19,1,4,1,8,5,1
SF,IH2008,2020-08-21 09:33:53.000,3279.2000,11148,-2,1202174100.000,2,0,2,双平,S,3278.4000,3278.2000,3278.0000,3277.8000,3277.6000,3279.4000,3279.6000,3279.8000,3280.0000,3280.4000,3,4,19,1,1,4,1,8,5,1
SF,IH2008,2020-08-21 09:33:54.000,3279.2000,11148,0,1202174100.000,0,-,-,-,-,3278.4000,3278.2000,3278.0000,3277.8000,3277.6000,3279.4000,3279.6000,3279.8000,3280.0000,3280.4000,3,5,19,1,1,4,1,8,5,1
SF,IH2008,2020-08-21 09:33:54.500,3279.2000,11148,0,1202174100.000,0,-,-,-,-,3278.4000,3278.2000,3278.0000,3277.8000,3277.6000,3279.4000,3279.6000,3279.8000,3280.0000,3280.4000,3,5,19,1,1,4,3,8,5,1
SF,IH2008,2020-08-21 09:33:55.000,3278.6000,11144,-4,1206108900.000,4,0,4,双平,S,3278.4000,3278.2000,3278.0000,3277.8000,3277.6000,3279.4000,3279.6000,3279.8000,3280.0000,3280.4000,3,5,19,1,1,3,3,8,5,1
SF,IH2008,2020-08-21 09:33:55.500,3279.4000,11143,-1,1207092720.000,1,0,1,双平,S,3278.6000,3278.4000,3278.2000,3278.0000,3277.8000,3279.4000,3279.6000,3279.8000,3280.0000,3280.4000,3,3,5,19,1,2,3,8,5,1
SF,IH2008,2020-08-21 09:33:56.000,3279.4000,11143,0,1207092720.000,0,-,-,-,-,3278.6000,3278.4000,3278.2000,3278.0000,3277.8000,3279.4000,3279.6000,3279.8000,3280.0000,3280.4000,3,3,2,19,1,2,3,8,5,1
SF,IH2008,2020-08-21 09:33:56.500,3278.6000,11141,-2,1209060120.000,2,0,2,双平,S,3278.6000,3278.4000,3278.2000,3278.0000,3277.8000,3279.4000,3279.6000,3279.8000,3280.0000,3280.4000,2,3,2,19,1,1,3,8,5,1
SF,IH2008,2020-08-21 09:33:57.000,3278.6000,11141,0,1209060120.000,0,-,-,-,-,3279.0000,3278.6000,3278.4000,3278.2000,3278.0000,3279.4000,3279.6000,3279.8000,3280.0000,3280.4000,1,3,3,2,19,1,3,8,5,1
SF,IH2008,2020-08-21 09:33:57.500,3279.0000,11139,-2,1211027520.000,2,0,2,双平,S,3278.6000,3278.4000,3278.2000,3278.0000,3277.8000,3279.0000,3279.4000,3279.6000,3279.8000,3280.0000,1,4,2,19,1,1,1,3,8,5
SF,IH2008,2020-08-21 09:33:58.000,3278.6000,11138,-1,1212011100.000,1,0,1,双平,S,3278.4000,3278.2000,3278.0000,3277.8000,3277.6000,3279.0000,3279.4000,3279.6000,3279.8000,3280.0000,4,2,20,1,1,1,2,3,8,5
SF,IH2008,2020-08-21 09:33:58.500,3278.4000,11136,-2,1213978140.000,2,0,2,双平,S,3278.4000,3278.2000,3278.0000,3277.8000,3277.6000,3279.0000,3279.4000,3279.6000,3279.8000,3280.0000,2,2,20,1,1,1,2,3,8,5
SF,IH2008,2020-08-21 09:33:59.000,3278.4000,11136,0,1213978140.000,0,-,-,-,-,3278.4000,3278.2000,3278.0000,3277.8000,3277.6000,3278.6000,3279.0000,3279.4000,3279.6000,3279.8000,2,2,20,1,1,1,1,2,3,8
SF,IH2008,2020-08-21 09:33:59.500,3278.6000,11135,-1,1214961720.000,1,0,1,双平,S,3278.8000,3278.4000,3278.2000,3278.0000,3277.8000,3279.0000,3279.4000,3279.6000,3279.8000,3280.0000,6,2,2,20,1,1,2,3,8,5
SF,IH2008,2020-08-21 09:34:00.000,3279.0000,11133,-2,1216929120.000,2,0,2,双平,S,3278.8000,3278.6000,3278.4000,3278.2000,3278.0000,3279.4000,3279.6000,3279.8000,3280.0000,3280.4000,6,3,2,2,20,2,3,8,5,1
SF,IH2008,2020-08-21 09:34:00.500,3279.4000,11131,-2,1218896760.000,2,0,2,双平,S,3279.0000,3278.8000,3278.6000,3278.4000,3278.2000,3279.6000,3279.8000,3280.0000,3280.4000,3281.0000,2,6,3,2,2,3,8,5,1,3
SF,IH2008,2020-08-21 09:34:01.000,3279.4000,11130,-1,1220864460.000,2,0,2,多平,S,3279.4000,3279.0000,3278.8000,3278.6000,3278.4000,3279.6000,3279.8000,3280.0000,3280.4000,3281.0000,1,3,6,2,2,2,8,5,1,3
SF,IH2008,2020-08-21 09:34:01.500,3279.6000,11119,-11,1231687620.000,11,0,11,双平,S,3279.6000,3279.4000,3279.0000,3278.8000,3278.6000,3280.0000,3280.4000,3281.0000,3281.4000,3281.6000,1,1,2,6,4,6,1,3,1,1
SF,IH2008,2020-08-21 09:34:02.000,3280.0000,11118,-1,1232671620.000,1,0,1,双平,S,3279.4000,3279.0000,3278.8000,3278.6000,3278.4000,3280.0000,3280.4000,3281.0000,3281.4000,3281.6000,1,2,6,4,2,5,1,3,1,1
SF,IH2008,2020-08-21 09:34:03.000,3280.0000,11118,0,1232671620.000,0,-,-,-,-,3279.4000,3279.0000,3278.8000,3278.6000,3278.4000,3280.0000,3280.4000,3281.0000,3281.4000,3281.6000,1,2,6,4,2,6,1,3,1,1
SF,IH2008,2020-08-21 09:34:04.000,3280.0000,11118,0,1232671620.000,0,-,-,-,-,3279.4000,3279.0000,3278.8000,3278.6000,3278.4000,3280.0000,3280.4000,3281.0000,3281.4000,3281.6000,1,2,6,4,2,6,1,3,1,1
SF,IH2008,2020-08-21 09:34:04.500,3280.0000,11118,0,1232671620.000,0,-,-,-,-,3279.4000,3279.0000,3278.8000,3278.6000,3278.4000,3279.8000,3280.0000,3280.4000,3281.0000,3281.4000,2,2,6,3,2,1,6,1,3,1
SF,IH2008,2020-08-21 09:34:05.000,3280.0000,11118,0,1233655620.000,1,0,1,多换,S,3279.4000,3279.0000,3278.8000,3278.6000,3278.4000,3280.0000,3280.4000,3281.0000,3281.4000,3281.6000,2,2,6,3,2,6,1,3,1,1
SF,IH2008,2020-08-21 09:34:05.500,3280.0000,11116,-2,1235623440.000,2,0,2,双平,S,3279.8000,3279.4000,3279.0000,3278.8000,3278.6000,3280.0000,3280.4000,3281.0000,3281.4000,3281.6000,1,1,2,6,3,5,1,3,1,1
SF,IH2008,2020-08-21 09:34:06.000,3279.8000,11113,-3,1238575140.000,3,0,3,双平,S,3279.0000,3278.8000,3278.6000,3278.4000,3278.2000,3279.8000,3280.0000,3280.4000,3281.0000,3281.4000,2,6,3,2,2,1,5,1,3,1
SF,IH2008,2020-08-21 09:34:06.500,3279.8000,11113,0,1238575140.000,0,-,-,-,-,3279.0000,3278.6000,3278.4000,3278.2000,3278.0000,3280.0000,3280.4000,3281.0000,3281.4000,3281.6000,1,3,2,2,20,5,1,3,1,1
SF,IH2008,2020-08-21 09:34:07.000,3280.0000,11111,-2,1240543080.000,2,0,2,双平,S,3279.0000,3278.6000,3278.4000,3278.2000,3278.0000,3280.0000,3280.4000,3281.0000,3281.4000,3281.6000,1,3,2,2,20,4,1,3,1,1
SF,IH2008,2020-08-21 09:34:07.500,3280.0000,11110,-1,1241527080.000,1,0,1,双平,S,3279.2000,3279.0000,3278.6000,3278.4000,3278.2000,3280.0000,3280.4000,3281.0000,3281.4000,3281.6000,1,1,3,2,2,4,1,3,1,1
SF,IH2008,2020-08-21 09:34:08.500,3279.2000,11109,-1,1242510840.000,1,0,1,双平,S,3279.0000,3278.6000,3278.4000,3278.2000,3278.0000,3279.6000,3280.0000,3280.4000,3281.0000,3281.4000,1,3,2,2,20,1,4,1,3,1
SF,IH2008,2020-08-21 09:34:09.000,3279.2000,11109,0,1242510840.000,0,-,-,-,-,3278.6000,3278.4000,3278.2000,3278.0000,3277.8000,3279.6000,3279.8000,3280.0000,3280.4000,3281.0000,3,2,2,20,1,1,1,4,1,3
SF,IH2008,2020-08-21 09:34:10.000,3279.6000,11108,-1,1243494720.000,1,0,1,双平,S,3278.6000,3278.4000,3278.2000,3278.0000,3277.8000,3279.8000,3280.0000,3280.4000,3281.0000,3281.4000,3,2,2,20,1,1,4,1,3,1
SF,IH2008,2020-08-21 09:34:10.500,3279.6000,11108,0,1243494720.000,0,-,-,-,-,3278.6000,3278.4000,3278.2000,3278.0000,3277.8000,3279.6000,3279.8000,3280.0000,3280.4000,3281.0000,3,3,2,20,1,1,1,4,1,3
SF,IH2008,2020-08-21 09:34:11.000,3279.6000,11108,0,1243494720.000,0,-,-,-,-,3278.8000,3278.6000,3278.4000,3278.2000,3278.0000,3280.0000,3280.4000,3281.0000,3281.4000,3281.6000,2,3,3,2,20,4,1,3,1,1
SF,IH2008,2020-08-21 09:34:11.500,3279.6000,11108,0,1243494720.000,0,-,-,-,-,3278.8000,3278.6000,3278.4000,3278.2000,3278.0000,3280.0000,3280.4000,3281.0000,3281.4000,3281.6000,3,3,3,2,20,5,1,3,1,1
SF,IH2008,2020-08-21 09:34:12.000,3279.6000,11108,0,1243494720.000,0,-,-,-,-,3279.0000,3278.8000,3278.6000,3278.4000,3278.2000,3279.8000,3280.0000,3280.4000,3281.0000,3281.4000,2,2,3,3,2,6,5,1,3,1
SF,IH2008,2020-08-21 09:34:12.500,3279.0000,11106,-2,1245462120.000,2,0,2,双平,S,3278.8000,3278.6000,3278.4000,3278.2000,3278.0000,3279.6000,3279.8000,3280.0000,3280.4000,3281.0000,2,4,3,2,20,1,6,5,1,3
SF,IH2008,2020-08-21 09:34:13.000,3278.8000,11104,-2,1247429400.000,2,0,2,双平,S,3278.6000,3278.4000,3278.2000,3278.0000,3277.8000,3279.6000,3279.8000,3280.0000,3280.4000,3281.0000,4,3,2,20,1,1,6,5,1,3
SF,IH2008,2020-08-21 09:34:13.500,3278.6000,11103,-1,1248412980.000,1,0,1,双平,S,3278.8000,3278.6000,3278.4000,3278.2000,3278.0000,3279.8000,3280.0000,3280.4000,3281.0000,3281.4000,1,3,3,2,20,6,5,1,3,1
SF,IH2008,2020-08-21 09:34:14.000,3278.8000,11102,-1,1249396620.000,1,0,1,双平,S,3278.6000,3278.4000,3278.2000,3278.0000,3277.8000,3279.8000,3280.0000,3280.4000,3281.0000,3281.4000,3,3,2,20,1,6,4,1,3,1
SF,IH2008,2020-08-21 09:34:14.500,3279.8000,11101,-1,1250380560.000,1,0,1,双平,S,3279.0000,3278.8000,3278.6000,3278.4000,3278.2000,3279.8000,3280.0000,3280.4000,3281.0000,3281.4000,1,1,3,3,2,4,4,1,3,1
SF,IH2008,2020-08-21 09:34:15.000,3279.0000,11100,-1,1251364260.000,1,0,1,双平,S,3278.6000,3278.4000,3278.2000,3278.0000,3277.8000,3279.6000,3279.8000,3280.0000,3280.4000,3281.0000,3,3,2,20,1,1,5,4,1,3
SF,IH2008,2020-08-21 09:34:16.000,3279.0000,11100,0,1251364260.000,0,-,-,-,-,3278.6000,3278.4000,3278.2000,3278.0000,3277.8000,3279.6000,3279.8000,3280.0000,3280.4000,3281.0000,3,3,2,20,1,1,5,4,1,3
SF,IH2008,2020-08-21 09:34:16.500,3279.0000,11100,0,1251364260.000,0,-,-,-,-,3278.6000,3278.4000,3278.2000,3278.0000,3277.8000,3279.4000,3279.6000,3279.8000,3280.0000,3280.4000,3,3,2,20,1,1,1,5,4,1
