市场代码,合约代码,时间,最新,持仓,增仓,成交额,成交量,开仓,平仓,成交类型,方向,买一价,买二价,买三价,买四价,买五价,卖一价,卖二价,卖三价,卖四价,卖五价,买一量,买二量,买三量,买四量,买五量,卖一量,卖二量,卖三量,卖四量,卖五量
SF,IH2009,2020-02-06 09:29:00.100,2793.4000,2591,0,1676040.000,2.000,-,-,-,-,2793.2000,2783.0000,2782.2000,2781.8000,2776.2000,2793.6000,2797.0000,2797.8000,2800.0000,2804.8000,1,1,2,1,1,2,14,1,2,2
SF,IH2009,2020-02-06 09:30:00.100,2793.6000,2591,0,2514120.000,1,0,1,多换,S,2793.2000,2783.0000,2782.2000,2781.8000,2776.2000,2793.6000,2797.0000,2797.8000,2800.0000,2804.8000,1,1,2,1,1,1,14,1,2,2
SF,IH2009,2020-02-06 09:30:00.600,2793.2000,2590,-1,3352080.000,1,0,1,双平,S,2783.0000,2782.2000,2776.2000,2776.0000,2775.0000,2793.0000,2793.2000,2793.6000,2797.0000,2797.8000,1,2,1,1,1,1,1,1,14,1
SF,IH2009,2020-02-06 09:30:01.100,2793.2000,2590,0,3352080.000,0,-,-,-,-,2788.0000,2787.2000,2786.0000,2783.4000,2783.2000,2793.0000,2793.4000,2793.6000,2797.0000,2797.8000,1,1,2,1,6,1,1,1,14,1
SF,IH2009,2020-02-06 09:30:01.600,2793.2000,2590,0,3352080.000,0,-,-,-,-,2788.2000,2788.0000,2787.2000,2786.0000,2785.4000,2792.8000,2793.0000,2793.4000,2793.6000,2797.0000,2,1,1,2,5,1,1,1,1,14
SF,IH2009,2020-02-06 09:30:02.100,2793.2000,2590,0,3352080.000,0,-,-,-,-,2788.2000,2788.0000,2787.2000,2786.0000,2785.4000,2792.8000,2793.0000,2793.4000,2793.6000,2797.0000,2,1,1,2,5,1,1,1,1,14
SF,IH2009,2020-02-06 09:30:03.100,2793.2000,2590,0,3352080.000,0,-,-,-,-,2788.2000,2788.0000,2787.2000,2786.0000,2785.4000,2792.8000,2793.0000,2793.4000,2793.6000,2797.0000,2,1,1,2,5,1,1,1,1,14
SF,IH2009,2020-02-06 09:30:04.600,2793.2000,2590,0,3352080.000,0,-,-,-,-,2788.2000,2788.0000,2787.2000,2786.0000,2785.4000,2792.8000,2793.0000,2793.4000,2793.6000,2797.0000,2,1,1,2,5,1,1,1,1,14
SF,IH2009,2020-02-06 09:30:05.100,2793.2000,2590,0,3352080.000,0,-,-,-,-,2788.2000,2788.0000,2787.2000,2786.0000,2785.4000,2792.8000,2793.0000,2793.4000,2793.6000,2797.0000,2,1,1,2,5,1,1,1,1,14
SF,IH2009,2020-02-06 09:30:07.600,2788.2000,2590,0,4188540.000,1,0,1,多换,S,2788.2000,2788.0000,2787.2000,2786.0000,2785.4000,2792.8000,2793.0000,2793.4000,2793.6000,2797.0000,1,1,1,2,5,1,1,1,1,14
SF,IH2009,2020-02-06 09:30:08.100,2788.2000,2590,0,4188540.000,0,-,-,-,-,2788.2000,2788.0000,2787.2000,2786.0000,2785.4000,2792.8000,2793.0000,2793.4000,2793.6000,2797.0000,1,1,1,2,5,1,1,1,1,14
SF,IH2009,2020-02-06 09:30:09.100,2788.2000,2590,0,4188540.000,0,-,-,-,-,2788.2000,2788.0000,2787.2000,2786.0000,2785.4000,2792.8000,2793.0000,2793.2000,2793.4000,2793.6000,1,1,1,2,5,1,1,1,1,1
SF,IH2009,2020-02-06 09:30:10.100,2788.2000,2589,-1,5025000.000,1,0,1,双平,S,2788.0000,2787.2000,2786.0000,2785.4000,2783.0000,2792.8000,2793.0000,2793.2000,2793.4000,2793.6000,1,1,1,5,1,1,1,1,1,1
SF,IH2009,2020-02-06 09:30:10.600,2788.2000,2589,0,5025000.000,0,-,-,-,-,2788.2000,2788.0000,2787.2000,2786.0000,2785.4000,2792.6000,2792.8000,2793.0000,2793.2000,2793.4000,1,1,1,1,5,1,1,1,1,1
SF,IH2009,2020-02-06 09:30:11.100,2788.2000,2589,0,5025000.000,0,-,-,-,-,2788.2000,2787.2000,2786.0000,2785.4000,2783.0000,2792.4000,2792.6000,2793.0000,2793.2000,2793.4000,1,1,1,5,1,1,1,1,1,1
SF,IH2009,2020-02-06 09:30:11.600,2788.2000,2589,0,5025000.000,0,-,-,-,-,2787.2000,2786.0000,2783.0000,2781.6000,2776.2000,2792.2000,2792.4000,2792.6000,2793.0000,2793.2000,1,1,1,5,1,1,1,1,1,1
SF,IH2009,2020-02-06 09:30:12.100,2788.2000,2589,0,5025000.000,0,-,-,-,-,2787.4000,2786.0000,2783.0000,2781.6000,2776.2000,2792.0000,2792.2000,2792.4000,2792.6000,2793.0000,1,1,1,5,1,1,1,1,1,1
SF,IH2009,2020-02-06 09:30:12.600,2788.2000,2589,0,5025000.000,0,-,-,-,-,2787.4000,2786.0000,2783.0000,2781.6000,2776.2000,2791.8000,2792.0000,2792.2000,2792.4000,2792.6000,1,1,1,5,1,1,1,1,1,1
SF,IH2009,2020-02-06 09:30:13.100,2788.2000,2589,0,5025000.000,0,-,-,-,-,2783.0000,2781.6000,2776.2000,2775.0000,2766.0000,2791.6000,2791.8000,2792.0000,2792.2000,2792.4000,1,5,1,1,1,1,1,1,1,1
SF,IH2009,2020-02-06 09:30:13.600,2788.2000,2589,0,5025000.000,0,-,-,-,-,2783.2000,2783.0000,2781.6000,2776.2000,2775.0000,2791.0000,2791.4000,2791.6000,2791.8000,2792.2000,1,1,5,1,1,1,1,1,1,1
SF,IH2009,2020-02-06 09:30:14.100,2788.2000,2589,0,5025000.000,0,-,-,-,-,2783.2000,2783.0000,2781.6000,2780.0000,2776.2000,2790.8000,2791.0000,2791.4000,2791.8000,2792.2000,1,1,5,1,1,1,1,1,1,1
SF,IH2009,2020-02-06 09:30:15.100,2788.2000,2589,0,5025000.000,0,-,-,-,-,2783.2000,2783.0000,2781.6000,2780.0000,2776.2000,2790.6000,2790.8000,2791.0000,2791.4000,2791.8000,1,1,5,1,1,1,1,1,1,1
SF,IH2009,2020-02-06 09:30:15.600,2788.2000,2589,0,5025000.000,0,-,-,-,-,2783.2000,2783.0000,2781.6000,2780.0000,2776.2000,2790.4000,2790.6000,2791.0000,2791.4000,2791.8000,1,1,5,1,1,1,1,1,1,1
SF,IH2009,2020-02-06 09:30:16.100,2788.2000,2589,0,5025000.000,0,-,-,-,-,2783.2000,2783.0000,2781.6000,2780.0000,2776.2000,2790.0000,2790.2000,2790.4000,2790.6000,2791.4000,1,1,5,1,1,1,1,1,1,1
SF,IH2009,2020-02-06 09:30:16.600,2788.2000,2589,0,5025000.000,0,-,-,-,-,2783.2000,2783.0000,2781.6000,2780.0000,2776.2000,2789.8000,2790.0000,2790.2000,2790.6000,2791.4000,1,1,5,1,1,1,1,1,1,1
SF,IH2009,2020-02-06 09:30:17.100,2788.2000,2589,0,5025000.000,0,-,-,-,-,2783.2000,2783.0000,2781.6000,2780.0000,2776.2000,2789.6000,2789.8000,2790.0000,2790.2000,2790.6000,1,1,5,1,1,1,1,1,1,1
SF,IH2009,2020-02-06 09:30:17.600,2788.2000,2589,0,5025000.000,0,-,-,-,-,2783.2000,2783.0000,2781.6000,2780.0000,2776.2000,2789.4000,2789.6000,2790.0000,2790.2000,2790.6000,1,1,5,1,1,1,1,1,1,1
SF,IH2009,2020-02-06 09:30:18.100,2788.2000,2589,0,5025000.000,0,-,-,-,-,2783.4000,2783.2000,2783.0000,2781.6000,2780.0000,2789.4000,2789.6000,2790.0000,2790.2000,2790.6000,1,1,1,5,1,1,1,1,1,1
SF,IH2009,2020-02-06 09:30:18.600,2788.2000,2589,0,5025000.000,0,-,-,-,-,2783.6000,2783.4000,2783.0000,2781.6000,2780.0000,2789.4000,2789.6000,2790.0000,2790.2000,2790.6000,1,1,1,5,1,1,1,1,1,1
SF,IH2009,2020-02-06 09:30:19.100,2788.2000,2589,0,5025000.000,0,-,-,-,-,2783.6000,2783.4000,2783.0000,2781.6000,2780.0000,2789.4000,2789.6000,2790.0000,2790.2000,2790.6000,1,1,1,5,1,1,1,1,1,1
SF,IH2009,2020-02-06 09:30:19.600,2788.2000,2589,0,5025000.000,0,-,-,-,-,2783.6000,2783.0000,2781.6000,2780.0000,2776.2000,2789.2000,2789.4000,2789.6000,2790.0000,2790.2000,1,1,5,1,1,1,1,1,1,1
SF,IH2009,2020-02-06 09:30:20.100,2788.2000,2589,0,5025000.000,0,-,-,-,-,2783.6000,2783.0000,2781.6000,2780.0000,2776.2000,2789.0000,2789.2000,2789.6000,2790.0000,2790.2000,1,1,5,1,1,2,1,1,1,1
SF,IH2009,2020-02-06 09:30:20.600,2783.6000,2588,-1,5860080.000,1,0,1,双平,S,2783.0000,2781.6000,2780.0000,2776.2000,2775.0000,2788.0000,2788.8000,2789.0000,2789.2000,2789.6000,1,5,1,1,1,1,1,2,1,1
SF,IH2009,2020-02-06 09:30:21.100,2783.6000,2588,0,5860080.000,0,-,-,-,-,2783.4000,2783.2000,2783.0000,2781.6000,2780.0000,2787.8000,2788.8000,2789.0000,2789.6000,2790.0000,1,1,1,5,1,1,1,1,1,1
SF,IH2009,2020-02-06 09:30:21.600,2783.6000,2588,0,5860080.000,0,-,-,-,-,2783.6000,2783.4000,2783.0000,2781.6000,2780.0000,2787.6000,2787.8000,2788.0000,2788.8000,2789.0000,1,1,1,5,1,1,1,1,1,1
SF,IH2009,2020-02-06 09:30:22.100,2783.6000,2588,0,5860080.000,0,-,-,-,-,2783.6000,2783.4000,2783.0000,2781.6000,2780.0000,2787.4000,2787.6000,2789.0000,2789.6000,2790.0000,1,1,1,5,1,1,1,1,1,1
SF,IH2009,2020-02-06 09:30:22.600,2783.6000,2588,0,5860080.000,0,-,-,-,-,2783.6000,2783.4000,2783.0000,2781.6000,2780.0000,2787.2000,2787.4000,2787.6000,2789.0000,2789.6000,1,1,1,5,1,1,1,1,1,1
SF,IH2009,2020-02-06 09:30:23.100,2783.6000,2588,0,5860080.000,0,-,-,-,-,2783.4000,2783.0000,2781.6000,2780.0000,2776.2000,2787.0000,2787.2000,2787.6000,2789.0000,2789.6000,1,1,5,1,1,1,1,1,1,1
SF,IH2009,2020-02-06 09:30:23.600,2783.6000,2588,0,5860080.000,0,-,-,-,-,2783.6000,2783.4000,2783.0000,2781.6000,2780.0000,2786.8000,2787.0000,2787.2000,2787.6000,2789.0000,1,1,1,5,1,1,1,1,1,1
SF,IH2009,2020-02-06 09:30:24.100,2783.6000,2588,0,5860080.000,0,-,-,-,-,2783.4000,2783.0000,2780.0000,2777.8000,2776.2000,2783.6000,2786.6000,2786.8000,2787.2000,2787.6000,1,1,1,5,1,1,1,1,1,1
SF,IH2009,2020-02-06 09:30:24.600,2783.6000,2587,-1,6695160.000,1,0,1,双平,S,2783.4000,2783.0000,2780.0000,2777.8000,2776.2000,2786.6000,2786.8000,2787.2000,2789.0000,2789.6000,1,1,1,5,1,1,1,1,1,1
SF,IH2009,2020-02-06 09:30:25.100,2783.6000,2587,0,6695160.000,0,-,-,-,-,2783.4000,2783.0000,2780.0000,2777.8000,2776.2000,2786.4000,2786.6000,2786.8000,2787.2000,2789.0000,1,1,1,5,1,1,1,1,1,1
SF,IH2009,2020-02-06 09:30:25.600,2783.6000,2587,0,6695160.000,0,-,-,-,-,2783.4000,2780.0000,2777.8000,2776.2000,2775.0000,2786.2000,2786.4000,2786.8000,2789.0000,2789.6000,1,1,5,1,1,1,1,1,1,1
SF,IH2009,2020-02-06 09:30:26.100,2783.6000,2587,0,6695160.000,0,-,-,-,-,2783.4000,2780.0000,2777.8000,2776.2000,2775.0000,2786.0000,2786.2000,2786.8000,2789.0000,2789.6000,1,1,5,1,1,1,1,1,1,1
SF,IH2009,2020-02-06 09:30:26.600,2783.6000,2587,0,6695160.000,0,-,-,-,-,2783.4000,2780.0000,2777.8000,2776.2000,2775.0000,2785.8000,2786.0000,2786.8000,2789.0000,2789.6000,1,1,5,1,1,1,1,1,1,1
SF,IH2009,2020-02-06 09:30:27.100,2783.6000,2587,0,6695160.000,0,-,-,-,-,2783.6000,2783.4000,2780.0000,2777.8000,2776.2000,2785.8000,2786.8000,2789.0000,2789.6000,2790.0000,1,1,1,5,1,1,1,1,1,1
SF,IH2009,2020-02-06 09:30:27.600,2783.6000,2586,-1,7530240.000,1,0,1,双平,S,2783.4000,2780.0000,2777.8000,2776.2000,2775.0000,2786.8000,2789.0000,2789.6000,2790.0000,2790.2000,1,1,5,1,1,1,1,1,1,1
SF,IH2009,2020-02-06 09:30:28.100,2783.6000,2586,0,7530240.000,0,-,-,-,-,2783.4000,2780.0000,2777.8000,2776.2000,2775.0000,2786.6000,2786.8000,2789.0000,2789.6000,2790.0000,1,1,5,1,1,1,1,1,1,1
SF,IH2009,2020-02-06 09:30:28.600,2783.6000,2586,0,7530240.000,0,-,-,-,-,2783.6000,2783.4000,2780.0000,2777.8000,2776.2000,2786.6000,2789.0000,2789.6000,2790.0000,2790.2000,1,1,1,5,1,1,1,1,1,1
SF,IH2009,2020-02-06 09:30:29.100,2783.6000,2586,0,7530240.000,0,-,-,-,-,2783.4000,2780.0000,2777.8000,2776.2000,2775.0000,2786.4000,2786.6000,2789.0000,2789.6000,2790.0000,1,1,5,1,1,1,1,1,1,1
SF,IH2009,2020-02-06 09:30:29.600,2783.6000,2586,0,7530240.000,0,-,-,-,-,2783.6000,2783.4000,2780.0000,2777.8000,2776.2000,2786.2000,2786.4000,2789.0000,2789.6000,2790.0000,1,1,1,5,1,1,1,1,1,1
SF,IH2009,2020-02-06 09:30:30.100,2783.6000,2586,0,7530240.000,0,-,-,-,-,2783.8000,2783.6000,2780.0000,2777.8000,2776.2000,2786.0000,2786.2000,2789.0000,2789.6000,2790.0000,1,1,1,5,1,1,1,1,1,1
SF,IH2009,2020-02-06 09:30:30.600,2783.6000,2586,0,7530240.000,0,-,-,-,-,2784.0000,2783.8000,2780.0000,2777.8000,2776.2000,2786.0000,2789.0000,2789.6000,2790.0000,2790.2000,1,1,1,5,1,1,1,1,1,1
SF,IH2009,2020-02-06 09:30:31.100,2783.6000,2586,0,7530240.000,0,-,-,-,-,2783.8000,2780.0000,2777.8000,2776.2000,2775.0000,2785.8000,2786.0000,2789.0000,2789.6000,2790.0000,1,1,5,1,1,1,1,1,1,1
SF,IH2009,2020-02-06 09:30:31.600,2783.6000,2586,0,7530240.000,0,-,-,-,-,2783.8000,2780.0000,2777.8000,2776.2000,2775.0000,2785.6000,2785.8000,2789.0000,2789.6000,2790.0000,1,1,5,1,1,1,1,1,1,1
SF,IH2009,2020-02-06 09:30:32.100,2783.6000,2586,0,7530240.000,0,-,-,-,-,2783.8000,2780.0000,2777.8000,2776.2000,2775.0000,2785.4000,2785.6000,2789.0000,2790.0000,2793.0000,1,1,5,1,1,1,1,1,1,5
SF,IH2009,2020-02-06 09:30:32.600,2783.6000,2586,0,7530240.000,0,-,-,-,-,2784.0000,2783.8000,2780.0000,2777.8000,2776.2000,2785.2000,2785.6000,2789.0000,2790.0000,2793.0000,1,1,2,5,1,1,1,1,1,5
SF,IH2009,2020-02-06 09:30:33.100,2785.2000,2585,-1,8365800.000,1,0,1,双平,S,2783.8000,2780.0000,2777.8000,2776.2000,2775.0000,2789.0000,2790.0000,2793.0000,2793.4000,2793.6000,1,2,5,1,1,1,1,5,1,1
SF,IH2009,2020-02-06 09:30:33.600,2783.8000,2585,0,9200940.000,1,0,1,多换,S,2780.0000,2777.8000,2776.2000,2775.0000,2773.0000,2788.0000,2788.8000,2789.0000,2790.0000,2793.0000,2,5,1,1,1,1,1,1,1,5
SF,IH2009,2020-02-06 09:30:34.100,2783.8000,2585,0,9200940.000,0,-,-,-,-,2782.0000,2780.2000,2780.0000,2779.8000,2777.8000,2787.8000,2788.0000,2790.0000,2793.0000,2793.4000,1,2,2,1,5,3,1,1,5,1
SF,IH2009,2020-02-06 09:30:34.600,2783.8000,2585,0,9200940.000,0,-,-,-,-,2782.2000,2782.0000,2780.0000,2779.8000,2777.8000,2787.8000,2788.0000,2790.0000,2793.0000,2793.4000,1,1,2,1,5,3,1,1,5,1
SF,IH2009,2020-02-06 09:30:35.100,2783.8000,2585,0,9200940.000,0,-,-,-,-,2782.4000,2782.2000,2782.0000,2780.0000,2779.8000,2787.8000,2788.0000,2790.0000,2793.0000,2793.4000,1,1,1,2,1,2,1,1,5,1
SF,IH2009,2020-02-06 09:30:35.600,2783.8000,2585,0,9200940.000,0,-,-,-,-,2782.6000,2782.4000,2782.0000,2780.0000,2779.8000,2787.8000,2788.0000,2790.0000,2793.0000,2793.4000,1,1,1,2,1,2,1,1,5,1
SF,IH2009,2020-02-06 09:30:36.100,2783.8000,2585,0,9200940.000,0,-,-,-,-,2782.8000,2782.6000,2782.0000,2780.0000,2779.8000,2787.8000,2788.0000,2790.0000,2793.0000,2793.4000,1,1,1,2,1,2,1,1,5,1
SF,IH2009,2020-02-06 09:30:36.600,2783.8000,2585,0,9200940.000,0,-,-,-,-,2783.0000,2782.8000,2782.0000,2780.0000,2779.8000,2787.8000,2788.0000,2790.0000,2793.0000,2793.4000,1,1,1,2,1,2,1,1,5,1
SF,IH2009,2020-02-06 09:30:37.100,2783.8000,2585,0,9200940.000,0,-,-,-,-,2783.0000,2782.0000,2780.0000,2779.8000,2777.8000,2787.6000,2787.8000,2788.0000,2790.0000,2793.0000,1,1,2,1,5,1,2,1,1,5
SF,IH2009,2020-02-06 09:30:37.600,2783.8000,2585,0,9200940.000,0,-,-,-,-,2783.0000,2782.0000,2780.0000,2779.8000,2777.8000,2787.4000,2787.6000,2787.8000,2788.0000,2790.0000,1,1,2,1,5,2,1,1,1,1
SF,IH2009,2020-02-06 09:30:38.600,2783.8000,2585,0,9200940.000,0,-,-,-,-,2783.2000,2783.0000,2782.0000,2780.0000,2779.8000,2787.2000,2787.4000,2787.8000,2788.0000,2790.0000,1,1,1,2,1,1,2,1,1,1
SF,IH2009,2020-02-06 09:30:39.100,2783.8000,2585,0,9200940.000,0,-,-,-,-,2783.2000,2780.0000,2779.8000,2777.8000,2776.2000,2787.0000,2787.2000,2787.8000,2788.0000,2790.0000,1,2,1,5,1,2,1,1,1,1
SF,IH2009,2020-02-06 09:30:39.600,2783.8000,2585,0,9200940.000,0,-,-,-,-,2783.2000,2780.0000,2779.8000,2777.8000,2776.2000,2787.0000,2787.2000,2787.8000,2788.0000,2790.0000,1,2,1,5,1,2,1,1,1,1
SF,IH2009,2020-02-06 09:30:40.100,2783.8000,2585,0,9200940.000,0,-,-,-,-,2780.0000,2779.8000,2777.8000,2776.2000,2773.0000,2786.8000,2787.0000,2787.2000,2787.8000,2788.0000,2,1,5,1,1,1,2,1,1,1
SF,IH2009,2020-02-06 09:30:40.600,2783.8000,2585,0,9200940.000,0,-,-,-,-,2780.2000,2780.0000,2779.8000,2777.8000,2776.2000,2785.2000,2786.6000,2786.8000,2787.0000,2787.2000,1,2,1,5,1,1,2,1,1,1
SF,IH2009,2020-02-06 09:30:41.100,2783.8000,2585,0,9200940.000,0,-,-,-,-,2780.4000,2780.2000,2780.0000,2779.8000,2777.8000,2785.0000,2785.2000,2786.6000,2787.0000,2787.2000,1,1,2,1,5,2,1,1,1,1
SF,IH2009,2020-02-06 09:30:41.600,2783.8000,2585,0,9200940.000,0,-,-,-,-,2780.6000,2780.4000,2780.0000,2779.8000,2777.8000,2785.0000,2785.2000,2786.6000,2787.0000,2787.2000,1,1,2,1,5,1,1,1,1,1
SF,IH2009,2020-02-06 09:30:42.100,2783.8000,2585,0,9200940.000,0,-,-,-,-,2782.0000,2780.8000,2780.6000,2780.4000,2780.0000,2785.0000,2785.2000,2786.6000,2787.0000,2787.8000,1,1,1,1,2,1,1,1,1,1
SF,IH2009,2020-02-06 09:30:42.600,2783.8000,2585,0,9200940.000,0,-,-,-,-,2782.2000,2782.0000,2780.8000,2780.4000,2780.0000,2785.0000,2785.2000,2786.6000,2787.0000,2787.8000,1,1,1,1,2,1,1,1,1,1
SF,IH2009,2020-02-06 09:30:43.100,2783.8000,2585,0,9200940.000,0,-,-,-,-,2782.4000,2782.2000,2782.0000,2780.8000,2780.4000,2784.8000,2785.0000,2785.2000,2786.6000,2787.0000,1,1,1,1,1,1,1,1,1,1
SF,IH2009,2020-02-06 09:30:43.600,2783.8000,2585,0,9200940.000,0,-,-,-,-,2782.4000,2780.8000,2780.4000,2780.0000,2779.8000,2784.6000,2784.8000,2785.0000,2785.2000,2786.6000,1,1,1,2,1,1,1,1,1,1
SF,IH2009,2020-02-06 09:30:44.100,2783.8000,2585,0,9200940.000,0,-,-,-,-,2782.6000,2782.4000,2780.8000,2780.4000,2780.0000,2784.4000,2784.6000,2785.0000,2785.2000,2786.6000,1,1,1,1,2,1,1,1,1,1
SF,IH2009,2020-02-06 09:30:44.600,2783.8000,2585,0,9200940.000,0,-,-,-,-,2782.8000,2782.6000,2782.4000,2780.8000,2780.4000,2784.2000,2784.6000,2785.0000,2785.2000,2786.6000,1,1,1,1,1,1,1,1,1,1
SF,IH2009,2020-02-06 09:30:45.100,2783.8000,2585,0,9200940.000,0,-,-,-,-,2782.8000,2782.4000,2780.8000,2780.4000,2780.0000,2784.2000,2784.6000,2785.0000,2785.2000,2786.6000,1,1,1,1,2,1,1,1,1,1
SF,IH2009,2020-02-06 09:30:46.600,2783.8000,2585,0,9200940.000,0,-,-,-,-,2782.8000,2782.4000,2780.8000,2780.0000,2779.8000,2784.0000,2784.2000,2784.6000,2785.0000,2785.2000,1,1,1,2,1,1,1,1,1,1
SF,IH2009,2020-02-06 09:30:47.600,2783.8000,2585,0,9200940.000,0,-,-,-,-,2782.8000,2782.4000,2780.8000,2780.0000,2779.8000,2784.2000,2784.6000,2785.0000,2785.2000,2786.6000,1,1,1,2,1,1,1,2,1,1
SF,IH2009,2020-02-06 09:30:48.100,2783.0000,2584,-1,10035840.000,1,0,1,双平,S,2782.8000,2782.4000,2780.8000,2780.0000,2779.8000,2784.2000,2784.6000,2785.0000,2785.2000,2786.6000,1,1,1,3,1,1,1,2,1,1
SF,IH2009,2020-02-06 09:30:48.600,2783.0000,2584,0,10035840.000,0,-,-,-,-,2782.8000,2782.4000,2780.0000,2779.8000,2777.8000,2784.0000,2784.2000,2784.6000,2785.0000,2785.2000,1,1,3,1,5,2,1,1,2,1
SF,IH2009,2020-02-06 09:30:49.100,2783.0000,2584,0,10035840.000,0,-,-,-,-,2782.8000,2780.0000,2779.8000,2777.8000,2776.2000,2784.0000,2784.2000,2784.6000,2785.0000,2785.2000,1,3,1,5,1,2,1,1,2,1
SF,IH2009,2020-02-06 09:30:49.600,2783.0000,2584,0,10035840.000,0,-,-,-,-,2780.0000,2779.8000,2777.8000,2776.2000,2773.0000,2784.0000,2784.2000,2784.6000,2785.0000,2785.2000,3,1,5,1,1,2,1,1,2,1
SF,IH2009,2020-02-06 09:30:50.100,2783.0000,2584,0,10035840.000,0,-,-,-,-,2780.2000,2780.0000,2779.8000,2777.8000,2776.2000,2783.8000,2784.0000,2784.2000,2784.6000,2785.0000,2,3,1,5,1,1,1,1,1,2
SF,IH2009,2020-02-06 09:30:50.600,2783.0000,2584,0,10035840.000,0,-,-,-,-,2780.2000,2780.0000,2779.8000,2777.8000,2776.2000,2783.6000,2783.8000,2784.2000,2784.6000,2785.0000,2,3,1,5,1,1,1,1,1,2
SF,IH2009,2020-02-06 09:30:51.100,2783.0000,2584,0,10035840.000,0,-,-,-,-,2780.2000,2780.0000,2779.8000,2777.8000,2776.2000,2783.6000,2783.8000,2784.2000,2784.6000,2785.0000,2,3,1,5,1,1,1,1,1,2
SF,IH2009,2020-02-06 09:30:51.600,2783.0000,2584,0,10035840.000,0,-,-,-,-,2780.2000,2780.0000,2779.8000,2777.8000,2776.2000,2783.4000,2783.6000,2783.8000,2784.2000,2784.6000,1,3,1,5,1,1,1,1,1,1
SF,IH2009,2020-02-06 09:30:52.100,2783.0000,2584,0,10035840.000,0,-,-,-,-,2780.2000,2780.0000,2779.8000,2777.8000,2776.2000,2783.2000,2783.4000,2783.8000,2784.2000,2784.6000,1,3,1,5,1,1,1,1,1,1
SF,IH2009,2020-02-06 09:30:52.600,2783.0000,2584,0,10035840.000,0,-,-,-,-,2780.0000,2779.8000,2777.8000,2776.2000,2773.0000,2783.0000,2783.2000,2783.4000,2783.8000,2784.2000,3,1,5,1,1,1,1,1,1,1
SF,IH2009,2020-02-06 09:30:53.100,2783.0000,2584,0,10035840.000,0,-,-,-,-,2780.2000,2780.0000,2779.8000,2777.8000,2776.2000,2782.8000,2783.0000,2783.8000,2784.2000,2784.6000,1,3,1,5,1,1,1,1,1,1
SF,IH2009,2020-02-06 09:30:53.600,2783.0000,2584,0,10035840.000,0,-,-,-,-,2780.4000,2780.2000,2780.0000,2779.8000,2777.8000,2782.6000,2783.8000,2784.2000,2784.6000,2785.0000,1,1,3,1,5,1,1,1,1,2
SF,IH2009,2020-02-06 09:30:54.100,2783.0000,2584,0,10035840.000,0,-,-,-,-,2780.6000,2780.4000,2780.0000,2779.8000,2777.8000,2782.6000,2783.8000,2784.2000,2784.6000,2785.0000,1,1,3,1,5,2,1,1,1,2
SF,IH2009,2020-02-06 09:30:54.600,2782.6000,2583,-1,11705400.000,2,0,2,多平,S,2780.8000,2780.6000,2780.4000,2780.0000,2779.8000,2783.8000,2784.2000,2784.6000,2785.0000,2785.2000,1,1,1,3,1,1,1,1,2,1
SF,IH2009,2020-02-06 09:30:55.100,2782.6000,2583,0,11705400.000,0,-,-,-,-,2780.8000,2780.0000,2779.8000,2777.8000,2776.2000,2783.6000,2783.8000,2784.2000,2784.6000,2785.0000,1,3,1,5,1,1,1,1,1,2
SF,IH2009,2020-02-06 09:30:55.600,2782.6000,2583,0,11705400.000,0,-,-,-,-,2780.8000,2780.0000,2779.8000,2777.8000,2776.2000,2783.6000,2783.8000,2784.2000,2784.6000,2785.0000,1,3,1,5,1,1,1,1,1,2
SF,IH2009,2020-02-06 09:30:56.100,2782.6000,2583,0,11705400.000,0,-,-,-,-,2780.0000,2779.8000,2777.8000,2776.2000,2773.0000,2783.4000,2783.6000,2783.8000,2784.2000,2784.6000,3,1,5,1,1,1,1,1,1,1
SF,IH2009,2020-02-06 09:30:56.600,2782.6000,2583,0,11705400.000,0,-,-,-,-,2782.0000,2780.2000,2780.0000,2779.8000,2777.8000,2783.2000,2783.4000,2783.8000,2784.2000,2784.6000,1,1,3,1,5,1,1,1,1,1
SF,IH2009,2020-02-06 09:30:57.100,2782.6000,2583,0,11705400.000,0,-,-,-,-,2780.0000,2779.8000,2777.8000,2776.2000,2773.0000,2780.8000,2783.2000,2783.4000,2783.8000,2784.2000,3,1,5,1,1,1,1,1,1,1
SF,IH2009,2020-02-06 09:30:57.600,2781.2000,2582,-1,12539760.000,1,0,1,双平,S,2781.4000,2780.0000,2779.8000,2777.8000,2776.2000,2783.8000,2784.2000,2784.6000,2785.0000,2785.2000,2,3,1,5,1,1,1,1,2,1
SF,IH2009,2020-02-06 09:30:58.100,2781.2000,2582,0,12539760.000,0,-,-,-,-,2780.0000,2779.8000,2777.8000,2776.2000,2773.0000,2783.6000,2783.8000,2784.2000,2784.6000,2785.0000,3,1,5,1,1,2,1,1,1,2
SF,IH2009,2020-02-06 09:30:58.600,2781.2000,2582,0,12539760.000,0,-,-,-,-,2780.2000,2780.0000,2779.8000,2777.8000,2776.2000,2783.4000,2783.6000,2783.8000,2784.2000,2784.6000,1,3,1,5,1,1,2,1,1,1
SF,IH2009,2020-02-06 09:30:59.100,2781.2000,2582,0,12539760.000,0,-,-,-,-,2780.2000,2780.0000,2779.8000,2777.8000,2776.2000,2783.2000,2783.4000,2783.6000,2783.8000,2784.2000,1,3,1,5,1,2,1,1,1,1
SF,IH2009,2020-02-06 09:30:59.600,2781.2000,2582,0,12539760.000,0,-,-,-,-,2780.0000,2779.8000,2777.8000,2776.2000,2773.0000,2783.2000,2783.4000,2783.8000,2784.2000,2784.6000,3,1,5,1,1,2,1,1,1,1
SF,IH2009,2020-02-06 09:31:00.100,2781.2000,2582,0,12539760.000,0,-,-,-,-,2780.0000,2779.8000,2777.8000,2776.2000,2773.0000,2783.0000,2783.2000,2783.4000,2783.8000,2784.2000,3,1,5,1,1,1,2,1,1,1
SF,IH2009,2020-02-06 09:31:00.600,2781.2000,2582,0,12539760.000,0,-,-,-,-,2780.0000,2779.8000,2777.8000,2776.2000,2773.0000,2782.8000,2783.0000,2783.2000,2783.4000,2783.8000,3,1,5,1,1,2,1,1,1,1
SF,IH2009,2020-02-06 09:31:01.100,2781.2000,2582,0,12539760.000,0,-,-,-,-,2780.0000,2779.8000,2777.8000,2776.2000,2773.0000,2782.8000,2783.0000,2783.4000,2783.8000,2784.2000,3,1,5,1,1,2,1,1,1,1
SF,IH2009,2020-02-06 09:31:01.600,2781.2000,2582,0,12539760.000,0,-,-,-,-,2780.2000,2780.0000,2779.8000,2777.8000,2776.2000,2782.8000,2783.0000,2783.8000,2784.2000,2784.6000,1,3,1,5,1,1,1,1,1,1
SF,IH2009,2020-02-06 09:31:02.100,2781.2000,2582,0,12539760.000,0,-,-,-,-,2780.2000,2780.0000,2779.8000,2777.8000,2776.2000,2782.8000,2783.0000,2783.8000,2784.2000,2784.6000,1,3,1,5,1,1,1,1,1,1
SF,IH2009,2020-02-06 09:31:02.600,2781.2000,2582,0,12539760.000,0,-,-,-,-,2780.2000,2780.0000,2779.8000,2777.8000,2776.2000,2782.8000,2783.8000,2784.2000,2784.6000,2785.0000,1,3,1,5,1,1,1,1,1,2
SF,IH2009,2020-02-06 09:31:03.100,2781.2000,2582,0,12539760.000,0,-,-,-,-,2780.0000,2779.8000,2777.8000,2776.2000,2773.0000,2782.6000,2782.8000,2783.8000,2784.2000,2784.6000,3,1,5,1,1,1,1,1,1,1
SF,IH2009,2020-02-06 09:31:03.600,2780.0000,2582,0,13373760.000,1,0,1,多换,S,2780.0000,2776.2000,2774.0000,2773.0000,2772.0000,2782.6000,2783.8000,2784.2000,2784.6000,2785.0000,2,1,5,1,1,1,1,1,1,2
SF,IH2009,2020-02-06 09:31:04.100,2780.0000,2582,0,13373760.000,0,-,-,-,-,2780.0000,2776.2000,2774.0000,2773.0000,2772.0000,2782.4000,2782.6000,2783.8000,2784.2000,2784.6000,2,1,5,1,1,1,1,1,1,1
SF,IH2009,2020-02-06 09:31:04.600,2780.0000,2582,0,13373760.000,0,-,-,-,-,2780.0000,2776.2000,2774.0000,2773.0000,2772.0000,2782.2000,2782.4000,2782.6000,2783.8000,2784.2000,2,1,5,1,1,1,2,1,1,1
SF,IH2009,2020-02-06 09:31:05.100,2780.0000,2582,0,13373760.000,0,-,-,-,-,2780.0000,2776.2000,2774.0000,2773.0000,2772.0000,2782.0000,2782.2000,2782.4000,2782.6000,2783.8000,2,1,5,1,1,1,1,1,1,1
SF,IH2009,2020-02-06 09:31:05.600,2780.0000,2582,0,13373760.000,0,-,-,-,-,2780.0000,2776.2000,2774.0000,2773.0000,2772.0000,2781.8000,2782.0000,2782.2000,2782.4000,2782.6000,2,1,5,1,1,1,1,1,1,1
SF,IH2009,2020-02-06 09:31:06.100,2780.0000,2582,0,13373760.000,0,-,-,-,-,2780.0000,2776.2000,2774.0000,2773.0000,2772.0000,2781.6000,2781.8000,2782.2000,2782.4000,2783.8000,2,1,5,1,1,1,1,1,1,1
SF,IH2009,2020-02-06 09:31:06.600,2780.0000,2582,0,14207760.000,1,0,1,多换,S,2780.0000,2776.2000,2774.0000,2773.0000,2772.0000,2781.6000,2781.8000,2783.8000,2784.2000,2784.6000,1,1,5,1,1,1,1,1,1,1
SF,IH2009,2020-02-06 09:31:07.100,2780.0000,2582,0,14207760.000,0,-,-,-,-,2780.2000,2780.0000,2776.2000,2774.0000,2773.0000,2781.6000,2783.8000,2784.2000,2784.6000,2785.0000,1,1,1,5,1,1,1,1,1,2
SF,IH2009,2020-02-06 09:31:08.100,2780.0000,2582,0,14207760.000,0,-,-,-,-,2780.2000,2780.0000,2776.2000,2774.0000,2773.0000,2781.6000,2782.8000,2783.8000,2784.2000,2784.6000,1,1,1,5,1,1,2,1,1,1
SF,IH2009,2020-02-06 09:31:08.600,2780.0000,2582,0,14207760.000,0,-,-,-,-,2780.2000,2780.0000,2776.2000,2774.0000,2773.0000,2782.8000,2783.8000,2784.2000,2784.6000,2785.0000,1,1,1,5,1,2,1,1,1,2
SF,IH2009,2020-02-06 09:31:09.100,2780.0000,2582,0,14207760.000,0,-,-,-,-,2780.4000,2780.2000,2780.0000,2776.2000,2774.0000,2782.0000,2782.6000,2782.8000,2783.8000,2784.2000,1,1,1,1,5,1,2,2,1,1
SF,IH2009,2020-02-06 09:31:09.600,2780.0000,2582,0,14207760.000,0,-,-,-,-,2780.6000,2780.4000,2780.2000,2780.0000,2776.2000,2782.0000,2782.6000,2782.8000,2783.8000,2784.2000,1,1,1,1,1,1,1,2,1,1
SF,IH2009,2020-02-06 09:31:10.100,2780.0000,2582,0,14207760.000,0,-,-,-,-,2780.6000,2780.4000,2780.0000,2776.2000,2774.0000,2782.0000,2782.6000,2782.8000,2783.8000,2784.2000,1,1,1,1,5,1,1,2,1,1
SF,IH2009,2020-02-06 09:31:10.600,2780.0000,2582,0,14207760.000,0,-,-,-,-,2780.6000,2780.4000,2780.0000,2776.2000,2774.0000,2782.0000,2782.6000,2782.8000,2783.8000,2784.2000,1,1,1,1,5,1,1,2,1,1
SF,IH2009,2020-02-06 09:31:13.100,2780.0000,2582,0,14207760.000,0,-,-,-,-,2780.6000,2780.4000,2780.0000,2776.2000,2774.0000,2782.0000,2782.8000,2783.8000,2784.2000,2784.6000,1,1,1,1,5,1,2,1,1,1
SF,IH2009,2020-02-06 09:31:13.600,2780.0000,2582,0,14207760.000,0,-,-,-,-,2780.4000,2780.0000,2776.2000,2774.0000,2773.0000,2781.8000,2782.0000,2782.8000,2783.8000,2784.2000,1,1,1,5,1,1,1,2,1,1
SF,IH2009,2020-02-06 09:31:14.100,2780.0000,2582,0,14207760.000,0,-,-,-,-,2780.4000,2780.0000,2776.2000,2774.0000,2773.0000,2781.8000,2782.0000,2782.8000,2783.8000,2784.2000,1,1,1,5,1,1,1,2,1,1
SF,IH2009,2020-02-06 09:31:14.600,2781.8000,2581,-1,15042300.000,1,0,1,双平,S,2780.6000,2780.4000,2780.0000,2776.2000,2774.0000,2782.0000,2782.8000,2783.8000,2784.2000,2784.6000,1,1,1,1,5,1,2,1,1,1
SF,IH2009,2020-02-06 09:31:15.100,2782.0000,2580,-1,15876900.000,1,0,1,双平,S,2782.0000,2780.6000,2780.0000,2776.2000,2774.0000,2782.8000,2783.8000,2784.2000,2784.6000,2785.0000,1,1,1,1,5,2,1,1,1,2
SF,IH2009,2020-02-06 09:31:15.600,2782.8000,2579,-1,16711740.000,1,0,1,双平,S,2782.0000,2780.6000,2780.0000,2776.2000,2774.0000,2782.8000,2783.8000,2784.2000,2784.6000,2785.0000,1,1,1,1,5,1,1,1,1,2
SF,IH2009,2020-02-06 09:31:16.100,2782.8000,2578,-1,17546580.000,1,0,1,双平,S,2782.0000,2780.0000,2776.2000,2774.0000,2773.0000,2783.8000,2784.2000,2784.6000,2785.0000,2785.2000,1,1,1,5,1,1,1,1,2,1
SF,IH2009,2020-02-06 09:31:16.600,2782.0000,2577,-1,18381180.000,1,0,1,双平,S,2780.0000,2776.2000,2774.0000,2773.0000,2772.0000,2783.6000,2783.8000,2784.2000,2784.6000,2785.0000,1,1,5,1,1,1,1,1,1,2
SF,IH2009,2020-02-06 09:31:17.100,2782.0000,2577,0,18381180.000,0,-,-,-,-,2780.2000,2780.0000,2779.8000,2776.2000,2774.0000,2783.6000,2783.8000,2784.2000,2784.6000,2785.0000,1,1,1,1,5,1,1,1,1,2
SF,IH2009,2020-02-06 09:31:23.100,2782.0000,2577,0,18381180.000,0,-,-,-,-,2780.2000,2780.0000,2779.8000,2776.2000,2774.0000,2783.6000,2783.8000,2784.2000,2784.6000,2785.0000,3,1,1,1,5,1,1,1,1,2
SF,IH2009,2020-02-06 09:31:23.600,2782.0000,2577,0,18381180.000,0,-,-,-,-,2780.2000,2780.0000,2779.8000,2776.2000,2774.0000,2783.4000,2783.6000,2783.8000,2784.2000,2784.6000,2,1,1,1,5,1,1,1,1,1
SF,IH2009,2020-02-06 09:31:24.100,2782.0000,2577,0,18381180.000,0,-,-,-,-,2780.2000,2780.0000,2779.8000,2776.2000,2774.0000,2783.2000,2783.4000,2783.8000,2784.2000,2784.6000,2,1,1,1,5,1,1,1,1,1
SF,IH2009,2020-02-06 09:31:24.600,2782.0000,2577,0,18381180.000,0,-,-,-,-,2780.2000,2780.0000,2779.8000,2776.2000,2774.0000,2783.0000,2783.2000,2783.4000,2783.8000,2784.2000,2,1,1,1,5,1,1,1,1,1
SF,IH2009,2020-02-06 09:31:25.100,2782.0000,2577,0,18381180.000,0,-,-,-,-,2780.2000,2780.0000,2779.8000,2776.2000,2774.0000,2782.8000,2783.0000,2783.4000,2783.8000,2784.2000,2,1,1,1,5,1,1,1,1,1
SF,IH2009,2020-02-06 09:31:25.600,2782.0000,2577,0,18381180.000,0,-,-,-,-,2780.4000,2780.2000,2780.0000,2779.8000,2776.2000,2782.6000,2782.8000,2783.0000,2783.4000,2783.8000,1,2,1,1,1,1,1,1,1,1
SF,IH2009,2020-02-06 09:31:26.100,2782.0000,2577,0,18381180.000,0,-,-,-,-,2780.4000,2780.2000,2780.0000,2779.8000,2776.2000,2782.4000,2782.6000,2783.0000,2783.4000,2783.8000,1,2,1,1,1,1,1,1,1,1
SF,IH2009,2020-02-06 09:31:26.600,2782.0000,2577,0,18381180.000,0,-,-,-,-,2780.2000,2780.0000,2779.8000,2776.2000,2774.0000,2782.2000,2782.4000,2782.6000,2783.0000,2783.4000,2,1,1,1,5,1,1,1,1,1
SF,IH2009,2020-02-06 09:31:27.100,2782.0000,2577,0,18381180.000,0,-,-,-,-,2780.2000,2780.0000,2776.2000,2774.0000,2773.0000,2782.0000,2782.6000,2783.4000,2783.8000,2784.2000,2,1,1,5,1,1,1,1,1,1
SF,IH2009,2020-02-06 09:31:31.600,2780.2000,2576,-1,19215240.000,1,0,1,双平,S,2780.2000,2780.0000,2776.2000,2774.0000,2773.0000,2782.0000,2782.6000,2783.4000,2783.8000,2784.2000,1,1,1,5,1,1,1,1,1,1
SF,IH2009,2020-02-06 09:31:32.100,2780.2000,2576,0,19215240.000,0,-,-,-,-,2780.2000,2780.0000,2776.2000,2774.0000,2773.0000,2781.8000,2782.0000,2782.6000,2783.4000,2783.8000,1,1,1,5,1,1,2,1,1,1
SF,IH2009,2020-02-06 09:31:32.600,2780.2000,2576,0,19215240.000,0,-,-,-,-,2780.2000,2780.0000,2776.2000,2774.0000,2773.0000,2782.0000,2782.6000,2783.4000,2783.8000,2784.2000,1,1,1,5,1,1,1,1,1,1
SF,IH2009,2020-02-06 09:31:33.100,2780.2000,2576,0,19215240.000,0,-,-,-,-,2780.4000,2780.2000,2780.0000,2776.2000,2774.0000,2782.6000,2783.4000,2783.8000,2784.2000,2784.6000,1,1,1,1,5,1,1,1,1,1
SF,IH2009,2020-02-06 09:31:33.600,2780.2000,2576,0,19215240.000,0,-,-,-,-,2780.6000,2780.4000,2780.2000,2780.0000,2776.2000,2782.6000,2783.4000,2783.8000,2784.2000,2784.6000,1,1,1,1,1,1,1,1,1,1
SF,IH2009,2020-02-06 09:31:34.100,2780.2000,2576,0,19215240.000,0,-,-,-,-,2780.8000,2780.6000,2780.2000,2780.0000,2776.2000,2782.6000,2783.4000,2783.8000,2784.2000,2784.6000,1,1,1,1,1,1,1,1,1,1
SF,IH2009,2020-02-06 09:31:34.600,2780.2000,2576,0,19215240.000,0,-,-,-,-,2780.2000,2780.0000,2776.2000,2774.0000,2773.0000,2782.4000,2782.6000,2783.4000,2783.8000,2784.2000,1,1,1,5,1,1,1,1,1,1
SF,IH2009,2020-02-06 09:31:35.100,2780.2000,2576,0,19215240.000,0,-,-,-,-,2780.4000,2780.2000,2780.0000,2776.2000,2774.0000,2782.4000,2782.6000,2783.4000,2783.8000,2784.2000,1,1,1,1,5,1,1,1,1,1
SF,IH2009,2020-02-06 09:31:35.600,2780.2000,2576,0,19215240.000,0,-,-,-,-,2780.4000,2780.2000,2780.0000,2776.2000,2774.0000,2782.4000,2782.6000,2783.4000,2783.8000,2784.2000,1,1,1,1,5,1,1,1,1,1
SF,IH2009,2020-02-06 09:31:36.100,2780.2000,2576,0,19215240.000,0,-,-,-,-,2780.2000,2780.0000,2776.2000,2774.0000,2773.0000,2782.4000,2782.6000,2783.4000,2783.8000,2784.2000,1,1,1,5,1,1,1,1,1,1
SF,IH2009,2020-02-06 09:31:37.100,2780.2000,2576,0,19215240.000,0,-,-,-,-,2780.4000,2780.2000,2780.0000,2776.2000,2774.0000,2782.4000,2782.6000,2783.4000,2783.8000,2784.2000,1,1,1,1,5,1,1,1,1,1
SF,IH2009,2020-02-06 09:31:38.100,2782.4000,2576,0,20049960.000,1,0,1,多换,S,2782.4000,2780.2000,2780.0000,2776.2000,2774.0000,2782.6000,2783.4000,2783.8000,2784.2000,2784.6000,1,1,1,1,5,1,1,1,1,1
SF,IH2009,2020-02-06 09:31:38.600,2782.4000,2576,0,20884680.000,1,0,1,多换,S,2780.2000,2780.0000,2776.2000,2774.0000,2773.0000,2781.8000,2782.6000,2783.4000,2783.8000,2784.2000,1,1,1,5,1,2,1,1,1,1
SF,IH2009,2020-02-06 09:31:39.100,2782.4000,2576,0,20884680.000,0,-,-,-,-,2780.2000,2780.0000,2776.2000,2774.0000,2773.0000,2781.6000,2781.8000,2782.6000,2783.4000,2783.8000,1,1,1,5,1,1,2,1,1,1
SF,IH2009,2020-02-06 09:31:40.600,2782.4000,2576,0,20884680.000,0,-,-,-,-,2780.2000,2780.0000,2776.2000,2774.0000,2773.0000,2780.8000,2781.6000,2781.8000,2782.6000,2783.4000,1,1,1,5,1,1,1,2,1,1
SF,IH2009,2020-02-06 09:31:41.100,2782.4000,2576,0,20884680.000,0,-,-,-,-,2780.2000,2780.0000,2776.2000,2774.0000,2773.0000,2780.8000,2781.6000,2781.8000,2782.6000,2783.4000,1,1,1,5,1,1,1,2,1,1
SF,IH2009,2020-02-06 09:31:42.100,2780.8000,2576,0,21718920.000,1,0,1,多换,S,2780.2000,2780.0000,2776.2000,2774.0000,2773.0000,2781.6000,2781.8000,2782.6000,2783.4000,2783.8000,1,1,1,5,1,1,2,1,1,1
SF,IH2009,2020-02-06 09:31:42.600,2780.8000,2576,0,21718920.000,0,-,-,-,-,2780.2000,2780.0000,2776.2000,2774.0000,2773.0000,2781.6000,2781.8000,2782.6000,2783.4000,2783.8000,1,1,1,5,1,1,2,1,1,1
SF,IH2009,2020-02-06 09:31:47.600,2780.8000,2576,0,21718920.000,0,-,-,-,-,2780.2000,2780.0000,2776.2000,2774.0000,2773.0000,2781.6000,2781.8000,2782.6000,2783.4000,2783.8000,1,1,1,5,1,1,2,1,1,1
SF,IH2009,2020-02-06 09:31:51.600,2780.8000,2576,0,21718920.000,0,-,-,-,-,2780.2000,2780.0000,2776.2000,2774.0000,2773.0000,2781.6000,2781.8000,2782.6000,2783.4000,2783.8000,1,1,1,5,1,1,2,1,1,1
SF,IH2009,2020-02-06 09:31:54.600,2780.8000,2576,0,21718920.000,0,-,-,-,-,2780.2000,2780.0000,2776.2000,2774.0000,2773.0000,2781.6000,2781.8000,2782.6000,2783.4000,2783.8000,1,1,1,5,1,1,2,1,1,1
SF,IH2009,2020-02-06 09:31:55.100,2780.8000,2576,0,21718920.000,0,-,-,-,-,2780.2000,2780.0000,2776.2000,2774.0000,2773.0000,2781.8000,2782.6000,2783.4000,2783.8000,2784.2000,1,1,1,5,1,2,1,1,1,1
SF,IH2009,2020-02-06 09:32:00.100,2780.0000,2574,-2,23386980.000,2,0,2,双平,S,2776.2000,2774.0000,2773.0000,2772.0000,2760.0000,2781.6000,2781.8000,2782.0000,2782.6000,2783.4000,1,5,1,1,10,1,2,1,1,1
SF,IH2009,2020-02-06 09:32:00.600,2780.0000,2574,0,23386980.000,0,-,-,-,-,2776.4000,2776.2000,2774.0000,2773.0000,2772.0000,2781.4000,2781.8000,2782.6000,2783.4000,2783.8000,2,1,5,1,1,1,2,1,1,1
SF,IH2009,2020-02-06 09:32:01.100,2780.0000,2574,0,23386980.000,0,-,-,-,-,2776.4000,2776.2000,2774.0000,2773.0000,2772.0000,2781.4000,2781.8000,2782.6000,2783.4000,2783.8000,2,1,5,1,1,1,2,1,1,1
SF,IH2009,2020-02-06 09:32:02.600,2780.0000,2574,0,23386980.000,0,-,-,-,-,2776.4000,2776.2000,2774.0000,2773.0000,2772.0000,2781.4000,2781.8000,2782.6000,2783.4000,2783.8000,1,1,5,1,1,1,2,1,1,1
SF,IH2009,2020-02-06 09:32:03.100,2780.0000,2574,0,23386980.000,0,-,-,-,-,2776.4000,2776.2000,2774.0000,2773.0000,2772.0000,2781.2000,2781.4000,2781.8000,2782.6000,2783.4000,1,1,5,1,1,1,1,2,1,1
SF,IH2009,2020-02-06 09:32:03.600,2780.0000,2574,0,23386980.000,0,-,-,-,-,2776.6000,2776.4000,2776.2000,2774.0000,2773.0000,2781.0000,2781.2000,2781.8000,2782.6000,2783.4000,1,1,1,5,1,1,1,2,1,1
SF,IH2009,2020-02-06 09:32:04.100,2780.0000,2574,0,23386980.000,0,-,-,-,-,2776.8000,2776.6000,2776.2000,2774.0000,2773.0000,2781.0000,2781.2000,2781.8000,2782.6000,2783.4000,1,1,1,5,1,1,1,2,1,1
SF,IH2009,2020-02-06 09:32:04.600,2780.0000,2574,0,23386980.000,0,-,-,-,-,2776.8000,2776.2000,2774.0000,2773.0000,2772.0000,2781.0000,2781.2000,2781.8000,2782.6000,2783.4000,1,1,5,1,1,1,1,2,1,1
SF,IH2009,2020-02-06 09:32:05.100,2780.0000,2574,0,23386980.000,0,-,-,-,-,2777.0000,2776.8000,2776.2000,2774.0000,2773.0000,2781.0000,2781.2000,2781.8000,2782.6000,2783.4000,1,1,1,5,1,2,1,2,1,1
SF,IH2009,2020-02-06 09:32:05.600,2780.0000,2574,0,23386980.000,0,-,-,-,-,2779.0000,2777.2000,2777.0000,2776.2000,2774.0000,2781.0000,2781.8000,2782.6000,2783.4000,2783.8000,1,1,1,1,5,2,2,1,1,1
SF,IH2009,2020-02-06 09:32:06.100,2780.0000,2574,0,23386980.000,0,-,-,-,-,2779.2000,2779.0000,2777.2000,2776.2000,2774.0000,2780.8000,2781.0000,2781.8000,2782.6000,2783.4000,1,1,1,1,5,1,2,2,1,1
SF,IH2009,2020-02-06 09:32:06.600,2780.0000,2574,0,23386980.000,0,-,-,-,-,2779.4000,2779.0000,2777.2000,2776.2000,2774.0000,2780.0000,2780.6000,2780.8000,2781.0000,2781.8000,1,1,1,1,5,1,1,1,1,2
SF,IH2009,2020-02-06 09:32:07.100,2780.0000,2574,0,23386980.000,0,-,-,-,-,2779.4000,2779.0000,2777.2000,2776.2000,2774.0000,2780.0000,2780.6000,2780.8000,2781.0000,2781.8000,1,1,1,1,5,1,1,1,1,2
SF,IH2009,2020-02-06 09:32:08.600,2780.0000,2574,0,23386980.000,0,-,-,-,-,2779.8000,2779.4000,2779.0000,2777.2000,2776.2000,2780.0000,2780.6000,2780.8000,2781.0000,2781.8000,1,1,1,1,1,1,1,1,1,2
SF,IH2009,2020-02-06 09:32:09.100,2780.0000,2573,-1,24220980.000,1,0,1,双平,S,2779.8000,2779.0000,2777.2000,2776.2000,2774.0000,2780.6000,2780.8000,2781.0000,2781.8000,2782.6000,1,1,1,1,5,1,1,1,2,1
SF,IH2009,2020-02-06 09:32:09.600,2780.0000,2573,0,24220980.000,0,-,-,-,-,2779.8000,2779.0000,2777.2000,2776.2000,2774.0000,2780.4000,2780.6000,2780.8000,2781.0000,2781.8000,1,1,1,1,5,1,1,1,1,2
SF,IH2009,2020-02-06 09:32:10.100,2780.0000,2573,0,24220980.000,0,-,-,-,-,2779.0000,2777.2000,2776.2000,2774.0000,2773.0000,2780.6000,2781.0000,2781.8000,2782.6000,2783.4000,1,1,1,5,1,1,1,2,1,1
SF,IH2009,2020-02-06 09:32:10.600,2780.0000,2573,0,24220980.000,0,-,-,-,-,2779.8000,2779.2000,2779.0000,2776.2000,2774.0000,2781.0000,2781.8000,2782.6000,2783.4000,2783.8000,1,2,1,1,5,1,2,1,1,1
SF,IH2009,2020-02-06 09:32:11.100,2780.0000,2573,0,24220980.000,0,-,-,-,-,2779.0000,2776.2000,2774.0000,2773.0000,2772.0000,2780.8000,2781.0000,2781.8000,2782.6000,2783.4000,1,1,5,1,1,2,1,2,1,1
SF,IH2009,2020-02-06 09:32:11.600,2779.8000,2573,0,25054920.000,1,0,1,多换,S,2779.2000,2779.0000,2776.2000,2774.0000,2773.0000,2779.8000,2780.8000,2781.0000,2781.8000,2782.6000,1,1,1,5,1,1,1,1,2,1
SF,IH2009,2020-02-06 09:32:12.100,2779.8000,2573,0,25888860.000,1,0,1,多换,S,2779.2000,2779.0000,2776.2000,2774.0000,2773.0000,2781.8000,2782.6000,2783.4000,2783.8000,2784.2000,1,1,1,5,1,2,1,1,1,1
SF,IH2009,2020-02-06 09:32:12.600,2779.8000,2573,0,25888860.000,0,-,-,-,-,2779.2000,2779.0000,2776.2000,2774.0000,2773.0000,2781.0000,2781.6000,2781.8000,2782.6000,2783.4000,1,1,1,5,1,1,1,2,1,1
SF,IH2009,2020-02-06 09:32:13.100,2779.8000,2573,0,25888860.000,0,-,-,-,-,2779.2000,2779.0000,2776.2000,2774.0000,2773.0000,2780.8000,2781.0000,2781.8000,2782.6000,2783.4000,1,1,1,5,1,1,1,2,1,1
SF,IH2009,2020-02-06 09:32:13.600,2779.8000,2573,0,25888860.000,0,-,-,-,-,2779.4000,2779.2000,2779.0000,2776.2000,2774.0000,2780.8000,2781.8000,2782.6000,2783.4000,2783.8000,1,1,1,1,5,1,2,1,1,1
SF,IH2009,2020-02-06 09:32:14.100,2779.8000,2573,0,25888860.000,0,-,-,-,-,2779.6000,2779.4000,2779.2000,2779.0000,2776.2000,2781.8000,2782.6000,2783.4000,2783.8000,2784.2000,1,1,1,1,1,2,1,1,1,1
SF,IH2009,2020-02-06 09:32:14.600,2779.8000,2573,0,25888860.000,0,-,-,-,-,2779.6000,2779.4000,2779.2000,2779.0000,2776.2000,2781.0000,2781.6000,2781.8000,2782.6000,2783.4000,1,1,1,1,1,1,1,2,1,1
SF,IH2009,2020-02-06 09:32:15.100,2779.8000,2573,0,25888860.000,0,-,-,-,-,2779.8000,2779.6000,2779.4000,2779.2000,2779.0000,2781.0000,2781.8000,2782.6000,2783.4000,2783.8000,1,1,1,1,1,1,2,1,1,1
SF,IH2009,2020-02-06 09:32:15.600,2781.0000,2572,-1,26723160.000,1,0,1,双平,S,2780.0000,2779.8000,2779.6000,2779.2000,2779.0000,2781.8000,2782.6000,2783.4000,2783.8000,2784.2000,1,1,1,1,1,2,1,1,1,1
SF,IH2009,2020-02-06 09:32:16.100,2781.0000,2572,0,26723160.000,0,-,-,-,-,2780.2000,2780.0000,2779.6000,2779.2000,2779.0000,2781.8000,2782.6000,2783.4000,2783.8000,2784.2000,3,1,1,1,1,2,1,1,1,1
SF,IH2009,2020-02-06 09:32:16.600,2781.0000,2572,0,26723160.000,0,-,-,-,-,2780.4000,2780.2000,2779.6000,2779.2000,2779.0000,2781.8000,2782.6000,2783.4000,2783.8000,2784.2000,1,3,1,1,1,2,1,1,1,1
SF,IH2009,2020-02-06 09:32:17.100,2781.0000,2572,0,26723160.000,0,-,-,-,-,2780.6000,2780.4000,2780.2000,2779.6000,2779.0000,2781.8000,2782.6000,2783.4000,2783.8000,2784.2000,1,1,3,1,1,2,1,1,1,1
SF,IH2009,2020-02-06 09:32:17.600,2781.0000,2572,0,26723160.000,0,-,-,-,-,2780.8000,2780.6000,2780.2000,2779.0000,2776.2000,2781.8000,2783.4000,2783.8000,2784.2000,2784.6000,1,1,2,1,1,2,1,1,1,1
SF,IH2009,2020-02-06 09:32:18.100,2781.0000,2572,0,26723160.000,0,-,-,-,-,2780.8000,2780.6000,2780.2000,2779.0000,2776.2000,2781.6000,2781.8000,2783.4000,2783.8000,2784.2000,1,1,1,1,1,1,2,1,1,1
SF,IH2009,2020-02-06 09:32:18.600,2781.0000,2572,0,26723160.000,0,-,-,-,-,2780.2000,2779.0000,2776.2000,2774.0000,2773.0000,2781.8000,2783.4000,2783.8000,2784.2000,2784.6000,1,1,1,5,1,2,1,1,1,1
SF,IH2009,2020-02-06 09:32:19.100,2781.0000,2572,0,26723160.000,0,-,-,-,-,2780.4000,2780.2000,2779.0000,2776.2000,2774.0000,2781.8000,2783.4000,2783.8000,2784.2000,2784.6000,2,1,1,1,5,2,1,1,1,1
SF,IH2009,2020-02-06 09:32:19.600,2781.0000,2572,0,26723160.000,0,-,-,-,-,2780.4000,2780.2000,2779.0000,2776.2000,2774.0000,2781.6000,2781.8000,2783.4000,2783.8000,2784.2000,2,1,1,1,5,2,2,1,1,1
SF,IH2009,2020-02-06 09:32:20.100,2781.0000,2572,0,26723160.000,0,-,-,-,-,2780.6000,2780.4000,2780.2000,2779.0000,2776.2000,2781.6000,2781.8000,2783.4000,2783.8000,2784.2000,1,1,1,1,1,2,2,1,1,1
SF,IH2009,2020-02-06 09:32:20.600,2781.6000,2571,-1,28392120.000,2,0,2,多平,S,2780.6000,2780.2000,2779.0000,2776.2000,2774.0000,2781.8000,2783.4000,2783.8000,2784.2000,2784.6000,1,1,1,1,5,2,1,1,1,1
SF,IH2009,2020-02-06 09:32:21.100,2781.8000,2570,-1,29226660.000,1,0,1,双平,S,2780.8000,2780.2000,2779.0000,2776.2000,2774.0000,2783.4000,2783.8000,2784.2000,2784.6000,2785.0000,2,1,1,1,5,1,1,1,1,1
SF,IH2009,2020-02-06 09:32:21.600,2781.8000,2570,0,29226660.000,0,-,-,-,-,2780.8000,2780.2000,2779.0000,2776.2000,2774.0000,2783.2000,2783.8000,2784.2000,2784.6000,2785.0000,1,1,1,1,5,1,1,1,1,1
SF,IH2009,2020-02-06 09:32:22.100,2781.8000,2570,0,29226660.000,0,-,-,-,-,2780.2000,2779.0000,2776.2000,2774.0000,2773.0000,2782.8000,2783.2000,2783.8000,2784.2000,2784.6000,1,1,1,5,1,1,1,1,1,1
SF,IH2009,2020-02-06 09:32:22.600,2781.8000,2570,0,29226660.000,0,-,-,-,-,2781.0000,2779.0000,2776.2000,2774.0000,2773.0000,2782.6000,2782.8000,2783.8000,2784.2000,2784.6000,1,1,1,5,1,1,1,1,1,1
SF,IH2009,2020-02-06 09:32:23.100,2781.8000,2570,0,29226660.000,0,-,-,-,-,2781.0000,2779.0000,2776.2000,2774.0000,2773.0000,2782.6000,2782.8000,2783.8000,2784.2000,2784.6000,1,1,1,5,1,1,1,1,1,1
SF,IH2009,2020-02-06 09:32:23.600,2781.8000,2570,0,29226660.000,0,-,-,-,-,2781.2000,2781.0000,2779.0000,2776.2000,2774.0000,2782.6000,2783.8000,2784.2000,2784.6000,2785.0000,1,1,1,1,5,1,1,1,1,1
SF,IH2009,2020-02-06 09:32:24.600,2781.8000,2570,0,29226660.000,0,-,-,-,-,2781.4000,2781.2000,2779.0000,2776.2000,2774.0000,2782.6000,2783.8000,2784.2000,2784.6000,2785.0000,1,1,1,1,5,1,1,1,1,1
SF,IH2009,2020-02-06 09:32:25.100,2781.8000,2570,0,29226660.000,0,-,-,-,-,2782.8000,2781.4000,2781.2000,2779.0000,2776.2000,2783.8000,2784.2000,2784.6000,2785.0000,2788.8000,1,1,1,1,1,1,1,1,1,1
SF,IH2009,2020-02-06 09:32:25.600,2782.8000,2570,0,30061500.000,1,0,1,多换,S,2781.4000,2779.0000,2776.2000,2774.0000,2773.0000,2782.6000,2783.8000,2784.2000,2784.6000,2785.0000,1,1,1,5,1,1,1,1,1,1
SF,IH2009,2020-02-06 09:32:26.100,2782.8000,2570,0,30061500.000,0,-,-,-,-,2781.6000,2781.4000,2779.0000,2776.2000,2774.0000,2782.6000,2783.8000,2784.2000,2784.6000,2785.0000,1,1,1,1,5,1,1,1,1,1
SF,IH2009,2020-02-06 09:32:27.600,2782.8000,2570,0,30061500.000,0,-,-,-,-,2781.6000,2781.4000,2779.0000,2776.2000,2774.0000,2782.6000,2783.8000,2784.2000,2784.6000,2785.0000,1,1,1,1,5,1,2,1,1,1
SF,IH2009,2020-02-06 09:32:28.100,2781.6000,2569,-1,30895980.000,1,0,1,双平,S,2781.4000,2779.0000,2776.2000,2774.0000,2773.0000,2782.6000,2783.8000,2784.2000,2784.6000,2785.0000,1,1,1,5,1,1,2,1,1,1
SF,IH2009,2020-02-06 09:32:28.600,2781.6000,2569,0,30895980.000,0,-,-,-,-,2781.4000,2779.0000,2776.2000,2774.0000,2773.0000,2782.4000,2782.6000,2783.8000,2784.2000,2784.6000,1,1,1,5,1,3,1,2,1,1
SF,IH2009,2020-02-06 09:32:29.100,2781.6000,2569,0,30895980.000,0,-,-,-,-,2779.0000,2776.2000,2774.0000,2773.0000,2772.0000,2782.4000,2782.6000,2783.8000,2784.2000,2784.6000,1,1,5,1,1,3,1,2,1,1
SF,IH2009,2020-02-06 09:32:29.600,2781.6000,2569,0,30895980.000,0,-,-,-,-,2780.2000,2779.2000,2779.0000,2776.2000,2774.0000,2782.6000,2783.8000,2784.2000,2784.6000,2785.0000,1,2,2,1,5,1,2,1,1,1
SF,IH2009,2020-02-06 09:32:30.100,2781.6000,2569,0,30895980.000,0,-,-,-,-,2780.2000,2779.2000,2779.0000,2776.2000,2774.0000,2782.4000,2782.6000,2783.8000,2784.2000,2784.6000,1,2,1,1,5,1,1,1,1,1
SF,IH2009,2020-02-06 09:32:30.600,2781.6000,2569,0,30895980.000,0,-,-,-,-,2780.4000,2780.2000,2779.2000,2779.0000,2776.2000,2782.0000,2783.8000,2784.2000,2784.6000,2785.0000,1,1,1,1,1,1,1,1,1,1
SF,IH2009,2020-02-06 09:32:31.100,2781.6000,2569,0,30895980.000,0,-,-,-,-,2780.4000,2780.2000,2779.2000,2779.0000,2776.2000,2781.8000,2782.0000,2783.8000,2784.2000,2784.6000,1,1,1,1,1,2,1,1,1,1
SF,IH2009,2020-02-06 09:32:31.600,2781.6000,2569,0,30895980.000,0,-,-,-,-,2780.2000,2779.0000,2776.2000,2774.0000,2773.0000,2781.6000,2781.8000,2782.0000,2783.8000,2784.2000,1,1,1,5,1,1,2,1,1,1
SF,IH2009,2020-02-06 09:32:32.100,2780.2000,2568,-1,31730040.000,1,0,1,双平,S,2779.0000,2776.2000,2774.0000,2773.0000,2772.0000,2781.6000,2781.8000,2782.0000,2783.8000,2784.2000,1,1,5,1,1,1,2,1,1,1
SF,IH2009,2020-02-06 09:32:34.600,2780.2000,2568,0,31730040.000,0,-,-,-,-,2779.0000,2776.2000,2774.0000,2773.0000,2772.0000,2781.2000,2781.6000,2781.8000,2783.8000,2784.2000,1,1,5,1,1,1,1,2,1,1
SF,IH2009,2020-02-06 09:32:35.100,2780.2000,2568,0,31730040.000,0,-,-,-,-,2779.0000,2776.2000,2774.0000,2773.0000,2772.0000,2781.0000,2781.2000,2783.8000,2784.2000,2784.6000,1,1,5,1,1,1,1,1,1,1
SF,IH2009,2020-02-06 09:32:35.600,2780.2000,2568,0,31730040.000,0,-,-,-,-,2779.2000,2779.0000,2776.2000,2774.0000,2773.0000,2781.0000,2781.2000,2783.8000,2784.2000,2784.6000,1,1,1,5,1,1,1,1,1,1
SF,IH2009,2020-02-06 09:32:36.100,2780.2000,2568,0,31730040.000,0,-,-,-,-,2780.0000,2779.2000,2779.0000,2776.2000,2774.0000,2781.2000,2783.8000,2784.2000,2784.6000,2785.0000,1,1,1,1,5,1,1,1,1,1
SF,IH2009,2020-02-06 09:32:36.600,2780.2000,2568,0,31730040.000,0,-,-,-,-,2780.0000,2779.2000,2779.0000,2776.2000,2774.0000,2781.0000,2781.2000,2783.8000,2784.2000,2784.6000,1,1,1,1,5,2,1,1,1,1
SF,IH2009,2020-02-06 09:32:37.100,2780.2000,2568,0,31730040.000,0,-,-,-,-,2780.2000,2780.0000,2779.0000,2776.2000,2774.0000,2781.0000,2781.2000,2783.8000,2784.2000,2784.6000,1,1,1,1,5,2,1,1,1,1
SF,IH2009,2020-02-06 09:32:37.600,2780.2000,2568,0,31730040.000,0,-,-,-,-,2780.0000,2779.0000,2776.2000,2774.0000,2773.0000,2781.2000,2783.8000,2784.2000,2784.6000,2785.0000,1,1,1,5,1,1,1,1,1,1
SF,IH2009,2020-02-06 09:32:38.100,2780.2000,2568,0,31730040.000,0,-,-,-,-,2780.2000,2780.0000,2779.0000,2776.2000,2774.0000,2781.2000,2783.8000,2784.2000,2784.6000,2785.0000,1,1,1,1,5,1,1,1,1,1
SF,IH2009,2020-02-06 09:32:38.600,2780.2000,2568,0,31730040.000,0,-,-,-,-,2780.0000,2779.0000,2776.2000,2774.0000,2773.0000,2781.2000,2783.8000,2784.2000,2784.6000,2785.0000,1,1,1,5,1,1,1,1,1,1
SF,IH2009,2020-02-06 09:32:39.100,2781.2000,2568,0,32564400.000,1,0,1,多换,S,2780.2000,2780.0000,2779.0000,2776.2000,2774.0000,2783.8000,2784.2000,2784.6000,2785.0000,2788.8000,1,1,1,1,5,1,1,1,1,1
SF,IH2009,2020-02-06 09:32:39.600,2781.2000,2568,0,32564400.000,0,-,-,-,-,2780.4000,2780.0000,2779.0000,2776.2000,2774.0000,2783.6000,2783.8000,2784.2000,2784.6000,2785.0000,1,1,1,1,5,1,1,1,1,1
SF,IH2009,2020-02-06 09:32:40.100,2781.2000,2568,0,32564400.000,0,-,-,-,-,2780.4000,2780.0000,2779.0000,2776.2000,2774.0000,2783.4000,2783.6000,2783.8000,2784.2000,2784.6000,1,1,1,1,5,1,1,1,1,1
SF,IH2009,2020-02-06 09:32:40.600,2781.2000,2568,0,32564400.000,0,-,-,-,-,2780.0000,2779.0000,2776.2000,2774.0000,2773.0000,2783.2000,2783.4000,2783.8000,2784.2000,2784.6000,1,1,1,5,1,1,1,1,1,1
SF,IH2009,2020-02-06 09:32:41.100,2781.2000,2568,0,32564400.000,0,-,-,-,-,2780.2000,2780.0000,2779.0000,2776.2000,2774.0000,2783.2000,2783.4000,2783.8000,2784.2000,2784.6000,1,1,1,1,5,1,1,1,1,1
SF,IH2009,2020-02-06 09:32:41.600,2781.2000,2568,0,32564400.000,0,-,-,-,-,2780.0000,2779.0000,2776.2000,2774.0000,2773.0000,2783.2000,2783.4000,2783.8000,2784.2000,2784.6000,1,1,1,5,1,1,1,1,1,1
SF,IH2009,2020-02-06 09:32:42.100,2781.2000,2568,0,32564400.000,0,-,-,-,-,2780.2000,2780.0000,2779.0000,2776.2000,2774.0000,2783.2000,2783.4000,2783.8000,2784.2000,2784.6000,1,1,1,1,5,1,1,1,1,1
SF,IH2009,2020-02-06 09:32:42.600,2781.2000,2568,0,32564400.000,0,-,-,-,-,2780.2000,2780.0000,2779.0000,2776.2000,2774.0000,2782.6000,2783.2000,2783.4000,2783.8000,2784.2000,1,1,1,1,5,1,1,1,1,1
SF,IH2009,2020-02-06 09:32:43.100,2781.2000,2568,0,32564400.000,0,-,-,-,-,2780.0000,2779.0000,2776.2000,2774.0000,2773.0000,2782.2000,2782.4000,2783.4000,2783.8000,2784.2000,1,1,1,5,1,2,1,1,1,1
SF,IH2009,2020-02-06 09:32:43.600,2781.2000,2568,0,32564400.000,0,-,-,-,-,2780.0000,2779.0000,2776.2000,2774.0000,2773.0000,2782.0000,2782.2000,2783.4000,2783.8000,2784.2000,1,1,1,5,1,1,2,1,1,1
SF,IH2009,2020-02-06 09:32:44.100,2781.2000,2568,0,32564400.000,0,-,-,-,-,2780.0000,2779.0000,2776.2000,2774.0000,2773.0000,2781.8000,2782.0000,2783.4000,2783.8000,2784.2000,1,1,1,5,1,2,1,1,1,1
SF,IH2009,2020-02-06 09:32:44.600,2781.2000,2568,0,32564400.000,0,-,-,-,-,2780.0000,2779.0000,2776.2000,2774.0000,2773.0000,2781.6000,2781.8000,2782.0000,2783.4000,2783.8000,1,1,1,5,1,1,2,1,1,1
SF,IH2009,2020-02-06 09:32:45.100,2781.2000,2568,0,32564400.000,0,-,-,-,-,2780.0000,2779.0000,2776.2000,2774.0000,2773.0000,2781.4000,2781.6000,2783.4000,2783.8000,2784.2000,1,1,1,5,1,2,1,1,1,1
SF,IH2009,2020-02-06 09:32:45.600,2781.2000,2568,0,32564400.000,0,-,-,-,-,2780.0000,2779.0000,2776.2000,2774.0000,2773.0000,2781.2000,2781.4000,2783.4000,2783.8000,2784.2000,1,1,1,5,1,1,2,1,1,1
SF,IH2009,2020-02-06 09:32:46.100,2781.2000,2568,0,32564400.000,0,-,-,-,-,2780.0000,2779.0000,2776.2000,2774.0000,2773.0000,2781.0000,2781.2000,2783.4000,2783.8000,2784.2000,1,1,1,5,1,2,1,1,1,1
SF,IH2009,2020-02-06 09:32:46.600,2781.2000,2568,0,32564400.000,0,-,-,-,-,2780.0000,2779.0000,2776.2000,2774.0000,2773.0000,2781.0000,2781.2000,2783.4000,2783.8000,2784.2000,1,1,1,5,1,2,1,1,1,1
SF,IH2009,2020-02-06 09:32:47.100,2781.2000,2568,0,32564400.000,0,-,-,-,-,2780.0000,2779.0000,2776.2000,2774.0000,2773.0000,2781.0000,2781.2000,2783.4000,2783.8000,2784.2000,1,1,1,5,1,2,1,1,1,1
SF,IH2009,2020-02-06 09:32:47.600,2780.0000,2568,0,33398400.000,1,0,1,多换,S,2779.0000,2776.2000,2774.0000,2773.0000,2772.0000,2781.0000,2781.2000,2783.4000,2783.8000,2784.2000,1,1,5,1,1,2,1,1,1,1
SF,IH2009,2020-02-06 09:32:48.100,2780.0000,2568,0,33398400.000,0,-,-,-,-,2779.0000,2776.2000,2774.0000,2773.0000,2772.0000,2780.8000,2783.4000,2783.8000,2784.2000,2784.6000,1,1,5,1,1,3,1,1,1,1
SF,IH2009,2020-02-06 09:32:48.600,2780.0000,2568,0,33398400.000,0,-,-,-,-,2776.2000,2774.0000,2773.0000,2772.0000,2760.0000,2780.8000,2783.4000,2783.8000,2784.2000,2784.6000,1,5,1,1,10,3,1,1,1,1
SF,IH2009,2020-02-06 09:32:49.100,2780.0000,2568,0,33398400.000,0,-,-,-,-,2776.8000,2776.4000,2776.2000,2774.0000,2773.0000,2780.8000,2783.4000,2783.8000,2784.2000,2784.6000,1,1,1,5,1,1,1,1,1,1
SF,IH2009,2020-02-06 09:32:49.600,2780.0000,2568,0,33398400.000,0,-,-,-,-,2777.0000,2776.8000,2776.2000,2774.0000,2773.0000,2780.8000,2783.4000,2783.8000,2784.2000,2784.6000,1,1,1,5,1,1,1,1,1,1
SF,IH2009,2020-02-06 09:32:50.100,2780.0000,2568,0,33398400.000,0,-,-,-,-,2777.0000,2776.2000,2774.0000,2773.0000,2772.0000,2780.8000,2783.4000,2783.8000,2784.2000,2784.6000,1,1,5,1,1,1,1,1,1,1
SF,IH2009,2020-02-06 09:32:50.600,2780.0000,2568,0,33398400.000,0,-,-,-,-,2777.0000,2776.2000,2774.0000,2773.0000,2772.0000,2779.8000,2780.8000,2783.4000,2783.8000,2784.2000,1,1,5,1,1,1,1,1,1,1
SF,IH2009,2020-02-06 09:32:51.100,2780.0000,2568,0,33398400.000,0,-,-,-,-,2777.0000,2776.2000,2774.0000,2773.0000,2772.0000,2779.4000,2779.8000,2780.8000,2783.4000,2783.8000,1,1,5,1,1,1,1,1,1,1
SF,IH2009,2020-02-06 09:32:51.600,2779.8000,2568,0,34232340.000,1,0,1,多换,S,2777.0000,2776.2000,2774.0000,2773.0000,2772.0000,2780.8000,2783.4000,2783.8000,2784.2000,2784.6000,1,1,5,1,1,1,1,1,1,1
SF,IH2009,2020-02-06 09:32:52.100,2779.8000,2568,0,34232340.000,0,-,-,-,-,2777.0000,2776.2000,2774.0000,2773.0000,2772.0000,2780.8000,2783.4000,2783.8000,2784.2000,2784.6000,1,1,5,1,1,1,1,1,1,1
SF,IH2009,2020-02-06 09:32:52.600,2779.8000,2568,0,34232340.000,0,-,-,-,-,2777.0000,2776.2000,2774.0000,2773.0000,2772.0000,2780.8000,2783.4000,2783.8000,2784.2000,2784.6000,1,1,5,1,1,1,1,1,1,1
SF,IH2009,2020-02-06 09:32:53.100,2779.8000,2568,0,34232340.000,0,-,-,-,-,2777.0000,2776.2000,2774.0000,2773.0000,2772.0000,2780.8000,2783.4000,2783.8000,2784.2000,2784.6000,1,1,5,1,1,1,1,1,1,1
SF,IH2009,2020-02-06 09:32:53.600,2779.8000,2568,0,34232340.000,0,-,-,-,-,2777.0000,2776.2000,2774.0000,2773.0000,2772.0000,2780.8000,2783.4000,2783.8000,2784.2000,2784.6000,1,1,5,1,1,1,1,1,1,1
SF,IH2009,2020-02-06 09:32:54.100,2779.8000,2568,0,34232340.000,0,-,-,-,-,2777.0000,2776.2000,2774.0000,2773.0000,2772.0000,2780.8000,2783.4000,2783.8000,2784.2000,2784.6000,1,1,5,1,1,1,1,1,1,1
SF,IH2009,2020-02-06 09:32:54.600,2779.8000,2568,0,34232340.000,0,-,-,-,-,2777.0000,2776.2000,2774.0000,2773.0000,2772.0000,2780.8000,2783.4000,2783.8000,2784.2000,2784.6000,1,1,5,1,1,1,1,1,1,1
SF,IH2009,2020-02-06 09:32:55.100,2779.8000,2568,0,34232340.000,0,-,-,-,-,2777.0000,2776.2000,2774.0000,2773.0000,2772.0000,2780.8000,2783.4000,2783.8000,2784.2000,2784.6000,1,1,5,1,1,1,1,1,1,1
SF,IH2009,2020-02-06 09:32:55.600,2779.8000,2568,0,34232340.000,0,-,-,-,-,2777.0000,2776.2000,2774.0000,2773.0000,2772.0000,2780.8000,2783.4000,2783.8000,2784.2000,2784.6000,1,1,5,1,1,1,1,1,1,1
SF,IH2009,2020-02-06 09:32:56.100,2779.8000,2568,0,34232340.000,0,-,-,-,-,2777.0000,2776.2000,2773.0000,2772.0000,2770.2000,2780.8000,2783.4000,2783.8000,2784.2000,2784.6000,1,1,1,1,5,1,1,1,1,1
SF,IH2009,2020-02-06 09:32:56.600,2779.8000,2568,0,34232340.000,0,-,-,-,-,2777.0000,2776.2000,2773.0000,2772.0000,2770.2000,2780.8000,2783.4000,2783.8000,2784.2000,2784.6000,1,1,1,1,5,1,1,1,1,1
SF,IH2009,2020-02-06 09:32:57.100,2780.6000,2568,0,36734880.000,3,1,2,多换,S,2776.2000,2773.0000,2772.0000,2770.2000,2760.0000,2780.8000,2783.4000,2783.8000,2784.2000,2784.6000,1,1,1,5,10,1,1,1,1,1
SF,IH2009,2020-02-06 09:32:57.600,2780.6000,2568,0,36734880.000,0,-,-,-,-,2776.4000,2776.2000,2773.0000,2772.0000,2770.2000,2780.6000,2780.8000,2783.4000,2783.8000,2784.2000,1,1,1,1,5,1,1,1,1,1
SF,IH2009,2020-02-06 09:32:58.100,2780.6000,2568,0,36734880.000,0,-,-,-,-,2776.4000,2776.2000,2773.0000,2772.0000,2770.2000,2780.4000,2780.6000,2783.4000,2783.8000,2784.2000,1,1,1,1,5,1,1,1,1,1
SF,IH2009,2020-02-06 09:33:03.600,2780.6000,2568,0,36734880.000,0,-,-,-,-,2776.4000,2776.2000,2773.0000,2772.0000,2770.2000,2780.0000,2780.4000,2780.6000,2783.4000,2783.8000,1,1,1,1,5,2,1,1,1,1
SF,IH2009,2020-02-06 09:33:04.100,2780.6000,2568,0,36734880.000,0,-,-,-,-,2776.2000,2773.0000,2772.0000,2770.2000,2760.0000,2779.8000,2780.0000,2780.6000,2783.4000,2783.8000,1,1,1,5,10,1,2,1,1,1
SF,IH2009,2020-02-06 09:33:04.600,2780.6000,2568,0,36734880.000,0,-,-,-,-,2776.2000,2773.0000,2772.0000,2770.2000,2760.0000,2779.6000,2779.8000,2780.0000,2780.6000,2783.4000,1,1,1,5,10,1,2,2,1,1
SF,IH2009,2020-02-06 09:33:05.100,2780.6000,2568,0,36734880.000,0,-,-,-,-,2776.4000,2776.2000,2773.0000,2772.0000,2770.2000,2779.4000,2779.6000,2779.8000,2780.0000,2780.6000,2,1,1,1,5,1,1,1,2,1
SF,IH2009,2020-02-06 09:33:05.600,2780.6000,2568,0,36734880.000,0,-,-,-,-,2776.4000,2776.2000,2773.0000,2772.0000,2770.2000,2778.8000,2779.2000,2779.4000,2779.6000,2779.8000,1,1,1,1,5,1,1,1,1,1
SF,IH2009,2020-02-06 09:33:06.100,2780.6000,2568,0,36734880.000,0,-,-,-,-,2776.4000,2776.2000,2773.0000,2772.0000,2770.2000,2778.4000,2778.6000,2779.2000,2779.6000,2779.8000,1,1,1,1,5,2,2,1,1,1
SF,IH2009,2020-02-06 09:33:06.600,2780.6000,2568,0,36734880.000,0,-,-,-,-,2776.2000,2773.0000,2772.0000,2766.4000,2760.0000,2778.2000,2778.6000,2779.2000,2779.6000,2779.8000,1,1,1,5,10,2,1,1,1,1
SF,IH2009,2020-02-06 09:33:07.100,2776.2000,2567,-1,37567740.000,1,0,1,双平,S,2773.0000,2772.0000,2766.4000,2760.0000,2759.8000,2778.0000,2778.6000,2779.2000,2779.6000,2779.8000,1,1,5,10,1,4,1,1,1,1
SF,IH2009,2020-02-06 09:33:07.600,2776.2000,2567,0,37567740.000,0,-,-,-,-,2773.2000,2773.0000,2772.0000,2766.4000,2760.0000,2778.0000,2778.6000,2779.2000,2779.6000,2779.8000,3,1,1,5,10,1,1,1,1,1
SF,IH2009,2020-02-06 09:33:08.100,2776.2000,2567,0,37567740.000,0,-,-,-,-,2773.2000,2773.0000,2772.0000,2766.4000,2760.0000,2778.0000,2778.6000,2779.2000,2779.6000,2780.0000,3,1,1,5,10,1,1,1,1,2
SF,IH2009,2020-02-06 09:33:08.600,2776.2000,2567,0,37567740.000,0,-,-,-,-,2773.2000,2773.0000,2772.0000,2766.4000,2760.0000,2777.8000,2779.2000,2779.6000,2780.0000,2780.6000,2,1,1,5,10,1,1,2,1,1
SF,IH2009,2020-02-06 09:33:09.100,2776.2000,2567,0,37567740.000,0,-,-,-,-,2773.4000,2773.2000,2773.0000,2772.0000,2766.4000,2779.2000,2779.6000,2780.0000,2780.6000,2783.4000,1,2,1,1,5,1,2,1,1,1
SF,IH2009,2020-02-06 09:33:09.600,2776.2000,2567,0,37567740.000,0,-,-,-,-,2773.6000,2773.4000,2773.0000,2772.0000,2766.4000,2779.0000,2779.6000,2780.0000,2780.6000,2783.4000,1,1,1,1,5,1,1,1,1,1
SF,IH2009,2020-02-06 09:33:10.100,2776.2000,2567,0,37567740.000,0,-,-,-,-,2773.6000,2773.0000,2772.0000,2766.4000,2760.0000,2779.0000,2779.6000,2780.0000,2780.6000,2783.4000,1,1,1,5,10,1,1,1,1,1
SF,IH2009,2020-02-06 09:33:11.600,2776.2000,2567,0,37567740.000,0,-,-,-,-,2777.2000,2773.6000,2773.0000,2772.0000,2766.4000,2779.0000,2779.6000,2780.0000,2780.6000,2783.4000,1,1,1,1,5,1,1,1,1,1
SF,IH2009,2020-02-06 09:33:12.100,2777.2000,2567,0,38400900.000,1,0,1,多换,S,2773.0000,2772.0000,2766.4000,2760.0000,2759.8000,2777.0000,2778.6000,2779.6000,2780.0000,2780.6000,1,1,5,10,1,2,2,1,1,1
SF,IH2009,2020-02-06 09:33:12.600,2777.2000,2567,0,38400900.000,0,-,-,-,-,2773.2000,2773.0000,2772.0000,2766.4000,2760.0000,2777.0000,2779.6000,2780.0000,2780.6000,2785.4000,1,1,1,5,10,2,1,1,1,6
SF,IH2009,2020-02-06 09:33:13.100,2777.2000,2567,0,38400900.000,0,-,-,-,-,2773.8000,2773.4000,2773.2000,2773.0000,2772.0000,2777.0000,2779.6000,2780.0000,2780.6000,2785.4000,1,1,1,1,1,2,1,1,1,6
SF,IH2009,2020-02-06 09:33:13.600,2777.2000,2567,0,38400900.000,0,-,-,-,-,2774.0000,2773.8000,2773.4000,2773.0000,2772.0000,2777.0000,2779.6000,2780.0000,2780.6000,2785.4000,1,1,1,1,1,2,1,1,1,6
SF,IH2009,2020-02-06 09:33:14.100,2777.2000,2567,0,38400900.000,0,-,-,-,-,2774.2000,2774.0000,2773.0000,2772.0000,2766.4000,2776.8000,2777.0000,2779.6000,2780.0000,2780.6000,1,1,1,1,5,1,2,1,1,1
SF,IH2009,2020-02-06 09:33:14.600,2777.2000,2567,0,38400900.000,0,-,-,-,-,2774.4000,2774.2000,2773.0000,2772.0000,2766.4000,2777.0000,2779.6000,2780.0000,2780.6000,2785.4000,1,1,1,1,5,2,1,1,1,6
SF,IH2009,2020-02-06 09:33:15.100,2777.2000,2567,0,38400900.000,0,-,-,-,-,2773.0000,2772.0000,2766.4000,2760.0000,2759.8000,2776.8000,2777.0000,2779.6000,2780.0000,2780.6000,1,1,5,10,1,1,2,1,1,1
SF,IH2009,2020-02-06 09:33:15.600,2777.2000,2567,0,38400900.000,0,-,-,-,-,2773.2000,2773.0000,2772.0000,2766.4000,2760.0000,2776.8000,2777.0000,2780.0000,2780.6000,2785.4000,1,1,1,5,10,1,2,1,1,6
SF,IH2009,2020-02-06 09:33:17.100,2777.2000,2567,0,38400900.000,0,-,-,-,-,2774.2000,2773.2000,2773.0000,2772.0000,2766.4000,2776.8000,2777.0000,2780.0000,2780.6000,2785.4000,1,1,1,1,5,1,2,1,1,6
SF,IH2009,2020-02-06 09:33:17.600,2777.2000,2567,0,38400900.000,0,-,-,-,-,2774.4000,2774.2000,2773.0000,2772.0000,2766.4000,2777.0000,2780.0000,2780.6000,2785.4000,2788.8000,1,1,1,1,5,2,1,1,6,1
SF,IH2009,2020-02-06 09:33:18.100,2777.2000,2567,0,38400900.000,0,-,-,-,-,2774.4000,2773.0000,2772.0000,2766.4000,2760.0000,2777.0000,2780.0000,2780.6000,2785.4000,2788.8000,1,1,1,5,10,2,1,1,6,1
SF,IH2009,2020-02-06 09:33:18.600,2777.2000,2567,0,38400900.000,0,-,-,-,-,2775.0000,2774.4000,2773.0000,2772.0000,2766.4000,2777.0000,2780.0000,2780.6000,2785.4000,2788.8000,1,1,1,1,5,2,1,1,6,1
SF,IH2009,2020-02-06 09:33:19.100,2777.2000,2567,0,38400900.000,0,-,-,-,-,2775.2000,2775.0000,2773.0000,2772.0000,2766.4000,2777.0000,2780.0000,2780.6000,2785.4000,2788.8000,1,1,1,1,5,2,1,1,6,1
SF,IH2009,2020-02-06 09:33:19.600,2777.2000,2567,0,38400900.000,0,-,-,-,-,2775.2000,2775.0000,2773.0000,2772.0000,2766.4000,2777.0000,2780.0000,2780.6000,2785.4000,2788.8000,1,1,1,1,5,2,1,1,6,1
SF,IH2009,2020-02-06 09:33:20.100,2777.2000,2567,0,38400900.000,0,-,-,-,-,2775.8000,2775.2000,2773.0000,2772.0000,2766.4000,2780.0000,2780.6000,2785.4000,2788.8000,2789.6000,1,1,1,1,5,1,1,6,1,1
SF,IH2009,2020-02-06 09:33:20.600,2777.2000,2567,0,38400900.000,0,-,-,-,-,2776.0000,2773.0000,2772.0000,2766.4000,2760.0000,2779.8000,2780.0000,2780.6000,2785.4000,2788.8000,1,1,1,5,10,2,1,1,6,1
SF,IH2009,2020-02-06 09:33:21.600,2777.2000,2567,0,38400900.000,0,-,-,-,-,2773.0000,2772.0000,2766.4000,2760.0000,2759.8000,2779.8000,2780.0000,2780.6000,2785.4000,2788.8000,1,1,5,10,1,2,1,1,6,1
SF,IH2009,2020-02-06 09:33:22.100,2777.2000,2567,0,38400900.000,0,-,-,-,-,2774.6000,2773.2000,2773.0000,2772.0000,2766.4000,2779.8000,2780.0000,2780.6000,2785.4000,2788.8000,1,3,1,1,5,2,1,1,6,1
SF,IH2009,2020-02-06 09:33:22.600,2777.2000,2567,0,38400900.000,0,-,-,-,-,2774.8000,2774.6000,2773.2000,2773.0000,2772.0000,2779.8000,2780.0000,2780.6000,2785.4000,2788.8000,1,1,1,1,1,1,1,1,6,1
SF,IH2009,2020-02-06 09:33:23.100,2777.2000,2567,0,38400900.000,0,-,-,-,-,2774.8000,2773.2000,2773.0000,2772.0000,2766.4000,2779.8000,2780.0000,2780.6000,2785.4000,2788.8000,1,1,1,1,5,1,1,1,6,1
SF,IH2009,2020-02-06 09:33:23.600,2777.2000,2567,0,38400900.000,0,-,-,-,-,2774.8000,2773.0000,2772.0000,2766.4000,2760.0000,2779.8000,2780.0000,2780.6000,2785.4000,2788.8000,2,1,1,5,10,1,1,1,6,1
SF,IH2009,2020-02-06 09:33:24.100,2777.2000,2567,0,38400900.000,0,-,-,-,-,2774.8000,2773.0000,2772.0000,2766.4000,2760.0000,2779.6000,2779.8000,2780.0000,2780.6000,2785.4000,2,1,1,5,10,1,1,1,1,6
SF,IH2009,2020-02-06 09:33:24.600,2777.2000,2567,0,38400900.000,0,-,-,-,-,2774.8000,2773.0000,2772.0000,2766.4000,2760.0000,2779.4000,2779.6000,2780.0000,2780.6000,2785.4000,2,1,1,5,10,1,1,1,1,6
SF,IH2009,2020-02-06 09:33:25.100,2777.2000,2567,0,38400900.000,0,-,-,-,-,2774.8000,2773.0000,2772.0000,2766.4000,2760.0000,2779.2000,2779.4000,2779.6000,2780.0000,2780.6000,2,1,1,5,10,1,1,1,1,1
SF,IH2009,2020-02-06 09:33:25.600,2777.2000,2567,0,38400900.000,0,-,-,-,-,2774.8000,2773.0000,2772.0000,2766.4000,2760.0000,2779.0000,2779.2000,2779.6000,2780.0000,2780.6000,2,1,1,5,10,1,1,1,1,1
SF,IH2009,2020-02-06 09:33:26.100,2777.2000,2567,0,38400900.000,0,-,-,-,-,2774.8000,2773.0000,2772.0000,2766.4000,2760.0000,2779.0000,2779.2000,2779.6000,2780.0000,2780.6000,1,1,1,5,10,1,1,1,1,1
SF,IH2009,2020-02-06 09:33:29.100,2777.2000,2567,0,38400900.000,0,-,-,-,-,2774.8000,2773.0000,2772.0000,2766.4000,2760.0000,2779.0000,2780.0000,2780.6000,2785.4000,2788.8000,1,1,1,5,10,1,1,1,6,1
SF,IH2009,2020-02-06 09:33:34.600,2777.2000,2567,0,38400900.000,0,-,-,-,-,2774.8000,2773.0000,2772.0000,2770.0000,2766.4000,2776.8000,2779.0000,2780.6000,2785.4000,2788.8000,1,1,1,1,5,1,1,1,6,1
SF,IH2009,2020-02-06 09:33:35.100,2777.2000,2567,0,38400900.000,0,-,-,-,-,2775.0000,2773.0000,2772.0000,2770.0000,2766.4000,2776.6000,2780.6000,2785.4000,2788.8000,2789.6000,1,1,1,1,5,3,1,6,1,1
SF,IH2009,2020-02-06 09:33:35.600,2777.2000,2567,0,38400900.000,0,-,-,-,-,2775.0000,2773.0000,2772.0000,2770.0000,2766.4000,2776.4000,2776.6000,2780.6000,2785.4000,2788.8000,1,1,1,1,5,2,1,1,6,1
SF,IH2009,2020-02-06 09:33:36.100,2777.2000,2567,0,38400900.000,0,-,-,-,-,2775.0000,2773.0000,2772.0000,2770.0000,2766.4000,2776.4000,2776.6000,2780.6000,2785.4000,2788.8000,1,1,1,1,5,2,1,1,6,1
SF,IH2009,2020-02-06 09:33:36.600,2777.2000,2567,0,38400900.000,0,-,-,-,-,2776.4000,2775.2000,2773.0000,2772.0000,2770.0000,2780.6000,2785.4000,2788.8000,2789.6000,2790.0000,1,1,1,1,1,1,6,1,1,1
SF,IH2009,2020-02-06 09:33:37.100,2776.4000,2566,-1,39233820.000,1,0,1,双平,S,2773.0000,2772.0000,2770.0000,2766.4000,2760.0000,2779.8000,2780.6000,2785.4000,2788.8000,2789.6000,1,1,1,5,10,1,1,6,1,1
SF,IH2009,2020-02-06 09:33:37.600,2776.4000,2566,0,39233820.000,0,-,-,-,-,2773.2000,2773.0000,2772.0000,2770.0000,2766.4000,2779.6000,2779.8000,2780.6000,2785.4000,2788.8000,2,1,1,1,5,2,1,1,6,1
SF,IH2009,2020-02-06 09:33:38.100,2776.4000,2566,0,39233820.000,0,-,-,-,-,2773.4000,2773.2000,2773.0000,2772.0000,2770.0000,2779.6000,2779.8000,2780.6000,2785.4000,2788.8000,1,2,1,1,1,2,1,1,6,1
SF,IH2009,2020-02-06 09:33:38.600,2776.4000,2566,0,39233820.000,0,-,-,-,-,2774.4000,2773.6000,2773.4000,2773.0000,2772.0000,2779.6000,2780.6000,2785.4000,2788.8000,2789.6000,1,1,1,1,1,1,1,6,1,1
SF,IH2009,2020-02-06 09:33:39.100,2776.4000,2566,0,39233820.000,0,-,-,-,-,2774.6000,2774.4000,2773.0000,2772.0000,2770.0000,2779.4000,2779.6000,2780.6000,2785.4000,2788.8000,1,1,1,1,1,1,1,1,6,1
SF,IH2009,2020-02-06 09:33:39.600,2776.4000,2566,0,39233820.000,0,-,-,-,-,2774.8000,2774.6000,2773.0000,2772.0000,2770.0000,2779.2000,2779.6000,2780.6000,2785.4000,2788.8000,1,1,1,1,1,1,1,1,6,1
SF,IH2009,2020-02-06 09:33:40.100,2776.4000,2566,0,39233820.000,0,-,-,-,-,2775.0000,2774.8000,2773.0000,2772.0000,2770.0000,2779.2000,2779.6000,2780.6000,2785.4000,2788.8000,1,1,1,1,1,1,1,1,6,1
SF,IH2009,2020-02-06 09:33:40.600,2776.4000,2566,0,39233820.000,0,-,-,-,-,2775.0000,2773.0000,2772.0000,2770.0000,2766.4000,2779.0000,2779.2000,2779.6000,2780.6000,2785.4000,1,1,1,1,5,1,1,1,1,6
SF,IH2009,2020-02-06 09:33:41.100,2775.0000,2565,-1,40066320.000,1,0,1,双平,S,2775.0000,2773.0000,2772.0000,2770.0000,2766.4000,2779.0000,2779.2000,2779.6000,2780.6000,2785.4000,1,1,1,1,5,1,1,1,1,6
SF,IH2009,2020-02-06 09:33:41.600,2775.0000,2565,0,40066320.000,0,-,-,-,-,2775.2000,2775.0000,2773.0000,2772.0000,2770.0000,2779.0000,2779.2000,2779.6000,2780.6000,2785.4000,1,1,1,1,1,1,1,1,1,6
SF,IH2009,2020-02-06 09:33:42.100,2775.0000,2565,0,40066320.000,0,-,-,-,-,2775.2000,2773.0000,2772.0000,2770.0000,2766.4000,2779.0000,2779.2000,2779.6000,2780.6000,2785.4000,1,1,1,1,5,1,1,1,1,6
SF,IH2009,2020-02-06 09:33:42.600,2775.0000,2565,0,40066320.000,0,-,-,-,-,2775.6000,2775.2000,2773.0000,2772.0000,2770.0000,2779.0000,2779.2000,2779.6000,2780.6000,2785.4000,1,1,1,1,1,1,1,1,1,6
SF,IH2009,2020-02-06 09:33:43.100,2775.0000,2565,0,40066320.000,0,-,-,-,-,2775.8000,2773.0000,2772.0000,2770.0000,2766.4000,2779.0000,2779.2000,2779.6000,2780.6000,2785.4000,1,1,1,1,5,1,1,1,1,6
SF,IH2009,2020-02-06 09:33:45.100,2775.0000,2565,0,40066320.000,0,-,-,-,-,2775.8000,2773.0000,2772.0000,2770.0000,2766.4000,2779.0000,2779.2000,2779.6000,2780.6000,2785.4000,1,2,1,1,5,1,1,1,1,6
SF,IH2009,2020-02-06 09:33:45.600,2775.0000,2565,0,40066320.000,0,-,-,-,-,2773.0000,2772.0000,2770.0000,2766.4000,2760.0000,2779.0000,2779.2000,2779.6000,2780.6000,2785.4000,2,1,1,5,10,1,1,1,1,6
SF,IH2009,2020-02-06 09:33:46.100,2775.0000,2565,0,40066320.000,0,-,-,-,-,2774.4000,2773.2000,2773.0000,2772.0000,2770.0000,2778.8000,2779.0000,2779.2000,2779.6000,2780.6000,1,1,2,1,1,1,1,1,1,1
SF,IH2009,2020-02-06 09:33:46.600,2775.0000,2565,0,40066320.000,0,-,-,-,-,2774.6000,2774.4000,2773.0000,2772.0000,2770.0000,2778.6000,2778.8000,2779.2000,2779.6000,2780.6000,1,1,2,1,1,1,1,1,1,1
SF,IH2009,2020-02-06 09:33:48.100,2775.0000,2565,0,40066320.000,0,-,-,-,-,2774.8000,2774.6000,2774.4000,2773.0000,2772.0000,2778.6000,2778.8000,2779.2000,2779.6000,2780.6000,1,1,1,2,1,1,1,1,1,1
SF,IH2009,2020-02-06 09:33:48.600,2775.0000,2565,0,40066320.000,0,-,-,-,-,2775.0000,2774.8000,2774.4000,2773.0000,2772.0000,2778.6000,2778.8000,2779.2000,2779.6000,2780.6000,2,1,1,2,1,1,1,1,1,1
SF,IH2009,2020-02-06 09:33:49.100,2775.0000,2565,0,40066320.000,0,-,-,-,-,2775.2000,2775.0000,2774.8000,2774.4000,2773.0000,2778.6000,2778.8000,2779.2000,2779.6000,2780.6000,1,2,1,1,2,1,1,1,1,1
SF,IH2009,2020-02-06 09:33:49.600,2775.0000,2565,0,40066320.000,0,-,-,-,-,2775.4000,2775.2000,2774.8000,2773.0000,2772.0000,2778.8000,2779.2000,2779.6000,2780.6000,2785.4000,1,1,1,2,1,1,1,1,1,6
SF,IH2009,2020-02-06 09:33:50.100,2775.0000,2565,0,40066320.000,0,-,-,-,-,2775.4000,2773.0000,2772.0000,2770.0000,2766.4000,2779.2000,2779.6000,2780.6000,2785.4000,2788.8000,2,2,1,1,5,1,1,1,6,1
SF,IH2009,2020-02-06 09:33:50.600,2775.0000,2565,0,40066320.000,0,-,-,-,-,2776.0000,2775.4000,2774.0000,2773.0000,2772.0000,2779.2000,2779.6000,2780.6000,2785.4000,2788.8000,1,3,5,2,1,1,1,1,6,1
SF,IH2009,2020-02-06 09:33:51.100,2775.0000,2565,0,40066320.000,0,-,-,-,-,2776.2000,2776.0000,2774.0000,2773.0000,2772.0000,2780.6000,2785.4000,2788.8000,2789.6000,2790.0000,1,1,5,2,1,1,6,1,1,1
SF,IH2009,2020-02-06 09:33:51.600,2775.0000,2565,0,40066320.000,0,-,-,-,-,2776.6000,2776.4000,2776.2000,2776.0000,2774.0000,2778.8000,2780.4000,2780.6000,2785.4000,2788.8000,1,1,1,1,5,2,1,1,6,1
SF,IH2009,2020-02-06 09:33:52.100,2778.8000,2563,-2,41733600.000,2,0,2,双平,S,2776.6000,2776.4000,2776.0000,2774.0000,2773.0000,2780.6000,2785.4000,2788.8000,2789.6000,2790.0000,1,2,1,5,2,1,6,1,1,1
SF,IH2009,2020-02-06 09:33:52.600,2778.8000,2563,0,41733600.000,0,-,-,-,-,2776.8000,2776.6000,2776.4000,2776.0000,2774.0000,2788.8000,2789.2000,2789.6000,2790.0000,2793.4000,2,1,2,1,5,1,6,1,1,1
SF,IH2009,2020-02-06 09:33:53.100,2778.8000,2563,0,41733600.000,0,-,-,-,-,2776.8000,2776.4000,2776.0000,2774.0000,2773.0000,2782.0000,2786.0000,2788.0000,2788.6000,2788.8000,2,1,1,5,2,1,1,1,1,1
SF,IH2009,2020-02-06 09:33:53.600,2778.8000,2563,0,41733600.000,0,-,-,-,-,2777.0000,2776.8000,2776.0000,2774.0000,2773.0000,2779.4000,2781.8000,2782.0000,2786.0000,2788.0000,1,2,1,5,2,1,1,1,1,1
SF,IH2009,2020-02-06 09:33:54.100,2778.8000,2563,0,41733600.000,0,-,-,-,-,2777.2000,2777.0000,2776.8000,2776.0000,2774.0000,2782.0000,2786.0000,2788.0000,2788.8000,2789.2000,2,1,1,1,5,1,1,1,1,6
SF,IH2009,2020-02-06 09:33:54.600,2778.8000,2563,0,41733600.000,0,-,-,-,-,2777.2000,2776.0000,2774.0000,2773.0000,2772.0000,2781.8000,2782.0000,2786.0000,2788.0000,2788.8000,2,1,5,2,1,1,1,1,1,1
SF,IH2009,2020-02-06 09:33:55.100,2778.8000,2563,0,41733600.000,0,-,-,-,-,2777.2000,2776.0000,2774.0000,2773.0000,2772.0000,2781.8000,2786.0000,2788.0000,2788.8000,2789.2000,2,1,5,2,1,1,1,1,1,6
SF,IH2009,2020-02-06 09:33:55.600,2778.8000,2563,0,41733600.000,0,-,-,-,-,2779.0000,2777.4000,2777.2000,2776.0000,2774.0000,2781.8000,2786.0000,2788.0000,2788.8000,2789.2000,1,1,2,1,5,1,1,1,1,6
SF,IH2009,2020-02-06 09:33:56.100,2778.8000,2563,0,41733600.000,0,-,-,-,-,2777.4000,2777.2000,2776.0000,2774.0000,2773.0000,2781.4000,2781.8000,2786.0000,2788.0000,2788.8000,1,2,1,5,2,2,1,1,1,1
SF,IH2009,2020-02-06 09:33:56.600,2778.8000,2563,0,41733600.000,0,-,-,-,-,2777.6000,2777.4000,2776.0000,2774.0000,2773.0000,2781.2000,2786.0000,2788.0000,2788.8000,2789.2000,1,1,1,5,2,1,1,1,1,6
SF,IH2009,2020-02-06 09:33:57.100,2778.8000,2563,0,41733600.000,0,-,-,-,-,2777.8000,2777.6000,2776.0000,2774.0000,2773.0000,2781.2000,2786.0000,2788.0000,2788.8000,2789.2000,1,1,1,5,2,1,1,1,1,6
SF,IH2009,2020-02-06 09:33:57.600,2778.8000,2563,0,41733600.000,0,-,-,-,-,2778.0000,2777.8000,2776.0000,2774.0000,2773.0000,2781.2000,2786.0000,2788.0000,2788.8000,2789.2000,1,1,1,5,2,1,1,1,1,6
SF,IH2009,2020-02-06 09:33:58.100,2778.8000,2563,0,41733600.000,0,-,-,-,-,2778.0000,2777.8000,2776.0000,2774.0000,2773.0000,2781.2000,2786.0000,2788.0000,2788.8000,2789.2000,1,2,1,5,2,1,1,1,1,6
SF,IH2009,2020-02-06 09:33:58.600,2778.8000,2563,0,41733600.000,0,-,-,-,-,2778.2000,2778.0000,2777.8000,2776.0000,2774.0000,2781.2000,2786.0000,2788.0000,2788.8000,2789.2000,1,1,1,1,5,1,1,1,1,6
SF,IH2009,2020-02-06 09:33:59.100,2778.8000,2563,0,41733600.000,0,-,-,-,-,2778.4000,2778.2000,2777.8000,2776.0000,2774.0000,2781.2000,2786.0000,2788.0000,2788.8000,2789.2000,1,1,1,1,5,1,1,1,1,6
SF,IH2009,2020-02-06 09:33:59.600,2778.8000,2563,0,41733600.000,0,-,-,-,-,2778.6000,2778.2000,2777.8000,2776.0000,2774.0000,2780.8000,2781.2000,2786.0000,2788.0000,2788.8000,1,2,1,1,5,2,1,1,1,1
SF,IH2009,2020-02-06 09:34:00.100,2778.8000,2563,0,41733600.000,0,-,-,-,-,2778.8000,2778.6000,2778.2000,2777.8000,2776.0000,2780.6000,2780.8000,2786.0000,2788.0000,2788.8000,1,1,2,1,1,1,2,1,1,1
SF,IH2009,2020-02-06 09:34:00.600,2778.8000,2563,0,41733600.000,0,-,-,-,-,2779.0000,2778.8000,2778.6000,2778.2000,2777.8000,2780.6000,2780.8000,2786.0000,2788.0000,2788.8000,1,1,1,1,1,1,2,1,1,1
SF,IH2009,2020-02-06 09:34:01.100,2779.0000,2562,-1,42567300.000,1,0,1,双平,S,2778.8000,2778.2000,2777.8000,2776.0000,2774.0000,2780.4000,2780.6000,2786.0000,2788.0000,2788.8000,1,1,1,1,5,2,1,1,1,1
SF,IH2009,2020-02-06 09:34:01.600,2778.8000,2561,-1,43400940.000,1,0,1,双平,S,2778.4000,2778.2000,2777.8000,2776.0000,2774.0000,2780.2000,2786.0000,2788.0000,2788.8000,2789.2000,1,1,1,1,5,2,1,1,1,6
SF,IH2009,2020-02-06 09:34:02.100,2778.4000,2560,-1,44234460.000,1,0,1,双平,S,2778.2000,2777.8000,2776.0000,2773.0000,2772.0000,2780.0000,2780.2000,2786.0000,2788.0000,2788.8000,1,1,1,2,1,1,2,1,1,1
SF,IH2009,2020-02-06 09:34:02.600,2778.2000,2559,-1,45067920.000,1,0,1,双平,S,2777.8000,2776.0000,2773.0000,2772.0000,2770.2000,2778.2000,2779.6000,2779.8000,2780.0000,2786.0000,1,1,2,1,5,1,2,1,1,1
SF,IH2009,2020-02-06 09:34:03.100,2777.8000,2558,-1,45901260.000,1,0,1,双平,S,2776.0000,2773.0000,2772.0000,2770.2000,2770.0000,2777.4000,2780.0000,2786.0000,2788.0000,2788.8000,1,2,1,5,1,2,1,1,1,1
SF,IH2009,2020-02-06 09:34:03.600,2777.4000,2558,0,47567700.000,2,1,1,多换,S,2776.2000,2776.0000,2773.0000,2772.0000,2770.2000,2777.4000,2786.0000,2788.0000,2788.8000,2789.2000,2,1,2,1,5,1,1,1,1,6
SF,IH2009,2020-02-06 09:34:04.100,2777.4000,2558,0,47567700.000,0,-,-,-,-,2776.2000,2776.0000,2773.0000,2772.0000,2770.2000,2777.2000,2777.4000,2786.0000,2788.8000,2789.2000,2,2,2,1,5,2,1,1,1,6
SF,IH2009,2020-02-06 09:34:04.600,2776.2000,2557,-1,48400560.000,1,0,1,双平,S,2776.0000,2773.0000,2772.0000,2770.2000,2770.0000,2777.2000,2777.4000,2786.0000,2788.8000,2789.2000,2,2,1,5,1,2,1,1,1,6
SF,IH2009,2020-02-06 09:34:05.100,2776.0000,2557,0,49233360.000,1,0,1,多换,S,2776.0000,2773.0000,2772.0000,2770.2000,2770.0000,2777.0000,2777.4000,2786.0000,2788.8000,2789.2000,1,2,1,5,1,3,1,1,1,6
SF,IH2009,2020-02-06 09:34:05.600,2776.0000,2557,0,50066160.000,1,0,1,多换,S,2773.0000,2772.0000,2770.2000,2770.0000,2760.0000,2777.0000,2777.4000,2781.6000,2786.0000,2788.8000,2,1,5,1,10,3,1,6,1,1
SF,IH2009,2020-02-06 09:34:06.100,2776.0000,2557,0,50066160.000,0,-,-,-,-,2773.4000,2773.2000,2773.0000,2772.0000,2770.2000,2776.8000,2777.4000,2785.4000,2786.0000,2788.8000,1,1,2,1,5,1,1,6,1,1
SF,IH2009,2020-02-06 09:34:06.600,2776.0000,2557,0,50066160.000,0,-,-,-,-,2773.6000,2773.4000,2773.0000,2772.0000,2770.2000,2776.8000,2777.4000,2785.4000,2786.0000,2788.8000,1,1,2,1,5,1,1,6,1,1
SF,IH2009,2020-02-06 09:34:07.100,2776.0000,2557,0,50066160.000,0,-,-,-,-,2773.6000,2773.0000,2772.0000,2770.2000,2770.0000,2776.6000,2777.4000,2785.4000,2786.0000,2788.8000,1,2,1,5,1,1,1,6,1,1
SF,IH2009,2020-02-06 09:34:07.600,2776.0000,2557,0,50066160.000,0,-,-,-,-,2773.6000,2773.0000,2772.0000,2770.2000,2770.0000,2777.4000,2785.4000,2786.0000,2788.8000,2789.6000,1,2,1,5,1,1,6,1,1,1
SF,IH2009,2020-02-06 09:34:08.100,2776.0000,2557,0,50066160.000,0,-,-,-,-,2773.8000,2773.6000,2773.0000,2772.0000,2770.2000,2777.4000,2785.4000,2786.0000,2788.8000,2789.6000,1,1,2,1,5,1,6,1,1,1
SF,IH2009,2020-02-06 09:34:08.600,2776.0000,2557,0,50066160.000,0,-,-,-,-,2774.0000,2773.8000,2773.0000,2772.0000,2770.2000,2777.4000,2785.4000,2786.0000,2788.8000,2789.6000,1,1,2,1,5,1,6,1,1,1
SF,IH2009,2020-02-06 09:34:09.100,2777.4000,2558,1,50899380.000,1,1,0,双开,S,2777.4000,2773.0000,2772.0000,2770.2000,2770.0000,2785.4000,2786.0000,2788.8000,2789.6000,2790.0000,1,2,1,5,1,6,1,1,1,1
SF,IH2009,2020-02-06 09:34:09.600,2777.4000,2558,0,50899380.000,0,-,-,-,-,2777.4000,2775.0000,2773.0000,2772.0000,2770.2000,2782.0000,2785.2000,2785.4000,2786.0000,2788.8000,1,1,2,1,5,1,3,6,1,1
SF,IH2009,2020-02-06 09:34:10.100,2777.4000,2558,0,50899380.000,0,-,-,-,-,2777.4000,2775.0000,2773.0000,2772.0000,2770.2000,2781.8000,2782.0000,2785.2000,2785.4000,2786.0000,1,1,2,1,5,2,1,2,6,1
SF,IH2009,2020-02-06 09:34:10.600,2777.4000,2558,0,50899380.000,0,-,-,-,-,2777.4000,2775.0000,2773.0000,2772.0000,2770.2000,2781.6000,2781.8000,2782.0000,2785.2000,2785.4000,1,1,2,1,5,1,2,1,2,6
SF,IH2009,2020-02-06 09:34:11.100,2777.4000,2558,0,50899380.000,0,-,-,-,-,2777.8000,2775.0000,2773.0000,2772.0000,2770.2000,2781.4000,2781.6000,2781.8000,2782.0000,2785.2000,1,1,2,1,5,2,1,1,1,2
SF,IH2009,2020-02-06 09:34:11.600,2777.4000,2558,0,50899380.000,0,-,-,-,-,2778.0000,2777.8000,2775.0000,2773.0000,2772.0000,2781.4000,2781.6000,2781.8000,2782.0000,2785.2000,1,1,1,2,1,2,1,1,1,2
SF,IH2009,2020-02-06 09:34:12.100,2777.4000,2558,0,50899380.000,0,-,-,-,-,2777.8000,2775.0000,2773.0000,2772.0000,2770.2000,2781.2000,2781.4000,2782.0000,2785.2000,2786.0000,1,1,2,1,5,1,1,1,2,1
SF,IH2009,2020-02-06 09:34:12.600,2777.4000,2558,0,50899380.000,0,-,-,-,-,2777.8000,2775.0000,2773.0000,2772.0000,2770.2000,2781.0000,2781.2000,2782.0000,2785.2000,2786.0000,1,1,2,1,5,1,1,1,2,1
SF,IH2009,2020-02-06 09:34:13.100,2780.8000,2557,-1,51733620.000,1,0,1,双平,S,2775.0000,2773.0000,2772.0000,2770.2000,2770.0000,2781.0000,2782.0000,2785.2000,2786.0000,2788.8000,1,2,1,5,1,1,1,2,1,1
SF,IH2009,2020-02-06 09:34:13.600,2780.8000,2557,0,51733620.000,0,-,-,-,-,2775.2000,2775.0000,2773.0000,2772.0000,2770.2000,2781.0000,2782.0000,2785.2000,2786.0000,2788.8000,1,1,2,1,5,1,1,2,1,1
SF,IH2009,2020-02-06 09:34:14.100,2780.8000,2557,0,51733620.000,0,-,-,-,-,2775.2000,2773.0000,2772.0000,2770.2000,2770.0000,2781.0000,2782.0000,2785.2000,2786.0000,2788.8000,1,2,1,5,1,1,1,2,1,1
SF,IH2009,2020-02-06 09:34:14.600,2780.8000,2557,0,51733620.000,0,-,-,-,-,2775.6000,2775.2000,2773.0000,2772.0000,2770.2000,2780.8000,2781.0000,2782.0000,2785.2000,2786.0000,1,1,2,1,5,1,1,1,2,1
SF,IH2009,2020-02-06 09:34:15.100,2780.8000,2557,0,51733620.000,0,-,-,-,-,2775.8000,2775.6000,2773.0000,2772.0000,2770.2000,2780.6000,2780.8000,2782.0000,2785.2000,2786.0000,1,1,2,1,5,2,1,1,2,1
SF,IH2009,2020-02-06 09:34:16.100,2780.8000,2557,0,51733620.000,0,-,-,-,-,2776.0000,2775.8000,2773.0000,2772.0000,2770.2000,2780.6000,2782.0000,2785.2000,2786.0000,2788.8000,1,1,2,1,5,1,1,2,1,1
SF,IH2009,2020-02-06 09:34:16.600,2780.8000,2557,0,51733620.000,0,-,-,-,-,2776.2000,2776.0000,2775.8000,2773.0000,2772.0000,2780.6000,2782.0000,2785.2000,2786.0000,2788.8000,1,1,1,2,1,1,1,2,1,1
SF,IH2009,2020-02-06 09:34:17.600,2780.8000,2557,0,51733620.000,0,-,-,-,-,2776.4000,2776.2000,2776.0000,2775.8000,2773.0000,2780.6000,2782.0000,2785.2000,2786.0000,2788.8000,1,2,1,1,2,1,1,2,1,1
SF,IH2009,2020-02-06 09:34:18.100,2780.8000,2557,0,51733620.000,0,-,-,-,-,2776.6000,2776.4000,2776.2000,2776.0000,2775.8000,2780.6000,2782.0000,2785.2000,2786.0000,2788.8000,1,1,1,1,1,1,1,2,1,1
SF,IH2009,2020-02-06 09:34:18.600,2780.8000,2557,0,51733620.000,0,-,-,-,-,2776.8000,2776.6000,2776.4000,2776.2000,2776.0000,2780.6000,2782.0000,2785.2000,2786.0000,2788.8000,1,1,1,1,1,1,1,2,1,1
SF,IH2009,2020-02-06 09:34:19.100,2780.8000,2557,0,51733620.000,0,-,-,-,-,2777.0000,2776.8000,2776.4000,2776.2000,2776.0000,2782.0000,2785.2000,2786.0000,2788.8000,2789.2000,1,1,1,1,1,1,2,1,1,6
SF,IH2009,2020-02-06 09:34:19.600,2780.8000,2557,0,51733620.000,0,-,-,-,-,2777.0000,2776.8000,2776.4000,2776.2000,2775.8000,2781.8000,2782.0000,2785.0000,2785.2000,2786.0000,1,1,1,1,1,3,1,1,2,1
SF,IH2009,2020-02-06 09:34:20.600,2780.8000,2557,0,51733620.000,0,-,-,-,-,2777.2000,2777.0000,2776.8000,2776.4000,2776.2000,2781.8000,2782.0000,2785.0000,2785.2000,2786.0000,1,1,1,1,1,2,1,1,2,1
SF,IH2009,2020-02-06 09:34:21.100,2780.8000,2557,0,51733620.000,0,-,-,-,-,2777.4000,2777.2000,2776.8000,2776.4000,2776.2000,2781.8000,2782.0000,2785.0000,2785.2000,2786.0000,1,1,1,1,1,2,1,1,2,1
SF,IH2009,2020-02-06 09:34:21.600,2780.8000,2557,0,51733620.000,0,-,-,-,-,2777.6000,2777.4000,2777.2000,2776.8000,2776.4000,2781.8000,2782.0000,2785.0000,2785.2000,2786.0000,1,1,1,1,1,2,1,1,2,1
SF,IH2009,2020-02-06 09:34:22.100,2780.8000,2557,0,51733620.000,0,-,-,-,-,2777.8000,2777.6000,2777.2000,2776.8000,2776.4000,2781.8000,2782.0000,2785.0000,2785.2000,2786.0000,1,1,1,1,1,1,1,1,2,1
SF,IH2009,2020-02-06 09:34:22.600,2780.8000,2557,0,51733620.000,0,-,-,-,-,2777.8000,2777.6000,2776.8000,2776.4000,2776.2000,2781.6000,2781.8000,2782.0000,2785.0000,2785.2000,1,1,1,1,1,1,1,1,1,2
SF,IH2009,2020-02-06 09:34:23.100,2780.8000,2557,0,51733620.000,0,-,-,-,-,2777.8000,2777.6000,2776.8000,2776.4000,2776.2000,2781.4000,2781.6000,2782.0000,2785.0000,2785.2000,1,1,1,1,1,1,1,1,1,2
SF,IH2009,2020-02-06 09:34:23.600,2780.8000,2557,0,51733620.000,0,-,-,-,-,2779.0000,2778.0000,2777.8000,2777.6000,2776.8000,2781.4000,2782.0000,2785.0000,2785.2000,2786.0000,1,1,1,1,1,1,1,1,2,1
SF,IH2009,2020-02-06 09:34:24.100,2780.8000,2557,0,51733620.000,0,-,-,-,-,2779.2000,2779.0000,2778.0000,2777.6000,2776.8000,2782.0000,2785.0000,2785.2000,2786.0000,2788.8000,1,1,1,1,1,1,1,2,1,1
SF,IH2009,2020-02-06 09:34:24.600,2780.8000,2557,0,51733620.000,0,-,-,-,-,2779.4000,2779.2000,2779.0000,2778.0000,2777.6000,2785.0000,2785.2000,2786.0000,2788.8000,2789.2000,1,1,1,1,1,1,1,1,1,6
SF,IH2009,2020-02-06 09:34:25.100,2780.8000,2557,0,51733620.000,0,-,-,-,-,2779.6000,2779.4000,2779.0000,2777.6000,2776.8000,2784.8000,2785.0000,2786.0000,2788.8000,2789.2000,1,1,1,1,1,1,1,1,1,6
SF,IH2009,2020-02-06 09:34:25.600,2780.8000,2557,0,51733620.000,0,-,-,-,-,2779.8000,2779.6000,2779.4000,2779.0000,2777.6000,2784.6000,2784.8000,2785.0000,2786.0000,2788.8000,1,1,1,1,1,1,1,1,1,1
SF,IH2009,2020-02-06 09:34:26.100,2780.8000,2557,0,51733620.000,0,-,-,-,-,2780.0000,2779.8000,2779.4000,2779.0000,2777.6000,2781.2000,2784.4000,2784.6000,2785.0000,2786.0000,2,1,1,1,1,1,1,1,1,1
SF,IH2009,2020-02-06 09:34:26.600,2781.2000,2557,0,52567980.000,1,0,1,多换,S,2781.6000,2781.2000,2780.0000,2779.8000,2779.4000,2784.6000,2785.0000,2786.0000,2788.8000,2789.2000,2,1,1,1,1,1,1,1,1,6
SF,IH2009,2020-02-06 09:34:27.100,2781.2000,2557,0,52567980.000,0,-,-,-,-,2781.6000,2781.2000,2779.8000,2779.4000,2779.0000,2784.0000,2784.4000,2784.6000,2785.0000,2786.0000,2,1,1,1,1,1,2,1,1,1
SF,IH2009,2020-02-06 09:34:27.600,2781.2000,2557,0,52567980.000,0,-,-,-,-,2781.6000,2781.2000,2779.8000,2779.4000,2779.0000,2783.6000,2783.8000,2784.4000,2784.6000,2785.0000,2,1,1,1,1,2,2,1,1,1
SF,IH2009,2020-02-06 09:34:28.100,2781.2000,2557,0,52567980.000,0,-,-,-,-,2781.6000,2781.2000,2779.8000,2779.0000,2777.6000,2783.4000,2783.8000,2784.4000,2784.6000,2785.0000,2,1,1,1,1,3,2,1,1,1
SF,IH2009,2020-02-06 09:34:28.600,2781.2000,2557,0,52567980.000,0,-,-,-,-,2781.6000,2779.8000,2779.0000,2776.2000,2775.8000,2783.2000,2783.4000,2783.8000,2784.4000,2784.6000,3,1,1,1,1,1,3,2,1,1
SF,IH2009,2020-02-06 09:34:29.100,2781.2000,2557,0,52567980.000,0,-,-,-,-,2781.6000,2779.8000,2779.0000,2776.2000,2775.8000,2783.0000,2783.2000,2783.4000,2783.8000,2784.4000,3,1,1,1,1,1,1,3,1,1
SF,IH2009,2020-02-06 09:34:30.600,2783.0000,2556,-1,53402880.000,1,0,1,双平,S,2781.6000,2779.8000,2779.0000,2776.2000,2775.8000,2783.2000,2783.4000,2783.8000,2784.4000,2784.6000,2,1,1,1,1,1,3,1,1,1
SF,IH2009,2020-02-06 09:34:31.100,2781.6000,2555,-1,55071900.000,2,0,2,多平,S,2781.6000,2779.8000,2779.0000,2776.2000,2775.8000,2783.2000,2783.4000,2783.8000,2784.4000,2784.6000,1,1,1,1,1,1,1,1,1,1
SF,IH2009,2020-02-06 09:34:31.600,2781.6000,2555,0,55071900.000,0,-,-,-,-,2781.8000,2781.6000,2779.8000,2779.0000,2776.2000,2783.2000,2783.4000,2783.8000,2784.4000,2784.6000,1,1,1,1,1,1,1,1,1,1
SF,IH2009,2020-02-06 09:34:35.600,2781.6000,2555,0,55071900.000,0,-,-,-,-,2781.8000,2781.6000,2779.0000,2776.2000,2775.8000,2782.8000,2783.2000,2783.4000,2783.8000,2784.4000,1,1,1,1,1,1,1,1,1,1
SF,IH2009,2020-02-06 09:34:36.100,2781.8000,2555,0,55906440.000,1,0,1,多换,S,2779.0000,2776.2000,2775.8000,2773.0000,2772.0000,2782.6000,2782.8000,2783.2000,2783.4000,2783.8000,1,1,1,2,1,1,2,1,1,1
SF,IH2009,2020-02-06 09:34:36.600,2781.8000,2555,0,55906440.000,0,-,-,-,-,2779.2000,2779.0000,2776.2000,2773.0000,2772.0000,2781.4000,2782.4000,2782.6000,2782.8000,2783.2000,1,1,1,2,1,1,2,1,1,1
SF,IH2009,2020-02-06 09:34:37.100,2781.8000,2555,0,55906440.000,0,-,-,-,-,2779.2000,2776.2000,2773.0000,2772.0000,2770.2000,2781.4000,2782.4000,2782.6000,2782.8000,2783.2000,1,1,2,1,5,1,2,1,1,1
SF,IH2009,2020-02-06 09:34:37.600,2781.8000,2555,0,55906440.000,0,-,-,-,-,2776.2000,2773.0000,2772.0000,2770.2000,2770.0000,2781.2000,2781.4000,2782.4000,2782.8000,2783.2000,1,2,1,5,1,2,1,2,1,1
SF,IH2009,2020-02-06 09:34:38.100,2781.8000,2555,0,55906440.000,0,-,-,-,-,2777.4000,2776.4000,2776.2000,2773.0000,2772.0000,2781.2000,2781.4000,2782.4000,2782.8000,2783.2000,1,1,1,2,1,2,1,2,1,1
SF,IH2009,2020-02-06 09:34:38.600,2781.8000,2555,0,55906440.000,0,-,-,-,-,2777.6000,2776.2000,2773.0000,2772.0000,2770.2000,2781.2000,2781.4000,2782.4000,2782.8000,2783.2000,2,1,2,1,5,2,1,2,1,1
SF,IH2009,2020-02-06 09:34:39.100,2781.8000,2555,0,55906440.000,0,-,-,-,-,2777.6000,2776.2000,2773.0000,2772.0000,2770.2000,2781.0000,2781.2000,2781.4000,2782.4000,2782.8000,2,1,2,1,5,1,2,1,2,1
SF,IH2009,2020-02-06 09:34:39.600,2781.8000,2555,0,55906440.000,0,-,-,-,-,2777.6000,2776.2000,2773.0000,2772.0000,2770.2000,2780.8000,2781.0000,2781.2000,2781.4000,2782.4000,2,1,2,1,5,2,1,1,1,2
SF,IH2009,2020-02-06 09:34:40.100,2781.8000,2555,0,55906440.000,0,-,-,-,-,2777.6000,2776.2000,2773.0000,2772.0000,2770.2000,2780.8000,2781.0000,2781.2000,2781.4000,2782.4000,2,1,2,1,5,2,1,1,1,2
SF,IH2009,2020-02-06 09:34:40.600,2781.8000,2555,0,55906440.000,0,-,-,-,-,2777.6000,2776.2000,2773.0000,2772.0000,2770.2000,2780.8000,2781.2000,2781.4000,2782.4000,2783.4000,2,1,2,1,5,2,1,1,2,1
SF,IH2009,2020-02-06 09:34:41.600,2781.8000,2555,0,55906440.000,0,-,-,-,-,2777.8000,2777.6000,2776.2000,2773.0000,2772.0000,2780.8000,2781.2000,2781.4000,2782.4000,2783.4000,2,2,1,2,1,2,1,1,1,1
SF,IH2009,2020-02-06 09:34:42.100,2781.8000,2555,0,55906440.000,0,-,-,-,-,2778.0000,2777.8000,2776.2000,2773.0000,2772.0000,2780.8000,2781.4000,2782.4000,2783.4000,2783.8000,1,2,1,2,1,2,1,1,1,1
SF,IH2009,2020-02-06 09:34:42.600,2781.8000,2555,0,55906440.000,0,-,-,-,-,2778.2000,2778.0000,2777.8000,2776.2000,2773.0000,2782.4000,2783.4000,2783.8000,2784.6000,2785.0000,2,1,2,1,2,1,1,1,1,1
SF,IH2009,2020-02-06 09:34:43.100,2781.8000,2555,0,55906440.000,0,-,-,-,-,2779.0000,2778.4000,2778.2000,2777.8000,2776.2000,2782.0000,2782.2000,2782.4000,2783.4000,2783.8000,1,1,2,1,1,1,1,1,1,1
SF,IH2009,2020-02-06 09:34:43.600,2781.8000,2555,0,55906440.000,0,-,-,-,-,2779.2000,2779.0000,2778.2000,2777.8000,2776.2000,2781.8000,2783.4000,2783.8000,2784.6000,2785.0000,2,1,2,1,1,1,1,1,1,1
SF,IH2009,2020-02-06 09:34:44.600,2779.2000,2555,0,56740200.000,1,0,1,多换,S,2779.2000,2779.0000,2778.2000,2777.8000,2776.2000,2781.8000,2783.4000,2783.8000,2784.6000,2785.0000,1,1,1,1,1,1,1,1,1,1
SF,IH2009,2020-02-06 09:34:45.100,2779.2000,2555,0,56740200.000,0,-,-,-,-,2781.8000,2779.8000,2779.4000,2779.2000,2779.0000,2783.4000,2783.8000,2784.6000,2785.0000,2788.8000,1,1,1,1,1,1,1,1,1,1
SF,IH2009,2020-02-06 09:34:45.600,2779.2000,2555,0,56740200.000,0,-,-,-,-,2781.8000,2779.8000,2779.4000,2779.2000,2779.0000,2783.2000,2784.6000,2785.0000,2788.8000,2789.2000,1,1,1,1,1,3,1,1,1,6
SF,IH2009,2020-02-06 09:34:46.600,2779.2000,2555,0,56740200.000,0,-,-,-,-,2781.8000,2779.8000,2779.4000,2779.2000,2779.0000,2783.2000,2784.6000,2785.0000,2788.8000,2789.2000,1,1,1,1,1,3,1,1,1,6
SF,IH2009,2020-02-06 09:34:47.100,2779.2000,2555,0,56740200.000,0,-,-,-,-,2782.2000,2779.8000,2779.4000,2779.2000,2779.0000,2783.0000,2783.2000,2784.6000,2785.0000,2788.8000,1,1,1,1,1,1,2,1,1,1
SF,IH2009,2020-02-06 09:34:47.600,2779.2000,2555,0,56740200.000,0,-,-,-,-,2782.2000,2779.8000,2779.4000,2779.2000,2779.0000,2783.0000,2784.6000,2785.0000,2788.8000,2789.2000,1,1,1,1,1,1,1,1,1,6
SF,IH2009,2020-02-06 09:34:48.100,2779.2000,2555,0,56740200.000,0,-,-,-,-,2782.2000,2779.8000,2779.4000,2779.2000,2779.0000,2783.0000,2784.6000,2785.0000,2788.8000,2789.2000,1,1,1,1,1,1,1,1,1,6
SF,IH2009,2020-02-06 09:34:49.100,2783.0000,2554,-1,57575100.000,1,0,1,双平,S,2779.8000,2779.4000,2779.2000,2779.0000,2777.8000,2784.6000,2785.0000,2788.8000,2789.2000,2789.6000,1,1,1,1,1,1,1,1,6,1
SF,IH2009,2020-02-06 09:34:49.600,2783.0000,2554,0,57575100.000,0,-,-,-,-,2780.0000,2779.8000,2779.0000,2777.8000,2776.2000,2784.4000,2784.6000,2785.0000,2788.8000,2789.2000,1,1,1,1,1,2,1,1,1,6
SF,IH2009,2020-02-06 09:34:50.100,2783.0000,2554,0,57575100.000,0,-,-,-,-,2780.8000,2780.0000,2779.8000,2779.0000,2777.8000,2784.2000,2784.4000,2784.6000,2785.0000,2786.4000,1,1,1,1,1,1,2,1,1,1
SF,IH2009,2020-02-06 09:34:50.600,2783.0000,2554,0,57575100.000,0,-,-,-,-,2781.0000,2780.8000,2779.8000,2779.0000,2777.8000,2784.0000,2784.2000,2784.4000,2784.6000,2785.0000,1,1,1,1,1,2,1,1,1,1
SF,IH2009,2020-02-06 09:34:52.100,2783.0000,2554,0,57575100.000,0,-,-,-,-,2781.0000,2780.8000,2779.8000,2779.0000,2777.8000,2784.0000,2784.2000,2784.4000,2784.6000,2785.0000,1,1,1,1,1,2,1,1,1,1
SF,IH2009,2020-02-06 09:34:52.600,2783.0000,2554,0,57575100.000,0,-,-,-,-,2780.8000,2779.8000,2779.0000,2777.8000,2776.2000,2784.0000,2784.2000,2784.4000,2784.6000,2785.0000,1,1,1,1,1,2,1,1,1,1
SF,IH2009,2020-02-06 09:34:54.100,2783.0000,2554,0,57575100.000,0,-,-,-,-,2779.0000,2777.8000,2776.2000,2775.0000,2774.0000,2784.0000,2784.2000,2784.4000,2784.6000,2785.0000,1,1,1,1,5,2,1,1,1,1
SF,IH2009,2020-02-06 09:34:54.600,2783.0000,2554,0,57575100.000,0,-,-,-,-,2780.0000,2779.8000,2779.2000,2779.0000,2777.8000,2784.0000,2784.2000,2784.4000,2784.6000,2785.0000,1,1,1,1,1,2,1,1,1,1
SF,IH2009,2020-02-06 09:34:55.100,2783.0000,2554,0,57575100.000,0,-,-,-,-,2780.2000,2780.0000,2779.0000,2777.8000,2776.2000,2784.0000,2784.2000,2784.4000,2784.6000,2785.0000,1,1,1,1,1,2,1,1,1,1
SF,IH2009,2020-02-06 09:34:56.600,2783.0000,2554,0,57575100.000,0,-,-,-,-,2780.2000,2780.0000,2779.0000,2777.8000,2776.2000,2783.8000,2784.0000,2784.2000,2784.4000,2784.6000,1,1,1,1,1,1,2,1,1,1
SF,IH2009,2020-02-06 09:34:57.100,2783.0000,2554,0,57575100.000,0,-,-,-,-,2780.0000,2779.0000,2777.8000,2776.2000,2775.0000,2783.6000,2783.8000,2784.0000,2784.2000,2784.4000,1,1,1,1,1,2,1,1,1,1
SF,IH2009,2020-02-06 09:34:59.100,2783.0000,2554,0,57575100.000,0,-,-,-,-,2780.0000,2779.8000,2779.0000,2777.8000,2776.2000,2783.6000,2783.8000,2784.0000,2784.2000,2784.4000,1,1,1,1,1,2,1,1,1,1
SF,IH2009,2020-02-06 09:34:59.600,2783.0000,2554,0,57575100.000,0,-,-,-,-,2779.0000,2777.8000,2776.2000,2775.0000,2774.0000,2783.6000,2784.0000,2784.2000,2784.4000,2784.6000,1,1,1,1,5,2,1,1,1,1
SF,IH2009,2020-02-06 09:35:00.100,2783.0000,2554,0,57575100.000,0,-,-,-,-,2779.2000,2777.8000,2776.2000,2775.0000,2774.0000,2782.0000,2783.6000,2784.0000,2784.2000,2784.4000,1,1,1,1,5,1,2,1,1,1
SF,IH2009,2020-02-06 09:35:00.600,2783.0000,2554,0,57575100.000,0,-,-,-,-,2777.8000,2776.2000,2775.0000,2774.0000,2773.0000,2781.6000,2781.8000,2782.0000,2783.6000,2784.0000,1,1,1,5,2,2,2,1,1,1
SF,IH2009,2020-02-06 09:35:01.100,2783.0000,2554,0,57575100.000,0,-,-,-,-,2777.8000,2776.2000,2775.0000,2774.0000,2773.0000,2781.4000,2781.6000,2781.8000,2782.0000,2783.6000,1,1,1,5,2,1,2,1,1,1
SF,IH2009,2020-02-06 09:35:01.600,2783.0000,2554,0,57575100.000,0,-,-,-,-,2777.8000,2776.2000,2775.0000,2773.0000,2772.0000,2781.2000,2781.4000,2781.8000,2782.0000,2783.6000,1,1,1,2,1,1,1,1,1,1
SF,IH2009,2020-02-06 09:35:02.100,2783.0000,2554,0,57575100.000,0,-,-,-,-,2777.8000,2776.2000,2775.0000,2773.0000,2772.0000,2781.0000,2781.2000,2781.8000,2782.0000,2783.6000,1,1,1,2,1,1,1,1,1,1
SF,IH2009,2020-02-06 09:35:02.600,2783.0000,2554,0,57575100.000,0,-,-,-,-,2777.8000,2776.2000,2775.0000,2773.0000,2772.0000,2780.8000,2781.0000,2781.2000,2781.8000,2782.0000,1,1,1,2,1,1,1,1,1,1
SF,IH2009,2020-02-06 09:35:03.100,2783.0000,2554,0,57575100.000,0,-,-,-,-,2777.8000,2776.2000,2775.0000,2773.0000,2772.0000,2780.2000,2780.6000,2780.8000,2781.2000,2781.8000,1,1,1,2,1,1,2,1,1,1
SF,IH2009,2020-02-06 09:35:03.600,2783.0000,2554,0,57575100.000,0,-,-,-,-,2778.0000,2777.8000,2776.2000,2775.0000,2773.0000,2780.0000,2780.6000,2780.8000,2781.2000,2781.8000,1,1,1,1,2,1,1,1,1,1
SF,IH2009,2020-02-06 09:35:04.100,2783.0000,2554,0,57575100.000,0,-,-,-,-,2778.0000,2777.8000,2776.2000,2775.0000,2773.0000,2779.8000,2780.0000,2780.6000,2780.8000,2781.2000,1,1,1,1,2,1,1,1,1,1
SF,IH2009,2020-02-06 09:35:04.600,2783.0000,2554,0,57575100.000,0,-,-,-,-,2778.0000,2777.8000,2776.2000,2775.0000,2773.0000,2779.6000,2779.8000,2780.6000,2780.8000,2781.2000,1,1,1,1,2,2,1,1,1,1
SF,IH2009,2020-02-06 09:35:05.100,2783.0000,2554,0,57575100.000,0,-,-,-,-,2778.0000,2777.8000,2776.2000,2775.0000,2773.0000,2779.4000,2779.6000,2780.6000,2780.8000,2781.2000,1,1,1,1,2,2,2,1,1,1
SF,IH2009,2020-02-06 09:35:05.600,2779.6000,2554,0,58408980.000,1,0,1,多换,S,2779.4000,2778.2000,2778.0000,2777.8000,2776.2000,2780.6000,2780.8000,2782.0000,2784.2000,2784.6000,1,1,1,1,1,1,1,1,1,1
SF,IH2009,2020-02-06 09:35:06.100,2780.4000,2554,0,59243100.000,1,0,1,多换,S,2779.4000,2778.2000,2778.0000,2777.8000,2776.2000,2780.4000,2782.0000,2784.2000,2784.6000,2785.0000,1,1,1,1,1,1,1,1,1,1
SF,IH2009,2020-02-06 09:35:06.600,2780.4000,2555,1,60077220.000,1,1,0,双开,S,2780.4000,2779.4000,2778.0000,2777.8000,2776.2000,2782.0000,2784.2000,2784.6000,2785.0000,2788.8000,1,1,1,1,1,1,1,1,1,1
SF,IH2009,2020-02-06 09:35:07.100,2780.4000,2554,-1,60911340.000,1,0,1,双平,S,2780.4000,2779.4000,2777.8000,2776.2000,2775.0000,2781.8000,2782.0000,2784.2000,2784.6000,2785.0000,2,1,1,1,1,1,1,1,1,1
SF,IH2009,2020-02-06 09:35:08.100,2780.4000,2554,0,60911340.000,0,-,-,-,-,2780.6000,2780.4000,2779.4000,2777.8000,2776.2000,2781.8000,2782.0000,2784.2000,2784.6000,2785.0000,1,2,1,1,1,1,1,1,1,1
SF,IH2009,2020-02-06 09:35:08.600,2780.4000,2554,0,60911340.000,0,-,-,-,-,2780.8000,2780.6000,2779.4000,2777.8000,2776.2000,2784.2000,2784.6000,2785.0000,2788.8000,2789.2000,1,1,1,1,1,1,1,1,1,6
SF,IH2009,2020-02-06 09:35:09.100,2784.2000,2555,1,61746600.000,1,1,0,双开,S,2780.8000,2780.6000,2779.4000,2777.8000,2776.2000,2784.0000,2784.6000,2785.0000,2788.8000,2789.2000,1,1,1,1,1,1,1,1,1,6
SF,IH2009,2020-02-06 09:35:09.600,2784.2000,2555,0,61746600.000,0,-,-,-,-,2781.0000,2780.8000,2779.4000,2777.8000,2776.2000,2783.8000,2784.0000,2784.6000,2785.0000,2788.8000,2,1,1,1,1,2,1,1,1,1
SF,IH2009,2020-02-06 09:35:10.100,2784.2000,2555,0,61746600.000,0,-,-,-,-,2781.0000,2780.8000,2779.4000,2777.8000,2776.2000,2783.6000,2783.8000,2784.6000,2785.0000,2788.8000,1,1,1,1,1,1,2,1,1,1
SF,IH2009,2020-02-06 09:35:10.600,2784.2000,2554,-1,62581860.000,1,0,1,双平,S,2781.0000,2779.4000,2777.8000,2776.2000,2775.0000,2783.6000,2783.8000,2784.6000,2785.0000,2788.8000,1,1,1,1,1,1,2,1,1,1
SF,IH2009,2020-02-06 09:35:12.100,2784.2000,2554,0,62581860.000,0,-,-,-,-,2781.0000,2779.4000,2776.2000,2775.0000,2773.0000,2782.0000,2783.6000,2783.8000,2784.6000,2785.0000,1,1,1,1,2,1,1,2,1,1
SF,IH2009,2020-02-06 09:35:12.600,2784.2000,2554,0,62581860.000,0,-,-,-,-,2781.0000,2779.4000,2776.2000,2775.0000,2773.0000,2781.8000,2782.0000,2783.8000,2784.6000,2785.0000,1,1,1,1,2,1,1,2,1,1
SF,IH2009,2020-02-06 09:35:13.100,2781.8000,2553,-1,63416400.000,1,0,1,双平,S,2779.4000,2776.2000,2775.0000,2773.0000,2772.0000,2783.8000,2784.6000,2788.8000,2789.2000,2789.6000,1,1,1,2,1,1,1,1,6,1
SF,IH2009,2020-02-06 09:35:13.600,2781.8000,2553,0,63416400.000,0,-,-,-,-,2779.6000,2779.4000,2776.2000,2775.0000,2773.0000,2783.6000,2783.8000,2784.6000,2788.8000,2789.2000,2,1,1,1,2,1,1,1,1,6
SF,IH2009,2020-02-06 09:35:14.100,2781.8000,2553,0,63416400.000,0,-,-,-,-,2780.2000,2779.8000,2779.6000,2779.4000,2776.2000,2783.8000,2784.6000,2788.8000,2789.2000,2789.6000,1,1,2,1,1,1,1,1,6,1
SF,IH2009,2020-02-06 09:35:14.600,2781.8000,2553,0,63416400.000,0,-,-,-,-,2780.4000,2780.2000,2780.0000,2779.8000,2779.6000,2783.8000,2784.6000,2788.8000,2789.2000,2789.6000,2,2,1,1,1,1,1,1,6,1
SF,IH2009,2020-02-06 09:35:15.100,2781.8000,2553,0,63416400.000,0,-,-,-,-,2780.8000,2780.4000,2780.2000,2779.4000,2776.2000,2783.6000,2783.8000,2784.6000,2788.8000,2789.2000,1,2,1,1,1,1,1,1,1,6
SF,IH2009,2020-02-06 09:35:15.600,2783.6000,2553,0,64251480.000,1,0,1,多换,S,2781.0000,2780.8000,2780.2000,2779.4000,2776.2000,2783.8000,2784.6000,2788.8000,2789.2000,2789.6000,1,1,1,1,1,1,1,1,6,1
SF,IH2009,2020-02-06 09:35:16.100,2783.6000,2553,0,64251480.000,0,-,-,-,-,2781.2000,2781.0000,2780.8000,2779.4000,2776.2000,2783.6000,2783.8000,2784.6000,2788.8000,2789.2000,1,2,1,1,1,1,1,1,1,6
SF,IH2009,2020-02-06 09:35:16.600,2783.6000,2553,0,64251480.000,0,-,-,-,-,2781.4000,2781.2000,2781.0000,2779.4000,2776.2000,2783.4000,2783.8000,2784.6000,2788.8000,2789.2000,1,1,1,1,1,1,1,1,1,6
SF,IH2009,2020-02-06 09:35:17.100,2783.6000,2553,0,64251480.000,0,-,-,-,-,2781.4000,2781.0000,2779.4000,2776.2000,2775.0000,2783.4000,2783.8000,2784.6000,2788.8000,2789.2000,1,1,1,1,1,1,1,1,1,6
SF,IH2009,2020-02-06 09:35:17.600,2783.6000,2553,0,64251480.000,0,-,-,-,-,2781.6000,2781.4000,2781.0000,2779.4000,2776.2000,2783.2000,2783.4000,2783.8000,2784.6000,2788.8000,1,1,1,1,1,1,1,1,1,1
SF,IH2009,2020-02-06 09:35:18.100,2783.6000,2553,0,64251480.000,0,-,-,-,-,2781.6000,2781.4000,2781.0000,2779.4000,2776.2000,2782.0000,2783.2000,2783.4000,2783.8000,2784.6000,1,1,1,1,1,1,1,1,1,1
SF,IH2009,2020-02-06 09:35:18.600,2781.8000,2554,1,66755160.000,3,2,1,空开,S,2781.6000,2781.4000,2781.0000,2779.4000,2776.2000,2783.4000,2783.8000,2784.6000,2788.8000,2789.2000,1,1,1,1,1,1,1,1,1,6
SF,IH2009,2020-02-06 09:35:19.100,2781.8000,2554,0,66755160.000,0,-,-,-,-,2779.4000,2776.2000,2775.0000,2773.0000,2772.0000,2783.2000,2783.4000,2783.8000,2784.6000,2788.8000,1,1,1,2,1,1,1,1,1,1
SF,IH2009,2020-02-06 09:35:19.600,2781.8000,2554,0,66755160.000,0,-,-,-,-,2779.6000,2779.4000,2776.2000,2775.0000,2773.0000,2783.4000,2783.8000,2784.6000,2788.8000,2789.2000,2,1,1,1,2,1,1,1,1,6
SF,IH2009,2020-02-06 09:35:20.100,2781.8000,2554,0,66755160.000,0,-,-,-,-,2779.6000,2779.4000,2776.2000,2775.0000,2773.0000,2783.2000,2783.4000,2783.8000,2784.6000,2788.8000,2,1,1,1,2,1,1,1,1,1
SF,IH2009,2020-02-06 09:35:21.100,2781.8000,2554,0,66755160.000,0,-,-,-,-,2780.0000,2779.6000,2779.4000,2776.2000,2775.0000,2783.2000,2783.4000,2783.8000,2784.6000,2788.8000,1,2,1,1,1,1,1,1,1,1
SF,IH2009,2020-02-06 09:35:21.600,2781.8000,2554,0,66755160.000,0,-,-,-,-,2780.2000,2780.0000,2779.4000,2776.2000,2775.0000,2783.0000,2783.2000,2783.4000,2783.8000,2784.6000,2,1,1,1,1,1,1,1,1,1
SF,IH2009,2020-02-06 09:35:23.100,2781.8000,2554,0,66755160.000,0,-,-,-,-,2780.2000,2780.0000,2779.4000,2776.2000,2775.0000,2783.0000,2783.2000,2783.4000,2783.8000,2784.6000,1,1,1,1,1,1,1,1,1,1
SF,IH2009,2020-02-06 09:35:23.600,2781.8000,2554,0,66755160.000,0,-,-,-,-,2780.2000,2780.0000,2779.4000,2776.2000,2775.0000,2782.8000,2783.0000,2783.4000,2783.8000,2784.6000,1,1,1,1,1,1,1,1,1,1
SF,IH2009,2020-02-06 09:35:24.100,2781.8000,2554,0,66755160.000,0,-,-,-,-,2780.0000,2779.4000,2776.2000,2775.0000,2773.0000,2782.6000,2782.8000,2783.0000,2783.4000,2783.8000,1,1,1,1,2,1,1,1,1,1
SF,IH2009,2020-02-06 09:35:24.600,2781.8000,2554,0,66755160.000,0,-,-,-,-,2780.0000,2779.4000,2776.2000,2775.0000,2773.0000,2782.4000,2782.6000,2783.0000,2783.4000,2783.8000,1,1,1,1,2,1,1,1,1,1
SF,IH2009,2020-02-06 09:35:25.100,2781.8000,2554,0,66755160.000,0,-,-,-,-,2780.0000,2779.4000,2776.2000,2775.0000,2773.0000,2781.8000,2782.2000,2782.4000,2782.6000,2783.0000,1,1,1,1,2,1,1,1,1,1
SF,IH2009,2020-02-06 09:35:25.600,2780.0000,2553,-1,67589160.000,1,0,1,双平,S,2779.4000,2776.2000,2775.0000,2773.0000,2772.0000,2781.6000,2781.8000,2782.2000,2782.6000,2783.0000,1,1,1,2,1,1,1,1,1,1
SF,IH2009,2020-02-06 09:35:26.100,2780.0000,2553,0,67589160.000,0,-,-,-,-,2776.2000,2775.0000,2773.0000,2772.0000,2770.2000,2781.6000,2781.8000,2782.2000,2782.6000,2783.0000,1,1,2,1,6,1,1,1,1,1
SF,IH2009,2020-02-06 09:35:26.600,2780.0000,2553,0,67589160.000,0,-,-,-,-,2777.2000,2776.4000,2776.2000,2775.0000,2773.0000,2781.6000,2781.8000,2782.2000,2782.6000,2783.0000,1,1,1,1,2,1,1,1,1,1
SF,IH2009,2020-02-06 09:35:27.100,2780.0000,2553,0,67589160.000,0,-,-,-,-,2777.4000,2777.2000,2776.2000,2775.0000,2773.0000,2781.6000,2781.8000,2782.2000,2782.6000,2783.0000,2,1,1,1,2,1,1,1,1,1
SF,IH2009,2020-02-06 09:35:27.600,2780.0000,2553,0,67589160.000,0,-,-,-,-,2777.4000,2776.2000,2775.0000,2773.0000,2772.0000,2781.4000,2781.6000,2781.8000,2782.0000,2782.2000,2,1,1,2,1,1,1,1,1,1
SF,IH2009,2020-02-06 09:35:28.100,2780.0000,2553,0,67589160.000,0,-,-,-,-,2777.4000,2776.2000,2775.0000,2773.0000,2772.0000,2781.4000,2781.8000,2782.0000,2782.2000,2782.6000,3,1,1,2,1,1,1,1,1,1
SF,IH2009,2020-02-06 09:35:28.600,2780.0000,2553,0,67589160.000,0,-,-,-,-,2777.4000,2776.2000,2775.0000,2773.0000,2772.0000,2781.4000,2782.0000,2782.2000,2782.6000,2783.0000,3,1,1,2,1,1,1,1,1,1
SF,IH2009,2020-02-06 09:35:29.100,2780.0000,2553,0,67589160.000,0,-,-,-,-,2777.4000,2776.2000,2775.0000,2773.0000,2772.0000,2782.0000,2782.6000,2783.0000,2783.4000,2783.8000,3,1,1,2,1,1,1,1,1,1
SF,IH2009,2020-02-06 09:35:29.600,2780.0000,2553,0,67589160.000,0,-,-,-,-,2777.4000,2776.2000,2775.0000,2773.0000,2772.0000,2781.8000,2782.0000,2783.0000,2783.4000,2783.8000,3,1,1,2,1,1,1,1,1,1
