市场代码,合约代码,时间,最新,持仓,增仓,成交额,成交量,开仓,平仓,成交类型,方向,买一价,买二价,买三价,买四价,买五价,卖一价,卖二价,卖三价,卖四价,卖五价,买一量,买二量,买三量,买四量,买五量,卖一量,卖二量,卖三量,卖四量,卖五量
SF,IH2003,2020-03-20 09:29:00.400,2623.0000,19762,0,67673400.000,86.000,-,-,-,-,2623.0000,2621.6000,2621.0000,2620.6000,2620.0000,2624.4000,2628.0000,2630.0000,2640.0000,2640.2000,10,4,12,3,6,1,1,3,5,2
SF,IH2003,2020-03-20 09:30:00.400,2620.6000,19730,-32,96782280.000,37,2,35,多平,S,2620.6000,2620.0000,2617.0000,2616.2000,2615.2000,2624.2000,2624.4000,2627.0000,2628.0000,2628.6000,2,2,12,1,1,3,3,1,1,2
SF,IH2003,2020-03-20 09:30:00.900,2624.0000,19665,-65,148664100.000,66,0,66,多平,S,2610.0000,2608.8000,2608.0000,2604.0000,2601.2000,2617.2000,2623.0000,2624.0000,2624.2000,2624.4000,4,1,5,1,1,1,20,9,22,2
SF,IH2003,2020-03-20 09:30:01.400,2616.8000,19636,-29,172242780.000,30,0,30,多平,S,2617.2000,2616.0000,2615.8000,2615.6000,2615.4000,2619.6000,2620.0000,2620.6000,2623.0000,2624.0000,2,3,3,1,1,2,3,4,18,4
SF,IH2003,2020-03-20 09:30:01.900,2615.8000,19606,-30,195802140.000,30,0,30,双平,S,2613.6000,2613.0000,2610.2000,2610.0000,2608.8000,2616.6000,2617.2000,2619.4000,2619.6000,2620.0000,1,1,1,4,1,4,4,2,1,6
SF,IH2003,2020-03-20 09:30:02.400,2610.2000,19583,-23,216203280.000,26,1,25,多平,S,2610.2000,2610.0000,2608.8000,2608.0000,2604.0000,2616.4000,2617.0000,2617.2000,2619.4000,2619.6000,1,4,1,2,1,1,7,4,3,7
SF,IH2003,2020-03-20 09:30:02.900,2610.4000,19563,-20,231883200.000,20,0,20,双平,S,2610.4000,2610.2000,2610.0000,2608.8000,2608.0000,2613.6000,2616.2000,2616.4000,2616.8000,2617.0000,3,3,4,1,2,2,8,1,1,6
SF,IH2003,2020-03-20 09:30:03.400,2610.4000,19556,-7,237368700.000,7,0,7,双平,S,2610.4000,2610.0000,2608.8000,2608.0000,2604.0000,2613.4000,2613.6000,2616.0000,2617.0000,2617.2000,2,4,2,1,1,4,2,4,6,6
SF,IH2003,2020-03-20 09:30:03.900,2613.2000,19545,-11,245989500.000,11,0,11,双平,S,2610.4000,2610.0000,2608.8000,2608.0000,2604.0000,2612.8000,2613.2000,2613.4000,2613.6000,2616.0000,2,4,1,1,1,1,1,3,2,4
SF,IH2003,2020-03-20 09:30:04.400,2612.8000,19538,-7,253824420.000,10,1,9,多平,S,2613.0000,2612.8000,2610.0000,2608.8000,2608.0000,2613.4000,2613.6000,2616.0000,2617.0000,2617.2000,1,1,3,1,1,1,2,4,6,6
SF,IH2003,2020-03-20 09:30:04.900,2610.0000,19532,-6,260093880.000,8,1,7,多平,S,2610.0000,2608.8000,2608.0000,2604.0000,2601.4000,2613.4000,2613.6000,2616.0000,2617.0000,2617.2000,1,1,1,1,1,1,3,4,6,6
SF,IH2003,2020-03-20 09:30:05.400,2613.2000,19523,-9,267931500.000,10,0,10,多平,S,2610.6000,2610.2000,2609.0000,2608.8000,2608.0000,2613.2000,2613.4000,2613.6000,2617.0000,2617.2000,6,2,1,1,1,1,2,3,6,5
SF,IH2003,2020-03-20 09:30:05.900,2610.4000,19511,-12,278112780.000,13,0,13,多平,S,2608.8000,2608.0000,2601.4000,2601.2000,2600.0000,2612.8000,2613.0000,2613.4000,2613.6000,2617.0000,1,1,1,1,4,1,10,1,3,6
SF,IH2003,2020-03-20 09:30:06.400,2612.6000,19503,-8,285166800.000,9,0,9,多平,S,2609.4000,2609.0000,2608.8000,2608.2000,2608.0000,2612.6000,2612.8000,2613.0000,2613.4000,2613.6000,4,4,1,1,1,1,3,7,1,3
SF,IH2003,2020-03-20 09:30:06.900,2609.6000,19493,-10,293000100.000,10,0,10,双平,S,2609.4000,2609.0000,2608.8000,2608.0000,2601.4000,2613.0000,2613.4000,2613.6000,2617.0000,2617.2000,4,1,1,1,1,7,1,3,6,5
SF,IH2003,2020-03-20 09:30:07.400,2610.0000,19484,-9,300829020.000,10,0,10,多平,S,2609.2000,2608.8000,2608.0000,2601.4000,2601.2000,2610.0000,2612.4000,2612.8000,2613.0000,2613.2000,1,1,1,1,1,3,6,3,7,1
SF,IH2003,2020-03-20 09:30:07.900,2608.8000,19479,-5,304742940.000,5,0,5,双平,S,2608.0000,2601.4000,2601.2000,2600.0000,2598.6000,2609.2000,2610.0000,2610.4000,2612.2000,2612.4000,1,1,1,1,1,3,3,1,1,1
SF,IH2003,2020-03-20 09:30:08.400,2608.0000,19474,-5,308656380.000,5,0,5,双平,S,2601.6000,2601.4000,2601.2000,2600.0000,2598.6000,2610.0000,2610.4000,2612.4000,2612.8000,2613.0000,3,1,1,1,1,3,1,1,1,7
SF,IH2003,2020-03-20 09:30:08.900,2604.0000,19471,-3,312566340.000,5,1,4,多平,S,2604.0000,2602.6000,2601.8000,2601.6000,2601.4000,2609.4000,2609.8000,2610.0000,2610.2000,2612.4000,2,3,6,7,1,2,3,3,1,1
SF,IH2003,2020-03-20 09:30:09.400,2602.8000,19463,-8,319599840.000,9,0,9,多平,S,2602.8000,2602.6000,2601.4000,2601.2000,2600.0000,2604.0000,2608.8000,2609.4000,2609.8000,2610.0000,2,2,1,1,1,1,1,2,2,3
SF,IH2003,2020-03-20 09:30:09.900,2608.6000,19460,-3,321944820.000,3,0,3,双平,S,2608.0000,2603.2000,2603.0000,2602.6000,2601.4000,2608.8000,2609.4000,2609.8000,2610.0000,2610.2000,1,1,1,2,1,1,2,1,9,3
SF,IH2003,2020-03-20 09:30:10.400,2603.4000,19455,-5,325855740.000,5,0,5,双平,S,2603.4000,2603.2000,2602.6000,2601.4000,2601.2000,2607.8000,2608.2000,2608.4000,2608.8000,2609.4000,1,1,1,1,1,3,1,2,4,2
SF,IH2003,2020-03-20 09:30:10.900,2607.0000,19450,-5,329763840.000,5,0,5,双平,S,2604.0000,2603.6000,2603.4000,2603.2000,2602.6000,2607.2000,2607.6000,2607.8000,2609.4000,2609.8000,1,1,1,1,1,2,6,1,2,2
SF,IH2003,2020-03-20 09:30:11.400,2607.0000,19448,-2,331328040.000,2,0,2,双平,S,2604.8000,2604.2000,2604.0000,2603.4000,2603.2000,2607.2000,2607.6000,2607.8000,2609.4000,2609.8000,1,3,2,1,1,2,4,4,2,2
SF,IH2003,2020-03-20 09:30:11.900,2603.2000,19441,-7,336797220.000,7,0,7,双平,S,2601.4000,2601.2000,2600.0000,2598.6000,2597.0000,2603.2000,2604.0000,2606.6000,2607.0000,2607.2000,1,1,1,1,1,1,3,1,2,3
SF,IH2003,2020-03-20 09:30:12.400,2603.8000,19439,-2,338359320.000,2,0,2,双平,S,2602.6000,2601.6000,2601.4000,2601.2000,2600.0000,2603.8000,2604.0000,2606.4000,2607.0000,2607.8000,1,2,2,1,1,2,3,1,1,1
SF,IH2003,2020-03-20 09:30:12.900,2601.6000,19432,-7,343824660.000,7,0,7,双平,S,2601.4000,2601.2000,2600.0000,2598.6000,2597.0000,2602.6000,2603.6000,2604.0000,2606.4000,2607.8000,1,1,1,1,1,1,1,3,1,1
SF,IH2003,2020-03-20 09:30:13.400,2603.4000,19428,-4,347728380.000,5,0,5,多平,S,2601.6000,2601.4000,2601.2000,2600.0000,2598.6000,2602.6000,2603.4000,2603.6000,2604.0000,2605.6000,1,1,1,1,1,1,1,1,3,1
SF,IH2003,2020-03-20 09:30:13.900,2603.2000,19426,-2,353975040.000,8,3,5,多平,S,2603.0000,2602.6000,2601.8000,2601.6000,2601.4000,2604.0000,2605.6000,2607.8000,2608.0000,2609.2000,1,3,2,1,1,3,1,1,1,1
SF,IH2003,2020-03-20 09:30:14.400,2603.8000,19423,-3,356318220.000,3,0,3,双平,S,2602.8000,2602.6000,2601.8000,2601.4000,2601.2000,2604.0000,2604.8000,2607.8000,2608.0000,2609.2000,1,3,2,1,1,3,1,1,1,1
SF,IH2003,2020-03-20 09:30:14.900,2603.8000,19420,-3,358661340.000,3,0,3,双平,S,2602.8000,2602.6000,2601.8000,2601.4000,2601.2000,2604.0000,2604.8000,2607.8000,2608.0000,2609.2000,1,3,2,1,1,4,1,1,1,1
SF,IH2003,2020-03-20 09:30:15.400,2602.8000,19417,-3,361004580.000,3,0,3,双平,S,2602.6000,2602.0000,2601.4000,2601.2000,2601.0000,2604.0000,2607.8000,2608.0000,2609.2000,2609.8000,3,2,2,1,1,2,1,1,1,1
SF,IH2003,2020-03-20 09:30:15.900,2602.6000,19416,-1,364128480.000,4,1,3,多平,S,2602.6000,2602.0000,2601.4000,2601.2000,2601.0000,2604.0000,2607.6000,2607.8000,2608.0000,2608.2000,1,2,2,1,1,1,2,1,1,1
SF,IH2003,2020-03-20 09:30:16.400,2603.8000,19415,-1,364909620.000,1,0,1,双平,S,2603.4000,2603.0000,2602.6000,2602.2000,2601.4000,2604.0000,2607.6000,2607.8000,2608.0000,2608.2000,1,1,1,2,2,1,2,1,1,1
SF,IH2003,2020-03-20 09:30:16.900,2602.6000,19410,-5,369594900.000,6,0,6,多平,S,2602.2000,2601.4000,2601.2000,2601.0000,2600.0000,2602.6000,2602.8000,2603.0000,2604.0000,2607.6000,1,2,1,1,2,5,2,1,1,2
SF,IH2003,2020-03-20 09:30:17.400,2602.4000,19405,-5,373498740.000,5,0,5,双平,S,2602.2000,2601.4000,2601.2000,2601.0000,2600.0000,2602.6000,2602.8000,2603.0000,2604.0000,2607.6000,2,2,1,1,2,1,2,1,1,2
SF,IH2003,2020-03-20 09:30:17.900,2602.4000,19398,-7,379744740.000,8,0,8,多平,S,2602.6000,2602.2000,2601.4000,2601.2000,2601.0000,2603.0000,2603.4000,2604.0000,2607.6000,2607.8000,2,1,2,1,1,1,1,1,2,1
SF,IH2003,2020-03-20 09:30:18.400,2603.0000,19392,-6,384429480.000,6,0,6,双平,S,2601.4000,2601.2000,2601.0000,2600.0000,2598.6000,2602.4000,2602.6000,2603.4000,2604.0000,2607.6000,2,1,1,4,1,2,2,1,1,2
SF,IH2003,2020-03-20 09:30:18.900,2602.2000,19385,-7,391456020.000,9,1,8,多平,S,2601.6000,2601.4000,2601.2000,2601.0000,2600.0000,2602.4000,2602.6000,2602.8000,2604.0000,2607.6000,2,1,1,1,4,1,2,1,1,2
SF,IH2003,2020-03-20 09:30:19.400,2601.6000,19381,-4,394578180.000,4,0,4,双平,S,2601.4000,2601.2000,2601.0000,2600.0000,2598.6000,2602.6000,2602.8000,2604.0000,2607.6000,2608.0000,1,1,1,4,1,2,1,1,2,1
SF,IH2003,2020-03-20 09:30:19.900,2602.4000,19380,-1,395358900.000,1,0,1,双平,S,2602.2000,2602.0000,2601.4000,2601.2000,2601.0000,2602.4000,2602.6000,2602.8000,2604.0000,2607.6000,1,1,1,1,1,1,2,1,1,2
SF,IH2003,2020-03-20 09:30:20.400,2601.4000,19377,-3,400042620.000,6,1,5,多平,S,2601.2000,2601.0000,2600.0000,2598.6000,2597.0000,2601.4000,2602.4000,2602.6000,2602.8000,2604.0000,1,1,4,1,1,2,1,2,1,1
SF,IH2003,2020-03-20 09:30:20.900,2602.4000,19376,-1,402384180.000,3,1,2,多平,S,2601.2000,2601.0000,2600.0000,2598.6000,2597.0000,2602.6000,2602.8000,2603.4000,2607.6000,2608.0000,1,1,4,1,1,2,1,1,2,1
SF,IH2003,2020-03-20 09:30:21.400,2602.4000,19371,-5,406286640.000,5,0,5,双平,S,2600.0000,2598.6000,2597.0000,2595.0000,2592.2000,2602.2000,2602.6000,2602.8000,2603.0000,2603.4000,4,1,1,1,1,1,2,1,1,1
SF,IH2003,2020-03-20 09:30:21.900,2602.6000,19364,-7,411751800.000,7,0,7,双平,S,2600.2000,2600.0000,2598.6000,2597.0000,2595.0000,2601.4000,2603.0000,2603.4000,2608.0000,2608.2000,3,5,1,1,1,1,1,1,1,1
SF,IH2003,2020-03-20 09:30:22.400,2601.8000,19360,-4,414874200.000,4,0,4,双平,S,2601.4000,2600.6000,2600.4000,2600.2000,2600.0000,2603.4000,2608.0000,2608.2000,2608.8000,2609.2000,11,2,1,2,4,1,1,1,1,1
SF,IH2003,2020-03-20 09:30:22.900,2603.4000,19360,0,415655220.000,1,0,1,多换,S,2607.4000,2603.4000,2602.8000,2601.6000,2601.4000,2608.0000,2608.2000,2608.8000,2609.2000,2609.8000,1,1,1,1,15,1,1,1,1,1
SF,IH2003,2020-03-20 09:30:23.400,2602.8000,19357,-3,418780620.000,4,0,4,多平,S,2601.6000,2601.4000,2600.0000,2598.6000,2597.0000,2603.4000,2606.4000,2607.0000,2607.2000,2607.4000,1,15,4,1,1,1,1,2,5,5
SF,IH2003,2020-03-20 09:30:23.900,2603.2000,19352,-5,422686320.000,5,0,5,双平,S,2602.0000,2601.6000,2601.4000,2600.0000,2598.6000,2602.6000,2607.0000,2607.2000,2607.4000,2607.8000,3,1,15,4,1,2,2,1,2,2
SF,IH2003,2020-03-20 09:30:24.400,2602.2000,19348,-4,425809680.000,4,0,4,双平,S,2602.2000,2602.0000,2601.4000,2600.0000,2598.6000,2602.4000,2607.2000,2607.8000,2608.0000,2608.2000,1,3,15,4,1,2,1,1,1,1
SF,IH2003,2020-03-20 09:30:24.900,2602.0000,19339,-9,432835860.000,9,0,9,双平,S,2605.0000,2602.4000,2602.2000,2602.0000,2601.4000,2607.2000,2607.8000,2608.0000,2608.2000,2608.8000,3,1,1,1,15,1,1,1,1,1
SF,IH2003,2020-03-20 09:30:25.400,2605.0000,19335,-4,435961860.000,4,0,4,双平,S,2602.6000,2602.4000,2602.2000,2602.0000,2601.4000,2605.0000,2605.8000,2607.0000,2607.2000,2607.8000,1,1,1,1,15,1,2,1,2,1
SF,IH2003,2020-03-20 09:30:25.900,2605.8000,19332,-3,438306600.000,3,0,3,双平,S,2603.0000,2602.8000,2602.6000,2602.2000,2601.4000,2607.0000,2607.2000,2607.8000,2608.0000,2608.2000,1,4,1,1,15,1,2,1,1,1
SF,IH2003,2020-03-20 09:30:26.400,2603.2000,19328,-4,441431880.000,4,0,4,双平,S,2603.2000,2603.0000,2602.8000,2602.6000,2601.8000,2604.8000,2606.0000,2606.2000,2606.6000,2606.8000,3,2,3,1,1,1,1,1,1,1
SF,IH2003,2020-03-20 09:30:26.900,2603.4000,19318,-10,449243340.000,10,0,10,双平,S,2603.4000,2603.2000,2603.0000,2602.8000,2602.6000,2605.8000,2606.0000,2606.6000,2607.0000,2607.2000,1,3,2,1,1,1,1,1,4,1
SF,IH2003,2020-03-20 09:30:27.400,2603.6000,19313,-5,453149340.000,5,0,5,双平,S,2603.4000,2603.2000,2603.0000,2602.8000,2602.6000,2604.8000,2605.2000,2605.6000,2605.8000,2606.0000,1,2,2,1,1,1,1,1,1,1
SF,IH2003,2020-03-20 09:30:27.900,2604.8000,19306,-7,458618400.000,7,0,7,双平,S,2604.2000,2603.8000,2603.6000,2603.4000,2603.2000,2604.8000,2605.2000,2605.6000,2606.0000,2606.6000,1,1,1,1,2,3,1,1,1,1
SF,IH2003,2020-03-20 09:30:28.400,2604.2000,19299,-7,464088060.000,7,0,7,双平,S,2603.8000,2603.4000,2603.2000,2603.0000,2602.8000,2604.0000,2604.6000,2606.0000,2606.6000,2607.0000,1,1,1,2,1,1,1,1,1,3
SF,IH2003,2020-03-20 09:30:28.900,2604.0000,19294,-5,468775620.000,6,0,6,多平,S,2605.0000,2604.8000,2603.8000,2603.4000,2603.2000,2606.0000,2606.6000,2607.0000,2607.2000,2607.8000,1,3,1,1,1,1,1,3,1,1
SF,IH2003,2020-03-20 09:30:29.400,2605.2000,19290,-4,471902280.000,4,0,4,双平,S,2604.8000,2604.2000,2603.8000,2603.4000,2603.0000,2607.0000,2607.2000,2607.8000,2608.0000,2608.2000,4,1,2,3,1,3,1,1,1,1
SF,IH2003,2020-03-20 09:30:29.900,2604.8000,19289,-1,472683720.000,1,0,1,双平,S,2604.8000,2604.6000,2604.2000,2603.8000,2603.4000,2606.8000,2607.0000,2607.2000,2607.8000,2608.0000,3,1,1,2,3,1,3,1,1,1
SF,IH2003,2020-03-20 09:30:30.400,2605.0000,19285,-4,475810200.000,4,0,4,双平,S,2604.8000,2604.6000,2604.2000,2603.8000,2603.4000,2606.8000,2607.0000,2607.2000,2607.8000,2608.0000,3,1,1,1,3,1,3,1,1,1
SF,IH2003,2020-03-20 09:30:30.900,2605.2000,19283,-2,477373860.000,2,0,2,双平,S,2605.0000,2604.8000,2604.6000,2603.8000,2603.4000,2607.0000,2607.2000,2607.8000,2608.0000,2608.2000,3,4,1,1,3,2,1,1,1,1
SF,IH2003,2020-03-20 09:30:31.400,2604.8000,19278,-5,482063940.000,6,0,6,多平,S,2604.8000,2604.6000,2603.8000,2603.4000,2603.0000,2606.8000,2607.0000,2607.2000,2607.8000,2608.0000,3,1,1,3,1,3,1,1,1,1
SF,IH2003,2020-03-20 09:30:31.900,2605.0000,19275,-3,484408980.000,3,0,3,双平,S,2604.8000,2604.6000,2603.8000,2603.4000,2603.0000,2606.8000,2607.0000,2607.2000,2607.8000,2608.0000,3,1,1,3,1,1,1,1,1,1
SF,IH2003,2020-03-20 09:30:32.400,2604.8000,19274,-1,485190420.000,1,0,1,双平,S,2604.8000,2604.6000,2603.8000,2603.4000,2603.0000,2606.8000,2607.0000,2607.2000,2607.8000,2608.0000,2,1,1,3,1,1,1,1,1,1
SF,IH2003,2020-03-20 09:30:32.900,2606.6000,19271,-3,487536180.000,3,0,3,双平,S,2604.8000,2604.6000,2603.8000,2603.4000,2603.0000,2606.6000,2606.8000,2607.0000,2607.2000,2607.8000,2,2,1,3,1,1,1,1,1,1
SF,IH2003,2020-03-20 09:30:33.400,2606.4000,19268,-3,490662960.000,4,0,4,多平,S,2604.6000,2603.8000,2603.4000,2603.0000,2602.8000,2604.8000,2605.8000,2607.0000,2607.2000,2607.8000,2,1,3,1,1,1,3,1,1,1
SF,IH2003,2020-03-20 09:30:33.900,2604.2000,19261,-7,496914180.000,8,0,8,多平,S,2603.4000,2603.0000,2602.8000,2602.6000,2601.8000,2605.8000,2607.0000,2607.2000,2607.8000,2608.0000,3,1,1,2,1,2,1,1,1,1
SF,IH2003,2020-03-20 09:30:34.400,2603.8000,19260,-1,497695320.000,1,0,1,双平,S,2603.6000,2603.4000,2603.0000,2602.8000,2602.6000,2604.8000,2605.6000,2605.8000,2606.8000,2607.0000,1,3,1,1,1,2,1,2,1,1
SF,IH2003,2020-03-20 09:30:34.900,2604.8000,19258,-2,499258200.000,2,0,2,双平,S,2603.8000,2603.4000,2603.0000,2602.6000,2601.8000,2604.8000,2605.4000,2605.8000,2607.0000,2607.8000,1,3,1,1,1,1,1,2,1,1
SF,IH2003,2020-03-20 09:30:35.400,2603.8000,19255,-3,501601740.000,3,0,3,双平,S,2603.4000,2602.6000,2601.8000,2601.4000,2600.8000,2604.6000,2604.8000,2605.4000,2605.8000,2607.0000,3,2,1,15,1,2,1,1,2,1
SF,IH2003,2020-03-20 09:30:35.900,2602.6000,19250,-5,505506960.000,5,0,5,双平,S,2601.8000,2601.4000,2600.8000,2600.0000,2598.6000,2604.4000,2604.6000,2604.8000,2605.4000,2605.8000,1,15,1,3,1,1,3,1,1,2
SF,IH2003,2020-03-20 09:30:36.400,2602.6000,19250,0,505506960.000,0,-,-,-,-,2602.0000,2601.8000,2601.4000,2600.8000,2600.0000,2603.4000,2603.8000,2604.2000,2604.4000,2604.6000,1,1,15,1,3,3,1,2,1,3
SF,IH2003,2020-03-20 09:30:36.900,2602.6000,19250,0,505506960.000,0,-,-,-,-,2602.2000,2601.8000,2601.4000,2600.8000,2600.0000,2603.2000,2603.4000,2604.2000,2604.8000,2605.8000,1,1,15,1,3,1,3,2,1,2
SF,IH2003,2020-03-20 09:30:37.400,2602.2000,19247,-3,507848820.000,3,0,3,双平,S,2601.4000,2600.8000,2600.0000,2598.6000,2597.0000,2603.2000,2603.4000,2603.8000,2604.2000,2604.4000,15,1,3,1,1,1,3,1,2,1
SF,IH2003,2020-03-20 09:30:37.900,2602.8000,19247,0,508629660.000,1,0,1,多换,S,2602.4000,2601.4000,2600.8000,2600.0000,2598.6000,2603.0000,2603.2000,2603.4000,2603.8000,2604.2000,1,15,1,3,1,2,1,3,1,2
SF,IH2003,2020-03-20 09:30:38.400,2601.4000,19244,-3,512532960.000,5,1,4,多平,S,2601.4000,2600.8000,2600.0000,2598.6000,2597.0000,2602.2000,2602.4000,2603.2000,2603.4000,2603.8000,14,1,3,1,1,6,4,1,3,1
SF,IH2003,2020-03-20 09:30:38.900,2601.4000,19244,0,514093800.000,2,1,1,多换,S,2601.4000,2601.0000,2600.8000,2600.0000,2598.6000,2602.0000,2602.4000,2603.4000,2603.8000,2604.0000,12,3,1,3,1,2,4,3,1,1
SF,IH2003,2020-03-20 09:30:39.400,2601.4000,19242,-2,521117700.000,9,3,6,多平,S,2601.4000,2601.0000,2600.8000,2600.0000,2598.6000,2602.0000,2602.4000,2603.4000,2603.8000,2604.0000,4,3,1,8,1,2,3,3,1,1
SF,IH2003,2020-03-20 09:30:39.900,2601.8000,19240,-2,523459200.000,3,0,3,多平,S,2601.4000,2601.0000,2600.8000,2600.0000,2598.6000,2602.0000,2602.4000,2602.8000,2603.4000,2603.8000,3,3,1,8,1,2,3,1,3,2
SF,IH2003,2020-03-20 09:30:40.400,2601.4000,19238,-2,525800580.000,3,0,3,多平,S,2601.4000,2601.0000,2600.8000,2600.0000,2598.6000,2602.0000,2602.4000,2602.8000,2603.4000,2603.8000,1,3,1,8,1,2,3,1,3,2
SF,IH2003,2020-03-20 09:30:40.900,2602.4000,19235,-3,528142500.000,3,0,3,双平,S,2601.4000,2601.0000,2600.8000,2600.0000,2598.6000,2602.8000,2603.4000,2603.8000,2604.2000,2604.8000,1,3,1,8,1,1,4,1,1,1
SF,IH2003,2020-03-20 09:30:41.400,2602.4000,19235,0,528142500.000,0,-,-,-,-,2602.0000,2601.4000,2601.0000,2600.8000,2600.0000,2602.6000,2602.8000,2603.4000,2603.8000,2604.2000,2,1,3,1,8,1,1,3,1,1
SF,IH2003,2020-03-20 09:30:41.900,2601.8000,19232,-3,531264660.000,4,0,4,多平,S,2601.0000,2600.8000,2600.0000,2598.6000,2597.0000,2601.8000,2602.4000,2602.6000,2602.8000,2603.4000,3,1,8,1,1,3,1,1,1,3
SF,IH2003,2020-03-20 09:30:42.400,2602.4000,19227,-5,535167540.000,5,0,5,双平,S,2602.4000,2602.0000,2601.4000,2601.0000,2600.8000,2602.8000,2603.4000,2603.8000,2604.2000,2604.8000,1,1,1,3,1,1,3,1,1,1
SF,IH2003,2020-03-20 09:30:42.900,2602.6000,19224,-3,537510180.000,3,0,3,双平,S,2601.4000,2601.0000,2600.8000,2600.0000,2598.6000,2603.4000,2603.8000,2604.2000,2604.8000,2605.8000,1,3,1,8,1,2,1,1,1,2
SF,IH2003,2020-03-20 09:30:43.400,2601.6000,19220,-4,540632460.000,4,0,4,双平,S,2602.4000,2601.6000,2601.0000,2600.8000,2600.0000,2603.2000,2603.4000,2603.8000,2604.8000,2605.8000,1,1,3,1,8,3,2,1,1,2
SF,IH2003,2020-03-20 09:30:43.900,2603.2000,19216,-4,543756060.000,4,0,4,双平,S,2602.2000,2601.8000,2601.6000,2601.0000,2600.8000,2603.0000,2603.4000,2603.8000,2604.8000,2605.8000,1,1,1,3,1,4,2,1,1,2
SF,IH2003,2020-03-20 09:30:44.400,2602.4000,19209,-7,549222300.000,7,0,7,双平,S,2603.0000,2602.2000,2601.8000,2601.6000,2601.0000,2603.4000,2603.8000,2604.8000,2605.8000,2606.2000,1,1,1,1,3,1,1,1,2,1
SF,IH2003,2020-03-20 09:30:44.900,2603.4000,19204,-5,553127400.000,5,0,5,双平,S,2603.0000,2602.6000,2602.2000,2601.8000,2601.6000,2603.8000,2604.8000,2605.8000,2606.2000,2607.0000,1,1,1,2,1,1,1,2,1,1
SF,IH2003,2020-03-20 09:30:45.400,2602.8000,19199,-5,557032020.000,5,0,5,双平,S,2602.2000,2601.8000,2601.6000,2601.0000,2600.8000,2604.6000,2604.8000,2605.8000,2606.2000,2607.0000,1,2,1,3,1,2,1,2,1,1
SF,IH2003,2020-03-20 09:30:45.900,2602.8000,19199,0,557032020.000,0,-,-,-,-,2602.6000,2602.4000,2602.2000,2601.8000,2601.6000,2604.2000,2604.4000,2604.6000,2604.8000,2605.8000,2,1,2,2,1,2,1,3,1,2
SF,IH2003,2020-03-20 09:30:46.400,2602.8000,19199,0,557032020.000,0,-,-,-,-,2602.6000,2602.4000,2602.2000,2601.8000,2601.0000,2604.2000,2604.6000,2604.8000,2605.8000,2606.2000,2,1,2,2,3,2,3,1,2,1
SF,IH2003,2020-03-20 09:30:46.900,2604.0000,19196,-3,559374780.000,3,0,3,双平,S,2604.2000,2602.4000,2602.2000,2601.8000,2601.0000,2604.6000,2604.8000,2605.8000,2606.2000,2607.0000,5,1,2,2,3,3,1,2,1,1
SF,IH2003,2020-03-20 09:30:47.400,2604.2000,19190,-6,564062340.000,6,0,6,双平,S,2602.4000,2602.2000,2601.8000,2601.0000,2600.8000,2604.0000,2604.6000,2604.8000,2605.8000,2606.2000,1,2,2,3,1,1,1,1,2,1
SF,IH2003,2020-03-20 09:30:47.900,2602.4000,19187,-3,566405220.000,3,0,3,双平,S,2602.8000,2602.2000,2601.8000,2601.0000,2600.8000,2604.6000,2604.8000,2605.8000,2606.2000,2606.8000,1,2,2,3,1,1,1,2,1,1
SF,IH2003,2020-03-20 09:30:48.400,2602.4000,19187,0,566405220.000,0,-,-,-,-,2602.2000,2601.8000,2601.0000,2600.8000,2600.0000,2604.4000,2604.6000,2604.8000,2605.8000,2606.2000,2,2,3,1,9,1,1,1,2,1
SF,IH2003,2020-03-20 09:30:48.900,2602.4000,19187,0,566405220.000,0,-,-,-,-,2603.2000,2602.2000,2601.8000,2601.0000,2600.8000,2604.4000,2604.6000,2604.8000,2605.8000,2606.2000,1,2,2,3,1,1,1,1,2,1
SF,IH2003,2020-03-20 09:30:49.400,2604.6000,19184,-3,568749180.000,3,0,3,双平,S,2604.4000,2603.2000,2602.4000,2602.2000,2601.8000,2604.8000,2605.8000,2606.2000,2606.8000,2607.0000,2,1,2,2,2,1,2,1,1,1
SF,IH2003,2020-03-20 09:30:49.900,2604.8000,19181,-3,571093500.000,3,0,3,双平,S,2604.4000,2603.2000,2602.4000,2602.2000,2601.8000,2605.8000,2606.2000,2606.8000,2607.0000,2607.8000,1,1,2,2,2,2,1,1,1,1
SF,IH2003,2020-03-20 09:30:50.400,2604.4000,19180,-1,571874820.000,1,0,1,双平,S,2603.4000,2603.2000,2602.2000,2601.8000,2601.6000,2605.8000,2606.2000,2606.8000,2607.0000,2607.8000,2,1,2,2,1,2,1,1,1,1
SF,IH2003,2020-03-20 09:30:50.900,2604.4000,19180,0,571874820.000,0,-,-,-,-,2603.6000,2603.4000,2603.2000,2602.2000,2601.8000,2605.4000,2605.6000,2605.8000,2606.2000,2606.8000,1,2,1,2,2,1,1,2,1,1
SF,IH2003,2020-03-20 09:30:51.400,2603.4000,19178,-2,573437100.000,2,0,2,双平,S,2603.4000,2603.2000,2602.2000,2601.8000,2601.6000,2605.2000,2605.4000,2605.8000,2606.0000,2606.2000,1,1,2,2,1,1,1,3,1,1
SF,IH2003,2020-03-20 09:30:51.900,2605.2000,19177,-1,574218660.000,1,0,1,双平,S,2603.4000,2603.2000,2602.2000,2601.8000,2601.6000,2605.4000,2605.8000,2606.0000,2606.2000,2606.8000,1,1,2,2,1,1,4,1,1,1
SF,IH2003,2020-03-20 09:30:52.400,2605.8000,19176,-1,575782020.000,2,0,2,多平,S,2604.4000,2603.4000,2603.2000,2603.0000,2602.2000,2605.8000,2606.0000,2606.2000,2606.8000,2607.8000,1,2,3,1,2,3,1,1,1,1
SF,IH2003,2020-03-20 09:30:52.900,2603.6000,19174,-2,577344420.000,2,0,2,双平,S,2605.0000,2603.4000,2603.2000,2602.2000,2601.8000,2605.6000,2605.8000,2606.0000,2606.2000,2606.8000,4,1,1,2,2,1,4,1,1,1
SF,IH2003,2020-03-20 09:30:53.400,2605.6000,19165,-9,584378280.000,9,0,9,双平,S,2605.6000,2604.4000,2603.4000,2603.2000,2602.2000,2605.8000,2606.0000,2606.2000,2606.8000,2607.8000,2,1,1,1,2,4,1,1,1,1
SF,IH2003,2020-03-20 09:30:53.900,2604.4000,19158,-7,590631360.000,8,0,8,多平,S,2603.4000,2603.2000,2602.2000,2601.8000,2601.6000,2604.4000,2605.8000,2606.0000,2606.2000,2606.8000,1,1,1,1,1,1,4,1,1,1
SF,IH2003,2020-03-20 09:30:54.400,2604.4000,19157,-1,591412680.000,1,0,1,双平,S,2605.2000,2604.8000,2604.6000,2604.4000,2603.6000,2605.4000,2605.6000,2605.8000,2606.0000,2606.2000,1,1,3,1,1,1,1,4,1,1
SF,IH2003,2020-03-20 09:30:54.900,2603.6000,19155,-2,592975320.000,2,0,2,双平,S,2603.2000,2602.2000,2602.0000,2601.8000,2601.6000,2603.4000,2605.0000,2605.2000,2605.4000,2605.8000,1,1,1,1,1,1,2,1,1,4
SF,IH2003,2020-03-20 09:30:55.400,2603.8000,19152,-3,595318920.000,3,0,3,双平,S,2604.0000,2603.8000,2603.6000,2603.4000,2603.2000,2604.8000,2605.2000,2605.4000,2605.8000,2606.0000,3,1,1,2,1,1,1,1,4,1
SF,IH2003,2020-03-20 09:30:55.900,2605.2000,19146,-6,600006840.000,6,0,6,双平,S,2604.8000,2604.4000,2603.4000,2603.2000,2602.2000,2605.4000,2605.8000,2606.0000,2606.2000,2606.8000,1,1,1,1,1,1,4,1,1,1
SF,IH2003,2020-03-20 09:30:56.400,2604.4000,19143,-3,602350920.000,3,0,3,双平,S,2602.2000,2602.0000,2601.8000,2601.6000,2600.8000,2604.6000,2605.2000,2605.4000,2605.8000,2606.0000,1,1,1,1,1,3,1,1,4,1
SF,IH2003,2020-03-20 09:30:56.900,2604.4000,19142,-1,603913560.000,2,0,2,多平,S,2605.0000,2602.4000,2602.2000,2602.0000,2601.8000,2605.4000,2605.8000,2606.0000,2606.2000,2606.8000,1,4,2,1,1,1,4,1,1,1
SF,IH2003,2020-03-20 09:30:57.400,2605.0000,19141,-1,604695060.000,1,0,1,双平,S,2604.6000,2602.4000,2602.2000,2602.0000,2601.8000,2604.8000,2605.0000,2605.4000,2605.8000,2606.0000,2,3,1,1,1,3,2,1,4,1
SF,IH2003,2020-03-20 09:30:57.900,2604.6000,19138,-3,607039200.000,3,0,3,双平,S,2602.4000,2602.2000,2602.0000,2601.8000,2601.6000,2605.0000,2605.4000,2605.8000,2606.0000,2606.2000,1,1,1,1,1,1,2,3,1,1
SF,IH2003,2020-03-20 09:30:58.400,2602.6000,19137,-1,609381540.000,3,1,2,多平,S,2602.6000,2602.2000,2602.0000,2601.8000,2601.6000,2604.4000,2604.8000,2605.0000,2605.4000,2605.8000,1,1,1,1,1,1,6,1,1,3
SF,IH2003,2020-03-20 09:30:58.900,2602.6000,19137,0,609381540.000,0,-,-,-,-,2602.2000,2602.0000,2601.8000,2601.6000,2600.8000,2604.2000,2604.4000,2604.6000,2604.8000,2605.0000,1,1,1,1,1,1,1,1,6,2
SF,IH2003,2020-03-20 09:30:59.400,2602.6000,19137,0,609381540.000,0,-,-,-,-,2602.2000,2601.8000,2601.6000,2600.8000,2600.0000,2604.0000,2604.2000,2604.6000,2604.8000,2605.0000,2,1,1,1,8,1,1,3,4,2
SF,IH2003,2020-03-20 09:30:59.900,2602.2000,19135,-2,610942860.000,2,0,2,双平,S,2603.0000,2602.2000,2601.8000,2601.6000,2600.8000,2603.8000,2604.0000,2604.6000,2604.8000,2605.0000,2,1,1,1,1,1,1,3,4,2
SF,IH2003,2020-03-20 09:31:00.400,2603.0000,19134,-1,613285560.000,3,1,2,多平,S,2603.0000,2601.8000,2601.6000,2600.8000,2600.0000,2603.6000,2603.8000,2604.0000,2604.6000,2604.8000,1,1,1,1,8,1,1,1,3,4
SF,IH2003,2020-03-20 09:31:00.900,2602.0000,19130,-4,616408260.000,4,0,4,双平,S,2601.8000,2601.6000,2600.8000,2600.0000,2598.8000,2602.0000,2603.4000,2603.6000,2604.0000,2604.6000,1,1,1,8,1,1,2,2,1,3
SF,IH2003,2020-03-20 09:31:01.400,2602.0000,19129,-1,617188860.000,1,0,1,双平,S,2602.6000,2602.4000,2602.2000,2601.8000,2601.6000,2603.4000,2603.6000,2604.0000,2604.2000,2604.6000,3,1,3,1,1,2,1,1,3,3
SF,IH2003,2020-03-20 09:31:01.900,2603.2000,19125,-4,620312520.000,4,0,4,双平,S,2601.8000,2601.6000,2600.8000,2600.0000,2598.8000,2603.0000,2603.2000,2603.4000,2603.6000,2604.0000,1,1,1,8,1,1,1,4,1,1
SF,IH2003,2020-03-20 09:31:02.400,2603.2000,19125,0,620312520.000,0,-,-,-,-,2602.0000,2601.8000,2601.6000,2600.8000,2600.0000,2602.8000,2603.0000,2603.2000,2603.4000,2603.6000,1,1,1,1,8,3,1,1,2,1
SF,IH2003,2020-03-20 09:31:02.900,2602.0000,19124,-1,621093120.000,1,0,1,双平,S,2601.8000,2601.6000,2600.8000,2600.0000,2598.8000,2602.8000,2603.0000,2603.2000,2603.6000,2604.2000,1,1,1,8,1,3,2,1,1,3
SF,IH2003,2020-03-20 09:31:03.400,2602.8000,19118,-6,625777860.000,6,0,6,双平,S,2601.8000,2601.6000,2600.8000,2600.0000,2598.8000,2602.8000,2603.0000,2603.6000,2604.2000,2604.6000,1,1,1,8,1,2,2,1,3,3
SF,IH2003,2020-03-20 09:31:03.900,2602.8000,19118,0,626558700.000,1,0,1,多换,S,2602.4000,2602.2000,2602.0000,2601.8000,2601.6000,2602.8000,2603.0000,2603.6000,2604.2000,2604.6000,1,2,1,1,1,2,2,1,3,3
SF,IH2003,2020-03-20 09:31:04.400,2602.8000,19117,-1,627339540.000,1,0,1,双平,S,2602.4000,2602.2000,2602.0000,2601.8000,2601.6000,2602.8000,2603.0000,2603.6000,2604.2000,2604.6000,1,2,1,1,1,2,2,1,3,3
SF,IH2003,2020-03-20 09:31:04.900,2602.8000,19114,-3,629681880.000,3,0,3,双平,S,2602.2000,2602.0000,2601.8000,2601.6000,2600.8000,2602.8000,2603.0000,2603.6000,2604.2000,2604.6000,2,1,1,1,1,1,2,1,3,2
SF,IH2003,2020-03-20 09:31:05.400,2602.6000,19113,-1,630462660.000,1,0,1,双平,S,2602.2000,2601.8000,2601.6000,2600.8000,2600.0000,2602.8000,2603.0000,2603.6000,2604.2000,2604.6000,3,1,1,1,7,2,2,1,3,2
SF,IH2003,2020-03-20 09:31:05.900,2602.2000,19110,-3,632804640.000,3,0,3,双平,S,2601.8000,2601.6000,2600.8000,2600.0000,2598.8000,2602.8000,2603.0000,2603.6000,2604.2000,2604.6000,1,1,1,7,1,3,2,1,3,2
SF,IH2003,2020-03-20 09:31:06.400,2601.6000,19109,-1,634365660.000,2,0,2,多平,S,2600.8000,2600.0000,2598.8000,2596.6000,2596.4000,2602.0000,2602.6000,2602.8000,2603.0000,2603.6000,1,7,1,4,1,1,2,3,2,1
SF,IH2003,2020-03-20 09:31:06.900,2602.0000,19108,-1,635146260.000,1,0,1,双平,S,2602.0000,2600.8000,2600.2000,2600.0000,2598.8000,2602.2000,2602.4000,2602.6000,2602.8000,2603.0000,1,1,1,7,1,1,1,2,2,2
SF,IH2003,2020-03-20 09:31:07.400,2602.0000,19104,-4,638268900.000,4,0,4,双平,S,2600.8000,2600.2000,2600.0000,2598.8000,2596.6000,2601.8000,2602.0000,2602.6000,2602.8000,2603.0000,1,1,7,1,4,1,2,2,2,2
SF,IH2003,2020-03-20 09:31:07.900,2602.0000,19102,-2,639830100.000,2,0,2,双平,S,2601.8000,2601.0000,2600.8000,2600.2000,2600.0000,2602.8000,2603.0000,2603.2000,2603.6000,2604.2000,1,3,1,1,7,1,2,2,1,3
SF,IH2003,2020-03-20 09:31:08.400,2602.8000,19100,-2,641391480.000,2,0,2,双平,S,2601.2000,2601.0000,2600.8000,2600.2000,2600.0000,2601.8000,2602.8000,2603.0000,2603.2000,2603.6000,2,3,1,1,7,1,1,2,2,1
SF,IH2003,2020-03-20 09:31:08.900,2601.8000,19093,-7,646855740.000,7,0,7,双平,S,2601.2000,2601.0000,2600.8000,2600.2000,2600.0000,2603.0000,2603.2000,2603.6000,2604.2000,2604.4000,1,3,1,1,7,2,2,1,3,1
SF,IH2003,2020-03-20 09:31:09.400,2603.0000,19092,-1,647636640.000,1,0,1,双平,S,2601.4000,2601.2000,2601.0000,2600.8000,2600.2000,2603.0000,2603.2000,2603.6000,2604.2000,2604.4000,2,1,1,1,1,1,2,1,3,1
SF,IH2003,2020-03-20 09:31:09.900,2602.8000,19089,-3,649978800.000,3,0,3,双平,S,2601.4000,2601.0000,2600.8000,2600.2000,2600.0000,2603.2000,2603.6000,2604.2000,2604.4000,2604.6000,2,1,1,1,7,2,1,3,1,2
SF,IH2003,2020-03-20 09:31:10.400,2603.2000,19088,-1,650759760.000,1,0,1,双平,S,2601.6000,2601.4000,2601.0000,2600.8000,2600.2000,2602.2000,2603.2000,2603.6000,2604.2000,2604.4000,2,2,1,1,1,1,1,1,3,1
SF,IH2003,2020-03-20 09:31:10.900,2603.2000,19086,-2,652321380.000,2,0,2,双平,S,2602.2000,2601.6000,2601.0000,2600.8000,2600.2000,2603.6000,2604.2000,2604.4000,2604.6000,2604.8000,5,2,1,1,1,1,3,1,2,3
SF,IH2003,2020-03-20 09:31:11.400,2603.6000,19083,-3,654664800.000,3,0,3,双平,S,2602.4000,2602.2000,2601.6000,2601.0000,2600.8000,2604.2000,2604.4000,2604.6000,2604.8000,2605.0000,1,3,2,1,1,2,1,2,3,6
SF,IH2003,2020-03-20 09:31:11.900,2602.6000,19082,-1,655445580.000,1,0,1,双平,S,2602.6000,2602.4000,2602.2000,2601.6000,2601.2000,2604.0000,2604.2000,2604.4000,2604.6000,2604.8000,1,1,2,1,1,1,2,1,2,3
SF,IH2003,2020-03-20 09:31:12.400,2603.8000,19078,-4,658569420.000,4,0,4,双平,S,2602.6000,2602.2000,2601.6000,2601.2000,2600.8000,2604.0000,2604.2000,2604.4000,2604.6000,2604.8000,1,3,1,1,1,1,2,1,2,3
SF,IH2003,2020-03-20 09:31:12.900,2604.0000,19077,-1,659350620.000,1,0,1,双平,S,2602.6000,2602.2000,2601.6000,2601.2000,2600.8000,2604.2000,2604.4000,2604.6000,2604.8000,2605.0000,1,3,1,1,1,2,1,2,3,3
SF,IH2003,2020-03-20 09:31:13.400,2604.2000,19076,-1,660131880.000,1,0,1,双平,S,2602.6000,2602.2000,2601.6000,2601.2000,2600.8000,2604.2000,2604.4000,2604.6000,2604.8000,2605.0000,1,3,1,1,1,1,1,2,3,3
SF,IH2003,2020-03-20 09:31:13.900,2602.6000,19073,-3,662474700.000,3,0,3,双平,S,2602.2000,2601.6000,2601.2000,2600.8000,2600.0000,2602.4000,2604.2000,2604.4000,2604.6000,2604.8000,3,1,1,1,6,1,1,1,2,3
SF,IH2003,2020-03-20 09:31:14.400,2602.2000,19065,-8,669501720.000,9,0,9,多平,S,2601.6000,2601.2000,2600.8000,2600.0000,2598.8000,2602.0000,2602.2000,2602.6000,2604.0000,2604.2000,1,1,1,6,1,2,2,1,2,1
SF,IH2003,2020-03-20 09:31:14.900,2602.0000,19060,-5,673404540.000,5,0,5,双平,S,2602.2000,2602.0000,2601.8000,2601.6000,2601.2000,2602.6000,2604.0000,2604.2000,2604.4000,2604.6000,6,1,1,1,1,3,2,2,1,2
SF,IH2003,2020-03-20 09:31:15.400,2602.6000,19045,-15,685115940.000,15,0,15,双平,S,2602.2000,2601.8000,2601.6000,2601.2000,2600.8000,2602.6000,2604.0000,2604.2000,2604.4000,2604.6000,4,1,1,1,1,3,2,2,1,2
SF,IH2003,2020-03-20 09:31:15.900,2604.0000,19041,-4,688239480.000,4,0,4,双平,S,2602.4000,2602.2000,2601.8000,2601.2000,2600.8000,2604.0000,2604.2000,2604.4000,2604.6000,2604.8000,1,4,1,2,1,1,2,1,2,3
SF,IH2003,2020-03-20 09:31:16.400,2604.0000,19040,-1,689020680.000,1,0,1,双平,S,2602.6000,2602.4000,2601.8000,2601.2000,2600.8000,2604.2000,2604.4000,2604.6000,2604.8000,2605.0000,1,1,1,2,1,2,1,2,3,3
SF,IH2003,2020-03-20 09:31:16.900,2604.2000,19037,-3,691363440.000,3,0,3,双平,S,2601.8000,2601.6000,2601.2000,2600.8000,2600.0000,2604.0000,2604.2000,2604.4000,2604.6000,2604.8000,1,1,2,1,7,1,1,1,2,3
SF,IH2003,2020-03-20 09:31:17.400,2603.0000,19036,-1,692924940.000,2,0,2,多平,S,2603.0000,2601.8000,2601.6000,2601.2000,2600.8000,2603.8000,2604.0000,2604.2000,2604.4000,2604.6000,1,1,1,2,1,4,4,1,1,2
SF,IH2003,2020-03-20 09:31:17.900,2602.6000,19035,-1,694486620.000,2,0,2,多平,S,2602.0000,2601.8000,2601.6000,2601.2000,2600.8000,2602.8000,2603.0000,2603.8000,2604.0000,2604.2000,2,1,1,2,1,3,1,2,4,2
SF,IH2003,2020-03-20 09:31:18.400,2602.0000,19034,-1,696047820.000,2,0,2,多平,S,2601.8000,2601.6000,2601.2000,2600.8000,2600.0000,2602.8000,2603.8000,2604.0000,2604.2000,2604.4000,1,1,2,1,7,3,2,4,1,1
SF,IH2003,2020-03-20 09:31:18.900,2601.8000,19034,0,696828360.000,1,0,1,多换,S,2601.6000,2601.2000,2600.8000,2600.0000,2598.8000,2602.8000,2603.8000,2604.0000,2604.2000,2604.4000,1,2,1,7,1,3,1,4,1,1
SF,IH2003,2020-03-20 09:31:19.400,2602.4000,19032,-2,699170520.000,3,0,3,多平,S,2602.2000,2601.6000,2601.2000,2600.8000,2600.0000,2602.6000,2602.8000,2603.0000,2603.8000,2604.0000,1,1,2,1,7,1,4,1,1,4
SF,IH2003,2020-03-20 09:31:19.900,2602.2000,19031,-1,700731840.000,2,0,2,多平,S,2601.6000,2601.2000,2600.8000,2600.0000,2598.8000,2602.8000,2603.0000,2603.4000,2603.8000,2604.0000,1,2,1,7,1,4,1,1,1,4
SF,IH2003,2020-03-20 09:31:20.400,2601.6000,19028,-3,703854180.000,4,0,4,多平,S,2601.2000,2600.8000,2600.0000,2598.8000,2597.6000,2602.8000,2603.0000,2603.4000,2603.8000,2604.0000,2,1,7,1,4,4,1,1,1,4
SF,IH2003,2020-03-20 09:31:20.900,2602.6000,19025,-3,706196100.000,3,0,3,双平,S,2601.2000,2600.8000,2600.0000,2598.8000,2597.6000,2602.8000,2603.0000,2603.2000,2603.4000,2603.8000,1,1,7,1,4,5,1,3,1,1
SF,IH2003,2020-03-20 09:31:21.400,2601.2000,19025,0,706976460.000,1,0,1,多换,S,2600.8000,2600.0000,2598.8000,2597.6000,2596.4000,2601.2000,2602.6000,2602.8000,2603.0000,2603.2000,1,7,1,4,1,1,3,5,1,3
SF,IH2003,2020-03-20 09:31:21.900,2602.4000,19023,-2,708537420.000,2,0,2,双平,S,2601.2000,2601.0000,2600.0000,2598.8000,2597.6000,2602.4000,2602.6000,2602.8000,2603.0000,2603.2000,1,1,6,1,4,1,3,5,1,3
SF,IH2003,2020-03-20 09:31:22.400,2602.4000,19023,0,708537420.000,0,-,-,-,-,2601.4000,2601.2000,2601.0000,2600.0000,2599.4000,2602.2000,2602.8000,2603.0000,2603.2000,2603.4000,1,2,1,6,1,1,5,1,3,1
SF,IH2003,2020-03-20 09:31:22.900,2602.8000,19021,-2,710098920.000,2,0,2,双平,S,2601.6000,2601.4000,2601.2000,2600.0000,2599.4000,2602.8000,2603.0000,2603.2000,2603.4000,2604.0000,1,1,2,6,1,4,1,3,1,4
SF,IH2003,2020-03-20 09:31:23.400,2602.8000,19021,0,710098920.000,0,-,-,-,-,2602.2000,2601.8000,2601.6000,2600.0000,2599.4000,2602.6000,2602.8000,2603.0000,2603.2000,2603.4000,1,1,1,6,1,3,4,1,3,1
SF,IH2003,2020-03-20 09:31:23.900,2602.0000,19019,-2,711660180.000,2,0,2,双平,S,2601.8000,2600.0000,2598.8000,2597.6000,2596.4000,2602.0000,2602.2000,2602.6000,2602.8000,2603.0000,1,6,1,4,1,1,1,2,4,1
SF,IH2003,2020-03-20 09:31:24.400,2601.8000,19017,-2,713221260.000,2,0,2,双平,S,2600.2000,2600.0000,2598.8000,2597.6000,2596.4000,2601.6000,2601.8000,2602.0000,2602.2000,2602.6000,2,6,1,4,1,1,1,1,1,2
SF,IH2003,2020-03-20 09:31:24.900,2600.4000,19013,-4,716342100.000,4,0,4,双平,S,2601.8000,2600.4000,2600.0000,2598.8000,2597.6000,2602.0000,2602.2000,2602.8000,2603.0000,2603.2000,1,2,6,1,4,1,1,4,1,3
SF,IH2003,2020-03-20 09:31:25.400,2601.8000,19010,-3,718683720.000,3,0,3,双平,S,2600.4000,2600.0000,2598.8000,2597.6000,2596.4000,2601.2000,2601.8000,2602.0000,2602.2000,2602.8000,1,6,1,4,1,1,1,1,1,4
SF,IH2003,2020-03-20 09:31:25.900,2602.0000,19008,-2,720244680.000,2,0,2,双平,S,2602.0000,2601.8000,2601.6000,2601.2000,2600.6000,2602.2000,2602.8000,2603.0000,2603.2000,2603.4000,1,2,2,2,1,1,4,1,3,1
SF,IH2003,2020-03-20 09:31:26.400,2601.6000,19006,-2,721805760.000,2,0,2,双平,S,2600.6000,2600.4000,2600.0000,2598.8000,2596.4000,2601.4000,2601.8000,2602.0000,2602.2000,2602.8000,1,1,6,1,1,2,2,2,1,4
SF,IH2003,2020-03-20 09:31:26.900,2601.2000,19004,-2,723366360.000,2,0,2,双平,S,2600.6000,2600.0000,2598.8000,2596.4000,2595.4000,2601.4000,2601.8000,2602.0000,2602.2000,2602.8000,1,6,1,1,4,2,1,2,1,4
SF,IH2003,2020-03-20 09:31:27.400,2601.4000,19003,-1,724146780.000,1,0,1,双平,S,2600.0000,2598.8000,2596.4000,2595.4000,2595.2000,2601.4000,2601.8000,2602.0000,2602.2000,2602.8000,6,1,1,4,1,1,1,2,1,4
SF,IH2003,2020-03-20 09:31:27.900,2600.0000,19003,0,724926780.000,1,0,1,多换,S,2600.0000,2598.8000,2596.4000,2595.4000,2595.2000,2600.4000,2601.2000,2601.4000,2601.8000,2602.0000,5,1,1,4,1,1,1,1,1,3
SF,IH2003,2020-03-20 09:31:28.400,2600.0000,18999,-4,731947320.000,9,2,7,多平,S,2598.8000,2596.4000,2595.4000,2595.2000,2592.2000,2600.0000,2601.4000,2601.8000,2602.0000,2602.2000,1,1,4,1,1,1,1,1,3,2
SF,IH2003,2020-03-20 09:31:28.900,2600.0000,18996,-3,734287680.000,3,0,3,双平,S,2599.4000,2599.0000,2598.8000,2597.6000,2596.6000,2601.2000,2601.4000,2601.8000,2602.0000,2602.2000,2,1,1,1,1,1,1,1,2,2
SF,IH2003,2020-03-20 09:31:29.400,2599.6000,18990,-6,738968760.000,6,0,6,双平,S,2599.6000,2599.4000,2599.0000,2598.8000,2597.6000,2600.6000,2602.0000,2602.2000,2602.8000,2603.0000,1,2,1,1,1,1,2,2,2,1
SF,IH2003,2020-03-20 09:31:29.900,2601.2000,18986,-4,742870800.000,5,0,5,多平,S,2600.6000,2600.4000,2599.8000,2599.6000,2599.4000,2602.0000,2602.2000,2602.8000,2603.0000,2603.2000,4,1,1,1,2,1,2,2,1,3
SF,IH2003,2020-03-20 09:31:30.400,2602.2000,18984,-2,744432060.000,2,0,2,双平,S,2600.8000,2600.6000,2600.4000,2599.4000,2599.0000,2602.2000,2602.8000,2603.0000,2603.2000,2603.4000,1,2,1,1,1,1,2,1,3,1
SF,IH2003,2020-03-20 09:31:30.900,2602.8000,18983,-1,745993560.000,2,0,2,多平,S,2602.2000,2601.6000,2601.0000,2600.8000,2600.6000,2602.8000,2603.0000,2603.2000,2603.4000,2604.0000,1,1,2,1,2,1,1,3,1,4
SF,IH2003,2020-03-20 09:31:31.400,2601.6000,18982,-1,747554880.000,2,0,2,多平,S,2600.8000,2600.6000,2600.4000,2599.4000,2599.0000,2602.0000,2602.8000,2603.0000,2603.2000,2603.4000,1,3,2,1,1,1,1,1,3,1
SF,IH2003,2020-03-20 09:31:31.900,2602.0000,18980,-2,749116080.000,2,0,2,双平,S,2602.2000,2602.0000,2601.0000,2600.8000,2600.6000,2602.8000,2603.0000,2603.2000,2603.4000,2604.0000,1,1,2,1,3,1,1,3,1,4
SF,IH2003,2020-03-20 09:31:32.400,2603.2000,18977,-3,751458900.000,3,0,3,双平,S,2602.8000,2602.6000,2600.6000,2600.4000,2599.4000,2603.2000,2603.4000,2604.0000,2604.4000,2605.0000,1,1,3,2,1,1,1,4,1,1
SF,IH2003,2020-03-20 09:31:32.900,2603.2000,18975,-2,753801840.000,3,0,3,多平,S,2602.6000,2600.6000,2600.4000,2599.4000,2599.0000,2604.0000,2604.4000,2605.0000,2605.2000,2605.4000,1,3,1,1,1,4,1,1,1,1
SF,IH2003,2020-03-20 09:31:33.400,2602.8000,18967,-8,760050840.000,8,0,8,双平,S,2602.8000,2602.6000,2600.6000,2600.4000,2599.4000,2605.0000,2605.2000,2605.4000,2605.6000,2605.8000,1,1,3,1,1,1,1,1,1,2
SF,IH2003,2020-03-20 09:31:33.900,2605.0000,18967,0,760832340.000,1,0,1,多换,S,2603.0000,2602.8000,2602.6000,2601.4000,2600.6000,2603.2000,2604.8000,2605.2000,2605.4000,2605.6000,4,1,1,1,3,1,2,1,1,1
SF,IH2003,2020-03-20 09:31:34.400,2603.2000,18960,-7,766300260.000,7,0,7,双平,S,2603.2000,2603.0000,2602.8000,2602.6000,2601.4000,2604.0000,2604.8000,2605.2000,2605.4000,2605.6000,2,2,1,1,1,3,2,1,1,1
SF,IH2003,2020-03-20 09:31:34.900,2603.4000,18956,-4,769424880.000,4,0,4,双平,S,2603.2000,2602.6000,2601.4000,2600.6000,2600.4000,2604.0000,2604.8000,2605.2000,2605.4000,2605.6000,2,1,1,3,1,1,2,1,1,1
SF,IH2003,2020-03-20 09:31:35.400,2603.2000,18950,-6,774110880.000,6,0,6,双平,S,2602.6000,2601.4000,2600.6000,2600.4000,2600.2000,2603.0000,2603.2000,2604.0000,2604.8000,2605.2000,1,1,3,1,1,2,2,1,2,1
SF,IH2003,2020-03-20 09:31:35.900,2603.4000,18944,-6,778796520.000,6,0,6,双平,S,2601.4000,2600.6000,2600.4000,2600.2000,2599.4000,2602.6000,2604.0000,2604.8000,2605.2000,2605.4000,1,3,1,1,1,2,1,2,1,1
SF,IH2003,2020-03-20 09:31:36.400,2603.0000,18941,-3,781138920.000,3,0,3,双平,S,2603.2000,2601.6000,2600.8000,2600.6000,2600.4000,2603.8000,2604.4000,2604.8000,2605.2000,2605.4000,1,2,2,1,1,2,1,2,1,1
SF,IH2003,2020-03-20 09:31:36.900,2603.0000,18939,-2,782700720.000,2,0,2,双平,S,2601.8000,2601.6000,2600.6000,2600.4000,2600.2000,2603.2000,2603.6000,2604.4000,2604.8000,2605.0000,2,1,1,1,1,4,2,1,2,1
SF,IH2003,2020-03-20 09:31:37.400,2602.0000,18936,-3,785823420.000,4,0,4,多平,S,2600.6000,2600.4000,2600.2000,2599.4000,2599.0000,2603.2000,2603.6000,2604.4000,2604.8000,2605.0000,1,1,1,1,1,2,1,1,2,1
SF,IH2003,2020-03-20 09:31:37.900,2602.0000,18936,0,785823420.000,0,-,-,-,-,2601.0000,2600.8000,2600.6000,2600.4000,2600.2000,2602.6000,2603.0000,2603.2000,2603.6000,2604.4000,1,1,1,1,1,1,5,4,1,1
SF,IH2003,2020-03-20 09:31:38.400,2602.0000,18930,-6,790505700.000,6,0,6,双平,S,2600.4000,2600.2000,2599.4000,2599.0000,2598.8000,2602.6000,2603.0000,2603.2000,2603.6000,2604.4000,1,1,1,1,1,1,4,4,1,1
SF,IH2003,2020-03-20 09:31:38.900,2602.0000,18930,0,790505700.000,0,-,-,-,-,2600.4000,2599.4000,2599.0000,2598.8000,2597.6000,2602.4000,2602.6000,2603.0000,2603.2000,2603.6000,1,1,1,1,1,4,1,2,4,1
SF,IH2003,2020-03-20 09:31:39.400,2602.2000,18927,-3,792846600.000,3,0,3,双平,S,2599.6000,2599.0000,2598.8000,2597.6000,2596.4000,2602.2000,2602.4000,2603.0000,2603.2000,2603.6000,2,1,1,1,1,1,4,2,4,1
SF,IH2003,2020-03-20 09:31:39.900,2599.8000,18926,-1,793626540.000,1,0,1,双平,S,2601.4000,2599.6000,2598.8000,2597.6000,2596.4000,2601.6000,2602.0000,2602.2000,2602.4000,2603.0000,2,2,1,1,1,1,2,1,4,1
SF,IH2003,2020-03-20 09:31:40.400,2601.4000,18923,-3,795967800.000,3,0,3,双平,S,2601.0000,2600.6000,2599.6000,2598.8000,2597.6000,2601.4000,2602.2000,2602.4000,2602.8000,2603.0000,1,1,2,1,1,5,1,2,1,1
SF,IH2003,2020-03-20 09:31:40.900,2601.0000,18920,-3,798308820.000,3,0,3,双平,S,2600.6000,2600.0000,2599.6000,2598.8000,2597.6000,2600.8000,2601.0000,2601.4000,2602.2000,2602.4000,1,1,2,1,1,1,1,3,1,1
SF,IH2003,2020-03-20 09:31:41.400,2600.8000,18915,-5,802209960.000,5,0,5,双平,S,2600.2000,2600.0000,2598.8000,2597.6000,2596.4000,2600.4000,2600.6000,2601.0000,2602.2000,2602.4000,1,1,1,1,1,1,1,1,2,1
SF,IH2003,2020-03-20 09:31:41.900,2600.8000,18913,-2,804550980.000,3,0,3,多平,S,2600.4000,2600.2000,2600.0000,2598.8000,2597.6000,2601.0000,2601.4000,2602.2000,2602.4000,2602.8000,3,1,1,1,1,1,1,1,1,1
SF,IH2003,2020-03-20 09:31:42.400,2600.4000,18907,-6,810012240.000,7,0,7,多平,S,2601.2000,2601.0000,2600.2000,2600.0000,2598.8000,2601.4000,2602.2000,2602.4000,2602.8000,2603.0000,1,1,1,2,1,1,1,1,1,1
SF,IH2003,2020-03-20 09:31:42.900,2601.4000,18902,-5,813914580.000,5,0,5,双平,S,2602.0000,2601.8000,2601.2000,2601.0000,2600.4000,2602.8000,2603.0000,2604.0000,2605.2000,2605.4000,3,1,1,1,2,1,1,1,1,1
SF,IH2003,2020-03-20 09:31:43.400,2602.8000,18901,-1,814695420.000,1,0,1,双平,S,2600.4000,2600.2000,2600.0000,2598.8000,2597.6000,2604.0000,2605.2000,2605.4000,2605.6000,2605.8000,2,1,2,1,1,1,1,1,1,3
SF,IH2003,2020-03-20 09:31:43.900,2603.4000,18899,-2,816257100.000,2,0,2,双平,S,2601.0000,2600.8000,2600.6000,2600.4000,2600.2000,2603.6000,2603.8000,2604.0000,2605.0000,2605.2000,1,6,2,2,1,6,1,1,2,1
SF,IH2003,2020-03-20 09:31:44.400,2601.2000,18897,-2,817818480.000,2,0,2,双平,S,2601.2000,2601.0000,2600.8000,2600.6000,2600.4000,2602.8000,2603.6000,2604.0000,2605.0000,2605.4000,1,2,6,1,2,1,6,1,2,1
SF,IH2003,2020-03-20 09:31:44.900,2603.4000,18895,-2,819380340.000,2,0,2,双平,S,2601.6000,2601.4000,2601.2000,2601.0000,2600.8000,2602.0000,2603.4000,2603.6000,2604.0000,2605.6000,1,3,1,1,5,1,1,6,1,1
SF,IH2003,2020-03-20 09:31:45.400,2602.0000,18892,-3,821722560.000,3,0,3,双平,S,2602.0000,2601.8000,2601.6000,2601.2000,2601.0000,2603.6000,2604.0000,2605.8000,2606.0000,2606.2000,4,2,1,1,1,5,1,3,1,1
SF,IH2003,2020-03-20 09:31:45.900,2603.6000,18890,-2,823284720.000,2,0,2,双平,S,2602.4000,2602.2000,2602.0000,2601.0000,2600.4000,2603.4000,2604.0000,2604.2000,2605.8000,2606.0000,1,5,2,1,2,1,1,1,3,1
SF,IH2003,2020-03-20 09:31:46.400,2604.0000,18886,-4,826408260.000,4,0,4,双平,S,2603.4000,2602.6000,2602.2000,2602.0000,2601.0000,2604.2000,2605.8000,2606.0000,2606.2000,2606.8000,1,1,5,1,1,1,3,1,1,1
SF,IH2003,2020-03-20 09:31:46.900,2602.2000,18882,-4,831093660.000,6,1,5,多平,S,2602.2000,2602.0000,2601.0000,2600.4000,2600.2000,2603.0000,2605.8000,2606.0000,2606.2000,2606.8000,1,1,1,2,4,1,3,1,1,1
SF,IH2003,2020-03-20 09:31:47.400,2602.8000,18879,-3,833437080.000,3,0,3,双平,S,2603.0000,2602.6000,2602.4000,2602.2000,2602.0000,2604.0000,2605.8000,2606.0000,2606.2000,2606.8000,1,1,2,1,1,1,2,1,1,1
SF,IH2003,2020-03-20 09:31:47.900,2602.6000,18876,-3,835779660.000,3,0,3,双平,S,2602.4000,2602.2000,2602.0000,2601.0000,2600.4000,2603.0000,2603.8000,2604.0000,2604.2000,2605.6000,2,1,1,1,2,1,2,1,1,1
SF,IH2003,2020-03-20 09:31:48.400,2603.0000,18872,-4,839684160.000,5,0,5,多平,S,2602.6000,2602.2000,2602.0000,2601.0000,2600.4000,2604.0000,2605.6000,2605.8000,2606.8000,2607.8000,1,1,1,1,2,1,1,2,1,1
SF,IH2003,2020-03-20 09:31:48.900,2602.8000,18868,-4,842808720.000,4,0,4,双平,S,2602.8000,2602.6000,2602.0000,2601.0000,2600.4000,2605.8000,2606.8000,2607.8000,2608.0000,2608.2000,3,1,1,1,2,2,1,1,1,1
SF,IH2003,2020-03-20 09:31:49.400,2602.8000,18868,0,842808720.000,0,-,-,-,-,2603.6000,2603.4000,2603.0000,2602.8000,2602.0000,2605.4000,2605.6000,2605.8000,2606.8000,2607.8000,1,1,5,3,1,1,4,3,1,1
SF,IH2003,2020-03-20 09:31:49.900,2603.4000,18865,-3,845932800.000,4,0,4,多平,S,2603.0000,2602.8000,2602.0000,2601.0000,2600.4000,2605.2000,2605.4000,2605.6000,2605.8000,2606.8000,3,1,1,1,2,3,1,2,2,1
SF,IH2003,2020-03-20 09:31:50.400,2603.4000,18864,-1,846713820.000,1,0,1,双平,S,2603.2000,2603.0000,2602.8000,2602.0000,2601.0000,2605.0000,2605.2000,2605.4000,2605.6000,2605.8000,2,2,1,1,1,1,6,1,2,2
SF,IH2003,2020-03-20 09:31:50.900,2604.8000,18861,-3,849057180.000,3,0,3,双平,S,2603.4000,2603.0000,2602.0000,2601.0000,2600.4000,2604.8000,2605.0000,2605.2000,2605.4000,2605.6000,1,2,1,1,2,1,1,6,1,2
SF,IH2003,2020-03-20 09:31:51.400,2604.6000,18859,-2,851400960.000,3,0,3,多平,S,2603.0000,2602.0000,2601.0000,2600.4000,2600.2000,2604.6000,2604.8000,2605.0000,2605.2000,2605.6000,2,1,1,2,4,1,2,1,4,1
SF,IH2003,2020-03-20 09:31:51.900,2603.2000,18857,-2,852963300.000,2,0,2,双平,S,2603.0000,2602.2000,2602.0000,2601.0000,2600.4000,2603.4000,2604.8000,2605.0000,2605.2000,2605.4000,1,1,1,1,2,1,1,1,4,1
SF,IH2003,2020-03-20 09:31:52.400,2603.4000,18854,-3,855306720.000,3,0,3,双平,S,2603.4000,2603.2000,2602.0000,2601.0000,2600.4000,2604.8000,2605.2000,2605.4000,2605.6000,2605.8000,1,4,1,1,2,1,4,1,1,2
SF,IH2003,2020-03-20 09:31:52.900,2604.8000,18853,-1,856088160.000,1,0,1,双平,S,2603.8000,2603.6000,2603.2000,2602.0000,2601.0000,2605.2000,2605.4000,2605.6000,2605.8000,2606.8000,1,3,2,1,1,3,1,1,2,1
SF,IH2003,2020-03-20 09:31:53.400,2605.2000,18852,-1,856869720.000,1,0,1,双平,S,2604.6000,2604.0000,2603.2000,2602.0000,2601.0000,2604.8000,2605.2000,2605.4000,2605.6000,2605.8000,1,2,1,1,1,1,2,1,1,2
SF,IH2003,2020-03-20 09:31:53.900,2604.8000,18847,-5,863121240.000,8,1,7,多平,S,2603.2000,2602.0000,2601.0000,2600.2000,2600.0000,2605.4000,2605.8000,2606.8000,2607.8000,2608.0000,1,1,1,4,2,1,1,1,1,1
SF,IH2003,2020-03-20 09:31:54.400,2605.2000,18843,-4,867027240.000,5,0,5,多平,S,2603.4000,2603.2000,2602.4000,2602.0000,2601.0000,2605.4000,2605.8000,2606.6000,2606.8000,2607.8000,3,1,1,1,1,1,1,1,1,1
SF,IH2003,2020-03-20 09:31:54.900,2603.6000,18841,-2,868589940.000,2,0,2,双平,S,2603.6000,2603.4000,2603.2000,2602.4000,2602.0000,2605.8000,2606.6000,2606.8000,2607.8000,2608.0000,2,1,1,1,1,1,1,1,1,1
SF,IH2003,2020-03-20 09:31:55.400,2603.6000,18840,-1,870152760.000,2,0,2,多平,S,2603.8000,2603.6000,2603.4000,2603.2000,2602.4000,2606.6000,2606.8000,2607.8000,2608.0000,2608.2000,1,1,1,1,1,1,1,1,1,1
SF,IH2003,2020-03-20 09:31:55.900,2606.2000,18839,-1,870934620.000,1,0,1,双平,S,2605.4000,2604.4000,2604.2000,2604.0000,2603.8000,2606.2000,2606.4000,2606.6000,2606.8000,2607.8000,1,1,1,4,1,1,3,1,1,1
SF,IH2003,2020-03-20 09:31:56.400,2605.4000,18838,-1,872498280.000,2,0,2,多平,S,2604.2000,2604.0000,2603.6000,2603.2000,2602.4000,2605.2000,2607.8000,2608.0000,2608.2000,2609.0000,2,2,3,1,1,1,1,1,1,1
SF,IH2003,2020-03-20 09:31:56.900,2605.4000,18834,-4,875625420.000,4,0,4,双平,S,2605.2000,2604.4000,2604.2000,2604.0000,2603.6000,2608.0000,2608.2000,2609.0000,2609.2000,2610.0000,3,3,1,1,3,1,1,1,1,2
SF,IH2003,2020-03-20 09:31:57.400,2605.2000,18832,-2,877188600.000,2,0,2,双平,S,2605.8000,2605.2000,2604.8000,2604.0000,2603.6000,2607.4000,2607.6000,2607.8000,2608.0000,2608.2000,2,4,1,1,3,2,1,3,2,1
SF,IH2003,2020-03-20 09:31:57.900,2606.0000,18831,-1,877970400.000,1,0,1,双平,S,2605.8000,2605.2000,2604.8000,2603.6000,2603.2000,2606.0000,2607.2000,2607.4000,2607.8000,2608.0000,2,5,1,3,1,2,1,1,3,2
SF,IH2003,2020-03-20 09:31:58.400,2606.0000,18823,-8,884224440.000,8,0,8,双平,S,2605.2000,2604.8000,2603.6000,2603.2000,2602.6000,2605.8000,2607.2000,2608.0000,2608.2000,2609.0000,5,1,3,1,1,2,1,1,1,1
SF,IH2003,2020-03-20 09:31:58.900,2607.2000,18822,-1,885006600.000,1,0,1,双平,S,2606.0000,2605.8000,2605.2000,2604.8000,2603.6000,2607.4000,2608.0000,2608.2000,2609.0000,2609.2000,2,4,5,1,2,1,1,1,1,1
SF,IH2003,2020-03-20 09:31:59.400,2605.8000,18820,-2,887352420.000,3,0,3,多平,S,2605.8000,2605.4000,2605.2000,2603.6000,2603.2000,2608.0000,2608.2000,2609.0000,2609.2000,2610.0000,1,1,5,2,1,1,1,1,1,2
SF,IH2003,2020-03-20 09:31:59.900,2605.8000,18817,-3,889697640.000,3,0,3,双平,S,2605.2000,2603.6000,2603.2000,2602.6000,2602.4000,2607.8000,2608.0000,2608.2000,2609.0000,2609.2000,4,2,1,1,1,2,2,1,1,1
SF,IH2003,2020-03-20 09:32:00.400,2605.6000,18816,-1,890479320.000,1,0,1,双平,S,2605.6000,2605.2000,2604.6000,2603.6000,2603.2000,2607.2000,2607.4000,2607.6000,2607.8000,2608.0000,2,4,2,2,1,1,2,2,2,2
SF,IH2003,2020-03-20 09:32:00.900,2607.0000,18813,-3,892825620.000,3,0,3,双平,S,2605.6000,2605.2000,2604.6000,2603.6000,2603.2000,2606.0000,2607.0000,2607.2000,2607.4000,2607.8000,7,4,2,2,1,1,1,1,3,2
SF,IH2003,2020-03-20 09:32:01.400,2605.6000,18807,-6,897516060.000,6,0,6,双平,S,2606.0000,2605.6000,2605.2000,2604.6000,2603.6000,2607.0000,2607.4000,2607.8000,2608.0000,2608.2000,1,3,4,2,2,1,3,1,2,1
SF,IH2003,2020-03-20 09:32:01.900,2605.6000,18802,-5,901424940.000,5,0,5,双平,S,2605.2000,2604.6000,2603.6000,2603.2000,2602.6000,2605.8000,2606.8000,2607.8000,2608.0000,2608.2000,4,2,2,1,1,1,1,1,2,1
SF,IH2003,2020-03-20 09:32:02.400,2605.2000,18793,-9,908460780.000,9,0,9,双平,S,2604.6000,2603.6000,2603.2000,2602.6000,2602.4000,2605.0000,2607.4000,2608.0000,2609.0000,2609.2000,2,2,1,1,1,2,1,2,1,1
SF,IH2003,2020-03-20 09:32:02.900,2607.0000,18790,-3,910806000.000,3,0,3,双平,S,2604.6000,2603.6000,2603.2000,2602.6000,2602.4000,2607.0000,2607.4000,2608.0000,2609.0000,2609.2000,2,2,1,1,1,1,1,2,1,1
SF,IH2003,2020-03-20 09:32:03.400,2607.0000,18790,0,910806000.000,0,-,-,-,-,2604.6000,2603.6000,2603.2000,2602.6000,2602.4000,2606.8000,2607.0000,2607.4000,2608.0000,2609.0000,2,2,1,1,1,2,2,1,2,1
SF,IH2003,2020-03-20 09:32:03.900,2606.6000,18788,-2,912369420.000,2,0,2,双平,S,2604.6000,2603.6000,2603.2000,2602.6000,2602.4000,2606.8000,2607.0000,2607.4000,2608.0000,2609.0000,2,2,1,1,1,2,2,1,2,1
SF,IH2003,2020-03-20 09:32:04.400,2606.6000,18784,-4,916276980.000,5,0,5,多平,S,2605.8000,2604.8000,2603.6000,2603.2000,2602.6000,2606.6000,2606.8000,2607.0000,2607.4000,2608.0000,1,1,2,1,1,2,2,3,1,2
SF,IH2003,2020-03-20 09:32:04.900,2605.0000,18780,-4,920184540.000,5,0,5,多平,S,2603.6000,2603.2000,2602.6000,2602.4000,2602.0000,2605.0000,2605.4000,2605.6000,2605.8000,2606.2000,2,1,1,1,1,1,1,2,8,1
SF,IH2003,2020-03-20 09:32:05.400,2603.6000,18777,-3,922527780.000,3,0,3,双平,S,2603.2000,2602.6000,2602.4000,2602.0000,2601.0000,2603.4000,2605.0000,2605.4000,2605.8000,2606.0000,1,1,1,1,2,1,1,1,4,3
SF,IH2003,2020-03-20 09:32:05.900,2605.0000,18770,-7,927995100.000,7,0,7,双平,S,2604.0000,2603.8000,2603.4000,2602.6000,2602.0000,2605.4000,2605.8000,2606.0000,2606.2000,2606.6000,1,2,1,1,1,1,3,3,1,2
SF,IH2003,2020-03-20 09:32:06.400,2603.8000,18768,-2,929557440.000,2,0,2,双平,S,2602.6000,2602.0000,2601.0000,2600.0000,2599.8000,2603.6000,2604.0000,2605.4000,2605.8000,2606.0000,1,1,2,1,1,2,1,1,3,3
SF,IH2003,2020-03-20 09:32:06.900,2603.8000,18767,-1,930338580.000,1,0,1,双平,S,2603.2000,2602.6000,2602.0000,2601.0000,2600.0000,2603.6000,2605.2000,2605.4000,2605.8000,2606.0000,1,1,1,2,1,2,3,2,3,3
SF,IH2003,2020-03-20 09:32:07.400,2602.6000,18765,-2,932681280.000,3,0,3,多平,S,2602.0000,2601.0000,2600.0000,2599.8000,2598.8000,2602.6000,2603.2000,2603.4000,2603.6000,2605.2000,1,2,1,1,1,1,1,1,2,2
SF,IH2003,2020-03-20 09:32:07.900,2603.6000,18762,-3,935023920.000,3,0,3,双平,S,2602.0000,2601.0000,2600.0000,2599.8000,2598.8000,2603.6000,2604.8000,2605.2000,2605.4000,2605.8000,1,2,1,1,1,1,1,1,1,3
SF,IH2003,2020-03-20 09:32:08.400,2603.6000,18762,0,935023920.000,0,-,-,-,-,2602.0000,2601.0000,2600.0000,2599.8000,2598.8000,2603.6000,2604.0000,2604.4000,2604.8000,2605.2000,1,2,1,1,1,1,1,1,1,1
SF,IH2003,2020-03-20 09:32:08.900,2603.6000,18762,0,935023920.000,0,-,-,-,-,2602.8000,2602.2000,2602.0000,2601.0000,2600.0000,2603.4000,2603.6000,2604.0000,2604.2000,2604.4000,1,1,1,2,1,1,1,1,1,1
SF,IH2003,2020-03-20 09:32:09.400,2602.8000,18761,-1,935804760.000,1,0,1,双平,S,2602.2000,2602.0000,2601.0000,2600.0000,2599.8000,2603.4000,2603.6000,2604.0000,2604.2000,2604.4000,1,1,2,1,1,1,1,1,1,1
SF,IH2003,2020-03-20 09:32:09.900,2602.8000,18761,0,935804760.000,0,-,-,-,-,2602.2000,2602.0000,2601.0000,2600.0000,2599.8000,2603.4000,2603.6000,2604.0000,2604.4000,2605.4000,1,1,2,1,1,2,1,1,1,1
SF,IH2003,2020-03-20 09:32:10.400,2604.0000,18757,-4,938929080.000,4,0,4,双平,S,2602.2000,2602.0000,2601.0000,2600.0000,2599.8000,2602.8000,2604.4000,2605.4000,2605.8000,2606.6000,1,1,2,1,1,1,1,1,3,1
SF,IH2003,2020-03-20 09:32:10.900,2603.0000,18755,-2,942053100.000,4,1,3,多平,S,2602.8000,2602.2000,2602.0000,2601.0000,2600.0000,2603.8000,2605.8000,2606.6000,2606.8000,2607.0000,2,1,1,2,1,1,3,1,3,6
SF,IH2003,2020-03-20 09:32:11.400,2603.8000,18754,-1,942834240.000,1,0,1,双平,S,2604.8000,2603.8000,2603.4000,2602.8000,2602.2000,2605.8000,2606.6000,2606.8000,2607.0000,2607.4000,1,1,1,1,1,3,1,3,6,1
SF,IH2003,2020-03-20 09:32:11.900,2603.4000,18754,0,944396700.000,2,1,1,多换,S,2602.8000,2602.0000,2601.0000,2600.0000,2599.8000,2604.6000,2604.8000,2605.6000,2605.8000,2606.0000,1,1,2,1,1,1,3,2,3,1
SF,IH2003,2020-03-20 09:32:12.400,2604.6000,18753,-1,945178080.000,1,0,1,双平,S,2602.8000,2602.0000,2601.0000,2600.8000,2600.0000,2605.6000,2605.8000,2606.0000,2606.6000,2606.8000,1,1,2,1,1,1,3,1,1,3
SF,IH2003,2020-03-20 09:32:12.900,2604.6000,18753,0,945178080.000,0,-,-,-,-,2603.4000,2603.2000,2603.0000,2602.8000,2602.0000,2605.2000,2605.4000,2605.6000,2605.8000,2606.0000,1,4,3,1,1,4,2,1,3,1
SF,IH2003,2020-03-20 09:32:13.400,2603.0000,18746,-7,950644740.000,7,0,7,双平,S,2602.8000,2602.0000,2601.0000,2600.0000,2599.8000,2603.0000,2605.0000,2605.2000,2605.6000,2605.8000,1,1,2,1,1,2,4,1,1,3
SF,IH2003,2020-03-20 09:32:13.900,2605.0000,18739,-7,956892540.000,8,0,8,多平,S,2603.4000,2603.2000,2603.0000,2602.8000,2602.0000,2605.0000,2605.2000,2605.6000,2605.8000,2606.0000,1,1,4,5,1,3,1,4,3,1
SF,IH2003,2020-03-20 09:32:14.400,2605.2000,18735,-4,960018600.000,4,0,4,双平,S,2603.4000,2603.0000,2602.8000,2602.0000,2601.0000,2605.6000,2605.8000,2606.0000,2606.6000,2606.8000,2,2,1,1,2,4,3,1,1,3
SF,IH2003,2020-03-20 09:32:14.900,2605.6000,18734,-1,960800280.000,1,0,1,双平,S,2603.6000,2603.4000,2603.0000,2602.8000,2602.6000,2605.0000,2605.4000,2605.6000,2605.8000,2606.0000,5,2,2,1,1,3,2,2,3,1
SF,IH2003,2020-03-20 09:32:15.400,2603.6000,18730,-4,964706940.000,5,0,5,多平,S,2603.6000,2603.4000,2603.0000,2602.8000,2602.6000,2605.4000,2605.6000,2606.0000,2606.6000,2606.8000,1,2,2,1,1,2,2,1,1,3
SF,IH2003,2020-03-20 09:32:15.900,2603.6000,18730,0,964706940.000,0,-,-,-,-,2603.8000,2603.6000,2603.4000,2603.0000,2602.8000,2605.4000,2605.6000,2606.0000,2606.6000,2606.8000,3,5,1,2,1,2,2,1,1,3
SF,IH2003,2020-03-20 09:32:16.400,2605.4000,18729,-1,965488560.000,1,0,1,双平,S,2605.4000,2605.0000,2604.8000,2604.0000,2603.8000,2605.6000,2606.0000,2606.8000,2607.0000,2607.4000,2,2,1,1,7,2,1,3,4,1
SF,IH2003,2020-03-20 09:32:16.900,2605.4000,18722,-7,972523020.000,9,1,8,多平,S,2604.8000,2604.2000,2604.0000,2603.6000,2602.6000,2605.0000,2606.0000,2606.8000,2607.0000,2607.4000,1,1,2,1,1,3,1,3,4,1
SF,IH2003,2020-03-20 09:32:17.400,2605.0000,18715,-7,977993460.000,7,0,7,双平,S,2604.2000,2604.0000,2603.0000,2602.6000,2601.0000,2604.6000,2604.8000,2605.0000,2606.0000,2606.8000,1,1,1,1,8,1,4,1,1,3
SF,IH2003,2020-03-20 09:32:17.900,2604.2000,18711,-4,981118500.000,4,0,4,双平,S,2604.2000,2604.0000,2603.0000,2602.6000,2601.0000,2604.8000,2605.0000,2606.0000,2606.8000,2607.0000,2,1,1,1,8,3,1,1,3,4
SF,IH2003,2020-03-20 09:32:18.400,2604.2000,18707,-4,984243480.000,4,0,4,双平,S,2603.0000,2602.6000,2601.0000,2600.2000,2600.0000,2604.2000,2604.6000,2604.8000,2605.0000,2605.4000,1,1,8,1,1,1,2,3,1,2
SF,IH2003,2020-03-20 09:32:18.900,2604.2000,18706,-1,985024740.000,1,0,1,双平,S,2603.6000,2603.2000,2602.6000,2601.0000,2600.2000,2604.6000,2604.8000,2605.0000,2605.4000,2606.0000,1,1,1,8,1,2,3,1,2,3
SF,IH2003,2020-03-20 09:32:19.400,2604.2000,18706,0,985024740.000,0,-,-,-,-,2603.6000,2603.4000,2602.6000,2601.0000,2600.2000,2604.6000,2604.8000,2605.0000,2605.4000,2606.0000,1,1,1,2,1,2,3,1,2,3
SF,IH2003,2020-03-20 09:32:19.900,2603.6000,18704,-2,986586900.000,2,0,2,双平,S,2603.4000,2602.6000,2601.0000,2600.2000,2600.0000,2604.6000,2604.8000,2605.0000,2605.4000,2606.0000,1,1,2,1,1,2,3,1,2,3
SF,IH2003,2020-03-20 09:32:20.400,2603.4000,18703,-1,987367920.000,1,0,1,双平,S,2602.6000,2602.4000,2601.0000,2600.2000,2600.0000,2604.6000,2604.8000,2605.0000,2605.4000,2606.0000,1,3,2,1,1,2,3,1,3,3
SF,IH2003,2020-03-20 09:32:20.900,2603.4000,18703,0,987367920.000,0,-,-,-,-,2602.8000,2602.6000,2602.4000,2601.0000,2600.2000,2604.4000,2604.6000,2604.8000,2605.0000,2605.4000,2,1,3,2,1,3,2,3,1,2
SF,IH2003,2020-03-20 09:32:21.400,2604.2000,18700,-3,989711700.000,3,0,3,双平,S,2602.8000,2602.6000,2602.4000,2601.0000,2600.2000,2603.6000,2604.2000,2604.4000,2604.6000,2604.8000,2,1,3,2,1,2,3,3,1,3
SF,IH2003,2020-03-20 09:32:21.900,2604.2000,18700,0,989711700.000,0,-,-,-,-,2602.6000,2602.4000,2601.0000,2600.2000,2600.0000,2602.8000,2603.6000,2604.0000,2604.2000,2604.4000,1,3,2,1,1,1,2,1,3,3
SF,IH2003,2020-03-20 09:32:22.400,2603.0000,18696,-4,992835300.000,4,0,4,双平,S,2602.6000,2602.4000,2601.0000,2600.2000,2600.0000,2603.6000,2604.0000,2604.2000,2604.4000,2604.6000,1,3,2,1,1,2,1,1,3,1
SF,IH2003,2020-03-20 09:32:22.900,2602.6000,18695,-1,993616080.000,1,0,1,双平,S,2602.4000,2601.0000,2600.2000,2600.0000,2599.8000,2603.4000,2603.6000,2604.0000,2604.4000,2604.6000,3,2,1,1,1,2,2,1,3,1
SF,IH2003,2020-03-20 09:32:23.400,2602.4000,18693,-2,995177520.000,2,0,2,双平,S,2602.4000,2601.0000,2600.2000,2600.0000,2599.8000,2602.6000,2603.0000,2603.4000,2603.6000,2604.0000,1,2,1,1,1,1,1,2,2,1
SF,IH2003,2020-03-20 09:32:23.900,2601.0000,18691,-2,996738540.000,2,0,2,双平,S,2601.0000,2600.2000,2600.0000,2599.8000,2598.8000,2602.4000,2602.6000,2603.0000,2603.4000,2603.6000,1,1,1,1,1,1,1,1,1,2
SF,IH2003,2020-03-20 09:32:24.400,2601.0000,18691,0,996738540.000,0,-,-,-,-,2601.6000,2601.2000,2601.0000,2600.2000,2600.0000,2602.6000,2603.0000,2603.4000,2603.6000,2604.0000,3,4,4,1,1,1,1,1,2,1
SF,IH2003,2020-03-20 09:32:24.900,2601.0000,18691,0,996738540.000,0,-,-,-,-,2601.6000,2600.2000,2600.0000,2599.8000,2598.8000,2602.6000,2603.0000,2603.6000,2604.0000,2604.4000,2,1,1,1,1,1,1,2,1,3
SF,IH2003,2020-03-20 09:32:25.400,2601.6000,18687,-4,999861180.000,4,0,4,双平,S,2600.2000,2600.0000,2599.8000,2598.8000,2597.6000,2603.6000,2604.0000,2604.4000,2604.6000,2604.8000,1,1,1,1,1,2,1,3,1,3
SF,IH2003,2020-03-20 09:32:25.900,2601.6000,18687,0,999861180.000,0,-,-,-,-,2601.2000,2601.0000,2600.8000,2600.6000,2600.4000,2603.0000,2603.2000,2603.4000,2603.6000,2604.0000,3,3,3,4,4,1,4,2,2,1
SF,IH2003,2020-03-20 09:32:26.400,2601.6000,18686,-1,1000641660.000,1,0,1,双平,S,2602.6000,2601.4000,2600.6000,2600.4000,2600.2000,2603.2000,2603.6000,2604.0000,2604.4000,2604.6000,2,2,3,2,1,3,2,1,3,1
SF,IH2003,2020-03-20 09:32:26.900,2603.2000,18680,-6,1005327000.000,6,0,6,双平,S,2603.4000,2603.2000,2603.0000,2602.8000,2601.4000,2603.6000,2604.0000,2604.4000,2604.6000,2604.8000,2,1,1,2,2,2,1,3,1,3
SF,IH2003,2020-03-20 09:32:27.400,2603.4000,18674,-6,1011575220.000,8,1,7,多平,S,2603.0000,2601.4000,2601.2000,2600.4000,2600.2000,2604.0000,2604.4000,2604.6000,2605.4000,2606.0000,1,1,2,2,1,1,1,1,2,3
SF,IH2003,2020-03-20 09:32:27.900,2603.4000,18674,0,1011575220.000,0,-,-,-,-,2603.6000,2603.0000,2602.0000,2601.8000,2601.6000,2603.8000,2604.0000,2604.4000,2604.6000,2605.4000,1,3,1,2,1,1,1,1,1,3
SF,IH2003,2020-03-20 09:32:28.400,2603.4000,18674,0,1011575220.000,0,-,-,-,-,2603.6000,2603.0000,2602.0000,2601.8000,2601.6000,2603.8000,2604.0000,2604.4000,2605.4000,2606.0000,4,1,1,2,1,1,1,1,3,3
SF,IH2003,2020-03-20 09:32:28.900,2603.4000,18674,0,1011575220.000,0,-,-,-,-,2603.8000,2603.6000,2603.2000,2603.0000,2602.0000,2604.0000,2604.4000,2605.4000,2606.0000,2606.6000,2,2,1,1,1,1,1,3,3,1
SF,IH2003,2020-03-20 09:32:29.400,2603.8000,18669,-5,1015480920.000,5,0,5,双平,S,2603.6000,2603.2000,2603.0000,2602.0000,2601.8000,2604.0000,2604.4000,2605.4000,2606.0000,2606.6000,2,1,1,1,2,1,1,3,3,1
SF,IH2003,2020-03-20 09:32:29.900,2605.4000,18665,-4,1018606140.000,4,0,4,双平,S,2603.6000,2603.2000,2603.0000,2602.0000,2601.8000,2605.4000,2606.0000,2606.6000,2606.8000,2607.0000,1,1,1,1,2,2,3,1,3,4
SF,IH2003,2020-03-20 09:32:30.400,2605.4000,18664,-1,1019387760.000,1,0,1,双平,S,2604.6000,2603.6000,2603.2000,2603.0000,2602.0000,2605.4000,2606.0000,2606.6000,2606.8000,2607.0000,1,1,1,1,1,1,3,1,3,4
SF,IH2003,2020-03-20 09:32:30.900,2605.4000,18664,0,1019387760.000,0,-,-,-,-,2604.6000,2604.2000,2603.4000,2603.2000,2603.0000,2605.4000,2606.0000,2606.6000,2606.8000,2607.0000,1,1,1,1,1,1,3,1,3,4
SF,IH2003,2020-03-20 09:32:31.400,2605.4000,18660,-4,1022513040.000,4,0,4,双平,S,2603.2000,2603.0000,2601.8000,2601.6000,2601.2000,2604.4000,2606.0000,2606.6000,2606.8000,2607.0000,1,1,1,1,1,5,3,1,3,4
SF,IH2003,2020-03-20 09:32:31.900,2604.4000,18657,-3,1024857000.000,3,0,3,双平,S,2604.0000,2603.4000,2603.2000,2603.0000,2601.6000,2606.0000,2606.6000,2606.8000,2607.0000,2608.0000,2,1,1,1,1,3,1,3,4,2
SF,IH2003,2020-03-20 09:32:32.400,2604.0000,18654,-3,1027200660.000,3,0,3,双平,S,2603.2000,2603.0000,2601.6000,2601.2000,2600.6000,2603.6000,2605.6000,2605.8000,2606.0000,2606.6000,1,1,1,1,1,2,2,2,3,1
SF,IH2003,2020-03-20 09:32:32.900,2605.6000,18651,-3,1029544500.000,3,0,3,双平,S,2604.0000,2603.6000,2603.2000,2603.0000,2601.6000,2605.0000,2606.0000,2606.6000,2606.8000,2607.0000,2,7,1,1,1,1,3,1,3,4
SF,IH2003,2020-03-20 09:32:33.400,2605.0000,18648,-3,1031888520.000,3,0,3,双平,S,2604.2000,2603.6000,2603.2000,2603.0000,2601.6000,2606.0000,2606.6000,2606.8000,2607.0000,2608.0000,1,19,1,1,1,3,1,3,4,2
SF,IH2003,2020-03-20 09:32:33.900,2604.2000,18647,-1,1032669780.000,1,0,1,双平,S,2603.6000,2603.2000,2603.0000,2601.6000,2601.2000,2604.0000,2605.8000,2606.0000,2606.6000,2606.8000,19,1,1,1,2,2,3,3,1,3
SF,IH2003,2020-03-20 09:32:34.400,2605.8000,18644,-3,1035014040.000,3,0,3,双平,S,2604.0000,2603.6000,2603.2000,2603.0000,2601.6000,2605.8000,2606.0000,2606.6000,2606.8000,2607.0000,2,18,1,1,1,1,3,1,3,4
SF,IH2003,2020-03-20 09:32:34.900,2604.0000,18643,-1,1035795240.000,1,0,1,双平,S,2603.6000,2603.2000,2603.0000,2601.6000,2601.2000,2605.6000,2605.8000,2606.0000,2606.6000,2606.8000,15,1,1,1,2,1,1,3,1,3
SF,IH2003,2020-03-20 09:32:35.400,2604.0000,18643,0,1035795240.000,0,-,-,-,-,2603.8000,2603.6000,2603.2000,2601.6000,2601.2000,2605.4000,2605.8000,2606.0000,2606.6000,2606.8000,2,12,1,1,2,6,1,3,1,3
SF,IH2003,2020-03-20 09:32:35.900,2604.0000,18643,0,1035795240.000,0,-,-,-,-,2603.8000,2603.6000,2603.2000,2601.6000,2601.2000,2605.4000,2606.0000,2606.6000,2606.8000,2607.0000,3,12,1,1,2,6,3,1,3,4
SF,IH2003,2020-03-20 09:32:36.400,2604.0000,18643,0,1035795240.000,0,-,-,-,-,2604.8000,2604.0000,2603.8000,2603.6000,2603.2000,2605.4000,2606.0000,2606.6000,2606.8000,2607.0000,1,1,3,12,1,4,3,1,3,4
SF,IH2003,2020-03-20 09:32:36.900,2604.8000,18641,-2,1037358120.000,2,0,2,双平,S,2604.0000,2603.8000,2603.6000,2603.2000,2601.6000,2605.4000,2606.0000,2606.6000,2606.8000,2607.0000,1,3,12,1,1,1,3,1,3,7
SF,IH2003,2020-03-20 09:32:37.400,2604.8000,18641,0,1037358120.000,0,-,-,-,-,2604.2000,2604.0000,2603.8000,2603.6000,2601.6000,2606.0000,2606.6000,2606.8000,2607.0000,2608.0000,1,1,3,12,1,3,1,3,7,2
SF,IH2003,2020-03-20 09:32:37.900,2604.8000,18641,0,1037358120.000,0,-,-,-,-,2604.4000,2603.8000,2603.6000,2601.6000,2601.2000,2606.0000,2606.6000,2606.8000,2607.0000,2608.0000,1,3,12,1,2,3,1,3,7,2
SF,IH2003,2020-03-20 09:32:38.400,2604.4000,18640,-1,1038139440.000,1,0,1,双平,S,2603.8000,2603.6000,2601.6000,2601.2000,2600.6000,2604.2000,2605.8000,2606.0000,2606.6000,2606.8000,3,12,1,2,1,1,3,3,1,3
SF,IH2003,2020-03-20 09:32:38.900,2605.8000,18638,-2,1039702440.000,2,0,2,双平,S,2604.2000,2603.8000,2603.6000,2601.6000,2601.2000,2605.8000,2606.0000,2606.6000,2606.8000,2607.0000,1,1,12,1,2,2,10,1,3,7
SF,IH2003,2020-03-20 09:32:39.400,2605.8000,18638,0,1039702440.000,0,-,-,-,-,2603.8000,2603.6000,2601.6000,2601.2000,2600.6000,2604.0000,2605.6000,2605.8000,2606.0000,2606.6000,1,12,1,2,1,3,2,2,10,1
SF,IH2003,2020-03-20 09:32:39.900,2603.6000,18627,-11,1052200860.000,16,2,14,多平,S,2603.6000,2601.6000,2601.2000,2600.6000,2600.2000,2603.8000,2605.0000,2605.4000,2605.6000,2605.8000,6,1,2,1,1,1,1,1,1,5
SF,IH2003,2020-03-20 09:32:40.400,2603.6000,18623,-4,1056887340.000,6,1,5,多平,S,2601.6000,2601.2000,2600.6000,2600.2000,2600.0000,2603.4000,2603.6000,2603.8000,2605.0000,2605.4000,1,2,1,1,1,1,1,2,1,1
SF,IH2003,2020-03-20 09:32:40.900,2602.8000,18621,-2,1058448660.000,2,0,2,双平,S,2601.8000,2601.2000,2601.0000,2600.6000,2600.2000,2603.8000,2604.6000,2605.0000,2605.4000,2605.8000,2,2,1,1,1,2,1,1,2,7
SF,IH2003,2020-03-20 09:32:41.400,2601.8000,18617,-4,1061571240.000,4,0,4,双平,S,2601.2000,2601.0000,2600.6000,2600.2000,2600.0000,2603.6000,2603.8000,2604.6000,2605.0000,2605.4000,2,1,1,1,1,5,2,1,1,2
SF,IH2003,2020-03-20 09:32:41.900,2601.8000,18617,0,1061571240.000,0,-,-,-,-,2601.2000,2601.0000,2600.6000,2600.2000,2600.0000,2603.4000,2603.6000,2603.8000,2604.6000,2605.0000,2,1,1,1,1,2,5,2,1,1
SF,IH2003,2020-03-20 09:32:42.400,2601.8000,18617,0,1061571240.000,0,-,-,-,-,2601.2000,2601.0000,2600.6000,2600.2000,2600.0000,2603.2000,2603.4000,2603.6000,2603.8000,2605.0000,2,1,1,1,1,6,2,3,2,1
SF,IH2003,2020-03-20 09:32:42.900,2603.0000,18617,0,1062352140.000,1,0,1,多换,S,2601.2000,2600.6000,2600.2000,2600.0000,2599.8000,2603.2000,2603.4000,2603.6000,2603.8000,2605.0000,3,1,1,1,1,7,1,1,2,1
SF,IH2003,2020-03-20 09:32:43.400,2603.2000,18616,-1,1063133100.000,1,0,1,双平,S,2602.4000,2602.2000,2601.2000,2600.6000,2600.2000,2603.0000,2603.2000,2603.4000,2603.6000,2603.8000,1,1,3,1,1,1,4,1,1,2
SF,IH2003,2020-03-20 09:32:43.900,2603.2000,18615,-1,1070160660.000,9,4,5,多平,S,2602.2000,2601.2000,2600.6000,2600.2000,2600.0000,2603.2000,2603.6000,2603.8000,2605.0000,2605.4000,1,3,1,1,1,1,1,2,1,2
SF,IH2003,2020-03-20 09:32:44.400,2603.8000,18609,-6,1074846420.000,6,0,6,双平,S,2603.8000,2602.2000,2601.2000,2600.8000,2600.6000,2604.6000,2605.0000,2605.4000,2605.8000,2606.0000,1,1,3,1,1,1,1,2,3,10
SF,IH2003,2020-03-20 09:32:44.900,2603.8000,18607,-2,1076408700.000,2,0,2,双平,S,2602.2000,2601.2000,2600.8000,2600.6000,2600.2000,2603.6000,2605.0000,2605.4000,2605.8000,2606.0000,1,3,1,1,1,8,4,2,3,10
SF,IH2003,2020-03-20 09:32:45.400,2604.4000,18605,-2,1077971100.000,2,0,2,双平,S,2603.0000,2602.4000,2602.2000,2601.4000,2601.2000,2605.0000,2605.4000,2605.8000,2606.0000,2606.6000,1,1,1,1,3,4,1,3,10,1
SF,IH2003,2020-03-20 09:32:45.900,2603.0000,18602,-3,1080313860.000,3,0,3,双平,S,2602.2000,2601.4000,2601.2000,2600.8000,2600.6000,2602.8000,2604.4000,2605.0000,2605.4000,2605.8000,1,1,3,1,1,4,2,4,1,3
SF,IH2003,2020-03-20 09:32:46.400,2604.4000,18597,-5,1084218540.000,5,0,5,双平,S,2604.0000,2603.2000,2602.8000,2602.4000,2602.2000,2605.0000,2605.4000,2605.8000,2606.0000,2606.6000,1,2,6,1,1,4,1,3,10,1
SF,IH2003,2020-03-20 09:32:46.900,2605.0000,18593,-4,1087343760.000,4,0,4,双平,S,2603.2000,2602.8000,2602.4000,2602.2000,2601.4000,2605.0000,2605.4000,2605.8000,2606.0000,2606.6000,1,6,2,1,1,2,1,3,10,1
SF,IH2003,2020-03-20 09:32:47.400,2603.4000,18591,-2,1088906280.000,2,0,2,双平,S,2602.8000,2602.4000,2602.2000,2601.4000,2601.2000,2605.0000,2605.4000,2605.8000,2606.0000,2606.6000,5,2,1,1,3,2,1,3,10,1
SF,IH2003,2020-03-20 09:32:47.900,2604.6000,18590,-1,1089687660.000,1,0,1,双平,S,2603.0000,2602.8000,2602.4000,2602.2000,2601.4000,2605.0000,2605.4000,2605.8000,2606.0000,2606.6000,2,5,2,1,1,2,1,3,10,1
SF,IH2003,2020-03-20 09:32:48.400,2604.6000,18590,0,1089687660.000,0,-,-,-,-,2603.0000,2602.8000,2602.4000,2602.2000,2602.0000,2605.0000,2605.4000,2605.8000,2606.0000,2606.6000,1,5,2,1,1,2,1,2,10,1
SF,IH2003,2020-03-20 09:32:48.900,2604.6000,18590,0,1089687660.000,0,-,-,-,-,2603.0000,2602.8000,2602.4000,2602.2000,2602.0000,2605.0000,2605.4000,2605.8000,2606.0000,2606.6000,1,5,2,1,1,2,1,2,10,1
SF,IH2003,2020-03-20 09:32:49.400,2605.0000,18588,-2,1091250660.000,2,0,2,双平,S,2605.0000,2603.0000,2602.8000,2602.4000,2602.2000,2605.4000,2605.8000,2606.0000,2606.6000,2606.8000,1,1,5,1,1,1,2,10,1,3
SF,IH2003,2020-03-20 09:32:49.900,2605.0000,18587,-1,1092032160.000,1,0,1,双平,S,2603.0000,2602.8000,2602.4000,2602.2000,2602.0000,2604.8000,2605.0000,2605.4000,2605.8000,2606.0000,1,3,1,1,1,1,1,1,1,10
SF,IH2003,2020-03-20 09:32:50.400,2605.8000,18584,-3,1094377020.000,3,0,3,双平,S,2605.2000,2604.0000,2603.2000,2603.0000,2602.8000,2606.0000,2606.6000,2606.8000,2607.0000,2607.4000,1,1,1,1,3,10,1,3,7,1
SF,IH2003,2020-03-20 09:32:50.900,2605.0000,18579,-5,1098284640.000,5,0,5,双平,S,2603.2000,2603.0000,2602.8000,2602.6000,2602.4000,2605.0000,2605.8000,2606.0000,2606.6000,2606.8000,1,1,3,1,1,1,1,10,1,3
SF,IH2003,2020-03-20 09:32:51.400,2605.0000,18579,0,1098284640.000,0,-,-,-,-,2603.2000,2603.0000,2602.8000,2602.6000,2602.4000,2605.8000,2606.0000,2606.6000,2606.8000,2607.0000,1,1,3,1,1,1,10,1,3,7
SF,IH2003,2020-03-20 09:32:51.900,2605.0000,18579,0,1098284640.000,0,-,-,-,-,2603.8000,2603.4000,2603.0000,2602.8000,2602.6000,2605.6000,2606.0000,2606.6000,2606.8000,2607.0000,1,2,1,3,1,4,10,1,3,7
SF,IH2003,2020-03-20 09:32:52.400,2603.8000,18577,-2,1099846920.000,2,0,2,双平,S,2603.4000,2602.8000,2602.6000,2602.4000,2602.0000,2603.6000,2605.2000,2605.4000,2605.6000,2606.0000,3,3,1,1,1,3,1,1,6,10
SF,IH2003,2020-03-20 09:32:52.900,2604.0000,18568,-9,1106877300.000,9,0,9,双平,S,2603.6000,2603.4000,2602.8000,2602.6000,2602.4000,2605.6000,2606.0000,2606.6000,2606.8000,2607.0000,1,1,3,1,1,5,10,1,3,7
SF,IH2003,2020-03-20 09:32:53.400,2603.8000,18566,-2,1108439580.000,2,0,2,双平,S,2603.6000,2603.4000,2602.8000,2602.4000,2602.0000,2605.4000,2605.6000,2606.0000,2606.6000,2606.8000,2,1,3,1,1,3,5,10,1,3
SF,IH2003,2020-03-20 09:32:53.900,2603.8000,18566,0,1108439580.000,0,-,-,-,-,2603.6000,2603.4000,2602.8000,2602.4000,2602.0000,2604.0000,2605.2000,2605.4000,2605.6000,2606.0000,3,1,3,1,2,3,1,3,6,10
SF,IH2003,2020-03-20 09:32:54.400,2603.8000,18560,-6,1113127260.000,6,0,6,双平,S,2603.6000,2603.4000,2602.8000,2602.4000,2602.0000,2605.4000,2605.6000,2606.0000,2606.6000,2606.8000,3,1,3,1,2,3,6,10,1,3
SF,IH2003,2020-03-20 09:32:54.900,2603.8000,18560,0,1113127260.000,0,-,-,-,-,2604.0000,2603.8000,2603.6000,2602.8000,2602.4000,2605.4000,2605.6000,2606.0000,2606.6000,2606.8000,1,1,4,3,1,3,5,10,1,3
SF,IH2003,2020-03-20 09:32:55.400,2604.0000,18559,-1,1113908460.000,1,0,1,双平,S,2604.8000,2603.8000,2603.6000,2602.8000,2602.4000,2605.0000,2605.2000,2605.4000,2605.6000,2606.0000,1,1,3,3,1,1,2,3,4,10
SF,IH2003,2020-03-20 09:32:55.900,2604.0000,18555,-4,1117033560.000,4,0,4,双平,S,2604.0000,2603.8000,2603.6000,2602.8000,2602.4000,2604.6000,2604.8000,2605.0000,2605.2000,2605.4000,2,1,3,3,1,1,7,1,2,2
SF,IH2003,2020-03-20 09:32:56.400,2604.0000,18553,-2,1118595960.000,2,0,2,双平,S,2603.8000,2603.6000,2602.4000,2602.0000,2601.2000,2604.4000,2604.6000,2604.8000,2605.0000,2605.6000,1,3,1,2,2,2,1,4,1,8
SF,IH2003,2020-03-20 09:32:56.900,2603.6000,18550,-3,1120939320.000,3,0,3,双平,S,2603.8000,2603.6000,2602.4000,2602.0000,2601.2000,2604.4000,2604.6000,2604.8000,2605.0000,2605.6000,1,2,1,2,2,2,1,4,1,8
SF,IH2003,2020-03-20 09:32:57.400,2603.8000,18549,-1,1121720460.000,1,0,1,双平,S,2603.6000,2602.4000,2602.0000,2601.2000,2600.8000,2603.8000,2604.4000,2604.6000,2604.8000,2605.0000,2,1,2,2,1,1,2,1,2,1
SF,IH2003,2020-03-20 09:32:57.900,2603.6000,18546,-3,1124844780.000,4,0,4,多平,S,2602.4000,2602.0000,2601.2000,2600.8000,2600.6000,2603.6000,2604.2000,2604.4000,2604.6000,2604.8000,1,2,2,1,1,3,1,2,1,1
SF,IH2003,2020-03-20 09:32:58.400,2603.6000,18545,-1,1125625860.000,1,0,1,双平,S,2602.4000,2602.0000,2601.2000,2600.8000,2600.6000,2603.4000,2603.6000,2604.0000,2604.2000,2604.6000,1,1,2,1,1,3,1,2,1,1
SF,IH2003,2020-03-20 09:32:58.900,2602.4000,18544,-1,1127187300.000,2,0,2,多平,S,2602.0000,2601.2000,2600.8000,2600.6000,2600.2000,2602.4000,2603.4000,2603.6000,2603.8000,2604.0000,1,2,1,1,1,5,3,1,1,2
SF,IH2003,2020-03-20 09:32:59.400,2603.4000,18538,-6,1131871920.000,6,0,6,双平,S,2602.8000,2602.0000,2601.2000,2600.8000,2600.6000,2603.4000,2603.6000,2603.8000,2604.0000,2604.2000,4,1,2,1,1,1,1,1,2,1
SF,IH2003,2020-03-20 09:32:59.900,2603.8000,18534,-4,1134996000.000,4,0,4,双平,S,2603.6000,2602.0000,2601.2000,2600.8000,2600.6000,2604.0000,2604.2000,2604.6000,2605.0000,2605.6000,1,1,2,1,1,2,1,1,1,8
SF,IH2003,2020-03-20 09:33:00.400,2603.6000,18533,-1,1135777080.000,1,0,1,双平,S,2602.0000,2601.2000,2600.8000,2600.6000,2600.2000,2604.0000,2604.2000,2604.6000,2605.0000,2605.6000,1,2,1,1,1,2,1,1,1,7
SF,IH2003,2020-03-20 09:33:00.900,2602.2000,18530,-3,1138119600.000,3,0,3,双平,S,2602.2000,2602.0000,2601.2000,2600.8000,2600.6000,2604.0000,2604.6000,2605.0000,2605.6000,2606.0000,2,1,2,1,1,1,1,2,7,13
SF,IH2003,2020-03-20 09:33:01.400,2602.2000,18529,-1,1138900260.000,1,0,1,双平,S,2603.4000,2602.2000,2602.0000,2601.2000,2600.8000,2604.0000,2604.6000,2605.0000,2605.6000,2606.0000,1,2,1,2,1,1,1,2,7,13
SF,IH2003,2020-03-20 09:33:01.900,2603.4000,18529,0,1139681280.000,1,0,1,多换,S,2602.2000,2602.0000,2601.2000,2600.8000,2600.6000,2603.6000,2604.0000,2604.6000,2605.0000,2605.6000,2,1,2,1,1,1,2,1,2,7
SF,IH2003,2020-03-20 09:33:02.400,2602.4000,18528,-1,1140462000.000,1,0,1,双平,S,2602.2000,2602.0000,2601.2000,2600.8000,2600.6000,2603.6000,2604.0000,2604.6000,2605.0000,2605.6000,2,1,2,1,1,1,2,1,2,4
SF,IH2003,2020-03-20 09:33:02.900,2602.4000,18528,0,1140462000.000,0,-,-,-,-,2603.0000,2602.2000,2602.0000,2601.2000,2600.8000,2603.6000,2604.0000,2604.6000,2605.0000,2605.6000,1,2,1,2,1,1,2,1,2,4
SF,IH2003,2020-03-20 09:33:03.400,2603.4000,18524,-4,1143586080.000,4,0,4,双平,S,2602.2000,2602.0000,2601.2000,2600.8000,2600.6000,2603.4000,2604.0000,2604.6000,2605.0000,2605.6000,1,1,2,1,1,3,2,1,2,4
SF,IH2003,2020-03-20 09:33:03.900,2603.2000,18523,-1,1144367040.000,1,0,1,双平,S,2602.4000,2602.0000,2601.2000,2600.8000,2600.6000,2603.4000,2604.0000,2604.6000,2605.0000,2605.6000,1,1,2,1,1,3,2,1,2,4
SF,IH2003,2020-03-20 09:33:04.400,2603.4000,18522,-1,1145148060.000,1,0,1,双平,S,2602.2000,2602.0000,2601.2000,2600.8000,2600.6000,2603.4000,2604.0000,2604.6000,2605.0000,2605.6000,1,1,2,1,1,2,2,1,2,4
SF,IH2003,2020-03-20 09:33:04.900,2603.4000,18521,-1,1145929080.000,1,0,1,双平,S,2602.2000,2602.0000,2601.2000,2600.8000,2600.6000,2603.4000,2604.0000,2604.6000,2605.0000,2605.6000,1,1,2,1,1,1,2,1,2,4
SF,IH2003,2020-03-20 09:33:05.400,2603.4000,18520,-1,1146710100.000,1,0,1,双平,S,2602.8000,2602.2000,2602.0000,2601.2000,2600.8000,2604.0000,2604.6000,2605.0000,2605.6000,2606.0000,1,1,1,2,1,2,1,2,4,10
SF,IH2003,2020-03-20 09:33:05.900,2603.4000,18520,0,1146710100.000,0,-,-,-,-,2602.8000,2602.2000,2602.0000,2601.2000,2600.8000,2603.8000,2604.0000,2604.6000,2605.0000,2605.6000,1,1,1,2,1,2,2,1,2,4
SF,IH2003,2020-03-20 09:33:06.400,2602.2000,18517,-3,1149052740.000,3,0,3,双平,S,2602.0000,2601.2000,2600.8000,2600.6000,2600.2000,2602.2000,2603.8000,2605.0000,2605.6000,2606.0000,1,2,1,1,1,2,1,2,4,10
SF,IH2003,2020-03-20 09:33:06.900,2602.2000,18515,-2,1150614060.000,2,0,2,双平,S,2602.6000,2602.2000,2602.0000,2601.2000,2600.8000,2605.0000,2605.6000,2606.0000,2606.6000,2607.0000,1,4,1,2,1,2,3,10,1,2
SF,IH2003,2020-03-20 09:33:07.400,2602.6000,18514,-1,1151394840.000,1,0,1,双平,S,2602.2000,2602.0000,2601.2000,2600.8000,2600.6000,2603.4000,2604.8000,2605.0000,2605.6000,2606.0000,3,1,2,1,1,1,2,2,3,10
SF,IH2003,2020-03-20 09:33:07.900,2602.2000,18512,-2,1152956220.000,2,0,2,双平,S,2602.2000,2602.0000,2601.2000,2600.8000,2600.6000,2603.4000,2604.8000,2605.0000,2605.6000,2606.0000,2,1,2,1,1,1,2,2,3,10
SF,IH2003,2020-03-20 09:33:08.400,2603.2000,18511,-1,1153737180.000,1,0,1,双平,S,2602.2000,2602.0000,2601.2000,2600.8000,2600.6000,2603.4000,2604.8000,2605.0000,2605.6000,2606.0000,2,1,2,1,1,1,2,2,3,10
SF,IH2003,2020-03-20 09:33:08.900,2602.0000,18508,-3,1156079100.000,3,0,3,双平,S,2602.4000,2601.2000,2600.8000,2600.6000,2600.2000,2603.2000,2603.4000,2604.8000,2605.0000,2605.6000,1,2,1,1,1,1,1,2,2,3
SF,IH2003,2020-03-20 09:33:09.400,2602.4000,18508,0,1156859820.000,1,0,1,多换,S,2601.2000,2600.8000,2600.6000,2600.2000,2600.0000,2602.4000,2603.0000,2603.2000,2603.4000,2604.8000,2,1,1,1,1,2,1,2,1,2
SF,IH2003,2020-03-20 09:33:09.900,2602.4000,18508,0,1156859820.000,0,-,-,-,-,2601.2000,2600.6000,2600.2000,2600.0000,2599.8000,2602.2000,2602.4000,2603.2000,2603.4000,2604.8000,2,1,1,1,1,4,1,2,1,2
SF,IH2003,2020-03-20 09:33:10.400,2601.2000,18506,-2,1158420540.000,2,0,2,双平,S,2600.6000,2600.2000,2600.0000,2599.8000,2598.8000,2602.0000,2602.2000,2602.4000,2603.2000,2603.4000,1,1,1,1,1,1,4,1,2,1
SF,IH2003,2020-03-20 09:33:10.900,2601.8000,18505,-1,1159201080.000,1,0,1,双平,S,2600.6000,2600.2000,2600.0000,2599.8000,2598.8000,2601.8000,2602.0000,2602.2000,2602.4000,2603.2000,1,1,1,1,1,3,1,5,1,1
SF,IH2003,2020-03-20 09:33:11.400,2600.6000,18504,-1,1159981260.000,1,0,1,双平,S,2600.2000,2600.0000,2599.8000,2598.8000,2597.6000,2601.8000,2602.0000,2602.2000,2602.4000,2603.2000,1,1,1,1,1,3,1,5,1,1
SF,IH2003,2020-03-20 09:33:11.900,2600.6000,18504,0,1159981260.000,0,-,-,-,-,2600.2000,2600.0000,2599.8000,2598.8000,2597.6000,2600.6000,2601.8000,2602.0000,2602.2000,2602.4000,1,1,1,1,1,2,3,1,5,1
SF,IH2003,2020-03-20 09:33:12.400,2600.2000,18502,-2,1161541440.000,2,0,2,双平,S,2600.0000,2599.8000,2598.8000,2597.6000,2596.4000,2600.2000,2600.6000,2601.8000,2602.0000,2602.2000,1,1,1,1,1,4,2,3,1,5
SF,IH2003,2020-03-20 09:33:12.900,2600.2000,18499,-3,1163881440.000,3,0,3,双平,S,2598.8000,2597.6000,2596.4000,2594.6000,2593.8000,2599.8000,2600.0000,2600.2000,2600.6000,2601.8000,1,1,1,1,1,1,2,3,2,3
SF,IH2003,2020-03-20 09:33:13.400,2600.2000,18499,0,1163881440.000,0,-,-,-,-,2598.8000,2597.6000,2596.4000,2594.6000,2593.8000,2599.6000,2600.2000,2600.6000,2601.8000,2602.2000,2,1,1,1,1,1,3,2,2,5
SF,IH2003,2020-03-20 09:33:13.900,2600.2000,18498,-1,1165441560.000,2,0,2,多平,S,2598.8000,2597.6000,2596.4000,2594.6000,2593.8000,2599.6000,2600.2000,2600.6000,2601.8000,2602.2000,2,1,1,1,1,1,3,2,2,5
SF,IH2003,2020-03-20 09:33:14.400,2600.2000,18497,-1,1166221620.000,1,0,1,双平,S,2598.8000,2597.6000,2596.4000,2594.6000,2593.8000,2599.6000,2600.2000,2600.6000,2601.8000,2602.2000,2,1,1,1,1,2,3,2,2,5
SF,IH2003,2020-03-20 09:33:14.900,2600.2000,18493,-4,1169341440.000,4,0,4,双平,S,2598.8000,2597.6000,2596.4000,2593.8000,2593.4000,2600.2000,2600.6000,2601.8000,2602.2000,2602.4000,2,1,1,1,3,2,2,2,3,1
SF,IH2003,2020-03-20 09:33:15.400,2598.8000,18491,-2,1171680480.000,3,0,3,多平,S,2598.6000,2597.6000,2596.4000,2593.8000,2593.4000,2600.0000,2600.2000,2600.6000,2601.8000,2602.2000,1,1,1,1,3,2,2,2,1,3
SF,IH2003,2020-03-20 09:33:15.900,2598.6000,18489,-2,1173239640.000,2,0,2,双平,S,2597.6000,2596.4000,2593.8000,2593.4000,2592.2000,2600.0000,2600.2000,2600.6000,2601.4000,2601.8000,1,1,1,3,1,2,2,2,1,1
SF,IH2003,2020-03-20 09:33:16.400,2598.6000,18489,0,1173239640.000,0,-,-,-,-,2597.8000,2597.6000,2596.4000,2593.8000,2593.4000,2598.8000,2599.8000,2600.0000,2600.2000,2600.6000,2,2,1,1,3,1,4,2,1,2
SF,IH2003,2020-03-20 09:33:16.900,2598.6000,18489,0,1173239640.000,0,-,-,-,-,2598.4000,2597.8000,2596.4000,2593.8000,2593.4000,2598.6000,2598.8000,2599.8000,2600.0000,2600.2000,1,1,1,1,3,1,1,3,2,1
SF,IH2003,2020-03-20 09:33:17.400,2598.8000,18488,-1,1174798860.000,2,0,2,多平,S,2598.6000,2597.8000,2596.4000,2593.8000,2592.2000,2599.8000,2600.0000,2600.2000,2600.6000,2601.4000,2,1,1,1,1,3,2,1,2,1
SF,IH2003,2020-03-20 09:33:17.900,2599.8000,18485,-3,1177137960.000,3,0,3,双平,S,2597.8000,2596.4000,2593.8000,2592.2000,2590.2000,2600.0000,2600.2000,2600.6000,2601.4000,2601.8000,1,1,1,1,3,2,1,2,1,1
SF,IH2003,2020-03-20 09:33:18.400,2598.0000,18484,-1,1177917360.000,1,0,1,双平,S,2598.0000,2597.8000,2596.4000,2593.8000,2592.2000,2599.8000,2600.0000,2600.2000,2600.6000,2601.4000,2,1,1,1,1,3,1,1,2,1
SF,IH2003,2020-03-20 09:33:18.900,2598.0000,18483,-1,1178696760.000,1,0,1,双平,S,2597.8000,2596.4000,2593.8000,2592.2000,2590.2000,2598.0000,2598.4000,2599.6000,2599.8000,2600.0000,1,1,1,1,3,1,1,2,1,1
SF,IH2003,2020-03-20 09:33:19.400,2599.6000,18479,-4,1181814960.000,4,0,4,双平,S,2596.4000,2593.8000,2592.2000,2590.2000,2590.0000,2599.6000,2599.8000,2600.0000,2600.2000,2600.6000,1,1,1,3,1,1,1,1,1,2
SF,IH2003,2020-03-20 09:33:19.900,2599.6000,18478,-1,1182594840.000,1,0,1,双平,S,2598.0000,2597.0000,2596.8000,2596.6000,2596.4000,2599.2000,2599.4000,2599.6000,2599.8000,2600.0000,1,1,2,4,5,2,3,1,2,1
SF,IH2003,2020-03-20 09:33:20.400,2599.6000,18477,-1,1183374720.000,1,0,1,双平,S,2596.8000,2596.6000,2596.4000,2593.8000,2592.2000,2598.6000,2599.0000,2599.4000,2599.8000,2600.2000,3,2,2,1,1,1,1,1,2,1
SF,IH2003,2020-03-20 09:33:20.900,2599.6000,18476,-1,1184154600.000,1,0,1,双平,S,2596.8000,2596.4000,2593.8000,2592.2000,2590.4000,2598.0000,2598.4000,2598.6000,2599.0000,2599.4000,4,2,1,1,6,1,1,1,1,1
SF,IH2003,2020-03-20 09:33:21.400,2599.6000,18475,-1,1184934480.000,1,0,1,双平,S,2597.6000,2597.4000,2596.8000,2596.4000,2593.8000,2598.4000,2598.6000,2599.4000,2599.8000,2600.2000,1,1,2,1,1,1,2,1,1,1
SF,IH2003,2020-03-20 09:33:21.900,2597.6000,18472,-3,1188052140.000,4,0,4,多平,S,2596.8000,2596.4000,2593.8000,2592.2000,2590.4000,2598.2000,2598.6000,2599.4000,2599.8000,2600.2000,2,1,1,1,6,1,2,1,1,1
SF,IH2003,2020-03-20 09:33:22.400,2598.0000,18471,-1,1188831540.000,1,0,1,双平,S,2596.8000,2596.4000,2593.8000,2592.6000,2592.2000,2598.0000,2598.2000,2598.6000,2599.4000,2599.8000,1,1,1,1,1,1,1,1,1,1
SF,IH2003,2020-03-20 09:33:22.900,2598.0000,18470,-1,1189610940.000,1,0,1,双平,S,2596.8000,2596.4000,2593.8000,2592.6000,2592.2000,2597.6000,2598.6000,2599.4000,2599.6000,2599.8000,1,1,1,1,1,1,1,1,1,1
SF,IH2003,2020-03-20 09:33:23.400,2598.0000,18470,0,1189610940.000,0,-,-,-,-,2596.8000,2593.8000,2592.6000,2592.2000,2590.4000,2597.6000,2598.2000,2598.6000,2599.2000,2599.4000,1,1,1,1,6,1,1,1,2,1
SF,IH2003,2020-03-20 09:33:23.900,2598.0000,18470,0,1189610940.000,0,-,-,-,-,2597.0000,2596.8000,2593.8000,2592.6000,2592.2000,2597.4000,2597.6000,2598.2000,2598.6000,2599.2000,1,1,1,1,1,1,1,1,1,2
SF,IH2003,2020-03-20 09:33:24.400,2596.8000,18468,-2,1191169080.000,2,0,2,双平,S,2595.0000,2593.8000,2592.6000,2592.2000,2590.4000,2597.4000,2597.6000,2598.6000,2599.2000,2599.4000,1,1,1,1,6,1,1,1,2,1
SF,IH2003,2020-03-20 09:33:24.900,2596.8000,18468,0,1191169080.000,0,-,-,-,-,2596.2000,2595.4000,2595.2000,2595.0000,2593.8000,2596.8000,2597.2000,2597.4000,2597.6000,2598.6000,1,3,8,3,1,1,3,1,1,1
SF,IH2003,2020-03-20 09:33:25.400,2596.8000,18468,0,1191169080.000,0,-,-,-,-,2595.2000,2595.0000,2593.8000,2592.6000,2592.2000,2596.8000,2597.0000,2597.4000,2597.6000,2598.6000,4,3,1,1,1,1,1,1,1,1
SF,IH2003,2020-03-20 09:33:25.900,2595.4000,18463,-5,1195062180.000,5,0,5,双平,S,2595.4000,2595.2000,2595.0000,2593.8000,2592.6000,2596.6000,2596.8000,2597.0000,2597.4000,2597.6000,3,8,1,1,1,1,2,1,1,1
SF,IH2003,2020-03-20 09:33:26.400,2595.4000,18463,0,1195062180.000,0,-,-,-,-,2595.6000,2595.4000,2595.2000,2595.0000,2593.8000,2596.6000,2596.8000,2597.0000,2597.4000,2597.6000,1,2,3,1,1,1,2,1,1,1
SF,IH2003,2020-03-20 09:33:26.900,2595.4000,18459,-4,1198955820.000,5,0,5,多平,S,2595.8000,2595.2000,2595.0000,2593.8000,2592.6000,2596.4000,2596.6000,2596.8000,2597.0000,2597.6000,1,3,1,1,1,1,1,2,1,1
SF,IH2003,2020-03-20 09:33:27.400,2595.4000,18459,0,1198955820.000,0,-,-,-,-,2595.8000,2595.2000,2595.0000,2593.8000,2592.6000,2596.4000,2596.6000,2596.8000,2597.0000,2597.6000,1,2,1,1,1,2,1,2,1,1
SF,IH2003,2020-03-20 09:33:27.900,2596.4000,18458,-1,1199734740.000,1,0,1,双平,S,2595.8000,2595.2000,2595.0000,2593.8000,2592.6000,2596.4000,2596.6000,2596.8000,2597.0000,2597.6000,1,1,1,1,1,1,1,2,1,1
SF,IH2003,2020-03-20 09:33:28.400,2595.8000,18458,0,1201292220.000,2,1,1,多换,S,2596.0000,2595.8000,2595.6000,2595.0000,2593.8000,2596.4000,2596.6000,2596.8000,2597.0000,2597.6000,1,1,1,1,1,1,1,2,1,1
SF,IH2003,2020-03-20 09:33:28.900,2595.8000,18457,-1,1205186100.000,5,2,3,多平,S,2595.6000,2595.0000,2593.8000,2592.6000,2592.2000,2596.0000,2596.4000,2596.6000,2596.8000,2597.0000,1,1,1,1,1,1,1,1,2,1
SF,IH2003,2020-03-20 09:33:29.400,2595.6000,18456,-1,1207522140.000,3,1,2,多平,S,2595.0000,2593.8000,2592.6000,2592.2000,2590.4000,2596.4000,2596.6000,2596.8000,2597.0000,2597.6000,1,1,1,1,6,1,1,2,2,1
SF,IH2003,2020-03-20 09:33:29.900,2595.8000,18454,-2,1209858240.000,3,0,3,多平,S,2593.8000,2592.2000,2591.0000,2590.4000,2590.2000,2596.4000,2596.6000,2596.8000,2597.0000,2597.6000,1,1,1,6,3,1,1,2,1,1
SF,IH2003,2020-03-20 09:33:30.400,2595.8000,18454,0,1209858240.000,0,-,-,-,-,2595.2000,2594.4000,2594.2000,2594.0000,2593.8000,2595.6000,2595.8000,2596.2000,2596.4000,2596.6000,1,3,3,3,1,2,1,3,1,1
SF,IH2003,2020-03-20 09:33:30.900,2595.8000,18454,0,1209858240.000,0,-,-,-,-,2595.2000,2593.8000,2592.2000,2591.0000,2590.4000,2595.4000,2595.6000,2596.2000,2596.4000,2596.6000,1,1,1,1,6,1,2,1,1,1
SF,IH2003,2020-03-20 09:33:31.400,2595.4000,18449,-5,1214529540.000,6,0,6,多平,S,2592.2000,2591.0000,2590.4000,2590.2000,2590.0000,2595.8000,2596.2000,2596.4000,2596.6000,2596.8000,1,1,6,3,1,7,1,1,1,2
SF,IH2003,2020-03-20 09:33:31.900,2595.4000,18449,0,1214529540.000,0,-,-,-,-,2593.6000,2593.2000,2593.0000,2592.8000,2592.6000,2595.6000,2595.8000,2596.2000,2596.4000,2596.6000,3,4,3,1,1,7,7,1,1,1
SF,IH2003,2020-03-20 09:33:32.400,2595.4000,18449,0,1214529540.000,0,-,-,-,-,2593.8000,2593.2000,2592.6000,2592.4000,2592.2000,2595.6000,2595.8000,2596.2000,2596.4000,2596.6000,1,4,1,2,3,5,7,1,1,1
SF,IH2003,2020-03-20 09:33:32.900,2593.8000,18448,-1,1215307680.000,1,0,1,双平,S,2594.0000,2593.2000,2592.6000,2592.4000,2592.2000,2595.6000,2595.8000,2596.2000,2596.4000,2596.6000,1,4,1,1,3,4,9,1,1,1
SF,IH2003,2020-03-20 09:33:33.400,2595.8000,18447,-1,1216086420.000,1,0,1,双平,S,2595.6000,2594.0000,2593.2000,2592.6000,2592.4000,2595.8000,2596.2000,2596.4000,2596.6000,2596.8000,4,1,4,1,1,8,1,1,1,2
SF,IH2003,2020-03-20 09:33:33.900,2595.8000,18440,-7,1223873580.000,10,1,9,多平,S,2593.2000,2592.6000,2592.4000,2592.2000,2591.0000,2593.8000,2595.8000,2596.0000,2596.2000,2596.4000,4,1,1,3,1,2,2,3,1,1
SF,IH2003,2020-03-20 09:33:34.400,2593.8000,18438,-2,1225429980.000,2,0,2,双平,S,2594.2000,2593.8000,2593.6000,2593.4000,2593.2000,2595.8000,2596.0000,2596.2000,2596.4000,2596.6000,1,4,1,5,4,2,3,1,1,1
SF,IH2003,2020-03-20 09:33:34.900,2593.8000,18438,0,1225429980.000,0,-,-,-,-,2593.8000,2593.4000,2593.2000,2592.2000,2591.0000,2595.8000,2596.0000,2596.2000,2596.4000,2596.6000,1,2,1,2,1,2,3,1,1,1
SF,IH2003,2020-03-20 09:33:35.400,2593.8000,18438,0,1225429980.000,0,-,-,-,-,2593.8000,2593.4000,2593.2000,2592.2000,2591.0000,2595.8000,2596.0000,2596.2000,2596.4000,2596.6000,1,2,1,2,1,2,3,1,1,1
SF,IH2003,2020-03-20 09:33:35.900,2595.6000,18436,-2,1226987340.000,2,0,2,双平,S,2593.8000,2593.4000,2593.2000,2592.2000,2591.0000,2595.8000,2596.0000,2596.2000,2596.4000,2596.6000,1,1,1,2,1,2,3,1,1,1
SF,IH2003,2020-03-20 09:33:36.400,2595.6000,18436,0,1226987340.000,0,-,-,-,-,2593.4000,2592.2000,2591.0000,2590.8000,2590.0000,2594.8000,2595.0000,2595.4000,2595.8000,2596.0000,1,2,1,1,1,1,1,1,2,3
SF,IH2003,2020-03-20 09:33:36.900,2594.8000,18435,-1,1227765780.000,1,0,1,双平,S,2593.4000,2592.2000,2591.0000,2590.8000,2590.0000,2595.0000,2595.4000,2595.8000,2596.0000,2596.2000,1,2,1,1,1,1,1,2,3,1
SF,IH2003,2020-03-20 09:33:37.400,2593.6000,18430,-5,1231656240.000,5,0,5,双平,S,2593.4000,2592.2000,2591.0000,2590.8000,2590.0000,2595.0000,2595.4000,2595.8000,2596.0000,2596.2000,1,2,1,1,1,1,1,2,3,1
SF,IH2003,2020-03-20 09:33:38.400,2593.6000,18430,0,1231656240.000,0,-,-,-,-,2593.6000,2593.4000,2592.2000,2591.0000,2590.8000,2595.0000,2595.4000,2595.8000,2596.0000,2596.2000,1,1,2,1,1,1,1,2,3,1
SF,IH2003,2020-03-20 09:33:38.900,2593.6000,18430,0,1231656240.000,0,-,-,-,-,2593.6000,2593.4000,2592.2000,2591.0000,2590.8000,2595.0000,2595.4000,2595.8000,2596.0000,2596.2000,4,1,2,1,1,2,1,2,3,1
SF,IH2003,2020-03-20 09:33:39.400,2593.6000,18430,0,1231656240.000,0,-,-,-,-,2594.4000,2593.8000,2593.6000,2593.4000,2592.2000,2594.8000,2595.0000,2595.4000,2595.8000,2596.0000,1,3,4,1,3,1,2,1,2,3
SF,IH2003,2020-03-20 09:33:39.900,2594.8000,18430,0,1233213120.000,2,1,1,多换,S,2594.4000,2593.8000,2593.6000,2593.4000,2592.2000,2595.0000,2595.4000,2595.8000,2596.0000,2596.2000,1,3,1,1,3,4,1,2,3,1
SF,IH2003,2020-03-20 09:33:40.400,2595.0000,18430,0,1235548620.000,3,1,2,多换,S,2594.8000,2594.4000,2593.6000,2593.4000,2592.2000,2595.0000,2595.4000,2595.8000,2596.0000,2596.2000,1,1,1,1,3,1,1,2,3,1
SF,IH2003,2020-03-20 09:33:40.900,2595.0000,18427,-3,1240219500.000,6,1,5,多平,S,2595.0000,2593.6000,2593.4000,2592.2000,2591.0000,2595.8000,2596.0000,2596.2000,2596.8000,2597.0000,1,1,1,3,1,2,3,1,1,1
SF,IH2003,2020-03-20 09:33:41.400,2595.8000,18427,0,1240998240.000,1,0,1,多换,S,2595.0000,2593.6000,2593.4000,2592.2000,2591.0000,2595.8000,2596.0000,2596.2000,2596.8000,2597.0000,2,1,1,3,1,3,3,1,1,1
SF,IH2003,2020-03-20 09:33:41.900,2595.0000,18419,-8,1248006960.000,9,0,9,多平,S,2595.8000,2595.0000,2593.6000,2593.4000,2592.2000,2596.8000,2597.2000,2597.4000,2598.6000,2599.8000,1,1,1,1,3,1,1,1,1,1
SF,IH2003,2020-03-20 09:33:42.400,2596.8000,18418,-1,1248786000.000,1,0,1,双平,S,2596.0000,2595.0000,2593.4000,2592.2000,2591.0000,2597.2000,2597.4000,2598.2000,2598.6000,2599.8000,2,2,1,3,1,1,1,1,1,1
SF,IH2003,2020-03-20 09:33:42.900,2596.0000,18414,-4,1251902040.000,4,0,4,双平,S,2596.0000,2595.0000,2593.4000,2592.2000,2591.0000,2598.2000,2598.6000,2599.8000,2600.0000,2601.4000,1,2,1,3,1,1,1,1,1,1
SF,IH2003,2020-03-20 09:33:43.400,2596.0000,18414,0,1251902040.000,0,-,-,-,-,2597.2000,2596.2000,2596.0000,2595.0000,2593.4000,2598.0000,2598.2000,2598.6000,2599.8000,2600.0000,1,1,1,2,1,1,3,1,1,1
SF,IH2003,2020-03-20 09:33:43.900,2596.2000,18412,-2,1253460060.000,2,0,2,双平,S,2596.0000,2595.0000,2593.4000,2592.2000,2591.0000,2597.0000,2598.6000,2599.8000,2600.0000,2601.4000,1,2,1,3,1,1,1,1,1,1
SF,IH2003,2020-03-20 09:33:44.400,2597.0000,18412,0,1254239160.000,1,0,1,多换,S,2597.0000,2596.0000,2595.0000,2592.2000,2591.0000,2598.6000,2599.8000,2600.0000,2601.4000,2601.8000,1,1,2,2,1,1,1,1,1,1
SF,IH2003,2020-03-20 09:33:44.900,2596.0000,18411,-1,1255017960.000,1,0,1,双平,S,2595.0000,2592.2000,2591.0000,2590.8000,2590.0000,2598.6000,2599.8000,2600.0000,2601.4000,2601.8000,2,2,1,1,1,1,1,1,1,1
SF,IH2003,2020-03-20 09:33:45.400,2596.0000,18408,-3,1257354360.000,3,0,3,双平,S,2595.4000,2595.2000,2595.0000,2592.2000,2591.0000,2598.0000,2598.4000,2598.6000,2599.8000,2600.0000,4,4,6,2,1,1,4,1,1,1
SF,IH2003,2020-03-20 09:33:45.900,2596.0000,18408,0,1257354360.000,0,-,-,-,-,2596.8000,2595.6000,2595.4000,2595.2000,2595.0000,2597.8000,2598.0000,2598.4000,2598.6000,2599.8000,1,3,1,5,3,3,2,1,1,1
SF,IH2003,2020-03-20 09:33:46.400,2596.0000,18408,0,1257354360.000,0,-,-,-,-,2597.0000,2595.8000,2595.6000,2595.4000,2595.2000,2597.8000,2598.0000,2598.6000,2599.2000,2599.8000,1,1,2,1,4,2,1,1,1,1
SF,IH2003,2020-03-20 09:33:46.900,2596.0000,18408,0,1257354360.000,0,-,-,-,-,2597.0000,2595.8000,2595.6000,2595.4000,2595.2000,2597.6000,2597.8000,2598.6000,2599.2000,2599.8000,1,1,1,1,3,1,2,1,1,1
SF,IH2003,2020-03-20 09:33:47.400,2596.0000,18408,0,1257354360.000,0,-,-,-,-,2597.0000,2595.8000,2595.6000,2595.2000,2595.0000,2597.6000,2597.8000,2598.6000,2599.2000,2599.8000,2,1,1,4,2,1,2,1,1,1
SF,IH2003,2020-03-20 09:33:47.900,2596.0000,18408,0,1257354360.000,0,-,-,-,-,2597.0000,2595.8000,2595.6000,2595.2000,2595.0000,2597.6000,2597.8000,2598.6000,2599.2000,2599.8000,2,1,1,4,2,1,2,1,1,1
SF,IH2003,2020-03-20 09:33:48.400,2597.0000,18405,-3,1259691840.000,3,0,3,双平,S,2597.4000,2595.8000,2595.6000,2595.2000,2595.0000,2597.8000,2598.6000,2599.2000,2599.8000,2600.0000,1,1,1,4,2,2,1,1,1,2
SF,IH2003,2020-03-20 09:33:48.900,2597.2000,18404,-1,1260471000.000,1,0,1,双平,S,2595.8000,2595.6000,2595.2000,2595.0000,2593.0000,2597.2000,2597.4000,2597.8000,2598.6000,2599.2000,1,1,3,2,1,2,4,2,1,1
SF,IH2003,2020-03-20 09:33:49.400,2597.0000,18396,-8,1269817680.000,12,2,10,多平,S,2597.2000,2595.2000,2595.0000,2593.0000,2592.2000,2597.4000,2599.2000,2599.8000,2600.0000,2601.4000,2,2,2,1,2,3,1,1,2,1
SF,IH2003,2020-03-20 09:33:49.900,2597.2000,18394,-2,1271376000.000,2,0,2,双平,S,2595.2000,2595.0000,2593.0000,2592.2000,2591.0000,2596.8000,2597.0000,2597.2000,2597.4000,2599.2000,2,2,1,2,1,1,7,7,3,1
SF,IH2003,2020-03-20 09:33:50.400,2595.2000,18391,-3,1273711680.000,3,0,3,双平,S,2595.2000,2595.0000,2593.0000,2592.2000,2591.0000,2596.6000,2597.0000,2597.2000,2597.4000,2599.2000,1,2,1,2,1,1,2,3,3,1
SF,IH2003,2020-03-20 09:33:50.900,2595.2000,18390,-1,1274490240.000,1,0,1,双平,S,2595.0000,2593.0000,2592.2000,2591.0000,2590.8000,2596.6000,2597.0000,2597.2000,2597.4000,2599.2000,2,1,2,1,1,1,2,3,3,1
SF,IH2003,2020-03-20 09:33:51.400,2595.0000,18388,-2,1276825800.000,3,0,3,多平,S,2593.0000,2592.2000,2591.0000,2590.8000,2590.0000,2594.8000,2595.2000,2596.6000,2597.0000,2597.2000,1,2,1,1,1,1,1,1,2,3
SF,IH2003,2020-03-20 09:33:51.900,2594.2000,18387,-1,1277604060.000,1,0,1,双平,S,2594.2000,2594.0000,2593.2000,2593.0000,2592.2000,2594.8000,2595.2000,2597.0000,2597.2000,2597.4000,2,1,2,1,2,1,1,1,1,3
SF,IH2003,2020-03-20 09:33:52.400,2594.2000,18387,0,1277604060.000,0,-,-,-,-,2594.2000,2594.0000,2593.2000,2593.0000,2592.2000,2594.8000,2595.2000,2597.0000,2597.2000,2597.4000,2,1,2,1,2,1,1,1,1,3
SF,IH2003,2020-03-20 09:33:52.900,2594.2000,18386,-1,1278382320.000,1,0,1,双平,S,2594.2000,2594.0000,2593.2000,2593.0000,2592.2000,2594.8000,2595.2000,2597.0000,2597.2000,2597.4000,1,1,1,1,2,1,1,1,1,3
SF,IH2003,2020-03-20 09:33:53.400,2594.0000,18384,-2,1279938780.000,2,0,2,双平,S,2593.2000,2593.0000,2592.2000,2591.0000,2590.8000,2594.2000,2594.4000,2594.8000,2595.2000,2597.0000,1,1,2,1,1,1,5,1,1,1
SF,IH2003,2020-03-20 09:33:53.900,2594.0000,18384,0,1279938780.000,0,-,-,-,-,2593.0000,2592.2000,2591.0000,2590.8000,2590.0000,2594.4000,2594.8000,2595.2000,2597.0000,2597.2000,1,2,1,1,1,5,1,1,1,1
SF,IH2003,2020-03-20 09:33:54.400,2594.0000,18384,0,1279938780.000,0,-,-,-,-,2593.8000,2593.0000,2592.2000,2591.0000,2590.8000,2594.2000,2594.4000,2594.8000,2595.2000,2597.0000,1,1,2,1,1,2,5,1,1,1
SF,IH2003,2020-03-20 09:33:54.900,2593.8000,18383,-1,1281495060.000,2,0,2,多平,S,2593.0000,2592.2000,2591.0000,2590.8000,2590.0000,2593.8000,2594.2000,2594.4000,2594.8000,2595.2000,1,2,1,1,1,2,4,5,1,1
SF,IH2003,2020-03-20 09:33:55.400,2593.8000,18383,0,1281495060.000,0,-,-,-,-,2593.2000,2593.0000,2592.2000,2591.0000,2590.8000,2594.2000,2594.4000,2594.8000,2595.2000,2597.0000,1,1,2,1,1,4,5,1,1,1
SF,IH2003,2020-03-20 09:33:55.900,2593.0000,18381,-2,1283050920.000,2,0,2,双平,S,2592.2000,2591.0000,2590.8000,2590.0000,2588.0000,2593.0000,2594.0000,2594.2000,2594.4000,2594.8000,2,1,1,1,7,1,1,4,5,1
SF,IH2003,2020-03-20 09:33:56.400,2592.2000,18380,-1,1283828580.000,1,0,1,双平,S,2592.2000,2591.0000,2590.8000,2590.0000,2588.0000,2594.0000,2594.2000,2594.4000,2594.8000,2595.2000,1,1,1,1,7,1,3,5,1,1
SF,IH2003,2020-03-20 09:33:56.900,2593.8000,18379,-1,1284606720.000,1,0,1,双平,S,2593.2000,2592.2000,2591.0000,2590.8000,2590.0000,2593.8000,2594.0000,2594.2000,2594.4000,2594.8000,1,1,1,1,1,1,1,3,5,1
SF,IH2003,2020-03-20 09:33:57.400,2593.8000,18377,-2,1286941200.000,3,0,3,多平,S,2593.2000,2592.2000,2591.0000,2590.8000,2590.0000,2594.2000,2594.4000,2594.8000,2595.2000,2595.4000,1,1,1,1,1,3,5,1,1,1
SF,IH2003,2020-03-20 09:33:57.900,2592.2000,18374,-3,1289274840.000,3,0,3,双平,S,2591.0000,2590.8000,2590.0000,2588.0000,2586.6000,2594.2000,2594.4000,2594.8000,2595.2000,2595.4000,1,1,1,7,1,3,5,1,1,1
SF,IH2003,2020-03-20 09:33:58.400,2592.2000,18374,0,1289274840.000,0,-,-,-,-,2592.8000,2591.6000,2591.4000,2591.2000,2591.0000,2593.6000,2594.0000,2594.2000,2594.4000,2594.8000,1,1,2,2,3,1,4,1,5,1
SF,IH2003,2020-03-20 09:33:58.900,2592.2000,18373,-1,1290052500.000,1,0,1,双平,S,2591.6000,2591.4000,2591.2000,2591.0000,2590.8000,2594.2000,2594.4000,2594.8000,2595.2000,2595.4000,1,2,2,2,1,1,5,1,1,1
SF,IH2003,2020-03-20 09:33:59.400,2592.2000,18373,0,1290052500.000,0,-,-,-,-,2591.8000,2591.6000,2591.4000,2591.2000,2591.0000,2593.6000,2594.0000,2594.2000,2594.4000,2594.8000,2,1,2,2,2,1,1,1,5,1
SF,IH2003,2020-03-20 09:33:59.900,2592.2000,18373,0,1290052500.000,0,-,-,-,-,2592.0000,2591.6000,2591.4000,2591.2000,2591.0000,2593.6000,2594.2000,2594.4000,2594.8000,2595.2000,1,1,2,2,1,1,1,5,1,1
SF,IH2003,2020-03-20 09:34:00.400,2592.2000,18373,0,1290052500.000,0,-,-,-,-,2592.0000,2591.6000,2591.4000,2591.2000,2591.0000,2593.6000,2594.2000,2594.4000,2594.8000,2595.2000,1,1,2,3,1,1,1,5,1,1
SF,IH2003,2020-03-20 09:34:00.900,2593.6000,18372,-1,1290830580.000,1,0,1,双平,S,2592.2000,2592.0000,2591.6000,2591.4000,2591.2000,2594.2000,2594.4000,2594.8000,2595.2000,2595.4000,1,1,1,2,3,1,5,1,1,1
SF,IH2003,2020-03-20 09:34:01.400,2593.6000,18372,0,1290830580.000,0,-,-,-,-,2592.4000,2592.2000,2591.6000,2591.4000,2591.2000,2593.8000,2594.0000,2594.2000,2594.4000,2594.8000,2,7,1,2,2,1,4,4,5,1
SF,IH2003,2020-03-20 09:34:01.900,2593.6000,18372,0,1290830580.000,0,-,-,-,-,2593.6000,2592.8000,2592.6000,2592.4000,2592.2000,2593.8000,2594.2000,2594.4000,2594.8000,2595.2000,1,1,2,1,6,1,1,5,1,1
SF,IH2003,2020-03-20 09:34:02.400,2594.2000,18370,-2,1293165120.000,3,0,3,多平,S,2594.0000,2593.8000,2593.6000,2592.6000,2592.2000,2594.4000,2594.8000,2595.2000,2595.4000,2595.8000,1,1,1,1,6,5,1,1,1,1
SF,IH2003,2020-03-20 09:34:02.900,2594.2000,18370,0,1293165120.000,0,-,-,-,-,2593.6000,2592.6000,2592.2000,2591.6000,2591.4000,2593.8000,2594.0000,2594.4000,2594.8000,2595.2000,1,1,6,1,1,4,1,5,1,1
SF,IH2003,2020-03-20 09:34:03.400,2593.8000,18368,-2,1297055820.000,5,1,4,多平,S,2594.2000,2593.8000,2593.6000,2592.8000,2592.6000,2594.4000,2594.8000,2595.2000,2595.4000,2595.8000,4,1,1,1,1,5,1,1,1,1
SF,IH2003,2020-03-20 09:34:03.900,2594.4000,18363,-5,1300947180.000,5,0,5,双平,S,2593.8000,2593.6000,2592.8000,2592.6000,2592.2000,2594.4000,2594.8000,2595.2000,2595.4000,2595.8000,1,1,2,1,6,4,1,1,1,1
SF,IH2003,2020-03-20 09:34:04.400,2593.8000,18363,0,1301725320.000,1,0,1,多换,S,2593.6000,2592.8000,2592.6000,2592.2000,2591.6000,2594.4000,2594.8000,2595.2000,2595.4000,2595.8000,1,2,1,6,1,4,1,1,1,1
SF,IH2003,2020-03-20 09:34:04.900,2593.6000,18363,0,1302503400.000,1,0,1,多换,S,2594.0000,2592.8000,2592.6000,2592.2000,2591.6000,2594.4000,2595.2000,2595.4000,2595.8000,2596.6000,1,2,1,6,1,4,1,1,1,1
SF,IH2003,2020-03-20 09:34:05.400,2593.8000,18360,-3,1304837880.000,3,0,3,双平,S,2592.8000,2592.6000,2592.2000,2591.6000,2591.4000,2594.0000,2594.4000,2595.2000,2595.4000,2595.8000,2,1,6,1,1,1,4,1,1,1
SF,IH2003,2020-03-20 09:34:05.900,2593.8000,18360,0,1304837880.000,0,-,-,-,-,2592.8000,2592.6000,2592.2000,2591.6000,2591.4000,2594.4000,2595.2000,2595.4000,2595.8000,2596.6000,2,1,6,1,1,4,1,1,1,2
SF,IH2003,2020-03-20 09:34:06.400,2594.0000,18359,-1,1305616080.000,1,0,1,双平,S,2593.0000,2592.8000,2592.6000,2592.2000,2591.6000,2594.4000,2595.2000,2595.4000,2595.8000,2596.6000,1,2,1,6,1,6,1,1,1,2
SF,IH2003,2020-03-20 09:34:06.900,2593.0000,18358,-1,1306393980.000,1,0,1,双平,S,2592.8000,2592.6000,2592.2000,2591.6000,2591.4000,2594.0000,2594.2000,2594.4000,2595.2000,2595.4000,2,1,6,1,1,1,3,6,1,1
SF,IH2003,2020-03-20 09:34:07.400,2593.0000,18358,0,1306393980.000,0,-,-,-,-,2592.8000,2592.6000,2591.6000,2591.4000,2591.2000,2593.8000,2594.0000,2594.2000,2594.4000,2595.2000,2,1,1,1,2,1,3,1,4,1
SF,IH2003,2020-03-20 09:34:07.900,2593.0000,18358,0,1306393980.000,0,-,-,-,-,2592.8000,2592.6000,2591.6000,2591.4000,2591.2000,2593.8000,2594.0000,2594.2000,2594.4000,2595.0000,2,1,1,1,2,3,1,1,4,3
SF,IH2003,2020-03-20 09:34:08.400,2592.8000,18357,-1,1307171820.000,1,0,1,双平,S,2592.8000,2591.6000,2591.4000,2591.2000,2591.0000,2593.8000,2594.0000,2594.2000,2594.4000,2595.0000,2,1,1,2,1,3,1,1,5,3
SF,IH2003,2020-03-20 09:34:08.900,2592.8000,18357,0,1307171820.000,0,-,-,-,-,2592.8000,2591.6000,2591.4000,2591.2000,2591.0000,2593.8000,2594.0000,2594.2000,2594.4000,2595.0000,2,1,1,2,1,6,1,1,5,3
SF,IH2003,2020-03-20 09:34:09.400,2592.6000,18354,-3,1309505280.000,3,0,3,双平,S,2591.6000,2591.4000,2591.2000,2591.0000,2590.8000,2592.6000,2592.8000,2593.6000,2593.8000,2594.0000,1,1,2,1,1,10,3,2,6,1
SF,IH2003,2020-03-20 09:34:09.900,2592.6000,18353,-1,1310283060.000,1,0,1,双平,S,2592.2000,2591.2000,2591.0000,2590.8000,2590.0000,2592.6000,2592.8000,2593.6000,2594.0000,2594.2000,1,2,1,1,3,5,1,1,1,1
SF,IH2003,2020-03-20 09:34:10.400,2592.2000,18351,-2,1311838380.000,2,0,2,双平,S,2591.2000,2591.0000,2590.8000,2590.0000,2588.0000,2592.0000,2592.2000,2592.4000,2592.6000,2592.8000,2,1,1,3,7,9,1,4,5,1
