市场代码,合约代码,时间,最新,持仓,增仓,成交额,成交量,开仓,平仓,成交类型,方向,买一价,买二价,买三价,买四价,买五价,卖一价,卖二价,卖三价,卖四价,卖五价,买一量,买二量,买三量,买四量,买五量,卖一量,卖二量,卖三量,卖四量,卖五量
SF,IH2103,2020-08-06 09:29:00.200,3259.4000,2140,0,0.000,0.000,-,-,-,-,3268.6000,3265.2000,3262.8000,3262.6000,3262.2000,3269.6000,3270.6000,3274.6000,3278.0000,3279.0000,1,1,1,4,1,1,1,1,1,1
SF,IH2103,2020-08-06 09:30:00.200,3259.4000,2140,0,0.000,0,-,-,-,-,3268.6000,3265.2000,3262.8000,3262.6000,3262.2000,3269.6000,3270.6000,3274.6000,3278.0000,3279.0000,1,1,1,4,1,1,1,1,1,1
SF,IH2103,2020-08-06 09:30:00.700,3269.6000,2140,0,980880.000,1,0,1,多换,S,3269.6000,3268.8000,3265.2000,3262.8000,3261.8000,3270.6000,3274.6000,3279.0000,3279.6000,3281.4000,1,4,1,1,1,1,1,1,1,1
SF,IH2103,2020-08-06 09:30:01.200,3270.6000,2140,0,1962060.000,1,0,1,多换,S,3270.0000,3269.8000,3269.6000,3269.0000,3268.8000,3274.6000,3279.0000,3279.6000,3281.4000,3335.2000,1,2,1,1,2,1,1,1,1,1
SF,IH2103,2020-08-06 09:30:01.700,3274.6000,2140,0,2944440.000,1,0,1,多换,S,3270.2000,3270.0000,3269.8000,3269.0000,3268.8000,3278.4000,3279.0000,3279.6000,3281.4000,3335.2000,2,2,1,1,2,1,1,1,1,1
SF,IH2103,2020-08-06 09:30:02.200,3274.6000,2140,0,2944440.000,0,-,-,-,-,3270.6000,3270.4000,3270.2000,3269.8000,3268.8000,3278.4000,3279.0000,3279.6000,3281.4000,3335.2000,2,1,4,1,2,1,1,1,1,1
SF,IH2103,2020-08-06 09:30:02.700,3274.6000,2140,0,2944440.000,0,-,-,-,-,3270.8000,3270.6000,3270.4000,3269.8000,3268.8000,3278.2000,3278.4000,3279.0000,3279.6000,3281.4000,3,3,1,1,2,1,1,1,1,1
SF,IH2103,2020-08-06 09:30:03.200,3278.0000,2141,1,3927840.000,1,1,0,双开,S,3271.2000,3270.8000,3270.4000,3269.8000,3265.2000,3278.2000,3278.4000,3279.0000,3279.6000,3281.4000,1,4,1,1,1,1,1,1,1,1
SF,IH2103,2020-08-06 09:30:03.700,3278.0000,2141,0,3927840.000,0,-,-,-,-,3271.4000,3271.2000,3270.8000,3270.4000,3269.8000,3278.0000,3278.2000,3278.4000,3279.0000,3279.6000,5,1,1,1,1,4,1,1,1,1
SF,IH2103,2020-08-06 09:30:04.200,3278.0000,2141,0,3927840.000,0,-,-,-,-,3271.4000,3270.8000,3270.4000,3269.8000,3265.2000,3277.6000,3278.4000,3279.0000,3279.6000,3335.2000,6,1,1,1,1,1,1,1,1,1
SF,IH2103,2020-08-06 09:30:04.700,3278.0000,2141,0,3927840.000,0,-,-,-,-,3271.4000,3270.8000,3270.4000,3265.2000,3260.0000,3277.6000,3278.4000,3279.0000,3279.6000,3335.2000,6,1,1,1,2,1,1,1,1,1
SF,IH2103,2020-08-06 09:30:05.200,3278.0000,2141,0,3927840.000,0,-,-,-,-,3271.4000,3270.8000,3270.4000,3265.2000,3232.0000,3277.4000,3277.6000,3278.4000,3279.0000,3279.6000,6,1,1,1,1,2,1,1,1,1
SF,IH2103,2020-08-06 09:30:05.700,3278.0000,2141,0,3927840.000,0,-,-,-,-,3271.4000,3270.8000,3270.4000,3265.2000,3232.0000,3277.2000,3277.4000,3278.4000,3279.0000,3279.6000,6,1,1,1,1,1,2,1,1,1
SF,IH2103,2020-08-06 09:30:06.200,3278.0000,2141,0,3927840.000,0,-,-,-,-,3271.4000,3270.8000,3270.4000,3265.2000,3232.0000,3276.6000,3277.0000,3277.2000,3277.4000,3278.4000,5,1,1,1,1,1,1,1,2,1
SF,IH2103,2020-08-06 09:30:06.700,3278.0000,2141,0,3927840.000,0,-,-,-,-,3271.4000,3270.8000,3270.4000,3265.2000,3232.0000,3276.4000,3277.0000,3277.4000,3278.4000,3279.0000,2,1,1,1,1,3,1,2,1,1
SF,IH2103,2020-08-06 09:30:07.200,3278.0000,2141,0,3927840.000,0,-,-,-,-,3271.4000,3270.8000,3270.4000,3265.2000,3232.0000,3276.4000,3277.0000,3277.4000,3278.4000,3279.0000,2,1,1,1,1,3,1,2,1,1
SF,IH2103,2020-08-06 09:30:07.700,3271.4000,2141,0,4909260.000,1,0,1,多换,S,3265.2000,3232.0000,3230.6000,3225.2000,3220.0000,3276.2000,3276.4000,3276.8000,3277.0000,3277.4000,1,1,2,2,1,1,3,1,1,2
SF,IH2103,2020-08-06 09:30:08.200,3276.0000,2142,1,5892060.000,1,1,0,双开,S,3267.0000,3265.6000,3265.4000,3265.2000,3232.0000,3276.0000,3276.2000,3276.4000,3276.8000,3277.0000,1,1,2,1,1,1,1,3,1,1
SF,IH2103,2020-08-06 09:30:08.700,3276.0000,2142,0,5892060.000,0,-,-,-,-,3267.2000,3265.4000,3265.2000,3232.0000,3230.6000,3275.6000,3275.8000,3276.0000,3276.4000,3277.0000,5,1,1,1,2,1,1,1,2,1
SF,IH2103,2020-08-06 09:30:09.200,3276.0000,2142,0,5892060.000,0,-,-,-,-,3267.2000,3265.4000,3265.2000,3232.0000,3230.6000,3275.2000,3275.4000,3275.6000,3276.0000,3276.4000,5,1,1,1,2,1,3,1,1,2
SF,IH2103,2020-08-06 09:30:09.700,3276.0000,2142,0,5892060.000,0,-,-,-,-,3267.2000,3265.4000,3265.2000,3232.0000,3230.6000,3274.8000,3275.0000,3275.4000,3276.0000,3276.4000,4,1,1,1,2,1,3,2,1,2
SF,IH2103,2020-08-06 09:30:10.200,3276.0000,2142,0,5892060.000,0,-,-,-,-,3267.2000,3265.4000,3265.2000,3232.0000,3230.6000,3274.6000,3274.8000,3275.0000,3275.4000,3276.0000,3,1,1,1,2,3,1,2,2,1
SF,IH2103,2020-08-06 09:30:10.700,3276.0000,2142,0,5892060.000,0,-,-,-,-,3267.2000,3265.4000,3265.2000,3232.0000,3230.6000,3274.2000,3274.4000,3274.6000,3275.0000,3275.4000,3,1,1,1,2,1,1,3,2,2
SF,IH2103,2020-08-06 09:30:11.200,3276.0000,2142,0,5892060.000,0,-,-,-,-,3267.2000,3265.4000,3265.2000,3232.0000,3230.6000,3274.0000,3274.2000,3274.4000,3274.6000,3275.0000,3,1,1,1,2,1,1,1,2,2
SF,IH2103,2020-08-06 09:30:11.700,3276.0000,2142,0,5892060.000,0,-,-,-,-,3267.2000,3265.4000,3265.2000,3232.0000,3230.6000,3273.6000,3274.0000,3274.6000,3275.0000,3275.4000,3,1,1,1,2,1,1,2,2,2
SF,IH2103,2020-08-06 09:30:12.200,3276.0000,2142,0,5892060.000,0,-,-,-,-,3267.2000,3265.4000,3265.2000,3232.0000,3230.6000,3273.4000,3273.6000,3278.4000,3279.0000,3279.6000,3,1,1,1,2,1,1,1,1,1
SF,IH2103,2020-08-06 09:30:12.700,3276.0000,2142,0,5892060.000,0,-,-,-,-,3268.8000,3267.2000,3265.4000,3265.2000,3232.0000,3273.4000,3273.6000,3278.4000,3279.0000,3279.6000,1,3,1,1,1,1,1,1,1,1
SF,IH2103,2020-08-06 09:30:13.200,3273.6000,2141,-1,7856160.000,2,0,2,多平,S,3269.0000,3268.8000,3267.2000,3265.2000,3232.0000,3278.4000,3279.0000,3279.6000,3335.2000,3351.2000,4,1,3,1,1,1,1,1,1,1
SF,IH2103,2020-08-06 09:30:13.700,3273.6000,2141,0,7856160.000,0,-,-,-,-,3269.0000,3268.8000,3267.2000,3265.2000,3232.0000,3278.2000,3278.4000,3279.0000,3279.6000,3335.2000,4,1,3,1,1,1,1,1,1,1
SF,IH2103,2020-08-06 09:30:14.200,3273.6000,2141,0,7856160.000,0,-,-,-,-,3269.2000,3269.0000,3268.8000,3267.2000,3265.2000,3278.4000,3279.0000,3279.6000,3335.2000,3351.2000,2,4,1,3,1,1,1,1,1,1
SF,IH2103,2020-08-06 09:30:14.700,3273.6000,2141,0,7856160.000,0,-,-,-,-,3270.6000,3269.4000,3269.2000,3269.0000,3265.2000,3278.4000,3279.0000,3279.6000,3335.2000,3351.2000,1,4,1,3,1,1,1,1,1,1
SF,IH2103,2020-08-06 09:30:15.200,3273.6000,2141,0,7856160.000,0,-,-,-,-,3271.0000,3270.8000,3270.6000,3269.4000,3269.0000,3278.4000,3279.0000,3279.6000,3335.2000,3351.2000,1,3,1,3,3,1,1,1,1,1
SF,IH2103,2020-08-06 09:30:15.700,3273.6000,2141,0,7856160.000,0,-,-,-,-,3271.2000,3271.0000,3270.8000,3270.6000,3269.4000,3278.4000,3279.0000,3279.6000,3335.2000,3351.2000,3,1,2,1,3,1,1,1,1,1
SF,IH2103,2020-08-06 09:30:16.200,3273.6000,2141,0,7856160.000,0,-,-,-,-,3271.6000,3271.2000,3270.8000,3270.6000,3269.4000,3278.4000,3279.0000,3279.6000,3335.2000,3351.2000,1,3,2,1,3,1,1,1,1,1
SF,IH2103,2020-08-06 09:30:16.700,3273.6000,2141,0,7856160.000,0,-,-,-,-,3271.8000,3271.6000,3271.2000,3270.8000,3270.6000,3278.4000,3279.0000,3279.6000,3315.0000,3335.2000,3,1,2,2,1,1,1,1,8,1
SF,IH2103,2020-08-06 09:30:17.200,3273.6000,2141,0,7856160.000,0,-,-,-,-,3272.2000,3271.8000,3271.2000,3270.8000,3270.6000,3278.4000,3279.0000,3279.6000,3315.0000,3335.2000,1,3,2,2,1,1,1,1,8,1
SF,IH2103,2020-08-06 09:30:17.700,3273.6000,2141,0,7856160.000,0,-,-,-,-,3272.4000,3272.2000,3271.8000,3271.2000,3270.8000,3278.4000,3279.0000,3279.6000,3315.0000,3335.2000,3,1,1,2,2,1,1,1,8,1
SF,IH2103,2020-08-06 09:30:18.200,3273.6000,2141,0,7856160.000,0,-,-,-,-,3272.8000,3272.4000,3271.8000,3271.2000,3270.8000,3278.4000,3279.0000,3279.6000,3315.0000,3335.2000,1,3,1,2,2,1,1,1,8,1
SF,IH2103,2020-08-06 09:30:18.700,3273.6000,2141,0,7856160.000,0,-,-,-,-,3273.0000,3272.8000,3272.4000,3271.8000,3271.2000,3278.4000,3279.0000,3279.6000,3315.0000,3335.2000,5,1,1,1,2,1,1,1,8,1
SF,IH2103,2020-08-06 09:30:19.200,3273.6000,2141,0,7856160.000,0,-,-,-,-,3273.4000,3273.0000,3272.4000,3271.8000,3271.2000,3278.4000,3279.0000,3279.6000,3315.0000,3335.2000,1,6,1,1,2,1,1,1,8,1
SF,IH2103,2020-08-06 09:30:19.700,3273.6000,2141,0,7856160.000,0,-,-,-,-,3273.6000,3273.4000,3273.0000,3272.4000,3271.8000,3278.2000,3278.4000,3279.0000,3279.6000,3315.0000,2,1,4,1,1,1,1,1,1,8
SF,IH2103,2020-08-06 09:30:20.200,3273.6000,2141,0,7856160.000,0,-,-,-,-,3274.0000,3273.6000,3273.0000,3272.4000,3271.8000,3278.4000,3279.0000,3279.6000,3315.0000,3335.2000,1,2,4,1,1,1,1,1,8,1
SF,IH2103,2020-08-06 09:30:20.700,3273.6000,2141,0,7856160.000,0,-,-,-,-,3274.2000,3274.0000,3273.6000,3273.0000,3272.4000,3278.4000,3279.0000,3279.6000,3315.0000,3335.2000,1,1,1,4,1,1,1,1,8,1
SF,IH2103,2020-08-06 09:30:21.200,3273.6000,2141,0,7856160.000,0,-,-,-,-,3274.4000,3274.2000,3273.6000,3273.0000,3272.4000,3278.4000,3279.0000,3279.6000,3315.0000,3335.2000,1,1,1,4,1,1,1,1,8,1
SF,IH2103,2020-08-06 09:30:21.700,3273.6000,2141,0,7856160.000,0,-,-,-,-,3274.6000,3274.4000,3273.6000,3273.0000,3269.2000,3278.4000,3279.0000,3279.6000,3315.0000,3335.2000,1,1,1,4,1,1,1,1,8,1
SF,IH2103,2020-08-06 09:30:22.200,3273.6000,2141,0,7856160.000,0,-,-,-,-,3274.8000,3274.6000,3273.6000,3273.0000,3269.2000,3278.4000,3279.0000,3279.6000,3315.0000,3335.2000,1,1,1,4,1,1,1,1,8,1
SF,IH2103,2020-08-06 09:30:22.700,3278.4000,2141,0,9823140.000,2,1,1,多换,S,3278.4000,3275.0000,3274.8000,3273.6000,3273.0000,3279.0000,3279.6000,3315.0000,3335.2000,3351.2000,2,1,1,1,4,1,1,8,1,1
SF,IH2103,2020-08-06 09:30:23.200,3278.4000,2141,0,17691300.000,8,4,4,多换,S,3275.0000,3274.8000,3273.6000,3273.0000,3269.2000,3278.8000,3279.0000,3279.6000,3315.0000,3335.2000,1,1,1,1,1,2,1,1,8,1
SF,IH2103,2020-08-06 09:30:23.700,3278.4000,2141,0,17691300.000,0,-,-,-,-,3275.4000,3275.0000,3273.6000,3269.2000,3265.2000,3278.4000,3278.8000,3279.0000,3279.6000,3315.0000,1,1,1,1,1,1,1,1,1,8
SF,IH2103,2020-08-06 09:30:24.200,3278.4000,2141,0,17691300.000,0,-,-,-,-,3275.4000,3273.6000,3269.2000,3265.2000,3235.0000,3278.2000,3278.8000,3279.0000,3279.6000,3315.0000,1,1,1,1,8,1,1,1,1,8
SF,IH2103,2020-08-06 09:30:24.700,3275.4000,2141,0,18673920.000,1,0,1,多换,S,3273.6000,3273.0000,3269.2000,3265.2000,3235.0000,3278.2000,3278.8000,3279.0000,3279.6000,3315.0000,1,1,1,1,8,1,1,1,1,8
SF,IH2103,2020-08-06 09:30:25.200,3275.4000,2141,0,18673920.000,0,-,-,-,-,3274.0000,3273.6000,3273.0000,3269.2000,3265.2000,3277.6000,3278.2000,3278.8000,3279.0000,3279.6000,1,1,1,1,1,1,1,1,1,1
SF,IH2103,2020-08-06 09:30:25.700,3278.2000,2141,0,19657380.000,1,0,1,多换,S,3273.0000,3269.2000,3265.2000,3235.0000,3232.0000,3279.0000,3279.6000,3315.0000,3335.2000,3351.2000,1,1,1,8,1,1,1,8,1,1
SF,IH2103,2020-08-06 09:30:26.200,3278.2000,2141,0,19657380.000,0,-,-,-,-,3273.2000,3273.0000,3269.2000,3265.2000,3235.0000,3279.0000,3279.6000,3315.0000,3335.2000,3351.2000,2,1,1,1,8,1,1,8,1,1
SF,IH2103,2020-08-06 09:30:26.700,3278.2000,2141,0,19657380.000,0,-,-,-,-,3273.2000,3273.0000,3269.2000,3265.2000,3235.0000,3277.8000,3279.0000,3279.6000,3315.0000,3335.2000,2,1,1,1,8,1,1,1,8,1
SF,IH2103,2020-08-06 09:30:27.200,3278.2000,2141,0,19657380.000,0,-,-,-,-,3273.2000,3273.0000,3269.2000,3265.2000,3235.0000,3279.0000,3279.6000,3315.0000,3335.2000,3351.2000,2,1,1,1,8,1,1,8,1,1
SF,IH2103,2020-08-06 09:30:27.700,3278.2000,2141,0,19657380.000,0,-,-,-,-,3273.4000,3273.2000,3273.0000,3269.2000,3265.2000,3279.0000,3279.6000,3315.0000,3335.2000,3351.2000,1,2,1,1,1,1,1,8,1,1
SF,IH2103,2020-08-06 09:30:28.200,3278.2000,2141,0,19657380.000,0,-,-,-,-,3273.8000,3273.6000,3273.0000,3269.2000,3265.2000,3279.0000,3279.6000,3315.0000,3335.2000,3351.2000,1,1,1,1,1,1,1,8,1,1
SF,IH2103,2020-08-06 09:30:28.700,3278.2000,2141,0,19657380.000,0,-,-,-,-,3274.0000,3273.8000,3273.0000,3269.2000,3265.2000,3279.0000,3279.6000,3315.0000,3335.2000,3351.2000,1,1,1,1,1,1,1,8,1,1
SF,IH2103,2020-08-06 09:30:29.200,3278.2000,2141,0,19657380.000,0,-,-,-,-,3274.4000,3274.0000,3273.0000,3269.2000,3265.2000,3279.0000,3279.6000,3315.0000,3335.2000,3351.2000,1,1,1,1,1,1,1,8,1,1
SF,IH2103,2020-08-06 09:30:29.700,3278.2000,2141,0,19657380.000,0,-,-,-,-,3274.6000,3274.4000,3273.0000,3269.2000,3265.2000,3279.0000,3279.6000,3315.0000,3335.2000,3351.2000,1,1,1,1,1,1,1,8,1,1
SF,IH2103,2020-08-06 09:30:30.200,3278.2000,2141,0,19657380.000,0,-,-,-,-,3275.0000,3274.6000,3273.0000,3269.2000,3265.2000,3279.0000,3279.6000,3315.0000,3335.2000,3351.2000,1,1,1,1,1,1,1,8,1,1
SF,IH2103,2020-08-06 09:30:31.700,3278.2000,2141,0,19657380.000,0,-,-,-,-,3275.0000,3274.6000,3273.0000,3265.2000,3235.0000,3279.0000,3279.6000,3315.0000,3335.2000,3351.2000,1,1,1,1,8,1,1,8,1,1
SF,IH2103,2020-08-06 09:30:32.700,3278.2000,2141,0,19657380.000,0,-,-,-,-,3275.0000,3274.6000,3273.0000,3265.2000,3235.0000,3279.0000,3279.6000,3281.6000,3315.0000,3335.2000,1,1,1,1,8,1,1,1,8,1
SF,IH2103,2020-08-06 09:30:34.700,3278.2000,2141,0,19657380.000,0,-,-,-,-,3275.0000,3274.6000,3273.0000,3265.2000,3235.0000,3279.0000,3279.6000,3281.6000,3315.0000,3335.2000,1,1,1,1,8,1,1,1,8,1
SF,IH2103,2020-08-06 09:30:39.700,3278.2000,2141,0,19657380.000,0,-,-,-,-,3275.0000,3274.6000,3273.0000,3265.2000,3235.0000,3279.0000,3279.6000,3281.6000,3315.0000,3333.0000,1,1,1,1,8,1,1,1,8,1
SF,IH2103,2020-08-06 09:30:40.200,3278.2000,2141,0,19657380.000,0,-,-,-,-,3275.0000,3274.6000,3265.2000,3235.0000,3232.0000,3279.0000,3279.6000,3281.6000,3315.0000,3333.0000,1,1,1,8,1,1,1,1,8,1
SF,IH2103,2020-08-06 09:30:43.200,3274.6000,2141,0,21622260.000,2,1,1,多换,S,3265.2000,3235.0000,3232.0000,3225.2000,3220.0000,3279.0000,3279.6000,3281.6000,3315.0000,3333.0000,1,8,1,2,1,1,1,1,8,1
SF,IH2103,2020-08-06 09:30:43.700,3274.6000,2141,0,21622260.000,0,-,-,-,-,3268.8000,3265.4000,3265.2000,3235.0000,3232.0000,3278.8000,3279.0000,3279.6000,3281.6000,3315.0000,1,3,1,8,1,1,1,1,1,8
SF,IH2103,2020-08-06 09:30:44.200,3274.6000,2141,0,21622260.000,0,-,-,-,-,3269.0000,3268.8000,3265.2000,3235.0000,3232.0000,3278.6000,3278.8000,3279.0000,3279.6000,3281.6000,3,1,1,8,1,1,1,1,1,1
SF,IH2103,2020-08-06 09:30:44.700,3274.6000,2141,0,21622260.000,0,-,-,-,-,3269.0000,3268.8000,3265.2000,3235.0000,3232.0000,3278.4000,3279.0000,3279.6000,3281.6000,3315.0000,3,1,1,8,1,2,1,1,1,8
SF,IH2103,2020-08-06 09:30:45.200,3274.6000,2141,0,21622260.000,0,-,-,-,-,3269.0000,3268.8000,3265.2000,3235.0000,3232.0000,3278.0000,3278.4000,3279.0000,3279.6000,3281.6000,3,1,1,8,1,1,2,1,1,1
SF,IH2103,2020-08-06 09:30:45.700,3274.6000,2141,0,21622260.000,0,-,-,-,-,3269.0000,3268.8000,3265.2000,3235.0000,3232.0000,3277.8000,3278.0000,3279.0000,3279.6000,3281.6000,3,1,1,8,1,2,1,1,1,1
SF,IH2103,2020-08-06 09:30:46.200,3274.6000,2141,0,21622260.000,0,-,-,-,-,3269.0000,3268.8000,3265.2000,3235.0000,3232.0000,3277.8000,3278.0000,3279.0000,3279.6000,3281.6000,3,1,1,8,1,2,1,1,1,1
SF,IH2103,2020-08-06 09:30:46.700,3274.6000,2141,0,21622260.000,0,-,-,-,-,3269.0000,3265.2000,3235.0000,3232.0000,3225.2000,3277.6000,3277.8000,3278.0000,3279.0000,3279.6000,3,1,8,1,2,1,2,1,1,1
SF,IH2103,2020-08-06 09:30:47.200,3274.6000,2141,0,21622260.000,0,-,-,-,-,3269.0000,3265.2000,3235.0000,3232.0000,3225.2000,3277.4000,3277.6000,3279.0000,3279.6000,3281.6000,3,1,8,1,2,2,2,1,1,1
SF,IH2103,2020-08-06 09:30:47.700,3274.6000,2141,0,21622260.000,0,-,-,-,-,3269.0000,3265.2000,3235.0000,3232.0000,3225.2000,3277.0000,3277.4000,3277.6000,3279.0000,3279.6000,3,1,8,1,2,1,2,1,1,1
SF,IH2103,2020-08-06 09:30:48.200,3274.6000,2141,0,21622260.000,0,-,-,-,-,3269.0000,3265.2000,3235.0000,3232.0000,3225.2000,3276.8000,3277.0000,3277.6000,3279.0000,3279.6000,3,1,8,1,2,3,1,1,1,1
SF,IH2103,2020-08-06 09:30:48.700,3274.6000,2141,0,21622260.000,0,-,-,-,-,3269.0000,3265.2000,3235.0000,3232.0000,3225.2000,3276.0000,3276.4000,3276.8000,3277.6000,3279.0000,3,1,8,1,2,1,1,3,1,1
SF,IH2103,2020-08-06 09:30:49.200,3274.6000,2141,0,21622260.000,0,-,-,-,-,3265.2000,3235.0000,3232.0000,3225.2000,3220.0000,3275.6000,3275.8000,3276.6000,3279.0000,3279.6000,1,8,1,2,1,2,2,1,1,1
SF,IH2103,2020-08-06 09:30:49.700,3274.6000,2141,0,21622260.000,0,-,-,-,-,3265.4000,3265.2000,3235.0000,3232.0000,3225.2000,3275.4000,3275.6000,3279.0000,3279.6000,3281.6000,1,1,8,1,2,2,2,1,1,1
SF,IH2103,2020-08-06 09:30:50.200,3274.6000,2141,0,21622260.000,0,-,-,-,-,3265.4000,3265.2000,3235.0000,3232.0000,3225.2000,3275.0000,3275.4000,3279.0000,3279.6000,3281.6000,1,1,8,1,2,3,2,1,1,1
SF,IH2103,2020-08-06 09:30:50.700,3274.8000,2145,4,25552020.000,4,4,0,双开,S,3265.6000,3265.4000,3265.2000,3235.0000,3232.0000,3274.8000,3275.0000,3279.0000,3279.6000,3281.6000,1,1,1,8,1,1,2,1,1,1
SF,IH2103,2020-08-06 09:30:51.200,3274.8000,2145,0,25552020.000,0,-,-,-,-,3265.8000,3265.6000,3265.4000,3265.2000,3235.0000,3274.4000,3274.8000,3279.0000,3279.6000,3281.6000,3,1,1,1,8,2,1,1,1,1
SF,IH2103,2020-08-06 09:30:51.700,3274.8000,2145,0,25552020.000,0,-,-,-,-,3266.0000,3265.8000,3265.4000,3265.2000,3235.0000,3274.0000,3274.2000,3274.4000,3279.0000,3279.6000,1,3,1,1,8,1,1,2,1,1
SF,IH2103,2020-08-06 09:30:52.200,3274.8000,2145,0,25552020.000,0,-,-,-,-,3266.2000,3266.0000,3265.8000,3265.4000,3265.2000,3273.6000,3279.0000,3279.6000,3281.6000,3315.0000,3,1,3,1,1,2,1,1,1,8
SF,IH2103,2020-08-06 09:30:52.700,3274.8000,2145,0,25552020.000,0,-,-,-,-,3266.2000,3265.8000,3265.4000,3265.2000,3235.0000,3273.4000,3273.6000,3279.0000,3279.6000,3281.6000,3,3,1,1,8,2,2,1,1,1
SF,IH2103,2020-08-06 09:30:53.200,3274.8000,2145,0,25552020.000,0,-,-,-,-,3266.2000,3265.8000,3265.4000,3265.2000,3235.0000,3273.0000,3273.4000,3273.6000,3279.0000,3279.6000,3,3,1,1,8,1,2,1,1,1
SF,IH2103,2020-08-06 09:30:53.700,3274.8000,2145,0,25552020.000,0,-,-,-,-,3266.2000,3265.8000,3265.4000,3265.2000,3235.0000,3272.8000,3273.0000,3273.6000,3274.0000,3279.0000,3,3,1,1,8,1,1,1,1,1
SF,IH2103,2020-08-06 09:30:54.200,3274.8000,2145,0,25552020.000,0,-,-,-,-,3266.2000,3265.8000,3265.4000,3265.2000,3235.0000,3272.4000,3272.8000,3273.6000,3274.0000,3279.0000,3,3,1,1,8,1,2,1,1,1
SF,IH2103,2020-08-06 09:30:54.700,3274.8000,2145,0,25552020.000,0,-,-,-,-,3266.2000,3265.8000,3265.4000,3265.2000,3235.0000,3272.2000,3272.4000,3273.6000,3274.0000,3279.0000,3,3,1,1,8,1,1,1,1,1
SF,IH2103,2020-08-06 09:30:55.200,3274.8000,2145,0,25552020.000,0,-,-,-,-,3266.2000,3265.8000,3265.4000,3265.2000,3235.0000,3271.8000,3272.2000,3273.6000,3274.0000,3279.0000,3,3,1,1,8,1,1,1,1,1
SF,IH2103,2020-08-06 09:30:55.700,3274.8000,2145,0,25552020.000,0,-,-,-,-,3266.2000,3265.8000,3265.4000,3265.2000,3235.0000,3271.6000,3271.8000,3273.6000,3274.0000,3279.0000,3,3,1,1,8,1,1,1,1,1
SF,IH2103,2020-08-06 09:30:56.200,3274.8000,2145,0,25552020.000,0,-,-,-,-,3266.2000,3265.8000,3265.4000,3265.2000,3235.0000,3271.2000,3271.6000,3273.6000,3274.0000,3279.0000,3,3,1,1,8,1,1,1,1,1
SF,IH2103,2020-08-06 09:30:56.700,3274.8000,2145,0,25552020.000,0,-,-,-,-,3266.4000,3266.2000,3265.8000,3265.4000,3265.2000,3271.2000,3273.6000,3274.0000,3279.0000,3279.6000,1,3,3,1,1,1,1,1,1,1
SF,IH2103,2020-08-06 09:30:57.200,3274.8000,2145,0,25552020.000,0,-,-,-,-,3266.6000,3266.4000,3266.2000,3265.8000,3265.4000,3271.2000,3273.6000,3274.0000,3279.0000,3279.6000,3,1,3,3,1,1,1,1,1,1
SF,IH2103,2020-08-06 09:30:57.700,3271.2000,2146,1,26533380.000,1,1,0,双开,S,3271.2000,3266.8000,3266.6000,3266.2000,3265.8000,3273.6000,3274.0000,3279.0000,3279.6000,3281.6000,3,1,3,3,3,1,1,1,1,1
SF,IH2103,2020-08-06 09:30:58.200,3271.2000,2146,0,26533380.000,0,-,-,-,-,3271.2000,3266.8000,3265.2000,3235.0000,3232.0000,3273.6000,3279.0000,3279.6000,3281.6000,3315.0000,3,1,1,8,1,1,1,1,1,8
SF,IH2103,2020-08-06 09:30:58.700,3273.4000,2150,4,30461460.000,4,4,0,双开,S,3271.2000,3266.8000,3265.2000,3235.0000,3232.0000,3273.6000,3279.0000,3279.6000,3281.6000,3315.0000,3,1,1,8,1,1,1,1,1,8
SF,IH2103,2020-08-06 09:30:59.200,3273.6000,2151,1,31443540.000,1,1,0,双开,S,3271.2000,3266.8000,3265.2000,3235.0000,3232.0000,3279.0000,3279.6000,3281.6000,3315.0000,3333.0000,3,1,1,8,1,1,1,1,8,1
SF,IH2103,2020-08-06 09:30:59.700,3273.6000,2151,0,31443540.000,0,-,-,-,-,3271.4000,3271.2000,3265.2000,3235.0000,3232.0000,3278.0000,3279.0000,3279.6000,3281.6000,3315.0000,1,3,1,8,1,1,1,1,1,8
SF,IH2103,2020-08-06 09:31:00.700,3278.0000,2151,0,32426940.000,1,0,1,多换,S,3278.0000,3271.4000,3271.2000,3265.2000,3235.0000,3279.0000,3279.6000,3281.6000,3315.0000,3333.0000,3,1,3,1,8,1,1,1,8,1
SF,IH2103,2020-08-06 09:31:01.200,3278.0000,2153,2,35377140.000,3,2,1,空开,S,3271.4000,3271.2000,3265.2000,3235.0000,3232.0000,3278.0000,3278.8000,3279.0000,3279.6000,3281.6000,1,3,1,8,1,6,2,1,1,1
SF,IH2103,2020-08-06 09:31:01.700,3278.0000,2153,0,35377140.000,0,-,-,-,-,3271.6000,3271.4000,3271.2000,3265.2000,3235.0000,3277.4000,3277.8000,3278.8000,3279.0000,3279.6000,1,1,3,1,8,1,1,2,1,1
SF,IH2103,2020-08-06 09:31:02.200,3278.0000,2153,0,35377140.000,0,-,-,-,-,3271.6000,3271.2000,3265.2000,3235.0000,3232.0000,3276.8000,3277.2000,3277.4000,3278.8000,3279.0000,1,3,1,8,1,1,2,1,2,1
SF,IH2103,2020-08-06 09:31:02.700,3278.0000,2153,0,35377140.000,0,-,-,-,-,3271.6000,3271.2000,3265.2000,3235.0000,3232.0000,3274.8000,3276.6000,3277.0000,3277.4000,3278.8000,1,3,1,8,1,1,2,1,1,2
SF,IH2103,2020-08-06 09:31:03.200,3274.8000,2153,0,37342020.000,2,1,1,多换,S,3274.8000,3271.6000,3271.2000,3265.2000,3235.0000,3276.6000,3276.8000,3277.0000,3277.4000,3277.6000,2,1,3,1,8,1,1,1,1,1
SF,IH2103,2020-08-06 09:31:03.700,3274.8000,2155,2,39306900.000,2,2,0,双开,S,3271.2000,3265.2000,3235.0000,3232.0000,3220.0000,3276.8000,3277.0000,3277.4000,3277.6000,3278.8000,3,1,8,1,1,1,1,1,1,2
SF,IH2103,2020-08-06 09:31:04.200,3274.8000,2155,0,39306900.000,0,-,-,-,-,3271.4000,3271.2000,3265.2000,3235.0000,3232.0000,3276.0000,3276.6000,3276.8000,3278.8000,3279.0000,1,3,1,8,1,1,2,1,2,1
SF,IH2103,2020-08-06 09:31:04.700,3274.8000,2155,0,39306900.000,0,-,-,-,-,3271.4000,3271.2000,3265.2000,3235.0000,3232.0000,3275.8000,3276.0000,3276.8000,3279.0000,3279.6000,1,3,1,8,1,2,1,1,1,1
SF,IH2103,2020-08-06 09:31:05.700,3275.8000,2156,1,41272380.000,2,1,1,空开,S,3275.8000,3271.4000,3271.2000,3265.2000,3235.0000,3276.0000,3276.8000,3279.0000,3279.6000,3281.6000,2,1,3,1,8,1,1,1,1,1
SF,IH2103,2020-08-06 09:31:06.200,3275.8000,2158,2,43237860.000,2,2,0,双开,S,3271.4000,3271.2000,3265.2000,3235.0000,3232.0000,3275.4000,3275.8000,3276.0000,3279.0000,3279.6000,1,3,1,8,1,1,2,1,1,1
SF,IH2103,2020-08-06 09:31:06.700,3275.8000,2158,0,43237860.000,0,-,-,-,-,3271.4000,3271.2000,3265.2000,3235.0000,3232.0000,3275.4000,3279.0000,3279.6000,3281.6000,3315.0000,1,3,1,8,1,2,1,1,1,8
SF,IH2103,2020-08-06 09:31:07.200,3275.8000,2158,0,43237860.000,0,-,-,-,-,3271.4000,3271.2000,3265.2000,3235.0000,3232.0000,3275.4000,3275.6000,3275.8000,3279.0000,3279.6000,1,3,1,8,1,1,1,1,1,1
SF,IH2103,2020-08-06 09:31:07.700,3275.4000,2158,0,44220480.000,1,0,1,多换,S,3271.4000,3271.2000,3265.2000,3235.0000,3232.0000,3275.8000,3279.0000,3279.6000,3281.6000,3315.0000,1,3,1,8,1,1,1,1,1,8
SF,IH2103,2020-08-06 09:31:08.200,3275.4000,2158,0,44220480.000,0,-,-,-,-,3271.4000,3271.2000,3265.2000,3235.0000,3232.0000,3275.6000,3275.8000,3279.0000,3279.6000,3281.6000,1,3,1,8,1,1,1,1,1,1
SF,IH2103,2020-08-06 09:31:08.700,3275.6000,2159,1,45203160.000,1,1,0,双开,S,3275.6000,3271.4000,3271.2000,3265.2000,3235.0000,3279.0000,3279.6000,3281.6000,3315.0000,3333.0000,3,1,3,1,8,1,1,1,8,1
SF,IH2103,2020-08-06 09:31:09.200,3275.6000,2159,0,46185840.000,1,0,1,多换,S,3275.6000,3271.4000,3271.2000,3265.2000,3235.0000,3278.8000,3279.0000,3279.6000,3281.6000,3315.0000,2,1,3,1,8,1,1,1,1,8
SF,IH2103,2020-08-06 09:31:09.700,3275.6000,2158,-1,47168520.000,1,0,1,双平,S,3275.6000,3271.2000,3265.2000,3235.0000,3232.0000,3278.0000,3279.0000,3279.6000,3281.6000,3315.0000,2,3,1,8,1,1,1,1,1,8
SF,IH2103,2020-08-06 09:31:10.200,3275.6000,2158,0,47168520.000,0,-,-,-,-,3275.8000,3275.6000,3271.2000,3265.2000,3235.0000,3278.0000,3279.0000,3279.6000,3281.6000,3315.0000,1,2,3,1,8,1,1,1,1,8
SF,IH2103,2020-08-06 09:31:10.700,3275.6000,2158,0,47168520.000,0,-,-,-,-,3275.8000,3275.6000,3271.2000,3265.2000,3235.0000,3279.0000,3279.6000,3281.6000,3315.0000,3333.0000,1,2,3,1,8,1,1,1,8,1
SF,IH2103,2020-08-06 09:31:11.700,3279.0000,2158,0,48152220.000,1,0,1,多换,S,3279.0000,3275.8000,3275.6000,3271.2000,3265.2000,3279.6000,3280.8000,3281.6000,3315.0000,3333.0000,3,1,2,3,1,1,1,1,8,1
SF,IH2103,2020-08-06 09:31:12.200,3279.0000,2158,0,51103320.000,3,1,2,多换,S,3275.6000,3271.2000,3265.2000,3235.0000,3232.0000,3279.0000,3279.4000,3279.6000,3280.8000,3281.6000,2,3,1,8,1,7,1,1,1,1
SF,IH2103,2020-08-06 09:31:12.700,3279.0000,2158,0,51103320.000,0,-,-,-,-,3275.8000,3275.6000,3271.2000,3265.2000,3235.0000,3278.8000,3279.0000,3279.4000,3279.6000,3280.8000,1,2,3,1,8,1,5,1,1,1
SF,IH2103,2020-08-06 09:31:13.200,3279.0000,2158,0,51103320.000,0,-,-,-,-,3275.8000,3275.6000,3271.2000,3265.2000,3235.0000,3278.8000,3279.0000,3279.4000,3279.6000,3280.8000,1,2,3,1,8,2,3,1,1,1
SF,IH2103,2020-08-06 09:31:13.700,3279.0000,2158,0,51103320.000,0,-,-,-,-,3275.8000,3275.6000,3271.2000,3265.2000,3235.0000,3278.8000,3279.0000,3279.4000,3279.6000,3280.8000,1,2,3,1,8,2,3,1,1,1
SF,IH2103,2020-08-06 09:31:14.700,3279.0000,2158,0,51103320.000,0,-,-,-,-,3275.8000,3275.6000,3271.2000,3265.2000,3235.0000,3278.6000,3278.8000,3279.0000,3279.4000,3279.6000,1,2,3,1,8,1,1,3,1,1
SF,IH2103,2020-08-06 09:31:15.200,3279.0000,2158,0,51103320.000,0,-,-,-,-,3275.8000,3275.6000,3271.2000,3265.2000,3235.0000,3277.8000,3278.6000,3278.8000,3279.0000,3279.4000,1,2,3,1,8,1,2,1,3,1
SF,IH2103,2020-08-06 09:31:15.700,3279.0000,2158,0,51103320.000,0,-,-,-,-,3275.8000,3275.6000,3271.2000,3265.2000,3235.0000,3277.8000,3278.6000,3278.8000,3279.0000,3279.6000,1,2,3,1,8,1,2,1,3,1
SF,IH2103,2020-08-06 09:31:16.200,3277.8000,2159,1,52086660.000,1,1,0,双开,S,3277.8000,3275.8000,3275.6000,3271.2000,3265.2000,3278.6000,3279.0000,3279.6000,3280.8000,3281.0000,3,1,2,3,1,2,3,1,1,1
SF,IH2103,2020-08-06 09:31:16.700,3277.8000,2160,1,55036680.000,3,2,1,空开,S,3275.8000,3275.6000,3271.2000,3265.2000,3235.0000,3277.8000,3278.6000,3279.0000,3279.6000,3280.8000,1,2,3,1,8,1,1,2,1,1
SF,IH2103,2020-08-06 09:31:17.200,3277.8000,2160,0,56020020.000,1,0,1,多换,S,3275.8000,3275.6000,3271.2000,3265.2000,3235.0000,3279.0000,3279.6000,3280.8000,3281.6000,3315.0000,1,2,3,1,8,2,1,1,1,8
SF,IH2103,2020-08-06 09:31:17.700,3277.8000,2160,0,56020020.000,0,-,-,-,-,3275.8000,3275.6000,3271.2000,3265.2000,3235.0000,3279.0000,3279.6000,3280.8000,3281.6000,3315.0000,1,2,3,1,8,2,1,1,1,8
SF,IH2103,2020-08-06 09:31:18.200,3277.8000,2160,0,56020020.000,0,-,-,-,-,3275.8000,3275.6000,3271.2000,3265.2000,3235.0000,3279.0000,3279.6000,3281.6000,3315.0000,3333.0000,1,2,3,1,8,2,1,1,8,1
SF,IH2103,2020-08-06 09:31:18.700,3277.8000,2160,0,56020020.000,0,-,-,-,-,3275.8000,3275.6000,3271.2000,3265.2000,3235.0000,3279.0000,3279.6000,3281.6000,3315.0000,3333.0000,1,2,3,1,8,2,1,1,8,1
SF,IH2103,2020-08-06 09:31:19.200,3277.8000,2160,0,56020020.000,0,-,-,-,-,3275.8000,3275.6000,3271.2000,3265.2000,3235.0000,3279.0000,3279.6000,3281.6000,3315.0000,3333.0000,1,2,3,1,8,2,1,1,8,1
SF,IH2103,2020-08-06 09:31:19.700,3279.0000,2161,1,57987420.000,2,1,1,空开,S,3279.0000,3275.8000,3275.6000,3271.2000,3265.2000,3279.6000,3281.6000,3282.4000,3315.0000,3333.0000,4,1,2,3,1,1,1,1,8,1
SF,IH2103,2020-08-06 09:31:20.200,3279.2000,2162,1,59955060.000,2,1,1,空开,S,3279.0000,3275.8000,3275.6000,3271.2000,3265.2000,3279.6000,3281.6000,3282.4000,3315.0000,3333.0000,4,1,2,3,1,1,1,1,8,1
SF,IH2103,2020-08-06 09:31:20.700,3279.2000,2163,1,62906460.000,3,2,1,空开,S,3279.0000,3275.8000,3275.6000,3271.2000,3265.2000,3281.6000,3282.4000,3315.0000,3333.0000,3351.2000,4,1,2,3,1,1,1,8,1,1
SF,IH2103,2020-08-06 09:31:21.200,3279.2000,2163,0,62906460.000,0,-,-,-,-,3279.2000,3279.0000,3275.6000,3271.2000,3265.2000,3281.6000,3282.4000,3315.0000,3333.0000,3351.2000,1,4,2,3,1,1,1,8,1,1
SF,IH2103,2020-08-06 09:31:21.700,3281.6000,2162,-1,69793500.000,7,3,4,多平,S,3281.6000,3279.0000,3275.6000,3271.2000,3265.2000,3284.2000,3315.0000,3333.0000,3351.2000,3374.0000,3,4,2,3,1,1,8,1,1,4
SF,IH2103,2020-08-06 09:31:22.200,3281.6000,2164,2,72746940.000,3,2,1,空开,S,3279.0000,3275.6000,3271.2000,3265.2000,3235.0000,3281.4000,3281.6000,3284.0000,3284.2000,3315.0000,4,2,3,1,8,1,3,5,1,8
SF,IH2103,2020-08-06 09:31:22.700,3279.0000,2165,1,73730640.000,1,1,0,双开,S,3279.0000,3275.6000,3271.2000,3265.2000,3235.0000,3279.8000,3281.2000,3281.4000,3281.6000,3284.0000,3,2,3,1,8,1,1,1,2,4
SF,IH2103,2020-08-06 09:31:23.200,3279.0000,2167,2,76681740.000,3,2,1,空开,S,3275.6000,3271.2000,3265.2000,3235.0000,3232.0000,3279.2000,3279.4000,3279.6000,3281.0000,3281.4000,2,3,1,8,1,1,1,1,1,1
SF,IH2103,2020-08-06 09:31:23.700,3279.0000,2167,0,76681740.000,0,-,-,-,-,3275.8000,3275.6000,3271.2000,3265.2000,3235.0000,3279.0000,3279.2000,3281.0000,3281.2000,3281.4000,1,2,3,1,8,1,1,1,1,1
SF,IH2103,2020-08-06 09:31:24.200,3279.0000,2167,0,76681740.000,0,-,-,-,-,3275.8000,3275.6000,3271.2000,3265.2000,3235.0000,3279.0000,3279.2000,3281.0000,3281.2000,3281.4000,1,2,3,1,8,1,1,1,1,1
SF,IH2103,2020-08-06 09:31:24.700,3279.0000,2167,0,76681740.000,0,-,-,-,-,3275.8000,3275.6000,3271.2000,3265.2000,3235.0000,3279.0000,3279.2000,3280.8000,3281.0000,3281.2000,1,2,3,1,8,1,1,2,1,1
SF,IH2103,2020-08-06 09:31:25.200,3279.0000,2167,0,76681740.000,0,-,-,-,-,3275.8000,3275.6000,3271.2000,3265.2000,3235.0000,3279.0000,3279.2000,3280.8000,3281.0000,3281.2000,1,2,3,1,8,1,1,2,1,1
SF,IH2103,2020-08-06 09:31:25.700,3279.0000,2171,4,80616540.000,4,4,0,双开,S,3275.8000,3275.6000,3271.2000,3265.2000,3235.0000,3278.6000,3278.8000,3279.0000,3279.2000,3280.8000,1,2,3,1,8,1,1,1,1,2
SF,IH2103,2020-08-06 09:31:26.200,3279.0000,2171,0,80616540.000,0,-,-,-,-,3275.8000,3275.6000,3271.2000,3265.2000,3235.0000,3278.4000,3278.6000,3278.8000,3279.2000,3280.8000,1,2,3,1,8,1,1,1,1,2
SF,IH2103,2020-08-06 09:31:26.700,3279.0000,2171,0,80616540.000,0,-,-,-,-,3275.6000,3271.2000,3265.2000,3235.0000,3232.0000,3278.4000,3278.6000,3278.8000,3279.2000,3280.8000,2,3,1,8,1,1,1,1,1,2
SF,IH2103,2020-08-06 09:31:27.200,3279.0000,2171,0,80616540.000,0,-,-,-,-,3275.6000,3271.2000,3265.2000,3235.0000,3232.0000,3278.4000,3278.6000,3278.8000,3279.2000,3280.8000,2,3,1,8,1,1,1,1,1,2
SF,IH2103,2020-08-06 09:31:27.700,3279.0000,2171,0,80616540.000,0,-,-,-,-,3275.6000,3271.2000,3265.2000,3235.0000,3232.0000,3278.0000,3278.4000,3278.6000,3278.8000,3279.2000,2,3,1,8,1,1,1,1,1,1
SF,IH2103,2020-08-06 09:31:28.200,3279.0000,2171,0,80616540.000,0,-,-,-,-,3275.6000,3271.2000,3265.2000,3235.0000,3232.0000,3278.4000,3278.6000,3278.8000,3279.2000,3280.8000,2,3,1,8,1,1,1,1,1,2
SF,IH2103,2020-08-06 09:31:28.700,3279.0000,2171,0,80616540.000,0,-,-,-,-,3275.6000,3271.2000,3265.2000,3235.0000,3232.0000,3278.4000,3278.6000,3278.8000,3279.2000,3280.8000,2,3,1,8,1,1,1,2,1,2
SF,IH2103,2020-08-06 09:31:29.200,3279.0000,2171,0,80616540.000,0,-,-,-,-,3275.6000,3271.2000,3265.2000,3235.0000,3232.0000,3278.4000,3278.6000,3278.8000,3279.2000,3280.8000,2,3,1,8,1,1,1,2,1,2
SF,IH2103,2020-08-06 09:31:29.700,3279.0000,2171,0,80616540.000,0,-,-,-,-,3275.6000,3271.2000,3265.2000,3235.0000,3232.0000,3278.2000,3278.4000,3278.6000,3278.8000,3279.2000,2,3,1,8,1,1,1,1,1,1
SF,IH2103,2020-08-06 09:31:30.200,3279.0000,2171,0,80616540.000,0,-,-,-,-,3275.6000,3271.2000,3265.2000,3235.0000,3232.0000,3278.0000,3278.2000,3278.6000,3278.8000,3279.2000,2,3,1,8,1,1,1,1,1,1
SF,IH2103,2020-08-06 09:31:30.700,3275.6000,2173,2,82581900.000,2,2,0,双开,S,3271.2000,3265.2000,3235.0000,3232.0000,3220.0000,3278.0000,3278.2000,3278.8000,3279.2000,3280.8000,3,1,8,1,1,2,1,1,1,2
SF,IH2103,2020-08-06 09:31:31.200,3277.8000,2177,4,86515260.000,4,4,0,双开,S,3271.4000,3271.2000,3265.2000,3235.0000,3232.0000,3278.0000,3278.2000,3278.8000,3279.2000,3280.8000,2,3,1,8,1,2,1,1,1,2
SF,IH2103,2020-08-06 09:31:31.700,3277.8000,2177,0,86515260.000,0,-,-,-,-,3271.4000,3271.2000,3265.2000,3235.0000,3232.0000,3277.8000,3278.0000,3278.2000,3278.8000,3279.2000,2,3,1,8,1,1,2,1,1,1
SF,IH2103,2020-08-06 09:31:32.200,3277.8000,2177,0,86515260.000,0,-,-,-,-,3271.4000,3271.2000,3265.2000,3235.0000,3232.0000,3277.0000,3277.6000,3277.8000,3278.0000,3278.2000,2,3,1,8,1,1,2,2,1,1
SF,IH2103,2020-08-06 09:31:32.700,3277.8000,2177,0,86515260.000,0,-,-,-,-,3271.4000,3271.2000,3265.2000,3235.0000,3232.0000,3276.8000,3277.0000,3277.2000,3277.4000,3277.6000,2,3,1,8,1,2,1,1,1,1
SF,IH2103,2020-08-06 09:31:33.200,3277.8000,2177,0,86515260.000,0,-,-,-,-,3271.4000,3271.2000,3265.2000,3235.0000,3232.0000,3276.6000,3276.8000,3277.0000,3277.6000,3278.0000,2,3,1,8,1,1,2,1,1,1
SF,IH2103,2020-08-06 09:31:33.700,3277.8000,2177,0,86515260.000,0,-,-,-,-,3271.4000,3271.2000,3265.2000,3235.0000,3232.0000,3275.8000,3276.4000,3276.8000,3277.0000,3278.0000,2,3,1,8,1,1,2,1,1,1
SF,IH2103,2020-08-06 09:31:34.200,3277.8000,2177,0,86515260.000,0,-,-,-,-,3271.4000,3271.2000,3265.2000,3235.0000,3232.0000,3275.6000,3275.8000,3276.4000,3276.8000,3277.0000,2,3,1,8,1,1,1,1,1,2
SF,IH2103,2020-08-06 09:31:35.200,3277.8000,2177,0,86515260.000,0,-,-,-,-,3271.4000,3271.2000,3265.2000,3235.0000,3232.0000,3275.6000,3275.8000,3276.4000,3276.8000,3277.0000,2,3,1,8,1,1,1,1,1,2
SF,IH2103,2020-08-06 09:31:35.700,3277.8000,2177,0,86515260.000,0,-,-,-,-,3271.4000,3271.2000,3265.2000,3235.0000,3232.0000,3275.6000,3275.8000,3276.4000,3276.8000,3277.0000,2,3,1,8,1,1,1,1,1,2
SF,IH2103,2020-08-06 09:31:36.200,3277.8000,2177,0,86515260.000,0,-,-,-,-,3271.4000,3271.2000,3265.2000,3235.0000,3232.0000,3276.4000,3276.8000,3277.0000,3278.8000,3281.6000,2,3,1,8,1,1,1,2,2,1
SF,IH2103,2020-08-06 09:31:36.700,3277.8000,2177,0,86515260.000,0,-,-,-,-,3271.4000,3271.2000,3265.2000,3235.0000,3232.0000,3276.2000,3277.0000,3278.8000,3281.6000,3284.8000,2,3,1,8,1,2,1,2,1,1
SF,IH2103,2020-08-06 09:31:37.200,3277.8000,2177,0,86515260.000,0,-,-,-,-,3271.4000,3271.2000,3265.2000,3235.0000,3232.0000,3276.2000,3277.0000,3277.6000,3278.8000,3281.6000,2,3,1,8,1,2,1,1,2,1
SF,IH2103,2020-08-06 09:31:38.200,3277.8000,2177,0,86515260.000,0,-,-,-,-,3271.4000,3271.2000,3265.2000,3235.0000,3232.0000,3276.0000,3276.2000,3277.0000,3277.6000,3278.8000,2,3,1,8,1,1,2,1,1,2
SF,IH2103,2020-08-06 09:31:38.700,3277.8000,2177,0,86515260.000,0,-,-,-,-,3271.4000,3271.2000,3265.2000,3235.0000,3232.0000,3275.8000,3276.0000,3276.2000,3277.0000,3277.6000,2,3,1,8,1,1,1,1,1,1
SF,IH2103,2020-08-06 09:31:39.200,3276.0000,2177,0,87498060.000,1,0,1,多换,S,3271.4000,3271.2000,3265.2000,3235.0000,3232.0000,3275.4000,3276.0000,3276.2000,3277.6000,3278.8000,2,3,1,8,1,1,1,1,1,2
SF,IH2103,2020-08-06 09:31:39.700,3276.0000,2177,0,87498060.000,0,-,-,-,-,3271.4000,3271.2000,3265.2000,3235.0000,3232.0000,3275.2000,3275.4000,3275.6000,3276.2000,3277.2000,1,3,1,8,1,1,1,1,1,1
SF,IH2103,2020-08-06 09:31:40.200,3276.0000,2177,0,87498060.000,0,-,-,-,-,3271.4000,3271.2000,3265.2000,3235.0000,3232.0000,3275.0000,3275.4000,3276.2000,3277.2000,3277.6000,1,3,1,8,1,2,1,1,1,1
SF,IH2103,2020-08-06 09:31:40.700,3276.0000,2177,0,87498060.000,0,-,-,-,-,3271.4000,3271.2000,3265.2000,3235.0000,3232.0000,3275.0000,3275.4000,3276.2000,3277.2000,3278.8000,1,3,1,8,1,2,2,1,1,2
SF,IH2103,2020-08-06 09:31:41.200,3276.0000,2177,0,87498060.000,0,-,-,-,-,3271.4000,3271.2000,3265.2000,3235.0000,3232.0000,3275.0000,3276.2000,3278.8000,3281.6000,3284.8000,1,3,1,8,1,2,1,2,1,1
SF,IH2103,2020-08-06 09:31:41.700,3276.0000,2177,0,87498060.000,0,-,-,-,-,3271.4000,3271.2000,3265.2000,3235.0000,3232.0000,3276.2000,3278.8000,3281.6000,3284.8000,3315.0000,1,3,1,8,1,1,2,1,1,8
SF,IH2103,2020-08-06 09:31:42.200,3276.0000,2177,0,87498060.000,0,-,-,-,-,3271.6000,3271.4000,3271.2000,3265.2000,3235.0000,3276.0000,3276.2000,3277.4000,3277.6000,3278.8000,1,1,3,1,8,1,1,1,1,2
SF,IH2103,2020-08-06 09:31:42.700,3276.0000,2177,0,87498060.000,0,-,-,-,-,3271.8000,3271.6000,3271.2000,3265.2000,3235.0000,3275.8000,3276.0000,3277.4000,3277.6000,3278.8000,1,1,3,1,8,2,1,1,1,2
SF,IH2103,2020-08-06 09:31:43.200,3276.0000,2177,0,87498060.000,0,-,-,-,-,3271.8000,3271.6000,3271.2000,3265.2000,3235.0000,3275.6000,3275.8000,3277.4000,3277.6000,3278.8000,1,1,3,1,8,2,2,1,1,2
SF,IH2103,2020-08-06 09:31:43.700,3276.0000,2177,0,87498060.000,0,-,-,-,-,3271.8000,3271.2000,3265.2000,3235.0000,3232.0000,3275.4000,3275.6000,3275.8000,3276.4000,3277.6000,1,3,1,8,1,1,3,2,1,1
SF,IH2103,2020-08-06 09:31:44.200,3276.0000,2177,0,87498060.000,0,-,-,-,-,3271.2000,3265.2000,3235.0000,3232.0000,3220.0000,3275.2000,3275.4000,3275.6000,3275.8000,3276.4000,3,1,8,1,1,1,1,2,2,1
SF,IH2103,2020-08-06 09:31:44.700,3276.0000,2177,0,87498060.000,0,-,-,-,-,3271.6000,3271.2000,3265.2000,3255.0000,3235.0000,3275.2000,3275.4000,3275.6000,3275.8000,3277.6000,1,3,1,1,8,2,2,2,1,1
SF,IH2103,2020-08-06 09:31:45.200,3276.0000,2177,0,87498060.000,0,-,-,-,-,3271.6000,3271.2000,3265.2000,3255.0000,3235.0000,3275.0000,3275.2000,3275.4000,3275.6000,3275.8000,1,3,1,1,8,1,1,2,2,1
SF,IH2103,2020-08-06 09:31:45.700,3276.0000,2177,0,87498060.000,0,-,-,-,-,3271.6000,3271.2000,3265.2000,3255.0000,3235.0000,3274.6000,3274.8000,3275.0000,3275.4000,3275.6000,1,3,1,1,8,1,2,1,1,2
SF,IH2103,2020-08-06 09:31:46.200,3276.0000,2177,0,87498060.000,0,-,-,-,-,3271.6000,3271.2000,3265.2000,3255.0000,3235.0000,3274.4000,3274.6000,3274.8000,3275.0000,3275.4000,1,3,1,1,8,2,1,1,1,1
SF,IH2103,2020-08-06 09:31:46.700,3276.0000,2177,0,87498060.000,0,-,-,-,-,3271.6000,3271.2000,3265.2000,3255.0000,3235.0000,3274.4000,3274.6000,3274.8000,3275.0000,3275.4000,1,3,1,1,8,3,1,1,1,1
SF,IH2103,2020-08-06 09:31:47.200,3276.0000,2177,0,87498060.000,0,-,-,-,-,3271.6000,3271.2000,3265.2000,3255.0000,3235.0000,3274.2000,3274.4000,3274.6000,3275.0000,3275.6000,1,3,1,1,8,1,3,1,1,1
SF,IH2103,2020-08-06 09:31:47.700,3276.0000,2177,0,87498060.000,0,-,-,-,-,3271.6000,3271.2000,3265.2000,3255.0000,3235.0000,3272.6000,3274.0000,3274.4000,3274.6000,3275.0000,1,3,1,1,8,1,3,1,1,1
SF,IH2103,2020-08-06 09:31:48.200,3271.6000,2176,-1,88479540.000,1,0,1,双平,S,3271.2000,3265.2000,3255.0000,3235.0000,3232.0000,3272.0000,3274.0000,3274.4000,3274.6000,3275.0000,3,1,1,8,1,1,3,1,1,1
SF,IH2103,2020-08-06 09:31:48.700,3271.2000,2177,1,89460900.000,1,1,0,双开,S,3271.2000,3265.2000,3255.0000,3235.0000,3232.0000,3274.0000,3274.4000,3275.0000,3275.6000,3278.8000,2,1,1,8,1,3,1,1,1,2
SF,IH2103,2020-08-06 09:31:49.200,3271.2000,2177,0,89460900.000,0,-,-,-,-,3271.2000,3265.2000,3255.0000,3235.0000,3232.0000,3273.8000,3274.0000,3274.4000,3275.0000,3275.6000,2,1,1,8,1,1,3,1,1,1
SF,IH2103,2020-08-06 09:31:49.700,3271.2000,2177,0,89460900.000,0,-,-,-,-,3271.2000,3265.2000,3255.0000,3235.0000,3232.0000,3273.6000,3273.8000,3274.0000,3275.0000,3278.8000,2,1,1,8,1,1,1,2,1,2
SF,IH2103,2020-08-06 09:31:50.200,3271.2000,2178,1,91423620.000,2,1,1,空开,S,3265.2000,3255.0000,3235.0000,3232.0000,3220.0000,3271.2000,3273.6000,3274.0000,3278.8000,3281.6000,1,1,8,1,1,1,1,2,2,1
SF,IH2103,2020-08-06 09:31:50.700,3271.2000,2178,0,91423620.000,0,-,-,-,-,3265.4000,3265.2000,3255.0000,3235.0000,3232.0000,3271.2000,3273.0000,3278.8000,3281.6000,3284.8000,2,1,1,8,1,1,1,2,1,1
SF,IH2103,2020-08-06 09:31:51.200,3271.2000,2178,0,91423620.000,0,-,-,-,-,3265.4000,3265.2000,3255.0000,3235.0000,3232.0000,3273.0000,3278.8000,3281.6000,3284.8000,3315.0000,2,1,1,8,1,1,2,1,1,8
SF,IH2103,2020-08-06 09:31:51.700,3271.2000,2178,0,91423620.000,0,-,-,-,-,3265.4000,3265.2000,3255.0000,3235.0000,3232.0000,3272.8000,3273.0000,3278.8000,3281.6000,3284.8000,2,1,1,8,1,2,1,2,1,1
SF,IH2103,2020-08-06 09:31:52.200,3271.2000,2178,0,91423620.000,0,-,-,-,-,3265.4000,3265.2000,3255.0000,3235.0000,3232.0000,3272.8000,3273.0000,3274.8000,3278.8000,3281.6000,2,1,1,8,1,2,1,2,2,1
SF,IH2103,2020-08-06 09:31:52.700,3271.2000,2178,0,91423620.000,0,-,-,-,-,3266.2000,3265.4000,3265.2000,3255.0000,3235.0000,3272.8000,3274.8000,3278.8000,3281.6000,3284.8000,1,2,1,1,8,2,2,2,1,1
SF,IH2103,2020-08-06 09:31:53.200,3271.2000,2178,0,91423620.000,0,-,-,-,-,3266.4000,3266.2000,3265.2000,3255.0000,3235.0000,3272.8000,3274.8000,3278.8000,3281.6000,3284.8000,2,1,1,1,8,2,2,2,1,1
SF,IH2103,2020-08-06 09:31:53.700,3271.2000,2178,0,91423620.000,0,-,-,-,-,3266.4000,3266.2000,3265.2000,3255.0000,3235.0000,3272.6000,3272.8000,3274.8000,3278.8000,3281.6000,2,1,1,1,8,1,2,2,2,1
SF,IH2103,2020-08-06 09:31:54.200,3271.2000,2178,0,91423620.000,0,-,-,-,-,3266.4000,3266.2000,3265.2000,3255.0000,3235.0000,3272.2000,3272.4000,3272.6000,3274.8000,3281.6000,2,1,1,1,8,1,2,1,2,1
SF,IH2103,2020-08-06 09:31:54.700,3271.2000,2178,0,91423620.000,0,-,-,-,-,3266.4000,3266.2000,3265.2000,3255.0000,3235.0000,3272.0000,3272.2000,3272.6000,3274.8000,3281.6000,2,1,1,1,8,2,1,1,2,1
SF,IH2103,2020-08-06 09:31:55.200,3271.2000,2178,0,91423620.000,0,-,-,-,-,3266.4000,3266.2000,3265.2000,3255.0000,3235.0000,3272.0000,3274.8000,3281.6000,3284.8000,3315.0000,2,1,1,1,8,1,2,1,1,8
SF,IH2103,2020-08-06 09:31:55.700,3271.2000,2178,0,91423620.000,0,-,-,-,-,3266.4000,3266.2000,3265.2000,3255.0000,3235.0000,3274.8000,3275.6000,3281.6000,3284.8000,3315.0000,2,1,1,1,8,2,1,1,1,8
SF,IH2103,2020-08-06 09:31:56.200,3271.2000,2178,0,91423620.000,0,-,-,-,-,3266.8000,3266.4000,3265.2000,3255.0000,3235.0000,3274.6000,3274.8000,3275.6000,3281.6000,3284.8000,1,2,1,1,8,2,2,1,1,1
SF,IH2103,2020-08-06 09:31:56.700,3271.2000,2178,0,91423620.000,0,-,-,-,-,3267.0000,3266.8000,3265.2000,3255.0000,3235.0000,3274.4000,3274.6000,3274.8000,3275.6000,3281.6000,2,1,1,1,8,1,1,2,1,1
SF,IH2103,2020-08-06 09:31:57.200,3271.2000,2178,0,91423620.000,0,-,-,-,-,3271.2000,3267.0000,3266.8000,3265.2000,3255.0000,3274.2000,3274.4000,3274.8000,3275.6000,3281.6000,1,2,1,1,1,1,1,2,1,1
SF,IH2103,2020-08-06 09:31:57.700,3271.2000,2178,0,91423620.000,0,-,-,-,-,3271.2000,3267.0000,3266.8000,3265.2000,3255.0000,3274.0000,3274.2000,3274.8000,3281.6000,3284.8000,1,2,1,1,1,1,1,2,1,1
SF,IH2103,2020-08-06 09:31:58.200,3271.2000,2178,0,91423620.000,0,-,-,-,-,3271.2000,3267.0000,3266.8000,3265.2000,3255.0000,3273.8000,3274.0000,3274.8000,3276.2000,3281.6000,1,2,1,1,1,1,1,2,2,1
SF,IH2103,2020-08-06 09:31:58.700,3271.2000,2179,1,92404980.000,1,1,0,双开,S,3267.0000,3266.8000,3265.2000,3255.0000,3235.0000,3273.6000,3273.8000,3276.2000,3281.6000,3284.8000,2,1,1,1,8,1,1,2,1,1
SF,IH2103,2020-08-06 09:31:59.200,3271.2000,2179,0,92404980.000,0,-,-,-,-,3267.0000,3266.8000,3265.2000,3255.0000,3235.0000,3273.4000,3276.2000,3281.6000,3284.8000,3315.0000,2,1,1,1,8,1,2,1,1,8
SF,IH2103,2020-08-06 09:31:59.700,3271.2000,2179,0,92404980.000,0,-,-,-,-,3267.0000,3266.8000,3265.2000,3255.0000,3235.0000,3276.2000,3281.6000,3284.8000,3315.0000,3333.0000,2,1,1,1,8,2,1,1,8,1
SF,IH2103,2020-08-06 09:32:00.200,3271.2000,2179,0,92404980.000,0,-,-,-,-,3267.6000,3267.0000,3265.2000,3255.0000,3235.0000,3276.0000,3276.2000,3281.6000,3284.8000,3315.0000,1,2,1,1,8,2,2,1,1,8
SF,IH2103,2020-08-06 09:32:00.700,3271.2000,2179,0,92404980.000,0,-,-,-,-,3267.8000,3267.6000,3265.2000,3255.0000,3235.0000,3276.0000,3276.2000,3281.6000,3284.8000,3315.0000,2,1,1,1,8,2,2,1,1,8
SF,IH2103,2020-08-06 09:32:01.700,3271.2000,2179,0,92404980.000,0,-,-,-,-,3268.0000,3267.8000,3267.6000,3265.2000,3255.0000,3276.0000,3281.6000,3284.8000,3315.0000,3333.0000,1,2,1,1,1,2,1,1,8,1
SF,IH2103,2020-08-06 09:32:02.200,3271.2000,2179,0,92404980.000,0,-,-,-,-,3268.2000,3268.0000,3267.6000,3265.2000,3255.0000,3275.8000,3276.0000,3281.6000,3284.8000,3315.0000,3,1,1,1,1,1,1,1,1,8
SF,IH2103,2020-08-06 09:32:02.700,3271.2000,2179,0,92404980.000,0,-,-,-,-,3269.0000,3268.4000,3268.2000,3268.0000,3265.2000,3275.6000,3275.8000,3281.6000,3284.8000,3315.0000,1,1,3,1,1,2,1,1,1,8
SF,IH2103,2020-08-06 09:32:03.200,3271.2000,2179,0,92404980.000,0,-,-,-,-,3269.4000,3269.2000,3269.0000,3268.4000,3268.0000,3275.4000,3275.6000,3275.8000,3278.6000,3281.2000,1,2,1,1,1,1,1,1,2,1
SF,IH2103,2020-08-06 09:32:03.700,3271.2000,2179,0,92404980.000,0,-,-,-,-,3269.6000,3269.4000,3269.0000,3268.0000,3265.2000,3275.2000,3275.4000,3275.8000,3278.6000,3281.2000,2,1,1,1,1,1,1,1,2,1
SF,IH2103,2020-08-06 09:32:04.200,3271.2000,2179,0,92404980.000,0,-,-,-,-,3269.6000,3269.4000,3269.0000,3265.2000,3255.0000,3275.2000,3275.8000,3278.6000,3281.2000,3281.6000,2,1,1,1,1,1,1,2,1,1
SF,IH2103,2020-08-06 09:32:04.700,3271.2000,2179,0,92404980.000,0,-,-,-,-,3269.6000,3269.4000,3269.0000,3265.2000,3255.0000,3275.2000,3277.2000,3278.6000,3281.2000,3281.6000,2,1,1,1,1,1,1,2,1,1
SF,IH2103,2020-08-06 09:32:05.200,3271.2000,2179,0,92404980.000,0,-,-,-,-,3269.6000,3269.4000,3269.0000,3265.2000,3255.0000,3275.0000,3275.2000,3277.2000,3278.6000,3281.2000,2,1,1,1,1,1,1,1,2,1
SF,IH2103,2020-08-06 09:32:05.700,3271.2000,2179,0,92404980.000,0,-,-,-,-,3269.6000,3269.4000,3265.2000,3255.0000,3235.0000,3274.8000,3275.0000,3277.2000,3278.6000,3281.2000,2,1,1,1,8,1,1,1,2,1
SF,IH2103,2020-08-06 09:32:06.200,3271.2000,2179,0,92404980.000,0,-,-,-,-,3269.6000,3269.4000,3265.2000,3255.0000,3235.0000,3274.8000,3275.0000,3276.0000,3277.2000,3278.6000,2,1,1,1,8,1,1,1,1,2
SF,IH2103,2020-08-06 09:32:07.200,3271.2000,2179,0,92404980.000,0,-,-,-,-,3269.6000,3269.4000,3265.2000,3255.0000,3235.0000,3274.6000,3274.8000,3276.0000,3277.2000,3278.6000,2,1,1,1,8,1,1,1,1,2
SF,IH2103,2020-08-06 09:32:07.700,3271.2000,2179,0,92404980.000,0,-,-,-,-,3269.6000,3269.4000,3265.2000,3255.0000,3235.0000,3274.4000,3274.6000,3276.0000,3277.2000,3281.2000,2,1,1,1,8,1,1,1,1,1
SF,IH2103,2020-08-06 09:32:08.200,3271.2000,2179,0,92404980.000,0,-,-,-,-,3269.6000,3269.4000,3265.2000,3255.0000,3235.0000,3274.6000,3276.0000,3277.2000,3281.2000,3281.6000,2,1,1,1,8,1,1,1,1,1
SF,IH2103,2020-08-06 09:32:08.700,3271.2000,2179,0,92404980.000,0,-,-,-,-,3269.6000,3269.4000,3265.2000,3255.0000,3235.0000,3276.0000,3277.2000,3281.2000,3281.6000,3284.8000,2,1,1,1,8,1,1,1,1,2
SF,IH2103,2020-08-06 09:32:09.200,3271.2000,2179,0,92404980.000,0,-,-,-,-,3269.6000,3269.4000,3265.2000,3255.0000,3235.0000,3275.8000,3277.2000,3279.6000,3281.2000,3281.6000,2,1,1,1,8,2,1,2,1,1
SF,IH2103,2020-08-06 09:32:10.200,3271.2000,2179,0,92404980.000,0,-,-,-,-,3270.2000,3269.6000,3269.4000,3265.2000,3255.0000,3275.8000,3277.2000,3279.6000,3281.2000,3281.6000,1,2,1,1,1,2,1,2,1,1
SF,IH2103,2020-08-06 09:32:10.700,3271.2000,2179,0,92404980.000,0,-,-,-,-,3270.4000,3269.4000,3265.2000,3255.0000,3235.0000,3275.8000,3277.2000,3279.6000,3281.2000,3281.6000,2,1,1,1,8,2,1,2,1,1
SF,IH2103,2020-08-06 09:32:11.200,3271.2000,2179,0,92404980.000,0,-,-,-,-,3270.4000,3269.4000,3265.2000,3255.0000,3235.0000,3275.8000,3277.2000,3279.6000,3281.2000,3281.6000,2,1,1,1,8,2,1,2,1,1
SF,IH2103,2020-08-06 09:32:12.200,3271.2000,2179,0,92404980.000,0,-,-,-,-,3270.4000,3269.4000,3265.2000,3255.0000,3235.0000,3275.4000,3275.8000,3277.2000,3281.2000,3281.6000,2,1,1,1,8,1,2,1,1,1
SF,IH2103,2020-08-06 09:32:12.700,3271.2000,2179,0,92404980.000,0,-,-,-,-,3270.4000,3269.4000,3265.2000,3255.0000,3235.0000,3275.2000,3275.4000,3275.8000,3277.2000,3281.2000,2,1,1,1,8,1,1,1,1,1
SF,IH2103,2020-08-06 09:32:13.200,3271.2000,2179,0,92404980.000,0,-,-,-,-,3270.4000,3270.2000,3269.4000,3265.2000,3255.0000,3275.2000,3275.4000,3275.8000,3277.2000,3281.2000,2,1,1,1,1,1,1,1,1,1
SF,IH2103,2020-08-06 09:32:14.200,3271.2000,2179,0,92404980.000,0,-,-,-,-,3270.8000,3270.4000,3270.2000,3269.4000,3265.2000,3272.0000,3275.2000,3275.4000,3275.8000,3277.2000,1,2,1,1,1,2,1,1,1,1
SF,IH2103,2020-08-06 09:32:14.700,3272.0000,2179,0,94368180.000,2,1,1,多换,S,3270.2000,3269.4000,3265.2000,3255.0000,3235.0000,3275.4000,3275.8000,3277.2000,3281.2000,3281.6000,1,1,1,1,8,1,1,1,1,1
SF,IH2103,2020-08-06 09:32:15.200,3272.0000,2179,0,94368180.000,0,-,-,-,-,3270.4000,3270.2000,3269.4000,3265.2000,3255.0000,3275.2000,3275.4000,3275.8000,3277.2000,3281.2000,2,1,1,1,1,1,1,1,1,1
SF,IH2103,2020-08-06 09:32:15.700,3272.0000,2179,0,94368180.000,0,-,-,-,-,3270.4000,3270.2000,3269.4000,3265.2000,3255.0000,3275.0000,3275.2000,3275.8000,3277.2000,3281.2000,2,1,1,1,1,1,1,1,1,1
SF,IH2103,2020-08-06 09:32:16.200,3272.0000,2179,0,94368180.000,0,-,-,-,-,3270.8000,3270.4000,3270.2000,3269.4000,3265.2000,3274.8000,3275.0000,3275.8000,3277.2000,3281.2000,1,2,1,1,1,1,1,1,1,1
SF,IH2103,2020-08-06 09:32:16.700,3272.0000,2179,0,94368180.000,0,-,-,-,-,3271.0000,3270.4000,3270.2000,3269.4000,3265.2000,3274.8000,3275.0000,3275.8000,3277.2000,3281.2000,1,1,1,1,1,1,1,1,1,1
SF,IH2103,2020-08-06 09:32:17.200,3272.0000,2179,0,94368180.000,0,-,-,-,-,3271.0000,3270.4000,3270.2000,3269.4000,3265.2000,3274.8000,3275.0000,3277.2000,3281.2000,3281.6000,1,1,1,1,1,1,1,1,1,1
SF,IH2103,2020-08-06 09:32:17.700,3272.0000,2179,0,94368180.000,0,-,-,-,-,3271.0000,3270.4000,3270.2000,3269.4000,3265.2000,3274.4000,3274.8000,3277.2000,3281.2000,3281.6000,1,1,1,1,1,1,1,1,1,1
SF,IH2103,2020-08-06 09:32:18.200,3272.0000,2179,0,94368180.000,0,-,-,-,-,3271.0000,3270.2000,3269.4000,3265.2000,3255.0000,3274.2000,3274.4000,3277.2000,3281.2000,3281.6000,1,1,1,1,1,1,1,1,1,1
SF,IH2103,2020-08-06 09:32:19.200,3272.0000,2179,0,94368180.000,0,-,-,-,-,3271.0000,3270.2000,3269.4000,3265.2000,3255.0000,3273.8000,3274.2000,3277.2000,3281.2000,3281.6000,1,1,1,1,1,1,1,1,1,1
SF,IH2103,2020-08-06 09:32:19.700,3273.8000,2180,1,95350320.000,1,1,0,双开,S,3271.0000,3270.2000,3269.4000,3265.2000,3255.0000,3277.2000,3281.6000,3284.8000,3285.0000,3315.0000,1,1,1,1,1,1,1,2,1,8
SF,IH2103,2020-08-06 09:32:20.200,3273.8000,2180,0,95350320.000,0,-,-,-,-,3271.2000,3271.0000,3270.2000,3269.4000,3265.2000,3277.0000,3277.2000,3281.6000,3284.8000,3285.0000,1,1,1,1,1,1,1,1,2,1
SF,IH2103,2020-08-06 09:32:20.700,3273.8000,2180,0,95350320.000,0,-,-,-,-,3271.4000,3271.2000,3270.2000,3269.4000,3265.2000,3277.0000,3277.2000,3281.6000,3284.8000,3285.0000,1,1,1,1,1,1,1,1,2,1
SF,IH2103,2020-08-06 09:32:21.200,3273.8000,2180,0,95350320.000,0,-,-,-,-,3271.6000,3271.4000,3270.2000,3269.4000,3265.2000,3277.0000,3277.2000,3281.6000,3284.8000,3285.0000,1,1,1,1,1,1,1,1,2,1
SF,IH2103,2020-08-06 09:32:21.700,3273.8000,2180,0,95350320.000,0,-,-,-,-,3271.8000,3271.6000,3270.2000,3269.4000,3265.2000,3276.2000,3277.0000,3277.2000,3281.6000,3284.8000,1,1,1,1,1,1,1,1,1,2
SF,IH2103,2020-08-06 09:32:22.200,3273.8000,2180,0,95350320.000,0,-,-,-,-,3271.8000,3271.6000,3270.2000,3269.4000,3265.2000,3276.0000,3276.2000,3276.6000,3277.2000,3281.6000,1,1,1,1,1,1,1,1,1,1
SF,IH2103,2020-08-06 09:32:23.200,3273.8000,2180,0,95350320.000,0,-,-,-,-,3271.8000,3271.6000,3270.2000,3269.4000,3265.2000,3275.6000,3276.0000,3276.6000,3277.2000,3281.6000,1,1,1,1,1,1,1,1,1,1
SF,IH2103,2020-08-06 09:32:23.700,3273.8000,2180,0,95350320.000,0,-,-,-,-,3271.8000,3270.2000,3269.4000,3265.2000,3255.0000,3275.4000,3275.6000,3276.6000,3277.2000,3281.6000,1,1,1,1,1,1,1,1,1,1
SF,IH2103,2020-08-06 09:32:24.200,3273.8000,2180,0,95350320.000,0,-,-,-,-,3271.8000,3270.2000,3269.4000,3265.2000,3255.0000,3275.4000,3275.6000,3277.2000,3281.6000,3284.8000,1,1,1,1,1,2,1,1,1,2
SF,IH2103,2020-08-06 09:32:24.700,3273.8000,2180,0,95350320.000,0,-,-,-,-,3271.8000,3270.2000,3269.4000,3265.2000,3255.0000,3275.6000,3277.2000,3281.6000,3284.8000,3285.0000,1,1,1,1,1,1,1,1,2,1
SF,IH2103,2020-08-06 09:32:25.200,3273.8000,2180,0,95350320.000,0,-,-,-,-,3271.8000,3270.2000,3269.4000,3265.2000,3255.0000,3275.6000,3277.2000,3278.0000,3281.6000,3284.8000,1,1,1,1,1,1,1,1,1,2
SF,IH2103,2020-08-06 09:32:25.700,3273.8000,2180,0,95350320.000,0,-,-,-,-,3271.8000,3270.2000,3269.4000,3265.2000,3255.0000,3275.4000,3275.6000,3277.2000,3278.0000,3281.6000,1,1,1,1,1,2,1,1,1,1
SF,IH2103,2020-08-06 09:32:27.700,3273.8000,2180,0,95350320.000,0,-,-,-,-,3271.8000,3270.2000,3269.4000,3265.2000,3255.0000,3275.2000,3275.4000,3277.2000,3278.0000,3281.6000,1,1,1,1,1,2,2,1,1,1
SF,IH2103,2020-08-06 09:32:28.200,3273.8000,2180,0,95350320.000,0,-,-,-,-,3271.8000,3270.2000,3269.4000,3265.2000,3255.0000,3275.0000,3275.2000,3275.4000,3277.2000,3278.0000,1,1,1,1,1,3,2,1,1,1
SF,IH2103,2020-08-06 09:32:29.200,3273.8000,2180,0,95350320.000,0,-,-,-,-,3271.8000,3270.2000,3269.4000,3265.2000,3255.0000,3275.0000,3275.4000,3277.2000,3278.0000,3281.6000,1,1,1,1,1,3,1,1,1,1
SF,IH2103,2020-08-06 09:32:29.700,3275.0000,2180,0,96332820.000,1,0,1,多换,S,3271.8000,3270.2000,3269.4000,3265.2000,3255.0000,3275.0000,3275.4000,3277.2000,3278.0000,3281.6000,1,1,1,1,1,1,1,1,1,1
SF,IH2103,2020-08-06 09:32:30.200,3275.0000,2180,0,96332820.000,0,-,-,-,-,3271.8000,3270.2000,3269.4000,3265.2000,3255.0000,3275.0000,3275.4000,3277.2000,3278.0000,3281.6000,1,1,1,1,1,1,1,1,1,1
SF,IH2103,2020-08-06 09:32:30.700,3275.0000,2180,0,96332820.000,0,-,-,-,-,3271.8000,3269.4000,3265.2000,3255.0000,3235.0000,3275.4000,3277.2000,3278.0000,3281.6000,3284.8000,1,1,1,1,8,1,1,1,1,2
SF,IH2103,2020-08-06 09:32:31.200,3275.0000,2180,0,96332820.000,0,-,-,-,-,3271.8000,3269.4000,3265.2000,3255.0000,3235.0000,3277.2000,3278.0000,3281.6000,3284.8000,3285.0000,1,1,1,1,8,1,1,1,2,1
SF,IH2103,2020-08-06 09:32:31.700,3275.0000,2180,0,96332820.000,0,-,-,-,-,3272.0000,3271.8000,3269.4000,3265.2000,3255.0000,3277.0000,3277.2000,3278.0000,3281.6000,3284.8000,1,1,1,1,1,1,1,1,1,2
SF,IH2103,2020-08-06 09:32:32.200,3275.0000,2180,0,96332820.000,0,-,-,-,-,3272.2000,3272.0000,3269.4000,3265.2000,3255.0000,3277.0000,3277.2000,3278.0000,3281.6000,3284.8000,1,1,1,1,1,1,1,1,1,2
SF,IH2103,2020-08-06 09:32:32.700,3275.0000,2180,0,96332820.000,0,-,-,-,-,3272.4000,3272.2000,3269.4000,3265.2000,3255.0000,3275.6000,3276.8000,3277.0000,3277.2000,3278.0000,1,1,1,1,1,1,1,1,1,1
SF,IH2103,2020-08-06 09:32:33.200,3275.0000,2180,0,96332820.000,0,-,-,-,-,3272.6000,3269.4000,3265.2000,3255.0000,3235.0000,3275.6000,3276.8000,3277.0000,3277.2000,3278.0000,1,1,1,1,8,1,1,1,1,1
SF,IH2103,2020-08-06 09:32:33.700,3275.0000,2180,0,96332820.000,0,-,-,-,-,3272.6000,3269.4000,3265.2000,3255.0000,3235.0000,3275.4000,3275.6000,3276.8000,3277.2000,3278.0000,1,1,1,1,8,2,1,1,1,1
SF,IH2103,2020-08-06 09:32:34.200,3275.0000,2180,0,96332820.000,0,-,-,-,-,3272.6000,3269.4000,3265.2000,3255.0000,3235.0000,3275.2000,3275.4000,3275.6000,3277.2000,3278.0000,1,1,1,1,8,1,2,1,1,1
SF,IH2103,2020-08-06 09:32:34.700,3275.0000,2180,0,96332820.000,0,-,-,-,-,3272.6000,3269.4000,3265.2000,3255.0000,3235.0000,3275.0000,3275.2000,3275.6000,3277.2000,3278.0000,1,1,1,1,8,1,1,1,1,1
SF,IH2103,2020-08-06 09:32:35.200,3275.0000,2180,0,96332820.000,0,-,-,-,-,3269.4000,3265.2000,3255.0000,3235.0000,3232.0000,3275.0000,3275.2000,3275.6000,3277.2000,3278.0000,1,1,1,8,1,2,1,1,1,1
SF,IH2103,2020-08-06 09:32:35.700,3275.0000,2180,0,96332820.000,0,-,-,-,-,3269.6000,3265.2000,3255.0000,3235.0000,3232.0000,3274.8000,3275.0000,3275.6000,3277.2000,3278.0000,2,1,1,8,1,1,3,1,1,1
SF,IH2103,2020-08-06 09:32:36.200,3275.0000,2180,0,96332820.000,0,-,-,-,-,3269.6000,3265.2000,3255.0000,3235.0000,3232.0000,3274.6000,3274.8000,3275.0000,3275.6000,3277.2000,2,1,1,8,1,1,1,1,1,1
SF,IH2103,2020-08-06 09:32:36.700,3275.0000,2180,0,96332820.000,0,-,-,-,-,3269.6000,3265.2000,3255.0000,3235.0000,3232.0000,3274.6000,3274.8000,3275.0000,3275.6000,3277.2000,2,1,1,8,1,1,1,1,1,1
SF,IH2103,2020-08-06 09:32:37.200,3275.0000,2180,0,96332820.000,0,-,-,-,-,3269.6000,3265.2000,3255.0000,3235.0000,3232.0000,3274.4000,3274.6000,3275.0000,3275.6000,3277.2000,2,1,1,8,1,2,1,1,1,1
SF,IH2103,2020-08-06 09:32:37.700,3275.0000,2180,0,96332820.000,0,-,-,-,-,3269.6000,3265.2000,3255.0000,3235.0000,3232.0000,3274.2000,3274.4000,3275.0000,3275.6000,3277.2000,2,1,1,8,1,1,2,1,1,1
SF,IH2103,2020-08-06 09:32:38.200,3269.6000,2181,1,97313700.000,1,1,0,双开,S,3270.0000,3269.6000,3265.2000,3255.0000,3235.0000,3274.2000,3274.4000,3275.0000,3275.6000,3277.2000,1,1,1,1,8,1,1,1,1,1
SF,IH2103,2020-08-06 09:32:38.700,3269.6000,2181,0,97313700.000,0,-,-,-,-,3270.2000,3270.0000,3265.2000,3255.0000,3235.0000,3274.0000,3274.2000,3275.0000,3275.6000,3277.2000,1,1,1,1,8,1,1,1,1,1
SF,IH2103,2020-08-06 09:32:39.200,3269.6000,2181,0,97313700.000,0,-,-,-,-,3270.6000,3270.2000,3265.2000,3255.0000,3235.0000,3273.8000,3275.0000,3275.6000,3277.2000,3281.6000,1,1,1,1,8,1,1,1,1,1
SF,IH2103,2020-08-06 09:32:39.700,3269.6000,2181,0,97313700.000,0,-,-,-,-,3270.8000,3270.6000,3265.2000,3255.0000,3235.0000,3273.8000,3275.0000,3275.6000,3277.2000,3281.6000,1,1,1,1,8,1,1,1,1,1
SF,IH2103,2020-08-06 09:32:40.700,3269.6000,2181,0,97313700.000,0,-,-,-,-,3270.8000,3270.6000,3265.2000,3255.0000,3235.0000,3273.8000,3275.0000,3275.6000,3276.8000,3277.2000,1,1,1,1,8,1,1,1,1,1
SF,IH2103,2020-08-06 09:32:42.200,3270.8000,2180,-1,99276180.000,2,0,2,多平,S,3265.2000,3255.0000,3235.0000,3232.0000,3220.0000,3270.8000,3273.8000,3275.0000,3275.6000,3276.8000,1,1,8,1,1,2,1,1,1,1
SF,IH2103,2020-08-06 09:32:42.700,3270.8000,2180,0,101238660.000,2,1,1,多换,S,3265.6000,3265.4000,3265.2000,3255.0000,3235.0000,3275.0000,3275.6000,3276.8000,3277.2000,3281.6000,1,3,1,1,8,1,1,1,1,1
SF,IH2103,2020-08-06 09:32:43.200,3270.8000,2180,0,101238660.000,0,-,-,-,-,3269.6000,3268.6000,3265.8000,3265.6000,3265.4000,3274.8000,3275.0000,3275.6000,3277.2000,3281.6000,1,1,4,1,1,2,1,1,1,1
SF,IH2103,2020-08-06 09:32:43.700,3270.8000,2180,0,101238660.000,0,-,-,-,-,3269.8000,3268.6000,3265.6000,3265.2000,3255.0000,3274.8000,3275.0000,3275.6000,3277.2000,3281.6000,2,1,1,1,1,2,1,1,1,1
SF,IH2103,2020-08-06 09:32:44.200,3274.8000,2180,0,102221100.000,1,0,1,多换,S,3270.2000,3269.8000,3265.6000,3265.2000,3255.0000,3274.8000,3275.0000,3275.6000,3277.2000,3281.6000,1,2,1,1,1,1,1,1,1,1
SF,IH2103,2020-08-06 09:32:44.700,3274.8000,2180,0,102221100.000,0,-,-,-,-,3270.8000,3270.4000,3270.2000,3265.6000,3265.2000,3274.6000,3274.8000,3275.0000,3275.6000,3277.2000,1,3,1,1,1,1,1,1,1,1
SF,IH2103,2020-08-06 09:32:45.200,3274.8000,2180,0,102221100.000,0,-,-,-,-,3271.2000,3271.0000,3270.8000,3270.4000,3265.6000,3274.6000,3275.0000,3275.6000,3277.2000,3281.6000,1,1,1,2,1,1,1,1,1,1
SF,IH2103,2020-08-06 09:32:45.700,3274.8000,2180,0,102221100.000,0,-,-,-,-,3271.4000,3270.8000,3270.4000,3265.6000,3265.2000,3274.4000,3274.6000,3275.0000,3275.6000,3277.2000,1,1,1,1,1,1,1,1,1,1
SF,IH2103,2020-08-06 09:32:46.200,3270.8000,2181,1,104183760.000,2,1,1,空开,S,3265.6000,3265.2000,3255.0000,3235.0000,3232.0000,3274.2000,3274.4000,3275.0000,3275.6000,3277.2000,1,1,1,8,1,1,2,1,1,1
SF,IH2103,2020-08-06 09:32:46.700,3270.8000,2181,0,104183760.000,0,-,-,-,-,3265.8000,3265.6000,3265.2000,3255.0000,3235.0000,3274.2000,3274.4000,3275.6000,3277.2000,3281.6000,5,1,1,1,8,1,1,1,1,1
SF,IH2103,2020-08-06 09:32:47.200,3270.8000,2181,0,104183760.000,0,-,-,-,-,3270.2000,3266.2000,3265.8000,3265.2000,3255.0000,3274.0000,3274.2000,3275.6000,3277.2000,3281.6000,1,1,5,1,1,1,1,1,1,1
SF,IH2103,2020-08-06 09:32:47.700,3270.8000,2181,0,104183760.000,0,-,-,-,-,3269.6000,3266.2000,3265.8000,3265.2000,3255.0000,3273.8000,3274.0000,3275.6000,3277.2000,3281.6000,1,1,2,1,1,2,1,1,1,1
SF,IH2103,2020-08-06 09:32:48.200,3270.8000,2181,0,104183760.000,0,-,-,-,-,3269.6000,3266.2000,3265.8000,3265.2000,3255.0000,3273.8000,3274.0000,3275.6000,3277.2000,3281.6000,1,1,2,1,1,2,1,1,1,1
SF,IH2103,2020-08-06 09:32:48.700,3270.8000,2181,0,104183760.000,0,-,-,-,-,3266.2000,3265.8000,3265.2000,3255.0000,3235.0000,3273.2000,3273.4000,3273.6000,3273.8000,3275.6000,1,2,1,1,8,1,1,1,1,1
SF,IH2103,2020-08-06 09:32:49.200,3270.8000,2181,0,104183760.000,0,-,-,-,-,3266.4000,3265.2000,3255.0000,3235.0000,3232.0000,3273.0000,3273.2000,3273.4000,3273.6000,3275.6000,1,1,1,8,1,2,1,1,1,1
SF,IH2103,2020-08-06 09:32:49.700,3270.8000,2181,0,104183760.000,0,-,-,-,-,3267.8000,3266.8000,3266.4000,3265.2000,3255.0000,3272.6000,3273.0000,3273.2000,3273.4000,3275.6000,1,1,1,1,1,1,2,1,1,1
SF,IH2103,2020-08-06 09:32:50.200,3270.8000,2181,0,104183760.000,0,-,-,-,-,3268.0000,3267.8000,3266.8000,3265.2000,3255.0000,3272.4000,3272.6000,3273.2000,3273.4000,3275.6000,1,1,1,1,1,3,1,1,1,1
SF,IH2103,2020-08-06 09:32:50.700,3270.8000,2181,0,104183760.000,0,-,-,-,-,3268.0000,3267.8000,3266.8000,3265.2000,3255.0000,3272.4000,3273.2000,3275.6000,3277.2000,3278.0000,1,1,1,1,1,2,1,1,1,1
SF,IH2103,2020-08-06 09:32:51.200,3270.8000,2181,0,104183760.000,0,-,-,-,-,3268.0000,3267.8000,3266.8000,3265.2000,3255.0000,3272.4000,3275.6000,3277.2000,3278.0000,3281.6000,1,1,1,1,1,2,1,1,1,1
SF,IH2103,2020-08-06 09:32:51.700,3270.8000,2181,0,104183760.000,0,-,-,-,-,3268.0000,3267.8000,3266.8000,3265.2000,3255.0000,3272.4000,3275.6000,3277.2000,3278.0000,3281.6000,1,1,1,1,1,2,1,1,1,1
SF,IH2103,2020-08-06 09:32:52.200,3270.8000,2181,0,104183760.000,0,-,-,-,-,3268.4000,3268.0000,3266.8000,3265.2000,3255.0000,3272.4000,3275.6000,3277.2000,3278.0000,3281.6000,1,1,1,1,1,2,1,1,1,1
SF,IH2103,2020-08-06 09:32:52.700,3270.8000,2181,0,104183760.000,0,-,-,-,-,3268.6000,3268.4000,3266.8000,3265.2000,3255.0000,3272.4000,3275.6000,3277.2000,3278.0000,3281.6000,1,1,1,1,1,1,1,1,1,1
SF,IH2103,2020-08-06 09:32:53.200,3270.8000,2181,0,104183760.000,0,-,-,-,-,3268.6000,3268.4000,3265.2000,3255.0000,3235.0000,3272.4000,3275.6000,3277.2000,3278.0000,3281.6000,1,1,1,1,8,1,1,1,1,1
SF,IH2103,2020-08-06 09:32:54.200,3270.8000,2181,0,104183760.000,0,-,-,-,-,3268.6000,3265.2000,3255.0000,3235.0000,3232.0000,3272.4000,3275.6000,3277.2000,3278.0000,3281.6000,1,1,1,8,1,1,1,1,1,1
SF,IH2103,2020-08-06 09:32:54.700,3270.8000,2181,0,104183760.000,0,-,-,-,-,3265.2000,3255.0000,3235.0000,3232.0000,3220.0000,3272.4000,3275.6000,3277.2000,3278.0000,3281.6000,1,1,8,1,1,1,1,1,1,1
SF,IH2103,2020-08-06 09:32:55.200,3270.8000,2181,0,104183760.000,0,-,-,-,-,3265.4000,3265.2000,3255.0000,3235.0000,3232.0000,3272.2000,3272.4000,3275.6000,3277.2000,3278.0000,1,1,1,8,1,3,1,1,1,1
SF,IH2103,2020-08-06 09:32:55.700,3270.8000,2181,0,104183760.000,0,-,-,-,-,3267.0000,3265.4000,3265.2000,3255.0000,3235.0000,3272.0000,3272.2000,3275.6000,3277.2000,3278.0000,1,1,1,1,8,1,2,1,1,1
SF,IH2103,2020-08-06 09:32:56.200,3270.8000,2181,0,104183760.000,0,-,-,-,-,3267.2000,3267.0000,3265.2000,3255.0000,3235.0000,3271.8000,3272.0000,3272.2000,3275.6000,3277.2000,1,1,1,1,8,1,2,1,1,1
SF,IH2103,2020-08-06 09:32:56.700,3270.8000,2181,0,104183760.000,0,-,-,-,-,3267.2000,3265.2000,3255.0000,3235.0000,3232.0000,3271.4000,3271.6000,3271.8000,3273.6000,3275.6000,1,1,1,8,1,1,2,1,1,1
SF,IH2103,2020-08-06 09:32:57.200,3270.8000,2181,0,104183760.000,0,-,-,-,-,3267.2000,3265.2000,3255.0000,3235.0000,3232.0000,3271.2000,3271.4000,3271.8000,3273.6000,3275.6000,1,1,1,8,1,1,1,1,1,1
SF,IH2103,2020-08-06 09:32:57.700,3270.8000,2181,0,104183760.000,0,-,-,-,-,3267.2000,3265.2000,3255.0000,3235.0000,3232.0000,3271.2000,3271.4000,3271.8000,3275.6000,3277.2000,1,1,1,8,1,1,1,1,1,1
SF,IH2103,2020-08-06 09:32:58.200,3270.8000,2181,0,104183760.000,0,-,-,-,-,3267.4000,3267.2000,3265.2000,3255.0000,3235.0000,3271.8000,3275.6000,3277.2000,3278.0000,3281.6000,1,1,1,1,8,1,1,1,1,1
SF,IH2103,2020-08-06 09:32:58.700,3270.8000,2181,0,104183760.000,0,-,-,-,-,3267.6000,3267.4000,3265.2000,3255.0000,3235.0000,3275.6000,3277.2000,3278.0000,3281.6000,3284.8000,2,1,1,1,8,1,1,1,1,2
SF,IH2103,2020-08-06 09:32:59.200,3270.8000,2181,0,104183760.000,0,-,-,-,-,3267.8000,3267.6000,3267.4000,3265.2000,3255.0000,3275.4000,3275.6000,3277.2000,3278.0000,3281.6000,1,1,1,1,1,2,1,1,1,1
SF,IH2103,2020-08-06 09:32:59.700,3270.8000,2181,0,104183760.000,0,-,-,-,-,3268.4000,3268.0000,3267.8000,3265.2000,3255.0000,3274.0000,3274.6000,3275.4000,3275.6000,3277.2000,1,1,1,1,1,1,1,2,1,1
SF,IH2103,2020-08-06 09:33:00.200,3270.8000,2181,0,104183760.000,0,-,-,-,-,3268.6000,3268.4000,3265.2000,3255.0000,3235.0000,3273.8000,3274.0000,3274.6000,3275.6000,3277.2000,2,1,1,1,8,1,1,1,1,1
SF,IH2103,2020-08-06 09:33:00.700,3270.8000,2181,0,104183760.000,0,-,-,-,-,3268.6000,3268.4000,3265.2000,3255.0000,3235.0000,3273.6000,3273.8000,3274.0000,3275.6000,3277.2000,2,1,1,1,8,1,2,1,1,1
SF,IH2103,2020-08-06 09:33:01.200,3270.8000,2181,0,104183760.000,0,-,-,-,-,3268.6000,3265.2000,3255.0000,3235.0000,3232.0000,3273.2000,3273.4000,3273.6000,3275.6000,3277.2000,1,1,1,8,1,1,1,1,1,1
SF,IH2103,2020-08-06 09:33:01.700,3270.8000,2181,0,104183760.000,0,-,-,-,-,3268.6000,3265.2000,3255.0000,3235.0000,3232.0000,3273.0000,3273.2000,3273.6000,3275.6000,3277.2000,1,1,1,8,1,2,1,1,1,1
SF,IH2103,2020-08-06 09:33:02.200,3270.8000,2181,0,104183760.000,0,-,-,-,-,3268.6000,3265.2000,3255.0000,3235.0000,3232.0000,3272.4000,3272.8000,3273.0000,3275.6000,3277.2000,1,1,1,8,1,1,1,3,1,1
SF,IH2103,2020-08-06 09:33:02.700,3270.8000,2181,0,104183760.000,0,-,-,-,-,3265.2000,3255.0000,3235.0000,3232.0000,3220.0000,3272.2000,3272.4000,3272.8000,3273.0000,3275.6000,1,1,8,1,1,1,1,1,1,1
SF,IH2103,2020-08-06 09:33:03.200,3270.8000,2181,0,104183760.000,0,-,-,-,-,3265.4000,3265.2000,3255.0000,3235.0000,3232.0000,3272.0000,3272.2000,3272.8000,3273.0000,3275.6000,2,1,1,8,1,2,2,1,1,1
SF,IH2103,2020-08-06 09:33:03.700,3270.8000,2181,0,104183760.000,0,-,-,-,-,3265.4000,3265.2000,3255.0000,3235.0000,3232.0000,3271.8000,3272.0000,3272.2000,3272.8000,3275.6000,2,1,1,8,1,1,2,1,1,1
SF,IH2103,2020-08-06 09:33:04.200,3270.8000,2181,0,104183760.000,0,-,-,-,-,3266.8000,3265.4000,3265.2000,3255.0000,3235.0000,3271.6000,3271.8000,3272.2000,3272.8000,3275.6000,1,2,1,1,8,1,1,1,1,1
SF,IH2103,2020-08-06 09:33:04.700,3270.8000,2181,0,104183760.000,0,-,-,-,-,3267.0000,3266.8000,3265.4000,3265.2000,3255.0000,3271.4000,3271.6000,3272.2000,3272.8000,3275.6000,1,1,1,1,1,1,1,1,1,1
SF,IH2103,2020-08-06 09:33:05.200,3270.8000,2181,0,104183760.000,0,-,-,-,-,3267.0000,3266.8000,3265.4000,3265.2000,3255.0000,3271.4000,3271.6000,3272.2000,3272.8000,3275.6000,1,1,1,1,1,1,1,1,1,1
SF,IH2103,2020-08-06 09:33:06.700,3270.8000,2181,0,104183760.000,0,-,-,-,-,3269.0000,3267.4000,3267.0000,3265.4000,3265.2000,3271.4000,3271.6000,3272.2000,3275.6000,3277.0000,1,1,1,1,1,1,1,1,1,1
SF,IH2103,2020-08-06 09:33:07.200,3270.8000,2181,0,104183760.000,0,-,-,-,-,3269.2000,3267.4000,3265.2000,3255.0000,3235.0000,3275.6000,3277.0000,3277.2000,3278.0000,3281.6000,1,1,1,1,8,1,1,1,1,1
SF,IH2103,2020-08-06 09:33:07.700,3270.8000,2181,0,104183760.000,0,-,-,-,-,3269.4000,3269.2000,3267.4000,3265.2000,3255.0000,3275.4000,3275.6000,3277.0000,3277.2000,3278.0000,1,1,1,1,1,2,2,1,1,1
SF,IH2103,2020-08-06 09:33:08.200,3270.8000,2181,0,104183760.000,0,-,-,-,-,3269.6000,3269.4000,3267.4000,3265.2000,3255.0000,3275.4000,3275.6000,3277.0000,3277.2000,3278.0000,1,1,1,1,1,2,2,1,1,1
SF,IH2103,2020-08-06 09:33:08.700,3270.8000,2181,0,104183760.000,0,-,-,-,-,3269.8000,3269.6000,3267.4000,3265.2000,3255.0000,3273.0000,3274.4000,3274.8000,3275.4000,3275.6000,1,1,1,1,1,3,1,2,2,1
SF,IH2103,2020-08-06 09:33:09.200,3270.8000,2181,0,104183760.000,0,-,-,-,-,3267.4000,3265.2000,3255.0000,3235.0000,3232.0000,3272.8000,3273.0000,3274.4000,3274.8000,3275.6000,1,1,1,8,1,1,3,1,2,1
SF,IH2103,2020-08-06 09:33:09.700,3270.8000,2181,0,104183760.000,0,-,-,-,-,3267.6000,3267.4000,3265.2000,3255.0000,3235.0000,3272.8000,3273.0000,3274.8000,3275.6000,3277.0000,2,1,1,1,8,1,3,2,1,1
SF,IH2103,2020-08-06 09:33:10.200,3270.8000,2181,0,104183760.000,0,-,-,-,-,3267.6000,3267.4000,3265.2000,3255.0000,3235.0000,3272.4000,3272.6000,3272.8000,3273.0000,3274.8000,2,1,1,1,8,2,1,1,3,1
SF,IH2103,2020-08-06 09:33:10.700,3270.8000,2181,0,104183760.000,0,-,-,-,-,3267.6000,3267.4000,3265.2000,3255.0000,3235.0000,3272.2000,3272.4000,3273.0000,3274.8000,3275.6000,2,1,1,1,8,2,2,3,1,1
SF,IH2103,2020-08-06 09:33:11.200,3270.8000,2181,0,104183760.000,0,-,-,-,-,3267.6000,3265.2000,3255.0000,3235.0000,3232.0000,3272.0000,3272.2000,3272.4000,3273.0000,3274.8000,2,1,1,8,1,1,1,2,3,1
SF,IH2103,2020-08-06 09:33:11.700,3270.8000,2181,0,104183760.000,0,-,-,-,-,3267.6000,3265.2000,3255.0000,3235.0000,3232.0000,3271.8000,3272.0000,3272.4000,3273.0000,3274.8000,2,1,1,8,1,1,1,2,3,1
SF,IH2103,2020-08-06 09:33:12.200,3270.8000,2181,0,104183760.000,0,-,-,-,-,3267.6000,3265.2000,3255.0000,3235.0000,3232.0000,3271.8000,3272.0000,3272.4000,3273.0000,3274.8000,2,1,1,8,1,1,1,1,3,1
SF,IH2103,2020-08-06 09:33:12.700,3270.8000,2181,0,104183760.000,0,-,-,-,-,3267.6000,3265.2000,3255.0000,3235.0000,3232.0000,3271.8000,3272.0000,3273.0000,3274.2000,3275.6000,2,1,1,8,1,1,1,3,1,1
SF,IH2103,2020-08-06 09:33:14.200,3270.8000,2181,0,104183760.000,0,-,-,-,-,3267.6000,3265.2000,3255.0000,3235.0000,3232.0000,3271.8000,3272.0000,3273.0000,3274.2000,3275.6000,2,1,1,8,1,1,1,3,1,1
SF,IH2103,2020-08-06 09:33:14.700,3270.8000,2181,0,104183760.000,0,-,-,-,-,3267.6000,3265.2000,3255.0000,3235.0000,3232.0000,3271.8000,3273.0000,3274.2000,3275.6000,3277.0000,2,1,1,8,1,1,3,1,1,1
SF,IH2103,2020-08-06 09:33:17.200,3270.8000,2181,0,104183760.000,0,-,-,-,-,3267.6000,3265.2000,3255.0000,3235.0000,3232.0000,3271.8000,3273.0000,3275.6000,3277.0000,3277.2000,2,1,1,8,1,1,3,1,1,1
SF,IH2103,2020-08-06 09:33:17.700,3270.8000,2181,0,104183760.000,0,-,-,-,-,3265.2000,3255.0000,3235.0000,3232.0000,3220.0000,3271.8000,3273.0000,3275.6000,3277.0000,3277.2000,1,1,8,1,1,1,3,1,1,1
SF,IH2103,2020-08-06 09:33:18.200,3270.8000,2181,0,104183760.000,0,-,-,-,-,3265.4000,3265.2000,3255.0000,3235.0000,3232.0000,3271.6000,3271.8000,3273.0000,3275.6000,3277.0000,2,1,1,8,1,2,1,3,1,1
SF,IH2103,2020-08-06 09:33:18.700,3270.8000,2181,0,104183760.000,0,-,-,-,-,3265.4000,3265.2000,3255.0000,3235.0000,3232.0000,3271.4000,3271.6000,3273.0000,3275.6000,3277.0000,1,1,1,8,1,1,1,3,1,1
SF,IH2103,2020-08-06 09:33:19.200,3270.8000,2181,0,104183760.000,0,-,-,-,-,3266.2000,3265.4000,3265.2000,3255.0000,3235.0000,3271.2000,3271.4000,3273.0000,3275.6000,3277.0000,1,1,1,1,8,2,1,3,1,1
SF,IH2103,2020-08-06 09:33:19.700,3270.8000,2181,0,104183760.000,0,-,-,-,-,3266.4000,3266.2000,3265.2000,3255.0000,3235.0000,3271.0000,3271.2000,3273.0000,3275.6000,3277.0000,1,1,1,1,8,1,1,3,1,1
SF,IH2103,2020-08-06 09:33:20.200,3270.8000,2181,0,104183760.000,0,-,-,-,-,3266.4000,3266.2000,3265.2000,3255.0000,3235.0000,3270.6000,3270.8000,3271.0000,3273.0000,3275.6000,1,1,1,1,8,1,3,1,3,1
SF,IH2103,2020-08-06 09:33:20.700,3270.8000,2181,0,104183760.000,0,-,-,-,-,3266.4000,3265.2000,3255.0000,3235.0000,3232.0000,3270.4000,3270.6000,3270.8000,3273.0000,3275.6000,1,1,1,8,1,2,1,2,3,1
SF,IH2103,2020-08-06 09:33:21.200,3270.8000,2181,0,104183760.000,0,-,-,-,-,3266.4000,3265.2000,3255.0000,3235.0000,3232.0000,3270.4000,3270.6000,3270.8000,3273.0000,3275.6000,1,1,1,8,1,3,1,2,3,1
SF,IH2103,2020-08-06 09:33:21.700,3270.8000,2181,0,104183760.000,0,-,-,-,-,3265.2000,3255.0000,3235.0000,3232.0000,3220.0000,3270.4000,3270.8000,3273.0000,3275.6000,3277.0000,1,1,8,1,1,3,2,3,1,1
SF,IH2103,2020-08-06 09:33:22.200,3270.8000,2181,0,104183760.000,0,-,-,-,-,3265.4000,3265.2000,3255.0000,3235.0000,3232.0000,3270.0000,3270.2000,3270.4000,3270.8000,3273.0000,1,1,1,8,1,1,2,2,1,3
SF,IH2103,2020-08-06 09:33:22.700,3270.8000,2181,0,104183760.000,0,-,-,-,-,3265.4000,3265.2000,3255.0000,3235.0000,3232.0000,3269.8000,3270.0000,3270.2000,3270.8000,3273.0000,1,1,1,8,1,2,1,1,1,3
SF,IH2103,2020-08-06 09:33:23.700,3270.8000,2181,0,104183760.000,0,-,-,-,-,3265.4000,3265.2000,3255.0000,3235.0000,3232.0000,3269.4000,3269.6000,3269.8000,3270.2000,3270.8000,1,1,1,8,1,1,1,2,1,1
SF,IH2103,2020-08-06 09:33:24.200,3270.8000,2181,0,104183760.000,0,-,-,-,-,3265.4000,3265.2000,3255.0000,3235.0000,3232.0000,3269.4000,3269.8000,3273.0000,3275.6000,3277.0000,1,1,1,8,1,1,2,3,1,1
SF,IH2103,2020-08-06 09:33:24.700,3270.8000,2181,0,104183760.000,0,-,-,-,-,3265.4000,3265.2000,3255.0000,3235.0000,3232.0000,3272.0000,3273.0000,3275.6000,3277.0000,3277.2000,1,1,1,8,1,1,3,1,1,1
SF,IH2103,2020-08-06 09:33:25.200,3270.8000,2181,0,104183760.000,0,-,-,-,-,3265.6000,3265.4000,3265.2000,3255.0000,3235.0000,3271.8000,3272.0000,3273.0000,3274.6000,3275.6000,1,1,1,1,8,2,1,3,1,1
SF,IH2103,2020-08-06 09:33:25.700,3270.8000,2181,0,104183760.000,0,-,-,-,-,3266.0000,3265.8000,3265.6000,3265.2000,3255.0000,3271.8000,3273.0000,3274.6000,3275.6000,3277.0000,1,1,1,1,1,2,3,1,1,1
SF,IH2103,2020-08-06 09:33:26.200,3270.8000,2181,0,104183760.000,0,-,-,-,-,3266.2000,3266.0000,3265.2000,3255.0000,3235.0000,3271.8000,3273.0000,3274.6000,3275.6000,3277.0000,2,1,1,1,8,2,3,1,1,1
SF,IH2103,2020-08-06 09:33:27.700,3270.8000,2181,0,104183760.000,0,-,-,-,-,3266.4000,3266.2000,3265.2000,3255.0000,3235.0000,3271.8000,3273.0000,3274.6000,3275.6000,3277.0000,1,2,1,1,8,2,3,1,1,1
SF,IH2103,2020-08-06 09:33:28.200,3270.8000,2181,0,104183760.000,0,-,-,-,-,3266.6000,3265.2000,3255.0000,3235.0000,3232.0000,3271.2000,3271.8000,3273.0000,3275.6000,3277.0000,2,1,1,8,1,1,2,3,1,1
SF,IH2103,2020-08-06 09:33:28.700,3270.8000,2181,0,104183760.000,0,-,-,-,-,3266.6000,3265.2000,3255.0000,3235.0000,3232.0000,3271.0000,3271.2000,3273.0000,3275.6000,3277.0000,2,1,1,8,1,1,1,3,1,1
SF,IH2103,2020-08-06 09:33:29.200,3270.8000,2181,0,104183760.000,0,-,-,-,-,3266.6000,3265.2000,3255.0000,3235.0000,3232.0000,3271.0000,3273.0000,3275.6000,3277.0000,3277.2000,2,1,1,8,1,1,3,1,1,1
SF,IH2103,2020-08-06 09:33:29.700,3270.8000,2181,0,104183760.000,0,-,-,-,-,3266.6000,3265.2000,3255.0000,3235.0000,3232.0000,3270.8000,3273.0000,3275.6000,3277.0000,3277.2000,2,1,1,8,1,1,3,1,1,1
SF,IH2103,2020-08-06 09:33:30.200,3270.8000,2181,0,104183760.000,0,-,-,-,-,3266.6000,3265.2000,3255.0000,3235.0000,3232.0000,3273.0000,3275.6000,3277.0000,3277.2000,3278.0000,2,1,1,8,1,3,1,1,1,1
SF,IH2103,2020-08-06 09:33:30.700,3270.8000,2181,0,104183760.000,0,-,-,-,-,3266.6000,3265.2000,3255.0000,3235.0000,3232.0000,3272.8000,3273.0000,3275.6000,3275.8000,3277.0000,2,1,1,8,1,2,3,1,1,1
SF,IH2103,2020-08-06 09:33:31.700,3270.8000,2181,0,104183760.000,0,-,-,-,-,3266.6000,3265.2000,3255.0000,3235.0000,3232.0000,3272.6000,3272.8000,3273.0000,3275.6000,3275.8000,2,1,1,8,1,2,2,3,1,1
SF,IH2103,2020-08-06 09:33:32.200,3270.8000,2181,0,104183760.000,0,-,-,-,-,3267.8000,3266.6000,3265.2000,3255.0000,3235.0000,3272.4000,3272.6000,3273.0000,3275.6000,3275.8000,1,2,1,1,8,1,2,3,1,1
SF,IH2103,2020-08-06 09:33:32.700,3270.8000,2181,0,104183760.000,0,-,-,-,-,3268.0000,3267.8000,3265.2000,3255.0000,3235.0000,3272.4000,3272.6000,3273.0000,3275.6000,3275.8000,2,1,1,1,8,2,2,3,1,1
SF,IH2103,2020-08-06 09:33:33.200,3270.8000,2181,0,104183760.000,0,-,-,-,-,3268.0000,3267.8000,3265.2000,3255.0000,3235.0000,3272.4000,3272.6000,3273.0000,3275.6000,3275.8000,2,1,1,1,8,1,2,3,1,1
SF,IH2103,2020-08-06 09:33:33.700,3270.8000,2181,0,104183760.000,0,-,-,-,-,3268.0000,3267.8000,3265.2000,3255.0000,3235.0000,3272.2000,3272.4000,3273.0000,3275.6000,3275.8000,2,1,1,1,8,1,1,3,1,1
SF,IH2103,2020-08-06 09:33:34.200,3270.8000,2181,0,104183760.000,0,-,-,-,-,3268.0000,3267.8000,3265.2000,3255.0000,3235.0000,3272.0000,3272.2000,3273.0000,3275.6000,3275.8000,2,1,1,1,8,1,1,3,1,1
SF,IH2103,2020-08-06 09:33:34.700,3270.8000,2181,0,104183760.000,0,-,-,-,-,3268.0000,3267.8000,3265.2000,3255.0000,3235.0000,3272.0000,3272.2000,3273.0000,3275.6000,3275.8000,1,1,1,1,8,1,1,3,1,1
SF,IH2103,2020-08-06 09:33:35.200,3270.8000,2181,0,104183760.000,0,-,-,-,-,3268.0000,3266.2000,3265.2000,3255.0000,3235.0000,3272.0000,3272.2000,3273.0000,3275.6000,3275.8000,1,1,1,1,8,1,1,3,1,1
SF,IH2103,2020-08-06 09:33:36.200,3270.8000,2181,0,104183760.000,0,-,-,-,-,3268.0000,3266.2000,3265.2000,3255.0000,3235.0000,3272.0000,3273.0000,3275.6000,3275.8000,3277.0000,1,1,1,1,8,1,3,1,1,1
SF,IH2103,2020-08-06 09:33:37.200,3270.8000,2181,0,104183760.000,0,-,-,-,-,3268.0000,3266.2000,3265.2000,3255.0000,3235.0000,3271.8000,3272.0000,3273.0000,3275.6000,3275.8000,1,1,1,1,8,1,1,3,1,1
SF,IH2103,2020-08-06 09:33:37.700,3270.8000,2181,0,104183760.000,0,-,-,-,-,3268.0000,3266.2000,3265.2000,3255.0000,3235.0000,3271.6000,3272.2000,3273.0000,3275.6000,3275.8000,1,1,1,1,8,1,1,3,1,1
SF,IH2103,2020-08-06 09:33:38.200,3270.8000,2181,0,104183760.000,0,-,-,-,-,3268.0000,3266.2000,3265.2000,3255.0000,3235.0000,3271.6000,3273.0000,3275.6000,3275.8000,3277.0000,1,1,1,1,8,1,3,1,1,1
SF,IH2103,2020-08-06 09:33:39.200,3271.6000,2180,-1,105165240.000,1,0,1,双平,S,3268.0000,3266.2000,3265.2000,3255.0000,3235.0000,3273.0000,3275.6000,3275.8000,3277.0000,3277.2000,1,1,1,1,8,3,1,1,1,1
SF,IH2103,2020-08-06 09:33:39.700,3271.6000,2180,0,105165240.000,0,-,-,-,-,3268.2000,3268.0000,3266.2000,3265.2000,3255.0000,3273.0000,3275.6000,3275.8000,3277.0000,3277.2000,1,1,1,1,1,3,1,1,1,1
SF,IH2103,2020-08-06 09:33:40.200,3271.6000,2180,0,105165240.000,0,-,-,-,-,3268.4000,3268.2000,3266.2000,3265.2000,3255.0000,3273.0000,3275.6000,3275.8000,3277.0000,3277.2000,2,1,1,1,1,3,1,1,1,1
SF,IH2103,2020-08-06 09:33:40.700,3273.0000,2179,-1,108110940.000,3,1,2,多平,S,3268.6000,3268.4000,3266.2000,3265.2000,3255.0000,3275.6000,3275.8000,3277.0000,3277.2000,3278.0000,1,2,1,1,1,1,1,1,1,1
SF,IH2103,2020-08-06 09:33:41.200,3273.0000,2179,0,108110940.000,0,-,-,-,-,3269.0000,3268.8000,3268.6000,3268.4000,3266.2000,3275.4000,3275.6000,3277.0000,3277.2000,3278.0000,1,2,1,1,1,2,1,1,1,1
SF,IH2103,2020-08-06 09:33:41.700,3273.0000,2179,0,108110940.000,0,-,-,-,-,3269.2000,3269.0000,3268.8000,3268.4000,3266.2000,3275.6000,3277.0000,3277.2000,3278.0000,3281.6000,5,1,1,1,1,1,1,1,1,1
SF,IH2103,2020-08-06 09:33:42.200,3273.0000,2179,0,108110940.000,0,-,-,-,-,3270.6000,3269.2000,3268.8000,3268.4000,3266.2000,3275.4000,3275.6000,3276.0000,3277.0000,3277.2000,1,5,1,1,1,1,1,1,1,1
SF,IH2103,2020-08-06 09:33:42.700,3273.0000,2179,0,108110940.000,0,-,-,-,-,3270.8000,3270.6000,3269.2000,3268.8000,3266.2000,3275.2000,3275.4000,3275.6000,3277.0000,3277.2000,2,1,3,1,1,1,1,1,1,1
SF,IH2103,2020-08-06 09:33:43.200,3273.0000,2179,0,108110940.000,0,-,-,-,-,3270.8000,3270.6000,3269.2000,3265.2000,3255.0000,3275.0000,3275.6000,3277.0000,3277.2000,3278.0000,2,1,3,1,1,1,1,1,1,1
SF,IH2103,2020-08-06 09:33:43.700,3273.0000,2179,0,108110940.000,0,-,-,-,-,3270.8000,3270.6000,3265.2000,3255.0000,3235.0000,3275.0000,3275.6000,3277.0000,3277.2000,3278.0000,1,1,1,1,8,1,1,1,1,1
SF,IH2103,2020-08-06 09:33:44.200,3273.0000,2179,0,108110940.000,0,-,-,-,-,3270.8000,3265.2000,3255.0000,3235.0000,3232.0000,3275.0000,3275.2000,3275.6000,3277.0000,3277.2000,1,1,1,8,1,1,1,1,1,1
SF,IH2103,2020-08-06 09:33:45.700,3273.0000,2179,0,108110940.000,0,-,-,-,-,3270.8000,3255.0000,3235.0000,3232.0000,3220.0000,3275.0000,3275.6000,3277.0000,3277.2000,3278.0000,1,1,8,1,1,1,1,1,1,3
SF,IH2103,2020-08-06 09:33:46.200,3273.0000,2179,0,108110940.000,0,-,-,-,-,3270.8000,3255.0000,3235.0000,3232.0000,3220.0000,3275.6000,3277.0000,3277.2000,3278.0000,3281.6000,1,1,8,1,1,1,1,1,3,1
SF,IH2103,2020-08-06 09:33:46.700,3273.0000,2179,0,108110940.000,0,-,-,-,-,3270.8000,3255.0000,3235.0000,3232.0000,3220.0000,3275.4000,3275.6000,3277.0000,3277.2000,3278.0000,1,1,8,1,1,3,1,1,1,3
SF,IH2103,2020-08-06 09:33:47.200,3273.0000,2179,0,108110940.000,0,-,-,-,-,3270.8000,3255.0000,3235.0000,3232.0000,3220.0000,3275.4000,3275.6000,3277.0000,3277.2000,3278.0000,1,1,8,1,1,2,1,1,1,1
SF,IH2103,2020-08-06 09:33:48.200,3273.0000,2179,0,108110940.000,0,-,-,-,-,3271.0000,3270.8000,3255.0000,3235.0000,3232.0000,3275.4000,3275.6000,3277.0000,3277.2000,3278.0000,1,1,1,8,1,2,1,1,1,1
SF,IH2103,2020-08-06 09:33:48.700,3273.0000,2179,0,108110940.000,0,-,-,-,-,3271.2000,3255.0000,3235.0000,3232.0000,3220.0000,3275.4000,3275.6000,3277.0000,3277.2000,3278.0000,2,1,8,1,1,2,1,1,1,1
SF,IH2103,2020-08-06 09:33:49.200,3273.0000,2179,0,108110940.000,0,-,-,-,-,3271.6000,3271.2000,3255.0000,3235.0000,3232.0000,3275.2000,3275.4000,3275.6000,3277.0000,3277.2000,1,2,1,8,1,1,2,1,1,1
SF,IH2103,2020-08-06 09:33:49.700,3273.0000,2179,0,108110940.000,0,-,-,-,-,3271.2000,3255.0000,3235.0000,3232.0000,3220.0000,3275.0000,3275.6000,3277.0000,3277.2000,3278.0000,2,1,8,1,1,1,1,1,1,1
SF,IH2103,2020-08-06 09:33:50.200,3273.0000,2179,0,108110940.000,0,-,-,-,-,3271.2000,3255.0000,3235.0000,3232.0000,3220.0000,3275.0000,3275.6000,3277.0000,3277.2000,3278.0000,1,1,8,1,1,2,1,1,1,1
SF,IH2103,2020-08-06 09:33:50.700,3271.2000,2180,1,109092300.000,1,1,0,双开,S,3255.0000,3235.0000,3232.0000,3220.0000,3194.2000,3275.0000,3275.6000,3277.0000,3277.2000,3278.0000,1,8,1,1,1,2,1,1,1,1
SF,IH2103,2020-08-06 09:33:51.200,3271.2000,2180,0,109092300.000,0,-,-,-,-,3261.6000,3260.8000,3257.8000,3255.4000,3255.2000,3274.8000,3275.0000,3275.6000,3277.0000,3277.2000,1,1,5,2,7,1,2,1,1,1
SF,IH2103,2020-08-06 09:33:51.700,3271.2000,2180,0,109092300.000,0,-,-,-,-,3262.0000,3261.8000,3261.6000,3260.8000,3257.8000,3274.6000,3274.8000,3275.6000,3277.0000,3277.2000,1,3,1,1,5,1,1,1,1,1
SF,IH2103,2020-08-06 09:33:52.200,3271.2000,2180,0,109092300.000,0,-,-,-,-,3262.2000,3262.0000,3261.8000,3261.6000,3260.8000,3274.6000,3275.6000,3277.0000,3277.2000,3278.0000,6,1,2,1,1,1,1,1,1,1
SF,IH2103,2020-08-06 09:33:52.700,3271.2000,2180,0,109092300.000,0,-,-,-,-,3263.4000,3262.6000,3262.2000,3261.8000,3260.8000,3274.6000,3275.6000,3277.0000,3277.2000,3278.0000,1,1,6,2,1,1,1,1,1,1
SF,IH2103,2020-08-06 09:33:53.200,3271.2000,2180,0,109092300.000,0,-,-,-,-,3267.8000,3266.2000,3263.8000,3263.6000,3263.4000,3274.6000,3275.6000,3277.0000,3277.2000,3277.6000,1,1,1,5,1,1,1,1,1,1
SF,IH2103,2020-08-06 09:33:53.700,3271.2000,2180,0,109092300.000,0,-,-,-,-,3268.0000,3266.2000,3263.8000,3263.6000,3263.4000,3274.6000,3275.6000,3277.0000,3277.2000,3277.6000,5,1,1,1,1,1,1,1,1,1
SF,IH2103,2020-08-06 09:33:54.200,3271.2000,2180,0,109092300.000,0,-,-,-,-,3268.0000,3266.2000,3263.8000,3263.6000,3255.2000,3274.6000,3275.6000,3277.0000,3277.2000,3277.6000,5,1,1,1,4,1,1,1,1,1
SF,IH2103,2020-08-06 09:33:54.700,3271.2000,2180,0,109092300.000,0,-,-,-,-,3269.4000,3268.0000,3266.2000,3263.8000,3263.6000,3274.6000,3275.6000,3277.0000,3277.2000,3277.6000,1,5,1,1,1,1,1,1,1,1
SF,IH2103,2020-08-06 09:33:55.200,3271.2000,2180,0,109092300.000,0,-,-,-,-,3269.6000,3269.4000,3268.0000,3266.2000,3263.8000,3274.6000,3275.6000,3277.0000,3277.2000,3277.6000,2,1,3,1,1,1,1,1,1,1
SF,IH2103,2020-08-06 09:33:55.700,3271.2000,2180,0,109092300.000,0,-,-,-,-,3269.6000,3268.0000,3266.2000,3263.8000,3263.6000,3274.6000,3275.6000,3277.0000,3277.2000,3277.6000,2,3,1,1,1,1,1,1,1,1
SF,IH2103,2020-08-06 09:33:57.200,3271.2000,2180,0,109092300.000,0,-,-,-,-,3269.6000,3268.0000,3263.8000,3263.6000,3255.2000,3274.6000,3275.6000,3277.0000,3277.2000,3277.6000,2,3,1,1,4,1,1,1,1,1
SF,IH2103,2020-08-06 09:33:58.700,3271.2000,2180,0,109092300.000,0,-,-,-,-,3269.6000,3268.0000,3263.8000,3263.6000,3255.2000,3274.6000,3275.6000,3277.0000,3277.2000,3277.6000,2,3,1,1,4,1,1,1,1,3
SF,IH2103,2020-08-06 09:33:59.700,3271.2000,2180,0,109092300.000,0,-,-,-,-,3269.8000,3269.6000,3268.0000,3263.8000,3263.6000,3274.6000,3275.6000,3277.0000,3277.2000,3277.6000,3,2,3,1,1,1,1,1,1,3
SF,IH2103,2020-08-06 09:34:00.200,3271.2000,2180,0,109092300.000,0,-,-,-,-,3270.0000,3269.8000,3268.0000,3263.8000,3263.6000,3275.6000,3277.0000,3277.2000,3277.6000,3278.0000,2,3,3,1,1,1,1,1,3,1
SF,IH2103,2020-08-06 09:34:00.700,3271.2000,2180,0,109092300.000,0,-,-,-,-,3270.2000,3270.0000,3269.8000,3263.8000,3263.6000,3275.4000,3275.6000,3277.0000,3277.2000,3277.6000,2,2,3,1,1,1,1,1,1,3
SF,IH2103,2020-08-06 09:34:01.200,3271.2000,2180,0,109092300.000,0,-,-,-,-,3270.4000,3270.2000,3269.8000,3263.8000,3263.6000,3275.6000,3277.0000,3277.2000,3277.6000,3278.0000,2,2,3,1,1,1,1,1,2,1
SF,IH2103,2020-08-06 09:34:01.700,3271.2000,2180,0,109092300.000,0,-,-,-,-,3271.0000,3270.6000,3270.4000,3270.2000,3269.8000,3275.6000,3277.0000,3277.2000,3278.0000,3281.6000,1,2,2,2,3,1,1,1,1,1
SF,IH2103,2020-08-06 09:34:02.200,3271.2000,2180,0,109092300.000,0,-,-,-,-,3271.2000,3271.0000,3270.6000,3270.2000,3269.8000,3275.6000,3277.0000,3277.2000,3278.0000,3281.6000,4,1,2,1,3,1,1,1,1,1
SF,IH2103,2020-08-06 09:34:02.700,3271.2000,2180,0,109092300.000,0,-,-,-,-,3272.0000,3271.2000,3270.2000,3269.8000,3263.8000,3275.4000,3275.6000,3277.0000,3277.2000,3278.0000,1,3,1,3,1,1,1,1,1,1
SF,IH2103,2020-08-06 09:34:03.200,3271.2000,2180,0,109092300.000,0,-,-,-,-,3272.0000,3271.2000,3270.2000,3263.8000,3263.6000,3275.2000,3275.4000,3275.6000,3277.0000,3277.2000,1,3,1,1,1,1,1,1,1,1
SF,IH2103,2020-08-06 09:34:03.700,3271.2000,2180,0,109092300.000,0,-,-,-,-,3271.2000,3263.8000,3263.6000,3255.2000,3255.0000,3275.0000,3275.2000,3275.6000,3277.0000,3277.2000,2,1,1,4,1,1,1,1,1,1
SF,IH2103,2020-08-06 09:34:04.200,3271.2000,2180,0,109092300.000,0,-,-,-,-,3271.2000,3263.8000,3263.6000,3255.2000,3255.0000,3275.0000,3275.6000,3277.0000,3277.2000,3278.0000,2,1,1,4,1,1,1,1,1,1
SF,IH2103,2020-08-06 09:34:04.700,3271.2000,2180,0,109092300.000,0,-,-,-,-,3271.4000,3271.2000,3263.8000,3263.6000,3255.2000,3274.8000,3275.0000,3275.6000,3277.0000,3277.2000,1,2,1,1,4,1,1,1,1,1
SF,IH2103,2020-08-06 09:34:05.200,3271.2000,2180,0,109092300.000,0,-,-,-,-,3271.6000,3271.4000,3271.2000,3263.8000,3263.6000,3274.8000,3275.0000,3275.6000,3277.0000,3277.2000,1,1,1,1,1,1,1,1,1,1
SF,IH2103,2020-08-06 09:34:05.700,3271.2000,2180,0,109092300.000,0,-,-,-,-,3271.6000,3271.4000,3271.2000,3263.8000,3263.6000,3275.6000,3277.0000,3277.2000,3278.0000,3281.6000,1,1,1,1,1,1,1,1,1,3
SF,IH2103,2020-08-06 09:34:06.200,3271.2000,2180,0,109092300.000,0,-,-,-,-,3271.6000,3271.2000,3263.8000,3263.6000,3255.2000,3275.6000,3277.0000,3277.2000,3278.0000,3281.6000,1,1,1,1,4,1,1,1,1,3
SF,IH2103,2020-08-06 09:34:06.700,3271.2000,2180,0,109092300.000,0,-,-,-,-,3272.2000,3271.6000,3271.2000,3263.8000,3263.6000,3275.6000,3277.0000,3277.2000,3278.0000,3281.6000,2,1,1,1,1,1,1,1,1,3
SF,IH2103,2020-08-06 09:34:07.200,3271.2000,2180,0,109092300.000,0,-,-,-,-,3272.4000,3272.2000,3271.2000,3263.8000,3263.6000,3275.6000,3277.0000,3277.2000,3278.0000,3281.6000,1,1,1,1,1,1,1,1,1,3
SF,IH2103,2020-08-06 09:34:07.700,3271.2000,2180,0,109092300.000,0,-,-,-,-,3272.4000,3272.2000,3263.8000,3263.6000,3255.2000,3275.6000,3277.0000,3277.2000,3278.0000,3281.6000,1,1,1,1,4,1,1,1,1,3
SF,IH2103,2020-08-06 09:34:08.200,3271.2000,2180,0,109092300.000,0,-,-,-,-,3273.2000,3272.4000,3272.2000,3263.8000,3263.6000,3275.6000,3277.0000,3277.2000,3278.0000,3281.6000,1,1,1,1,1,1,1,1,1,3
SF,IH2103,2020-08-06 09:34:08.700,3271.2000,2180,0,109092300.000,0,-,-,-,-,3273.4000,3272.2000,3263.8000,3263.6000,3255.2000,3275.6000,3277.0000,3277.2000,3278.0000,3281.6000,1,1,1,1,4,1,1,1,1,3
SF,IH2103,2020-08-06 09:34:09.700,3271.2000,2180,0,109092300.000,0,-,-,-,-,3273.8000,3273.4000,3263.8000,3263.6000,3255.2000,3275.6000,3277.0000,3277.2000,3278.0000,3281.6000,1,1,1,1,4,1,1,1,1,3
SF,IH2103,2020-08-06 09:34:10.200,3271.2000,2180,0,109092300.000,0,-,-,-,-,3274.0000,3273.8000,3271.8000,3263.8000,3263.6000,3275.6000,3277.0000,3277.2000,3278.0000,3281.6000,1,1,1,1,1,1,1,1,1,3
SF,IH2103,2020-08-06 09:34:10.700,3273.8000,2181,1,111056640.000,2,1,1,空开,S,3271.8000,3263.8000,3263.6000,3255.2000,3255.0000,3275.6000,3277.0000,3277.2000,3278.0000,3281.6000,1,1,1,4,1,1,1,1,1,3
SF,IH2103,2020-08-06 09:34:11.200,3273.8000,2181,0,111056640.000,0,-,-,-,-,3272.0000,3271.8000,3263.8000,3263.6000,3255.2000,3275.4000,3275.6000,3277.0000,3277.2000,3278.0000,2,1,1,1,4,1,1,1,1,1
SF,IH2103,2020-08-06 09:34:11.700,3273.8000,2181,0,111056640.000,0,-,-,-,-,3272.0000,3271.8000,3263.8000,3263.6000,3255.2000,3275.4000,3275.6000,3277.0000,3277.2000,3278.0000,1,1,1,1,4,1,1,1,1,1
SF,IH2103,2020-08-06 09:34:12.700,3273.8000,2181,0,111056640.000,0,-,-,-,-,3272.0000,3271.8000,3263.8000,3263.6000,3255.2000,3275.2000,3275.4000,3275.6000,3277.0000,3277.2000,1,1,1,1,4,1,1,1,1,1
SF,IH2103,2020-08-06 09:34:13.200,3273.8000,2181,0,111056640.000,0,-,-,-,-,3272.0000,3271.8000,3263.8000,3263.6000,3255.2000,3275.0000,3275.2000,3275.6000,3277.0000,3277.2000,1,1,1,1,4,1,1,1,1,1
SF,IH2103,2020-08-06 09:34:13.700,3273.8000,2181,0,111056640.000,0,-,-,-,-,3272.0000,3271.8000,3263.8000,3263.6000,3255.2000,3275.0000,3275.6000,3277.0000,3277.2000,3278.0000,1,1,1,1,4,1,1,1,1,1
SF,IH2103,2020-08-06 09:34:14.200,3273.8000,2181,0,111056640.000,0,-,-,-,-,3272.0000,3271.8000,3263.8000,3263.6000,3255.2000,3275.6000,3277.0000,3277.2000,3278.0000,3281.6000,1,1,1,1,4,1,1,1,1,3
SF,IH2103,2020-08-06 09:34:14.700,3273.8000,2181,0,111056640.000,0,-,-,-,-,3272.4000,3272.0000,3271.8000,3263.8000,3263.6000,3275.6000,3277.0000,3277.2000,3278.0000,3281.6000,1,1,1,1,1,1,1,1,1,3
SF,IH2103,2020-08-06 09:34:15.200,3273.8000,2181,0,111056640.000,0,-,-,-,-,3272.6000,3272.4000,3271.8000,3263.8000,3263.6000,3275.6000,3277.0000,3277.2000,3278.0000,3281.6000,1,1,1,1,1,1,1,1,1,3
SF,IH2103,2020-08-06 09:34:15.700,3273.8000,2181,0,111056640.000,0,-,-,-,-,3272.6000,3272.4000,3271.8000,3263.8000,3263.6000,3275.6000,3277.0000,3277.2000,3278.0000,3281.6000,1,1,1,1,1,1,1,1,1,3
SF,IH2103,2020-08-06 09:34:16.700,3273.8000,2181,0,111056640.000,0,-,-,-,-,3272.6000,3271.8000,3263.8000,3263.6000,3255.2000,3275.6000,3277.0000,3277.2000,3278.0000,3281.6000,1,1,1,1,4,1,1,1,1,3
SF,IH2103,2020-08-06 09:34:17.200,3273.8000,2181,0,111056640.000,0,-,-,-,-,3271.8000,3263.8000,3263.6000,3255.2000,3255.0000,3275.4000,3275.6000,3277.0000,3277.2000,3278.0000,1,1,1,4,1,1,1,1,1,1
SF,IH2103,2020-08-06 09:34:22.200,3273.8000,2181,0,111056640.000,0,-,-,-,-,3272.2000,3271.8000,3263.8000,3263.6000,3255.2000,3275.4000,3275.6000,3277.0000,3277.2000,3278.0000,1,1,1,1,4,1,1,1,1,1
SF,IH2103,2020-08-06 09:34:22.700,3273.8000,2181,0,111056640.000,0,-,-,-,-,3272.4000,3272.2000,3271.8000,3263.8000,3263.6000,3275.4000,3275.6000,3277.0000,3277.2000,3278.0000,1,1,1,1,1,1,1,1,1,1
SF,IH2103,2020-08-06 09:34:23.200,3273.8000,2181,0,111056640.000,0,-,-,-,-,3272.8000,3272.4000,3271.8000,3263.8000,3263.6000,3275.4000,3275.6000,3277.0000,3277.2000,3278.0000,1,1,1,1,1,1,1,1,1,1
SF,IH2103,2020-08-06 09:34:23.700,3273.8000,2181,0,111056640.000,0,-,-,-,-,3272.4000,3271.8000,3263.8000,3263.6000,3255.2000,3275.4000,3275.6000,3277.0000,3277.2000,3278.0000,1,1,1,1,4,1,1,1,1,1
SF,IH2103,2020-08-06 09:34:27.200,3275.6000,2181,0,113021940.000,2,1,1,多换,S,3272.4000,3271.8000,3263.8000,3263.6000,3255.2000,3277.0000,3277.2000,3278.0000,3281.6000,3284.8000,1,1,1,1,4,1,1,1,3,2
SF,IH2103,2020-08-06 09:34:27.700,3275.6000,2181,0,113021940.000,0,-,-,-,-,3272.6000,3272.4000,3271.8000,3263.8000,3263.6000,3276.8000,3277.0000,3277.2000,3278.0000,3281.6000,2,1,1,1,1,2,1,1,1,3
SF,IH2103,2020-08-06 09:34:28.200,3275.6000,2181,0,113021940.000,0,-,-,-,-,3273.0000,3272.8000,3272.6000,3271.8000,3263.8000,3276.8000,3277.0000,3277.2000,3278.0000,3281.6000,1,1,1,1,1,2,1,1,1,3
SF,IH2103,2020-08-06 09:34:28.700,3275.6000,2181,0,113021940.000,0,-,-,-,-,3273.2000,3272.6000,3271.8000,3263.8000,3263.6000,3276.8000,3277.0000,3277.2000,3278.0000,3281.6000,1,1,1,1,1,2,1,1,1,3
SF,IH2103,2020-08-06 09:34:31.700,3275.6000,2181,0,113021940.000,0,-,-,-,-,3273.2000,3272.6000,3271.8000,3263.8000,3263.6000,3276.8000,3277.0000,3277.2000,3278.0000,3281.6000,1,1,1,1,1,2,1,1,1,3
SF,IH2103,2020-08-06 09:34:34.200,3275.6000,2181,0,113021940.000,0,-,-,-,-,3273.2000,3272.6000,3271.8000,3263.8000,3263.6000,3276.8000,3277.0000,3277.2000,3278.0000,3281.6000,1,1,1,1,1,1,1,1,1,3
SF,IH2103,2020-08-06 09:34:35.200,3275.6000,2181,0,113021940.000,0,-,-,-,-,3273.2000,3272.6000,3271.8000,3263.8000,3263.6000,3276.6000,3276.8000,3277.0000,3277.2000,3278.0000,1,1,1,1,1,1,1,1,1,1
SF,IH2103,2020-08-06 09:34:35.700,3275.6000,2181,0,113021940.000,0,-,-,-,-,3273.2000,3271.8000,3263.8000,3263.6000,3255.2000,3276.4000,3277.0000,3277.2000,3278.0000,3281.6000,1,1,1,1,4,1,1,1,1,3
SF,IH2103,2020-08-06 09:34:36.200,3275.6000,2181,0,113021940.000,0,-,-,-,-,3271.8000,3263.8000,3263.6000,3255.2000,3255.0000,3276.4000,3277.0000,3277.2000,3278.0000,3281.6000,1,1,1,4,1,1,1,1,1,3
SF,IH2103,2020-08-06 09:34:36.700,3275.6000,2181,0,113021940.000,0,-,-,-,-,3272.0000,3271.8000,3263.8000,3263.6000,3255.2000,3276.2000,3276.4000,3277.0000,3277.2000,3278.0000,1,1,1,1,4,2,1,1,1,1
SF,IH2103,2020-08-06 09:34:37.200,3275.6000,2181,0,113021940.000,0,-,-,-,-,3272.0000,3271.8000,3263.8000,3263.6000,3255.2000,3275.6000,3276.0000,3276.2000,3277.0000,3277.2000,1,1,1,1,4,1,2,1,1,1
SF,IH2103,2020-08-06 09:34:37.700,3275.6000,2181,0,113021940.000,0,-,-,-,-,3272.0000,3271.8000,3263.8000,3263.6000,3255.2000,3275.6000,3276.0000,3276.2000,3277.0000,3277.2000,1,1,1,1,4,1,2,1,1,1
SF,IH2103,2020-08-06 09:34:38.200,3275.6000,2181,0,113021940.000,0,-,-,-,-,3272.0000,3271.8000,3263.8000,3263.6000,3255.2000,3275.6000,3276.0000,3276.2000,3277.0000,3277.2000,1,1,1,1,4,1,1,1,1,1
SF,IH2103,2020-08-06 09:34:39.700,3275.6000,2181,0,113021940.000,0,-,-,-,-,3272.0000,3271.8000,3263.8000,3263.6000,3255.2000,3275.6000,3276.0000,3276.2000,3277.0000,3277.2000,1,1,1,1,4,1,1,1,1,1
SF,IH2103,2020-08-06 09:34:40.200,3275.6000,2181,0,113021940.000,0,-,-,-,-,3275.0000,3272.0000,3271.8000,3263.8000,3263.6000,3275.6000,3276.2000,3277.0000,3277.2000,3278.0000,1,1,1,1,1,1,1,1,1,1
SF,IH2103,2020-08-06 09:34:40.700,3275.6000,2181,0,113021940.000,0,-,-,-,-,3275.0000,3272.0000,3271.8000,3263.8000,3263.6000,3275.6000,3277.0000,3277.2000,3278.0000,3281.6000,1,1,1,1,1,1,1,1,1,1
SF,IH2103,2020-08-06 09:34:41.200,3275.6000,2181,0,114004620.000,1,0,1,多换,S,3275.6000,3275.0000,3272.0000,3271.8000,3263.8000,3277.0000,3277.2000,3278.0000,3281.6000,3284.8000,1,1,1,1,1,1,1,1,1,2
SF,IH2103,2020-08-06 09:34:42.200,3275.6000,2181,0,114004620.000,0,-,-,-,-,3275.0000,3272.0000,3271.8000,3263.8000,3263.6000,3277.0000,3277.2000,3278.0000,3279.6000,3281.6000,1,1,1,1,1,1,1,1,1,1
SF,IH2103,2020-08-06 09:34:44.200,3275.0000,2182,1,114987120.000,1,1,0,双开,S,3272.0000,3263.8000,3263.6000,3255.2000,3255.0000,3277.0000,3277.2000,3278.0000,3279.6000,3281.6000,1,1,1,4,1,1,1,1,1,1
SF,IH2103,2020-08-06 09:34:44.700,3275.0000,2182,0,114987120.000,0,-,-,-,-,3272.0000,3263.8000,3263.6000,3255.2000,3255.0000,3276.8000,3277.0000,3277.2000,3278.0000,3279.6000,1,1,1,4,1,2,1,1,1,1
SF,IH2103,2020-08-06 09:34:45.700,3275.0000,2182,0,114987120.000,0,-,-,-,-,3272.2000,3272.0000,3263.8000,3263.6000,3255.2000,3276.8000,3277.0000,3277.2000,3278.0000,3279.6000,2,1,1,1,4,2,1,1,1,1
SF,IH2103,2020-08-06 09:34:46.200,3275.0000,2182,0,114987120.000,0,-,-,-,-,3272.4000,3272.2000,3263.8000,3263.6000,3255.2000,3276.8000,3277.0000,3277.2000,3278.0000,3279.6000,1,2,1,1,4,2,1,1,1,1
SF,IH2103,2020-08-06 09:34:46.700,3275.0000,2182,0,114987120.000,0,-,-,-,-,3272.6000,3272.4000,3272.2000,3263.8000,3263.6000,3276.8000,3277.0000,3277.2000,3278.0000,3279.6000,2,1,2,1,1,2,1,1,1,1
SF,IH2103,2020-08-06 09:34:47.200,3275.0000,2182,0,114987120.000,0,-,-,-,-,3272.8000,3272.6000,3272.2000,3263.8000,3263.6000,3276.8000,3277.0000,3277.2000,3278.0000,3279.6000,1,2,2,1,1,1,1,1,1,1
SF,IH2103,2020-08-06 09:34:47.700,3275.0000,2182,0,114987120.000,0,-,-,-,-,3272.8000,3272.2000,3263.8000,3263.6000,3255.2000,3277.0000,3277.2000,3278.0000,3279.6000,3281.6000,1,2,1,1,4,1,1,1,1,1
SF,IH2103,2020-08-06 09:34:48.200,3275.0000,2182,0,114987120.000,0,-,-,-,-,3272.8000,3272.2000,3263.8000,3263.6000,3255.2000,3276.8000,3277.0000,3277.2000,3278.0000,3279.6000,1,2,1,1,4,1,1,1,1,1
SF,IH2103,2020-08-06 09:34:50.200,3275.0000,2182,0,114987120.000,0,-,-,-,-,3273.0000,3272.8000,3272.2000,3263.8000,3263.6000,3276.8000,3277.0000,3277.2000,3278.0000,3279.6000,1,1,2,1,1,1,1,1,1,1
SF,IH2103,2020-08-06 09:34:50.700,3275.0000,2182,0,114987120.000,0,-,-,-,-,3273.2000,3272.2000,3263.8000,3263.6000,3255.2000,3276.8000,3277.0000,3277.2000,3278.0000,3279.6000,1,2,1,1,4,1,1,1,1,1
SF,IH2103,2020-08-06 09:34:53.700,3275.0000,2182,0,114987120.000,0,-,-,-,-,3273.2000,3272.2000,3263.8000,3263.6000,3255.2000,3276.8000,3277.0000,3277.2000,3278.0000,3281.6000,1,2,1,1,4,1,1,1,1,1
SF,IH2103,2020-08-06 09:34:54.200,3275.0000,2182,0,114987120.000,0,-,-,-,-,3273.4000,3273.2000,3272.2000,3263.8000,3263.6000,3277.0000,3277.2000,3278.0000,3281.6000,3284.8000,3,1,2,1,1,1,1,1,1,2
SF,IH2103,2020-08-06 09:34:54.700,3275.0000,2182,0,114987120.000,0,-,-,-,-,3273.6000,3272.2000,3263.8000,3263.6000,3255.2000,3277.0000,3277.2000,3278.0000,3281.6000,3284.8000,1,2,1,1,4,1,1,1,1,2
SF,IH2103,2020-08-06 09:34:55.700,3275.0000,2182,0,114987120.000,0,-,-,-,-,3273.8000,3273.6000,3272.2000,3263.8000,3263.6000,3277.0000,3277.2000,3278.0000,3281.6000,3284.8000,1,1,2,1,1,1,1,1,1,2
SF,IH2103,2020-08-06 09:34:56.200,3275.0000,2182,0,114987120.000,0,-,-,-,-,3274.0000,3273.2000,3272.2000,3263.8000,3263.6000,3277.0000,3277.2000,3278.0000,3281.6000,3284.8000,1,1,2,1,1,1,1,1,1,2
SF,IH2103,2020-08-06 09:34:59.200,3275.0000,2182,0,114987120.000,0,-,-,-,-,3274.2000,3274.0000,3273.2000,3272.2000,3263.8000,3277.0000,3277.2000,3278.0000,3281.6000,3284.8000,1,1,1,2,1,1,1,1,1,2
SF,IH2103,2020-08-06 09:34:59.700,3275.0000,2182,0,114987120.000,0,-,-,-,-,3274.4000,3273.2000,3263.8000,3263.6000,3255.2000,3277.0000,3277.2000,3278.0000,3281.6000,3284.8000,1,1,1,1,4,1,1,1,1,2
SF,IH2103,2020-08-06 09:35:01.200,3275.0000,2182,0,114987120.000,0,-,-,-,-,3274.6000,3274.4000,3273.2000,3263.8000,3263.6000,3277.0000,3277.2000,3278.0000,3281.6000,3284.8000,1,1,1,1,1,1,1,1,1,2
SF,IH2103,2020-08-06 09:35:01.700,3277.0000,2181,-1,115970220.000,1,0,1,双平,S,3274.8000,3274.6000,3273.2000,3263.8000,3263.6000,3277.2000,3278.0000,3281.6000,3284.8000,3299.8000,1,1,1,1,1,1,1,1,2,1
SF,IH2103,2020-08-06 09:35:02.200,3277.0000,2181,0,115970220.000,0,-,-,-,-,3275.0000,3274.8000,3274.6000,3273.2000,3263.8000,3277.2000,3278.0000,3281.6000,3284.8000,3299.8000,1,1,1,1,1,1,1,1,2,1
SF,IH2103,2020-08-06 09:35:02.700,3277.0000,2181,0,115970220.000,0,-,-,-,-,3275.2000,3273.2000,3263.8000,3263.6000,3255.2000,3277.2000,3278.0000,3281.6000,3284.8000,3299.8000,1,1,1,1,4,1,1,1,2,1
SF,IH2103,2020-08-06 09:35:05.200,3277.0000,2181,0,115970220.000,0,-,-,-,-,3275.4000,3275.2000,3273.2000,3263.8000,3263.6000,3277.2000,3278.0000,3281.6000,3284.8000,3299.8000,1,1,1,1,1,1,1,1,2,1
SF,IH2103,2020-08-06 09:35:05.700,3277.2000,2181,0,116953380.000,1,0,1,多换,S,3275.6000,3275.4000,3273.2000,3263.8000,3263.6000,3278.0000,3281.6000,3284.8000,3299.8000,3315.0000,1,1,1,1,1,1,1,2,1,8
SF,IH2103,2020-08-06 09:35:06.200,3277.2000,2181,0,116953380.000,0,-,-,-,-,3275.6000,3275.4000,3273.2000,3263.8000,3263.6000,3278.0000,3281.6000,3284.8000,3299.8000,3315.0000,1,1,1,1,1,1,1,2,1,8
SF,IH2103,2020-08-06 09:35:06.700,3278.0000,2180,-1,117936780.000,1,0,1,双平,S,3277.2000,3275.8000,3275.4000,3273.2000,3263.8000,3281.6000,3284.8000,3299.8000,3315.0000,3333.0000,1,3,1,1,1,1,2,1,8,1
SF,IH2103,2020-08-06 09:35:07.200,3278.0000,2180,0,117936780.000,0,-,-,-,-,3277.4000,3277.2000,3275.8000,3275.4000,3273.2000,3281.6000,3284.8000,3299.8000,3315.0000,3333.0000,2,1,3,1,1,1,2,1,8,1
SF,IH2103,2020-08-06 09:35:07.700,3278.0000,2180,0,117936780.000,0,-,-,-,-,3277.4000,3277.2000,3275.8000,3273.2000,3263.8000,3281.6000,3284.8000,3299.8000,3315.0000,3333.0000,1,1,3,1,1,1,2,1,8,1
SF,IH2103,2020-08-06 09:35:08.200,3278.0000,2180,0,117936780.000,0,-,-,-,-,3277.8000,3277.4000,3277.2000,3275.8000,3273.2000,3281.6000,3284.8000,3299.8000,3315.0000,3333.0000,1,1,1,3,1,1,2,1,8,1
SF,IH2103,2020-08-06 09:35:08.700,3278.0000,2180,0,117936780.000,0,-,-,-,-,3278.0000,3277.8000,3277.2000,3273.2000,3263.6000,3281.6000,3284.8000,3299.8000,3315.0000,3333.0000,1,1,1,1,1,1,2,1,8,1
SF,IH2103,2020-08-06 09:35:09.200,3278.0000,2180,0,117936780.000,0,-,-,-,-,3278.4000,3278.0000,3277.2000,3277.0000,3273.2000,3281.6000,3284.8000,3299.8000,3315.0000,3333.0000,1,1,1,1,1,1,2,1,8,1
SF,IH2103,2020-08-06 09:35:09.700,3278.0000,2180,0,117936780.000,0,-,-,-,-,3278.6000,3278.4000,3277.2000,3277.0000,3273.2000,3281.6000,3284.8000,3299.8000,3315.0000,3333.0000,1,1,1,1,1,1,2,1,8,1
SF,IH2103,2020-08-06 09:35:10.200,3281.6000,2181,1,118921260.000,1,1,0,双开,S,3279.0000,3278.6000,3277.2000,3277.0000,3273.2000,3284.8000,3299.8000,3315.0000,3333.0000,3351.2000,1,1,1,1,1,2,1,8,1,1
SF,IH2103,2020-08-06 09:35:10.700,3281.6000,2181,0,118921260.000,0,-,-,-,-,3279.2000,3279.0000,3277.2000,3277.0000,3273.2000,3284.6000,3284.8000,3299.8000,3315.0000,3333.0000,3,1,1,1,1,1,2,1,8,1
SF,IH2103,2020-08-06 09:35:11.200,3281.6000,2181,0,118921260.000,0,-,-,-,-,3279.6000,3279.2000,3277.2000,3277.0000,3273.2000,3284.2000,3284.6000,3284.8000,3299.8000,3315.0000,1,3,1,1,1,1,1,2,1,8
SF,IH2103,2020-08-06 09:35:11.700,3281.6000,2181,0,118921260.000,0,-,-,-,-,3279.8000,3279.6000,3279.2000,3277.2000,3277.0000,3284.0000,3284.2000,3284.8000,3299.8000,3315.0000,2,1,1,1,1,2,1,2,1,8
SF,IH2103,2020-08-06 09:35:12.200,3281.6000,2181,0,118921260.000,0,-,-,-,-,3280.2000,3279.8000,3279.2000,3277.2000,3277.0000,3283.4000,3284.0000,3284.8000,3299.8000,3315.0000,1,2,1,1,1,1,2,2,1,8
SF,IH2103,2020-08-06 09:35:12.700,3281.6000,2181,0,118921260.000,0,-,-,-,-,3280.4000,3280.2000,3279.2000,3277.2000,3277.0000,3283.2000,3283.4000,3284.0000,3284.8000,3299.8000,1,1,1,1,1,1,1,1,2,1
SF,IH2103,2020-08-06 09:35:13.200,3280.4000,2181,0,119905380.000,1,0,1,多换,S,3280.2000,3279.2000,3277.2000,3277.0000,3273.2000,3283.0000,3283.2000,3283.4000,3284.8000,3299.8000,1,1,1,1,1,1,1,1,2,1
SF,IH2103,2020-08-06 09:35:13.700,3280.4000,2181,0,119905380.000,0,-,-,-,-,3279.2000,3277.2000,3273.2000,3255.2000,3255.0000,3282.8000,3283.0000,3283.4000,3284.8000,3299.8000,1,1,1,4,1,1,1,1,2,1
