市场代码,合约代码,时间,最新,持仓,增仓,成交额,成交量,开仓,平仓,成交类型,方向,买一价,买二价,买三价,买四价,买五价,卖一价,卖二价,卖三价,卖四价,卖五价,买一量,买二量,买三量,买四量,买五量,卖一量,卖二量,卖三量,卖四量,卖五量
SF,IH2103,2020-09-29 09:29:00.400,3211.0000,7000,0,3853200.000,4.000,-,-,-,-,3211.0000,3210.0000,3207.0000,3205.6000,3201.2000,3212.8000,3218.0000,3218.4000,3219.0000,3219.8000,1,1,1,1,1,1,5,2,3,2
SF,IH2103,2020-09-29 09:30:00.400,3211.0000,6998,-2,5780340.000,2,0,2,双平,S,3210.0000,3207.0000,3205.6000,3201.2000,3200.0000,3211.0000,3212.6000,3218.0000,3218.4000,3219.0000,1,1,1,1,1,1,1,1,2,3
SF,IH2103,2020-09-29 09:30:00.900,3210.2000,6997,-1,6743400.000,1,0,1,双平,S,3210.2000,3210.0000,3207.0000,3200.0000,3199.2000,3211.0000,3212.6000,3218.0000,3218.4000,3219.0000,2,1,1,1,1,1,1,1,2,3
SF,IH2103,2020-09-29 09:30:01.400,3210.2000,6995,-2,10596000.000,4,1,3,多平,S,3210.2000,3210.0000,3207.0000,3200.0000,3199.2000,3212.0000,3212.6000,3218.0000,3218.4000,3219.0000,1,1,1,1,1,1,1,1,2,3
SF,IH2103,2020-09-29 09:30:01.900,3210.2000,6995,0,10596000.000,0,-,-,-,-,3210.2000,3210.0000,3207.0000,3200.0000,3199.0000,3211.4000,3211.8000,3212.0000,3212.6000,3218.0000,1,1,1,1,1,2,4,1,1,1
SF,IH2103,2020-09-29 09:30:02.400,3210.2000,6994,-1,11559060.000,1,0,1,双平,S,3210.4000,3210.2000,3210.0000,3207.0000,3204.8000,3211.0000,3211.4000,3211.8000,3212.0000,3212.6000,1,1,1,1,1,2,2,4,1,1
SF,IH2103,2020-09-29 09:30:02.900,3210.6000,6990,-4,15411660.000,4,0,4,双平,S,3210.0000,3207.0000,3204.8000,3200.0000,3199.0000,3210.4000,3211.0000,3211.4000,3211.8000,3212.0000,1,1,1,1,1,1,1,2,4,1
SF,IH2103,2020-09-29 09:30:03.400,3210.0000,6990,0,16374660.000,1,0,1,多换,S,3207.0000,3204.8000,3200.0000,3199.0000,3195.6000,3210.0000,3211.0000,3211.4000,3211.8000,3212.0000,1,1,1,1,6,2,1,2,4,1
SF,IH2103,2020-09-29 09:30:03.900,3210.0000,6990,0,16374660.000,0,-,-,-,-,3208.4000,3207.4000,3207.0000,3204.8000,3200.0000,3209.8000,3210.0000,3211.0000,3211.4000,3211.8000,1,1,1,1,1,1,2,1,2,4
SF,IH2103,2020-09-29 09:30:04.400,3210.0000,6988,-2,18300600.000,2,0,2,双平,S,3210.2000,3208.6000,3208.4000,3207.4000,3207.0000,3211.0000,3211.4000,3211.8000,3212.0000,3212.6000,2,3,1,1,1,1,2,1,1,1
SF,IH2103,2020-09-29 09:30:04.900,3210.0000,6988,0,18300600.000,0,-,-,-,-,3208.4000,3207.4000,3204.8000,3200.0000,3199.0000,3211.0000,3211.4000,3211.8000,3212.0000,3212.6000,1,1,1,1,1,1,2,1,1,1
SF,IH2103,2020-09-29 09:30:05.400,3211.0000,6987,-1,20227200.000,2,0,2,多平,S,3211.0000,3208.6000,3208.4000,3207.4000,3204.8000,3211.4000,3211.8000,3212.0000,3212.6000,3218.0000,2,1,1,1,1,2,1,1,1,1
SF,IH2103,2020-09-29 09:30:05.900,3211.0000,6985,-2,24080640.000,4,1,3,多平,S,3211.4000,3208.4000,3207.4000,3204.8000,3200.0000,3211.8000,3212.0000,3212.6000,3218.0000,3218.4000,1,1,1,1,1,1,1,1,1,1
SF,IH2103,2020-09-29 09:30:06.400,3211.0000,6985,0,24080640.000,0,-,-,-,-,3211.4000,3208.4000,3207.4000,3204.8000,3200.0000,3212.0000,3212.6000,3218.0000,3218.4000,3219.0000,1,1,1,1,1,1,2,1,1,3
SF,IH2103,2020-09-29 09:30:06.900,3212.0000,6984,-1,26007840.000,2,0,2,多平,S,3208.4000,3207.4000,3204.8000,3200.0000,3199.0000,3212.6000,3218.0000,3218.4000,3219.0000,3219.8000,1,1,1,1,1,2,1,1,3,2
SF,IH2103,2020-09-29 09:30:07.400,3212.0000,6984,0,26007840.000,0,-,-,-,-,3209.0000,3208.6000,3208.4000,3204.8000,3200.0000,3212.6000,3218.0000,3218.4000,3219.0000,3219.8000,5,2,1,1,1,2,1,1,3,2
SF,IH2103,2020-09-29 09:30:07.900,3212.0000,6984,0,26007840.000,0,-,-,-,-,3209.6000,3209.2000,3209.0000,3208.6000,3208.4000,3212.6000,3218.0000,3218.4000,3219.0000,3219.8000,1,1,4,1,1,2,1,1,3,2
SF,IH2103,2020-09-29 09:30:08.400,3212.0000,6984,0,26007840.000,0,-,-,-,-,3210.2000,3210.0000,3209.8000,3209.0000,3208.6000,3212.4000,3212.6000,3218.0000,3218.4000,3219.0000,1,2,1,2,1,1,2,1,1,3
SF,IH2103,2020-09-29 09:30:08.900,3212.4000,6983,-1,26971560.000,1,0,1,双平,S,3210.4000,3210.2000,3209.0000,3208.6000,3208.4000,3212.6000,3218.0000,3218.4000,3219.0000,3219.8000,4,1,1,1,1,2,1,1,3,2
SF,IH2103,2020-09-29 09:30:09.400,3212.6000,6983,0,27935340.000,1,0,1,多换,S,3210.4000,3210.2000,3204.8000,3200.0000,3199.0000,3212.6000,3218.0000,3218.4000,3219.0000,3219.8000,1,1,1,1,1,1,1,1,3,2
SF,IH2103,2020-09-29 09:30:09.900,3210.2000,6981,-2,29861520.000,2,0,2,双平,S,3204.8000,3200.0000,3199.0000,3195.6000,3192.0000,3212.2000,3212.4000,3212.6000,3218.0000,3218.4000,1,1,1,6,1,1,4,1,1,1
SF,IH2103,2020-09-29 09:30:10.400,3210.2000,6981,0,29861520.000,0,-,-,-,-,3205.8000,3205.6000,3205.4000,3205.0000,3204.8000,3210.2000,3211.8000,3212.0000,3212.2000,3212.6000,1,3,4,4,1,1,1,1,1,1
SF,IH2103,2020-09-29 09:30:10.900,3210.2000,6981,0,30824580.000,1,0,1,多换,S,3206.4000,3206.0000,3205.8000,3205.4000,3205.0000,3210.0000,3210.2000,3211.0000,3211.8000,3212.2000,2,2,1,1,4,1,1,1,1,1
SF,IH2103,2020-09-29 09:30:11.400,3210.2000,6981,0,30824580.000,0,-,-,-,-,3207.0000,3206.6000,3206.4000,3205.8000,3205.0000,3209.8000,3210.0000,3210.2000,3211.0000,3211.8000,1,1,2,1,2,1,1,1,1,1
SF,IH2103,2020-09-29 09:30:11.900,3210.2000,6981,0,30824580.000,0,-,-,-,-,3207.6000,3206.6000,3205.8000,3204.8000,3200.0000,3209.8000,3210.0000,3210.2000,3211.0000,3211.8000,2,1,1,1,1,1,1,1,1,1
SF,IH2103,2020-09-29 09:30:12.400,3207.6000,6980,-1,31786860.000,1,0,1,双平,S,3206.6000,3205.8000,3204.8000,3200.0000,3199.0000,3209.6000,3209.8000,3210.0000,3210.2000,3211.0000,1,1,1,1,1,1,1,1,1,1
SF,IH2103,2020-09-29 09:30:12.900,3207.6000,6980,0,31786860.000,0,-,-,-,-,3206.8000,3205.8000,3204.8000,3200.0000,3199.0000,3209.4000,3209.6000,3210.0000,3210.2000,3211.0000,1,1,1,1,1,1,1,1,1,1
SF,IH2103,2020-09-29 09:30:13.400,3207.6000,6980,0,31786860.000,0,-,-,-,-,3206.8000,3205.8000,3204.8000,3200.0000,3199.0000,3209.4000,3209.6000,3210.0000,3210.2000,3211.0000,1,1,1,1,1,1,1,1,1,1
SF,IH2103,2020-09-29 09:30:13.900,3207.6000,6980,0,31786860.000,0,-,-,-,-,3206.8000,3204.8000,3200.0000,3199.0000,3195.6000,3209.4000,3209.6000,3210.0000,3210.2000,3211.0000,1,1,1,1,6,1,1,1,1,1
SF,IH2103,2020-09-29 09:30:14.900,3207.6000,6980,0,31786860.000,0,-,-,-,-,3206.8000,3204.8000,3200.0000,3199.0000,3195.6000,3209.4000,3209.6000,3210.0000,3210.2000,3211.0000,1,1,1,1,6,1,1,2,1,1
SF,IH2103,2020-09-29 09:30:15.400,3209.2000,6979,-1,32749620.000,1,0,1,双平,S,3202.6000,3200.0000,3199.0000,3195.6000,3192.0000,3209.4000,3209.6000,3210.0000,3210.2000,3211.0000,1,1,1,6,1,1,1,2,1,1
SF,IH2103,2020-09-29 09:30:15.900,3209.2000,6979,0,32749620.000,0,-,-,-,-,3203.2000,3202.8000,3202.6000,3200.0000,3199.0000,3209.4000,3209.6000,3210.0000,3210.2000,3211.0000,2,1,1,1,1,1,1,1,1,1
SF,IH2103,2020-09-29 09:30:16.400,3209.2000,6979,0,32749620.000,0,-,-,-,-,3204.2000,3203.4000,3203.2000,3202.8000,3202.6000,3206.8000,3209.4000,3209.6000,3210.0000,3210.2000,3,4,2,1,1,2,2,1,1,1
SF,IH2103,2020-09-29 09:30:16.900,3206.8000,6977,-2,36597780.000,4,1,3,多平,S,3204.8000,3204.4000,3204.2000,3203.4000,3203.2000,3210.0000,3211.0000,3211.8000,3212.2000,3212.6000,1,3,3,4,1,1,1,1,1,1
SF,IH2103,2020-09-29 09:30:17.400,3206.8000,6977,0,36597780.000,0,-,-,-,-,3205.4000,3205.0000,3204.8000,3204.4000,3203.4000,3209.8000,3210.0000,3211.0000,3211.8000,3212.2000,1,1,1,2,4,1,1,1,1,1
SF,IH2103,2020-09-29 09:30:17.900,3206.8000,6977,0,36597780.000,0,-,-,-,-,3206.0000,3205.8000,3205.6000,3205.4000,3205.0000,3209.8000,3210.0000,3211.0000,3211.8000,3212.2000,1,1,1,1,1,1,1,1,1,1
SF,IH2103,2020-09-29 09:30:18.400,3206.8000,6977,0,36597780.000,0,-,-,-,-,3206.2000,3206.0000,3205.8000,3205.4000,3205.0000,3209.8000,3210.0000,3211.0000,3211.8000,3212.2000,1,1,1,1,1,1,1,1,1,1
SF,IH2103,2020-09-29 09:30:18.900,3206.8000,6977,0,36597780.000,0,-,-,-,-,3206.8000,3206.2000,3205.8000,3205.4000,3205.0000,3209.6000,3209.8000,3210.0000,3211.0000,3211.8000,1,1,1,1,1,1,1,1,1,1
SF,IH2103,2020-09-29 09:30:19.400,3206.8000,6977,0,36597780.000,0,-,-,-,-,3207.0000,3206.8000,3206.6000,3206.4000,3205.8000,3209.6000,3209.8000,3210.0000,3211.0000,3211.8000,1,1,1,1,1,1,1,1,1,1
SF,IH2103,2020-09-29 09:30:19.900,3206.8000,6977,0,36597780.000,0,-,-,-,-,3207.2000,3207.0000,3206.6000,3206.4000,3205.8000,3209.6000,3209.8000,3210.0000,3211.0000,3211.8000,1,1,1,1,1,1,1,1,1,1
SF,IH2103,2020-09-29 09:30:20.400,3206.8000,6977,0,36597780.000,0,-,-,-,-,3207.4000,3206.6000,3206.4000,3205.8000,3205.4000,3209.6000,3209.8000,3210.0000,3211.0000,3211.8000,1,1,1,1,1,1,2,1,1,1
SF,IH2103,2020-09-29 09:30:20.900,3207.2000,6976,-1,37559940.000,1,0,1,双平,S,3206.6000,3206.4000,3205.8000,3205.4000,3205.0000,3209.4000,3209.6000,3209.8000,3210.0000,3211.0000,1,1,1,1,1,1,1,2,1,1
SF,IH2103,2020-09-29 09:30:21.400,3207.2000,6976,0,37559940.000,0,-,-,-,-,3206.8000,3206.6000,3205.8000,3205.4000,3205.0000,3209.2000,3209.4000,3209.8000,3210.0000,3211.0000,1,1,1,1,1,1,1,2,1,1
SF,IH2103,2020-09-29 09:30:21.900,3207.2000,6976,0,37559940.000,0,-,-,-,-,3206.8000,3206.6000,3205.8000,3205.4000,3205.0000,3209.0000,3209.2000,3209.8000,3211.0000,3211.8000,1,1,1,1,1,1,1,2,1,1
SF,IH2103,2020-09-29 09:30:22.400,3207.2000,6976,0,37559940.000,0,-,-,-,-,3207.0000,3206.8000,3206.6000,3205.8000,3205.4000,3209.0000,3209.2000,3209.8000,3211.0000,3211.8000,1,1,1,1,1,1,1,2,1,1
SF,IH2103,2020-09-29 09:30:22.900,3207.2000,6976,0,37559940.000,0,-,-,-,-,3207.0000,3206.8000,3206.6000,3205.8000,3205.4000,3209.0000,3209.8000,3211.0000,3211.8000,3212.2000,1,1,1,1,1,1,2,1,1,1
SF,IH2103,2020-09-29 09:30:23.400,3207.2000,6975,-1,38522100.000,1,0,1,双平,S,3207.2000,3207.0000,3206.6000,3205.8000,3205.4000,3209.0000,3209.8000,3211.0000,3211.8000,3212.2000,1,1,1,1,1,1,2,1,1,1
SF,IH2103,2020-09-29 09:30:25.900,3207.2000,6975,0,38522100.000,0,-,-,-,-,3207.2000,3207.0000,3206.6000,3205.8000,3205.4000,3209.0000,3209.8000,3211.0000,3211.8000,3212.2000,1,1,1,1,1,1,2,1,1,1
SF,IH2103,2020-09-29 09:30:26.400,3207.2000,6975,0,38522100.000,0,-,-,-,-,3207.4000,3207.2000,3207.0000,3206.6000,3205.8000,3209.6000,3209.8000,3211.0000,3211.8000,3212.2000,1,1,1,1,1,1,2,1,1,1
SF,IH2103,2020-09-29 09:30:26.900,3207.2000,6975,0,38522100.000,0,-,-,-,-,3207.8000,3207.6000,3207.4000,3207.0000,3206.6000,3209.6000,3209.8000,3211.0000,3211.8000,3212.2000,1,1,1,1,1,1,2,1,1,1
SF,IH2103,2020-09-29 09:30:27.400,3207.2000,6975,0,38522100.000,0,-,-,-,-,3207.8000,3207.6000,3207.4000,3207.0000,3206.6000,3209.6000,3209.8000,3211.0000,3211.8000,3212.2000,1,1,1,1,1,1,1,1,1,1
SF,IH2103,2020-09-29 09:30:28.900,3209.6000,6974,-1,39484980.000,1,0,1,双平,S,3207.8000,3207.6000,3207.4000,3207.0000,3206.6000,3209.8000,3211.0000,3211.8000,3212.2000,3212.6000,2,1,1,1,1,1,1,1,1,1
SF,IH2103,2020-09-29 09:30:29.400,3209.6000,6974,0,39484980.000,0,-,-,-,-,3208.0000,3207.8000,3207.4000,3207.0000,3206.6000,3209.8000,3211.0000,3211.8000,3212.2000,3212.6000,1,2,1,1,1,1,1,1,1,1
SF,IH2103,2020-09-29 09:30:29.900,3209.6000,6974,0,39484980.000,0,-,-,-,-,3208.2000,3208.0000,3207.8000,3207.4000,3207.0000,3209.8000,3211.8000,3212.6000,3215.8000,3218.0000,1,1,1,1,1,1,1,1,1,1
SF,IH2103,2020-09-29 09:30:30.900,3209.6000,6974,0,39484980.000,0,-,-,-,-,3208.2000,3208.0000,3207.8000,3207.4000,3207.0000,3209.8000,3211.8000,3212.6000,3215.8000,3218.0000,1,1,1,1,1,1,1,1,1,1
SF,IH2103,2020-09-29 09:30:31.400,3209.6000,6974,0,39484980.000,0,-,-,-,-,3208.2000,3208.0000,3207.8000,3207.4000,3207.0000,3209.8000,3211.8000,3212.6000,3215.8000,3218.0000,1,1,1,1,1,1,1,1,1,1
SF,IH2103,2020-09-29 09:30:31.900,3209.6000,6974,0,39484980.000,0,-,-,-,-,3208.2000,3208.0000,3207.8000,3207.4000,3207.0000,3209.8000,3211.8000,3212.6000,3215.8000,3218.0000,1,1,1,1,1,1,1,1,1,1
SF,IH2103,2020-09-29 09:30:32.900,3209.6000,6974,0,39484980.000,0,-,-,-,-,3208.2000,3208.0000,3207.8000,3207.4000,3207.0000,3209.8000,3210.0000,3211.8000,3212.6000,3215.8000,1,1,1,1,1,1,1,1,1,1
SF,IH2103,2020-09-29 09:30:33.900,3210.0000,6972,-2,41410920.000,2,0,2,双平,S,3208.2000,3208.0000,3207.8000,3207.4000,3207.0000,3211.8000,3212.6000,3215.8000,3218.0000,3218.4000,1,1,1,1,1,1,1,1,1,1
SF,IH2103,2020-09-29 09:30:34.400,3208.4000,6971,-1,42373440.000,1,0,1,双平,S,3208.2000,3207.8000,3207.4000,3207.0000,3206.6000,3211.0000,3211.4000,3211.6000,3211.8000,3212.6000,1,1,1,1,1,1,1,1,1,1
SF,IH2103,2020-09-29 09:30:34.900,3208.4000,6971,0,42373440.000,0,-,-,-,-,3208.2000,3207.8000,3207.4000,3207.0000,3206.6000,3210.8000,3211.4000,3211.8000,3212.6000,3215.8000,1,1,1,1,1,1,1,1,1,1
SF,IH2103,2020-09-29 09:30:35.400,3208.4000,6971,0,42373440.000,0,-,-,-,-,3208.2000,3207.8000,3207.4000,3207.0000,3206.6000,3210.8000,3211.4000,3212.6000,3215.8000,3218.0000,1,1,1,1,1,1,1,1,1,1
SF,IH2103,2020-09-29 09:30:35.900,3208.2000,6970,-1,43335900.000,1,0,1,双平,S,3207.8000,3207.4000,3207.0000,3206.6000,3205.8000,3210.8000,3212.6000,3215.8000,3218.0000,3218.4000,1,1,1,1,2,1,1,1,1,1
SF,IH2103,2020-09-29 09:30:36.400,3208.2000,6970,0,43335900.000,0,-,-,-,-,3208.2000,3208.0000,3207.8000,3207.4000,3207.0000,3210.8000,3212.6000,3215.8000,3218.0000,3218.4000,1,2,1,1,1,1,1,1,1,1
SF,IH2103,2020-09-29 09:30:36.900,3208.2000,6970,0,43335900.000,0,-,-,-,-,3208.2000,3208.0000,3207.8000,3207.0000,3206.6000,3210.8000,3212.6000,3215.8000,3218.0000,3218.4000,3,2,1,1,1,1,1,1,1,1
SF,IH2103,2020-09-29 09:30:37.400,3208.2000,6970,0,43335900.000,0,-,-,-,-,3208.2000,3208.0000,3207.8000,3207.0000,3206.6000,3210.6000,3210.8000,3212.6000,3215.8000,3218.0000,3,1,1,1,1,1,1,1,1,1
SF,IH2103,2020-09-29 09:30:37.900,3208.2000,6970,0,43335900.000,0,-,-,-,-,3208.2000,3208.0000,3207.8000,3207.0000,3206.6000,3210.4000,3210.6000,3212.6000,3212.8000,3215.8000,3,1,1,1,1,1,1,1,1,1
SF,IH2103,2020-09-29 09:30:38.900,3208.2000,6970,0,43335900.000,0,-,-,-,-,3208.2000,3208.0000,3207.8000,3207.0000,3206.6000,3210.4000,3210.6000,3212.6000,3212.8000,3215.8000,3,1,1,1,1,1,1,1,1,1
SF,IH2103,2020-09-29 09:30:39.400,3208.2000,6970,0,43335900.000,0,-,-,-,-,3208.2000,3208.0000,3207.8000,3207.0000,3206.6000,3210.4000,3212.6000,3212.8000,3215.8000,3218.0000,3,1,1,1,1,1,1,1,1,1
SF,IH2103,2020-09-29 09:30:39.900,3208.2000,6970,0,43335900.000,0,-,-,-,-,3208.2000,3208.0000,3207.8000,3207.0000,3206.6000,3210.4000,3212.6000,3212.8000,3215.8000,3218.0000,3,1,1,1,1,1,1,1,1,1
SF,IH2103,2020-09-29 09:30:40.400,3208.2000,6970,0,43335900.000,0,-,-,-,-,3208.2000,3207.8000,3207.0000,3206.6000,3205.8000,3210.4000,3212.6000,3212.8000,3215.8000,3218.0000,3,1,1,1,2,1,1,1,1,1
SF,IH2103,2020-09-29 09:30:40.900,3208.2000,6969,-1,44298360.000,1,0,1,双平,S,3208.2000,3207.8000,3207.0000,3206.6000,3205.8000,3210.2000,3210.4000,3212.6000,3212.8000,3215.8000,2,1,1,1,2,1,1,1,1,1
SF,IH2103,2020-09-29 09:30:41.400,3208.2000,6969,0,44298360.000,0,-,-,-,-,3208.2000,3207.8000,3207.0000,3206.6000,3205.8000,3210.0000,3210.2000,3212.6000,3212.8000,3215.8000,2,1,1,1,2,1,1,1,1,1
SF,IH2103,2020-09-29 09:30:41.900,3208.2000,6969,0,44298360.000,0,-,-,-,-,3208.2000,3207.8000,3207.0000,3206.6000,3205.8000,3210.0000,3212.6000,3212.8000,3215.8000,3218.0000,2,1,1,1,2,1,1,1,1,1
SF,IH2103,2020-09-29 09:30:42.400,3208.2000,6969,0,44298360.000,0,-,-,-,-,3208.4000,3208.2000,3207.8000,3207.0000,3206.6000,3210.0000,3210.8000,3212.6000,3212.8000,3215.8000,1,2,1,1,1,1,1,1,1,1
SF,IH2103,2020-09-29 09:30:44.900,3208.2000,6968,-1,47185800.000,3,1,2,多平,S,3207.8000,3207.0000,3206.6000,3205.8000,3205.4000,3208.4000,3210.0000,3210.8000,3212.6000,3212.8000,1,1,1,2,1,1,2,1,1,1
SF,IH2103,2020-09-29 09:30:45.400,3207.8000,6966,-2,49110660.000,2,0,2,双平,S,3207.0000,3206.6000,3205.8000,3205.4000,3204.0000,3207.8000,3210.0000,3210.8000,3212.6000,3212.8000,1,1,2,1,1,1,3,1,1,1
SF,IH2103,2020-09-29 09:30:45.900,3207.8000,6966,0,49110660.000,0,-,-,-,-,3207.0000,3206.6000,3205.8000,3205.4000,3204.0000,3210.0000,3210.8000,3212.6000,3212.8000,3215.8000,1,1,2,1,1,3,1,1,1,1
SF,IH2103,2020-09-29 09:30:46.400,3207.0000,6965,-1,50072760.000,1,0,1,双平,S,3206.6000,3205.8000,3205.4000,3204.0000,3200.0000,3208.4000,3209.6000,3210.0000,3210.8000,3212.6000,1,2,1,1,2,1,2,2,1,1
SF,IH2103,2020-09-29 09:30:46.900,3207.0000,6965,0,50072760.000,0,-,-,-,-,3206.8000,3206.6000,3205.8000,3205.4000,3204.0000,3208.4000,3209.6000,3210.0000,3210.8000,3212.6000,1,1,2,1,1,1,2,2,1,1
SF,IH2103,2020-09-29 09:30:48.400,3207.0000,6965,0,50072760.000,0,-,-,-,-,3206.8000,3206.6000,3205.8000,3205.4000,3204.0000,3208.4000,3209.6000,3210.0000,3212.6000,3212.8000,1,1,2,1,1,1,2,2,1,1
SF,IH2103,2020-09-29 09:30:48.900,3207.0000,6965,0,50072760.000,0,-,-,-,-,3206.8000,3206.6000,3205.8000,3205.4000,3204.0000,3208.4000,3209.6000,3210.0000,3212.6000,3212.8000,1,1,2,1,1,1,1,2,1,1
SF,IH2103,2020-09-29 09:30:49.400,3207.0000,6965,0,50072760.000,0,-,-,-,-,3206.8000,3206.6000,3205.8000,3205.4000,3204.0000,3208.4000,3209.6000,3210.0000,3212.6000,3212.8000,1,1,2,1,1,2,1,2,1,1
SF,IH2103,2020-09-29 09:30:50.400,3207.0000,6965,0,50072760.000,0,-,-,-,-,3206.8000,3206.6000,3205.8000,3205.4000,3204.0000,3208.4000,3209.6000,3210.0000,3212.6000,3212.8000,1,1,2,1,1,2,1,1,1,1
SF,IH2103,2020-09-29 09:30:50.900,3207.0000,6965,0,50072760.000,0,-,-,-,-,3206.8000,3206.6000,3205.8000,3205.4000,3204.0000,3208.4000,3209.6000,3210.0000,3212.6000,3212.8000,2,1,2,1,1,2,1,1,1,1
SF,IH2103,2020-09-29 09:30:51.900,3207.0000,6965,0,50072760.000,0,-,-,-,-,3206.8000,3206.6000,3205.8000,3205.4000,3204.0000,3208.4000,3209.6000,3210.0000,3212.6000,3212.8000,2,1,2,1,1,1,1,1,1,1
SF,IH2103,2020-09-29 09:30:52.400,3207.0000,6965,0,50072760.000,0,-,-,-,-,3206.8000,3206.6000,3205.8000,3205.4000,3204.0000,3207.0000,3208.4000,3209.6000,3210.0000,3212.6000,2,1,2,1,1,1,1,1,1,1
SF,IH2103,2020-09-29 09:30:52.900,3207.0000,6965,0,51034860.000,1,0,1,多换,S,3206.8000,3206.6000,3205.8000,3205.4000,3204.0000,3208.4000,3209.6000,3210.0000,3212.6000,3212.8000,2,1,1,1,1,1,1,1,1,1
SF,IH2103,2020-09-29 09:30:53.400,3207.0000,6965,0,51034860.000,0,-,-,-,-,3206.8000,3206.6000,3205.8000,3205.4000,3204.0000,3208.4000,3209.0000,3209.6000,3210.0000,3212.6000,1,1,1,1,1,1,1,1,1,1
SF,IH2103,2020-09-29 09:30:53.900,3207.0000,6965,0,51034860.000,0,-,-,-,-,3206.8000,3206.6000,3205.8000,3205.4000,3204.0000,3208.4000,3209.0000,3209.6000,3210.0000,3212.6000,1,1,1,1,1,1,1,1,1,1
SF,IH2103,2020-09-29 09:30:54.400,3207.0000,6965,0,51034860.000,0,-,-,-,-,3206.8000,3206.6000,3205.8000,3205.4000,3204.0000,3208.4000,3209.0000,3209.6000,3210.0000,3212.6000,1,1,1,1,1,1,1,1,1,1
SF,IH2103,2020-09-29 09:30:55.400,3207.0000,6965,0,51034860.000,0,-,-,-,-,3206.8000,3206.6000,3205.8000,3205.4000,3204.0000,3208.2000,3208.4000,3209.0000,3210.0000,3212.6000,1,1,1,1,1,1,2,1,1,1
SF,IH2103,2020-09-29 09:30:55.900,3207.0000,6965,0,51034860.000,0,-,-,-,-,3206.8000,3206.6000,3205.8000,3205.4000,3204.0000,3208.4000,3209.0000,3210.0000,3212.6000,3212.8000,1,1,1,1,1,1,1,1,1,1
SF,IH2103,2020-09-29 09:30:56.400,3206.8000,6964,-1,51996900.000,1,0,1,双平,S,3206.6000,3205.8000,3205.4000,3204.0000,3203.4000,3206.8000,3208.4000,3209.0000,3210.0000,3212.6000,1,1,1,1,1,2,1,1,1,1
SF,IH2103,2020-09-29 09:30:56.900,3206.8000,6962,-2,53920980.000,2,0,2,双平,S,3206.6000,3205.8000,3205.4000,3204.0000,3203.4000,3208.4000,3209.0000,3210.0000,3212.6000,3212.8000,1,1,1,1,1,1,1,1,1,1
SF,IH2103,2020-09-29 09:30:57.400,3206.8000,6962,0,53920980.000,0,-,-,-,-,3206.6000,3205.8000,3205.4000,3204.0000,3203.4000,3206.8000,3208.4000,3209.0000,3210.0000,3212.6000,1,1,1,1,1,1,1,1,1,1
SF,IH2103,2020-09-29 09:30:57.900,3206.8000,6961,-1,54883020.000,1,0,1,双平,S,3206.6000,3205.8000,3205.4000,3204.0000,3203.4000,3208.0000,3208.4000,3209.0000,3210.0000,3212.6000,1,1,1,1,1,1,1,1,1,1
SF,IH2103,2020-09-29 09:30:58.400,3206.6000,6961,0,55845000.000,1,0,1,多换,S,3205.8000,3205.4000,3204.0000,3203.4000,3200.0000,3206.4000,3208.0000,3208.4000,3209.0000,3210.0000,1,1,1,1,2,2,1,1,1,1
SF,IH2103,2020-09-29 09:30:58.900,3206.4000,6959,-2,57768840.000,2,0,2,双平,S,3206.0000,3205.8000,3205.4000,3204.0000,3203.4000,3208.0000,3208.4000,3209.0000,3210.0000,3212.6000,1,1,1,1,1,1,1,1,1,1
SF,IH2103,2020-09-29 09:30:59.400,3206.4000,6959,0,57768840.000,0,-,-,-,-,3206.0000,3205.8000,3205.4000,3204.0000,3203.4000,3207.8000,3208.0000,3208.4000,3209.0000,3212.6000,1,1,1,1,1,1,1,1,1,1
SF,IH2103,2020-09-29 09:30:59.900,3206.4000,6959,0,57768840.000,0,-,-,-,-,3205.8000,3205.4000,3204.0000,3203.4000,3200.0000,3207.6000,3207.8000,3208.0000,3208.4000,3209.0000,1,1,1,1,2,1,1,1,1,1
SF,IH2103,2020-09-29 09:31:00.900,3206.4000,6959,0,57768840.000,0,-,-,-,-,3204.0000,3203.4000,3200.0000,3199.0000,3195.6000,3207.8000,3208.0000,3208.4000,3209.0000,3212.6000,1,1,2,1,6,2,1,1,1,1
SF,IH2103,2020-09-29 09:31:01.400,3206.4000,6959,0,57768840.000,0,-,-,-,-,3204.0000,3203.4000,3200.0000,3199.0000,3195.6000,3207.2000,3207.6000,3207.8000,3208.0000,3208.4000,1,1,2,1,6,1,1,1,1,1
SF,IH2103,2020-09-29 09:31:01.900,3206.4000,6959,0,57768840.000,0,-,-,-,-,3206.0000,3204.2000,3204.0000,3200.8000,3200.0000,3207.0000,3207.2000,3207.6000,3208.0000,3208.4000,1,3,1,1,2,2,1,1,1,1
SF,IH2103,2020-09-29 09:31:02.400,3206.0000,6959,0,58730640.000,1,0,1,多换,S,3204.2000,3204.0000,3200.8000,3200.0000,3199.0000,3207.0000,3207.2000,3207.6000,3208.0000,3208.4000,3,1,1,2,1,1,1,1,1,1
SF,IH2103,2020-09-29 09:31:02.900,3206.0000,6959,0,58730640.000,0,-,-,-,-,3204.2000,3204.0000,3200.8000,3200.0000,3199.0000,3206.8000,3207.0000,3207.2000,3207.6000,3208.0000,3,1,1,2,1,1,1,1,1,1
SF,IH2103,2020-09-29 09:31:03.400,3206.0000,6959,0,58730640.000,0,-,-,-,-,3204.2000,3204.0000,3200.8000,3200.0000,3199.0000,3206.6000,3206.8000,3207.2000,3207.6000,3208.0000,3,1,1,2,1,1,1,1,1,1
SF,IH2103,2020-09-29 09:31:03.900,3206.0000,6959,0,58730640.000,0,-,-,-,-,3204.2000,3204.0000,3200.8000,3200.0000,3199.0000,3206.4000,3206.6000,3207.2000,3207.6000,3208.0000,2,1,1,2,1,1,1,1,1,1
SF,IH2103,2020-09-29 09:31:04.400,3206.0000,6959,0,58730640.000,0,-,-,-,-,3204.2000,3204.0000,3200.8000,3200.0000,3199.0000,3206.2000,3206.4000,3207.2000,3207.6000,3208.0000,2,1,1,2,1,1,1,1,1,1
SF,IH2103,2020-09-29 09:31:04.900,3206.0000,6959,0,58730640.000,0,-,-,-,-,3204.2000,3204.0000,3200.8000,3200.0000,3199.0000,3206.0000,3206.2000,3207.2000,3207.6000,3208.0000,2,1,1,2,1,1,1,1,1,1
SF,IH2103,2020-09-29 09:31:05.400,3206.0000,6959,0,58730640.000,0,-,-,-,-,3204.2000,3204.0000,3200.8000,3200.0000,3199.0000,3205.8000,3206.0000,3207.2000,3207.6000,3208.0000,2,1,1,2,1,1,1,1,1,1
SF,IH2103,2020-09-29 09:31:05.900,3206.0000,6959,0,58730640.000,0,-,-,-,-,3204.2000,3204.0000,3200.8000,3200.0000,3199.0000,3206.0000,3207.2000,3207.6000,3208.0000,3208.4000,2,1,1,2,1,1,1,1,1,1
SF,IH2103,2020-09-29 09:31:06.400,3206.0000,6958,-1,59692440.000,1,0,1,双平,S,3206.0000,3204.2000,3204.0000,3202.2000,3200.8000,3207.2000,3207.6000,3208.0000,3208.4000,3211.0000,1,2,1,1,1,1,1,1,1,4
SF,IH2103,2020-09-29 09:31:06.900,3206.0000,6958,0,59692440.000,0,-,-,-,-,3204.2000,3204.0000,3202.2000,3200.8000,3200.0000,3207.0000,3207.2000,3207.6000,3208.0000,3208.4000,2,1,1,1,2,1,1,1,1,1
SF,IH2103,2020-09-29 09:31:07.400,3206.0000,6958,0,59692440.000,0,-,-,-,-,3204.4000,3204.2000,3204.0000,3202.2000,3200.8000,3206.8000,3207.0000,3207.2000,3207.6000,3208.0000,1,2,1,1,1,1,1,1,1,1
SF,IH2103,2020-09-29 09:31:07.900,3206.0000,6958,0,59692440.000,0,-,-,-,-,3204.6000,3204.4000,3204.2000,3204.0000,3202.2000,3206.8000,3207.0000,3207.2000,3207.6000,3208.0000,1,1,1,1,1,1,1,1,1,1
SF,IH2103,2020-09-29 09:31:09.400,3206.8000,6958,0,60654480.000,1,0,1,多换,S,3206.8000,3204.8000,3204.6000,3204.4000,3204.2000,3207.0000,3207.6000,3208.0000,3208.4000,3211.0000,1,1,1,1,1,1,1,1,1,4
SF,IH2103,2020-09-29 09:31:09.900,3206.8000,6957,-1,61616520.000,1,0,1,双平,S,3204.8000,3204.6000,3204.2000,3204.0000,3202.2000,3206.8000,3207.0000,3207.6000,3208.0000,3208.4000,1,1,1,1,1,1,1,1,1,1
SF,IH2103,2020-09-29 09:31:10.400,3206.8000,6957,0,61616520.000,0,-,-,-,-,3205.0000,3204.8000,3204.2000,3204.0000,3202.2000,3207.6000,3208.0000,3208.4000,3211.0000,3212.6000,1,1,1,1,1,1,1,1,4,1
SF,IH2103,2020-09-29 09:31:10.900,3206.8000,6957,0,61616520.000,0,-,-,-,-,3205.4000,3205.2000,3205.0000,3204.2000,3204.0000,3207.4000,3207.6000,3208.0000,3208.4000,3209.6000,1,2,1,1,1,1,1,1,1,1
SF,IH2103,2020-09-29 09:31:11.400,3206.8000,6957,0,61616520.000,0,-,-,-,-,3205.8000,3205.6000,3205.4000,3205.2000,3204.0000,3207.6000,3208.0000,3208.4000,3209.6000,3211.0000,1,2,1,1,1,1,1,1,1,4
SF,IH2103,2020-09-29 09:31:11.900,3206.8000,6957,0,61616520.000,0,-,-,-,-,3206.0000,3205.8000,3205.6000,3205.4000,3205.2000,3207.6000,3208.0000,3208.4000,3209.6000,3211.0000,1,1,1,1,1,1,1,1,1,4
SF,IH2103,2020-09-29 09:31:12.400,3207.6000,6956,-1,62578800.000,1,0,1,双平,S,3206.0000,3205.8000,3205.6000,3205.4000,3205.2000,3208.0000,3208.4000,3209.6000,3211.0000,3212.6000,1,1,1,1,1,1,1,1,4,1
SF,IH2103,2020-09-29 09:31:12.900,3207.6000,6956,0,62578800.000,0,-,-,-,-,3206.2000,3206.0000,3205.8000,3205.4000,3205.2000,3208.0000,3208.4000,3209.6000,3211.0000,3212.6000,1,1,1,1,1,1,1,1,4,1
SF,IH2103,2020-09-29 09:31:13.400,3207.6000,6956,0,62578800.000,0,-,-,-,-,3206.4000,3206.2000,3205.8000,3205.4000,3205.2000,3208.0000,3208.4000,3209.6000,3211.0000,3212.6000,1,1,1,1,1,1,1,1,4,1
SF,IH2103,2020-09-29 09:31:13.900,3207.6000,6956,0,62578800.000,0,-,-,-,-,3206.4000,3206.2000,3205.8000,3205.4000,3205.2000,3208.0000,3208.4000,3209.6000,3211.0000,3212.6000,1,1,1,1,1,1,1,1,4,1
SF,IH2103,2020-09-29 09:31:14.400,3208.0000,6955,-1,63541200.000,1,0,1,双平,S,3206.4000,3206.2000,3205.8000,3205.4000,3205.0000,3208.4000,3209.6000,3211.0000,3212.6000,3212.8000,1,1,1,1,1,1,1,4,1,1
SF,IH2103,2020-09-29 09:31:14.900,3208.0000,6955,0,63541200.000,0,-,-,-,-,3206.6000,3206.4000,3205.8000,3205.4000,3205.0000,3208.4000,3209.6000,3211.0000,3212.6000,3212.8000,1,1,1,1,1,1,1,4,1,1
SF,IH2103,2020-09-29 09:31:15.400,3208.0000,6955,0,63541200.000,0,-,-,-,-,3206.8000,3206.6000,3205.8000,3205.4000,3205.0000,3208.4000,3209.6000,3211.0000,3212.6000,3212.8000,1,1,1,1,1,1,1,4,1,1
SF,IH2103,2020-09-29 09:31:16.400,3208.0000,6955,0,63541200.000,0,-,-,-,-,3206.8000,3206.6000,3205.8000,3205.4000,3205.0000,3208.4000,3209.6000,3211.0000,3212.6000,3212.8000,1,1,1,1,1,1,1,4,1,1
SF,IH2103,2020-09-29 09:31:19.900,3206.8000,6954,-1,64503240.000,1,0,1,双平,S,3206.6000,3205.8000,3205.4000,3205.0000,3204.0000,3206.8000,3208.4000,3209.6000,3211.0000,3212.6000,1,1,1,1,2,1,1,1,4,1
SF,IH2103,2020-09-29 09:31:20.400,3206.8000,6953,-1,65465280.000,1,0,1,双平,S,3206.8000,3205.8000,3205.4000,3204.0000,3202.2000,3208.4000,3211.0000,3212.6000,3212.8000,3215.8000,1,1,1,2,1,1,4,1,1,1
SF,IH2103,2020-09-29 09:31:20.900,3206.8000,6952,-1,66427320.000,1,0,1,双平,S,3205.8000,3205.4000,3205.2000,3204.0000,3202.2000,3208.2000,3208.4000,3211.0000,3212.6000,3212.8000,1,1,1,2,1,3,1,4,1,1
SF,IH2103,2020-09-29 09:31:21.400,3206.8000,6952,0,66427320.000,0,-,-,-,-,3206.0000,3205.8000,3205.4000,3205.2000,3204.0000,3208.2000,3208.4000,3211.0000,3212.6000,3212.8000,1,2,1,1,2,3,1,4,1,1
SF,IH2103,2020-09-29 09:31:21.900,3206.8000,6952,0,66427320.000,0,-,-,-,-,3206.0000,3205.8000,3205.4000,3205.2000,3204.0000,3208.2000,3208.4000,3211.0000,3212.6000,3212.8000,1,1,1,1,2,3,1,4,1,1
SF,IH2103,2020-09-29 09:31:22.400,3206.8000,6952,0,66427320.000,0,-,-,-,-,3206.0000,3205.8000,3205.4000,3205.2000,3204.0000,3208.2000,3208.4000,3208.8000,3211.0000,3212.6000,1,1,1,1,2,3,1,1,4,1
SF,IH2103,2020-09-29 09:31:23.900,3206.8000,6952,0,66427320.000,0,-,-,-,-,3206.0000,3205.8000,3205.2000,3204.0000,3202.2000,3208.2000,3208.4000,3208.8000,3209.0000,3211.0000,1,1,1,2,1,3,1,1,1,4
SF,IH2103,2020-09-29 09:31:24.400,3206.8000,6952,0,66427320.000,0,-,-,-,-,3206.0000,3205.8000,3205.2000,3204.0000,3202.2000,3208.2000,3208.4000,3208.8000,3209.0000,3211.0000,1,1,1,2,1,3,1,1,1,4
SF,IH2103,2020-09-29 09:31:24.900,3206.8000,6952,0,66427320.000,0,-,-,-,-,3206.0000,3205.2000,3204.0000,3202.2000,3200.0000,3208.2000,3208.4000,3208.8000,3209.0000,3211.0000,1,1,2,1,2,3,1,1,1,4
SF,IH2103,2020-09-29 09:31:25.400,3206.8000,6952,0,66427320.000,0,-,-,-,-,3206.0000,3205.2000,3204.0000,3202.2000,3200.0000,3208.2000,3208.4000,3208.8000,3209.0000,3211.0000,1,1,2,1,2,3,1,1,1,4
SF,IH2103,2020-09-29 09:31:25.900,3206.8000,6952,0,66427320.000,0,-,-,-,-,3206.0000,3205.2000,3204.0000,3202.2000,3200.0000,3208.2000,3208.4000,3208.8000,3209.0000,3211.0000,1,1,2,1,2,3,1,1,1,4
SF,IH2103,2020-09-29 09:31:26.400,3206.8000,6952,0,66427320.000,0,-,-,-,-,3206.0000,3205.2000,3204.0000,3202.2000,3200.0000,3208.2000,3208.4000,3208.8000,3209.0000,3211.0000,1,1,2,1,2,3,1,1,1,4
SF,IH2103,2020-09-29 09:31:26.900,3206.8000,6952,0,66427320.000,0,-,-,-,-,3206.0000,3205.2000,3204.0000,3202.2000,3200.0000,3208.2000,3208.4000,3208.8000,3209.0000,3211.0000,1,1,2,1,2,3,1,1,1,4
SF,IH2103,2020-09-29 09:31:28.900,3206.8000,6952,0,66427320.000,0,-,-,-,-,3206.0000,3205.2000,3204.0000,3202.2000,3201.8000,3208.2000,3208.4000,3208.8000,3209.0000,3211.0000,1,1,1,1,1,3,1,1,1,4
SF,IH2103,2020-09-29 09:31:29.400,3206.8000,6952,0,66427320.000,0,-,-,-,-,3206.0000,3205.2000,3204.0000,3202.2000,3201.8000,3208.2000,3208.4000,3208.8000,3209.0000,3211.0000,1,1,1,1,1,3,1,1,1,4
SF,IH2103,2020-09-29 09:31:29.900,3206.0000,6951,-1,67389120.000,1,0,1,双平,S,3205.2000,3204.0000,3202.2000,3201.8000,3200.0000,3206.0000,3207.6000,3208.0000,3208.2000,3208.4000,1,1,1,1,2,1,3,1,3,1
SF,IH2103,2020-09-29 09:31:30.400,3206.0000,6951,0,67389120.000,0,-,-,-,-,3205.2000,3204.0000,3202.2000,3201.8000,3200.0000,3205.8000,3207.6000,3207.8000,3208.0000,3208.2000,1,1,1,1,2,1,3,1,1,3
SF,IH2103,2020-09-29 09:31:30.900,3205.8000,6950,-1,68350860.000,1,0,1,双平,S,3205.2000,3204.0000,3202.2000,3201.8000,3200.0000,3207.6000,3207.8000,3208.0000,3208.2000,3208.4000,1,1,1,1,2,3,1,1,3,1
SF,IH2103,2020-09-29 09:31:31.400,3205.8000,6950,0,68350860.000,0,-,-,-,-,3205.2000,3204.0000,3202.2000,3201.8000,3200.0000,3207.0000,3207.4000,3207.6000,3207.8000,3208.2000,1,1,1,1,2,2,4,3,1,1
SF,IH2103,2020-09-29 09:31:31.900,3205.8000,6950,0,68350860.000,0,-,-,-,-,3205.2000,3204.0000,3202.2000,3201.8000,3200.0000,3206.6000,3206.8000,3207.0000,3207.4000,3207.6000,1,1,1,1,2,1,1,2,3,3
SF,IH2103,2020-09-29 09:31:32.400,3205.2000,6949,-1,69312420.000,1,0,1,双平,S,3204.0000,3202.2000,3201.8000,3200.0000,3199.0000,3205.2000,3206.2000,3206.6000,3206.8000,3207.0000,1,1,1,2,1,1,1,1,1,1
SF,IH2103,2020-09-29 09:31:32.900,3205.2000,6948,-1,70273980.000,1,0,1,双平,S,3204.2000,3204.0000,3202.2000,3201.8000,3200.0000,3206.8000,3207.4000,3207.8000,3208.4000,3208.8000,2,1,1,1,2,1,2,1,1,1
SF,IH2103,2020-09-29 09:31:33.400,3205.2000,6948,0,70273980.000,0,-,-,-,-,3204.4000,3204.2000,3204.0000,3202.2000,3201.8000,3205.2000,3206.6000,3206.8000,3207.4000,3207.8000,1,2,1,1,1,1,1,1,1,1
SF,IH2103,2020-09-29 09:31:33.900,3205.2000,6948,0,71235540.000,1,0,1,多换,S,3204.6000,3204.2000,3204.0000,3202.2000,3201.8000,3206.6000,3206.8000,3207.0000,3207.4000,3207.8000,3,2,1,1,1,1,1,1,1,1
SF,IH2103,2020-09-29 09:31:34.400,3205.2000,6948,0,71235540.000,0,-,-,-,-,3204.8000,3204.6000,3204.2000,3204.0000,3202.2000,3206.4000,3206.6000,3207.0000,3207.4000,3207.8000,1,3,2,1,1,1,1,1,1,1
SF,IH2103,2020-09-29 09:31:34.900,3205.2000,6948,0,71235540.000,0,-,-,-,-,3204.8000,3204.6000,3204.2000,3204.0000,3202.2000,3206.2000,3206.4000,3207.0000,3207.4000,3207.8000,1,3,2,1,1,1,1,1,1,1
SF,IH2103,2020-09-29 09:31:35.400,3205.2000,6948,0,71235540.000,0,-,-,-,-,3204.6000,3204.2000,3204.0000,3202.2000,3201.8000,3206.0000,3206.2000,3207.0000,3207.4000,3207.8000,2,2,1,1,1,2,1,1,1,1
SF,IH2103,2020-09-29 09:31:35.900,3205.2000,6948,0,71235540.000,0,-,-,-,-,3204.6000,3204.2000,3204.0000,3202.2000,3201.8000,3206.0000,3207.0000,3207.4000,3207.8000,3208.4000,2,2,1,1,1,2,1,1,1,1
SF,IH2103,2020-09-29 09:31:36.400,3205.2000,6948,0,71235540.000,0,-,-,-,-,3204.6000,3204.2000,3204.0000,3202.2000,3201.8000,3206.0000,3207.0000,3207.4000,3207.8000,3208.4000,2,2,1,1,1,1,1,1,1,1
SF,IH2103,2020-09-29 09:31:37.900,3205.2000,6948,0,71235540.000,0,-,-,-,-,3204.8000,3204.6000,3204.2000,3204.0000,3202.2000,3206.0000,3207.0000,3207.4000,3207.8000,3208.4000,3,2,2,1,1,1,1,1,1,1
SF,IH2103,2020-09-29 09:31:38.400,3204.8000,6948,0,72196980.000,1,0,1,多换,S,3204.8000,3204.6000,3204.2000,3204.0000,3202.2000,3206.0000,3207.0000,3207.4000,3207.8000,3208.4000,2,2,1,1,1,1,1,1,1,1
SF,IH2103,2020-09-29 09:31:38.900,3204.8000,6948,0,72196980.000,0,-,-,-,-,3204.8000,3204.2000,3204.0000,3202.2000,3201.8000,3205.8000,3206.0000,3207.0000,3207.4000,3208.4000,2,1,1,1,1,1,1,1,1,1
SF,IH2103,2020-09-29 09:31:39.400,3204.8000,6948,0,72196980.000,0,-,-,-,-,3205.0000,3204.8000,3204.2000,3204.0000,3202.2000,3205.8000,3206.0000,3207.0000,3207.4000,3208.4000,1,2,1,1,1,1,1,1,1,1
SF,IH2103,2020-09-29 09:31:39.900,3205.0000,6947,-1,73158480.000,1,0,1,双平,S,3204.8000,3204.0000,3202.2000,3201.8000,3200.2000,3205.8000,3206.0000,3207.0000,3207.4000,3208.4000,2,1,1,1,1,1,1,1,1,1
SF,IH2103,2020-09-29 09:31:40.400,3204.8000,6948,1,74119920.000,1,1,0,双开,S,3204.8000,3204.0000,3202.2000,3201.8000,3200.2000,3205.6000,3205.8000,3207.0000,3207.4000,3208.4000,1,1,1,1,1,1,1,1,1,1
SF,IH2103,2020-09-29 09:31:40.900,3204.8000,6948,0,75081360.000,1,0,1,多换,S,3204.0000,3202.2000,3201.8000,3200.2000,3200.0000,3205.8000,3207.0000,3207.4000,3208.4000,3209.0000,1,1,1,1,2,1,1,1,1,1
SF,IH2103,2020-09-29 09:31:41.400,3204.8000,6948,0,75081360.000,0,-,-,-,-,3204.0000,3202.2000,3201.8000,3200.2000,3200.0000,3205.4000,3205.6000,3205.8000,3207.0000,3207.4000,1,1,1,1,2,1,1,1,1,1
SF,IH2103,2020-09-29 09:31:41.900,3204.8000,6948,0,75081360.000,0,-,-,-,-,3204.0000,3202.2000,3201.8000,3200.2000,3200.0000,3205.2000,3205.4000,3205.8000,3207.0000,3207.4000,1,1,1,1,2,1,1,1,1,1
SF,IH2103,2020-09-29 09:31:42.400,3204.8000,6948,0,75081360.000,0,-,-,-,-,3204.0000,3202.2000,3201.8000,3200.2000,3200.0000,3205.2000,3205.4000,3205.8000,3207.0000,3207.4000,1,1,1,1,2,1,1,1,1,1
SF,IH2103,2020-09-29 09:31:43.400,3204.0000,6948,0,76042560.000,1,0,1,多换,S,3202.2000,3201.8000,3200.2000,3200.0000,3199.0000,3205.0000,3205.2000,3205.4000,3205.8000,3207.0000,1,1,1,2,1,1,1,1,1,1
SF,IH2103,2020-09-29 09:31:43.900,3204.0000,6948,0,76042560.000,0,-,-,-,-,3202.6000,3202.4000,3202.2000,3201.8000,3200.2000,3204.8000,3205.0000,3205.4000,3207.0000,3207.4000,1,1,1,1,1,2,1,1,1,1
SF,IH2103,2020-09-29 09:31:44.400,3204.0000,6948,0,76042560.000,0,-,-,-,-,3203.0000,3202.8000,3202.6000,3202.4000,3202.2000,3204.8000,3205.0000,3205.4000,3207.0000,3207.4000,1,1,1,1,1,2,1,1,1,1
SF,IH2103,2020-09-29 09:31:45.400,3204.8000,6948,0,77004000.000,1,0,1,多换,S,3203.0000,3202.6000,3202.4000,3202.2000,3201.8000,3204.8000,3205.0000,3205.4000,3207.0000,3207.4000,1,1,1,1,1,1,1,1,1,1
SF,IH2103,2020-09-29 09:31:47.900,3204.8000,6948,0,77004000.000,0,-,-,-,-,3203.0000,3202.6000,3202.4000,3202.2000,3200.2000,3204.8000,3205.0000,3205.4000,3207.0000,3207.4000,1,1,1,1,1,1,1,1,1,1
SF,IH2103,2020-09-29 09:31:48.900,3204.8000,6948,0,77004000.000,0,-,-,-,-,3203.0000,3202.6000,3202.4000,3202.2000,3200.2000,3204.6000,3204.8000,3205.0000,3207.0000,3207.4000,1,1,1,1,1,1,1,1,1,1
SF,IH2103,2020-09-29 09:31:49.400,3204.8000,6948,0,77004000.000,0,-,-,-,-,3203.0000,3202.2000,3200.2000,3200.0000,3199.8000,3204.4000,3204.6000,3205.0000,3207.0000,3207.4000,1,1,1,2,1,1,1,1,1,1
SF,IH2103,2020-09-29 09:31:49.900,3204.8000,6948,0,77004000.000,0,-,-,-,-,3202.2000,3200.2000,3200.0000,3199.8000,3199.0000,3203.0000,3204.2000,3204.4000,3205.0000,3207.0000,1,1,2,1,1,1,1,1,1,1
SF,IH2103,2020-09-29 09:31:50.400,3204.8000,6948,0,77004000.000,0,-,-,-,-,3202.2000,3200.2000,3200.0000,3199.8000,3199.0000,3204.2000,3204.4000,3205.0000,3207.0000,3207.4000,1,1,2,1,1,1,1,1,1,1
SF,IH2103,2020-09-29 09:31:50.900,3204.8000,6948,0,77004000.000,0,-,-,-,-,3202.4000,3202.2000,3200.2000,3200.0000,3199.8000,3204.0000,3204.2000,3205.0000,3207.0000,3207.4000,1,1,1,2,1,1,1,1,1,1
SF,IH2103,2020-09-29 09:31:51.400,3204.8000,6948,0,77004000.000,0,-,-,-,-,3202.4000,3202.2000,3200.2000,3200.0000,3199.8000,3203.8000,3204.0000,3205.0000,3207.0000,3207.4000,1,1,1,2,1,1,1,1,1,1
SF,IH2103,2020-09-29 09:31:51.900,3204.8000,6948,0,77004000.000,0,-,-,-,-,3202.2000,3200.2000,3200.0000,3199.8000,3199.0000,3203.8000,3204.0000,3205.0000,3207.0000,3207.4000,1,1,2,1,1,1,1,1,1,1
SF,IH2103,2020-09-29 09:31:52.400,3204.4000,6947,-1,77965320.000,1,0,1,双平,S,3202.4000,3202.2000,3200.2000,3200.0000,3199.8000,3205.0000,3207.0000,3207.4000,3208.4000,3209.0000,1,1,1,2,1,1,1,1,1,1
SF,IH2103,2020-09-29 09:31:52.900,3204.4000,6947,0,77965320.000,0,-,-,-,-,3202.6000,3202.4000,3202.2000,3200.2000,3200.0000,3204.6000,3204.8000,3205.0000,3207.0000,3207.4000,2,1,1,1,2,1,1,1,1,1
SF,IH2103,2020-09-29 09:31:53.400,3204.4000,6947,0,77965320.000,0,-,-,-,-,3202.8000,3202.6000,3202.2000,3200.2000,3200.0000,3205.0000,3207.0000,3207.4000,3208.4000,3209.0000,1,2,1,1,2,1,1,1,1,1
SF,IH2103,2020-09-29 09:31:53.900,3204.4000,6947,0,77965320.000,0,-,-,-,-,3203.0000,3202.8000,3202.6000,3202.2000,3200.2000,3205.0000,3207.0000,3207.4000,3208.4000,3209.0000,1,1,1,1,1,1,1,1,1,1
SF,IH2103,2020-09-29 09:31:54.400,3204.4000,6947,0,77965320.000,0,-,-,-,-,3203.2000,3203.0000,3202.6000,3202.2000,3200.2000,3205.0000,3207.0000,3207.4000,3208.4000,3209.0000,1,1,1,1,1,1,1,1,1,1
SF,IH2103,2020-09-29 09:31:54.900,3204.4000,6947,0,77965320.000,0,-,-,-,-,3203.2000,3203.0000,3202.6000,3202.2000,3200.2000,3205.0000,3207.0000,3207.4000,3208.4000,3209.0000,1,1,1,1,1,1,1,1,1,1
SF,IH2103,2020-09-29 09:31:55.400,3204.4000,6947,0,77965320.000,0,-,-,-,-,3203.2000,3203.0000,3202.6000,3202.2000,3200.2000,3204.8000,3205.0000,3207.0000,3207.4000,3208.4000,1,1,1,1,1,2,1,1,1,1
SF,IH2103,2020-09-29 09:31:56.900,3204.4000,6947,0,77965320.000,0,-,-,-,-,3203.2000,3203.0000,3202.6000,3202.2000,3200.2000,3204.8000,3205.0000,3207.0000,3207.4000,3208.4000,1,1,1,1,1,1,1,1,1,1
SF,IH2103,2020-09-29 09:31:57.400,3203.2000,6946,-1,78926280.000,1,0,1,双平,S,3203.0000,3202.6000,3202.2000,3200.2000,3200.0000,3205.0000,3207.0000,3207.4000,3208.4000,3209.0000,1,1,1,1,2,1,1,1,1,1
SF,IH2103,2020-09-29 09:31:57.900,3203.2000,6945,-1,79887240.000,1,0,1,双平,S,3203.2000,3203.0000,3202.6000,3202.2000,3200.2000,3204.8000,3205.0000,3207.0000,3207.4000,3208.4000,1,1,1,1,1,1,1,1,1,1
SF,IH2103,2020-09-29 09:32:01.400,3204.8000,6944,-1,80848680.000,1,0,1,双平,S,3203.2000,3203.0000,3202.6000,3202.2000,3200.2000,3205.0000,3207.0000,3207.4000,3208.4000,3209.0000,2,1,1,1,1,1,1,1,1,1
SF,IH2103,2020-09-29 09:32:01.900,3204.8000,6944,0,80848680.000,0,-,-,-,-,3203.4000,3203.2000,3203.0000,3202.6000,3202.2000,3205.0000,3207.0000,3207.4000,3208.4000,3209.0000,1,2,1,1,1,1,1,1,1,1
SF,IH2103,2020-09-29 09:32:02.400,3204.8000,6944,0,80848680.000,0,-,-,-,-,3203.4000,3203.2000,3203.0000,3202.6000,3202.2000,3205.0000,3207.0000,3207.4000,3208.4000,3209.0000,1,1,2,1,1,1,1,1,1,1
SF,IH2103,2020-09-29 09:32:02.900,3205.0000,6943,-1,81810180.000,1,0,1,双平,S,3203.4000,3203.2000,3203.0000,3202.6000,3202.2000,3207.0000,3207.4000,3208.4000,3209.0000,3211.0000,1,1,2,1,1,1,1,1,1,4
SF,IH2103,2020-09-29 09:32:03.400,3205.0000,6943,0,81810180.000,0,-,-,-,-,3203.6000,3203.4000,3203.2000,3203.0000,3202.6000,3206.4000,3206.6000,3206.8000,3207.0000,3207.4000,1,1,1,1,1,1,2,2,1,1
SF,IH2103,2020-09-29 09:32:03.900,3203.8000,6942,-1,82771320.000,1,0,1,双平,S,3203.6000,3203.2000,3203.0000,3202.6000,3202.2000,3206.2000,3206.4000,3206.6000,3206.8000,3207.0000,1,1,1,1,1,2,1,1,1,1
SF,IH2103,2020-09-29 09:32:04.400,3203.8000,6942,0,82771320.000,0,-,-,-,-,3203.8000,3203.6000,3203.2000,3203.0000,3202.6000,3205.6000,3206.2000,3206.6000,3206.8000,3207.0000,1,1,1,1,1,1,2,1,1,1
SF,IH2103,2020-09-29 09:32:04.900,3203.8000,6942,0,82771320.000,0,-,-,-,-,3204.0000,3203.8000,3203.6000,3203.2000,3203.0000,3206.2000,3206.6000,3207.0000,3207.4000,3208.4000,1,1,1,1,1,1,1,1,1,1
SF,IH2103,2020-09-29 09:32:05.400,3203.8000,6942,0,82771320.000,0,-,-,-,-,3204.2000,3203.8000,3203.2000,3203.0000,3202.6000,3206.0000,3206.2000,3206.6000,3207.0000,3207.4000,1,1,1,1,1,1,1,1,1,1
SF,IH2103,2020-09-29 09:32:05.900,3203.8000,6942,0,82771320.000,0,-,-,-,-,3204.2000,3203.8000,3203.2000,3203.0000,3202.6000,3205.8000,3206.0000,3206.6000,3207.0000,3207.4000,1,1,1,1,1,1,1,1,1,1
SF,IH2103,2020-09-29 09:32:06.400,3203.8000,6942,0,82771320.000,0,-,-,-,-,3204.4000,3204.2000,3203.2000,3203.0000,3202.6000,3205.8000,3206.0000,3206.6000,3207.0000,3207.4000,1,1,1,1,1,1,1,1,1,1
SF,IH2103,2020-09-29 09:32:06.900,3203.8000,6942,0,82771320.000,0,-,-,-,-,3204.4000,3204.2000,3203.2000,3203.0000,3202.6000,3205.8000,3206.6000,3207.0000,3207.4000,3207.8000,1,1,1,1,1,1,1,1,1,1
SF,IH2103,2020-09-29 09:32:07.400,3203.8000,6942,0,82771320.000,0,-,-,-,-,3204.4000,3204.2000,3203.2000,3203.0000,3202.6000,3205.8000,3206.6000,3207.0000,3207.4000,3207.8000,1,1,1,1,1,1,1,1,1,1
SF,IH2103,2020-09-29 09:32:08.900,3203.8000,6942,0,82771320.000,0,-,-,-,-,3204.2000,3203.2000,3203.0000,3202.6000,3202.2000,3205.8000,3206.6000,3207.0000,3207.4000,3207.8000,1,1,1,1,1,1,1,1,1,1
SF,IH2103,2020-09-29 09:32:09.400,3203.8000,6942,0,82771320.000,0,-,-,-,-,3204.2000,3203.2000,3203.0000,3202.6000,3202.2000,3205.8000,3206.6000,3207.0000,3207.4000,3207.8000,2,1,1,1,1,1,1,1,1,1
SF,IH2103,2020-09-29 09:32:09.900,3203.8000,6942,0,82771320.000,0,-,-,-,-,3204.2000,3203.2000,3203.0000,3202.6000,3202.2000,3205.8000,3206.6000,3207.4000,3207.8000,3208.4000,2,1,1,1,1,1,1,1,1,1
SF,IH2103,2020-09-29 09:32:12.400,3203.8000,6942,0,82771320.000,0,-,-,-,-,3204.2000,3203.0000,3202.6000,3202.2000,3200.2000,3205.8000,3206.0000,3206.6000,3207.4000,3207.8000,1,1,1,1,1,1,1,1,1,1
SF,IH2103,2020-09-29 09:32:12.900,3203.8000,6942,0,82771320.000,0,-,-,-,-,3204.4000,3204.2000,3203.0000,3202.6000,3202.2000,3205.6000,3205.8000,3206.0000,3206.6000,3207.4000,1,1,1,1,1,2,1,1,1,1
SF,IH2103,2020-09-29 09:32:13.400,3203.8000,6942,0,82771320.000,0,-,-,-,-,3204.4000,3203.0000,3202.6000,3202.2000,3200.2000,3205.4000,3205.6000,3206.0000,3206.6000,3207.4000,1,1,1,1,1,1,2,1,1,1
SF,IH2103,2020-09-29 09:32:13.900,3204.4000,6941,-1,83732640.000,1,0,1,双平,S,3203.0000,3202.6000,3202.2000,3200.2000,3200.0000,3205.4000,3205.6000,3206.0000,3206.6000,3207.4000,1,1,1,1,2,1,2,1,1,1
SF,IH2103,2020-09-29 09:32:14.400,3204.4000,6941,0,83732640.000,0,-,-,-,-,3203.2000,3203.0000,3202.6000,3202.2000,3200.2000,3205.4000,3205.6000,3206.0000,3206.6000,3207.4000,6,1,1,1,1,1,1,1,1,1
SF,IH2103,2020-09-29 09:32:14.900,3204.4000,6941,0,83732640.000,0,-,-,-,-,3203.2000,3203.0000,3202.6000,3202.2000,3200.2000,3205.4000,3205.6000,3206.0000,3206.6000,3207.4000,3,1,1,1,1,1,1,1,1,1
SF,IH2103,2020-09-29 09:32:15.400,3204.4000,6941,0,83732640.000,0,-,-,-,-,3203.2000,3203.0000,3202.6000,3202.2000,3200.2000,3205.4000,3205.6000,3206.0000,3206.6000,3207.4000,4,1,1,1,1,1,1,1,1,1
SF,IH2103,2020-09-29 09:32:15.900,3204.4000,6941,0,83732640.000,0,-,-,-,-,3203.4000,3203.2000,3203.0000,3202.6000,3202.2000,3205.4000,3205.6000,3206.0000,3206.6000,3207.4000,1,4,1,1,1,1,1,1,1,1
SF,IH2103,2020-09-29 09:32:16.400,3204.4000,6941,0,83732640.000,0,-,-,-,-,3203.6000,3203.4000,3203.0000,3202.6000,3202.2000,3205.2000,3205.4000,3206.0000,3206.6000,3207.4000,1,1,1,1,1,2,1,1,1,1
SF,IH2103,2020-09-29 09:32:16.900,3204.4000,6941,0,83732640.000,0,-,-,-,-,3203.6000,3203.4000,3203.0000,3202.6000,3202.2000,3205.0000,3206.0000,3206.6000,3207.4000,3207.8000,1,1,1,1,1,1,1,1,1,1
SF,IH2103,2020-09-29 09:32:17.400,3204.4000,6941,0,83732640.000,0,-,-,-,-,3203.4000,3203.0000,3202.6000,3202.2000,3200.2000,3205.0000,3206.0000,3206.6000,3207.4000,3207.8000,1,1,1,1,1,1,1,1,1,1
SF,IH2103,2020-09-29 09:32:17.900,3204.4000,6941,0,83732640.000,0,-,-,-,-,3203.4000,3203.0000,3202.6000,3202.2000,3200.2000,3205.0000,3206.0000,3206.6000,3207.4000,3207.8000,1,1,1,1,1,1,1,1,1,1
SF,IH2103,2020-09-29 09:32:20.400,3205.0000,6940,-1,84694140.000,1,0,1,双平,S,3203.4000,3203.0000,3202.6000,3202.2000,3200.2000,3206.0000,3206.6000,3207.4000,3207.8000,3208.4000,1,1,1,1,1,1,1,1,1,1
SF,IH2103,2020-09-29 09:32:20.900,3205.0000,6940,0,84694140.000,0,-,-,-,-,3203.6000,3203.0000,3202.6000,3202.2000,3200.2000,3205.6000,3205.8000,3206.0000,3206.6000,3207.4000,2,1,1,1,1,1,1,1,1,1
SF,IH2103,2020-09-29 09:32:21.400,3205.0000,6940,0,84694140.000,0,-,-,-,-,3203.8000,3203.6000,3203.0000,3202.6000,3202.2000,3205.6000,3205.8000,3206.0000,3206.6000,3207.4000,1,2,1,1,1,1,1,1,1,1
SF,IH2103,2020-09-29 09:32:22.400,3205.0000,6940,0,84694140.000,0,-,-,-,-,3203.8000,3203.6000,3203.0000,3202.6000,3202.2000,3205.6000,3205.8000,3206.0000,3206.6000,3207.4000,1,2,1,1,1,1,1,1,1,1
SF,IH2103,2020-09-29 09:32:22.900,3205.0000,6940,0,84694140.000,0,-,-,-,-,3204.0000,3203.8000,3203.6000,3203.0000,3202.6000,3205.6000,3205.8000,3206.0000,3206.6000,3207.4000,1,1,1,1,1,1,1,1,1,1
SF,IH2103,2020-09-29 09:32:23.400,3205.0000,6940,0,84694140.000,0,-,-,-,-,3204.0000,3203.6000,3203.0000,3202.6000,3202.2000,3206.0000,3206.6000,3207.4000,3207.8000,3208.4000,1,1,1,1,1,1,1,1,1,1
SF,IH2103,2020-09-29 09:32:23.900,3205.0000,6940,0,84694140.000,0,-,-,-,-,3204.2000,3204.0000,3203.0000,3202.6000,3202.2000,3206.0000,3206.6000,3207.4000,3207.8000,3208.4000,1,1,1,1,1,1,1,1,1,1
SF,IH2103,2020-09-29 09:32:24.400,3205.0000,6940,0,84694140.000,0,-,-,-,-,3204.4000,3204.2000,3203.0000,3202.6000,3202.2000,3206.0000,3206.6000,3207.4000,3207.8000,3208.4000,1,1,1,1,1,1,1,1,1,1
SF,IH2103,2020-09-29 09:32:24.900,3205.0000,6940,0,84694140.000,0,-,-,-,-,3204.4000,3204.2000,3203.0000,3202.6000,3202.2000,3206.0000,3207.4000,3207.8000,3208.4000,3209.0000,1,1,1,1,1,1,1,1,1,1
SF,IH2103,2020-09-29 09:32:28.400,3205.0000,6940,0,84694140.000,0,-,-,-,-,3204.4000,3204.2000,3203.0000,3202.6000,3202.2000,3205.8000,3206.0000,3207.4000,3207.8000,3208.4000,1,1,1,1,1,1,1,1,1,1
SF,IH2103,2020-09-29 09:32:28.900,3204.4000,6939,-1,85655460.000,1,0,1,双平,S,3204.2000,3203.0000,3202.6000,3202.2000,3200.2000,3205.6000,3205.8000,3206.0000,3207.4000,3207.8000,1,1,1,1,1,1,1,1,1,1
SF,IH2103,2020-09-29 09:32:29.400,3204.4000,6939,0,85655460.000,0,-,-,-,-,3203.0000,3202.6000,3202.2000,3200.2000,3200.0000,3205.2000,3205.4000,3205.6000,3206.0000,3207.4000,1,1,1,1,2,1,1,1,1,1
SF,IH2103,2020-09-29 09:32:29.900,3204.4000,6939,0,85655460.000,0,-,-,-,-,3203.2000,3203.0000,3202.6000,3202.2000,3200.2000,3205.0000,3205.2000,3205.6000,3206.0000,3207.4000,1,1,1,1,1,1,1,1,1,1
SF,IH2103,2020-09-29 09:32:30.900,3204.4000,6939,0,85655460.000,0,-,-,-,-,3203.2000,3203.0000,3202.6000,3202.2000,3200.2000,3204.8000,3205.0000,3205.6000,3206.0000,3207.4000,1,1,1,1,1,1,1,1,1,1
SF,IH2103,2020-09-29 09:32:31.400,3204.4000,6939,0,85655460.000,0,-,-,-,-,3203.2000,3203.0000,3202.6000,3202.2000,3200.2000,3204.6000,3204.8000,3205.6000,3206.0000,3207.4000,1,1,1,1,1,1,1,1,2,1
SF,IH2103,2020-09-29 09:32:31.900,3204.4000,6939,0,85655460.000,0,-,-,-,-,3203.0000,3202.2000,3200.2000,3200.0000,3199.8000,3204.6000,3204.8000,3205.6000,3206.0000,3207.4000,1,1,1,2,1,1,1,1,2,1
SF,IH2103,2020-09-29 09:32:32.400,3204.4000,6939,0,85655460.000,0,-,-,-,-,3203.0000,3202.2000,3200.2000,3200.0000,3199.8000,3204.2000,3204.6000,3205.6000,3206.0000,3207.4000,1,1,1,2,1,1,1,1,2,1
SF,IH2103,2020-09-29 09:32:32.900,3204.4000,6939,0,85655460.000,0,-,-,-,-,3203.0000,3202.2000,3200.2000,3200.0000,3199.8000,3204.6000,3206.0000,3207.4000,3207.8000,3208.4000,1,1,1,2,1,1,2,1,1,1
SF,IH2103,2020-09-29 09:32:33.400,3204.4000,6939,0,85655460.000,0,-,-,-,-,3203.0000,3202.2000,3200.2000,3200.0000,3199.8000,3204.4000,3204.6000,3206.0000,3207.4000,3207.8000,1,1,1,2,1,1,1,2,1,1
SF,IH2103,2020-09-29 09:32:33.900,3204.4000,6939,0,85655460.000,0,-,-,-,-,3203.0000,3202.2000,3200.2000,3200.0000,3199.8000,3204.2000,3204.4000,3206.0000,3207.4000,3207.8000,1,1,1,2,1,1,1,2,1,1
SF,IH2103,2020-09-29 09:32:34.900,3204.2000,6938,-1,86616720.000,1,0,1,双平,S,3203.0000,3202.2000,3200.2000,3200.0000,3199.8000,3206.0000,3207.4000,3207.8000,3208.4000,3209.0000,1,1,1,2,1,2,1,1,1,1
SF,IH2103,2020-09-29 09:32:35.400,3204.2000,6938,0,86616720.000,0,-,-,-,-,3203.2000,3203.0000,3202.2000,3200.2000,3200.0000,3205.4000,3205.8000,3206.0000,3207.8000,3208.4000,2,1,1,1,2,1,3,2,1,1
SF,IH2103,2020-09-29 09:32:35.900,3204.2000,6938,0,86616720.000,0,-,-,-,-,3203.2000,3203.0000,3202.2000,3200.2000,3200.0000,3205.2000,3205.4000,3205.8000,3206.0000,3207.8000,2,1,1,1,2,1,1,2,2,1
SF,IH2103,2020-09-29 09:32:36.400,3204.2000,6938,0,86616720.000,0,-,-,-,-,3203.2000,3203.0000,3202.2000,3200.2000,3200.0000,3205.0000,3205.2000,3205.8000,3206.0000,3207.8000,1,1,1,1,2,2,1,2,2,1
SF,IH2103,2020-09-29 09:32:36.900,3204.2000,6938,0,86616720.000,0,-,-,-,-,3203.2000,3203.0000,3202.2000,3200.2000,3200.0000,3204.6000,3204.8000,3205.0000,3205.8000,3206.0000,1,1,1,1,2,1,1,2,2,2
SF,IH2103,2020-09-29 09:32:37.400,3204.2000,6938,0,86616720.000,0,-,-,-,-,3203.0000,3202.2000,3200.2000,3200.0000,3199.8000,3204.6000,3204.8000,3205.0000,3205.8000,3206.0000,1,1,1,2,1,1,1,2,2,2
SF,IH2103,2020-09-29 09:32:37.900,3203.0000,6938,0,87577620.000,1,0,1,多换,S,3202.2000,3200.2000,3200.0000,3199.8000,3199.0000,3202.8000,3204.4000,3204.6000,3205.0000,3205.8000,1,1,2,1,1,1,1,1,1,2
SF,IH2103,2020-09-29 09:32:38.400,3203.0000,6938,0,87577620.000,0,-,-,-,-,3202.2000,3200.2000,3200.0000,3199.8000,3199.0000,3204.4000,3204.6000,3205.0000,3205.8000,3206.0000,1,1,2,1,1,1,1,1,2,2
SF,IH2103,2020-09-29 09:32:38.900,3203.0000,6938,0,87577620.000,0,-,-,-,-,3202.4000,3202.2000,3200.2000,3200.0000,3199.8000,3204.2000,3204.4000,3204.6000,3205.0000,3205.8000,1,1,1,2,1,1,1,1,1,1
SF,IH2103,2020-09-29 09:32:39.400,3203.0000,6938,0,87577620.000,0,-,-,-,-,3202.4000,3202.2000,3200.2000,3200.0000,3199.8000,3203.6000,3204.0000,3204.2000,3205.0000,3205.8000,1,1,1,2,1,1,1,1,1,1
SF,IH2103,2020-09-29 09:32:39.900,3203.0000,6938,0,87577620.000,0,-,-,-,-,3202.2000,3200.2000,3200.0000,3199.8000,3199.0000,3203.6000,3204.0000,3204.2000,3205.0000,3205.8000,1,1,2,1,1,1,1,1,1,1
SF,IH2103,2020-09-29 09:32:40.400,3203.0000,6938,0,87577620.000,0,-,-,-,-,3202.2000,3200.2000,3200.0000,3199.8000,3199.0000,3203.6000,3204.0000,3204.2000,3205.0000,3205.8000,1,1,2,1,1,1,1,1,1,1
SF,IH2103,2020-09-29 09:32:40.900,3203.0000,6938,0,87577620.000,0,-,-,-,-,3202.2000,3200.2000,3200.0000,3199.8000,3199.0000,3203.4000,3203.6000,3204.0000,3204.2000,3205.0000,1,1,2,1,1,1,1,1,1,1
SF,IH2103,2020-09-29 09:32:41.400,3203.0000,6938,0,87577620.000,0,-,-,-,-,3202.2000,3200.2000,3200.0000,3199.8000,3199.0000,3203.2000,3203.4000,3204.0000,3204.2000,3205.0000,1,1,2,1,1,1,1,1,1,1
SF,IH2103,2020-09-29 09:32:41.900,3203.4000,6937,-1,89499600.000,2,0,2,多平,S,3202.2000,3200.2000,3200.0000,3199.8000,3199.0000,3204.0000,3204.2000,3205.0000,3206.0000,3207.8000,1,1,2,1,1,1,1,1,2,1
SF,IH2103,2020-09-29 09:32:42.400,3203.4000,6937,0,89499600.000,0,-,-,-,-,3202.4000,3202.2000,3200.2000,3200.0000,3199.8000,3204.0000,3205.0000,3206.0000,3207.8000,3208.4000,2,1,1,2,1,1,1,2,1,1
SF,IH2103,2020-09-29 09:32:45.900,3202.4000,6935,-2,91421040.000,2,0,2,双平,S,3202.2000,3200.2000,3200.0000,3199.8000,3199.0000,3204.0000,3205.0000,3206.0000,3207.8000,3208.4000,1,1,2,1,1,1,1,2,1,1
SF,IH2103,2020-09-29 09:32:46.400,3202.4000,6935,0,91421040.000,0,-,-,-,-,3202.4000,3202.2000,3200.2000,3200.0000,3199.8000,3203.8000,3204.0000,3205.0000,3206.0000,3207.8000,1,1,1,2,1,1,1,1,2,1
SF,IH2103,2020-09-29 09:32:46.900,3202.4000,6935,0,91421040.000,0,-,-,-,-,3202.4000,3202.2000,3200.2000,3200.0000,3199.8000,3203.6000,3203.8000,3205.0000,3206.0000,3207.8000,1,1,1,2,1,1,2,1,2,1
SF,IH2103,2020-09-29 09:32:47.400,3202.4000,6935,0,91421040.000,0,-,-,-,-,3202.4000,3202.2000,3200.2000,3200.0000,3199.8000,3203.6000,3203.8000,3205.0000,3206.0000,3207.8000,1,1,1,2,1,1,2,1,1,1
SF,IH2103,2020-09-29 09:32:47.900,3202.4000,6935,0,91421040.000,0,-,-,-,-,3202.4000,3202.2000,3200.2000,3200.0000,3199.8000,3203.6000,3203.8000,3205.0000,3206.0000,3207.8000,1,1,1,2,1,1,2,1,1,1
SF,IH2103,2020-09-29 09:32:48.400,3202.4000,6935,0,91421040.000,0,-,-,-,-,3202.4000,3202.2000,3200.2000,3200.0000,3199.8000,3203.6000,3203.8000,3205.0000,3206.0000,3207.8000,1,1,1,2,1,1,2,1,1,1
SF,IH2103,2020-09-29 09:32:49.400,3202.4000,6935,0,91421040.000,0,-,-,-,-,3202.2000,3200.2000,3200.0000,3199.8000,3199.0000,3203.6000,3203.8000,3205.0000,3206.0000,3207.8000,1,1,2,1,1,1,2,1,1,1
SF,IH2103,2020-09-29 09:32:50.900,3202.4000,6935,0,91421040.000,0,-,-,-,-,3202.2000,3200.2000,3200.0000,3199.8000,3199.0000,3203.6000,3203.8000,3205.0000,3207.8000,3208.4000,1,1,2,1,1,1,2,1,1,1
SF,IH2103,2020-09-29 09:32:57.900,3203.6000,6934,-1,92382120.000,1,0,1,双平,S,3202.2000,3200.2000,3200.0000,3199.8000,3199.0000,3203.8000,3205.0000,3207.8000,3208.4000,3209.0000,1,1,2,1,1,2,1,1,1,1
SF,IH2103,2020-09-29 09:32:58.400,3203.6000,6934,0,92382120.000,0,-,-,-,-,3202.4000,3202.2000,3200.2000,3200.0000,3199.8000,3203.8000,3205.0000,3207.8000,3208.4000,3209.0000,1,1,1,2,1,1,1,1,1,1
SF,IH2103,2020-09-29 09:33:00.900,3203.6000,6934,0,92382120.000,0,-,-,-,-,3202.4000,3202.2000,3200.2000,3200.0000,3199.0000,3203.8000,3205.0000,3207.8000,3208.4000,3209.0000,1,1,1,2,1,1,1,1,1,1
SF,IH2103,2020-09-29 09:33:04.400,3203.8000,6933,-1,93343260.000,1,0,1,双平,S,3202.4000,3202.2000,3200.2000,3200.0000,3199.0000,3205.0000,3207.8000,3208.4000,3209.0000,3211.0000,1,1,1,2,1,1,1,1,1,4
SF,IH2103,2020-09-29 09:33:04.900,3203.8000,6933,0,93343260.000,0,-,-,-,-,3202.6000,3202.4000,3202.2000,3200.2000,3200.0000,3204.6000,3204.8000,3205.0000,3207.8000,3208.4000,1,1,1,1,2,1,2,1,1,1
SF,IH2103,2020-09-29 09:33:05.400,3203.8000,6933,0,93343260.000,0,-,-,-,-,3202.6000,3202.4000,3202.2000,3200.2000,3200.0000,3204.4000,3204.6000,3204.8000,3205.0000,3207.8000,1,1,1,1,2,2,1,1,1,1
SF,IH2103,2020-09-29 09:33:10.400,3203.8000,6933,0,93343260.000,0,-,-,-,-,3202.6000,3202.4000,3202.2000,3200.2000,3200.0000,3204.4000,3204.6000,3204.8000,3205.0000,3207.8000,1,1,1,1,2,2,1,1,1,1
SF,IH2103,2020-09-29 09:33:10.900,3203.8000,6933,0,93343260.000,0,-,-,-,-,3202.6000,3202.4000,3202.2000,3200.2000,3200.0000,3204.4000,3204.6000,3205.0000,3207.8000,3208.4000,1,1,1,1,2,2,1,1,1,1
SF,IH2103,2020-09-29 09:33:11.400,3204.4000,6933,0,95265900.000,2,1,1,多换,S,3204.4000,3202.6000,3202.4000,3202.2000,3200.2000,3204.6000,3205.0000,3207.8000,3208.4000,3209.0000,1,1,1,1,1,1,1,1,1,1
SF,IH2103,2020-09-29 09:33:11.900,3204.4000,6933,0,96227220.000,1,0,1,多换,S,3202.6000,3202.4000,3202.2000,3200.2000,3200.0000,3204.6000,3205.0000,3207.8000,3208.4000,3209.0000,1,1,1,1,2,1,1,1,1,1
SF,IH2103,2020-09-29 09:33:12.400,3204.4000,6933,0,96227220.000,0,-,-,-,-,3202.8000,3202.6000,3202.2000,3200.2000,3200.0000,3204.6000,3205.0000,3207.8000,3208.4000,3209.0000,3,1,1,1,2,1,1,1,1,1
SF,IH2103,2020-09-29 09:33:12.900,3204.4000,6933,0,96227220.000,0,-,-,-,-,3202.8000,3202.6000,3202.2000,3200.2000,3200.0000,3205.0000,3207.8000,3208.4000,3209.0000,3211.0000,3,1,1,1,2,1,1,1,1,4
SF,IH2103,2020-09-29 09:33:13.400,3204.4000,6933,0,96227220.000,0,-,-,-,-,3203.0000,3202.8000,3202.2000,3200.2000,3200.0000,3207.8000,3208.4000,3209.0000,3211.0000,3212.6000,1,3,1,1,2,1,1,1,4,1
SF,IH2103,2020-09-29 09:33:13.900,3204.4000,6933,0,96227220.000,0,-,-,-,-,3203.2000,3203.0000,3202.2000,3200.2000,3200.0000,3205.6000,3207.4000,3207.6000,3207.8000,3208.4000,1,1,1,1,2,1,1,1,1,1
SF,IH2103,2020-09-29 09:33:14.400,3204.4000,6933,0,96227220.000,0,-,-,-,-,3203.4000,3203.2000,3202.2000,3200.2000,3200.0000,3205.6000,3207.4000,3207.6000,3207.8000,3208.4000,2,1,1,1,2,1,1,1,1,1
SF,IH2103,2020-09-29 09:33:14.900,3204.4000,6933,0,96227220.000,0,-,-,-,-,3203.6000,3203.4000,3202.2000,3200.2000,3200.0000,3205.6000,3207.4000,3207.6000,3207.8000,3208.4000,1,2,1,1,2,1,1,1,1,1
SF,IH2103,2020-09-29 09:33:15.400,3204.4000,6933,0,96227220.000,0,-,-,-,-,3203.8000,3203.6000,3202.2000,3200.2000,3200.0000,3205.6000,3207.4000,3207.6000,3207.8000,3208.4000,3,1,1,1,2,1,1,1,1,1
SF,IH2103,2020-09-29 09:33:15.900,3204.4000,6933,0,96227220.000,0,-,-,-,-,3204.0000,3203.8000,3202.2000,3200.2000,3200.0000,3207.4000,3207.6000,3207.8000,3208.4000,3209.0000,1,3,1,1,2,1,1,1,1,1
SF,IH2103,2020-09-29 09:33:16.400,3204.4000,6933,0,96227220.000,0,-,-,-,-,3204.2000,3204.0000,3203.8000,3202.2000,3200.2000,3206.4000,3207.0000,3207.2000,3207.4000,3207.8000,1,1,2,1,1,1,1,1,1,1
SF,IH2103,2020-09-29 09:33:16.900,3204.4000,6933,0,96227220.000,0,-,-,-,-,3204.4000,3204.2000,3203.8000,3202.2000,3200.2000,3206.4000,3207.0000,3207.2000,3207.4000,3207.8000,1,1,2,1,1,1,1,1,1,1
SF,IH2103,2020-09-29 09:33:17.400,3204.4000,6933,0,96227220.000,0,-,-,-,-,3204.6000,3204.4000,3202.2000,3200.2000,3200.0000,3206.4000,3207.0000,3207.2000,3207.4000,3207.8000,3,1,1,1,2,1,1,1,1,1
SF,IH2103,2020-09-29 09:33:17.900,3204.4000,6933,0,96227220.000,0,-,-,-,-,3204.8000,3204.6000,3202.2000,3200.2000,3200.0000,3206.4000,3207.0000,3207.2000,3207.4000,3207.8000,1,3,1,1,2,1,1,1,1,1
SF,IH2103,2020-09-29 09:33:18.400,3204.4000,6933,0,96227220.000,0,-,-,-,-,3204.8000,3204.6000,3202.2000,3200.2000,3200.0000,3206.4000,3207.0000,3207.2000,3207.4000,3207.8000,1,1,1,1,2,1,1,1,1,1
SF,IH2103,2020-09-29 09:33:18.900,3204.8000,6932,-1,97188660.000,1,0,1,双平,S,3204.6000,3202.2000,3200.2000,3200.0000,3199.0000,3206.4000,3207.0000,3207.2000,3207.4000,3207.8000,1,1,1,2,1,1,1,1,1,1
SF,IH2103,2020-09-29 09:33:19.400,3204.8000,6932,0,97188660.000,0,-,-,-,-,3204.6000,3202.2000,3200.2000,3200.0000,3199.0000,3206.2000,3206.4000,3207.0000,3207.4000,3207.8000,1,1,1,2,1,1,1,1,1,1
SF,IH2103,2020-09-29 09:33:20.400,3206.2000,6931,-1,98150520.000,1,0,1,双平,S,3204.6000,3202.2000,3200.2000,3200.0000,3199.0000,3206.4000,3207.0000,3207.4000,3207.8000,3208.4000,1,1,1,2,1,1,1,1,1,1
SF,IH2103,2020-09-29 09:33:20.900,3206.2000,6931,0,98150520.000,0,-,-,-,-,3204.8000,3204.6000,3202.2000,3200.2000,3200.0000,3206.4000,3207.0000,3207.4000,3207.8000,3208.4000,1,1,1,1,2,1,1,1,1,1
SF,IH2103,2020-09-29 09:33:22.400,3206.4000,6930,-1,99112440.000,1,0,1,双平,S,3204.8000,3204.6000,3202.2000,3200.2000,3200.0000,3207.0000,3207.4000,3207.8000,3208.4000,3209.0000,1,1,1,1,2,1,1,1,1,1
SF,IH2103,2020-09-29 09:33:22.900,3206.4000,6930,0,99112440.000,0,-,-,-,-,3205.0000,3204.8000,3202.2000,3200.2000,3200.0000,3206.6000,3207.0000,3207.4000,3207.8000,3208.4000,1,1,1,1,2,1,1,1,1,1
SF,IH2103,2020-09-29 09:33:23.400,3206.4000,6930,0,99112440.000,0,-,-,-,-,3205.0000,3204.8000,3202.2000,3200.2000,3200.0000,3206.6000,3207.0000,3207.4000,3207.8000,3208.4000,1,1,1,1,2,1,1,1,1,1
SF,IH2103,2020-09-29 09:33:23.900,3206.4000,6930,0,99112440.000,0,-,-,-,-,3205.2000,3205.0000,3202.2000,3200.2000,3200.0000,3206.6000,3207.0000,3207.4000,3207.8000,3208.4000,1,1,1,1,2,1,1,1,1,1
SF,IH2103,2020-09-29 09:33:24.900,3205.0000,6928,-2,101035500.000,2,0,2,双平,S,3202.2000,3200.2000,3200.0000,3199.0000,3198.2000,3206.6000,3207.0000,3207.4000,3207.8000,3208.4000,1,1,2,1,1,1,1,1,1,1
SF,IH2103,2020-09-29 09:33:25.400,3205.0000,6928,0,101035500.000,0,-,-,-,-,3204.0000,3202.8000,3202.6000,3202.4000,3202.2000,3206.4000,3206.6000,3207.0000,3207.4000,3207.8000,1,1,1,4,1,5,1,1,1,1
SF,IH2103,2020-09-29 09:33:25.900,3205.0000,6928,0,101035500.000,0,-,-,-,-,3204.0000,3202.6000,3202.4000,3202.2000,3200.2000,3205.8000,3206.4000,3206.6000,3207.0000,3207.8000,1,1,1,1,1,1,5,1,1,1
SF,IH2103,2020-09-29 09:33:26.400,3205.0000,6928,0,101035500.000,0,-,-,-,-,3204.0000,3202.6000,3202.4000,3202.2000,3200.2000,3205.6000,3205.8000,3206.4000,3206.6000,3207.0000,1,1,1,1,1,1,1,2,1,1
SF,IH2103,2020-09-29 09:33:26.900,3205.0000,6928,0,101035500.000,0,-,-,-,-,3202.6000,3202.4000,3202.2000,3200.2000,3200.0000,3205.6000,3205.8000,3206.4000,3206.6000,3207.0000,1,1,1,1,2,1,1,2,1,1
SF,IH2103,2020-09-29 09:33:27.400,3205.0000,6928,0,101035500.000,0,-,-,-,-,3203.2000,3202.8000,3202.6000,3202.2000,3200.2000,3205.4000,3205.6000,3205.8000,3206.4000,3206.6000,1,1,1,1,1,1,1,1,1,1
SF,IH2103,2020-09-29 09:33:27.900,3205.0000,6928,0,101035500.000,0,-,-,-,-,3203.4000,3203.2000,3202.6000,3202.2000,3200.2000,3205.2000,3205.4000,3205.8000,3206.4000,3206.6000,1,1,1,1,1,1,1,1,1,1
SF,IH2103,2020-09-29 09:33:28.900,3205.0000,6928,0,101035500.000,0,-,-,-,-,3203.4000,3203.2000,3202.6000,3202.2000,3200.2000,3205.2000,3205.4000,3205.8000,3206.6000,3207.0000,1,1,1,1,1,1,1,1,1,1
SF,IH2103,2020-09-29 09:33:29.400,3205.0000,6928,0,101035500.000,0,-,-,-,-,3203.4000,3203.2000,3202.6000,3202.2000,3200.2000,3205.0000,3205.2000,3205.8000,3207.0000,3207.8000,1,1,1,1,1,1,1,1,1,1
SF,IH2103,2020-09-29 09:33:29.900,3205.0000,6928,0,101035500.000,0,-,-,-,-,3202.2000,3200.2000,3200.0000,3199.0000,3198.2000,3204.8000,3205.0000,3205.8000,3207.0000,3207.8000,1,1,2,1,1,1,1,1,1,1
SF,IH2103,2020-09-29 09:33:30.400,3205.0000,6928,0,101035500.000,0,-,-,-,-,3202.4000,3202.2000,3200.2000,3200.0000,3199.0000,3204.2000,3204.6000,3204.8000,3205.0000,3207.0000,1,1,1,2,1,1,1,1,1,1
SF,IH2103,2020-09-29 09:33:30.900,3205.0000,6928,0,101035500.000,0,-,-,-,-,3202.2000,3200.2000,3200.0000,3199.0000,3198.2000,3204.0000,3204.2000,3204.6000,3205.0000,3207.0000,1,1,2,1,1,1,1,1,1,1
SF,IH2103,2020-09-29 09:33:31.900,3205.0000,6928,0,101035500.000,0,-,-,-,-,3202.6000,3202.2000,3200.2000,3200.0000,3199.0000,3204.0000,3204.6000,3205.0000,3207.0000,3207.8000,1,1,1,2,1,1,1,1,1,1
SF,IH2103,2020-09-29 09:33:32.400,3205.0000,6928,0,101035500.000,0,-,-,-,-,3202.8000,3202.6000,3202.2000,3200.2000,3200.0000,3204.6000,3205.0000,3207.0000,3207.8000,3208.4000,1,1,1,1,2,1,1,1,1,1
SF,IH2103,2020-09-29 09:33:32.900,3205.0000,6928,0,101035500.000,0,-,-,-,-,3203.0000,3202.8000,3202.6000,3202.2000,3200.2000,3204.6000,3205.0000,3207.0000,3207.8000,3208.4000,1,1,1,1,1,1,1,1,1,1
SF,IH2103,2020-09-29 09:33:33.400,3205.0000,6928,0,101035500.000,0,-,-,-,-,3202.8000,3202.6000,3202.2000,3200.2000,3200.0000,3204.6000,3205.0000,3207.0000,3207.8000,3208.4000,1,1,1,1,2,1,1,1,1,1
SF,IH2103,2020-09-29 09:33:34.900,3205.0000,6928,0,101035500.000,0,-,-,-,-,3202.8000,3202.6000,3202.2000,3200.2000,3200.0000,3204.4000,3204.6000,3205.0000,3207.0000,3207.8000,1,1,1,1,2,1,1,1,1,1
SF,IH2103,2020-09-29 09:33:35.400,3205.0000,6928,0,101035500.000,0,-,-,-,-,3202.8000,3202.6000,3202.2000,3200.2000,3200.0000,3204.4000,3204.6000,3205.0000,3207.0000,3207.8000,1,1,1,1,2,1,1,2,1,1
SF,IH2103,2020-09-29 09:33:36.400,3205.0000,6928,0,101035500.000,0,-,-,-,-,3202.8000,3202.6000,3202.2000,3200.2000,3200.0000,3204.4000,3204.6000,3205.0000,3206.8000,3207.0000,1,1,1,1,2,1,1,2,1,1
SF,IH2103,2020-09-29 09:33:36.900,3205.0000,6928,0,101035500.000,0,-,-,-,-,3202.6000,3202.2000,3200.2000,3200.0000,3199.0000,3204.2000,3204.4000,3204.6000,3205.0000,3206.8000,1,1,1,2,1,1,1,1,2,1
SF,IH2103,2020-09-29 09:33:37.900,3205.0000,6928,0,101035500.000,0,-,-,-,-,3202.2000,3200.2000,3200.0000,3199.0000,3198.2000,3204.2000,3204.4000,3204.6000,3205.0000,3206.8000,1,1,2,1,1,1,1,1,2,1
SF,IH2103,2020-09-29 09:33:38.400,3205.0000,6928,0,101035500.000,0,-,-,-,-,3202.4000,3202.2000,3200.2000,3200.0000,3199.0000,3204.0000,3204.2000,3204.4000,3205.0000,3206.8000,2,1,1,2,1,1,1,1,2,1
SF,IH2103,2020-09-29 09:33:38.900,3205.0000,6928,0,101035500.000,0,-,-,-,-,3202.2000,3200.2000,3200.0000,3199.0000,3198.2000,3204.0000,3204.2000,3204.4000,3205.0000,3206.8000,1,1,2,1,1,1,1,1,2,1
SF,IH2103,2020-09-29 09:33:39.400,3204.0000,6927,-1,101996700.000,1,0,1,双平,S,3202.4000,3202.2000,3200.2000,3200.0000,3199.0000,3204.2000,3204.4000,3205.0000,3206.8000,3207.0000,1,1,1,2,1,1,1,2,1,1
SF,IH2103,2020-09-29 09:33:39.900,3204.0000,6927,0,101996700.000,0,-,-,-,-,3202.6000,3202.4000,3202.2000,3200.2000,3200.0000,3205.0000,3206.8000,3207.0000,3207.8000,3208.4000,1,1,1,1,2,2,1,1,1,1
SF,IH2103,2020-09-29 09:33:40.400,3204.0000,6927,0,101996700.000,0,-,-,-,-,3202.8000,3202.6000,3202.4000,3202.2000,3200.2000,3204.8000,3205.0000,3206.8000,3207.0000,3207.8000,2,1,1,1,1,1,1,1,1,1
SF,IH2103,2020-09-29 09:33:40.900,3204.0000,6927,0,101996700.000,0,-,-,-,-,3203.0000,3202.8000,3202.4000,3202.2000,3200.2000,3204.8000,3205.0000,3206.8000,3207.0000,3207.8000,3,1,1,1,1,1,1,1,1,1
SF,IH2103,2020-09-29 09:33:41.400,3204.0000,6927,0,101996700.000,0,-,-,-,-,3204.0000,3203.0000,3202.8000,3202.2000,3200.2000,3205.0000,3206.8000,3207.0000,3207.8000,3208.4000,1,3,1,1,1,1,1,1,1,1
SF,IH2103,2020-09-29 09:33:41.900,3204.0000,6927,0,101996700.000,0,-,-,-,-,3204.0000,3203.0000,3202.8000,3202.2000,3200.2000,3204.6000,3205.0000,3206.8000,3207.0000,3207.8000,1,1,1,1,1,1,1,1,1,1
SF,IH2103,2020-09-29 09:33:42.900,3204.0000,6927,0,101996700.000,0,-,-,-,-,3204.6000,3204.0000,3203.0000,3202.8000,3202.2000,3205.0000,3206.8000,3207.0000,3207.8000,3208.4000,1,1,1,1,1,1,1,1,1,1
SF,IH2103,2020-09-29 09:33:43.400,3204.6000,6926,-1,102958080.000,1,0,1,双平,S,3204.0000,3203.0000,3202.8000,3202.2000,3200.2000,3204.6000,3205.0000,3206.8000,3207.0000,3207.8000,1,1,1,1,1,1,1,1,1,1
SF,IH2103,2020-09-29 09:33:43.900,3204.0000,6926,0,103919280.000,1,0,1,多换,S,3203.0000,3202.8000,3202.2000,3200.2000,3200.0000,3205.0000,3206.8000,3207.0000,3207.8000,3208.4000,1,1,1,1,2,1,1,1,1,1
SF,IH2103,2020-09-29 09:33:44.400,3204.0000,6926,0,103919280.000,0,-,-,-,-,3203.2000,3203.0000,3202.2000,3200.2000,3200.0000,3204.8000,3205.0000,3206.8000,3207.0000,3207.8000,2,1,1,1,2,1,1,1,1,1
SF,IH2103,2020-09-29 09:33:44.900,3204.0000,6926,0,103919280.000,0,-,-,-,-,3203.2000,3203.0000,3202.2000,3200.2000,3200.0000,3204.8000,3205.0000,3207.0000,3207.8000,3208.4000,1,1,1,1,2,1,1,1,1,1
SF,IH2103,2020-09-29 09:33:45.400,3204.0000,6926,0,103919280.000,0,-,-,-,-,3203.2000,3203.0000,3202.2000,3200.2000,3200.0000,3204.8000,3205.0000,3207.0000,3207.8000,3208.4000,1,1,1,1,2,2,1,1,1,1
SF,IH2103,2020-09-29 09:33:45.900,3204.0000,6926,0,103919280.000,0,-,-,-,-,3203.2000,3203.0000,3202.2000,3200.2000,3200.0000,3204.6000,3204.8000,3205.0000,3207.0000,3207.8000,1,1,1,1,2,1,1,1,1,1
SF,IH2103,2020-09-29 09:33:46.400,3204.0000,6926,0,103919280.000,0,-,-,-,-,3203.0000,3202.2000,3200.2000,3200.0000,3199.0000,3204.6000,3204.8000,3205.0000,3207.0000,3207.8000,1,1,1,2,1,1,1,1,1,1
SF,IH2103,2020-09-29 09:33:47.400,3204.0000,6926,0,103919280.000,0,-,-,-,-,3203.2000,3203.0000,3202.2000,3200.2000,3200.0000,3204.6000,3204.8000,3205.0000,3207.0000,3207.8000,1,1,1,1,2,1,1,1,1,1
SF,IH2103,2020-09-29 09:33:47.900,3204.0000,6926,0,103919280.000,0,-,-,-,-,3203.2000,3203.0000,3202.2000,3200.2000,3200.0000,3204.6000,3205.0000,3207.0000,3207.8000,3208.4000,1,1,1,1,2,1,1,1,1,1
SF,IH2103,2020-09-29 09:33:48.400,3204.0000,6926,0,103919280.000,0,-,-,-,-,3203.4000,3203.2000,3202.2000,3200.2000,3200.0000,3204.6000,3205.0000,3207.0000,3207.8000,3208.4000,1,1,1,1,2,1,1,1,1,1
SF,IH2103,2020-09-29 09:33:51.400,3205.0000,6925,-1,105842160.000,2,0,2,多平,S,3204.6000,3203.4000,3203.2000,3202.2000,3200.2000,3207.0000,3207.8000,3208.4000,3209.0000,3211.0000,1,1,1,1,1,1,1,1,1,4
SF,IH2103,2020-09-29 09:33:51.900,3205.0000,6925,0,105842160.000,0,-,-,-,-,3204.8000,3203.4000,3203.2000,3202.2000,3200.2000,3206.4000,3206.6000,3206.8000,3207.0000,3207.8000,1,1,1,1,1,3,1,1,1,1
SF,IH2103,2020-09-29 09:33:52.400,3204.8000,6924,-1,106803600.000,1,0,1,双平,S,3203.4000,3203.2000,3202.2000,3200.2000,3200.0000,3205.8000,3206.2000,3206.4000,3206.6000,3207.0000,1,1,1,1,2,1,1,3,1,1
SF,IH2103,2020-09-29 09:33:52.900,3204.8000,6924,0,106803600.000,0,-,-,-,-,3203.6000,3203.4000,3203.2000,3202.2000,3200.2000,3205.8000,3206.2000,3206.4000,3206.6000,3207.0000,3,1,1,1,1,1,1,3,1,1
SF,IH2103,2020-09-29 09:33:53.400,3204.8000,6924,0,106803600.000,0,-,-,-,-,3203.8000,3203.6000,3202.2000,3200.2000,3200.0000,3205.6000,3205.8000,3206.4000,3206.6000,3207.0000,1,3,1,1,2,1,1,3,1,1
SF,IH2103,2020-09-29 09:33:53.900,3204.8000,6924,0,106803600.000,0,-,-,-,-,3203.6000,3202.2000,3200.2000,3200.0000,3199.0000,3205.6000,3205.8000,3206.4000,3206.6000,3207.0000,3,1,1,2,1,1,1,3,1,1
SF,IH2103,2020-09-29 09:33:54.400,3204.8000,6924,0,106803600.000,0,-,-,-,-,3203.6000,3202.2000,3200.2000,3200.0000,3199.0000,3205.0000,3205.4000,3205.6000,3205.8000,3207.8000,1,1,1,2,1,1,1,1,1,1
SF,IH2103,2020-09-29 09:33:54.900,3204.8000,6924,0,106803600.000,0,-,-,-,-,3202.2000,3200.2000,3200.0000,3199.0000,3198.2000,3205.0000,3205.4000,3205.6000,3205.8000,3207.8000,1,1,2,1,1,1,1,1,1,1
SF,IH2103,2020-09-29 09:33:55.400,3204.8000,6924,0,106803600.000,0,-,-,-,-,3203.2000,3202.6000,3202.4000,3202.2000,3200.2000,3205.0000,3205.4000,3205.6000,3205.8000,3207.8000,1,1,4,1,1,2,1,1,1,1
SF,IH2103,2020-09-29 09:33:55.900,3204.8000,6924,0,106803600.000,0,-,-,-,-,3203.2000,3202.6000,3202.4000,3202.2000,3200.2000,3205.0000,3205.6000,3205.8000,3207.8000,3208.4000,1,1,2,1,1,1,1,1,1,1
SF,IH2103,2020-09-29 09:33:56.400,3204.8000,6924,0,106803600.000,0,-,-,-,-,3203.4000,3203.2000,3202.6000,3202.4000,3202.2000,3205.0000,3205.6000,3205.8000,3207.8000,3208.4000,1,1,1,1,1,1,1,1,1,1
SF,IH2103,2020-09-29 09:33:59.400,3203.4000,6923,-1,107764620.000,1,0,1,双平,S,3203.2000,3202.4000,3202.2000,3200.2000,3200.0000,3205.0000,3205.6000,3205.8000,3207.8000,3208.4000,1,1,1,1,2,1,1,1,1,1
SF,IH2103,2020-09-29 09:33:59.900,3203.4000,6923,0,107764620.000,0,-,-,-,-,3203.4000,3202.4000,3202.2000,3200.2000,3200.0000,3204.8000,3205.0000,3205.8000,3207.8000,3208.4000,1,1,1,1,2,9,1,1,1,1
SF,IH2103,2020-09-29 09:34:00.400,3203.4000,6923,0,107764620.000,0,-,-,-,-,3203.4000,3202.4000,3202.2000,3200.2000,3200.0000,3204.8000,3205.0000,3205.8000,3207.8000,3208.4000,1,1,1,1,2,1,1,1,1,1
SF,IH2103,2020-09-29 09:34:00.900,3203.4000,6923,0,107764620.000,0,-,-,-,-,3203.6000,3203.4000,3202.4000,3202.2000,3200.2000,3204.8000,3205.0000,3205.8000,3207.8000,3208.4000,1,1,1,1,1,1,1,1,1,1
SF,IH2103,2020-09-29 09:34:01.400,3203.4000,6923,0,107764620.000,0,-,-,-,-,3203.6000,3202.4000,3202.2000,3200.2000,3200.0000,3204.8000,3205.0000,3205.8000,3207.8000,3208.4000,1,1,1,1,2,1,1,1,1,1
SF,IH2103,2020-09-29 09:34:01.900,3203.4000,6923,0,107764620.000,0,-,-,-,-,3202.6000,3202.4000,3202.2000,3200.2000,3200.0000,3203.6000,3204.8000,3205.0000,3205.8000,3207.8000,1,1,1,1,2,1,1,1,1,1
SF,IH2103,2020-09-29 09:34:02.400,3203.4000,6923,0,107764620.000,0,-,-,-,-,3202.8000,3202.6000,3202.2000,3200.2000,3200.0000,3204.8000,3205.0000,3205.8000,3207.8000,3208.4000,1,1,1,1,2,1,1,1,1,1
SF,IH2103,2020-09-29 09:34:02.900,3203.4000,6923,0,107764620.000,0,-,-,-,-,3203.0000,3202.8000,3202.6000,3202.2000,3200.2000,3204.8000,3205.0000,3205.8000,3207.8000,3208.4000,1,1,1,1,1,1,1,1,1,1
SF,IH2103,2020-09-29 09:34:03.400,3203.4000,6923,0,107764620.000,0,-,-,-,-,3203.2000,3203.0000,3202.8000,3202.2000,3200.2000,3204.8000,3205.8000,3207.8000,3208.4000,3209.0000,1,1,1,1,1,1,1,1,1,1
SF,IH2103,2020-09-29 09:34:04.400,3204.8000,6922,-1,108726060.000,1,0,1,双平,S,3203.2000,3203.0000,3202.8000,3202.2000,3200.2000,3205.8000,3207.8000,3208.4000,3209.0000,3211.0000,1,1,1,1,1,1,1,1,1,4
SF,IH2103,2020-09-29 09:34:04.900,3204.8000,6922,0,108726060.000,0,-,-,-,-,3203.4000,3203.2000,3202.8000,3202.2000,3200.2000,3205.6000,3205.8000,3207.8000,3208.4000,3209.0000,2,1,1,1,1,4,1,1,1,1
SF,IH2103,2020-09-29 09:34:05.400,3204.8000,6922,0,108726060.000,0,-,-,-,-,3203.4000,3203.2000,3202.8000,3202.2000,3200.2000,3205.6000,3205.8000,3207.8000,3208.4000,3209.0000,2,1,1,1,1,1,1,1,1,1
SF,IH2103,2020-09-29 09:34:05.900,3204.8000,6922,0,108726060.000,0,-,-,-,-,3203.4000,3203.2000,3202.8000,3202.2000,3200.2000,3205.0000,3205.4000,3205.6000,3205.8000,3207.8000,1,1,1,1,1,1,1,1,1,1
SF,IH2103,2020-09-29 09:34:06.400,3204.8000,6922,0,108726060.000,0,-,-,-,-,3203.4000,3203.2000,3202.8000,3202.2000,3200.2000,3204.8000,3205.0000,3205.4000,3205.8000,3207.8000,1,1,1,1,1,1,1,1,1,1
SF,IH2103,2020-09-29 09:34:06.900,3204.8000,6922,0,108726060.000,0,-,-,-,-,3203.2000,3202.8000,3202.2000,3200.2000,3200.0000,3204.8000,3205.0000,3205.4000,3205.8000,3207.8000,1,1,1,1,2,1,2,1,1,1
SF,IH2103,2020-09-29 09:34:07.400,3204.8000,6922,0,108726060.000,0,-,-,-,-,3203.0000,3202.8000,3202.2000,3200.2000,3200.0000,3204.8000,3205.0000,3205.4000,3205.8000,3207.8000,1,1,1,1,2,1,2,1,1,1
SF,IH2103,2020-09-29 09:34:08.400,3204.8000,6922,0,108726060.000,0,-,-,-,-,3203.0000,3202.8000,3202.2000,3200.2000,3200.0000,3204.8000,3205.0000,3205.4000,3205.8000,3207.8000,1,1,1,1,2,1,1,1,1,1
SF,IH2103,2020-09-29 09:34:08.900,3204.8000,6922,0,108726060.000,0,-,-,-,-,3203.0000,3202.2000,3200.2000,3200.0000,3199.0000,3204.8000,3205.0000,3205.4000,3205.8000,3207.8000,1,1,1,2,1,1,1,1,1,1
SF,IH2103,2020-09-29 09:34:09.400,3204.8000,6922,0,108726060.000,0,-,-,-,-,3202.4000,3202.2000,3200.2000,3200.0000,3199.0000,3204.2000,3204.8000,3205.0000,3205.4000,3207.8000,1,1,1,2,1,1,1,1,1,1
SF,IH2103,2020-09-29 09:34:09.900,3204.8000,6922,0,108726060.000,0,-,-,-,-,3202.6000,3202.4000,3202.2000,3200.2000,3200.0000,3204.2000,3204.8000,3205.0000,3205.4000,3207.8000,1,1,1,1,2,1,1,1,1,1
SF,IH2103,2020-09-29 09:34:10.400,3204.8000,6922,0,108726060.000,0,-,-,-,-,3202.6000,3202.4000,3202.2000,3200.2000,3200.0000,3204.2000,3204.6000,3204.8000,3205.0000,3205.4000,1,1,1,1,2,1,1,1,1,1
SF,IH2103,2020-09-29 09:34:10.900,3204.8000,6922,0,108726060.000,0,-,-,-,-,3202.4000,3202.2000,3200.2000,3200.0000,3199.0000,3203.8000,3204.0000,3204.2000,3205.0000,3205.4000,1,1,1,2,1,1,2,1,1,1
SF,IH2103,2020-09-29 09:34:11.400,3204.8000,6922,0,108726060.000,0,-,-,-,-,3202.4000,3202.2000,3200.2000,3200.0000,3199.0000,3203.6000,3203.8000,3204.0000,3204.2000,3204.6000,1,1,1,2,1,1,1,1,1,1
SF,IH2103,2020-09-29 09:34:11.900,3204.8000,6922,0,108726060.000,0,-,-,-,-,3202.4000,3202.2000,3200.2000,3200.0000,3199.0000,3203.6000,3203.8000,3204.0000,3204.2000,3204.6000,1,1,1,2,1,1,1,1,1,1
SF,IH2103,2020-09-29 09:34:12.900,3204.8000,6922,0,108726060.000,0,-,-,-,-,3202.4000,3202.2000,3200.2000,3200.0000,3199.0000,3203.0000,3203.6000,3203.8000,3204.0000,3204.2000,1,1,1,2,1,1,1,1,1,1
SF,IH2103,2020-09-29 09:34:13.400,3203.6000,6922,0,110648220.000,2,1,1,多换,S,3203.6000,3202.4000,3202.2000,3200.2000,3200.0000,3203.8000,3204.0000,3204.2000,3204.6000,3205.0000,1,1,1,1,2,1,1,1,1,1
SF,IH2103,2020-09-29 09:34:13.900,3203.6000,6922,0,111609300.000,1,0,1,多换,S,3202.4000,3202.2000,3200.2000,3200.0000,3199.0000,3203.6000,3204.0000,3204.2000,3204.6000,3205.0000,1,1,1,2,1,1,1,1,1,1
SF,IH2103,2020-09-29 09:34:14.400,3203.6000,6922,0,111609300.000,0,-,-,-,-,3202.4000,3202.2000,3200.2000,3200.0000,3199.0000,3203.0000,3203.4000,3204.0000,3204.2000,3204.6000,1,1,1,2,1,1,1,1,1,1
SF,IH2103,2020-09-29 09:34:14.900,3202.4000,6922,0,112570020.000,1,0,1,多换,S,3202.2000,3200.2000,3200.0000,3199.0000,3198.2000,3203.0000,3203.4000,3204.0000,3204.2000,3204.6000,1,1,2,1,1,1,1,1,1,1
SF,IH2103,2020-09-29 09:34:15.400,3202.2000,6921,-1,113530680.000,1,0,1,双平,S,3200.2000,3200.0000,3199.0000,3198.2000,3195.6000,3203.4000,3204.0000,3204.2000,3204.6000,3205.4000,1,2,1,1,7,1,1,1,1,1
SF,IH2103,2020-09-29 09:34:15.900,3202.2000,6921,0,113530680.000,0,-,-,-,-,3200.8000,3200.6000,3200.4000,3200.2000,3200.0000,3203.2000,3203.4000,3204.0000,3204.2000,3204.6000,1,2,1,1,2,2,1,1,1,1
SF,IH2103,2020-09-29 09:34:16.400,3202.2000,6921,0,113530680.000,0,-,-,-,-,3201.0000,3200.8000,3200.2000,3200.0000,3199.0000,3203.2000,3203.4000,3204.0000,3204.2000,3204.6000,4,1,1,2,1,1,1,1,1,1
SF,IH2103,2020-09-29 09:34:16.900,3202.2000,6921,0,113530680.000,0,-,-,-,-,3201.0000,3200.2000,3200.0000,3199.0000,3198.2000,3203.2000,3203.4000,3204.0000,3204.2000,3204.6000,4,1,2,1,1,1,1,1,1,1
SF,IH2103,2020-09-29 09:34:17.400,3202.2000,6921,0,113530680.000,0,-,-,-,-,3201.2000,3201.0000,3200.2000,3200.0000,3199.0000,3203.2000,3203.4000,3204.2000,3204.6000,3205.4000,2,3,1,2,1,1,1,1,1,1
SF,IH2103,2020-09-29 09:34:17.900,3202.2000,6921,0,113530680.000,0,-,-,-,-,3203.2000,3201.4000,3201.2000,3200.2000,3200.0000,3204.2000,3204.6000,3205.4000,3206.8000,3207.8000,1,3,2,1,2,1,1,1,1,1
SF,IH2103,2020-09-29 09:34:18.400,3202.2000,6921,0,113530680.000,0,-,-,-,-,3203.2000,3201.4000,3201.2000,3200.2000,3200.0000,3204.2000,3204.6000,3205.4000,3206.8000,3207.8000,1,1,1,1,2,2,1,1,1,1
SF,IH2103,2020-09-29 09:34:18.900,3202.2000,6921,0,113530680.000,0,-,-,-,-,3203.2000,3201.4000,3201.2000,3200.2000,3200.0000,3204.2000,3204.6000,3205.4000,3206.8000,3207.8000,1,2,1,1,2,2,1,1,1,1
SF,IH2103,2020-09-29 09:34:19.400,3202.2000,6921,0,113530680.000,0,-,-,-,-,3203.2000,3201.4000,3201.2000,3200.2000,3200.0000,3204.2000,3204.6000,3205.4000,3206.8000,3207.8000,1,2,1,1,2,1,1,1,1,1
SF,IH2103,2020-09-29 09:34:19.900,3202.2000,6920,-1,114491340.000,1,0,1,双平,S,3201.4000,3201.2000,3200.2000,3200.0000,3199.0000,3204.2000,3204.6000,3205.4000,3206.8000,3207.8000,2,1,2,2,1,1,1,1,1,1
SF,IH2103,2020-09-29 09:34:20.400,3202.2000,6920,0,114491340.000,0,-,-,-,-,3201.8000,3201.6000,3201.4000,3200.2000,3200.0000,3204.2000,3204.6000,3205.4000,3206.8000,3207.8000,2,3,2,2,2,1,1,1,1,1
SF,IH2103,2020-09-29 09:34:20.900,3202.2000,6920,0,114491340.000,0,-,-,-,-,3202.0000,3201.8000,3201.4000,3200.2000,3200.0000,3204.0000,3204.2000,3204.6000,3205.4000,3206.8000,1,2,2,2,2,1,1,1,1,1
SF,IH2103,2020-09-29 09:34:21.400,3202.2000,6920,0,114491340.000,0,-,-,-,-,3202.2000,3202.0000,3201.8000,3201.4000,3200.2000,3204.0000,3204.2000,3204.6000,3205.4000,3206.8000,1,1,2,1,2,1,1,1,1,1
SF,IH2103,2020-09-29 09:34:21.900,3202.2000,6920,0,114491340.000,0,-,-,-,-,3202.2000,3202.0000,3201.8000,3201.4000,3200.2000,3204.0000,3204.2000,3204.6000,3205.4000,3206.8000,1,1,1,1,2,1,1,1,1,1
SF,IH2103,2020-09-29 09:34:22.900,3202.2000,6920,0,114491340.000,0,-,-,-,-,3202.2000,3202.0000,3201.8000,3201.4000,3200.2000,3203.8000,3204.0000,3204.2000,3204.6000,3205.4000,1,1,1,1,2,1,1,1,1,1
SF,IH2103,2020-09-29 09:34:23.900,3202.2000,6920,0,114491340.000,0,-,-,-,-,3202.2000,3202.0000,3201.8000,3201.4000,3200.2000,3204.0000,3204.2000,3204.6000,3205.4000,3206.8000,1,1,1,1,2,1,1,1,1,1
SF,IH2103,2020-09-29 09:34:24.400,3202.2000,6920,0,114491340.000,0,-,-,-,-,3203.8000,3202.2000,3202.0000,3201.8000,3201.4000,3204.0000,3204.2000,3204.6000,3205.4000,3206.8000,1,1,1,1,1,1,1,1,1,1
SF,IH2103,2020-09-29 09:34:24.900,3203.8000,6919,-1,115452480.000,1,0,1,双平,S,3202.2000,3202.0000,3200.2000,3200.0000,3199.0000,3204.0000,3204.2000,3204.6000,3205.4000,3206.8000,1,1,1,2,1,1,1,1,1,1
SF,IH2103,2020-09-29 09:34:25.900,3203.8000,6919,0,115452480.000,0,-,-,-,-,3202.2000,3202.0000,3200.2000,3200.0000,3199.0000,3204.2000,3204.6000,3205.4000,3206.8000,3207.8000,1,1,1,2,1,1,1,1,1,1
SF,IH2103,2020-09-29 09:34:26.400,3203.8000,6919,0,115452480.000,0,-,-,-,-,3202.4000,3202.2000,3200.2000,3200.0000,3199.0000,3204.2000,3204.6000,3205.4000,3206.8000,3207.8000,1,1,1,2,1,1,1,1,1,1
SF,IH2103,2020-09-29 09:34:26.900,3203.8000,6919,0,115452480.000,0,-,-,-,-,3202.6000,3202.4000,3200.2000,3200.0000,3199.0000,3203.2000,3204.0000,3204.2000,3204.6000,3205.4000,1,1,1,2,1,1,4,1,1,1
SF,IH2103,2020-09-29 09:34:27.400,3203.8000,6919,0,115452480.000,0,-,-,-,-,3202.6000,3200.2000,3200.0000,3199.0000,3198.2000,3204.0000,3204.2000,3204.6000,3205.4000,3206.8000,1,1,2,1,1,4,1,1,1,1
SF,IH2103,2020-09-29 09:34:27.900,3203.8000,6919,0,115452480.000,0,-,-,-,-,3202.6000,3200.2000,3200.0000,3199.0000,3198.2000,3203.4000,3203.8000,3204.0000,3204.2000,3204.6000,1,1,2,1,1,1,1,4,1,1
SF,IH2103,2020-09-29 09:34:28.900,3202.6000,6918,-1,116413260.000,1,0,1,双平,S,3200.2000,3200.0000,3199.0000,3198.2000,3195.6000,3203.2000,3203.4000,3203.8000,3204.0000,3204.2000,1,2,1,1,7,1,1,1,4,1
SF,IH2103,2020-09-29 09:34:29.400,3202.6000,6918,0,116413260.000,0,-,-,-,-,3201.6000,3200.4000,3200.2000,3200.0000,3199.0000,3203.0000,3203.2000,3203.4000,3203.8000,3204.0000,1,1,1,2,1,2,1,1,1,4
SF,IH2103,2020-09-29 09:34:29.900,3202.6000,6918,0,116413260.000,0,-,-,-,-,3201.6000,3200.4000,3200.2000,3200.0000,3199.0000,3203.0000,3203.2000,3203.4000,3203.8000,3204.0000,1,1,1,2,1,1,1,1,1,4
SF,IH2103,2020-09-29 09:34:30.400,3202.6000,6918,0,116413260.000,0,-,-,-,-,3200.4000,3200.2000,3200.0000,3199.0000,3198.2000,3203.0000,3203.2000,3203.4000,3203.8000,3204.0000,1,1,2,1,1,1,1,1,1,1
SF,IH2103,2020-09-29 09:34:30.900,3202.6000,6918,0,116413260.000,0,-,-,-,-,3201.0000,3200.4000,3200.2000,3200.0000,3199.0000,3202.8000,3203.0000,3203.2000,3203.4000,3203.8000,1,1,1,2,1,1,1,1,1,1
SF,IH2103,2020-09-29 09:34:31.900,3202.6000,6918,0,116413260.000,0,-,-,-,-,3201.2000,3201.0000,3200.4000,3200.2000,3200.0000,3202.8000,3203.0000,3203.2000,3203.4000,3203.8000,1,1,1,1,2,1,1,1,1,1
SF,IH2103,2020-09-29 09:34:33.400,3202.6000,6918,0,116413260.000,0,-,-,-,-,3201.0000,3200.4000,3200.2000,3200.0000,3199.0000,3202.8000,3203.0000,3203.2000,3203.4000,3203.8000,1,1,1,2,1,1,1,1,1,1
SF,IH2103,2020-09-29 09:34:33.900,3202.6000,6918,0,116413260.000,0,-,-,-,-,3201.2000,3201.0000,3200.2000,3200.0000,3199.0000,3202.8000,3203.4000,3203.8000,3204.0000,3204.2000,1,1,1,2,1,1,1,1,1,1
SF,IH2103,2020-09-29 09:34:34.400,3202.6000,6918,0,116413260.000,0,-,-,-,-,3201.2000,3201.0000,3200.2000,3200.0000,3199.0000,3202.8000,3203.4000,3203.8000,3204.2000,3204.6000,1,1,1,2,1,1,1,1,1,1
SF,IH2103,2020-09-29 09:34:35.400,3202.8000,6917,-1,117374100.000,1,0,1,双平,S,3201.2000,3201.0000,3200.2000,3200.0000,3199.0000,3203.4000,3203.8000,3204.2000,3204.6000,3206.8000,1,1,1,2,1,1,1,1,1,1
SF,IH2103,2020-09-29 09:34:35.900,3203.4000,6916,-1,118335120.000,1,0,1,双平,S,3201.8000,3201.6000,3201.4000,3201.2000,3201.0000,3204.2000,3204.6000,3206.8000,3207.8000,3208.4000,1,1,1,1,1,1,1,1,1,1
SF,IH2103,2020-09-29 09:34:36.400,3203.4000,6916,0,118335120.000,0,-,-,-,-,3202.0000,3201.8000,3200.2000,3200.0000,3199.0000,3204.2000,3204.6000,3206.8000,3207.8000,3208.4000,5,1,1,2,1,1,1,1,1,1
SF,IH2103,2020-09-29 09:34:36.900,3203.4000,6916,0,118335120.000,0,-,-,-,-,3202.6000,3202.0000,3200.2000,3200.0000,3199.0000,3204.2000,3204.6000,3206.8000,3207.8000,3208.4000,1,5,1,2,1,1,1,1,1,1
SF,IH2103,2020-09-29 09:34:37.400,3204.2000,6915,-1,119296380.000,1,0,1,双平,S,3202.8000,3202.6000,3202.0000,3200.2000,3200.0000,3204.6000,3206.8000,3207.8000,3208.4000,3209.0000,1,1,2,1,2,1,1,1,1,1
SF,IH2103,2020-09-29 09:34:37.900,3204.2000,6915,0,119296380.000,0,-,-,-,-,3203.0000,3202.8000,3202.0000,3200.2000,3200.0000,3204.6000,3206.8000,3207.8000,3208.4000,3209.0000,1,1,2,1,2,1,1,1,1,1
SF,IH2103,2020-09-29 09:34:38.400,3204.2000,6915,0,119296380.000,0,-,-,-,-,3202.8000,3202.0000,3200.2000,3200.0000,3199.0000,3204.6000,3206.8000,3207.8000,3208.4000,3209.0000,1,2,1,2,1,1,1,1,1,1
SF,IH2103,2020-09-29 09:34:38.900,3204.2000,6915,0,119296380.000,0,-,-,-,-,3202.8000,3202.0000,3200.2000,3200.0000,3199.0000,3203.0000,3204.6000,3206.8000,3207.8000,3209.0000,1,2,1,2,1,1,1,1,1,1
SF,IH2103,2020-09-29 09:34:39.400,3203.0000,6915,0,120257280.000,1,0,1,多换,S,3203.2000,3202.8000,3202.0000,3200.2000,3200.0000,3204.6000,3206.8000,3207.8000,3209.0000,3211.0000,2,1,1,1,2,1,1,1,1,4
SF,IH2103,2020-09-29 09:34:39.900,3203.0000,6915,0,120257280.000,0,-,-,-,-,3202.8000,3202.0000,3200.2000,3200.0000,3199.0000,3204.4000,3204.6000,3206.8000,3207.8000,3209.0000,1,1,1,2,1,2,1,1,1,1
SF,IH2103,2020-09-29 09:34:40.900,3202.8000,6914,-1,121218120.000,1,0,1,双平,S,3202.0000,3200.2000,3200.0000,3199.0000,3198.2000,3204.2000,3204.4000,3204.6000,3206.8000,3207.8000,1,1,2,1,1,1,2,1,1,1
SF,IH2103,2020-09-29 09:34:41.400,3202.8000,6914,0,121218120.000,0,-,-,-,-,3202.2000,3202.0000,3200.2000,3200.0000,3199.0000,3204.0000,3204.2000,3204.4000,3204.6000,3206.8000,1,1,1,2,1,1,1,1,1,1
SF,IH2103,2020-09-29 09:34:41.900,3202.8000,6914,0,121218120.000,0,-,-,-,-,3202.2000,3202.0000,3200.2000,3200.0000,3199.0000,3203.0000,3204.0000,3204.2000,3204.4000,3204.6000,1,1,1,2,1,1,1,1,1,1
SF,IH2103,2020-09-29 09:34:42.400,3202.8000,6914,0,121218120.000,0,-,-,-,-,3202.0000,3200.2000,3200.0000,3199.0000,3198.2000,3203.0000,3203.6000,3204.0000,3204.2000,3204.4000,1,1,2,1,1,1,1,1,1,1
SF,IH2103,2020-09-29 09:34:43.400,3203.0000,6913,-1,122179020.000,1,0,1,双平,S,3202.0000,3200.2000,3200.0000,3199.0000,3198.2000,3204.0000,3204.2000,3204.6000,3206.8000,3207.8000,1,1,2,1,1,1,1,1,1,1
SF,IH2103,2020-09-29 09:34:43.900,3203.0000,6913,0,122179020.000,0,-,-,-,-,3202.8000,3202.6000,3202.2000,3202.0000,3200.2000,3204.0000,3204.2000,3204.6000,3206.8000,3207.8000,1,1,3,1,1,1,1,1,1,1
SF,IH2103,2020-09-29 09:34:44.400,3203.0000,6913,0,122179020.000,0,-,-,-,-,3203.0000,3202.8000,3202.6000,3202.2000,3200.2000,3204.0000,3204.6000,3207.8000,3209.0000,3211.0000,1,1,1,1,1,1,1,1,1,4
SF,IH2103,2020-09-29 09:34:44.900,3203.0000,6913,0,122179020.000,0,-,-,-,-,3204.0000,3203.4000,3203.0000,3202.8000,3202.6000,3204.6000,3207.8000,3209.0000,3211.0000,3212.6000,1,1,1,1,1,1,1,1,4,1
SF,IH2103,2020-09-29 09:34:45.400,3204.6000,6913,0,123140400.000,1,0,1,多换,S,3204.0000,3203.4000,3203.2000,3203.0000,3202.8000,3207.8000,3209.0000,3211.0000,3212.6000,3213.8000,1,1,1,1,1,1,1,4,1,6
SF,IH2103,2020-09-29 09:34:45.900,3204.6000,6913,0,123140400.000,0,-,-,-,-,3204.2000,3204.0000,3203.4000,3203.2000,3202.8000,3205.8000,3206.2000,3207.4000,3207.6000,3207.8000,1,1,1,1,1,1,3,1,1,1
SF,IH2103,2020-09-29 09:34:46.400,3204.6000,6913,0,123140400.000,0,-,-,-,-,3204.2000,3204.0000,3203.4000,3203.2000,3202.8000,3205.6000,3205.8000,3207.4000,3207.8000,3209.0000,1,1,1,2,1,1,1,1,1,1
SF,IH2103,2020-09-29 09:34:46.900,3204.6000,6913,0,123140400.000,0,-,-,-,-,3204.0000,3203.4000,3203.2000,3202.8000,3202.6000,3205.4000,3205.6000,3205.8000,3207.4000,3207.8000,1,1,2,1,2,3,1,1,1,1
SF,IH2103,2020-09-29 09:34:47.400,3204.6000,6913,0,123140400.000,0,-,-,-,-,3204.0000,3203.4000,3203.2000,3202.8000,3202.6000,3205.2000,3207.4000,3207.8000,3209.0000,3211.0000,1,1,2,1,2,1,1,1,1,4
SF,IH2103,2020-09-29 09:34:48.400,3205.2000,6912,-1,124101960.000,1,0,1,双平,S,3205.2000,3204.2000,3204.0000,3203.4000,3202.8000,3207.4000,3207.8000,3209.0000,3211.0000,3212.6000,1,1,1,1,1,1,1,1,4,1
SF,IH2103,2020-09-29 09:34:48.900,3205.2000,6912,0,124101960.000,0,-,-,-,-,3205.4000,3204.2000,3204.0000,3202.8000,3202.6000,3206.0000,3207.0000,3207.2000,3207.4000,3207.8000,1,1,1,1,1,3,1,1,1,1
SF,IH2103,2020-09-29 09:34:49.400,3205.4000,6911,-1,125063580.000,1,0,1,双平,S,3204.2000,3204.0000,3202.8000,3202.6000,3200.2000,3205.4000,3206.0000,3207.0000,3207.2000,3207.4000,1,1,1,1,1,1,3,1,1,1
SF,IH2103,2020-09-29 09:34:49.900,3205.4000,6911,0,125063580.000,0,-,-,-,-,3204.4000,3204.2000,3204.0000,3202.8000,3202.6000,3205.4000,3206.0000,3207.0000,3207.2000,3207.4000,1,1,1,1,1,1,3,1,2,1
SF,IH2103,2020-09-29 09:34:50.400,3205.4000,6911,0,125063580.000,0,-,-,-,-,3204.4000,3204.2000,3204.0000,3202.8000,3202.6000,3205.4000,3207.0000,3207.2000,3207.4000,3207.8000,1,1,1,1,1,1,1,2,1,1
SF,IH2103,2020-09-29 09:34:51.900,3205.4000,6911,0,125063580.000,0,-,-,-,-,3204.2000,3204.0000,3202.8000,3202.6000,3202.2000,3205.4000,3207.0000,3207.2000,3207.4000,3207.8000,1,1,1,1,1,1,1,2,1,1
SF,IH2103,2020-09-29 09:34:52.400,3205.4000,6910,-1,126025200.000,1,0,1,双平,S,3204.0000,3202.8000,3202.6000,3202.2000,3200.2000,3207.0000,3207.2000,3207.4000,3207.8000,3208.2000,1,1,1,1,1,1,2,1,1,1
SF,IH2103,2020-09-29 09:34:52.900,3205.4000,6910,0,126025200.000,0,-,-,-,-,3204.2000,3204.0000,3202.8000,3202.6000,3202.2000,3205.8000,3206.8000,3207.0000,3207.2000,3207.4000,1,1,1,1,1,1,2,1,1,1
SF,IH2103,2020-09-29 09:34:53.400,3205.4000,6911,1,126986820.000,1,1,0,双开,S,3204.2000,3204.0000,3202.8000,3202.6000,3202.2000,3205.6000,3205.8000,3206.8000,3207.2000,3207.4000,1,1,1,1,1,1,1,1,1,1
SF,IH2103,2020-09-29 09:34:53.900,3205.4000,6911,0,126986820.000,0,-,-,-,-,3204.0000,3202.8000,3202.6000,3202.2000,3200.2000,3205.2000,3205.6000,3205.8000,3207.2000,3207.4000,1,1,1,1,1,3,1,1,1,1
SF,IH2103,2020-09-29 09:34:54.400,3205.4000,6911,0,126986820.000,0,-,-,-,-,3204.2000,3204.0000,3202.8000,3202.6000,3202.2000,3205.2000,3205.6000,3205.8000,3207.2000,3207.4000,2,1,1,1,1,3,1,1,1,1
SF,IH2103,2020-09-29 09:34:54.900,3205.4000,6911,0,126986820.000,0,-,-,-,-,3204.2000,3204.0000,3202.8000,3202.6000,3202.2000,3205.6000,3205.8000,3207.2000,3207.4000,3207.8000,2,1,1,1,1,1,1,1,1,1
SF,IH2103,2020-09-29 09:34:55.400,3205.4000,6911,0,126986820.000,0,-,-,-,-,3204.0000,3202.8000,3202.6000,3202.2000,3200.2000,3205.6000,3205.8000,3207.2000,3207.4000,3207.8000,1,1,1,1,1,1,1,1,1,1
SF,IH2103,2020-09-29 09:34:55.900,3205.4000,6911,0,126986820.000,0,-,-,-,-,3204.0000,3202.8000,3202.6000,3202.2000,3200.2000,3205.6000,3205.8000,3207.2000,3207.4000,3207.8000,1,1,1,1,1,1,1,1,1,1
SF,IH2103,2020-09-29 09:34:56.400,3205.4000,6911,0,126986820.000,0,-,-,-,-,3204.0000,3202.8000,3202.6000,3202.2000,3200.2000,3205.4000,3205.6000,3205.8000,3207.2000,3207.4000,1,1,1,1,1,1,1,1,1,1
SF,IH2103,2020-09-29 09:34:56.900,3205.4000,6911,0,126986820.000,0,-,-,-,-,3204.0000,3202.8000,3202.6000,3202.2000,3200.2000,3205.0000,3205.2000,3205.4000,3205.6000,3205.8000,1,1,1,1,1,1,3,1,1,1
SF,IH2103,2020-09-29 09:34:57.400,3205.4000,6911,0,126986820.000,0,-,-,-,-,3204.0000,3202.8000,3202.6000,3202.2000,3200.2000,3205.0000,3205.2000,3205.6000,3205.8000,3207.2000,1,1,1,1,1,1,3,1,1,1
SF,IH2103,2020-09-29 09:34:57.900,3205.4000,6911,0,126986820.000,0,-,-,-,-,3204.0000,3202.8000,3202.6000,3202.2000,3200.2000,3205.0000,3205.2000,3205.6000,3205.8000,3207.2000,1,1,1,1,1,1,3,1,1,1
SF,IH2103,2020-09-29 09:34:58.400,3204.0000,6910,-1,127948020.000,1,0,1,双平,S,3202.8000,3202.6000,3202.2000,3201.0000,3200.2000,3204.6000,3205.0000,3205.2000,3205.6000,3205.8000,1,1,1,1,1,1,1,3,1,1
SF,IH2103,2020-09-29 09:34:58.900,3204.0000,6910,0,127948020.000,0,-,-,-,-,3203.4000,3203.2000,3203.0000,3202.8000,3202.6000,3204.6000,3205.0000,3205.2000,3205.6000,3205.8000,1,1,4,1,1,1,1,3,1,1
SF,IH2103,2020-09-29 09:34:59.400,3204.0000,6910,0,127948020.000,0,-,-,-,-,3203.4000,3203.2000,3203.0000,3202.8000,3202.6000,3204.6000,3205.0000,3205.6000,3205.8000,3207.4000,1,1,3,1,1,1,1,1,1,1
SF,IH2103,2020-09-29 09:35:00.900,3204.6000,6909,-1,128909400.000,1,0,1,双平,S,3203.4000,3203.2000,3203.0000,3202.8000,3202.6000,3205.0000,3205.6000,3205.8000,3207.4000,3207.8000,1,1,3,1,1,1,1,1,1,1
SF,IH2103,2020-09-29 09:35:01.900,3204.6000,6909,0,128909400.000,0,-,-,-,-,3203.6000,3203.4000,3203.0000,3202.8000,3202.6000,3205.0000,3205.6000,3205.8000,3207.4000,3207.8000,2,1,2,1,1,1,1,1,1,1
SF,IH2103,2020-09-29 09:35:02.400,3204.6000,6909,0,128909400.000,0,-,-,-,-,3203.8000,3203.6000,3203.4000,3203.0000,3202.8000,3205.0000,3205.6000,3205.8000,3207.4000,3207.8000,1,2,1,1,1,1,1,1,1,1
SF,IH2103,2020-09-29 09:35:03.400,3204.6000,6909,0,128909400.000,0,-,-,-,-,3204.2000,3204.0000,3203.8000,3203.4000,3203.0000,3205.0000,3205.6000,3205.8000,3207.4000,3207.8000,1,1,1,1,1,1,1,1,1,1
SF,IH2103,2020-09-29 09:35:03.900,3205.0000,6908,-1,129870900.000,1,0,1,双平,S,3204.2000,3204.0000,3203.8000,3202.8000,3202.6000,3205.6000,3205.8000,3207.4000,3207.8000,3209.0000,1,1,1,1,1,1,1,1,1,1
SF,IH2103,2020-09-29 09:35:04.400,3204.2000,6907,-1,130832160.000,1,0,1,双平,S,3204.0000,3203.8000,3202.8000,3202.6000,3202.2000,3205.6000,3205.8000,3207.4000,3207.8000,3209.0000,1,1,1,1,1,1,1,1,1,1
SF,IH2103,2020-09-29 09:35:04.900,3204.2000,6907,0,130832160.000,0,-,-,-,-,3204.0000,3203.8000,3202.6000,3202.2000,3200.2000,3205.6000,3205.8000,3207.4000,3207.8000,3209.0000,1,1,1,1,1,1,1,1,1,1
SF,IH2103,2020-09-29 09:35:05.400,3204.2000,6907,0,130832160.000,0,-,-,-,-,3204.2000,3204.0000,3202.6000,3202.2000,3200.2000,3205.8000,3207.4000,3207.8000,3209.0000,3211.0000,1,1,1,1,1,1,1,1,1,4
SF,IH2103,2020-09-29 09:35:05.900,3204.2000,6907,0,130832160.000,0,-,-,-,-,3204.4000,3204.2000,3202.6000,3202.2000,3200.2000,3205.8000,3207.4000,3207.8000,3209.0000,3211.0000,1,1,1,1,1,1,1,1,1,4
SF,IH2103,2020-09-29 09:35:06.400,3204.2000,6907,0,130832160.000,0,-,-,-,-,3204.2000,3202.6000,3202.2000,3200.2000,3200.0000,3205.8000,3207.4000,3207.8000,3209.0000,3211.0000,1,1,1,1,2,1,1,1,1,4
SF,IH2103,2020-09-29 09:35:07.900,3204.2000,6907,0,130832160.000,0,-,-,-,-,3204.2000,3202.6000,3202.2000,3200.2000,3200.0000,3205.6000,3205.8000,3207.4000,3207.8000,3209.0000,1,1,1,1,2,1,1,1,1,1
SF,IH2103,2020-09-29 09:35:09.900,3205.6000,6906,-1,131793840.000,1,0,1,双平,S,3204.2000,3202.6000,3202.2000,3200.2000,3200.0000,3205.8000,3207.4000,3207.8000,3209.0000,3211.0000,1,1,1,1,2,1,1,1,1,4
SF,IH2103,2020-09-29 09:35:11.900,3205.6000,6906,0,131793840.000,0,-,-,-,-,3204.2000,3202.6000,3202.2000,3200.2000,3200.0000,3205.6000,3205.8000,3207.4000,3207.8000,3209.0000,1,1,1,1,2,1,1,1,1,1
SF,IH2103,2020-09-29 09:35:12.400,3205.6000,6906,0,131793840.000,0,-,-,-,-,3202.6000,3202.2000,3200.2000,3200.0000,3199.0000,3205.6000,3205.8000,3207.4000,3207.8000,3209.0000,1,1,1,2,1,1,1,1,1,1
SF,IH2103,2020-09-29 09:35:12.900,3205.6000,6906,0,131793840.000,0,-,-,-,-,3203.6000,3203.2000,3202.8000,3202.6000,3202.2000,3205.4000,3205.6000,3205.8000,3207.4000,3207.8000,1,2,2,1,1,2,1,1,1,1
SF,IH2103,2020-09-29 09:35:13.400,3205.6000,6906,0,131793840.000,0,-,-,-,-,3204.0000,3203.8000,3203.6000,3202.8000,3202.6000,3205.4000,3205.6000,3205.8000,3207.4000,3207.8000,2,1,1,1,1,2,1,1,1,1
SF,IH2103,2020-09-29 09:35:13.900,3205.6000,6906,0,131793840.000,0,-,-,-,-,3204.0000,3203.8000,3203.6000,3202.6000,3202.2000,3205.4000,3205.6000,3205.8000,3207.4000,3207.8000,2,1,1,1,1,1,1,1,1,1
SF,IH2103,2020-09-29 09:35:14.900,3205.6000,6906,0,131793840.000,0,-,-,-,-,3204.0000,3203.8000,3203.6000,3202.6000,3202.2000,3205.4000,3205.6000,3205.8000,3207.4000,3207.8000,1,1,1,1,1,1,1,1,1,1
SF,IH2103,2020-09-29 09:35:15.400,3205.6000,6906,0,131793840.000,0,-,-,-,-,3204.0000,3203.8000,3203.6000,3202.6000,3202.2000,3205.4000,3205.6000,3205.8000,3207.4000,3207.8000,1,1,1,1,1,1,1,1,1,1
SF,IH2103,2020-09-29 09:35:16.900,3205.6000,6906,0,131793840.000,0,-,-,-,-,3204.0000,3203.8000,3203.6000,3202.6000,3202.2000,3205.4000,3205.8000,3207.4000,3207.8000,3209.0000,1,1,1,1,1,1,1,1,1,1
SF,IH2103,2020-09-29 09:35:19.900,3205.6000,6906,0,131793840.000,0,-,-,-,-,3204.0000,3203.8000,3203.6000,3202.6000,3202.2000,3205.4000,3207.4000,3207.8000,3209.0000,3211.0000,1,1,1,1,1,1,1,1,1,4
SF,IH2103,2020-09-29 09:35:20.400,3205.6000,6906,0,131793840.000,0,-,-,-,-,3204.2000,3204.0000,3203.6000,3202.6000,3202.2000,3207.4000,3207.8000,3209.0000,3211.0000,3212.6000,1,1,1,1,1,1,1,1,4,1
SF,IH2103,2020-09-29 09:35:20.900,3205.6000,6906,0,131793840.000,0,-,-,-,-,3204.6000,3203.6000,3202.6000,3202.2000,3200.2000,3205.8000,3207.2000,3207.4000,3207.8000,3209.0000,1,1,1,1,1,1,3,1,1,1
SF,IH2103,2020-09-29 09:35:21.400,3205.6000,6906,0,131793840.000,0,-,-,-,-,3203.6000,3202.6000,3200.2000,3200.0000,3199.0000,3205.8000,3207.2000,3207.4000,3207.8000,3209.0000,1,1,1,2,1,1,3,1,1,1
SF,IH2103,2020-09-29 09:35:21.900,3205.6000,6906,0,131793840.000,0,-,-,-,-,3204.0000,3203.8000,3203.6000,3202.6000,3200.2000,3205.6000,3205.8000,3207.2000,3207.4000,3207.8000,1,1,1,1,1,2,1,1,1,1
SF,IH2103,2020-09-29 09:35:22.900,3205.6000,6906,0,131793840.000,0,-,-,-,-,3203.8000,3203.6000,3202.6000,3200.2000,3200.0000,3205.2000,3205.6000,3205.8000,3207.2000,3207.4000,1,1,1,1,2,3,2,1,1,1
SF,IH2103,2020-09-29 09:35:23.400,3205.6000,6906,0,131793840.000,0,-,-,-,-,3203.8000,3203.6000,3202.6000,3200.2000,3200.0000,3205.6000,3205.8000,3207.2000,3207.4000,3207.8000,1,1,1,1,2,2,1,1,1,1
SF,IH2103,2020-09-29 09:35:23.900,3205.6000,6905,-1,132755520.000,1,0,1,双平,S,3203.6000,3202.6000,3200.2000,3200.0000,3199.0000,3205.6000,3205.8000,3207.2000,3207.4000,3207.8000,1,1,1,2,1,1,1,1,1,1
SF,IH2103,2020-09-29 09:35:24.400,3205.6000,6905,0,132755520.000,0,-,-,-,-,3203.8000,3203.6000,3202.6000,3200.2000,3200.0000,3205.2000,3205.6000,3205.8000,3207.2000,3207.4000,1,1,1,1,2,3,1,1,1,1
SF,IH2103,2020-09-29 09:35:24.900,3205.6000,6905,0,132755520.000,0,-,-,-,-,3203.6000,3202.6000,3200.2000,3200.0000,3199.0000,3205.2000,3205.6000,3205.8000,3207.2000,3207.4000,1,1,1,2,1,3,1,1,1,1
SF,IH2103,2020-09-29 09:35:25.400,3205.6000,6905,0,132755520.000,0,-,-,-,-,3203.6000,3202.6000,3200.2000,3200.0000,3199.0000,3205.0000,3205.6000,3205.8000,3207.2000,3207.4000,1,1,1,2,1,2,1,1,1,1
SF,IH2103,2020-09-29 09:35:25.900,3205.6000,6905,0,132755520.000,0,-,-,-,-,3203.6000,3202.6000,3200.2000,3200.0000,3199.0000,3205.0000,3205.6000,3205.8000,3207.4000,3207.8000,1,1,1,2,1,2,1,1,1,1
SF,IH2103,2020-09-29 09:35:27.900,3205.6000,6905,0,132755520.000,0,-,-,-,-,3203.6000,3202.6000,3200.2000,3200.0000,3199.0000,3205.0000,3205.6000,3205.8000,3207.4000,3207.8000,1,1,1,2,1,1,1,1,1,1
SF,IH2103,2020-09-29 09:35:28.400,3205.6000,6905,0,132755520.000,0,-,-,-,-,3204.0000,3203.8000,3203.6000,3202.6000,3200.2000,3205.0000,3205.4000,3205.6000,3205.8000,3207.4000,1,2,1,1,1,1,1,1,1,1
SF,IH2103,2020-09-29 09:35:28.900,3205.6000,6905,0,132755520.000,0,-,-,-,-,3204.2000,3204.0000,3203.8000,3203.6000,3202.6000,3205.0000,3205.4000,3205.6000,3205.8000,3207.4000,1,1,1,1,1,1,1,1,1,1
SF,IH2103,2020-09-29 09:35:29.400,3205.6000,6905,0,132755520.000,0,-,-,-,-,3204.2000,3204.0000,3203.8000,3202.6000,3200.2000,3205.4000,3205.6000,3207.4000,3207.8000,3209.0000,1,1,1,1,1,1,1,1,1,1
SF,IH2103,2020-09-29 09:35:29.900,3205.6000,6905,0,132755520.000,0,-,-,-,-,3204.4000,3204.2000,3203.8000,3202.6000,3200.2000,3205.4000,3205.6000,3207.4000,3207.8000,3209.0000,1,1,1,1,1,1,1,1,1,1
SF,IH2103,2020-09-29 09:35:31.900,3205.6000,6905,0,132755520.000,0,-,-,-,-,3204.2000,3203.8000,3202.6000,3200.2000,3200.0000,3205.4000,3205.6000,3207.4000,3207.8000,3209.0000,1,1,1,1,2,1,1,1,1,1
SF,IH2103,2020-09-29 09:35:32.400,3205.6000,6905,0,132755520.000,0,-,-,-,-,3202.6000,3200.2000,3200.0000,3199.0000,3198.2000,3205.4000,3205.6000,3207.4000,3207.8000,3209.0000,1,1,2,1,1,1,1,1,1,1
SF,IH2103,2020-09-29 09:35:32.900,3205.6000,6905,0,132755520.000,0,-,-,-,-,3204.2000,3203.2000,3202.8000,3202.6000,3200.2000,3205.4000,3205.6000,3207.4000,3207.8000,3209.0000,1,2,5,1,1,1,1,1,1,1
SF,IH2103,2020-09-29 09:35:33.400,3205.6000,6905,0,132755520.000,0,-,-,-,-,3204.2000,3203.2000,3202.8000,3202.6000,3200.2000,3205.4000,3205.6000,3207.4000,3207.8000,3209.0000,1,2,3,1,1,1,1,1,1,1
SF,IH2103,2020-09-29 09:35:33.900,3205.4000,6904,-1,133717140.000,1,0,1,双平,S,3204.2000,3203.2000,3202.8000,3202.6000,3200.2000,3205.6000,3207.4000,3207.8000,3209.0000,3211.0000,1,2,3,1,1,1,1,1,1,4
SF,IH2103,2020-09-29 09:35:34.400,3205.4000,6904,0,133717140.000,0,-,-,-,-,3204.2000,3203.2000,3202.8000,3202.6000,3200.2000,3205.6000,3207.4000,3207.8000,3209.0000,3211.0000,1,2,2,1,1,1,1,1,1,4
SF,IH2103,2020-09-29 09:35:34.900,3205.4000,6904,0,133717140.000,0,-,-,-,-,3204.2000,3203.2000,3202.8000,3202.6000,3200.2000,3205.4000,3205.6000,3207.4000,3207.8000,3209.0000,1,2,2,1,1,1,1,1,1,1
SF,IH2103,2020-09-29 09:35:37.400,3204.2000,6903,-1,134678400.000,1,0,1,双平,S,3203.2000,3202.8000,3202.6000,3200.2000,3200.0000,3204.2000,3205.2000,3205.4000,3205.6000,3207.4000,1,2,1,1,2,1,1,1,1,1
SF,IH2103,2020-09-29 09:35:37.900,3204.2000,6903,0,134678400.000,0,-,-,-,-,3202.8000,3202.6000,3200.2000,3200.0000,3199.0000,3205.2000,3205.6000,3205.8000,3207.4000,3207.8000,1,1,1,2,1,1,1,1,1,1
SF,IH2103,2020-09-29 09:35:38.400,3204.2000,6903,0,134678400.000,0,-,-,-,-,3203.0000,3202.8000,3202.6000,3200.2000,3200.0000,3205.0000,3205.2000,3205.8000,3207.2000,3207.4000,1,1,1,1,2,3,1,1,1,1
SF,IH2103,2020-09-29 09:35:38.900,3204.2000,6903,0,134678400.000,0,-,-,-,-,3203.0000,3202.8000,3202.6000,3200.2000,3200.0000,3205.0000,3205.2000,3205.8000,3207.2000,3207.4000,1,1,1,1,2,3,1,1,1,1
SF,IH2103,2020-09-29 09:35:40.400,3204.2000,6903,0,134678400.000,0,-,-,-,-,3204.0000,3203.0000,3202.8000,3202.6000,3200.2000,3204.8000,3205.0000,3205.2000,3205.8000,3207.2000,1,1,1,1,1,1,3,1,1,1
SF,IH2103,2020-09-29 09:35:40.900,3204.0000,6902,-1,135639600.000,1,0,1,双平,S,3203.0000,3202.8000,3202.6000,3200.2000,3200.0000,3204.0000,3204.8000,3205.0000,3205.8000,3207.4000,1,1,1,1,2,1,1,3,1,1
SF,IH2103,2020-09-29 09:35:41.400,3204.0000,6902,0,135639600.000,0,-,-,-,-,3202.8000,3202.6000,3200.2000,3200.0000,3199.0000,3204.8000,3205.0000,3205.8000,3207.4000,3207.8000,1,1,1,2,1,1,2,1,1,2
SF,IH2103,2020-09-29 09:35:41.900,3204.0000,6902,0,135639600.000,0,-,-,-,-,3203.0000,3202.8000,3202.6000,3200.2000,3200.0000,3204.6000,3204.8000,3205.0000,3205.8000,3207.4000,1,1,1,1,2,2,1,1,1,1
SF,IH2103,2020-09-29 09:35:46.400,3203.0000,6901,-1,136600500.000,1,0,1,双平,S,3202.8000,3202.6000,3200.2000,3200.0000,3199.0000,3204.0000,3204.6000,3204.8000,3205.0000,3205.8000,1,1,1,2,1,1,2,1,1,1
SF,IH2103,2020-09-29 09:35:46.900,3203.0000,6901,0,136600500.000,0,-,-,-,-,3202.6000,3200.2000,3200.0000,3199.0000,3198.2000,3203.8000,3204.0000,3204.4000,3204.6000,3205.0000,1,1,2,1,1,2,1,1,1,1
SF,IH2103,2020-09-29 09:35:47.400,3203.0000,6901,0,136600500.000,0,-,-,-,-,3202.6000,3200.2000,3200.0000,3199.0000,3198.2000,3203.8000,3204.0000,3204.4000,3205.0000,3205.8000,1,1,2,1,1,2,1,1,1,1
SF,IH2103,2020-09-29 09:35:47.900,3203.0000,6901,0,136600500.000,0,-,-,-,-,3202.6000,3200.2000,3200.0000,3199.0000,3198.2000,3203.8000,3204.0000,3205.0000,3205.8000,3207.4000,1,1,2,1,1,2,1,1,1,1
SF,IH2103,2020-09-29 09:35:48.400,3202.6000,6902,1,137561280.000,1,1,0,双开,S,3200.2000,3200.0000,3199.0000,3198.2000,3198.0000,3203.8000,3204.0000,3205.0000,3205.8000,3207.4000,1,2,1,1,1,2,1,1,1,1
SF,IH2103,2020-09-29 09:35:48.900,3202.6000,6902,0,137561280.000,0,-,-,-,-,3200.8000,3200.6000,3200.4000,3200.2000,3200.0000,3203.2000,3203.4000,3203.6000,3203.8000,3204.0000,3,3,1,1,2,1,1,1,2,1
SF,IH2103,2020-09-29 09:35:49.400,3202.6000,6902,0,137561280.000,0,-,-,-,-,3201.0000,3200.8000,3200.6000,3200.2000,3200.0000,3203.0000,3203.2000,3203.4000,3203.8000,3204.0000,1,2,1,1,2,2,1,1,1,1
SF,IH2103,2020-09-29 09:35:49.900,3202.6000,6902,0,137561280.000,0,-,-,-,-,3201.2000,3201.0000,3200.8000,3200.6000,3200.2000,3203.0000,3203.2000,3203.4000,3203.8000,3204.0000,1,1,1,1,1,2,1,1,1,1
