市场代码,合约代码,时间,最新,持仓,增仓,成交额,成交量,开仓,平仓,成交类型,方向,买一价,买二价,买三价,买四价,买五价,卖一价,卖二价,卖三价,卖四价,卖五价,买一量,买二量,买三量,买四量,买五量,卖一量,卖二量,卖三量,卖四量,卖五量
SF,IH2103,2020-09-03 09:29:00.100,3292.6000,4429,0,987780.000,1.000,-,-,-,-,3290.8000,3288.0000,3287.0000,3283.4000,3283.0000,3299.4000,3300.0000,3302.0000,3303.2000,3303.4000,1,1,1,1,4,1,1,1,1,1
SF,IH2103,2020-09-03 09:30:00.100,3292.6000,4429,0,987780.000,0,-,-,-,-,3293.2000,3291.8000,3291.4000,3290.8000,3288.0000,3299.4000,3300.0000,3302.0000,3303.4000,3304.0000,1,2,1,1,1,1,1,1,1,4
SF,IH2103,2020-09-03 09:30:00.600,3292.6000,4429,0,987780.000,0,-,-,-,-,3293.8000,3293.4000,3280.0000,3270.8000,3268.8000,3299.2000,3299.4000,3300.0000,3308.4000,3309.4000,1,1,1,1,1,1,1,1,2,1
SF,IH2103,2020-09-03 09:30:01.100,3292.6000,4429,0,987780.000,0,-,-,-,-,3294.4000,3294.0000,3280.0000,3270.8000,3268.8000,3298.8000,3299.2000,3299.4000,3300.0000,3308.4000,1,1,1,1,1,12,1,1,1,2
SF,IH2103,2020-09-03 09:30:01.600,3292.6000,4429,0,987780.000,0,-,-,-,-,3295.0000,3294.6000,3292.6000,3280.0000,3270.8000,3298.2000,3298.6000,3299.4000,3300.0000,3308.4000,1,1,1,1,1,1,1,1,1,2
SF,IH2103,2020-09-03 09:30:02.100,3292.6000,4429,0,987780.000,0,-,-,-,-,3294.6000,3292.6000,3280.0000,3270.8000,3268.8000,3298.0000,3298.2000,3299.4000,3300.0000,3308.4000,1,1,1,1,1,1,1,1,1,2
SF,IH2103,2020-09-03 09:30:02.600,3292.6000,4429,0,987780.000,0,-,-,-,-,3295.2000,3294.6000,3292.6000,3280.0000,3270.8000,3298.0000,3298.2000,3299.4000,3300.0000,3308.4000,1,1,1,1,1,1,1,1,1,2
SF,IH2103,2020-09-03 09:30:03.100,3292.6000,4429,0,987780.000,0,-,-,-,-,3295.2000,3294.6000,3292.6000,3291.0000,3280.0000,3298.0000,3298.2000,3299.4000,3300.0000,3308.4000,1,1,1,1,1,1,1,1,1,2
SF,IH2103,2020-09-03 09:30:03.600,3292.6000,4429,0,987780.000,0,-,-,-,-,3295.6000,3295.4000,3292.6000,3291.0000,3280.0000,3298.0000,3299.4000,3300.0000,3308.4000,3309.4000,1,1,1,1,1,1,1,1,2,1
SF,IH2103,2020-09-03 09:30:04.100,3298.0000,4428,-1,1977180.000,1,0,1,双平,S,3298.0000,3296.0000,3295.8000,3292.6000,3291.0000,3299.4000,3300.0000,3308.4000,3309.4000,3312.8000,1,1,1,1,1,1,1,2,1,1
SF,IH2103,2020-09-03 09:30:04.600,3299.4000,4427,-1,2967000.000,1,0,1,双平,S,3298.0000,3296.0000,3295.8000,3294.2000,3292.6000,3300.0000,3308.4000,3309.4000,3312.8000,3313.8000,1,1,1,1,1,1,2,1,1,1
SF,IH2103,2020-09-03 09:30:05.100,3300.0000,4426,-1,3957000.000,1,0,1,双平,S,3300.0000,3298.2000,3298.0000,3296.0000,3294.2000,3308.4000,3309.4000,3312.8000,3313.8000,3319.8000,1,1,1,1,1,2,1,1,1,1
SF,IH2103,2020-09-03 09:30:05.600,3300.0000,4426,0,4947000.000,1,0,1,多换,S,3300.0000,3298.0000,3296.0000,3292.6000,3291.0000,3302.4000,3308.2000,3308.4000,3309.4000,3312.8000,1,2,1,1,1,1,2,2,1,1
SF,IH2103,2020-09-03 09:30:06.100,3300.0000,4426,0,4947000.000,0,-,-,-,-,3300.0000,3298.0000,3296.0000,3292.6000,3291.0000,3302.2000,3308.4000,3309.4000,3312.8000,3313.8000,1,2,1,1,1,1,2,1,1,1
SF,IH2103,2020-09-03 09:30:06.600,3300.0000,4426,0,4947000.000,0,-,-,-,-,3300.0000,3298.0000,3296.0000,3292.6000,3291.0000,3302.2000,3308.4000,3309.4000,3312.8000,3313.8000,1,2,1,1,1,1,2,1,1,1
SF,IH2103,2020-09-03 09:30:08.100,3300.0000,4426,0,4947000.000,0,-,-,-,-,3300.0000,3299.4000,3298.0000,3296.0000,3291.0000,3302.2000,3308.4000,3309.4000,3312.8000,3313.8000,1,1,2,1,1,1,2,1,1,1
SF,IH2103,2020-09-03 09:30:08.600,3300.0000,4426,0,4947000.000,0,-,-,-,-,3300.2000,3300.0000,3299.4000,3298.0000,3296.0000,3308.4000,3309.4000,3312.8000,3313.8000,3319.8000,1,1,1,2,1,2,1,1,1,1
SF,IH2103,2020-09-03 09:30:09.100,3300.0000,4426,0,4947000.000,0,-,-,-,-,3302.2000,3300.2000,3300.0000,3299.4000,3298.0000,3303.2000,3307.8000,3308.2000,3308.4000,3312.8000,1,1,1,1,2,1,1,3,2,1
SF,IH2103,2020-09-03 09:30:09.600,3300.2000,4426,0,6927660.000,2,1,1,多换,S,3300.0000,3299.4000,3298.0000,3296.0000,3291.0000,3302.0000,3303.0000,3308.4000,3312.8000,3313.8000,1,1,1,1,1,1,2,2,1,1
SF,IH2103,2020-09-03 09:30:10.100,3301.8000,4425,-1,7918200.000,1,0,1,双平,S,3300.0000,3299.4000,3298.0000,3296.0000,3291.0000,3302.0000,3303.0000,3308.4000,3312.8000,3313.8000,1,1,1,1,1,1,1,2,1,1
SF,IH2103,2020-09-03 09:30:10.600,3301.8000,4425,0,7918200.000,0,-,-,-,-,3300.0000,3299.4000,3298.0000,3296.0000,3291.0000,3301.8000,3302.0000,3303.0000,3308.4000,3312.8000,1,1,1,1,1,1,1,1,2,1
SF,IH2103,2020-09-03 09:30:11.100,3301.8000,4425,0,7918200.000,0,-,-,-,-,3299.4000,3298.0000,3296.0000,3291.0000,3280.0000,3301.4000,3301.6000,3301.8000,3302.0000,3308.4000,1,1,1,1,1,1,3,1,1,2
SF,IH2103,2020-09-03 09:30:11.600,3299.4000,4424,-1,8908020.000,1,0,1,双平,S,3298.0000,3296.0000,3291.0000,3280.0000,3270.8000,3301.2000,3301.4000,3301.6000,3302.0000,3308.4000,1,1,1,1,1,1,1,3,1,2
SF,IH2103,2020-09-03 09:30:12.100,3299.4000,4424,0,8908020.000,0,-,-,-,-,3298.0000,3296.0000,3291.0000,3280.0000,3270.8000,3301.2000,3301.4000,3301.6000,3302.0000,3308.4000,1,1,1,1,1,1,1,3,1,2
SF,IH2103,2020-09-03 09:30:12.600,3298.0000,4424,0,9897420.000,1,0,1,多换,S,3296.0000,3291.0000,3280.0000,3270.8000,3268.8000,3301.2000,3301.4000,3301.6000,3302.0000,3308.4000,1,1,1,1,1,1,1,3,1,2
SF,IH2103,2020-09-03 09:30:13.100,3298.0000,4424,0,9897420.000,0,-,-,-,-,3297.8000,3296.4000,3296.2000,3291.0000,3280.0000,3301.2000,3301.4000,3301.6000,3302.0000,3308.4000,2,2,2,1,1,1,1,3,1,2
SF,IH2103,2020-09-03 09:30:13.600,3297.8000,4422,-2,11876100.000,2,0,2,双平,S,3291.0000,3280.0000,3270.8000,3268.8000,3263.2000,3301.2000,3301.4000,3301.6000,3302.0000,3308.4000,1,1,1,1,1,1,1,1,1,2
SF,IH2103,2020-09-03 09:30:14.100,3297.8000,4422,0,11876100.000,0,-,-,-,-,3292.8000,3291.6000,3291.2000,3291.0000,3280.0000,3301.0000,3301.2000,3301.4000,3301.6000,3302.0000,2,1,1,1,1,1,1,1,1,1
SF,IH2103,2020-09-03 09:30:14.600,3297.8000,4422,0,11876100.000,0,-,-,-,-,3294.0000,3293.4000,3292.8000,3291.0000,3280.0000,3300.8000,3301.4000,3301.6000,3302.0000,3308.4000,1,2,2,1,1,1,1,1,1,2
SF,IH2103,2020-09-03 09:30:15.100,3297.8000,4422,0,11876100.000,0,-,-,-,-,3294.6000,3294.2000,3293.4000,3291.0000,3280.0000,3300.8000,3301.4000,3301.6000,3302.0000,3308.4000,1,1,1,1,1,1,1,1,1,2
SF,IH2103,2020-09-03 09:30:15.600,3297.8000,4422,0,11876100.000,0,-,-,-,-,3293.4000,3291.0000,3280.0000,3270.8000,3268.8000,3300.8000,3301.4000,3301.6000,3302.0000,3308.4000,1,1,1,1,1,1,1,1,1,2
SF,IH2103,2020-09-03 09:30:16.100,3297.8000,4422,0,11876100.000,0,-,-,-,-,3294.0000,3293.6000,3291.0000,3280.0000,3270.8000,3300.8000,3301.4000,3301.6000,3302.0000,3308.4000,1,1,1,1,1,1,1,1,1,2
SF,IH2103,2020-09-03 09:30:16.600,3300.6000,4421,-1,12866280.000,1,0,1,双平,S,3294.4000,3294.2000,3291.0000,3280.0000,3270.8000,3300.6000,3300.8000,3301.4000,3301.6000,3302.0000,1,1,1,1,1,1,1,1,1,1
SF,IH2103,2020-09-03 09:30:17.100,3300.6000,4421,0,12866280.000,0,-,-,-,-,3294.6000,3294.2000,3291.0000,3280.0000,3270.8000,3300.4000,3300.6000,3301.4000,3301.6000,3302.0000,1,1,1,1,1,2,1,1,1,1
SF,IH2103,2020-09-03 09:30:17.600,3300.6000,4421,0,12866280.000,0,-,-,-,-,3294.6000,3291.0000,3280.0000,3270.8000,3268.8000,3299.8000,3300.2000,3300.4000,3300.6000,3301.6000,1,1,1,1,1,1,1,2,1,1
SF,IH2103,2020-09-03 09:30:18.100,3300.6000,4421,0,12866280.000,0,-,-,-,-,3291.0000,3280.0000,3270.8000,3268.8000,3263.2000,3299.6000,3299.8000,3300.4000,3300.6000,3301.6000,1,1,1,1,1,1,1,2,1,1
SF,IH2103,2020-09-03 09:30:18.600,3300.6000,4421,0,12866280.000,0,-,-,-,-,3292.4000,3291.6000,3291.2000,3291.0000,3280.0000,3299.6000,3299.8000,3300.4000,3308.4000,3312.8000,2,1,1,1,1,1,1,2,2,1
SF,IH2103,2020-09-03 09:30:19.100,3300.6000,4421,0,12866280.000,0,-,-,-,-,3293.0000,3291.0000,3280.0000,3270.8000,3268.8000,3299.4000,3299.6000,3299.8000,3300.4000,3308.4000,1,1,1,1,1,1,1,1,1,2
SF,IH2103,2020-09-03 09:30:19.600,3300.6000,4421,0,12866280.000,0,-,-,-,-,3293.2000,3291.0000,3280.0000,3270.8000,3268.8000,3299.2000,3299.4000,3299.8000,3308.4000,3312.8000,2,1,1,1,1,2,1,1,2,1
SF,IH2103,2020-09-03 09:30:20.100,3300.6000,4421,0,12866280.000,0,-,-,-,-,3293.2000,3291.0000,3280.0000,3270.8000,3268.8000,3299.2000,3299.4000,3299.8000,3308.4000,3312.8000,2,1,1,1,1,2,1,1,2,1
SF,IH2103,2020-09-03 09:30:20.600,3300.6000,4421,0,12866280.000,0,-,-,-,-,3293.8000,3293.2000,3291.0000,3280.0000,3270.8000,3299.2000,3299.4000,3299.8000,3308.4000,3312.8000,1,2,1,1,1,3,1,1,2,1
SF,IH2103,2020-09-03 09:30:21.100,3300.6000,4421,0,12866280.000,0,-,-,-,-,3294.0000,3293.8000,3291.0000,3280.0000,3270.8000,3299.2000,3299.4000,3299.8000,3308.4000,3312.8000,1,1,1,1,1,3,1,1,2,1
SF,IH2103,2020-09-03 09:30:21.600,3300.6000,4421,0,12866280.000,0,-,-,-,-,3294.2000,3294.0000,3293.8000,3291.0000,3280.0000,3299.0000,3299.2000,3299.8000,3308.4000,3312.8000,1,1,1,1,1,1,3,1,2,1
SF,IH2103,2020-09-03 09:30:22.100,3300.6000,4421,0,12866280.000,0,-,-,-,-,3294.2000,3294.0000,3293.8000,3291.0000,3280.0000,3298.8000,3299.0000,3299.2000,3299.8000,3308.4000,1,1,1,1,1,2,1,1,1,2
SF,IH2103,2020-09-03 09:30:22.600,3300.6000,4421,0,12866280.000,0,-,-,-,-,3294.2000,3291.0000,3280.0000,3270.8000,3268.8000,3298.8000,3299.0000,3299.2000,3299.8000,3308.4000,1,1,1,1,1,2,1,1,1,2
SF,IH2103,2020-09-03 09:30:23.100,3300.6000,4421,0,12866280.000,0,-,-,-,-,3291.0000,3280.0000,3270.8000,3268.8000,3263.2000,3298.2000,3298.8000,3299.0000,3299.2000,3308.4000,1,1,1,1,1,1,2,1,1,2
SF,IH2103,2020-09-03 09:30:23.600,3300.6000,4421,0,12866280.000,0,-,-,-,-,3291.8000,3291.6000,3291.2000,3291.0000,3280.0000,3298.0000,3298.2000,3298.8000,3299.0000,3308.4000,2,1,1,1,1,1,1,1,1,2
SF,IH2103,2020-09-03 09:30:24.100,3300.6000,4421,0,12866280.000,0,-,-,-,-,3293.2000,3292.4000,3291.8000,3291.0000,3280.0000,3297.6000,3297.8000,3298.0000,3298.2000,3298.8000,1,1,2,1,1,1,1,1,1,1
SF,IH2103,2020-09-03 09:30:24.600,3300.6000,4421,0,12866280.000,0,-,-,-,-,3293.4000,3293.2000,3291.8000,3291.0000,3280.0000,3297.4000,3297.6000,3297.8000,3298.2000,3308.4000,1,1,2,1,1,1,1,1,1,2
SF,IH2103,2020-09-03 09:30:25.100,3300.6000,4421,0,12866280.000,0,-,-,-,-,3293.4000,3293.2000,3291.8000,3291.0000,3280.0000,3297.2000,3297.4000,3297.6000,3297.8000,3298.2000,1,1,2,1,1,1,1,1,1,1
SF,IH2103,2020-09-03 09:30:25.600,3300.6000,4421,0,12866280.000,0,-,-,-,-,3293.4000,3293.2000,3291.8000,3291.0000,3280.0000,3296.6000,3297.2000,3297.4000,3297.6000,3297.8000,1,1,2,1,1,1,1,1,1,1
SF,IH2103,2020-09-03 09:30:26.100,3300.6000,4421,0,12866280.000,0,-,-,-,-,3291.0000,3280.0000,3270.8000,3268.8000,3263.2000,3296.4000,3296.6000,3297.4000,3297.6000,3297.8000,1,1,1,1,1,1,1,1,1,1
SF,IH2103,2020-09-03 09:30:26.600,3300.6000,4421,0,12866280.000,0,-,-,-,-,3292.2000,3291.2000,3291.0000,3280.0000,3270.8000,3296.4000,3296.6000,3297.4000,3308.4000,3312.8000,1,1,1,1,1,2,1,1,2,1
SF,IH2103,2020-09-03 09:30:27.100,3300.6000,4421,0,12866280.000,0,-,-,-,-,3291.0000,3280.0000,3270.8000,3268.8000,3263.2000,3296.0000,3296.4000,3296.6000,3308.4000,3312.8000,1,1,1,1,1,1,3,1,2,1
SF,IH2103,2020-09-03 09:30:27.600,3300.6000,4421,0,12866280.000,0,-,-,-,-,3291.2000,3291.0000,3280.0000,3270.8000,3268.8000,3295.8000,3296.0000,3296.4000,3296.6000,3308.4000,2,1,1,1,1,1,1,2,1,2
SF,IH2103,2020-09-03 09:30:28.100,3300.6000,4421,0,12866280.000,0,-,-,-,-,3291.2000,3291.0000,3280.0000,3270.8000,3268.8000,3295.8000,3296.4000,3296.6000,3308.4000,3312.8000,2,1,1,1,1,1,2,1,2,1
SF,IH2103,2020-09-03 09:30:28.600,3300.6000,4421,0,12866280.000,0,-,-,-,-,3291.2000,3291.0000,3280.0000,3270.8000,3268.8000,3295.8000,3296.4000,3296.6000,3308.4000,3312.8000,2,1,1,1,1,1,2,1,2,1
SF,IH2103,2020-09-03 09:30:29.600,3300.6000,4421,0,12866280.000,0,-,-,-,-,3291.2000,3291.0000,3280.0000,3270.8000,3268.8000,3295.6000,3295.8000,3296.6000,3299.6000,3308.4000,2,1,1,1,1,2,1,1,1,2
SF,IH2103,2020-09-03 09:30:30.100,3300.6000,4421,0,12866280.000,0,-,-,-,-,3291.4000,3291.2000,3291.0000,3280.0000,3270.8000,3295.0000,3295.4000,3295.6000,3299.6000,3308.4000,1,1,1,1,1,1,1,2,1,2
SF,IH2103,2020-09-03 09:30:30.600,3300.6000,4421,0,12866280.000,0,-,-,-,-,3292.2000,3291.0000,3280.0000,3270.8000,3268.8000,3294.8000,3295.0000,3295.6000,3299.6000,3308.4000,1,1,1,1,1,1,1,2,1,2
SF,IH2103,2020-09-03 09:30:31.100,3300.6000,4421,0,12866280.000,0,-,-,-,-,3291.0000,3280.0000,3270.8000,3268.8000,3263.2000,3294.8000,3295.0000,3295.6000,3299.6000,3308.4000,1,1,1,1,1,1,1,2,1,2
SF,IH2103,2020-09-03 09:30:31.600,3300.6000,4421,0,12866280.000,0,-,-,-,-,3291.2000,3291.0000,3280.0000,3270.8000,3268.8000,3294.8000,3295.0000,3295.6000,3299.6000,3300.8000,2,1,1,1,1,1,1,2,1,1
SF,IH2103,2020-09-03 09:30:32.100,3300.6000,4421,0,12866280.000,0,-,-,-,-,3291.2000,3291.0000,3280.0000,3270.8000,3268.8000,3294.8000,3295.0000,3295.6000,3299.6000,3300.8000,2,1,2,1,1,1,1,2,1,1
SF,IH2103,2020-09-03 09:30:32.600,3294.8000,4420,-1,13854720.000,1,0,1,双平,S,3291.2000,3291.0000,3280.0000,3270.8000,3268.8000,3294.8000,3295.0000,3295.6000,3299.6000,3300.8000,2,1,2,1,1,1,1,2,1,1
SF,IH2103,2020-09-03 09:30:33.100,3294.8000,4420,0,13854720.000,0,-,-,-,-,3291.2000,3291.0000,3280.0000,3270.8000,3268.8000,3294.8000,3295.0000,3295.6000,3299.6000,3300.8000,2,1,2,1,1,1,1,1,1,1
SF,IH2103,2020-09-03 09:30:34.100,3294.8000,4420,0,13854720.000,0,-,-,-,-,3291.2000,3291.0000,3283.2000,3280.0000,3270.8000,3294.8000,3295.0000,3295.6000,3299.6000,3300.8000,2,1,1,2,1,1,1,1,1,1
SF,IH2103,2020-09-03 09:30:34.600,3294.8000,4420,0,13854720.000,0,-,-,-,-,3291.2000,3291.0000,3283.2000,3280.0000,3270.8000,3294.8000,3295.0000,3295.6000,3299.6000,3300.8000,1,1,1,2,1,1,1,1,1,1
SF,IH2103,2020-09-03 09:30:35.100,3294.8000,4420,0,13854720.000,0,-,-,-,-,3291.2000,3291.0000,3283.2000,3280.0000,3270.8000,3294.8000,3295.0000,3295.6000,3299.6000,3300.8000,1,1,1,2,1,1,1,1,1,1
SF,IH2103,2020-09-03 09:30:35.600,3294.8000,4420,0,13854720.000,0,-,-,-,-,3292.0000,3291.2000,3291.0000,3283.2000,3280.0000,3294.8000,3295.0000,3295.6000,3299.6000,3300.8000,1,1,1,1,2,1,1,1,1,1
SF,IH2103,2020-09-03 09:30:36.100,3294.8000,4420,0,13854720.000,0,-,-,-,-,3291.0000,3283.2000,3280.0000,3270.8000,3268.8000,3294.8000,3295.0000,3299.6000,3300.8000,3308.4000,1,1,2,1,1,1,1,1,1,2
SF,IH2103,2020-09-03 09:30:36.600,3294.8000,4420,0,13854720.000,0,-,-,-,-,3292.6000,3291.4000,3291.2000,3291.0000,3283.2000,3294.8000,3295.0000,3299.6000,3300.8000,3308.4000,1,2,2,1,1,1,1,1,1,2
SF,IH2103,2020-09-03 09:30:37.100,3295.0000,4418,-2,15831660.000,2,0,2,双平,S,3294.8000,3292.6000,3291.4000,3291.2000,3291.0000,3299.6000,3300.8000,3308.4000,3312.8000,3313.8000,1,1,2,2,1,1,1,2,1,1
SF,IH2103,2020-09-03 09:30:37.600,3295.0000,4418,0,15831660.000,0,-,-,-,-,3294.8000,3292.6000,3291.4000,3291.2000,3291.0000,3296.8000,3299.4000,3299.6000,3300.8000,3308.4000,1,1,2,1,1,1,3,1,1,2
SF,IH2103,2020-09-03 09:30:38.100,3295.0000,4418,0,15831660.000,0,-,-,-,-,3294.8000,3291.2000,3291.0000,3283.2000,3280.0000,3299.4000,3299.6000,3300.8000,3308.4000,3312.8000,1,1,1,1,2,1,1,1,2,1
SF,IH2103,2020-09-03 09:30:38.600,3295.0000,4418,0,15831660.000,0,-,-,-,-,3294.8000,3291.0000,3283.2000,3280.0000,3270.8000,3299.4000,3299.6000,3300.8000,3308.4000,3312.8000,1,1,1,2,1,1,1,1,2,1
SF,IH2103,2020-09-03 09:30:39.100,3295.0000,4418,0,15831660.000,0,-,-,-,-,3295.0000,3294.8000,3291.0000,3283.2000,3280.0000,3299.4000,3299.6000,3300.8000,3308.4000,3312.8000,1,1,1,1,2,1,1,1,2,1
SF,IH2103,2020-09-03 09:30:39.600,3295.0000,4418,0,15831660.000,0,-,-,-,-,3295.0000,3294.8000,3291.0000,3283.2000,3280.0000,3298.0000,3299.4000,3299.6000,3300.8000,3308.4000,1,1,1,1,2,1,1,1,1,2
SF,IH2103,2020-09-03 09:30:40.100,3295.0000,4418,0,15831660.000,0,-,-,-,-,3295.0000,3294.8000,3291.0000,3283.2000,3280.0000,3298.0000,3299.6000,3300.8000,3308.4000,3312.8000,1,1,1,1,2,1,1,1,2,1
SF,IH2103,2020-09-03 09:30:40.600,3295.0000,4418,0,15831660.000,0,-,-,-,-,3295.0000,3294.8000,3291.0000,3283.2000,3280.0000,3297.8000,3299.6000,3300.8000,3308.4000,3312.8000,1,1,1,1,2,1,1,1,2,1
SF,IH2103,2020-09-03 09:30:41.100,3295.0000,4418,0,15831660.000,0,-,-,-,-,3295.0000,3294.8000,3291.0000,3290.0000,3283.2000,3297.2000,3297.8000,3299.6000,3300.8000,3308.4000,1,1,1,1,1,1,1,1,1,2
SF,IH2103,2020-09-03 09:30:43.600,3295.0000,4418,0,15831660.000,0,-,-,-,-,3295.0000,3294.8000,3291.0000,3290.0000,3283.2000,3297.2000,3297.8000,3300.8000,3308.4000,3312.8000,1,1,1,1,1,1,1,1,2,1
SF,IH2103,2020-09-03 09:30:44.100,3297.2000,4417,-1,16820820.000,1,0,1,双平,S,3297.2000,3295.0000,3294.8000,3291.0000,3290.0000,3298.8000,3308.4000,3312.8000,3313.8000,3319.6000,1,1,1,1,1,1,2,1,1,2
SF,IH2103,2020-09-03 09:30:44.600,3297.2000,4417,0,17809980.000,1,0,1,多换,S,3295.0000,3291.0000,3290.0000,3283.2000,3280.0000,3298.8000,3308.4000,3312.8000,3313.8000,3319.6000,1,1,1,1,2,1,2,1,1,2
SF,IH2103,2020-09-03 09:30:45.100,3297.2000,4417,0,17809980.000,0,-,-,-,-,3295.0000,3291.0000,3290.0000,3283.2000,3280.0000,3298.8000,3308.4000,3312.8000,3313.8000,3319.6000,1,1,1,1,2,1,2,1,1,2
SF,IH2103,2020-09-03 09:30:45.600,3297.2000,4417,0,17809980.000,0,-,-,-,-,3295.0000,3291.0000,3290.0000,3283.2000,3280.0000,3298.8000,3308.4000,3312.8000,3313.8000,3319.6000,1,1,1,1,2,1,2,1,1,2
SF,IH2103,2020-09-03 09:30:46.100,3297.2000,4417,0,17809980.000,0,-,-,-,-,3295.2000,3295.0000,3291.0000,3290.0000,3283.2000,3298.6000,3298.8000,3308.4000,3312.8000,3313.8000,1,1,1,1,1,1,1,2,1,1
SF,IH2103,2020-09-03 09:30:46.600,3297.2000,4417,0,17809980.000,0,-,-,-,-,3291.0000,3290.0000,3283.2000,3280.0000,3270.8000,3298.8000,3308.4000,3312.8000,3313.8000,3319.6000,1,1,1,2,1,1,2,1,1,2
SF,IH2103,2020-09-03 09:30:47.100,3297.2000,4417,0,17809980.000,0,-,-,-,-,3293.6000,3291.6000,3291.2000,3291.0000,3290.0000,3298.8000,3308.4000,3312.8000,3313.8000,3319.6000,2,2,1,1,1,1,2,1,1,2
SF,IH2103,2020-09-03 09:30:47.600,3297.2000,4417,0,17809980.000,0,-,-,-,-,3294.2000,3291.0000,3290.0000,3283.2000,3280.0000,3298.6000,3298.8000,3308.4000,3312.8000,3313.8000,3,1,1,1,2,1,1,2,1,1
SF,IH2103,2020-09-03 09:30:48.100,3297.2000,4417,0,17809980.000,0,-,-,-,-,3294.8000,3294.4000,3294.2000,3291.0000,3290.0000,3298.6000,3298.8000,3308.4000,3312.8000,3313.8000,1,1,1,1,1,1,1,2,1,1
SF,IH2103,2020-09-03 09:30:48.600,3297.2000,4417,0,17809980.000,0,-,-,-,-,3295.4000,3295.0000,3291.0000,3283.2000,3280.0000,3298.6000,3298.8000,3308.4000,3312.8000,3313.8000,1,1,1,1,2,1,1,2,1,1
SF,IH2103,2020-09-03 09:30:49.100,3297.2000,4417,0,17809980.000,0,-,-,-,-,3295.6000,3291.0000,3283.2000,3280.0000,3270.8000,3298.6000,3298.8000,3308.4000,3312.8000,3313.8000,2,1,1,2,1,1,1,2,1,1
SF,IH2103,2020-09-03 09:30:49.600,3297.2000,4417,0,17809980.000,0,-,-,-,-,3295.6000,3291.0000,3283.2000,3280.0000,3270.8000,3298.6000,3298.8000,3308.4000,3312.8000,3313.8000,2,1,1,2,1,1,1,2,1,1
SF,IH2103,2020-09-03 09:30:50.100,3297.2000,4417,0,17809980.000,0,-,-,-,-,3295.6000,3291.0000,3283.2000,3280.0000,3270.8000,3298.6000,3298.8000,3308.4000,3312.8000,3313.8000,1,1,1,2,1,1,1,2,1,1
SF,IH2103,2020-09-03 09:30:51.600,3297.2000,4417,0,17809980.000,0,-,-,-,-,3295.6000,3291.0000,3283.2000,3280.0000,3270.8000,3298.6000,3298.8000,3308.4000,3312.8000,3313.8000,1,1,1,2,1,1,1,2,1,1
SF,IH2103,2020-09-03 09:30:52.100,3297.2000,4417,0,17809980.000,0,-,-,-,-,3295.8000,3295.6000,3291.0000,3283.2000,3280.0000,3298.6000,3298.8000,3308.4000,3312.8000,3313.8000,1,1,1,1,2,1,1,2,1,1
SF,IH2103,2020-09-03 09:30:52.600,3297.2000,4417,0,17809980.000,0,-,-,-,-,3295.8000,3291.0000,3283.2000,3280.0000,3270.8000,3298.6000,3298.8000,3308.4000,3312.8000,3313.8000,2,1,1,2,1,1,1,2,1,1
SF,IH2103,2020-09-03 09:30:53.100,3297.2000,4417,0,17809980.000,0,-,-,-,-,3296.0000,3295.8000,3291.0000,3283.2000,3280.0000,3298.6000,3298.8000,3308.4000,3312.8000,3313.8000,1,1,1,1,2,1,1,2,1,1
SF,IH2103,2020-09-03 09:30:54.100,3297.2000,4417,0,17809980.000,0,-,-,-,-,3296.0000,3291.0000,3283.2000,3280.0000,3270.8000,3298.6000,3298.8000,3308.4000,3312.8000,3313.8000,1,1,1,2,1,1,1,2,1,1
SF,IH2103,2020-09-03 09:30:57.600,3296.0000,4416,-1,18798780.000,1,0,1,双平,S,3291.0000,3283.2000,3280.0000,3270.8000,3268.8000,3298.6000,3298.8000,3308.4000,3312.8000,3313.8000,1,1,2,1,1,1,1,2,1,1
SF,IH2103,2020-09-03 09:30:58.100,3296.0000,4416,0,18798780.000,0,-,-,-,-,3294.2000,3293.2000,3292.8000,3291.6000,3291.0000,3298.6000,3298.8000,3308.4000,3312.8000,3313.8000,1,3,2,2,1,1,1,2,1,1
SF,IH2103,2020-09-03 09:30:58.600,3296.0000,4416,0,18798780.000,0,-,-,-,-,3294.8000,3294.4000,3294.2000,3293.2000,3292.8000,3298.6000,3298.8000,3308.4000,3312.8000,3313.8000,1,1,1,3,2,1,1,2,1,1
SF,IH2103,2020-09-03 09:30:59.100,3296.0000,4416,0,18798780.000,0,-,-,-,-,3295.0000,3294.4000,3293.2000,3291.0000,3283.2000,3298.6000,3298.8000,3308.4000,3312.8000,3313.8000,1,1,3,1,1,1,1,2,1,1
SF,IH2103,2020-09-03 09:30:59.600,3296.0000,4416,0,18798780.000,0,-,-,-,-,3294.4000,3293.2000,3291.0000,3283.2000,3280.0000,3298.6000,3298.8000,3308.4000,3312.8000,3313.8000,1,3,1,1,2,1,1,2,1,1
SF,IH2103,2020-09-03 09:31:00.100,3296.0000,4416,0,18798780.000,0,-,-,-,-,3291.0000,3283.2000,3280.0000,3270.8000,3268.8000,3298.6000,3298.8000,3308.4000,3312.8000,3313.8000,1,1,2,1,1,1,1,2,1,1
SF,IH2103,2020-09-03 09:31:00.600,3296.0000,4416,0,18798780.000,0,-,-,-,-,3291.6000,3291.4000,3291.0000,3283.2000,3280.0000,3298.6000,3298.8000,3308.4000,3312.8000,3313.8000,2,2,1,1,2,1,1,2,1,1
SF,IH2103,2020-09-03 09:31:01.100,3296.0000,4416,0,18798780.000,0,-,-,-,-,3292.8000,3292.2000,3291.8000,3291.6000,3291.4000,3298.6000,3298.8000,3308.4000,3312.8000,3313.8000,1,1,3,1,2,1,1,2,1,1
SF,IH2103,2020-09-03 09:31:01.600,3296.0000,4416,0,18798780.000,0,-,-,-,-,3293.4000,3292.8000,3291.8000,3291.4000,3291.0000,3298.6000,3298.8000,3308.4000,3312.8000,3313.8000,2,1,3,2,1,1,1,2,1,1
SF,IH2103,2020-09-03 09:31:02.100,3296.0000,4416,0,18798780.000,0,-,-,-,-,3294.0000,3293.4000,3291.0000,3283.2000,3280.0000,3298.6000,3298.8000,3308.4000,3312.8000,3313.8000,1,1,1,1,2,1,1,2,1,1
SF,IH2103,2020-09-03 09:31:02.600,3296.0000,4416,0,18798780.000,0,-,-,-,-,3294.6000,3293.4000,3291.0000,3283.2000,3280.0000,3298.6000,3298.8000,3308.4000,3312.8000,3313.8000,1,1,1,1,2,1,1,2,1,1
SF,IH2103,2020-09-03 09:31:03.100,3296.0000,4416,0,18798780.000,0,-,-,-,-,3294.8000,3293.4000,3291.0000,3283.2000,3280.0000,3298.6000,3298.8000,3308.4000,3312.8000,3313.8000,1,1,1,1,2,1,1,2,1,1
SF,IH2103,2020-09-03 09:31:03.600,3296.0000,4416,0,18798780.000,0,-,-,-,-,3295.0000,3293.4000,3291.0000,3283.2000,3280.0000,3298.6000,3298.8000,3308.4000,3312.8000,3313.8000,1,1,1,1,2,1,1,2,1,1
SF,IH2103,2020-09-03 09:31:04.100,3296.0000,4416,0,18798780.000,0,-,-,-,-,3295.2000,3293.4000,3291.0000,3283.2000,3280.0000,3298.6000,3298.8000,3308.4000,3312.8000,3313.8000,1,1,1,1,2,1,1,2,1,1
SF,IH2103,2020-09-03 09:31:04.600,3296.0000,4416,0,18798780.000,0,-,-,-,-,3295.6000,3293.4000,3291.0000,3283.2000,3280.0000,3296.8000,3298.6000,3308.4000,3312.8000,3313.8000,1,1,1,1,2,1,1,2,1,1
SF,IH2103,2020-09-03 09:31:05.100,3296.8000,4414,-2,20776500.000,2,0,2,双平,S,3293.4000,3291.0000,3283.2000,3280.0000,3270.8000,3298.6000,3308.4000,3312.8000,3313.8000,3319.6000,1,1,1,2,1,1,2,1,1,2
SF,IH2103,2020-09-03 09:31:05.600,3296.8000,4414,0,20776500.000,0,-,-,-,-,3293.8000,3293.6000,3293.4000,3291.0000,3283.2000,3298.6000,3308.4000,3312.8000,3313.8000,3319.6000,1,1,1,1,1,1,2,1,1,2
SF,IH2103,2020-09-03 09:31:06.100,3296.8000,4414,0,20776500.000,0,-,-,-,-,3294.2000,3293.6000,3291.0000,3283.2000,3280.0000,3298.6000,3308.4000,3312.8000,3313.8000,3319.6000,2,1,1,1,2,1,2,1,1,2
SF,IH2103,2020-09-03 09:31:06.600,3296.8000,4414,0,20776500.000,0,-,-,-,-,3293.6000,3291.0000,3283.2000,3280.0000,3270.8000,3298.6000,3308.4000,3312.8000,3313.8000,3319.6000,1,1,1,2,1,1,2,1,1,2
SF,IH2103,2020-09-03 09:31:07.100,3296.8000,4414,0,20776500.000,0,-,-,-,-,3291.0000,3283.2000,3280.0000,3270.8000,3268.8000,3298.4000,3298.6000,3308.4000,3312.8000,3313.8000,1,1,2,1,1,2,1,2,1,1
SF,IH2103,2020-09-03 09:31:07.600,3296.8000,4414,0,20776500.000,0,-,-,-,-,3291.6000,3291.2000,3291.0000,3283.2000,3280.0000,3298.4000,3308.4000,3312.8000,3313.8000,3319.6000,1,3,3,1,2,2,2,1,1,2
SF,IH2103,2020-09-03 09:31:08.100,3296.8000,4414,0,20776500.000,0,-,-,-,-,3292.4000,3291.8000,3291.6000,3291.2000,3291.0000,3298.2000,3298.4000,3308.4000,3312.8000,3313.8000,1,1,1,3,3,1,2,2,1,1
SF,IH2103,2020-09-03 09:31:08.600,3296.8000,4414,0,20776500.000,0,-,-,-,-,3293.0000,3292.6000,3292.4000,3291.8000,3291.2000,3298.2000,3298.4000,3308.4000,3312.8000,3313.8000,1,1,1,1,3,1,2,2,1,1
SF,IH2103,2020-09-03 09:31:09.600,3296.8000,4414,0,20776500.000,0,-,-,-,-,3293.0000,3292.6000,3292.4000,3291.8000,3291.2000,3298.0000,3298.2000,3308.4000,3312.8000,3313.8000,1,1,1,1,3,2,1,2,1,1
SF,IH2103,2020-09-03 09:31:10.100,3296.8000,4414,0,20776500.000,0,-,-,-,-,3293.0000,3292.6000,3292.4000,3291.8000,3291.2000,3297.4000,3298.0000,3308.4000,3312.8000,3313.8000,1,1,1,1,3,1,2,2,1,1
SF,IH2103,2020-09-03 09:31:10.600,3296.8000,4414,0,20776500.000,0,-,-,-,-,3293.0000,3292.6000,3292.4000,3291.8000,3291.2000,3297.2000,3297.4000,3298.0000,3308.4000,3312.8000,1,1,1,1,3,1,1,2,2,1
SF,IH2103,2020-09-03 09:31:12.100,3296.8000,4414,0,20776500.000,0,-,-,-,-,3293.0000,3292.6000,3292.4000,3291.8000,3291.2000,3297.0000,3297.2000,3297.4000,3308.4000,3312.8000,1,1,1,1,3,2,1,1,2,1
SF,IH2103,2020-09-03 09:31:12.600,3296.8000,4414,0,20776500.000,0,-,-,-,-,3293.0000,3292.6000,3292.4000,3291.8000,3291.2000,3297.0000,3297.4000,3308.4000,3312.8000,3313.8000,1,1,1,1,3,2,1,2,1,1
SF,IH2103,2020-09-03 09:31:13.100,3296.8000,4414,0,20776500.000,0,-,-,-,-,3293.0000,3292.6000,3292.4000,3291.8000,3291.2000,3296.8000,3297.0000,3308.4000,3312.8000,3313.8000,1,1,1,1,3,1,2,2,1,1
SF,IH2103,2020-09-03 09:31:13.600,3296.8000,4414,0,20776500.000,0,-,-,-,-,3293.0000,3292.6000,3292.4000,3291.8000,3291.2000,3296.8000,3297.0000,3308.4000,3312.8000,3313.8000,1,1,1,1,3,1,2,2,1,1
SF,IH2103,2020-09-03 09:31:14.100,3296.8000,4414,0,20776500.000,0,-,-,-,-,3293.4000,3293.0000,3292.6000,3291.0000,3283.2000,3296.8000,3297.0000,3308.4000,3312.8000,3313.8000,1,1,1,1,1,1,2,2,1,1
SF,IH2103,2020-09-03 09:31:14.600,3296.8000,4414,0,20776500.000,0,-,-,-,-,3293.4000,3293.0000,3292.6000,3291.0000,3283.2000,3296.6000,3296.8000,3308.4000,3312.8000,3313.8000,1,1,1,1,1,2,1,2,1,1
SF,IH2103,2020-09-03 09:31:15.100,3296.8000,4414,0,20776500.000,0,-,-,-,-,3294.0000,3292.6000,3291.0000,3283.2000,3280.0000,3296.6000,3308.4000,3312.8000,3313.8000,3319.6000,1,1,1,1,2,2,2,1,1,2
SF,IH2103,2020-09-03 09:31:15.600,3296.8000,4414,0,20776500.000,0,-,-,-,-,3294.0000,3292.6000,3291.0000,3283.2000,3280.0000,3296.4000,3296.6000,3308.4000,3312.8000,3313.8000,1,1,1,1,2,1,2,2,1,1
SF,IH2103,2020-09-03 09:31:16.600,3296.8000,4414,0,20776500.000,0,-,-,-,-,3294.0000,3292.6000,3291.0000,3283.2000,3280.0000,3296.2000,3296.4000,3296.6000,3308.4000,3312.8000,1,1,1,1,2,1,1,1,2,1
SF,IH2103,2020-09-03 09:31:17.100,3296.8000,4414,0,20776500.000,0,-,-,-,-,3294.0000,3292.6000,3291.0000,3283.2000,3280.0000,3296.2000,3308.4000,3312.8000,3313.8000,3319.6000,1,1,1,1,2,2,2,1,1,2
SF,IH2103,2020-09-03 09:31:17.600,3296.8000,4414,0,20776500.000,0,-,-,-,-,3294.0000,3292.6000,3291.0000,3283.2000,3280.0000,3296.0000,3296.2000,3308.4000,3312.8000,3313.8000,1,1,1,1,2,1,2,2,1,1
SF,IH2103,2020-09-03 09:31:19.100,3296.8000,4414,0,20776500.000,0,-,-,-,-,3294.2000,3294.0000,3291.0000,3283.2000,3280.0000,3296.0000,3296.2000,3308.4000,3312.8000,3313.8000,1,1,1,1,2,1,2,2,1,1
SF,IH2103,2020-09-03 09:31:19.600,3294.2000,4414,0,21764760.000,1,0,1,多换,S,3294.6000,3291.0000,3283.2000,3280.0000,3270.8000,3296.0000,3296.2000,3308.4000,3312.8000,3313.8000,1,1,1,2,1,1,2,2,1,1
SF,IH2103,2020-09-03 09:31:20.100,3294.6000,4414,0,22753140.000,1,0,1,多换,S,3291.0000,3283.2000,3280.0000,3275.0000,3270.8000,3294.6000,3296.0000,3296.2000,3308.4000,3312.8000,1,1,2,1,1,1,1,2,2,1
SF,IH2103,2020-09-03 09:31:20.600,3294.6000,4414,0,22753140.000,0,-,-,-,-,3291.0000,3283.2000,3280.0000,3275.0000,3270.8000,3296.0000,3308.4000,3312.8000,3313.8000,3315.0000,1,1,2,1,1,1,2,1,1,1
SF,IH2103,2020-09-03 09:31:21.100,3294.6000,4414,0,22753140.000,0,-,-,-,-,3291.0000,3283.2000,3280.0000,3275.0000,3270.8000,3296.0000,3308.4000,3312.8000,3313.8000,3315.0000,1,1,2,1,1,1,2,1,1,1
SF,IH2103,2020-09-03 09:31:21.600,3294.6000,4414,0,22753140.000,0,-,-,-,-,3292.2000,3291.6000,3291.2000,3291.0000,3283.2000,3296.0000,3308.4000,3312.8000,3313.8000,3315.0000,1,1,3,1,1,1,2,1,1,1
SF,IH2103,2020-09-03 09:31:22.100,3294.6000,4414,0,22753140.000,0,-,-,-,-,3292.2000,3291.6000,3291.2000,3291.0000,3283.2000,3296.0000,3308.4000,3312.8000,3313.8000,3315.0000,1,1,3,1,1,1,2,1,1,1
SF,IH2103,2020-09-03 09:31:22.600,3294.6000,4414,0,22753140.000,0,-,-,-,-,3292.2000,3291.6000,3291.2000,3291.0000,3283.2000,3296.0000,3308.4000,3312.8000,3313.8000,3315.0000,1,1,3,1,1,1,2,1,1,1
SF,IH2103,2020-09-03 09:31:24.100,3294.6000,4414,0,22753140.000,0,-,-,-,-,3291.0000,3283.2000,3280.0000,3275.0000,3270.8000,3295.8000,3296.0000,3308.4000,3312.8000,3313.8000,1,1,2,1,1,2,1,2,1,1
SF,IH2103,2020-09-03 09:31:24.600,3294.6000,4414,0,22753140.000,0,-,-,-,-,3291.0000,3283.2000,3280.0000,3275.0000,3270.8000,3295.8000,3308.4000,3312.8000,3313.8000,3315.0000,1,1,2,1,1,2,2,1,1,1
SF,IH2103,2020-09-03 09:31:25.100,3294.6000,4414,0,22753140.000,0,-,-,-,-,3291.8000,3291.0000,3283.2000,3280.0000,3275.0000,3295.6000,3295.8000,3308.4000,3312.8000,3313.8000,1,1,1,2,1,1,2,2,1,1
SF,IH2103,2020-09-03 09:31:25.600,3291.8000,4413,-1,23740680.000,1,0,1,双平,S,3291.0000,3283.2000,3280.0000,3275.0000,3270.8000,3293.4000,3295.0000,3295.6000,3295.8000,3308.4000,1,1,2,1,1,1,2,1,2,2
SF,IH2103,2020-09-03 09:31:26.100,3291.0000,4413,0,24727980.000,1,0,1,多换,S,3283.2000,3280.0000,3275.0000,3270.8000,3268.8000,3295.0000,3308.4000,3312.8000,3313.8000,3315.0000,1,2,1,1,1,2,2,1,1,1
SF,IH2103,2020-09-03 09:31:26.600,3291.0000,4413,0,24727980.000,0,-,-,-,-,3288.2000,3287.8000,3283.8000,3283.4000,3283.2000,3294.4000,3294.8000,3295.0000,3308.4000,3312.8000,3,2,1,1,2,1,1,1,2,1
SF,IH2103,2020-09-03 09:31:27.100,3291.0000,4413,0,24727980.000,0,-,-,-,-,3288.6000,3288.2000,3287.8000,3283.4000,3283.2000,3294.0000,3295.0000,3308.4000,3312.8000,3313.8000,1,3,2,1,2,1,1,2,1,1
SF,IH2103,2020-09-03 09:31:27.600,3291.0000,4413,0,24727980.000,0,-,-,-,-,3288.8000,3288.6000,3288.2000,3287.8000,3283.2000,3293.8000,3295.0000,3308.4000,3312.8000,3313.8000,1,1,3,2,2,2,1,2,1,1
SF,IH2103,2020-09-03 09:31:28.100,3291.0000,4413,0,24727980.000,0,-,-,-,-,3288.8000,3288.6000,3288.2000,3283.2000,3280.0000,3293.2000,3293.8000,3295.0000,3308.4000,3312.8000,1,1,3,1,2,1,2,1,2,1
SF,IH2103,2020-09-03 09:31:28.600,3291.0000,4413,0,24727980.000,0,-,-,-,-,3288.8000,3288.6000,3283.2000,3280.0000,3275.0000,3292.6000,3293.0000,3293.8000,3295.0000,3308.4000,1,1,1,2,1,1,1,1,1,2
SF,IH2103,2020-09-03 09:31:29.100,3291.0000,4413,0,24727980.000,0,-,-,-,-,3283.2000,3280.0000,3275.0000,3270.8000,3268.8000,3292.0000,3292.4000,3293.0000,3293.8000,3295.0000,1,2,1,1,1,1,3,1,1,1
SF,IH2103,2020-09-03 09:31:29.600,3291.0000,4413,0,24727980.000,0,-,-,-,-,3284.8000,3283.8000,3283.2000,3280.0000,3275.0000,3291.8000,3292.4000,3293.0000,3293.8000,3295.0000,5,1,1,2,1,1,2,1,1,1
SF,IH2103,2020-09-03 09:31:30.100,3291.0000,4413,0,24727980.000,0,-,-,-,-,3285.4000,3284.8000,3283.2000,3280.0000,3275.0000,3291.6000,3292.4000,3293.0000,3293.8000,3295.0000,1,5,1,2,1,2,2,1,1,1
SF,IH2103,2020-09-03 09:31:30.600,3291.0000,4413,0,24727980.000,0,-,-,-,-,3285.4000,3283.2000,3280.0000,3275.0000,3270.8000,3291.6000,3292.4000,3293.0000,3295.0000,3308.4000,1,1,2,1,1,1,2,1,1,2
SF,IH2103,2020-09-03 09:31:31.100,3291.0000,4413,0,24727980.000,0,-,-,-,-,3286.0000,3285.8000,3285.4000,3283.2000,3280.0000,3291.6000,3292.4000,3295.0000,3308.4000,3312.8000,1,2,1,1,2,1,2,1,2,1
SF,IH2103,2020-09-03 09:31:31.600,3291.0000,4413,0,24727980.000,0,-,-,-,-,3286.2000,3286.0000,3285.8000,3285.4000,3283.2000,3291.4000,3291.6000,3295.0000,3308.4000,3312.8000,3,1,2,1,1,2,1,1,2,1
SF,IH2103,2020-09-03 09:31:32.100,3291.0000,4413,0,24727980.000,0,-,-,-,-,3286.6000,3286.2000,3285.8000,3285.4000,3283.2000,3291.4000,3295.0000,3308.4000,3312.8000,3313.8000,1,3,2,1,1,2,1,2,1,1
SF,IH2103,2020-09-03 09:31:32.600,3291.0000,4413,0,24727980.000,0,-,-,-,-,3287.0000,3286.6000,3286.2000,3285.8000,3283.2000,3291.2000,3291.4000,3295.0000,3308.4000,3312.8000,1,1,3,2,1,1,2,1,2,1
SF,IH2103,2020-09-03 09:31:33.100,3291.0000,4413,0,24727980.000,0,-,-,-,-,3287.0000,3286.8000,3286.6000,3286.2000,3285.8000,3291.2000,3291.4000,3295.0000,3308.4000,3312.8000,1,1,1,3,2,1,2,1,2,1
SF,IH2103,2020-09-03 09:31:33.600,3291.0000,4413,0,24727980.000,0,-,-,-,-,3287.6000,3287.0000,3286.2000,3285.8000,3283.2000,3291.2000,3291.4000,3295.0000,3308.4000,3312.8000,1,1,3,2,1,1,2,1,2,1
SF,IH2103,2020-09-03 09:31:34.100,3291.0000,4413,0,24727980.000,0,-,-,-,-,3287.6000,3287.0000,3286.2000,3285.8000,3283.2000,3295.0000,3308.4000,3312.8000,3313.8000,3315.0000,1,1,3,2,1,1,2,1,1,1
SF,IH2103,2020-09-03 09:31:34.600,3291.0000,4413,0,24727980.000,0,-,-,-,-,3287.8000,3287.6000,3287.0000,3283.2000,3280.0000,3294.4000,3294.8000,3308.4000,3312.8000,3313.8000,1,1,1,1,2,1,1,2,1,1
SF,IH2103,2020-09-03 09:31:35.100,3291.0000,4413,0,24727980.000,0,-,-,-,-,3287.8000,3287.6000,3287.0000,3283.2000,3280.0000,3308.4000,3312.8000,3313.8000,3315.0000,3319.6000,1,1,1,1,2,2,1,1,1,2
SF,IH2103,2020-09-03 09:31:35.600,3291.0000,4413,0,24727980.000,0,-,-,-,-,3288.6000,3288.2000,3287.8000,3287.0000,3283.2000,3293.0000,3295.6000,3304.0000,3306.2000,3307.8000,1,1,1,1,1,1,2,2,1,2
SF,IH2103,2020-09-03 09:31:36.100,3291.0000,4413,0,24727980.000,0,-,-,-,-,3288.6000,3288.2000,3287.0000,3283.2000,3280.0000,3307.8000,3308.2000,3308.4000,3312.8000,3313.8000,1,1,1,1,2,2,3,2,1,1
SF,IH2103,2020-09-03 09:31:36.600,3291.0000,4413,0,24727980.000,0,-,-,-,-,3288.6000,3288.2000,3287.0000,3283.2000,3280.0000,3302.6000,3303.8000,3305.6000,3307.0000,3307.2000,1,1,1,1,2,2,4,1,1,1
SF,IH2103,2020-09-03 09:31:37.100,3291.0000,4413,0,24727980.000,0,-,-,-,-,3288.6000,3287.0000,3283.2000,3280.0000,3275.0000,3292.2000,3294.8000,3302.0000,3302.2000,3302.4000,1,1,1,2,1,1,2,1,1,1
SF,IH2103,2020-09-03 09:31:37.600,3292.2000,4412,-1,25715640.000,1,0,1,双平,S,3288.6000,3287.0000,3283.2000,3280.0000,3275.0000,3292.0000,3302.0000,3302.2000,3302.4000,3307.6000,1,1,1,2,1,1,1,1,1,4
SF,IH2103,2020-09-03 09:31:38.100,3292.2000,4412,0,25715640.000,0,-,-,-,-,3287.0000,3283.2000,3280.0000,3275.0000,3270.8000,3298.2000,3302.0000,3302.2000,3302.4000,3307.6000,1,1,2,1,1,1,1,1,1,3
SF,IH2103,2020-09-03 09:31:38.600,3292.2000,4412,0,25715640.000,0,-,-,-,-,3287.6000,3287.2000,3287.0000,3283.2000,3280.0000,3297.6000,3298.0000,3298.2000,3302.2000,3302.4000,2,1,1,1,2,1,2,1,1,1
SF,IH2103,2020-09-03 09:31:39.100,3292.2000,4412,0,25715640.000,0,-,-,-,-,3288.6000,3288.0000,3287.8000,3287.2000,3287.0000,3297.0000,3297.4000,3298.0000,3298.2000,3302.4000,1,3,1,1,1,1,4,1,1,1
SF,IH2103,2020-09-03 09:31:39.600,3292.2000,4412,0,25715640.000,0,-,-,-,-,3288.6000,3288.0000,3287.8000,3287.2000,3287.0000,3296.4000,3296.6000,3296.8000,3297.4000,3298.0000,1,3,1,1,1,1,1,4,4,1
SF,IH2103,2020-09-03 09:31:40.100,3292.2000,4412,0,25715640.000,0,-,-,-,-,3289.2000,3288.6000,3288.0000,3287.0000,3283.2000,3295.8000,3296.2000,3296.6000,3296.8000,3297.4000,1,1,3,1,1,3,3,1,3,3
SF,IH2103,2020-09-03 09:31:40.600,3292.2000,4412,0,25715640.000,0,-,-,-,-,3289.2000,3288.6000,3287.0000,3283.2000,3280.0000,3295.2000,3295.6000,3295.8000,3296.0000,3296.2000,1,1,1,1,2,1,3,2,1,3
SF,IH2103,2020-09-03 09:31:41.100,3292.2000,4412,0,25715640.000,0,-,-,-,-,3289.2000,3288.6000,3287.0000,3283.2000,3280.0000,3294.6000,3295.0000,3295.6000,3295.8000,3296.0000,1,1,1,1,2,1,4,2,2,1
SF,IH2103,2020-09-03 09:31:41.600,3292.2000,4412,0,25715640.000,0,-,-,-,-,3288.6000,3287.0000,3283.2000,3280.0000,3275.0000,3294.0000,3294.2000,3294.4000,3294.6000,3295.0000,1,1,1,2,1,1,1,1,1,4
SF,IH2103,2020-09-03 09:31:42.100,3292.2000,4412,0,25715640.000,0,-,-,-,-,3287.0000,3283.2000,3280.0000,3275.0000,3270.8000,3293.4000,3294.0000,3294.2000,3295.0000,3295.6000,1,1,2,1,1,1,1,1,4,2
SF,IH2103,2020-09-03 09:31:42.600,3292.2000,4412,0,25715640.000,0,-,-,-,-,3287.0000,3283.2000,3280.0000,3275.0000,3270.8000,3292.8000,3293.2000,3294.0000,3294.2000,3295.0000,1,1,2,1,1,1,1,1,1,4
SF,IH2103,2020-09-03 09:31:43.100,3292.2000,4412,0,25715640.000,0,-,-,-,-,3287.4000,3287.0000,3283.2000,3280.0000,3275.0000,3292.4000,3292.6000,3294.0000,3294.2000,3295.0000,1,1,1,2,1,1,1,1,1,3
SF,IH2103,2020-09-03 09:31:43.600,3292.2000,4412,0,25715640.000,0,-,-,-,-,3287.4000,3287.0000,3283.2000,3280.0000,3275.0000,3292.2000,3292.6000,3294.0000,3294.2000,3295.0000,1,1,1,2,1,3,1,1,1,1
SF,IH2103,2020-09-03 09:31:44.100,3292.2000,4412,0,25715640.000,0,-,-,-,-,3287.4000,3287.0000,3283.2000,3280.0000,3275.0000,3292.0000,3292.2000,3292.6000,3294.2000,3295.0000,1,1,1,2,1,1,2,1,1,1
SF,IH2103,2020-09-03 09:31:44.600,3292.2000,4412,0,25715640.000,0,-,-,-,-,3287.4000,3287.0000,3283.2000,3280.0000,3275.0000,3292.0000,3292.2000,3292.6000,3294.2000,3295.0000,1,1,1,2,1,1,1,1,1,1
SF,IH2103,2020-09-03 09:31:45.100,3292.2000,4412,0,25715640.000,0,-,-,-,-,3287.4000,3287.0000,3283.2000,3280.0000,3275.0000,3291.8000,3292.0000,3292.2000,3292.6000,3294.2000,1,1,1,2,1,1,1,1,1,1
SF,IH2103,2020-09-03 09:31:45.600,3292.2000,4412,0,25715640.000,0,-,-,-,-,3287.4000,3287.0000,3283.2000,3280.0000,3275.0000,3291.6000,3291.8000,3292.0000,3292.2000,3294.2000,1,1,1,2,1,1,1,1,1,1
SF,IH2103,2020-09-03 09:31:46.100,3292.2000,4412,0,25715640.000,0,-,-,-,-,3287.4000,3287.0000,3283.2000,3280.0000,3275.0000,3291.6000,3294.2000,3295.0000,3295.8000,3308.2000,1,1,1,2,1,2,1,1,1,1
SF,IH2103,2020-09-03 09:31:46.600,3292.2000,4412,0,25715640.000,0,-,-,-,-,3287.4000,3287.0000,3283.2000,3280.0000,3275.0000,3291.4000,3291.6000,3294.2000,3295.0000,3295.8000,1,1,1,2,1,1,2,1,1,1
SF,IH2103,2020-09-03 09:31:49.100,3292.2000,4412,0,25715640.000,0,-,-,-,-,3287.4000,3287.0000,3283.2000,3280.0000,3275.0000,3291.2000,3291.4000,3291.6000,3294.2000,3295.0000,1,1,1,2,1,1,1,2,1,1
SF,IH2103,2020-09-03 09:31:49.600,3292.2000,4412,0,25715640.000,0,-,-,-,-,3287.4000,3287.0000,3283.2000,3280.0000,3275.0000,3291.0000,3291.6000,3294.2000,3295.0000,3308.2000,1,1,1,2,1,1,2,1,1,1
SF,IH2103,2020-09-03 09:31:50.100,3292.2000,4412,0,25715640.000,0,-,-,-,-,3287.4000,3287.0000,3283.2000,3280.0000,3275.0000,3290.8000,3291.6000,3294.2000,3295.0000,3308.2000,1,1,1,2,1,1,1,1,1,1
SF,IH2103,2020-09-03 09:31:55.600,3292.2000,4412,0,25715640.000,0,-,-,-,-,3287.4000,3287.0000,3283.2000,3280.0000,3275.0000,3290.6000,3290.8000,3291.6000,3294.2000,3295.0000,1,1,1,2,1,1,1,1,1,1
SF,IH2103,2020-09-03 09:31:56.100,3292.2000,4412,0,25715640.000,0,-,-,-,-,3287.4000,3287.0000,3283.2000,3280.0000,3275.0000,3290.4000,3291.6000,3294.2000,3295.0000,3308.2000,1,1,1,2,1,1,1,1,1,1
SF,IH2103,2020-09-03 09:31:56.600,3292.2000,4412,0,25715640.000,0,-,-,-,-,3287.4000,3287.0000,3283.2000,3280.0000,3275.0000,3290.2000,3290.4000,3294.2000,3295.0000,3308.2000,1,1,1,2,1,1,1,1,1,1
SF,IH2103,2020-09-03 09:31:57.100,3292.2000,4412,0,25715640.000,0,-,-,-,-,3287.0000,3283.2000,3280.0000,3275.0000,3270.8000,3290.2000,3294.2000,3295.0000,3308.2000,3308.4000,1,1,2,1,1,1,1,1,1,2
SF,IH2103,2020-09-03 09:31:57.600,3292.2000,4412,0,25715640.000,0,-,-,-,-,3287.0000,3283.2000,3280.0000,3275.0000,3270.8000,3290.2000,3294.2000,3295.0000,3308.2000,3308.4000,1,1,2,1,1,1,1,1,1,2
SF,IH2103,2020-09-03 09:32:00.100,3292.2000,4412,0,25715640.000,0,-,-,-,-,3287.0000,3283.2000,3282.8000,3280.0000,3275.0000,3290.2000,3294.2000,3295.0000,3308.2000,3308.4000,1,1,1,2,1,1,1,1,1,2
SF,IH2103,2020-09-03 09:32:00.600,3292.2000,4412,0,25715640.000,0,-,-,-,-,3287.4000,3287.0000,3283.2000,3282.8000,3280.0000,3290.0000,3290.2000,3294.2000,3295.0000,3308.2000,1,1,1,1,2,1,1,1,1,1
SF,IH2103,2020-09-03 09:32:01.100,3292.2000,4412,0,25715640.000,0,-,-,-,-,3287.4000,3287.0000,3283.2000,3282.8000,3280.0000,3289.8000,3294.2000,3295.0000,3308.2000,3308.4000,1,1,1,1,2,1,1,1,1,2
SF,IH2103,2020-09-03 09:32:01.600,3290.0000,4410,-2,27689640.000,2,0,2,双平,S,3287.8000,3287.0000,3283.2000,3282.8000,3280.0000,3294.2000,3295.0000,3308.2000,3308.4000,3312.8000,1,1,1,1,2,1,1,1,2,1
SF,IH2103,2020-09-03 09:32:02.100,3290.0000,4410,0,27689640.000,0,-,-,-,-,3287.0000,3283.2000,3282.8000,3280.0000,3275.0000,3294.0000,3294.2000,3295.0000,3308.2000,3308.4000,1,1,1,2,1,3,1,1,1,2
SF,IH2103,2020-09-03 09:32:02.600,3290.0000,4410,0,27689640.000,0,-,-,-,-,3287.0000,3283.2000,3282.8000,3280.0000,3275.0000,3293.4000,3293.8000,3294.0000,3294.2000,3308.2000,1,1,1,2,1,1,1,1,1,1
SF,IH2103,2020-09-03 09:32:03.100,3290.0000,4410,0,27689640.000,0,-,-,-,-,3287.4000,3287.0000,3283.2000,3282.8000,3280.0000,3293.2000,3293.4000,3293.8000,3294.0000,3294.2000,1,1,1,1,2,1,1,1,1,1
SF,IH2103,2020-09-03 09:32:03.600,3290.0000,4410,0,27689640.000,0,-,-,-,-,3287.4000,3287.0000,3283.2000,3282.8000,3280.0000,3292.6000,3293.2000,3293.4000,3293.8000,3294.0000,1,1,1,1,2,1,1,1,1,1
SF,IH2103,2020-09-03 09:32:04.600,3290.0000,4410,0,27689640.000,0,-,-,-,-,3287.4000,3287.0000,3283.2000,3282.8000,3280.0000,3292.6000,3293.2000,3293.4000,3293.8000,3294.0000,1,1,1,1,2,1,1,1,1,1
SF,IH2103,2020-09-03 09:32:05.600,3290.0000,4410,0,27689640.000,0,-,-,-,-,3287.0000,3283.2000,3282.8000,3280.0000,3275.0000,3292.6000,3293.2000,3293.4000,3293.8000,3294.0000,1,1,1,2,1,1,1,1,1,1
SF,IH2103,2020-09-03 09:32:10.600,3290.0000,4410,0,27689640.000,0,-,-,-,-,3287.2000,3287.0000,3283.2000,3282.8000,3280.0000,3292.6000,3293.2000,3293.4000,3293.8000,3294.0000,1,1,1,1,2,1,1,1,1,1
SF,IH2103,2020-09-03 09:32:11.100,3290.0000,4410,0,27689640.000,0,-,-,-,-,3287.2000,3287.0000,3283.2000,3282.8000,3280.0000,3292.4000,3292.6000,3293.2000,3293.4000,3293.8000,1,1,1,1,2,1,1,1,1,1
SF,IH2103,2020-09-03 09:32:11.600,3290.0000,4410,0,27689640.000,0,-,-,-,-,3287.2000,3287.0000,3283.2000,3282.8000,3280.0000,3291.8000,3292.4000,3292.6000,3293.2000,3293.8000,1,1,1,1,2,1,1,1,1,1
SF,IH2103,2020-09-03 09:32:12.100,3290.0000,4410,0,27689640.000,0,-,-,-,-,3287.0000,3283.2000,3282.8000,3280.0000,3275.0000,3291.8000,3292.4000,3292.6000,3293.2000,3293.8000,1,1,1,2,1,1,1,1,1,1
SF,IH2103,2020-09-03 09:32:13.100,3290.0000,4410,0,27689640.000,0,-,-,-,-,3283.2000,3282.8000,3280.0000,3275.0000,3270.8000,3291.8000,3292.4000,3292.6000,3293.2000,3293.8000,1,1,2,1,1,1,1,1,1,1
SF,IH2103,2020-09-03 09:32:13.600,3290.0000,4410,0,27689640.000,0,-,-,-,-,3285.6000,3283.8000,3283.4000,3283.2000,3282.8000,3291.8000,3292.6000,3293.2000,3294.0000,3308.2000,2,1,2,1,1,1,1,1,1,1
SF,IH2103,2020-09-03 09:32:14.100,3290.0000,4410,0,27689640.000,0,-,-,-,-,3286.2000,3286.0000,3285.6000,3283.8000,3283.4000,3291.8000,3292.6000,3293.2000,3294.0000,3308.2000,1,1,2,1,2,1,1,1,1,1
SF,IH2103,2020-09-03 09:32:14.600,3290.0000,4410,0,27689640.000,0,-,-,-,-,3286.2000,3286.0000,3285.6000,3283.8000,3283.4000,3291.6000,3291.8000,3292.6000,3293.2000,3294.0000,1,1,2,1,2,2,1,1,1,1
SF,IH2103,2020-09-03 09:32:15.100,3290.0000,4410,0,27689640.000,0,-,-,-,-,3286.2000,3286.0000,3285.6000,3283.8000,3283.4000,3291.0000,3291.6000,3291.8000,3293.2000,3294.0000,1,1,2,1,2,1,2,1,1,1
SF,IH2103,2020-09-03 09:32:15.600,3290.0000,4410,0,27689640.000,0,-,-,-,-,3286.2000,3285.6000,3283.8000,3283.4000,3283.2000,3291.0000,3291.6000,3291.8000,3293.2000,3294.0000,1,2,1,2,1,1,2,1,1,1
SF,IH2103,2020-09-03 09:32:16.100,3290.0000,4410,0,27689640.000,0,-,-,-,-,3286.2000,3285.6000,3283.8000,3283.4000,3283.2000,3291.0000,3291.6000,3291.8000,3293.2000,3294.0000,1,2,1,2,1,1,2,1,1,1
SF,IH2103,2020-09-03 09:32:16.600,3290.0000,4410,0,27689640.000,0,-,-,-,-,3286.2000,3285.6000,3283.8000,3283.4000,3283.2000,3290.8000,3291.0000,3291.6000,3291.8000,3293.2000,1,2,1,2,1,1,1,1,1,1
SF,IH2103,2020-09-03 09:32:17.100,3290.0000,4410,0,27689640.000,0,-,-,-,-,3286.2000,3285.6000,3283.8000,3283.4000,3283.2000,3290.2000,3290.6000,3290.8000,3291.0000,3293.2000,1,2,1,2,1,1,1,1,1,1
SF,IH2103,2020-09-03 09:32:19.100,3290.0000,4410,0,27689640.000,0,-,-,-,-,3286.2000,3285.6000,3283.8000,3283.4000,3283.2000,3290.2000,3290.6000,3291.0000,3293.2000,3294.0000,1,2,1,2,1,1,1,1,1,1
SF,IH2103,2020-09-03 09:32:19.600,3290.0000,4410,0,27689640.000,0,-,-,-,-,3286.2000,3285.6000,3283.8000,3283.4000,3283.2000,3290.2000,3290.6000,3291.0000,3293.2000,3294.0000,1,2,1,2,1,1,1,1,1,1
SF,IH2103,2020-09-03 09:32:20.100,3290.2000,4410,0,28676700.000,1,0,1,多换,S,3286.8000,3286.2000,3285.6000,3283.8000,3283.4000,3290.6000,3291.0000,3293.2000,3294.0000,3308.2000,1,1,2,1,2,1,1,1,1,1
SF,IH2103,2020-09-03 09:32:20.600,3290.2000,4410,0,28676700.000,0,-,-,-,-,3286.8000,3286.2000,3283.8000,3283.4000,3283.2000,3290.6000,3291.0000,3293.2000,3294.0000,3308.2000,1,1,1,2,1,1,1,1,1,1
SF,IH2103,2020-09-03 09:32:21.100,3290.2000,4410,0,28676700.000,0,-,-,-,-,3287.0000,3286.8000,3286.2000,3283.4000,3283.2000,3290.6000,3291.0000,3293.2000,3294.0000,3308.2000,1,1,1,2,1,1,1,1,1,1
SF,IH2103,2020-09-03 09:32:21.600,3290.2000,4410,0,28676700.000,0,-,-,-,-,3287.6000,3287.0000,3286.2000,3283.4000,3283.2000,3291.0000,3293.2000,3294.0000,3308.2000,3308.4000,1,1,1,2,1,1,1,1,1,2
SF,IH2103,2020-09-03 09:32:22.100,3290.2000,4410,0,28676700.000,0,-,-,-,-,3287.6000,3287.4000,3287.0000,3286.2000,3283.4000,3293.2000,3294.0000,3308.2000,3308.4000,3312.8000,1,1,1,1,2,1,1,1,2,1
SF,IH2103,2020-09-03 09:32:22.600,3290.2000,4410,0,28676700.000,0,-,-,-,-,3287.8000,3287.6000,3287.4000,3287.0000,3283.4000,3292.6000,3293.0000,3293.2000,3294.0000,3308.2000,1,1,1,1,2,1,1,1,1,1
SF,IH2103,2020-09-03 09:32:23.100,3290.2000,4410,0,28676700.000,0,-,-,-,-,3291.0000,3288.4000,3287.8000,3287.0000,3283.4000,3292.6000,3293.0000,3293.2000,3294.0000,3308.2000,1,1,1,1,2,1,1,1,1,1
SF,IH2103,2020-09-03 09:32:23.600,3288.4000,4410,0,30650520.000,2,1,1,多换,S,3287.0000,3283.4000,3283.2000,3282.8000,3280.0000,3292.4000,3292.6000,3293.0000,3293.2000,3294.0000,1,2,1,1,2,1,1,1,1,1
SF,IH2103,2020-09-03 09:32:24.100,3288.4000,4410,0,30650520.000,0,-,-,-,-,3287.0000,3283.4000,3283.2000,3282.8000,3280.0000,3291.8000,3292.4000,3292.6000,3293.0000,3293.2000,1,2,1,1,2,1,1,1,1,1
SF,IH2103,2020-09-03 09:32:24.600,3288.4000,4410,0,30650520.000,0,-,-,-,-,3287.0000,3283.4000,3283.2000,3282.8000,3280.0000,3291.8000,3292.6000,3293.0000,3293.2000,3294.0000,1,2,1,1,2,1,1,1,1,1
SF,IH2103,2020-09-03 09:32:25.100,3288.4000,4410,0,30650520.000,0,-,-,-,-,3287.4000,3287.2000,3287.0000,3283.4000,3283.2000,3291.8000,3292.6000,3293.0000,3293.2000,3294.0000,1,2,1,2,1,1,1,1,1,1
SF,IH2103,2020-09-03 09:32:25.600,3288.4000,4410,0,30650520.000,0,-,-,-,-,3287.4000,3287.0000,3283.4000,3283.2000,3282.8000,3291.8000,3292.6000,3293.0000,3293.2000,3294.0000,1,1,2,1,1,1,1,1,1,1
SF,IH2103,2020-09-03 09:32:26.600,3288.4000,4410,0,30650520.000,0,-,-,-,-,3288.0000,3287.4000,3287.0000,3283.4000,3283.2000,3291.8000,3292.6000,3293.0000,3293.2000,3294.0000,1,1,1,2,1,1,1,1,1,1
SF,IH2103,2020-09-03 09:32:27.100,3288.4000,4410,0,30650520.000,0,-,-,-,-,3287.4000,3283.4000,3283.2000,3282.8000,3280.0000,3291.6000,3291.8000,3292.6000,3293.0000,3293.2000,1,2,1,1,2,1,1,1,1,1
SF,IH2103,2020-09-03 09:32:27.600,3288.4000,4410,0,30650520.000,0,-,-,-,-,3283.4000,3283.2000,3282.8000,3280.0000,3275.0000,3291.0000,3291.6000,3291.8000,3293.0000,3293.2000,2,1,1,2,1,1,1,1,1,1
SF,IH2103,2020-09-03 09:32:28.100,3288.4000,4410,0,30650520.000,0,-,-,-,-,3285.4000,3283.8000,3283.4000,3283.2000,3282.8000,3291.0000,3291.6000,3291.8000,3293.2000,3294.0000,2,1,2,1,1,1,1,1,1,1
SF,IH2103,2020-09-03 09:32:28.600,3288.4000,4410,0,30650520.000,0,-,-,-,-,3286.8000,3285.8000,3285.4000,3285.0000,3283.8000,3291.0000,3291.8000,3293.2000,3294.0000,3308.2000,1,3,2,1,1,1,1,1,1,1
SF,IH2103,2020-09-03 09:32:29.100,3288.4000,4410,0,30650520.000,0,-,-,-,-,3287.0000,3286.8000,3286.0000,3285.6000,3283.4000,3291.0000,3291.8000,3293.2000,3294.0000,3308.2000,1,1,1,1,2,1,1,1,1,1
SF,IH2103,2020-09-03 09:32:29.600,3288.4000,4410,0,30650520.000,0,-,-,-,-,3287.0000,3286.8000,3286.0000,3285.6000,3283.4000,3291.0000,3291.8000,3293.2000,3294.0000,3308.2000,1,1,1,1,2,1,1,1,1,1
SF,IH2103,2020-09-03 09:32:30.100,3288.4000,4410,0,30650520.000,0,-,-,-,-,3287.0000,3286.8000,3285.6000,3283.4000,3283.2000,3291.0000,3291.8000,3293.2000,3294.0000,3308.2000,1,1,1,2,1,1,1,1,1,1
SF,IH2103,2020-09-03 09:32:30.600,3288.4000,4410,0,30650520.000,0,-,-,-,-,3286.8000,3285.6000,3283.4000,3283.2000,3282.8000,3291.0000,3291.8000,3293.2000,3294.0000,3308.2000,1,1,2,1,1,1,1,1,1,1
SF,IH2103,2020-09-03 09:32:31.100,3288.4000,4410,0,30650520.000,0,-,-,-,-,3286.8000,3283.4000,3283.2000,3282.8000,3280.0000,3291.0000,3291.8000,3293.2000,3294.0000,3308.2000,1,2,1,1,2,1,1,1,1,1
SF,IH2103,2020-09-03 09:32:33.600,3288.4000,4410,0,30650520.000,0,-,-,-,-,3286.8000,3283.4000,3283.2000,3282.8000,3280.0000,3287.0000,3291.0000,3291.8000,3294.0000,3308.2000,1,2,1,1,2,1,1,1,1,1
SF,IH2103,2020-09-03 09:32:34.100,3287.2000,4409,-1,31636680.000,1,0,1,双平,S,3287.0000,3286.8000,3283.4000,3283.2000,3282.8000,3291.0000,3291.8000,3294.0000,3308.2000,3308.4000,2,1,2,1,1,1,1,1,1,2
SF,IH2103,2020-09-03 09:32:34.600,3287.2000,4409,0,31636680.000,0,-,-,-,-,3287.0000,3286.8000,3283.4000,3283.2000,3282.8000,3290.8000,3291.0000,3291.8000,3308.2000,3308.4000,2,1,2,1,1,2,1,1,1,2
SF,IH2103,2020-09-03 09:32:35.100,3287.2000,4409,0,31636680.000,0,-,-,-,-,3287.0000,3286.8000,3283.4000,3283.2000,3282.8000,3290.2000,3290.8000,3291.0000,3308.2000,3308.4000,2,1,2,1,1,1,2,1,1,2
SF,IH2103,2020-09-03 09:32:35.600,3287.2000,4409,0,31636680.000,0,-,-,-,-,3287.0000,3286.8000,3283.4000,3283.2000,3282.8000,3289.8000,3290.2000,3290.8000,3291.0000,3308.2000,2,1,2,1,1,1,1,2,1,1
SF,IH2103,2020-09-03 09:32:36.100,3287.2000,4409,0,31636680.000,0,-,-,-,-,3287.0000,3286.8000,3283.2000,3282.8000,3280.0000,3289.4000,3290.2000,3290.8000,3308.2000,3308.4000,2,1,1,1,2,2,1,2,1,2
SF,IH2103,2020-09-03 09:32:36.600,3287.2000,4409,0,31636680.000,0,-,-,-,-,3287.0000,3286.8000,3283.2000,3282.8000,3280.0000,3289.0000,3289.4000,3290.2000,3290.8000,3308.2000,2,1,1,1,2,1,1,1,2,1
SF,IH2103,2020-09-03 09:32:37.100,3287.2000,4409,0,31636680.000,0,-,-,-,-,3287.0000,3286.8000,3283.2000,3282.8000,3280.0000,3288.8000,3289.4000,3290.2000,3290.8000,3308.2000,2,1,1,1,2,1,1,1,2,1
SF,IH2103,2020-09-03 09:32:37.600,3287.0000,4408,-1,33608880.000,2,0,2,多平,S,3286.8000,3283.2000,3282.8000,3280.0000,3275.0000,3288.6000,3288.8000,3289.4000,3290.8000,3308.2000,1,1,1,2,1,1,1,1,2,1
SF,IH2103,2020-09-03 09:32:39.600,3286.8000,4409,1,34594920.000,1,1,0,双开,S,3283.2000,3282.8000,3280.0000,3275.0000,3270.8000,3288.6000,3288.8000,3289.4000,3290.8000,3308.2000,1,1,2,1,1,1,1,1,2,1
SF,IH2103,2020-09-03 09:32:40.100,3286.8000,4409,0,34594920.000,0,-,-,-,-,3283.8000,3283.6000,3283.2000,3282.8000,3280.0000,3288.6000,3289.4000,3290.8000,3308.2000,3308.4000,1,3,3,1,2,1,1,1,1,2
SF,IH2103,2020-09-03 09:32:40.600,3286.8000,4409,0,34594920.000,0,-,-,-,-,3283.8000,3283.2000,3282.8000,3280.0000,3275.0000,3288.6000,3289.4000,3290.8000,3308.2000,3308.4000,1,1,1,2,1,1,1,1,1,2
SF,IH2103,2020-09-03 09:32:41.100,3286.8000,4409,0,34594920.000,0,-,-,-,-,3284.2000,3283.8000,3283.2000,3282.8000,3280.0000,3287.0000,3288.6000,3289.4000,3290.8000,3308.2000,1,1,1,1,2,1,1,1,1,1
SF,IH2103,2020-09-03 09:32:41.600,3286.8000,4409,0,34594920.000,0,-,-,-,-,3284.6000,3284.2000,3283.8000,3283.2000,3282.8000,3287.0000,3288.6000,3289.4000,3290.8000,3308.2000,2,1,1,1,1,1,1,1,1,1
SF,IH2103,2020-09-03 09:32:42.100,3286.8000,4409,0,34594920.000,0,-,-,-,-,3285.0000,3284.6000,3283.8000,3283.2000,3282.8000,3286.8000,3287.0000,3288.6000,3289.4000,3290.8000,1,1,1,1,1,2,1,1,1,1
SF,IH2103,2020-09-03 09:32:42.600,3286.8000,4409,0,34594920.000,0,-,-,-,-,3283.8000,3283.2000,3282.8000,3280.0000,3275.0000,3286.8000,3287.0000,3288.6000,3289.4000,3290.8000,1,1,1,2,1,2,1,1,1,1
SF,IH2103,2020-09-03 09:32:43.100,3286.8000,4409,0,34594920.000,0,-,-,-,-,3283.2000,3282.8000,3280.0000,3275.0000,3270.8000,3286.8000,3287.0000,3288.6000,3289.4000,3290.8000,1,1,2,1,1,2,1,1,1,1
SF,IH2103,2020-09-03 09:32:43.600,3286.8000,4409,0,34594920.000,0,-,-,-,-,3283.2000,3282.8000,3280.0000,3270.8000,3268.8000,3286.8000,3287.0000,3288.6000,3289.4000,3290.8000,1,1,2,1,1,2,1,1,1,1
SF,IH2103,2020-09-03 09:32:44.100,3286.8000,4409,0,34594920.000,0,-,-,-,-,3283.2000,3282.8000,3280.0000,3270.8000,3268.8000,3286.6000,3286.8000,3287.0000,3288.6000,3289.4000,1,1,2,1,1,1,2,1,1,1
SF,IH2103,2020-09-03 09:32:44.600,3286.8000,4409,0,34594920.000,0,-,-,-,-,3283.2000,3282.8000,3280.0000,3270.8000,3268.8000,3286.4000,3286.6000,3287.0000,3288.6000,3289.4000,1,1,2,1,1,2,1,1,1,1
SF,IH2103,2020-09-03 09:32:45.100,3286.8000,4409,0,34594920.000,0,-,-,-,-,3283.6000,3283.2000,3282.8000,3280.0000,3270.8000,3286.4000,3286.6000,3287.0000,3288.6000,3289.4000,1,1,1,2,1,2,1,1,1,1
SF,IH2103,2020-09-03 09:32:45.600,3286.8000,4409,0,34594920.000,0,-,-,-,-,3283.2000,3282.8000,3280.0000,3270.8000,3268.8000,3286.0000,3286.4000,3286.6000,3287.0000,3288.6000,1,1,2,1,1,1,2,1,1,1
SF,IH2103,2020-09-03 09:32:46.100,3286.8000,4409,0,34594920.000,0,-,-,-,-,3283.6000,3283.2000,3282.8000,3280.0000,3270.8000,3286.4000,3286.6000,3287.0000,3288.6000,3289.4000,1,1,1,2,1,2,1,1,1,1
SF,IH2103,2020-09-03 09:32:46.600,3286.8000,4409,0,34594920.000,0,-,-,-,-,3284.0000,3283.2000,3282.8000,3280.0000,3270.8000,3286.4000,3286.6000,3287.0000,3288.6000,3289.4000,1,1,1,2,1,2,1,1,1,1
SF,IH2103,2020-09-03 09:32:47.100,3286.8000,4409,0,34594920.000,0,-,-,-,-,3284.4000,3283.2000,3282.8000,3280.0000,3270.8000,3287.0000,3288.6000,3289.4000,3290.8000,3304.8000,1,1,1,2,1,1,1,1,1,1
SF,IH2103,2020-09-03 09:32:47.600,3287.0000,4409,0,35581020.000,1,0,1,多换,S,3284.6000,3284.4000,3283.2000,3282.8000,3280.0000,3288.6000,3289.4000,3290.8000,3304.8000,3308.2000,1,1,1,1,2,1,1,1,1,1
SF,IH2103,2020-09-03 09:32:48.100,3287.0000,4409,0,35581020.000,0,-,-,-,-,3284.6000,3283.2000,3282.8000,3280.0000,3270.8000,3290.8000,3304.8000,3308.2000,3308.4000,3312.8000,1,1,1,2,1,1,1,1,2,1
SF,IH2103,2020-09-03 09:32:48.600,3287.0000,4409,0,35581020.000,0,-,-,-,-,3285.2000,3284.8000,3284.6000,3283.2000,3282.8000,3304.8000,3308.2000,3308.4000,3312.8000,3313.8000,1,1,1,1,1,1,1,2,1,1
SF,IH2103,2020-09-03 09:32:49.100,3287.0000,4409,0,35581020.000,0,-,-,-,-,3285.4000,3285.2000,3284.8000,3284.6000,3283.2000,3292.6000,3301.4000,3304.6000,3304.8000,3308.2000,2,1,1,1,1,2,2,5,1,1
SF,IH2103,2020-09-03 09:32:49.600,3287.0000,4409,0,35581020.000,0,-,-,-,-,3287.0000,3285.4000,3285.2000,3284.8000,3284.6000,3301.4000,3304.6000,3304.8000,3308.2000,3308.4000,1,2,1,1,1,2,1,1,1,2
SF,IH2103,2020-09-03 09:32:50.100,3287.0000,4409,0,35581020.000,0,-,-,-,-,3287.0000,3285.8000,3285.4000,3285.2000,3284.8000,3291.6000,3301.2000,3304.6000,3304.8000,3308.2000,1,1,1,1,1,2,5,1,1,1
SF,IH2103,2020-09-03 09:32:50.600,3287.0000,4409,0,35581020.000,0,-,-,-,-,3287.0000,3285.8000,3285.4000,3284.8000,3284.6000,3291.0000,3291.4000,3301.2000,3304.6000,3304.8000,1,1,1,1,1,1,1,3,1,1
SF,IH2103,2020-09-03 09:32:51.100,3287.0000,4409,0,35581020.000,0,-,-,-,-,3287.0000,3285.4000,3284.6000,3283.2000,3282.8000,3290.8000,3291.0000,3291.4000,3301.2000,3304.6000,1,1,1,1,1,4,1,1,2,1
SF,IH2103,2020-09-03 09:32:51.600,3287.0000,4409,0,35581020.000,0,-,-,-,-,3287.0000,3285.4000,3284.6000,3283.2000,3282.8000,3290.2000,3290.8000,3291.0000,3291.4000,3299.8000,1,1,1,1,1,1,2,1,1,1
SF,IH2103,2020-09-03 09:32:52.100,3287.0000,4409,0,35581020.000,0,-,-,-,-,3287.0000,3285.4000,3284.6000,3283.2000,3282.8000,3289.8000,3290.2000,3290.6000,3290.8000,3291.0000,1,1,1,1,1,1,1,1,2,1
SF,IH2103,2020-09-03 09:32:52.600,3287.0000,4409,0,35581020.000,0,-,-,-,-,3287.0000,3285.4000,3284.6000,3283.2000,3282.8000,3289.4000,3290.2000,3290.6000,3290.8000,3291.0000,1,1,1,1,1,1,1,1,2,1
SF,IH2103,2020-09-03 09:32:53.100,3287.0000,4409,0,35581020.000,0,-,-,-,-,3287.0000,3285.4000,3284.6000,3283.2000,3282.8000,3289.0000,3289.4000,3290.2000,3290.8000,3291.0000,1,1,1,1,1,1,1,1,2,1
SF,IH2103,2020-09-03 09:32:53.600,3287.0000,4409,0,35581020.000,0,-,-,-,-,3287.2000,3287.0000,3285.4000,3284.6000,3283.2000,3289.4000,3290.2000,3290.8000,3291.0000,3299.8000,1,1,1,1,1,1,1,2,1,1
SF,IH2103,2020-09-03 09:32:54.100,3287.0000,4409,0,36567120.000,1,0,1,多换,S,3287.2000,3287.0000,3285.4000,3284.6000,3283.2000,3289.4000,3290.8000,3299.8000,3301.2000,3304.6000,1,1,1,1,1,1,2,1,2,1
SF,IH2103,2020-09-03 09:32:54.600,3289.4000,4408,-1,37553940.000,1,0,1,双平,S,3289.4000,3287.8000,3287.6000,3287.0000,3285.4000,3290.8000,3299.8000,3301.2000,3304.6000,3304.8000,1,1,1,1,1,2,1,1,1,1
SF,IH2103,2020-09-03 09:32:55.100,3289.4000,4407,-1,38540760.000,1,0,1,双平,S,3287.8000,3287.0000,3285.4000,3283.2000,3282.8000,3290.8000,3299.8000,3301.2000,3304.6000,3304.8000,1,1,1,1,1,1,1,1,1,1
SF,IH2103,2020-09-03 09:32:55.600,3289.4000,4407,0,38540760.000,0,-,-,-,-,3287.8000,3287.0000,3285.4000,3283.2000,3282.8000,3290.6000,3299.8000,3301.2000,3304.6000,3304.8000,1,1,1,1,1,2,1,1,1,1
SF,IH2103,2020-09-03 09:32:56.100,3289.4000,4407,0,38540760.000,0,-,-,-,-,3288.2000,3287.8000,3287.0000,3285.4000,3283.2000,3290.2000,3290.6000,3299.8000,3301.2000,3304.6000,1,1,1,1,1,1,2,1,1,1
SF,IH2103,2020-09-03 09:32:56.600,3289.4000,4407,0,38540760.000,0,-,-,-,-,3288.2000,3287.8000,3287.0000,3285.4000,3283.2000,3290.6000,3299.8000,3301.2000,3304.6000,3304.8000,1,1,1,1,1,2,1,1,1,1
SF,IH2103,2020-09-03 09:32:57.100,3289.4000,4407,0,38540760.000,0,-,-,-,-,3287.8000,3287.0000,3285.4000,3283.2000,3282.8000,3290.6000,3299.8000,3301.2000,3304.6000,3304.8000,1,1,1,1,1,2,1,1,1,1
SF,IH2103,2020-09-03 09:32:57.600,3289.4000,4407,0,38540760.000,0,-,-,-,-,3288.2000,3287.8000,3287.0000,3285.4000,3283.2000,3290.6000,3299.8000,3301.2000,3304.6000,3304.8000,1,1,1,1,1,2,1,1,1,1
SF,IH2103,2020-09-03 09:32:58.100,3289.4000,4407,0,38540760.000,0,-,-,-,-,3288.6000,3287.8000,3287.0000,3285.4000,3283.2000,3290.6000,3299.8000,3304.6000,3304.8000,3308.2000,1,1,1,1,1,2,1,1,1,1
SF,IH2103,2020-09-03 09:32:58.600,3289.4000,4407,0,38540760.000,0,-,-,-,-,3288.8000,3287.8000,3287.0000,3285.4000,3283.2000,3290.6000,3299.8000,3304.6000,3304.8000,3308.2000,1,1,1,1,1,2,1,1,1,1
SF,IH2103,2020-09-03 09:32:59.100,3289.4000,4407,0,39527580.000,1,0,1,多换,S,3288.8000,3287.0000,3285.4000,3283.2000,3282.8000,3290.6000,3299.8000,3304.6000,3304.8000,3308.2000,1,1,1,1,1,2,1,1,1,1
SF,IH2103,2020-09-03 09:32:59.600,3290.6000,4405,-2,41501940.000,2,0,2,双平,S,3288.8000,3287.0000,3285.4000,3283.2000,3282.8000,3299.8000,3304.6000,3304.8000,3308.2000,3308.4000,1,1,1,1,1,1,1,1,1,2
SF,IH2103,2020-09-03 09:33:00.100,3290.6000,4405,0,41501940.000,0,-,-,-,-,3287.0000,3285.4000,3283.2000,3282.8000,3280.0000,3293.4000,3299.0000,3299.2000,3299.6000,3299.8000,1,1,1,1,2,2,4,1,5,1
SF,IH2103,2020-09-03 09:33:00.600,3290.6000,4405,0,41501940.000,0,-,-,-,-,3287.0000,3285.4000,3283.2000,3282.8000,3280.0000,3291.6000,3292.8000,3299.0000,3299.6000,3299.8000,1,1,1,1,2,1,1,4,4,1
SF,IH2103,2020-09-03 09:33:01.100,3290.6000,4405,0,41501940.000,0,-,-,-,-,3287.2000,3287.0000,3285.4000,3283.2000,3282.8000,3292.8000,3299.6000,3299.8000,3304.6000,3304.8000,1,1,1,1,1,1,3,1,1,1
SF,IH2103,2020-09-03 09:33:01.600,3290.6000,4405,0,41501940.000,0,-,-,-,-,3287.2000,3287.0000,3285.4000,3283.2000,3282.8000,3292.4000,3292.6000,3299.6000,3299.8000,3304.6000,1,1,1,1,1,1,2,3,1,1
SF,IH2103,2020-09-03 09:33:02.100,3290.6000,4405,0,41501940.000,0,-,-,-,-,3287.0000,3285.4000,3283.2000,3282.8000,3280.0000,3292.0000,3292.6000,3299.6000,3299.8000,3304.6000,1,1,1,1,2,1,2,3,1,1
SF,IH2103,2020-09-03 09:33:02.600,3290.6000,4405,0,41501940.000,0,-,-,-,-,3287.0000,3285.4000,3283.2000,3282.8000,3280.0000,3292.0000,3292.2000,3292.6000,3299.6000,3299.8000,1,1,1,1,2,1,1,1,3,1
SF,IH2103,2020-09-03 09:33:03.100,3290.6000,4405,0,41501940.000,0,-,-,-,-,3287.0000,3285.4000,3283.2000,3282.8000,3280.0000,3291.6000,3292.0000,3292.6000,3299.6000,3299.8000,1,1,1,1,2,1,1,1,3,1
SF,IH2103,2020-09-03 09:33:03.600,3290.6000,4405,0,41501940.000,0,-,-,-,-,3287.0000,3285.4000,3283.2000,3282.8000,3280.0000,3291.6000,3292.0000,3292.6000,3299.6000,3299.8000,1,1,1,1,2,1,1,1,3,1
SF,IH2103,2020-09-03 09:33:04.100,3290.6000,4405,0,41501940.000,0,-,-,-,-,3287.0000,3285.4000,3283.2000,3282.8000,3280.0000,3291.6000,3292.0000,3292.6000,3299.6000,3299.8000,1,1,1,1,2,1,1,1,3,1
SF,IH2103,2020-09-03 09:33:04.600,3290.6000,4405,0,41501940.000,0,-,-,-,-,3287.0000,3285.4000,3283.2000,3282.8000,3280.0000,3292.0000,3292.6000,3299.6000,3299.8000,3304.6000,1,1,1,1,2,1,1,3,1,1
SF,IH2103,2020-09-03 09:33:05.100,3290.6000,4405,0,41501940.000,0,-,-,-,-,3287.2000,3287.0000,3285.4000,3283.2000,3282.8000,3292.6000,3299.6000,3299.8000,3304.6000,3304.8000,4,1,1,1,1,1,3,1,1,1
SF,IH2103,2020-09-03 09:33:05.600,3290.6000,4405,0,41501940.000,0,-,-,-,-,3287.2000,3287.0000,3285.4000,3283.2000,3282.8000,3292.6000,3299.6000,3299.8000,3304.6000,3304.8000,4,1,1,1,1,1,3,1,1,1
SF,IH2103,2020-09-03 09:33:06.100,3290.6000,4405,0,41501940.000,0,-,-,-,-,3287.4000,3287.2000,3287.0000,3285.4000,3283.2000,3292.6000,3299.6000,3299.8000,3304.6000,3304.8000,1,4,1,1,1,1,3,1,1,1
SF,IH2103,2020-09-03 09:33:06.600,3290.6000,4405,0,41501940.000,0,-,-,-,-,3287.4000,3287.2000,3287.0000,3285.4000,3283.2000,3292.6000,3299.6000,3299.8000,3304.6000,3304.8000,2,3,1,1,1,1,3,1,1,1
SF,IH2103,2020-09-03 09:33:07.100,3290.6000,4405,0,41501940.000,0,-,-,-,-,3287.4000,3287.0000,3285.4000,3283.2000,3282.8000,3292.6000,3299.6000,3299.8000,3304.6000,3304.8000,2,1,1,1,1,1,3,1,1,1
SF,IH2103,2020-09-03 09:33:07.600,3290.6000,4405,0,41501940.000,0,-,-,-,-,3288.0000,3287.4000,3287.0000,3285.4000,3283.2000,3292.6000,3299.6000,3299.8000,3304.6000,3304.8000,2,2,1,1,1,1,3,1,1,1
SF,IH2103,2020-09-03 09:33:08.100,3290.6000,4405,0,41501940.000,0,-,-,-,-,3288.6000,3288.0000,3287.4000,3287.0000,3283.2000,3292.6000,3299.6000,3299.8000,3304.6000,3304.8000,1,2,2,1,1,1,3,1,1,1
SF,IH2103,2020-09-03 09:33:08.600,3290.6000,4405,0,41501940.000,0,-,-,-,-,3288.6000,3288.0000,3287.4000,3287.0000,3283.2000,3292.6000,3299.6000,3304.6000,3304.8000,3308.2000,1,2,1,1,1,1,3,1,1,1
SF,IH2103,2020-09-03 09:33:09.100,3290.6000,4405,0,41501940.000,0,-,-,-,-,3288.6000,3288.0000,3287.4000,3287.0000,3283.2000,3292.6000,3299.6000,3304.6000,3304.8000,3308.2000,1,2,1,1,1,1,3,1,1,1
SF,IH2103,2020-09-03 09:33:09.600,3290.6000,4405,0,41501940.000,0,-,-,-,-,3288.6000,3288.0000,3287.0000,3283.2000,3282.8000,3292.6000,3299.6000,3304.6000,3304.8000,3308.2000,1,2,1,1,1,1,3,1,1,1
SF,IH2103,2020-09-03 09:33:10.100,3290.6000,4405,0,41501940.000,0,-,-,-,-,3288.6000,3288.0000,3287.0000,3283.2000,3282.8000,3292.6000,3299.6000,3304.6000,3304.8000,3308.2000,1,2,1,1,1,1,3,1,1,1
SF,IH2103,2020-09-03 09:33:10.600,3290.6000,4405,0,41501940.000,0,-,-,-,-,3288.6000,3288.0000,3287.0000,3283.2000,3282.8000,3292.6000,3299.6000,3304.6000,3304.8000,3308.2000,1,2,1,1,1,1,3,1,1,1
SF,IH2103,2020-09-03 09:33:11.100,3290.6000,4405,0,41501940.000,0,-,-,-,-,3288.6000,3288.0000,3287.0000,3283.2000,3282.8000,3292.6000,3299.6000,3304.6000,3304.8000,3308.2000,1,2,1,1,1,1,3,1,1,1
SF,IH2103,2020-09-03 09:33:11.600,3290.6000,4405,0,41501940.000,0,-,-,-,-,3288.6000,3288.0000,3287.0000,3283.2000,3282.8000,3292.6000,3299.6000,3304.8000,3308.2000,3308.4000,1,2,1,1,1,1,3,1,1,2
SF,IH2103,2020-09-03 09:33:12.100,3290.6000,4405,0,41501940.000,0,-,-,-,-,3288.6000,3288.0000,3287.0000,3283.2000,3282.8000,3292.6000,3299.6000,3304.8000,3308.2000,3308.4000,1,2,1,1,1,1,3,1,1,2
SF,IH2103,2020-09-03 09:33:12.600,3290.6000,4405,0,41501940.000,0,-,-,-,-,3288.6000,3288.0000,3287.0000,3283.2000,3282.8000,3292.6000,3299.6000,3304.8000,3308.2000,3308.4000,1,2,1,1,1,1,3,1,1,2
SF,IH2103,2020-09-03 09:33:13.100,3290.6000,4405,0,41501940.000,0,-,-,-,-,3288.6000,3288.0000,3287.0000,3283.2000,3282.8000,3292.6000,3299.6000,3304.8000,3308.2000,3308.4000,1,2,1,1,1,1,3,1,1,2
SF,IH2103,2020-09-03 09:33:13.600,3290.6000,4405,0,41501940.000,0,-,-,-,-,3289.0000,3288.6000,3288.0000,3287.0000,3283.2000,3292.6000,3299.6000,3304.8000,3308.2000,3308.4000,1,1,2,1,1,1,3,1,1,2
SF,IH2103,2020-09-03 09:33:14.100,3290.6000,4405,0,41501940.000,0,-,-,-,-,3289.0000,3288.6000,3288.0000,3287.0000,3283.2000,3292.6000,3299.6000,3304.8000,3308.2000,3308.4000,1,1,2,1,1,1,3,1,1,2
SF,IH2103,2020-09-03 09:33:14.600,3290.6000,4405,0,41501940.000,0,-,-,-,-,3288.6000,3288.0000,3287.0000,3283.2000,3282.8000,3292.6000,3299.6000,3304.8000,3308.2000,3308.4000,1,3,1,1,1,1,3,1,1,2
SF,IH2103,2020-09-03 09:33:15.100,3290.6000,4405,0,41501940.000,0,-,-,-,-,3289.0000,3288.8000,3288.6000,3288.0000,3287.0000,3292.6000,3299.6000,3304.8000,3308.2000,3308.4000,3,2,1,3,1,1,3,1,1,2
SF,IH2103,2020-09-03 09:33:15.600,3290.6000,4405,0,41501940.000,0,-,-,-,-,3288.6000,3288.0000,3287.0000,3283.2000,3282.8000,3292.6000,3299.6000,3304.8000,3308.2000,3308.4000,1,3,1,1,1,1,3,1,1,2
SF,IH2103,2020-09-03 09:33:16.100,3290.6000,4405,0,41501940.000,0,-,-,-,-,3288.8000,3288.6000,3288.0000,3287.0000,3283.2000,3292.6000,3299.6000,3304.8000,3308.2000,3308.4000,2,1,3,1,1,1,3,1,1,2
SF,IH2103,2020-09-03 09:33:16.600,3290.6000,4405,0,41501940.000,0,-,-,-,-,3288.6000,3288.0000,3287.0000,3283.2000,3282.8000,3299.6000,3304.8000,3308.2000,3308.4000,3312.8000,1,3,1,1,1,3,1,1,2,1
SF,IH2103,2020-09-03 09:33:17.100,3290.6000,4405,0,41501940.000,0,-,-,-,-,3288.6000,3288.0000,3287.0000,3283.2000,3282.8000,3299.0000,3299.4000,3299.6000,3304.8000,3308.2000,3,3,1,1,1,2,2,3,1,1
SF,IH2103,2020-09-03 09:33:17.600,3290.6000,4405,0,41501940.000,0,-,-,-,-,3289.0000,3288.6000,3288.0000,3287.0000,3283.2000,3298.4000,3298.8000,3299.0000,3299.4000,3299.6000,1,1,3,1,1,1,3,1,2,3
SF,IH2103,2020-09-03 09:33:18.100,3290.6000,4405,0,41501940.000,0,-,-,-,-,3289.2000,3289.0000,3288.6000,3288.0000,3287.0000,3297.8000,3298.2000,3298.8000,3299.0000,3299.4000,1,1,1,3,1,1,3,3,1,2
SF,IH2103,2020-09-03 09:33:18.600,3290.6000,4405,0,41501940.000,0,-,-,-,-,3288.6000,3288.0000,3287.0000,3283.2000,3282.8000,3295.6000,3297.2000,3297.4000,3297.6000,3298.2000,1,3,1,1,1,1,1,1,1,3
SF,IH2103,2020-09-03 09:33:19.100,3290.6000,4405,0,41501940.000,0,-,-,-,-,3288.6000,3288.0000,3287.0000,3283.2000,3282.8000,3291.8000,3292.6000,3295.0000,3295.4000,3295.6000,1,3,1,1,1,1,2,2,6,1
SF,IH2103,2020-09-03 09:33:19.600,3290.6000,4405,0,41501940.000,0,-,-,-,-,3289.0000,3288.6000,3288.0000,3287.0000,3283.2000,3295.0000,3295.4000,3295.6000,3297.4000,3297.6000,1,1,3,1,1,1,6,1,1,1
SF,IH2103,2020-09-03 09:33:20.100,3290.6000,4405,0,41501940.000,0,-,-,-,-,3288.6000,3288.0000,3287.0000,3283.2000,3282.8000,3293.6000,3294.4000,3295.4000,3295.6000,3297.4000,1,3,1,1,1,1,3,3,1,1
SF,IH2103,2020-09-03 09:33:20.600,3290.6000,4405,0,41501940.000,0,-,-,-,-,3288.6000,3288.0000,3287.0000,3283.2000,3282.8000,3293.6000,3294.4000,3294.6000,3295.4000,3297.4000,1,3,1,1,1,1,2,1,3,1
SF,IH2103,2020-09-03 09:33:21.100,3290.6000,4405,0,41501940.000,0,-,-,-,-,3289.0000,3288.6000,3288.0000,3287.0000,3283.2000,3293.6000,3294.4000,3294.6000,3295.4000,3297.4000,1,1,3,1,1,1,2,1,3,1
SF,IH2103,2020-09-03 09:33:21.600,3290.6000,4405,0,41501940.000,0,-,-,-,-,3289.0000,3288.6000,3288.0000,3287.0000,3283.2000,3293.4000,3294.6000,3295.4000,3297.4000,3297.6000,1,1,3,1,1,3,1,3,1,1
SF,IH2103,2020-09-03 09:33:22.100,3290.6000,4405,0,41501940.000,0,-,-,-,-,3288.6000,3288.0000,3287.0000,3283.2000,3282.8000,3292.2000,3293.0000,3293.4000,3295.4000,3297.4000,1,3,1,1,1,1,4,2,3,1
SF,IH2103,2020-09-03 09:33:22.600,3290.6000,4405,0,41501940.000,0,-,-,-,-,3288.6000,3288.0000,3287.0000,3283.2000,3282.8000,3292.2000,3293.0000,3293.4000,3295.4000,3297.4000,1,3,1,1,1,1,3,2,3,1
SF,IH2103,2020-09-03 09:33:23.600,3290.6000,4405,0,41501940.000,0,-,-,-,-,3288.6000,3288.0000,3287.0000,3283.2000,3282.8000,3291.8000,3292.2000,3293.0000,3293.4000,3295.4000,1,3,1,1,1,1,1,2,2,3
SF,IH2103,2020-09-03 09:33:24.100,3290.6000,4405,0,41501940.000,0,-,-,-,-,3289.0000,3288.6000,3288.0000,3287.0000,3283.2000,3291.8000,3293.4000,3295.4000,3297.4000,3304.8000,1,1,3,1,1,1,2,3,1,1
SF,IH2103,2020-09-03 09:33:24.600,3290.6000,4405,0,41501940.000,0,-,-,-,-,3289.4000,3288.6000,3288.0000,3287.0000,3283.2000,3291.8000,3293.4000,3295.4000,3297.4000,3304.8000,1,1,3,1,1,1,2,3,1,1
SF,IH2103,2020-09-03 09:33:25.100,3290.6000,4405,0,41501940.000,0,-,-,-,-,3288.6000,3288.0000,3287.0000,3283.2000,3282.8000,3291.8000,3293.4000,3295.4000,3297.4000,3304.8000,1,3,1,1,1,1,2,3,1,1
SF,IH2103,2020-09-03 09:33:25.600,3290.6000,4405,0,41501940.000,0,-,-,-,-,3288.6000,3288.0000,3287.0000,3283.2000,3282.8000,3291.4000,3291.8000,3293.4000,3295.4000,3297.4000,1,3,1,1,1,1,1,1,3,1
SF,IH2103,2020-09-03 09:33:26.100,3290.6000,4405,0,41501940.000,0,-,-,-,-,3289.0000,3288.6000,3288.0000,3287.0000,3283.2000,3291.8000,3293.4000,3295.4000,3297.4000,3304.8000,1,1,3,1,1,1,1,3,1,1
SF,IH2103,2020-09-03 09:33:26.600,3290.6000,4405,0,41501940.000,0,-,-,-,-,3288.6000,3288.0000,3287.0000,3283.2000,3282.8000,3291.4000,3291.8000,3293.4000,3295.4000,3297.4000,1,3,1,1,1,1,1,1,3,1
SF,IH2103,2020-09-03 09:33:27.100,3290.6000,4405,0,41501940.000,0,-,-,-,-,3289.0000,3288.6000,3288.0000,3287.0000,3283.2000,3291.8000,3293.4000,3295.4000,3297.4000,3304.8000,1,1,3,1,1,1,1,3,1,1
SF,IH2103,2020-09-03 09:33:27.600,3290.6000,4405,0,41501940.000,0,-,-,-,-,3288.6000,3288.0000,3287.0000,3283.2000,3282.8000,3291.2000,3291.4000,3293.4000,3295.4000,3297.4000,1,3,1,1,1,1,2,1,3,1
SF,IH2103,2020-09-03 09:33:28.100,3290.6000,4405,0,41501940.000,0,-,-,-,-,3288.6000,3288.0000,3287.0000,3283.2000,3282.8000,3291.2000,3291.4000,3293.4000,3295.4000,3297.4000,1,3,1,1,1,1,1,1,3,1
SF,IH2103,2020-09-03 09:33:28.600,3290.6000,4405,0,41501940.000,0,-,-,-,-,3288.6000,3288.0000,3287.0000,3283.2000,3282.8000,3293.4000,3295.4000,3297.4000,3304.8000,3308.2000,1,3,1,1,1,1,3,1,1,1
SF,IH2103,2020-09-03 09:33:29.100,3290.6000,4405,0,41501940.000,0,-,-,-,-,3288.6000,3288.0000,3287.0000,3283.2000,3282.8000,3292.4000,3292.8000,3293.4000,3295.4000,3297.4000,1,3,1,1,1,1,1,1,3,1
SF,IH2103,2020-09-03 09:33:30.100,3290.6000,4405,0,41501940.000,0,-,-,-,-,3288.6000,3288.0000,3287.0000,3283.2000,3282.8000,3292.2000,3292.4000,3293.4000,3295.4000,3297.4000,1,3,1,1,1,1,1,1,3,1
SF,IH2103,2020-09-03 09:33:30.600,3290.6000,4405,0,41501940.000,0,-,-,-,-,3288.6000,3288.0000,3287.0000,3283.2000,3282.8000,3290.6000,3291.4000,3291.6000,3292.4000,3293.4000,1,3,1,1,1,1,2,1,1,1
SF,IH2103,2020-09-03 09:33:31.100,3290.6000,4405,0,41501940.000,0,-,-,-,-,3288.6000,3288.0000,3287.0000,3283.2000,3282.8000,3290.4000,3291.6000,3292.4000,3293.4000,3295.4000,1,3,1,1,1,1,1,1,1,3
SF,IH2103,2020-09-03 09:33:32.100,3290.4000,4404,-1,42489060.000,1,0,1,双平,S,3290.4000,3288.6000,3288.0000,3287.0000,3283.2000,3292.4000,3293.4000,3295.4000,3297.4000,3304.8000,1,1,3,1,1,1,1,3,1,1
SF,IH2103,2020-09-03 09:33:32.600,3290.4000,4403,-1,43476180.000,1,0,1,双平,S,3288.6000,3288.0000,3287.0000,3283.2000,3282.8000,3292.0000,3292.4000,3293.4000,3295.4000,3297.4000,1,3,1,1,1,2,1,1,3,1
SF,IH2103,2020-09-03 09:33:33.100,3290.4000,4403,0,43476180.000,0,-,-,-,-,3289.2000,3288.6000,3288.0000,3287.0000,3283.2000,3292.4000,3293.4000,3295.4000,3297.4000,3304.8000,1,1,3,1,1,1,1,3,1,1
SF,IH2103,2020-09-03 09:33:33.600,3290.4000,4403,0,43476180.000,0,-,-,-,-,3289.6000,3288.6000,3288.0000,3287.0000,3283.2000,3292.4000,3293.4000,3295.4000,3297.4000,3304.8000,2,1,3,1,1,1,1,3,1,1
SF,IH2103,2020-09-03 09:33:34.100,3290.4000,4403,0,43476180.000,0,-,-,-,-,3290.2000,3290.0000,3288.0000,3287.0000,3283.2000,3292.4000,3293.4000,3295.4000,3297.4000,3304.8000,1,2,3,1,1,1,1,3,1,1
SF,IH2103,2020-09-03 09:33:35.100,3290.4000,4403,0,43476180.000,0,-,-,-,-,3290.2000,3290.0000,3288.0000,3287.0000,3283.2000,3293.4000,3295.4000,3297.4000,3304.8000,3308.2000,1,2,3,1,1,1,3,1,1,1
SF,IH2103,2020-09-03 09:33:35.600,3290.4000,4403,0,43476180.000,0,-,-,-,-,3290.2000,3288.0000,3287.0000,3283.2000,3282.8000,3292.8000,3293.2000,3293.4000,3295.4000,3297.4000,1,3,1,1,1,1,1,1,3,1
SF,IH2103,2020-09-03 09:33:36.100,3290.4000,4403,0,43476180.000,0,-,-,-,-,3288.0000,3287.0000,3283.2000,3282.8000,3280.0000,3292.2000,3293.0000,3293.2000,3293.4000,3295.4000,3,1,1,1,1,1,1,1,1,3
SF,IH2103,2020-09-03 09:33:36.600,3290.4000,4403,0,43476180.000,0,-,-,-,-,3288.6000,3288.0000,3287.0000,3283.2000,3282.8000,3292.0000,3293.4000,3295.4000,3297.4000,3304.8000,1,3,1,1,1,1,1,3,1,1
SF,IH2103,2020-09-03 09:33:37.100,3290.4000,4403,0,43476180.000,0,-,-,-,-,3289.2000,3288.6000,3288.0000,3287.0000,3283.2000,3293.4000,3295.4000,3297.4000,3304.8000,3308.2000,1,1,3,1,1,1,3,1,1,1
SF,IH2103,2020-09-03 09:33:37.600,3290.4000,4403,0,43476180.000,0,-,-,-,-,3289.2000,3288.6000,3288.0000,3287.0000,3283.2000,3292.8000,3293.4000,3295.4000,3297.4000,3304.8000,1,1,3,1,1,2,1,3,1,1
SF,IH2103,2020-09-03 09:33:38.100,3290.4000,4403,0,43476180.000,0,-,-,-,-,3288.6000,3288.0000,3287.0000,3283.2000,3282.8000,3292.6000,3292.8000,3293.4000,3295.4000,3297.4000,1,3,1,1,1,1,2,1,3,1
SF,IH2103,2020-09-03 09:33:38.600,3290.4000,4403,0,43476180.000,0,-,-,-,-,3288.6000,3288.0000,3287.0000,3283.2000,3282.8000,3292.2000,3292.4000,3293.4000,3295.4000,3297.4000,1,3,1,1,1,1,1,1,3,1
SF,IH2103,2020-09-03 09:33:39.100,3290.4000,4403,0,43476180.000,0,-,-,-,-,3288.6000,3288.0000,3287.0000,3283.2000,3282.8000,3292.0000,3292.2000,3293.4000,3295.4000,3297.4000,1,3,1,1,1,1,1,1,3,1
SF,IH2103,2020-09-03 09:33:39.600,3290.4000,4403,0,43476180.000,0,-,-,-,-,3289.2000,3288.6000,3288.0000,3287.0000,3283.2000,3292.2000,3293.4000,3295.4000,3297.4000,3304.8000,1,1,3,1,1,1,1,3,1,1
SF,IH2103,2020-09-03 09:33:40.100,3290.4000,4403,0,43476180.000,0,-,-,-,-,3289.2000,3288.6000,3288.0000,3287.0000,3283.2000,3292.2000,3293.4000,3295.4000,3297.4000,3304.8000,1,2,3,1,1,1,1,3,1,1
SF,IH2103,2020-09-03 09:33:40.600,3290.4000,4403,0,43476180.000,0,-,-,-,-,3288.6000,3288.0000,3287.0000,3283.2000,3282.8000,3292.2000,3293.4000,3295.4000,3297.4000,3304.8000,2,3,1,1,1,1,1,3,1,1
SF,IH2103,2020-09-03 09:33:41.100,3290.4000,4403,0,43476180.000,0,-,-,-,-,3288.6000,3288.0000,3287.0000,3283.2000,3282.8000,3292.0000,3292.2000,3293.4000,3295.4000,3297.4000,2,3,1,1,1,1,1,1,3,1
SF,IH2103,2020-09-03 09:33:41.600,3290.4000,4403,0,43476180.000,0,-,-,-,-,3288.6000,3288.0000,3287.0000,3283.2000,3282.8000,3291.8000,3292.2000,3293.4000,3295.4000,3297.4000,2,3,1,1,1,1,1,1,3,1
SF,IH2103,2020-09-03 09:33:42.100,3290.4000,4403,0,43476180.000,0,-,-,-,-,3289.0000,3288.6000,3288.0000,3287.0000,3283.2000,3291.8000,3292.2000,3293.4000,3295.4000,3297.4000,1,2,3,1,1,1,1,1,3,1
SF,IH2103,2020-09-03 09:33:42.600,3290.4000,4403,0,43476180.000,0,-,-,-,-,3288.6000,3288.0000,3287.0000,3283.2000,3282.8000,3291.8000,3292.2000,3293.4000,3295.4000,3297.4000,2,3,1,1,1,1,1,1,3,1
SF,IH2103,2020-09-03 09:33:43.100,3290.4000,4403,0,43476180.000,0,-,-,-,-,3289.0000,3288.6000,3288.0000,3287.0000,3283.2000,3291.6000,3292.2000,3293.4000,3295.4000,3297.4000,2,2,3,1,1,1,1,1,3,1
SF,IH2103,2020-09-03 09:33:43.600,3290.4000,4403,0,43476180.000,0,-,-,-,-,3289.0000,3288.6000,3288.0000,3287.0000,3283.2000,3292.2000,3293.4000,3295.4000,3297.4000,3304.8000,2,2,3,1,1,1,1,3,1,1
SF,IH2103,2020-09-03 09:33:44.100,3290.4000,4403,0,43476180.000,0,-,-,-,-,3288.6000,3288.0000,3287.0000,3283.2000,3282.8000,3291.6000,3292.2000,3293.4000,3295.4000,3297.4000,2,3,1,1,1,1,1,1,3,1
SF,IH2103,2020-09-03 09:33:44.600,3290.4000,4403,0,43476180.000,0,-,-,-,-,3288.6000,3288.0000,3287.0000,3283.2000,3282.8000,3291.2000,3292.2000,3293.4000,3295.4000,3297.4000,2,3,1,1,1,3,1,1,3,1
SF,IH2103,2020-09-03 09:33:45.100,3290.4000,4403,0,43476180.000,0,-,-,-,-,3288.6000,3288.0000,3287.0000,3283.2000,3282.8000,3291.0000,3291.2000,3292.2000,3293.4000,3295.4000,2,3,1,1,1,1,2,1,1,3
SF,IH2103,2020-09-03 09:33:45.600,3290.4000,4403,0,43476180.000,0,-,-,-,-,3288.6000,3288.0000,3287.0000,3283.2000,3282.8000,3291.2000,3292.2000,3293.4000,3295.4000,3297.4000,2,3,1,1,1,2,1,1,3,1
SF,IH2103,2020-09-03 09:33:48.100,3290.4000,4403,0,43476180.000,0,-,-,-,-,3288.6000,3288.0000,3287.0000,3283.2000,3282.8000,3291.0000,3291.2000,3292.2000,3293.4000,3295.4000,2,3,1,1,1,1,2,1,1,3
SF,IH2103,2020-09-03 09:33:48.600,3290.4000,4403,0,43476180.000,0,-,-,-,-,3289.0000,3288.6000,3288.0000,3287.0000,3283.2000,3291.2000,3292.2000,3293.4000,3295.4000,3297.4000,2,2,3,1,1,2,1,1,3,1
SF,IH2103,2020-09-03 09:33:49.100,3290.4000,4403,0,43476180.000,0,-,-,-,-,3288.6000,3288.0000,3287.0000,3283.2000,3282.8000,3291.2000,3292.2000,3293.4000,3295.4000,3297.4000,2,3,1,1,1,2,1,1,3,1
SF,IH2103,2020-09-03 09:33:49.600,3290.4000,4403,0,43476180.000,0,-,-,-,-,3288.6000,3288.0000,3287.0000,3283.2000,3282.8000,3292.2000,3293.4000,3295.4000,3297.4000,3304.8000,2,3,1,1,1,1,1,3,1,1
SF,IH2103,2020-09-03 09:33:50.100,3290.4000,4403,0,43476180.000,0,-,-,-,-,3288.6000,3288.0000,3287.0000,3283.2000,3282.8000,3291.8000,3292.2000,3293.4000,3295.4000,3297.4000,2,3,1,1,1,1,1,1,3,1
SF,IH2103,2020-09-03 09:33:50.600,3290.4000,4403,0,43476180.000,0,-,-,-,-,3289.0000,3288.6000,3288.0000,3287.0000,3283.2000,3291.6000,3292.2000,3293.4000,3295.4000,3297.4000,2,2,3,1,1,1,1,1,3,1
SF,IH2103,2020-09-03 09:33:51.600,3290.4000,4403,0,43476180.000,0,-,-,-,-,3289.0000,3288.6000,3288.0000,3287.0000,3283.2000,3292.2000,3293.4000,3295.4000,3297.4000,3304.8000,2,2,3,1,1,1,1,3,1,1
SF,IH2103,2020-09-03 09:33:52.100,3288.6000,4401,-2,45449340.000,2,0,2,双平,S,3288.4000,3288.0000,3287.0000,3283.2000,3282.8000,3288.6000,3291.6000,3291.8000,3292.2000,3293.4000,1,3,1,1,1,3,1,1,1,1
SF,IH2103,2020-09-03 09:33:52.600,3288.6000,4398,-3,48409080.000,3,0,3,双平,S,3288.4000,3288.0000,3287.0000,3283.2000,3282.8000,3291.6000,3292.2000,3293.4000,3295.4000,3297.4000,1,3,1,1,1,1,1,1,3,1
SF,IH2103,2020-09-03 09:33:53.100,3288.6000,4398,0,48409080.000,0,-,-,-,-,3288.8000,3288.4000,3288.0000,3287.0000,3283.2000,3291.2000,3291.4000,3292.2000,3293.4000,3295.4000,2,1,3,1,1,1,1,1,1,3
SF,IH2103,2020-09-03 09:33:53.600,3288.6000,4398,0,48409080.000,0,-,-,-,-,3288.8000,3288.4000,3288.0000,3287.0000,3283.2000,3290.8000,3291.2000,3291.4000,3292.2000,3293.4000,2,1,3,1,1,2,1,1,1,1
SF,IH2103,2020-09-03 09:33:54.100,3288.6000,4398,0,48409080.000,0,-,-,-,-,3289.0000,3288.4000,3288.0000,3287.0000,3283.2000,3290.8000,3291.2000,3291.4000,3292.2000,3293.4000,2,1,3,1,1,2,1,1,1,1
SF,IH2103,2020-09-03 09:33:54.600,3288.6000,4398,0,48409080.000,0,-,-,-,-,3289.0000,3288.4000,3288.0000,3287.0000,3283.2000,3290.8000,3292.2000,3293.4000,3295.4000,3297.4000,2,1,3,1,1,2,1,1,3,1
SF,IH2103,2020-09-03 09:33:55.600,3288.6000,4398,0,48409080.000,0,-,-,-,-,3288.4000,3288.0000,3287.0000,3283.2000,3282.8000,3290.8000,3292.2000,3293.4000,3295.4000,3297.4000,1,3,1,1,1,2,1,1,3,1
SF,IH2103,2020-09-03 09:33:56.100,3288.6000,4398,0,48409080.000,0,-,-,-,-,3288.4000,3288.0000,3287.0000,3283.2000,3282.8000,3290.8000,3292.2000,3293.4000,3295.4000,3297.4000,1,3,1,1,1,2,1,1,3,1
SF,IH2103,2020-09-03 09:33:57.100,3288.6000,4398,0,48409080.000,0,-,-,-,-,3288.8000,3288.4000,3288.0000,3287.0000,3283.2000,3290.8000,3292.2000,3293.4000,3295.4000,3297.4000,1,1,3,1,1,2,1,1,3,1
SF,IH2103,2020-09-03 09:33:57.600,3288.6000,4398,0,48409080.000,0,-,-,-,-,3289.0000,3288.4000,3288.0000,3287.0000,3283.2000,3290.8000,3292.2000,3293.4000,3295.4000,3297.4000,2,1,3,1,1,2,1,1,3,1
SF,IH2103,2020-09-03 09:33:58.600,3288.6000,4398,0,48409080.000,0,-,-,-,-,3289.0000,3288.4000,3288.0000,3287.0000,3283.2000,3292.2000,3293.4000,3295.4000,3297.4000,3304.8000,2,1,3,1,1,1,1,3,1,1
SF,IH2103,2020-09-03 09:33:59.100,3288.6000,4398,0,48409080.000,0,-,-,-,-,3289.4000,3288.4000,3288.0000,3287.2000,3287.0000,3292.0000,3292.2000,3293.4000,3295.4000,3297.4000,2,1,3,1,1,1,1,1,3,1
SF,IH2103,2020-09-03 09:33:59.600,3288.6000,4398,0,48409080.000,0,-,-,-,-,3289.4000,3288.4000,3288.0000,3287.2000,3287.0000,3292.2000,3293.4000,3295.4000,3297.4000,3304.8000,2,1,3,1,1,1,1,3,1,1
SF,IH2103,2020-09-03 09:34:00.100,3288.6000,4398,0,48409080.000,0,-,-,-,-,3288.4000,3288.0000,3287.2000,3287.0000,3283.2000,3293.4000,3295.4000,3297.4000,3304.8000,3308.2000,1,3,1,1,1,1,3,1,1,1
SF,IH2103,2020-09-03 09:34:00.600,3288.6000,4398,0,48409080.000,0,-,-,-,-,3289.2000,3288.4000,3288.0000,3287.2000,3287.0000,3292.8000,3293.2000,3293.4000,3295.4000,3297.4000,1,1,3,1,1,3,1,1,3,1
SF,IH2103,2020-09-03 09:34:01.100,3288.6000,4398,0,48409080.000,0,-,-,-,-,3288.4000,3288.0000,3287.2000,3287.0000,3283.2000,3292.0000,3292.2000,3292.6000,3292.8000,3293.2000,1,3,1,1,1,2,2,1,2,1
SF,IH2103,2020-09-03 09:34:01.600,3288.6000,4398,0,48409080.000,0,-,-,-,-,3288.8000,3288.4000,3288.0000,3287.2000,3287.0000,3291.6000,3291.8000,3292.0000,3292.6000,3292.8000,1,1,3,1,1,1,2,2,1,1
SF,IH2103,2020-09-03 09:34:02.100,3288.6000,4398,0,48409080.000,0,-,-,-,-,3289.2000,3288.8000,3288.4000,3288.0000,3287.2000,3291.4000,3291.8000,3292.0000,3292.6000,3292.8000,2,1,1,3,1,1,2,2,1,1
SF,IH2103,2020-09-03 09:34:02.600,3288.6000,4398,0,48409080.000,0,-,-,-,-,3289.2000,3288.4000,3288.0000,3287.0000,3283.2000,3291.4000,3291.8000,3292.0000,3292.6000,3292.8000,2,1,3,1,1,1,2,2,1,1
SF,IH2103,2020-09-03 09:34:03.600,3288.6000,4398,0,48409080.000,0,-,-,-,-,3289.2000,3288.4000,3288.0000,3287.0000,3283.2000,3291.4000,3291.8000,3292.6000,3292.8000,3293.4000,2,1,3,1,1,1,2,1,1,1
SF,IH2103,2020-09-03 09:34:04.100,3288.6000,4398,0,48409080.000,0,-,-,-,-,3289.2000,3288.4000,3288.0000,3287.0000,3283.2000,3291.8000,3292.6000,3292.8000,3293.4000,3295.4000,2,1,3,1,1,2,1,1,1,3
SF,IH2103,2020-09-03 09:34:04.600,3288.6000,4398,0,48409080.000,0,-,-,-,-,3289.2000,3288.4000,3288.0000,3287.0000,3283.2000,3291.6000,3291.8000,3292.6000,3292.8000,3293.4000,2,1,3,1,1,1,2,1,1,1
SF,IH2103,2020-09-03 09:34:05.100,3288.6000,4398,0,48409080.000,0,-,-,-,-,3289.6000,3288.4000,3288.0000,3287.0000,3283.2000,3291.6000,3291.8000,3292.6000,3292.8000,3293.4000,2,1,3,1,1,1,2,1,1,1
SF,IH2103,2020-09-03 09:34:05.600,3288.6000,4398,0,48409080.000,0,-,-,-,-,3288.4000,3288.0000,3287.0000,3283.2000,3282.8000,3291.6000,3291.8000,3292.6000,3292.8000,3293.4000,1,3,1,1,1,1,2,1,1,1
SF,IH2103,2020-09-03 09:34:06.100,3288.6000,4398,0,48409080.000,0,-,-,-,-,3288.8000,3288.4000,3288.0000,3287.0000,3283.2000,3291.4000,3291.8000,3292.6000,3292.8000,3293.4000,2,1,3,1,1,1,2,1,1,1
SF,IH2103,2020-09-03 09:34:06.600,3288.6000,4398,0,48409080.000,0,-,-,-,-,3288.8000,3288.6000,3288.4000,3288.0000,3287.0000,3291.8000,3292.6000,3292.8000,3293.4000,3295.4000,2,1,1,3,1,2,1,1,1,3
SF,IH2103,2020-09-03 09:34:07.100,3288.6000,4398,0,48409080.000,0,-,-,-,-,3288.8000,3288.4000,3288.0000,3287.0000,3283.2000,3291.0000,3291.6000,3291.8000,3292.6000,3292.8000,2,1,3,1,1,2,1,2,1,1
SF,IH2103,2020-09-03 09:34:07.600,3288.6000,4398,0,48409080.000,0,-,-,-,-,3288.8000,3288.4000,3288.0000,3287.0000,3283.2000,3291.0000,3291.8000,3292.6000,3292.8000,3293.4000,2,1,3,1,1,2,2,1,1,1
SF,IH2103,2020-09-03 09:34:08.600,3288.6000,4398,0,48409080.000,0,-,-,-,-,3288.8000,3288.4000,3288.0000,3287.0000,3283.2000,3291.0000,3291.8000,3292.8000,3293.4000,3293.6000,2,1,3,1,1,2,1,1,1,1
SF,IH2103,2020-09-03 09:34:09.100,3288.6000,4398,0,48409080.000,0,-,-,-,-,3288.8000,3288.4000,3288.0000,3287.0000,3283.2000,3291.8000,3292.8000,3293.4000,3293.6000,3295.4000,2,1,3,1,1,1,1,1,1,3
SF,IH2103,2020-09-03 09:34:09.600,3288.6000,4398,0,48409080.000,0,-,-,-,-,3289.4000,3289.0000,3288.4000,3288.0000,3287.0000,3292.6000,3293.4000,3293.6000,3295.4000,3304.8000,2,2,1,3,1,1,1,1,3,1
SF,IH2103,2020-09-03 09:34:10.100,3288.6000,4398,0,48409080.000,0,-,-,-,-,3289.8000,3289.6000,3289.0000,3288.4000,3288.0000,3293.2000,3293.4000,3293.6000,3295.4000,3304.8000,2,1,1,1,3,1,1,1,3,1
SF,IH2103,2020-09-03 09:34:10.600,3288.6000,4398,0,48409080.000,0,-,-,-,-,3290.2000,3289.8000,3289.6000,3289.0000,3288.4000,3293.0000,3293.2000,3293.4000,3293.6000,3295.4000,1,2,1,1,1,1,1,1,1,2
SF,IH2103,2020-09-03 09:34:11.100,3288.6000,4398,0,48409080.000,0,-,-,-,-,3290.6000,3290.2000,3289.6000,3289.0000,3288.4000,3293.2000,3293.4000,3293.6000,3304.8000,3308.2000,2,1,1,1,1,1,1,1,1,1
SF,IH2103,2020-09-03 09:34:11.600,3288.6000,4398,0,48409080.000,0,-,-,-,-,3290.6000,3289.6000,3288.4000,3288.0000,3287.0000,3293.2000,3293.4000,3293.6000,3304.8000,3308.2000,2,1,1,3,1,1,1,1,1,1
SF,IH2103,2020-09-03 09:34:12.100,3293.2000,4398,0,49397040.000,1,0,1,多换,S,3291.0000,3290.8000,3290.6000,3288.6000,3288.4000,3293.4000,3293.6000,3304.8000,3308.2000,3308.4000,2,1,2,1,1,1,1,1,1,2
SF,IH2103,2020-09-03 09:34:12.600,3293.2000,4398,0,49397040.000,0,-,-,-,-,3288.6000,3288.4000,3288.0000,3287.0000,3283.2000,3293.4000,3293.6000,3304.8000,3308.2000,3308.4000,1,1,3,1,1,1,1,1,1,2
SF,IH2103,2020-09-03 09:34:13.100,3293.2000,4398,0,49397040.000,0,-,-,-,-,3290.6000,3290.0000,3289.8000,3289.4000,3288.6000,3293.0000,3293.4000,3293.6000,3304.8000,3308.2000,1,2,3,2,1,2,1,1,1,1
SF,IH2103,2020-09-03 09:34:13.600,3293.2000,4398,0,49397040.000,0,-,-,-,-,3290.0000,3288.6000,3288.4000,3288.0000,3287.0000,3292.8000,3293.0000,3293.4000,3293.6000,3304.8000,2,1,1,3,1,1,1,1,1,1
SF,IH2103,2020-09-03 09:34:14.100,3293.2000,4398,0,49397040.000,0,-,-,-,-,3290.4000,3290.0000,3288.6000,3288.4000,3288.0000,3292.8000,3293.0000,3293.4000,3293.6000,3304.8000,1,2,1,1,3,1,1,1,1,1
SF,IH2103,2020-09-03 09:34:14.600,3293.2000,4398,0,49397040.000,0,-,-,-,-,3290.0000,3288.6000,3288.4000,3288.0000,3287.0000,3292.8000,3293.0000,3293.4000,3293.6000,3304.8000,2,1,1,3,1,1,1,1,1,1
SF,IH2103,2020-09-03 09:34:15.100,3293.2000,4398,0,49397040.000,0,-,-,-,-,3290.4000,3290.0000,3288.6000,3288.4000,3288.0000,3293.0000,3293.4000,3293.6000,3304.8000,3308.2000,2,2,1,1,3,1,1,1,1,1
SF,IH2103,2020-09-03 09:34:15.600,3293.2000,4398,0,49397040.000,0,-,-,-,-,3290.4000,3290.0000,3288.6000,3288.4000,3288.0000,3293.4000,3293.6000,3304.8000,3308.2000,3308.4000,2,2,1,1,3,1,1,1,1,2
SF,IH2103,2020-09-03 09:34:16.100,3293.2000,4398,0,49397040.000,0,-,-,-,-,3290.4000,3290.0000,3288.6000,3288.4000,3288.0000,3293.2000,3293.4000,3293.6000,3304.8000,3308.2000,2,2,1,1,3,2,1,1,1,1
SF,IH2103,2020-09-03 09:34:16.600,3293.2000,4398,0,49397040.000,0,-,-,-,-,3290.0000,3288.6000,3288.4000,3288.0000,3287.0000,3293.0000,3293.2000,3293.4000,3293.6000,3304.8000,2,1,1,3,1,1,1,1,1,1
SF,IH2103,2020-09-03 09:34:17.100,3293.2000,4398,0,49397040.000,0,-,-,-,-,3290.6000,3290.2000,3290.0000,3288.6000,3288.4000,3293.4000,3293.6000,3304.8000,3308.2000,3308.4000,1,1,2,1,1,1,1,1,1,2
SF,IH2103,2020-09-03 09:34:17.600,3293.2000,4398,0,49397040.000,0,-,-,-,-,3291.0000,3290.0000,3288.6000,3288.4000,3288.0000,3293.4000,3293.6000,3304.8000,3308.2000,3308.4000,2,2,1,1,3,1,1,1,1,2
SF,IH2103,2020-09-03 09:34:18.100,3293.2000,4398,0,49397040.000,0,-,-,-,-,3291.4000,3290.0000,3288.6000,3288.4000,3288.0000,3293.6000,3304.8000,3308.2000,3308.4000,3312.8000,2,2,1,1,3,1,1,1,2,1
SF,IH2103,2020-09-03 09:34:21.100,3293.2000,4398,0,49397040.000,0,-,-,-,-,3290.0000,3288.6000,3288.4000,3288.0000,3287.0000,3293.6000,3304.8000,3308.2000,3308.4000,3312.8000,2,1,1,3,1,1,1,1,2,1
SF,IH2103,2020-09-03 09:34:21.600,3293.2000,4398,0,49397040.000,0,-,-,-,-,3290.4000,3290.0000,3288.6000,3288.4000,3288.0000,3293.6000,3304.8000,3308.2000,3308.4000,3312.8000,1,2,1,1,3,1,1,1,2,1
SF,IH2103,2020-09-03 09:34:22.100,3293.2000,4398,0,49397040.000,0,-,-,-,-,3290.0000,3288.6000,3288.4000,3288.0000,3287.0000,3293.6000,3304.8000,3308.2000,3308.4000,3312.8000,2,1,1,3,1,1,1,1,2,1
SF,IH2103,2020-09-03 09:34:22.600,3293.2000,4398,0,49397040.000,0,-,-,-,-,3290.2000,3290.0000,3288.6000,3288.4000,3288.0000,3293.6000,3304.8000,3308.2000,3308.4000,3312.8000,1,2,1,1,3,1,1,1,2,1
SF,IH2103,2020-09-03 09:34:23.100,3293.2000,4398,0,49397040.000,0,-,-,-,-,3290.2000,3290.0000,3288.6000,3288.4000,3288.0000,3293.6000,3304.8000,3308.2000,3308.4000,3312.8000,1,2,1,1,3,1,1,1,2,1
SF,IH2103,2020-09-03 09:34:23.600,3293.2000,4398,0,49397040.000,0,-,-,-,-,3290.2000,3290.0000,3288.6000,3288.4000,3288.0000,3293.6000,3304.8000,3308.2000,3308.4000,3312.8000,1,2,1,1,3,1,1,1,2,1
SF,IH2103,2020-09-03 09:34:24.100,3293.2000,4398,0,49397040.000,0,-,-,-,-,3290.8000,3290.2000,3290.0000,3288.6000,3288.4000,3293.2000,3293.6000,3304.8000,3308.2000,3308.4000,1,1,2,1,1,2,1,1,1,2
SF,IH2103,2020-09-03 09:34:24.600,3293.2000,4398,0,49397040.000,0,-,-,-,-,3290.0000,3288.6000,3288.4000,3288.0000,3287.0000,3293.2000,3293.6000,3304.8000,3308.2000,3308.4000,2,1,1,3,1,2,1,1,1,2
SF,IH2103,2020-09-03 09:34:25.100,3293.2000,4398,0,49397040.000,0,-,-,-,-,3290.6000,3290.4000,3290.0000,3288.6000,3288.4000,3293.2000,3293.6000,3304.8000,3308.2000,3308.4000,1,1,2,1,1,2,1,1,1,2
SF,IH2103,2020-09-03 09:34:25.600,3293.2000,4398,0,49397040.000,0,-,-,-,-,3290.8000,3290.0000,3288.6000,3288.4000,3288.0000,3293.0000,3293.2000,3293.6000,3304.8000,3308.2000,1,2,1,1,3,1,2,1,1,1
SF,IH2103,2020-09-03 09:34:27.100,3293.2000,4398,0,49397040.000,0,-,-,-,-,3290.8000,3290.0000,3288.6000,3288.4000,3288.0000,3292.8000,3293.0000,3293.6000,3304.8000,3308.2000,1,2,1,1,3,2,1,1,1,1
SF,IH2103,2020-09-03 09:34:27.600,3293.2000,4398,0,49397040.000,0,-,-,-,-,3291.0000,3290.8000,3290.0000,3288.6000,3288.4000,3293.0000,3293.6000,3304.8000,3308.2000,3308.4000,2,1,2,1,1,1,1,1,1,2
SF,IH2103,2020-09-03 09:34:28.100,3293.2000,4398,0,49397040.000,0,-,-,-,-,3290.8000,3290.0000,3288.6000,3288.4000,3288.0000,3293.0000,3293.6000,3304.8000,3308.2000,3308.4000,1,2,1,1,3,1,1,1,1,2
SF,IH2103,2020-09-03 09:34:28.600,3293.2000,4398,0,49397040.000,0,-,-,-,-,3290.8000,3290.0000,3288.6000,3288.4000,3288.0000,3293.0000,3293.6000,3304.8000,3308.2000,3308.4000,1,2,1,1,3,1,1,1,1,2
SF,IH2103,2020-09-03 09:34:29.100,3293.2000,4398,0,49397040.000,0,-,-,-,-,3290.8000,3290.6000,3290.0000,3288.6000,3288.4000,3293.0000,3293.6000,3304.8000,3308.2000,3308.4000,1,1,2,1,1,1,1,1,1,2
SF,IH2103,2020-09-03 09:34:30.600,3293.2000,4398,0,49397040.000,0,-,-,-,-,3290.8000,3290.6000,3290.0000,3288.6000,3288.4000,3292.8000,3293.0000,3293.6000,3304.8000,3308.2000,1,1,2,1,1,2,1,1,1,1
SF,IH2103,2020-09-03 09:34:31.600,3293.2000,4398,0,49397040.000,0,-,-,-,-,3291.0000,3290.8000,3290.6000,3290.0000,3288.6000,3292.8000,3293.0000,3293.6000,3304.8000,3308.2000,1,1,1,2,1,2,1,1,1,1
SF,IH2103,2020-09-03 09:34:32.100,3293.2000,4398,0,49397040.000,0,-,-,-,-,3290.8000,3290.6000,3290.0000,3288.6000,3288.4000,3292.8000,3293.0000,3293.6000,3304.8000,3308.2000,1,1,2,1,1,2,1,1,1,1
SF,IH2103,2020-09-03 09:34:32.600,3293.2000,4398,0,49397040.000,0,-,-,-,-,3291.0000,3290.8000,3290.6000,3290.0000,3288.6000,3292.8000,3293.0000,3293.6000,3304.8000,3308.2000,1,1,1,2,1,2,1,1,1,1
SF,IH2103,2020-09-03 09:34:33.100,3293.2000,4398,0,49397040.000,0,-,-,-,-,3291.0000,3290.8000,3290.6000,3290.0000,3288.6000,3293.0000,3293.6000,3304.8000,3308.2000,3308.4000,1,1,1,2,1,1,1,1,1,2
SF,IH2103,2020-09-03 09:34:33.600,3293.2000,4398,0,49397040.000,0,-,-,-,-,3290.8000,3290.6000,3290.0000,3288.6000,3288.4000,3293.0000,3293.6000,3304.8000,3308.2000,3308.4000,1,1,2,1,1,1,1,1,1,2
SF,IH2103,2020-09-03 09:34:36.100,3293.2000,4398,0,49397040.000,0,-,-,-,-,3291.2000,3290.8000,3290.6000,3290.0000,3288.6000,3293.0000,3293.6000,3304.8000,3308.2000,3308.4000,1,1,1,2,1,1,1,1,1,2
SF,IH2103,2020-09-03 09:34:36.600,3293.2000,4398,0,49397040.000,0,-,-,-,-,3291.2000,3290.8000,3290.6000,3290.0000,3288.6000,3292.8000,3293.0000,3293.6000,3304.8000,3308.2000,1,1,1,2,1,1,1,1,1,1
SF,IH2103,2020-09-03 09:34:37.100,3293.2000,4398,0,49397040.000,0,-,-,-,-,3291.4000,3290.8000,3290.6000,3290.0000,3288.6000,3292.8000,3293.0000,3293.6000,3304.8000,3308.2000,2,1,1,2,1,1,1,1,1,1
SF,IH2103,2020-09-03 09:34:37.600,3293.2000,4398,0,49397040.000,0,-,-,-,-,3291.4000,3290.8000,3290.6000,3290.0000,3288.6000,3292.8000,3293.0000,3293.6000,3304.8000,3308.2000,2,1,1,2,1,1,1,1,1,1
SF,IH2103,2020-09-03 09:34:38.100,3293.2000,4398,0,49397040.000,0,-,-,-,-,3291.4000,3290.8000,3290.6000,3290.0000,3288.6000,3293.0000,3293.6000,3304.8000,3308.2000,3308.4000,2,1,1,2,1,1,1,1,1,2
SF,IH2103,2020-09-03 09:34:38.600,3293.2000,4398,0,49397040.000,0,-,-,-,-,3290.8000,3290.6000,3290.0000,3288.6000,3288.4000,3293.0000,3293.6000,3304.8000,3308.2000,3308.4000,1,1,2,1,1,1,1,1,1,2
SF,IH2103,2020-09-03 09:34:39.100,3293.2000,4398,0,49397040.000,0,-,-,-,-,3290.8000,3290.6000,3290.0000,3288.6000,3288.4000,3293.0000,3293.6000,3304.8000,3308.2000,3308.4000,1,1,2,1,1,1,1,1,1,2
SF,IH2103,2020-09-03 09:34:39.600,3293.2000,4398,0,49397040.000,0,-,-,-,-,3291.2000,3290.8000,3290.6000,3290.0000,3288.6000,3293.6000,3304.8000,3308.2000,3308.4000,3312.8000,1,1,1,2,1,1,1,1,2,1
SF,IH2103,2020-09-03 09:34:40.100,3293.2000,4398,0,49397040.000,0,-,-,-,-,3291.4000,3290.6000,3290.0000,3288.6000,3288.4000,3293.4000,3293.6000,3304.8000,3308.2000,3308.4000,1,1,2,1,1,1,1,1,1,2
SF,IH2103,2020-09-03 09:34:41.100,3293.2000,4398,0,49397040.000,0,-,-,-,-,3291.6000,3291.4000,3290.6000,3290.0000,3288.6000,3293.4000,3293.6000,3304.8000,3308.2000,3308.4000,1,1,1,2,1,1,1,1,1,2
SF,IH2103,2020-09-03 09:34:41.600,3293.2000,4398,0,49397040.000,0,-,-,-,-,3291.8000,3290.6000,3290.0000,3288.6000,3288.4000,3293.4000,3293.6000,3304.8000,3308.2000,3308.4000,1,1,2,1,1,1,1,1,1,2
SF,IH2103,2020-09-03 09:34:43.100,3291.8000,4397,-1,50384580.000,1,0,1,双平,S,3290.6000,3290.0000,3288.6000,3288.4000,3288.0000,3293.4000,3293.6000,3304.8000,3308.2000,3308.4000,1,2,1,1,3,1,1,1,1,2
SF,IH2103,2020-09-03 09:34:43.600,3291.8000,4397,0,50384580.000,0,-,-,-,-,3290.8000,3290.6000,3290.0000,3288.6000,3288.4000,3293.4000,3293.6000,3304.8000,3308.2000,3308.4000,1,1,2,1,1,1,1,1,1,2
SF,IH2103,2020-09-03 09:34:46.600,3291.8000,4397,0,50384580.000,0,-,-,-,-,3290.8000,3290.6000,3290.0000,3288.6000,3288.4000,3293.4000,3293.6000,3304.8000,3308.2000,3312.8000,1,1,2,1,1,1,1,1,1,1
SF,IH2103,2020-09-03 09:34:49.600,3291.8000,4397,0,50384580.000,0,-,-,-,-,3290.8000,3290.6000,3290.0000,3288.6000,3288.4000,3293.4000,3293.6000,3304.8000,3308.2000,3312.8000,1,1,2,1,1,1,1,1,1,1
SF,IH2103,2020-09-03 09:34:50.100,3291.8000,4397,0,50384580.000,0,-,-,-,-,3290.8000,3290.6000,3290.0000,3288.6000,3288.4000,3293.4000,3293.6000,3304.8000,3308.2000,3312.8000,1,1,2,1,1,1,1,1,1,1
SF,IH2103,2020-09-03 09:34:50.600,3291.8000,4397,0,50384580.000,0,-,-,-,-,3290.8000,3290.6000,3290.0000,3288.6000,3288.4000,3293.4000,3293.6000,3304.8000,3308.2000,3312.8000,1,1,2,1,1,1,1,1,1,1
SF,IH2103,2020-09-03 09:34:51.100,3291.8000,4397,0,50384580.000,0,-,-,-,-,3290.8000,3290.6000,3290.0000,3288.6000,3288.4000,3293.4000,3293.6000,3299.4000,3304.8000,3308.2000,1,1,2,1,1,1,1,1,1,1
SF,IH2103,2020-09-03 09:34:51.600,3291.8000,4397,0,50384580.000,0,-,-,-,-,3290.8000,3290.6000,3290.0000,3288.6000,3288.4000,3293.4000,3293.6000,3299.4000,3304.8000,3308.2000,1,1,2,1,1,1,1,1,1,1
SF,IH2103,2020-09-03 09:34:52.100,3291.8000,4397,0,50384580.000,0,-,-,-,-,3291.2000,3290.8000,3290.6000,3290.0000,3288.6000,3293.4000,3293.6000,3299.4000,3304.8000,3308.2000,1,1,1,2,1,1,1,1,1,1
SF,IH2103,2020-09-03 09:34:54.600,3291.8000,4397,0,50384580.000,0,-,-,-,-,3291.2000,3290.8000,3290.6000,3290.0000,3288.6000,3293.4000,3293.6000,3299.4000,3304.8000,3308.2000,1,1,1,2,1,1,1,1,1,1
SF,IH2103,2020-09-03 09:34:59.100,3291.8000,4397,0,50384580.000,0,-,-,-,-,3290.8000,3290.6000,3290.0000,3288.6000,3288.4000,3293.4000,3293.6000,3299.4000,3304.8000,3308.2000,1,1,2,1,1,1,1,1,1,1
SF,IH2103,2020-09-03 09:34:59.600,3291.8000,4397,0,50384580.000,0,-,-,-,-,3290.8000,3290.6000,3290.0000,3288.6000,3288.4000,3293.4000,3293.6000,3299.4000,3304.8000,3312.8000,1,1,2,1,1,1,1,1,1,1
SF,IH2103,2020-09-03 09:35:05.600,3291.8000,4397,0,50384580.000,0,-,-,-,-,3291.2000,3290.8000,3290.6000,3290.0000,3288.6000,3293.4000,3293.6000,3299.4000,3304.8000,3312.8000,1,1,1,2,1,1,1,1,1,1
SF,IH2103,2020-09-03 09:35:06.600,3291.8000,4397,0,50384580.000,0,-,-,-,-,3290.8000,3290.6000,3290.0000,3288.6000,3288.4000,3293.4000,3293.6000,3299.4000,3304.8000,3312.8000,1,1,2,1,1,1,1,1,1,1
SF,IH2103,2020-09-03 09:35:07.100,3291.8000,4397,0,50384580.000,0,-,-,-,-,3290.8000,3290.6000,3290.0000,3288.6000,3288.4000,3291.2000,3293.4000,3293.6000,3299.4000,3304.8000,1,1,2,1,1,1,1,1,1,1
SF,IH2103,2020-09-03 09:35:07.600,3291.2000,4398,1,51371940.000,1,1,0,双开,S,3291.2000,3290.8000,3290.6000,3290.0000,3288.6000,3293.4000,3293.6000,3299.4000,3304.8000,3312.8000,2,1,1,2,1,1,1,1,1,1
SF,IH2103,2020-09-03 09:35:08.100,3291.2000,4398,0,51371940.000,0,-,-,-,-,3291.2000,3290.8000,3290.6000,3290.0000,3289.6000,3293.4000,3293.6000,3299.4000,3304.8000,3312.8000,1,1,1,2,1,1,1,1,1,1
SF,IH2103,2020-09-03 09:35:09.100,3291.2000,4398,0,51371940.000,0,-,-,-,-,3291.2000,3290.8000,3290.6000,3290.0000,3289.6000,3293.4000,3293.6000,3299.4000,3304.8000,3308.6000,1,1,1,2,1,1,1,1,1,2
SF,IH2103,2020-09-03 09:35:09.600,3291.2000,4398,0,51371940.000,0,-,-,-,-,3291.2000,3290.6000,3290.0000,3289.6000,3288.6000,3293.4000,3293.6000,3299.4000,3304.8000,3308.6000,1,1,2,1,1,1,1,1,1,2
SF,IH2103,2020-09-03 09:35:11.600,3291.2000,4398,0,51371940.000,0,-,-,-,-,3291.2000,3290.6000,3290.0000,3289.6000,3288.6000,3293.4000,3293.6000,3299.4000,3304.8000,3308.6000,1,1,2,1,1,1,2,1,1,2
SF,IH2103,2020-09-03 09:35:14.100,3291.2000,4398,0,51371940.000,0,-,-,-,-,3290.6000,3290.0000,3289.6000,3288.6000,3288.4000,3293.4000,3293.6000,3299.4000,3304.8000,3308.6000,1,2,1,1,1,1,2,1,1,2
SF,IH2103,2020-09-03 09:35:15.600,3291.2000,4398,0,51371940.000,0,-,-,-,-,3290.6000,3290.0000,3289.6000,3288.6000,3288.4000,3293.0000,3293.4000,3293.6000,3299.4000,3304.8000,1,2,1,1,1,1,1,2,1,1
SF,IH2103,2020-09-03 09:35:16.100,3291.2000,4398,0,51371940.000,0,-,-,-,-,3290.6000,3290.0000,3289.6000,3288.6000,3288.4000,3292.8000,3293.6000,3299.4000,3304.8000,3308.6000,1,2,1,1,1,1,2,1,1,2
SF,IH2103,2020-09-03 09:35:23.600,3291.2000,4398,0,51371940.000,0,-,-,-,-,3290.6000,3290.0000,3289.6000,3288.6000,3288.4000,3292.8000,3293.6000,3299.4000,3304.8000,3308.6000,1,2,1,1,1,1,2,1,1,2
SF,IH2103,2020-09-03 09:35:31.100,3290.6000,4398,0,52359120.000,1,0,1,多换,S,3290.0000,3289.6000,3288.6000,3288.4000,3288.0000,3290.6000,3292.4000,3292.8000,3293.6000,3299.4000,2,1,1,1,3,1,1,1,2,1
SF,IH2103,2020-09-03 09:35:31.600,3290.2000,4397,-1,53346180.000,1,0,1,双平,S,3290.0000,3289.6000,3288.6000,3288.4000,3288.0000,3290.6000,3292.8000,3293.6000,3299.4000,3304.8000,2,1,1,1,3,1,1,2,1,1
SF,IH2103,2020-09-03 09:35:32.100,3290.2000,4397,0,53346180.000,0,-,-,-,-,3290.0000,3289.6000,3288.6000,3288.4000,3288.0000,3290.6000,3292.2000,3292.8000,3293.6000,3299.4000,2,1,1,1,3,1,1,1,2,1
SF,IH2103,2020-09-03 09:35:32.600,3290.2000,4397,0,53346180.000,0,-,-,-,-,3290.0000,3289.6000,3288.6000,3288.4000,3288.0000,3292.2000,3292.8000,3293.6000,3299.4000,3304.8000,2,1,1,1,3,1,1,2,1,1
SF,IH2103,2020-09-03 09:35:33.100,3290.2000,4397,0,53346180.000,0,-,-,-,-,3290.0000,3289.6000,3288.6000,3288.4000,3288.0000,3292.0000,3292.2000,3293.2000,3293.6000,3299.4000,2,1,1,1,3,1,1,1,2,1
SF,IH2103,2020-09-03 09:35:35.100,3290.2000,4397,0,53346180.000,0,-,-,-,-,3290.2000,3290.0000,3289.6000,3288.6000,3288.4000,3292.0000,3292.2000,3293.2000,3293.6000,3299.4000,1,2,1,1,1,1,1,1,2,1
SF,IH2103,2020-09-03 09:35:37.600,3292.0000,4396,-1,54333780.000,1,0,1,双平,S,3290.2000,3290.0000,3289.6000,3288.6000,3288.4000,3293.2000,3293.6000,3299.4000,3304.8000,3308.6000,1,2,1,1,1,1,2,1,1,2
SF,IH2103,2020-09-03 09:35:38.100,3292.0000,4396,0,54333780.000,0,-,-,-,-,3290.4000,3290.2000,3290.0000,3289.6000,3288.6000,3293.0000,3293.2000,3293.6000,3295.2000,3299.4000,1,1,2,1,1,1,1,2,1,1
SF,IH2103,2020-09-03 09:35:38.600,3292.0000,4396,0,54333780.000,0,-,-,-,-,3290.8000,3290.6000,3290.4000,3290.0000,3289.6000,3293.0000,3293.2000,3293.6000,3295.2000,3299.4000,2,1,1,2,1,1,1,2,1,1
SF,IH2103,2020-09-03 09:35:39.100,3293.0000,4395,-1,55321680.000,1,0,1,双平,S,3291.2000,3291.0000,3290.6000,3290.0000,3289.6000,3293.6000,3295.2000,3299.4000,3304.8000,3308.6000,2,2,1,2,1,2,1,1,1,2
SF,IH2103,2020-09-03 09:35:39.600,3293.0000,4395,0,55321680.000,0,-,-,-,-,3291.6000,3291.4000,3290.6000,3290.0000,3289.6000,3293.6000,3295.2000,3299.4000,3304.8000,3308.6000,2,1,1,2,1,2,1,1,1,2
SF,IH2103,2020-09-03 09:35:40.100,3293.0000,4395,0,55321680.000,0,-,-,-,-,3291.8000,3290.6000,3290.0000,3289.6000,3288.6000,3293.6000,3295.2000,3299.4000,3304.8000,3308.6000,3,1,2,1,1,2,1,1,1,2
SF,IH2103,2020-09-03 09:35:40.600,3293.0000,4395,0,55321680.000,0,-,-,-,-,3292.2000,3291.8000,3290.6000,3290.0000,3289.6000,3293.6000,3295.2000,3299.4000,3304.8000,3308.6000,2,1,1,2,1,2,1,1,1,2
SF,IH2103,2020-09-03 09:35:41.100,3293.0000,4395,0,55321680.000,0,-,-,-,-,3292.4000,3292.2000,3290.6000,3290.0000,3288.6000,3293.6000,3295.2000,3299.4000,3304.8000,3308.6000,1,2,1,2,1,2,1,1,1,2
SF,IH2103,2020-09-03 09:35:41.600,3293.0000,4395,0,55321680.000,0,-,-,-,-,3292.4000,3290.0000,3288.6000,3288.4000,3288.0000,3293.6000,3295.2000,3299.4000,3304.8000,3308.6000,1,2,1,1,3,2,1,1,1,2
SF,IH2103,2020-09-03 09:35:42.100,3292.4000,4394,-1,56309400.000,1,0,1,双平,S,3290.0000,3288.6000,3288.4000,3288.0000,3287.0000,3293.6000,3295.2000,3299.4000,3304.8000,3308.6000,2,1,1,3,1,2,1,1,1,2
SF,IH2103,2020-09-03 09:35:42.600,3292.4000,4394,0,56309400.000,0,-,-,-,-,3291.0000,3290.2000,3290.0000,3288.6000,3288.4000,3293.6000,3295.2000,3299.4000,3304.8000,3308.6000,1,2,2,1,1,2,1,1,1,2
