市场代码,合约代码,时间,最新,持仓,增仓,成交额,成交量,开仓,平仓,成交类型,方向,买一价,买二价,买三价,买四价,买五价,卖一价,卖二价,卖三价,卖四价,卖五价,买一量,买二量,买三量,买四量,买五量,卖一量,卖二量,卖三量,卖四量,卖五量
SF,IH2103,2020-08-27 09:29:00.400,3242.0000,3867,0,0.000,0.000,-,-,-,-,3254.4000,3245.2000,3244.2000,3243.8000,3243.6000,3256.2000,3260.2000,3262.2000,3263.6000,3266.6000,1,1,1,1,1,4,1,1,1,1
SF,IH2103,2020-08-27 09:30:00.400,3242.0000,3867,0,0.000,0,-,-,-,-,3254.4000,3245.2000,3244.2000,3243.8000,3243.6000,3260.2000,3263.6000,3266.6000,3268.0000,3286.6000,1,1,1,1,1,1,1,1,1,1
SF,IH2103,2020-08-27 09:30:00.900,3242.0000,3867,0,0.000,0,-,-,-,-,3243.6000,3242.4000,3240.6000,3231.8000,3230.2000,3259.8000,3260.0000,3266.6000,3268.0000,3286.6000,1,1,1,1,1,1,2,1,1,1
SF,IH2103,2020-08-27 09:30:01.400,3242.0000,3867,0,0.000,0,-,-,-,-,3244.2000,3244.0000,3243.8000,3243.6000,3242.4000,3259.4000,3259.6000,3259.8000,3260.0000,3266.6000,1,1,3,2,1,1,2,1,1,1
SF,IH2103,2020-08-27 09:30:01.900,3242.0000,3867,0,0.000,0,-,-,-,-,3256.2000,3244.6000,3244.4000,3244.2000,3243.8000,3258.8000,3259.0000,3259.2000,3259.4000,3259.8000,1,1,3,1,5,1,1,2,1,1
SF,IH2103,2020-08-27 09:30:02.400,3256.0000,3868,1,976800.000,1,1,0,双开,S,3244.6000,3244.4000,3244.2000,3243.8000,3243.6000,3250.8000,3254.0000,3255.8000,3256.0000,3256.2000,1,1,1,5,1,1,2,1,3,1
SF,IH2103,2020-08-27 09:30:02.900,3250.8000,3867,-1,1952040.000,1,0,1,双平,S,3247.6000,3245.0000,3244.8000,3244.6000,3244.2000,3250.2000,3250.6000,3256.6000,3259.0000,3259.4000,1,1,1,1,1,2,1,1,1,1
SF,IH2103,2020-08-27 09:30:03.400,3250.8000,3867,0,1952040.000,0,-,-,-,-,3247.8000,3245.0000,3244.6000,3244.2000,3243.8000,3249.8000,3250.0000,3250.2000,3250.6000,3254.8000,1,1,1,1,1,1,1,2,1,1
SF,IH2103,2020-08-27 09:30:03.900,3248.0000,3867,0,4875240.000,3,1,2,多换,S,3247.8000,3245.0000,3244.6000,3244.2000,3243.8000,3249.2000,3249.4000,3249.8000,3250.0000,3250.2000,1,1,1,1,1,1,1,1,1,1
SF,IH2103,2020-08-27 09:30:04.400,3248.0000,3867,0,4875240.000,0,-,-,-,-,3247.8000,3245.0000,3244.6000,3244.2000,3243.8000,3249.0000,3249.2000,3249.4000,3249.8000,3250.0000,1,1,1,1,1,1,1,1,1,1
SF,IH2103,2020-08-27 09:30:04.900,3248.0000,3867,0,4875240.000,0,-,-,-,-,3247.8000,3245.0000,3244.6000,3244.2000,3243.8000,3249.0000,3249.2000,3249.4000,3249.8000,3250.0000,1,1,1,1,1,1,1,1,1,1
SF,IH2103,2020-08-27 09:30:05.400,3248.0000,3867,0,4875240.000,0,-,-,-,-,3247.8000,3245.0000,3244.6000,3244.2000,3243.8000,3248.4000,3249.0000,3249.4000,3249.8000,3250.0000,1,1,1,1,1,1,1,1,1,1
SF,IH2103,2020-08-27 09:30:05.900,3249.0000,3865,-2,6824460.000,2,0,2,双平,S,3247.8000,3245.0000,3244.6000,3244.2000,3243.8000,3249.4000,3249.8000,3250.0000,3250.2000,3254.0000,1,1,1,1,1,1,1,1,1,1
SF,IH2103,2020-08-27 09:30:06.400,3249.4000,3864,-1,7799280.000,1,0,1,双平,S,3247.8000,3245.0000,3244.6000,3244.2000,3243.8000,3249.8000,3250.0000,3250.2000,3254.0000,3254.6000,1,1,1,1,1,1,1,1,1,1
SF,IH2103,2020-08-27 09:30:06.900,3249.4000,3864,0,7799280.000,0,-,-,-,-,3247.8000,3245.0000,3244.6000,3244.2000,3243.8000,3249.8000,3250.0000,3250.2000,3254.0000,3254.6000,1,1,1,1,1,1,1,1,1,1
SF,IH2103,2020-08-27 09:30:08.400,3249.8000,3863,-1,8774220.000,1,0,1,双平,S,3248.2000,3248.0000,3247.8000,3245.0000,3244.6000,3250.0000,3254.0000,3254.6000,3254.8000,3268.0000,1,2,1,1,1,1,1,1,1,1
SF,IH2103,2020-08-27 09:30:08.900,3250.0000,3862,-1,9749220.000,1,0,1,双平,S,3248.6000,3248.4000,3248.2000,3245.0000,3244.6000,3254.6000,3254.8000,3268.0000,3274.4000,3286.6000,1,1,1,1,1,1,1,1,1,1
SF,IH2103,2020-08-27 09:30:09.400,3250.0000,3862,0,9749220.000,0,-,-,-,-,3249.2000,3249.0000,3248.8000,3248.6000,3245.0000,3250.6000,3254.6000,3254.8000,3268.0000,3274.4000,2,1,2,1,1,1,1,1,1,1
SF,IH2103,2020-08-27 09:30:09.900,3250.0000,3862,0,9749220.000,0,-,-,-,-,3249.4000,3249.2000,3249.0000,3245.0000,3244.6000,3254.8000,3268.0000,3274.4000,3277.0000,3286.6000,2,2,1,1,1,1,1,1,1,1
SF,IH2103,2020-08-27 09:30:10.400,3250.0000,3862,0,9749220.000,0,-,-,-,-,3250.0000,3249.8000,3249.6000,3249.4000,3249.2000,3254.8000,3268.0000,3274.4000,3277.0000,3286.6000,1,1,1,2,1,1,1,1,1,1
SF,IH2103,2020-08-27 09:30:10.900,3250.0000,3862,0,9749220.000,0,-,-,-,-,3250.4000,3250.2000,3250.0000,3249.8000,3249.0000,3251.8000,3254.8000,3268.0000,3274.4000,3277.0000,2,3,1,1,1,1,1,1,1,1
SF,IH2103,2020-08-27 09:30:11.400,3251.8000,3861,-1,10724760.000,1,0,1,双平,S,3251.8000,3251.0000,3250.6000,3250.4000,3250.2000,3254.8000,3268.0000,3274.4000,3277.0000,3286.6000,1,1,1,2,1,1,1,1,1,1
SF,IH2103,2020-08-27 09:30:11.900,3251.8000,3860,-1,11700300.000,1,0,1,双平,S,3252.0000,3251.8000,3251.0000,3250.4000,3249.8000,3268.0000,3274.4000,3277.0000,3286.6000,3289.8000,1,1,1,2,1,1,1,1,1,1
SF,IH2103,2020-08-27 09:30:12.400,3251.8000,3860,0,11700300.000,0,-,-,-,-,3252.2000,3252.0000,3251.8000,3251.0000,3250.4000,3256.0000,3260.4000,3261.8000,3264.4000,3264.8000,1,1,1,1,2,2,1,1,4,1
SF,IH2103,2020-08-27 09:30:12.900,3252.2000,3859,-1,13651560.000,2,0,2,多平,S,3251.8000,3251.0000,3250.4000,3249.8000,3249.0000,3255.8000,3267.6000,3267.8000,3268.0000,3274.4000,1,1,2,1,1,1,1,3,1,1
SF,IH2103,2020-08-27 09:30:13.400,3252.2000,3859,0,13651560.000,0,-,-,-,-,3251.8000,3251.0000,3250.4000,3249.8000,3249.0000,3255.0000,3255.8000,3267.8000,3268.0000,3274.4000,1,1,2,1,1,1,1,2,1,1
SF,IH2103,2020-08-27 09:30:13.900,3252.2000,3859,0,13651560.000,0,-,-,-,-,3252.0000,3251.8000,3250.4000,3249.8000,3249.0000,3254.8000,3255.0000,3267.8000,3268.0000,3274.4000,1,1,2,1,1,1,1,2,1,1
SF,IH2103,2020-08-27 09:30:14.900,3252.2000,3859,0,13651560.000,0,-,-,-,-,3251.8000,3250.4000,3249.8000,3249.0000,3244.6000,3254.8000,3255.0000,3258.2000,3267.8000,3268.0000,1,2,1,1,1,1,1,1,2,1
SF,IH2103,2020-08-27 09:30:15.400,3252.2000,3859,0,13651560.000,0,-,-,-,-,3251.8000,3250.4000,3249.8000,3249.0000,3244.6000,3254.2000,3254.8000,3255.0000,3258.2000,3267.8000,1,2,1,1,1,1,1,1,1,2
SF,IH2103,2020-08-27 09:30:15.900,3252.2000,3859,0,13651560.000,0,-,-,-,-,3251.8000,3250.4000,3249.8000,3249.0000,3244.6000,3254.0000,3254.2000,3255.0000,3258.2000,3267.8000,1,2,1,1,1,1,1,1,1,2
SF,IH2103,2020-08-27 09:30:16.400,3252.2000,3859,0,13651560.000,0,-,-,-,-,3251.8000,3250.4000,3249.8000,3249.0000,3244.6000,3252.8000,3254.0000,3254.2000,3255.0000,3258.2000,1,2,1,1,1,1,1,1,1,1
SF,IH2103,2020-08-27 09:30:16.900,3252.2000,3859,0,13651560.000,0,-,-,-,-,3252.0000,3251.8000,3250.4000,3249.8000,3249.0000,3252.8000,3254.0000,3254.2000,3255.0000,3258.2000,1,1,2,1,1,1,1,1,1,1
SF,IH2103,2020-08-27 09:30:17.400,3252.0000,3858,-1,14627160.000,1,0,1,双平,S,3251.8000,3250.4000,3249.8000,3249.0000,3244.6000,3252.8000,3254.0000,3255.0000,3255.8000,3258.2000,1,2,1,1,1,1,1,1,1,1
SF,IH2103,2020-08-27 09:30:17.900,3252.0000,3858,0,14627160.000,0,-,-,-,-,3250.4000,3249.8000,3249.0000,3244.6000,3243.8000,3252.8000,3254.0000,3255.0000,3255.8000,3258.2000,2,1,1,1,1,1,1,1,1,1
SF,IH2103,2020-08-27 09:30:18.400,3252.0000,3858,0,14627160.000,0,-,-,-,-,3251.0000,3250.6000,3250.4000,3249.8000,3244.6000,3252.6000,3252.8000,3255.0000,3255.8000,3258.2000,1,1,2,1,1,1,1,1,1,1
SF,IH2103,2020-08-27 09:30:18.900,3252.0000,3858,0,14627160.000,0,-,-,-,-,3251.0000,3250.6000,3250.4000,3249.8000,3244.6000,3252.0000,3252.8000,3255.0000,3255.8000,3258.2000,1,1,2,1,1,1,1,1,1,1
SF,IH2103,2020-08-27 09:30:19.400,3252.0000,3858,0,14627160.000,0,-,-,-,-,3251.4000,3251.2000,3251.0000,3250.6000,3250.4000,3252.0000,3252.8000,3255.0000,3255.8000,3258.2000,1,1,1,1,1,1,1,1,1,1
SF,IH2103,2020-08-27 09:30:19.900,3251.4000,3858,0,15602580.000,1,0,1,多换,S,3251.2000,3251.0000,3250.6000,3250.4000,3244.6000,3252.0000,3255.0000,3255.6000,3255.8000,3258.2000,1,1,1,1,1,1,1,2,1,1
SF,IH2103,2020-08-27 09:30:20.400,3251.4000,3858,0,15602580.000,0,-,-,-,-,3251.0000,3250.6000,3250.4000,3244.6000,3243.8000,3252.0000,3255.0000,3255.4000,3255.6000,3255.8000,1,1,1,1,1,1,1,4,2,1
SF,IH2103,2020-08-27 09:30:20.900,3251.4000,3858,0,15602580.000,0,-,-,-,-,3251.0000,3250.4000,3244.6000,3243.8000,3243.6000,3252.0000,3255.0000,3255.4000,3255.6000,3255.8000,1,1,1,1,1,1,1,4,2,1
SF,IH2103,2020-08-27 09:30:21.400,3251.4000,3858,0,15602580.000,0,-,-,-,-,3251.0000,3250.4000,3244.6000,3243.8000,3243.6000,3252.0000,3255.0000,3255.4000,3255.6000,3255.8000,1,1,1,1,1,1,1,4,2,1
SF,IH2103,2020-08-27 09:30:21.900,3251.0000,3857,-1,16577880.000,1,0,1,双平,S,3244.6000,3243.8000,3243.6000,3231.8000,3230.2000,3251.0000,3252.0000,3255.0000,3255.4000,3255.6000,1,1,1,1,1,2,2,1,4,2
SF,IH2103,2020-08-27 09:30:22.400,3251.0000,3857,0,16577880.000,0,-,-,-,-,3248.8000,3245.2000,3244.6000,3243.8000,3243.6000,3250.8000,3252.0000,3255.0000,3255.4000,3255.6000,1,2,1,1,1,1,2,1,4,2
SF,IH2103,2020-08-27 09:30:22.900,3251.0000,3857,0,16577880.000,0,-,-,-,-,3249.4000,3249.0000,3244.8000,3244.6000,3243.8000,3250.8000,3252.0000,3255.0000,3255.4000,3255.6000,2,1,1,1,1,1,2,1,4,2
SF,IH2103,2020-08-27 09:30:23.400,3251.0000,3857,0,16577880.000,0,-,-,-,-,3249.4000,3249.0000,3244.6000,3243.8000,3243.6000,3252.0000,3255.0000,3255.4000,3255.6000,3255.8000,2,1,1,1,1,2,1,4,2,1
SF,IH2103,2020-08-27 09:30:23.900,3251.0000,3857,0,16577880.000,0,-,-,-,-,3249.4000,3249.0000,3244.6000,3243.8000,3243.6000,3251.8000,3252.0000,3255.0000,3255.4000,3255.6000,2,1,1,1,1,1,2,1,4,2
SF,IH2103,2020-08-27 09:30:25.400,3251.0000,3857,0,16577880.000,0,-,-,-,-,3249.4000,3249.0000,3244.6000,3243.8000,3243.6000,3251.8000,3252.0000,3255.0000,3255.4000,3255.6000,2,1,1,1,1,1,1,1,4,2
SF,IH2103,2020-08-27 09:30:25.900,3251.0000,3857,0,16577880.000,0,-,-,-,-,3249.4000,3249.0000,3244.6000,3243.8000,3243.6000,3251.8000,3252.0000,3255.0000,3255.4000,3255.6000,2,1,1,1,1,1,1,1,4,2
SF,IH2103,2020-08-27 09:30:26.400,3251.0000,3857,0,16577880.000,0,-,-,-,-,3249.4000,3249.0000,3244.6000,3243.8000,3243.6000,3251.8000,3252.0000,3255.0000,3255.4000,3255.6000,1,1,1,1,1,1,1,1,4,2
SF,IH2103,2020-08-27 09:30:26.900,3251.0000,3857,0,16577880.000,0,-,-,-,-,3249.4000,3249.0000,3244.6000,3243.8000,3243.6000,3251.6000,3251.8000,3252.0000,3255.0000,3255.4000,1,1,1,1,1,1,1,1,1,4
SF,IH2103,2020-08-27 09:30:27.400,3251.0000,3857,0,16577880.000,0,-,-,-,-,3249.4000,3249.0000,3244.6000,3243.8000,3243.6000,3251.6000,3251.8000,3255.0000,3255.4000,3255.6000,1,1,1,1,1,1,1,1,4,2
SF,IH2103,2020-08-27 09:30:27.900,3251.0000,3857,0,17553180.000,1,0,1,多换,S,3249.6000,3249.4000,3249.0000,3244.6000,3243.8000,3251.6000,3251.8000,3255.0000,3255.4000,3255.6000,1,1,1,1,1,1,1,1,4,2
SF,IH2103,2020-08-27 09:30:28.400,3251.0000,3857,0,17553180.000,0,-,-,-,-,3249.8000,3249.6000,3249.0000,3244.6000,3243.8000,3251.6000,3251.8000,3255.0000,3255.4000,3255.6000,1,1,1,1,1,1,1,1,4,2
SF,IH2103,2020-08-27 09:30:28.900,3251.0000,3857,0,17553180.000,0,-,-,-,-,3249.0000,3244.6000,3243.8000,3243.6000,3231.8000,3251.2000,3251.6000,3251.8000,3255.0000,3255.4000,1,1,1,1,1,1,1,1,1,4
SF,IH2103,2020-08-27 09:30:29.400,3251.0000,3857,0,17553180.000,0,-,-,-,-,3244.6000,3243.8000,3243.6000,3231.8000,3230.2000,3251.0000,3251.2000,3251.6000,3251.8000,3255.0000,1,1,1,1,1,2,1,1,1,1
SF,IH2103,2020-08-27 09:30:29.900,3251.0000,3857,0,17553180.000,0,-,-,-,-,3248.0000,3245.2000,3244.6000,3243.8000,3243.6000,3250.8000,3251.0000,3251.2000,3255.0000,3255.4000,1,2,1,1,1,1,2,1,1,4
SF,IH2103,2020-08-27 09:30:30.400,3251.0000,3857,0,17553180.000,0,-,-,-,-,3248.6000,3248.4000,3244.6000,3243.8000,3243.6000,3250.8000,3251.0000,3251.2000,3255.0000,3255.4000,1,1,1,1,1,2,2,1,1,4
SF,IH2103,2020-08-27 09:30:30.900,3251.0000,3857,0,17553180.000,0,-,-,-,-,3248.8000,3248.6000,3244.6000,3243.8000,3243.6000,3250.0000,3250.8000,3251.0000,3251.2000,3255.0000,1,1,1,1,1,1,2,1,1,1
SF,IH2103,2020-08-27 09:30:31.400,3248.8000,3856,-1,18527820.000,1,0,1,双平,S,3248.6000,3244.6000,3243.8000,3243.6000,3231.8000,3250.0000,3250.6000,3250.8000,3251.0000,3255.0000,1,1,1,1,1,1,1,2,1,1
SF,IH2103,2020-08-27 09:30:31.900,3248.6000,3855,-1,19502400.000,1,0,1,双平,S,3244.6000,3243.8000,3243.6000,3231.8000,3230.2000,3250.0000,3250.8000,3251.0000,3252.2000,3255.0000,1,1,1,1,1,1,1,1,1,1
SF,IH2103,2020-08-27 09:30:32.400,3248.6000,3855,0,19502400.000,0,-,-,-,-,3248.0000,3244.6000,3243.8000,3243.6000,3231.8000,3249.8000,3250.0000,3252.2000,3255.0000,3255.4000,1,1,1,1,1,1,1,1,1,4
SF,IH2103,2020-08-27 09:30:32.900,3248.6000,3855,0,19502400.000,0,-,-,-,-,3244.6000,3243.8000,3243.6000,3231.8000,3230.2000,3250.0000,3252.2000,3255.0000,3255.4000,3255.6000,1,1,1,1,1,1,1,1,4,2
SF,IH2103,2020-08-27 09:30:33.400,3248.6000,3855,0,19502400.000,0,-,-,-,-,3244.6000,3243.8000,3243.6000,3231.8000,3230.2000,3249.8000,3250.0000,3252.2000,3253.0000,3255.0000,1,1,1,1,1,1,1,1,1,1
SF,IH2103,2020-08-27 09:30:33.900,3248.6000,3855,0,19502400.000,0,-,-,-,-,3249.4000,3249.0000,3244.8000,3244.6000,3243.8000,3249.8000,3250.0000,3253.0000,3254.8000,3255.0000,1,1,1,1,1,1,1,1,1,1
SF,IH2103,2020-08-27 09:30:34.400,3248.6000,3855,0,19502400.000,0,-,-,-,-,3244.6000,3243.8000,3243.6000,3231.8000,3230.2000,3250.0000,3253.0000,3254.8000,3255.0000,3255.4000,1,1,1,1,1,1,1,1,1,4
SF,IH2103,2020-08-27 09:30:34.900,3248.6000,3855,0,19502400.000,0,-,-,-,-,3244.6000,3243.8000,3243.6000,3231.8000,3230.2000,3249.8000,3250.0000,3253.0000,3254.8000,3255.0000,1,1,1,1,1,1,1,1,1,1
SF,IH2103,2020-08-27 09:30:35.400,3248.6000,3855,0,19502400.000,0,-,-,-,-,3248.0000,3247.6000,3244.6000,3243.8000,3243.6000,3249.8000,3250.0000,3253.0000,3254.8000,3255.0000,1,1,1,1,1,1,1,1,1,1
SF,IH2103,2020-08-27 09:30:35.900,3248.6000,3855,0,19502400.000,0,-,-,-,-,3244.6000,3243.8000,3243.6000,3231.8000,3230.2000,3250.0000,3253.0000,3254.8000,3255.0000,3255.4000,1,1,1,1,1,1,1,1,1,4
SF,IH2103,2020-08-27 09:30:36.400,3248.6000,3855,0,19502400.000,0,-,-,-,-,3244.6000,3243.8000,3243.6000,3231.8000,3230.2000,3249.6000,3249.8000,3250.0000,3251.6000,3253.0000,1,1,1,1,1,1,3,1,1,1
SF,IH2103,2020-08-27 09:30:36.900,3248.6000,3855,0,19502400.000,0,-,-,-,-,3248.0000,3247.6000,3244.6000,3243.8000,3243.6000,3249.4000,3249.6000,3249.8000,3250.0000,3253.0000,1,1,1,1,1,2,1,2,1,1
SF,IH2103,2020-08-27 09:30:37.400,3248.6000,3855,0,19502400.000,0,-,-,-,-,3244.6000,3243.8000,3243.6000,3238.6000,3231.8000,3249.2000,3249.4000,3249.8000,3250.0000,3253.0000,1,1,1,2,1,2,1,2,1,1
SF,IH2103,2020-08-27 09:30:37.900,3248.6000,3855,0,19502400.000,0,-,-,-,-,3244.6000,3243.8000,3243.6000,3238.6000,3231.8000,3249.0000,3249.2000,3249.4000,3249.8000,3253.0000,1,1,1,2,1,2,3,1,2,1
SF,IH2103,2020-08-27 09:30:38.400,3248.6000,3855,0,19502400.000,0,-,-,-,-,3246.8000,3244.6000,3243.8000,3243.6000,3238.6000,3248.8000,3249.0000,3249.2000,3249.4000,3249.8000,1,1,1,1,2,1,2,1,1,2
SF,IH2103,2020-08-27 09:30:38.900,3248.6000,3855,0,19502400.000,0,-,-,-,-,3244.6000,3243.8000,3243.6000,3238.6000,3231.8000,3248.8000,3249.0000,3249.2000,3249.4000,3249.8000,1,1,1,2,1,1,2,1,1,2
SF,IH2103,2020-08-27 09:30:39.400,3248.6000,3855,0,19502400.000,0,-,-,-,-,3244.6000,3243.8000,3243.6000,3238.6000,3231.8000,3248.2000,3248.6000,3248.8000,3249.0000,3249.2000,1,1,1,2,1,1,3,1,1,1
SF,IH2103,2020-08-27 09:30:39.900,3248.6000,3855,0,19502400.000,0,-,-,-,-,3244.6000,3243.8000,3243.6000,3238.6000,3231.8000,3248.0000,3248.2000,3248.6000,3249.0000,3249.2000,1,1,1,2,1,2,1,2,1,1
SF,IH2103,2020-08-27 09:30:40.400,3248.6000,3855,0,19502400.000,0,-,-,-,-,3244.6000,3243.8000,3243.6000,3238.6000,3231.8000,3247.8000,3248.0000,3248.2000,3248.6000,3249.0000,1,1,1,2,1,1,2,1,2,1
SF,IH2103,2020-08-27 09:30:40.900,3248.6000,3855,0,19502400.000,0,-,-,-,-,3243.8000,3243.6000,3238.6000,3231.8000,3230.2000,3247.4000,3247.6000,3247.8000,3248.2000,3248.6000,1,1,2,1,1,1,1,1,1,2
SF,IH2103,2020-08-27 09:30:41.400,3248.6000,3855,0,19502400.000,0,-,-,-,-,3244.2000,3243.8000,3243.6000,3238.6000,3231.8000,3247.2000,3247.4000,3247.8000,3248.2000,3248.6000,1,1,1,2,1,1,1,1,1,2
SF,IH2103,2020-08-27 09:30:41.900,3248.6000,3855,0,19502400.000,0,-,-,-,-,3244.2000,3243.8000,3243.6000,3238.6000,3231.8000,3247.2000,3247.4000,3247.8000,3248.2000,3248.6000,1,1,1,2,1,1,1,1,1,2
SF,IH2103,2020-08-27 09:30:42.400,3248.6000,3855,0,19502400.000,0,-,-,-,-,3244.6000,3244.2000,3243.8000,3243.6000,3238.6000,3247.2000,3247.8000,3248.2000,3248.6000,3249.0000,1,1,1,1,2,1,1,1,2,1
SF,IH2103,2020-08-27 09:30:42.900,3248.6000,3855,0,19502400.000,0,-,-,-,-,3244.6000,3244.2000,3243.8000,3243.6000,3238.6000,3247.2000,3248.2000,3248.6000,3249.0000,3250.4000,1,1,1,1,2,1,1,2,1,1
SF,IH2103,2020-08-27 09:30:43.400,3248.6000,3855,0,19502400.000,0,-,-,-,-,3246.2000,3245.8000,3244.6000,3244.2000,3243.8000,3247.2000,3248.2000,3248.6000,3249.0000,3250.4000,1,1,1,1,1,1,1,2,1,1
SF,IH2103,2020-08-27 09:30:43.900,3248.6000,3855,0,19502400.000,0,-,-,-,-,3244.6000,3244.2000,3243.8000,3243.6000,3238.6000,3248.6000,3249.0000,3250.4000,3251.6000,3252.0000,1,1,1,1,2,2,1,1,1,1
SF,IH2103,2020-08-27 09:30:44.400,3248.6000,3855,0,19502400.000,0,-,-,-,-,3244.6000,3244.2000,3243.8000,3243.6000,3238.6000,3245.0000,3248.4000,3248.6000,3249.0000,3250.4000,1,1,1,1,2,1,1,2,1,1
SF,IH2103,2020-08-27 09:30:44.900,3245.0000,3854,-1,20475900.000,1,0,1,双平,S,3245.6000,3245.2000,3245.0000,3244.6000,3244.2000,3248.4000,3248.6000,3250.4000,3251.6000,3252.0000,1,1,2,1,1,1,1,1,1,1
SF,IH2103,2020-08-27 09:30:45.400,3245.0000,3854,0,20475900.000,0,-,-,-,-,3245.8000,3245.0000,3244.6000,3243.8000,3243.6000,3248.4000,3248.6000,3250.4000,3251.6000,3252.0000,1,2,1,1,1,1,1,1,1,1
SF,IH2103,2020-08-27 09:30:45.900,3245.0000,3854,0,20475900.000,0,-,-,-,-,3246.2000,3245.8000,3245.0000,3243.8000,3243.6000,3248.4000,3248.6000,3250.4000,3251.6000,3252.0000,1,1,2,1,1,1,1,1,1,1
SF,IH2103,2020-08-27 09:30:46.400,3245.0000,3854,0,20475900.000,0,-,-,-,-,3247.8000,3247.4000,3246.2000,3245.8000,3245.0000,3248.4000,3248.6000,3251.6000,3252.0000,3253.0000,1,1,1,1,2,1,1,1,1,1
SF,IH2103,2020-08-27 09:30:46.900,3245.0000,3854,0,20475900.000,0,-,-,-,-,3246.2000,3245.8000,3245.0000,3243.8000,3243.6000,3248.2000,3248.6000,3252.0000,3253.0000,3254.4000,1,1,2,1,1,1,1,1,1,1
SF,IH2103,2020-08-27 09:30:47.400,3245.0000,3854,0,20475900.000,0,-,-,-,-,3247.6000,3247.2000,3246.2000,3245.8000,3245.0000,3248.2000,3252.0000,3253.0000,3254.4000,3255.4000,1,1,1,1,2,1,1,1,1,4
SF,IH2103,2020-08-27 09:30:47.900,3245.0000,3854,0,20475900.000,0,-,-,-,-,3246.2000,3245.8000,3245.0000,3243.8000,3243.6000,3248.2000,3252.0000,3253.0000,3254.4000,3255.4000,1,1,2,1,1,1,1,1,1,4
SF,IH2103,2020-08-27 09:30:48.400,3245.0000,3854,0,20475900.000,0,-,-,-,-,3246.2000,3245.8000,3245.0000,3243.8000,3243.6000,3248.2000,3252.0000,3253.0000,3254.4000,3255.4000,1,1,2,1,1,1,1,1,1,4
SF,IH2103,2020-08-27 09:30:50.400,3245.0000,3854,0,20475900.000,0,-,-,-,-,3246.2000,3245.8000,3245.0000,3243.8000,3243.6000,3252.0000,3253.0000,3254.4000,3255.4000,3255.6000,1,1,2,1,1,1,1,1,4,3
SF,IH2103,2020-08-27 09:30:50.900,3245.0000,3854,0,20475900.000,0,-,-,-,-,3246.2000,3245.8000,3245.0000,3243.8000,3243.6000,3251.4000,3251.8000,3252.0000,3253.0000,3254.4000,1,1,2,1,1,2,2,1,1,1
SF,IH2103,2020-08-27 09:30:51.400,3245.0000,3854,0,20475900.000,0,-,-,-,-,3246.2000,3245.8000,3245.0000,3243.8000,3243.6000,3251.0000,3251.2000,3251.4000,3251.8000,3252.0000,1,1,2,1,1,1,1,2,1,1
SF,IH2103,2020-08-27 09:30:51.900,3245.0000,3854,0,20475900.000,0,-,-,-,-,3246.2000,3245.8000,3245.0000,3243.8000,3243.6000,3250.4000,3250.6000,3250.8000,3251.0000,3251.4000,1,1,2,1,1,1,1,1,1,1
SF,IH2103,2020-08-27 09:30:52.400,3245.0000,3854,0,20475900.000,0,-,-,-,-,3246.2000,3245.8000,3245.0000,3243.8000,3238.6000,3249.8000,3250.2000,3250.4000,3250.6000,3251.0000,1,1,2,1,2,1,2,1,1,1
SF,IH2103,2020-08-27 09:30:52.900,3245.0000,3854,0,20475900.000,0,-,-,-,-,3248.2000,3246.2000,3245.8000,3245.0000,3243.8000,3249.2000,3249.6000,3249.8000,3250.2000,3250.6000,1,1,1,2,1,1,1,1,1,1
SF,IH2103,2020-08-27 09:30:53.400,3245.0000,3854,0,20475900.000,0,-,-,-,-,3248.2000,3246.2000,3245.8000,3245.0000,3243.8000,3249.2000,3249.8000,3250.2000,3250.6000,3251.0000,1,1,1,2,1,1,1,1,1,1
SF,IH2103,2020-08-27 09:30:54.400,3245.0000,3854,0,20475900.000,0,-,-,-,-,3248.2000,3246.2000,3245.8000,3245.0000,3243.8000,3249.8000,3250.2000,3250.6000,3251.0000,3253.0000,1,1,1,2,1,1,1,1,1,1
SF,IH2103,2020-08-27 09:30:54.900,3245.0000,3854,0,20475900.000,0,-,-,-,-,3248.2000,3246.2000,3245.8000,3245.0000,3243.8000,3249.4000,3249.8000,3250.2000,3250.6000,3251.0000,1,1,1,1,1,1,1,1,1,1
SF,IH2103,2020-08-27 09:30:55.900,3249.4000,3853,-1,21450720.000,1,0,1,双平,S,3248.2000,3246.2000,3245.8000,3245.0000,3243.8000,3250.2000,3250.6000,3251.0000,3253.0000,3254.4000,1,1,1,1,1,1,1,1,1,1
SF,IH2103,2020-08-27 09:30:56.900,3249.4000,3853,0,21450720.000,0,-,-,-,-,3248.2000,3246.2000,3245.8000,3245.0000,3243.8000,3250.2000,3250.6000,3251.0000,3253.0000,3254.4000,1,1,1,1,1,1,1,1,1,1
SF,IH2103,2020-08-27 09:30:57.400,3249.4000,3853,0,21450720.000,0,-,-,-,-,3248.2000,3246.2000,3245.8000,3245.0000,3243.8000,3250.0000,3250.2000,3250.6000,3251.0000,3253.0000,1,1,1,1,1,1,1,1,1,1
SF,IH2103,2020-08-27 09:30:57.900,3249.4000,3853,0,21450720.000,0,-,-,-,-,3248.2000,3246.2000,3245.8000,3245.0000,3243.8000,3249.8000,3250.0000,3250.2000,3250.6000,3251.0000,1,1,1,1,1,1,1,1,1,1
SF,IH2103,2020-08-27 09:30:58.400,3249.4000,3853,0,21450720.000,0,-,-,-,-,3248.2000,3245.8000,3245.0000,3243.8000,3238.6000,3249.4000,3249.6000,3249.8000,3250.0000,3250.2000,1,1,1,1,2,1,1,1,1,1
SF,IH2103,2020-08-27 09:30:58.900,3248.2000,3853,0,22425180.000,1,0,1,多换,S,3245.8000,3245.0000,3243.8000,3238.6000,3231.8000,3248.2000,3249.0000,3249.4000,3249.6000,3249.8000,1,1,1,2,1,1,1,1,1,1
SF,IH2103,2020-08-27 09:30:59.400,3248.0000,3852,-1,24374040.000,2,0,2,多平,S,3247.6000,3246.0000,3245.8000,3245.0000,3243.8000,3249.0000,3249.4000,3249.8000,3250.2000,3253.0000,1,1,1,1,1,1,1,1,1,1
SF,IH2103,2020-08-27 09:30:59.900,3248.0000,3852,0,24374040.000,0,-,-,-,-,3246.0000,3245.8000,3245.0000,3243.8000,3238.6000,3249.4000,3249.8000,3250.2000,3253.0000,3254.4000,1,1,1,1,2,1,1,1,1,1
SF,IH2103,2020-08-27 09:31:00.400,3248.0000,3852,0,24374040.000,0,-,-,-,-,3246.6000,3246.2000,3246.0000,3245.8000,3245.0000,3249.4000,3249.8000,3250.2000,3253.0000,3254.4000,1,2,1,1,1,1,1,1,1,1
SF,IH2103,2020-08-27 09:31:00.900,3248.0000,3852,0,24374040.000,0,-,-,-,-,3246.8000,3246.6000,3246.2000,3245.8000,3245.0000,3249.8000,3250.2000,3253.0000,3254.4000,3255.4000,1,1,2,1,1,1,1,1,1,4
SF,IH2103,2020-08-27 09:31:01.400,3248.0000,3852,0,24374040.000,0,-,-,-,-,3246.8000,3246.6000,3246.2000,3245.8000,3245.0000,3249.6000,3249.8000,3250.2000,3253.0000,3254.4000,1,1,2,1,1,1,1,1,1,1
SF,IH2103,2020-08-27 09:31:04.900,3248.0000,3852,0,24374040.000,0,-,-,-,-,3247.0000,3246.8000,3246.6000,3246.2000,3245.8000,3249.6000,3249.8000,3250.2000,3253.0000,3254.4000,1,1,1,2,1,1,1,1,1,1
SF,IH2103,2020-08-27 09:31:05.400,3248.0000,3852,0,24374040.000,0,-,-,-,-,3248.6000,3247.2000,3247.0000,3246.6000,3246.2000,3249.6000,3249.8000,3250.2000,3253.0000,3254.4000,1,2,1,1,2,1,1,1,1,1
SF,IH2103,2020-08-27 09:31:05.900,3248.0000,3852,0,24374040.000,0,-,-,-,-,3247.2000,3247.0000,3246.6000,3246.2000,3245.8000,3249.6000,3253.0000,3254.4000,3255.4000,3255.6000,2,1,1,1,1,1,1,1,4,3
SF,IH2103,2020-08-27 09:31:06.400,3248.0000,3852,0,24374040.000,0,-,-,-,-,3247.4000,3247.2000,3247.0000,3246.6000,3246.2000,3249.6000,3253.0000,3254.4000,3255.4000,3255.6000,1,2,1,1,1,1,1,1,4,3
SF,IH2103,2020-08-27 09:31:06.900,3248.0000,3852,0,24374040.000,0,-,-,-,-,3248.4000,3247.4000,3247.2000,3247.0000,3246.6000,3249.6000,3253.0000,3254.4000,3255.4000,3255.6000,1,1,2,1,1,1,1,1,4,3
SF,IH2103,2020-08-27 09:31:07.400,3248.0000,3852,0,24374040.000,0,-,-,-,-,3247.4000,3247.2000,3247.0000,3246.6000,3246.2000,3249.6000,3253.0000,3254.4000,3255.4000,3255.6000,1,2,1,1,1,1,1,1,4,3
SF,IH2103,2020-08-27 09:31:07.900,3248.0000,3852,0,24374040.000,0,-,-,-,-,3247.6000,3247.4000,3247.2000,3247.0000,3246.6000,3249.6000,3253.0000,3254.4000,3255.4000,3255.6000,1,1,2,1,1,1,1,1,4,3
SF,IH2103,2020-08-27 09:31:08.400,3248.0000,3852,0,24374040.000,0,-,-,-,-,3248.8000,3247.6000,3247.4000,3247.2000,3247.0000,3253.0000,3254.4000,3255.4000,3255.6000,3256.0000,1,1,1,2,1,1,1,4,3,2
SF,IH2103,2020-08-27 09:31:08.900,3248.0000,3852,0,24374040.000,0,-,-,-,-,3249.0000,3247.4000,3247.0000,3246.6000,3246.2000,3252.8000,3253.0000,3254.4000,3255.4000,3255.6000,1,1,1,1,1,2,1,1,4,3
SF,IH2103,2020-08-27 09:31:09.400,3248.0000,3852,0,24374040.000,0,-,-,-,-,3249.0000,3247.4000,3247.0000,3246.6000,3246.2000,3252.2000,3252.6000,3252.8000,3253.0000,3254.4000,1,1,1,1,1,1,1,2,1,1
SF,IH2103,2020-08-27 09:31:09.900,3248.0000,3852,0,24374040.000,0,-,-,-,-,3249.0000,3247.4000,3247.0000,3246.6000,3246.2000,3251.8000,3252.0000,3252.2000,3252.6000,3252.8000,1,1,1,1,1,1,2,1,1,1
SF,IH2103,2020-08-27 09:31:10.400,3248.0000,3852,0,24374040.000,0,-,-,-,-,3249.0000,3247.4000,3247.0000,3246.6000,3246.2000,3251.4000,3251.6000,3251.8000,3252.0000,3252.2000,1,1,1,1,1,1,1,1,1,1
SF,IH2103,2020-08-27 09:31:10.900,3248.0000,3852,0,24374040.000,0,-,-,-,-,3249.0000,3247.4000,3247.0000,3246.6000,3246.2000,3251.0000,3251.2000,3251.4000,3251.8000,3252.0000,1,1,1,1,1,1,1,1,1,1
SF,IH2103,2020-08-27 09:31:11.400,3248.0000,3852,0,24374040.000,0,-,-,-,-,3249.0000,3247.4000,3247.0000,3246.6000,3246.2000,3250.6000,3250.8000,3251.0000,3251.4000,3251.8000,1,1,1,1,1,1,1,1,1,1
SF,IH2103,2020-08-27 09:31:11.900,3248.0000,3852,0,24374040.000,0,-,-,-,-,3247.4000,3247.0000,3246.6000,3246.2000,3238.6000,3250.6000,3250.8000,3251.0000,3251.4000,3251.8000,1,1,1,1,2,1,1,1,1,1
SF,IH2103,2020-08-27 09:31:12.400,3248.0000,3852,0,24374040.000,0,-,-,-,-,3249.2000,3247.6000,3247.4000,3247.0000,3246.6000,3250.6000,3250.8000,3251.0000,3251.4000,3251.8000,1,2,1,1,1,1,1,1,1,1
SF,IH2103,2020-08-27 09:31:12.900,3248.0000,3852,0,24374040.000,0,-,-,-,-,3247.6000,3247.4000,3247.0000,3246.6000,3246.2000,3250.8000,3251.0000,3251.4000,3251.8000,3253.0000,2,1,1,1,1,1,1,1,1,1
SF,IH2103,2020-08-27 09:31:13.400,3248.0000,3852,0,24374040.000,0,-,-,-,-,3248.2000,3247.8000,3247.6000,3247.4000,3247.0000,3250.8000,3251.0000,3251.4000,3251.8000,3253.0000,1,2,2,1,1,1,1,1,1,1
SF,IH2103,2020-08-27 09:31:13.900,3248.0000,3852,0,24374040.000,0,-,-,-,-,3248.4000,3248.2000,3247.8000,3247.6000,3247.4000,3250.8000,3251.0000,3251.4000,3251.8000,3253.0000,1,1,2,1,1,1,1,1,1,1
SF,IH2103,2020-08-27 09:31:14.400,3248.0000,3852,0,24374040.000,0,-,-,-,-,3248.6000,3248.4000,3248.2000,3247.8000,3247.4000,3250.6000,3250.8000,3251.0000,3251.4000,3251.8000,1,1,1,1,1,1,1,1,1,1
SF,IH2103,2020-08-27 09:31:14.900,3248.0000,3852,0,24374040.000,0,-,-,-,-,3248.6000,3248.4000,3248.2000,3247.8000,3247.4000,3250.6000,3250.8000,3251.4000,3251.8000,3253.0000,1,1,1,1,1,1,1,1,1,1
SF,IH2103,2020-08-27 09:31:15.400,3248.0000,3850,-2,26322840.000,2,0,2,双平,S,3249.0000,3248.4000,3248.2000,3247.8000,3247.0000,3250.6000,3250.8000,3251.4000,3253.0000,3254.4000,1,1,1,1,1,1,1,1,1,1
SF,IH2103,2020-08-27 09:31:15.900,3248.0000,3850,0,26322840.000,0,-,-,-,-,3249.0000,3248.4000,3248.2000,3247.8000,3247.0000,3250.4000,3250.6000,3254.4000,3255.4000,3255.6000,1,1,1,1,1,1,1,1,4,4
SF,IH2103,2020-08-27 09:31:16.400,3250.2000,3850,0,27297900.000,1,0,1,多换,S,3249.0000,3248.2000,3247.8000,3247.0000,3238.6000,3250.4000,3250.6000,3254.4000,3255.4000,3255.6000,1,1,1,1,2,1,1,1,4,4
SF,IH2103,2020-08-27 09:31:17.400,3250.2000,3850,0,27297900.000,0,-,-,-,-,3249.0000,3248.2000,3247.8000,3247.0000,3238.6000,3250.0000,3250.4000,3250.6000,3254.4000,3255.4000,1,1,1,1,2,1,1,1,1,4
SF,IH2103,2020-08-27 09:31:17.900,3250.0000,3849,-1,28272900.000,1,0,1,双平,S,3249.0000,3248.2000,3247.8000,3247.0000,3238.6000,3250.4000,3254.4000,3255.4000,3255.6000,3256.0000,1,1,1,1,2,1,1,4,4,2
SF,IH2103,2020-08-27 09:31:25.900,3250.0000,3849,0,28272900.000,0,-,-,-,-,3249.0000,3248.2000,3247.8000,3247.0000,3238.6000,3250.4000,3254.4000,3255.4000,3255.6000,3256.0000,1,1,1,1,2,1,1,4,3,2
SF,IH2103,2020-08-27 09:31:26.400,3250.0000,3849,0,28272900.000,0,-,-,-,-,3248.2000,3247.8000,3247.0000,3238.6000,3231.8000,3250.4000,3254.4000,3255.4000,3255.6000,3256.0000,1,1,1,2,1,1,1,4,3,2
SF,IH2103,2020-08-27 09:31:26.900,3250.0000,3849,0,28272900.000,0,-,-,-,-,3247.0000,3238.6000,3231.8000,3230.2000,3212.4000,3250.4000,3254.4000,3255.4000,3255.6000,3256.0000,1,2,1,1,8,1,1,4,3,2
SF,IH2103,2020-08-27 09:31:27.400,3250.0000,3849,0,28272900.000,0,-,-,-,-,3238.6000,3231.8000,3230.2000,3212.4000,3200.2000,3250.2000,3250.4000,3254.4000,3255.4000,3255.6000,2,1,1,8,1,1,1,1,4,3
SF,IH2103,2020-08-27 09:31:27.900,3250.0000,3849,0,28272900.000,0,-,-,-,-,3240.4000,3240.0000,3239.0000,3238.8000,3238.6000,3249.8000,3250.0000,3250.2000,3254.4000,3255.4000,1,1,2,3,2,1,1,1,1,4
SF,IH2103,2020-08-27 09:31:28.400,3250.0000,3849,0,28272900.000,0,-,-,-,-,3243.8000,3241.0000,3240.6000,3240.4000,3240.0000,3249.6000,3249.8000,3254.4000,3255.4000,3255.6000,2,1,3,1,1,2,2,1,4,3
SF,IH2103,2020-08-27 09:31:28.900,3250.0000,3849,0,28272900.000,0,-,-,-,-,3244.2000,3244.0000,3243.8000,3240.6000,3240.4000,3249.0000,3249.6000,3249.8000,3254.4000,3255.4000,1,2,2,2,1,1,2,2,1,4
SF,IH2103,2020-08-27 09:31:29.400,3250.0000,3849,0,28272900.000,0,-,-,-,-,3244.6000,3244.4000,3244.2000,3244.0000,3243.8000,3248.8000,3249.0000,3249.8000,3250.0000,3254.4000,1,1,1,1,2,2,1,2,1,1
SF,IH2103,2020-08-27 09:31:29.900,3250.0000,3849,0,28272900.000,0,-,-,-,-,3245.0000,3244.6000,3244.4000,3244.2000,3244.0000,3248.8000,3249.0000,3249.8000,3250.0000,3254.4000,1,1,1,1,1,2,1,2,1,1
SF,IH2103,2020-08-27 09:31:30.400,3250.0000,3849,0,28272900.000,0,-,-,-,-,3245.4000,3245.0000,3244.6000,3244.4000,3244.2000,3248.8000,3249.0000,3249.8000,3250.0000,3254.4000,1,1,1,1,1,2,1,2,1,1
SF,IH2103,2020-08-27 09:31:30.900,3250.0000,3849,0,28272900.000,0,-,-,-,-,3245.8000,3245.4000,3245.0000,3244.6000,3244.4000,3248.8000,3249.0000,3249.8000,3250.0000,3254.4000,1,1,1,1,1,2,1,2,1,1
SF,IH2103,2020-08-27 09:31:31.400,3250.0000,3849,0,28272900.000,0,-,-,-,-,3245.8000,3245.4000,3245.0000,3244.6000,3244.4000,3248.8000,3249.0000,3249.8000,3250.0000,3254.4000,1,1,1,1,1,2,1,2,1,1
SF,IH2103,2020-08-27 09:31:31.900,3250.0000,3849,0,28272900.000,0,-,-,-,-,3246.8000,3245.8000,3245.4000,3245.0000,3244.6000,3248.8000,3249.0000,3249.8000,3250.0000,3254.4000,1,1,1,1,1,2,1,2,1,1
SF,IH2103,2020-08-27 09:31:32.400,3250.0000,3849,0,28272900.000,0,-,-,-,-,3246.8000,3245.8000,3245.4000,3245.0000,3244.6000,3248.8000,3249.0000,3249.8000,3250.0000,3254.4000,1,1,1,1,1,2,1,2,1,1
SF,IH2103,2020-08-27 09:31:32.900,3250.0000,3849,0,28272900.000,0,-,-,-,-,3246.8000,3245.8000,3245.4000,3245.0000,3244.6000,3248.8000,3249.0000,3249.8000,3250.0000,3254.4000,1,1,1,1,1,2,1,1,1,1
SF,IH2103,2020-08-27 09:31:33.400,3250.0000,3849,0,28272900.000,0,-,-,-,-,3246.8000,3245.8000,3245.4000,3245.0000,3244.6000,3248.8000,3249.0000,3249.8000,3250.0000,3254.4000,1,1,1,1,1,2,1,1,1,1
SF,IH2103,2020-08-27 09:31:33.900,3250.0000,3849,0,28272900.000,0,-,-,-,-,3245.8000,3245.4000,3245.0000,3244.6000,3240.6000,3248.8000,3249.0000,3249.8000,3250.0000,3254.4000,1,1,1,1,1,2,1,1,1,1
SF,IH2103,2020-08-27 09:31:34.400,3250.0000,3849,0,28272900.000,0,-,-,-,-,3246.4000,3245.8000,3245.4000,3245.0000,3244.6000,3248.8000,3249.0000,3249.8000,3250.0000,3254.4000,1,1,1,1,1,2,1,1,1,1
SF,IH2103,2020-08-27 09:31:39.400,3246.4000,3848,-1,29246820.000,1,0,1,双平,S,3245.8000,3245.0000,3244.6000,3240.6000,3238.8000,3248.2000,3248.6000,3248.8000,3249.0000,3250.0000,1,1,1,1,2,1,1,2,1,1
SF,IH2103,2020-08-27 09:31:39.900,3246.4000,3848,0,29246820.000,0,-,-,-,-,3246.0000,3245.0000,3244.6000,3240.6000,3238.8000,3247.8000,3248.0000,3248.2000,3248.6000,3249.0000,1,1,1,1,2,1,1,1,1,1
SF,IH2103,2020-08-27 09:31:40.400,3246.4000,3848,0,29246820.000,0,-,-,-,-,3245.0000,3240.6000,3238.8000,3238.6000,3231.8000,3247.6000,3248.2000,3248.6000,3249.0000,3250.0000,1,1,2,2,1,1,1,1,1,1
SF,IH2103,2020-08-27 09:31:40.900,3246.4000,3848,0,29246820.000,0,-,-,-,-,3245.8000,3245.2000,3245.0000,3240.6000,3238.8000,3247.6000,3248.2000,3248.6000,3249.0000,3250.0000,1,6,1,1,2,1,1,1,1,1
SF,IH2103,2020-08-27 09:31:41.400,3246.4000,3848,0,29246820.000,0,-,-,-,-,3245.2000,3245.0000,3240.6000,3238.8000,3238.6000,3247.6000,3248.2000,3248.6000,3249.0000,3250.0000,1,1,1,2,2,1,1,1,1,1
SF,IH2103,2020-08-27 09:31:41.900,3246.4000,3848,0,29246820.000,0,-,-,-,-,3245.2000,3245.0000,3240.6000,3238.8000,3238.6000,3247.6000,3248.2000,3248.6000,3249.0000,3250.0000,1,1,1,2,2,1,1,1,1,1
SF,IH2103,2020-08-27 09:31:42.400,3246.4000,3848,0,29246820.000,0,-,-,-,-,3245.2000,3245.0000,3240.6000,3238.8000,3238.6000,3247.4000,3247.6000,3248.2000,3248.6000,3249.0000,1,1,1,2,2,1,1,1,1,1
SF,IH2103,2020-08-27 09:31:42.900,3246.4000,3848,0,29246820.000,0,-,-,-,-,3245.2000,3245.0000,3240.6000,3238.8000,3238.6000,3247.2000,3248.2000,3248.6000,3249.0000,3250.0000,1,1,1,2,2,1,1,1,1,1
SF,IH2103,2020-08-27 09:31:43.400,3246.4000,3848,0,29246820.000,0,-,-,-,-,3245.2000,3245.0000,3240.6000,3238.8000,3238.6000,3247.2000,3249.0000,3250.0000,3251.0000,3255.4000,1,1,1,2,2,1,1,1,1,4
SF,IH2103,2020-08-27 09:31:46.900,3246.4000,3848,0,29246820.000,0,-,-,-,-,3245.2000,3245.0000,3240.6000,3238.8000,3238.6000,3247.2000,3249.0000,3250.0000,3251.0000,3255.4000,1,1,1,2,2,1,1,1,1,4
SF,IH2103,2020-08-27 09:31:48.400,3246.4000,3848,0,29246820.000,0,-,-,-,-,3245.2000,3245.0000,3240.6000,3238.8000,3238.6000,3247.2000,3249.0000,3251.0000,3255.4000,3255.6000,1,1,1,2,2,1,1,1,4,3
SF,IH2103,2020-08-27 09:31:53.400,3246.4000,3848,0,29246820.000,0,-,-,-,-,3245.2000,3245.0000,3244.2000,3240.6000,3238.8000,3247.2000,3249.0000,3251.0000,3255.4000,3255.6000,1,1,1,1,2,1,1,1,4,3
SF,IH2103,2020-08-27 09:31:53.900,3246.4000,3848,0,29246820.000,0,-,-,-,-,3245.0000,3244.2000,3240.6000,3238.8000,3238.6000,3247.2000,3249.0000,3251.0000,3255.4000,3255.6000,1,1,1,2,2,1,1,1,4,3
SF,IH2103,2020-08-27 09:31:54.900,3246.4000,3848,0,29246820.000,0,-,-,-,-,3245.0000,3240.6000,3238.8000,3238.6000,3231.8000,3247.2000,3249.0000,3251.0000,3255.4000,3255.6000,1,1,2,2,1,1,1,1,4,3
SF,IH2103,2020-08-27 09:31:55.400,3246.4000,3848,0,29246820.000,0,-,-,-,-,3245.0000,3244.8000,3240.6000,3238.8000,3238.6000,3247.2000,3249.0000,3251.0000,3255.4000,3255.6000,1,1,1,2,2,1,1,1,4,3
SF,IH2103,2020-08-27 09:31:56.400,3246.4000,3848,0,29246820.000,0,-,-,-,-,3245.4000,3245.0000,3244.8000,3240.6000,3238.8000,3247.2000,3249.0000,3253.4000,3255.4000,3255.6000,1,1,1,1,2,1,1,1,4,3
SF,IH2103,2020-08-27 09:31:56.900,3247.2000,3848,0,30220980.000,1,0,1,多换,S,3247.2000,3245.8000,3245.4000,3245.0000,3244.8000,3249.0000,3253.4000,3255.4000,3255.6000,3256.0000,1,1,1,1,1,1,1,4,3,2
SF,IH2103,2020-08-27 09:31:57.400,3247.2000,3848,0,30220980.000,0,-,-,-,-,3245.8000,3245.4000,3245.2000,3245.0000,3244.8000,3248.8000,3249.0000,3253.4000,3255.4000,3255.6000,1,1,1,1,1,1,1,1,4,3
SF,IH2103,2020-08-27 09:31:57.900,3247.2000,3848,0,30220980.000,0,-,-,-,-,3245.8000,3245.4000,3245.2000,3245.0000,3244.8000,3248.6000,3248.8000,3249.0000,3253.4000,3255.4000,1,1,1,1,1,1,1,1,1,4
SF,IH2103,2020-08-27 09:31:58.400,3247.2000,3848,0,30220980.000,0,-,-,-,-,3245.8000,3245.4000,3245.2000,3245.0000,3244.8000,3248.4000,3248.6000,3249.0000,3253.4000,3255.4000,1,1,1,1,1,1,1,1,1,4
SF,IH2103,2020-08-27 09:31:58.900,3247.2000,3848,0,30220980.000,0,-,-,-,-,3245.8000,3245.4000,3245.2000,3245.0000,3244.8000,3248.2000,3248.4000,3249.0000,3253.4000,3255.4000,1,1,1,1,1,1,1,1,1,4
SF,IH2103,2020-08-27 09:31:59.400,3247.2000,3848,0,30220980.000,0,-,-,-,-,3246.0000,3245.8000,3245.4000,3245.2000,3245.0000,3248.2000,3248.4000,3249.0000,3253.4000,3255.4000,1,1,1,1,1,1,1,1,1,4
SF,IH2103,2020-08-27 09:31:59.900,3247.2000,3848,0,30220980.000,0,-,-,-,-,3246.0000,3245.8000,3245.4000,3245.2000,3245.0000,3248.4000,3249.0000,3253.4000,3255.4000,3255.6000,1,1,1,1,1,1,1,1,4,3
SF,IH2103,2020-08-27 09:32:00.400,3247.2000,3848,0,30220980.000,0,-,-,-,-,3246.6000,3246.2000,3246.0000,3245.8000,3245.4000,3248.4000,3253.4000,3255.4000,3255.6000,3256.0000,1,2,1,1,1,1,1,4,3,2
SF,IH2103,2020-08-27 09:32:00.900,3247.2000,3848,0,30220980.000,0,-,-,-,-,3247.2000,3246.6000,3246.2000,3246.0000,3245.8000,3248.4000,3253.4000,3255.4000,3255.6000,3256.0000,1,1,3,1,1,1,1,4,3,2
SF,IH2103,2020-08-27 09:32:01.400,3247.2000,3848,0,30220980.000,0,-,-,-,-,3247.2000,3246.6000,3246.2000,3246.0000,3245.8000,3248.4000,3253.4000,3255.4000,3255.6000,3256.0000,1,1,2,1,1,1,1,4,3,2
SF,IH2103,2020-08-27 09:32:02.400,3247.2000,3848,0,30220980.000,0,-,-,-,-,3247.2000,3246.6000,3246.2000,3246.0000,3245.8000,3248.4000,3253.4000,3255.4000,3255.6000,3256.0000,1,1,2,1,1,1,1,4,3,2
SF,IH2103,2020-08-27 09:32:03.900,3247.2000,3847,-1,31195140.000,1,0,1,双平,S,3246.6000,3246.2000,3246.0000,3245.8000,3245.4000,3248.4000,3253.4000,3255.4000,3255.6000,3256.0000,1,2,1,1,1,1,1,4,3,2
SF,IH2103,2020-08-27 09:32:04.400,3247.2000,3847,0,31195140.000,0,-,-,-,-,3246.6000,3246.2000,3245.8000,3245.4000,3240.6000,3248.4000,3253.4000,3255.4000,3255.6000,3256.0000,1,1,1,1,1,1,1,4,3,2
SF,IH2103,2020-08-27 09:32:04.900,3247.2000,3847,0,31195140.000,0,-,-,-,-,3245.8000,3245.4000,3240.6000,3238.8000,3238.6000,3248.4000,3253.4000,3255.4000,3255.6000,3256.0000,1,1,1,2,2,1,1,4,3,2
SF,IH2103,2020-08-27 09:32:05.400,3247.2000,3847,0,31195140.000,0,-,-,-,-,3245.8000,3245.4000,3240.6000,3238.8000,3238.6000,3248.2000,3248.4000,3249.6000,3253.4000,3255.4000,1,1,1,2,2,1,1,1,1,4
SF,IH2103,2020-08-27 09:32:05.900,3247.2000,3847,0,31195140.000,0,-,-,-,-,3245.8000,3245.4000,3240.6000,3238.8000,3238.6000,3248.0000,3248.2000,3249.6000,3253.4000,3255.4000,1,1,1,2,2,2,1,1,1,4
SF,IH2103,2020-08-27 09:32:06.400,3247.2000,3847,0,31195140.000,0,-,-,-,-,3246.0000,3245.8000,3245.4000,3240.6000,3238.8000,3248.0000,3248.2000,3249.6000,3253.4000,3255.4000,1,1,1,1,2,1,1,1,1,4
SF,IH2103,2020-08-27 09:32:07.400,3247.2000,3847,0,31195140.000,0,-,-,-,-,3245.8000,3245.4000,3240.6000,3238.8000,3238.6000,3247.8000,3248.0000,3248.2000,3249.6000,3253.4000,1,1,1,2,2,1,1,1,1,1
SF,IH2103,2020-08-27 09:32:07.900,3247.2000,3847,0,31195140.000,0,-,-,-,-,3240.6000,3238.8000,3238.6000,3231.8000,3230.2000,3247.6000,3247.8000,3248.2000,3249.6000,3253.4000,1,2,2,1,1,1,1,1,1,1
SF,IH2103,2020-08-27 09:32:08.400,3247.2000,3847,0,31195140.000,0,-,-,-,-,3244.4000,3241.0000,3240.8000,3240.6000,3238.8000,3247.4000,3247.6000,3249.6000,3253.4000,3255.4000,1,1,2,1,2,1,1,1,1,4
SF,IH2103,2020-08-27 09:32:08.900,3247.2000,3847,0,31195140.000,0,-,-,-,-,3245.0000,3244.6000,3241.0000,3240.8000,3240.6000,3247.2000,3247.4000,3249.6000,3253.4000,3255.4000,1,1,1,2,1,1,1,1,1,4
SF,IH2103,2020-08-27 09:32:09.400,3247.2000,3847,0,31195140.000,0,-,-,-,-,3244.6000,3243.8000,3241.0000,3240.8000,3240.6000,3247.2000,3247.4000,3249.6000,3249.8000,3253.4000,1,1,1,2,1,1,1,1,1,1
SF,IH2103,2020-08-27 09:32:09.900,3247.2000,3847,0,31195140.000,0,-,-,-,-,3244.6000,3243.8000,3241.0000,3240.8000,3240.6000,3247.0000,3247.2000,3249.6000,3249.8000,3253.4000,1,1,1,2,1,1,1,1,1,1
SF,IH2103,2020-08-27 09:32:10.400,3247.2000,3847,0,31195140.000,0,-,-,-,-,3244.6000,3243.8000,3241.0000,3240.8000,3240.6000,3246.8000,3247.0000,3249.6000,3249.8000,3253.4000,1,1,1,2,1,1,1,1,1,1
SF,IH2103,2020-08-27 09:32:10.900,3247.2000,3847,0,31195140.000,0,-,-,-,-,3243.8000,3241.0000,3240.8000,3240.6000,3238.8000,3246.8000,3247.0000,3249.6000,3249.8000,3253.4000,1,1,2,1,2,2,1,1,1,1
SF,IH2103,2020-08-27 09:32:11.400,3247.2000,3847,0,31195140.000,0,-,-,-,-,3243.8000,3241.0000,3240.8000,3240.6000,3238.8000,3246.6000,3246.8000,3249.6000,3249.8000,3253.4000,1,1,2,1,2,1,2,1,1,1
SF,IH2103,2020-08-27 09:32:11.900,3247.2000,3847,0,31195140.000,0,-,-,-,-,3244.2000,3240.8000,3240.6000,3238.8000,3238.6000,3246.4000,3246.6000,3249.6000,3249.8000,3253.4000,1,2,1,2,2,2,1,1,1,1
SF,IH2103,2020-08-27 09:32:12.400,3247.2000,3847,0,31195140.000,0,-,-,-,-,3244.2000,3240.8000,3240.6000,3238.8000,3238.6000,3246.4000,3246.6000,3249.6000,3249.8000,3253.4000,1,2,1,2,2,2,1,1,1,1
SF,IH2103,2020-08-27 09:32:12.900,3247.2000,3847,0,31195140.000,0,-,-,-,-,3240.8000,3240.6000,3238.8000,3238.6000,3231.8000,3246.4000,3246.6000,3249.6000,3249.8000,3250.2000,2,1,2,2,1,2,1,1,1,1
SF,IH2103,2020-08-27 09:32:13.400,3247.2000,3847,0,31195140.000,0,-,-,-,-,3241.4000,3241.0000,3240.8000,3240.6000,3238.8000,3246.2000,3246.4000,3249.6000,3249.8000,3250.2000,1,1,2,1,2,1,1,1,1,1
SF,IH2103,2020-08-27 09:32:13.900,3247.2000,3847,0,31195140.000,0,-,-,-,-,3241.8000,3241.6000,3241.4000,3241.0000,3240.8000,3246.0000,3246.2000,3249.6000,3249.8000,3250.2000,1,2,1,1,1,1,1,1,1,1
SF,IH2103,2020-08-27 09:32:14.400,3247.2000,3847,0,31195140.000,0,-,-,-,-,3242.2000,3242.0000,3241.8000,3241.6000,3241.4000,3245.8000,3246.0000,3249.6000,3249.8000,3250.2000,1,1,1,1,1,1,1,1,1,1
SF,IH2103,2020-08-27 09:32:14.900,3247.2000,3847,0,31195140.000,0,-,-,-,-,3242.6000,3242.4000,3242.2000,3241.8000,3241.6000,3245.6000,3245.8000,3249.6000,3249.8000,3250.2000,1,1,1,1,1,1,1,1,1,1
SF,IH2103,2020-08-27 09:32:15.400,3247.2000,3847,0,31195140.000,0,-,-,-,-,3242.8000,3242.6000,3242.2000,3241.8000,3241.6000,3245.4000,3245.6000,3249.6000,3249.8000,3250.2000,1,2,1,1,1,1,1,1,1,1
SF,IH2103,2020-08-27 09:32:15.900,3245.4000,3847,0,32168760.000,1,0,1,多换,S,3243.4000,3243.0000,3242.8000,3242.6000,3242.2000,3249.6000,3249.8000,3250.2000,3255.4000,3255.6000,1,3,1,2,1,1,1,1,4,3
SF,IH2103,2020-08-27 09:32:16.400,3245.4000,3847,0,32168760.000,0,-,-,-,-,3243.8000,3243.6000,3243.4000,3243.0000,3242.6000,3247.8000,3249.0000,3249.4000,3249.6000,3249.8000,1,1,1,2,1,4,1,2,1,1
SF,IH2103,2020-08-27 09:32:16.900,3245.4000,3847,0,32168760.000,0,-,-,-,-,3244.2000,3244.0000,3243.8000,3243.4000,3243.0000,3247.4000,3247.6000,3247.8000,3249.4000,3249.6000,1,1,1,1,2,1,1,4,1,1
SF,IH2103,2020-08-27 09:32:17.400,3245.4000,3847,0,32168760.000,0,-,-,-,-,3244.4000,3244.2000,3243.8000,3243.4000,3243.0000,3247.0000,3247.2000,3247.4000,3247.8000,3248.8000,1,1,1,1,2,1,1,1,3,1
SF,IH2103,2020-08-27 09:32:17.900,3245.4000,3847,0,32168760.000,0,-,-,-,-,3244.4000,3244.2000,3243.8000,3243.4000,3243.0000,3246.8000,3247.0000,3247.4000,3247.8000,3248.8000,1,1,1,1,2,1,1,1,3,1
SF,IH2103,2020-08-27 09:32:18.400,3245.4000,3847,0,32168760.000,0,-,-,-,-,3244.4000,3244.2000,3243.4000,3243.0000,3241.0000,3246.2000,3246.6000,3246.8000,3247.4000,3247.8000,1,1,1,2,1,1,2,1,1,3
SF,IH2103,2020-08-27 09:32:18.900,3245.4000,3847,0,32168760.000,0,-,-,-,-,3244.2000,3243.4000,3243.0000,3241.0000,3240.8000,3246.0000,3246.2000,3246.6000,3247.4000,3248.8000,1,1,2,1,1,1,1,2,1,1
SF,IH2103,2020-08-27 09:32:19.400,3245.4000,3847,0,32168760.000,0,-,-,-,-,3243.4000,3243.0000,3241.0000,3240.8000,3240.6000,3246.0000,3246.6000,3247.4000,3248.8000,3249.4000,1,2,1,1,1,1,1,1,1,1
SF,IH2103,2020-08-27 09:32:19.900,3245.4000,3847,0,32168760.000,0,-,-,-,-,3243.6000,3243.4000,3243.0000,3241.0000,3240.8000,3246.0000,3246.6000,3247.4000,3248.8000,3249.4000,1,1,2,1,1,1,1,1,1,1
SF,IH2103,2020-08-27 09:32:20.400,3245.4000,3847,0,32168760.000,0,-,-,-,-,3244.2000,3243.8000,3243.6000,3243.4000,3243.0000,3246.0000,3247.4000,3248.8000,3249.4000,3249.6000,1,1,1,1,2,1,1,1,1,1
SF,IH2103,2020-08-27 09:32:21.400,3245.4000,3847,0,32168760.000,0,-,-,-,-,3244.2000,3243.8000,3243.6000,3243.4000,3243.0000,3246.0000,3247.4000,3248.8000,3249.4000,3249.6000,1,1,1,1,2,1,1,1,1,1
SF,IH2103,2020-08-27 09:32:21.900,3245.4000,3847,0,32168760.000,0,-,-,-,-,3244.2000,3243.8000,3243.6000,3243.4000,3243.0000,3247.4000,3248.8000,3249.4000,3249.6000,3249.8000,1,1,1,1,2,1,1,1,1,1
SF,IH2103,2020-08-27 09:32:22.400,3245.4000,3847,0,32168760.000,0,-,-,-,-,3244.6000,3244.4000,3244.2000,3243.4000,3243.0000,3247.2000,3247.4000,3248.8000,3249.4000,3249.6000,2,1,1,1,1,2,1,1,1,1
SF,IH2103,2020-08-27 09:32:22.900,3245.4000,3847,0,32168760.000,0,-,-,-,-,3244.8000,3244.6000,3244.2000,3243.4000,3243.0000,3247.2000,3247.4000,3248.8000,3249.4000,3249.6000,1,2,1,1,1,1,1,1,1,1
SF,IH2103,2020-08-27 09:32:23.900,3245.4000,3847,0,32168760.000,0,-,-,-,-,3244.8000,3244.6000,3244.2000,3243.4000,3243.0000,3247.0000,3247.2000,3247.4000,3248.8000,3249.4000,1,1,1,1,1,1,1,1,1,1
SF,IH2103,2020-08-27 09:32:24.400,3245.4000,3847,0,32168760.000,0,-,-,-,-,3244.8000,3244.2000,3243.4000,3243.0000,3240.8000,3246.8000,3247.0000,3247.4000,3248.8000,3249.4000,1,1,1,1,1,1,1,1,1,1
SF,IH2103,2020-08-27 09:32:24.900,3245.4000,3847,0,32168760.000,0,-,-,-,-,3244.8000,3244.2000,3243.4000,3243.0000,3240.8000,3246.6000,3246.8000,3247.4000,3248.8000,3249.4000,1,1,1,1,1,1,1,1,1,1
SF,IH2103,2020-08-27 09:32:25.400,3245.4000,3847,0,32168760.000,0,-,-,-,-,3244.2000,3243.4000,3243.0000,3240.8000,3240.6000,3246.4000,3246.6000,3247.4000,3248.8000,3249.4000,1,1,1,1,1,1,1,1,1,1
SF,IH2103,2020-08-27 09:32:26.400,3245.4000,3847,0,32168760.000,0,-,-,-,-,3244.6000,3244.2000,3243.4000,3243.0000,3240.8000,3246.4000,3246.6000,3247.4000,3248.8000,3249.4000,1,1,1,1,1,1,1,1,1,1
SF,IH2103,2020-08-27 09:32:28.400,3245.4000,3847,0,32168760.000,0,-,-,-,-,3244.2000,3243.4000,3243.0000,3240.8000,3240.6000,3246.4000,3246.6000,3247.4000,3248.8000,3249.4000,1,1,1,1,1,1,1,1,1,1
SF,IH2103,2020-08-27 09:32:32.400,3245.4000,3847,0,32168760.000,0,-,-,-,-,3244.6000,3244.2000,3243.4000,3243.0000,3240.8000,3246.4000,3246.6000,3247.4000,3248.8000,3249.4000,1,1,1,1,1,1,1,1,1,1
SF,IH2103,2020-08-27 09:32:32.900,3245.4000,3847,0,32168760.000,0,-,-,-,-,3245.0000,3244.6000,3244.2000,3243.0000,3240.8000,3246.4000,3246.6000,3248.8000,3249.4000,3249.6000,1,1,1,1,1,1,1,1,1,1
SF,IH2103,2020-08-27 09:32:33.400,3245.4000,3847,0,32168760.000,0,-,-,-,-,3245.0000,3244.6000,3244.2000,3243.0000,3240.8000,3246.6000,3248.8000,3249.4000,3249.6000,3249.8000,1,1,1,1,1,1,1,1,1,1
SF,IH2103,2020-08-27 09:32:33.900,3245.4000,3847,0,32168760.000,0,-,-,-,-,3245.0000,3244.6000,3244.2000,3243.0000,3240.8000,3248.8000,3249.4000,3249.6000,3249.8000,3250.2000,1,1,1,1,1,1,1,1,1,1
SF,IH2103,2020-08-27 09:32:34.400,3245.4000,3847,0,32168760.000,0,-,-,-,-,3245.4000,3245.2000,3245.0000,3244.6000,3244.2000,3248.6000,3248.8000,3249.4000,3249.6000,3249.8000,1,1,1,1,1,2,1,1,1,1
SF,IH2103,2020-08-27 09:32:34.900,3245.4000,3847,0,32168760.000,0,-,-,-,-,3245.6000,3245.4000,3245.0000,3244.6000,3244.2000,3248.2000,3248.6000,3248.8000,3249.4000,3249.6000,1,1,1,1,1,2,2,1,1,1
SF,IH2103,2020-08-27 09:32:35.400,3245.4000,3847,0,32168760.000,0,-,-,-,-,3245.6000,3245.4000,3245.0000,3244.6000,3244.2000,3248.0000,3248.2000,3248.6000,3248.8000,3249.4000,1,1,1,1,1,1,2,1,1,1
SF,IH2103,2020-08-27 09:32:35.900,3245.4000,3847,0,32168760.000,0,-,-,-,-,3245.8000,3245.6000,3245.4000,3245.0000,3244.6000,3248.0000,3248.2000,3248.6000,3248.8000,3249.4000,1,1,1,1,1,1,1,1,1,1
SF,IH2103,2020-08-27 09:32:36.400,3245.4000,3847,0,32168760.000,0,-,-,-,-,3245.8000,3245.6000,3245.4000,3245.0000,3244.6000,3248.0000,3248.2000,3248.6000,3248.8000,3249.4000,2,1,1,1,1,1,1,1,1,1
SF,IH2103,2020-08-27 09:32:36.900,3245.4000,3847,0,32168760.000,0,-,-,-,-,3245.8000,3245.6000,3245.4000,3245.0000,3244.6000,3248.0000,3248.2000,3248.6000,3248.8000,3249.4000,2,1,1,1,1,1,1,1,1,1
SF,IH2103,2020-08-27 09:32:37.400,3245.4000,3847,0,32168760.000,0,-,-,-,-,3245.8000,3245.6000,3245.0000,3244.6000,3243.0000,3248.0000,3248.2000,3248.6000,3248.8000,3249.4000,2,1,1,1,1,1,1,1,1,1
SF,IH2103,2020-08-27 09:32:37.900,3245.4000,3847,0,32168760.000,0,-,-,-,-,3245.6000,3245.0000,3244.6000,3243.0000,3240.8000,3248.0000,3248.2000,3248.6000,3248.8000,3249.4000,1,1,1,1,1,1,1,1,1,1
SF,IH2103,2020-08-27 09:32:38.400,3245.4000,3847,0,32168760.000,0,-,-,-,-,3245.6000,3245.0000,3244.6000,3243.0000,3240.8000,3247.8000,3248.0000,3248.2000,3248.6000,3248.8000,1,1,1,1,1,1,1,1,1,1
SF,IH2103,2020-08-27 09:32:38.900,3245.4000,3847,0,32168760.000,0,-,-,-,-,3245.6000,3245.0000,3244.6000,3243.0000,3240.8000,3247.6000,3247.8000,3248.2000,3248.6000,3248.8000,1,1,1,1,1,1,1,1,1,1
SF,IH2103,2020-08-27 09:32:39.400,3245.4000,3847,0,32168760.000,0,-,-,-,-,3245.6000,3243.0000,3240.8000,3240.6000,3238.8000,3247.4000,3247.6000,3248.2000,3248.8000,3249.4000,1,1,1,1,2,4,1,1,1,1
SF,IH2103,2020-08-27 09:32:39.900,3245.4000,3847,0,32168760.000,0,-,-,-,-,3243.0000,3240.8000,3240.6000,3238.8000,3238.6000,3247.2000,3247.4000,3248.2000,3248.8000,3249.4000,1,1,1,2,2,2,4,1,1,1
SF,IH2103,2020-08-27 09:32:40.400,3245.4000,3847,0,32168760.000,0,-,-,-,-,3243.4000,3243.2000,3243.0000,3240.8000,3240.6000,3247.2000,3247.4000,3248.2000,3248.8000,3249.4000,1,2,1,1,1,2,3,1,1,1
SF,IH2103,2020-08-27 09:32:40.900,3245.4000,3847,0,32168760.000,0,-,-,-,-,3243.8000,3243.6000,3243.4000,3243.2000,3243.0000,3247.2000,3247.4000,3248.2000,3248.8000,3249.4000,1,2,1,1,1,1,3,1,1,1
SF,IH2103,2020-08-27 09:32:41.400,3245.4000,3847,0,32168760.000,0,-,-,-,-,3244.2000,3244.0000,3243.8000,3243.4000,3243.0000,3247.2000,3247.4000,3248.2000,3248.8000,3249.4000,1,2,1,1,1,1,3,1,1,1
SF,IH2103,2020-08-27 09:32:41.900,3245.4000,3847,0,32168760.000,0,-,-,-,-,3244.4000,3244.2000,3244.0000,3243.8000,3243.4000,3247.2000,3247.4000,3248.2000,3248.8000,3249.4000,1,1,1,1,1,1,3,1,1,1
SF,IH2103,2020-08-27 09:32:42.400,3245.4000,3847,0,32168760.000,0,-,-,-,-,3244.4000,3244.2000,3244.0000,3243.8000,3243.4000,3247.2000,3247.4000,3248.2000,3248.8000,3249.4000,1,1,1,1,1,1,3,1,1,1
SF,IH2103,2020-08-27 09:32:42.900,3245.4000,3847,0,32168760.000,0,-,-,-,-,3244.4000,3244.2000,3244.0000,3243.8000,3243.4000,3247.0000,3247.2000,3247.4000,3248.2000,3248.8000,1,1,1,1,1,2,1,3,1,1
SF,IH2103,2020-08-27 09:32:43.400,3245.4000,3847,0,32168760.000,0,-,-,-,-,3244.6000,3244.4000,3244.2000,3244.0000,3243.8000,3247.0000,3247.2000,3247.4000,3248.2000,3248.8000,1,1,1,1,1,1,1,3,1,1
SF,IH2103,2020-08-27 09:32:43.900,3245.4000,3847,0,32168760.000,0,-,-,-,-,3244.8000,3244.6000,3244.2000,3244.0000,3243.8000,3246.8000,3247.0000,3248.2000,3248.8000,3249.4000,1,1,1,1,1,1,1,1,1,1
SF,IH2103,2020-08-27 09:32:44.400,3245.4000,3847,0,32168760.000,0,-,-,-,-,3244.8000,3244.2000,3244.0000,3243.8000,3243.4000,3246.8000,3247.0000,3248.2000,3248.8000,3249.4000,1,1,1,1,1,1,1,1,1,1
SF,IH2103,2020-08-27 09:32:44.900,3245.4000,3847,0,32168760.000,0,-,-,-,-,3244.8000,3244.2000,3244.0000,3243.8000,3243.4000,3246.6000,3246.8000,3247.0000,3248.2000,3248.8000,1,1,1,1,1,1,1,1,1,1
SF,IH2103,2020-08-27 09:32:45.400,3245.4000,3847,0,32168760.000,0,-,-,-,-,3244.2000,3244.0000,3243.8000,3243.4000,3243.0000,3246.8000,3247.0000,3248.2000,3248.8000,3249.4000,1,1,1,1,1,1,1,1,1,1
SF,IH2103,2020-08-27 09:32:45.900,3245.4000,3847,0,32168760.000,0,-,-,-,-,3244.4000,3244.2000,3244.0000,3243.8000,3243.4000,3246.8000,3247.0000,3248.2000,3248.8000,3249.4000,1,1,1,1,1,1,1,1,1,1
SF,IH2103,2020-08-27 09:32:46.400,3245.4000,3847,0,32168760.000,0,-,-,-,-,3244.4000,3244.2000,3243.8000,3243.4000,3243.0000,3246.6000,3246.8000,3247.0000,3248.2000,3248.8000,1,1,1,1,1,1,1,1,1,1
SF,IH2103,2020-08-27 09:32:48.900,3245.4000,3847,0,32168760.000,0,-,-,-,-,3244.4000,3244.2000,3243.8000,3243.4000,3243.0000,3246.6000,3246.8000,3248.2000,3248.8000,3249.4000,1,1,1,1,1,1,1,1,1,1
SF,IH2103,2020-08-27 09:32:49.400,3245.4000,3847,0,32168760.000,0,-,-,-,-,3244.4000,3244.2000,3243.8000,3243.4000,3243.0000,3246.4000,3246.6000,3248.2000,3248.8000,3249.4000,1,1,1,1,1,1,1,1,1,1
SF,IH2103,2020-08-27 09:32:49.900,3245.4000,3847,0,32168760.000,0,-,-,-,-,3244.4000,3244.2000,3243.8000,3243.4000,3243.0000,3246.4000,3248.2000,3248.8000,3249.4000,3249.6000,1,1,1,1,1,1,1,1,1,1
SF,IH2103,2020-08-27 09:32:50.400,3245.4000,3847,0,32168760.000,0,-,-,-,-,3244.4000,3244.2000,3243.8000,3243.4000,3243.0000,3246.2000,3246.4000,3248.2000,3248.8000,3249.4000,1,1,1,1,1,1,1,1,1,1
SF,IH2103,2020-08-27 09:32:50.900,3245.4000,3847,0,32168760.000,0,-,-,-,-,3244.2000,3243.8000,3243.4000,3243.0000,3240.8000,3246.0000,3246.2000,3248.2000,3248.8000,3249.4000,1,1,1,1,1,1,1,1,1,1
SF,IH2103,2020-08-27 09:32:51.400,3245.4000,3847,0,32168760.000,0,-,-,-,-,3243.4000,3243.0000,3240.8000,3240.6000,3238.8000,3246.0000,3246.2000,3248.2000,3248.8000,3249.4000,1,1,1,1,2,1,1,1,1,1
SF,IH2103,2020-08-27 09:32:51.900,3245.4000,3847,0,32168760.000,0,-,-,-,-,3243.6000,3243.4000,3243.0000,3240.8000,3240.6000,3246.0000,3246.2000,3248.2000,3248.8000,3249.4000,1,1,1,1,1,1,1,1,1,1
SF,IH2103,2020-08-27 09:32:52.400,3245.4000,3847,0,32168760.000,0,-,-,-,-,3243.6000,3243.4000,3243.0000,3240.8000,3240.6000,3245.8000,3246.0000,3248.2000,3248.8000,3249.4000,1,1,1,1,1,1,1,1,1,1
SF,IH2103,2020-08-27 09:32:52.900,3245.4000,3847,0,32168760.000,0,-,-,-,-,3243.6000,3243.0000,3240.8000,3240.6000,3238.8000,3245.6000,3245.8000,3248.2000,3248.8000,3249.4000,1,1,1,1,2,1,1,1,1,1
SF,IH2103,2020-08-27 09:32:53.400,3245.4000,3847,0,32168760.000,0,-,-,-,-,3243.6000,3240.8000,3240.6000,3238.8000,3231.8000,3245.4000,3245.6000,3248.2000,3248.8000,3249.4000,1,1,1,2,1,1,1,1,1,1
SF,IH2103,2020-08-27 09:32:53.900,3245.4000,3847,0,32168760.000,0,-,-,-,-,3240.8000,3240.6000,3238.8000,3231.8000,3230.2000,3245.2000,3245.4000,3248.2000,3248.8000,3249.4000,1,1,2,1,1,1,1,1,1,1
SF,IH2103,2020-08-27 09:32:54.400,3245.4000,3847,0,32168760.000,0,-,-,-,-,3241.4000,3241.0000,3240.8000,3240.6000,3238.8000,3245.2000,3248.2000,3248.8000,3249.4000,3249.6000,1,6,1,1,2,1,1,1,1,1
SF,IH2103,2020-08-27 09:32:54.900,3245.4000,3847,0,32168760.000,0,-,-,-,-,3241.8000,3241.6000,3241.4000,3241.0000,3240.8000,3245.2000,3245.4000,3248.2000,3248.8000,3249.4000,1,2,1,4,1,1,1,1,1,1
SF,IH2103,2020-08-27 09:32:55.400,3245.4000,3847,0,32168760.000,0,-,-,-,-,3242.2000,3242.0000,3241.8000,3241.4000,3241.2000,3245.2000,3245.4000,3248.2000,3248.8000,3249.4000,1,2,1,1,1,1,1,1,1,1
SF,IH2103,2020-08-27 09:32:55.900,3245.4000,3847,0,32168760.000,0,-,-,-,-,3242.6000,3242.4000,3242.2000,3242.0000,3241.8000,3245.2000,3245.4000,3248.2000,3248.8000,3249.4000,1,1,1,1,1,1,1,1,1,1
SF,IH2103,2020-08-27 09:32:56.400,3245.4000,3847,0,32168760.000,0,-,-,-,-,3242.8000,3242.6000,3241.8000,3241.4000,3241.2000,3245.0000,3245.2000,3245.4000,3248.8000,3249.4000,1,1,1,1,1,2,1,1,1,1
SF,IH2103,2020-08-27 09:32:56.900,3245.4000,3847,0,32168760.000,0,-,-,-,-,3242.8000,3241.8000,3241.4000,3241.2000,3238.8000,3244.8000,3245.0000,3245.4000,3248.8000,3249.4000,1,1,1,1,2,1,2,1,1,1
SF,IH2103,2020-08-27 09:32:57.400,3245.4000,3847,0,32168760.000,0,-,-,-,-,3242.8000,3241.8000,3241.2000,3238.8000,3231.8000,3244.6000,3244.8000,3245.0000,3245.4000,3248.8000,1,1,1,2,1,1,1,2,1,1
SF,IH2103,2020-08-27 09:32:57.900,3245.4000,3847,0,32168760.000,0,-,-,-,-,3238.8000,3231.8000,3230.2000,3226.0000,3212.4000,3244.4000,3244.6000,3245.0000,3245.4000,3248.8000,2,1,1,2,8,1,1,1,1,1
SF,IH2103,2020-08-27 09:32:58.400,3245.4000,3847,0,32168760.000,0,-,-,-,-,3241.6000,3239.4000,3239.0000,3238.8000,3231.8000,3244.2000,3244.4000,3245.0000,3245.4000,3248.8000,1,1,6,2,1,1,1,1,1,1
SF,IH2103,2020-08-27 09:32:58.900,3245.4000,3847,0,32168760.000,0,-,-,-,-,3241.8000,3239.4000,3239.0000,3238.8000,3231.8000,3244.0000,3244.2000,3245.0000,3245.4000,3248.8000,2,1,5,2,1,1,1,1,1,1
SF,IH2103,2020-08-27 09:32:59.400,3245.4000,3847,0,32168760.000,0,-,-,-,-,3241.8000,3241.0000,3239.4000,3239.0000,3238.8000,3244.0000,3244.2000,3245.0000,3245.4000,3248.8000,2,1,1,5,2,1,1,1,1,1
SF,IH2103,2020-08-27 09:32:59.900,3245.4000,3847,0,32168760.000,0,-,-,-,-,3241.8000,3241.0000,3239.4000,3239.0000,3238.8000,3243.8000,3244.0000,3244.2000,3245.0000,3245.4000,2,1,1,5,2,1,1,1,1,1
SF,IH2103,2020-08-27 09:33:00.400,3245.4000,3847,0,32168760.000,0,-,-,-,-,3241.8000,3241.0000,3239.4000,3239.0000,3238.8000,3243.6000,3244.2000,3245.0000,3245.4000,3248.8000,1,1,1,5,2,1,1,1,1,1
SF,IH2103,2020-08-27 09:33:00.900,3245.4000,3847,0,32168760.000,0,-,-,-,-,3241.0000,3239.4000,3239.0000,3238.8000,3231.8000,3243.6000,3244.2000,3245.0000,3245.4000,3248.8000,1,1,5,2,1,2,1,1,1,1
SF,IH2103,2020-08-27 09:33:01.400,3245.4000,3847,0,32168760.000,0,-,-,-,-,3241.2000,3241.0000,3239.4000,3239.0000,3238.8000,3243.6000,3244.2000,3245.0000,3245.4000,3248.8000,1,1,1,5,2,2,1,1,1,1
SF,IH2103,2020-08-27 09:33:02.400,3245.4000,3847,0,32168760.000,0,-,-,-,-,3241.2000,3241.0000,3239.4000,3239.0000,3238.8000,3243.4000,3243.6000,3244.2000,3245.0000,3245.4000,1,1,1,5,2,1,1,1,1,1
SF,IH2103,2020-08-27 09:33:02.900,3245.4000,3847,0,32168760.000,0,-,-,-,-,3241.2000,3241.0000,3239.4000,3239.0000,3238.8000,3243.2000,3243.4000,3244.2000,3245.0000,3245.4000,1,1,1,5,2,1,1,1,1,1
SF,IH2103,2020-08-27 09:33:03.400,3245.4000,3847,0,32168760.000,0,-,-,-,-,3241.2000,3239.4000,3239.0000,3238.8000,3231.8000,3243.0000,3243.2000,3244.2000,3245.0000,3245.4000,1,1,5,2,1,2,1,1,1,1
SF,IH2103,2020-08-27 09:33:03.900,3245.4000,3847,0,32168760.000,0,-,-,-,-,3239.4000,3239.0000,3238.8000,3231.8000,3230.2000,3242.8000,3243.0000,3244.2000,3245.0000,3245.4000,1,2,2,1,1,1,2,1,1,1
SF,IH2103,2020-08-27 09:33:04.400,3245.4000,3847,0,32168760.000,0,-,-,-,-,3239.6000,3239.4000,3239.0000,3231.8000,3230.2000,3242.8000,3243.0000,3244.2000,3245.0000,3245.4000,2,1,1,1,1,1,2,1,1,1
SF,IH2103,2020-08-27 09:33:04.900,3245.4000,3847,0,32168760.000,0,-,-,-,-,3240.2000,3239.8000,3239.6000,3239.4000,3239.0000,3242.4000,3242.8000,3243.0000,3244.2000,3245.0000,1,1,2,1,1,1,1,1,1,1
SF,IH2103,2020-08-27 09:33:05.400,3245.4000,3847,0,32168760.000,0,-,-,-,-,3240.2000,3239.8000,3239.6000,3239.4000,3239.0000,3242.8000,3244.2000,3245.0000,3245.4000,3246.8000,1,1,2,1,1,1,1,1,1,1
SF,IH2103,2020-08-27 09:33:05.900,3245.4000,3847,0,32168760.000,0,-,-,-,-,3240.4000,3240.2000,3239.8000,3239.6000,3239.4000,3242.8000,3244.2000,3245.0000,3245.4000,3246.8000,1,1,1,1,1,1,1,1,1,1
SF,IH2103,2020-08-27 09:33:06.900,3245.4000,3847,0,32168760.000,0,-,-,-,-,3240.6000,3240.4000,3240.2000,3239.8000,3239.6000,3242.8000,3244.2000,3245.0000,3245.4000,3246.8000,1,1,1,1,1,1,1,1,1,1
SF,IH2103,2020-08-27 09:33:07.400,3245.4000,3847,0,32168760.000,0,-,-,-,-,3241.0000,3240.6000,3240.4000,3240.2000,3239.8000,3242.8000,3244.2000,3245.0000,3245.4000,3246.8000,1,1,1,1,1,1,1,1,1,1
SF,IH2103,2020-08-27 09:33:10.400,3245.4000,3847,0,32168760.000,0,-,-,-,-,3240.6000,3240.4000,3240.2000,3239.8000,3239.6000,3242.8000,3244.2000,3245.0000,3245.4000,3246.8000,1,1,1,1,1,1,1,1,1,1
SF,IH2103,2020-08-27 09:33:13.400,3245.4000,3847,0,32168760.000,0,-,-,-,-,3241.0000,3240.6000,3240.4000,3240.2000,3239.8000,3242.8000,3244.2000,3245.0000,3245.4000,3246.8000,1,1,1,1,1,1,1,1,1,1
SF,IH2103,2020-08-27 09:33:14.400,3245.4000,3847,0,32168760.000,0,-,-,-,-,3241.0000,3240.6000,3240.4000,3240.2000,3239.8000,3242.8000,3244.2000,3245.0000,3245.4000,3246.8000,1,1,1,1,1,1,1,1,1,1
SF,IH2103,2020-08-27 09:33:16.400,3242.8000,3846,-1,33141600.000,1,0,1,双平,S,3242.8000,3241.0000,3240.6000,3240.4000,3240.2000,3244.2000,3245.0000,3245.4000,3246.8000,3248.8000,1,1,1,1,1,1,1,1,1,1
SF,IH2103,2020-08-27 09:33:16.900,3242.8000,3845,-1,34114440.000,1,0,1,双平,S,3241.0000,3240.4000,3240.2000,3239.8000,3239.6000,3242.6000,3243.8000,3244.0000,3244.2000,3245.0000,1,1,1,1,1,1,1,1,1,1
SF,IH2103,2020-08-27 09:33:17.400,3242.8000,3845,0,34114440.000,0,-,-,-,-,3240.4000,3240.2000,3239.8000,3239.6000,3239.0000,3242.6000,3243.8000,3244.0000,3244.2000,3245.0000,1,1,1,1,1,1,1,1,1,1
SF,IH2103,2020-08-27 09:33:17.900,3242.8000,3845,0,34114440.000,0,-,-,-,-,3240.6000,3240.4000,3240.2000,3239.8000,3239.0000,3242.6000,3243.8000,3244.0000,3244.2000,3245.0000,1,1,1,1,1,1,1,1,1,1
SF,IH2103,2020-08-27 09:33:19.400,3242.8000,3845,0,34114440.000,0,-,-,-,-,3240.8000,3240.6000,3240.4000,3240.2000,3239.8000,3242.6000,3243.8000,3244.0000,3244.2000,3245.0000,1,1,1,1,1,1,1,1,1,1
SF,IH2103,2020-08-27 09:33:21.900,3242.8000,3845,0,34114440.000,0,-,-,-,-,3241.0000,3240.8000,3240.6000,3240.4000,3240.2000,3242.6000,3243.8000,3244.0000,3244.2000,3245.0000,1,1,1,1,1,1,1,1,1,1
SF,IH2103,2020-08-27 09:33:22.400,3242.8000,3845,0,34114440.000,0,-,-,-,-,3241.2000,3241.0000,3240.4000,3240.2000,3239.8000,3242.6000,3243.8000,3244.0000,3244.2000,3245.0000,1,1,1,1,1,1,1,1,1,1
SF,IH2103,2020-08-27 09:33:22.900,3242.8000,3845,0,34114440.000,0,-,-,-,-,3241.2000,3241.0000,3240.4000,3240.2000,3239.8000,3242.6000,3243.8000,3244.2000,3245.0000,3245.4000,1,1,1,1,1,1,1,1,1,1
SF,IH2103,2020-08-27 09:33:23.900,3242.8000,3845,0,34114440.000,0,-,-,-,-,3241.2000,3241.0000,3240.8000,3240.4000,3240.2000,3242.6000,3243.8000,3244.2000,3245.0000,3245.4000,1,1,1,1,1,1,1,1,1,1
SF,IH2103,2020-08-27 09:33:24.400,3242.8000,3845,0,34114440.000,0,-,-,-,-,3241.2000,3241.0000,3240.8000,3240.4000,3240.2000,3242.6000,3244.2000,3245.0000,3245.4000,3246.8000,1,1,1,1,1,1,1,1,1,1
SF,IH2103,2020-08-27 09:33:25.900,3242.8000,3845,0,34114440.000,0,-,-,-,-,3241.2000,3241.0000,3240.4000,3240.2000,3239.8000,3242.6000,3244.2000,3245.0000,3245.4000,3246.8000,1,1,1,1,1,1,1,1,1,1
SF,IH2103,2020-08-27 09:33:27.400,3242.8000,3845,0,34114440.000,0,-,-,-,-,3241.2000,3241.0000,3240.4000,3240.2000,3239.8000,3242.6000,3245.0000,3245.4000,3246.8000,3248.8000,1,1,1,1,1,1,1,1,1,1
SF,IH2103,2020-08-27 09:33:27.900,3242.6000,3845,0,35087220.000,1,0,1,多换,S,3241.2000,3241.0000,3240.4000,3240.2000,3239.8000,3245.0000,3245.4000,3246.8000,3248.8000,3249.4000,1,1,1,1,1,1,1,1,1,2
SF,IH2103,2020-08-27 09:33:28.400,3242.6000,3845,0,35087220.000,0,-,-,-,-,3241.8000,3241.4000,3241.2000,3241.0000,3239.0000,3244.4000,3244.8000,3245.0000,3245.4000,3246.8000,1,2,1,1,1,1,1,1,1,1
SF,IH2103,2020-08-27 09:33:28.900,3242.6000,3845,0,35087220.000,0,-,-,-,-,3242.0000,3241.8000,3241.4000,3241.2000,3241.0000,3244.4000,3244.8000,3245.0000,3245.4000,3246.8000,1,1,1,1,1,1,1,1,1,1
SF,IH2103,2020-08-27 09:33:29.400,3242.6000,3845,0,35087220.000,0,-,-,-,-,3242.2000,3242.0000,3241.8000,3241.4000,3241.0000,3244.8000,3245.0000,3245.4000,3246.8000,3248.8000,1,1,1,1,1,1,1,1,1,1
SF,IH2103,2020-08-27 09:33:29.900,3242.6000,3845,0,35087220.000,0,-,-,-,-,3242.4000,3241.8000,3241.4000,3241.0000,3239.0000,3244.4000,3244.8000,3245.0000,3245.4000,3246.8000,1,1,1,1,1,1,1,1,1,1
SF,IH2103,2020-08-27 09:33:30.400,3242.6000,3845,0,35087220.000,0,-,-,-,-,3242.4000,3241.8000,3241.4000,3241.0000,3239.0000,3244.2000,3244.4000,3245.0000,3245.4000,3246.8000,1,1,1,1,1,2,1,1,1,1
SF,IH2103,2020-08-27 09:33:30.900,3242.6000,3845,0,35087220.000,0,-,-,-,-,3241.8000,3241.4000,3241.0000,3239.0000,3231.8000,3244.2000,3245.0000,3245.4000,3246.8000,3248.8000,1,1,1,1,1,2,1,1,1,1
SF,IH2103,2020-08-27 09:33:31.400,3242.6000,3845,0,35087220.000,0,-,-,-,-,3242.0000,3241.8000,3241.0000,3239.0000,3231.8000,3243.8000,3244.0000,3244.2000,3245.0000,3245.4000,1,1,1,1,1,1,1,1,1,1
SF,IH2103,2020-08-27 09:33:31.900,3242.6000,3845,0,35087220.000,0,-,-,-,-,3242.0000,3241.8000,3241.0000,3239.0000,3231.8000,3243.8000,3244.2000,3245.0000,3245.4000,3246.8000,1,1,1,1,1,1,1,1,1,1
SF,IH2103,2020-08-27 09:33:34.400,3242.6000,3845,0,35087220.000,0,-,-,-,-,3241.8000,3241.0000,3239.0000,3231.8000,3230.2000,3243.8000,3244.2000,3245.0000,3245.4000,3246.8000,1,1,1,1,1,1,1,1,1,1
SF,IH2103,2020-08-27 09:33:34.900,3242.0000,3844,-1,36059820.000,1,0,1,双平,S,3241.8000,3241.0000,3239.0000,3231.8000,3230.2000,3244.2000,3245.0000,3245.4000,3246.8000,3248.8000,1,1,1,1,1,1,1,1,1,1
SF,IH2103,2020-08-27 09:33:35.400,3242.0000,3844,0,36059820.000,0,-,-,-,-,3242.0000,3241.8000,3241.0000,3239.0000,3231.8000,3244.2000,3245.0000,3245.4000,3246.8000,3248.8000,1,1,1,1,1,1,1,1,1,1
SF,IH2103,2020-08-27 09:33:37.400,3242.0000,3844,0,36059820.000,0,-,-,-,-,3242.0000,3241.8000,3241.0000,3239.0000,3231.8000,3244.2000,3245.0000,3245.4000,3246.8000,3248.8000,1,2,1,1,1,1,1,1,1,1
SF,IH2103,2020-08-27 09:33:37.900,3242.0000,3844,0,36059820.000,0,-,-,-,-,3242.2000,3242.0000,3241.8000,3241.0000,3239.0000,3244.2000,3245.0000,3245.4000,3246.8000,3248.8000,1,1,2,1,1,1,1,1,1,1
SF,IH2103,2020-08-27 09:33:38.400,3242.0000,3844,0,36059820.000,0,-,-,-,-,3242.2000,3242.0000,3241.8000,3241.0000,3239.0000,3245.0000,3245.4000,3246.8000,3248.8000,3249.4000,1,1,2,1,1,1,1,1,1,2
SF,IH2103,2020-08-27 09:33:38.900,3242.0000,3844,0,36059820.000,0,-,-,-,-,3242.4000,3242.2000,3241.8000,3241.0000,3239.0000,3245.0000,3245.4000,3246.8000,3248.8000,3249.4000,1,1,2,1,1,1,1,1,1,2
SF,IH2103,2020-08-27 09:33:39.400,3242.0000,3844,0,36059820.000,0,-,-,-,-,3242.4000,3242.2000,3241.8000,3241.0000,3239.0000,3244.6000,3244.8000,3245.0000,3245.4000,3246.8000,1,1,1,1,1,1,3,1,1,1
SF,IH2103,2020-08-27 09:33:39.900,3242.0000,3844,0,36059820.000,0,-,-,-,-,3242.4000,3241.8000,3241.0000,3239.0000,3231.8000,3244.4000,3244.6000,3244.8000,3245.0000,3245.4000,1,1,1,1,1,1,1,2,1,1
SF,IH2103,2020-08-27 09:33:40.400,3242.0000,3844,0,36059820.000,0,-,-,-,-,3242.4000,3241.0000,3239.0000,3231.8000,3230.2000,3244.2000,3244.4000,3244.6000,3245.0000,3245.4000,1,1,1,1,1,3,1,1,1,1
SF,IH2103,2020-08-27 09:33:40.900,3242.0000,3844,0,36059820.000,0,-,-,-,-,3241.0000,3239.0000,3231.8000,3230.2000,3226.0000,3244.0000,3244.2000,3245.0000,3245.4000,3246.8000,1,1,1,1,2,1,3,1,1,1
SF,IH2103,2020-08-27 09:33:41.400,3242.0000,3844,0,36059820.000,0,-,-,-,-,3241.2000,3241.0000,3239.0000,3231.8000,3230.2000,3243.8000,3244.0000,3244.2000,3245.0000,3245.4000,2,1,1,1,1,1,1,3,1,1
SF,IH2103,2020-08-27 09:33:43.900,3242.0000,3844,0,36059820.000,0,-,-,-,-,3241.2000,3239.0000,3231.8000,3230.2000,3226.0000,3243.4000,3243.8000,3244.0000,3244.2000,3245.4000,2,1,1,1,2,1,1,1,3,1
SF,IH2103,2020-08-27 09:33:44.400,3242.0000,3844,0,36059820.000,0,-,-,-,-,3241.2000,3239.0000,3231.8000,3230.2000,3226.0000,3243.2000,3243.4000,3243.8000,3244.2000,3245.4000,1,1,1,1,2,1,1,1,1,1
SF,IH2103,2020-08-27 09:33:44.900,3242.0000,3844,0,36059820.000,0,-,-,-,-,3241.2000,3239.0000,3231.8000,3230.2000,3226.0000,3242.6000,3243.0000,3243.2000,3243.4000,3245.4000,1,1,1,1,2,1,2,1,1,1
SF,IH2103,2020-08-27 09:33:45.400,3241.2000,3844,0,37032180.000,1,0,1,多换,S,3231.8000,3230.2000,3226.0000,3212.4000,3200.2000,3242.2000,3242.4000,3242.6000,3243.0000,3243.4000,1,1,2,8,1,1,1,1,2,1
SF,IH2103,2020-08-27 09:33:45.900,3241.2000,3844,0,37032180.000,0,-,-,-,-,3239.8000,3238.8000,3238.6000,3237.8000,3235.2000,3242.0000,3242.2000,3242.6000,3243.0000,3243.4000,1,2,1,2,1,2,1,1,1,1
SF,IH2103,2020-08-27 09:33:46.400,3241.2000,3844,0,37032180.000,0,-,-,-,-,3238.8000,3235.2000,3234.8000,3233.8000,3232.2000,3242.0000,3242.2000,3242.6000,3243.0000,3243.4000,2,1,1,1,1,2,1,1,1,1
SF,IH2103,2020-08-27 09:33:46.900,3241.2000,3844,0,37032180.000,0,-,-,-,-,3239.0000,3238.8000,3235.2000,3234.8000,3233.8000,3242.0000,3242.2000,3242.6000,3243.0000,3243.4000,1,2,1,1,1,1,1,1,1,1
SF,IH2103,2020-08-27 09:33:47.400,3241.2000,3844,0,37032180.000,0,-,-,-,-,3239.4000,3239.0000,3232.2000,3232.0000,3231.8000,3242.0000,3242.2000,3242.6000,3243.0000,3243.4000,1,1,1,6,1,1,1,1,1,1
SF,IH2103,2020-08-27 09:33:47.900,3241.2000,3844,0,37032180.000,0,-,-,-,-,3239.6000,3239.4000,3239.2000,3232.2000,3232.0000,3242.0000,3242.6000,3243.0000,3243.4000,3245.4000,1,1,1,1,6,1,1,1,1,1
SF,IH2103,2020-08-27 09:33:48.400,3241.2000,3844,0,37032180.000,0,-,-,-,-,3239.8000,3239.6000,3239.4000,3239.2000,3238.8000,3242.0000,3242.6000,3243.4000,3245.4000,3246.8000,1,1,1,1,1,1,1,1,1,1
SF,IH2103,2020-08-27 09:33:48.900,3241.2000,3844,0,37032180.000,0,-,-,-,-,3240.2000,3240.0000,3239.8000,3239.4000,3239.2000,3242.0000,3243.4000,3245.4000,3246.8000,3248.8000,1,1,1,1,1,1,1,1,1,1
SF,IH2103,2020-08-27 09:33:49.400,3241.2000,3844,0,37032180.000,0,-,-,-,-,3240.2000,3240.0000,3239.8000,3239.4000,3239.2000,3243.4000,3245.4000,3246.8000,3248.8000,3249.4000,1,1,1,1,1,1,1,1,1,1
SF,IH2103,2020-08-27 09:33:49.900,3241.2000,3844,0,37032180.000,0,-,-,-,-,3240.2000,3240.0000,3239.8000,3239.4000,3238.8000,3242.8000,3243.0000,3243.2000,3243.4000,3245.4000,1,1,1,1,1,1,2,2,1,1
SF,IH2103,2020-08-27 09:33:50.400,3241.2000,3844,0,37032180.000,0,-,-,-,-,3240.0000,3239.8000,3239.4000,3238.8000,3232.0000,3242.6000,3242.8000,3243.0000,3243.4000,3245.4000,1,1,1,1,2,3,1,2,1,1
SF,IH2103,2020-08-27 09:33:50.900,3241.2000,3844,0,37032180.000,0,-,-,-,-,3240.0000,3239.8000,3239.4000,3238.8000,3232.0000,3242.6000,3242.8000,3243.4000,3245.4000,3246.8000,1,1,1,1,2,3,1,1,1,1
SF,IH2103,2020-08-27 09:33:51.400,3241.2000,3844,0,37032180.000,0,-,-,-,-,3240.0000,3239.8000,3239.4000,3238.8000,3232.0000,3242.2000,3242.6000,3242.8000,3243.4000,3245.4000,1,1,1,1,2,2,3,1,1,1
SF,IH2103,2020-08-27 09:33:52.400,3241.2000,3844,0,37032180.000,0,-,-,-,-,3240.0000,3239.4000,3238.8000,3232.0000,3231.8000,3242.2000,3242.6000,3242.8000,3243.4000,3245.4000,1,1,1,2,1,2,3,1,1,1
SF,IH2103,2020-08-27 09:33:52.900,3241.2000,3844,0,37032180.000,0,-,-,-,-,3239.4000,3238.8000,3232.0000,3231.8000,3230.2000,3242.0000,3242.2000,3242.6000,3243.4000,3245.4000,1,1,2,1,1,1,2,2,1,1
SF,IH2103,2020-08-27 09:33:53.400,3241.2000,3844,0,37032180.000,0,-,-,-,-,3238.8000,3232.0000,3231.8000,3230.2000,3226.0000,3241.8000,3242.0000,3242.2000,3242.6000,3243.4000,1,2,1,1,2,1,1,2,1,1
SF,IH2103,2020-08-27 09:33:53.900,3241.2000,3844,0,37032180.000,0,-,-,-,-,3239.4000,3239.0000,3238.8000,3232.0000,3231.8000,3241.6000,3241.8000,3242.2000,3242.6000,3243.4000,1,6,1,2,1,1,1,2,1,1
SF,IH2103,2020-08-27 09:33:54.400,3241.2000,3844,0,37032180.000,0,-,-,-,-,3239.4000,3239.0000,3238.8000,3232.0000,3231.8000,3241.6000,3241.8000,3242.6000,3243.4000,3245.4000,1,6,1,2,1,1,1,1,1,1
SF,IH2103,2020-08-27 09:33:55.400,3241.2000,3844,0,37032180.000,0,-,-,-,-,3239.0000,3238.8000,3232.0000,3231.8000,3230.2000,3241.6000,3241.8000,3242.6000,3243.4000,3245.4000,6,1,2,1,1,1,1,1,1,1
SF,IH2103,2020-08-27 09:33:55.900,3239.0000,3843,-1,38003880.000,1,0,1,双平,S,3239.0000,3238.8000,3232.0000,3231.8000,3230.2000,3241.4000,3241.6000,3242.6000,3243.4000,3245.4000,5,1,2,1,1,2,1,1,1,1
SF,IH2103,2020-08-27 09:33:56.400,3239.0000,3843,0,38003880.000,0,-,-,-,-,3239.0000,3232.0000,3231.8000,3230.2000,3226.0000,3241.2000,3241.4000,3242.6000,3243.4000,3245.4000,5,2,1,1,2,3,1,1,1,1
SF,IH2103,2020-08-27 09:33:56.900,3239.0000,3843,0,38003880.000,0,-,-,-,-,3239.0000,3232.0000,3231.8000,3230.2000,3226.0000,3241.0000,3241.2000,3241.4000,3243.4000,3245.4000,5,2,1,1,2,1,3,1,1,1
SF,IH2103,2020-08-27 09:33:57.400,3239.0000,3843,0,38003880.000,0,-,-,-,-,3239.0000,3232.0000,3231.8000,3230.2000,3226.0000,3240.8000,3241.0000,3241.4000,3243.4000,3246.8000,5,2,1,1,2,1,1,1,1,1
SF,IH2103,2020-08-27 09:33:57.900,3239.0000,3843,0,38003880.000,0,-,-,-,-,3239.0000,3232.0000,3231.8000,3230.2000,3226.0000,3240.8000,3241.0000,3241.4000,3243.4000,3246.8000,5,2,1,1,2,3,1,1,1,1
SF,IH2103,2020-08-27 09:33:58.400,3239.0000,3843,0,38003880.000,0,-,-,-,-,3239.0000,3232.0000,3231.8000,3230.2000,3226.0000,3240.8000,3241.0000,3241.4000,3243.4000,3246.8000,5,2,1,1,2,3,1,1,1,1
SF,IH2103,2020-08-27 09:33:58.900,3239.0000,3843,0,38003880.000,0,-,-,-,-,3232.0000,3231.8000,3230.2000,3226.0000,3212.4000,3240.8000,3241.0000,3241.4000,3243.4000,3246.8000,2,1,1,2,8,3,1,1,1,1
SF,IH2103,2020-08-27 09:33:59.400,3239.0000,3843,0,38003880.000,0,-,-,-,-,3239.4000,3238.2000,3237.4000,3235.0000,3234.6000,3240.6000,3240.8000,3241.0000,3243.4000,3246.8000,1,1,2,1,1,1,1,1,1,1
SF,IH2103,2020-08-27 09:33:59.900,3239.0000,3843,0,38003880.000,0,-,-,-,-,3235.0000,3234.6000,3233.6000,3232.6000,3232.2000,3240.8000,3241.0000,3243.4000,3246.8000,3248.8000,1,1,1,1,2,1,1,1,1,1
SF,IH2103,2020-08-27 09:34:00.400,3239.0000,3843,0,38003880.000,0,-,-,-,-,3235.4000,3235.2000,3235.0000,3234.6000,3233.6000,3240.6000,3240.8000,3241.0000,3243.4000,3246.8000,1,4,1,1,1,1,1,1,1,1
SF,IH2103,2020-08-27 09:34:00.900,3239.0000,3843,0,38003880.000,0,-,-,-,-,3239.0000,3238.6000,3235.8000,3235.6000,3235.4000,3240.4000,3240.6000,3241.0000,3243.4000,3246.8000,1,1,1,6,1,1,1,1,1,1
SF,IH2103,2020-08-27 09:34:01.400,3239.0000,3843,0,38003880.000,0,-,-,-,-,3235.8000,3235.6000,3235.4000,3235.2000,3232.0000,3240.4000,3241.0000,3243.4000,3246.8000,3248.8000,1,6,1,3,2,1,1,1,1,1
SF,IH2103,2020-08-27 09:34:01.900,3239.0000,3843,0,38003880.000,0,-,-,-,-,3238.2000,3236.8000,3236.2000,3236.0000,3235.8000,3240.2000,3243.4000,3246.8000,3248.8000,3249.4000,1,1,1,3,2,1,1,1,1,1
SF,IH2103,2020-08-27 09:34:02.400,3239.0000,3843,0,38003880.000,0,-,-,-,-,3239.4000,3238.6000,3238.4000,3236.8000,3236.2000,3243.4000,3246.8000,3248.8000,3249.4000,3249.8000,1,1,1,1,1,1,1,1,1,1
SF,IH2103,2020-08-27 09:34:02.900,3239.0000,3843,0,38003880.000,0,-,-,-,-,3240.4000,3239.6000,3238.6000,3238.4000,3236.8000,3242.8000,3243.0000,3243.2000,3243.4000,3246.8000,1,1,1,1,1,1,1,1,1,1
SF,IH2103,2020-08-27 09:34:03.400,3239.0000,3843,0,38003880.000,0,-,-,-,-,3240.6000,3240.4000,3238.6000,3238.4000,3236.8000,3242.2000,3242.6000,3242.8000,3243.0000,3243.4000,1,1,1,1,1,1,4,1,1,1
SF,IH2103,2020-08-27 09:34:03.900,3239.0000,3843,0,38003880.000,0,-,-,-,-,3240.4000,3238.6000,3238.4000,3236.8000,3236.2000,3241.8000,3242.0000,3242.2000,3242.6000,3242.8000,1,1,1,1,1,1,1,1,1,1
SF,IH2103,2020-08-27 09:34:04.400,3239.0000,3843,0,38003880.000,0,-,-,-,-,3240.4000,3238.6000,3238.4000,3236.8000,3236.2000,3241.6000,3241.8000,3242.2000,3242.6000,3242.8000,1,1,1,1,1,1,1,1,1,1
SF,IH2103,2020-08-27 09:34:04.900,3240.4000,3842,-1,38976000.000,1,0,1,双平,S,3238.6000,3238.4000,3236.2000,3236.0000,3235.8000,3241.6000,3241.8000,3242.2000,3242.6000,3242.8000,1,1,1,1,1,1,1,1,1,1
SF,IH2103,2020-08-27 09:34:05.400,3240.4000,3842,0,38976000.000,0,-,-,-,-,3240.2000,3238.8000,3238.6000,3238.4000,3236.2000,3241.6000,3241.8000,3242.2000,3242.6000,3243.0000,1,3,1,1,1,1,1,1,1,1
SF,IH2103,2020-08-27 09:34:05.900,3240.4000,3842,0,38976000.000,0,-,-,-,-,3239.0000,3238.8000,3238.6000,3238.4000,3236.2000,3241.6000,3241.8000,3242.2000,3242.6000,3243.0000,1,3,1,1,1,1,1,1,1,1
SF,IH2103,2020-08-27 09:34:06.400,3240.4000,3842,0,38976000.000,0,-,-,-,-,3239.2000,3239.0000,3238.8000,3238.6000,3238.4000,3241.2000,3241.6000,3241.8000,3242.2000,3242.6000,1,1,2,1,1,1,1,1,1,1
SF,IH2103,2020-08-27 09:34:06.900,3240.4000,3842,0,38976000.000,0,-,-,-,-,3239.2000,3239.0000,3238.6000,3238.4000,3236.2000,3241.2000,3241.6000,3241.8000,3242.2000,3242.6000,1,1,1,1,1,1,1,1,1,1
SF,IH2103,2020-08-27 09:34:07.400,3240.4000,3842,0,38976000.000,0,-,-,-,-,3239.2000,3239.0000,3238.6000,3238.4000,3236.2000,3241.0000,3241.6000,3241.8000,3242.2000,3242.6000,1,1,1,1,1,2,1,1,1,1
SF,IH2103,2020-08-27 09:34:07.900,3240.4000,3842,0,38976000.000,0,-,-,-,-,3239.0000,3238.6000,3236.2000,3236.0000,3235.8000,3240.8000,3241.0000,3241.8000,3242.2000,3242.6000,1,1,1,1,1,1,2,1,1,1
SF,IH2103,2020-08-27 09:34:08.400,3240.4000,3842,0,38976000.000,0,-,-,-,-,3239.0000,3236.2000,3236.0000,3235.8000,3235.6000,3240.8000,3241.0000,3241.8000,3242.2000,3242.6000,1,1,1,1,4,1,2,1,1,1
SF,IH2103,2020-08-27 09:34:08.900,3240.4000,3842,0,38976000.000,0,-,-,-,-,3239.8000,3239.0000,3236.2000,3236.0000,3235.8000,3240.8000,3241.8000,3242.2000,3242.6000,3243.0000,1,1,1,1,1,1,1,1,1,1
SF,IH2103,2020-08-27 09:34:09.400,3240.4000,3842,0,38976000.000,0,-,-,-,-,3239.0000,3236.2000,3236.0000,3235.8000,3235.6000,3240.8000,3241.8000,3242.2000,3242.6000,3243.0000,1,1,1,1,4,1,1,1,1,1
SF,IH2103,2020-08-27 09:34:15.400,3240.4000,3842,0,38976000.000,0,-,-,-,-,3239.0000,3236.2000,3236.0000,3235.8000,3235.6000,3240.6000,3240.8000,3241.8000,3242.6000,3243.0000,1,1,1,1,4,1,1,1,1,1
SF,IH2103,2020-08-27 09:34:15.900,3240.4000,3842,0,38976000.000,0,-,-,-,-,3239.0000,3236.2000,3236.0000,3235.8000,3235.6000,3240.4000,3240.6000,3241.8000,3242.6000,3243.0000,1,1,1,1,4,1,1,1,1,1
SF,IH2103,2020-08-27 09:34:17.400,3240.4000,3842,0,38976000.000,0,-,-,-,-,3236.2000,3236.0000,3235.8000,3235.6000,3235.2000,3240.2000,3240.4000,3240.6000,3242.6000,3243.0000,1,1,1,4,3,1,1,1,1,1
SF,IH2103,2020-08-27 09:34:17.900,3240.4000,3842,0,38976000.000,0,-,-,-,-,3238.2000,3236.6000,3236.4000,3236.2000,3236.0000,3240.0000,3240.2000,3240.6000,3242.6000,3243.0000,1,1,5,1,1,1,1,1,1,1
SF,IH2103,2020-08-27 09:34:18.400,3240.4000,3842,0,38976000.000,0,-,-,-,-,3236.6000,3236.4000,3236.2000,3236.0000,3235.8000,3240.0000,3240.2000,3240.6000,3242.6000,3243.0000,1,5,1,1,1,1,1,1,1,1
SF,IH2103,2020-08-27 09:34:18.900,3240.4000,3842,0,38976000.000,0,-,-,-,-,3237.0000,3236.8000,3236.6000,3236.4000,3236.2000,3240.0000,3240.2000,3240.6000,3242.6000,3243.0000,1,5,1,3,1,1,1,1,1,1
SF,IH2103,2020-08-27 09:34:19.400,3240.4000,3842,0,38976000.000,0,-,-,-,-,3237.2000,3237.0000,3236.8000,3236.6000,3236.4000,3239.8000,3240.0000,3240.2000,3240.6000,3242.6000,2,1,4,1,3,1,1,1,1,1
SF,IH2103,2020-08-27 09:34:19.900,3240.4000,3842,0,38976000.000,0,-,-,-,-,3238.4000,3237.8000,3237.2000,3237.0000,3236.8000,3239.6000,3239.8000,3240.2000,3240.6000,3242.6000,1,2,2,1,4,1,1,1,1,1
SF,IH2103,2020-08-27 09:34:20.400,3240.4000,3842,0,38976000.000,0,-,-,-,-,3237.8000,3236.8000,3236.6000,3236.4000,3236.2000,3239.4000,3239.6000,3240.2000,3240.6000,3243.0000,2,4,1,3,1,1,1,1,1,1
SF,IH2103,2020-08-27 09:34:20.900,3240.4000,3842,0,38976000.000,0,-,-,-,-,3238.0000,3237.8000,3236.8000,3236.6000,3236.4000,3239.2000,3239.4000,3240.2000,3240.6000,3243.0000,1,2,4,1,3,1,1,1,1,1
SF,IH2103,2020-08-27 09:34:21.900,3240.4000,3842,0,38976000.000,0,-,-,-,-,3238.0000,3237.8000,3236.8000,3236.6000,3236.4000,3239.2000,3239.4000,3240.2000,3240.6000,3243.0000,1,2,1,1,3,1,1,1,1,1
SF,IH2103,2020-08-27 09:34:22.400,3240.4000,3842,0,38976000.000,0,-,-,-,-,3237.8000,3236.8000,3236.4000,3236.2000,3236.0000,3239.2000,3239.4000,3240.2000,3240.6000,3243.0000,2,1,3,1,1,1,1,1,1,1
SF,IH2103,2020-08-27 09:34:23.400,3240.4000,3842,0,38976000.000,0,-,-,-,-,3236.4000,3236.2000,3236.0000,3235.8000,3235.6000,3239.2000,3239.4000,3240.2000,3240.6000,3243.0000,3,1,1,1,4,1,1,1,1,1
SF,IH2103,2020-08-27 09:34:23.900,3240.4000,3842,0,38976000.000,0,-,-,-,-,3237.8000,3236.6000,3236.4000,3236.2000,3236.0000,3239.0000,3239.2000,3239.4000,3240.2000,3240.4000,1,2,3,1,1,3,1,1,1,1
SF,IH2103,2020-08-27 09:34:24.400,3237.8000,3841,-1,39947340.000,1,0,1,双平,S,3236.6000,3236.4000,3236.2000,3236.0000,3235.8000,3239.2000,3239.4000,3240.2000,3240.4000,3240.6000,2,3,1,1,1,1,1,1,1,1
SF,IH2103,2020-08-27 09:34:24.900,3237.8000,3841,0,39947340.000,0,-,-,-,-,3236.6000,3236.4000,3236.2000,3236.0000,3235.8000,3239.0000,3239.2000,3239.4000,3240.2000,3240.4000,2,3,1,1,1,1,1,1,1,1
SF,IH2103,2020-08-27 09:34:25.400,3237.8000,3841,0,39947340.000,0,-,-,-,-,3236.6000,3236.2000,3236.0000,3235.8000,3235.6000,3238.8000,3239.0000,3239.4000,3240.2000,3240.4000,1,1,1,1,4,3,1,1,1,1
SF,IH2103,2020-08-27 09:34:25.900,3237.8000,3841,0,39947340.000,0,-,-,-,-,3236.6000,3236.2000,3236.0000,3235.8000,3235.6000,3238.8000,3239.0000,3239.4000,3240.2000,3240.4000,1,1,1,1,4,1,1,1,1,1
SF,IH2103,2020-08-27 09:34:28.400,3237.8000,3841,0,39947340.000,0,-,-,-,-,3236.8000,3236.6000,3236.2000,3236.0000,3235.8000,3238.8000,3239.0000,3239.4000,3240.2000,3240.4000,1,1,1,1,1,1,1,1,1,1
SF,IH2103,2020-08-27 09:34:28.900,3237.8000,3841,0,39947340.000,0,-,-,-,-,3236.8000,3236.6000,3236.2000,3236.0000,3235.8000,3238.6000,3238.8000,3239.4000,3240.2000,3240.4000,1,1,1,1,1,2,1,1,1,1
SF,IH2103,2020-08-27 09:34:29.400,3237.8000,3841,0,39947340.000,0,-,-,-,-,3237.0000,3236.6000,3236.2000,3236.0000,3235.8000,3238.8000,3239.4000,3240.2000,3240.4000,3240.6000,1,1,1,1,1,1,1,1,1,1
SF,IH2103,2020-08-27 09:34:29.900,3237.8000,3841,0,39947340.000,0,-,-,-,-,3237.0000,3236.2000,3236.0000,3235.8000,3235.6000,3238.8000,3239.4000,3240.2000,3240.4000,3240.6000,1,1,1,1,4,1,1,1,1,1
SF,IH2103,2020-08-27 09:34:30.400,3237.8000,3841,0,39947340.000,0,-,-,-,-,3237.0000,3236.2000,3236.0000,3235.8000,3235.6000,3238.8000,3239.4000,3240.2000,3240.4000,3240.6000,2,1,1,1,4,1,1,1,1,1
SF,IH2103,2020-08-27 09:34:30.900,3238.8000,3840,-1,40918980.000,1,0,1,双平,S,3237.2000,3237.0000,3236.2000,3236.0000,3235.8000,3239.4000,3240.2000,3240.4000,3240.6000,3243.0000,1,2,1,1,1,1,1,1,1,1
SF,IH2103,2020-08-27 09:34:31.400,3238.8000,3840,0,40918980.000,0,-,-,-,-,3237.2000,3237.0000,3236.2000,3236.0000,3235.8000,3239.4000,3240.2000,3240.4000,3240.6000,3243.0000,2,2,1,1,1,1,1,1,1,1
SF,IH2103,2020-08-27 09:34:31.900,3238.8000,3840,0,40918980.000,0,-,-,-,-,3237.2000,3237.0000,3236.2000,3236.0000,3235.8000,3239.4000,3240.2000,3240.4000,3240.6000,3243.0000,1,2,1,1,1,1,1,1,1,1
SF,IH2103,2020-08-27 09:34:32.400,3238.8000,3840,0,40918980.000,0,-,-,-,-,3237.4000,3237.0000,3236.2000,3236.0000,3235.8000,3239.4000,3240.2000,3240.4000,3240.6000,3243.0000,1,2,1,1,1,1,1,1,1,1
SF,IH2103,2020-08-27 09:34:32.900,3238.8000,3840,0,40918980.000,0,-,-,-,-,3237.4000,3237.0000,3236.2000,3236.0000,3235.8000,3239.2000,3239.4000,3240.2000,3240.4000,3240.6000,2,2,1,1,1,1,1,1,1,1
SF,IH2103,2020-08-27 09:34:33.400,3238.8000,3840,0,40918980.000,0,-,-,-,-,3237.4000,3237.0000,3236.2000,3236.0000,3235.8000,3239.4000,3240.2000,3240.4000,3240.6000,3243.0000,1,2,1,1,1,1,1,1,1,1
SF,IH2103,2020-08-27 09:34:33.900,3238.8000,3840,0,40918980.000,0,-,-,-,-,3237.4000,3237.0000,3236.2000,3236.0000,3235.8000,3240.2000,3240.4000,3240.6000,3243.0000,3243.6000,1,1,1,1,1,1,1,1,1,1
SF,IH2103,2020-08-27 09:34:34.400,3238.8000,3840,0,40918980.000,0,-,-,-,-,3237.6000,3237.4000,3237.0000,3236.2000,3236.0000,3239.2000,3240.0000,3240.2000,3240.4000,3240.6000,1,1,1,1,1,2,1,1,1,1
SF,IH2103,2020-08-27 09:34:34.900,3238.8000,3840,0,40918980.000,0,-,-,-,-,3237.4000,3237.0000,3236.2000,3236.0000,3235.8000,3240.0000,3240.2000,3240.4000,3240.6000,3243.0000,1,1,1,1,1,1,1,1,1,1
SF,IH2103,2020-08-27 09:34:35.400,3238.8000,3840,0,40918980.000,0,-,-,-,-,3237.6000,3237.4000,3237.0000,3236.2000,3236.0000,3240.0000,3240.2000,3240.4000,3240.6000,3243.0000,2,1,1,1,1,1,1,1,1,1
SF,IH2103,2020-08-27 09:34:35.900,3238.8000,3840,0,40918980.000,0,-,-,-,-,3237.6000,3237.4000,3236.2000,3236.0000,3235.8000,3239.8000,3240.0000,3240.2000,3240.4000,3240.6000,2,1,1,1,1,2,1,1,1,1
SF,IH2103,2020-08-27 09:34:36.900,3238.8000,3840,0,40918980.000,0,-,-,-,-,3237.8000,3237.6000,3237.4000,3236.2000,3236.0000,3239.8000,3240.0000,3240.2000,3240.4000,3240.6000,1,2,1,1,1,2,1,1,1,1
SF,IH2103,2020-08-27 09:34:37.400,3238.8000,3840,0,40918980.000,0,-,-,-,-,3237.8000,3237.6000,3237.4000,3236.2000,3236.0000,3239.6000,3240.0000,3240.2000,3240.4000,3240.6000,1,1,1,1,1,2,1,1,1,1
SF,IH2103,2020-08-27 09:34:37.900,3238.8000,3840,0,40918980.000,0,-,-,-,-,3237.8000,3237.6000,3237.4000,3236.2000,3236.0000,3240.0000,3240.2000,3240.4000,3240.6000,3243.0000,1,1,1,1,1,1,1,1,1,1
SF,IH2103,2020-08-27 09:34:38.400,3238.8000,3840,0,40918980.000,0,-,-,-,-,3237.6000,3237.4000,3236.2000,3236.0000,3235.8000,3240.0000,3240.2000,3240.4000,3240.6000,3243.0000,1,1,1,1,1,1,1,1,1,1
SF,IH2103,2020-08-27 09:34:38.900,3238.8000,3840,0,40918980.000,0,-,-,-,-,3237.6000,3237.4000,3236.2000,3236.0000,3235.8000,3239.8000,3240.0000,3240.2000,3240.4000,3240.6000,1,1,1,1,1,1,1,1,1,1
SF,IH2103,2020-08-27 09:34:42.400,3238.8000,3840,0,40918980.000,0,-,-,-,-,3237.8000,3237.6000,3237.4000,3236.2000,3236.0000,3239.8000,3240.0000,3240.2000,3240.4000,3240.6000,1,1,1,1,1,1,1,1,1,1
SF,IH2103,2020-08-27 09:34:42.900,3238.8000,3840,0,40918980.000,0,-,-,-,-,3237.6000,3237.4000,3236.2000,3236.0000,3235.8000,3239.8000,3240.0000,3240.2000,3240.4000,3240.6000,1,1,1,1,1,1,1,1,1,1
SF,IH2103,2020-08-27 09:34:43.900,3238.8000,3840,0,40918980.000,0,-,-,-,-,3237.8000,3237.6000,3237.4000,3236.2000,3236.0000,3239.8000,3240.0000,3240.2000,3240.4000,3240.6000,1,1,2,1,1,1,1,1,1,1
SF,IH2103,2020-08-27 09:34:49.400,3238.8000,3840,0,40918980.000,0,-,-,-,-,3238.0000,3237.8000,3237.6000,3237.4000,3236.2000,3239.8000,3240.0000,3240.2000,3240.4000,3240.6000,1,1,1,2,1,1,1,1,1,1
SF,IH2103,2020-08-27 09:34:49.900,3238.8000,3840,0,40918980.000,0,-,-,-,-,3237.8000,3237.6000,3237.4000,3236.2000,3236.0000,3240.0000,3240.2000,3240.4000,3240.6000,3243.0000,1,1,2,1,1,1,1,1,1,1
SF,IH2103,2020-08-27 09:34:50.400,3238.8000,3840,0,40918980.000,0,-,-,-,-,3238.2000,3238.0000,3237.8000,3237.4000,3236.2000,3240.2000,3240.4000,3243.0000,3243.6000,3248.8000,1,3,1,2,1,1,1,1,1,1
SF,IH2103,2020-08-27 09:34:50.900,3238.8000,3840,0,40918980.000,0,-,-,-,-,3238.4000,3238.2000,3238.0000,3237.8000,3237.4000,3240.4000,3243.0000,3243.6000,3248.8000,3249.4000,1,1,2,1,2,1,1,1,1,1
SF,IH2103,2020-08-27 09:34:51.400,3238.8000,3840,0,40918980.000,0,-,-,-,-,3238.4000,3237.8000,3237.4000,3236.2000,3236.0000,3240.2000,3240.4000,3243.0000,3243.6000,3248.8000,1,1,2,1,1,2,1,1,1,1
SF,IH2103,2020-08-27 09:34:52.400,3238.8000,3840,0,40918980.000,0,-,-,-,-,3238.4000,3237.8000,3237.4000,3236.2000,3236.0000,3240.2000,3240.4000,3243.0000,3243.6000,3248.8000,1,1,2,1,1,2,1,1,1,1
SF,IH2103,2020-08-27 09:34:52.900,3238.8000,3840,0,40918980.000,0,-,-,-,-,3238.4000,3237.8000,3237.4000,3236.2000,3236.0000,3240.2000,3240.4000,3243.0000,3243.6000,3248.8000,1,1,1,1,1,2,1,1,1,1
SF,IH2103,2020-08-27 09:34:53.400,3238.8000,3840,0,40918980.000,0,-,-,-,-,3238.4000,3238.0000,3237.8000,3237.4000,3236.2000,3240.2000,3240.4000,3243.0000,3243.6000,3248.8000,1,1,1,1,1,2,1,1,1,1
SF,IH2103,2020-08-27 09:34:55.900,3238.8000,3840,0,40918980.000,0,-,-,-,-,3238.4000,3238.0000,3237.4000,3236.2000,3236.0000,3240.2000,3240.4000,3243.0000,3243.6000,3248.8000,1,1,1,1,1,2,1,1,1,1
SF,IH2103,2020-08-27 09:35:00.400,3238.8000,3840,0,40918980.000,0,-,-,-,-,3238.6000,3238.4000,3238.0000,3237.4000,3236.2000,3240.2000,3240.4000,3243.0000,3243.6000,3248.8000,1,1,1,1,1,2,1,1,1,1
SF,IH2103,2020-08-27 09:35:00.900,3238.8000,3840,0,40918980.000,0,-,-,-,-,3238.8000,3238.6000,3238.0000,3237.4000,3236.2000,3240.4000,3243.0000,3243.6000,3248.8000,3249.4000,1,1,1,1,1,1,1,1,1,1
SF,IH2103,2020-08-27 09:35:01.400,3238.8000,3840,0,40918980.000,0,-,-,-,-,3238.8000,3237.4000,3236.2000,3236.0000,3235.8000,3240.4000,3243.0000,3243.6000,3248.8000,3249.4000,1,1,1,1,1,1,1,1,1,1
SF,IH2103,2020-08-27 09:35:03.900,3238.8000,3840,0,40918980.000,0,-,-,-,-,3239.0000,3238.8000,3237.4000,3236.2000,3236.0000,3240.4000,3243.0000,3243.6000,3248.8000,3249.4000,1,1,1,1,1,1,1,1,1,1
SF,IH2103,2020-08-27 09:35:04.400,3238.8000,3840,0,40918980.000,0,-,-,-,-,3239.0000,3237.4000,3236.2000,3236.0000,3235.8000,3240.4000,3243.0000,3243.6000,3248.8000,3249.4000,1,1,1,1,1,1,1,1,1,1
SF,IH2103,2020-08-27 09:35:05.400,3238.8000,3840,0,40918980.000,0,-,-,-,-,3239.2000,3239.0000,3237.4000,3236.2000,3236.0000,3240.4000,3243.0000,3243.6000,3248.8000,3249.4000,1,1,1,1,1,1,1,1,1,1
SF,IH2103,2020-08-27 09:35:05.900,3240.4000,3840,0,41891100.000,1,0,1,多换,S,3240.6000,3239.2000,3239.0000,3237.4000,3236.2000,3243.0000,3243.6000,3248.8000,3249.4000,3249.8000,1,1,1,1,1,1,1,1,1,1
SF,IH2103,2020-08-27 09:35:06.400,3240.4000,3840,0,41891100.000,0,-,-,-,-,3240.8000,3240.6000,3239.2000,3239.0000,3237.4000,3242.2000,3242.8000,3243.0000,3243.6000,3248.8000,1,1,1,1,1,1,3,1,1,1
SF,IH2103,2020-08-27 09:35:06.900,3240.4000,3840,0,41891100.000,0,-,-,-,-,3239.2000,3239.0000,3237.4000,3236.2000,3235.8000,3241.8000,3242.0000,3242.2000,3243.0000,3243.6000,1,1,1,1,1,1,1,1,1,1
SF,IH2103,2020-08-27 09:35:07.400,3240.4000,3840,0,41891100.000,0,-,-,-,-,3239.4000,3239.2000,3239.0000,3237.4000,3236.2000,3241.4000,3241.6000,3241.8000,3243.0000,3243.6000,1,1,1,1,1,1,1,1,1,1
SF,IH2103,2020-08-27 09:35:07.900,3240.4000,3840,0,41891100.000,0,-,-,-,-,3239.4000,3239.2000,3239.0000,3237.4000,3236.2000,3241.4000,3241.6000,3241.8000,3243.0000,3243.6000,1,1,1,1,1,1,1,1,1,1
SF,IH2103,2020-08-27 09:35:08.400,3240.4000,3840,0,41891100.000,0,-,-,-,-,3239.6000,3239.4000,3239.2000,3239.0000,3237.4000,3241.6000,3241.8000,3243.0000,3243.6000,3248.8000,1,1,1,1,1,1,1,1,1,1
SF,IH2103,2020-08-27 09:35:09.900,3240.4000,3840,0,41891100.000,0,-,-,-,-,3239.4000,3239.2000,3239.0000,3237.4000,3236.2000,3241.6000,3243.0000,3243.6000,3248.8000,3249.4000,1,1,1,1,1,1,1,1,1,1
SF,IH2103,2020-08-27 09:35:10.400,3240.4000,3840,0,41891100.000,0,-,-,-,-,3239.6000,3239.4000,3239.2000,3239.0000,3237.4000,3243.6000,3248.8000,3249.4000,3249.8000,3255.4000,1,1,1,1,1,1,1,1,1,4
SF,IH2103,2020-08-27 09:35:10.900,3240.4000,3840,0,41891100.000,0,-,-,-,-,3240.2000,3240.0000,3239.8000,3239.6000,3239.2000,3243.0000,3243.4000,3246.0000,3248.8000,3249.4000,1,1,2,2,1,1,2,1,1,1
SF,IH2103,2020-08-27 09:35:11.400,3240.4000,3840,0,41891100.000,0,-,-,-,-,3240.4000,3240.2000,3240.0000,3239.8000,3239.6000,3243.0000,3243.4000,3246.0000,3248.8000,3249.4000,2,1,1,1,1,1,2,1,1,1
SF,IH2103,2020-08-27 09:35:11.900,3240.4000,3840,0,41891100.000,0,-,-,-,-,3240.4000,3240.2000,3239.8000,3239.6000,3239.2000,3242.6000,3242.8000,3243.0000,3243.4000,3246.0000,2,1,1,1,1,1,1,1,1,1
SF,IH2103,2020-08-27 09:35:12.400,3240.4000,3840,0,41891100.000,0,-,-,-,-,3240.6000,3240.4000,3240.2000,3239.8000,3239.6000,3242.6000,3242.8000,3243.0000,3243.4000,3246.0000,2,2,1,1,1,1,1,1,1,1
SF,IH2103,2020-08-27 09:35:12.900,3240.4000,3840,0,41891100.000,0,-,-,-,-,3240.8000,3240.6000,3240.4000,3240.2000,3239.8000,3243.0000,3243.4000,3246.0000,3248.8000,3249.4000,1,2,1,1,1,1,1,1,1,1
SF,IH2103,2020-08-27 09:35:13.900,3240.4000,3840,0,41891100.000,0,-,-,-,-,3241.0000,3240.8000,3240.6000,3240.4000,3240.2000,3243.0000,3246.0000,3248.8000,3249.4000,3249.8000,2,1,1,1,1,1,1,1,1,1
SF,IH2103,2020-08-27 09:35:14.400,3243.0000,3839,-1,42864000.000,1,0,1,双平,S,3241.2000,3241.0000,3240.6000,3240.4000,3240.2000,3246.0000,3248.8000,3249.4000,3249.8000,3255.4000,1,2,1,1,1,1,1,1,1,4
SF,IH2103,2020-08-27 09:35:14.900,3243.0000,3839,0,42864000.000,0,-,-,-,-,3241.8000,3241.6000,3241.4000,3241.2000,3241.0000,3244.8000,3245.4000,3245.8000,3246.0000,3248.8000,1,1,2,1,2,1,1,2,1,1
SF,IH2103,2020-08-27 09:35:15.400,3243.0000,3839,0,42864000.000,0,-,-,-,-,3242.0000,3241.8000,3241.6000,3241.4000,3241.2000,3244.6000,3245.4000,3245.8000,3246.0000,3248.8000,1,1,1,2,1,1,1,1,1,1
SF,IH2103,2020-08-27 09:35:15.900,3243.0000,3839,0,42864000.000,0,-,-,-,-,3242.0000,3241.8000,3241.6000,3241.4000,3241.2000,3244.6000,3245.4000,3245.8000,3246.0000,3248.8000,1,1,1,2,1,1,1,1,1,1
SF,IH2103,2020-08-27 09:35:16.900,3243.0000,3839,0,42864000.000,0,-,-,-,-,3242.0000,3241.8000,3241.6000,3241.4000,3241.2000,3244.6000,3245.4000,3245.8000,3246.0000,3248.8000,1,1,1,2,1,1,1,1,1,1
SF,IH2103,2020-08-27 09:35:17.400,3243.0000,3839,0,42864000.000,0,-,-,-,-,3242.6000,3242.2000,3242.0000,3241.8000,3241.6000,3244.2000,3244.6000,3245.8000,3246.0000,3248.8000,1,6,2,1,1,1,1,1,1,1
SF,IH2103,2020-08-27 09:35:17.900,3243.0000,3839,0,42864000.000,0,-,-,-,-,3242.0000,3241.6000,3241.4000,3239.6000,3235.8000,3244.0000,3245.8000,3246.0000,3248.8000,3249.4000,2,1,1,1,1,1,1,1,1,1
SF,IH2103,2020-08-27 09:35:18.400,3243.0000,3839,0,42864000.000,0,-,-,-,-,3242.0000,3241.4000,3239.6000,3235.8000,3230.2000,3243.8000,3244.0000,3245.8000,3246.0000,3248.8000,1,1,1,1,1,2,1,1,1,1
SF,IH2103,2020-08-27 09:35:18.900,3243.0000,3839,0,42864000.000,0,-,-,-,-,3241.4000,3239.6000,3235.8000,3230.2000,3226.0000,3243.4000,3243.6000,3243.8000,3245.8000,3246.0000,1,1,1,1,2,1,1,2,1,1
SF,IH2103,2020-08-27 09:35:19.400,3243.0000,3839,0,42864000.000,0,-,-,-,-,3241.6000,3241.4000,3239.6000,3235.8000,3230.2000,3243.4000,3243.6000,3243.8000,3245.8000,3246.0000,1,1,1,1,1,1,1,2,1,1
SF,IH2103,2020-08-27 09:35:19.900,3243.0000,3839,0,42864000.000,0,-,-,-,-,3241.6000,3239.6000,3235.8000,3230.2000,3226.0000,3243.6000,3245.8000,3246.0000,3248.8000,3249.4000,1,1,1,1,2,1,1,1,1,1
SF,IH2103,2020-08-27 09:35:20.400,3243.0000,3839,0,42864000.000,0,-,-,-,-,3244.2000,3241.8000,3241.6000,3239.6000,3235.8000,3245.8000,3246.0000,3248.8000,3249.4000,3249.6000,1,1,1,1,1,1,1,1,1,3
SF,IH2103,2020-08-27 09:35:20.900,3243.0000,3839,0,42864000.000,0,-,-,-,-,3244.2000,3241.6000,3239.6000,3235.8000,3230.2000,3245.2000,3245.4000,3245.6000,3245.8000,3246.0000,1,1,1,1,1,1,1,1,1,1
SF,IH2103,2020-08-27 09:35:21.400,3244.0000,3839,0,43837200.000,1,0,1,多换,S,3241.6000,3239.6000,3235.8000,3230.2000,3226.0000,3245.0000,3245.2000,3245.4000,3245.8000,3246.0000,1,1,1,1,2,2,1,1,1,1
SF,IH2103,2020-08-27 09:35:21.900,3244.0000,3839,0,43837200.000,0,-,-,-,-,3241.8000,3241.6000,3239.6000,3235.8000,3230.2000,3245.0000,3245.4000,3245.8000,3246.0000,3248.8000,3,1,1,1,1,2,1,1,1,1
SF,IH2103,2020-08-27 09:35:22.400,3244.0000,3839,0,43837200.000,0,-,-,-,-,3242.0000,3241.8000,3241.6000,3239.6000,3235.8000,3245.0000,3245.8000,3248.4000,3248.8000,3249.4000,1,4,1,1,1,1,1,1,1,1
SF,IH2103,2020-08-27 09:35:22.900,3244.0000,3839,0,43837200.000,0,-,-,-,-,3242.2000,3242.0000,3241.8000,3241.6000,3239.6000,3245.8000,3248.4000,3248.8000,3249.4000,3249.6000,3,1,1,1,1,1,1,1,1,3
SF,IH2103,2020-08-27 09:35:23.400,3244.0000,3839,0,43837200.000,0,-,-,-,-,3242.6000,3242.2000,3242.0000,3241.8000,3239.6000,3245.4000,3245.6000,3245.8000,3248.4000,3248.8000,1,3,1,1,1,1,2,1,1,1
SF,IH2103,2020-08-27 09:35:23.900,3244.0000,3839,0,43837200.000,0,-,-,-,-,3242.8000,3242.6000,3242.2000,3242.0000,3241.8000,3245.4000,3245.6000,3245.8000,3248.4000,3248.8000,2,1,1,1,1,2,2,1,1,1
SF,IH2103,2020-08-27 09:35:24.400,3244.0000,3839,0,43837200.000,0,-,-,-,-,3242.8000,3242.6000,3242.2000,3242.0000,3241.8000,3245.2000,3245.6000,3245.8000,3248.4000,3248.8000,1,1,1,1,1,2,1,1,1,1
SF,IH2103,2020-08-27 09:35:24.900,3244.0000,3839,0,43837200.000,0,-,-,-,-,3242.6000,3241.8000,3239.6000,3230.2000,3226.0000,3245.0000,3245.2000,3245.6000,3245.8000,3248.4000,1,1,1,1,2,4,1,1,1,1
SF,IH2103,2020-08-27 09:35:25.400,3244.0000,3839,0,43837200.000,0,-,-,-,-,3239.6000,3230.2000,3226.0000,3212.4000,3205.0000,3244.4000,3244.8000,3245.0000,3245.6000,3245.8000,1,1,2,8,1,1,3,2,1,1
SF,IH2103,2020-08-27 09:35:25.900,3244.0000,3839,0,43837200.000,0,-,-,-,-,3240.2000,3239.8000,3239.6000,3230.2000,3226.0000,3244.2000,3244.4000,3245.0000,3245.6000,3248.4000,1,3,1,1,2,3,1,1,1,1
SF,IH2103,2020-08-27 09:35:26.400,3244.0000,3839,0,43837200.000,0,-,-,-,-,3240.6000,3240.4000,3240.2000,3239.8000,3239.6000,3244.2000,3245.0000,3248.4000,3248.8000,3249.4000,1,1,1,2,1,3,1,1,1,1
SF,IH2103,2020-08-27 09:35:26.900,3244.0000,3839,0,43837200.000,0,-,-,-,-,3241.0000,3240.8000,3240.6000,3240.4000,3240.2000,3244.2000,3245.0000,3248.4000,3248.8000,3249.4000,1,3,1,1,1,3,1,1,1,1
SF,IH2103,2020-08-27 09:35:27.400,3244.0000,3839,0,43837200.000,0,-,-,-,-,3241.2000,3241.0000,3240.8000,3240.6000,3240.4000,3244.2000,3245.0000,3248.4000,3248.8000,3249.4000,1,2,1,1,1,3,1,1,1,1
SF,IH2103,2020-08-27 09:35:27.900,3244.0000,3839,0,43837200.000,0,-,-,-,-,3241.2000,3241.0000,3240.6000,3240.2000,3239.8000,3243.8000,3244.0000,3244.2000,3245.0000,3248.4000,1,2,2,1,2,2,1,3,1,1
SF,IH2103,2020-08-27 09:35:28.400,3244.0000,3839,0,43837200.000,0,-,-,-,-,3241.2000,3241.0000,3240.6000,3240.2000,3239.8000,3243.6000,3243.8000,3244.2000,3245.0000,3248.4000,1,1,1,1,2,1,2,2,1,1
SF,IH2103,2020-08-27 09:35:28.900,3244.0000,3839,0,43837200.000,0,-,-,-,-,3241.2000,3241.0000,3240.6000,3240.2000,3239.8000,3243.4000,3243.6000,3244.2000,3245.0000,3248.4000,1,2,1,1,2,2,1,2,1,1
SF,IH2103,2020-08-27 09:35:30.400,3244.0000,3839,0,43837200.000,0,-,-,-,-,3241.2000,3241.0000,3240.6000,3240.2000,3239.8000,3243.4000,3243.6000,3244.2000,3245.0000,3248.4000,1,1,1,1,1,2,1,2,1,1
SF,IH2103,2020-08-27 09:35:30.900,3244.0000,3839,0,43837200.000,0,-,-,-,-,3241.0000,3240.6000,3240.2000,3239.8000,3230.2000,3243.2000,3243.4000,3243.6000,3244.2000,3245.0000,1,1,1,1,1,3,2,1,1,1
SF,IH2103,2020-08-27 09:35:31.400,3244.0000,3839,0,43837200.000,0,-,-,-,-,3240.2000,3239.8000,3230.2000,3226.0000,3212.4000,3243.2000,3243.4000,3243.6000,3244.2000,3245.0000,1,1,1,2,8,3,2,1,1,1
SF,IH2103,2020-08-27 09:35:31.900,3244.0000,3839,0,43837200.000,0,-,-,-,-,3240.2000,3239.8000,3230.2000,3226.0000,3212.4000,3243.0000,3243.2000,3243.4000,3244.2000,3245.0000,1,1,1,2,8,1,3,2,1,1
SF,IH2103,2020-08-27 09:35:32.400,3244.0000,3839,0,43837200.000,0,-,-,-,-,3240.2000,3239.8000,3230.2000,3226.0000,3212.4000,3242.8000,3243.0000,3243.2000,3244.2000,3245.0000,1,1,1,2,8,3,1,2,1,1
SF,IH2103,2020-08-27 09:35:32.900,3243.4000,3839,0,44810220.000,1,0,1,多换,S,3230.2000,3226.0000,3212.4000,3205.0000,3200.2000,3242.6000,3242.8000,3243.2000,3245.0000,3248.4000,1,2,8,1,1,2,3,1,1,1
SF,IH2103,2020-08-27 09:35:33.400,3243.4000,3839,0,44810220.000,0,-,-,-,-,3239.2000,3238.4000,3235.8000,3235.6000,3235.2000,3242.4000,3242.6000,3243.2000,3245.0000,3248.4000,1,2,1,1,1,2,2,1,1,1
SF,IH2103,2020-08-27 09:35:33.900,3243.4000,3839,0,44810220.000,0,-,-,-,-,3239.4000,3235.6000,3235.2000,3234.2000,3230.6000,3242.0000,3242.2000,3242.4000,3242.6000,3243.2000,2,1,1,1,1,2,1,1,1,1
SF,IH2103,2020-08-27 09:35:34.400,3243.4000,3839,0,44810220.000,0,-,-,-,-,3239.4000,3238.6000,3235.6000,3235.2000,3234.2000,3241.8000,3242.0000,3242.6000,3243.2000,3245.0000,1,1,1,1,1,2,2,1,1,1
SF,IH2103,2020-08-27 09:35:34.900,3243.4000,3839,0,44810220.000,0,-,-,-,-,3238.6000,3235.6000,3235.2000,3234.2000,3230.6000,3241.6000,3241.8000,3242.6000,3243.2000,3245.0000,1,1,1,1,1,2,2,1,1,1
SF,IH2103,2020-08-27 09:35:35.400,3243.4000,3839,0,44810220.000,0,-,-,-,-,3238.6000,3235.6000,3235.2000,3234.2000,3230.6000,3241.0000,3241.4000,3241.6000,3243.2000,3245.0000,1,1,1,1,1,1,3,2,1,1
SF,IH2103,2020-08-27 09:35:35.900,3243.4000,3839,0,44810220.000,0,-,-,-,-,3230.6000,3230.4000,3230.2000,3226.0000,3212.4000,3240.8000,3241.0000,3241.4000,3243.2000,3245.0000,1,4,1,2,8,4,1,1,1,1
SF,IH2103,2020-08-27 09:35:36.400,3243.4000,3839,0,44810220.000,0,-,-,-,-,3237.8000,3236.8000,3236.0000,3234.2000,3233.8000,3240.2000,3240.6000,3240.8000,3241.0000,3245.4000,2,1,2,1,1,1,1,2,1,1
SF,IH2103,2020-08-27 09:35:36.900,3243.4000,3839,0,44810220.000,0,-,-,-,-,3238.0000,3237.8000,3234.2000,3233.8000,3232.8000,3240.0000,3240.8000,3241.0000,3245.4000,3248.8000,1,2,1,1,1,3,1,1,1,1
SF,IH2103,2020-08-27 09:35:37.400,3243.4000,3839,0,44810220.000,0,-,-,-,-,3238.2000,3237.8000,3234.2000,3233.8000,3232.8000,3240.0000,3240.8000,3241.0000,3245.4000,3248.8000,1,2,1,1,1,1,1,1,1,1
SF,IH2103,2020-08-27 09:35:37.900,3240.0000,3839,0,46754220.000,2,1,1,多换,S,3238.6000,3238.4000,3238.2000,3237.8000,3234.2000,3245.4000,3248.8000,3249.4000,3249.6000,3249.8000,1,1,1,2,1,1,1,1,3,1
SF,IH2103,2020-08-27 09:35:38.400,3240.0000,3839,0,46754220.000,0,-,-,-,-,3239.0000,3238.6000,3238.4000,3230.8000,3230.4000,3243.0000,3243.8000,3245.0000,3245.2000,3245.4000,1,1,1,2,3,1,3,1,2,1
SF,IH2103,2020-08-27 09:35:38.900,3240.0000,3839,0,46754220.000,0,-,-,-,-,3238.6000,3230.8000,3230.4000,3230.2000,3226.0000,3242.6000,3242.8000,3243.0000,3244.4000,3245.0000,1,2,3,1,2,1,2,1,2,1
SF,IH2103,2020-08-27 09:35:39.400,3240.0000,3839,0,46754220.000,0,-,-,-,-,3238.8000,3230.8000,3230.4000,3230.2000,3226.0000,3242.2000,3242.4000,3242.6000,3245.0000,3245.4000,1,2,3,1,2,1,3,1,1,1
SF,IH2103,2020-08-27 09:35:39.900,3240.0000,3839,0,46754220.000,0,-,-,-,-,3238.8000,3230.8000,3230.4000,3230.2000,3226.0000,3241.8000,3242.0000,3242.2000,3242.4000,3242.6000,1,2,3,1,2,2,2,1,1,1
SF,IH2103,2020-08-27 09:35:40.400,3240.0000,3839,0,46754220.000,0,-,-,-,-,3238.8000,3230.8000,3230.4000,3230.2000,3226.0000,3241.4000,3241.6000,3241.8000,3242.2000,3242.6000,1,2,3,1,2,1,2,2,1,1
SF,IH2103,2020-08-27 09:35:40.900,3240.0000,3839,0,46754220.000,0,-,-,-,-,3239.0000,3238.8000,3230.8000,3230.4000,3230.2000,3241.2000,3241.6000,3241.8000,3242.2000,3242.6000,2,1,2,3,1,1,1,2,1,1
SF,IH2103,2020-08-27 09:35:41.400,3240.0000,3839,0,46754220.000,0,-,-,-,-,3239.2000,3239.0000,3238.8000,3230.8000,3230.4000,3241.2000,3241.8000,3242.2000,3242.6000,3245.4000,1,2,1,2,3,1,1,1,1,1
SF,IH2103,2020-08-27 09:35:41.900,3241.2000,3839,0,47726580.000,1,0,1,多换,S,3239.4000,3239.0000,3238.8000,3230.8000,3230.4000,3241.8000,3242.6000,3245.4000,3248.8000,3249.4000,3,1,1,2,3,1,1,1,1,1
SF,IH2103,2020-08-27 09:35:42.400,3241.2000,3839,0,47726580.000,0,-,-,-,-,3239.6000,3239.4000,3238.8000,3238.6000,3230.8000,3242.6000,3245.4000,3248.8000,3249.4000,3249.6000,3,1,1,1,2,1,1,1,1,3
SF,IH2103,2020-08-27 09:35:42.900,3241.2000,3839,0,47726580.000,0,-,-,-,-,3239.8000,3239.6000,3238.8000,3238.6000,3230.8000,3242.4000,3242.6000,3245.4000,3248.8000,3249.4000,1,3,1,1,2,2,1,1,1,1
SF,IH2103,2020-08-27 09:35:43.400,3241.2000,3839,0,47726580.000,0,-,-,-,-,3240.0000,3239.8000,3238.8000,3238.6000,3230.8000,3242.2000,3242.4000,3242.6000,3245.4000,3248.8000,1,1,1,1,2,1,2,1,1,1
SF,IH2103,2020-08-27 09:35:43.900,3241.2000,3839,0,47726580.000,0,-,-,-,-,3240.4000,3240.0000,3239.8000,3238.6000,3230.8000,3242.2000,3242.4000,3242.6000,3245.4000,3248.8000,1,1,1,1,2,1,2,1,1,1
SF,IH2103,2020-08-27 09:35:44.400,3241.2000,3839,0,47726580.000,0,-,-,-,-,3240.4000,3240.0000,3239.8000,3238.6000,3230.8000,3241.8000,3242.2000,3242.4000,3242.6000,3245.4000,1,1,1,1,2,1,1,2,1,1
SF,IH2103,2020-08-27 09:35:44.900,3241.2000,3839,0,47726580.000,0,-,-,-,-,3240.4000,3239.8000,3238.6000,3230.8000,3230.4000,3241.8000,3242.4000,3242.6000,3245.4000,3248.8000,1,1,1,2,3,1,2,1,1,1
SF,IH2103,2020-08-27 09:35:45.400,3241.2000,3839,0,47726580.000,0,-,-,-,-,3240.4000,3239.8000,3238.6000,3230.8000,3230.4000,3242.6000,3245.4000,3248.8000,3249.4000,3249.6000,1,1,1,2,3,1,1,1,1,3
SF,IH2103,2020-08-27 09:35:45.900,3241.2000,3839,0,47726580.000,0,-,-,-,-,3240.6000,3240.4000,3238.6000,3230.8000,3230.4000,3242.6000,3245.4000,3248.8000,3249.4000,3249.6000,1,1,1,2,3,1,1,1,1,3
SF,IH2103,2020-08-27 09:35:46.400,3241.2000,3839,0,47726580.000,0,-,-,-,-,3240.8000,3240.6000,3230.8000,3230.4000,3230.2000,3245.4000,3248.8000,3249.4000,3249.6000,3249.8000,2,1,2,3,1,1,1,1,3,1
SF,IH2103,2020-08-27 09:35:46.900,3241.2000,3839,0,47726580.000,0,-,-,-,-,3241.0000,3240.2000,3230.8000,3230.4000,3230.2000,3244.0000,3245.2000,3245.4000,3248.8000,3249.4000,2,1,2,3,1,1,2,1,1,1
