市场代码,合约代码,时间,最新,持仓,增仓,成交额,成交量,开仓,平仓,成交类型,方向,买一价,买二价,买三价,买四价,买五价,卖一价,卖二价,卖三价,卖四价,卖五价,买一量,买二量,买三量,买四量,买五量,卖一量,卖二量,卖三量,卖四量,卖五量
SF,IH2106,2020-10-29 09:29:00.100,3213.0000,954,0,963900.000,1.000,-,-,-,-,3211.2000,3209.0000,3205.0000,3202.0000,3201.2000,3214.0000,3214.8000,3216.0000,3219.0000,3221.4000,1,1,1,1,2,1,1,1,1,3
SF,IH2106,2020-10-29 09:30:00.100,3209.0000,955,1,2889960.000,2,1,1,空开,S,3205.0000,3202.2000,3202.0000,3201.2000,3201.0000,3210.4000,3210.8000,3211.0000,3211.2000,3213.8000,1,1,1,2,2,1,1,1,1,1
SF,IH2106,2020-10-29 09:30:00.600,3205.0000,953,-2,7698060.000,5,1,4,多平,S,3202.2000,3202.0000,3201.2000,3201.0000,3199.0000,3209.8000,3210.2000,3210.4000,3211.0000,3211.2000,1,1,2,2,2,1,4,1,1,1
SF,IH2106,2020-10-29 09:30:01.100,3209.6000,952,-1,9623820.000,2,0,2,多平,S,3209.0000,3202.4000,3202.2000,3202.0000,3201.2000,3209.8000,3210.2000,3210.4000,3211.0000,3211.2000,1,2,1,1,2,1,3,1,1,1
SF,IH2106,2020-10-29 09:30:01.600,3209.0000,951,-1,10586520.000,1,0,1,双平,S,3202.4000,3202.2000,3202.0000,3201.2000,3201.0000,3209.0000,3209.8000,3210.2000,3210.4000,3211.0000,1,1,1,2,2,1,1,3,1,1
SF,IH2106,2020-10-29 09:30:02.100,3209.0000,951,0,10586520.000,0,-,-,-,-,3202.4000,3202.2000,3202.0000,3201.2000,3201.0000,3208.8000,3209.0000,3210.2000,3210.4000,3211.0000,1,1,1,2,2,2,1,3,1,1
SF,IH2106,2020-10-29 09:30:02.600,3209.0000,953,2,12511920.000,2,2,0,双开,S,3202.4000,3202.2000,3202.0000,3201.2000,3201.0000,3208.8000,3209.0000,3210.2000,3210.4000,3211.0000,1,1,1,2,2,2,1,3,1,1
SF,IH2106,2020-10-29 09:30:03.100,3209.0000,953,0,12511920.000,0,-,-,-,-,3202.6000,3202.4000,3202.2000,3202.0000,3201.2000,3208.6000,3208.8000,3209.0000,3210.2000,3210.4000,1,1,1,1,2,2,2,1,3,1
SF,IH2106,2020-10-29 09:30:03.600,3209.0000,953,0,12511920.000,0,-,-,-,-,3202.8000,3202.6000,3202.4000,3202.2000,3202.0000,3208.4000,3208.6000,3209.0000,3210.2000,3210.4000,1,1,1,1,1,2,2,1,3,1
SF,IH2106,2020-10-29 09:30:04.100,3209.0000,953,0,12511920.000,0,-,-,-,-,3203.2000,3203.0000,3202.8000,3202.4000,3202.2000,3208.2000,3208.4000,3208.6000,3209.0000,3210.2000,1,1,1,1,1,2,2,2,1,3
SF,IH2106,2020-10-29 09:30:04.600,3209.0000,953,0,12511920.000,0,-,-,-,-,3203.4000,3202.8000,3202.4000,3202.2000,3202.0000,3208.0000,3208.2000,3208.6000,3209.0000,3210.2000,2,1,1,1,1,2,2,2,1,3
SF,IH2106,2020-10-29 09:30:05.100,3209.0000,953,0,12511920.000,0,-,-,-,-,3203.4000,3202.8000,3202.4000,3202.2000,3202.0000,3207.8000,3208.0000,3208.2000,3208.6000,3209.0000,2,1,1,1,1,1,2,2,2,1
SF,IH2106,2020-10-29 09:30:05.600,3203.6000,951,-2,16360380.000,4,1,3,多平,S,3203.4000,3202.8000,3202.4000,3202.2000,3202.0000,3207.6000,3208.6000,3209.0000,3210.2000,3214.0000,2,1,1,1,1,1,2,1,3,1
SF,IH2106,2020-10-29 09:30:06.100,3203.6000,950,-1,17321460.000,1,0,1,双平,S,3203.4000,3202.8000,3202.4000,3202.2000,3202.0000,3207.6000,3209.0000,3210.2000,3214.0000,3216.0000,2,1,1,1,1,1,1,3,1,1
SF,IH2106,2020-10-29 09:30:06.600,3203.6000,950,0,17321460.000,0,-,-,-,-,3203.6000,3203.4000,3202.8000,3202.4000,3202.2000,3207.6000,3209.0000,3210.2000,3214.0000,3216.0000,1,2,1,1,1,1,1,3,1,1
SF,IH2106,2020-10-29 09:30:07.100,3203.6000,950,0,20204700.000,3,1,2,多换,S,3203.8000,3203.4000,3202.8000,3202.4000,3202.2000,3207.4000,3207.6000,3209.0000,3210.2000,3214.0000,1,1,1,1,1,1,1,1,3,1
SF,IH2106,2020-10-29 09:30:07.600,3203.6000,950,0,20204700.000,0,-,-,-,-,3204.0000,3203.8000,3203.4000,3202.8000,3202.4000,3207.2000,3207.4000,3209.0000,3210.2000,3214.0000,1,1,1,1,1,1,1,1,3,1
SF,IH2106,2020-10-29 09:30:08.100,3203.6000,950,0,20204700.000,0,-,-,-,-,3204.2000,3204.0000,3203.4000,3202.8000,3202.4000,3207.0000,3207.2000,3209.0000,3210.2000,3214.0000,1,1,1,1,1,1,1,1,3,1
SF,IH2106,2020-10-29 09:30:08.600,3203.6000,950,0,20204700.000,0,-,-,-,-,3204.4000,3204.2000,3204.0000,3203.4000,3202.8000,3206.8000,3207.0000,3209.0000,3210.2000,3214.0000,2,1,1,1,1,1,1,1,3,1
SF,IH2106,2020-10-29 09:30:09.100,3206.8000,949,-1,21166740.000,1,0,1,双平,S,3204.6000,3204.4000,3204.0000,3203.4000,3202.8000,3207.0000,3209.0000,3210.2000,3214.0000,3216.0000,2,2,1,1,1,1,1,3,1,1
SF,IH2106,2020-10-29 09:30:09.600,3207.0000,948,-1,22128840.000,1,0,1,双平,S,3207.0000,3204.8000,3204.6000,3204.4000,3204.0000,3209.0000,3210.2000,3214.0000,3216.0000,3218.8000,2,1,2,2,1,1,3,1,1,1
SF,IH2106,2020-10-29 09:30:10.100,3208.8000,947,-1,24054120.000,2,0,2,多平,S,3207.2000,3204.8000,3204.6000,3204.4000,3204.0000,3210.2000,3214.0000,3216.0000,3218.8000,3219.0000,1,1,1,2,1,3,1,1,1,1
SF,IH2106,2020-10-29 09:30:10.600,3208.8000,947,0,24054120.000,0,-,-,-,-,3207.4000,3207.2000,3205.2000,3204.8000,3204.4000,3210.0000,3210.2000,3214.0000,3216.0000,3218.8000,1,1,1,1,2,4,3,1,1,1
SF,IH2106,2020-10-29 09:30:11.100,3208.8000,947,0,24054120.000,0,-,-,-,-,3207.6000,3207.4000,3205.2000,3204.8000,3204.4000,3210.0000,3210.2000,3214.0000,3216.0000,3218.8000,1,1,1,1,2,4,3,1,1,1
SF,IH2106,2020-10-29 09:30:11.600,3208.8000,947,0,24054120.000,0,-,-,-,-,3207.6000,3207.4000,3205.2000,3204.8000,3204.4000,3210.0000,3210.2000,3214.0000,3216.0000,3218.8000,1,1,1,1,2,3,3,1,1,1
SF,IH2106,2020-10-29 09:30:12.600,3210.0000,947,0,25017120.000,1,0,1,多换,S,3207.6000,3207.4000,3205.2000,3204.8000,3204.4000,3210.2000,3214.0000,3216.0000,3218.8000,3219.0000,1,1,1,1,2,3,1,1,1,1
SF,IH2106,2020-10-29 09:30:13.100,3210.0000,947,0,25017120.000,0,-,-,-,-,3207.8000,3207.6000,3205.2000,3204.8000,3204.4000,3210.0000,3214.0000,3216.0000,3218.8000,3219.0000,2,1,1,1,2,1,1,1,1,1
SF,IH2106,2020-10-29 09:30:13.600,3210.0000,947,0,25980120.000,1,0,1,多换,S,3208.0000,3207.8000,3204.8000,3204.4000,3204.0000,3214.0000,3216.0000,3218.8000,3219.0000,3222.4000,1,2,1,2,1,1,1,1,1,5
SF,IH2106,2020-10-29 09:30:14.100,3210.0000,947,0,25980120.000,0,-,-,-,-,3208.2000,3208.0000,3204.8000,3204.4000,3204.0000,3213.8000,3214.0000,3216.0000,3218.8000,3219.0000,1,1,1,2,1,2,1,1,1,1
SF,IH2106,2020-10-29 09:30:14.600,3210.0000,947,0,25980120.000,0,-,-,-,-,3208.4000,3208.2000,3204.8000,3204.4000,3204.0000,3213.6000,3213.8000,3214.0000,3216.0000,3218.8000,1,1,1,2,1,1,2,1,1,1
SF,IH2106,2020-10-29 09:30:15.100,3210.0000,947,0,25980120.000,0,-,-,-,-,3208.6000,3208.4000,3204.8000,3204.4000,3204.0000,3213.4000,3213.6000,3213.8000,3214.0000,3216.0000,2,1,1,2,1,2,1,1,1,1
SF,IH2106,2020-10-29 09:30:15.600,3210.0000,947,0,25980120.000,0,-,-,-,-,3208.6000,3208.4000,3204.8000,3204.4000,3204.0000,3212.4000,3213.2000,3213.4000,3213.6000,3213.8000,1,1,1,2,1,1,1,2,1,1
SF,IH2106,2020-10-29 09:30:16.100,3210.0000,947,0,25980120.000,0,-,-,-,-,3208.6000,3208.4000,3204.8000,3204.4000,3204.0000,3212.2000,3212.4000,3213.2000,3213.4000,3213.6000,1,1,1,2,1,1,1,1,2,1
SF,IH2106,2020-10-29 09:30:16.600,3210.0000,947,0,25980120.000,0,-,-,-,-,3208.8000,3208.6000,3208.4000,3204.8000,3204.4000,3212.2000,3212.4000,3213.2000,3213.4000,3213.6000,1,1,1,1,2,1,1,1,1,1
SF,IH2106,2020-10-29 09:30:17.100,3210.0000,947,0,25980120.000,0,-,-,-,-,3209.0000,3208.8000,3208.4000,3204.8000,3204.4000,3212.2000,3212.4000,3213.4000,3213.8000,3214.0000,1,1,1,1,2,1,1,1,1,1
SF,IH2106,2020-10-29 09:30:17.600,3210.0000,947,0,25980120.000,0,-,-,-,-,3209.2000,3209.0000,3208.4000,3204.8000,3204.4000,3212.2000,3213.4000,3213.8000,3214.0000,3216.0000,1,1,1,1,2,1,1,1,1,1
SF,IH2106,2020-10-29 09:30:18.100,3209.4000,946,-1,26942940.000,1,0,1,双平,S,3209.2000,3208.4000,3204.8000,3204.4000,3204.0000,3212.0000,3212.2000,3213.4000,3213.8000,3214.0000,1,1,1,2,1,1,1,1,1,1
SF,IH2106,2020-10-29 09:30:18.600,3209.4000,946,0,26942940.000,0,-,-,-,-,3209.2000,3208.4000,3204.8000,3204.4000,3204.0000,3211.8000,3212.0000,3212.2000,3213.4000,3213.8000,1,1,1,2,1,1,1,1,1,1
SF,IH2106,2020-10-29 09:30:19.100,3209.4000,946,0,26942940.000,0,-,-,-,-,3208.4000,3204.8000,3204.4000,3204.0000,3203.4000,3211.6000,3211.8000,3212.2000,3213.4000,3213.8000,1,1,2,1,1,1,1,1,1,1
SF,IH2106,2020-10-29 09:30:19.600,3209.4000,946,0,26942940.000,0,-,-,-,-,3208.4000,3204.8000,3204.4000,3204.0000,3203.4000,3211.4000,3211.6000,3211.8000,3212.2000,3213.4000,1,1,2,1,1,1,1,1,1,1
SF,IH2106,2020-10-29 09:30:20.100,3209.4000,946,0,26942940.000,0,-,-,-,-,3208.6000,3208.4000,3204.8000,3204.4000,3204.0000,3211.2000,3211.4000,3211.8000,3212.2000,3213.4000,1,1,1,2,1,1,1,1,1,1
SF,IH2106,2020-10-29 09:30:20.600,3209.4000,946,0,26942940.000,0,-,-,-,-,3208.6000,3208.4000,3204.8000,3204.4000,3204.0000,3211.0000,3211.2000,3211.4000,3211.8000,3212.2000,1,1,1,2,1,1,1,1,1,1
SF,IH2106,2020-10-29 09:30:21.100,3209.4000,946,0,26942940.000,0,-,-,-,-,3208.4000,3204.8000,3204.4000,3204.0000,3203.4000,3211.0000,3211.2000,3211.4000,3211.8000,3212.2000,1,1,2,1,1,1,1,1,1,1
SF,IH2106,2020-10-29 09:30:21.600,3209.4000,946,0,26942940.000,0,-,-,-,-,3208.4000,3204.8000,3204.4000,3204.0000,3203.4000,3210.8000,3211.0000,3211.4000,3211.8000,3212.2000,1,1,2,1,1,1,1,1,1,1
SF,IH2106,2020-10-29 09:30:22.100,3208.4000,946,0,27905460.000,1,0,1,多换,S,3204.8000,3204.4000,3204.0000,3203.4000,3202.8000,3210.6000,3210.8000,3211.0000,3211.4000,3211.8000,1,2,1,1,1,1,1,1,1,1
SF,IH2106,2020-10-29 09:30:22.600,3208.4000,946,0,27905460.000,0,-,-,-,-,3205.0000,3204.8000,3204.4000,3204.0000,3203.4000,3210.4000,3210.6000,3211.0000,3211.4000,3211.8000,1,1,2,1,1,1,1,1,1,1
SF,IH2106,2020-10-29 09:30:23.100,3208.4000,946,0,27905460.000,0,-,-,-,-,3205.2000,3205.0000,3204.8000,3204.4000,3204.0000,3210.0000,3210.2000,3210.4000,3210.6000,3211.0000,3,1,1,2,1,1,1,1,1,1
SF,IH2106,2020-10-29 09:30:23.600,3208.4000,946,0,27905460.000,0,-,-,-,-,3205.4000,3205.2000,3204.8000,3204.4000,3204.0000,3209.8000,3210.0000,3210.2000,3210.6000,3211.0000,1,3,1,2,1,2,1,1,1,1
SF,IH2106,2020-10-29 09:30:24.100,3208.4000,946,0,27905460.000,0,-,-,-,-,3205.6000,3205.4000,3205.2000,3204.8000,3204.4000,3209.8000,3210.0000,3210.2000,3210.6000,3211.0000,1,2,3,1,2,1,1,1,1,1
SF,IH2106,2020-10-29 09:30:24.600,3208.4000,946,0,27905460.000,0,-,-,-,-,3205.8000,3205.6000,3205.4000,3205.2000,3204.8000,3209.8000,3210.2000,3210.6000,3211.0000,3211.4000,1,1,1,3,1,1,1,1,1,1
SF,IH2106,2020-10-29 09:30:25.100,3208.4000,946,0,27905460.000,0,-,-,-,-,3206.0000,3205.8000,3205.6000,3205.4000,3205.2000,3209.8000,3210.2000,3210.6000,3211.0000,3211.4000,3,1,1,1,3,1,1,1,1,1
SF,IH2106,2020-10-29 09:30:25.600,3209.8000,945,-1,28868400.000,1,0,1,双平,S,3206.2000,3206.0000,3205.6000,3205.4000,3205.2000,3210.2000,3210.6000,3211.0000,3211.4000,3211.8000,2,4,1,1,3,1,1,1,1,1
SF,IH2106,2020-10-29 09:30:26.100,3209.8000,945,0,28868400.000,0,-,-,-,-,3206.6000,3206.4000,3206.2000,3206.0000,3205.6000,3210.2000,3210.6000,3211.0000,3211.4000,3211.8000,1,1,2,4,1,1,1,1,1,1
SF,IH2106,2020-10-29 09:30:26.600,3209.8000,945,0,28868400.000,0,-,-,-,-,3206.8000,3206.6000,3206.4000,3206.0000,3205.6000,3210.2000,3210.6000,3211.0000,3211.4000,3211.8000,2,1,1,4,1,1,1,1,1,1
SF,IH2106,2020-10-29 09:30:27.100,3209.8000,944,-1,29831340.000,1,0,1,双平,S,3207.0000,3206.8000,3206.4000,3206.0000,3205.6000,3210.6000,3211.0000,3211.4000,3211.8000,3214.0000,1,2,1,4,1,1,1,1,1,2
SF,IH2106,2020-10-29 09:30:27.600,3209.8000,944,0,29831340.000,0,-,-,-,-,3207.2000,3207.0000,3206.4000,3206.0000,3205.6000,3211.0000,3211.4000,3211.8000,3214.0000,3218.8000,2,1,1,4,1,1,1,1,2,1
SF,IH2106,2020-10-29 09:30:28.100,3209.8000,944,0,29831340.000,0,-,-,-,-,3207.2000,3207.0000,3206.0000,3205.6000,3203.4000,3211.0000,3211.4000,3211.8000,3214.0000,3218.8000,3,1,4,1,5,1,1,1,2,1
SF,IH2106,2020-10-29 09:30:28.600,3209.8000,944,0,29831340.000,0,-,-,-,-,3207.4000,3207.2000,3206.0000,3205.6000,3203.4000,3211.0000,3211.4000,3211.8000,3214.0000,3218.8000,1,3,4,1,5,1,1,1,2,1
SF,IH2106,2020-10-29 09:30:29.100,3209.8000,944,0,29831340.000,0,-,-,-,-,3207.6000,3207.4000,3207.2000,3206.0000,3205.6000,3211.0000,3211.4000,3211.8000,3214.0000,3218.8000,2,1,1,4,1,1,1,1,2,1
SF,IH2106,2020-10-29 09:30:29.600,3209.8000,944,0,29831340.000,0,-,-,-,-,3207.8000,3207.6000,3207.4000,3206.0000,3203.4000,3211.0000,3211.4000,3211.8000,3214.0000,3218.8000,1,2,1,4,5,1,1,1,2,1
SF,IH2106,2020-10-29 09:30:30.100,3209.8000,944,0,29831340.000,0,-,-,-,-,3208.0000,3207.8000,3206.0000,3203.4000,3202.2000,3211.0000,3211.4000,3211.8000,3214.0000,3218.8000,3,1,4,5,1,1,1,1,2,1
SF,IH2106,2020-10-29 09:30:30.600,3208.0000,943,-1,30793740.000,1,0,1,双平,S,3208.0000,3207.8000,3206.0000,3203.4000,3202.2000,3211.4000,3211.8000,3214.0000,3218.8000,3219.0000,2,1,4,5,1,1,1,2,1,1
SF,IH2106,2020-10-29 09:30:31.100,3208.0000,943,0,30793740.000,0,-,-,-,-,3208.2000,3208.0000,3206.0000,3203.4000,3202.2000,3211.2000,3211.4000,3211.8000,3212.0000,3214.0000,2,2,4,5,1,1,1,1,1,1
SF,IH2106,2020-10-29 09:30:31.600,3208.0000,943,0,30793740.000,0,-,-,-,-,3208.4000,3208.2000,3206.0000,3203.4000,3202.2000,3211.0000,3211.2000,3211.4000,3211.8000,3212.0000,1,1,4,5,1,1,1,1,1,1
SF,IH2106,2020-10-29 09:30:32.100,3208.0000,943,0,30793740.000,0,-,-,-,-,3208.4000,3208.2000,3207.6000,3206.0000,3203.4000,3211.0000,3211.2000,3211.4000,3211.8000,3212.0000,1,1,1,4,5,1,1,1,1,1
SF,IH2106,2020-10-29 09:30:32.600,3208.0000,943,0,30793740.000,0,-,-,-,-,3208.8000,3208.4000,3207.6000,3206.0000,3203.4000,3210.8000,3211.0000,3211.2000,3211.4000,3211.8000,1,1,1,4,5,1,1,1,1,1
SF,IH2106,2020-10-29 09:30:33.100,3208.0000,943,0,30793740.000,0,-,-,-,-,3208.8000,3208.4000,3207.6000,3206.0000,3203.4000,3211.0000,3211.2000,3211.4000,3211.8000,3212.0000,1,1,1,4,5,1,1,1,1,1
SF,IH2106,2020-10-29 09:30:34.100,3208.8000,943,0,31756380.000,1,0,1,多换,S,3208.4000,3207.6000,3206.0000,3203.4000,3202.2000,3210.8000,3211.0000,3211.2000,3211.4000,3211.8000,1,1,4,5,1,1,1,1,1,1
SF,IH2106,2020-10-29 09:30:34.600,3208.8000,943,0,31756380.000,0,-,-,-,-,3207.6000,3206.0000,3203.4000,3202.2000,3202.0000,3210.8000,3211.0000,3211.2000,3211.4000,3211.8000,1,4,5,1,1,1,1,1,1,1
SF,IH2106,2020-10-29 09:30:35.100,3210.6000,943,0,32719560.000,1,0,1,多换,S,3207.8000,3207.6000,3206.0000,3205.0000,3203.4000,3210.8000,3211.2000,3211.4000,3211.8000,3212.0000,3,1,4,1,5,1,1,1,1,1
SF,IH2106,2020-10-29 09:30:35.600,3210.6000,943,0,32719560.000,0,-,-,-,-,3207.8000,3207.6000,3206.0000,3205.0000,3203.4000,3210.8000,3211.2000,3211.4000,3211.8000,3212.0000,2,1,4,1,5,1,1,1,1,1
SF,IH2106,2020-10-29 09:30:37.100,3210.6000,943,0,32719560.000,0,-,-,-,-,3207.8000,3207.6000,3206.0000,3205.0000,3203.4000,3210.8000,3211.2000,3211.4000,3211.8000,3212.0000,2,1,4,1,5,1,1,1,1,1
SF,IH2106,2020-10-29 09:30:37.600,3210.6000,943,0,32719560.000,0,-,-,-,-,3207.8000,3207.6000,3206.0000,3205.0000,3203.4000,3210.8000,3211.2000,3211.4000,3211.8000,3212.0000,2,1,4,1,5,1,1,1,1,1
SF,IH2106,2020-10-29 09:30:38.600,3210.6000,943,0,32719560.000,0,-,-,-,-,3208.0000,3207.8000,3207.6000,3206.0000,3205.0000,3211.2000,3211.4000,3211.8000,3212.0000,3214.0000,1,2,1,4,1,1,1,1,1,1
SF,IH2106,2020-10-29 09:30:39.100,3210.6000,943,0,32719560.000,0,-,-,-,-,3208.2000,3207.8000,3207.6000,3206.0000,3205.0000,3211.0000,3211.2000,3211.4000,3211.8000,3212.0000,1,1,1,4,1,1,1,1,1,1
SF,IH2106,2020-10-29 09:30:39.600,3210.6000,943,0,32719560.000,0,-,-,-,-,3208.2000,3207.8000,3207.6000,3206.0000,3205.0000,3211.0000,3211.2000,3211.4000,3211.8000,3212.0000,1,1,1,4,1,2,1,1,1,1
SF,IH2106,2020-10-29 09:30:40.100,3210.6000,943,0,32719560.000,0,-,-,-,-,3208.2000,3207.8000,3207.6000,3206.0000,3205.0000,3211.0000,3211.2000,3211.4000,3211.8000,3212.0000,1,1,1,4,1,2,1,1,1,1
SF,IH2106,2020-10-29 09:30:41.600,3210.6000,943,0,32719560.000,0,-,-,-,-,3208.2000,3207.8000,3207.6000,3206.0000,3205.0000,3211.0000,3211.2000,3211.4000,3211.8000,3212.0000,1,1,1,4,1,2,1,1,1,1
SF,IH2106,2020-10-29 09:30:42.600,3210.6000,943,0,32719560.000,0,-,-,-,-,3208.2000,3207.8000,3207.6000,3206.0000,3205.0000,3211.0000,3211.2000,3211.4000,3211.8000,3212.0000,1,1,1,4,1,1,1,1,1,1
SF,IH2106,2020-10-29 09:30:43.100,3210.6000,943,0,32719560.000,0,-,-,-,-,3208.4000,3208.2000,3207.6000,3206.0000,3205.0000,3211.0000,3211.8000,3212.0000,3214.0000,3219.0000,2,1,1,4,1,1,1,1,1,1
SF,IH2106,2020-10-29 09:30:43.600,3210.6000,943,0,32719560.000,0,-,-,-,-,3208.6000,3208.4000,3207.6000,3206.0000,3205.0000,3211.0000,3211.8000,3212.0000,3214.0000,3219.0000,1,2,1,4,1,1,1,1,1,1
SF,IH2106,2020-10-29 09:30:44.100,3210.6000,943,0,32719560.000,0,-,-,-,-,3208.6000,3208.4000,3207.6000,3206.0000,3205.0000,3210.8000,3211.0000,3211.8000,3212.0000,3214.0000,1,2,1,4,1,1,1,1,1,1
SF,IH2106,2020-10-29 09:30:44.600,3210.6000,943,0,32719560.000,0,-,-,-,-,3208.6000,3208.4000,3207.6000,3206.0000,3205.0000,3210.8000,3211.0000,3211.8000,3214.0000,3219.0000,1,2,1,4,1,1,2,1,1,1
SF,IH2106,2020-10-29 09:30:45.600,3210.6000,943,0,32719560.000,0,-,-,-,-,3208.6000,3208.4000,3207.6000,3206.0000,3205.0000,3210.8000,3211.0000,3211.8000,3214.0000,3219.0000,1,1,1,4,1,1,2,1,1,1
SF,IH2106,2020-10-29 09:30:47.100,3210.6000,943,0,32719560.000,0,-,-,-,-,3208.8000,3208.6000,3208.4000,3207.6000,3206.0000,3210.8000,3211.0000,3211.8000,3214.0000,3219.0000,3,1,1,1,4,1,2,1,1,1
SF,IH2106,2020-10-29 09:30:48.100,3210.6000,943,0,32719560.000,0,-,-,-,-,3208.6000,3208.4000,3207.6000,3206.0000,3205.0000,3210.8000,3211.0000,3211.8000,3214.0000,3219.0000,1,1,1,4,1,1,2,1,1,1
SF,IH2106,2020-10-29 09:30:48.600,3210.8000,943,0,33682800.000,1,0,1,多换,S,3208.6000,3207.6000,3206.0000,3205.0000,3203.4000,3211.0000,3211.8000,3214.0000,3219.0000,3222.4000,1,1,4,1,5,2,1,1,1,5
SF,IH2106,2020-10-29 09:30:49.100,3210.8000,943,0,33682800.000,0,-,-,-,-,3208.8000,3208.6000,3207.6000,3206.0000,3205.0000,3210.8000,3211.0000,3211.8000,3214.0000,3219.0000,1,1,1,4,1,1,2,1,1,1
SF,IH2106,2020-10-29 09:30:49.600,3210.8000,943,0,33682800.000,0,-,-,-,-,3208.8000,3208.6000,3207.6000,3206.0000,3205.0000,3211.0000,3211.8000,3214.0000,3219.0000,3222.4000,1,1,1,4,1,2,1,1,1,5
SF,IH2106,2020-10-29 09:30:50.100,3210.8000,943,0,33682800.000,0,-,-,-,-,3209.0000,3208.8000,3208.6000,3207.6000,3206.0000,3211.0000,3211.8000,3214.0000,3219.0000,3222.4000,1,1,1,1,4,2,1,1,1,5
SF,IH2106,2020-10-29 09:30:51.100,3210.8000,943,0,33682800.000,0,-,-,-,-,3209.0000,3208.8000,3208.6000,3207.6000,3206.0000,3210.8000,3211.0000,3211.8000,3214.0000,3219.0000,1,1,1,1,4,1,2,1,1,1
SF,IH2106,2020-10-29 09:30:52.100,3210.8000,943,0,33682800.000,0,-,-,-,-,3209.0000,3208.8000,3208.6000,3207.6000,3206.0000,3211.0000,3211.8000,3214.0000,3219.0000,3222.4000,1,1,1,1,4,2,1,1,1,5
SF,IH2106,2020-10-29 09:30:53.600,3210.8000,943,0,33682800.000,0,-,-,-,-,3209.0000,3208.8000,3208.6000,3207.6000,3206.0000,3211.0000,3211.2000,3211.8000,3214.0000,3219.0000,1,1,1,1,4,2,1,1,1,1
SF,IH2106,2020-10-29 09:30:54.100,3210.8000,943,0,33682800.000,0,-,-,-,-,3209.0000,3208.8000,3208.6000,3207.6000,3206.0000,3211.0000,3211.2000,3211.8000,3214.0000,3219.0000,1,1,1,1,4,2,1,1,1,1
SF,IH2106,2020-10-29 09:30:55.100,3210.8000,943,0,33682800.000,0,-,-,-,-,3209.0000,3208.8000,3208.6000,3207.6000,3206.0000,3210.8000,3211.0000,3211.2000,3211.8000,3214.0000,1,1,1,1,4,1,2,1,1,1
SF,IH2106,2020-10-29 09:30:55.600,3210.8000,943,0,33682800.000,0,-,-,-,-,3209.0000,3208.8000,3208.6000,3207.6000,3206.0000,3211.0000,3211.2000,3211.8000,3214.0000,3219.0000,1,1,1,1,4,2,1,1,1,1
SF,IH2106,2020-10-29 09:30:58.100,3210.8000,943,0,33682800.000,0,-,-,-,-,3209.0000,3208.8000,3208.6000,3207.6000,3206.0000,3211.0000,3211.2000,3214.0000,3219.0000,3222.4000,1,1,1,1,4,2,1,1,1,5
SF,IH2106,2020-10-29 09:30:58.600,3211.2000,940,-3,36572760.000,3,0,3,双平,S,3209.2000,3209.0000,3208.8000,3208.6000,3207.6000,3214.0000,3219.0000,3222.4000,3224.0000,3229.0000,2,1,1,1,1,1,1,5,1,1
SF,IH2106,2020-10-29 09:30:59.100,3211.2000,940,0,36572760.000,0,-,-,-,-,3209.4000,3209.0000,3208.8000,3207.6000,3206.0000,3213.8000,3214.0000,3219.0000,3222.4000,3224.0000,2,1,1,1,4,2,1,1,5,1
SF,IH2106,2020-10-29 09:31:01.600,3211.2000,940,0,36572760.000,0,-,-,-,-,3209.4000,3209.0000,3208.8000,3207.6000,3206.0000,3211.0000,3213.8000,3214.0000,3219.0000,3222.4000,2,1,1,1,4,1,2,1,1,5
SF,IH2106,2020-10-29 09:31:02.100,3211.0000,939,-1,37536060.000,1,0,1,双平,S,3209.4000,3209.0000,3208.8000,3207.6000,3206.0000,3213.8000,3214.0000,3219.0000,3222.4000,3224.0000,1,1,1,1,4,1,1,1,5,1
SF,IH2106,2020-10-29 09:31:02.600,3211.0000,939,0,37536060.000,0,-,-,-,-,3209.6000,3209.0000,3208.8000,3207.6000,3206.0000,3213.6000,3213.8000,3214.0000,3219.0000,3222.4000,1,1,1,1,4,1,1,1,1,5
SF,IH2106,2020-10-29 09:31:03.100,3211.0000,939,0,37536060.000,0,-,-,-,-,3209.6000,3209.0000,3208.8000,3207.6000,3206.0000,3213.4000,3213.6000,3213.8000,3214.0000,3219.0000,1,1,1,1,4,1,1,1,1,1
SF,IH2106,2020-10-29 09:31:03.600,3211.0000,939,0,37536060.000,0,-,-,-,-,3209.6000,3209.0000,3208.8000,3207.6000,3206.0000,3213.2000,3213.4000,3213.8000,3214.0000,3219.0000,1,1,1,1,4,1,1,1,1,1
SF,IH2106,2020-10-29 09:31:04.100,3211.0000,939,0,37536060.000,0,-,-,-,-,3209.6000,3209.0000,3208.8000,3207.6000,3206.0000,3213.0000,3213.2000,3213.4000,3213.8000,3214.0000,1,1,1,1,4,1,1,1,1,1
SF,IH2106,2020-10-29 09:31:04.600,3211.0000,939,0,37536060.000,0,-,-,-,-,3209.6000,3209.0000,3208.8000,3207.6000,3206.0000,3212.8000,3213.0000,3213.4000,3213.8000,3214.0000,1,1,1,1,4,1,1,1,1,1
SF,IH2106,2020-10-29 09:31:05.100,3211.0000,939,0,37536060.000,0,-,-,-,-,3209.6000,3209.0000,3208.8000,3207.6000,3206.0000,3212.6000,3212.8000,3213.0000,3213.4000,3213.8000,1,1,1,1,4,1,1,1,1,1
SF,IH2106,2020-10-29 09:31:05.600,3211.0000,939,0,37536060.000,0,-,-,-,-,3209.6000,3209.0000,3208.8000,3207.6000,3206.0000,3212.6000,3213.0000,3213.4000,3213.8000,3214.0000,1,1,1,1,4,1,1,1,1,1
SF,IH2106,2020-10-29 09:31:07.600,3211.0000,939,0,37536060.000,0,-,-,-,-,3209.6000,3209.0000,3208.8000,3207.6000,3206.0000,3212.6000,3213.0000,3213.4000,3213.8000,3214.0000,1,1,1,1,4,1,1,1,1,1
SF,IH2106,2020-10-29 09:31:08.100,3211.0000,939,0,37536060.000,0,-,-,-,-,3209.8000,3209.6000,3209.0000,3208.8000,3207.6000,3212.6000,3213.0000,3213.4000,3213.8000,3214.0000,2,1,1,1,1,1,1,1,1,1
SF,IH2106,2020-10-29 09:31:08.600,3212.6000,939,0,38499840.000,1,0,1,多换,S,3210.0000,3209.8000,3209.0000,3208.8000,3207.6000,3214.0000,3219.0000,3222.4000,3224.0000,3229.0000,1,2,1,1,1,1,1,5,1,1
SF,IH2106,2020-10-29 09:31:09.100,3212.6000,939,0,38499840.000,0,-,-,-,-,3210.2000,3210.0000,3209.8000,3209.0000,3208.8000,3214.0000,3219.0000,3222.4000,3224.0000,3229.0000,2,1,1,1,1,1,1,5,1,1
SF,IH2106,2020-10-29 09:31:09.600,3212.6000,939,0,38499840.000,0,-,-,-,-,3210.4000,3210.2000,3209.8000,3209.0000,3208.8000,3214.0000,3219.0000,3222.4000,3224.0000,3229.0000,1,2,1,1,1,1,1,5,1,1
SF,IH2106,2020-10-29 09:31:10.100,3212.6000,939,0,38499840.000,0,-,-,-,-,3210.6000,3210.4000,3210.2000,3209.8000,3209.0000,3214.0000,3219.0000,3222.4000,3224.0000,3229.0000,1,1,1,1,1,1,1,5,1,1
SF,IH2106,2020-10-29 09:31:10.600,3212.6000,939,0,38499840.000,0,-,-,-,-,3210.8000,3210.6000,3210.2000,3209.8000,3209.0000,3214.0000,3219.0000,3224.0000,3226.2000,3229.0000,2,1,1,1,1,1,1,1,5,1
SF,IH2106,2020-10-29 09:31:11.100,3212.6000,939,0,38499840.000,0,-,-,-,-,3211.0000,3210.8000,3210.2000,3209.8000,3209.0000,3214.0000,3219.0000,3224.0000,3226.2000,3229.0000,1,2,1,1,1,1,1,1,5,1
SF,IH2106,2020-10-29 09:31:11.600,3212.6000,939,0,38499840.000,0,-,-,-,-,3211.2000,3211.0000,3210.8000,3210.2000,3209.8000,3214.0000,3219.0000,3224.0000,3226.2000,3229.0000,2,1,1,1,1,1,1,1,5,1
SF,IH2106,2020-10-29 09:31:12.100,3212.6000,939,0,38499840.000,0,-,-,-,-,3211.4000,3211.2000,3210.2000,3209.8000,3209.0000,3214.0000,3219.0000,3224.0000,3226.2000,3229.0000,1,1,1,1,1,1,1,1,5,1
SF,IH2106,2020-10-29 09:31:12.600,3212.6000,939,0,38499840.000,0,-,-,-,-,3211.6000,3211.4000,3210.2000,3209.8000,3209.0000,3214.0000,3219.0000,3224.0000,3226.2000,3229.0000,1,1,1,1,1,1,1,1,5,1
SF,IH2106,2020-10-29 09:31:13.600,3212.6000,939,0,38499840.000,0,-,-,-,-,3211.6000,3211.4000,3210.2000,3209.8000,3209.0000,3214.0000,3219.0000,3224.0000,3226.2000,3229.0000,1,1,2,1,1,1,1,1,5,1
SF,IH2106,2020-10-29 09:31:14.100,3212.6000,939,0,38499840.000,0,-,-,-,-,3211.8000,3211.6000,3210.2000,3209.8000,3209.0000,3214.0000,3219.0000,3224.0000,3226.2000,3229.0000,1,1,2,1,1,1,1,1,5,1
SF,IH2106,2020-10-29 09:31:15.100,3214.0000,938,-1,39464040.000,1,0,1,双平,S,3211.8000,3211.6000,3210.2000,3209.8000,3209.0000,3219.0000,3224.0000,3226.2000,3229.0000,3230.8000,1,1,3,1,1,1,1,5,1,1
SF,IH2106,2020-10-29 09:31:15.600,3214.0000,938,0,39464040.000,0,-,-,-,-,3212.0000,3210.2000,3209.8000,3209.0000,3208.8000,3218.8000,3219.0000,3224.0000,3226.2000,3229.0000,1,3,1,1,1,1,1,1,5,1
SF,IH2106,2020-10-29 09:31:16.100,3214.0000,938,0,39464040.000,0,-,-,-,-,3212.0000,3210.2000,3209.8000,3209.0000,3208.8000,3218.6000,3218.8000,3219.0000,3224.0000,3226.2000,2,4,1,1,1,1,1,1,1,5
SF,IH2106,2020-10-29 09:31:16.600,3214.0000,938,0,39464040.000,0,-,-,-,-,3212.2000,3212.0000,3210.2000,3209.8000,3209.0000,3218.4000,3218.6000,3219.0000,3224.0000,3226.2000,1,2,4,1,1,1,1,1,1,5
SF,IH2106,2020-10-29 09:31:17.100,3214.0000,938,0,39464040.000,0,-,-,-,-,3212.4000,3212.2000,3212.0000,3210.2000,3209.8000,3218.2000,3218.4000,3218.6000,3219.0000,3224.0000,1,1,1,4,1,1,1,1,1,1
SF,IH2106,2020-10-29 09:31:17.600,3214.0000,938,0,39464040.000,0,-,-,-,-,3212.6000,3212.4000,3212.0000,3210.2000,3209.8000,3218.0000,3218.2000,3218.6000,3219.0000,3224.0000,1,1,1,4,1,1,1,1,1,1
SF,IH2106,2020-10-29 09:31:18.100,3214.0000,938,0,39464040.000,0,-,-,-,-,3212.8000,3212.6000,3212.0000,3210.2000,3209.8000,3217.8000,3218.6000,3219.0000,3224.0000,3226.2000,1,1,1,4,1,1,1,1,1,5
SF,IH2106,2020-10-29 09:31:18.600,3214.0000,938,0,39464040.000,0,-,-,-,-,3213.0000,3212.8000,3212.6000,3212.0000,3210.2000,3217.6000,3218.6000,3219.0000,3224.0000,3226.2000,1,1,1,1,4,1,1,1,1,5
SF,IH2106,2020-10-29 09:31:19.100,3214.0000,938,0,39464040.000,0,-,-,-,-,3213.2000,3213.0000,3212.6000,3212.0000,3210.2000,3217.6000,3218.6000,3219.0000,3224.0000,3226.2000,1,1,1,1,4,1,1,1,1,5
SF,IH2106,2020-10-29 09:31:19.600,3214.0000,938,0,39464040.000,0,-,-,-,-,3213.2000,3213.0000,3212.6000,3212.0000,3210.2000,3217.6000,3218.6000,3219.0000,3224.0000,3226.2000,1,1,1,1,3,1,1,1,1,5
SF,IH2106,2020-10-29 09:31:20.100,3214.0000,938,0,39464040.000,0,-,-,-,-,3213.4000,3213.2000,3213.0000,3212.0000,3210.2000,3217.6000,3218.6000,3219.0000,3224.0000,3226.2000,1,1,1,1,3,1,1,1,1,5
SF,IH2106,2020-10-29 09:31:20.600,3214.0000,938,0,39464040.000,0,-,-,-,-,3213.6000,3213.4000,3213.0000,3212.0000,3210.2000,3217.6000,3218.6000,3219.0000,3224.0000,3226.2000,1,1,1,1,3,1,1,1,1,5
SF,IH2106,2020-10-29 09:31:21.100,3217.6000,937,-1,40429320.000,1,0,1,双平,S,3213.6000,3213.4000,3213.0000,3212.0000,3210.2000,3218.6000,3219.0000,3224.0000,3226.2000,3229.0000,1,1,1,1,3,1,1,1,5,1
SF,IH2106,2020-10-29 09:31:21.600,3217.6000,937,0,40429320.000,0,-,-,-,-,3213.8000,3213.6000,3213.0000,3212.0000,3210.2000,3218.6000,3219.0000,3224.0000,3226.2000,3229.0000,1,1,1,1,3,1,1,1,5,1
SF,IH2106,2020-10-29 09:31:22.100,3217.6000,937,0,40429320.000,0,-,-,-,-,3214.0000,3213.8000,3212.0000,3210.2000,3209.8000,3218.4000,3218.6000,3219.0000,3224.0000,3226.2000,2,1,1,3,1,1,1,1,1,5
SF,IH2106,2020-10-29 09:31:22.600,3217.6000,937,0,40429320.000,0,-,-,-,-,3217.6000,3214.0000,3213.8000,3212.0000,3210.2000,3218.2000,3218.4000,3218.6000,3219.0000,3224.0000,1,2,1,1,3,1,1,1,1,1
SF,IH2106,2020-10-29 09:31:23.100,3217.6000,937,0,41394600.000,1,0,1,多换,S,3214.0000,3212.0000,3210.2000,3209.8000,3209.0000,3218.2000,3218.6000,3219.0000,3224.0000,3226.2000,2,1,3,1,1,1,1,1,1,5
SF,IH2106,2020-10-29 09:31:23.600,3217.6000,937,0,41394600.000,0,-,-,-,-,3214.2000,3214.0000,3212.0000,3210.2000,3209.8000,3218.2000,3218.6000,3219.0000,3224.0000,3226.2000,1,1,1,3,1,1,1,1,1,5
SF,IH2106,2020-10-29 09:31:24.100,3217.6000,937,0,41394600.000,0,-,-,-,-,3214.4000,3214.2000,3212.0000,3210.2000,3209.8000,3218.2000,3218.6000,3219.0000,3224.0000,3226.2000,1,1,1,3,1,1,1,1,1,5
SF,IH2106,2020-10-29 09:31:24.600,3217.6000,937,0,41394600.000,0,-,-,-,-,3214.6000,3214.4000,3212.0000,3210.2000,3209.8000,3218.2000,3218.6000,3219.0000,3224.0000,3226.2000,1,1,1,3,1,1,1,1,1,5
SF,IH2106,2020-10-29 09:31:25.100,3217.6000,937,0,41394600.000,0,-,-,-,-,3214.8000,3214.6000,3212.0000,3210.2000,3209.8000,3216.4000,3218.2000,3218.6000,3219.0000,3224.0000,1,1,1,3,1,1,1,1,1,1
SF,IH2106,2020-10-29 09:31:25.600,3217.6000,937,0,41394600.000,0,-,-,-,-,3215.0000,3212.0000,3210.2000,3209.8000,3209.0000,3216.4000,3218.2000,3218.6000,3219.0000,3224.0000,1,1,3,1,1,1,1,1,1,1
SF,IH2106,2020-10-29 09:31:26.100,3215.0000,936,-1,42359100.000,1,0,1,双平,S,3212.0000,3210.2000,3209.8000,3209.0000,3208.8000,3216.4000,3218.2000,3218.6000,3219.0000,3224.0000,1,3,1,1,1,1,1,1,1,1
SF,IH2106,2020-10-29 09:31:26.600,3215.0000,936,0,42359100.000,0,-,-,-,-,3212.2000,3212.0000,3210.2000,3209.8000,3209.0000,3216.4000,3218.2000,3218.6000,3219.0000,3224.0000,2,1,3,1,1,1,1,1,1,1
SF,IH2106,2020-10-29 09:31:27.100,3215.0000,936,0,42359100.000,0,-,-,-,-,3213.0000,3212.2000,3212.0000,3210.2000,3209.8000,3216.4000,3218.2000,3218.6000,3219.0000,3224.0000,1,2,1,3,1,1,1,1,1,1
SF,IH2106,2020-10-29 09:31:27.600,3215.0000,936,0,42359100.000,0,-,-,-,-,3213.4000,3213.2000,3213.0000,3212.2000,3212.0000,3216.4000,3218.2000,3218.6000,3219.0000,3224.0000,1,1,1,1,1,1,1,1,1,1
SF,IH2106,2020-10-29 09:31:28.100,3215.0000,936,0,42359100.000,0,-,-,-,-,3213.6000,3213.4000,3213.0000,3212.2000,3212.0000,3216.4000,3218.2000,3218.6000,3219.0000,3224.0000,1,1,1,1,1,1,1,1,1,1
SF,IH2106,2020-10-29 09:31:28.600,3215.0000,936,0,42359100.000,0,-,-,-,-,3213.6000,3213.4000,3213.0000,3212.2000,3212.0000,3218.2000,3218.6000,3219.0000,3224.0000,3226.2000,1,1,1,1,1,1,1,1,1,5
SF,IH2106,2020-10-29 09:31:29.100,3215.0000,936,0,42359100.000,0,-,-,-,-,3213.6000,3213.4000,3213.0000,3212.2000,3212.0000,3218.0000,3218.2000,3218.6000,3219.0000,3224.0000,1,1,1,1,1,1,1,1,1,1
SF,IH2106,2020-10-29 09:31:29.600,3215.0000,936,0,42359100.000,0,-,-,-,-,3213.6000,3213.4000,3213.0000,3212.2000,3212.0000,3217.8000,3218.0000,3218.2000,3218.6000,3219.0000,1,1,1,1,1,1,1,1,2,1
SF,IH2106,2020-10-29 09:31:30.100,3215.0000,936,0,42359100.000,0,-,-,-,-,3213.6000,3213.4000,3213.0000,3212.2000,3212.0000,3217.6000,3217.8000,3218.2000,3218.6000,3219.0000,1,1,1,1,1,1,1,1,2,1
SF,IH2106,2020-10-29 09:31:30.600,3215.0000,936,0,42359100.000,0,-,-,-,-,3213.6000,3213.4000,3212.2000,3212.0000,3210.2000,3217.4000,3217.6000,3217.8000,3218.2000,3218.6000,1,1,1,1,3,1,1,1,1,1
SF,IH2106,2020-10-29 09:31:31.100,3215.0000,936,0,42359100.000,0,-,-,-,-,3213.8000,3213.6000,3213.4000,3212.0000,3210.2000,3217.2000,3217.4000,3217.8000,3218.2000,3218.6000,1,1,1,1,3,1,1,1,1,1
SF,IH2106,2020-10-29 09:31:31.600,3215.0000,936,0,42359100.000,0,-,-,-,-,3214.0000,3213.8000,3213.4000,3212.0000,3210.2000,3217.0000,3217.2000,3217.4000,3217.8000,3218.6000,1,1,1,1,3,1,1,1,1,1
SF,IH2106,2020-10-29 09:31:32.100,3215.0000,936,0,42359100.000,0,-,-,-,-,3214.0000,3212.0000,3210.2000,3209.8000,3209.0000,3216.8000,3217.0000,3217.4000,3217.8000,3218.6000,1,1,3,1,1,1,1,1,1,1
SF,IH2106,2020-10-29 09:31:33.100,3214.0000,935,-1,43323300.000,1,0,1,双平,S,3212.0000,3210.2000,3209.8000,3209.0000,3208.8000,3216.6000,3216.8000,3217.0000,3217.4000,3218.6000,1,3,1,1,1,2,1,1,1,1
SF,IH2106,2020-10-29 09:31:33.600,3214.0000,935,0,43323300.000,0,-,-,-,-,3212.2000,3212.0000,3210.2000,3209.8000,3209.0000,3216.6000,3216.8000,3218.6000,3219.0000,3224.0000,1,1,3,1,1,1,1,1,1,1
SF,IH2106,2020-10-29 09:31:34.100,3214.0000,935,0,43323300.000,0,-,-,-,-,3212.2000,3212.0000,3210.2000,3209.8000,3209.0000,3216.6000,3218.6000,3219.0000,3224.0000,3226.2000,1,1,3,1,1,1,1,1,1,5
SF,IH2106,2020-10-29 09:31:35.100,3214.0000,935,0,43323300.000,0,-,-,-,-,3212.6000,3212.2000,3212.0000,3210.2000,3209.8000,3216.6000,3218.6000,3219.0000,3224.0000,3226.2000,1,1,1,3,1,1,1,1,1,5
SF,IH2106,2020-10-29 09:31:35.600,3214.0000,935,0,43323300.000,0,-,-,-,-,3212.8000,3212.6000,3212.0000,3210.2000,3209.8000,3216.6000,3218.6000,3219.0000,3224.0000,3226.2000,1,1,1,3,1,1,1,1,1,5
SF,IH2106,2020-10-29 09:31:36.600,3214.0000,935,0,43323300.000,0,-,-,-,-,3212.8000,3212.6000,3212.0000,3210.2000,3209.8000,3216.6000,3218.6000,3219.0000,3224.0000,3226.2000,1,1,1,3,1,1,1,1,1,5
SF,IH2106,2020-10-29 09:31:38.100,3214.0000,935,0,43323300.000,0,-,-,-,-,3213.0000,3212.8000,3212.0000,3210.2000,3209.8000,3216.6000,3218.6000,3219.0000,3224.0000,3226.2000,1,2,1,3,1,1,1,1,1,5
SF,IH2106,2020-10-29 09:31:38.600,3216.6000,934,-1,44288280.000,1,0,1,双平,S,3213.2000,3213.0000,3212.8000,3212.0000,3210.2000,3218.6000,3219.0000,3224.0000,3226.2000,3229.0000,2,1,1,1,3,1,1,1,5,1
SF,IH2106,2020-10-29 09:31:39.600,3216.6000,934,0,44288280.000,0,-,-,-,-,3214.0000,3213.8000,3213.2000,3212.0000,3210.2000,3218.6000,3219.0000,3224.0000,3226.2000,3229.0000,1,1,2,1,3,1,1,1,5,1
SF,IH2106,2020-10-29 09:31:40.100,3216.6000,934,0,44288280.000,0,-,-,-,-,3214.2000,3214.0000,3213.8000,3212.0000,3211.8000,3218.6000,3219.0000,3224.0000,3226.2000,3229.0000,2,1,1,1,1,1,1,1,5,1
SF,IH2106,2020-10-29 09:31:42.100,3216.6000,934,0,44288280.000,0,-,-,-,-,3214.6000,3214.2000,3212.0000,3211.8000,3210.2000,3218.6000,3219.0000,3224.0000,3226.2000,3229.0000,1,2,1,1,2,1,1,1,5,1
SF,IH2106,2020-10-29 09:31:42.600,3216.6000,934,0,44288280.000,0,-,-,-,-,3214.8000,3214.6000,3212.0000,3211.8000,3210.2000,3218.4000,3218.6000,3219.0000,3224.0000,3226.2000,1,1,1,1,2,2,1,1,1,5
SF,IH2106,2020-10-29 09:31:43.100,3216.6000,934,0,44288280.000,0,-,-,-,-,3214.8000,3212.0000,3211.8000,3210.2000,3209.8000,3218.4000,3218.6000,3219.0000,3224.0000,3226.2000,1,1,1,2,1,2,1,1,1,5
SF,IH2106,2020-10-29 09:31:47.600,3216.6000,934,0,44288280.000,0,-,-,-,-,3214.8000,3212.0000,3211.8000,3210.2000,3209.8000,3218.4000,3218.6000,3219.0000,3224.0000,3226.2000,1,1,1,2,1,2,1,1,1,5
SF,IH2106,2020-10-29 09:31:48.100,3216.6000,934,0,44288280.000,0,-,-,-,-,3214.8000,3212.0000,3211.8000,3210.2000,3209.8000,3218.4000,3218.6000,3219.0000,3224.0000,3226.2000,1,1,1,2,1,2,1,1,1,5
SF,IH2106,2020-10-29 09:31:53.600,3216.6000,934,0,44288280.000,0,-,-,-,-,3214.8000,3212.0000,3211.8000,3210.2000,3209.8000,3218.4000,3218.6000,3219.0000,3224.0000,3226.2000,1,1,1,2,1,1,1,1,1,5
SF,IH2106,2020-10-29 09:31:54.100,3216.6000,934,0,44288280.000,0,-,-,-,-,3214.8000,3212.0000,3211.8000,3210.2000,3209.8000,3218.4000,3218.6000,3219.0000,3224.0000,3226.2000,1,1,1,2,1,1,1,1,1,5
SF,IH2106,2020-10-29 09:31:55.600,3216.6000,934,0,44288280.000,0,-,-,-,-,3214.8000,3212.0000,3210.2000,3209.8000,3209.0000,3218.4000,3218.6000,3219.0000,3224.0000,3226.2000,1,1,2,1,1,1,1,1,1,5
SF,IH2106,2020-10-29 09:31:56.100,3216.6000,934,0,44288280.000,0,-,-,-,-,3214.8000,3212.0000,3210.2000,3209.8000,3209.0000,3218.2000,3218.4000,3218.6000,3219.0000,3224.0000,1,1,2,1,1,1,1,1,1,1
SF,IH2106,2020-10-29 09:31:56.600,3216.6000,934,0,44288280.000,0,-,-,-,-,3214.8000,3212.0000,3210.2000,3209.8000,3209.0000,3218.4000,3218.6000,3219.0000,3224.0000,3226.2000,1,1,2,1,1,1,1,1,1,5
SF,IH2106,2020-10-29 09:31:59.600,3216.6000,934,0,44288280.000,0,-,-,-,-,3214.8000,3212.0000,3210.2000,3209.8000,3209.0000,3218.2000,3218.4000,3218.6000,3219.0000,3224.0000,1,1,2,1,1,1,1,1,1,1
SF,IH2106,2020-10-29 09:32:00.100,3216.6000,934,0,44288280.000,0,-,-,-,-,3214.8000,3212.0000,3210.2000,3209.8000,3209.0000,3218.0000,3218.2000,3218.6000,3219.0000,3224.0000,1,1,2,1,1,1,1,1,1,1
SF,IH2106,2020-10-29 09:32:00.600,3216.6000,934,0,44288280.000,0,-,-,-,-,3214.8000,3212.0000,3210.2000,3209.8000,3209.0000,3217.6000,3217.8000,3218.0000,3218.2000,3218.6000,1,1,2,1,1,1,1,1,1,1
SF,IH2106,2020-10-29 09:32:01.100,3214.8000,933,-1,45252720.000,1,0,1,双平,S,3212.0000,3210.2000,3209.8000,3209.0000,3208.8000,3217.4000,3217.8000,3218.2000,3218.6000,3219.0000,1,2,1,1,1,4,1,1,1,1
SF,IH2106,2020-10-29 09:32:01.600,3214.8000,933,0,45252720.000,0,-,-,-,-,3212.2000,3212.0000,3210.2000,3209.8000,3209.0000,3217.4000,3217.8000,3218.2000,3218.6000,3219.0000,1,1,2,1,1,4,1,1,1,1
SF,IH2106,2020-10-29 09:32:02.100,3214.8000,933,0,45252720.000,0,-,-,-,-,3212.0000,3210.2000,3209.8000,3209.0000,3208.8000,3216.8000,3217.4000,3217.8000,3218.2000,3218.6000,1,2,1,1,1,1,3,1,1,1
SF,IH2106,2020-10-29 09:32:02.600,3214.8000,933,0,45252720.000,0,-,-,-,-,3212.4000,3212.0000,3210.2000,3209.8000,3209.0000,3216.6000,3217.4000,3217.8000,3218.6000,3219.0000,1,1,2,1,1,3,1,1,1,1
SF,IH2106,2020-10-29 09:32:03.100,3214.8000,933,0,45252720.000,0,-,-,-,-,3212.4000,3212.2000,3212.0000,3210.2000,3209.8000,3216.6000,3217.4000,3217.8000,3218.6000,3219.0000,1,1,1,2,1,3,1,1,1,1
SF,IH2106,2020-10-29 09:32:03.600,3214.8000,933,0,45252720.000,0,-,-,-,-,3212.6000,3212.4000,3212.2000,3212.0000,3210.2000,3216.6000,3217.4000,3217.8000,3218.6000,3219.0000,1,1,1,1,2,3,1,1,1,1
SF,IH2106,2020-10-29 09:32:04.100,3214.8000,933,0,45252720.000,0,-,-,-,-,3212.6000,3212.2000,3212.0000,3210.2000,3209.8000,3216.6000,3217.4000,3217.8000,3218.6000,3219.0000,1,1,1,2,1,2,1,1,1,1
SF,IH2106,2020-10-29 09:32:04.600,3214.8000,933,0,45252720.000,0,-,-,-,-,3213.0000,3212.6000,3212.2000,3212.0000,3210.2000,3216.6000,3217.4000,3217.8000,3218.6000,3219.0000,1,1,1,1,2,1,1,1,1,1
SF,IH2106,2020-10-29 09:32:05.100,3214.8000,933,0,45252720.000,0,-,-,-,-,3212.6000,3212.0000,3210.2000,3209.8000,3209.0000,3216.2000,3216.4000,3216.6000,3217.4000,3217.8000,1,1,2,1,1,1,1,1,1,1
SF,IH2106,2020-10-29 09:32:05.600,3214.8000,933,0,45252720.000,0,-,-,-,-,3212.6000,3212.0000,3210.2000,3209.8000,3209.0000,3216.0000,3216.4000,3217.4000,3217.8000,3218.6000,1,1,2,1,1,1,1,1,1,1
SF,IH2106,2020-10-29 09:32:06.100,3214.8000,933,0,45252720.000,0,-,-,-,-,3213.0000,3210.2000,3209.8000,3209.0000,3208.8000,3215.8000,3216.0000,3216.4000,3217.4000,3218.6000,1,1,1,1,1,2,1,1,1,1
SF,IH2106,2020-10-29 09:32:06.600,3214.8000,933,0,45252720.000,0,-,-,-,-,3213.0000,3212.0000,3210.2000,3209.0000,3208.8000,3215.6000,3215.8000,3216.4000,3217.4000,3218.6000,1,1,1,1,1,2,2,1,1,1
SF,IH2106,2020-10-29 09:32:07.100,3214.8000,933,0,45252720.000,0,-,-,-,-,3213.0000,3212.0000,3210.2000,3209.0000,3208.8000,3214.2000,3215.4000,3215.6000,3215.8000,3216.4000,1,1,1,1,1,1,2,2,1,1
SF,IH2106,2020-10-29 09:32:07.600,3214.8000,933,0,45252720.000,0,-,-,-,-,3213.0000,3212.0000,3210.2000,3209.0000,3208.8000,3214.2000,3215.4000,3215.6000,3215.8000,3216.4000,1,1,1,1,1,1,2,1,1,1
SF,IH2106,2020-10-29 09:32:08.600,3213.0000,933,0,46216620.000,1,0,1,多换,S,3212.0000,3210.2000,3208.8000,3206.0000,3205.0000,3215.4000,3215.6000,3215.8000,3216.4000,3218.6000,1,1,1,3,1,2,1,1,1,1
SF,IH2106,2020-10-29 09:32:09.100,3213.0000,933,0,46216620.000,0,-,-,-,-,3212.0000,3210.2000,3208.8000,3206.0000,3205.0000,3214.2000,3215.2000,3215.4000,3215.8000,3216.4000,1,1,1,3,1,1,1,2,1,1
SF,IH2106,2020-10-29 09:32:10.600,3213.0000,933,0,46216620.000,0,-,-,-,-,3212.0000,3210.2000,3208.8000,3206.0000,3205.0000,3214.2000,3215.2000,3215.4000,3215.8000,3216.4000,1,1,1,3,1,1,1,2,1,1
SF,IH2106,2020-10-29 09:32:11.100,3213.0000,933,0,46216620.000,0,-,-,-,-,3212.0000,3210.2000,3208.8000,3206.0000,3205.0000,3215.2000,3215.4000,3215.8000,3216.4000,3218.6000,1,1,1,3,1,1,1,1,1,1
SF,IH2106,2020-10-29 09:32:12.100,3213.0000,933,0,46216620.000,0,-,-,-,-,3212.0000,3210.2000,3208.8000,3206.0000,3205.0000,3214.8000,3215.2000,3215.4000,3215.8000,3216.4000,1,1,1,3,1,1,1,1,1,1
SF,IH2106,2020-10-29 09:32:12.600,3213.0000,933,0,46216620.000,0,-,-,-,-,3212.0000,3210.2000,3208.8000,3206.0000,3205.0000,3214.6000,3215.4000,3215.8000,3218.6000,3219.0000,1,1,1,3,1,4,1,1,1,1
SF,IH2106,2020-10-29 09:32:17.100,3212.0000,932,-1,47180220.000,1,0,1,双平,S,3210.2000,3208.8000,3206.0000,3205.0000,3203.4000,3214.6000,3215.4000,3215.8000,3218.6000,3219.0000,1,1,3,1,5,4,1,1,1,1
SF,IH2106,2020-10-29 09:32:17.600,3212.0000,932,0,47180220.000,0,-,-,-,-,3210.2000,3208.8000,3206.0000,3205.0000,3203.4000,3214.2000,3214.6000,3215.4000,3215.8000,3218.6000,1,1,3,1,5,1,3,1,1,1
SF,IH2106,2020-10-29 09:32:18.100,3212.0000,932,0,47180220.000,0,-,-,-,-,3210.2000,3208.8000,3206.0000,3205.0000,3203.4000,3213.8000,3214.0000,3214.6000,3215.4000,3218.6000,1,1,3,1,5,1,3,1,1,1
SF,IH2106,2020-10-29 09:32:18.600,3210.2000,932,0,48143280.000,1,0,1,多换,S,3208.8000,3206.0000,3205.0000,3203.4000,3202.2000,3213.4000,3213.6000,3214.0000,3214.6000,3218.6000,1,3,1,5,1,1,3,1,1,1
SF,IH2106,2020-10-29 09:32:19.100,3210.2000,932,0,48143280.000,0,-,-,-,-,3208.8000,3206.0000,3205.0000,3203.4000,3202.2000,3213.2000,3213.4000,3213.6000,3214.0000,3218.6000,1,3,1,5,1,3,1,1,1,1
SF,IH2106,2020-10-29 09:32:19.600,3210.2000,932,0,48143280.000,0,-,-,-,-,3209.2000,3209.0000,3208.8000,3206.0000,3205.0000,3213.2000,3213.6000,3214.0000,3218.6000,3219.0000,1,1,1,3,1,3,1,1,1,1
SF,IH2106,2020-10-29 09:32:20.100,3210.2000,932,0,48143280.000,0,-,-,-,-,3209.4000,3209.0000,3208.8000,3206.0000,3205.0000,3213.2000,3213.6000,3214.0000,3218.6000,3219.0000,1,1,1,3,1,3,1,1,1,1
SF,IH2106,2020-10-29 09:32:20.600,3210.2000,932,0,48143280.000,0,-,-,-,-,3209.4000,3209.0000,3208.8000,3206.0000,3205.0000,3212.8000,3213.2000,3213.6000,3214.0000,3218.6000,1,1,1,3,1,1,3,1,1,1
SF,IH2106,2020-10-29 09:32:21.100,3210.2000,932,0,48143280.000,0,-,-,-,-,3209.0000,3208.8000,3206.0000,3205.0000,3203.4000,3212.6000,3212.8000,3213.2000,3213.6000,3218.6000,1,1,3,1,5,2,1,2,1,1
SF,IH2106,2020-10-29 09:32:21.600,3210.2000,932,0,48143280.000,0,-,-,-,-,3209.4000,3209.0000,3208.8000,3205.0000,3203.4000,3212.6000,3213.2000,3213.6000,3218.6000,3219.0000,1,1,1,1,5,2,2,1,1,1
SF,IH2106,2020-10-29 09:32:22.100,3210.2000,932,0,48143280.000,0,-,-,-,-,3209.0000,3208.8000,3205.0000,3203.4000,3202.2000,3212.2000,3212.6000,3213.2000,3213.6000,3218.6000,1,1,1,5,1,1,2,2,1,1
SF,IH2106,2020-10-29 09:32:22.600,3210.2000,932,0,48143280.000,0,-,-,-,-,3209.4000,3209.2000,3209.0000,3208.8000,3205.0000,3212.6000,3213.2000,3218.6000,3219.0000,3224.0000,1,2,1,1,1,1,2,1,1,1
SF,IH2106,2020-10-29 09:32:23.100,3210.2000,932,0,48143280.000,0,-,-,-,-,3209.8000,3209.6000,3209.0000,3208.8000,3203.4000,3213.2000,3218.6000,3219.0000,3224.0000,3226.2000,1,2,1,1,5,1,1,1,1,5
SF,IH2106,2020-10-29 09:32:23.600,3210.2000,932,0,48143280.000,0,-,-,-,-,3210.0000,3209.8000,3209.6000,3209.0000,3208.8000,3212.2000,3213.2000,3218.6000,3219.0000,3224.0000,1,1,1,1,1,1,1,1,1,1
SF,IH2106,2020-10-29 09:32:25.100,3210.2000,932,0,48143280.000,0,-,-,-,-,3210.0000,3209.8000,3209.6000,3209.0000,3208.8000,3212.2000,3212.6000,3213.2000,3218.6000,3219.0000,1,1,1,1,1,1,1,1,1,1
SF,IH2106,2020-10-29 09:32:27.100,3212.2000,931,-1,49106940.000,1,0,1,双平,S,3210.0000,3209.8000,3209.6000,3209.0000,3208.8000,3212.6000,3213.2000,3218.6000,3219.0000,3224.0000,1,1,1,1,1,1,1,1,1,1
SF,IH2106,2020-10-29 09:32:27.600,3212.2000,931,0,49106940.000,0,-,-,-,-,3210.2000,3209.8000,3209.0000,3208.8000,3203.4000,3212.4000,3212.6000,3213.2000,3218.6000,3219.0000,1,1,1,1,5,1,1,1,1,1
SF,IH2106,2020-10-29 09:32:28.100,3212.2000,931,0,49106940.000,0,-,-,-,-,3210.2000,3209.8000,3209.0000,3208.8000,3203.4000,3212.4000,3212.6000,3218.6000,3219.0000,3224.0000,1,1,1,1,5,1,1,1,1,1
SF,IH2106,2020-10-29 09:32:28.600,3212.4000,930,-1,50070660.000,1,0,1,双平,S,3210.2000,3209.8000,3209.0000,3208.8000,3203.4000,3212.6000,3218.6000,3219.0000,3224.0000,3226.2000,1,1,1,1,5,1,1,1,1,5
SF,IH2106,2020-10-29 09:32:29.100,3212.6000,929,-1,51034440.000,1,0,1,双平,S,3210.2000,3209.0000,3208.8000,3203.4000,3202.2000,3212.0000,3218.6000,3219.0000,3224.0000,3226.2000,1,1,1,5,1,1,1,1,1,5
SF,IH2106,2020-10-29 09:32:29.600,3212.0000,928,-1,51998040.000,1,0,1,双平,S,3209.0000,3208.8000,3203.4000,3202.2000,3202.0000,3218.6000,3219.0000,3224.0000,3226.2000,3229.0000,1,1,5,1,1,1,1,1,5,1
SF,IH2106,2020-10-29 09:32:30.100,3212.0000,928,0,51998040.000,0,-,-,-,-,3209.2000,3209.0000,3208.8000,3203.4000,3202.2000,3218.4000,3218.6000,3219.0000,3224.0000,3226.2000,1,1,1,5,1,1,1,1,1,5
SF,IH2106,2020-10-29 09:32:30.600,3212.0000,928,0,51998040.000,0,-,-,-,-,3209.4000,3209.2000,3209.0000,3208.8000,3203.4000,3218.2000,3218.4000,3218.6000,3219.0000,3224.0000,1,1,1,1,5,1,1,1,1,1
SF,IH2106,2020-10-29 09:32:31.100,3212.0000,928,0,51998040.000,0,-,-,-,-,3210.0000,3209.6000,3209.4000,3209.0000,3208.8000,3214.2000,3218.0000,3218.2000,3218.6000,3219.0000,1,1,1,1,1,1,1,1,1,1
SF,IH2106,2020-10-29 09:32:31.600,3212.0000,928,0,51998040.000,0,-,-,-,-,3210.2000,3210.0000,3209.0000,3208.8000,3203.4000,3212.0000,3214.0000,3214.2000,3218.0000,3218.2000,2,1,1,1,5,1,1,1,1,1
SF,IH2106,2020-10-29 09:32:32.100,3212.0000,928,0,51998040.000,0,-,-,-,-,3210.2000,3210.0000,3209.0000,3208.8000,3203.4000,3212.0000,3214.0000,3214.2000,3218.0000,3218.2000,1,1,1,1,5,1,1,1,1,1
SF,IH2106,2020-10-29 09:32:32.600,3212.0000,928,0,51998040.000,0,-,-,-,-,3210.2000,3209.0000,3208.8000,3203.4000,3202.2000,3212.0000,3214.0000,3214.2000,3218.0000,3218.2000,1,1,1,5,1,1,1,1,1,1
SF,IH2106,2020-10-29 09:32:34.600,3212.0000,927,-1,52961640.000,1,0,1,双平,S,3210.2000,3209.0000,3208.8000,3203.4000,3202.2000,3212.0000,3214.0000,3214.2000,3218.0000,3218.2000,1,1,1,5,1,1,1,1,1,1
SF,IH2106,2020-10-29 09:32:35.100,3212.0000,926,-1,53925240.000,1,0,1,双平,S,3209.0000,3208.8000,3203.4000,3202.2000,3202.0000,3218.2000,3218.6000,3219.0000,3224.0000,3226.2000,1,1,5,1,1,1,1,1,1,5
SF,IH2106,2020-10-29 09:32:35.600,3212.0000,926,0,53925240.000,0,-,-,-,-,3209.2000,3209.0000,3208.8000,3203.4000,3202.2000,3214.2000,3218.2000,3218.6000,3219.0000,3224.0000,2,1,1,5,1,1,1,1,1,1
SF,IH2106,2020-10-29 09:32:36.100,3212.0000,926,0,53925240.000,0,-,-,-,-,3209.2000,3209.0000,3208.8000,3203.4000,3202.2000,3218.2000,3218.6000,3219.0000,3224.0000,3226.2000,2,1,1,5,1,1,1,1,1,5
SF,IH2106,2020-10-29 09:32:36.600,3212.0000,926,0,53925240.000,0,-,-,-,-,3209.6000,3209.4000,3209.2000,3209.0000,3208.8000,3216.4000,3218.0000,3218.2000,3218.6000,3219.0000,1,2,2,1,1,1,1,1,1,1
SF,IH2106,2020-10-29 09:32:37.100,3212.0000,926,0,53925240.000,0,-,-,-,-,3210.2000,3209.8000,3209.6000,3209.4000,3209.0000,3216.2000,3216.4000,3218.2000,3218.6000,3219.0000,1,2,1,2,1,1,1,1,1,1
SF,IH2106,2020-10-29 09:32:37.600,3212.0000,926,0,53925240.000,0,-,-,-,-,3210.4000,3209.6000,3209.0000,3208.8000,3203.4000,3214.2000,3216.2000,3218.2000,3218.6000,3219.0000,2,1,1,1,5,1,1,1,1,1
SF,IH2106,2020-10-29 09:32:38.100,3212.0000,926,0,53925240.000,0,-,-,-,-,3210.4000,3209.6000,3209.0000,3208.8000,3203.4000,3216.2000,3218.2000,3218.6000,3219.0000,3224.0000,2,1,1,1,5,1,1,1,1,1
SF,IH2106,2020-10-29 09:32:38.600,3212.0000,926,0,53925240.000,0,-,-,-,-,3210.4000,3209.6000,3209.0000,3208.8000,3203.4000,3216.0000,3216.2000,3218.2000,3218.6000,3219.0000,2,1,1,1,5,1,1,1,1,1
SF,IH2106,2020-10-29 09:32:39.100,3212.0000,926,0,53925240.000,0,-,-,-,-,3210.4000,3209.6000,3209.0000,3208.8000,3203.4000,3214.2000,3215.8000,3216.0000,3216.2000,3218.2000,2,1,1,1,5,1,1,1,1,1
SF,IH2106,2020-10-29 09:32:39.600,3212.0000,926,0,53925240.000,0,-,-,-,-,3210.4000,3209.6000,3209.0000,3208.8000,3203.4000,3215.8000,3216.2000,3218.2000,3218.6000,3219.0000,2,1,1,1,5,1,1,1,1,1
SF,IH2106,2020-10-29 09:32:40.100,3212.0000,926,0,53925240.000,0,-,-,-,-,3210.4000,3209.6000,3209.0000,3208.8000,3203.4000,3215.6000,3215.8000,3216.2000,3218.2000,3218.6000,2,1,1,1,5,1,1,1,1,1
SF,IH2106,2020-10-29 09:32:40.600,3212.0000,926,0,53925240.000,0,-,-,-,-,3211.0000,3210.4000,3209.6000,3209.0000,3208.8000,3215.4000,3215.6000,3215.8000,3216.2000,3218.6000,1,2,1,1,1,1,1,1,1,1
SF,IH2106,2020-10-29 09:32:41.100,3212.0000,926,0,53925240.000,0,-,-,-,-,3211.2000,3210.4000,3209.6000,3209.0000,3208.8000,3215.2000,3215.4000,3215.8000,3216.2000,3218.6000,1,1,1,1,1,1,1,1,1,1
SF,IH2106,2020-10-29 09:32:41.600,3212.0000,926,0,53925240.000,0,-,-,-,-,3211.2000,3210.4000,3209.6000,3209.0000,3208.8000,3214.8000,3215.2000,3215.4000,3215.8000,3216.2000,1,1,1,1,1,1,1,1,1,1
SF,IH2106,2020-10-29 09:32:42.100,3212.0000,926,0,53925240.000,0,-,-,-,-,3211.2000,3209.6000,3209.0000,3208.8000,3203.4000,3214.2000,3214.6000,3214.8000,3215.4000,3215.8000,1,1,1,1,5,1,1,1,1,1
SF,IH2106,2020-10-29 09:32:42.600,3212.0000,926,0,53925240.000,0,-,-,-,-,3211.2000,3209.6000,3208.8000,3203.4000,3202.2000,3214.0000,3214.2000,3215.4000,3215.8000,3216.2000,1,1,1,5,1,1,1,1,1,1
SF,IH2106,2020-10-29 09:32:43.100,3212.0000,926,0,53925240.000,0,-,-,-,-,3211.2000,3209.6000,3208.8000,3203.4000,3202.2000,3214.0000,3215.4000,3215.8000,3216.2000,3218.0000,1,1,1,5,1,1,1,1,1,1
SF,IH2106,2020-10-29 09:32:44.100,3212.0000,926,0,53925240.000,0,-,-,-,-,3211.4000,3211.2000,3209.6000,3208.8000,3203.4000,3214.0000,3215.4000,3215.8000,3216.2000,3218.0000,1,1,1,1,5,1,1,1,1,1
SF,IH2106,2020-10-29 09:32:44.600,3212.0000,926,0,53925240.000,0,-,-,-,-,3211.6000,3211.4000,3209.6000,3208.8000,3203.4000,3214.0000,3215.4000,3215.8000,3216.2000,3218.0000,1,1,1,1,5,1,1,1,1,1
SF,IH2106,2020-10-29 09:32:45.100,3212.0000,926,0,53925240.000,0,-,-,-,-,3211.6000,3211.4000,3209.6000,3208.8000,3203.4000,3215.4000,3215.8000,3216.2000,3218.0000,3218.6000,1,1,1,1,5,1,1,1,1,1
SF,IH2106,2020-10-29 09:32:45.600,3212.0000,926,0,53925240.000,0,-,-,-,-,3212.2000,3211.6000,3209.6000,3208.8000,3203.4000,3214.2000,3215.2000,3215.4000,3215.8000,3216.2000,1,1,1,1,5,1,1,1,1,1
SF,IH2106,2020-10-29 09:32:46.100,3212.2000,926,0,54888900.000,1,0,1,多换,S,3211.6000,3209.6000,3208.8000,3203.4000,3202.2000,3214.2000,3215.2000,3215.4000,3215.8000,3216.2000,1,1,1,5,1,1,1,1,1,1
SF,IH2106,2020-10-29 09:32:47.100,3212.2000,926,0,54888900.000,0,-,-,-,-,3211.6000,3209.6000,3208.8000,3203.4000,3202.2000,3214.2000,3215.2000,3215.4000,3215.8000,3216.2000,1,1,1,5,1,2,1,1,1,1
SF,IH2106,2020-10-29 09:32:47.600,3212.2000,926,0,54888900.000,0,-,-,-,-,3211.6000,3209.6000,3208.8000,3203.4000,3202.2000,3214.2000,3215.2000,3215.4000,3215.8000,3216.2000,1,1,1,5,1,1,1,1,1,1
SF,IH2106,2020-10-29 09:32:48.100,3212.2000,926,0,54888900.000,0,-,-,-,-,3211.8000,3211.6000,3209.6000,3208.8000,3203.4000,3214.2000,3218.0000,3218.6000,3219.0000,3224.0000,1,1,1,1,5,1,1,1,1,1
SF,IH2106,2020-10-29 09:32:52.600,3214.2000,925,-1,55853160.000,1,0,1,双平,S,3211.8000,3211.6000,3208.8000,3203.4000,3202.2000,3218.0000,3218.6000,3219.0000,3224.0000,3226.2000,1,1,1,5,1,1,1,1,1,5
SF,IH2106,2020-10-29 09:32:53.100,3214.2000,925,0,55853160.000,0,-,-,-,-,3212.0000,3211.8000,3208.8000,3203.4000,3202.2000,3216.4000,3217.8000,3218.0000,3218.6000,3219.0000,1,1,1,5,1,1,1,1,1,1
SF,IH2106,2020-10-29 09:32:53.600,3214.2000,925,0,55853160.000,0,-,-,-,-,3212.2000,3212.0000,3208.8000,3203.4000,3202.2000,3216.4000,3217.8000,3218.0000,3218.6000,3219.0000,1,1,1,5,1,1,1,1,1,1
SF,IH2106,2020-10-29 09:32:54.100,3214.2000,925,0,55853160.000,0,-,-,-,-,3212.4000,3212.2000,3208.8000,3203.4000,3202.2000,3216.4000,3217.8000,3218.0000,3218.6000,3219.0000,1,1,1,5,1,1,1,1,1,1
SF,IH2106,2020-10-29 09:32:54.600,3214.2000,925,0,55853160.000,0,-,-,-,-,3212.6000,3212.4000,3208.8000,3203.4000,3202.2000,3216.4000,3217.8000,3218.0000,3218.6000,3219.0000,1,1,1,5,1,1,1,1,1,1
SF,IH2106,2020-10-29 09:32:55.100,3214.2000,925,0,55853160.000,0,-,-,-,-,3212.8000,3212.6000,3208.8000,3203.4000,3202.2000,3216.4000,3217.8000,3218.0000,3218.6000,3219.0000,1,1,1,5,1,1,1,1,1,1
SF,IH2106,2020-10-29 09:32:55.600,3214.2000,925,0,55853160.000,0,-,-,-,-,3213.2000,3213.0000,3212.8000,3208.8000,3203.4000,3217.8000,3218.0000,3218.6000,3219.0000,3224.0000,1,2,1,1,5,1,1,1,1,1
SF,IH2106,2020-10-29 09:32:56.100,3214.2000,925,0,55853160.000,0,-,-,-,-,3213.4000,3213.0000,3208.8000,3203.4000,3202.2000,3216.4000,3217.8000,3218.0000,3218.6000,3219.0000,1,1,1,5,1,1,1,1,1,1
SF,IH2106,2020-10-29 09:32:56.600,3214.2000,925,0,55853160.000,0,-,-,-,-,3213.4000,3208.8000,3203.4000,3202.2000,3202.0000,3216.4000,3217.8000,3218.0000,3218.6000,3219.0000,1,1,5,1,1,1,1,1,1,1
SF,IH2106,2020-10-29 09:32:57.100,3214.2000,925,0,55853160.000,0,-,-,-,-,3213.4000,3208.8000,3203.4000,3202.2000,3202.0000,3217.8000,3218.0000,3218.6000,3219.0000,3224.0000,1,1,5,1,1,1,1,1,1,1
SF,IH2106,2020-10-29 09:32:57.600,3214.2000,925,0,55853160.000,0,-,-,-,-,3213.4000,3208.8000,3203.4000,3202.2000,3202.0000,3216.4000,3217.4000,3217.8000,3218.0000,3218.6000,1,1,5,1,1,1,1,1,1,1
SF,IH2106,2020-10-29 09:32:58.100,3214.2000,925,0,55853160.000,0,-,-,-,-,3213.4000,3208.8000,3203.4000,3202.2000,3202.0000,3216.4000,3217.8000,3218.0000,3218.6000,3219.0000,1,1,5,1,1,1,1,1,1,1
SF,IH2106,2020-10-29 09:32:58.600,3214.2000,925,0,55853160.000,0,-,-,-,-,3213.4000,3208.8000,3203.4000,3202.2000,3202.0000,3217.8000,3218.0000,3218.6000,3219.0000,3224.0000,1,1,5,1,1,1,1,1,1,1
SF,IH2106,2020-10-29 09:33:01.100,3214.2000,925,0,55853160.000,0,-,-,-,-,3213.4000,3208.8000,3203.4000,3202.2000,3202.0000,3217.4000,3217.8000,3218.0000,3218.6000,3219.0000,1,1,5,1,1,1,1,1,1,1
SF,IH2106,2020-10-29 09:33:01.600,3213.4000,924,-1,56817180.000,1,0,1,双平,S,3208.8000,3203.4000,3202.2000,3202.0000,3201.2000,3216.4000,3217.0000,3217.2000,3218.0000,3218.6000,1,5,1,1,1,1,1,2,1,1
SF,IH2106,2020-10-29 09:33:02.100,3213.4000,924,0,56817180.000,0,-,-,-,-,3209.0000,3208.8000,3203.4000,3202.2000,3202.0000,3216.4000,3217.2000,3218.0000,3218.6000,3219.0000,3,1,5,1,1,1,1,1,1,1
SF,IH2106,2020-10-29 09:33:02.600,3213.4000,924,0,56817180.000,0,-,-,-,-,3209.0000,3208.8000,3203.4000,3202.2000,3202.0000,3216.2000,3216.4000,3217.2000,3218.0000,3218.6000,3,1,5,1,1,2,1,1,1,1
SF,IH2106,2020-10-29 09:33:03.100,3213.4000,924,0,56817180.000,0,-,-,-,-,3209.0000,3208.8000,3203.4000,3202.2000,3202.0000,3216.0000,3216.2000,3216.4000,3217.2000,3218.0000,2,1,5,1,1,1,2,1,1,1
SF,IH2106,2020-10-29 09:33:03.600,3213.4000,924,0,56817180.000,0,-,-,-,-,3209.0000,3208.8000,3203.4000,3202.2000,3202.0000,3215.8000,3216.0000,3216.2000,3216.4000,3217.2000,2,1,5,1,1,2,1,1,1,1
SF,IH2106,2020-10-29 09:33:04.100,3213.4000,924,0,56817180.000,0,-,-,-,-,3209.6000,3209.0000,3208.8000,3203.4000,3202.2000,3215.6000,3215.8000,3216.2000,3216.4000,3217.2000,1,2,1,5,1,1,1,1,1,1
SF,IH2106,2020-10-29 09:33:04.600,3213.4000,924,0,56817180.000,0,-,-,-,-,3210.2000,3209.8000,3209.0000,3208.8000,3203.4000,3215.6000,3216.2000,3216.4000,3217.2000,3218.0000,1,2,1,1,5,1,1,1,1,1
SF,IH2106,2020-10-29 09:33:05.100,3213.4000,924,0,56817180.000,0,-,-,-,-,3210.4000,3210.2000,3209.8000,3209.0000,3208.8000,3215.4000,3215.6000,3216.2000,3216.4000,3217.2000,1,1,1,1,1,1,1,1,1,1
SF,IH2106,2020-10-29 09:33:05.600,3213.4000,924,0,56817180.000,0,-,-,-,-,3210.4000,3210.2000,3209.8000,3209.0000,3208.8000,3215.2000,3215.4000,3216.2000,3216.4000,3217.2000,1,1,1,1,1,2,1,1,1,1
SF,IH2106,2020-10-29 09:33:06.100,3213.4000,924,0,56817180.000,0,-,-,-,-,3210.8000,3210.4000,3209.8000,3209.0000,3208.8000,3215.2000,3216.2000,3216.4000,3217.2000,3218.0000,1,1,1,1,1,2,1,1,1,1
SF,IH2106,2020-10-29 09:33:06.600,3213.4000,924,0,56817180.000,0,-,-,-,-,3211.2000,3211.0000,3209.8000,3209.0000,3208.8000,3215.2000,3216.2000,3216.4000,3217.2000,3218.0000,1,1,1,1,1,1,1,1,1,1
SF,IH2106,2020-10-29 09:33:07.100,3213.4000,924,0,56817180.000,0,-,-,-,-,3211.6000,3211.4000,3209.8000,3209.0000,3208.8000,3216.2000,3217.2000,3218.0000,3218.6000,3219.0000,1,2,1,1,1,1,1,1,1,1
SF,IH2106,2020-10-29 09:33:07.600,3213.4000,924,0,56817180.000,0,-,-,-,-,3211.8000,3211.6000,3209.8000,3209.0000,3208.8000,3217.2000,3218.0000,3218.6000,3219.0000,3224.0000,2,1,1,1,1,1,1,1,1,1
SF,IH2106,2020-10-29 09:33:08.100,3213.4000,924,0,56817180.000,0,-,-,-,-,3211.8000,3209.8000,3209.0000,3208.8000,3203.4000,3217.0000,3217.2000,3218.0000,3218.6000,3219.0000,2,1,1,1,5,1,1,1,1,1
SF,IH2106,2020-10-29 09:33:08.600,3213.4000,924,0,56817180.000,0,-,-,-,-,3211.8000,3209.8000,3209.0000,3208.8000,3203.4000,3216.4000,3216.8000,3217.0000,3217.2000,3218.0000,1,1,1,1,5,1,1,1,1,1
SF,IH2106,2020-10-29 09:33:09.100,3213.4000,924,0,56817180.000,0,-,-,-,-,3211.8000,3209.8000,3209.0000,3208.8000,3203.4000,3216.2000,3216.4000,3216.8000,3217.2000,3218.0000,1,1,1,1,5,2,1,1,1,1
SF,IH2106,2020-10-29 09:33:09.600,3213.4000,924,0,56817180.000,0,-,-,-,-,3211.8000,3209.8000,3209.0000,3208.8000,3203.4000,3215.8000,3216.2000,3216.8000,3217.2000,3218.0000,1,1,1,1,5,1,2,1,1,1
SF,IH2106,2020-10-29 09:33:10.100,3213.4000,924,0,56817180.000,0,-,-,-,-,3211.8000,3209.0000,3208.8000,3203.4000,3202.2000,3215.4000,3215.6000,3216.2000,3216.8000,3218.0000,1,1,1,5,1,1,2,1,1,1
SF,IH2106,2020-10-29 09:33:10.600,3213.4000,924,0,56817180.000,0,-,-,-,-,3209.0000,3208.8000,3203.4000,3202.2000,3202.0000,3215.0000,3215.2000,3215.6000,3216.2000,3218.0000,1,1,5,1,1,1,3,1,1,1
SF,IH2106,2020-10-29 09:33:11.100,3213.4000,924,0,56817180.000,0,-,-,-,-,3209.6000,3209.2000,3209.0000,3208.8000,3203.4000,3214.8000,3218.0000,3218.6000,3219.0000,3224.0000,1,4,1,1,5,1,1,1,1,1
SF,IH2106,2020-10-29 09:33:11.600,3213.4000,924,0,56817180.000,0,-,-,-,-,3210.2000,3209.8000,3209.2000,3209.0000,3208.8000,3214.8000,3218.0000,3218.6000,3219.0000,3224.0000,1,2,3,1,1,1,1,1,1,1
SF,IH2106,2020-10-29 09:33:12.100,3213.4000,924,0,56817180.000,0,-,-,-,-,3210.4000,3210.2000,3209.8000,3209.2000,3209.0000,3214.8000,3218.0000,3218.6000,3219.0000,3224.0000,1,1,1,3,1,1,1,1,1,1
SF,IH2106,2020-10-29 09:33:12.600,3213.4000,924,0,56817180.000,0,-,-,-,-,3210.8000,3210.4000,3209.8000,3209.2000,3209.0000,3214.8000,3218.0000,3218.6000,3219.0000,3224.0000,1,1,1,3,1,1,1,1,1,1
SF,IH2106,2020-10-29 09:33:13.100,3213.4000,924,0,56817180.000,0,-,-,-,-,3211.0000,3210.8000,3209.8000,3209.2000,3209.0000,3214.8000,3218.0000,3218.6000,3219.0000,3224.0000,1,1,1,3,1,1,1,1,1,1
SF,IH2106,2020-10-29 09:33:13.600,3213.4000,924,0,56817180.000,0,-,-,-,-,3211.0000,3210.8000,3209.8000,3209.2000,3209.0000,3214.8000,3218.0000,3218.6000,3219.0000,3224.0000,2,1,1,3,1,1,1,1,1,1
SF,IH2106,2020-10-29 09:33:14.100,3213.4000,924,0,56817180.000,0,-,-,-,-,3211.0000,3210.8000,3209.2000,3209.0000,3208.8000,3214.8000,3218.0000,3218.6000,3219.0000,3224.0000,2,1,3,1,1,1,1,1,1,1
SF,IH2106,2020-10-29 09:33:14.600,3213.4000,924,0,56817180.000,0,-,-,-,-,3211.0000,3210.8000,3209.2000,3209.0000,3208.8000,3214.6000,3214.8000,3218.0000,3218.6000,3219.0000,1,1,3,1,1,1,1,1,1,1
SF,IH2106,2020-10-29 09:33:15.100,3213.4000,924,0,56817180.000,0,-,-,-,-,3209.2000,3209.0000,3208.8000,3203.4000,3202.2000,3214.2000,3214.4000,3214.6000,3218.0000,3218.6000,3,1,1,5,1,1,1,1,1,1
SF,IH2106,2020-10-29 09:33:15.600,3213.4000,924,0,56817180.000,0,-,-,-,-,3209.8000,3209.4000,3209.2000,3209.0000,3208.8000,3214.0000,3218.0000,3218.6000,3219.0000,3224.0000,1,2,3,1,1,1,1,1,1,1
SF,IH2106,2020-10-29 09:33:16.100,3213.4000,924,0,56817180.000,0,-,-,-,-,3210.0000,3209.8000,3209.4000,3209.2000,3209.0000,3214.0000,3218.0000,3218.6000,3219.0000,3224.0000,1,1,1,3,1,1,1,1,1,1
SF,IH2106,2020-10-29 09:33:16.600,3213.4000,924,0,56817180.000,0,-,-,-,-,3210.0000,3209.8000,3208.8000,3203.4000,3202.2000,3214.0000,3218.0000,3218.6000,3219.0000,3224.0000,1,1,1,5,1,1,1,1,1,1
SF,IH2106,2020-10-29 09:33:17.100,3213.4000,924,0,56817180.000,0,-,-,-,-,3210.0000,3208.8000,3203.4000,3202.2000,3202.0000,3214.0000,3218.0000,3218.6000,3219.0000,3224.0000,1,2,5,1,1,1,1,1,1,1
SF,IH2106,2020-10-29 09:33:17.600,3213.4000,924,0,56817180.000,0,-,-,-,-,3210.0000,3208.8000,3208.0000,3203.4000,3202.2000,3213.6000,3214.0000,3218.0000,3218.6000,3219.0000,1,2,1,5,1,1,1,1,1,1
SF,IH2106,2020-10-29 09:33:18.100,3213.4000,924,0,56817180.000,0,-,-,-,-,3210.2000,3210.0000,3208.8000,3208.0000,3203.4000,3218.0000,3218.6000,3219.0000,3224.0000,3226.2000,1,1,1,1,5,1,1,1,1,5
SF,IH2106,2020-10-29 09:33:18.600,3213.4000,924,0,56817180.000,0,-,-,-,-,3210.2000,3208.8000,3208.4000,3208.0000,3203.4000,3217.8000,3218.0000,3218.6000,3219.0000,3224.0000,1,1,1,1,5,1,1,1,1,1
SF,IH2106,2020-10-29 09:33:19.100,3213.4000,924,0,56817180.000,0,-,-,-,-,3210.2000,3208.8000,3208.4000,3208.0000,3203.4000,3217.6000,3217.8000,3218.0000,3218.6000,3219.0000,1,1,1,1,5,1,1,1,1,1
SF,IH2106,2020-10-29 09:33:19.600,3213.4000,924,0,56817180.000,0,-,-,-,-,3210.2000,3208.8000,3208.4000,3208.0000,3203.4000,3217.4000,3217.6000,3218.0000,3218.6000,3219.0000,1,1,1,1,5,1,1,1,1,1
SF,IH2106,2020-10-29 09:33:20.100,3213.4000,924,0,56817180.000,0,-,-,-,-,3208.8000,3208.4000,3208.0000,3203.4000,3202.2000,3217.2000,3217.4000,3217.6000,3218.0000,3218.6000,1,1,1,5,1,2,1,1,1,1
SF,IH2106,2020-10-29 09:33:20.600,3213.4000,924,0,56817180.000,0,-,-,-,-,3209.0000,3208.8000,3208.4000,3208.0000,3203.4000,3216.0000,3216.6000,3217.2000,3217.6000,3218.0000,1,1,1,1,5,1,1,2,1,1
SF,IH2106,2020-10-29 09:33:21.100,3213.4000,924,0,56817180.000,0,-,-,-,-,3209.0000,3208.8000,3208.0000,3203.4000,3202.2000,3215.8000,3216.0000,3216.2000,3216.6000,3217.2000,1,1,1,5,1,3,1,1,1,1
SF,IH2106,2020-10-29 09:33:21.600,3213.4000,924,0,56817180.000,0,-,-,-,-,3209.0000,3208.8000,3208.0000,3202.2000,3202.0000,3215.2000,3215.8000,3216.0000,3216.2000,3216.6000,1,1,1,1,1,1,3,1,1,1
SF,IH2106,2020-10-29 09:33:22.100,3213.4000,924,0,56817180.000,0,-,-,-,-,3209.0000,3208.8000,3208.0000,3202.2000,3202.0000,3215.0000,3215.2000,3215.8000,3216.0000,3216.6000,1,1,1,1,1,3,1,1,1,1
SF,IH2106,2020-10-29 09:33:22.600,3213.4000,924,0,56817180.000,0,-,-,-,-,3209.6000,3209.0000,3208.8000,3208.0000,3202.2000,3215.0000,3215.8000,3216.0000,3216.6000,3217.2000,1,1,1,1,1,3,2,1,1,1
SF,IH2106,2020-10-29 09:33:23.100,3213.4000,924,0,56817180.000,0,-,-,-,-,3209.8000,3209.6000,3208.8000,3208.0000,3202.2000,3215.0000,3215.8000,3216.0000,3216.6000,3217.2000,1,1,1,1,1,3,2,1,1,1
SF,IH2106,2020-10-29 09:33:23.600,3213.4000,924,0,56817180.000,0,-,-,-,-,3210.4000,3209.8000,3208.8000,3208.0000,3202.2000,3215.0000,3215.8000,3216.0000,3216.6000,3217.2000,1,1,1,1,1,3,2,1,1,1
SF,IH2106,2020-10-29 09:33:24.100,3213.4000,924,0,56817180.000,0,-,-,-,-,3211.0000,3210.4000,3209.8000,3208.8000,3208.0000,3215.0000,3215.8000,3216.0000,3217.2000,3218.0000,1,1,1,1,1,3,2,1,1,1
SF,IH2106,2020-10-29 09:33:24.600,3213.4000,924,0,56817180.000,0,-,-,-,-,3211.0000,3209.8000,3208.8000,3208.0000,3202.2000,3214.6000,3215.0000,3215.8000,3216.0000,3216.8000,1,1,1,1,1,1,3,2,1,1
SF,IH2106,2020-10-29 09:33:25.100,3213.4000,924,0,56817180.000,0,-,-,-,-,3211.0000,3208.8000,3208.0000,3202.2000,3202.0000,3214.2000,3214.4000,3215.0000,3215.8000,3216.0000,1,1,1,1,1,1,3,1,2,1
SF,IH2106,2020-10-29 09:33:25.600,3213.4000,924,0,56817180.000,0,-,-,-,-,3208.8000,3208.0000,3202.2000,3202.0000,3201.2000,3213.8000,3214.0000,3214.4000,3215.0000,3215.8000,1,1,1,1,1,1,3,1,1,1
SF,IH2106,2020-10-29 09:33:26.100,3213.4000,924,0,56817180.000,0,-,-,-,-,3209.0000,3208.8000,3208.0000,3202.2000,3202.0000,3215.0000,3215.8000,3216.8000,3218.0000,3218.6000,3,1,1,1,1,1,1,1,1,1
SF,IH2106,2020-10-29 09:33:26.600,3213.4000,924,0,56817180.000,0,-,-,-,-,3209.6000,3209.0000,3208.8000,3208.0000,3202.2000,3215.0000,3215.8000,3216.8000,3218.0000,3218.6000,1,3,1,1,1,1,1,1,1,1
SF,IH2106,2020-10-29 09:33:27.100,3213.4000,924,0,56817180.000,0,-,-,-,-,3209.8000,3209.6000,3209.0000,3208.8000,3208.0000,3214.6000,3215.0000,3215.8000,3216.8000,3218.0000,3,1,1,1,1,1,1,1,1,1
SF,IH2106,2020-10-29 09:33:27.600,3213.4000,924,0,56817180.000,0,-,-,-,-,3210.2000,3209.8000,3209.0000,3208.8000,3208.0000,3214.6000,3215.0000,3215.8000,3216.8000,3218.0000,1,3,1,1,1,1,1,1,1,1
SF,IH2106,2020-10-29 09:33:28.100,3213.4000,924,0,56817180.000,0,-,-,-,-,3210.6000,3210.4000,3209.8000,3209.0000,3208.8000,3214.6000,3215.0000,3215.8000,3216.8000,3218.0000,1,2,1,1,1,1,1,1,1,1
SF,IH2106,2020-10-29 09:33:28.600,3213.4000,924,0,56817180.000,0,-,-,-,-,3210.8000,3210.6000,3209.0000,3208.8000,3208.0000,3214.6000,3215.0000,3215.8000,3216.8000,3218.0000,2,1,1,1,1,1,1,1,1,1
SF,IH2106,2020-10-29 09:33:29.100,3213.4000,924,0,56817180.000,0,-,-,-,-,3210.8000,3210.6000,3209.0000,3208.8000,3208.0000,3214.4000,3214.6000,3215.0000,3215.8000,3216.8000,1,1,1,1,1,1,1,1,1,1
SF,IH2106,2020-10-29 09:33:29.600,3213.4000,924,0,56817180.000,0,-,-,-,-,3210.8000,3208.8000,3208.0000,3202.2000,3202.0000,3214.0000,3214.4000,3214.6000,3215.0000,3215.8000,1,1,1,1,1,1,1,1,1,1
SF,IH2106,2020-10-29 09:33:30.100,3213.4000,924,0,56817180.000,0,-,-,-,-,3208.8000,3208.0000,3202.2000,3202.0000,3201.2000,3213.6000,3213.8000,3214.6000,3215.0000,3215.8000,1,1,1,1,1,1,2,1,1,1
SF,IH2106,2020-10-29 09:33:30.600,3213.4000,924,0,56817180.000,0,-,-,-,-,3209.2000,3209.0000,3208.8000,3208.0000,3202.2000,3213.4000,3214.6000,3215.0000,3215.8000,3216.8000,2,2,1,1,1,1,1,1,1,1
SF,IH2106,2020-10-29 09:33:31.100,3213.4000,924,0,56817180.000,0,-,-,-,-,3209.4000,3209.2000,3209.0000,3208.8000,3208.0000,3213.4000,3215.8000,3216.8000,3218.0000,3218.6000,1,2,1,1,1,1,1,1,1,1
SF,IH2106,2020-10-29 09:33:31.600,3213.4000,924,0,56817180.000,0,-,-,-,-,3210.0000,3209.8000,3209.4000,3209.2000,3209.0000,3213.4000,3215.8000,3216.8000,3218.0000,3218.6000,1,1,1,1,1,1,1,1,1,1
SF,IH2106,2020-10-29 09:33:32.100,3213.4000,924,0,56817180.000,0,-,-,-,-,3210.2000,3210.0000,3209.8000,3209.2000,3209.0000,3213.4000,3215.8000,3216.8000,3218.0000,3218.6000,1,1,1,1,1,1,1,1,1,1
SF,IH2106,2020-10-29 09:33:32.600,3213.4000,924,0,56817180.000,0,-,-,-,-,3210.6000,3210.2000,3210.0000,3209.2000,3209.0000,3213.4000,3215.8000,3216.8000,3218.0000,3218.6000,1,1,1,1,1,1,1,1,1,1
SF,IH2106,2020-10-29 09:33:33.100,3213.4000,924,0,56817180.000,0,-,-,-,-,3210.8000,3210.0000,3209.2000,3209.0000,3208.8000,3213.4000,3215.8000,3216.8000,3218.0000,3218.6000,2,1,1,1,1,1,1,1,1,1
SF,IH2106,2020-10-29 09:33:33.600,3213.4000,924,0,56817180.000,0,-,-,-,-,3210.8000,3209.2000,3209.0000,3208.8000,3208.0000,3213.4000,3215.8000,3216.8000,3218.0000,3218.6000,2,1,1,1,1,1,1,1,1,1
SF,IH2106,2020-10-29 09:33:34.100,3213.4000,924,0,56817180.000,0,-,-,-,-,3210.8000,3209.2000,3209.0000,3208.8000,3208.0000,3213.4000,3215.8000,3216.8000,3218.0000,3218.6000,1,1,1,1,1,1,1,1,1,1
SF,IH2106,2020-10-29 09:33:34.600,3213.4000,924,0,56817180.000,0,-,-,-,-,3210.8000,3209.2000,3208.8000,3208.0000,3202.2000,3213.4000,3215.8000,3216.8000,3218.0000,3218.6000,1,1,1,1,1,1,1,1,1,1
SF,IH2106,2020-10-29 09:33:37.100,3213.4000,924,0,56817180.000,0,-,-,-,-,3210.8000,3209.2000,3208.8000,3208.0000,3202.2000,3213.4000,3215.8000,3216.8000,3218.0000,3218.6000,1,1,1,1,1,1,1,1,1,1
SF,IH2106,2020-10-29 09:33:37.600,3213.4000,924,0,56817180.000,0,-,-,-,-,3210.8000,3209.2000,3208.8000,3208.0000,3202.2000,3213.4000,3215.8000,3216.8000,3218.0000,3218.6000,1,1,1,1,1,1,1,1,1,1
SF,IH2106,2020-10-29 09:33:38.100,3213.4000,924,0,56817180.000,0,-,-,-,-,3209.2000,3208.8000,3208.0000,3202.2000,3202.0000,3213.4000,3215.8000,3216.8000,3218.0000,3218.6000,1,1,1,1,1,1,1,1,1,1
SF,IH2106,2020-10-29 09:33:38.600,3213.4000,924,0,56817180.000,0,-,-,-,-,3209.4000,3209.2000,3208.8000,3208.0000,3202.2000,3215.8000,3216.8000,3218.0000,3218.6000,3219.0000,2,1,1,1,1,1,1,1,1,1
SF,IH2106,2020-10-29 09:33:39.100,3213.4000,924,0,56817180.000,0,-,-,-,-,3209.4000,3209.2000,3208.8000,3208.0000,3202.2000,3215.2000,3215.6000,3215.8000,3216.8000,3218.0000,1,1,1,1,1,1,1,1,1,1
SF,IH2106,2020-10-29 09:33:39.600,3213.4000,924,0,56817180.000,0,-,-,-,-,3209.2000,3208.8000,3208.0000,3202.2000,3202.0000,3215.0000,3215.2000,3215.8000,3216.8000,3218.0000,1,1,1,1,1,3,1,1,1,1
SF,IH2106,2020-10-29 09:33:40.100,3213.4000,924,0,56817180.000,0,-,-,-,-,3209.2000,3208.8000,3208.0000,3202.2000,3202.0000,3214.2000,3215.0000,3215.2000,3215.8000,3216.8000,1,1,1,1,1,1,3,1,1,1
SF,IH2106,2020-10-29 09:33:40.600,3213.4000,924,0,56817180.000,0,-,-,-,-,3209.2000,3208.8000,3208.0000,3202.2000,3202.0000,3214.0000,3214.2000,3215.0000,3215.8000,3216.8000,1,1,1,1,1,3,1,1,1,1
SF,IH2106,2020-10-29 09:33:41.100,3213.4000,924,0,56817180.000,0,-,-,-,-,3209.2000,3208.8000,3208.0000,3202.2000,3202.0000,3213.6000,3214.0000,3214.2000,3215.0000,3215.8000,1,1,1,1,1,1,3,1,1,1
SF,IH2106,2020-10-29 09:33:41.600,3213.4000,924,0,56817180.000,0,-,-,-,-,3209.2000,3208.8000,3208.0000,3202.2000,3202.0000,3213.4000,3213.6000,3214.0000,3215.0000,3215.8000,1,1,1,1,1,3,1,1,1,1
SF,IH2106,2020-10-29 09:33:42.100,3213.4000,924,0,56817180.000,0,-,-,-,-,3209.4000,3209.2000,3208.8000,3208.0000,3202.2000,3213.4000,3213.6000,3214.0000,3215.0000,3215.8000,1,1,1,1,1,2,1,1,1,1
SF,IH2106,2020-10-29 09:33:42.600,3213.4000,924,0,56817180.000,0,-,-,-,-,3209.2000,3208.8000,3208.0000,3202.2000,3202.0000,3213.2000,3213.4000,3214.0000,3215.0000,3215.8000,1,1,1,1,1,1,2,1,1,1
SF,IH2106,2020-10-29 09:33:43.100,3213.4000,924,0,56817180.000,0,-,-,-,-,3209.6000,3209.2000,3208.8000,3208.0000,3202.2000,3213.0000,3213.4000,3214.0000,3215.0000,3215.8000,1,1,1,1,1,1,1,1,1,1
SF,IH2106,2020-10-29 09:33:48.600,3213.4000,924,0,56817180.000,0,-,-,-,-,3209.6000,3209.2000,3208.8000,3208.0000,3202.2000,3213.0000,3213.4000,3214.0000,3215.0000,3215.8000,1,1,1,1,1,1,1,1,1,1
SF,IH2106,2020-10-29 09:33:52.600,3213.4000,924,0,56817180.000,0,-,-,-,-,3209.6000,3209.2000,3208.8000,3208.0000,3202.2000,3213.0000,3213.4000,3215.0000,3215.8000,3216.8000,1,1,1,1,1,1,1,1,1,1
SF,IH2106,2020-10-29 09:33:53.100,3213.4000,924,0,56817180.000,0,-,-,-,-,3209.8000,3209.6000,3209.2000,3208.8000,3208.0000,3213.0000,3215.0000,3215.8000,3216.8000,3218.0000,1,1,1,1,1,1,1,1,1,1
SF,IH2106,2020-10-29 09:33:53.600,3213.4000,924,0,56817180.000,0,-,-,-,-,3210.2000,3210.0000,3209.8000,3209.2000,3208.8000,3215.0000,3215.8000,3216.8000,3218.0000,3218.6000,1,1,1,1,1,1,1,1,1,1
SF,IH2106,2020-10-29 09:33:54.100,3213.4000,924,0,56817180.000,0,-,-,-,-,3210.4000,3209.8000,3209.2000,3208.8000,3208.0000,3214.8000,3215.0000,3215.8000,3216.8000,3218.0000,1,1,1,1,1,1,1,1,1,1
SF,IH2106,2020-10-29 09:33:54.600,3213.4000,924,0,56817180.000,0,-,-,-,-,3210.4000,3209.2000,3208.8000,3208.0000,3202.2000,3214.4000,3214.6000,3214.8000,3215.0000,3215.8000,1,1,1,1,1,1,1,1,1,1
SF,IH2106,2020-10-29 09:33:55.100,3213.4000,924,0,56817180.000,0,-,-,-,-,3210.4000,3209.2000,3208.8000,3208.0000,3202.2000,3214.0000,3214.2000,3214.6000,3215.0000,3215.8000,1,1,1,1,1,1,2,1,1,1
SF,IH2106,2020-10-29 09:33:55.600,3213.4000,924,0,56817180.000,0,-,-,-,-,3210.4000,3209.2000,3208.8000,3208.0000,3202.2000,3213.6000,3213.8000,3214.2000,3214.6000,3215.0000,1,1,1,1,1,1,1,1,1,1
SF,IH2106,2020-10-29 09:33:56.100,3213.4000,924,0,56817180.000,0,-,-,-,-,3210.4000,3209.2000,3208.8000,3208.0000,3202.2000,3213.2000,3213.8000,3214.2000,3214.6000,3215.0000,1,1,1,1,1,1,1,1,1,1
SF,IH2106,2020-10-29 09:33:58.100,3213.4000,924,0,56817180.000,0,-,-,-,-,3210.4000,3209.2000,3208.8000,3208.0000,3202.2000,3213.0000,3213.8000,3214.2000,3214.6000,3215.0000,1,1,1,1,1,1,1,1,1,1
SF,IH2106,2020-10-29 09:33:58.600,3213.4000,924,0,56817180.000,0,-,-,-,-,3209.2000,3208.8000,3208.0000,3202.2000,3202.0000,3212.8000,3213.0000,3213.8000,3214.2000,3214.6000,1,1,1,1,1,1,1,1,1,1
SF,IH2106,2020-10-29 09:33:59.100,3213.4000,924,0,56817180.000,0,-,-,-,-,3209.6000,3209.2000,3208.8000,3208.0000,3202.2000,3212.8000,3213.8000,3214.2000,3214.6000,3215.0000,1,1,1,1,1,1,1,1,1,1
SF,IH2106,2020-10-29 09:33:59.600,3213.4000,924,0,56817180.000,0,-,-,-,-,3210.0000,3209.2000,3208.8000,3208.0000,3202.2000,3212.8000,3213.8000,3214.2000,3214.6000,3215.0000,1,1,1,1,1,1,1,1,1,1
SF,IH2106,2020-10-29 09:34:00.100,3213.4000,924,0,56817180.000,0,-,-,-,-,3209.2000,3208.8000,3208.0000,3202.2000,3202.0000,3212.8000,3213.8000,3214.2000,3214.6000,3215.0000,1,1,1,1,1,1,1,1,1,1
SF,IH2106,2020-10-29 09:34:00.600,3213.4000,924,0,56817180.000,0,-,-,-,-,3209.6000,3209.4000,3209.2000,3208.8000,3208.0000,3212.8000,3214.2000,3214.6000,3215.0000,3215.8000,1,1,1,1,1,1,1,1,1,1
SF,IH2106,2020-10-29 09:34:01.100,3213.4000,924,0,56817180.000,0,-,-,-,-,3209.2000,3208.8000,3208.0000,3202.2000,3202.0000,3212.8000,3214.2000,3214.6000,3215.0000,3215.8000,1,1,1,1,1,1,1,1,1,1
SF,IH2106,2020-10-29 09:34:01.600,3213.4000,924,0,56817180.000,0,-,-,-,-,3209.2000,3208.8000,3208.0000,3202.2000,3202.0000,3212.4000,3212.6000,3212.8000,3214.2000,3214.6000,1,1,1,1,1,1,1,1,1,1
SF,IH2106,2020-10-29 09:34:02.100,3213.4000,924,0,56817180.000,0,-,-,-,-,3209.2000,3208.8000,3208.0000,3202.2000,3202.0000,3212.0000,3212.2000,3214.2000,3214.6000,3215.0000,1,1,1,1,1,1,2,1,1,1
SF,IH2106,2020-10-29 09:34:02.600,3213.4000,924,0,56817180.000,0,-,-,-,-,3209.2000,3208.8000,3208.0000,3202.2000,3202.0000,3211.8000,3212.0000,3214.2000,3214.6000,3215.8000,1,1,1,1,1,4,1,1,1,1
SF,IH2106,2020-10-29 09:34:03.100,3213.4000,924,0,56817180.000,0,-,-,-,-,3209.2000,3208.8000,3208.0000,3202.2000,3202.0000,3211.8000,3214.2000,3214.6000,3215.8000,3216.8000,1,1,1,1,1,3,1,1,1,1
SF,IH2106,2020-10-29 09:34:04.100,3213.4000,924,0,56817180.000,0,-,-,-,-,3209.2000,3208.8000,3208.0000,3202.2000,3202.0000,3211.6000,3211.8000,3214.2000,3214.6000,3215.8000,1,1,1,1,1,1,3,1,1,1
SF,IH2106,2020-10-29 09:34:04.600,3213.4000,924,0,56817180.000,0,-,-,-,-,3209.2000,3208.8000,3208.0000,3202.2000,3202.0000,3211.8000,3214.2000,3214.6000,3215.8000,3216.8000,1,1,1,1,1,2,1,1,1,1
SF,IH2106,2020-10-29 09:34:05.600,3213.4000,924,0,56817180.000,0,-,-,-,-,3209.2000,3208.8000,3208.0000,3202.2000,3202.0000,3211.6000,3211.8000,3214.2000,3214.6000,3215.8000,1,1,1,1,1,1,2,1,1,1
SF,IH2106,2020-10-29 09:34:06.100,3213.4000,924,0,56817180.000,0,-,-,-,-,3209.2000,3208.8000,3208.0000,3202.2000,3202.0000,3211.8000,3214.2000,3214.6000,3215.8000,3216.8000,1,1,1,1,1,2,1,1,1,1
SF,IH2106,2020-10-29 09:34:07.100,3213.4000,924,0,56817180.000,0,-,-,-,-,3209.2000,3208.8000,3208.0000,3202.2000,3202.0000,3211.6000,3211.8000,3214.2000,3214.6000,3215.8000,1,1,1,1,1,1,2,1,1,1
SF,IH2106,2020-10-29 09:34:08.100,3209.2000,924,0,57779940.000,1,0,1,多换,S,3208.8000,3208.0000,3202.2000,3202.0000,3201.2000,3211.6000,3211.8000,3214.2000,3214.6000,3215.8000,1,1,1,1,1,1,2,1,1,1
SF,IH2106,2020-10-29 09:34:08.600,3209.2000,924,0,57779940.000,0,-,-,-,-,3208.8000,3208.0000,3202.2000,3202.0000,3201.2000,3211.4000,3211.6000,3214.2000,3214.6000,3215.8000,1,1,1,1,1,3,1,1,1,1
SF,IH2106,2020-10-29 09:34:09.100,3209.2000,924,0,57779940.000,0,-,-,-,-,3208.8000,3208.0000,3202.2000,3202.0000,3201.2000,3211.2000,3211.4000,3214.2000,3215.8000,3216.8000,1,1,1,1,1,1,3,1,1,1
SF,IH2106,2020-10-29 09:34:09.600,3209.2000,924,0,57779940.000,0,-,-,-,-,3208.8000,3208.0000,3202.2000,3202.0000,3201.2000,3211.4000,3214.2000,3215.8000,3216.8000,3218.0000,1,1,1,1,1,2,1,1,1,1
SF,IH2106,2020-10-29 09:34:10.100,3209.2000,924,0,57779940.000,0,-,-,-,-,3208.8000,3208.0000,3202.2000,3202.0000,3201.2000,3211.2000,3211.4000,3214.2000,3215.8000,3216.8000,1,1,1,1,1,1,1,1,1,1
SF,IH2106,2020-10-29 09:34:10.600,3209.2000,924,0,57779940.000,0,-,-,-,-,3208.8000,3208.0000,3202.2000,3202.0000,3201.2000,3214.2000,3215.8000,3216.8000,3218.0000,3218.6000,1,1,1,1,1,1,1,1,1,1
SF,IH2106,2020-10-29 09:34:11.100,3209.2000,924,0,57779940.000,0,-,-,-,-,3208.8000,3208.0000,3202.2000,3202.0000,3201.2000,3214.0000,3214.2000,3215.8000,3216.8000,3218.0000,1,1,1,1,1,2,2,1,1,1
SF,IH2106,2020-10-29 09:34:11.600,3209.2000,924,0,57779940.000,0,-,-,-,-,3208.8000,3208.0000,3202.2000,3202.0000,3201.2000,3212.0000,3213.4000,3213.8000,3214.0000,3214.2000,1,1,1,1,1,1,1,1,2,1
SF,IH2106,2020-10-29 09:34:12.100,3209.2000,924,0,57779940.000,0,-,-,-,-,3208.8000,3208.0000,3202.2000,3202.0000,3201.2000,3211.8000,3212.0000,3213.0000,3213.8000,3214.0000,1,1,1,1,1,2,1,1,1,1
SF,IH2106,2020-10-29 09:34:12.600,3209.2000,924,0,57779940.000,0,-,-,-,-,3208.8000,3208.0000,3202.2000,3202.0000,3201.2000,3211.6000,3211.8000,3212.0000,3213.0000,3213.8000,1,1,1,1,1,1,2,1,1,1
SF,IH2106,2020-10-29 09:34:13.100,3209.2000,924,0,57779940.000,0,-,-,-,-,3208.8000,3208.0000,3202.2000,3202.0000,3201.2000,3211.4000,3211.6000,3211.8000,3213.0000,3213.8000,1,1,1,1,1,3,1,1,1,1
SF,IH2106,2020-10-29 09:34:13.600,3209.2000,924,0,57779940.000,0,-,-,-,-,3208.8000,3208.0000,3202.2000,3202.0000,3201.2000,3211.4000,3211.6000,3211.8000,3213.0000,3213.8000,1,1,1,1,1,1,1,1,1,1
SF,IH2106,2020-10-29 09:34:14.100,3209.2000,924,0,57779940.000,0,-,-,-,-,3208.8000,3208.0000,3202.2000,3202.0000,3201.2000,3211.4000,3213.0000,3213.8000,3215.8000,3216.8000,1,1,1,1,1,1,1,1,1,1
SF,IH2106,2020-10-29 09:34:15.100,3209.2000,924,0,57779940.000,0,-,-,-,-,3208.8000,3208.0000,3202.2000,3202.0000,3201.2000,3211.4000,3213.8000,3215.8000,3216.8000,3218.0000,1,1,1,1,1,1,1,1,1,1
SF,IH2106,2020-10-29 09:34:16.100,3209.2000,924,0,57779940.000,0,-,-,-,-,3208.8000,3208.0000,3202.2000,3202.0000,3201.2000,3211.2000,3211.4000,3213.8000,3215.8000,3216.8000,1,1,1,1,1,1,1,1,1,1
SF,IH2106,2020-10-29 09:34:16.600,3209.2000,924,0,57779940.000,0,-,-,-,-,3208.8000,3208.0000,3202.2000,3202.0000,3201.2000,3211.4000,3213.8000,3215.8000,3216.8000,3218.0000,1,1,1,1,1,1,1,1,1,1
SF,IH2106,2020-10-29 09:34:17.100,3209.2000,924,0,57779940.000,0,-,-,-,-,3209.0000,3208.8000,3208.0000,3202.2000,3202.0000,3211.4000,3213.8000,3215.8000,3216.8000,3218.0000,1,1,1,1,1,1,1,1,1,1
SF,IH2106,2020-10-29 09:34:17.600,3209.2000,924,0,57779940.000,0,-,-,-,-,3209.0000,3208.8000,3208.0000,3202.2000,3202.0000,3213.8000,3215.8000,3216.8000,3218.0000,3218.6000,1,1,1,1,1,1,1,1,1,1
SF,IH2106,2020-10-29 09:34:18.100,3209.2000,924,0,57779940.000,0,-,-,-,-,3209.4000,3209.2000,3209.0000,3208.8000,3208.0000,3213.6000,3213.8000,3215.8000,3216.8000,3218.6000,1,1,1,1,1,1,2,1,1,1
SF,IH2106,2020-10-29 09:34:18.600,3209.2000,924,0,57779940.000,0,-,-,-,-,3209.6000,3209.4000,3208.8000,3208.0000,3202.2000,3213.4000,3213.8000,3215.8000,3216.8000,3218.6000,2,1,1,1,1,1,2,1,1,1
SF,IH2106,2020-10-29 09:34:19.100,3209.2000,924,0,57779940.000,0,-,-,-,-,3210.0000,3209.6000,3209.4000,3208.8000,3208.0000,3213.4000,3213.8000,3215.8000,3216.8000,3218.6000,1,2,1,1,1,1,2,1,1,1
SF,IH2106,2020-10-29 09:34:19.600,3209.2000,924,0,57779940.000,0,-,-,-,-,3210.2000,3210.0000,3209.6000,3208.8000,3208.0000,3213.8000,3215.8000,3216.8000,3218.6000,3219.0000,1,1,1,1,1,2,1,1,1,1
SF,IH2106,2020-10-29 09:34:20.100,3209.2000,924,0,57779940.000,0,-,-,-,-,3210.2000,3210.0000,3209.6000,3208.8000,3208.0000,3213.4000,3213.8000,3215.8000,3216.8000,3218.6000,1,1,1,1,1,1,2,1,1,1
SF,IH2106,2020-10-29 09:34:20.600,3209.2000,924,0,57779940.000,0,-,-,-,-,3210.2000,3210.0000,3209.6000,3208.8000,3208.0000,3213.0000,3213.8000,3215.8000,3216.8000,3218.6000,1,1,1,1,1,1,2,1,1,1
SF,IH2106,2020-10-29 09:34:21.100,3209.2000,924,0,57779940.000,0,-,-,-,-,3210.2000,3210.0000,3209.6000,3208.8000,3208.0000,3213.8000,3215.8000,3216.8000,3218.6000,3219.0000,1,1,1,1,1,2,1,1,1,1
SF,IH2106,2020-10-29 09:34:21.600,3209.2000,924,0,57779940.000,0,-,-,-,-,3210.2000,3210.0000,3209.6000,3208.8000,3208.0000,3213.4000,3213.8000,3215.8000,3216.8000,3218.6000,1,1,1,1,1,1,2,1,1,1
SF,IH2106,2020-10-29 09:34:22.100,3209.2000,924,0,57779940.000,0,-,-,-,-,3210.6000,3210.4000,3210.2000,3210.0000,3208.8000,3213.8000,3215.8000,3216.8000,3218.6000,3219.0000,1,1,1,1,1,2,1,1,1,1
SF,IH2106,2020-10-29 09:34:22.600,3209.2000,924,0,57779940.000,0,-,-,-,-,3210.8000,3210.0000,3208.8000,3208.0000,3202.2000,3213.8000,3215.8000,3216.8000,3218.6000,3219.0000,2,1,1,1,1,2,1,1,1,1
SF,IH2106,2020-10-29 09:34:23.100,3209.2000,924,0,57779940.000,0,-,-,-,-,3210.8000,3210.0000,3208.8000,3208.0000,3202.2000,3213.8000,3215.8000,3216.8000,3218.6000,3219.0000,2,1,1,1,1,1,1,1,1,1
SF,IH2106,2020-10-29 09:34:24.100,3209.2000,924,0,57779940.000,0,-,-,-,-,3211.4000,3210.8000,3210.0000,3208.8000,3208.0000,3213.8000,3215.8000,3216.8000,3218.6000,3219.0000,1,2,1,1,1,1,1,1,1,1
SF,IH2106,2020-10-29 09:34:24.600,3209.2000,924,0,57779940.000,0,-,-,-,-,3211.4000,3210.8000,3210.0000,3208.8000,3208.0000,3213.8000,3215.8000,3216.8000,3218.6000,3219.0000,1,1,1,1,1,1,1,1,1,1
SF,IH2106,2020-10-29 09:34:28.600,3209.2000,924,0,57779940.000,0,-,-,-,-,3211.4000,3210.8000,3210.0000,3208.8000,3208.0000,3213.8000,3215.8000,3216.8000,3218.6000,3219.0000,1,1,1,1,2,1,1,1,1,1
SF,IH2106,2020-10-29 09:34:29.100,3209.2000,924,0,57779940.000,0,-,-,-,-,3212.0000,3210.8000,3210.0000,3208.8000,3208.0000,3213.8000,3215.8000,3216.8000,3218.6000,3219.0000,1,1,1,1,2,1,1,1,1,1
SF,IH2106,2020-10-29 09:34:30.600,3212.0000,924,0,58743540.000,1,0,1,多换,S,3210.8000,3210.0000,3208.8000,3208.0000,3202.2000,3213.8000,3215.8000,3216.8000,3218.6000,3219.0000,1,1,1,2,1,1,1,1,1,1
SF,IH2106,2020-10-29 09:34:31.100,3212.0000,924,0,58743540.000,0,-,-,-,-,3211.0000,3210.8000,3210.0000,3208.8000,3208.0000,3213.8000,3215.8000,3216.8000,3218.6000,3219.0000,1,1,1,1,2,1,1,1,1,1
SF,IH2106,2020-10-29 09:34:32.600,3212.0000,924,0,58743540.000,0,-,-,-,-,3211.0000,3210.8000,3208.8000,3208.0000,3202.2000,3213.8000,3215.8000,3216.8000,3218.6000,3219.0000,1,1,1,2,1,1,1,1,1,1
SF,IH2106,2020-10-29 09:34:33.100,3212.0000,924,0,58743540.000,0,-,-,-,-,3211.2000,3211.0000,3210.8000,3208.8000,3208.0000,3213.8000,3215.8000,3216.8000,3218.6000,3219.0000,1,1,1,1,2,1,1,1,1,1
SF,IH2106,2020-10-29 09:34:33.600,3212.0000,924,0,58743540.000,0,-,-,-,-,3211.4000,3211.2000,3210.8000,3208.8000,3208.0000,3213.8000,3215.8000,3216.8000,3218.6000,3219.0000,1,1,1,1,2,1,1,1,1,1
SF,IH2106,2020-10-29 09:34:34.100,3212.0000,924,0,58743540.000,0,-,-,-,-,3211.4000,3210.8000,3208.8000,3208.0000,3202.2000,3213.8000,3215.8000,3216.8000,3218.6000,3219.0000,1,1,1,2,1,1,1,1,1,1
SF,IH2106,2020-10-29 09:34:34.600,3212.0000,924,0,58743540.000,0,-,-,-,-,3211.4000,3208.8000,3208.0000,3202.2000,3202.0000,3213.6000,3213.8000,3215.8000,3216.8000,3218.6000,1,1,2,1,1,1,1,1,1,1
SF,IH2106,2020-10-29 09:34:35.100,3212.0000,924,0,58743540.000,0,-,-,-,-,3211.4000,3208.8000,3208.0000,3202.2000,3202.0000,3213.4000,3213.6000,3213.8000,3215.8000,3216.8000,1,1,2,1,1,1,1,1,1,1
SF,IH2106,2020-10-29 09:34:35.600,3212.0000,924,0,58743540.000,0,-,-,-,-,3208.8000,3208.0000,3202.2000,3202.0000,3201.2000,3213.4000,3213.8000,3215.8000,3216.8000,3218.6000,1,2,1,1,1,1,1,1,1,1
SF,IH2106,2020-10-29 09:34:36.100,3212.0000,924,0,58743540.000,0,-,-,-,-,3209.0000,3208.8000,3208.0000,3202.2000,3202.0000,3213.8000,3215.8000,3216.8000,3218.6000,3219.0000,2,1,2,1,1,1,1,1,1,1
SF,IH2106,2020-10-29 09:34:36.600,3212.0000,924,0,58743540.000,0,-,-,-,-,3209.0000,3208.8000,3208.0000,3202.2000,3202.0000,3213.6000,3213.8000,3215.8000,3216.8000,3218.6000,2,1,2,1,1,1,1,1,1,1
SF,IH2106,2020-10-29 09:34:37.100,3212.0000,924,0,58743540.000,0,-,-,-,-,3209.0000,3208.8000,3208.0000,3202.2000,3202.0000,3213.4000,3213.6000,3213.8000,3215.8000,3216.8000,1,1,2,1,1,1,1,1,1,1
SF,IH2106,2020-10-29 09:34:37.600,3212.0000,924,0,58743540.000,0,-,-,-,-,3209.4000,3209.0000,3208.8000,3208.0000,3202.2000,3213.2000,3213.4000,3213.6000,3213.8000,3215.8000,1,1,1,2,1,2,1,1,1,1
SF,IH2106,2020-10-29 09:34:38.100,3212.0000,924,0,58743540.000,0,-,-,-,-,3209.4000,3209.0000,3208.8000,3208.0000,3202.2000,3213.0000,3213.2000,3213.6000,3213.8000,3215.8000,1,1,1,2,1,1,1,1,1,1
SF,IH2106,2020-10-29 09:34:38.600,3212.0000,924,0,58743540.000,0,-,-,-,-,3209.8000,3209.6000,3208.8000,3208.0000,3202.2000,3213.0000,3213.2000,3213.6000,3213.8000,3215.8000,1,1,1,2,1,1,1,1,1,1
SF,IH2106,2020-10-29 09:34:39.100,3212.0000,924,0,58743540.000,0,-,-,-,-,3209.6000,3208.8000,3208.0000,3202.2000,3202.0000,3212.8000,3213.0000,3213.2000,3213.6000,3213.8000,2,1,2,1,1,1,1,1,1,1
SF,IH2106,2020-10-29 09:34:39.600,3212.0000,924,0,58743540.000,0,-,-,-,-,3210.0000,3209.6000,3208.8000,3208.0000,3202.2000,3212.6000,3213.2000,3213.8000,3215.8000,3216.8000,1,2,1,2,1,1,1,1,1,1
SF,IH2106,2020-10-29 09:34:40.100,3212.0000,924,0,58743540.000,0,-,-,-,-,3210.0000,3209.6000,3208.8000,3208.0000,3202.2000,3212.6000,3213.8000,3215.8000,3216.8000,3218.6000,1,2,1,2,1,1,1,1,1,1
SF,IH2106,2020-10-29 09:34:40.600,3212.0000,924,0,58743540.000,0,-,-,-,-,3210.0000,3209.6000,3208.8000,3208.0000,3202.2000,3212.6000,3213.8000,3215.8000,3216.8000,3218.6000,1,1,1,2,1,1,1,1,1,1
SF,IH2106,2020-10-29 09:34:41.100,3212.0000,924,0,58743540.000,0,-,-,-,-,3210.2000,3210.0000,3209.6000,3208.8000,3208.0000,3213.8000,3215.8000,3216.8000,3218.6000,3219.0000,1,1,1,1,2,1,1,1,1,1
SF,IH2106,2020-10-29 09:34:41.600,3212.0000,924,0,58743540.000,0,-,-,-,-,3210.2000,3209.6000,3208.8000,3208.0000,3202.2000,3213.4000,3213.6000,3213.8000,3215.8000,3216.8000,1,1,1,2,1,1,1,1,1,1
SF,IH2106,2020-10-29 09:34:42.100,3212.0000,924,0,58743540.000,0,-,-,-,-,3210.2000,3208.8000,3208.0000,3202.2000,3202.0000,3213.0000,3213.2000,3213.8000,3215.8000,3216.8000,1,1,2,1,1,1,2,1,1,1
SF,IH2106,2020-10-29 09:34:42.600,3212.0000,924,0,58743540.000,0,-,-,-,-,3210.2000,3208.8000,3208.0000,3202.2000,3202.0000,3213.0000,3213.2000,3213.8000,3215.8000,3216.8000,1,1,2,1,1,1,1,1,1,1
SF,IH2106,2020-10-29 09:34:43.100,3212.0000,924,0,58743540.000,0,-,-,-,-,3210.2000,3208.8000,3208.0000,3202.2000,3202.0000,3213.2000,3213.8000,3215.8000,3216.8000,3218.6000,1,1,2,1,1,1,1,1,1,1
SF,IH2106,2020-10-29 09:34:44.600,3212.0000,924,0,58743540.000,0,-,-,-,-,3210.2000,3208.8000,3208.0000,3202.2000,3202.0000,3213.2000,3213.8000,3215.8000,3216.8000,3218.6000,2,1,2,1,1,1,1,1,1,1
SF,IH2106,2020-10-29 09:34:45.100,3212.0000,924,0,58743540.000,0,-,-,-,-,3210.2000,3208.8000,3208.0000,3202.2000,3202.0000,3213.0000,3213.2000,3213.8000,3215.8000,3216.8000,2,1,2,1,1,1,1,1,1,1
SF,IH2106,2020-10-29 09:34:45.600,3212.0000,924,0,58743540.000,0,-,-,-,-,3210.2000,3208.8000,3208.0000,3202.2000,3202.0000,3213.2000,3213.8000,3215.8000,3216.8000,3218.6000,2,1,2,1,1,1,1,1,1,1
SF,IH2106,2020-10-29 09:34:47.600,3212.0000,924,0,58743540.000,0,-,-,-,-,3210.4000,3210.2000,3208.8000,3208.0000,3202.2000,3213.2000,3213.8000,3215.8000,3216.8000,3218.6000,1,1,1,2,1,1,1,1,1,1
SF,IH2106,2020-10-29 09:34:48.100,3212.0000,924,0,58743540.000,0,-,-,-,-,3210.6000,3210.4000,3208.8000,3208.0000,3202.2000,3213.2000,3213.8000,3215.8000,3216.8000,3218.6000,1,1,1,2,1,1,1,1,1,1
SF,IH2106,2020-10-29 09:34:49.100,3212.0000,924,0,58743540.000,0,-,-,-,-,3210.6000,3210.4000,3208.8000,3208.0000,3202.2000,3213.0000,3213.2000,3213.8000,3215.8000,3216.8000,1,1,1,2,1,1,1,1,1,1
SF,IH2106,2020-10-29 09:34:49.600,3212.0000,924,0,58743540.000,0,-,-,-,-,3210.6000,3208.8000,3208.0000,3202.2000,3202.0000,3213.0000,3213.2000,3213.8000,3215.8000,3216.8000,1,1,2,1,1,1,1,1,1,1
SF,IH2106,2020-10-29 09:34:50.100,3212.0000,924,0,58743540.000,0,-,-,-,-,3210.6000,3208.8000,3208.0000,3202.2000,3202.0000,3212.8000,3213.0000,3213.8000,3215.8000,3216.8000,1,1,2,1,1,1,1,1,1,1
SF,IH2106,2020-10-29 09:34:50.600,3212.0000,924,0,58743540.000,0,-,-,-,-,3211.0000,3210.6000,3208.8000,3208.0000,3202.2000,3212.8000,3213.0000,3213.8000,3215.8000,3216.8000,1,1,1,2,1,1,1,1,1,1
SF,IH2106,2020-10-29 09:34:53.100,3213.0000,922,-2,60671280.000,2,0,2,双平,S,3211.0000,3210.6000,3208.8000,3208.0000,3202.2000,3213.8000,3215.8000,3216.8000,3218.6000,3219.0000,1,1,1,2,1,1,1,1,1,1
SF,IH2106,2020-10-29 09:34:53.600,3213.0000,922,0,60671280.000,0,-,-,-,-,3211.2000,3211.0000,3208.8000,3208.0000,3202.2000,3213.8000,3215.8000,3216.8000,3218.6000,3219.0000,3,1,1,2,1,1,1,1,1,1
SF,IH2106,2020-10-29 09:34:59.600,3213.0000,922,0,60671280.000,0,-,-,-,-,3211.2000,3211.0000,3208.8000,3208.0000,3202.2000,3213.8000,3215.8000,3216.8000,3218.6000,3219.0000,2,1,1,2,1,1,1,1,1,1
SF,IH2106,2020-10-29 09:35:02.600,3211.0000,920,-2,63561300.000,3,0,3,多平,S,3208.8000,3208.0000,3202.2000,3202.0000,3201.2000,3213.6000,3213.8000,3215.8000,3216.8000,3218.6000,1,2,1,1,1,2,1,1,1,1
SF,IH2106,2020-10-29 09:35:03.100,3211.0000,920,0,63561300.000,0,-,-,-,-,3209.2000,3209.0000,3208.8000,3208.0000,3202.2000,3213.2000,3213.6000,3213.8000,3215.8000,3216.8000,1,1,1,2,1,1,1,1,1,1
SF,IH2106,2020-10-29 09:35:03.600,3211.0000,920,0,63561300.000,0,-,-,-,-,3208.8000,3208.0000,3202.2000,3202.0000,3201.2000,3212.8000,3213.0000,3213.8000,3215.8000,3216.8000,1,2,1,1,1,1,1,1,1,1
SF,IH2106,2020-10-29 09:35:04.100,3211.0000,920,0,63561300.000,0,-,-,-,-,3209.2000,3208.8000,3208.0000,3202.2000,3202.0000,3212.6000,3213.8000,3215.8000,3216.8000,3218.6000,1,1,2,1,1,1,1,1,1,1
SF,IH2106,2020-10-29 09:35:04.600,3211.0000,920,0,63561300.000,0,-,-,-,-,3209.4000,3209.2000,3208.8000,3208.0000,3202.2000,3212.6000,3213.8000,3215.8000,3216.8000,3218.6000,1,1,1,2,1,1,1,1,1,1
SF,IH2106,2020-10-29 09:35:05.100,3211.0000,920,0,63561300.000,0,-,-,-,-,3209.8000,3209.4000,3208.8000,3208.0000,3202.2000,3212.6000,3213.8000,3215.8000,3216.8000,3218.6000,1,1,1,2,1,1,1,1,1,1
SF,IH2106,2020-10-29 09:35:05.600,3211.0000,920,0,63561300.000,0,-,-,-,-,3210.0000,3208.8000,3208.0000,3202.2000,3202.0000,3212.6000,3213.8000,3215.8000,3216.8000,3218.6000,1,1,2,1,1,1,1,1,1,1
SF,IH2106,2020-10-29 09:35:06.600,3211.0000,920,0,63561300.000,0,-,-,-,-,3208.8000,3208.0000,3202.2000,3202.0000,3201.2000,3212.6000,3213.8000,3215.8000,3216.8000,3218.6000,1,2,1,1,1,1,1,1,1,1
SF,IH2106,2020-10-29 09:35:07.100,3211.0000,920,0,63561300.000,0,-,-,-,-,3208.8000,3208.0000,3202.2000,3202.0000,3201.2000,3212.4000,3212.6000,3213.8000,3215.8000,3216.8000,1,2,1,1,1,2,1,1,1,1
SF,IH2106,2020-10-29 09:35:07.600,3211.0000,920,0,63561300.000,0,-,-,-,-,3208.8000,3208.0000,3202.2000,3202.0000,3201.2000,3212.0000,3212.2000,3212.4000,3213.8000,3215.8000,1,2,1,1,1,2,1,2,1,1
SF,IH2106,2020-10-29 09:35:08.100,3211.0000,920,0,63561300.000,0,-,-,-,-,3208.8000,3208.0000,3202.2000,3202.0000,3201.2000,3211.8000,3212.0000,3212.4000,3213.8000,3215.8000,1,2,1,1,1,1,2,1,1,1
SF,IH2106,2020-10-29 09:35:08.600,3211.0000,920,0,63561300.000,0,-,-,-,-,3208.8000,3208.0000,3202.2000,3202.0000,3201.2000,3211.6000,3211.8000,3212.0000,3213.8000,3215.8000,1,2,1,1,1,2,1,2,1,1
SF,IH2106,2020-10-29 09:35:09.100,3211.0000,920,0,63561300.000,0,-,-,-,-,3210.0000,3208.8000,3208.0000,3202.2000,3202.0000,3211.4000,3211.6000,3212.0000,3213.8000,3215.8000,1,1,1,1,1,2,2,1,1,1
SF,IH2106,2020-10-29 09:35:09.600,3210.0000,920,0,64524300.000,1,0,1,多换,S,3208.8000,3208.0000,3207.0000,3202.2000,3202.0000,3211.4000,3211.6000,3212.0000,3213.8000,3215.8000,1,1,1,1,1,1,1,1,1,1
SF,IH2106,2020-10-29 09:35:10.100,3210.0000,920,0,64524300.000,0,-,-,-,-,3208.8000,3208.0000,3207.0000,3202.2000,3202.0000,3211.2000,3211.4000,3211.6000,3212.0000,3213.8000,1,1,1,1,1,1,1,1,1,1
SF,IH2106,2020-10-29 09:35:10.600,3210.0000,920,0,64524300.000,0,-,-,-,-,3208.8000,3208.0000,3207.0000,3202.2000,3202.0000,3211.2000,3211.6000,3212.0000,3213.8000,3215.8000,1,1,1,1,1,1,1,1,1,1
SF,IH2106,2020-10-29 09:35:11.100,3210.0000,920,0,64524300.000,0,-,-,-,-,3208.8000,3208.0000,3207.0000,3202.2000,3202.0000,3211.2000,3211.6000,3213.8000,3215.8000,3216.8000,1,1,1,1,1,1,1,1,1,1
SF,IH2106,2020-10-29 09:35:11.600,3210.0000,920,0,64524300.000,0,-,-,-,-,3209.0000,3208.8000,3208.0000,3207.0000,3202.2000,3211.2000,3211.6000,3213.8000,3215.8000,3216.8000,1,1,1,1,1,1,1,1,1,1
SF,IH2106,2020-10-29 09:35:12.100,3210.0000,920,0,64524300.000,0,-,-,-,-,3209.0000,3208.8000,3208.0000,3207.0000,3202.2000,3211.2000,3213.8000,3215.8000,3216.8000,3218.6000,1,1,1,1,1,1,1,1,1,1
SF,IH2106,2020-10-29 09:35:18.600,3210.0000,920,0,64524300.000,0,-,-,-,-,3209.0000,3208.8000,3208.0000,3207.0000,3202.2000,3211.2000,3213.8000,3215.8000,3216.8000,3218.6000,1,2,1,1,1,1,1,1,1,1
SF,IH2106,2020-10-29 09:35:20.100,3210.0000,920,0,64524300.000,0,-,-,-,-,3209.0000,3208.8000,3208.0000,3207.0000,3202.2000,3211.2000,3213.8000,3215.8000,3216.8000,3218.6000,1,2,1,1,1,1,1,1,1,1
SF,IH2106,2020-10-29 09:35:20.600,3211.2000,921,1,65487660.000,1,1,0,双开,S,3209.0000,3208.8000,3208.0000,3202.2000,3202.0000,3213.8000,3215.8000,3216.8000,3218.6000,3219.0000,1,2,1,1,1,1,1,1,1,1
SF,IH2106,2020-10-29 09:35:21.100,3211.2000,921,0,65487660.000,0,-,-,-,-,3208.8000,3208.0000,3202.2000,3202.0000,3201.2000,3213.4000,3213.6000,3213.8000,3215.8000,3216.8000,2,1,1,1,1,1,2,1,1,1
SF,IH2106,2020-10-29 09:35:21.600,3211.2000,921,0,65487660.000,0,-,-,-,-,3208.8000,3208.0000,3202.2000,3202.0000,3201.2000,3213.2000,3213.4000,3213.8000,3215.8000,3216.8000,2,1,1,1,1,1,1,1,1,1
SF,IH2106,2020-10-29 09:35:22.100,3211.2000,921,0,65487660.000,0,-,-,-,-,3208.8000,3208.0000,3202.2000,3202.0000,3201.2000,3212.8000,3213.0000,3213.2000,3213.8000,3215.8000,2,1,1,1,1,1,1,1,1,1
SF,IH2106,2020-10-29 09:35:22.600,3211.2000,921,0,65487660.000,0,-,-,-,-,3208.8000,3208.0000,3202.2000,3202.0000,3201.2000,3212.4000,3212.6000,3213.8000,3215.8000,3216.8000,2,1,1,1,1,1,1,1,1,1
SF,IH2106,2020-10-29 09:35:23.100,3211.2000,921,0,65487660.000,0,-,-,-,-,3208.8000,3208.0000,3202.2000,3202.0000,3201.2000,3212.0000,3212.2000,3213.8000,3215.8000,3216.8000,2,1,1,1,1,2,2,1,1,1
SF,IH2106,2020-10-29 09:35:23.600,3211.2000,921,0,65487660.000,0,-,-,-,-,3208.8000,3208.0000,3202.2000,3202.0000,3201.2000,3211.6000,3211.8000,3212.2000,3213.8000,3215.8000,2,1,1,1,1,1,1,1,1,1
SF,IH2106,2020-10-29 09:35:24.100,3211.2000,921,0,65487660.000,0,-,-,-,-,3209.0000,3208.8000,3208.0000,3202.2000,3202.0000,3211.4000,3211.6000,3212.2000,3213.8000,3215.8000,1,2,1,1,1,1,1,1,1,1
SF,IH2106,2020-10-29 09:35:25.600,3211.2000,921,0,65487660.000,0,-,-,-,-,3209.0000,3208.8000,3208.0000,3202.2000,3202.0000,3211.4000,3212.2000,3213.8000,3215.8000,3216.8000,1,2,1,1,1,1,1,1,1,1
SF,IH2106,2020-10-29 09:35:26.600,3211.2000,921,0,65487660.000,0,-,-,-,-,3208.8000,3208.0000,3202.2000,3202.0000,3201.2000,3211.4000,3212.2000,3213.8000,3215.8000,3216.8000,2,1,1,1,1,1,1,1,1,1
SF,IH2106,2020-10-29 09:35:27.100,3211.2000,921,0,65487660.000,0,-,-,-,-,3208.8000,3208.0000,3202.2000,3202.0000,3201.2000,3211.4000,3213.8000,3215.8000,3216.8000,3218.6000,2,1,1,1,1,1,1,1,1,1
SF,IH2106,2020-10-29 09:35:27.600,3211.2000,921,0,65487660.000,0,-,-,-,-,3208.8000,3208.0000,3202.2000,3202.0000,3201.2000,3211.2000,3211.4000,3213.8000,3215.8000,3216.8000,2,1,1,1,1,1,1,1,1,1
SF,IH2106,2020-10-29 09:35:28.100,3208.8000,921,0,66450300.000,1,0,1,多换,S,3208.8000,3208.0000,3202.2000,3202.0000,3201.2000,3209.8000,3211.0000,3211.2000,3211.4000,3213.8000,1,1,1,1,1,1,1,1,1,1
SF,IH2106,2020-10-29 09:35:28.600,3208.8000,921,0,67412940.000,1,0,1,多换,S,3208.0000,3202.2000,3202.0000,3201.2000,3201.0000,3209.6000,3211.0000,3211.2000,3211.4000,3213.8000,1,1,1,1,2,1,1,1,1,1
SF,IH2106,2020-10-29 09:35:29.100,3208.8000,921,0,67412940.000,0,-,-,-,-,3208.0000,3202.2000,3202.0000,3201.2000,3201.0000,3211.2000,3211.4000,3213.8000,3215.8000,3216.8000,1,1,1,1,2,1,1,1,1,1
SF,IH2106,2020-10-29 09:35:29.600,3208.8000,921,0,67412940.000,0,-,-,-,-,3208.2000,3208.0000,3202.2000,3202.0000,3201.2000,3210.8000,3211.2000,3213.8000,3215.8000,3216.8000,1,1,1,1,1,1,1,1,1,1
SF,IH2106,2020-10-29 09:35:32.100,3208.8000,921,0,67412940.000,0,-,-,-,-,3208.2000,3208.0000,3202.2000,3202.0000,3201.2000,3210.6000,3210.8000,3211.2000,3213.8000,3215.8000,1,1,1,1,1,1,1,1,1,1
SF,IH2106,2020-10-29 09:35:32.600,3208.8000,921,0,67412940.000,0,-,-,-,-,3208.0000,3202.2000,3202.0000,3201.2000,3201.0000,3211.2000,3213.8000,3215.8000,3216.8000,3218.6000,1,1,1,1,2,1,1,1,1,1
SF,IH2106,2020-10-29 09:35:33.100,3208.8000,921,0,67412940.000,0,-,-,-,-,3208.0000,3202.2000,3202.0000,3201.2000,3201.0000,3210.8000,3211.0000,3211.2000,3213.8000,3215.8000,1,1,1,1,2,1,1,1,1,1
SF,IH2106,2020-10-29 09:35:33.600,3208.8000,921,0,67412940.000,0,-,-,-,-,3208.0000,3202.2000,3202.0000,3201.2000,3201.0000,3210.6000,3213.8000,3215.8000,3216.8000,3218.6000,1,1,1,1,2,2,1,1,1,1
SF,IH2106,2020-10-29 09:35:34.100,3208.8000,921,0,67412940.000,0,-,-,-,-,3208.0000,3202.2000,3202.0000,3201.2000,3201.0000,3210.4000,3210.6000,3213.8000,3215.8000,3216.8000,1,1,1,1,2,1,2,1,1,1
SF,IH2106,2020-10-29 09:35:34.600,3208.8000,921,0,67412940.000,0,-,-,-,-,3208.0000,3202.2000,3202.0000,3201.2000,3201.0000,3210.4000,3210.6000,3213.8000,3215.8000,3216.8000,1,1,1,1,2,1,1,1,1,1
SF,IH2106,2020-10-29 09:35:43.100,3210.4000,920,-1,68376060.000,1,0,1,双平,S,3208.0000,3202.2000,3202.0000,3201.2000,3201.0000,3210.6000,3213.8000,3215.8000,3216.8000,3218.6000,1,1,1,1,2,1,1,1,1,1
SF,IH2106,2020-10-29 09:35:43.600,3210.4000,920,0,68376060.000,0,-,-,-,-,3208.2000,3208.0000,3202.2000,3202.0000,3201.2000,3213.8000,3215.8000,3216.8000,3218.6000,3219.0000,2,1,1,1,1,1,1,1,1,1
SF,IH2106,2020-10-29 09:35:44.100,3210.4000,920,0,68376060.000,0,-,-,-,-,3208.2000,3208.0000,3202.2000,3202.0000,3201.2000,3212.0000,3213.2000,3213.8000,3215.8000,3216.8000,2,1,1,1,1,1,1,1,1,1
SF,IH2106,2020-10-29 09:35:44.600,3210.4000,920,0,68376060.000,0,-,-,-,-,3208.2000,3208.0000,3202.2000,3202.0000,3201.2000,3212.0000,3213.8000,3215.8000,3216.8000,3218.6000,2,1,1,1,1,1,1,1,1,1
SF,IH2106,2020-10-29 09:35:46.100,3210.4000,920,0,68376060.000,0,-,-,-,-,3208.2000,3208.0000,3202.2000,3202.0000,3201.2000,3211.8000,3212.0000,3213.8000,3215.8000,3216.8000,2,1,1,1,1,1,1,1,1,1
SF,IH2106,2020-10-29 09:35:46.600,3210.4000,920,0,68376060.000,0,-,-,-,-,3208.2000,3208.0000,3202.2000,3202.0000,3201.2000,3211.4000,3211.8000,3212.0000,3213.8000,3215.8000,2,1,1,1,1,1,1,1,1,1
SF,IH2106,2020-10-29 09:35:47.100,3210.4000,920,0,68376060.000,0,-,-,-,-,3208.2000,3208.0000,3202.2000,3202.0000,3201.2000,3210.8000,3211.2000,3211.4000,3211.8000,3212.0000,1,1,1,1,1,1,2,1,1,1
SF,IH2106,2020-10-29 09:35:47.600,3210.4000,920,0,68376060.000,0,-,-,-,-,3208.2000,3208.0000,3202.2000,3202.0000,3201.2000,3210.6000,3210.8000,3211.2000,3211.8000,3212.0000,1,1,1,1,1,1,1,1,1,1
SF,IH2106,2020-10-29 09:35:48.100,3210.4000,920,0,68376060.000,0,-,-,-,-,3208.2000,3208.0000,3202.2000,3202.0000,3201.2000,3210.6000,3210.8000,3211.8000,3212.0000,3215.8000,1,1,1,1,1,1,1,1,1,1
SF,IH2106,2020-10-29 09:35:48.600,3210.4000,920,0,68376060.000,0,-,-,-,-,3208.2000,3208.0000,3202.2000,3202.0000,3201.2000,3210.8000,3211.8000,3212.0000,3215.8000,3216.8000,1,1,1,1,1,1,1,1,1,1
SF,IH2106,2020-10-29 09:35:49.100,3210.4000,920,0,68376060.000,0,-,-,-,-,3208.4000,3208.2000,3208.0000,3202.2000,3202.0000,3210.8000,3211.8000,3212.0000,3215.8000,3216.8000,1,1,1,1,1,1,1,1,1,1
SF,IH2106,2020-10-29 09:35:50.100,3210.4000,920,0,68376060.000,0,-,-,-,-,3208.4000,3208.2000,3208.0000,3202.2000,3202.0000,3210.0000,3210.8000,3211.8000,3212.0000,3215.8000,1,1,1,1,1,1,1,1,1,1
SF,IH2106,2020-10-29 09:35:50.600,3210.0000,919,-1,69339060.000,1,0,1,双平,S,3208.0000,3202.2000,3202.0000,3201.2000,3201.0000,3210.8000,3211.8000,3212.0000,3215.8000,3216.8000,2,1,1,1,2,1,1,1,1,1
SF,IH2106,2020-10-29 09:35:51.100,3210.0000,919,0,69339060.000,0,-,-,-,-,3208.2000,3208.0000,3202.2000,3202.0000,3201.2000,3210.8000,3211.8000,3212.0000,3215.8000,3216.8000,3,2,1,1,1,1,1,1,1,1
SF,IH2106,2020-10-29 09:35:52.100,3210.0000,919,0,69339060.000,0,-,-,-,-,3208.2000,3208.0000,3202.2000,3202.0000,3201.2000,3210.8000,3215.8000,3216.8000,3218.6000,3219.0000,3,2,1,1,1,1,1,1,1,1
SF,IH2106,2020-10-29 09:35:54.100,3210.0000,919,0,69339060.000,0,-,-,-,-,3208.4000,3208.2000,3208.0000,3202.2000,3202.0000,3210.8000,3215.8000,3216.8000,3218.6000,3219.0000,1,3,2,1,1,1,1,1,1,1
SF,IH2106,2020-10-29 09:35:54.600,3210.0000,919,0,69339060.000,0,-,-,-,-,3208.2000,3208.0000,3202.2000,3202.0000,3201.2000,3210.8000,3215.8000,3216.8000,3218.6000,3219.0000,1,2,1,1,1,1,1,1,1,1
SF,IH2106,2020-10-29 09:35:55.100,3210.0000,919,0,69339060.000,0,-,-,-,-,3208.2000,3208.0000,3202.2000,3202.0000,3201.2000,3210.6000,3210.8000,3215.8000,3216.8000,3218.6000,1,2,1,1,1,1,1,1,1,1
SF,IH2106,2020-10-29 09:35:58.100,3210.0000,919,0,69339060.000,0,-,-,-,-,3208.2000,3208.0000,3206.2000,3202.2000,3202.0000,3210.6000,3210.8000,3215.8000,3216.8000,3218.6000,1,2,2,1,1,1,1,1,1,1
SF,IH2106,2020-10-29 09:35:58.600,3210.0000,919,0,69339060.000,0,-,-,-,-,3208.2000,3208.0000,3206.2000,3202.2000,3202.0000,3210.4000,3210.6000,3210.8000,3215.8000,3216.8000,1,2,2,1,1,1,1,1,1,1
SF,IH2106,2020-10-29 09:35:59.100,3210.0000,919,0,69339060.000,0,-,-,-,-,3208.2000,3208.0000,3206.2000,3202.2000,3202.0000,3210.6000,3210.8000,3215.8000,3216.8000,3218.6000,1,2,2,1,1,1,1,1,1,1
SF,IH2106,2020-10-29 09:36:02.600,3210.0000,919,0,69339060.000,0,-,-,-,-,3208.2000,3208.0000,3202.2000,3202.0000,3201.2000,3210.6000,3210.8000,3215.8000,3216.8000,3218.6000,1,2,1,1,1,1,1,1,1,1
SF,IH2106,2020-10-29 09:36:06.100,3210.6000,919,0,70302240.000,1,0,1,多换,S,3208.2000,3208.0000,3202.2000,3202.0000,3201.2000,3210.8000,3215.8000,3216.8000,3218.6000,3219.0000,1,2,1,1,1,1,1,1,1,1
SF,IH2106,2020-10-29 09:36:06.600,3210.6000,919,0,70302240.000,0,-,-,-,-,3208.4000,3208.2000,3208.0000,3202.2000,3202.0000,3210.8000,3215.8000,3216.8000,3218.6000,3219.0000,1,1,2,1,1,1,1,1,1,1
SF,IH2106,2020-10-29 09:36:07.100,3210.6000,919,0,70302240.000,0,-,-,-,-,3208.4000,3208.0000,3202.2000,3202.0000,3201.2000,3210.8000,3215.8000,3216.8000,3218.6000,3219.0000,1,2,1,1,1,1,1,1,1,1
SF,IH2106,2020-10-29 09:36:08.100,3210.6000,919,0,70302240.000,0,-,-,-,-,3208.4000,3208.0000,3202.2000,3202.0000,3201.2000,3210.6000,3210.8000,3215.8000,3216.8000,3218.6000,1,2,1,1,1,1,1,1,1,1
SF,IH2106,2020-10-29 09:36:09.100,3208.4000,919,0,71264760.000,1,0,1,多换,S,3208.0000,3202.2000,3202.0000,3201.2000,3201.0000,3210.6000,3210.8000,3215.8000,3216.8000,3218.6000,2,1,1,1,2,1,1,1,1,1
SF,IH2106,2020-10-29 09:36:09.600,3208.4000,919,0,71264760.000,0,-,-,-,-,3208.2000,3208.0000,3202.2000,3202.0000,3201.2000,3210.6000,3210.8000,3215.8000,3216.8000,3218.6000,1,2,1,1,1,1,1,1,1,1
SF,IH2106,2020-10-29 09:36:10.100,3208.4000,919,0,71264760.000,0,-,-,-,-,3208.2000,3208.0000,3202.2000,3202.0000,3201.2000,3209.8000,3210.6000,3210.8000,3215.8000,3216.8000,1,2,1,1,1,1,1,1,1,1
SF,IH2106,2020-10-29 09:36:10.600,3208.4000,919,0,71264760.000,0,-,-,-,-,3208.0000,3202.2000,3202.0000,3201.2000,3201.0000,3209.8000,3210.6000,3210.8000,3215.8000,3216.8000,2,1,1,1,2,1,1,1,1,1
SF,IH2106,2020-10-29 09:36:11.600,3208.4000,919,0,71264760.000,0,-,-,-,-,3208.0000,3202.2000,3202.0000,3201.2000,3201.0000,3210.6000,3210.8000,3215.8000,3216.8000,3218.6000,2,1,1,1,2,1,1,1,1,1
