市场代码,合约代码,时间,最新,持仓,增仓,成交额,成交量,开仓,平仓,成交类型,方向,买一价,买二价,买三价,买四价,买五价,卖一价,卖二价,卖三价,卖四价,卖五价,买一量,买二量,买三量,买四量,买五量,卖一量,卖二量,卖三量,卖四量,卖五量
SF,IH2103,2020-08-17 09:29:00.300,3255.0000,2819,0,3906000.000,4.000,-,-,-,-,3250.0000,3249.0000,3248.0000,3245.4000,3243.2000,3257.2000,3260.8000,3261.0000,3263.6000,3264.8000,1,1,10,1,1,1,1,1,4,1
SF,IH2103,2020-08-17 09:30:00.300,3255.0000,2819,0,3906000.000,0,-,-,-,-,3250.0000,3249.0000,3248.0000,3243.2000,3242.6000,3261.0000,3264.8000,3276.4000,3278.0000,3279.0000,1,1,10,1,1,1,1,1,1,4
SF,IH2103,2020-08-17 09:30:00.800,3255.0000,2819,0,3906000.000,0,-,-,-,-,3250.2000,3250.0000,3248.0000,3242.6000,3238.8000,3261.0000,3264.8000,3276.4000,3278.0000,3279.0000,2,1,10,1,1,1,1,1,1,4
SF,IH2103,2020-08-17 09:30:01.300,3255.0000,2819,0,3906000.000,0,-,-,-,-,3250.4000,3250.2000,3250.0000,3248.0000,3238.8000,3260.8000,3264.8000,3276.4000,3278.0000,3279.0000,1,2,1,10,1,1,1,1,1,4
SF,IH2103,2020-08-17 09:30:01.800,3260.8000,2818,-1,4884240.000,1,0,1,双平,S,3260.8000,3250.6000,3250.4000,3250.0000,3248.0000,3264.8000,3276.4000,3278.0000,3279.0000,3289.0000,1,2,1,1,10,1,1,1,4,1
SF,IH2103,2020-08-17 09:30:02.300,3260.8000,2815,-3,7818960.000,3,0,3,双平,S,3250.0000,3248.0000,3238.8000,3231.0000,3230.8000,3264.6000,3264.8000,3267.4000,3276.4000,3278.0000,1,10,1,1,1,1,1,1,1,1
SF,IH2103,2020-08-17 09:30:02.800,3260.8000,2815,0,7818960.000,0,-,-,-,-,3250.2000,3250.0000,3248.0000,3231.0000,3230.8000,3264.6000,3264.8000,3270.4000,3276.4000,3278.0000,2,1,10,1,1,1,1,1,1,1
SF,IH2103,2020-08-17 09:30:03.300,3260.8000,2815,0,7818960.000,0,-,-,-,-,3250.2000,3250.0000,3248.0000,3231.0000,3230.8000,3264.4000,3264.6000,3264.8000,3270.4000,3276.4000,2,1,10,1,1,1,1,1,1,1
SF,IH2103,2020-08-17 09:30:03.800,3260.8000,2815,0,7818960.000,0,-,-,-,-,3250.2000,3250.0000,3248.0000,3231.0000,3230.8000,3264.2000,3264.4000,3264.8000,3270.4000,3276.4000,2,1,10,1,1,1,1,1,1,1
SF,IH2103,2020-08-17 09:30:04.300,3260.8000,2815,0,7818960.000,0,-,-,-,-,3250.2000,3250.0000,3248.0000,3231.0000,3230.8000,3264.0000,3264.2000,3264.8000,3266.6000,3276.4000,2,1,10,1,1,1,1,1,1,1
SF,IH2103,2020-08-17 09:30:04.800,3260.8000,2815,0,7818960.000,0,-,-,-,-,3252.2000,3250.2000,3250.0000,3248.0000,3231.0000,3263.8000,3264.0000,3264.8000,3266.6000,3276.4000,1,2,1,10,1,1,1,1,1,1
SF,IH2103,2020-08-17 09:30:05.300,3260.8000,2815,0,7818960.000,0,-,-,-,-,3252.4000,3252.2000,3250.0000,3248.0000,3231.0000,3263.8000,3264.8000,3276.4000,3278.0000,3279.0000,2,1,1,10,1,1,1,1,1,4
SF,IH2103,2020-08-17 09:30:05.800,3260.8000,2815,0,7818960.000,0,-,-,-,-,3252.6000,3252.4000,3252.2000,3250.0000,3248.0000,3263.6000,3263.8000,3264.8000,3276.4000,3278.0000,1,1,1,1,10,1,1,1,1,1
SF,IH2103,2020-08-17 09:30:06.300,3260.8000,2815,0,7818960.000,0,-,-,-,-,3252.8000,3252.6000,3252.2000,3250.0000,3248.0000,3263.4000,3263.6000,3264.8000,3276.4000,3278.0000,1,1,1,1,10,1,1,1,1,1
SF,IH2103,2020-08-17 09:30:06.800,3260.8000,2815,0,7818960.000,0,-,-,-,-,3253.0000,3252.8000,3252.2000,3250.0000,3248.0000,3263.2000,3263.4000,3264.8000,3276.4000,3278.0000,1,1,1,1,10,1,1,1,1,1
SF,IH2103,2020-08-17 09:30:07.300,3263.0000,2814,-1,8797860.000,1,0,1,双平,S,3253.2000,3253.0000,3252.2000,3250.0000,3248.0000,3263.2000,3264.8000,3276.4000,3278.0000,3279.0000,2,1,1,1,10,1,1,1,1,4
SF,IH2103,2020-08-17 09:30:07.800,3263.0000,2814,0,8797860.000,0,-,-,-,-,3253.4000,3253.2000,3250.0000,3248.0000,3231.0000,3263.2000,3264.8000,3276.4000,3278.0000,3279.0000,1,2,1,10,1,1,1,1,1,4
SF,IH2103,2020-08-17 09:30:08.300,3263.0000,2814,0,8797860.000,0,-,-,-,-,3253.6000,3250.0000,3248.0000,3231.0000,3230.8000,3263.2000,3264.8000,3266.4000,3276.4000,3278.0000,3,1,10,1,1,1,1,1,1,1
SF,IH2103,2020-08-17 09:30:08.800,3263.0000,2814,0,8797860.000,0,-,-,-,-,3253.6000,3250.0000,3248.0000,3231.0000,3230.8000,3263.2000,3264.8000,3266.4000,3276.4000,3278.0000,3,1,10,1,1,1,1,1,1,1
SF,IH2103,2020-08-17 09:30:09.300,3263.0000,2814,0,8797860.000,0,-,-,-,-,3253.6000,3250.0000,3248.0000,3231.0000,3230.8000,3263.2000,3264.8000,3266.4000,3276.4000,3278.0000,3,1,10,1,1,1,1,1,1,1
SF,IH2103,2020-08-17 09:30:09.800,3263.0000,2814,0,8797860.000,0,-,-,-,-,3253.6000,3250.0000,3248.0000,3231.0000,3230.8000,3263.2000,3264.8000,3266.4000,3276.4000,3278.0000,3,1,10,1,1,1,1,1,1,1
SF,IH2103,2020-08-17 09:30:12.300,3263.2000,2813,-1,9776820.000,1,0,1,双平,S,3253.6000,3250.0000,3248.0000,3231.0000,3230.8000,3264.8000,3269.8000,3276.4000,3278.0000,3279.0000,3,1,10,1,1,2,1,1,1,4
SF,IH2103,2020-08-17 09:30:12.800,3263.2000,2813,0,9776820.000,0,-,-,-,-,3253.8000,3253.6000,3250.0000,3248.0000,3231.0000,3264.8000,3269.8000,3276.4000,3278.0000,3279.0000,1,3,1,10,1,2,1,1,1,4
SF,IH2103,2020-08-17 09:30:13.300,3263.2000,2813,0,9776820.000,0,-,-,-,-,3254.0000,3253.8000,3250.0000,3248.0000,3231.0000,3264.8000,3269.8000,3276.4000,3278.0000,3279.0000,3,1,1,10,1,2,1,1,1,4
SF,IH2103,2020-08-17 09:30:13.800,3264.8000,2812,-1,10756260.000,1,0,1,双平,S,3254.0000,3253.8000,3250.0000,3248.0000,3231.0000,3264.8000,3269.8000,3276.4000,3278.0000,3279.0000,3,1,1,10,1,1,1,1,1,4
SF,IH2103,2020-08-17 09:30:14.300,3264.8000,2812,0,10756260.000,0,-,-,-,-,3254.0000,3253.8000,3250.0000,3248.0000,3231.0000,3264.8000,3269.8000,3276.4000,3278.0000,3279.0000,3,1,1,10,1,1,1,1,1,4
SF,IH2103,2020-08-17 09:30:15.300,3264.8000,2812,0,10756260.000,0,-,-,-,-,3254.0000,3250.0000,3248.0000,3231.0000,3230.8000,3264.8000,3269.8000,3276.4000,3278.0000,3279.0000,3,1,10,1,1,1,1,1,1,4
SF,IH2103,2020-08-17 09:30:15.800,3264.8000,2812,0,11735700.000,1,0,1,多换,S,3255.2000,3254.0000,3250.0000,3248.0000,3231.0000,3264.8000,3269.8000,3276.4000,3278.0000,3279.0000,1,3,1,10,1,1,1,1,1,4
SF,IH2103,2020-08-17 09:30:16.300,3264.8000,2812,0,11735700.000,0,-,-,-,-,3255.4000,3255.2000,3250.0000,3248.0000,3231.0000,3264.6000,3264.8000,3269.8000,3276.4000,3278.0000,3,1,1,10,1,1,1,1,1,1
SF,IH2103,2020-08-17 09:30:16.800,3264.8000,2812,0,11735700.000,0,-,-,-,-,3256.0000,3255.6000,3255.4000,3254.2000,3250.0000,3264.6000,3264.8000,3269.8000,3276.4000,3278.0000,1,1,2,1,1,1,1,1,1,1
SF,IH2103,2020-08-17 09:30:17.300,3264.8000,2812,0,12715140.000,1,0,1,多换,S,3256.2000,3256.0000,3254.2000,3250.0000,3248.0000,3264.8000,3266.0000,3276.4000,3278.0000,3279.0000,3,1,1,1,10,1,1,1,1,4
SF,IH2103,2020-08-17 09:30:17.800,3264.8000,2812,0,12715140.000,0,-,-,-,-,3256.2000,3256.0000,3254.2000,3250.0000,3248.0000,3264.8000,3266.0000,3276.4000,3278.0000,3279.0000,3,1,1,1,10,1,1,1,1,4
SF,IH2103,2020-08-17 09:30:18.300,3264.8000,2812,0,12715140.000,0,-,-,-,-,3256.4000,3256.2000,3254.2000,3250.0000,3248.0000,3264.8000,3266.0000,3276.4000,3278.0000,3279.0000,1,3,1,1,10,1,1,1,1,4
SF,IH2103,2020-08-17 09:30:18.800,3264.8000,2812,0,12715140.000,0,-,-,-,-,3256.6000,3256.4000,3254.2000,3250.0000,3248.0000,3264.8000,3270.0000,3276.4000,3278.0000,3279.0000,3,1,1,1,10,1,1,1,1,4
SF,IH2103,2020-08-17 09:30:19.300,3264.8000,2811,-1,13694580.000,1,0,1,双平,S,3257.6000,3257.0000,3256.6000,3256.4000,3254.2000,3270.0000,3276.4000,3278.0000,3279.0000,3279.8000,1,1,3,1,1,1,1,1,4,1
SF,IH2103,2020-08-17 09:30:19.800,3264.8000,2811,0,13694580.000,0,-,-,-,-,3257.8000,3257.6000,3257.0000,3256.4000,3254.2000,3270.0000,3276.4000,3278.0000,3279.0000,3279.8000,3,1,1,1,1,1,1,1,4,1
SF,IH2103,2020-08-17 09:30:20.300,3264.8000,2811,0,13694580.000,0,-,-,-,-,3258.0000,3257.8000,3257.6000,3256.4000,3254.2000,3270.0000,3276.4000,3278.0000,3279.0000,3279.8000,1,2,1,1,1,1,1,1,4,1
SF,IH2103,2020-08-17 09:30:20.800,3264.8000,2811,0,13694580.000,0,-,-,-,-,3258.2000,3258.0000,3256.4000,3254.2000,3250.0000,3270.0000,3276.4000,3278.0000,3279.0000,3279.8000,2,1,1,1,1,1,1,1,4,1
SF,IH2103,2020-08-17 09:30:21.300,3264.8000,2811,0,13694580.000,0,-,-,-,-,3258.4000,3258.2000,3256.4000,3254.2000,3250.0000,3269.6000,3269.8000,3270.0000,3276.4000,3278.0000,1,2,1,1,1,1,1,1,1,1
SF,IH2103,2020-08-17 09:30:21.800,3264.8000,2811,0,13694580.000,0,-,-,-,-,3258.6000,3256.4000,3254.2000,3250.0000,3248.0000,3268.8000,3269.6000,3270.0000,3276.4000,3278.0000,3,1,1,1,10,1,1,1,1,1
SF,IH2103,2020-08-17 09:30:22.300,3264.8000,2811,0,13694580.000,0,-,-,-,-,3258.6000,3256.4000,3254.2000,3250.0000,3248.0000,3268.6000,3268.8000,3269.6000,3270.0000,3276.4000,3,1,1,1,10,1,1,1,1,1
SF,IH2103,2020-08-17 09:30:22.800,3264.8000,2811,0,13694580.000,0,-,-,-,-,3258.6000,3256.4000,3254.2000,3250.0000,3248.0000,3268.6000,3268.8000,3270.0000,3276.4000,3278.0000,3,1,1,1,10,1,1,1,1,1
SF,IH2103,2020-08-17 09:30:23.300,3264.8000,2811,0,13694580.000,0,-,-,-,-,3259.6000,3258.6000,3256.4000,3254.2000,3250.0000,3268.6000,3270.0000,3276.4000,3278.0000,3279.0000,1,3,1,1,1,1,1,1,1,1
SF,IH2103,2020-08-17 09:30:23.800,3264.8000,2811,0,13694580.000,0,-,-,-,-,3259.8000,3259.6000,3256.4000,3254.2000,3250.0000,3268.6000,3270.0000,3276.4000,3278.0000,3279.0000,3,1,1,1,1,1,1,1,1,1
SF,IH2103,2020-08-17 09:30:24.300,3268.6000,2810,-1,14675160.000,1,0,1,双平,S,3260.0000,3259.8000,3259.6000,3256.4000,3254.2000,3270.0000,3276.4000,3278.0000,3279.0000,3279.8000,1,2,1,1,1,1,1,1,1,1
SF,IH2103,2020-08-17 09:30:24.800,3268.6000,2810,0,14675160.000,0,-,-,-,-,3260.2000,3260.0000,3259.6000,3256.4000,3254.2000,3268.4000,3270.0000,3276.4000,3278.0000,3279.0000,2,1,1,1,1,1,1,1,1,1
SF,IH2103,2020-08-17 09:30:25.300,3268.6000,2810,0,14675160.000,0,-,-,-,-,3260.4000,3260.2000,3259.6000,3256.4000,3254.2000,3268.2000,3268.4000,3270.0000,3276.4000,3278.0000,1,2,1,1,1,1,1,1,1,1
SF,IH2103,2020-08-17 09:30:25.800,3268.6000,2810,0,14675160.000,0,-,-,-,-,3260.6000,3259.6000,3256.4000,3254.2000,3250.0000,3266.0000,3268.2000,3268.4000,3270.0000,3276.4000,3,1,1,1,1,1,1,1,1,1
SF,IH2103,2020-08-17 09:30:26.300,3268.6000,2810,0,14675160.000,0,-,-,-,-,3260.6000,3256.4000,3254.2000,3250.0000,3248.0000,3265.8000,3266.0000,3268.4000,3270.0000,3276.4000,3,1,1,1,10,1,1,1,1,1
SF,IH2103,2020-08-17 09:30:26.800,3268.6000,2810,0,14675160.000,0,-,-,-,-,3260.6000,3254.2000,3250.0000,3248.0000,3231.0000,3265.8000,3266.0000,3268.4000,3270.0000,3276.4000,3,1,1,10,1,1,1,1,1,1
SF,IH2103,2020-08-17 09:30:28.800,3265.8000,2809,-1,15654900.000,1,0,1,双平,S,3260.6000,3254.2000,3250.0000,3248.0000,3231.0000,3266.0000,3268.4000,3270.0000,3276.4000,3278.0000,3,1,1,10,1,1,1,1,1,1
SF,IH2103,2020-08-17 09:30:29.300,3266.0000,2808,-1,16634700.000,1,0,1,双平,S,3266.0000,3260.6000,3254.2000,3250.0000,3248.0000,3268.4000,3270.0000,3276.4000,3278.0000,3279.0000,1,3,1,1,10,1,1,1,1,1
SF,IH2103,2020-08-17 09:30:29.800,3268.2000,2807,-1,18594960.000,2,0,2,多平,S,3260.6000,3254.2000,3250.0000,3248.0000,3231.0000,3268.2000,3268.4000,3270.0000,3276.4000,3278.0000,2,1,1,10,1,1,1,1,1,1
SF,IH2103,2020-08-17 09:30:30.300,3268.2000,2807,0,18594960.000,0,-,-,-,-,3260.8000,3260.6000,3254.2000,3250.0000,3248.0000,3268.2000,3268.4000,3270.0000,3276.4000,3278.0000,1,2,1,1,10,1,1,2,1,1
SF,IH2103,2020-08-17 09:30:30.800,3268.2000,2807,0,18594960.000,0,-,-,-,-,3261.0000,3254.2000,3250.0000,3248.0000,3231.0000,3268.2000,3268.4000,3270.0000,3276.4000,3278.0000,3,1,1,10,1,1,1,2,1,1
SF,IH2103,2020-08-17 09:30:31.300,3268.2000,2807,0,18594960.000,0,-,-,-,-,3261.0000,3254.2000,3251.6000,3250.0000,3248.0000,3268.2000,3268.4000,3270.0000,3276.4000,3278.0000,3,1,1,1,10,1,1,2,1,1
SF,IH2103,2020-08-17 09:30:31.800,3268.2000,2807,0,18594960.000,0,-,-,-,-,3261.0000,3254.2000,3251.6000,3250.0000,3248.0000,3267.6000,3268.2000,3268.4000,3270.0000,3276.4000,3,1,1,1,10,1,1,1,2,1
SF,IH2103,2020-08-17 09:30:32.300,3268.2000,2807,0,18594960.000,0,-,-,-,-,3261.0000,3254.2000,3251.6000,3250.0000,3248.0000,3267.4000,3267.6000,3268.4000,3270.0000,3276.4000,3,1,1,1,10,1,1,1,2,1
SF,IH2103,2020-08-17 09:30:32.800,3268.2000,2807,0,18594960.000,0,-,-,-,-,3261.0000,3254.2000,3251.6000,3250.0000,3248.0000,3267.4000,3268.4000,3270.0000,3276.4000,3278.0000,3,1,1,1,10,1,1,2,1,1
SF,IH2103,2020-08-17 09:30:33.300,3268.2000,2807,0,18594960.000,0,-,-,-,-,3261.0000,3254.2000,3251.6000,3250.0000,3248.0000,3267.4000,3268.4000,3270.0000,3276.4000,3278.0000,3,1,1,1,10,1,1,2,1,1
SF,IH2103,2020-08-17 09:30:33.800,3268.2000,2807,0,18594960.000,0,-,-,-,-,3261.0000,3254.2000,3251.6000,3250.0000,3248.0000,3267.4000,3268.4000,3270.0000,3276.4000,3278.0000,3,1,1,1,10,1,1,2,1,1
SF,IH2103,2020-08-17 09:30:34.300,3268.2000,2807,0,18594960.000,0,-,-,-,-,3261.0000,3254.2000,3251.6000,3250.0000,3248.0000,3267.4000,3268.4000,3268.6000,3270.0000,3276.4000,3,1,1,1,10,1,1,1,2,1
SF,IH2103,2020-08-17 09:30:35.300,3267.4000,2806,-1,19575180.000,1,0,1,双平,S,3261.0000,3254.2000,3251.6000,3250.0000,3248.0000,3268.4000,3268.6000,3270.0000,3276.4000,3278.0000,3,1,1,1,10,1,1,2,1,1
SF,IH2103,2020-08-17 09:30:35.800,3267.4000,2806,0,19575180.000,0,-,-,-,-,3262.4000,3261.0000,3254.2000,3251.6000,3250.0000,3268.4000,3268.6000,3270.0000,3276.4000,3278.0000,1,3,1,1,1,1,1,2,1,1
SF,IH2103,2020-08-17 09:30:36.300,3267.4000,2806,0,19575180.000,0,-,-,-,-,3262.6000,3261.0000,3254.2000,3251.6000,3250.0000,3268.4000,3268.6000,3270.0000,3276.4000,3278.0000,2,1,1,1,1,1,1,2,1,1
SF,IH2103,2020-08-17 09:30:36.800,3267.4000,2806,0,19575180.000,0,-,-,-,-,3262.8000,3262.6000,3254.2000,3251.6000,3250.0000,3268.4000,3268.6000,3270.0000,3273.4000,3276.4000,1,2,1,1,1,1,1,1,1,1
SF,IH2103,2020-08-17 09:30:37.300,3267.4000,2806,0,19575180.000,0,-,-,-,-,3263.8000,3263.0000,3254.2000,3251.6000,3250.0000,3268.4000,3268.6000,3270.0000,3273.4000,3276.4000,1,3,1,1,1,1,1,1,1,1
SF,IH2103,2020-08-17 09:30:37.800,3267.4000,2806,0,19575180.000,0,-,-,-,-,3264.0000,3254.2000,3251.6000,3250.0000,3248.0000,3268.4000,3268.6000,3270.0000,3273.4000,3276.4000,3,1,1,1,10,1,1,1,1,1
SF,IH2103,2020-08-17 09:30:38.300,3267.4000,2806,0,19575180.000,0,-,-,-,-,3264.0000,3254.2000,3251.6000,3250.0000,3248.0000,3268.2000,3268.4000,3268.6000,3270.0000,3273.4000,3,1,1,1,10,1,1,1,1,1
SF,IH2103,2020-08-17 09:30:38.800,3268.0000,2805,-1,20555580.000,1,0,1,双平,S,3264.0000,3254.2000,3251.6000,3250.0000,3248.0000,3268.2000,3268.4000,3268.6000,3270.0000,3273.4000,3,1,1,1,10,1,1,1,1,1
SF,IH2103,2020-08-17 09:30:39.300,3268.0000,2805,0,20555580.000,0,-,-,-,-,3264.0000,3254.2000,3251.6000,3250.0000,3248.0000,3267.8000,3268.2000,3268.4000,3268.6000,3270.0000,3,1,1,1,10,1,1,1,1,1
SF,IH2103,2020-08-17 09:30:39.800,3264.0000,2803,-2,23493180.000,3,0,3,多平,S,3254.2000,3251.6000,3250.0000,3248.0000,3231.0000,3267.8000,3268.2000,3268.4000,3268.6000,3270.0000,1,1,1,10,1,1,1,1,1,1
SF,IH2103,2020-08-17 09:30:40.300,3264.0000,2803,0,23493180.000,0,-,-,-,-,3255.0000,3254.4000,3254.2000,3251.6000,3250.0000,3267.6000,3267.8000,3268.2000,3268.4000,3268.6000,1,1,1,1,1,2,1,1,1,1
SF,IH2103,2020-08-17 09:30:40.800,3264.0000,2803,0,23493180.000,0,-,-,-,-,3257.0000,3255.2000,3254.2000,3251.6000,3250.0000,3266.8000,3267.6000,3268.2000,3268.4000,3268.6000,1,1,1,1,1,1,2,1,1,1
SF,IH2103,2020-08-17 09:30:41.300,3266.6000,2803,0,24473160.000,1,0,1,多换,S,3261.0000,3257.2000,3257.0000,3254.2000,3251.6000,3266.8000,3267.6000,3268.2000,3268.4000,3268.6000,1,2,1,1,1,1,1,1,1,1
SF,IH2103,2020-08-17 09:30:41.800,3266.6000,2803,0,24473160.000,0,-,-,-,-,3261.2000,3257.0000,3254.2000,3251.6000,3250.0000,3266.8000,3267.6000,3268.2000,3268.4000,3268.6000,2,1,1,1,1,1,1,1,1,1
SF,IH2103,2020-08-17 09:30:42.300,3266.6000,2802,-1,25453140.000,1,0,1,双平,S,3261.2000,3257.0000,3254.2000,3251.6000,3250.0000,3266.0000,3267.6000,3268.2000,3268.4000,3268.6000,2,1,1,1,1,1,1,1,1,1
SF,IH2103,2020-08-17 09:30:42.800,3266.6000,2802,0,25453140.000,0,-,-,-,-,3261.2000,3257.0000,3254.2000,3251.6000,3250.0000,3266.0000,3268.2000,3268.4000,3268.6000,3269.8000,2,1,1,1,1,1,1,1,1,1
SF,IH2103,2020-08-17 09:30:43.300,3268.2000,2801,-1,26433600.000,1,0,1,双平,S,3261.2000,3257.0000,3254.2000,3251.6000,3250.0000,3268.4000,3268.6000,3269.8000,3270.0000,3276.4000,2,1,1,1,1,1,1,1,1,1
SF,IH2103,2020-08-17 09:30:43.800,3268.2000,2801,0,26433600.000,0,-,-,-,-,3262.0000,3261.2000,3257.0000,3254.2000,3251.6000,3268.4000,3268.6000,3269.8000,3270.0000,3276.4000,1,2,1,1,1,1,1,1,1,1
SF,IH2103,2020-08-17 09:30:44.300,3268.2000,2801,0,26433600.000,0,-,-,-,-,3262.2000,3262.0000,3257.0000,3254.2000,3251.6000,3267.8000,3268.4000,3268.6000,3269.8000,3270.0000,2,1,1,1,1,1,1,1,1,1
SF,IH2103,2020-08-17 09:30:44.800,3268.2000,2800,-1,27414060.000,1,0,1,双平,S,3263.2000,3262.2000,3257.0000,3254.2000,3251.6000,3267.8000,3268.4000,3268.6000,3269.8000,3270.0000,1,2,1,1,1,1,1,1,1,1
SF,IH2103,2020-08-17 09:30:45.300,3268.2000,2800,0,27414060.000,0,-,-,-,-,3263.4000,3263.2000,3257.0000,3254.2000,3251.6000,3267.6000,3267.8000,3268.4000,3268.6000,3269.8000,2,1,1,1,1,1,1,1,1,1
SF,IH2103,2020-08-17 09:30:45.800,3268.2000,2800,0,27414060.000,0,-,-,-,-,3263.4000,3257.0000,3254.2000,3251.6000,3250.0000,3267.6000,3268.4000,3268.6000,3269.8000,3270.0000,2,1,1,1,1,1,1,1,1,1
SF,IH2103,2020-08-17 09:30:46.300,3268.2000,2800,0,27414060.000,0,-,-,-,-,3263.4000,3257.0000,3254.2000,3251.6000,3250.0000,3267.0000,3267.6000,3268.4000,3268.6000,3269.8000,2,1,1,1,1,1,1,1,1,1
SF,IH2103,2020-08-17 09:30:46.800,3267.6000,2799,-1,28394340.000,1,0,1,双平,S,3263.4000,3257.0000,3254.2000,3251.6000,3250.0000,3267.6000,3268.4000,3268.6000,3269.8000,3270.0000,2,1,1,1,1,1,1,1,1,1
SF,IH2103,2020-08-17 09:30:47.800,3267.6000,2798,-1,29374620.000,1,0,1,双平,S,3263.4000,3257.0000,3254.2000,3251.6000,3250.0000,3268.4000,3268.6000,3269.8000,3270.0000,3278.0000,2,1,1,1,1,1,1,1,1,1
SF,IH2103,2020-08-17 09:30:48.300,3267.6000,2798,0,29374620.000,0,-,-,-,-,3267.6000,3263.4000,3257.0000,3254.2000,3251.6000,3268.4000,3268.6000,3269.8000,3270.0000,3278.0000,1,2,1,1,1,1,1,1,1,1
SF,IH2103,2020-08-17 09:30:48.800,3267.6000,2797,-1,30354900.000,1,0,1,双平,S,3263.4000,3257.0000,3254.2000,3251.6000,3250.0000,3267.8000,3268.4000,3268.6000,3269.8000,3270.0000,2,1,1,1,1,1,1,1,1,1
SF,IH2103,2020-08-17 09:30:49.800,3267.6000,2797,0,30354900.000,0,-,-,-,-,3263.4000,3257.0000,3254.2000,3251.6000,3250.0000,3268.4000,3268.6000,3269.8000,3270.0000,3278.0000,2,1,1,1,1,1,1,1,1,3
SF,IH2103,2020-08-17 09:30:50.300,3267.6000,2796,-1,31335180.000,1,0,1,双平,S,3263.4000,3257.0000,3254.2000,3251.6000,3250.0000,3268.4000,3268.6000,3269.8000,3270.0000,3278.0000,2,1,1,1,1,1,1,1,1,3
SF,IH2103,2020-08-17 09:30:50.800,3267.6000,2796,0,31335180.000,0,-,-,-,-,3264.2000,3263.4000,3257.0000,3254.2000,3251.6000,3268.4000,3268.6000,3269.8000,3270.0000,3278.0000,1,2,1,1,1,1,1,1,1,3
SF,IH2103,2020-08-17 09:30:51.300,3267.6000,2796,0,31335180.000,0,-,-,-,-,3264.4000,3264.2000,3257.0000,3254.2000,3251.6000,3268.4000,3268.6000,3270.0000,3273.4000,3278.0000,2,1,1,1,1,1,1,1,1,3
SF,IH2103,2020-08-17 09:30:51.800,3268.4000,2795,-1,32315700.000,1,0,1,双平,S,3264.4000,3264.2000,3257.0000,3254.2000,3251.6000,3268.6000,3270.0000,3273.4000,3278.0000,3279.0000,2,1,1,1,1,1,1,1,3,1
SF,IH2103,2020-08-17 09:30:52.300,3268.4000,2795,0,32315700.000,0,-,-,-,-,3265.2000,3264.4000,3264.2000,3257.0000,3254.2000,3268.6000,3270.0000,3273.4000,3278.0000,3279.0000,1,2,1,1,1,1,1,1,3,1
SF,IH2103,2020-08-17 09:30:52.800,3270.0000,2793,-2,34277280.000,2,0,2,双平,S,3265.4000,3264.4000,3264.2000,3257.0000,3254.2000,3273.4000,3278.0000,3279.0000,3279.8000,3289.0000,1,1,1,1,1,1,3,1,1,1
SF,IH2103,2020-08-17 09:30:53.300,3270.0000,2793,0,34277280.000,0,-,-,-,-,3265.6000,3265.4000,3264.2000,3257.0000,3254.2000,3273.4000,3278.0000,3279.0000,3279.8000,3289.0000,1,1,1,1,1,1,3,1,1,1
SF,IH2103,2020-08-17 09:30:53.800,3270.0000,2793,0,34277280.000,0,-,-,-,-,3266.0000,3265.8000,3265.6000,3264.2000,3257.0000,3273.4000,3278.0000,3279.0000,3279.8000,3289.0000,1,1,1,1,1,1,3,1,1,1
SF,IH2103,2020-08-17 09:30:54.300,3270.0000,2793,0,34277280.000,0,-,-,-,-,3266.2000,3266.0000,3264.2000,3257.0000,3254.2000,3272.0000,3273.4000,3278.0000,3279.0000,3279.8000,2,1,1,1,1,1,1,3,1,1
SF,IH2103,2020-08-17 09:30:54.800,3270.0000,2793,0,34277280.000,0,-,-,-,-,3266.2000,3264.2000,3257.0000,3254.2000,3251.6000,3272.0000,3273.4000,3278.0000,3279.0000,3279.8000,2,1,1,1,1,1,1,3,1,1
SF,IH2103,2020-08-17 09:30:56.800,3270.0000,2793,0,34277280.000,0,-,-,-,-,3266.2000,3264.2000,3257.0000,3254.2000,3251.6000,3273.4000,3278.0000,3279.0000,3279.8000,3289.0000,2,1,1,1,1,1,3,1,1,1
SF,IH2103,2020-08-17 09:30:57.300,3270.0000,2793,0,34277280.000,0,-,-,-,-,3266.2000,3264.2000,3257.0000,3254.2000,3251.6000,3272.2000,3273.4000,3278.0000,3279.0000,3279.8000,2,1,1,1,1,1,1,3,1,1
SF,IH2103,2020-08-17 09:30:58.300,3270.0000,2793,0,34277280.000,0,-,-,-,-,3266.2000,3264.2000,3257.0000,3254.2000,3251.6000,3273.4000,3278.0000,3279.0000,3279.8000,3286.0000,2,1,1,1,1,1,3,1,1,1
SF,IH2103,2020-08-17 09:30:58.800,3270.0000,2793,0,34277280.000,0,-,-,-,-,3267.8000,3266.2000,3257.0000,3254.2000,3251.6000,3273.4000,3278.0000,3279.0000,3279.8000,3286.0000,1,2,1,1,1,1,3,1,1,1
SF,IH2103,2020-08-17 09:30:59.300,3270.0000,2793,0,34277280.000,0,-,-,-,-,3268.0000,3267.8000,3257.0000,3254.2000,3251.6000,3273.4000,3278.0000,3279.0000,3279.8000,3286.0000,2,1,1,1,1,1,3,1,1,1
SF,IH2103,2020-08-17 09:31:02.800,3270.0000,2793,0,34277280.000,0,-,-,-,-,3268.0000,3267.8000,3257.0000,3254.2000,3251.6000,3272.2000,3273.4000,3278.0000,3279.0000,3279.8000,2,1,1,1,1,1,1,3,1,1
SF,IH2103,2020-08-17 09:31:03.300,3272.2000,2792,-1,35258940.000,1,0,1,双平,S,3268.2000,3268.0000,3267.8000,3257.0000,3254.2000,3273.4000,3278.0000,3279.0000,3279.8000,3286.0000,1,2,1,1,1,1,3,1,1,1
SF,IH2103,2020-08-17 09:31:03.800,3273.4000,2792,0,36240960.000,1,0,1,多换,S,3273.4000,3268.4000,3268.2000,3267.8000,3257.0000,3278.0000,3279.0000,3279.8000,3286.0000,3289.0000,1,2,1,1,1,3,1,1,1,1
SF,IH2103,2020-08-17 09:31:04.300,3273.4000,2792,0,37222980.000,1,0,1,多换,S,3273.6000,3273.4000,3268.2000,3267.8000,3257.0000,3277.8000,3278.0000,3279.0000,3279.8000,3286.0000,1,2,1,1,1,1,3,1,1,1
SF,IH2103,2020-08-17 09:31:04.800,3273.4000,2792,0,37222980.000,0,-,-,-,-,3273.8000,3273.6000,3273.4000,3268.2000,3257.0000,3276.8000,3277.8000,3278.0000,3279.0000,3279.8000,1,1,2,1,1,1,1,3,1,1
SF,IH2103,2020-08-17 09:31:05.300,3273.4000,2792,0,37222980.000,0,-,-,-,-,3274.0000,3273.4000,3268.2000,3257.0000,3254.2000,3276.8000,3277.8000,3278.0000,3279.0000,3279.8000,1,2,1,1,1,1,1,3,1,1
SF,IH2103,2020-08-17 09:31:05.800,3274.0000,2791,-1,38205180.000,1,0,1,双平,S,3273.4000,3257.0000,3254.2000,3251.6000,3250.0000,3276.8000,3277.8000,3278.0000,3279.0000,3279.8000,1,1,1,1,1,1,1,3,1,1
SF,IH2103,2020-08-17 09:31:06.300,3273.4000,2791,0,39187200.000,1,0,1,多换,S,3257.0000,3254.2000,3251.6000,3250.0000,3248.0000,3276.6000,3276.8000,3277.8000,3278.0000,3279.0000,1,1,1,1,10,2,1,1,3,1
SF,IH2103,2020-08-17 09:31:06.800,3273.4000,2791,0,39187200.000,0,-,-,-,-,3263.8000,3262.0000,3257.2000,3257.0000,3254.2000,3273.2000,3275.6000,3276.6000,3277.8000,3278.0000,1,1,4,1,1,1,1,2,1,3
SF,IH2103,2020-08-17 09:31:07.300,3273.4000,2790,-1,40169220.000,1,0,1,双平,S,3264.0000,3263.8000,3262.0000,3257.2000,3257.0000,3275.6000,3278.0000,3279.0000,3279.8000,3286.0000,3,1,1,1,1,2,3,1,1,1
SF,IH2103,2020-08-17 09:31:07.800,3273.4000,2790,0,40169220.000,0,-,-,-,-,3264.0000,3262.0000,3257.0000,3254.2000,3251.6000,3275.4000,3275.6000,3278.0000,3279.0000,3279.8000,3,1,1,1,1,4,2,3,1,1
SF,IH2103,2020-08-17 09:31:08.300,3273.4000,2790,0,40169220.000,0,-,-,-,-,3265.2000,3264.0000,3262.0000,3259.6000,3257.0000,3273.2000,3275.4000,3275.6000,3278.0000,3279.0000,1,3,1,1,1,1,4,1,3,1
SF,IH2103,2020-08-17 09:31:08.800,3273.4000,2790,0,40169220.000,0,-,-,-,-,3265.4000,3265.2000,3259.6000,3258.8000,3257.0000,3273.0000,3273.2000,3275.4000,3275.6000,3278.0000,2,1,1,1,1,3,1,2,1,3
SF,IH2103,2020-08-17 09:31:09.300,3273.4000,2790,0,40169220.000,0,-,-,-,-,3265.6000,3265.4000,3259.6000,3258.8000,3257.0000,3272.8000,3273.0000,3273.2000,3275.4000,3275.6000,1,1,1,1,1,1,3,1,2,1
SF,IH2103,2020-08-17 09:31:09.800,3273.4000,2790,0,40169220.000,0,-,-,-,-,3265.8000,3265.6000,3259.6000,3258.8000,3257.0000,3271.8000,3272.2000,3272.6000,3272.8000,3275.4000,1,1,1,1,1,1,2,4,2,1
SF,IH2103,2020-08-17 09:31:10.300,3273.4000,2790,0,40169220.000,0,-,-,-,-,3266.0000,3265.8000,3258.8000,3257.0000,3254.2000,3271.6000,3271.8000,3272.2000,3272.6000,3272.8000,1,1,1,1,1,1,2,2,1,1
SF,IH2103,2020-08-17 09:31:10.800,3273.4000,2790,0,40169220.000,0,-,-,-,-,3266.2000,3266.0000,3258.8000,3257.0000,3254.2000,3271.0000,3271.6000,3272.2000,3272.6000,3272.8000,1,1,1,1,1,1,1,1,1,1
SF,IH2103,2020-08-17 09:31:11.300,3271.0000,2789,-1,42131820.000,2,0,2,多平,S,3266.4000,3266.2000,3258.8000,3257.0000,3254.2000,3271.0000,3272.2000,3272.6000,3272.8000,3278.0000,1,1,1,1,1,1,1,1,1,3
SF,IH2103,2020-08-17 09:31:11.800,3271.0000,2789,0,42131820.000,0,-,-,-,-,3266.6000,3266.4000,3258.8000,3257.0000,3254.2000,3271.0000,3272.2000,3272.6000,3272.8000,3278.0000,1,1,1,1,1,1,1,1,1,3
SF,IH2103,2020-08-17 09:31:12.300,3271.0000,2789,0,42131820.000,0,-,-,-,-,3266.8000,3266.6000,3258.8000,3257.0000,3254.2000,3272.2000,3272.6000,3272.8000,3278.0000,3279.0000,1,2,1,1,1,1,1,1,3,1
SF,IH2103,2020-08-17 09:31:12.800,3271.0000,2789,0,42131820.000,0,-,-,-,-,3267.0000,3266.8000,3258.8000,3257.0000,3254.2000,3272.2000,3272.8000,3278.0000,3279.0000,3279.8000,1,1,1,1,1,1,1,3,1,1
SF,IH2103,2020-08-17 09:31:13.300,3271.0000,2789,0,42131820.000,0,-,-,-,-,3267.2000,3267.0000,3258.8000,3257.0000,3254.2000,3271.6000,3272.2000,3272.8000,3278.0000,3279.0000,1,2,1,1,1,1,1,1,3,1
SF,IH2103,2020-08-17 09:31:13.800,3271.0000,2789,0,42131820.000,0,-,-,-,-,3267.4000,3267.2000,3258.8000,3257.0000,3254.2000,3271.6000,3272.2000,3272.8000,3278.0000,3279.0000,1,1,1,1,1,1,1,1,3,1
SF,IH2103,2020-08-17 09:31:14.300,3271.0000,2789,0,42131820.000,0,-,-,-,-,3267.6000,3267.4000,3258.8000,3257.0000,3254.2000,3271.6000,3272.2000,3272.8000,3278.0000,3279.0000,1,2,1,1,1,1,1,1,3,1
SF,IH2103,2020-08-17 09:31:14.800,3271.0000,2789,0,42131820.000,0,-,-,-,-,3267.8000,3267.6000,3258.8000,3257.0000,3254.2000,3272.2000,3278.0000,3279.0000,3279.8000,3282.2000,1,1,1,1,1,1,3,1,1,1
SF,IH2103,2020-08-17 09:31:15.300,3271.0000,2789,0,42131820.000,0,-,-,-,-,3268.0000,3267.8000,3258.8000,3257.0000,3254.2000,3272.2000,3278.0000,3279.0000,3279.8000,3282.2000,1,1,1,1,1,1,3,1,1,1
SF,IH2103,2020-08-17 09:31:15.800,3271.0000,2789,0,42131820.000,0,-,-,-,-,3268.2000,3268.0000,3258.8000,3257.0000,3254.2000,3270.8000,3271.6000,3271.8000,3272.2000,3278.0000,2,1,1,1,1,1,1,1,1,3
SF,IH2103,2020-08-17 09:31:16.300,3270.8000,2788,-1,43113060.000,1,0,1,双平,S,3268.2000,3258.8000,3257.0000,3254.2000,3251.6000,3271.6000,3272.2000,3278.0000,3279.0000,3279.8000,1,1,1,1,1,1,1,3,1,1
SF,IH2103,2020-08-17 09:31:16.800,3270.8000,2788,0,43113060.000,0,-,-,-,-,3268.2000,3258.8000,3257.0000,3254.2000,3251.6000,3271.4000,3272.2000,3273.8000,3278.0000,3279.0000,1,1,1,1,1,1,1,1,3,1
SF,IH2103,2020-08-17 09:31:17.300,3270.8000,2788,0,43113060.000,0,-,-,-,-,3268.2000,3258.8000,3257.0000,3256.2000,3254.2000,3270.6000,3271.4000,3272.2000,3273.8000,3278.0000,1,1,1,1,1,1,1,1,1,3
SF,IH2103,2020-08-17 09:31:17.800,3270.8000,2788,0,43113060.000,0,-,-,-,-,3268.2000,3258.8000,3257.0000,3256.2000,3254.2000,3270.6000,3271.0000,3271.4000,3272.2000,3278.0000,1,1,1,1,1,1,1,1,1,3
SF,IH2103,2020-08-17 09:31:18.300,3270.8000,2788,0,43113060.000,0,-,-,-,-,3268.2000,3258.8000,3257.0000,3256.2000,3254.2000,3270.6000,3271.4000,3272.2000,3278.0000,3279.0000,1,1,1,1,1,1,1,1,3,1
SF,IH2103,2020-08-17 09:31:18.800,3270.8000,2788,0,43113060.000,0,-,-,-,-,3268.2000,3258.8000,3257.0000,3256.2000,3254.2000,3270.6000,3271.4000,3272.2000,3273.2000,3278.0000,1,1,1,1,1,1,1,1,1,3
SF,IH2103,2020-08-17 09:31:19.300,3270.8000,2788,0,43113060.000,0,-,-,-,-,3268.2000,3258.8000,3257.0000,3256.2000,3254.2000,3270.4000,3270.6000,3272.2000,3273.2000,3278.0000,1,1,1,1,1,1,2,1,1,3
SF,IH2103,2020-08-17 09:31:19.800,3268.2000,2787,-1,44093520.000,1,0,1,双平,S,3258.8000,3257.0000,3256.2000,3254.2000,3251.6000,3270.6000,3272.2000,3278.0000,3279.0000,3279.8000,1,1,1,1,1,2,1,3,1,1
SF,IH2103,2020-08-17 09:31:20.300,3268.2000,2787,0,44093520.000,0,-,-,-,-,3262.8000,3259.0000,3258.8000,3257.0000,3256.2000,3270.0000,3270.6000,3272.2000,3278.0000,3279.0000,1,3,1,1,1,1,2,1,3,1
SF,IH2103,2020-08-17 09:31:20.800,3268.2000,2787,0,44093520.000,0,-,-,-,-,3263.0000,3258.8000,3257.0000,3256.2000,3254.2000,3270.0000,3270.6000,3272.2000,3278.0000,3279.0000,2,1,1,1,1,1,2,1,3,1
SF,IH2103,2020-08-17 09:31:21.300,3270.6000,2785,-2,46055700.000,2,0,2,双平,S,3263.2000,3263.0000,3258.8000,3257.0000,3256.2000,3270.6000,3272.2000,3278.0000,3279.0000,3279.8000,1,3,1,1,1,1,1,3,1,1
SF,IH2103,2020-08-17 09:31:21.800,3270.6000,2785,0,46055700.000,0,-,-,-,-,3263.4000,3258.8000,3257.0000,3256.2000,3254.2000,3270.6000,3272.2000,3273.8000,3278.0000,3279.0000,3,1,1,1,1,1,1,1,3,1
SF,IH2103,2020-08-17 09:31:22.300,3270.6000,2785,0,46055700.000,0,-,-,-,-,3263.4000,3258.8000,3257.0000,3256.2000,3254.2000,3270.6000,3273.8000,3275.6000,3278.0000,3279.0000,4,1,1,1,1,1,1,1,3,1
SF,IH2103,2020-08-17 09:31:22.800,3270.6000,2784,-1,47036880.000,1,0,1,双平,S,3263.6000,3263.4000,3258.8000,3257.0000,3256.2000,3273.8000,3275.6000,3278.0000,3279.0000,3279.8000,1,4,1,1,1,1,1,3,1,1
SF,IH2103,2020-08-17 09:31:23.300,3270.6000,2784,0,47036880.000,0,-,-,-,-,3263.8000,3263.6000,3263.4000,3258.8000,3257.0000,3273.8000,3275.6000,3278.0000,3279.0000,3279.8000,2,1,1,1,1,1,1,3,1,1
SF,IH2103,2020-08-17 09:31:23.800,3270.6000,2784,0,47036880.000,0,-,-,-,-,3264.4000,3264.2000,3263.8000,3263.4000,3262.4000,3273.8000,3275.6000,3278.0000,3279.0000,3279.8000,1,1,2,1,1,1,1,3,1,1
SF,IH2103,2020-08-17 09:31:24.300,3270.6000,2784,0,47036880.000,0,-,-,-,-,3267.8000,3264.6000,3264.4000,3264.2000,3263.4000,3273.8000,3275.6000,3278.0000,3279.0000,3279.8000,1,2,1,1,1,1,1,3,1,1
SF,IH2103,2020-08-17 09:31:24.800,3270.6000,2784,0,47036880.000,0,-,-,-,-,3268.0000,3267.8000,3264.4000,3264.2000,3262.4000,3273.8000,3275.6000,3278.0000,3279.0000,3279.8000,2,1,1,1,1,1,1,3,1,1
SF,IH2103,2020-08-17 09:31:25.300,3270.6000,2784,0,47036880.000,0,-,-,-,-,3268.0000,3267.8000,3264.2000,3262.4000,3257.0000,3273.2000,3273.8000,3275.6000,3278.0000,3279.0000,3,1,1,1,1,1,1,1,3,1
SF,IH2103,2020-08-17 09:31:25.800,3270.6000,2784,0,47036880.000,0,-,-,-,-,3268.0000,3267.8000,3262.4000,3257.0000,3256.2000,3273.2000,3273.8000,3275.6000,3278.0000,3279.0000,2,1,1,1,1,1,1,1,3,1
SF,IH2103,2020-08-17 09:31:26.300,3270.6000,2784,0,47036880.000,0,-,-,-,-,3268.0000,3262.4000,3257.0000,3256.2000,3254.2000,3273.2000,3273.8000,3275.6000,3278.0000,3279.0000,2,1,1,1,1,1,1,1,3,1
SF,IH2103,2020-08-17 09:31:26.800,3270.6000,2784,0,47036880.000,0,-,-,-,-,3268.0000,3262.4000,3257.0000,3256.2000,3254.2000,3273.2000,3273.8000,3275.6000,3278.0000,3279.0000,2,1,1,1,1,1,1,1,3,1
SF,IH2103,2020-08-17 09:31:27.800,3270.6000,2784,0,47036880.000,0,-,-,-,-,3268.0000,3262.4000,3257.0000,3256.2000,3254.2000,3273.8000,3275.6000,3278.0000,3279.0000,3279.8000,2,1,1,1,1,1,1,3,1,1
SF,IH2103,2020-08-17 09:31:28.300,3270.6000,2784,0,47036880.000,0,-,-,-,-,3268.2000,3268.0000,3262.4000,3257.0000,3256.2000,3273.8000,3275.6000,3278.0000,3279.0000,3279.8000,1,2,1,1,1,1,1,3,1,1
SF,IH2103,2020-08-17 09:31:28.800,3270.6000,2784,0,47036880.000,0,-,-,-,-,3268.4000,3268.2000,3262.4000,3257.0000,3256.2000,3273.8000,3275.6000,3278.0000,3279.0000,3279.8000,2,1,1,1,1,1,1,3,1,1
SF,IH2103,2020-08-17 09:31:29.300,3270.6000,2784,0,47036880.000,0,-,-,-,-,3268.4000,3262.4000,3257.0000,3256.2000,3254.2000,3273.8000,3275.6000,3278.0000,3279.0000,3279.8000,2,1,1,1,1,1,1,3,1,1
SF,IH2103,2020-08-17 09:31:29.800,3270.6000,2784,0,47036880.000,0,-,-,-,-,3268.6000,3268.4000,3262.4000,3257.0000,3256.2000,3273.8000,3275.6000,3278.0000,3279.0000,3279.8000,1,2,1,1,1,1,1,3,1,1
SF,IH2103,2020-08-17 09:31:30.300,3270.6000,2784,0,47036880.000,0,-,-,-,-,3268.8000,3268.6000,3262.4000,3257.0000,3256.2000,3273.8000,3275.6000,3278.0000,3279.0000,3279.8000,2,1,1,1,1,1,1,3,1,1
SF,IH2103,2020-08-17 09:31:30.800,3270.6000,2784,0,47036880.000,0,-,-,-,-,3268.8000,3262.4000,3257.0000,3256.2000,3254.2000,3273.8000,3275.6000,3278.0000,3279.0000,3279.8000,2,1,1,1,1,1,1,3,1,1
SF,IH2103,2020-08-17 09:31:31.300,3270.6000,2784,0,47036880.000,0,-,-,-,-,3268.8000,3262.4000,3257.0000,3256.2000,3254.2000,3273.8000,3275.6000,3278.0000,3279.0000,3279.8000,2,1,1,1,1,1,1,3,1,1
SF,IH2103,2020-08-17 09:31:33.300,3270.6000,2784,0,47036880.000,0,-,-,-,-,3268.8000,3262.4000,3257.0000,3256.2000,3254.2000,3273.0000,3273.8000,3275.6000,3278.0000,3279.0000,2,1,1,1,1,1,1,1,3,1
SF,IH2103,2020-08-17 09:31:34.800,3270.6000,2784,0,47036880.000,0,-,-,-,-,3268.8000,3262.4000,3257.0000,3256.2000,3254.2000,3273.8000,3275.6000,3278.0000,3279.0000,3279.8000,2,1,1,1,1,1,1,3,1,1
SF,IH2103,2020-08-17 09:31:35.300,3270.6000,2784,0,47036880.000,0,-,-,-,-,3268.8000,3262.4000,3257.0000,3256.2000,3254.2000,3273.8000,3275.6000,3278.0000,3279.0000,3279.8000,2,1,1,1,1,1,1,2,1,1
SF,IH2103,2020-08-17 09:31:35.800,3268.8000,2784,0,48017520.000,1,0,1,多换,S,3268.8000,3262.4000,3257.0000,3256.2000,3254.2000,3273.8000,3275.6000,3278.0000,3279.0000,3279.8000,1,1,1,1,1,1,1,2,1,1
SF,IH2103,2020-08-17 09:31:36.300,3268.8000,2784,0,48017520.000,0,-,-,-,-,3269.0000,3268.8000,3262.4000,3257.0000,3256.2000,3273.8000,3275.6000,3278.0000,3279.0000,3279.8000,1,1,1,1,1,1,1,2,1,1
SF,IH2103,2020-08-17 09:31:36.800,3268.8000,2784,0,48017520.000,0,-,-,-,-,3269.2000,3269.0000,3262.4000,3257.0000,3256.2000,3273.8000,3275.6000,3278.0000,3279.0000,3279.8000,2,1,1,1,1,1,1,2,1,1
SF,IH2103,2020-08-17 09:31:37.300,3268.8000,2784,0,48017520.000,0,-,-,-,-,3269.2000,3262.4000,3257.0000,3256.2000,3254.2000,3273.2000,3273.6000,3273.8000,3275.6000,3278.0000,1,1,1,1,1,1,1,1,1,2
SF,IH2103,2020-08-17 09:31:37.800,3268.8000,2784,0,48017520.000,0,-,-,-,-,3270.6000,3269.2000,3262.4000,3257.0000,3256.2000,3273.0000,3273.2000,3273.8000,3275.6000,3278.0000,1,1,1,1,1,1,1,1,1,2
SF,IH2103,2020-08-17 09:31:38.300,3268.8000,2784,0,48017520.000,0,-,-,-,-,3270.8000,3270.6000,3262.4000,3257.0000,3256.2000,3273.2000,3273.8000,3275.6000,3278.0000,3279.0000,1,1,1,1,1,1,1,1,2,1
SF,IH2103,2020-08-17 09:31:38.800,3268.8000,2784,0,48017520.000,0,-,-,-,-,3270.8000,3270.6000,3262.4000,3257.0000,3256.2000,3273.2000,3273.8000,3275.6000,3278.0000,3279.0000,1,1,1,1,1,1,1,1,2,1
SF,IH2103,2020-08-17 09:31:39.300,3268.8000,2784,0,48017520.000,0,-,-,-,-,3270.8000,3270.6000,3262.4000,3257.0000,3256.2000,3273.2000,3273.8000,3275.6000,3278.0000,3279.0000,1,1,1,1,1,1,1,1,2,1
SF,IH2103,2020-08-17 09:31:41.300,3268.8000,2784,0,48017520.000,0,-,-,-,-,3270.8000,3262.4000,3257.0000,3256.2000,3254.2000,3273.2000,3273.8000,3275.6000,3278.0000,3279.0000,1,1,1,1,1,1,1,1,2,1
SF,IH2103,2020-08-17 09:31:42.300,3268.8000,2784,0,48017520.000,0,-,-,-,-,3270.8000,3262.4000,3257.0000,3256.2000,3254.2000,3273.8000,3275.6000,3278.0000,3279.0000,3279.8000,1,1,1,1,1,1,1,2,1,1
SF,IH2103,2020-08-17 09:31:43.300,3268.8000,2784,0,48017520.000,0,-,-,-,-,3270.8000,3262.4000,3257.0000,3256.2000,3254.2000,3273.8000,3275.6000,3278.0000,3279.0000,3279.8000,1,1,1,1,1,1,1,2,1,1
SF,IH2103,2020-08-17 09:31:47.300,3268.8000,2784,0,48017520.000,0,-,-,-,-,3270.8000,3262.4000,3257.0000,3256.2000,3254.2000,3273.8000,3275.6000,3278.0000,3279.0000,3279.8000,1,1,1,1,1,1,1,2,1,1
SF,IH2103,2020-08-17 09:31:48.300,3273.8000,2783,-1,48999660.000,1,0,1,双平,S,3270.8000,3262.4000,3257.0000,3256.2000,3254.2000,3275.6000,3278.0000,3279.0000,3279.8000,3282.2000,1,1,1,1,1,1,2,1,1,1
SF,IH2103,2020-08-17 09:31:48.800,3273.8000,2783,0,48999660.000,0,-,-,-,-,3271.0000,3270.8000,3262.4000,3257.0000,3256.2000,3278.0000,3278.8000,3279.0000,3279.8000,3282.2000,1,1,1,1,1,2,1,1,1,1
SF,IH2103,2020-08-17 09:31:49.300,3273.8000,2783,0,48999660.000,0,-,-,-,-,3271.2000,3271.0000,3262.4000,3257.0000,3256.2000,3277.8000,3278.0000,3278.8000,3279.0000,3279.8000,1,1,1,1,1,2,2,1,1,1
SF,IH2103,2020-08-17 09:31:49.800,3273.8000,2783,0,48999660.000,0,-,-,-,-,3271.4000,3271.2000,3262.4000,3257.0000,3256.2000,3277.8000,3278.0000,3278.8000,3279.0000,3279.8000,1,1,1,1,1,2,2,1,1,1
SF,IH2103,2020-08-17 09:31:50.300,3273.8000,2783,0,48999660.000,0,-,-,-,-,3271.6000,3271.4000,3262.4000,3257.0000,3256.2000,3276.4000,3277.6000,3277.8000,3278.0000,3278.8000,1,1,1,1,1,1,1,2,2,1
SF,IH2103,2020-08-17 09:31:50.800,3273.8000,2783,0,48999660.000,0,-,-,-,-,3271.6000,3262.4000,3257.0000,3256.2000,3254.2000,3273.6000,3275.2000,3276.2000,3276.4000,3277.6000,1,1,1,1,1,1,1,2,1,1
SF,IH2103,2020-08-17 09:31:51.300,3271.6000,2782,-1,49981140.000,1,0,1,双平,S,3262.4000,3257.0000,3256.2000,3254.2000,3251.6000,3273.6000,3275.2000,3276.2000,3276.4000,3277.6000,1,1,1,1,1,1,1,1,1,1
SF,IH2103,2020-08-17 09:31:51.800,3277.6000,2784,2,54893100.000,5,3,2,空开,S,3262.6000,3257.0000,3256.2000,3254.2000,3251.6000,3277.8000,3278.0000,3279.0000,3279.8000,3282.2000,4,1,1,1,1,1,2,1,1,1
SF,IH2103,2020-08-17 09:31:52.300,3275.0000,2783,-1,55875600.000,1,0,1,双平,S,3262.6000,3257.0000,3256.2000,3254.2000,3251.6000,3276.6000,3277.2000,3277.6000,3277.8000,3278.0000,4,1,1,1,1,1,1,2,1,2
SF,IH2103,2020-08-17 09:31:52.800,3275.0000,2783,0,55875600.000,0,-,-,-,-,3262.8000,3262.6000,3257.0000,3256.2000,3254.2000,3276.4000,3276.6000,3277.2000,3277.6000,3278.0000,1,4,1,1,1,2,1,1,2,2
SF,IH2103,2020-08-17 09:31:53.300,3275.0000,2783,0,55875600.000,0,-,-,-,-,3263.0000,3262.8000,3262.6000,3257.0000,3256.2000,3276.4000,3276.6000,3276.8000,3277.2000,3277.6000,3,1,1,1,1,2,1,1,1,2
SF,IH2103,2020-08-17 09:31:53.800,3275.0000,2783,0,55875600.000,0,-,-,-,-,3263.0000,3262.8000,3262.6000,3257.0000,3256.2000,3276.4000,3276.6000,3276.8000,3277.0000,3277.6000,4,1,1,1,1,2,1,1,1,2
SF,IH2103,2020-08-17 09:31:54.300,3275.0000,2783,0,55875600.000,0,-,-,-,-,3265.6000,3264.0000,3263.4000,3263.0000,3262.8000,3276.0000,3276.4000,3276.6000,3276.8000,3277.0000,1,1,1,4,1,1,2,1,1,1
SF,IH2103,2020-08-17 09:31:54.800,3275.0000,2783,0,55875600.000,0,-,-,-,-,3265.8000,3265.6000,3264.0000,3263.0000,3257.0000,3276.0000,3276.4000,3276.6000,3276.8000,3277.0000,3,1,1,1,1,1,2,1,1,1
SF,IH2103,2020-08-17 09:31:55.300,3275.0000,2783,0,55875600.000,0,-,-,-,-,3268.2000,3267.4000,3266.0000,3265.8000,3265.6000,3275.2000,3276.0000,3276.4000,3276.6000,3276.8000,1,1,1,3,1,1,1,2,1,1
SF,IH2103,2020-08-17 09:31:55.800,3275.0000,2783,0,55875600.000,0,-,-,-,-,3268.4000,3268.2000,3267.4000,3265.6000,3264.4000,3275.2000,3276.0000,3276.4000,3276.6000,3276.8000,2,1,1,1,1,1,1,2,1,1
SF,IH2103,2020-08-17 09:31:56.300,3275.0000,2783,0,55875600.000,0,-,-,-,-,3268.4000,3268.2000,3267.4000,3265.6000,3264.4000,3275.2000,3276.0000,3276.4000,3276.6000,3276.8000,2,1,1,1,1,1,1,2,1,1
SF,IH2103,2020-08-17 09:31:56.800,3275.0000,2783,0,55875600.000,0,-,-,-,-,3268.6000,3268.4000,3267.4000,3265.6000,3264.4000,3275.2000,3276.0000,3276.6000,3276.8000,3277.0000,1,2,1,1,1,1,1,1,1,1
SF,IH2103,2020-08-17 09:31:57.300,3275.0000,2783,0,55875600.000,0,-,-,-,-,3268.8000,3267.4000,3264.4000,3262.2000,3257.0000,3275.2000,3276.0000,3276.6000,3276.8000,3277.0000,2,1,1,1,1,1,1,1,1,1
SF,IH2103,2020-08-17 09:31:57.800,3275.0000,2783,0,55875600.000,0,-,-,-,-,3269.0000,3268.8000,3264.4000,3262.2000,3257.0000,3275.0000,3275.2000,3276.0000,3276.6000,3276.8000,1,3,1,1,1,2,1,1,1,1
SF,IH2103,2020-08-17 09:31:58.300,3275.0000,2783,0,55875600.000,0,-,-,-,-,3269.4000,3269.2000,3268.8000,3264.4000,3262.2000,3275.2000,3276.0000,3276.6000,3276.8000,3277.0000,1,2,1,1,1,1,1,1,1,1
SF,IH2103,2020-08-17 09:31:58.800,3275.0000,2783,0,55875600.000,0,-,-,-,-,3269.6000,3269.4000,3264.4000,3262.2000,3257.0000,3275.2000,3276.0000,3276.6000,3277.0000,3277.2000,2,1,1,1,1,1,1,1,1,1
SF,IH2103,2020-08-17 09:31:59.300,3275.0000,2783,0,55875600.000,0,-,-,-,-,3269.6000,3264.4000,3262.2000,3257.0000,3256.2000,3275.2000,3276.0000,3276.6000,3277.0000,3277.2000,2,1,1,1,1,1,1,1,1,1
SF,IH2103,2020-08-17 09:31:59.800,3275.0000,2783,0,55875600.000,0,-,-,-,-,3269.6000,3264.4000,3262.2000,3257.0000,3256.2000,3276.0000,3276.6000,3277.0000,3277.2000,3278.0000,2,1,1,1,1,1,1,2,1,2
SF,IH2103,2020-08-17 09:32:00.800,3275.0000,2783,0,55875600.000,0,-,-,-,-,3269.6000,3264.4000,3262.2000,3257.0000,3256.2000,3276.0000,3276.6000,3277.0000,3278.0000,3279.0000,2,1,1,1,1,1,1,1,2,1
SF,IH2103,2020-08-17 09:32:01.800,3275.0000,2783,0,55875600.000,0,-,-,-,-,3275.2000,3269.6000,3264.4000,3262.2000,3257.0000,3275.8000,3276.0000,3276.6000,3277.0000,3278.0000,3,2,1,1,1,1,1,1,1,2
SF,IH2103,2020-08-17 09:32:02.300,3275.2000,2783,0,58823160.000,3,1,2,多换,S,3269.6000,3264.4000,3262.2000,3257.0000,3256.2000,3276.0000,3276.6000,3277.0000,3278.0000,3279.0000,2,1,1,1,1,1,1,1,2,1
SF,IH2103,2020-08-17 09:32:02.800,3275.2000,2783,0,58823160.000,0,-,-,-,-,3269.6000,3262.2000,3257.0000,3256.2000,3254.2000,3276.0000,3276.6000,3277.0000,3278.0000,3279.0000,2,1,1,1,1,1,1,1,2,1
SF,IH2103,2020-08-17 09:32:03.300,3275.2000,2783,0,58823160.000,0,-,-,-,-,3269.6000,3262.2000,3257.0000,3256.2000,3254.2000,3276.0000,3276.6000,3278.0000,3279.0000,3279.8000,2,1,1,1,1,1,1,2,1,1
SF,IH2103,2020-08-17 09:32:03.800,3275.2000,2783,0,58823160.000,0,-,-,-,-,3269.6000,3262.2000,3257.0000,3256.2000,3254.2000,3276.0000,3276.6000,3278.0000,3279.0000,3279.8000,2,1,1,1,1,1,1,2,1,1
SF,IH2103,2020-08-17 09:32:04.300,3275.2000,2783,0,58823160.000,0,-,-,-,-,3270.4000,3269.6000,3262.2000,3257.0000,3256.2000,3276.0000,3276.6000,3278.0000,3279.0000,3279.8000,1,2,1,1,1,1,1,2,1,1
SF,IH2103,2020-08-17 09:32:04.800,3270.6000,2783,0,59804340.000,1,0,1,多换,S,3270.6000,3270.4000,3262.2000,3257.0000,3256.2000,3275.8000,3276.0000,3276.6000,3278.0000,3279.0000,1,1,1,1,1,1,1,1,2,1
SF,IH2103,2020-08-17 09:32:05.300,3270.6000,2783,0,59804340.000,0,-,-,-,-,3270.6000,3270.4000,3265.0000,3262.2000,3257.0000,3275.8000,3276.0000,3276.6000,3278.0000,3279.0000,1,1,1,1,1,1,1,1,2,1
SF,IH2103,2020-08-17 09:32:05.800,3270.6000,2783,0,59804340.000,0,-,-,-,-,3270.8000,3270.6000,3270.4000,3265.0000,3262.2000,3276.0000,3276.6000,3278.0000,3279.0000,3279.8000,1,1,1,1,1,1,1,2,1,1
SF,IH2103,2020-08-17 09:32:06.300,3270.6000,2783,0,59804340.000,0,-,-,-,-,3271.0000,3270.8000,3270.4000,3265.0000,3262.2000,3276.0000,3276.6000,3278.0000,3279.0000,3279.8000,1,1,1,1,1,1,1,2,1,1
SF,IH2103,2020-08-17 09:32:06.800,3270.6000,2783,0,59804340.000,0,-,-,-,-,3271.2000,3271.0000,3270.4000,3265.0000,3262.2000,3276.0000,3276.6000,3278.0000,3279.0000,3279.8000,1,2,1,1,1,1,1,2,1,1
SF,IH2103,2020-08-17 09:32:07.300,3270.6000,2783,0,59804340.000,0,-,-,-,-,3271.4000,3271.2000,3271.0000,3270.4000,3265.0000,3276.0000,3276.6000,3278.0000,3279.0000,3279.8000,1,1,1,1,1,1,1,2,1,1
SF,IH2103,2020-08-17 09:32:07.800,3270.6000,2783,0,59804340.000,0,-,-,-,-,3271.6000,3271.4000,3270.4000,3266.0000,3265.0000,3276.0000,3276.6000,3278.0000,3279.0000,3279.8000,2,1,1,1,1,1,1,2,1,1
SF,IH2103,2020-08-17 09:32:08.300,3270.6000,2783,0,59804340.000,0,-,-,-,-,3271.8000,3271.6000,3270.4000,3266.0000,3265.0000,3276.0000,3276.6000,3278.0000,3279.0000,3279.8000,1,2,1,1,1,1,1,2,1,1
SF,IH2103,2020-08-17 09:32:08.800,3270.6000,2783,0,59804340.000,0,-,-,-,-,3272.0000,3271.8000,3271.6000,3270.4000,3266.0000,3276.0000,3276.6000,3278.0000,3279.0000,3279.8000,1,1,1,1,1,1,1,2,1,1
SF,IH2103,2020-08-17 09:32:09.300,3270.6000,2783,0,59804340.000,0,-,-,-,-,3272.2000,3272.0000,3271.6000,3270.4000,3266.0000,3276.0000,3276.6000,3278.0000,3279.0000,3279.8000,1,1,1,1,1,1,1,2,1,1
SF,IH2103,2020-08-17 09:32:10.800,3272.2000,2782,-1,60786000.000,1,0,1,双平,S,3272.0000,3270.4000,3266.0000,3265.0000,3257.0000,3276.0000,3276.6000,3278.0000,3279.0000,3279.8000,1,1,1,1,1,1,1,2,1,1
SF,IH2103,2020-08-17 09:32:11.300,3272.2000,2782,0,60786000.000,0,-,-,-,-,3272.2000,3272.0000,3270.4000,3266.0000,3265.0000,3276.0000,3276.6000,3278.0000,3279.0000,3279.8000,1,1,1,1,1,1,1,2,1,1
SF,IH2103,2020-08-17 09:32:12.300,3272.2000,2782,0,61767660.000,1,0,1,多换,S,3272.0000,3270.4000,3266.0000,3265.0000,3257.0000,3276.0000,3276.6000,3278.0000,3279.0000,3279.8000,1,1,1,1,1,1,1,2,1,1
SF,IH2103,2020-08-17 09:32:12.800,3272.2000,2782,0,61767660.000,0,-,-,-,-,3270.4000,3266.0000,3265.0000,3257.0000,3256.2000,3275.8000,3276.0000,3276.6000,3278.0000,3279.0000,1,1,1,1,1,1,1,1,2,1
SF,IH2103,2020-08-17 09:32:13.300,3272.2000,2782,0,61767660.000,0,-,-,-,-,3266.0000,3265.0000,3257.0000,3256.2000,3254.2000,3275.2000,3275.8000,3276.0000,3276.6000,3278.0000,1,1,1,1,1,1,1,1,1,2
SF,IH2103,2020-08-17 09:32:13.800,3272.2000,2782,0,61767660.000,0,-,-,-,-,3267.4000,3266.2000,3266.0000,3265.0000,3257.0000,3275.2000,3276.0000,3276.6000,3278.0000,3279.0000,1,4,1,1,1,1,1,1,2,1
SF,IH2103,2020-08-17 09:32:14.300,3272.2000,2782,0,61767660.000,0,-,-,-,-,3269.4000,3268.6000,3267.6000,3267.4000,3266.2000,3275.2000,3276.0000,3276.6000,3278.0000,3279.0000,1,1,2,1,2,1,1,1,2,1
SF,IH2103,2020-08-17 09:32:14.800,3272.2000,2782,0,61767660.000,0,-,-,-,-,3269.6000,3269.4000,3268.6000,3267.6000,3267.4000,3275.2000,3276.0000,3276.6000,3278.0000,3279.0000,2,1,1,1,1,1,1,1,2,1
SF,IH2103,2020-08-17 09:32:15.300,3272.2000,2782,0,61767660.000,0,-,-,-,-,3269.6000,3267.4000,3266.2000,3266.0000,3265.0000,3275.2000,3276.0000,3276.6000,3278.0000,3279.0000,3,1,1,1,1,1,1,1,2,1
SF,IH2103,2020-08-17 09:32:15.800,3272.2000,2782,0,61767660.000,0,-,-,-,-,3270.6000,3269.6000,3267.4000,3266.2000,3266.0000,3275.2000,3276.0000,3276.6000,3278.0000,3279.0000,1,2,1,1,1,1,1,1,2,1
SF,IH2103,2020-08-17 09:32:16.300,3272.2000,2782,0,61767660.000,0,-,-,-,-,3270.8000,3269.6000,3267.4000,3266.2000,3266.0000,3275.2000,3276.0000,3276.6000,3278.0000,3279.0000,1,1,1,1,1,1,1,1,2,1
SF,IH2103,2020-08-17 09:32:16.800,3272.2000,2782,0,61767660.000,0,-,-,-,-,3271.6000,3270.8000,3267.4000,3266.0000,3265.0000,3275.2000,3276.0000,3276.6000,3278.0000,3279.0000,1,1,1,1,1,1,1,1,2,1
SF,IH2103,2020-08-17 09:32:17.300,3272.2000,2782,0,61767660.000,0,-,-,-,-,3271.6000,3267.4000,3266.0000,3265.0000,3264.2000,3275.2000,3276.0000,3276.6000,3278.0000,3279.0000,1,1,1,1,1,1,1,1,2,1
SF,IH2103,2020-08-17 09:32:18.800,3272.2000,2782,0,61767660.000,0,-,-,-,-,3271.6000,3268.8000,3267.4000,3266.0000,3265.0000,3275.2000,3276.0000,3276.6000,3278.0000,3279.0000,1,1,1,1,1,1,1,1,2,1
SF,IH2103,2020-08-17 09:32:20.300,3272.2000,2782,0,61767660.000,0,-,-,-,-,3271.6000,3268.8000,3267.4000,3266.0000,3265.0000,3275.2000,3276.0000,3276.6000,3278.0000,3279.0000,1,1,1,1,1,1,1,1,2,1
SF,IH2103,2020-08-17 09:32:20.800,3272.2000,2782,0,61767660.000,0,-,-,-,-,3271.6000,3268.8000,3267.4000,3266.0000,3265.0000,3275.2000,3276.0000,3276.6000,3278.0000,3279.0000,1,1,1,1,1,1,1,1,2,1
SF,IH2103,2020-08-17 09:32:21.300,3272.2000,2782,0,61767660.000,0,-,-,-,-,3271.6000,3268.8000,3267.4000,3266.0000,3265.0000,3275.2000,3276.0000,3276.6000,3278.0000,3279.0000,1,1,1,1,1,1,1,1,2,1
SF,IH2103,2020-08-17 09:32:22.300,3272.2000,2782,0,61767660.000,0,-,-,-,-,3271.6000,3268.8000,3267.4000,3266.0000,3265.0000,3275.2000,3276.0000,3276.6000,3278.0000,3279.0000,1,1,1,1,1,1,1,1,2,1
SF,IH2103,2020-08-17 09:32:22.800,3272.2000,2782,0,61767660.000,0,-,-,-,-,3271.6000,3268.8000,3267.4000,3266.0000,3265.0000,3275.2000,3276.0000,3276.6000,3278.0000,3279.0000,1,1,1,1,1,1,1,1,2,1
SF,IH2103,2020-08-17 09:32:23.800,3272.2000,2782,0,61767660.000,0,-,-,-,-,3271.6000,3267.4000,3266.0000,3265.0000,3257.0000,3275.2000,3276.0000,3276.6000,3278.0000,3279.0000,1,1,1,1,1,1,1,1,2,1
SF,IH2103,2020-08-17 09:32:27.300,3275.2000,2781,-1,62750220.000,1,0,1,双平,S,3271.8000,3271.6000,3267.4000,3266.0000,3265.0000,3276.0000,3276.6000,3278.0000,3279.0000,3279.8000,1,1,1,1,1,1,1,2,1,1
SF,IH2103,2020-08-17 09:32:27.800,3275.2000,2781,0,62750220.000,0,-,-,-,-,3272.0000,3271.8000,3271.6000,3269.0000,3267.4000,3276.0000,3276.6000,3278.0000,3279.0000,3279.8000,1,1,1,1,1,1,1,2,1,1
SF,IH2103,2020-08-17 09:32:28.300,3275.2000,2781,0,62750220.000,0,-,-,-,-,3275.2000,3272.2000,3272.0000,3271.8000,3269.0000,3276.0000,3276.6000,3278.0000,3279.0000,3279.8000,1,1,1,1,1,1,1,2,1,1
SF,IH2103,2020-08-17 09:32:28.800,3276.0000,2781,0,63733020.000,1,0,1,多换,S,3276.0000,3275.2000,3272.0000,3269.0000,3265.0000,3276.6000,3278.0000,3279.0000,3279.8000,3283.6000,1,1,1,1,1,1,2,1,1,1
SF,IH2103,2020-08-17 09:32:29.800,3276.0000,2781,0,63733020.000,0,-,-,-,-,3276.0000,3275.2000,3272.6000,3272.0000,3269.0000,3276.6000,3278.0000,3279.0000,3279.8000,3283.6000,1,1,1,1,1,1,2,1,1,1
SF,IH2103,2020-08-17 09:32:30.300,3276.0000,2781,0,63733020.000,0,-,-,-,-,3276.0000,3274.6000,3272.6000,3272.0000,3269.0000,3276.6000,3278.0000,3279.0000,3279.8000,3283.6000,1,1,1,1,1,1,2,1,1,1
SF,IH2103,2020-08-17 09:32:30.800,3276.0000,2781,0,63733020.000,0,-,-,-,-,3274.6000,3272.6000,3272.0000,3269.0000,3265.0000,3276.6000,3278.0000,3279.0000,3279.8000,3283.6000,1,1,1,1,1,1,2,1,1,1
SF,IH2103,2020-08-17 09:32:31.300,3276.0000,2781,0,63733020.000,0,-,-,-,-,3274.6000,3273.8000,3272.6000,3272.0000,3269.0000,3276.6000,3278.0000,3279.0000,3279.8000,3283.6000,1,1,1,1,1,1,2,1,1,1
SF,IH2103,2020-08-17 09:32:31.800,3276.0000,2781,0,63733020.000,0,-,-,-,-,3274.6000,3273.8000,3272.6000,3272.0000,3269.0000,3276.6000,3278.0000,3279.0000,3279.8000,3283.6000,1,1,2,1,1,1,2,1,1,1
SF,IH2103,2020-08-17 09:32:32.300,3276.6000,2780,-1,64716000.000,1,0,1,双平,S,3274.6000,3273.8000,3272.6000,3272.0000,3269.0000,3278.0000,3279.0000,3279.8000,3283.6000,3288.0000,1,1,2,1,1,2,1,1,1,1
SF,IH2103,2020-08-17 09:32:34.300,3278.0000,2778,-2,66682800.000,2,0,2,双平,S,3274.6000,3273.8000,3272.6000,3272.0000,3269.0000,3279.0000,3279.8000,3283.6000,3288.0000,3289.0000,1,1,2,1,1,1,1,1,1,1
SF,IH2103,2020-08-17 09:32:34.800,3278.0000,2778,0,66682800.000,0,-,-,-,-,3275.0000,3274.8000,3274.6000,3273.8000,3272.6000,3279.0000,3279.8000,3283.6000,3288.0000,3289.0000,1,1,1,1,2,1,1,1,1,1
SF,IH2103,2020-08-17 09:32:35.300,3278.0000,2778,0,66682800.000,0,-,-,-,-,3275.2000,3275.0000,3274.6000,3273.8000,3272.6000,3279.0000,3279.8000,3283.6000,3288.0000,3289.0000,1,1,1,1,1,1,1,1,1,1
SF,IH2103,2020-08-17 09:32:35.800,3278.0000,2778,0,66682800.000,0,-,-,-,-,3275.0000,3274.6000,3273.8000,3272.6000,3269.0000,3279.0000,3279.8000,3283.6000,3288.0000,3289.0000,1,1,1,1,1,1,1,1,1,1
SF,IH2103,2020-08-17 09:32:36.300,3278.0000,2778,0,66682800.000,0,-,-,-,-,3274.6000,3273.8000,3272.6000,3269.0000,3265.0000,3278.8000,3279.0000,3279.8000,3283.6000,3288.0000,1,1,1,1,1,1,1,1,1,1
SF,IH2103,2020-08-17 09:32:38.300,3278.0000,2778,0,66682800.000,0,-,-,-,-,3274.6000,3273.8000,3272.6000,3269.0000,3265.0000,3278.8000,3279.0000,3279.8000,3288.0000,3289.0000,1,1,1,1,1,1,1,1,1,1
SF,IH2103,2020-08-17 09:32:38.800,3278.0000,2778,0,66682800.000,0,-,-,-,-,3274.8000,3274.6000,3273.8000,3272.6000,3269.0000,3279.0000,3279.8000,3288.0000,3289.0000,3293.8000,1,1,1,1,1,1,1,1,1,1
SF,IH2103,2020-08-17 09:32:39.300,3278.0000,2778,0,66682800.000,0,-,-,-,-,3274.8000,3274.6000,3273.8000,3272.6000,3269.0000,3279.0000,3279.8000,3288.0000,3289.0000,3293.8000,1,1,1,1,1,1,1,1,1,1
SF,IH2103,2020-08-17 09:32:39.800,3278.0000,2778,0,66682800.000,0,-,-,-,-,3274.8000,3274.6000,3273.8000,3272.6000,3269.0000,3279.0000,3279.8000,3288.0000,3289.0000,3293.8000,1,1,1,1,1,1,1,1,1,1
SF,IH2103,2020-08-17 09:32:40.300,3278.0000,2778,0,66682800.000,0,-,-,-,-,3275.0000,3274.8000,3274.6000,3273.8000,3272.6000,3279.0000,3279.8000,3288.0000,3289.0000,3293.8000,1,1,1,1,1,1,1,1,1,1
SF,IH2103,2020-08-17 09:32:40.800,3278.0000,2778,0,66682800.000,0,-,-,-,-,3275.2000,3275.0000,3274.6000,3273.8000,3272.6000,3279.0000,3279.8000,3288.0000,3289.0000,3293.8000,1,1,1,1,1,1,1,1,1,1
SF,IH2103,2020-08-17 09:32:41.300,3278.0000,2778,0,66682800.000,0,-,-,-,-,3275.2000,3274.6000,3273.8000,3272.6000,3269.0000,3276.0000,3279.0000,3279.8000,3288.0000,3289.0000,1,1,1,1,1,1,1,1,1,1
SF,IH2103,2020-08-17 09:32:41.800,3276.0000,2777,-1,67665600.000,1,0,1,双平,S,3276.0000,3274.6000,3273.8000,3272.6000,3269.0000,3279.0000,3279.8000,3288.0000,3289.0000,3293.8000,1,1,1,1,1,1,1,1,1,1
SF,IH2103,2020-08-17 09:32:42.800,3276.0000,2777,0,67665600.000,0,-,-,-,-,3276.4000,3274.6000,3273.8000,3272.6000,3272.0000,3279.0000,3279.8000,3288.0000,3289.0000,3293.8000,1,1,1,1,1,1,1,1,1,1
SF,IH2103,2020-08-17 09:32:43.300,3276.0000,2777,0,67665600.000,0,-,-,-,-,3276.4000,3274.6000,3272.6000,3272.0000,3265.0000,3279.0000,3279.8000,3288.0000,3289.0000,3293.8000,1,1,1,1,1,1,1,1,1,1
SF,IH2103,2020-08-17 09:32:44.300,3276.0000,2777,0,67665600.000,0,-,-,-,-,3276.8000,3274.6000,3272.6000,3272.0000,3265.0000,3279.0000,3279.8000,3288.0000,3289.0000,3293.8000,1,1,1,1,1,1,1,1,1,1
SF,IH2103,2020-08-17 09:32:44.800,3276.0000,2777,0,67665600.000,0,-,-,-,-,3276.8000,3274.6000,3272.6000,3272.0000,3265.0000,3279.0000,3279.8000,3288.0000,3289.0000,3293.8000,1,1,1,1,1,1,1,1,1,1
SF,IH2103,2020-08-17 09:32:45.300,3276.0000,2777,0,67665600.000,0,-,-,-,-,3274.6000,3272.6000,3272.0000,3265.0000,3257.0000,3279.0000,3279.8000,3288.0000,3289.0000,3293.8000,1,1,1,1,1,1,1,1,1,1
SF,IH2103,2020-08-17 09:32:45.800,3276.0000,2777,0,67665600.000,0,-,-,-,-,3277.2000,3274.8000,3274.6000,3272.6000,3272.0000,3279.0000,3279.8000,3285.0000,3288.0000,3289.0000,1,1,1,1,1,1,1,1,1,1
SF,IH2103,2020-08-17 09:32:46.300,3276.0000,2777,0,67665600.000,0,-,-,-,-,3277.2000,3272.6000,3272.0000,3265.0000,3257.0000,3278.8000,3279.0000,3279.8000,3285.0000,3288.0000,1,1,1,1,1,1,1,1,1,1
SF,IH2103,2020-08-17 09:32:46.800,3276.0000,2777,0,67665600.000,0,-,-,-,-,3272.6000,3272.0000,3265.0000,3257.0000,3256.2000,3278.8000,3279.0000,3279.8000,3285.0000,3288.0000,1,1,1,1,1,1,1,1,1,1
SF,IH2103,2020-08-17 09:32:47.300,3276.0000,2777,0,67665600.000,0,-,-,-,-,3277.6000,3273.6000,3272.8000,3272.6000,3272.0000,3278.8000,3279.0000,3279.8000,3285.0000,3288.0000,1,1,3,1,1,1,1,1,1,1
SF,IH2103,2020-08-17 09:32:47.800,3276.0000,2777,0,67665600.000,0,-,-,-,-,3277.6000,3273.6000,3272.8000,3272.6000,3272.0000,3278.8000,3279.0000,3279.8000,3285.0000,3288.0000,1,1,1,1,1,1,1,1,1,1
SF,IH2103,2020-08-17 09:32:48.300,3276.0000,2777,0,67665600.000,0,-,-,-,-,3273.6000,3272.8000,3272.6000,3272.0000,3265.0000,3278.8000,3279.0000,3279.8000,3285.0000,3288.0000,1,1,1,1,1,1,1,1,1,1
SF,IH2103,2020-08-17 09:32:48.800,3278.8000,2776,-1,69632520.000,2,0,2,多平,S,3273.8000,3273.6000,3272.6000,3272.0000,3265.0000,3279.0000,3279.8000,3285.0000,3288.0000,3289.0000,2,1,1,1,1,1,1,1,1,1
SF,IH2103,2020-08-17 09:32:49.300,3278.8000,2776,0,69632520.000,0,-,-,-,-,3273.8000,3273.6000,3272.6000,3272.0000,3265.0000,3279.0000,3279.8000,3285.0000,3288.0000,3289.0000,2,1,1,1,1,1,1,1,1,1
SF,IH2103,2020-08-17 09:32:49.800,3278.8000,2776,0,69632520.000,0,-,-,-,-,3274.0000,3273.8000,3273.6000,3272.6000,3272.0000,3279.0000,3279.8000,3285.0000,3288.0000,3289.0000,1,2,1,1,1,1,1,1,1,1
SF,IH2103,2020-08-17 09:32:50.300,3278.8000,2776,0,69632520.000,0,-,-,-,-,3274.2000,3274.0000,3273.8000,3273.6000,3272.6000,3279.0000,3279.8000,3285.0000,3288.0000,3289.0000,2,1,1,1,1,1,1,1,1,1
SF,IH2103,2020-08-17 09:32:50.800,3278.8000,2776,0,69632520.000,0,-,-,-,-,3274.2000,3273.8000,3273.6000,3272.6000,3272.0000,3279.0000,3279.8000,3285.0000,3288.0000,3289.0000,2,1,1,1,1,1,1,1,1,1
SF,IH2103,2020-08-17 09:32:51.300,3278.8000,2776,0,69632520.000,0,-,-,-,-,3274.2000,3273.8000,3273.6000,3272.6000,3272.0000,3279.0000,3279.8000,3285.0000,3288.0000,3289.0000,2,1,1,1,1,1,1,1,1,1
SF,IH2103,2020-08-17 09:32:51.800,3278.8000,2776,0,69632520.000,0,-,-,-,-,3274.2000,3273.8000,3273.6000,3272.6000,3272.0000,3279.0000,3279.8000,3285.0000,3288.0000,3289.0000,2,1,1,1,1,1,1,1,1,1
SF,IH2103,2020-08-17 09:32:52.300,3278.8000,2776,0,69632520.000,0,-,-,-,-,3274.2000,3273.8000,3273.6000,3272.6000,3272.0000,3279.0000,3279.8000,3285.0000,3288.0000,3289.0000,2,1,1,1,1,1,1,1,1,1
SF,IH2103,2020-08-17 09:32:52.800,3278.8000,2776,0,69632520.000,0,-,-,-,-,3274.2000,3273.8000,3273.6000,3272.6000,3272.0000,3279.0000,3279.8000,3285.0000,3288.0000,3289.0000,2,1,1,1,1,1,1,1,1,1
SF,IH2103,2020-08-17 09:32:53.300,3278.8000,2776,0,69632520.000,0,-,-,-,-,3274.4000,3274.2000,3273.8000,3273.6000,3272.6000,3279.0000,3279.8000,3285.0000,3288.0000,3289.0000,1,2,1,1,1,1,1,1,1,1
SF,IH2103,2020-08-17 09:32:53.800,3278.8000,2776,0,69632520.000,0,-,-,-,-,3274.6000,3274.2000,3273.8000,3273.6000,3272.6000,3279.0000,3279.8000,3285.0000,3288.0000,3289.0000,2,1,1,1,1,1,1,1,1,1
SF,IH2103,2020-08-17 09:32:54.300,3278.8000,2776,0,69632520.000,0,-,-,-,-,3274.6000,3274.2000,3273.8000,3273.6000,3272.6000,3279.0000,3279.8000,3285.0000,3288.0000,3289.0000,2,1,1,1,1,1,1,1,1,1
SF,IH2103,2020-08-17 09:32:54.800,3278.8000,2776,0,69632520.000,0,-,-,-,-,3274.6000,3274.2000,3273.8000,3273.6000,3272.6000,3279.0000,3279.8000,3288.0000,3289.0000,3293.8000,2,1,1,1,1,1,1,1,1,1
SF,IH2103,2020-08-17 09:32:55.300,3279.0000,2775,-1,70616220.000,1,0,1,双平,S,3274.6000,3274.2000,3273.8000,3273.6000,3272.6000,3279.8000,3288.0000,3289.0000,3293.8000,3294.0000,1,1,1,1,1,1,1,1,1,1
SF,IH2103,2020-08-17 09:32:55.800,3279.0000,2775,0,70616220.000,0,-,-,-,-,3274.6000,3274.2000,3273.8000,3273.6000,3272.6000,3279.8000,3288.0000,3289.0000,3293.8000,3294.0000,1,1,1,1,1,1,1,1,1,1
SF,IH2103,2020-08-17 09:32:56.300,3279.0000,2775,0,70616220.000,0,-,-,-,-,3274.6000,3274.2000,3273.8000,3273.6000,3272.6000,3279.8000,3288.0000,3289.0000,3293.8000,3294.0000,1,1,1,1,1,1,1,1,1,1
SF,IH2103,2020-08-17 09:32:58.800,3279.0000,2775,0,70616220.000,0,-,-,-,-,3274.6000,3274.2000,3273.8000,3273.6000,3272.6000,3279.8000,3288.0000,3289.0000,3293.8000,3294.0000,1,1,1,1,1,1,1,1,1,1
SF,IH2103,2020-08-17 09:32:59.300,3279.0000,2775,0,70616220.000,0,-,-,-,-,3274.2000,3273.8000,3273.6000,3272.6000,3272.0000,3279.6000,3279.8000,3288.0000,3289.0000,3293.8000,1,1,1,1,1,1,1,1,1,1
SF,IH2103,2020-08-17 09:32:59.800,3279.0000,2775,0,70616220.000,0,-,-,-,-,3274.2000,3273.8000,3273.6000,3272.6000,3272.0000,3279.6000,3279.8000,3287.8000,3288.0000,3289.0000,1,1,1,1,1,1,1,1,1,1
SF,IH2103,2020-08-17 09:33:00.300,3279.0000,2775,0,70616220.000,0,-,-,-,-,3274.2000,3273.8000,3273.6000,3272.6000,3272.0000,3279.6000,3279.8000,3287.8000,3288.0000,3289.0000,1,1,1,1,1,1,1,1,1,1
SF,IH2103,2020-08-17 09:33:00.800,3279.0000,2775,0,70616220.000,0,-,-,-,-,3274.2000,3273.8000,3273.6000,3272.6000,3272.0000,3279.6000,3279.8000,3287.8000,3288.0000,3289.0000,1,1,1,1,1,1,1,1,1,1
SF,IH2103,2020-08-17 09:33:01.300,3279.0000,2775,0,70616220.000,0,-,-,-,-,3274.2000,3273.8000,3273.6000,3272.6000,3272.0000,3279.6000,3279.8000,3287.8000,3288.0000,3289.0000,1,1,1,1,1,1,1,1,1,1
SF,IH2103,2020-08-17 09:33:01.800,3279.0000,2775,0,70616220.000,0,-,-,-,-,3274.2000,3274.0000,3273.8000,3273.6000,3272.0000,3279.6000,3279.8000,3287.8000,3288.0000,3289.0000,1,1,1,1,1,1,1,1,1,1
SF,IH2103,2020-08-17 09:33:02.800,3279.0000,2775,0,70616220.000,0,-,-,-,-,3274.2000,3274.0000,3273.8000,3273.6000,3272.0000,3279.6000,3279.8000,3287.8000,3288.0000,3289.0000,1,1,1,1,1,1,1,1,1,1
SF,IH2103,2020-08-17 09:33:03.800,3279.0000,2775,0,70616220.000,0,-,-,-,-,3274.0000,3273.6000,3272.0000,3270.0000,3265.0000,3279.6000,3279.8000,3287.8000,3288.0000,3289.0000,1,1,1,1,1,1,1,1,1,1
SF,IH2103,2020-08-17 09:33:04.300,3279.0000,2775,0,70616220.000,0,-,-,-,-,3274.2000,3274.0000,3273.6000,3272.0000,3270.0000,3279.6000,3279.8000,3287.8000,3288.0000,3289.0000,1,1,1,1,1,1,1,1,1,1
SF,IH2103,2020-08-17 09:33:04.800,3279.0000,2775,0,70616220.000,0,-,-,-,-,3274.4000,3274.2000,3274.0000,3273.6000,3272.0000,3279.8000,3287.8000,3288.0000,3289.0000,3293.8000,1,1,1,1,1,1,1,1,1,1
SF,IH2103,2020-08-17 09:33:05.300,3279.0000,2775,0,70616220.000,0,-,-,-,-,3274.6000,3274.4000,3274.2000,3274.0000,3273.6000,3279.8000,3287.8000,3288.0000,3289.0000,3293.8000,1,1,1,1,1,1,1,1,1,1
SF,IH2103,2020-08-17 09:33:05.800,3279.0000,2775,0,70616220.000,0,-,-,-,-,3274.8000,3274.6000,3274.2000,3274.0000,3273.6000,3279.8000,3287.8000,3288.0000,3289.0000,3293.8000,1,1,1,1,1,1,1,1,1,1
SF,IH2103,2020-08-17 09:33:06.300,3279.0000,2775,0,70616220.000,0,-,-,-,-,3274.8000,3274.6000,3274.2000,3274.0000,3273.6000,3279.8000,3287.8000,3288.0000,3289.0000,3293.8000,1,1,1,1,1,1,1,1,1,1
SF,IH2103,2020-08-17 09:33:06.800,3279.0000,2775,0,70616220.000,0,-,-,-,-,3274.8000,3274.6000,3274.2000,3274.0000,3273.6000,3279.8000,3287.8000,3288.0000,3289.0000,3293.8000,1,1,1,1,1,1,1,1,1,1
SF,IH2103,2020-08-17 09:33:10.800,3279.0000,2775,0,70616220.000,0,-,-,-,-,3274.8000,3274.6000,3274.2000,3274.0000,3273.6000,3279.8000,3287.8000,3288.0000,3289.0000,3293.8000,1,1,1,1,1,1,1,1,1,1
SF,IH2103,2020-08-17 09:33:12.800,3279.0000,2775,0,70616220.000,0,-,-,-,-,3274.8000,3274.0000,3272.2000,3272.0000,3270.0000,3279.8000,3287.8000,3288.0000,3289.0000,3293.8000,1,1,1,1,1,1,1,1,1,1
SF,IH2103,2020-08-17 09:33:13.800,3279.0000,2775,0,70616220.000,0,-,-,-,-,3275.4000,3274.8000,3272.2000,3272.0000,3270.0000,3279.8000,3287.8000,3288.0000,3289.0000,3293.8000,1,1,1,1,1,1,1,1,1,1
SF,IH2103,2020-08-17 09:33:14.300,3279.0000,2775,0,70616220.000,0,-,-,-,-,3275.4000,3272.2000,3272.0000,3270.0000,3265.0000,3279.6000,3279.8000,3287.8000,3288.0000,3289.0000,1,1,1,1,1,2,1,1,1,1
SF,IH2103,2020-08-17 09:33:14.800,3279.0000,2775,0,70616220.000,0,-,-,-,-,3275.4000,3272.2000,3272.0000,3270.0000,3265.0000,3279.6000,3279.8000,3287.8000,3288.0000,3289.0000,1,1,1,1,1,2,1,1,1,1
SF,IH2103,2020-08-17 09:33:17.800,3279.0000,2775,0,70616220.000,0,-,-,-,-,3275.4000,3272.2000,3272.0000,3270.0000,3265.0000,3279.6000,3279.8000,3287.8000,3288.0000,3289.0000,1,1,1,1,1,3,1,1,1,1
SF,IH2103,2020-08-17 09:33:18.800,3279.0000,2775,0,70616220.000,0,-,-,-,-,3275.4000,3272.2000,3270.0000,3266.2000,3265.0000,3279.4000,3279.6000,3279.8000,3287.8000,3288.0000,1,1,1,1,1,1,3,1,1,1
SF,IH2103,2020-08-17 09:33:19.300,3279.0000,2775,0,70616220.000,0,-,-,-,-,3275.4000,3272.2000,3270.0000,3266.2000,3265.0000,3279.2000,3279.4000,3279.6000,3279.8000,3287.8000,1,1,1,1,1,1,1,2,1,1
SF,IH2103,2020-08-17 09:33:19.800,3275.4000,2775,0,71598840.000,1,0,1,多换,S,3272.2000,3270.0000,3266.2000,3265.0000,3257.0000,3278.8000,3279.2000,3279.4000,3279.6000,3279.8000,1,1,1,1,1,1,1,1,2,1
SF,IH2103,2020-08-17 09:33:20.300,3275.4000,2775,0,71598840.000,0,-,-,-,-,3272.2000,3270.0000,3266.2000,3265.0000,3257.0000,3278.6000,3278.8000,3279.4000,3279.6000,3279.8000,1,1,1,1,1,1,1,1,2,1
SF,IH2103,2020-08-17 09:33:20.800,3275.4000,2775,0,71598840.000,0,-,-,-,-,3272.2000,3270.0000,3266.2000,3265.0000,3257.0000,3278.6000,3279.4000,3279.6000,3279.8000,3287.8000,1,1,1,1,1,1,1,2,1,1
SF,IH2103,2020-08-17 09:33:21.300,3275.4000,2775,0,71598840.000,0,-,-,-,-,3272.2000,3270.0000,3266.2000,3265.0000,3257.0000,3278.0000,3278.6000,3279.4000,3279.6000,3279.8000,1,1,1,1,1,1,1,1,2,1
SF,IH2103,2020-08-17 09:33:21.800,3275.4000,2775,0,71598840.000,0,-,-,-,-,3272.2000,3270.0000,3266.2000,3265.0000,3257.0000,3277.8000,3278.0000,3279.4000,3279.6000,3279.8000,1,1,1,1,1,1,1,1,2,1
SF,IH2103,2020-08-17 09:33:22.300,3275.4000,2775,0,71598840.000,0,-,-,-,-,3272.8000,3272.2000,3270.0000,3266.2000,3265.0000,3277.8000,3278.0000,3279.4000,3279.6000,3279.8000,1,1,1,1,1,1,1,1,2,1
SF,IH2103,2020-08-17 09:33:22.800,3275.4000,2775,0,71598840.000,0,-,-,-,-,3272.8000,3272.2000,3270.0000,3266.2000,3265.0000,3277.8000,3279.4000,3279.6000,3279.8000,3287.8000,1,1,1,1,1,1,1,2,1,1
SF,IH2103,2020-08-17 09:33:23.300,3275.4000,2775,0,71598840.000,0,-,-,-,-,3272.8000,3272.2000,3270.0000,3266.2000,3265.0000,3277.8000,3279.4000,3279.6000,3279.8000,3287.8000,1,1,1,1,1,1,1,1,1,1
SF,IH2103,2020-08-17 09:33:23.800,3275.4000,2775,0,71598840.000,0,-,-,-,-,3273.0000,3272.2000,3270.0000,3266.2000,3265.0000,3279.4000,3279.6000,3279.8000,3287.8000,3288.0000,1,1,1,1,1,1,1,1,1,1
SF,IH2103,2020-08-17 09:33:24.300,3275.4000,2775,0,71598840.000,0,-,-,-,-,3273.0000,3272.2000,3270.0000,3266.2000,3265.0000,3279.2000,3279.4000,3279.6000,3279.8000,3287.8000,1,1,1,1,1,1,2,1,1,1
SF,IH2103,2020-08-17 09:33:24.800,3275.4000,2775,0,71598840.000,0,-,-,-,-,3272.2000,3270.0000,3266.2000,3265.0000,3257.0000,3279.0000,3279.2000,3279.4000,3279.6000,3279.8000,1,1,1,1,1,1,1,1,1,1
SF,IH2103,2020-08-17 09:33:25.300,3275.4000,2775,0,71598840.000,0,-,-,-,-,3272.2000,3270.0000,3266.2000,3265.0000,3257.0000,3278.8000,3279.0000,3279.2000,3279.4000,3279.6000,1,1,1,1,1,3,1,1,1,1
SF,IH2103,2020-08-17 09:33:25.800,3275.4000,2775,0,71598840.000,0,-,-,-,-,3272.2000,3270.0000,3266.2000,3265.0000,3257.0000,3278.6000,3278.8000,3279.2000,3279.4000,3279.6000,1,1,1,1,1,1,4,1,1,1
SF,IH2103,2020-08-17 09:33:26.300,3275.4000,2775,0,71598840.000,0,-,-,-,-,3272.2000,3270.0000,3266.2000,3265.0000,3257.0000,3278.6000,3278.8000,3279.2000,3279.4000,3279.6000,1,1,1,1,1,1,4,1,1,1
SF,IH2103,2020-08-17 09:33:26.800,3275.4000,2775,0,71598840.000,0,-,-,-,-,3272.2000,3270.0000,3266.2000,3265.0000,3257.0000,3278.0000,3278.6000,3278.8000,3279.2000,3279.4000,1,1,1,1,1,1,1,3,1,1
SF,IH2103,2020-08-17 09:33:27.300,3275.4000,2775,0,71598840.000,0,-,-,-,-,3272.2000,3270.0000,3266.2000,3265.0000,3257.0000,3277.8000,3278.0000,3278.8000,3279.2000,3279.4000,1,1,1,1,1,1,1,3,1,1
SF,IH2103,2020-08-17 09:33:27.800,3275.4000,2775,0,71598840.000,0,-,-,-,-,3272.2000,3270.0000,3266.2000,3265.0000,3257.0000,3277.0000,3277.8000,3278.8000,3279.2000,3279.6000,1,1,1,1,1,1,1,3,1,1
SF,IH2103,2020-08-17 09:33:28.300,3275.4000,2775,0,71598840.000,0,-,-,-,-,3272.2000,3270.0000,3266.2000,3265.0000,3257.0000,3276.8000,3277.0000,3278.8000,3279.6000,3279.8000,1,1,1,1,1,1,1,3,1,1
SF,IH2103,2020-08-17 09:33:28.800,3275.4000,2775,0,71598840.000,0,-,-,-,-,3272.2000,3270.0000,3266.2000,3265.0000,3257.0000,3276.8000,3277.0000,3279.6000,3279.8000,3288.0000,1,1,1,1,1,1,1,1,1,1
SF,IH2103,2020-08-17 09:33:29.300,3275.4000,2775,0,71598840.000,0,-,-,-,-,3272.2000,3270.0000,3266.2000,3265.0000,3257.0000,3276.8000,3277.0000,3279.6000,3279.8000,3288.0000,1,1,1,1,1,1,1,1,1,1
SF,IH2103,2020-08-17 09:33:29.800,3275.4000,2775,0,71598840.000,0,-,-,-,-,3272.4000,3272.2000,3270.0000,3266.2000,3265.0000,3276.6000,3279.6000,3279.8000,3288.0000,3289.0000,1,1,1,1,1,1,1,1,1,1
SF,IH2103,2020-08-17 09:33:30.800,3275.4000,2775,0,71598840.000,0,-,-,-,-,3272.4000,3272.2000,3270.0000,3265.0000,3257.0000,3276.6000,3279.6000,3279.8000,3288.0000,3289.0000,1,1,1,1,1,1,1,1,1,1
SF,IH2103,2020-08-17 09:33:31.300,3275.4000,2775,0,71598840.000,0,-,-,-,-,3272.2000,3270.0000,3265.0000,3257.0000,3256.2000,3276.4000,3276.6000,3279.6000,3279.8000,3288.0000,1,1,1,1,1,2,1,1,1,1
SF,IH2103,2020-08-17 09:33:31.800,3275.4000,2775,0,71598840.000,0,-,-,-,-,3272.2000,3270.0000,3265.0000,3257.0000,3256.2000,3276.4000,3276.6000,3279.6000,3279.8000,3288.0000,1,1,1,1,1,2,1,1,1,1
SF,IH2103,2020-08-17 09:33:32.800,3275.4000,2775,0,71598840.000,0,-,-,-,-,3272.2000,3270.0000,3265.0000,3257.0000,3256.2000,3275.0000,3276.4000,3279.6000,3279.8000,3288.0000,1,1,1,1,1,1,1,1,1,1
SF,IH2103,2020-08-17 09:33:33.300,3275.0000,2774,-1,72581340.000,1,0,1,双平,S,3272.2000,3270.0000,3265.0000,3257.0000,3256.2000,3279.6000,3279.8000,3288.0000,3289.0000,3294.0000,1,1,1,1,1,1,1,1,1,1
SF,IH2103,2020-08-17 09:33:33.800,3275.0000,2774,0,72581340.000,0,-,-,-,-,3272.4000,3272.2000,3270.0000,3265.0000,3264.8000,3278.8000,3279.4000,3279.6000,3279.8000,3288.0000,1,1,1,1,1,1,1,1,1,1
SF,IH2103,2020-08-17 09:33:34.300,3275.0000,2774,0,72581340.000,0,-,-,-,-,3272.4000,3272.2000,3270.0000,3265.0000,3264.8000,3277.0000,3278.6000,3278.8000,3279.4000,3279.6000,1,1,1,1,1,1,1,1,1,1
SF,IH2103,2020-08-17 09:33:34.800,3275.0000,2774,0,72581340.000,0,-,-,-,-,3272.4000,3272.2000,3270.0000,3265.0000,3264.8000,3277.0000,3278.6000,3278.8000,3279.6000,3279.8000,1,1,1,1,1,1,1,1,1,1
SF,IH2103,2020-08-17 09:33:35.300,3275.0000,2774,0,72581340.000,0,-,-,-,-,3272.4000,3272.2000,3270.0000,3265.0000,3264.8000,3276.8000,3277.0000,3278.6000,3278.8000,3279.6000,1,1,1,1,1,1,1,1,1,1
SF,IH2103,2020-08-17 09:33:36.300,3275.0000,2774,0,72581340.000,0,-,-,-,-,3272.4000,3272.2000,3270.0000,3265.0000,3264.8000,3276.6000,3276.8000,3277.0000,3278.6000,3279.6000,1,1,1,1,1,1,1,1,1,1
SF,IH2103,2020-08-17 09:33:36.800,3275.0000,2774,0,72581340.000,0,-,-,-,-,3272.2000,3270.0000,3265.0000,3264.8000,3257.0000,3276.2000,3276.4000,3276.6000,3276.8000,3279.6000,1,1,1,1,1,1,2,1,1,1
SF,IH2103,2020-08-17 09:33:37.300,3275.0000,2774,0,72581340.000,0,-,-,-,-,3272.2000,3270.0000,3265.0000,3264.8000,3257.0000,3276.0000,3276.2000,3276.4000,3276.6000,3276.8000,1,1,1,1,1,2,1,1,1,1
SF,IH2103,2020-08-17 09:33:37.800,3275.0000,2774,0,72581340.000,0,-,-,-,-,3272.2000,3270.0000,3265.0000,3264.8000,3257.0000,3276.0000,3276.2000,3276.4000,3276.8000,3279.6000,1,1,1,1,1,1,1,1,1,1
SF,IH2103,2020-08-17 09:33:38.800,3275.0000,2774,0,72581340.000,0,-,-,-,-,3272.2000,3270.0000,3265.0000,3264.8000,3257.0000,3276.0000,3276.4000,3276.8000,3279.6000,3279.8000,1,1,1,1,1,1,1,1,1,1
SF,IH2103,2020-08-17 09:33:39.300,3275.0000,2774,0,72581340.000,0,-,-,-,-,3272.2000,3270.0000,3265.0000,3264.8000,3257.0000,3275.6000,3276.0000,3276.8000,3279.6000,3279.8000,1,1,1,1,1,1,1,1,1,1
SF,IH2103,2020-08-17 09:33:44.800,3272.2000,2774,0,73563000.000,1,0,1,多换,S,3270.0000,3265.0000,3264.8000,3257.0000,3256.2000,3275.6000,3276.0000,3276.8000,3279.6000,3279.8000,1,1,1,1,1,1,1,1,1,1
SF,IH2103,2020-08-17 09:33:45.300,3272.2000,2774,0,73563000.000,0,-,-,-,-,3270.0000,3265.0000,3264.8000,3257.0000,3256.2000,3275.4000,3275.6000,3276.8000,3279.6000,3279.8000,1,1,1,1,1,2,1,1,1,1
SF,IH2103,2020-08-17 09:33:45.800,3272.2000,2774,0,73563000.000,0,-,-,-,-,3270.0000,3265.0000,3264.8000,3257.0000,3256.2000,3275.2000,3275.4000,3276.8000,3279.6000,3279.8000,1,1,1,1,1,1,2,1,1,1
SF,IH2103,2020-08-17 09:33:46.300,3272.2000,2774,0,73563000.000,0,-,-,-,-,3270.0000,3265.0000,3264.8000,3257.0000,3256.2000,3274.6000,3275.0000,3275.2000,3275.4000,3276.8000,1,1,1,1,1,1,3,1,1,1
SF,IH2103,2020-08-17 09:33:46.800,3272.2000,2774,0,73563000.000,0,-,-,-,-,3270.2000,3270.0000,3265.0000,3264.8000,3257.0000,3274.4000,3274.6000,3275.0000,3275.2000,3275.4000,1,1,1,1,1,2,2,2,1,1
SF,IH2103,2020-08-17 09:33:47.300,3272.2000,2774,0,73563000.000,0,-,-,-,-,3270.2000,3270.0000,3265.0000,3264.8000,3257.0000,3274.2000,3274.4000,3274.6000,3275.0000,3275.4000,1,1,1,1,1,1,2,2,2,1
SF,IH2103,2020-08-17 09:33:47.800,3272.2000,2774,0,73563000.000,0,-,-,-,-,3270.2000,3270.0000,3265.0000,3264.8000,3257.0000,3274.0000,3274.2000,3274.6000,3275.0000,3275.4000,1,1,1,1,1,3,1,1,2,1
SF,IH2103,2020-08-17 09:33:48.300,3272.2000,2774,0,73563000.000,0,-,-,-,-,3270.0000,3265.0000,3264.8000,3257.0000,3256.2000,3274.0000,3274.2000,3274.6000,3275.0000,3275.4000,1,1,1,1,1,3,1,1,2,1
SF,IH2103,2020-08-17 09:33:48.800,3272.2000,2774,0,73563000.000,0,-,-,-,-,3270.2000,3270.0000,3265.0000,3264.8000,3257.0000,3273.6000,3274.0000,3275.0000,3275.4000,3279.6000,1,1,1,1,1,1,3,2,1,1
SF,IH2103,2020-08-17 09:33:49.300,3273.4000,2774,0,74545020.000,1,0,1,多换,S,3270.0000,3265.0000,3264.8000,3257.0000,3256.2000,3273.6000,3274.0000,3275.0000,3275.4000,3279.6000,1,1,1,1,1,1,2,2,1,1
SF,IH2103,2020-08-17 09:33:49.800,3273.4000,2774,0,74545020.000,0,-,-,-,-,3270.2000,3270.0000,3265.0000,3264.8000,3257.0000,3273.4000,3273.6000,3274.0000,3275.0000,3275.4000,1,1,1,1,1,2,1,2,2,1
SF,IH2103,2020-08-17 09:33:50.300,3273.4000,2774,0,74545020.000,0,-,-,-,-,3270.0000,3265.0000,3264.8000,3257.0000,3256.2000,3273.0000,3273.2000,3273.4000,3274.0000,3275.0000,1,1,1,1,1,1,1,2,2,2
SF,IH2103,2020-08-17 09:33:50.800,3273.4000,2774,0,74545020.000,0,-,-,-,-,3270.2000,3270.0000,3265.0000,3264.8000,3257.0000,3272.8000,3273.0000,3273.4000,3274.0000,3279.6000,1,1,1,1,1,2,1,1,2,1
SF,IH2103,2020-08-17 09:33:51.300,3273.4000,2774,0,74545020.000,0,-,-,-,-,3270.2000,3270.0000,3265.0000,3264.8000,3257.0000,3272.4000,3272.8000,3273.4000,3274.0000,3279.6000,1,1,1,1,1,1,1,1,1,1
SF,IH2103,2020-08-17 09:33:51.800,3273.4000,2774,0,74545020.000,0,-,-,-,-,3270.2000,3270.0000,3265.0000,3264.8000,3257.0000,3272.8000,3273.4000,3274.0000,3279.6000,3279.8000,1,1,1,1,1,1,1,1,1,1
SF,IH2103,2020-08-17 09:33:55.300,3273.4000,2774,0,74545020.000,0,-,-,-,-,3270.2000,3270.0000,3265.0000,3264.8000,3257.0000,3272.8000,3274.0000,3279.6000,3279.8000,3288.0000,1,1,1,1,1,1,1,1,1,1
SF,IH2103,2020-08-17 09:33:55.800,3273.4000,2774,0,74545020.000,0,-,-,-,-,3270.2000,3270.0000,3265.0000,3264.8000,3257.0000,3272.6000,3272.8000,3274.0000,3279.6000,3279.8000,1,1,1,1,1,1,1,1,1,1
SF,IH2103,2020-08-17 09:33:56.300,3273.4000,2774,0,74545020.000,0,-,-,-,-,3270.2000,3270.0000,3265.0000,3264.8000,3257.0000,3272.8000,3274.0000,3279.6000,3279.8000,3288.0000,1,1,1,1,1,1,1,1,1,1
SF,IH2103,2020-08-17 09:33:56.800,3273.4000,2774,0,74545020.000,0,-,-,-,-,3270.2000,3270.0000,3265.0000,3264.8000,3257.0000,3272.6000,3272.8000,3274.0000,3279.6000,3279.8000,1,1,1,1,1,3,1,1,1,1
SF,IH2103,2020-08-17 09:33:57.300,3273.4000,2774,0,74545020.000,0,-,-,-,-,3270.2000,3270.0000,3265.0000,3264.8000,3257.0000,3272.8000,3274.0000,3279.6000,3279.8000,3288.0000,1,1,1,1,1,1,1,1,1,1
SF,IH2103,2020-08-17 09:33:57.800,3273.4000,2774,0,74545020.000,0,-,-,-,-,3270.2000,3270.0000,3265.0000,3264.8000,3257.0000,3272.6000,3272.8000,3274.0000,3279.6000,3279.8000,1,1,1,1,1,2,1,1,1,1
SF,IH2103,2020-08-17 09:33:58.300,3270.0000,2772,-2,76507080.000,2,0,2,双平,S,3265.0000,3261.4000,3257.0000,3256.2000,3256.0000,3269.6000,3272.4000,3272.6000,3274.0000,3279.6000,1,1,1,1,1,1,1,2,1,1
SF,IH2103,2020-08-17 09:33:58.800,3270.0000,2772,0,76507080.000,0,-,-,-,-,3265.2000,3265.0000,3261.4000,3257.0000,3256.2000,3269.4000,3272.4000,3279.6000,3279.8000,3288.0000,1,1,1,1,1,1,1,1,1,1
SF,IH2103,2020-08-17 09:33:59.300,3270.0000,2772,0,76507080.000,0,-,-,-,-,3265.2000,3265.0000,3261.4000,3257.0000,3256.2000,3269.2000,3269.4000,3279.6000,3279.8000,3288.0000,1,1,1,1,1,1,1,1,1,1
SF,IH2103,2020-08-17 09:33:59.800,3270.0000,2772,0,76507080.000,0,-,-,-,-,3265.2000,3265.0000,3261.4000,3257.0000,3256.2000,3269.0000,3269.2000,3275.0000,3279.6000,3279.8000,1,1,1,1,1,1,1,1,1,1
SF,IH2103,2020-08-17 09:34:00.300,3269.0000,2771,-1,78468480.000,2,0,2,多平,S,3265.2000,3265.0000,3261.4000,3257.0000,3256.2000,3275.0000,3279.6000,3279.8000,3288.0000,3289.0000,1,1,1,1,1,1,1,1,1,1
SF,IH2103,2020-08-17 09:34:00.800,3269.0000,2771,0,78468480.000,0,-,-,-,-,3265.4000,3265.2000,3265.0000,3261.4000,3257.0000,3271.0000,3274.8000,3275.0000,3279.6000,3279.8000,2,1,1,1,1,1,3,1,1,1
SF,IH2103,2020-08-17 09:34:01.300,3269.0000,2771,0,78468480.000,0,-,-,-,-,3265.6000,3265.4000,3265.0000,3261.4000,3257.0000,3270.8000,3274.8000,3275.0000,3279.6000,3279.8000,1,2,1,1,1,1,1,1,1,1
SF,IH2103,2020-08-17 09:34:01.800,3265.8000,2771,0,80427960.000,2,1,1,多换,S,3265.8000,3265.6000,3265.4000,3265.0000,3261.4000,3270.8000,3275.0000,3279.6000,3279.8000,3288.0000,1,1,1,1,1,1,1,1,1,1
SF,IH2103,2020-08-17 09:34:02.300,3265.8000,2771,0,80427960.000,0,-,-,-,-,3266.0000,3265.8000,3265.0000,3261.4000,3257.0000,3275.0000,3279.6000,3279.8000,3288.0000,3289.0000,2,1,1,1,1,2,1,1,1,1
SF,IH2103,2020-08-17 09:34:02.800,3265.8000,2771,0,80427960.000,0,-,-,-,-,3266.2000,3266.0000,3265.0000,3261.4000,3257.0000,3273.8000,3274.8000,3275.0000,3279.6000,3279.8000,1,2,1,1,1,1,3,2,1,1
SF,IH2103,2020-08-17 09:34:03.300,3265.8000,2771,0,80427960.000,0,-,-,-,-,3266.4000,3266.2000,3266.0000,3265.0000,3261.4000,3273.6000,3274.8000,3275.0000,3279.6000,3279.8000,1,1,1,1,1,2,2,2,1,1
SF,IH2103,2020-08-17 09:34:03.800,3265.8000,2771,0,80427960.000,0,-,-,-,-,3266.6000,3266.4000,3266.0000,3265.0000,3261.4000,3273.0000,3273.6000,3274.8000,3275.0000,3279.6000,1,1,1,1,1,2,2,2,2,1
SF,IH2103,2020-08-17 09:34:04.300,3265.8000,2771,0,80427960.000,0,-,-,-,-,3266.8000,3266.6000,3266.0000,3265.0000,3261.4000,3270.8000,3272.8000,3273.0000,3273.6000,3274.8000,1,1,1,1,1,1,3,2,1,2
SF,IH2103,2020-08-17 09:34:04.800,3265.8000,2771,0,80427960.000,0,-,-,-,-,3267.0000,3266.8000,3266.0000,3265.0000,3261.4000,3270.6000,3272.8000,3273.0000,3275.0000,3279.6000,1,1,1,1,1,1,1,2,2,1
SF,IH2103,2020-08-17 09:34:05.300,3265.8000,2771,0,80427960.000,0,-,-,-,-,3267.2000,3267.0000,3266.0000,3265.0000,3261.4000,3270.6000,3272.8000,3273.0000,3275.0000,3279.6000,1,1,1,1,1,1,1,1,2,1
SF,IH2103,2020-08-17 09:34:05.800,3265.8000,2771,0,80427960.000,0,-,-,-,-,3267.2000,3267.0000,3265.0000,3261.4000,3257.0000,3270.6000,3272.8000,3273.0000,3275.0000,3279.6000,1,1,1,1,1,1,1,1,2,1
SF,IH2103,2020-08-17 09:34:06.300,3265.8000,2771,0,80427960.000,0,-,-,-,-,3267.2000,3267.0000,3265.0000,3261.4000,3257.0000,3270.4000,3270.6000,3272.8000,3275.0000,3279.6000,1,1,1,1,1,1,1,1,2,1
SF,IH2103,2020-08-17 09:34:06.800,3267.2000,2770,-1,81408120.000,1,0,1,双平,S,3265.0000,3261.4000,3257.0000,3256.2000,3256.0000,3270.2000,3270.4000,3272.8000,3275.0000,3279.6000,1,1,1,1,1,2,1,1,2,1
SF,IH2103,2020-08-17 09:34:07.300,3267.2000,2770,0,81408120.000,0,-,-,-,-,3265.2000,3265.0000,3261.4000,3257.0000,3256.2000,3270.2000,3270.4000,3272.8000,3275.0000,3279.6000,2,1,1,1,1,2,1,1,2,1
SF,IH2103,2020-08-17 09:34:07.800,3267.2000,2770,0,81408120.000,0,-,-,-,-,3265.2000,3265.0000,3257.8000,3257.0000,3256.2000,3270.0000,3270.2000,3270.4000,3272.8000,3275.0000,2,1,1,1,1,1,3,1,1,2
SF,IH2103,2020-08-17 09:34:08.300,3267.2000,2770,0,81408120.000,0,-,-,-,-,3265.2000,3265.0000,3257.8000,3257.0000,3256.2000,3268.8000,3269.8000,3270.0000,3270.2000,3270.4000,1,1,1,1,1,1,1,1,1,1
SF,IH2103,2020-08-17 09:34:08.800,3267.2000,2770,0,81408120.000,0,-,-,-,-,3265.4000,3265.2000,3265.0000,3257.8000,3257.0000,3268.6000,3268.8000,3270.0000,3270.4000,3272.8000,1,1,1,1,1,2,1,1,1,1
SF,IH2103,2020-08-17 09:34:09.300,3267.2000,2770,0,81408120.000,0,-,-,-,-,3265.0000,3257.8000,3257.0000,3256.2000,3256.0000,3268.6000,3270.0000,3270.4000,3272.8000,3275.0000,1,1,1,1,1,2,1,1,1,2
SF,IH2103,2020-08-17 09:34:09.800,3265.2000,2769,-1,82387680.000,1,0,1,双平,S,3265.0000,3257.8000,3257.0000,3256.2000,3256.0000,3268.6000,3270.0000,3270.4000,3272.8000,3275.0000,1,1,1,1,1,2,1,1,1,2
SF,IH2103,2020-08-17 09:34:10.300,3265.2000,2769,0,82387680.000,0,-,-,-,-,3265.2000,3265.0000,3257.8000,3257.0000,3256.2000,3268.6000,3270.0000,3270.4000,3272.8000,3275.0000,1,1,1,1,1,2,1,1,1,2
SF,IH2103,2020-08-17 09:34:10.800,3265.2000,2769,0,82387680.000,0,-,-,-,-,3265.0000,3257.8000,3257.0000,3256.2000,3256.0000,3268.6000,3270.0000,3270.4000,3272.8000,3275.0000,1,1,1,1,1,2,1,1,1,2
SF,IH2103,2020-08-17 09:34:11.300,3265.2000,2769,0,82387680.000,0,-,-,-,-,3265.0000,3257.8000,3257.0000,3256.2000,3256.0000,3267.6000,3268.6000,3270.0000,3270.4000,3272.8000,1,1,1,1,1,1,2,1,1,1
SF,IH2103,2020-08-17 09:34:11.800,3265.2000,2769,0,82387680.000,0,-,-,-,-,3265.0000,3257.8000,3257.0000,3256.2000,3256.0000,3267.4000,3268.6000,3272.8000,3275.0000,3279.6000,1,1,1,1,1,1,1,1,2,1
SF,IH2103,2020-08-17 09:34:12.300,3265.2000,2769,0,82387680.000,0,-,-,-,-,3265.0000,3257.8000,3257.0000,3256.2000,3256.0000,3267.4000,3268.6000,3272.8000,3275.0000,3279.6000,1,1,1,1,1,1,1,1,2,1
SF,IH2103,2020-08-17 09:34:12.800,3265.2000,2769,0,82387680.000,0,-,-,-,-,3265.0000,3257.8000,3257.0000,3256.2000,3256.0000,3267.4000,3268.6000,3272.8000,3275.0000,3279.6000,1,1,1,1,1,1,1,1,2,1
SF,IH2103,2020-08-17 09:34:13.300,3265.2000,2769,0,82387680.000,0,-,-,-,-,3265.0000,3257.8000,3257.0000,3256.2000,3256.0000,3267.4000,3268.6000,3272.8000,3275.0000,3279.6000,1,1,1,1,1,1,1,1,2,1
SF,IH2103,2020-08-17 09:34:15.300,3265.2000,2769,0,82387680.000,0,-,-,-,-,3265.0000,3257.8000,3257.0000,3256.2000,3256.0000,3267.2000,3267.4000,3268.6000,3272.8000,3275.0000,1,1,1,1,1,1,1,1,1,2
SF,IH2103,2020-08-17 09:34:15.800,3265.0000,2769,0,83367180.000,1,0,1,多换,S,3257.8000,3257.0000,3256.2000,3256.0000,3251.6000,3267.0000,3268.6000,3272.8000,3275.0000,3279.6000,1,1,1,1,1,1,1,1,2,1
SF,IH2103,2020-08-17 09:34:16.300,3265.0000,2769,0,83367180.000,0,-,-,-,-,3258.0000,3257.8000,3257.0000,3256.2000,3256.0000,3266.8000,3267.0000,3268.6000,3272.8000,3275.0000,3,1,1,1,1,1,1,1,1,2
SF,IH2103,2020-08-17 09:34:16.800,3265.0000,2769,0,83367180.000,0,-,-,-,-,3258.0000,3257.8000,3257.0000,3256.2000,3256.0000,3266.6000,3268.6000,3272.8000,3275.0000,3279.6000,3,1,1,1,1,1,1,1,2,1
SF,IH2103,2020-08-17 09:34:17.300,3265.0000,2769,0,83367180.000,0,-,-,-,-,3258.0000,3257.8000,3257.0000,3256.2000,3256.0000,3266.6000,3272.8000,3275.0000,3279.6000,3279.8000,3,1,1,1,1,1,1,2,1,1
SF,IH2103,2020-08-17 09:34:17.800,3265.0000,2769,0,83367180.000,0,-,-,-,-,3258.0000,3257.8000,3257.0000,3256.2000,3256.0000,3266.6000,3275.0000,3279.6000,3279.8000,3288.0000,3,1,1,1,1,1,2,1,1,1
SF,IH2103,2020-08-17 09:34:18.300,3265.0000,2769,0,83367180.000,0,-,-,-,-,3258.0000,3257.8000,3257.0000,3256.2000,3256.0000,3266.6000,3275.0000,3279.6000,3279.8000,3288.0000,3,1,1,1,1,1,2,1,1,1
SF,IH2103,2020-08-17 09:34:18.800,3265.0000,2769,0,83367180.000,0,-,-,-,-,3258.2000,3258.0000,3257.8000,3257.0000,3256.2000,3266.6000,3275.0000,3279.6000,3279.8000,3288.0000,1,3,1,1,1,1,2,1,1,1
SF,IH2103,2020-08-17 09:34:19.300,3265.0000,2769,0,83367180.000,0,-,-,-,-,3260.4000,3258.4000,3258.2000,3258.0000,3257.8000,3266.6000,3275.0000,3279.6000,3279.8000,3288.0000,1,3,1,1,1,1,2,1,1,1
SF,IH2103,2020-08-17 09:34:19.800,3265.0000,2769,0,83367180.000,0,-,-,-,-,3260.6000,3260.4000,3258.2000,3257.8000,3257.0000,3266.6000,3275.0000,3279.6000,3279.8000,3288.0000,2,1,1,1,1,1,2,1,1,1
SF,IH2103,2020-08-17 09:34:20.300,3265.0000,2769,0,83367180.000,0,-,-,-,-,3260.6000,3260.4000,3257.8000,3257.0000,3256.2000,3265.8000,3266.6000,3275.0000,3279.6000,3279.8000,2,1,1,1,1,1,1,2,1,1
SF,IH2103,2020-08-17 09:34:20.800,3265.0000,2769,0,83367180.000,0,-,-,-,-,3260.6000,3260.4000,3257.8000,3257.0000,3256.2000,3265.6000,3275.0000,3279.6000,3279.8000,3288.0000,2,1,1,1,1,1,2,1,1,1
SF,IH2103,2020-08-17 09:34:21.300,3265.6000,2768,-1,84346860.000,1,0,1,双平,S,3260.6000,3260.4000,3257.8000,3257.0000,3256.2000,3275.0000,3279.6000,3279.8000,3288.0000,3289.0000,2,1,1,1,1,2,1,1,1,1
SF,IH2103,2020-08-17 09:34:21.800,3265.6000,2768,0,84346860.000,0,-,-,-,-,3260.8000,3260.6000,3260.4000,3257.8000,3257.0000,3269.6000,3274.8000,3275.0000,3279.6000,3279.8000,1,2,1,1,1,1,3,2,1,1
SF,IH2103,2020-08-17 09:34:22.300,3265.6000,2768,0,84346860.000,0,-,-,-,-,3261.0000,3260.4000,3257.8000,3257.0000,3256.2000,3268.4000,3269.4000,3269.6000,3274.8000,3275.0000,2,1,1,1,1,1,3,1,1,2
SF,IH2103,2020-08-17 09:34:22.800,3265.6000,2768,0,84346860.000,0,-,-,-,-,3261.8000,3261.2000,3261.0000,3260.4000,3257.8000,3268.2000,3268.4000,3269.4000,3275.0000,3279.6000,1,1,2,1,1,3,1,2,2,1
SF,IH2103,2020-08-17 09:34:23.300,3265.6000,2768,0,84346860.000,0,-,-,-,-,3262.0000,3261.2000,3260.4000,3257.8000,3257.0000,3268.2000,3268.4000,3269.4000,3275.0000,3279.6000,2,1,1,1,1,3,1,2,2,1
SF,IH2103,2020-08-17 09:34:23.800,3265.6000,2768,0,84346860.000,0,-,-,-,-,3262.0000,3260.4000,3257.8000,3257.0000,3256.2000,3268.2000,3269.4000,3275.0000,3279.6000,3279.8000,2,1,1,1,1,3,2,2,1,1
SF,IH2103,2020-08-17 09:34:24.300,3265.6000,2768,0,84346860.000,0,-,-,-,-,3262.0000,3260.4000,3257.8000,3257.0000,3256.2000,3267.6000,3268.2000,3269.4000,3275.0000,3279.6000,2,1,1,1,1,1,3,2,2,1
SF,IH2103,2020-08-17 09:34:24.800,3265.6000,2768,0,84346860.000,0,-,-,-,-,3262.0000,3260.4000,3257.8000,3257.0000,3256.2000,3267.4000,3267.6000,3268.2000,3269.4000,3275.0000,2,1,1,1,1,1,1,2,2,2
SF,IH2103,2020-08-17 09:34:25.300,3265.6000,2768,0,84346860.000,0,-,-,-,-,3262.0000,3260.4000,3257.8000,3257.0000,3256.2000,3267.4000,3267.6000,3268.2000,3275.0000,3279.6000,2,1,1,1,1,1,1,2,2,1
SF,IH2103,2020-08-17 09:34:26.300,3265.6000,2768,0,84346860.000,0,-,-,-,-,3262.0000,3260.4000,3257.8000,3257.0000,3256.2000,3267.4000,3267.6000,3275.0000,3279.6000,3279.8000,2,1,1,1,1,1,1,2,1,1
SF,IH2103,2020-08-17 09:34:26.800,3265.6000,2768,0,84346860.000,0,-,-,-,-,3262.0000,3260.4000,3257.8000,3257.0000,3256.2000,3267.4000,3275.0000,3279.6000,3279.8000,3288.0000,2,1,1,1,1,1,2,1,1,1
SF,IH2103,2020-08-17 09:34:27.300,3265.6000,2768,0,84346860.000,0,-,-,-,-,3262.0000,3260.4000,3257.8000,3257.0000,3256.2000,3267.0000,3267.4000,3275.0000,3279.6000,3279.8000,2,1,1,1,1,1,1,2,1,1
SF,IH2103,2020-08-17 09:34:27.800,3265.6000,2768,0,84346860.000,0,-,-,-,-,3262.0000,3260.4000,3257.8000,3257.0000,3256.2000,3266.8000,3267.0000,3275.0000,3279.6000,3279.8000,2,1,1,1,1,1,1,2,1,1
SF,IH2103,2020-08-17 09:34:28.300,3265.6000,2768,0,84346860.000,0,-,-,-,-,3262.0000,3260.4000,3257.8000,3257.0000,3256.2000,3266.8000,3275.0000,3279.6000,3279.8000,3288.0000,2,1,1,1,1,1,2,1,1,1
SF,IH2103,2020-08-17 09:34:28.800,3265.6000,2768,0,84346860.000,0,-,-,-,-,3262.0000,3260.4000,3257.8000,3257.0000,3256.2000,3266.8000,3275.0000,3279.6000,3279.8000,3288.0000,2,1,1,1,1,1,2,1,1,1
SF,IH2103,2020-08-17 09:34:29.300,3265.6000,2768,0,84346860.000,0,-,-,-,-,3262.0000,3260.4000,3257.8000,3257.0000,3256.2000,3266.6000,3266.8000,3275.0000,3279.6000,3279.8000,2,1,1,1,1,1,1,2,1,1
SF,IH2103,2020-08-17 09:34:29.800,3265.6000,2768,0,84346860.000,0,-,-,-,-,3262.0000,3260.4000,3257.8000,3257.0000,3256.2000,3266.4000,3266.6000,3275.0000,3279.6000,3279.8000,2,1,1,1,1,1,1,2,1,1
SF,IH2103,2020-08-17 09:34:30.800,3265.6000,2768,0,84346860.000,0,-,-,-,-,3262.0000,3260.4000,3257.8000,3257.0000,3256.2000,3266.4000,3275.0000,3279.6000,3279.8000,3288.0000,2,1,1,1,1,1,2,1,1,1
SF,IH2103,2020-08-17 09:34:31.300,3265.6000,2768,0,84346860.000,0,-,-,-,-,3262.0000,3260.4000,3257.8000,3257.0000,3256.2000,3266.4000,3275.0000,3279.6000,3279.8000,3288.0000,2,1,1,1,1,1,2,1,1,1
SF,IH2103,2020-08-17 09:34:31.800,3265.6000,2768,0,84346860.000,0,-,-,-,-,3262.0000,3260.4000,3257.8000,3257.0000,3256.2000,3265.6000,3266.4000,3275.0000,3279.6000,3279.8000,2,1,1,1,1,1,1,2,1,1
SF,IH2103,2020-08-17 09:34:32.300,3265.6000,2768,0,84346860.000,0,-,-,-,-,3262.0000,3260.4000,3257.8000,3257.0000,3256.2000,3265.4000,3265.6000,3275.0000,3279.6000,3279.8000,2,1,1,1,1,1,1,2,1,1
SF,IH2103,2020-08-17 09:34:32.800,3265.6000,2768,0,84346860.000,0,-,-,-,-,3262.0000,3260.4000,3257.8000,3257.0000,3256.2000,3265.4000,3275.0000,3279.6000,3279.8000,3288.0000,1,1,1,1,1,1,2,1,1,1
SF,IH2103,2020-08-17 09:34:33.300,3265.6000,2768,0,84346860.000,0,-,-,-,-,3262.0000,3260.4000,3257.8000,3257.0000,3256.2000,3265.4000,3275.0000,3279.6000,3279.8000,3288.0000,1,1,1,1,1,1,2,1,1,1
SF,IH2103,2020-08-17 09:34:33.800,3265.6000,2768,0,84346860.000,0,-,-,-,-,3262.0000,3260.4000,3257.8000,3257.0000,3256.2000,3275.0000,3279.6000,3279.8000,3288.0000,3289.0000,1,1,1,1,1,2,1,1,1,1
SF,IH2103,2020-08-17 09:34:34.300,3265.6000,2768,0,84346860.000,0,-,-,-,-,3262.2000,3262.0000,3260.4000,3257.8000,3257.0000,3268.8000,3274.8000,3275.0000,3279.6000,3279.8000,1,1,1,1,1,1,4,2,1,1
SF,IH2103,2020-08-17 09:34:34.800,3265.6000,2768,0,84346860.000,0,-,-,-,-,3262.4000,3262.2000,3260.4000,3257.8000,3257.0000,3268.6000,3275.0000,3279.6000,3279.8000,3288.0000,1,1,1,1,1,2,2,1,1,1
SF,IH2103,2020-08-17 09:34:35.300,3265.6000,2768,0,84346860.000,0,-,-,-,-,3262.6000,3262.4000,3260.4000,3257.8000,3257.0000,3268.2000,3268.6000,3275.0000,3279.6000,3279.8000,1,1,1,1,1,1,2,2,1,1
SF,IH2103,2020-08-17 09:34:35.800,3262.6000,2767,-1,86304480.000,2,0,2,多平,S,3260.4000,3257.8000,3257.0000,3256.2000,3256.0000,3262.0000,3268.0000,3268.2000,3268.6000,3275.0000,1,1,1,1,1,2,3,1,1,2
SF,IH2103,2020-08-17 09:34:36.300,3262.6000,2765,-2,88262040.000,2,0,2,双平,S,3260.6000,3260.4000,3257.8000,3257.0000,3256.2000,3262.2000,3268.0000,3275.0000,3279.6000,3279.8000,1,1,1,1,1,1,2,2,1,1
SF,IH2103,2020-08-17 09:34:36.800,3262.2000,2764,-1,89240700.000,1,0,1,双平,S,3260.6000,3260.4000,3257.8000,3257.0000,3256.2000,3268.0000,3275.0000,3279.6000,3279.8000,3288.0000,1,1,1,1,1,1,2,1,1,1
SF,IH2103,2020-08-17 09:34:37.300,3262.2000,2764,0,89240700.000,0,-,-,-,-,3260.6000,3260.4000,3257.8000,3257.0000,3256.2000,3267.8000,3268.0000,3275.0000,3279.6000,3279.8000,1,1,1,1,1,1,1,2,1,1
SF,IH2103,2020-08-17 09:34:37.800,3262.2000,2764,0,89240700.000,0,-,-,-,-,3260.6000,3260.4000,3257.8000,3257.0000,3256.2000,3267.6000,3267.8000,3275.0000,3279.6000,3279.8000,1,1,1,1,1,4,1,2,1,1
SF,IH2103,2020-08-17 09:34:38.300,3262.2000,2764,0,89240700.000,0,-,-,-,-,3260.6000,3260.4000,3257.8000,3257.0000,3256.2000,3266.4000,3267.0000,3267.4000,3267.6000,3275.0000,1,1,1,1,1,1,1,1,4,2
SF,IH2103,2020-08-17 09:34:38.800,3262.2000,2764,0,89240700.000,0,-,-,-,-,3260.6000,3260.4000,3257.8000,3257.0000,3256.2000,3266.2000,3266.4000,3267.0000,3267.6000,3275.0000,1,1,1,1,1,2,1,1,3,2
SF,IH2103,2020-08-17 09:34:39.300,3262.2000,2764,0,89240700.000,0,-,-,-,-,3260.6000,3260.4000,3257.8000,3257.0000,3256.2000,3265.8000,3266.2000,3266.4000,3267.6000,3275.0000,1,1,1,1,1,1,2,1,3,2
SF,IH2103,2020-08-17 09:34:39.800,3262.2000,2764,0,89240700.000,0,-,-,-,-,3260.6000,3260.4000,3257.8000,3257.0000,3256.2000,3265.6000,3265.8000,3266.4000,3267.6000,3274.8000,1,1,1,1,1,2,1,1,3,1
SF,IH2103,2020-08-17 09:34:40.300,3262.2000,2764,0,89240700.000,0,-,-,-,-,3260.6000,3260.4000,3257.8000,3257.0000,3256.2000,3265.6000,3265.8000,3274.8000,3275.0000,3279.6000,1,1,1,1,1,2,1,1,2,1
SF,IH2103,2020-08-17 09:34:40.800,3262.2000,2764,0,89240700.000,0,-,-,-,-,3260.6000,3260.4000,3257.8000,3257.0000,3256.2000,3265.6000,3274.8000,3275.0000,3279.6000,3279.8000,1,1,1,1,1,2,1,2,1,1
SF,IH2103,2020-08-17 09:34:41.800,3262.2000,2764,0,89240700.000,0,-,-,-,-,3260.6000,3260.4000,3257.8000,3257.0000,3256.2000,3265.2000,3265.6000,3274.8000,3275.0000,3279.6000,1,1,1,1,1,1,2,1,2,1
SF,IH2103,2020-08-17 09:34:42.300,3262.2000,2764,0,89240700.000,0,-,-,-,-,3260.6000,3260.4000,3257.8000,3257.0000,3256.2000,3265.0000,3265.2000,3274.8000,3275.0000,3279.6000,1,1,1,1,1,2,1,1,2,1
SF,IH2103,2020-08-17 09:34:43.300,3262.2000,2764,0,89240700.000,0,-,-,-,-,3260.6000,3260.4000,3257.8000,3257.0000,3256.2000,3265.0000,3274.8000,3275.0000,3279.6000,3279.8000,1,1,1,1,1,2,1,2,1,1
SF,IH2103,2020-08-17 09:34:43.800,3262.2000,2764,0,89240700.000,0,-,-,-,-,3260.6000,3260.4000,3257.8000,3257.0000,3256.2000,3264.2000,3265.0000,3274.8000,3275.0000,3279.6000,1,1,1,1,1,1,2,1,2,1
SF,IH2103,2020-08-17 09:34:44.300,3262.2000,2764,0,89240700.000,0,-,-,-,-,3260.6000,3260.4000,3257.8000,3257.0000,3256.2000,3264.0000,3264.2000,3265.0000,3274.8000,3275.0000,1,1,1,1,1,1,1,1,1,2
SF,IH2103,2020-08-17 09:34:44.800,3262.2000,2764,0,89240700.000,0,-,-,-,-,3260.6000,3260.4000,3257.8000,3257.0000,3256.2000,3264.0000,3265.0000,3274.8000,3275.0000,3279.6000,1,1,1,1,1,1,1,1,2,1
SF,IH2103,2020-08-17 09:34:45.800,3262.2000,2764,0,89240700.000,0,-,-,-,-,3260.6000,3260.4000,3257.8000,3257.0000,3256.2000,3264.0000,3265.0000,3266.0000,3274.8000,3275.0000,1,1,1,1,1,1,1,1,1,2
SF,IH2103,2020-08-17 09:34:49.800,3264.0000,2763,-1,90219900.000,1,0,1,双平,S,3260.6000,3260.4000,3257.8000,3257.0000,3256.2000,3265.0000,3266.0000,3274.8000,3275.0000,3279.6000,1,1,1,1,1,1,1,1,2,1
SF,IH2103,2020-08-17 09:34:50.300,3260.8000,2763,0,91198140.000,1,0,1,多换,S,3260.6000,3260.4000,3257.8000,3257.0000,3256.2000,3264.8000,3266.0000,3274.8000,3275.0000,3279.6000,1,1,1,1,1,2,1,1,2,1
SF,IH2103,2020-08-17 09:34:50.800,3264.8000,2762,-1,92177580.000,1,0,1,双平,S,3260.6000,3260.4000,3257.8000,3257.0000,3256.2000,3264.8000,3266.0000,3274.8000,3275.0000,3279.6000,1,1,1,1,1,1,1,1,2,1
SF,IH2103,2020-08-17 09:34:51.300,3264.8000,2762,0,92177580.000,0,-,-,-,-,3260.6000,3260.4000,3257.8000,3257.0000,3256.2000,3264.6000,3264.8000,3266.0000,3274.8000,3275.0000,1,1,1,1,1,1,1,1,1,2
SF,IH2103,2020-08-17 09:34:51.800,3264.8000,2762,0,92177580.000,0,-,-,-,-,3260.6000,3260.4000,3257.8000,3257.0000,3256.2000,3264.4000,3264.6000,3266.0000,3274.8000,3275.0000,1,1,1,1,1,1,1,1,1,2
SF,IH2103,2020-08-17 09:34:52.300,3264.8000,2762,0,92177580.000,0,-,-,-,-,3260.6000,3260.4000,3257.8000,3257.0000,3256.2000,3264.2000,3264.4000,3266.0000,3274.8000,3275.0000,1,1,1,1,1,1,1,1,1,2
SF,IH2103,2020-08-17 09:34:58.300,3264.2000,2762,0,93156840.000,1,0,1,多换,S,3260.6000,3260.4000,3257.8000,3257.0000,3256.2000,3264.4000,3266.0000,3274.8000,3275.0000,3279.6000,1,1,1,1,1,1,1,1,2,1
SF,IH2103,2020-08-17 09:34:58.800,3264.2000,2762,0,93156840.000,0,-,-,-,-,3260.6000,3260.4000,3257.8000,3257.0000,3256.2000,3264.2000,3264.4000,3266.0000,3274.8000,3275.0000,1,1,1,1,1,1,1,1,1,2
SF,IH2103,2020-08-17 09:35:02.300,3264.2000,2762,0,93156840.000,0,-,-,-,-,3260.6000,3260.4000,3257.8000,3257.0000,3256.2000,3264.2000,3264.4000,3266.0000,3274.8000,3275.0000,1,1,1,1,1,1,1,1,1,2
SF,IH2103,2020-08-17 09:35:02.800,3264.2000,2762,0,93156840.000,0,-,-,-,-,3260.6000,3260.4000,3257.8000,3257.0000,3256.2000,3264.4000,3266.0000,3274.8000,3275.0000,3279.6000,1,1,1,1,1,1,1,1,2,1
SF,IH2103,2020-08-17 09:35:03.300,3264.2000,2762,0,93156840.000,0,-,-,-,-,3260.6000,3260.4000,3257.8000,3257.0000,3256.2000,3263.8000,3264.4000,3266.0000,3274.8000,3275.0000,1,1,1,1,1,1,1,1,1,2
SF,IH2103,2020-08-17 09:35:03.800,3264.2000,2762,0,93156840.000,0,-,-,-,-,3260.6000,3260.4000,3257.8000,3257.0000,3256.2000,3263.8000,3264.4000,3266.0000,3274.8000,3275.0000,1,1,1,1,1,1,1,1,1,2
SF,IH2103,2020-08-17 09:35:04.300,3264.2000,2762,0,93156840.000,0,-,-,-,-,3260.6000,3260.4000,3257.8000,3257.0000,3256.2000,3264.4000,3266.0000,3274.8000,3275.0000,3279.6000,1,1,1,1,1,1,1,1,2,1
SF,IH2103,2020-08-17 09:35:04.800,3264.2000,2762,0,93156840.000,0,-,-,-,-,3260.6000,3260.4000,3257.8000,3257.0000,3256.2000,3264.4000,3266.0000,3274.8000,3275.0000,3279.6000,1,1,1,1,1,1,1,1,2,1
SF,IH2103,2020-08-17 09:35:05.300,3264.2000,2762,0,93156840.000,0,-,-,-,-,3260.6000,3260.4000,3257.8000,3257.0000,3256.2000,3264.4000,3266.0000,3274.8000,3275.0000,3279.6000,1,1,1,1,1,1,1,1,2,1
SF,IH2103,2020-08-17 09:35:05.800,3264.2000,2762,0,93156840.000,0,-,-,-,-,3260.8000,3260.6000,3260.4000,3257.8000,3257.0000,3264.4000,3266.0000,3274.8000,3275.0000,3279.6000,1,1,1,1,1,1,1,1,2,1
SF,IH2103,2020-08-17 09:35:06.300,3264.4000,2762,0,94136160.000,1,0,1,多换,S,3261.0000,3260.8000,3260.4000,3257.8000,3257.0000,3266.0000,3274.8000,3275.0000,3279.6000,3279.8000,1,1,1,1,1,1,1,2,1,1
SF,IH2103,2020-08-17 09:35:06.800,3264.4000,2762,0,94136160.000,0,-,-,-,-,3261.2000,3261.0000,3260.8000,3260.4000,3257.8000,3265.8000,3266.0000,3274.8000,3275.0000,3279.6000,2,1,1,1,1,1,1,1,2,1
SF,IH2103,2020-08-17 09:35:07.300,3265.8000,2761,-1,95115900.000,1,0,1,双平,S,3261.4000,3261.2000,3260.8000,3260.4000,3257.8000,3266.0000,3274.8000,3275.0000,3279.6000,3279.8000,1,1,1,1,1,1,1,2,1,1
SF,IH2103,2020-08-17 09:35:07.800,3265.8000,2761,0,95115900.000,0,-,-,-,-,3261.6000,3261.4000,3260.8000,3260.4000,3257.8000,3266.0000,3274.8000,3275.0000,3279.6000,3279.8000,2,1,1,1,1,1,1,2,1,1
SF,IH2103,2020-08-17 09:35:08.300,3265.8000,2761,0,95115900.000,0,-,-,-,-,3261.8000,3261.6000,3260.8000,3260.4000,3257.8000,3266.0000,3274.8000,3275.0000,3279.6000,3279.8000,1,2,1,1,1,1,1,2,1,1
SF,IH2103,2020-08-17 09:35:08.800,3265.8000,2761,0,95115900.000,0,-,-,-,-,3262.0000,3261.8000,3261.6000,3260.4000,3257.8000,3266.0000,3274.8000,3275.0000,3279.6000,3279.8000,1,1,1,1,1,1,1,2,1,1
SF,IH2103,2020-08-17 09:35:09.300,3265.8000,2761,0,95115900.000,0,-,-,-,-,3262.2000,3262.0000,3261.6000,3260.4000,3257.8000,3266.0000,3274.8000,3275.0000,3279.6000,3279.8000,1,1,1,1,1,1,1,2,1,1
SF,IH2103,2020-08-17 09:35:09.800,3265.8000,2761,0,95115900.000,0,-,-,-,-,3262.2000,3262.0000,3261.6000,3260.4000,3257.8000,3266.0000,3274.8000,3275.0000,3279.6000,3279.8000,1,1,1,1,1,1,1,1,1,1
SF,IH2103,2020-08-17 09:35:16.800,3265.8000,2761,0,95115900.000,0,-,-,-,-,3262.2000,3262.0000,3261.6000,3260.4000,3257.8000,3266.0000,3274.8000,3275.0000,3279.6000,3279.8000,1,1,1,1,1,1,1,1,1,1
SF,IH2103,2020-08-17 09:35:17.300,3265.8000,2761,0,95115900.000,0,-,-,-,-,3262.2000,3261.6000,3260.4000,3257.8000,3257.0000,3266.0000,3274.8000,3275.0000,3279.6000,3279.8000,1,1,1,1,1,1,1,1,1,1
SF,IH2103,2020-08-17 09:35:18.300,3265.8000,2761,0,95115900.000,0,-,-,-,-,3262.2000,3261.6000,3260.4000,3257.8000,3257.0000,3266.0000,3274.8000,3275.0000,3279.6000,3279.8000,1,1,1,1,1,1,1,1,1,1
SF,IH2103,2020-08-17 09:35:25.800,3265.8000,2761,0,95115900.000,0,-,-,-,-,3262.2000,3261.6000,3260.4000,3257.8000,3257.0000,3264.2000,3266.0000,3274.8000,3275.0000,3279.6000,1,1,1,1,1,3,1,1,1,1
SF,IH2103,2020-08-17 09:35:26.300,3264.2000,2761,0,96095160.000,1,0,1,多换,S,3261.6000,3260.4000,3257.8000,3257.0000,3256.2000,3264.2000,3266.0000,3274.8000,3275.0000,3279.6000,1,1,1,1,1,2,1,1,1,1
SF,IH2103,2020-08-17 09:35:26.800,3264.2000,2761,0,96095160.000,0,-,-,-,-,3261.8000,3261.6000,3260.4000,3257.8000,3257.0000,3264.2000,3266.0000,3274.8000,3275.0000,3279.6000,1,1,1,1,1,2,1,1,1,1
SF,IH2103,2020-08-17 09:35:27.300,3264.2000,2761,0,96095160.000,0,-,-,-,-,3261.8000,3261.6000,3260.4000,3257.8000,3257.0000,3264.2000,3266.0000,3274.8000,3275.0000,3279.6000,1,1,1,1,1,2,1,1,1,1
SF,IH2103,2020-08-17 09:35:29.800,3261.8000,2760,-1,97073700.000,1,0,1,双平,S,3261.6000,3260.4000,3257.8000,3257.0000,3256.2000,3264.2000,3266.0000,3274.8000,3275.0000,3279.6000,1,1,1,1,1,2,1,1,1,1
SF,IH2103,2020-08-17 09:35:30.300,3261.8000,2760,0,97073700.000,0,-,-,-,-,3261.8000,3261.6000,3260.4000,3257.8000,3257.0000,3264.2000,3266.0000,3274.8000,3275.0000,3279.6000,1,1,1,1,1,2,1,1,1,1
SF,IH2103,2020-08-17 09:35:30.800,3261.8000,2760,0,97073700.000,0,-,-,-,-,3261.8000,3261.6000,3260.4000,3257.8000,3257.0000,3264.2000,3266.0000,3274.8000,3275.0000,3279.6000,1,1,1,1,1,2,1,1,1,1
SF,IH2103,2020-08-17 09:35:31.300,3261.8000,2760,0,97073700.000,0,-,-,-,-,3261.8000,3261.6000,3260.4000,3257.8000,3257.0000,3264.2000,3266.0000,3274.8000,3275.0000,3279.6000,1,1,1,1,1,2,1,1,1,1
SF,IH2103,2020-08-17 09:35:31.800,3261.8000,2760,0,97073700.000,0,-,-,-,-,3261.8000,3261.6000,3260.4000,3257.8000,3257.0000,3264.2000,3266.0000,3274.8000,3275.0000,3279.6000,1,1,1,1,1,2,1,1,1,1
SF,IH2103,2020-08-17 09:35:37.300,3261.8000,2760,0,97073700.000,0,-,-,-,-,3262.2000,3261.8000,3261.6000,3260.4000,3257.8000,3264.2000,3266.0000,3274.8000,3275.0000,3279.6000,1,1,1,1,1,2,1,1,1,1
SF,IH2103,2020-08-17 09:35:37.800,3261.8000,2760,0,97073700.000,0,-,-,-,-,3262.4000,3262.2000,3261.6000,3260.4000,3257.8000,3264.2000,3266.0000,3274.8000,3275.0000,3279.6000,1,1,1,1,1,2,1,1,1,1
SF,IH2103,2020-08-17 09:35:38.300,3261.8000,2760,0,97073700.000,0,-,-,-,-,3262.4000,3262.2000,3261.6000,3260.4000,3257.8000,3264.2000,3266.0000,3274.8000,3275.0000,3279.6000,1,1,1,1,1,2,1,1,1,1
SF,IH2103,2020-08-17 09:35:38.800,3264.2000,2760,0,98052960.000,1,0,1,多换,S,3262.4000,3262.2000,3261.6000,3260.4000,3257.8000,3264.2000,3266.0000,3274.8000,3275.0000,3279.6000,1,1,1,1,1,1,1,1,1,1
SF,IH2103,2020-08-17 09:35:39.300,3264.2000,2760,0,99032220.000,1,0,1,多换,S,3262.6000,3262.4000,3262.2000,3261.6000,3260.4000,3266.0000,3274.8000,3275.0000,3279.6000,3279.8000,1,1,1,1,1,1,1,1,1,1
SF,IH2103,2020-08-17 09:35:39.800,3264.2000,2760,0,99032220.000,0,-,-,-,-,3262.8000,3262.6000,3262.2000,3261.6000,3260.4000,3265.8000,3266.0000,3274.8000,3275.0000,3279.6000,1,1,1,1,1,1,1,1,1,1
SF,IH2103,2020-08-17 09:35:43.300,3265.8000,2759,-1,100011960.000,1,0,1,双平,S,3262.8000,3262.6000,3262.2000,3261.6000,3260.4000,3266.0000,3274.8000,3275.0000,3279.6000,3279.8000,1,1,1,1,1,1,1,1,1,1
SF,IH2103,2020-08-17 09:35:43.800,3266.0000,2758,-1,100991760.000,1,0,1,双平,S,3263.0000,3262.8000,3262.6000,3262.2000,3261.6000,3274.8000,3275.0000,3279.6000,3279.8000,3288.0000,1,1,1,1,1,1,1,1,1,1
SF,IH2103,2020-08-17 09:35:44.300,3266.0000,2758,0,100991760.000,0,-,-,-,-,3263.2000,3263.0000,3262.6000,3262.2000,3261.6000,3271.4000,3274.6000,3274.8000,3275.0000,3279.6000,2,1,1,1,1,1,3,1,1,1
SF,IH2103,2020-08-17 09:35:44.800,3266.0000,2758,0,100991760.000,0,-,-,-,-,3263.2000,3263.0000,3262.6000,3262.2000,3261.6000,3271.2000,3271.4000,3274.8000,3275.0000,3279.6000,2,1,1,1,1,2,1,1,1,1
SF,IH2103,2020-08-17 09:35:45.300,3266.0000,2758,0,100991760.000,0,-,-,-,-,3263.4000,3263.2000,3263.0000,3262.6000,3262.2000,3271.2000,3274.8000,3275.0000,3279.6000,3279.8000,1,2,1,1,1,1,1,1,1,1
SF,IH2103,2020-08-17 09:35:45.800,3266.0000,2758,0,100991760.000,0,-,-,-,-,3263.6000,3263.0000,3262.2000,3261.6000,3260.8000,3271.2000,3274.8000,3275.0000,3279.6000,3279.8000,2,1,1,1,1,1,1,1,1,1
SF,IH2103,2020-08-17 09:35:47.300,3266.0000,2758,0,100991760.000,0,-,-,-,-,3263.8000,3263.6000,3263.0000,3262.2000,3261.6000,3271.2000,3274.8000,3275.0000,3279.6000,3279.8000,1,2,1,1,1,1,1,1,1,1
SF,IH2103,2020-08-17 09:35:47.800,3266.0000,2758,0,100991760.000,0,-,-,-,-,3264.0000,3263.0000,3262.2000,3261.6000,3260.8000,3271.0000,3271.2000,3274.8000,3275.0000,3279.6000,2,1,1,1,1,2,1,1,1,1
SF,IH2103,2020-08-17 09:35:48.300,3266.0000,2758,0,100991760.000,0,-,-,-,-,3264.0000,3262.2000,3261.6000,3260.8000,3260.4000,3270.8000,3274.8000,3275.0000,3279.6000,3279.8000,2,1,1,1,1,1,1,1,1,1
SF,IH2103,2020-08-17 09:35:48.800,3266.0000,2758,0,100991760.000,0,-,-,-,-,3264.0000,3261.6000,3260.8000,3260.4000,3257.0000,3270.8000,3274.8000,3275.0000,3279.6000,3279.8000,2,1,1,1,1,1,1,1,1,1
SF,IH2103,2020-08-17 09:35:49.800,3266.0000,2758,0,100991760.000,0,-,-,-,-,3264.0000,3261.6000,3260.8000,3260.4000,3257.0000,3270.6000,3270.8000,3274.8000,3275.0000,3279.6000,2,1,1,1,1,1,1,1,1,1
SF,IH2103,2020-08-17 09:35:50.300,3266.0000,2758,0,100991760.000,0,-,-,-,-,3264.0000,3261.6000,3260.8000,3260.4000,3257.0000,3270.4000,3270.6000,3274.8000,3275.0000,3279.6000,1,1,1,1,1,2,1,1,1,1
SF,IH2103,2020-08-17 09:35:50.800,3266.0000,2758,0,100991760.000,0,-,-,-,-,3264.0000,3261.6000,3260.8000,3260.4000,3257.0000,3270.2000,3270.4000,3270.6000,3274.8000,3275.0000,1,1,1,1,1,1,2,1,1,1
