市场代码,合约代码,时间,最新,持仓,增仓,成交额,成交量,开仓,平仓,成交类型,方向,买一价,买二价,买三价,买四价,买五价,卖一价,卖二价,卖三价,卖四价,卖五价,买一量,买二量,买三量,买四量,买五量,卖一量,卖二量,卖三量,卖四量,卖五量
SF,IH2103,2020-08-03 09:29:00.300,3243.2000,2041,0,972960.000,1.000,-,-,-,-,3243.0000,3239.2000,3231.8000,3230.0000,3228.8000,3248.2000,3249.4000,3252.2000,3254.8000,3257.0000,1,1,5,2,1,1,1,4,1,1
SF,IH2103,2020-08-03 09:30:00.300,3243.2000,2041,0,972960.000,0,-,-,-,-,3243.0000,3231.8000,3230.0000,3221.6000,3220.0000,3248.0000,3248.2000,3252.2000,3257.0000,3280.0000,1,5,2,2,1,1,1,4,1,1
SF,IH2103,2020-08-03 09:30:00.800,3243.2000,2041,0,972960.000,0,-,-,-,-,3248.0000,3243.2000,3231.8000,3230.0000,3221.6000,3257.0000,3280.0000,3294.6000,3302.0000,3339.0000,1,3,1,1,2,1,1,1,1,5
SF,IH2103,2020-08-03 09:30:01.300,3243.2000,2041,0,972960.000,0,-,-,-,-,3248.2000,3248.0000,3230.0000,3221.6000,3220.0000,3250.2000,3256.8000,3257.0000,3280.0000,3294.6000,1,1,1,2,1,1,1,1,1,1
SF,IH2103,2020-08-03 09:30:01.800,3250.2000,2040,-1,1948020.000,1,0,1,双平,S,3248.2000,3248.0000,3230.0000,3221.6000,3220.0000,3256.8000,3257.0000,3280.0000,3294.6000,3302.0000,1,1,1,2,1,1,1,1,1,1
SF,IH2103,2020-08-03 09:30:02.300,3256.6000,2040,0,4874040.000,3,1,2,多换,S,3248.4000,3248.2000,3248.0000,3230.0000,3221.6000,3256.6000,3256.8000,3257.0000,3280.0000,3294.6000,1,1,1,1,2,1,1,1,1,1
SF,IH2103,2020-08-03 09:30:02.800,3256.6000,2040,0,4874040.000,0,-,-,-,-,3248.6000,3248.4000,3248.0000,3230.0000,3221.6000,3256.4000,3256.6000,3257.0000,3280.0000,3294.6000,2,1,1,1,2,1,1,1,1,1
SF,IH2103,2020-08-03 09:30:03.300,3256.6000,2040,0,4874040.000,0,-,-,-,-,3249.0000,3248.6000,3248.0000,3230.0000,3221.6000,3256.2000,3256.4000,3257.0000,3280.0000,3294.6000,1,2,1,1,2,1,1,1,1,1
SF,IH2103,2020-08-03 09:30:03.800,3256.6000,2040,0,4874040.000,0,-,-,-,-,3249.2000,3249.0000,3248.6000,3248.0000,3230.0000,3256.0000,3256.2000,3257.0000,3280.0000,3294.6000,1,1,1,1,1,1,1,1,1,1
SF,IH2103,2020-08-03 09:30:04.300,3249.2000,2038,-2,6823680.000,2,0,2,双平,S,3248.6000,3248.0000,3230.0000,3221.6000,3220.0000,3255.8000,3256.0000,3257.0000,3280.0000,3294.6000,1,1,1,2,1,1,1,1,1,1
SF,IH2103,2020-08-03 09:30:04.800,3249.2000,2038,0,6823680.000,0,-,-,-,-,3248.8000,3248.6000,3248.0000,3230.0000,3221.6000,3255.6000,3255.8000,3257.0000,3280.0000,3294.6000,1,1,1,1,2,1,1,1,1,1
SF,IH2103,2020-08-03 09:30:05.300,3249.2000,2038,0,6823680.000,0,-,-,-,-,3248.8000,3248.6000,3248.0000,3230.0000,3221.6000,3255.4000,3255.6000,3257.0000,3280.0000,3294.6000,1,1,1,1,2,1,1,1,1,1
SF,IH2103,2020-08-03 09:30:05.800,3249.2000,2038,0,6823680.000,0,-,-,-,-,3248.8000,3248.6000,3248.0000,3230.0000,3221.6000,3255.2000,3255.4000,3257.0000,3280.0000,3294.6000,1,1,1,1,2,1,1,1,1,1
SF,IH2103,2020-08-03 09:30:06.300,3249.2000,2038,0,6823680.000,0,-,-,-,-,3248.8000,3248.6000,3248.0000,3230.0000,3221.6000,3255.0000,3255.2000,3257.0000,3280.0000,3294.6000,1,1,1,1,2,1,1,1,1,1
SF,IH2103,2020-08-03 09:30:06.800,3255.0000,2036,-2,9753120.000,3,0,3,多平,S,3248.8000,3248.6000,3248.0000,3230.0000,3221.6000,3257.0000,3280.0000,3294.6000,3302.0000,3331.2000,1,1,1,1,2,1,1,1,1,1
SF,IH2103,2020-08-03 09:30:07.300,3255.0000,2036,0,9753120.000,0,-,-,-,-,3248.8000,3248.6000,3248.0000,3230.0000,3221.6000,3256.8000,3257.0000,3280.0000,3294.6000,3302.0000,1,1,1,1,2,2,1,1,1,1
SF,IH2103,2020-08-03 09:30:07.800,3255.0000,2036,0,9753120.000,0,-,-,-,-,3249.8000,3248.8000,3248.6000,3248.0000,3230.0000,3256.8000,3257.0000,3280.0000,3294.6000,3302.0000,1,1,1,1,1,1,1,1,1,1
SF,IH2103,2020-08-03 09:30:08.300,3255.0000,2036,0,9753120.000,0,-,-,-,-,3250.0000,3249.8000,3248.6000,3248.0000,3230.0000,3257.0000,3280.0000,3294.6000,3302.0000,3331.2000,2,1,1,1,1,1,1,1,1,1
SF,IH2103,2020-08-03 09:30:08.800,3255.0000,2036,0,9753120.000,0,-,-,-,-,3250.6000,3250.2000,3250.0000,3249.8000,3248.6000,3257.0000,3280.0000,3294.6000,3302.0000,3331.2000,1,1,2,1,1,1,1,1,1,1
SF,IH2103,2020-08-03 09:30:09.300,3257.0000,2035,-1,10730220.000,1,0,1,双平,S,3250.8000,3250.6000,3250.2000,3230.0000,3220.0000,3280.0000,3294.6000,3302.0000,3331.2000,3339.0000,3,1,1,1,1,1,1,1,1,5
SF,IH2103,2020-08-03 09:30:09.800,3257.0000,2035,0,10730220.000,0,-,-,-,-,3251.8000,3251.0000,3250.8000,3250.2000,3230.0000,3253.0000,3268.6000,3270.2000,3274.2000,3279.6000,1,1,3,1,1,1,1,1,4,2
SF,IH2103,2020-08-03 09:30:10.300,3253.0000,2035,0,11706120.000,1,0,1,多换,S,3251.8000,3251.0000,3250.8000,3250.2000,3230.0000,3268.6000,3279.6000,3279.8000,3280.0000,3294.6000,1,1,1,1,1,1,2,2,1,1
SF,IH2103,2020-08-03 09:30:10.800,3253.0000,2035,0,11706120.000,0,-,-,-,-,3252.0000,3250.8000,3250.2000,3230.0000,3220.0000,3268.2000,3268.4000,3279.8000,3280.0000,3294.6000,3,1,1,1,1,2,2,1,1,1
SF,IH2103,2020-08-03 09:30:11.300,3253.0000,2035,0,11706120.000,0,-,-,-,-,3253.6000,3252.8000,3252.0000,3250.8000,3250.2000,3268.0000,3268.2000,3268.4000,3279.8000,3280.0000,1,1,3,1,1,1,2,1,1,1
SF,IH2103,2020-08-03 09:30:11.800,3253.0000,2035,0,11706120.000,0,-,-,-,-,3253.8000,3253.6000,3252.8000,3252.0000,3230.0000,3267.6000,3268.0000,3268.4000,3279.8000,3280.0000,2,1,1,1,1,2,1,1,1,1
SF,IH2103,2020-08-03 09:30:12.300,3253.0000,2035,0,11706120.000,0,-,-,-,-,3254.6000,3254.0000,3253.8000,3253.6000,3252.8000,3267.4000,3267.6000,3268.4000,3279.8000,3280.0000,1,1,2,1,1,1,2,1,1,1
SF,IH2103,2020-08-03 09:30:12.800,3253.0000,2035,0,11706120.000,0,-,-,-,-,3254.8000,3254.6000,3253.8000,3253.6000,3252.0000,3267.0000,3267.4000,3268.4000,3279.8000,3280.0000,3,1,1,1,1,2,1,1,1,1
SF,IH2103,2020-08-03 09:30:13.300,3253.0000,2035,0,11706120.000,0,-,-,-,-,3254.8000,3254.6000,3253.8000,3252.0000,3230.0000,3266.8000,3267.0000,3268.4000,3279.8000,3280.0000,3,1,1,1,1,1,2,1,1,1
SF,IH2103,2020-08-03 09:30:13.800,3253.0000,2035,0,11706120.000,0,-,-,-,-,3254.8000,3254.6000,3253.8000,3252.0000,3230.0000,3266.2000,3266.4000,3266.6000,3266.8000,3268.4000,2,1,1,1,1,1,2,1,1,1
SF,IH2103,2020-08-03 09:30:14.300,3253.0000,2035,0,11706120.000,0,-,-,-,-,3254.8000,3254.6000,3253.8000,3252.0000,3230.0000,3265.8000,3266.0000,3266.2000,3266.4000,3279.8000,2,1,1,1,1,1,3,1,1,1
SF,IH2103,2020-08-03 09:30:14.800,3253.0000,2035,0,11706120.000,0,-,-,-,-,3255.0000,3254.8000,3254.6000,3253.8000,3252.0000,3265.6000,3265.8000,3266.0000,3266.2000,3266.4000,1,2,1,1,1,1,1,1,1,1
SF,IH2103,2020-08-03 09:30:15.300,3253.0000,2035,0,11706120.000,0,-,-,-,-,3255.4000,3255.2000,3255.0000,3254.8000,3254.6000,3265.2000,3265.6000,3266.2000,3266.4000,3279.8000,1,1,1,1,1,1,1,1,1,1
SF,IH2103,2020-08-03 09:30:15.800,3253.0000,2035,0,11706120.000,0,-,-,-,-,3255.6000,3255.4000,3254.8000,3254.6000,3253.8000,3265.0000,3266.4000,3279.8000,3280.0000,3294.6000,2,1,1,1,1,1,1,1,1,1
SF,IH2103,2020-08-03 09:30:16.300,3253.0000,2035,0,11706120.000,0,-,-,-,-,3257.6000,3255.6000,3255.4000,3254.8000,3253.8000,3265.0000,3266.4000,3279.8000,3280.0000,3294.6000,1,2,1,1,1,1,1,1,1,1
SF,IH2103,2020-08-03 09:30:16.800,3253.0000,2035,0,11706120.000,0,-,-,-,-,3257.8000,3255.4000,3252.0000,3230.0000,3220.0000,3265.0000,3266.4000,3279.8000,3280.0000,3294.6000,3,1,1,1,1,1,1,1,1,1
SF,IH2103,2020-08-03 09:30:17.300,3253.0000,2035,0,11706120.000,0,-,-,-,-,3257.8000,3252.0000,3230.0000,3220.0000,3200.0000,3266.4000,3279.8000,3280.0000,3294.6000,3294.8000,3,1,1,1,1,1,1,1,1,1
SF,IH2103,2020-08-03 09:30:17.800,3253.0000,2035,0,11706120.000,0,-,-,-,-,3259.4000,3257.8000,3252.0000,3230.0000,3220.0000,3266.2000,3279.8000,3280.0000,3294.6000,3294.8000,1,3,1,1,1,1,1,1,1,1
SF,IH2103,2020-08-03 09:30:18.300,3253.0000,2035,0,11706120.000,0,-,-,-,-,3259.6000,3259.4000,3257.8000,3230.0000,3220.0000,3265.8000,3266.2000,3279.8000,3280.0000,3294.6000,2,1,1,1,1,1,1,1,1,1
SF,IH2103,2020-08-03 09:30:18.800,3253.0000,2035,0,11706120.000,0,-,-,-,-,3259.8000,3259.6000,3257.8000,3230.0000,3220.0000,3265.6000,3265.8000,3279.8000,3280.0000,3294.6000,1,2,1,1,1,1,1,1,1,1
SF,IH2103,2020-08-03 09:30:19.300,3253.0000,2035,0,11706120.000,0,-,-,-,-,3260.0000,3259.8000,3230.0000,3220.0000,3200.0000,3265.6000,3265.8000,3279.8000,3280.0000,3294.6000,3,1,1,1,1,1,1,1,1,1
SF,IH2103,2020-08-03 09:30:19.800,3253.0000,2035,0,11706120.000,0,-,-,-,-,3260.0000,3259.8000,3230.0000,3220.0000,3200.0000,3265.6000,3265.8000,3279.8000,3280.0000,3294.6000,1,1,1,1,1,1,1,1,1,1
SF,IH2103,2020-08-03 09:30:20.300,3253.0000,2035,0,11706120.000,0,-,-,-,-,3260.0000,3259.8000,3230.0000,3220.0000,3200.0000,3265.6000,3265.8000,3279.8000,3280.0000,3281.2000,1,1,1,1,1,1,1,1,1,3
SF,IH2103,2020-08-03 09:30:20.800,3253.0000,2035,0,11706120.000,0,-,-,-,-,3260.2000,3260.0000,3259.8000,3230.0000,3220.0000,3265.6000,3265.8000,3279.8000,3280.0000,3281.2000,3,1,1,1,1,1,1,1,1,3
SF,IH2103,2020-08-03 09:30:21.300,3253.0000,2035,0,11706120.000,0,-,-,-,-,3260.0000,3259.8000,3230.0000,3220.0000,3200.0000,3265.6000,3279.8000,3280.0000,3281.2000,3294.6000,1,1,1,1,1,1,1,1,3,1
SF,IH2103,2020-08-03 09:30:22.300,3253.0000,2035,0,11706120.000,0,-,-,-,-,3260.2000,3260.0000,3259.8000,3230.0000,3220.0000,3265.6000,3279.8000,3280.0000,3281.2000,3294.6000,2,1,1,1,1,1,1,1,3,1
SF,IH2103,2020-08-03 09:30:22.800,3253.0000,2035,0,11706120.000,0,-,-,-,-,3260.4000,3260.2000,3259.8000,3230.0000,3220.0000,3279.8000,3280.0000,3281.2000,3294.6000,3294.8000,1,2,1,1,1,1,1,3,1,1
SF,IH2103,2020-08-03 09:30:23.300,3253.0000,2035,0,11706120.000,0,-,-,-,-,3260.4000,3260.2000,3259.8000,3230.0000,3220.0000,3276.6000,3277.2000,3279.4000,3279.6000,3279.8000,1,2,1,1,1,1,1,2,3,1
SF,IH2103,2020-08-03 09:30:23.800,3253.0000,2035,0,11706120.000,0,-,-,-,-,3260.6000,3260.4000,3260.2000,3259.8000,3230.0000,3276.2000,3276.4000,3277.2000,3279.8000,3280.0000,1,1,2,1,1,2,2,1,1,1
SF,IH2103,2020-08-03 09:30:24.300,3253.0000,2035,0,11706120.000,0,-,-,-,-,3260.6000,3260.2000,3259.8000,3230.0000,3220.0000,3276.0000,3276.2000,3276.4000,3277.2000,3279.8000,1,2,1,1,1,1,2,1,1,1
SF,IH2103,2020-08-03 09:30:24.800,3253.0000,2035,0,11706120.000,0,-,-,-,-,3260.6000,3260.2000,3259.8000,3230.0000,3220.0000,3275.6000,3276.0000,3276.4000,3279.8000,3280.0000,1,2,1,1,1,2,1,1,1,1
SF,IH2103,2020-08-03 09:30:25.300,3253.0000,2035,0,11706120.000,0,-,-,-,-,3260.6000,3260.2000,3259.8000,3230.0000,3220.0000,3272.4000,3275.4000,3275.6000,3276.4000,3279.8000,1,2,1,1,1,1,1,3,1,1
SF,IH2103,2020-08-03 09:30:25.800,3253.0000,2035,0,11706120.000,0,-,-,-,-,3260.8000,3260.6000,3260.2000,3259.8000,3230.0000,3272.0000,3272.2000,3272.4000,3279.8000,3280.0000,1,1,2,1,1,2,2,1,1,1
SF,IH2103,2020-08-03 09:30:26.300,3253.0000,2035,0,11706120.000,0,-,-,-,-,3261.0000,3260.8000,3260.2000,3259.8000,3230.0000,3271.8000,3272.0000,3272.2000,3272.4000,3279.8000,1,1,2,1,1,1,2,1,1,1
SF,IH2103,2020-08-03 09:30:26.800,3253.0000,2035,0,11706120.000,0,-,-,-,-,3261.2000,3261.0000,3260.2000,3259.8000,3230.0000,3271.4000,3271.8000,3272.2000,3272.4000,3279.8000,1,1,2,1,1,2,1,1,1,1
SF,IH2103,2020-08-03 09:30:27.300,3253.0000,2035,0,11706120.000,0,-,-,-,-,3261.4000,3261.2000,3260.2000,3230.0000,3220.0000,3271.2000,3271.4000,3272.2000,3272.4000,3279.8000,1,1,2,1,1,1,2,1,1,1
SF,IH2103,2020-08-03 09:30:27.800,3253.0000,2035,0,11706120.000,0,-,-,-,-,3261.6000,3261.4000,3260.2000,3230.0000,3220.0000,3270.4000,3270.8000,3271.2000,3272.2000,3272.4000,1,1,2,1,1,1,2,1,1,1
SF,IH2103,2020-08-03 09:30:28.300,3253.0000,2035,0,11706120.000,0,-,-,-,-,3261.8000,3260.2000,3230.0000,3220.0000,3200.0000,3270.0000,3270.2000,3270.4000,3272.2000,3272.4000,1,2,1,1,1,2,1,1,1,1
SF,IH2103,2020-08-03 09:30:28.800,3253.0000,2035,0,11706120.000,0,-,-,-,-,3261.8000,3260.2000,3230.0000,3220.0000,3200.0000,3269.8000,3270.0000,3270.4000,3272.4000,3279.8000,1,2,1,1,1,2,2,1,1,1
SF,IH2103,2020-08-03 09:30:29.300,3253.0000,2035,0,11706120.000,0,-,-,-,-,3261.8000,3260.2000,3230.0000,3220.0000,3200.0000,3269.4000,3269.8000,3270.4000,3272.4000,3279.8000,1,2,1,1,1,2,2,1,1,1
SF,IH2103,2020-08-03 09:30:29.800,3253.0000,2035,0,11706120.000,0,-,-,-,-,3262.0000,3261.8000,3260.2000,3230.0000,3220.0000,3269.2000,3269.4000,3269.8000,3270.4000,3272.4000,1,1,2,1,1,1,2,2,1,1
SF,IH2103,2020-08-03 09:30:30.300,3268.8000,2033,-2,13667400.000,2,0,2,双平,S,3262.0000,3260.2000,3230.0000,3220.0000,3200.0000,3269.0000,3269.2000,3269.8000,3272.4000,3279.8000,1,2,1,1,1,1,1,1,1,1
SF,IH2103,2020-08-03 09:30:30.800,3262.0000,2032,-1,14646000.000,1,0,1,双平,S,3260.2000,3230.0000,3220.0000,3200.0000,3176.6000,3264.0000,3268.8000,3269.0000,3269.8000,3279.8000,2,1,1,1,1,1,2,1,1,1
SF,IH2103,2020-08-03 09:30:31.300,3264.0000,2032,0,15625200.000,1,0,1,多换,S,3260.6000,3260.2000,3230.0000,3220.0000,3200.0000,3268.8000,3279.8000,3280.0000,3281.2000,3294.6000,1,2,1,1,1,1,1,1,3,1
SF,IH2103,2020-08-03 09:30:31.800,3264.0000,2032,0,15625200.000,0,-,-,-,-,3260.8000,3260.6000,3260.2000,3230.0000,3220.0000,3268.6000,3268.8000,3279.8000,3280.0000,3281.2000,2,1,2,1,1,1,1,1,1,3
SF,IH2103,2020-08-03 09:30:32.300,3264.0000,2032,0,15625200.000,0,-,-,-,-,3261.2000,3260.8000,3260.2000,3230.0000,3220.0000,3268.6000,3268.8000,3279.8000,3280.0000,3281.2000,1,2,2,1,1,2,1,1,1,3
SF,IH2103,2020-08-03 09:30:32.800,3264.0000,2032,0,15625200.000,0,-,-,-,-,3261.4000,3261.2000,3260.2000,3220.0000,3200.0000,3268.6000,3268.8000,3279.8000,3280.0000,3281.2000,2,1,2,1,1,1,1,1,1,3
SF,IH2103,2020-08-03 09:30:33.300,3264.0000,2032,0,15625200.000,0,-,-,-,-,3261.6000,3261.4000,3260.2000,3220.0000,3200.0000,3268.6000,3268.8000,3279.8000,3280.0000,3281.2000,1,1,2,1,1,1,1,1,1,3
SF,IH2103,2020-08-03 09:30:33.800,3264.0000,2032,0,15625200.000,0,-,-,-,-,3261.8000,3260.2000,3220.0000,3200.0000,3176.6000,3268.6000,3268.8000,3279.8000,3280.0000,3281.2000,1,2,1,1,1,1,1,1,1,3
SF,IH2103,2020-08-03 09:30:34.300,3264.0000,2032,0,15625200.000,0,-,-,-,-,3263.2000,3261.8000,3260.2000,3220.0000,3200.0000,3268.6000,3268.8000,3279.8000,3280.0000,3281.2000,1,1,2,1,1,1,1,1,1,3
SF,IH2103,2020-08-03 09:30:34.800,3263.2000,2031,-1,16604160.000,1,0,1,双平,S,3261.8000,3220.0000,3200.0000,3176.6000,3147.8000,3268.8000,3279.8000,3280.0000,3281.2000,3294.6000,1,1,1,1,1,1,1,1,3,1
SF,IH2103,2020-08-03 09:30:35.300,3261.8000,2030,-1,17582700.000,1,0,1,双平,S,3220.0000,3200.0000,3176.6000,3147.8000,3123.0000,3268.6000,3268.8000,3279.8000,3280.0000,3281.2000,1,1,1,1,4,3,1,1,1,3
SF,IH2103,2020-08-03 09:30:35.800,3261.8000,2030,0,17582700.000,0,-,-,-,-,3253.0000,3250.0000,3227.6000,3220.6000,3220.4000,3267.4000,3268.6000,3268.8000,3279.8000,3280.0000,1,1,18,5,2,1,3,1,1,1
SF,IH2103,2020-08-03 09:30:36.300,3261.8000,2030,0,17582700.000,0,-,-,-,-,3253.4000,3253.2000,3250.0000,3227.6000,3220.6000,3267.2000,3268.4000,3268.8000,3279.8000,3280.0000,1,2,1,18,5,2,1,1,1,1
SF,IH2103,2020-08-03 09:30:36.800,3261.8000,2030,0,17582700.000,0,-,-,-,-,3253.6000,3253.4000,3253.2000,3250.0000,3230.4000,3267.2000,3268.8000,3279.8000,3280.0000,3281.2000,2,1,1,1,4,2,1,1,1,3
SF,IH2103,2020-08-03 09:30:37.300,3261.8000,2030,0,17582700.000,0,-,-,-,-,3253.6000,3253.4000,3253.2000,3230.4000,3227.6000,3267.2000,3268.8000,3279.8000,3280.0000,3281.2000,2,1,1,4,18,2,1,1,1,3
SF,IH2103,2020-08-03 09:30:37.800,3261.8000,2030,0,17582700.000,0,-,-,-,-,3254.0000,3253.6000,3253.2000,3230.4000,3227.6000,3267.2000,3268.8000,3279.8000,3280.0000,3281.2000,1,2,1,4,18,2,1,1,1,3
SF,IH2103,2020-08-03 09:30:38.300,3261.8000,2030,0,17582700.000,0,-,-,-,-,3254.2000,3254.0000,3253.6000,3253.2000,3230.4000,3267.2000,3268.8000,3279.8000,3280.0000,3281.2000,1,1,1,1,4,2,1,1,1,3
SF,IH2103,2020-08-03 09:30:38.800,3261.8000,2030,0,17582700.000,0,-,-,-,-,3254.6000,3254.4000,3254.2000,3253.6000,3253.2000,3266.4000,3267.0000,3267.2000,3268.8000,3279.8000,1,1,1,1,1,1,1,2,1,1
SF,IH2103,2020-08-03 09:30:39.300,3261.8000,2030,0,17582700.000,0,-,-,-,-,3254.8000,3254.6000,3254.4000,3253.6000,3253.2000,3266.2000,3266.4000,3267.0000,3268.8000,3279.8000,1,1,1,1,1,2,1,1,1,1
SF,IH2103,2020-08-03 09:30:39.800,3261.8000,2030,0,17582700.000,0,-,-,-,-,3255.2000,3254.8000,3254.4000,3253.6000,3253.2000,3266.2000,3266.4000,3268.8000,3279.8000,3280.0000,1,1,1,1,1,2,1,1,1,1
SF,IH2103,2020-08-03 09:30:40.300,3261.8000,2030,0,17582700.000,0,-,-,-,-,3255.4000,3255.2000,3254.4000,3253.6000,3230.4000,3265.0000,3266.2000,3268.8000,3279.8000,3280.0000,2,1,1,1,4,1,2,1,1,1
SF,IH2103,2020-08-03 09:30:40.800,3261.8000,2030,0,17582700.000,0,-,-,-,-,3255.8000,3255.4000,3254.4000,3253.6000,3230.4000,3264.8000,3265.2000,3268.8000,3279.8000,3280.0000,1,2,1,1,4,2,1,1,1,1
SF,IH2103,2020-08-03 09:30:41.300,3261.8000,2030,0,17582700.000,0,-,-,-,-,3256.0000,3255.8000,3255.4000,3254.4000,3230.4000,3264.8000,3267.4000,3268.8000,3279.8000,3280.0000,2,1,1,1,4,2,1,1,1,1
SF,IH2103,2020-08-03 09:30:41.800,3261.8000,2030,0,17582700.000,0,-,-,-,-,3256.4000,3256.0000,3255.4000,3254.4000,3230.4000,3264.8000,3268.8000,3277.8000,3279.8000,3280.0000,1,2,1,1,4,2,1,3,1,1
SF,IH2103,2020-08-03 09:30:42.300,3261.8000,2030,0,17582700.000,0,-,-,-,-,3256.6000,3256.4000,3256.0000,3255.4000,3254.4000,3264.8000,3268.8000,3277.8000,3279.8000,3280.0000,1,1,1,1,1,2,1,3,1,1
SF,IH2103,2020-08-03 09:30:42.800,3261.8000,2030,0,17582700.000,0,-,-,-,-,3257.0000,3256.6000,3256.0000,3255.4000,3254.4000,3264.8000,3268.8000,3277.8000,3279.8000,3280.0000,1,1,1,1,1,2,1,3,1,1
SF,IH2103,2020-08-03 09:30:43.300,3261.8000,2030,0,17582700.000,0,-,-,-,-,3257.2000,3257.0000,3256.0000,3255.4000,3254.4000,3264.8000,3268.8000,3277.8000,3279.8000,3280.0000,1,1,1,1,1,1,1,3,1,1
SF,IH2103,2020-08-03 09:30:43.800,3261.8000,2030,0,17582700.000,0,-,-,-,-,3257.6000,3257.2000,3256.0000,3255.4000,3254.4000,3264.6000,3264.8000,3268.8000,3277.8000,3279.8000,1,1,1,1,1,1,1,1,3,1
SF,IH2103,2020-08-03 09:30:44.300,3261.8000,2030,0,17582700.000,0,-,-,-,-,3257.8000,3257.6000,3256.0000,3254.4000,3230.4000,3264.4000,3264.6000,3268.8000,3277.8000,3279.8000,2,1,1,1,4,1,1,1,3,1
SF,IH2103,2020-08-03 09:30:44.800,3261.8000,2030,0,17582700.000,0,-,-,-,-,3257.8000,3257.6000,3257.0000,3256.0000,3254.4000,3264.2000,3264.4000,3268.8000,3277.8000,3279.8000,2,1,1,1,1,1,1,1,3,1
SF,IH2103,2020-08-03 09:30:45.300,3261.8000,2030,0,17582700.000,0,-,-,-,-,3258.0000,3257.8000,3257.0000,3256.0000,3254.4000,3264.0000,3264.2000,3268.8000,3277.8000,3279.8000,1,2,1,1,1,1,1,1,3,1
SF,IH2103,2020-08-03 09:30:45.800,3261.8000,2030,0,17582700.000,0,-,-,-,-,3258.2000,3258.0000,3257.8000,3257.0000,3254.4000,3264.0000,3268.8000,3277.8000,3279.8000,3280.0000,2,1,1,1,1,1,1,3,1,1
SF,IH2103,2020-08-03 09:30:46.300,3261.8000,2030,0,17582700.000,0,-,-,-,-,3258.4000,3258.2000,3257.8000,3257.0000,3254.4000,3264.0000,3268.8000,3270.0000,3277.8000,3279.8000,1,2,1,1,1,1,1,1,3,1
SF,IH2103,2020-08-03 09:30:46.800,3261.8000,2030,0,17582700.000,0,-,-,-,-,3258.6000,3258.4000,3258.2000,3257.8000,3257.0000,3263.8000,3264.0000,3268.8000,3270.0000,3277.8000,1,1,1,1,1,1,1,1,1,3
SF,IH2103,2020-08-03 09:30:47.300,3261.8000,2030,0,17582700.000,0,-,-,-,-,3258.6000,3258.4000,3258.2000,3257.8000,3257.0000,3263.8000,3264.0000,3268.8000,3270.0000,3277.8000,1,1,1,1,1,1,1,1,1,3
SF,IH2103,2020-08-03 09:30:47.800,3261.8000,2030,0,17582700.000,0,-,-,-,-,3258.6000,3258.4000,3258.2000,3257.8000,3257.0000,3263.8000,3264.0000,3268.8000,3270.0000,3277.8000,1,1,1,1,1,1,1,1,1,3
SF,IH2103,2020-08-03 09:30:49.300,3261.8000,2030,0,17582700.000,0,-,-,-,-,3258.6000,3258.2000,3257.8000,3257.0000,3254.4000,3263.8000,3264.0000,3268.8000,3270.0000,3277.8000,1,1,1,1,1,1,1,1,1,3
SF,IH2103,2020-08-03 09:30:51.800,3261.8000,2030,0,17582700.000,0,-,-,-,-,3258.6000,3257.0000,3254.4000,3230.4000,3227.6000,3263.8000,3264.0000,3268.8000,3270.0000,3277.8000,1,1,1,4,18,1,1,1,1,3
SF,IH2103,2020-08-03 09:30:52.300,3261.8000,2030,0,17582700.000,0,-,-,-,-,3257.0000,3254.4000,3230.4000,3227.6000,3220.6000,3263.8000,3264.0000,3268.8000,3270.0000,3277.8000,1,1,4,18,5,1,1,1,1,3
SF,IH2103,2020-08-03 09:30:52.800,3261.8000,2030,0,17582700.000,0,-,-,-,-,3257.2000,3257.0000,3254.4000,3230.4000,3227.6000,3263.6000,3263.8000,3268.8000,3270.0000,3277.8000,1,1,1,4,18,1,1,1,1,3
SF,IH2103,2020-08-03 09:30:53.300,3261.8000,2030,0,17582700.000,0,-,-,-,-,3257.0000,3254.4000,3230.4000,3227.6000,3220.6000,3263.4000,3263.6000,3268.8000,3270.0000,3277.8000,1,1,4,18,5,1,1,1,1,3
SF,IH2103,2020-08-03 09:30:53.800,3261.8000,2030,0,17582700.000,0,-,-,-,-,3257.2000,3257.0000,3254.4000,3230.4000,3227.6000,3263.2000,3263.4000,3268.8000,3270.0000,3277.8000,1,1,1,4,18,1,1,1,1,3
SF,IH2103,2020-08-03 09:30:54.300,3261.8000,2030,0,17582700.000,0,-,-,-,-,3257.2000,3257.0000,3254.4000,3230.4000,3227.6000,3263.0000,3263.2000,3268.8000,3270.0000,3277.8000,1,1,1,4,18,1,1,1,1,3
SF,IH2103,2020-08-03 09:30:54.800,3261.8000,2030,0,17582700.000,0,-,-,-,-,3257.4000,3257.2000,3257.0000,3254.4000,3230.4000,3262.8000,3263.0000,3268.8000,3270.0000,3277.8000,2,1,1,1,4,1,1,1,1,3
SF,IH2103,2020-08-03 09:30:55.300,3261.8000,2030,0,17582700.000,0,-,-,-,-,3257.0000,3254.4000,3230.4000,3227.6000,3220.6000,3257.2000,3262.6000,3262.8000,3268.8000,3270.0000,1,1,4,18,5,2,1,1,1,1
SF,IH2103,2020-08-03 09:30:55.800,3257.0000,2028,-2,20514120.000,3,0,3,多平,S,3258.0000,3254.4000,3230.4000,3227.6000,3220.6000,3262.8000,3268.8000,3270.0000,3277.8000,3279.8000,2,1,4,18,5,1,1,1,3,1
SF,IH2103,2020-08-03 09:30:56.300,3257.0000,2028,0,20514120.000,0,-,-,-,-,3258.0000,3254.4000,3230.4000,3227.6000,3220.6000,3262.6000,3268.8000,3270.0000,3277.8000,3279.8000,2,1,4,18,5,1,1,1,3,1
SF,IH2103,2020-08-03 09:30:56.800,3257.0000,2028,0,20514120.000,0,-,-,-,-,3258.0000,3254.4000,3230.4000,3227.6000,3220.6000,3262.6000,3268.8000,3270.0000,3277.8000,3279.8000,2,1,4,18,5,1,1,1,3,1
SF,IH2103,2020-08-03 09:30:57.300,3257.0000,2028,0,20514120.000,0,-,-,-,-,3258.0000,3254.4000,3230.4000,3227.6000,3220.6000,3262.6000,3268.8000,3270.0000,3277.8000,3279.8000,2,1,4,18,5,1,1,1,3,1
SF,IH2103,2020-08-03 09:30:57.800,3257.0000,2028,0,20514120.000,0,-,-,-,-,3258.0000,3254.4000,3230.4000,3227.6000,3220.6000,3262.6000,3268.8000,3270.0000,3277.8000,3279.8000,2,1,4,18,3,1,1,1,3,1
SF,IH2103,2020-08-03 09:30:58.300,3257.0000,2028,0,20514120.000,0,-,-,-,-,3258.0000,3254.4000,3230.4000,3227.6000,3220.6000,3262.6000,3268.8000,3270.0000,3277.8000,3279.8000,2,1,4,18,3,1,1,1,3,1
SF,IH2103,2020-08-03 09:30:58.800,3257.0000,2028,0,20514120.000,0,-,-,-,-,3258.2000,3258.0000,3254.4000,3230.4000,3227.6000,3262.6000,3268.8000,3270.0000,3277.8000,3279.8000,1,2,1,4,18,1,1,1,3,1
SF,IH2103,2020-08-03 09:30:59.300,3257.0000,2028,0,20514120.000,0,-,-,-,-,3258.0000,3254.4000,3235.4000,3230.4000,3227.6000,3262.6000,3268.8000,3270.0000,3277.8000,3279.8000,2,1,1,4,18,1,1,1,3,1
SF,IH2103,2020-08-03 09:30:59.800,3257.0000,2028,0,20514120.000,0,-,-,-,-,3258.0000,3254.4000,3235.4000,3230.4000,3227.6000,3262.6000,3268.8000,3270.0000,3277.8000,3279.8000,2,1,1,4,18,1,1,1,3,1
SF,IH2103,2020-08-03 09:31:00.300,3257.0000,2028,0,20514120.000,0,-,-,-,-,3258.0000,3254.4000,3235.4000,3230.4000,3227.6000,3262.6000,3268.8000,3270.0000,3277.8000,3279.8000,2,1,1,4,18,1,1,1,3,1
SF,IH2103,2020-08-03 09:31:00.800,3257.0000,2028,0,20514120.000,0,-,-,-,-,3258.0000,3254.4000,3235.4000,3230.4000,3227.6000,3262.6000,3268.8000,3270.0000,3277.8000,3279.8000,2,1,1,4,18,1,1,1,3,1
SF,IH2103,2020-08-03 09:31:01.300,3257.0000,2028,0,20514120.000,0,-,-,-,-,3258.2000,3258.0000,3254.4000,3235.4000,3230.4000,3262.6000,3268.8000,3270.0000,3277.8000,3279.8000,1,2,1,1,4,1,1,1,3,1
SF,IH2103,2020-08-03 09:31:01.800,3257.0000,2028,0,20514120.000,0,-,-,-,-,3258.0000,3254.4000,3235.4000,3230.4000,3227.6000,3262.0000,3262.6000,3268.8000,3270.0000,3277.8000,2,1,1,4,18,1,1,1,1,3
SF,IH2103,2020-08-03 09:31:02.300,3257.0000,2028,0,20514120.000,0,-,-,-,-,3258.0000,3254.4000,3235.4000,3230.4000,3227.6000,3261.8000,3262.0000,3268.8000,3270.0000,3277.8000,2,1,1,4,18,1,1,1,1,3
SF,IH2103,2020-08-03 09:31:02.800,3257.0000,2028,0,20514120.000,0,-,-,-,-,3258.0000,3254.4000,3235.4000,3230.4000,3227.6000,3261.8000,3262.0000,3268.8000,3270.0000,3277.8000,2,1,1,4,18,1,1,1,1,3
SF,IH2103,2020-08-03 09:31:03.300,3257.0000,2028,0,20514120.000,0,-,-,-,-,3258.0000,3254.4000,3235.4000,3230.4000,3227.6000,3261.4000,3261.8000,3268.8000,3270.0000,3277.8000,2,1,1,4,18,1,1,1,1,3
SF,IH2103,2020-08-03 09:31:03.800,3258.0000,2026,-2,22468920.000,2,0,2,双平,S,3254.4000,3235.4000,3230.4000,3227.6000,3220.6000,3261.2000,3261.4000,3268.8000,3270.0000,3277.8000,1,1,4,18,3,1,1,1,1,3
SF,IH2103,2020-08-03 09:31:04.300,3258.0000,2026,0,22468920.000,0,-,-,-,-,3254.6000,3235.4000,3230.4000,3227.6000,3220.6000,3261.0000,3261.4000,3268.8000,3270.0000,3277.8000,3,1,4,18,3,1,1,1,1,3
SF,IH2103,2020-08-03 09:31:05.300,3258.0000,2026,0,22468920.000,0,-,-,-,-,3254.6000,3235.4000,3230.4000,3227.6000,3220.6000,3260.6000,3261.0000,3268.8000,3270.0000,3277.8000,3,1,4,18,3,1,1,1,1,3
SF,IH2103,2020-08-03 09:31:05.800,3258.0000,2026,0,22468920.000,0,-,-,-,-,3254.6000,3235.4000,3230.4000,3227.6000,3220.6000,3260.4000,3260.6000,3268.8000,3270.0000,3277.8000,3,1,4,18,3,1,1,1,1,3
SF,IH2103,2020-08-03 09:31:06.300,3258.0000,2026,0,22468920.000,0,-,-,-,-,3255.0000,3254.6000,3235.4000,3230.4000,3227.6000,3260.4000,3260.6000,3268.8000,3270.0000,3277.8000,1,3,1,4,18,1,1,1,1,3
SF,IH2103,2020-08-03 09:31:06.800,3260.4000,2025,-1,23447040.000,1,0,1,双平,S,3255.2000,3255.0000,3254.6000,3235.4000,3230.4000,3260.6000,3268.8000,3270.0000,3277.8000,3279.8000,2,1,2,1,4,1,1,1,3,1
SF,IH2103,2020-08-03 09:31:07.300,3255.4000,2023,-2,26378520.000,3,0,3,多平,S,3255.4000,3255.2000,3254.6000,3235.4000,3230.4000,3268.8000,3270.0000,3277.8000,3279.8000,3285.4000,1,2,2,1,4,1,1,3,1,1
SF,IH2103,2020-08-03 09:31:07.800,3255.4000,2023,0,26378520.000,0,-,-,-,-,3255.6000,3255.4000,3255.2000,3254.6000,3235.4000,3268.4000,3268.6000,3268.8000,3270.0000,3277.8000,2,1,2,2,1,1,2,1,1,3
SF,IH2103,2020-08-03 09:31:08.300,3255.4000,2023,0,26378520.000,0,-,-,-,-,3255.8000,3255.6000,3255.2000,3254.6000,3235.4000,3268.2000,3268.4000,3268.6000,3268.8000,3270.0000,1,2,2,2,1,1,1,1,1,1
SF,IH2103,2020-08-03 09:31:08.800,3255.4000,2023,0,26378520.000,0,-,-,-,-,3256.2000,3256.0000,3255.8000,3255.2000,3254.6000,3267.8000,3268.2000,3268.6000,3268.8000,3270.0000,1,1,1,2,2,2,1,1,1,1
SF,IH2103,2020-08-03 09:31:09.300,3255.4000,2023,0,26378520.000,0,-,-,-,-,3256.4000,3256.2000,3255.2000,3254.6000,3235.4000,3267.6000,3267.8000,3268.8000,3270.0000,3274.8000,2,1,2,1,1,1,2,1,1,1
SF,IH2103,2020-08-03 09:31:09.800,3255.4000,2023,0,26378520.000,0,-,-,-,-,3256.8000,3256.4000,3255.2000,3254.6000,3235.4000,3266.8000,3267.2000,3267.6000,3267.8000,3268.8000,1,2,2,1,1,1,1,1,1,1
SF,IH2103,2020-08-03 09:31:10.300,3255.4000,2023,0,26378520.000,0,-,-,-,-,3257.0000,3256.8000,3255.2000,3235.4000,3230.4000,3266.4000,3266.6000,3266.8000,3267.8000,3268.8000,3,1,2,1,4,1,1,1,1,1
SF,IH2103,2020-08-03 09:31:10.800,3255.4000,2023,0,26378520.000,0,-,-,-,-,3257.2000,3257.0000,3256.8000,3255.2000,3235.4000,3266.2000,3266.4000,3268.8000,3270.0000,3274.8000,1,3,1,1,1,2,1,1,1,1
SF,IH2103,2020-08-03 09:31:11.300,3255.4000,2023,0,26378520.000,0,-,-,-,-,3257.4000,3257.0000,3256.8000,3235.4000,3230.4000,3265.8000,3266.0000,3266.2000,3268.8000,3270.0000,2,1,1,1,4,1,1,2,1,1
SF,IH2103,2020-08-03 09:31:11.800,3255.4000,2023,0,26378520.000,0,-,-,-,-,3257.4000,3257.0000,3235.4000,3230.4000,3227.6000,3265.6000,3265.8000,3266.2000,3268.8000,3270.0000,1,1,1,4,18,2,1,1,1,1
SF,IH2103,2020-08-03 09:31:12.300,3255.4000,2023,0,26378520.000,0,-,-,-,-,3257.4000,3257.0000,3235.4000,3230.4000,3227.6000,3265.2000,3265.6000,3266.2000,3268.8000,3270.0000,1,1,1,4,18,1,2,1,1,1
SF,IH2103,2020-08-03 09:31:12.800,3255.4000,2023,0,26378520.000,0,-,-,-,-,3257.6000,3257.4000,3257.0000,3235.4000,3230.4000,3265.0000,3265.2000,3268.8000,3270.0000,3271.8000,1,1,1,1,4,1,1,1,1,1
SF,IH2103,2020-08-03 09:31:13.300,3255.4000,2023,0,26378520.000,0,-,-,-,-,3257.8000,3257.6000,3257.4000,3257.0000,3235.4000,3264.6000,3265.0000,3268.8000,3270.0000,3271.8000,1,1,1,1,1,1,1,1,1,1
SF,IH2103,2020-08-03 09:31:13.800,3255.4000,2023,0,26378520.000,0,-,-,-,-,3258.0000,3257.8000,3257.4000,3257.0000,3235.4000,3264.4000,3264.6000,3268.8000,3270.0000,3271.8000,1,1,1,1,1,1,1,1,1,1
SF,IH2103,2020-08-03 09:31:14.300,3255.4000,2023,0,26378520.000,0,-,-,-,-,3258.2000,3258.0000,3257.4000,3257.0000,3235.4000,3264.0000,3264.4000,3268.8000,3270.0000,3271.8000,1,1,1,1,1,1,1,1,1,1
SF,IH2103,2020-08-03 09:31:14.800,3255.4000,2023,0,26378520.000,0,-,-,-,-,3258.4000,3257.4000,3257.0000,3252.8000,3235.4000,3263.8000,3264.0000,3268.8000,3270.0000,3271.8000,1,1,1,1,1,1,1,1,1,1
SF,IH2103,2020-08-03 09:31:15.300,3258.2000,2022,-1,27355980.000,1,0,1,双平,S,3257.4000,3257.0000,3252.8000,3235.4000,3230.4000,3263.4000,3263.8000,3268.8000,3270.0000,3271.8000,1,1,1,1,4,1,1,1,1,1
SF,IH2103,2020-08-03 09:31:15.800,3258.2000,2022,0,27355980.000,0,-,-,-,-,3257.6000,3257.4000,3257.0000,3252.8000,3235.4000,3263.2000,3263.4000,3268.8000,3270.0000,3271.8000,1,1,1,1,1,2,1,1,1,1
SF,IH2103,2020-08-03 09:31:16.300,3258.2000,2022,0,27355980.000,0,-,-,-,-,3257.6000,3257.4000,3257.0000,3252.8000,3235.4000,3262.8000,3263.2000,3268.8000,3270.0000,3271.8000,1,1,1,1,1,1,2,1,1,1
SF,IH2103,2020-08-03 09:31:16.800,3258.2000,2022,0,27355980.000,0,-,-,-,-,3257.4000,3257.0000,3252.8000,3235.4000,3230.4000,3262.6000,3262.8000,3263.2000,3268.8000,3270.0000,1,1,1,1,4,1,1,1,1,1
SF,IH2103,2020-08-03 09:31:17.300,3258.2000,2022,0,27355980.000,0,-,-,-,-,3252.8000,3235.4000,3230.4000,3227.6000,3220.6000,3262.2000,3262.6000,3263.2000,3268.8000,3270.0000,1,1,4,18,3,1,1,1,1,1
SF,IH2103,2020-08-03 09:31:17.800,3258.2000,2022,0,27355980.000,0,-,-,-,-,3253.2000,3253.0000,3252.8000,3235.4000,3230.4000,3262.0000,3262.2000,3268.8000,3270.0000,3271.8000,1,4,1,1,4,1,1,1,1,1
SF,IH2103,2020-08-03 09:31:18.300,3258.2000,2022,0,27355980.000,0,-,-,-,-,3253.4000,3253.2000,3253.0000,3252.8000,3235.4000,3261.6000,3261.8000,3262.0000,3268.8000,3270.0000,1,1,3,1,1,1,1,1,1,1
SF,IH2103,2020-08-03 09:31:18.800,3258.2000,2022,0,27355980.000,0,-,-,-,-,3253.6000,3253.4000,3253.0000,3252.8000,3235.4000,3261.4000,3261.6000,3268.8000,3270.0000,3271.8000,2,1,3,1,1,2,1,1,1,1
SF,IH2103,2020-08-03 09:31:19.300,3258.2000,2022,0,27355980.000,0,-,-,-,-,3253.8000,3253.6000,3253.0000,3252.8000,3235.4000,3261.0000,3261.4000,3268.8000,3270.0000,3271.8000,1,2,3,1,1,1,1,1,1,1
SF,IH2103,2020-08-03 09:31:19.800,3260.8000,2022,0,28334220.000,1,0,1,多换,S,3254.0000,3253.8000,3253.6000,3253.0000,3252.8000,3261.0000,3268.8000,3270.0000,3271.8000,3274.8000,1,1,1,3,1,1,1,1,1,1
SF,IH2103,2020-08-03 09:31:20.300,3260.8000,2022,0,28334220.000,0,-,-,-,-,3254.2000,3254.0000,3253.6000,3253.0000,3252.8000,3260.8000,3268.8000,3270.0000,3271.8000,3274.8000,1,1,1,3,1,1,1,1,1,1
SF,IH2103,2020-08-03 09:31:20.800,3260.8000,2022,0,28334220.000,0,-,-,-,-,3254.6000,3254.2000,3253.6000,3253.0000,3252.8000,3260.8000,3268.8000,3270.0000,3271.8000,3274.8000,1,1,1,3,1,1,1,1,1,1
SF,IH2103,2020-08-03 09:31:21.300,3260.8000,2022,0,28334220.000,0,-,-,-,-,3254.8000,3254.6000,3253.6000,3253.0000,3235.4000,3260.8000,3268.8000,3270.0000,3271.8000,3274.8000,1,1,1,3,1,1,1,1,1,1
SF,IH2103,2020-08-03 09:31:21.800,3260.8000,2022,0,28334220.000,0,-,-,-,-,3255.2000,3255.0000,3254.8000,3253.6000,3253.0000,3260.6000,3260.8000,3268.8000,3270.0000,3271.8000,1,1,1,1,3,1,1,1,1,1
SF,IH2103,2020-08-03 09:31:22.300,3260.8000,2022,0,28334220.000,0,-,-,-,-,3255.4000,3255.2000,3255.0000,3253.6000,3253.0000,3260.6000,3260.8000,3268.8000,3270.0000,3271.8000,2,1,1,1,1,1,1,1,1,1
SF,IH2103,2020-08-03 09:31:22.800,3260.8000,2022,0,28334220.000,0,-,-,-,-,3255.6000,3255.4000,3253.6000,3253.0000,3235.4000,3260.8000,3268.8000,3270.0000,3271.8000,3274.8000,1,2,1,1,1,1,1,1,1,1
SF,IH2103,2020-08-03 09:31:23.300,3260.8000,2022,0,28334220.000,0,-,-,-,-,3255.8000,3255.6000,3255.4000,3253.6000,3253.0000,3268.8000,3270.0000,3271.8000,3274.8000,3277.8000,2,1,1,1,1,1,1,1,1,3
SF,IH2103,2020-08-03 09:31:23.800,3260.8000,2022,0,28334220.000,0,-,-,-,-,3256.2000,3256.0000,3255.8000,3255.4000,3235.4000,3268.4000,3268.6000,3268.8000,3270.0000,3271.8000,1,1,1,1,1,1,2,1,1,1
SF,IH2103,2020-08-03 09:31:24.300,3260.8000,2022,0,28334220.000,0,-,-,-,-,3256.4000,3256.2000,3255.8000,3255.4000,3235.4000,3268.2000,3268.4000,3268.6000,3268.8000,3270.0000,1,1,1,1,1,2,1,1,1,1
SF,IH2103,2020-08-03 09:31:24.800,3260.8000,2022,0,28334220.000,0,-,-,-,-,3256.4000,3256.2000,3255.8000,3255.4000,3235.4000,3267.8000,3268.0000,3268.2000,3268.6000,3268.8000,1,1,1,1,1,1,1,2,1,1
SF,IH2103,2020-08-03 09:31:25.300,3260.8000,2022,0,28334220.000,0,-,-,-,-,3256.4000,3256.2000,3255.8000,3255.4000,3235.4000,3267.6000,3267.8000,3268.0000,3268.2000,3268.6000,1,1,1,1,1,2,1,1,1,1
SF,IH2103,2020-08-03 09:31:25.800,3260.8000,2022,0,28334220.000,0,-,-,-,-,3256.4000,3256.2000,3255.8000,3255.4000,3235.4000,3266.0000,3266.6000,3267.2000,3267.6000,3268.2000,1,1,1,1,1,1,1,1,2,1
SF,IH2103,2020-08-03 09:31:26.300,3260.8000,2022,0,28334220.000,0,-,-,-,-,3256.4000,3255.8000,3255.4000,3235.4000,3230.4000,3265.6000,3265.8000,3266.0000,3266.6000,3267.6000,1,1,1,1,4,1,1,1,1,1
SF,IH2103,2020-08-03 09:31:26.800,3260.8000,2022,0,28334220.000,0,-,-,-,-,3256.4000,3255.8000,3255.4000,3235.4000,3230.4000,3265.4000,3265.6000,3266.0000,3266.6000,3267.6000,1,1,1,1,4,1,1,1,1,1
SF,IH2103,2020-08-03 09:31:27.300,3260.8000,2022,0,28334220.000,0,-,-,-,-,3256.4000,3255.8000,3255.4000,3235.4000,3230.4000,3265.0000,3265.4000,3266.0000,3267.6000,3268.2000,1,1,1,1,4,1,1,1,1,1
SF,IH2103,2020-08-03 09:31:27.800,3260.8000,2022,0,28334220.000,0,-,-,-,-,3256.4000,3255.8000,3255.4000,3235.4000,3230.4000,3264.6000,3264.8000,3265.0000,3266.0000,3267.6000,1,1,1,1,4,1,1,1,1,1
SF,IH2103,2020-08-03 09:31:28.300,3260.8000,2022,0,28334220.000,0,-,-,-,-,3256.4000,3255.8000,3255.4000,3235.4000,3230.4000,3264.2000,3264.4000,3264.6000,3266.0000,3267.6000,1,1,1,1,4,1,1,1,1,1
SF,IH2103,2020-08-03 09:31:28.800,3260.8000,2022,0,28334220.000,0,-,-,-,-,3255.8000,3255.4000,3235.4000,3230.4000,3227.6000,3263.6000,3264.0000,3264.2000,3266.0000,3267.6000,1,1,1,4,18,1,2,1,1,1
SF,IH2103,2020-08-03 09:31:29.300,3260.8000,2022,0,28334220.000,0,-,-,-,-,3255.8000,3255.4000,3235.4000,3230.4000,3227.6000,3263.2000,3263.4000,3263.6000,3267.6000,3268.2000,1,1,1,4,18,1,2,1,1,1
SF,IH2103,2020-08-03 09:31:29.800,3260.8000,2022,0,28334220.000,0,-,-,-,-,3255.4000,3235.4000,3230.4000,3227.6000,3220.6000,3262.6000,3263.0000,3263.2000,3267.6000,3268.2000,1,1,4,18,3,1,2,1,1,1
SF,IH2103,2020-08-03 09:31:30.300,3260.8000,2022,0,28334220.000,0,-,-,-,-,3255.6000,3255.4000,3235.4000,3230.4000,3227.6000,3262.2000,3262.4000,3262.6000,3267.6000,3268.2000,2,1,1,4,18,1,2,1,1,1
SF,IH2103,2020-08-03 09:31:30.800,3260.8000,2022,0,28334220.000,0,-,-,-,-,3255.4000,3235.4000,3230.4000,3227.6000,3220.6000,3262.0000,3262.2000,3262.6000,3267.6000,3268.2000,1,1,4,18,3,2,1,1,1,1
SF,IH2103,2020-08-03 09:31:31.300,3260.8000,2022,0,28334220.000,0,-,-,-,-,3255.4000,3235.4000,3230.4000,3227.6000,3220.6000,3261.6000,3262.0000,3267.6000,3268.0000,3268.2000,1,1,4,18,3,1,2,1,1,1
SF,IH2103,2020-08-03 09:31:31.800,3255.4000,2021,-1,29310840.000,1,0,1,双平,S,3235.4000,3230.4000,3227.6000,3220.6000,3220.2000,3261.4000,3261.6000,3267.6000,3268.2000,3268.8000,1,4,18,3,1,1,1,1,4,1
SF,IH2103,2020-08-03 09:31:32.300,3255.4000,2021,0,29310840.000,0,-,-,-,-,3248.4000,3244.4000,3235.8000,3235.6000,3235.4000,3261.0000,3261.2000,3261.4000,3267.6000,3268.2000,1,1,1,5,1,1,1,1,1,3
SF,IH2103,2020-08-03 09:31:32.800,3255.4000,2021,0,29310840.000,0,-,-,-,-,3248.8000,3248.6000,3244.4000,3235.4000,3227.6000,3260.8000,3261.0000,3267.6000,3268.2000,3268.8000,1,2,1,1,18,2,1,1,3,1
SF,IH2103,2020-08-03 09:31:33.300,3255.4000,2021,0,29310840.000,0,-,-,-,-,3249.0000,3248.8000,3248.6000,3235.4000,3227.6000,3260.2000,3260.4000,3260.8000,3267.6000,3268.2000,1,1,1,1,18,1,1,2,1,3
SF,IH2103,2020-08-03 09:31:33.800,3255.4000,2021,0,29310840.000,0,-,-,-,-,3249.2000,3249.0000,3248.8000,3248.6000,3235.4000,3259.8000,3260.0000,3260.2000,3268.2000,3268.8000,1,1,1,1,1,1,2,1,3,1
SF,IH2103,2020-08-03 09:31:34.300,3255.4000,2021,0,29310840.000,0,-,-,-,-,3249.8000,3249.4000,3249.2000,3248.6000,3235.4000,3259.6000,3259.8000,3268.2000,3268.8000,3270.0000,1,3,1,1,1,1,1,3,1,1
SF,IH2103,2020-08-03 09:31:34.800,3255.4000,2021,0,29310840.000,0,-,-,-,-,3250.6000,3250.0000,3249.8000,3249.4000,3248.6000,3259.2000,3259.6000,3268.2000,3268.8000,3270.0000,1,2,1,1,1,1,1,3,1,1
SF,IH2103,2020-08-03 09:31:35.300,3255.4000,2021,0,29310840.000,0,-,-,-,-,3250.8000,3250.6000,3249.8000,3249.4000,3235.4000,3259.0000,3259.2000,3268.2000,3268.8000,3270.0000,3,1,1,1,1,1,1,3,1,1
SF,IH2103,2020-08-03 09:31:35.800,3255.4000,2021,0,29310840.000,0,-,-,-,-,3250.8000,3250.6000,3249.4000,3235.4000,3220.2000,3258.6000,3259.0000,3261.2000,3268.2000,3268.8000,3,1,1,1,1,1,1,1,3,1
SF,IH2103,2020-08-03 09:31:36.300,3255.4000,2021,0,29310840.000,0,-,-,-,-,3251.2000,3250.8000,3250.6000,3249.4000,3235.4000,3258.4000,3258.6000,3261.2000,3268.2000,3268.8000,1,3,1,1,1,2,1,1,3,1
SF,IH2103,2020-08-03 09:31:36.800,3255.4000,2021,0,29310840.000,0,-,-,-,-,3251.4000,3251.2000,3250.8000,3249.4000,3235.4000,3258.0000,3258.4000,3261.2000,3268.2000,3268.8000,2,1,1,1,1,1,2,1,3,1
SF,IH2103,2020-08-03 09:31:37.300,3255.4000,2021,0,29310840.000,0,-,-,-,-,3251.4000,3250.8000,3249.4000,3235.4000,3220.2000,3257.8000,3258.0000,3261.2000,3268.2000,3268.8000,2,1,1,1,1,1,1,1,3,1
SF,IH2103,2020-08-03 09:31:37.800,3255.4000,2021,0,29310840.000,0,-,-,-,-,3251.8000,3251.4000,3250.8000,3249.4000,3235.4000,3257.4000,3257.8000,3261.2000,3268.2000,3268.8000,1,2,1,1,1,1,1,1,3,1
SF,IH2103,2020-08-03 09:31:38.300,3255.4000,2021,0,29310840.000,0,-,-,-,-,3252.0000,3251.8000,3251.4000,3250.8000,3249.4000,3257.2000,3257.4000,3261.2000,3268.2000,3268.8000,1,1,1,1,1,1,1,1,3,1
SF,IH2103,2020-08-03 09:31:38.800,3255.4000,2021,0,29310840.000,0,-,-,-,-,3252.0000,3251.4000,3250.8000,3249.4000,3235.4000,3257.0000,3257.2000,3261.2000,3268.2000,3268.8000,1,1,1,1,1,1,1,1,3,1
SF,IH2103,2020-08-03 09:31:39.300,3255.4000,2021,0,29310840.000,0,-,-,-,-,3252.2000,3252.0000,3251.4000,3250.8000,3249.4000,3256.8000,3257.0000,3261.2000,3268.2000,3268.8000,1,1,1,1,1,1,1,1,3,1
SF,IH2103,2020-08-03 09:31:39.800,3255.4000,2021,0,29310840.000,0,-,-,-,-,3252.4000,3252.2000,3251.4000,3250.8000,3249.4000,3256.8000,3257.0000,3261.2000,3268.2000,3268.8000,1,1,1,1,1,1,1,1,3,1
SF,IH2103,2020-08-03 09:31:40.300,3255.4000,2021,0,29310840.000,0,-,-,-,-,3252.4000,3252.2000,3251.4000,3250.8000,3249.4000,3257.0000,3261.2000,3268.2000,3268.8000,3270.0000,1,1,1,1,1,1,1,3,1,1
SF,IH2103,2020-08-03 09:31:40.800,3255.4000,2021,0,29310840.000,0,-,-,-,-,3252.4000,3251.4000,3250.8000,3249.4000,3235.4000,3257.0000,3261.2000,3268.2000,3268.8000,3270.0000,1,1,1,1,1,1,1,3,1,1
SF,IH2103,2020-08-03 09:31:41.300,3255.4000,2021,0,29310840.000,0,-,-,-,-,3252.4000,3251.4000,3250.8000,3249.4000,3235.4000,3261.2000,3268.2000,3268.8000,3270.0000,3274.8000,1,1,1,1,1,1,3,1,1,1
SF,IH2103,2020-08-03 09:31:41.800,3255.4000,2021,0,29310840.000,0,-,-,-,-,3252.6000,3250.8000,3249.4000,3235.4000,3220.2000,3260.6000,3260.8000,3261.0000,3261.2000,3268.2000,1,1,1,1,1,1,1,2,1,3
SF,IH2103,2020-08-03 09:31:42.300,3255.4000,2021,0,29310840.000,0,-,-,-,-,3252.6000,3250.8000,3249.4000,3235.4000,3220.2000,3260.2000,3260.4000,3260.6000,3261.0000,3261.2000,1,1,1,1,1,1,1,1,1,1
SF,IH2103,2020-08-03 09:31:42.800,3255.4000,2021,0,29310840.000,0,-,-,-,-,3252.6000,3250.8000,3249.4000,3235.4000,3220.2000,3260.0000,3260.2000,3261.0000,3261.2000,3268.2000,1,1,1,1,1,1,1,1,1,3
SF,IH2103,2020-08-03 09:31:43.300,3255.4000,2021,0,29310840.000,0,-,-,-,-,3252.6000,3250.8000,3249.4000,3235.4000,3220.2000,3259.6000,3260.0000,3261.0000,3261.2000,3268.2000,1,1,1,1,1,2,1,1,1,3
SF,IH2103,2020-08-03 09:31:43.800,3255.4000,2021,0,29310840.000,0,-,-,-,-,3252.6000,3250.8000,3249.4000,3235.4000,3220.2000,3259.4000,3259.6000,3261.0000,3261.2000,3268.2000,1,1,1,1,1,1,2,1,1,3
SF,IH2103,2020-08-03 09:31:44.300,3255.4000,2021,0,29310840.000,0,-,-,-,-,3252.6000,3250.8000,3249.4000,3235.4000,3220.2000,3259.0000,3259.4000,3261.0000,3261.2000,3268.2000,1,1,1,1,1,1,1,1,1,3
SF,IH2103,2020-08-03 09:31:44.800,3255.4000,2021,0,29310840.000,0,-,-,-,-,3250.8000,3249.4000,3235.4000,3220.2000,3220.0000,3258.6000,3258.8000,3259.0000,3261.0000,3261.2000,1,1,1,1,1,1,6,1,1,1
SF,IH2103,2020-08-03 09:31:45.300,3255.4000,2021,0,29310840.000,0,-,-,-,-,3251.0000,3250.8000,3249.4000,3235.4000,3220.2000,3258.2000,3258.4000,3258.6000,3261.2000,3268.2000,1,1,1,1,1,1,2,1,1,3
SF,IH2103,2020-08-03 09:31:45.800,3255.4000,2021,0,29310840.000,0,-,-,-,-,3251.2000,3251.0000,3250.8000,3249.4000,3235.4000,3258.0000,3258.2000,3261.2000,3268.2000,3268.8000,1,1,1,1,1,2,1,1,3,1
SF,IH2103,2020-08-03 09:31:46.300,3255.4000,2021,0,29310840.000,0,-,-,-,-,3251.2000,3250.8000,3249.4000,3235.4000,3220.2000,3257.6000,3258.0000,3261.2000,3268.2000,3268.8000,1,1,1,1,1,2,2,1,3,1
SF,IH2103,2020-08-03 09:31:46.800,3255.4000,2021,0,29310840.000,0,-,-,-,-,3251.4000,3250.8000,3249.4000,3235.4000,3220.2000,3257.4000,3257.6000,3261.2000,3268.2000,3268.8000,1,1,1,1,1,2,2,1,3,1
SF,IH2103,2020-08-03 09:31:47.300,3255.4000,2021,0,29310840.000,0,-,-,-,-,3250.8000,3249.4000,3235.4000,3220.2000,3220.0000,3257.0000,3257.4000,3261.2000,3268.2000,3268.8000,1,1,1,1,1,1,2,1,3,1
SF,IH2103,2020-08-03 09:31:47.800,3255.4000,2021,0,29310840.000,0,-,-,-,-,3250.8000,3249.4000,3235.4000,3220.2000,3220.0000,3256.6000,3256.8000,3257.0000,3261.2000,3268.2000,1,1,1,1,1,1,2,1,1,3
SF,IH2103,2020-08-03 09:31:48.300,3255.4000,2021,0,29310840.000,0,-,-,-,-,3249.4000,3235.4000,3220.2000,3220.0000,3219.0000,3256.2000,3256.4000,3256.6000,3261.2000,3268.2000,1,1,1,1,8,1,2,1,1,3
SF,IH2103,2020-08-03 09:31:48.800,3255.4000,2021,0,29310840.000,0,-,-,-,-,3249.6000,3235.4000,3220.2000,3220.0000,3219.0000,3256.0000,3256.2000,3261.2000,3268.2000,3268.8000,3,1,1,1,8,2,1,1,3,1
SF,IH2103,2020-08-03 09:31:49.300,3255.4000,2021,0,29310840.000,0,-,-,-,-,3249.6000,3235.4000,3220.2000,3220.0000,3219.0000,3255.6000,3256.0000,3261.2000,3268.2000,3268.8000,3,1,1,1,8,2,2,1,3,1
SF,IH2103,2020-08-03 09:31:49.800,3255.4000,2021,0,29310840.000,0,-,-,-,-,3249.8000,3249.6000,3235.4000,3220.2000,3220.0000,3255.4000,3255.6000,3261.2000,3268.2000,3268.8000,1,2,1,1,1,1,2,1,3,1
SF,IH2103,2020-08-03 09:31:50.300,3255.4000,2021,0,29310840.000,0,-,-,-,-,3249.8000,3249.6000,3235.4000,3220.2000,3220.0000,3255.0000,3255.4000,3261.2000,3268.2000,3268.8000,1,1,1,1,1,1,1,1,3,1
SF,IH2103,2020-08-03 09:31:50.800,3255.4000,2021,0,29310840.000,0,-,-,-,-,3249.6000,3235.4000,3220.2000,3220.0000,3219.0000,3254.6000,3254.8000,3255.0000,3261.2000,3268.2000,1,1,1,1,8,1,1,1,1,3
SF,IH2103,2020-08-03 09:31:51.300,3255.4000,2021,0,29310840.000,0,-,-,-,-,3235.4000,3220.2000,3220.0000,3219.0000,3200.0000,3249.8000,3254.2000,3254.4000,3254.6000,3261.2000,1,1,1,8,1,1,1,1,1,1
SF,IH2103,2020-08-03 09:31:51.800,3249.8000,2019,-2,31260720.000,2,0,2,双平,S,3244.0000,3238.2000,3236.8000,3235.8000,3235.6000,3249.6000,3249.8000,3261.2000,3268.2000,3268.8000,1,1,1,1,3,1,1,1,3,1
SF,IH2103,2020-08-03 09:31:52.300,3249.6000,2018,-1,32235600.000,1,0,1,双平,S,3244.4000,3244.2000,3238.2000,3235.8000,3235.6000,3249.8000,3261.2000,3268.2000,3268.8000,3269.8000,1,1,1,1,1,1,1,3,1,1
SF,IH2103,2020-08-03 09:31:52.800,3249.8000,2017,-1,33210540.000,1,0,1,双平,S,3245.0000,3244.4000,3244.2000,3238.2000,3235.8000,3261.2000,3268.2000,3268.8000,3269.8000,3270.0000,1,1,1,1,1,1,3,1,1,1
SF,IH2103,2020-08-03 09:31:53.300,3249.8000,2017,0,33210540.000,0,-,-,-,-,3245.4000,3245.2000,3245.0000,3244.2000,3235.8000,3261.0000,3261.2000,3268.2000,3268.8000,3269.8000,1,1,1,1,1,3,1,3,1,1
SF,IH2103,2020-08-03 09:31:53.800,3249.8000,2017,0,33210540.000,0,-,-,-,-,3246.4000,3245.6000,3245.4000,3244.2000,3235.8000,3260.0000,3260.2000,3261.0000,3261.2000,3268.2000,1,2,1,1,1,1,1,3,1,3
SF,IH2103,2020-08-03 09:31:54.300,3249.8000,2017,0,33210540.000,0,-,-,-,-,3246.8000,3246.6000,3246.4000,3235.8000,3224.2000,3258.8000,3259.8000,3260.0000,3261.0000,3261.2000,2,2,1,1,1,3,1,1,2,1
SF,IH2103,2020-08-03 09:31:54.800,3249.8000,2017,0,33210540.000,0,-,-,-,-,3247.0000,3246.8000,3246.6000,3246.4000,3235.8000,3258.6000,3258.8000,3261.2000,3268.8000,3269.8000,3,2,1,1,1,2,3,1,1,1
SF,IH2103,2020-08-03 09:31:55.300,3249.8000,2017,0,33210540.000,0,-,-,-,-,3247.2000,3247.0000,3246.6000,3246.4000,3235.8000,3257.8000,3258.6000,3258.8000,3261.2000,3268.8000,1,3,1,1,1,1,2,3,1,1
SF,IH2103,2020-08-03 09:31:55.800,3249.8000,2017,0,33210540.000,0,-,-,-,-,3247.4000,3247.2000,3247.0000,3246.6000,3246.4000,3257.6000,3257.8000,3258.6000,3258.8000,3261.2000,2,1,2,1,1,1,1,1,3,1
SF,IH2103,2020-08-03 09:31:56.300,3249.8000,2017,0,33210540.000,0,-,-,-,-,3247.8000,3247.4000,3247.0000,3246.6000,3235.8000,3257.2000,3257.6000,3258.6000,3261.2000,3268.8000,2,2,1,1,1,3,1,1,1,1
SF,IH2103,2020-08-03 09:31:56.800,3249.8000,2017,0,33210540.000,0,-,-,-,-,3248.0000,3247.8000,3247.0000,3246.6000,3235.8000,3257.0000,3257.2000,3258.6000,3261.2000,3268.8000,1,2,1,1,1,2,3,1,1,1
SF,IH2103,2020-08-03 09:31:57.300,3249.8000,2017,0,33210540.000,0,-,-,-,-,3248.0000,3247.8000,3246.6000,3235.8000,3224.2000,3255.2000,3256.8000,3257.0000,3257.2000,3258.6000,1,1,1,1,1,1,1,2,3,1
SF,IH2103,2020-08-03 09:31:57.800,3249.8000,2017,0,33210540.000,0,-,-,-,-,3248.0000,3247.8000,3246.6000,3235.8000,3224.2000,3255.0000,3255.2000,3256.8000,3257.2000,3257.4000,1,1,1,1,1,1,1,1,3,2
SF,IH2103,2020-08-03 09:31:58.300,3249.8000,2017,0,33210540.000,0,-,-,-,-,3248.0000,3246.6000,3235.8000,3224.2000,3220.2000,3254.6000,3255.0000,3255.2000,3256.8000,3257.2000,1,1,1,1,1,1,1,1,1,3
SF,IH2103,2020-08-03 09:31:58.800,3249.8000,2017,0,33210540.000,0,-,-,-,-,3248.0000,3246.6000,3235.8000,3224.2000,3220.2000,3254.4000,3254.6000,3255.2000,3256.8000,3257.2000,1,1,1,1,1,1,1,1,1,3
SF,IH2103,2020-08-03 09:31:59.300,3249.8000,2017,0,33210540.000,0,-,-,-,-,3248.0000,3246.6000,3235.8000,3224.2000,3220.2000,3254.4000,3255.2000,3256.8000,3257.2000,3257.4000,1,1,1,1,1,1,1,1,3,2
SF,IH2103,2020-08-03 09:31:59.800,3249.8000,2017,0,33210540.000,0,-,-,-,-,3248.0000,3246.6000,3235.8000,3224.2000,3220.2000,3254.0000,3254.4000,3255.2000,3256.8000,3257.2000,1,1,1,1,1,1,1,1,1,3
SF,IH2103,2020-08-03 09:32:00.300,3249.8000,2017,0,33210540.000,0,-,-,-,-,3248.0000,3246.6000,3235.8000,3224.2000,3220.2000,3253.8000,3254.0000,3255.2000,3256.8000,3257.2000,1,1,1,1,1,1,1,1,1,3
SF,IH2103,2020-08-03 09:32:00.800,3249.8000,2017,0,33210540.000,0,-,-,-,-,3248.0000,3246.6000,3235.8000,3224.2000,3220.2000,3253.8000,3255.2000,3256.8000,3257.2000,3257.4000,1,1,1,1,1,1,1,1,3,2
SF,IH2103,2020-08-03 09:32:01.300,3249.8000,2017,0,33210540.000,0,-,-,-,-,3248.2000,3248.0000,3246.6000,3235.8000,3224.2000,3253.4000,3253.8000,3255.2000,3256.8000,3257.4000,1,1,1,1,1,1,1,1,1,2
SF,IH2103,2020-08-03 09:32:01.800,3249.8000,2017,0,33210540.000,0,-,-,-,-,3248.2000,3248.0000,3246.6000,3235.8000,3224.2000,3253.2000,3253.4000,3255.2000,3257.4000,3261.2000,1,1,1,1,1,1,1,1,2,1
SF,IH2103,2020-08-03 09:32:02.300,3249.8000,2017,0,33210540.000,0,-,-,-,-,3248.2000,3246.6000,3235.8000,3224.2000,3220.2000,3252.8000,3253.2000,3255.2000,3257.4000,3261.2000,1,1,1,1,1,1,1,1,2,1
SF,IH2103,2020-08-03 09:32:02.800,3249.8000,2017,0,33210540.000,0,-,-,-,-,3248.2000,3246.6000,3235.8000,3224.2000,3220.2000,3252.6000,3252.8000,3257.4000,3261.2000,3262.2000,1,1,1,1,1,1,1,2,1,3
SF,IH2103,2020-08-03 09:32:03.300,3249.8000,2017,0,33210540.000,0,-,-,-,-,3248.2000,3246.6000,3235.8000,3224.2000,3220.2000,3252.2000,3252.6000,3257.4000,3261.2000,3262.2000,1,1,1,1,1,1,1,2,1,3
SF,IH2103,2020-08-03 09:32:03.800,3249.8000,2017,0,33210540.000,0,-,-,-,-,3246.6000,3235.8000,3224.2000,3220.2000,3220.0000,3252.0000,3252.2000,3257.4000,3261.2000,3262.2000,1,1,1,1,1,1,1,2,1,3
SF,IH2103,2020-08-03 09:32:04.300,3249.8000,2017,0,33210540.000,0,-,-,-,-,3246.8000,3246.6000,3235.8000,3224.2000,3220.2000,3251.6000,3252.0000,3257.4000,3261.2000,3262.2000,1,1,1,1,1,1,1,2,1,3
SF,IH2103,2020-08-03 09:32:04.800,3249.8000,2017,0,33210540.000,0,-,-,-,-,3246.8000,3246.6000,3235.8000,3224.2000,3220.2000,3250.0000,3251.4000,3251.6000,3257.4000,3261.2000,1,1,1,1,1,1,2,1,2,1
SF,IH2103,2020-08-03 09:32:05.300,3249.8000,2017,0,33210540.000,0,-,-,-,-,3246.8000,3246.6000,3235.8000,3224.2000,3220.2000,3249.6000,3249.8000,3250.0000,3257.4000,3261.2000,1,1,1,1,1,1,1,1,2,1
SF,IH2103,2020-08-03 09:32:05.800,3249.6000,2015,-2,36135240.000,3,0,3,多平,S,3235.8000,3224.2000,3220.2000,3220.0000,3219.0000,3250.0000,3257.4000,3261.2000,3262.2000,3268.8000,1,1,1,1,8,1,2,1,3,1
SF,IH2103,2020-08-03 09:32:06.300,3249.6000,2015,0,36135240.000,0,-,-,-,-,3244.4000,3241.0000,3237.8000,3236.2000,3236.0000,3250.0000,3257.4000,3261.2000,3262.2000,3268.8000,1,1,1,3,4,1,2,1,3,1
SF,IH2103,2020-08-03 09:32:06.800,3249.6000,2015,0,36135240.000,0,-,-,-,-,3244.6000,3244.4000,3236.2000,3236.0000,3235.8000,3250.0000,3257.4000,3261.2000,3262.2000,3268.8000,2,1,3,2,1,1,2,1,3,1
SF,IH2103,2020-08-03 09:32:07.300,3249.6000,2015,0,36135240.000,0,-,-,-,-,3248.8000,3245.0000,3244.8000,3244.6000,3236.2000,3250.0000,3257.4000,3261.2000,3262.2000,3268.8000,1,1,1,2,1,1,2,1,3,1
SF,IH2103,2020-08-03 09:32:07.800,3249.6000,2015,0,36135240.000,0,-,-,-,-,3248.8000,3245.0000,3244.8000,3244.6000,3236.2000,3250.0000,3257.4000,3261.2000,3262.2000,3268.8000,1,1,1,1,1,1,2,1,3,1
SF,IH2103,2020-08-03 09:32:08.300,3250.0000,2014,-1,37110240.000,1,0,1,双平,S,3249.0000,3248.8000,3245.0000,3244.8000,3236.2000,3257.4000,3261.2000,3262.2000,3268.8000,3269.8000,1,1,1,1,1,2,1,3,1,1
SF,IH2103,2020-08-03 09:32:08.800,3250.0000,2014,0,37110240.000,0,-,-,-,-,3249.8000,3249.2000,3245.0000,3244.8000,3236.2000,3257.2000,3257.4000,3261.2000,3262.2000,3268.8000,1,1,1,1,1,2,2,1,3,1
SF,IH2103,2020-08-03 09:32:09.300,3250.0000,2014,0,37110240.000,0,-,-,-,-,3250.0000,3249.8000,3245.0000,3244.8000,3236.2000,3257.2000,3257.4000,3261.2000,3262.2000,3268.8000,1,1,1,1,1,1,2,1,3,1
SF,IH2103,2020-08-03 09:32:09.800,3250.0000,2014,0,37110240.000,0,-,-,-,-,3252.2000,3250.2000,3250.0000,3245.0000,3244.8000,3257.2000,3257.4000,3261.2000,3262.2000,3268.8000,1,1,1,1,1,1,2,1,3,1
SF,IH2103,2020-08-03 09:32:10.300,3252.2000,2013,-1,38085900.000,1,0,1,双平,S,3250.0000,3245.0000,3244.8000,3236.2000,3235.8000,3256.8000,3257.0000,3257.4000,3261.2000,3262.2000,1,1,1,1,1,1,1,2,1,3
SF,IH2103,2020-08-03 09:32:10.800,3252.2000,2013,0,38085900.000,0,-,-,-,-,3250.0000,3245.0000,3244.8000,3236.2000,3235.8000,3256.4000,3256.6000,3256.8000,3257.0000,3257.4000,1,1,1,1,1,1,1,1,1,2
SF,IH2103,2020-08-03 09:32:11.300,3252.2000,2013,0,38085900.000,0,-,-,-,-,3250.0000,3245.0000,3244.8000,3236.2000,3235.8000,3256.2000,3256.4000,3256.8000,3257.0000,3257.4000,1,1,1,1,1,1,1,1,1,2
SF,IH2103,2020-08-03 09:32:11.800,3252.2000,2013,0,38085900.000,0,-,-,-,-,3250.0000,3245.0000,3244.8000,3236.2000,3235.8000,3256.2000,3256.8000,3257.0000,3257.4000,3261.2000,1,1,1,1,1,1,1,1,2,1
SF,IH2103,2020-08-03 09:32:12.300,3252.2000,2013,0,38085900.000,0,-,-,-,-,3250.0000,3245.0000,3244.8000,3236.2000,3235.8000,3256.0000,3256.2000,3256.8000,3257.0000,3257.4000,1,1,1,1,1,1,1,1,1,2
SF,IH2103,2020-08-03 09:32:12.800,3252.2000,2013,0,38085900.000,0,-,-,-,-,3250.2000,3250.0000,3245.0000,3244.8000,3236.2000,3255.8000,3256.0000,3256.8000,3257.0000,3257.4000,1,1,1,1,1,2,1,1,1,2
SF,IH2103,2020-08-03 09:32:13.300,3252.2000,2013,0,38085900.000,0,-,-,-,-,3250.0000,3245.0000,3244.8000,3236.2000,3235.8000,3255.8000,3256.0000,3257.0000,3257.4000,3261.2000,1,1,1,1,1,2,1,1,2,1
SF,IH2103,2020-08-03 09:32:13.800,3252.2000,2013,0,38085900.000,0,-,-,-,-,3250.0000,3245.0000,3244.8000,3236.2000,3235.8000,3255.4000,3255.8000,3257.0000,3257.4000,3261.2000,1,1,1,1,1,1,2,1,2,1
SF,IH2103,2020-08-03 09:32:14.300,3252.2000,2013,0,38085900.000,0,-,-,-,-,3250.0000,3245.0000,3244.8000,3236.2000,3235.8000,3255.2000,3255.4000,3257.0000,3257.4000,3261.2000,1,1,1,1,1,1,1,1,2,1
SF,IH2103,2020-08-03 09:32:14.800,3252.2000,2013,0,38085900.000,0,-,-,-,-,3250.2000,3245.0000,3244.8000,3236.2000,3235.8000,3255.0000,3255.2000,3257.0000,3257.4000,3261.2000,2,1,1,1,1,1,1,1,2,1
SF,IH2103,2020-08-03 09:32:15.300,3252.2000,2013,0,38085900.000,0,-,-,-,-,3250.4000,3250.2000,3245.0000,3244.8000,3236.2000,3254.8000,3255.0000,3257.0000,3257.4000,3261.2000,1,2,1,1,1,2,1,1,2,1
SF,IH2103,2020-08-03 09:32:15.800,3252.2000,2013,0,38085900.000,0,-,-,-,-,3250.6000,3250.4000,3245.0000,3244.8000,3236.2000,3255.0000,3257.4000,3261.2000,3268.8000,3269.8000,1,1,1,1,1,1,2,1,1,1
SF,IH2103,2020-08-03 09:32:16.300,3252.2000,2013,0,38085900.000,0,-,-,-,-,3251.0000,3250.6000,3250.4000,3235.8000,3224.2000,3255.0000,3257.4000,3261.2000,3268.8000,3269.8000,3,1,1,1,1,1,2,1,1,1
SF,IH2103,2020-08-03 09:32:16.800,3252.2000,2013,0,38085900.000,0,-,-,-,-,3251.2000,3251.0000,3250.4000,3235.8000,3224.2000,3257.4000,3258.2000,3261.2000,3268.8000,3269.8000,2,3,1,1,1,2,1,1,1,1
SF,IH2103,2020-08-03 09:32:17.300,3252.2000,2013,0,38085900.000,0,-,-,-,-,3251.6000,3251.4000,3251.2000,3250.4000,3235.8000,3257.2000,3257.4000,3258.2000,3261.2000,3268.8000,3,1,2,1,1,1,2,1,1,1
SF,IH2103,2020-08-03 09:32:17.800,3252.2000,2013,0,38085900.000,0,-,-,-,-,3252.0000,3251.8000,3251.6000,3251.4000,3250.4000,3257.4000,3261.2000,3263.4000,3268.8000,3269.8000,1,1,3,1,1,2,1,1,1,1
SF,IH2103,2020-08-03 09:32:18.300,3252.2000,2013,0,38085900.000,0,-,-,-,-,3252.4000,3252.2000,3252.0000,3251.4000,3250.4000,3257.4000,3261.2000,3263.4000,3268.8000,3269.8000,3,1,1,1,1,2,1,1,1,1
SF,IH2103,2020-08-03 09:32:18.800,3252.2000,2013,0,38085900.000,0,-,-,-,-,3252.6000,3252.4000,3251.4000,3235.8000,3224.2000,3257.4000,3261.2000,3263.4000,3268.8000,3269.8000,2,3,1,1,1,2,1,1,1,1
SF,IH2103,2020-08-03 09:32:19.300,3252.2000,2013,0,38085900.000,0,-,-,-,-,3253.0000,3252.6000,3252.4000,3251.4000,3235.8000,3257.4000,3261.2000,3263.4000,3268.8000,3269.8000,2,2,1,1,1,2,1,1,1,1
SF,IH2103,2020-08-03 09:32:19.800,3252.2000,2013,0,38085900.000,0,-,-,-,-,3253.2000,3253.0000,3252.4000,3251.4000,3235.8000,3257.4000,3261.2000,3263.4000,3268.8000,3269.8000,1,3,1,1,1,2,1,1,1,1
SF,IH2103,2020-08-03 09:32:20.300,3252.2000,2013,0,38085900.000,0,-,-,-,-,3253.6000,3253.4000,3253.2000,3252.4000,3251.4000,3257.4000,3261.2000,3263.4000,3268.8000,3269.8000,2,1,1,1,1,2,1,1,1,1
SF,IH2103,2020-08-03 09:32:20.800,3257.4000,2011,-2,40040340.000,2,0,2,双平,S,3254.0000,3253.8000,3253.6000,3253.4000,3251.4000,3261.2000,3263.4000,3268.8000,3269.8000,3270.0000,1,2,2,1,1,1,1,1,1,1
SF,IH2103,2020-08-03 09:32:21.300,3257.4000,2011,0,40040340.000,0,-,-,-,-,3254.4000,3254.2000,3254.0000,3253.8000,3253.4000,3261.0000,3261.2000,3263.4000,3268.8000,3269.8000,2,2,1,1,1,1,1,1,1,1
SF,IH2103,2020-08-03 09:32:21.800,3257.4000,2011,0,40040340.000,0,-,-,-,-,3254.8000,3254.6000,3254.4000,3253.4000,3235.8000,3261.0000,3263.4000,3268.8000,3269.8000,3270.0000,1,2,2,1,1,1,1,1,1,1
SF,IH2103,2020-08-03 09:32:22.300,3257.4000,2011,0,40040340.000,0,-,-,-,-,3255.2000,3255.0000,3254.8000,3253.4000,3235.8000,3263.4000,3268.8000,3269.8000,3270.0000,3274.2000,3,2,1,1,1,1,1,1,1,1
SF,IH2103,2020-08-03 09:32:22.800,3257.4000,2011,0,40040340.000,0,-,-,-,-,3255.6000,3255.4000,3255.2000,3253.4000,3235.8000,3263.0000,3263.2000,3263.4000,3268.8000,3269.8000,1,2,3,1,1,1,1,1,1,1
SF,IH2103,2020-08-03 09:32:23.300,3257.4000,2011,0,40040340.000,0,-,-,-,-,3256.0000,3255.8000,3255.6000,3235.8000,3224.2000,3262.8000,3263.0000,3263.4000,3268.8000,3269.8000,2,2,1,1,1,1,1,1,1,1
SF,IH2103,2020-08-03 09:32:23.800,3257.4000,2011,0,40040340.000,0,-,-,-,-,3256.2000,3256.0000,3255.6000,3235.8000,3224.2000,3262.8000,3263.4000,3268.6000,3268.8000,3269.8000,1,2,1,1,1,1,1,1,1,1
SF,IH2103,2020-08-03 09:32:24.300,3257.4000,2011,0,40040340.000,0,-,-,-,-,3256.2000,3255.6000,3235.8000,3220.2000,3220.0000,3262.0000,3262.4000,3262.6000,3262.8000,3268.6000,1,1,1,1,1,1,1,1,1,1
SF,IH2103,2020-08-03 09:32:24.800,3257.4000,2011,0,40040340.000,0,-,-,-,-,3256.2000,3255.6000,3235.8000,3233.8000,3220.2000,3261.8000,3262.0000,3268.6000,3268.8000,3269.8000,1,1,1,1,1,1,1,1,1,1
SF,IH2103,2020-08-03 09:32:25.300,3257.4000,2011,0,40040340.000,0,-,-,-,-,3256.2000,3255.6000,3235.8000,3233.8000,3220.2000,3261.8000,3268.6000,3268.8000,3269.8000,3270.0000,1,1,1,1,1,1,1,1,1,1
SF,IH2103,2020-08-03 09:32:25.800,3257.4000,2011,0,40040340.000,0,-,-,-,-,3256.2000,3255.6000,3235.8000,3233.8000,3220.2000,3261.0000,3261.6000,3261.8000,3268.6000,3268.8000,1,1,1,1,1,1,1,1,1,1
SF,IH2103,2020-08-03 09:32:26.300,3257.4000,2011,0,40040340.000,0,-,-,-,-,3255.6000,3235.8000,3233.8000,3220.2000,3220.0000,3260.8000,3261.0000,3268.6000,3268.8000,3269.8000,1,1,1,1,1,1,1,1,1,1
SF,IH2103,2020-08-03 09:32:26.800,3257.4000,2011,0,40040340.000,0,-,-,-,-,3256.0000,3255.8000,3235.8000,3233.8000,3220.2000,3260.8000,3261.0000,3268.6000,3268.8000,3269.8000,1,2,1,1,1,1,1,1,1,1
SF,IH2103,2020-08-03 09:32:27.300,3257.4000,2011,0,40040340.000,0,-,-,-,-,3256.0000,3255.8000,3235.8000,3233.8000,3220.2000,3260.6000,3260.8000,3261.0000,3268.6000,3268.8000,1,1,1,1,1,1,1,1,1,1
SF,IH2103,2020-08-03 09:32:27.800,3257.4000,2011,0,40040340.000,0,-,-,-,-,3256.0000,3255.8000,3235.8000,3233.8000,3220.2000,3260.4000,3260.6000,3261.0000,3268.6000,3268.8000,1,1,1,1,1,1,1,1,1,1
SF,IH2103,2020-08-03 09:32:28.300,3257.4000,2011,0,40040340.000,0,-,-,-,-,3256.0000,3235.8000,3233.8000,3220.2000,3220.0000,3260.4000,3261.0000,3268.6000,3268.8000,3269.8000,1,1,1,1,1,1,1,1,1,1
SF,IH2103,2020-08-03 09:32:28.800,3257.4000,2011,0,40040340.000,0,-,-,-,-,3235.8000,3233.8000,3220.2000,3220.0000,3219.0000,3260.2000,3260.4000,3261.0000,3268.6000,3268.8000,1,1,1,1,8,1,1,1,1,1
SF,IH2103,2020-08-03 09:32:29.300,3257.4000,2011,0,40040340.000,0,-,-,-,-,3246.6000,3243.6000,3237.8000,3236.4000,3236.2000,3260.0000,3260.2000,3268.6000,3268.8000,3269.8000,1,1,1,3,3,2,1,1,1,1
SF,IH2103,2020-08-03 09:32:29.800,3257.4000,2011,0,40040340.000,0,-,-,-,-,3247.0000,3246.8000,3236.4000,3236.0000,3233.8000,3259.8000,3260.0000,3268.6000,3268.8000,3269.8000,4,3,3,1,1,1,2,1,1,1
SF,IH2103,2020-08-03 09:32:30.300,3257.4000,2011,0,40040340.000,0,-,-,-,-,3249.2000,3248.0000,3247.2000,3247.0000,3246.8000,3259.6000,3259.8000,3268.6000,3268.8000,3269.8000,1,1,3,4,1,1,1,1,1,1
SF,IH2103,2020-08-03 09:32:30.800,3257.4000,2011,0,40040340.000,0,-,-,-,-,3250.6000,3249.6000,3249.4000,3249.2000,3247.2000,3259.6000,3259.8000,3268.6000,3268.8000,3269.8000,1,4,3,1,1,1,1,1,1,1
SF,IH2103,2020-08-03 09:32:31.300,3257.4000,2011,0,40040340.000,0,-,-,-,-,3251.2000,3251.0000,3250.8000,3250.6000,3249.4000,3259.4000,3259.6000,3259.8000,3268.6000,3268.8000,1,4,2,2,1,1,1,1,1,1
SF,IH2103,2020-08-03 09:32:31.800,3257.4000,2011,0,40040340.000,0,-,-,-,-,3251.6000,3251.4000,3251.2000,3250.6000,3249.4000,3259.2000,3259.4000,3259.8000,3268.6000,3268.8000,4,2,1,2,1,1,1,1,1,1
SF,IH2103,2020-08-03 09:32:32.300,3257.4000,2011,0,40040340.000,0,-,-,-,-,3251.8000,3251.6000,3251.2000,3250.6000,3233.8000,3259.0000,3259.2000,3259.4000,3268.6000,3268.8000,1,4,1,1,1,1,1,1,1,1
SF,IH2103,2020-08-03 09:32:32.800,3257.4000,2011,0,40040340.000,0,-,-,-,-,3252.2000,3251.8000,3251.6000,3233.8000,3220.2000,3258.8000,3259.0000,3268.6000,3268.8000,3269.8000,3,1,1,1,1,2,1,1,1,1
SF,IH2103,2020-08-03 09:32:33.300,3257.4000,2011,0,40040340.000,0,-,-,-,-,3252.4000,3252.2000,3251.6000,3233.8000,3220.2000,3258.8000,3259.0000,3268.8000,3269.8000,3270.0000,1,2,1,1,1,2,1,1,1,1
SF,IH2103,2020-08-03 09:32:33.800,3257.4000,2011,0,40040340.000,0,-,-,-,-,3252.8000,3252.6000,3252.4000,3251.6000,3233.8000,3258.8000,3259.0000,3268.8000,3269.8000,3270.0000,1,1,1,1,1,2,1,1,1,1
SF,IH2103,2020-08-03 09:32:34.300,3257.4000,2011,0,40040340.000,0,-,-,-,-,3253.0000,3252.8000,3252.6000,3251.6000,3233.8000,3258.8000,3259.0000,3268.8000,3269.8000,3270.0000,1,1,1,1,1,2,1,1,1,1
SF,IH2103,2020-08-03 09:32:34.800,3257.4000,2011,0,40040340.000,0,-,-,-,-,3253.0000,3252.6000,3251.6000,3233.8000,3220.2000,3258.6000,3258.8000,3259.0000,3268.8000,3269.8000,1,1,1,1,1,1,2,1,1,1
SF,IH2103,2020-08-03 09:32:35.300,3253.0000,2011,0,41016240.000,1,0,1,多换,S,3252.6000,3251.6000,3233.8000,3220.2000,3220.0000,3258.6000,3259.0000,3268.8000,3269.8000,3270.0000,1,1,1,1,1,1,1,1,1,1
SF,IH2103,2020-08-03 09:32:35.800,3253.0000,2011,0,41016240.000,0,-,-,-,-,3251.6000,3233.8000,3220.2000,3220.0000,3219.0000,3258.2000,3258.4000,3258.6000,3259.0000,3268.8000,1,1,1,1,8,1,2,1,1,1
SF,IH2103,2020-08-03 09:32:36.300,3253.0000,2011,0,41016240.000,0,-,-,-,-,3233.8000,3220.2000,3220.0000,3219.0000,3200.0000,3258.0000,3258.2000,3258.6000,3259.0000,3268.8000,1,1,1,8,1,3,1,1,1,1
SF,IH2103,2020-08-03 09:32:36.800,3253.0000,2011,0,41016240.000,0,-,-,-,-,3243.2000,3240.2000,3235.6000,3234.2000,3234.0000,3256.6000,3258.0000,3268.8000,3269.8000,3270.0000,1,1,1,4,4,1,2,1,1,1
SF,IH2103,2020-08-03 09:32:37.300,3253.0000,2011,0,41016240.000,0,-,-,-,-,3243.6000,3243.4000,3234.0000,3233.8000,3220.2000,3256.2000,3256.6000,3258.0000,3268.8000,3269.8000,4,3,1,1,1,1,1,1,1,1
SF,IH2103,2020-08-03 09:32:37.800,3253.0000,2011,0,41016240.000,0,-,-,-,-,3244.4000,3243.8000,3243.6000,3243.4000,3234.0000,3256.0000,3256.2000,3256.6000,3258.0000,3268.8000,1,3,4,1,1,1,1,1,1,1
SF,IH2103,2020-08-03 09:32:38.300,3253.0000,2011,0,41016240.000,0,-,-,-,-,3244.8000,3244.6000,3244.4000,3243.8000,3243.4000,3256.0000,3256.6000,3258.0000,3268.8000,3269.8000,5,2,2,1,1,1,1,1,1,1
SF,IH2103,2020-08-03 09:32:38.800,3253.0000,2011,0,41016240.000,0,-,-,-,-,3248.2000,3245.0000,3244.8000,3243.8000,3243.4000,3255.6000,3256.0000,3256.6000,3258.0000,3268.8000,1,2,5,1,1,1,1,1,1,1
SF,IH2103,2020-08-03 09:32:39.300,3253.0000,2011,0,41016240.000,0,-,-,-,-,3248.6000,3248.4000,3245.6000,3244.8000,3243.8000,3255.4000,3255.6000,3256.6000,3258.0000,3268.8000,3,4,1,1,1,1,1,1,1,1
SF,IH2103,2020-08-03 09:32:39.800,3253.0000,2011,0,41016240.000,0,-,-,-,-,3248.8000,3248.6000,3248.4000,3245.6000,3244.8000,3255.4000,3256.6000,3268.8000,3269.8000,3270.0000,4,3,1,1,1,1,1,1,1,1
SF,IH2103,2020-08-03 09:32:40.300,3253.0000,2011,0,41016240.000,0,-,-,-,-,3249.2000,3248.8000,3248.4000,3245.6000,3244.8000,3255.2000,3255.4000,3256.6000,3268.8000,3269.8000,2,4,1,1,1,1,1,1,1,1
SF,IH2103,2020-08-03 09:32:40.800,3253.0000,2011,0,41016240.000,0,-,-,-,-,3249.6000,3249.4000,3249.2000,3248.4000,3245.6000,3255.2000,3256.6000,3268.8000,3269.8000,3270.0000,1,4,2,1,1,1,1,1,1,1
SF,IH2103,2020-08-03 09:32:41.300,3253.0000,2011,0,41016240.000,0,-,-,-,-,3250.0000,3249.8000,3249.6000,3249.4000,3248.4000,3268.8000,3269.8000,3270.0000,3274.8000,3279.8000,3,1,1,2,1,1,1,1,1,1
SF,IH2103,2020-08-03 09:32:41.800,3253.0000,2011,0,41016240.000,0,-,-,-,-,3250.2000,3250.0000,3248.4000,3245.6000,3234.0000,3261.2000,3267.2000,3267.4000,3268.2000,3268.6000,3,3,1,1,1,1,1,1,1,3
SF,IH2103,2020-08-03 09:32:42.300,3253.0000,2011,0,41016240.000,0,-,-,-,-,3250.6000,3250.4000,3250.2000,3248.4000,3245.6000,3261.0000,3261.2000,3268.6000,3268.8000,3269.8000,3,1,3,1,1,2,1,1,1,1
SF,IH2103,2020-08-03 09:32:42.800,3253.0000,2011,0,41016240.000,0,-,-,-,-,3250.8000,3250.6000,3245.6000,3234.0000,3233.8000,3260.4000,3261.0000,3261.2000,3268.8000,3269.8000,5,3,1,1,1,1,2,1,1,1
SF,IH2103,2020-08-03 09:32:43.300,3253.0000,2011,0,41016240.000,0,-,-,-,-,3251.2000,3251.0000,3250.8000,3234.0000,3233.8000,3260.2000,3260.4000,3261.0000,3261.2000,3268.8000,3,1,5,1,1,1,1,1,1,1
SF,IH2103,2020-08-03 09:32:43.800,3253.0000,2011,0,41016240.000,0,-,-,-,-,3252.4000,3251.4000,3251.2000,3250.8000,3234.0000,3259.8000,3260.0000,3260.2000,3261.0000,3261.2000,1,3,3,2,1,1,1,1,1,1
SF,IH2103,2020-08-03 09:32:44.300,3253.0000,2011,0,41016240.000,0,-,-,-,-,3252.6000,3252.4000,3251.2000,3250.8000,3234.0000,3259.6000,3259.8000,3260.0000,3261.0000,3261.2000,2,1,2,2,1,1,1,1,1,1
SF,IH2103,2020-08-03 09:32:44.800,3253.0000,2011,0,41016240.000,0,-,-,-,-,3252.6000,3252.4000,3251.2000,3250.8000,3234.0000,3259.4000,3259.6000,3260.0000,3261.0000,3261.2000,1,1,2,1,1,1,1,1,1,1
SF,IH2103,2020-08-03 09:32:45.300,3253.0000,2011,0,41016240.000,0,-,-,-,-,3253.0000,3252.6000,3251.2000,3250.8000,3234.0000,3258.6000,3259.0000,3259.2000,3259.4000,3260.0000,1,1,2,1,1,1,1,1,1,1
SF,IH2103,2020-08-03 09:32:45.800,3253.0000,2011,0,41016240.000,0,-,-,-,-,3252.6000,3251.2000,3250.8000,3234.0000,3233.8000,3258.4000,3258.6000,3259.4000,3260.0000,3268.8000,1,2,1,1,1,2,1,1,1,1
SF,IH2103,2020-08-03 09:32:46.300,3253.0000,2011,0,41016240.000,0,-,-,-,-,3252.6000,3251.2000,3250.8000,3234.0000,3233.8000,3258.0000,3258.4000,3258.6000,3259.4000,3260.0000,1,2,1,1,1,1,2,1,1,1
SF,IH2103,2020-08-03 09:32:46.800,3253.0000,2011,0,41016240.000,0,-,-,-,-,3252.6000,3251.2000,3250.8000,3234.0000,3233.8000,3257.8000,3258.0000,3258.4000,3258.6000,3259.4000,1,2,1,1,1,1,1,1,1,1
SF,IH2103,2020-08-03 09:32:47.300,3253.0000,2011,0,41016240.000,0,-,-,-,-,3251.2000,3250.8000,3234.0000,3233.8000,3220.2000,3257.8000,3258.4000,3258.6000,3259.4000,3260.0000,2,1,1,1,1,1,1,1,1,1
SF,IH2103,2020-08-03 09:32:47.800,3253.0000,2011,0,41016240.000,0,-,-,-,-,3251.4000,3250.8000,3234.0000,3233.8000,3220.2000,3257.4000,3257.8000,3258.4000,3258.6000,3259.4000,1,1,1,1,1,1,1,1,1,1
SF,IH2103,2020-08-03 09:32:48.300,3253.0000,2011,0,41016240.000,0,-,-,-,-,3251.4000,3250.8000,3234.0000,3233.8000,3220.2000,3257.2000,3257.4000,3258.4000,3258.6000,3259.4000,1,1,1,1,1,1,1,1,1,1
SF,IH2103,2020-08-03 09:32:48.800,3253.0000,2011,0,41016240.000,0,-,-,-,-,3251.4000,3250.8000,3234.0000,3233.8000,3220.2000,3257.2000,3258.4000,3258.6000,3259.4000,3260.0000,1,1,1,1,1,1,1,1,1,1
SF,IH2103,2020-08-03 09:32:49.300,3253.0000,2011,0,41016240.000,0,-,-,-,-,3251.4000,3250.8000,3234.0000,3233.8000,3220.2000,3256.8000,3257.2000,3258.4000,3259.4000,3260.0000,1,1,1,1,1,2,1,1,1,1
SF,IH2103,2020-08-03 09:32:49.800,3253.0000,2011,0,41016240.000,0,-,-,-,-,3251.6000,3251.4000,3250.8000,3234.0000,3233.8000,3256.6000,3256.8000,3259.4000,3268.8000,3269.8000,1,1,1,1,1,1,2,1,1,1
SF,IH2103,2020-08-03 09:32:50.300,3253.0000,2011,0,41016240.000,0,-,-,-,-,3251.8000,3251.6000,3250.8000,3234.0000,3233.8000,3256.8000,3268.8000,3269.8000,3270.0000,3274.8000,1,1,1,1,1,1,1,1,1,1
SF,IH2103,2020-08-03 09:32:50.800,3253.0000,2011,0,41016240.000,0,-,-,-,-,3252.0000,3251.8000,3250.8000,3234.0000,3233.8000,3260.6000,3261.8000,3268.8000,3269.8000,3270.0000,4,1,1,1,1,1,1,1,1,1
SF,IH2103,2020-08-03 09:32:51.300,3253.0000,2011,0,41016240.000,0,-,-,-,-,3252.2000,3252.0000,3251.8000,3250.8000,3234.0000,3260.2000,3260.4000,3260.6000,3261.8000,3268.8000,1,3,1,1,1,1,1,1,1,1
SF,IH2103,2020-08-03 09:32:51.800,3253.0000,2011,0,41016240.000,0,-,-,-,-,3252.6000,3252.4000,3252.2000,3251.8000,3250.8000,3260.0000,3260.2000,3260.6000,3261.8000,3268.8000,1,2,1,1,1,2,1,1,1,1
SF,IH2103,2020-08-03 09:32:52.300,3253.0000,2011,0,41016240.000,0,-,-,-,-,3252.8000,3252.6000,3252.4000,3251.8000,3250.8000,3260.0000,3260.6000,3261.8000,3268.8000,3269.8000,2,1,1,1,1,2,1,1,1,1
SF,IH2103,2020-08-03 09:32:52.800,3253.0000,2011,0,41016240.000,0,-,-,-,-,3253.0000,3252.8000,3251.8000,3250.8000,3234.0000,3259.6000,3260.0000,3260.6000,3261.8000,3268.8000,2,2,1,1,1,1,2,1,1,1
SF,IH2103,2020-08-03 09:32:53.300,3253.0000,2011,0,41016240.000,0,-,-,-,-,3253.2000,3253.0000,3251.8000,3250.8000,3234.0000,3259.4000,3259.6000,3260.0000,3260.6000,3261.8000,2,1,1,1,1,1,1,1,1,1
SF,IH2103,2020-08-03 09:32:53.800,3253.0000,2011,0,41016240.000,0,-,-,-,-,3253.2000,3253.0000,3251.8000,3250.8000,3234.0000,3258.6000,3259.4000,3260.0000,3268.8000,3269.8000,2,1,1,1,1,1,1,1,1,1
SF,IH2103,2020-08-03 09:32:54.300,3253.0000,2011,0,41016240.000,0,-,-,-,-,3253.6000,3253.4000,3253.2000,3251.8000,3250.8000,3258.4000,3258.6000,3268.8000,3269.8000,3270.0000,2,1,2,1,1,1,1,1,1,1
SF,IH2103,2020-08-03 09:32:54.800,3253.0000,2011,0,41016240.000,0,-,-,-,-,3253.8000,3253.6000,3251.8000,3250.8000,3234.0000,3258.4000,3258.6000,3268.8000,3269.8000,3270.0000,1,2,1,1,1,1,1,1,1,1
SF,IH2103,2020-08-03 09:32:55.300,3253.0000,2011,0,41016240.000,0,-,-,-,-,3254.0000,3253.8000,3253.6000,3250.8000,3234.0000,3258.4000,3258.6000,3268.8000,3269.8000,3270.0000,1,1,1,1,1,1,1,1,1,1
SF,IH2103,2020-08-03 09:32:55.800,3253.0000,2011,0,41016240.000,0,-,-,-,-,3254.2000,3254.0000,3250.8000,3234.0000,3233.8000,3258.4000,3268.8000,3269.8000,3270.0000,3274.8000,2,1,1,1,1,1,1,1,1,1
SF,IH2103,2020-08-03 09:32:56.300,3253.0000,2011,0,41016240.000,0,-,-,-,-,3254.2000,3254.0000,3250.8000,3234.0000,3233.8000,3258.2000,3258.4000,3268.8000,3269.8000,3270.0000,1,1,1,1,1,1,1,1,1,1
SF,IH2103,2020-08-03 09:32:56.800,3253.0000,2011,0,41016240.000,0,-,-,-,-,3250.8000,3234.0000,3233.8000,3220.2000,3220.0000,3258.0000,3258.2000,3268.8000,3269.8000,3270.0000,1,1,1,1,1,2,1,1,1,1
SF,IH2103,2020-08-03 09:32:57.300,3253.0000,2011,0,41016240.000,0,-,-,-,-,3251.2000,3251.0000,3250.8000,3234.0000,3233.8000,3258.0000,3258.2000,3268.8000,3269.8000,3270.0000,4,2,1,1,1,1,1,1,1,1
SF,IH2103,2020-08-03 09:32:57.800,3253.0000,2011,0,41016240.000,0,-,-,-,-,3251.4000,3251.2000,3250.8000,3234.0000,3233.8000,3268.8000,3269.8000,3270.0000,3274.8000,3279.8000,2,4,1,1,1,1,1,1,1,1
SF,IH2103,2020-08-03 09:32:58.300,3253.0000,2011,0,41016240.000,0,-,-,-,-,3251.8000,3251.4000,3250.8000,3234.0000,3233.8000,3257.4000,3267.6000,3268.6000,3268.8000,3269.8000,3,2,1,1,1,1,1,3,1,1
SF,IH2103,2020-08-03 09:32:58.800,3253.0000,2011,0,41016240.000,0,-,-,-,-,3252.0000,3251.8000,3251.4000,3250.8000,3234.0000,3257.4000,3268.6000,3268.8000,3269.8000,3270.0000,3,3,1,1,1,1,2,1,1,1
SF,IH2103,2020-08-03 09:32:59.300,3253.0000,2011,0,41016240.000,0,-,-,-,-,3252.4000,3252.0000,3251.4000,3234.0000,3233.8000,3257.4000,3268.6000,3268.8000,3269.8000,3270.0000,3,3,1,1,1,1,2,1,1,1
SF,IH2103,2020-08-03 09:32:59.800,3253.0000,2011,0,41016240.000,0,-,-,-,-,3252.6000,3252.4000,3252.0000,3251.4000,3234.0000,3257.4000,3262.8000,3268.6000,3268.8000,3269.8000,2,3,1,1,1,1,1,2,1,1
SF,IH2103,2020-08-03 09:33:00.300,3253.0000,2011,0,41016240.000,0,-,-,-,-,3253.0000,3252.8000,3252.6000,3252.0000,3251.4000,3257.4000,3262.8000,3268.6000,3268.8000,3269.8000,2,1,2,1,1,1,1,2,1,1
SF,IH2103,2020-08-03 09:33:00.800,3253.0000,2011,0,41016240.000,0,-,-,-,-,3253.4000,3253.2000,3253.0000,3252.0000,3251.4000,3257.4000,3262.8000,3268.6000,3268.8000,3269.8000,1,1,2,1,1,1,1,2,1,1
SF,IH2103,2020-08-03 09:33:01.300,3253.0000,2011,0,41016240.000,0,-,-,-,-,3253.8000,3253.6000,3253.4000,3252.0000,3251.4000,3257.4000,3262.8000,3268.6000,3268.8000,3269.8000,2,1,1,1,1,1,1,2,1,1
SF,IH2103,2020-08-03 09:33:01.800,3253.0000,2011,0,41016240.000,0,-,-,-,-,3253.8000,3253.6000,3253.4000,3251.4000,3234.0000,3257.4000,3262.8000,3268.6000,3268.8000,3269.8000,2,1,1,1,1,1,1,2,1,1
SF,IH2103,2020-08-03 09:33:02.300,3253.0000,2011,0,41016240.000,0,-,-,-,-,3254.0000,3253.8000,3253.4000,3251.4000,3234.0000,3257.4000,3262.8000,3268.6000,3268.8000,3269.8000,1,2,1,1,1,1,1,2,1,1
SF,IH2103,2020-08-03 09:33:02.800,3257.4000,2011,0,41993460.000,1,0,1,多换,S,3254.4000,3254.0000,3253.4000,3251.4000,3234.0000,3257.2000,3262.8000,3268.6000,3268.8000,3269.8000,2,1,1,1,1,1,1,2,1,1
SF,IH2103,2020-08-03 09:33:03.300,3257.4000,2011,0,41993460.000,0,-,-,-,-,3254.4000,3254.0000,3253.4000,3251.4000,3234.0000,3262.8000,3268.6000,3268.8000,3269.8000,3270.0000,1,1,1,1,1,1,2,1,1,1
SF,IH2103,2020-08-03 09:33:03.800,3254.4000,2010,-1,42969780.000,1,0,1,双平,S,3253.4000,3234.0000,3233.8000,3220.2000,3220.0000,3262.0000,3262.4000,3262.6000,3268.6000,3268.8000,1,1,1,1,1,1,1,3,1,1
SF,IH2103,2020-08-03 09:33:04.300,3254.4000,2010,0,42969780.000,0,-,-,-,-,3253.6000,3234.0000,3233.8000,3220.2000,3220.0000,3261.6000,3261.8000,3262.0000,3262.6000,3268.6000,1,1,1,1,1,1,2,1,2,1
SF,IH2103,2020-08-03 09:33:04.800,3254.4000,2010,0,42969780.000,0,-,-,-,-,3234.0000,3233.8000,3220.2000,3220.0000,3219.0000,3259.4000,3261.0000,3261.4000,3261.6000,3262.6000,1,1,1,1,8,1,1,3,1,2
SF,IH2103,2020-08-03 09:33:05.300,3254.4000,2010,0,42969780.000,0,-,-,-,-,3245.6000,3242.2000,3236.0000,3234.4000,3234.2000,3259.0000,3259.2000,3259.4000,3261.4000,3262.6000,1,1,1,3,2,1,2,1,1,1
SF,IH2103,2020-08-03 09:33:05.800,3254.4000,2010,0,42969780.000,0,-,-,-,-,3246.0000,3245.8000,3234.0000,3233.8000,3220.2000,3258.2000,3258.4000,3258.6000,3258.8000,3259.0000,3,2,1,1,1,1,1,1,3,1
SF,IH2103,2020-08-03 09:33:06.300,3254.4000,2010,0,42969780.000,0,-,-,-,-,3246.8000,3246.2000,3246.0000,3245.8000,3234.0000,3257.8000,3258.0000,3258.2000,3258.4000,3258.8000,1,1,3,1,1,1,2,1,1,1
SF,IH2103,2020-08-03 09:33:06.800,3254.4000,2010,0,42969780.000,0,-,-,-,-,3247.2000,3247.0000,3246.8000,3245.8000,3234.0000,3257.4000,3257.6000,3257.8000,3258.2000,3258.8000,3,1,1,1,1,2,2,1,1,1
SF,IH2103,2020-08-03 09:33:07.300,3254.4000,2010,0,42969780.000,0,-,-,-,-,3247.4000,3247.2000,3245.8000,3234.0000,3233.8000,3257.0000,3257.2000,3257.4000,3258.2000,3258.8000,1,3,1,1,1,1,2,2,1,1
SF,IH2103,2020-08-03 09:33:07.800,3254.4000,2010,0,42969780.000,0,-,-,-,-,3247.8000,3247.4000,3245.8000,3234.0000,3233.8000,3256.6000,3256.8000,3257.0000,3257.4000,3258.2000,4,1,1,1,1,1,2,1,1,1
SF,IH2103,2020-08-03 09:33:08.300,3254.4000,2010,0,42969780.000,0,-,-,-,-,3248.0000,3247.8000,3234.0000,3233.8000,3220.2000,3256.2000,3256.4000,3256.6000,3258.2000,3261.4000,2,4,1,1,1,1,3,1,1,1
SF,IH2103,2020-08-03 09:33:08.800,3254.4000,2010,0,42969780.000,0,-,-,-,-,3248.4000,3248.0000,3247.8000,3234.0000,3233.8000,3256.0000,3256.2000,3256.4000,3258.2000,3261.4000,2,2,1,1,1,2,1,1,1,1
SF,IH2103,2020-08-03 09:33:09.300,3254.4000,2010,0,42969780.000,0,-,-,-,-,3248.8000,3248.6000,3248.4000,3248.0000,3247.8000,3255.6000,3256.0000,3258.2000,3261.4000,3268.8000,1,1,2,1,1,2,2,1,1,1
SF,IH2103,2020-08-03 09:33:09.800,3254.4000,2010,0,42969780.000,0,-,-,-,-,3249.2000,3249.0000,3248.8000,3248.0000,3247.8000,3255.4000,3255.6000,3258.2000,3261.4000,3263.8000,2,1,1,1,1,2,2,1,1,1
SF,IH2103,2020-08-03 09:33:10.300,3254.4000,2010,0,42969780.000,0,-,-,-,-,3249.4000,3249.2000,3248.0000,3247.8000,3234.0000,3255.2000,3255.4000,3255.6000,3258.2000,3261.4000,1,2,1,1,1,1,1,1,1,1
SF,IH2103,2020-08-03 09:33:10.800,3254.4000,2010,0,42969780.000,0,-,-,-,-,3249.8000,3249.6000,3249.4000,3249.2000,3248.0000,3254.8000,3255.0000,3255.2000,3258.2000,3263.8000,1,1,1,1,1,1,2,1,1,1
SF,IH2103,2020-08-03 09:33:11.300,3254.4000,2010,0,42969780.000,0,-,-,-,-,3250.0000,3249.8000,3249.2000,3248.0000,3247.8000,3254.8000,3255.2000,3258.2000,3263.8000,3268.8000,1,1,1,1,1,1,1,1,1,1
SF,IH2103,2020-08-03 09:33:11.800,3254.4000,2010,0,42969780.000,0,-,-,-,-,3250.2000,3250.0000,3249.2000,3247.8000,3234.0000,3254.8000,3255.2000,3258.2000,3263.8000,3268.8000,1,1,1,1,1,1,1,1,1,1
SF,IH2103,2020-08-03 09:33:12.300,3254.4000,2010,0,42969780.000,0,-,-,-,-,3250.4000,3250.2000,3249.2000,3247.8000,3234.0000,3254.8000,3255.2000,3258.2000,3263.8000,3268.8000,1,1,1,1,1,1,1,1,1,1
SF,IH2103,2020-08-03 09:33:12.800,3254.4000,2010,0,42969780.000,0,-,-,-,-,3250.4000,3250.2000,3249.2000,3247.8000,3234.0000,3254.8000,3255.2000,3258.2000,3263.8000,3268.8000,1,1,1,1,1,1,1,1,1,1
SF,IH2103,2020-08-03 09:33:13.300,3254.4000,2010,0,42969780.000,0,-,-,-,-,3250.6000,3250.4000,3249.2000,3247.8000,3234.0000,3254.8000,3255.2000,3258.2000,3263.8000,3268.8000,2,1,1,1,1,1,1,1,1,1
SF,IH2103,2020-08-03 09:33:13.800,3254.4000,2010,0,42969780.000,0,-,-,-,-,3250.8000,3250.6000,3249.2000,3247.8000,3234.0000,3255.2000,3258.2000,3263.8000,3268.8000,3269.8000,1,2,1,1,1,1,1,1,1,1
SF,IH2103,2020-08-03 09:33:14.300,3254.4000,2010,0,42969780.000,0,-,-,-,-,3251.0000,3250.8000,3249.2000,3247.8000,3234.0000,3255.0000,3256.6000,3258.2000,3263.8000,3268.8000,1,1,1,1,1,1,1,1,1,1
SF,IH2103,2020-08-03 09:33:14.800,3254.4000,2010,0,42969780.000,0,-,-,-,-,3251.2000,3251.0000,3249.2000,3247.8000,3234.0000,3256.6000,3258.2000,3263.8000,3268.8000,3269.8000,1,1,1,1,1,1,1,1,1,1
SF,IH2103,2020-08-03 09:33:15.300,3254.4000,2010,0,42969780.000,0,-,-,-,-,3251.2000,3251.0000,3249.2000,3247.8000,3234.0000,3256.2000,3256.4000,3256.6000,3258.2000,3263.8000,1,1,1,1,1,2,1,1,1,1
SF,IH2103,2020-08-03 09:33:15.800,3254.4000,2010,0,42969780.000,0,-,-,-,-,3251.2000,3251.0000,3249.2000,3247.8000,3234.0000,3255.6000,3256.0000,3256.2000,3258.2000,3263.8000,1,1,1,1,1,1,1,2,1,1
SF,IH2103,2020-08-03 09:33:16.300,3254.4000,2010,0,42969780.000,0,-,-,-,-,3251.2000,3251.0000,3249.2000,3247.8000,3234.0000,3255.4000,3255.6000,3256.2000,3258.2000,3263.8000,1,1,1,1,1,1,1,1,1,1
SF,IH2103,2020-08-03 09:33:16.800,3254.4000,2010,0,42969780.000,0,-,-,-,-,3251.2000,3249.2000,3247.8000,3234.0000,3233.8000,3255.2000,3255.4000,3255.6000,3256.2000,3258.2000,1,1,1,1,1,1,1,1,1,1
SF,IH2103,2020-08-03 09:33:17.300,3254.4000,2010,0,42969780.000,0,-,-,-,-,3249.2000,3247.8000,3234.0000,3233.8000,3220.2000,3254.8000,3255.0000,3255.2000,3258.2000,3263.8000,1,1,1,1,1,1,3,1,1,1
SF,IH2103,2020-08-03 09:33:17.800,3254.4000,2010,0,42969780.000,0,-,-,-,-,3249.4000,3247.8000,3234.0000,3233.8000,3220.2000,3254.4000,3254.6000,3254.8000,3255.0000,3258.2000,2,1,1,1,1,1,1,1,1,1
SF,IH2103,2020-08-03 09:33:18.300,3254.4000,2010,0,42969780.000,0,-,-,-,-,3249.4000,3247.8000,3234.0000,3233.8000,3220.2000,3254.2000,3254.4000,3254.8000,3255.0000,3258.2000,2,1,1,1,1,1,1,1,1,1
SF,IH2103,2020-08-03 09:33:18.800,3254.4000,2010,0,42969780.000,0,-,-,-,-,3249.4000,3247.8000,3234.0000,3233.8000,3220.2000,3253.8000,3254.2000,3254.8000,3255.0000,3258.2000,2,1,1,1,1,1,1,1,1,1
SF,IH2103,2020-08-03 09:33:19.300,3254.4000,2010,0,42969780.000,0,-,-,-,-,3249.4000,3247.8000,3234.0000,3233.8000,3220.2000,3253.6000,3253.8000,3254.0000,3255.0000,3258.2000,2,1,1,1,1,1,1,1,1,1
SF,IH2103,2020-08-03 09:33:19.800,3254.4000,2010,0,42969780.000,0,-,-,-,-,3247.8000,3234.0000,3233.8000,3220.2000,3220.0000,3253.2000,3253.6000,3255.0000,3258.2000,3263.8000,1,1,1,1,1,2,1,1,1,1
SF,IH2103,2020-08-03 09:33:20.300,3254.4000,2010,0,42969780.000,0,-,-,-,-,3248.0000,3234.0000,3233.8000,3220.2000,3220.0000,3253.2000,3253.6000,3255.0000,3258.2000,3263.8000,3,1,1,1,1,2,1,1,1,1
SF,IH2103,2020-08-03 09:33:20.800,3254.4000,2010,0,42969780.000,0,-,-,-,-,3248.0000,3234.0000,3233.8000,3220.2000,3220.0000,3253.0000,3253.2000,3255.0000,3258.2000,3263.8000,2,1,1,1,1,1,2,1,1,1
SF,IH2103,2020-08-03 09:33:21.300,3254.4000,2010,0,42969780.000,0,-,-,-,-,3248.0000,3234.0000,3233.8000,3220.2000,3220.0000,3252.6000,3252.8000,3253.0000,3253.2000,3255.0000,2,1,1,1,1,1,2,1,1,1
SF,IH2103,2020-08-03 09:33:21.800,3254.4000,2010,0,42969780.000,0,-,-,-,-,3248.0000,3234.0000,3233.8000,3220.2000,3220.0000,3252.4000,3252.6000,3252.8000,3253.2000,3255.0000,2,1,1,1,1,1,1,1,1,1
SF,IH2103,2020-08-03 09:33:22.300,3254.4000,2010,0,42969780.000,0,-,-,-,-,3248.0000,3234.0000,3233.8000,3220.2000,3220.0000,3252.0000,3252.4000,3252.8000,3255.0000,3256.0000,2,1,1,1,1,1,1,1,1,1
SF,IH2103,2020-08-03 09:33:22.800,3254.4000,2010,0,42969780.000,0,-,-,-,-,3248.0000,3234.0000,3233.8000,3220.2000,3220.0000,3251.8000,3252.0000,3252.8000,3255.0000,3256.0000,2,1,1,1,1,1,1,1,1,1
SF,IH2103,2020-08-03 09:33:23.300,3248.0000,2009,-1,43944180.000,1,0,1,双平,S,3248.0000,3234.0000,3233.8000,3220.2000,3220.0000,3251.4000,3251.8000,3252.8000,3255.0000,3256.0000,1,1,1,1,1,1,1,1,1,1
SF,IH2103,2020-08-03 09:33:23.800,3248.0000,2009,0,43944180.000,0,-,-,-,-,3248.2000,3248.0000,3234.0000,3233.8000,3220.2000,3251.4000,3251.8000,3252.8000,3255.0000,3256.0000,1,1,1,1,1,1,1,1,1,1
SF,IH2103,2020-08-03 09:33:24.300,3248.0000,2009,0,43944180.000,0,-,-,-,-,3248.2000,3234.0000,3233.8000,3220.2000,3220.0000,3251.4000,3251.8000,3252.8000,3255.0000,3256.0000,1,1,1,1,1,1,1,1,1,1
SF,IH2103,2020-08-03 09:33:24.800,3248.0000,2009,0,43944180.000,0,-,-,-,-,3234.0000,3233.8000,3220.2000,3220.0000,3219.0000,3251.2000,3251.4000,3252.8000,3255.0000,3256.0000,1,1,1,1,8,1,1,1,1,1
SF,IH2103,2020-08-03 09:33:25.300,3248.0000,2009,0,43944180.000,0,-,-,-,-,3241.0000,3237.8000,3235.6000,3235.2000,3234.4000,3250.8000,3251.2000,3252.8000,3255.0000,3256.0000,1,1,1,4,3,1,1,1,1,1
SF,IH2103,2020-08-03 09:33:25.800,3248.0000,2009,0,43944180.000,0,-,-,-,-,3241.4000,3241.2000,3241.0000,3237.8000,3235.2000,3250.8000,3252.8000,3255.0000,3256.0000,3256.8000,3,3,1,1,4,1,1,1,1,1
SF,IH2103,2020-08-03 09:33:26.300,3248.0000,2009,0,43944180.000,0,-,-,-,-,3242.2000,3241.6000,3241.4000,3241.2000,3241.0000,3250.8000,3252.0000,3252.8000,3255.0000,3256.0000,1,2,3,1,1,1,1,1,1,1
SF,IH2103,2020-08-03 09:33:26.800,3248.0000,2009,0,43944180.000,0,-,-,-,-,3242.6000,3242.4000,3242.2000,3241.2000,3235.2000,3250.6000,3250.8000,3252.0000,3252.8000,3255.0000,2,2,1,1,4,1,1,1,1,1
SF,IH2103,2020-08-03 09:33:27.300,3248.0000,2009,0,43944180.000,0,-,-,-,-,3242.8000,3242.6000,3241.2000,3223.2000,3220.2000,3250.2000,3250.4000,3250.6000,3252.0000,3252.8000,1,2,1,1,1,1,2,1,1,1
SF,IH2103,2020-08-03 09:33:27.800,3248.0000,2009,0,43944180.000,0,-,-,-,-,3243.4000,3242.8000,3241.2000,3223.2000,3220.2000,3250.0000,3250.2000,3252.0000,3252.8000,3255.0000,1,1,1,1,1,2,1,1,1,1
SF,IH2103,2020-08-03 09:33:28.300,3248.0000,2009,0,43944180.000,0,-,-,-,-,3243.6000,3243.4000,3223.2000,3220.2000,3220.0000,3249.6000,3250.0000,3252.0000,3252.8000,3255.0000,2,1,1,1,1,1,2,1,1,1
SF,IH2103,2020-08-03 09:33:28.800,3248.0000,2009,0,43944180.000,0,-,-,-,-,3243.6000,3223.2000,3220.2000,3220.0000,3219.0000,3249.2000,3249.4000,3249.6000,3252.0000,3252.8000,1,1,1,1,8,1,2,1,1,1
SF,IH2103,2020-08-03 09:33:29.300,3248.0000,2009,0,43944180.000,0,-,-,-,-,3223.2000,3220.2000,3220.0000,3219.0000,3200.0000,3248.8000,3249.0000,3249.2000,3249.4000,3252.0000,1,1,1,8,1,1,1,1,1,1
SF,IH2103,2020-08-03 09:33:29.800,3248.0000,2009,0,43944180.000,0,-,-,-,-,3238.2000,3235.0000,3226.2000,3225.4000,3223.6000,3248.6000,3248.8000,3252.0000,3252.8000,3255.0000,1,1,3,1,3,2,1,1,1,1
SF,IH2103,2020-08-03 09:33:30.300,3238.6000,2009,0,45887340.000,2,1,1,多换,S,3238.4000,3238.2000,3235.0000,3226.2000,3223.6000,3248.2000,3248.4000,3248.6000,3252.0000,3252.8000,2,1,1,3,1,3,1,2,1,1
SF,IH2103,2020-08-03 09:33:30.800,3238.6000,2008,-1,46858920.000,1,0,1,双平,S,3238.4000,3238.2000,3235.0000,3226.2000,3223.6000,3248.0000,3248.2000,3252.8000,3255.0000,3258.0000,2,1,1,3,1,2,3,1,1,1
SF,IH2103,2020-08-03 09:33:31.300,3238.6000,2008,0,46858920.000,0,-,-,-,-,3238.4000,3238.2000,3235.0000,3226.2000,3223.6000,3247.0000,3247.6000,3248.0000,3252.8000,3255.0000,2,1,1,3,1,1,3,2,1,1
SF,IH2103,2020-08-03 09:33:31.800,3238.6000,2008,0,46858920.000,0,-,-,-,-,3239.2000,3238.6000,3238.4000,3238.2000,3235.0000,3246.6000,3252.8000,3255.0000,3258.0000,3263.2000,1,1,2,1,1,3,1,1,1,1
SF,IH2103,2020-08-03 09:33:32.300,3238.6000,2008,0,46858920.000,0,-,-,-,-,3239.8000,3239.6000,3239.4000,3239.2000,3238.4000,3246.4000,3246.6000,3252.8000,3255.0000,3258.0000,1,1,2,1,1,1,3,1,1,1
SF,IH2103,2020-08-03 09:33:32.800,3238.6000,2008,0,46858920.000,0,-,-,-,-,3240.2000,3240.0000,3239.8000,3238.4000,3238.2000,3246.0000,3246.2000,3246.4000,3252.8000,3255.0000,1,1,1,1,1,3,2,1,1,1
SF,IH2103,2020-08-03 09:33:33.300,3238.6000,2008,0,46858920.000,0,-,-,-,-,3240.2000,3240.0000,3238.4000,3226.2000,3223.6000,3245.8000,3246.0000,3252.8000,3255.0000,3258.0000,1,1,1,3,1,3,3,1,1,1
SF,IH2103,2020-08-03 09:33:33.800,3238.6000,2008,0,46858920.000,0,-,-,-,-,3240.2000,3238.4000,3232.4000,3226.2000,3223.6000,3245.4000,3245.8000,3252.8000,3255.0000,3258.0000,1,1,1,3,1,3,3,1,1,1
SF,IH2103,2020-08-03 09:33:34.300,3238.6000,2008,0,46858920.000,0,-,-,-,-,3240.2000,3238.4000,3232.4000,3226.2000,3223.6000,3245.0000,3245.2000,3245.4000,3245.8000,3252.8000,1,1,1,3,1,1,1,3,1,1
SF,IH2103,2020-08-03 09:33:34.800,3238.6000,2008,0,46858920.000,0,-,-,-,-,3238.4000,3226.2000,3223.6000,3223.4000,3223.2000,3244.6000,3244.8000,3245.0000,3245.8000,3252.8000,1,3,1,1,1,3,1,1,1,1
SF,IH2103,2020-08-03 09:33:35.300,3238.6000,2008,0,46858920.000,0,-,-,-,-,3238.6000,3238.4000,3226.2000,3225.0000,3223.6000,3244.4000,3244.6000,3252.8000,3255.0000,3258.0000,1,1,3,1,1,3,3,1,1,1
SF,IH2103,2020-08-03 09:33:35.800,3238.6000,2008,0,46858920.000,0,-,-,-,-,3238.6000,3238.4000,3226.2000,3225.0000,3223.6000,3244.0000,3244.4000,3252.8000,3255.0000,3258.0000,2,1,3,1,1,3,1,1,1,1
SF,IH2103,2020-08-03 09:33:36.300,3238.6000,2008,0,46858920.000,0,-,-,-,-,3238.6000,3238.4000,3226.2000,3225.0000,3223.6000,3243.8000,3244.0000,3244.4000,3252.8000,3255.0000,2,1,3,1,1,1,3,1,1,1
SF,IH2103,2020-08-03 09:33:36.800,3238.6000,2008,0,46858920.000,0,-,-,-,-,3238.6000,3238.4000,3226.2000,3223.6000,3223.4000,3243.4000,3243.8000,3244.4000,3252.8000,3255.0000,2,1,3,1,1,3,1,1,1,1
SF,IH2103,2020-08-03 09:33:37.300,3238.6000,2008,0,46858920.000,0,-,-,-,-,3238.6000,3238.4000,3226.2000,3223.6000,3223.4000,3243.2000,3243.4000,3244.4000,3252.8000,3255.0000,2,1,3,1,1,1,3,1,1,1
SF,IH2103,2020-08-03 09:33:37.800,3238.6000,2008,0,46858920.000,0,-,-,-,-,3238.4000,3226.2000,3223.6000,3223.4000,3223.2000,3242.8000,3243.0000,3243.2000,3244.4000,3252.8000,1,3,1,1,1,3,1,1,1,1
SF,IH2103,2020-08-03 09:33:38.300,3238.6000,2008,0,46858920.000,0,-,-,-,-,3238.4000,3223.6000,3223.4000,3223.2000,3220.2000,3242.0000,3242.6000,3242.8000,3244.4000,3252.8000,1,1,1,1,1,1,1,3,1,1
SF,IH2103,2020-08-03 09:33:38.800,3238.6000,2008,0,46858920.000,0,-,-,-,-,3238.4000,3223.6000,3223.4000,3223.2000,3220.2000,3241.6000,3241.8000,3242.0000,3244.4000,3252.8000,1,1,1,1,1,3,1,1,1,1
SF,IH2103,2020-08-03 09:33:39.300,3238.4000,2007,-1,47830440.000,1,0,1,双平,S,3223.6000,3223.4000,3223.2000,3220.2000,3220.0000,3241.4000,3241.6000,3244.4000,3252.8000,3255.0000,1,1,1,1,1,1,3,1,1,1
SF,IH2103,2020-08-03 09:33:39.800,3238.4000,2007,0,47830440.000,0,-,-,-,-,3233.2000,3228.8000,3226.0000,3223.8000,3223.6000,3241.0000,3241.2000,3241.4000,3252.8000,3255.0000,1,1,4,2,1,3,1,1,1,1
SF,IH2103,2020-08-03 09:33:40.300,3238.4000,2007,0,47830440.000,0,-,-,-,-,3233.4000,3226.0000,3223.8000,3223.6000,3223.2000,3240.8000,3241.0000,3252.8000,3255.0000,3258.0000,1,4,1,1,1,2,3,1,1,1
SF,IH2103,2020-08-03 09:33:40.800,3238.4000,2007,0,47830440.000,0,-,-,-,-,3234.2000,3234.0000,3233.4000,3226.0000,3223.6000,3240.4000,3240.8000,3252.8000,3255.0000,3258.0000,1,1,1,4,1,3,2,1,1,1
SF,IH2103,2020-08-03 09:33:41.300,3238.4000,2007,0,47830440.000,0,-,-,-,-,3234.4000,3234.2000,3234.0000,3223.6000,3220.2000,3240.2000,3240.4000,3252.8000,3255.0000,3258.0000,1,1,1,1,1,2,3,1,1,1
SF,IH2103,2020-08-03 09:33:41.800,3238.4000,2007,0,47830440.000,0,-,-,-,-,3234.4000,3234.2000,3223.6000,3220.2000,3220.0000,3239.8000,3240.0000,3240.2000,3252.8000,3255.0000,1,1,1,1,1,3,1,2,1,1
SF,IH2103,2020-08-03 09:33:42.300,3238.4000,2007,0,47830440.000,0,-,-,-,-,3234.8000,3234.4000,3223.6000,3220.2000,3220.0000,3239.8000,3240.2000,3252.8000,3255.0000,3258.0000,1,1,1,1,1,3,1,1,1,1
SF,IH2103,2020-08-03 09:33:42.800,3238.4000,2007,0,47830440.000,0,-,-,-,-,3235.0000,3234.8000,3223.6000,3220.2000,3220.0000,3239.6000,3239.8000,3240.2000,3252.8000,3255.0000,1,1,1,1,1,1,3,1,1,1
SF,IH2103,2020-08-03 09:33:43.300,3238.4000,2007,0,47830440.000,0,-,-,-,-,3235.0000,3234.8000,3223.6000,3220.2000,3220.0000,3239.2000,3239.6000,3252.8000,3255.0000,3258.0000,1,1,1,1,1,3,1,1,1,1
SF,IH2103,2020-08-03 09:33:43.800,3239.2000,2006,-1,48802200.000,1,0,1,双平,S,3235.0000,3234.8000,3223.6000,3220.2000,3220.0000,3239.0000,3239.2000,3252.8000,3255.0000,3258.0000,1,1,1,1,1,1,2,1,1,1
SF,IH2103,2020-08-03 09:33:44.300,3239.2000,2006,0,48802200.000,0,-,-,-,-,3235.0000,3234.8000,3223.6000,3220.2000,3220.0000,3238.6000,3252.8000,3255.0000,3258.0000,3262.4000,1,1,1,1,1,2,1,1,1,1
SF,IH2103,2020-08-03 09:33:44.800,3239.2000,2006,0,48802200.000,0,-,-,-,-,3235.0000,3234.8000,3223.6000,3220.2000,3220.0000,3238.6000,3252.8000,3255.0000,3258.0000,3262.4000,1,1,1,1,1,2,1,1,1,1
SF,IH2103,2020-08-03 09:33:46.300,3239.2000,2006,0,48802200.000,0,-,-,-,-,3235.0000,3223.6000,3220.2000,3220.0000,3219.0000,3238.6000,3252.8000,3255.0000,3258.0000,3262.4000,1,1,1,1,8,2,1,1,1,1
SF,IH2103,2020-08-03 09:33:46.800,3239.2000,2006,0,48802200.000,0,-,-,-,-,3223.6000,3220.2000,3220.0000,3219.0000,3212.4000,3238.4000,3238.6000,3252.8000,3255.0000,3258.0000,1,1,1,8,1,1,2,1,1,1
SF,IH2103,2020-08-03 09:33:47.300,3239.2000,2006,0,48802200.000,0,-,-,-,-,3228.6000,3225.6000,3224.0000,3223.8000,3223.6000,3238.0000,3238.2000,3252.8000,3255.0000,3258.0000,1,1,1,1,1,2,1,1,1,1
SF,IH2103,2020-08-03 09:33:47.800,3239.2000,2006,0,48802200.000,0,-,-,-,-,3229.0000,3228.8000,3228.6000,3225.6000,3220.2000,3237.8000,3238.0000,3252.8000,3255.0000,3258.0000,2,1,1,1,1,1,2,1,1,1
SF,IH2103,2020-08-03 09:33:48.300,3239.2000,2006,0,48802200.000,0,-,-,-,-,3231.2000,3229.2000,3229.0000,3220.2000,3220.0000,3237.4000,3237.8000,3252.8000,3258.0000,3262.4000,1,1,2,1,1,1,1,1,1,1
SF,IH2103,2020-08-03 09:33:48.800,3239.2000,2006,0,48802200.000,0,-,-,-,-,3231.6000,3231.4000,3231.2000,3220.2000,3220.0000,3237.4000,3252.8000,3258.0000,3262.4000,3263.2000,2,2,1,1,1,1,1,1,1,1
SF,IH2103,2020-08-03 09:33:49.300,3239.2000,2006,0,48802200.000,0,-,-,-,-,3232.4000,3231.8000,3231.6000,3220.2000,3220.0000,3239.0000,3258.0000,3262.4000,3263.2000,3268.8000,1,2,3,1,1,1,1,1,1,1
SF,IH2103,2020-08-03 09:33:49.800,3239.2000,2006,0,48802200.000,0,-,-,-,-,3233.6000,3232.8000,3232.6000,3232.4000,3220.2000,3238.6000,3239.0000,3258.0000,3262.4000,3263.2000,1,3,2,1,1,1,1,1,1,1
SF,IH2103,2020-08-03 09:33:50.300,3239.2000,2006,0,48802200.000,0,-,-,-,-,3238.6000,3234.0000,3233.8000,3233.6000,3232.8000,3258.0000,3262.4000,3263.2000,3268.8000,3269.8000,1,1,2,1,1,1,1,1,1,1
SF,IH2103,2020-08-03 09:33:50.800,3239.2000,2006,0,48802200.000,0,-,-,-,-,3238.8000,3238.6000,3234.0000,3233.8000,3233.6000,3241.2000,3252.2000,3253.2000,3257.6000,3257.8000,2,2,1,1,1,1,1,1,2,5
SF,IH2103,2020-08-03 09:33:51.300,3238.6000,2003,-3,51717000.000,3,0,3,双平,S,3234.0000,3233.8000,3233.6000,3232.8000,3220.2000,3240.8000,3241.2000,3252.2000,3253.2000,3257.6000,1,1,1,1,1,1,1,1,1,1
SF,IH2103,2020-08-03 09:33:51.800,3238.6000,2003,0,51717000.000,0,-,-,-,-,3234.4000,3234.0000,3233.6000,3232.8000,3220.2000,3239.2000,3240.6000,3240.8000,3252.2000,3253.2000,1,1,1,1,1,1,3,1,1,1
SF,IH2103,2020-08-03 09:33:52.300,3238.6000,2003,0,51717000.000,0,-,-,-,-,3234.8000,3233.6000,3232.8000,3220.2000,3220.0000,3239.0000,3239.2000,3240.6000,3257.8000,3258.0000,1,1,1,1,1,2,1,2,3,1
SF,IH2103,2020-08-03 09:33:52.800,3238.6000,2003,0,51717000.000,0,-,-,-,-,3232.8000,3220.2000,3220.0000,3219.0000,3212.4000,3238.2000,3238.8000,3239.0000,3240.6000,3257.8000,1,1,1,8,1,1,1,2,1,3
SF,IH2103,2020-08-03 09:33:53.300,3238.6000,2003,0,51717000.000,0,-,-,-,-,3233.2000,3233.0000,3232.8000,3220.2000,3220.0000,3237.8000,3238.0000,3238.8000,3240.6000,3257.8000,1,1,1,1,1,1,1,1,1,3
SF,IH2103,2020-08-03 09:33:53.800,3238.6000,2003,0,51717000.000,0,-,-,-,-,3233.4000,3233.2000,3220.2000,3220.0000,3219.0000,3237.6000,3237.8000,3238.4000,3238.8000,3240.6000,1,1,1,1,8,1,1,1,1,1
SF,IH2103,2020-08-03 09:33:54.300,3238.6000,2003,0,51717000.000,0,-,-,-,-,3233.4000,3220.2000,3220.0000,3219.0000,3212.4000,3237.2000,3237.6000,3238.4000,3240.6000,3257.8000,1,1,1,8,1,2,1,1,1,3
SF,IH2103,2020-08-03 09:33:54.800,3238.6000,2003,0,51717000.000,0,-,-,-,-,3230.2000,3220.2000,3220.0000,3219.0000,3212.4000,3237.0000,3237.2000,3238.4000,3240.6000,3257.8000,1,1,1,8,1,1,2,1,1,3
SF,IH2103,2020-08-03 09:33:55.300,3238.6000,2003,0,51717000.000,0,-,-,-,-,3230.6000,3230.4000,3230.2000,3220.2000,3220.0000,3236.6000,3236.8000,3238.4000,3257.8000,3258.0000,1,2,1,1,1,1,2,1,3,1
SF,IH2103,2020-08-03 09:33:55.800,3238.6000,2003,0,51717000.000,0,-,-,-,-,3230.8000,3230.6000,3230.2000,3220.2000,3220.0000,3236.4000,3236.6000,3236.8000,3238.4000,3257.8000,2,1,1,1,1,2,1,1,1,3
SF,IH2103,2020-08-03 09:33:56.300,3236.4000,2003,0,52687920.000,1,0,1,多换,S,3231.2000,3230.8000,3230.2000,3220.0000,3219.0000,3236.4000,3236.8000,3238.4000,3257.8000,3258.0000,3,2,1,1,8,1,1,1,2,1
SF,IH2103,2020-08-03 09:33:56.800,3236.4000,2003,0,52687920.000,0,-,-,-,-,3236.4000,3231.4000,3231.2000,3230.8000,3220.0000,3236.8000,3238.4000,3257.8000,3258.0000,3262.4000,1,2,3,1,1,1,1,2,1,1
SF,IH2103,2020-08-03 09:33:57.300,3236.4000,2002,-1,53658840.000,1,0,1,双平,S,3236.8000,3231.6000,3231.4000,3231.2000,3230.8000,3257.8000,3258.0000,3262.4000,3263.2000,3266.0000,1,1,2,3,1,2,1,1,1,2
SF,IH2103,2020-08-03 09:33:57.800,3236.4000,2002,0,53658840.000,0,-,-,-,-,3237.0000,3231.6000,3231.4000,3231.2000,3230.8000,3238.8000,3251.8000,3253.0000,3256.8000,3257.2000,1,1,1,2,1,1,1,1,3,3
SF,IH2103,2020-08-03 09:33:58.300,3238.8000,2001,-1,54630480.000,1,0,1,双平,S,3231.6000,3231.4000,3231.2000,3230.8000,3220.0000,3251.8000,3253.0000,3256.8000,3257.2000,3257.4000,1,1,2,1,1,1,1,3,3,1
SF,IH2103,2020-08-03 09:33:58.800,3238.8000,2001,0,54630480.000,0,-,-,-,-,3232.2000,3232.0000,3231.8000,3231.6000,3220.0000,3243.4000,3250.6000,3251.4000,3251.6000,3251.8000,1,3,1,1,1,1,1,1,4,1
SF,IH2103,2020-08-03 09:33:59.300,3238.8000,2001,0,54630480.000,0,-,-,-,-,3232.6000,3232.4000,3232.2000,3220.0000,3219.0000,3243.0000,3243.2000,3243.4000,3251.6000,3253.0000,3,1,1,1,8,1,2,1,1,1
SF,IH2103,2020-08-03 09:33:59.800,3238.8000,2001,0,54630480.000,0,-,-,-,-,3234.0000,3233.2000,3232.8000,3232.6000,3220.0000,3242.6000,3242.8000,3243.0000,3243.4000,3246.4000,3,1,1,3,1,1,2,1,1,1
SF,IH2103,2020-08-03 09:34:00.300,3238.8000,2001,0,54630480.000,0,-,-,-,-,3234.4000,3234.2000,3234.0000,3220.0000,3219.0000,3242.2000,3242.4000,3242.6000,3243.4000,3246.4000,3,1,3,1,8,1,2,1,1,1
SF,IH2103,2020-08-03 09:34:00.800,3238.8000,2001,0,54630480.000,0,-,-,-,-,3234.8000,3234.6000,3234.4000,3234.0000,3220.0000,3242.0000,3242.2000,3243.4000,3246.4000,3251.6000,1,1,3,3,1,2,1,1,1,1
SF,IH2103,2020-08-03 09:34:01.300,3238.8000,2001,0,54630480.000,0,-,-,-,-,3235.4000,3235.2000,3235.0000,3234.8000,3234.0000,3241.6000,3242.0000,3243.4000,3246.4000,3251.6000,1,2,2,1,2,2,2,1,1,1
SF,IH2103,2020-08-03 09:34:01.800,3238.8000,2001,0,54630480.000,0,-,-,-,-,3235.8000,3235.6000,3235.4000,3235.0000,3234.0000,3241.4000,3241.6000,3243.4000,3246.4000,3251.6000,2,1,1,1,2,2,2,1,1,1
SF,IH2103,2020-08-03 09:34:02.300,3238.8000,2001,0,54630480.000,0,-,-,-,-,3236.0000,3235.8000,3235.4000,3235.0000,3234.0000,3241.2000,3241.4000,3243.4000,3246.4000,3251.6000,2,2,1,1,2,1,2,1,1,1
SF,IH2103,2020-08-03 09:34:02.800,3238.8000,2001,0,54630480.000,0,-,-,-,-,3236.4000,3236.0000,3235.4000,3235.0000,3234.0000,3241.0000,3243.4000,3246.4000,3251.6000,3257.2000,2,2,1,1,2,2,1,1,1,3
SF,IH2103,2020-08-03 09:34:03.300,3238.8000,2001,0,54630480.000,0,-,-,-,-,3236.6000,3236.4000,3235.4000,3234.0000,3220.0000,3243.4000,3246.4000,3251.6000,3257.2000,3257.8000,2,2,1,2,1,1,1,1,3,2
SF,IH2103,2020-08-03 09:34:03.800,3238.8000,2001,0,54630480.000,0,-,-,-,-,3237.0000,3236.8000,3236.6000,3235.4000,3234.0000,3243.2000,3243.4000,3246.4000,3251.6000,3257.2000,3,1,2,1,2,2,1,1,1,3
SF,IH2103,2020-08-03 09:34:04.300,3238.8000,2001,0,54630480.000,0,-,-,-,-,3237.4000,3237.2000,3237.0000,3235.4000,3234.0000,3246.4000,3251.6000,3257.8000,3258.0000,3262.4000,1,2,3,1,2,1,1,1,1,1
SF,IH2103,2020-08-03 09:34:04.800,3238.8000,2001,0,54630480.000,0,-,-,-,-,3237.8000,3237.6000,3237.4000,3235.4000,3234.0000,3246.0000,3246.2000,3246.4000,3251.6000,3257.8000,2,2,1,1,2,2,2,1,1,1
SF,IH2103,2020-08-03 09:34:05.300,3238.8000,2001,0,54630480.000,0,-,-,-,-,3238.2000,3238.0000,3237.8000,3235.4000,3220.0000,3245.8000,3246.0000,3246.2000,3246.4000,3247.6000,1,2,2,1,1,1,2,1,1,1
SF,IH2103,2020-08-03 09:34:05.800,3238.8000,2001,0,54630480.000,0,-,-,-,-,3238.6000,3238.4000,3238.2000,3235.4000,3220.0000,3245.6000,3245.8000,3246.2000,3247.6000,3251.6000,2,2,2,1,1,1,1,1,1,1
SF,IH2103,2020-08-03 09:34:06.300,3238.8000,2001,0,54630480.000,0,-,-,-,-,3239.4000,3239.0000,3238.8000,3238.6000,3220.0000,3245.4000,3245.6000,3246.2000,3247.6000,3251.6000,1,1,2,2,1,2,1,1,1,1
SF,IH2103,2020-08-03 09:34:06.800,3238.8000,2001,0,54630480.000,0,-,-,-,-,3239.8000,3239.6000,3239.4000,3239.0000,3220.0000,3245.4000,3246.2000,3247.6000,3251.6000,3257.8000,3,1,1,1,1,2,1,1,1,1
SF,IH2103,2020-08-03 09:34:07.300,3238.8000,2001,0,54630480.000,0,-,-,-,-,3239.8000,3239.6000,3239.4000,3239.0000,3220.0000,3245.4000,3246.2000,3247.6000,3251.6000,3257.8000,2,1,1,1,1,2,1,1,1,1
SF,IH2103,2020-08-03 09:34:07.800,3238.8000,2001,0,54630480.000,0,-,-,-,-,3239.8000,3239.6000,3220.0000,3219.0000,3212.4000,3245.0000,3245.4000,3246.2000,3247.6000,3251.6000,2,1,1,8,1,1,2,1,1,1
SF,IH2103,2020-08-03 09:34:08.300,3239.8000,2001,0,55602420.000,1,0,1,多换,S,3239.6000,3220.0000,3219.0000,3212.4000,3176.6000,3245.0000,3246.2000,3247.6000,3251.6000,3257.8000,1,1,8,1,1,1,1,1,1,1
SF,IH2103,2020-08-03 09:34:08.800,3239.8000,2001,0,55602420.000,0,-,-,-,-,3220.0000,3219.0000,3212.4000,3176.6000,3147.8000,3244.4000,3244.6000,3245.0000,3246.2000,3247.6000,1,8,1,1,1,1,1,1,1,1
SF,IH2103,2020-08-03 09:34:09.300,3239.8000,2001,0,55602420.000,0,-,-,-,-,3231.6000,3228.6000,3221.8000,3220.4000,3220.2000,3244.2000,3244.4000,3244.6000,3245.0000,3246.2000,1,1,1,2,3,2,1,1,1,1
SF,IH2103,2020-08-03 09:34:09.800,3239.8000,2001,0,55602420.000,0,-,-,-,-,3233.2000,3232.2000,3232.0000,3231.8000,3231.6000,3243.6000,3244.0000,3244.2000,3246.2000,3247.6000,1,1,2,1,1,1,2,2,1,1
SF,IH2103,2020-08-03 09:34:10.300,3239.8000,2001,0,55602420.000,0,-,-,-,-,3233.6000,3233.4000,3233.2000,3231.6000,3228.6000,3243.4000,3243.6000,3244.0000,3246.2000,3251.6000,2,1,1,1,1,2,1,2,1,1
SF,IH2103,2020-08-03 09:34:10.800,3239.8000,2001,0,55602420.000,0,-,-,-,-,3235.2000,3234.0000,3233.8000,3233.6000,3233.2000,3243.4000,3246.2000,3251.6000,3257.8000,3258.0000,1,1,1,2,1,2,1,1,1,1
SF,IH2103,2020-08-03 09:34:11.300,3239.8000,2001,0,55602420.000,0,-,-,-,-,3235.6000,3235.4000,3235.2000,3233.6000,3233.2000,3242.8000,3243.4000,3246.2000,3251.6000,3257.8000,1,1,1,1,1,1,2,1,1,1
SF,IH2103,2020-08-03 09:34:11.800,3239.8000,2001,0,55602420.000,0,-,-,-,-,3235.8000,3235.6000,3235.2000,3233.6000,3233.2000,3242.6000,3242.8000,3246.2000,3251.6000,3257.8000,2,1,1,1,1,2,1,1,1,1
SF,IH2103,2020-08-03 09:34:12.300,3239.8000,2001,0,55602420.000,0,-,-,-,-,3236.2000,3235.8000,3233.6000,3233.2000,3231.6000,3242.6000,3246.2000,3251.6000,3257.8000,3258.0000,1,2,1,1,1,2,1,1,1,1
SF,IH2103,2020-08-03 09:34:12.800,3239.8000,2001,0,55602420.000,0,-,-,-,-,3236.4000,3236.2000,3233.6000,3233.2000,3231.6000,3242.0000,3242.2000,3242.6000,3246.2000,3251.6000,1,1,1,1,1,1,1,2,1,1
SF,IH2103,2020-08-03 09:34:13.300,3239.8000,2001,0,55602420.000,0,-,-,-,-,3236.6000,3233.6000,3231.6000,3228.6000,3220.2000,3241.8000,3242.0000,3246.2000,3251.6000,3257.8000,1,1,1,1,2,1,1,1,1,1
SF,IH2103,2020-08-03 09:34:13.800,3239.8000,2001,0,55602420.000,0,-,-,-,-,3233.6000,3220.2000,3220.0000,3219.0000,3212.4000,3241.4000,3241.8000,3246.2000,3251.6000,3257.8000,1,2,1,8,1,1,1,1,1,1
SF,IH2103,2020-08-03 09:34:14.300,3239.8000,2001,0,55602420.000,0,-,-,-,-,3234.0000,3233.8000,3220.2000,3220.0000,3219.0000,3240.6000,3241.2000,3241.4000,3246.2000,3251.6000,1,3,2,1,8,1,1,1,1,1
SF,IH2103,2020-08-03 09:34:14.800,3239.8000,2001,0,55602420.000,0,-,-,-,-,3234.2000,3234.0000,3220.2000,3220.0000,3219.0000,3240.4000,3240.6000,3246.2000,3251.6000,3257.8000,1,1,2,1,8,2,1,1,1,1
SF,IH2103,2020-08-03 09:34:15.300,3239.8000,2001,0,55602420.000,0,-,-,-,-,3234.0000,3230.2000,3220.2000,3220.0000,3219.0000,3240.0000,3240.4000,3240.6000,3246.2000,3251.6000,1,1,2,1,8,1,2,1,1,1
SF,IH2103,2020-08-03 09:34:15.800,3239.8000,2001,0,55602420.000,0,-,-,-,-,3230.2000,3220.2000,3220.0000,3219.0000,3212.4000,3239.8000,3240.0000,3240.6000,3246.2000,3251.6000,1,2,1,8,1,2,1,1,1,1
SF,IH2103,2020-08-03 09:34:16.300,3239.8000,2001,0,55602420.000,0,-,-,-,-,3230.8000,3230.6000,3230.4000,3230.2000,3220.2000,3239.8000,3246.2000,3251.6000,3257.8000,3258.0000,1,2,1,1,2,2,1,1,1,1
SF,IH2103,2020-08-03 09:34:16.800,3239.8000,2001,0,55602420.000,0,-,-,-,-,3231.2000,3231.0000,3230.8000,3230.2000,3220.2000,3238.8000,3239.4000,3239.8000,3246.2000,3251.6000,2,1,1,1,1,1,1,2,1,1
SF,IH2103,2020-08-03 09:34:17.300,3239.8000,2001,0,55602420.000,0,-,-,-,-,3231.4000,3231.2000,3230.2000,3220.2000,3220.0000,3238.6000,3238.8000,3246.2000,3251.6000,3257.8000,1,2,1,1,1,2,1,1,1,1
SF,IH2103,2020-08-03 09:34:17.800,3239.8000,2001,0,55602420.000,0,-,-,-,-,3231.8000,3231.4000,3230.2000,3220.2000,3220.0000,3238.6000,3238.8000,3246.2000,3251.6000,3257.8000,1,1,1,1,1,3,1,1,1,1
SF,IH2103,2020-08-03 09:34:18.300,3239.8000,2001,0,55602420.000,0,-,-,-,-,3231.8000,3230.2000,3220.2000,3220.0000,3219.0000,3237.4000,3238.6000,3246.2000,3251.6000,3257.8000,1,1,1,1,8,1,3,1,1,1
SF,IH2103,2020-08-03 09:34:18.800,3237.4000,2000,-1,56573640.000,1,0,1,双平,S,3232.0000,3231.8000,3230.2000,3220.2000,3220.0000,3237.0000,3237.4000,3238.6000,3246.2000,3251.6000,1,1,1,1,1,1,1,1,1,1
SF,IH2103,2020-08-03 09:34:19.300,3237.0000,1999,-1,57544740.000,1,0,1,双平,S,3232.0000,3231.8000,3230.2000,3220.2000,3220.0000,3236.8000,3237.0000,3237.4000,3238.6000,3246.2000,1,1,1,1,1,1,1,1,1,1
SF,IH2103,2020-08-03 09:34:19.800,3237.0000,1999,0,57544740.000,0,-,-,-,-,3232.0000,3230.2000,3220.2000,3220.0000,3219.0000,3235.6000,3236.8000,3238.6000,3246.2000,3251.6000,1,1,1,1,8,1,1,1,1,1
